{"id":"gen9vgc2023regulationc-1859001035","p1":"Emeryz","p2":"Qwhehey","format":"[Gen 9] VGC 2023 Regulation C","log":"|j|\u2606Emeryz\n|j|\u2606Qwhehey\n|t:|1683392869\n|gametype|doubles\n|player|p1|Emeryz|1|1000\n|player|p2|Qwhehey|169|1036\n|teamsize|p1|6\n|teamsize|p2|6\n|gen|9\n|tier|[Gen 9] VGC 2023 Regulation C\n|rated|\n|rule|Species Clause: Limit one of each Pok\u00e9mon\n|rule|Item Clause: Limit one of each item\n|clearpoke\n|poke|p1|Wo-Chien, L50|\n|poke|p1|Toxicroak, L50, F|\n|poke|p1|Sylveon, L50, F|\n|poke|p1|Toedscruel, L50, F|\n|poke|p1|Tatsugiri, L50, M|\n|poke|p1|Dondozo, L50, F|\n|poke|p2|Torkoal, L50, M|\n|poke|p2|Great Tusk, L50|\n|poke|p2|Flutter Mane, L50|\n|poke|p2|Lilligant, L50, F|\n|poke|p2|Tropius, L50, M|\n|poke|p2|Talonflame, L50, M|\n|teampreview|4\n|inactive|Battle timer is ON: inactive players will automatically lose when time's up. (requested by Qwhehey)\n|\n|t:|1683392907\n|start\n|switch|p1a: Toedscruel|Toedscruel, L50, F|100\/100\n|switch|p1b: Tatsugiri|Tatsugiri, L50, M|100\/100\n|switch|p2a: Talonflame|Talonflame, L50, M, shiny|100\/100\n|switch|p2b: Tropius|Tropius, L50, M, shiny|100\/100\n|turn|1\n|inactive|Emeryz has 30 seconds left.\n|inactive|Emeryz has 20 seconds left.\n|\n|t:|1683392945\n|-terastallize|p1b: Tatsugiri|Ground\n|move|p2b: Tropius|Protect|p2b: Tropius\n|-singleturn|p2b: Tropius|Protect\n|move|p2a: Talonflame|Tailwind|p2a: Talonflame\n|-sidestart|p2: Qwhehey|move: Tailwind\n|move|p1a: Toedscruel|Absorb|p1b: Tatsugiri\n|-supereffective|p1b: Tatsugiri\n|-damage|p1b: Tatsugiri|85\/100\n|-enditem|p1b: Tatsugiri|Weakness Policy\n|-boost|p1b: Tatsugiri|atk|2|[from] item: Weakness Policy\n|-boost|p1b: Tatsugiri|spa|2|[from] item: Weakness Policy\n|move|p1b: Tatsugiri|Surf|p2b: Tropius|[spread] p1a,p2a\n|-activate|p2b: Tropius|move: Protect\n|-supereffective|p2a: Talonflame\n|-damage|p1a: Toedscruel|44\/100\n|-damage|p2a: Talonflame|0 fnt\n|faint|p2a: Talonflame\n|\n|upkeep\n|\n|t:|1683392961\n|switch|p2a: Torkoal|Torkoal, L50, M, shiny|100\/100\n|-weather|SunnyDay|[from] ability: Drought|[of] p2a: Torkoal\n|turn|2\n|inactive|Emeryz has 30 seconds left.\n|inactive|Qwhehey has 30 seconds left.\n|inactive|Emeryz has 20 seconds left.\n|\n|t:|1683392999\n|move|p1b: Tatsugiri|Protect|p1b: Tatsugiri\n|-singleturn|p1b: Tatsugiri|Protect\n|move|p2b: Tropius|Solar Beam||[still]\n|-prepare|p2b: Tropius|Solar Beam\n|-anim|p2b: Tropius|Solar Beam|p1a: Toedscruel\n|-damage|p1a: Toedscruel|0 fnt\n|faint|p1a: Toedscruel\n|move|p2a: Torkoal|Solar Beam||[still]\n|-prepare|p2a: Torkoal|Solar Beam\n|-anim|p2a: Torkoal|Solar Beam|p1b: Tatsugiri\n|-activate|p1b: Tatsugiri|move: Protect\n|\n|-weather|SunnyDay|[upkeep]\n|-damage|p2b: Tropius|88\/100|[from] ability: Solar Power|[of] p2b: Tropius\n|upkeep\n|\n|t:|1683393018\n|switch|p1a: Toxicroak|Toxicroak, L50, F|100\/100\n|turn|3\n|\n|t:|1683393032\n|move|p2b: Tropius|Protect|p2b: Tropius\n|-singleturn|p2b: Tropius|Protect\n|move|p2a: Torkoal|Protect|p2a: Torkoal\n|-singleturn|p2a: Torkoal|Protect\n|move|p1a: Toxicroak|Fake Out|p2a: Torkoal\n|-activate|p2a: Torkoal|move: Protect\n|move|p1b: Tatsugiri|Surf|p2b: Tropius|[spread] \n|-activate|p2a: Torkoal|move: Protect\n|-activate|p2b: Tropius|move: Protect\n|-immune|p1a: Toxicroak|[from] ability: Dry Skin\n|\n|-weather|SunnyDay|[upkeep]\n|-damage|p2b: Tropius|76\/100|[from] ability: Solar Power|[of] p2b: Tropius\n|-damage|p1a: Toxicroak|88\/100|[from] ability: Dry Skin|[of] p1a: Toxicroak\n|upkeep\n|turn|4\n|\n|t:|1683393054\n|move|p1b: Tatsugiri|Protect|p1b: Tatsugiri\n|-singleturn|p1b: Tatsugiri|Protect\n|move|p2b: Tropius|Giga Drain|p1b: Tatsugiri\n|-activate|p1b: Tatsugiri|move: Protect\n|move|p1a: Toxicroak|Bulldoze|p2b: Tropius|[spread] p2a\n|-activate|p1b: Tatsugiri|move: Protect\n|-immune|p2b: Tropius\n|-supereffective|p2a: Torkoal\n|-crit|p2a: Torkoal\n|-damage|p2a: Torkoal|67\/100\n|-unboost|p2a: Torkoal|spe|1\n|move|p2a: Torkoal|Heat Wave|p1b: Tatsugiri|[spread] p1a\n|-activate|p1b: Tatsugiri|move: Protect\n|-damage|p1a: Toxicroak|36\/100\n|\n|-weather|SunnyDay|[upkeep]\n|-damage|p2b: Tropius|64\/100|[from] ability: Solar Power|[of] p2b: Tropius\n|-damage|p1a: Toxicroak|24\/100|[from] ability: Dry Skin|[of] p1a: Toxicroak\n|-sideend|p2: Qwhehey|move: Tailwind\n|upkeep\n|turn|5\n|inactive|Emeryz has 30 seconds left.\n|inactive|Qwhehey has 30 seconds left.\n|inactive|Emeryz has 20 seconds left.\n|inactive|Emeryz has 15 seconds left.\n|\n|t:|1683393097\n|move|p2b: Tropius|Giga Drain|p1a: Toxicroak\n|-resisted|p1a: Toxicroak\n|-damage|p1a: Toxicroak|7\/100\n|-heal|p2b: Tropius|73\/100|[from] drain|[of] p1a: Toxicroak\n|move|p1b: Tatsugiri|Surf|p2b: Tropius|[spread] p2a,p2b\n|-heal|p1a: Toxicroak|32\/100|[from] ability: Dry Skin|[of] p1b: Tatsugiri\n|-supereffective|p2a: Torkoal\n|-resisted|p2b: Tropius\n|-damage|p2a: Torkoal|0 fnt\n|-damage|p2b: Tropius|55\/100\n|faint|p2a: Torkoal\n|move|p1a: Toxicroak|Drain Punch|p2b: Tropius\n|-resisted|p2b: Tropius\n|-damage|p2b: Tropius|35\/100\n|-heal|p1a: Toxicroak|42\/100|[from] drain|[of] p2b: Tropius\n|\n|-weather|SunnyDay|[upkeep]\n|-damage|p2b: Tropius|23\/100|[from] ability: Solar Power|[of] p2b: Tropius\n|-damage|p1a: Toxicroak|29\/100|[from] ability: Dry Skin|[of] p1a: Toxicroak\n|upkeep\n|-message|Qwhehey forfeited.\n|\n|win|Emeryz\n|raw|Emeryz's rating: 1000 → 1044<\/strong> (+44 for winning)\n|raw|Qwhehey's rating: 1036 → 1019<\/strong> (-17 for losing)\n|l|\u2606Qwhehey\n","uploadtime":1683393116,"views":8,"p1id":"emeryz","p2id":"qwhehey","formatid":"gen9vgc2023regulationc","rating":1019,"private":0,"password":""}