{"id":"gen9vgc2023regulationc-1853266087","p1":"chenjiannian","p2":"anshar_training","format":"[Gen 9] VGC 2023 Regulation C","log":"|j|\u2606chenjiannian\n|j|\u2606anshar_training\n|t:|1682657515\n|gametype|doubles\n|player|p1|chenjiannian|101|1220\n|player|p2|anshar_training|colress|1164\n|teamsize|p1|6\n|teamsize|p2|6\n|gen|9\n|tier|[Gen 9] VGC 2023 Regulation C\n|rated|\n|rule|Species Clause: Limit one of each Pok\u00e9mon\n|rule|Item Clause: Limit one of each item\n|clearpoke\n|poke|p1|Chi-Yu, L50|\n|poke|p1|Flutter Mane, L50|\n|poke|p1|Arcanine, L50, F|\n|poke|p1|Ting-Lu, L50|\n|poke|p1|Palafin, L50, M|\n|poke|p1|Amoonguss, L50, M|\n|poke|p2|Palafin, L50, M|\n|poke|p2|Flutter Mane, L50|\n|poke|p2|Arcanine, L50, M|\n|poke|p2|Amoonguss, L50, M|\n|poke|p2|Ting-Lu, L50|\n|poke|p2|Roaring Moon, L50|\n|teampreview|4\n|inactive|Battle timer is ON: inactive players will automatically lose when time's up. (requested by chenjiannian)\n|inactive|anshar_training has 60 seconds left.\n|\n|t:|1682657562\n|start\n|switch|p1a: Palafin|Palafin, L50, M|100\/100\n|switch|p1b: Arcanine|Arcanine, L50, F|100\/100\n|switch|p2a: PlusUltra|Palafin, L50, M|100\/100\n|switch|p2b: Apolo|Arcanine, L50, M|100\/100\n|-ability|p1b: Arcanine|Intimidate|boost\n|-unboost|p2a: PlusUltra|atk|1\n|-unboost|p2b: Apolo|atk|1\n|-ability|p2b: Apolo|Intimidate|boost\n|-unboost|p1a: Palafin|atk|1\n|-unboost|p1b: Arcanine|atk|1\n|turn|1\n|inactive|chenjiannian has 30 seconds left.\n|inactive|anshar_training has 30 seconds left.\n|inactive|anshar_training has 20 seconds left.\n|\n|t:|1682657601\n|detailschange|p2a: PlusUltra|Palafin-Hero, L50, M\n|switch|p2a: Susy|Amoonguss, L50, M|100\/100\n|detailschange|p1a: Palafin|Palafin-Hero, L50, M\n|switch|p1a: Flutter Mane|Flutter Mane, L50|100\/100\n|-enditem|p1a: Flutter Mane|Booster Energy\n|-activate|p1a: Flutter Mane|ability: Protosynthesis|[fromitem]\n|-start|p1a: Flutter Mane|protosynthesisspa\n|move|p1b: Arcanine|Will-O-Wisp|p2a: Susy\n|-status|p2a: Susy|brn\n|move|p2b: Apolo|Flare Blitz|p1a: Flutter Mane\n|-damage|p1a: Flutter Mane|37\/100\n|-damage|p2b: Apolo|86\/100|[from] Recoil\n|\n|-damage|p2a: Susy|95\/100 brn|[from] brn\n|upkeep\n|turn|2\n|\n|t:|1682657626\n|move|p2a: Susy|Protect|p2a: Susy\n|-singleturn|p2a: Susy|Protect\n|move|p1a: Flutter Mane|Shadow Ball|p2b: Apolo\n|-damage|p2b: Apolo|22\/100\n|-unboost|p2b: Apolo|spd|1\n|move|p1b: Arcanine|Flare Blitz|p2a: Susy\n|-activate|p2a: Susy|move: Protect\n|move|p2b: Apolo|Flare Blitz|p1a: Flutter Mane\n|-damage|p1a: Flutter Mane|0 fnt\n|faint|p1a: Flutter Mane\n|-end|p1a: Flutter Mane|Protosynthesis|[silent]\n|-damage|p2b: Apolo|13\/100|[from] Recoil\n|\n|-damage|p2a: Susy|89\/100 brn|[from] brn\n|upkeep\n|\n|t:|1682657642\n|switch|p1a: Palafin|Palafin-Hero, L50, M|100\/100\n|-activate|p1a: Palafin|ability: Zero to Hero\n|turn|3\n|inactive|anshar_training has 30 seconds left.\n|inactive|anshar_training has 20 seconds left.\n|\n|t:|1682657678\n|-terastallize|p2b: Apolo|Grass\n|move|p1b: Arcanine|Flare Blitz|p2a: Susy\n|-supereffective|p2a: Susy\n|-damage|p2a: Susy|38\/100 brn\n|-enditem|p2a: Susy|Sitrus Berry|[eat]\n|-heal|p2a: Susy|63\/100 brn|[from] item: Sitrus Berry\n|-damage|p1b: Arcanine|82\/100|[from] Recoil\n|move|p2b: Apolo|Will-O-Wisp|p1a: Palafin\n|-status|p1a: Palafin|brn\n|move|p1a: Palafin|Ice Punch|p2a: Susy\n|-supereffective|p2a: Susy\n|-damage|p2a: Susy|37\/100 brn\n|move|p2a: Susy|Pollen Puff|p2b: Apolo\n|-heal|p2b: Apolo|63\/100\n|\n|-damage|p1a: Palafin|95\/100 brn|[from] brn\n|-damage|p2a: Susy|31\/100 brn|[from] brn\n|upkeep\n|turn|4\n|inactive|anshar_training has 30 seconds left.\n|\n|t:|1682657705\n|switch|p2a: PlusUltra|Palafin-Hero, L50, M|100\/100\n|-activate|p2a: PlusUltra|ability: Zero to Hero\n|move|p2b: Apolo|Extreme Speed|p1b: Arcanine\n|-crit|p1b: Arcanine\n|-damage|p1b: Arcanine|45\/100\n|move|p1b: Arcanine|Will-O-Wisp|p2b: Apolo\n|-status|p2b: Apolo|brn\n|move|p1a: Palafin|Ice Punch|p2a: PlusUltra\n|-resisted|p2a: PlusUltra\n|-damage|p2a: PlusUltra|94\/100\n|\n|-damage|p2b: Apolo|57\/100 brn|[from] brn\n|-damage|p1a: Palafin|89\/100 brn|[from] brn\n|upkeep\n|turn|5\n|inactive|anshar_training has 30 seconds left.\n|inactive|anshar_training has 20 seconds left.\n|inactive|anshar_training has 15 seconds left.\n|inactive|anshar_training has 10 seconds left.\n|\n|t:|1682657750\n|switch|p1b: Amoonguss|Amoonguss, L50, M|100\/100\n|move|p2b: Apolo|Extreme Speed|p1a: Palafin\n|-damage|p1a: Palafin|83\/100 brn\n|move|p2a: PlusUltra|Jet Punch|p1b: Amoonguss\n|-resisted|p1b: Amoonguss\n|-damage|p1b: Amoonguss|84\/100\n|move|p1a: Palafin|Ice Punch|p2b: Apolo\n|-supereffective|p2b: Apolo\n|-damage|p2b: Apolo|27\/100 brn\n|\n|-damage|p2b: Apolo|21\/100 brn|[from] brn\n|-damage|p1a: Palafin|77\/100 brn|[from] brn\n|upkeep\n|turn|6\n|\n|t:|1682657772\n|move|p2a: PlusUltra|Protect|p2a: PlusUltra\n|-singleturn|p2a: PlusUltra|Protect\n|move|p2b: Apolo|Flare Blitz|p1b: Amoonguss\n|-supereffective|p1b: Amoonguss\n|-damage|p1b: Amoonguss|59\/100\n|-damage|p2b: Apolo|12\/100 brn|[from] Recoil\n|move|p1a: Palafin|Ice Punch|p2b: Apolo\n|-supereffective|p2b: Apolo\n|-damage|p2b: Apolo|0 fnt\n|faint|p2b: Apolo\n|move|p1b: Amoonguss|Pollen Puff|p2a: PlusUltra\n|-activate|p2a: PlusUltra|move: Protect\n|\n|-damage|p1a: Palafin|71\/100 brn|[from] brn\n|upkeep\n|inactive|anshar_training has 30 seconds left.\n|\n|t:|1682657798\n|switch|p2b: Cornelia|Flutter Mane, L50|100\/100\n|turn|7\n|\n|t:|1682657815\n|move|p1a: Palafin|Protect|p1a: Palafin\n|-singleturn|p1a: Palafin|Protect\n|move|p2b: Cornelia|Dazzling Gleam|p1b: Amoonguss|[spread] p1b\n|-activate|p1a: Palafin|move: Protect\n|-resisted|p1b: Amoonguss\n|-damage|p1b: Amoonguss|37\/100\n|-enditem|p1b: Amoonguss|Sitrus Berry|[eat]\n|-heal|p1b: Amoonguss|62\/100|[from] item: Sitrus Berry\n|move|p2a: PlusUltra|Wave Crash|p1b: Amoonguss\n|-resisted|p1b: Amoonguss\n|-damage|p1b: Amoonguss|28\/100\n|-damage|p2a: PlusUltra|81\/100|[from] Recoil\n|move|p1b: Amoonguss|Spore|p2b: Cornelia\n|-status|p2b: Cornelia|slp|[from] move: Spore\n|\n|-damage|p1a: Palafin|65\/100 brn|[from] brn\n|upkeep\n|turn|8\n|\n|t:|1682657836\n|cant|p2b: Cornelia|slp\n|move|p2a: PlusUltra|Wave Crash|p1b: Amoonguss\n|-resisted|p1b: Amoonguss\n|-damage|p1b: Amoonguss|0 fnt\n|faint|p1b: Amoonguss\n|-damage|p2a: PlusUltra|71\/100|[from] Recoil\n|move|p1a: Palafin|Wave Crash|p2b: Cornelia\n|-damage|p2b: Cornelia|27\/100 slp\n|-damage|p1a: Palafin|48\/100 brn|[from] Recoil\n|\n|-damage|p1a: Palafin|43\/100 brn|[from] brn\n|upkeep\n|\n|t:|1682657847\n|switch|p1b: Arcanine|Arcanine, L50, F|45\/100\n|-ability|p1b: Arcanine|Intimidate|boost\n|-unboost|p2a: PlusUltra|atk|1\n|-unboost|p2b: Cornelia|atk|1\n|turn|9\n|\n|t:|1682657863\n|-terastallize|p1b: Arcanine|Water\n|cant|p2b: Cornelia|slp\n|move|p1b: Arcanine|Will-O-Wisp|p2a: PlusUltra\n|-status|p2a: PlusUltra|brn\n|move|p2a: PlusUltra|Wave Crash|p1b: Arcanine\n|-resisted|p1b: Arcanine\n|-damage|p1b: Arcanine|27\/100\n|-damage|p2a: PlusUltra|65\/100 brn|[from] Recoil\n|move|p1a: Palafin|Wave Crash|p2b: Cornelia\n|-damage|p2b: Cornelia|0 fnt\n|faint|p2b: Cornelia\n|-end|p2b: Cornelia|Protosynthesis|[silent]\n|-damage|p1a: Palafin|36\/100 brn|[from] Recoil\n|\n|-damage|p2a: PlusUltra|59\/100 brn|[from] brn\n|-damage|p1a: Palafin|30\/100 brn|[from] brn\n|upkeep\n|\n|t:|1682657878\n|switch|p2b: Susy|Amoonguss, L50, M|64\/100 brn\n|turn|10\n|inactive|anshar_training has 30 seconds left.\n|\n|t:|1682657909\n|move|p1b: Arcanine|Morning Sun|p1b: Arcanine\n|-heal|p1b: Arcanine|77\/100\n|move|p2a: PlusUltra|Wave Crash|p1b: Arcanine\n|-resisted|p1b: Arcanine\n|-damage|p1b: Arcanine|59\/100\n|-damage|p2a: PlusUltra|54\/100 brn|[from] Recoil\n|move|p1a: Palafin|Ice Punch|p2b: Susy\n|-supereffective|p2b: Susy\n|-damage|p2b: Susy|37\/100 brn\n|move|p2b: Susy|Spore||[still]\n|-fail|p2b: Susy\n|\n|-damage|p2a: PlusUltra|48\/100 brn|[from] brn\n|-damage|p1a: Palafin|25\/100 brn|[from] brn\n|-damage|p2b: Susy|31\/100 brn|[from] brn\n|upkeep\n|turn|11\n|inactive|chenjiannian has 30 seconds left.\n|\n|t:|1682657935\n|move|p2a: PlusUltra|Jet Punch|p1a: Palafin\n|-resisted|p1a: Palafin\n|-damage|p1a: Palafin|17\/100 brn\n|move|p1b: Arcanine|Flare Blitz|p2b: Susy\n|-supereffective|p2b: Susy\n|-damage|p2b: Susy|0 fnt\n|faint|p2b: Susy\n|-damage|p1b: Arcanine|48\/100|[from] Recoil\n|move|p1a: Palafin|Ice Punch|p2a: PlusUltra\n|-resisted|p2a: PlusUltra\n|-damage|p2a: PlusUltra|41\/100 brn\n|\n|-damage|p2a: PlusUltra|35\/100 brn|[from] brn\n|-damage|p1a: Palafin|12\/100 brn|[from] brn\n|upkeep\n|turn|12\n|\n|t:|1682657954\n|move|p1a: Palafin|Protect|p1a: Palafin\n|-singleturn|p1a: Palafin|Protect\n|move|p2a: PlusUltra|Jet Punch|p1a: Palafin\n|-activate|p1a: Palafin|move: Protect\n|move|p1b: Arcanine|Morning Sun|p1b: Arcanine\n|-heal|p1b: Arcanine|98\/100\n|\n|-damage|p2a: PlusUltra|29\/100 brn|[from] brn\n|-damage|p1a: Palafin|6\/100 brn|[from] brn\n|upkeep\n|turn|13\n|\n|t:|1682657967\n|move|p1b: Arcanine|Extreme Speed|p2a: PlusUltra\n|-damage|p2a: PlusUltra|9\/100 brn\n|move|p1a: Palafin|Jet Punch|p2a: PlusUltra\n|-resisted|p2a: PlusUltra\n|-damage|p2a: PlusUltra|0 fnt\n|faint|p2a: PlusUltra\n|\n|win|chenjiannian\n|raw|chenjiannian's rating: 1220 → 1241<\/strong> (+21 for winning)\n|raw|anshar_training's rating: 1164 → 1143<\/strong> (-21 for losing)\n","uploadtime":1682657972,"views":11,"p1id":"chenjiannian","p2id":"anshartraining","formatid":"gen9vgc2023regulationc","rating":1143,"private":0,"password":""}