{"id":"gen9vgc2023regulationc-1851877784","p1":"bennoVGC","p2":"amoave","format":"[Gen 9] VGC 2023 Regulation C","log":"|j|\u2606bennoVGC\n|j|\u2606amoave\n|t:|1682499364\n|gametype|doubles\n|player|p1|bennoVGC|170|1425\n|player|p2|amoave|2|1312\n|teamsize|p1|6\n|teamsize|p2|6\n|gen|9\n|tier|[Gen 9] VGC 2023 Regulation C\n|rated|\n|rule|Species Clause: Limit one of each Pok\u00e9mon\n|rule|Item Clause: Limit one of each item\n|clearpoke\n|poke|p1|Palafin, L50, F|\n|poke|p1|Arcanine, L50, F|\n|poke|p1|Flutter Mane, L50|\n|poke|p1|Amoonguss, L50, F|\n|poke|p1|Ting-Lu, L50|\n|poke|p1|Pawmot, L50, F|\n|poke|p2|Volcarona, L50, M|\n|poke|p2|Wo-Chien, L50|\n|poke|p2|Chi-Yu, L50|\n|poke|p2|Flutter Mane, L50|\n|poke|p2|Azumarill, L50, M|\n|poke|p2|Sandy Shocks, L50|\n|teampreview|4\n|inactive|Battle timer is ON: inactive players will automatically lose when time's up. (requested by amoave)\nbennoVGC has agreed to open team sheets.\namoave has agreed to open team sheets.\n|inactive|bennoVGC has 60 seconds left.\n|inactive|amoave has 60 seconds left.\n|inactive|amoave has 30 seconds left.\n|\n|t:|1682499427\n|start\n|switch|p1a: Palafin|Palafin, L50, F, shiny|100\/100\n|switch|p1b: Flutter Mane|Flutter Mane, L50, shiny|100\/100\n|switch|p2a: Volcarona|Volcarona, L50, M|100\/100\n|switch|p2b: Flutter Mane|Flutter Mane, L50|100\/100\n|-enditem|p2b: Flutter Mane|Booster Energy\n|-activate|p2b: Flutter Mane|ability: Protosynthesis|[fromitem]\n|-start|p2b: Flutter Mane|protosynthesisspe\n|turn|1\n|inactive|bennoVGC has 30 seconds left.\n|inactive|bennoVGC has 20 seconds left.\n|\n|t:|1682499466\n|detailschange|p1a: Palafin|Palafin-Hero, L50, F, shiny\n|switch|p1a: Amoonguss|Amoonguss, L50, F, shiny|100\/100\n|-terastallize|p2a: Volcarona|Water\n|move|p2b: Flutter Mane|Icy Wind|p1b: Flutter Mane|[spread] p1a,p1b\n|-supereffective|p1a: Amoonguss\n|-damage|p1a: Amoonguss|75\/100\n|-damage|p1b: Flutter Mane|87\/100\n|-unboost|p1a: Amoonguss|spe|1\n|-unboost|p1b: Flutter Mane|spe|1\n|move|p2a: Volcarona|Quiver Dance|p2a: Volcarona\n|-boost|p2a: Volcarona|spa|1\n|-boost|p2a: Volcarona|spd|1\n|-boost|p2a: Volcarona|spe|1\n|move|p1b: Flutter Mane|Shadow Ball|p2b: Flutter Mane\n|-supereffective|p2b: Flutter Mane\n|-damage|p2b: Flutter Mane|0 fnt\n|faint|p2b: Flutter Mane\n|-end|p2b: Flutter Mane|Protosynthesis|[silent]\n|\n|upkeep\n|inactive|amoave has 30 seconds left.\n|\n|t:|1682499493\n|switch|p2b: Azumarill|Azumarill, L50, M, shiny|100\/100\n|turn|2\n|\n|t:|1682499506\n|-terastallize|p1a: Amoonguss|Water\n|move|p2a: Volcarona|Heat Wave|p1a: Amoonguss|[spread] \n|-miss|p2a: Volcarona|p1a: Amoonguss\n|-miss|p2a: Volcarona|p1b: Flutter Mane\n|move|p1b: Flutter Mane|Shadow Ball|p2b: Azumarill\n|-damage|p2b: Azumarill|41\/100\n|move|p2b: Azumarill|Liquidation|p1b: Flutter Mane\n|-damage|p1b: Flutter Mane|0 fnt\n|faint|p1b: Flutter Mane\n|-end|p1b: Flutter Mane|Protosynthesis|[silent]\n|move|p1a: Amoonguss|Spore|p2a: Volcarona\n|-status|p2a: Volcarona|slp|[from] move: Spore\n|\n|upkeep\n|\n|t:|1682499523\n|switch|p1b: Pawmot|Pawmot, L50, F, shiny|100\/100\n|turn|3\n|\n|t:|1682499541\n|switch|p2b: Wo-Chien|Wo-Chien, L50|100\/100\n|-ability|p2b: Wo-Chien|Tablets of Ruin\n|move|p1a: Amoonguss|Rage Powder|p1a: Amoonguss\n|-singleturn|p1a: Amoonguss|move: Rage Powder\n|cant|p2a: Volcarona|slp\n|move|p1b: Pawmot|Double Shock|p2a: Volcarona\n|-supereffective|p2a: Volcarona\n|-damage|p2a: Volcarona|0 fnt\n|-start|p1b: Pawmot|typechange|???\/Fighting|[from] move: Double Shock\n|-status|p1b: Pawmot|brn|[from] ability: Flame Body|[of] p2a: Volcarona\n|faint|p2a: Volcarona\n|\n|-damage|p1b: Pawmot|94\/100 brn|[from] brn\n|upkeep\n|\n|t:|1682499556\n|switch|p2a: Azumarill|Azumarill, L50, M, shiny|41\/100\n|turn|4\n|\n|t:|1682499572\n|move|p1b: Pawmot|Revival Blessing|p1b: Pawmot\n|\n|t:|1682499573\n|-heal|p1: Flutter Mane|50\/100|[from] move: Revival Blessing\n|move|p2b: Wo-Chien|Pollen Puff|p2a: Azumarill\n|-heal|p2a: Azumarill|90\/100\n|move|p2a: Azumarill|Play Rough|p1a: Amoonguss\n|-damage|p1a: Amoonguss|20\/100\n|-unboost|p1a: Amoonguss|atk|1\n|-enditem|p1a: Amoonguss|Sitrus Berry|[eat]\n|-heal|p1a: Amoonguss|44\/100|[from] item: Sitrus Berry\n|move|p1a: Amoonguss|Spore|p2a: Azumarill\n|-status|p2a: Azumarill|slp|[from] move: Spore\n|\n|-damage|p1b: Pawmot|88\/100 brn|[from] brn\n|upkeep\n|turn|5\n|\n|t:|1682499596\n|-curestatus|p1b: Pawmot|brn|[from] ability: Natural Cure\n|switch|p1b: Flutter Mane|Flutter Mane, L50, shiny|50\/100\n|move|p2b: Wo-Chien|Protect|p2b: Wo-Chien\n|-singleturn|p2b: Wo-Chien|Protect\n|cant|p2a: Azumarill|slp\n|move|p1a: Amoonguss|Pollen Puff|p1b: Flutter Mane\n|-heal|p1b: Flutter Mane|99\/100\n|\n|upkeep\n|turn|6\n|\n|t:|1682499619\n|move|p1a: Amoonguss|Rage Powder|p1a: Amoonguss\n|-singleturn|p1a: Amoonguss|move: Rage Powder\n|move|p1b: Flutter Mane|Moonblast|p2a: Azumarill\n|-damage|p2a: Azumarill|17\/100 slp\n|-unboost|p2a: Azumarill|spa|1\n|move|p2b: Wo-Chien|Foul Play|p1a: Amoonguss\n|-damage|p1a: Amoonguss|29\/100\n|cant|p2a: Azumarill|slp\n|\n|upkeep\n|turn|7\n|\n|t:|1682499630\n|move|p1a: Amoonguss|Rage Powder|p1a: Amoonguss\n|-singleturn|p1a: Amoonguss|move: Rage Powder\n|move|p1b: Flutter Mane|Moonblast|p2a: Azumarill\n|-damage|p2a: Azumarill|0 fnt\n|faint|p2a: Azumarill\n|move|p2b: Wo-Chien|Foul Play|p1b: Flutter Mane\n|-damage|p1b: Flutter Mane|73\/100\n|\n|upkeep\n|turn|8\n|\n|t:|1682499639\n|move|p1a: Amoonguss|Rage Powder|p1a: Amoonguss\n|-singleturn|p1a: Amoonguss|move: Rage Powder\n|move|p1b: Flutter Mane|Moonblast|p2b: Wo-Chien\n|-supereffective|p2b: Wo-Chien\n|-damage|p2b: Wo-Chien|0 fnt\n|faint|p2b: Wo-Chien\n|\n|win|bennoVGC\n|raw|bennoVGC's rating: 1425 → 1439<\/strong> (+14 for winning)\n|raw|amoave's rating: 1312 → 1298<\/strong> (-14 for losing)\n","uploadtime":1682499644,"views":10,"p1id":"bennovgc","p2id":"amoave","formatid":"gen9vgc2023regulationc","rating":1298,"private":0,"password":""}