{"id":"gen9vgc2023regulationc-1859089826","p1":"PinkSylvie","p2":"sempr9","format":"[Gen 9] VGC 2023 Regulation C","log":"|j|\u2606PinkSylvie\n|j|\u2606sempr9\n|t:|1683403182\n|gametype|doubles\n|player|p1|PinkSylvie|sonia-professor|\n|player|p2|sempr9|miriam|\n|teamsize|p1|6\n|teamsize|p2|6\n|gen|9\n|tier|[Gen 9] VGC 2023 Regulation C\n|rule|Species Clause: Limit one of each Pok\u00e9mon\n|rule|Item Clause: Limit one of each item\n|clearpoke\n|poke|p1|Flutter Mane, L50|\n|poke|p1|Dragonite, L50, F|\n|poke|p1|Glimmora, L50, F|\n|poke|p1|Ting-Lu, L50|\n|poke|p1|Chi-Yu, L50|\n|poke|p1|Dondozo, L50, F|\n|poke|p2|Hatterene, L50, F|\n|poke|p2|Annihilape, L50, F|\n|poke|p2|Kingambit, L50, F|\n|poke|p2|Torkoal, L50, F|\n|poke|p2|Indeedee-F, L50, F|\n|poke|p2|Oranguru, L50, F|\n|teampreview|4\nsempr9 has agreed to open team sheets.\n|c|\u2606PinkSylvie|make public plz\nPinkSylvie has agreed to open team sheets.\n|c|\u2606PinkSylvie|g2\n|c|\u2606sempr9|\/log sempr9 made this room public.\n|l|\u2606sempr9\n|player|p2|\n|j| tyo\n|j|\u2606sempr9\n|player|p2|sempr9|miriam\n|j| Aldrich\n|j| Borghi\n|j| Gozie Mas\n|\n|t:|1683403572\n|start\n|switch|p1a: Chi-Yu|Chi-Yu, L50|100\/100\n|switch|p1b: Dondozo|Dondozo, L50, F|100\/100\n|switch|p2a: thaisonisbad|Annihilape, L50, F, shiny|100\/100\n|switch|p2b: irunthaison|Hatterene, L50, F, shiny|100\/100\n|-ability|p1a: Chi-Yu|Beads of Ruin\n|turn|1\n|c|\u2606PinkSylvie|ready?\n|c|\u2606PinkSylvie|glhf\n|\n|t:|1683403585\n|-terastallize|p2b: irunthaison|Water\n|move|p1a: Chi-Yu|Protect|p1a: Chi-Yu\n|-singleturn|p1a: Chi-Yu|Protect\n|move|p2a: thaisonisbad|Final Gambit|p1b: Dondozo\n|-damage|p1b: Dondozo|16\/100\n|faint|p2a: thaisonisbad\n|move|p1b: Dondozo|Heavy Slam|p2b: irunthaison\n|-resisted|p2b: irunthaison\n|-damage|p2b: irunthaison|84\/100\n|move|p2b: irunthaison|Trick Room|p2b: irunthaison\n|-fieldstart|move: Trick Room|[of] p2b: irunthaison\n|\n|-heal|p1b: Dondozo|22\/100|[from] item: Leftovers\n|upkeep\n|j| MichaelderBeste2\n|\n|t:|1683403594\n|switch|p2a: charismamid|Torkoal, L50, F|100\/100\n|-weather|SunnyDay|[from] ability: Drought|[of] p2a: charismamid\n|turn|2\n|j| Justified Joe\n|\n|t:|1683403614\n|move|p2a: charismamid|Eruption|p1a: Chi-Yu|[spread] p1a,p1b\n|-resisted|p1a: Chi-Yu\n|-resisted|p1b: Dondozo\n|-damage|p1a: Chi-Yu|52\/100\n|-damage|p1b: Dondozo|0 fnt\n|faint|p1b: Dondozo\n|move|p2b: irunthaison|Dazzling Gleam|p1a: Chi-Yu\n|-damage|p1a: Chi-Yu|0 fnt\n|faint|p1a: Chi-Yu\n|-damage|p2b: irunthaison|75\/100|[from] item: Life Orb\n|\n|-weather|SunnyDay|[upkeep]\n|upkeep\n|\n|t:|1683403621\n|switch|p1b: Dragonite|Dragonite, L50, F|100\/100\n|switch|p1a: Ting-Lu|Ting-Lu, L50|100\/100\n|-ability|p1a: Ting-Lu|Vessel of Ruin\n|turn|3\n|j| WillE_VGC\n|\n|t:|1683403636\n|-terastallize|p1b: Dragonite|Normal\n|move|p1b: Dragonite|Extreme Speed|p2b: irunthaison\n|-damage|p2b: irunthaison|2\/100\n|move|p2a: charismamid|Flamethrower|p1b: Dragonite\n|-damage|p1b: Dragonite|79\/100\n|move|p2b: irunthaison|Dazzling Gleam|p1b: Dragonite|[spread] p1a,p1b\n|-supereffective|p1a: Ting-Lu\n|-damage|p1a: Ting-Lu|52\/100\n|-damage|p1b: Dragonite|49\/100\n|-damage|p2b: irunthaison|0 fnt|[from] item: Life Orb\n|faint|p2b: irunthaison\n|move|p1a: Ting-Lu|Stomping Tantrum|p2a: charismamid\n|-supereffective|p2a: charismamid\n|-damage|p2a: charismamid|52\/100\n|\n|-weather|SunnyDay|[upkeep]\n|upkeep\n|\n|t:|1683403646\n|switch|p2b: thaisonsucks|Kingambit, L50, F, shiny|100\/100\n|turn|4\n|\n|t:|1683403666\n|move|p1b: Dragonite|Extreme Speed|p2a: charismamid\n|-crit|p2a: charismamid\n|-damage|p2a: charismamid|0 fnt\n|faint|p2a: charismamid\n|move|p2b: thaisonsucks|Low Kick|p1a: Ting-Lu\n|-supereffective|p1a: Ting-Lu\n|-damage|p1a: Ting-Lu|7\/100\n|-enditem|p1a: Ting-Lu|Sitrus Berry|[eat]\n|-heal|p1a: Ting-Lu|31\/100|[from] item: Sitrus Berry\n|move|p1a: Ting-Lu|Stomping Tantrum|p2b: thaisonsucks\n|-supereffective|p2b: thaisonsucks\n|-damage|p2b: thaisonsucks|57\/100\n|\n|-weather|SunnyDay|[upkeep]\n|upkeep\n|turn|5\n|\n|t:|1683403684\n|move|p1a: Ting-Lu|Protect|p1a: Ting-Lu\n|-singleturn|p1a: Ting-Lu|Protect\n|move|p1b: Dragonite|Extreme Speed|p2b: thaisonsucks\n|-resisted|p2b: thaisonsucks\n|-damage|p2b: thaisonsucks|31\/100\n|move|p2b: thaisonsucks|Low Kick|p1b: Dragonite\n|-supereffective|p1b: Dragonite\n|-damage|p1b: Dragonite|0 fnt\n|faint|p1b: Dragonite\n|\n|-weather|SunnyDay|[upkeep]\n|-fieldend|move: Trick Room\n|upkeep\n|turn|6\n|\n|t:|1683403692\n|move|p1a: Ting-Lu|Stomping Tantrum|p2b: thaisonsucks\n|-supereffective|p2b: thaisonsucks\n|-damage|p2b: thaisonsucks|0 fnt\n|faint|p2b: thaisonsucks\n|\n|win|PinkSylvie\n|c|\u2606PinkSylvie|ggs\n|c|\u2606sempr9|ff\n|c|\u2606sempr9|gg\n","uploadtime":1683403698,"views":23,"p1id":"pinksylvie","p2id":"sempr9","formatid":"gen9vgc2023regulationc","rating":0,"private":0,"password":""}