{"id":"gen9vgc2023regulationc-1851708589","p1":"Cheeseless","p2":"Kingdm23","format":"[Gen 9] VGC 2023 Regulation C","log":"|j|\u203dCheeseless\n|j|\u2606Kingdm23\n|t:|1682472598\n|gametype|doubles\n|player|p1|Cheeseless|170|1148\n|player|p2|Kingdm23|265|1203\n|teamsize|p1|6\n|teamsize|p2|6\n|gen|9\n|tier|[Gen 9] VGC 2023 Regulation C\n|rated|\n|rule|Species Clause: Limit one of each Pok\u00e9mon\n|rule|Item Clause: Limit one of each item\n|clearpoke\n|poke|p1|Palafin, L50, M|\n|poke|p1|Scream Tail, L50|\n|poke|p1|Flutter Mane, L50|\n|poke|p1|Amoonguss, L50, F|\n|poke|p1|Gothitelle, L50, F|\n|poke|p1|Pyroar, L50, M|\n|poke|p2|Meowscarada, L50, M|\n|poke|p2|Amoonguss, L50, M|\n|poke|p2|Grimmsnarl, L50, M|\n|poke|p2|Chien-Pao, L50|\n|poke|p2|Flutter Mane, L50|\n|poke|p2|Kingambit, L50, F|\n|teampreview|4\nCheeseless has agreed to open team sheets.\n|inactive|Battle timer is ON: inactive players will automatically lose when time's up. (requested by Kingdm23)\nKingdm23 has agreed to open team sheets.\n|inactive|Cheeseless has 60 seconds left.\n|inactive|Kingdm23 has 60 seconds left.\n|\n|t:|1682472652\n|start\n|switch|p1a: Flutter Mane|Flutter Mane, L50|100\/100\n|switch|p1b: Scream Tail|Scream Tail, L50, shiny|100\/100\n|switch|p2a: Kingambit|Kingambit, L50, F|100\/100\n|switch|p2b: Flutter Mane|Flutter Mane, L50|100\/100\n|-enditem|p2b: Flutter Mane|Booster Energy\n|-activate|p2b: Flutter Mane|ability: Protosynthesis|[fromitem]\n|-start|p2b: Flutter Mane|protosynthesisspe\n|-enditem|p1b: Scream Tail|Booster Energy\n|-activate|p1b: Scream Tail|ability: Protosynthesis|[fromitem]\n|-start|p1b: Scream Tail|protosynthesisspe\n|turn|1\n|inactive|Cheeseless has 30 seconds left.\n|inactive|Kingdm23 has 30 seconds left.\n|inactive|Cheeseless has 20 seconds left.\n|inactive|Kingdm23 has 20 seconds left.\n|inactive|Kingdm23 has 15 seconds left.\n|inactive|Kingdm23 has 10 seconds left.\n|\n|t:|1682472699\n|-terastallize|p1b: Scream Tail|Steel\n|-terastallize|p2a: Kingambit|Fire\n|move|p2b: Flutter Mane|Shadow Ball|p1a: Flutter Mane\n|-supereffective|p1a: Flutter Mane\n|-damage|p1a: Flutter Mane|7\/100\n|move|p1b: Scream Tail|Play Rough|p2b: Flutter Mane\n|-damage|p2b: Flutter Mane|52\/100\n|move|p1a: Flutter Mane|Shadow Ball|p2b: Flutter Mane\n|-supereffective|p2b: Flutter Mane\n|-damage|p2b: Flutter Mane|0 fnt\n|faint|p2b: Flutter Mane\n|-end|p2b: Flutter Mane|Protosynthesis|[silent]\n|move|p2a: Kingambit|Tera Blast|p1a: Flutter Mane\n|-damage|p1a: Flutter Mane|0 fnt\n|faint|p1a: Flutter Mane\n|-end|p1a: Flutter Mane|Protosynthesis|[silent]\n|\n|upkeep\n|\n|t:|1682472716\n|switch|p1a: Pyroar|Pyroar, L50, M|100\/100\n|switch|p2b: Chien-Pao|Chien-Pao, L50|100\/100\n|-ability|p1a: Pyroar|Unnerve\n|-ability|p2b: Chien-Pao|Sword of Ruin\n|turn|2\n|\n|t:|1682472736\n|move|p2b: Chien-Pao|Protect|p2b: Chien-Pao\n|-singleturn|p2b: Chien-Pao|Protect\n|move|p1b: Scream Tail|Disable|p2a: Kingambit\n|-start|p2a: Kingambit|Disable|Tera Blast\n|move|p1a: Pyroar|Flamethrower|p2b: Chien-Pao\n|-activate|p2b: Chien-Pao|move: Protect\n|cant|p2a: Kingambit|Disable|Tera Blast\n|\n|upkeep\n|turn|3\n|\n|t:|1682472758\n|switch|p2a: Meowscarada|Meowscarada, L50, M|100\/100\n|move|p1b: Scream Tail|Play Rough|p2b: Chien-Pao\n|-supereffective|p2b: Chien-Pao\n|-damage|p2b: Chien-Pao|31\/100\n|move|p2b: Chien-Pao|Sacred Sword|p1a: Pyroar\n|-supereffective|p1a: Pyroar\n|-damage|p1a: Pyroar|0 fnt\n|faint|p1a: Pyroar\n|\n|upkeep\n|\n|t:|1682472768\n|switch|p1a: Amoonguss|Amoonguss, L50, F|100\/100\n|turn|4\n|inactive|Kingdm23 has 30 seconds left.\n|inactive|Kingdm23 has 20 seconds left.\n|inactive|Kingdm23 has 15 seconds left.\n|\n|t:|1682472811\n|move|p2b: Chien-Pao|Protect|p2b: Chien-Pao\n|-singleturn|p2b: Chien-Pao|Protect\n|move|p1a: Amoonguss|Protect|p1a: Amoonguss\n|-singleturn|p1a: Amoonguss|Protect\n|move|p1b: Scream Tail|Play Rough|p2b: Chien-Pao\n|-activate|p2b: Chien-Pao|move: Protect\n|move|p2a: Meowscarada|Flower Trick|p1b: Scream Tail\n|-start|p2a: Meowscarada|typechange|Grass|[from] ability: Protean\n|-resisted|p1b: Scream Tail\n|-crit|p1b: Scream Tail\n|-damage|p1b: Scream Tail|69\/100\n|-damage|p2a: Meowscarada|91\/100|[from] item: Life Orb\n|\n|upkeep\n|turn|5\n|inactive|Kingdm23 has 30 seconds left.\n|inactive|Kingdm23 has 20 seconds left.\n|\n|t:|1682472848\n|move|p1b: Scream Tail|Play Rough|p2b: Chien-Pao\n|-supereffective|p2b: Chien-Pao\n|-damage|p2b: Chien-Pao|0 fnt\n|faint|p2b: Chien-Pao\n|move|p2a: Meowscarada|Flower Trick|p1b: Scream Tail\n|-resisted|p1b: Scream Tail\n|-crit|p1b: Scream Tail\n|-damage|p1b: Scream Tail|43\/100\n|-damage|p2a: Meowscarada|81\/100|[from] item: Life Orb\n|move|p1a: Amoonguss|Pollen Puff|p1b: Scream Tail\n|-heal|p1b: Scream Tail|93\/100\n|\n|upkeep\n|\n|t:|1682472859\n|switch|p2b: Kingambit|Kingambit, L50, F, tera:Fire|100\/100\n|turn|6\n|\n|t:|1682472869\n|move|p1b: Scream Tail|Perish Song|p1b: Scream Tail\n|-start|p1a: Amoonguss|perish3|[silent]\n|-start|p1b: Scream Tail|perish3|[silent]\n|-start|p2a: Meowscarada|perish3|[silent]\n|-start|p2b: Kingambit|perish3|[silent]\n|-fieldactivate|move: Perish Song\n|move|p2a: Meowscarada|Flower Trick|p1b: Scream Tail\n|-resisted|p1b: Scream Tail\n|-crit|p1b: Scream Tail\n|-damage|p1b: Scream Tail|70\/100\n|-damage|p2a: Meowscarada|71\/100|[from] item: Life Orb\n|move|p2b: Kingambit|Tera Blast|p1b: Scream Tail\n|-supereffective|p1b: Scream Tail\n|-damage|p1b: Scream Tail|8\/100\n|move|p1a: Amoonguss|Spore|p2b: Kingambit\n|-status|p2b: Kingambit|slp|[from] move: Spore\n|\n|-start|p1b: Scream Tail|perish3\n|-start|p2a: Meowscarada|perish3\n|-start|p2b: Kingambit|perish3\n|-start|p1a: Amoonguss|perish3\n|upkeep\n|turn|7\n|\n|t:|1682472886\n|move|p1b: Scream Tail|Protect|p1b: Scream Tail\n|-singleturn|p1b: Scream Tail|Protect\n|move|p1a: Amoonguss|Protect|p1a: Amoonguss\n|-singleturn|p1a: Amoonguss|Protect\n|move|p2a: Meowscarada|Flower Trick|p1b: Scream Tail\n|-activate|p1b: Scream Tail|move: Protect\n|cant|p2b: Kingambit|slp\n|\n|-start|p1b: Scream Tail|perish2\n|-start|p2a: Meowscarada|perish2\n|-start|p2b: Kingambit|perish2\n|-start|p1a: Amoonguss|perish2\n|upkeep\n|turn|8\n|\n|t:|1682472910\n|move|p1b: Scream Tail|Disable|p2a: Meowscarada\n|-start|p2a: Meowscarada|Disable|Flower Trick\n|cant|p2a: Meowscarada|Disable|Flower Trick\n|cant|p2b: Kingambit|slp\n|move|p1a: Amoonguss|Pollen Puff|p1b: Scream Tail\n|-heal|p1b: Scream Tail|58\/100\n|\n|-start|p1b: Scream Tail|perish1\n|-start|p2a: Meowscarada|perish1\n|-start|p2b: Kingambit|perish1\n|-start|p1a: Amoonguss|perish1\n|upkeep\n|turn|9\n|\n|t:|1682472923\n|move|p1b: Scream Tail|Protect|p1b: Scream Tail\n|-singleturn|p1b: Scream Tail|Protect\n|move|p1a: Amoonguss|Protect|p1a: Amoonguss\n|-singleturn|p1a: Amoonguss|Protect\n|move|p2a: Meowscarada|Brick Break|p1a: Amoonguss\n|-activate|p1a: Amoonguss|move: Protect\n|-curestatus|p2b: Kingambit|slp|[msg]\n|move|p2b: Kingambit|Tera Blast|p1a: Amoonguss\n|-activate|p1a: Amoonguss|move: Protect\n|\n|-start|p1b: Scream Tail|perish0\n|-start|p2a: Meowscarada|perish0\n|-start|p2b: Kingambit|perish0\n|-start|p1a: Amoonguss|perish0\n|faint|p1b: Scream Tail\n|-end|p1b: Scream Tail|Protosynthesis|[silent]\n|faint|p2a: Meowscarada\n|faint|p2b: Kingambit\n|faint|p1a: Amoonguss\n|\n|win|Cheeseless\n|upkeep\n|raw|Cheeseless's rating: 1148 → 1177<\/strong> (+29 for winning)\n|raw|Kingdm23's rating: 1203 → 1174<\/strong> (-29 for losing)\n|l|\u2606Kingdm23\n","uploadtime":1682473007,"views":12,"p1id":"cheeseless","p2id":"kingdm23","formatid":"gen9vgc2023regulationc","rating":1174,"private":0,"password":""}