{"id":"gen9vgc2023regulationc-1849268488","p1":"MarioOnPS4","p2":"hwidbeoebfb","format":"[Gen 9] VGC 2023 Regulation C","log":"|j|\u2606MarioOnPS4\n|j|\u2606hwidbeoebfb\n|t:|1682179849\n|gametype|doubles\n|player|p1|MarioOnPS4|cyrus|1292\n|player|p2|hwidbeoebfb|265|1275\n|teamsize|p1|6\n|teamsize|p2|6\n|gen|9\n|tier|[Gen 9] VGC 2023 Regulation C\n|rated|\n|rule|Species Clause: Limit one of each Pok\u00e9mon\n|rule|Item Clause: Limit one of each item\n|clearpoke\n|poke|p1|Orthworm, L50, M|\n|poke|p1|Iron Hands, L50|\n|poke|p1|Flutter Mane, L50|\n|poke|p1|Ting-Lu, L50|\n|poke|p1|Palafin, L50, M|\n|poke|p1|Arcanine, L50, M|\n|poke|p2|Sableye, L50, M|\n|poke|p2|Dragonite, L50, F|\n|poke|p2|Flutter Mane, L50|\n|poke|p2|Palafin, L50, F|\n|poke|p2|Kingambit, L50, F|\n|poke|p2|Gholdengo, L50|\n|teampreview|4\n|inactive|Battle timer is ON: inactive players will automatically lose when time's up. (requested by MarioOnPS4)\n|inactive|MarioOnPS4 has 60 seconds left.\n|inactive|MarioOnPS4 has 30 seconds left.\n|\n|t:|1682179912\n|start\n|switch|p1a: Orthworm|Orthworm, L50, M|100\/100\n|switch|p1b: Iron Hands|Iron Hands, L50|100\/100\n|switch|p2a: Sableye|Sableye, L50, M|100\/100\n|switch|p2b: Palafin|Palafin, L50, F|100\/100\n|turn|1\n|inactive|MarioOnPS4 has 30 seconds left.\n|inactive|MarioOnPS4 has 20 seconds left.\n|inactive|MarioOnPS4 has 15 seconds left.\n|\n|t:|1682179956\n|detailschange|p2b: Palafin|Palafin-Hero, L50, F\n|switch|p2b: Kingambit|Kingambit, L50, F|100\/100\n|move|p2a: Sableye|Protect|p2a: Sableye\n|-singleturn|p2a: Sableye|Protect\n|move|p1a: Orthworm|Iron Defense|p1a: Orthworm\n|-boost|p1a: Orthworm|def|2\n|move|p1b: Iron Hands|Swords Dance|p1b: Iron Hands\n|-boost|p1b: Iron Hands|atk|2\n|\n|upkeep\n|turn|2\n|inactive|MarioOnPS4 has 30 seconds left.\n|\n|t:|1682179982\n|switch|p2b: Flutter Mane|Flutter Mane, L50|100\/100\n|move|p2a: Sableye|Encore|p1b: Iron Hands\n|-start|p1b: Iron Hands|Encore\n|move|p1a: Orthworm|Body Press|p2b: Flutter Mane\n|-immune|p2b: Flutter Mane\n|move|p1b: Iron Hands|Swords Dance|p1b: Iron Hands\n|-boost|p1b: Iron Hands|atk|2\n|\n|upkeep\n|turn|3\n|inactive|MarioOnPS4 has 30 seconds left.\n|inactive|MarioOnPS4 has 20 seconds left.\n|inactive|MarioOnPS4 has 15 seconds left.\n|inactive|MarioOnPS4 has 10 seconds left.\n|\n|t:|1682180030\n|-end|p1b: Iron Hands|Quark Drive|[silent]\n|switch|p1b: Arcanine|Arcanine, L50, M|100\/100\n|-ability|p1b: Arcanine|Intimidate|boost\n|-unboost|p2a: Sableye|atk|1\n|-unboost|p2b: Flutter Mane|atk|1\n|move|p2a: Sableye|Encore|p1a: Orthworm\n|-start|p1a: Orthworm|Encore\n|move|p2b: Flutter Mane|Moonblast|p1b: Arcanine\n|-resisted|p1b: Arcanine\n|-damage|p1b: Arcanine|73\/100\n|-unboost|p1b: Arcanine|spa|1\n|move|p1a: Orthworm|Body Press|p2a: Sableye\n|-immune|p2a: Sableye\n|\n|upkeep\n|turn|4\n|inactive|hwidbeoebfb has 30 seconds left.\n|\n|t:|1682180057\n|move|p2a: Sableye|Shadow Sneak|p1b: Arcanine\n|-damage|p1b: Arcanine|66\/100\n|move|p2b: Flutter Mane|Shadow Ball|p1b: Arcanine\n|-damage|p1b: Arcanine|22\/100\n|move|p1b: Arcanine|Flare Blitz|p2b: Flutter Mane\n|-enditem|p2b: Flutter Mane|Focus Sash\n|-damage|p2b: Flutter Mane|1\/100\n|-status|p2b: Flutter Mane|brn\n|-damage|p1b: Arcanine|0 fnt|[from] Recoil\n|faint|p1b: Arcanine\n|move|p1a: Orthworm|Body Press|p2b: Flutter Mane\n|-immune|p2b: Flutter Mane\n|\n|-damage|p2b: Flutter Mane|0 fnt|[from] brn\n|faint|p2b: Flutter Mane\n|-end|p2b: Flutter Mane|Protosynthesis|[silent]\n|upkeep\n|\n|t:|1682180076\n|switch|p2b: Palafin|Palafin-Hero, L50, F|100\/100\n|switch|p1b: Iron Hands|Iron Hands, L50|100\/100\n|-activate|p2b: Palafin|ability: Zero to Hero\n|turn|5\n|\n|t:|1682180097\n|move|p2a: Sableye|Disable|p1a: Orthworm\n|-start|p1a: Orthworm|Disable|Body Press\n|move|p2b: Palafin|Wave Crash|p1b: Iron Hands\n|-damage|p1b: Iron Hands|55\/100\n|-damage|p2b: Palafin|82\/100|[from] Recoil\n|cant|p1a: Orthworm|Disable|Body Press\n|move|p1b: Iron Hands|Wild Charge|p2b: Palafin\n|-supereffective|p2b: Palafin\n|-damage|p2b: Palafin|3\/100\n|-damage|p1b: Iron Hands|39\/100|[from] Recoil\n|\n|-heal|p1b: Iron Hands|45\/100|[from] item: Leftovers\n|-end|p1a: Orthworm|Encore\n|upkeep\n|turn|6\n|inactive|MarioOnPS4 has 30 seconds left.\n|\n|t:|1682180128\n|move|p2a: Sableye|Encore|p1a: Orthworm\n|-start|p1a: Orthworm|Encore\n|move|p2b: Palafin|Wave Crash|p1b: Iron Hands\n|-crit|p1b: Iron Hands\n|-damage|p1b: Iron Hands|0 fnt\n|faint|p1b: Iron Hands\n|-end|p1b: Iron Hands|Quark Drive|[silent]\n|-damage|p2b: Palafin|0 fnt|[from] Recoil\n|faint|p2b: Palafin\n|cant|p1a: Orthworm|Disable|Body Press\n|\n|upkeep\n|\n|t:|1682180139\n|switch|p2b: Kingambit|Kingambit, L50, F|100\/100\n|switch|p1b: Flutter Mane|Flutter Mane, L50|100\/100\n|turn|7\n|\n|t:|1682180149\n|-terastallize|p1b: Flutter Mane|Fairy\n|move|p2a: Sableye|Protect|p2a: Sableye\n|-singleturn|p2a: Sableye|Protect\n|move|p1b: Flutter Mane|Moonblast|p2b: Kingambit\n|-damage|p2b: Kingambit|0 fnt\n|faint|p2b: Kingambit\n|-activate|p1a: Orthworm|move: Struggle\n|move|p1a: Orthworm|Struggle|p2a: Sableye\n|-activate|p2a: Sableye|move: Protect\n|\n|upkeep\n|turn|8\n|-message|hwidbeoebfb forfeited.\n|\n|win|MarioOnPS4\n|raw|MarioOnPS4's rating: 1292 → 1316<\/strong> (+24 for winning)\n|raw|hwidbeoebfb's rating: 1275 → 1251<\/strong> (-24 for losing)\n|l|\u2606hwidbeoebfb\n","uploadtime":1682180168,"views":6,"p1id":"marioonps4","p2id":"hwidbeoebfb","formatid":"gen9vgc2023regulationc","rating":1251,"private":0,"password":""}