{"id":"gen9vgc2023regulationc-1844909415","p1":"YakuzaStrings","p2":"nNaur777","format":"[Gen 9] VGC 2023 Regulation C","log":"|j|\u2606YakuzaStrings\n|j|\u2606nNaur777\n|t:|1681663050\n|gametype|doubles\n|player|p1|YakuzaStrings|101|1000\n|player|p2|nNaur777|102|1000\n|teamsize|p1|6\n|teamsize|p2|6\n|gen|9\n|tier|[Gen 9] VGC 2023 Regulation C\n|rated|\n|rule|Species Clause: Limit one of each Pok\u00e9mon\n|rule|Item Clause: Limit one of each item\n|clearpoke\n|poke|p1|Palafin, L50, F|\n|poke|p1|Arcanine, L50, F|\n|poke|p1|Flutter Mane, L50|\n|poke|p1|Amoonguss, L50, M|\n|poke|p1|Baxcalibur, L50, M|\n|poke|p1|Ting-Lu, L50|\n|poke|p2|Gyarados, L50, M|\n|poke|p2|Volcarona, L50, M|\n|poke|p2|Chien-Pao, L50|\n|poke|p2|Gholdengo, L50|\n|poke|p2|Flutter Mane, L50|\n|poke|p2|Tauros-Paldea-Aqua, L50, M|\n|teampreview|4\n|inactive|Battle timer is ON: inactive players will automatically lose when time's up. (requested by YakuzaStrings)\n|\n|t:|1681663084\n|start\n|switch|p1a: Ting-Lu|Ting-Lu, L50|100\/100\n|switch|p1b: Palafin|Palafin, L50, F|100\/100\n|switch|p2a: Gyarados|Gyarados, L50, M|100\/100\n|switch|p2b: Volcarona|Volcarona, L50, M|100\/100\n|-ability|p2a: Gyarados|Intimidate|boost\n|-unboost|p1a: Ting-Lu|atk|1\n|-unboost|p1b: Palafin|atk|1\n|-ability|p1a: Ting-Lu|Vessel of Ruin\n|turn|1\n|\n|t:|1681663100\n|detailschange|p1b: Palafin|Palafin-Hero, L50, F\n|switch|p1b: Arcanine|Arcanine, L50, F|100\/100\n|-ability|p1b: Arcanine|Intimidate|boost\n|-unboost|p2a: Gyarados|atk|1\n|-unboost|p2b: Volcarona|atk|1\n|-terastallize|p2b: Volcarona|Water\n|move|p2b: Volcarona|Will-O-Wisp|p1b: Arcanine\n|-immune|p1b: Arcanine\n|move|p2a: Gyarados|Waterfall|p1a: Ting-Lu\n|-supereffective|p1a: Ting-Lu\n|-damage|p1a: Ting-Lu|73\/100\n|move|p1a: Ting-Lu|Stealth Rock|p2a: Gyarados\n|-sidestart|p2: nNaur777|move: Stealth Rock\n|\n|-heal|p1a: Ting-Lu|79\/100|[from] item: Leftovers\n|upkeep\n|turn|2\n|inactive|YakuzaStrings has 30 seconds left.\n|inactive|nNaur777 has 30 seconds left.\n|\n|t:|1681663133\n|switch|p2a: Gholdengo|Gholdengo, L50|100\/100\n|-damage|p2a: Gholdengo|94\/100|[from] Stealth Rock\n|move|p2b: Volcarona|Tailwind|p2b: Volcarona\n|-sidestart|p2: nNaur777|move: Tailwind\n|move|p1b: Arcanine|Will-O-Wisp|p2a: Gholdengo\n|-immune|p2a: Gholdengo|[from] ability: Good as Gold\n|move|p1a: Ting-Lu|Ruination|p2b: Volcarona\n|-damage|p2b: Volcarona|50\/100\n|-enditem|p2b: Volcarona|Sitrus Berry|[eat]\n|-heal|p2b: Volcarona|75\/100|[from] item: Sitrus Berry\n|\n|-heal|p1a: Ting-Lu|85\/100|[from] item: Leftovers\n|upkeep\n|turn|3\n|\n|t:|1681663151\n|move|p2b: Volcarona|Rage Powder|p2b: Volcarona\n|-singleturn|p2b: Volcarona|move: Rage Powder\n|move|p2a: Gholdengo|Power Gem|p1b: Arcanine\n|-supereffective|p1b: Arcanine\n|-damage|p1b: Arcanine|66\/100\n|move|p1b: Arcanine|Flare Blitz|p2b: Volcarona\n|-resisted|p2b: Volcarona\n|-damage|p2b: Volcarona|54\/100\n|-damage|p1b: Arcanine|59\/100|[from] Recoil\n|move|p1a: Ting-Lu|Ruination|p2b: Volcarona\n|-damage|p2b: Volcarona|27\/100\n|\n|-heal|p1a: Ting-Lu|91\/100|[from] item: Leftovers\n|upkeep\n|turn|4\n|\n|t:|1681663174\n|switch|p2a: Gyarados|Gyarados, L50, M|100\/100\n|-damage|p2a: Gyarados|76\/100|[from] Stealth Rock\n|-ability|p2a: Gyarados|Intimidate|boost\n|-unboost|p1a: Ting-Lu|atk|1\n|-unboost|p1b: Arcanine|atk|1\n|move|p1b: Arcanine|Extreme Speed|p2b: Volcarona\n|-damage|p2b: Volcarona|14\/100\n|move|p2b: Volcarona|Fiery Dance|p1a: Ting-Lu\n|-damage|p1a: Ting-Lu|74\/100\n|move|p1a: Ting-Lu|Ruination|p2a: Gyarados\n|-damage|p2a: Gyarados|38\/100\n|\n|-heal|p1a: Ting-Lu|80\/100|[from] item: Leftovers\n|upkeep\n|turn|5\n|inactive|YakuzaStrings has 30 seconds left.\n|\n|t:|1681663201\n|move|p2b: Volcarona|Will-O-Wisp|p1a: Ting-Lu|[miss]\n|-miss|p2b: Volcarona|p1a: Ting-Lu\n|move|p2a: Gyarados|Waterfall|p1b: Arcanine\n|-supereffective|p1b: Arcanine\n|-damage|p1b: Arcanine|0 fnt\n|faint|p1b: Arcanine\n|move|p1a: Ting-Lu|Stomping Tantrum|p2b: Volcarona\n|-damage|p2b: Volcarona|0 fnt\n|faint|p2b: Volcarona\n|\n|-heal|p1a: Ting-Lu|86\/100|[from] item: Leftovers\n|-sideend|p2: nNaur777|move: Tailwind\n|upkeep\n|\n|t:|1681663212\n|switch|p2b: Flutter Mane|Flutter Mane, L50|100\/100\n|switch|p1b: Palafin|Palafin-Hero, L50, F|100\/100\n|-damage|p2b: Flutter Mane|88\/100|[from] Stealth Rock\n|-activate|p1b: Palafin|ability: Zero to Hero\n|-enditem|p2b: Flutter Mane|Booster Energy\n|-activate|p2b: Flutter Mane|ability: Protosynthesis|[fromitem]\n|-start|p2b: Flutter Mane|protosynthesisspe\n|turn|6\n|\n|t:|1681663232\n|switch|p2a: Gholdengo|Gholdengo, L50|94\/100\n|-damage|p2a: Gholdengo|88\/100|[from] Stealth Rock\n|move|p2b: Flutter Mane|Protect|p2b: Flutter Mane\n|-singleturn|p2b: Flutter Mane|Protect\n|move|p1b: Palafin|Substitute|p1b: Palafin\n|-start|p1b: Palafin|Substitute\n|-damage|p1b: Palafin|75\/100\n|move|p1a: Ting-Lu|Heavy Slam|p2b: Flutter Mane\n|-activate|p2b: Flutter Mane|move: Protect\n|\n|-heal|p1a: Ting-Lu|92\/100|[from] item: Leftovers\n|upkeep\n|turn|7\n|\n|t:|1681663246\n|move|p2b: Flutter Mane|Dazzling Gleam|p1b: Palafin|[spread] p1a,p1b\n|-activate|p1b: Palafin|move: Substitute|[damage]\n|-supereffective|p1a: Ting-Lu\n|-damage|p1a: Ting-Lu|69\/100\n|move|p2a: Gholdengo|Make It Rain|p1b: Palafin|[spread] p1a,p1b\n|-resisted|p1b: Palafin\n|-end|p1b: Palafin|Substitute\n|-damage|p1a: Ting-Lu|47\/100\n|-unboost|p2a: Gholdengo|spa|1\n|move|p1b: Palafin|Bulk Up|p1b: Palafin\n|-boost|p1b: Palafin|atk|1\n|-boost|p1b: Palafin|def|1\n|move|p1a: Ting-Lu|Heavy Slam|p2b: Flutter Mane\n|-supereffective|p2b: Flutter Mane\n|-damage|p2b: Flutter Mane|50\/100\n|\n|-heal|p1a: Ting-Lu|53\/100|[from] item: Leftovers\n|upkeep\n|turn|8\n|\n|t:|1681663273\n|switch|p2a: Gyarados|Gyarados, L50, M|38\/100\n|-damage|p2a: Gyarados|13\/100|[from] Stealth Rock\n|-ability|p2a: Gyarados|Intimidate|boost\n|-unboost|p1a: Ting-Lu|atk|1\n|-unboost|p1b: Palafin|atk|1\n|-terastallize|p1b: Palafin|Water\n|move|p1b: Palafin|Jet Punch|p2b: Flutter Mane\n|-damage|p2b: Flutter Mane|0 fnt\n|faint|p2b: Flutter Mane\n|-end|p2b: Flutter Mane|Protosynthesis|[silent]\n|move|p1a: Ting-Lu|Stomping Tantrum|p2a: Gyarados\n|-immune|p2a: Gyarados\n|\n|-heal|p1a: Ting-Lu|59\/100|[from] item: Leftovers\n|upkeep\n|\n|t:|1681663284\n|switch|p2b: Gholdengo|Gholdengo, L50|88\/100\n|-damage|p2b: Gholdengo|82\/100|[from] Stealth Rock\n|turn|9\n|\n|t:|1681663294\n|move|p1b: Palafin|Jet Punch|p2b: Gholdengo\n|-damage|p2b: Gholdengo|13\/100\n|move|p2b: Gholdengo|Thunderbolt|p1b: Palafin\n|-supereffective|p1b: Palafin\n|-damage|p1b: Palafin|32\/100\n|move|p2a: Gyarados|Waterfall|p1a: Ting-Lu\n|-supereffective|p1a: Ting-Lu\n|-damage|p1a: Ting-Lu|18\/100\n|move|p1a: Ting-Lu|Heavy Slam|p2a: Gyarados\n|-resisted|p2a: Gyarados\n|-damage|p2a: Gyarados|10\/100\n|\n|-heal|p1a: Ting-Lu|24\/100|[from] item: Leftovers\n|upkeep\n|turn|10\n|\n|t:|1681663313\n|move|p1b: Palafin|Jet Punch|p2b: Gholdengo\n|-damage|p2b: Gholdengo|0 fnt\n|faint|p2b: Gholdengo\n|move|p2a: Gyarados|Earthquake|p1a: Ting-Lu|[spread] p1a,p1b\n|-damage|p1a: Ting-Lu|11\/100\n|-damage|p1b: Palafin|17\/100\n|move|p1a: Ting-Lu|Heavy Slam|p2a: Gyarados\n|-resisted|p2a: Gyarados\n|-damage|p2a: Gyarados|8\/100\n|\n|-heal|p1a: Ting-Lu|17\/100|[from] item: Leftovers\n|upkeep\n|turn|11\n|\n|t:|1681663322\n|move|p1b: Palafin|Jet Punch|p2a: Gyarados\n|-resisted|p2a: Gyarados\n|-damage|p2a: Gyarados|0 fnt\n|faint|p2a: Gyarados\n|\n|win|YakuzaStrings\n|raw|YakuzaStrings's rating: 1000 → 1040<\/strong> (+40 for winning)\n|raw|nNaur777's rating: 1000 → 1000<\/strong> (+0 for losing)\n|l|\u2606nNaur777\n","uploadtime":1681663329,"views":8,"p1id":"yakuzastrings","p2id":"nnaur777","formatid":"gen9vgc2023regulationc","rating":1000,"private":0,"password":""}