{"id":"gen9vgc2023regulationc-1857871347","p1":"Kgymarsh","p2":"Verdas1128","format":"[Gen 9] VGC 2023 Regulation C","log":"|j|\u2606Kgymarsh\n|j|\u2606Verdas1128\n|t:|1683241268\n|gametype|doubles\n|player|p1|Kgymarsh|265|1112\n|player|p2|Verdas1128|caitlin|1148\n|teamsize|p1|6\n|teamsize|p2|6\n|gen|9\n|tier|[Gen 9] VGC 2023 Regulation C\n|rated|\n|rule|Species Clause: Limit one of each Pok\u00e9mon\n|rule|Item Clause: Limit one of each item\n|clearpoke\n|poke|p1|Altaria, L50, F|\n|poke|p1|Gholdengo, L50|\n|poke|p1|Annihilape, L50, M|\n|poke|p1|Gyarados, L50, M|\n|poke|p1|Scizor, L50, M|\n|poke|p1|Armarouge, L50, M|\n|poke|p2|Chi-Yu, L50|\n|poke|p2|Iron Hands, L50|\n|poke|p2|Gyarados, L50, M|\n|poke|p2|Amoonguss, L50, M|\n|poke|p2|Flutter Mane, L50|\n|poke|p2|Great Tusk, L50|\n|teampreview|4\n|\n|t:|1683241317\n|start\n|switch|p1a: Gyarados|Gyarados, L50, M, shiny|100\/100\n|switch|p1b: Scizor|Scizor, L50, M, shiny|100\/100\n|switch|p2a: Flutter Mane|Flutter Mane, L50|100\/100\n|switch|p2b: Great Tusk|Great Tusk, L50|100\/100\n|-ability|p1a: Gyarados|Intimidate|boost\n|-unboost|p2a: Flutter Mane|atk|1\n|-unboost|p2b: Great Tusk|atk|1\n|turn|1\n|\n|t:|1683241356\n|move|p2a: Flutter Mane|Protect|p2a: Flutter Mane\n|-singleturn|p2a: Flutter Mane|Protect\n|move|p2b: Great Tusk|Headlong Rush|p1b: Scizor\n|-damage|p1b: Scizor|56\/100\n|-unboost|p2b: Great Tusk|def|1\n|-unboost|p2b: Great Tusk|spd|1\n|move|p1a: Gyarados|Waterfall|p2b: Great Tusk\n|-supereffective|p2b: Great Tusk\n|-damage|p2b: Great Tusk|17\/100\n|move|p1b: Scizor|Tailwind|p1b: Scizor\n|-sidestart|p1: Kgymarsh|move: Tailwind\n|\n|upkeep\n|turn|2\n|\n|t:|1683241383\n|-end|p2a: Flutter Mane|Protosynthesis|[silent]\n|switch|p2a: Gyarados|Gyarados, L50, M|100\/100\n|-ability|p2a: Gyarados|Intimidate|boost\n|-unboost|p1a: Gyarados|atk|1\n|-fail|p1b: Scizor|unboost|[from] item: Clear Amulet|[of] p1b: Scizor\n|move|p1b: Scizor|Bullet Punch|p2a: Gyarados\n|-resisted|p2a: Gyarados\n|-damage|p2a: Gyarados|84\/100\n|move|p1a: Gyarados|Waterfall|p2b: Great Tusk\n|-supereffective|p2b: Great Tusk\n|-damage|p2b: Great Tusk|0 fnt\n|faint|p2b: Great Tusk\n|-end|p2b: Great Tusk|Protosynthesis|[silent]\n|\n|upkeep\n|\n|t:|1683241398\n|switch|p2b: Chi-Yu|Chi-Yu, L50|100\/100\n|-ability|p2b: Chi-Yu|Beads of Ruin\n|turn|3\n|\n|t:|1683241411\n|switch|p1b: Armarouge|Armarouge, L50, M|100\/100\n|-terastallize|p2b: Chi-Yu|Water\n|move|p1a: Gyarados|Thunder Wave|p2b: Chi-Yu\n|-status|p2b: Chi-Yu|par\n|move|p2a: Gyarados|Thunder Wave|p1a: Gyarados\n|-status|p1a: Gyarados|par\n|move|p2b: Chi-Yu|Heat Wave|p1b: Armarouge|[spread] p1a\n|-start|p1b: Armarouge|ability: Flash Fire\n|-resisted|p1a: Gyarados\n|-damage|p1a: Gyarados|80\/100 par\n|\n|upkeep\n|turn|4\n|\n|t:|1683241459\n|-terastallize|p1b: Armarouge|Grass\n|move|p2b: Chi-Yu|Protect|p2b: Chi-Yu\n|-singleturn|p2b: Chi-Yu|Protect\n|move|p1b: Armarouge|Energy Ball|p2b: Chi-Yu\n|-activate|p2b: Chi-Yu|move: Protect\n|move|p1a: Gyarados|Thunder Wave|p2a: Gyarados\n|-status|p2a: Gyarados|par\n|move|p2a: Gyarados|Thunder Wave|p1b: Armarouge\n|-status|p1b: Armarouge|par\n|\n|-sideend|p1: Kgymarsh|move: Tailwind\n|upkeep\n|turn|5\n|\n|t:|1683241483\n|cant|p2a: Gyarados|par\n|move|p2b: Chi-Yu|Dark Pulse|p1b: Armarouge\n|-damage|p1b: Armarouge|42\/100 par\n|-enditem|p1b: Armarouge|Sitrus Berry|[eat]\n|-heal|p1b: Armarouge|67\/100 par|[from] item: Sitrus Berry\n|move|p1a: Gyarados|Waterfall|p2a: Gyarados\n|-resisted|p2a: Gyarados\n|-damage|p2a: Gyarados|73\/100 par\n|move|p1b: Armarouge|Psyshock|p2b: Chi-Yu\n|-damage|p2b: Chi-Yu|49\/100 par\n|\n|-heal|p2b: Chi-Yu|55\/100 par|[from] item: Leftovers\n|upkeep\n|turn|6\n|\n|t:|1683241506\n|move|p2a: Gyarados|Helping Hand|p2b: Chi-Yu\n|-singleturn|p2b: Chi-Yu|Helping Hand|[of] p2a: Gyarados\n|move|p2b: Chi-Yu|Dark Pulse|p1b: Armarouge\n|-damage|p1b: Armarouge|0 fnt\n|faint|p1b: Armarouge\n|move|p1a: Gyarados|Waterfall|p2a: Gyarados\n|-resisted|p2a: Gyarados\n|-damage|p2a: Gyarados|63\/100 par\n|\n|-heal|p2b: Chi-Yu|61\/100 par|[from] item: Leftovers\n|upkeep\n|\n|t:|1683241520\n|switch|p1b: Annihilape|Annihilape, L50, M, shiny|100\/100\n|turn|7\n|\n|t:|1683241538\n|move|p1b: Annihilape|Bulk Up|p1b: Annihilape\n|-boost|p1b: Annihilape|atk|1\n|-boost|p1b: Annihilape|def|1\n|move|p2b: Chi-Yu|Dark Pulse|p1a: Gyarados\n|-damage|p1a: Gyarados|38\/100 par\n|move|p1a: Gyarados|Taunt|p2a: Gyarados\n|-start|p2a: Gyarados|move: Taunt\n|cant|p2a: Gyarados|move: Taunt|Taunt\n|\n|-heal|p2b: Chi-Yu|67\/100 par|[from] item: Leftovers\n|upkeep\n|turn|8\n|\n|t:|1683241562\n|move|p1a: Gyarados|Protect|p1a: Gyarados\n|-singleturn|p1a: Gyarados|Protect\n|move|p1b: Annihilape|Drain Punch|p2b: Chi-Yu\n|-damage|p2b: Chi-Yu|18\/100 par\n|move|p2b: Chi-Yu|Dark Pulse|p1b: Annihilape\n|-damage|p1b: Annihilape|50\/100\n|cant|p2a: Gyarados|par\n|\n|-heal|p1b: Annihilape|56\/100|[from] item: Leftovers\n|-heal|p2b: Chi-Yu|25\/100 par|[from] item: Leftovers\n|upkeep\n|turn|9\n|\n|t:|1683241604\n|move|p1b: Annihilape|Rage Fist|p2b: Chi-Yu\n|-damage|p2b: Chi-Yu|0 fnt\n|faint|p2b: Chi-Yu\n|move|p1a: Gyarados|Waterfall|p2a: Gyarados\n|-resisted|p2a: Gyarados\n|-damage|p2a: Gyarados|52\/100 par\n|cant|p2a: Gyarados|par\n|\n|-heal|p1b: Annihilape|62\/100|[from] item: Leftovers\n|-end|p2a: Gyarados|move: Taunt\n|upkeep\n|\n|t:|1683241606\n|switch|p2b: Flutter Mane|Flutter Mane, L50|100\/100\n|turn|10\n|\n|t:|1683241631\n|move|p1b: Annihilape|Protect|p1b: Annihilape\n|-singleturn|p1b: Annihilape|Protect\n|move|p2b: Flutter Mane|Dazzling Gleam|p1a: Gyarados|[spread] p1a\n|-activate|p1b: Annihilape|move: Protect\n|-damage|p1a: Gyarados|2\/100 par\n|move|p1a: Gyarados|Waterfall|p2b: Flutter Mane\n|-damage|p2b: Flutter Mane|47\/100\n|move|p2a: Gyarados|Thunder Wave|p1b: Annihilape\n|-activate|p1b: Annihilape|move: Protect\n|\n|-heal|p1b: Annihilape|68\/100|[from] item: Leftovers\n|upkeep\n|turn|11\n|\n|t:|1683241668\n|move|p1b: Annihilape|Protect|p1b: Annihilape\n|-singleturn|p1b: Annihilape|Protect\n|move|p2b: Flutter Mane|Dazzling Gleam|p1b: Annihilape|[spread] p1a\n|-activate|p1b: Annihilape|move: Protect\n|-damage|p1a: Gyarados|0 fnt\n|faint|p1a: Gyarados\n|move|p2a: Gyarados|Thunder Wave|p1b: Annihilape\n|-activate|p1b: Annihilape|move: Protect\n|\n|-heal|p1b: Annihilape|74\/100|[from] item: Leftovers\n|upkeep\n|\n|t:|1683241680\n|switch|p1a: Scizor|Scizor, L50, M, shiny|56\/100\n|turn|12\n|\n|t:|1683241686\n|move|p1a: Scizor|Bullet Punch|p2b: Flutter Mane\n|-supereffective|p2b: Flutter Mane\n|-damage|p2b: Flutter Mane|0 fnt\n|faint|p2b: Flutter Mane\n|-end|p2b: Flutter Mane|Protosynthesis|[silent]\n|move|p1b: Annihilape|Rage Fist|p2a: Gyarados\n|-damage|p2a: Gyarados|0 fnt\n|faint|p2a: Gyarados\n|\n|win|Kgymarsh\n|raw|Kgymarsh's rating: 1112 → 1140<\/strong> (+28 for winning)\n|raw|Verdas1128's rating: 1148 → 1120<\/strong> (-28 for losing)\n","uploadtime":1683241690,"views":5,"p1id":"kgymarsh","p2id":"verdas1128","formatid":"gen9vgc2023regulationc","rating":1120,"private":0,"password":""}