{"id":"gen9vgc2023regulationc-1851748808","p1":"MLGmushroom","p2":"Ori1","format":"[Gen 9] VGC 2023 Regulation C","log":"|j|\u2606MLGmushroom\n|j|\u2606Ori1\n|t:|1682477761\n|gametype|doubles\n|player|p1|MLGmushroom|blue|1198\n|player|p2|Ori1|clown|1121\n|teamsize|p1|6\n|teamsize|p2|6\n|gen|9\n|tier|[Gen 9] VGC 2023 Regulation C\n|rated|\n|rule|Species Clause: Limit one of each Pok\u00e9mon\n|rule|Item Clause: Limit one of each item\n|clearpoke\n|poke|p1|Chien-Pao, L50|\n|poke|p1|Roaring Moon, L50|\n|poke|p1|Flutter Mane, L50|\n|poke|p1|Amoonguss, L50, M|\n|poke|p1|Gyarados, L50, F|\n|poke|p1|Scizor, L50, M|\n|poke|p2|Armarouge, L50, F|\n|poke|p2|Ting-Lu, L50|\n|poke|p2|Flutter Mane, L50|\n|poke|p2|Squawkabilly-Blue, L50, F|\n|poke|p2|Pawmot, L50, M|\n|poke|p2|Chi-Yu, L50|\n|teampreview|4\n|\n|t:|1682477803\n|start\n|switch|p1a: Gyarados|Gyarados, L50, F|100\/100\n|switch|p1b: Scizor|Scizor, L50, M|100\/100\n|switch|p2a: Chi-Yu|Chi-Yu, L50|100\/100\n|switch|p2b: Pawmot|Pawmot, L50, M|100\/100\n|-ability|p2a: Chi-Yu|Beads of Ruin\n|-ability|p1a: Gyarados|Intimidate|boost\n|-unboost|p2a: Chi-Yu|atk|1\n|-unboost|p2b: Pawmot|atk|1\n|-enditem|p2b: Pawmot|White Herb\n|-clearnegativeboost|p2b: Pawmot|[silent]\n|turn|1\n|\n|t:|1682477816\n|switch|p2b: Armarouge|Armarouge, L50, F|100\/100\n|move|p1b: Scizor|Protect|p1b: Scizor\n|-singleturn|p1b: Scizor|Protect\n|move|p2a: Chi-Yu|Lava Plume|p1a: Gyarados|[spread] p1a\n|-activate|p1b: Scizor|move: Protect\n|-start|p2b: Armarouge|ability: Flash Fire\n|-resisted|p1a: Gyarados\n|-damage|p1a: Gyarados|80\/100\n|move|p1a: Gyarados|Waterfall|p2a: Chi-Yu\n|-supereffective|p2a: Chi-Yu\n|-damage|p2a: Chi-Yu|0 fnt\n|faint|p2a: Chi-Yu\n|\n|upkeep\n|\n|t:|1682477825\n|switch|p2a: Pawmot|Pawmot, L50, M|100\/100\n|turn|2\n|\n|t:|1682477834\n|-terastallize|p2b: Armarouge|Grass\n|-terastallize|p1a: Gyarados|Ground\n|move|p1b: Scizor|Protect||[still]\n|-fail|p1b: Scizor\n|move|p2a: Pawmot|Fake Out|p1b: Scizor\n|-resisted|p1b: Scizor\n|-crit|p1b: Scizor\n|-damage|p1b: Scizor|90\/100\n|move|p2b: Armarouge|Heat Wave|p1b: Scizor|[spread] p1a,p1b\n|-supereffective|p1b: Scizor\n|-damage|p1a: Gyarados|15\/100\n|-damage|p1b: Scizor|0 fnt\n|faint|p1b: Scizor\n|move|p1a: Gyarados|Waterfall|p2b: Armarouge\n|-resisted|p2b: Armarouge\n|-damage|p2b: Armarouge|74\/100\n|\n|upkeep\n|\n|t:|1682477840\n|switch|p1b: Chien-Pao|Chien-Pao, L50|100\/100\n|-ability|p1b: Chien-Pao|Sword of Ruin\n|turn|3\n|\n|t:|1682477852\n|switch|p2a: Squawkabilly|Squawkabilly-Blue, L50, F|100\/100\n|move|p1b: Chien-Pao|Ice Spinner|p2b: Armarouge\n|-supereffective|p2b: Armarouge\n|-damage|p2b: Armarouge|0 fnt\n|faint|p2b: Armarouge\n|move|p1a: Gyarados|Taunt|p2a: Squawkabilly\n|-start|p2a: Squawkabilly|move: Taunt\n|\n|-status|p2a: Squawkabilly|brn|[from] item: Flame Orb\n|upkeep\n|\n|t:|1682477856\n|switch|p2b: Pawmot|Pawmot, L50, M|100\/100\n|turn|4\n|\n|t:|1682477884\n|move|p1b: Chien-Pao|Ice Spinner|p2a: Squawkabilly\n|-supereffective|p2a: Squawkabilly\n|-damage|p2a: Squawkabilly|0 fnt\n|faint|p2a: Squawkabilly\n|move|p2b: Pawmot|Revival Blessing|p2b: Pawmot\n|\n|t:|1682477887\n|-heal|p2: Armarouge|50\/100|[from] move: Revival Blessing\n|move|p1a: Gyarados|Taunt|p2b: Pawmot\n|-start|p2b: Pawmot|move: Taunt\n|\n|upkeep\n|\n|t:|1682477889\n|switch|p2a: Armarouge|Armarouge, L50, F|50\/100\n|turn|5\n|-message|Ori1 forfeited.\n|\n|win|MLGmushroom\n|raw|MLGmushroom's rating: 1198 → 1218<\/strong> (+20 for winning)\n|raw|Ori1's rating: 1121 → 1101<\/strong> (-20 for losing)\n|l|\u2606Ori1\n","uploadtime":1682477922,"views":9,"p1id":"mlgmushroom","p2id":"ori1","formatid":"gen9vgc2023regulationc","rating":1101,"private":0,"password":""}