{"id":"gen9vgc2023regulationc-1861204130","p1":"D-scNSe","p2":"Ambition132","format":"[Gen 9] VGC 2023 Regulation C","log":"|j|\u2606D-scNSe\n|j|\u2606Ambition132\n|t:|1683735629\n|gametype|doubles\n|player|p1|D-scNSe|169|1372\n|player|p2|Ambition132|blackbelt-gen4dp|1332\n|teamsize|p1|6\n|teamsize|p2|6\n|gen|9\n|tier|[Gen 9] VGC 2023 Regulation C\n|rated|\n|rule|Species Clause: Limit one of each Pok\u00e9mon\n|rule|Item Clause: Limit one of each item\n|clearpoke\n|poke|p1|Flutter Mane, L50|\n|poke|p1|Ting-Lu, L50|\n|poke|p1|Maushold-Four, L50|\n|poke|p1|Annihilape, L50, F|\n|poke|p1|Iron Bundle, L50|\n|poke|p1|Arcanine, L50, M|\n|poke|p2|Glimmora, L50, M|\n|poke|p2|Flutter Mane, L50|\n|poke|p2|Dondozo, L50, M|\n|poke|p2|Tatsugiri-Stretchy, L50, F|\n|poke|p2|Chi-Yu, L50|\n|poke|p2|Iron Bundle, L50|\n|teampreview|4\n|inactive|Battle timer is ON: inactive players will automatically lose when time's up. (requested by Ambition132)\nAmbition132 has agreed to open team sheets.\n|\n|t:|1683735652\n|start\n|switch|p1a: Ting-Lu|Ting-Lu, L50|100\/100\n|switch|p1b: Arcanine|Arcanine, L50, M|100\/100\n|switch|p2a: Glimmora|Glimmora, L50, M, shiny|100\/100\n|switch|p2b: Flutter Mane|Flutter Mane, L50|100\/100\n|-ability|p1b: Arcanine|Intimidate|boost\n|-unboost|p2a: Glimmora|atk|1\n|-unboost|p2b: Flutter Mane|atk|1\n|-ability|p1a: Ting-Lu|Vessel of Ruin\n|turn|1\n|\n|t:|1683735666\n|-end|p2b: Flutter Mane|Protosynthesis|[silent]\n|switch|p2b: Dondozo|Dondozo, L50, M|100\/100\n|-terastallize|p1a: Ting-Lu|Poison\n|move|p1b: Arcanine|Protect|p1b: Arcanine\n|-singleturn|p1b: Arcanine|Protect\n|move|p2a: Glimmora|Mortal Spin|p1a: Ting-Lu|[spread] p1a\n|-activate|p1b: Arcanine|move: Protect\n|-resisted|p1a: Ting-Lu\n|-damage|p1a: Ting-Lu|99\/100\n|move|p1a: Ting-Lu|Stomping Tantrum|p2a: Glimmora\n|-supereffective|p2a: Glimmora\n|-damage|p2a: Glimmora|0 fnt\n|-activate|p2a: Glimmora|ability: Toxic Debris\n|-sidestart|p1: D-scNSe|move: Toxic Spikes\n|faint|p2a: Glimmora\n|\n|upkeep\n|\n|t:|1683735678\n|switch|p2a: Tatsugiri|Tatsugiri-Stretchy, L50, F|100\/100\n|-activate|p2a: Tatsugiri|ability: Commander|[of] p2b: Dondozo\n|-boost|p2b: Dondozo|atk|2\n|-boost|p2b: Dondozo|spa|2\n|-boost|p2b: Dondozo|spe|2\n|-boost|p2b: Dondozo|def|2\n|-boost|p2b: Dondozo|spd|2\n|turn|2\n|\n|t:|1683735687\n|move|p2b: Dondozo|Earthquake|p1a: Ting-Lu|[spread] p1a,p1b\n|-miss|p2b: Dondozo|p2a: Tatsugiri\n|-supereffective|p1a: Ting-Lu\n|-supereffective|p1b: Arcanine\n|-damage|p1a: Ting-Lu|56\/100\n|-damage|p1b: Arcanine|24\/100\n|-enditem|p1b: Arcanine|Sitrus Berry|[eat]\n|-heal|p1b: Arcanine|49\/100|[from] item: Sitrus Berry\n|move|p1b: Arcanine|Will-O-Wisp|p2b: Dondozo\n|-status|p2b: Dondozo|brn\n|move|p1a: Ting-Lu|Ruination|p2b: Dondozo\n|-damage|p2b: Dondozo|50\/100 brn\n|\n|-heal|p2b: Dondozo|57\/100 brn|[from] item: Leftovers\n|-damage|p2b: Dondozo|50\/100 brn|[from] brn\n|upkeep\n|turn|3\n|\n|t:|1683735709\n|move|p1b: Arcanine|Extreme Speed|p2b: Dondozo\n|-damage|p2b: Dondozo|43\/100 brn\n|move|p2b: Dondozo|Earthquake|p1b: Arcanine|[spread] p1a,p1b\n|-miss|p2b: Dondozo|p2a: Tatsugiri\n|-supereffective|p1a: Ting-Lu\n|-supereffective|p1b: Arcanine\n|-damage|p1a: Ting-Lu|35\/100\n|-damage|p1b: Arcanine|10\/100\n|move|p1a: Ting-Lu|Stomping Tantrum|p2b: Dondozo\n|-damage|p2b: Dondozo|30\/100 brn\n|\n|-heal|p2b: Dondozo|36\/100 brn|[from] item: Leftovers\n|-damage|p2b: Dondozo|30\/100 brn|[from] brn\n|upkeep\n|turn|4\n|\n|t:|1683735732\n|move|p1b: Arcanine|Extreme Speed|p2b: Dondozo\n|-damage|p2b: Dondozo|21\/100 brn\n|move|p2b: Dondozo|Earthquake|p1a: Ting-Lu|[spread] p1a,p1b\n|-miss|p2b: Dondozo|p2a: Tatsugiri\n|-supereffective|p1a: Ting-Lu\n|-supereffective|p1b: Arcanine\n|-damage|p1a: Ting-Lu|13\/100\n|-damage|p1b: Arcanine|0 fnt\n|faint|p1b: Arcanine\n|move|p1a: Ting-Lu|Stomping Tantrum|p2b: Dondozo\n|-crit|p2b: Dondozo\n|-damage|p2b: Dondozo|0 fnt\n|faint|p2b: Dondozo\n|\n|upkeep\n|\n|t:|1683735746\n|switch|p1b: Iron Bundle|Iron Bundle, L50|100\/100\n|switch|p2b: Flutter Mane|Flutter Mane, L50|100\/100\n|-status|p1b: Iron Bundle|psn\n|turn|5\n|\n|t:|1683735761\n|-terastallize|p2a: Tatsugiri|Steel\n|move|p2a: Tatsugiri|Muddy Water|p1a: Ting-Lu|[spread] p1a,p1b\n|-resisted|p1b: Iron Bundle\n|-damage|p1a: Ting-Lu|0 fnt\n|-damage|p1b: Iron Bundle|77\/100 psn\n|faint|p1a: Ting-Lu\n|move|p1b: Iron Bundle|Freeze-Dry|p2a: Tatsugiri\n|-resisted|p2a: Tatsugiri\n|-damage|p2a: Tatsugiri|77\/100\n|move|p2b: Flutter Mane|Moonblast|p1b: Iron Bundle\n|-damage|p1b: Iron Bundle|0 fnt\n|faint|p1b: Iron Bundle\n|-end|p1b: Iron Bundle|Quark Drive|[silent]\n|\n|upkeep\n|\n|t:|1683735773\n|switch|p1b: Annihilape|Annihilape, L50, F|100\/100\n|-status|p1b: Annihilape|psn\n|turn|6\n|\n|t:|1683735778\n|move|p2a: Tatsugiri|Muddy Water|p1b: Annihilape\n|-damage|p1b: Annihilape|63\/100 psn\n|-unboost|p1b: Annihilape|accuracy|1\n|-ability|p1b: Annihilape|Defiant|boost\n|-boost|p1b: Annihilape|atk|2\n|move|p2b: Flutter Mane|Moonblast|p1b: Annihilape\n|-supereffective|p1b: Annihilape\n|-damage|p1b: Annihilape|0 fnt\n|faint|p1b: Annihilape\n|\n|win|Ambition132\n|raw|D-scNSe's rating: 1372 → 1350<\/strong> (-22 for losing)\n|raw|Ambition132's rating: 1332 → 1354<\/strong> (+22 for winning)\n","uploadtime":1683735787,"views":9,"p1id":"dscnse","p2id":"ambition132","formatid":"gen9vgc2023regulationc","rating":1350,"private":0,"password":""}