{"id":"gen9vgc2023regulationc-1863974169","p1":"lspinnerdeldemonio","p2":"JolteadeVGC","format":"[Gen 9] VGC 2023 Regulation C","log":"|j|\u2606lspinnerdeldemonio\n|j|\u2606JolteadeVGC\n|t:|1684100021\n|gametype|doubles\n|player|p1|lspinnerdeldemonio|2|1063\n|player|p2|JolteadeVGC|169|1151\n|teamsize|p1|6\n|teamsize|p2|6\n|gen|9\n|tier|[Gen 9] VGC 2023 Regulation C\n|rated|\n|rule|Species Clause: Limit one of each Pok\u00e9mon\n|rule|Item Clause: Limit one of each item\n|clearpoke\n|poke|p1|Bellibolt, L50, M|\n|poke|p1|Chi-Yu, L50|\n|poke|p1|Iron Bundle, L50|\n|poke|p1|Gyarados, L50, F|\n|poke|p1|Scizor, L50, F|\n|poke|p1|Wo-Chien, L50|\n|poke|p2|Flutter Mane, L50|\n|poke|p2|Chi-Yu, L50|\n|poke|p2|Palafin, L50, F|\n|poke|p2|Arcanine, L50, F|\n|poke|p2|Amoonguss, L50, M|\n|poke|p2|Chien-Pao, L50|\n|teampreview|4\n|inactive|Battle timer is ON: inactive players will automatically lose when time's up. (requested by JolteadeVGC)\n|\n|t:|1684100089\n|start\n|switch|p1a: Iron Bundle|Iron Bundle, L50|100\/100\n|switch|p1b: Bellibolt|Bellibolt, L50, M|100\/100\n|switch|p2a: Chi-Yu|Chi-Yu, L50|100\/100\n|switch|p2b: Flutter Mane|Flutter Mane, L50|100\/100\n|-ability|p2a: Chi-Yu|Beads of Ruin\n|-enditem|p1a: Iron Bundle|Booster Energy\n|-activate|p1a: Iron Bundle|ability: Quark Drive|[fromitem]\n|-start|p1a: Iron Bundle|quarkdrivespe\n|-enditem|p2b: Flutter Mane|Booster Energy\n|-activate|p2b: Flutter Mane|ability: Protosynthesis|[fromitem]\n|-start|p2b: Flutter Mane|protosynthesisspe\n|turn|1\n|\n|t:|1684100113\n|move|p1a: Iron Bundle|Protect|p1a: Iron Bundle\n|-singleturn|p1a: Iron Bundle|Protect\n|move|p2b: Flutter Mane|Moonblast|p1a: Iron Bundle\n|-activate|p1a: Iron Bundle|move: Protect\n|move|p2a: Chi-Yu|Heat Wave|p1b: Bellibolt|[spread] p1b\n|-activate|p1a: Iron Bundle|move: Protect\n|-damage|p1b: Bellibolt|70\/100\n|-start|p1b: Bellibolt|Charge|Heat Wave|[from] ability: Electromorphosis\n|move|p1b: Bellibolt|Volt Switch|p2a: Chi-Yu\n|-damage|p2a: Chi-Yu|27\/100\n|-end|p1b: Bellibolt|Charge|[silent]\n|\n|t:|1684100127\n|switch|p1b: Gyarados|Gyarados, L50, F|100\/100|[from] Volt Switch\n|-ability|p1b: Gyarados|Intimidate|boost\n|-unboost|p2a: Chi-Yu|atk|1\n|-unboost|p2b: Flutter Mane|atk|1\n|\n|upkeep\n|turn|2\n|\n|t:|1684100138\n|switch|p2a: Arcanine|Arcanine, L50, F|100\/100\n|-ability|p2a: Arcanine|Intimidate|boost\n|-unboost|p1a: Iron Bundle|atk|1\n|-unboost|p1b: Gyarados|atk|1\n|move|p1a: Iron Bundle|Icy Wind|p2a: Arcanine|[spread] p2a,p2b\n|-resisted|p2a: Arcanine\n|-damage|p2a: Arcanine|90\/100\n|-damage|p2b: Flutter Mane|79\/100\n|-unboost|p2a: Arcanine|spe|1\n|-unboost|p2b: Flutter Mane|spe|1\n|move|p2b: Flutter Mane|Moonblast|p1a: Iron Bundle\n|-damage|p1a: Iron Bundle|0 fnt\n|faint|p1a: Iron Bundle\n|-end|p1a: Iron Bundle|Quark Drive|[silent]\n|move|p1b: Gyarados|Waterfall|p2b: Flutter Mane\n|-damage|p2b: Flutter Mane|19\/100\n|\n|upkeep\n|\n|t:|1684100156\n|switch|p1a: Bellibolt|Bellibolt, L50, M|70\/100\n|turn|3\n|\n|t:|1684100168\n|switch|p1b: Scizor|Scizor, L50, F|100\/100\n|move|p2b: Flutter Mane|Dazzling Gleam|p1a: Bellibolt|[spread] p1a,p1b\n|-resisted|p1b: Scizor\n|-damage|p1a: Bellibolt|50\/100\n|-damage|p1b: Scizor|82\/100\n|-start|p1a: Bellibolt|Charge|Dazzling Gleam|[from] ability: Electromorphosis\n|move|p2a: Arcanine|Flare Blitz|p1a: Bellibolt\n|-damage|p1a: Bellibolt|3\/100\n|-start|p1a: Bellibolt|Charge|Flare Blitz|[from] ability: Electromorphosis\n|-damage|p2a: Arcanine|73\/100|[from] Recoil\n|move|p1a: Bellibolt|Parabolic Charge|p2a: Arcanine|[spread] p1b,p2a,p2b\n|-damage|p1b: Scizor|33\/100\n|-heal|p1a: Bellibolt|22\/100|[from] drain|[of] p1b: Scizor\n|-damage|p2a: Arcanine|33\/100\n|-heal|p1a: Bellibolt|42\/100|[from] drain|[of] p2a: Arcanine\n|-damage|p2b: Flutter Mane|0 fnt\n|-heal|p1a: Bellibolt|47\/100|[from] drain|[of] p2b: Flutter Mane\n|faint|p2b: Flutter Mane\n|-end|p2b: Flutter Mane|Protosynthesis|[silent]\n|-end|p1a: Bellibolt|Charge|[silent]\n|\n|upkeep\n|\n|t:|1684100180\n|switch|p2b: Chi-Yu|Chi-Yu, L50|27\/100\n|-ability|p2b: Chi-Yu|Beads of Ruin\n|turn|4\n|\n|t:|1684100202\n|move|p1b: Scizor|Bullet Punch|p2b: Chi-Yu\n|-resisted|p2b: Chi-Yu\n|-damage|p2b: Chi-Yu|0 fnt\n|faint|p2b: Chi-Yu\n|-damage|p1b: Scizor|23\/100|[from] item: Life Orb\n|move|p1a: Bellibolt|Sucker Punch|p2a: Arcanine\n|-damage|p2a: Arcanine|23\/100\n|move|p2a: Arcanine|Flare Blitz|p1b: Scizor\n|-supereffective|p1b: Scizor\n|-damage|p1b: Scizor|0 fnt\n|faint|p1b: Scizor\n|-damage|p2a: Arcanine|16\/100|[from] Recoil\n|\n|upkeep\n|\n|t:|1684100217\n|switch|p2b: Chien-Pao|Chien-Pao, L50|100\/100\n|switch|p1b: Gyarados|Gyarados, L50, F|100\/100\n|-ability|p2b: Chien-Pao|Sword of Ruin\n|-ability|p1b: Gyarados|Intimidate|boost\n|-unboost|p2a: Arcanine|atk|1\n|-unboost|p2b: Chien-Pao|atk|1\n|turn|5\n|inactive|lspinnerdeldemonio has 30 seconds left.\n|\n|t:|1684100250\n|-terastallize|p2b: Chien-Pao|Dark\n|-terastallize|p1a: Bellibolt|Water\n|move|p1b: Gyarados|Protect|p1b: Gyarados\n|-singleturn|p1b: Gyarados|Protect\n|move|p2b: Chien-Pao|Sucker Punch|p1a: Bellibolt\n|-damage|p1a: Bellibolt|6\/100\n|-start|p1a: Bellibolt|Charge|Sucker Punch|[from] ability: Electromorphosis\n|-damage|p2b: Chien-Pao|91\/100|[from] item: Life Orb\n|move|p2a: Arcanine|Will-O-Wisp|p1b: Gyarados\n|-activate|p1b: Gyarados|move: Protect\n|move|p1a: Bellibolt|Parabolic Charge|p2a: Arcanine|[spread] p2a,p2b\n|-activate|p1b: Gyarados|move: Protect\n|-damage|p2a: Arcanine|0 fnt\n|-heal|p1a: Bellibolt|14\/100|[from] drain|[of] p2a: Arcanine\n|-damage|p2b: Chien-Pao|22\/100\n|-heal|p1a: Bellibolt|40\/100|[from] drain|[of] p2b: Chien-Pao\n|faint|p2a: Arcanine\n|-end|p1a: Bellibolt|Charge|[silent]\n|\n|upkeep\n|turn|6\n|-message|JolteadeVGC forfeited.\n|\n|win|lspinnerdeldemonio\n|raw|lspinnerdeldemonio's rating: 1063 → 1101<\/strong> (+38 for winning)\n|raw|JolteadeVGC's rating: 1151 → 1120<\/strong> (-31 for losing)\n|l|\u2606JolteadeVGC\n","uploadtime":1684100282,"views":4,"p1id":"lspinnerdeldemonio","p2id":"jolteadevgc","formatid":"gen9vgc2023regulationc","rating":1101,"private":0,"password":""}