{"id":"gen9vgc2023regulationc-1849336648","p1":"Lugiabirb","p2":"Leore","format":"[Gen 9] VGC 2023 Regulation C","log":"|j|\u2606Lugiabirb\n|j|\u2606Leore\n|t:|1682187298\n|gametype|doubles\n|player|p1|Lugiabirb|leon|\n|player|p2|Leore|lance|\n|teamsize|p1|6\n|teamsize|p2|6\n|gen|9\n|tier|[Gen 9] VGC 2023 Regulation C\n|rule|Species Clause: Limit one of each Pok\u00e9mon\n|rule|Item Clause: Limit one of each item\n|clearpoke\n|poke|p1|Great Tusk, L50|\n|poke|p1|Gothitelle, L50, M|\n|poke|p1|Flutter Mane, L50|\n|poke|p1|Murkrow, L50, M|\n|poke|p1|Wo-Chien, L50|\n|poke|p1|Arcanine, L50, F|\n|poke|p2|Amoonguss, L50, F|\n|poke|p2|Pelipper, L50, F|\n|poke|p2|Palafin, L50, F|\n|poke|p2|Barraskewda, L50, F|\n|poke|p2|Chien-Pao, L50|\n|poke|p2|Gholdengo, L50|\n|teampreview|4\n|inactive|Battle timer is ON: inactive players will automatically lose when time's up. (requested by Leore)\nLugiabirb has agreed to open team sheets.\n|j| LordGodMcFuckYou\nLeore has agreed to open team sheets.\n|j| KnickNom\n|c| LordGodMcFuckYou|frame 1\n|j| CurryBean\n|\n|t:|1682187325\n|start\n|switch|p1a: Great Tusk|Great Tusk, L50|100\/100\n|switch|p1b: Murkrow|Murkrow, L50, M|100\/100\n|switch|p2a: Gholdengo|Gholdengo, L50|100\/100\n|switch|p2b: Palafin|Palafin, L50, F|100\/100\n|turn|1\n|c| KnickNom|warrior of justice lugia\n|j| PierceTheDriftveil\n|j| Napp02\n|c| LordGodMcFuckYou|lugia is on team 5d's\n|c| KnickNom|he really is\n|inactive|Lugiabirb has 30 seconds left.\n|c| Napp02|GIVE HIM A HAT\n|c| LordGodMcFuckYou|other person def team unicorn\n|inactive|Leore has 30 seconds left.\n|\n|t:|1682187362\n|switch|p2a: Amoonguss|Amoonguss, L50, F|100\/100\n|-terastallize|p1a: Great Tusk|Steel\n|move|p2b: Palafin|Protect|p2b: Palafin\n|-singleturn|p2b: Palafin|Protect\n|move|p1b: Murkrow|Sunny Day|p1b: Murkrow\n|-weather|SunnyDay\n|-activate|p1a: Great Tusk|ability: Protosynthesis\n|-start|p1a: Great Tusk|protosynthesisatk\n|move|p1a: Great Tusk|Close Combat|p2b: Palafin\n|-activate|p2b: Palafin|move: Protect\n|\n|-weather|SunnyDay|[upkeep]\n|upkeep\n|turn|2\n|\n|t:|1682187385\n|-end|p1a: Great Tusk|Protosynthesis|[silent]\n|switch|p1a: Wo-Chien|Wo-Chien, L50|100\/100\n|-ability|p1a: Wo-Chien|Tablets of Ruin\n|detailschange|p2b: Palafin|Palafin-Hero, L50, F\n|switch|p2b: Gholdengo|Gholdengo, L50|100\/100\n|move|p1b: Murkrow|Foul Play|p2b: Gholdengo\n|-supereffective|p2b: Gholdengo\n|-damage|p2b: Gholdengo|76\/100\n|move|p2a: Amoonguss|Spore|p1a: Wo-Chien\n|-immune|p1a: Wo-Chien\n|\n|-weather|SunnyDay|[upkeep]\n|upkeep\n|turn|3\n|\n|t:|1682187403\n|move|p1b: Murkrow|Tailwind|p1b: Murkrow\n|-sidestart|p1: Lugiabirb|move: Tailwind\n|move|p1a: Wo-Chien|Snarl|p2a: Amoonguss|[spread] p2a,p2b\n|-supereffective|p2b: Gholdengo\n|-damage|p2a: Amoonguss|83\/100\n|-damage|p2b: Gholdengo|34\/100\n|-unboost|p2a: Amoonguss|spa|1\n|-unboost|p2b: Gholdengo|spa|1\n|move|p2b: Gholdengo|Trick|p1a: Wo-Chien\n|-activate|p2b: Gholdengo|move: Trick|[of] p1a: Wo-Chien\n|-item|p1a: Wo-Chien|Choice Specs|[from] move: Trick\n|-item|p2b: Gholdengo|Leftovers|[from] move: Trick\n|move|p2a: Amoonguss|Pollen Puff|p2b: Gholdengo\n|-heal|p2b: Gholdengo|84\/100\n|\n|-weather|SunnyDay|[upkeep]\n|-heal|p2b: Gholdengo|90\/100|[from] item: Leftovers\n|upkeep\n|turn|4\n|\n|t:|1682187423\n|switch|p1b: Great Tusk|Great Tusk, L50, tera:Steel|100\/100\n|-activate|p1b: Great Tusk|ability: Protosynthesis\n|-start|p1b: Great Tusk|protosynthesisatk\n|switch|p2b: Chien-Pao|Chien-Pao, L50|100\/100\n|-ability|p2b: Chien-Pao|Sword of Ruin\n|move|p1a: Wo-Chien|Snarl|p2a: Amoonguss|[spread] p2a,p2b\n|-resisted|p2b: Chien-Pao\n|-damage|p2a: Amoonguss|56\/100\n|-damage|p2b: Chien-Pao|80\/100\n|-unboost|p2a: Amoonguss|spa|1\n|-unboost|p2b: Chien-Pao|spa|1\n|move|p2a: Amoonguss|Spore|p1b: Great Tusk\n|-status|p1b: Great Tusk|slp|[from] move: Spore\n|\n|-weather|SunnyDay|[upkeep]\n|upkeep\n|turn|5\n|\n|t:|1682187445\n|-end|p1b: Great Tusk|Protosynthesis|[silent]\n|switch|p1b: Flutter Mane|Flutter Mane, L50|100\/100\n|-activate|p1b: Flutter Mane|ability: Protosynthesis\n|-start|p1b: Flutter Mane|protosynthesisspa\n|move|p1a: Wo-Chien|Snarl|p2b: Chien-Pao|[spread] p2a,p2b\n|-resisted|p2b: Chien-Pao\n|-damage|p2a: Amoonguss|30\/100\n|-damage|p2b: Chien-Pao|58\/100\n|-unboost|p2a: Amoonguss|spa|1\n|-unboost|p2b: Chien-Pao|spa|1\n|move|p2b: Chien-Pao|Sacred Sword|p1b: Flutter Mane\n|-immune|p1b: Flutter Mane\n|move|p2a: Amoonguss|Pollen Puff|p2b: Chien-Pao\n|-heal|p2b: Chien-Pao|100\/100\n|\n|-weather|none\n|-end|p1b: Flutter Mane|Protosynthesis\n|upkeep\n|turn|6\n|inactive|Leore has 30 seconds left.\n|\n|t:|1682187473\n|move|p2a: Amoonguss|Protect|p2a: Amoonguss\n|-singleturn|p2a: Amoonguss|Protect\n|move|p1b: Flutter Mane|Dazzling Gleam|p2b: Chien-Pao|[spread] p2b\n|-activate|p2a: Amoonguss|move: Protect\n|-supereffective|p2b: Chien-Pao\n|-damage|p2b: Chien-Pao|0 fnt\n|faint|p2b: Chien-Pao\n|move|p1a: Wo-Chien|Snarl|p2a: Amoonguss\n|-activate|p2a: Amoonguss|move: Protect\n|\n|-sideend|p1: Lugiabirb|move: Tailwind\n|upkeep\n|-message|Leore forfeited.\n|\n|win|Lugiabirb\n|c|\u2606Lugiabirb|gg\n|c| KnickNom|live wo chien reaction\n|c|\u2606Leore|gg\n|c| PierceTheDriftveil|OH MY GODDDD\n|l| Napp02\n|c| PierceTheDriftveil|stained\n","uploadtime":1682187496,"views":20,"p1id":"lugiabirb","p2id":"leore","formatid":"gen9vgc2023regulationc","rating":0,"private":0,"password":""}