{"id":"gen9vgc2023regulationc-1857378029","p1":"hit my whip","p2":"DarkPine60","format":"[Gen 9] VGC 2023 Regulation C","log":"|j|\u2606hit my whip\n|j|\u2606DarkPine60\n|t:|1683183108\n|gametype|doubles\n|player|p1|hit my whip|acetrainerf-gen4dp|1350\n|player|p2|DarkPine60|drayden|1452\n|teamsize|p1|6\n|teamsize|p2|6\n|gen|9\n|tier|[Gen 9] VGC 2023 Regulation C\n|rated|\n|rule|Species Clause: Limit one of each Pok\u00e9mon\n|rule|Item Clause: Limit one of each item\n|clearpoke\n|poke|p1|Jumpluff, L50, F|\n|poke|p1|Torkoal, L50, M|\n|poke|p1|Arcanine, L50, F|\n|poke|p1|Slither Wing, L50|\n|poke|p1|Cyclizar, L50, F|\n|poke|p1|Roaring Moon, L50|\n|poke|p2|Chien-Pao, L50|\n|poke|p2|Palafin, L50, F|\n|poke|p2|Corviknight, L50, M|\n|poke|p2|Volcarona, L50, M|\n|poke|p2|Gothitelle, L50, F|\n|poke|p2|Iron Hands, L50|\n|teampreview|4\n|inactive|Battle timer is ON: inactive players will automatically lose when time's up. (requested by DarkPine60)\n|inactive|hit my whip also wants the timer to be on.\nDarkPine60 has agreed to open team sheets.\n|inactive|hit my whip has 60 seconds left.\n|inactive|DarkPine60 has 60 seconds left.\n|inactive|DarkPine60 has 30 seconds left.\n|\n|t:|1683183169\n|start\n|switch|p1a: Jumpluff|Jumpluff, L50, F|100\/100\n|switch|p1b: Torkoal|Torkoal, L50, M|100\/100\n|switch|p2a: Volcarona|Volcarona, L50, M|100\/100\n|switch|p2b: Gothitelle|Gothitelle, L50, F|100\/100\n|-weather|SunnyDay|[from] ability: Drought|[of] p1b: Torkoal\n|turn|1\n|inactive|hit my whip has 30 seconds left.\n|inactive|DarkPine60 has 30 seconds left.\n|inactive|DarkPine60 has 20 seconds left.\n|\n|t:|1683183207\n|move|p2b: Gothitelle|Fake Out|p1a: Jumpluff\n|-damage|p1a: Jumpluff|93\/100\n|move|p1a: Jumpluff|Sleep Powder|p2a: Volcarona|[miss]\n|-miss|p1a: Jumpluff|p2a: Volcarona\n|move|p2a: Volcarona|Fiery Dance|p1a: Jumpluff\n|-supereffective|p1a: Jumpluff\n|-damage|p1a: Jumpluff|0 fnt\n|-boost|p2a: Volcarona|spa|1\n|faint|p1a: Jumpluff\n|move|p1b: Torkoal|Overheat|p2b: Gothitelle\n|-damage|p2b: Gothitelle|33\/100\n|-unboost|p1b: Torkoal|spa|2\n|-enditem|p1b: Torkoal|Eject Pack\n|-enditem|p2b: Gothitelle|Sitrus Berry|[eat]\n|-heal|p2b: Gothitelle|58\/100|[from] item: Sitrus Berry\n|\n|t:|1683183216\n|switch|p1b: Arcanine|Arcanine, L50, F|100\/100\n|-ability|p1b: Arcanine|Intimidate|boost\n|-unboost|p2a: Volcarona|atk|1\n|-unboost|p2b: Gothitelle|atk|1\n|\n|-weather|SunnyDay|[upkeep]\n|upkeep\n|\n|t:|1683183218\n|switch|p1a: roaring mid|Roaring Moon, L50|100\/100\n|-activate|p1a: roaring mid|ability: Protosynthesis\n|-start|p1a: roaring mid|protosynthesisatk\n|turn|2\n|inactive|DarkPine60 has 30 seconds left.\n|\n|t:|1683183243\n|move|p2a: Volcarona|Protect|p2a: Volcarona\n|-singleturn|p2a: Volcarona|Protect\n|move|p1a: roaring mid|Dragon Dance|p1a: roaring mid\n|-boost|p1a: roaring mid|atk|1\n|-boost|p1a: roaring mid|spe|1\n|move|p1b: Arcanine|Flare Blitz|p2a: Volcarona\n|-activate|p2a: Volcarona|move: Protect\n|move|p2b: Gothitelle|Trick Room|p2b: Gothitelle\n|-fieldstart|move: Trick Room|[of] p2b: Gothitelle\n|\n|-weather|SunnyDay|[upkeep]\n|upkeep\n|turn|3\n|\n|t:|1683183263\n|move|p2b: Gothitelle|Psychic|p1b: Arcanine\n|-crit|p1b: Arcanine\n|-damage|p1b: Arcanine|52\/100\n|move|p1b: Arcanine|Flare Blitz|p2a: Volcarona\n|-damage|p2a: Volcarona|0 fnt\n|faint|p2a: Volcarona\n|-damage|p1b: Arcanine|20\/100|[from] Recoil\n|move|p1a: roaring mid|Throat Chop|p2b: Gothitelle\n|-supereffective|p2b: Gothitelle\n|-damage|p2b: Gothitelle|0 fnt\n|faint|p2b: Gothitelle\n|\n|-weather|SunnyDay|[upkeep]\n|upkeep\n|\n|t:|1683183274\n|switch|p2b: Corviknight|Corviknight, L50, M, shiny|100\/100\n|switch|p2a: Iron Hands|Iron Hands, L50|100\/100\n|turn|4\n|inactive|hit my whip has 30 seconds left.\n|inactive|DarkPine60 has 30 seconds left.\n|inactive|hit my whip has 20 seconds left.\n|\n|t:|1683183311\n|-terastallize|p1a: roaring mid|Flying\n|move|p2a: Iron Hands|Drain Punch|p1a: roaring mid\n|-resisted|p1a: roaring mid\n|-damage|p1a: roaring mid|73\/100\n|move|p2b: Corviknight|Brave Bird|p1b: Arcanine\n|-damage|p1b: Arcanine|0 fnt\n|faint|p1b: Arcanine\n|-damage|p2b: Corviknight|94\/100|[from] Recoil\n|move|p1a: roaring mid|Tera Blast|p2a: Iron Hands\n|-damage|p2a: Iron Hands|34\/100\n|\n|-weather|SunnyDay|[upkeep]\n|upkeep\n|\n|t:|1683183317\n|switch|p1b: Torkoal|Torkoal, L50, M|100\/100\n|turn|5\n|inactive|DarkPine60 has 30 seconds left.\n|\n|t:|1683183346\n|-terastallize|p2b: Corviknight|Fire\n|move|p1b: Torkoal|Earth Power|p2a: Iron Hands\n|-supereffective|p2a: Iron Hands\n|-damage|p2a: Iron Hands|8\/100\n|move|p2a: Iron Hands|Wild Charge|p1a: roaring mid\n|-supereffective|p1a: roaring mid\n|-damage|p1a: roaring mid|0 fnt\n|faint|p1a: roaring mid\n|-end|p1a: roaring mid|Protosynthesis|[silent]\n|-damage|p2a: Iron Hands|0 fnt|[from] Recoil\n|faint|p2a: Iron Hands\n|-end|p2a: Iron Hands|Quark Drive|[silent]\n|move|p2b: Corviknight|Brave Bird|p1b: Torkoal\n|-damage|p1b: Torkoal|66\/100\n|-damage|p2b: Corviknight|84\/100|[from] Recoil\n|\n|-weather|none\n|upkeep\n|turn|6\n|inactive|hit my whip has 30 seconds left.\n|\n|t:|1683183379\n|move|p1b: Torkoal|Yawn|p2b: Corviknight\n|-start|p2b: Corviknight|move: Yawn|[of] p1b: Torkoal\n|move|p2b: Corviknight|Brave Bird|p1b: Torkoal\n|-damage|p1b: Torkoal|29\/100\n|-damage|p2b: Corviknight|74\/100|[from] Recoil\n|\n|-fieldend|move: Trick Room\n|upkeep\n|turn|7\n|\n|t:|1683183389\n|move|p2b: Corviknight|Brave Bird|p1b: Torkoal\n|-damage|p1b: Torkoal|0 fnt\n|faint|p1b: Torkoal\n|-damage|p2b: Corviknight|65\/100|[from] Recoil\n|\n|win|DarkPine60\n|raw|hit my whip's rating: 1350 → 1336<\/strong> (-14 for losing)\n|raw|DarkPine60's rating: 1452 → 1466<\/strong> (+14 for winning)\n|l|\u2606hit my whip\n","uploadtime":1683183402,"views":6,"p1id":"hitmywhip","p2id":"darkpine60","formatid":"gen9vgc2023regulationc","rating":1336,"private":0,"password":""}