{"id":"gen9vgc2023regulationc-1854794210","p1":"GholdenCome","p2":"DevasterMAT","format":"[Gen 9] VGC 2023 Regulation C","log":"|j|\u2606GholdenCome\n|j|\u2606DevasterMAT\n|t:|1682866826\n|gametype|doubles\n|player|p1|GholdenCome|ingo|1629\n|player|p2|DevasterMAT|skyla|1649\n|teamsize|p1|6\n|teamsize|p2|6\n|gen|9\n|tier|[Gen 9] VGC 2023 Regulation C\n|rated|\n|rule|Species Clause: Limit one of each Pok\u00e9mon\n|rule|Item Clause: Limit one of each item\n|clearpoke\n|poke|p1|Ceruledge, L50, M|\n|poke|p1|Tinkaton, L50, F|\n|poke|p1|Ting-Lu, L50|\n|poke|p1|Amoonguss, L50, M|\n|poke|p1|Gyarados, L50, F|\n|poke|p1|Flutter Mane, L50|\n|poke|p2|Iron Bundle, L50|\n|poke|p2|Abomasnow, L50, M|\n|poke|p2|Ting-Lu, L50|\n|poke|p2|Annihilape, L50, M|\n|poke|p2|Glimmora, L50, F|\n|poke|p2|Arcanine, L50, F|\n|teampreview|4\n|inactive|Battle timer is ON: inactive players will automatically lose when time's up. (requested by DevasterMAT)\n|inactive|GholdenCome has 60 seconds left.\n|inactive|DevasterMAT has 60 seconds left.\n|j| Villa Manin\n|inactive|DevasterMAT has 30 seconds left.\n|\n|t:|1682866890\n|start\n|switch|p1a: Ting-Lu|Ting-Lu, L50|100\/100\n|switch|p1b: Tinkaton|Tinkaton, L50, F|100\/100\n|switch|p2a: Glimmora|Glimmora, L50, F, shiny|100\/100\n|switch|p2b: Arcanine|Arcanine, L50, F|100\/100\n|-ability|p2b: Arcanine|Intimidate|boost\n|-unboost|p1a: Ting-Lu|atk|1\n|-unboost|p1b: Tinkaton|atk|1\n|-ability|p1b: Tinkaton|Mold Breaker\n|-ability|p1a: Ting-Lu|Vessel of Ruin\n|turn|1\n|inactive|GholdenCome has 30 seconds left.\n|inactive|GholdenCome has 20 seconds left.\n|\n|t:|1682866927\n|switch|p2b: Annihilape|Annihilape, L50, M|100\/100\n|-terastallize|p1b: Tinkaton|Flying\n|move|p2a: Glimmora|Spiky Shield|p2a: Glimmora\n|-singleturn|p2a: Glimmora|move: Protect\n|move|p1b: Tinkaton|Fake Out|p2b: Annihilape\n|-immune|p2b: Annihilape\n|move|p1a: Ting-Lu|Earthquake|p2b: Annihilape|[spread] p2b\n|-activate|p2a: Glimmora|move: Protect\n|-immune|p1b: Tinkaton\n|-damage|p2b: Annihilape|75\/100\n|\n|-heal|p2b: Annihilape|81\/100|[from] item: Leftovers\n|upkeep\n|turn|2\n|inactive|DevasterMAT has 30 seconds left.\n|\n|t:|1682866959\n|switch|p2a: Arcanine|Arcanine, L50, F|100\/100\n|-ability|p2a: Arcanine|Intimidate|boost\n|-unboost|p1a: Ting-Lu|atk|1\n|-unboost|p1b: Tinkaton|atk|1\n|switch|p1a: Amoonguss|Amoonguss, L50, M|100\/100\n|move|p1b: Tinkaton|Thunder Wave|p2b: Annihilape\n|-status|p2b: Annihilape|par\n|move|p2b: Annihilape|Bulk Up|p2b: Annihilape\n|-boost|p2b: Annihilape|atk|1\n|-boost|p2b: Annihilape|def|1\n|\n|-heal|p2b: Annihilape|87\/100 par|[from] item: Leftovers\n|upkeep\n|turn|3\n|\n|t:|1682866980\n|switch|p1b: Ting-Lu|Ting-Lu, L50|100\/100\n|-ability|p1b: Ting-Lu|Vessel of Ruin\n|move|p2a: Arcanine|Flare Blitz|p1a: Amoonguss\n|-supereffective|p1a: Amoonguss\n|-damage|p1a: Amoonguss|28\/100\n|-enditem|p1a: Amoonguss|Sitrus Berry|[eat]\n|-heal|p1a: Amoonguss|53\/100|[from] item: Sitrus Berry\n|-damage|p2a: Arcanine|72\/100|[from] Recoil\n|move|p2b: Annihilape|Rage Fist|p1b: Ting-Lu\n|-resisted|p1b: Ting-Lu\n|-crit|p1b: Ting-Lu\n|-damage|p1b: Ting-Lu|69\/100\n|move|p1a: Amoonguss|Spore|p2a: Arcanine\n|-status|p2a: Arcanine|slp|[from] move: Spore\n|\n|-heal|p2b: Annihilape|94\/100 par|[from] item: Leftovers\n|upkeep\n|turn|4\n|\n|t:|1682867005\n|switch|p2a: Glimmora|Glimmora, L50, F, shiny|100\/100\n|move|p1b: Ting-Lu|Stomping Tantrum|p2a: Glimmora\n|-supereffective|p2a: Glimmora\n|-enditem|p2a: Glimmora|Focus Sash\n|-damage|p2a: Glimmora|1\/100\n|-activate|p2a: Glimmora|ability: Toxic Debris\n|-sidestart|p1: GholdenCome|move: Toxic Spikes\n|move|p2b: Annihilape|Rage Fist|p1a: Amoonguss\n|-damage|p1a: Amoonguss|0 fnt\n|faint|p1a: Amoonguss\n|\n|-heal|p2b: Annihilape|99\/100 par|[from] item: Leftovers\n|upkeep\n|\n|t:|1682867017\n|switch|p1a: Flutter Mane|Flutter Mane, L50|100\/100\n|-status|p1a: Flutter Mane|psn\n|-enditem|p1a: Flutter Mane|Booster Energy\n|-activate|p1a: Flutter Mane|ability: Protosynthesis|[fromitem]\n|-start|p1a: Flutter Mane|protosynthesisspa\n|turn|5\n|inactive|DevasterMAT has 30 seconds left.\n|\n|t:|1682867043\n|move|p2b: Annihilape|Protect|p2b: Annihilape\n|-singleturn|p2b: Annihilape|Protect\n|move|p1a: Flutter Mane|Dazzling Gleam|p2a: Glimmora|[spread] p2a\n|-activate|p2b: Annihilape|move: Protect\n|-resisted|p2a: Glimmora\n|-damage|p2a: Glimmora|0 fnt\n|faint|p2a: Glimmora\n|move|p1b: Ting-Lu|Stomping Tantrum|p2b: Annihilape\n|-activate|p2b: Annihilape|move: Protect\n|\n|-heal|p2b: Annihilape|100\/100 par|[from] item: Leftovers\n|-damage|p1a: Flutter Mane|89\/100 psn|[from] psn\n|upkeep\n|\n|t:|1682867056\n|switch|p2a: Arcanine|Arcanine, L50, F|72\/100 slp\n|-ability|p2a: Arcanine|Intimidate|boost\n|-unboost|p1a: Flutter Mane|atk|1\n|-unboost|p1b: Ting-Lu|atk|1\n|turn|6\n|\n|t:|1682867071\n|-terastallize|p2b: Annihilape|Fire\n|move|p1a: Flutter Mane|Protect|p1a: Flutter Mane\n|-singleturn|p1a: Flutter Mane|Protect\n|cant|p2a: Arcanine|slp\n|move|p1b: Ting-Lu|Earthquake|p2a: Arcanine|[spread] p2a,p2b\n|-activate|p1a: Flutter Mane|move: Protect\n|-supereffective|p2a: Arcanine\n|-supereffective|p2b: Annihilape\n|-damage|p2a: Arcanine|22\/100 slp\n|-damage|p2b: Annihilape|70\/100 par\n|-enditem|p2a: Arcanine|Sitrus Berry|[eat]\n|-heal|p2a: Arcanine|47\/100 slp|[from] item: Sitrus Berry\n|cant|p2b: Annihilape|par\n|\n|-heal|p2b: Annihilape|76\/100 par|[from] item: Leftovers\n|-damage|p1a: Flutter Mane|77\/100 psn|[from] psn\n|upkeep\n|turn|7\n|inactive|DevasterMAT has 30 seconds left.\n|\n|t:|1682867106\n|move|p1a: Flutter Mane|Shadow Ball|p2b: Annihilape\n|-damage|p2b: Annihilape|42\/100 par\n|cant|p2a: Arcanine|slp\n|move|p1b: Ting-Lu|Stomping Tantrum|p2a: Arcanine\n|-supereffective|p2a: Arcanine\n|-crit|p2a: Arcanine\n|-damage|p2a: Arcanine|0 fnt\n|faint|p2a: Arcanine\n|cant|p2b: Annihilape|par\n|\n|-heal|p2b: Annihilape|48\/100 par|[from] item: Leftovers\n|-damage|p1a: Flutter Mane|65\/100 psn|[from] psn\n|upkeep\n|\n|t:|1682867117\n|switch|p2a: Iron Bundle|Iron Bundle, L50, shiny|100\/100\n|-enditem|p2a: Iron Bundle|Booster Energy\n|-activate|p2a: Iron Bundle|ability: Quark Drive|[fromitem]\n|-start|p2a: Iron Bundle|quarkdrivespe\n|turn|8\n|\n|t:|1682867127\n|move|p2a: Iron Bundle|Protect|p2a: Iron Bundle\n|-singleturn|p2a: Iron Bundle|Protect\n|move|p1a: Flutter Mane|Protect|p1a: Flutter Mane\n|-singleturn|p1a: Flutter Mane|Protect\n|move|p1b: Ting-Lu|Earthquake|p2b: Annihilape|[spread] p2b\n|-activate|p1a: Flutter Mane|move: Protect\n|-activate|p2a: Iron Bundle|move: Protect\n|-supereffective|p2b: Annihilape\n|-damage|p2b: Annihilape|16\/100 par\n|move|p2b: Annihilape|Drain Punch|p1b: Ting-Lu\n|-supereffective|p1b: Ting-Lu\n|-damage|p1b: Ting-Lu|4\/100\n|-heal|p2b: Annihilape|53\/100 par|[from] drain|[of] p1b: Ting-Lu\n|\n|-heal|p2b: Annihilape|59\/100 par|[from] item: Leftovers\n|-damage|p1a: Flutter Mane|53\/100 psn|[from] psn\n|upkeep\n|turn|9\n|\n|t:|1682867150\n|switch|p1b: Tinkaton|Tinkaton, L50, F, tera:Flying|100\/100\n|-ability|p1b: Tinkaton|Mold Breaker\n|move|p2a: Iron Bundle|Freeze-Dry|p1b: Tinkaton\n|-supereffective|p1b: Tinkaton\n|-damage|p1b: Tinkaton|40\/100\n|move|p1a: Flutter Mane|Thunderbolt|p2a: Iron Bundle\n|-supereffective|p2a: Iron Bundle\n|-damage|p2a: Iron Bundle|0 fnt\n|faint|p2a: Iron Bundle\n|-end|p2a: Iron Bundle|Quark Drive|[silent]\n|move|p2b: Annihilape|Rage Fist|p1a: Flutter Mane\n|-supereffective|p1a: Flutter Mane\n|-damage|p1a: Flutter Mane|0 fnt\n|faint|p1a: Flutter Mane\n|-end|p1a: Flutter Mane|Protosynthesis|[silent]\n|\n|-heal|p2b: Annihilape|65\/100 par|[from] item: Leftovers\n|upkeep\n|\n|t:|1682867165\n|switch|p1a: Ting-Lu|Ting-Lu, L50|4\/100\n|-status|p1a: Ting-Lu|psn\n|-ability|p1a: Ting-Lu|Vessel of Ruin\n|turn|10\n|\n|t:|1682867184\n|move|p1b: Tinkaton|Helping Hand|p1a: Ting-Lu\n|-singleturn|p1a: Ting-Lu|Helping Hand|[of] p1b: Tinkaton\n|move|p2b: Annihilape|Protect|p2b: Annihilape\n|-singleturn|p2b: Annihilape|Protect\n|move|p1a: Ting-Lu|Earthquake|p2b: Annihilape|[spread] \n|-activate|p2b: Annihilape|move: Protect\n|-immune|p1b: Tinkaton\n|\n|-heal|p2b: Annihilape|71\/100 par|[from] item: Leftovers\n|-damage|p1a: Ting-Lu|0 fnt|[from] psn\n|faint|p1a: Ting-Lu\n|upkeep\n|turn|11\n|-message|GholdenCome forfeited.\n|\n|win|DevasterMAT\n|raw|GholdenCome's rating: 1629 → 1610<\/strong> (-19 for losing)\n|raw|DevasterMAT's rating: 1649 → 1668<\/strong> (+19 for winning)\n|l|\u2606GholdenCome\n|l|\u2606DevasterMAT\n","uploadtime":1682867281,"views":9,"p1id":"gholdencome","p2id":"devastermat","formatid":"gen9vgc2023regulationc","rating":1610,"private":0,"password":""}