{"id":"gen9vgc2023regulationc-1846564138","p1":"jaime111096","p2":"Hanou143","format":"[Gen 9] VGC 2023 Regulation C","log":"|j|\u2606jaime111096\n|j|\u2606Hanou143\n|t:|1681852107\n|gametype|doubles\n|player|p1|jaime111096|2|1075\n|player|p2|Hanou143|170|1167\n|teamsize|p1|6\n|teamsize|p2|6\n|gen|9\n|tier|[Gen 9] VGC 2023 Regulation C\n|rated|\n|rule|Species Clause: Limit one of each Pok\u00e9mon\n|rule|Item Clause: Limit one of each item\n|clearpoke\n|poke|p1|Chien-Pao, L50|\n|poke|p1|Arcanine, L50, F|\n|poke|p1|Amoonguss, L50, F|\n|poke|p1|Gastrodon, L50, F|\n|poke|p1|Gallade, L50, M|\n|poke|p1|Staraptor, L50, M|\n|poke|p2|Quaquaval, L50, F|\n|poke|p2|Stantler, L50, F|\n|poke|p2|Oricorio-Pom-Pom, L50, F|\n|poke|p2|Volcarona, L50, M|\n|poke|p2|Flamigo, L50, M|\n|poke|p2|Grimmsnarl, L50, M|\n|teampreview|4\n|inactive|Battle timer is ON: inactive players will automatically lose when time's up. (requested by jaime111096)\n|inactive|Hanou143 has 60 seconds left.\nHanou143 rejected open team sheets.\n|\n|t:|1681852176\n|start\n|switch|p1a: Gallade|Gallade, L50, M|100\/100\n|switch|p1b: Staraptor|Staraptor, L50, M|100\/100\n|switch|p2a: Stantler|Stantler, L50, F|100\/100\n|switch|p2b: Grimmsnarl|Grimmsnarl, L50, M|100\/100\n|-ability|p1b: Staraptor|Intimidate|boost\n|-unboost|p2a: Stantler|atk|1\n|-unboost|p2b: Grimmsnarl|atk|1\n|-ability|p2a: Stantler|Intimidate|boost\n|-unboost|p1a: Gallade|atk|1\n|-unboost|p1b: Staraptor|atk|1\n|turn|1\n|\n|t:|1681852197\n|move|p2b: Grimmsnarl|Reflect|p2b: Grimmsnarl\n|-sidestart|p2: Hanou143|Reflect\n|move|p1b: Staraptor|Brave Bird|p2b: Grimmsnarl\n|-damage|p2b: Grimmsnarl|76\/100\n|-damage|p1b: Staraptor|92\/100|[from] Recoil\n|move|p2a: Stantler|Role Play||[still]\n|-fail|p2a: Stantler\n|move|p1a: Gallade|Sacred Sword|p2a: Stantler\n|-supereffective|p2a: Stantler\n|-damage|p2a: Stantler|36\/100\n|\n|upkeep\n|turn|2\n|\n|t:|1681852214\n|switch|p1a: Arcanine|Arcanine, L50, F|100\/100\n|-ability|p1a: Arcanine|Intimidate|boost\n|-unboost|p2a: Stantler|atk|1\n|-unboost|p2b: Grimmsnarl|atk|1\n|move|p2b: Grimmsnarl|Parting Shot|p1a: Arcanine\n|-unboost|p1a: Arcanine|atk|1\n|-unboost|p1a: Arcanine|spa|1\n|\n|t:|1681852222\n|switch|p2b: Oricorio|Oricorio-Pom-Pom, L50, F|100\/100|[from] Parting Shot\n|move|p1b: Staraptor|Tailwind|p1b: Staraptor\n|-sidestart|p1: jaime111096|move: Tailwind\n|move|p2a: Stantler|Role Play|p2b: Oricorio\n|-endability|p2a: Stantler|Intimidate|[from] move: Role Play\n|-ability|p2a: Stantler|Dancer|[from] move: Role Play|[of] p2b: Oricorio\n|\n|upkeep\n|turn|3\n|\n|t:|1681852242\n|switch|p1b: Chien-Pao|Chien-Pao, L50|100\/100\n|-ability|p1b: Chien-Pao|Sword of Ruin\n|move|p1a: Arcanine|Flare Blitz|p2b: Oricorio\n|-damage|p2b: Oricorio|69\/100\n|-damage|p1a: Arcanine|92\/100|[from] Recoil\n|move|p2b: Oricorio|Quiver Dance|p2b: Oricorio\n|-boost|p2b: Oricorio|spa|1\n|-boost|p2b: Oricorio|spd|1\n|-boost|p2b: Oricorio|spe|1\n|-activate|p2a: Stantler|ability: Dancer\n|move|p2a: Stantler|Quiver Dance|p2a: Stantler|[from]ability: Dancer\n|-boost|p2a: Stantler|spa|1\n|-boost|p2a: Stantler|spd|1\n|-boost|p2a: Stantler|spe|1\n|move|p2a: Stantler|Rest|p2a: Stantler\n|-status|p2a: Stantler|slp|[from] move: Rest\n|-heal|p2a: Stantler|100\/100 slp|[silent]\n|\n|upkeep\n|turn|4\n|inactive|Hanou143 has 30 seconds left.\n|\n|t:|1681852272\n|move|p2b: Oricorio|Protect|p2b: Oricorio\n|-singleturn|p2b: Oricorio|Protect\n|move|p1b: Chien-Pao|Ice Spinner|p2b: Oricorio\n|-activate|p2b: Oricorio|move: Protect\n|move|p1a: Arcanine|Flare Blitz|p2b: Oricorio\n|-activate|p2b: Oricorio|move: Protect\n|cant|p2a: Stantler|slp\n|\n|upkeep\n|turn|5\n|\n|t:|1681852291\n|-terastallize|p2b: Oricorio|Electric\n|move|p1b: Chien-Pao|Ice Spinner|p2b: Oricorio\n|-damage|p2b: Oricorio|20\/100\n|-damage|p1b: Chien-Pao|91\/100|[from] item: Life Orb\n|move|p1a: Arcanine|Flare Blitz|p2a: Stantler\n|-damage|p2a: Stantler|74\/100 slp\n|-damage|p1a: Arcanine|84\/100|[from] Recoil\n|move|p2b: Oricorio|Quiver Dance|p2b: Oricorio\n|-boost|p2b: Oricorio|spa|1\n|-boost|p2b: Oricorio|spd|1\n|-boost|p2b: Oricorio|spe|1\n|-activate|p2a: Stantler|ability: Dancer\n|cant|p2a: Stantler|slp\n|-curestatus|p2a: Stantler|slp|[msg]\n|move|p2a: Stantler|Stored Power|p1a: Arcanine\n|-damage|p1a: Arcanine|67\/100\n|\n|-sideend|p1: jaime111096|move: Tailwind\n|upkeep\n|turn|6\n|inactive|jaime111096 has 30 seconds left.\n|inactive|Hanou143 has 30 seconds left.\n|\n|t:|1681852321\n|move|p2b: Oricorio|Protect|p2b: Oricorio\n|-singleturn|p2b: Oricorio|Protect\n|move|p1a: Arcanine|Extreme Speed|p2b: Oricorio\n|-activate|p2b: Oricorio|move: Protect\n|move|p1b: Chien-Pao|Sacred Sword|p2a: Stantler\n|-supereffective|p2a: Stantler\n|-damage|p2a: Stantler|4\/100\n|-damage|p1b: Chien-Pao|81\/100|[from] item: Life Orb\n|move|p2a: Stantler|Body Slam|p1a: Arcanine\n|-damage|p1a: Arcanine|47\/100\n|-status|p1a: Arcanine|par\n|\n|upkeep\n|turn|7\n|\n|t:|1681852345\n|move|p1a: Arcanine|Extreme Speed|p2a: Stantler\n|-damage|p2a: Stantler|0 fnt\n|faint|p2a: Stantler\n|move|p1b: Chien-Pao|Sucker Punch|p2b: Oricorio\n|-damage|p2b: Oricorio|0 fnt\n|faint|p2b: Oricorio\n|-damage|p1b: Chien-Pao|72\/100|[from] item: Life Orb\n|\n|upkeep\n|\n|t:|1681852354\n|switch|p2b: Grimmsnarl|Grimmsnarl, L50, M|76\/100\n|switch|p2a: Volcarona|Volcarona, L50, M|100\/100\n|turn|8\n|\n|t:|1681852375\n|move|p2b: Grimmsnarl|Parting Shot|p1a: Arcanine\n|-unboost|p1a: Arcanine|atk|1\n|-unboost|p1a: Arcanine|spa|1\n|move|p1b: Chien-Pao|Ice Spinner|p2b: Grimmsnarl\n|-damage|p2b: Grimmsnarl|31\/100\n|-damage|p1b: Chien-Pao|62\/100|[from] item: Life Orb\n|move|p2a: Volcarona|Fiery Dance|p1b: Chien-Pao\n|-supereffective|p1b: Chien-Pao\n|-damage|p1b: Chien-Pao|0 fnt\n|faint|p1b: Chien-Pao\n|cant|p1a: Arcanine|par\n|\n|-sideend|p2: Hanou143|Reflect\n|upkeep\n|\n|t:|1681852388\n|switch|p1b: Staraptor|Staraptor, L50, M|92\/100\n|-ability|p1b: Staraptor|Intimidate|boost\n|-unboost|p2a: Volcarona|atk|1\n|-unboost|p2b: Grimmsnarl|atk|1\n|turn|9\n|\n|t:|1681852406\n|move|p2b: Grimmsnarl|Reflect|p2b: Grimmsnarl\n|-sidestart|p2: Hanou143|Reflect\n|move|p1b: Staraptor|Brave Bird|p2b: Grimmsnarl\n|-damage|p2b: Grimmsnarl|0 fnt\n|faint|p2b: Grimmsnarl\n|-damage|p1b: Staraptor|81\/100|[from] Recoil\n|move|p2a: Volcarona|Fiery Dance|p1b: Staraptor\n|-damage|p1b: Staraptor|23\/100\n|cant|p1a: Arcanine|par\n|\n|upkeep\n|turn|10\n|\n|t:|1681852419\n|move|p1b: Staraptor|Brave Bird|p2a: Volcarona\n|-supereffective|p2a: Volcarona\n|-damage|p2a: Volcarona|20\/100\n|-status|p1b: Staraptor|brn|[from] ability: Flame Body|[of] p2a: Volcarona\n|-damage|p1b: Staraptor|0 fnt|[from] Recoil\n|faint|p1b: Staraptor\n|move|p2a: Volcarona|Fiery Dance|p1a: Arcanine\n|-resisted|p1a: Arcanine\n|-damage|p1a: Arcanine|35\/100 par\n|-boost|p2a: Volcarona|spa|1\n|move|p1a: Arcanine|Flare Blitz|p2a: Volcarona\n|-damage|p2a: Volcarona|8\/100\n|-damage|p1a: Arcanine|31\/100 par|[from] Recoil\n|\n|upkeep\n|n|!jaime111096|jaime111096\n|\n|t:|1681852433\n|switch|p1b: Gallade|Gallade, L50, M|100\/100\n|turn|11\n|\n|t:|1681852445\n|move|p1a: Arcanine|Extreme Speed|p2a: Volcarona\n|-damage|p2a: Volcarona|2\/100\n|move|p2a: Volcarona|Giga Drain|p1b: Gallade\n|-damage|p1b: Gallade|79\/100\n|-heal|p2a: Volcarona|11\/100|[from] drain|[of] p1b: Gallade\n|move|p1b: Gallade|Night Slash|p2a: Volcarona\n|-damage|p2a: Volcarona|0 fnt\n|faint|p2a: Volcarona\n|\n|win|jaime111096\n|raw|jaime111096's rating: 1075 → 1111<\/strong> (+36 for winning)\n|raw|Hanou143's rating: 1167 → 1136<\/strong> (-31 for losing)\n","uploadtime":1681852427,"views":7,"p1id":"jaime111096","p2id":"hanou143","formatid":"gen9vgc2023regulationc","rating":1111,"private":0,"password":""}