{"id":"gen9vgc2023regulationc-1850273204","p1":"Kim Wexler Gaming","p2":"Losingwithbadteam","format":"[Gen 9] VGC 2023 Regulation C","log":"|j|\u2606Kim Wexler Gaming\n|j|\u2606Losingwithbadteam\n|t:|1682309117\n|gametype|doubles\n|player|p1|Kim Wexler Gaming|penny|1112\n|player|p2|Losingwithbadteam|102|1013\n|teamsize|p1|6\n|teamsize|p2|6\n|gen|9\n|tier|[Gen 9] VGC 2023 Regulation C\n|rated|\n|rule|Species Clause: Limit one of each Pok\u00e9mon\n|rule|Item Clause: Limit one of each item\n|clearpoke\n|poke|p1|Iron Jugulis, L50|\n|poke|p1|Garchomp, L50, F|\n|poke|p1|Chien-Pao, L50|\n|poke|p1|Kilowattrel, L50, F|\n|poke|p1|Mismagius, L50, F|\n|poke|p1|Ting-Lu, L50|\n|poke|p2|Chi-Yu, L50|\n|poke|p2|Flutter Mane, L50|\n|poke|p2|Chien-Pao, L50|\n|poke|p2|Arcanine, L50, F|\n|poke|p2|Amoonguss, L50, F|\n|poke|p2|Ting-Lu, L50|\n|teampreview|4\n|inactive|Battle timer is ON: inactive players will automatically lose when time's up. (requested by Kim Wexler Gaming)\n|inactive|Losingwithbadteam also wants the timer to be on.\n|c|\u2606Kim Wexler Gaming|Good luck, have fun.\n|inactive|Losingwithbadteam has 60 seconds left.\n|\n|t:|1682309150\n|start\n|switch|p1a: Dommy Mommy|Garchomp, L50, F, shiny|100\/100\n|switch|p1b: Whaaaaaat.|Iron Jugulis, L50|100\/100\n|switch|p2a: Chi-Yu|Chi-Yu, L50|100\/100\n|switch|p2b: Flutter Mane|Flutter Mane, L50|100\/100\n|-ability|p2a: Chi-Yu|Beads of Ruin\n|-enditem|p1b: Whaaaaaat.|Booster Energy\n|-activate|p1b: Whaaaaaat.|ability: Quark Drive|[fromitem]\n|-start|p1b: Whaaaaaat.|quarkdrivespe\n|turn|1\n|\n|t:|1682309162\n|-terastallize|p2a: Chi-Yu|Electric\n|move|p1a: Dommy Mommy|Protect|p1a: Dommy Mommy\n|-singleturn|p1a: Dommy Mommy|Protect\n|move|p1b: Whaaaaaat.|Tailwind|p1b: Whaaaaaat.\n|-sidestart|p1: Kim Wexler Gaming|move: Tailwind\n|move|p2b: Flutter Mane|Moonblast|p1a: Dommy Mommy\n|-activate|p1a: Dommy Mommy|move: Protect\n|move|p2a: Chi-Yu|Tera Blast|p1b: Whaaaaaat.\n|-supereffective|p1b: Whaaaaaat.\n|-damage|p1b: Whaaaaaat.|0 fnt\n|faint|p1b: Whaaaaaat.\n|-end|p1b: Whaaaaaat.|Quark Drive|[silent]\n|\n|upkeep\n|\n|t:|1682309172\n|switch|p1b: SUPERIOR Esmerelda|Mismagius, L50, F|100\/100\n|turn|2\n|inactive|Losingwithbadteam has 30 seconds left.\n|\n|t:|1682309199\n|switch|p2a: Amoonguss|Amoonguss, L50, F|100\/100\n|-terastallize|p1a: Dommy Mommy|Fire\n|move|p1b: SUPERIOR Esmerelda|Protect|p1b: SUPERIOR Esmerelda\n|-singleturn|p1b: SUPERIOR Esmerelda|Protect\n|move|p2b: Flutter Mane|Protect|p2b: Flutter Mane\n|-singleturn|p2b: Flutter Mane|Protect\n|move|p1a: Dommy Mommy|Swords Dance|p1a: Dommy Mommy\n|-boost|p1a: Dommy Mommy|atk|2\n|\n|upkeep\n|turn|3\n|inactive|Losingwithbadteam has 30 seconds left.\n|\n|t:|1682309233\n|move|p2a: Amoonguss|Rage Powder|p2a: Amoonguss\n|-singleturn|p2a: Amoonguss|move: Rage Powder\n|move|p1b: SUPERIOR Esmerelda|Shadow Ball|p2a: Amoonguss\n|-damage|p2a: Amoonguss|71\/100\n|move|p1a: Dommy Mommy|Earthquake|p2a: Amoonguss|[spread] p2a,p2b\n|-immune|p1b: SUPERIOR Esmerelda|[from] ability: Levitate\n|-damage|p2a: Amoonguss|4\/100\n|-damage|p2b: Flutter Mane|0 fnt\n|-enditem|p2a: Amoonguss|Iapapa Berry|[eat]\n|-heal|p2a: Amoonguss|37\/100|[from] item: Iapapa Berry\n|faint|p2b: Flutter Mane\n|-end|p2b: Flutter Mane|Protosynthesis|[silent]\n|\n|upkeep\n|\n|t:|1682309245\n|switch|p2b: Chien-Pao|Chien-Pao, L50|100\/100\n|-ability|p2b: Chien-Pao|Sword of Ruin\n|turn|4\n|\n|t:|1682309252\n|move|p2b: Chien-Pao|Protect|p2b: Chien-Pao\n|-singleturn|p2b: Chien-Pao|Protect\n|move|p1b: SUPERIOR Esmerelda|Dazzling Gleam|p2a: Amoonguss|[spread] p2a\n|-activate|p2b: Chien-Pao|move: Protect\n|-resisted|p2a: Amoonguss\n|-damage|p2a: Amoonguss|30\/100\n|move|p1a: Dommy Mommy|Earthquake|p2b: Chien-Pao|[spread] p2a\n|-activate|p2b: Chien-Pao|move: Protect\n|-immune|p1b: SUPERIOR Esmerelda|[from] ability: Levitate\n|-damage|p2a: Amoonguss|0 fnt\n|faint|p2a: Amoonguss\n|\n|-sideend|p1: Kim Wexler Gaming|move: Tailwind\n|upkeep\n|\n|t:|1682309262\n|switch|p2a: Chi-Yu|Chi-Yu, L50, tera:Electric|100\/100\n|-ability|p2a: Chi-Yu|Beads of Ruin\n|turn|5\n|inactive|Losingwithbadteam has 30 seconds left.\n|inactive|Losingwithbadteam has 20 seconds left.\n|\n|t:|1682309297\n|move|p1b: SUPERIOR Esmerelda|Protect|p1b: SUPERIOR Esmerelda\n|-singleturn|p1b: SUPERIOR Esmerelda|Protect\n|move|p2b: Chien-Pao|Crunch|p1a: Dommy Mommy\n|-damage|p1a: Dommy Mommy|54\/100\n|-damage|p2b: Chien-Pao|88\/100|[from] ability: Rough Skin|[of] p1a: Dommy Mommy\n|move|p2a: Chi-Yu|Dark Pulse|p1b: SUPERIOR Esmerelda\n|-activate|p1b: SUPERIOR Esmerelda|move: Protect\n|move|p1a: Dommy Mommy|Earthquake|p2a: Chi-Yu|[spread] p2a,p2b\n|-activate|p1b: SUPERIOR Esmerelda|move: Protect\n|-supereffective|p2a: Chi-Yu\n|-crit|p2a: Chi-Yu\n|-damage|p2a: Chi-Yu|0 fnt\n|-damage|p2b: Chien-Pao|0 fnt\n|faint|p2a: Chi-Yu\n|faint|p2b: Chien-Pao\n|\n|win|Kim Wexler Gaming\n|raw|Kim Wexler Gaming's rating: 1112 → 1130<\/strong> (+18 for winning)\n|raw|Losingwithbadteam's rating: 1013 → 1004<\/strong> (-9 for losing)\n|l|\u2606Losingwithbadteam\n|c|\u2606Kim Wexler Gaming|G.g.w.p.\n","uploadtime":1682309307,"views":25,"p1id":"kimwexlergaming","p2id":"losingwithbadteam","formatid":"gen9vgc2023regulationc","rating":1004,"private":0,"password":""}