{"id":"gen9vgc2023regulationc-1859901301","p1":"YveltalAllegations","p2":"Invencible19","format":"[Gen 9] VGC 2023 Regulation C","log":"|j|\u2606YveltalAllegations\n|j|\u2606Invencible19\n|t:|1683574152\n|gametype|doubles\n|player|p1|YveltalAllegations|brycenman|1200\n|player|p2|Invencible19|265|1134\n|teamsize|p1|6\n|teamsize|p2|6\n|gen|9\n|tier|[Gen 9] VGC 2023 Regulation C\n|rated|\n|rule|Species Clause: Limit one of each Pok\u00e9mon\n|rule|Item Clause: Limit one of each item\n|clearpoke\n|poke|p1|Flutter Mane, L50|\n|poke|p1|Ting-Lu, L50|\n|poke|p1|Gyarados, L50, F|\n|poke|p1|Baxcalibur, L50, M|\n|poke|p1|Oinkologne, L50, M|\n|poke|p1|Abomasnow, L50, M|\n|poke|p2|Ceruledge, L50, M|\n|poke|p2|Ting-Lu, L50|\n|poke|p2|Iron Bundle, L50|\n|poke|p2|Scizor, L50, M|\n|poke|p2|Iron Hands, L50|\n|poke|p2|Amoonguss, L50, F|\n|teampreview|4\n|inactive|Battle timer is ON: inactive players will automatically lose when time's up. (requested by Invencible19)\nYveltalAllegations has agreed to open team sheets.\n|inactive|YveltalAllegations has 60 seconds left.\nInvencible19 has agreed to open team sheets.\n|inactive|YveltalAllegations has 30 seconds left.\n|\n|t:|1683574221\n|start\n|switch|p1a: Peindeer|Ting-Lu, L50|100\/100\n|switch|p1b: #1 Palafan|Gyarados, L50, F, shiny|100\/100\n|switch|p2a: Iron Hands|Iron Hands, L50|100\/100\n|switch|p2b: Scizor|Scizor, L50, M|100\/100\n|-ability|p1b: #1 Palafan|Intimidate|boost\n|-unboost|p2a: Iron Hands|atk|1\n|-unboost|p2b: Scizor|atk|1\n|-ability|p1a: Peindeer|Vessel of Ruin\n|turn|1\n|inactive|YveltalAllegations has 30 seconds left.\n|inactive|YveltalAllegations has 20 seconds left.\n|\n|t:|1683574260\n|move|p2a: Iron Hands|Fake Out|p1b: #1 Palafan\n|-damage|p1b: #1 Palafan|90\/100\n|cant|p1b: #1 Palafan|flinch\n|move|p2b: Scizor|U-turn|p1b: #1 Palafan\n|-resisted|p1b: #1 Palafan\n|-damage|p1b: #1 Palafan|79\/100\n|\n|t:|1683574266\n|switch|p2b: Iron Bundle|Iron Bundle, L50|100\/100|[from] U-turn\n|-enditem|p2b: Iron Bundle|Booster Energy\n|-activate|p2b: Iron Bundle|ability: Quark Drive|[fromitem]\n|-start|p2b: Iron Bundle|quarkdrivespe\n|move|p1a: Peindeer|Earthquake|p2b: Iron Bundle|[spread] p2a,p2b\n|-immune|p1b: #1 Palafan\n|-supereffective|p2a: Iron Hands\n|-damage|p2a: Iron Hands|18\/100\n|-damage|p2b: Iron Bundle|41\/100\n|\n|upkeep\n|turn|2\n|inactive|YveltalAllegations has 30 seconds left.\n|\n|t:|1683574295\n|move|p1b: #1 Palafan|Helping Hand|p1a: Peindeer\n|-singleturn|p1a: Peindeer|Helping Hand|[of] p1b: #1 Palafan\n|move|p2b: Iron Bundle|Hydro Pump|p1a: Peindeer\n|-supereffective|p1a: Peindeer\n|-damage|p1a: Peindeer|42\/100\n|move|p2a: Iron Hands|Drain Punch|p1a: Peindeer\n|-supereffective|p1a: Peindeer\n|-damage|p1a: Peindeer|4\/100\n|-heal|p2a: Iron Hands|36\/100|[from] drain|[of] p1a: Peindeer\n|move|p1a: Peindeer|Earthquake|p2a: Iron Hands|[spread] p2a,p2b\n|-immune|p1b: #1 Palafan\n|-supereffective|p2a: Iron Hands\n|-damage|p2a: Iron Hands|0 fnt\n|-damage|p2b: Iron Bundle|0 fnt\n|faint|p2a: Iron Hands\n|-end|p2a: Iron Hands|Quark Drive|[silent]\n|faint|p2b: Iron Bundle\n|-end|p2b: Iron Bundle|Quark Drive|[silent]\n|\n|upkeep\n|\n|t:|1683574305\n|switch|p2b: Ting-Lu|Ting-Lu, L50|100\/100\n|switch|p2a: Scizor|Scizor, L50, M|100\/100\n|-ability|p2b: Ting-Lu|Vessel of Ruin\n|turn|3\n|\n|t:|1683574322\n|move|p2a: Scizor|Bullet Punch|p1a: Peindeer\n|-damage|p1a: Peindeer|0 fnt\n|faint|p1a: Peindeer\n|move|p1b: #1 Palafan|Thunder Wave|p2a: Scizor\n|-status|p2a: Scizor|par\n|move|p2b: Ting-Lu|Rock Slide|p1b: #1 Palafan\n|-supereffective|p1b: #1 Palafan\n|-damage|p1b: #1 Palafan|29\/100\n|\n|upkeep\n|\n|t:|1683574340\n|switch|p1a: Kaiju|Baxcalibur, L50, M|100\/100\n|turn|4\n|\n|t:|1683574363\n|move|p1a: Kaiju|Protect|p1a: Kaiju\n|-singleturn|p1a: Kaiju|Protect\n|cant|p2a: Scizor|par\n|move|p1b: #1 Palafan|Iron Head|p2b: Ting-Lu\n|-damage|p2b: Ting-Lu|86\/100\n|cant|p2b: Ting-Lu|flinch\n|\n|upkeep\n|turn|5\n|inactive|YveltalAllegations has 30 seconds left.\n|inactive|YveltalAllegations has 20 seconds left.\n|inactive|YveltalAllegations has 15 seconds left.\n|\n|t:|1683574405\n|-terastallize|p1a: Kaiju|Electric\n|move|p1b: #1 Palafan|Helping Hand|p1a: Kaiju\n|-singleturn|p1a: Kaiju|Helping Hand|[of] p1b: #1 Palafan\n|cant|p2a: Scizor|par\n|move|p1a: Kaiju|Tera Blast|p2a: Scizor\n|-damage|p2a: Scizor|10\/100 par\n|-enditem|p2a: Scizor|Sitrus Berry|[eat]\n|-heal|p2a: Scizor|35\/100 par|[from] item: Sitrus Berry\n|-damage|p1a: Kaiju|91\/100|[from] item: Life Orb\n|move|p2b: Ting-Lu|Rock Slide|p1a: Kaiju|[spread] p1a\n|-miss|p2b: Ting-Lu|p1b: #1 Palafan\n|-damage|p1a: Kaiju|73\/100\n|\n|upkeep\n|turn|6\n|inactive|YveltalAllegations has 30 seconds left.\n|\n|t:|1683574435\n|move|p1b: #1 Palafan|Helping Hand|p1a: Kaiju\n|-singleturn|p1a: Kaiju|Helping Hand|[of] p1b: #1 Palafan\n|move|p2a: Scizor|Protect|p2a: Scizor\n|-singleturn|p2a: Scizor|Protect\n|move|p1a: Kaiju|Glaive Rush|p2b: Ting-Lu\n|-damage|p2b: Ting-Lu|7\/100\n|-singlemove|p1a: Kaiju|Glaive Rush|[silent]\n|-damage|p1a: Kaiju|63\/100|[from] item: Life Orb\n|move|p2b: Ting-Lu|Stomping Tantrum|p1a: Kaiju\n|-supereffective|p1a: Kaiju\n|-damage|p1a: Kaiju|0 fnt\n|faint|p1a: Kaiju\n|\n|upkeep\n|\n|t:|1683574446\n|switch|p1a: Lorule|Flutter Mane, L50|100\/100\n|-enditem|p1a: Lorule|Booster Energy\n|-activate|p1a: Lorule|ability: Protosynthesis|[fromitem]\n|-start|p1a: Lorule|protosynthesisspa\n|turn|7\n|\n|t:|1683574465\n|-terastallize|p2a: Scizor|Water\n|move|p1a: Lorule|Protect|p1a: Lorule\n|-singleturn|p1a: Lorule|Protect\n|move|p2a: Scizor|Bullet Punch|p1a: Lorule\n|-activate|p1a: Lorule|move: Protect\n|move|p1b: #1 Palafan|Waterfall|p2b: Ting-Lu\n|-supereffective|p2b: Ting-Lu\n|-damage|p2b: Ting-Lu|0 fnt\n|faint|p2b: Ting-Lu\n|\n|upkeep\n|turn|8\n|\n|t:|1683574487\n|cant|p2a: Scizor|par\n|move|p1a: Lorule|Hex|p2a: Scizor\n|-damage|p2a: Scizor|0 fnt\n|faint|p2a: Scizor\n|\n|win|YveltalAllegations\n|raw|YveltalAllegations's rating: 1200 → 1220<\/strong> (+20 for winning)\n|raw|Invencible19's rating: 1134 → 1114<\/strong> (-20 for losing)\n","uploadtime":1683574494,"views":12,"p1id":"yveltalallegations","p2id":"invencible19","formatid":"gen9vgc2023regulationc","rating":1114,"private":0,"password":""}