{"id":"gen9vgc2023regulationc-1847558039","p1":"Zoono","p2":"Vilchez117","format":"[Gen 9] VGC 2023 Regulation C","log":"|j|\u2606Zoono\n|j|\u2606Vilchez117\n|t:|1681973150\n|gametype|doubles\n|player|p1|Zoono|ghetsis-gen5bw|1193\n|player|p2|Vilchez117|169|1164\n|teamsize|p1|6\n|teamsize|p2|6\n|gen|9\n|tier|[Gen 9] VGC 2023 Regulation C\n|rated|\n|rule|Species Clause: Limit one of each Pok\u00e9mon\n|rule|Item Clause: Limit one of each item\n|clearpoke\n|poke|p1|Flutter Mane, L50|\n|poke|p1|Amoonguss, L50, M|\n|poke|p1|Arcanine, L50, M|\n|poke|p1|Palafin, L50, M|\n|poke|p1|Ting-Lu, L50|\n|poke|p1|Dragonite, L50, M|\n|poke|p2|Houndstone, L50, F|\n|poke|p2|Tyranitar, L50, F|\n|poke|p2|Maushold-Four, L50|\n|poke|p2|Great Tusk, L50|\n|poke|p2|Sylveon, L50, M|\n|poke|p2|Salamence, L50, M|\n|teampreview|4\nZoono has agreed to open team sheets.\n|\n|t:|1681973195\n|start\n|switch|p1a: Nugget|Arcanine, L50, M, shiny|100\/100\n|switch|p1b: PalaWIN|Palafin, L50, M|100\/100\n|switch|p2a: Salamence|Salamence, L50, M|100\/100\n|switch|p2b: Great Tusk|Great Tusk, L50|100\/100\n|-ability|p2a: Salamence|Intimidate|boost\n|-unboost|p1a: Nugget|atk|1\n|-unboost|p1b: PalaWIN|atk|1\n|-ability|p1a: Nugget|Intimidate|boost\n|-unboost|p2a: Salamence|atk|1\n|-unboost|p2b: Great Tusk|atk|1\n|turn|1\n|inactive|Battle timer is ON: inactive players will automatically lose when time's up. (requested by Zoono)\n|\n|t:|1681973258\n|-end|p2b: Great Tusk|Protosynthesis|[silent]\n|switch|p2b: Maushold|Maushold-Four, L50|100\/100\n|-terastallize|p2a: Salamence|Water\n|move|p1b: PalaWIN|Protect|p1b: PalaWIN\n|-singleturn|p1b: PalaWIN|Protect\n|move|p2a: Salamence|Tera Blast|p1a: Nugget\n|-supereffective|p1a: Nugget\n|-damage|p1a: Nugget|0 fnt\n|faint|p1a: Nugget\n|-damage|p2a: Salamence|91\/100|[from] item: Life Orb\n|\n|upkeep\n|\n|t:|1681973275\n|switch|p1a: Amogus|Amoonguss, L50, M, shiny|100\/100\n|turn|2\n|\n|t:|1681973284\n|detailschange|p1b: PalaWIN|Palafin-Hero, L50, M\n|switch|p1b: Ting-Lu|Ting-Lu, L50|100\/100\n|-ability|p1b: Ting-Lu|Vessel of Ruin\n|move|p2b: Maushold|Follow Me|p2b: Maushold\n|-singleturn|p2b: Maushold|move: Follow Me\n|move|p2a: Salamence|Tailwind|p2a: Salamence\n|-sidestart|p2: Vilchez117|move: Tailwind\n|move|p1a: Amogus|Spore|p2b: Maushold\n|-activate|p2b: Maushold|item: Safety Goggles|Spore\n|\n|upkeep\n|turn|3\n|\n|t:|1681973306\n|move|p2b: Maushold|Helping Hand|p2a: Salamence\n|-singleturn|p2a: Salamence|Helping Hand|[of] p2b: Maushold\n|move|p1a: Amogus|Rage Powder|p1a: Amogus\n|-singleturn|p1a: Amogus|move: Rage Powder\n|move|p2a: Salamence|Air Slash|p1a: Amogus\n|-supereffective|p1a: Amogus\n|-crit|p1a: Amogus\n|-damage|p1a: Amogus|0 fnt\n|faint|p1a: Amogus\n|-damage|p2a: Salamence|81\/100|[from] item: Life Orb\n|move|p1b: Ting-Lu|Fissure|p2a: Salamence|[miss]\n|-miss|p1b: Ting-Lu|p2a: Salamence\n|\n|upkeep\n|\n|t:|1681973317\n|switch|p1a: PalaWIN|Palafin-Hero, L50, M|100\/100\n|-activate|p1a: PalaWIN|ability: Zero to Hero\n|turn|4\n|\n|t:|1681973331\n|switch|p2a: Sylveon|Sylveon, L50, M|100\/100\n|move|p2b: Maushold|Protect|p2b: Maushold\n|-singleturn|p2b: Maushold|Protect\n|move|p1a: PalaWIN|Drain Punch|p2a: Sylveon\n|-resisted|p2a: Sylveon\n|-damage|p2a: Sylveon|84\/100\n|move|p1b: Ting-Lu|Stomping Tantrum|p2b: Maushold\n|-activate|p2b: Maushold|move: Protect\n|\n|upkeep\n|turn|5\n|inactive|Vilchez117 has 30 seconds left.\n|\n|t:|1681973357\n|switch|p2a: Salamence|Salamence, L50, M, tera:Water|81\/100\n|-ability|p2a: Salamence|Intimidate|boost\n|-unboost|p1a: PalaWIN|atk|1\n|-unboost|p1b: Ting-Lu|atk|1\n|move|p1a: PalaWIN|Jet Punch|p2a: Salamence\n|-resisted|p2a: Salamence\n|-damage|p2a: Salamence|67\/100\n|move|p2b: Maushold|Super Fang|p1a: PalaWIN\n|-damage|p1a: PalaWIN|51\/100\n|move|p1b: Ting-Lu|Heavy Slam|p2a: Salamence\n|-resisted|p2a: Salamence\n|-damage|p2a: Salamence|56\/100\n|\n|-sideend|p2: Vilchez117|move: Tailwind\n|upkeep\n|turn|6\n|inactive|Vilchez117 has 30 seconds left.\n|\n|t:|1681973386\n|-terastallize|p1b: Ting-Lu|Poison\n|move|p2a: Salamence|Draco Meteor|p1a: PalaWIN\n|-damage|p1a: PalaWIN|0 fnt\n|-unboost|p2a: Salamence|spa|2\n|faint|p1a: PalaWIN\n|-damage|p2a: Salamence|46\/100|[from] item: Life Orb\n|move|p2b: Maushold|Super Fang|p1b: Ting-Lu\n|-damage|p1b: Ting-Lu|51\/100\n|move|p1b: Ting-Lu|Fissure|p2a: Salamence|[miss]\n|-miss|p1b: Ting-Lu|p2a: Salamence\n|\n|upkeep\n|turn|7\n|\n|t:|1681973405\n|switch|p2a: Sylveon|Sylveon, L50, M|84\/100\n|move|p2b: Maushold|Protect|p2b: Maushold\n|-singleturn|p2b: Maushold|Protect\n|move|p1b: Ting-Lu|Stomping Tantrum|p2a: Sylveon\n|-damage|p2a: Sylveon|50\/100\n|-enditem|p2a: Sylveon|Sitrus Berry|[eat]\n|-heal|p2a: Sylveon|74\/100|[from] item: Sitrus Berry\n|\n|upkeep\n|turn|8\n|\n|t:|1681973421\n|move|p2b: Maushold|Helping Hand|p2a: Sylveon\n|-singleturn|p2a: Sylveon|Helping Hand|[of] p2b: Maushold\n|move|p2a: Sylveon|Psyshock|p1b: Ting-Lu\n|-supereffective|p1b: Ting-Lu\n|-damage|p1b: Ting-Lu|18\/100\n|move|p1b: Ting-Lu|Rock Slide|p2b: Maushold|[spread] p2a,p2b\n|-damage|p2a: Sylveon|65\/100\n|-damage|p2b: Maushold|90\/100\n|\n|upkeep\n|turn|9\n|\n|t:|1681973435\n|move|p2b: Maushold|Helping Hand|p2a: Sylveon\n|-singleturn|p2a: Sylveon|Helping Hand|[of] p2b: Maushold\n|move|p2a: Sylveon|Psyshock|p1b: Ting-Lu\n|-supereffective|p1b: Ting-Lu\n|-damage|p1b: Ting-Lu|0 fnt\n|faint|p1b: Ting-Lu\n|\n|win|Vilchez117\n|raw|Zoono's rating: 1193 → 1166<\/strong> (-27 for losing)\n|raw|Vilchez117's rating: 1164 → 1191<\/strong> (+27 for winning)\n","uploadtime":1681973443,"views":13,"p1id":"zoono","p2id":"vilchez117","formatid":"gen9vgc2023regulationc","rating":1166,"private":0,"password":""}