{"id":"gen9vgc2023regulationc-1852328632","p1":"DuelLuna","p2":"MightyMudsdale","format":"[Gen 9] VGC 2023 Regulation C","log":"|j|\u2606DuelLuna\n|j|\u2606MightyMudsdale\n|t:|1682544551\n|gametype|doubles\n|player|p1|DuelLuna|caitlin|\n|player|p2|MightyMudsdale|nessa-masters|\n|teamsize|p1|6\n|teamsize|p2|6\n|gen|9\n|tier|[Gen 9] VGC 2023 Regulation C\n|rule|Species Clause: Limit one of each Pok\u00e9mon\n|rule|Item Clause: Limit one of each item\n|clearpoke\n|poke|p1|Gholdengo, L50|\n|poke|p1|Maushold, L50|\n|poke|p1|Iron Bundle, L50|\n|poke|p1|Garchomp, L50, M|\n|poke|p1|Talonflame, L50, M|\n|poke|p1|Iron Hands, L50|\n|poke|p2|Flutter Mane, L50|\n|poke|p2|Gastrodon-East, L50, F|\n|poke|p2|Baxcalibur, L50, F|\n|poke|p2|Ting-Lu, L50|\n|poke|p2|Talonflame, L50, M|\n|poke|p2|Gyarados, L50, F|\n|teampreview|4\nMightyMudsdale has agreed to open team sheets.\n|c|\u2606MightyMudsdale|gl hf r2\nDuelLuna has agreed to open team sheets.\n|c|\u2606DuelLuna|U2\n|\n|t:|1682544581\n|start\n|switch|p1a: Gold OS|Gholdengo, L50|100\/100\n|switch|p1b: Critical mauss|Maushold, L50|100\/100\n|switch|p2a: Hairspray|Flutter Mane, L50|100\/100\n|switch|p2b: MAXIMUM BIRD|Talonflame, L50, M|100\/100\n|-enditem|p2a: Hairspray|Booster Energy\n|-activate|p2a: Hairspray|ability: Protosynthesis|[fromitem]\n|-start|p2a: Hairspray|protosynthesisspa\n|turn|1\n|\n|t:|1682544623\n|move|p1b: Critical mauss|Follow Me|p1b: Critical mauss\n|-singleturn|p1b: Critical mauss|move: Follow Me\n|move|p2b: MAXIMUM BIRD|Tailwind|p2b: MAXIMUM BIRD\n|-sidestart|p2: MightyMudsdale|move: Tailwind\n|move|p2a: Hairspray|Dazzling Gleam|p1a: Gold OS|[spread] p1a,p1b\n|-resisted|p1a: Gold OS\n|-damage|p1a: Gold OS|84\/100\n|-damage|p1b: Critical mauss|62\/100\n|move|p1a: Gold OS|Nasty Plot|p1a: Gold OS\n|-boost|p1a: Gold OS|spa|2\n|\n|-heal|p1a: Gold OS|90\/100|[from] item: Leftovers\n|upkeep\n|turn|2\n|\n|t:|1682544651\n|-terastallize|p2a: Hairspray|Steel\n|move|p1b: Critical mauss|Protect|p1b: Critical mauss\n|-singleturn|p1b: Critical mauss|Protect\n|move|p1a: Gold OS|Protect|p1a: Gold OS\n|-singleturn|p1a: Gold OS|Protect\n|move|p2b: MAXIMUM BIRD|Brave Bird|p1b: Critical mauss\n|-activate|p1b: Critical mauss|move: Protect\n|move|p2a: Hairspray|Shadow Ball|p1a: Gold OS\n|-activate|p1a: Gold OS|move: Protect\n|\n|-heal|p1a: Gold OS|97\/100|[from] item: Leftovers\n|upkeep\n|turn|3\n|\n|t:|1682544681\n|-terastallize|p1a: Gold OS|Water\n|move|p1b: Critical mauss|Follow Me|p1b: Critical mauss\n|-singleturn|p1b: Critical mauss|move: Follow Me\n|move|p2b: MAXIMUM BIRD|Flare Blitz|p1b: Critical mauss\n|-damage|p1b: Critical mauss|0 fnt\n|faint|p1b: Critical mauss\n|-damage|p2b: MAXIMUM BIRD|76\/100|[from] Recoil\n|-damage|p2b: MAXIMUM BIRD|67\/100|[from] item: Life Orb\n|move|p2a: Hairspray|Shadow Ball|p1a: Gold OS\n|-damage|p1a: Gold OS|35\/100\n|-unboost|p1a: Gold OS|spd|1\n|move|p1a: Gold OS|Make It Rain|p2b: MAXIMUM BIRD|[spread] p2a,p2b\n|-resisted|p2a: Hairspray\n|-resisted|p2b: MAXIMUM BIRD\n|-damage|p2a: Hairspray|56\/100\n|-damage|p2b: MAXIMUM BIRD|0 fnt\n|-unboost|p1a: Gold OS|spa|1\n|faint|p2b: MAXIMUM BIRD\n|\n|-heal|p1a: Gold OS|41\/100|[from] item: Leftovers\n|upkeep\n|\n|t:|1682544706\n|switch|p2b: Oxalaia|Baxcalibur, L50, F|100\/100\n|switch|p1b: Ordinance|Iron Bundle, L50|100\/100\n|-enditem|p1b: Ordinance|Booster Energy\n|-activate|p1b: Ordinance|ability: Quark Drive|[fromitem]\n|-start|p1b: Ordinance|quarkdrivespe\n|turn|4\n|\n|t:|1682544729\n|move|p1b: Ordinance|Protect|p1b: Ordinance\n|-singleturn|p1b: Ordinance|Protect\n|move|p1a: Gold OS|Protect|p1a: Gold OS\n|-singleturn|p1a: Gold OS|Protect\n|move|p2a: Hairspray|Dazzling Gleam|p1b: Ordinance|[spread] \n|-activate|p1a: Gold OS|move: Protect\n|-activate|p1b: Ordinance|move: Protect\n|move|p2b: Oxalaia|Glaive Rush|p1b: Ordinance\n|-activate|p1b: Ordinance|move: Protect\n|\n|-heal|p1a: Gold OS|48\/100|[from] item: Leftovers\n|-sideend|p2: MightyMudsdale|move: Tailwind\n|upkeep\n|turn|5\n|\n|t:|1682544758\n|move|p1b: Ordinance|Icy Wind|p2b: Oxalaia|[spread] p2a,p2b\n|-resisted|p2a: Hairspray\n|-damage|p2a: Hairspray|45\/100\n|-damage|p2b: Oxalaia|80\/100\n|-unboost|p2a: Hairspray|spe|1\n|move|p1a: Gold OS|Shadow Ball|p2a: Hairspray\n|-damage|p2a: Hairspray|0 fnt\n|faint|p2a: Hairspray\n|-end|p2a: Hairspray|Protosynthesis|[silent]\n|move|p2b: Oxalaia|Glaive Rush|p1b: Ordinance\n|-damage|p1b: Ordinance|18\/100\n|-singlemove|p2b: Oxalaia|Glaive Rush|[silent]\n|\n|-heal|p1a: Gold OS|54\/100|[from] item: Leftovers\n|upkeep\n|\n|t:|1682544767\n|switch|p2a: Aroostook|Ting-Lu, L50|100\/100\n|-ability|p2a: Aroostook|Vessel of Ruin\n|turn|6\n|\n|t:|1682544776\n|move|p2b: Oxalaia|Ice Shard|p1b: Ordinance\n|-resisted|p1b: Ordinance\n|-damage|p1b: Ordinance|10\/100\n|move|p1b: Ordinance|Freeze-Dry|p2a: Aroostook\n|-supereffective|p2a: Aroostook\n|-damage|p2a: Aroostook|68\/100\n|move|p1a: Gold OS|Make It Rain|p2b: Oxalaia|[spread] p2a,p2b\n|-supereffective|p2b: Oxalaia\n|-damage|p2a: Aroostook|41\/100\n|-damage|p2b: Oxalaia|0 fnt\n|-unboost|p1a: Gold OS|spa|1\n|faint|p2b: Oxalaia\n|move|p2a: Aroostook|Fissure|p1a: Gold OS\n|-damage|p1a: Gold OS|0 fnt\n|faint|p1a: Gold OS\n|-ohko\n|\n|upkeep\n|\n|t:|1682544790\n|switch|p1a: Bolt the birb|Talonflame, L50, M|100\/100\n|turn|7\n|\n|t:|1682544794\n|move|p1a: Bolt the birb|Brave Bird|p2a: Aroostook\n|-damage|p2a: Aroostook|18\/100\n|-damage|p1a: Bolt the birb|88\/100|[from] Recoil\n|move|p1b: Ordinance|Freeze-Dry|p2a: Aroostook\n|-supereffective|p2a: Aroostook\n|-damage|p2a: Aroostook|0 fnt\n|faint|p2a: Aroostook\n|\n|win|DuelLuna\n|c|\u2606MightyMudsdale|gg\n|c|\u2606DuelLuna|Gg\n|l|\u2606DuelLuna\n|l|\u2606MightyMudsdale\n|j|\u2606DuelLuna\n|player|p1|DuelLuna|caitlin\n|l|\u2606DuelLuna\n|player|p1|\n|j|\u2606DuelLuna\n|player|p1|DuelLuna|caitlin\n","uploadtime":1682544805,"views":78,"p1id":"duelluna","p2id":"mightymudsdale","formatid":"gen9vgc2023regulationc","rating":0,"private":0,"password":""}