{"id":"gen9vgc2023regulationc-1860947510","p1":"D-scNSe","p2":"Jackblast421","format":"[Gen 9] VGC 2023 Regulation C","log":"|j|\u2606D-scNSe\n|j|\u2606Jackblast421\n|t:|1683701169\n|gametype|doubles\n|player|p1|D-scNSe|266|1146\n|player|p2|Jackblast421|1|1078\n|teamsize|p1|6\n|teamsize|p2|6\n|gen|9\n|tier|[Gen 9] VGC 2023 Regulation C\n|rated|\n|rule|Species Clause: Limit one of each Pok\u00e9mon\n|rule|Item Clause: Limit one of each item\n|clearpoke\n|poke|p1|Flutter Mane, L50|\n|poke|p1|Ting-Lu, L50|\n|poke|p1|Maushold-Four, L50|\n|poke|p1|Annihilape, L50, M|\n|poke|p1|Iron Bundle, L50|\n|poke|p1|Arcanine, L50, M|\n|poke|p2|Ting-Lu, L50|\n|poke|p2|Indeedee-F, L50, F|\n|poke|p2|Armarouge, L50, M|\n|poke|p2|Grimmsnarl, L50, M|\n|poke|p2|Iron Hands, L50|\n|poke|p2|Iron Bundle, L50|\n|teampreview|4\n|inactive|Battle timer is ON: inactive players will automatically lose when time's up. (requested by Jackblast421)\n|inactive|D-scNSe has 60 seconds left.\n|\n|t:|1683701210\n|start\n|switch|p1a: Ting-Lu|Ting-Lu, L50|100\/100\n|switch|p1b: Annihilape|Annihilape, L50, M|100\/100\n|switch|p2a: Iron Bundle|Iron Bundle, L50|100\/100\n|switch|p2b: Grimmsnarl|Grimmsnarl, L50, M|100\/100\n|-ability|p1a: Ting-Lu|Vessel of Ruin\n|-enditem|p2a: Iron Bundle|Booster Energy\n|-activate|p2a: Iron Bundle|ability: Quark Drive|[fromitem]\n|-start|p2a: Iron Bundle|quarkdrivespe\n|turn|1\n|\n|t:|1683701231\n|-terastallize|p1a: Ting-Lu|Poison\n|move|p2a: Iron Bundle|Protect|p2a: Iron Bundle\n|-singleturn|p2a: Iron Bundle|Protect\n|move|p2b: Grimmsnarl|Thunder Wave|p1b: Annihilape\n|-status|p1b: Annihilape|par\n|move|p1a: Ting-Lu|Heavy Slam|p2b: Grimmsnarl\n|-supereffective|p2b: Grimmsnarl\n|-damage|p2b: Grimmsnarl|24\/100\n|move|p1b: Annihilape|Drain Punch|p2a: Iron Bundle\n|-activate|p2a: Iron Bundle|move: Protect\n|\n|upkeep\n|turn|2\n|\n|t:|1683701251\n|-end|p2a: Iron Bundle|Quark Drive|[silent]\n|switch|p2a: Iron Hands|Iron Hands, L50|100\/100\n|move|p2b: Grimmsnarl|Thunder Wave|p1a: Ting-Lu\n|-status|p1a: Ting-Lu|par\n|move|p1b: Annihilape|Drain Punch|p2b: Grimmsnarl\n|-damage|p2b: Grimmsnarl|0 fnt\n|faint|p2b: Grimmsnarl\n|cant|p1a: Ting-Lu|par\n|\n|upkeep\n|\n|t:|1683701265\n|switch|p2b: Ting-Lu|Ting-Lu, L50|100\/100\n|-ability|p2b: Ting-Lu|Vessel of Ruin\n|turn|3\n|\n|t:|1683701280\n|switch|p1a: Arcanine|Arcanine, L50, M|100\/100\n|-ability|p1a: Arcanine|Intimidate|boost\n|-unboost|p2a: Iron Hands|atk|1\n|-unboost|p2b: Ting-Lu|atk|1\n|move|p2a: Iron Hands|Fake Out|p1a: Arcanine\n|-damage|p1a: Arcanine|90\/100\n|move|p2b: Ting-Lu|Stomping Tantrum|p1a: Arcanine\n|-supereffective|p1a: Arcanine\n|-damage|p1a: Arcanine|43\/100\n|-enditem|p1a: Arcanine|Sitrus Berry|[eat]\n|-heal|p1a: Arcanine|68\/100|[from] item: Sitrus Berry\n|cant|p1b: Annihilape|par\n|\n|upkeep\n|turn|4\n|inactive|D-scNSe has 30 seconds left.\n|\n|t:|1683701308\n|move|p1a: Arcanine|Will-O-Wisp|p2b: Ting-Lu\n|-status|p2b: Ting-Lu|brn\n|move|p2a: Iron Hands|Swords Dance|p2a: Iron Hands\n|-boost|p2a: Iron Hands|atk|2\n|move|p2b: Ting-Lu|Stomping Tantrum|p1a: Arcanine\n|-supereffective|p1a: Arcanine\n|-damage|p1a: Arcanine|45\/100\n|move|p1b: Annihilape|Bulk Up|p1b: Annihilape\n|-boost|p1b: Annihilape|atk|1\n|-boost|p1b: Annihilape|def|1\n|\n|-damage|p2b: Ting-Lu|94\/100 brn|[from] brn\n|upkeep\n|turn|5\n|inactive|Jackblast421 has 30 seconds left.\n|\n|t:|1683701340\n|move|p1a: Arcanine|Will-O-Wisp|p2a: Iron Hands\n|-status|p2a: Iron Hands|brn\n|move|p2a: Iron Hands|Wild Charge|p1a: Arcanine\n|-damage|p1a: Arcanine|2\/100\n|-damage|p2a: Iron Hands|91\/100 brn|[from] Recoil\n|move|p2b: Ting-Lu|Ruination|p1b: Annihilape\n|-damage|p1b: Annihilape|51\/100 par\n|move|p1b: Annihilape|Drain Punch|p2b: Ting-Lu\n|-supereffective|p2b: Ting-Lu\n|-damage|p2b: Ting-Lu|27\/100 brn\n|-heal|p1b: Annihilape|89\/100 par|[from] drain|[of] p2b: Ting-Lu\n|\n|-heal|p1b: Annihilape|95\/100 par|[from] item: Leftovers\n|-damage|p2a: Iron Hands|85\/100 brn|[from] brn\n|-damage|p2b: Ting-Lu|21\/100 brn|[from] brn\n|upkeep\n|turn|6\n|inactive|Jackblast421 has 30 seconds left.\n|\n|t:|1683701369\n|move|p1a: Arcanine|Protect|p1a: Arcanine\n|-singleturn|p1a: Arcanine|Protect\n|move|p2a: Iron Hands|Wild Charge|p1a: Arcanine\n|-activate|p1a: Arcanine|move: Protect\n|move|p2b: Ting-Lu|Ruination|p1b: Annihilape\n|-damage|p1b: Annihilape|48\/100 par\n|move|p1b: Annihilape|Rage Fist|p2a: Iron Hands\n|-damage|p2a: Iron Hands|4\/100 brn\n|\n|-heal|p1b: Annihilape|53\/100 par|[from] item: Leftovers\n|-damage|p2a: Iron Hands|0 fnt|[from] brn\n|faint|p2a: Iron Hands\n|-end|p2a: Iron Hands|Quark Drive|[silent]\n|-damage|p2b: Ting-Lu|15\/100 brn|[from] brn\n|upkeep\n|\n|t:|1683701383\n|switch|p2a: Iron Bundle|Iron Bundle, L50|100\/100\n|turn|7\n|inactive|Jackblast421 has 30 seconds left.\n|\n|t:|1683701409\n|move|p2a: Iron Bundle|Hydro Pump|p1b: Annihilape|[miss]\n|-miss|p2a: Iron Bundle|p1b: Annihilape\n|move|p1a: Arcanine|Flare Blitz|p2b: Ting-Lu\n|-damage|p2b: Ting-Lu|0 fnt\n|faint|p2b: Ting-Lu\n|-damage|p1a: Arcanine|0 fnt|[from] Recoil\n|faint|p1a: Arcanine\n|move|p1b: Annihilape|Drain Punch|p2a: Iron Bundle\n|-supereffective|p2a: Iron Bundle\n|-damage|p2a: Iron Bundle|0 fnt\n|-heal|p1b: Annihilape|84\/100 par|[from] drain|[of] p2a: Iron Bundle\n|faint|p2a: Iron Bundle\n|-end|p2a: Iron Bundle|Quark Drive|[silent]\n|\n|win|D-scNSe\n|raw|D-scNSe's rating: 1146 → 1166<\/strong> (+20 for winning)\n|raw|Jackblast421's rating: 1078 → 1060<\/strong> (-18 for losing)\n|l|\u2606Jackblast421\n","uploadtime":1683701424,"views":20,"p1id":"dscnse","p2id":"jackblast421","formatid":"gen9vgc2023regulationc","rating":1060,"private":0,"password":""}