{"id":"gen9vgc2023regulationc-1860448143","p1":"TStorm","p2":"LordBennyG","format":"[Gen 9] VGC 2023 Regulation C","log":"|j|\u2606TStorm\n|j|\u2606LordBennyG\n|t:|1683645111\n|gametype|doubles\n|player|p1|TStorm|170|\n|player|p2|LordBennyG|karen|\n|teamsize|p1|6\n|teamsize|p2|6\n|gen|9\n|tier|[Gen 9] VGC 2023 Regulation C\n|rated|Tournament battle\n|rule|Species Clause: Limit one of each Pok\u00e9mon\n|rule|Item Clause: Limit one of each item\n|clearpoke\n|poke|p1|Flutter Mane, L50|\n|poke|p1|Ting-Lu, L50|\n|poke|p1|Kingambit, L50, F|\n|poke|p1|Arcanine, L50, F|\n|poke|p1|Palafin, L50, M|\n|poke|p1|Amoonguss, L50, F|\n|poke|p2|Dondozo, L50, F|\n|poke|p2|Arcanine, L50, F|\n|poke|p2|Amoonguss, L50, F|\n|poke|p2|Baxcalibur, L50, F|\n|poke|p2|Flutter Mane, L50|\n|poke|p2|Corviknight, L50, F|\n|teampreview|4\n|raw| Open Team Sheet for TStorm<\/summary>Flutter Mane @ Choice Specs Ability: Protosynthesis Level: 50 Tera Type: Fairy - Shadow Ball - Dazzling Gleam - Thunderbolt - Moonblast Ting-Lu @ Assault Vest Ability: Vessel of Ruin Level: 50 Tera Type: Poison - Stomping Tantrum - Heavy Slam - Stone Edge - Ruination Kingambit @ Lum Berry Ability: Defiant Level: 50 Tera Type: Dark - Kowtow Cleave - Swords Dance - Sucker Punch - Protect Arcanine @ Safety Goggles Ability: Intimidate Level: 50 Tera Type: Flying - Flare Blitz - Will-O-Wisp - Howl - Protect Palafin @ Mystic Water Ability: Zero to Hero Level: 50 Tera Type: Water - Jet Punch - Wave Crash - Haze - Protect Amoonguss @ Sitrus Berry Ability: Regenerator Level: 50 Tera Type: Water - Pollen Puff - Rage Powder - Spore - Protect <\/details><\/div> Open Team Sheet for LordBennyG<\/summary>Dondozo @ Leftovers Ability: Unaware Level: 50 Tera Type: Grass - Liquidation - Yawn - Fissure - Protect Arcanine @ Safety Goggles Ability: Intimidate Level: 50 Tera Type: Water - Flare Blitz - Extreme Speed - Will-O-Wisp - Howl Amoonguss @ Sitrus Berry Ability: Regenerator Level: 50 Tera Type: Water - Spore - Toxic - Pollen Puff - Rage Powder Baxcalibur @ Clear Amulet Ability: Thermal Exchange Level: 50 Tera Type: Poison - Protect - Glaive Rush - Icicle Crash - Ice Shard Flutter Mane @ Booster Energy Ability: Protosynthesis Level: 50 Tera Type: Steel - Protect - Substitute - Moonblast - Hex Corviknight @ Lum Berry Ability: Mirror Armor Level: 50 Tera Type: Dragon - Tailwind - Iron Head - Brave Bird - Roost <\/details><\/div>\n|j| Topperlecat\n|l| Topperlecat\n|\n|t:|1683645226\n|start\n|switch|p1a: Kingambit|Kingambit, L50, F|100\/100\n|switch|p1b: Palafin|Palafin, L50, M|100\/100\n|switch|p2a: Corviknight|Corviknight, L50, F|100\/100\n|switch|p2b: Arcanine|Arcanine, L50, F|100\/100\n|-ability|p2b: Arcanine|Intimidate|boost\n|-unboost|p1a: Kingambit|atk|1\n|-ability|p1a: Kingambit|Defiant|boost\n|-boost|p1a: Kingambit|atk|2\n|-unboost|p1b: Palafin|atk|1\n|turn|1\n|\n|t:|1683645245\n|-terastallize|p2b: Arcanine|Water\n|-terastallize|p1a: Kingambit|Dark\n|move|p1b: Palafin|Jet Punch|p2b: Arcanine\n|-resisted|p2b: Arcanine\n|-damage|p2b: Arcanine|90\/100\n|move|p2b: Arcanine|Howl|p2b: Arcanine|[spread] p2a,p2b\n|-boost|p2a: Corviknight|atk|1\n|-boost|p2b: Arcanine|atk|1\n|move|p2a: Corviknight|Tailwind|p2a: Corviknight\n|-sidestart|p2: LordBennyG|move: Tailwind\n|move|p1a: Kingambit|Kowtow Cleave|p2b: Arcanine\n|-damage|p2b: Arcanine|0 fnt\n|faint|p2b: Arcanine\n|\n|upkeep\n|\n|t:|1683645271\n|switch|p2b: Flutter Mane|Flutter Mane, L50|100\/100\n|-enditem|p2b: Flutter Mane|Booster Energy\n|-activate|p2b: Flutter Mane|ability: Protosynthesis|[fromitem]\n|-start|p2b: Flutter Mane|protosynthesisspa\n|turn|2\n|\n|t:|1683645280\n|detailschange|p1b: Palafin|Palafin-Hero, L50, M\n|switch|p1b: Amoonguss|Amoonguss, L50, F|100\/100\n|move|p1a: Kingambit|Protect|p1a: Kingambit\n|-singleturn|p1a: Kingambit|Protect\n|move|p2b: Flutter Mane|Substitute|p2b: Flutter Mane\n|-start|p2b: Flutter Mane|Substitute\n|-damage|p2b: Flutter Mane|76\/100\n|move|p2a: Corviknight|Iron Head|p1a: Kingambit\n|-activate|p1a: Kingambit|move: Protect\n|\n|upkeep\n|turn|3\n|j| Hamanathnath\n|\n|t:|1683645326\n|move|p2b: Flutter Mane|Protect|p2b: Flutter Mane\n|-singleturn|p2b: Flutter Mane|Protect\n|move|p1b: Amoonguss|Rage Powder|p1b: Amoonguss\n|-singleturn|p1b: Amoonguss|move: Rage Powder\n|move|p2a: Corviknight|Brave Bird|p1b: Amoonguss\n|-supereffective|p1b: Amoonguss\n|-damage|p1b: Amoonguss|4\/100\n|-enditem|p1b: Amoonguss|Sitrus Berry|[eat]\n|-heal|p1b: Amoonguss|29\/100|[from] item: Sitrus Berry\n|-damage|p2a: Corviknight|66\/100|[from] Recoil\n|move|p1a: Kingambit|Kowtow Cleave|p2a: Corviknight\n|-damage|p2a: Corviknight|0 fnt\n|faint|p2a: Corviknight\n|\n|upkeep\n|\n|t:|1683645337\n|switch|p2a: Amoonguss|Amoonguss, L50, F|100\/100\n|turn|4\n|j| aaxtrm\n|l| aaxtrm\n|\n|t:|1683645375\n|move|p2a: Amoonguss|Rage Powder|p2a: Amoonguss\n|-singleturn|p2a: Amoonguss|move: Rage Powder\n|move|p1b: Amoonguss|Rage Powder|p1b: Amoonguss\n|-singleturn|p1b: Amoonguss|move: Rage Powder\n|move|p2b: Flutter Mane|Moonblast|p1b: Amoonguss\n|-resisted|p1b: Amoonguss\n|-crit|p1b: Amoonguss\n|-damage|p1b: Amoonguss|0 fnt\n|faint|p1b: Amoonguss\n|move|p1a: Kingambit|Kowtow Cleave|p2a: Amoonguss\n|-damage|p2a: Amoonguss|17\/100\n|-enditem|p2a: Amoonguss|Sitrus Berry|[eat]\n|-heal|p2a: Amoonguss|42\/100|[from] item: Sitrus Berry\n|\n|-sideend|p2: LordBennyG|move: Tailwind\n|upkeep\n|\n|t:|1683645387\n|switch|p1b: Flutter Mane|Flutter Mane, L50|100\/100\n|turn|5\n|inactive|Battle timer is ON: inactive players will automatically lose when time's up. (requested by TStorm)\n|\n|t:|1683645436\n|move|p1a: Kingambit|Protect|p1a: Kingambit\n|-singleturn|p1a: Kingambit|Protect\n|move|p1b: Flutter Mane|Shadow Ball|p2a: Amoonguss\n|-damage|p2a: Amoonguss|0 fnt\n|faint|p2a: Amoonguss\n|move|p2b: Flutter Mane|Moonblast|p1a: Kingambit\n|-activate|p1a: Kingambit|move: Protect\n|\n|upkeep\n|turn|6\n|\n|t:|1683645447\n|move|p1a: Kingambit|Sucker Punch|p2b: Flutter Mane\n|-end|p2b: Flutter Mane|Substitute\n|move|p1b: Flutter Mane|Shadow Ball|p2b: Flutter Mane\n|-supereffective|p2b: Flutter Mane\n|-damage|p2b: Flutter Mane|0 fnt\n|faint|p2b: Flutter Mane\n|-end|p2b: Flutter Mane|Protosynthesis|[silent]\n|\n|win|TStorm\n|n|\u2606TStorm|tstorm\n|n|\u2606LordBennyG|lordbennyg\n|n| Hamanathnath|hamanathnath\n|c|\u2606TStorm|gg\n|c|\u2606LordBennyG|gg\n","uploadtime":1683645604,"views":5,"p1id":"tstorm","p2id":"lordbennyg","formatid":"gen9vgc2023regulationc","rating":0,"private":0,"password":""}