{"id":"gen9vgc2023regulationc-1849063888","p1":"Gorbism","p2":"Azrocketman","format":"[Gen 9] VGC 2023 Regulation C","log":"|j|\u2606Gorbism\n|j|\u2606Azrocketman\n|t:|1682148176\n|gametype|doubles\n|player|p1|Gorbism|ethan|1123\n|player|p2|Azrocketman|101|1045\n|teamsize|p1|6\n|teamsize|p2|6\n|gen|9\n|tier|[Gen 9] VGC 2023 Regulation C\n|rated|\n|rule|Species Clause: Limit one of each Pok\u00e9mon\n|rule|Item Clause: Limit one of each item\n|clearpoke\n|poke|p1|Tinkaton, L50, F|\n|poke|p1|Azumarill, L50, M|\n|poke|p1|Corviknight, L50, F|\n|poke|p1|Skeledirge, L50, F|\n|poke|p1|Oranguru, L50, M|\n|poke|p1|Garchomp, L50, F|\n|poke|p2|Armarouge, L50, F|\n|poke|p2|Ampharos, L50, F|\n|poke|p2|Stonjourner, L50, F|\n|poke|p2|Torkoal, L50, F|\n|poke|p2|Meowscarada, L50, M|\n|poke|p2|Hypno, L50, F|\n|teampreview|4\nAzrocketman has agreed to open team sheets.\n|\n|t:|1682148218\n|start\n|switch|p1a: Tinkaton|Tinkaton, L50, F|100\/100\n|switch|p1b: Azumarill|Azumarill, L50, M|100\/100\n|switch|p2a: Ampharos|Ampharos, L50, F|100\/100\n|switch|p2b: Stonjourner|Stonjourner, L50, F|100\/100\n|turn|1\n|\n|t:|1682148260\n|switch|p1b: Garchomp|Garchomp, L50, F|100\/100\n|move|p1a: Tinkaton|Skill Swap|p2b: Stonjourner\n|-activate|p1a: Tinkaton|move: Skill Swap|Power Spot|Own Tempo|[of] p2b: Stonjourner\n|move|p2b: Stonjourner|Earthquake|p1a: Tinkaton|[spread] p2a,p1a,p1b\n|-supereffective|p2a: Ampharos\n|-enditem|p2a: Ampharos|Shuca Berry|[eat]\n|-enditem|p2a: Ampharos|Shuca Berry|[weaken]\n|-supereffective|p1a: Tinkaton\n|-damage|p2a: Ampharos|76\/100\n|-damage|p1a: Tinkaton|26\/100\n|-damage|p1b: Garchomp|71\/100\n|-enditem|p1a: Tinkaton|Weakness Policy\n|-boost|p1a: Tinkaton|atk|2|[from] item: Weakness Policy\n|-boost|p1a: Tinkaton|spa|2|[from] item: Weakness Policy\n|move|p2a: Ampharos|Thunderbolt|p1b: Garchomp\n|-immune|p1b: Garchomp\n|\n|upkeep\n|turn|2\n|\n|t:|1682148295\n|move|p2b: Stonjourner|Wide Guard|p2b: Stonjourner\n|-singleturn|p2b: Stonjourner|Wide Guard\n|move|p1b: Garchomp|Dragon Claw|p2a: Ampharos\n|-damage|p2a: Ampharos|28\/100\n|move|p1a: Tinkaton|Gigaton Hammer|p2b: Stonjourner\n|-supereffective|p2b: Stonjourner\n|-crit|p2b: Stonjourner\n|-damage|p2b: Stonjourner|0 fnt\n|faint|p2b: Stonjourner\n|move|p2a: Ampharos|Dazzling Gleam|p1a: Tinkaton|[spread] p1a,p1b\n|-resisted|p1a: Tinkaton\n|-supereffective|p1b: Garchomp\n|-damage|p1a: Tinkaton|16\/100\n|-damage|p1b: Garchomp|28\/100\n|\n|upkeep\n|\n|t:|1682148315\n|switch|p2b: Hypno|Hypno, L50, F|100\/100\n|turn|3\n|\n|t:|1682148358\n|-terastallize|p1b: Garchomp|Steel\n|move|p2a: Ampharos|Protect|p2a: Ampharos\n|-singleturn|p2a: Ampharos|Protect\n|move|p1b: Garchomp|Rock Slide|p2a: Ampharos|[spread] p2b\n|-activate|p2a: Ampharos|move: Protect\n|-damage|p2b: Hypno|72\/100\n|move|p1a: Tinkaton|Play Rough|p2a: Ampharos\n|-activate|p2a: Ampharos|move: Protect\n|move|p2b: Hypno|Trick Room|p2b: Hypno\n|-fieldstart|move: Trick Room|[of] p2b: Hypno\n|\n|-heal|p2b: Hypno|78\/100|[from] item: Leftovers\n|upkeep\n|turn|4\n|\n|t:|1682148392\n|move|p2a: Ampharos|Thunderbolt|p1b: Garchomp\n|-damage|p1b: Garchomp|0 fnt\n|faint|p1b: Garchomp\n|move|p2b: Hypno|Draining Kiss|p1a: Tinkaton\n|-resisted|p1a: Tinkaton\n|-damage|p1a: Tinkaton|10\/100\n|-heal|p2b: Hypno|82\/100|[from] drain|[of] p1a: Tinkaton\n|move|p1a: Tinkaton|Gigaton Hammer|p2b: Hypno\n|-damage|p2b: Hypno|0 fnt\n|faint|p2b: Hypno\n|\n|upkeep\n|\n|t:|1682148407\n|switch|p2b: Meowscarada|Meowscarada, L50, M|100\/100\n|switch|p1b: Oranguru|Oranguru, L50, M|100\/100\n|turn|5\n|\n|t:|1682148427\n|move|p2a: Ampharos|Helping Hand|p2b: Meowscarada\n|-singleturn|p2b: Meowscarada|Helping Hand|[of] p2a: Ampharos\n|move|p1b: Oranguru|Extrasensory|p2a: Ampharos\n|-damage|p2a: Ampharos|0 fnt\n|faint|p2a: Ampharos\n|move|p2b: Meowscarada|Fling|p1b: Oranguru\n|-start|p2b: Meowscarada|typechange|Dark|[from] ability: Protean\n|-supereffective|p1b: Oranguru\n|-damage|p1b: Oranguru|0 fnt\n|-enditem|p2b: Meowscarada|Iron Ball|[from] move: Fling\n|faint|p1b: Oranguru\n|move|p1a: Tinkaton|Play Rough|p2b: Meowscarada\n|-supereffective|p2b: Meowscarada\n|-damage|p2b: Meowscarada|0 fnt\n|faint|p2b: Meowscarada\n|\n|win|Gorbism\n|raw|Gorbism's rating: 1123 → 1142<\/strong> (+19 for winning)\n|raw|Azrocketman's rating: 1045 → 1032<\/strong> (-13 for losing)\n|l|\u2606Gorbism\n","uploadtime":1682148446,"views":8,"p1id":"gorbism","p2id":"azrocketman","formatid":"gen9vgc2023regulationc","rating":1032,"private":0,"password":""}