{"id":"gen9vgc2023regulationc-1851110963","p1":"MrHecke","p2":"ultramandyna","format":"[Gen 9] VGC 2023 Regulation C","log":"|j|\u2606MrHecke\n|j|\u2606ultramandyna\n|t:|1682411067\n|gametype|doubles\n|player|p1|MrHecke|gambler|1107\n|player|p2|ultramandyna|265|1057\n|teamsize|p1|6\n|teamsize|p2|6\n|gen|9\n|tier|[Gen 9] VGC 2023 Regulation C\n|rated|\n|rule|Species Clause: Limit one of each Pok\u00e9mon\n|rule|Item Clause: Limit one of each item\n|clearpoke\n|poke|p1|Quaquaval, L50, F|\n|poke|p1|Sandy Shocks, L50|\n|poke|p1|Espathra, L50, M|\n|poke|p1|Great Tusk, L50|\n|poke|p1|Talonflame, L50, F|\n|poke|p1|Hydreigon, L50, M|\n|poke|p2|Ting-Lu, L50|\n|poke|p2|Wo-Chien, L50|\n|poke|p2|Chi-Yu, L50|\n|poke|p2|Corviknight, L50, M|\n|poke|p2|Haxorus, L50, M|\n|poke|p2|Baxcalibur, L50, M|\n|teampreview|4\n|\n|t:|1682411090\n|start\n|switch|p1a: Quaquaval|Quaquaval, L50, F|100\/100\n|switch|p1b: Talonflame|Talonflame, L50, F|100\/100\n|switch|p2a: Chi-Yu|Chi-Yu, L50|100\/100\n|switch|p2b: Wo-Chien|Wo-Chien, L50|100\/100\n|-ability|p2a: Chi-Yu|Beads of Ruin\n|-ability|p2b: Wo-Chien|Tablets of Ruin\n|turn|1\n|\n|t:|1682411110\n|move|p1b: Talonflame|Tailwind|p1b: Talonflame\n|-sidestart|p1: MrHecke|move: Tailwind\n|move|p1a: Quaquaval|Aqua Step|p2a: Chi-Yu\n|-supereffective|p2a: Chi-Yu\n|-damage|p2a: Chi-Yu|29\/100\n|-boost|p1a: Quaquaval|spe|1\n|move|p2a: Chi-Yu|Overheat|p1a: Quaquaval\n|-resisted|p1a: Quaquaval\n|-damage|p1a: Quaquaval|32\/100\n|-unboost|p2a: Chi-Yu|spa|2\n|-enditem|p2a: Chi-Yu|Eject Pack\n|\n|t:|1682411123\n|switch|p2a: Ting-Lu|Ting-Lu, L50|100\/100\n|-ability|p2a: Ting-Lu|Vessel of Ruin\n|move|p2b: Wo-Chien|Leech Seed|p1a: Quaquaval\n|-start|p1a: Quaquaval|move: Leech Seed\n|\n|-damage|p1a: Quaquaval|19\/100|[from] Leech Seed|[of] p2b: Wo-Chien\n|upkeep\n|turn|2\n|\n|t:|1682411145\n|switch|p2a: Haxorus|Haxorus, L50, M|100\/100\n|-ability|p2a: Haxorus|Mold Breaker\n|move|p1a: Quaquaval|Close Combat|p2b: Wo-Chien\n|-supereffective|p2b: Wo-Chien\n|-damage|p2b: Wo-Chien|41\/100\n|-unboost|p1a: Quaquaval|def|1\n|-unboost|p1a: Quaquaval|spd|1\n|move|p1b: Talonflame|Will-O-Wisp|p2a: Haxorus\n|-status|p2a: Haxorus|brn\n|-enditem|p2a: Haxorus|Lum Berry|[eat]\n|-curestatus|p2a: Haxorus|brn|[msg]\n|move|p2b: Wo-Chien|Leech Seed|p1b: Talonflame\n|-start|p1b: Talonflame|move: Leech Seed\n|\n|-heal|p2b: Wo-Chien|47\/100|[from] item: Leftovers\n|-damage|p1a: Quaquaval|7\/100|[from] Leech Seed|[of] p2b: Wo-Chien\n|-heal|p2b: Wo-Chien|58\/100|[silent]\n|-damage|p1b: Talonflame|88\/100|[from] Leech Seed|[of] p2b: Wo-Chien\n|-heal|p2b: Wo-Chien|68\/100|[silent]\n|upkeep\n|turn|3\n|\n|t:|1682411176\n|switch|p1a: Espathra|Espathra, L50, M|100\/100\n|-terastallize|p2a: Haxorus|Electric\n|move|p1b: Talonflame|Will-O-Wisp|p2a: Haxorus\n|-status|p2a: Haxorus|brn\n|move|p2a: Haxorus|Tera Blast|p1b: Talonflame\n|-supereffective|p1b: Talonflame\n|-damage|p1b: Talonflame|45\/100\n|move|p2b: Wo-Chien|Giga Drain|p1b: Talonflame\n|-resisted|p1b: Talonflame\n|-damage|p1b: Talonflame|35\/100\n|-heal|p2b: Wo-Chien|72\/100|[from] drain|[of] p1b: Talonflame\n|\n|-heal|p2b: Wo-Chien|78\/100|[from] item: Leftovers\n|-damage|p1b: Talonflame|23\/100|[from] Leech Seed|[of] p2b: Wo-Chien\n|-heal|p2b: Wo-Chien|88\/100|[silent]\n|-damage|p2a: Haxorus|94\/100 brn|[from] brn\n|upkeep\n|turn|4\n|\n|t:|1682411203\n|switch|p1b: Quaquaval|Quaquaval, L50, F|7\/100\n|switch|p2a: Ting-Lu|Ting-Lu, L50|100\/100\n|-ability|p2a: Ting-Lu|Vessel of Ruin\n|move|p1a: Espathra|Hypnosis|p2b: Wo-Chien|[miss]\n|-miss|p1a: Espathra|p2b: Wo-Chien\n|move|p2b: Wo-Chien|Leech Seed|p1a: Espathra\n|-start|p1a: Espathra|move: Leech Seed\n|\n|-heal|p2b: Wo-Chien|94\/100|[from] item: Leftovers\n|-damage|p1a: Espathra|88\/100|[from] Leech Seed|[of] p2b: Wo-Chien\n|-heal|p2b: Wo-Chien|100\/100|[silent]\n|-sideend|p1: MrHecke|move: Tailwind\n|-ability|p1a: Espathra|Speed Boost|boost\n|-boost|p1a: Espathra|spe|1\n|upkeep\n|turn|5\n|\n|t:|1682411230\n|-terastallize|p1a: Espathra|Fairy\n|move|p1a: Espathra|Dazzling Gleam|p2b: Wo-Chien|[spread] p2a,p2b\n|-supereffective|p2a: Ting-Lu\n|-supereffective|p2b: Wo-Chien\n|-damage|p2a: Ting-Lu|84\/100\n|-damage|p2b: Wo-Chien|71\/100\n|move|p1b: Quaquaval|Close Combat|p2a: Ting-Lu\n|-supereffective|p2a: Ting-Lu\n|-damage|p2a: Ting-Lu|40\/100\n|-unboost|p1b: Quaquaval|def|1\n|-unboost|p1b: Quaquaval|spd|1\n|move|p2b: Wo-Chien|Giga Drain|p1b: Quaquaval\n|-supereffective|p1b: Quaquaval\n|-damage|p1b: Quaquaval|0 fnt\n|-heal|p2b: Wo-Chien|74\/100|[from] drain|[of] p1b: Quaquaval\n|faint|p1b: Quaquaval\n|move|p2a: Ting-Lu|Throat Chop|p1a: Espathra\n|-resisted|p1a: Espathra\n|-damage|p1a: Espathra|72\/100\n|-start|p1a: Espathra|Throat Chop|[silent]\n|\n|-heal|p2b: Wo-Chien|80\/100|[from] item: Leftovers\n|-damage|p1a: Espathra|60\/100|[from] Leech Seed|[of] p2b: Wo-Chien\n|-heal|p2b: Wo-Chien|91\/100|[silent]\n|-ability|p1a: Espathra|Speed Boost|boost\n|-boost|p1a: Espathra|spe|1\n|upkeep\n|\n|t:|1682411250\n|switch|p1b: Talonflame|Talonflame, L50, F|23\/100\n|turn|6\n|\n|t:|1682411262\n|move|p1a: Espathra|Dazzling Gleam|p2a: Ting-Lu|[spread] p2a,p2b\n|-supereffective|p2a: Ting-Lu\n|-supereffective|p2b: Wo-Chien\n|-crit|p2b: Wo-Chien\n|-damage|p2a: Ting-Lu|26\/100\n|-damage|p2b: Wo-Chien|43\/100\n|move|p1b: Talonflame|Brave Bird|p2a: Ting-Lu\n|-damage|p2a: Ting-Lu|7\/100\n|-damage|p1b: Talonflame|12\/100|[from] Recoil\n|move|p2b: Wo-Chien|Leech Seed|p1b: Talonflame\n|-start|p1b: Talonflame|move: Leech Seed\n|move|p2a: Ting-Lu|Fissure|p1a: Espathra|[miss]\n|-miss|p2a: Ting-Lu|p1a: Espathra\n|\n|-heal|p2b: Wo-Chien|49\/100|[from] item: Leftovers\n|-damage|p1a: Espathra|48\/100|[from] Leech Seed|[of] p2b: Wo-Chien\n|-heal|p2b: Wo-Chien|60\/100|[silent]\n|-damage|p1b: Talonflame|0 fnt|[from] Leech Seed|[of] p2b: Wo-Chien\n|-heal|p2b: Wo-Chien|70\/100|[silent]\n|faint|p1b: Talonflame\n|-end|p1a: Espathra|Throat Chop|[silent]\n|-ability|p1a: Espathra|Speed Boost|boost\n|-boost|p1a: Espathra|spe|1\n|upkeep\n|\n|t:|1682411278\n|switch|p1b: Hydreigon|Hydreigon, L50, M|100\/100\n|turn|7\n|\n|t:|1682411292\n|move|p1a: Espathra|Dazzling Gleam|p2a: Ting-Lu|[spread] p2a,p2b\n|-supereffective|p2a: Ting-Lu\n|-supereffective|p2b: Wo-Chien\n|-damage|p2a: Ting-Lu|0 fnt\n|-damage|p2b: Wo-Chien|37\/100\n|faint|p2a: Ting-Lu\n|move|p1b: Hydreigon|Taunt|p2b: Wo-Chien\n|-start|p2b: Wo-Chien|move: Taunt\n|cant|p2b: Wo-Chien|move: Taunt|Leech Seed\n|\n|-heal|p2b: Wo-Chien|44\/100|[from] item: Leftovers\n|-damage|p1a: Espathra|36\/100|[from] Leech Seed|[of] p2b: Wo-Chien\n|-heal|p2b: Wo-Chien|55\/100|[silent]\n|-ability|p1a: Espathra|Speed Boost|boost\n|-boost|p1a: Espathra|spe|1\n|upkeep\n|\n|t:|1682411308\n|switch|p2a: Haxorus|Haxorus, L50, M, tera:Electric|94\/100 brn\n|-ability|p2a: Haxorus|Mold Breaker\n|turn|8\n|\n|t:|1682411333\n|move|p1a: Espathra|Dazzling Gleam|p2b: Wo-Chien|[spread] p2a,p2b\n|-supereffective|p2b: Wo-Chien\n|-damage|p2a: Haxorus|70\/100 brn\n|-damage|p2b: Wo-Chien|17\/100\n|move|p1b: Hydreigon|Draco Meteor|p2a: Haxorus\n|-damage|p2a: Haxorus|1\/100 brn\n|-unboost|p1b: Hydreigon|spa|2\n|move|p2a: Haxorus|Dragon Claw|p1b: Hydreigon\n|-supereffective|p1b: Hydreigon\n|-damage|p1b: Hydreigon|64\/100\n|move|p2b: Wo-Chien|Giga Drain|p1b: Hydreigon\n|-resisted|p1b: Hydreigon\n|-crit|p1b: Hydreigon\n|-damage|p1b: Hydreigon|44\/100\n|-heal|p2b: Wo-Chien|26\/100|[from] drain|[of] p1b: Hydreigon\n|\n|-heal|p2b: Wo-Chien|32\/100|[from] item: Leftovers\n|-damage|p1a: Espathra|24\/100|[from] Leech Seed|[of] p2b: Wo-Chien\n|-heal|p2b: Wo-Chien|43\/100|[silent]\n|-damage|p2a: Haxorus|0 fnt|[from] brn\n|faint|p2a: Haxorus\n|-ability|p1a: Espathra|Speed Boost|boost\n|-boost|p1a: Espathra|spe|1\n|upkeep\n|\n|t:|1682411357\n|switch|p2a: Chi-Yu|Chi-Yu, L50|29\/100\n|-ability|p2a: Chi-Yu|Beads of Ruin\n|turn|9\n|\n|t:|1682411389\n|move|p1a: Espathra|Hypnosis|p2a: Chi-Yu\n|-status|p2a: Chi-Yu|slp|[from] move: Hypnosis\n|move|p1b: Hydreigon|Draco Meteor|p2a: Chi-Yu\n|-damage|p2a: Chi-Yu|0 fnt\n|-unboost|p1b: Hydreigon|spa|2\n|faint|p2a: Chi-Yu\n|move|p2b: Wo-Chien|Giga Drain|p1b: Hydreigon\n|-resisted|p1b: Hydreigon\n|-damage|p1b: Hydreigon|30\/100\n|-heal|p2b: Wo-Chien|49\/100|[from] drain|[of] p1b: Hydreigon\n|\n|-heal|p2b: Wo-Chien|56\/100|[from] item: Leftovers\n|-damage|p1a: Espathra|12\/100|[from] Leech Seed|[of] p2b: Wo-Chien\n|-heal|p2b: Wo-Chien|67\/100|[silent]\n|-end|p2b: Wo-Chien|move: Taunt\n|-ability|p1a: Espathra|Speed Boost|boost\n|-boost|p1a: Espathra|spe|1\n|upkeep\n|turn|10\n|\n|t:|1682411421\n|move|p2b: Wo-Chien|Protect|p2b: Wo-Chien\n|-singleturn|p2b: Wo-Chien|Protect\n|move|p1a: Espathra|Dazzling Gleam|p2b: Wo-Chien\n|-activate|p2b: Wo-Chien|move: Protect\n|move|p1b: Hydreigon|Taunt|p2b: Wo-Chien\n|-activate|p2b: Wo-Chien|move: Protect\n|\n|-heal|p2b: Wo-Chien|73\/100|[from] item: Leftovers\n|-damage|p1a: Espathra|0 fnt|[from] Leech Seed|[of] p2b: Wo-Chien\n|-heal|p2b: Wo-Chien|84\/100|[silent]\n|faint|p1a: Espathra\n|upkeep\n|turn|11\n|\n|t:|1682411439\n|move|p1b: Hydreigon|Draco Meteor|p2b: Wo-Chien\n|-damage|p2b: Wo-Chien|68\/100\n|-unboost|p1b: Hydreigon|spa|2\n|move|p2b: Wo-Chien|Leech Seed|p1b: Hydreigon\n|-start|p1b: Hydreigon|move: Leech Seed\n|\n|-heal|p2b: Wo-Chien|74\/100|[from] item: Leftovers\n|-damage|p1b: Hydreigon|17\/100|[from] Leech Seed|[of] p2b: Wo-Chien\n|-heal|p2b: Wo-Chien|85\/100|[silent]\n|upkeep\n|turn|12\n|l|\u2606MrHecke\n|player|p1|\n|inactive|Battle timer is ON: inactive players will automatically lose when time's up. (requested by ultramandyna)\n|inactive|MrHecke has 30 seconds to reconnect!\n|inactive|MrHecke has 20 seconds to reconnect!\n|inactive|MrHecke has 15 seconds to reconnect!\n|inactive|MrHecke has 10 seconds to reconnect!\n|inactive|MrHecke has 5 seconds to reconnect!\n|-message|MrHecke lost due to inactivity.\n|\n|win|ultramandyna\n|raw|MrHecke's rating: 1107 → 1078<\/strong> (-29 for losing)\n|raw|ultramandyna's rating: 1057 → 1093<\/strong> (+36 for winning)\n","uploadtime":1682411536,"views":9,"p1id":"mrhecke","p2id":"ultramandyna","formatid":"gen9vgc2023regulationc","rating":1078,"private":0,"password":""}