{"id":"gen9vgc2023regulationc-1846037647","p1":"taka9842","p2":"andretsai0706","format":"[Gen 9] VGC 2023 Regulation C","log":"|j|\u2606taka9842\n|j|\u2606andretsai0706\n|t:|1681795504\n|gametype|doubles\n|player|p1|taka9842|hiker-gen4|1376\n|player|p2|andretsai0706|youngster-gen4dp|1449\n|teamsize|p1|6\n|teamsize|p2|6\n|gen|9\n|tier|[Gen 9] VGC 2023 Regulation C\n|rated|\n|rule|Species Clause: Limit one of each Pok\u00e9mon\n|rule|Item Clause: Limit one of each item\n|clearpoke\n|poke|p1|Corviknight, L50, M|\n|poke|p1|Garchomp, L50, M|\n|poke|p1|Flutter Mane, L50|\n|poke|p1|Brute Bonnet, L50|\n|poke|p1|Dragapult, L50, M|\n|poke|p1|Chien-Pao, L50|\n|poke|p2|Arcanine, L50, F|\n|poke|p2|Ting-Lu, L50|\n|poke|p2|Azumarill, L50, M|\n|poke|p2|Flutter Mane, L50|\n|poke|p2|Bronzong, L50|\n|poke|p2|Amoonguss, L50, M|\n|teampreview|4\n|\n|t:|1681795570\n|start\n|switch|p1a: Chien-Pao|Chien-Pao, L50|100\/100\n|switch|p1b: Dragapult|Dragapult, L50, M|100\/100\n|switch|p2a: Safety googles|Bronzong, L50, shiny|100\/100\n|switch|p2b: Imprison|Flutter Mane, L50|100\/100\n|-ability|p1a: Chien-Pao|Sword of Ruin\n|turn|1\n|\n|t:|1681795599\n|-end|p2b: Imprison|Protosynthesis|[silent]\n|switch|p2b: Mirror herb|Arcanine, L50, F|100\/100\n|-ability|p2b: Mirror herb|Intimidate|boost\n|-unboost|p1a: Chien-Pao|atk|1\n|-fail|p1b: Dragapult|unboost|[from] ability: Clear Body|[of] p1b: Dragapult\n|move|p1b: Dragapult|Phantom Force||[still]\n|-prepare|p1b: Dragapult|Phantom Force\n|move|p1a: Chien-Pao|Ice Spinner|p2b: Mirror herb\n|-resisted|p2b: Mirror herb\n|-crit|p2b: Mirror herb\n|-damage|p2b: Mirror herb|61\/100\n|move|p2a: Safety googles|Trick Room|p2a: Safety googles\n|-fieldstart|move: Trick Room|[of] p2a: Safety googles\n|\n|upkeep\n|turn|2\n|\n|t:|1681795638\n|move|p1a: Chien-Pao|Sucker Punch|p2b: Mirror herb\n|-damage|p2b: Mirror herb|30\/100\n|move|p2a: Safety googles|Iron Defense|p2a: Safety googles\n|-boost|p2a: Safety googles|def|2\n|move|p2b: Mirror herb|Flare Blitz|p1a: Chien-Pao\n|-supereffective|p1a: Chien-Pao\n|-enditem|p1a: Chien-Pao|Focus Sash\n|-damage|p1a: Chien-Pao|1\/100\n|-damage|p2b: Mirror herb|3\/100|[from] Recoil\n|move|p1b: Dragapult|Phantom Force|p2a: Safety googles|[from]lockedmove\n|-supereffective|p2a: Safety googles\n|-damage|p2a: Safety googles|38\/100\n|\n|upkeep\n|turn|3\n|\n|t:|1681795665\n|move|p2a: Safety googles|Iron Defense|p2a: Safety googles\n|-boost|p2a: Safety googles|def|2\n|move|p2b: Mirror herb|Will-O-Wisp|p1b: Dragapult\n|-status|p1b: Dragapult|brn\n|move|p1a: Chien-Pao|Sacred Sword|p2a: Safety googles\n|-damage|p2a: Safety googles|19\/100\n|move|p1b: Dragapult|Phantom Force||[still]\n|-prepare|p1b: Dragapult|Phantom Force\n|\n|-damage|p1b: Dragapult|94\/100 brn|[from] brn\n|upkeep\n|turn|4\n|\n|t:|1681795690\n|switch|p2b: Life orb|Azumarill, L50, M|100\/100\n|move|p1a: Chien-Pao|Sucker Punch||[still]\n|-fail|p1a: Chien-Pao\n|move|p2a: Safety googles|Body Press|p1a: Chien-Pao\n|-supereffective|p1a: Chien-Pao\n|-damage|p1a: Chien-Pao|0 fnt\n|faint|p1a: Chien-Pao\n|move|p1b: Dragapult|Phantom Force|p2a: Safety googles|[from]lockedmove\n|-supereffective|p2a: Safety googles\n|-damage|p2a: Safety googles|3\/100\n|\n|-damage|p1b: Dragapult|88\/100 brn|[from] brn\n|upkeep\n|\n|t:|1681795693\n|switch|p1a: Brute Bonnet|Brute Bonnet, L50|100\/100\n|turn|5\n|\n|t:|1681795718\n|move|p1a: Brute Bonnet|Sucker Punch|p2a: Safety googles\n|-supereffective|p2a: Safety googles\n|-crit|p2a: Safety googles\n|-damage|p2a: Safety googles|0 fnt\n|faint|p2a: Safety googles\n|move|p2b: Life orb|Play Rough|p1a: Brute Bonnet\n|-supereffective|p1a: Brute Bonnet\n|-damage|p1a: Brute Bonnet|0 fnt\n|faint|p1a: Brute Bonnet\n|-end|p1a: Brute Bonnet|Protosynthesis|[silent]\n|-damage|p2b: Life orb|91\/100|[from] item: Life Orb\n|move|p1b: Dragapult|Phantom Force||[still]\n|-prepare|p1b: Dragapult|Phantom Force\n|\n|-damage|p1b: Dragapult|82\/100 brn|[from] brn\n|-fieldend|move: Trick Room\n|upkeep\n|\n|t:|1681795735\n|switch|p1a: Flutter Mane|Flutter Mane, L50|100\/100\n|switch|p2a: Mirror herb|Arcanine, L50, F|3\/100\n|-ability|p2a: Mirror herb|Intimidate|boost\n|-unboost|p1a: Flutter Mane|atk|1\n|-fail|p1b: Dragapult|unboost|[from] ability: Clear Body|[of] p1b: Dragapult\n|turn|6\n|\n|t:|1681795756\n|-terastallize|p1a: Flutter Mane|Fairy\n|move|p1b: Dragapult|Phantom Force|p2b: Life orb|[from]lockedmove\n|-damage|p2b: Life orb|53\/100\n|move|p1a: Flutter Mane|Moonblast|p2b: Life orb\n|-damage|p2b: Life orb|0 fnt\n|faint|p2b: Life orb\n|move|p2a: Mirror herb|Will-O-Wisp|p1a: Flutter Mane\n|-status|p1a: Flutter Mane|brn\n|\n|-damage|p1b: Dragapult|76\/100 brn|[from] brn\n|-damage|p1a: Flutter Mane|95\/100 brn|[from] brn\n|upkeep\n|\n|t:|1681795770\n|switch|p2b: Imprison|Flutter Mane, L50|100\/100\n|turn|7\n|\n|t:|1681795799\n|move|p2a: Mirror herb|Protect|p2a: Mirror herb\n|-singleturn|p2a: Mirror herb|Protect\n|move|p1b: Dragapult|Phantom Force||[still]\n|-prepare|p1b: Dragapult|Phantom Force\n|move|p2b: Imprison|Imprison|p2b: Imprison\n|-start|p2b: Imprison|move: Imprison\n|cant|p1a: Flutter Mane|move: Imprison|Moonblast\n|\n|-damage|p1b: Dragapult|70\/100 brn|[from] brn\n|-damage|p1a: Flutter Mane|89\/100 brn|[from] brn\n|upkeep\n|turn|8\n|\n|t:|1681795818\n|move|p1b: Dragapult|Phantom Force|p2b: Imprison|[from]lockedmove\n|-supereffective|p2b: Imprison\n|-enditem|p2b: Imprison|Focus Sash\n|-damage|p2b: Imprison|1\/100\n|move|p2b: Imprison|Shadow Ball|p1b: Dragapult\n|-supereffective|p1b: Dragapult\n|-damage|p1b: Dragapult|0 fnt\n|faint|p1b: Dragapult\n|-activate|p1a: Flutter Mane|move: Struggle\n|move|p1a: Flutter Mane|Struggle|p2a: Mirror herb\n|-damage|p2a: Mirror herb|1\/100\n|-damage|p1a: Flutter Mane|64\/100 brn|[from] recoil\n|move|p2a: Mirror herb|Flare Blitz|p1a: Flutter Mane\n|-damage|p1a: Flutter Mane|0 fnt\n|faint|p1a: Flutter Mane\n|-end|p1a: Flutter Mane|Protosynthesis|[silent]\n|-damage|p2a: Mirror herb|0 fnt|[from] Recoil\n|faint|p2a: Mirror herb\n|\n|win|andretsai0706\n|raw|taka9842's rating: 1376 → 1360<\/strong> (-16 for losing)\n|raw|andretsai0706's rating: 1449 → 1465<\/strong> (+16 for winning)\n|l|\u2606taka9842\n","uploadtime":1681795839,"views":11,"p1id":"taka9842","p2id":"andretsai0706","formatid":"gen9vgc2023regulationc","rating":1360,"private":0,"password":""}