{"id":"gen9vgc2023regulationc-1862269321","p1":"AGSilver935","p2":"Incenedorus","format":"[Gen 9] VGC 2023 Regulation C","log":"|j|\u2606AGSilver935\n|j|\u2606Incenedorus\n|t:|1683857589\n|gametype|doubles\n|player|p1|AGSilver935|ghetsis|1396\n|player|p2|Incenedorus|wattson|1335\n|teamsize|p1|6\n|teamsize|p2|6\n|gen|9\n|tier|[Gen 9] VGC 2023 Regulation C\n|rated|\n|rule|Species Clause: Limit one of each Pok\u00e9mon\n|rule|Item Clause: Limit one of each item\n|clearpoke\n|poke|p1|Baxcalibur, L50, M|\n|poke|p1|Flutter Mane, L50|\n|poke|p1|Chi-Yu, L50|\n|poke|p1|Iron Bundle, L50|\n|poke|p1|Amoonguss, L50, M|\n|poke|p1|Arcanine, L50, M|\n|poke|p2|Dondozo, L50, M|\n|poke|p2|Ting-Lu, L50|\n|poke|p2|Flutter Mane, L50|\n|poke|p2|Gholdengo, L50|\n|poke|p2|Iron Bundle, L50|\n|poke|p2|Dragonite, L50, F|\n|teampreview|4\n|inactive|Battle timer is ON: inactive players will automatically lose when time's up. (requested by Incenedorus)\nAGSilver935 has agreed to open team sheets.\n|c|\u2606Incenedorus|Hfgl\n|inactive|AGSilver935 has 60 seconds left.\nIncenedorus rejected open team sheets.\n|inactive|AGSilver935 has 30 seconds left.\n|\n|t:|1683857652\n|start\n|switch|p1a: Baxcalibur|Baxcalibur, L50, M|100\/100\n|switch|p1b: Arcanine|Arcanine, L50, M|100\/100\n|switch|p2a: Dondozo|Dondozo, L50, M|100\/100\n|switch|p2b: Ting-Lu|Ting-Lu, L50|100\/100\n|-ability|p1b: Arcanine|Intimidate|boost\n|-unboost|p2a: Dondozo|atk|1\n|-unboost|p2b: Ting-Lu|atk|1\n|-ability|p2b: Ting-Lu|Vessel of Ruin\n|turn|1\n|\n|t:|1683857677\n|-terastallize|p1b: Arcanine|Grass\n|move|p1b: Arcanine|Howl|p1b: Arcanine|[spread] p1a,p1b\n|-boost|p1a: Baxcalibur|atk|1\n|-boost|p1b: Arcanine|atk|1\n|move|p1a: Baxcalibur|Icicle Crash|p2b: Ting-Lu|[miss]\n|-miss|p1a: Baxcalibur|p2b: Ting-Lu\n|move|p2b: Ting-Lu|Stealth Rock|p1b: Arcanine\n|-sidestart|p1: AGSilver935|move: Stealth Rock\n|move|p2a: Dondozo|Yawn|p1a: Baxcalibur\n|-start|p1a: Baxcalibur|move: Yawn|[of] p2a: Dondozo\n|\n|upkeep\n|turn|2\n|\n|t:|1683857701\n|move|p1b: Arcanine|Howl|p1b: Arcanine|[spread] p1a,p1b\n|-boost|p1a: Baxcalibur|atk|1\n|-boost|p1b: Arcanine|atk|1\n|move|p1a: Baxcalibur|Icicle Crash|p2b: Ting-Lu\n|-supereffective|p2b: Ting-Lu\n|-damage|p2b: Ting-Lu|0 fnt\n|faint|p2b: Ting-Lu\n|move|p2a: Dondozo|Yawn|p1b: Arcanine\n|-start|p1b: Arcanine|move: Yawn|[of] p2a: Dondozo\n|\n|-end|p1a: Baxcalibur|move: Yawn|[silent]\n|-status|p1a: Baxcalibur|slp\n|upkeep\n|\n|t:|1683857719\n|switch|p2b: Iron Bundle|Iron Bundle, L50|100\/100\n|turn|3\n|\n|t:|1683857732\n|move|p2b: Iron Bundle|Freeze-Dry|p1b: Arcanine\n|-supereffective|p1b: Arcanine\n|-damage|p1b: Arcanine|29\/100\n|move|p1b: Arcanine|Flare Blitz|p2b: Iron Bundle\n|-enditem|p2b: Iron Bundle|Focus Sash\n|-damage|p2b: Iron Bundle|1\/100\n|-damage|p1b: Arcanine|7\/100|[from] Recoil\n|cant|p1a: Baxcalibur|slp\n|move|p2a: Dondozo|Heavy Slam|p1a: Baxcalibur\n|-supereffective|p1a: Baxcalibur\n|-damage|p1a: Baxcalibur|85\/100 slp\n|\n|-end|p1b: Arcanine|move: Yawn|[silent]\n|-status|p1b: Arcanine|slp\n|upkeep\n|turn|4\n|\n|t:|1683857752\n|cant|p1b: Arcanine|slp\n|-curestatus|p1a: Baxcalibur|slp|[msg]\n|move|p1a: Baxcalibur|Ice Shard|p2b: Iron Bundle\n|-resisted|p2b: Iron Bundle\n|-damage|p2b: Iron Bundle|0 fnt\n|faint|p2b: Iron Bundle\n|-end|p2b: Iron Bundle|Quark Drive|[silent]\n|move|p2a: Dondozo|Heavy Slam|p1a: Baxcalibur\n|-supereffective|p1a: Baxcalibur\n|-damage|p1a: Baxcalibur|70\/100\n|\n|upkeep\n|\n|t:|1683857756\n|switch|p2b: Dragonite|Dragonite, L50, F|100\/100\n|turn|5\n|l|\u2606Incenedorus\n|inactive|Incenedorus disconnected and has a minute to reconnect!\n|player|p2|\n|inactive|Incenedorus has 30 seconds left.\n|inactive|Incenedorus has 20 seconds left.\n|inactive|Incenedorus has 15 seconds left.\n|inactive|Incenedorus has 10 seconds left.\n|inactive|Incenedorus has 5 seconds left.\n|-message|Incenedorus lost due to inactivity.\n|\n|win|AGSilver935\n|raw|AGSilver935's rating: 1396 → 1413<\/strong> (+17 for winning)\n|raw|Incenedorus's rating: 1335 → 1318<\/strong> (-17 for losing)\n","uploadtime":1683857822,"views":11,"p1id":"agsilver935","p2id":"incenedorus","formatid":"gen9vgc2023regulationc","rating":1318,"private":0,"password":""}