{"id":"gen9vgc2023regulationc-1855077578","p1":"Thossq","p2":"Clicky-Clacky","format":"[Gen 9] VGC 2023 Regulation C","log":"|j|\u2606Thossq\n|j|\u2606Clicky-Clacky\n|t:|1682898553\n|gametype|doubles\n|player|p1|Thossq|sabrina|1126\n|player|p2|Clicky-Clacky|170|1051\n|teamsize|p1|6\n|teamsize|p2|6\n|gen|9\n|tier|[Gen 9] VGC 2023 Regulation C\n|rated|\n|rule|Species Clause: Limit one of each Pok\u00e9mon\n|rule|Item Clause: Limit one of each item\n|clearpoke\n|poke|p1|Cetitan, L50, F|\n|poke|p1|Kingambit, L50, M|\n|poke|p1|Indeedee-F, L50, F|\n|poke|p1|Abomasnow, L50, F|\n|poke|p1|Armarouge, L50, F|\n|poke|p1|Glimmora, L50, F|\n|poke|p2|Torkoal, L50, M|\n|poke|p2|Jumpluff, L50, F|\n|poke|p2|Flutter Mane, L50|\n|poke|p2|Great Tusk, L50|\n|poke|p2|Chi-Yu, L50|\n|poke|p2|Chien-Pao, L50|\n|teampreview|4\n|\n|t:|1682898579\n|start\n|switch|p1a: Glimmora|Glimmora, L50, F|100\/100\n|switch|p1b: Indeedee|Indeedee-F, L50, F|100\/100\n|switch|p2a: Torkoal|Torkoal, L50, M|100\/100\n|switch|p2b: Jumpluff|Jumpluff, L50, F|100\/100\n|-fieldstart|move: Psychic Terrain|[from] ability: Psychic Surge|[of] p1b: Indeedee\n|-weather|SunnyDay|[from] ability: Drought|[of] p2a: Torkoal\n|turn|1\n|\n|t:|1682898600\n|move|p2b: Jumpluff|Tailwind|p2b: Jumpluff\n|-sidestart|p2: Clicky-Clacky|move: Tailwind\n|move|p1a: Glimmora|Mortal Spin|p2a: Torkoal|[spread] p2a,p2b\n|-supereffective|p2b: Jumpluff\n|-damage|p2a: Torkoal|97\/100\n|-damage|p2b: Jumpluff|87\/100\n|-status|p2a: Torkoal|psn\n|move|p2a: Torkoal|Yawn|p1a: Glimmora\n|-start|p1a: Glimmora|move: Yawn|[of] p2a: Torkoal\n|move|p1b: Indeedee|Dazzling Gleam|p2a: Torkoal|[spread] p2a,p2b\n|-resisted|p2a: Torkoal\n|-damage|p2a: Torkoal|90\/100 psn\n|-damage|p2b: Jumpluff|73\/100\n|\n|-weather|SunnyDay|[upkeep]\n|-damage|p2a: Torkoal|78\/100 psn|[from] psn\n|upkeep\n|turn|2\n|\n|t:|1682898621\n|move|p2a: Torkoal|Protect|p2a: Torkoal\n|-singleturn|p2a: Torkoal|Protect\n|move|p1b: Indeedee|Follow Me|p1b: Indeedee\n|-singleturn|p1b: Indeedee|move: Follow Me\n|move|p2b: Jumpluff|Encore|p1b: Indeedee\n|-start|p1b: Indeedee|Encore\n|move|p1a: Glimmora|Venoshock|p2a: Torkoal\n|-activate|p2a: Torkoal|move: Protect\n|\n|-weather|SunnyDay|[upkeep]\n|-damage|p2a: Torkoal|65\/100 psn|[from] psn\n|-end|p1a: Glimmora|move: Yawn|[silent]\n|-status|p1a: Glimmora|slp\n|upkeep\n|turn|3\n|\n|t:|1682898659\n|switch|p2b: Chi-Yu|Chi-Yu, L50|100\/100\n|-ability|p2b: Chi-Yu|Beads of Ruin\n|move|p1b: Indeedee|Follow Me|p1b: Indeedee\n|-singleturn|p1b: Indeedee|move: Follow Me\n|cant|p1a: Glimmora|slp\n|move|p2a: Torkoal|Yawn|p1b: Indeedee\n|-start|p1b: Indeedee|move: Yawn|[of] p2a: Torkoal\n|\n|-weather|SunnyDay|[upkeep]\n|-damage|p2a: Torkoal|53\/100 psn|[from] psn\n|upkeep\n|turn|4\n|\n|t:|1682898681\n|switch|p1b: Armarouge|Armarouge, L50, F|100\/100\n|move|p2a: Torkoal|Helping Hand|p2b: Chi-Yu\n|-singleturn|p2b: Chi-Yu|Helping Hand|[of] p2a: Torkoal\n|move|p2b: Chi-Yu|Heat Wave|p1b: Armarouge|[spread] p1a\n|-start|p1b: Armarouge|ability: Flash Fire\n|-resisted|p1a: Glimmora\n|-damage|p1a: Glimmora|40\/100 slp\n|-damage|p2b: Chi-Yu|90\/100|[from] item: Life Orb\n|-curestatus|p1a: Glimmora|slp|[msg]\n|move|p1a: Glimmora|Venoshock|p2a: Torkoal\n|-damage|p2a: Torkoal|0 fnt\n|faint|p2a: Torkoal\n|\n|-weather|SunnyDay|[upkeep]\n|-sideend|p2: Clicky-Clacky|move: Tailwind\n|upkeep\n|\n|t:|1682898695\n|switch|p2a: Flutter Mane|Flutter Mane, L50|100\/100\n|-activate|p2a: Flutter Mane|ability: Protosynthesis\n|-start|p2a: Flutter Mane|protosynthesisspe\n|turn|5\n|\n|t:|1682898706\n|-terastallize|p1b: Armarouge|Grass\n|move|p2b: Chi-Yu|Protect|p2b: Chi-Yu\n|-singleturn|p2b: Chi-Yu|Protect\n|move|p2a: Flutter Mane|Dazzling Gleam|p1b: Armarouge|[spread] p1a,p1b\n|-resisted|p1a: Glimmora\n|-damage|p1a: Glimmora|12\/100\n|-damage|p1b: Armarouge|28\/100\n|move|p1a: Glimmora|Flash Cannon|p2a: Flutter Mane\n|-supereffective|p2a: Flutter Mane\n|-damage|p2a: Flutter Mane|21\/100\n|move|p1b: Armarouge|Trick Room|p1b: Armarouge\n|-fieldstart|move: Trick Room|[of] p1b: Armarouge\n|\n|-weather|none\n|-end|p2a: Flutter Mane|Protosynthesis\n|-fieldend|move: Psychic Terrain\n|upkeep\n|turn|6\n|\n|t:|1682898735\n|switch|p2b: Jumpluff|Jumpluff, L50, F|73\/100\n|move|p1b: Armarouge|Armor Cannon|p2a: Flutter Mane\n|-damage|p2a: Flutter Mane|0 fnt\n|-unboost|p1b: Armarouge|def|1\n|-unboost|p1b: Armarouge|spd|1\n|faint|p2a: Flutter Mane\n|-end|p2a: Flutter Mane|Protosynthesis|[silent]\n|-damage|p1b: Armarouge|18\/100|[from] item: Life Orb\n|move|p1a: Glimmora|Earth Power|p2b: Jumpluff\n|-immune|p2b: Jumpluff\n|\n|upkeep\n|\n|t:|1682898742\n|switch|p2a: Chi-Yu|Chi-Yu, L50|90\/100\n|-ability|p2a: Chi-Yu|Beads of Ruin\n|turn|7\n|\n|t:|1682898765\n|move|p1b: Armarouge|Armor Cannon|p2b: Jumpluff\n|-supereffective|p2b: Jumpluff\n|-damage|p2b: Jumpluff|0 fnt\n|-unboost|p1b: Armarouge|def|1\n|-unboost|p1b: Armarouge|spd|1\n|faint|p2b: Jumpluff\n|-damage|p1b: Armarouge|8\/100|[from] item: Life Orb\n|move|p1a: Glimmora|Earth Power|p2a: Chi-Yu\n|-supereffective|p2a: Chi-Yu\n|-damage|p2a: Chi-Yu|21\/100\n|move|p2a: Chi-Yu|Heat Wave|p1b: Armarouge|[spread] p1a\n|-immune|p1b: Armarouge|[from] ability: Flash Fire\n|-resisted|p1a: Glimmora\n|-damage|p1a: Glimmora|0 fnt\n|faint|p1a: Glimmora\n|-damage|p2a: Chi-Yu|11\/100|[from] item: Life Orb\n|\n|upkeep\n|\n|t:|1682898781\n|switch|p1a: Indeedee|Indeedee-F, L50, F|100\/100\n|-fieldstart|move: Psychic Terrain|[from] ability: Psychic Surge|[of] p1a: Indeedee\n|turn|8\n|-message|Clicky-Clacky forfeited.\n|\n|win|Thossq\n|raw|Thossq's rating: 1126 → 1146<\/strong> (+20 for winning)\n|raw|Clicky-Clacky's rating: 1051 → 1037<\/strong> (-14 for losing)\n|l|\u2606Clicky-Clacky\n","uploadtime":1682898845,"views":9,"p1id":"thossq","p2id":"clickyclacky","formatid":"gen9vgc2023regulationc","rating":1037,"private":0,"password":""}