{"id":"gen9vgc2023regulationc-1847374726","p1":"Hadrian1917","p2":"Alexis_student","format":"[Gen 9] VGC 2023 Regulation C","log":"|j|\u2606Hadrian1917\n|j|\u2606Alexis_student\n|t:|1681947357\n|gametype|doubles\n|player|p1|Hadrian1917|brock|1231\n|player|p2|Alexis_student|266|1255\n|teamsize|p1|6\n|teamsize|p2|6\n|gen|9\n|tier|[Gen 9] VGC 2023 Regulation C\n|rated|\n|rule|Species Clause: Limit one of each Pok\u00e9mon\n|rule|Item Clause: Limit one of each item\n|clearpoke\n|poke|p1|Flutter Mane, L50|\n|poke|p1|Arcanine, L50, F|\n|poke|p1|Baxcalibur, L50, F|\n|poke|p1|Ting-Lu, L50|\n|poke|p1|Gyarados, L50, M|\n|poke|p1|Amoonguss, L50, M|\n|poke|p2|Amoonguss, L50, M|\n|poke|p2|Palafin, L50, F|\n|poke|p2|Arcanine, L50, F|\n|poke|p2|Flutter Mane, L50|\n|poke|p2|Roaring Moon, L50|\n|poke|p2|Ting-Lu, L50|\n|teampreview|4\n|inactive|Battle timer is ON: inactive players will automatically lose when time's up. (requested by Hadrian1917)\n|inactive|Hadrian1917 has 60 seconds left.\n|\n|t:|1681947392\n|start\n|switch|p1a: Baxcalibur|Baxcalibur, L50, F|100\/100\n|switch|p1b: Arcanine|Arcanine, L50, F|100\/100\n|switch|p2a: Arcanine|Arcanine, L50, F|100\/100\n|switch|p2b: Ting-Lu|Ting-Lu, L50|100\/100\n|-ability|p1b: Arcanine|Intimidate|boost\n|-unboost|p2a: Arcanine|atk|1\n|-unboost|p2b: Ting-Lu|atk|1\n|-ability|p2a: Arcanine|Intimidate|boost\n|-fail|p1a: Baxcalibur|unboost|[from] item: Clear Amulet|[of] p1a: Baxcalibur\n|-unboost|p1b: Arcanine|atk|1\n|-ability|p2b: Ting-Lu|Vessel of Ruin\n|turn|1\n|\n|t:|1681947417\n|move|p2a: Arcanine|Protect|p2a: Arcanine\n|-singleturn|p2a: Arcanine|Protect\n|move|p1b: Arcanine|Howl|p1b: Arcanine|[spread] p1a,p1b\n|-boost|p1a: Baxcalibur|atk|1\n|-boost|p1b: Arcanine|atk|1\n|move|p1a: Baxcalibur|Icicle Crash|p2b: Ting-Lu\n|-supereffective|p2b: Ting-Lu\n|-damage|p2b: Ting-Lu|24\/100\n|move|p2b: Ting-Lu|Heavy Slam|p1a: Baxcalibur\n|-supereffective|p1a: Baxcalibur\n|-crit|p1a: Baxcalibur\n|-damage|p1a: Baxcalibur|29\/100\n|\n|upkeep\n|turn|2\n|\n|t:|1681947441\n|switch|p2b: Roaring Moon|Roaring Moon, L50|100\/100\n|-enditem|p2b: Roaring Moon|Booster Energy\n|-activate|p2b: Roaring Moon|ability: Protosynthesis|[fromitem]\n|-start|p2b: Roaring Moon|protosynthesisatk\n|move|p1a: Baxcalibur|Protect|p1a: Baxcalibur\n|-singleturn|p1a: Baxcalibur|Protect\n|move|p2a: Arcanine|Extreme Speed|p1a: Baxcalibur\n|-activate|p1a: Baxcalibur|move: Protect\n|move|p1b: Arcanine|Flare Blitz|p2b: Roaring Moon\n|-resisted|p2b: Roaring Moon\n|-damage|p2b: Roaring Moon|73\/100\n|-damage|p1b: Arcanine|91\/100|[from] Recoil\n|\n|upkeep\n|turn|3\n|\n|t:|1681947462\n|switch|p1a: Gyarados|Gyarados, L50, M|100\/100\n|-ability|p1a: Gyarados|Intimidate|boost\n|-unboost|p2a: Arcanine|atk|1\n|-unboost|p2b: Roaring Moon|atk|1\n|-terastallize|p2b: Roaring Moon|Flying\n|move|p2a: Arcanine|Extreme Speed|p1a: Gyarados\n|-damage|p1a: Gyarados|89\/100\n|move|p2b: Roaring Moon|Acrobatics|p1b: Arcanine\n|-damage|p1b: Arcanine|35\/100\n|move|p1b: Arcanine|Howl|p1b: Arcanine|[spread] p1a,p1b\n|-boost|p1a: Gyarados|atk|1\n|-boost|p1b: Arcanine|atk|1\n|\n|upkeep\n|turn|4\n|inactive|Hadrian1917 has 30 seconds left.\n|inactive|Alexis_student has 30 seconds left.\n|\n|t:|1681947495\n|-end|p2b: Roaring Moon|Protosynthesis|[silent]\n|switch|p2b: Ting-Lu|Ting-Lu, L50|24\/100\n|-ability|p2b: Ting-Lu|Vessel of Ruin\n|switch|p1b: Baxcalibur|Baxcalibur, L50, F|29\/100\n|move|p2a: Arcanine|Will-O-Wisp|p1a: Gyarados\n|-status|p1a: Gyarados|brn\n|move|p1a: Gyarados|Waterfall|p2b: Ting-Lu\n|-supereffective|p2b: Ting-Lu\n|-damage|p2b: Ting-Lu|0 fnt\n|faint|p2b: Ting-Lu\n|\n|-damage|p1a: Gyarados|83\/100 brn|[from] brn\n|upkeep\n|\n|t:|1681947514\n|switch|p2b: Flutter Mane|Flutter Mane, L50|100\/100\n|turn|5\n|\n|t:|1681947522\n|move|p1b: Baxcalibur|Protect|p1b: Baxcalibur\n|-singleturn|p1b: Baxcalibur|Protect\n|move|p2a: Arcanine|Extreme Speed|p1b: Baxcalibur\n|-activate|p1b: Baxcalibur|move: Protect\n|move|p2b: Flutter Mane|Dazzling Gleam|p1b: Baxcalibur|[spread] p1a\n|-activate|p1b: Baxcalibur|move: Protect\n|-damage|p1a: Gyarados|48\/100 brn\n|-enditem|p1a: Gyarados|Sitrus Berry|[eat]\n|-heal|p1a: Gyarados|73\/100 brn|[from] item: Sitrus Berry\n|move|p1a: Gyarados|Thunder Wave|p2b: Flutter Mane\n|-status|p2b: Flutter Mane|par\n|\n|-damage|p1a: Gyarados|67\/100 brn|[from] brn\n|upkeep\n|turn|6\n|\n|t:|1681947540\n|switch|p1b: Arcanine|Arcanine, L50, F|35\/100\n|-ability|p1b: Arcanine|Intimidate|boost\n|-unboost|p2a: Arcanine|atk|1\n|-unboost|p2b: Flutter Mane|atk|1\n|move|p2a: Arcanine|Extreme Speed|p1b: Arcanine\n|-damage|p1b: Arcanine|26\/100\n|move|p1a: Gyarados|Thunder Wave|p2a: Arcanine\n|-status|p2a: Arcanine|par\n|move|p2b: Flutter Mane|Dazzling Gleam|p1b: Arcanine|[spread] p1a,p1b\n|-resisted|p1b: Arcanine\n|-damage|p1a: Gyarados|28\/100 brn\n|-damage|p1b: Arcanine|2\/100\n|\n|-damage|p1a: Gyarados|22\/100 brn|[from] brn\n|upkeep\n|turn|7\n|\n|t:|1681947563\n|switch|p1b: Baxcalibur|Baxcalibur, L50, F|29\/100\n|move|p1a: Gyarados|Waterfall|p2a: Arcanine\n|-supereffective|p2a: Arcanine\n|-damage|p2a: Arcanine|51\/100 par\n|cant|p2b: Flutter Mane|par\n|move|p2a: Arcanine|Flare Blitz|p1b: Baxcalibur\n|-damage|p1b: Baxcalibur|11\/100\n|-ability|p1b: Baxcalibur|Thermal Exchange|boost\n|-boost|p1b: Baxcalibur|atk|1\n|-damage|p2a: Arcanine|45\/100 par|[from] Recoil\n|\n|-damage|p1a: Gyarados|16\/100 brn|[from] brn\n|upkeep\n|turn|8\n|\n|t:|1681947582\n|move|p1b: Baxcalibur|Protect|p1b: Baxcalibur\n|-singleturn|p1b: Baxcalibur|Protect\n|move|p2a: Arcanine|Extreme Speed|p1b: Baxcalibur\n|-activate|p1b: Baxcalibur|move: Protect\n|move|p1a: Gyarados|Waterfall|p2a: Arcanine\n|-supereffective|p2a: Arcanine\n|-damage|p2a: Arcanine|0 fnt\n|faint|p2a: Arcanine\n|move|p2b: Flutter Mane|Dazzling Gleam|p1a: Gyarados|[spread] p1a\n|-activate|p1b: Baxcalibur|move: Protect\n|-damage|p1a: Gyarados|0 fnt\n|faint|p1a: Gyarados\n|\n|upkeep\n|\n|t:|1681947598\n|switch|p2a: Roaring Moon|Roaring Moon, L50, tera:Flying|73\/100\n|switch|p1a: Flutter Mane|Flutter Mane, L50|100\/100\n|turn|9\n|\n|t:|1681947611\n|switch|p1b: Arcanine|Arcanine, L50, F|2\/100\n|-ability|p1b: Arcanine|Intimidate|boost\n|-unboost|p2a: Roaring Moon|atk|1\n|-unboost|p2b: Flutter Mane|atk|1\n|-terastallize|p1a: Flutter Mane|Fairy\n|move|p1a: Flutter Mane|Shadow Ball|p2b: Flutter Mane\n|-supereffective|p2b: Flutter Mane\n|-damage|p2b: Flutter Mane|0 fnt\n|faint|p2b: Flutter Mane\n|-end|p2b: Flutter Mane|Protosynthesis|[silent]\n|move|p2a: Roaring Moon|Dragon Dance|p2a: Roaring Moon\n|-boost|p2a: Roaring Moon|atk|1\n|-boost|p2a: Roaring Moon|spe|1\n|\n|upkeep\n|turn|10\n|\n|t:|1681947631\n|switch|p1b: Baxcalibur|Baxcalibur, L50, F|11\/100\n|move|p2a: Roaring Moon|Acrobatics|p1a: Flutter Mane\n|-damage|p1a: Flutter Mane|0 fnt\n|faint|p1a: Flutter Mane\n|-end|p1a: Flutter Mane|Protosynthesis|[silent]\n|\n|upkeep\n|\n|t:|1681947638\n|switch|p1a: Arcanine|Arcanine, L50, F|2\/100\n|-ability|p1a: Arcanine|Intimidate|boost\n|-unboost|p2a: Roaring Moon|atk|1\n|turn|11\n|\n|t:|1681947650\n|move|p2a: Roaring Moon|Protect|p2a: Roaring Moon\n|-singleturn|p2a: Roaring Moon|Protect\n|move|p1a: Arcanine|Extreme Speed|p2a: Roaring Moon\n|-activate|p2a: Roaring Moon|move: Protect\n|move|p1b: Baxcalibur|Ice Shard|p2a: Roaring Moon\n|-activate|p2a: Roaring Moon|move: Protect\n|\n|upkeep\n|turn|12\n|\n|t:|1681947662\n|move|p1a: Arcanine|Extreme Speed|p2a: Roaring Moon\n|-damage|p2a: Roaring Moon|50\/100\n|move|p1b: Baxcalibur|Ice Shard|p2a: Roaring Moon\n|-supereffective|p2a: Roaring Moon\n|-damage|p2a: Roaring Moon|2\/100\n|move|p2a: Roaring Moon|Acrobatics|p1b: Baxcalibur\n|-damage|p1b: Baxcalibur|0 fnt\n|faint|p1b: Baxcalibur\n|\n|upkeep\n|turn|13\n|\n|t:|1681947675\n|move|p1a: Arcanine|Extreme Speed|p2a: Roaring Moon\n|-damage|p2a: Roaring Moon|0 fnt\n|faint|p2a: Roaring Moon\n|-end|p2a: Roaring Moon|Protosynthesis|[silent]\n|\n|win|Hadrian1917\n|raw|Hadrian1917's rating: 1231 → 1258<\/strong> (+27 for winning)\n|raw|Alexis_student's rating: 1255 → 1228<\/strong> (-27 for losing)\n|l|\u2606Alexis_student\n","uploadtime":1681947685,"views":5,"p1id":"hadrian1917","p2id":"alexisstudent","formatid":"gen9vgc2023regulationc","rating":1228,"private":0,"password":""}