{"id":"gen9vgc2023regulationc-1850885979","p1":"captantan","p2":"KhaiWings","format":"[Gen 9] VGC 2023 Regulation C","log":"|j|\u2606captantan\n|j|\u2606KhaiWings\n|t:|1682378338\n|gametype|doubles\n|player|p1|captantan|2|1155\n|player|p2|KhaiWings|benga|1124\n|teamsize|p1|6\n|teamsize|p2|6\n|gen|9\n|tier|[Gen 9] VGC 2023 Regulation C\n|rated|\n|rule|Species Clause: Limit one of each Pok\u00e9mon\n|rule|Item Clause: Limit one of each item\n|clearpoke\n|poke|p1|Ting-Lu, L50|\n|poke|p1|Roaring Moon, L50|\n|poke|p1|Amoonguss, L50, F|\n|poke|p1|Arcanine, L50, F|\n|poke|p1|Garganacl, L50, F|\n|poke|p1|Iron Bundle, L50|\n|poke|p2|Gyarados, L50, F|\n|poke|p2|Chi-Yu, L50|\n|poke|p2|Iron Hands, L50|\n|poke|p2|Kingambit, L50, M|\n|poke|p2|Amoonguss, L50, F|\n|poke|p2|Flutter Mane, L50|\n|teampreview|4\n|inactive|Battle timer is ON: inactive players will automatically lose when time's up. (requested by KhaiWings)\nKhaiWings has agreed to open team sheets.\ncaptantan has agreed to open team sheets.\n|inactive|captantan has 60 seconds left.\n|inactive|KhaiWings has 60 seconds left.\n|\n|t:|1682378393\n|start\n|switch|p1a: Garganacl|Garganacl, L50, F|100\/100\n|switch|p1b: Ting-Lu|Ting-Lu, L50|100\/100\n|switch|p2a: Iron Hands|Iron Hands, L50|100\/100\n|switch|p2b: Gyarados|Gyarados, L50, F|100\/100\n|-ability|p2b: Gyarados|Intimidate|boost\n|-unboost|p1a: Garganacl|atk|1\n|-unboost|p1b: Ting-Lu|atk|1\n|-ability|p1b: Ting-Lu|Vessel of Ruin\n|turn|1\n|inactive|captantan has 30 seconds left.\n|inactive|KhaiWings has 30 seconds left.\n|\n|t:|1682378423\n|-terastallize|p1a: Garganacl|Ghost\n|move|p2b: Gyarados|Taunt|p1a: Garganacl\n|-start|p1a: Garganacl|move: Taunt\n|move|p2a: Iron Hands|Drain Punch|p1a: Garganacl\n|-immune|p1a: Garganacl\n|move|p1b: Ting-Lu|Ruination|p2a: Iron Hands\n|-damage|p2a: Iron Hands|51\/100\n|move|p1a: Garganacl|Salt Cure|p2b: Gyarados\n|-supereffective|p2b: Gyarados\n|-damage|p2b: Gyarados|77\/100\n|-start|p2b: Gyarados|Salt Cure\n|\n|-damage|p2b: Gyarados|52\/100|[from] Salt Cure\n|upkeep\n|turn|2\n|\n|t:|1682378448\n|switch|p2b: Flutter Mane|Flutter Mane, L50|100\/100\n|-enditem|p2b: Flutter Mane|Booster Energy\n|-activate|p2b: Flutter Mane|ability: Protosynthesis|[fromitem]\n|-start|p2b: Flutter Mane|protosynthesisspa\n|move|p2a: Iron Hands|Drain Punch|p1b: Ting-Lu\n|-supereffective|p1b: Ting-Lu\n|-damage|p1b: Ting-Lu|51\/100\n|-heal|p2a: Iron Hands|77\/100|[from] drain|[of] p1b: Ting-Lu\n|move|p1b: Ting-Lu|Sand Tomb|p2a: Iron Hands\n|-supereffective|p2a: Iron Hands\n|-damage|p2a: Iron Hands|62\/100\n|-activate|p2a: Iron Hands|move: Sand Tomb|[of] p1b: Ting-Lu\n|move|p1a: Garganacl|Salt Cure|p2b: Flutter Mane\n|-damage|p2b: Flutter Mane|87\/100\n|-start|p2b: Flutter Mane|Salt Cure\n|\n|-damage|p2b: Flutter Mane|75\/100|[from] Salt Cure\n|-damage|p2a: Iron Hands|50\/100|[from] move: Sand Tomb|[partiallytrapped]\n|upkeep\n|turn|3\n|inactive|captantan has 30 seconds left.\n|\n|t:|1682378475\n|switch|p1b: Iron Bundle|Iron Bundle, L50|100\/100\n|move|p2b: Flutter Mane|Shadow Ball|p1a: Garganacl\n|-supereffective|p1a: Garganacl\n|-damage|p1a: Garganacl|66\/100\n|-unboost|p1a: Garganacl|spd|1\n|move|p2a: Iron Hands|Drain Punch|p1b: Iron Bundle\n|-supereffective|p1b: Iron Bundle\n|-enditem|p1b: Iron Bundle|Focus Sash\n|-damage|p1b: Iron Bundle|1\/100\n|-heal|p2a: Iron Hands|77\/100|[from] drain|[of] p1b: Iron Bundle\n|move|p1a: Garganacl|Salt Cure|p2b: Flutter Mane\n|-damage|p2b: Flutter Mane|61\/100\n|\n|-heal|p1a: Garganacl|72\/100|[from] item: Leftovers\n|-damage|p2b: Flutter Mane|49\/100|[from] Salt Cure\n|-end|p2a: Iron Hands|Sand Tomb|[partiallytrapped]|[silent]\n|-end|p1a: Garganacl|move: Taunt\n|upkeep\n|turn|4\n|inactive|captantan has 30 seconds left.\n|inactive|KhaiWings has 30 seconds left.\n|\n|t:|1682378509\n|move|p1b: Iron Bundle|Protect|p1b: Iron Bundle\n|-singleturn|p1b: Iron Bundle|Protect\n|move|p2b: Flutter Mane|Dazzling Gleam|p1a: Garganacl|[spread] p1a\n|-activate|p1b: Iron Bundle|move: Protect\n|-damage|p1a: Garganacl|29\/100\n|move|p2a: Iron Hands|Wild Charge|p1a: Garganacl\n|-damage|p1a: Garganacl|0 fnt\n|faint|p1a: Garganacl\n|-damage|p2a: Iron Hands|71\/100|[from] Recoil\n|\n|-damage|p2b: Flutter Mane|37\/100|[from] Salt Cure\n|upkeep\n|\n|t:|1682378519\n|switch|p1a: Ting-Lu|Ting-Lu, L50|51\/100\n|-ability|p1a: Ting-Lu|Vessel of Ruin\n|turn|5\n|\n|t:|1682378534\n|-end|p2b: Flutter Mane|Protosynthesis|[silent]\n|switch|p2b: Amoonguss|Amoonguss, L50, F|100\/100\n|move|p1b: Iron Bundle|Freeze-Dry|p2a: Iron Hands\n|-damage|p2a: Iron Hands|51\/100\n|move|p2a: Iron Hands|Drain Punch|p1a: Ting-Lu\n|-supereffective|p1a: Ting-Lu\n|-damage|p1a: Ting-Lu|5\/100\n|-heal|p2a: Iron Hands|75\/100|[from] drain|[of] p1a: Ting-Lu\n|move|p1a: Ting-Lu|Stomping Tantrum|p2a: Iron Hands\n|-supereffective|p2a: Iron Hands\n|-crit|p2a: Iron Hands\n|-damage|p2a: Iron Hands|0 fnt\n|faint|p2a: Iron Hands\n|-end|p2a: Iron Hands|Quark Drive|[silent]\n|\n|upkeep\n|\n|t:|1682378553\n|switch|p2a: Flutter Mane|Flutter Mane, L50|37\/100\n|turn|6\n|inactive|captantan has 30 seconds left.\n|inactive|captantan has 20 seconds left.\n|inactive|captantan has 15 seconds left.\n|inactive|captantan has 10 seconds left.\n|inactive|captantan has 5 seconds left.\n|\n|t:|1682378606\n|move|p1b: Iron Bundle|Protect|p1b: Iron Bundle\n|-singleturn|p1b: Iron Bundle|Protect\n|move|p2a: Flutter Mane|Dazzling Gleam|p1b: Iron Bundle|[spread] p1a\n|-activate|p1b: Iron Bundle|move: Protect\n|-supereffective|p1a: Ting-Lu\n|-damage|p1a: Ting-Lu|0 fnt\n|faint|p1a: Ting-Lu\n|move|p2b: Amoonguss|Pollen Puff|p2a: Flutter Mane\n|-heal|p2a: Flutter Mane|87\/100\n|\n|upkeep\n|\n|t:|1682378610\n|switch|p1a: Roaring Moon|Roaring Moon, L50|100\/100\n|-enditem|p1a: Roaring Moon|Booster Energy\n|-activate|p1a: Roaring Moon|ability: Protosynthesis|[fromitem]\n|-start|p1a: Roaring Moon|protosynthesisatk\n|turn|7\n|\n|t:|1682378629\n|-terastallize|p2a: Flutter Mane|Fairy\n|move|p2b: Amoonguss|Rage Powder|p2b: Amoonguss\n|-singleturn|p2b: Amoonguss|move: Rage Powder\n|move|p1b: Iron Bundle|Freeze-Dry|p2b: Amoonguss\n|-supereffective|p2b: Amoonguss\n|-damage|p2b: Amoonguss|35\/100\n|move|p2a: Flutter Mane|Dazzling Gleam|p1a: Roaring Moon|[spread] p1a,p1b\n|-supereffective|p1a: Roaring Moon\n|-damage|p1a: Roaring Moon|0 fnt\n|-damage|p1b: Iron Bundle|0 fnt\n|faint|p1a: Roaring Moon\n|-end|p1a: Roaring Moon|Protosynthesis|[silent]\n|faint|p1b: Iron Bundle\n|-end|p1b: Iron Bundle|Quark Drive|[silent]\n|\n|win|KhaiWings\n|raw|captantan's rating: 1155 → 1128<\/strong> (-27 for losing)\n|raw|KhaiWings's rating: 1124 → 1151<\/strong> (+27 for winning)\n|c|\u2606captantan|Gg\n|c|\u2606KhaiWings|gg\n","uploadtime":1682378649,"views":14,"p1id":"captantan","p2id":"khaiwings","formatid":"gen9vgc2023regulationc","rating":1128,"private":0,"password":""}