{"id":"gen9vgc2023regulationc-1846013109","p1":"vxronicasawyer","p2":"Tachipoyo","format":"[Gen 9] VGC 2023 Regulation C","log":"|j|\u2606vxronicasawyer\n|j|\u2606Tachipoyo\n|t:|1681791379\n|gametype|doubles\n|player|p1|vxronicasawyer|1|1042\n|player|p2|Tachipoyo|tate|1000\n|teamsize|p1|6\n|teamsize|p2|6\n|gen|9\n|tier|[Gen 9] VGC 2023 Regulation C\n|rated|\n|rule|Species Clause: Limit one of each Pok\u00e9mon\n|rule|Item Clause: Limit one of each item\n|clearpoke\n|poke|p1|Flutter Mane, L50|\n|poke|p1|Ting-Lu, L50|\n|poke|p1|Baxcalibur, L50, F|\n|poke|p1|Meowscarada, L50, M|\n|poke|p1|Arcanine, L50, M|\n|poke|p1|Palafin, L50, M|\n|poke|p2|Dondozo, L50, M|\n|poke|p2|Tatsugiri, L50, M|\n|poke|p2|Scovillain, L50, M|\n|poke|p2|Kingambit, L50, M|\n|poke|p2|Gothitelle, L50, F|\n|poke|p2|Flutter Mane, L50|\n|teampreview|4\n|inactive|Battle timer is ON: inactive players will automatically lose when time's up. (requested by Tachipoyo)\n|\n|t:|1681791431\n|start\n|switch|p1a: Ting-Lu|Ting-Lu, L50|100\/100\n|switch|p1b: Palafin|Palafin, L50, M|100\/100\n|switch|p2a: Dondozo|Dondozo, L50, M|100\/100\n|switch|p2b: Gothitelle|Gothitelle, L50, F|100\/100\n|-ability|p1a: Ting-Lu|Vessel of Ruin\n|turn|1\n|inactive|vxronicasawyer has 30 seconds left.\n|\n|t:|1681791466\n|move|p1b: Palafin|Jet Punch|p2b: Gothitelle\n|-damage|p2b: Gothitelle|80\/100\n|-damage|p1b: Palafin|84\/100|[from] item: Rocky Helmet|[of] p2b: Gothitelle\n|move|p2a: Dondozo|Substitute|p2a: Dondozo\n|-start|p2a: Dondozo|Substitute\n|-damage|p2a: Dondozo|76\/100\n|move|p2b: Gothitelle|Hypnosis|p1a: Ting-Lu\n|-status|p1a: Ting-Lu|slp|[from] move: Hypnosis\n|cant|p1a: Ting-Lu|slp\n|\n|-heal|p1b: Palafin|90\/100|[from] item: Leftovers\n|-heal|p2a: Dondozo|82\/100|[from] item: Leftovers\n|upkeep\n|turn|2\n|\n|t:|1681791482\n|switch|p2b: Tatsugiri|Tatsugiri, L50, M|100\/100\n|-activate|p2b: Tatsugiri|ability: Commander|[of] p2a: Dondozo\n|-boost|p2a: Dondozo|atk|2\n|-boost|p2a: Dondozo|spa|2\n|-boost|p2a: Dondozo|spe|2\n|-boost|p2a: Dondozo|def|2\n|-boost|p2a: Dondozo|spd|2\n|move|p1b: Palafin|Protect|p1b: Palafin\n|-singleturn|p1b: Palafin|Protect\n|move|p2a: Dondozo|Order Up|p1b: Palafin\n|-activate|p1b: Palafin|move: Protect\n|-curestatus|p1a: Ting-Lu|slp|[msg]\n|move|p1a: Ting-Lu|Heavy Slam|p2a: Dondozo\n|-resisted|p2a: Dondozo\n|-activate|p2a: Dondozo|move: Substitute|[damage]\n|\n|-heal|p2a: Dondozo|88\/100|[from] item: Leftovers\n|-heal|p1b: Palafin|95\/100|[from] item: Leftovers\n|upkeep\n|turn|3\n|inactive|vxronicasawyer has 30 seconds left.\n|\n|t:|1681791509\n|detailschange|p1b: Palafin|Palafin-Hero, L50, M\n|switch|p1b: Meowscarada|Meowscarada, L50, M|100\/100\n|move|p2a: Dondozo|Order Up|p1a: Ting-Lu\n|-damage|p1a: Ting-Lu|73\/100\n|-boost|p2a: Dondozo|atk|1\n|move|p1a: Ting-Lu|Fissure|p2a: Dondozo|[miss]\n|-miss|p1a: Ting-Lu|p2a: Dondozo\n|\n|-heal|p2a: Dondozo|94\/100|[from] item: Leftovers\n|upkeep\n|turn|4\n|inactive|vxronicasawyer has 30 seconds left.\n|\n|t:|1681791542\n|move|p1b: Meowscarada|Knock Off|p2a: Dondozo\n|-activate|p2a: Dondozo|move: Substitute|[damage]\n|move|p2a: Dondozo|Order Up|p1b: Meowscarada\n|-damage|p1b: Meowscarada|4\/100\n|-boost|p2a: Dondozo|atk|1\n|move|p1a: Ting-Lu|Payback|p2a: Dondozo\n|-end|p2a: Dondozo|Substitute\n|\n|-heal|p2a: Dondozo|100\/100|[from] item: Leftovers\n|upkeep\n|turn|5\n|\n|t:|1681791560\n|-terastallize|p2a: Dondozo|Dragon\n|move|p1b: Meowscarada|Flower Trick|p2a: Dondozo\n|-resisted|p2a: Dondozo\n|-crit|p2a: Dondozo\n|-damage|p2a: Dondozo|75\/100\n|move|p2a: Dondozo|Substitute|p2a: Dondozo\n|-start|p2a: Dondozo|Substitute\n|-damage|p2a: Dondozo|50\/100\n|move|p1a: Ting-Lu|Stomping Tantrum|p2a: Dondozo\n|-activate|p2a: Dondozo|move: Substitute|[damage]\n|\n|-heal|p2a: Dondozo|57\/100|[from] item: Leftovers\n|upkeep\n|turn|6\n|\n|t:|1681791585\n|move|p1b: Meowscarada|Protect|p1b: Meowscarada\n|-singleturn|p1b: Meowscarada|Protect\n|move|p2a: Dondozo|Protect|p2a: Dondozo\n|-singleturn|p2a: Dondozo|Protect\n|move|p1a: Ting-Lu|Stomping Tantrum|p2a: Dondozo\n|-activate|p2a: Dondozo|move: Protect\n|\n|-heal|p2a: Dondozo|63\/100|[from] item: Leftovers\n|upkeep\n|turn|7\n|inactive|vxronicasawyer has 30 seconds left.\n|\n|t:|1681791613\n|switch|p1b: Palafin|Palafin-Hero, L50, M|95\/100\n|-activate|p1b: Palafin|ability: Zero to Hero\n|move|p2a: Dondozo|Earthquake|p1a: Ting-Lu|[spread] p1a,p1b\n|-miss|p2a: Dondozo|p2b: Tatsugiri\n|-damage|p1a: Ting-Lu|38\/100\n|-damage|p1b: Palafin|32\/100\n|move|p1a: Ting-Lu|Stomping Tantrum|p2a: Dondozo\n|-end|p2a: Dondozo|Substitute\n|\n|-heal|p2a: Dondozo|69\/100|[from] item: Leftovers\n|-heal|p1b: Palafin|38\/100|[from] item: Leftovers\n|upkeep\n|turn|8\n|inactive|vxronicasawyer has 30 seconds left.\n|\n|t:|1681791640\n|move|p2a: Dondozo|Protect|p2a: Dondozo\n|-singleturn|p2a: Dondozo|Protect\n|move|p1b: Palafin|Wave Crash|p2a: Dondozo\n|-activate|p2a: Dondozo|move: Protect\n|move|p1a: Ting-Lu|Fissure|p2a: Dondozo\n|-activate|p2a: Dondozo|move: Protect\n|\n|-heal|p2a: Dondozo|75\/100|[from] item: Leftovers\n|-heal|p1b: Palafin|44\/100|[from] item: Leftovers\n|upkeep\n|turn|9\n|\n|t:|1681791659\n|move|p1b: Palafin|Jet Punch|p2a: Dondozo\n|-resisted|p2a: Dondozo\n|-damage|p2a: Dondozo|68\/100\n|move|p2a: Dondozo|Order Up|p1a: Ting-Lu\n|-damage|p1a: Ting-Lu|0 fnt\n|faint|p1a: Ting-Lu\n|-boost|p2a: Dondozo|atk|1\n|\n|-heal|p2a: Dondozo|75\/100|[from] item: Leftovers\n|-heal|p1b: Palafin|50\/100|[from] item: Leftovers\n|upkeep\n|-message|vxronicasawyer forfeited.\n|\n|win|Tachipoyo\n|raw|vxronicasawyer's rating: 1042 → 1026<\/strong> (-16 for losing)\n|raw|Tachipoyo's rating: 1040 → 1074<\/strong> (+34 for winning)\n|l|\u2606vxronicasawyer\n","uploadtime":1681791668,"views":5,"p1id":"vxronicasawyer","p2id":"tachipoyo","formatid":"gen9vgc2023regulationc","rating":1026,"private":0,"password":""}