{"id":"gen9vgc2023regulationc-1861195043","p1":"Tickz","p2":"Lewlo","format":"[Gen 9] VGC 2023 Regulation C","log":"|j|\u2606Tickz\n|j|\u2606Lewlo\n|t:|1683734844\n|gametype|doubles\n|player|p1|Tickz|266|1131\n|player|p2|Lewlo|kimonogirl|1225\n|teamsize|p1|6\n|teamsize|p2|6\n|gen|9\n|tier|[Gen 9] VGC 2023 Regulation C\n|rated|\n|rule|Species Clause: Limit one of each Pok\u00e9mon\n|rule|Item Clause: Limit one of each item\n|clearpoke\n|poke|p1|Talonflame, L50, F|\n|poke|p1|Great Tusk, L50|\n|poke|p1|Arcanine, L50, F|\n|poke|p1|Flutter Mane, L50|\n|poke|p1|Iron Bundle, L50|\n|poke|p1|Chien-Pao, L50|\n|poke|p2|Iron Hands, L50|\n|poke|p2|Azumarill, L50, M|\n|poke|p2|Amoonguss, L50, F|\n|poke|p2|Flutter Mane, L50|\n|poke|p2|Farigiraf, L50, M|\n|poke|p2|Chien-Pao, L50|\n|teampreview|4\n|inactive|Battle timer is ON: inactive players will automatically lose when time's up. (requested by Lewlo)\n|inactive|Tickz also wants the timer to be on.\nLewlo has agreed to open team sheets.\n|inactive|Lewlo has 60 seconds left.\n|\n|t:|1683734888\n|start\n|switch|p1a: Talonflame|Talonflame, L50, F|100\/100\n|switch|p1b: Great Tusk|Great Tusk, L50|100\/100\n|switch|p2a: Chien-Pao|Chien-Pao, L50|100\/100\n|switch|p2b: Azumarill|Azumarill, L50, M|100\/100\n|-ability|p2a: Chien-Pao|Sword of Ruin\n|turn|1\n|inactive|Tickz has 30 seconds left.\n|\n|t:|1683734922\n|-terastallize|p1b: Great Tusk|Steel\n|move|p1a: Talonflame|Tailwind|p1a: Talonflame\n|-sidestart|p1: Tickz|move: Tailwind\n|move|p2b: Azumarill|Aqua Jet|p1a: Talonflame\n|-supereffective|p1a: Talonflame\n|-damage|p1a: Talonflame|0 fnt\n|faint|p1a: Talonflame\n|-damage|p2b: Azumarill|91\/100|[from] item: Life Orb\n|move|p1b: Great Tusk|Rock Slide|p2b: Azumarill|[spread] p2a,p2b\n|-supereffective|p2a: Chien-Pao\n|-damage|p2a: Chien-Pao|45\/100\n|-damage|p2b: Azumarill|59\/100\n|move|p2a: Chien-Pao|Ice Spinner|p1b: Great Tusk\n|-resisted|p1b: Great Tusk\n|-damage|p1b: Great Tusk|83\/100\n|\n|upkeep\n|\n|t:|1683734939\n|switch|p1a: Flutter Mane|Flutter Mane, L50|100\/100\n|turn|2\n|\n|t:|1683734949\n|switch|p2b: Amoonguss|Amoonguss, L50, F|100\/100\n|move|p2a: Chien-Pao|Sucker Punch|p1a: Flutter Mane\n|-damage|p1a: Flutter Mane|0 fnt\n|faint|p1a: Flutter Mane\n|-end|p1a: Flutter Mane|Protosynthesis|[silent]\n|move|p1b: Great Tusk|Rock Slide|p2b: Amoonguss|[spread] p2a,p2b\n|-supereffective|p2a: Chien-Pao\n|-damage|p2a: Chien-Pao|0 fnt\n|-damage|p2b: Amoonguss|75\/100\n|faint|p2a: Chien-Pao\n|\n|upkeep\n|\n|t:|1683734960\n|switch|p2a: Flutter Mane|Flutter Mane, L50|100\/100\n|switch|p1a: Iron Bundle|Iron Bundle, L50|100\/100\n|-enditem|p1a: Iron Bundle|Booster Energy\n|-activate|p1a: Iron Bundle|ability: Quark Drive|[fromitem]\n|-start|p1a: Iron Bundle|quarkdrivespe\n|-enditem|p2a: Flutter Mane|Booster Energy\n|-activate|p2a: Flutter Mane|ability: Protosynthesis|[fromitem]\n|-start|p2a: Flutter Mane|protosynthesisspa\n|turn|3\n|\n|t:|1683734977\n|move|p1a: Iron Bundle|Icy Wind|p2a: Flutter Mane|[spread] p2a,p2b\n|-supereffective|p2b: Amoonguss\n|-damage|p2a: Flutter Mane|80\/100\n|-damage|p2b: Amoonguss|43\/100\n|-unboost|p2a: Flutter Mane|spe|1\n|-unboost|p2b: Amoonguss|spe|1\n|move|p1b: Great Tusk|Rock Slide|p2b: Amoonguss|[spread] p2a,p2b\n|-crit|p2a: Flutter Mane\n|-damage|p2a: Flutter Mane|31\/100\n|-damage|p2b: Amoonguss|26\/100\n|move|p2a: Flutter Mane|Perish Song|p2a: Flutter Mane\n|-start|p1a: Iron Bundle|perish3|[silent]\n|-start|p1b: Great Tusk|perish3|[silent]\n|-start|p2a: Flutter Mane|perish3|[silent]\n|-start|p2b: Amoonguss|perish3|[silent]\n|-fieldactivate|move: Perish Song\n|move|p2b: Amoonguss|Spore|p1a: Iron Bundle\n|-status|p1a: Iron Bundle|slp|[from] move: Spore\n|\n|-start|p1a: Iron Bundle|perish3\n|-start|p1b: Great Tusk|perish3\n|-start|p2a: Flutter Mane|perish3\n|-start|p2b: Amoonguss|perish3\n|upkeep\n|turn|4\n|\n|t:|1683734990\n|switch|p2b: Azumarill|Azumarill, L50, M|59\/100\n|move|p2a: Flutter Mane|Protect|p2a: Flutter Mane\n|-singleturn|p2a: Flutter Mane|Protect\n|cant|p1a: Iron Bundle|slp\n|move|p1b: Great Tusk|Rock Slide|p2b: Azumarill|[spread] \n|-activate|p2a: Flutter Mane|move: Protect\n|-miss|p1b: Great Tusk|p2b: Azumarill\n|\n|-start|p1a: Iron Bundle|perish2\n|-start|p1b: Great Tusk|perish2\n|-start|p2a: Flutter Mane|perish2\n|-sideend|p1: Tickz|move: Tailwind\n|upkeep\n|turn|5\n|\n|t:|1683735001\n|-end|p2a: Flutter Mane|Protosynthesis|[silent]\n|switch|p2a: Amoonguss|Amoonguss, L50, F|59\/100\n|move|p2b: Azumarill|Protect|p2b: Azumarill\n|-singleturn|p2b: Azumarill|Protect\n|cant|p1a: Iron Bundle|slp\n|move|p1b: Great Tusk|Rock Slide|p2b: Azumarill|[spread] p2a\n|-activate|p2b: Azumarill|move: Protect\n|-damage|p2a: Amoonguss|43\/100\n|\n|-start|p1a: Iron Bundle|perish1\n|-start|p1b: Great Tusk|perish1\n|upkeep\n|turn|6\n|inactive|Tickz has 30 seconds left.\n|\n|t:|1683735033\n|-curestatus|p1a: Iron Bundle|slp|[msg]\n|move|p1a: Iron Bundle|Freeze-Dry|p2a: Amoonguss\n|-supereffective|p2a: Amoonguss\n|-damage|p2a: Amoonguss|0 fnt\n|faint|p2a: Amoonguss\n|move|p1b: Great Tusk|Rock Slide|p2b: Azumarill|[miss]\n|-miss|p1b: Great Tusk|p2b: Azumarill\n|move|p2b: Azumarill|Play Rough|p1a: Iron Bundle\n|-damage|p1a: Iron Bundle|8\/100\n|-damage|p2b: Azumarill|49\/100|[from] item: Life Orb\n|\n|-start|p1a: Iron Bundle|perish0\n|-start|p1b: Great Tusk|perish0\n|upkeep\n|faint|p1a: Iron Bundle\n|-end|p1a: Iron Bundle|Quark Drive|[silent]\n|faint|p1b: Great Tusk\n|-end|p1b: Great Tusk|Protosynthesis|[silent]\n|\n|win|Lewlo\n|raw|Tickz's rating: 1131 → 1113<\/strong> (-18 for losing)\n|raw|Lewlo's rating: 1225 → 1243<\/strong> (+18 for winning)\n|c|\u2606Tickz|zzzz boring and no skill of a strat\n|c|\u2606Lewlo|gg\n|l|\u2606Tickz\n|c|\u2606Lewlo|Yeah?\n","uploadtime":1683735722,"views":8,"p1id":"tickz","p2id":"lewlo","formatid":"gen9vgc2023regulationc","rating":1113,"private":0,"password":""}