{"id":"gen9vgc2023regulationc-1851828677","p1":"Atrix MJ","p2":"Nimendedadie","format":"[Gen 9] VGC 2023 Regulation C","log":"|j|\u2606Atrix MJ\n|j|\u2606Nimendedadie\n|t:|1682491196\n|gametype|doubles\n|player|p1|Atrix MJ|adaman|1482\n|player|p2|Nimendedadie|cynthia-gen4|1573\n|teamsize|p1|6\n|teamsize|p2|6\n|gen|9\n|tier|[Gen 9] VGC 2023 Regulation C\n|rated|\n|rule|Species Clause: Limit one of each Pok\u00e9mon\n|rule|Item Clause: Limit one of each item\n|clearpoke\n|poke|p1|Gastrodon-East, L50, F|\n|poke|p1|Tyranitar, L50, F|\n|poke|p1|Flutter Mane, L50|\n|poke|p1|Gothitelle, L50, M|\n|poke|p1|Arcanine, L50, M|\n|poke|p1|Dragapult, L50, F|\n|poke|p2|Palafin, L50, F|\n|poke|p2|Arcanine, L50, M|\n|poke|p2|Chien-Pao, L50|\n|poke|p2|Flutter Mane, L50|\n|poke|p2|Amoonguss, L50, M|\n|poke|p2|Ting-Lu, L50|\n|teampreview|4\n|inactive|Battle timer is ON: inactive players will automatically lose when time's up. (requested by Nimendedadie)\nAtrix MJ has agreed to open team sheets.\n|j| Repeated Ash\n|inactive|Atrix MJ has 60 seconds left.\n|\n|t:|1682491227\n|start\n|switch|p1a: Dragapult|Dragapult, L50, F|100\/100\n|switch|p1b: Tyranitar|Tyranitar, L50, F|100\/100\n|switch|p2a: Flutter Mane|Flutter Mane, L50|100\/100\n|switch|p2b: Amoonguss|Amoonguss, L50, M|100\/100\n|-weather|Sandstorm|[from] ability: Sand Stream|[of] p1b: Tyranitar\n|-enditem|p2a: Flutter Mane|Booster Energy\n|-activate|p2a: Flutter Mane|ability: Protosynthesis|[fromitem]\n|-start|p2a: Flutter Mane|protosynthesisspa\n|turn|1\n|j| THUNDERSND77\n|\n|t:|1682491242\n|-terastallize|p1b: Tyranitar|Rock\n|move|p2a: Flutter Mane|Protect|p2a: Flutter Mane\n|-singleturn|p2a: Flutter Mane|Protect\n|move|p1a: Dragapult|Surf|p2b: Amoonguss|[spread] p1b,p2b\n|-activate|p2a: Flutter Mane|move: Protect\n|-supereffective|p1b: Tyranitar\n|-resisted|p2b: Amoonguss\n|-damage|p1b: Tyranitar|86\/100\n|-damage|p2b: Amoonguss|95\/100\n|-enditem|p1b: Tyranitar|Weakness Policy\n|-boost|p1b: Tyranitar|atk|2|[from] item: Weakness Policy\n|-boost|p1b: Tyranitar|spa|2|[from] item: Weakness Policy\n|move|p1b: Tyranitar|Rock Slide|p2b: Amoonguss|[spread] \n|-activate|p2a: Flutter Mane|move: Protect\n|-miss|p1b: Tyranitar|p2b: Amoonguss\n|move|p2b: Amoonguss|Spore|p1b: Tyranitar\n|-status|p1b: Tyranitar|slp|[from] move: Spore\n|\n|-weather|Sandstorm|[upkeep]\n|-damage|p1a: Dragapult|94\/100|[from] Sandstorm\n|-damage|p2a: Flutter Mane|95\/100|[from] Sandstorm\n|-damage|p2b: Amoonguss|90\/100|[from] Sandstorm\n|upkeep\n|turn|2\n|inactive|Nimendedadie has 30 seconds left.\n|inactive|Atrix MJ has 30 seconds left.\n|\n|t:|1682491274\n|move|p1a: Dragapult|Protect|p1a: Dragapult\n|-singleturn|p1a: Dragapult|Protect\n|move|p2b: Amoonguss|Rage Powder|p2b: Amoonguss\n|-singleturn|p2b: Amoonguss|move: Rage Powder\n|move|p2a: Flutter Mane|Moonblast|p1a: Dragapult\n|-activate|p1a: Dragapult|move: Protect\n|cant|p1b: Tyranitar|slp\n|\n|-weather|Sandstorm|[upkeep]\n|-damage|p1a: Dragapult|88\/100|[from] Sandstorm\n|-damage|p2a: Flutter Mane|89\/100|[from] Sandstorm\n|-damage|p2b: Amoonguss|84\/100|[from] Sandstorm\n|upkeep\n|turn|3\n|\n|t:|1682491293\n|move|p2b: Amoonguss|Rage Powder|p2b: Amoonguss\n|-singleturn|p2b: Amoonguss|move: Rage Powder\n|move|p1a: Dragapult|Dragon Darts|p2b: Amoonguss\n|-damage|p2b: Amoonguss|63\/100\n|-anim|p1a: Dragapult|Dragon Darts|p2b: Amoonguss\n|-damage|p2b: Amoonguss|43\/100\n|-enditem|p2b: Amoonguss|Sitrus Berry|[eat]\n|-heal|p2b: Amoonguss|68\/100|[from] item: Sitrus Berry\n|move|p2a: Flutter Mane|Moonblast|p1a: Dragapult\n|-supereffective|p1a: Dragapult\n|-damage|p1a: Dragapult|0 fnt\n|faint|p1a: Dragapult\n|-curestatus|p1b: Tyranitar|slp|[msg]\n|move|p1b: Tyranitar|Rock Slide|p2a: Flutter Mane|[spread] p2a\n|-miss|p1b: Tyranitar|p2b: Amoonguss\n|-damage|p2a: Flutter Mane|0 fnt\n|faint|p2a: Flutter Mane\n|-end|p2a: Flutter Mane|Protosynthesis|[silent]\n|\n|-weather|Sandstorm|[upkeep]\n|-damage|p2b: Amoonguss|62\/100|[from] Sandstorm\n|upkeep\n|\n|t:|1682491309\n|switch|p1a: Flutter Mane|Flutter Mane, L50|100\/100\n|switch|p2a: Ting-Lu|Ting-Lu, L50|100\/100\n|-ability|p2a: Ting-Lu|Vessel of Ruin\n|turn|4\n|\n|t:|1682491331\n|move|p1a: Flutter Mane|Dazzling Gleam|p2a: Ting-Lu|[spread] p2a,p2b\n|-supereffective|p2a: Ting-Lu\n|-resisted|p2b: Amoonguss\n|-damage|p2a: Ting-Lu|68\/100\n|-damage|p2b: Amoonguss|49\/100\n|-damage|p1a: Flutter Mane|90\/100|[from] item: Life Orb\n|move|p1b: Tyranitar|Rock Slide|p2a: Ting-Lu|[spread] p2a,p2b\n|-resisted|p2a: Ting-Lu\n|-damage|p2a: Ting-Lu|44\/100\n|-damage|p2b: Amoonguss|0 fnt\n|faint|p2b: Amoonguss\n|move|p2a: Ting-Lu|Heavy Slam|p1a: Flutter Mane\n|-supereffective|p1a: Flutter Mane\n|-damage|p1a: Flutter Mane|0 fnt\n|faint|p1a: Flutter Mane\n|-end|p1a: Flutter Mane|Protosynthesis|[silent]\n|\n|-weather|Sandstorm|[upkeep]\n|upkeep\n|\n|t:|1682491345\n|switch|p1a: Gastrodon|Gastrodon-East, L50, F|100\/100\n|switch|p2b: Chien-Pao|Chien-Pao, L50|100\/100\n|-ability|p2b: Chien-Pao|Sword of Ruin\n|turn|5\n|j| wrgedwa\n|inactive|Nimendedadie has 30 seconds left.\n|\n|t:|1682491373\n|-terastallize|p2b: Chien-Pao|Ghost\n|move|p1b: Tyranitar|Protect|p1b: Tyranitar\n|-singleturn|p1b: Tyranitar|Protect\n|move|p2b: Chien-Pao|Sacred Sword|p1b: Tyranitar\n|-activate|p1b: Tyranitar|move: Protect\n|move|p2a: Ting-Lu|Stomping Tantrum|p1b: Tyranitar\n|-activate|p1b: Tyranitar|move: Protect\n|move|p1a: Gastrodon|Yawn|p2b: Chien-Pao\n|-start|p2b: Chien-Pao|move: Yawn|[of] p1a: Gastrodon\n|\n|-weather|none\n|upkeep\n|turn|6\n|inactive|Atrix MJ has 30 seconds left.\n|\n|t:|1682491401\n|move|p2b: Chien-Pao|Sacred Sword|p1b: Tyranitar\n|-supereffective|p1b: Tyranitar\n|-damage|p1b: Tyranitar|20\/100\n|move|p1b: Tyranitar|Assurance|p2b: Chien-Pao\n|-supereffective|p2b: Chien-Pao\n|-enditem|p2b: Chien-Pao|Focus Sash\n|-damage|p2b: Chien-Pao|1\/100\n|move|p2a: Ting-Lu|Stomping Tantrum|p1b: Tyranitar\n|-supereffective|p1b: Tyranitar\n|-damage|p1b: Tyranitar|0 fnt\n|faint|p1b: Tyranitar\n|move|p1a: Gastrodon|Ice Beam|p2b: Chien-Pao\n|-damage|p2b: Chien-Pao|0 fnt\n|faint|p2b: Chien-Pao\n|\n|upkeep\n|turn|7\n|j| DKKKKVGC\n|\n|t:|1682491418\n|move|p2a: Ting-Lu|Stomping Tantrum|p1a: Gastrodon\n|-damage|p1a: Gastrodon|55\/100\n|move|p1a: Gastrodon|Yawn|p2a: Ting-Lu\n|-start|p2a: Ting-Lu|move: Yawn|[of] p1a: Gastrodon\n|\n|-heal|p1a: Gastrodon|61\/100|[from] item: Leftovers\n|upkeep\n|turn|8\n|\n|t:|1682491430\n|move|p2a: Ting-Lu|Stomping Tantrum|p1a: Gastrodon\n|-damage|p1a: Gastrodon|22\/100\n|move|p1a: Gastrodon|Ice Beam|p2a: Ting-Lu\n|-supereffective|p2a: Ting-Lu\n|-damage|p2a: Ting-Lu|23\/100\n|\n|-heal|p1a: Gastrodon|28\/100|[from] item: Leftovers\n|-end|p2a: Ting-Lu|move: Yawn|[silent]\n|-status|p2a: Ting-Lu|slp\n|upkeep\n|turn|9\n|\n|t:|1682491437\n|cant|p2a: Ting-Lu|slp\n|move|p1a: Gastrodon|Ice Beam|p2a: Ting-Lu\n|-supereffective|p2a: Ting-Lu\n|-damage|p2a: Ting-Lu|1\/100 slp\n|\n|-heal|p1a: Gastrodon|34\/100|[from] item: Leftovers\n|upkeep\n|turn|10\n|\n|t:|1682491440\n|cant|p2a: Ting-Lu|slp\n|move|p1a: Gastrodon|Ice Beam|p2a: Ting-Lu\n|-supereffective|p2a: Ting-Lu\n|-crit|p2a: Ting-Lu\n|-damage|p2a: Ting-Lu|0 fnt\n|faint|p2a: Ting-Lu\n|\n|win|Atrix MJ\n|raw|Atrix MJ's rating: 1482 → 1507<\/strong> (+25 for winning)\n|raw|Nimendedadie's rating: 1573 → 1548<\/strong> (-25 for losing)\n|c|\u2606Atrix MJ|gg\n","uploadtime":1682491445,"views":20,"p1id":"atrixmj","p2id":"nimendedadie","formatid":"gen9vgc2023regulationc","rating":1507,"private":0,"password":""}