{"id":"gen9vgc2023regulationc-1863763437","p1":"DonFuron","p2":"matthewssandslash","format":"[Gen 9] VGC 2023 Regulation C","log":"|j|\u2606DonFuron\n|j|\u2606matthewssandslash\n|t:|1684073574\n|gametype|doubles\n|player|p1|DonFuron|red|\n|player|p2|matthewssandslash|101|\n|teamsize|p1|6\n|teamsize|p2|6\n|gen|9\n|tier|[Gen 9] VGC 2023 Regulation C\n|rule|Species Clause: Limit one of each Pok\u00e9mon\n|rule|Item Clause: Limit one of each item\n|clearpoke\n|poke|p1|Bronzor, L50|\n|poke|p1|Marill, L50, F|\n|poke|p1|Houndstone, L50, F|\n|poke|p1|Vaporeon, L50, M|\n|poke|p1|Crabominable, L50, F|\n|poke|p1|Coalossal, L50, F|\n|poke|p2|Rabsca, L50, F|\n|poke|p2|Whiscash, L50, F|\n|poke|p2|Pincurchin, L50, M|\n|poke|p2|Hawlucha, L50, F|\n|poke|p2|Wigglytuff, L50, F|\n|poke|p2|Bombirdier, L50, M|\n|teampreview|4\n|j| sillymode\nDonFuron rejected open team sheets.\n|c|\u2606DonFuron|game3\n|l| sillymode\n|j| Yeetawheat\n|c|\u2606DonFuron|gl hf\n|c|\u2606matthewssandslash|g3 classic\n|j| fizzywizzyglizzy\n|c|\u2606matthewssandslash|coming right up\n|l| fizzywizzyglizzy\n|j| fizzywizzyglizzy\n|l| fizzywizzyglizzy\n|j| fizzywizzyglizzy\n|\n|t:|1684074596\n|start\n|switch|p1a: hugmeirlmateo|Marill, L50, F|100\/100\n|switch|p1b: Moana|Coalossal, L50, F|100\/100\n|switch|p2a: T1 G3 UDL4 Finals|Whiscash, L50, F|100\/100\n|switch|p2b: If you'd protected|Rabsca, L50, F|100\/100\n|turn|1\n|\n|t:|1684074643\n|-terastallize|p1b: Moana|Fire\n|move|p1a: hugmeirlmateo|Play Rough|p2a: T1 G3 UDL4 Finals\n|-damage|p2a: T1 G3 UDL4 Finals|58\/100\n|move|p2a: T1 G3 UDL4 Finals|Dragon Dance|p2a: T1 G3 UDL4 Finals\n|-boost|p2a: T1 G3 UDL4 Finals|atk|1\n|-boost|p2a: T1 G3 UDL4 Finals|spe|1\n|move|p2b: If you'd protected|Bug Buzz|p1a: hugmeirlmateo\n|-resisted|p1a: hugmeirlmateo\n|-damage|p1a: hugmeirlmateo|54\/100\n|move|p1b: Moana|Heat Wave|p2b: If you'd protected|[spread] p2a,p2b\n|-resisted|p2a: T1 G3 UDL4 Finals\n|-supereffective|p2b: If you'd protected\n|-damage|p2a: T1 G3 UDL4 Finals|35\/100\n|-damage|p2b: If you'd protected|6\/100\n|-enditem|p2b: If you'd protected|Sitrus Berry|[eat]\n|-heal|p2b: If you'd protected|31\/100|[from] item: Sitrus Berry\n|\n|upkeep\n|turn|2\n|\n|t:|1684074678\n|move|p2a: T1 G3 UDL4 Finals|Protect|p2a: T1 G3 UDL4 Finals\n|-singleturn|p2a: T1 G3 UDL4 Finals|Protect\n|move|p1a: hugmeirlmateo|Aqua Jet|p1b: Moana\n|-supereffective|p1b: Moana\n|-damage|p1b: Moana|76\/100\n|-ability|p1b: Moana|Steam Engine|boost\n|-boost|p1b: Moana|spe|6\n|-enditem|p1b: Moana|Weakness Policy\n|-boost|p1b: Moana|atk|2|[from] item: Weakness Policy\n|-boost|p1b: Moana|spa|2|[from] item: Weakness Policy\n|move|p1b: Moana|Heat Wave|p2a: T1 G3 UDL4 Finals|[spread] p2b\n|-activate|p2a: T1 G3 UDL4 Finals|move: Protect\n|-supereffective|p2b: If you'd protected\n|-crit|p2b: If you'd protected\n|-damage|p2b: If you'd protected|0 fnt\n|faint|p2b: If you'd protected\n|\n|upkeep\n|\n|t:|1684074697\n|switch|p2b: With King's Rock|Bombirdier, L50, M|100\/100\n|turn|3\n|\n|t:|1684074753\n|-terastallize|p2b: With King's Rock|Rock\n|move|p1b: Moana|Protect|p1b: Moana\n|-singleturn|p1b: Moana|Protect\n|move|p1a: hugmeirlmateo|Protect|p1a: hugmeirlmateo\n|-singleturn|p1a: hugmeirlmateo|Protect\n|move|p2a: T1 G3 UDL4 Finals|Liquidation|p1b: Moana\n|-activate|p1b: Moana|move: Protect\n|move|p2b: With King's Rock|Rock Slide|p1b: Moana|[spread] \n|-activate|p1a: hugmeirlmateo|move: Protect\n|-activate|p1b: Moana|move: Protect\n|\n|upkeep\n|turn|4\n|\n|t:|1684074820\n|move|p2b: With King's Rock|Protect|p2b: With King's Rock\n|-singleturn|p2b: With King's Rock|Protect\n|move|p1a: hugmeirlmateo|Aqua Jet|p2b: With King's Rock\n|-activate|p2b: With King's Rock|move: Protect\n|move|p1b: Moana|Earth Power|p2b: With King's Rock\n|-activate|p2b: With King's Rock|move: Protect\n|move|p2a: T1 G3 UDL4 Finals|Earthquake|p1b: Moana|[spread] p1a,p1b\n|-activate|p2b: With King's Rock|move: Protect\n|-supereffective|p1b: Moana\n|-damage|p1a: hugmeirlmateo|0 fnt\n|-damage|p1b: Moana|9\/100\n|faint|p1a: hugmeirlmateo\n|\n|upkeep\n|c|\u2606matthewssandslash|YES\n|c|\u2606matthewssandslash|NO\n|c|\u2606matthewssandslash|NO\n|c|\u2606matthewssandslash|NO\n|c|\u2606matthewssandslash|WHISCASH\n|c|\u2606matthewssandslash|YOU WERE THE CHOSEN ONE\n|c|\u2606matthewssandslash|WHISCASH\n|\n|t:|1684074851\n|switch|p1a: Cher|Houndstone, L50, F, shiny|100\/100\n|turn|5\n|\n|t:|1684074876\n|switch|p2b: Hyper Voice|Wigglytuff, L50, F|100\/100\n|move|p1b: Moana|Heat Wave|p2b: Hyper Voice|[spread] p2a,p2b\n|-resisted|p2a: T1 G3 UDL4 Finals\n|-damage|p2a: T1 G3 UDL4 Finals|0 fnt\n|-damage|p2b: Hyper Voice|39\/100\n|faint|p2a: T1 G3 UDL4 Finals\n|move|p1a: Cher|Will-O-Wisp|p2b: Hyper Voice\n|-status|p2b: Hyper Voice|brn\n|\n|-damage|p2b: Hyper Voice|33\/100 brn|[from] brn\n|upkeep\n|\n|t:|1684074884\n|switch|p2a: With King's Rock|Bombirdier, L50, M, tera:Rock|100\/100\n|turn|6\n|\n|t:|1684074899\n|move|p1b: Moana|Protect|p1b: Moana\n|-singleturn|p1b: Moana|Protect\n|move|p2a: With King's Rock|Protect|p2a: With King's Rock\n|-singleturn|p2a: With King's Rock|Protect\n|move|p1a: Cher|Will-O-Wisp|p2a: With King's Rock\n|-activate|p2a: With King's Rock|move: Protect\n|move|p2b: Hyper Voice|Dazzling Gleam|p1a: Cher|[spread] p1a\n|-activate|p1b: Moana|move: Protect\n|-damage|p1a: Cher|79\/100\n|\n|-damage|p2b: Hyper Voice|27\/100 brn|[from] brn\n|upkeep\n|turn|7\n|\n|t:|1684074915\n|move|p2a: With King's Rock|Protect|p2a: With King's Rock\n|-singleturn|p2a: With King's Rock|Protect\n|move|p1b: Moana|Earth Power|p2a: With King's Rock\n|-activate|p2a: With King's Rock|move: Protect\n|move|p1a: Cher|Snarl|p2a: With King's Rock|[spread] p2b\n|-activate|p2a: With King's Rock|move: Protect\n|-resisted|p2b: Hyper Voice\n|-damage|p2b: Hyper Voice|25\/100 brn\n|-unboost|p2b: Hyper Voice|spa|1\n|-ability|p2b: Hyper Voice|Competitive|boost\n|-boost|p2b: Hyper Voice|spa|2\n|move|p2b: Hyper Voice|Dazzling Gleam|p1b: Moana|[spread] p1a,p1b\n|-resisted|p1b: Moana\n|-damage|p1a: Cher|50\/100\n|-damage|p1b: Moana|0 fnt\n|faint|p1b: Moana\n|\n|-damage|p2b: Hyper Voice|19\/100 brn|[from] brn\n|upkeep\n|c|\u2606matthewssandslash|YES\n|\n|t:|1684074920\n|switch|p1b: Sullivan|Crabominable, L50, F|100\/100\n|turn|8\n|c|\u2606matthewssandslash|also, your nicknames bro\n|c|\u2606matthewssandslash|they send me\n|c|\u2606matthewssandslash|love em\n|\n|t:|1684074986\n|move|p2a: With King's Rock|Knock Off|p1a: Cher\n|-supereffective|p1a: Cher\n|-crit|p1a: Cher\n|-damage|p1a: Cher|0 fnt\n|-enditem|p1a: Cher|Aguav Berry|[from] move: Knock Off|[of] p2a: With King's Rock\n|faint|p1a: Cher\n|-damage|p2a: With King's Rock|91\/100|[from] item: Life Orb\n|move|p2b: Hyper Voice|Dazzling Gleam|p1b: Sullivan\n|-supereffective|p1b: Sullivan\n|-damage|p1b: Sullivan|25\/100\n|move|p1b: Sullivan|Crabhammer|p2a: With King's Rock\n|-supereffective|p2a: With King's Rock\n|-damage|p2a: With King's Rock|0 fnt\n|faint|p2a: With King's Rock\n|\n|-damage|p2b: Hyper Voice|13\/100 brn|[from] brn\n|upkeep\n|turn|9\n|\n|t:|1684075000\n|move|p2b: Hyper Voice|Dazzling Gleam|p1b: Sullivan\n|-supereffective|p1b: Sullivan\n|-damage|p1b: Sullivan|0 fnt\n|faint|p1b: Sullivan\n|\n|win|matthewssandslash\n|c|\u2606matthewssandslash|gg!!\n|c|\u2606DonFuron|gg!\n|l|\u2606DonFuron\n|l| Yeetawheat\n|c|\u2606matthewssandslash|I cannot believe wiggly clutched it out\n|l| fizzywizzyglizzy\n","uploadtime":1684075015,"views":24,"p1id":"donfuron","p2id":"matthewssandslash","formatid":"gen9vgc2023regulationc","rating":0,"private":0,"password":""}