{"id":"gen9vgc2023regulationc-1862149090","p1":"TonnyDolfing","p2":"Anonymoongus","format":"[Gen 9] VGC 2023 Regulation C","log":"|j|\u2606TonnyDolfing\n|j|\u2606Anonymoongus\n|t:|1683842268\n|gametype|doubles\n|player|p1|TonnyDolfing|lucas-gen4pt|1237\n|player|p2|Anonymoongus|unknown|1162\n|teamsize|p1|6\n|teamsize|p2|6\n|gen|9\n|tier|[Gen 9] VGC 2023 Regulation C\n|rated|\n|rule|Species Clause: Limit one of each Pok\u00e9mon\n|rule|Item Clause: Limit one of each item\n|clearpoke\n|poke|p1|Abomasnow, L50, F|\n|poke|p1|Chien-Pao, L50|\n|poke|p1|Kingambit, L50, F|\n|poke|p1|Dondozo, L50, M|\n|poke|p1|Garganacl, L50, M|\n|poke|p1|Ting-Lu, L50|\n|poke|p2|Garganacl, L50, M|\n|poke|p2|Oranguru, L50, M|\n|poke|p2|Torkoal, L50, M|\n|poke|p2|Iron Hands, L50|\n|poke|p2|Corviknight, L50, F|\n|poke|p2|Amoonguss, L50, M|\n|teampreview|4\n|inactive|Battle timer is ON: inactive players will automatically lose when time's up. (requested by TonnyDolfing)\n|inactive|TonnyDolfing has 60 seconds left.\n|\n|t:|1683842326\n|start\n|switch|p1a: Abomasnow|Abomasnow, L50, F|100\/100\n|switch|p1b: Dondozo|Dondozo, L50, M|100\/100\n|switch|p2a: Oranguru|Oranguru, L50, M|100\/100\n|switch|p2b: Garganacl|Garganacl, L50, M|100\/100\n|-weather|Snow|[from] ability: Snow Warning|[of] p1a: Abomasnow\n|turn|1\n|\n|t:|1683842347\n|-terastallize|p2b: Garganacl|Normal\n|move|p1a: Abomasnow|Aurora Veil|p1a: Abomasnow\n|-sidestart|p1: TonnyDolfing|move: Aurora Veil\n|move|p1b: Dondozo|Yawn|p2b: Garganacl\n|-immune|p2b: Garganacl|[from] ability: Purifying Salt\n|move|p2b: Garganacl|Explosion|p1a: Abomasnow|[spread] p1a,p1b\n|-activate|p2a: Oranguru|ability: Telepathy\n|-enditem|p2b: Garganacl|Normal Gem|[from] gem\n|-damage|p1a: Abomasnow|50\/100\n|-damage|p1b: Dondozo|58\/100\n|faint|p2b: Garganacl\n|move|p2a: Oranguru|Trick Room|p2a: Oranguru\n|-fieldstart|move: Trick Room|[of] p2a: Oranguru\n|\n|-weather|Snow|[upkeep]\n|upkeep\n|\n|t:|1683842362\n|switch|p2b: Torkoal|Torkoal, L50, M|100\/100\n|-weather|SunnyDay|[from] ability: Drought|[of] p2b: Torkoal\n|turn|2\n|\n|t:|1683842387\n|move|p2b: Torkoal|Eruption|p1b: Dondozo|[spread] p1a,p1b\n|-supereffective|p1a: Abomasnow\n|-resisted|p1b: Dondozo\n|-damage|p1a: Abomasnow|0 fnt\n|-damage|p1b: Dondozo|32\/100\n|faint|p1a: Abomasnow\n|move|p1b: Dondozo|Fissure|p2b: Torkoal|[miss]\n|-miss|p1b: Dondozo|p2b: Torkoal\n|move|p2a: Oranguru|Instruct|p2b: Torkoal\n|-singleturn|p2b: Torkoal|move: Instruct|[of] p2a: Oranguru\n|move|p2b: Torkoal|Eruption|p1b: Dondozo\n|-resisted|p1b: Dondozo\n|-damage|p1b: Dondozo|0 fnt\n|faint|p1b: Dondozo\n|\n|-weather|SunnyDay|[upkeep]\n|upkeep\n|\n|t:|1683842403\n|switch|p1b: Chien-Pao|Chien-Pao, L50|100\/100\n|switch|p1a: Garganacl|Garganacl, L50, M|100\/100\n|-ability|p1b: Chien-Pao|Sword of Ruin\n|turn|3\n|\n|t:|1683842417\n|move|p2b: Torkoal|Eruption|p1b: Chien-Pao|[spread] p1a,p1b\n|-resisted|p1a: Garganacl\n|-supereffective|p1b: Chien-Pao\n|-damage|p1a: Garganacl|76\/100\n|-damage|p1b: Chien-Pao|4\/100\n|move|p1a: Garganacl|Fissure|p2b: Torkoal|[miss]\n|-miss|p1a: Garganacl|p2b: Torkoal\n|move|p2a: Oranguru|Psychic Terrain|p2a: Oranguru\n|-fieldstart|move: Psychic Terrain\n|move|p1b: Chien-Pao|Sheer Cold|p2b: Torkoal|[miss]\n|-miss|p1b: Chien-Pao|p2b: Torkoal\n|\n|-weather|SunnyDay|[upkeep]\n|upkeep\n|turn|4\n|\n|t:|1683842435\n|move|p1b: Chien-Pao|Sucker Punch|p2b: Torkoal\n|-activate|p2b: Torkoal|move: Psychic Terrain\n|move|p2b: Torkoal|Eruption|p1a: Garganacl|[spread] p1a,p1b\n|-resisted|p1a: Garganacl\n|-supereffective|p1b: Chien-Pao\n|-damage|p1a: Garganacl|52\/100\n|-damage|p1b: Chien-Pao|0 fnt\n|faint|p1b: Chien-Pao\n|move|p1a: Garganacl|Salt Cure|p2b: Torkoal\n|-supereffective|p2b: Torkoal\n|-damage|p2b: Torkoal|76\/100\n|-start|p2b: Torkoal|Salt Cure\n|move|p2a: Oranguru|Instruct|p2b: Torkoal\n|-singleturn|p2b: Torkoal|move: Instruct|[of] p2a: Oranguru\n|move|p2b: Torkoal|Eruption|p1a: Garganacl\n|-resisted|p1a: Garganacl\n|-damage|p1a: Garganacl|27\/100\n|-enditem|p1a: Garganacl|Sitrus Berry|[eat]\n|-heal|p1a: Garganacl|52\/100|[from] item: Sitrus Berry\n|\n|-weather|SunnyDay|[upkeep]\n|-damage|p2b: Torkoal|64\/100|[from] Salt Cure\n|upkeep\n|turn|5\n|\n|t:|1683842459\n|switch|p2b: Iron Hands|Iron Hands, L50|100\/100\n|-enditem|p2b: Iron Hands|Booster Energy\n|-activate|p2b: Iron Hands|ability: Quark Drive|[fromitem]\n|-start|p2b: Iron Hands|quarkdriveatk\n|-terastallize|p1a: Garganacl|Ghost\n|move|p1a: Garganacl|Recover|p1a: Garganacl\n|-heal|p1a: Garganacl|100\/100\n|move|p2a: Oranguru|Foul Play|p1a: Garganacl\n|-supereffective|p1a: Garganacl\n|-damage|p1a: Garganacl|83\/100\n|\n|-weather|SunnyDay|[upkeep]\n|-sideend|p1: TonnyDolfing|move: Aurora Veil\n|-fieldend|move: Trick Room\n|upkeep\n|turn|6\n|\n|t:|1683842479\n|move|p2a: Oranguru|Instruct||[still]\n|-fail|p2a: Oranguru\n|move|p2b: Iron Hands|Swords Dance|p2b: Iron Hands\n|-boost|p2b: Iron Hands|atk|2\n|move|p1a: Garganacl|Salt Cure|p2b: Iron Hands\n|-resisted|p2b: Iron Hands\n|-damage|p2b: Iron Hands|96\/100\n|-start|p2b: Iron Hands|Salt Cure\n|\n|-weather|none\n|-damage|p2b: Iron Hands|83\/100|[from] Salt Cure\n|upkeep\n|turn|7\n|\n|t:|1683842495\n|move|p1a: Garganacl|Protect|p1a: Garganacl\n|-singleturn|p1a: Garganacl|Protect\n|move|p2a: Oranguru|Instruct|p2b: Iron Hands\n|-singleturn|p2b: Iron Hands|move: Instruct|[of] p2a: Oranguru\n|move|p2b: Iron Hands|Swords Dance|p2b: Iron Hands\n|-boost|p2b: Iron Hands|atk|2\n|move|p2b: Iron Hands|Wild Charge|p1a: Garganacl\n|-activate|p1a: Garganacl|move: Protect\n|\n|-damage|p2b: Iron Hands|71\/100|[from] Salt Cure\n|-fieldend|move: Psychic Terrain\n|upkeep\n|turn|8\n|\n|t:|1683842512\n|move|p2a: Oranguru|Instruct|p2b: Iron Hands\n|-singleturn|p2b: Iron Hands|move: Instruct|[of] p2a: Oranguru\n|move|p2b: Iron Hands|Wild Charge|p1a: Garganacl\n|-damage|p1a: Garganacl|0 fnt\n|faint|p1a: Garganacl\n|-damage|p2b: Iron Hands|53\/100|[from] Recoil\n|\n|win|Anonymoongus\n|raw|TonnyDolfing's rating: 1237 → 1207<\/strong> (-30 for losing)\n|raw|Anonymoongus's rating: 1162 → 1192<\/strong> (+30 for winning)\n|c|\u2606TonnyDolfing|gg\n|c|\u2606Anonymoongus|Gg\n","uploadtime":1683842532,"views":7,"p1id":"tonnydolfing","p2id":"anonymoongus","formatid":"gen9vgc2023regulationc","rating":1192,"private":0,"password":""}