{"id":"gen9vgc2023regulationc-1862800837","p1":"iclickfunnybutton","p2":"hardertryingman","format":"[Gen 9] VGC 2023 Regulation C","log":"|j|\u2606iclickfunnybutton\n|j|\u203dhardertryingman\n|t:|1683923387\n|gametype|doubles\n|player|p1|iclickfunnybutton|crasherwake|1020\n|player|p2|hardertryingman|1|1085\n|teamsize|p1|6\n|teamsize|p2|6\n|gen|9\n|tier|[Gen 9] VGC 2023 Regulation C\n|rated|\n|rule|Species Clause: Limit one of each Pok\u00e9mon\n|rule|Item Clause: Limit one of each item\n|clearpoke\n|poke|p1|Abomasnow, L50, F|\n|poke|p1|Bisharp, L50, M|\n|poke|p1|Ting-Lu, L50|\n|poke|p1|Garganacl, L50, F|\n|poke|p1|Dondozo, L50, M|\n|poke|p1|Dugtrio, L50, F|\n|poke|p2|Ting-Lu, L50|\n|poke|p2|Abomasnow, L50, M|\n|poke|p2|Flutter Mane, L50|\n|poke|p2|Iron Hands, L50|\n|poke|p2|Bronzong, L50|\n|poke|p2|Arcanine, L50, F|\n|teampreview|4\n|inactive|Battle timer is ON: inactive players will automatically lose when time's up. (requested by hardertryingman)\nhardertryingman has agreed to open team sheets.\n|\n|t:|1683923415\n|start\n|switch|p1a: Abomasnow|Abomasnow, L50, F|100\/100\n|switch|p1b: Ting-Lu|Ting-Lu, L50|100\/100\n|switch|p2a: Ting-Lu|Ting-Lu, L50|100\/100\n|switch|p2b: Bronzong|Bronzong, L50|100\/100\n|-weather|Snow|[from] ability: Snow Warning|[of] p1a: Abomasnow\n|-ability|p1b: Ting-Lu|Vessel of Ruin\n|-ability|p2a: Ting-Lu|Vessel of Ruin\n|turn|1\n|inactive|hardertryingman has 30 seconds left.\n|\n|t:|1683923444\n|-terastallize|p2a: Ting-Lu|Ground\n|move|p1a: Abomasnow|Aurora Veil|p1a: Abomasnow\n|-sidestart|p1: iclickfunnybutton|move: Aurora Veil\n|move|p1b: Ting-Lu|Fissure|p2a: Ting-Lu|[miss]\n|-miss|p1b: Ting-Lu|p2a: Ting-Lu\n|move|p2a: Ting-Lu|Earthquake|p1b: Ting-Lu|[spread] p1a,p1b\n|-immune|p2b: Bronzong|[from] ability: Levitate\n|-resisted|p1a: Abomasnow\n|-damage|p1a: Abomasnow|82\/100\n|-damage|p1b: Ting-Lu|76\/100\n|move|p2b: Bronzong|Gyro Ball|p1a: Abomasnow\n|-supereffective|p1a: Abomasnow\n|-damage|p1a: Abomasnow|65\/100\n|\n|-weather|Snow|[upkeep]\n|upkeep\n|turn|2\n|\n|t:|1683923467\n|move|p1a: Abomasnow|Sheer Cold|p2b: Bronzong|[miss]\n|-miss|p1a: Abomasnow|p2b: Bronzong\n|move|p1b: Ting-Lu|Fissure|p2a: Ting-Lu\n|-damage|p2a: Ting-Lu|0 fnt\n|faint|p2a: Ting-Lu\n|-ohko\n|move|p2b: Bronzong|Trick Room|p2b: Bronzong\n|-fieldstart|move: Trick Room|[of] p2b: Bronzong\n|\n|-weather|Snow|[upkeep]\n|upkeep\n|\n|t:|1683923478\n|switch|p2a: Abomasnow|Abomasnow, L50, M|100\/100\n|turn|3\n|\n|t:|1683923491\n|move|p2b: Bronzong|Gyro Ball|p1b: Ting-Lu\n|-crit|p1b: Ting-Lu\n|-damage|p1b: Ting-Lu|64\/100\n|move|p1b: Ting-Lu|Fissure|p2a: Abomasnow|[miss]\n|-miss|p1b: Ting-Lu|p2a: Abomasnow\n|move|p2a: Abomasnow|Blizzard|p1b: Ting-Lu|[spread] p1a,p1b\n|-supereffective|p1b: Ting-Lu\n|-damage|p1a: Abomasnow|50\/100\n|-damage|p1b: Ting-Lu|48\/100\n|move|p1a: Abomasnow|Sheer Cold|p2b: Bronzong|[miss]\n|-miss|p1a: Abomasnow|p2b: Bronzong\n|\n|-weather|Snow|[upkeep]\n|upkeep\n|turn|4\n|\n|t:|1683923509\n|move|p2b: Bronzong|Gyro Ball|p1a: Abomasnow\n|-supereffective|p1a: Abomasnow\n|-damage|p1a: Abomasnow|31\/100\n|move|p1b: Ting-Lu|Fissure|p2a: Abomasnow|[miss]\n|-miss|p1b: Ting-Lu|p2a: Abomasnow\n|move|p2a: Abomasnow|Blizzard|p1a: Abomasnow|[spread] p1a,p1b\n|-supereffective|p1b: Ting-Lu\n|-damage|p1a: Abomasnow|16\/100\n|-damage|p1b: Ting-Lu|33\/100\n|move|p1a: Abomasnow|Sheer Cold|p2b: Bronzong\n|-damage|p2b: Bronzong|0 fnt\n|faint|p2b: Bronzong\n|-ohko\n|\n|-weather|Snow|[upkeep]\n|upkeep\n|\n|t:|1683923522\n|switch|p2b: Iron Hands|Iron Hands, L50|100\/100\n|turn|5\n|\n|t:|1683923537\n|move|p2b: Iron Hands|Fake Out|p1b: Ting-Lu\n|-damage|p1b: Ting-Lu|27\/100\n|cant|p1b: Ting-Lu|flinch\n|move|p2a: Abomasnow|Blizzard|p1b: Ting-Lu|[spread] p1a,p1b\n|-supereffective|p1b: Ting-Lu\n|-damage|p1a: Abomasnow|2\/100\n|-damage|p1b: Ting-Lu|11\/100\n|move|p1a: Abomasnow|Sheer Cold|p2b: Iron Hands|[miss]\n|-miss|p1a: Abomasnow|p2b: Iron Hands\n|\n|-weather|none\n|upkeep\n|turn|6\n|inactive|iclickfunnybutton has 30 seconds left.\n|inactive|hardertryingman has 30 seconds left.\n|\n|t:|1683923564\n|move|p1a: Abomasnow|Protect|p1a: Abomasnow\n|-singleturn|p1a: Abomasnow|Protect\n|move|p2b: Iron Hands|Close Combat|p1b: Ting-Lu\n|-supereffective|p1b: Ting-Lu\n|-damage|p1b: Ting-Lu|0 fnt\n|-unboost|p2b: Iron Hands|def|1\n|-unboost|p2b: Iron Hands|spd|1\n|faint|p1b: Ting-Lu\n|move|p2a: Abomasnow|Blizzard|p1a: Abomasnow\n|-activate|p1a: Abomasnow|move: Protect\n|\n|-fieldend|move: Trick Room\n|upkeep\n|\n|t:|1683923587\n|switch|p1b: Garganacl|Garganacl, L50, F|100\/100\n|turn|7\n|inactive|hardertryingman has 30 seconds left.\n|\n|t:|1683923620\n|-terastallize|p1b: Garganacl|Ghost\n|move|p1a: Abomasnow|Sheer Cold|p2b: Iron Hands\n|-damage|p2b: Iron Hands|0 fnt\n|faint|p2b: Iron Hands\n|-end|p2b: Iron Hands|Quark Drive|[silent]\n|-ohko\n|move|p2a: Abomasnow|Blizzard|p1a: Abomasnow|[spread] p1a\n|-miss|p2a: Abomasnow|p1b: Garganacl\n|-damage|p1a: Abomasnow|0 fnt\n|faint|p1a: Abomasnow\n|move|p1b: Garganacl|Fissure|p2a: Abomasnow|[miss]\n|-miss|p1b: Garganacl|p2a: Abomasnow\n|\n|upkeep\n|\n|t:|1683923630\n|switch|p1a: Bisharp|Bisharp, L50, M|100\/100\n|turn|8\n|\n|t:|1683923644\n|move|p2a: Abomasnow|Protect|p2a: Abomasnow\n|-singleturn|p2a: Abomasnow|Protect\n|move|p1a: Bisharp|Guillotine|p2a: Abomasnow\n|-activate|p2a: Abomasnow|move: Protect\n|move|p1b: Garganacl|Fissure|p2a: Abomasnow\n|-activate|p2a: Abomasnow|move: Protect\n|\n|-sideend|p1: iclickfunnybutton|move: Aurora Veil\n|upkeep\n|turn|9\n|\n|t:|1683923654\n|move|p1a: Bisharp|Taunt|p2a: Abomasnow\n|-start|p2a: Abomasnow|move: Taunt\n|move|p2a: Abomasnow|Earth Power|p1a: Bisharp\n|-supereffective|p1a: Bisharp\n|-damage|p1a: Bisharp|55\/100\n|move|p1b: Garganacl|Fissure|p2a: Abomasnow|[miss]\n|-miss|p1b: Garganacl|p2a: Abomasnow\n|\n|upkeep\n|turn|10\n|\n|t:|1683923664\n|move|p1a: Bisharp|Protect|p1a: Bisharp\n|-singleturn|p1a: Bisharp|Protect\n|move|p2a: Abomasnow|Earth Power|p1a: Bisharp\n|-activate|p1a: Bisharp|move: Protect\n|move|p1b: Garganacl|Fissure|p2a: Abomasnow|[miss]\n|-miss|p1b: Garganacl|p2a: Abomasnow\n|\n|upkeep\n|turn|11\n|\n|t:|1683923673\n|move|p1a: Bisharp|Guillotine|p2a: Abomasnow|[miss]\n|-miss|p1a: Bisharp|p2a: Abomasnow\n|move|p2a: Abomasnow|Earth Power|p1a: Bisharp\n|-supereffective|p1a: Bisharp\n|-damage|p1a: Bisharp|13\/100\n|move|p1b: Garganacl|Fissure|p2a: Abomasnow|[miss]\n|-miss|p1b: Garganacl|p2a: Abomasnow\n|\n|-end|p2a: Abomasnow|move: Taunt\n|upkeep\n|turn|12\n|\n|t:|1683923690\n|move|p1a: Bisharp|Guillotine|p2a: Abomasnow\n|-damage|p2a: Abomasnow|0 fnt\n|faint|p2a: Abomasnow\n|-ohko\n|\n|win|iclickfunnybutton\n|raw|iclickfunnybutton's rating: 1020 → 1064<\/strong> (+44 for winning)\n|raw|hardertryingman's rating: 1085 → 1058<\/strong> (-27 for losing)\n|l|\u203dhardertryingman\n|c|\u2606iclickfunnybutton|gg\n","uploadtime":1683923697,"views":15,"p1id":"iclickfunnybutton","p2id":"hardertryingman","formatid":"gen9vgc2023regulationc","rating":1058,"private":0,"password":""}