{"id":"gen9vgc2023regulationc-1850930974","p1":"Most Bread","p2":"clockwork_mango","format":"[Gen 9] VGC 2023 Regulation C","log":"|j|\u2606Most Bread\n|j|\u2606clockwork_mango\n|t:|1682383663\n|gametype|doubles\n|player|p1|Most Bread|janitor|1428\n|player|p2|clockwork_mango|265|1340\n|teamsize|p1|6\n|teamsize|p2|6\n|gen|9\n|tier|[Gen 9] VGC 2023 Regulation C\n|rated|\n|rule|Species Clause: Limit one of each Pok\u00e9mon\n|rule|Item Clause: Limit one of each item\n|clearpoke\n|poke|p1|Farigiraf, L50, F|\n|poke|p1|Rotom-Wash, L50|\n|poke|p1|Ceruledge, L50, M|\n|poke|p1|Scizor, L50, F|\n|poke|p1|Iron Hands, L50|\n|poke|p1|Glimmora, L50, M|\n|poke|p2|Orthworm, L50, M|\n|poke|p2|Baxcalibur, L50, M|\n|poke|p2|Murkrow, L50, F|\n|poke|p2|Rotom-Wash, L50|\n|poke|p2|Corviknight, L50, M|\n|poke|p2|Glimmora, L50, M|\n|teampreview|4\n|inactive|Battle timer is ON: inactive players will automatically lose when time's up. (requested by clockwork_mango)\n|\n|t:|1682383801\n|start\n|switch|p1a: Rotom|Rotom-Wash, L50, shiny|100\/100\n|switch|p1b: Farigiraf|Farigiraf, L50, F|100\/100\n|switch|p2a: Fang|Baxcalibur, L50, M|100\/100\n|switch|p2b: The Blind Bandit|Orthworm, L50, M|100\/100\n|turn|1\n|inactive|Most Bread has 30 seconds left.\n|inactive|clockwork_mango has 30 seconds left.\n|inactive|Most Bread has 20 seconds left.\n|inactive|Most Bread has 15 seconds left.\n|inactive|Most Bread has 10 seconds left.\n|inactive|Most Bread has 5 seconds left.\n|inactive|clockwork_mango has 20 seconds left.\n|inactive|clockwork_mango has 15 seconds left.\n|inactive|clockwork_mango has 10 seconds left.\n|\n|t:|1682383865\n|-terastallize|p1b: Farigiraf|Fighting\n|move|p2a: Fang|Earthquake|p1a: Rotom|[spread] p1b\n|-immune|p2b: The Blind Bandit|[from] ability: Earth Eater\n|-immune|p1a: Rotom|[from] ability: Levitate\n|-damage|p1b: Farigiraf|73\/100\n|move|p1a: Rotom|Reflect|p1a: Rotom\n|-sidestart|p1: Most Bread|Reflect\n|move|p2b: The Blind Bandit|Body Press|p1b: Farigiraf\n|-damage|p1b: Farigiraf|53\/100\n|move|p1b: Farigiraf|Tera Blast|p2b: The Blind Bandit\n|-supereffective|p2b: The Blind Bandit\n|-damage|p2b: The Blind Bandit|1\/100\n|-enditem|p2b: The Blind Bandit|Sitrus Berry|[eat]\n|-heal|p2b: The Blind Bandit|26\/100|[from] item: Sitrus Berry\n|\n|upkeep\n|turn|2\n|inactive|Most Bread has 30 seconds left.\n|inactive|clockwork_mango has 30 seconds left.\n|inactive|clockwork_mango has 20 seconds left.\n|inactive|Most Bread has 20 seconds left.\n|inactive|clockwork_mango has 15 seconds left.\n|inactive|clockwork_mango has 10 seconds left.\n|inactive|clockwork_mango has 5 seconds left.\n|\n|t:|1682383916\n|move|p2b: The Blind Bandit|Protect|p2b: The Blind Bandit\n|-singleturn|p2b: The Blind Bandit|Protect\n|move|p2a: Fang|Icicle Crash|p1b: Farigiraf\n|-damage|p1b: Farigiraf|16\/100\n|move|p1a: Rotom|Thunderbolt|p2b: The Blind Bandit\n|-activate|p2b: The Blind Bandit|move: Protect\n|move|p1b: Farigiraf|Tera Blast|p2a: Fang\n|-supereffective|p2a: Fang\n|-damage|p2a: Fang|50\/100\n|\n|upkeep\n|turn|3\n|\n|t:|1682383937\n|move|p2a: Fang|Earthquake|p1b: Farigiraf|[spread] p1b\n|-heal|p2b: The Blind Bandit|51\/100|[from] ability: Earth Eater|[of] p2a: Fang\n|-immune|p1a: Rotom|[from] ability: Levitate\n|-damage|p1b: Farigiraf|0 fnt\n|faint|p1b: Farigiraf\n|move|p1a: Rotom|Thunderbolt|p2b: The Blind Bandit\n|-damage|p2b: The Blind Bandit|4\/100\n|move|p2b: The Blind Bandit|Body Press|p1a: Rotom\n|-damage|p1a: Rotom|82\/100\n|\n|upkeep\n|\n|t:|1682383949\n|switch|p1b: Scizor|Scizor, L50, F, shiny|100\/100\n|turn|4\n|inactive|clockwork_mango has 30 seconds left.\n|inactive|Most Bread has 30 seconds left.\n|\n|t:|1682383986\n|switch|p2a: The Mechanist|Rotom-Wash, L50|100\/100\n|move|p1a: Rotom|Thunderbolt|p2a: The Mechanist\n|-damage|p2a: The Mechanist|66\/100\n|move|p1b: Scizor|Swords Dance|p1b: Scizor\n|-boost|p1b: Scizor|atk|2\n|move|p2b: The Blind Bandit|Body Press|p1b: Scizor\n|-damage|p1b: Scizor|80\/100\n|\n|upkeep\n|turn|5\n|inactive|Most Bread has 30 seconds left.\n|inactive|clockwork_mango has 30 seconds left.\n|inactive|Most Bread has 20 seconds left.\n|inactive|clockwork_mango has 20 seconds left.\n|inactive|clockwork_mango has 15 seconds left.\n|\n|t:|1682384027\n|switch|p2b: Catacomb|Glimmora, L50, M|100\/100\n|move|p2a: The Mechanist|Will-O-Wisp|p1b: Scizor\n|-status|p1b: Scizor|brn\n|move|p1a: Rotom|Thunderbolt|p2a: The Mechanist\n|-damage|p2a: The Mechanist|30\/100\n|move|p1b: Scizor|U-turn|p2a: The Mechanist\n|-damage|p2a: The Mechanist|0 fnt\n|faint|p2a: The Mechanist\n|\n|t:|1682384037\n|switch|p1b: Iron Hands|Iron Hands, L50|100\/100|[from] U-turn\n|\n|upkeep\n|\n|t:|1682384051\n|switch|p2a: Fang|Baxcalibur, L50, M|50\/100\n|turn|6\n|\n|t:|1682384064\n|switch|p2a: The Blind Bandit|Orthworm, L50, M|4\/100\n|move|p2b: Catacomb|Spiky Shield|p2b: Catacomb\n|-singleturn|p2b: Catacomb|move: Protect\n|move|p1a: Rotom|Hydro Pump|p2b: Catacomb\n|-activate|p2b: Catacomb|move: Protect\n|move|p1b: Iron Hands|Drain Punch|p2a: The Blind Bandit\n|-supereffective|p2a: The Blind Bandit\n|-damage|p2a: The Blind Bandit|0 fnt\n|faint|p2a: The Blind Bandit\n|\n|upkeep\n|\n|t:|1682384078\n|switch|p2a: Fang|Baxcalibur, L50, M|50\/100\n|turn|7\n|inactive|clockwork_mango has 30 seconds left.\n|\n|t:|1682384106\n|-terastallize|p2b: Catacomb|Grass\n|move|p2a: Fang|Icicle Crash|p1b: Iron Hands\n|-damage|p1b: Iron Hands|78\/100\n|move|p1a: Rotom|Hydro Pump|p2b: Catacomb\n|-resisted|p2b: Catacomb\n|-damage|p2b: Catacomb|77\/100\n|-enditem|p2b: Catacomb|Red Card|[of] p1a: Rotom\n|drag|p1a: Scizor|Scizor, L50, F, shiny|80\/100 brn\n|move|p2b: Catacomb|Earth Power|p1b: Iron Hands\n|-supereffective|p1b: Iron Hands\n|-damage|p1b: Iron Hands|18\/100\n|-unboost|p1b: Iron Hands|spd|1\n|cant|p1b: Iron Hands|flinch\n|\n|-damage|p1a: Scizor|74\/100 brn|[from] brn\n|upkeep\n|turn|8\n|inactive|clockwork_mango has 30 seconds left.\n|inactive|Most Bread has 30 seconds left.\n|inactive|clockwork_mango has 20 seconds left.\n|\n|t:|1682384143\n|move|p2b: Catacomb|Spiky Shield|p2b: Catacomb\n|-singleturn|p2b: Catacomb|move: Protect\n|move|p2a: Fang|Earthquake|p1a: Scizor|[spread] p1a,p1b\n|-activate|p2b: Catacomb|move: Protect\n|-supereffective|p1b: Iron Hands\n|-damage|p1a: Scizor|55\/100 brn\n|-damage|p1b: Iron Hands|0 fnt\n|faint|p1b: Iron Hands\n|-end|p1b: Iron Hands|Quark Drive|[silent]\n|move|p1a: Scizor|Swords Dance|p1a: Scizor\n|-boost|p1a: Scizor|atk|2\n|\n|-damage|p1a: Scizor|49\/100 brn|[from] brn\n|-sideend|p1: Most Bread|Reflect\n|upkeep\n|\n|t:|1682384154\n|switch|p1b: Rotom|Rotom-Wash, L50, shiny|82\/100\n|turn|9\n|inactive|Most Bread has 30 seconds left.\n|\n|t:|1682384187\n|move|p1a: Scizor|Bullet Punch|p2a: Fang\n|-supereffective|p2a: Fang\n|-damage|p2a: Fang|0 fnt\n|faint|p2a: Fang\n|move|p1b: Rotom|Light Screen|p1b: Rotom\n|-sidestart|p1: Most Bread|move: Light Screen\n|move|p2b: Catacomb|Power Gem|p1a: Scizor\n|-damage|p1a: Scizor|10\/100 brn\n|\n|-damage|p1a: Scizor|3\/100 brn|[from] brn\n|upkeep\n|turn|10\n|\n|t:|1682384211\n|move|p2b: Catacomb|Spiky Shield|p2b: Catacomb\n|-singleturn|p2b: Catacomb|move: Protect\n|move|p1a: Scizor|Bullet Punch|p2b: Catacomb\n|-activate|p2b: Catacomb|move: Protect\n|-damage|p1a: Scizor|0 fnt|[from] Spiky Shield|[of] p2b: Catacomb\n|faint|p1a: Scizor\n|move|p1b: Rotom|Thunderbolt|p2b: Catacomb\n|-activate|p2b: Catacomb|move: Protect\n|\n|upkeep\n|turn|11\n|\n|t:|1682384232\n|move|p1b: Rotom|Hydro Pump|p2b: Catacomb\n|-resisted|p2b: Catacomb\n|-damage|p2b: Catacomb|53\/100\n|move|p2b: Catacomb|Sludge Bomb|p1b: Rotom\n|-damage|p1b: Rotom|45\/100\n|\n|upkeep\n|turn|12\n|\n|t:|1682384244\n|move|p2b: Catacomb|Spiky Shield|p2b: Catacomb\n|-singleturn|p2b: Catacomb|move: Protect\n|move|p1b: Rotom|Thunderbolt|p2b: Catacomb\n|-activate|p2b: Catacomb|move: Protect\n|\n|upkeep\n|turn|13\n|\n|t:|1682384252\n|move|p1b: Rotom|Thunderbolt|p2b: Catacomb\n|-resisted|p2b: Catacomb\n|-damage|p2b: Catacomb|31\/100\n|move|p2b: Catacomb|Sludge Bomb|p1b: Rotom\n|-damage|p1b: Rotom|11\/100\n|\n|upkeep\n|turn|14\n|\n|t:|1682384263\n|move|p2b: Catacomb|Spiky Shield|p2b: Catacomb\n|-singleturn|p2b: Catacomb|move: Protect\n|move|p1b: Rotom|Hydro Pump|p2b: Catacomb\n|-activate|p2b: Catacomb|move: Protect\n|\n|upkeep\n|turn|15\n|\n|t:|1682384288\n|move|p1b: Rotom|Thunderbolt|p2b: Catacomb\n|-resisted|p2b: Catacomb\n|-damage|p2b: Catacomb|11\/100\n|move|p2b: Catacomb|Sludge Bomb|p1b: Rotom\n|-damage|p1b: Rotom|0 fnt\n|faint|p1b: Rotom\n|\n|win|clockwork_mango\n|raw|Most Bread's rating: 1428 → 1403<\/strong> (-25 for losing)\n|raw|clockwork_mango's rating: 1340 → 1365<\/strong> (+25 for winning)\n|c|\u2606clockwork_mango|Gg wp\n","uploadtime":1682384324,"views":12,"p1id":"mostbread","p2id":"clockworkmango","formatid":"gen9vgc2023regulationc","rating":1365,"private":0,"password":""}