{"id":"gen9vgc2023regulationc-1861535655","p1":"thrillcorner","p2":"Lapila Chucucu","format":"[Gen 9] VGC 2023 Regulation C","log":"|j|\u2606thrillcorner\n|j|\u2606Lapila Chucucu\n|t:|1683770042\n|gametype|doubles\n|player|p1|thrillcorner|red-masters2|1346\n|player|p2|Lapila Chucucu|cynthia|1380\n|teamsize|p1|6\n|teamsize|p2|6\n|gen|9\n|tier|[Gen 9] VGC 2023 Regulation C\n|rated|\n|rule|Species Clause: Limit one of each Pok\u00e9mon\n|rule|Item Clause: Limit one of each item\n|clearpoke\n|poke|p1|Arcanine, L50, M|\n|poke|p1|Amoonguss, L50, F|\n|poke|p1|Flutter Mane, L50|\n|poke|p1|Chi-Yu, L50|\n|poke|p1|Iron Bundle, L50|\n|poke|p1|Palafin, L50, F|\n|poke|p2|Lycanroc, L50, F|\n|poke|p2|Corviknight, L50, F|\n|poke|p2|Garchomp, L50, F|\n|poke|p2|Tyranitar, L50, F|\n|poke|p2|Arcanine, L50, F|\n|poke|p2|Flutter Mane, L50|\n|teampreview|4\n|inactive|Battle timer is ON: inactive players will automatically lose when time's up. (requested by Lapila Chucucu)\nthrillcorner has agreed to open team sheets.\nLapila Chucucu has agreed to open team sheets.\n|inactive|thrillcorner has 60 seconds left.\n|inactive|Lapila Chucucu has 60 seconds left.\n|inactive|thrillcorner has 30 seconds left.\n|inactive|Lapila Chucucu has 30 seconds left.\n|\n|t:|1683770110\n|start\n|switch|p1a: Chi-Yu|Chi-Yu, L50|100\/100\n|switch|p1b: Palafin|Palafin, L50, F|100\/100\n|switch|p2a: Corviknight|Corviknight, L50, F|100\/100\n|switch|p2b: Arcanine|Arcanine, L50, F|100\/100\n|-ability|p1a: Chi-Yu|Beads of Ruin\n|-ability|p2b: Arcanine|Intimidate|boost\n|-unboost|p1a: Chi-Yu|atk|1\n|-unboost|p1b: Palafin|atk|1\n|turn|1\n|inactive|thrillcorner has 30 seconds left.\n|inactive|Lapila Chucucu has 30 seconds left.\n|inactive|thrillcorner has 20 seconds left.\n|inactive|Lapila Chucucu has 20 seconds left.\n|inactive|Lapila Chucucu has 15 seconds left.\n|\n|t:|1683770153\n|detailschange|p1b: Palafin|Palafin-Hero, L50, F\n|switch|p1b: Arcanine|Arcanine, L50, M|100\/100\n|-ability|p1b: Arcanine|Intimidate|boost\n|-ability|p2a: Corviknight|Mirror Armor\n|-unboost|p1b: Arcanine|atk|1\n|-unboost|p2b: Arcanine|atk|1\n|switch|p2b: Tyranitar|Tyranitar, L50, F|100\/100\n|-weather|Sandstorm|[from] ability: Sand Stream|[of] p2b: Tyranitar\n|move|p1a: Chi-Yu|Heat Wave|p2a: Corviknight|[spread] p2b\n|-miss|p1a: Chi-Yu|p2a: Corviknight\n|-resisted|p2b: Tyranitar\n|-damage|p2b: Tyranitar|90\/100\n|move|p2a: Corviknight|Body Press|p1a: Chi-Yu\n|-supereffective|p1a: Chi-Yu\n|-damage|p1a: Chi-Yu|26\/100\n|\n|-weather|Sandstorm|[upkeep]\n|-damage|p1a: Chi-Yu|20\/100|[from] Sandstorm\n|upkeep\n|turn|2\n|inactive|Lapila Chucucu has 30 seconds left.\n|\n|t:|1683770183\n|switch|p1b: Palafin|Palafin-Hero, L50, F|100\/100\n|-activate|p1b: Palafin|ability: Zero to Hero\n|move|p1a: Chi-Yu|Protect|p1a: Chi-Yu\n|-singleturn|p1a: Chi-Yu|Protect\n|move|p2a: Corviknight|Tailwind|p2a: Corviknight\n|-sidestart|p2: Lapila Chucucu|move: Tailwind\n|move|p2b: Tyranitar|Rock Slide|p1a: Chi-Yu|[spread] p1b\n|-activate|p1a: Chi-Yu|move: Protect\n|-damage|p1b: Palafin|71\/100\n|\n|-weather|Sandstorm|[upkeep]\n|-damage|p1a: Chi-Yu|13\/100|[from] Sandstorm\n|-damage|p1b: Palafin|66\/100|[from] Sandstorm\n|upkeep\n|turn|3\n|inactive|thrillcorner has 30 seconds left.\n|\n|t:|1683770216\n|switch|p2b: Arcanine|Arcanine, L50, F|100\/100\n|-ability|p2b: Arcanine|Intimidate|boost\n|-unboost|p1a: Chi-Yu|atk|1\n|-unboost|p1b: Palafin|atk|1\n|switch|p1a: Arcanine|Arcanine, L50, M|100\/100\n|-ability|p1a: Arcanine|Intimidate|boost\n|-ability|p2a: Corviknight|Mirror Armor\n|-unboost|p1a: Arcanine|atk|1\n|-unboost|p2b: Arcanine|atk|1\n|move|p1b: Palafin|Protect|p1b: Palafin\n|-singleturn|p1b: Palafin|Protect\n|move|p2a: Corviknight|Brave Bird|p1a: Arcanine\n|-damage|p1a: Arcanine|60\/100\n|-damage|p2a: Corviknight|87\/100|[from] Recoil\n|\n|-weather|Sandstorm|[upkeep]\n|-damage|p1b: Palafin|60\/100|[from] Sandstorm\n|upkeep\n|turn|4\n|inactive|Lapila Chucucu has 30 seconds left.\n|inactive|Lapila Chucucu has 20 seconds left.\n|\n|t:|1683770254\n|-terastallize|p2a: Corviknight|Fire\n|move|p1b: Palafin|Jet Punch|p2b: Arcanine\n|-supereffective|p2b: Arcanine\n|-damage|p2b: Arcanine|44\/100\n|move|p2b: Arcanine|Howl|p2b: Arcanine|[spread] p2a,p2b\n|-boost|p2a: Corviknight|atk|1\n|-boost|p2b: Arcanine|atk|1\n|move|p2a: Corviknight|Brave Bird|p1b: Palafin\n|-damage|p1b: Palafin|13\/100\n|-damage|p2a: Corviknight|70\/100|[from] Recoil\n|move|p1a: Arcanine|Will-O-Wisp|p2a: Corviknight\n|-immune|p2a: Corviknight\n|\n|-weather|Sandstorm|[upkeep]\n|-damage|p2a: Corviknight|64\/100|[from] Sandstorm\n|-damage|p1b: Palafin|7\/100|[from] Sandstorm\n|upkeep\n|turn|5\n|inactive|thrillcorner has 30 seconds left.\n|inactive|thrillcorner has 20 seconds left.\n|\n|t:|1683770292\n|move|p2b: Arcanine|Extreme Speed|p1b: Palafin\n|-damage|p1b: Palafin|0 fnt\n|faint|p1b: Palafin\n|move|p2a: Corviknight|Roost|p2a: Corviknight\n|-heal|p2a: Corviknight|100\/100\n|move|p1a: Arcanine|Will-O-Wisp|p2b: Arcanine|[miss]\n|-miss|p1a: Arcanine|p2b: Arcanine\n|\n|-weather|none\n|-sideend|p2: Lapila Chucucu|move: Tailwind\n|upkeep\n|\n|t:|1683770301\n|switch|p1b: Flutter Mane|Flutter Mane, L50|100\/100\n|turn|6\n|\n|t:|1683770313\n|switch|p1a: Chi-Yu|Chi-Yu, L50|13\/100\n|-ability|p1a: Chi-Yu|Beads of Ruin\n|switch|p2b: Tyranitar|Tyranitar, L50, F|90\/100\n|-weather|Sandstorm|[from] ability: Sand Stream|[of] p2b: Tyranitar\n|move|p1b: Flutter Mane|Power Gem|p2a: Corviknight\n|-supereffective|p2a: Corviknight\n|-damage|p2a: Corviknight|0 fnt\n|faint|p2a: Corviknight\n|\n|-weather|Sandstorm|[upkeep]\n|-damage|p1b: Flutter Mane|95\/100|[from] Sandstorm\n|-damage|p1a: Chi-Yu|7\/100|[from] Sandstorm\n|upkeep\n|\n|t:|1683770329\n|switch|p2a: Arcanine|Arcanine, L50, F|44\/100\n|-ability|p2a: Arcanine|Intimidate|boost\n|-unboost|p1a: Chi-Yu|atk|1\n|-unboost|p1b: Flutter Mane|atk|1\n|turn|7\n|\n|t:|1683770341\n|switch|p1a: Arcanine|Arcanine, L50, M|60\/100\n|-ability|p1a: Arcanine|Intimidate|boost\n|-unboost|p2a: Arcanine|atk|1\n|-unboost|p2b: Tyranitar|atk|1\n|move|p1b: Flutter Mane|Power Gem|p2a: Arcanine\n|-supereffective|p2a: Arcanine\n|-damage|p2a: Arcanine|0 fnt\n|faint|p2a: Arcanine\n|move|p2b: Tyranitar|Rock Slide|p1b: Flutter Mane|[spread] p1b\n|-miss|p2b: Tyranitar|p1a: Arcanine\n|-damage|p1b: Flutter Mane|63\/100\n|\n|-weather|Sandstorm|[upkeep]\n|-damage|p1b: Flutter Mane|57\/100|[from] Sandstorm\n|upkeep\n|\n|t:|1683770354\n|switch|p2a: Garchomp|Garchomp, L50, F|100\/100\n|turn|8\n|\n|t:|1683770375\n|-end|p1b: Flutter Mane|Protosynthesis|[silent]\n|switch|p1b: Chi-Yu|Chi-Yu, L50|7\/100\n|-ability|p1b: Chi-Yu|Beads of Ruin\n|-terastallize|p1a: Arcanine|Grass\n|move|p2a: Garchomp|Earthquake|p1a: Arcanine|[spread] p2b,p1a,p1b\n|-supereffective|p2b: Tyranitar\n|-resisted|p1a: Arcanine\n|-supereffective|p1b: Chi-Yu\n|-damage|p2b: Tyranitar|27\/100\n|-damage|p1a: Arcanine|40\/100\n|-damage|p1b: Chi-Yu|0 fnt\n|faint|p1b: Chi-Yu\n|move|p1a: Arcanine|Will-O-Wisp|p2b: Tyranitar\n|-status|p2b: Tyranitar|brn\n|move|p2b: Tyranitar|Rock Slide|p1a: Arcanine\n|-damage|p1a: Arcanine|26\/100\n|\n|-weather|Sandstorm|[upkeep]\n|-damage|p2b: Tyranitar|22\/100 brn|[from] brn\n|upkeep\n|\n|t:|1683770391\n|switch|p1b: Flutter Mane|Flutter Mane, L50|57\/100\n|turn|9\n|inactive|thrillcorner has 30 seconds left.\n|\n|t:|1683770416\n|move|p1b: Flutter Mane|Dazzling Gleam|p2b: Tyranitar|[spread] p2a,p2b\n|-supereffective|p2a: Garchomp\n|-supereffective|p2b: Tyranitar\n|-damage|p2a: Garchomp|0 fnt\n|-damage|p2b: Tyranitar|0 fnt\n|faint|p2a: Garchomp\n|faint|p2b: Tyranitar\n|\n|win|thrillcorner\n|raw|thrillcorner's rating: 1346 → 1368<\/strong> (+22 for winning)\n|raw|Lapila Chucucu's rating: 1380 → 1358<\/strong> (-22 for losing)\n|c|\u2606thrillcorner|gg\n","uploadtime":1683770425,"views":114,"p1id":"thrillcorner","p2id":"lapilachucucu","formatid":"gen9vgc2023regulationc","rating":1358,"private":0,"password":""}