{"id":"gen9vgc2023regulationc-1847465520","p1":"Radio Free C-Side","p2":"spectacled eider","format":"[Gen 9] VGC 2023 Regulation C","log":"|j|\u2606Radio Free C-Side\n|j|\u2606spectacled eider\n|t:|1681958477\n|gametype|doubles\n|player|p1|Radio Free C-Side|steven|\n|player|p2|spectacled eider|lady|\n|teamsize|p1|6\n|teamsize|p2|6\n|gen|9\n|tier|[Gen 9] VGC 2023 Regulation C\n|rated|Tournament battle\n|rule|Species Clause: Limit one of each Pok\u00e9mon\n|rule|Item Clause: Limit one of each item\n|clearpoke\n|poke|p1|Dragapult, L50, F|\n|poke|p1|Klefki, L50, M|\n|poke|p1|Chi-Yu, L50|\n|poke|p1|Tyranitar, L50, M|\n|poke|p1|Gastrodon-East, L50, M|\n|poke|p1|Flutter Mane, L50|\n|poke|p2|Farigiraf, L50, F|\n|poke|p2|Flutter Mane, L50|\n|poke|p2|Corviknight, L50, F|\n|poke|p2|Ting-Lu, L50|\n|poke|p2|Iron Bundle, L50|\n|poke|p2|Arcanine, L50, F|\n|teampreview|4\n|j| Wyvern129\nspectacled eider has agreed to open team sheets.\n|c|\u2606Radio Free C-Side|glhf\nRadio Free C-Side has agreed to open team sheets.\n|j| ROBERT5239423942\n|c|\u2606spectacled eider|u2\n|\n|t:|1681958522\n|start\n|switch|p1a: Klefki|Klefki, L50, M|100\/100\n|switch|p1b: Dragapult|Dragapult, L50, F|100\/100\n|switch|p2a: Corviknight|Corviknight, L50, F|100\/100\n|switch|p2b: Ting-Lu|Ting-Lu, L50|100\/100\n|-ability|p2b: Ting-Lu|Vessel of Ruin\n|turn|1\n|\n|t:|1681958540\n|move|p1a: Klefki|Reflect|p1a: Klefki\n|-sidestart|p1: Radio Free C-Side|Reflect\n|move|p1b: Dragapult|Phantom Force||[still]\n|-prepare|p1b: Dragapult|Phantom Force\n|move|p2a: Corviknight|Tailwind|p2a: Corviknight\n|-sidestart|p2: spectacled eider|move: Tailwind\n|move|p2b: Ting-Lu|Earthquake|p1a: Klefki|[spread] p1a\n|-miss|p2b: Ting-Lu|p1b: Dragapult\n|-immune|p2a: Corviknight\n|-supereffective|p1a: Klefki\n|-damage|p1a: Klefki|59\/100\n|\n|upkeep\n|turn|2\n|\n|t:|1681958555\n|move|p1a: Klefki|Thunder Wave|p2a: Corviknight\n|-status|p2a: Corviknight|par\n|move|p1b: Dragapult|Phantom Force|p2a: Corviknight|[from]lockedmove\n|-damage|p2a: Corviknight|45\/100 par\n|move|p2b: Ting-Lu|Earthquake|p1a: Klefki|[spread] p1a,p1b\n|-immune|p2a: Corviknight\n|-supereffective|p1a: Klefki\n|-damage|p1a: Klefki|20\/100\n|-damage|p1b: Dragapult|64\/100\n|-enditem|p1a: Klefki|Sitrus Berry|[eat]\n|-heal|p1a: Klefki|45\/100|[from] item: Sitrus Berry\n|move|p2a: Corviknight|Iron Head|p1a: Klefki\n|-damage|p1a: Klefki|27\/100\n|\n|upkeep\n|turn|3\n|j| mugiwaraLux\n|\n|t:|1681958571\n|move|p1b: Dragapult|Phantom Force||[still]\n|-prepare|p1b: Dragapult|Phantom Force\n|move|p2b: Ting-Lu|Earthquake|p1b: Dragapult|[spread] p1a\n|-miss|p2b: Ting-Lu|p1b: Dragapult\n|-immune|p2a: Corviknight\n|-supereffective|p1a: Klefki\n|-damage|p1a: Klefki|0 fnt\n|faint|p1a: Klefki\n|move|p2a: Corviknight|Brave Bird|p1b: Dragapult|[miss]\n|-miss|p2a: Corviknight|p1b: Dragapult\n|\n|upkeep\n|j| red de pokemon oro\n|\n|t:|1681958581\n|switch|p1a: Chi-Yu|Chi-Yu, L50|100\/100\n|-ability|p1a: Chi-Yu|Beads of Ruin\n|turn|4\n|j| WeirdPolyCouple\n|\n|t:|1681958608\n|-terastallize|p2b: Ting-Lu|Ground\n|move|p1a: Chi-Yu|Protect|p1a: Chi-Yu\n|-singleturn|p1a: Chi-Yu|Protect\n|move|p1b: Dragapult|Phantom Force|p2a: Corviknight|[from]lockedmove\n|-damage|p2a: Corviknight|0 fnt\n|faint|p2a: Corviknight\n|move|p2b: Ting-Lu|Earthquake|p1b: Dragapult|[spread] p1b\n|-activate|p1a: Chi-Yu|move: Protect\n|-damage|p1b: Dragapult|18\/100\n|\n|-sideend|p2: spectacled eider|move: Tailwind\n|upkeep\n|\n|t:|1681958617\n|switch|p2a: Arcanine|Arcanine, L50, F|100\/100\n|-ability|p2a: Arcanine|Intimidate|boost\n|-unboost|p1a: Chi-Yu|atk|1\n|-fail|p1b: Dragapult|unboost|[from] ability: Clear Body|[of] p1b: Dragapult\n|turn|5\n|\n|t:|1681958638\n|-terastallize|p1a: Chi-Yu|Ghost\n|move|p2a: Arcanine|Protect|p2a: Arcanine\n|-singleturn|p2a: Arcanine|Protect\n|move|p1b: Dragapult|Phantom Force||[still]\n|-prepare|p1b: Dragapult|Phantom Force\n|move|p1a: Chi-Yu|Dark Pulse|p2a: Arcanine\n|-activate|p2a: Arcanine|move: Protect\n|move|p2b: Ting-Lu|Earthquake|p1a: Chi-Yu|[spread] p1a\n|-miss|p2b: Ting-Lu|p1b: Dragapult\n|-activate|p2a: Arcanine|move: Protect\n|-damage|p1a: Chi-Yu|47\/100\n|\n|-sideend|p1: Radio Free C-Side|Reflect\n|upkeep\n|turn|6\n|j| MasterofMetapods5\n|\n|t:|1681958669\n|move|p1a: Chi-Yu|Protect|p1a: Chi-Yu\n|-singleturn|p1a: Chi-Yu|Protect\n|move|p1b: Dragapult|Phantom Force|p2a: Arcanine|[from]lockedmove\n|-damage|p2a: Arcanine|31\/100\n|move|p2a: Arcanine|Flare Blitz|p1b: Dragapult\n|-resisted|p1b: Dragapult\n|-damage|p1b: Dragapult|0 fnt\n|faint|p1b: Dragapult\n|-damage|p2a: Arcanine|27\/100|[from] Recoil\n|move|p2b: Ting-Lu|Earthquake|p1a: Chi-Yu|[spread] p2a\n|-activate|p1a: Chi-Yu|move: Protect\n|-supereffective|p2a: Arcanine\n|-damage|p2a: Arcanine|0 fnt\n|faint|p2a: Arcanine\n|\n|upkeep\n|\n|t:|1681958680\n|switch|p1b: Flutter Mane|Flutter Mane, L50|100\/100\n|switch|p2a: Flutter Mane|Flutter Mane, L50|100\/100\n|turn|7\n|c|\u2606Radio Free C-Side|I think its gg for you\n|\n|t:|1681958711\n|move|p2b: Ting-Lu|Protect|p2b: Ting-Lu\n|-singleturn|p2b: Ting-Lu|Protect\n|move|p2a: Flutter Mane|Shadow Ball|p1b: Flutter Mane\n|-supereffective|p1b: Flutter Mane\n|-damage|p1b: Flutter Mane|0 fnt\n|faint|p1b: Flutter Mane\n|-end|p1b: Flutter Mane|Protosynthesis|[silent]\n|move|p1a: Chi-Yu|Dark Pulse|p2a: Flutter Mane\n|-damage|p2a: Flutter Mane|43\/100\n|-damage|p1a: Chi-Yu|37\/100|[from] item: Life Orb\n|\n|upkeep\n|turn|8\n|\n|t:|1681958722\n|move|p2a: Flutter Mane|Shadow Ball|p1a: Chi-Yu\n|-supereffective|p1a: Chi-Yu\n|-damage|p1a: Chi-Yu|0 fnt\n|faint|p1a: Chi-Yu\n|\n|win|spectacled eider\n|n|\u2606Radio Free C-Side|radiofreecside\n|n|\u2606spectacled eider|spectacledeider\n|n| Wyvern129|wyvern129\n|n| ROBERT5239423942|robert5239423942\n|n| mugiwaraLux|mugiwaralux\n|n| red de pokemon oro|reddepokemonoro\n|n| WeirdPolyCouple|weirdpolycouple\n|n| MasterofMetapods5|masterofmetapods5\n","uploadtime":1681958723,"views":3,"p1id":"radiofreecside","p2id":"spectacledeider","formatid":"gen9vgc2023regulationc","rating":0,"private":0,"password":""}