{"id":"gen9vgc2023regulationc-1849782189","p1":"pelukas","p2":"xxKlb7xx","format":"[Gen 9] VGC 2023 Regulation C","log":"|j|\u2606pelukas\n|j|\u2606xxKlb7xx\n|t:|1682250755\n|gametype|doubles\n|player|p1|pelukas|gambler|1079\n|player|p2|xxKlb7xx|1|1064\n|teamsize|p1|6\n|teamsize|p2|6\n|gen|9\n|tier|[Gen 9] VGC 2023 Regulation C\n|rated|\n|rule|Species Clause: Limit one of each Pok\u00e9mon\n|rule|Item Clause: Limit one of each item\n|clearpoke\n|poke|p1|Klefki, L50, M|\n|poke|p1|Mimikyu, L50, M|\n|poke|p1|Flutter Mane, L50|\n|poke|p1|Iron Valiant, L50|\n|poke|p1|Hatterene, L50, F|\n|poke|p1|Wo-Chien, L50|\n|poke|p2|Oricorio-Pa'u, L50, F|\n|poke|p2|Volcarona, L50, F|\n|poke|p2|Espeon, L50, F|\n|poke|p2|Flutter Mane, L50|\n|poke|p2|Mimikyu, L50, M|\n|poke|p2|Tyranitar, L50, F|\n|teampreview|4\npelukas has agreed to open team sheets.\n|\n|t:|1682250774\n|start\n|switch|p1a: Klefki|Klefki, L50, M, shiny|100\/100\n|switch|p1b: Wo-Chien|Wo-Chien, L50|100\/100\n|switch|p2a: Oricorio|Oricorio-Pa'u, L50, F|100\/100\n|switch|p2b: Volcarona|Volcarona, L50, F|100\/100\n|-ability|p1b: Wo-Chien|Tablets of Ruin\n|turn|1\n|\n|t:|1682250795\n|-terastallize|p1b: Wo-Chien|Fairy\n|move|p2a: Oricorio|Protect|p2a: Oricorio\n|-singleturn|p2a: Oricorio|Protect\n|move|p1a: Klefki|Light Screen|p1a: Klefki\n|-sidestart|p1: pelukas|move: Light Screen\n|move|p2b: Volcarona|Quiver Dance|p2b: Volcarona\n|-boost|p2b: Volcarona|spa|1\n|-boost|p2b: Volcarona|spd|1\n|-boost|p2b: Volcarona|spe|1\n|-activate|p2a: Oricorio|ability: Dancer\n|move|p2a: Oricorio|Quiver Dance|p2a: Oricorio|[from]ability: Dancer\n|-boost|p2a: Oricorio|spa|1\n|-boost|p2a: Oricorio|spd|1\n|-boost|p2a: Oricorio|spe|1\n|move|p1b: Wo-Chien|Knock Off|p2a: Oricorio\n|-activate|p2a: Oricorio|move: Protect\n|\n|upkeep\n|turn|2\n|\n|t:|1682250830\n|move|p1a: Klefki|Thunder Wave|p2b: Volcarona\n|-status|p2b: Volcarona|par\n|move|p2a: Oricorio|Quiver Dance|p2a: Oricorio\n|-boost|p2a: Oricorio|spa|1\n|-boost|p2a: Oricorio|spd|1\n|-boost|p2a: Oricorio|spe|1\n|move|p2b: Volcarona|Fiery Dance|p1b: Wo-Chien\n|-damage|p1b: Wo-Chien|70\/100\n|-activate|p2a: Oricorio|ability: Dancer\n|move|p2a: Oricorio|Fiery Dance|p1b: Wo-Chien|[from]ability: Dancer\n|-damage|p1b: Wo-Chien|49\/100\n|-boost|p2a: Oricorio|spa|1\n|move|p1b: Wo-Chien|Knock Off|p2a: Oricorio\n|-supereffective|p2a: Oricorio\n|-damage|p2a: Oricorio|15\/100\n|-enditem|p2a: Oricorio|Sitrus Berry|[from] move: Knock Off|[of] p1b: Wo-Chien\n|\n|upkeep\n|turn|3\n|\n|t:|1682250888\n|move|p1b: Wo-Chien|Protect|p1b: Wo-Chien\n|-singleturn|p1b: Wo-Chien|Protect\n|move|p2a: Oricorio|Baton Pass|p2a: Oricorio\n|\n|t:|1682250893\n|switch|p2a: Flutter Mane|Flutter Mane, L50|100\/100|[from] Baton Pass\n|-enditem|p2a: Flutter Mane|Booster Energy\n|-activate|p2a: Flutter Mane|ability: Protosynthesis|[fromitem]\n|-start|p2a: Flutter Mane|protosynthesisspa\n|move|p2b: Volcarona|Fiery Dance|p1a: Klefki\n|-supereffective|p1a: Klefki\n|-damage|p1a: Klefki|3\/100\n|-boost|p2b: Volcarona|spa|1\n|move|p1a: Klefki|Flash Cannon|p2a: Flutter Mane\n|-supereffective|p2a: Flutter Mane\n|-damage|p2a: Flutter Mane|76\/100\n|\n|upkeep\n|turn|4\n|\n|t:|1682250913\n|move|p1a: Klefki|Thunder Wave|p2a: Flutter Mane\n|-status|p2a: Flutter Mane|par\n|move|p2a: Flutter Mane|Dazzling Gleam|p1a: Klefki|[spread] p1a,p1b\n|-resisted|p1a: Klefki\n|-damage|p1a: Klefki|0 fnt\n|-damage|p1b: Wo-Chien|0 fnt\n|faint|p1a: Klefki\n|faint|p1b: Wo-Chien\n|move|p2b: Volcarona|Fiery Dance|p1: Klefki|[notarget]\n|-fail|p2b: Volcarona\n|\n|upkeep\n|\n|t:|1682250923\n|switch|p1a: Mimikyu|Mimikyu, L50, M, shiny|100\/100\n|switch|p1b: Flutter Mane|Flutter Mane, L50, shiny|100\/100\n|turn|5\n|\n|t:|1682250931\n|move|p1b: Flutter Mane|Protect|p1b: Flutter Mane\n|-singleturn|p1b: Flutter Mane|Protect\n|move|p1a: Mimikyu|Shadow Sneak|p2a: Flutter Mane\n|-supereffective|p2a: Flutter Mane\n|-damage|p2a: Flutter Mane|0 fnt\n|faint|p2a: Flutter Mane\n|-end|p2a: Flutter Mane|Protosynthesis|[silent]\n|cant|p2b: Volcarona|par\n|\n|upkeep\n|\n|t:|1682250941\n|switch|p2a: Espeon|Espeon, L50, F|100\/100\n|turn|6\n|\n|t:|1682250949\n|cant|p2b: Volcarona|par\n|move|p1b: Flutter Mane|Shadow Ball|p2a: Espeon\n|-supereffective|p2a: Espeon\n|-crit|p2a: Espeon\n|-damage|p2a: Espeon|0 fnt\n|faint|p2a: Espeon\n|-damage|p1b: Flutter Mane|91\/100|[from] item: Life Orb\n|move|p1a: Mimikyu|Swords Dance|p1a: Mimikyu\n|-boost|p1a: Mimikyu|atk|2\n|\n|upkeep\n|\n|t:|1682250960\n|switch|p2a: Oricorio|Oricorio-Pa'u, L50, F|15\/100\n|turn|7\n|\n|t:|1682250966\n|move|p1b: Flutter Mane|Protect|p1b: Flutter Mane\n|-singleturn|p1b: Flutter Mane|Protect\n|move|p2a: Oricorio|Protect|p2a: Oricorio\n|-singleturn|p2a: Oricorio|Protect\n|move|p1a: Mimikyu|Shadow Sneak|p2a: Oricorio\n|-activate|p2a: Oricorio|move: Protect\n|cant|p2b: Volcarona|par\n|\n|upkeep\n|turn|8\n|\n|t:|1682250999\n|move|p1b: Flutter Mane|Thunderbolt|p2a: Oricorio\n|-supereffective|p2a: Oricorio\n|-damage|p2a: Oricorio|0 fnt\n|faint|p2a: Oricorio\n|-damage|p1b: Flutter Mane|81\/100|[from] item: Life Orb\n|move|p1a: Mimikyu|Swords Dance|p1a: Mimikyu\n|-boost|p1a: Mimikyu|atk|2\n|move|p2b: Volcarona|Fiery Dance|p1b: Flutter Mane\n|-damage|p1b: Flutter Mane|17\/100\n|-boost|p2b: Volcarona|spa|1\n|\n|-sideend|p1: pelukas|move: Light Screen\n|upkeep\n|turn|9\n|\n|t:|1682251021\n|move|p1a: Mimikyu|Shadow Sneak|p2b: Volcarona\n|-damage|p2b: Volcarona|20\/100 par\n|move|p1b: Flutter Mane|Shadow Ball|p2b: Volcarona\n|-damage|p2b: Volcarona|0 fnt\n|faint|p2b: Volcarona\n|-damage|p1b: Flutter Mane|7\/100|[from] item: Life Orb\n|\n|win|pelukas\n|raw|pelukas's rating: 1079 → 1106<\/strong> (+27 for winning)\n|raw|xxKlb7xx's rating: 1064 → 1045<\/strong> (-19 for losing)\n|l|\u2606xxKlb7xx\n","uploadtime":1682251030,"views":22,"p1id":"pelukas","p2id":"xxklb7xx","formatid":"gen9vgc2023regulationc","rating":1045,"private":0,"password":""}