{"id":"gen9vgc2023regulationc-1863349512","p1":"Water Spot","p2":"OTestingACO","format":"[Gen 9] VGC 2023 Regulation C","log":"|j|\u2606Water Spot\n|j|\u2606OTestingACO\n|t:|1684005731\n|gametype|doubles\n|player|p1|Water Spot|blue|1115\n|player|p2|OTestingACO|shadowtriad|1113\n|teamsize|p1|6\n|teamsize|p2|6\n|gen|9\n|tier|[Gen 9] VGC 2023 Regulation C\n|rated|\n|rule|Species Clause: Limit one of each Pok\u00e9mon\n|rule|Item Clause: Limit one of each item\n|clearpoke\n|poke|p1|Palafin, L50, M|\n|poke|p1|Grimmsnarl, L50, M|\n|poke|p1|Amoonguss, L50, F|\n|poke|p1|Flutter Mane, L50|\n|poke|p1|Iron Bundle, L50|\n|poke|p1|Ting-Lu, L50|\n|poke|p2|Iron Bundle, L50|\n|poke|p2|Dondozo, L50, M|\n|poke|p2|Tatsugiri, L50, M|\n|poke|p2|Glimmora, L50, F|\n|poke|p2|Dragonite, L50, F|\n|poke|p2|Chi-Yu, L50|\n|teampreview|4\nWater Spot has agreed to open team sheets.\n|\n|t:|1684005796\n|start\n|switch|p1a: Grimmy|Grimmsnarl, L50, M|100\/100\n|switch|p1b: Flutter Mane|Flutter Mane, L50|100\/100\n|switch|p2a: Glimmora|Glimmora, L50, F|100\/100\n|switch|p2b: Dondozo|Dondozo, L50, M|100\/100\n|turn|1\n|\n|t:|1684005859\n|-terastallize|p1b: Flutter Mane|Grass\n|move|p2b: Dondozo|Protect|p2b: Dondozo\n|-singleturn|p2b: Dondozo|Protect\n|move|p1a: Grimmy|Fake Tears|p2b: Dondozo\n|-activate|p2b: Dondozo|move: Protect\n|move|p1b: Flutter Mane|Energy Ball|p2b: Dondozo\n|-activate|p2b: Dondozo|move: Protect\n|move|p2a: Glimmora|Mortal Spin|p1a: Grimmy|[spread] p1a,p1b\n|-supereffective|p1a: Grimmy\n|-supereffective|p1b: Flutter Mane\n|-damage|p1a: Grimmy|92\/100\n|-damage|p1b: Flutter Mane|82\/100\n|-status|p1a: Grimmy|psn\n|-status|p1b: Flutter Mane|psn\n|\n|-damage|p1b: Flutter Mane|70\/100 psn|[from] psn\n|-damage|p1a: Grimmy|79\/100 psn|[from] psn\n|upkeep\n|turn|2\n|\n|t:|1684005903\n|switch|p2a: Tatsugiri|Tatsugiri, L50, M|100\/100\n|-activate|p2a: Tatsugiri|ability: Commander|[of] p2b: Dondozo\n|-boost|p2b: Dondozo|atk|2\n|-boost|p2b: Dondozo|spa|2\n|-boost|p2b: Dondozo|spe|2\n|-boost|p2b: Dondozo|def|2\n|-boost|p2b: Dondozo|spd|2\n|-terastallize|p2b: Dondozo|Grass\n|move|p1a: Grimmy|Fake Tears|p2b: Dondozo\n|-unboost|p2b: Dondozo|spd|2\n|move|p1b: Flutter Mane|Energy Ball|p2b: Dondozo\n|-resisted|p2b: Dondozo\n|-damage|p2b: Dondozo|72\/100\n|move|p2b: Dondozo|Wave Crash|p1a: Grimmy\n|-damage|p1a: Grimmy|0 fnt\n|faint|p1a: Grimmy\n|-damage|p2b: Dondozo|49\/100|[from] Recoil\n|\n|-heal|p2b: Dondozo|56\/100|[from] item: Leftovers\n|-damage|p1b: Flutter Mane|57\/100 psn|[from] psn\n|upkeep\n|\n|t:|1684005913\n|switch|p1a: Iron Bundle|Iron Bundle, L50|100\/100\n|-enditem|p1a: Iron Bundle|Booster Energy\n|-activate|p1a: Iron Bundle|ability: Quark Drive|[fromitem]\n|-start|p1a: Iron Bundle|quarkdrivespe\n|turn|3\n|\n|t:|1684005921\n|move|p2b: Dondozo|Protect|p2b: Dondozo\n|-singleturn|p2b: Dondozo|Protect\n|move|p1a: Iron Bundle|Freeze-Dry|p2b: Dondozo\n|-activate|p2b: Dondozo|move: Protect\n|move|p1b: Flutter Mane|Energy Ball|p2b: Dondozo\n|-activate|p2b: Dondozo|move: Protect\n|\n|-heal|p2b: Dondozo|62\/100|[from] item: Leftovers\n|-damage|p1b: Flutter Mane|45\/100 psn|[from] psn\n|upkeep\n|turn|4\n|\n|t:|1684005933\n|move|p1a: Iron Bundle|Freeze-Dry|p2b: Dondozo\n|-supereffective|p2b: Dondozo\n|-damage|p2b: Dondozo|0 fnt\n|faint|p2b: Dondozo\n|move|p1b: Flutter Mane|Energy Ball|p2a: Tatsugiri\n|-damage|p2a: Tatsugiri|11\/100\n|\n|-damage|p1b: Flutter Mane|33\/100 psn|[from] psn\n|upkeep\n|\n|t:|1684005937\n|switch|p2b: Glimmora|Glimmora, L50, F|100\/100\n|turn|5\n|\n|t:|1684005949\n|move|p1a: Iron Bundle|Icy Wind|p2b: Glimmora|[spread] p2a,p2b\n|-damage|p2a: Tatsugiri|0 fnt\n|-damage|p2b: Glimmora|89\/100\n|-unboost|p2b: Glimmora|spe|1\n|faint|p2a: Tatsugiri\n|move|p1b: Flutter Mane|Energy Ball|p2b: Glimmora\n|-damage|p2b: Glimmora|45\/100\n|move|p2b: Glimmora|Power Gem|p1a: Iron Bundle\n|-supereffective|p1a: Iron Bundle\n|-damage|p1a: Iron Bundle|0 fnt\n|faint|p1a: Iron Bundle\n|-end|p1a: Iron Bundle|Quark Drive|[silent]\n|\n|-damage|p1b: Flutter Mane|20\/100 psn|[from] psn\n|upkeep\n|\n|t:|1684005956\n|switch|p1a: Amoonguss|Amoonguss, L50, F|100\/100\n|switch|p2a: Dragonite|Dragonite, L50, F|100\/100\n|turn|6\n|\n|t:|1684005983\n|move|p1b: Flutter Mane|Energy Ball|p2b: Glimmora\n|-damage|p2b: Glimmora|5\/100\n|move|p2a: Dragonite|Ice Spinner|p1a: Amoonguss\n|-supereffective|p1a: Amoonguss\n|-damage|p1a: Amoonguss|46\/100\n|-enditem|p1a: Amoonguss|Sitrus Berry|[eat]\n|-heal|p1a: Amoonguss|71\/100|[from] item: Sitrus Berry\n|move|p2b: Glimmora|Power Gem|p1b: Flutter Mane\n|-damage|p1b: Flutter Mane|0 fnt\n|faint|p1b: Flutter Mane\n|-end|p1b: Flutter Mane|Protosynthesis|[silent]\n|move|p1a: Amoonguss|Spore|p2a: Dragonite\n|-status|p2a: Dragonite|slp|[from] move: Spore\n|-enditem|p2a: Dragonite|Lum Berry|[eat]\n|-curestatus|p2a: Dragonite|slp|[msg]\n|\n|upkeep\n|turn|7\n|-message|Water Spot forfeited.\n|\n|win|OTestingACO\n|raw|Water Spot's rating: 1115 → 1090<\/strong> (-25 for losing)\n|raw|OTestingACO's rating: 1113 → 1138<\/strong> (+25 for winning)\n|l|\u2606Water Spot\n","uploadtime":1684006031,"views":9,"p1id":"waterspot","p2id":"otestingaco","formatid":"gen9vgc2023regulationc","rating":1090,"private":0,"password":""}