{"id":"gen9vgc2023regulationc-1858652163","p1":"TrainerRYSA","p2":"MingKangu","format":"[Gen 9] VGC 2023 Regulation C","log":"|j|\u2606TrainerRYSA\n|j|\u2606MingKangu\n|t:|1683337636\n|gametype|doubles\n|player|p1|TrainerRYSA|170|1243\n|player|p2|MingKangu|170|1159\n|teamsize|p1|6\n|teamsize|p2|6\n|gen|9\n|tier|[Gen 9] VGC 2023 Regulation C\n|rated|\n|rule|Species Clause: Limit one of each Pok\u00e9mon\n|rule|Item Clause: Limit one of each item\n|clearpoke\n|poke|p1|Flutter Mane, L50|\n|poke|p1|Iron Hands, L50|\n|poke|p1|Dragonite, L50, M|\n|poke|p1|Umbreon, L50, M|\n|poke|p1|Gyarados, L50, F|\n|poke|p1|Ting-Lu, L50|\n|poke|p2|Arcanine, L50, M|\n|poke|p2|Amoonguss, L50, F|\n|poke|p2|Palafin, L50, F|\n|poke|p2|Flutter Mane, L50|\n|poke|p2|Chien-Pao, L50|\n|poke|p2|Dragapult, L50, F|\n|teampreview|4\nMingKangu has agreed to open team sheets.\n|\n|t:|1683337696\n|start\n|switch|p1a: Dragonite|Dragonite, L50, M, shiny|100\/100\n|switch|p1b: Gyarados|Gyarados, L50, F, shiny|100\/100\n|switch|p2a: Palafin|Palafin, L50, F|100\/100\n|switch|p2b: Arcanine|Arcanine, L50, M, shiny|100\/100\n|-ability|p1b: Gyarados|Intimidate|boost\n|-unboost|p2a: Palafin|atk|1\n|-unboost|p2b: Arcanine|atk|1\n|-ability|p2b: Arcanine|Intimidate|boost\n|-unboost|p1a: Dragonite|atk|1\n|-unboost|p1b: Gyarados|atk|1\n|turn|1\n|\n|t:|1683337726\n|move|p2a: Palafin|Protect|p2a: Palafin\n|-singleturn|p2a: Palafin|Protect\n|move|p1b: Gyarados|Iron Head|p2a: Palafin\n|-activate|p2a: Palafin|move: Protect\n|move|p2b: Arcanine|Will-O-Wisp|p1a: Dragonite\n|-status|p1a: Dragonite|brn\n|move|p1a: Dragonite|Rock Slide|p2a: Palafin|[spread] p2b\n|-activate|p2a: Palafin|move: Protect\n|-supereffective|p2b: Arcanine\n|-damage|p2b: Arcanine|77\/100\n|\n|-damage|p1a: Dragonite|95\/100 brn|[from] brn\n|upkeep\n|turn|2\n|\n|t:|1683337769\n|detailschange|p2a: Palafin|Palafin-Hero, L50, F\n|switch|p2a: Amoonguss|Amoonguss, L50, F, shiny|100\/100\n|move|p1b: Gyarados|Iron Head|p2a: Amoonguss\n|-damage|p2a: Amoonguss|84\/100\n|move|p2b: Arcanine|Will-O-Wisp|p1b: Gyarados\n|-status|p1b: Gyarados|brn\n|move|p1a: Dragonite|Rock Slide|p2a: Amoonguss|[spread] p2a,p2b\n|-supereffective|p2b: Arcanine\n|-crit|p2b: Arcanine\n|-damage|p2a: Amoonguss|75\/100\n|-damage|p2b: Arcanine|28\/100\n|\n|-damage|p1b: Gyarados|95\/100 brn|[from] brn\n|-damage|p1a: Dragonite|89\/100 brn|[from] brn\n|upkeep\n|turn|3\n|\n|t:|1683337790\n|switch|p2b: Palafin|Palafin-Hero, L50, F|100\/100\n|-activate|p2b: Palafin|ability: Zero to Hero\n|switch|p1a: Flutter Mane|Flutter Mane, L50|100\/100\n|-enditem|p1a: Flutter Mane|Booster Energy\n|-activate|p1a: Flutter Mane|ability: Protosynthesis|[fromitem]\n|-start|p1a: Flutter Mane|protosynthesisspa\n|move|p2a: Amoonguss|Protect|p2a: Amoonguss\n|-singleturn|p2a: Amoonguss|Protect\n|move|p1b: Gyarados|Taunt|p2a: Amoonguss\n|-activate|p2a: Amoonguss|move: Protect\n|\n|-damage|p1b: Gyarados|89\/100 brn|[from] brn\n|upkeep\n|turn|4\n|\n|t:|1683337814\n|move|p2b: Palafin|Protect|p2b: Palafin\n|-singleturn|p2b: Palafin|Protect\n|move|p1a: Flutter Mane|Shadow Ball|p2b: Palafin\n|-activate|p2b: Palafin|move: Protect\n|move|p1b: Gyarados|Taunt|p2a: Amoonguss\n|-start|p2a: Amoonguss|move: Taunt\n|cant|p2a: Amoonguss|move: Taunt|Spore\n|\n|-damage|p1b: Gyarados|83\/100 brn|[from] brn\n|upkeep\n|turn|5\n|\n|t:|1683337851\n|switch|p1b: Dragonite|Dragonite, L50, M, shiny|89\/100 brn\n|switch|p2a: Arcanine|Arcanine, L50, M, shiny|28\/100\n|-ability|p2a: Arcanine|Intimidate|boost\n|-unboost|p1a: Flutter Mane|atk|1\n|-unboost|p1b: Dragonite|atk|1\n|-terastallize|p2b: Palafin|Water\n|move|p1a: Flutter Mane|Moonblast|p2b: Palafin\n|-damage|p2b: Palafin|37\/100\n|move|p2b: Palafin|Wave Crash|p1a: Flutter Mane\n|-damage|p1a: Flutter Mane|0 fnt\n|faint|p1a: Flutter Mane\n|-end|p1a: Flutter Mane|Protosynthesis|[silent]\n|-damage|p2b: Palafin|14\/100|[from] Recoil\n|\n|-damage|p1b: Dragonite|83\/100 brn|[from] brn\n|upkeep\n|\n|t:|1683337870\n|switch|p1a: Gyarados|Gyarados, L50, F, shiny|83\/100 brn\n|-ability|p1a: Gyarados|Intimidate|boost\n|-unboost|p2a: Arcanine|atk|1\n|-unboost|p2b: Palafin|atk|1\n|turn|6\n|\n|t:|1683337912\n|switch|p2b: Amoonguss|Amoonguss, L50, F, shiny|100\/100\n|move|p2a: Arcanine|Protect|p2a: Arcanine\n|-singleturn|p2a: Arcanine|Protect\n|move|p1b: Dragonite|Extreme Speed|p2b: Amoonguss\n|-damage|p2b: Amoonguss|87\/100\n|move|p1a: Gyarados|Waterfall|p2a: Arcanine\n|-activate|p2a: Arcanine|move: Protect\n|\n|-damage|p1a: Gyarados|77\/100 brn|[from] brn\n|-damage|p1b: Dragonite|77\/100 brn|[from] brn\n|upkeep\n|turn|7\n|\n|t:|1683337941\n|switch|p2a: Palafin|Palafin-Hero, L50, F, tera:Water|14\/100\n|-terastallize|p1b: Dragonite|Normal\n|move|p1b: Dragonite|Extreme Speed|p2b: Amoonguss\n|-damage|p2b: Amoonguss|66\/100\n|move|p1a: Gyarados|Taunt|p2b: Amoonguss\n|-start|p2b: Amoonguss|move: Taunt\n|move|p2b: Amoonguss|Pollen Puff|p2a: Palafin\n|-heal|p2a: Palafin|63\/100\n|\n|-damage|p1a: Gyarados|71\/100 brn|[from] brn\n|-damage|p1b: Dragonite|71\/100 brn|[from] brn\n|upkeep\n|turn|8\n|inactive|Battle timer is ON: inactive players will automatically lose when time's up. (requested by TrainerRYSA)\n|inactive|MingKangu has 60 seconds left.\n|\n|t:|1683338040\n|move|p1b: Dragonite|Extreme Speed|p2a: Palafin\n|-damage|p2a: Palafin|42\/100\n|move|p1a: Gyarados|Thunder Wave|p2a: Palafin\n|-status|p2a: Palafin|par\n|move|p2a: Palafin|Wave Crash|p1b: Dragonite\n|-damage|p1b: Dragonite|0 fnt\n|faint|p1b: Dragonite\n|-damage|p2a: Palafin|20\/100 par|[from] Recoil\n|move|p2b: Amoonguss|Pollen Puff|p2a: Palafin\n|-heal|p2a: Palafin|70\/100 par\n|\n|-damage|p1a: Gyarados|65\/100 brn|[from] brn\n|upkeep\n|\n|t:|1683338054\n|switch|p1b: Ting-Lu|Ting-Lu, L50|100\/100\n|-ability|p1b: Ting-Lu|Vessel of Ruin\n|turn|9\n|inactive|MingKangu has 30 seconds left.\n|inactive|MingKangu has 20 seconds left.\n|inactive|MingKangu has 15 seconds left.\n|inactive|MingKangu has 10 seconds left.\n|inactive|MingKangu has 5 seconds left.\n|\n|t:|1683338109\n|move|p1a: Gyarados|Thunder Wave|p2b: Amoonguss\n|-status|p2b: Amoonguss|par\n|move|p1b: Ting-Lu|Fissure|p2a: Palafin\n|-damage|p2a: Palafin|0 fnt\n|faint|p2a: Palafin\n|-ohko\n|cant|p2b: Amoonguss|par\n|\n|-damage|p1a: Gyarados|59\/100 brn|[from] brn\n|-end|p2b: Amoonguss|move: Taunt\n|upkeep\n|inactive|MingKangu has 30 seconds left.\n|\n|t:|1683338140\n|switch|p2a: Arcanine|Arcanine, L50, M, shiny|28\/100\n|-ability|p2a: Arcanine|Intimidate|boost\n|-unboost|p1a: Gyarados|atk|1\n|-unboost|p1b: Ting-Lu|atk|1\n|turn|10\n|\n|t:|1683338155\n|move|p1a: Gyarados|Taunt|p2b: Amoonguss\n|-start|p2b: Amoonguss|move: Taunt\n|move|p2a: Arcanine|Will-O-Wisp|p1b: Ting-Lu\n|-status|p1b: Ting-Lu|brn\n|move|p1b: Ting-Lu|Fissure|p2b: Amoonguss|[miss]\n|-miss|p1b: Ting-Lu|p2b: Amoonguss\n|cant|p2b: Amoonguss|move: Taunt|Spore\n|\n|-damage|p1a: Gyarados|53\/100 brn|[from] brn\n|-damage|p1b: Ting-Lu|94\/100 brn|[from] brn\n|upkeep\n|turn|11\n|inactive|TrainerRYSA has 30 seconds left.\n|\n|t:|1683338184\n|switch|p2b: Flutter Mane|Flutter Mane, L50|100\/100\n|-enditem|p2b: Flutter Mane|Booster Energy\n|-activate|p2b: Flutter Mane|ability: Protosynthesis|[fromitem]\n|-start|p2b: Flutter Mane|protosynthesisspe\n|move|p1a: Gyarados|Iron Head|p2b: Flutter Mane\n|-supereffective|p2b: Flutter Mane\n|-damage|p2b: Flutter Mane|59\/100\n|move|p2a: Arcanine|Flare Blitz|p1b: Ting-Lu\n|-damage|p1b: Ting-Lu|67\/100 brn\n|-damage|p2a: Arcanine|17\/100|[from] Recoil\n|move|p1b: Ting-Lu|Stomping Tantrum|p2a: Arcanine\n|-supereffective|p2a: Arcanine\n|-damage|p2a: Arcanine|0 fnt\n|faint|p2a: Arcanine\n|\n|-heal|p1b: Ting-Lu|73\/100 brn|[from] item: Leftovers\n|-damage|p1a: Gyarados|48\/100 brn|[from] brn\n|-damage|p1b: Ting-Lu|67\/100 brn|[from] brn\n|upkeep\n|-enditem|p1a: Gyarados|Sitrus Berry|[eat]\n|-heal|p1a: Gyarados|72\/100 brn|[from] item: Sitrus Berry\n|inactive|MingKangu has 30 seconds left.\n|inactive|MingKangu has 20 seconds left.\n|inactive|MingKangu has 15 seconds left.\n|inactive|MingKangu has 10 seconds left.\n|inactive|MingKangu has 5 seconds left.\n|\n|t:|1683338239\n|switch|p2a: Amoonguss|Amoonguss, L50, F, shiny|99\/100 par\n|turn|12\n|inactive|MingKangu has 30 seconds left.\n|inactive|MingKangu has 20 seconds left.\n|inactive|MingKangu has 15 seconds left.\n|inactive|MingKangu has 10 seconds left.\n|inactive|MingKangu has 5 seconds left.\n|\n|t:|1683338294\n|move|p2b: Flutter Mane|Moonblast|p1a: Gyarados\n|-damage|p1a: Gyarados|30\/100 brn\n|move|p1a: Gyarados|Iron Head|p2b: Flutter Mane\n|-supereffective|p2b: Flutter Mane\n|-damage|p2b: Flutter Mane|15\/100\n|move|p1b: Ting-Lu|Heavy Slam|p2b: Flutter Mane\n|-supereffective|p2b: Flutter Mane\n|-damage|p2b: Flutter Mane|0 fnt\n|faint|p2b: Flutter Mane\n|-end|p2b: Flutter Mane|Protosynthesis|[silent]\n|move|p2a: Amoonguss|Spore||[still]\n|-fail|p2a: Amoonguss\n|\n|-heal|p1b: Ting-Lu|73\/100 brn|[from] item: Leftovers\n|-damage|p1a: Gyarados|24\/100 brn|[from] brn\n|-damage|p1b: Ting-Lu|67\/100 brn|[from] brn\n|upkeep\n|turn|13\n|inactive|TrainerRYSA has 30 seconds left.\n|inactive|MingKangu has 30 seconds left.\n|inactive|MingKangu has 20 seconds left.\n|inactive|MingKangu has 15 seconds left.\n|inactive|MingKangu has 10 seconds left.\n|inactive|MingKangu has 5 seconds left.\n|\n|t:|1683338349\n|move|p1a: Gyarados|Iron Head|p2a: Amoonguss\n|-damage|p2a: Amoonguss|91\/100 par\n|move|p1b: Ting-Lu|Ruination|p2a: Amoonguss\n|-damage|p2a: Amoonguss|46\/100 par\n|-enditem|p2a: Amoonguss|Sitrus Berry|[eat]\n|-heal|p2a: Amoonguss|71\/100 par|[from] item: Sitrus Berry\n|cant|p2a: Amoonguss|par\n|\n|-heal|p1b: Ting-Lu|73\/100 brn|[from] item: Leftovers\n|-damage|p1a: Gyarados|18\/100 brn|[from] brn\n|-damage|p1b: Ting-Lu|67\/100 brn|[from] brn\n|upkeep\n|turn|14\n|inactive|MingKangu has 30 seconds left.\n|\n|t:|1683338379\n|move|p1a: Gyarados|Taunt|p2a: Amoonguss\n|-start|p2a: Amoonguss|move: Taunt\n|move|p1b: Ting-Lu|Fissure|p2a: Amoonguss|[miss]\n|-miss|p1b: Ting-Lu|p2a: Amoonguss\n|cant|p2a: Amoonguss|par\n|\n|-heal|p1b: Ting-Lu|73\/100 brn|[from] item: Leftovers\n|-damage|p1a: Gyarados|12\/100 brn|[from] brn\n|-damage|p1b: Ting-Lu|67\/100 brn|[from] brn\n|upkeep\n|turn|15\n|\n|t:|1683338396\n|move|p1a: Gyarados|Iron Head|p2a: Amoonguss\n|-crit|p2a: Amoonguss\n|-damage|p2a: Amoonguss|51\/100 par\n|move|p1b: Ting-Lu|Stomping Tantrum|p2a: Amoonguss\n|-damage|p2a: Amoonguss|35\/100 par\n|cant|p2a: Amoonguss|flinch\n|\n|-heal|p1b: Ting-Lu|73\/100 brn|[from] item: Leftovers\n|-damage|p1a: Gyarados|6\/100 brn|[from] brn\n|-damage|p1b: Ting-Lu|67\/100 brn|[from] brn\n|upkeep\n|turn|16\n|inactive|TrainerRYSA has 30 seconds left.\n|inactive|MingKangu has 30 seconds left.\n|inactive|MingKangu has 20 seconds left.\n|inactive|MingKangu has 15 seconds left.\n|inactive|MingKangu has 10 seconds left.\n|inactive|MingKangu has 5 seconds left.\n|\n|t:|1683338451\n|move|p1a: Gyarados|Iron Head|p2a: Amoonguss\n|-damage|p2a: Amoonguss|27\/100 par\n|move|p1b: Ting-Lu|Ruination|p2a: Amoonguss\n|-damage|p2a: Amoonguss|14\/100 par\n|cant|p2a: Amoonguss|flinch\n|\n|-heal|p1b: Ting-Lu|73\/100 brn|[from] item: Leftovers\n|-damage|p1a: Gyarados|0 fnt|[from] brn\n|faint|p1a: Gyarados\n|-damage|p1b: Ting-Lu|67\/100 brn|[from] brn\n|-end|p2a: Amoonguss|move: Taunt\n|upkeep\n|turn|17\n|inactive|MingKangu has 30 seconds left.\n|inactive|MingKangu has 20 seconds left.\n|inactive|MingKangu has 15 seconds left.\n|inactive|MingKangu has 10 seconds left.\n|inactive|MingKangu has 5 seconds left.\n|\n|t:|1683338506\n|move|p1b: Ting-Lu|Stomping Tantrum|p2a: Amoonguss\n|-damage|p2a: Amoonguss|6\/100 par\n|move|p2a: Amoonguss|Spore||[still]\n|-fail|p2a: Amoonguss\n|\n|-heal|p1b: Ting-Lu|73\/100 brn|[from] item: Leftovers\n|-damage|p1b: Ting-Lu|67\/100 brn|[from] brn\n|upkeep\n|turn|18\n|inactive|MingKangu has 5 seconds left this turn.\n|-message|MingKangu lost due to inactivity.\n|\n|win|TrainerRYSA\n|raw|TrainerRYSA's rating: 1243 → 1262<\/strong> (+19 for winning)\n|raw|MingKangu's rating: 1159 → 1140<\/strong> (-19 for losing)\n","uploadtime":1683338518,"views":13,"p1id":"trainerrysa","p2id":"mingkangu","formatid":"gen9vgc2023regulationc","rating":1140,"private":0,"password":""}