{"id":"gen9vgc2023regulationc-1853391035","p1":"ArchAngelofYomi","p2":"Galtelli","format":"[Gen 9] VGC 2023 Regulation C","log":"|j|\u2606ArchAngelofYomi\n|j|\u2606Galtelli\n|t:|1682678983\n|gametype|doubles\n|player|p1|ArchAngelofYomi|265|1072\n|player|p2|Galtelli|clair|1000\n|teamsize|p1|6\n|teamsize|p2|6\n|gen|9\n|tier|[Gen 9] VGC 2023 Regulation C\n|rated|\n|rule|Species Clause: Limit one of each Pok\u00e9mon\n|rule|Item Clause: Limit one of each item\n|clearpoke\n|poke|p1|Dragalge, L50, M|\n|poke|p1|Eelektross, L50, F|\n|poke|p1|Barraskewda, L50, M|\n|poke|p1|Goodra, L50, M|\n|poke|p1|Scizor, L50, F|\n|poke|p1|Clawitzer, L50, M|\n|poke|p2|Iron Bundle, L50|\n|poke|p2|Gothitelle, L50, F|\n|poke|p2|Ting-Lu, L50|\n|poke|p2|Amoonguss, L50, F|\n|poke|p2|Gholdengo, L50|\n|poke|p2|Great Tusk, L50|\n|teampreview|4\n|c|\u2606ArchAngelofYomi|gl hf\n|c|\u2606Galtelli|gl hf\n|\n|t:|1682679055\n|start\n|switch|p1a: Clawitzer|Clawitzer, L50, M|100\/100\n|switch|p1b: Barraskewda|Barraskewda, L50, M|100\/100\n|switch|p2a: Amoonguss|Amoonguss, L50, F|100\/100\n|switch|p2b: Iron Bundle|Iron Bundle, L50|100\/100\n|turn|1\n|\n|t:|1682679086\n|-terastallize|p1a: Clawitzer|Water\n|move|p2a: Amoonguss|Rage Powder|p2a: Amoonguss\n|-singleturn|p2a: Amoonguss|move: Rage Powder\n|move|p2b: Iron Bundle|Freeze-Dry|p1b: Barraskewda\n|-supereffective|p1b: Barraskewda\n|-damage|p1b: Barraskewda|0 fnt\n|faint|p1b: Barraskewda\n|move|p1a: Clawitzer|Aura Sphere|p2a: Amoonguss\n|-resisted|p2a: Amoonguss\n|-damage|p2a: Amoonguss|87\/100\n|\n|-heal|p2a: Amoonguss|93\/100|[from] item: Black Sludge\n|upkeep\n|\n|t:|1682679105\n|switch|p1b: Scizor|Scizor, L50, F|100\/100\n|turn|2\n|\n|t:|1682679118\n|move|p2a: Amoonguss|Rage Powder|p2a: Amoonguss\n|-singleturn|p2a: Amoonguss|move: Rage Powder\n|move|p2b: Iron Bundle|Freeze-Dry|p1a: Clawitzer\n|-supereffective|p1a: Clawitzer\n|-damage|p1a: Clawitzer|20\/100\n|-enditem|p1a: Clawitzer|Iapapa Berry|[eat]\n|-heal|p1a: Clawitzer|53\/100|[from] item: Iapapa Berry\n|move|p1b: Scizor|Aerial Ace|p2a: Amoonguss\n|-supereffective|p2a: Amoonguss\n|-damage|p2a: Amoonguss|22\/100\n|move|p1a: Clawitzer|Aura Sphere|p2a: Amoonguss\n|-resisted|p2a: Amoonguss\n|-damage|p2a: Amoonguss|8\/100\n|\n|-heal|p2a: Amoonguss|14\/100|[from] item: Black Sludge\n|upkeep\n|turn|3\n|\n|t:|1682679148\n|move|p2a: Amoonguss|Protect|p2a: Amoonguss\n|-singleturn|p2a: Amoonguss|Protect\n|move|p1b: Scizor|Bullet Punch|p2a: Amoonguss\n|-activate|p2a: Amoonguss|move: Protect\n|move|p2b: Iron Bundle|Freeze-Dry|p1a: Clawitzer\n|-supereffective|p1a: Clawitzer\n|-damage|p1a: Clawitzer|0 fnt\n|faint|p1a: Clawitzer\n|\n|-heal|p2a: Amoonguss|20\/100|[from] item: Black Sludge\n|upkeep\n|c|\u2606ArchAngelofYomi|rematch>?\n|\n|t:|1682679174\n|switch|p1a: Eelektross|Eelektross, L50, F|100\/100\n|turn|4\n|\n|t:|1682679205\n|move|p2b: Iron Bundle|Icy Wind|p1a: Eelektross|[spread] p1a,p1b\n|-resisted|p1b: Scizor\n|-damage|p1a: Eelektross|80\/100\n|-damage|p1b: Scizor|89\/100\n|-unboost|p1a: Eelektross|spe|1\n|-unboost|p1b: Scizor|spe|1\n|move|p1b: Scizor|Aerial Ace|p2a: Amoonguss\n|-supereffective|p2a: Amoonguss\n|-damage|p2a: Amoonguss|0 fnt\n|faint|p2a: Amoonguss\n|move|p1a: Eelektross|Acid Spray|p2b: Iron Bundle\n|-damage|p2b: Iron Bundle|79\/100\n|-unboost|p2b: Iron Bundle|spd|2\n|\n|upkeep\n|\n|t:|1682679220\n|switch|p2a: Great Tusk|Great Tusk, L50|100\/100\n|turn|5\n|\n|t:|1682679238\n|-terastallize|p2a: Great Tusk|Fire\n|move|p2b: Iron Bundle|Icy Wind|p1b: Scizor|[spread] p1a,p1b\n|-resisted|p1b: Scizor\n|-crit|p1b: Scizor\n|-damage|p1a: Eelektross|61\/100\n|-damage|p1b: Scizor|71\/100\n|-unboost|p1a: Eelektross|spe|1\n|-unboost|p1b: Scizor|spe|1\n|move|p2a: Great Tusk|Headlong Rush|p1b: Scizor\n|-damage|p1b: Scizor|3\/100\n|-unboost|p2a: Great Tusk|def|1\n|-unboost|p2a: Great Tusk|spd|1\n|move|p1b: Scizor|Aerial Ace|p2a: Great Tusk\n|-damage|p2a: Great Tusk|66\/100\n|move|p1a: Eelektross|Flamethrower|p2b: Iron Bundle\n|-damage|p2b: Iron Bundle|0 fnt\n|faint|p2b: Iron Bundle\n|-end|p2b: Iron Bundle|Quark Drive|[silent]\n|\n|upkeep\n|\n|t:|1682679254\n|switch|p2b: Gholdengo|Gholdengo, L50|100\/100\n|turn|6\n|\n|t:|1682679274\n|move|p2b: Gholdengo|Make It Rain|p1b: Scizor|[spread] p1a,p1b\n|-resisted|p1a: Eelektross\n|-resisted|p1b: Scizor\n|-damage|p1a: Eelektross|32\/100\n|-damage|p1b: Scizor|0 fnt\n|-unboost|p2b: Gholdengo|spa|1\n|faint|p1b: Scizor\n|-damage|p2b: Gholdengo|91\/100|[from] item: Life Orb\n|move|p2a: Great Tusk|Knock Off|p1a: Eelektross\n|-damage|p1a: Eelektross|2\/100\n|-enditem|p1a: Eelektross|Zoom Lens|[from] move: Knock Off|[of] p2a: Great Tusk\n|move|p1a: Eelektross|Flamethrower|p2b: Gholdengo\n|-supereffective|p2b: Gholdengo\n|-damage|p2b: Gholdengo|36\/100\n|\n|upkeep\n|turn|7\n|\n|t:|1682679293\n|move|p2b: Gholdengo|Shadow Ball|p1a: Eelektross\n|-damage|p1a: Eelektross|0 fnt\n|faint|p1a: Eelektross\n|-damage|p2b: Gholdengo|26\/100|[from] item: Life Orb\n|\n|win|Galtelli\n|raw|ArchAngelofYomi's rating: 1072 → 1047<\/strong> (-25 for losing)\n|raw|Galtelli's rating: 1000 → 1048<\/strong> (+48 for winning)\n|c|\u2606Galtelli|gg\n|l|\u2606ArchAngelofYomi\n","uploadtime":1682679306,"views":11,"p1id":"archangelofyomi","p2id":"galtelli","formatid":"gen9vgc2023regulationc","rating":1047,"private":0,"password":""}