{"id":"gen9vgc2023regulationc-1846390899","p1":"SILVESTRON","p2":"Zuutokei2","format":"[Gen 9] VGC 2023 Regulation C","log":"|j|\u2606SILVESTRON\n|j|\u2606Zuutokei2\n|t:|1681837094\n|gametype|doubles\n|player|p1|SILVESTRON|roughneck|1258\n|player|p2|Zuutokei2|lucas|1356\n|teamsize|p1|6\n|teamsize|p2|6\n|gen|9\n|tier|[Gen 9] VGC 2023 Regulation C\n|rated|\n|rule|Species Clause: Limit one of each Pok\u00e9mon\n|rule|Item Clause: Limit one of each item\n|clearpoke\n|poke|p1|Wo-Chien, L50|\n|poke|p1|Garganacl, L50, F|\n|poke|p1|Talonflame, L50, F|\n|poke|p1|Annihilape, L50, F|\n|poke|p1|Flutter Mane, L50|\n|poke|p1|Iron Bundle, L50|\n|poke|p2|Dragonite, L50, M|\n|poke|p2|Chien-Pao, L50|\n|poke|p2|Amoonguss, L50, F|\n|poke|p2|Arcanine, L50, M|\n|poke|p2|Ting-Lu, L50|\n|poke|p2|Flutter Mane, L50|\n|teampreview|4\n|inactive|Battle timer is ON: inactive players will automatically lose when time's up. (requested by SILVESTRON)\n|\n|t:|1681837140\n|start\n|switch|p1a: Garganacl|Garganacl, L50, F|100\/100\n|switch|p1b: Wo-Chien|Wo-Chien, L50|100\/100\n|switch|p2a: Chien-Pao|Chien-Pao, L50|100\/100\n|switch|p2b: Flutter Mane|Flutter Mane, L50|100\/100\n|-ability|p2a: Chien-Pao|Sword of Ruin\n|-ability|p1b: Wo-Chien|Tablets of Ruin\n|turn|1\n|inactive|Zuutokei2 has 30 seconds left.\n|inactive|Zuutokei2 has 20 seconds left.\n|\n|t:|1681837178\n|-terastallize|p1b: Wo-Chien|Water\n|move|p2a: Chien-Pao|Ice Spinner|p1b: Wo-Chien\n|-resisted|p1b: Wo-Chien\n|-damage|p1b: Wo-Chien|86\/100\n|move|p2b: Flutter Mane|Moonblast|p1b: Wo-Chien\n|-damage|p1b: Wo-Chien|35\/100\n|-enditem|p1b: Wo-Chien|Sitrus Berry|[eat]\n|-heal|p1b: Wo-Chien|60\/100|[from] item: Sitrus Berry\n|move|p1b: Wo-Chien|Snarl|p2a: Chien-Pao|[spread] p2a,p2b\n|-resisted|p2a: Chien-Pao\n|-damage|p2a: Chien-Pao|90\/100\n|-damage|p2b: Flutter Mane|90\/100\n|-unboost|p2a: Chien-Pao|spa|1\n|-unboost|p2b: Flutter Mane|spa|1\n|move|p1a: Garganacl|Salt Cure|p2a: Chien-Pao\n|-supereffective|p2a: Chien-Pao\n|-damage|p2a: Chien-Pao|58\/100\n|-start|p2a: Chien-Pao|Salt Cure\n|\n|-damage|p2a: Chien-Pao|45\/100|[from] Salt Cure\n|upkeep\n|turn|2\n|inactive|Zuutokei2 has 30 seconds left.\n|\n|t:|1681837208\n|move|p2a: Chien-Pao|Sacred Sword|p1a: Garganacl\n|-supereffective|p1a: Garganacl\n|-crit|p1a: Garganacl\n|-damage|p1a: Garganacl|36\/100\n|move|p2b: Flutter Mane|Moonblast|p1a: Garganacl\n|-damage|p1a: Garganacl|2\/100\n|move|p1b: Wo-Chien|Foul Play|p2a: Chien-Pao\n|-resisted|p2a: Chien-Pao\n|-damage|p2a: Chien-Pao|12\/100\n|move|p1a: Garganacl|Salt Cure|p2b: Flutter Mane\n|-damage|p2b: Flutter Mane|66\/100\n|-start|p2b: Flutter Mane|Salt Cure\n|\n|-heal|p1a: Garganacl|8\/100|[from] item: Leftovers\n|-damage|p2a: Chien-Pao|0 fnt|[from] Salt Cure\n|faint|p2a: Chien-Pao\n|-damage|p2b: Flutter Mane|54\/100|[from] Salt Cure\n|upkeep\n|\n|t:|1681837227\n|switch|p2a: Dragonite|Dragonite, L50, M|100\/100\n|turn|3\n|\n|t:|1681837239\n|-end|p2b: Flutter Mane|Protosynthesis|[silent]\n|switch|p2b: Ting-Lu|Ting-Lu, L50|100\/100\n|-ability|p2b: Ting-Lu|Vessel of Ruin\n|move|p2a: Dragonite|Thunder Punch|p1b: Wo-Chien\n|-supereffective|p1b: Wo-Chien\n|-damage|p1b: Wo-Chien|29\/100\n|move|p1b: Wo-Chien|Foul Play|p2a: Dragonite\n|-damage|p2a: Dragonite|54\/100\n|move|p1a: Garganacl|Salt Cure|p2a: Dragonite\n|-supereffective|p2a: Dragonite\n|-damage|p2a: Dragonite|34\/100\n|-start|p2a: Dragonite|Salt Cure\n|\n|-heal|p1a: Garganacl|14\/100|[from] item: Leftovers\n|-damage|p2a: Dragonite|22\/100|[from] Salt Cure\n|upkeep\n|turn|4\n|inactive|SILVESTRON has 30 seconds left.\n|inactive|Zuutokei2 has 30 seconds left.\n|\n|t:|1681837274\n|move|p2a: Dragonite|Extreme Speed|p1a: Garganacl\n|-resisted|p1a: Garganacl\n|-damage|p1a: Garganacl|7\/100\n|move|p1b: Wo-Chien|Pollen Puff|p2b: Ting-Lu\n|-supereffective|p2b: Ting-Lu\n|-damage|p2b: Ting-Lu|85\/100\n|move|p2b: Ting-Lu|Earthquake|p1a: Garganacl|[spread] p1a,p1b\n|-immune|p2a: Dragonite\n|-supereffective|p1a: Garganacl\n|-damage|p1a: Garganacl|0 fnt\n|-damage|p1b: Wo-Chien|9\/100\n|faint|p1a: Garganacl\n|\n|-damage|p2a: Dragonite|10\/100|[from] Salt Cure\n|upkeep\n|\n|t:|1681837286\n|switch|p1a: Flutter Mane|Flutter Mane, L50|100\/100\n|turn|5\n|\n|t:|1681837308\n|switch|p2a: Flutter Mane|Flutter Mane, L50|54\/100\n|move|p1a: Flutter Mane|Dazzling Gleam|p2b: Ting-Lu|[spread] p2a,p2b\n|-supereffective|p2b: Ting-Lu\n|-damage|p2a: Flutter Mane|22\/100\n|-damage|p2b: Ting-Lu|53\/100\n|move|p1b: Wo-Chien|Pollen Puff|p2b: Ting-Lu\n|-supereffective|p2b: Ting-Lu\n|-damage|p2b: Ting-Lu|39\/100\n|move|p2b: Ting-Lu|Heavy Slam|p1a: Flutter Mane\n|-supereffective|p1a: Flutter Mane\n|-damage|p1a: Flutter Mane|26\/100\n|\n|upkeep\n|turn|6\n|inactive|Zuutokei2 has 30 seconds left.\n|\n|t:|1681837336\n|-terastallize|p2a: Flutter Mane|Fairy\n|move|p2a: Flutter Mane|Dazzling Gleam|p1b: Wo-Chien|[spread] p1a,p1b\n|-damage|p1a: Flutter Mane|0 fnt\n|-damage|p1b: Wo-Chien|0 fnt\n|faint|p1a: Flutter Mane\n|-end|p1a: Flutter Mane|Protosynthesis|[silent]\n|faint|p1b: Wo-Chien\n|move|p2b: Ting-Lu|Heavy Slam|p1: Flutter Mane|[notarget]\n|-fail|p2b: Ting-Lu\n|\n|upkeep\n|\n|t:|1681837339\n|switch|p1b: Iron Bundle|Iron Bundle, L50|100\/100\n|turn|7\n|\n|t:|1681837354\n|move|p1b: Iron Bundle|Protect|p1b: Iron Bundle\n|-singleturn|p1b: Iron Bundle|Protect\n|move|p2a: Flutter Mane|Dazzling Gleam|p1b: Iron Bundle\n|-activate|p1b: Iron Bundle|move: Protect\n|move|p2b: Ting-Lu|Stomping Tantrum|p1b: Iron Bundle\n|-activate|p1b: Iron Bundle|move: Protect\n|\n|upkeep\n|turn|8\n|\n|t:|1681837365\n|move|p1b: Iron Bundle|Freeze-Dry|p2a: Flutter Mane\n|-damage|p2a: Flutter Mane|0 fnt\n|faint|p2a: Flutter Mane\n|-end|p2a: Flutter Mane|Protosynthesis|[silent]\n|move|p2b: Ting-Lu|Stomping Tantrum|p1b: Iron Bundle\n|-damage|p1b: Iron Bundle|63\/100\n|\n|upkeep\n|\n|t:|1681837373\n|switch|p2a: Dragonite|Dragonite, L50, M|10\/100\n|turn|9\n|\n|t:|1681837384\n|move|p2a: Dragonite|Protect|p2a: Dragonite\n|-singleturn|p2a: Dragonite|Protect\n|move|p1b: Iron Bundle|Icy Wind|p2b: Ting-Lu|[spread] p2b\n|-activate|p2a: Dragonite|move: Protect\n|-supereffective|p2b: Ting-Lu\n|-damage|p2b: Ting-Lu|24\/100\n|-unboost|p2b: Ting-Lu|spe|1\n|move|p2b: Ting-Lu|Ruination|p1b: Iron Bundle|[miss]\n|-miss|p2b: Ting-Lu|p1b: Iron Bundle\n|\n|upkeep\n|turn|10\n|\n|t:|1681837401\n|move|p2a: Dragonite|Extreme Speed|p1b: Iron Bundle\n|-damage|p1b: Iron Bundle|26\/100\n|move|p1b: Iron Bundle|Icy Wind|p2b: Ting-Lu|[spread] p2a,p2b\n|-supereffective|p2a: Dragonite\n|-supereffective|p2b: Ting-Lu\n|-damage|p2a: Dragonite|0 fnt\n|-damage|p2b: Ting-Lu|10\/100\n|-unboost|p2b: Ting-Lu|spe|1\n|faint|p2a: Dragonite\n|move|p2b: Ting-Lu|Stomping Tantrum|p1b: Iron Bundle\n|-damage|p1b: Iron Bundle|0 fnt\n|faint|p1b: Iron Bundle\n|-end|p1b: Iron Bundle|Quark Drive|[silent]\n|\n|win|Zuutokei2\n|raw|SILVESTRON's rating: 1258 → 1240<\/strong> (-18 for losing)\n|raw|Zuutokei2's rating: 1356 → 1371<\/strong> (+15 for winning)\n|l|\u2606SILVESTRON\n","uploadtime":1681837416,"views":11,"p1id":"silvestron","p2id":"zuutokei2","formatid":"gen9vgc2023regulationc","rating":1240,"private":0,"password":""}