{"id":"gen9vgc2023regulationc-1849424927","p1":"mcls-15","p2":"The22Cabbage","format":"[Gen 9] VGC 2023 Regulation C","log":"|j|\u2606mcls-15\n|j|\u2606The22Cabbage\n|t:|1682197003\n|gametype|doubles\n|player|p1|mcls-15|169|1000\n|player|p2|The22Cabbage|workerice|1052\n|teamsize|p1|6\n|teamsize|p2|6\n|gen|9\n|tier|[Gen 9] VGC 2023 Regulation C\n|rated|\n|rule|Species Clause: Limit one of each Pok\u00e9mon\n|rule|Item Clause: Limit one of each item\n|clearpoke\n|poke|p1|Toxapex, L50, F|\n|poke|p1|Palafin, L50, F|\n|poke|p1|Tatsugiri, L50, M|\n|poke|p1|Dondozo, L50, F|\n|poke|p1|Cloyster, L50, F|\n|poke|p1|Gyarados, L50, F|\n|poke|p2|Iron Moth, L50|\n|poke|p2|Espathra, L50, F|\n|poke|p2|Appletun, L50, F|\n|poke|p2|Tatsugiri-Droopy, L50, F|\n|poke|p2|Baxcalibur, L50, M|\n|poke|p2|Jumpluff, L50, F|\n|teampreview|4\n|\n|t:|1682197063\n|start\n|switch|p1a: Toxapex|Toxapex, L50, F|100\/100\n|switch|p1b: Cloyster|Cloyster, L50, F|100\/100\n|switch|p2a: Jumpluff|Jumpluff, L50, F, shiny|100\/100\n|switch|p2b: Appletun|Appletun, L50, F, shiny|100\/100\n|turn|1\n|\n|t:|1682197081\n|switch|p1b: Palafin|Palafin, L50, F|100\/100\n|move|p2a: Jumpluff|Sleep Powder|p1a: Toxapex\n|-status|p1a: Toxapex|slp|[from] move: Sleep Powder\n|cant|p1a: Toxapex|slp\n|move|p2b: Appletun|Iron Defense|p2b: Appletun\n|-boost|p2b: Appletun|def|2\n|\n|upkeep\n|turn|2\n|\n|t:|1682197110\n|detailschange|p1b: Palafin|Palafin-Hero, L50, F\n|switch|p1b: Cloyster|Cloyster, L50, F|100\/100\n|switch|p2a: Tatsugiri|Tatsugiri-Droopy, L50, F, shiny|100\/100\n|cant|p1a: Toxapex|slp\n|move|p2b: Appletun|Leech Seed|p1a: Toxapex\n|-start|p1a: Toxapex|move: Leech Seed\n|\n|-damage|p1a: Toxapex|88\/100 slp|[from] Leech Seed|[of] p2b: Appletun\n|upkeep\n|turn|3\n|\n|t:|1682197136\n|-terastallize|p2b: Appletun|Water\n|move|p2a: Tatsugiri|Nasty Plot|p2a: Tatsugiri\n|-boost|p2a: Tatsugiri|spa|2\n|move|p1b: Cloyster|Shell Smash|p1b: Cloyster\n|-unboost|p1b: Cloyster|def|1\n|-unboost|p1b: Cloyster|spd|1\n|-boost|p1b: Cloyster|atk|2\n|-boost|p1b: Cloyster|spa|2\n|-boost|p1b: Cloyster|spe|2\n|-curestatus|p1a: Toxapex|slp|[msg]\n|move|p1a: Toxapex|Pin Missile|p2b: Appletun\n|-damage|p2b: Appletun|98\/100\n|-damage|p2b: Appletun|96\/100\n|-damage|p2b: Appletun|93\/100\n|-damage|p2b: Appletun|91\/100\n|-damage|p2b: Appletun|89\/100\n|-hitcount|p2b: Appletun|5\n|move|p2b: Appletun|Apple Acid|p1a: Toxapex\n|-damage|p1a: Toxapex|65\/100\n|\n|-damage|p1a: Toxapex|53\/100|[from] Leech Seed|[of] p2b: Appletun\n|-heal|p2b: Appletun|97\/100|[silent]\n|upkeep\n|turn|4\n|\n|t:|1682197171\n|move|p2a: Tatsugiri|Protect|p2a: Tatsugiri\n|-singleturn|p2a: Tatsugiri|Protect\n|move|p1b: Cloyster|Rock Blast|p2b: Appletun\n|-damage|p2b: Appletun|89\/100\n|-damage|p2b: Appletun|81\/100\n|-damage|p2b: Appletun|74\/100\n|-damage|p2b: Appletun|66\/100\n|-damage|p2b: Appletun|59\/100\n|-hitcount|p2b: Appletun|5\n|move|p1a: Toxapex|Toxic|p2b: Appletun\n|-status|p2b: Appletun|tox\n|move|p2b: Appletun|Apple Acid|p1b: Cloyster\n|-supereffective|p1b: Cloyster\n|-damage|p1b: Cloyster|0 fnt\n|faint|p1b: Cloyster\n|\n|-damage|p1a: Toxapex|41\/100|[from] Leech Seed|[of] p2b: Appletun\n|-heal|p2b: Appletun|68\/100 tox|[silent]\n|-damage|p2b: Appletun|62\/100 tox|[from] psn\n|upkeep\n|\n|t:|1682197190\n|switch|p1b: Palafin|Palafin-Hero, L50, F|100\/100\n|-activate|p1b: Palafin|ability: Zero to Hero\n|turn|5\n|\n|t:|1682197202\n|switch|p1a: Gyarados|Gyarados, L50, F|100\/100\n|move|p1b: Palafin|Zen Headbutt|p2b: Appletun\n|-damage|p2b: Appletun|36\/100 tox\n|move|p2a: Tatsugiri|Muddy Water|p1a: Gyarados|[spread] p1a,p1b\n|-resisted|p1a: Gyarados\n|-resisted|p1b: Palafin\n|-damage|p1a: Gyarados|68\/100\n|-damage|p1b: Palafin|64\/100\n|cant|p2b: Appletun|flinch\n|\n|-damage|p2b: Appletun|24\/100 tox|[from] psn\n|upkeep\n|-activate|p2b: Appletun|ability: Ripen\n|-enditem|p2b: Appletun|Petaya Berry|[eat]\n|-boost|p2b: Appletun|spa|2|[from] item: Petaya Berry\n|turn|6\n|\n|t:|1682197231\n|move|p1b: Palafin|Zen Headbutt|p2b: Appletun\n|-damage|p2b: Appletun|0 fnt\n|faint|p2b: Appletun\n|move|p2a: Tatsugiri|Muddy Water|p1b: Palafin|[spread] p1a,p1b\n|-resisted|p1a: Gyarados\n|-resisted|p1b: Palafin\n|-damage|p1a: Gyarados|33\/100\n|-damage|p1b: Palafin|28\/100\n|move|p1a: Gyarados|Dragon Dance|p1a: Gyarados\n|-boost|p1a: Gyarados|atk|1\n|-boost|p1a: Gyarados|spe|1\n|\n|upkeep\n|\n|t:|1682197242\n|switch|p2b: Jumpluff|Jumpluff, L50, F, shiny|100\/100\n|turn|7\n|\n|t:|1682197257\n|-terastallize|p1a: Gyarados|Grass\n|move|p2b: Jumpluff|Rage Powder|p2b: Jumpluff\n|-singleturn|p2b: Jumpluff|move: Rage Powder\n|move|p1a: Gyarados|Tera Blast|p2a: Tatsugiri\n|-damage|p2a: Tatsugiri|0 fnt\n|faint|p2a: Tatsugiri\n|-ability|p1a: Gyarados|Moxie|boost\n|-boost|p1a: Gyarados|atk|1\n|move|p1b: Palafin|Zen Headbutt|p2b: Jumpluff\n|-damage|p2b: Jumpluff|37\/100\n|\n|upkeep\n|\n|t:|1682197277\n|switch|p2a: Espathra|Espathra, L50, F, shiny|100\/100\n|turn|8\n|\n|t:|1682197291\n|move|p2a: Espathra|Protect|p2a: Espathra\n|-singleturn|p2a: Espathra|Protect\n|move|p1a: Gyarados|Crunch|p2a: Espathra\n|-activate|p2a: Espathra|move: Protect\n|move|p1b: Palafin|Zen Headbutt|p2b: Jumpluff\n|-damage|p2b: Jumpluff|0 fnt\n|faint|p2b: Jumpluff\n|\n|-ability|p2a: Espathra|Speed Boost|boost\n|-boost|p2a: Espathra|spe|1\n|upkeep\n|turn|9\n|\n|t:|1682197309\n|move|p2a: Espathra|Lumina Crash|p1a: Gyarados\n|-damage|p1a: Gyarados|5\/100\n|-unboost|p1a: Gyarados|spd|2\n|move|p1a: Gyarados|Crunch|p2a: Espathra\n|-supereffective|p2a: Espathra\n|-damage|p2a: Espathra|0 fnt\n|faint|p2a: Espathra\n|\n|win|mcls-15\n|raw|mcls-15's rating: 1000 → 1046<\/strong> (+46 for winning)\n|raw|The22Cabbage's rating: 1052 → 1032<\/strong> (-20 for losing)\n|l|\u2606The22Cabbage\n|c|\u2606mcls-15|gg\n","uploadtime":1682197324,"views":6,"p1id":"mcls15","p2id":"the22cabbage","formatid":"gen9vgc2023regulationc","rating":1032,"private":0,"password":""}