{"id":"gen9vgc2023regulationc-1847844804","p1":"elgervax","p2":"Infinider","format":"[Gen 9] VGC 2023 Regulation C","log":"|j|\u2606elgervax\n|j|\u2606Infinider\n|t:|1682006649\n|gametype|doubles\n|player|p1|elgervax|266|1176\n|player|p2|Infinider|cyclist-gen4|1151\n|teamsize|p1|6\n|teamsize|p2|6\n|gen|9\n|tier|[Gen 9] VGC 2023 Regulation C\n|rated|\n|rule|Species Clause: Limit one of each Pok\u00e9mon\n|rule|Item Clause: Limit one of each item\n|clearpoke\n|poke|p1|Palafin, L50, M|\n|poke|p1|Flutter Mane, L50|\n|poke|p1|Arcanine, L50, F|\n|poke|p1|Amoonguss, L50, F|\n|poke|p1|Ting-Lu, L50|\n|poke|p1|Roaring Moon, L50|\n|poke|p2|Glimmora, L50, M|\n|poke|p2|Wo-Chien, L50|\n|poke|p2|Arcanine, L50, M|\n|poke|p2|Azumarill, L50, F|\n|poke|p2|Flutter Mane, L50|\n|poke|p2|Tyranitar, L50, M|\n|teampreview|4\n|inactive|Battle timer is ON: inactive players will automatically lose when time's up. (requested by elgervax)\n|\n|t:|1682006678\n|start\n|switch|p1a: Ting-Lu|Ting-Lu, L50|100\/100\n|switch|p1b: Roaring Moon|Roaring Moon, L50|100\/100\n|switch|p2a: Wo-Chien|Wo-Chien, L50|100\/100\n|switch|p2b: Flutter Mane|Flutter Mane, L50|100\/100\n|-ability|p2a: Wo-Chien|Tablets of Ruin\n|-ability|p1a: Ting-Lu|Vessel of Ruin\n|-enditem|p1b: Roaring Moon|Booster Energy\n|-activate|p1b: Roaring Moon|ability: Protosynthesis|[fromitem]\n|-start|p1b: Roaring Moon|protosynthesisatk\n|turn|1\n|inactive|elgervax has 30 seconds left.\n|\n|t:|1682006705\n|-terastallize|p2b: Flutter Mane|Fairy\n|move|p1b: Roaring Moon|Protect|p1b: Roaring Moon\n|-singleturn|p1b: Roaring Moon|Protect\n|move|p2b: Flutter Mane|Dazzling Gleam|p1b: Roaring Moon|[spread] p1a\n|-activate|p1b: Roaring Moon|move: Protect\n|-supereffective|p1a: Ting-Lu\n|-damage|p1a: Ting-Lu|53\/100\n|move|p2a: Wo-Chien|Leech Seed|p1a: Ting-Lu\n|-start|p1a: Ting-Lu|move: Leech Seed\n|move|p1a: Ting-Lu|Heavy Slam|p2b: Flutter Mane\n|-supereffective|p2b: Flutter Mane\n|-damage|p2b: Flutter Mane|9\/100\n|\n|-damage|p1a: Ting-Lu|41\/100|[from] Leech Seed|[of] p2a: Wo-Chien\n|upkeep\n|turn|2\n|inactive|elgervax has 30 seconds left.\n|\n|t:|1682006734\n|switch|p1a: Amoonguss|Amoonguss, L50, F|100\/100\n|-terastallize|p1b: Roaring Moon|Flying\n|move|p2b: Flutter Mane|Dazzling Gleam|p1a: Amoonguss|[spread] p1a,p1b\n|-resisted|p1a: Amoonguss\n|-damage|p1a: Amoonguss|80\/100\n|-damage|p1b: Roaring Moon|40\/100\n|move|p1b: Roaring Moon|Acrobatics|p2b: Flutter Mane\n|-damage|p2b: Flutter Mane|0 fnt\n|faint|p2b: Flutter Mane\n|-end|p2b: Flutter Mane|Protosynthesis|[silent]\n|move|p2a: Wo-Chien|Leech Seed|p1b: Roaring Moon\n|-start|p1b: Roaring Moon|move: Leech Seed\n|\n|-damage|p1b: Roaring Moon|28\/100|[from] Leech Seed|[of] p2a: Wo-Chien\n|upkeep\n|\n|t:|1682006751\n|switch|p2b: Tyranitar|Tyranitar, L50, M|100\/100\n|-weather|Sandstorm|[from] ability: Sand Stream|[of] p2b: Tyranitar\n|turn|3\n|\n|t:|1682006775\n|move|p1b: Roaring Moon|Acrobatics|p2a: Wo-Chien\n|-supereffective|p2a: Wo-Chien\n|-damage|p2a: Wo-Chien|0 fnt\n|faint|p2a: Wo-Chien\n|move|p2b: Tyranitar|Rock Slide|p1a: Amoonguss|[spread] p1a,p1b\n|-supereffective|p1b: Roaring Moon\n|-damage|p1a: Amoonguss|44\/100\n|-damage|p1b: Roaring Moon|0 fnt\n|-enditem|p1a: Amoonguss|Sitrus Berry|[eat]\n|-heal|p1a: Amoonguss|69\/100|[from] item: Sitrus Berry\n|faint|p1b: Roaring Moon\n|-end|p1b: Roaring Moon|Protosynthesis|[silent]\n|cant|p1a: Amoonguss|flinch\n|\n|-weather|Sandstorm|[upkeep]\n|-damage|p1a: Amoonguss|63\/100|[from] Sandstorm\n|upkeep\n|\n|t:|1682006795\n|switch|p1b: Ting-Lu|Ting-Lu, L50|41\/100\n|switch|p2a: Arcanine|Arcanine, L50, M|100\/100\n|-ability|p2a: Arcanine|Intimidate|boost\n|-unboost|p1a: Amoonguss|atk|1\n|-unboost|p1b: Ting-Lu|atk|1\n|-ability|p1b: Ting-Lu|Vessel of Ruin\n|turn|4\n|\n|t:|1682006817\n|move|p2a: Arcanine|Howl|p2a: Arcanine|[spread] p2a,p2b\n|-boost|p2a: Arcanine|atk|1\n|-boost|p2b: Tyranitar|atk|1\n|move|p2b: Tyranitar|Rock Slide|p1b: Ting-Lu|[spread] p1a,p1b\n|-resisted|p1b: Ting-Lu\n|-damage|p1a: Amoonguss|7\/100\n|-damage|p1b: Ting-Lu|28\/100\n|move|p1b: Ting-Lu|Sand Tomb|p2a: Arcanine\n|-supereffective|p2a: Arcanine\n|-damage|p2a: Arcanine|75\/100\n|-activate|p2a: Arcanine|move: Sand Tomb|[of] p1b: Ting-Lu\n|move|p1a: Amoonguss|Pollen Puff|p1b: Ting-Lu\n|-heal|p1b: Ting-Lu|78\/100\n|\n|-weather|Sandstorm|[upkeep]\n|-damage|p1a: Amoonguss|1\/100|[from] Sandstorm\n|-damage|p2a: Arcanine|63\/100|[from] move: Sand Tomb|[partiallytrapped]\n|upkeep\n|turn|5\n|\n|t:|1682006839\n|move|p2a: Arcanine|Howl|p2a: Arcanine|[spread] p2a,p2b\n|-boost|p2a: Arcanine|atk|1\n|-boost|p2b: Tyranitar|atk|1\n|move|p2b: Tyranitar|Rock Slide|p1a: Amoonguss|[spread] p1a,p1b\n|-resisted|p1b: Ting-Lu\n|-damage|p1a: Amoonguss|0 fnt\n|-damage|p1b: Ting-Lu|60\/100\n|faint|p1a: Amoonguss\n|move|p1b: Ting-Lu|Sand Tomb|p2b: Tyranitar\n|-supereffective|p2b: Tyranitar\n|-damage|p2b: Tyranitar|82\/100\n|-activate|p2b: Tyranitar|move: Sand Tomb|[of] p1b: Ting-Lu\n|\n|-weather|Sandstorm|[upkeep]\n|-damage|p2a: Arcanine|50\/100|[from] move: Sand Tomb|[partiallytrapped]\n|-damage|p2b: Tyranitar|69\/100|[from] move: Sand Tomb|[partiallytrapped]\n|upkeep\n|\n|t:|1682006853\n|switch|p1a: Flutter Mane|Flutter Mane, L50|100\/100\n|turn|6\n|\n|t:|1682006865\n|move|p2a: Arcanine|Protect|p2a: Arcanine\n|-singleturn|p2a: Arcanine|Protect\n|move|p1a: Flutter Mane|Moonblast|p2b: Tyranitar\n|-supereffective|p2b: Tyranitar\n|-damage|p2b: Tyranitar|22\/100\n|-unboost|p2b: Tyranitar|spa|1\n|move|p2b: Tyranitar|Crunch|p1a: Flutter Mane\n|-damage|p1a: Flutter Mane|0 fnt\n|faint|p1a: Flutter Mane\n|-end|p1a: Flutter Mane|Protosynthesis|[silent]\n|move|p1b: Ting-Lu|Stomping Tantrum|p2b: Tyranitar\n|-supereffective|p2b: Tyranitar\n|-damage|p2b: Tyranitar|0 fnt\n|faint|p2b: Tyranitar\n|\n|-weather|Sandstorm|[upkeep]\n|-damage|p2a: Arcanine|38\/100|[from] move: Sand Tomb|[partiallytrapped]\n|upkeep\n|turn|7\n|\n|t:|1682006884\n|move|p2a: Arcanine|Flare Blitz|p1b: Ting-Lu\n|-damage|p1b: Ting-Lu|0 fnt\n|faint|p1b: Ting-Lu\n|-damage|p2a: Arcanine|12\/100|[from] Recoil\n|\n|win|Infinider\n|raw|elgervax's rating: 1176 → 1149<\/strong> (-27 for losing)\n|raw|Infinider's rating: 1151 → 1178<\/strong> (+27 for winning)\n|l|\u2606Infinider\n","uploadtime":1682006897,"views":8,"p1id":"elgervax","p2id":"infinider","formatid":"gen9vgc2023regulationc","rating":1149,"private":0,"password":""}