{"id":"gen9vgc2023regulationc-1860136253","p1":"wiitarded","p2":"m175128050523","format":"[Gen 9] VGC 2023 Regulation C","log":"|j|\u2606wiitarded\n|j|\u2606m175128050523\n|t:|1683599565\n|gametype|doubles\n|player|p1|wiitarded|102|1061\n|player|p2|m175128050523|silver|1000\n|teamsize|p1|6\n|teamsize|p2|6\n|gen|9\n|tier|[Gen 9] VGC 2023 Regulation C\n|rated|\n|rule|Species Clause: Limit one of each Pok\u00e9mon\n|rule|Item Clause: Limit one of each item\n|clearpoke\n|poke|p1|Sylveon, L50, F|\n|poke|p1|Gholdengo, L50|\n|poke|p1|Garganacl, L50, M|\n|poke|p1|Garchomp, L50, M|\n|poke|p1|Amoonguss, L50, M|\n|poke|p1|Palafin, L50, M|\n|poke|p2|Chien-Pao, L50|\n|poke|p2|Dragonite, L50, M|\n|poke|p2|Palafin, L50, M|\n|poke|p2|Arcanine, L50, M|\n|poke|p2|Amoonguss, L50, M|\n|poke|p2|Iron Hands, L50|\n|teampreview|4\nm175128050523 has agreed to open team sheets.\n|inactive|Battle timer is ON: inactive players will automatically lose when time's up. (requested by m175128050523)\n|\n|t:|1683599593\n|start\n|switch|p1a: Garchomp|Garchomp, L50, M|100\/100\n|switch|p1b: Sylveon|Sylveon, L50, F|100\/100\n|switch|p2a: Chien-Pao|Chien-Pao, L50|100\/100\n|switch|p2b: Palafin|Palafin, L50, M|100\/100\n|-ability|p2a: Chien-Pao|Sword of Ruin\n|turn|1\n|inactive|wiitarded has 30 seconds left.\n|\n|t:|1683599628\n|switch|p2a: Arcanine|Arcanine, L50, M|100\/100\n|-ability|p2a: Arcanine|Intimidate|boost\n|-unboost|p1a: Garchomp|atk|1\n|-unboost|p1b: Sylveon|atk|1\n|move|p2b: Palafin|Protect|p2b: Palafin\n|-singleturn|p2b: Palafin|Protect\n|move|p1a: Garchomp|Rock Slide|p2a: Arcanine|[spread] p2a\n|-activate|p2b: Palafin|move: Protect\n|-supereffective|p2a: Arcanine\n|-damage|p2a: Arcanine|74\/100\n|move|p1b: Sylveon|Hyper Voice|p2a: Arcanine|[spread] p2a\n|-activate|p2b: Palafin|move: Protect\n|-resisted|p2a: Arcanine\n|-damage|p2a: Arcanine|58\/100\n|-enditem|p1b: Sylveon|Throat Spray\n|-boost|p1b: Sylveon|spa|1|[from] item: Throat Spray\n|\n|upkeep\n|turn|2\n|inactive|wiitarded has 30 seconds left.\n|\n|t:|1683599655\n|detailschange|p2b: Palafin|Palafin-Hero, L50, M\n|switch|p2b: Iron Hands|Iron Hands, L50|100\/100\n|move|p1a: Garchomp|Earthquake|p2b: Iron Hands|[spread] p1b,p2a,p2b\n|-supereffective|p2a: Arcanine\n|-supereffective|p2b: Iron Hands\n|-damage|p1b: Sylveon|72\/100\n|-damage|p2a: Arcanine|9\/100\n|-damage|p2b: Iron Hands|71\/100\n|-enditem|p2a: Arcanine|Aguav Berry|[eat]\n|-heal|p2a: Arcanine|42\/100|[from] item: Aguav Berry\n|move|p2a: Arcanine|Snarl|p1a: Garchomp|[spread] p1a,p1b\n|-resisted|p1b: Sylveon\n|-damage|p1a: Garchomp|92\/100\n|-damage|p1b: Sylveon|69\/100\n|-unboost|p1a: Garchomp|spa|1\n|-unboost|p1b: Sylveon|spa|1\n|move|p1b: Sylveon|Hyper Voice|p2a: Arcanine|[spread] p2a,p2b\n|-resisted|p2a: Arcanine\n|-supereffective|p2b: Iron Hands\n|-damage|p2a: Arcanine|27\/100\n|-damage|p2b: Iron Hands|24\/100\n|\n|upkeep\n|turn|3\n|inactive|m175128050523 has 30 seconds left.\n|\n|t:|1683599681\n|move|p2b: Iron Hands|Fake Out|p1a: Garchomp\n|-damage|p1a: Garchomp|76\/100\n|-damage|p2b: Iron Hands|12\/100|[from] ability: Rough Skin|[of] p1a: Garchomp\n|cant|p1a: Garchomp|flinch\n|move|p2a: Arcanine|Snarl|p1a: Garchomp|[spread] p1a,p1b\n|-resisted|p1b: Sylveon\n|-damage|p1a: Garchomp|67\/100\n|-damage|p1b: Sylveon|66\/100\n|-unboost|p1a: Garchomp|spa|1\n|-unboost|p1b: Sylveon|spa|1\n|move|p1b: Sylveon|Hyper Voice|p2a: Arcanine|[spread] p2a,p2b\n|-resisted|p2a: Arcanine\n|-supereffective|p2b: Iron Hands\n|-damage|p2a: Arcanine|17\/100\n|-damage|p2b: Iron Hands|0 fnt\n|faint|p2b: Iron Hands\n|-end|p2b: Iron Hands|Quark Drive|[silent]\n|\n|upkeep\n|\n|t:|1683599699\n|switch|p2b: Chien-Pao|Chien-Pao, L50|100\/100\n|-ability|p2b: Chien-Pao|Sword of Ruin\n|turn|4\n|\n|t:|1683599716\n|move|p2b: Chien-Pao|Ice Spinner|p1a: Garchomp\n|-supereffective|p1a: Garchomp\n|-damage|p1a: Garchomp|0 fnt\n|-damage|p2b: Chien-Pao|88\/100|[from] ability: Rough Skin|[of] p1a: Garchomp\n|faint|p1a: Garchomp\n|move|p2a: Arcanine|Flare Blitz|p1b: Sylveon\n|-crit|p1b: Sylveon\n|-damage|p1b: Sylveon|0 fnt\n|faint|p1b: Sylveon\n|-damage|p2a: Arcanine|0 fnt|[from] Recoil\n|faint|p2a: Arcanine\n|\n|upkeep\n|\n|t:|1683599727\n|switch|p1a: Palafin|Palafin, L50, M|100\/100\n|switch|p2a: Palafin|Palafin-Hero, L50, M|100\/100\n|switch|p1b: Amoonguss|Amoonguss, L50, M|100\/100\n|-activate|p2a: Palafin|ability: Zero to Hero\n|turn|5\n|inactive|wiitarded has 30 seconds left.\n|\n|t:|1683599755\n|-terastallize|p2a: Palafin|Water\n|move|p2b: Chien-Pao|Ice Spinner|p1b: Amoonguss\n|-supereffective|p1b: Amoonguss\n|-damage|p1b: Amoonguss|10\/100\n|move|p2a: Palafin|Wave Crash|p1b: Amoonguss\n|-resisted|p1b: Amoonguss\n|-damage|p1b: Amoonguss|0 fnt\n|faint|p1b: Amoonguss\n|-damage|p2a: Palafin|96\/100|[from] Recoil\n|move|p1a: Palafin|Wave Crash|p2b: Chien-Pao\n|-damage|p2b: Chien-Pao|11\/100\n|-damage|p1a: Palafin|80\/100|[from] Recoil\n|\n|upkeep\n|turn|6\n|-message|wiitarded forfeited.\n|\n|win|m175128050523\n|raw|wiitarded's rating: 1061 → 1039<\/strong> (-22 for losing)\n|raw|m175128050523's rating: 1000 → 1047<\/strong> (+47 for winning)\n|l|\u2606wiitarded\n","uploadtime":1683599772,"views":2,"p1id":"wiitarded","p2id":"m175128050523","formatid":"gen9vgc2023regulationc","rating":1039,"private":0,"password":""}