{"id":"gen9vgc2023regulationc-1855457768","p1":"paddokweker3b","p2":"Nauticles","format":"[Gen 9] VGC 2023 Regulation C","log":"|j|\u2606paddokweker3b\n|j|\u203dNauticles\n|t:|1682953262\n|gametype|doubles\n|player|p1|paddokweker3b|clown|1008\n|player|p2|Nauticles|102|1000\n|teamsize|p1|6\n|teamsize|p2|6\n|gen|9\n|tier|[Gen 9] VGC 2023 Regulation C\n|rated|\n|rule|Species Clause: Limit one of each Pok\u00e9mon\n|rule|Item Clause: Limit one of each item\n|clearpoke\n|poke|p1|Greedent, L50, F|\n|poke|p1|Flamigo, L50, F|\n|poke|p1|Iron Hands, L50|\n|poke|p1|Ting-Lu, L50|\n|poke|p1|Toxapex, L50, F|\n|poke|p1|Flutter Mane, L50|\n|poke|p2|Meowscarada, L50, F|\n|poke|p2|Armarouge, L50, M|\n|poke|p2|Indeedee-F, L50, F|\n|poke|p2|Flamigo, L50, M|\n|poke|p2|Chi-Yu, L50|\n|poke|p2|Amoonguss, L50, F|\n|teampreview|4\n|inactive|Battle timer is ON: inactive players will automatically lose when time's up. (requested by Nauticles)\n|\n|t:|1682953292\n|start\n|switch|p1a: Flutter Mane|Flutter Mane, L50|100\/100\n|switch|p1b: Greedent|Greedent, L50, F|100\/100\n|switch|p2a: Meowscarada|Meowscarada, L50, F|100\/100\n|switch|p2b: Armarouge|Armarouge, L50, M|100\/100\n|turn|1\n|\n|t:|1682953316\n|-terastallize|p2b: Armarouge|Psychic\n|move|p2a: Meowscarada|U-turn|p2b: Armarouge\n|-supereffective|p2b: Armarouge\n|-damage|p2b: Armarouge|54\/100\n|-ability|p2b: Armarouge|Weak Armor|boost\n|-unboost|p2b: Armarouge|def|1\n|-boost|p2b: Armarouge|spe|2\n|-enditem|p2b: Armarouge|Weakness Policy\n|-boost|p2b: Armarouge|atk|2|[from] item: Weakness Policy\n|-boost|p2b: Armarouge|spa|2|[from] item: Weakness Policy\n|\n|t:|1682953325\n|switch|p2a: Indeedee|Indeedee-F, L50, F|100\/100|[from] U-turn\n|-fieldstart|move: Psychic Terrain|[from] ability: Psychic Surge|[of] p2a: Indeedee\n|move|p2b: Armarouge|Expanding Force|p1a: Flutter Mane|[spread] p1a,p1b\n|-enditem|p1a: Flutter Mane|Focus Sash\n|-damage|p1a: Flutter Mane|1\/100\n|-damage|p1b: Greedent|0 fnt\n|faint|p1b: Greedent\n|move|p1a: Flutter Mane|Dazzling Gleam|p2a: Indeedee|[spread] p2a,p2b\n|-damage|p2a: Indeedee|67\/100\n|-damage|p2b: Armarouge|20\/100\n|\n|upkeep\n|\n|t:|1682953337\n|switch|p1b: Ting-Lu|Ting-Lu, L50|100\/100\n|-ability|p1b: Ting-Lu|Vessel of Ruin\n|turn|2\n|\n|t:|1682953354\n|move|p2b: Armarouge|Protect|p2b: Armarouge\n|-singleturn|p2b: Armarouge|Protect\n|move|p2a: Indeedee|Psych Up|p2b: Armarouge\n|-copyboost|p2a: Indeedee|p2b: Armarouge|[from] move: Psych Up\n|move|p1b: Ting-Lu|Heavy Slam|p2b: Armarouge\n|-activate|p2b: Armarouge|move: Protect\n|move|p1a: Flutter Mane|Trick Room|p1a: Flutter Mane\n|-fieldstart|move: Trick Room|[of] p1a: Flutter Mane\n|\n|upkeep\n|turn|3\n|\n|t:|1682953373\n|move|p1b: Ting-Lu|Fissure|p2a: Indeedee|[miss]\n|-miss|p1b: Ting-Lu|p2a: Indeedee\n|move|p1a: Flutter Mane|Shadow Ball|p2b: Armarouge\n|-supereffective|p2b: Armarouge\n|-damage|p2b: Armarouge|0 fnt\n|faint|p2b: Armarouge\n|move|p2a: Indeedee|Dazzling Gleam|p1b: Ting-Lu|[spread] p1a,p1b\n|-supereffective|p1b: Ting-Lu\n|-damage|p1a: Flutter Mane|0 fnt\n|-damage|p1b: Ting-Lu|66\/100\n|faint|p1a: Flutter Mane\n|-end|p1a: Flutter Mane|Protosynthesis|[silent]\n|\n|-heal|p1b: Ting-Lu|72\/100|[from] item: Leftovers\n|upkeep\n|\n|t:|1682953386\n|switch|p2b: Flamigo|Flamigo, L50, M|100\/100\n|switch|p1a: Toxapex|Toxapex, L50, F|100\/100\n|-copyboost|p2b: Flamigo|p2a: Indeedee|[from] ability: Costar\n|-enditem|p2b: Flamigo|Psychic Seed\n|-boost|p2b: Flamigo|spd|1|[from] item: Psychic Seed\n|turn|4\n|inactive|paddokweker3b has 30 seconds left.\n|inactive|paddokweker3b has 20 seconds left.\n|inactive|paddokweker3b has 15 seconds left.\n|\n|t:|1682953427\n|move|p1a: Toxapex|Baneful Bunker|p1a: Toxapex\n|-singleturn|p1a: Toxapex|move: Protect\n|move|p1b: Ting-Lu|Stomping Tantrum|p2a: Indeedee\n|-damage|p2a: Indeedee|0 fnt\n|faint|p2a: Indeedee\n|move|p2b: Flamigo|Close Combat|p1b: Ting-Lu\n|-supereffective|p1b: Ting-Lu\n|-damage|p1b: Ting-Lu|0 fnt\n|-unboost|p2b: Flamigo|def|1\n|-unboost|p2b: Flamigo|spd|1\n|faint|p1b: Ting-Lu\n|\n|upkeep\n|\n|t:|1682953434\n|switch|p2a: Meowscarada|Meowscarada, L50, F|100\/100\n|turn|5\n|\n|t:|1682953445\n|move|p1a: Toxapex|Chilling Water|p2b: Flamigo\n|-damage|p2b: Flamigo|83\/100\n|-unboost|p2b: Flamigo|atk|1\n|move|p2a: Meowscarada|Flower Trick|p1a: Toxapex\n|-crit|p1a: Toxapex\n|-damage|p1a: Toxapex|69\/100\n|move|p2b: Flamigo|Acrobatics|p1a: Toxapex\n|-damage|p1a: Toxapex|18\/100\n|\n|-heal|p1a: Toxapex|24\/100|[from] item: Black Sludge\n|upkeep\n|turn|6\n|\n|t:|1682953457\n|move|p1a: Toxapex|Baneful Bunker|p1a: Toxapex\n|-singleturn|p1a: Toxapex|move: Protect\n|move|p2a: Meowscarada|Flower Trick|p1a: Toxapex\n|-activate|p1a: Toxapex|move: Protect\n|move|p2b: Flamigo|Acrobatics|p1a: Toxapex\n|-activate|p1a: Toxapex|move: Protect\n|-status|p2b: Flamigo|psn\n|\n|-heal|p1a: Toxapex|30\/100|[from] item: Black Sludge\n|-damage|p2b: Flamigo|71\/100 psn|[from] psn\n|-fieldend|move: Trick Room\n|upkeep\n|turn|7\n|\n|t:|1682953479\n|move|p2b: Flamigo|Acrobatics|p1a: Toxapex\n|-damage|p1a: Toxapex|0 fnt\n|faint|p1a: Toxapex\n|\n|win|Nauticles\n|raw|paddokweker3b's rating: 1008 → 1000<\/strong> (-8 for losing)\n|raw|Nauticles's rating: 1000 → 1041<\/strong> (+41 for winning)\n","uploadtime":1682953485,"views":18,"p1id":"paddokweker3b","p2id":"nauticles","formatid":"gen9vgc2023regulationc","rating":1000,"private":0,"password":""}