{"id":"gen9vgc2023regulationc-1853276723","p1":"PkmnTrainerJaavy","p2":"snoozevgc","format":"[Gen 9] VGC 2023 Regulation C","log":"|j|\u2606PkmnTrainerJaavy\n|j|\u2606snoozevgc\n|t:|1682659426\n|gametype|doubles\n|player|p1|PkmnTrainerJaavy|dawn|1512\n|player|p2|snoozevgc|2|1517\n|teamsize|p1|6\n|teamsize|p2|6\n|gen|9\n|tier|[Gen 9] VGC 2023 Regulation C\n|rated|\n|rule|Species Clause: Limit one of each Pok\u00e9mon\n|rule|Item Clause: Limit one of each item\n|clearpoke\n|poke|p1|Glimmora, L50, M|\n|poke|p1|Gyarados, L50, M|\n|poke|p1|Ting-Lu, L50|\n|poke|p1|Chi-Yu, L50|\n|poke|p1|Flutter Mane, L50|\n|poke|p1|Lucario, L50, M|\n|poke|p2|Lilligant, L50, F|\n|poke|p2|Torkoal, L50, F|\n|poke|p2|Flutter Mane, L50|\n|poke|p2|Kingambit, L50, F|\n|poke|p2|Dragonite, L50, F|\n|poke|p2|Great Tusk, L50|\n|teampreview|4\n|inactive|Battle timer is ON: inactive players will automatically lose when time's up. (requested by snoozevgc)\n|inactive|snoozevgc has 60 seconds left.\n|\n|t:|1682659465\n|start\n|switch|p1a: Ting-Lu|Ting-Lu, L50|100\/100\n|switch|p1b: Glimmora|Glimmora, L50, M, shiny|100\/100\n|switch|p2a: Great Tusk|Great Tusk, L50|100\/100\n|switch|p2b: Dragonite|Dragonite, L50, F|100\/100\n|-ability|p1a: Ting-Lu|Vessel of Ruin\n|turn|1\n|inactive|PkmnTrainerJaavy has 30 seconds left.\n|inactive|snoozevgc has 30 seconds left.\n|\n|t:|1682659501\n|move|p2a: Great Tusk|Earthquake|p1a: Ting-Lu|[spread] p1a,p1b\n|-immune|p2b: Dragonite\n|-supereffective|p1b: Glimmora\n|-damage|p1a: Ting-Lu|76\/100\n|-enditem|p1b: Glimmora|Focus Sash\n|-damage|p1b: Glimmora|1\/100\n|-activate|p1b: Glimmora|ability: Toxic Debris\n|-sidestart|p2: snoozevgc|move: Toxic Spikes\n|move|p1b: Glimmora|Stealth Rock|p2a: Great Tusk\n|-sidestart|p2: snoozevgc|move: Stealth Rock\n|move|p2b: Dragonite|Ice Spinner|p1a: Ting-Lu\n|-supereffective|p1a: Ting-Lu\n|-damage|p1a: Ting-Lu|43\/100\n|move|p1a: Ting-Lu|Ruination|p2b: Dragonite\n|-damage|p2b: Dragonite|51\/100\n|\n|-heal|p1a: Ting-Lu|49\/100|[from] item: Leftovers\n|upkeep\n|turn|2\n|\n|t:|1682659523\n|move|p1a: Ting-Lu|Protect|p1a: Ting-Lu\n|-singleturn|p1a: Ting-Lu|Protect\n|move|p2a: Great Tusk|Earthquake|p1b: Glimmora|[spread] p1b\n|-activate|p1a: Ting-Lu|move: Protect\n|-immune|p2b: Dragonite\n|-supereffective|p1b: Glimmora\n|-damage|p1b: Glimmora|0 fnt\n|-activate|p1b: Glimmora|ability: Toxic Debris\n|-sidestart|p2: snoozevgc|move: Toxic Spikes\n|faint|p1b: Glimmora\n|move|p2b: Dragonite|Ice Spinner|p1a: Ting-Lu\n|-activate|p1a: Ting-Lu|move: Protect\n|\n|-heal|p1a: Ting-Lu|55\/100|[from] item: Leftovers\n|upkeep\n|\n|t:|1682659530\n|switch|p1b: Flutter Mane|Flutter Mane, L50|100\/100\n|-enditem|p1b: Flutter Mane|Booster Energy\n|-activate|p1b: Flutter Mane|ability: Protosynthesis|[fromitem]\n|-start|p1b: Flutter Mane|protosynthesisspe\n|turn|3\n|inactive|snoozevgc has 30 seconds left.\n|\n|t:|1682659555\n|-terastallize|p1b: Flutter Mane|Fairy\n|-terastallize|p2a: Great Tusk|Fire\n|move|p1b: Flutter Mane|Dazzling Gleam|p2a: Great Tusk|[spread] p2a,p2b\n|-resisted|p2a: Great Tusk\n|-supereffective|p2b: Dragonite\n|-damage|p2a: Great Tusk|77\/100\n|-damage|p2b: Dragonite|0 fnt\n|faint|p2b: Dragonite\n|move|p2a: Great Tusk|Earthquake|p1a: Ting-Lu|[spread] p1a,p1b\n|-damage|p1a: Ting-Lu|33\/100\n|-damage|p1b: Flutter Mane|13\/100\n|move|p1a: Ting-Lu|Stomping Tantrum|p2a: Great Tusk\n|-supereffective|p2a: Great Tusk\n|-damage|p2a: Great Tusk|26\/100\n|\n|-heal|p1a: Ting-Lu|39\/100|[from] item: Leftovers\n|upkeep\n|\n|t:|1682659568\n|switch|p2b: Kingambit|Kingambit, L50, F, shiny|100\/100\n|-damage|p2b: Kingambit|95\/100|[from] Stealth Rock\n|turn|4\n|\n|t:|1682659585\n|-end|p2a: Great Tusk|Protosynthesis|[silent]\n|switch|p2a: Flutter Mane|Flutter Mane, L50, shiny|100\/100\n|-status|p2a: Flutter Mane|tox\n|-damage|p2a: Flutter Mane|89\/100 tox|[from] Stealth Rock\n|move|p1a: Ting-Lu|Protect|p1a: Ting-Lu\n|-singleturn|p1a: Ting-Lu|Protect\n|move|p2b: Kingambit|Sucker Punch|p1b: Flutter Mane\n|-resisted|p1b: Flutter Mane\n|-damage|p1b: Flutter Mane|0 fnt\n|faint|p1b: Flutter Mane\n|-end|p1b: Flutter Mane|Protosynthesis|[silent]\n|\n|-heal|p1a: Ting-Lu|45\/100|[from] item: Leftovers\n|-damage|p2a: Flutter Mane|83\/100 tox|[from] psn\n|upkeep\n|\n|t:|1682659591\n|switch|p1b: Lucario|Lucario, L50, M|100\/100\n|turn|5\n|\n|t:|1682659602\n|move|p1b: Lucario|Bullet Punch|p2a: Flutter Mane\n|-supereffective|p2a: Flutter Mane\n|-damage|p2a: Flutter Mane|0 fnt\n|faint|p2a: Flutter Mane\n|-end|p2a: Flutter Mane|Protosynthesis|[silent]\n|-damage|p1b: Lucario|91\/100|[from] item: Life Orb\n|move|p2b: Kingambit|Iron Head|p1a: Ting-Lu\n|-damage|p1a: Ting-Lu|19\/100\n|move|p1a: Ting-Lu|Stomping Tantrum|p2b: Kingambit\n|-supereffective|p2b: Kingambit\n|-crit|p2b: Kingambit\n|-damage|p2b: Kingambit|16\/100\n|\n|-heal|p1a: Ting-Lu|25\/100|[from] item: Leftovers\n|upkeep\n|\n|t:|1682659604\n|switch|p2a: Great Tusk|Great Tusk, L50, tera:Fire|26\/100\n|-status|p2a: Great Tusk|tox\n|-damage|p2a: Great Tusk|2\/100 tox|[from] Stealth Rock\n|turn|6\n|\n|t:|1682659611\n|move|p1b: Lucario|Detect|p1b: Lucario\n|-singleturn|p1b: Lucario|Protect\n|move|p1a: Ting-Lu|Protect|p1a: Ting-Lu\n|-singleturn|p1a: Ting-Lu|Protect\n|move|p2a: Great Tusk|Earthquake|p1b: Lucario|[spread] p2b\n|-activate|p1a: Ting-Lu|move: Protect\n|-activate|p1b: Lucario|move: Protect\n|-supereffective|p2b: Kingambit\n|-damage|p2b: Kingambit|0 fnt\n|faint|p2b: Kingambit\n|\n|-heal|p1a: Ting-Lu|31\/100|[from] item: Leftovers\n|-damage|p2a: Great Tusk|0 fnt|[from] psn\n|faint|p2a: Great Tusk\n|-end|p2a: Great Tusk|Protosynthesis|[silent]\n|\n|win|PkmnTrainerJaavy\n|upkeep\n|raw|PkmnTrainerJaavy's rating: 1512 → 1532<\/strong> (+20 for winning)\n|raw|snoozevgc's rating: 1517 → 1497<\/strong> (-20 for losing)\n|l|\u2606PkmnTrainerJaavy\n","uploadtime":1682659615,"views":5,"p1id":"pkmntrainerjaavy","p2id":"snoozevgc","formatid":"gen9vgc2023regulationc","rating":1497,"private":0,"password":""}