{"id":"gen9vgc2023regulationc-1849866831","p1":"zhaozhengxue","p2":"Laithani","format":"[Gen 9] VGC 2023 Regulation C","log":"|j|\u2606zhaozhengxue\n|j|\u2606Laithani\n|t:|1682262370\n|gametype|doubles\n|player|p1|zhaozhengxue|2|1062\n|player|p2|Laithani|169|1082\n|teamsize|p1|6\n|teamsize|p2|6\n|gen|9\n|tier|[Gen 9] VGC 2023 Regulation C\n|rated|\n|rule|Species Clause: Limit one of each Pok\u00e9mon\n|rule|Item Clause: Limit one of each item\n|clearpoke\n|poke|p1|Iron Bundle, L50|\n|poke|p1|Baxcalibur, L50, M|\n|poke|p1|Slowking, L50, M|\n|poke|p1|Lokix, L50, M|\n|poke|p1|Flutter Mane, L50|\n|poke|p1|Chien-Pao, L50|\n|poke|p2|Goodra, L50, F|\n|poke|p2|Vaporeon, L50, M|\n|poke|p2|Arcanine, L50, F|\n|poke|p2|Toxapex, L50, F|\n|poke|p2|Tyranitar, L50, M|\n|poke|p2|Lycanroc, L50, F|\n|teampreview|4\n|inactive|Battle timer is ON: inactive players will automatically lose when time's up. (requested by Laithani)\nLaithani rejected open team sheets.\n|\n|t:|1682262413\n|start\n|switch|p1a: Chien-Pao|Chien-Pao, L50|100\/100\n|switch|p1b: Lokix|Lokix, L50, M|100\/100\n|switch|p2a: Tyranitar|Tyranitar, L50, M|100\/100\n|switch|p2b: Lycanroc|Lycanroc, L50, F|100\/100\n|-ability|p1a: Chien-Pao|Sword of Ruin\n|-weather|Sandstorm|[from] ability: Sand Stream|[of] p2a: Tyranitar\n|turn|1\n|inactive|zhaozhengxue has 30 seconds left.\n|\n|t:|1682262446\n|-terastallize|p2b: Lycanroc|Rock\n|-terastallize|p1a: Chien-Pao|Dark\n|move|p2a: Tyranitar|Helping Hand|p2b: Lycanroc\n|-singleturn|p2b: Lycanroc|Helping Hand|[of] p2a: Tyranitar\n|move|p1b: Lokix|First Impression|p2b: Lycanroc\n|-enditem|p2b: Lycanroc|Focus Sash\n|-damage|p2b: Lycanroc|1\/100\n|move|p2b: Lycanroc|Rock Slide|p1a: Chien-Pao|[spread] p1a,p1b\n|-supereffective|p1b: Lokix\n|-damage|p1a: Chien-Pao|17\/100\n|-damage|p1b: Lokix|0 fnt\n|faint|p1b: Lokix\n|cant|p1a: Chien-Pao|flinch\n|\n|-weather|Sandstorm|[upkeep]\n|-damage|p1a: Chien-Pao|11\/100|[from] Sandstorm\n|upkeep\n|\n|t:|1682262464\n|switch|p1b: Flutter Mane|Flutter Mane, L50|100\/100\n|-enditem|p1b: Flutter Mane|Booster Energy\n|-activate|p1b: Flutter Mane|ability: Protosynthesis|[fromitem]\n|-start|p1b: Flutter Mane|protosynthesisspa\n|turn|2\n|\n|t:|1682262475\n|move|p2b: Lycanroc|Protect|p2b: Lycanroc\n|-singleturn|p2b: Lycanroc|Protect\n|move|p1a: Chien-Pao|Protect|p1a: Chien-Pao\n|-singleturn|p1a: Chien-Pao|Protect\n|move|p1b: Flutter Mane|Dazzling Gleam|p2a: Tyranitar|[spread] p2a\n|-activate|p2b: Lycanroc|move: Protect\n|-supereffective|p2a: Tyranitar\n|-damage|p2a: Tyranitar|45\/100\n|move|p2a: Tyranitar|Rock Slide|p1b: Flutter Mane|[spread] \n|-activate|p1a: Chien-Pao|move: Protect\n|-miss|p2a: Tyranitar|p1b: Flutter Mane\n|\n|-weather|Sandstorm|[upkeep]\n|-damage|p1a: Chien-Pao|5\/100|[from] Sandstorm\n|-damage|p1b: Flutter Mane|94\/100|[from] Sandstorm\n|upkeep\n|turn|3\n|inactive|zhaozhengxue has 30 seconds left.\n|\n|t:|1682262503\n|switch|p2b: Arcanine|Arcanine, L50, F|100\/100\n|-ability|p2b: Arcanine|Intimidate|boost\n|-unboost|p1a: Chien-Pao|atk|1\n|-unboost|p1b: Flutter Mane|atk|1\n|switch|p2a: Toxapex|Toxapex, L50, F|100\/100\n|move|p1a: Chien-Pao|Crunch|p2a: Toxapex\n|-damage|p2a: Toxapex|71\/100\n|-unboost|p2a: Toxapex|def|1\n|move|p1b: Flutter Mane|Dazzling Gleam|p2b: Arcanine|[spread] p2a,p2b\n|-resisted|p2a: Toxapex\n|-resisted|p2b: Arcanine\n|-damage|p2a: Toxapex|52\/100\n|-damage|p2b: Arcanine|75\/100\n|\n|-weather|Sandstorm|[upkeep]\n|-damage|p1a: Chien-Pao|0 fnt|[from] Sandstorm\n|-damage|p1b: Flutter Mane|88\/100|[from] Sandstorm\n|-damage|p2a: Toxapex|46\/100|[from] Sandstorm\n|faint|p1a: Chien-Pao\n|-heal|p2a: Toxapex|52\/100|[from] item: Leftovers\n|upkeep\n|\n|t:|1682262520\n|switch|p1a: Iron Bundle|Iron Bundle, L50|100\/100\n|turn|4\n|\n|t:|1682262528\n|move|p2b: Arcanine|Protect|p2b: Arcanine\n|-singleturn|p2b: Arcanine|Protect\n|move|p1a: Iron Bundle|Hydro Pump|p2b: Arcanine\n|-activate|p2b: Arcanine|move: Protect\n|move|p1b: Flutter Mane|Shadow Ball|p2a: Toxapex\n|-damage|p2a: Toxapex|2\/100\n|move|p2a: Toxapex|Recover|p2a: Toxapex\n|-heal|p2a: Toxapex|53\/100\n|\n|-weather|Sandstorm|[upkeep]\n|-damage|p1a: Iron Bundle|94\/100|[from] Sandstorm\n|-damage|p1b: Flutter Mane|82\/100|[from] Sandstorm\n|-damage|p2a: Toxapex|47\/100|[from] Sandstorm\n|-heal|p2a: Toxapex|53\/100|[from] item: Leftovers\n|upkeep\n|turn|5\n|inactive|Laithani has 30 seconds left.\n|inactive|Laithani has 20 seconds left.\n|\n|t:|1682262567\n|move|p2b: Arcanine|Extreme Speed|p1a: Iron Bundle\n|-damage|p1a: Iron Bundle|64\/100\n|move|p1a: Iron Bundle|Hydro Pump|p2b: Arcanine\n|-supereffective|p2b: Arcanine\n|-damage|p2b: Arcanine|0 fnt\n|faint|p2b: Arcanine\n|-damage|p1a: Iron Bundle|54\/100|[from] item: Life Orb\n|move|p1b: Flutter Mane|Shadow Ball|p2a: Toxapex\n|-damage|p2a: Toxapex|8\/100\n|move|p2a: Toxapex|Liquidation|p1b: Flutter Mane\n|-damage|p1b: Flutter Mane|50\/100\n|\n|-weather|none\n|-heal|p2a: Toxapex|14\/100|[from] item: Leftovers\n|upkeep\n|\n|t:|1682262586\n|switch|p2b: Tyranitar|Tyranitar, L50, M|45\/100\n|-weather|Sandstorm|[from] ability: Sand Stream|[of] p2b: Tyranitar\n|turn|6\n|\n|t:|1682262608\n|move|p2a: Toxapex|Baneful Bunker|p2a: Toxapex\n|-singleturn|p2a: Toxapex|move: Protect\n|move|p1a: Iron Bundle|Tera Blast|p2a: Toxapex\n|-activate|p2a: Toxapex|move: Protect\n|move|p1b: Flutter Mane|Moonblast|p2b: Tyranitar\n|-supereffective|p2b: Tyranitar\n|-damage|p2b: Tyranitar|0 fnt\n|faint|p2b: Tyranitar\n|\n|-weather|Sandstorm|[upkeep]\n|-damage|p1a: Iron Bundle|48\/100|[from] Sandstorm\n|-damage|p1b: Flutter Mane|44\/100|[from] Sandstorm\n|-damage|p2a: Toxapex|8\/100|[from] Sandstorm\n|-heal|p2a: Toxapex|14\/100|[from] item: Leftovers\n|upkeep\n|\n|t:|1682262620\n|switch|p2b: Lycanroc|Lycanroc, L50, F, tera:Rock|1\/100\n|turn|7\n|\n|t:|1682262632\n|move|p2b: Lycanroc|Rock Slide|p1b: Flutter Mane|[spread] p1a,p1b\n|-supereffective|p1a: Iron Bundle\n|-damage|p1a: Iron Bundle|0 fnt\n|-damage|p1b: Flutter Mane|0 fnt\n|faint|p1a: Iron Bundle\n|-end|p1a: Iron Bundle|Quark Drive|[silent]\n|faint|p1b: Flutter Mane\n|-end|p1b: Flutter Mane|Protosynthesis|[silent]\n|\n|win|Laithani\n|raw|zhaozhengxue's rating: 1062 → 1044<\/strong> (-18 for losing)\n|raw|Laithani's rating: 1082 → 1108<\/strong> (+26 for winning)\n|l|\u2606zhaozhengxue\n","uploadtime":1682262684,"views":13,"p1id":"zhaozhengxue","p2id":"laithani","formatid":"gen9vgc2023regulationc","rating":1044,"private":0,"password":""}