{"id":"gen9vgc2023regulationc-1850051799","p1":"Megamuflon","p2":"screamribbon","format":"[Gen 9] VGC 2023 Regulation C","log":"|j|\u2606Megamuflon\n|j|\u2606screamribbon\n|t:|1682281963\n|gametype|doubles\n|player|p1|Megamuflon|policeman-gen4|1205\n|player|p2|screamribbon|idol|1277\n|teamsize|p1|6\n|teamsize|p2|6\n|gen|9\n|tier|[Gen 9] VGC 2023 Regulation C\n|rated|\n|rule|Species Clause: Limit one of each Pok\u00e9mon\n|rule|Item Clause: Limit one of each item\n|clearpoke\n|poke|p1|Chi-Yu, L50|\n|poke|p1|Murkrow, L50, F|\n|poke|p1|Corviknight, L50, F|\n|poke|p1|Flutter Mane, L50|\n|poke|p1|Great Tusk, L50|\n|poke|p1|Brute Bonnet, L50|\n|poke|p2|Armarouge, L50, M|\n|poke|p2|Great Tusk, L50|\n|poke|p2|Talonflame, L50, F|\n|poke|p2|Indeedee-F, L50, F|\n|poke|p2|Gyarados, L50, F|\n|poke|p2|Flutter Mane, L50|\n|teampreview|4\n|c|\u2606Megamuflon|GL HF\nscreamribbon has agreed to open team sheets.\nMegamuflon has agreed to open team sheets.\n|\n|t:|1682282060\n|start\n|switch|p1a: Murkrow|Murkrow, L50, F|100\/100\n|switch|p1b: Great Tusk|Great Tusk, L50|100\/100\n|switch|p2a: Flutter Mane|Flutter Mane, L50|100\/100\n|switch|p2b: Talonflame|Talonflame, L50, F|100\/100\n|turn|1\n|\n|t:|1682282100\n|-end|p2a: Flutter Mane|Protosynthesis|[silent]\n|switch|p2a: Gyarados|Gyarados, L50, F, shiny|100\/100\n|-ability|p2a: Gyarados|Intimidate|boost\n|-unboost|p1a: Murkrow|atk|1\n|-unboost|p1b: Great Tusk|atk|1\n|-terastallize|p1b: Great Tusk|Steel\n|move|p2b: Talonflame|Tailwind|p2b: Talonflame\n|-sidestart|p2: screamribbon|move: Tailwind\n|move|p1a: Murkrow|Tailwind|p1a: Murkrow\n|-sidestart|p1: Megamuflon|move: Tailwind\n|move|p1b: Great Tusk|Rock Slide|p2b: Talonflame|[spread] p2a,p2b\n|-supereffective|p2a: Gyarados\n|-supereffective|p2b: Talonflame\n|-damage|p2a: Gyarados|69\/100\n|-damage|p2b: Talonflame|31\/100\n|\n|upkeep\n|turn|2\n|inactive|Battle timer is ON: inactive players will automatically lose when time's up. (requested by Megamuflon)\n|\n|t:|1682282134\n|switch|p2b: Flutter Mane|Flutter Mane, L50|100\/100\n|move|p1a: Murkrow|Sunny Day|p1a: Murkrow\n|-weather|SunnyDay\n|-activate|p1b: Great Tusk|ability: Protosynthesis\n|-start|p1b: Great Tusk|protosynthesisspe\n|-activate|p2b: Flutter Mane|ability: Protosynthesis\n|-start|p2b: Flutter Mane|protosynthesisspe\n|move|p1b: Great Tusk|Rock Slide|p2b: Flutter Mane|[spread] p2a,p2b\n|-supereffective|p2a: Gyarados\n|-damage|p2a: Gyarados|43\/100\n|-damage|p2b: Flutter Mane|78\/100\n|move|p2a: Gyarados|Thunder Wave|p1b: Great Tusk\n|-status|p1b: Great Tusk|par\n|\n|-weather|SunnyDay|[upkeep]\n|upkeep\n|turn|3\n|inactive|screamribbon has 30 seconds left.\n|inactive|screamribbon has 20 seconds left.\n|inactive|screamribbon has 15 seconds left.\n|inactive|screamribbon has 10 seconds left.\n|\n|t:|1682282183\n|-terastallize|p2b: Flutter Mane|Fairy\n|move|p2b: Flutter Mane|Dazzling Gleam|p1b: Great Tusk|[spread] p1a,p1b\n|-supereffective|p1a: Murkrow\n|-resisted|p1b: Great Tusk\n|-damage|p1a: Murkrow|0 fnt\n|-damage|p1b: Great Tusk|58\/100 par\n|faint|p1a: Murkrow\n|cant|p1b: Great Tusk|par\n|move|p2a: Gyarados|Taunt|p1b: Great Tusk\n|-start|p1b: Great Tusk|move: Taunt\n|\n|-weather|SunnyDay|[upkeep]\n|upkeep\n|\n|t:|1682282198\n|switch|p1a: Corviknight|Corviknight, L50, F|100\/100\n|turn|4\n|\n|t:|1682282205\n|move|p2b: Flutter Mane|Dazzling Gleam|p1b: Great Tusk|[spread] p1a,p1b\n|-resisted|p1a: Corviknight\n|-resisted|p1b: Great Tusk\n|-damage|p1a: Corviknight|70\/100\n|-damage|p1b: Great Tusk|9\/100 par\n|move|p1b: Great Tusk|Rock Slide|p2a: Gyarados|[spread] p2a,p2b\n|-supereffective|p2a: Gyarados\n|-damage|p2a: Gyarados|17\/100\n|-damage|p2b: Flutter Mane|57\/100\n|cant|p2a: Gyarados|flinch\n|move|p1a: Corviknight|Iron Head|p2b: Flutter Mane\n|-supereffective|p2b: Flutter Mane\n|-damage|p2b: Flutter Mane|0 fnt\n|faint|p2b: Flutter Mane\n|-end|p2b: Flutter Mane|Protosynthesis|[silent]\n|\n|-weather|SunnyDay|[upkeep]\n|-sideend|p2: screamribbon|move: Tailwind\n|-sideend|p1: Megamuflon|move: Tailwind\n|upkeep\n|\n|t:|1682282222\n|switch|p2b: Great Tusk|Great Tusk, L50|100\/100\n|-activate|p2b: Great Tusk|ability: Protosynthesis\n|-start|p2b: Great Tusk|protosynthesisatk\n|turn|5\n|inactive|Megamuflon has 30 seconds left.\n|inactive|Megamuflon has 20 seconds left.\n|inactive|Megamuflon has 15 seconds left.\n|\n|t:|1682282264\n|move|p2b: Great Tusk|Rock Slide|p1a: Corviknight|[spread] \n|-miss|p2b: Great Tusk|p1a: Corviknight\n|-miss|p2b: Great Tusk|p1b: Great Tusk\n|move|p1b: Great Tusk|Rock Slide|p2b: Great Tusk|[spread] p2a,p2b\n|-supereffective|p2a: Gyarados\n|-resisted|p2b: Great Tusk\n|-damage|p2a: Gyarados|0 fnt\n|-damage|p2b: Great Tusk|98\/100\n|faint|p2a: Gyarados\n|move|p1a: Corviknight|Iron Head|p2b: Great Tusk\n|-damage|p2b: Great Tusk|60\/100\n|\n|-weather|SunnyDay|[upkeep]\n|upkeep\n|\n|t:|1682282272\n|switch|p2a: Talonflame|Talonflame, L50, F|31\/100\n|turn|6\n|\n|t:|1682282287\n|switch|p1a: Flutter Mane|Flutter Mane, L50|100\/100\n|-activate|p1a: Flutter Mane|ability: Protosynthesis\n|-start|p1a: Flutter Mane|protosynthesisspe\n|move|p2b: Great Tusk|Rock Slide|p1b: Great Tusk|[spread] p1a,p1b\n|-resisted|p1b: Great Tusk\n|-damage|p1a: Flutter Mane|40\/100\n|-damage|p1b: Great Tusk|0 fnt\n|faint|p1b: Great Tusk\n|-end|p1b: Great Tusk|Protosynthesis|[silent]\n|move|p2a: Talonflame|Will-O-Wisp|p1a: Flutter Mane\n|-status|p1a: Flutter Mane|brn\n|\n|-weather|none\n|-end|p1a: Flutter Mane|Protosynthesis\n|-end|p2b: Great Tusk|Protosynthesis\n|-damage|p1a: Flutter Mane|34\/100 brn|[from] brn\n|upkeep\n|\n|t:|1682282297\n|switch|p1b: Corviknight|Corviknight, L50, F|70\/100\n|turn|7\n|\n|t:|1682282307\n|move|p2b: Great Tusk|Rock Slide|p1b: Corviknight|[spread] \n|-miss|p2b: Great Tusk|p1a: Flutter Mane\n|-miss|p2b: Great Tusk|p1b: Corviknight\n|move|p1a: Flutter Mane|Moonblast|p2b: Great Tusk\n|-supereffective|p2b: Great Tusk\n|-damage|p2b: Great Tusk|0 fnt\n|faint|p2b: Great Tusk\n|-end|p2b: Great Tusk|Protosynthesis|[silent]\n|move|p2a: Talonflame|Will-O-Wisp|p1b: Corviknight\n|-status|p1b: Corviknight|brn\n|move|p1b: Corviknight|Brave Bird|p2a: Talonflame\n|-damage|p2a: Talonflame|0 fnt\n|faint|p2a: Talonflame\n|-damage|p1b: Corviknight|61\/100 brn|[from] Recoil\n|\n|win|Megamuflon\n|raw|Megamuflon's rating: 1205 → 1235<\/strong> (+30 for winning)\n|raw|screamribbon's rating: 1277 → 1247<\/strong> (-30 for losing)\n|c|\u2606screamribbon|...\n|c|\u2606Megamuflon|damn sry\n","uploadtime":1682282318,"views":7,"p1id":"megamuflon","p2id":"screamribbon","formatid":"gen9vgc2023regulationc","rating":1235,"private":0,"password":""}