{"id":"gen9vgc2023regulationc-1861331143","p1":"wackomarko","p2":"Buxtter","format":"[Gen 9] VGC 2023 Regulation C","log":"|j|\u2606wackomarko\n|j|\u2606Buxtter\n|t:|1683746632\n|gametype|doubles\n|player|p1|wackomarko|hiker-gen4|1084\n|player|p2|Buxtter|102|1002\n|teamsize|p1|6\n|teamsize|p2|6\n|gen|9\n|tier|[Gen 9] VGC 2023 Regulation C\n|rated|\n|rule|Species Clause: Limit one of each Pok\u00e9mon\n|rule|Item Clause: Limit one of each item\n|clearpoke\n|poke|p1|Talonflame, L50, M|\n|poke|p1|Amoonguss, L50, F|\n|poke|p1|Flutter Mane, L50|\n|poke|p1|Chien-Pao, L50|\n|poke|p1|Gyarados, L50, M|\n|poke|p1|Dragapult, L50, M|\n|poke|p2|Talonflame, L50, F|\n|poke|p2|Iron Hands, L50|\n|poke|p2|Gholdengo, L50|\n|poke|p2|Arcanine, L50, F|\n|poke|p2|Brute Bonnet, L50|\n|poke|p2|Alomomola, L50, F|\n|teampreview|4\n|\n|t:|1683746658\n|start\n|switch|p1a: Talonflame|Talonflame, L50, M, shiny|100\/100\n|switch|p1b: Gyarados|Gyarados, L50, M, shiny|100\/100\n|switch|p2a: Talonflame|Talonflame, L50, F, shiny|100\/100\n|switch|p2b: Iron Hands|Iron Hands, L50|100\/100\n|-ability|p1b: Gyarados|Intimidate|boost\n|-unboost|p2a: Talonflame|atk|1\n|-unboost|p2b: Iron Hands|atk|1\n|turn|1\n|\n|t:|1683746673\n|move|p1a: Talonflame|Tailwind|p1a: Talonflame\n|-sidestart|p1: wackomarko|move: Tailwind\n|move|p2a: Talonflame|Tailwind|p2a: Talonflame\n|-sidestart|p2: Buxtter|move: Tailwind\n|move|p1b: Gyarados|Dragon Dance|p1b: Gyarados\n|-boost|p1b: Gyarados|atk|1\n|-boost|p1b: Gyarados|spe|1\n|move|p2b: Iron Hands|Belly Drum|p2b: Iron Hands\n|-damage|p2b: Iron Hands|50\/100\n|-setboost|p2b: Iron Hands|atk|6|[from] move: Belly Drum\n|-enditem|p2b: Iron Hands|Sitrus Berry|[eat]\n|-heal|p2b: Iron Hands|75\/100|[from] item: Sitrus Berry\n|\n|upkeep\n|turn|2\n|\n|t:|1683746699\n|move|p1a: Talonflame|Brave Bird|p2b: Iron Hands\n|-damage|p2b: Iron Hands|54\/100\n|-damage|p1a: Talonflame|90\/100|[from] Recoil\n|move|p1b: Gyarados|Waterfall|p2a: Talonflame\n|-supereffective|p2a: Talonflame\n|-damage|p2a: Talonflame|0 fnt\n|faint|p2a: Talonflame\n|move|p2b: Iron Hands|Thunder Punch|p1b: Gyarados\n|-supereffective|p1b: Gyarados\n|-damage|p1b: Gyarados|0 fnt\n|faint|p1b: Gyarados\n|\n|upkeep\n|\n|t:|1683746720\n|switch|p2a: Brute Bonnet|Brute Bonnet, L50, shiny|100\/100\n|switch|p1b: Dragapult|Dragapult, L50, M, shiny|100\/100\n|turn|3\n|\n|t:|1683746731\n|switch|p1a: Chien-Pao|Chien-Pao, L50|100\/100\n|-ability|p1a: Chien-Pao|Sword of Ruin\n|-terastallize|p1b: Dragapult|Dragon\n|move|p2a: Brute Bonnet|Sucker Punch|p1b: Dragapult\n|-damage|p1b: Dragapult|29\/100\n|move|p1b: Dragapult|Dragon Darts|p2b: Iron Hands\n|-crit|p2b: Iron Hands\n|-damage|p2b: Iron Hands|3\/100\n|-anim|p1b: Dragapult|Dragon Darts|p2a: Brute Bonnet\n|-damage|p2a: Brute Bonnet|33\/100\n|move|p2b: Iron Hands|Drain Punch|p1a: Chien-Pao\n|-supereffective|p1a: Chien-Pao\n|-enditem|p1a: Chien-Pao|Focus Sash\n|-damage|p1a: Chien-Pao|1\/100\n|-heal|p2b: Iron Hands|32\/100|[from] drain|[of] p1a: Chien-Pao\n|\n|upkeep\n|turn|4\n|\n|t:|1683746762\n|move|p2b: Iron Hands|Protect|p2b: Iron Hands\n|-singleturn|p2b: Iron Hands|Protect\n|move|p1a: Chien-Pao|Sucker Punch|p2a: Brute Bonnet\n|-resisted|p2a: Brute Bonnet\n|-damage|p2a: Brute Bonnet|12\/100\n|move|p2a: Brute Bonnet|Sucker Punch|p1b: Dragapult\n|-damage|p1b: Dragapult|0 fnt\n|faint|p1b: Dragapult\n|\n|-sideend|p1: wackomarko|move: Tailwind\n|-sideend|p2: Buxtter|move: Tailwind\n|upkeep\n|\n|t:|1683746771\n|switch|p1b: Talonflame|Talonflame, L50, M, shiny|90\/100\n|turn|5\n|\n|t:|1683746791\n|move|p1a: Chien-Pao|Sucker Punch|p2b: Iron Hands\n|-resisted|p2b: Iron Hands\n|-damage|p2b: Iron Hands|20\/100\n|move|p2a: Brute Bonnet|Sucker Punch||[still]\n|-fail|p2a: Brute Bonnet\n|move|p1b: Talonflame|Brave Bird|p2a: Brute Bonnet\n|-supereffective|p2a: Brute Bonnet\n|-damage|p2a: Brute Bonnet|0 fnt\n|faint|p2a: Brute Bonnet\n|-end|p2a: Brute Bonnet|Protosynthesis|[silent]\n|-damage|p1b: Talonflame|86\/100|[from] Recoil\n|move|p2b: Iron Hands|Thunder Punch|p1b: Talonflame\n|-supereffective|p1b: Talonflame\n|-damage|p1b: Talonflame|0 fnt\n|faint|p1b: Talonflame\n|\n|upkeep\n|\n|t:|1683746804\n|switch|p2a: Gholdengo|Gholdengo, L50|100\/100\n|turn|6\n|\n|t:|1683746812\n|move|p1a: Chien-Pao|Sucker Punch|p2b: Iron Hands\n|-resisted|p2b: Iron Hands\n|-damage|p2b: Iron Hands|9\/100\n|move|p2a: Gholdengo|Make It Rain|p1a: Chien-Pao\n|-supereffective|p1a: Chien-Pao\n|-damage|p1a: Chien-Pao|0 fnt\n|-unboost|p2a: Gholdengo|spa|1\n|faint|p1a: Chien-Pao\n|\n|win|Buxtter\n|raw|wackomarko's rating: 1084 → 1056<\/strong> (-28 for losing)\n|raw|Buxtter's rating: 1002 → 1051<\/strong> (+49 for winning)\n","uploadtime":1683746824,"views":10,"p1id":"wackomarko","p2id":"buxtter","formatid":"gen9vgc2023regulationc","rating":1051,"private":0,"password":""}