{"id":"gen9vgc2023regulationc-1847942232","p1":"UltimoRyu","p2":"HonestTestingFan","format":"[Gen 9] VGC 2023 Regulation C","log":"|j|\u2606UltimoRyu\n|j|\u2606HonestTestingFan\n|t:|1682014536\n|gametype|doubles\n|player|p1|UltimoRyu|steven|1095\n|player|p2|HonestTestingFan|102|1193\n|teamsize|p1|6\n|teamsize|p2|6\n|gen|9\n|tier|[Gen 9] VGC 2023 Regulation C\n|rated|\n|rule|Species Clause: Limit one of each Pok\u00e9mon\n|rule|Item Clause: Limit one of each item\n|clearpoke\n|poke|p1|Pelipper, L50, F|\n|poke|p1|Palafin, L50, F|\n|poke|p1|Goodra, L50, M|\n|poke|p1|Gyarados, L50, M|\n|poke|p1|Dondozo, L50, M|\n|poke|p1|Tatsugiri-Stretchy, L50, F|\n|poke|p2|Arcanine, L50, M|\n|poke|p2|Flutter Mane, L50|\n|poke|p2|Amoonguss, L50, F|\n|poke|p2|Palafin, L50, F|\n|poke|p2|Dragonite, L50, M|\n|poke|p2|Chien-Pao, L50|\n|teampreview|4\n|inactive|Battle timer is ON: inactive players will automatically lose when time's up. (requested by HonestTestingFan)\n|inactive|HonestTestingFan has 60 seconds left.\n|\n|t:|1682014627\n|start\n|switch|p1a: Palafin|Palafin, L50, F|100\/100\n|switch|p1b: Goodra|Goodra, L50, M|100\/100\n|switch|p2a: Chien-Pao|Chien-Pao, L50|100\/100\n|switch|p2b: Palafin|Palafin, L50, F|100\/100\n|-ability|p2a: Chien-Pao|Sword of Ruin\n|turn|1\n|\n|t:|1682014644\n|detailschange|p1a: Palafin|Palafin-Hero, L50, F\n|switch|p1a: Pelipper|Pelipper, L50, F|100\/100\n|-weather|RainDance|[from] ability: Drizzle|[of] p1a: Pelipper\n|-terastallize|p2a: Chien-Pao|Poison\n|move|p2b: Palafin|Protect|p2b: Palafin\n|-singleturn|p2b: Palafin|Protect\n|move|p2a: Chien-Pao|Ice Spinner|p1b: Goodra\n|-supereffective|p1b: Goodra\n|-damage|p1b: Goodra|1\/100\n|move|p1b: Goodra|Acid Armor|p1b: Goodra\n|-boost|p1b: Goodra|def|2\n|\n|-weather|RainDance|[upkeep]\n|-heal|p1b: Goodra|7\/100|[from] item: Leftovers\n|upkeep\n|turn|2\n|inactive|UltimoRyu has 30 seconds left.\n|\n|t:|1682014677\n|move|p2b: Palafin|Jet Punch|p1b: Goodra\n|-resisted|p1b: Goodra\n|-damage|p1b: Goodra|0 fnt\n|faint|p1b: Goodra\n|move|p2a: Chien-Pao|Ice Spinner|p1a: Pelipper\n|-damage|p1a: Pelipper|38\/100\n|move|p1a: Pelipper|Hurricane|p2a: Chien-Pao\n|-damage|p2a: Chien-Pao|56\/100\n|\n|-weather|RainDance|[upkeep]\n|upkeep\n|\n|t:|1682014688\n|switch|p1b: Gyarados|Gyarados, L50, M|100\/100\n|-ability|p1b: Gyarados|Intimidate|boost\n|-unboost|p2a: Chien-Pao|atk|1\n|-unboost|p2b: Palafin|atk|1\n|turn|3\n|\n|t:|1682014708\n|-terastallize|p1b: Gyarados|Steel\n|move|p2b: Palafin|Protect|p2b: Palafin\n|-singleturn|p2b: Palafin|Protect\n|move|p2a: Chien-Pao|Sucker Punch||[still]\n|-fail|p2a: Chien-Pao\n|move|p1a: Pelipper|Tailwind|p1a: Pelipper\n|-sidestart|p1: UltimoRyu|move: Tailwind\n|move|p1b: Gyarados|Dragon Dance|p1b: Gyarados\n|-boost|p1b: Gyarados|atk|1\n|-boost|p1b: Gyarados|spe|1\n|\n|-weather|RainDance|[upkeep]\n|upkeep\n|turn|4\n|inactive|UltimoRyu has 30 seconds left.\n|\n|t:|1682014734\n|move|p1b: Gyarados|Dragon Dance|p1b: Gyarados\n|-boost|p1b: Gyarados|atk|1\n|-boost|p1b: Gyarados|spe|1\n|move|p1a: Pelipper|Hydro Pump|p2a: Chien-Pao\n|-damage|p2a: Chien-Pao|0 fnt\n|faint|p2a: Chien-Pao\n|move|p2b: Palafin|Drain Punch|p1b: Gyarados\n|-supereffective|p1b: Gyarados\n|-damage|p1b: Gyarados|73\/100\n|\n|-weather|RainDance|[upkeep]\n|upkeep\n|\n|t:|1682014743\n|switch|p2a: Arcanine|Arcanine, L50, M|100\/100\n|-ability|p2a: Arcanine|Intimidate|boost\n|-unboost|p1a: Pelipper|atk|1\n|-unboost|p1b: Gyarados|atk|1\n|turn|5\n|\n|t:|1682014758\n|switch|p1a: Palafin|Palafin-Hero, L50, F|100\/100\n|-activate|p1a: Palafin|ability: Zero to Hero\n|move|p2a: Arcanine|Protect|p2a: Arcanine\n|-singleturn|p2a: Arcanine|Protect\n|move|p2b: Palafin|Jet Punch|p1a: Palafin\n|-resisted|p1a: Palafin\n|-damage|p1a: Palafin|89\/100\n|move|p1b: Gyarados|Waterfall|p2a: Arcanine\n|-activate|p2a: Arcanine|move: Protect\n|\n|-weather|none\n|upkeep\n|turn|6\n|\n|t:|1682014783\n|switch|p2a: Flutter Mane|Flutter Mane, L50|100\/100\n|-enditem|p2a: Flutter Mane|Booster Energy\n|-activate|p2a: Flutter Mane|ability: Protosynthesis|[fromitem]\n|-start|p2a: Flutter Mane|protosynthesisspe\n|move|p1a: Palafin|Protect|p1a: Palafin\n|-singleturn|p1a: Palafin|Protect\n|move|p2b: Palafin|Protect|p2b: Palafin\n|-singleturn|p2b: Palafin|Protect\n|move|p1b: Gyarados|Waterfall|p2a: Flutter Mane\n|-damage|p2a: Flutter Mane|16\/100\n|\n|-sideend|p1: UltimoRyu|move: Tailwind\n|upkeep\n|turn|7\n|inactive|UltimoRyu has 30 seconds left.\n|\n|t:|1682014809\n|detailschange|p2b: Palafin|Palafin-Hero, L50, F\n|switch|p2b: Arcanine|Arcanine, L50, M|100\/100\n|-ability|p2b: Arcanine|Intimidate|boost\n|-unboost|p1a: Palafin|atk|1\n|-unboost|p1b: Gyarados|atk|1\n|move|p2a: Flutter Mane|Protect|p2a: Flutter Mane\n|-singleturn|p2a: Flutter Mane|Protect\n|move|p1a: Palafin|Jet Punch|p2a: Flutter Mane\n|-activate|p2a: Flutter Mane|move: Protect\n|move|p1b: Gyarados|Dragon Dance|p1b: Gyarados\n|-boost|p1b: Gyarados|atk|1\n|-boost|p1b: Gyarados|spe|1\n|\n|upkeep\n|turn|8\n|inactive|UltimoRyu has 30 seconds left.\n|inactive|HonestTestingFan has 30 seconds left.\n|inactive|UltimoRyu has 20 seconds left.\n|\n|t:|1682014848\n|-end|p2a: Flutter Mane|Protosynthesis|[silent]\n|switch|p2a: Palafin|Palafin-Hero, L50, F|100\/100\n|-activate|p2a: Palafin|ability: Zero to Hero\n|move|p1a: Palafin|Jet Punch|p2a: Palafin\n|-resisted|p2a: Palafin\n|-damage|p2a: Palafin|85\/100\n|move|p1b: Gyarados|Waterfall|p2b: Arcanine\n|-supereffective|p2b: Arcanine\n|-damage|p2b: Arcanine|0 fnt\n|faint|p2b: Arcanine\n|\n|upkeep\n|\n|t:|1682014857\n|switch|p2b: Flutter Mane|Flutter Mane, L50|16\/100\n|turn|9\n|\n|t:|1682014866\n|move|p2b: Flutter Mane|Protect|p2b: Flutter Mane\n|-singleturn|p2b: Flutter Mane|Protect\n|move|p1a: Palafin|Jet Punch|p2b: Flutter Mane\n|-activate|p2b: Flutter Mane|move: Protect\n|move|p1b: Gyarados|Iron Head|p2a: Palafin\n|-resisted|p2a: Palafin\n|-damage|p2a: Palafin|54\/100\n|cant|p2a: Palafin|flinch\n|\n|upkeep\n|turn|10\n|\n|t:|1682014887\n|move|p1a: Palafin|Jet Punch|p2b: Flutter Mane\n|-damage|p2b: Flutter Mane|0 fnt\n|faint|p2b: Flutter Mane\n|-end|p2b: Flutter Mane|Protosynthesis|[silent]\n|move|p1b: Gyarados|Dragon Dance|p1b: Gyarados\n|-boost|p1b: Gyarados|atk|1\n|-boost|p1b: Gyarados|spe|1\n|move|p2a: Palafin|Drain Punch|p1b: Gyarados\n|-supereffective|p1b: Gyarados\n|-damage|p1b: Gyarados|7\/100\n|-heal|p2a: Palafin|87\/100|[from] drain|[of] p1b: Gyarados\n|-enditem|p1b: Gyarados|Sitrus Berry|[eat]\n|-heal|p1b: Gyarados|32\/100|[from] item: Sitrus Berry\n|\n|upkeep\n|turn|11\n|\n|t:|1682014911\n|move|p1b: Gyarados|Iron Head|p2a: Palafin\n|-resisted|p2a: Palafin\n|-damage|p2a: Palafin|45\/100\n|move|p2a: Palafin|Drain Punch|p1b: Gyarados\n|-supereffective|p1b: Gyarados\n|-damage|p1b: Gyarados|0 fnt\n|-heal|p2a: Palafin|61\/100|[from] drain|[of] p1b: Gyarados\n|faint|p1b: Gyarados\n|move|p1a: Palafin|Wave Crash|p2a: Palafin\n|-resisted|p2a: Palafin\n|-damage|p2a: Palafin|34\/100\n|-damage|p1a: Palafin|80\/100|[from] Recoil\n|\n|upkeep\n|\n|t:|1682014924\n|switch|p1b: Pelipper|Pelipper, L50, F|38\/100\n|-weather|RainDance|[from] ability: Drizzle|[of] p1b: Pelipper\n|turn|12\n|\n|t:|1682014939\n|move|p2a: Palafin|Drain Punch|p1a: Palafin\n|-damage|p1a: Palafin|49\/100\n|-heal|p2a: Palafin|50\/100|[from] drain|[of] p1a: Palafin\n|move|p1a: Palafin|Wave Crash|p2a: Palafin\n|-resisted|p2a: Palafin\n|-damage|p2a: Palafin|7\/100\n|-damage|p1a: Palafin|34\/100|[from] Recoil\n|move|p1b: Pelipper|Hurricane|p2a: Palafin\n|-damage|p2a: Palafin|0 fnt\n|faint|p2a: Palafin\n|\n|win|UltimoRyu\n|raw|UltimoRyu's rating: 1095 → 1128<\/strong> (+33 for winning)\n|raw|HonestTestingFan's rating: 1193 → 1161<\/strong> (-32 for losing)\n|l|\u2606HonestTestingFan\n","uploadtime":1682014962,"views":16,"p1id":"ultimoryu","p2id":"honesttestingfan","formatid":"gen9vgc2023regulationc","rating":1128,"private":0,"password":""}