{"id":"gen9vgc2023regulationc-1855129661","p1":"PedroGB512","p2":"cobalt_poke","format":"[Gen 9] VGC 2023 Regulation C","log":"|j|\u2606PedroGB512\n|j|\u2606cobalt_poke\n|t:|1682904873\n|gametype|doubles\n|player|p1|PedroGB512|lucas-gen4pt|1583\n|player|p2|cobalt_poke|1|1661\n|teamsize|p1|6\n|teamsize|p2|6\n|gen|9\n|tier|[Gen 9] VGC 2023 Regulation C\n|rated|\n|rule|Species Clause: Limit one of each Pok\u00e9mon\n|rule|Item Clause: Limit one of each item\n|clearpoke\n|poke|p1|Murkrow, L50, F|\n|poke|p1|Chi-Yu, L50|\n|poke|p1|Flutter Mane, L50|\n|poke|p1|Great Tusk, L50|\n|poke|p1|Brute Bonnet, L50|\n|poke|p1|Corviknight, L50, F|\n|poke|p2|Flutter Mane, L50|\n|poke|p2|Maushold, L50|\n|poke|p2|Annihilape, L50, F|\n|poke|p2|Dragonite, L50, M|\n|poke|p2|Ting-Lu, L50|\n|poke|p2|Amoonguss, L50, F|\n|teampreview|4\nPedroGB512 has agreed to open team sheets.\n|j| manwtfisthis\n|\n|t:|1682904896\n|start\n|switch|p1a: Corviknight|Corviknight, L50, F|100\/100\n|switch|p1b: Great Tusk|Great Tusk, L50|100\/100\n|switch|p2a: Dragonite|Dragonite, L50, M|100\/100\n|switch|p2b: Ting-Lu|Ting-Lu, L50|100\/100\n|-ability|p2b: Ting-Lu|Vessel of Ruin\n|turn|1\n|inactive|Battle timer is ON: inactive players will automatically lose when time's up. (requested by PedroGB512)\n|\n|t:|1682904914\n|switch|p2b: Amoonguss|Amoonguss, L50, F|100\/100\n|-terastallize|p2a: Dragonite|Flying\n|move|p1b: Great Tusk|Close Combat|p2b: Amoonguss\n|-resisted|p2b: Amoonguss\n|-damage|p2b: Amoonguss|71\/100\n|-unboost|p1b: Great Tusk|def|1\n|-unboost|p1b: Great Tusk|spd|1\n|move|p2a: Dragonite|Tera Blast|p1b: Great Tusk\n|-supereffective|p1b: Great Tusk\n|-damage|p1b: Great Tusk|0 fnt\n|faint|p1b: Great Tusk\n|-end|p1b: Great Tusk|Protosynthesis|[silent]\n|move|p1a: Corviknight|Brave Bird|p2a: Dragonite\n|-damage|p2a: Dragonite|60\/100\n|-damage|p1a: Corviknight|87\/100|[from] Recoil\n|\n|upkeep\n|\n|t:|1682904930\n|switch|p1b: Chi-Yu|Chi-Yu, L50|100\/100\n|-ability|p1b: Chi-Yu|Beads of Ruin\n|turn|2\n|\n|t:|1682904937\n|switch|p2b: Ting-Lu|Ting-Lu, L50|100\/100\n|-ability|p2b: Ting-Lu|Vessel of Ruin\n|move|p1b: Chi-Yu|Heat Wave|p2b: Ting-Lu|[spread] p2a,p2b\n|-damage|p2a: Dragonite|17\/100\n|-damage|p2b: Ting-Lu|75\/100\n|-damage|p1b: Chi-Yu|90\/100|[from] item: Life Orb\n|move|p2a: Dragonite|Tera Blast|p1b: Chi-Yu\n|-crit|p1b: Chi-Yu\n|-damage|p1b: Chi-Yu|0 fnt\n|faint|p1b: Chi-Yu\n|move|p1a: Corviknight|Brave Bird|p2a: Dragonite\n|-damage|p2a: Dragonite|0 fnt\n|faint|p2a: Dragonite\n|-damage|p1a: Corviknight|81\/100|[from] Recoil\n|\n|upkeep\n|\n|t:|1682904960\n|switch|p1b: Flutter Mane|Flutter Mane, L50|100\/100\n|switch|p2a: Flutter Mane|Flutter Mane, L50|100\/100\n|-enditem|p2a: Flutter Mane|Booster Energy\n|-activate|p2a: Flutter Mane|ability: Protosynthesis|[fromitem]\n|-start|p2a: Flutter Mane|protosynthesisspe\n|turn|3\n|\n|t:|1682904970\n|-terastallize|p1b: Flutter Mane|Fairy\n|move|p2a: Flutter Mane|Protect|p2a: Flutter Mane\n|-singleturn|p2a: Flutter Mane|Protect\n|move|p1b: Flutter Mane|Dazzling Gleam|p2a: Flutter Mane|[spread] p2b\n|-activate|p2a: Flutter Mane|move: Protect\n|-supereffective|p2b: Ting-Lu\n|-damage|p2b: Ting-Lu|27\/100\n|move|p1a: Corviknight|Brave Bird|p2a: Flutter Mane\n|-activate|p2a: Flutter Mane|move: Protect\n|move|p2b: Ting-Lu|Earthquake|p1a: Corviknight|[spread] p1b\n|-activate|p2a: Flutter Mane|move: Protect\n|-immune|p1a: Corviknight\n|-damage|p1b: Flutter Mane|29\/100\n|\n|upkeep\n|turn|4\n|inactive|cobalt_poke has 30 seconds left.\n|inactive|cobalt_poke has 20 seconds left.\n|inactive|cobalt_poke has 15 seconds left.\n|\n|t:|1682905011\n|switch|p2b: Amoonguss|Amoonguss, L50, F|100\/100\n|move|p2a: Flutter Mane|Shadow Ball|p1b: Flutter Mane\n|-damage|p1b: Flutter Mane|0 fnt\n|faint|p1b: Flutter Mane\n|-end|p1b: Flutter Mane|Protosynthesis|[silent]\n|move|p1a: Corviknight|Brave Bird|p2a: Flutter Mane\n|-damage|p2a: Flutter Mane|0 fnt\n|faint|p2a: Flutter Mane\n|-end|p2a: Flutter Mane|Protosynthesis|[silent]\n|-damage|p1a: Corviknight|57\/100|[from] Recoil\n|\n|upkeep\n|\n|t:|1682905020\n|switch|p2a: Ting-Lu|Ting-Lu, L50|27\/100\n|-ability|p2a: Ting-Lu|Vessel of Ruin\n|turn|5\n|\n|t:|1682905027\n|move|p1a: Corviknight|Brave Bird|p2a: Ting-Lu\n|-damage|p2a: Ting-Lu|0 fnt\n|faint|p2a: Ting-Lu\n|-damage|p1a: Corviknight|45\/100|[from] Recoil\n|move|p2b: Amoonguss|Pollen Puff|p2: Ting-Lu|[notarget]\n|-fail|p2b: Amoonguss\n|\n|upkeep\n|turn|6\n|\n|t:|1682905034\n|move|p1a: Corviknight|Brave Bird|p2b: Amoonguss\n|-supereffective|p2b: Amoonguss\n|-damage|p2b: Amoonguss|0 fnt\n|faint|p2b: Amoonguss\n|-damage|p1a: Corviknight|6\/100|[from] Recoil\n|\n|win|PedroGB512\n|raw|PedroGB512's rating: 1583 → 1607<\/strong> (+24 for winning)\n|raw|cobalt_poke's rating: 1661 → 1637<\/strong> (-24 for losing)\n|l|\u2606cobalt_poke\n|c|\u2606PedroGB512|gg\n","uploadtime":1682905071,"views":16,"p1id":"pedrogb512","p2id":"cobaltpoke","formatid":"gen9vgc2023regulationc","rating":1607,"private":0,"password":""}