{"id":"gen9vgc2023regulationc-1845132998","p1":"Steakman5","p2":"Capfoo","format":"[Gen 9] VGC 2023 Regulation C","log":"|j|\u2606Steakman5\n|j|\u2606Capfoo\n|t:|1681687452\n|gametype|doubles\n|player|p1|Steakman5|tuber|1163\n|player|p2|Capfoo|blue-gen7|1246\n|teamsize|p1|6\n|teamsize|p2|6\n|gen|9\n|tier|[Gen 9] VGC 2023 Regulation C\n|rated|\n|rule|Species Clause: Limit one of each Pok\u00e9mon\n|rule|Item Clause: Limit one of each item\n|clearpoke\n|poke|p1|Flutter Mane, L50|\n|poke|p1|Dondozo, L50, M|\n|poke|p1|Tatsugiri, L50, F|\n|poke|p1|Brute Bonnet, L50|\n|poke|p1|Chi-Yu, L50|\n|poke|p1|Dachsbun, L50, M|\n|poke|p2|Annihilape, L50, M|\n|poke|p2|Chi-Yu, L50|\n|poke|p2|Iron Bundle, L50|\n|poke|p2|Tinkaton, L50, F|\n|poke|p2|Jumpluff, L50, M|\n|poke|p2|Farigiraf, L50, M|\n|teampreview|4\nCapfoo has agreed to open team sheets.\n|inactive|Battle timer is ON: inactive players will automatically lose when time's up. (requested by Capfoo)\n|\n|t:|1681687481\n|start\n|switch|p1a: Chi-Yu|Chi-Yu, L50|100\/100\n|switch|p1b: Dachsbun|Dachsbun, L50, M|100\/100\n|switch|p2a: E-123 Omega|Iron Bundle, L50|100\/100\n|switch|p2b: Amy Rose|Tinkaton, L50, F|100\/100\n|-ability|p1a: Chi-Yu|Beads of Ruin\n|-enditem|p2a: E-123 Omega|Booster Energy\n|-activate|p2a: E-123 Omega|ability: Quark Drive|[fromitem]\n|-start|p2a: E-123 Omega|quarkdrivespe\n|turn|1\n|\n|t:|1681687490\n|move|p2b: Amy Rose|Fake Out|p1b: Dachsbun\n|-damage|p1b: Dachsbun|93\/100\n|-damage|p2b: Amy Rose|84\/100|[from] item: Rocky Helmet|[of] p1b: Dachsbun\n|move|p2a: E-123 Omega|Hydro Pump|p1a: Chi-Yu\n|-supereffective|p1a: Chi-Yu\n|-damage|p1a: Chi-Yu|0 fnt\n|faint|p1a: Chi-Yu\n|cant|p1b: Dachsbun|flinch\n|\n|upkeep\n|\n|t:|1681687510\n|switch|p1a: Dondozo|Dondozo, L50, M|100\/100\n|turn|2\n|\n|t:|1681687528\n|switch|p1b: Tatsugiri|Tatsugiri, L50, F|100\/100\n|-activate|p1b: Tatsugiri|ability: Commander|[of] p1a: Dondozo\n|-boost|p1a: Dondozo|atk|2\n|-boost|p1a: Dondozo|spa|2\n|-boost|p1a: Dondozo|spe|2\n|-boost|p1a: Dondozo|def|2\n|-boost|p1a: Dondozo|spd|2\n|move|p2a: E-123 Omega|Freeze-Dry|p1a: Dondozo\n|-supereffective|p1a: Dondozo\n|-damage|p1a: Dondozo|65\/100\n|move|p2b: Amy Rose|Thunder Wave|p1a: Dondozo\n|-status|p1a: Dondozo|par\n|move|p1a: Dondozo|Earthquake|p2b: Amy Rose|[spread] p2a,p2b\n|-miss|p1a: Dondozo|p1b: Tatsugiri\n|-supereffective|p2b: Amy Rose\n|-damage|p2a: E-123 Omega|46\/100\n|-damage|p2b: Amy Rose|0 fnt\n|faint|p2b: Amy Rose\n|\n|upkeep\n|\n|t:|1681687545\n|switch|p2b: Charmy Bee|Jumpluff, L50, M|100\/100\n|turn|3\n|\n|t:|1681687553\n|-terastallize|p1a: Dondozo|Grass\n|move|p2a: E-123 Omega|Freeze-Dry|p1a: Dondozo\n|-supereffective|p1a: Dondozo\n|-damage|p1a: Dondozo|27\/100 par\n|move|p2b: Charmy Bee|Memento|p1a: Dondozo\n|-fail|p1a: Dondozo|unboost|[from] item: Clear Amulet|[of] p1a: Dondozo\n|faint|p2b: Charmy Bee\n|move|p1a: Dondozo|Liquidation|p2a: E-123 Omega\n|-resisted|p2a: E-123 Omega\n|-crit|p2a: E-123 Omega\n|-damage|p2a: E-123 Omega|0 fnt\n|faint|p2a: E-123 Omega\n|-end|p2a: E-123 Omega|Quark Drive|[silent]\n|\n|upkeep\n|\n|t:|1681687564\n|switch|p2a: Shadow|Annihilape, L50, M|100\/100\n|turn|4\n|\n|t:|1681687576\n|move|p2a: Shadow|Bulk Up|p2a: Shadow\n|-boost|p2a: Shadow|atk|1\n|-boost|p2a: Shadow|def|1\n|move|p1a: Dondozo|Liquidation|p2a: Shadow\n|-damage|p2a: Shadow|16\/100\n|\n|-heal|p2a: Shadow|22\/100|[from] item: Leftovers\n|upkeep\n|turn|5\n|\n|t:|1681687584\n|move|p2a: Shadow|Protect|p2a: Shadow\n|-singleturn|p2a: Shadow|Protect\n|move|p1a: Dondozo|Liquidation|p2a: Shadow\n|-activate|p2a: Shadow|move: Protect\n|\n|-heal|p2a: Shadow|28\/100|[from] item: Leftovers\n|upkeep\n|turn|6\n|\n|t:|1681687590\n|move|p2a: Shadow|Drain Punch|p1a: Dondozo\n|-damage|p1a: Dondozo|15\/100 par\n|-heal|p2a: Shadow|36\/100|[from] drain|[of] p1a: Dondozo\n|move|p1a: Dondozo|Liquidation|p2a: Shadow\n|-crit|p2a: Shadow\n|-damage|p2a: Shadow|0 fnt\n|faint|p2a: Shadow\n|\n|win|Steakman5\n|raw|Steakman5's rating: 1163 → 1194<\/strong> (+31 for winning)\n|raw|Capfoo's rating: 1246 → 1215<\/strong> (-31 for losing)\n|l|\u2606Capfoo\n","uploadtime":1681687602,"views":16,"p1id":"steakman5","p2id":"capfoo","formatid":"gen9vgc2023regulationc","rating":1194,"private":0,"password":""}