{"id":"gen9vgc2023regulationc-1853088964","p1":"Cyruno","p2":"rose_zkldin","format":"[Gen 9] VGC 2023 Regulation C","log":"|j|\u2606Cyruno\n|j|\u2606rose_zkldin\n|t:|1682633785\n|gametype|doubles\n|player|p1|Cyruno|blue|1112\n|player|p2|rose_zkldin|266|1000\n|teamsize|p1|6\n|teamsize|p2|4\n|gen|9\n|tier|[Gen 9] VGC 2023 Regulation C\n|rated|\n|rule|Species Clause: Limit one of each Pok\u00e9mon\n|rule|Item Clause: Limit one of each item\n|clearpoke\n|poke|p1|Scizor, L50, F|\n|poke|p1|Flutter Mane, L50|\n|poke|p1|Chien-Pao, L50|\n|poke|p1|Arcanine, L50, F|\n|poke|p1|Azumarill, L50, F|\n|poke|p1|Amoonguss, L50, M|\n|poke|p2|Slaking, L50, M|\n|poke|p2|Grafaiai, L50, F|\n|poke|p2|Kilowattrel, L50, F|\n|poke|p2|Gholdengo, L50|\n|teampreview|4\n|\n|t:|1682633830\n|start\n|switch|p1a: Ice Weasel|Chien-Pao, L50|100\/100\n|switch|p1b: Scissors|Scizor, L50, F|100\/100\n|switch|p2a: Kilowattrel|Kilowattrel, L50, F|100\/100\n|switch|p2b: Gholdengo|Gholdengo, L50|100\/100\n|-ability|p1a: Ice Weasel|Sword of Ruin\n|turn|1\n|\n|t:|1682633846\n|-terastallize|p2b: Gholdengo|Water\n|move|p2a: Kilowattrel|Tailwind|p2a: Kilowattrel\n|-sidestart|p2: rose_zkldin|move: Tailwind\n|move|p2b: Gholdengo|Make It Rain|p1b: Scissors|[spread] p1a,p1b\n|-supereffective|p1a: Ice Weasel\n|-resisted|p1b: Scissors\n|-enditem|p1a: Ice Weasel|Focus Sash\n|-damage|p1a: Ice Weasel|1\/100\n|-damage|p1b: Scissors|70\/100\n|-unboost|p2b: Gholdengo|spa|1\n|move|p1a: Ice Weasel|Ice Spinner|p2a: Kilowattrel\n|-supereffective|p2a: Kilowattrel\n|-enditem|p2a: Kilowattrel|Yache Berry|[eat]\n|-enditem|p2a: Kilowattrel|Yache Berry|[weaken]\n|-damage|p2a: Kilowattrel|0 fnt\n|faint|p2a: Kilowattrel\n|move|p1b: Scissors|U-turn|p2b: Gholdengo\n|-damage|p2b: Gholdengo|39\/100\n|\n|t:|1682633863\n|switch|p1b: Fido|Arcanine, L50, F|100\/100|[from] U-turn\n|-ability|p1b: Fido|Intimidate|boost\n|-unboost|p2b: Gholdengo|atk|1\n|\n|upkeep\n|\n|t:|1682633872\n|switch|p2a: Grafaiai|Grafaiai, L50, F|100\/100\n|turn|2\n|\n|t:|1682633905\n|switch|p2b: Slaking|Slaking, L50, M|100\/100\n|move|p1b: Fido|Extreme Speed|p2b: Slaking\n|-damage|p2b: Slaking|79\/100\n|move|p2a: Grafaiai|Doodle|p1b: Fido\n|-endability|p2a: Grafaiai|Prankster|[from] move: Doodle\n|-ability|p2a: Grafaiai|Intimidate|boost\n|-unboost|p1a: Ice Weasel|atk|1\n|-unboost|p1b: Fido|atk|1\n|-ability|p2a: Grafaiai|Intimidate|[from] move: Doodle\n|-endability|p2b: Slaking|Truant|[from] move: Doodle\n|-ability|p2b: Slaking|Intimidate|boost\n|-unboost|p1a: Ice Weasel|atk|1\n|-unboost|p1b: Fido|atk|1\n|-ability|p2b: Slaking|Intimidate|[from] move: Doodle\n|move|p1a: Ice Weasel|Sucker Punch||[still]\n|-fail|p1a: Ice Weasel\n|\n|upkeep\n|turn|3\n|\n|t:|1682633932\n|switch|p1b: Scissors|Scizor, L50, F|70\/100\n|move|p1a: Ice Weasel|Protect|p1a: Ice Weasel\n|-singleturn|p1a: Ice Weasel|Protect\n|move|p2a: Grafaiai|Taunt|p1a: Ice Weasel\n|-activate|p1a: Ice Weasel|move: Protect\n|move|p2b: Slaking|Body Slam|p1b: Scissors\n|-resisted|p1b: Scissors\n|-damage|p1b: Scissors|25\/100\n|-damage|p2b: Slaking|69\/100|[from] item: Life Orb\n|\n|upkeep\n|turn|4\n|\n|t:|1682633963\n|-terastallize|p1a: Ice Weasel|Ghost\n|move|p1b: Scissors|Bullet Punch|p2b: Slaking\n|-damage|p2b: Slaking|38\/100\n|move|p2a: Grafaiai|Doodle|p1a: Ice Weasel\n|-endability|p2a: Grafaiai|Intimidate|[from] move: Doodle\n|-ability|p2a: Grafaiai|Sword of Ruin\n|-ability|p2a: Grafaiai|Sword of Ruin|[from] move: Doodle\n|-endability|p2b: Slaking|Intimidate|[from] move: Doodle\n|-ability|p2b: Slaking|Sword of Ruin\n|-ability|p2b: Slaking|Sword of Ruin|[from] move: Doodle\n|move|p2b: Slaking|Body Slam|p1b: Scissors\n|-resisted|p1b: Scissors\n|-damage|p1b: Scissors|0 fnt\n|faint|p1b: Scissors\n|-damage|p2b: Slaking|28\/100|[from] item: Life Orb\n|move|p1a: Ice Weasel|Sacred Sword|p2b: Slaking\n|-supereffective|p2b: Slaking\n|-damage|p2b: Slaking|6\/100\n|\n|-sideend|p2: rose_zkldin|move: Tailwind\n|upkeep\n|\n|t:|1682633984\n|switch|p1b: Fido|Arcanine, L50, F|100\/100\n|-ability|p1b: Fido|Intimidate|boost\n|-unboost|p2a: Grafaiai|atk|1\n|-unboost|p2b: Slaking|atk|1\n|turn|5\n|\n|t:|1682634013\n|move|p1a: Ice Weasel|Protect|p1a: Ice Weasel\n|-singleturn|p1a: Ice Weasel|Protect\n|move|p2b: Slaking|Protect|p2b: Slaking\n|-singleturn|p2b: Slaking|Protect\n|move|p2a: Grafaiai|Doodle|p1b: Fido\n|-endability|p2a: Grafaiai|Sword of Ruin|[from] move: Doodle\n|-ability|p2a: Grafaiai|Intimidate|boost\n|-unboost|p1a: Ice Weasel|atk|1\n|-unboost|p1b: Fido|atk|1\n|-ability|p2a: Grafaiai|Intimidate|[from] move: Doodle\n|-endability|p2b: Slaking|Sword of Ruin|[from] move: Doodle\n|-ability|p2b: Slaking|Intimidate|boost\n|-unboost|p1a: Ice Weasel|atk|1\n|-unboost|p1b: Fido|atk|1\n|-ability|p2b: Slaking|Intimidate|[from] move: Doodle\n|move|p1b: Fido|Howl|p1b: Fido|[spread] p1a,p1b\n|-boost|p1a: Ice Weasel|atk|1\n|-boost|p1b: Fido|atk|1\n|\n|upkeep\n|turn|6\n|\n|t:|1682634047\n|move|p1a: Ice Weasel|Sucker Punch|p2b: Slaking\n|-damage|p2b: Slaking|0 fnt\n|faint|p2b: Slaking\n|move|p2a: Grafaiai|Parting Shot|p1b: Fido\n|-unboost|p1b: Fido|atk|1\n|-unboost|p1b: Fido|spa|1\n|\n|t:|1682634056\n|switch|p2a: Gholdengo|Gholdengo, L50, tera:Water|39\/100|[from] Parting Shot\n|move|p1b: Fido|Flare Blitz|p2a: Gholdengo\n|-resisted|p2a: Gholdengo\n|-damage|p2a: Gholdengo|19\/100\n|-damage|p1b: Fido|95\/100|[from] Recoil\n|\n|upkeep\n|\n|t:|1682634065\n|switch|p2b: Grafaiai|Grafaiai, L50, F|100\/100\n|turn|7\n|\n|t:|1682634078\n|move|p1a: Ice Weasel|Protect|p1a: Ice Weasel\n|-singleturn|p1a: Ice Weasel|Protect\n|move|p1b: Fido|Extreme Speed|p2a: Gholdengo\n|-damage|p2a: Gholdengo|0 fnt\n|faint|p2a: Gholdengo\n|move|p2b: Grafaiai|Doodle|p1a: Ice Weasel\n|-endability|p2b: Grafaiai|Prankster|[from] move: Doodle\n|-ability|p2b: Grafaiai|Sword of Ruin\n|-ability|p2b: Grafaiai|Sword of Ruin|[from] move: Doodle\n|\n|upkeep\n|turn|8\n|-message|rose_zkldin forfeited.\n|\n|win|Cyruno\n|raw|Cyruno's rating: 1112 → 1129<\/strong> (+17 for winning)\n|raw|rose_zkldin's rating: 1000 → 1000<\/strong> (+0 for losing)\n|l|\u2606rose_zkldin\n","uploadtime":1682634108,"views":13,"p1id":"cyruno","p2id":"rosezkldin","formatid":"gen9vgc2023regulationc","rating":1000,"private":0,"password":""}