{"id":"gen9vgc2023regulationc-1855062345","p1":"DanielP4l4d1n0","p2":"DinoMike130","format":"[Gen 9] VGC 2023 Regulation C","log":"|j|\u2606DanielP4l4d1n0\n|j|\u2606DinoMike130\n|t:|1682896710\n|gametype|doubles\n|player|p1|DanielP4l4d1n0|will|1433\n|player|p2|DinoMike130|veteran|1430\n|teamsize|p1|6\n|teamsize|p2|6\n|gen|9\n|tier|[Gen 9] VGC 2023 Regulation C\n|rated|\n|rule|Species Clause: Limit one of each Pok\u00e9mon\n|rule|Item Clause: Limit one of each item\n|clearpoke\n|poke|p1|Ting-Lu, L50|\n|poke|p1|Ceruledge, L50, M|\n|poke|p1|Flutter Mane, L50|\n|poke|p1|Amoonguss, L50, F|\n|poke|p1|Gyarados, L50, M|\n|poke|p1|Glimmora, L50, M|\n|poke|p2|Torkoal, L50, M|\n|poke|p2|Flutter Mane, L50|\n|poke|p2|Orthworm, L50, F|\n|poke|p2|Murkrow, L50, M|\n|poke|p2|Garchomp, L50, M|\n|poke|p2|Iron Hands, L50|\n|teampreview|4\nDanielP4l4d1n0 has agreed to open team sheets.\nDinoMike130 has agreed to open team sheets.\n|inactive|Battle timer is ON: inactive players will automatically lose when time's up. (requested by DinoMike130)\n|inactive|DanielP4l4d1n0 has 60 seconds left.\n|inactive|DinoMike130 has 60 seconds left.\n|j| Braindeadmeta\n|\n|t:|1682896775\n|start\n|switch|p1a: Ceruledge|Ceruledge, L50, M|100\/100\n|switch|p1b: Gyarados|Gyarados, L50, M|100\/100\n|switch|p2a: Orthworm|Orthworm, L50, F|100\/100\n|switch|p2b: Iron Hands|Iron Hands, L50|100\/100\n|-ability|p1b: Gyarados|Intimidate|boost\n|-unboost|p2a: Orthworm|atk|1\n|-unboost|p2b: Iron Hands|atk|1\n|turn|1\n|\n|t:|1682896797\n|move|p1a: Ceruledge|Bulk Up|p1a: Ceruledge\n|-boost|p1a: Ceruledge|atk|1\n|-boost|p1a: Ceruledge|def|1\n|move|p1b: Gyarados|Taunt|p2a: Orthworm\n|-start|p2a: Orthworm|move: Taunt\n|cant|p2a: Orthworm|move: Taunt|Iron Defense\n|move|p2b: Iron Hands|Wild Charge|p1b: Gyarados\n|-supereffective|p1b: Gyarados\n|-damage|p1b: Gyarados|0 fnt\n|faint|p1b: Gyarados\n|-damage|p2b: Iron Hands|81\/100|[from] Recoil\n|\n|upkeep\n|\n|t:|1682896810\n|switch|p1b: Amoonguss|Amoonguss, L50, F|100\/100\n|turn|2\n|inactive|DinoMike130 has 30 seconds left.\n|inactive|DinoMike130 has 20 seconds left.\n|inactive|DinoMike130 has 15 seconds left.\n|\n|t:|1682896851\n|move|p1a: Ceruledge|Bulk Up|p1a: Ceruledge\n|-boost|p1a: Ceruledge|atk|1\n|-boost|p1a: Ceruledge|def|1\n|move|p2a: Orthworm|Heavy Slam|p1a: Ceruledge\n|-resisted|p1a: Ceruledge\n|-damage|p1a: Ceruledge|94\/100\n|move|p2b: Iron Hands|Wild Charge|p1a: Ceruledge\n|-damage|p1a: Ceruledge|72\/100\n|-damage|p2b: Iron Hands|78\/100|[from] Recoil\n|move|p1b: Amoonguss|Spore|p2a: Orthworm\n|-status|p2a: Orthworm|slp|[from] move: Spore\n|\n|upkeep\n|turn|3\n|\n|t:|1682896873\n|move|p1a: Ceruledge|Bitter Blade|p2a: Orthworm\n|-supereffective|p2a: Orthworm\n|-damage|p2a: Orthworm|0 fnt\n|-heal|p1a: Ceruledge|100\/100|[from] drain|[of] p2a: Orthworm\n|faint|p2a: Orthworm\n|move|p2b: Iron Hands|Volt Switch|p1a: Ceruledge\n|-damage|p1a: Ceruledge|88\/100\n|\n|t:|1682896881\n|-end|p2b: Iron Hands|Quark Drive|[silent]\n|switch|p2b: Garchomp|Garchomp, L50, M|100\/100|[from] Volt Switch\n|move|p1b: Amoonguss|Spore|p2b: Garchomp\n|-status|p2b: Garchomp|slp|[from] move: Spore\n|\n|upkeep\n|\n|t:|1682896886\n|switch|p2a: Flutter Mane|Flutter Mane, L50|100\/100\n|turn|4\n|inactive|DinoMike130 has 30 seconds left.\n|\n|t:|1682896912\n|move|p1b: Amoonguss|Rage Powder|p1b: Amoonguss\n|-singleturn|p1b: Amoonguss|move: Rage Powder\n|cant|p2b: Garchomp|slp\n|move|p2a: Flutter Mane|Psyshock|p1b: Amoonguss\n|-supereffective|p1b: Amoonguss\n|-damage|p1b: Amoonguss|29\/100\n|move|p1a: Ceruledge|Bitter Blade|p2a: Flutter Mane\n|-damage|p2a: Flutter Mane|0 fnt\n|-heal|p1a: Ceruledge|100\/100|[from] drain|[of] p2a: Flutter Mane\n|faint|p2a: Flutter Mane\n|-end|p2a: Flutter Mane|Protosynthesis|[silent]\n|\n|upkeep\n|\n|t:|1682896921\n|switch|p2a: Iron Hands|Iron Hands, L50|78\/100\n|turn|5\n|\n|t:|1682896931\n|switch|p1b: Ting-Lu|Ting-Lu, L50|100\/100\n|-ability|p1b: Ting-Lu|Vessel of Ruin\n|move|p2a: Iron Hands|Fake Out|p1b: Ting-Lu\n|-damage|p1b: Ting-Lu|91\/100\n|cant|p2b: Garchomp|slp\n|move|p1a: Ceruledge|Bitter Blade|p2a: Iron Hands\n|-damage|p2a: Iron Hands|17\/100\n|\n|upkeep\n|turn|6\n|\n|t:|1682896951\n|-terastallize|p1a: Ceruledge|Grass\n|-curestatus|p2b: Garchomp|slp|[msg]\n|move|p2b: Garchomp|Rock Slide|p1b: Ting-Lu|[spread] p1a\n|-miss|p2b: Garchomp|p1b: Ting-Lu\n|-damage|p1a: Ceruledge|86\/100\n|-damage|p2b: Garchomp|91\/100|[from] item: Life Orb\n|cant|p1a: Ceruledge|flinch\n|move|p1b: Ting-Lu|Stomping Tantrum|p2a: Iron Hands\n|-supereffective|p2a: Iron Hands\n|-damage|p2a: Iron Hands|0 fnt\n|faint|p2a: Iron Hands\n|-end|p2a: Iron Hands|Quark Drive|[silent]\n|\n|upkeep\n|turn|7\n|\n|t:|1682896966\n|move|p1a: Ceruledge|Protect|p1a: Ceruledge\n|-singleturn|p1a: Ceruledge|Protect\n|move|p2b: Garchomp|Rock Slide|p1a: Ceruledge|[spread] p1b\n|-activate|p1a: Ceruledge|move: Protect\n|-resisted|p1b: Ting-Lu\n|-damage|p1b: Ting-Lu|84\/100\n|-damage|p2b: Garchomp|81\/100|[from] item: Life Orb\n|move|p1b: Ting-Lu|Ruination|p2b: Garchomp\n|-damage|p2b: Garchomp|41\/100\n|\n|upkeep\n|turn|8\n|\n|t:|1682896980\n|move|p2b: Garchomp|Rock Slide|p1b: Ting-Lu|[spread] p1a,p1b\n|-resisted|p1b: Ting-Lu\n|-damage|p1a: Ceruledge|71\/100\n|-damage|p1b: Ting-Lu|77\/100\n|-damage|p2b: Garchomp|31\/100|[from] item: Life Orb\n|move|p1a: Ceruledge|Tera Blast|p2b: Garchomp\n|-damage|p2b: Garchomp|0 fnt\n|faint|p2b: Garchomp\n|\n|win|DanielP4l4d1n0\n|raw|DanielP4l4d1n0's rating: 1433 → 1453<\/strong> (+20 for winning)\n|raw|DinoMike130's rating: 1430 → 1410<\/strong> (-20 for losing)\n","uploadtime":1682896984,"views":8,"p1id":"danielp4l4d1n0","p2id":"dinomike130","formatid":"gen9vgc2023regulationc","rating":1410,"private":0,"password":""}