{"id":"gen9vgc2023regulationc-1859289282","p1":"Starlord433176","p2":"brye195","format":"[Gen 9] VGC 2023 Regulation C","log":"|j|\u2606Starlord433176\n|j|\u2606brye195\n|t:|1683429238\n|gametype|doubles\n|player|p1|Starlord433176|2|1025\n|player|p2|brye195|266|1019\n|teamsize|p1|6\n|teamsize|p2|6\n|gen|9\n|tier|[Gen 9] VGC 2023 Regulation C\n|rated|\n|rule|Species Clause: Limit one of each Pok\u00e9mon\n|rule|Item Clause: Limit one of each item\n|clearpoke\n|poke|p1|Arcanine, L50, F|\n|poke|p1|Flutter Mane, L50|\n|poke|p1|Baxcalibur, L50, F|\n|poke|p1|Amoonguss, L50, M|\n|poke|p1|Palafin, L50, F|\n|poke|p1|Ting-Lu, L50|\n|poke|p2|Hariyama, L50, M|\n|poke|p2|Corviknight, L50, F|\n|poke|p2|Ceruledge, L50, M|\n|poke|p2|Murkrow, L50, F|\n|poke|p2|Glimmora, L50, M|\n|poke|p2|Iron Hands, L50|\n|teampreview|4\n|\n|t:|1683429278\n|start\n|switch|p1a: Amoonguss|Amoonguss, L50, M|100\/100\n|switch|p1b: Flutter Mane|Flutter Mane, L50|100\/100\n|switch|p2a: Glimmora|Glimmora, L50, M|100\/100\n|switch|p2b: Hariyama|Hariyama, L50, M|100\/100\n|-enditem|p1b: Flutter Mane|Booster Energy\n|-activate|p1b: Flutter Mane|ability: Protosynthesis|[fromitem]\n|-start|p1b: Flutter Mane|protosynthesisspe\n|turn|1\n|\n|t:|1683429307\n|-end|p1b: Flutter Mane|Protosynthesis|[silent]\n|switch|p1b: Ting-Lu|Ting-Lu, L50|100\/100\n|-ability|p1b: Ting-Lu|Vessel of Ruin\n|move|p2b: Hariyama|Bullet Punch|p1b: Ting-Lu\n|-damage|p1b: Ting-Lu|92\/100\n|move|p2a: Glimmora|Mortal Spin|p1b: Ting-Lu|[spread] p1a,p1b\n|-resisted|p1b: Ting-Lu\n|-damage|p1a: Amoonguss|97\/100\n|-damage|p1b: Ting-Lu|90\/100\n|-status|p1b: Ting-Lu|psn\n|move|p1a: Amoonguss|Spore|p2b: Hariyama\n|-status|p2b: Hariyama|slp|[from] move: Spore\n|\n|-damage|p1b: Ting-Lu|78\/100 psn|[from] psn\n|upkeep\n|turn|2\n|\n|t:|1683429344\n|move|p1a: Amoonguss|Rage Powder|p1a: Amoonguss\n|-singleturn|p1a: Amoonguss|move: Rage Powder\n|move|p2a: Glimmora|Energy Ball|p1a: Amoonguss\n|-resisted|p1a: Amoonguss\n|-damage|p1a: Amoonguss|91\/100\n|-unboost|p1a: Amoonguss|spd|1\n|cant|p2b: Hariyama|slp\n|move|p1b: Ting-Lu|Stomping Tantrum|p2a: Glimmora\n|-supereffective|p2a: Glimmora\n|-damage|p2a: Glimmora|0 fnt\n|-activate|p2a: Glimmora|ability: Toxic Debris\n|-sidestart|p1: Starlord433176|move: Toxic Spikes\n|faint|p2a: Glimmora\n|\n|-damage|p1b: Ting-Lu|66\/100 psn|[from] psn\n|upkeep\n|\n|t:|1683429395\n|switch|p2a: Murkrow|Murkrow, L50, F|100\/100\n|turn|3\n|\n|t:|1683429406\n|switch|p1b: Flutter Mane|Flutter Mane, L50|100\/100\n|-status|p1b: Flutter Mane|psn\n|move|p2a: Murkrow|Tailwind|p2a: Murkrow\n|-sidestart|p2: brye195|move: Tailwind\n|cant|p2b: Hariyama|slp\n|move|p1a: Amoonguss|Spore|p2b: Hariyama\n|-fail|p2b: Hariyama|slp\n|\n|-damage|p1b: Flutter Mane|88\/100 psn|[from] psn\n|upkeep\n|turn|4\n|\n|t:|1683429444\n|move|p1a: Amoonguss|Rage Powder|p1a: Amoonguss\n|-singleturn|p1a: Amoonguss|move: Rage Powder\n|-curestatus|p2b: Hariyama|slp|[msg]\n|move|p2b: Hariyama|Bullet Punch|p1a: Amoonguss\n|-damage|p1a: Amoonguss|80\/100\n|move|p2a: Murkrow|Foul Play|p1a: Amoonguss\n|-damage|p1a: Amoonguss|65\/100\n|move|p1b: Flutter Mane|Moonblast|p2b: Hariyama\n|-supereffective|p2b: Hariyama\n|-damage|p2b: Hariyama|6\/100\n|-unboost|p2b: Hariyama|spa|1\n|\n|-damage|p1b: Flutter Mane|76\/100 psn|[from] psn\n|-status|p2b: Hariyama|brn|[from] item: Flame Orb\n|upkeep\n|turn|5\n|\n|t:|1683429476\n|-terastallize|p1b: Flutter Mane|Fairy\n|move|p1a: Amoonguss|Rage Powder|p1a: Amoonguss\n|-singleturn|p1a: Amoonguss|move: Rage Powder\n|move|p2a: Murkrow|Foul Play|p1a: Amoonguss\n|-damage|p1a: Amoonguss|47\/100\n|-enditem|p1a: Amoonguss|Sitrus Berry|[eat]\n|-heal|p1a: Amoonguss|72\/100|[from] item: Sitrus Berry\n|move|p1b: Flutter Mane|Dazzling Gleam|p2a: Murkrow|[spread] p2a,p2b\n|-supereffective|p2a: Murkrow\n|-supereffective|p2b: Hariyama\n|-damage|p2a: Murkrow|0 fnt\n|-damage|p2b: Hariyama|0 fnt\n|faint|p2a: Murkrow\n|faint|p2b: Hariyama\n|\n|-damage|p1b: Flutter Mane|64\/100 psn|[from] psn\n|upkeep\n|\n|t:|1683429506\n|switch|p2b: Ceruledge|Ceruledge, L50, M|100\/100\n|turn|6\n|\n|t:|1683429525\n|-terastallize|p2b: Ceruledge|Grass\n|move|p1b: Flutter Mane|Protect|p1b: Flutter Mane\n|-singleturn|p1b: Flutter Mane|Protect\n|move|p2b: Ceruledge|Bitter Blade|p1a: Amoonguss\n|-supereffective|p1a: Amoonguss\n|-damage|p1a: Amoonguss|6\/100\n|move|p1a: Amoonguss|Spore|p2b: Ceruledge\n|-immune|p2b: Ceruledge\n|\n|-damage|p1b: Flutter Mane|52\/100 psn|[from] psn\n|-sideend|p2: brye195|move: Tailwind\n|upkeep\n|turn|7\n|\n|t:|1683429568\n|-end|p1b: Flutter Mane|Protosynthesis|[silent]\n|switch|p1b: Arcanine|Arcanine, L50, F|100\/100\n|-status|p1b: Arcanine|psn\n|-ability|p1b: Arcanine|Intimidate|boost\n|-unboost|p2b: Ceruledge|atk|1\n|move|p1a: Amoonguss|Rage Powder|p1a: Amoonguss\n|-singleturn|p1a: Amoonguss|move: Rage Powder\n|move|p2b: Ceruledge|Bitter Blade|p1b: Arcanine\n|-resisted|p1b: Arcanine\n|-damage|p1b: Arcanine|83\/100 psn\n|\n|-damage|p1b: Arcanine|71\/100 psn|[from] psn\n|upkeep\n|turn|8\n|\n|t:|1683429602\n|move|p1b: Arcanine|Extreme Speed|p2b: Ceruledge\n|-crit|p2b: Ceruledge\n|-damage|p2b: Ceruledge|63\/100\n|move|p2b: Ceruledge|Bitter Blade|p1a: Amoonguss\n|-supereffective|p1a: Amoonguss\n|-damage|p1a: Amoonguss|0 fnt\n|-heal|p2b: Ceruledge|67\/100|[from] drain|[of] p1a: Amoonguss\n|faint|p1a: Amoonguss\n|\n|-damage|p1b: Arcanine|58\/100 psn|[from] psn\n|upkeep\n|\n|t:|1683429620\n|switch|p1a: Flutter Mane|Flutter Mane, L50, tera:Fairy|52\/100 psn\n|turn|9\n|\n|t:|1683429630\n|move|p1b: Arcanine|Extreme Speed|p2b: Ceruledge\n|-damage|p2b: Ceruledge|40\/100\n|move|p1a: Flutter Mane|Moonblast|p2b: Ceruledge\n|-damage|p2b: Ceruledge|0 fnt\n|faint|p2b: Ceruledge\n|\n|win|Starlord433176\n|raw|Starlord433176's rating: 1025 → 1061<\/strong> (+36 for winning)\n|raw|brye195's rating: 1019 → 1006<\/strong> (-13 for losing)\n|l|\u2606brye195\n|c|\u2606Starlord433176|gg\n","uploadtime":1683429644,"views":15,"p1id":"starlord433176","p2id":"brye195","formatid":"gen9vgc2023regulationc","rating":1006,"private":0,"password":""}