{"id":"gen9vgc2023regulationc-1845965711","p1":"peytoncookie","p2":"kuailong","format":"[Gen 9] VGC 2023 Regulation C","log":"|j|\u2606peytoncookie\n|j|\u2606kuailong\n|t:|1681784821\n|gametype|doubles\n|player|p1|peytoncookie|ninjaboy|1210\n|player|p2|kuailong|170|1208\n|teamsize|p1|6\n|teamsize|p2|6\n|gen|9\n|tier|[Gen 9] VGC 2023 Regulation C\n|rated|\n|rule|Species Clause: Limit one of each Pok\u00e9mon\n|rule|Item Clause: Limit one of each item\n|clearpoke\n|poke|p1|Gothitelle, L50, F|\n|poke|p1|Scream Tail, L50|\n|poke|p1|Arcanine, L50, F|\n|poke|p1|Ting-Lu, L50|\n|poke|p1|Flutter Mane, L50|\n|poke|p1|Palafin, L50, M|\n|poke|p2|Amoonguss, L50, F|\n|poke|p2|Chi-Yu, L50|\n|poke|p2|Arcanine, L50, M|\n|poke|p2|Flutter Mane, L50|\n|poke|p2|Iron Bundle, L50|\n|poke|p2|Chien-Pao, L50|\n|teampreview|4\npeytoncookie has agreed to open team sheets.\n|\n|t:|1681784845\n|start\n|switch|p1a: Gothitelle|Gothitelle, L50, F|100\/100\n|switch|p1b: Palafin|Palafin, L50, M|100\/100\n|switch|p2a: Iron Bundle|Iron Bundle, L50|100\/100\n|switch|p2b: Chi-Yu|Chi-Yu, L50|100\/100\n|-ability|p2b: Chi-Yu|Beads of Ruin\n|-enditem|p2a: Iron Bundle|Booster Energy\n|-activate|p2a: Iron Bundle|ability: Quark Drive|[fromitem]\n|-start|p2a: Iron Bundle|quarkdrivespe\n|turn|1\n|\n|t:|1681784871\n|detailschange|p1b: Palafin|Palafin-Hero, L50, M\n|switch|p1b: Scream Tail|Scream Tail, L50, shiny|100\/100\n|-enditem|p1b: Scream Tail|Booster Energy\n|-activate|p1b: Scream Tail|ability: Protosynthesis|[fromitem]\n|-start|p1b: Scream Tail|protosynthesisspe\n|move|p1a: Gothitelle|Fake Out|p2a: Iron Bundle\n|-damage|p2a: Iron Bundle|94\/100\n|cant|p2a: Iron Bundle|flinch\n|move|p2b: Chi-Yu|Heat Wave|p1b: Scream Tail|[spread] p1a,p1b\n|-damage|p1a: Gothitelle|39\/100\n|-damage|p1b: Scream Tail|43\/100\n|-enditem|p1a: Gothitelle|Sitrus Berry|[eat]\n|-heal|p1a: Gothitelle|64\/100|[from] item: Sitrus Berry\n|\n|upkeep\n|turn|2\n|\n|t:|1681784912\n|move|p2a: Iron Bundle|Icy Wind|p1b: Scream Tail|[spread] p1a,p1b\n|-damage|p1a: Gothitelle|39\/100\n|-damage|p1b: Scream Tail|24\/100\n|-unboost|p1a: Gothitelle|spe|1\n|-unboost|p1b: Scream Tail|spe|1\n|move|p1b: Scream Tail|Disable|p2b: Chi-Yu\n|-start|p2b: Chi-Yu|Disable|Heat Wave\n|cant|p2b: Chi-Yu|Disable|Heat Wave\n|move|p1a: Gothitelle|Heal Pulse|p1b: Scream Tail\n|-heal|p1b: Scream Tail|74\/100\n|\n|upkeep\n|turn|3\n|\n|t:|1681784928\n|move|p1a: Gothitelle|Protect|p1a: Gothitelle\n|-singleturn|p1a: Gothitelle|Protect\n|move|p2a: Iron Bundle|Taunt|p1a: Gothitelle\n|-activate|p1a: Gothitelle|move: Protect\n|move|p1b: Scream Tail|Perish Song|p1b: Scream Tail\n|-start|p1a: Gothitelle|perish3|[silent]\n|-start|p1b: Scream Tail|perish3|[silent]\n|-start|p2a: Iron Bundle|perish3|[silent]\n|-start|p2b: Chi-Yu|perish3|[silent]\n|-fieldactivate|move: Perish Song\n|-activate|p2b: Chi-Yu|move: Struggle\n|move|p2b: Chi-Yu|Struggle|p1a: Gothitelle\n|-activate|p1a: Gothitelle|move: Protect\n|\n|-start|p2a: Iron Bundle|perish3\n|-start|p1b: Scream Tail|perish3\n|-start|p2b: Chi-Yu|perish3\n|-start|p1a: Gothitelle|perish3\n|upkeep\n|turn|4\n|inactive|Battle timer is ON: inactive players will automatically lose when time's up. (requested by kuailong)\n|\n|t:|1681784966\n|move|p2a: Iron Bundle|Taunt|p1a: Gothitelle\n|-start|p1a: Gothitelle|move: Taunt\n|move|p1b: Scream Tail|Disable|p2a: Iron Bundle\n|-start|p2a: Iron Bundle|Disable|Taunt\n|-activate|p2b: Chi-Yu|move: Struggle\n|move|p2b: Chi-Yu|Struggle|p1a: Gothitelle\n|-damage|p1a: Gothitelle|32\/100\n|-damage|p2b: Chi-Yu|75\/100|[from] recoil\n|cant|p1a: Gothitelle|move: Taunt|Heal Pulse\n|\n|-start|p2a: Iron Bundle|perish2\n|-start|p1b: Scream Tail|perish2\n|-start|p2b: Chi-Yu|perish2\n|-start|p1a: Gothitelle|perish2\n|upkeep\n|turn|5\n|\n|t:|1681784990\n|move|p2a: Iron Bundle|Hydro Pump|p1b: Scream Tail|[miss]\n|-miss|p2a: Iron Bundle|p1b: Scream Tail\n|move|p1b: Scream Tail|Play Rough|p2b: Chi-Yu\n|-damage|p2b: Chi-Yu|36\/100\n|-activate|p2b: Chi-Yu|move: Struggle\n|move|p2b: Chi-Yu|Struggle|p1a: Gothitelle\n|-damage|p1a: Gothitelle|24\/100\n|-damage|p2b: Chi-Yu|11\/100|[from] recoil\n|move|p1a: Gothitelle|Psychic|p2a: Iron Bundle\n|-damage|p2a: Iron Bundle|10\/100\n|\n|-end|p2b: Chi-Yu|Disable\n|-start|p2a: Iron Bundle|perish1\n|-start|p1b: Scream Tail|perish1\n|-start|p2b: Chi-Yu|perish1\n|-start|p1a: Gothitelle|perish1\n|upkeep\n|turn|6\n|\n|t:|1681785015\n|move|p2a: Iron Bundle|Icy Wind|p1a: Gothitelle|[spread] p1a,p1b\n|-damage|p1a: Gothitelle|0 fnt\n|-damage|p1b: Scream Tail|54\/100\n|-unboost|p1b: Scream Tail|spe|1\n|faint|p1a: Gothitelle\n|move|p2b: Chi-Yu|Heat Wave|p1b: Scream Tail\n|-damage|p1b: Scream Tail|0 fnt\n|faint|p1b: Scream Tail\n|-end|p1b: Scream Tail|Protosynthesis|[silent]\n|\n|-start|p2a: Iron Bundle|perish0\n|-start|p2b: Chi-Yu|perish0\n|upkeep\n|faint|p2a: Iron Bundle\n|-end|p2a: Iron Bundle|Quark Drive|[silent]\n|faint|p2b: Chi-Yu\n|\n|t:|1681785026\n|switch|p2a: Arcanine|Arcanine, L50, M|100\/100\n|switch|p1b: Palafin|Palafin-Hero, L50, M|100\/100\n|switch|p2b: Chien-Pao|Chien-Pao, L50|100\/100\n|switch|p1a: Flutter Mane|Flutter Mane, L50|100\/100\n|-ability|p2b: Chien-Pao|Sword of Ruin\n|-activate|p1b: Palafin|ability: Zero to Hero\n|-ability|p2a: Arcanine|Intimidate|boost\n|-unboost|p1a: Flutter Mane|atk|1\n|-unboost|p1b: Palafin|atk|1\n|turn|7\n|\n|t:|1681785045\n|-terastallize|p1b: Palafin|Water\n|-terastallize|p2a: Arcanine|Normal\n|move|p1a: Flutter Mane|Protect|p1a: Flutter Mane\n|-singleturn|p1a: Flutter Mane|Protect\n|move|p2a: Arcanine|Extreme Speed|p1b: Palafin\n|-damage|p1b: Palafin|28\/100\n|move|p2b: Chien-Pao|Sucker Punch||[still]\n|-fail|p2b: Chien-Pao\n|move|p1b: Palafin|Jet Punch|p2a: Arcanine\n|-damage|p2a: Arcanine|41\/100\n|\n|upkeep\n|turn|8\n|\n|t:|1681785064\n|move|p1b: Palafin|Protect|p1b: Palafin\n|-singleturn|p1b: Palafin|Protect\n|move|p2a: Arcanine|Extreme Speed|p1b: Palafin\n|-activate|p1b: Palafin|move: Protect\n|move|p2b: Chien-Pao|Sucker Punch|p1a: Flutter Mane\n|-enditem|p1a: Flutter Mane|Focus Sash\n|-damage|p1a: Flutter Mane|1\/100\n|move|p1a: Flutter Mane|Moonblast|p2a: Arcanine\n|-damage|p2a: Arcanine|0 fnt\n|faint|p2a: Arcanine\n|\n|upkeep\n|turn|9\n|inactive|peytoncookie has 30 seconds left.\n|inactive|kuailong has 30 seconds left.\n|\n|t:|1681785097\n|move|p2b: Chien-Pao|Sacred Sword|p1b: Palafin\n|-damage|p1b: Palafin|0 fnt\n|faint|p1b: Palafin\n|move|p1a: Flutter Mane|Moonblast|p2b: Chien-Pao\n|-supereffective|p2b: Chien-Pao\n|-enditem|p2b: Chien-Pao|Focus Sash\n|-damage|p2b: Chien-Pao|1\/100\n|\n|upkeep\n|turn|10\n|\n|t:|1681785107\n|move|p2b: Chien-Pao|Ice Shard|p1a: Flutter Mane\n|-damage|p1a: Flutter Mane|0 fnt\n|faint|p1a: Flutter Mane\n|-end|p1a: Flutter Mane|Protosynthesis|[silent]\n|\n|win|kuailong\n|raw|peytoncookie's rating: 1210 → 1185<\/strong> (-25 for losing)\n|raw|kuailong's rating: 1208 → 1233<\/strong> (+25 for winning)\n|l|\u2606kuailong\n","uploadtime":1681786027,"views":11,"p1id":"peytoncookie","p2id":"kuailong","formatid":"gen9vgc2023regulationc","rating":1185,"private":0,"password":""}