{"id":"gen9vgc2023regulationc-1859262246","p1":"SunriseArrow","p2":"GSolVLuna","format":"[Gen 9] VGC 2023 Regulation C","log":"|j|\u2606SunriseArrow\n|j|\u2606GSolVLuna\n|t:|1683425450\n|gametype|doubles\n|player|p1|SunriseArrow|jasmine|1281\n|player|p2|GSolVLuna|1|1203\n|teamsize|p1|6\n|teamsize|p2|6\n|gen|9\n|tier|[Gen 9] VGC 2023 Regulation C\n|rated|\n|rule|Species Clause: Limit one of each Pok\u00e9mon\n|rule|Item Clause: Limit one of each item\n|clearpoke\n|poke|p1|Vivillon-Fancy, L50, M|\n|poke|p1|Ting-Lu, L50|\n|poke|p1|Chi-Yu, L50|\n|poke|p1|Brute Bonnet, L50|\n|poke|p1|Scizor, L50, M|\n|poke|p1|Iron Bundle, L50|\n|poke|p2|Amoonguss, L50, F|\n|poke|p2|Armarouge, L50, M|\n|poke|p2|Gyarados, L50, M|\n|poke|p2|Hydreigon, L50, M|\n|poke|p2|Iron Hands, L50|\n|poke|p2|Iron Treads, L50|\n|teampreview|4\n|c|\u2606SunriseArrow|gl\n|inactive|Battle timer is ON: inactive players will automatically lose when time's up. (requested by SunriseArrow)\n|inactive|GSolVLuna has 60 seconds left.\n|inactive|GSolVLuna has 30 seconds left.\n|inactive|GSolVLuna has 20 seconds left.\n|inactive|GSolVLuna has 15 seconds left.\n|inactive|GSolVLuna has 10 seconds left.\n|inactive|GSolVLuna has 5 seconds left.\n|\n|t:|1683425579\n|start\n|switch|p1a: Vivillon|Vivillon-Fancy, L50, M|100\/100\n|switch|p1b: Chi-Yu|Chi-Yu, L50|100\/100\n|switch|p2a: Midway|Amoonguss, L50, F|100\/100\n|switch|p2b: IntoTheFire|Armarouge, L50, M|100\/100\n|-ability|p1b: Chi-Yu|Beads of Ruin\n|turn|1\n|inactive|SunriseArrow has 30 seconds left.\n|\n|t:|1683425609\n|move|p2a: Midway|Rage Powder|p2a: Midway\n|-singleturn|p2a: Midway|move: Rage Powder\n|move|p1a: Vivillon|Pollen Puff|p2a: Midway\n|-damage|p2a: Midway|56\/100\n|move|p1b: Chi-Yu|Heat Wave|p2a: Midway|[spread] p2a\n|-start|p2b: IntoTheFire|ability: Flash Fire\n|-supereffective|p2a: Midway\n|-damage|p2a: Midway|0 fnt\n|faint|p2a: Midway\n|-damage|p1b: Chi-Yu|91\/100|[from] item: Life Orb\n|move|p2b: IntoTheFire|Trick Room|p2b: IntoTheFire\n|-fieldstart|move: Trick Room|[of] p2b: IntoTheFire\n|\n|upkeep\n|\n|t:|1683425625\n|switch|p2a: Bismarck|Gyarados, L50, M|100\/100\n|-ability|p2a: Bismarck|Intimidate|boost\n|-unboost|p1a: Vivillon|atk|1\n|-unboost|p1b: Chi-Yu|atk|1\n|turn|2\n|\n|t:|1683425640\n|-terastallize|p1b: Chi-Yu|Water\n|move|p1a: Vivillon|Rage Powder|p1a: Vivillon\n|-singleturn|p1a: Vivillon|move: Rage Powder\n|move|p2b: IntoTheFire|Armor Cannon|p1a: Vivillon\n|-supereffective|p1a: Vivillon\n|-enditem|p1a: Vivillon|Focus Sash\n|-damage|p1a: Vivillon|1\/100\n|-unboost|p2b: IntoTheFire|def|1\n|-unboost|p2b: IntoTheFire|spd|1\n|move|p2a: Bismarck|Waterfall|p1a: Vivillon\n|-damage|p1a: Vivillon|0 fnt\n|faint|p1a: Vivillon\n|move|p1b: Chi-Yu|Tera Blast|p2b: IntoTheFire\n|-supereffective|p2b: IntoTheFire\n|-damage|p2b: IntoTheFire|0 fnt\n|faint|p2b: IntoTheFire\n|-damage|p1b: Chi-Yu|82\/100|[from] item: Life Orb\n|\n|upkeep\n|\n|t:|1683425658\n|switch|p2b: Gott Mit Uns|Hydreigon, L50, M|100\/100\n|switch|p1a: Ting-Lu|Ting-Lu, L50|100\/100\n|-ability|p1a: Ting-Lu|Vessel of Ruin\n|turn|3\n|inactive|GSolVLuna has 30 seconds left.\n|inactive|GSolVLuna has 20 seconds left.\n|\n|t:|1683425695\n|switch|p1b: Iron Bundle|Iron Bundle, L50|100\/100\n|-enditem|p1b: Iron Bundle|Booster Energy\n|-activate|p1b: Iron Bundle|ability: Quark Drive|[fromitem]\n|-start|p1b: Iron Bundle|quarkdrivespe\n|-terastallize|p2a: Bismarck|Flying\n|move|p1a: Ting-Lu|Rock Slide|p2b: Gott Mit Uns|[spread] p2a,p2b\n|-supereffective|p2a: Bismarck\n|-damage|p2a: Bismarck|56\/100\n|-damage|p2b: Gott Mit Uns|79\/100\n|move|p2a: Bismarck|Tera Blast|p1b: Iron Bundle\n|-damage|p1b: Iron Bundle|48\/100\n|move|p2b: Gott Mit Uns|Draco Meteor|p1a: Ting-Lu\n|-damage|p1a: Ting-Lu|59\/100\n|-unboost|p2b: Gott Mit Uns|spa|2\n|\n|upkeep\n|turn|4\n|\n|t:|1683425720\n|move|p1b: Iron Bundle|Protect|p1b: Iron Bundle\n|-singleturn|p1b: Iron Bundle|Protect\n|move|p1a: Ting-Lu|Rock Slide|p2b: Gott Mit Uns|[spread] p2a,p2b\n|-supereffective|p2a: Bismarck\n|-damage|p2a: Bismarck|9\/100\n|-damage|p2b: Gott Mit Uns|57\/100\n|cant|p2a: Bismarck|flinch\n|cant|p2b: Gott Mit Uns|flinch\n|\n|upkeep\n|turn|5\n|inactive|SunriseArrow has 30 seconds left.\n|\n|t:|1683425754\n|-end|p1b: Iron Bundle|Quark Drive|[silent]\n|switch|p1b: Chi-Yu|Chi-Yu, L50, tera:Water|82\/100\n|-ability|p1b: Chi-Yu|Beads of Ruin\n|move|p2a: Bismarck|Protect|p2a: Bismarck\n|-singleturn|p2a: Bismarck|Protect\n|move|p1a: Ting-Lu|Rock Slide|p2a: Bismarck|[spread] p2b\n|-activate|p2a: Bismarck|move: Protect\n|-damage|p2b: Gott Mit Uns|39\/100\n|move|p2b: Gott Mit Uns|Draco Meteor|p1b: Chi-Yu\n|-damage|p1b: Chi-Yu|38\/100\n|-unboost|p2b: Gott Mit Uns|spa|2\n|\n|-fieldend|move: Trick Room\n|upkeep\n|turn|6\n|\n|t:|1683425776\n|move|p2b: Gott Mit Uns|Draco Meteor|p1b: Chi-Yu\n|-damage|p1b: Chi-Yu|10\/100\n|-unboost|p2b: Gott Mit Uns|spa|2\n|move|p1b: Chi-Yu|Heat Wave|p2b: Gott Mit Uns|[spread] p2a,p2b\n|-resisted|p2b: Gott Mit Uns\n|-damage|p2a: Bismarck|0 fnt\n|-damage|p2b: Gott Mit Uns|9\/100\n|-status|p2b: Gott Mit Uns|brn\n|faint|p2a: Bismarck\n|-damage|p1b: Chi-Yu|0 fnt|[from] item: Life Orb\n|faint|p1b: Chi-Yu\n|move|p1a: Ting-Lu|Rock Slide|p2b: Gott Mit Uns|[miss]\n|-miss|p1a: Ting-Lu|p2b: Gott Mit Uns\n|\n|-damage|p2b: Gott Mit Uns|3\/100 brn|[from] brn\n|upkeep\n|\n|t:|1683425787\n|switch|p1b: Iron Bundle|Iron Bundle, L50|48\/100\n|turn|7\n|c|\u2606SunriseArrow|gg\n|\n|t:|1683425796\n|move|p1b: Iron Bundle|Protect|p1b: Iron Bundle\n|-singleturn|p1b: Iron Bundle|Protect\n|move|p2b: Gott Mit Uns|Draco Meteor|p1a: Ting-Lu\n|-damage|p1a: Ting-Lu|50\/100\n|move|p1a: Ting-Lu|Heavy Slam|p2b: Gott Mit Uns\n|-damage|p2b: Gott Mit Uns|0 fnt\n|faint|p2b: Gott Mit Uns\n|\n|win|SunriseArrow\n|raw|SunriseArrow's rating: 1281 → 1300<\/strong> (+19 for winning)\n|raw|GSolVLuna's rating: 1203 → 1184<\/strong> (-19 for losing)\n","uploadtime":1683425818,"views":13,"p1id":"sunrisearrow","p2id":"gsolvluna","formatid":"gen9vgc2023regulationc","rating":1184,"private":0,"password":""}