{"id":"gen9vgc2023regulationc-1851703501","p1":"Hi donut","p2":"Kirovz","format":"[Gen 9] VGC 2023 Regulation C","log":"|j|\u2606Hi donut\n|j|\u2606Kirovz\n|t:|1682471978\n|gametype|doubles\n|player|p1|Hi donut|cyclist|1327\n|player|p2|Kirovz|lance|1388\n|teamsize|p1|6\n|teamsize|p2|6\n|gen|9\n|tier|[Gen 9] VGC 2023 Regulation C\n|rated|\n|rule|Species Clause: Limit one of each Pok\u00e9mon\n|rule|Item Clause: Limit one of each item\n|clearpoke\n|poke|p1|Hawlucha, L50, M|\n|poke|p1|Indeedee-F, L50, F|\n|poke|p1|Armarouge, L50, F|\n|poke|p1|Chien-Pao, L50|\n|poke|p1|Azumarill, L50, F|\n|poke|p1|Annihilape, L50, M|\n|poke|p2|Dondozo, L50, M|\n|poke|p2|Tatsugiri-Stretchy, L50, M|\n|poke|p2|Chi-Yu, L50|\n|poke|p2|Flutter Mane, L50|\n|poke|p2|Dragonite, L50, F|\n|poke|p2|Glimmora, L50, F|\n|teampreview|4\n|inactive|Battle timer is ON: inactive players will automatically lose when time's up. (requested by Kirovz)\n|\n|t:|1682472043\n|start\n|switch|p1a: Indeedee|Indeedee-F, L50, F|100\/100\n|switch|p1b: Hawlucha|Hawlucha, L50, M|100\/100\n|switch|p2a: Glimmora|Glimmora, L50, F|100\/100\n|switch|p2b: Tatsugiri|Tatsugiri-Stretchy, L50, M|100\/100\n|-fieldstart|move: Psychic Terrain|[from] ability: Psychic Surge|[of] p1a: Indeedee\n|-enditem|p1b: Hawlucha|Psychic Seed\n|-boost|p1b: Hawlucha|spd|1|[from] item: Psychic Seed\n|turn|1\n|\n|t:|1682472059\n|move|p1b: Hawlucha|Protect|p1b: Hawlucha\n|-singleturn|p1b: Hawlucha|Protect\n|move|p2a: Glimmora|Power Gem|p1b: Hawlucha\n|-activate|p1b: Hawlucha|move: Protect\n|move|p1a: Indeedee|Psychic|p2a: Glimmora\n|-supereffective|p2a: Glimmora\n|-enditem|p2a: Glimmora|Focus Sash\n|-damage|p2a: Glimmora|1\/100\n|move|p2b: Tatsugiri|Muddy Water|p1b: Hawlucha|[spread] p1a\n|-activate|p1b: Hawlucha|move: Protect\n|-damage|p1a: Indeedee|45\/100\n|-enditem|p1a: Indeedee|Sitrus Berry|[eat]\n|-heal|p1a: Indeedee|69\/100|[from] item: Sitrus Berry\n|\n|upkeep\n|turn|2\n|inactive|Hi donut has 30 seconds left.\n|\n|t:|1682472084\n|-terastallize|p1b: Hawlucha|Flying\n|move|p1a: Indeedee|Helping Hand|p1b: Hawlucha\n|-singleturn|p1b: Hawlucha|Helping Hand|[of] p1a: Indeedee\n|move|p1b: Hawlucha|Acrobatics|p2a: Glimmora\n|-resisted|p2a: Glimmora\n|-damage|p2a: Glimmora|0 fnt\n|-activate|p2a: Glimmora|ability: Toxic Debris\n|-sidestart|p1: Hi donut|move: Toxic Spikes\n|faint|p2a: Glimmora\n|move|p2b: Tatsugiri|Muddy Water|p1a: Indeedee|[spread] p1b\n|-miss|p2b: Tatsugiri|p1a: Indeedee\n|-damage|p1b: Hawlucha|36\/100\n|\n|upkeep\n|\n|t:|1682472097\n|switch|p2a: Flutter Mane|Flutter Mane, L50|100\/100\n|-enditem|p2a: Flutter Mane|Booster Energy\n|-activate|p2a: Flutter Mane|ability: Protosynthesis|[fromitem]\n|-start|p2a: Flutter Mane|protosynthesisspe\n|turn|3\n|inactive|Hi donut has 30 seconds left.\n|\n|t:|1682472125\n|move|p2a: Flutter Mane|Protect|p2a: Flutter Mane\n|-singleturn|p2a: Flutter Mane|Protect\n|move|p1b: Hawlucha|Acrobatics|p2a: Flutter Mane\n|-activate|p2a: Flutter Mane|move: Protect\n|move|p1a: Indeedee|Psychic|p2b: Tatsugiri\n|-damage|p2b: Tatsugiri|60\/100\n|move|p2b: Tatsugiri|Muddy Water|p1b: Hawlucha|[spread] p1a,p1b\n|-damage|p1a: Indeedee|15\/100\n|-damage|p1b: Hawlucha|0 fnt\n|faint|p1b: Hawlucha\n|\n|upkeep\n|\n|t:|1682472131\n|switch|p1b: Armarouge|Armarouge, L50, F|100\/100\n|-status|p1b: Armarouge|psn\n|turn|4\n|\n|t:|1682472145\n|-terastallize|p2a: Flutter Mane|Steel\n|move|p1a: Indeedee|Follow Me|p1a: Indeedee\n|-singleturn|p1a: Indeedee|move: Follow Me\n|move|p2a: Flutter Mane|Substitute|p2a: Flutter Mane\n|-start|p2a: Flutter Mane|Substitute\n|-damage|p2a: Flutter Mane|76\/100\n|move|p1b: Armarouge|Expanding Force|p2b: Tatsugiri|[spread] p2a,p2b\n|-resisted|p2a: Flutter Mane\n|-end|p2a: Flutter Mane|Substitute\n|-damage|p2b: Tatsugiri|0 fnt\n|faint|p2b: Tatsugiri\n|\n|-damage|p1b: Armarouge|88\/100 psn|[from] psn\n|upkeep\n|\n|t:|1682472156\n|switch|p2b: Chi-Yu|Chi-Yu, L50|100\/100\n|-ability|p2b: Chi-Yu|Beads of Ruin\n|turn|5\n|\n|t:|1682472171\n|move|p1a: Indeedee|Follow Me|p1a: Indeedee\n|-singleturn|p1a: Indeedee|move: Follow Me\n|move|p2a: Flutter Mane|Substitute|p2a: Flutter Mane\n|-start|p2a: Flutter Mane|Substitute\n|-damage|p2a: Flutter Mane|51\/100\n|move|p2b: Chi-Yu|Dark Pulse|p1a: Indeedee\n|-supereffective|p1a: Indeedee\n|-damage|p1a: Indeedee|0 fnt\n|faint|p1a: Indeedee\n|move|p1b: Armarouge|Armor Cannon|p2a: Flutter Mane\n|-supereffective|p2a: Flutter Mane\n|-crit|p2a: Flutter Mane\n|-end|p2a: Flutter Mane|Substitute\n|-unboost|p1b: Armarouge|def|1\n|-unboost|p1b: Armarouge|spd|1\n|-enditem|p1b: Armarouge|White Herb\n|-clearnegativeboost|p1b: Armarouge|[silent]\n|\n|-damage|p1b: Armarouge|75\/100 psn|[from] psn\n|-fieldend|move: Psychic Terrain\n|upkeep\n|\n|t:|1682472179\n|switch|p1a: Annihilape|Annihilape, L50, M|100\/100\n|-status|p1a: Annihilape|psn\n|turn|6\n|\n|t:|1682472194\n|move|p2a: Flutter Mane|Hex|p1a: Annihilape\n|-supereffective|p1a: Annihilape\n|-damage|p1a: Annihilape|0 fnt\n|faint|p1a: Annihilape\n|move|p2b: Chi-Yu|Dark Pulse|p1b: Armarouge\n|-supereffective|p1b: Armarouge\n|-damage|p1b: Armarouge|0 fnt\n|faint|p1b: Armarouge\n|\n|win|Kirovz\n|raw|Hi donut's rating: 1327 → 1310<\/strong> (-17 for losing)\n|raw|Kirovz's rating: 1388 → 1405<\/strong> (+17 for winning)\n|l|\u2606Hi donut\n","uploadtime":1682472201,"views":10,"p1id":"hidonut","p2id":"kirovz","formatid":"gen9vgc2023regulationc","rating":1310,"private":0,"password":""}