{"id":"gen9vgc2023regulationc-1862877266","p1":"Mystery Sol","p2":"datoneman","format":"[Gen 9] VGC 2023 Regulation C","log":"|j|\u2606Mystery Sol\n|j|\u2606datoneman\n|t:|1683932596\n|gametype|doubles\n|player|p1|Mystery Sol|102|\n|player|p2|datoneman|sage|\n|teamsize|p1|6\n|teamsize|p2|6\n|gen|9\n|tier|[Gen 9] VGC 2023 Regulation C\n|rule|Species Clause: Limit one of each Pok\u00e9mon\n|rule|Item Clause: Limit one of each item\n|clearpoke\n|poke|p1|Iron Moth, L50|\n|poke|p1|Corviknight, L50, M|\n|poke|p1|Iron Valiant, L50|\n|poke|p1|Garganacl, L50, M|\n|poke|p1|Gothorita, L50, M|\n|poke|p1|Qwilfish, L50, M|\n|poke|p2|Iron Bundle, L50|\n|poke|p2|Great Tusk, L50|\n|poke|p2|Wo-Chien, L50|\n|poke|p2|Talonflame, L50, F|\n|poke|p2|Sylveon, L50, M|\n|poke|p2|Luxray, L50, M|\n|teampreview|4\n|j| Lovelylops\ndatoneman rejected open team sheets.\n|c|\u2606datoneman|g1\n|c|\u2606datoneman|ill get links\n|c|\u2606Mystery Sol|sounds good\n|l| Lovelylops\n|j| Lovelylops\n|j| SonicGoon\n|j| Accidental\n|c|\u2606datoneman|hf\n|c|\u2606Mystery Sol|glhf\n|\n|t:|1683932701\n|start\n|switch|p1a: Iron Valiant|Iron Valiant, L50|100\/100\n|switch|p1b: Gothorita|Gothorita, L50, M|100\/100\n|switch|p2a: Talonflame|Talonflame, L50, F|100\/100\n|switch|p2b: Sylveon|Sylveon, L50, M|100\/100\n|turn|1\n|c| Accidental|if world against the datoneman, i am against the world \u274c \ud83c\udf0d \u2604\ufe0f. i love #dantoneman till my last breath.. \ud83d\ude0d .. Die Hard fan of datoneman \ud83e\udd13 \ud83c\udf39. Hit Like If you Think datoneman Best player & Smart In the world \ud83e\udd20\n|\n|t:|1683932772\n|-end|p1a: Iron Valiant|Quark Drive|[silent]\n|switch|p1a: Garganacl|Garganacl, L50, M|100\/100\n|move|p1b: Gothorita|Fake Out|p2b: Sylveon\n|-crit|p2b: Sylveon\n|-damage|p2b: Sylveon|92\/100\n|move|p2a: Talonflame|Tailwind|p2a: Talonflame\n|-sidestart|p2: datoneman|move: Tailwind\n|cant|p2b: Sylveon|flinch\n|\n|upkeep\n|turn|2\n|\n|t:|1683932795\n|move|p1a: Garganacl|Wide Guard|p1a: Garganacl\n|-singleturn|p1a: Garganacl|Wide Guard\n|move|p2a: Talonflame|Taunt|p1b: Gothorita\n|-start|p1b: Gothorita|move: Taunt\n|move|p2b: Sylveon|Hyper Voice|p1a: Garganacl|[spread] \n|-activate|p1a: Garganacl|move: Wide Guard\n|-activate|p1b: Gothorita|move: Wide Guard\n|cant|p1b: Gothorita|move: Taunt|Thunder Wave\n|\n|upkeep\n|turn|3\n|\n|t:|1683932811\n|move|p2a: Talonflame|Taunt|p1a: Garganacl\n|-start|p1a: Garganacl|move: Taunt\n|move|p2b: Sylveon|Hyper Voice|p1b: Gothorita|[spread] p1a,p1b\n|-damage|p1a: Garganacl|73\/100\n|-damage|p1b: Gothorita|66\/100\n|-enditem|p2b: Sylveon|Throat Spray\n|-boost|p2b: Sylveon|spa|1|[from] item: Throat Spray\n|move|p1b: Gothorita|Psychic|p2a: Talonflame\n|-damage|p2a: Talonflame|68\/100\n|move|p1a: Garganacl|Salt Cure|p2b: Sylveon\n|-damage|p2b: Sylveon|74\/100\n|-start|p2b: Sylveon|Salt Cure\n|\n|-heal|p1a: Garganacl|79\/100|[from] item: Leftovers\n|-damage|p2b: Sylveon|62\/100|[from] Salt Cure\n|upkeep\n|turn|4\n|\n|t:|1683932830\n|move|p2a: Talonflame|Brave Bird|p1b: Gothorita\n|-damage|p1b: Gothorita|32\/100\n|-damage|p2a: Talonflame|57\/100|[from] Recoil\n|-damage|p2a: Talonflame|48\/100|[from] item: Life Orb\n|move|p2b: Sylveon|Hyper Voice|p1a: Garganacl|[spread] p1a,p1b\n|-damage|p1a: Garganacl|38\/100\n|-damage|p1b: Gothorita|0 fnt\n|faint|p1b: Gothorita\n|move|p1a: Garganacl|Salt Cure|p2b: Sylveon\n|-damage|p2b: Sylveon|42\/100\n|\n|-heal|p1a: Garganacl|43\/100|[from] item: Leftovers\n|-damage|p2b: Sylveon|30\/100|[from] Salt Cure\n|-sideend|p2: datoneman|move: Tailwind\n|upkeep\n|\n|t:|1683932844\n|switch|p1b: Iron Moth|Iron Moth, L50|100\/100\n|-enditem|p1b: Iron Moth|Booster Energy\n|-activate|p1b: Iron Moth|ability: Quark Drive|[fromitem]\n|-start|p1b: Iron Moth|quarkdrivespa\n|turn|5\n|c| Accidental|o\n|\n|t:|1683932868\n|move|p2a: Talonflame|Tailwind|p2a: Talonflame\n|-sidestart|p2: datoneman|move: Tailwind\n|move|p2b: Sylveon|Psyshock|p1b: Iron Moth\n|-supereffective|p1b: Iron Moth\n|-damage|p1b: Iron Moth|0 fnt\n|faint|p1b: Iron Moth\n|-end|p1b: Iron Moth|Quark Drive|[silent]\n|move|p1a: Garganacl|Salt Cure|p2a: Talonflame\n|-supereffective|p2a: Talonflame\n|-damage|p2a: Talonflame|0 fnt\n|faint|p2a: Talonflame\n|\n|-heal|p1a: Garganacl|49\/100|[from] item: Leftovers\n|-damage|p2b: Sylveon|18\/100|[from] Salt Cure\n|-end|p1a: Garganacl|move: Taunt\n|upkeep\n|\n|t:|1683932880\n|switch|p2a: Great Tusk|Great Tusk, L50|100\/100\n|switch|p1b: Iron Valiant|Iron Valiant, L50|100\/100\n|turn|6\n|\n|t:|1683932906\n|-terastallize|p1a: Garganacl|Ghost\n|move|p1b: Iron Valiant|Protect|p1b: Iron Valiant\n|-singleturn|p1b: Iron Valiant|Protect\n|move|p2a: Great Tusk|Headlong Rush|p1a: Garganacl\n|-damage|p1a: Garganacl|4\/100\n|-unboost|p2a: Great Tusk|def|1\n|-unboost|p2a: Great Tusk|spd|1\n|move|p2b: Sylveon|Hyper Voice|p1a: Garganacl|[spread] p1a\n|-activate|p1b: Iron Valiant|move: Protect\n|-damage|p1a: Garganacl|0 fnt\n|faint|p1a: Garganacl\n|\n|-damage|p2b: Sylveon|6\/100|[from] Salt Cure\n|upkeep\n|turn|7\n|\n|t:|1683932916\n|move|p1b: Iron Valiant|Protect||[still]\n|-fail|p1b: Iron Valiant\n|move|p2a: Great Tusk|Headlong Rush|p1b: Iron Valiant\n|-damage|p1b: Iron Valiant|9\/100\n|-unboost|p2a: Great Tusk|def|1\n|-unboost|p2a: Great Tusk|spd|1\n|move|p2b: Sylveon|Hyper Voice|p1b: Iron Valiant\n|-supereffective|p1b: Iron Valiant\n|-damage|p1b: Iron Valiant|0 fnt\n|faint|p1b: Iron Valiant\n|-end|p1b: Iron Valiant|Quark Drive|[silent]\n|\n|win|datoneman\n|l|\u2606Mystery Sol\n|c|\u2606datoneman|gg\n","uploadtime":1683932926,"views":13,"p1id":"mysterysol","p2id":"datoneman","formatid":"gen9vgc2023regulationc","rating":0,"private":0,"password":""}