{"id":"gen9vgc2023regulationc-1853063779","p1":"tagami76","p2":"Jbenn","format":"[Gen 9] VGC 2023 Regulation C","log":"|j|\u2606tagami76\n|j|\u2606Jbenn\n|t:|1682630943\n|gametype|doubles\n|player|p1|tagami76|janitor|\n|player|p2|Jbenn|steven|\n|teamsize|p1|6\n|teamsize|p2|6\n|gen|9\n|tier|[Gen 9] VGC 2023 Regulation C\n|rated|Tournament battle\n|rule|Species Clause: Limit one of each Pok\u00e9mon\n|rule|Item Clause: Limit one of each item\n|clearpoke\n|poke|p1|Dragapult, L50, F|\n|poke|p1|Flutter Mane, L50|\n|poke|p1|Kingambit, L50, M|\n|poke|p1|Gyarados, L50, F|\n|poke|p1|Amoonguss, L50, F|\n|poke|p1|Arcanine, L50, F|\n|poke|p2|Roaring Moon, L50|\n|poke|p2|Great Tusk, L50|\n|poke|p2|Gholdengo, L50|\n|poke|p2|Hariyama, L50, M|\n|poke|p2|Mimikyu, L50, M|\n|poke|p2|Gyarados, L50, M|\n|teampreview|4\n|raw| Open Team Sheet for tagami76<\/summary>Dragapult @ Choice Band Ability: Clear Body Level: 50 Tera Type: Dragon - Dragon Darts - Phantom Force - U-turn - Outrage Flutter Mane @ Booster Energy Ability: Protosynthesis Level: 50 Tera Type: Fairy - Moonblast - Dazzling Gleam - Shadow Ball - Protect Kingambit @ Assault Vest Ability: Defiant Level: 50 Shiny: Yes Tera Type: Fire - Assurance - Iron Head - Sucker Punch - Low Sweep Gyarados @ Aguav Berry Ability: Intimidate Level: 50 Tera Type: Steel - Taunt - Thunder Wave - Waterfall - Helping Hand Amoonguss @ Sitrus Berry Ability: Regenerator Level: 50 Tera Type: Water - Clear Smog - Spore - Rage Powder - Pollen Puff Arcanine @ Safety Goggles Ability: Intimidate Level: 50 Tera Type: Grass - Flare Blitz - Howl - Protect - Will-O-Wisp <\/details><\/div> Open Team Sheet for Jbenn<\/summary>Smaug (Roaring Moon) @ Booster Energy Ability: Protosynthesis Level: 50 Tera Type: Flying - Protect - Tailwind - Acrobatics - Jaw Lock Big AL (Great Tusk) @ Life Orb Ability: Protosynthesis Level: 50 Hidden Power: Fighting Tera Type: Grass - Protect - Headlong Rush - Earthquake - Ice Spinner 50 Cent (Gholdengo) @ Leftovers Ability: Good as Gold Level: 50 Tera Type: Water - Protect - Nasty Plot - Make It Rain - Thunderbolt Yokozuna (Hariyama) @ Roseli Berry Ability: Thick Fat Level: 50 Shiny: Yes Tera Type: Steel - Fake Out - Close Combat - Iron Head - Wide Guard Casper (Mimikyu) @ Sitrus Berry Ability: Disguise Level: 50 Tera Type: Water - Protect - Trick Room - Play Rough - Curse Haku (Gyarados) (M) @ Lum Berry Ability: Intimidate Level: 50 Shiny: Yes Tera Type: Flying - Taunt - Waterfall - Thunder Wave - Tera Blast <\/details><\/div>\n|j| KennyJ\n|\n|t:|1682631041\n|start\n|switch|p1a: Gyarados|Gyarados, L50, F|100\/100\n|switch|p1b: Dragapult|Dragapult, L50, F|100\/100\n|switch|p2a: Smaug|Roaring Moon, L50|100\/100\n|switch|p2b: 50 Cent|Gholdengo, L50|100\/100\n|-ability|p1a: Gyarados|Intimidate|boost\n|-unboost|p2a: Smaug|atk|1\n|-unboost|p2b: 50 Cent|atk|1\n|-enditem|p2a: Smaug|Booster Energy\n|-activate|p2a: Smaug|ability: Protosynthesis|[fromitem]\n|-start|p2a: Smaug|protosynthesisspe\n|turn|1\n|\n|t:|1682631089\n|switch|p1b: Flutter Mane|Flutter Mane, L50|100\/100\n|-enditem|p1b: Flutter Mane|Booster Energy\n|-activate|p1b: Flutter Mane|ability: Protosynthesis|[fromitem]\n|-start|p1b: Flutter Mane|protosynthesisspa\n|switch|p1a: Kingambit|Kingambit, L50, M, shiny|100\/100\n|move|p2a: Smaug|Jaw Lock|p1b: Flutter Mane\n|-damage|p1b: Flutter Mane|62\/100\n|-activate|p2a: Smaug|trapped\n|move|p2b: 50 Cent|Thunderbolt|p1a: Kingambit\n|-damage|p1a: Kingambit|75\/100\n|\n|upkeep\n|turn|2\n|\n|t:|1682631112\n|-terastallize|p2b: 50 Cent|Water\n|move|p1b: Flutter Mane|Protect|p1b: Flutter Mane\n|-singleturn|p1b: Flutter Mane|Protect\n|move|p2a: Smaug|Tailwind|p2a: Smaug\n|-sidestart|p2: Jbenn|move: Tailwind\n|move|p2b: 50 Cent|Make It Rain|p1a: Kingambit|[spread] p1a\n|-activate|p1b: Flutter Mane|move: Protect\n|-resisted|p1a: Kingambit\n|-damage|p1a: Kingambit|59\/100\n|-unboost|p2b: 50 Cent|spa|1\n|move|p1a: Kingambit|Low Sweep|p2a: Smaug\n|-supereffective|p2a: Smaug\n|-damage|p2a: Smaug|38\/100\n|-unboost|p2a: Smaug|spe|1\n|\n|upkeep\n|turn|3\n|\n|t:|1682631149\n|-end|p1b: Flutter Mane|Protosynthesis|[silent]\n|switch|p1b: Gyarados|Gyarados, L50, F|100\/100\n|-ability|p1b: Gyarados|Intimidate|boost\n|-unboost|p2a: Smaug|atk|1\n|-unboost|p2b: 50 Cent|atk|1\n|move|p2a: Smaug|Protect|p2a: Smaug\n|-singleturn|p2a: Smaug|Protect\n|move|p2b: 50 Cent|Nasty Plot|p2b: 50 Cent\n|-boost|p2b: 50 Cent|spa|2\n|move|p1a: Kingambit|Low Sweep|p2b: 50 Cent\n|-damage|p2b: 50 Cent|76\/100\n|-unboost|p2b: 50 Cent|spe|1\n|\n|-heal|p2b: 50 Cent|82\/100|[from] item: Leftovers\n|upkeep\n|turn|4\n|\n|t:|1682631191\n|-terastallize|p1b: Gyarados|Steel\n|move|p2a: Smaug|Acrobatics|p1a: Kingambit\n|-resisted|p1a: Kingambit\n|-damage|p1a: Kingambit|52\/100\n|move|p2b: 50 Cent|Make It Rain|p1a: Kingambit|[spread] p1a,p1b\n|-resisted|p1a: Kingambit\n|-resisted|p1b: Gyarados\n|-damage|p1a: Kingambit|28\/100\n|-damage|p1b: Gyarados|67\/100\n|-unboost|p2b: 50 Cent|spa|1\n|move|p1b: Gyarados|Waterfall|p2b: 50 Cent\n|-resisted|p2b: 50 Cent\n|-damage|p2b: 50 Cent|64\/100\n|move|p1a: Kingambit|Assurance|p2b: 50 Cent\n|-damage|p2b: 50 Cent|2\/100\n|\n|-heal|p2b: 50 Cent|8\/100|[from] item: Leftovers\n|upkeep\n|turn|5\n|\n|t:|1682631228\n|switch|p2b: Big AL|Great Tusk, L50|100\/100\n|move|p2a: Smaug|Protect|p2a: Smaug\n|-singleturn|p2a: Smaug|Protect\n|move|p1a: Kingambit|Sucker Punch||[still]\n|-fail|p1a: Kingambit\n|move|p1b: Gyarados|Thunder Wave|p2a: Smaug\n|-activate|p2a: Smaug|move: Protect\n|\n|-sideend|p2: Jbenn|move: Tailwind\n|upkeep\n|turn|6\n|\n|t:|1682631247\n|-end|p2a: Smaug|Protosynthesis|[silent]\n|switch|p2a: Haku|Gyarados, L50, M, shiny|100\/100\n|-ability|p2a: Haku|Intimidate|boost\n|-unboost|p1a: Kingambit|atk|1\n|-ability|p1a: Kingambit|Defiant|boost\n|-boost|p1a: Kingambit|atk|2\n|-unboost|p1b: Gyarados|atk|1\n|move|p1a: Kingambit|Sucker Punch|p2b: Big AL\n|-resisted|p2b: Big AL\n|-damage|p2b: Big AL|81\/100\n|move|p1b: Gyarados|Taunt|p2a: Haku\n|-start|p2a: Haku|move: Taunt\n|move|p2b: Big AL|Earthquake|p1b: Gyarados|[spread] p1a,p1b\n|-immune|p2a: Haku\n|-supereffective|p1a: Kingambit\n|-supereffective|p1b: Gyarados\n|-damage|p1a: Kingambit|0 fnt\n|-damage|p1b: Gyarados|0 fnt\n|faint|p1a: Kingambit\n|faint|p1b: Gyarados\n|-damage|p2b: Big AL|72\/100|[from] item: Life Orb\n|\n|upkeep\n|\n|t:|1682631266\n|switch|p1b: Dragapult|Dragapult, L50, F|100\/100\n|switch|p1a: Flutter Mane|Flutter Mane, L50|62\/100\n|turn|7\n|\n|t:|1682631312\n|switch|p2a: Smaug|Roaring Moon, L50|38\/100\n|move|p2b: Big AL|Protect|p2b: Big AL\n|-singleturn|p2b: Big AL|Protect\n|move|p1b: Dragapult|Dragon Darts|p2a: Smaug\n|-supereffective|p2a: Smaug\n|-damage|p2a: Smaug|0 fnt\n|faint|p2a: Smaug\n|-end|p2a: Smaug|Protosynthesis|[silent]\n|move|p1a: Flutter Mane|Dazzling Gleam|p2b: Big AL\n|-activate|p2b: Big AL|move: Protect\n|\n|upkeep\n|\n|t:|1682631331\n|switch|p2a: Haku|Gyarados, L50, M, shiny|100\/100\n|-ability|p2a: Haku|Intimidate|boost\n|-unboost|p1a: Flutter Mane|atk|1\n|-fail|p1b: Dragapult|unboost|[from] ability: Clear Body|[of] p1b: Dragapult\n|turn|8\n|\n|t:|1682631362\n|-end|p2b: Big AL|Protosynthesis|[silent]\n|switch|p2b: 50 Cent|Gholdengo, L50, tera:Water|8\/100\n|move|p1b: Dragapult|Dragon Darts|p2a: Haku\n|-damage|p2a: Haku|70\/100\n|-anim|p1b: Dragapult|Dragon Darts|p2b: 50 Cent\n|-damage|p2b: 50 Cent|0 fnt\n|faint|p2b: 50 Cent\n|move|p1a: Flutter Mane|Shadow Ball|p2a: Haku\n|-damage|p2a: Haku|34\/100\n|-unboost|p2a: Haku|spd|1\n|move|p2a: Haku|Waterfall|p1a: Flutter Mane\n|-damage|p1a: Flutter Mane|11\/100\n|\n|upkeep\n|c|\u2606Jbenn|bulky\n|c|\u2606tagami76|indeed\n|c|\u2606tagami76|ur gyara too\n|c|\u2606Jbenn|I just did a calc ur like Max defense?\n|j| wtfibes\n|\n|t:|1682631436\n|switch|p2b: Big AL|Great Tusk, L50|72\/100\n|turn|9\n|inactive|Battle timer is ON: inactive players will automatically lose when time's up. (requested by tagami76)\n|\n|t:|1682631457\n|move|p1b: Dragapult|Dragon Darts|p2a: Haku\n|-damage|p2a: Haku|0 fnt\n|-anim|p1b: Dragapult|Dragon Darts|p2b: Big AL\n|-damage|p2b: Big AL|45\/100\n|faint|p2a: Haku\n|move|p1a: Flutter Mane|Dazzling Gleam|p2b: Big AL\n|-supereffective|p2b: Big AL\n|-damage|p2b: Big AL|0 fnt\n|faint|p2b: Big AL\n|-end|p2b: Big AL|Protosynthesis|[silent]\n|\n|win|tagami76\n|n|\u2606tagami76|tagami76\n|n|\u2606Jbenn|jbenn\n|n| KennyJ|kennyj\n|n| wtfibes|wtfibes\n|c|\u2606Jbenn|no?\n|c|\u2606tagami76|244\n|c|\u2606Jbenn|like why did that do 50% lol\n|c|\u2606Jbenn|max hp?\n|c|\u2606tagami76|140\n|l|\u2606tagami76\n|c|\u2606Jbenn|nature?\n","uploadtime":1682631673,"views":12,"p1id":"tagami76","p2id":"jbenn","formatid":"gen9vgc2023regulationc","rating":0,"private":0,"password":""}