{"id":"gen9vgc2023regulationc-1862309279","p1":"Mikman360","p2":"potinki","format":"[Gen 9] VGC 2023 Regulation C","log":"|j|\u2606Mikman360\n|j|\u2606potinki\n|t:|1683863324\n|gametype|doubles\n|player|p1|Mikman360|169|1291\n|player|p2|potinki|acerola|1363\n|teamsize|p1|6\n|teamsize|p2|6\n|gen|9\n|tier|[Gen 9] VGC 2023 Regulation C\n|rated|\n|rule|Species Clause: Limit one of each Pok\u00e9mon\n|rule|Item Clause: Limit one of each item\n|clearpoke\n|poke|p1|Iron Hands, L50|\n|poke|p1|Mudsdale, L50, M|\n|poke|p1|Bronzong, L50|\n|poke|p1|Flutter Mane, L50|\n|poke|p1|Abomasnow, L50, M|\n|poke|p1|Brute Bonnet, L50|\n|poke|p2|Scizor, L50, F|\n|poke|p2|Chi-Yu, L50|\n|poke|p2|Dragonite, L50, F|\n|poke|p2|Chien-Pao, L50|\n|poke|p2|Flutter Mane, L50|\n|poke|p2|Amoonguss, L50, M|\n|teampreview|4\n|\n|t:|1683863380\n|start\n|switch|p1a: Slappy Hands|Iron Hands, L50|100\/100\n|switch|p1b: Big Ben|Bronzong, L50|100\/100\n|switch|p2a: Chi-Yu|Chi-Yu, L50|100\/100\n|switch|p2b: Flutter Mane|Flutter Mane, L50|100\/100\n|-ability|p2a: Chi-Yu|Beads of Ruin\n|turn|1\n|\n|t:|1683863421\n|move|p1b: Big Ben|Protect|p1b: Big Ben\n|-singleturn|p1b: Big Ben|Protect\n|move|p2a: Chi-Yu|Dark Pulse|p1b: Big Ben\n|-activate|p1b: Big Ben|move: Protect\n|move|p2b: Flutter Mane|Shadow Ball|p1b: Big Ben\n|-activate|p1b: Big Ben|move: Protect\n|move|p1a: Slappy Hands|Heavy Slam|p2b: Flutter Mane\n|-supereffective|p2b: Flutter Mane\n|-damage|p2b: Flutter Mane|0 fnt\n|faint|p2b: Flutter Mane\n|-end|p2b: Flutter Mane|Protosynthesis|[silent]\n|\n|upkeep\n|\n|t:|1683863427\n|switch|p2b: Dragonite|Dragonite, L50, F|100\/100\n|turn|2\n|\n|t:|1683863440\n|-terastallize|p2b: Dragonite|Flying\n|-terastallize|p1b: Big Ben|Fire\n|move|p2a: Chi-Yu|Dark Pulse|p1b: Big Ben\n|-damage|p1b: Big Ben|59\/100\n|move|p2b: Dragonite|Tera Blast|p1a: Slappy Hands\n|-damage|p1a: Slappy Hands|57\/100\n|move|p1a: Slappy Hands|Close Combat|p2a: Chi-Yu\n|-supereffective|p2a: Chi-Yu\n|-damage|p2a: Chi-Yu|0 fnt\n|-unboost|p1a: Slappy Hands|def|1\n|-unboost|p1a: Slappy Hands|spd|1\n|faint|p2a: Chi-Yu\n|cant|p1b: Big Ben|flinch\n|\n|upkeep\n|\n|t:|1683863455\n|switch|p2a: Chien-Pao|Chien-Pao, L50|100\/100\n|-ability|p2a: Chien-Pao|Sword of Ruin\n|turn|3\n|\n|t:|1683863495\n|-end|p1a: Slappy Hands|Quark Drive|[silent]\n|switch|p1a: Dirty Dan|Mudsdale, L50, M|100\/100\n|move|p2a: Chien-Pao|Sacred Sword|p1b: Big Ben\n|-damage|p1b: Big Ben|28\/100\n|move|p2b: Dragonite|Tera Blast|p1a: Dirty Dan\n|-damage|p1a: Dirty Dan|35\/100\n|move|p1b: Big Ben|Gyro Ball|p2a: Chien-Pao\n|-supereffective|p2a: Chien-Pao\n|-enditem|p2a: Chien-Pao|Focus Sash\n|-damage|p2a: Chien-Pao|1\/100\n|\n|upkeep\n|turn|4\n|inactive|Battle timer is ON: inactive players will automatically lose when time's up. (requested by potinki)\n|\n|t:|1683863563\n|move|p1b: Big Ben|Protect|p1b: Big Ben\n|-singleturn|p1b: Big Ben|Protect\n|move|p2a: Chien-Pao|Ice Spinner|p1a: Dirty Dan\n|-supereffective|p1a: Dirty Dan\n|-damage|p1a: Dirty Dan|0 fnt\n|faint|p1a: Dirty Dan\n|move|p2b: Dragonite|Tera Blast|p1b: Big Ben\n|-activate|p1b: Big Ben|move: Protect\n|\n|upkeep\n|\n|t:|1683863566\n|switch|p1a: Slappy Hands|Iron Hands, L50|57\/100\n|turn|5\n|\n|t:|1683863575\n|move|p2a: Chien-Pao|Protect|p2a: Chien-Pao\n|-singleturn|p2a: Chien-Pao|Protect\n|move|p1a: Slappy Hands|Fake Out|p2a: Chien-Pao\n|-activate|p2a: Chien-Pao|move: Protect\n|move|p2b: Dragonite|Tera Blast|p1b: Big Ben\n|-damage|p1b: Big Ben|0 fnt\n|faint|p1b: Big Ben\n|\n|upkeep\n|\n|t:|1683863582\n|switch|p1b: Grim Shady|Brute Bonnet, L50|100\/100\n|turn|6\n|\n|t:|1683863604\n|move|p2a: Chien-Pao|Sucker Punch|p1a: Slappy Hands\n|-resisted|p1a: Slappy Hands\n|-damage|p1a: Slappy Hands|39\/100\n|move|p1b: Grim Shady|Sucker Punch||[still]\n|-fail|p1b: Grim Shady\n|move|p2b: Dragonite|Tera Blast|p1a: Slappy Hands\n|-damage|p1a: Slappy Hands|0 fnt\n|faint|p1a: Slappy Hands\n|-end|p1a: Slappy Hands|Quark Drive|[silent]\n|\n|upkeep\n|turn|7\n|\n|t:|1683863616\n|move|p2a: Chien-Pao|Ice Spinner|p1b: Grim Shady\n|-supereffective|p1b: Grim Shady\n|-damage|p1b: Grim Shady|12\/100\n|move|p2b: Dragonite|Tera Blast|p1b: Grim Shady\n|-supereffective|p1b: Grim Shady\n|-damage|p1b: Grim Shady|0 fnt\n|faint|p1b: Grim Shady\n|-end|p1b: Grim Shady|Protosynthesis|[silent]\n|\n|win|potinki\n|raw|Mikman360's rating: 1291 → 1271<\/strong> (-20 for losing)\n|raw|potinki's rating: 1363 → 1379<\/strong> (+16 for winning)\n","uploadtime":1683863630,"views":14,"p1id":"mikman360","p2id":"potinki","formatid":"gen9vgc2023regulationc","rating":1271,"private":0,"password":""}