{"id":"gen9vgc2023regulationc-1860666670","p1":"Mistergogobe","p2":"Chickenmdjw","format":"[Gen 9] VGC 2023 Regulation C","log":"|j|\u2606Mistergogobe\n|j|\u2606Chickenmdjw\n|t:|1683664152\n|gametype|doubles\n|player|p1|Mistergogobe|101|1111\n|player|p2|Chickenmdjw|266|1066\n|teamsize|p1|6\n|teamsize|p2|6\n|gen|9\n|tier|[Gen 9] VGC 2023 Regulation C\n|rated|\n|rule|Species Clause: Limit one of each Pok\u00e9mon\n|rule|Item Clause: Limit one of each item\n|clearpoke\n|poke|p1|Sandy Shocks, L50|\n|poke|p1|Espathra, L50, F|\n|poke|p1|Iron Bundle, L50|\n|poke|p1|Hydreigon, L50, F|\n|poke|p1|Talonflame, L50, M|\n|poke|p1|Scizor, L50, F|\n|poke|p2|Dragonite, L50, F|\n|poke|p2|Flutter Mane, L50|\n|poke|p2|Ting-Lu, L50|\n|poke|p2|Tyranitar, L50, M|\n|poke|p2|Bronzong, L50|\n|poke|p2|Iron Hands, L50|\n|teampreview|4\n|\n|t:|1683664179\n|start\n|switch|p1a: Sandy Shocks|Sandy Shocks, L50|100\/100\n|switch|p1b: Espathra|Espathra, L50, F|100\/100\n|switch|p2a: Iron Hands|Iron Hands, L50|100\/100\n|switch|p2b: Tyranitar|Tyranitar, L50, M|100\/100\n|-weather|Sandstorm|[from] ability: Sand Stream|[of] p2b: Tyranitar\n|-enditem|p1a: Sandy Shocks|Booster Energy\n|-activate|p1a: Sandy Shocks|ability: Protosynthesis|[fromitem]\n|-start|p1a: Sandy Shocks|protosynthesisspe\n|turn|1\n|inactive|Battle timer is ON: inactive players will automatically lose when time's up. (requested by Chickenmdjw)\n|\n|t:|1683664207\n|-end|p2a: Iron Hands|Quark Drive|[silent]\n|switch|p2a: Bronzong|Bronzong, L50, shiny|100\/100\n|-terastallize|p2b: Tyranitar|Flying\n|move|p1b: Espathra|Protect|p1b: Espathra\n|-singleturn|p1b: Espathra|Protect\n|move|p1a: Sandy Shocks|Gravity|p1a: Sandy Shocks\n|-fieldstart|move: Gravity\n|move|p2b: Tyranitar|Crunch|p1b: Espathra\n|-activate|p1b: Espathra|move: Protect\n|\n|-weather|Sandstorm|[upkeep]\n|-damage|p1b: Espathra|94\/100|[from] Sandstorm\n|-damage|p2b: Tyranitar|95\/100|[from] Sandstorm\n|-ability|p1b: Espathra|Speed Boost|boost\n|-boost|p1b: Espathra|spe|1\n|upkeep\n|turn|2\n|inactive|Mistergogobe has 30 seconds left.\n|\n|t:|1683664239\n|move|p1a: Sandy Shocks|Thunder|p2b: Tyranitar\n|-supereffective|p2b: Tyranitar\n|-damage|p2b: Tyranitar|47\/100\n|move|p1b: Espathra|Hypnosis|p2a: Bronzong\n|-status|p2a: Bronzong|slp|[from] move: Hypnosis\n|move|p2b: Tyranitar|Crunch|p1b: Espathra\n|-supereffective|p1b: Espathra\n|-damage|p1b: Espathra|4\/100\n|cant|p2a: Bronzong|slp\n|\n|-weather|Sandstorm|[upkeep]\n|-damage|p1b: Espathra|0 fnt|[from] Sandstorm\n|-damage|p2b: Tyranitar|41\/100|[from] Sandstorm\n|faint|p1b: Espathra\n|upkeep\n|\n|t:|1683664252\n|switch|p1b: Iron Bundle|Iron Bundle, L50|100\/100\n|turn|3\n|\n|t:|1683664258\n|switch|p2b: Ting-Lu|Ting-Lu, L50|100\/100\n|-ability|p2b: Ting-Lu|Vessel of Ruin\n|move|p1a: Sandy Shocks|Thunder|p2b: Ting-Lu\n|-immune|p2b: Ting-Lu\n|move|p1b: Iron Bundle|Hydro Pump|p2a: Bronzong\n|-damage|p2a: Bronzong|67\/100 slp\n|cant|p2a: Bronzong|slp\n|\n|-weather|Sandstorm|[upkeep]\n|-damage|p1b: Iron Bundle|95\/100|[from] Sandstorm\n|upkeep\n|turn|4\n|inactive|Mistergogobe has 30 seconds left.\n|\n|t:|1683664291\n|move|p1a: Sandy Shocks|Earth Power|p2b: Ting-Lu\n|-damage|p2b: Ting-Lu|81\/100\n|move|p1b: Iron Bundle|Blizzard|p2b: Ting-Lu|[spread] p2a,p2b\n|-resisted|p2a: Bronzong\n|-supereffective|p2b: Ting-Lu\n|-damage|p2a: Bronzong|56\/100 slp\n|-damage|p2b: Ting-Lu|40\/100\n|move|p2b: Ting-Lu|Rock Slide|p1a: Sandy Shocks|[spread] p1a,p1b\n|-resisted|p1a: Sandy Shocks\n|-supereffective|p1b: Iron Bundle\n|-damage|p1a: Sandy Shocks|93\/100\n|-damage|p1b: Iron Bundle|60\/100\n|-curestatus|p2a: Bronzong|slp|[msg]\n|move|p2a: Bronzong|Trick Room|p2a: Bronzong\n|-fieldstart|move: Trick Room|[of] p2a: Bronzong\n|\n|-weather|Sandstorm|[upkeep]\n|-damage|p1b: Iron Bundle|54\/100|[from] Sandstorm\n|upkeep\n|turn|5\n|inactive|Mistergogobe has 30 seconds left.\n|\n|t:|1683664324\n|move|p2a: Bronzong|Body Press|p1b: Iron Bundle\n|-supereffective|p1b: Iron Bundle\n|-damage|p1b: Iron Bundle|0 fnt\n|faint|p1b: Iron Bundle\n|-end|p1b: Iron Bundle|Quark Drive|[silent]\n|move|p2b: Ting-Lu|Rest|p2b: Ting-Lu\n|-status|p2b: Ting-Lu|slp|[from] move: Rest\n|-heal|p2b: Ting-Lu|100\/100 slp|[silent]\n|move|p1a: Sandy Shocks|Earth Power|p2a: Bronzong\n|-supereffective|p2a: Bronzong\n|-damage|p2a: Bronzong|11\/100\n|-enditem|p2a: Bronzong|Sitrus Berry|[eat]\n|-heal|p2a: Bronzong|36\/100|[from] item: Sitrus Berry\n|\n|-weather|none\n|-fieldend|move: Gravity\n|upkeep\n|\n|t:|1683664333\n|switch|p1b: Talonflame|Talonflame, L50, M|100\/100\n|turn|6\n|inactive|Chickenmdjw has 30 seconds left.\n|\n|t:|1683664364\n|move|p2a: Bronzong|Gyro Ball|p1b: Talonflame\n|-resisted|p1b: Talonflame\n|-damage|p1b: Talonflame|76\/100\n|cant|p2b: Ting-Lu|slp\n|move|p2b: Ting-Lu|Sleep Talk|p2b: Ting-Lu\n|move|p2b: Ting-Lu|Rock Slide|p1b: Talonflame|[from]move: Sleep Talk|[spread] p1a,p1b\n|-resisted|p1a: Sandy Shocks\n|-supereffective|p1b: Talonflame\n|-damage|p1a: Sandy Shocks|85\/100\n|-damage|p1b: Talonflame|0 fnt\n|faint|p1b: Talonflame\n|move|p1a: Sandy Shocks|Earth Power|p2b: Ting-Lu\n|-damage|p2b: Ting-Lu|83\/100 slp\n|\n|upkeep\n|turn|7\n|\n|t:|1683664378\n|move|p2a: Bronzong|Body Press|p1a: Sandy Shocks\n|-damage|p1a: Sandy Shocks|61\/100\n|cant|p2b: Ting-Lu|slp\n|move|p2b: Ting-Lu|Sleep Talk|p2b: Ting-Lu\n|move|p2b: Ting-Lu|Stomping Tantrum|p1a: Sandy Shocks|[from]move: Sleep Talk\n|-supereffective|p1a: Sandy Shocks\n|-damage|p1a: Sandy Shocks|0 fnt\n|faint|p1a: Sandy Shocks\n|-end|p1a: Sandy Shocks|Protosynthesis|[silent]\n|\n|win|Chickenmdjw\n|raw|Mistergogobe's rating: 1111 → 1083<\/strong> (-28 for losing)\n|raw|Chickenmdjw's rating: 1066 → 1100<\/strong> (+34 for winning)\n|l|\u2606Mistergogobe\n","uploadtime":1683664393,"views":7,"p1id":"mistergogobe","p2id":"chickenmdjw","formatid":"gen9vgc2023regulationc","rating":1083,"private":0,"password":""}