{"id":"gen9vgc2023regulationc-1854998286","p1":"Flo Bros Inc.","p2":"leafyarrow","format":"[Gen 9] VGC 2023 Regulation C","log":"|j|\u2606Flo Bros Inc.\n|j|\u2606leafyarrow\n|t:|1682889309\n|gametype|doubles\n|player|p1|Flo Bros Inc.|unknown|1360\n|player|p2|leafyarrow|leaf-gen3|1338\n|teamsize|p1|6\n|teamsize|p2|6\n|gen|9\n|tier|[Gen 9] VGC 2023 Regulation C\n|rated|\n|rule|Species Clause: Limit one of each Pok\u00e9mon\n|rule|Item Clause: Limit one of each item\n|clearpoke\n|poke|p1|Mimikyu, L50, M|\n|poke|p1|Iron Hands, L50|\n|poke|p1|Torkoal, L50, M|\n|poke|p1|Arboliva, L50, F|\n|poke|p1|Amoonguss, L50, M|\n|poke|p1|Armarouge, L50, M|\n|poke|p2|Flutter Mane, L50|\n|poke|p2|Palafin, L50, M|\n|poke|p2|Amoonguss, L50, F|\n|poke|p2|Ting-Lu, L50|\n|poke|p2|Arcanine, L50, M|\n|poke|p2|Kingambit, L50, M|\n|teampreview|4\nFlo Bros Inc. rejected open team sheets.\n|\n|t:|1682889340\n|start\n|switch|p1a: MrBdyEvrthng|Mimikyu, L50, M, shiny|100\/100\n|switch|p1b: Iron Hands|Iron Hands, L50|100\/100\n|switch|p2a: Ting-Lu|Ting-Lu, L50|100\/100\n|switch|p2b: Amoonguss|Amoonguss, L50, F|100\/100\n|-ability|p2a: Ting-Lu|Vessel of Ruin\n|turn|1\n|\n|t:|1682889378\n|-terastallize|p1a: MrBdyEvrthng|Grass\n|move|p2b: Amoonguss|Protect|p2b: Amoonguss\n|-singleturn|p2b: Amoonguss|Protect\n|move|p2a: Ting-Lu|Stomping Tantrum|p1a: MrBdyEvrthng\n|-activate|p1a: MrBdyEvrthng|ability: Disguise\n|-damage|p1a: MrBdyEvrthng|100\/100\n|detailschange|p1a: MrBdyEvrthng|Mimikyu-Busted, L50, M, shiny, tera:Grass\n|-damage|p1a: MrBdyEvrthng|88\/100|[from] pokemon: Mimikyu-Busted\n|move|p1b: Iron Hands|Drain Punch|p2a: Ting-Lu\n|-supereffective|p2a: Ting-Lu\n|-damage|p2a: Ting-Lu|54\/100\n|move|p1a: MrBdyEvrthng|Trick Room|p1a: MrBdyEvrthng\n|-fieldstart|move: Trick Room|[of] p1a: MrBdyEvrthng\n|\n|upkeep\n|turn|2\n|\n|t:|1682889421\n|-end|p1b: Iron Hands|Quark Drive|[silent]\n|switch|p1b: Arboliva|Arboliva, L50, F|100\/100\n|-terastallize|p2a: Ting-Lu|Poison\n|move|p2b: Amoonguss|Pollen Puff|p2a: Ting-Lu\n|-heal|p2a: Ting-Lu|100\/100\n|move|p2a: Ting-Lu|Stomping Tantrum|p1b: Arboliva\n|-resisted|p1b: Arboliva\n|-damage|p1b: Arboliva|84\/100\n|-fieldstart|move: Grassy Terrain|[from] ability: Seed Sower|[of] p1b: Arboliva\n|move|p1a: MrBdyEvrthng|Play Rough|p2a: Ting-Lu\n|-resisted|p2a: Ting-Lu\n|-damage|p2a: Ting-Lu|91\/100\n|\n|-heal|p1b: Arboliva|91\/100|[from] Grassy Terrain\n|-heal|p2a: Ting-Lu|97\/100|[from] Grassy Terrain\n|-heal|p1a: MrBdyEvrthng|94\/100|[from] Grassy Terrain\n|upkeep\n|turn|3\n|\n|t:|1682889450\n|move|p1b: Arboliva|Hyper Voice|p2a: Ting-Lu|[spread] p2a,p2b\n|-damage|p2a: Ting-Lu|86\/100\n|-damage|p2b: Amoonguss|77\/100\n|-enditem|p1b: Arboliva|Throat Spray\n|-boost|p1b: Arboliva|spa|1|[from] item: Throat Spray\n|move|p2b: Amoonguss|Pollen Puff|p1a: MrBdyEvrthng\n|-supereffective|p1a: MrBdyEvrthng\n|-damage|p1a: MrBdyEvrthng|68\/100\n|move|p2a: Ting-Lu|Heavy Slam|p1a: MrBdyEvrthng\n|-damage|p1a: MrBdyEvrthng|33\/100\n|move|p1a: MrBdyEvrthng|Will-O-Wisp|p2a: Ting-Lu\n|-status|p2a: Ting-Lu|brn\n|\n|-heal|p1b: Arboliva|97\/100|[from] Grassy Terrain\n|-heal|p2b: Amoonguss|83\/100|[from] Grassy Terrain\n|-heal|p2a: Ting-Lu|92\/100 brn|[from] Grassy Terrain\n|-heal|p1a: MrBdyEvrthng|39\/100|[from] Grassy Terrain\n|-damage|p2a: Ting-Lu|86\/100 brn|[from] brn\n|upkeep\n|turn|4\n|\n|t:|1682889477\n|switch|p2b: Arcanine|Arcanine, L50, M|100\/100\n|-ability|p2b: Arcanine|Intimidate|boost\n|-unboost|p1a: MrBdyEvrthng|atk|1\n|-unboost|p1b: Arboliva|atk|1\n|switch|p1a: Iron Hands|Iron Hands, L50|100\/100\n|move|p1b: Arboliva|Giga Drain|p2a: Ting-Lu\n|-resisted|p2a: Ting-Lu\n|-damage|p2a: Ting-Lu|71\/100 brn\n|-heal|p1b: Arboliva|100\/100|[from] drain|[of] p2a: Ting-Lu\n|move|p2a: Ting-Lu|Ruination|p1b: Arboliva\n|-damage|p1b: Arboliva|51\/100\n|\n|-heal|p1b: Arboliva|57\/100|[from] Grassy Terrain\n|-heal|p2a: Ting-Lu|77\/100 brn|[from] Grassy Terrain\n|-damage|p2a: Ting-Lu|71\/100 brn|[from] brn\n|upkeep\n|turn|5\n|\n|t:|1682889521\n|switch|p2a: Amoonguss|Amoonguss, L50, F|100\/100\n|move|p1a: Iron Hands|Fake Out|p2b: Arcanine\n|-damage|p2b: Arcanine|83\/100\n|move|p1b: Arboliva|Earth Power|p2a: Amoonguss\n|-damage|p2a: Amoonguss|57\/100\n|cant|p2b: Arcanine|flinch\n|\n|-heal|p1b: Arboliva|63\/100|[from] Grassy Terrain\n|-heal|p2a: Amoonguss|63\/100|[from] Grassy Terrain\n|-heal|p2b: Arcanine|89\/100|[from] Grassy Terrain\n|-fieldend|move: Trick Room\n|upkeep\n|turn|6\n|\n|t:|1682889540\n|-end|p1a: Iron Hands|Quark Drive|[silent]\n|switch|p1a: MrBdyEvrthng|Mimikyu-Busted, L50, M, shiny, tera:Grass|39\/100\n|move|p2b: Arcanine|Will-O-Wisp|p1a: MrBdyEvrthng\n|-status|p1a: MrBdyEvrthng|brn\n|move|p2a: Amoonguss|Pollen Puff|p2b: Arcanine\n|-heal|p2b: Arcanine|100\/100\n|move|p1b: Arboliva|Hyper Voice|p2b: Arcanine|[spread] p2a,p2b\n|-damage|p2a: Amoonguss|14\/100\n|-damage|p2b: Arcanine|44\/100\n|-enditem|p2a: Amoonguss|Sitrus Berry|[eat]\n|-heal|p2a: Amoonguss|39\/100|[from] item: Sitrus Berry\n|\n|-heal|p2b: Arcanine|50\/100|[from] Grassy Terrain\n|-heal|p1a: MrBdyEvrthng|45\/100 brn|[from] Grassy Terrain\n|-heal|p2a: Amoonguss|45\/100|[from] Grassy Terrain\n|-heal|p1b: Arboliva|69\/100|[from] Grassy Terrain\n|-damage|p1a: MrBdyEvrthng|39\/100 brn|[from] brn\n|-fieldend|move: Grassy Terrain\n|upkeep\n|turn|7\n|\n|t:|1682889572\n|switch|p2a: Ting-Lu|Ting-Lu, L50, tera:Poison|71\/100 brn\n|-ability|p2a: Ting-Lu|Vessel of Ruin\n|move|p2b: Arcanine|Flare Blitz|p1a: MrBdyEvrthng\n|-supereffective|p1a: MrBdyEvrthng\n|-crit|p1a: MrBdyEvrthng\n|-damage|p1a: MrBdyEvrthng|0 fnt\n|faint|p1a: MrBdyEvrthng\n|-damage|p2b: Arcanine|40\/100|[from] Recoil\n|move|p1b: Arboliva|Hyper Voice|p2a: Ting-Lu|[spread] p2a,p2b\n|-damage|p2a: Ting-Lu|51\/100 brn\n|-damage|p2b: Arcanine|0 fnt\n|faint|p2b: Arcanine\n|\n|-damage|p2a: Ting-Lu|45\/100 brn|[from] brn\n|upkeep\n|\n|t:|1682889588\n|switch|p2b: Kingambit|Kingambit, L50, M|100\/100\n|switch|p1a: Iron Hands|Iron Hands, L50|100\/100\n|turn|8\n|\n|t:|1682889629\n|move|p2b: Kingambit|Protect|p2b: Kingambit\n|-singleturn|p2b: Kingambit|Protect\n|move|p1a: Iron Hands|Fake Out|p2b: Kingambit\n|-activate|p2b: Kingambit|move: Protect\n|move|p2a: Ting-Lu|Stomping Tantrum|p1a: Iron Hands\n|-supereffective|p1a: Iron Hands\n|-damage|p1a: Iron Hands|80\/100\n|move|p1b: Arboliva|Earth Power|p2b: Kingambit\n|-activate|p2b: Kingambit|move: Protect\n|\n|-damage|p2a: Ting-Lu|39\/100 brn|[from] brn\n|upkeep\n|turn|9\n|\n|t:|1682889648\n|switch|p2b: Amoonguss|Amoonguss, L50, F|78\/100\n|move|p1b: Arboliva|Protect|p1b: Arboliva\n|-singleturn|p1b: Arboliva|Protect\n|move|p2a: Ting-Lu|Fissure|p1a: Iron Hands|[miss]\n|-miss|p2a: Ting-Lu|p1a: Iron Hands\n|move|p1a: Iron Hands|Wild Charge|p2a: Ting-Lu\n|-damage|p2a: Ting-Lu|12\/100 brn\n|-damage|p1a: Iron Hands|73\/100|[from] Recoil\n|\n|-damage|p2a: Ting-Lu|6\/100 brn|[from] brn\n|upkeep\n|turn|10\n|\n|t:|1682889665\n|-end|p1a: Iron Hands|Quark Drive|[silent]\n|switch|p1a: Tort|Torkoal, L50, M|100\/100\n|-weather|SunnyDay|[from] ability: Drought|[of] p1a: Tort\n|move|p2a: Ting-Lu|Fissure|p1a: Tort\n|-damage|p1a: Tort|0 fnt\n|faint|p1a: Tort\n|-ohko\n|move|p2b: Amoonguss|Pollen Puff|p2a: Ting-Lu\n|-heal|p2a: Ting-Lu|56\/100 brn\n|move|p1b: Arboliva|Hyper Voice|p2a: Ting-Lu|[spread] p2a,p2b\n|-damage|p2a: Ting-Lu|36\/100 brn\n|-damage|p2b: Amoonguss|40\/100\n|\n|-weather|SunnyDay|[upkeep]\n|-damage|p2a: Ting-Lu|30\/100 brn|[from] brn\n|upkeep\n|\n|t:|1682889680\n|switch|p1a: Iron Hands|Iron Hands, L50|73\/100\n|turn|11\n|\n|t:|1682889690\n|move|p1a: Iron Hands|Fake Out|p2b: Amoonguss\n|-damage|p2b: Amoonguss|27\/100\n|move|p2a: Ting-Lu|Fissure|p1a: Iron Hands|[miss]\n|-miss|p2a: Ting-Lu|p1a: Iron Hands\n|cant|p2b: Amoonguss|flinch\n|move|p1b: Arboliva|Earth Power|p2a: Ting-Lu\n|-supereffective|p2a: Ting-Lu\n|-damage|p2a: Ting-Lu|0 fnt\n|faint|p2a: Ting-Lu\n|\n|-weather|SunnyDay|[upkeep]\n|upkeep\n|\n|t:|1682889701\n|switch|p2a: Kingambit|Kingambit, L50, M|100\/100\n|turn|12\n|\n|t:|1682889711\n|move|p2a: Kingambit|Protect|p2a: Kingambit\n|-singleturn|p2a: Kingambit|Protect\n|move|p2b: Amoonguss|Spore|p1a: Iron Hands\n|-status|p1a: Iron Hands|slp|[from] move: Spore\n|cant|p1a: Iron Hands|slp\n|move|p1b: Arboliva|Earth Power|p2a: Kingambit\n|-activate|p2a: Kingambit|move: Protect\n|\n|-weather|SunnyDay|[upkeep]\n|upkeep\n|turn|13\n|\n|t:|1682889727\n|move|p1b: Arboliva|Protect|p1b: Arboliva\n|-singleturn|p1b: Arboliva|Protect\n|move|p2a: Kingambit|Swords Dance|p2a: Kingambit\n|-boost|p2a: Kingambit|atk|2\n|move|p2b: Amoonguss|Pollen Puff|p2a: Kingambit\n|-immune|p2a: Kingambit\n|-curestatus|p1a: Iron Hands|slp|[msg]\n|move|p1a: Iron Hands|Drain Punch|p2a: Kingambit\n|-supereffective|p2a: Kingambit\n|-damage|p2a: Kingambit|0 fnt\n|-heal|p1a: Iron Hands|100\/100|[from] drain|[of] p2a: Kingambit\n|faint|p2a: Kingambit\n|\n|-weather|SunnyDay|[upkeep]\n|upkeep\n|turn|14\n|-message|leafyarrow forfeited.\n|\n|win|Flo Bros Inc.\n|raw|Flo Bros Inc.'s rating: 1360 → 1379<\/strong> (+19 for winning)\n|raw|leafyarrow's rating: 1338 → 1319<\/strong> (-19 for losing)\n","uploadtime":1682889750,"views":9,"p1id":"flobrosinc","p2id":"leafyarrow","formatid":"gen9vgc2023regulationc","rating":1319,"private":0,"password":""}