{"id":"gen9vgc2023regulationc-1848593810","p1":"Hadrian1917","p2":"joemada","format":"[Gen 9] VGC 2023 Regulation C","log":"|j|\u2606Hadrian1917\n|j|\u2606joemada\n|t:|1682092868\n|gametype|doubles\n|player|p1|Hadrian1917|brock|1215\n|player|p2|joemada|lance|1148\n|teamsize|p1|6\n|teamsize|p2|6\n|gen|9\n|tier|[Gen 9] VGC 2023 Regulation C\n|rated|\n|rule|Species Clause: Limit one of each Pok\u00e9mon\n|rule|Item Clause: Limit one of each item\n|clearpoke\n|poke|p1|Flutter Mane, L50|\n|poke|p1|Arcanine, L50, M|\n|poke|p1|Baxcalibur, L50, M|\n|poke|p1|Ting-Lu, L50|\n|poke|p1|Gyarados, L50, M|\n|poke|p1|Amoonguss, L50, M|\n|poke|p2|Armarouge, L50, M|\n|poke|p2|Indeedee-F, L50, F|\n|poke|p2|Skeledirge, L50, F|\n|poke|p2|Amoonguss, L50, F|\n|poke|p2|Iron Hands, L50|\n|poke|p2|Kingambit, L50, M|\n|teampreview|4\n|inactive|Battle timer is ON: inactive players will automatically lose when time's up. (requested by joemada)\n|inactive|Hadrian1917 has 60 seconds left.\njoemada has agreed to open team sheets.\n|inactive|Hadrian1917 has 30 seconds left.\n|inactive|Hadrian1917 has 20 seconds left.\n|inactive|Hadrian1917 has 15 seconds left.\n|c|\u2606joemada|ayo?\n|inactive|Hadrian1917 has 10 seconds left.\n|inactive|Hadrian1917 has 5 seconds left.\n|\n|t:|1682092957\n|start\n|switch|p1a: Baxcalibur|Baxcalibur, L50, M|100\/100\n|switch|p1b: Flutter Mane|Flutter Mane, L50|100\/100\n|switch|p2a: Armarouge|Armarouge, L50, M|100\/100\n|switch|p2b: Indeedee|Indeedee-F, L50, F|100\/100\n|-fieldstart|move: Psychic Terrain|[from] ability: Psychic Surge|[of] p2b: Indeedee\n|-enditem|p2b: Indeedee|Psychic Seed\n|-boost|p2b: Indeedee|spd|1|[from] item: Psychic Seed\n|turn|1\n|inactive|Hadrian1917 has 30 seconds left.\n|inactive|joemada has 30 seconds left.\n|inactive|Hadrian1917 has 20 seconds left.\n|\n|t:|1682092994\n|move|p2b: Indeedee|Follow Me|p2b: Indeedee\n|-singleturn|p2b: Indeedee|move: Follow Me\n|move|p1b: Flutter Mane|Dazzling Gleam|p2a: Armarouge|[spread] p2a,p2b\n|-resisted|p2a: Armarouge\n|-damage|p2a: Armarouge|74\/100\n|-damage|p2b: Indeedee|80\/100\n|move|p1a: Baxcalibur|Glaive Rush|p2b: Indeedee\n|-damage|p2b: Indeedee|0 fnt\n|-singlemove|p1a: Baxcalibur|Glaive Rush|[silent]\n|faint|p2b: Indeedee\n|move|p2a: Armarouge|Trick Room|p2a: Armarouge\n|-fieldstart|move: Trick Room|[of] p2a: Armarouge\n|\n|upkeep\n|\n|t:|1682093005\n|switch|p2b: Kingambit|Kingambit, L50, M|100\/100\n|turn|2\n|inactive|joemada has 30 seconds left.\n|\n|t:|1682093031\n|-end|p1b: Flutter Mane|Protosynthesis|[silent]\n|switch|p1b: Ting-Lu|Ting-Lu, L50|100\/100\n|-ability|p1b: Ting-Lu|Vessel of Ruin\n|move|p1a: Baxcalibur|Protect|p1a: Baxcalibur\n|-singleturn|p1a: Baxcalibur|Protect\n|move|p2b: Kingambit|Iron Head|p1a: Baxcalibur\n|-activate|p1a: Baxcalibur|move: Protect\n|move|p2a: Armarouge|Expanding Force|p1b: Ting-Lu|[spread] \n|-activate|p1a: Baxcalibur|move: Protect\n|-immune|p1b: Ting-Lu\n|\n|upkeep\n|turn|3\n|inactive|Hadrian1917 has 30 seconds left.\n|inactive|joemada has 30 seconds left.\n|inactive|Hadrian1917 has 20 seconds left.\n|inactive|Hadrian1917 has 15 seconds left.\n|inactive|Hadrian1917 has 10 seconds left.\n|\n|t:|1682093079\n|-terastallize|p2b: Kingambit|Flying\n|move|p2b: Kingambit|Iron Head|p1a: Baxcalibur\n|-supereffective|p1a: Baxcalibur\n|-crit|p1a: Baxcalibur\n|-damage|p1a: Baxcalibur|0 fnt\n|faint|p1a: Baxcalibur\n|move|p2a: Armarouge|Armor Cannon|p1b: Ting-Lu\n|-damage|p1b: Ting-Lu|76\/100\n|-unboost|p2a: Armarouge|def|1\n|-unboost|p2a: Armarouge|spd|1\n|-damage|p2a: Armarouge|64\/100|[from] item: Life Orb\n|move|p1b: Ting-Lu|Fissure|p2a: Armarouge\n|-damage|p2a: Armarouge|0 fnt\n|faint|p2a: Armarouge\n|-ohko\n|\n|upkeep\n|\n|t:|1682093095\n|switch|p2a: Amoonguss|Amoonguss, L50, F|100\/100\n|switch|p1a: Amoonguss|Amoonguss, L50, M|100\/100\n|turn|4\n|inactive|Hadrian1917 has 30 seconds left.\n|inactive|joemada has 30 seconds left.\n|\n|t:|1682093128\n|-terastallize|p1b: Ting-Lu|Grass\n|move|p2a: Amoonguss|Spore|p1b: Ting-Lu\n|-immune|p1b: Ting-Lu\n|move|p1a: Amoonguss|Spore|p2b: Kingambit\n|-status|p2b: Kingambit|slp|[from] move: Spore\n|cant|p2b: Kingambit|slp\n|move|p1b: Ting-Lu|Fissure|p2a: Amoonguss|[miss]\n|-miss|p1b: Ting-Lu|p2a: Amoonguss\n|\n|upkeep\n|turn|5\n|inactive|Hadrian1917 has 30 seconds left.\n|\n|t:|1682093158\n|move|p1a: Amoonguss|Protect|p1a: Amoonguss\n|-singleturn|p1a: Amoonguss|Protect\n|move|p2a: Amoonguss|Pollen Puff|p1b: Ting-Lu\n|-supereffective|p1b: Ting-Lu\n|-damage|p1b: Ting-Lu|63\/100\n|-curestatus|p2b: Kingambit|slp|[msg]\n|move|p2b: Kingambit|Kowtow Cleave|p1b: Ting-Lu\n|-damage|p1b: Ting-Lu|35\/100\n|move|p1b: Ting-Lu|Stomping Tantrum|p2a: Amoonguss\n|-damage|p2a: Amoonguss|39\/100\n|\n|-fieldend|move: Trick Room\n|-fieldend|move: Psychic Terrain\n|upkeep\n|turn|6\n|\n|t:|1682093183\n|move|p2a: Amoonguss|Rage Powder|p2a: Amoonguss\n|-singleturn|p2a: Amoonguss|move: Rage Powder\n|move|p1b: Ting-Lu|Ruination|p2b: Kingambit\n|-damage|p2b: Kingambit|51\/100\n|move|p2b: Kingambit|Iron Head|p1b: Ting-Lu\n|-damage|p1b: Ting-Lu|10\/100\n|move|p1a: Amoonguss|Pollen Puff|p1b: Ting-Lu\n|-heal|p1b: Ting-Lu|59\/100\n|\n|upkeep\n|turn|7\n|\n|t:|1682093207\n|move|p1b: Ting-Lu|Stomping Tantrum|p2a: Amoonguss\n|-damage|p2a: Amoonguss|6\/100\n|-enditem|p2a: Amoonguss|Wiki Berry|[eat]\n|-heal|p2a: Amoonguss|39\/100|[from] item: Wiki Berry\n|move|p2b: Kingambit|Kowtow Cleave|p1b: Ting-Lu\n|-damage|p1b: Ting-Lu|33\/100\n|move|p1a: Amoonguss|Pollen Puff|p1b: Ting-Lu\n|-heal|p1b: Ting-Lu|83\/100\n|move|p2a: Amoonguss|Pollen Puff|p2b: Kingambit\n|-heal|p2b: Kingambit|100\/100\n|\n|upkeep\n|turn|8\n|inactive|Hadrian1917 has 30 seconds left.\n|\n|t:|1682093232\n|move|p2a: Amoonguss|Protect|p2a: Amoonguss\n|-singleturn|p2a: Amoonguss|Protect\n|move|p1b: Ting-Lu|Stomping Tantrum|p2a: Amoonguss\n|-activate|p2a: Amoonguss|move: Protect\n|move|p2b: Kingambit|Iron Head|p1a: Amoonguss\n|-damage|p1a: Amoonguss|64\/100\n|-damage|p2b: Kingambit|84\/100|[from] item: Rocky Helmet|[of] p1a: Amoonguss\n|move|p1a: Amoonguss|Pollen Puff|p1b: Ting-Lu\n|-heal|p1b: Ting-Lu|100\/100\n|\n|upkeep\n|turn|9\n|inactive|Hadrian1917 has 30 seconds left.\n|inactive|Hadrian1917 has 20 seconds left.\n|\n|t:|1682093269\n|move|p2a: Amoonguss|Rage Powder|p2a: Amoonguss\n|-singleturn|p2a: Amoonguss|move: Rage Powder\n|move|p1b: Ting-Lu|Stomping Tantrum|p2a: Amoonguss\n|-damage|p2a: Amoonguss|6\/100\n|move|p2b: Kingambit|Kowtow Cleave|p1a: Amoonguss\n|-damage|p1a: Amoonguss|26\/100\n|-damage|p2b: Kingambit|68\/100|[from] item: Rocky Helmet|[of] p1a: Amoonguss\n|move|p1a: Amoonguss|Pollen Puff|p2a: Amoonguss\n|-damage|p2a: Amoonguss|0 fnt\n|faint|p2a: Amoonguss\n|\n|upkeep\n|turn|10\n|inactive|Hadrian1917 has 30 seconds left.\n|\n|t:|1682093297\n|move|p1b: Ting-Lu|Ruination|p2b: Kingambit\n|-damage|p2b: Kingambit|34\/100\n|move|p2b: Kingambit|Kowtow Cleave|p1a: Amoonguss\n|-damage|p1a: Amoonguss|0 fnt\n|-damage|p2b: Kingambit|18\/100|[from] item: Rocky Helmet|[of] p1a: Amoonguss\n|faint|p1a: Amoonguss\n|\n|upkeep\n|\n|t:|1682093305\n|switch|p1a: Flutter Mane|Flutter Mane, L50|100\/100\n|turn|11\n|\n|t:|1682093325\n|move|p2b: Kingambit|Sucker Punch|p1a: Flutter Mane\n|-damage|p1a: Flutter Mane|42\/100\n|move|p1a: Flutter Mane|Thunderbolt|p2b: Kingambit\n|-supereffective|p2b: Kingambit\n|-crit|p2b: Kingambit\n|-damage|p2b: Kingambit|0 fnt\n|faint|p2b: Kingambit\n|\n|win|Hadrian1917\n|raw|Hadrian1917's rating: 1215 → 1235<\/strong> (+20 for winning)\n|raw|joemada's rating: 1148 → 1128<\/strong> (-20 for losing)\n|l|\u2606joemada\n","uploadtime":1682093333,"views":3,"p1id":"hadrian1917","p2id":"joemada","formatid":"gen9vgc2023regulationc","rating":1128,"private":0,"password":""}