{"id":"gen9vgc2023regulationc-1862982962","p1":"LegendBtw","p2":"L0LZ4N0m4","format":"[Gen 9] VGC 2023 Regulation C","log":"|j|\u2606LegendBtw\n|j|\u2606L0LZ4N0m4\n|t:|1683947497\n|gametype|doubles\n|player|p1|LegendBtw|red-gen1|1236\n|player|p2|L0LZ4N0m4|aromalady|1317\n|teamsize|p1|6\n|teamsize|p2|6\n|gen|9\n|tier|[Gen 9] VGC 2023 Regulation C\n|rated|\n|rule|Species Clause: Limit one of each Pok\u00e9mon\n|rule|Item Clause: Limit one of each item\n|clearpoke\n|poke|p1|Iron Bundle, L50|\n|poke|p1|Abomasnow, L50, M|\n|poke|p1|Chi-Yu, L50|\n|poke|p1|Flutter Mane, L50|\n|poke|p1|Dragonite, L50, F|\n|poke|p1|Great Tusk, L50|\n|poke|p2|Tyranitar, L50, M|\n|poke|p2|Palafin, L50, M|\n|poke|p2|Kingambit, L50, F|\n|poke|p2|Flutter Mane, L50|\n|poke|p2|Arcanine, L50, F|\n|poke|p2|Amoonguss, L50, F|\n|teampreview|4\n|inactive|Battle timer is ON: inactive players will automatically lose when time's up. (requested by L0LZ4N0m4)\n|inactive|L0LZ4N0m4 has 60 seconds left.\n|\n|t:|1683947531\n|start\n|switch|p1a: Great Tusk|Great Tusk, L50|100\/100\n|switch|p1b: Dragonite|Dragonite, L50, F|100\/100\n|switch|p2a: Palafin|Palafin, L50, M|100\/100\n|switch|p2b: Kingambit|Kingambit, L50, F|100\/100\n|turn|1\n|inactive|LegendBtw has 30 seconds left.\n|\n|t:|1683947565\n|move|p2a: Palafin|Protect|p2a: Palafin\n|-singleturn|p2a: Palafin|Protect\n|move|p2b: Kingambit|Protect|p2b: Kingambit\n|-singleturn|p2b: Kingambit|Protect\n|move|p1a: Great Tusk|Earthquake|p2b: Kingambit|[spread] \n|-activate|p2a: Palafin|move: Protect\n|-activate|p2b: Kingambit|move: Protect\n|-immune|p1b: Dragonite\n|move|p1b: Dragonite|Outrage|p2b: Kingambit\n|-activate|p2b: Kingambit|move: Protect\n|\n|upkeep\n|turn|2\n|inactive|L0LZ4N0m4 has 30 seconds left.\n|\n|t:|1683947591\n|move|p2a: Palafin|Jet Punch|p1a: Great Tusk\n|-supereffective|p1a: Great Tusk\n|-damage|p1a: Great Tusk|63\/100\n|move|p2b: Kingambit|Sucker Punch|p1a: Great Tusk\n|-resisted|p1a: Great Tusk\n|-damage|p1a: Great Tusk|47\/100\n|move|p1a: Great Tusk|Earthquake|p2b: Kingambit|[spread] p2a,p2b\n|-immune|p1b: Dragonite\n|-supereffective|p2b: Kingambit\n|-damage|p2a: Palafin|52\/100\n|-damage|p2b: Kingambit|40\/100\n|move|p1b: Dragonite|Outrage|p2a: Palafin\n|-damage|p2a: Palafin|0 fnt\n|faint|p2a: Palafin\n|\n|upkeep\n|\n|t:|1683947598\n|switch|p2a: Tyranitar|Tyranitar, L50, M|100\/100\n|-weather|Sandstorm|[from] ability: Sand Stream|[of] p2a: Tyranitar\n|turn|3\n|\n|t:|1683947611\n|-terastallize|p2a: Tyranitar|Grass\n|move|p2b: Kingambit|Protect|p2b: Kingambit\n|-singleturn|p2b: Kingambit|Protect\n|move|p1a: Great Tusk|Earthquake|p2b: Kingambit|[spread] p2a\n|-activate|p2b: Kingambit|move: Protect\n|-immune|p1b: Dragonite\n|-resisted|p2a: Tyranitar\n|-damage|p2a: Tyranitar|85\/100\n|move|p1b: Dragonite|Outrage|p2b: Kingambit|[from]lockedmove\n|-activate|p2b: Kingambit|move: Protect\n|-start|p1b: Dragonite|confusion|[fatigue]\n|move|p2a: Tyranitar|Tera Blast|p1a: Great Tusk\n|-supereffective|p1a: Great Tusk\n|-damage|p1a: Great Tusk|0 fnt\n|faint|p1a: Great Tusk\n|-end|p1a: Great Tusk|Protosynthesis|[silent]\n|\n|-weather|Sandstorm|[upkeep]\n|-damage|p1b: Dragonite|94\/100|[from] Sandstorm\n|-damage|p2a: Tyranitar|79\/100|[from] Sandstorm\n|upkeep\n|\n|t:|1683947618\n|switch|p1a: Abomasnow|Abomasnow, L50, M|100\/100\n|-weather|Snow|[from] ability: Snow Warning|[of] p1a: Abomasnow\n|turn|4\n|\n|t:|1683947631\n|switch|p1b: Iron Bundle|Iron Bundle, L50|100\/100\n|-enditem|p1b: Iron Bundle|Booster Energy\n|-activate|p1b: Iron Bundle|ability: Quark Drive|[fromitem]\n|-start|p1b: Iron Bundle|quarkdrivespe\n|switch|p2a: Flutter Mane|Flutter Mane, L50|100\/100\n|move|p1a: Abomasnow|Blizzard|p2b: Kingambit|[spread] p2a,p2b\n|-resisted|p2b: Kingambit\n|-damage|p2a: Flutter Mane|46\/100\n|-damage|p2b: Kingambit|17\/100\n|-damage|p1a: Abomasnow|91\/100|[from] item: Life Orb\n|move|p2b: Kingambit|Swords Dance|p2b: Kingambit\n|-boost|p2b: Kingambit|atk|2\n|\n|-weather|Snow|[upkeep]\n|upkeep\n|turn|5\n|\n|t:|1683947653\n|-end|p2a: Flutter Mane|Protosynthesis|[silent]\n|switch|p2a: Tyranitar|Tyranitar, L50, M, tera:Grass|79\/100\n|-weather|Sandstorm|[from] ability: Sand Stream|[of] p2a: Tyranitar\n|move|p2b: Kingambit|Protect|p2b: Kingambit\n|-singleturn|p2b: Kingambit|Protect\n|move|p1b: Iron Bundle|Aurora Veil||[still]\n|-fail|p1b: Iron Bundle\n|move|p1a: Abomasnow|Blizzard|p2a: Tyranitar|[spread] p2a\n|-activate|p2b: Kingambit|move: Protect\n|-supereffective|p2a: Tyranitar\n|-damage|p2a: Tyranitar|29\/100\n|-damage|p1a: Abomasnow|81\/100|[from] item: Life Orb\n|\n|-weather|Sandstorm|[upkeep]\n|-damage|p1b: Iron Bundle|95\/100|[from] Sandstorm\n|-damage|p2a: Tyranitar|23\/100|[from] Sandstorm\n|-damage|p1a: Abomasnow|75\/100|[from] Sandstorm\n|upkeep\n|turn|6\n|\n|t:|1683947674\n|move|p2b: Kingambit|Sucker Punch|p1b: Iron Bundle\n|-damage|p1b: Iron Bundle|13\/100\n|move|p1b: Iron Bundle|Freeze-Dry|p2a: Tyranitar\n|-supereffective|p2a: Tyranitar\n|-damage|p2a: Tyranitar|0 fnt\n|faint|p2a: Tyranitar\n|move|p1a: Abomasnow|Blizzard|p2b: Kingambit\n|-resisted|p2b: Kingambit\n|-damage|p2b: Kingambit|0 fnt\n|faint|p2b: Kingambit\n|-damage|p1a: Abomasnow|65\/100|[from] item: Life Orb\n|\n|-weather|Sandstorm|[upkeep]\n|-damage|p1b: Iron Bundle|8\/100|[from] Sandstorm\n|-damage|p1a: Abomasnow|59\/100|[from] Sandstorm\n|upkeep\n|\n|t:|1683947678\n|switch|p2b: Flutter Mane|Flutter Mane, L50|46\/100\n|turn|7\n|\n|t:|1683947689\n|move|p1b: Iron Bundle|Freeze-Dry|p2b: Flutter Mane\n|-damage|p2b: Flutter Mane|11\/100\n|move|p2b: Flutter Mane|Dazzling Gleam|p1a: Abomasnow|[spread] p1a,p1b\n|-damage|p1a: Abomasnow|9\/100\n|-damage|p1b: Iron Bundle|0 fnt\n|faint|p1b: Iron Bundle\n|-end|p1b: Iron Bundle|Quark Drive|[silent]\n|move|p1a: Abomasnow|Leaf Storm|p2b: Flutter Mane|[miss]\n|-miss|p1a: Abomasnow|p2b: Flutter Mane\n|\n|-weather|Sandstorm|[upkeep]\n|-damage|p2b: Flutter Mane|6\/100|[from] Sandstorm\n|-damage|p1a: Abomasnow|3\/100|[from] Sandstorm\n|upkeep\n|\n|t:|1683947690\n|switch|p1b: Dragonite|Dragonite, L50, F|94\/100\n|turn|8\n|\n|t:|1683947697\n|move|p1b: Dragonite|Aqua Jet|p2b: Flutter Mane\n|-damage|p2b: Flutter Mane|0 fnt\n|faint|p2b: Flutter Mane\n|-end|p2b: Flutter Mane|Protosynthesis|[silent]\n|\n|win|LegendBtw\n|raw|LegendBtw's rating: 1236 → 1267<\/strong> (+31 for winning)\n|raw|L0LZ4N0m4's rating: 1317 → 1292<\/strong> (-25 for losing)\n","uploadtime":1683947703,"views":15,"p1id":"legendbtw","p2id":"l0lz4n0m4","formatid":"gen9vgc2023regulationc","rating":1267,"private":0,"password":""}