{"id":"gen9vgc2023regulationc-1862070776","p1":"Morton cologne","p2":"Nehzzy","format":"[Gen 9] VGC 2023 Regulation C","log":"|j|\u2606Morton cologne\n|j|\u2606Nehzzy\n|t:|1683834050\n|gametype|doubles\n|player|p1|Morton cologne|pokemonrangerf|1262\n|player|p2|Nehzzy|steven|1310\n|teamsize|p1|6\n|teamsize|p2|6\n|gen|9\n|tier|[Gen 9] VGC 2023 Regulation C\n|rated|\n|rule|Species Clause: Limit one of each Pok\u00e9mon\n|rule|Item Clause: Limit one of each item\n|clearpoke\n|poke|p1|Glimmora, L50, F|\n|poke|p1|Tatsugiri-Droopy, L50, M|\n|poke|p1|Dondozo, L50, M|\n|poke|p1|Magnezone, L50|\n|poke|p1|Pachirisu, L50, F|\n|poke|p1|Ting-Lu, L50|\n|poke|p2|Amoonguss, L50, F|\n|poke|p2|Gyarados, L50, M|\n|poke|p2|Murkrow, L50, M|\n|poke|p2|Great Tusk, L50|\n|poke|p2|Flutter Mane, L50|\n|poke|p2|Gholdengo, L50|\n|teampreview|4\nNehzzy has agreed to open team sheets.\n|\n|t:|1683834093\n|start\n|switch|p1a: Glimmora|Glimmora, L50, F|100\/100\n|switch|p1b: Magnezone|Magnezone, L50|100\/100\n|switch|p2a: Murkrow|Murkrow, L50, M|100\/100\n|switch|p2b: Great Tusk|Great Tusk, L50|100\/100\n|turn|1\n|\n|t:|1683834117\n|-terastallize|p1b: Magnezone|Grass\n|move|p2b: Great Tusk|Earthquake|p1a: Glimmora|[spread] p1a,p1b\n|-immune|p2a: Murkrow\n|-supereffective|p1a: Glimmora\n|-resisted|p1b: Magnezone\n|-enditem|p1a: Glimmora|Focus Sash\n|-damage|p1a: Glimmora|1\/100\n|-damage|p1b: Magnezone|84\/100\n|-activate|p1a: Glimmora|ability: Toxic Debris\n|-sidestart|p2: Nehzzy|move: Toxic Spikes\n|move|p1a: Glimmora|Mortal Spin|p2b: Great Tusk|[spread] p2a,p2b\n|-resisted|p2b: Great Tusk\n|-damage|p2a: Murkrow|95\/100\n|-damage|p2b: Great Tusk|99\/100\n|-status|p2a: Murkrow|psn\n|-status|p2b: Great Tusk|psn\n|move|p2a: Murkrow|Foul Play|p1a: Glimmora\n|-damage|p1a: Glimmora|0 fnt\n|-activate|p1a: Glimmora|ability: Toxic Debris\n|-sidestart|p2: Nehzzy|move: Toxic Spikes\n|faint|p1a: Glimmora\n|move|p1b: Magnezone|Tera Blast|p2b: Great Tusk\n|-supereffective|p2b: Great Tusk\n|-damage|p2b: Great Tusk|0 fnt\n|faint|p2b: Great Tusk\n|-end|p2b: Great Tusk|Protosynthesis|[silent]\n|\n|-damage|p2a: Murkrow|83\/100 psn|[from] psn\n|upkeep\n|\n|t:|1683834145\n|switch|p2b: Amoonguss|Amoonguss, L50, F|100\/100\n|switch|p1a: Dondozo|Dondozo, L50, M|100\/100\n|-sideend|p2: Nehzzy|move: Toxic Spikes|[of] p2b: Amoonguss\n|turn|2\n|\n|t:|1683834159\n|move|p1a: Dondozo|Protect|p1a: Dondozo\n|-singleturn|p1a: Dondozo|Protect\n|move|p2a: Murkrow|Sunny Day|p2a: Murkrow\n|-weather|SunnyDay\n|move|p1b: Magnezone|Thunderbolt|p2a: Murkrow\n|-supereffective|p2a: Murkrow\n|-damage|p2a: Murkrow|0 fnt\n|faint|p2a: Murkrow\n|move|p2b: Amoonguss|Spore|p1a: Dondozo\n|-activate|p1a: Dondozo|move: Protect\n|\n|-weather|SunnyDay|[upkeep]\n|upkeep\n|\n|t:|1683834169\n|switch|p2a: Flutter Mane|Flutter Mane, L50|100\/100\n|-activate|p2a: Flutter Mane|ability: Protosynthesis\n|-start|p2a: Flutter Mane|protosynthesisspa\n|turn|3\n|\n|t:|1683834187\n|-terastallize|p2a: Flutter Mane|Fairy\n|move|p2a: Flutter Mane|Moonblast|p1a: Dondozo\n|-damage|p1a: Dondozo|9\/100\n|move|p1b: Magnezone|Flash Cannon|p2a: Flutter Mane\n|-supereffective|p2a: Flutter Mane\n|-damage|p2a: Flutter Mane|4\/100\n|move|p1a: Dondozo|Rest|p1a: Dondozo\n|-status|p1a: Dondozo|slp|[from] move: Rest\n|-heal|p1a: Dondozo|100\/100 slp|[silent]\n|move|p2b: Amoonguss|Pollen Puff|p1a: Dondozo\n|-damage|p1a: Dondozo|88\/100 slp\n|\n|-weather|SunnyDay|[upkeep]\n|-heal|p1a: Dondozo|94\/100 slp|[from] item: Leftovers\n|upkeep\n|turn|4\n|\n|t:|1683834215\n|move|p2b: Amoonguss|Rage Powder|p2b: Amoonguss\n|-singleturn|p2b: Amoonguss|move: Rage Powder\n|move|p2a: Flutter Mane|Moonblast|p1b: Magnezone\n|-damage|p1b: Magnezone|0 fnt\n|faint|p1b: Magnezone\n|cant|p1a: Dondozo|slp\n|\n|-weather|SunnyDay|[upkeep]\n|-heal|p1a: Dondozo|99\/100 slp|[from] item: Leftovers\n|upkeep\n|\n|t:|1683834221\n|switch|p1b: Tatsugiri|Tatsugiri-Droopy, L50, M|100\/100\n|-activate|p1b: Tatsugiri|ability: Commander|[of] p1a: Dondozo\n|-boost|p1a: Dondozo|atk|2\n|-boost|p1a: Dondozo|spa|2\n|-boost|p1a: Dondozo|spe|2\n|-boost|p1a: Dondozo|def|2\n|-boost|p1a: Dondozo|spd|2\n|turn|5\n|\n|t:|1683834229\n|cant|p1a: Dondozo|slp\n|move|p2a: Flutter Mane|Moonblast|p1a: Dondozo\n|-damage|p1a: Dondozo|54\/100 slp\n|move|p2b: Amoonguss|Pollen Puff|p2a: Flutter Mane\n|-heal|p2a: Flutter Mane|54\/100\n|\n|-weather|SunnyDay|[upkeep]\n|-heal|p1a: Dondozo|60\/100 slp|[from] item: Leftovers\n|upkeep\n|turn|6\n|\n|t:|1683834251\n|move|p2a: Flutter Mane|Moonblast|p1a: Dondozo\n|-damage|p1a: Dondozo|15\/100 slp\n|-curestatus|p1a: Dondozo|slp|[msg]\n|move|p1a: Dondozo|Liquidation|p2a: Flutter Mane\n|-damage|p2a: Flutter Mane|0 fnt\n|faint|p2a: Flutter Mane\n|-end|p2a: Flutter Mane|Protosynthesis|[silent]\n|move|p2b: Amoonguss|Pollen Puff|p2: Flutter Mane|[notarget]\n|-fail|p2b: Amoonguss\n|\n|-weather|none\n|-heal|p1a: Dondozo|21\/100|[from] item: Leftovers\n|upkeep\n|turn|7\n|\n|t:|1683834273\n|move|p1a: Dondozo|Rest|p1a: Dondozo\n|-status|p1a: Dondozo|slp|[from] move: Rest\n|-heal|p1a: Dondozo|100\/100 slp|[silent]\n|move|p2b: Amoonguss|Pollen Puff|p1a: Dondozo\n|-damage|p1a: Dondozo|94\/100 slp\n|\n|-heal|p1a: Dondozo|99\/100 slp|[from] item: Leftovers\n|upkeep\n|turn|8\n|\n|t:|1683834280\n|cant|p1a: Dondozo|slp\n|move|p2b: Amoonguss|Pollen Puff|p1a: Dondozo\n|-damage|p1a: Dondozo|93\/100 slp\n|\n|-heal|p1a: Dondozo|99\/100 slp|[from] item: Leftovers\n|upkeep\n|turn|9\n|c|\u2606Nehzzy|Gg\n|-message|Nehzzy forfeited.\n|\n|win|Morton cologne\n|raw|Morton cologne's rating: 1262 → 1290<\/strong> (+28 for winning)\n|raw|Nehzzy's rating: 1310 → 1287<\/strong> (-23 for losing)\n|l|\u2606Nehzzy\n|j|\u2606Nehzzy\n|player|p2|Nehzzy|steven\n|c|\u2606Morton cologne|Gg\n","uploadtime":1683834305,"views":19,"p1id":"mortoncologne","p2id":"nehzzy","formatid":"gen9vgc2023regulationc","rating":1287,"private":0,"password":""}