{"id":"gen9vgc2023regulationc-1845328470","p1":"GHS730","p2":"Alvarolm22","format":"[Gen 9] VGC 2023 Regulation C","log":"|j|\u2606GHS730\n|j|\u2606Alvarolm22\n|t:|1681715771\n|gametype|doubles\n|player|p1|GHS730|gambler|1042\n|player|p2|Alvarolm22|101|1089\n|teamsize|p1|6\n|teamsize|p2|6\n|gen|9\n|tier|[Gen 9] VGC 2023 Regulation C\n|rated|\n|rule|Species Clause: Limit one of each Pok\u00e9mon\n|rule|Item Clause: Limit one of each item\n|clearpoke\n|poke|p1|Chien-Pao, L50|\n|poke|p1|Braviary, L50, M|\n|poke|p1|Bronzong, L50|\n|poke|p1|Wo-Chien, L50|\n|poke|p1|Gastrodon-East, L50, M|\n|poke|p1|Iron Moth, L50|\n|poke|p2|Arcanine, L50, F|\n|poke|p2|Gastrodon, L50, M|\n|poke|p2|Grimmsnarl, L50, M|\n|poke|p2|Glimmora, L50, F|\n|poke|p2|Iron Hands, L50|\n|poke|p2|Wo-Chien, L50|\n|teampreview|4\n|inactive|Battle timer is ON: inactive players will automatically lose when time's up. (requested by GHS730)\n|inactive|GHS730 has 60 seconds left.\n|\n|t:|1681715818\n|start\n|switch|p1a: Wo-Chien|Wo-Chien, L50|100\/100\n|switch|p1b: Chien-Pao|Chien-Pao, L50|100\/100\n|switch|p2a: Grimmsnarl|Grimmsnarl, L50, M|100\/100\n|switch|p2b: Arcanine|Arcanine, L50, F, shiny|100\/100\n|-ability|p1b: Chien-Pao|Sword of Ruin\n|-ability|p2b: Arcanine|Intimidate|boost\n|-unboost|p1a: Wo-Chien|atk|1\n|-unboost|p1b: Chien-Pao|atk|1\n|-ability|p1a: Wo-Chien|Tablets of Ruin\n|turn|1\n|\n|t:|1681715839\n|-terastallize|p1a: Wo-Chien|Poison\n|move|p1b: Chien-Pao|Protect|p1b: Chien-Pao\n|-singleturn|p1b: Chien-Pao|Protect\n|move|p2b: Arcanine|Protect|p2b: Arcanine\n|-singleturn|p2b: Arcanine|Protect\n|move|p2a: Grimmsnarl|Reflect|p2a: Grimmsnarl\n|-sidestart|p2: Alvarolm22|Reflect\n|move|p1a: Wo-Chien|Tera Blast|p2a: Grimmsnarl\n|-supereffective|p2a: Grimmsnarl\n|-damage|p2a: Grimmsnarl|47\/100\n|\n|upkeep\n|turn|2\n|inactive|GHS730 has 30 seconds left.\n|\n|t:|1681715864\n|switch|p1b: Gastrodon|Gastrodon-East, L50, M|100\/100\n|move|p2a: Grimmsnarl|Light Screen|p2a: Grimmsnarl\n|-sidestart|p2: Alvarolm22|move: Light Screen\n|move|p2b: Arcanine|Will-O-Wisp|p1b: Gastrodon\n|-status|p1b: Gastrodon|brn\n|move|p1a: Wo-Chien|Tera Blast|p2a: Grimmsnarl\n|-supereffective|p2a: Grimmsnarl\n|-damage|p2a: Grimmsnarl|13\/100\n|\n|-damage|p1b: Gastrodon|95\/100 brn|[from] brn\n|upkeep\n|turn|3\n|\n|t:|1681715883\n|move|p2b: Arcanine|Snarl|p1a: Wo-Chien|[spread] p1a,p1b\n|-damage|p1a: Wo-Chien|96\/100\n|-damage|p1b: Gastrodon|88\/100 brn\n|-unboost|p1a: Wo-Chien|spa|1\n|-unboost|p1b: Gastrodon|spa|1\n|move|p1a: Wo-Chien|Tera Blast|p2a: Grimmsnarl\n|-supereffective|p2a: Grimmsnarl\n|-damage|p2a: Grimmsnarl|0 fnt\n|faint|p2a: Grimmsnarl\n|move|p1b: Gastrodon|Earth Power|p2b: Arcanine\n|-supereffective|p2b: Arcanine\n|-damage|p2b: Arcanine|75\/100\n|\n|-heal|p1b: Gastrodon|94\/100 brn|[from] item: Leftovers\n|-damage|p1b: Gastrodon|88\/100 brn|[from] brn\n|upkeep\n|\n|t:|1681715905\n|switch|p2a: Wo-Chien|Wo-Chien, L50|100\/100\n|-ability|p2a: Wo-Chien|Tablets of Ruin\n|turn|4\n|\n|t:|1681715921\n|-terastallize|p2a: Wo-Chien|Water\n|move|p2b: Arcanine|Snarl|p1b: Gastrodon|[spread] p1a,p1b\n|-crit|p1a: Wo-Chien\n|-damage|p1a: Wo-Chien|91\/100\n|-damage|p1b: Gastrodon|81\/100 brn\n|-unboost|p1a: Wo-Chien|spa|1\n|-unboost|p1b: Gastrodon|spa|1\n|move|p1a: Wo-Chien|Ruination|p2a: Wo-Chien\n|-damage|p2a: Wo-Chien|50\/100\n|move|p2a: Wo-Chien|Leech Seed|p1b: Gastrodon\n|-start|p1b: Gastrodon|move: Leech Seed\n|move|p1b: Gastrodon|Ice Beam|p2a: Wo-Chien\n|-resisted|p2a: Wo-Chien\n|-damage|p2a: Wo-Chien|48\/100\n|\n|-heal|p2a: Wo-Chien|55\/100|[from] item: Leftovers\n|-heal|p1b: Gastrodon|87\/100 brn|[from] item: Leftovers\n|-damage|p1b: Gastrodon|74\/100 brn|[from] Leech Seed|[of] p2a: Wo-Chien\n|-heal|p2a: Wo-Chien|69\/100|[silent]\n|-damage|p1b: Gastrodon|68\/100 brn|[from] brn\n|upkeep\n|turn|5\n|inactive|GHS730 has 30 seconds left.\n|inactive|Alvarolm22 has 30 seconds left.\n|inactive|GHS730 has 20 seconds left.\n|\n|t:|1681715961\n|switch|p1a: Iron Moth|Iron Moth, L50|100\/100\n|-enditem|p1a: Iron Moth|Booster Energy\n|-activate|p1a: Iron Moth|ability: Quark Drive|[fromitem]\n|-start|p1a: Iron Moth|quarkdrivespe\n|move|p2b: Arcanine|Snarl|p1a: Iron Moth|[spread] p1a,p1b\n|-crit|p1a: Iron Moth\n|-damage|p1a: Iron Moth|87\/100\n|-damage|p1b: Gastrodon|61\/100 brn\n|-unboost|p1a: Iron Moth|spa|1\n|-unboost|p1b: Gastrodon|spa|1\n|move|p2a: Wo-Chien|Leech Seed|p1a: Iron Moth\n|-start|p1a: Iron Moth|move: Leech Seed\n|move|p1b: Gastrodon|Recover|p1b: Gastrodon\n|-heal|p1b: Gastrodon|100\/100 brn\n|\n|-heal|p2a: Wo-Chien|75\/100|[from] item: Leftovers\n|-damage|p1a: Iron Moth|75\/100|[from] Leech Seed|[of] p2a: Wo-Chien\n|-heal|p2a: Wo-Chien|86\/100|[silent]\n|-damage|p1b: Gastrodon|88\/100 brn|[from] Leech Seed|[of] p2a: Wo-Chien\n|-heal|p2a: Wo-Chien|99\/100|[silent]\n|-damage|p1b: Gastrodon|82\/100 brn|[from] brn\n|upkeep\n|turn|6\n|inactive|GHS730 has 30 seconds left.\n|inactive|GHS730 has 20 seconds left.\n|inactive|GHS730 has 15 seconds left.\n|inactive|GHS730 has 10 seconds left.\n|inactive|GHS730 has 5 seconds left.\n|\n|t:|1681716011\n|switch|p1b: Wo-Chien|Wo-Chien, L50, tera:Poison|91\/100\n|-ability|p1b: Wo-Chien|Tablets of Ruin\n|move|p1a: Iron Moth|Sludge Wave|p2b: Arcanine|[spread] p1b,p2a,p2b\n|-resisted|p1b: Wo-Chien\n|-crit|p1b: Wo-Chien\n|-damage|p1b: Wo-Chien|78\/100\n|-damage|p2a: Wo-Chien|90\/100\n|-damage|p2b: Arcanine|62\/100\n|move|p2b: Arcanine|Snarl|p1a: Iron Moth|[spread] p1a,p1b\n|-crit|p1a: Iron Moth\n|-damage|p1a: Iron Moth|62\/100\n|-damage|p1b: Wo-Chien|74\/100\n|-unboost|p1a: Iron Moth|spa|1\n|-unboost|p1b: Wo-Chien|spa|1\n|move|p2a: Wo-Chien|Giga Drain|p1b: Wo-Chien\n|-resisted|p1b: Wo-Chien\n|-damage|p1b: Wo-Chien|69\/100\n|-heal|p2a: Wo-Chien|93\/100|[from] drain|[of] p1b: Wo-Chien\n|\n|-heal|p2a: Wo-Chien|99\/100|[from] item: Leftovers\n|-damage|p1a: Iron Moth|49\/100|[from] Leech Seed|[of] p2a: Wo-Chien\n|-heal|p2a: Wo-Chien|100\/100|[silent]\n|upkeep\n|turn|7\n|inactive|GHS730 has 30 seconds left.\n|inactive|Alvarolm22 has 30 seconds left.\n|\n|t:|1681716039\n|move|p2a: Wo-Chien|Protect|p2a: Wo-Chien\n|-singleturn|p2a: Wo-Chien|Protect\n|move|p1a: Iron Moth|Sludge Wave|p2b: Arcanine|[spread] p1b,p2b\n|-activate|p2a: Wo-Chien|move: Protect\n|-resisted|p1b: Wo-Chien\n|-damage|p1b: Wo-Chien|65\/100\n|-damage|p2b: Arcanine|52\/100\n|move|p2b: Arcanine|Snarl|p1b: Wo-Chien|[spread] p1a,p1b\n|-damage|p1a: Iron Moth|41\/100\n|-damage|p1b: Wo-Chien|61\/100\n|-unboost|p1a: Iron Moth|spa|1\n|-unboost|p1b: Wo-Chien|spa|1\n|move|p1b: Wo-Chien|Pollen Puff|p1a: Iron Moth\n|-heal|p1a: Iron Moth|91\/100\n|\n|-damage|p1a: Iron Moth|79\/100|[from] Leech Seed|[of] p2a: Wo-Chien\n|upkeep\n|turn|8\n|inactive|GHS730 has 30 seconds left.\n|inactive|Alvarolm22 has 30 seconds left.\n|\n|t:|1681716067\n|move|p1a: Iron Moth|Sludge Wave|p2a: Wo-Chien|[spread] p1b,p2a,p2b\n|-resisted|p1b: Wo-Chien\n|-damage|p1b: Wo-Chien|58\/100\n|-damage|p2a: Wo-Chien|95\/100\n|-damage|p2b: Arcanine|43\/100\n|move|p2b: Arcanine|Snarl|p1a: Iron Moth|[spread] p1a,p1b\n|-damage|p1a: Iron Moth|70\/100\n|-damage|p1b: Wo-Chien|54\/100\n|-unboost|p1a: Iron Moth|spa|1\n|-unboost|p1b: Wo-Chien|spa|1\n|move|p1b: Wo-Chien|Pollen Puff|p1a: Iron Moth\n|-heal|p1a: Iron Moth|100\/100\n|move|p2a: Wo-Chien|Ruination|p1a: Iron Moth\n|-damage|p1a: Iron Moth|50\/100\n|\n|-heal|p2a: Wo-Chien|100\/100|[from] item: Leftovers\n|-damage|p1a: Iron Moth|38\/100|[from] Leech Seed|[of] p2a: Wo-Chien\n|-sideend|p2: Alvarolm22|Reflect\n|upkeep\n|turn|9\n|inactive|GHS730 has 30 seconds left.\n|inactive|Alvarolm22 has 30 seconds left.\n|\n|t:|1681716096\n|move|p2b: Arcanine|Protect|p2b: Arcanine\n|-singleturn|p2b: Arcanine|Protect\n|move|p1a: Iron Moth|Sludge Wave|p2b: Arcanine|[spread] p1b,p2a\n|-activate|p2b: Arcanine|move: Protect\n|-resisted|p1b: Wo-Chien\n|-damage|p1b: Wo-Chien|51\/100\n|-damage|p2a: Wo-Chien|96\/100\n|move|p1b: Wo-Chien|Giga Drain|p2a: Wo-Chien\n|-supereffective|p2a: Wo-Chien\n|-damage|p2a: Wo-Chien|87\/100\n|-heal|p1b: Wo-Chien|56\/100|[from] drain|[of] p2a: Wo-Chien\n|move|p2a: Wo-Chien|Giga Drain|p1a: Iron Moth\n|-resisted|p1a: Iron Moth\n|-damage|p1a: Iron Moth|33\/100\n|-heal|p2a: Wo-Chien|90\/100|[from] drain|[of] p1a: Iron Moth\n|\n|-heal|p2a: Wo-Chien|96\/100|[from] item: Leftovers\n|-damage|p1a: Iron Moth|20\/100|[from] Leech Seed|[of] p2a: Wo-Chien\n|-heal|p2a: Wo-Chien|100\/100|[silent]\n|-sideend|p2: Alvarolm22|move: Light Screen\n|upkeep\n|turn|10\n|inactive|Alvarolm22 has 30 seconds left.\n|inactive|Alvarolm22 has 20 seconds left.\n|\n|t:|1681716132\n|move|p1a: Iron Moth|Sludge Wave|p2a: Wo-Chien|[spread] p1b,p2a,p2b\n|-resisted|p1b: Wo-Chien\n|-damage|p1b: Wo-Chien|53\/100\n|-damage|p2a: Wo-Chien|94\/100\n|-damage|p2b: Arcanine|33\/100\n|-status|p2b: Arcanine|psn\n|move|p2b: Arcanine|Flare Blitz|p1a: Iron Moth\n|-resisted|p1a: Iron Moth\n|-crit|p1a: Iron Moth\n|-damage|p1a: Iron Moth|0 fnt\n|faint|p1a: Iron Moth\n|-end|p1a: Iron Moth|Quark Drive|[silent]\n|-damage|p2b: Arcanine|28\/100 psn|[from] Recoil\n|move|p1b: Wo-Chien|Pollen Puff|p1: Iron Moth|[notarget]\n|-fail|p1b: Wo-Chien\n|move|p2a: Wo-Chien|Leech Seed|p1b: Wo-Chien\n|-start|p1b: Wo-Chien|move: Leech Seed\n|\n|-heal|p2a: Wo-Chien|99\/100|[from] item: Leftovers\n|-damage|p1b: Wo-Chien|41\/100|[from] Leech Seed|[of] p2a: Wo-Chien\n|-heal|p2a: Wo-Chien|100\/100|[silent]\n|-damage|p2b: Arcanine|15\/100 psn|[from] psn\n|upkeep\n|\n|t:|1681716144\n|switch|p1a: Chien-Pao|Chien-Pao, L50|100\/100\n|-ability|p1a: Chien-Pao|Sword of Ruin\n|turn|11\n|\n|t:|1681716168\n|switch|p1b: Gastrodon|Gastrodon-East, L50, M|82\/100 brn\n|move|p1a: Chien-Pao|Protect|p1a: Chien-Pao\n|-singleturn|p1a: Chien-Pao|Protect\n|move|p2b: Arcanine|Protect|p2b: Arcanine\n|-singleturn|p2b: Arcanine|Protect\n|move|p2a: Wo-Chien|Giga Drain|p1b: Gastrodon\n|-supereffective|p1b: Gastrodon\n|-damage|p1b: Gastrodon|11\/100 brn\n|\n|-heal|p1b: Gastrodon|17\/100 brn|[from] item: Leftovers\n|-damage|p2b: Arcanine|3\/100 psn|[from] psn\n|-damage|p1b: Gastrodon|11\/100 brn|[from] brn\n|upkeep\n|turn|12\n|inactive|Alvarolm22 has 30 seconds left.\n|\n|t:|1681716196\n|move|p2a: Wo-Chien|Protect|p2a: Wo-Chien\n|-singleturn|p2a: Wo-Chien|Protect\n|move|p1a: Chien-Pao|Icicle Crash|p2a: Wo-Chien\n|-activate|p2a: Wo-Chien|move: Protect\n|move|p2b: Arcanine|Will-O-Wisp|p1a: Chien-Pao\n|-status|p1a: Chien-Pao|brn\n|move|p1b: Gastrodon|Recover|p1b: Gastrodon\n|-heal|p1b: Gastrodon|61\/100 brn\n|\n|-heal|p1b: Gastrodon|67\/100 brn|[from] item: Leftovers\n|-damage|p2b: Arcanine|0 fnt|[from] psn\n|faint|p2b: Arcanine\n|-damage|p1a: Chien-Pao|95\/100 brn|[from] brn\n|-damage|p1b: Gastrodon|61\/100 brn|[from] brn\n|upkeep\n|\n|t:|1681716213\n|switch|p2b: Iron Hands|Iron Hands, L50|100\/100\n|turn|13\n|\n|t:|1681716227\n|move|p1a: Chien-Pao|Protect|p1a: Chien-Pao\n|-singleturn|p1a: Chien-Pao|Protect\n|move|p2a: Wo-Chien|Giga Drain|p1b: Gastrodon\n|-supereffective|p1b: Gastrodon\n|-damage|p1b: Gastrodon|0 fnt\n|faint|p1b: Gastrodon\n|move|p2b: Iron Hands|Drain Punch|p1a: Chien-Pao\n|-activate|p1a: Chien-Pao|move: Protect\n|\n|-damage|p1a: Chien-Pao|89\/100 brn|[from] brn\n|upkeep\n|\n|t:|1681716241\n|switch|p1b: Wo-Chien|Wo-Chien, L50, tera:Poison|41\/100\n|-ability|p1b: Wo-Chien|Tablets of Ruin\n|turn|14\n|\n|t:|1681716250\n|move|p1a: Chien-Pao|Icicle Crash|p2b: Iron Hands\n|-damage|p2b: Iron Hands|87\/100\n|move|p2a: Wo-Chien|Leech Seed|p1b: Wo-Chien\n|-start|p1b: Wo-Chien|move: Leech Seed\n|move|p1b: Wo-Chien|Giga Drain|p2a: Wo-Chien\n|-supereffective|p2a: Wo-Chien\n|-damage|p2a: Wo-Chien|69\/100\n|-heal|p1b: Wo-Chien|56\/100|[from] drain|[of] p2a: Wo-Chien\n|move|p2b: Iron Hands|Drain Punch|p1a: Chien-Pao\n|-supereffective|p1a: Chien-Pao\n|-damage|p1a: Chien-Pao|0 fnt\n|-heal|p2b: Iron Hands|100\/100|[from] drain|[of] p1a: Chien-Pao\n|faint|p1a: Chien-Pao\n|\n|-heal|p2a: Wo-Chien|75\/100|[from] item: Leftovers\n|-damage|p1b: Wo-Chien|44\/100|[from] Leech Seed|[of] p2a: Wo-Chien\n|-heal|p2a: Wo-Chien|88\/100|[silent]\n|upkeep\n|turn|15\n|inactive|Alvarolm22 has 30 seconds left.\n|\n|t:|1681716277\n|move|p1b: Wo-Chien|Giga Drain|p2a: Wo-Chien\n|-supereffective|p2a: Wo-Chien\n|-damage|p2a: Wo-Chien|54\/100\n|-heal|p1b: Wo-Chien|61\/100|[from] drain|[of] p2a: Wo-Chien\n|move|p2a: Wo-Chien|Ruination|p1b: Wo-Chien\n|-damage|p1b: Wo-Chien|31\/100\n|move|p2b: Iron Hands|Drain Punch|p1b: Wo-Chien\n|-resisted|p1b: Wo-Chien\n|-damage|p1b: Wo-Chien|18\/100\n|\n|-heal|p2a: Wo-Chien|60\/100|[from] item: Leftovers\n|-damage|p1b: Wo-Chien|5\/100|[from] Leech Seed|[of] p2a: Wo-Chien\n|-heal|p2a: Wo-Chien|72\/100|[silent]\n|upkeep\n|turn|16\n|\n|t:|1681716295\n|move|p2a: Wo-Chien|Protect|p2a: Wo-Chien\n|-singleturn|p2a: Wo-Chien|Protect\n|move|p1b: Wo-Chien|Giga Drain|p2a: Wo-Chien\n|-activate|p2a: Wo-Chien|move: Protect\n|move|p2b: Iron Hands|Wild Charge|p1b: Wo-Chien\n|-damage|p1b: Wo-Chien|0 fnt\n|faint|p1b: Wo-Chien\n|-damage|p2b: Iron Hands|99\/100|[from] Recoil\n|\n|win|Alvarolm22\n|raw|GHS730's rating: 1042 → 1027<\/strong> (-15 for losing)\n|raw|Alvarolm22's rating: 1064 → 1092<\/strong> (+28 for winning)\n","uploadtime":1681716308,"views":15,"p1id":"ghs730","p2id":"alvarolm22","formatid":"gen9vgc2023regulationc","rating":1027,"private":0,"password":""}