{"id":"gen9vgc2023regulationc-1864174443","p1":"KrysZ","p2":"xnhdh","format":"[Gen 9] VGC 2023 Regulation C","log":"|j|\u2606KrysZ\n|j|\u2606xnhdh\n|t:|1684130157\n|gametype|doubles\n|player|p1|KrysZ|265|1073\n|player|p2|xnhdh|102|1000\n|teamsize|p1|6\n|teamsize|p2|6\n|gen|9\n|tier|[Gen 9] VGC 2023 Regulation C\n|rated|\n|rule|Species Clause: Limit one of each Pok\u00e9mon\n|rule|Item Clause: Limit one of each item\n|clearpoke\n|poke|p1|Arcanine, L50, F|\n|poke|p1|Dragonite, L50, F|\n|poke|p1|Glimmora, L50, F|\n|poke|p1|Ting-Lu, L50|\n|poke|p1|Wo-Chien, L50|\n|poke|p1|Iron Hands, L50|\n|poke|p2|Iron Valiant, L50|\n|poke|p2|Iron Bundle, L50|\n|poke|p2|Chi-Yu, L50|\n|poke|p2|Flutter Mane, L50|\n|poke|p2|Amoonguss, L50, M|\n|poke|p2|Talonflame, L50, M|\n|teampreview|4\n|\n|t:|1684130218\n|start\n|switch|p1a: Iron Hands|Iron Hands, L50|100\/100\n|switch|p1b: Glimmora|Glimmora, L50, F|100\/100\n|switch|p2a: Iron Valiant|Iron Valiant, L50|100\/100\n|switch|p2b: Chi-Yu|Chi-Yu, L50|100\/100\n|-ability|p2b: Chi-Yu|Beads of Ruin\n|-item|p1b: Glimmora|Air Balloon\n|turn|1\n|inactive|Battle timer is ON: inactive players will automatically lose when time's up. (requested by xnhdh)\n|\n|t:|1684130246\n|-terastallize|p2b: Chi-Yu|Ghost\n|move|p1a: Iron Hands|Fake Out|p2a: Iron Valiant\n|-damage|p2a: Iron Valiant|79\/100\n|cant|p2a: Iron Valiant|flinch\n|move|p2b: Chi-Yu|Nasty Plot|p2b: Chi-Yu\n|-boost|p2b: Chi-Yu|spa|2\n|move|p1b: Glimmora|Power Gem|p2b: Chi-Yu\n|-damage|p2b: Chi-Yu|61\/100\n|\n|upkeep\n|turn|2\n|inactive|xnhdh has 30 seconds left.\n|\n|t:|1684130275\n|move|p1b: Glimmora|Spiky Shield|p1b: Glimmora\n|-singleturn|p1b: Glimmora|move: Protect\n|move|p2a: Iron Valiant|Dazzling Gleam|p1a: Iron Hands|[spread] p1a\n|-activate|p1b: Glimmora|move: Protect\n|-supereffective|p1a: Iron Hands\n|-damage|p1a: Iron Hands|15\/100\n|move|p2b: Chi-Yu|Heat Wave|p1a: Iron Hands|[spread] p1a\n|-activate|p1b: Glimmora|move: Protect\n|-damage|p1a: Iron Hands|0 fnt\n|faint|p1a: Iron Hands\n|-end|p1a: Iron Hands|Quark Drive|[silent]\n|\n|upkeep\n|\n|t:|1684130297\n|switch|p1a: Wo-Chien|Wo-Chien, L50|100\/100\n|-ability|p1a: Wo-Chien|Tablets of Ruin\n|turn|3\n|\n|t:|1684130305\n|-terastallize|p1a: Wo-Chien|Water\n|move|p2b: Chi-Yu|Protect|p2b: Chi-Yu\n|-singleturn|p2b: Chi-Yu|Protect\n|move|p2a: Iron Valiant|Dazzling Gleam|p1a: Wo-Chien|[spread] p1a,p1b\n|-resisted|p1b: Glimmora\n|-damage|p1a: Wo-Chien|62\/100\n|-damage|p1b: Glimmora|58\/100\n|-enditem|p1b: Glimmora|Air Balloon\n|move|p1b: Glimmora|Toxic|p2a: Iron Valiant\n|-status|p2a: Iron Valiant|tox\n|move|p1a: Wo-Chien|Leech Seed|p2b: Chi-Yu\n|-activate|p2b: Chi-Yu|move: Protect\n|\n|-damage|p2a: Iron Valiant|73\/100 tox|[from] psn\n|upkeep\n|turn|4\n|\n|t:|1684130318\n|move|p1a: Wo-Chien|Protect|p1a: Wo-Chien\n|-singleturn|p1a: Wo-Chien|Protect\n|move|p2a: Iron Valiant|Dazzling Gleam|p1b: Glimmora|[spread] p1b\n|-activate|p1a: Wo-Chien|move: Protect\n|-resisted|p1b: Glimmora\n|-damage|p1b: Glimmora|14\/100\n|move|p2b: Chi-Yu|Dark Pulse|p1a: Wo-Chien\n|-activate|p1a: Wo-Chien|move: Protect\n|move|p1b: Glimmora|Toxic|p2b: Chi-Yu\n|-status|p2b: Chi-Yu|tox\n|\n|-damage|p2a: Iron Valiant|61\/100 tox|[from] psn\n|-damage|p2b: Chi-Yu|55\/100 tox|[from] psn\n|upkeep\n|turn|5\n|\n|t:|1684130340\n|move|p1b: Glimmora|Spiky Shield|p1b: Glimmora\n|-singleturn|p1b: Glimmora|move: Protect\n|move|p2a: Iron Valiant|Dazzling Gleam|p1b: Glimmora|[spread] p1a\n|-activate|p1b: Glimmora|move: Protect\n|-damage|p1a: Wo-Chien|28\/100\n|move|p2b: Chi-Yu|Dark Pulse|p1a: Wo-Chien\n|-damage|p1a: Wo-Chien|0 fnt\n|faint|p1a: Wo-Chien\n|\n|-damage|p2a: Iron Valiant|43\/100 tox|[from] psn\n|-damage|p2b: Chi-Yu|42\/100 tox|[from] psn\n|upkeep\n|\n|t:|1684130350\n|switch|p1a: Dragonite|Dragonite, L50, F|100\/100\n|turn|6\n|\n|t:|1684130365\n|move|p1a: Dragonite|Extreme Speed|p2a: Iron Valiant\n|-damage|p2a: Iron Valiant|0 fnt\n|faint|p2a: Iron Valiant\n|-end|p2a: Iron Valiant|Quark Drive|[silent]\n|move|p2b: Chi-Yu|Dark Pulse|p1a: Dragonite\n|-damage|p1a: Dragonite|54\/100\n|move|p1b: Glimmora|Power Gem|p2b: Chi-Yu\n|-damage|p2b: Chi-Yu|0 fnt\n|faint|p2b: Chi-Yu\n|\n|upkeep\n|\n|t:|1684130372\n|switch|p2a: Flutter Mane|Flutter Mane, L50|100\/100\n|switch|p2b: Amoonguss|Amoonguss, L50, M|100\/100\n|-enditem|p2a: Flutter Mane|Booster Energy\n|-activate|p2a: Flutter Mane|ability: Protosynthesis|[fromitem]\n|-start|p2a: Flutter Mane|protosynthesisspa\n|turn|7\n|-message|KrysZ forfeited.\n|\n|win|xnhdh\n|raw|KrysZ's rating: 1073 → 1048<\/strong> (-25 for losing)\n|raw|xnhdh's rating: 1000 → 1048<\/strong> (+48 for winning)\n|l|\u2606KrysZ\n","uploadtime":1684130391,"views":8,"p1id":"krysz","p2id":"xnhdh","formatid":"gen9vgc2023regulationc","rating":1048,"private":0,"password":""}