{"id":"gen9vgc2023regulationc-1845521948","p1":"Whatever0512","p2":"teostio","format":"[Gen 9] VGC 2023 Regulation C","log":"|j|\u2606Whatever0512\n|j|\u2606teostio\n|t:|1681741754\n|gametype|doubles\n|player|p1|Whatever0512|170|1273\n|player|p2|teostio|marshal|1355\n|teamsize|p1|6\n|teamsize|p2|6\n|gen|9\n|tier|[Gen 9] VGC 2023 Regulation C\n|rated|\n|rule|Species Clause: Limit one of each Pok\u00e9mon\n|rule|Item Clause: Limit one of each item\n|clearpoke\n|poke|p1|Talonflame, L50, M|\n|poke|p1|Flutter Mane, L50|\n|poke|p1|Tyranitar, L50, F|\n|poke|p1|Iron Bundle, L50|\n|poke|p1|Gothitelle, L50, F|\n|poke|p1|Great Tusk, L50|\n|poke|p2|Farigiraf, L50, F|\n|poke|p2|Brute Bonnet, L50|\n|poke|p2|Armarouge, L50, F|\n|poke|p2|Indeedee-F, L50, F|\n|poke|p2|Torkoal, L50, F|\n|poke|p2|Iron Hands, L50|\n|teampreview|4\n|\n|t:|1681741776\n|start\n|switch|p1a: Gothitelle|Gothitelle, L50, F|100\/100\n|switch|p1b: Flutter Mane|Flutter Mane, L50|100\/100\n|switch|p2a: Indeedee|Indeedee-F, L50, F|100\/100\n|switch|p2b: Armarouge|Armarouge, L50, F|100\/100\n|-fieldstart|move: Psychic Terrain|[from] ability: Psychic Surge|[of] p2a: Indeedee\n|turn|1\n|inactive|Battle timer is ON: inactive players will automatically lose when time's up. (requested by teostio)\n|inactive|teostio has 60 seconds left.\n|\n|t:|1681741824\n|-end|p1b: Flutter Mane|Protosynthesis|[silent]\n|switch|p1b: Tyranitar|Tyranitar, L50, F|100\/100\n|-weather|Sandstorm|[from] ability: Sand Stream|[of] p1b: Tyranitar\n|move|p1a: Gothitelle|Taunt|p2b: Armarouge\n|-start|p2b: Armarouge|move: Taunt\n|move|p2b: Armarouge|Expanding Force|p1b: Tyranitar|[spread] p1a\n|-immune|p1b: Tyranitar\n|-resisted|p1a: Gothitelle\n|-damage|p1a: Gothitelle|71\/100\n|move|p2a: Indeedee|Trick Room|p2a: Indeedee\n|-fieldstart|move: Trick Room|[of] p2a: Indeedee\n|\n|-weather|Sandstorm|[upkeep]\n|-damage|p2b: Armarouge|95\/100|[from] Sandstorm\n|-damage|p1a: Gothitelle|65\/100|[from] Sandstorm\n|-damage|p2a: Indeedee|94\/100|[from] Sandstorm\n|upkeep\n|turn|2\n|inactive|Whatever0512 has 30 seconds left.\n|inactive|Whatever0512 has 20 seconds left.\n|inactive|Whatever0512 has 15 seconds left.\n|inactive|Whatever0512 has 10 seconds left.\n|\n|t:|1681741871\n|-terastallize|p2b: Armarouge|Fighting\n|move|p2a: Indeedee|Follow Me|p2a: Indeedee\n|-singleturn|p2a: Indeedee|move: Follow Me\n|move|p2b: Armarouge|Aura Sphere|p1b: Tyranitar\n|-supereffective|p1b: Tyranitar\n|-damage|p1b: Tyranitar|25\/100\n|move|p1a: Gothitelle|Psychic|p2a: Indeedee\n|-resisted|p2a: Indeedee\n|-damage|p2a: Indeedee|81\/100\n|move|p1b: Tyranitar|Rock Slide|p2a: Indeedee|[spread] p2a,p2b\n|-resisted|p2b: Armarouge\n|-damage|p2a: Indeedee|36\/100\n|-damage|p2b: Armarouge|79\/100\n|-enditem|p2a: Indeedee|Sitrus Berry|[eat]\n|-heal|p2a: Indeedee|60\/100|[from] item: Sitrus Berry\n|\n|-weather|Sandstorm|[upkeep]\n|-damage|p2b: Armarouge|73\/100|[from] Sandstorm\n|-damage|p1a: Gothitelle|60\/100|[from] Sandstorm\n|-damage|p2a: Indeedee|54\/100|[from] Sandstorm\n|upkeep\n|turn|3\n|inactive|Whatever0512 has 30 seconds left.\n|inactive|teostio has 30 seconds left.\n|inactive|teostio has 20 seconds left.\n|inactive|teostio has 15 seconds left.\n|\n|t:|1681741916\n|switch|p1b: Flutter Mane|Flutter Mane, L50|100\/100\n|move|p2a: Indeedee|Follow Me|p2a: Indeedee\n|-singleturn|p2a: Indeedee|move: Follow Me\n|move|p2b: Armarouge|Aura Sphere|p1b: Flutter Mane\n|-immune|p1b: Flutter Mane\n|move|p1a: Gothitelle|Taunt|p2a: Indeedee\n|-start|p2a: Indeedee|move: Taunt\n|\n|-weather|Sandstorm|[upkeep]\n|-damage|p2b: Armarouge|67\/100|[from] Sandstorm\n|-damage|p1a: Gothitelle|54\/100|[from] Sandstorm\n|-damage|p2a: Indeedee|48\/100|[from] Sandstorm\n|-damage|p1b: Flutter Mane|95\/100|[from] Sandstorm\n|-end|p2b: Armarouge|move: Taunt\n|upkeep\n|turn|4\n|inactive|Whatever0512 has 30 seconds left.\n|\n|t:|1681741941\n|-end|p1b: Flutter Mane|Protosynthesis|[silent]\n|switch|p1b: Tyranitar|Tyranitar, L50, F|25\/100\n|move|p2b: Armarouge|Expanding Force|p1b: Tyranitar|[spread] p1a\n|-immune|p1b: Tyranitar\n|-resisted|p1a: Gothitelle\n|-damage|p1a: Gothitelle|28\/100\n|-enditem|p1a: Gothitelle|Sitrus Berry|[eat]\n|-heal|p1a: Gothitelle|52\/100|[from] item: Sitrus Berry\n|move|p1a: Gothitelle|Psychic|p2b: Armarouge\n|-supereffective|p2b: Armarouge\n|-damage|p2b: Armarouge|0 fnt\n|faint|p2b: Armarouge\n|move|p2a: Indeedee|Psychic|p1a: Gothitelle\n|-resisted|p1a: Gothitelle\n|-damage|p1a: Gothitelle|37\/100\n|\n|-weather|Sandstorm|[upkeep]\n|-damage|p1a: Gothitelle|32\/100|[from] Sandstorm\n|-damage|p2a: Indeedee|42\/100|[from] Sandstorm\n|upkeep\n|\n|t:|1681741955\n|switch|p2b: Iron Hands|Iron Hands, L50|100\/100\n|turn|5\n|inactive|Whatever0512 has 30 seconds left.\n|\n|t:|1681741985\n|switch|p1b: Great Tusk|Great Tusk, L50|100\/100\n|move|p2b: Iron Hands|Thunder Punch|p1b: Great Tusk\n|-immune|p1b: Great Tusk\n|move|p1a: Gothitelle|Psychic|p2b: Iron Hands\n|-supereffective|p2b: Iron Hands\n|-damage|p2b: Iron Hands|26\/100\n|move|p2a: Indeedee|Psychic|p1a: Gothitelle\n|-resisted|p1a: Gothitelle\n|-damage|p1a: Gothitelle|18\/100\n|-unboost|p1a: Gothitelle|spd|1\n|\n|-weather|none\n|-fieldend|move: Trick Room\n|-fieldend|move: Psychic Terrain\n|upkeep\n|turn|6\n|-message|teostio forfeited.\n|\n|win|Whatever0512\n|raw|Whatever0512's rating: 1273 → 1304<\/strong> (+31 for winning)\n|raw|teostio's rating: 1355 → 1330<\/strong> (-25 for losing)\n|l|\u2606teostio\n|c|\u2606Whatever0512|Gg\n","uploadtime":1681742015,"views":15,"p1id":"whatever0512","p2id":"teostio","formatid":"gen9vgc2023regulationc","rating":1304,"private":0,"password":""}