{"id":"gen9vgc2023regulationc-1861765696","p1":"hysaaron","p2":"Misdrevous429","format":"[Gen 9] VGC 2023 Regulation C","log":"|j|\u2606hysaaron\n|j|\u2606Misdrevous429\n|t:|1683806187\n|gametype|doubles\n|player|p1|hysaaron|1|1145\n|player|p2|Misdrevous429|101|1054\n|teamsize|p1|6\n|teamsize|p2|6\n|gen|9\n|tier|[Gen 9] VGC 2023 Regulation C\n|rated|\n|rule|Species Clause: Limit one of each Pok\u00e9mon\n|rule|Item Clause: Limit one of each item\n|clearpoke\n|poke|p1|Flutter Mane, L50|\n|poke|p1|Amoonguss, L50, F|\n|poke|p1|Ting-Lu, L50|\n|poke|p1|Arcanine, L50, F|\n|poke|p1|Palafin, L50, F|\n|poke|p1|Pelipper, L50, M|\n|poke|p2|Misdreavus, L50, F|\n|poke|p2|Baxcalibur, L50, M|\n|poke|p2|Abomasnow, L50, M|\n|poke|p2|Slowking, L50, F|\n|poke|p2|Glaceon, L50, F|\n|poke|p2|Gholdengo, L50|\n|teampreview|4\n|inactive|Battle timer is ON: inactive players will automatically lose when time's up. (requested by hysaaron)\n|inactive|hysaaron has 60 seconds left.\nMisdrevous429 rejected open team sheets.\n|\n|t:|1683806237\n|start\n|switch|p1a: Palafin|Palafin, L50, F|100\/100\n|switch|p1b: Flutter Mane|Flutter Mane, L50|100\/100\n|switch|p2a: Misdreavus|Misdreavus, L50, F|100\/100\n|switch|p2b: Baxcalibur|Baxcalibur, L50, M|100\/100\n|turn|1\n|\n|t:|1683806260\n|detailschange|p1a: Palafin|Palafin-Hero, L50, F\n|switch|p1a: Pelipper|Pelipper, L50, M|100\/100\n|-weather|RainDance|[from] ability: Drizzle|[of] p1a: Pelipper\n|-terastallize|p1b: Flutter Mane|Steel\n|-terastallize|p2b: Baxcalibur|Steel\n|move|p1b: Flutter Mane|Dazzling Gleam|p2a: Misdreavus|[spread] p2a,p2b\n|-resisted|p2b: Baxcalibur\n|-damage|p2a: Misdreavus|75\/100\n|-damage|p2b: Baxcalibur|82\/100\n|move|p2b: Baxcalibur|Iron Head|p1b: Flutter Mane\n|-resisted|p1b: Flutter Mane\n|-damage|p1b: Flutter Mane|71\/100\n|move|p2a: Misdreavus|Trick Room|p2a: Misdreavus\n|-fieldstart|move: Trick Room|[of] p2a: Misdreavus\n|\n|-weather|RainDance|[upkeep]\n|upkeep\n|turn|2\n|inactive|hysaaron has 30 seconds left.\n|inactive|Misdrevous429 has 30 seconds left.\n|\n|t:|1683806290\n|switch|p2a: Abomasnow|Abomasnow, L50, M|100\/100\n|-weather|Snow|[from] ability: Snow Warning|[of] p2a: Abomasnow\n|-end|p1b: Flutter Mane|Protosynthesis|[silent]\n|switch|p1b: Ting-Lu|Ting-Lu, L50|100\/100\n|-ability|p1b: Ting-Lu|Vessel of Ruin\n|move|p2b: Baxcalibur|Glaive Rush|p1a: Pelipper\n|-damage|p1a: Pelipper|16\/100\n|-singlemove|p2b: Baxcalibur|Glaive Rush|[silent]\n|move|p1a: Pelipper|Hurricane|p2a: Abomasnow\n|-supereffective|p2a: Abomasnow\n|-damage|p2a: Abomasnow|32\/100\n|-start|p2a: Abomasnow|confusion\n|\n|-weather|Snow|[upkeep]\n|upkeep\n|turn|3\n|inactive|hysaaron has 30 seconds left.\n|\n|t:|1683806323\n|switch|p1a: Flutter Mane|Flutter Mane, L50, tera:Steel|71\/100\n|move|p2b: Baxcalibur|Protect|p2b: Baxcalibur\n|-singleturn|p2b: Baxcalibur|Protect\n|-activate|p2a: Abomasnow|confusion\n|-damage|p2a: Abomasnow|19\/100|[from] confusion\n|move|p1b: Ting-Lu|Stomping Tantrum|p2b: Baxcalibur\n|-activate|p2b: Baxcalibur|move: Protect\n|\n|-weather|Snow|[upkeep]\n|upkeep\n|turn|4\n|\n|t:|1683806344\n|switch|p2a: Misdreavus|Misdreavus, L50, F|75\/100\n|move|p1b: Ting-Lu|Stomping Tantrum|p2b: Baxcalibur\n|-supereffective|p2b: Baxcalibur\n|-damage|p2b: Baxcalibur|19\/100\n|move|p2b: Baxcalibur|Aqua Tail|p1b: Ting-Lu\n|-supereffective|p1b: Ting-Lu\n|-damage|p1b: Ting-Lu|50\/100\n|move|p1a: Flutter Mane|Shadow Ball|p2b: Baxcalibur\n|-damage|p2b: Baxcalibur|0 fnt\n|faint|p2b: Baxcalibur\n|\n|-weather|Snow|[upkeep]\n|upkeep\n|\n|t:|1683806358\n|switch|p2b: Glaceon|Glaceon, L50, F|100\/100\n|turn|5\n|inactive|hysaaron has 30 seconds left.\n|\n|t:|1683806390\n|move|p2b: Glaceon|Blizzard|p1b: Ting-Lu|[spread] p1a,p1b\n|-resisted|p1a: Flutter Mane\n|-supereffective|p1b: Ting-Lu\n|-damage|p1a: Flutter Mane|55\/100\n|-damage|p1b: Ting-Lu|22\/100\n|move|p1b: Ting-Lu|Heavy Slam|p2b: Glaceon\n|-supereffective|p2b: Glaceon\n|-damage|p2b: Glaceon|49\/100\n|move|p2a: Misdreavus|Hex|p1a: Flutter Mane\n|-damage|p1a: Flutter Mane|42\/100\n|move|p1a: Flutter Mane|Shadow Ball|p2a: Misdreavus\n|-supereffective|p2a: Misdreavus\n|-damage|p2a: Misdreavus|27\/100\n|\n|-weather|Snow|[upkeep]\n|-fieldend|move: Trick Room\n|upkeep\n|turn|6\n|\n|t:|1683806413\n|move|p2b: Glaceon|Protect|p2b: Glaceon\n|-singleturn|p2b: Glaceon|Protect\n|move|p1a: Flutter Mane|Shadow Ball|p2a: Misdreavus\n|-supereffective|p2a: Misdreavus\n|-damage|p2a: Misdreavus|0 fnt\n|faint|p2a: Misdreavus\n|move|p1b: Ting-Lu|Heavy Slam|p2b: Glaceon\n|-activate|p2b: Glaceon|move: Protect\n|\n|-weather|none\n|upkeep\n|\n|t:|1683806423\n|switch|p2a: Abomasnow|Abomasnow, L50, M|19\/100\n|-weather|Snow|[from] ability: Snow Warning|[of] p2a: Abomasnow\n|turn|7\n|\n|t:|1683806434\n|switch|p1b: Pelipper|Pelipper, L50, M|16\/100\n|-weather|RainDance|[from] ability: Drizzle|[of] p1b: Pelipper\n|move|p2a: Abomasnow|Ice Shard|p1a: Flutter Mane\n|-resisted|p1a: Flutter Mane\n|-damage|p1a: Flutter Mane|31\/100\n|move|p1a: Flutter Mane|Shadow Ball|p2b: Glaceon\n|-damage|p2b: Glaceon|0 fnt\n|faint|p2b: Glaceon\n|\n|-weather|RainDance|[upkeep]\n|upkeep\n|turn|8\n|\n|t:|1683806453\n|move|p2a: Abomasnow|Ice Shard|p1b: Pelipper\n|-damage|p1b: Pelipper|0 fnt\n|faint|p1b: Pelipper\n|move|p1a: Flutter Mane|Shadow Ball|p2a: Abomasnow\n|-damage|p2a: Abomasnow|0 fnt\n|faint|p2a: Abomasnow\n|\n|win|hysaaron\n|raw|hysaaron's rating: 1145 → 1164<\/strong> (+19 for winning)\n|raw|Misdrevous429's rating: 1054 → 1041<\/strong> (-13 for losing)\n|l|\u2606Misdrevous429\n","uploadtime":1683806463,"views":14,"p1id":"hysaaron","p2id":"misdrevous429","formatid":"gen9vgc2023regulationc","rating":1041,"private":0,"password":""}