{"id":"gen9vgc2023regulationc-1854452326","p1":"Treshole","p2":"Phoena1717","format":"[Gen 9] VGC 2023 Regulation C","log":"|j|\u2606Treshole\n|j|\u2606Phoena1717\n|t:|1682812696\n|gametype|doubles\n|player|p1|Treshole|266|\n|player|p2|Phoena1717|dawn-gen4pt|\n|teamsize|p1|6\n|teamsize|p2|6\n|gen|9\n|tier|[Gen 9] VGC 2023 Regulation C\n|rule|Species Clause: Limit one of each Pok\u00e9mon\n|rule|Item Clause: Limit one of each item\n|clearpoke\n|poke|p1|Ting-Lu, L50|\n|poke|p1|Amoonguss, L50, M|\n|poke|p1|Arcanine, L50, M|\n|poke|p1|Flutter Mane, L50|\n|poke|p1|Palafin, L50, F|\n|poke|p1|Baxcalibur, L50, M|\n|poke|p2|Lilligant, L50, F|\n|poke|p2|Torkoal, L50, F|\n|poke|p2|Chi-Yu, L50|\n|poke|p2|Flutter Mane, L50|\n|poke|p2|Kingambit, L50, F|\n|poke|p2|Great Tusk, L50|\n|teampreview|4\nPhoena1717 has agreed to open team sheets.\nTreshole has agreed to open team sheets.\n|c|\u2606Treshole|G3\n|j| shamansam\n|l| shamansam\n|\n|t:|1682813442\n|start\n|switch|p1a: EWGF|Ting-Lu, L50|100\/100\n|switch|p1b: Totsugeki|Palafin, L50, F|100\/100\n|switch|p2a: TT|Lilligant, L50, F, shiny|100\/100\n|switch|p2b: Breakthrough|Torkoal, L50, F, shiny|100\/100\n|-ability|p1a: EWGF|Vessel of Ruin\n|-weather|SunnyDay|[from] ability: Drought|[of] p2b: Breakthrough\n|turn|1\n|\n|t:|1682813476\n|move|p1b: Totsugeki|Protect|p1b: Totsugeki\n|-singleturn|p1b: Totsugeki|Protect\n|move|p2b: Breakthrough|Protect|p2b: Breakthrough\n|-singleturn|p2b: Breakthrough|Protect\n|move|p2a: TT|Leaf Storm|p1b: Totsugeki\n|-activate|p1b: Totsugeki|move: Protect\n|move|p1a: EWGF|Stomping Tantrum|p2b: Breakthrough\n|-activate|p2b: Breakthrough|move: Protect\n|\n|-weather|SunnyDay|[upkeep]\n|upkeep\n|turn|2\n|\n|t:|1682813509\n|detailschange|p1b: Totsugeki|Palafin-Hero, L50, F\n|switch|p1b: Falcon Punch|Arcanine, L50, M|100\/100\n|-ability|p1b: Falcon Punch|Intimidate|boost\n|-unboost|p2a: TT|atk|1\n|-unboost|p2b: Breakthrough|atk|1\n|move|p2a: TT|Sleep Powder|p1a: EWGF\n|-status|p1a: EWGF|slp|[from] move: Sleep Powder\n|cant|p1a: EWGF|slp\n|move|p2b: Breakthrough|Eruption|p1b: Falcon Punch|[spread] p1a,p1b\n|-resisted|p1b: Falcon Punch\n|-damage|p1a: EWGF|76\/100 slp\n|-damage|p1b: Falcon Punch|64\/100\n|\n|-weather|SunnyDay|[upkeep]\n|upkeep\n|turn|3\n|\n|t:|1682813532\n|switch|p2a: Trouble|Great Tusk, L50, shiny|100\/100\n|-activate|p2a: Trouble|ability: Protosynthesis\n|-start|p2a: Trouble|protosynthesisatk\n|move|p1b: Falcon Punch|Flare Blitz|p2a: Trouble\n|-damage|p2a: Trouble|39\/100\n|-status|p2a: Trouble|brn\n|-damage|p1b: Falcon Punch|43\/100|[from] Recoil\n|cant|p1a: EWGF|slp\n|move|p2b: Breakthrough|Earth Power|p1b: Falcon Punch\n|-supereffective|p1b: Falcon Punch\n|-crit|p1b: Falcon Punch\n|-damage|p1b: Falcon Punch|0 fnt\n|faint|p1b: Falcon Punch\n|\n|-weather|SunnyDay|[upkeep]\n|-damage|p2a: Trouble|33\/100 brn|[from] brn\n|upkeep\n|\n|t:|1682813548\n|switch|p1b: Totsugeki|Palafin-Hero, L50, F|100\/100\n|-activate|p1b: Totsugeki|ability: Zero to Hero\n|turn|4\n|\n|t:|1682813578\n|-end|p2a: Trouble|Protosynthesis|[silent]\n|switch|p2a: TT|Lilligant, L50, F, shiny|100\/100\n|-terastallize|p1b: Totsugeki|Water\n|move|p1b: Totsugeki|Jet Punch|p2a: TT\n|-resisted|p2a: TT\n|-damage|p2a: TT|76\/100\n|cant|p1a: EWGF|slp\n|move|p2b: Breakthrough|Flamethrower|p1a: EWGF\n|-damage|p1a: EWGF|54\/100 slp\n|\n|-weather|SunnyDay|[upkeep]\n|upkeep\n|turn|5\n|\n|t:|1682813607\n|move|p1b: Totsugeki|Protect|p1b: Totsugeki\n|-singleturn|p1b: Totsugeki|Protect\n|move|p2a: TT|After You|p2b: Breakthrough\n|-activate|p2b: Breakthrough|move: After You\n|move|p2b: Breakthrough|Eruption|p1b: Totsugeki|[spread] p1a\n|-activate|p1b: Totsugeki|move: Protect\n|-damage|p1a: EWGF|26\/100 slp\n|-curestatus|p1a: EWGF|slp|[msg]\n|move|p1a: EWGF|Stomping Tantrum|p2b: Breakthrough\n|-supereffective|p2b: Breakthrough\n|-damage|p2b: Breakthrough|12\/100\n|\n|-weather|none\n|upkeep\n|turn|6\n|\n|t:|1682813663\n|switch|p2a: HOT|Kingambit, L50, F, shiny|100\/100\n|switch|p1b: Soul Fist|Flutter Mane, L50|100\/100\n|-enditem|p1b: Soul Fist|Booster Energy\n|-activate|p1b: Soul Fist|ability: Protosynthesis|[fromitem]\n|-start|p1b: Soul Fist|protosynthesisspa\n|switch|p2b: Trouble|Great Tusk, L50, shiny|33\/100 brn\n|move|p1a: EWGF|Stomping Tantrum|p2b: Trouble\n|-damage|p2b: Trouble|10\/100 brn\n|\n|-damage|p2b: Trouble|5\/100 brn|[from] brn\n|upkeep\n|turn|7\n|\n|t:|1682813703\n|move|p1b: Soul Fist|Protect|p1b: Soul Fist\n|-singleturn|p1b: Soul Fist|Protect\n|move|p2b: Trouble|Headlong Rush|p1b: Soul Fist\n|-activate|p1b: Soul Fist|move: Protect\n|move|p2a: HOT|Kowtow Cleave|p1a: EWGF\n|-resisted|p1a: EWGF\n|-damage|p1a: EWGF|12\/100\n|move|p1a: EWGF|Stomping Tantrum|p2a: HOT\n|-supereffective|p2a: HOT\n|-damage|p2a: HOT|60\/100\n|\n|-damage|p2b: Trouble|0 fnt|[from] brn\n|faint|p2b: Trouble\n|-end|p2b: Trouble|Protosynthesis|[silent]\n|upkeep\n|\n|t:|1682813717\n|switch|p2b: Breakthrough|Torkoal, L50, F, shiny|12\/100\n|-weather|SunnyDay|[from] ability: Drought|[of] p2b: Breakthrough\n|turn|8\n|\n|t:|1682813750\n|move|p2a: HOT|Sucker Punch|p1a: EWGF\n|-resisted|p1a: EWGF\n|-damage|p1a: EWGF|1\/100\n|move|p1b: Soul Fist|Substitute|p1b: Soul Fist\n|-start|p1b: Soul Fist|Substitute\n|-damage|p1b: Soul Fist|76\/100\n|move|p1a: EWGF|Stomping Tantrum|p2b: Breakthrough\n|-supereffective|p2b: Breakthrough\n|-damage|p2b: Breakthrough|0 fnt\n|faint|p2b: Breakthrough\n|\n|-weather|SunnyDay|[upkeep]\n|upkeep\n|\n|t:|1682813758\n|switch|p2b: TT|Lilligant, L50, F, shiny|76\/100\n|turn|9\n|\n|t:|1682813823\n|move|p2b: TT|Protect|p2b: TT\n|-singleturn|p2b: TT|Protect\n|move|p2a: HOT|Sucker Punch|p1a: EWGF\n|-resisted|p1a: EWGF\n|-damage|p1a: EWGF|0 fnt\n|faint|p1a: EWGF\n|move|p1b: Soul Fist|Moonblast|p2b: TT\n|-activate|p2b: TT|move: Protect\n|\n|-weather|SunnyDay|[upkeep]\n|upkeep\n|\n|t:|1682813831\n|switch|p1a: Totsugeki|Palafin-Hero, L50, F, tera:Water|100\/100\n|turn|10\n|\n|t:|1682813857\n|move|p2b: TT|Protect||[still]\n|-fail|p2b: TT\n|move|p1a: Totsugeki|Protect|p1a: Totsugeki\n|-singleturn|p1a: Totsugeki|Protect\n|move|p2a: HOT|Sucker Punch|p1b: Soul Fist\n|-end|p1b: Soul Fist|Substitute\n|move|p1b: Soul Fist|Moonblast|p2b: TT\n|-damage|p2b: TT|0 fnt\n|faint|p2b: TT\n|\n|-weather|SunnyDay|[upkeep]\n|upkeep\n|turn|11\n|\n|t:|1682813873\n|move|p1b: Soul Fist|Moonblast|p2a: HOT\n|-damage|p2a: HOT|16\/100\n|move|p1a: Totsugeki|Wave Crash|p2a: HOT\n|-damage|p2a: HOT|0 fnt\n|faint|p2a: HOT\n|-damage|p1a: Totsugeki|95\/100|[from] Recoil\n|\n|win|Treshole\n|c|\u2606Phoena1717|gg\n|l|\u2606Treshole\n","uploadtime":1682813953,"views":20,"p1id":"treshole","p2id":"phoena1717","formatid":"gen9vgc2023regulationc","rating":0,"private":0,"password":""}