{"id":"gen9vgc2023regulationc-1845942258","p1":"DashingHat321","p2":"LegalizedNukes","format":"[Gen 9] VGC 2023 Regulation C","log":"|j|\u2606DashingHat321\n|j|\u2606LegalizedNukes\n|t:|1681781950\n|gametype|doubles\n|player|p1|DashingHat321|giovanni|1180\n|player|p2|LegalizedNukes|nita|1111\n|teamsize|p1|6\n|teamsize|p2|6\n|gen|9\n|tier|[Gen 9] VGC 2023 Regulation C\n|rated|\n|rule|Species Clause: Limit one of each Pok\u00e9mon\n|rule|Item Clause: Limit one of each item\n|clearpoke\n|poke|p1|Arcanine, L50, F|\n|poke|p1|Ting-Lu, L50|\n|poke|p1|Palafin, L50, F|\n|poke|p1|Amoonguss, L50, M|\n|poke|p1|Baxcalibur, L50, F|\n|poke|p1|Iron Bundle, L50|\n|poke|p2|Ting-Lu, L50|\n|poke|p2|Bronzong, L50|\n|poke|p2|Armarouge, L50, M|\n|poke|p2|Indeedee-F, L50, F|\n|poke|p2|Hariyama, L50, M|\n|poke|p2|Hatterene, L50, F|\n|teampreview|4\n|inactive|Battle timer is ON: inactive players will automatically lose when time's up. (requested by LegalizedNukes)\n|inactive|DashingHat321 has 60 seconds left.\n|inactive|LegalizedNukes has 60 seconds left.\n|\n|t:|1681781994\n|start\n|switch|p1a: Amoonguss|Amoonguss, L50, M|100\/100\n|switch|p1b: Palafin|Palafin, L50, F|100\/100\n|switch|p2a: Armarouge|Armarouge, L50, M|100\/100\n|switch|p2b: Indeedee|Indeedee-F, L50, F|100\/100\n|-fieldstart|move: Psychic Terrain|[from] ability: Psychic Surge|[of] p2b: Indeedee\n|-enditem|p2b: Indeedee|Psychic Seed\n|-boost|p2b: Indeedee|spd|1|[from] item: Psychic Seed\n|turn|1\n|inactive|LegalizedNukes has 30 seconds left.\n|inactive|LegalizedNukes has 20 seconds left.\n|inactive|LegalizedNukes has 15 seconds left.\n|inactive|LegalizedNukes has 10 seconds left.\n|\n|t:|1681782042\n|detailschange|p1b: Palafin|Palafin-Hero, L50, F\n|switch|p1b: Ting-Lu|Ting-Lu, L50|100\/100\n|-ability|p1b: Ting-Lu|Vessel of Ruin\n|switch|p2b: Bronzong|Bronzong, L50|100\/100\n|switch|p1a: Baxcalibur|Baxcalibur, L50, F|100\/100\n|-terastallize|p2a: Armarouge|Grass\n|move|p2a: Armarouge|Energy Ball|p1b: Ting-Lu\n|-supereffective|p1b: Ting-Lu\n|-damage|p1b: Ting-Lu|22\/100\n|-damage|p2a: Armarouge|90\/100|[from] item: Life Orb\n|\n|-heal|p1b: Ting-Lu|28\/100|[from] item: Leftovers\n|upkeep\n|turn|2\n|\n|t:|1681782067\n|move|p2a: Armarouge|Protect|p2a: Armarouge\n|-singleturn|p2a: Armarouge|Protect\n|move|p1b: Ting-Lu|Protect|p1b: Ting-Lu\n|-singleturn|p1b: Ting-Lu|Protect\n|move|p1a: Baxcalibur|Icicle Crash|p2a: Armarouge\n|-activate|p2a: Armarouge|move: Protect\n|move|p2b: Bronzong|Trick Room|p2b: Bronzong\n|-fieldstart|move: Trick Room|[of] p2b: Bronzong\n|\n|-heal|p1b: Ting-Lu|34\/100|[from] item: Leftovers\n|upkeep\n|turn|3\n|inactive|LegalizedNukes has 30 seconds left.\n|\n|t:|1681782100\n|switch|p1b: Palafin|Palafin-Hero, L50, F|100\/100\n|-activate|p1b: Palafin|ability: Zero to Hero\n|move|p2b: Bronzong|Gyro Ball|p1a: Baxcalibur\n|-supereffective|p1a: Baxcalibur\n|-damage|p1a: Baxcalibur|31\/100\n|move|p2a: Armarouge|Armor Cannon|p1a: Baxcalibur\n|-damage|p1a: Baxcalibur|0 fnt\n|-unboost|p2a: Armarouge|def|1\n|-unboost|p2a: Armarouge|spd|1\n|faint|p1a: Baxcalibur\n|-damage|p2a: Armarouge|80\/100|[from] item: Life Orb\n|\n|upkeep\n|\n|t:|1681782117\n|switch|p1a: Amoonguss|Amoonguss, L50, M|100\/100\n|turn|4\n|\n|t:|1681782147\n|-terastallize|p1a: Amoonguss|Dark\n|move|p1b: Palafin|Protect|p1b: Palafin\n|-singleturn|p1b: Palafin|Protect\n|move|p2b: Bronzong|Iron Defense|p2b: Bronzong\n|-boost|p2b: Bronzong|def|2\n|move|p1a: Amoonguss|Spore|p2b: Bronzong\n|-activate|p2b: Bronzong|item: Safety Goggles|Spore\n|move|p2a: Armarouge|Energy Ball|p1b: Palafin\n|-activate|p1b: Palafin|move: Protect\n|\n|upkeep\n|turn|5\n|\n|t:|1681782166\n|switch|p1b: Ting-Lu|Ting-Lu, L50|34\/100\n|-ability|p1b: Ting-Lu|Vessel of Ruin\n|move|p2b: Bronzong|Body Press|p1b: Ting-Lu\n|-supereffective|p1b: Ting-Lu\n|-damage|p1b: Ting-Lu|0 fnt\n|faint|p1b: Ting-Lu\n|move|p1a: Amoonguss|Pollen Puff|p2a: Armarouge\n|-supereffective|p2a: Armarouge\n|-damage|p2a: Armarouge|0 fnt\n|faint|p2a: Armarouge\n|\n|-fieldend|move: Psychic Terrain\n|upkeep\n|\n|t:|1681782181\n|switch|p1b: Palafin|Palafin-Hero, L50, F|100\/100\n|switch|p2a: Hatterene|Hatterene, L50, F|100\/100\n|turn|6\n|\n|t:|1681782194\n|move|p1b: Palafin|Protect|p1b: Palafin\n|-singleturn|p1b: Palafin|Protect\n|move|p1a: Amoonguss|Spore|p2a: Hatterene\n|move|p2a: Hatterene|Spore|p1a: Amoonguss|[from]ability: Magic Bounce\n|-status|p1a: Amoonguss|slp|[from] move: Spore\n|move|p2a: Hatterene|Trick Room|p2a: Hatterene\n|-fieldend|move: Trick Room\n|move|p2b: Bronzong|Trick Room|p2b: Bronzong\n|-fieldstart|move: Trick Room|[of] p2b: Bronzong\n|\n|upkeep\n|turn|7\n|-message|DashingHat321 forfeited.\n|\n|win|LegalizedNukes\n|raw|DashingHat321's rating: 1180 → 1150<\/strong> (-30 for losing)\n|raw|LegalizedNukes's rating: 1111 → 1141<\/strong> (+30 for winning)\n|l|\u2606DashingHat321\n","uploadtime":1681782209,"views":9,"p1id":"dashinghat321","p2id":"legalizednukes","formatid":"gen9vgc2023regulationc","rating":1141,"private":0,"password":""}