{"id":"gen9vgc2023regulationc-1845967944","p1":"LeMickeyMaushold","p2":"Villbs2","format":"[Gen 9] VGC 2023 Regulation C","log":"|j|\u2606LeMickeyMaushold\n|j|\u2606Villbs2\n|t:|1681785114\n|gametype|doubles\n|player|p1|LeMickeyMaushold|hoopster|1171\n|player|p2|Villbs2|101|1192\n|teamsize|p1|6\n|teamsize|p2|6\n|gen|9\n|tier|[Gen 9] VGC 2023 Regulation C\n|rated|\n|rule|Species Clause: Limit one of each Pok\u00e9mon\n|rule|Item Clause: Limit one of each item\n|clearpoke\n|poke|p1|Breloom, L50, F|\n|poke|p1|Iron Jugulis, L50|\n|poke|p1|Kingambit, L50, M|\n|poke|p1|Arcanine, L50, M|\n|poke|p1|Iron Bundle, L50|\n|poke|p1|Rotom-Wash, L50|\n|poke|p2|Amoonguss, L50, F|\n|poke|p2|Palafin, L50, M|\n|poke|p2|Arcanine, L50, M|\n|poke|p2|Gholdengo, L50|\n|poke|p2|Ting-Lu, L50|\n|poke|p2|Roaring Moon, L50|\n|teampreview|4\n|inactive|Battle timer is ON: inactive players will automatically lose when time's up. (requested by LeMickeyMaushold)\nLeMickeyMaushold has agreed to open team sheets.\n|inactive|LeMickeyMaushold has 60 seconds left.\n|inactive|Villbs2 has 60 seconds left.\n|\n|t:|1681785164\n|start\n|switch|p1a: Arcanine|Arcanine, L50, M|100\/100\n|switch|p1b: Kingambit|Kingambit, L50, M|100\/100\n|switch|p2a: Gholdengo|Gholdengo, L50|100\/100\n|switch|p2b: Roaring Moon|Roaring Moon, L50, shiny|100\/100\n|-ability|p1a: Arcanine|Intimidate|boost\n|-unboost|p2a: Gholdengo|atk|1\n|-unboost|p2b: Roaring Moon|atk|1\n|-enditem|p2b: Roaring Moon|Booster Energy\n|-activate|p2b: Roaring Moon|ability: Protosynthesis|[fromitem]\n|-start|p2b: Roaring Moon|protosynthesisspe\n|turn|1\n|inactive|LeMickeyMaushold has 30 seconds left.\n|inactive|Villbs2 has 30 seconds left.\n|inactive|Villbs2 has 20 seconds left.\n|inactive|Villbs2 has 15 seconds left.\n|inactive|Villbs2 has 10 seconds left.\n|\n|t:|1681785213\n|-terastallize|p2a: Gholdengo|Water\n|move|p2b: Roaring Moon|Protect|p2b: Roaring Moon\n|-singleturn|p2b: Roaring Moon|Protect\n|move|p1a: Arcanine|Flare Blitz|p2a: Gholdengo\n|-resisted|p2a: Gholdengo\n|-damage|p2a: Gholdengo|73\/100\n|-damage|p1a: Arcanine|92\/100|[from] Recoil\n|move|p2a: Gholdengo|Nasty Plot|p2a: Gholdengo\n|-boost|p2a: Gholdengo|spa|2\n|move|p1b: Kingambit|Iron Head|p2b: Roaring Moon\n|-activate|p2b: Roaring Moon|move: Protect\n|\n|-heal|p2a: Gholdengo|79\/100|[from] item: Leftovers\n|upkeep\n|turn|2\n|inactive|LeMickeyMaushold has 30 seconds left.\n|inactive|Villbs2 has 30 seconds left.\n|\n|t:|1681785242\n|move|p2a: Gholdengo|Protect|p2a: Gholdengo\n|-singleturn|p2a: Gholdengo|Protect\n|move|p1a: Arcanine|Extreme Speed|p2a: Gholdengo\n|-activate|p2a: Gholdengo|move: Protect\n|move|p2b: Roaring Moon|Tailwind|p2b: Roaring Moon\n|-sidestart|p2: Villbs2|move: Tailwind\n|move|p1b: Kingambit|Kowtow Cleave|p2a: Gholdengo\n|-activate|p2a: Gholdengo|move: Protect\n|\n|-heal|p2a: Gholdengo|85\/100|[from] item: Leftovers\n|upkeep\n|turn|3\n|inactive|Villbs2 has 30 seconds left.\n|\n|t:|1681785271\n|move|p1a: Arcanine|Extreme Speed|p2a: Gholdengo\n|-damage|p2a: Gholdengo|58\/100\n|move|p2b: Roaring Moon|Crunch|p1a: Arcanine\n|-damage|p1a: Arcanine|60\/100\n|move|p2a: Gholdengo|Shadow Ball|p1a: Arcanine\n|-damage|p1a: Arcanine|0 fnt\n|faint|p1a: Arcanine\n|move|p1b: Kingambit|Kowtow Cleave|p2a: Gholdengo\n|-damage|p2a: Gholdengo|15\/100\n|\n|-heal|p2a: Gholdengo|21\/100|[from] item: Leftovers\n|upkeep\n|\n|t:|1681785294\n|switch|p1a: Iron Bundle|Iron Bundle, L50|100\/100\n|turn|4\n|\n|t:|1681785317\n|move|p1b: Kingambit|Sucker Punch|p2a: Gholdengo\n|-damage|p2a: Gholdengo|0 fnt\n|faint|p2a: Gholdengo\n|move|p2b: Roaring Moon|Tera Blast|p1b: Kingambit\n|-resisted|p1b: Kingambit\n|-damage|p1b: Kingambit|97\/100\n|move|p1a: Iron Bundle|Freeze-Dry|p2b: Roaring Moon\n|-supereffective|p2b: Roaring Moon\n|-damage|p2b: Roaring Moon|0 fnt\n|faint|p2b: Roaring Moon\n|-end|p2b: Roaring Moon|Protosynthesis|[silent]\n|\n|upkeep\n|\n|t:|1681785329\n|switch|p2b: Arcanine|Arcanine, L50, M|100\/100\n|switch|p2a: Ting-Lu|Ting-Lu, L50|100\/100\n|-ability|p2b: Arcanine|Intimidate|boost\n|-unboost|p1a: Iron Bundle|atk|1\n|-unboost|p1b: Kingambit|atk|1\n|-ability|p1b: Kingambit|Defiant|boost\n|-boost|p1b: Kingambit|atk|2\n|-ability|p2a: Ting-Lu|Vessel of Ruin\n|turn|5\n|\n|t:|1681785352\n|-terastallize|p1b: Kingambit|Flying\n|move|p2b: Arcanine|Flare Blitz|p1b: Kingambit\n|-damage|p1b: Kingambit|60\/100\n|-damage|p2b: Arcanine|87\/100|[from] Recoil\n|move|p1a: Iron Bundle|Freeze-Dry|p2a: Ting-Lu\n|-supereffective|p2a: Ting-Lu\n|-damage|p2a: Ting-Lu|67\/100\n|move|p2a: Ting-Lu|Stone Edge|p1a: Iron Bundle\n|-supereffective|p1a: Iron Bundle\n|-damage|p1a: Iron Bundle|36\/100\n|move|p1b: Kingambit|Low Kick|p2a: Ting-Lu\n|-supereffective|p2a: Ting-Lu\n|-damage|p2a: Ting-Lu|0 fnt\n|faint|p2a: Ting-Lu\n|\n|-sideend|p2: Villbs2|move: Tailwind\n|upkeep\n|turn|6\n|\n|t:|1681785371\n|-end|p1a: Iron Bundle|Quark Drive|[silent]\n|switch|p1a: Iron Jugulis|Iron Jugulis, L50|100\/100\n|-enditem|p1a: Iron Jugulis|Booster Energy\n|-activate|p1a: Iron Jugulis|ability: Quark Drive|[fromitem]\n|-start|p1a: Iron Jugulis|quarkdrivespe\n|move|p2b: Arcanine|Extreme Speed|p1a: Iron Jugulis\n|-damage|p1a: Iron Jugulis|81\/100\n|move|p1b: Kingambit|Sucker Punch||[still]\n|-fail|p1b: Kingambit\n|\n|upkeep\n|turn|7\n|\n|t:|1681785386\n|move|p1a: Iron Jugulis|Air Slash|p2b: Arcanine\n|-damage|p2b: Arcanine|57\/100\n|move|p2b: Arcanine|Howl|p2b: Arcanine\n|-boost|p2b: Arcanine|atk|1\n|move|p1b: Kingambit|Kowtow Cleave|p2b: Arcanine\n|-damage|p2b: Arcanine|0 fnt\n|faint|p2b: Arcanine\n|\n|win|LeMickeyMaushold\n|raw|LeMickeyMaushold's rating: 1171 → 1198<\/strong> (+27 for winning)\n|raw|Villbs2's rating: 1192 → 1165<\/strong> (-27 for losing)\n|l|\u2606Villbs2\n","uploadtime":1681785398,"views":9,"p1id":"lemickeymaushold","p2id":"villbs2","formatid":"gen9vgc2023regulationc","rating":1165,"private":0,"password":""}