{"id":"gen9vgc2023regulationc-1853259700","p1":"XZacLee","p2":"snoozevgc","format":"[Gen 9] VGC 2023 Regulation C","log":"|j|\u2606XZacLee\n|j|\u2606snoozevgc\n|t:|1682656436\n|gametype|doubles\n|player|p1|XZacLee|larry|1384\n|player|p2|snoozevgc|2|1491\n|teamsize|p1|6\n|teamsize|p2|6\n|gen|9\n|tier|[Gen 9] VGC 2023 Regulation C\n|rated|\n|rule|Species Clause: Limit one of each Pok\u00e9mon\n|rule|Item Clause: Limit one of each item\n|clearpoke\n|poke|p1|Orthworm, L50, M|\n|poke|p1|Gyarados, L50, M|\n|poke|p1|Ting-Lu, L50|\n|poke|p1|Flutter Mane, L50|\n|poke|p1|Dragonite, L50, F|\n|poke|p1|Skeledirge, L50, F|\n|poke|p2|Lilligant, L50, F|\n|poke|p2|Torkoal, L50, F|\n|poke|p2|Flutter Mane, L50|\n|poke|p2|Kingambit, L50, F|\n|poke|p2|Dragonite, L50, F|\n|poke|p2|Great Tusk, L50|\n|teampreview|4\n|inactive|Battle timer is ON: inactive players will automatically lose when time's up. (requested by snoozevgc)\nXZacLee has agreed to open team sheets.\nsnoozevgc has agreed to open team sheets.\n|inactive|XZacLee has 60 seconds left.\n|inactive|XZacLee has 30 seconds left.\n|inactive|XZacLee has 20 seconds left.\n|inactive|XZacLee has 15 seconds left.\n|\n|t:|1682656515\n|start\n|switch|p1a: Gyarados|Gyarados, L50, M|100\/100\n|switch|p1b: Ting-Lu|Ting-Lu, L50|100\/100\n|switch|p2a: Lilligant|Lilligant, L50, F, shiny|100\/100\n|switch|p2b: Torkoal|Torkoal, L50, F, shiny|100\/100\n|-ability|p1a: Gyarados|Intimidate|boost\n|-unboost|p2a: Lilligant|atk|1\n|-unboost|p2b: Torkoal|atk|1\n|-ability|p1b: Ting-Lu|Vessel of Ruin\n|-weather|SunnyDay|[from] ability: Drought|[of] p2b: Torkoal\n|turn|1\n|\n|t:|1682656529\n|switch|p2b: Great Tusk|Great Tusk, L50|100\/100\n|-activate|p2b: Great Tusk|ability: Protosynthesis\n|-start|p2b: Great Tusk|protosynthesisatk\n|move|p2a: Lilligant|Sleep Powder|p1b: Ting-Lu\n|-status|p1b: Ting-Lu|slp|[from] move: Sleep Powder\n|move|p1a: Gyarados|Taunt|p2a: Lilligant\n|-start|p2a: Lilligant|move: Taunt\n|cant|p1b: Ting-Lu|slp\n|\n|-weather|SunnyDay|[upkeep]\n|upkeep\n|turn|2\n|\n|t:|1682656548\n|switch|p2a: Flutter Mane|Flutter Mane, L50, shiny|100\/100\n|-activate|p2a: Flutter Mane|ability: Protosynthesis\n|-start|p2a: Flutter Mane|protosynthesisspa\n|move|p2b: Great Tusk|Close Combat|p1b: Ting-Lu\n|-supereffective|p1b: Ting-Lu\n|-damage|p1b: Ting-Lu|0 fnt\n|-unboost|p2b: Great Tusk|def|1\n|-unboost|p2b: Great Tusk|spd|1\n|faint|p1b: Ting-Lu\n|move|p1a: Gyarados|Thunder Wave|p2b: Great Tusk\n|-immune|p2b: Great Tusk\n|\n|-weather|SunnyDay|[upkeep]\n|upkeep\n|\n|t:|1682656566\n|switch|p1b: Dragonite|Dragonite, L50, F|100\/100\n|turn|3\n|\n|t:|1682656588\n|-terastallize|p2a: Flutter Mane|Fairy\n|-terastallize|p1a: Gyarados|Steel\n|move|p1b: Dragonite|Extreme Speed|p2b: Great Tusk\n|-damage|p2b: Great Tusk|63\/100\n|move|p2b: Great Tusk|Close Combat|p1b: Dragonite\n|-resisted|p1b: Dragonite\n|-damage|p1b: Dragonite|79\/100\n|-unboost|p2b: Great Tusk|def|1\n|-unboost|p2b: Great Tusk|spd|1\n|move|p2a: Flutter Mane|Dazzling Gleam|p1a: Gyarados|[spread] p1a,p1b\n|-resisted|p1a: Gyarados\n|-supereffective|p1b: Dragonite\n|-damage|p1a: Gyarados|61\/100\n|-damage|p1b: Dragonite|0 fnt\n|faint|p1b: Dragonite\n|move|p1a: Gyarados|Waterfall|p2b: Great Tusk\n|-supereffective|p2b: Great Tusk\n|-damage|p2b: Great Tusk|11\/100\n|\n|-weather|SunnyDay|[upkeep]\n|upkeep\n|\n|t:|1682656605\n|switch|p1b: Flutter Mane|Flutter Mane, L50|100\/100\n|-activate|p1b: Flutter Mane|ability: Protosynthesis\n|-start|p1b: Flutter Mane|protosynthesisspe\n|turn|4\n|\n|t:|1682656628\n|-end|p2b: Great Tusk|Protosynthesis|[silent]\n|switch|p2b: Lilligant|Lilligant, L50, F, shiny|100\/100\n|move|p1b: Flutter Mane|Moonblast|p2b: Lilligant\n|-enditem|p2b: Lilligant|Focus Sash\n|-damage|p2b: Lilligant|1\/100\n|-unboost|p2b: Lilligant|spa|1\n|move|p2a: Flutter Mane|Dazzling Gleam|p1a: Gyarados|[spread] p1a,p1b\n|-resisted|p1a: Gyarados\n|-damage|p1a: Gyarados|26\/100\n|-damage|p1b: Flutter Mane|3\/100\n|move|p1a: Gyarados|Waterfall|p2a: Flutter Mane\n|-damage|p2a: Flutter Mane|68\/100\n|\n|-weather|SunnyDay|[upkeep]\n|upkeep\n|turn|5\n|\n|t:|1682656642\n|move|p2b: Lilligant|After You|p2a: Flutter Mane\n|-activate|p2a: Flutter Mane|move: After You\n|move|p2a: Flutter Mane|Dazzling Gleam|p1b: Flutter Mane|[spread] p1a,p1b\n|-resisted|p1a: Gyarados\n|-damage|p1a: Gyarados|0 fnt\n|-damage|p1b: Flutter Mane|0 fnt\n|faint|p1a: Gyarados\n|faint|p1b: Flutter Mane\n|-end|p1b: Flutter Mane|Protosynthesis|[silent]\n|\n|win|snoozevgc\n|raw|XZacLee's rating: 1384 → 1370<\/strong> (-14 for losing)\n|raw|snoozevgc's rating: 1491 → 1505<\/strong> (+14 for winning)\n|l|\u2606XZacLee\n","uploadtime":1682656650,"views":11,"p1id":"xzaclee","p2id":"snoozevgc","formatid":"gen9vgc2023regulationc","rating":1370,"private":0,"password":""}