{"id":"gen9vgc2023regulationc-1851737633","p1":"LasermanZ111","p2":"Dragontamerty9","format":"[Gen 9] VGC 2023 Regulation C","log":"|j|\u2606LasermanZ111\n|j|\u2606Dragontamerty9\n|t:|1682476259\n|gametype|doubles\n|player|p1|LasermanZ111|ash|1314\n|player|p2|Dragontamerty9|lance|1284\n|teamsize|p1|6\n|teamsize|p2|6\n|gen|9\n|tier|[Gen 9] VGC 2023 Regulation C\n|rated|\n|rule|Species Clause: Limit one of each Pok\u00e9mon\n|rule|Item Clause: Limit one of each item\n|clearpoke\n|poke|p1|Flutter Mane, L50|\n|poke|p1|Chi-Yu, L50|\n|poke|p1|Gyarados, L50, M|\n|poke|p1|Amoonguss, L50, M|\n|poke|p1|Baxcalibur, L50, M|\n|poke|p1|Iron Hands, L50|\n|poke|p2|Iron Thorns, L50|\n|poke|p2|Amoonguss, L50, F|\n|poke|p2|Roaring Moon, L50|\n|poke|p2|Garchomp, L50, M|\n|poke|p2|Gothitelle, L50, F|\n|poke|p2|Kingambit, L50, F|\n|teampreview|4\nLasermanZ111 has agreed to open team sheets.\nDragontamerty9 has agreed to open team sheets.\n|inactive|Battle timer is ON: inactive players will automatically lose when time's up. (requested by Dragontamerty9)\n|inactive|LasermanZ111 has 60 seconds left.\n|inactive|LasermanZ111 has 30 seconds left.\n|inactive|LasermanZ111 has 20 seconds left.\n|inactive|LasermanZ111 has 15 seconds left.\n|inactive|LasermanZ111 has 10 seconds left.\n|inactive|LasermanZ111 has 5 seconds left.\n|\n|t:|1682476464\n|start\n|switch|p1a: Chi-Yu|Chi-Yu, L50|100\/100\n|switch|p1b: Flutter Mane|Flutter Mane, L50|100\/100\n|switch|p2a: Roaring Moon|Roaring Moon, L50, shiny|100\/100\n|switch|p2b: Iron Thorns|Iron Thorns, L50, shiny|100\/100\n|-ability|p1a: Chi-Yu|Beads of Ruin\n|-enditem|p2a: Roaring Moon|Booster Energy\n|-activate|p2a: Roaring Moon|ability: Protosynthesis|[fromitem]\n|-start|p2a: Roaring Moon|protosynthesisspe\n|-enditem|p1b: Flutter Mane|Booster Energy\n|-activate|p1b: Flutter Mane|ability: Protosynthesis|[fromitem]\n|-start|p1b: Flutter Mane|protosynthesisspe\n|turn|1\n|inactive|LasermanZ111 has 30 seconds left.\n|inactive|Dragontamerty9 has 30 seconds left.\n|inactive|LasermanZ111 has 20 seconds left.\n|\n|t:|1682476500\n|-terastallize|p2a: Roaring Moon|Flying\n|move|p1b: Flutter Mane|Protect|p1b: Flutter Mane\n|-singleturn|p1b: Flutter Mane|Protect\n|move|p1a: Chi-Yu|Protect|p1a: Chi-Yu\n|-singleturn|p1a: Chi-Yu|Protect\n|move|p2a: Roaring Moon|Tailwind|p2a: Roaring Moon\n|-sidestart|p2: Dragontamerty9|move: Tailwind\n|move|p2b: Iron Thorns|Rock Slide|p1a: Chi-Yu|[spread] \n|-activate|p1a: Chi-Yu|move: Protect\n|-activate|p1b: Flutter Mane|move: Protect\n|\n|upkeep\n|turn|2\n|inactive|LasermanZ111 has 30 seconds left.\n|inactive|Dragontamerty9 has 30 seconds left.\n|\n|t:|1682476528\n|switch|p1a: Gyarados|Gyarados, L50, M, shiny|100\/100\n|-ability|p1a: Gyarados|Intimidate|boost\n|-unboost|p2a: Roaring Moon|atk|1\n|-unboost|p2b: Iron Thorns|atk|1\n|move|p2a: Roaring Moon|Acrobatics|p1b: Flutter Mane\n|-damage|p1b: Flutter Mane|45\/100\n|move|p1b: Flutter Mane|Icy Wind|p2b: Iron Thorns|[spread] p2a,p2b\n|-supereffective|p2a: Roaring Moon\n|-damage|p2a: Roaring Moon|72\/100\n|-damage|p2b: Iron Thorns|85\/100\n|-unboost|p2a: Roaring Moon|spe|1\n|-unboost|p2b: Iron Thorns|spe|1\n|move|p2b: Iron Thorns|Rock Slide|p1b: Flutter Mane|[spread] p1b\n|-miss|p2b: Iron Thorns|p1a: Gyarados\n|-damage|p1b: Flutter Mane|0 fnt\n|faint|p1b: Flutter Mane\n|-end|p1b: Flutter Mane|Protosynthesis|[silent]\n|\n|upkeep\n|\n|t:|1682476548\n|switch|p1b: Baxcalibur|Baxcalibur, L50, M|100\/100\n|turn|3\n|\n|t:|1682476572\n|-terastallize|p1a: Gyarados|Steel\n|move|p1b: Baxcalibur|Protect|p1b: Baxcalibur\n|-singleturn|p1b: Baxcalibur|Protect\n|move|p2a: Roaring Moon|Throat Chop|p1b: Baxcalibur\n|-activate|p1b: Baxcalibur|move: Protect\n|move|p2b: Iron Thorns|Rock Slide|p1a: Gyarados|[spread] p1a\n|-activate|p1b: Baxcalibur|move: Protect\n|-resisted|p1a: Gyarados\n|-damage|p1a: Gyarados|82\/100\n|move|p1a: Gyarados|Thunder Wave|p2a: Roaring Moon\n|-status|p2a: Roaring Moon|par\n|\n|upkeep\n|turn|4\n|inactive|Dragontamerty9 has 30 seconds left.\n|\n|t:|1682476607\n|-end|p2a: Roaring Moon|Protosynthesis|[silent]\n|switch|p2a: Garchomp|Garchomp, L50, M, shiny|100\/100\n|move|p2b: Iron Thorns|Rock Slide|p1b: Baxcalibur|[spread] p1a,p1b\n|-resisted|p1a: Gyarados\n|-supereffective|p1b: Baxcalibur\n|-damage|p1a: Gyarados|62\/100\n|-damage|p1b: Baxcalibur|46\/100\n|move|p1b: Baxcalibur|Icicle Crash|p2a: Garchomp\n|-supereffective|p2a: Garchomp\n|-damage|p2a: Garchomp|0 fnt\n|faint|p2a: Garchomp\n|cant|p1a: Gyarados|flinch\n|\n|-sideend|p2: Dragontamerty9|move: Tailwind\n|upkeep\n|\n|t:|1682476610\n|switch|p2a: Amoonguss|Amoonguss, L50, F, shiny|100\/100\n|turn|5\n|\n|t:|1682476631\n|-end|p2b: Iron Thorns|Quark Drive|[silent]\n|switch|p2b: Roaring Moon|Roaring Moon, L50, shiny, tera:Flying|72\/100 par\n|move|p1b: Baxcalibur|Icicle Crash|p2a: Amoonguss\n|-supereffective|p2a: Amoonguss\n|-damage|p2a: Amoonguss|10\/100\n|move|p1a: Gyarados|Waterfall|p2b: Roaring Moon\n|-damage|p2b: Roaring Moon|20\/100 par\n|cant|p2a: Amoonguss|flinch\n|\n|upkeep\n|turn|6\n|\n|t:|1682476649\n|move|p2a: Amoonguss|Rage Powder|p2a: Amoonguss\n|-singleturn|p2a: Amoonguss|move: Rage Powder\n|move|p1b: Baxcalibur|Ice Shard|p2a: Amoonguss\n|-supereffective|p2a: Amoonguss\n|-damage|p2a: Amoonguss|0 fnt\n|faint|p2a: Amoonguss\n|move|p1a: Gyarados|Waterfall|p2b: Roaring Moon\n|-damage|p2b: Roaring Moon|0 fnt\n|faint|p2b: Roaring Moon\n|-end|p2b: Roaring Moon|Protosynthesis|[silent]\n|\n|upkeep\n|\n|t:|1682476656\n|switch|p2b: Iron Thorns|Iron Thorns, L50, shiny|85\/100\n|turn|7\n|c|\u2606Dragontamerty9|gg\n|\n|t:|1682476668\n|move|p2b: Iron Thorns|Rock Slide|p1b: Baxcalibur|[spread] p1a\n|-miss|p2b: Iron Thorns|p1b: Baxcalibur\n|-resisted|p1a: Gyarados\n|-damage|p1a: Gyarados|37\/100\n|move|p1b: Baxcalibur|Glaive Rush|p2b: Iron Thorns\n|-damage|p2b: Iron Thorns|12\/100\n|-singlemove|p1b: Baxcalibur|Glaive Rush|[silent]\n|cant|p1a: Gyarados|flinch\n|\n|upkeep\n|turn|8\n|\n|t:|1682476680\n|move|p1b: Baxcalibur|Ice Shard|p2b: Iron Thorns\n|-damage|p2b: Iron Thorns|0 fnt\n|faint|p2b: Iron Thorns\n|-end|p2b: Iron Thorns|Quark Drive|[silent]\n|\n|win|LasermanZ111\n|raw|LasermanZ111's rating: 1314 → 1332<\/strong> (+18 for winning)\n|raw|Dragontamerty9's rating: 1284 → 1261<\/strong> (-23 for losing)\n|c|\u2606LasermanZ111|gg\n","uploadtime":1682476685,"views":10,"p1id":"lasermanz111","p2id":"dragontamerty9","formatid":"gen9vgc2023regulationc","rating":1261,"private":0,"password":""}