{"id":"gen9vgc2023regulationc-1861515272","p1":"Bout It 27","p2":"RonJohn","format":"[Gen 9] VGC 2023 Regulation C","log":"|j|\u2606Bout It 27\n|j|\u2606RonJohn\n|t:|1683767433\n|gametype|doubles\n|player|p1|Bout It 27|1|1243\n|player|p2|RonJohn|266|1195\n|teamsize|p1|6\n|teamsize|p2|6\n|gen|9\n|tier|[Gen 9] VGC 2023 Regulation C\n|rated|\n|rule|Species Clause: Limit one of each Pok\u00e9mon\n|rule|Item Clause: Limit one of each item\n|clearpoke\n|poke|p1|Murkrow, L50, F|\n|poke|p1|Haxorus, L50, F|\n|poke|p1|Amoonguss, L50, F|\n|poke|p1|Garganacl, L50, M|\n|poke|p1|Chien-Pao, L50|\n|poke|p1|Glimmora, L50, M|\n|poke|p2|Flutter Mane, L50|\n|poke|p2|Orthworm, L50, F|\n|poke|p2|Dragonite, L50, M|\n|poke|p2|Amoonguss, L50, F|\n|poke|p2|Gyarados, L50, F|\n|poke|p2|Ting-Lu, L50|\n|teampreview|4\nRonJohn has agreed to open team sheets.\n|\n|t:|1683767454\n|start\n|switch|p1a: Chien-Pao|Chien-Pao, L50|100\/100\n|switch|p1b: Murkrow|Murkrow, L50, F|100\/100\n|switch|p2a: Gyarados|Gyarados, L50, F|100\/100\n|switch|p2b: Ting-Lu|Ting-Lu, L50|100\/100\n|-ability|p1a: Chien-Pao|Sword of Ruin\n|-ability|p2a: Gyarados|Intimidate|boost\n|-unboost|p1a: Chien-Pao|atk|1\n|-unboost|p1b: Murkrow|atk|1\n|-ability|p2b: Ting-Lu|Vessel of Ruin\n|turn|1\n|c|\u2606RonJohn|glhf\n|\n|t:|1683767486\n|move|p1a: Chien-Pao|Protect|p1a: Chien-Pao\n|-singleturn|p1a: Chien-Pao|Protect\n|move|p1b: Murkrow|Taunt|p2a: Gyarados\n|-start|p2a: Gyarados|move: Taunt\n|cant|p2a: Gyarados|move: Taunt|Taunt\n|move|p2b: Ting-Lu|Rock Slide|p1a: Chien-Pao|[spread] p1b\n|-activate|p1a: Chien-Pao|move: Protect\n|-supereffective|p1b: Murkrow\n|-damage|p1b: Murkrow|55\/100\n|\n|upkeep\n|turn|2\n|\n|t:|1683767512\n|move|p1b: Murkrow|Tailwind|p1b: Murkrow\n|-sidestart|p1: Bout It 27|move: Tailwind\n|move|p1a: Chien-Pao|Ice Spinner|p2b: Ting-Lu\n|-supereffective|p2b: Ting-Lu\n|-damage|p2b: Ting-Lu|60\/100\n|move|p2a: Gyarados|Waterfall|p1b: Murkrow\n|-damage|p1b: Murkrow|9\/100\n|move|p2b: Ting-Lu|Rock Slide|p1a: Chien-Pao|[spread] p1a,p1b\n|-supereffective|p1a: Chien-Pao\n|-supereffective|p1b: Murkrow\n|-damage|p1a: Chien-Pao|48\/100\n|-damage|p1b: Murkrow|0 fnt\n|faint|p1b: Murkrow\n|\n|upkeep\n|\n|t:|1683767527\n|switch|p1b: Haxorus|Haxorus, L50, F, shiny|100\/100\n|-ability|p1b: Haxorus|Mold Breaker\n|turn|3\n|\n|t:|1683767545\n|switch|p2a: Orthworm|Orthworm, L50, F|100\/100\n|move|p1a: Chien-Pao|Ice Spinner|p2a: Orthworm\n|-resisted|p2a: Orthworm\n|-damage|p2a: Orthworm|86\/100\n|move|p1b: Haxorus|Breaking Swipe|p2a: Orthworm|[spread] p2a,p2b\n|-resisted|p2a: Orthworm\n|-damage|p2a: Orthworm|67\/100\n|-damage|p2b: Ting-Lu|31\/100\n|-unboost|p2a: Orthworm|atk|1\n|-unboost|p2b: Ting-Lu|atk|1\n|-damage|p1b: Haxorus|91\/100|[from] item: Life Orb\n|move|p2b: Ting-Lu|Earthquake|p1a: Chien-Pao|[spread] p1a,p1b\n|-heal|p2a: Orthworm|92\/100|[from] ability: Earth Eater|[of] p2b: Ting-Lu\n|-damage|p1a: Chien-Pao|18\/100\n|-damage|p1b: Haxorus|49\/100\n|\n|upkeep\n|turn|4\n|\n|t:|1683767572\n|switch|p2b: Gyarados|Gyarados, L50, F|100\/100\n|-ability|p2b: Gyarados|Intimidate|boost\n|-unboost|p1a: Chien-Pao|atk|1\n|-unboost|p1b: Haxorus|atk|1\n|move|p1a: Chien-Pao|Sacred Sword|p2a: Orthworm\n|-supereffective|p2a: Orthworm\n|-damage|p2a: Orthworm|62\/100\n|move|p1b: Haxorus|Low Kick|p2a: Orthworm\n|-supereffective|p2a: Orthworm\n|-damage|p2a: Orthworm|0 fnt\n|faint|p2a: Orthworm\n|-damage|p1b: Haxorus|39\/100|[from] item: Life Orb\n|\n|upkeep\n|\n|t:|1683767589\n|switch|p2a: Ting-Lu|Ting-Lu, L50|31\/100\n|-ability|p2a: Ting-Lu|Vessel of Ruin\n|turn|5\n|\n|t:|1683767617\n|move|p1a: Chien-Pao|Ice Spinner|p2a: Ting-Lu\n|-supereffective|p2a: Ting-Lu\n|-damage|p2a: Ting-Lu|0 fnt\n|faint|p2a: Ting-Lu\n|move|p1b: Haxorus|Breaking Swipe|p2b: Gyarados\n|-damage|p2b: Gyarados|57\/100\n|-unboost|p2b: Gyarados|atk|1\n|-damage|p1b: Haxorus|29\/100|[from] item: Life Orb\n|move|p2b: Gyarados|Waterfall|p1b: Haxorus\n|-resisted|p1b: Haxorus\n|-damage|p1b: Haxorus|9\/100\n|\n|-sideend|p1: Bout It 27|move: Tailwind\n|upkeep\n|\n|t:|1683767629\n|switch|p2a: Dragonite|Dragonite, L50, M|100\/100\n|turn|6\n|\n|t:|1683767659\n|-terastallize|p2a: Dragonite|Normal\n|move|p1a: Chien-Pao|Ice Spinner|p2a: Dragonite\n|-damage|p2a: Dragonite|84\/100\n|move|p1b: Haxorus|Breaking Swipe|p2b: Gyarados|[spread] p2a,p2b\n|-damage|p2a: Dragonite|49\/100\n|-damage|p2b: Gyarados|23\/100\n|-unboost|p2a: Dragonite|atk|1\n|-unboost|p2b: Gyarados|atk|1\n|-damage|p1b: Haxorus|0 fnt|[from] item: Life Orb\n|faint|p1b: Haxorus\n|move|p2a: Dragonite|Earthquake|p1a: Chien-Pao|[spread] p1a\n|-immune|p2b: Gyarados\n|-damage|p1a: Chien-Pao|0 fnt\n|faint|p1a: Chien-Pao\n|move|p2b: Gyarados|Rain Dance|p2b: Gyarados\n|-weather|RainDance\n|\n|-weather|RainDance|[upkeep]\n|upkeep\n|\n|t:|1683767679\n|switch|p1b: Glimmora|Glimmora, L50, M|100\/100\n|turn|7\n|\n|t:|1683767700\n|move|p1b: Glimmora|Spiky Shield|p1b: Glimmora\n|-singleturn|p1b: Glimmora|move: Protect\n|move|p2a: Dragonite|Earthquake|p1b: Glimmora|[spread] \n|-activate|p1b: Glimmora|move: Protect\n|-immune|p2b: Gyarados\n|move|p2b: Gyarados|Waterfall|p1b: Glimmora\n|-activate|p1b: Glimmora|move: Protect\n|-damage|p2b: Gyarados|10\/100|[from] Spiky Shield|[of] p1b: Glimmora\n|\n|-weather|RainDance|[upkeep]\n|upkeep\n|turn|8\n|\n|t:|1683767727\n|-terastallize|p1b: Glimmora|Grass\n|move|p1b: Glimmora|Mortal Spin|p2a: Dragonite|[spread] p2a,p2b\n|-damage|p2a: Dragonite|44\/100\n|-damage|p2b: Gyarados|6\/100\n|-status|p2a: Dragonite|psn\n|-enditem|p2a: Dragonite|Lum Berry|[eat]\n|-curestatus|p2a: Dragonite|psn|[msg]\n|-status|p2b: Gyarados|psn\n|move|p2a: Dragonite|Earthquake|p1b: Glimmora|[spread] p1b\n|-immune|p2b: Gyarados\n|-resisted|p1b: Glimmora\n|-damage|p1b: Glimmora|90\/100\n|-activate|p1b: Glimmora|ability: Toxic Debris\n|-sidestart|p2: RonJohn|move: Toxic Spikes\n|move|p2b: Gyarados|Thunder Wave|p1b: Glimmora\n|-status|p1b: Glimmora|par\n|\n|-weather|RainDance|[upkeep]\n|-damage|p2b: Gyarados|0 fnt|[from] psn\n|faint|p2b: Gyarados\n|upkeep\n|turn|9\n|\n|t:|1683767754\n|move|p2a: Dragonite|Ice Spinner|p1b: Glimmora\n|-supereffective|p1b: Glimmora\n|-damage|p1b: Glimmora|37\/100 par\n|-damage|p2a: Dragonite|28\/100|[from] item: Rocky Helmet|[of] p1b: Glimmora\n|-activate|p1b: Glimmora|ability: Toxic Debris\n|-sidestart|p2: RonJohn|move: Toxic Spikes\n|move|p1b: Glimmora|Energy Ball|p2a: Dragonite\n|-damage|p2a: Dragonite|0 fnt\n|faint|p2a: Dragonite\n|\n|win|Bout It 27\n|raw|Bout It 27's rating: 1243 → 1265<\/strong> (+22 for winning)\n|raw|RonJohn's rating: 1195 → 1173<\/strong> (-22 for losing)\n|c|\u2606RonJohn|dang gg\n","uploadtime":1683767771,"views":22,"p1id":"boutit27","p2id":"ronjohn","formatid":"gen9vgc2023regulationc","rating":1173,"private":0,"password":""}