{"id":"gen9vgc2023regulationc-1846073639","p1":"Karajony","p2":"REEZY27","format":"[Gen 9] VGC 2023 Regulation C","log":"|j|\u2606Karajony\n|j|\u203dREEZY27\n|t:|1681801844\n|gametype|doubles\n|player|p1|Karajony|worker-gen4|1157\n|player|p2|REEZY27|102|1291\n|teamsize|p1|6\n|teamsize|p2|6\n|gen|9\n|tier|[Gen 9] VGC 2023 Regulation C\n|rated|\n|rule|Species Clause: Limit one of each Pok\u00e9mon\n|rule|Item Clause: Limit one of each item\n|clearpoke\n|poke|p1|Gyarados, L50, F|\n|poke|p1|Flutter Mane, L50|\n|poke|p1|Iron Hands, L50|\n|poke|p1|Baxcalibur, L50, F|\n|poke|p1|Scream Tail, L50|\n|poke|p1|Chi-Yu, L50|\n|poke|p2|Chi-Yu, L50|\n|poke|p2|Dachsbun, L50, F|\n|poke|p2|Dragonite, L50, F|\n|poke|p2|Flutter Mane, L50|\n|poke|p2|Azumarill, L50, M|\n|poke|p2|Chien-Pao, L50|\n|teampreview|4\n|inactive|Battle timer is ON: inactive players will automatically lose when time's up. (requested by Karajony)\n|inactive|Karajony has 60 seconds left.\n|\n|t:|1681801901\n|start\n|switch|p1a: Iron Hands|Iron Hands, L50|100\/100\n|switch|p1b: Scream Tail|Scream Tail, L50|100\/100\n|switch|p2a: Chi-Yu|Chi-Yu, L50|100\/100\n|switch|p2b: Dachsbun|Dachsbun, L50, F|100\/100\n|-ability|p2a: Chi-Yu|Beads of Ruin\n|turn|1\n|inactive|REEZY27 has 30 seconds left.\n|\n|t:|1681801931\n|move|p2a: Chi-Yu|Lava Plume|p1b: Scream Tail|[spread] p1a,p1b\n|-ability|p2b: Dachsbun|Well-Baked Body|boost\n|-boost|p2b: Dachsbun|def|2\n|-damage|p1a: Iron Hands|68\/100\n|-damage|p1b: Scream Tail|73\/100\n|-status|p1b: Scream Tail|brn\n|move|p1b: Scream Tail|Disable|p2a: Chi-Yu\n|-start|p2a: Chi-Yu|Disable|Lava Plume\n|move|p2b: Dachsbun|Yawn||[still]\n|-fail|p2b: Dachsbun\n|move|p1a: Iron Hands|Swords Dance|p1a: Iron Hands\n|-boost|p1a: Iron Hands|atk|2\n|\n|-heal|p1a: Iron Hands|74\/100|[from] item: Leftovers\n|-damage|p1b: Scream Tail|67\/100 brn|[from] brn\n|upkeep\n|turn|2\n|inactive|Karajony has 30 seconds left.\n|inactive|REEZY27 has 30 seconds left.\n|\n|t:|1681801964\n|switch|p2a: Dragonite|Dragonite, L50, F|100\/100\n|move|p1b: Scream Tail|Encore|p2b: Dachsbun\n|-start|p2b: Dachsbun|Encore\n|move|p2b: Dachsbun|Yawn|p1a: Iron Hands\n|-start|p1a: Iron Hands|move: Yawn|[of] p2b: Dachsbun\n|move|p1a: Iron Hands|Drain Punch|p2a: Dragonite\n|-resisted|p2a: Dragonite\n|-damage|p2a: Dragonite|81\/100\n|-heal|p1a: Iron Hands|82\/100|[from] drain|[of] p2a: Dragonite\n|\n|-heal|p1a: Iron Hands|88\/100|[from] item: Leftovers\n|-damage|p1b: Scream Tail|61\/100 brn|[from] brn\n|upkeep\n|turn|3\n|inactive|REEZY27 has 30 seconds left.\n|\n|t:|1681801991\n|-terastallize|p2a: Dragonite|Flying\n|move|p1b: Scream Tail|Disable|p2b: Dachsbun\n|-start|p2b: Dachsbun|Disable|Yawn\n|cant|p2b: Dachsbun|Disable|Yawn\n|move|p2a: Dragonite|Tera Blast|p1a: Iron Hands\n|-damage|p1a: Iron Hands|49\/100\n|move|p1a: Iron Hands|Wild Charge|p2a: Dragonite\n|-supereffective|p2a: Dragonite\n|-damage|p2a: Dragonite|0 fnt\n|faint|p2a: Dragonite\n|-damage|p1a: Iron Hands|33\/100|[from] Recoil\n|\n|-heal|p1a: Iron Hands|39\/100|[from] item: Leftovers\n|-damage|p1b: Scream Tail|55\/100 brn|[from] brn\n|-end|p1a: Iron Hands|move: Yawn|[silent]\n|-status|p1a: Iron Hands|slp\n|upkeep\n|\n|t:|1681802013\n|switch|p2a: Chi-Yu|Chi-Yu, L50|100\/100\n|-ability|p2a: Chi-Yu|Beads of Ruin\n|turn|4\n|\n|t:|1681802031\n|-end|p1a: Iron Hands|Quark Drive|[silent]\n|switch|p1a: Gyarados|Gyarados, L50, F|100\/100\n|-ability|p1a: Gyarados|Intimidate|boost\n|-unboost|p2a: Chi-Yu|atk|1\n|-unboost|p2b: Dachsbun|atk|1\n|move|p2a: Chi-Yu|Lava Plume|p1a: Gyarados|[spread] p1a,p1b\n|-ability|p2b: Dachsbun|Well-Baked Body|boost\n|-boost|p2b: Dachsbun|def|2\n|-resisted|p1a: Gyarados\n|-damage|p1a: Gyarados|82\/100\n|-damage|p1b: Scream Tail|26\/100 brn\n|move|p1b: Scream Tail|Disable|p2a: Chi-Yu\n|-start|p2a: Chi-Yu|Disable|Lava Plume\n|-activate|p2b: Dachsbun|move: Struggle\n|move|p2b: Dachsbun|Struggle|p1a: Gyarados\n|-damage|p1a: Gyarados|76\/100\n|-damage|p2b: Dachsbun|75\/100|[from] recoil\n|\n|-heal|p2b: Dachsbun|82\/100|[from] item: Leftovers\n|-damage|p1b: Scream Tail|20\/100 brn|[from] brn\n|-end|p2b: Dachsbun|Encore\n|upkeep\n|turn|5\n|inactive|REEZY27 has 30 seconds left.\n|inactive|REEZY27 has 20 seconds left.\n|inactive|REEZY27 has 15 seconds left.\n|inactive|REEZY27 has 10 seconds left.\n|\n|t:|1681802078\n|switch|p2a: Flutter Mane|Flutter Mane, L50|100\/100\n|-enditem|p2a: Flutter Mane|Booster Energy\n|-activate|p2a: Flutter Mane|ability: Protosynthesis|[fromitem]\n|-start|p2a: Flutter Mane|protosynthesisspe\n|move|p1b: Scream Tail|Encore||[still]\n|-fail|p1b: Scream Tail\n|move|p1a: Gyarados|Waterfall|p2a: Flutter Mane\n|-damage|p2a: Flutter Mane|26\/100\n|move|p2b: Dachsbun|Body Press|p1b: Scream Tail\n|-resisted|p1b: Scream Tail\n|-damage|p1b: Scream Tail|10\/100 brn\n|\n|-heal|p2b: Dachsbun|88\/100|[from] item: Leftovers\n|-damage|p1b: Scream Tail|4\/100 brn|[from] brn\n|upkeep\n|turn|6\n|inactive|Karajony has 30 seconds left.\n|inactive|REEZY27 has 30 seconds left.\n|\n|t:|1681802109\n|-end|p1b: Scream Tail|Protosynthesis|[silent]\n|switch|p1b: Flutter Mane|Flutter Mane, L50|100\/100\n|-enditem|p1b: Flutter Mane|Booster Energy\n|-activate|p1b: Flutter Mane|ability: Protosynthesis|[fromitem]\n|-start|p1b: Flutter Mane|protosynthesisspe\n|move|p2a: Flutter Mane|Dazzling Gleam|p1b: Flutter Mane|[spread] p1a,p1b\n|-damage|p1a: Gyarados|50\/100\n|-damage|p1b: Flutter Mane|72\/100\n|-enditem|p1a: Gyarados|Sitrus Berry|[eat]\n|-heal|p1a: Gyarados|75\/100|[from] item: Sitrus Berry\n|move|p1a: Gyarados|Waterfall|p2a: Flutter Mane\n|-damage|p2a: Flutter Mane|0 fnt\n|faint|p2a: Flutter Mane\n|-end|p2a: Flutter Mane|Protosynthesis|[silent]\n|move|p2b: Dachsbun|Body Press|p1a: Gyarados\n|-resisted|p1a: Gyarados\n|-damage|p1a: Gyarados|42\/100\n|\n|-heal|p2b: Dachsbun|94\/100|[from] item: Leftovers\n|-end|p2b: Dachsbun|Disable\n|upkeep\n|\n|t:|1681802130\n|switch|p2a: Chi-Yu|Chi-Yu, L50|100\/100\n|-ability|p2a: Chi-Yu|Beads of Ruin\n|turn|7\n|\n|t:|1681802146\n|move|p1b: Flutter Mane|Moonblast|p2a: Chi-Yu\n|-damage|p2a: Chi-Yu|42\/100\n|move|p2a: Chi-Yu|Lava Plume|p1b: Flutter Mane|[spread] p1a,p1b\n|-ability|p2b: Dachsbun|Well-Baked Body|boost\n|-boost|p2b: Dachsbun|def|2\n|-resisted|p1a: Gyarados\n|-damage|p1a: Gyarados|24\/100\n|-damage|p1b: Flutter Mane|35\/100\n|move|p1a: Gyarados|Thunder Wave|p2b: Dachsbun\n|-status|p2b: Dachsbun|par\n|move|p2b: Dachsbun|Yawn|p1b: Flutter Mane\n|-start|p1b: Flutter Mane|move: Yawn|[of] p2b: Dachsbun\n|\n|-heal|p2b: Dachsbun|99\/100 par|[from] item: Leftovers\n|upkeep\n|turn|8\n|inactive|Karajony has 30 seconds left.\n|\n|t:|1681802173\n|move|p1b: Flutter Mane|Moonblast|p2a: Chi-Yu\n|-damage|p2a: Chi-Yu|0 fnt\n|faint|p2a: Chi-Yu\n|move|p1a: Gyarados|Iron Head|p2b: Dachsbun\n|-supereffective|p2b: Dachsbun\n|-damage|p2b: Dachsbun|86\/100 par\n|move|p2b: Dachsbun|Body Press|p1a: Gyarados\n|-resisted|p1a: Gyarados\n|-damage|p1a: Gyarados|0 fnt\n|faint|p1a: Gyarados\n|\n|-heal|p2b: Dachsbun|93\/100 par|[from] item: Leftovers\n|-end|p1b: Flutter Mane|move: Yawn|[silent]\n|-status|p1b: Flutter Mane|slp\n|upkeep\n|\n|t:|1681802185\n|switch|p1a: Scream Tail|Scream Tail, L50|4\/100 brn\n|turn|9\n|\n|t:|1681802194\n|cant|p1b: Flutter Mane|slp\n|move|p1a: Scream Tail|Disable|p2b: Dachsbun\n|-start|p2b: Dachsbun|Disable|Body Press\n|cant|p2b: Dachsbun|Disable|Body Press\n|\n|-heal|p2b: Dachsbun|99\/100 par|[from] item: Leftovers\n|-damage|p1a: Scream Tail|0 fnt|[from] brn\n|faint|p1a: Scream Tail\n|-end|p1a: Scream Tail|Protosynthesis|[silent]\n|upkeep\n|\n|t:|1681802202\n|switch|p1a: Iron Hands|Iron Hands, L50|39\/100 slp\n|turn|10\n|\n|t:|1681802213\n|-curestatus|p1b: Flutter Mane|slp|[msg]\n|move|p1b: Flutter Mane|Draining Kiss|p2b: Dachsbun\n|-damage|p2b: Dachsbun|79\/100 par\n|-heal|p1b: Flutter Mane|51\/100|[from] drain|[of] p2b: Dachsbun\n|cant|p1a: Iron Hands|slp\n|move|p2b: Dachsbun|Wish|p2b: Dachsbun\n|\n|-heal|p1a: Iron Hands|45\/100 slp|[from] item: Leftovers\n|-heal|p2b: Dachsbun|85\/100 par|[from] item: Leftovers\n|upkeep\n|turn|11\n|\n|t:|1681802228\n|move|p1b: Flutter Mane|Draining Kiss|p2b: Dachsbun\n|-damage|p2b: Dachsbun|62\/100 par\n|-heal|p1b: Flutter Mane|69\/100|[from] drain|[of] p2b: Dachsbun\n|-curestatus|p1a: Iron Hands|slp|[msg]\n|move|p1a: Iron Hands|Swords Dance|p1a: Iron Hands\n|-boost|p1a: Iron Hands|atk|2\n|move|p2b: Dachsbun|Yawn|p1b: Flutter Mane\n|-start|p1b: Flutter Mane|move: Yawn|[of] p2b: Dachsbun\n|\n|-heal|p2b: Dachsbun|100\/100 par|[from] move: Wish|[wisher] Dachsbun\n|-heal|p1a: Iron Hands|52\/100|[from] item: Leftovers\n|upkeep\n|turn|12\n|inactive|Karajony has 30 seconds left.\n|\n|t:|1681802254\n|move|p1b: Flutter Mane|Moonblast|p2b: Dachsbun\n|-damage|p2b: Dachsbun|60\/100 par\n|move|p1a: Iron Hands|Swords Dance|p1a: Iron Hands\n|-boost|p1a: Iron Hands|atk|2\n|move|p2b: Dachsbun|Yawn|p1a: Iron Hands\n|-start|p1a: Iron Hands|move: Yawn|[of] p2b: Dachsbun\n|\n|-heal|p1a: Iron Hands|58\/100|[from] item: Leftovers\n|-heal|p2b: Dachsbun|66\/100 par|[from] item: Leftovers\n|-end|p2b: Dachsbun|Disable\n|-end|p1b: Flutter Mane|move: Yawn|[silent]\n|-status|p1b: Flutter Mane|slp\n|upkeep\n|turn|13\n|inactive|Karajony has 30 seconds left.\n|\n|t:|1681802280\n|-terastallize|p1a: Iron Hands|Grass\n|move|p2b: Dachsbun|Protect|p2b: Dachsbun\n|-singleturn|p2b: Dachsbun|Protect\n|cant|p1b: Flutter Mane|slp\n|move|p1a: Iron Hands|Drain Punch|p2b: Dachsbun\n|-activate|p2b: Dachsbun|move: Protect\n|\n|-heal|p1a: Iron Hands|64\/100|[from] item: Leftovers\n|-heal|p2b: Dachsbun|72\/100 par|[from] item: Leftovers\n|-end|p1a: Iron Hands|move: Yawn|[silent]\n|-status|p1a: Iron Hands|slp\n|upkeep\n|turn|14\n|\n|t:|1681802295\n|-curestatus|p1b: Flutter Mane|slp|[msg]\n|move|p1b: Flutter Mane|Moonblast|p2b: Dachsbun\n|-damage|p2b: Dachsbun|33\/100 par\n|cant|p1a: Iron Hands|slp\n|cant|p2b: Dachsbun|par\n|\n|-heal|p1a: Iron Hands|70\/100 slp|[from] item: Leftovers\n|-heal|p2b: Dachsbun|39\/100 par|[from] item: Leftovers\n|upkeep\n|turn|15\n|\n|t:|1681802312\n|cant|p2b: Dachsbun|par\n|move|p1b: Flutter Mane|Moonblast|p2b: Dachsbun\n|-damage|p2b: Dachsbun|0 fnt\n|faint|p2b: Dachsbun\n|\n|win|Karajony\n|raw|Karajony's rating: 1157 → 1191<\/strong> (+34 for winning)\n|raw|REEZY27's rating: 1291 → 1257<\/strong> (-34 for losing)\n|l|\u203dREEZY27\n","uploadtime":1681802347,"views":6,"p1id":"karajony","p2id":"reezy27","formatid":"gen9vgc2023regulationc","rating":1191,"private":0,"password":""}