{"id":"gen9vgc2023regulationc-1863768263","p1":"LUMOO","p2":"MammothBeast","format":"[Gen 9] VGC 2023 Regulation C","log":"|j|\u2606LUMOO\n|j|\u2606MammothBeast\n|t:|1684074226\n|gametype|doubles\n|player|p1|LUMOO|266|1079\n|player|p2|MammothBeast|linebacker|1071\n|teamsize|p1|6\n|teamsize|p2|6\n|gen|9\n|tier|[Gen 9] VGC 2023 Regulation C\n|rated|\n|rule|Species Clause: Limit one of each Pok\u00e9mon\n|rule|Item Clause: Limit one of each item\n|clearpoke\n|poke|p1|Gastrodon, L50, F|\n|poke|p1|Chi-Yu, L50|\n|poke|p1|Corviknight, L50, M|\n|poke|p1|Flutter Mane, L50|\n|poke|p1|Tyranitar, L50, M|\n|poke|p1|Grimmsnarl, L50, M|\n|poke|p2|Grafaiai, L50, F|\n|poke|p2|Baxcalibur, L50, F|\n|poke|p2|Brute Bonnet, L50|\n|poke|p2|Gyarados, L50, M|\n|poke|p2|Toxicroak, L50, M|\n|poke|p2|Tauros-Paldea-Blaze, L50, M|\n|teampreview|4\n|inactive|Battle timer is ON: inactive players will automatically lose when time's up. (requested by MammothBeast)\n|\n|t:|1684074292\n|start\n|switch|p1a: Tyranitar|Tyranitar, L50, M, shiny|100\/100\n|switch|p1b: Grimmsnarl|Grimmsnarl, L50, M|100\/100\n|switch|p2a: Grafaiai|Grafaiai, L50, F|100\/100\n|switch|p2b: Toxicroak|Toxicroak, L50, M|100\/100\n|-item|p2b: Toxicroak|Air Balloon\n|-weather|Sandstorm|[from] ability: Sand Stream|[of] p1a: Tyranitar\n|turn|1\n|inactive|LUMOO has 30 seconds left.\n|inactive|MammothBeast has 30 seconds left.\n|inactive|LUMOO has 20 seconds left.\n|inactive|MammothBeast has 20 seconds left.\n|\n|t:|1684074331\n|-terastallize|p1a: Tyranitar|Flying\n|move|p2b: Toxicroak|Fake Out|p1b: Grimmsnarl\n|-damage|p1b: Grimmsnarl|88\/100\n|cant|p1b: Grimmsnarl|flinch\n|move|p2a: Grafaiai|Knock Off|p1a: Tyranitar\n|-damage|p1a: Tyranitar|77\/100\n|-enditem|p1a: Tyranitar|Assault Vest|[from] move: Knock Off|[of] p2a: Grafaiai\n|move|p1a: Tyranitar|Tera Blast|p2b: Toxicroak\n|-supereffective|p2b: Toxicroak\n|-damage|p2b: Toxicroak|0 fnt\n|-enditem|p2b: Toxicroak|Air Balloon\n|faint|p2b: Toxicroak\n|\n|-weather|Sandstorm|[upkeep]\n|-damage|p2a: Grafaiai|95\/100|[from] Sandstorm\n|-damage|p1a: Tyranitar|72\/100|[from] Sandstorm\n|-damage|p1b: Grimmsnarl|82\/100|[from] Sandstorm\n|upkeep\n|\n|t:|1684074353\n|switch|p2b: Baxcalibur|Baxcalibur, L50, F|100\/100\n|turn|2\n|\n|t:|1684074366\n|switch|p1a: Chi-Yu|Chi-Yu, L50|100\/100\n|-ability|p1a: Chi-Yu|Beads of Ruin\n|move|p1b: Grimmsnarl|Reflect|p1b: Grimmsnarl\n|-sidestart|p1: LUMOO|Reflect\n|move|p2a: Grafaiai|Knock Off|p1b: Grimmsnarl\n|-resisted|p1b: Grimmsnarl\n|-damage|p1b: Grimmsnarl|77\/100\n|-enditem|p1b: Grimmsnarl|Light Clay|[from] move: Knock Off|[of] p2a: Grafaiai\n|move|p2b: Baxcalibur|Icicle Spear|p1a: Chi-Yu\n|-resisted|p1a: Chi-Yu\n|-damage|p1a: Chi-Yu|93\/100\n|-resisted|p1a: Chi-Yu\n|-damage|p1a: Chi-Yu|86\/100\n|-resisted|p1a: Chi-Yu\n|-damage|p1a: Chi-Yu|77\/100\n|-resisted|p1a: Chi-Yu\n|-damage|p1a: Chi-Yu|70\/100\n|-resisted|p1a: Chi-Yu\n|-damage|p1a: Chi-Yu|62\/100\n|-hitcount|p1a: Chi-Yu|5\n|\n|-weather|Sandstorm|[upkeep]\n|-damage|p1a: Chi-Yu|56\/100|[from] Sandstorm\n|-damage|p2a: Grafaiai|89\/100|[from] Sandstorm\n|-damage|p2b: Baxcalibur|95\/100|[from] Sandstorm\n|-damage|p1b: Grimmsnarl|71\/100|[from] Sandstorm\n|upkeep\n|turn|3\n|inactive|LUMOO has 30 seconds left.\n|\n|t:|1684074392\n|move|p2b: Baxcalibur|Protect|p2b: Baxcalibur\n|-singleturn|p2b: Baxcalibur|Protect\n|move|p1b: Grimmsnarl|Thunder Wave|p2b: Baxcalibur\n|-activate|p2b: Baxcalibur|move: Protect\n|move|p1a: Chi-Yu|Heat Wave|p2a: Grafaiai|[spread] p2a\n|-activate|p2b: Baxcalibur|move: Protect\n|-damage|p2a: Grafaiai|3\/100\n|-enditem|p2a: Grafaiai|Eject Button\n|\n|t:|1684074405\n|switch|p2a: Gyarados|Gyarados, L50, M|100\/100\n|-ability|p2a: Gyarados|Intimidate|boost\n|-unboost|p1a: Chi-Yu|atk|1\n|-unboost|p1b: Grimmsnarl|atk|1\n|\n|-weather|Sandstorm|[upkeep]\n|-damage|p1a: Chi-Yu|50\/100|[from] Sandstorm\n|-damage|p2b: Baxcalibur|89\/100|[from] Sandstorm\n|-damage|p2a: Gyarados|95\/100|[from] Sandstorm\n|-damage|p1b: Grimmsnarl|65\/100|[from] Sandstorm\n|upkeep\n|turn|4\n|\n|t:|1684074415\n|switch|p1b: Gastrodon|Gastrodon, L50, F|100\/100\n|move|p1a: Chi-Yu|Heat Wave|p2a: Gyarados|[spread] p2a,p2b\n|-resisted|p2a: Gyarados\n|-damage|p2a: Gyarados|69\/100\n|-damage|p2b: Baxcalibur|38\/100\n|-ability|p2b: Baxcalibur|Thermal Exchange|boost\n|-boost|p2b: Baxcalibur|atk|1\n|move|p2b: Baxcalibur|Dragon Dance|p2b: Baxcalibur\n|-boost|p2b: Baxcalibur|atk|1\n|-boost|p2b: Baxcalibur|spe|1\n|move|p2a: Gyarados|Dragon Dance|p2a: Gyarados\n|-boost|p2a: Gyarados|atk|1\n|-boost|p2a: Gyarados|spe|1\n|\n|-weather|Sandstorm|[upkeep]\n|-damage|p1a: Chi-Yu|44\/100|[from] Sandstorm\n|-damage|p2b: Baxcalibur|32\/100|[from] Sandstorm\n|-damage|p2a: Gyarados|63\/100|[from] Sandstorm\n|upkeep\n|turn|5\n|\n|t:|1684074435\n|move|p2b: Baxcalibur|Protect|p2b: Baxcalibur\n|-singleturn|p2b: Baxcalibur|Protect\n|move|p1a: Chi-Yu|Heat Wave|p2b: Baxcalibur|[spread] p2a\n|-activate|p2b: Baxcalibur|move: Protect\n|-resisted|p2a: Gyarados\n|-crit|p2a: Gyarados\n|-damage|p2a: Gyarados|23\/100\n|move|p2a: Gyarados|Earthquake|p1a: Chi-Yu|[spread] p1a,p1b\n|-activate|p2b: Baxcalibur|move: Protect\n|-supereffective|p1a: Chi-Yu\n|-damage|p1a: Chi-Yu|0 fnt\n|-damage|p1b: Gastrodon|71\/100\n|faint|p1a: Chi-Yu\n|-heal|p2a: Gyarados|32\/100|[from] item: Shell Bell|[of] p1b: Gastrodon\n|move|p1b: Gastrodon|Clear Smog|p2a: Gyarados\n|-damage|p2a: Gyarados|19\/100\n|-clearboost|p2a: Gyarados\n|\n|-weather|none\n|-heal|p1b: Gastrodon|77\/100|[from] item: Leftovers\n|upkeep\n|\n|t:|1684074457\n|switch|p1a: Grimmsnarl|Grimmsnarl, L50, M|65\/100\n|turn|6\n|\n|t:|1684074463\n|move|p1a: Grimmsnarl|Thunder Wave|p2b: Baxcalibur\n|-status|p2b: Baxcalibur|par\n|move|p2a: Gyarados|Dragon Dance|p2a: Gyarados\n|-boost|p2a: Gyarados|atk|1\n|-boost|p2a: Gyarados|spe|1\n|cant|p2b: Baxcalibur|par\n|move|p1b: Gastrodon|Muddy Water|p2a: Gyarados|[spread] p2a,p2b\n|-resisted|p2a: Gyarados\n|-resisted|p2b: Baxcalibur\n|-damage|p2a: Gyarados|5\/100\n|-damage|p2b: Baxcalibur|19\/100 par\n|-unboost|p2b: Baxcalibur|accuracy|1\n|\n|-heal|p1b: Gastrodon|83\/100|[from] item: Leftovers\n|upkeep\n|turn|7\n|\n|t:|1684074480\n|move|p2b: Baxcalibur|Protect|p2b: Baxcalibur\n|-singleturn|p2b: Baxcalibur|Protect\n|move|p1a: Grimmsnarl|Thunder Wave|p2a: Gyarados\n|-status|p2a: Gyarados|par\n|move|p2a: Gyarados|Earthquake|p1b: Gastrodon|[spread] p1a,p1b\n|-activate|p2b: Baxcalibur|move: Protect\n|-damage|p1a: Grimmsnarl|36\/100\n|-damage|p1b: Gastrodon|53\/100\n|-heal|p2a: Gyarados|13\/100 par|[from] item: Shell Bell|[of] p1b: Gastrodon\n|move|p1b: Gastrodon|Muddy Water|p2b: Baxcalibur|[spread] p2a\n|-activate|p2b: Baxcalibur|move: Protect\n|-resisted|p2a: Gyarados\n|-damage|p2a: Gyarados|1\/100 par\n|-unboost|p2a: Gyarados|accuracy|1\n|\n|-heal|p1b: Gastrodon|59\/100|[from] item: Leftovers\n|upkeep\n|turn|8\n|inactive|LUMOO has 30 seconds left.\n|inactive|LUMOO has 20 seconds left.\n|inactive|LUMOO has 15 seconds left.\n|\n|t:|1684074520\n|cant|p2b: Baxcalibur|par\n|cant|p2a: Gyarados|par\n|move|p1a: Grimmsnarl|Spirit Break|p2b: Baxcalibur\n|-supereffective|p2b: Baxcalibur\n|-damage|p2b: Baxcalibur|0 fnt\n|faint|p2b: Baxcalibur\n|move|p1b: Gastrodon|Muddy Water|p2a: Gyarados\n|-resisted|p2a: Gyarados\n|-damage|p2a: Gyarados|0 fnt\n|faint|p2a: Gyarados\n|\n|-heal|p1b: Gastrodon|65\/100|[from] item: Leftovers\n|upkeep\n|c|\u2606MammothBeast|you are so lucky\n|inactive|MammothBeast has 30 seconds left.\n|c|\u2606MammothBeast|useless fucking people\n|-message|MammothBeast forfeited.\n|\n|win|LUMOO\n|raw|LUMOO's rating: 1079 → 1107<\/strong> (+28 for winning)\n|raw|MammothBeast's rating: 1071 → 1051<\/strong> (-20 for losing)\n|l|\u2606MammothBeast\n","uploadtime":1684074553,"views":13,"p1id":"lumoo","p2id":"mammothbeast","formatid":"gen9vgc2023regulationc","rating":1051,"private":0,"password":""}