{"id":"gen9vgc2023regulationc-1847961928","p1":"MLGmushroom","p2":"Alexis_student","format":"[Gen 9] VGC 2023 Regulation C","log":"|j|\u2606MLGmushroom\n|j|\u2606Alexis_student\n|t:|1682016144\n|gametype|doubles\n|player|p1|MLGmushroom|blue|1337\n|player|p2|Alexis_student|1|1351\n|teamsize|p1|6\n|teamsize|p2|6\n|gen|9\n|tier|[Gen 9] VGC 2023 Regulation C\n|rated|\n|rule|Species Clause: Limit one of each Pok\u00e9mon\n|rule|Item Clause: Limit one of each item\n|clearpoke\n|poke|p1|Scizor, L50, F|\n|poke|p1|Flutter Mane, L50|\n|poke|p1|Chien-Pao, L50|\n|poke|p1|Arcanine, L50, F|\n|poke|p1|Azumarill, L50, M|\n|poke|p1|Amoonguss, L50, M|\n|poke|p2|Dondozo, L50, M|\n|poke|p2|Tatsugiri, L50, F|\n|poke|p2|Glimmora, L50, F|\n|poke|p2|Iron Bundle, L50|\n|poke|p2|Dragonite, L50, M|\n|poke|p2|Chi-Yu, L50|\n|teampreview|4\n|\n|t:|1682016161\n|start\n|switch|p1a: Ice Weasel|Chien-Pao, L50|100\/100\n|switch|p1b: Scissors|Scizor, L50, F|100\/100\n|switch|p2a: Glimmora|Glimmora, L50, F|100\/100\n|switch|p2b: Chi-Yu|Chi-Yu, L50|100\/100\n|-ability|p1a: Ice Weasel|Sword of Ruin\n|-ability|p2b: Chi-Yu|Beads of Ruin\n|turn|1\n|\n|t:|1682016183\n|-terastallize|p2a: Glimmora|Grass\n|-terastallize|p1b: Scissors|Fire\n|move|p1a: Ice Weasel|Protect|p1a: Ice Weasel\n|-singleturn|p1a: Ice Weasel|Protect\n|move|p2b: Chi-Yu|Heat Wave|p1b: Scissors|[spread] p1b\n|-activate|p1a: Ice Weasel|move: Protect\n|-resisted|p1b: Scissors\n|-damage|p1b: Scissors|73\/100\n|move|p2a: Glimmora|Mortal Spin|p1a: Ice Weasel|[spread] p1b\n|-activate|p1a: Ice Weasel|move: Protect\n|-damage|p1b: Scissors|67\/100\n|-status|p1b: Scissors|psn\n|move|p1b: Scissors|Close Combat|p2b: Chi-Yu\n|-supereffective|p2b: Chi-Yu\n|-enditem|p2b: Chi-Yu|Focus Sash\n|-damage|p2b: Chi-Yu|1\/100\n|-unboost|p1b: Scissors|def|1\n|-unboost|p1b: Scissors|spd|1\n|\n|-damage|p1b: Scissors|55\/100 psn|[from] psn\n|upkeep\n|turn|2\n|\n|t:|1682016212\n|move|p1b: Scissors|Bullet Punch|p2b: Chi-Yu\n|-resisted|p2b: Chi-Yu\n|-damage|p2b: Chi-Yu|0 fnt\n|faint|p2b: Chi-Yu\n|move|p1a: Ice Weasel|Ice Spinner|p2a: Glimmora\n|-supereffective|p2a: Glimmora\n|-damage|p2a: Glimmora|0 fnt\n|-activate|p2a: Glimmora|ability: Toxic Debris\n|-sidestart|p1: MLGmushroom|move: Toxic Spikes\n|faint|p2a: Glimmora\n|\n|-damage|p1b: Scissors|42\/100 psn|[from] psn\n|upkeep\n|\n|t:|1682016231\n|switch|p2b: Iron Bundle|Iron Bundle, L50|100\/100\n|switch|p2a: Dragonite|Dragonite, L50, M|100\/100\n|-enditem|p2b: Iron Bundle|Booster Energy\n|-activate|p2b: Iron Bundle|ability: Quark Drive|[fromitem]\n|-start|p2b: Iron Bundle|quarkdrivespe\n|turn|3\n|inactive|Battle timer is ON: inactive players will automatically lose when time's up. (requested by Alexis_student)\n|inactive|Alexis_student has 60 seconds left.\n|\n|t:|1682016273\n|move|p1a: Ice Weasel|Protect|p1a: Ice Weasel\n|-singleturn|p1a: Ice Weasel|Protect\n|move|p2a: Dragonite|Extreme Speed|p1b: Scissors\n|-damage|p1b: Scissors|0 fnt\n|faint|p1b: Scissors\n|move|p2b: Iron Bundle|Hydro Pump|p1a: Ice Weasel\n|-activate|p1a: Ice Weasel|move: Protect\n|\n|upkeep\n|\n|t:|1682016283\n|switch|p1b: Jessica|Azumarill, L50, M|100\/100\n|-status|p1b: Jessica|psn\n|turn|4\n|\n|t:|1682016291\n|move|p2a: Dragonite|Extreme Speed|p1a: Ice Weasel\n|-damage|p1a: Ice Weasel|35\/100\n|move|p1b: Jessica|Aqua Jet|p2a: Dragonite\n|-resisted|p2a: Dragonite\n|-damage|p2a: Dragonite|91\/100\n|move|p2b: Iron Bundle|Freeze-Dry|p1b: Jessica\n|-supereffective|p1b: Jessica\n|-damage|p1b: Jessica|51\/100 psn\n|move|p1a: Ice Weasel|Ice Spinner|p2a: Dragonite\n|-supereffective|p2a: Dragonite\n|-crit|p2a: Dragonite\n|-damage|p2a: Dragonite|0 fnt\n|faint|p2a: Dragonite\n|\n|-damage|p1b: Jessica|39\/100 psn|[from] psn\n|upkeep\n|turn|5\n|\n|t:|1682016312\n|move|p1b: Jessica|Aqua Jet|p2b: Iron Bundle\n|-resisted|p2b: Iron Bundle\n|-damage|p2b: Iron Bundle|79\/100\n|move|p2b: Iron Bundle|Hydro Pump|p1a: Ice Weasel\n|-damage|p1a: Ice Weasel|0 fnt\n|faint|p1a: Ice Weasel\n|\n|-damage|p1b: Jessica|27\/100 psn|[from] psn\n|upkeep\n|\n|t:|1682016316\n|switch|p1a: Misdreavus v2|Flutter Mane, L50|100\/100\n|-status|p1a: Misdreavus v2|psn\n|-enditem|p1a: Misdreavus v2|Booster Energy\n|-activate|p1a: Misdreavus v2|ability: Protosynthesis|[fromitem]\n|-start|p1a: Misdreavus v2|protosynthesisspa\n|turn|6\n|\n|t:|1682016330\n|move|p2b: Iron Bundle|Hydro Pump|p1a: Misdreavus v2\n|-damage|p1a: Misdreavus v2|53\/100 psn\n|move|p1a: Misdreavus v2|Moonblast|p2b: Iron Bundle\n|-damage|p2b: Iron Bundle|0 fnt\n|faint|p2b: Iron Bundle\n|-end|p2b: Iron Bundle|Quark Drive|[silent]\n|\n|win|MLGmushroom\n|raw|MLGmushroom's rating: 1337 → 1358<\/strong> (+21 for winning)\n|raw|Alexis_student's rating: 1351 → 1330<\/strong> (-21 for losing)\n|l|\u2606MLGmushroom\n|l|\u2606Alexis_student\n|j|\u2606Alexis_student\n|player|p2|Alexis_student|1\n","uploadtime":1682016403,"views":13,"p1id":"mlgmushroom","p2id":"alexisstudent","formatid":"gen9vgc2023regulationc","rating":1330,"private":0,"password":""}