{"id":"gen9vgc2023regulationc-1847076942","p1":"Braydend517","p2":"MistressQueenM","format":"[Gen 9] VGC 2023 Regulation C","log":"|j|\u2606Braydend517\n|j|\u203dMistressQueenM\n|t:|1681917160\n|gametype|doubles\n|player|p1|Braydend517|169|1261\n|player|p2|MistressQueenM|veteranf|1318\n|teamsize|p1|6\n|teamsize|p2|6\n|gen|9\n|tier|[Gen 9] VGC 2023 Regulation C\n|rated|\n|rule|Species Clause: Limit one of each Pok\u00e9mon\n|rule|Item Clause: Limit one of each item\n|clearpoke\n|poke|p1|Palafin, L50, M|\n|poke|p1|Arcanine, L50, M|\n|poke|p1|Flutter Mane, L50|\n|poke|p1|Amoonguss, L50, F|\n|poke|p1|Chien-Pao, L50|\n|poke|p1|Ting-Lu, L50|\n|poke|p2|Wo-Chien, L50|\n|poke|p2|Torkoal, L50, M|\n|poke|p2|Garganacl, L50, F|\n|poke|p2|Great Tusk, L50|\n|poke|p2|Murkrow, L50, M|\n|poke|p2|Farigiraf, L50, M|\n|teampreview|4\n|inactive|Battle timer is ON: inactive players will automatically lose when time's up. (requested by Braydend517)\nMistressQueenM rejected open team sheets.\n|\n|t:|1681917191\n|start\n|switch|p1a: Ting-Lu|Ting-Lu, L50|100\/100\n|switch|p1b: Palafin|Palafin, L50, M, shiny|100\/100\n|switch|p2a: Murkrow|Murkrow, L50, M|100\/100\n|switch|p2b: Farigiraf|Farigiraf, L50, M|100\/100\n|-ability|p1a: Ting-Lu|Vessel of Ruin\n|turn|1\n|\n|t:|1681917210\n|move|p2a: Murkrow|Thunder Wave|p1b: Palafin\n|-status|p1b: Palafin|par\n|move|p1b: Palafin|Flip Turn|p2b: Farigiraf\n|-damage|p2b: Farigiraf|65\/100\n|\n|t:|1681917216\n|detailschange|p1b: Palafin|Palafin-Hero, L50, M, shiny\n|switch|p1b: Amoonguss|Amoonguss, L50, F, shiny|100\/100|[from] Flip Turn\n|move|p1a: Ting-Lu|Snarl|p2a: Murkrow|[spread] p2a,p2b\n|-resisted|p2a: Murkrow\n|-supereffective|p2b: Farigiraf\n|-damage|p2a: Murkrow|97\/100\n|-damage|p2b: Farigiraf|52\/100\n|-unboost|p2a: Murkrow|spa|1\n|-unboost|p2b: Farigiraf|spa|1\n|move|p2b: Farigiraf|Trick Room|p2b: Farigiraf\n|-fieldstart|move: Trick Room|[of] p2b: Farigiraf\n|\n|upkeep\n|turn|2\n|\n|t:|1681917240\n|move|p2a: Murkrow|Taunt|p1b: Amoonguss\n|-start|p1b: Amoonguss|move: Taunt\n|cant|p1b: Amoonguss|move: Taunt|Spore\n|move|p1a: Ting-Lu|Stomping Tantrum|p2b: Farigiraf\n|-damage|p2b: Farigiraf|18\/100\n|move|p2b: Farigiraf|Hyper Voice|p1b: Amoonguss|[spread] p1a,p1b\n|-enditem|p2b: Farigiraf|Normal Gem|[from] gem\n|-damage|p1a: Ting-Lu|92\/100\n|-damage|p1b: Amoonguss|87\/100\n|\n|-heal|p1b: Amoonguss|93\/100|[from] item: Black Sludge\n|upkeep\n|turn|3\n|inactive|Braydend517 has 30 seconds left.\n|\n|t:|1681917266\n|move|p2a: Murkrow|Thunder Wave|p1b: Amoonguss\n|-status|p1b: Amoonguss|par\n|cant|p1b: Amoonguss|par\n|move|p1a: Ting-Lu|Snarl|p2b: Farigiraf|[spread] p2a,p2b\n|-resisted|p2a: Murkrow\n|-supereffective|p2b: Farigiraf\n|-damage|p2a: Murkrow|93\/100\n|-damage|p2b: Farigiraf|7\/100\n|-unboost|p2a: Murkrow|spa|1\n|-unboost|p2b: Farigiraf|spa|1\n|move|p2b: Farigiraf|Foul Play|p1a: Ting-Lu\n|-resisted|p1a: Ting-Lu\n|-damage|p1a: Ting-Lu|84\/100\n|\n|-heal|p1b: Amoonguss|99\/100 par|[from] item: Black Sludge\n|upkeep\n|turn|4\n|inactive|Braydend517 has 30 seconds left.\n|inactive|MistressQueenM has 30 seconds left.\n|inactive|MistressQueenM has 20 seconds left.\n|inactive|MistressQueenM has 15 seconds left.\n|\n|t:|1681917308\n|move|p1b: Amoonguss|Pollen Puff|p2a: Murkrow\n|-damage|p2a: Murkrow|81\/100\n|move|p1a: Ting-Lu|Stomping Tantrum|p2b: Farigiraf\n|-damage|p2b: Farigiraf|0 fnt\n|faint|p2b: Farigiraf\n|move|p2a: Murkrow|Foul Play|p1b: Amoonguss\n|-damage|p1b: Amoonguss|78\/100 par\n|\n|-heal|p1b: Amoonguss|84\/100 par|[from] item: Black Sludge\n|-end|p1b: Amoonguss|move: Taunt\n|upkeep\n|\n|t:|1681917311\n|switch|p2b: Torkoal|Torkoal, L50, M, shiny|100\/100\n|-weather|SunnyDay|[from] ability: Drought|[of] p2b: Torkoal\n|turn|5\n|\n|t:|1681917335\n|move|p1b: Amoonguss|Protect|p1b: Amoonguss\n|-singleturn|p1b: Amoonguss|Protect\n|move|p2b: Torkoal|Eruption|p1a: Ting-Lu|[spread] p1a\n|-activate|p1b: Amoonguss|move: Protect\n|-damage|p1a: Ting-Lu|51\/100\n|move|p1a: Ting-Lu|Snarl|p2b: Torkoal|[spread] p2a,p2b\n|-resisted|p2a: Murkrow\n|-damage|p2a: Murkrow|78\/100\n|-damage|p2b: Torkoal|90\/100\n|-unboost|p2a: Murkrow|spa|1\n|-unboost|p2b: Torkoal|spa|1\n|move|p2a: Murkrow|Foul Play|p1a: Ting-Lu\n|-resisted|p1a: Ting-Lu\n|-damage|p1a: Ting-Lu|39\/100\n|\n|-weather|SunnyDay|[upkeep]\n|-heal|p1b: Amoonguss|90\/100 par|[from] item: Black Sludge\n|-fieldend|move: Trick Room\n|upkeep\n|turn|6\n|inactive|MistressQueenM has 30 seconds left.\n|\n|t:|1681917360\n|switch|p2b: Garganacl|Garganacl, L50, F, shiny|100\/100\n|move|p2a: Murkrow|Tailwind|p2a: Murkrow\n|-sidestart|p2: MistressQueenM|move: Tailwind\n|move|p1a: Ting-Lu|Stomping Tantrum|p2b: Garganacl\n|-supereffective|p2b: Garganacl\n|-damage|p2b: Garganacl|54\/100\n|cant|p1b: Amoonguss|par\n|\n|-weather|SunnyDay|[upkeep]\n|-heal|p2b: Garganacl|60\/100|[from] item: Leftovers\n|-heal|p1b: Amoonguss|96\/100 par|[from] item: Black Sludge\n|upkeep\n|turn|7\n|inactive|Braydend517 has 30 seconds left.\n|\n|t:|1681917390\n|-terastallize|p2b: Garganacl|Flying\n|move|p1b: Amoonguss|Rage Powder|p1b: Amoonguss\n|-singleturn|p1b: Amoonguss|move: Rage Powder\n|move|p2a: Murkrow|Taunt|p1b: Amoonguss\n|-start|p1b: Amoonguss|move: Taunt\n|move|p2b: Garganacl|Iron Defense|p2b: Garganacl\n|-boost|p2b: Garganacl|def|2\n|move|p1a: Ting-Lu|Ruination|p2b: Garganacl\n|-damage|p2b: Garganacl|30\/100\n|\n|-weather|SunnyDay|[upkeep]\n|-heal|p2b: Garganacl|36\/100|[from] item: Leftovers\n|-heal|p1b: Amoonguss|100\/100 par|[from] item: Black Sludge\n|upkeep\n|turn|8\n|inactive|Braydend517 has 30 seconds left.\n|\n|t:|1681917416\n|move|p2a: Murkrow|Foul Play|p1a: Ting-Lu\n|-resisted|p1a: Ting-Lu\n|-damage|p1a: Ting-Lu|27\/100\n|move|p2b: Garganacl|Recover|p2b: Garganacl\n|-heal|p2b: Garganacl|86\/100\n|move|p1a: Ting-Lu|Ruination|p2b: Garganacl|[miss]\n|-miss|p1a: Ting-Lu|p2b: Garganacl\n|move|p1b: Amoonguss|Pollen Puff|p2a: Murkrow\n|-damage|p2a: Murkrow|66\/100\n|\n|-weather|SunnyDay|[upkeep]\n|-heal|p2b: Garganacl|92\/100|[from] item: Leftovers\n|upkeep\n|turn|9\n|\n|t:|1681917435\n|switch|p1b: Palafin|Palafin-Hero, L50, M, shiny|100\/100 par\n|-activate|p1b: Palafin|ability: Zero to Hero\n|move|p2a: Murkrow|Foul Play|p1a: Ting-Lu\n|-resisted|p1a: Ting-Lu\n|-damage|p1a: Ting-Lu|17\/100\n|move|p2b: Garganacl|Iron Defense|p2b: Garganacl\n|-boost|p2b: Garganacl|def|2\n|move|p1a: Ting-Lu|Ruination|p2b: Garganacl\n|-damage|p2b: Garganacl|46\/100\n|\n|-weather|none\n|-heal|p2b: Garganacl|52\/100|[from] item: Leftovers\n|-sideend|p2: MistressQueenM|move: Tailwind\n|upkeep\n|turn|10\n|inactive|Braydend517 has 30 seconds left.\n|inactive|Braydend517 has 20 seconds left.\n|\n|t:|1681917474\n|-terastallize|p1b: Palafin|Water\n|move|p2a: Murkrow|Tailwind|p2a: Murkrow\n|-sidestart|p2: MistressQueenM|move: Tailwind\n|move|p1b: Palafin|Jet Punch|p2b: Garganacl\n|-damage|p2b: Garganacl|33\/100\n|move|p2b: Garganacl|Recover|p2b: Garganacl\n|-heal|p2b: Garganacl|83\/100\n|move|p1a: Ting-Lu|Heavy Slam|p2a: Murkrow\n|-damage|p2a: Murkrow|16\/100\n|\n|-heal|p2b: Garganacl|89\/100|[from] item: Leftovers\n|upkeep\n|turn|11\n|inactive|MistressQueenM has 30 seconds left.\n|inactive|MistressQueenM has 20 seconds left.\n|inactive|MistressQueenM has 15 seconds left.\n|\n|t:|1681917518\n|move|p1b: Palafin|Jet Punch|p2a: Murkrow\n|-damage|p2a: Murkrow|0 fnt\n|faint|p2a: Murkrow\n|move|p2b: Garganacl|Salt Cure|p1b: Palafin\n|-damage|p1b: Palafin|87\/100 par\n|-start|p1b: Palafin|Salt Cure\n|move|p1a: Ting-Lu|Ruination|p2b: Garganacl\n|-damage|p2b: Garganacl|45\/100\n|\n|-heal|p2b: Garganacl|51\/100|[from] item: Leftovers\n|-damage|p1b: Palafin|62\/100 par|[from] Salt Cure\n|upkeep\n|\n|t:|1681917520\n|switch|p2a: Torkoal|Torkoal, L50, M, shiny|90\/100\n|-weather|SunnyDay|[from] ability: Drought|[of] p2a: Torkoal\n|turn|12\n|\n|t:|1681917544\n|move|p2a: Torkoal|Protect|p2a: Torkoal\n|-singleturn|p2a: Torkoal|Protect\n|cant|p1b: Palafin|par\n|move|p2b: Garganacl|Salt Cure|p1a: Ting-Lu\n|-resisted|p1a: Ting-Lu\n|-damage|p1a: Ting-Lu|13\/100\n|-start|p1a: Ting-Lu|Salt Cure\n|move|p1a: Ting-Lu|Ruination|p2b: Garganacl\n|-damage|p2b: Garganacl|26\/100\n|\n|-weather|SunnyDay|[upkeep]\n|-heal|p2b: Garganacl|31\/100|[from] item: Leftovers\n|-damage|p1a: Ting-Lu|1\/100|[from] Salt Cure\n|-damage|p1b: Palafin|38\/100 par|[from] Salt Cure\n|upkeep\n|turn|13\n|\n|t:|1681917564\n|cant|p1b: Palafin|par\n|move|p2b: Garganacl|Recover|p2b: Garganacl\n|-heal|p2b: Garganacl|82\/100\n|move|p2a: Torkoal|Heat Wave|p1b: Palafin|[spread] p1a,p1b\n|-resisted|p1b: Palafin\n|-damage|p1a: Ting-Lu|0 fnt\n|-damage|p1b: Palafin|18\/100 par\n|faint|p1a: Ting-Lu\n|\n|-weather|SunnyDay|[upkeep]\n|-heal|p2b: Garganacl|87\/100|[from] item: Leftovers\n|-damage|p1b: Palafin|0 fnt|[from] Salt Cure\n|faint|p1b: Palafin\n|-sideend|p2: MistressQueenM|move: Tailwind\n|upkeep\n|\n|t:|1681917580\n|switch|p1b: Amoonguss|Amoonguss, L50, F, shiny|100\/100 par\n|switch|p1a: Flutter Mane|Flutter Mane, L50, shiny|100\/100\n|-activate|p1a: Flutter Mane|ability: Protosynthesis\n|-start|p1a: Flutter Mane|protosynthesisspe\n|turn|14\n|inactive|MistressQueenM has 30 seconds left.\n|\n|t:|1681917610\n|cant|p1b: Amoonguss|par\n|move|p2b: Garganacl|Wide Guard|p2b: Garganacl\n|-singleturn|p2b: Garganacl|Wide Guard\n|move|p1a: Flutter Mane|Thunderbolt|p2b: Garganacl\n|-supereffective|p2b: Garganacl\n|-damage|p2b: Garganacl|44\/100\n|move|p2a: Torkoal|Heat Wave|p1a: Flutter Mane|[spread] p1a,p1b\n|-supereffective|p1b: Amoonguss\n|-damage|p1a: Flutter Mane|50\/100\n|-damage|p1b: Amoonguss|16\/100 par\n|\n|-weather|SunnyDay|[upkeep]\n|-heal|p2b: Garganacl|50\/100|[from] item: Leftovers\n|-heal|p1b: Amoonguss|22\/100 par|[from] item: Black Sludge\n|upkeep\n|turn|15\n|\n|t:|1681917634\n|move|p1a: Flutter Mane|Thunderbolt|p2b: Garganacl\n|-supereffective|p2b: Garganacl\n|-damage|p2b: Garganacl|2\/100\n|move|p2b: Garganacl|Salt Cure|p1a: Flutter Mane\n|-damage|p1a: Flutter Mane|26\/100\n|-start|p1a: Flutter Mane|Salt Cure\n|move|p2a: Torkoal|Heat Wave|p1b: Amoonguss|[spread] \n|-miss|p2a: Torkoal|p1a: Flutter Mane\n|-miss|p2a: Torkoal|p1b: Amoonguss\n|move|p1b: Amoonguss|Spore|p2a: Torkoal\n|-status|p2a: Torkoal|slp|[from] move: Spore\n|\n|-weather|SunnyDay|[upkeep]\n|-heal|p2b: Garganacl|8\/100|[from] item: Leftovers\n|-heal|p1b: Amoonguss|28\/100 par|[from] item: Black Sludge\n|-damage|p1a: Flutter Mane|13\/100|[from] Salt Cure\n|upkeep\n|turn|16\n|\n|t:|1681917658\n|move|p1a: Flutter Mane|Thunderbolt|p2b: Garganacl\n|-supereffective|p2b: Garganacl\n|-damage|p2b: Garganacl|0 fnt\n|faint|p2b: Garganacl\n|cant|p2a: Torkoal|slp\n|move|p1b: Amoonguss|Pollen Puff|p1a: Flutter Mane\n|-heal|p1a: Flutter Mane|63\/100\n|\n|-weather|none\n|-end|p1a: Flutter Mane|Protosynthesis\n|-heal|p1b: Amoonguss|34\/100 par|[from] item: Black Sludge\n|-damage|p1a: Flutter Mane|51\/100|[from] Salt Cure\n|upkeep\n|-enditem|p1a: Flutter Mane|Booster Energy\n|-activate|p1a: Flutter Mane|ability: Protosynthesis|[fromitem]\n|-start|p1a: Flutter Mane|protosynthesisspe\n|turn|17\n|\n|t:|1681917678\n|move|p1a: Flutter Mane|Shadow Ball|p2a: Torkoal\n|-damage|p2a: Torkoal|34\/100 slp\n|-unboost|p2a: Torkoal|spd|1\n|-curestatus|p2a: Torkoal|slp|[msg]\n|move|p2a: Torkoal|Heat Wave|p1b: Amoonguss|[spread] p1a,p1b\n|-supereffective|p1b: Amoonguss\n|-damage|p1a: Flutter Mane|16\/100\n|-damage|p1b: Amoonguss|0 fnt\n|faint|p1b: Amoonguss\n|\n|-damage|p1a: Flutter Mane|4\/100|[from] Salt Cure\n|upkeep\n|turn|18\n|\n|t:|1681917694\n|move|p2a: Torkoal|Protect|p2a: Torkoal\n|-singleturn|p2a: Torkoal|Protect\n|move|p1a: Flutter Mane|Shadow Ball|p2a: Torkoal\n|-activate|p2a: Torkoal|move: Protect\n|\n|-damage|p1a: Flutter Mane|0 fnt|[from] Salt Cure\n|faint|p1a: Flutter Mane\n|-end|p1a: Flutter Mane|Protosynthesis|[silent]\n|\n|win|MistressQueenM\n|upkeep\n|raw|Braydend517's rating: 1261 → 1240<\/strong> (-21 for losing)\n|raw|MistressQueenM's rating: 1318 → 1335<\/strong> (+17 for winning)\n|l|\u2606Braydend517\n","uploadtime":1681917699,"views":6,"p1id":"braydend517","p2id":"mistressqueenm","formatid":"gen9vgc2023regulationc","rating":1240,"private":0,"password":""}