{"id":"gen9vgc2023regulationc-1856696497","p1":"Amosaver","p2":"Idk544","format":"[Gen 9] VGC 2023 Regulation C","log":"|j|\u2606Amosaver\n|j|\u2606Idk544\n|t:|1683096261\n|gametype|doubles\n|player|p1|Amosaver|n|1440\n|player|p2|Idk544|silver|1383\n|teamsize|p1|6\n|teamsize|p2|6\n|gen|9\n|tier|[Gen 9] VGC 2023 Regulation C\n|rated|\n|rule|Species Clause: Limit one of each Pok\u00e9mon\n|rule|Item Clause: Limit one of each item\n|clearpoke\n|poke|p1|Armarouge, L50, M|\n|poke|p1|Gyarados, L50, M|\n|poke|p1|Hariyama, L50, M|\n|poke|p1|Glimmora, L50, F|\n|poke|p1|Gholdengo, L50|\n|poke|p1|Roaring Moon, L50|\n|poke|p2|Orthworm, L50, M|\n|poke|p2|Iron Hands, L50|\n|poke|p2|Flutter Mane, L50|\n|poke|p2|Gholdengo, L50|\n|poke|p2|Gyarados, L50, M|\n|poke|p2|Ting-Lu, L50|\n|teampreview|4\nIdk544 has agreed to open team sheets.\n|\n|t:|1683096312\n|start\n|switch|p1a: Glimmora|Glimmora, L50, F, shiny|100\/100\n|switch|p1b: Armarouge|Armarouge, L50, M|100\/100\n|switch|p2a: Orthworm|Orthworm, L50, M|100\/100\n|switch|p2b: Iron Hands|Iron Hands, L50|100\/100\n|turn|1\n|\n|t:|1683096333\n|move|p2b: Iron Hands|Fake Out|p1b: Armarouge\n|-damage|p1b: Armarouge|85\/100\n|move|p1a: Glimmora|Mortal Spin|p2a: Orthworm|[spread] p2b\n|-immune|p2a: Orthworm\n|-damage|p2b: Iron Hands|98\/100\n|-status|p2b: Iron Hands|psn\n|move|p2a: Orthworm|Shed Tail|p2a: Orthworm\n|-start|p2a: Orthworm|Substitute|[from] move: Shed Tail\n|-damage|p2a: Orthworm|50\/100\n|-enditem|p2a: Orthworm|Sitrus Berry|[eat]\n|-heal|p2a: Orthworm|75\/100|[from] item: Sitrus Berry\n|\n|t:|1683096355\n|switch|p2a: Ting-Lu|Ting-Lu, L50|100\/100|[from] Shed Tail\n|-ability|p2a: Ting-Lu|Vessel of Ruin\n|move|p1b: Armarouge|Heat Wave|p2a: Ting-Lu|[spread] p2a,p2b\n|-activate|p2a: Ting-Lu|move: Substitute|[damage]\n|-damage|p2b: Iron Hands|81\/100 psn\n|\n|-damage|p2b: Iron Hands|69\/100 psn|[from] psn\n|upkeep\n|turn|2\n|\n|t:|1683096382\n|-terastallize|p1a: Glimmora|Grass\n|move|p1b: Armarouge|Protect|p1b: Armarouge\n|-singleturn|p1b: Armarouge|Protect\n|move|p1a: Glimmora|Energy Ball|p2a: Ting-Lu\n|-supereffective|p2a: Ting-Lu\n|-end|p2a: Ting-Lu|Substitute\n|move|p2b: Iron Hands|Volt Switch|p1b: Armarouge\n|-activate|p1b: Armarouge|move: Protect\n|move|p2a: Ting-Lu|Earthquake|p1b: Armarouge|[spread] p2b,p1a\n|-activate|p1b: Armarouge|move: Protect\n|-supereffective|p2b: Iron Hands\n|-resisted|p1a: Glimmora\n|-damage|p2b: Iron Hands|37\/100 psn\n|-damage|p1a: Glimmora|86\/100\n|-activate|p1a: Glimmora|ability: Toxic Debris\n|-sidestart|p2: Idk544|move: Toxic Spikes\n|\n|-damage|p2b: Iron Hands|25\/100 psn|[from] psn\n|upkeep\n|turn|3\n|\n|t:|1683096406\n|-terastallize|p2a: Ting-Lu|Ground\n|move|p1a: Glimmora|Mortal Spin|p2b: Iron Hands|[spread] p2a,p2b\n|-resisted|p2a: Ting-Lu\n|-damage|p2a: Ting-Lu|99\/100\n|-damage|p2b: Iron Hands|22\/100 psn\n|-status|p2a: Ting-Lu|psn\n|move|p1b: Armarouge|Psyshock|p2b: Iron Hands\n|-supereffective|p2b: Iron Hands\n|-damage|p2b: Iron Hands|0 fnt\n|faint|p2b: Iron Hands\n|-end|p2b: Iron Hands|Quark Drive|[silent]\n|move|p2a: Ting-Lu|Earthquake|p1b: Armarouge|[spread] p1a,p1b\n|-resisted|p1a: Glimmora\n|-supereffective|p1b: Armarouge\n|-damage|p1a: Glimmora|66\/100\n|-damage|p1b: Armarouge|11\/100\n|-activate|p1a: Glimmora|ability: Toxic Debris\n|-sidestart|p2: Idk544|move: Toxic Spikes\n|\n|-damage|p2a: Ting-Lu|87\/100 psn|[from] psn\n|upkeep\n|inactive|Battle timer is ON: inactive players will automatically lose when time's up. (requested by Amosaver)\n|\n|t:|1683096432\n|switch|p2b: Orthworm|Orthworm, L50, M|75\/100\n|turn|4\n|\n|t:|1683096443\n|move|p2b: Orthworm|Protect|p2b: Orthworm\n|-singleturn|p2b: Orthworm|Protect\n|move|p1a: Glimmora|Energy Ball|p2a: Ting-Lu\n|-supereffective|p2a: Ting-Lu\n|-damage|p2a: Ting-Lu|46\/100 psn\n|move|p1b: Armarouge|Heat Wave|p2a: Ting-Lu|[spread] \n|-activate|p2b: Orthworm|move: Protect\n|-miss|p1b: Armarouge|p2a: Ting-Lu\n|move|p2a: Ting-Lu|Snarl|p1a: Glimmora|[spread] p1b\n|-miss|p2a: Ting-Lu|p1a: Glimmora\n|-supereffective|p1b: Armarouge\n|-damage|p1b: Armarouge|0 fnt\n|faint|p1b: Armarouge\n|\n|-damage|p2a: Ting-Lu|34\/100 psn|[from] psn\n|upkeep\n|\n|t:|1683096453\n|switch|p1b: Gyarados|Gyarados, L50, M|100\/100\n|-ability|p1b: Gyarados|Intimidate|boost\n|-unboost|p2a: Ting-Lu|atk|1\n|-unboost|p2b: Orthworm|atk|1\n|turn|5\n|\n|t:|1683096467\n|switch|p2a: Gyarados|Gyarados, L50, M|100\/100\n|-ability|p2a: Gyarados|Intimidate|boost\n|-unboost|p1a: Glimmora|atk|1\n|-unboost|p1b: Gyarados|atk|1\n|move|p1a: Glimmora|Energy Ball|p2a: Gyarados\n|-damage|p2a: Gyarados|49\/100\n|move|p1b: Gyarados|Taunt|p2b: Orthworm\n|-start|p2b: Orthworm|move: Taunt\n|cant|p2b: Orthworm|move: Taunt|Shed Tail\n|\n|upkeep\n|turn|6\n|\n|t:|1683096485\n|move|p2a: Gyarados|Dragon Dance|p2a: Gyarados\n|-boost|p2a: Gyarados|atk|1\n|-boost|p2a: Gyarados|spe|1\n|move|p1a: Glimmora|Power Gem|p2a: Gyarados\n|-supereffective|p2a: Gyarados\n|-damage|p2a: Gyarados|0 fnt\n|faint|p2a: Gyarados\n|move|p1b: Gyarados|Dragon Dance|p1b: Gyarados\n|-boost|p1b: Gyarados|atk|1\n|-boost|p1b: Gyarados|spe|1\n|move|p2b: Orthworm|Heavy Slam|p1a: Glimmora\n|-damage|p1a: Glimmora|39\/100\n|\n|upkeep\n|\n|t:|1683096499\n|switch|p2a: Ting-Lu|Ting-Lu, L50, tera:Ground|34\/100 psn\n|-ability|p2a: Ting-Lu|Vessel of Ruin\n|turn|7\n|-message|Idk544 forfeited.\n|\n|win|Amosaver\n|raw|Amosaver's rating: 1440 → 1457<\/strong> (+17 for winning)\n|raw|Idk544's rating: 1383 → 1366<\/strong> (-17 for losing)\n|l|\u2606Amosaver\n","uploadtime":1683096521,"views":9,"p1id":"amosaver","p2id":"idk544","formatid":"gen9vgc2023regulationc","rating":1366,"private":0,"password":""}