{"id":"gen9vgc2023regulationc-1859090907","p1":"appokalypstik","p2":"Akram Hamdi VGC","format":"[Gen 9] VGC 2023 Regulation C","log":"|j|\u2606appokalypstik\n|j|\u2606Akram Hamdi VGC\n|t:|1683403307\n|gametype|doubles\n|player|p1|appokalypstik|roxie|1677\n|player|p2|Akram Hamdi VGC|bertha|1622\n|teamsize|p1|6\n|teamsize|p2|6\n|gen|9\n|tier|[Gen 9] VGC 2023 Regulation C\n|rated|\n|rule|Species Clause: Limit one of each Pok\u00e9mon\n|rule|Item Clause: Limit one of each item\n|clearpoke\n|poke|p1|Wo-Chien, L50|\n|poke|p1|Farigiraf, L50, F|\n|poke|p1|Murkrow, L50, F|\n|poke|p1|Rotom-Wash, L50|\n|poke|p1|Great Tusk, L50|\n|poke|p1|Chi-Yu, L50|\n|poke|p2|Farigiraf, L50, F|\n|poke|p2|Great Tusk, L50|\n|poke|p2|Flutter Mane, L50|\n|poke|p2|Iron Bundle, L50|\n|poke|p2|Torkoal, L50, F|\n|poke|p2|Lilligant, L50, F|\n|teampreview|4\n|inactive|Battle timer is ON: inactive players will automatically lose when time's up. (requested by Akram Hamdi VGC)\nAkram Hamdi VGC has agreed to open team sheets.\nappokalypstik has agreed to open team sheets.\n|inactive|appokalypstik has 60 seconds left.\n|inactive|Akram Hamdi VGC has 60 seconds left.\n|\n|t:|1683403346\n|start\n|switch|p1a: Great Goob|Great Tusk, L50|100\/100\n|switch|p1b: Goobrow|Murkrow, L50, F|100\/100\n|switch|p2a: Taza B2|Great Tusk, L50|100\/100\n|switch|p2b: Mateus Mora|Iron Bundle, L50, shiny|100\/100\n|-enditem|p2b: Mateus Mora|Booster Energy\n|-activate|p2b: Mateus Mora|ability: Quark Drive|[fromitem]\n|-start|p2b: Mateus Mora|quarkdrivespe\n|turn|1\n|\n|t:|1683403361\n|-end|p1a: Great Goob|Protosynthesis|[silent]\n|switch|p1a: Rotom-Goob|Rotom-Wash, L50|100\/100\n|move|p2b: Mateus Mora|Protect|p2b: Mateus Mora\n|-singleturn|p2b: Mateus Mora|Protect\n|move|p2a: Taza B2|Protect|p2a: Taza B2\n|-singleturn|p2a: Taza B2|Protect\n|move|p1b: Goobrow|Brave Bird|p2a: Taza B2\n|-activate|p2a: Taza B2|move: Protect\n|\n|upkeep\n|turn|2\n|\n|t:|1683403388\n|-terastallize|p2b: Mateus Mora|Ice\n|move|p1a: Rotom-Goob|Protect|p1a: Rotom-Goob\n|-singleturn|p1a: Rotom-Goob|Protect\n|move|p1b: Goobrow|Tailwind|p1b: Goobrow\n|-sidestart|p1: appokalypstik|move: Tailwind\n|move|p2b: Mateus Mora|Freeze-Dry|p1a: Rotom-Goob\n|-activate|p1a: Rotom-Goob|move: Protect\n|move|p2a: Taza B2|Close Combat|p1a: Rotom-Goob\n|-activate|p1a: Rotom-Goob|move: Protect\n|\n|upkeep\n|turn|3\n|inactive|appokalypstik has 30 seconds left.\n|inactive|appokalypstik has 20 seconds left.\n|\n|t:|1683403427\n|-end|p2a: Taza B2|Protosynthesis|[silent]\n|switch|p2a: Rani!|Farigiraf, L50, F|100\/100\n|move|p1b: Goobrow|Quash||[still]\n|cant|p2a: Rani!|ability: Armor Tail|Quash|[of] p1b: Goobrow\n|move|p2b: Mateus Mora|Encore|p1a: Rotom-Goob\n|-start|p1a: Rotom-Goob|Encore\n|move|p1a: Rotom-Goob|Protect||[still]\n|-fail|p1a: Rotom-Goob\n|\n|upkeep\n|turn|4\n|inactive|Akram Hamdi VGC has 30 seconds left.\n|\n|t:|1683403452\n|switch|p1b: Chi-Yu-Shamones|Chi-Yu, L50|100\/100\n|-ability|p1b: Chi-Yu-Shamones|Beads of Ruin\n|move|p1a: Rotom-Goob|Protect|p1a: Rotom-Goob\n|-singleturn|p1a: Rotom-Goob|Protect\n|move|p2b: Mateus Mora|Freeze-Dry|p1b: Chi-Yu-Shamones\n|-resisted|p1b: Chi-Yu-Shamones\n|-damage|p1b: Chi-Yu-Shamones|88\/100\n|move|p2a: Rani!|Trick Room|p2a: Rani!\n|-fieldstart|move: Trick Room|[of] p2a: Rani!\n|\n|upkeep\n|turn|5\n|inactive|appokalypstik has 30 seconds left.\n|inactive|Akram Hamdi VGC has 30 seconds left.\n|\n|t:|1683403484\n|switch|p1a: Great Goob|Great Tusk, L50|100\/100\n|move|p2b: Mateus Mora|Protect|p2b: Mateus Mora\n|-singleturn|p2b: Mateus Mora|Protect\n|move|p2a: Rani!|Hyper Voice|p1a: Great Goob|[spread] p1a,p1b\n|-damage|p1a: Great Goob|47\/100\n|-damage|p1b: Chi-Yu-Shamones|68\/100\n|move|p1b: Chi-Yu-Shamones|Heat Wave|p2b: Mateus Mora|[spread] p2a\n|-activate|p2b: Mateus Mora|move: Protect\n|-damage|p2a: Rani!|49\/100\n|\n|-sideend|p1: appokalypstik|move: Tailwind\n|upkeep\n|turn|6\n|\n|t:|1683403502\n|-end|p1a: Great Goob|Protosynthesis|[silent]\n|switch|p1a: Goobrow|Murkrow, L50, F|100\/100\n|move|p2a: Rani!|Hyper Voice|p1a: Goobrow|[spread] p1a,p1b\n|-enditem|p1a: Goobrow|Focus Sash\n|-damage|p1a: Goobrow|1\/100\n|-damage|p1b: Chi-Yu-Shamones|48\/100\n|move|p1b: Chi-Yu-Shamones|Heat Wave|p2a: Rani!|[spread] p2a,p2b\n|-supereffective|p2b: Mateus Mora\n|-damage|p2a: Rani!|0 fnt\n|-damage|p2b: Mateus Mora|0 fnt\n|faint|p2a: Rani!\n|faint|p2b: Mateus Mora\n|-end|p2b: Mateus Mora|Quark Drive|[silent]\n|\n|upkeep\n|\n|t:|1683403509\n|switch|p2a: Taza B2|Great Tusk, L50|100\/100\n|switch|p2b: DJESZJA|Torkoal, L50, F|100\/100\n|-weather|SunnyDay|[from] ability: Drought|[of] p2b: DJESZJA\n|-activate|p2a: Taza B2|ability: Protosynthesis\n|-start|p2a: Taza B2|protosynthesisatk\n|turn|7\n|inactive|appokalypstik has 30 seconds left.\n|\n|t:|1683403541\n|switch|p1a: Rotom-Goob|Rotom-Wash, L50|100\/100\n|move|p2b: DJESZJA|Earth Power|p1b: Chi-Yu-Shamones\n|-supereffective|p1b: Chi-Yu-Shamones\n|-damage|p1b: Chi-Yu-Shamones|18\/100\n|-unboost|p1b: Chi-Yu-Shamones|spd|1\n|move|p1b: Chi-Yu-Shamones|Heat Wave|p2a: Taza B2|[spread] p2a,p2b\n|-resisted|p2b: DJESZJA\n|-enditem|p2a: Taza B2|Focus Sash\n|-damage|p2a: Taza B2|1\/100\n|-damage|p2b: DJESZJA|56\/100\n|move|p2a: Taza B2|Close Combat|p1a: Rotom-Goob\n|-damage|p1a: Rotom-Goob|4\/100\n|-unboost|p2a: Taza B2|def|1\n|-unboost|p2a: Taza B2|spd|1\n|-enditem|p1a: Rotom-Goob|Sitrus Berry|[eat]\n|-heal|p1a: Rotom-Goob|29\/100|[from] item: Sitrus Berry\n|\n|-weather|SunnyDay|[upkeep]\n|upkeep\n|turn|8\n|inactive|Akram Hamdi VGC has 30 seconds left.\n|\n|t:|1683403567\n|move|p2b: DJESZJA|Eruption|p1b: Chi-Yu-Shamones|[spread] p1a,p1b\n|-resisted|p1a: Rotom-Goob\n|-resisted|p1b: Chi-Yu-Shamones\n|-damage|p1a: Rotom-Goob|0 fnt\n|-damage|p1b: Chi-Yu-Shamones|0 fnt\n|faint|p1a: Rotom-Goob\n|faint|p1b: Chi-Yu-Shamones\n|move|p2a: Taza B2|Close Combat|p1: Rotom-Goob|[notarget]\n|-fail|p2a: Taza B2\n|\n|-weather|SunnyDay|[upkeep]\n|-fieldend|move: Trick Room\n|upkeep\n|\n|t:|1683403570\n|switch|p1b: Great Goob|Great Tusk, L50|47\/100\n|switch|p1a: Goobrow|Murkrow, L50, F|1\/100\n|-activate|p1b: Great Goob|ability: Protosynthesis\n|-start|p1b: Great Goob|protosynthesisatk\n|turn|9\n|\n|t:|1683403579\n|move|p1a: Goobrow|Tailwind|p1a: Goobrow\n|-sidestart|p1: appokalypstik|move: Tailwind\n|move|p1b: Great Goob|Earthquake|p2b: DJESZJA|[spread] p2a,p2b\n|-immune|p1a: Goobrow\n|-supereffective|p2b: DJESZJA\n|-damage|p2a: Taza B2|0 fnt\n|-damage|p2b: DJESZJA|0 fnt\n|faint|p2a: Taza B2\n|-end|p2a: Taza B2|Protosynthesis|[silent]\n|faint|p2b: DJESZJA\n|\n|win|appokalypstik\n|raw|appokalypstik's rating: 1677 → 1694<\/strong> (+17 for winning)\n|raw|Akram Hamdi VGC's rating: 1622 → 1605<\/strong> (-17 for losing)\n|c|\u2606appokalypstik|gg\n|l|\u2606Akram Hamdi VGC\n|j|\u2606Akram Hamdi VGC\n|player|p2|Akram Hamdi VGC|bertha\n","uploadtime":1683403611,"views":11,"p1id":"appokalypstik","p2id":"akramhamdivgc","formatid":"gen9vgc2023regulationc","rating":1605,"private":0,"password":""}