{"id":"gen9vgc2023regulationc-1850849974","p1":"captantan","p2":"why do you fart?","format":"[Gen 9] VGC 2023 Regulation C","log":"|j|\u2606captantan\n|j|\u2606why do you fart?\n|t:|1682374182\n|gametype|doubles\n|player|p1|captantan|2|1133\n|player|p2|why do you fart?|2|1090\n|teamsize|p1|6\n|teamsize|p2|6\n|gen|9\n|tier|[Gen 9] VGC 2023 Regulation C\n|rated|\n|rule|Species Clause: Limit one of each Pok\u00e9mon\n|rule|Item Clause: Limit one of each item\n|clearpoke\n|poke|p1|Ting-Lu, L50|\n|poke|p1|Roaring Moon, L50|\n|poke|p1|Amoonguss, L50, M|\n|poke|p1|Arcanine, L50, M|\n|poke|p1|Garganacl, L50, F|\n|poke|p1|Iron Bundle, L50|\n|poke|p2|Armarouge, L50, F|\n|poke|p2|Meowscarada, L50, F|\n|poke|p2|Palafin, L50, F|\n|poke|p2|Indeedee-F, L50, F|\n|poke|p2|Grafaiai, L50, F|\n|poke|p2|Slaking, L50, M|\n|teampreview|4\n|inactive|Battle timer is ON: inactive players will automatically lose when time's up. (requested by why do you fart?)\n|inactive|captantan has 60 seconds left.\n|inactive|captantan has 30 seconds left.\n|\n|t:|1682374249\n|start\n|switch|p1a: Garganacl|Garganacl, L50, F|100\/100\n|switch|p1b: Roaring Moon|Roaring Moon, L50|100\/100\n|switch|p2a: Grafaiai|Grafaiai, L50, F|100\/100\n|switch|p2b: Slaking|Slaking, L50, M|100\/100\n|-enditem|p1b: Roaring Moon|Booster Energy\n|-activate|p1b: Roaring Moon|ability: Protosynthesis|[fromitem]\n|-start|p1b: Roaring Moon|protosynthesisatk\n|turn|1\n|\n|t:|1682374273\n|move|p2a: Grafaiai|Doodle|p1a: Garganacl\n|-endability|p2a: Grafaiai|Prankster|[from] move: Doodle\n|-ability|p2a: Grafaiai|Purifying Salt|[from] move: Doodle\n|-endability|p2b: Slaking|Truant|[from] move: Doodle\n|-ability|p2b: Slaking|Purifying Salt|[from] move: Doodle\n|move|p1b: Roaring Moon|Dragon Dance|p1b: Roaring Moon\n|-boost|p1b: Roaring Moon|atk|1\n|-boost|p1b: Roaring Moon|spe|1\n|move|p2b: Slaking|Play Rough|p1b: Roaring Moon\n|-supereffective|p1b: Roaring Moon\n|-damage|p1b: Roaring Moon|0 fnt\n|faint|p1b: Roaring Moon\n|-end|p1b: Roaring Moon|Protosynthesis|[silent]\n|move|p1a: Garganacl|Salt Cure|p2b: Slaking\n|-damage|p2b: Slaking|91\/100\n|-start|p2b: Slaking|Salt Cure\n|\n|-damage|p2b: Slaking|78\/100|[from] Salt Cure\n|upkeep\n|\n|t:|1682374285\n|switch|p1b: Arcanine|Arcanine, L50, M|100\/100\n|-ability|p1b: Arcanine|Intimidate|boost\n|-unboost|p2a: Grafaiai|atk|1\n|-fail|p2b: Slaking|unboost|[from] item: Clear Amulet|[of] p2b: Slaking\n|turn|2\n|\n|t:|1682374306\n|move|p2a: Grafaiai|Parting Shot|p1b: Arcanine\n|-unboost|p1b: Arcanine|atk|1\n|-unboost|p1b: Arcanine|spa|1\n|\n|t:|1682374309\n|switch|p2a: Palafin|Palafin, L50, F|100\/100|[from] Parting Shot\n|move|p1b: Arcanine|Will-O-Wisp|p2b: Slaking\n|-immune|p2b: Slaking|[from] ability: Purifying Salt\n|move|p2b: Slaking|Bulk Up|p2b: Slaking\n|-boost|p2b: Slaking|atk|1\n|-boost|p2b: Slaking|def|1\n|move|p1a: Garganacl|Salt Cure|p2a: Palafin\n|-damage|p2a: Palafin|83\/100\n|-start|p2a: Palafin|Salt Cure\n|\n|-damage|p2a: Palafin|59\/100|[from] Salt Cure\n|-damage|p2b: Slaking|66\/100|[from] Salt Cure\n|upkeep\n|turn|3\n|\n|t:|1682374331\n|switch|p1b: Iron Bundle|Iron Bundle, L50|100\/100\n|move|p2a: Palafin|Flip Turn|p1b: Iron Bundle\n|-resisted|p1b: Iron Bundle\n|-damage|p1b: Iron Bundle|88\/100\n|\n|t:|1682374338\n|detailschange|p2a: Palafin|Palafin-Hero, L50, F\n|switch|p2a: Meowscarada|Meowscarada, L50, F|100\/100|[from] Flip Turn\n|move|p2b: Slaking|Body Slam|p1b: Iron Bundle\n|-damage|p1b: Iron Bundle|0 fnt\n|faint|p1b: Iron Bundle\n|-end|p1b: Iron Bundle|Quark Drive|[silent]\n|move|p1a: Garganacl|Salt Cure|p2a: Meowscarada\n|-damage|p2a: Meowscarada|76\/100\n|-start|p2a: Meowscarada|Salt Cure\n|\n|-damage|p2a: Meowscarada|64\/100|[from] Salt Cure\n|-damage|p2b: Slaking|53\/100|[from] Salt Cure\n|upkeep\n|\n|t:|1682374352\n|switch|p1b: Arcanine|Arcanine, L50, M|100\/100\n|-ability|p1b: Arcanine|Intimidate|boost\n|-unboost|p2a: Meowscarada|atk|1\n|-fail|p2b: Slaking|unboost|[from] item: Clear Amulet|[of] p2b: Slaking\n|turn|4\n|\n|t:|1682374372\n|switch|p2a: Palafin|Palafin-Hero, L50, F|59\/100\n|-activate|p2a: Palafin|ability: Zero to Hero\n|move|p1b: Arcanine|Protect|p1b: Arcanine\n|-singleturn|p1b: Arcanine|Protect\n|move|p2b: Slaking|Body Slam|p1b: Arcanine\n|-activate|p1b: Arcanine|move: Protect\n|move|p1a: Garganacl|Stealth Rock|p2a: Palafin\n|-sidestart|p2: why do you fart?|move: Stealth Rock\n|\n|-damage|p2b: Slaking|41\/100|[from] Salt Cure\n|upkeep\n|turn|5\n|inactive|captantan has 30 seconds left.\n|inactive|captantan has 20 seconds left.\n|\n|t:|1682374411\n|move|p1b: Arcanine|Extreme Speed|p2a: Palafin\n|-damage|p2a: Palafin|35\/100\n|move|p2a: Palafin|Wave Crash|p1b: Arcanine\n|-supereffective|p1b: Arcanine\n|-damage|p1b: Arcanine|0 fnt\n|faint|p1b: Arcanine\n|-damage|p2a: Palafin|0 fnt|[from] Recoil\n|faint|p2a: Palafin\n|move|p2b: Slaking|Body Slam|p1a: Garganacl\n|-resisted|p1a: Garganacl\n|-damage|p1a: Garganacl|74\/100\n|move|p1a: Garganacl|Salt Cure|p2b: Slaking\n|-damage|p2b: Slaking|35\/100\n|\n|-heal|p1a: Garganacl|80\/100|[from] item: Leftovers\n|-damage|p2b: Slaking|22\/100|[from] Salt Cure\n|upkeep\n|\n|t:|1682374423\n|switch|p2a: Grafaiai|Grafaiai, L50, F|100\/100\n|-damage|p2a: Grafaiai|88\/100|[from] Stealth Rock\n|turn|6\n|\n|t:|1682374438\n|move|p2a: Grafaiai|Parting Shot|p1a: Garganacl\n|-unboost|p1a: Garganacl|atk|1\n|-unboost|p1a: Garganacl|spa|1\n|\n|t:|1682374441\n|switch|p2a: Meowscarada|Meowscarada, L50, F|64\/100|[from] Parting Shot\n|-damage|p2a: Meowscarada|51\/100|[from] Stealth Rock\n|move|p2b: Slaking|Body Slam|p1a: Garganacl\n|-resisted|p1a: Garganacl\n|-damage|p1a: Garganacl|48\/100\n|move|p1a: Garganacl|Salt Cure|p2a: Meowscarada\n|-damage|p2a: Meowscarada|33\/100\n|-start|p2a: Meowscarada|Salt Cure\n|\n|-heal|p1a: Garganacl|54\/100|[from] item: Leftovers\n|-damage|p2a: Meowscarada|21\/100|[from] Salt Cure\n|-damage|p2b: Slaking|10\/100|[from] Salt Cure\n|upkeep\n|turn|7\n|\n|t:|1682374459\n|-terastallize|p2a: Meowscarada|Grass\n|-terastallize|p1a: Garganacl|Ghost\n|move|p1a: Garganacl|Protect|p1a: Garganacl\n|-singleturn|p1a: Garganacl|Protect\n|move|p2a: Meowscarada|Flower Trick|p1a: Garganacl\n|-activate|p1a: Garganacl|move: Protect\n|move|p2b: Slaking|Body Slam|p1a: Garganacl\n|-activate|p1a: Garganacl|move: Protect\n|\n|-heal|p1a: Garganacl|59\/100|[from] item: Leftovers\n|-damage|p2a: Meowscarada|8\/100|[from] Salt Cure\n|-damage|p2b: Slaking|0 fnt|[from] Salt Cure\n|faint|p2b: Slaking\n|upkeep\n|\n|t:|1682374465\n|switch|p2b: Grafaiai|Grafaiai, L50, F|88\/100\n|-damage|p2b: Grafaiai|76\/100|[from] Stealth Rock\n|turn|8\n|\n|t:|1682374482\n|move|p2a: Meowscarada|Sucker Punch||[still]\n|-fail|p2a: Meowscarada\n|move|p2b: Grafaiai|Foul Play|p1a: Garganacl\n|-supereffective|p1a: Garganacl\n|-damage|p1a: Garganacl|39\/100\n|move|p1a: Garganacl|Recover|p1a: Garganacl\n|-heal|p1a: Garganacl|89\/100\n|\n|-heal|p1a: Garganacl|95\/100|[from] item: Leftovers\n|-damage|p2a: Meowscarada|0 fnt|[from] Salt Cure\n|faint|p2a: Meowscarada\n|upkeep\n|turn|9\n|\n|t:|1682374496\n|move|p2b: Grafaiai|Foul Play|p1a: Garganacl\n|-supereffective|p1a: Garganacl\n|-damage|p1a: Garganacl|74\/100\n|move|p1a: Garganacl|Salt Cure|p2b: Grafaiai\n|-damage|p2b: Grafaiai|60\/100\n|\n|-heal|p1a: Garganacl|80\/100|[from] item: Leftovers\n|upkeep\n|turn|10\n|inactive|why do you fart? has 30 seconds left.\n|inactive|why do you fart? has 20 seconds left.\n|c|\u2606why do you fart?|Damn gg\n|\n|t:|1682374535\n|move|p2b: Grafaiai|Foul Play|p1a: Garganacl\n|-supereffective|p1a: Garganacl\n|-damage|p1a: Garganacl|59\/100\n|move|p1a: Garganacl|Salt Cure|p2b: Grafaiai\n|-damage|p2b: Grafaiai|45\/100\n|\n|-heal|p1a: Garganacl|65\/100|[from] item: Leftovers\n|upkeep\n|turn|11\n|c|\u2606captantan|Gg\n|\n|t:|1682374553\n|move|p2b: Grafaiai|Foul Play|p1a: Garganacl\n|-supereffective|p1a: Garganacl\n|-damage|p1a: Garganacl|45\/100\n|move|p1a: Garganacl|Recover|p1a: Garganacl\n|-heal|p1a: Garganacl|95\/100\n|\n|-heal|p1a: Garganacl|100\/100|[from] item: Leftovers\n|upkeep\n|turn|12\n|\n|t:|1682374561\n|move|p2b: Grafaiai|Foul Play|p1a: Garganacl\n|-supereffective|p1a: Garganacl\n|-damage|p1a: Garganacl|80\/100\n|move|p1a: Garganacl|Salt Cure|p2b: Grafaiai\n|-damage|p2b: Grafaiai|30\/100\n|\n|-heal|p1a: Garganacl|86\/100|[from] item: Leftovers\n|upkeep\n|turn|13\n|\n|t:|1682374572\n|move|p2b: Grafaiai|Foul Play|p1a: Garganacl\n|-supereffective|p1a: Garganacl\n|-damage|p1a: Garganacl|67\/100\n|move|p1a: Garganacl|Salt Cure|p2b: Grafaiai\n|-damage|p2b: Grafaiai|18\/100\n|\n|-heal|p1a: Garganacl|72\/100|[from] item: Leftovers\n|upkeep\n|turn|14\n|l|\u2606why do you fart?\n|inactive|why do you fart? disconnected and has a minute to reconnect!\n|player|p2|\n|j|\u2606why do you fart?\n|inactive|why do you fart? reconnected and has 40 seconds left.\n|player|p2|why do you fart?|2\n|\n|t:|1682374594\n|move|p2b: Grafaiai|Foul Play|p1a: Garganacl\n|-supereffective|p1a: Garganacl\n|-damage|p1a: Garganacl|49\/100\n|move|p1a: Garganacl|Salt Cure|p2b: Grafaiai\n|-damage|p2b: Grafaiai|3\/100\n|\n|-heal|p1a: Garganacl|55\/100|[from] item: Leftovers\n|upkeep\n|turn|15\n|\n|t:|1682374601\n|move|p2b: Grafaiai|Foul Play|p1a: Garganacl\n|-supereffective|p1a: Garganacl\n|-damage|p1a: Garganacl|36\/100\n|move|p1a: Garganacl|Salt Cure|p2b: Grafaiai\n|-damage|p2b: Grafaiai|0 fnt\n|faint|p2b: Grafaiai\n|\n|win|captantan\n|raw|captantan's rating: 1133 → 1155<\/strong> (+22 for winning)\n|raw|why do you fart?'s rating: 1090 → 1069<\/strong> (-21 for losing)\n|l|\u2606why do you fart?\n","uploadtime":1682374614,"views":15,"p1id":"captantan","p2id":"whydoyoufart","formatid":"gen9vgc2023regulationc","rating":1069,"private":0,"password":""}