{"id":"gen9vgc2023regulationc-1852489067","p1":"Auraen","p2":"leafyarrow","format":"[Gen 9] VGC 2023 Regulation C","log":"|j|\u2606Auraen\n|j|\u2606leafyarrow\n|t:|1682564242\n|gametype|doubles\n|player|p1|Auraen|flannery|1281\n|player|p2|leafyarrow|leaf-gen3|1358\n|teamsize|p1|6\n|teamsize|p2|6\n|gen|9\n|tier|[Gen 9] VGC 2023 Regulation C\n|rated|\n|rule|Species Clause: Limit one of each Pok\u00e9mon\n|rule|Item Clause: Limit one of each item\n|clearpoke\n|poke|p1|Chi-Yu, L50|\n|poke|p1|Flutter Mane, L50|\n|poke|p1|Tauros-Paldea-Aqua, L50, M|\n|poke|p1|Tyranitar, L50, F|\n|poke|p1|Glimmora, L50, M|\n|poke|p1|Amoonguss, L50, F|\n|poke|p2|Flutter Mane, L50|\n|poke|p2|Palafin, L50, F|\n|poke|p2|Amoonguss, L50, F|\n|poke|p2|Ting-Lu, L50|\n|poke|p2|Arcanine, L50, M|\n|poke|p2|Jolteon, L50, F|\n|teampreview|4\nleafyarrow has agreed to open team sheets.\nAuraen has agreed to open team sheets.\n|\n|t:|1682564288\n|start\n|switch|p1a: Amoonguss|Amoonguss, L50, F|100\/100\n|switch|p1b: Glimmora|Glimmora, L50, M|100\/100\n|switch|p2a: Jolteon|Jolteon, L50, F|100\/100\n|switch|p2b: Palafin|Palafin, L50, F|100\/100\n|turn|1\n|\n|t:|1682564315\n|detailschange|p2b: Palafin|Palafin-Hero, L50, F\n|switch|p2b: Amoonguss|Amoonguss, L50, F|100\/100\n|switch|p1a: Tauros|Tauros-Paldea-Aqua, L50, M|100\/100\n|-ability|p1a: Tauros|Intimidate|boost\n|-unboost|p2a: Jolteon|atk|1\n|-unboost|p2b: Amoonguss|atk|1\n|move|p2a: Jolteon|Detect|p2a: Jolteon\n|-singleturn|p2a: Jolteon|Protect\n|move|p1b: Glimmora|Power Gem|p2a: Jolteon\n|-activate|p2a: Jolteon|move: Protect\n|\n|upkeep\n|turn|2\n|\n|t:|1682564375\n|move|p1a: Tauros|Protect|p1a: Tauros\n|-singleturn|p1a: Tauros|Protect\n|move|p2a: Jolteon|Thunderbolt|p1a: Tauros\n|-activate|p1a: Tauros|move: Protect\n|move|p1b: Glimmora|Mortal Spin|p2b: Amoonguss|[spread] p2a,p2b\n|-damage|p2a: Jolteon|92\/100\n|-damage|p2b: Amoonguss|96\/100\n|-status|p2a: Jolteon|psn\n|move|p2b: Amoonguss|Pollen Puff|p2a: Jolteon\n|-heal|p2a: Jolteon|100\/100 psn\n|\n|-damage|p2a: Jolteon|89\/100 psn|[from] psn\n|upkeep\n|turn|3\n|\n|t:|1682564395\n|switch|p1a: Amoonguss|Amoonguss, L50, F|100\/100\n|move|p2a: Jolteon|Thunderbolt|p1a: Amoonguss\n|-resisted|p1a: Amoonguss\n|-damage|p1a: Amoonguss|81\/100\n|move|p1b: Glimmora|Sludge Bomb|p2b: Amoonguss\n|-damage|p2b: Amoonguss|63\/100\n|move|p2b: Amoonguss|Spore|p1b: Glimmora\n|-status|p1b: Glimmora|slp|[from] move: Spore\n|\n|-heal|p1a: Amoonguss|87\/100|[from] item: Leftovers\n|-damage|p2a: Jolteon|77\/100 psn|[from] psn\n|upkeep\n|turn|4\n|\n|t:|1682564416\n|-terastallize|p2a: Jolteon|Flying\n|move|p2a: Jolteon|Tera Blast|p1a: Amoonguss\n|-supereffective|p1a: Amoonguss\n|-damage|p1a: Amoonguss|23\/100\n|cant|p1b: Glimmora|slp\n|move|p2b: Amoonguss|Pollen Puff|p1a: Amoonguss\n|-damage|p1a: Amoonguss|7\/100\n|move|p1a: Amoonguss|Pollen Puff|p2b: Amoonguss\n|-damage|p2b: Amoonguss|47\/100\n|-enditem|p2b: Amoonguss|Sitrus Berry|[eat]\n|-heal|p2b: Amoonguss|72\/100|[from] item: Sitrus Berry\n|\n|-heal|p1a: Amoonguss|13\/100|[from] item: Leftovers\n|-damage|p2a: Jolteon|65\/100 psn|[from] psn\n|upkeep\n|turn|5\n|\n|t:|1682564452\n|switch|p1a: Flutter Mane|Flutter Mane, L50|100\/100\n|-enditem|p1a: Flutter Mane|Booster Energy\n|-activate|p1a: Flutter Mane|ability: Protosynthesis|[fromitem]\n|-start|p1a: Flutter Mane|protosynthesisspe\n|move|p2a: Jolteon|Thunderbolt|p1a: Flutter Mane\n|-damage|p1a: Flutter Mane|55\/100\n|cant|p1b: Glimmora|slp\n|move|p2b: Amoonguss|Pollen Puff|p2a: Jolteon\n|-heal|p2a: Jolteon|100\/100 psn\n|\n|-damage|p2a: Jolteon|89\/100 psn|[from] psn\n|upkeep\n|turn|6\n|\n|t:|1682564499\n|move|p1a: Flutter Mane|Icy Wind|p2a: Jolteon|[spread] p2a,p2b\n|-supereffective|p2a: Jolteon\n|-supereffective|p2b: Amoonguss\n|-damage|p2a: Jolteon|52\/100 psn\n|-damage|p2b: Amoonguss|49\/100\n|-unboost|p2a: Jolteon|spe|1\n|-unboost|p2b: Amoonguss|spe|1\n|move|p2a: Jolteon|Thunderbolt|p1b: Glimmora\n|-damage|p1b: Glimmora|67\/100 slp\n|cant|p1b: Glimmora|slp\n|move|p2b: Amoonguss|Spore|p1a: Flutter Mane\n|-status|p1a: Flutter Mane|slp|[from] move: Spore\n|\n|-damage|p2a: Jolteon|40\/100 psn|[from] psn\n|upkeep\n|turn|7\n|\n|t:|1682564525\n|switch|p2b: Palafin|Palafin-Hero, L50, F|100\/100\n|-activate|p2b: Palafin|ability: Zero to Hero\n|cant|p1a: Flutter Mane|slp\n|move|p2a: Jolteon|Thunderbolt|p1a: Flutter Mane\n|-damage|p1a: Flutter Mane|8\/100 slp\n|-curestatus|p1b: Glimmora|slp|[msg]\n|move|p1b: Glimmora|Sludge Bomb|p2b: Palafin\n|-damage|p2b: Palafin|61\/100\n|\n|-damage|p2a: Jolteon|28\/100 psn|[from] psn\n|upkeep\n|turn|8\n|\n|t:|1682564553\n|-end|p1a: Flutter Mane|Protosynthesis|[silent]\n|switch|p1a: Tauros|Tauros-Paldea-Aqua, L50, M|100\/100\n|-ability|p1a: Tauros|Intimidate|boost\n|-unboost|p2a: Jolteon|atk|1\n|-unboost|p2b: Palafin|atk|1\n|move|p2b: Palafin|Jet Punch|p1a: Tauros\n|-resisted|p1a: Tauros\n|-damage|p1a: Tauros|87\/100\n|move|p2a: Jolteon|Thunderbolt|p1b: Glimmora\n|-damage|p1b: Glimmora|36\/100\n|move|p1b: Glimmora|Power Gem|p2a: Jolteon\n|-supereffective|p2a: Jolteon\n|-damage|p2a: Jolteon|0 fnt\n|faint|p2a: Jolteon\n|\n|upkeep\n|\n|t:|1682564566\n|switch|p2a: Flutter Mane|Flutter Mane, L50|100\/100\n|turn|9\n|\n|t:|1682564578\n|switch|p1b: Amoonguss|Amoonguss, L50, F|46\/100\n|move|p1a: Tauros|Protect|p1a: Tauros\n|-singleturn|p1a: Tauros|Protect\n|move|p2b: Palafin|Jet Punch|p1b: Amoonguss\n|-resisted|p1b: Amoonguss\n|-damage|p1b: Amoonguss|34\/100\n|move|p2a: Flutter Mane|Moonblast|p1a: Tauros\n|-activate|p1a: Tauros|move: Protect\n|\n|-heal|p1b: Amoonguss|40\/100|[from] item: Leftovers\n|upkeep\n|turn|10\n|\n|t:|1682564601\n|-end|p2a: Flutter Mane|Protosynthesis|[silent]\n|switch|p2a: Amoonguss|Amoonguss, L50, F|82\/100\n|-terastallize|p1a: Tauros|Water\n|move|p1b: Amoonguss|Rage Powder|p1b: Amoonguss\n|-singleturn|p1b: Amoonguss|move: Rage Powder\n|move|p1a: Tauros|Wave Crash|p2a: Amoonguss\n|-resisted|p2a: Amoonguss\n|-damage|p2a: Amoonguss|57\/100\n|-damage|p1a: Tauros|77\/100|[from] Recoil\n|move|p2b: Palafin|Haze|p2b: Palafin\n|-clearallboost\n|\n|-heal|p1b: Amoonguss|46\/100|[from] item: Leftovers\n|upkeep\n|turn|11\n|\n|t:|1682564623\n|move|p1b: Amoonguss|Rage Powder|p1b: Amoonguss\n|-singleturn|p1b: Amoonguss|move: Rage Powder\n|move|p1a: Tauros|Close Combat|p2b: Palafin\n|-damage|p2b: Palafin|24\/100\n|-unboost|p1a: Tauros|def|1\n|-unboost|p1a: Tauros|spd|1\n|move|p2b: Palafin|Wave Crash|p1b: Amoonguss\n|-resisted|p1b: Amoonguss\n|-damage|p1b: Amoonguss|6\/100\n|-damage|p2b: Palafin|9\/100|[from] Recoil\n|move|p2a: Amoonguss|Pollen Puff|p2b: Palafin\n|-heal|p2b: Palafin|59\/100\n|\n|-heal|p1b: Amoonguss|12\/100|[from] item: Leftovers\n|upkeep\n|turn|12\n|\n|t:|1682564648\n|switch|p1b: Flutter Mane|Flutter Mane, L50|8\/100 slp\n|move|p1a: Tauros|Protect|p1a: Tauros\n|-singleturn|p1a: Tauros|Protect\n|move|p2b: Palafin|Jet Punch|p1b: Flutter Mane\n|-damage|p1b: Flutter Mane|0 fnt\n|faint|p1b: Flutter Mane\n|-end|p1b: Flutter Mane|Protosynthesis|[silent]\n|move|p2a: Amoonguss|Pollen Puff|p2b: Palafin\n|-heal|p2b: Palafin|100\/100\n|\n|upkeep\n|\n|t:|1682564659\n|switch|p1b: Amoonguss|Amoonguss, L50, F|45\/100\n|turn|13\n|\n|t:|1682564675\n|switch|p1a: Glimmora|Glimmora, L50, M|36\/100\n|move|p2b: Palafin|Wave Crash|p1a: Glimmora\n|-supereffective|p1a: Glimmora\n|-damage|p1a: Glimmora|0 fnt\n|-activate|p1a: Glimmora|ability: Toxic Debris\n|-sidestart|p2: leafyarrow|move: Toxic Spikes\n|faint|p1a: Glimmora\n|-damage|p2b: Palafin|90\/100|[from] Recoil\n|move|p2a: Amoonguss|Pollen Puff|p1b: Amoonguss\n|-damage|p1b: Amoonguss|30\/100\n|move|p1b: Amoonguss|Spore|p2b: Palafin\n|-status|p2b: Palafin|slp|[from] move: Spore\n|\n|-heal|p1b: Amoonguss|36\/100|[from] item: Leftovers\n|upkeep\n|\n|t:|1682564690\n|switch|p1a: Tauros|Tauros-Paldea-Aqua, L50, M, tera:Water|77\/100\n|-ability|p1a: Tauros|Intimidate|boost\n|-unboost|p2a: Amoonguss|atk|1\n|-unboost|p2b: Palafin|atk|1\n|turn|14\n|\n|t:|1682564698\n|move|p1a: Tauros|Wave Crash|p2a: Amoonguss\n|-resisted|p2a: Amoonguss\n|-damage|p2a: Amoonguss|33\/100\n|-damage|p1a: Tauros|68\/100|[from] Recoil\n|cant|p2b: Palafin|slp\n|move|p2a: Amoonguss|Pollen Puff|p2b: Palafin\n|-heal|p2b: Palafin|100\/100 slp\n|move|p1b: Amoonguss|Pollen Puff|p1a: Tauros\n|-heal|p1a: Tauros|100\/100\n|\n|-heal|p1b: Amoonguss|42\/100|[from] item: Leftovers\n|upkeep\n|turn|15\n|\n|t:|1682564718\n|move|p2a: Amoonguss|Protect|p2a: Amoonguss\n|-singleturn|p2a: Amoonguss|Protect\n|move|p1a: Tauros|Wave Crash|p2a: Amoonguss\n|-activate|p2a: Amoonguss|move: Protect\n|cant|p2b: Palafin|slp\n|move|p1b: Amoonguss|Pollen Puff|p2a: Amoonguss\n|-activate|p2a: Amoonguss|move: Protect\n|\n|-heal|p1b: Amoonguss|48\/100|[from] item: Leftovers\n|upkeep\n|turn|16\n|\n|t:|1682564744\n|move|p1a: Tauros|Wave Crash|p2a: Amoonguss\n|-resisted|p2a: Amoonguss\n|-damage|p2a: Amoonguss|7\/100\n|-damage|p1a: Tauros|90\/100|[from] Recoil\n|cant|p2b: Palafin|slp\n|move|p2a: Amoonguss|Pollen Puff|p2b: Palafin\n|-immune|p2b: Palafin\n|move|p1b: Amoonguss|Pollen Puff|p2a: Amoonguss\n|-crit|p2a: Amoonguss\n|-damage|p2a: Amoonguss|0 fnt\n|faint|p2a: Amoonguss\n|\n|-heal|p1b: Amoonguss|54\/100|[from] item: Leftovers\n|upkeep\n|\n|t:|1682564754\n|switch|p2a: Flutter Mane|Flutter Mane, L50|100\/100\n|-status|p2a: Flutter Mane|psn\n|turn|17\n|\n|t:|1682564764\n|move|p1b: Amoonguss|Rage Powder|p1b: Amoonguss\n|-singleturn|p1b: Amoonguss|move: Rage Powder\n|move|p2a: Flutter Mane|Shadow Ball|p1b: Amoonguss\n|-damage|p1b: Amoonguss|1\/100\n|-unboost|p1b: Amoonguss|spd|1\n|move|p1a: Tauros|Wave Crash|p2a: Flutter Mane\n|-damage|p2a: Flutter Mane|0 fnt\n|faint|p2a: Flutter Mane\n|-end|p2a: Flutter Mane|Protosynthesis|[silent]\n|-damage|p1a: Tauros|64\/100|[from] Recoil\n|-curestatus|p2b: Palafin|slp|[msg]\n|move|p2b: Palafin|Wave Crash|p1b: Amoonguss\n|-resisted|p1b: Amoonguss\n|-damage|p1b: Amoonguss|0 fnt\n|faint|p1b: Amoonguss\n|-damage|p2b: Palafin|99\/100|[from] Recoil\n|\n|upkeep\n|turn|18\n|\n|t:|1682564785\n|move|p1a: Tauros|Close Combat|p2b: Palafin\n|-damage|p2b: Palafin|58\/100\n|-unboost|p1a: Tauros|def|1\n|-unboost|p1a: Tauros|spd|1\n|move|p2b: Palafin|Wave Crash|p1a: Tauros\n|-resisted|p1a: Tauros\n|-damage|p1a: Tauros|24\/100\n|-damage|p2b: Palafin|47\/100|[from] Recoil\n|\n|upkeep\n|turn|19\n|\n|t:|1682564805\n|move|p2b: Palafin|Jet Punch|p1a: Tauros\n|-resisted|p1a: Tauros\n|-crit|p1a: Tauros\n|-damage|p1a: Tauros|0 fnt\n|faint|p1a: Tauros\n|\n|win|leafyarrow\n|raw|Auraen's rating: 1281 → 1261<\/strong> (-20 for losing)\n|raw|leafyarrow's rating: 1358 → 1374<\/strong> (+16 for winning)\n","uploadtime":1682564813,"views":12,"p1id":"auraen","p2id":"leafyarrow","formatid":"gen9vgc2023regulationc","rating":1261,"private":0,"password":""}