{"id":"gen9vgc2023regulationc-1845645184","p1":"Shnipe_Cizy","p2":"felipeand_VGC","format":"[Gen 9] VGC 2023 Regulation C","log":"|j|\u2606Shnipe_Cizy\n|j|\u2606felipeand_VGC\n|t:|1681752125\n|gametype|doubles\n|player|p1|Shnipe_Cizy|lance|1346\n|player|p2|felipeand_VGC|102|1399\n|teamsize|p1|6\n|teamsize|p2|6\n|gen|9\n|tier|[Gen 9] VGC 2023 Regulation C\n|rated|\n|rule|Species Clause: Limit one of each Pok\u00e9mon\n|rule|Item Clause: Limit one of each item\n|clearpoke\n|poke|p1|Palafin, L50, M|\n|poke|p1|Arcanine, L50, F|\n|poke|p1|Baxcalibur, L50, M|\n|poke|p1|Ting-Lu, L50|\n|poke|p1|Amoonguss, L50, F|\n|poke|p1|Flutter Mane, L50|\n|poke|p2|Amoonguss, L50, M|\n|poke|p2|Garchomp, L50, F|\n|poke|p2|Flutter Mane, L50|\n|poke|p2|Chi-Yu, L50|\n|poke|p2|Scizor, L50, F|\n|poke|p2|Gyarados, L50, M|\n|teampreview|4\nShnipe_Cizy has agreed to open team sheets.\nfelipeand_VGC has agreed to open team sheets.\n|\n|t:|1681752214\n|start\n|switch|p1a: Palafin|Palafin, L50, M|100\/100\n|switch|p1b: Amoonguss|Amoonguss, L50, F|100\/100\n|switch|p2a: Gyarados|Gyarados, L50, M|100\/100\n|switch|p2b: Garchomp|Garchomp, L50, F|100\/100\n|-ability|p2a: Gyarados|Intimidate|boost\n|-unboost|p1a: Palafin|atk|1\n|-unboost|p1b: Amoonguss|atk|1\n|turn|1\n|\n|t:|1681752229\n|move|p1a: Palafin|Protect|p1a: Palafin\n|-singleturn|p1a: Palafin|Protect\n|move|p2b: Garchomp|Swords Dance|p2b: Garchomp\n|-boost|p2b: Garchomp|atk|2\n|move|p2a: Gyarados|Taunt|p1b: Amoonguss\n|-start|p1b: Amoonguss|move: Taunt\n|cant|p1b: Amoonguss|move: Taunt|Spore\n|\n|upkeep\n|turn|2\n|\n|t:|1681752251\n|move|p1a: Palafin|Jet Punch|p2b: Garchomp\n|-damage|p2b: Garchomp|82\/100\n|-damage|p1a: Palafin|88\/100|[from] ability: Rough Skin|[of] p2b: Garchomp\n|move|p2b: Garchomp|Swords Dance|p2b: Garchomp\n|-boost|p2b: Garchomp|atk|2\n|move|p2a: Gyarados|Thunder Wave|p1a: Palafin\n|-status|p1a: Palafin|par\n|move|p1b: Amoonguss|Clear Smog|p2b: Garchomp\n|-resisted|p2b: Garchomp\n|-damage|p2b: Garchomp|73\/100\n|-clearboost|p2b: Garchomp\n|\n|upkeep\n|turn|3\n|\n|t:|1681752278\n|detailschange|p1a: Palafin|Palafin-Hero, L50, M\n|switch|p1a: Baxcalibur|Baxcalibur, L50, M|100\/100\n|move|p2b: Garchomp|Swords Dance|p2b: Garchomp\n|-boost|p2b: Garchomp|atk|2\n|move|p2a: Gyarados|Thunder Wave|p1b: Amoonguss\n|-status|p1b: Amoonguss|par\n|move|p1b: Amoonguss|Pollen Puff|p1a: Baxcalibur\n|-immune|p1a: Baxcalibur\n|\n|-end|p1b: Amoonguss|move: Taunt\n|upkeep\n|turn|4\n|\n|t:|1681752306\n|move|p2b: Garchomp|Protect|p2b: Garchomp\n|-singleturn|p2b: Garchomp|Protect\n|move|p1a: Baxcalibur|Protect|p1a: Baxcalibur\n|-singleturn|p1a: Baxcalibur|Protect\n|move|p2a: Gyarados|Thunder Wave|p1a: Baxcalibur\n|-activate|p1a: Baxcalibur|move: Protect\n|cant|p1b: Amoonguss|par\n|\n|upkeep\n|turn|5\n|\n|t:|1681752343\n|-terastallize|p2b: Garchomp|Fire\n|cant|p1b: Amoonguss|par\n|move|p2b: Garchomp|Dragon Claw|p1a: Baxcalibur\n|-supereffective|p1a: Baxcalibur\n|-damage|p1a: Baxcalibur|0 fnt\n|faint|p1a: Baxcalibur\n|move|p2a: Gyarados|Taunt|p1b: Amoonguss\n|-start|p1b: Amoonguss|move: Taunt\n|\n|upkeep\n|\n|t:|1681752355\n|switch|p1a: Palafin|Palafin-Hero, L50, M|88\/100 par\n|-activate|p1a: Palafin|ability: Zero to Hero\n|turn|6\n|\n|t:|1681752364\n|switch|p2a: Amoonguss|Amoonguss, L50, M|100\/100\n|-terastallize|p1a: Palafin|Water\n|move|p2b: Garchomp|Protect|p2b: Garchomp\n|-singleturn|p2b: Garchomp|Protect\n|move|p1a: Palafin|Jet Punch|p2b: Garchomp\n|-activate|p2b: Garchomp|move: Protect\n|move|p1b: Amoonguss|Pollen Puff|p1a: Palafin\n|-heal|p1a: Palafin|100\/100 par\n|\n|upkeep\n|turn|7\n|\n|t:|1681752385\n|switch|p2b: Gyarados|Gyarados, L50, M|100\/100\n|-ability|p2b: Gyarados|Intimidate|boost\n|-unboost|p1a: Palafin|atk|1\n|-unboost|p1b: Amoonguss|atk|1\n|switch|p2a: Scizor|Scizor, L50, F|100\/100\n|move|p1a: Palafin|Wave Crash|p2a: Scizor\n|-damage|p2a: Scizor|14\/100\n|-damage|p1a: Palafin|76\/100 par|[from] Recoil\n|cant|p1b: Amoonguss|par\n|\n|upkeep\n|turn|8\n|\n|t:|1681752415\n|switch|p2a: Amoonguss|Amoonguss, L50, M|100\/100\n|cant|p1a: Palafin|par\n|move|p2b: Gyarados|Waterfall|p1a: Palafin\n|-resisted|p1a: Palafin\n|-damage|p1a: Palafin|61\/100 par\n|cant|p1b: Amoonguss|par\n|\n|-end|p1b: Amoonguss|move: Taunt\n|upkeep\n|turn|9\n|\n|t:|1681752433\n|cant|p1b: Amoonguss|par\n|move|p2b: Gyarados|Taunt|p1b: Amoonguss\n|-start|p1b: Amoonguss|move: Taunt\n|move|p1a: Palafin|Wave Crash|p2a: Amoonguss\n|-resisted|p2a: Amoonguss\n|-damage|p2a: Amoonguss|65\/100\n|-damage|p1a: Palafin|48\/100 par|[from] Recoil\n|move|p2a: Amoonguss|Pollen Puff|p1a: Palafin\n|-damage|p1a: Palafin|29\/100 par\n|\n|upkeep\n|turn|10\n|\n|t:|1681752449\n|move|p2b: Gyarados|Waterfall|p1a: Palafin\n|-resisted|p1a: Palafin\n|-damage|p1a: Palafin|12\/100 par\n|move|p1a: Palafin|Wave Crash|p2b: Gyarados\n|-resisted|p2b: Gyarados\n|-damage|p2b: Gyarados|60\/100\n|-damage|p1a: Palafin|0 fnt|[from] Recoil\n|faint|p1a: Palafin\n|move|p2a: Amoonguss|Pollen Puff|p1b: Amoonguss\n|-damage|p1b: Amoonguss|86\/100 par\n|cant|p1b: Amoonguss|par\n|\n|upkeep\n|\n|t:|1681752461\n|switch|p1a: Flutter Mane|Flutter Mane, L50|100\/100\n|turn|11\n|\n|t:|1681752495\n|switch|p2b: Garchomp|Garchomp, L50, F, tera:Fire|73\/100\n|move|p1a: Flutter Mane|Shadow Ball|p2a: Amoonguss\n|-damage|p2a: Amoonguss|12\/100\n|-enditem|p2a: Amoonguss|Sitrus Berry|[eat]\n|-heal|p2a: Amoonguss|37\/100|[from] item: Sitrus Berry\n|move|p2a: Amoonguss|Spore|p1a: Flutter Mane\n|-status|p1a: Flutter Mane|slp|[from] move: Spore\n|move|p1b: Amoonguss|Pollen Puff|p2b: Garchomp\n|-resisted|p2b: Garchomp\n|-damage|p2b: Garchomp|62\/100\n|\n|upkeep\n|turn|12\n|\n|t:|1681752528\n|switch|p2a: Scizor|Scizor, L50, F|14\/100\n|cant|p1a: Flutter Mane|slp\n|move|p2b: Garchomp|Dragon Claw|p1b: Amoonguss\n|-damage|p1b: Amoonguss|48\/100 par\n|cant|p1b: Amoonguss|par\n|\n|-end|p1b: Amoonguss|move: Taunt\n|upkeep\n|turn|13\n|\n|t:|1681752549\n|switch|p2a: Amoonguss|Amoonguss, L50, M|70\/100\n|cant|p1a: Flutter Mane|slp\n|move|p2b: Garchomp|Dragon Claw|p1b: Amoonguss\n|-damage|p1b: Amoonguss|15\/100 par\n|-enditem|p1b: Amoonguss|Aguav Berry|[eat]\n|-heal|p1b: Amoonguss|48\/100 par|[from] item: Aguav Berry\n|move|p1b: Amoonguss|Spore|p2b: Garchomp\n|-status|p2b: Garchomp|slp|[from] move: Spore\n|\n|upkeep\n|turn|14\n|\n|t:|1681752580\n|move|p1b: Amoonguss|Rage Powder|p1b: Amoonguss\n|-singleturn|p1b: Amoonguss|move: Rage Powder\n|-curestatus|p1a: Flutter Mane|slp|[msg]\n|move|p1a: Flutter Mane|Shadow Ball|p2a: Amoonguss\n|-damage|p2a: Amoonguss|14\/100\n|cant|p2b: Garchomp|slp\n|move|p2a: Amoonguss|Pollen Puff|p1b: Amoonguss\n|-damage|p1b: Amoonguss|32\/100 par\n|\n|upkeep\n|turn|15\n|\n|t:|1681752599\n|switch|p2a: Gyarados|Gyarados, L50, M|60\/100\n|-ability|p2a: Gyarados|Intimidate|boost\n|-unboost|p1a: Flutter Mane|atk|1\n|-unboost|p1b: Amoonguss|atk|1\n|move|p1b: Amoonguss|Rage Powder|p1b: Amoonguss\n|-singleturn|p1b: Amoonguss|move: Rage Powder\n|move|p1a: Flutter Mane|Shadow Ball|p2b: Garchomp\n|-damage|p2b: Garchomp|0 fnt\n|faint|p2b: Garchomp\n|\n|upkeep\n|\n|t:|1681752611\n|switch|p2b: Amoonguss|Amoonguss, L50, M|47\/100\n|turn|16\n|\n|t:|1681752630\n|move|p1b: Amoonguss|Rage Powder|p1b: Amoonguss\n|-singleturn|p1b: Amoonguss|move: Rage Powder\n|move|p1a: Flutter Mane|Shadow Ball|p2a: Gyarados\n|-damage|p2a: Gyarados|8\/100\n|-enditem|p2a: Gyarados|Aguav Berry|[eat]\n|-heal|p2a: Gyarados|41\/100|[from] item: Aguav Berry\n|move|p2a: Gyarados|Taunt|p1b: Amoonguss\n|-start|p1b: Amoonguss|move: Taunt\n|move|p2b: Amoonguss|Spore|p1a: Flutter Mane\n|-status|p1a: Flutter Mane|slp|[from] move: Spore\n|\n|upkeep\n|turn|17\n|\n|t:|1681752668\n|switch|p2b: Scizor|Scizor, L50, F|14\/100\n|cant|p1a: Flutter Mane|slp\n|move|p2a: Gyarados|Waterfall|p1a: Flutter Mane\n|-damage|p1a: Flutter Mane|28\/100 slp\n|move|p1b: Amoonguss|Pollen Puff|p1a: Flutter Mane\n|-heal|p1a: Flutter Mane|78\/100 slp\n|\n|upkeep\n|turn|18\n|\n|t:|1681752682\n|move|p2b: Scizor|Bullet Punch|p1a: Flutter Mane\n|-supereffective|p1a: Flutter Mane\n|-damage|p1a: Flutter Mane|0 fnt\n|faint|p1a: Flutter Mane\n|-end|p1a: Flutter Mane|Protosynthesis|[silent]\n|move|p2a: Gyarados|Waterfall|p1b: Amoonguss\n|-resisted|p1b: Amoonguss\n|-damage|p1b: Amoonguss|16\/100 par\n|move|p1b: Amoonguss|Pollen Puff|p2a: Gyarados\n|-resisted|p2a: Gyarados\n|-damage|p2a: Gyarados|33\/100\n|\n|upkeep\n|turn|19\n|\n|t:|1681752695\n|move|p2b: Scizor|Bullet Punch|p1b: Amoonguss\n|-damage|p1b: Amoonguss|0 fnt\n|faint|p1b: Amoonguss\n|\n|win|felipeand_VGC\n|raw|Shnipe_Cizy's rating: 1346 → 1329<\/strong> (-17 for losing)\n|raw|felipeand_VGC's rating: 1399 → 1416<\/strong> (+17 for winning)\n|l|\u2606felipeand_VGC\n","uploadtime":1681752704,"views":18,"p1id":"shnipecizy","p2id":"felipeandvgc","formatid":"gen9vgc2023regulationc","rating":1329,"private":0,"password":""}