{"id":"gen9vgc2023regulationc-1857787709","p1":"Karmmaticjane","p2":"seismattersCORNER","format":"[Gen 9] VGC 2023 Regulation C","log":"|j|\u2606Karmmaticjane\n|j|\u2606seismattersCORNER\n|t:|1683231768\n|gametype|doubles\n|player|p1|Karmmaticjane|marley|1067\n|player|p2|seismattersCORNER|emmet|1096\n|teamsize|p1|6\n|teamsize|p2|6\n|gen|9\n|tier|[Gen 9] VGC 2023 Regulation C\n|rated|\n|rule|Species Clause: Limit one of each Pok\u00e9mon\n|rule|Item Clause: Limit one of each item\n|clearpoke\n|poke|p1|Tyranitar, L50, M|\n|poke|p1|Garchomp, L50, M|\n|poke|p1|Murkrow, L50, F|\n|poke|p1|Meowscarada, L50, F|\n|poke|p1|Flutter Mane, L50|\n|poke|p1|Arcanine, L50, M|\n|poke|p2|Palafin, L50, M|\n|poke|p2|Arcanine, L50, F|\n|poke|p2|Amoonguss, L50, M|\n|poke|p2|Flutter Mane, L50|\n|poke|p2|Baxcalibur, L50, M|\n|poke|p2|Kingambit, L50, F|\n|teampreview|4\nseismattersCORNER has agreed to open team sheets.\n|inactive|Battle timer is ON: inactive players will automatically lose when time's up. (requested by seismattersCORNER)\n|inactive|seismattersCORNER has 60 seconds left.\n|\n|t:|1683231826\n|start\n|switch|p1a: Murkrow|Murkrow, L50, F, shiny|100\/100\n|switch|p1b: Garchomp|Garchomp, L50, M|100\/100\n|switch|p2a: Palafin|Palafin, L50, M, shiny|100\/100\n|switch|p2b: Arcanine|Arcanine, L50, F|100\/100\n|-ability|p2b: Arcanine|Intimidate|boost\n|-unboost|p1a: Murkrow|atk|1\n|-unboost|p1b: Garchomp|atk|1\n|turn|1\n|\n|t:|1683231841\n|-terastallize|p1b: Garchomp|Ground\n|-terastallize|p2b: Arcanine|Flying\n|move|p2a: Palafin|Protect|p2a: Palafin\n|-singleturn|p2a: Palafin|Protect\n|move|p1a: Murkrow|Tailwind|p1a: Murkrow\n|-sidestart|p1: Karmmaticjane|move: Tailwind\n|move|p1b: Garchomp|Earthquake|p2a: Palafin|[spread] \n|-activate|p2a: Palafin|move: Protect\n|-immune|p1a: Murkrow\n|-immune|p2b: Arcanine\n|move|p2b: Arcanine|Will-O-Wisp|p1b: Garchomp\n|-status|p1b: Garchomp|brn\n|\n|-damage|p1b: Garchomp|95\/100 brn|[from] brn\n|upkeep\n|turn|2\n|\n|t:|1683231860\n|detailschange|p2a: Palafin|Palafin-Hero, L50, M, shiny\n|switch|p2a: Baxcalibur|Baxcalibur, L50, M|100\/100\n|move|p1a: Murkrow|Foul Play|p2a: Baxcalibur\n|-damage|p2a: Baxcalibur|46\/100\n|move|p1b: Garchomp|Earthquake|p2b: Arcanine|[spread] p2a\n|-immune|p1a: Murkrow\n|-immune|p2b: Arcanine\n|-damage|p2a: Baxcalibur|20\/100\n|move|p2b: Arcanine|Howl|p2b: Arcanine|[spread] p2a,p2b\n|-boost|p2a: Baxcalibur|atk|1\n|-boost|p2b: Arcanine|atk|1\n|\n|-damage|p1b: Garchomp|89\/100 brn|[from] brn\n|upkeep\n|turn|3\n|inactive|seismattersCORNER has 30 seconds left.\n|\n|t:|1683231892\n|move|p1a: Murkrow|Haze|p1a: Murkrow\n|-clearallboost\n|move|p2a: Baxcalibur|Ice Shard|p1a: Murkrow\n|-supereffective|p1a: Murkrow\n|-damage|p1a: Murkrow|30\/100\n|move|p1b: Garchomp|Earthquake|p2a: Baxcalibur|[spread] p2a\n|-immune|p1a: Murkrow\n|-immune|p2b: Arcanine\n|-damage|p2a: Baxcalibur|0 fnt\n|faint|p2a: Baxcalibur\n|move|p2b: Arcanine|Flare Blitz|p1b: Garchomp\n|-damage|p1b: Garchomp|37\/100 brn\n|-damage|p2b: Arcanine|83\/100|[from] Recoil\n|\n|-damage|p1b: Garchomp|31\/100 brn|[from] brn\n|upkeep\n|\n|t:|1683231905\n|switch|p2a: Palafin|Palafin-Hero, L50, M, shiny|100\/100\n|-activate|p2a: Palafin|ability: Zero to Hero\n|turn|4\n|\n|t:|1683231925\n|move|p2a: Palafin|Jet Punch|p1a: Murkrow\n|-damage|p1a: Murkrow|0 fnt\n|faint|p1a: Murkrow\n|move|p1b: Garchomp|Earthquake|p2a: Palafin|[spread] p2a\n|-immune|p2b: Arcanine\n|-damage|p2a: Palafin|64\/100\n|move|p2b: Arcanine|Howl|p2b: Arcanine|[spread] p2a,p2b\n|-boost|p2a: Palafin|atk|1\n|-boost|p2b: Arcanine|atk|1\n|\n|-damage|p1b: Garchomp|25\/100 brn|[from] brn\n|-sideend|p1: Karmmaticjane|move: Tailwind\n|upkeep\n|\n|t:|1683231938\n|switch|p1a: Arcanine|Arcanine, L50, M|100\/100\n|-ability|p1a: Arcanine|Intimidate|boost\n|-unboost|p2a: Palafin|atk|1\n|-unboost|p2b: Arcanine|atk|1\n|turn|5\n|\n|t:|1683231956\n|move|p1a: Arcanine|Protect|p1a: Arcanine\n|-singleturn|p1a: Arcanine|Protect\n|move|p2b: Arcanine|Extreme Speed|p1a: Arcanine\n|-activate|p1a: Arcanine|move: Protect\n|move|p2a: Palafin|Jet Punch|p1a: Arcanine\n|-activate|p1a: Arcanine|move: Protect\n|move|p1b: Garchomp|Earthquake|p2b: Arcanine|[spread] p2a\n|-activate|p1a: Arcanine|move: Protect\n|-immune|p2b: Arcanine\n|-damage|p2a: Palafin|27\/100\n|\n|-damage|p1b: Garchomp|20\/100 brn|[from] brn\n|upkeep\n|turn|6\n|inactive|Karmmaticjane has 30 seconds left.\n|\n|t:|1683231988\n|move|p1a: Arcanine|Protect||[still]\n|-fail|p1a: Arcanine\n|move|p2a: Palafin|Protect|p2a: Palafin\n|-singleturn|p2a: Palafin|Protect\n|move|p1b: Garchomp|Earthquake|p2b: Arcanine|[spread] p1a\n|-activate|p2a: Palafin|move: Protect\n|-immune|p2b: Arcanine\n|-supereffective|p1a: Arcanine\n|-damage|p1a: Arcanine|0 fnt\n|faint|p1a: Arcanine\n|move|p2b: Arcanine|Howl|p2b: Arcanine|[spread] p2a,p2b\n|-boost|p2a: Palafin|atk|1\n|-boost|p2b: Arcanine|atk|1\n|\n|-damage|p1b: Garchomp|14\/100 brn|[from] brn\n|upkeep\n|\n|t:|1683231993\n|switch|p1a: Flutter Mane|Flutter Mane, L50|100\/100\n|-enditem|p1a: Flutter Mane|Booster Energy\n|-activate|p1a: Flutter Mane|ability: Protosynthesis|[fromitem]\n|-start|p1a: Flutter Mane|protosynthesisspe\n|turn|7\n|\n|t:|1683232007\n|move|p1a: Flutter Mane|Protect|p1a: Flutter Mane\n|-singleturn|p1a: Flutter Mane|Protect\n|move|p2b: Arcanine|Extreme Speed|p1b: Garchomp\n|-damage|p1b: Garchomp|0 fnt\n|faint|p1b: Garchomp\n|move|p2a: Palafin|Jet Punch|p1a: Flutter Mane\n|-activate|p1a: Flutter Mane|move: Protect\n|\n|upkeep\n|turn|8\n|\n|t:|1683232017\n|move|p2a: Palafin|Jet Punch|p1a: Flutter Mane\n|-damage|p1a: Flutter Mane|0 fnt\n|faint|p1a: Flutter Mane\n|-end|p1a: Flutter Mane|Protosynthesis|[silent]\n|\n|win|seismattersCORNER\n|raw|Karmmaticjane's rating: 1067 → 1049<\/strong> (-18 for losing)\n|raw|seismattersCORNER's rating: 1096 → 1119<\/strong> (+23 for winning)\n|l|\u2606Karmmaticjane\n","uploadtime":1683232022,"views":7,"p1id":"karmmaticjane","p2id":"seismatterscorner","formatid":"gen9vgc2023regulationc","rating":1049,"private":0,"password":""}