{"id":"gen9vgc2023regulationc-1847922110","p1":"MigraineMan","p2":"MasterofMetapods5","format":"[Gen 9] VGC 2023 Regulation C","log":"|j|\u2606MigraineMan\n|j|\u2606MasterofMetapods5\n|t:|1682012910\n|gametype|doubles\n|player|p1|MigraineMan|101|1326\n|player|p2|MasterofMetapods5|lance|1400\n|teamsize|p1|6\n|teamsize|p2|6\n|gen|9\n|tier|[Gen 9] VGC 2023 Regulation C\n|rated|\n|rule|Species Clause: Limit one of each Pok\u00e9mon\n|rule|Item Clause: Limit one of each item\n|clearpoke\n|poke|p1|Flamigo, L50, F|\n|poke|p1|Chien-Pao, L50|\n|poke|p1|Palafin, L50, M|\n|poke|p1|Dragapult, L50, F|\n|poke|p1|Gyarados, L50, F|\n|poke|p1|Roaring Moon, L50|\n|poke|p2|Ting-Lu, L50|\n|poke|p2|Kingambit, L50, M|\n|poke|p2|Chien-Pao, L50|\n|poke|p2|Torkoal, L50, M|\n|poke|p2|Dondozo, L50, M|\n|poke|p2|Tatsugiri-Stretchy, L50, M|\n|teampreview|4\n|\n|t:|1682012938\n|start\n|switch|p1a: Flamigo|Flamigo, L50, F|100\/100\n|switch|p1b: Palafin|Palafin, L50, M|100\/100\n|switch|p2a: Kingambit|Kingambit, L50, M|100\/100\n|switch|p2b: Chien-Pao|Chien-Pao, L50|100\/100\n|-ability|p2b: Chien-Pao|Sword of Ruin\n|turn|1\n|\n|t:|1682012961\n|detailschange|p1b: Palafin|Palafin-Hero, L50, M\n|switch|p1b: Chien-Pao|Chien-Pao, L50|100\/100\n|-ability|p1b: Chien-Pao|Sword of Ruin\n|move|p1a: Flamigo|Close Combat|p2a: Kingambit\n|-supereffective|p2a: Kingambit\n|-damage|p2a: Kingambit|0 fnt\n|-unboost|p1a: Flamigo|def|1\n|-unboost|p1a: Flamigo|spd|1\n|faint|p2a: Kingambit\n|move|p2b: Chien-Pao|Sheer Cold|p1a: Flamigo\n|-damage|p1a: Flamigo|0 fnt\n|faint|p1a: Flamigo\n|-ohko\n|\n|upkeep\n|c|\u2606MigraineMan|Huh\n|\n|t:|1682012983\n|switch|p1a: Gyarados|Gyarados, L50, F, shiny|100\/100\n|switch|p2a: Dondozo|Dondozo, L50, M|100\/100\n|-ability|p1a: Gyarados|Intimidate|boost\n|-unboost|p2a: Dondozo|atk|1\n|-unboost|p2b: Chien-Pao|atk|1\n|turn|2\n|\n|t:|1682013008\n|switch|p1b: Palafin|Palafin-Hero, L50, M|100\/100\n|-activate|p1b: Palafin|ability: Zero to Hero\n|move|p2b: Chien-Pao|Sheer Cold|p1a: Gyarados\n|-damage|p1a: Gyarados|0 fnt\n|faint|p1a: Gyarados\n|-ohko\n|move|p2a: Dondozo|Fissure|p1b: Palafin|[miss]\n|-miss|p2a: Dondozo|p1b: Palafin\n|\n|upkeep\n|\n|t:|1682013015\n|switch|p1a: Chien-Pao|Chien-Pao, L50|100\/100\n|-ability|p1a: Chien-Pao|Sword of Ruin\n|turn|3\n|c|\u2606MigraineMan|Epic\n|\n|t:|1682013052\n|-terastallize|p1b: Palafin|Water\n|move|p1a: Chien-Pao|Protect|p1a: Chien-Pao\n|-singleturn|p1a: Chien-Pao|Protect\n|move|p1b: Palafin|Jet Punch|p2b: Chien-Pao\n|-damage|p2b: Chien-Pao|4\/100\n|move|p2b: Chien-Pao|Sheer Cold|p1b: Palafin|[miss]\n|-miss|p2b: Chien-Pao|p1b: Palafin\n|move|p2a: Dondozo|Fissure|p1b: Palafin|[miss]\n|-miss|p2a: Dondozo|p1b: Palafin\n|\n|upkeep\n|turn|4\n|\n|t:|1682013070\n|move|p1a: Chien-Pao|Sucker Punch|p2b: Chien-Pao\n|-resisted|p2b: Chien-Pao\n|-damage|p2b: Chien-Pao|0 fnt\n|faint|p2b: Chien-Pao\n|-damage|p1a: Chien-Pao|91\/100|[from] item: Life Orb\n|move|p1b: Palafin|Wave Crash|p2a: Dondozo\n|-resisted|p2a: Dondozo\n|-damage|p2a: Dondozo|44\/100\n|-damage|p1b: Palafin|78\/100|[from] Recoil\n|move|p2a: Dondozo|Fissure|p1a: Chien-Pao|[miss]\n|-miss|p2a: Dondozo|p1a: Chien-Pao\n|\n|-heal|p2a: Dondozo|50\/100|[from] item: Leftovers\n|upkeep\n|\n|t:|1682013073\n|switch|p2b: Tatsugiri|Tatsugiri-Stretchy, L50, M|100\/100\n|-activate|p2b: Tatsugiri|ability: Commander|[of] p2a: Dondozo\n|-boost|p2a: Dondozo|atk|2\n|-boost|p2a: Dondozo|spa|2\n|-boost|p2a: Dondozo|spe|2\n|-boost|p2a: Dondozo|def|2\n|-boost|p2a: Dondozo|spd|2\n|turn|5\n|\n|t:|1682013081\n|move|p1a: Chien-Pao|Sucker Punch|p2a: Dondozo\n|-damage|p2a: Dondozo|27\/100\n|-damage|p1a: Chien-Pao|81\/100|[from] item: Life Orb\n|move|p2a: Dondozo|Fissure|p1b: Palafin|[miss]\n|-miss|p2a: Dondozo|p1b: Palafin\n|move|p1b: Palafin|Haze|p1b: Palafin\n|-clearallboost\n|\n|-heal|p2a: Dondozo|33\/100|[from] item: Leftovers\n|upkeep\n|turn|6\n|\n|t:|1682013091\n|move|p2a: Dondozo|Protect|p2a: Dondozo\n|-singleturn|p2a: Dondozo|Protect\n|move|p1a: Chien-Pao|Sucker Punch||[still]\n|-fail|p1a: Chien-Pao\n|move|p1b: Palafin|Wave Crash|p2a: Dondozo\n|-activate|p2a: Dondozo|move: Protect\n|\n|-heal|p2a: Dondozo|40\/100|[from] item: Leftovers\n|upkeep\n|turn|7\n|\n|t:|1682013098\n|move|p1a: Chien-Pao|Sucker Punch|p2a: Dondozo\n|-damage|p2a: Dondozo|0 fnt\n|faint|p2a: Dondozo\n|-damage|p1a: Chien-Pao|71\/100|[from] item: Life Orb\n|move|p1b: Palafin|Wave Crash|p2b: Tatsugiri\n|-resisted|p2b: Tatsugiri\n|-damage|p2b: Tatsugiri|24\/100\n|-damage|p1b: Palafin|61\/100|[from] Recoil\n|\n|upkeep\n|turn|8\n|\n|t:|1682013104\n|move|p1a: Chien-Pao|Sucker Punch|p2b: Tatsugiri\n|-damage|p2b: Tatsugiri|0 fnt\n|faint|p2b: Tatsugiri\n|-damage|p1a: Chien-Pao|62\/100|[from] item: Life Orb\n|\n|win|MigraineMan\n|raw|MigraineMan's rating: 1326 → 1351<\/strong> (+25 for winning)\n|raw|MasterofMetapods5's rating: 1423 → 1398<\/strong> (-25 for losing)\n|l|\u2606MasterofMetapods5\n","uploadtime":1682013108,"views":16,"p1id":"migraineman","p2id":"masterofmetapods5","formatid":"gen9vgc2023regulationc","rating":1351,"private":0,"password":""}