{"id":"gen9vgc2023regulationc-1849480117","p1":"Omegateck","p2":"TStorm","format":"[Gen 9] VGC 2023 Regulation C","log":"|j|\u2606Omegateck\n|j|\u2606TStorm\n|t:|1682203377\n|gametype|doubles\n|player|p1|Omegateck|pokefan-gen4|\n|player|p2|TStorm|170|\n|teamsize|p1|6\n|teamsize|p2|6\n|gen|9\n|tier|[Gen 9] VGC 2023 Regulation C\n|rated|Tournament battle\n|rule|Species Clause: Limit one of each Pok\u00e9mon\n|rule|Item Clause: Limit one of each item\n|clearpoke\n|poke|p1|Chien-Pao, L50|\n|poke|p1|Azumarill, L50, F|\n|poke|p1|Amoonguss, L50, M|\n|poke|p1|Flutter Mane, L50|\n|poke|p1|Arcanine, L50, M|\n|poke|p1|Dragonite, L50, F|\n|poke|p2|Iron Bundle, L50|\n|poke|p2|Chi-Yu, L50|\n|poke|p2|Wo-Chien, L50|\n|poke|p2|Tatsugiri, L50, M|\n|poke|p2|Glimmora, L50, M|\n|poke|p2|Dondozo, L50, M|\n|teampreview|4\n|raw| Open Team Sheet for Omegateck<\/summary>Chien-Pao @ Focus Sash Ability: Sword of Ruin Level: 50 Tera Type: Fire - Ice Spinner - Sacred Sword - Sucker Punch - Protect Azumarill (F) @ Assault Vest Ability: Huge Power Level: 50 Tera Type: Water - Aqua Jet - Liquidation - Ice Spinner - Play Rough Amoonguss (M) @ Wiki Berry Ability: Regenerator Level: 50 Tera Type: Water - Spore - Rage Powder - Pollen Puff - Clear Smog Flutter Mane @ Booster Energy Ability: Protosynthesis Level: 50 Tera Type: Fairy - Shadow Ball - Dazzling Gleam - Calm Mind - Protect Arcanine (M) @ Sitrus Berry Ability: Intimidate Level: 50 Tera Type: Grass - Flare Blitz - Snarl - Will-O-Wisp - Protect Dragonite (F) @ Choice Band Ability: Multiscale Level: 50 Tera Type: Flying - Extreme Speed - Tera Blast - Stomping Tantrum - Dragon Claw <\/details><\/div> Open Team Sheet for TStorm<\/summary>Iron Bundle @ Booster Energy Ability: Quark Drive Level: 50 Tera Type: Ice - Freeze-Dry - Hydro Pump - Icy Wind - Protect Chi-Yu @ Choice Specs Ability: Beads of Ruin Level: 50 Tera Type: Grass - Heat Wave - Snarl - Dark Pulse - Tera Blast Wo-Chien @ Assault Vest Ability: Tablets of Ruin Level: 50 Tera Type: Poison - Giga Drain - Ruination - Pollen Puff - Foul Play Tatsugiri @ Choice Scarf Ability: Commander Level: 50 Shiny: Yes Tera Type: Water - Draco Meteor - Muddy Water - Icy Wind - Sleep Talk Glimmora @ Focus Sash Ability: Toxic Debris Level: 50 Tera Type: Grass - Mortal Spin - Power Gem - Toxic - Spiky Shield Dondozo @ Life Orb Ability: Unaware Level: 50 Tera Type: Grass - Wave Crash - Earthquake - Yawn - Protect <\/details><\/div>\n|j| 17th sylveon\n|j| daffarkfth\n|j| Somerandoguylol\n|j| Sibiiiiiii\n|l| Sibiiiiiii\n|inactive|Battle timer is ON: inactive players will automatically lose when time's up. (requested by Omegateck)\n|j| They34\n|j| chipp zanuff 7\n|l| chipp zanuff 7\n|inactive|TStorm has 60 seconds left.\n|inactive|TStorm has 30 seconds left.\n|\n|t:|1682203499\n|start\n|switch|p1a: Azumarill|Azumarill, L50, F|100\/100\n|switch|p1b: Flutter Mane|Flutter Mane, L50|100\/100\n|switch|p2a: Iron Bundle|Iron Bundle, L50|100\/100\n|switch|p2b: Wo-Chien|Wo-Chien, L50|100\/100\n|-ability|p2b: Wo-Chien|Tablets of Ruin\n|-enditem|p2a: Iron Bundle|Booster Energy\n|-activate|p2a: Iron Bundle|ability: Quark Drive|[fromitem]\n|-start|p2a: Iron Bundle|quarkdrivespe\n|-enditem|p1b: Flutter Mane|Booster Energy\n|-activate|p1b: Flutter Mane|ability: Protosynthesis|[fromitem]\n|-start|p1b: Flutter Mane|protosynthesisspa\n|turn|1\n|j| Jrdog\n|inactive|Omegateck has 30 seconds left.\n|inactive|TStorm has 30 seconds left.\n|inactive|Omegateck has 20 seconds left.\n|inactive|TStorm has 20 seconds left.\n|inactive|Omegateck has 15 seconds left.\n|inactive|Omegateck has 10 seconds left.\n|\n|t:|1682203545\n|-terastallize|p1b: Flutter Mane|Fairy\n|-terastallize|p2b: Wo-Chien|Poison\n|move|p2a: Iron Bundle|Protect|p2a: Iron Bundle\n|-singleturn|p2a: Iron Bundle|Protect\n|move|p1b: Flutter Mane|Dazzling Gleam|p2a: Iron Bundle|[spread] p2b\n|-activate|p2a: Iron Bundle|move: Protect\n|-resisted|p2b: Wo-Chien\n|-damage|p2b: Wo-Chien|91\/100\n|move|p2b: Wo-Chien|Ruination|p1b: Flutter Mane|[miss]\n|-miss|p2b: Wo-Chien|p1b: Flutter Mane\n|move|p1a: Azumarill|Play Rough|p2a: Iron Bundle\n|-activate|p2a: Iron Bundle|move: Protect\n|\n|upkeep\n|turn|2\n|l| Jrdog\n|inactive|TStorm has 30 seconds left.\n|inactive|TStorm has 20 seconds left.\n|\n|t:|1682203582\n|-end|p2a: Iron Bundle|Quark Drive|[silent]\n|switch|p2a: Dondozo|Dondozo, L50, M|100\/100\n|move|p1b: Flutter Mane|Dazzling Gleam|p2b: Wo-Chien|[spread] p2a,p2b\n|-resisted|p2b: Wo-Chien\n|-damage|p2a: Dondozo|51\/100\n|-damage|p2b: Wo-Chien|81\/100\n|move|p2b: Wo-Chien|Ruination|p1b: Flutter Mane\n|-damage|p1b: Flutter Mane|50\/100\n|move|p1a: Azumarill|Play Rough|p2a: Dondozo\n|-damage|p2a: Dondozo|32\/100\n|\n|upkeep\n|turn|3\n|l| daffarkfth\n|\n|t:|1682203599\n|switch|p1a: Amoonguss|Amoonguss, L50, M|100\/100\n|move|p1b: Flutter Mane|Protect|p1b: Flutter Mane\n|-singleturn|p1b: Flutter Mane|Protect\n|move|p2a: Dondozo|Protect|p2a: Dondozo\n|-singleturn|p2a: Dondozo|Protect\n|move|p2b: Wo-Chien|Giga Drain|p1b: Flutter Mane\n|-activate|p1b: Flutter Mane|move: Protect\n|\n|upkeep\n|turn|4\n|inactive|Omegateck has 30 seconds left.\n|\n|t:|1682203627\n|-end|p1b: Flutter Mane|Protosynthesis|[silent]\n|switch|p1b: Arcanine|Arcanine, L50, M|100\/100\n|-ability|p1b: Arcanine|Intimidate|boost\n|-unboost|p2a: Dondozo|atk|1\n|-unboost|p2b: Wo-Chien|atk|1\n|move|p2b: Wo-Chien|Giga Drain|p1b: Arcanine\n|-resisted|p1b: Arcanine\n|-damage|p1b: Arcanine|90\/100\n|-heal|p2b: Wo-Chien|87\/100|[from] drain|[of] p1b: Arcanine\n|move|p2a: Dondozo|Yawn|p1a: Amoonguss\n|-start|p1a: Amoonguss|move: Yawn|[of] p2a: Dondozo\n|move|p1a: Amoonguss|Spore|p2a: Dondozo\n|-status|p2a: Dondozo|slp|[from] move: Spore\n|\n|upkeep\n|turn|5\n|\n|t:|1682203650\n|switch|p1a: Azumarill|Azumarill, L50, F|100\/100\n|move|p1b: Arcanine|Will-O-Wisp|p2b: Wo-Chien\n|-status|p2b: Wo-Chien|brn\n|move|p2b: Wo-Chien|Foul Play|p1b: Arcanine\n|-damage|p1b: Arcanine|72\/100\n|cant|p2a: Dondozo|slp\n|\n|-damage|p2b: Wo-Chien|81\/100 brn|[from] brn\n|upkeep\n|turn|6\n|l| 17th sylveon\n|\n|t:|1682203663\n|switch|p1b: Amoonguss|Amoonguss, L50, M|100\/100\n|move|p2b: Wo-Chien|Giga Drain|p1a: Azumarill\n|-supereffective|p1a: Azumarill\n|-damage|p1a: Azumarill|65\/100\n|-heal|p2b: Wo-Chien|99\/100 brn|[from] drain|[of] p1a: Azumarill\n|move|p1a: Azumarill|Liquidation|p2b: Wo-Chien\n|-damage|p2b: Wo-Chien|68\/100 brn\n|-curestatus|p2a: Dondozo|slp|[msg]\n|move|p2a: Dondozo|Yawn|p1a: Azumarill\n|-start|p1a: Azumarill|move: Yawn|[of] p2a: Dondozo\n|\n|-damage|p2b: Wo-Chien|62\/100 brn|[from] brn\n|upkeep\n|turn|7\n|j| idontknow25\n|\n|t:|1682203682\n|switch|p1a: Arcanine|Arcanine, L50, M|72\/100\n|-ability|p1a: Arcanine|Intimidate|boost\n|-unboost|p2a: Dondozo|atk|1\n|-unboost|p2b: Wo-Chien|atk|1\n|move|p2b: Wo-Chien|Giga Drain|p1a: Arcanine\n|-resisted|p1a: Arcanine\n|-damage|p1a: Arcanine|60\/100\n|-heal|p2b: Wo-Chien|68\/100 brn|[from] drain|[of] p1a: Arcanine\n|move|p2a: Dondozo|Yawn|p1b: Amoonguss\n|-start|p1b: Amoonguss|move: Yawn|[of] p2a: Dondozo\n|move|p1b: Amoonguss|Spore|p2a: Dondozo\n|-status|p2a: Dondozo|slp|[from] move: Spore\n|\n|-damage|p2b: Wo-Chien|62\/100 brn|[from] brn\n|upkeep\n|turn|8\n|\n|t:|1682203703\n|switch|p2a: Iron Bundle|Iron Bundle, L50|100\/100\n|move|p1a: Arcanine|Flare Blitz|p2b: Wo-Chien\n|-damage|p2b: Wo-Chien|35\/100 brn\n|-damage|p1a: Arcanine|52\/100|[from] Recoil\n|move|p2b: Wo-Chien|Ruination|p1a: Arcanine\n|-damage|p1a: Arcanine|26\/100\n|-enditem|p1a: Arcanine|Sitrus Berry|[eat]\n|-heal|p1a: Arcanine|51\/100|[from] item: Sitrus Berry\n|move|p1b: Amoonguss|Pollen Puff|p1a: Arcanine\n|-heal|p1a: Arcanine|100\/100\n|\n|-damage|p2b: Wo-Chien|29\/100 brn|[from] brn\n|-end|p1b: Amoonguss|move: Yawn|[silent]\n|-status|p1b: Amoonguss|slp\n|upkeep\n|turn|9\n|\n|t:|1682203722\n|switch|p2b: Chi-Yu|Chi-Yu, L50|100\/100\n|-ability|p2b: Chi-Yu|Beads of Ruin\n|move|p1a: Arcanine|Protect|p1a: Arcanine\n|-singleturn|p1a: Arcanine|Protect\n|move|p2a: Iron Bundle|Hydro Pump|p1a: Arcanine\n|-activate|p1a: Arcanine|move: Protect\n|cant|p1b: Amoonguss|slp\n|\n|upkeep\n|turn|10\n|\n|t:|1682203737\n|switch|p1a: Azumarill|Azumarill, L50, F|65\/100\n|move|p2a: Iron Bundle|Hydro Pump|p1a: Azumarill\n|-resisted|p1a: Azumarill\n|-damage|p1a: Azumarill|39\/100\n|move|p2b: Chi-Yu|Heat Wave|p1b: Amoonguss|[spread] p1a,p1b\n|-resisted|p1a: Azumarill\n|-supereffective|p1b: Amoonguss\n|-damage|p1a: Azumarill|12\/100\n|-damage|p1b: Amoonguss|0 fnt\n|faint|p1b: Amoonguss\n|\n|upkeep\n|l| Somerandoguylol\n|j| albocampion\n|\n|t:|1682203751\n|switch|p1b: Flutter Mane|Flutter Mane, L50, tera:Fairy|50\/100\n|turn|11\n|\n|t:|1682203758\n|switch|p2b: Wo-Chien|Wo-Chien, L50, tera:Poison|29\/100 brn\n|-ability|p2b: Wo-Chien|Tablets of Ruin\n|move|p2a: Iron Bundle|Protect|p2a: Iron Bundle\n|-singleturn|p2a: Iron Bundle|Protect\n|move|p1a: Azumarill|Aqua Jet|p2b: Wo-Chien\n|-damage|p2b: Wo-Chien|13\/100 brn\n|move|p1b: Flutter Mane|Dazzling Gleam|p2a: Iron Bundle|[spread] p2b\n|-activate|p2a: Iron Bundle|move: Protect\n|-resisted|p2b: Wo-Chien\n|-damage|p2b: Wo-Chien|6\/100 brn\n|\n|-damage|p2b: Wo-Chien|0 fnt|[from] brn\n|faint|p2b: Wo-Chien\n|upkeep\n|\n|t:|1682203770\n|switch|p2b: Chi-Yu|Chi-Yu, L50|100\/100\n|-ability|p2b: Chi-Yu|Beads of Ruin\n|turn|12\n|\n|t:|1682203783\n|switch|p1a: Arcanine|Arcanine, L50, M|100\/100\n|-ability|p1a: Arcanine|Intimidate|boost\n|-unboost|p2a: Iron Bundle|atk|1\n|-unboost|p2b: Chi-Yu|atk|1\n|move|p2a: Iron Bundle|Hydro Pump|p1b: Flutter Mane\n|-damage|p1b: Flutter Mane|0 fnt\n|faint|p1b: Flutter Mane\n|-end|p1b: Flutter Mane|Protosynthesis|[silent]\n|move|p2b: Chi-Yu|Dark Pulse|p1a: Arcanine\n|-damage|p1a: Arcanine|21\/100\n|\n|upkeep\n|\n|t:|1682203791\n|switch|p1b: Azumarill|Azumarill, L50, F|12\/100\n|turn|13\n|l| idontknow25\n|\n|t:|1682203806\n|move|p1b: Azumarill|Aqua Jet|p2b: Chi-Yu\n|-supereffective|p2b: Chi-Yu\n|-damage|p2b: Chi-Yu|20\/100\n|move|p2a: Iron Bundle|Freeze-Dry|p1b: Azumarill\n|-supereffective|p1b: Azumarill\n|-damage|p1b: Azumarill|0 fnt\n|faint|p1b: Azumarill\n|move|p2b: Chi-Yu|Dark Pulse|p1a: Arcanine\n|-damage|p1a: Arcanine|0 fnt\n|faint|p1a: Arcanine\n|\n|win|TStorm\n|n|\u2606Omegateck|omegateck\n|n|\u2606TStorm|tstorm\n|n| They34|they34\n|n| albocampion|albocampion\n","uploadtime":1682203807,"views":3,"p1id":"omegateck","p2id":"tstorm","formatid":"gen9vgc2023regulationc","rating":0,"private":0,"password":""}