{"id":"gen9vgc2023regulationc-1851566775","p1":"dumbass9","p2":"totempancho","format":"[Gen 9] VGC 2023 Regulation C","log":"|j|\u2606dumbass9\n|j|\u2606totempancho\n|t:|1682456381\n|gametype|doubles\n|player|p1|dumbass9|guitarist|1000\n|player|p2|totempancho|medium|1057\n|teamsize|p1|6\n|teamsize|p2|6\n|gen|9\n|tier|[Gen 9] VGC 2023 Regulation C\n|rated|\n|rule|Species Clause: Limit one of each Pok\u00e9mon\n|rule|Item Clause: Limit one of each item\n|clearpoke\n|poke|p1|Tyranitar, L50, M|\n|poke|p1|Bronzong, L50|\n|poke|p1|Garganacl, L50, F|\n|poke|p1|Ting-Lu, L50|\n|poke|p1|Kingambit, L50, M|\n|poke|p1|Gastrodon, L50, M|\n|poke|p2|Vespiquen, L50, F|\n|poke|p2|Maushold-Four, L50|\n|poke|p2|Jigglypuff, L50, M|\n|poke|p2|Iron Moth, L50|\n|poke|p2|Oranguru, L50, F|\n|poke|p2|Alomomola, L50, F|\n|teampreview|4\n|c|\u2606dumbass9|glhf\n|\n|t:|1682456397\n|start\n|switch|p1a: Tyranitar|Tyranitar, L50, M|100\/100\n|switch|p1b: Bronzong|Bronzong, L50|100\/100\n|switch|p2a: Vespiquen|Vespiquen, L50, F|100\/100\n|switch|p2b: Maushold|Maushold-Four, L50|100\/100\n|-ability|p2a: Vespiquen|Unnerve\n|-weather|Sandstorm|[from] ability: Sand Stream|[of] p1a: Tyranitar\n|turn|1\n|inactive|Battle timer is ON: inactive players will automatically lose when time's up. (requested by totempancho)\n|\n|t:|1682456419\n|-terastallize|p2a: Vespiquen|Dark\n|move|p1a: Tyranitar|Protect|p1a: Tyranitar\n|-singleturn|p1a: Tyranitar|Protect\n|move|p2b: Maushold|Super Fang|p1a: Tyranitar\n|-activate|p1a: Tyranitar|move: Protect\n|move|p2a: Vespiquen|Defend Order|p2a: Vespiquen\n|-boost|p2a: Vespiquen|def|1\n|-boost|p2a: Vespiquen|spd|1\n|move|p1b: Bronzong|Trick Room|p1b: Bronzong\n|-fieldstart|move: Trick Room|[of] p1b: Bronzong\n|\n|-weather|Sandstorm|[upkeep]\n|-damage|p2a: Vespiquen|94\/100|[from] Sandstorm\n|-heal|p2a: Vespiquen|100\/100|[from] item: Leftovers\n|upkeep\n|turn|2\n|\n|t:|1682456439\n|move|p2b: Maushold|Follow Me|p2b: Maushold\n|-singleturn|p2b: Maushold|move: Follow Me\n|move|p1b: Bronzong|Gyro Ball|p2b: Maushold\n|-damage|p2b: Maushold|69\/100\n|move|p1a: Tyranitar|Rock Slide|p2b: Maushold|[spread] p2a,p2b\n|-damage|p2a: Vespiquen|79\/100\n|-damage|p2b: Maushold|28\/100\n|-damage|p1a: Tyranitar|91\/100|[from] item: Life Orb\n|move|p2a: Vespiquen|Defend Order|p2a: Vespiquen\n|-boost|p2a: Vespiquen|def|1\n|-boost|p2a: Vespiquen|spd|1\n|\n|-weather|Sandstorm|[upkeep]\n|-damage|p2a: Vespiquen|73\/100|[from] Sandstorm\n|-heal|p2a: Vespiquen|79\/100|[from] item: Leftovers\n|upkeep\n|turn|3\n|\n|t:|1682456460\n|switch|p2b: Alomomola|Alomomola, L50, F|100\/100\n|move|p1b: Bronzong|Gyro Ball|p2b: Alomomola\n|-resisted|p2b: Alomomola\n|-damage|p2b: Alomomola|92\/100\n|move|p1a: Tyranitar|Rock Slide|p2b: Alomomola|[spread] p2a,p2b\n|-damage|p2a: Vespiquen|57\/100\n|-damage|p2b: Alomomola|59\/100\n|-damage|p1a: Tyranitar|81\/100|[from] item: Life Orb\n|move|p2a: Vespiquen|Toxic|p1a: Tyranitar\n|-status|p1a: Tyranitar|tox\n|\n|-weather|Sandstorm|[upkeep]\n|-damage|p2a: Vespiquen|51\/100|[from] Sandstorm\n|-damage|p2b: Alomomola|53\/100|[from] Sandstorm\n|-heal|p2a: Vespiquen|57\/100|[from] item: Leftovers\n|-damage|p1a: Tyranitar|75\/100 tox|[from] psn\n|upkeep\n|turn|4\n|\n|t:|1682456481\n|move|p1b: Bronzong|Ice Spinner|p2a: Vespiquen\n|-damage|p2a: Vespiquen|48\/100\n|move|p1a: Tyranitar|Rock Slide|p2b: Alomomola|[spread] p2a,p2b\n|-damage|p2a: Vespiquen|28\/100\n|-damage|p2b: Alomomola|20\/100\n|-enditem|p2b: Alomomola|Wiki Berry|[eat]\n|-heal|p2b: Alomomola|53\/100|[from] item: Wiki Berry\n|-start|p2b: Alomomola|confusion\n|-damage|p1a: Tyranitar|66\/100 tox|[from] item: Life Orb\n|move|p2a: Vespiquen|Roost|p2a: Vespiquen\n|-heal|p2a: Vespiquen|78\/100\n|cant|p2b: Alomomola|flinch\n|\n|-weather|Sandstorm|[upkeep]\n|-damage|p2a: Vespiquen|72\/100|[from] Sandstorm\n|-damage|p2b: Alomomola|46\/100|[from] Sandstorm\n|-heal|p2a: Vespiquen|78\/100|[from] item: Leftovers\n|-damage|p1a: Tyranitar|54\/100 tox|[from] psn\n|upkeep\n|turn|5\n|\n|t:|1682456503\n|switch|p1b: Kingambit|Kingambit, L50, M|100\/100\n|switch|p1a: Ting-Lu|Ting-Lu, L50|100\/100\n|-ability|p1a: Ting-Lu|Vessel of Ruin\n|move|p2a: Vespiquen|Protect|p2a: Vespiquen\n|-singleturn|p2a: Vespiquen|Protect\n|-activate|p2b: Alomomola|confusion\n|move|p2b: Alomomola|Soak|p1b: Kingambit\n|-start|p1b: Kingambit|typechange|Water\n|\n|-weather|none\n|-heal|p2a: Vespiquen|85\/100|[from] item: Leftovers\n|-fieldend|move: Trick Room\n|upkeep\n|turn|6\n|inactive|totempancho has 30 seconds left.\n|inactive|totempancho has 20 seconds left.\n|\n|t:|1682456543\n|switch|p2b: Maushold|Maushold-Four, L50|28\/100\n|move|p1b: Kingambit|Brick Break|p2a: Vespiquen\n|-supereffective|p2a: Vespiquen\n|-damage|p2a: Vespiquen|63\/100\n|move|p2a: Vespiquen|Toxic|p1a: Ting-Lu\n|-status|p1a: Ting-Lu|tox\n|move|p1a: Ting-Lu|Ruination|p2a: Vespiquen\n|-damage|p2a: Vespiquen|32\/100\n|\n|-heal|p2a: Vespiquen|38\/100|[from] item: Leftovers\n|-damage|p1a: Ting-Lu|94\/100 tox|[from] psn\n|upkeep\n|turn|7\n|\n|t:|1682456562\n|move|p2b: Maushold|Follow Me|p2b: Maushold\n|-singleturn|p2b: Maushold|move: Follow Me\n|move|p1b: Kingambit|Brick Break|p2b: Maushold\n|-supereffective|p2b: Maushold\n|-damage|p2b: Maushold|0 fnt\n|faint|p2b: Maushold\n|move|p2a: Vespiquen|Toxic|p1b: Kingambit\n|-status|p1b: Kingambit|tox\n|move|p1a: Ting-Lu|Heavy Slam|p2a: Vespiquen\n|-damage|p2a: Vespiquen|24\/100\n|\n|-heal|p2a: Vespiquen|30\/100|[from] item: Leftovers\n|-damage|p1b: Kingambit|95\/100 tox|[from] psn\n|-damage|p1a: Ting-Lu|82\/100 tox|[from] psn\n|upkeep\n|\n|t:|1682456576\n|switch|p2b: Iron Moth|Iron Moth, L50|100\/100\n|-enditem|p2b: Iron Moth|Booster Energy\n|-activate|p2b: Iron Moth|ability: Quark Drive|[fromitem]\n|-start|p2b: Iron Moth|quarkdrivespe\n|turn|8\n|\n|t:|1682456591\n|move|p2a: Vespiquen|Protect|p2a: Vespiquen\n|-singleturn|p2a: Vespiquen|Protect\n|move|p2b: Iron Moth|Energy Ball|p1a: Ting-Lu\n|-supereffective|p1a: Ting-Lu\n|-damage|p1a: Ting-Lu|46\/100 tox\n|move|p1b: Kingambit|Brick Break|p2a: Vespiquen\n|-activate|p2a: Vespiquen|move: Protect\n|move|p1a: Ting-Lu|Stomping Tantrum|p2b: Iron Moth\n|-supereffective|p2b: Iron Moth\n|-damage|p2b: Iron Moth|0 fnt\n|faint|p2b: Iron Moth\n|-end|p2b: Iron Moth|Quark Drive|[silent]\n|\n|-heal|p2a: Vespiquen|36\/100|[from] item: Leftovers\n|-damage|p1b: Kingambit|83\/100 tox|[from] psn\n|-damage|p1a: Ting-Lu|28\/100 tox|[from] psn\n|upkeep\n|\n|t:|1682456606\n|switch|p2b: Alomomola|Alomomola, L50, F|80\/100\n|turn|9\n|\n|t:|1682456622\n|move|p2b: Alomomola|Aqua Jet|p1a: Ting-Lu\n|-supereffective|p1a: Ting-Lu\n|-damage|p1a: Ting-Lu|19\/100 tox\n|-damage|p2b: Alomomola|63\/100|[from] item: Rocky Helmet|[of] p1a: Ting-Lu\n|move|p1b: Kingambit|Brick Break|p2a: Vespiquen\n|-supereffective|p2a: Vespiquen\n|-damage|p2a: Vespiquen|4\/100\n|move|p2a: Vespiquen|Roost|p2a: Vespiquen\n|-heal|p2a: Vespiquen|55\/100\n|move|p1a: Ting-Lu|Heavy Slam|p2a: Vespiquen\n|-damage|p2a: Vespiquen|39\/100\n|\n|-heal|p2a: Vespiquen|46\/100|[from] item: Leftovers\n|-damage|p1b: Kingambit|66\/100 tox|[from] psn\n|-damage|p1a: Ting-Lu|0 fnt|[from] psn\n|faint|p1a: Ting-Lu\n|upkeep\n|\n|t:|1682456631\n|switch|p1a: Tyranitar|Tyranitar, L50, M|54\/100 tox\n|-weather|Sandstorm|[from] ability: Sand Stream|[of] p1a: Tyranitar\n|turn|10\n|\n|t:|1682456651\n|move|p2b: Alomomola|Protect|p2b: Alomomola\n|-singleturn|p2b: Alomomola|Protect\n|move|p2a: Vespiquen|Protect|p2a: Vespiquen\n|-singleturn|p2a: Vespiquen|Protect\n|move|p1b: Kingambit|Brick Break|p2a: Vespiquen\n|-activate|p2a: Vespiquen|move: Protect\n|move|p1a: Tyranitar|Rock Slide|p2a: Vespiquen|[spread] \n|-activate|p2a: Vespiquen|move: Protect\n|-activate|p2b: Alomomola|move: Protect\n|\n|-weather|Sandstorm|[upkeep]\n|-damage|p2b: Alomomola|57\/100|[from] Sandstorm\n|-damage|p1b: Kingambit|60\/100 tox|[from] Sandstorm\n|-damage|p2a: Vespiquen|39\/100|[from] Sandstorm\n|-heal|p2a: Vespiquen|46\/100|[from] item: Leftovers\n|-damage|p1b: Kingambit|37\/100 tox|[from] psn\n|-damage|p1a: Tyranitar|48\/100 tox|[from] psn\n|upkeep\n|turn|11\n|\n|t:|1682456670\n|move|p2b: Alomomola|Aqua Jet|p1a: Tyranitar\n|-supereffective|p1a: Tyranitar\n|-damage|p1a: Tyranitar|31\/100 tox\n|move|p1b: Kingambit|Brick Break|p2a: Vespiquen\n|-supereffective|p2a: Vespiquen\n|-damage|p2a: Vespiquen|16\/100\n|move|p2a: Vespiquen|Roost|p2a: Vespiquen\n|-heal|p2a: Vespiquen|67\/100\n|move|p1a: Tyranitar|Rock Slide|p2b: Alomomola|[spread] p2a,p2b\n|-damage|p2a: Vespiquen|47\/100\n|-damage|p2b: Alomomola|25\/100\n|-damage|p1a: Tyranitar|21\/100 tox|[from] item: Life Orb\n|\n|-weather|Sandstorm|[upkeep]\n|-damage|p2b: Alomomola|19\/100|[from] Sandstorm\n|-damage|p1b: Kingambit|31\/100 tox|[from] Sandstorm\n|-damage|p2a: Vespiquen|41\/100|[from] Sandstorm\n|-heal|p2a: Vespiquen|47\/100|[from] item: Leftovers\n|-damage|p1b: Kingambit|2\/100 tox|[from] psn\n|-damage|p1a: Tyranitar|10\/100 tox|[from] psn\n|upkeep\n|turn|12\n|inactive|dumbass9 has 30 seconds left.\n|\n|t:|1682456700\n|switch|p1a: Bronzong|Bronzong, L50|100\/100\n|move|p2b: Alomomola|Protect|p2b: Alomomola\n|-singleturn|p2b: Alomomola|Protect\n|move|p2a: Vespiquen|Protect|p2a: Vespiquen\n|-singleturn|p2a: Vespiquen|Protect\n|move|p1b: Kingambit|Brick Break|p2a: Vespiquen\n|-activate|p2a: Vespiquen|move: Protect\n|\n|-weather|Sandstorm|[upkeep]\n|-damage|p2b: Alomomola|13\/100|[from] Sandstorm\n|-damage|p1b: Kingambit|0 fnt|[from] Sandstorm\n|-damage|p2a: Vespiquen|41\/100|[from] Sandstorm\n|faint|p1b: Kingambit\n|-end|p1b: Kingambit|fallenundefined|[silent]\n|-heal|p2a: Vespiquen|47\/100|[from] item: Leftovers\n|upkeep\n|\n|t:|1682456706\n|switch|p1b: Tyranitar|Tyranitar, L50, M|10\/100 tox\n|turn|13\n|\n|t:|1682456724\n|move|p1b: Tyranitar|Protect|p1b: Tyranitar\n|-singleturn|p1b: Tyranitar|Protect\n|move|p2b: Alomomola|Soak|p1a: Bronzong\n|-start|p1a: Bronzong|typechange|Water\n|move|p2a: Vespiquen|Roost|p2a: Vespiquen\n|-heal|p2a: Vespiquen|97\/100\n|move|p1a: Bronzong|Trick Room|p1a: Bronzong\n|-fieldstart|move: Trick Room|[of] p1a: Bronzong\n|\n|-weather|Sandstorm|[upkeep]\n|-damage|p1a: Bronzong|95\/100|[from] Sandstorm\n|-damage|p2a: Vespiquen|91\/100|[from] Sandstorm\n|-damage|p2b: Alomomola|6\/100|[from] Sandstorm\n|-heal|p2a: Vespiquen|97\/100|[from] item: Leftovers\n|-damage|p1b: Tyranitar|4\/100 tox|[from] psn\n|upkeep\n|turn|14\n|\n|t:|1682456743\n|move|p2b: Alomomola|Aqua Jet|p1b: Tyranitar\n|-supereffective|p1b: Tyranitar\n|-damage|p1b: Tyranitar|0 fnt\n|faint|p1b: Tyranitar\n|move|p1a: Bronzong|Ice Spinner|p2a: Vespiquen\n|-damage|p2a: Vespiquen|89\/100\n|move|p2a: Vespiquen|Toxic|p1a: Bronzong\n|-status|p1a: Bronzong|tox\n|\n|-weather|none\n|-heal|p2a: Vespiquen|95\/100|[from] item: Leftovers\n|-damage|p1a: Bronzong|89\/100 tox|[from] psn\n|upkeep\n|turn|15\n|-message|dumbass9 forfeited.\n|\n|win|totempancho\n|raw|dumbass9's rating: 1000 → 1000<\/strong> (+0 for losing)\n|raw|totempancho's rating: 1057 → 1083<\/strong> (+26 for winning)\n|l|\u2606dumbass9\n","uploadtime":1682456757,"views":7,"p1id":"dumbass9","p2id":"totempancho","formatid":"gen9vgc2023regulationc","rating":1000,"private":0,"password":""}