{"id":"gen9vgc2023regulationc-1849668936","p1":"Felon Degeneres","p2":"b(R)2","format":"[Gen 9] VGC 2023 Regulation C","log":"|j|\u2606Felon Degeneres\n|j|\u2606b(R)2\n|t:|1682228956\n|gametype|doubles\n|player|p1|Felon Degeneres|rocketgruntf|1271\n|player|p2|b(R)2|101|1379\n|teamsize|p1|6\n|teamsize|p2|6\n|gen|9\n|tier|[Gen 9] VGC 2023 Regulation C\n|rated|\n|rule|Species Clause: Limit one of each Pok\u00e9mon\n|rule|Item Clause: Limit one of each item\n|clearpoke\n|poke|p1|Pelipper, L50, F|\n|poke|p1|Floatzel, L50, M|\n|poke|p1|Meowscarada, L50, M|\n|poke|p1|Volcarona, L50, F|\n|poke|p1|Scizor, L50, F|\n|poke|p1|Vaporeon, L50, M|\n|poke|p2|Tatsugiri-Stretchy, L50, M|\n|poke|p2|Chi-Yu, L50|\n|poke|p2|Arcanine, L50, M|\n|poke|p2|Dondozo, L50, M|\n|poke|p2|Amoonguss, L50, F|\n|poke|p2|Flutter Mane, L50|\n|teampreview|4\nb(R)2 rejected open team sheets.\n|\n|t:|1682229035\n|start\n|switch|p1a: Pelipper|Pelipper, L50, F|100\/100\n|switch|p1b: Floatzel|Floatzel, L50, M|100\/100\n|switch|p2a: Dondozo|Dondozo, L50, M|100\/100\n|switch|p2b: Arcanine|Arcanine, L50, M|100\/100\n|-ability|p2b: Arcanine|Intimidate|boost\n|-unboost|p1a: Pelipper|atk|1\n|-unboost|p1b: Floatzel|atk|1\n|-weather|RainDance|[from] ability: Drizzle|[of] p1a: Pelipper\n|turn|1\n|inactive|Battle timer is ON: inactive players will automatically lose when time's up. (requested by Felon Degeneres)\n|\n|t:|1682229063\n|switch|p2b: Tatsugiri|Tatsugiri-Stretchy, L50, M|100\/100\n|move|p1b: Floatzel|Protect|p1b: Floatzel\n|-singleturn|p1b: Floatzel|Protect\n|move|p1a: Pelipper|Tailwind|p1a: Pelipper\n|-sidestart|p1: Felon Degeneres|move: Tailwind\n|move|p2a: Dondozo|Yawn|p1b: Floatzel\n|-activate|p1b: Floatzel|move: Protect\n|\n|-weather|RainDance|[upkeep]\n|upkeep\n|turn|2\n|inactive|Felon Degeneres has 30 seconds left.\n|inactive|Felon Degeneres has 20 seconds left.\n|inactive|Felon Degeneres has 15 seconds left.\n|\n|t:|1682229106\n|switch|p1b: Vaporeon|Vaporeon, L50, M|100\/100\n|move|p2b: Tatsugiri|Protect|p2b: Tatsugiri\n|-singleturn|p2b: Tatsugiri|Protect\n|move|p1a: Pelipper|Hurricane|p2a: Dondozo\n|-damage|p2a: Dondozo|69\/100\n|-start|p2a: Dondozo|confusion\n|-activate|p2a: Dondozo|confusion\n|move|p2a: Dondozo|Yawn|p1b: Vaporeon\n|-start|p1b: Vaporeon|move: Yawn|[of] p2a: Dondozo\n|\n|-weather|RainDance|[upkeep]\n|-heal|p2a: Dondozo|75\/100|[from] item: Leftovers\n|upkeep\n|turn|3\n|\n|t:|1682229126\n|switch|p2a: Amoonguss|Amoonguss, L50, F|100\/100\n|move|p1a: Pelipper|Hurricane|p2b: Tatsugiri\n|-damage|p2b: Tatsugiri|60\/100\n|move|p1b: Vaporeon|Yawn|p2a: Amoonguss\n|-start|p2a: Amoonguss|move: Yawn|[of] p1b: Vaporeon\n|move|p2b: Tatsugiri|Muddy Water|p1b: Vaporeon|[spread] p1a\n|-immune|p1b: Vaporeon|[from] ability: Water Absorb\n|-resisted|p1a: Pelipper\n|-crit|p1a: Pelipper\n|-damage|p1a: Pelipper|50\/100\n|-unboost|p1a: Pelipper|accuracy|1\n|\n|-weather|RainDance|[upkeep]\n|-end|p1b: Vaporeon|move: Yawn|[silent]\n|-status|p1b: Vaporeon|slp\n|upkeep\n|turn|4\n|inactive|Felon Degeneres has 30 seconds left.\n|inactive|Felon Degeneres has 20 seconds left.\n|inactive|Felon Degeneres has 15 seconds left.\n|inactive|Felon Degeneres has 10 seconds left.\n|\n|t:|1682229176\n|switch|p1a: Meowscarada|Meowscarada, L50, M|100\/100\n|-terastallize|p1b: Vaporeon|Grass\n|cant|p1b: Vaporeon|slp\n|move|p2b: Tatsugiri|Muddy Water|p1b: Vaporeon|[spread] p1a\n|-immune|p1b: Vaporeon|[from] ability: Water Absorb\n|-resisted|p1a: Meowscarada\n|-damage|p1a: Meowscarada|67\/100\n|move|p2a: Amoonguss|Spore|p1a: Meowscarada\n|-immune|p1a: Meowscarada\n|\n|-weather|RainDance|[upkeep]\n|-end|p2a: Amoonguss|move: Yawn|[silent]\n|-status|p2a: Amoonguss|slp\n|-sideend|p1: Felon Degeneres|move: Tailwind\n|upkeep\n|turn|5\n|inactive|Felon Degeneres has 30 seconds left.\n|inactive|b(R)2 has 30 seconds left.\n|inactive|Felon Degeneres has 20 seconds left.\n|inactive|Felon Degeneres has 15 seconds left.\n|\n|t:|1682229216\n|switch|p2b: Arcanine|Arcanine, L50, M|100\/100\n|-ability|p2b: Arcanine|Intimidate|boost\n|-unboost|p1a: Meowscarada|atk|1\n|-unboost|p1b: Vaporeon|atk|1\n|switch|p1b: Floatzel|Floatzel, L50, M|100\/100\n|move|p1a: Meowscarada|Knock Off|p2b: Arcanine\n|-start|p1a: Meowscarada|typechange|Dark|[from] ability: Protean\n|-damage|p2b: Arcanine|38\/100\n|-enditem|p2b: Arcanine|Aguav Berry|[from] move: Knock Off|[of] p1a: Meowscarada\n|cant|p2a: Amoonguss|slp\n|\n|-weather|none\n|upkeep\n|turn|6\n|inactive|Felon Degeneres has 30 seconds left.\n|inactive|b(R)2 has 30 seconds left.\n|\n|t:|1682229248\n|switch|p1b: Pelipper|Pelipper, L50, F|50\/100\n|-weather|RainDance|[from] ability: Drizzle|[of] p1b: Pelipper\n|-terastallize|p2b: Arcanine|Water\n|move|p1a: Meowscarada|Knock Off|p2b: Arcanine\n|-damage|p2b: Arcanine|0 fnt\n|faint|p2b: Arcanine\n|cant|p2a: Amoonguss|slp\n|\n|-weather|RainDance|[upkeep]\n|upkeep\n|\n|t:|1682229259\n|switch|p2b: Dondozo|Dondozo, L50, M|75\/100\n|turn|7\n|\n|t:|1682229269\n|move|p1a: Meowscarada|Knock Off|p2a: Amoonguss\n|-damage|p2a: Amoonguss|62\/100 slp\n|-damage|p1a: Meowscarada|50\/100|[from] item: Rocky Helmet|[of] p2a: Amoonguss\n|-enditem|p2a: Amoonguss|Rocky Helmet|[from] move: Knock Off|[of] p1a: Meowscarada\n|move|p1b: Pelipper|Hurricane|p2a: Amoonguss\n|-supereffective|p2a: Amoonguss\n|-damage|p2a: Amoonguss|0 fnt\n|faint|p2a: Amoonguss\n|move|p2b: Dondozo|Wave Crash|p1b: Pelipper\n|-resisted|p1b: Pelipper\n|-damage|p1b: Pelipper|6\/100\n|-damage|p2b: Dondozo|68\/100|[from] Recoil\n|\n|-weather|RainDance|[upkeep]\n|-heal|p2b: Dondozo|74\/100|[from] item: Leftovers\n|upkeep\n|\n|t:|1682229282\n|switch|p2a: Tatsugiri|Tatsugiri-Stretchy, L50, M|60\/100\n|turn|8\n|\n|t:|1682229300\n|switch|p1a: Vaporeon|Vaporeon, L50, M, tera:Grass|100\/100 slp\n|move|p1b: Pelipper|Hurricane|p2b: Dondozo\n|-damage|p2b: Dondozo|42\/100\n|move|p2a: Tatsugiri|Muddy Water|p1b: Pelipper|[spread] p1b\n|-immune|p1a: Vaporeon|[from] ability: Water Absorb\n|-resisted|p1b: Pelipper\n|-damage|p1b: Pelipper|0 fnt\n|faint|p1b: Pelipper\n|move|p2b: Dondozo|Wave Crash|p2a: Tatsugiri\n|-ability|p2a: Tatsugiri|Storm Drain|boost\n|-boost|p2a: Tatsugiri|spa|1\n|\n|-weather|RainDance|[upkeep]\n|-heal|p2b: Dondozo|48\/100|[from] item: Leftovers\n|upkeep\n|\n|t:|1682229318\n|switch|p1b: Meowscarada|Meowscarada, L50, M|50\/100\n|turn|9\n|\n|t:|1682229338\n|move|p2a: Tatsugiri|Protect|p2a: Tatsugiri\n|-singleturn|p2a: Tatsugiri|Protect\n|move|p1b: Meowscarada|Flower Trick|p2a: Tatsugiri\n|-start|p1b: Meowscarada|typechange|Grass|[from] ability: Protean\n|-activate|p2a: Tatsugiri|move: Protect\n|cant|p1a: Vaporeon|slp\n|move|p2b: Dondozo|Fissure|p1a: Vaporeon\n|-damage|p1a: Vaporeon|0 fnt\n|faint|p1a: Vaporeon\n|-ohko\n|\n|-weather|RainDance|[upkeep]\n|-heal|p2b: Dondozo|54\/100|[from] item: Leftovers\n|upkeep\n|\n|t:|1682229352\n|switch|p1a: Floatzel|Floatzel, L50, M|100\/100\n|turn|10\n|\n|t:|1682229366\n|move|p1a: Floatzel|Wave Crash|p2a: Tatsugiri\n|-ability|p2a: Tatsugiri|Storm Drain|boost\n|-boost|p2a: Tatsugiri|spa|1\n|move|p1b: Meowscarada|Flower Trick|p2b: Dondozo\n|-supereffective|p2b: Dondozo\n|-crit|p2b: Dondozo\n|-damage|p2b: Dondozo|0 fnt\n|faint|p2b: Dondozo\n|move|p2a: Tatsugiri|Icy Wind|p1a: Floatzel|[spread] p1a,p1b\n|-resisted|p1a: Floatzel\n|-supereffective|p1b: Meowscarada\n|-damage|p1a: Floatzel|81\/100\n|-damage|p1b: Meowscarada|0 fnt\n|-unboost|p1a: Floatzel|spe|1\n|faint|p1b: Meowscarada\n|\n|-weather|none\n|upkeep\n|turn|11\n|\n|t:|1682229381\n|move|p1a: Floatzel|Ice Spinner|p2a: Tatsugiri\n|-damage|p2a: Tatsugiri|20\/100\n|-enditem|p2a: Tatsugiri|Sitrus Berry|[eat]\n|-heal|p2a: Tatsugiri|45\/100|[from] item: Sitrus Berry\n|-damage|p1a: Floatzel|71\/100|[from] item: Life Orb\n|move|p2a: Tatsugiri|Draco Meteor|p1a: Floatzel\n|-damage|p1a: Floatzel|0 fnt\n|-unboost|p2a: Tatsugiri|spa|2\n|faint|p1a: Floatzel\n|\n|win|b(R)2\n|raw|Felon Degeneres's rating: 1271 → 1254<\/strong> (-17 for losing)\n|raw|b(R)2's rating: 1379 → 1393<\/strong> (+14 for winning)\n|l|\u2606Felon Degeneres\n","uploadtime":1682229394,"views":19,"p1id":"felondegeneres","p2id":"br2","formatid":"gen9vgc2023regulationc","rating":1254,"private":0,"password":""}