{"id":"gen9vgc2023regulationc-1844872589","p1":"storewide1961","p2":"haha u rage quit","format":"[Gen 9] VGC 2023 Regulation C","log":"|j|\u2606storewide1961\n|j|\u2606haha u rage quit\n|t:|1681658910\n|gametype|doubles\n|player|p1|storewide1961|grimsley|1359\n|player|p2|haha u rage quit|pokemaniac|1378\n|teamsize|p1|6\n|teamsize|p2|6\n|gen|9\n|tier|[Gen 9] VGC 2023 Regulation C\n|rated|\n|rule|Species Clause: Limit one of each Pok\u00e9mon\n|rule|Item Clause: Limit one of each item\n|clearpoke\n|poke|p1|Gholdengo, L50|\n|poke|p1|Roaring Moon, L50|\n|poke|p1|Flutter Mane, L50|\n|poke|p1|Palafin, L50, M|\n|poke|p1|Brute Bonnet, L50|\n|poke|p1|Kingambit, L50, F|\n|poke|p2|Meowscarada, L50, M|\n|poke|p2|Tatsugiri-Droopy, L50, M|\n|poke|p2|Talonflame, L50, M|\n|poke|p2|Pawmot, L50, M|\n|poke|p2|Dondozo, L50, M|\n|poke|p2|Arcanine, L50, M|\n|teampreview|4\n|inactive|Battle timer is ON: inactive players will automatically lose when time's up. (requested by storewide1961)\n|inactive|storewide1961 has 60 seconds left.\n|\n|t:|1681658946\n|start\n|switch|p1a: Palafin|Palafin, L50, M, shiny|100\/100\n|switch|p1b: Flutter Mane|Flutter Mane, L50, shiny|100\/100\n|switch|p2a: Meowscarada|Meowscarada, L50, M|100\/100\n|switch|p2b: Pawmot|Pawmot, L50, M, shiny|100\/100\n|turn|1\n|\n|t:|1681658963\n|-terastallize|p1b: Flutter Mane|Fairy\n|move|p1a: Palafin|Jet Punch|p2b: Pawmot\n|-damage|p2b: Pawmot|55\/100\n|move|p2a: Meowscarada|Shadow Claw|p1b: Flutter Mane\n|-start|p2a: Meowscarada|typechange|Ghost|[from] ability: Protean\n|-damage|p1b: Flutter Mane|28\/100\n|move|p1b: Flutter Mane|Dazzling Gleam|p2a: Meowscarada|[spread] p2a,p2b\n|-supereffective|p2b: Pawmot\n|-damage|p2a: Meowscarada|47\/100\n|-damage|p2b: Pawmot|0 fnt\n|faint|p2b: Pawmot\n|\n|upkeep\n|\n|t:|1681658975\n|switch|p2b: Dondozo|Dondozo, L50, M|100\/100\n|turn|2\n|\n|t:|1681658986\n|switch|p2a: Tatsugiri|Tatsugiri-Droopy, L50, M|100\/100\n|-activate|p2a: Tatsugiri|ability: Commander|[of] p2b: Dondozo\n|-boost|p2b: Dondozo|atk|2\n|-boost|p2b: Dondozo|spa|2\n|-boost|p2b: Dondozo|spe|2\n|-boost|p2b: Dondozo|def|2\n|-boost|p2b: Dondozo|spd|2\n|detailschange|p1a: Palafin|Palafin-Hero, L50, M, shiny\n|switch|p1a: Brute Bonnet|Brute Bonnet, L50|100\/100\n|-terastallize|p2b: Dondozo|Grass\n|move|p1b: Flutter Mane|Protect|p1b: Flutter Mane\n|-singleturn|p1b: Flutter Mane|Protect\n|move|p2b: Dondozo|Tera Blast|p1a: Brute Bonnet\n|-resisted|p1a: Brute Bonnet\n|-damage|p1a: Brute Bonnet|70\/100\n|\n|upkeep\n|turn|3\n|\n|t:|1681659004\n|move|p1b: Flutter Mane|Moonblast|p2b: Dondozo\n|-damage|p2b: Dondozo|65\/100\n|move|p2b: Dondozo|Earthquake|p1a: Brute Bonnet|[spread] p1a,p1b\n|-miss|p2b: Dondozo|p2a: Tatsugiri\n|-resisted|p1a: Brute Bonnet\n|-damage|p1a: Brute Bonnet|53\/100\n|-damage|p1b: Flutter Mane|0 fnt\n|faint|p1b: Flutter Mane\n|-end|p1b: Flutter Mane|Protosynthesis|[silent]\n|move|p1a: Brute Bonnet|Bullet Seed|p2b: Dondozo\n|-resisted|p2b: Dondozo\n|-damage|p2b: Dondozo|63\/100\n|-resisted|p2b: Dondozo\n|-damage|p2b: Dondozo|61\/100\n|-resisted|p2b: Dondozo\n|-damage|p2b: Dondozo|59\/100\n|-hitcount|p2b: Dondozo|3\n|\n|upkeep\n|\n|t:|1681659011\n|switch|p1b: Gholdengo|Gholdengo, L50|100\/100\n|turn|4\n|\n|t:|1681659017\n|move|p1b: Gholdengo|Protect|p1b: Gholdengo\n|-singleturn|p1b: Gholdengo|Protect\n|move|p2b: Dondozo|Earthquake|p1a: Brute Bonnet|[spread] p1a\n|-miss|p2b: Dondozo|p2a: Tatsugiri\n|-activate|p1b: Gholdengo|move: Protect\n|-resisted|p1a: Brute Bonnet\n|-damage|p1a: Brute Bonnet|35\/100\n|-enditem|p1a: Brute Bonnet|Sitrus Berry|[eat]\n|-heal|p1a: Brute Bonnet|59\/100|[from] item: Sitrus Berry\n|move|p1a: Brute Bonnet|Bullet Seed|p2b: Dondozo\n|-resisted|p2b: Dondozo\n|-damage|p2b: Dondozo|57\/100\n|-resisted|p2b: Dondozo\n|-damage|p2b: Dondozo|55\/100\n|-hitcount|p2b: Dondozo|2\n|\n|upkeep\n|turn|5\n|\n|t:|1681659023\n|move|p2b: Dondozo|Earthquake|p1b: Gholdengo|[spread] p1a,p1b\n|-miss|p2b: Dondozo|p2a: Tatsugiri\n|-resisted|p1a: Brute Bonnet\n|-crit|p1a: Brute Bonnet\n|-supereffective|p1b: Gholdengo\n|-damage|p1a: Brute Bonnet|34\/100\n|-damage|p1b: Gholdengo|16\/100\n|move|p1b: Gholdengo|Shadow Ball|p2b: Dondozo\n|-damage|p2b: Dondozo|24\/100\n|-unboost|p2b: Dondozo|spd|1\n|-damage|p1b: Gholdengo|6\/100|[from] item: Life Orb\n|move|p1a: Brute Bonnet|Bullet Seed|p2b: Dondozo\n|-resisted|p2b: Dondozo\n|-damage|p2b: Dondozo|21\/100\n|-resisted|p2b: Dondozo\n|-damage|p2b: Dondozo|19\/100\n|-resisted|p2b: Dondozo\n|-damage|p2b: Dondozo|17\/100\n|-hitcount|p2b: Dondozo|3\n|\n|upkeep\n|turn|6\n|\n|t:|1681659036\n|move|p2b: Dondozo|Rest|p2b: Dondozo\n|-status|p2b: Dondozo|slp|[from] move: Rest\n|-heal|p2b: Dondozo|100\/100 slp|[silent]\n|-enditem|p2b: Dondozo|Chesto Berry|[eat]\n|-curestatus|p2b: Dondozo|slp|[msg]\n|move|p1b: Gholdengo|Shadow Ball|p2b: Dondozo\n|-damage|p2b: Dondozo|52\/100\n|-damage|p1b: Gholdengo|0 fnt|[from] item: Life Orb\n|faint|p1b: Gholdengo\n|move|p1a: Brute Bonnet|Bullet Seed|p2b: Dondozo\n|-resisted|p2b: Dondozo\n|-damage|p2b: Dondozo|50\/100\n|-resisted|p2b: Dondozo\n|-damage|p2b: Dondozo|47\/100\n|-resisted|p2b: Dondozo\n|-crit|p2b: Dondozo\n|-damage|p2b: Dondozo|41\/100\n|-hitcount|p2b: Dondozo|3\n|\n|upkeep\n|\n|t:|1681659039\n|switch|p1b: Palafin|Palafin-Hero, L50, M, shiny|100\/100\n|-activate|p1b: Palafin|ability: Zero to Hero\n|turn|7\n|\n|t:|1681659045\n|move|p1b: Palafin|Protect|p1b: Palafin\n|-singleturn|p1b: Palafin|Protect\n|move|p2b: Dondozo|Tera Blast|p1b: Palafin\n|-activate|p1b: Palafin|move: Protect\n|move|p1a: Brute Bonnet|Bullet Seed|p2b: Dondozo\n|-resisted|p2b: Dondozo\n|-damage|p2b: Dondozo|39\/100\n|-resisted|p2b: Dondozo\n|-damage|p2b: Dondozo|36\/100\n|-hitcount|p2b: Dondozo|2\n|\n|upkeep\n|turn|8\n|\n|t:|1681659053\n|move|p1b: Palafin|Protect||[still]\n|-fail|p1b: Palafin\n|move|p2b: Dondozo|Tera Blast|p1b: Palafin\n|-supereffective|p1b: Palafin\n|-damage|p1b: Palafin|0 fnt\n|faint|p1b: Palafin\n|move|p1a: Brute Bonnet|Bullet Seed|p2b: Dondozo\n|-resisted|p2b: Dondozo\n|-damage|p2b: Dondozo|34\/100\n|-resisted|p2b: Dondozo\n|-damage|p2b: Dondozo|32\/100\n|-resisted|p2b: Dondozo\n|-damage|p2b: Dondozo|30\/100\n|-resisted|p2b: Dondozo\n|-damage|p2b: Dondozo|27\/100\n|-resisted|p2b: Dondozo\n|-damage|p2b: Dondozo|25\/100\n|-hitcount|p2b: Dondozo|5\n|\n|upkeep\n|turn|9\n|-message|storewide1961 forfeited.\n|\n|win|haha u rage quit\n|raw|storewide1961's rating: 1359 → 1340<\/strong> (-19 for losing)\n|raw|haha u rage quit's rating: 1378 → 1397<\/strong> (+19 for winning)\n|l|\u2606storewide1961\n|l|\u2606haha u rage quit\n|j|\u2606haha u rage quit\n|player|p2|haha u rage quit|pokemaniac\n","uploadtime":1681659066,"views":15,"p1id":"storewide1961","p2id":"hahauragequit","formatid":"gen9vgc2023regulationc","rating":1340,"private":0,"password":""}