{"id":"gen9vgc2023regulationc-1853177749","p1":"HisMightiest","p2":"Alexis_student","format":"[Gen 9] VGC 2023 Regulation C","log":"|j|\u2606HisMightiest\n|j|\u2606Alexis_student\n|t:|1682644764\n|gametype|doubles\n|player|p1|HisMightiest|blue|1044\n|player|p2|Alexis_student|265|1020\n|teamsize|p1|6\n|teamsize|p2|6\n|gen|9\n|tier|[Gen 9] VGC 2023 Regulation C\n|rated|\n|rule|Species Clause: Limit one of each Pok\u00e9mon\n|rule|Item Clause: Limit one of each item\n|clearpoke\n|poke|p1|Gyarados, L50, F|\n|poke|p1|Gholdengo, L50|\n|poke|p1|Garchomp, L50, F|\n|poke|p1|Chi-Yu, L50|\n|poke|p1|Glimmora, L50, M|\n|poke|p1|Brute Bonnet, L50|\n|poke|p2|Grimmsnarl, L50, M|\n|poke|p2|Gholdengo, L50|\n|poke|p2|Flutter Mane, L50|\n|poke|p2|Amoonguss, L50, F|\n|poke|p2|Iron Bundle, L50|\n|poke|p2|Chi-Yu, L50|\n|teampreview|4\n|inactive|Battle timer is ON: inactive players will automatically lose when time's up. (requested by HisMightiest)\n|\n|t:|1682644824\n|start\n|switch|p1a: Garchomp|Garchomp, L50, F|100\/100\n|switch|p1b: Gyarados|Gyarados, L50, F|100\/100\n|switch|p2a: Chi-Yu|Chi-Yu, L50|100\/100\n|switch|p2b: Flutter Mane|Flutter Mane, L50|100\/100\n|-ability|p2a: Chi-Yu|Beads of Ruin\n|-ability|p1b: Gyarados|Intimidate|boost\n|-unboost|p2a: Chi-Yu|atk|1\n|-unboost|p2b: Flutter Mane|atk|1\n|turn|1\n|\n|t:|1682644845\n|move|p1a: Garchomp|Protect|p1a: Garchomp\n|-singleturn|p1a: Garchomp|Protect\n|move|p2b: Flutter Mane|Thunderbolt|p1b: Gyarados\n|-supereffective|p1b: Gyarados\n|-damage|p1b: Gyarados|0 fnt\n|faint|p1b: Gyarados\n|move|p2a: Chi-Yu|Heat Wave|p1a: Garchomp\n|-activate|p1a: Garchomp|move: Protect\n|\n|upkeep\n|\n|t:|1682644862\n|switch|p1b: Brute Bonnet|Brute Bonnet, L50|100\/100\n|turn|2\n|\n|t:|1682644874\n|-end|p2b: Flutter Mane|Protosynthesis|[silent]\n|switch|p2b: Amoonguss|Amoonguss, L50, F|100\/100\n|switch|p1a: Glimmora|Glimmora, L50, M|100\/100\n|-terastallize|p1b: Brute Bonnet|Fire\n|move|p2a: Chi-Yu|Protect|p2a: Chi-Yu\n|-singleturn|p2a: Chi-Yu|Protect\n|move|p1b: Brute Bonnet|Spore|p2b: Amoonguss\n|-immune|p2b: Amoonguss\n|\n|upkeep\n|turn|3\n|inactive|HisMightiest has 30 seconds left.\n|inactive|Alexis_student has 30 seconds left.\n|inactive|HisMightiest has 20 seconds left.\n|inactive|HisMightiest has 15 seconds left.\n|\n|t:|1682644918\n|-end|p1b: Brute Bonnet|Protosynthesis|[silent]\n|switch|p1b: Garchomp|Garchomp, L50, F|100\/100\n|-terastallize|p2a: Chi-Yu|Grass\n|move|p1a: Glimmora|Power Gem|p2a: Chi-Yu\n|-damage|p2a: Chi-Yu|56\/100\n|move|p2a: Chi-Yu|Flamethrower|p1a: Glimmora\n|-resisted|p1a: Glimmora\n|-damage|p1a: Glimmora|72\/100\n|move|p2b: Amoonguss|Spore|p1b: Garchomp\n|-status|p1b: Garchomp|slp|[from] move: Spore\n|\n|upkeep\n|turn|4\n|inactive|Alexis_student has 30 seconds left.\n|\n|t:|1682644945\n|switch|p2a: Flutter Mane|Flutter Mane, L50|100\/100\n|cant|p1b: Garchomp|slp\n|move|p1a: Glimmora|Mortal Spin|p2b: Amoonguss|[spread] p2a,p2b\n|-damage|p2a: Flutter Mane|91\/100\n|-damage|p2b: Amoonguss|96\/100\n|-status|p2a: Flutter Mane|psn\n|move|p2b: Amoonguss|Spore|p1a: Glimmora\n|-status|p1a: Glimmora|slp|[from] move: Spore\n|\n|-damage|p2a: Flutter Mane|80\/100 psn|[from] psn\n|upkeep\n|turn|5\n|\n|t:|1682644963\n|switch|p1b: Brute Bonnet|Brute Bonnet, L50, tera:Fire|100\/100\n|switch|p2b: Chi-Yu|Chi-Yu, L50, tera:Grass|56\/100\n|-ability|p2b: Chi-Yu|Beads of Ruin\n|move|p2a: Flutter Mane|Dazzling Gleam|p1b: Brute Bonnet|[spread] p1a,p1b\n|-resisted|p1a: Glimmora\n|-resisted|p1b: Brute Bonnet\n|-damage|p1a: Glimmora|43\/100 slp\n|-damage|p1b: Brute Bonnet|73\/100\n|cant|p1a: Glimmora|slp\n|\n|-damage|p2a: Flutter Mane|68\/100 psn|[from] psn\n|upkeep\n|turn|6\n|\n|t:|1682644983\n|-end|p2a: Flutter Mane|Protosynthesis|[silent]\n|switch|p2a: Amoonguss|Amoonguss, L50, F|100\/100\n|move|p1b: Brute Bonnet|Sucker Punch||[still]\n|-fail|p1b: Brute Bonnet\n|-curestatus|p1a: Glimmora|slp|[msg]\n|move|p1a: Glimmora|Venoshock|p2a: Amoonguss\n|-damage|p2a: Amoonguss|62\/100\n|move|p2b: Chi-Yu|Dark Pulse|p1a: Glimmora\n|-damage|p1a: Glimmora|0 fnt\n|faint|p1a: Glimmora\n|\n|upkeep\n|\n|t:|1682644994\n|switch|p1a: Garchomp|Garchomp, L50, F|100\/100 slp\n|turn|7\n|inactive|HisMightiest has 30 seconds left.\n|\n|t:|1682645022\n|move|p1b: Brute Bonnet|Sucker Punch|p2b: Chi-Yu\n|-damage|p2b: Chi-Yu|3\/100\n|cant|p1a: Garchomp|slp\n|move|p2b: Chi-Yu|Dark Pulse|p1a: Garchomp\n|-damage|p1a: Garchomp|38\/100 slp\n|move|p2a: Amoonguss|Spore|p1b: Brute Bonnet\n|-status|p1b: Brute Bonnet|slp|[from] move: Spore\n|\n|upkeep\n|turn|8\n|-message|HisMightiest forfeited.\n|\n|win|Alexis_student\n|raw|HisMightiest's rating: 1044 → 1026<\/strong> (-18 for losing)\n|raw|Alexis_student's rating: 1020 → 1060<\/strong> (+40 for winning)\n|l|\u2606HisMightiest\n","uploadtime":1682645045,"views":8,"p1id":"hismightiest","p2id":"alexisstudent","formatid":"gen9vgc2023regulationc","rating":1026,"private":0,"password":""}