{"id":"gen9vgc2023regulationc-1854934609","p1":"adam_bombb","p2":"Post GC2 testing","format":"[Gen 9] VGC 2023 Regulation C","log":"|j|\u2606adam_bombb\n|j|\u2606Post GC2 testing\n|t:|1682882431\n|gametype|doubles\n|player|p1|adam_bombb|101|1392\n|player|p2|Post GC2 testing|colress|1407\n|teamsize|p1|6\n|teamsize|p2|6\n|gen|9\n|tier|[Gen 9] VGC 2023 Regulation C\n|rated|\n|rule|Species Clause: Limit one of each Pok\u00e9mon\n|rule|Item Clause: Limit one of each item\n|clearpoke\n|poke|p1|Flutter Mane, L50|\n|poke|p1|Iron Bundle, L50|\n|poke|p1|Iron Hands, L50|\n|poke|p1|Mimikyu, L50, F|\n|poke|p1|Abomasnow, L50, F|\n|poke|p1|Chien-Pao, L50|\n|poke|p2|Orthworm, L50, M|\n|poke|p2|Dragonite, L50, M|\n|poke|p2|Ting-Lu, L50|\n|poke|p2|Gyarados, L50, M|\n|poke|p2|Flutter Mane, L50|\n|poke|p2|Chien-Pao, L50|\n|teampreview|4\n|\n|t:|1682882463\n|start\n|switch|p1a: Abomasnow|Abomasnow, L50, F|100\/100\n|switch|p1b: Mimikyu|Mimikyu, L50, F|100\/100\n|switch|p2a: Israfel|Ting-Lu, L50|100\/100\n|switch|p2b: Muppet|Orthworm, L50, M, shiny|100\/100\n|-ability|p2a: Israfel|Vessel of Ruin\n|-weather|Snow|[from] ability: Snow Warning|[of] p1a: Abomasnow\n|turn|1\n|\n|t:|1682882481\n|move|p1b: Mimikyu|Taunt|p2b: Muppet\n|-start|p2b: Muppet|move: Taunt\n|move|p2a: Israfel|Earthquake|p1a: Abomasnow|[spread] p1a,p1b\n|-immune|p2b: Muppet|[from] ability: Earth Eater\n|-resisted|p1a: Abomasnow\n|-damage|p1a: Abomasnow|81\/100\n|-activate|p1b: Mimikyu|ability: Disguise\n|-damage|p1b: Mimikyu|100\/100\n|detailschange|p1b: Mimikyu|Mimikyu-Busted, L50, F\n|-damage|p1b: Mimikyu|88\/100|[from] pokemon: Mimikyu-Busted\n|move|p2b: Muppet|Heavy Slam|p1b: Mimikyu\n|-supereffective|p1b: Mimikyu\n|-damage|p1b: Mimikyu|0 fnt\n|faint|p1b: Mimikyu\n|move|p1a: Abomasnow|Aurora Veil|p1a: Abomasnow\n|-sidestart|p1: adam_bombb|move: Aurora Veil\n|\n|-weather|Snow|[upkeep]\n|upkeep\n|\n|t:|1682882497\n|switch|p1b: Iron Bundle|Iron Bundle, L50|100\/100\n|-enditem|p1b: Iron Bundle|Booster Energy\n|-activate|p1b: Iron Bundle|ability: Quark Drive|[fromitem]\n|-start|p1b: Iron Bundle|quarkdrivespe\n|turn|2\n|\n|t:|1682882517\n|move|p1b: Iron Bundle|Hydro Pump|p2b: Muppet|[miss]\n|-miss|p1b: Iron Bundle|p2b: Muppet\n|move|p2a: Israfel|Earthquake|p1a: Abomasnow|[spread] p1a,p1b\n|-immune|p2b: Muppet|[from] ability: Earth Eater\n|-resisted|p1a: Abomasnow\n|-damage|p1a: Abomasnow|68\/100\n|-damage|p1b: Iron Bundle|72\/100\n|move|p2b: Muppet|Body Press|p1b: Iron Bundle\n|-supereffective|p1b: Iron Bundle\n|-damage|p1b: Iron Bundle|41\/100\n|move|p1a: Abomasnow|Blizzard|p2a: Israfel|[spread] p2a,p2b\n|-supereffective|p2a: Israfel\n|-resisted|p2b: Muppet\n|-damage|p2a: Israfel|74\/100\n|-damage|p2b: Muppet|88\/100\n|-status|p2b: Muppet|frz\n|\n|-weather|Snow|[upkeep]\n|upkeep\n|turn|3\n|\n|t:|1682882539\n|move|p1b: Iron Bundle|Hydro Pump|p2b: Muppet\n|-damage|p2b: Muppet|41\/100 frz\n|-enditem|p2b: Muppet|Sitrus Berry|[eat]\n|-heal|p2b: Muppet|66\/100 frz|[from] item: Sitrus Berry\n|move|p2a: Israfel|Earthquake|p1b: Iron Bundle|[spread] p1a,p1b\n|-heal|p2b: Muppet|91\/100 frz|[from] ability: Earth Eater|[of] p2a: Israfel\n|-resisted|p1a: Abomasnow\n|-damage|p1a: Abomasnow|54\/100\n|-damage|p1b: Iron Bundle|13\/100\n|cant|p2b: Muppet|frz\n|move|p1a: Abomasnow|Energy Ball|p2a: Israfel\n|-supereffective|p2a: Israfel\n|-damage|p2a: Israfel|42\/100\n|\n|-weather|Snow|[upkeep]\n|-end|p2b: Muppet|move: Taunt\n|upkeep\n|turn|4\n|\n|t:|1682882553\n|move|p1b: Iron Bundle|Freeze-Dry|p2a: Israfel\n|-supereffective|p2a: Israfel\n|-damage|p2a: Israfel|5\/100\n|move|p2a: Israfel|Earthquake|p1a: Abomasnow|[spread] p1a,p1b\n|-heal|p2b: Muppet|100\/100 frz|[from] ability: Earth Eater|[of] p2a: Israfel\n|-resisted|p1a: Abomasnow\n|-damage|p1a: Abomasnow|41\/100\n|-damage|p1b: Iron Bundle|0 fnt\n|faint|p1b: Iron Bundle\n|-end|p1b: Iron Bundle|Quark Drive|[silent]\n|cant|p2b: Muppet|frz\n|move|p1a: Abomasnow|Blizzard|p2a: Israfel|[spread] p2a,p2b\n|-supereffective|p2a: Israfel\n|-resisted|p2b: Muppet\n|-damage|p2a: Israfel|0 fnt\n|-damage|p2b: Muppet|88\/100 frz\n|faint|p2a: Israfel\n|\n|-weather|Snow|[upkeep]\n|upkeep\n|\n|t:|1682882566\n|switch|p1b: Iron Hands|Iron Hands, L50|100\/100\n|switch|p2a: Dem eyes tho|Flutter Mane, L50|100\/100\n|turn|5\n|\n|t:|1682882583\n|-terastallize|p2a: Dem eyes tho|Fairy\n|move|p1a: Abomasnow|Protect|p1a: Abomasnow\n|-singleturn|p1a: Abomasnow|Protect\n|move|p2a: Dem eyes tho|Moonblast|p1b: Iron Hands\n|-supereffective|p1b: Iron Hands\n|-damage|p1b: Iron Hands|23\/100\n|-curestatus|p2b: Muppet|frz|[msg]\n|move|p2b: Muppet|Iron Defense|p2b: Muppet\n|-boost|p2b: Muppet|def|2\n|move|p1b: Iron Hands|Heavy Slam|p2a: Dem eyes tho\n|-supereffective|p2a: Dem eyes tho\n|-damage|p2a: Dem eyes tho|0 fnt\n|faint|p2a: Dem eyes tho\n|-end|p2a: Dem eyes tho|Protosynthesis|[silent]\n|\n|-weather|none\n|upkeep\n|\n|t:|1682882590\n|switch|p2a: Lancelot|Dragonite, L50, M|100\/100\n|turn|6\n|\n|t:|1682882605\n|move|p2a: Lancelot|Earthquake|p1a: Abomasnow|[spread] p1a,p1b\n|-heal|p2b: Muppet|100\/100|[from] ability: Earth Eater|[of] p2a: Lancelot\n|-resisted|p1a: Abomasnow\n|-supereffective|p1b: Iron Hands\n|-damage|p1a: Abomasnow|32\/100\n|-damage|p1b: Iron Hands|0 fnt\n|faint|p1b: Iron Hands\n|-end|p1b: Iron Hands|Quark Drive|[silent]\n|move|p2b: Muppet|Body Press|p1a: Abomasnow\n|-supereffective|p1a: Abomasnow\n|-damage|p1a: Abomasnow|0 fnt\n|faint|p1a: Abomasnow\n|\n|win|Post GC2 testing\n|raw|adam_bombb's rating: 1392 → 1373<\/strong> (-19 for losing)\n|raw|Post GC2 testing's rating: 1407 → 1426<\/strong> (+19 for winning)\n|l|\u2606adam_bombb\n|c|\u2606Post GC2 testing|Gg\n","uploadtime":1682882635,"views":5,"p1id":"adambombb","p2id":"postgc2testing","formatid":"gen9vgc2023regulationc","rating":1373,"private":0,"password":""}