{"id":"gen9vgc2023regulationc-1849790221","p1":"Mickey314","p2":"AnAggressiveTurtle","format":"[Gen 9] VGC 2023 Regulation C","log":"|j|\u2606Mickey314\n|j|\u2606AnAggressiveTurtle\n|t:|1682252103\n|gametype|doubles\n|player|p1|Mickey314|170|1171\n|player|p2|AnAggressiveTurtle|lady|1070\n|teamsize|p1|6\n|teamsize|p2|6\n|gen|9\n|tier|[Gen 9] VGC 2023 Regulation C\n|rated|\n|rule|Species Clause: Limit one of each Pok\u00e9mon\n|rule|Item Clause: Limit one of each item\n|clearpoke\n|poke|p1|Chi-Yu, L50|\n|poke|p1|Chien-Pao, L50|\n|poke|p1|Iron Bundle, L50|\n|poke|p1|Great Tusk, L50|\n|poke|p1|Tatsugiri, L50, M|\n|poke|p1|Baxcalibur, L50, F|\n|poke|p2|Murkrow, L50, M|\n|poke|p2|Chi-Yu, L50|\n|poke|p2|Flutter Mane, L50|\n|poke|p2|Great Tusk, L50|\n|poke|p2|Brute Bonnet, L50|\n|poke|p2|Corviknight, L50, M|\n|teampreview|4\n|inactive|Battle timer is ON: inactive players will automatically lose when time's up. (requested by Mickey314)\nMickey314 has agreed to open team sheets.\n|\n|t:|1682252132\n|start\n|switch|p1a: Iron Bundle|Iron Bundle, L50|100\/100\n|switch|p1b: Tatsugiri|Tatsugiri, L50, M|100\/100\n|switch|p2a: Murkrow|Murkrow, L50, M, shiny|100\/100\n|switch|p2b: Brute Bonnet|Brute Bonnet, L50|100\/100\n|-enditem|p1a: Iron Bundle|Booster Energy\n|-activate|p1a: Iron Bundle|ability: Quark Drive|[fromitem]\n|-start|p1a: Iron Bundle|quarkdrivespe\n|turn|1\n|\n|t:|1682252151\n|move|p2a: Murkrow|Sunny Day|p2a: Murkrow\n|-weather|SunnyDay\n|-activate|p2b: Brute Bonnet|ability: Protosynthesis\n|-start|p2b: Brute Bonnet|protosynthesisatk\n|move|p1a: Iron Bundle|Freeze-Dry|p2b: Brute Bonnet\n|-supereffective|p2b: Brute Bonnet\n|-damage|p2b: Brute Bonnet|30\/100\n|move|p1b: Tatsugiri|Muddy Water|p2b: Brute Bonnet|[spread] p2a,p2b\n|-resisted|p2b: Brute Bonnet\n|-damage|p2a: Murkrow|81\/100\n|-damage|p2b: Brute Bonnet|22\/100\n|move|p2b: Brute Bonnet|Bullet Seed|p1a: Iron Bundle\n|-supereffective|p1a: Iron Bundle\n|-damage|p1a: Iron Bundle|56\/100\n|-supereffective|p1a: Iron Bundle\n|-damage|p1a: Iron Bundle|8\/100\n|-supereffective|p1a: Iron Bundle\n|-damage|p1a: Iron Bundle|0 fnt\n|faint|p1a: Iron Bundle\n|-end|p1a: Iron Bundle|Quark Drive|[silent]\n|-hitcount|p1: Iron Bundle|3\n|\n|-weather|SunnyDay|[upkeep]\n|upkeep\n|\n|t:|1682252167\n|switch|p1a: Chi-Yu|Chi-Yu, L50|100\/100\n|-ability|p1a: Chi-Yu|Beads of Ruin\n|turn|2\n|\n|t:|1682252180\n|switch|p1b: Great Tusk|Great Tusk, L50|100\/100\n|-activate|p1b: Great Tusk|ability: Protosynthesis\n|-start|p1b: Great Tusk|protosynthesisatk\n|move|p2a: Murkrow|Tailwind|p2a: Murkrow\n|-sidestart|p2: AnAggressiveTurtle|move: Tailwind\n|move|p2b: Brute Bonnet|Spore|p1a: Chi-Yu\n|-status|p1a: Chi-Yu|slp|[from] move: Spore\n|cant|p1a: Chi-Yu|slp\n|\n|-weather|SunnyDay|[upkeep]\n|upkeep\n|turn|3\n|\n|t:|1682252200\n|switch|p2a: Great Tusk|Great Tusk, L50|100\/100\n|-activate|p2a: Great Tusk|ability: Protosynthesis\n|-start|p2a: Great Tusk|protosynthesisatk\n|move|p2b: Brute Bonnet|Spore|p1b: Great Tusk\n|-status|p1b: Great Tusk|slp|[from] move: Spore\n|cant|p1a: Chi-Yu|slp\n|cant|p1b: Great Tusk|slp\n|\n|-weather|SunnyDay|[upkeep]\n|upkeep\n|turn|4\n|\n|t:|1682252218\n|move|p2a: Great Tusk|Close Combat|p1a: Chi-Yu\n|-supereffective|p1a: Chi-Yu\n|-damage|p1a: Chi-Yu|0 fnt\n|-unboost|p2a: Great Tusk|def|1\n|-unboost|p2a: Great Tusk|spd|1\n|faint|p1a: Chi-Yu\n|move|p2b: Brute Bonnet|Bullet Seed|p1b: Great Tusk\n|-supereffective|p1b: Great Tusk\n|-damage|p1b: Great Tusk|74\/100 slp\n|-supereffective|p1b: Great Tusk\n|-damage|p1b: Great Tusk|46\/100 slp\n|-supereffective|p1b: Great Tusk\n|-damage|p1b: Great Tusk|19\/100 slp\n|-supereffective|p1b: Great Tusk\n|-damage|p1b: Great Tusk|0 fnt\n|faint|p1b: Great Tusk\n|-end|p1b: Great Tusk|Protosynthesis|[silent]\n|-hitcount|p1: Great Tusk|4\n|\n|-weather|SunnyDay|[upkeep]\n|upkeep\n|\n|t:|1682252227\n|switch|p1b: Tatsugiri|Tatsugiri, L50, M|100\/100\n|turn|5\n|\n|t:|1682252234\n|move|p2a: Great Tusk|Close Combat|p1b: Tatsugiri\n|-damage|p1b: Tatsugiri|0 fnt\n|-unboost|p2a: Great Tusk|def|1\n|-unboost|p2a: Great Tusk|spd|1\n|faint|p1b: Tatsugiri\n|\n|win|AnAggressiveTurtle\n|raw|Mickey314's rating: 1171 → 1139<\/strong> (-32 for losing)\n|raw|AnAggressiveTurtle's rating: 1070 → 1108<\/strong> (+38 for winning)\n","uploadtime":1682252243,"views":20,"p1id":"mickey314","p2id":"anaggressiveturtle","formatid":"gen9vgc2023regulationc","rating":1108,"private":0,"password":""}