{"id":"gen9vgc2023regulationc-1846035907","p1":"catsue","p2":"LegalizedNukes","format":"[Gen 9] VGC 2023 Regulation C","log":"|j|\u2606catsue\n|j|\u2606LegalizedNukes\n|t:|1681795208\n|gametype|doubles\n|player|p1|catsue|dahlia|1242\n|player|p2|LegalizedNukes|nita|1190\n|teamsize|p1|6\n|teamsize|p2|6\n|gen|9\n|tier|[Gen 9] VGC 2023 Regulation C\n|rated|\n|rule|Species Clause: Limit one of each Pok\u00e9mon\n|rule|Item Clause: Limit one of each item\n|clearpoke\n|poke|p1|Grimmsnarl, L50, M|\n|poke|p1|Clawitzer, L50, F|\n|poke|p1|Wo-Chien, L50|\n|poke|p1|Iron Jugulis, L50|\n|poke|p1|Arcanine, L50, F|\n|poke|p1|Corviknight, L50, F|\n|poke|p2|Ting-Lu, L50|\n|poke|p2|Bronzong, L50|\n|poke|p2|Armarouge, L50, F|\n|poke|p2|Indeedee-F, L50, F|\n|poke|p2|Hariyama, L50, F|\n|poke|p2|Hatterene, L50, F|\n|teampreview|4\n|inactive|Battle timer is ON: inactive players will automatically lose when time's up. (requested by LegalizedNukes)\n|inactive|catsue has 60 seconds left.\n|inactive|LegalizedNukes has 60 seconds left.\n|\n|t:|1681795256\n|start\n|switch|p1a: Grimmsnarl|Grimmsnarl, L50, M|100\/100\n|switch|p1b: Iron Jugulis|Iron Jugulis, L50|100\/100\n|switch|p2a: Ting-Lu|Ting-Lu, L50|100\/100\n|switch|p2b: Hatterene|Hatterene, L50, F|100\/100\n|-ability|p2a: Ting-Lu|Vessel of Ruin\n|-enditem|p1b: Iron Jugulis|Booster Energy\n|-activate|p1b: Iron Jugulis|ability: Quark Drive|[fromitem]\n|-start|p1b: Iron Jugulis|quarkdrivespa\n|turn|1\n|\n|t:|1681795268\n|move|p1a: Grimmsnarl|Fake Out|p2b: Hatterene\n|-damage|p2b: Hatterene|89\/100\n|move|p1b: Iron Jugulis|Dark Pulse|p2b: Hatterene\n|-damage|p2b: Hatterene|47\/100\n|-enditem|p2b: Hatterene|Sitrus Berry|[eat]\n|-heal|p2b: Hatterene|72\/100|[from] item: Sitrus Berry\n|move|p2a: Ting-Lu|Heavy Slam|p1b: Iron Jugulis\n|-damage|p1b: Iron Jugulis|72\/100\n|cant|p2b: Hatterene|flinch\n|\n|upkeep\n|turn|2\n|\n|t:|1681795284\n|move|p1a: Grimmsnarl|Light Screen|p1a: Grimmsnarl\n|-sidestart|p1: catsue|move: Light Screen\n|move|p1b: Iron Jugulis|Air Slash|p2b: Hatterene\n|-damage|p2b: Hatterene|29\/100\n|move|p2a: Ting-Lu|Heavy Slam|p1a: Grimmsnarl\n|-supereffective|p1a: Grimmsnarl\n|-damage|p1a: Grimmsnarl|34\/100\n|move|p2b: Hatterene|Trick Room|p2b: Hatterene\n|-fieldstart|move: Trick Room|[of] p2b: Hatterene\n|\n|upkeep\n|turn|3\n|\n|t:|1681795303\n|-terastallize|p1b: Iron Jugulis|Fairy\n|move|p2b: Hatterene|Dazzling Gleam|p1b: Iron Jugulis|[spread] p1a,p1b\n|-supereffective|p1a: Grimmsnarl\n|-crit|p1b: Iron Jugulis\n|-damage|p1a: Grimmsnarl|4\/100\n|-damage|p1b: Iron Jugulis|34\/100\n|move|p2a: Ting-Lu|Heavy Slam|p1b: Iron Jugulis\n|-supereffective|p1b: Iron Jugulis\n|-damage|p1b: Iron Jugulis|0 fnt\n|faint|p1b: Iron Jugulis\n|-end|p1b: Iron Jugulis|Quark Drive|[silent]\n|move|p1a: Grimmsnarl|Spirit Break|p2b: Hatterene\n|-damage|p2b: Hatterene|0 fnt\n|faint|p2b: Hatterene\n|\n|upkeep\n|\n|t:|1681795318\n|switch|p2b: Hariyama|Hariyama, L50, F|100\/100\n|switch|p1b: Corviknight|Corviknight, L50, F|100\/100\n|turn|4\n|\n|t:|1681795325\n|move|p2b: Hariyama|Fake Out|p1b: Corviknight\n|-resisted|p1b: Corviknight\n|-damage|p1b: Corviknight|96\/100\n|move|p1a: Grimmsnarl|Parting Shot|p2b: Hariyama\n|-unboost|p2b: Hariyama|atk|1\n|-unboost|p2b: Hariyama|spa|1\n|\n|t:|1681795331\n|switch|p1a: Wo-Chien|Wo-Chien, L50|100\/100|[from] Parting Shot\n|-ability|p1a: Wo-Chien|Tablets of Ruin\n|move|p2a: Ting-Lu|Heavy Slam|p1a: Wo-Chien\n|-damage|p1a: Wo-Chien|81\/100\n|cant|p1b: Corviknight|flinch\n|\n|-heal|p1a: Wo-Chien|87\/100|[from] item: Leftovers\n|-status|p2b: Hariyama|brn|[from] item: Flame Orb\n|upkeep\n|turn|5\n|\n|t:|1681795347\n|switch|p2b: Armarouge|Armarouge, L50, F|100\/100\n|switch|p1a: Grimmsnarl|Grimmsnarl, L50, M|4\/100\n|move|p2a: Ting-Lu|Fissure|p1a: Grimmsnarl|[miss]\n|-miss|p2a: Ting-Lu|p1a: Grimmsnarl\n|move|p1b: Corviknight|Iron Defense|p1b: Corviknight\n|-boost|p1b: Corviknight|def|2\n|\n|upkeep\n|turn|6\n|inactive|catsue has 30 seconds left.\n|\n|t:|1681795379\n|move|p1a: Grimmsnarl|Parting Shot|p2b: Armarouge\n|-unboost|p2b: Armarouge|atk|1\n|-unboost|p2b: Armarouge|spa|1\n|\n|t:|1681795383\n|switch|p1a: Wo-Chien|Wo-Chien, L50|87\/100|[from] Parting Shot\n|-ability|p1a: Wo-Chien|Tablets of Ruin\n|move|p2a: Ting-Lu|Ruination|p1b: Corviknight\n|-damage|p1b: Corviknight|48\/100\n|move|p1b: Corviknight|Roost|p1b: Corviknight\n|-heal|p1b: Corviknight|99\/100\n|-singleturn|p1b: Corviknight|move: Roost\n|move|p2b: Armarouge|Armor Cannon|p1b: Corviknight\n|-supereffective|p1b: Corviknight\n|-damage|p1b: Corviknight|42\/100\n|-unboost|p2b: Armarouge|def|1\n|-unboost|p2b: Armarouge|spd|1\n|-damage|p2b: Armarouge|90\/100|[from] item: Life Orb\n|\n|-heal|p1a: Wo-Chien|94\/100|[from] item: Leftovers\n|-fieldend|move: Trick Room\n|upkeep\n|turn|7\n|\n|t:|1681795403\n|switch|p2b: Hariyama|Hariyama, L50, F|100\/100 brn\n|switch|p1a: Grimmsnarl|Grimmsnarl, L50, M|4\/100\n|move|p1b: Corviknight|Roost|p1b: Corviknight\n|-heal|p1b: Corviknight|92\/100\n|-singleturn|p1b: Corviknight|move: Roost\n|move|p2a: Ting-Lu|Ruination|p1a: Grimmsnarl\n|-damage|p1a: Grimmsnarl|2\/100\n|\n|-damage|p2b: Hariyama|95\/100 brn|[from] brn\n|upkeep\n|turn|8\n|\n|t:|1681795416\n|move|p1a: Grimmsnarl|Fake Out|p2b: Hariyama\n|-crit|p2b: Hariyama\n|-damage|p2b: Hariyama|75\/100 brn\n|cant|p2b: Hariyama|flinch\n|move|p1b: Corviknight|Iron Defense|p1b: Corviknight\n|-boost|p1b: Corviknight|def|2\n|move|p2a: Ting-Lu|Ruination|p1b: Corviknight\n|-damage|p1b: Corviknight|46\/100\n|\n|-damage|p2b: Hariyama|69\/100 brn|[from] brn\n|upkeep\n|turn|9\n|\n|t:|1681795430\n|move|p1a: Grimmsnarl|Parting Shot|p2b: Hariyama\n|-unboost|p2b: Hariyama|atk|1\n|-unboost|p2b: Hariyama|spa|1\n|\n|t:|1681795433\n|switch|p1a: Wo-Chien|Wo-Chien, L50|94\/100|[from] Parting Shot\n|-ability|p1a: Wo-Chien|Tablets of Ruin\n|move|p1b: Corviknight|Roost|p1b: Corviknight\n|-heal|p1b: Corviknight|97\/100\n|-singleturn|p1b: Corviknight|move: Roost\n|move|p2b: Hariyama|Knock Off|p1a: Wo-Chien\n|-resisted|p1a: Wo-Chien\n|-damage|p1a: Wo-Chien|84\/100\n|-enditem|p1a: Wo-Chien|Leftovers|[from] move: Knock Off|[of] p2b: Hariyama\n|move|p2a: Ting-Lu|Fissure|p1b: Corviknight\n|-damage|p1b: Corviknight|0 fnt\n|faint|p1b: Corviknight\n|-ohko\n|\n|-damage|p2b: Hariyama|63\/100 brn|[from] brn\n|-sideend|p1: catsue|move: Light Screen\n|upkeep\n|inactive|catsue has 30 seconds left.\n|-message|catsue forfeited.\n|\n|win|LegalizedNukes\n|raw|catsue's rating: 1242 → 1213<\/strong> (-29 for losing)\n|raw|LegalizedNukes's rating: 1190 → 1219<\/strong> (+29 for winning)\n|l|\u2606catsue\n","uploadtime":1681795464,"views":6,"p1id":"catsue","p2id":"legalizednukes","formatid":"gen9vgc2023regulationc","rating":1213,"private":0,"password":""}