{"id":"gen9vgc2023regulationc-1850778431","p1":"Nehzzy","p2":"Neko_mollo","format":"[Gen 9] VGC 2023 Regulation C","log":"|j|\u2606Nehzzy\n|j|\u2606Neko_mollo\n|t:|1682366980\n|gametype|doubles\n|player|p1|Nehzzy|steven|1226\n|player|p2|Neko_mollo|clair|1180\n|teamsize|p1|6\n|teamsize|p2|6\n|gen|9\n|tier|[Gen 9] VGC 2023 Regulation C\n|rated|\n|rule|Species Clause: Limit one of each Pok\u00e9mon\n|rule|Item Clause: Limit one of each item\n|clearpoke\n|poke|p1|Arcanine, L50, F|\n|poke|p1|Palafin, L50, M|\n|poke|p1|Amoonguss, L50, M|\n|poke|p1|Flutter Mane, L50|\n|poke|p1|Chien-Pao, L50|\n|poke|p1|Dragonite, L50, M|\n|poke|p2|Tyranitar, L50, F|\n|poke|p2|Houndstone, L50, F|\n|poke|p2|Corviknight, L50, F|\n|poke|p2|Gyarados, L50, F|\n|poke|p2|Flutter Mane, L50|\n|poke|p2|Pawmot, L50, M|\n|teampreview|4\nNehzzy has agreed to open team sheets.\nNeko_mollo has agreed to open team sheets.\n|inactive|Battle timer is ON: inactive players will automatically lose when time's up. (requested by Nehzzy)\n|\n|t:|1682367053\n|start\n|switch|p1a: Ever Grande|Dragonite, L50, M, shiny|100\/100\n|switch|p1b: Mossdeep|Palafin, L50, M, shiny|100\/100\n|switch|p2a: Odin|Corviknight, L50, F|100\/100\n|switch|p2b: Slifer|Gyarados, L50, F, shiny|100\/100\n|-ability|p2b: Slifer|Intimidate|boost\n|-unboost|p1a: Ever Grande|atk|1\n|-unboost|p1b: Mossdeep|atk|1\n|turn|1\n|inactive|Nehzzy has 30 seconds left.\n|\n|t:|1682367086\n|-terastallize|p1a: Ever Grande|Flying\n|move|p1b: Mossdeep|Haze|p1b: Mossdeep\n|-clearallboost\n|move|p2b: Slifer|Dragon Dance|p2b: Slifer\n|-boost|p2b: Slifer|atk|1\n|-boost|p2b: Slifer|spe|1\n|move|p1a: Ever Grande|Tera Blast|p2b: Slifer\n|-damage|p2b: Slifer|35\/100\n|move|p2a: Odin|Iron Head|p1a: Ever Grande\n|-damage|p1a: Ever Grande|87\/100\n|\n|upkeep\n|turn|2\n|inactive|Neko_mollo has 30 seconds left.\n|\n|t:|1682367118\n|detailschange|p1b: Mossdeep|Palafin-Hero, L50, M, shiny\n|switch|p1b: Fortree|Amoonguss, L50, M, shiny|100\/100\n|move|p1a: Ever Grande|Extreme Speed|p2b: Slifer\n|-damage|p2b: Slifer|6\/100\n|move|p2b: Slifer|Waterfall|p1a: Ever Grande\n|-damage|p1a: Ever Grande|35\/100\n|move|p2a: Odin|Tailwind|p2a: Odin\n|-sidestart|p2: Neko_mollo|move: Tailwind\n|\n|upkeep\n|turn|3\n|inactive|Neko_mollo has 30 seconds left.\n|\n|t:|1682367144\n|move|p2b: Slifer|Protect|p2b: Slifer\n|-singleturn|p2b: Slifer|Protect\n|move|p1b: Fortree|Protect|p1b: Fortree\n|-singleturn|p1b: Fortree|Protect\n|move|p1a: Ever Grande|Extreme Speed|p2b: Slifer\n|-activate|p2b: Slifer|move: Protect\n|move|p2a: Odin|Brave Bird|p1b: Fortree\n|-activate|p1b: Fortree|move: Protect\n|\n|upkeep\n|turn|4\n|\n|t:|1682367159\n|move|p1a: Ever Grande|Extreme Speed|p2b: Slifer\n|-damage|p2b: Slifer|0 fnt\n|faint|p2b: Slifer\n|move|p2a: Odin|Brave Bird|p1b: Fortree\n|-supereffective|p1b: Fortree\n|-damage|p1b: Fortree|31\/100\n|-enditem|p1b: Fortree|Sitrus Berry|[eat]\n|-heal|p1b: Fortree|56\/100|[from] item: Sitrus Berry\n|-damage|p2a: Odin|76\/100|[from] Recoil\n|move|p1b: Fortree|Pollen Puff|p1a: Ever Grande\n|-heal|p1a: Ever Grande|85\/100\n|\n|upkeep\n|\n|t:|1682367172\n|switch|p2b: Amity|Flutter Mane, L50|100\/100\n|turn|5\n|\n|t:|1682367187\n|move|p1b: Fortree|Rage Powder|p1b: Fortree\n|-singleturn|p1b: Fortree|move: Rage Powder\n|move|p2b: Amity|Thunderbolt|p1b: Fortree\n|-resisted|p1b: Fortree\n|-damage|p1b: Fortree|37\/100\n|move|p2a: Odin|Brave Bird|p1b: Fortree\n|-supereffective|p1b: Fortree\n|-damage|p1b: Fortree|0 fnt\n|faint|p1b: Fortree\n|-damage|p2a: Odin|63\/100|[from] Recoil\n|move|p1a: Ever Grande|Tera Blast|p2b: Amity\n|-damage|p2b: Amity|0 fnt\n|faint|p2b: Amity\n|-end|p2b: Amity|Protosynthesis|[silent]\n|\n|-sideend|p2: Neko_mollo|move: Tailwind\n|upkeep\n|\n|t:|1682367205\n|switch|p2b: Shifu|Pawmot, L50, M|100\/100\n|switch|p1b: Lilycove|Flutter Mane, L50, shiny|100\/100\n|turn|6\n|inactive|Nehzzy has 30 seconds left.\n|\n|t:|1682367232\n|move|p1b: Lilycove|Thunderbolt|p2a: Odin\n|-supereffective|p2a: Odin\n|-damage|p2a: Odin|0 fnt\n|faint|p2a: Odin\n|move|p2b: Shifu|Revival Blessing|p2b: Shifu\n|\n|t:|1682367240\n|-heal|p2: Amity|50\/100|[from] move: Revival Blessing\n|move|p1a: Ever Grande|Tera Blast|p2b: Shifu\n|-enditem|p2b: Shifu|Focus Sash\n|-damage|p2b: Shifu|1\/100\n|\n|upkeep\n|\n|t:|1682367248\n|switch|p2a: Amity|Flutter Mane, L50|50\/100\n|turn|7\n|inactive|Neko_mollo has 30 seconds left.\n|\n|t:|1682367274\n|-end|p1b: Lilycove|Protosynthesis|[silent]\n|switch|p1b: Mossdeep|Palafin-Hero, L50, M, shiny|100\/100\n|-activate|p1b: Mossdeep|ability: Zero to Hero\n|-terastallize|p2a: Amity|Fairy\n|move|p1a: Ever Grande|Extreme Speed|p2b: Shifu\n|-damage|p2b: Shifu|0 fnt\n|faint|p2b: Shifu\n|move|p2a: Amity|Thunderbolt|p1a: Ever Grande\n|-supereffective|p1a: Ever Grande\n|-damage|p1a: Ever Grande|33\/100\n|\n|upkeep\n|turn|8\n|\n|t:|1682367288\n|move|p1b: Mossdeep|Jet Punch|p2a: Amity\n|-damage|p2a: Amity|0 fnt\n|faint|p2a: Amity\n|-end|p2a: Amity|Protosynthesis|[silent]\n|\n|win|Nehzzy\n|raw|Nehzzy's rating: 1226 → 1248<\/strong> (+22 for winning)\n|raw|Neko_mollo's rating: 1180 → 1158<\/strong> (-22 for losing)\n|l|\u2606Neko_mollo\n|l|\u2606Nehzzy\n|j|\u2606Nehzzy\n|player|p1|Nehzzy|steven\n","uploadtime":1682367303,"views":13,"p1id":"nehzzy","p2id":"nekomollo","formatid":"gen9vgc2023regulationc","rating":1158,"private":0,"password":""}