{"id":"gen9vgc2023regulationc-1862272011","p1":"JhosuaT","p2":"Haseooo","format":"[Gen 9] VGC 2023 Regulation C","log":"|j|\u2606JhosuaT\n|j|\u2606Haseooo\n|t:|1683857941\n|gametype|doubles\n|player|p1|JhosuaT|265|\n|player|p2|Haseooo|gardenia|\n|teamsize|p1|6\n|teamsize|p2|6\n|gen|9\n|tier|[Gen 9] VGC 2023 Regulation C\n|rule|Species Clause: Limit one of each Pok\u00e9mon\n|rule|Item Clause: Limit one of each item\n|clearpoke\n|poke|p1|Torkoal, L50, M|\n|poke|p1|Garchomp, L50, M|\n|poke|p1|Rotom-Wash, L50|\n|poke|p1|Goodra, L50, F|\n|poke|p1|Staraptor, L50, M|\n|poke|p1|Annihilape, L50, F|\n|poke|p2|Talonflame, L50, M|\n|poke|p2|Great Tusk, L50|\n|poke|p2|Annihilape, L50, F|\n|poke|p2|Rotom-Mow, L50|\n|poke|p2|Torkoal, L50, M|\n|poke|p2|Gengar, L50, F|\n|teampreview|4\n|c|\u2606Haseooo|Suerte!\n|c|\u2606JhosuaT|igual\n|\n|t:|1683857970\n|start\n|switch|p1a: Garchomp|Garchomp, L50, M|100\/100\n|switch|p1b: Rotom|Rotom-Wash, L50|100\/100\n|switch|p2a: Talonflame|Talonflame, L50, M|100\/100\n|switch|p2b: Annihilape|Annihilape, L50, F|100\/100\n|turn|1\n|\n|t:|1683858008\n|move|p2a: Talonflame|Tailwind|p2a: Talonflame\n|-sidestart|p2: Haseooo|move: Tailwind\n|move|p2b: Annihilape|Final Gambit|p1b: Rotom\n|-damage|p1b: Rotom|0 fnt\n|faint|p2b: Annihilape\n|faint|p1b: Rotom\n|move|p1a: Garchomp|Rock Slide|p2a: Talonflame\n|-supereffective|p2a: Talonflame\n|-crit|p2a: Talonflame\n|-damage|p2a: Talonflame|0 fnt\n|faint|p2a: Talonflame\n|\n|upkeep\n|\n|t:|1683858023\n|switch|p2a: Rotom|Rotom-Mow, L50|100\/100\n|switch|p2b: Great Tusk|Great Tusk, L50|100\/100\n|switch|p1b: Annihilape|Annihilape, L50, F|100\/100\n|-enditem|p2b: Great Tusk|Booster Energy\n|-activate|p2b: Great Tusk|ability: Protosynthesis|[fromitem]\n|-start|p2b: Great Tusk|protosynthesisatk\n|turn|2\n|\n|t:|1683858085\n|-terastallize|p2b: Great Tusk|Ground\n|move|p1b: Annihilape|Protect|p1b: Annihilape\n|-singleturn|p1b: Annihilape|Protect\n|move|p2b: Great Tusk|Earthquake|p1a: Garchomp|[spread] p1a\n|-activate|p1b: Annihilape|move: Protect\n|-immune|p2a: Rotom|[from] ability: Levitate\n|-damage|p1a: Garchomp|20\/100\n|move|p2a: Rotom|Will-O-Wisp|p1b: Annihilape\n|-activate|p1b: Annihilape|move: Protect\n|move|p1a: Garchomp|Dragon Claw|p2a: Rotom\n|-damage|p2a: Rotom|62\/100\n|\n|upkeep\n|turn|3\n|\n|t:|1683858117\n|move|p2b: Great Tusk|Earthquake|p1a: Garchomp|[spread] p1a,p1b\n|-immune|p2a: Rotom|[from] ability: Levitate\n|-damage|p1a: Garchomp|0 fnt\n|-damage|p1b: Annihilape|27\/100\n|faint|p1a: Garchomp\n|move|p2a: Rotom|Thunderbolt|p1b: Annihilape\n|-damage|p1b: Annihilape|0 fnt\n|faint|p1b: Annihilape\n|\n|upkeep\n|\n|t:|1683858127\n|switch|p1b: Staraptor|Staraptor, L50, M|100\/100\n|-ability|p1b: Staraptor|Intimidate|boost\n|-unboost|p2a: Rotom|atk|1\n|-unboost|p2b: Great Tusk|atk|1\n|turn|4\n|\n|t:|1683858141\n|-terastallize|p1b: Staraptor|Flying\n|move|p2b: Great Tusk|Close Combat|p1b: Staraptor\n|-resisted|p1b: Staraptor\n|-damage|p1b: Staraptor|57\/100\n|-unboost|p2b: Great Tusk|def|1\n|-unboost|p2b: Great Tusk|spd|1\n|move|p1b: Staraptor|Brave Bird|p2a: Rotom\n|-damage|p2a: Rotom|0 fnt\n|faint|p2a: Rotom\n|-damage|p1b: Staraptor|37\/100|[from] Recoil\n|\n|-sideend|p2: Haseooo|move: Tailwind\n|upkeep\n|turn|5\n|\n|t:|1683858154\n|move|p1b: Staraptor|Brave Bird|p2b: Great Tusk\n|-damage|p2b: Great Tusk|18\/100\n|-damage|p1b: Staraptor|5\/100|[from] Recoil\n|move|p2b: Great Tusk|Close Combat|p1b: Staraptor\n|-resisted|p1b: Staraptor\n|-damage|p1b: Staraptor|0 fnt\n|-unboost|p2b: Great Tusk|def|1\n|-unboost|p2b: Great Tusk|spd|1\n|faint|p1b: Staraptor\n|\n|win|Haseooo\n|c|\u2606JhosuaT|casi\n|c|\u2606Haseooo|Buen juego\n|c|\u2606JhosuaT|gg\n|c|\u2606Haseooo|Si, de verdad que si\n","uploadtime":1683858181,"views":10,"p1id":"jhosuat","p2id":"haseooo","formatid":"gen9vgc2023regulationc","rating":0,"private":0,"password":""}