{"id":"gen9vgc2023regulationc-1845881994","p1":"knight8512","p2":"Rogadoga","format":"[Gen 9] VGC 2023 Regulation C","log":"|j|\u2606knight8512\n|j|\u2606Rogadoga\n|t:|1681774906\n|gametype|doubles\n|player|p1|knight8512|boarder|1092\n|player|p2|Rogadoga|bugcatcher-gen4dp|1145\n|teamsize|p1|6\n|teamsize|p2|6\n|gen|9\n|tier|[Gen 9] VGC 2023 Regulation C\n|rated|\n|rule|Species Clause: Limit one of each Pok\u00e9mon\n|rule|Item Clause: Limit one of each item\n|clearpoke\n|poke|p1|Talonflame, L50, M|\n|poke|p1|Garchomp, L50, F|\n|poke|p1|Gyarados, L50, F|\n|poke|p1|Kingambit, L50, F|\n|poke|p1|Flutter Mane, L50|\n|poke|p1|Arboliva, L50, F|\n|poke|p2|Gardevoir, L50, F|\n|poke|p2|Gyarados, L50, M|\n|poke|p2|Chi-Yu, L50|\n|poke|p2|Amoonguss, L50, F|\n|poke|p2|Iron Hands, L50|\n|poke|p2|Garchomp, L50, F|\n|teampreview|4\nRogadoga has agreed to open team sheets.\n|inactive|Battle timer is ON: inactive players will automatically lose when time's up. (requested by Rogadoga)\n|inactive|Rogadoga has 60 seconds left.\n|inactive|Rogadoga has 30 seconds left.\n|inactive|Rogadoga has 20 seconds left.\n|\n|t:|1681775017\n|start\n|switch|p1a: Talonflame|Talonflame, L50, M|100\/100\n|switch|p1b: Garchomp|Garchomp, L50, F|100\/100\n|switch|p2a: Garchomp|Garchomp, L50, F|100\/100\n|switch|p2b: Amoonguss|Amoonguss, L50, F|100\/100\n|turn|1\n|inactive|knight8512 has 30 seconds left.\n|inactive|Rogadoga has 30 seconds left.\n|\n|t:|1681775051\n|switch|p2a: Gyarados|Gyarados, L50, M|100\/100\n|-ability|p2a: Gyarados|Intimidate|boost\n|-unboost|p1a: Talonflame|atk|1\n|-unboost|p1b: Garchomp|atk|1\n|-terastallize|p2b: Amoonguss|Dark\n|move|p1a: Talonflame|Brave Bird|p2b: Amoonguss\n|-damage|p2b: Amoonguss|71\/100\n|-damage|p1a: Talonflame|87\/100|[from] Recoil\n|move|p1b: Garchomp|Dragon Claw|p2a: Gyarados\n|-damage|p2a: Gyarados|73\/100\n|-damage|p1b: Garchomp|91\/100|[from] item: Life Orb\n|move|p2b: Amoonguss|Spore|p1b: Garchomp\n|-status|p1b: Garchomp|slp|[from] move: Spore\n|\n|-heal|p2a: Gyarados|79\/100|[from] item: Leftovers\n|upkeep\n|turn|2\n|inactive|knight8512 has 30 seconds left.\n|inactive|knight8512 has 20 seconds left.\n|inactive|knight8512 has 15 seconds left.\n|inactive|knight8512 has 10 seconds left.\n|\n|t:|1681775099\n|switch|p1b: Arboliva|Arboliva, L50, F|100\/100\n|switch|p2b: Garchomp|Garchomp, L50, F|100\/100\n|move|p1a: Talonflame|Tailwind|p1a: Talonflame\n|-sidestart|p1: knight8512|move: Tailwind\n|move|p2a: Gyarados|Waterfall|p1a: Talonflame\n|-supereffective|p1a: Talonflame\n|-damage|p1a: Talonflame|0 fnt\n|faint|p1a: Talonflame\n|\n|-heal|p2a: Gyarados|85\/100|[from] item: Leftovers\n|upkeep\n|\n|t:|1681775115\n|switch|p1a: Flutter Mane|Flutter Mane, L50|100\/100\n|turn|3\n|\n|t:|1681775135\n|-terastallize|p1a: Flutter Mane|Fairy\n|move|p2b: Garchomp|Protect|p2b: Garchomp\n|-singleturn|p2b: Garchomp|Protect\n|move|p1a: Flutter Mane|Dazzling Gleam|p2a: Gyarados|[spread] p2a\n|-activate|p2b: Garchomp|move: Protect\n|-damage|p2a: Gyarados|31\/100\n|move|p1b: Arboliva|Leech Seed|p2a: Gyarados\n|-start|p2a: Gyarados|move: Leech Seed\n|move|p2a: Gyarados|Thunder Wave|p1a: Flutter Mane\n|-status|p1a: Flutter Mane|par\n|\n|-heal|p2a: Gyarados|37\/100|[from] item: Leftovers\n|-damage|p2a: Gyarados|25\/100|[from] Leech Seed|[of] p1b: Arboliva\n|upkeep\n|turn|4\n|inactive|knight8512 has 30 seconds left.\n|inactive|Rogadoga has 30 seconds left.\n|\n|t:|1681775169\n|switch|p2a: Amoonguss|Amoonguss, L50, F, tera:Dark|100\/100\n|cant|p1a: Flutter Mane|par\n|move|p2b: Garchomp|Earthquake|p1b: Arboliva|[spread] p2a,p1a,p1b\n|-resisted|p1b: Arboliva\n|-damage|p2a: Amoonguss|64\/100\n|-damage|p1a: Flutter Mane|34\/100 par\n|-damage|p1b: Arboliva|83\/100\n|-fieldstart|move: Grassy Terrain|[from] ability: Seed Sower|[of] p1b: Arboliva\n|-enditem|p1b: Arboliva|Grassy Seed\n|-boost|p1b: Arboliva|def|1|[from] item: Grassy Seed\n|move|p1b: Arboliva|Earth Power|p2b: Garchomp\n|-damage|p2b: Garchomp|70\/100\n|-unboost|p2b: Garchomp|spd|1\n|\n|-heal|p1a: Flutter Mane|40\/100 par|[from] Grassy Terrain\n|-heal|p2b: Garchomp|76\/100|[from] Grassy Terrain\n|-heal|p1b: Arboliva|89\/100|[from] Grassy Terrain\n|-heal|p2a: Amoonguss|70\/100|[from] Grassy Terrain\n|upkeep\n|turn|5\n|inactive|knight8512 has 30 seconds left.\n|inactive|Rogadoga has 30 seconds left.\n|\n|t:|1681775207\n|move|p2b: Garchomp|Protect|p2b: Garchomp\n|-singleturn|p2b: Garchomp|Protect\n|move|p2a: Amoonguss|Protect|p2a: Amoonguss\n|-singleturn|p2a: Amoonguss|Protect\n|move|p1a: Flutter Mane|Dazzling Gleam|p2a: Amoonguss|[spread] \n|-activate|p2a: Amoonguss|move: Protect\n|-activate|p2b: Garchomp|move: Protect\n|move|p1b: Arboliva|Leech Seed|p2a: Amoonguss\n|-activate|p2a: Amoonguss|move: Protect\n|\n|-heal|p1a: Flutter Mane|46\/100 par|[from] Grassy Terrain\n|-heal|p2b: Garchomp|82\/100|[from] Grassy Terrain\n|-heal|p1b: Arboliva|95\/100|[from] Grassy Terrain\n|-heal|p2a: Amoonguss|76\/100|[from] Grassy Terrain\n|-sideend|p1: knight8512|move: Tailwind\n|upkeep\n|turn|6\n|\n|t:|1681775230\n|switch|p2a: Gyarados|Gyarados, L50, M|25\/100\n|-ability|p2a: Gyarados|Intimidate|boost\n|-unboost|p1a: Flutter Mane|atk|1\n|-unboost|p1b: Arboliva|atk|1\n|move|p2b: Garchomp|Earthquake|p1b: Arboliva|[spread] p1a,p1b\n|-immune|p2a: Gyarados\n|-resisted|p1b: Arboliva\n|-damage|p1a: Flutter Mane|15\/100 par\n|-damage|p1b: Arboliva|88\/100\n|move|p1a: Flutter Mane|Dazzling Gleam|p2b: Garchomp|[spread] p2a,p2b\n|-supereffective|p2b: Garchomp\n|-crit|p2b: Garchomp\n|-damage|p2a: Gyarados|0 fnt\n|-damage|p2b: Garchomp|0 fnt\n|faint|p2a: Gyarados\n|faint|p2b: Garchomp\n|move|p1b: Arboliva|Leech Seed|p2: Gyarados|[notarget]\n|-fail|p1b: Arboliva\n|\n|-heal|p1a: Flutter Mane|21\/100 par|[from] Grassy Terrain\n|-heal|p1b: Arboliva|94\/100|[from] Grassy Terrain\n|upkeep\n|\n|t:|1681775247\n|switch|p2b: Iron Hands|Iron Hands, L50|100\/100\n|switch|p2a: Amoonguss|Amoonguss, L50, F, tera:Dark|100\/100\n|-enditem|p2b: Iron Hands|Booster Energy\n|-activate|p2b: Iron Hands|ability: Quark Drive|[fromitem]\n|-start|p2b: Iron Hands|quarkdriveatk\n|turn|7\n|\n|t:|1681775264\n|move|p1a: Flutter Mane|Dazzling Gleam|p2b: Iron Hands|[spread] p2a,p2b\n|-supereffective|p2a: Amoonguss\n|-supereffective|p2b: Iron Hands\n|-damage|p2a: Amoonguss|13\/100\n|-damage|p2b: Iron Hands|5\/100\n|-enditem|p2a: Amoonguss|Sitrus Berry|[eat]\n|-heal|p2a: Amoonguss|38\/100|[from] item: Sitrus Berry\n|move|p2b: Iron Hands|Wild Charge|p1a: Flutter Mane\n|-damage|p1a: Flutter Mane|0 fnt\n|faint|p1a: Flutter Mane\n|-end|p1a: Flutter Mane|Protosynthesis|[silent]\n|-damage|p2b: Iron Hands|1\/100|[from] Recoil\n|move|p1b: Arboliva|Strength Sap|p2b: Iron Hands\n|-unboost|p2b: Iron Hands|atk|1\n|-heal|p1b: Arboliva|100\/100\n|move|p2a: Amoonguss|Pollen Puff|p2b: Iron Hands\n|-heal|p2b: Iron Hands|51\/100\n|\n|-heal|p2b: Iron Hands|57\/100|[from] Grassy Terrain\n|-heal|p2a: Amoonguss|43\/100|[from] Grassy Terrain\n|upkeep\n|\n|t:|1681775286\n|switch|p1a: Garchomp|Garchomp, L50, F|91\/100 slp\n|turn|8\n|\n|t:|1681775304\n|cant|p1a: Garchomp|slp\n|move|p2b: Iron Hands|Close Combat|p1a: Garchomp\n|-damage|p1a: Garchomp|27\/100 slp\n|-unboost|p2b: Iron Hands|def|1\n|-unboost|p2b: Iron Hands|spd|1\n|-damage|p2b: Iron Hands|45\/100|[from] ability: Rough Skin|[of] p1a: Garchomp\n|move|p1b: Arboliva|Leech Seed|p2b: Iron Hands\n|-start|p2b: Iron Hands|move: Leech Seed\n|move|p2a: Amoonguss|Pollen Puff|p2b: Iron Hands\n|-heal|p2b: Iron Hands|95\/100\n|\n|-heal|p1a: Garchomp|33\/100 slp|[from] Grassy Terrain\n|-heal|p2b: Iron Hands|100\/100|[from] Grassy Terrain\n|-heal|p2a: Amoonguss|49\/100|[from] Grassy Terrain\n|-damage|p2b: Iron Hands|88\/100|[from] Leech Seed|[of] p1b: Arboliva\n|-fieldend|move: Grassy Terrain\n|upkeep\n|turn|9\n|inactive|knight8512 has 30 seconds left.\n|inactive|Rogadoga has 30 seconds left.\n|inactive|Rogadoga has 20 seconds left.\n|inactive|knight8512 has 20 seconds left.\n|inactive|Rogadoga has 15 seconds left.\n|\n|t:|1681775349\n|cant|p1a: Garchomp|slp\n|move|p2a: Amoonguss|Rage Powder|p2a: Amoonguss\n|-singleturn|p2a: Amoonguss|move: Rage Powder\n|move|p2b: Iron Hands|Close Combat|p1a: Garchomp\n|-damage|p1a: Garchomp|0 fnt\n|-unboost|p2b: Iron Hands|def|1\n|-unboost|p2b: Iron Hands|spd|1\n|-damage|p2b: Iron Hands|76\/100|[from] ability: Rough Skin|[of] p1a: Garchomp\n|faint|p1a: Garchomp\n|move|p1b: Arboliva|Leech Seed|p2a: Amoonguss\n|-start|p2a: Amoonguss|move: Leech Seed\n|\n|-damage|p2b: Iron Hands|64\/100|[from] Leech Seed|[of] p1b: Arboliva\n|-damage|p2a: Amoonguss|37\/100|[from] Leech Seed|[of] p1b: Arboliva\n|upkeep\n|turn|10\n|\n|t:|1681775368\n|move|p2b: Iron Hands|Close Combat|p1b: Arboliva\n|-supereffective|p1b: Arboliva\n|-damage|p1b: Arboliva|31\/100\n|-unboost|p2b: Iron Hands|def|1\n|-unboost|p2b: Iron Hands|spd|1\n|-fieldstart|move: Grassy Terrain|[from] ability: Seed Sower|[of] p1b: Arboliva\n|move|p1b: Arboliva|Strength Sap|p2b: Iron Hands\n|-unboost|p2b: Iron Hands|atk|1\n|-heal|p1b: Arboliva|100\/100\n|move|p2a: Amoonguss|Pollen Puff|p2b: Iron Hands\n|-heal|p2b: Iron Hands|100\/100\n|\n|-heal|p2a: Amoonguss|43\/100|[from] Grassy Terrain\n|-damage|p2b: Iron Hands|88\/100|[from] Leech Seed|[of] p1b: Arboliva\n|-damage|p2a: Amoonguss|31\/100|[from] Leech Seed|[of] p1b: Arboliva\n|upkeep\n|turn|11\n|inactive|knight8512 has 30 seconds left.\n|\n|t:|1681775397\n|move|p2b: Iron Hands|Wild Charge|p1b: Arboliva\n|-resisted|p1b: Arboliva\n|-damage|p1b: Arboliva|90\/100\n|-damage|p2b: Iron Hands|86\/100|[from] Recoil\n|move|p1b: Arboliva|Giga Drain|p2b: Iron Hands\n|-damage|p2b: Iron Hands|9\/100\n|-heal|p1b: Arboliva|100\/100|[from] drain|[of] p2b: Iron Hands\n|move|p2a: Amoonguss|Pollen Puff|p1b: Arboliva\n|-supereffective|p1b: Arboliva\n|-damage|p1b: Arboliva|75\/100\n|\n|-heal|p2b: Iron Hands|15\/100|[from] Grassy Terrain\n|-heal|p1b: Arboliva|81\/100|[from] Grassy Terrain\n|-heal|p2a: Amoonguss|37\/100|[from] Grassy Terrain\n|-damage|p2b: Iron Hands|3\/100|[from] Leech Seed|[of] p1b: Arboliva\n|-heal|p1b: Arboliva|97\/100|[silent]\n|-damage|p2a: Amoonguss|24\/100|[from] Leech Seed|[of] p1b: Arboliva\n|-heal|p1b: Arboliva|100\/100|[silent]\n|upkeep\n|turn|12\n|inactive|Rogadoga has 30 seconds left.\n|\n|t:|1681775425\n|move|p2b: Iron Hands|Close Combat|p1b: Arboliva\n|-supereffective|p1b: Arboliva\n|-damage|p1b: Arboliva|47\/100\n|-unboost|p2b: Iron Hands|def|1\n|-unboost|p2b: Iron Hands|spd|1\n|move|p1b: Arboliva|Earth Power|p2b: Iron Hands\n|-supereffective|p2b: Iron Hands\n|-damage|p2b: Iron Hands|0 fnt\n|faint|p2b: Iron Hands\n|-end|p2b: Iron Hands|Quark Drive|[silent]\n|move|p2a: Amoonguss|Pollen Puff|p1b: Arboliva\n|-supereffective|p1b: Arboliva\n|-damage|p1b: Arboliva|20\/100\n|\n|-heal|p1b: Arboliva|26\/100|[from] Grassy Terrain\n|-heal|p2a: Amoonguss|30\/100|[from] Grassy Terrain\n|-damage|p2a: Amoonguss|18\/100|[from] Leech Seed|[of] p1b: Arboliva\n|-heal|p1b: Arboliva|40\/100|[silent]\n|upkeep\n|turn|13\n|\n|t:|1681775447\n|move|p1b: Arboliva|Giga Drain|p2a: Amoonguss\n|-damage|p2a: Amoonguss|0 fnt\n|-heal|p1b: Arboliva|49\/100|[from] drain|[of] p2a: Amoonguss\n|faint|p2a: Amoonguss\n|\n|win|knight8512\n|raw|knight8512's rating: 1092 → 1122<\/strong> (+30 for winning)\n|raw|Rogadoga's rating: 1145 → 1116<\/strong> (-29 for losing)\n|c|\u2606Rogadoga|gg\n|l|\u2606Rogadoga\n|c|\u2606knight8512|Gg\n","uploadtime":1681775468,"views":20,"p1id":"knight8512","p2id":"rogadoga","formatid":"gen9vgc2023regulationc","rating":1116,"private":0,"password":""}