{"id":"gen9vgc2023regulationc-1860020682","p1":"VGC n00bie","p2":"Braydend517","format":"[Gen 9] VGC 2023 Regulation C","log":"|j|\u2606VGC n00bie\n|j|\u2606Braydend517\n|t:|1683585941\n|gametype|doubles\n|player|p1|VGC n00bie|silver-gen2kanto|1176\n|player|p2|Braydend517|101|1240\n|teamsize|p1|6\n|teamsize|p2|6\n|gen|9\n|tier|[Gen 9] VGC 2023 Regulation C\n|rated|\n|rule|Species Clause: Limit one of each Pok\u00e9mon\n|rule|Item Clause: Limit one of each item\n|clearpoke\n|poke|p1|Talonflame, L50, M|\n|poke|p1|Palafin, L50, M|\n|poke|p1|Flutter Mane, L50|\n|poke|p1|Chien-Pao, L50|\n|poke|p1|Ting-Lu, L50|\n|poke|p1|Roaring Moon, L50|\n|poke|p2|Farigiraf, L50, F|\n|poke|p2|Great Tusk, L50|\n|poke|p2|Iron Hands, L50|\n|poke|p2|Hatterene, L50, F|\n|poke|p2|Flutter Mane, L50|\n|poke|p2|Corviknight, L50, F|\n|teampreview|4\n|inactive|Battle timer is ON: inactive players will automatically lose when time's up. (requested by VGC n00bie)\nVGC n00bie has agreed to open team sheets.\n|\n|t:|1683585966\n|start\n|switch|p1a: Hi 5 Ghost|Flutter Mane, L50|100\/100\n|switch|p1b: Margaret|Talonflame, L50, M|100\/100\n|switch|p2a: Hatterene|Hatterene, L50, F, shiny|100\/100\n|switch|p2b: Flutter Mane|Flutter Mane, L50, shiny|100\/100\n|turn|1\n|inactive|Braydend517 has 30 seconds left.\n|\n|t:|1683585994\n|-end|p2b: Flutter Mane|Protosynthesis|[silent]\n|switch|p2b: Farigiraf|Farigiraf, L50, F, shiny|100\/100\n|-terastallize|p2a: Hatterene|Fire\n|move|p1b: Margaret|Brave Bird||[still]\n|cant|p2b: Farigiraf|ability: Armor Tail|Brave Bird|[of] p1b: Margaret\n|move|p1a: Hi 5 Ghost|Shadow Ball|p2a: Hatterene\n|-damage|p2a: Hatterene|51\/100\n|-damage|p1a: Hi 5 Ghost|91\/100|[from] item: Life Orb\n|move|p2a: Hatterene|Trick Room|p2a: Hatterene\n|-fieldstart|move: Trick Room|[of] p2a: Hatterene\n|\n|upkeep\n|turn|2\n|inactive|VGC n00bie has 30 seconds left.\n|\n|t:|1683586021\n|move|p2a: Hatterene|Psychic|p1a: Hi 5 Ghost\n|-damage|p1a: Hi 5 Ghost|34\/100\n|-damage|p2a: Hatterene|41\/100|[from] item: Life Orb\n|move|p2b: Farigiraf|Psyshock|p1a: Hi 5 Ghost\n|-damage|p1a: Hi 5 Ghost|0 fnt\n|faint|p1a: Hi 5 Ghost\n|-end|p1a: Hi 5 Ghost|Protosynthesis|[silent]\n|move|p1b: Margaret|Taunt|p2b: Farigiraf\n|-start|p2b: Farigiraf|move: Taunt\n|\n|upkeep\n|\n|t:|1683586035\n|switch|p1a: Benson|Ting-Lu, L50|100\/100\n|-ability|p1a: Benson|Vessel of Ruin\n|turn|3\n|\n|t:|1683586044\n|-terastallize|p1a: Benson|Poison\n|move|p2a: Hatterene|Dazzling Gleam|p1b: Margaret|[spread] p1a,p1b\n|-resisted|p1a: Benson\n|-resisted|p1b: Margaret\n|-damage|p1a: Benson|94\/100\n|-damage|p1b: Margaret|83\/100\n|-damage|p2a: Hatterene|32\/100|[from] item: Life Orb\n|move|p1a: Benson|Rock Slide|p2b: Farigiraf|[spread] p2a,p2b\n|-supereffective|p2a: Hatterene\n|-damage|p2a: Hatterene|0 fnt\n|-damage|p2b: Farigiraf|89\/100\n|faint|p2a: Hatterene\n|cant|p2b: Farigiraf|flinch\n|move|p1b: Margaret|Will-O-Wisp|p2b: Farigiraf\n|-status|p2b: Farigiraf|brn\n|\n|-damage|p2b: Farigiraf|83\/100 brn|[from] brn\n|upkeep\n|\n|t:|1683586063\n|switch|p2a: Iron Hands|Iron Hands, L50, shiny|100\/100\n|turn|4\n|\n|t:|1683586072\n|move|p2a: Iron Hands|Wild Charge|p1b: Margaret\n|-supereffective|p1b: Margaret\n|-damage|p1b: Margaret|0 fnt\n|faint|p1b: Margaret\n|-damage|p2a: Iron Hands|85\/100|[from] Recoil\n|move|p1a: Benson|Ruination|p2a: Iron Hands\n|-damage|p2a: Iron Hands|43\/100\n|move|p2b: Farigiraf|Psyshock|p1a: Benson\n|-supereffective|p1a: Benson\n|-damage|p1a: Benson|67\/100\n|\n|-damage|p2b: Farigiraf|77\/100 brn|[from] brn\n|upkeep\n|\n|t:|1683586084\n|switch|p1b: Mordecai|Roaring Moon, L50|100\/100\n|-enditem|p1b: Mordecai|Booster Energy\n|-activate|p1b: Mordecai|ability: Protosynthesis|[fromitem]\n|-start|p1b: Mordecai|protosynthesisspe\n|turn|5\n|\n|t:|1683586094\n|move|p1b: Mordecai|Protect|p1b: Mordecai\n|-singleturn|p1b: Mordecai|Protect\n|move|p2a: Iron Hands|Drain Punch|p1b: Mordecai\n|-activate|p1b: Mordecai|move: Protect\n|move|p1a: Benson|Stomping Tantrum|p2a: Iron Hands\n|-supereffective|p2a: Iron Hands\n|-damage|p2a: Iron Hands|4\/100\n|move|p2b: Farigiraf|Psyshock|p1a: Benson\n|-supereffective|p1a: Benson\n|-damage|p1a: Benson|41\/100\n|\n|-damage|p2b: Farigiraf|71\/100 brn|[from] brn\n|-end|p2b: Farigiraf|move: Taunt\n|-fieldend|move: Trick Room\n|upkeep\n|turn|6\n|inactive|Braydend517 has 30 seconds left.\n|\n|t:|1683586122\n|move|p1b: Mordecai|Crunch|p2b: Farigiraf\n|-supereffective|p2b: Farigiraf\n|-crit|p2b: Farigiraf\n|-damage|p2b: Farigiraf|0 fnt\n|faint|p2b: Farigiraf\n|move|p1a: Benson|Stomping Tantrum|p2a: Iron Hands\n|-supereffective|p2a: Iron Hands\n|-damage|p2a: Iron Hands|0 fnt\n|faint|p2a: Iron Hands\n|-end|p2a: Iron Hands|Quark Drive|[silent]\n|\n|upkeep\n|\n|t:|1683586133\n|switch|p2b: Flutter Mane|Flutter Mane, L50, shiny|100\/100\n|turn|7\n|\n|t:|1683586139\n|move|p1b: Mordecai|Acrobatics|p2b: Flutter Mane\n|-damage|p2b: Flutter Mane|43\/100\n|move|p2b: Flutter Mane|Dazzling Gleam|p1a: Benson|[spread] p1a,p1b\n|-resisted|p1a: Benson\n|-supereffective|p1b: Mordecai\n|-damage|p1a: Benson|31\/100\n|-damage|p1b: Mordecai|0 fnt\n|faint|p1b: Mordecai\n|-end|p1b: Mordecai|Protosynthesis|[silent]\n|move|p1a: Benson|Rock Slide|p2b: Flutter Mane\n|-damage|p2b: Flutter Mane|15\/100\n|\n|upkeep\n|turn|8\n|\n|t:|1683586151\n|move|p2b: Flutter Mane|Dazzling Gleam|p1a: Benson\n|-resisted|p1a: Benson\n|-damage|p1a: Benson|20\/100\n|move|p1a: Benson|Rock Slide|p2b: Flutter Mane\n|-damage|p2b: Flutter Mane|0 fnt\n|faint|p2b: Flutter Mane\n|-end|p2b: Flutter Mane|Protosynthesis|[silent]\n|\n|win|VGC n00bie\n|raw|VGC n00bie's rating: 1176 → 1206<\/strong> (+30 for winning)\n|raw|Braydend517's rating: 1240 → 1210<\/strong> (-30 for losing)\n|c|\u2606VGC n00bie|gg\n|l|\u2606Braydend517\n","uploadtime":1683586162,"views":12,"p1id":"vgcn00bie","p2id":"braydend517","formatid":"gen9vgc2023regulationc","rating":1206,"private":0,"password":""}