{"id":"gen9vgc2023regulationc-1847521871","p1":"Sumo'sWeenusVGC","p2":"Smartest Albanian","format":"[Gen 9] VGC 2023 Regulation C","log":"|j|\u2606Sumo'sWeenusVGC\n|j|\u2606Smartest Albanian\n|t:|1681966693\n|gametype|doubles\n|player|p1|Sumo'sWeenusVGC|colress|1241\n|player|p2|Smartest Albanian|swimmer-gen4|1234\n|teamsize|p1|6\n|teamsize|p2|4\n|gen|9\n|tier|[Gen 9] VGC 2023 Regulation C\n|rated|\n|rule|Species Clause: Limit one of each Pok\u00e9mon\n|rule|Item Clause: Limit one of each item\n|clearpoke\n|poke|p1|Annihilape, L50, M|\n|poke|p1|Chien-Pao, L50|\n|poke|p1|Flutter Mane, L50|\n|poke|p1|Arcanine, L50, M|\n|poke|p1|Palafin, L50, F|\n|poke|p1|Amoonguss, L50, F|\n|poke|p2|Slaking, L50, F|\n|poke|p2|Stonjourner, L50, M|\n|poke|p2|Grafaiai, L50, F|\n|poke|p2|Amoonguss, L50, M|\n|teampreview|4\n|inactive|Battle timer is ON: inactive players will automatically lose when time's up. (requested by Sumo'sWeenusVGC)\nSumo'sWeenusVGC has agreed to open team sheets.\n|inactive|Sumo'sWeenusVGC has 60 seconds left.\n|\n|t:|1681966733\n|start\n|switch|p1a: Psi Mu Signma|Annihilape, L50, M, shiny|100\/100\n|switch|p1b: Doll-Pugno|Palafin, L50, F, shiny|100\/100\n|switch|p2a: Grafaiai|Grafaiai, L50, F|100\/100\n|switch|p2b: Slaking|Slaking, L50, F|100\/100\n|turn|1\n|inactive|Sumo'sWeenusVGC has 30 seconds left.\n|inactive|Smartest Albanian has 30 seconds left.\n|\n|t:|1681966762\n|detailschange|p1b: Doll-Pugno|Palafin-Hero, L50, F, shiny\n|switch|p1b: Slif's Woof|Arcanine, L50, M, shiny|100\/100\n|-ability|p1b: Slif's Woof|Intimidate|boost\n|-unboost|p2a: Grafaiai|atk|1\n|-unboost|p2b: Slaking|atk|1\n|move|p2a: Grafaiai|Doodle|p1a: Psi Mu Signma\n|-endability|p2a: Grafaiai|Prankster|[from] move: Doodle\n|-ability|p2a: Grafaiai|Defiant|[from] move: Doodle\n|-endability|p2b: Slaking|Truant|[from] move: Doodle\n|-ability|p2b: Slaking|Defiant|[from] move: Doodle\n|move|p2b: Slaking|Play Rough|p1a: Psi Mu Signma\n|-supereffective|p1a: Psi Mu Signma\n|-damage|p1a: Psi Mu Signma|19\/100\n|move|p1a: Psi Mu Signma|Bulk Up|p1a: Psi Mu Signma\n|-boost|p1a: Psi Mu Signma|atk|1\n|-boost|p1a: Psi Mu Signma|def|1\n|\n|-heal|p1a: Psi Mu Signma|25\/100|[from] item: Leftovers\n|upkeep\n|turn|2\n|\n|t:|1681966784\n|move|p1a: Psi Mu Signma|Protect|p1a: Psi Mu Signma\n|-singleturn|p1a: Psi Mu Signma|Protect\n|move|p2a: Grafaiai|Parting Shot|p2b: Slaking\n|-unboost|p2b: Slaking|atk|1\n|-unboost|p2b: Slaking|spa|1\n|\n|t:|1681966794\n|switch|p2a: Stonjourner|Stonjourner, L50, M|100\/100|[from] Parting Shot\n|move|p1b: Slif's Woof|Howl|p1b: Slif's Woof|[spread] p1a,p1b\n|-boost|p1a: Psi Mu Signma|atk|1\n|-boost|p1b: Slif's Woof|atk|1\n|move|p2b: Slaking|Play Rough|p1a: Psi Mu Signma\n|-activate|p1a: Psi Mu Signma|move: Protect\n|\n|-heal|p1a: Psi Mu Signma|31\/100|[from] item: Leftovers\n|upkeep\n|turn|3\n|inactive|Sumo'sWeenusVGC has 30 seconds left.\n|inactive|Sumo'sWeenusVGC has 20 seconds left.\n|\n|t:|1681966831\n|switch|p2b: Amoonguss|Amoonguss, L50, M|100\/100\n|move|p1b: Slif's Woof|Extreme Speed|p2b: Amoonguss\n|-damage|p2b: Amoonguss|77\/100\n|move|p1a: Psi Mu Signma|Drain Punch|p2b: Amoonguss\n|-resisted|p2b: Amoonguss\n|-damage|p2b: Amoonguss|57\/100\n|-heal|p1a: Psi Mu Signma|42\/100|[from] drain|[of] p2b: Amoonguss\n|-status|p1a: Psi Mu Signma|psn|[from] ability: Effect Spore|[of] p2b: Amoonguss\n|move|p2a: Stonjourner|Gravity|p2a: Stonjourner\n|-fieldstart|move: Gravity\n|\n|-heal|p1a: Psi Mu Signma|48\/100 psn|[from] item: Leftovers\n|-damage|p1a: Psi Mu Signma|36\/100 psn|[from] psn\n|upkeep\n|turn|4\n|inactive|Sumo'sWeenusVGC has 30 seconds left.\n|inactive|Smartest Albanian has 30 seconds left.\n|\n|t:|1681966860\n|move|p1b: Slif's Woof|Flare Blitz|p2b: Amoonguss\n|-supereffective|p2b: Amoonguss\n|-damage|p2b: Amoonguss|0 fnt\n|faint|p2b: Amoonguss\n|-damage|p1b: Slif's Woof|79\/100|[from] Recoil\n|move|p1a: Psi Mu Signma|Drain Punch|p2a: Stonjourner\n|-supereffective|p2a: Stonjourner\n|-damage|p2a: Stonjourner|28\/100\n|-heal|p1a: Psi Mu Signma|71\/100 psn|[from] drain|[of] p2a: Stonjourner\n|move|p2a: Stonjourner|Rock Slide|p1a: Psi Mu Signma|[spread] p1a,p1b\n|-resisted|p1a: Psi Mu Signma\n|-supereffective|p1b: Slif's Woof\n|-damage|p1a: Psi Mu Signma|63\/100 psn\n|-damage|p1b: Slif's Woof|32\/100\n|\n|-heal|p1a: Psi Mu Signma|69\/100 psn|[from] item: Leftovers\n|-damage|p1a: Psi Mu Signma|57\/100 psn|[from] psn\n|upkeep\n|\n|t:|1681966868\n|switch|p2b: Slaking|Slaking, L50, F|100\/100\n|turn|5\n|\n|t:|1681966890\n|switch|p1b: Doll-Pugno|Palafin-Hero, L50, F, shiny|100\/100\n|-activate|p1b: Doll-Pugno|ability: Zero to Hero\n|move|p2a: Stonjourner|Protect|p2a: Stonjourner\n|-singleturn|p2a: Stonjourner|Protect\n|move|p2b: Slaking|Play Rough|p1a: Psi Mu Signma\n|-supereffective|p1a: Psi Mu Signma\n|-damage|p1a: Psi Mu Signma|0 fnt\n|faint|p1a: Psi Mu Signma\n|\n|upkeep\n|\n|t:|1681966903\n|switch|p1a: Slif's Woof|Arcanine, L50, M, shiny|32\/100\n|-ability|p1a: Slif's Woof|Intimidate|boost\n|-unboost|p2a: Stonjourner|atk|1\n|-unboost|p2b: Slaking|atk|1\n|turn|6\n|\n|t:|1681966920\n|switch|p2b: Grafaiai|Grafaiai, L50, F|100\/100\n|-terastallize|p1b: Doll-Pugno|Water\n|move|p1b: Doll-Pugno|Jet Punch|p2a: Stonjourner\n|-supereffective|p2a: Stonjourner\n|-damage|p2a: Stonjourner|0 fnt\n|faint|p2a: Stonjourner\n|move|p1a: Slif's Woof|Howl|p1a: Slif's Woof|[spread] p1a,p1b\n|-boost|p1a: Slif's Woof|atk|1\n|-boost|p1b: Doll-Pugno|atk|1\n|\n|upkeep\n|\n|t:|1681966927\n|switch|p2a: Slaking|Slaking, L50, F|100\/100\n|turn|7\n|\n|t:|1681966946\n|-terastallize|p2a: Slaking|Normal\n|move|p1b: Doll-Pugno|Protect|p1b: Doll-Pugno\n|-singleturn|p1b: Doll-Pugno|Protect\n|move|p2b: Grafaiai|Doodle|p1a: Slif's Woof\n|-endability|p2a: Slaking|Truant|[from] move: Doodle\n|-ability|p2a: Slaking|Intimidate|boost\n|-unboost|p1a: Slif's Woof|atk|1\n|-unboost|p1b: Doll-Pugno|atk|1\n|-ability|p2a: Slaking|Intimidate|[from] move: Doodle\n|-endability|p2b: Grafaiai|Prankster|[from] move: Doodle\n|-ability|p2b: Grafaiai|Intimidate|boost\n|-unboost|p1a: Slif's Woof|atk|1\n|-unboost|p1b: Doll-Pugno|atk|1\n|-ability|p2b: Grafaiai|Intimidate|[from] move: Doodle\n|move|p1a: Slif's Woof|Howl|p1a: Slif's Woof|[spread] p1a,p1b\n|-boost|p1a: Slif's Woof|atk|1\n|-boost|p1b: Doll-Pugno|atk|1\n|move|p2a: Slaking|Mega Kick|p1b: Doll-Pugno\n|-activate|p1b: Doll-Pugno|move: Protect\n|\n|-fieldend|move: Gravity\n|upkeep\n|turn|8\n|inactive|Sumo'sWeenusVGC has 30 seconds left.\n|inactive|Smartest Albanian has 30 seconds left.\n|inactive|Smartest Albanian has 20 seconds left.\n|\n|t:|1681966982\n|move|p1a: Slif's Woof|Extreme Speed|p2a: Slaking\n|-damage|p2a: Slaking|85\/100\n|move|p2b: Grafaiai|Doodle||[still]\n|-fail|p2b: Grafaiai\n|move|p1b: Doll-Pugno|Wave Crash|p2a: Slaking\n|-damage|p2a: Slaking|0 fnt\n|faint|p2a: Slaking\n|-damage|p1b: Doll-Pugno|66\/100|[from] Recoil\n|\n|upkeep\n|turn|9\n|-message|Smartest Albanian forfeited.\n|\n|win|Sumo'sWeenusVGC\n|raw|Sumo'sWeenusVGC's rating: 1241 → 1265<\/strong> (+24 for winning)\n|raw|Smartest Albanian's rating: 1234 → 1210<\/strong> (-24 for losing)\n|l|\u2606Smartest Albanian\n","uploadtime":1681967000,"views":7,"p1id":"sumosweenusvgc","p2id":"smartestalbanian","formatid":"gen9vgc2023regulationc","rating":1210,"private":0,"password":""}