{"id":"gen9vgc2023regulationc-1857819095","p1":"itay7689","p2":"Jagannath","format":"[Gen 9] VGC 2023 Regulation C","log":"|j|\u2606itay7689\n|j|\u2606Jagannath\n|t:|1683235098\n|gametype|doubles\n|player|p1|itay7689|gladion-stance|1070\n|player|p2|Jagannath|pokemonranger|1000\n|teamsize|p1|6\n|teamsize|p2|6\n|gen|9\n|tier|[Gen 9] VGC 2023 Regulation C\n|rated|\n|rule|Species Clause: Limit one of each Pok\u00e9mon\n|rule|Item Clause: Limit one of each item\n|clearpoke\n|poke|p1|Gastrodon, L50, M|\n|poke|p1|Pelipper, L50, M|\n|poke|p1|Sylveon, L50, M|\n|poke|p1|Dragapult, L50, F|\n|poke|p1|Barraskewda, L50, M|\n|poke|p1|Grimmsnarl, L50, M|\n|poke|p2|Abomasnow, L50, M|\n|poke|p2|Iron Bundle, L50|\n|poke|p2|Chien-Pao, L50|\n|poke|p2|Amoonguss, L50, M|\n|poke|p2|Murkrow, L50, M|\n|poke|p2|Great Tusk, L50|\n|teampreview|4\n|inactive|Battle timer is ON: inactive players will automatically lose when time's up. (requested by itay7689)\n|inactive|Jagannath has 60 seconds left.\n|\n|t:|1683235135\n|start\n|switch|p1a: Pelipper|Pelipper, L50, M|100\/100\n|switch|p1b: Barraskewda|Barraskewda, L50, M|100\/100\n|switch|p2a: Abomasnow|Abomasnow, L50, M|100\/100\n|switch|p2b: Iron Bundle|Iron Bundle, L50|100\/100\n|-weather|Snow|[from] ability: Snow Warning|[of] p2a: Abomasnow\n|-weather|RainDance|[from] ability: Drizzle|[of] p1a: Pelipper\n|-enditem|p2b: Iron Bundle|Booster Energy\n|-activate|p2b: Iron Bundle|ability: Quark Drive|[fromitem]\n|-start|p2b: Iron Bundle|quarkdrivespe\n|turn|1\n|inactive|Jagannath has 30 seconds left.\n|\n|t:|1683235160\n|switch|p2a: Amoonguss|Amoonguss, L50, M|100\/100\n|move|p2b: Iron Bundle|Protect|p2b: Iron Bundle\n|-singleturn|p2b: Iron Bundle|Protect\n|move|p1a: Pelipper|Protect|p1a: Pelipper\n|-singleturn|p1a: Pelipper|Protect\n|move|p1b: Barraskewda|Close Combat|p2b: Iron Bundle\n|-activate|p2b: Iron Bundle|move: Protect\n|\n|-weather|RainDance|[upkeep]\n|upkeep\n|turn|2\n|\n|t:|1683235175\n|switch|p2a: Abomasnow|Abomasnow, L50, M|100\/100\n|-weather|Snow|[from] ability: Snow Warning|[of] p2a: Abomasnow\n|move|p2b: Iron Bundle|Blizzard|p1b: Barraskewda|[spread] p1a,p1b\n|-resisted|p1b: Barraskewda\n|-damage|p1a: Pelipper|45\/100\n|-damage|p1b: Barraskewda|64\/100\n|move|p1b: Barraskewda|Psychic Fangs|p2a: Abomasnow\n|-damage|p2a: Abomasnow|71\/100\n|-damage|p1b: Barraskewda|54\/100|[from] item: Life Orb\n|move|p1a: Pelipper|Hurricane|p2a: Abomasnow\n|-supereffective|p2a: Abomasnow\n|-damage|p2a: Abomasnow|0 fnt\n|faint|p2a: Abomasnow\n|\n|-weather|Snow|[upkeep]\n|upkeep\n|\n|t:|1683235196\n|switch|p2a: Amoonguss|Amoonguss, L50, M|100\/100\n|turn|3\n|\n|t:|1683235220\n|switch|p1b: Grimmsnarl|Grimmsnarl, L50, M|100\/100\n|switch|p1a: Bobby|Gastrodon, L50, M|100\/100\n|move|p2a: Amoonguss|Rage Powder|p2a: Amoonguss\n|-singleturn|p2a: Amoonguss|move: Rage Powder\n|move|p2b: Iron Bundle|Blizzard|p1a: Bobby|[spread] p1a,p1b\n|-damage|p1a: Bobby|66\/100\n|-damage|p1b: Grimmsnarl|60\/100\n|\n|-weather|Snow|[upkeep]\n|-heal|p1b: Grimmsnarl|66\/100|[from] item: Leftovers\n|upkeep\n|turn|4\n|inactive|Jagannath has 30 seconds left.\n|inactive|itay7689 has 30 seconds left.\n|\n|t:|1683235250\n|-terastallize|p1a: Bobby|Fire\n|move|p2b: Iron Bundle|Protect|p2b: Iron Bundle\n|-singleturn|p2b: Iron Bundle|Protect\n|move|p1b: Grimmsnarl|Light Screen|p1b: Grimmsnarl\n|-sidestart|p1: itay7689|move: Light Screen\n|move|p1a: Bobby|Tera Blast|p2b: Iron Bundle\n|-activate|p2b: Iron Bundle|move: Protect\n|move|p2a: Amoonguss|Sludge Bomb|p1b: Grimmsnarl\n|-supereffective|p1b: Grimmsnarl\n|-damage|p1b: Grimmsnarl|25\/100\n|\n|-weather|Snow|[upkeep]\n|-heal|p1b: Grimmsnarl|31\/100|[from] item: Leftovers\n|upkeep\n|turn|5\n|inactive|Jagannath has 30 seconds left.\n|inactive|Jagannath has 20 seconds left.\n|\n|t:|1683235287\n|move|p1b: Grimmsnarl|Thunder Wave|p2b: Iron Bundle\n|-status|p2b: Iron Bundle|par\n|move|p2b: Iron Bundle|Blizzard|p1b: Grimmsnarl|[spread] p1a,p1b\n|-resisted|p1a: Bobby\n|-damage|p1a: Bobby|55\/100\n|-damage|p1b: Grimmsnarl|3\/100\n|move|p1a: Bobby|Tera Blast|p2b: Iron Bundle\n|-crit|p2b: Iron Bundle\n|-damage|p2b: Iron Bundle|38\/100 par\n|move|p2a: Amoonguss|Sludge Bomb|p1b: Grimmsnarl\n|-supereffective|p1b: Grimmsnarl\n|-damage|p1b: Grimmsnarl|0 fnt\n|faint|p1b: Grimmsnarl\n|\n|-weather|Snow|[upkeep]\n|upkeep\n|\n|t:|1683235302\n|switch|p1b: Pelipper|Pelipper, L50, M|45\/100\n|-weather|RainDance|[from] ability: Drizzle|[of] p1b: Pelipper\n|turn|6\n|\n|t:|1683235312\n|move|p2b: Iron Bundle|Protect|p2b: Iron Bundle\n|-singleturn|p2b: Iron Bundle|Protect\n|move|p1b: Pelipper|Surf|p2b: Iron Bundle|[spread] p2a\n|-activate|p2b: Iron Bundle|move: Protect\n|-ability|p1a: Bobby|Storm Drain|boost\n|-boost|p1a: Bobby|spa|1\n|-resisted|p2a: Amoonguss\n|-damage|p2a: Amoonguss|85\/100\n|move|p1a: Bobby|Surf|p2b: Iron Bundle|[spread] p1b,p2a\n|-activate|p2b: Iron Bundle|move: Protect\n|-resisted|p1b: Pelipper\n|-resisted|p2a: Amoonguss\n|-damage|p1b: Pelipper|23\/100\n|-damage|p2a: Amoonguss|61\/100\n|move|p2a: Amoonguss|Spore|p1a: Bobby\n|-status|p1a: Bobby|slp|[from] move: Spore\n|\n|-weather|RainDance|[upkeep]\n|-heal|p2a: Amoonguss|67\/100|[from] item: Black Sludge\n|upkeep\n|turn|7\n|\n|t:|1683235337\n|switch|p1a: Barraskewda|Barraskewda, L50, M|54\/100\n|move|p2b: Iron Bundle|Blizzard|p1a: Barraskewda|[spread] \n|-miss|p2b: Iron Bundle|p1a: Barraskewda\n|-miss|p2b: Iron Bundle|p1b: Pelipper\n|move|p1b: Pelipper|Hurricane|p2a: Amoonguss\n|-supereffective|p2a: Amoonguss\n|-damage|p2a: Amoonguss|0 fnt\n|faint|p2a: Amoonguss\n|\n|-weather|RainDance|[upkeep]\n|upkeep\n|\n|t:|1683235347\n|switch|p2a: Chien-Pao|Chien-Pao, L50|100\/100\n|-ability|p2a: Chien-Pao|Sword of Ruin\n|turn|8\n|inactive|Jagannath has 30 seconds left.\n|\n|t:|1683235374\n|-terastallize|p2a: Chien-Pao|Dark\n|cant|p2b: Iron Bundle|par\n|move|p1b: Pelipper|Protect|p1b: Pelipper\n|-singleturn|p1b: Pelipper|Protect\n|move|p2a: Chien-Pao|Sucker Punch|p1a: Barraskewda\n|-damage|p1a: Barraskewda|0 fnt\n|faint|p1a: Barraskewda\n|\n|-weather|RainDance|[upkeep]\n|-sideend|p1: itay7689|move: Light Screen\n|upkeep\n|\n|t:|1683235384\n|switch|p1a: Bobby|Gastrodon, L50, M, tera:Fire|55\/100 slp\n|turn|9\n|\n|t:|1683235400\n|cant|p1a: Bobby|slp\n|move|p2a: Chien-Pao|Sucker Punch|p1b: Pelipper\n|-damage|p1b: Pelipper|0 fnt\n|-damage|p2a: Chien-Pao|84\/100|[from] item: Rocky Helmet|[of] p1b: Pelipper\n|faint|p1b: Pelipper\n|move|p2b: Iron Bundle|Blizzard|p1a: Bobby\n|-resisted|p1a: Bobby\n|-damage|p1a: Bobby|33\/100 slp\n|\n|-weather|RainDance|[upkeep]\n|upkeep\n|turn|10\n|-message|itay7689 forfeited.\n|\n|win|Jagannath\n|raw|itay7689's rating: 1070 → 1045<\/strong> (-25 for losing)\n|raw|Jagannath's rating: 1000 → 1048<\/strong> (+48 for winning)\n|l|\u2606itay7689\n","uploadtime":1683235427,"views":9,"p1id":"itay7689","p2id":"jagannath","formatid":"gen9vgc2023regulationc","rating":1045,"private":0,"password":""}