{"id":"gen9vgc2023regulationc-1846770969","p1":"Dsjfrm","p2":"QueenElizabethVGC","format":"[Gen 9] VGC 2023 Regulation C","log":"|j|\u2606Dsjfrm\n|j|\u2606QueenElizabethVGC\n|t:|1681876704\n|gametype|doubles\n|player|p1|Dsjfrm|101|1118\n|player|p2|QueenElizabethVGC|101|1215\n|teamsize|p1|6\n|teamsize|p2|6\n|gen|9\n|tier|[Gen 9] VGC 2023 Regulation C\n|rated|\n|rule|Species Clause: Limit one of each Pok\u00e9mon\n|rule|Item Clause: Limit one of each item\n|clearpoke\n|poke|p1|Braviary, L50, M|\n|poke|p1|Amoonguss, L50, F|\n|poke|p1|Chien-Pao, L50|\n|poke|p1|Arcanine, L50, F|\n|poke|p1|Palafin, L50, M|\n|poke|p1|Dragapult, L50, F|\n|poke|p2|Naclstack, L50, F|\n|poke|p2|Indeedee-F, L50, F|\n|poke|p2|Tatsugiri-Stretchy, L50, M|\n|poke|p2|Flutter Mane, L50|\n|poke|p2|Amoonguss, L50, M|\n|poke|p2|Iron Hands, L50|\n|teampreview|4\n|inactive|Battle timer is ON: inactive players will automatically lose when time's up. (requested by Dsjfrm)\nQueenElizabethVGC has agreed to open team sheets.\n|inactive|Dsjfrm has 60 seconds left.\n|\n|t:|1681876741\n|start\n|switch|p1a: Chien-Pao|Chien-Pao, L50|100\/100\n|switch|p1b: Dragapult|Dragapult, L50, F|100\/100\n|switch|p2a: Terracotta|Naclstack, L50, F, shiny|100\/100\n|switch|p2b: E for Everyone!|Iron Hands, L50|100\/100\n|-ability|p1a: Chien-Pao|Sword of Ruin\n|turn|1\n|\n|t:|1681876754\n|switch|p1b: Arcanine|Arcanine, L50, F|100\/100\n|-ability|p1b: Arcanine|Intimidate|boost\n|-unboost|p2a: Terracotta|atk|1\n|-unboost|p2b: E for Everyone!|atk|1\n|move|p1a: Chien-Pao|Protect|p1a: Chien-Pao\n|-singleturn|p1a: Chien-Pao|Protect\n|move|p2b: E for Everyone!|Fake Out|p1a: Chien-Pao\n|-activate|p1a: Chien-Pao|move: Protect\n|move|p2a: Terracotta|Iron Defense|p2a: Terracotta\n|-boost|p2a: Terracotta|def|2\n|\n|upkeep\n|turn|2\n|inactive|Dsjfrm has 30 seconds left.\n|\n|t:|1681876787\n|-terastallize|p1a: Chien-Pao|Ground\n|move|p1a: Chien-Pao|Tera Blast|p2b: E for Everyone!\n|-supereffective|p2b: E for Everyone!\n|-damage|p2b: E for Everyone!|28\/100\n|move|p1b: Arcanine|Flare Blitz|p2b: E for Everyone!\n|-damage|p2b: E for Everyone!|0 fnt\n|faint|p2b: E for Everyone!\n|-end|p2b: E for Everyone!|Quark Drive|[silent]\n|-damage|p1b: Arcanine|88\/100|[from] Recoil\n|move|p2a: Terracotta|Body Press|p1a: Chien-Pao\n|-crit|p1a: Chien-Pao\n|-damage|p1a: Chien-Pao|27\/100\n|\n|upkeep\n|\n|t:|1681876809\n|switch|p2b: Imposter|Amoonguss, L50, M, shiny|100\/100\n|turn|3\n|\n|t:|1681876827\n|-terastallize|p2a: Terracotta|Fighting\n|move|p1a: Chien-Pao|Protect|p1a: Chien-Pao\n|-singleturn|p1a: Chien-Pao|Protect\n|move|p2b: Imposter|Protect|p2b: Imposter\n|-singleturn|p2b: Imposter|Protect\n|move|p1b: Arcanine|Flare Blitz|p2b: Imposter\n|-activate|p2b: Imposter|move: Protect\n|move|p2a: Terracotta|Salt Cure|p1b: Arcanine\n|-supereffective|p1b: Arcanine\n|-damage|p1b: Arcanine|62\/100\n|-start|p1b: Arcanine|Salt Cure\n|\n|-damage|p1b: Arcanine|50\/100|[from] Salt Cure\n|upkeep\n|turn|4\n|\n|t:|1681876847\n|move|p2b: Imposter|Rage Powder|p2b: Imposter\n|-singleturn|p2b: Imposter|move: Rage Powder\n|move|p1a: Chien-Pao|Ice Spinner|p2b: Imposter\n|-supereffective|p2b: Imposter\n|-damage|p2b: Imposter|15\/100\n|-enditem|p2b: Imposter|Sitrus Berry|[eat]\n|-heal|p2b: Imposter|40\/100|[from] item: Sitrus Berry\n|move|p1b: Arcanine|Flare Blitz|p2b: Imposter\n|-supereffective|p2b: Imposter\n|-damage|p2b: Imposter|0 fnt\n|faint|p2b: Imposter\n|-damage|p1b: Arcanine|35\/100|[from] Recoil\n|move|p2a: Terracotta|Body Press|p1a: Chien-Pao\n|-damage|p1a: Chien-Pao|0 fnt\n|faint|p1a: Chien-Pao\n|\n|-damage|p1b: Arcanine|23\/100|[from] Salt Cure\n|upkeep\n|\n|t:|1681876856\n|switch|p1a: Dragapult|Dragapult, L50, F|100\/100\n|switch|p2b: Hey Cutie|Flutter Mane, L50|100\/100\n|turn|5\n|\n|t:|1681876862\n|switch|p1b: Amoonguss|Amoonguss, L50, F|100\/100\n|move|p1a: Dragapult|Phantom Force||[still]\n|-prepare|p1a: Dragapult|Phantom Force\n|move|p2b: Hey Cutie|Moonblast|p1a: Dragapult|[miss]\n|-miss|p2b: Hey Cutie|p1a: Dragapult\n|move|p2a: Terracotta|Salt Cure|p1b: Amoonguss\n|-damage|p1b: Amoonguss|94\/100\n|-start|p1b: Amoonguss|Salt Cure\n|\n|-damage|p1b: Amoonguss|81\/100|[from] Salt Cure\n|upkeep\n|turn|6\n|\n|t:|1681876873\n|move|p1a: Dragapult|Phantom Force|p2b: Hey Cutie|[from]lockedmove\n|-supereffective|p2b: Hey Cutie\n|-crit|p2b: Hey Cutie\n|-damage|p2b: Hey Cutie|0 fnt\n|faint|p2b: Hey Cutie\n|-end|p2b: Hey Cutie|Protosynthesis|[silent]\n|move|p2a: Terracotta|Iron Defense|p2a: Terracotta\n|-boost|p2a: Terracotta|def|2\n|move|p1b: Amoonguss|Pollen Puff|p2a: Terracotta\n|-resisted|p2a: Terracotta\n|-damage|p2a: Terracotta|93\/100\n|\n|-damage|p1b: Amoonguss|69\/100|[from] Salt Cure\n|upkeep\n|turn|7\n|\n|t:|1681876884\n|switch|p1a: Arcanine|Arcanine, L50, F|23\/100\n|-ability|p1a: Arcanine|Intimidate|boost\n|-unboost|p2a: Terracotta|atk|1\n|move|p2a: Terracotta|Protect|p2a: Terracotta\n|-singleturn|p2a: Terracotta|Protect\n|move|p1b: Amoonguss|Pollen Puff|p1a: Arcanine\n|-heal|p1a: Arcanine|73\/100\n|\n|-damage|p1b: Amoonguss|56\/100|[from] Salt Cure\n|upkeep\n|turn|8\n|\n|t:|1681876890\n|move|p1a: Arcanine|Flare Blitz|p2a: Terracotta\n|-damage|p2a: Terracotta|78\/100\n|-damage|p1a: Arcanine|69\/100|[from] Recoil\n|move|p2a: Terracotta|Body Press|p1a: Arcanine\n|-damage|p1a: Arcanine|0 fnt\n|faint|p1a: Arcanine\n|move|p1b: Amoonguss|Pollen Puff|p1: Arcanine|[notarget]\n|-fail|p1b: Amoonguss\n|\n|-damage|p1b: Amoonguss|44\/100|[from] Salt Cure\n|upkeep\n|-enditem|p1b: Amoonguss|Sitrus Berry|[eat]\n|-heal|p1b: Amoonguss|69\/100|[from] item: Sitrus Berry\n|\n|t:|1681876897\n|switch|p1a: Dragapult|Dragapult, L50, F|100\/100\n|turn|9\n|\n|t:|1681876906\n|move|p1a: Dragapult|Dragon Darts|p2a: Terracotta\n|-damage|p2a: Terracotta|69\/100\n|-anim|p1a: Dragapult|Dragon Darts|p2a: Terracotta\n|-damage|p2a: Terracotta|59\/100\n|move|p2a: Terracotta|Salt Cure|p1a: Dragapult\n|-damage|p1a: Dragapult|91\/100\n|-start|p1a: Dragapult|Salt Cure\n|move|p1b: Amoonguss|Spore|p2a: Terracotta\n|-immune|p2a: Terracotta|[from] ability: Purifying Salt\n|\n|-damage|p1a: Dragapult|79\/100|[from] Salt Cure\n|-damage|p1b: Amoonguss|56\/100|[from] Salt Cure\n|upkeep\n|turn|10\n|\n|t:|1681876917\n|move|p2a: Terracotta|Protect|p2a: Terracotta\n|-singleturn|p2a: Terracotta|Protect\n|move|p1a: Dragapult|Dragon Darts|p2a: Terracotta\n|-activate|p2a: Terracotta|move: Protect\n|move|p1b: Amoonguss|Pollen Puff|p1a: Dragapult\n|-heal|p1a: Dragapult|100\/100\n|\n|-damage|p1a: Dragapult|88\/100|[from] Salt Cure\n|-damage|p1b: Amoonguss|44\/100|[from] Salt Cure\n|upkeep\n|turn|11\n|\n|t:|1681876925\n|move|p1a: Dragapult|Dragon Darts|p2a: Terracotta\n|-damage|p2a: Terracotta|50\/100\n|-anim|p1a: Dragapult|Dragon Darts|p2a: Terracotta\n|-damage|p2a: Terracotta|41\/100\n|move|p2a: Terracotta|Body Press|p1b: Amoonguss\n|-resisted|p1b: Amoonguss\n|-crit|p1b: Amoonguss\n|-damage|p1b: Amoonguss|0 fnt\n|faint|p1b: Amoonguss\n|\n|-damage|p1a: Dragapult|76\/100|[from] Salt Cure\n|upkeep\n|turn|12\n|\n|t:|1681876930\n|move|p1a: Dragapult|Dragon Darts|p2a: Terracotta\n|-damage|p2a: Terracotta|32\/100\n|-anim|p1a: Dragapult|Dragon Darts|p2a: Terracotta\n|-damage|p2a: Terracotta|23\/100\n|move|p2a: Terracotta|Salt Cure|p1a: Dragapult\n|-damage|p1a: Dragapult|68\/100\n|\n|-damage|p1a: Dragapult|56\/100|[from] Salt Cure\n|upkeep\n|turn|13\n|\n|t:|1681876933\n|move|p2a: Terracotta|Protect|p2a: Terracotta\n|-singleturn|p2a: Terracotta|Protect\n|move|p1a: Dragapult|Dragon Darts|p2a: Terracotta\n|-activate|p2a: Terracotta|move: Protect\n|\n|-damage|p1a: Dragapult|44\/100|[from] Salt Cure\n|upkeep\n|turn|14\n|\n|t:|1681876938\n|move|p1a: Dragapult|Dragon Darts|p2a: Terracotta\n|-damage|p2a: Terracotta|14\/100\n|-anim|p1a: Dragapult|Dragon Darts|p2a: Terracotta\n|-damage|p2a: Terracotta|5\/100\n|move|p2a: Terracotta|Salt Cure|p1a: Dragapult\n|-damage|p1a: Dragapult|36\/100\n|\n|-damage|p1a: Dragapult|24\/100|[from] Salt Cure\n|upkeep\n|turn|15\n|\n|t:|1681876941\n|move|p2a: Terracotta|Protect|p2a: Terracotta\n|-singleturn|p2a: Terracotta|Protect\n|move|p1a: Dragapult|Dragon Darts|p2a: Terracotta\n|-activate|p2a: Terracotta|move: Protect\n|\n|-damage|p1a: Dragapult|11\/100|[from] Salt Cure\n|upkeep\n|turn|16\n|\n|t:|1681876943\n|move|p2a: Terracotta|Protect|p2a: Terracotta\n|-singleturn|p2a: Terracotta|Protect\n|move|p1a: Dragapult|Dragon Darts|p2a: Terracotta\n|-activate|p2a: Terracotta|move: Protect\n|\n|-damage|p1a: Dragapult|0 fnt|[from] Salt Cure\n|faint|p1a: Dragapult\n|\n|win|QueenElizabethVGC\n|upkeep\n|raw|Dsjfrm's rating: 1118 → 1100<\/strong> (-18 for losing)\n|raw|QueenElizabethVGC's rating: 1215 → 1233<\/strong> (+18 for winning)\n|l|\u2606Dsjfrm\n|c|\u2606QueenElizabethVGC|EYS\n|c|\u2606QueenElizabethVGC|YES\n|c|\u2606QueenElizabethVGC|YEZ\n","uploadtime":1681876954,"views":10,"p1id":"dsjfrm","p2id":"queenelizabethvgc","formatid":"gen9vgc2023regulationc","rating":1100,"private":0,"password":""}