{"id":"gen9vgc2023regulationc-1846070650","p1":"99jiuli","p2":"Man9a","format":"[Gen 9] VGC 2023 Regulation C","log":"|j|\u260699jiuli\n|j|\u2606Man9a\n|t:|1681801331\n|gametype|doubles\n|player|p1|99jiuli|169|1146\n|player|p2|Man9a|hilbert-wonderlauncher|1030\n|teamsize|p1|6\n|teamsize|p2|6\n|gen|9\n|tier|[Gen 9] VGC 2023 Regulation C\n|rated|\n|rule|Species Clause: Limit one of each Pok\u00e9mon\n|rule|Item Clause: Limit one of each item\n|clearpoke\n|poke|p1|Torkoal, L50, M|\n|poke|p1|Lilligant, L50, F|\n|poke|p1|Dragonite, L50, M|\n|poke|p1|Chien-Pao, L50|\n|poke|p1|Great Tusk, L50|\n|poke|p1|Flutter Mane, L50|\n|poke|p2|Arcanine, L50, M|\n|poke|p2|Grimmsnarl, L50, M|\n|poke|p2|Ting-Lu, L50|\n|poke|p2|Dragonite, L50, F|\n|poke|p2|Pelipper, L50, F|\n|poke|p2|Raichu, L50, M|\n|teampreview|4\n|inactive|Battle timer is ON: inactive players will automatically lose when time's up. (requested by 99jiuli)\n|inactive|Man9a has 60 seconds left.\n99jiuli rejected open team sheets.\n|\n|t:|1681801381\n|start\n|switch|p1a: Lilligant|Lilligant, L50, F|100\/100\n|switch|p1b: Dragonite|Dragonite, L50, M|100\/100\n|switch|p2a: Grimmsnarl|Grimmsnarl, L50, M|100\/100\n|switch|p2b: Arcanine|Arcanine, L50, M|100\/100\n|-ability|p2b: Arcanine|Intimidate|boost\n|-unboost|p1a: Lilligant|atk|1\n|-unboost|p1b: Dragonite|atk|1\n|turn|1\n|inactive|99jiuli has 30 seconds left.\n|inactive|99jiuli has 20 seconds left.\n|inactive|99jiuli has 15 seconds left.\n|inactive|99jiuli has 10 seconds left.\n|\n|t:|1681801428\n|-terastallize|p1a: Lilligant|Ghost\n|move|p1b: Dragonite|Extreme Speed|p2a: Grimmsnarl\n|-damage|p2a: Grimmsnarl|60\/100\n|move|p2a: Grimmsnarl|Reflect|p2a: Grimmsnarl\n|-sidestart|p2: Man9a|Reflect\n|move|p1a: Lilligant|Sleep Powder|p2a: Grimmsnarl\n|-status|p2a: Grimmsnarl|slp|[from] move: Sleep Powder\n|move|p2b: Arcanine|Will-O-Wisp|p1b: Dragonite\n|-status|p1b: Dragonite|brn\n|\n|-damage|p1b: Dragonite|94\/100 brn|[from] brn\n|upkeep\n|turn|2\n|\n|t:|1681801446\n|switch|p1b: Torkoal|Torkoal, L50, M|100\/100\n|-weather|SunnyDay|[from] ability: Drought|[of] p1b: Torkoal\n|move|p2b: Arcanine|Protect|p2b: Arcanine\n|-singleturn|p2b: Arcanine|Protect\n|move|p1a: Lilligant|Sleep Powder|p2b: Arcanine\n|-activate|p2b: Arcanine|move: Protect\n|cant|p2a: Grimmsnarl|slp\n|\n|-weather|SunnyDay|[upkeep]\n|upkeep\n|turn|3\n|\n|t:|1681801462\n|move|p1a: Lilligant|Sleep Powder|p2b: Arcanine\n|-status|p2b: Arcanine|slp|[from] move: Sleep Powder\n|cant|p2b: Arcanine|slp\n|cant|p2a: Grimmsnarl|slp\n|move|p1b: Torkoal|Eruption|p2a: Grimmsnarl|[spread] p2a,p2b\n|-resisted|p2b: Arcanine\n|-damage|p2a: Grimmsnarl|0 fnt\n|-damage|p2b: Arcanine|71\/100 slp\n|faint|p2a: Grimmsnarl\n|\n|-weather|SunnyDay|[upkeep]\n|upkeep\n|\n|t:|1681801472\n|switch|p2a: Pelipper|Pelipper, L50, F|100\/100\n|-weather|RainDance|[from] ability: Drizzle|[of] p2a: Pelipper\n|turn|4\n|\n|t:|1681801484\n|switch|p1b: Chien-Pao|Chien-Pao, L50|100\/100\n|-ability|p1b: Chien-Pao|Sword of Ruin\n|move|p1a: Lilligant|Sleep Powder|p2a: Pelipper\n|-status|p2a: Pelipper|slp|[from] move: Sleep Powder\n|cant|p2b: Arcanine|slp\n|cant|p2a: Pelipper|slp\n|\n|-weather|RainDance|[upkeep]\n|upkeep\n|turn|5\n|\n|t:|1681801506\n|-curestatus|p2a: Pelipper|slp|[msg]\n|move|p2a: Pelipper|Protect|p2a: Pelipper\n|-singleturn|p2a: Pelipper|Protect\n|move|p1b: Chien-Pao|Icicle Crash|p2b: Arcanine\n|-resisted|p2b: Arcanine\n|-damage|p2b: Arcanine|46\/100 slp\n|move|p1a: Lilligant|Leaf Storm|p2a: Pelipper\n|-activate|p2a: Pelipper|move: Protect\n|-curestatus|p2b: Arcanine|slp|[msg]\n|cant|p2b: Arcanine|flinch\n|\n|-weather|RainDance|[upkeep]\n|upkeep\n|turn|6\n|inactive|99jiuli has 30 seconds left.\n|inactive|Man9a has 30 seconds left.\n|\n|t:|1681801532\n|move|p1b: Chien-Pao|Icicle Crash|p2a: Pelipper\n|-damage|p2a: Pelipper|71\/100\n|move|p1a: Lilligant|Sleep Powder|p2b: Arcanine\n|-status|p2b: Arcanine|slp|[from] move: Sleep Powder\n|cant|p2b: Arcanine|slp\n|cant|p2a: Pelipper|flinch\n|\n|-weather|RainDance|[upkeep]\n|upkeep\n|turn|7\n|inactive|99jiuli has 30 seconds left.\n|inactive|99jiuli has 20 seconds left.\n|\n|t:|1681801570\n|-curestatus|p2b: Arcanine|slp|[msg]\n|move|p2b: Arcanine|Protect|p2b: Arcanine\n|-singleturn|p2b: Arcanine|Protect\n|move|p2a: Pelipper|Protect|p2a: Pelipper\n|-singleturn|p2a: Pelipper|Protect\n|move|p1b: Chien-Pao|Sacred Sword|p2b: Arcanine\n|-activate|p2b: Arcanine|move: Protect\n|move|p1a: Lilligant|Sleep Powder|p2a: Pelipper\n|-activate|p2a: Pelipper|move: Protect\n|\n|-weather|RainDance|[upkeep]\n|upkeep\n|turn|8\n|inactive|99jiuli has 30 seconds left.\n|inactive|Man9a has 30 seconds left.\n|inactive|99jiuli has 20 seconds left.\n|\n|t:|1681801608\n|-terastallize|p2b: Arcanine|Water\n|move|p1b: Chien-Pao|Icicle Crash|p2b: Arcanine\n|-resisted|p2b: Arcanine\n|-damage|p2b: Arcanine|24\/100\n|move|p1a: Lilligant|Sleep Powder|p2a: Pelipper\n|-status|p2a: Pelipper|slp|[from] move: Sleep Powder\n|move|p2b: Arcanine|Heat Wave|p1a: Lilligant|[spread] p1a,p1b\n|-supereffective|p1b: Chien-Pao\n|-damage|p1a: Lilligant|85\/100\n|-damage|p1b: Chien-Pao|58\/100\n|cant|p2a: Pelipper|slp\n|\n|-weather|RainDance|[upkeep]\n|-sideend|p2: Man9a|Reflect\n|upkeep\n|turn|9\n|\n|t:|1681801631\n|switch|p2a: Dragonite|Dragonite, L50, F|100\/100\n|move|p2b: Arcanine|Protect|p2b: Arcanine\n|-singleturn|p2b: Arcanine|Protect\n|move|p1b: Chien-Pao|Icicle Crash|p2a: Dragonite\n|-supereffective|p2a: Dragonite\n|-damage|p2a: Dragonite|0 fnt\n|faint|p2a: Dragonite\n|move|p1a: Lilligant|Leaf Storm|p2b: Arcanine\n|-activate|p2b: Arcanine|move: Protect\n|\n|-weather|RainDance|[upkeep]\n|upkeep\n|-message|Man9a forfeited.\n|\n|win|99jiuli\n|raw|99jiuli's rating: 1146 → 1163<\/strong> (+17 for winning)\n|raw|Man9a's rating: 1030 → 1020<\/strong> (-10 for losing)\n|l|\u2606Man9a\n","uploadtime":1681801647,"views":7,"p1id":"99jiuli","p2id":"man9a","formatid":"gen9vgc2023regulationc","rating":1020,"private":0,"password":""}