{"id":"gen9vgc2023regulationc-1859097714","p1":"ElCalador","p2":"Mizore te","format":"[Gen 9] VGC 2023 Regulation C","log":"|j|\u2606ElCalador\n|j|\u2606Mizore te\n|t:|1683404131\n|gametype|doubles\n|player|p1|ElCalador|will|1335\n|player|p2|Mizore te|medium|1336\n|teamsize|p1|6\n|teamsize|p2|6\n|gen|9\n|tier|[Gen 9] VGC 2023 Regulation C\n|rated|\n|rule|Species Clause: Limit one of each Pok\u00e9mon\n|rule|Item Clause: Limit one of each item\n|clearpoke\n|poke|p1|Jumpluff, L50, M|\n|poke|p1|Torkoal, L50, F|\n|poke|p1|Great Tusk, L50|\n|poke|p1|Flutter Mane, L50|\n|poke|p1|Chi-Yu, L50|\n|poke|p1|Roaring Moon, L50|\n|poke|p2|Amoonguss, L50, F|\n|poke|p2|Flutter Mane, L50|\n|poke|p2|Baxcalibur, L50, M|\n|poke|p2|Ting-Lu, L50|\n|poke|p2|Gyarados, L50, M|\n|poke|p2|Corviknight, L50, F|\n|teampreview|4\n|inactive|Battle timer is ON: inactive players will automatically lose when time's up. (requested by ElCalador)\nElCalador has agreed to open team sheets.\nMizore te has agreed to open team sheets.\n|inactive|ElCalador has 60 seconds left.\n|inactive|Mizore te has 60 seconds left.\n|inactive|ElCalador has 30 seconds left.\n|\n|t:|1683404198\n|start\n|switch|p1a: Jumpluff|Jumpluff, L50, M|100\/100\n|switch|p1b: Torkoal|Torkoal, L50, F|100\/100\n|switch|p2a: Baxcalibur|Baxcalibur, L50, M|100\/100\n|switch|p2b: Corviknight|Corviknight, L50, F|100\/100\n|-weather|SunnyDay|[from] ability: Drought|[of] p1b: Torkoal\n|turn|1\n|inactive|Mizore te has 30 seconds left.\n|\n|t:|1683404224\n|move|p2a: Baxcalibur|Ice Shard|p1b: Torkoal\n|-resisted|p1b: Torkoal\n|-damage|p1b: Torkoal|94\/100\n|-enditem|p1b: Torkoal|Eject Button\n|\n|t:|1683404229\n|switch|p1b: Roaring Moon|Roaring Moon, L50|100\/100\n|-activate|p1b: Roaring Moon|ability: Protosynthesis\n|-start|p1b: Roaring Moon|protosynthesisatk\n|move|p1a: Jumpluff|Sleep Powder|p2b: Corviknight|[miss]\n|-miss|p1a: Jumpluff|p2b: Corviknight\n|move|p2b: Corviknight|Bulk Up|p2b: Corviknight\n|-boost|p2b: Corviknight|atk|1\n|-boost|p2b: Corviknight|def|1\n|\n|-weather|SunnyDay|[upkeep]\n|upkeep\n|turn|2\n|\n|t:|1683404253\n|-terastallize|p1b: Roaring Moon|Fire\n|move|p2a: Baxcalibur|Ice Shard|p1a: Jumpluff\n|-supereffective|p1a: Jumpluff\n|-enditem|p1a: Jumpluff|Focus Sash\n|-damage|p1a: Jumpluff|1\/100\n|move|p1a: Jumpluff|Sleep Powder|p2b: Corviknight\n|-status|p2b: Corviknight|slp|[from] move: Sleep Powder\n|move|p1b: Roaring Moon|Jaw Lock|p2a: Baxcalibur\n|-damage|p2a: Baxcalibur|34\/100\n|-activate|p1b: Roaring Moon|trapped\n|-activate|p2a: Baxcalibur|trapped\n|-damage|p1b: Roaring Moon|90\/100|[from] item: Life Orb\n|cant|p2b: Corviknight|slp\n|\n|-weather|SunnyDay|[upkeep]\n|upkeep\n|turn|3\n|\n|t:|1683404270\n|move|p1a: Jumpluff|Helping Hand|p1b: Roaring Moon\n|-singleturn|p1b: Roaring Moon|Helping Hand|[of] p1a: Jumpluff\n|move|p2a: Baxcalibur|Ice Shard|p1a: Jumpluff\n|-supereffective|p1a: Jumpluff\n|-damage|p1a: Jumpluff|0 fnt\n|faint|p1a: Jumpluff\n|move|p1b: Roaring Moon|Tera Blast|p2b: Corviknight\n|-supereffective|p2b: Corviknight\n|-damage|p2b: Corviknight|0 fnt\n|faint|p2b: Corviknight\n|-damage|p1b: Roaring Moon|80\/100|[from] item: Life Orb\n|\n|-weather|SunnyDay|[upkeep]\n|upkeep\n|\n|t:|1683404278\n|switch|p1a: Flutter Mane|Flutter Mane, L50|100\/100\n|switch|p2b: Gyarados|Gyarados, L50, M|100\/100\n|-activate|p1a: Flutter Mane|ability: Protosynthesis\n|-start|p1a: Flutter Mane|protosynthesisspa\n|-ability|p2b: Gyarados|Intimidate|boost\n|-unboost|p1a: Flutter Mane|atk|1\n|-unboost|p1b: Roaring Moon|atk|1\n|turn|4\n|inactive|Mizore te has 30 seconds left.\n|\n|t:|1683404306\n|-terastallize|p2a: Baxcalibur|Poison\n|move|p2b: Gyarados|Protect|p2b: Gyarados\n|-singleturn|p2b: Gyarados|Protect\n|move|p2a: Baxcalibur|Ice Shard|p1a: Flutter Mane\n|-damage|p1a: Flutter Mane|43\/100\n|move|p1b: Roaring Moon|Breaking Swipe|p2b: Gyarados|[spread] p2a\n|-activate|p2b: Gyarados|move: Protect\n|-damage|p2a: Baxcalibur|9\/100\n|-damage|p1b: Roaring Moon|70\/100|[from] item: Life Orb\n|move|p1a: Flutter Mane|Dazzling Gleam|p2a: Baxcalibur|[spread] p2a\n|-activate|p2b: Gyarados|move: Protect\n|-resisted|p2a: Baxcalibur\n|-damage|p2a: Baxcalibur|0 fnt\n|faint|p2a: Baxcalibur\n|\n|-weather|SunnyDay|[upkeep]\n|upkeep\n|\n|t:|1683404320\n|switch|p2a: Ting-Lu|Ting-Lu, L50|100\/100\n|-ability|p2a: Ting-Lu|Vessel of Ruin\n|turn|5\n|\n|t:|1683404337\n|-end|p1a: Flutter Mane|Protosynthesis|[silent]\n|switch|p1a: Torkoal|Torkoal, L50, F|94\/100\n|move|p1b: Roaring Moon|Breaking Swipe|p2a: Ting-Lu|[spread] p2a,p2b\n|-damage|p2a: Ting-Lu|83\/100\n|-damage|p2b: Gyarados|75\/100\n|-unboost|p2a: Ting-Lu|atk|1\n|-unboost|p2b: Gyarados|atk|1\n|-damage|p1b: Roaring Moon|60\/100|[from] item: Life Orb\n|move|p2b: Gyarados|Waterfall|p1b: Roaring Moon\n|-supereffective|p1b: Roaring Moon\n|-damage|p1b: Roaring Moon|26\/100\n|move|p2a: Ting-Lu|Earthquake|p1a: Torkoal|[spread] p1a,p1b\n|-immune|p2b: Gyarados\n|-supereffective|p1a: Torkoal\n|-supereffective|p1b: Roaring Moon\n|-damage|p1a: Torkoal|66\/100\n|-damage|p1b: Roaring Moon|0 fnt\n|faint|p1b: Roaring Moon\n|-end|p1b: Roaring Moon|Protosynthesis|[silent]\n|\n|-weather|none\n|upkeep\n|\n|t:|1683404350\n|switch|p1b: Flutter Mane|Flutter Mane, L50|43\/100\n|turn|6\n|\n|t:|1683404368\n|move|p1b: Flutter Mane|Moonblast|p2a: Ting-Lu\n|-supereffective|p2a: Ting-Lu\n|-damage|p2a: Ting-Lu|28\/100\n|move|p2b: Gyarados|Waterfall|p1b: Flutter Mane\n|-damage|p1b: Flutter Mane|0 fnt\n|faint|p1b: Flutter Mane\n|-end|p1b: Flutter Mane|Protosynthesis|[silent]\n|move|p2a: Ting-Lu|Earthquake|p1a: Torkoal|[spread] p1a\n|-immune|p2b: Gyarados\n|-supereffective|p1a: Torkoal\n|-crit|p1a: Torkoal\n|-damage|p1a: Torkoal|8\/100\n|move|p1a: Torkoal|Body Press|p2a: Ting-Lu\n|-supereffective|p2a: Ting-Lu\n|-damage|p2a: Ting-Lu|0 fnt\n|faint|p2a: Ting-Lu\n|\n|upkeep\n|turn|7\n|\n|t:|1683404380\n|move|p2b: Gyarados|Waterfall|p1a: Torkoal\n|-supereffective|p1a: Torkoal\n|-damage|p1a: Torkoal|0 fnt\n|faint|p1a: Torkoal\n|\n|win|Mizore te\n|raw|ElCalador's rating: 1335 → 1315<\/strong> (-20 for losing)\n|raw|Mizore te's rating: 1336 → 1356<\/strong> (+20 for winning)\n|l|\u2606ElCalador\n","uploadtime":1683404387,"views":13,"p1id":"elcalador","p2id":"mizorete","formatid":"gen9vgc2023regulationc","rating":1315,"private":0,"password":""}