{"id":"gen9vgc2023regulationc-1863342526","p1":"thunderb0lts","p2":"doodlescooper1","format":"[Gen 9] VGC 2023 Regulation C","log":"|j|\u2606thunderb0lts\n|j|\u2606doodlescooper1\n|t:|1684004856\n|gametype|doubles\n|player|p1|thunderb0lts|cynthia-gen4|1097\n|player|p2|doodlescooper1|2|1082\n|teamsize|p1|6\n|teamsize|p2|6\n|gen|9\n|tier|[Gen 9] VGC 2023 Regulation C\n|rated|\n|rule|Species Clause: Limit one of each Pok\u00e9mon\n|rule|Item Clause: Limit one of each item\n|clearpoke\n|poke|p1|Dragapult, L50, M|\n|poke|p1|Coalossal, L50, F|\n|poke|p1|Dragonite, L50, F|\n|poke|p1|Gholdengo, L50|\n|poke|p1|Murkrow, L50, F|\n|poke|p1|Glimmora, L50, F|\n|poke|p2|Ting-Lu, L50|\n|poke|p2|Gyarados, L50, F|\n|poke|p2|Dragonite, L50, F|\n|poke|p2|Flutter Mane, L50|\n|poke|p2|Rotom-Wash, L50|\n|poke|p2|Orthworm, L50, F|\n|teampreview|4\n|inactive|Battle timer is ON: inactive players will automatically lose when time's up. (requested by thunderb0lts)\n|inactive|doodlescooper1 has 60 seconds left.\n|\n|t:|1684004945\n|start\n|switch|p1a: Dragapult|Dragapult, L50, M, shiny|100\/100\n|switch|p1b: Gholdengo|Gholdengo, L50|100\/100\n|switch|p2a: Gyarados|Gyarados, L50, F|100\/100\n|switch|p2b: Orthworm|Orthworm, L50, F|100\/100\n|-ability|p2a: Gyarados|Intimidate|boost\n|-unboost|p1a: Dragapult|atk|1\n|-unboost|p1b: Gholdengo|atk|1\n|turn|1\n|inactive|doodlescooper1 has 30 seconds left.\n|\n|t:|1684004974\n|move|p1a: Dragapult|Dragon Darts|p2a: Gyarados\n|-damage|p2a: Gyarados|75\/100\n|-anim|p1a: Dragapult|Dragon Darts|p2b: Orthworm\n|-resisted|p2b: Orthworm\n|-damage|p2b: Orthworm|94\/100\n|-damage|p1a: Dragapult|91\/100|[from] item: Life Orb\n|move|p1b: Gholdengo|Shadow Ball|p2a: Gyarados\n|-damage|p2a: Gyarados|9\/100\n|-enditem|p2a: Gyarados|Sitrus Berry|[eat]\n|-heal|p2a: Gyarados|34\/100|[from] item: Sitrus Berry\n|move|p2a: Gyarados|Waterfall|p1a: Dragapult\n|-resisted|p1a: Dragapult\n|-damage|p1a: Dragapult|59\/100\n|move|p2b: Orthworm|Shed Tail|p2b: Orthworm\n|-start|p2b: Orthworm|Substitute|[from] move: Shed Tail\n|-damage|p2b: Orthworm|44\/100\n|inactive|doodlescooper1 has 30 seconds left.\n|inactive|doodlescooper1 has 20 seconds left.\n|\n|t:|1684005012\n|switch|p2b: Dragonite|Dragonite, L50, F|100\/100|[from] Shed Tail\n|\n|upkeep\n|turn|2\n|\n|t:|1684005027\n|move|p1a: Dragapult|Dragon Darts|p2b: Dragonite\n|-supereffective|p2b: Dragonite\n|-damage|p2b: Dragonite|77\/100\n|-anim|p1a: Dragapult|Dragon Darts|p2a: Gyarados\n|-damage|p2a: Gyarados|9\/100\n|-damage|p1a: Dragapult|49\/100|[from] item: Life Orb\n|move|p2b: Dragonite|Earthquake|p1a: Dragapult|[spread] p1a,p1b\n|-immune|p2a: Gyarados\n|-supereffective|p1b: Gholdengo\n|-damage|p1a: Dragapult|16\/100\n|-damage|p1b: Gholdengo|40\/100\n|move|p1b: Gholdengo|Shadow Ball|p2a: Gyarados\n|-damage|p2a: Gyarados|0 fnt\n|faint|p2a: Gyarados\n|\n|upkeep\n|\n|t:|1684005044\n|switch|p2a: Ting-Lu|Ting-Lu, L50|100\/100\n|-ability|p2a: Ting-Lu|Vessel of Ruin\n|turn|3\n|\n|t:|1684005056\n|move|p1a: Dragapult|Dragon Darts|p2b: Dragonite\n|-supereffective|p2b: Dragonite\n|-damage|p2b: Dragonite|28\/100\n|-anim|p1a: Dragapult|Dragon Darts|p2a: Ting-Lu\n|-damage|p2a: Ting-Lu|90\/100\n|-damage|p1a: Dragapult|6\/100|[from] item: Life Orb\n|move|p2b: Dragonite|Earthquake|p1a: Dragapult|[spread] p2a,p1a,p1b\n|-supereffective|p1b: Gholdengo\n|-damage|p2a: Ting-Lu|77\/100\n|-damage|p1a: Dragapult|0 fnt\n|-damage|p1b: Gholdengo|0 fnt\n|faint|p1a: Dragapult\n|faint|p1b: Gholdengo\n|move|p2a: Ting-Lu|Earthquake|p2b: Dragonite\n|-immune|p2b: Dragonite\n|\n|upkeep\n|\n|t:|1684005066\n|switch|p1a: Dragonite|Dragonite, L50, F|100\/100\n|switch|p1b: Murkrow|Murkrow, L50, F|100\/100\n|turn|4\n|\n|t:|1684005085\n|-terastallize|p1a: Dragonite|Normal\n|move|p1a: Dragonite|Extreme Speed|p2b: Dragonite\n|-end|p2b: Dragonite|Substitute\n|move|p1b: Murkrow|Foul Play|p2b: Dragonite\n|-damage|p2b: Dragonite|0 fnt\n|faint|p2b: Dragonite\n|move|p2a: Ting-Lu|Ruination|p1a: Dragonite\n|-damage|p1a: Dragonite|50\/100\n|\n|upkeep\n|\n|t:|1684005102\n|switch|p2b: Orthworm|Orthworm, L50, F|44\/100\n|turn|5\n|\n|t:|1684005114\n|-terastallize|p2a: Ting-Lu|Poison\n|move|p1b: Murkrow|Foul Play|p2a: Ting-Lu\n|-damage|p2a: Ting-Lu|58\/100\n|move|p1a: Dragonite|Dragon Claw|p2a: Ting-Lu\n|-damage|p2a: Ting-Lu|33\/100\n|move|p2b: Orthworm|Body Press|p1b: Murkrow\n|-damage|p1b: Murkrow|44\/100\n|move|p2a: Ting-Lu|Throat Chop|p2b: Orthworm\n|-damage|p2b: Orthworm|23\/100\n|-start|p2b: Orthworm|Throat Chop|[silent]\n|\n|-heal|p2b: Orthworm|28\/100|[from] item: Leftovers\n|upkeep\n|turn|6\n|inactive|doodlescooper1 has 30 seconds left.\n|\n|t:|1684005147\n|move|p1b: Murkrow|Foul Play|p2a: Ting-Lu\n|-damage|p2a: Ting-Lu|13\/100\n|move|p1a: Dragonite|Dragon Claw|p2a: Ting-Lu\n|-damage|p2a: Ting-Lu|0 fnt\n|faint|p2a: Ting-Lu\n|move|p2b: Orthworm|Body Press|p1b: Murkrow\n|-damage|p1b: Murkrow|0 fnt\n|faint|p1b: Murkrow\n|\n|-heal|p2b: Orthworm|34\/100|[from] item: Leftovers\n|-end|p2b: Orthworm|Throat Chop|[silent]\n|upkeep\n|turn|7\n|\n|t:|1684005162\n|move|p2b: Orthworm|Protect|p2b: Orthworm\n|-singleturn|p2b: Orthworm|Protect\n|move|p1a: Dragonite|Extreme Speed|p2b: Orthworm\n|-activate|p2b: Orthworm|move: Protect\n|\n|-heal|p2b: Orthworm|40\/100|[from] item: Leftovers\n|upkeep\n|turn|8\n|\n|t:|1684005173\n|move|p1a: Dragonite|Extreme Speed|p2b: Orthworm\n|-resisted|p2b: Orthworm\n|-damage|p2b: Orthworm|24\/100\n|move|p2b: Orthworm|Body Press|p1a: Dragonite\n|-supereffective|p1a: Dragonite\n|-damage|p1a: Dragonite|0 fnt\n|faint|p1a: Dragonite\n|\n|win|doodlescooper1\n|raw|thunderb0lts's rating: 1097 → 1071<\/strong> (-26 for losing)\n|raw|doodlescooper1's rating: 1082 → 1111<\/strong> (+29 for winning)\n|l|\u2606thunderb0lts\n","uploadtime":1684005187,"views":8,"p1id":"thunderb0lts","p2id":"doodlescooper1","formatid":"gen9vgc2023regulationc","rating":1071,"private":0,"password":""}