{"id":"gen9vgc2023regulationc-1845813748","p1":"ChossyVGC","p2":"Capsubaru","format":"[Gen 9] VGC 2023 Regulation C","log":"|j|\u2606ChossyVGC\n|j|\u2606Capsubaru\n|t:|1681767205\n|gametype|doubles\n|player|p1|ChossyVGC|veteran|1058\n|player|p2|Capsubaru|colress|1110\n|teamsize|p1|6\n|teamsize|p2|6\n|gen|9\n|tier|[Gen 9] VGC 2023 Regulation C\n|rated|\n|rule|Species Clause: Limit one of each Pok\u00e9mon\n|rule|Item Clause: Limit one of each item\n|clearpoke\n|poke|p1|Ursaring, L50, M|\n|poke|p1|Ting-Lu, L50|\n|poke|p1|Amoonguss, L50, M|\n|poke|p1|Baxcalibur, L50, F|\n|poke|p1|Tauros-Paldea-Aqua, L50, M|\n|poke|p1|Dragapult, L50, M|\n|poke|p2|Wo-Chien, L50|\n|poke|p2|Chi-Yu, L50|\n|poke|p2|Glimmora, L50, F|\n|poke|p2|Ting-Lu, L50|\n|poke|p2|Iron Hands, L50|\n|poke|p2|Murkrow, L50, F|\n|teampreview|4\n|inactive|Battle timer is ON: inactive players will automatically lose when time's up. (requested by Capsubaru)\n|inactive|ChossyVGC has 60 seconds left.\n|\n|t:|1681767242\n|start\n|switch|p1a: Baxcalibur|Baxcalibur, L50, F, shiny|100\/100\n|switch|p1b: Dragapult|Dragapult, L50, M|100\/100\n|switch|p2a: Murkrow|Murkrow, L50, F|100\/100\n|switch|p2b: Chi-Yu|Chi-Yu, L50|100\/100\n|-ability|p2b: Chi-Yu|Beads of Ruin\n|turn|1\n|\n|t:|1681767258\n|move|p2a: Murkrow|Tailwind|p2a: Murkrow\n|-sidestart|p2: Capsubaru|move: Tailwind\n|move|p2b: Chi-Yu|Dark Pulse|p1b: Dragapult\n|-supereffective|p1b: Dragapult\n|-enditem|p1b: Dragapult|Focus Sash\n|-damage|p1b: Dragapult|1\/100\n|-damage|p2b: Chi-Yu|90\/100|[from] item: Life Orb\n|move|p1b: Dragapult|Dragon Dance|p1b: Dragapult\n|-boost|p1b: Dragapult|atk|1\n|-boost|p1b: Dragapult|spe|1\n|move|p1a: Baxcalibur|Icicle Spear|p2a: Murkrow\n|-supereffective|p2a: Murkrow\n|-damage|p2a: Murkrow|71\/100\n|-supereffective|p2a: Murkrow\n|-damage|p2a: Murkrow|38\/100\n|-supereffective|p2a: Murkrow\n|-damage|p2a: Murkrow|6\/100\n|-supereffective|p2a: Murkrow\n|-damage|p2a: Murkrow|0 fnt\n|faint|p2a: Murkrow\n|-hitcount|p2: Murkrow|4\n|\n|upkeep\n|\n|t:|1681767281\n|switch|p2a: Iron Hands|Iron Hands, L50|100\/100\n|turn|2\n|\n|t:|1681767293\n|switch|p1a: Tauros|Tauros-Paldea-Aqua, L50, M|100\/100\n|-ability|p1a: Tauros|Intimidate|boost\n|-unboost|p2a: Iron Hands|atk|1\n|-unboost|p2b: Chi-Yu|atk|1\n|move|p2b: Chi-Yu|Protect|p2b: Chi-Yu\n|-singleturn|p2b: Chi-Yu|Protect\n|move|p1b: Dragapult|Baton Pass|p1b: Dragapult\n|\n|t:|1681767300\n|switch|p1b: Ursaring|Ursaring, L50, M|100\/100|[from] Baton Pass\n|-ability|p1b: Ursaring|Unnerve\n|move|p2a: Iron Hands|Drain Punch|p1a: Tauros\n|-damage|p1a: Tauros|73\/100\n|\n|upkeep\n|turn|3\n|inactive|ChossyVGC has 30 seconds left.\n|\n|t:|1681767334\n|-end|p2a: Iron Hands|Quark Drive|[silent]\n|switch|p2a: Glimmora|Glimmora, L50, F|100\/100\n|-terastallize|p2b: Chi-Yu|Fire\n|-terastallize|p1b: Ursaring|Ghost\n|move|p2b: Chi-Yu|Heat Wave|p1a: Tauros|[spread] p1a,p1b\n|-resisted|p1a: Tauros\n|-damage|p1a: Tauros|18\/100\n|-damage|p1b: Ursaring|34\/100\n|-damage|p2b: Chi-Yu|80\/100|[from] item: Life Orb\n|move|p1a: Tauros|Raging Bull|p2b: Chi-Yu\n|-supereffective|p2b: Chi-Yu\n|-damage|p2b: Chi-Yu|0 fnt\n|faint|p2b: Chi-Yu\n|move|p1b: Ursaring|Swords Dance|p1b: Ursaring\n|-boost|p1b: Ursaring|atk|2\n|\n|upkeep\n|\n|t:|1681767352\n|switch|p2b: Iron Hands|Iron Hands, L50|100\/100\n|turn|4\n|\n|t:|1681767360\n|switch|p1a: Dragapult|Dragapult, L50, M|1\/100\n|move|p1b: Ursaring|Protect|p1b: Ursaring\n|-singleturn|p1b: Ursaring|Protect\n|move|p2a: Glimmora|Sludge Bomb|p1b: Ursaring\n|-activate|p1b: Ursaring|move: Protect\n|move|p2b: Iron Hands|Drain Punch|p1a: Dragapult\n|-immune|p1a: Dragapult\n|\n|-sideend|p2: Capsubaru|move: Tailwind\n|upkeep\n|turn|5\n|inactive|ChossyVGC has 30 seconds left.\n|\n|t:|1681767388\n|move|p1a: Dragapult|Dragon Darts|p2b: Iron Hands\n|-damage|p2b: Iron Hands|87\/100\n|-anim|p1a: Dragapult|Dragon Darts|p2a: Glimmora\n|-crit|p2a: Glimmora\n|-damage|p2a: Glimmora|55\/100\n|-activate|p2a: Glimmora|ability: Toxic Debris\n|-sidestart|p1: ChossyVGC|move: Toxic Spikes\n|move|p2a: Glimmora|Sludge Bomb|p1a: Dragapult\n|-resisted|p1a: Dragapult\n|-damage|p1a: Dragapult|0 fnt\n|faint|p1a: Dragapult\n|move|p1b: Ursaring|Shadow Claw|p2a: Glimmora\n|-damage|p2a: Glimmora|0 fnt\n|-activate|p2a: Glimmora|ability: Toxic Debris\n|-sidestart|p1: ChossyVGC|move: Toxic Spikes\n|faint|p2a: Glimmora\n|move|p2b: Iron Hands|Wild Charge|p1b: Ursaring\n|-damage|p1b: Ursaring|0 fnt\n|faint|p1b: Ursaring\n|-damage|p2b: Iron Hands|81\/100|[from] Recoil\n|\n|upkeep\n|\n|t:|1681767408\n|switch|p1a: Tauros|Tauros-Paldea-Aqua, L50, M|18\/100\n|switch|p1b: Baxcalibur|Baxcalibur, L50, F, shiny|100\/100\n|-status|p1a: Tauros|tox\n|-ability|p1a: Tauros|Intimidate|boost\n|-unboost|p2b: Iron Hands|atk|1\n|-status|p1b: Baxcalibur|tox\n|turn|6\n|inactive|ChossyVGC has 30 seconds left.\n|inactive|ChossyVGC has 20 seconds left.\n|inactive|ChossyVGC has 15 seconds left.\n|\n|t:|1681767452\n|move|p1a: Tauros|Close Combat|p2b: Iron Hands\n|-damage|p2b: Iron Hands|50\/100\n|-unboost|p1a: Tauros|def|1\n|-unboost|p1a: Tauros|spd|1\n|-enditem|p2b: Iron Hands|Sitrus Berry|[eat]\n|-heal|p2b: Iron Hands|74\/100|[from] item: Sitrus Berry\n|move|p1b: Baxcalibur|Glaive Rush|p2b: Iron Hands\n|-damage|p2b: Iron Hands|32\/100\n|-singlemove|p1b: Baxcalibur|Glaive Rush|[silent]\n|move|p2b: Iron Hands|Drain Punch|p1b: Baxcalibur\n|-supereffective|p1b: Baxcalibur\n|-damage|p1b: Baxcalibur|5\/100 tox\n|-heal|p2b: Iron Hands|68\/100|[from] drain|[of] p1b: Baxcalibur\n|\n|-damage|p1a: Tauros|12\/100 tox|[from] psn\n|-damage|p1b: Baxcalibur|0 fnt|[from] psn\n|faint|p1b: Baxcalibur\n|upkeep\n|turn|7\n|c|\u2606ChossyVGC|gg\n|\n|t:|1681767471\n|move|p1a: Tauros|Close Combat|p2b: Iron Hands\n|-damage|p2b: Iron Hands|38\/100\n|-unboost|p1a: Tauros|def|1\n|-unboost|p1a: Tauros|spd|1\n|move|p2b: Iron Hands|Drain Punch|p1a: Tauros\n|-damage|p1a: Tauros|0 fnt\n|-heal|p2b: Iron Hands|41\/100|[from] drain|[of] p1a: Tauros\n|faint|p1a: Tauros\n|\n|win|Capsubaru\n|raw|ChossyVGC's rating: 1058 → 1042<\/strong> (-16 for losing)\n|raw|Capsubaru's rating: 1110 → 1131<\/strong> (+21 for winning)\n|c|\u2606Capsubaru|Gg\n|l|\u2606ChossyVGC\n","uploadtime":1681767510,"views":10,"p1id":"chossyvgc","p2id":"capsubaru","formatid":"gen9vgc2023regulationc","rating":1042,"private":0,"password":""}