{"id":"gen9vgc2023regulationc-1856801159","p1":"Dr.T23","p2":"WhatWasIC00KING","format":"[Gen 9] VGC 2023 Regulation C","log":"|j|\u2606Dr.T23\n|j|\u2606WhatWasIC00KING\n|t:|1683113406\n|gametype|doubles\n|player|p1|Dr.T23|169|1233\n|player|p2|WhatWasIC00KING|gambler|1278\n|teamsize|p1|6\n|teamsize|p2|6\n|gen|9\n|tier|[Gen 9] VGC 2023 Regulation C\n|rated|\n|rule|Species Clause: Limit one of each Pok\u00e9mon\n|rule|Item Clause: Limit one of each item\n|clearpoke\n|poke|p1|Orthworm, L50, F|\n|poke|p1|Salamence, L50, M|\n|poke|p1|Garchomp, L50, F|\n|poke|p1|Iron Hands, L50|\n|poke|p1|Gyarados, L50, F|\n|poke|p1|Ting-Lu, L50|\n|poke|p2|Ting-Lu, L50|\n|poke|p2|Annihilape, L50, M|\n|poke|p2|Palafin, L50, M|\n|poke|p2|Flutter Mane, L50|\n|poke|p2|Arcanine, L50, F|\n|poke|p2|Amoonguss, L50, M|\n|teampreview|4\nWhatWasIC00KING has agreed to open team sheets.\n|inactive|Battle timer is ON: inactive players will automatically lose when time's up. (requested by WhatWasIC00KING)\n|\n|t:|1683113452\n|start\n|switch|p1a: Gyarados|Gyarados, L50, F|100\/100\n|switch|p1b: Orthworm|Orthworm, L50, F|100\/100\n|switch|p2a: Ares|Annihilape, L50, M, shiny|100\/100\n|switch|p2b: Eris|Flutter Mane, L50|100\/100\n|-ability|p1a: Gyarados|Intimidate|boost\n|-unboost|p2a: Ares|atk|1\n|-ability|p2a: Ares|Defiant|boost\n|-boost|p2a: Ares|atk|2\n|-unboost|p2b: Eris|atk|1\n|turn|1\n|inactive|Dr.T23 has 30 seconds left.\n|inactive|WhatWasIC00KING has 30 seconds left.\n|\n|t:|1683113481\n|move|p2b: Eris|Shadow Ball|p1b: Orthworm\n|-crit|p1b: Orthworm\n|-damage|p1b: Orthworm|2\/100\n|move|p2a: Ares|Drain Punch|p1b: Orthworm\n|-supereffective|p1b: Orthworm\n|-damage|p1b: Orthworm|0 fnt\n|faint|p1b: Orthworm\n|move|p1a: Gyarados|Thunder Wave|p2a: Ares\n|-status|p2a: Ares|par\n|\n|upkeep\n|\n|t:|1683113499\n|switch|p1b: Iron Hands|Iron Hands, L50|100\/100\n|turn|2\n|\n|t:|1683113514\n|-end|p2b: Eris|Protosynthesis|[silent]\n|switch|p2b: Aeolus|Arcanine, L50, F, shiny|100\/100\n|-ability|p2b: Aeolus|Intimidate|boost\n|-unboost|p1a: Gyarados|atk|1\n|-unboost|p1b: Iron Hands|atk|1\n|move|p1a: Gyarados|Thunder Wave|p2b: Aeolus\n|-status|p2b: Aeolus|par\n|move|p1b: Iron Hands|Iron Head|p2b: Aeolus\n|-resisted|p2b: Aeolus\n|-damage|p2b: Aeolus|89\/100 par\n|cant|p2a: Ares|par\n|\n|upkeep\n|turn|3\n|\n|t:|1683113535\n|move|p1a: Gyarados|Waterfall|p2b: Aeolus\n|-supereffective|p2b: Aeolus\n|-damage|p2b: Aeolus|36\/100 par\n|move|p2b: Aeolus|Will-O-Wisp|p1b: Iron Hands\n|-status|p1b: Iron Hands|brn\n|move|p1b: Iron Hands|Drain Punch|p2b: Aeolus\n|-damage|p2b: Aeolus|18\/100 par\n|move|p2a: Ares|Rage Fist|p1a: Gyarados\n|-damage|p1a: Gyarados|73\/100\n|\n|-damage|p1b: Iron Hands|94\/100 brn|[from] brn\n|upkeep\n|turn|4\n|inactive|Dr.T23 has 30 seconds left.\n|\n|t:|1683113568\n|switch|p2b: Hypnos|Amoonguss, L50, M, shiny|100\/100\n|move|p1a: Gyarados|Taunt|p2a: Ares\n|-start|p2a: Ares|move: Taunt\n|move|p1b: Iron Hands|Drain Punch|p2b: Hypnos\n|-resisted|p2b: Hypnos\n|-damage|p2b: Hypnos|95\/100\n|-heal|p1b: Iron Hands|97\/100 brn|[from] drain|[of] p2b: Hypnos\n|cant|p2a: Ares|move: Taunt|Bulk Up\n|\n|-damage|p1b: Iron Hands|91\/100 brn|[from] brn\n|upkeep\n|turn|5\n|\n|t:|1683113582\n|-end|p1b: Iron Hands|Quark Drive|[silent]\n|switch|p1b: Salamence|Salamence, L50, M|100\/100\n|switch|p2b: Aeolus|Arcanine, L50, F, shiny|18\/100 par\n|-ability|p2b: Aeolus|Intimidate|boost\n|-unboost|p1a: Gyarados|atk|1\n|-unboost|p1b: Salamence|atk|1\n|move|p1a: Gyarados|Taunt|p2b: Aeolus\n|-start|p2b: Aeolus|move: Taunt\n|move|p2a: Ares|Drain Punch|p1b: Salamence\n|-resisted|p1b: Salamence\n|-damage|p1b: Salamence|69\/100\n|\n|upkeep\n|turn|6\n|\n|t:|1683113602\n|switch|p1b: Iron Hands|Iron Hands, L50|91\/100 brn\n|move|p1a: Gyarados|Waterfall|p2b: Aeolus\n|-supereffective|p2b: Aeolus\n|-damage|p2b: Aeolus|0 fnt\n|faint|p2b: Aeolus\n|move|p2a: Ares|Rage Fist|p1a: Gyarados\n|-damage|p1a: Gyarados|44\/100\n|\n|-damage|p1b: Iron Hands|85\/100 brn|[from] brn\n|-end|p2a: Ares|move: Taunt\n|upkeep\n|\n|t:|1683113614\n|switch|p2b: Eris|Flutter Mane, L50|100\/100\n|turn|7\n|\n|t:|1683113625\n|move|p2b: Eris|Dazzling Gleam|p1b: Iron Hands|[spread] p1a,p1b\n|-supereffective|p1b: Iron Hands\n|-damage|p1a: Gyarados|9\/100\n|-damage|p1b: Iron Hands|34\/100 brn\n|move|p1a: Gyarados|Thunder Wave|p2b: Eris\n|-status|p2b: Eris|par\n|move|p1b: Iron Hands|Iron Head|p2b: Eris\n|-supereffective|p2b: Eris\n|-crit|p2b: Eris\n|-damage|p2b: Eris|38\/100 par\n|cant|p2a: Ares|par\n|\n|-damage|p1b: Iron Hands|28\/100 brn|[from] brn\n|upkeep\n|turn|8\n|\n|t:|1683113642\n|-end|p2b: Eris|Protosynthesis|[silent]\n|switch|p2b: Hypnos|Amoonguss, L50, M, shiny|100\/100\n|move|p1a: Gyarados|Waterfall|p2b: Hypnos\n|-resisted|p2b: Hypnos\n|-damage|p2b: Hypnos|94\/100\n|move|p1b: Iron Hands|Iron Head|p2b: Hypnos\n|-damage|p2b: Hypnos|80\/100\n|move|p2a: Ares|Rage Fist|p1a: Gyarados\n|-damage|p1a: Gyarados|0 fnt\n|faint|p1a: Gyarados\n|\n|-damage|p1b: Iron Hands|22\/100 brn|[from] brn\n|upkeep\n|\n|t:|1683113655\n|switch|p1a: Salamence|Salamence, L50, M|69\/100\n|turn|9\n|\n|t:|1683113663\n|move|p1a: Salamence|Dragon Dance|p1a: Salamence\n|-boost|p1a: Salamence|atk|1\n|-boost|p1a: Salamence|spe|1\n|move|p1b: Iron Hands|Iron Head|p2b: Hypnos\n|-damage|p2b: Hypnos|68\/100\n|move|p2a: Ares|Rage Fist|p1a: Salamence\n|-damage|p1a: Salamence|29\/100\n|-enditem|p1a: Salamence|Sitrus Berry|[eat]\n|-heal|p1a: Salamence|54\/100|[from] item: Sitrus Berry\n|cant|p2b: Hypnos|flinch\n|\n|-damage|p1b: Iron Hands|16\/100 brn|[from] brn\n|upkeep\n|turn|10\n|\n|t:|1683113684\n|-terastallize|p2b: Hypnos|Water\n|move|p1a: Salamence|Protect|p1a: Salamence\n|-singleturn|p1a: Salamence|Protect\n|move|p1b: Iron Hands|Iron Head|p2b: Hypnos\n|-resisted|p2b: Hypnos\n|-damage|p2b: Hypnos|62\/100\n|move|p2a: Ares|Rage Fist|p1a: Salamence\n|-activate|p1a: Salamence|move: Protect\n|move|p2b: Hypnos|Spore|p1a: Salamence\n|-activate|p1a: Salamence|move: Protect\n|\n|-damage|p1b: Iron Hands|10\/100 brn|[from] brn\n|upkeep\n|turn|11\n|\n|t:|1683113703\n|move|p2b: Hypnos|Protect|p2b: Hypnos\n|-singleturn|p2b: Hypnos|Protect\n|move|p1a: Salamence|Dragon Claw|p2b: Hypnos\n|-activate|p2b: Hypnos|move: Protect\n|move|p1b: Iron Hands|Drain Punch|p2b: Hypnos\n|-activate|p2b: Hypnos|move: Protect\n|move|p2a: Ares|Rage Fist|p1a: Salamence\n|-damage|p1a: Salamence|13\/100\n|\n|-damage|p1b: Iron Hands|4\/100 brn|[from] brn\n|upkeep\n|turn|12\n|\n|t:|1683113722\n|move|p1a: Salamence|Protect|p1a: Salamence\n|-singleturn|p1a: Salamence|Protect\n|move|p2b: Hypnos|Rage Powder|p2b: Hypnos\n|-singleturn|p2b: Hypnos|move: Rage Powder\n|move|p1b: Iron Hands|Bulldoze|p2b: Hypnos|[spread] p2a,p2b\n|-activate|p1a: Salamence|move: Protect\n|-damage|p2a: Ares|92\/100 par\n|-damage|p2b: Hypnos|54\/100\n|-unboost|p2a: Ares|spe|1\n|-ability|p2a: Ares|Defiant|boost\n|-boost|p2a: Ares|atk|2\n|-unboost|p2b: Hypnos|spe|1\n|move|p2a: Ares|Rage Fist|p1a: Salamence\n|-activate|p1a: Salamence|move: Protect\n|\n|-heal|p2a: Ares|98\/100 par|[from] item: Leftovers\n|-damage|p1b: Iron Hands|0 fnt|[from] brn\n|faint|p1b: Iron Hands\n|-end|p1b: Iron Hands|Quark Drive|[silent]\n|upkeep\n|turn|13\n|\n|t:|1683113739\n|move|p1a: Salamence|Earthquake|p2b: Hypnos|[spread] p2a,p2b\n|-damage|p2a: Ares|54\/100 par\n|-damage|p2b: Hypnos|15\/100\n|-enditem|p2b: Hypnos|Sitrus Berry|[eat]\n|-heal|p2b: Hypnos|40\/100|[from] item: Sitrus Berry\n|move|p2a: Ares|Rage Fist|p1a: Salamence\n|-damage|p1a: Salamence|0 fnt\n|faint|p1a: Salamence\n|\n|win|WhatWasIC00KING\n|raw|Dr.T23's rating: 1233 → 1211<\/strong> (-22 for losing)\n|raw|WhatWasIC00KING's rating: 1278 → 1300<\/strong> (+22 for winning)\n|l|\u2606Dr.T23\n","uploadtime":1683113761,"views":9,"p1id":"drt23","p2id":"whatwasic00king","formatid":"gen9vgc2023regulationc","rating":1211,"private":0,"password":""}