{"id":"gen9vgc2023regulationc-1860706193","p1":"rambah","p2":"Haron0756","format":"[Gen 9] VGC 2023 Regulation C","log":"|j|\u2606rambah\n|j|\u2606Haron0756\n|t:|1683668311\n|gametype|doubles\n|player|p1|rambah|dawn|1130\n|player|p2|Haron0756|pokemonranger-gen4|1165\n|teamsize|p1|6\n|teamsize|p2|6\n|gen|9\n|tier|[Gen 9] VGC 2023 Regulation C\n|rated|\n|rule|Species Clause: Limit one of each Pok\u00e9mon\n|rule|Item Clause: Limit one of each item\n|clearpoke\n|poke|p1|Iron Bundle, L50|\n|poke|p1|Flutter Mane, L50|\n|poke|p1|Chi-Yu, L50|\n|poke|p1|Kingambit, L50, M|\n|poke|p1|Amoonguss, L50, M|\n|poke|p1|Dragonite, L50, M|\n|poke|p2|Garganacl, L50, F|\n|poke|p2|Meowscarada, L50, M|\n|poke|p2|Tatsugiri-Droopy, L50, M|\n|poke|p2|Gholdengo, L50|\n|poke|p2|Sylveon, L50, F|\n|poke|p2|Talonflame, L50, M|\n|teampreview|4\nrambah has agreed to open team sheets.\n|inactive|Battle timer is ON: inactive players will automatically lose when time's up. (requested by rambah)\n|\n|t:|1683668342\n|start\n|switch|p1a: Dragonite|Dragonite, L50, M|100\/100\n|switch|p1b: Kingambit|Kingambit, L50, M|100\/100\n|switch|p2a: Talonflame|Talonflame, L50, M|100\/100\n|switch|p2b: Meowscarada|Meowscarada, L50, M|100\/100\n|turn|1\n|inactive|Haron0756 has 30 seconds left.\n|\n|t:|1683668369\n|-terastallize|p1b: Kingambit|Flying\n|move|p1a: Dragonite|Extreme Speed|p2a: Talonflame\n|-damage|p2a: Talonflame|55\/100\n|move|p2b: Meowscarada|U-turn|p1b: Kingambit\n|-start|p2b: Meowscarada|typechange|Bug|[from] ability: Protean\n|-resisted|p1b: Kingambit\n|-damage|p1b: Kingambit|88\/100\n|\n|t:|1683668384\n|switch|p2b: Minecraft|Garganacl, L50, F|100\/100|[from] U-turn\n|move|p2a: Talonflame|Tailwind|p2a: Talonflame\n|-sidestart|p2: Haron0756|move: Tailwind\n|move|p1b: Kingambit|Swords Dance|p1b: Kingambit\n|-boost|p1b: Kingambit|atk|2\n|\n|upkeep\n|turn|2\n|\n|t:|1683668407\n|move|p2a: Talonflame|Will-O-Wisp|p1b: Kingambit\n|-status|p1b: Kingambit|brn\n|move|p1a: Dragonite|Earthquake|p2b: Minecraft|[spread] p2b\n|-immune|p1b: Kingambit\n|-immune|p2a: Talonflame\n|-supereffective|p2b: Minecraft\n|-damage|p2b: Minecraft|65\/100\n|move|p2b: Minecraft|Iron Defense|p2b: Minecraft\n|-boost|p2b: Minecraft|def|2\n|move|p1b: Kingambit|Kowtow Cleave|p2b: Minecraft\n|-damage|p2b: Minecraft|43\/100\n|\n|-heal|p2b: Minecraft|49\/100|[from] item: Leftovers\n|-damage|p1b: Kingambit|83\/100 brn|[from] brn\n|upkeep\n|turn|3\n|\n|t:|1683668430\n|move|p2a: Talonflame|Will-O-Wisp|p1a: Dragonite\n|-status|p1a: Dragonite|brn\n|-enditem|p1a: Dragonite|Lum Berry|[eat]\n|-curestatus|p1a: Dragonite|brn|[msg]\n|move|p1a: Dragonite|Earthquake|p2b: Minecraft|[spread] p2b\n|-immune|p1b: Kingambit\n|-immune|p2a: Talonflame\n|-supereffective|p2b: Minecraft\n|-damage|p2b: Minecraft|31\/100\n|move|p2b: Minecraft|Recover|p2b: Minecraft\n|-heal|p2b: Minecraft|81\/100\n|move|p1b: Kingambit|Kowtow Cleave|p2b: Minecraft\n|-damage|p2b: Minecraft|61\/100\n|\n|-heal|p2b: Minecraft|67\/100|[from] item: Leftovers\n|-damage|p1b: Kingambit|77\/100 brn|[from] brn\n|upkeep\n|turn|4\n|inactive|Haron0756 has 30 seconds left.\n|inactive|Haron0756 has 20 seconds left.\n|inactive|Haron0756 has 15 seconds left.\n|\n|t:|1683668475\n|switch|p1a: Chi-Yu|Chi-Yu, L50|100\/100\n|-ability|p1a: Chi-Yu|Beads of Ruin\n|move|p2a: Talonflame|Protect|p2a: Talonflame\n|-singleturn|p2a: Talonflame|Protect\n|move|p2b: Minecraft|Iron Defense|p2b: Minecraft\n|-boost|p2b: Minecraft|def|2\n|move|p1b: Kingambit|Swords Dance|p1b: Kingambit\n|-boost|p1b: Kingambit|atk|2\n|\n|-heal|p2b: Minecraft|72\/100|[from] item: Leftovers\n|-damage|p1b: Kingambit|71\/100 brn|[from] brn\n|-sideend|p2: Haron0756|move: Tailwind\n|upkeep\n|turn|5\n|inactive|Haron0756 has 30 seconds left.\n|\n|t:|1683668504\n|-terastallize|p2b: Minecraft|Ghost\n|move|p2a: Talonflame|Tailwind|p2a: Talonflame\n|-sidestart|p2: Haron0756|move: Tailwind\n|move|p1a: Chi-Yu|Nasty Plot|p1a: Chi-Yu\n|-boost|p1a: Chi-Yu|spa|2\n|move|p2b: Minecraft|Salt Cure|p1a: Chi-Yu\n|-supereffective|p1a: Chi-Yu\n|-damage|p1a: Chi-Yu|50\/100\n|-start|p1a: Chi-Yu|Salt Cure\n|move|p1b: Kingambit|Kowtow Cleave|p2b: Minecraft\n|-supereffective|p2b: Minecraft\n|-damage|p2b: Minecraft|33\/100\n|\n|-heal|p2b: Minecraft|39\/100|[from] item: Leftovers\n|-damage|p1b: Kingambit|65\/100 brn|[from] brn\n|-damage|p1a: Chi-Yu|37\/100|[from] Salt Cure\n|upkeep\n|turn|6\n|\n|t:|1683668527\n|move|p2a: Talonflame|Air Slash|p1a: Chi-Yu\n|-damage|p1a: Chi-Yu|4\/100\n|move|p1a: Chi-Yu|Dark Pulse|p2b: Minecraft\n|-supereffective|p2b: Minecraft\n|-damage|p2b: Minecraft|0 fnt\n|faint|p2b: Minecraft\n|move|p1b: Kingambit|Kowtow Cleave|p2a: Talonflame\n|-damage|p2a: Talonflame|0 fnt\n|faint|p2a: Talonflame\n|\n|-damage|p1b: Kingambit|59\/100 brn|[from] brn\n|-damage|p1a: Chi-Yu|0 fnt|[from] Salt Cure\n|faint|p1a: Chi-Yu\n|upkeep\n|\n|t:|1683668545\n|switch|p2a: Meowscarada|Meowscarada, L50, M|100\/100\n|switch|p1a: Flutter Mane|Flutter Mane, L50|100\/100\n|switch|p2b: Sushi|Tatsugiri-Droopy, L50, M|100\/100\n|-enditem|p1a: Flutter Mane|Booster Energy\n|-activate|p1a: Flutter Mane|ability: Protosynthesis|[fromitem]\n|-start|p1a: Flutter Mane|protosynthesisspe\n|turn|7\n|\n|t:|1683668564\n|move|p1b: Kingambit|Sucker Punch|p2b: Sushi\n|-damage|p2b: Sushi|0 fnt\n|faint|p2b: Sushi\n|move|p2a: Meowscarada|Flower Trick|p1a: Flutter Mane\n|-start|p2a: Meowscarada|typechange|Grass|[from] ability: Protean\n|-crit|p1a: Flutter Mane\n|-damage|p1a: Flutter Mane|0 fnt\n|faint|p1a: Flutter Mane\n|-end|p1a: Flutter Mane|Protosynthesis|[silent]\n|\n|-damage|p1b: Kingambit|54\/100 brn|[from] brn\n|upkeep\n|\n|t:|1683668571\n|switch|p1a: Dragonite|Dragonite, L50, M|100\/100\n|turn|8\n|\n|t:|1683668576\n|move|p2a: Meowscarada|Flower Trick|p1b: Kingambit\n|-resisted|p1b: Kingambit\n|-crit|p1b: Kingambit\n|-damage|p1b: Kingambit|35\/100 brn\n|move|p1a: Dragonite|Dragon Dance|p1a: Dragonite\n|-boost|p1a: Dragonite|atk|1\n|-boost|p1a: Dragonite|spe|1\n|move|p1b: Kingambit|Kowtow Cleave|p2a: Meowscarada\n|-damage|p2a: Meowscarada|0 fnt\n|faint|p2a: Meowscarada\n|\n|win|rambah\n|raw|rambah's rating: 1130 → 1158<\/strong> (+28 for winning)\n|raw|Haron0756's rating: 1165 → 1137<\/strong> (-28 for losing)\n|l|\u2606Haron0756\n","uploadtime":1683668590,"views":15,"p1id":"rambah","p2id":"haron0756","formatid":"gen9vgc2023regulationc","rating":1137,"private":0,"password":""}