{"id":"gen9vgc2023regulationc-1848184969","p1":"golumitar72","p2":"SoggyWaffles35","format":"[Gen 9] VGC 2023 Regulation C","log":"|j|\u2606golumitar72\n|j|\u2606SoggyWaffles35\n|t:|1682039786\n|gametype|doubles\n|player|p1|golumitar72|170|1135\n|player|p2|SoggyWaffles35|265|1167\n|teamsize|p1|6\n|teamsize|p2|6\n|gen|9\n|tier|[Gen 9] VGC 2023 Regulation C\n|rated|\n|rule|Species Clause: Limit one of each Pok\u00e9mon\n|rule|Item Clause: Limit one of each item\n|clearpoke\n|poke|p1|Kingambit, L50, M|\n|poke|p1|Torkoal, L50, F|\n|poke|p1|Indeedee-F, L50, F|\n|poke|p1|Hatterene, L50, F|\n|poke|p1|Armarouge, L50, F|\n|poke|p1|Annihilape, L50, M|\n|poke|p2|Orthworm, L50, M|\n|poke|p2|Ting-Lu, L50|\n|poke|p2|Chien-Pao, L50|\n|poke|p2|Dragonite, L50, F|\n|poke|p2|Gyarados, L50, M|\n|poke|p2|Flutter Mane, L50|\n|teampreview|4\nSoggyWaffles35 has agreed to open team sheets.\n|\n|t:|1682039826\n|start\n|switch|p1a: Yella|Armarouge, L50, F|100\/100\n|switch|p1b: Baghoul|Annihilape, L50, M|100\/100\n|switch|p2a: Ting-Lu|Ting-Lu, L50|100\/100\n|switch|p2b: Orthworm|Orthworm, L50, M|100\/100\n|-ability|p2a: Ting-Lu|Vessel of Ruin\n|turn|1\n|\n|t:|1682039861\n|-terastallize|p2b: Orthworm|Fire\n|move|p1b: Baghoul|Final Gambit|p2a: Ting-Lu\n|-damage|p2a: Ting-Lu|18\/100\n|faint|p1b: Baghoul\n|move|p2b: Orthworm|Shed Tail|p2b: Orthworm\n|-start|p2b: Orthworm|Substitute|[from] move: Shed Tail\n|-damage|p2b: Orthworm|50\/100\n|-enditem|p2b: Orthworm|Sitrus Berry|[eat]\n|-heal|p2b: Orthworm|75\/100|[from] item: Sitrus Berry\n|\n|t:|1682039871\n|switch|p2b: Dragonite|Dragonite, L50, F|100\/100|[from] Shed Tail\n|move|p2a: Ting-Lu|Payback|p1a: Yella\n|-supereffective|p1a: Yella\n|-damage|p1a: Yella|54\/100\n|move|p1a: Yella|Trick Room|p1a: Yella\n|-fieldstart|move: Trick Room|[of] p1a: Yella\n|\n|upkeep\n|\n|t:|1682039880\n|switch|p1b: GG|Indeedee-F, L50, F|100\/100\n|-fieldstart|move: Psychic Terrain|[from] ability: Psychic Surge|[of] p1b: GG\n|turn|2\n|inactive|Battle timer is ON: inactive players will automatically lose when time's up. (requested by golumitar72)\n|\n|t:|1682039924\n|move|p2a: Ting-Lu|Rock Slide|p1a: Yella|[spread] p1a,p1b\n|-supereffective|p1a: Yella\n|-damage|p1a: Yella|16\/100\n|-damage|p1b: GG|72\/100\n|move|p1a: Yella|Expanding Force|p2b: Dragonite|[spread] p2b\n|-immune|p2a: Ting-Lu\n|-end|p2b: Dragonite|Substitute\n|move|p1b: GG|Dazzling Gleam|p2b: Dragonite|[spread] p2a,p2b\n|-supereffective|p2a: Ting-Lu\n|-supereffective|p2b: Dragonite\n|-damage|p2a: Ting-Lu|2\/100\n|-damage|p2b: Dragonite|90\/100\n|move|p2b: Dragonite|Thunder Punch|p1a: Yella\n|-damage|p1a: Yella|0 fnt\n|faint|p1a: Yella\n|\n|upkeep\n|\n|t:|1682039941\n|switch|p1a: Tortoe|Torkoal, L50, F|100\/100\n|-weather|SunnyDay|[from] ability: Drought|[of] p1a: Tortoe\n|turn|3\n|inactive|SoggyWaffles35 has 30 seconds left.\n|\n|t:|1682039967\n|-terastallize|p1a: Tortoe|Fire\n|move|p1b: GG|Follow Me|p1b: GG\n|-singleturn|p1b: GG|move: Follow Me\n|move|p1a: Tortoe|Eruption|p2a: Ting-Lu|[spread] p2a,p2b\n|-resisted|p2b: Dragonite\n|-damage|p2a: Ting-Lu|0 fnt\n|-damage|p2b: Dragonite|50\/100\n|faint|p2a: Ting-Lu\n|move|p2b: Dragonite|Earthquake|p1a: Tortoe|[spread] p1a,p1b\n|-supereffective|p1a: Tortoe\n|-crit|p1b: GG\n|-damage|p1a: Tortoe|61\/100\n|-damage|p1b: GG|17\/100\n|\n|-weather|SunnyDay|[upkeep]\n|upkeep\n|\n|t:|1682039983\n|switch|p2a: Orthworm|Orthworm, L50, M, tera:Fire|75\/100\n|turn|4\n|\n|t:|1682040001\n|move|p1b: GG|Helping Hand|p1a: Tortoe\n|-singleturn|p1a: Tortoe|Helping Hand|[of] p1b: GG\n|move|p1a: Tortoe|Eruption|p2b: Dragonite|[spread] p2a,p2b\n|-resisted|p2a: Orthworm\n|-resisted|p2b: Dragonite\n|-damage|p2a: Orthworm|22\/100\n|-damage|p2b: Dragonite|6\/100\n|move|p2a: Orthworm|Body Press|p1a: Tortoe\n|-damage|p1a: Tortoe|40\/100\n|move|p2b: Dragonite|Earthquake|p1b: GG|[spread] p1a,p1b\n|-heal|p2a: Orthworm|47\/100|[from] ability: Earth Eater|[of] p2b: Dragonite\n|-supereffective|p1a: Tortoe\n|-damage|p1a: Tortoe|4\/100\n|-damage|p1b: GG|0 fnt\n|faint|p1b: GG\n|\n|-weather|SunnyDay|[upkeep]\n|upkeep\n|turn|5\n|inactive|SoggyWaffles35 has 30 seconds left.\n|\n|t:|1682040030\n|move|p1a: Tortoe|Eruption|p2b: Dragonite|[spread] p2a,p2b\n|-resisted|p2a: Orthworm\n|-resisted|p2b: Dragonite\n|-crit|p2b: Dragonite\n|-damage|p2a: Orthworm|44\/100\n|-damage|p2b: Dragonite|3\/100\n|move|p2a: Orthworm|Body Press|p1a: Tortoe\n|-damage|p1a: Tortoe|0 fnt\n|faint|p1a: Tortoe\n|\n|win|SoggyWaffles35\n|raw|golumitar72's rating: 1135 → 1112<\/strong> (-23 for losing)\n|raw|SoggyWaffles35's rating: 1167 → 1190<\/strong> (+23 for winning)\n|l|\u2606golumitar72\n","uploadtime":1682040047,"views":8,"p1id":"golumitar72","p2id":"soggywaffles35","formatid":"gen9vgc2023regulationc","rating":1112,"private":0,"password":""}