{"id":"gen9vgc2023regulationc-1851719363","p1":"burt9000","p2":"F1027","format":"[Gen 9] VGC 2023 Regulation C","log":"|j|\u2606burt9000\n|j|\u2606F1027\n|t:|1682473887\n|gametype|doubles\n|player|p1|burt9000|101|1152\n|player|p2|F1027|blackbelt|1055\n|teamsize|p1|6\n|teamsize|p2|6\n|gen|9\n|tier|[Gen 9] VGC 2023 Regulation C\n|rated|\n|rule|Species Clause: Limit one of each Pok\u00e9mon\n|rule|Item Clause: Limit one of each item\n|clearpoke\n|poke|p1|Dragapult, L50, F|\n|poke|p1|Glimmora, L50, F|\n|poke|p1|Amoonguss, L50, M|\n|poke|p1|Palafin, L50, M|\n|poke|p1|Flutter Mane, L50|\n|poke|p1|Great Tusk, L50|\n|poke|p2|Flutter Mane, L50|\n|poke|p2|Palafin, L50, M|\n|poke|p2|Amoonguss, L50, M|\n|poke|p2|Arcanine, L50, F|\n|poke|p2|Dragonite, L50, M|\n|poke|p2|Ting-Lu, L50|\n|teampreview|4\n|inactive|Battle timer is ON: inactive players will automatically lose when time's up. (requested by F1027)\nburt9000 rejected open team sheets.\n|inactive|burt9000 has 60 seconds left.\n|inactive|F1027 has 60 seconds left.\n|inactive|burt9000 has 30 seconds left.\n|inactive|burt9000 has 20 seconds left.\n|inactive|burt9000 has 15 seconds left.\n|inactive|burt9000 has 10 seconds left.\n|\n|t:|1682473967\n|start\n|switch|p1a: Amoonguss|Amoonguss, L50, M|100\/100\n|switch|p1b: Flutter Mane|Flutter Mane, L50|100\/100\n|switch|p2a: Palafin|Palafin, L50, M|100\/100\n|switch|p2b: Ting-Lu|Ting-Lu, L50|100\/100\n|-ability|p2b: Ting-Lu|Vessel of Ruin\n|-enditem|p1b: Flutter Mane|Booster Energy\n|-activate|p1b: Flutter Mane|ability: Protosynthesis|[fromitem]\n|-start|p1b: Flutter Mane|protosynthesisspe\n|turn|1\n|\n|t:|1682473985\n|detailschange|p2a: Palafin|Palafin-Hero, L50, M\n|switch|p2a: Amoonguss|Amoonguss, L50, M, shiny|100\/100\n|move|p1a: Amoonguss|Rage Powder|p1a: Amoonguss\n|-singleturn|p1a: Amoonguss|move: Rage Powder\n|move|p1b: Flutter Mane|Moonblast|p2a: Amoonguss\n|-resisted|p2a: Amoonguss\n|-damage|p2a: Amoonguss|87\/100\n|-unboost|p2a: Amoonguss|spa|1\n|move|p2b: Ting-Lu|Heavy Slam|p1a: Amoonguss\n|-damage|p1a: Amoonguss|72\/100\n|\n|-heal|p2a: Amoonguss|93\/100|[from] item: Leftovers\n|upkeep\n|turn|2\n|inactive|burt9000 has 30 seconds left.\n|\n|t:|1682474011\n|move|p1b: Flutter Mane|Protect|p1b: Flutter Mane\n|-singleturn|p1b: Flutter Mane|Protect\n|move|p2a: Amoonguss|Rage Powder|p2a: Amoonguss\n|-singleturn|p2a: Amoonguss|move: Rage Powder\n|move|p2b: Ting-Lu|Heavy Slam|p1b: Flutter Mane\n|-activate|p1b: Flutter Mane|move: Protect\n|move|p1a: Amoonguss|Spore|p2b: Ting-Lu\n|-status|p2b: Ting-Lu|slp|[from] move: Spore\n|\n|-heal|p2a: Amoonguss|99\/100|[from] item: Leftovers\n|upkeep\n|turn|3\n|inactive|burt9000 has 30 seconds left.\n|inactive|burt9000 has 20 seconds left.\n|\n|t:|1682474050\n|-end|p1b: Flutter Mane|Protosynthesis|[silent]\n|switch|p1b: Great Tusk|Great Tusk, L50|100\/100\n|cant|p2b: Ting-Lu|slp\n|move|p2a: Amoonguss|Spore|p1b: Great Tusk\n|-status|p1b: Great Tusk|slp|[from] move: Spore\n|move|p1a: Amoonguss|Clear Smog|p2a: Amoonguss\n|-damage|p2a: Amoonguss|92\/100\n|-clearboost|p2a: Amoonguss\n|\n|-heal|p2a: Amoonguss|98\/100|[from] item: Leftovers\n|upkeep\n|turn|4\n|\n|t:|1682474073\n|move|p1a: Amoonguss|Protect|p1a: Amoonguss\n|-singleturn|p1a: Amoonguss|Protect\n|cant|p1b: Great Tusk|slp\n|-curestatus|p2b: Ting-Lu|slp|[msg]\n|move|p2b: Ting-Lu|Heavy Slam|p1a: Amoonguss\n|-activate|p1a: Amoonguss|move: Protect\n|move|p2a: Amoonguss|Pollen Puff|p1a: Amoonguss\n|-activate|p1a: Amoonguss|move: Protect\n|\n|-heal|p2a: Amoonguss|100\/100|[from] item: Leftovers\n|upkeep\n|turn|5\n|\n|t:|1682474093\n|move|p2a: Amoonguss|Rage Powder|p2a: Amoonguss\n|-singleturn|p2a: Amoonguss|move: Rage Powder\n|cant|p1b: Great Tusk|slp\n|move|p2b: Ting-Lu|Fissure|p1a: Amoonguss|[miss]\n|-miss|p2b: Ting-Lu|p1a: Amoonguss\n|move|p1a: Amoonguss|Spore|p2b: Ting-Lu\n|-status|p2b: Ting-Lu|slp|[from] move: Spore\n|\n|upkeep\n|turn|6\n|\n|t:|1682474122\n|switch|p1a: Dragapult|Dragapult, L50, F|100\/100\n|-terastallize|p1b: Great Tusk|Grass\n|cant|p1b: Great Tusk|slp\n|cant|p2b: Ting-Lu|slp\n|move|p2a: Amoonguss|Spore|p1b: Great Tusk\n|-immune|p1b: Great Tusk\n|\n|upkeep\n|turn|7\n|\n|t:|1682474143\n|move|p1a: Dragapult|Dragon Darts|p2b: Ting-Lu\n|-damage|p2b: Ting-Lu|81\/100 slp\n|-anim|p1a: Dragapult|Dragon Darts|p2a: Amoonguss\n|-damage|p2a: Amoonguss|57\/100\n|-curestatus|p1b: Great Tusk|slp|[msg]\n|move|p1b: Great Tusk|Close Combat|p2b: Ting-Lu\n|-supereffective|p2b: Ting-Lu\n|-damage|p2b: Ting-Lu|14\/100 slp\n|-unboost|p1b: Great Tusk|def|1\n|-unboost|p1b: Great Tusk|spd|1\n|cant|p2b: Ting-Lu|slp\n|move|p2a: Amoonguss|Spore|p1a: Dragapult\n|-status|p1a: Dragapult|slp|[from] move: Spore\n|\n|-heal|p2a: Amoonguss|62\/100|[from] item: Leftovers\n|upkeep\n|turn|8\n|inactive|burt9000 has 30 seconds left.\n|inactive|burt9000 has 20 seconds left.\n|\n|t:|1682474184\n|switch|p1a: Amoonguss|Amoonguss, L50, M|100\/100\n|move|p1b: Great Tusk|Protect|p1b: Great Tusk\n|-singleturn|p1b: Great Tusk|Protect\n|-curestatus|p2b: Ting-Lu|slp|[msg]\n|move|p2b: Ting-Lu|Fissure|p1b: Great Tusk\n|-activate|p1b: Great Tusk|move: Protect\n|move|p2a: Amoonguss|Pollen Puff|p1b: Great Tusk\n|-activate|p1b: Great Tusk|move: Protect\n|\n|-heal|p2a: Amoonguss|68\/100|[from] item: Leftovers\n|upkeep\n|turn|9\n|inactive|burt9000 has 30 seconds left.\n|\n|t:|1682474212\n|move|p2a: Amoonguss|Protect|p2a: Amoonguss\n|-singleturn|p2a: Amoonguss|Protect\n|move|p1b: Great Tusk|Headlong Rush|p2a: Amoonguss\n|-activate|p2a: Amoonguss|move: Protect\n|move|p2b: Ting-Lu|Earthquake|p1b: Great Tusk|[spread] p1a,p1b\n|-activate|p2a: Amoonguss|move: Protect\n|-resisted|p1b: Great Tusk\n|-damage|p1a: Amoonguss|73\/100\n|-damage|p1b: Great Tusk|85\/100\n|move|p1a: Amoonguss|Spore|p2b: Ting-Lu\n|-status|p2b: Ting-Lu|slp|[from] move: Spore\n|\n|-heal|p2a: Amoonguss|74\/100|[from] item: Leftovers\n|upkeep\n|turn|10\n|\n|t:|1682474228\n|switch|p2b: Flutter Mane|Flutter Mane, L50|100\/100\n|move|p2a: Amoonguss|Rage Powder|p2a: Amoonguss\n|-singleturn|p2a: Amoonguss|move: Rage Powder\n|move|p1b: Great Tusk|Headlong Rush|p2a: Amoonguss\n|-damage|p2a: Amoonguss|5\/100\n|-unboost|p1b: Great Tusk|def|1\n|-unboost|p1b: Great Tusk|spd|1\n|move|p1a: Amoonguss|Clear Smog|p2b: Flutter Mane\n|-damage|p2b: Flutter Mane|84\/100\n|-clearboost|p2b: Flutter Mane\n|\n|-heal|p2a: Amoonguss|11\/100|[from] item: Leftovers\n|upkeep\n|turn|11\n|\n|t:|1682474246\n|move|p1b: Great Tusk|Protect|p1b: Great Tusk\n|-singleturn|p1b: Great Tusk|Protect\n|move|p1a: Amoonguss|Protect|p1a: Amoonguss\n|-singleturn|p1a: Amoonguss|Protect\n|move|p2b: Flutter Mane|Moonblast|p1b: Great Tusk\n|-activate|p1b: Great Tusk|move: Protect\n|move|p2a: Amoonguss|Pollen Puff|p1b: Great Tusk\n|-activate|p1b: Great Tusk|move: Protect\n|\n|-heal|p2a: Amoonguss|17\/100|[from] item: Leftovers\n|upkeep\n|turn|12\n|\n|t:|1682474270\n|move|p2b: Flutter Mane|Protect|p2b: Flutter Mane\n|-singleturn|p2b: Flutter Mane|Protect\n|move|p2a: Amoonguss|Protect|p2a: Amoonguss\n|-singleturn|p2a: Amoonguss|Protect\n|move|p1a: Amoonguss|Rage Powder|p1a: Amoonguss\n|-singleturn|p1a: Amoonguss|move: Rage Powder\n|move|p1b: Great Tusk|Headlong Rush|p2b: Flutter Mane\n|-activate|p2b: Flutter Mane|move: Protect\n|\n|-heal|p2a: Amoonguss|23\/100|[from] item: Leftovers\n|upkeep\n|turn|13\n|\n|t:|1682474287\n|move|p1a: Amoonguss|Rage Powder|p1a: Amoonguss\n|-singleturn|p1a: Amoonguss|move: Rage Powder\n|move|p2b: Flutter Mane|Moonblast|p1a: Amoonguss\n|-resisted|p1a: Amoonguss\n|-damage|p1a: Amoonguss|55\/100\n|-unboost|p1a: Amoonguss|spa|1\n|move|p1b: Great Tusk|Headlong Rush|p2b: Flutter Mane\n|-damage|p2b: Flutter Mane|0 fnt\n|-unboost|p1b: Great Tusk|def|1\n|-unboost|p1b: Great Tusk|spd|1\n|faint|p2b: Flutter Mane\n|-end|p2b: Flutter Mane|Protosynthesis|[silent]\n|move|p2a: Amoonguss|Pollen Puff|p2: Flutter Mane|[notarget]\n|-fail|p2a: Amoonguss\n|\n|-heal|p2a: Amoonguss|29\/100|[from] item: Leftovers\n|upkeep\n|\n|t:|1682474295\n|switch|p2b: Palafin|Palafin-Hero, L50, M|100\/100\n|-activate|p2b: Palafin|ability: Zero to Hero\n|turn|14\n|inactive|burt9000 has 30 seconds left.\n|\n|t:|1682474328\n|-end|p1b: Great Tusk|Protosynthesis|[silent]\n|switch|p1b: Dragapult|Dragapult, L50, F|100\/100 slp\n|move|p2b: Palafin|Protect|p2b: Palafin\n|-singleturn|p2b: Palafin|Protect\n|move|p1a: Amoonguss|Spore|p2b: Palafin\n|-activate|p2b: Palafin|move: Protect\n|move|p2a: Amoonguss|Pollen Puff|p1b: Dragapult\n|-resisted|p1b: Dragapult\n|-damage|p1b: Dragapult|88\/100 slp\n|\n|-heal|p2a: Amoonguss|34\/100|[from] item: Leftovers\n|upkeep\n|turn|15\n|\n|t:|1682474346\n|switch|p2b: Ting-Lu|Ting-Lu, L50|14\/100 slp\n|-ability|p2b: Ting-Lu|Vessel of Ruin\n|move|p1a: Amoonguss|Rage Powder|p1a: Amoonguss\n|-singleturn|p1a: Amoonguss|move: Rage Powder\n|cant|p1b: Dragapult|slp\n|move|p2a: Amoonguss|Pollen Puff|p1a: Amoonguss\n|-damage|p1a: Amoonguss|45\/100\n|-enditem|p1a: Amoonguss|Sitrus Berry|[eat]\n|-heal|p1a: Amoonguss|70\/100|[from] item: Sitrus Berry\n|\n|-heal|p2a: Amoonguss|40\/100|[from] item: Leftovers\n|upkeep\n|turn|16\n|\n|t:|1682474364\n|move|p1a: Amoonguss|Rage Powder|p1a: Amoonguss\n|-singleturn|p1a: Amoonguss|move: Rage Powder\n|-curestatus|p1b: Dragapult|slp|[msg]\n|move|p1b: Dragapult|Dragon Darts|p2b: Ting-Lu\n|-damage|p2b: Ting-Lu|0 fnt\n|-anim|p1b: Dragapult|Dragon Darts|p2a: Amoonguss\n|-damage|p2a: Amoonguss|2\/100\n|faint|p2b: Ting-Lu\n|move|p2a: Amoonguss|Pollen Puff|p2: Ting-Lu|[notarget]\n|-fail|p2a: Amoonguss\n|\n|-heal|p2a: Amoonguss|8\/100|[from] item: Leftovers\n|upkeep\n|\n|t:|1682474375\n|switch|p2b: Palafin|Palafin-Hero, L50, M|100\/100\n|turn|17\n|\n|t:|1682474388\n|-terastallize|p2b: Palafin|Water\n|move|p2a: Amoonguss|Protect|p2a: Amoonguss\n|-singleturn|p2a: Amoonguss|Protect\n|move|p1a: Amoonguss|Rage Powder|p1a: Amoonguss\n|-singleturn|p1a: Amoonguss|move: Rage Powder\n|move|p1b: Dragapult|Dragon Darts|p2b: Palafin\n|-damage|p2b: Palafin|60\/100\n|-anim|p1b: Dragapult|Dragon Darts|p2b: Palafin\n|-damage|p2b: Palafin|18\/100\n|move|p2b: Palafin|Wave Crash|p1a: Amoonguss\n|-resisted|p1a: Amoonguss\n|-damage|p1a: Amoonguss|6\/100\n|-damage|p2b: Palafin|0 fnt|[from] Recoil\n|faint|p2b: Palafin\n|\n|-heal|p2a: Amoonguss|14\/100|[from] item: Leftovers\n|upkeep\n|turn|18\n|-message|F1027 forfeited.\n|\n|win|burt9000\n|raw|burt9000's rating: 1152 → 1170<\/strong> (+18 for winning)\n|raw|F1027's rating: 1055 → 1042<\/strong> (-13 for losing)\n|l|\u2606F1027\n|l|\u2606burt9000\n|j|\u2606burt9000\n|player|p1|burt9000|101\n","uploadtime":1682474444,"views":9,"p1id":"burt9000","p2id":"f1027","formatid":"gen9vgc2023regulationc","rating":1042,"private":0,"password":""}