{"id":"gen9vgc2023regulationc-1845623573","p1":"Phirespin_","p2":"Giakosh","format":"[Gen 9] VGC 2023 Regulation C","log":"|j|\u2606Phirespin_\n|j|\u2606Giakosh\n|t:|1681750331\n|gametype|doubles\n|player|p1|Phirespin_|firebreather|1129\n|player|p2|Giakosh|265|1064\n|teamsize|p1|6\n|teamsize|p2|6\n|gen|9\n|tier|[Gen 9] VGC 2023 Regulation C\n|rated|\n|rule|Species Clause: Limit one of each Pok\u00e9mon\n|rule|Item Clause: Limit one of each item\n|clearpoke\n|poke|p1|Glimmora, L50, M|\n|poke|p1|Skeledirge, L50, M|\n|poke|p1|Meowscarada, L50, M|\n|poke|p1|Palafin, L50, M|\n|poke|p1|Murkrow, L50, M|\n|poke|p1|Garganacl, L50, M|\n|poke|p2|Arcanine, L50, M|\n|poke|p2|Amoonguss, L50, M|\n|poke|p2|Talonflame, L50, F|\n|poke|p2|Ting-Lu, L50|\n|poke|p2|Gastrodon, L50, M|\n|poke|p2|Glimmora, L50, F|\n|teampreview|4\n|inactive|Battle timer is ON: inactive players will automatically lose when time's up. (requested by Phirespin_)\n|inactive|Giakosh has 60 seconds left.\n|\n|t:|1681750363\n|start\n|switch|p1a: Garganacci~|Garganacl, L50, M|100\/100\n|switch|p1b: Legos|Glimmora, L50, M|100\/100\n|switch|p2a: Glimmora|Glimmora, L50, F|100\/100\n|switch|p2b: Ting-Lu|Ting-Lu, L50|100\/100\n|-ability|p2b: Ting-Lu|Vessel of Ruin\n|turn|1\n|\n|t:|1681750381\n|-terastallize|p1b: Legos|Grass\n|-terastallize|p2b: Ting-Lu|Poison\n|move|p2a: Glimmora|Mortal Spin|p1a: Garganacci~|[spread] p1a,p1b\n|-resisted|p1a: Garganacci~\n|-supereffective|p1b: Legos\n|-damage|p1a: Garganacci~|99\/100\n|-damage|p1b: Legos|91\/100\n|-status|p1b: Legos|psn\n|-damage|p2a: Glimmora|84\/100|[from] item: Rocky Helmet|[of] p1b: Legos\n|-activate|p1b: Legos|ability: Toxic Debris\n|-sidestart|p2: Giakosh|move: Toxic Spikes\n|-sideend|p2: Giakosh|Toxic Spikes|[from] move: Mortal Spin|[of] p2a: Glimmora\n|move|p1b: Legos|Mortal Spin|p2b: Ting-Lu|[spread] p2a,p2b\n|-resisted|p2a: Glimmora\n|-resisted|p2b: Ting-Lu\n|-damage|p2a: Glimmora|83\/100\n|-damage|p2b: Ting-Lu|99\/100\n|move|p2b: Ting-Lu|Ruination|p1a: Garganacci~\n|-damage|p1a: Garganacci~|50\/100\n|move|p1a: Garganacci~|Recover|p1a: Garganacci~\n|-heal|p1a: Garganacci~|100\/100\n|\n|-heal|p2b: Ting-Lu|100\/100|[from] item: Leftovers\n|-damage|p1b: Legos|78\/100 psn|[from] psn\n|upkeep\n|turn|2\n|inactive|Phirespin_ has 30 seconds left.\n|inactive|Giakosh has 30 seconds left.\n|\n|t:|1681750414\n|move|p1b: Legos|Power Gem|p2b: Ting-Lu\n|-damage|p2b: Ting-Lu|76\/100\n|move|p2a: Glimmora|Toxic Spikes|p1a: Garganacci~\n|-sidestart|p1: Phirespin_|move: Toxic Spikes\n|move|p2b: Ting-Lu|Ruination|p1a: Garganacci~\n|-damage|p1a: Garganacci~|51\/100\n|move|p1a: Garganacci~|Salt Cure|p2b: Ting-Lu\n|-damage|p2b: Ting-Lu|69\/100\n|-start|p2b: Ting-Lu|Salt Cure\n|\n|-heal|p2b: Ting-Lu|75\/100|[from] item: Leftovers\n|-heal|p1a: Garganacci~|57\/100|[from] item: Leftovers\n|-damage|p1b: Legos|66\/100 psn|[from] psn\n|-damage|p2b: Ting-Lu|63\/100|[from] Salt Cure\n|upkeep\n|turn|3\n|\n|t:|1681750439\n|move|p1a: Garganacci~|Protect|p1a: Garganacci~\n|-singleturn|p1a: Garganacci~|Protect\n|move|p1b: Legos|Toxic Spikes|p2a: Glimmora\n|-sidestart|p2: Giakosh|move: Toxic Spikes\n|move|p2a: Glimmora|Toxic Spikes|p1a: Garganacci~\n|-sidestart|p1: Phirespin_|move: Toxic Spikes\n|move|p2b: Ting-Lu|Ruination|p1a: Garganacci~\n|-activate|p1a: Garganacci~|move: Protect\n|\n|-heal|p2b: Ting-Lu|69\/100|[from] item: Leftovers\n|-heal|p1a: Garganacci~|62\/100|[from] item: Leftovers\n|-damage|p1b: Legos|54\/100 psn|[from] psn\n|-damage|p2b: Ting-Lu|57\/100|[from] Salt Cure\n|upkeep\n|turn|4\n|inactive|Giakosh has 30 seconds left.\n|\n|t:|1681750464\n|move|p2b: Ting-Lu|Protect|p2b: Ting-Lu\n|-singleturn|p2b: Ting-Lu|Protect\n|move|p1b: Legos|Toxic Spikes|p2b: Ting-Lu\n|-sidestart|p2: Giakosh|move: Toxic Spikes\n|move|p2a: Glimmora|Toxic Spikes||[still]\n|-fail|p2a: Glimmora\n|move|p1a: Garganacci~|Recover|p1a: Garganacci~\n|-heal|p1a: Garganacci~|100\/100\n|\n|-heal|p2b: Ting-Lu|63\/100|[from] item: Leftovers\n|-damage|p1b: Legos|42\/100 psn|[from] psn\n|-damage|p2b: Ting-Lu|51\/100|[from] Salt Cure\n|upkeep\n|turn|5\n|inactive|Giakosh has 30 seconds left.\n|\n|t:|1681750494\n|move|p2a: Glimmora|Power Gem|p1a: Garganacci~\n|-damage|p1a: Garganacci~|74\/100\n|move|p1b: Legos|Power Gem|p2a: Glimmora\n|-damage|p2a: Glimmora|53\/100\n|move|p2b: Ting-Lu|Heavy Slam|p1b: Legos\n|-damage|p1b: Legos|5\/100 psn\n|-damage|p2b: Ting-Lu|34\/100|[from] item: Rocky Helmet|[of] p1b: Legos\n|move|p1a: Garganacci~|Salt Cure|p2b: Ting-Lu\n|-damage|p2b: Ting-Lu|27\/100\n|\n|-heal|p2b: Ting-Lu|33\/100|[from] item: Leftovers\n|-heal|p1a: Garganacci~|80\/100|[from] item: Leftovers\n|-damage|p1b: Legos|0 fnt|[from] psn\n|faint|p1b: Legos\n|-damage|p2b: Ting-Lu|21\/100|[from] Salt Cure\n|upkeep\n|\n|t:|1681750512\n|switch|p1b: The Dirge|Skeledirge, L50, M|100\/100\n|-status|p1b: The Dirge|tox\n|turn|6\n|\n|t:|1681750520\n|move|p2a: Glimmora|Power Gem|p1b: The Dirge\n|-supereffective|p1b: The Dirge\n|-damage|p1b: The Dirge|48\/100 tox\n|move|p1b: The Dirge|Torch Song|p2a: Glimmora\n|-resisted|p2a: Glimmora\n|-damage|p2a: Glimmora|37\/100\n|-boost|p1b: The Dirge|spa|1\n|move|p2b: Ting-Lu|Ruination|p1a: Garganacci~\n|-damage|p1a: Garganacci~|41\/100\n|move|p1a: Garganacci~|Rock Slide|p2a: Glimmora|[spread] p2a,p2b\n|-damage|p2a: Glimmora|15\/100\n|-damage|p2b: Ting-Lu|11\/100\n|\n|-heal|p2b: Ting-Lu|17\/100|[from] item: Leftovers\n|-heal|p1a: Garganacci~|46\/100|[from] item: Leftovers\n|-damage|p1b: The Dirge|42\/100 tox|[from] psn\n|-damage|p2b: Ting-Lu|5\/100|[from] Salt Cure\n|upkeep\n|turn|7\n|inactive|Giakosh has 30 seconds left.\n|\n|t:|1681750546\n|move|p1b: The Dirge|Protect|p1b: The Dirge\n|-singleturn|p1b: The Dirge|Protect\n|move|p2a: Glimmora|Power Gem|p1a: Garganacci~\n|-damage|p1a: Garganacci~|20\/100\n|move|p2b: Ting-Lu|Snarl|p1a: Garganacci~|[spread] p1a\n|-activate|p1b: The Dirge|move: Protect\n|-damage|p1a: Garganacci~|12\/100\n|-unboost|p1a: Garganacci~|spa|1\n|move|p1a: Garganacci~|Recover|p1a: Garganacci~\n|-heal|p1a: Garganacci~|62\/100\n|\n|-heal|p2b: Ting-Lu|11\/100|[from] item: Leftovers\n|-heal|p1a: Garganacci~|68\/100|[from] item: Leftovers\n|-damage|p1b: The Dirge|30\/100 tox|[from] psn\n|-damage|p2b: Ting-Lu|0 fnt|[from] Salt Cure\n|faint|p2b: Ting-Lu\n|upkeep\n|\n|t:|1681750567\n|switch|p2b: Amoonguss|Amoonguss, L50, M, shiny|100\/100\n|-sideend|p2: Giakosh|move: Toxic Spikes|[of] p2b: Amoonguss\n|turn|8\n|\n|t:|1681750579\n|switch|p1a: Eggplant|Meowscarada, L50, M|100\/100\n|-status|p1a: Eggplant|tox\n|move|p2a: Glimmora|Power Gem|p1b: The Dirge\n|-supereffective|p1b: The Dirge\n|-damage|p1b: The Dirge|0 fnt\n|faint|p1b: The Dirge\n|move|p2b: Amoonguss|Spore|p1a: Eggplant\n|-immune|p1a: Eggplant\n|\n|-damage|p1a: Eggplant|95\/100 tox|[from] psn\n|upkeep\n|\n|t:|1681750588\n|switch|p1b: Garganacci~|Garganacl, L50, M|68\/100\n|turn|9\n|\n|t:|1681750611\n|move|p1a: Eggplant|Protect|p1a: Eggplant\n|-singleturn|p1a: Eggplant|Protect\n|move|p2a: Glimmora|Power Gem|p1b: Garganacci~\n|-damage|p1b: Garganacci~|35\/100\n|move|p1b: Garganacci~|Salt Cure|p2b: Amoonguss\n|-crit|p2b: Amoonguss\n|-damage|p2b: Amoonguss|85\/100\n|-start|p2b: Amoonguss|Salt Cure\n|move|p2b: Amoonguss|Pollen Puff|p2a: Glimmora\n|-heal|p2a: Glimmora|65\/100\n|\n|-heal|p1b: Garganacci~|41\/100|[from] item: Leftovers\n|-damage|p1a: Eggplant|83\/100 tox|[from] psn\n|-damage|p2b: Amoonguss|73\/100|[from] Salt Cure\n|upkeep\n|turn|10\n|inactive|Giakosh has 30 seconds left.\n|\n|t:|1681750642\n|move|p1a: Eggplant|Flower Trick|p2a: Glimmora\n|-crit|p2a: Glimmora\n|-damage|p2a: Glimmora|10\/100\n|move|p2a: Glimmora|Mortal Spin|p1a: Eggplant|[spread] p1a,p1b\n|-supereffective|p1a: Eggplant\n|-resisted|p1b: Garganacci~\n|-damage|p1a: Eggplant|69\/100 tox\n|-damage|p1b: Garganacci~|40\/100\n|move|p1b: Garganacci~|Recover|p1b: Garganacci~\n|-heal|p1b: Garganacci~|90\/100\n|move|p2b: Amoonguss|Spore|p1b: Garganacci~\n|-immune|p1b: Garganacci~|[from] ability: Purifying Salt\n|\n|-heal|p1b: Garganacci~|96\/100|[from] item: Leftovers\n|-damage|p1a: Eggplant|51\/100 tox|[from] psn\n|-damage|p2b: Amoonguss|61\/100|[from] Salt Cure\n|upkeep\n|turn|11\n|inactive|Giakosh has 30 seconds left.\n|inactive|Giakosh has 20 seconds left.\n|\n|t:|1681750678\n|move|p1a: Eggplant|Flower Trick|p2a: Glimmora\n|-crit|p2a: Glimmora\n|-damage|p2a: Glimmora|0 fnt\n|faint|p2a: Glimmora\n|move|p1b: Garganacci~|Rock Slide|p2b: Amoonguss\n|-damage|p2b: Amoonguss|40\/100\n|cant|p2b: Amoonguss|flinch\n|\n|-heal|p1b: Garganacci~|100\/100|[from] item: Leftovers\n|-damage|p1a: Eggplant|28\/100 tox|[from] psn\n|-damage|p2b: Amoonguss|28\/100|[from] Salt Cure\n|upkeep\n|\n|t:|1681750692\n|switch|p2a: Gastrodon|Gastrodon, L50, M|100\/100\n|turn|12\n|\n|t:|1681750701\n|move|p2b: Amoonguss|Rage Powder|p2b: Amoonguss\n|-singleturn|p2b: Amoonguss|move: Rage Powder\n|move|p1a: Eggplant|Flower Trick|p2a: Gastrodon\n|-supereffective|p2a: Gastrodon\n|-crit|p2a: Gastrodon\n|-damage|p2a: Gastrodon|0 fnt\n|faint|p2a: Gastrodon\n|move|p1b: Garganacci~|Salt Cure|p2b: Amoonguss\n|-damage|p2b: Amoonguss|17\/100\n|-enditem|p2b: Amoonguss|Wiki Berry|[eat]\n|-heal|p2b: Amoonguss|50\/100|[from] item: Wiki Berry\n|\n|-damage|p1a: Eggplant|0 fnt|[from] psn\n|faint|p1a: Eggplant\n|-damage|p2b: Amoonguss|38\/100|[from] Salt Cure\n|upkeep\n|turn|13\n|-message|Giakosh forfeited.\n|\n|win|Phirespin_\n|raw|Phirespin_'s rating: 1129 → 1149<\/strong> (+20 for winning)\n|raw|Giakosh's rating: 1064 → 1048<\/strong> (-16 for losing)\n|l|\u2606Giakosh\n","uploadtime":1681750727,"views":14,"p1id":"phirespin","p2id":"giakosh","formatid":"gen9vgc2023regulationc","rating":1048,"private":0,"password":""}