{"id":"gen9vgc2023regulationc-1857367509","p1":"Smwq1","p2":"Notnebula","format":"[Gen 9] VGC 2023 Regulation C","log":"|j|\u2606Smwq1\n|j|\u2606Notnebula\n|t:|1683181251\n|gametype|doubles\n|player|p1|Smwq1|102|1033\n|player|p2|Notnebula|2|1001\n|teamsize|p1|6\n|teamsize|p2|6\n|gen|9\n|tier|[Gen 9] VGC 2023 Regulation C\n|rated|\n|rule|Species Clause: Limit one of each Pok\u00e9mon\n|rule|Item Clause: Limit one of each item\n|clearpoke\n|poke|p1|Dragapult, L50, F|\n|poke|p1|Chi-Yu, L50|\n|poke|p1|Indeedee-F, L50, F|\n|poke|p1|Quaquaval, L50, F|\n|poke|p1|Toxapex, L50, F|\n|poke|p1|Iron Valiant, L50|\n|poke|p2|Flutter Mane, L50|\n|poke|p2|Wo-Chien, L50|\n|poke|p2|Torkoal, L50, F|\n|poke|p2|Chi-Yu, L50|\n|poke|p2|Roaring Moon, L50|\n|poke|p2|Jumpluff, L50, F|\n|teampreview|4\n|inactive|Battle timer is ON: inactive players will automatically lose when time's up. (requested by Notnebula)\n|inactive|Smwq1 has 60 seconds left.\n|\n|t:|1683181288\n|start\n|switch|p1a: Iron Valiant|Iron Valiant, L50|100\/100\n|switch|p1b: Dragapult|Dragapult, L50, F|100\/100\n|switch|p2a: Flutter Mane|Flutter Mane, L50, shiny|100\/100\n|switch|p2b: Wo-Chien|Wo-Chien, L50|100\/100\n|-ability|p2b: Wo-Chien|Tablets of Ruin\n|turn|1\n|\n|t:|1683181310\n|switch|p1b: Toxapex|Toxapex, L50, F|100\/100\n|-terastallize|p1a: Iron Valiant|Steel\n|move|p1a: Iron Valiant|Trick|p2b: Wo-Chien\n|-activate|p1a: Iron Valiant|move: Trick|[of] p2b: Wo-Chien\n|-item|p2b: Wo-Chien|Choice Scarf|[from] move: Trick\n|-item|p1a: Iron Valiant|Eject Pack|[from] move: Trick\n|move|p2b: Wo-Chien|Dark Pulse|p1b: Toxapex\n|-damage|p1b: Toxapex|78\/100\n|move|p2a: Flutter Mane|Trick Room|p2a: Flutter Mane\n|-fieldstart|move: Trick Room|[of] p2a: Flutter Mane\n|\n|upkeep\n|turn|2\n|inactive|Smwq1 has 30 seconds left.\n|\n|t:|1683181343\n|switch|p2b: Torkoal|Torkoal, L50, F|100\/100\n|-weather|SunnyDay|[from] ability: Drought|[of] p2b: Torkoal\n|-activate|p2a: Flutter Mane|ability: Protosynthesis\n|-start|p2a: Flutter Mane|protosynthesisspa\n|move|p1b: Toxapex|Sludge Bomb|p2a: Flutter Mane\n|-damage|p2a: Flutter Mane|73\/100\n|-status|p2a: Flutter Mane|psn\n|move|p2a: Flutter Mane|Substitute|p2a: Flutter Mane\n|-start|p2a: Flutter Mane|Substitute\n|-damage|p2a: Flutter Mane|48\/100 psn\n|move|p1a: Iron Valiant|Spirit Break|p2a: Flutter Mane\n|-end|p2a: Flutter Mane|Substitute\n|\n|-weather|SunnyDay|[upkeep]\n|-damage|p2a: Flutter Mane|35\/100 psn|[from] psn\n|upkeep\n|turn|3\n|inactive|Smwq1 has 30 seconds left.\n|\n|t:|1683181370\n|-terastallize|p2b: Torkoal|Fire\n|move|p1a: Iron Valiant|Wide Guard|p1a: Iron Valiant\n|-singleturn|p1a: Iron Valiant|Wide Guard\n|move|p2b: Torkoal|Eruption|p1a: Iron Valiant|[spread] \n|-activate|p1a: Iron Valiant|move: Wide Guard\n|-activate|p1b: Toxapex|move: Wide Guard\n|move|p1b: Toxapex|Sludge Bomb|p2b: Torkoal\n|-damage|p2b: Torkoal|58\/100\n|move|p2a: Flutter Mane|Shadow Ball|p1b: Toxapex\n|-damage|p1b: Toxapex|52\/100\n|\n|-weather|SunnyDay|[upkeep]\n|-damage|p2a: Flutter Mane|23\/100 psn|[from] psn\n|upkeep\n|turn|4\n|\n|t:|1683181389\n|move|p1a: Iron Valiant|Wide Guard|p1a: Iron Valiant\n|-singleturn|p1a: Iron Valiant|Wide Guard\n|move|p2b: Torkoal|Eruption|p1a: Iron Valiant|[spread] \n|-activate|p1a: Iron Valiant|move: Wide Guard\n|-activate|p1b: Toxapex|move: Wide Guard\n|move|p1b: Toxapex|Sludge Bomb|p2b: Torkoal\n|-damage|p2b: Torkoal|15\/100\n|move|p2a: Flutter Mane|Shadow Ball|p1b: Toxapex\n|-damage|p1b: Toxapex|23\/100\n|\n|-weather|SunnyDay|[upkeep]\n|-damage|p2a: Flutter Mane|10\/100 psn|[from] psn\n|upkeep\n|turn|5\n|\n|t:|1683181407\n|move|p1a: Iron Valiant|Wide Guard|p1a: Iron Valiant\n|-singleturn|p1a: Iron Valiant|Wide Guard\n|move|p2b: Torkoal|Eruption|p1a: Iron Valiant|[spread] \n|-activate|p1a: Iron Valiant|move: Wide Guard\n|-activate|p1b: Toxapex|move: Wide Guard\n|move|p1b: Toxapex|Sludge Bomb|p2b: Torkoal\n|-damage|p2b: Torkoal|0 fnt\n|faint|p2b: Torkoal\n|move|p2a: Flutter Mane|Shadow Ball|p1b: Toxapex\n|-damage|p1b: Toxapex|0 fnt\n|faint|p1b: Toxapex\n|\n|-weather|SunnyDay|[upkeep]\n|-damage|p2a: Flutter Mane|0 fnt|[from] psn\n|faint|p2a: Flutter Mane\n|-end|p2a: Flutter Mane|Protosynthesis|[silent]\n|-fieldend|move: Trick Room\n|upkeep\n|\n|t:|1683181428\n|switch|p2a: Chi-Yu|Chi-Yu, L50|100\/100\n|switch|p1b: Chi-Yu|Chi-Yu, L50|100\/100\n|switch|p2b: Wo-Chien|Wo-Chien, L50|100\/100\n|-ability|p1b: Chi-Yu|Beads of Ruin\n|-ability|p2a: Chi-Yu|Beads of Ruin\n|-ability|p2b: Wo-Chien|Tablets of Ruin\n|turn|6\n|inactive|Smwq1 has 30 seconds left.\n|\n|t:|1683181458\n|move|p1b: Chi-Yu|Heat Wave|p2a: Chi-Yu|[spread] p2a,p2b\n|-resisted|p2a: Chi-Yu\n|-crit|p2a: Chi-Yu\n|-supereffective|p2b: Wo-Chien\n|-damage|p2a: Chi-Yu|61\/100\n|-damage|p2b: Wo-Chien|0 fnt\n|faint|p2b: Wo-Chien\n|move|p1a: Iron Valiant|Spirit Break|p2a: Chi-Yu\n|-damage|p2a: Chi-Yu|6\/100\n|-unboost|p2a: Chi-Yu|spa|1\n|move|p2a: Chi-Yu|Flamethrower|p1a: Iron Valiant\n|-supereffective|p1a: Iron Valiant\n|-damage|p1a: Iron Valiant|0 fnt\n|faint|p1a: Iron Valiant\n|-end|p1a: Iron Valiant|Quark Drive|[silent]\n|\n|-weather|none\n|upkeep\n|-message|Notnebula forfeited.\n|\n|win|Smwq1\n|raw|Smwq1's rating: 1033 → 1065<\/strong> (+32 for winning)\n|raw|Notnebula's rating: 1001 → 1000<\/strong> (-1 for losing)\n|l|\u2606Notnebula\n","uploadtime":1683181479,"views":13,"p1id":"smwq1","p2id":"notnebula","formatid":"gen9vgc2023regulationc","rating":1000,"private":0,"password":""}