{"id":"gen9vgc2023regulationc-1851714863","p1":"GILGAMESHU","p2":"sangano","format":"[Gen 9] VGC 2023 Regulation C","log":"|j|\u2606GILGAMESHU\n|j|\u2606sangano\n|t:|1682473343\n|gametype|doubles\n|player|p1|GILGAMESHU|iris-gen5bw2|1134\n|player|p2|sangano|169|1233\n|teamsize|p1|6\n|teamsize|p2|6\n|gen|9\n|tier|[Gen 9] VGC 2023 Regulation C\n|rated|\n|rule|Species Clause: Limit one of each Pok\u00e9mon\n|rule|Item Clause: Limit one of each item\n|clearpoke\n|poke|p1|Annihilape, L50, F|\n|poke|p1|Maushold, L50|\n|poke|p1|Baxcalibur, L50, F|\n|poke|p1|Ting-Lu, L50|\n|poke|p1|Flutter Mane, L50|\n|poke|p1|Talonflame, L50, F|\n|poke|p2|Chi-Yu, L50|\n|poke|p2|Flutter Mane, L50|\n|poke|p2|Gyarados, L50, M|\n|poke|p2|Garchomp, L50, F|\n|poke|p2|Amoonguss, L50, M|\n|poke|p2|Iron Hands, L50|\n|teampreview|4\nsangano has agreed to open team sheets.\n|\n|t:|1682473372\n|start\n|switch|p1a: Ting-Devil|Ting-Lu, L50|100\/100\n|switch|p1b: POWERRRR|Talonflame, L50, F|100\/100\n|switch|p2a: Chi-Yu|Chi-Yu, L50|100\/100\n|switch|p2b: Iron Hands|Iron Hands, L50|100\/100\n|-ability|p2a: Chi-Yu|Beads of Ruin\n|-ability|p1a: Ting-Devil|Vessel of Ruin\n|turn|1\n|inactive|Battle timer is ON: inactive players will automatically lose when time's up. (requested by GILGAMESHU)\n|\n|t:|1682473412\n|switch|p2a: Amoonguss|Amoonguss, L50, M|100\/100\n|-terastallize|p1a: Ting-Devil|Ground\n|-terastallize|p2b: Iron Hands|Grass\n|move|p1b: POWERRRR|Protect|p1b: POWERRRR\n|-singleturn|p1b: POWERRRR|Protect\n|move|p1a: Ting-Devil|Earthquake|p2a: Amoonguss|[spread] p2a,p2b\n|-activate|p1b: POWERRRR|move: Protect\n|-resisted|p2b: Iron Hands\n|-damage|p2a: Amoonguss|66\/100\n|-damage|p2b: Iron Hands|85\/100\n|move|p2b: Iron Hands|Wild Charge|p1b: POWERRRR\n|-activate|p1b: POWERRRR|move: Protect\n|\n|upkeep\n|turn|2\n|inactive|sangano has 30 seconds left.\n|\n|t:|1682473443\n|move|p1b: POWERRRR|Brave Bird|p2a: Amoonguss\n|-supereffective|p2a: Amoonguss\n|-damage|p2a: Amoonguss|0 fnt\n|-damage|p1b: POWERRRR|84\/100|[from] item: Rocky Helmet|[of] p2a: Amoonguss\n|faint|p2a: Amoonguss\n|-damage|p1b: POWERRRR|53\/100|[from] Recoil\n|-damage|p1b: POWERRRR|44\/100|[from] item: Life Orb\n|move|p1a: Ting-Devil|Ruination|p2b: Iron Hands\n|-damage|p2b: Iron Hands|43\/100\n|-enditem|p2b: Iron Hands|Sitrus Berry|[eat]\n|-heal|p2b: Iron Hands|68\/100|[from] item: Sitrus Berry\n|move|p2b: Iron Hands|Volt Switch|p1b: POWERRRR\n|-supereffective|p1b: POWERRRR\n|-damage|p1b: POWERRRR|15\/100\n|\n|t:|1682473458\n|-end|p2b: Iron Hands|Quark Drive|[silent]\n|switch|p2b: Flutter Mane|Flutter Mane, L50|100\/100|[from] Volt Switch\n|\n|upkeep\n|\n|t:|1682473463\n|switch|p2a: Iron Hands|Iron Hands, L50, tera:Grass|68\/100\n|turn|3\n|inactive|sangano has 30 seconds left.\n|inactive|sangano has 20 seconds left.\n|inactive|sangano has 15 seconds left.\n|\n|t:|1682473507\n|move|p1b: POWERRRR|Protect|p1b: POWERRRR\n|-singleturn|p1b: POWERRRR|Protect\n|move|p2a: Iron Hands|Fake Out|p1a: Ting-Devil\n|-damage|p1a: Ting-Devil|91\/100\n|move|p2b: Flutter Mane|Moonblast|p1a: Ting-Devil\n|-damage|p1a: Ting-Devil|65\/100\n|-damage|p2b: Flutter Mane|91\/100|[from] item: Life Orb\n|cant|p1a: Ting-Devil|flinch\n|\n|upkeep\n|turn|4\n|inactive|sangano has 30 seconds left.\n|inactive|sangano has 20 seconds left.\n|inactive|sangano has 15 seconds left.\n|\n|t:|1682473548\n|-end|p2a: Iron Hands|Quark Drive|[silent]\n|switch|p2a: Chi-Yu|Chi-Yu, L50|100\/100\n|-ability|p2a: Chi-Yu|Beads of Ruin\n|move|p2b: Flutter Mane|Dazzling Gleam|p1a: Ting-Devil|[spread] p1a,p1b\n|-resisted|p1b: POWERRRR\n|-damage|p1a: Ting-Devil|42\/100\n|-damage|p1b: POWERRRR|0 fnt\n|faint|p1b: POWERRRR\n|-damage|p2b: Flutter Mane|82\/100|[from] item: Life Orb\n|move|p1a: Ting-Devil|Earthquake|p2a: Chi-Yu|[spread] p2a,p2b\n|-supereffective|p2a: Chi-Yu\n|-damage|p2a: Chi-Yu|0 fnt\n|-damage|p2b: Flutter Mane|3\/100\n|faint|p2a: Chi-Yu\n|\n|upkeep\n|\n|t:|1682473561\n|switch|p1b: Akicalibur|Baxcalibur, L50, F, shiny|100\/100\n|switch|p2a: Iron Hands|Iron Hands, L50, tera:Grass|68\/100\n|turn|5\n|inactive|sangano has 30 seconds left.\n|\n|t:|1682473594\n|move|p1b: Akicalibur|Protect|p1b: Akicalibur\n|-singleturn|p1b: Akicalibur|Protect\n|move|p2a: Iron Hands|Fake Out|p1a: Ting-Devil\n|-damage|p1a: Ting-Devil|32\/100\n|move|p2b: Flutter Mane|Moonblast|p1b: Akicalibur\n|-activate|p1b: Akicalibur|move: Protect\n|cant|p1a: Ting-Devil|flinch\n|\n|upkeep\n|turn|6\n|\n|t:|1682473617\n|switch|p1b: Makimane|Flutter Mane, L50|100\/100\n|-enditem|p1b: Makimane|Booster Energy\n|-activate|p1b: Makimane|ability: Protosynthesis|[fromitem]\n|-start|p1b: Makimane|protosynthesisspa\n|move|p2b: Flutter Mane|Dazzling Gleam|p1a: Ting-Devil|[spread] p1a,p1b\n|-damage|p1a: Ting-Devil|14\/100\n|-damage|p1b: Makimane|75\/100\n|-damage|p2b: Flutter Mane|0 fnt|[from] item: Life Orb\n|faint|p2b: Flutter Mane\n|-end|p2b: Flutter Mane|Protosynthesis|[silent]\n|move|p1a: Ting-Devil|Stomping Tantrum|p2a: Iron Hands\n|-resisted|p2a: Iron Hands\n|-damage|p2a: Iron Hands|38\/100\n|move|p2a: Iron Hands|Drain Punch|p1b: Makimane\n|-immune|p1b: Makimane\n|\n|upkeep\n|turn|7\n|inactive|sangano has 30 seconds left.\n|\n|t:|1682473644\n|move|p1b: Makimane|Moonblast|p2a: Iron Hands\n|-damage|p2a: Iron Hands|0 fnt\n|faint|p2a: Iron Hands\n|-end|p2a: Iron Hands|Quark Drive|[silent]\n|\n|win|GILGAMESHU\n|raw|GILGAMESHU's rating: 1134 → 1166<\/strong> (+32 for winning)\n|raw|sangano's rating: 1233 → 1201<\/strong> (-32 for losing)\n","uploadtime":1682473654,"views":11,"p1id":"gilgameshu","p2id":"sangano","formatid":"gen9vgc2023regulationc","rating":1166,"private":0,"password":""}