{"id":"gen9vgc2023regulationc-1854394166","p1":"deadenis","p2":"Whatever0512","format":"[Gen 9] VGC 2023 Regulation C","log":"|j|\u2606deadenis\n|j|\u2606Whatever0512\n|t:|1682805378\n|gametype|doubles\n|player|p1|deadenis|2|1272\n|player|p2|Whatever0512|170|1308\n|teamsize|p1|6\n|teamsize|p2|6\n|gen|9\n|tier|[Gen 9] VGC 2023 Regulation C\n|rated|\n|rule|Species Clause: Limit one of each Pok\u00e9mon\n|rule|Item Clause: Limit one of each item\n|clearpoke\n|poke|p1|Hydreigon, L50, F|\n|poke|p1|Garchomp, L50, M|\n|poke|p1|Gholdengo, L50|\n|poke|p1|Amoonguss, L50, M|\n|poke|p1|Murkrow, L50, M|\n|poke|p1|Maushold-Four, L50|\n|poke|p2|Talonflame, L50, M|\n|poke|p2|Flutter Mane, L50|\n|poke|p2|Tyranitar, L50, M|\n|poke|p2|Iron Bundle, L50|\n|poke|p2|Gothitelle, L50, M|\n|poke|p2|Great Tusk, L50|\n|teampreview|4\n|inactive|Battle timer is ON: inactive players will automatically lose when time's up. (requested by deadenis)\ndeadenis rejected open team sheets.\n|inactive|Whatever0512 has 60 seconds left.\n|inactive|deadenis has 60 seconds left.\n|\n|t:|1682805432\n|start\n|switch|p1a: Amoonguss|Amoonguss, L50, M|100\/100\n|switch|p1b: Maushold|Maushold-Four, L50|100\/100\n|switch|p2a: Gothitelle|Gothitelle, L50, M|100\/100\n|switch|p2b: Flutter Mane|Flutter Mane, L50|100\/100\n|turn|1\n|inactive|Whatever0512 has 30 seconds left.\n|inactive|Whatever0512 has 20 seconds left.\n|\n|t:|1682805468\n|move|p1b: Maushold|Protect|p1b: Maushold\n|-singleturn|p1b: Maushold|Protect\n|move|p2a: Gothitelle|Fake Out|p1a: Amoonguss\n|-damage|p1a: Amoonguss|95\/100\n|-damage|p2a: Gothitelle|84\/100|[from] item: Rocky Helmet|[of] p1a: Amoonguss\n|move|p2b: Flutter Mane|Dazzling Gleam|p1a: Amoonguss|[spread] p1a\n|-activate|p1b: Maushold|move: Protect\n|-resisted|p1a: Amoonguss\n|-damage|p1a: Amoonguss|77\/100\n|cant|p1a: Amoonguss|flinch\n|\n|upkeep\n|turn|2\n|inactive|Whatever0512 has 30 seconds left.\n|inactive|Whatever0512 has 20 seconds left.\n|inactive|Whatever0512 has 15 seconds left.\n|\n|t:|1682805509\n|move|p1b: Maushold|Encore|p2a: Gothitelle\n|-start|p2a: Gothitelle|Encore\n|move|p2b: Flutter Mane|Dazzling Gleam|p1a: Amoonguss|[spread] p1a,p1b\n|-resisted|p1a: Amoonguss\n|-damage|p1a: Amoonguss|60\/100\n|-damage|p1b: Maushold|38\/100\n|move|p2a: Gothitelle|Fake Out||[still]\n|-hint|Fake Out only works on your first turn out.\n|-fail|p2a: Gothitelle\n|move|p1a: Amoonguss|Pollen Puff|p1b: Maushold\n|-heal|p1b: Maushold|87\/100\n|\n|upkeep\n|turn|3\n|inactive|deadenis has 30 seconds left.\n|inactive|deadenis has 20 seconds left.\n|\n|t:|1682805545\n|switch|p2a: Great Tusk|Great Tusk, L50|100\/100\n|move|p1b: Maushold|Population Bomb|p2a: Great Tusk\n|-damage|p2a: Great Tusk|94\/100\n|-damage|p2a: Great Tusk|86\/100\n|-damage|p2a: Great Tusk|79\/100\n|-damage|p2a: Great Tusk|71\/100\n|-damage|p2a: Great Tusk|63\/100\n|-damage|p2a: Great Tusk|56\/100\n|-damage|p2a: Great Tusk|48\/100\n|-damage|p2a: Great Tusk|41\/100\n|-damage|p2a: Great Tusk|34\/100\n|-damage|p2a: Great Tusk|27\/100\n|-hitcount|p2a: Great Tusk|10\n|move|p2b: Flutter Mane|Dazzling Gleam|p1a: Amoonguss|[spread] p1a,p1b\n|-resisted|p1a: Amoonguss\n|-crit|p1b: Maushold\n|-damage|p1a: Amoonguss|41\/100\n|-damage|p1b: Maushold|0 fnt\n|faint|p1b: Maushold\n|move|p1a: Amoonguss|Spore|p2b: Flutter Mane\n|-status|p2b: Flutter Mane|slp|[from] move: Spore\n|\n|upkeep\n|\n|t:|1682805560\n|switch|p1b: Gholdengo|Gholdengo, L50|100\/100\n|turn|4\n|\n|t:|1682805582\n|-end|p2b: Flutter Mane|Protosynthesis|[silent]\n|switch|p2b: Gothitelle|Gothitelle, L50, M|84\/100\n|move|p2a: Great Tusk|Protect|p2a: Great Tusk\n|-singleturn|p2a: Great Tusk|Protect\n|move|p1a: Amoonguss|Rage Powder|p1a: Amoonguss\n|-singleturn|p1a: Amoonguss|move: Rage Powder\n|move|p1b: Gholdengo|Nasty Plot|p1b: Gholdengo\n|-boost|p1b: Gholdengo|spa|2\n|\n|upkeep\n|turn|5\n|inactive|deadenis has 30 seconds left.\n|\n|t:|1682805612\n|-terastallize|p2a: Great Tusk|Ground\n|move|p1b: Gholdengo|Protect|p1b: Gholdengo\n|-singleturn|p1b: Gholdengo|Protect\n|move|p2b: Gothitelle|Fake Out|p1b: Gholdengo\n|-activate|p1b: Gholdengo|move: Protect\n|move|p2a: Great Tusk|Earthquake|p1a: Amoonguss|[spread] p2b,p1a\n|-activate|p1b: Gholdengo|move: Protect\n|-damage|p2b: Gothitelle|6\/100\n|-damage|p1a: Amoonguss|0 fnt\n|-enditem|p2b: Gothitelle|Sitrus Berry|[eat]\n|-heal|p2b: Gothitelle|31\/100|[from] item: Sitrus Berry\n|faint|p1a: Amoonguss\n|-damage|p2a: Great Tusk|18\/100|[from] item: Life Orb\n|\n|upkeep\n|\n|t:|1682805623\n|switch|p1a: Garchomp|Garchomp, L50, M|100\/100\n|turn|6\n|inactive|Whatever0512 has 30 seconds left.\n|\n|t:|1682805649\n|move|p2a: Great Tusk|Protect|p2a: Great Tusk\n|-singleturn|p2a: Great Tusk|Protect\n|move|p1a: Garchomp|Dragon Claw|p2a: Great Tusk\n|-activate|p2a: Great Tusk|move: Protect\n|move|p1b: Gholdengo|Shadow Ball|p2b: Gothitelle\n|-supereffective|p2b: Gothitelle\n|-damage|p2b: Gothitelle|0 fnt\n|faint|p2b: Gothitelle\n|\n|upkeep\n|\n|t:|1682805653\n|switch|p2b: Iron Bundle|Iron Bundle, L50|100\/100\n|-enditem|p2b: Iron Bundle|Booster Energy\n|-activate|p2b: Iron Bundle|ability: Quark Drive|[fromitem]\n|-start|p2b: Iron Bundle|quarkdrivespe\n|turn|7\n|\n|t:|1682805664\n|-terastallize|p1a: Garchomp|Fire\n|move|p2b: Iron Bundle|Icy Wind|p1b: Gholdengo|[spread] p1a,p1b\n|-resisted|p1a: Garchomp\n|-resisted|p1b: Gholdengo\n|-damage|p1a: Garchomp|89\/100\n|-damage|p1b: Gholdengo|90\/100\n|-unboost|p1a: Garchomp|spe|1\n|-unboost|p1b: Gholdengo|spe|1\n|move|p2a: Great Tusk|Earthquake|p1a: Garchomp|[spread] p2b,p1a,p1b\n|-supereffective|p1a: Garchomp\n|-supereffective|p1b: Gholdengo\n|-crit|p1b: Gholdengo\n|-damage|p2b: Iron Bundle|15\/100\n|-damage|p1a: Garchomp|0 fnt\n|-damage|p1b: Gholdengo|0 fnt\n|faint|p1a: Garchomp\n|faint|p1b: Gholdengo\n|-damage|p2a: Great Tusk|8\/100|[from] item: Life Orb\n|\n|win|Whatever0512\n|raw|deadenis's rating: 1272 → 1250<\/strong> (-22 for losing)\n|raw|Whatever0512's rating: 1308 → 1326<\/strong> (+18 for winning)\n|l|\u2606deadenis\n|c|\u2606Whatever0512|Gg\n","uploadtime":1682805695,"views":21,"p1id":"deadenis","p2id":"whatever0512","formatid":"gen9vgc2023regulationc","rating":1250,"private":0,"password":""}