{"id":"gen9vgc2023regulationc-1863260381","p1":"Luninja11","p2":"adrpen","format":"[Gen 9] VGC 2023 Regulation C","log":"|j|\u2606Luninja11\n|j|\u2606adrpen\n|t:|1683994902\n|gametype|doubles\n|player|p1|Luninja11|hilbert|1065\n|player|p2|adrpen|boarder|1074\n|teamsize|p1|6\n|teamsize|p2|6\n|gen|9\n|tier|[Gen 9] VGC 2023 Regulation C\n|rated|\n|rule|Species Clause: Limit one of each Pok\u00e9mon\n|rule|Item Clause: Limit one of each item\n|clearpoke\n|poke|p1|Amoonguss, L50, M|\n|poke|p1|Flutter Mane, L50|\n|poke|p1|Baxcalibur, L50, M|\n|poke|p1|Murkrow, L50, M|\n|poke|p1|Palafin, L50, M|\n|poke|p1|Ting-Lu, L50|\n|poke|p2|Amoonguss, L50, M|\n|poke|p2|Palafin, L50, M|\n|poke|p2|Iron Hands, L50|\n|poke|p2|Arcanine, L50, M|\n|poke|p2|Flutter Mane, L50|\n|poke|p2|Dragonite, L50, M|\n|teampreview|4\n|inactive|Battle timer is ON: inactive players will automatically lose when time's up. (requested by adrpen)\n|inactive|adrpen has 60 seconds left.\n|inactive|adrpen has 30 seconds left.\n|inactive|adrpen has 20 seconds left.\n|inactive|adrpen has 15 seconds left.\n|\n|t:|1683994978\n|start\n|switch|p1a: Ting-Lu|Ting-Lu, L50|100\/100\n|switch|p1b: Flutter Mane|Flutter Mane, L50|100\/100\n|switch|p2a: Iron Hands|Iron Hands, L50, shiny|100\/100\n|switch|p2b: Flutter Mane|Flutter Mane, L50|100\/100\n|-ability|p1a: Ting-Lu|Vessel of Ruin\n|-enditem|p2b: Flutter Mane|Booster Energy\n|-activate|p2b: Flutter Mane|ability: Protosynthesis|[fromitem]\n|-start|p2b: Flutter Mane|protosynthesisspa\n|-enditem|p1b: Flutter Mane|Booster Energy\n|-activate|p1b: Flutter Mane|ability: Protosynthesis|[fromitem]\n|-start|p1b: Flutter Mane|protosynthesisspa\n|turn|1\n|inactive|Luninja11 has 30 seconds left.\n|inactive|adrpen has 30 seconds left.\n|inactive|Luninja11 has 20 seconds left.\n|inactive|adrpen has 20 seconds left.\n|inactive|Luninja11 has 15 seconds left.\n|inactive|adrpen has 15 seconds left.\n|inactive|Luninja11 has 10 seconds left.\n|inactive|Luninja11 has 5 seconds left.\n|\n|t:|1683995033\n|move|p2b: Flutter Mane|Protect|p2b: Flutter Mane\n|-singleturn|p2b: Flutter Mane|Protect\n|move|p1b: Flutter Mane|Shadow Ball|p2b: Flutter Mane\n|-activate|p2b: Flutter Mane|move: Protect\n|move|p2a: Iron Hands|Heavy Slam|p1b: Flutter Mane\n|-supereffective|p1b: Flutter Mane\n|-damage|p1b: Flutter Mane|0 fnt\n|faint|p1b: Flutter Mane\n|-end|p1b: Flutter Mane|Protosynthesis|[silent]\n|move|p1a: Ting-Lu|Stealth Rock|p2a: Iron Hands\n|-sidestart|p2: adrpen|move: Stealth Rock\n|\n|upkeep\n|inactive|Luninja11 has 30 seconds left.\n|inactive|Luninja11 has 20 seconds left.\n|\n|t:|1683995070\n|switch|p1b: Baxcalibur|Baxcalibur, L50, M|100\/100\n|turn|2\n|inactive|adrpen has 30 seconds left.\n|\n|t:|1683995104\n|-terastallize|p1b: Baxcalibur|Fire\n|move|p2b: Flutter Mane|Substitute|p2b: Flutter Mane\n|-start|p2b: Flutter Mane|Substitute\n|-damage|p2b: Flutter Mane|76\/100\n|move|p1b: Baxcalibur|Icicle Spear|p2b: Flutter Mane\n|-end|p2b: Flutter Mane|Substitute\n|-damage|p2b: Flutter Mane|51\/100\n|-damage|p2b: Flutter Mane|27\/100\n|-damage|p2b: Flutter Mane|4\/100\n|-damage|p2b: Flutter Mane|0 fnt\n|faint|p2b: Flutter Mane\n|-end|p2b: Flutter Mane|Protosynthesis|[silent]\n|-hitcount|p2: Flutter Mane|5\n|move|p2a: Iron Hands|Drain Punch|p1a: Ting-Lu\n|-supereffective|p1a: Ting-Lu\n|-damage|p1a: Ting-Lu|50\/100\n|move|p1a: Ting-Lu|Fissure|p2a: Iron Hands\n|-damage|p2a: Iron Hands|0 fnt\n|faint|p2a: Iron Hands\n|-end|p2a: Iron Hands|Quark Drive|[silent]\n|-ohko\n|\n|-heal|p1a: Ting-Lu|56\/100|[from] item: Leftovers\n|upkeep\n|\n|t:|1683995124\n|switch|p2b: Palafin|Palafin, L50, M, shiny|100\/100\n|switch|p2a: Arcanine|Arcanine, L50, M|100\/100\n|-damage|p2a: Arcanine|76\/100|[from] Stealth Rock\n|-ability|p2a: Arcanine|Intimidate|boost\n|-unboost|p1a: Ting-Lu|atk|1\n|-unboost|p1b: Baxcalibur|atk|1\n|-damage|p2b: Palafin|88\/100|[from] Stealth Rock\n|turn|3\n|\n|t:|1683995144\n|switch|p1b: Amoonguss|Amoonguss, L50, M|100\/100\n|-terastallize|p2b: Palafin|Fire\n|move|p2a: Arcanine|Howl|p2a: Arcanine|[spread] p2a,p2b\n|-boost|p2a: Arcanine|atk|1\n|-boost|p2b: Palafin|atk|1\n|move|p2b: Palafin|Wave Crash|p1b: Amoonguss\n|-resisted|p1b: Amoonguss\n|-damage|p1b: Amoonguss|64\/100\n|-damage|p2b: Palafin|75\/100|[from] Recoil\n|move|p1a: Ting-Lu|Stomping Tantrum|p2a: Arcanine\n|-supereffective|p2a: Arcanine\n|-damage|p2a: Arcanine|24\/100\n|-enditem|p2a: Arcanine|Sitrus Berry|[eat]\n|-heal|p2a: Arcanine|49\/100|[from] item: Sitrus Berry\n|\n|-heal|p1a: Ting-Lu|62\/100|[from] item: Leftovers\n|upkeep\n|turn|4\n|inactive|adrpen has 30 seconds left.\n|\n|t:|1683995175\n|move|p2a: Arcanine|Protect|p2a: Arcanine\n|-singleturn|p2a: Arcanine|Protect\n|move|p1b: Amoonguss|Rage Powder|p1b: Amoonguss\n|-singleturn|p1b: Amoonguss|move: Rage Powder\n|move|p2b: Palafin|Jet Punch|p1a: Ting-Lu\n|-supereffective|p1a: Ting-Lu\n|-damage|p1a: Ting-Lu|19\/100\n|move|p1a: Ting-Lu|Stomping Tantrum|p2b: Palafin\n|-supereffective|p2b: Palafin\n|-damage|p2b: Palafin|20\/100\n|\n|-heal|p1a: Ting-Lu|25\/100|[from] item: Leftovers\n|upkeep\n|turn|5\n|inactive|adrpen has 30 seconds left.\n|\n|t:|1683995200\n|move|p2b: Palafin|Jet Punch|p1a: Ting-Lu\n|-supereffective|p1a: Ting-Lu\n|-damage|p1a: Ting-Lu|0 fnt\n|faint|p1a: Ting-Lu\n|move|p2a: Arcanine|Flare Blitz|p1b: Amoonguss\n|-supereffective|p1b: Amoonguss\n|-damage|p1b: Amoonguss|0 fnt\n|faint|p1b: Amoonguss\n|-damage|p2a: Arcanine|25\/100|[from] Recoil\n|\n|upkeep\n|\n|t:|1683995212\n|switch|p1b: Baxcalibur|Baxcalibur, L50, M, tera:Fire|100\/100\n|turn|6\n|\n|t:|1683995218\n|move|p2a: Arcanine|Protect|p2a: Arcanine\n|-singleturn|p2a: Arcanine|Protect\n|move|p2b: Palafin|Protect|p2b: Palafin\n|-singleturn|p2b: Palafin|Protect\n|move|p1b: Baxcalibur|Icicle Spear|p2b: Palafin\n|-activate|p2b: Palafin|move: Protect\n|\n|upkeep\n|turn|7\n|inactive|adrpen has 30 seconds left.\n|\n|t:|1683995244\n|move|p2b: Palafin|Jet Punch|p1b: Baxcalibur\n|-supereffective|p1b: Baxcalibur\n|-damage|p1b: Baxcalibur|33\/100\n|move|p1b: Baxcalibur|Icicle Spear|p2b: Palafin\n|-resisted|p2b: Palafin\n|-damage|p2b: Palafin|11\/100\n|-resisted|p2b: Palafin\n|-damage|p2b: Palafin|3\/100\n|-resisted|p2b: Palafin\n|-damage|p2b: Palafin|0 fnt\n|faint|p2b: Palafin\n|-hitcount|p2: Palafin|3\n|move|p2a: Arcanine|Howl|p2a: Arcanine\n|-boost|p2a: Arcanine|atk|1\n|\n|upkeep\n|turn|8\n|\n|t:|1683995259\n|move|p1b: Baxcalibur|Glaive Rush|p2a: Arcanine\n|-damage|p2a: Arcanine|0 fnt\n|-singlemove|p1b: Baxcalibur|Glaive Rush|[silent]\n|faint|p2a: Arcanine\n|\n|win|Luninja11\n|raw|Luninja11's rating: 1065 → 1096<\/strong> (+31 for winning)\n|raw|adrpen's rating: 1074 → 1052<\/strong> (-22 for losing)\n","uploadtime":1683995267,"views":6,"p1id":"luninja11","p2id":"adrpen","formatid":"gen9vgc2023regulationc","rating":1052,"private":0,"password":""}