{"id":"gen9vgc2023regulationc-1856435770","p1":"Tai Pao","p2":"Kirozviz","format":"[Gen 9] VGC 2023 Regulation C","log":"|j|\u2606Tai Pao\n|j|\u2606Kirozviz\n|t:|1683061319\n|gametype|doubles\n|player|p1|Tai Pao|burglar|1032\n|player|p2|Kirozviz|lance|1091\n|teamsize|p1|6\n|teamsize|p2|6\n|gen|9\n|tier|[Gen 9] VGC 2023 Regulation C\n|rated|\n|rule|Species Clause: Limit one of each Pok\u00e9mon\n|rule|Item Clause: Limit one of each item\n|clearpoke\n|poke|p1|Chien-Pao, L50|\n|poke|p1|Revavroom, L50, M|\n|poke|p1|Palafin, L50, F|\n|poke|p1|Gengar, L50, M|\n|poke|p1|Rotom-Wash, L50|\n|poke|p1|Hydreigon, L50, M|\n|poke|p2|Dondozo, L50, M|\n|poke|p2|Tatsugiri-Stretchy, L50, F|\n|poke|p2|Chi-Yu, L50|\n|poke|p2|Flutter Mane, L50|\n|poke|p2|Dragonite, L50, F|\n|poke|p2|Glimmora, L50, F|\n|teampreview|4\n|\n|t:|1683061363\n|start\n|switch|p1a: MHA looking ahh|Palafin, L50, F|100\/100\n|switch|p1b: Tokyo drift part 2|Revavroom, L50, M|100\/100\n|switch|p2a: Tatsugiri|Tatsugiri-Stretchy, L50, F|100\/100\n|switch|p2b: Glimmora|Glimmora, L50, F|100\/100\n|turn|1\n|\n|t:|1683061393\n|move|p1b: Tokyo drift part 2|Poison Jab|p2a: Tatsugiri\n|-damage|p2a: Tatsugiri|40\/100\n|move|p1a: MHA looking ahh|Flip Turn|p2a: Tatsugiri\n|-activate|p2a: Tatsugiri|ability: Storm Drain\n|-ability|p2a: Tatsugiri|Storm Drain|boost\n|-boost|p2a: Tatsugiri|spa|1\n|move|p2b: Glimmora|Earth Power|p1b: Tokyo drift part 2\n|-supereffective|p1b: Tokyo drift part 2\n|-damage|p1b: Tokyo drift part 2|0 fnt\n|faint|p1b: Tokyo drift part 2\n|move|p2a: Tatsugiri|Muddy Water|p1a: MHA looking ahh\n|-resisted|p1a: MHA looking ahh\n|-damage|p1a: MHA looking ahh|15\/100\n|\n|upkeep\n|\n|t:|1683061406\n|switch|p1b: ur gf|Rotom-Wash, L50|100\/100\n|turn|2\n|\n|t:|1683061416\n|detailschange|p1a: MHA looking ahh|Palafin-Hero, L50, F\n|switch|p1a: Him|Chien-Pao, L50|100\/100\n|-ability|p1a: Him|Sword of Ruin\n|move|p2b: Glimmora|Toxic|p1b: ur gf\n|-status|p1b: ur gf|tox\n|move|p1b: ur gf|Thunderbolt|p2a: Tatsugiri\n|-damage|p2a: Tatsugiri|4\/100\n|move|p2a: Tatsugiri|Muddy Water|p1b: ur gf|[spread] p1a,p1b\n|-resisted|p1b: ur gf\n|-damage|p1a: Him|3\/100\n|-damage|p1b: ur gf|60\/100 tox\n|\n|-damage|p1b: ur gf|54\/100 tox|[from] psn\n|upkeep\n|turn|3\n|\n|t:|1683061433\n|move|p2b: Glimmora|Spiky Shield|p2b: Glimmora\n|-singleturn|p2b: Glimmora|move: Protect\n|move|p1a: Him|Ice Shard|p2a: Tatsugiri\n|-damage|p2a: Tatsugiri|0 fnt\n|faint|p2a: Tatsugiri\n|move|p1b: ur gf|Hydro Pump|p2b: Glimmora\n|-activate|p2b: Glimmora|move: Protect\n|\n|-damage|p1b: ur gf|43\/100 tox|[from] psn\n|upkeep\n|-enditem|p1b: ur gf|Sitrus Berry|[eat]\n|-heal|p1b: ur gf|67\/100 tox|[from] item: Sitrus Berry\n|\n|t:|1683061442\n|switch|p2a: Dondozo|Dondozo, L50, M|100\/100\n|turn|4\n|\n|t:|1683061462\n|move|p1a: Him|Protect|p1a: Him\n|-singleturn|p1a: Him|Protect\n|move|p2a: Dondozo|Protect|p2a: Dondozo\n|-singleturn|p2a: Dondozo|Protect\n|move|p2b: Glimmora|Power Gem|p1b: ur gf\n|-damage|p1b: ur gf|21\/100 tox\n|move|p1b: ur gf|Hydro Pump|p2b: Glimmora\n|-supereffective|p2b: Glimmora\n|-damage|p2b: Glimmora|2\/100\n|\n|-damage|p1b: ur gf|4\/100 tox|[from] psn\n|upkeep\n|turn|5\n|\n|t:|1683061485\n|move|p2b: Glimmora|Spiky Shield|p2b: Glimmora\n|-singleturn|p2b: Glimmora|move: Protect\n|move|p1a: Him|Sacred Sword|p2a: Dondozo\n|-damage|p2a: Dondozo|82\/100\n|move|p1b: ur gf|Thunderbolt|p2a: Dondozo\n|-supereffective|p2a: Dondozo\n|-damage|p2a: Dondozo|40\/100\n|-enditem|p2a: Dondozo|Sitrus Berry|[eat]\n|-heal|p2a: Dondozo|65\/100|[from] item: Sitrus Berry\n|move|p2a: Dondozo|Bulldoze|p1b: ur gf|[spread] p1a\n|-activate|p2b: Glimmora|move: Protect\n|-immune|p1b: ur gf|[from] ability: Levitate\n|-damage|p1a: Him|0 fnt\n|faint|p1a: Him\n|\n|-damage|p1b: ur gf|0 fnt|[from] psn\n|faint|p1b: ur gf\n|upkeep\n|\n|t:|1683061500\n|switch|p1a: MHA looking ahh|Palafin-Hero, L50, F|15\/100\n|-activate|p1a: MHA looking ahh|ability: Zero to Hero\n|turn|6\n|\n|t:|1683061508\n|-terastallize|p1a: MHA looking ahh|Water\n|move|p1a: MHA looking ahh|Jet Punch|p2b: Glimmora\n|-supereffective|p2b: Glimmora\n|-damage|p2b: Glimmora|0 fnt\n|-activate|p2b: Glimmora|ability: Toxic Debris\n|-sidestart|p1: Tai Pao|move: Toxic Spikes\n|faint|p2b: Glimmora\n|move|p2a: Dondozo|Yawn|p1a: MHA looking ahh\n|-start|p1a: MHA looking ahh|move: Yawn|[of] p2a: Dondozo\n|\n|upkeep\n|-message|Tai Pao forfeited.\n|\n|win|Kirozviz\n|raw|Tai Pao's rating: 1032 → 1020<\/strong> (-12 for losing)\n|raw|Kirozviz's rating: 1091 → 1113<\/strong> (+22 for winning)\n|l|\u2606Tai Pao\n","uploadtime":1683061517,"views":4,"p1id":"taipao","p2id":"kirozviz","formatid":"gen9vgc2023regulationc","rating":1020,"private":0,"password":""}