{"id":"gen9vgc2023regulationc-1849062770","p1":"Nikolopez93","p2":"Sc4rleT-EPX","format":"[Gen 9] VGC 2023 Regulation C","log":"|j|\u2606Nikolopez93\n|j|\u2606Sc4rleT-EPX\n|t:|1682147948\n|gametype|doubles\n|player|p1|Nikolopez93|lance|1095\n|player|p2|Sc4rleT-EPX|169|1118\n|teamsize|p1|6\n|teamsize|p2|6\n|gen|9\n|tier|[Gen 9] VGC 2023 Regulation C\n|rated|\n|rule|Species Clause: Limit one of each Pok\u00e9mon\n|rule|Item Clause: Limit one of each item\n|clearpoke\n|poke|p1|Chien-Pao, L50|\n|poke|p1|Dragapult, L50, M|\n|poke|p1|Arcanine, L50, M|\n|poke|p1|Flutter Mane, L50|\n|poke|p1|Palafin, L50, M|\n|poke|p1|Amoonguss, L50, M|\n|poke|p2|Glimmora, L50, F|\n|poke|p2|Wo-Chien, L50|\n|poke|p2|Gothitelle, L50, F|\n|poke|p2|Hydreigon, L50, M|\n|poke|p2|Chien-Pao, L50|\n|poke|p2|Avalugg, L50, M|\n|teampreview|4\n|inactive|Battle timer is ON: inactive players will automatically lose when time's up. (requested by Nikolopez93)\n|inactive|Nikolopez93 has 60 seconds left.\n|\n|t:|1682147984\n|start\n|switch|p1a: Dragapult|Dragapult, L50, M|100\/100\n|switch|p1b: Arcanine|Arcanine, L50, M|100\/100\n|switch|p2a: Garry|Wo-Chien, L50|100\/100\n|switch|p2b: Glimmer|Glimmora, L50, F|100\/100\n|-ability|p1b: Arcanine|Intimidate|boost\n|-unboost|p2a: Garry|atk|1\n|-unboost|p2b: Glimmer|atk|1\n|-ability|p2a: Garry|Tablets of Ruin\n|turn|1\n|\n|t:|1682148001\n|-terastallize|p1a: Dragapult|Steel\n|move|p2a: Garry|Protect|p2a: Garry\n|-singleturn|p2a: Garry|Protect\n|move|p1a: Dragapult|Tera Blast|p2b: Glimmer\n|-supereffective|p2b: Glimmer\n|-damage|p2b: Glimmer|8\/100\n|-activate|p2b: Glimmer|ability: Toxic Debris\n|-sidestart|p1: Nikolopez93|move: Toxic Spikes\n|move|p1b: Arcanine|Will-O-Wisp|p2a: Garry\n|-activate|p2a: Garry|move: Protect\n|move|p2b: Glimmer|Power Gem|p1b: Arcanine\n|-supereffective|p1b: Arcanine\n|-damage|p1b: Arcanine|1\/100\n|\n|upkeep\n|turn|2\n|inactive|Sc4rleT-EPX has 30 seconds left.\n|inactive|Sc4rleT-EPX has 20 seconds left.\n|\n|t:|1682148038\n|switch|p1a: Palafin|Palafin, L50, M|100\/100\n|-status|p1a: Palafin|psn\n|move|p1b: Arcanine|Extreme Speed|p2b: Glimmer\n|-resisted|p2b: Glimmer\n|-damage|p2b: Glimmer|0 fnt\n|-activate|p2b: Glimmer|ability: Toxic Debris\n|-sidestart|p1: Nikolopez93|move: Toxic Spikes\n|faint|p2b: Glimmer\n|move|p2a: Garry|Ruination|p1a: Palafin\n|-damage|p1a: Palafin|51\/100 psn\n|\n|-damage|p1a: Palafin|38\/100 psn|[from] psn\n|upkeep\n|\n|t:|1682148050\n|switch|p2b: Gothic|Gothitelle, L50, F|100\/100\n|turn|3\n|\n|t:|1682148072\n|move|p1a: Palafin|Protect|p1a: Palafin\n|-singleturn|p1a: Palafin|Protect\n|move|p2b: Gothic|Fake Out|p1b: Arcanine\n|-crit|p1b: Arcanine\n|-damage|p1b: Arcanine|0 fnt\n|faint|p1b: Arcanine\n|move|p2a: Garry|Leech Seed|p1a: Palafin\n|-activate|p1a: Palafin|move: Protect\n|\n|-damage|p1a: Palafin|26\/100 psn|[from] psn\n|upkeep\n|\n|t:|1682148089\n|switch|p1b: Flutter Mane|Flutter Mane, L50|100\/100\n|-status|p1b: Flutter Mane|tox\n|-enditem|p1b: Flutter Mane|Booster Energy\n|-activate|p1b: Flutter Mane|ability: Protosynthesis|[fromitem]\n|-start|p1b: Flutter Mane|protosynthesisspe\n|turn|4\n|\n|t:|1682148106\n|move|p2a: Garry|Protect|p2a: Garry\n|-singleturn|p2a: Garry|Protect\n|move|p2b: Gothic|Protect|p2b: Gothic\n|-singleturn|p2b: Gothic|Protect\n|move|p1a: Palafin|Jet Punch|p2a: Garry\n|-activate|p2a: Garry|move: Protect\n|move|p1b: Flutter Mane|Moonblast|p2a: Garry\n|-activate|p2a: Garry|move: Protect\n|\n|-damage|p1b: Flutter Mane|95\/100 tox|[from] psn\n|-damage|p1a: Palafin|13\/100 psn|[from] psn\n|upkeep\n|turn|5\n|inactive|Sc4rleT-EPX has 30 seconds left.\n|\n|t:|1682148133\n|-terastallize|p2a: Garry|Fairy\n|move|p1a: Palafin|Jet Punch|p2b: Gothic\n|-damage|p2b: Gothic|77\/100\n|move|p1b: Flutter Mane|Dazzling Gleam|p2a: Garry|[spread] p2a,p2b\n|-damage|p2a: Garry|80\/100\n|-damage|p2b: Gothic|56\/100\n|move|p2a: Garry|Leech Seed|p1b: Flutter Mane\n|-start|p1b: Flutter Mane|move: Leech Seed\n|move|p2b: Gothic|Substitute|p2b: Gothic\n|-start|p2b: Gothic|Substitute\n|-damage|p2b: Gothic|31\/100\n|\n|-heal|p2a: Garry|86\/100|[from] item: Leftovers\n|-damage|p1b: Flutter Mane|82\/100 tox|[from] Leech Seed|[of] p2a: Garry\n|-heal|p2a: Garry|95\/100|[silent]\n|-damage|p1b: Flutter Mane|71\/100 tox|[from] psn\n|-damage|p1a: Palafin|1\/100 psn|[from] psn\n|upkeep\n|turn|6\n|\n|t:|1682148156\n|move|p1a: Palafin|Jet Punch|p2b: Gothic\n|-activate|p2b: Gothic|move: Substitute|[damage]\n|move|p1b: Flutter Mane|Dazzling Gleam|p2a: Garry|[spread] p2a,p2b\n|-end|p2b: Gothic|Substitute\n|-damage|p2a: Garry|74\/100\n|move|p2a: Garry|Pollen Puff|p2b: Gothic\n|-heal|p2b: Gothic|81\/100\n|move|p2b: Gothic|Trick Room|p2b: Gothic\n|-fieldstart|move: Trick Room|[of] p2b: Gothic\n|\n|-heal|p2a: Garry|81\/100|[from] item: Leftovers\n|-damage|p1b: Flutter Mane|58\/100 tox|[from] Leech Seed|[of] p2a: Garry\n|-heal|p2a: Garry|90\/100|[silent]\n|-damage|p1a: Palafin|0 fnt|[from] psn\n|faint|p1a: Palafin\n|-damage|p1b: Flutter Mane|41\/100 tox|[from] psn\n|upkeep\n|\n|t:|1682148167\n|switch|p1a: Dragapult|Dragapult, L50, M, tera:Steel|100\/100\n|turn|7\n|inactive|Nikolopez93 has 30 seconds left.\n|\n|t:|1682148193\n|switch|p2b: Edgelord|Hydreigon, L50, M|100\/100\n|move|p1b: Flutter Mane|Protect|p1b: Flutter Mane\n|-singleturn|p1b: Flutter Mane|Protect\n|move|p2a: Garry|Ruination|p1a: Dragapult\n|-damage|p1a: Dragapult|51\/100\n|move|p1a: Dragapult|Tera Blast|p2a: Garry\n|-supereffective|p2a: Garry\n|-damage|p2a: Garry|20\/100\n|\n|-heal|p2a: Garry|26\/100|[from] item: Leftovers\n|-damage|p1b: Flutter Mane|28\/100 tox|[from] Leech Seed|[of] p2a: Garry\n|-heal|p2a: Garry|35\/100|[silent]\n|-damage|p1b: Flutter Mane|5\/100 tox|[from] psn\n|upkeep\n|turn|8\n|inactive|Nikolopez93 has 30 seconds left.\n|\n|t:|1682148220\n|move|p2a: Garry|Protect|p2a: Garry\n|-singleturn|p2a: Garry|Protect\n|move|p2b: Edgelord|Heat Wave|p1a: Dragapult|[spread] p1a,p1b\n|-supereffective|p1a: Dragapult\n|-damage|p1a: Dragapult|0 fnt\n|-damage|p1b: Flutter Mane|0 fnt\n|faint|p1a: Dragapult\n|faint|p1b: Flutter Mane\n|-end|p1b: Flutter Mane|Protosynthesis|[silent]\n|\n|win|Sc4rleT-EPX\n|raw|Nikolopez93's rating: 1095 → 1072<\/strong> (-23 for losing)\n|raw|Sc4rleT-EPX's rating: 1118 → 1141<\/strong> (+23 for winning)\n|l|\u2606Nikolopez93\n","uploadtime":1682148229,"views":10,"p1id":"nikolopez93","p2id":"sc4rletepx","formatid":"gen9vgc2023regulationc","rating":1072,"private":0,"password":""}