{"id":"gen9vgc2023regulationc-1845802760","p1":"hancec","p2":"KingTerry777","format":"[Gen 9] VGC 2023 Regulation C","log":"|j|\u2606hancec\n|j|\u2606KingTerry777\n|t:|1681766071\n|gametype|doubles\n|player|p1|hancec|gentleman-gen4dp|1416\n|player|p2|KingTerry777|veteran|1421\n|teamsize|p1|6\n|teamsize|p2|6\n|gen|9\n|tier|[Gen 9] VGC 2023 Regulation C\n|rated|\n|rule|Species Clause: Limit one of each Pok\u00e9mon\n|rule|Item Clause: Limit one of each item\n|clearpoke\n|poke|p1|Murkrow, L50, M|\n|poke|p1|Iron Bundle, L50|\n|poke|p1|Chi-Yu, L50|\n|poke|p1|Gholdengo, L50|\n|poke|p1|Great Tusk, L50|\n|poke|p1|Farigiraf, L50, M|\n|poke|p2|Dachsbun, L50, M|\n|poke|p2|Chi-Yu, L50|\n|poke|p2|Amoonguss, L50, M|\n|poke|p2|Flutter Mane, L50|\n|poke|p2|Iron Bundle, L50|\n|poke|p2|Scizor, L50, M|\n|teampreview|4\n|inactive|Battle timer is ON: inactive players will automatically lose when time's up. (requested by KingTerry777)\nhancec has agreed to open team sheets.\n|inactive|hancec has 60 seconds left.\n|\n|t:|1681766109\n|start\n|switch|p1a: Murkrow|Murkrow, L50, M, shiny|100\/100\n|switch|p1b: Great Tusk|Great Tusk, L50|100\/100\n|switch|p2a: Chi-Yu|Chi-Yu, L50|100\/100\n|switch|p2b: Dachsbun|Dachsbun, L50, M|100\/100\n|-ability|p2a: Chi-Yu|Beads of Ruin\n|turn|1\n|\n|t:|1681766126\n|-terastallize|p2a: Chi-Yu|Grass\n|-terastallize|p1b: Great Tusk|Ground\n|move|p1a: Murkrow|Sunny Day|p1a: Murkrow\n|-weather|SunnyDay\n|-activate|p1b: Great Tusk|ability: Protosynthesis\n|-start|p1b: Great Tusk|protosynthesisatk\n|move|p2a: Chi-Yu|Lava Plume|p1a: Murkrow|[spread] p1a,p1b\n|-ability|p2b: Dachsbun|Well-Baked Body|boost\n|-boost|p2b: Dachsbun|def|2\n|-enditem|p1a: Murkrow|Focus Sash\n|-damage|p1a: Murkrow|1\/100\n|-damage|p1b: Great Tusk|4\/100\n|move|p1b: Great Tusk|Earthquake|p2b: Dachsbun|[spread] p2a,p2b\n|-immune|p1a: Murkrow\n|-resisted|p2a: Chi-Yu\n|-damage|p2a: Chi-Yu|40\/100\n|-damage|p2b: Dachsbun|72\/100\n|move|p2b: Dachsbun|Substitute|p2b: Dachsbun\n|-start|p2b: Dachsbun|Substitute\n|-damage|p2b: Dachsbun|47\/100\n|\n|-weather|SunnyDay|[upkeep]\n|-heal|p2b: Dachsbun|54\/100|[from] item: Leftovers\n|upkeep\n|turn|2\n|inactive|KingTerry777 has 30 seconds left.\n|\n|t:|1681766157\n|switch|p2a: Iron Bundle|Iron Bundle, L50|100\/100\n|-enditem|p2a: Iron Bundle|Booster Energy\n|-activate|p2a: Iron Bundle|ability: Quark Drive|[fromitem]\n|-start|p2a: Iron Bundle|quarkdrivespe\n|move|p1a: Murkrow|Tailwind|p1a: Murkrow\n|-sidestart|p1: hancec|move: Tailwind\n|move|p1b: Great Tusk|Earthquake|p2a: Iron Bundle|[spread] p2a,p2b\n|-immune|p1a: Murkrow\n|-end|p2b: Dachsbun|Substitute\n|-damage|p2a: Iron Bundle|13\/100\n|move|p2b: Dachsbun|Body Press|p1b: Great Tusk\n|-damage|p1b: Great Tusk|0 fnt\n|faint|p1b: Great Tusk\n|-end|p1b: Great Tusk|Protosynthesis|[silent]\n|\n|-weather|SunnyDay|[upkeep]\n|-heal|p2b: Dachsbun|60\/100|[from] item: Leftovers\n|upkeep\n|\n|t:|1681766175\n|switch|p1b: Gholdengo|Gholdengo, L50|100\/100\n|turn|3\n|\n|t:|1681766183\n|switch|p1a: Chi-Yu|Chi-Yu, L50|100\/100\n|-ability|p1a: Chi-Yu|Beads of Ruin\n|move|p2a: Iron Bundle|Protect|p2a: Iron Bundle\n|-singleturn|p2a: Iron Bundle|Protect\n|move|p2b: Dachsbun|Protect|p2b: Dachsbun\n|-singleturn|p2b: Dachsbun|Protect\n|move|p1b: Gholdengo|Make It Rain|p2a: Iron Bundle|[spread] \n|-activate|p2a: Iron Bundle|move: Protect\n|-activate|p2b: Dachsbun|move: Protect\n|\n|-weather|SunnyDay|[upkeep]\n|-heal|p2b: Dachsbun|66\/100|[from] item: Leftovers\n|upkeep\n|turn|4\n|inactive|KingTerry777 has 30 seconds left.\n|inactive|KingTerry777 has 20 seconds left.\n|\n|t:|1681766219\n|move|p2b: Dachsbun|Protect||[still]\n|-fail|p2b: Dachsbun\n|move|p1a: Chi-Yu|Heat Wave|p2b: Dachsbun|[spread] p2a\n|-ability|p2b: Dachsbun|Well-Baked Body|boost\n|-boost|p2b: Dachsbun|def|2\n|-damage|p2a: Iron Bundle|0 fnt\n|faint|p2a: Iron Bundle\n|-end|p2a: Iron Bundle|Quark Drive|[silent]\n|move|p1b: Gholdengo|Make It Rain|p2b: Dachsbun\n|-supereffective|p2b: Dachsbun\n|-damage|p2b: Dachsbun|0 fnt\n|-unboost|p1b: Gholdengo|spa|1\n|faint|p2b: Dachsbun\n|\n|-weather|SunnyDay|[upkeep]\n|upkeep\n|\n|t:|1681766230\n|switch|p2a: Flutter Mane|Flutter Mane, L50|100\/100\n|switch|p2b: Chi-Yu|Chi-Yu, L50, tera:Grass|40\/100\n|-ability|p2b: Chi-Yu|Beads of Ruin\n|-activate|p2a: Flutter Mane|ability: Protosynthesis\n|-start|p2a: Flutter Mane|protosynthesisspa\n|turn|5\n|-message|KingTerry777 forfeited.\n|\n|win|hancec\n|raw|hancec's rating: 1416 → 1436<\/strong> (+20 for winning)\n|raw|KingTerry777's rating: 1421 → 1401<\/strong> (-20 for losing)\n|l|\u2606KingTerry777\n","uploadtime":1681766242,"views":12,"p1id":"hancec","p2id":"kingterry777","formatid":"gen9vgc2023regulationc","rating":1401,"private":0,"password":""}