{"id":"gen9vgc2023regulationc-1862475666","p1":"njits","p2":"RelishVGC","format":"[Gen 9] VGC 2023 Regulation C","log":"|j|\u2606njits\n|j|\u2606RelishVGC\n|t:|1683891719\n|gametype|doubles\n|player|p1|njits|2|\n|player|p2|RelishVGC|169|\n|teamsize|p1|6\n|teamsize|p2|6\n|gen|9\n|tier|[Gen 9] VGC 2023 Regulation C\n|rated|Tournament battle\n|rule|Species Clause: Limit one of each Pok\u00e9mon\n|rule|Item Clause: Limit one of each item\n|clearpoke\n|poke|p1|Palafin, L50, F|\n|poke|p1|Flutter Mane, L50|\n|poke|p1|Amoonguss, L50, F|\n|poke|p1|Arcanine, L50, M|\n|poke|p1|Chien-Pao, L50|\n|poke|p1|Kingambit, L50, M|\n|poke|p2|Abomasnow, L50, M|\n|poke|p2|Ting-Lu, L50|\n|poke|p2|Iron Hands, L50|\n|poke|p2|Flutter Mane, L50|\n|poke|p2|Bronzong, L50|\n|poke|p2|Iron Bundle, L50|\n|teampreview|4\n|raw| Open Team Sheet for njits<\/summary>Palafin @ Mystic Water Ability: Zero to Hero Level: 50 Tera Type: Water - Jet Punch - Wave Crash - Haze - Protect Flutter Mane @ Booster Energy Ability: Protosynthesis Level: 50 Tera Type: Fairy - Dazzling Gleam - Moonblast - Shadow Ball - Protect Amoonguss @ Rocky Helmet Ability: Regenerator Level: 50 Tera Type: Water - Spore - Pollen Puff - Rage Powder - Protect Arcanine @ Safety Goggles Ability: Intimidate Level: 50 Tera Type: Water - Flare Blitz - Extreme Speed - Will-O-Wisp - Protect Chien-Pao @ Focus Sash Ability: Sword of Ruin Level: 50 Tera Type: Ghost - Ice Spinner - Sacred Sword - Sucker Punch - Protect Kingambit @ Black Glasses Ability: Defiant Level: 50 Tera Type: Dark - Kowtow Cleave - Sucker Punch - Swords Dance - Protect <\/details><\/div> Open Team Sheet for RelishVGC<\/summary>Abomasnow @ Weakness Policy Ability: Snow Warning Level: 50 Tera Type: Water - Blizzard - Giga Drain - Aurora Veil - Helping Hand Ting-Lu @ Choice Band Ability: Vessel of Ruin Level: 50 Tera Type: Ground - Earthquake - Stomping Tantrum - Throat Chop - Stone Edge Iron Hands @ Assault Vest Ability: Quark Drive Level: 50 Tera Type: Grass - Drain Punch - Wild Charge - Fake Out - Volt Switch Flutter Mane @ Booster Energy Ability: Protosynthesis Level: 50 Tera Type: Fairy - Moonblast - Dazzling Gleam - Shadow Ball - Protect Bronzong @ Safety Goggles Ability: Levitate Level: 50 Tera Type: Fire - Gyro Ball - Safeguard - Trick Room - Protect Iron Bundle @ Choice Specs Ability: Quark Drive Level: 50 Tera Type: Ice - Freeze-Dry - Blizzard - Hydro Pump - U-turn <\/details><\/div>\n|j| A Borygon\n|\n|t:|1683891756\n|start\n|switch|p1a: Kingambit|Kingambit, L50, M|100\/100\n|switch|p1b: Amoonguss|Amoonguss, L50, F|100\/100\n|switch|p2a: Iron Hands|Iron Hands, L50|100\/100\n|switch|p2b: Bronzong|Bronzong, L50|100\/100\n|turn|1\n|l| A Borygon\n|\n|t:|1683891802\n|move|p1a: Kingambit|Protect|p1a: Kingambit\n|-singleturn|p1a: Kingambit|Protect\n|move|p2a: Iron Hands|Fake Out|p1a: Kingambit\n|-activate|p1a: Kingambit|move: Protect\n|move|p1b: Amoonguss|Spore|p2a: Iron Hands\n|-status|p2a: Iron Hands|slp|[from] move: Spore\n|move|p2b: Bronzong|Safeguard|p2b: Bronzong\n|-sidestart|p2: RelishVGC|Safeguard\n|\n|upkeep\n|turn|2\n|\n|t:|1683891818\n|-terastallize|p2b: Bronzong|Fire\n|move|p1a: Kingambit|Swords Dance|p1a: Kingambit\n|-boost|p1a: Kingambit|atk|2\n|cant|p2a: Iron Hands|slp\n|move|p1b: Amoonguss|Pollen Puff|p2b: Bronzong\n|-resisted|p2b: Bronzong\n|-damage|p2b: Bronzong|94\/100\n|move|p2b: Bronzong|Trick Room|p2b: Bronzong\n|-fieldstart|move: Trick Room|[of] p2b: Bronzong\n|\n|upkeep\n|turn|3\n|\n|t:|1683891849\n|-terastallize|p1a: Kingambit|Dark\n|move|p2b: Bronzong|Protect|p2b: Bronzong\n|-singleturn|p2b: Bronzong|Protect\n|move|p1b: Amoonguss|Rage Powder|p1b: Amoonguss\n|-singleturn|p1b: Amoonguss|move: Rage Powder\n|-curestatus|p2a: Iron Hands|slp|[msg]\n|move|p2a: Iron Hands|Volt Switch|p1b: Amoonguss\n|-resisted|p1b: Amoonguss\n|-damage|p1b: Amoonguss|94\/100\n|\n|t:|1683891864\n|-end|p2a: Iron Hands|Quark Drive|[silent]\n|switch|p2a: Abomasnow|Abomasnow, L50, M|100\/100|[from] Volt Switch\n|-weather|Snow|[from] ability: Snow Warning|[of] p2a: Abomasnow\n|move|p1a: Kingambit|Kowtow Cleave|p2b: Bronzong\n|-activate|p2b: Bronzong|move: Protect\n|\n|-weather|Snow|[upkeep]\n|upkeep\n|turn|4\n|\n|t:|1683891884\n|move|p1b: Amoonguss|Protect|p1b: Amoonguss\n|-singleturn|p1b: Amoonguss|Protect\n|move|p2b: Bronzong|Gyro Ball|p2a: Abomasnow\n|-supereffective|p2a: Abomasnow\n|-damage|p2a: Abomasnow|79\/100\n|-enditem|p2a: Abomasnow|Weakness Policy\n|-boost|p2a: Abomasnow|atk|2|[from] item: Weakness Policy\n|-boost|p2a: Abomasnow|spa|2|[from] item: Weakness Policy\n|move|p2a: Abomasnow|Blizzard|p1a: Kingambit|[spread] p1a\n|-activate|p1b: Amoonguss|move: Protect\n|-damage|p1a: Kingambit|31\/100\n|move|p1a: Kingambit|Kowtow Cleave|p2b: Bronzong\n|-damage|p2b: Bronzong|0 fnt\n|faint|p2b: Bronzong\n|\n|-weather|Snow|[upkeep]\n|upkeep\n|\n|t:|1683891900\n|switch|p2b: Iron Hands|Iron Hands, L50|100\/100\n|turn|5\n|\n|t:|1683891928\n|move|p1a: Kingambit|Protect|p1a: Kingambit\n|-singleturn|p1a: Kingambit|Protect\n|move|p1b: Amoonguss|Spore|p2b: Iron Hands\n|-activate|p2b: Iron Hands|move: Safeguard\n|move|p2b: Iron Hands|Wild Charge|p1b: Amoonguss\n|-resisted|p1b: Amoonguss\n|-damage|p1b: Amoonguss|74\/100\n|-damage|p2b: Iron Hands|84\/100|[from] item: Rocky Helmet|[of] p1b: Amoonguss\n|-damage|p2b: Iron Hands|79\/100|[from] Recoil\n|move|p2a: Abomasnow|Blizzard|p1b: Amoonguss|[spread] p1b\n|-activate|p1a: Kingambit|move: Protect\n|-supereffective|p1b: Amoonguss\n|-damage|p1b: Amoonguss|0 fnt\n|faint|p1b: Amoonguss\n|\n|-weather|Snow|[upkeep]\n|-sideend|p2: RelishVGC|Safeguard\n|upkeep\n|\n|t:|1683891938\n|switch|p1b: Flutter Mane|Flutter Mane, L50|100\/100\n|-enditem|p1b: Flutter Mane|Booster Energy\n|-activate|p1b: Flutter Mane|ability: Protosynthesis|[fromitem]\n|-start|p1b: Flutter Mane|protosynthesisspe\n|turn|6\n|c|\u2606njits|woops\n|c|\u2606njits|safeguard n stuff\n|c|\u2606RelishVGC|yeah its weird haha\n|\n|t:|1683891977\n|-end|p2b: Iron Hands|Quark Drive|[silent]\n|switch|p2b: Ting-Lu|Ting-Lu, L50|100\/100\n|-ability|p2b: Ting-Lu|Vessel of Ruin\n|move|p1a: Kingambit|Sucker Punch|p2a: Abomasnow\n|-damage|p2a: Abomasnow|0 fnt\n|faint|p2a: Abomasnow\n|move|p1b: Flutter Mane|Moonblast|p2b: Ting-Lu\n|-supereffective|p2b: Ting-Lu\n|-damage|p2b: Ting-Lu|48\/100\n|\n|-weather|Snow|[upkeep]\n|-fieldend|move: Trick Room\n|upkeep\n|j| CGVtna-tuM\n|\n|t:|1683891983\n|switch|p2a: Iron Hands|Iron Hands, L50|79\/100\n|turn|7\n|\n|t:|1683892002\n|move|p1b: Flutter Mane|Protect|p1b: Flutter Mane\n|-singleturn|p1b: Flutter Mane|Protect\n|move|p1a: Kingambit|Protect|p1a: Kingambit\n|-singleturn|p1a: Kingambit|Protect\n|move|p2b: Ting-Lu|Stomping Tantrum|p1a: Kingambit\n|-activate|p1a: Kingambit|move: Protect\n|move|p2a: Iron Hands|Wild Charge|p1b: Flutter Mane\n|-activate|p1b: Flutter Mane|move: Protect\n|\n|-weather|none\n|upkeep\n|turn|8\n|\n|t:|1683892020\n|move|p1a: Kingambit|Sucker Punch|p2a: Iron Hands\n|-resisted|p2a: Iron Hands\n|-damage|p2a: Iron Hands|34\/100\n|move|p1b: Flutter Mane|Moonblast|p2b: Ting-Lu\n|-supereffective|p2b: Ting-Lu\n|-damage|p2b: Ting-Lu|0 fnt\n|faint|p2b: Ting-Lu\n|move|p2a: Iron Hands|Drain Punch|p1a: Kingambit\n|-supereffective|p1a: Kingambit\n|-damage|p1a: Kingambit|0 fnt\n|-heal|p2a: Iron Hands|47\/100|[from] drain|[of] p1a: Kingambit\n|faint|p1a: Kingambit\n|\n|upkeep\n|c|\u2606RelishVGC|gg wp\n|\n|t:|1683892026\n|switch|p1a: Chien-Pao|Chien-Pao, L50|100\/100\n|-ability|p1a: Chien-Pao|Sword of Ruin\n|turn|9\n|c|\u2606njits|gg\n|c|\u2606njits|fun team\n|\n|t:|1683892035\n|move|p1b: Flutter Mane|Moonblast|p2a: Iron Hands\n|-supereffective|p2a: Iron Hands\n|-crit|p2a: Iron Hands\n|-damage|p2a: Iron Hands|0 fnt\n|faint|p2a: Iron Hands\n|-end|p2a: Iron Hands|Quark Drive|[silent]\n|\n|win|njits\n|n|\u2606njits|njits\n|n|\u2606RelishVGC|relishvgc\n|n| CGVtna-tuM|cgvtnatum\n|c|\u2606RelishVGC|thx\n|c|\u2606RelishVGC|good luck\n|l|\u2606njits\n|l| CGVtna-tuM\n","uploadtime":1683892487,"views":10,"p1id":"njits","p2id":"relishvgc","formatid":"gen9vgc2023regulationc","rating":0,"private":0,"password":""}