{"id":"gen9vgc2023regulationc-1860031181","p1":"Mr.Bier","p2":"GAGAZU27","format":"[Gen 9] VGC 2023 Regulation C","log":"|j|\u2606Mr.Bier\n|j|\u2606GAGAZU27\n|t:|1683587154\n|gametype|doubles\n|player|p1|Mr.Bier|102|1126\n|player|p2|GAGAZU27|102|1115\n|teamsize|p1|6\n|teamsize|p2|6\n|gen|9\n|tier|[Gen 9] VGC 2023 Regulation C\n|rated|\n|rule|Species Clause: Limit one of each Pok\u00e9mon\n|rule|Item Clause: Limit one of each item\n|clearpoke\n|poke|p1|Crabominable, L50, M|\n|poke|p1|Gholdengo, L50|\n|poke|p1|Hariyama, L50, F|\n|poke|p1|Hatterene, L50, F|\n|poke|p1|Murkrow, L50, M|\n|poke|p1|Chi-Yu, L50|\n|poke|p2|Chi-Yu, L50|\n|poke|p2|Garganacl, L50, M|\n|poke|p2|Palafin, L50, F|\n|poke|p2|Arboliva, L50, F|\n|poke|p2|Wo-Chien, L50|\n|poke|p2|Gyarados, L50, M|\n|teampreview|4\n|inactive|Battle timer is ON: inactive players will automatically lose when time's up. (requested by GAGAZU27)\n|inactive|Mr.Bier also wants the timer to be on.\n|inactive|Mr.Bier has 60 seconds left.\n|inactive|GAGAZU27 has 60 seconds left.\nMr.Bier rejected open team sheets.\n|\n|t:|1683587192\n|start\n|switch|p1a: Hariyama|Hariyama, L50, F|100\/100\n|switch|p1b: Hatterene|Hatterene, L50, F|100\/100\n|switch|p2a: Garganacl|Garganacl, L50, M|100\/100\n|switch|p2b: Palafin|Palafin, L50, F|100\/100\n|turn|1\n|\n|t:|1683587211\n|detailschange|p2b: Palafin|Palafin-Hero, L50, F\n|switch|p2b: Gyarados|Gyarados, L50, M|100\/100\n|-ability|p2b: Gyarados|Intimidate|boost\n|-unboost|p1a: Hariyama|atk|1\n|-unboost|p1b: Hatterene|atk|1\n|-terastallize|p2a: Garganacl|Water\n|move|p1a: Hariyama|Fake Out|p2b: Gyarados\n|-damage|p2b: Gyarados|89\/100\n|move|p2a: Garganacl|Iron Defense|p2a: Garganacl\n|-boost|p2a: Garganacl|def|2\n|move|p1b: Hatterene|Trick Room|p1b: Hatterene\n|-fieldstart|move: Trick Room|[of] p1b: Hatterene\n|\n|-status|p1a: Hariyama|brn|[from] item: Flame Orb\n|upkeep\n|turn|2\n|inactive|Mr.Bier has 30 seconds left.\n|inactive|Mr.Bier has 20 seconds left.\n|inactive|Mr.Bier has 15 seconds left.\n|\n|t:|1683587252\n|move|p1b: Hatterene|Giga Drain|p2a: Garganacl\n|-supereffective|p2a: Garganacl\n|-damage|p2a: Garganacl|58\/100\n|move|p1a: Hariyama|Knock Off|p2a: Garganacl\n|-damage|p2a: Garganacl|46\/100\n|-damage|p1a: Hariyama|84\/100 brn|[from] item: Rocky Helmet|[of] p2a: Garganacl\n|-enditem|p2a: Garganacl|Rocky Helmet|[from] move: Knock Off|[of] p1a: Hariyama\n|move|p2a: Garganacl|Salt Cure|p1a: Hariyama\n|-resisted|p1a: Hariyama\n|-damage|p1a: Hariyama|77\/100 brn\n|-start|p1a: Hariyama|Salt Cure\n|move|p2b: Gyarados|Thunder Wave|p1b: Hatterene\n|move|p1b: Hatterene|Thunder Wave|p2b: Gyarados|[from]ability: Magic Bounce\n|-status|p2b: Gyarados|par\n|\n|-damage|p1a: Hariyama|71\/100 brn|[from] brn\n|-damage|p1a: Hariyama|59\/100 brn|[from] Salt Cure\n|upkeep\n|turn|3\n|inactive|Mr.Bier has 30 seconds left.\n|inactive|GAGAZU27 has 30 seconds left.\n|inactive|Mr.Bier has 20 seconds left.\n|inactive|GAGAZU27 has 20 seconds left.\n|inactive|Mr.Bier has 15 seconds left.\n|\n|t:|1683587296\n|switch|p1a: Crabominable|Crabominable, L50, M|100\/100\n|switch|p2a: Chi-Yu|Chi-Yu, L50|100\/100\n|-ability|p2a: Chi-Yu|Beads of Ruin\n|-terastallize|p1b: Hatterene|Psychic\n|move|p1b: Hatterene|Psychic|p2a: Chi-Yu\n|-immune|p2a: Chi-Yu\n|move|p2b: Gyarados|Waterfall|p1a: Crabominable\n|-damage|p1a: Crabominable|50\/100\n|\n|upkeep\n|turn|4\n|inactive|Mr.Bier has 30 seconds left.\n|\n|t:|1683587327\n|move|p1b: Hatterene|Psychic|p2b: Gyarados\n|-damage|p2b: Gyarados|8\/100 par\n|-enditem|p2b: Gyarados|Sitrus Berry|[eat]\n|-heal|p2b: Gyarados|33\/100 par|[from] item: Sitrus Berry\n|move|p2b: Gyarados|Waterfall|p1b: Hatterene\n|-damage|p1b: Hatterene|47\/100\n|move|p1a: Crabominable|Close Combat|p2a: Chi-Yu\n|-supereffective|p2a: Chi-Yu\n|-damage|p2a: Chi-Yu|0 fnt\n|-unboost|p1a: Crabominable|def|1\n|-unboost|p1a: Crabominable|spd|1\n|faint|p2a: Chi-Yu\n|-damage|p1a: Crabominable|41\/100|[from] item: Life Orb\n|\n|upkeep\n|\n|t:|1683587342\n|switch|p2a: Palafin|Palafin-Hero, L50, F|100\/100\n|-activate|p2a: Palafin|ability: Zero to Hero\n|turn|5\n|inactive|GAGAZU27 has 30 seconds left.\n|inactive|GAGAZU27 has 20 seconds left.\n|inactive|GAGAZU27 has 15 seconds left.\n|inactive|GAGAZU27 has 10 seconds left.\n|inactive|GAGAZU27 has 5 seconds left.\n|\n|t:|1683587397\n|switch|p1a: Hariyama|Hariyama, L50, F|59\/100 brn\n|move|p1b: Hatterene|Giga Drain|p2a: Palafin\n|-supereffective|p2a: Palafin\n|-damage|p2a: Palafin|32\/100\n|-heal|p1b: Hatterene|85\/100|[from] drain|[of] p2a: Palafin\n|move|p2b: Gyarados|Thunder Wave||[still]\n|-fail|p2b: Gyarados\n|move|p2a: Palafin|Wave Crash|p1a: Hariyama\n|-damage|p1a: Hariyama|0 fnt\n|faint|p1a: Hariyama\n|-damage|p2a: Palafin|5\/100|[from] Recoil\n|\n|-fieldend|move: Trick Room\n|upkeep\n|\n|t:|1683587415\n|switch|p1a: Chi-Yu|Chi-Yu, L50|100\/100\n|-ability|p1a: Chi-Yu|Beads of Ruin\n|turn|6\n|inactive|GAGAZU27 has 30 seconds left.\n|inactive|GAGAZU27 has 20 seconds left.\n|inactive|GAGAZU27 has 15 seconds left.\n|inactive|GAGAZU27 has 10 seconds left.\n|inactive|GAGAZU27 has 5 seconds left.\n|\n|t:|1683587470\n|move|p1a: Chi-Yu|Protect|p1a: Chi-Yu\n|-singleturn|p1a: Chi-Yu|Protect\n|move|p2a: Palafin|Wave Crash|p1b: Hatterene\n|-damage|p1b: Hatterene|0 fnt\n|faint|p1b: Hatterene\n|-damage|p2a: Palafin|0 fnt|[from] Recoil\n|faint|p2a: Palafin\n|move|p2b: Gyarados|Thunder Wave|p1a: Chi-Yu\n|-activate|p1a: Chi-Yu|move: Protect\n|\n|upkeep\n|inactive|GAGAZU27 has 30 seconds left.\n|inactive|GAGAZU27 has 20 seconds left.\n|inactive|GAGAZU27 has 15 seconds left.\n|inactive|GAGAZU27 has 10 seconds left.\n|inactive|GAGAZU27 has 5 seconds left.\n|\n|t:|1683587524\n|switch|p2a: Garganacl|Garganacl, L50, M, tera:Water|46\/100\n|switch|p1b: Crabominable|Crabominable, L50, M|41\/100\n|turn|7\n|\n|t:|1683587540\n|move|p1a: Chi-Yu|Dark Pulse|p2a: Garganacl\n|-damage|p2a: Garganacl|10\/100\n|move|p1b: Crabominable|Ice Hammer|p2b: Gyarados\n|-damage|p2b: Gyarados|0 fnt\n|-unboost|p1b: Crabominable|spe|1\n|faint|p2b: Gyarados\n|-damage|p1b: Crabominable|31\/100|[from] item: Life Orb\n|move|p2a: Garganacl|Salt Cure|p1a: Chi-Yu\n|-supereffective|p1a: Chi-Yu\n|-damage|p1a: Chi-Yu|55\/100\n|-start|p1a: Chi-Yu|Salt Cure\n|\n|-damage|p1a: Chi-Yu|43\/100|[from] Salt Cure\n|upkeep\n|turn|8\n|inactive|Mr.Bier has 30 seconds left.\n|\n|t:|1683587567\n|move|p2a: Garganacl|Protect|p2a: Garganacl\n|-singleturn|p2a: Garganacl|Protect\n|move|p1a: Chi-Yu|Dark Pulse|p2a: Garganacl\n|-activate|p2a: Garganacl|move: Protect\n|move|p1b: Crabominable|Ice Hammer|p2a: Garganacl\n|-activate|p2a: Garganacl|move: Protect\n|\n|-damage|p1a: Chi-Yu|30\/100|[from] Salt Cure\n|upkeep\n|turn|9\n|\n|t:|1683587583\n|move|p1a: Chi-Yu|Dark Pulse|p2a: Garganacl\n|-damage|p2a: Garganacl|0 fnt\n|faint|p2a: Garganacl\n|\n|win|Mr.Bier\n|raw|Mr.Bier's rating: 1126 → 1150<\/strong> (+24 for winning)\n|raw|GAGAZU27's rating: 1115 → 1091<\/strong> (-24 for losing)\n|l|\u2606GAGAZU27\n|l|\u2606Mr.Bier\n|j|\u2606Mr.Bier\n|player|p1|Mr.Bier|102\n","uploadtime":1683588083,"views":16,"p1id":"mrbier","p2id":"gagazu27","formatid":"gen9vgc2023regulationc","rating":1091,"private":0,"password":""}