{"id":"gen9vgc2023regulationc-1851991707","p1":"Dhhdjfbf","p2":"Otakupro96jf","format":"[Gen 9] VGC 2023 Regulation C","log":"|j|\u2606Dhhdjfbf\n|j|\u2606Otakupro96jf\n|t:|1682514667\n|gametype|doubles\n|player|p1|Dhhdjfbf|101|1077\n|player|p2|Otakupro96jf|265|1024\n|teamsize|p1|6\n|teamsize|p2|6\n|gen|9\n|tier|[Gen 9] VGC 2023 Regulation C\n|rated|\n|rule|Species Clause: Limit one of each Pok\u00e9mon\n|rule|Item Clause: Limit one of each item\n|clearpoke\n|poke|p1|Maushold, L50|\n|poke|p1|Annihilape, L50, M|\n|poke|p1|Iron Bundle, L50|\n|poke|p1|Kingambit, L50, F|\n|poke|p1|Amoonguss, L50, F|\n|poke|p1|Arcanine, L50, M|\n|poke|p2|Klefki, L50, M|\n|poke|p2|Arcanine, L50, M|\n|poke|p2|Amoonguss, L50, M|\n|poke|p2|Garganacl, L50, M|\n|poke|p2|Ting-Lu, L50|\n|poke|p2|Wo-Chien, L50|\n|teampreview|4\n|inactive|Battle timer is ON: inactive players will automatically lose when time's up. (requested by Dhhdjfbf)\n|\n|t:|1682514706\n|start\n|switch|p1a: Maushold|Maushold, L50|100\/100\n|switch|p1b: Annihilape|Annihilape, L50, M|100\/100\n|switch|p2a: Klefki|Klefki, L50, M, shiny|100\/100\n|switch|p2b: Garganacl|Garganacl, L50, M, shiny|100\/100\n|turn|1\n|\n|t:|1682514722\n|move|p2a: Klefki|Reflect|p2a: Klefki\n|-sidestart|p2: Otakupro96jf|Reflect\n|move|p1a: Maushold|Beat Up|p1b: Annihilape\n|-damage|p1b: Annihilape|99\/100\n|-damage|p1b: Annihilape|97\/100\n|-damage|p1b: Annihilape|95\/100\n|-damage|p1b: Annihilape|93\/100\n|-hitcount|p1b: Annihilape|4\n|move|p1b: Annihilape|Bulk Up|p1b: Annihilape\n|-boost|p1b: Annihilape|atk|1\n|-boost|p1b: Annihilape|def|1\n|move|p2b: Garganacl|Salt Cure|p1a: Maushold\n|-damage|p1a: Maushold|82\/100\n|-start|p1a: Maushold|Salt Cure\n|\n|-heal|p1b: Annihilape|99\/100|[from] item: Leftovers\n|-damage|p1a: Maushold|70\/100|[from] Salt Cure\n|upkeep\n|turn|2\n|\n|t:|1682514743\n|move|p2b: Garganacl|Protect|p2b: Garganacl\n|-singleturn|p2b: Garganacl|Protect\n|move|p1a: Maushold|Follow Me|p1a: Maushold\n|-singleturn|p1a: Maushold|move: Follow Me\n|move|p1b: Annihilape|Rage Fist|p2a: Klefki\n|-damage|p2a: Klefki|0 fnt\n|faint|p2a: Klefki\n|\n|-heal|p1b: Annihilape|100\/100|[from] item: Leftovers\n|-damage|p1a: Maushold|58\/100|[from] Salt Cure\n|upkeep\n|\n|t:|1682514755\n|switch|p2a: Amoonguss|Amoonguss, L50, M|100\/100\n|turn|3\n|\n|t:|1682514780\n|switch|p2b: Wo-Chien|Wo-Chien, L50|100\/100\n|-ability|p2b: Wo-Chien|Tablets of Ruin\n|move|p1a: Maushold|Super Fang|p2b: Wo-Chien\n|-damage|p2b: Wo-Chien|51\/100\n|move|p1b: Annihilape|Rage Fist|p2b: Wo-Chien\n|-resisted|p2b: Wo-Chien\n|-damage|p2b: Wo-Chien|19\/100\n|move|p2a: Amoonguss|Spore|p1b: Annihilape\n|-status|p1b: Annihilape|slp|[from] move: Spore\n|\n|-damage|p1a: Maushold|46\/100|[from] Salt Cure\n|upkeep\n|turn|4\n|inactive|Otakupro96jf has 30 seconds left.\n|inactive|Otakupro96jf has 20 seconds left.\n|inactive|Otakupro96jf has 15 seconds left.\n|\n|t:|1682514822\n|cant|p1b: Annihilape|slp\n|move|p1a: Maushold|Super Fang|p2a: Amoonguss\n|-damage|p2a: Amoonguss|50\/100\n|-enditem|p2a: Amoonguss|Sitrus Berry|[eat]\n|-heal|p2a: Amoonguss|75\/100|[from] item: Sitrus Berry\n|move|p2b: Wo-Chien|Ruination|p1b: Annihilape\n|-damage|p1b: Annihilape|50\/100 slp\n|move|p2a: Amoonguss|Pollen Puff|p2b: Wo-Chien\n|-heal|p2b: Wo-Chien|69\/100\n|\n|-heal|p1b: Annihilape|57\/100 slp|[from] item: Leftovers\n|-damage|p1a: Maushold|34\/100|[from] Salt Cure\n|upkeep\n|turn|5\n|\n|t:|1682514844\n|move|p2a: Amoonguss|Protect|p2a: Amoonguss\n|-singleturn|p2a: Amoonguss|Protect\n|move|p1a: Maushold|Follow Me|p1a: Maushold\n|-singleturn|p1a: Maushold|move: Follow Me\n|cant|p1b: Annihilape|slp\n|move|p2b: Wo-Chien|Giga Drain|p1a: Maushold\n|-damage|p1a: Maushold|0 fnt\n|-heal|p2b: Wo-Chien|85\/100|[from] drain|[of] p1a: Maushold\n|faint|p1a: Maushold\n|\n|-heal|p1b: Annihilape|63\/100 slp|[from] item: Leftovers\n|upkeep\n|\n|t:|1682514860\n|switch|p1a: Iron Bundle|Iron Bundle, L50|100\/100\n|-enditem|p1a: Iron Bundle|Booster Energy\n|-activate|p1a: Iron Bundle|ability: Quark Drive|[fromitem]\n|-start|p1a: Iron Bundle|quarkdrivespe\n|turn|6\n|\n|t:|1682514879\n|switch|p2a: Garganacl|Garganacl, L50, M, shiny|100\/100\n|move|p1a: Iron Bundle|Encore||[still]\n|-fail|p1a: Iron Bundle\n|cant|p1b: Annihilape|slp\n|move|p2b: Wo-Chien|Giga Drain|p1a: Iron Bundle\n|-supereffective|p1a: Iron Bundle\n|-damage|p1a: Iron Bundle|0 fnt\n|-heal|p2b: Wo-Chien|100\/100|[from] drain|[of] p1a: Iron Bundle\n|faint|p1a: Iron Bundle\n|-end|p1a: Iron Bundle|Quark Drive|[silent]\n|\n|-heal|p1b: Annihilape|69\/100 slp|[from] item: Leftovers\n|upkeep\n|\n|t:|1682514889\n|switch|p1a: Kingambit|Kingambit, L50, F|100\/100\n|turn|7\n|inactive|Otakupro96jf has 30 seconds left.\n|inactive|Otakupro96jf has 20 seconds left.\n|\n|t:|1682514928\n|-terastallize|p1a: Kingambit|Flying\n|-terastallize|p2a: Garganacl|Poison\n|-curestatus|p1b: Annihilape|slp|[msg]\n|move|p1b: Annihilape|Rage Fist|p2a: Garganacl\n|-crit|p2a: Garganacl\n|-damage|p2a: Garganacl|31\/100\n|move|p2b: Wo-Chien|Pollen Puff|p2a: Garganacl\n|-heal|p2a: Garganacl|81\/100\n|move|p1a: Kingambit|Assurance|p2a: Garganacl\n|-damage|p2a: Garganacl|54\/100\n|move|p2a: Garganacl|Salt Cure|p1a: Kingambit\n|-supereffective|p1a: Kingambit\n|-damage|p1a: Kingambit|84\/100\n|-start|p1a: Kingambit|Salt Cure\n|\n|-heal|p1b: Annihilape|75\/100|[from] item: Leftovers\n|-heal|p2a: Garganacl|61\/100|[from] item: Leftovers\n|-damage|p1a: Kingambit|71\/100|[from] Salt Cure\n|upkeep\n|turn|8\n|inactive|Otakupro96jf has 30 seconds left.\n|inactive|Otakupro96jf has 20 seconds left.\n|\n|t:|1682514966\n|move|p1b: Annihilape|Rage Fist|p2a: Garganacl\n|-damage|p2a: Garganacl|29\/100\n|move|p2b: Wo-Chien|Rest|p2b: Wo-Chien\n|-fail|p2b: Wo-Chien|heal\n|move|p1a: Kingambit|Tera Blast|p2b: Wo-Chien\n|-supereffective|p2b: Wo-Chien\n|-damage|p2b: Wo-Chien|59\/100\n|move|p2a: Garganacl|Recover|p2a: Garganacl\n|-heal|p2a: Garganacl|79\/100\n|\n|-heal|p1b: Annihilape|82\/100|[from] item: Leftovers\n|-heal|p2a: Garganacl|85\/100|[from] item: Leftovers\n|-damage|p1a: Kingambit|59\/100|[from] Salt Cure\n|-sideend|p2: Otakupro96jf|Reflect\n|upkeep\n|turn|9\n|inactive|Otakupro96jf has 30 seconds left.\n|\n|t:|1682514998\n|move|p1b: Annihilape|Drain Punch|p2b: Wo-Chien\n|-supereffective|p2b: Wo-Chien\n|-damage|p2b: Wo-Chien|0 fnt\n|-heal|p1b: Annihilape|100\/100|[from] drain|[of] p2b: Wo-Chien\n|faint|p2b: Wo-Chien\n|move|p1a: Kingambit|Iron Head|p2a: Garganacl\n|-damage|p2a: Garganacl|52\/100\n|cant|p2a: Garganacl|flinch\n|\n|-heal|p2a: Garganacl|58\/100|[from] item: Leftovers\n|-damage|p1a: Kingambit|47\/100|[from] Salt Cure\n|upkeep\n|\n|t:|1682515011\n|switch|p2b: Amoonguss|Amoonguss, L50, M|100\/100\n|turn|10\n|\n|t:|1682515019\n|move|p2b: Amoonguss|Protect|p2b: Amoonguss\n|-singleturn|p2b: Amoonguss|Protect\n|move|p1b: Annihilape|Rage Fist|p2a: Garganacl\n|-damage|p2a: Garganacl|0 fnt\n|faint|p2a: Garganacl\n|move|p1a: Kingambit|Tera Blast|p2b: Amoonguss\n|-activate|p2b: Amoonguss|move: Protect\n|\n|-damage|p1a: Kingambit|34\/100|[from] Salt Cure\n|upkeep\n|turn|11\n|-message|Otakupro96jf forfeited.\n|\n|win|Dhhdjfbf\n|raw|Dhhdjfbf's rating: 1077 → 1101<\/strong> (+24 for winning)\n|raw|Otakupro96jf's rating: 1024 → 1012<\/strong> (-12 for losing)\n|l|\u2606Otakupro96jf\n","uploadtime":1682515033,"views":7,"p1id":"dhhdjfbf","p2id":"otakupro96jf","formatid":"gen9vgc2023regulationc","rating":1012,"private":0,"password":""}