{"id":"gen9vgc2023regulationc-1852428228","p1":"Tiplaf","p2":"Valency GL","format":"[Gen 9] VGC 2023 Regulation C","log":"|j|\u2606Tiplaf\n|j|\u2606Valency GL\n|t:|1682556390\n|gametype|doubles\n|player|p1|Tiplaf|volkner|1342\n|player|p2|Valency GL|265|1347\n|teamsize|p1|6\n|teamsize|p2|6\n|gen|9\n|tier|[Gen 9] VGC 2023 Regulation C\n|rated|\n|rule|Species Clause: Limit one of each Pok\u00e9mon\n|rule|Item Clause: Limit one of each item\n|clearpoke\n|poke|p1|Roaring Moon, L50|\n|poke|p1|Gholdengo, L50|\n|poke|p1|Iron Bundle, L50|\n|poke|p1|Iron Hands, L50|\n|poke|p1|Maushold-Four, L50|\n|poke|p1|Arcanine, L50, F|\n|poke|p2|Maushold-Four, L50|\n|poke|p2|Roaring Moon, L50|\n|poke|p2|Gyarados, L50, M|\n|poke|p2|Flutter Mane, L50|\n|poke|p2|Rotom-Wash, L50|\n|poke|p2|Great Tusk, L50|\n|teampreview|4\n|inactive|Battle timer is ON: inactive players will automatically lose when time's up. (requested by Valency GL)\n|\n|t:|1682556440\n|start\n|switch|p1a: Iron Bundle|Iron Bundle, L50|100\/100\n|switch|p1b: Iron Hands|Iron Hands, L50|100\/100\n|switch|p2a: Gyarados|Gyarados, L50, M|100\/100\n|switch|p2b: Great Tusk|Great Tusk, L50|100\/100\n|-ability|p2a: Gyarados|Intimidate|boost\n|-unboost|p1a: Iron Bundle|atk|1\n|-unboost|p1b: Iron Hands|atk|1\n|turn|1\n|\n|t:|1682556459\n|-terastallize|p2b: Great Tusk|Steel\n|move|p1b: Iron Hands|Fake Out|p2b: Great Tusk\n|-resisted|p2b: Great Tusk\n|-damage|p2b: Great Tusk|97\/100\n|cant|p2b: Great Tusk|flinch\n|move|p1a: Iron Bundle|Freeze-Dry|p2a: Gyarados\n|-supereffective|p2a: Gyarados\n|-damage|p2a: Gyarados|0 fnt\n|faint|p2a: Gyarados\n|\n|upkeep\n|\n|t:|1682556469\n|switch|p2a: Flutter Mane|Flutter Mane, L50|100\/100\n|turn|2\n|inactive|Tiplaf has 30 seconds left.\n|\n|t:|1682556498\n|-end|p1b: Iron Hands|Quark Drive|[silent]\n|switch|p1b: Arcanine|Arcanine, L50, F|100\/100\n|-ability|p1b: Arcanine|Intimidate|boost\n|-unboost|p2a: Flutter Mane|atk|1\n|-unboost|p2b: Great Tusk|atk|1\n|move|p2b: Great Tusk|Rock Slide|p1b: Arcanine|[spread] p1a,p1b\n|-supereffective|p1a: Iron Bundle\n|-supereffective|p1b: Arcanine\n|-damage|p1a: Iron Bundle|64\/100\n|-damage|p1b: Arcanine|68\/100\n|cant|p1a: Iron Bundle|flinch\n|move|p2a: Flutter Mane|Dazzling Gleam|p1b: Arcanine|[spread] p1a,p1b\n|-resisted|p1b: Arcanine\n|-damage|p1a: Iron Bundle|4\/100\n|-damage|p1b: Arcanine|55\/100\n|\n|upkeep\n|turn|3\n|inactive|Tiplaf has 30 seconds left.\n|inactive|Tiplaf has 20 seconds left.\n|\n|t:|1682556537\n|move|p2b: Great Tusk|Rock Slide|p1a: Iron Bundle|[spread] p1a,p1b\n|-supereffective|p1a: Iron Bundle\n|-supereffective|p1b: Arcanine\n|-damage|p1a: Iron Bundle|0 fnt\n|-damage|p1b: Arcanine|20\/100\n|-enditem|p1b: Arcanine|Sitrus Berry|[eat]\n|-heal|p1b: Arcanine|45\/100|[from] item: Sitrus Berry\n|faint|p1a: Iron Bundle\n|-end|p1a: Iron Bundle|Quark Drive|[silent]\n|move|p2a: Flutter Mane|Moonblast|p1b: Arcanine\n|-resisted|p1b: Arcanine\n|-damage|p1b: Arcanine|24\/100\n|-unboost|p1b: Arcanine|spa|1\n|cant|p1b: Arcanine|flinch\n|\n|upkeep\n|\n|t:|1682556555\n|switch|p1a: Iron Hands|Iron Hands, L50|100\/100\n|turn|4\n|inactive|Tiplaf has 30 seconds left.\n|\n|t:|1682556584\n|-terastallize|p1a: Iron Hands|Grass\n|move|p1a: Iron Hands|Fake Out|p2b: Great Tusk\n|-resisted|p2b: Great Tusk\n|-damage|p2b: Great Tusk|92\/100\n|cant|p2b: Great Tusk|flinch\n|move|p2a: Flutter Mane|Moonblast|p1b: Arcanine\n|-resisted|p1b: Arcanine\n|-damage|p1b: Arcanine|3\/100\n|move|p1b: Arcanine|Flare Blitz|p2a: Flutter Mane\n|-damage|p2a: Flutter Mane|29\/100\n|-damage|p1b: Arcanine|0 fnt|[from] Recoil\n|faint|p1b: Arcanine\n|\n|upkeep\n|\n|t:|1682556595\n|switch|p1b: Roaring Moon|Roaring Moon, L50|100\/100\n|-enditem|p1b: Roaring Moon|Booster Energy\n|-activate|p1b: Roaring Moon|ability: Protosynthesis|[fromitem]\n|-start|p1b: Roaring Moon|protosynthesisatk\n|turn|5\n|\n|t:|1682556618\n|move|p2b: Great Tusk|Rock Slide|p1a: Iron Hands|[spread] p1a,p1b\n|-damage|p1a: Iron Hands|91\/100\n|-damage|p1b: Roaring Moon|84\/100\n|move|p2a: Flutter Mane|Dazzling Gleam|p1b: Roaring Moon|[spread] p1a,p1b\n|-supereffective|p1b: Roaring Moon\n|-damage|p1a: Iron Hands|77\/100\n|-damage|p1b: Roaring Moon|0 fnt\n|faint|p1b: Roaring Moon\n|-end|p1b: Roaring Moon|Protosynthesis|[silent]\n|move|p1a: Iron Hands|Close Combat|p2b: Great Tusk\n|-supereffective|p2b: Great Tusk\n|-damage|p2b: Great Tusk|4\/100\n|-unboost|p1a: Iron Hands|def|1\n|-unboost|p1a: Iron Hands|spd|1\n|\n|upkeep\n|turn|6\n|\n|t:|1682556631\n|move|p2b: Great Tusk|Rock Slide|p1a: Iron Hands\n|-damage|p1a: Iron Hands|58\/100\n|move|p2a: Flutter Mane|Moonblast|p1a: Iron Hands\n|-damage|p1a: Iron Hands|25\/100\n|-unboost|p1a: Iron Hands|spa|1\n|cant|p1a: Iron Hands|flinch\n|\n|upkeep\n|turn|7\n|-message|Tiplaf forfeited.\n|\n|win|Valency GL\n|raw|Tiplaf's rating: 1342 → 1322<\/strong> (-20 for losing)\n|raw|Valency GL's rating: 1347 → 1367<\/strong> (+20 for winning)\n|l|\u2606Tiplaf\n","uploadtime":1682556655,"views":15,"p1id":"tiplaf","p2id":"valencygl","formatid":"gen9vgc2023regulationc","rating":1322,"private":0,"password":""}