{"id":"gen9vgc2023regulationc-1850810007","p1":"nowaythis","p2":"temerence","format":"[Gen 9] VGC 2023 Regulation C","log":"|j|\u2606nowaythis\n|j|\u2606temerence\n|t:|1682369960\n|gametype|doubles\n|player|p1|nowaythis|ninjaboy|1135\n|player|p2|temerence|hilbert|1113\n|teamsize|p1|6\n|teamsize|p2|6\n|gen|9\n|tier|[Gen 9] VGC 2023 Regulation C\n|rated|\n|rule|Species Clause: Limit one of each Pok\u00e9mon\n|rule|Item Clause: Limit one of each item\n|clearpoke\n|poke|p1|Ting-Lu, L50|\n|poke|p1|Baxcalibur, L50, M|\n|poke|p1|Flutter Mane, L50|\n|poke|p1|Palafin, L50, F|\n|poke|p1|Arcanine, L50, F|\n|poke|p1|Amoonguss, L50, M|\n|poke|p2|Flutter Mane, L50|\n|poke|p2|Amoonguss, L50, F|\n|poke|p2|Palafin, L50, M|\n|poke|p2|Chien-Pao, L50|\n|poke|p2|Arcanine, L50, F|\n|poke|p2|Dragapult, L50, M|\n|teampreview|4\n|inactive|Battle timer is ON: inactive players will automatically lose when time's up. (requested by temerence)\n|\n|t:|1682369985\n|start\n|switch|p1a: Flutter Pain|Flutter Mane, L50|100\/100\n|switch|p1b: Palafin|Palafin, L50, F|100\/100\n|switch|p2a: Amoonguss|Amoonguss, L50, F|100\/100\n|switch|p2b: Palafin|Palafin, L50, M|100\/100\n|-enditem|p1a: Flutter Pain|Booster Energy\n|-activate|p1a: Flutter Pain|ability: Protosynthesis|[fromitem]\n|-start|p1a: Flutter Pain|protosynthesisspa\n|turn|1\n|\n|t:|1682370007\n|detailschange|p2b: Palafin|Palafin-Hero, L50, M\n|switch|p2b: Flutter Mane|Flutter Mane, L50|100\/100\n|-enditem|p2b: Flutter Mane|Booster Energy\n|-activate|p2b: Flutter Mane|ability: Protosynthesis|[fromitem]\n|-start|p2b: Flutter Mane|protosynthesisspe\n|detailschange|p1b: Palafin|Palafin-Hero, L50, F\n|switch|p1b: Arcanine|Arcanine, L50, F|100\/100\n|-ability|p1b: Arcanine|Intimidate|boost\n|-unboost|p2a: Amoonguss|atk|1\n|-unboost|p2b: Flutter Mane|atk|1\n|move|p1a: Flutter Pain|Protect|p1a: Flutter Pain\n|-singleturn|p1a: Flutter Pain|Protect\n|move|p2a: Amoonguss|Rage Powder|p2a: Amoonguss\n|-singleturn|p2a: Amoonguss|move: Rage Powder\n|\n|upkeep\n|turn|2\n|inactive|temerence has 30 seconds left.\n|\n|t:|1682370037\n|-terastallize|p1a: Flutter Pain|Fairy\n|move|p2b: Flutter Mane|Shadow Ball|p1b: Arcanine\n|-damage|p1b: Arcanine|57\/100\n|move|p1a: Flutter Pain|Shadow Ball|p2b: Flutter Mane\n|-supereffective|p2b: Flutter Mane\n|-damage|p2b: Flutter Mane|0 fnt\n|faint|p2b: Flutter Mane\n|-end|p2b: Flutter Mane|Protosynthesis|[silent]\n|move|p1b: Arcanine|Flare Blitz|p2a: Amoonguss\n|-supereffective|p2a: Amoonguss\n|-damage|p2a: Amoonguss|0 fnt\n|faint|p2a: Amoonguss\n|-damage|p1b: Arcanine|18\/100|[from] Recoil\n|\n|upkeep\n|\n|t:|1682370051\n|switch|p2b: Arcanine|Arcanine, L50, F|100\/100\n|switch|p2a: Palafin|Palafin-Hero, L50, M|100\/100\n|-activate|p2a: Palafin|ability: Zero to Hero\n|-ability|p2b: Arcanine|Intimidate|boost\n|-unboost|p1a: Flutter Pain|atk|1\n|-unboost|p1b: Arcanine|atk|1\n|turn|3\n|\n|t:|1682370072\n|switch|p1b: Palafin|Palafin-Hero, L50, F|100\/100\n|-activate|p1b: Palafin|ability: Zero to Hero\n|move|p1a: Flutter Pain|Protect|p1a: Flutter Pain\n|-singleturn|p1a: Flutter Pain|Protect\n|move|p2a: Palafin|Jet Punch|p1b: Palafin\n|-resisted|p1b: Palafin\n|-damage|p1b: Palafin|80\/100\n|move|p2b: Arcanine|Will-O-Wisp|p1a: Flutter Pain\n|-activate|p1a: Flutter Pain|move: Protect\n|\n|upkeep\n|turn|4\n|inactive|temerence has 30 seconds left.\n|\n|t:|1682370105\n|switch|p1b: Arcanine|Arcanine, L50, F|18\/100\n|-ability|p1b: Arcanine|Intimidate|boost\n|-unboost|p2a: Palafin|atk|1\n|-unboost|p2b: Arcanine|atk|1\n|move|p2a: Palafin|Protect|p2a: Palafin\n|-singleturn|p2a: Palafin|Protect\n|move|p1a: Flutter Pain|Moonblast|p2a: Palafin\n|-activate|p2a: Palafin|move: Protect\n|move|p2b: Arcanine|Will-O-Wisp|p1b: Arcanine\n|-immune|p1b: Arcanine\n|\n|upkeep\n|turn|5\n|\n|t:|1682370126\n|switch|p1b: Amoonguss|Amoonguss, L50, M|100\/100\n|move|p2b: Arcanine|Extreme Speed|p1a: Flutter Pain\n|-damage|p1a: Flutter Pain|82\/100\n|move|p2a: Palafin|Jet Punch|p1b: Amoonguss\n|-resisted|p1b: Amoonguss\n|-crit|p1b: Amoonguss\n|-damage|p1b: Amoonguss|71\/100\n|move|p1a: Flutter Pain|Moonblast|p2a: Palafin\n|-damage|p2a: Palafin|0 fnt\n|faint|p2a: Palafin\n|\n|upkeep\n|turn|6\n|\n|t:|1682370142\n|move|p2b: Arcanine|Protect|p2b: Arcanine\n|-singleturn|p2b: Arcanine|Protect\n|move|p1b: Amoonguss|Rage Powder|p1b: Amoonguss\n|-singleturn|p1b: Amoonguss|move: Rage Powder\n|move|p1a: Flutter Pain|Shadow Ball|p2b: Arcanine\n|-activate|p2b: Arcanine|move: Protect\n|\n|upkeep\n|turn|7\n|\n|t:|1682370159\n|move|p1a: Flutter Pain|Shadow Ball|p2b: Arcanine\n|-damage|p2b: Arcanine|64\/100\n|move|p2b: Arcanine|Flare Blitz|p1b: Amoonguss\n|-supereffective|p1b: Amoonguss\n|-damage|p1b: Amoonguss|21\/100\n|-enditem|p1b: Amoonguss|Sitrus Berry|[eat]\n|-heal|p1b: Amoonguss|46\/100|[from] item: Sitrus Berry\n|-damage|p2b: Arcanine|45\/100|[from] Recoil\n|move|p1b: Amoonguss|Pollen Puff|p1a: Flutter Pain\n|-heal|p1a: Flutter Pain|100\/100\n|\n|upkeep\n|turn|8\n|\n|t:|1682370177\n|move|p2b: Arcanine|Protect|p2b: Arcanine\n|-singleturn|p2b: Arcanine|Protect\n|move|p1b: Amoonguss|Protect|p1b: Amoonguss\n|-singleturn|p1b: Amoonguss|Protect\n|move|p1a: Flutter Pain|Shadow Ball|p2b: Arcanine\n|-activate|p2b: Arcanine|move: Protect\n|\n|upkeep\n|turn|9\n|\n|t:|1682370186\n|switch|p1b: Arcanine|Arcanine, L50, F|18\/100\n|-ability|p1b: Arcanine|Intimidate|boost\n|-unboost|p2b: Arcanine|atk|1\n|move|p1a: Flutter Pain|Shadow Ball|p2b: Arcanine\n|-damage|p2b: Arcanine|3\/100\n|-unboost|p2b: Arcanine|spd|1\n|move|p2b: Arcanine|Flare Blitz|p1a: Flutter Pain\n|-damage|p1a: Flutter Pain|67\/100\n|-damage|p2b: Arcanine|0 fnt|[from] Recoil\n|faint|p2b: Arcanine\n|\n|win|nowaythis\n|raw|nowaythis's rating: 1135 → 1158<\/strong> (+23 for winning)\n|raw|temerence's rating: 1113 → 1090<\/strong> (-23 for losing)\n","uploadtime":1682370204,"views":16,"p1id":"nowaythis","p2id":"temerence","formatid":"gen9vgc2023regulationc","rating":1090,"private":0,"password":""}