{"id":"gen9vgc2023regulationc-1852263380","p1":"eltimido","p2":"hxtor","format":"[Gen 9] VGC 2023 Regulation C","log":"|j|\u2606eltimido\n|j|\u2606hxtor\n|t:|1682537979\n|gametype|doubles\n|player|p1|eltimido|101|1137\n|player|p2|hxtor|2|1035\n|teamsize|p1|6\n|teamsize|p2|6\n|gen|9\n|tier|[Gen 9] VGC 2023 Regulation C\n|rated|\n|rule|Species Clause: Limit one of each Pok\u00e9mon\n|rule|Item Clause: Limit one of each item\n|clearpoke\n|poke|p1|Indeedee-F, L50, F|\n|poke|p1|Kingambit, L50, M|\n|poke|p1|Torkoal, L50, M|\n|poke|p1|Brute Bonnet, L50|\n|poke|p1|Hatterene, L50, F|\n|poke|p1|Flutter Mane, L50|\n|poke|p2|Indeedee-F, L50, F|\n|poke|p2|Oranguru, L50, F|\n|poke|p2|Brute Bonnet, L50|\n|poke|p2|Iron Bundle, L50|\n|poke|p2|Chi-Yu, L50|\n|poke|p2|Iron Valiant, L50|\n|teampreview|4\n|j| Diegod2\n|c| Diegod2|Racism White people are ugly i am racist black are better white people are my slave\n|l| Diegod2\n|\n|t:|1682538023\n|start\n|switch|p1a: Torkoal|Torkoal, L50, M, shiny|100\/100\n|switch|p1b: Indeedee|Indeedee-F, L50, F, shiny|100\/100\n|switch|p2a: Oranguru|Oranguru, L50, F|100\/100\n|switch|p2b: Brute Bonnet|Brute Bonnet, L50|100\/100\n|-fieldstart|move: Psychic Terrain|[from] ability: Psychic Surge|[of] p1b: Indeedee\n|-weather|SunnyDay|[from] ability: Drought|[of] p1a: Torkoal\n|-activate|p2b: Brute Bonnet|ability: Protosynthesis\n|-start|p2b: Brute Bonnet|protosynthesisatk\n|turn|1\n|inactive|Battle timer is ON: inactive players will automatically lose when time's up. (requested by eltimido)\n|\n|t:|1682538052\n|move|p1b: Indeedee|Follow Me|p1b: Indeedee\n|-singleturn|p1b: Indeedee|move: Follow Me\n|move|p2a: Oranguru|Extrasensory|p1b: Indeedee\n|-resisted|p1b: Indeedee\n|-damage|p1b: Indeedee|84\/100\n|move|p2b: Brute Bonnet|Bullet Seed|p1b: Indeedee\n|-damage|p1b: Indeedee|67\/100\n|-damage|p1b: Indeedee|50\/100\n|-damage|p1b: Indeedee|33\/100\n|-damage|p1b: Indeedee|15\/100\n|-hitcount|p1b: Indeedee|4\n|move|p1a: Torkoal|Eruption|p2b: Brute Bonnet|[spread] p2a,p2b\n|-supereffective|p2b: Brute Bonnet\n|-damage|p2a: Oranguru|40\/100\n|-damage|p2b: Brute Bonnet|0 fnt\n|-enditem|p2a: Oranguru|Sitrus Berry|[eat]\n|-heal|p2a: Oranguru|65\/100|[from] item: Sitrus Berry\n|faint|p2b: Brute Bonnet\n|-end|p2b: Brute Bonnet|Protosynthesis|[silent]\n|\n|-weather|SunnyDay|[upkeep]\n|upkeep\n|\n|t:|1682538074\n|switch|p2b: Iron Valiant|Iron Valiant, L50|100\/100\n|turn|2\n|\n|t:|1682538096\n|switch|p1a: Hatterene|Hatterene, L50, F, shiny|100\/100\n|move|p2b: Iron Valiant|Close Combat|p1b: Indeedee\n|-damage|p1b: Indeedee|0 fnt\n|-unboost|p2b: Iron Valiant|def|1\n|-unboost|p2b: Iron Valiant|spd|1\n|faint|p1b: Indeedee\n|move|p2a: Oranguru|Instruct|p2b: Iron Valiant\n|-singleturn|p2b: Iron Valiant|move: Instruct|[of] p2a: Oranguru\n|move|p2b: Iron Valiant|Close Combat|p1a: Hatterene\n|-resisted|p1a: Hatterene\n|-damage|p1a: Hatterene|84\/100\n|-unboost|p2b: Iron Valiant|def|1\n|-unboost|p2b: Iron Valiant|spd|1\n|\n|-weather|SunnyDay|[upkeep]\n|upkeep\n|\n|t:|1682538111\n|switch|p1b: Kingambit|Kingambit, L50, M, shiny|100\/100\n|turn|3\n|inactive|eltimido has 30 seconds left.\n|\n|t:|1682538138\n|-end|p2b: Iron Valiant|Quark Drive|[silent]\n|switch|p2b: Chi-Yu|Chi-Yu, L50|100\/100\n|-ability|p2b: Chi-Yu|Beads of Ruin\n|-terastallize|p1b: Kingambit|Ground\n|move|p2a: Oranguru|Protect|p2a: Oranguru\n|-singleturn|p2a: Oranguru|Protect\n|move|p1b: Kingambit|Iron Head|p2b: Chi-Yu\n|-resisted|p2b: Chi-Yu\n|-damage|p2b: Chi-Yu|61\/100\n|move|p1a: Hatterene|Trick Room|p1a: Hatterene\n|-fieldstart|move: Trick Room|[of] p1a: Hatterene\n|\n|-weather|SunnyDay|[upkeep]\n|upkeep\n|turn|4\n|inactive|hxtor has 30 seconds left.\n|\n|t:|1682538165\n|move|p1a: Hatterene|Dazzling Gleam|p2a: Oranguru|[spread] p2a,p2b\n|-damage|p2a: Oranguru|17\/100\n|-damage|p2b: Chi-Yu|7\/100\n|-damage|p1a: Hatterene|74\/100|[from] item: Life Orb\n|move|p1b: Kingambit|X-Scissor|p2a: Oranguru\n|-supereffective|p2a: Oranguru\n|-damage|p2a: Oranguru|0 fnt\n|faint|p2a: Oranguru\n|move|p2b: Chi-Yu|Dark Pulse|p1a: Hatterene\n|-damage|p1a: Hatterene|10\/100\n|\n|-weather|SunnyDay|[upkeep]\n|upkeep\n|\n|t:|1682538178\n|switch|p2a: Iron Valiant|Iron Valiant, L50|100\/100\n|turn|5\n|\n|t:|1682538198\n|move|p1a: Hatterene|Dazzling Gleam|p2b: Chi-Yu|[spread] p2a,p2b\n|-supereffective|p2a: Iron Valiant\n|-damage|p2a: Iron Valiant|0 fnt\n|-damage|p2b: Chi-Yu|0 fnt\n|faint|p2a: Iron Valiant\n|-end|p2a: Iron Valiant|Quark Drive|[silent]\n|faint|p2b: Chi-Yu\n|-damage|p1a: Hatterene|0 fnt|[from] item: Life Orb\n|faint|p1a: Hatterene\n|\n|win|eltimido\n|raw|eltimido's rating: 1137 → 1155<\/strong> (+18 for winning)\n|raw|hxtor's rating: 1035 → 1024<\/strong> (-11 for losing)\n|l|\u2606hxtor\n","uploadtime":1682537989,"views":8,"p1id":"eltimido","p2id":"hxtor","formatid":"gen9vgc2023regulationc","rating":1024,"private":0,"password":""}