{"id":"gen9vgc2023regulationc-1861147513","p1":"GobranTester","p2":"D-scNSe","format":"[Gen 9] VGC 2023 Regulation C","log":"|j|\u2606GobranTester\n|j|\u2606D-scNSe\n|t:|1683730736\n|gametype|doubles\n|player|p1|GobranTester|gentleman-gen4dp|1313\n|player|p2|D-scNSe|169|1361\n|teamsize|p1|6\n|teamsize|p2|6\n|gen|9\n|tier|[Gen 9] VGC 2023 Regulation C\n|rated|\n|rule|Species Clause: Limit one of each Pok\u00e9mon\n|rule|Item Clause: Limit one of each item\n|clearpoke\n|poke|p1|Maushold-Four, L50|\n|poke|p1|Hypno, L50, M|\n|poke|p1|Torkoal, L50, M|\n|poke|p1|Iron Hands, L50|\n|poke|p1|Dragonite, L50, M|\n|poke|p1|Flutter Mane, L50|\n|poke|p2|Flutter Mane, L50|\n|poke|p2|Ting-Lu, L50|\n|poke|p2|Maushold-Four, L50|\n|poke|p2|Annihilape, L50, F|\n|poke|p2|Iron Bundle, L50|\n|poke|p2|Arcanine, L50, M|\n|teampreview|4\n|inactive|Battle timer is ON: inactive players will automatically lose when time's up. (requested by GobranTester)\n|\n|t:|1683730756\n|start\n|switch|p1a: Hypno|Hypno, L50, M|100\/100\n|switch|p1b: Flutter Mane|Flutter Mane, L50|100\/100\n|switch|p2a: Annihilape|Annihilape, L50, F|100\/100\n|switch|p2b: Arcanine|Arcanine, L50, M|100\/100\n|-ability|p2b: Arcanine|Intimidate|boost\n|-fail|p1a: Hypno|unboost|Attack|[from] ability: Inner Focus|[of] p1a: Hypno\n|-unboost|p1b: Flutter Mane|atk|1\n|turn|1\n|\n|t:|1683730778\n|-terastallize|p2a: Annihilape|Fire\n|move|p1b: Flutter Mane|Power Gem|p2b: Arcanine\n|-supereffective|p2b: Arcanine\n|-damage|p2b: Arcanine|6\/100\n|-enditem|p2b: Arcanine|Sitrus Berry|[eat]\n|-heal|p2b: Arcanine|30\/100|[from] item: Sitrus Berry\n|move|p2b: Arcanine|Flare Blitz|p1b: Flutter Mane\n|-damage|p1b: Flutter Mane|0 fnt\n|faint|p1b: Flutter Mane\n|-end|p1b: Flutter Mane|Protosynthesis|[silent]\n|-damage|p2b: Arcanine|8\/100|[from] Recoil\n|move|p2a: Annihilape|Bulk Up|p2a: Annihilape\n|-boost|p2a: Annihilape|atk|1\n|-boost|p2a: Annihilape|def|1\n|move|p1a: Hypno|Trick Room|p1a: Hypno\n|-fieldstart|move: Trick Room|[of] p1a: Hypno\n|\n|upkeep\n|\n|t:|1683730791\n|switch|p1b: Torkoal|Torkoal, L50, M|100\/100\n|-weather|SunnyDay|[from] ability: Drought|[of] p1b: Torkoal\n|turn|2\n|\n|t:|1683730805\n|move|p2b: Arcanine|Extreme Speed|p1b: Torkoal\n|-damage|p1b: Torkoal|82\/100\n|move|p1b: Torkoal|Eruption|p2b: Arcanine|[spread] p2a,p2b\n|-resisted|p2a: Annihilape\n|-resisted|p2b: Arcanine\n|-damage|p2a: Annihilape|70\/100\n|-damage|p2b: Arcanine|0 fnt\n|faint|p2b: Arcanine\n|move|p1a: Hypno|Hypnosis|p2a: Annihilape\n|-status|p2a: Annihilape|slp|[from] move: Hypnosis\n|cant|p2a: Annihilape|slp\n|\n|-weather|SunnyDay|[upkeep]\n|-heal|p2a: Annihilape|76\/100 slp|[from] item: Leftovers\n|upkeep\n|\n|t:|1683730817\n|switch|p2b: Iron Bundle|Iron Bundle, L50|100\/100\n|turn|3\n|\n|t:|1683730828\n|move|p2b: Iron Bundle|Protect|p2b: Iron Bundle\n|-singleturn|p2b: Iron Bundle|Protect\n|move|p1b: Torkoal|Eruption|p2a: Annihilape|[spread] p2a\n|-activate|p2b: Iron Bundle|move: Protect\n|-resisted|p2a: Annihilape\n|-damage|p2a: Annihilape|43\/100 slp\n|move|p1a: Hypno|Night Shade|p2b: Iron Bundle\n|-activate|p2b: Iron Bundle|move: Protect\n|-curestatus|p2a: Annihilape|slp|[msg]\n|move|p2a: Annihilape|Rage Fist|p1b: Torkoal\n|-crit|p1b: Torkoal\n|-damage|p1b: Torkoal|0 fnt\n|faint|p1b: Torkoal\n|\n|-weather|SunnyDay|[upkeep]\n|-heal|p2a: Annihilape|49\/100|[from] item: Leftovers\n|upkeep\n|\n|t:|1683730831\n|switch|p1b: Iron Hands|Iron Hands, L50|100\/100\n|turn|4\n|\n|t:|1683730855\n|-end|p2b: Iron Bundle|Quark Drive|[silent]\n|switch|p2b: Flutter Mane|Flutter Mane, L50|100\/100\n|-activate|p2b: Flutter Mane|ability: Protosynthesis\n|-start|p2b: Flutter Mane|protosynthesisspe\n|move|p1b: Iron Hands|Drain Punch|p2a: Annihilape\n|-damage|p2a: Annihilape|19\/100\n|move|p1a: Hypno|Night Shade|p2a: Annihilape\n|-damage|p2a: Annihilape|0 fnt\n|faint|p2a: Annihilape\n|\n|-weather|SunnyDay|[upkeep]\n|upkeep\n|\n|t:|1683730865\n|switch|p2a: Iron Bundle|Iron Bundle, L50|100\/100\n|turn|5\n|\n|t:|1683730876\n|move|p1a: Hypno|Helping Hand|p1b: Iron Hands\n|-singleturn|p1b: Iron Hands|Helping Hand|[of] p1a: Hypno\n|move|p2a: Iron Bundle|Protect|p2a: Iron Bundle\n|-singleturn|p2a: Iron Bundle|Protect\n|move|p2b: Flutter Mane|Protect|p2b: Flutter Mane\n|-singleturn|p2b: Flutter Mane|Protect\n|move|p1b: Iron Hands|Wild Charge|p2b: Flutter Mane\n|-activate|p2b: Flutter Mane|move: Protect\n|\n|-weather|SunnyDay|[upkeep]\n|-fieldend|move: Trick Room\n|upkeep\n|turn|6\n|\n|t:|1683730891\n|-terastallize|p1b: Iron Hands|Fire\n|move|p2b: Flutter Mane|Moonblast|p1b: Iron Hands\n|-resisted|p1b: Iron Hands\n|-damage|p1b: Iron Hands|85\/100\n|move|p2a: Iron Bundle|Freeze-Dry|p1b: Iron Hands\n|-resisted|p1b: Iron Hands\n|-crit|p1b: Iron Hands\n|-damage|p1b: Iron Hands|68\/100\n|move|p1b: Iron Hands|Drain Punch|p2a: Iron Bundle\n|-supereffective|p2a: Iron Bundle\n|-enditem|p2a: Iron Bundle|Focus Sash\n|-damage|p2a: Iron Bundle|1\/100\n|-heal|p1b: Iron Hands|94\/100|[from] drain|[of] p2a: Iron Bundle\n|move|p1a: Hypno|Trick Room|p1a: Hypno\n|-fieldstart|move: Trick Room|[of] p1a: Hypno\n|\n|-weather|none\n|-end|p2b: Flutter Mane|Protosynthesis\n|upkeep\n|-enditem|p2b: Flutter Mane|Booster Energy\n|-activate|p2b: Flutter Mane|ability: Protosynthesis|[fromitem]\n|-start|p2b: Flutter Mane|protosynthesisspe\n|turn|7\n|\n|t:|1683730912\n|move|p1b: Iron Hands|Wild Charge|p2b: Flutter Mane\n|-damage|p2b: Flutter Mane|0 fnt\n|faint|p2b: Flutter Mane\n|-end|p2b: Flutter Mane|Protosynthesis|[silent]\n|-damage|p1b: Iron Hands|80\/100|[from] Recoil\n|move|p1a: Hypno|Night Shade|p2a: Iron Bundle\n|-damage|p2a: Iron Bundle|0 fnt\n|faint|p2a: Iron Bundle\n|-end|p2a: Iron Bundle|Quark Drive|[silent]\n|\n|win|GobranTester\n|raw|GobranTester's rating: 1313 → 1336<\/strong> (+23 for winning)\n|raw|D-scNSe's rating: 1361 → 1338<\/strong> (-23 for losing)\n","uploadtime":1683730921,"views":7,"p1id":"gobrantester","p2id":"dscnse","formatid":"gen9vgc2023regulationc","rating":1336,"private":0,"password":""}