{"id":"gen9vgc2023regulationc-1852633611","p1":"Steakman5","p2":"bb8534","format":"[Gen 9] VGC 2023 Regulation C","log":"|j|\u2606Steakman5\n|j|\u2606bb8534\n|t:|1682588636\n|gametype|doubles\n|player|p1|Steakman5|swimmer-gen4|1197\n|player|p2|bb8534|102|1105\n|teamsize|p1|6\n|teamsize|p2|6\n|gen|9\n|tier|[Gen 9] VGC 2023 Regulation C\n|rated|\n|rule|Species Clause: Limit one of each Pok\u00e9mon\n|rule|Item Clause: Limit one of each item\n|clearpoke\n|poke|p1|Flamigo, L50, F|\n|poke|p1|Meowscarada, L50, M|\n|poke|p1|Tauros-Paldea-Blaze, L50, M|\n|poke|p1|Dondozo, L50, F|\n|poke|p1|Flutter Mane, L50|\n|poke|p1|Tatsugiri-Droopy, L50, F|\n|poke|p2|Chi-Yu, L50|\n|poke|p2|Flutter Mane, L50|\n|poke|p2|Iron Bundle, L50|\n|poke|p2|Dragonite, L50, F|\n|poke|p2|Amoonguss, L50, M|\n|poke|p2|Great Tusk, L50|\n|teampreview|4\n|\n|t:|1682588662\n|start\n|switch|p1a: Flutter Mane|Flutter Mane, L50|100\/100\n|switch|p1b: Tatsugiri|Tatsugiri-Droopy, L50, F|100\/100\n|switch|p2a: Flutter Mane|Flutter Mane, L50|100\/100\n|switch|p2b: Chi-Yu|Chi-Yu, L50|100\/100\n|-ability|p2b: Chi-Yu|Beads of Ruin\n|-enditem|p1a: Flutter Mane|Booster Energy\n|-activate|p1a: Flutter Mane|ability: Protosynthesis|[fromitem]\n|-start|p1a: Flutter Mane|protosynthesisspe\n|-enditem|p2a: Flutter Mane|Booster Energy\n|-activate|p2a: Flutter Mane|ability: Protosynthesis|[fromitem]\n|-start|p2a: Flutter Mane|protosynthesisspa\n|turn|1\n|\n|t:|1682588694\n|move|p2b: Chi-Yu|Protect|p2b: Chi-Yu\n|-singleturn|p2b: Chi-Yu|Protect\n|move|p1b: Tatsugiri|Protect|p1b: Tatsugiri\n|-singleturn|p1b: Tatsugiri|Protect\n|move|p1a: Flutter Mane|Perish Song|p1a: Flutter Mane\n|-start|p1a: Flutter Mane|perish3|[silent]\n|-start|p1b: Tatsugiri|perish3|[silent]\n|-start|p2a: Flutter Mane|perish3|[silent]\n|-start|p2b: Chi-Yu|perish3|[silent]\n|-fieldactivate|move: Perish Song\n|move|p2a: Flutter Mane|Shadow Ball|p1a: Flutter Mane\n|-supereffective|p1a: Flutter Mane\n|-damage|p1a: Flutter Mane|0 fnt\n|faint|p1a: Flutter Mane\n|-end|p1a: Flutter Mane|Protosynthesis|[silent]\n|\n|-start|p2a: Flutter Mane|perish3\n|-start|p2b: Chi-Yu|perish3\n|-start|p1b: Tatsugiri|perish3\n|upkeep\n|\n|t:|1682588709\n|switch|p1a: Dondozo|Dondozo, L50, F|100\/100\n|-activate|p1b: Tatsugiri|ability: Commander|[of] p1a: Dondozo\n|-boost|p1a: Dondozo|atk|2\n|-boost|p1a: Dondozo|spa|2\n|-boost|p1a: Dondozo|spe|2\n|-boost|p1a: Dondozo|def|2\n|-boost|p1a: Dondozo|spd|2\n|turn|2\n|\n|t:|1682588725\n|switch|p2b: Amoonguss|Amoonguss, L50, M|100\/100\n|-terastallize|p1a: Dondozo|Water\n|move|p1a: Dondozo|Surf|p2a: Flutter Mane|[spread] p2a,p2b\n|-miss|p1a: Dondozo|p1b: Tatsugiri\n|-resisted|p2b: Amoonguss\n|-damage|p2a: Flutter Mane|29\/100\n|-damage|p2b: Amoonguss|69\/100\n|-damage|p1a: Dondozo|91\/100|[from] item: Life Orb\n|move|p2a: Flutter Mane|Dazzling Gleam|p1b: Tatsugiri|[spread] p1a\n|-miss|p2a: Flutter Mane|p1b: Tatsugiri\n|-damage|p1a: Dondozo|66\/100\n|\n|-start|p2a: Flutter Mane|perish2\n|-start|p1b: Tatsugiri|perish2\n|upkeep\n|turn|3\n|\n|t:|1682588743\n|move|p2a: Flutter Mane|Protect|p2a: Flutter Mane\n|-singleturn|p2a: Flutter Mane|Protect\n|move|p1a: Dondozo|Surf|p2a: Flutter Mane|[spread] p2b\n|-miss|p1a: Dondozo|p1b: Tatsugiri\n|-activate|p2a: Flutter Mane|move: Protect\n|-resisted|p2b: Amoonguss\n|-damage|p2b: Amoonguss|36\/100\n|-enditem|p2b: Amoonguss|Sitrus Berry|[eat]\n|-heal|p2b: Amoonguss|61\/100|[from] item: Sitrus Berry\n|-damage|p1a: Dondozo|57\/100|[from] item: Life Orb\n|move|p2b: Amoonguss|Spore|p1a: Dondozo\n|-status|p1a: Dondozo|slp|[from] move: Spore\n|\n|-start|p2a: Flutter Mane|perish1\n|-start|p1b: Tatsugiri|perish1\n|upkeep\n|turn|4\n|\n|t:|1682588765\n|-end|p2a: Flutter Mane|Protosynthesis|[silent]\n|switch|p2a: Iron Bundle|Iron Bundle, L50|100\/100\n|cant|p1a: Dondozo|slp\n|move|p1a: Dondozo|Sleep Talk|p1a: Dondozo\n|move|p1a: Dondozo|Wave Crash|p2b: Amoonguss|[from]move: Sleep Talk\n|-resisted|p2b: Amoonguss\n|-damage|p2b: Amoonguss|0 fnt\n|faint|p2b: Amoonguss\n|-damage|p1a: Dondozo|37\/100 slp|[from] Recoil\n|-damage|p1a: Dondozo|27\/100 slp|[from] item: Life Orb\n|\n|-start|p1b: Tatsugiri|perish0\n|upkeep\n|faint|p1b: Tatsugiri\n|\n|t:|1682588778\n|switch|p1b: Flamigo|Flamigo, L50, F|100\/100\n|switch|p2b: Flutter Mane|Flutter Mane, L50|29\/100\n|-copyboost|p1b: Flamigo|p1a: Dondozo|[from] ability: Costar\n|turn|5\n|\n|t:|1682588809\n|-terastallize|p2b: Flutter Mane|Fairy\n|move|p1b: Flamigo|Brave Bird|p2a: Iron Bundle\n|-damage|p2a: Iron Bundle|0 fnt\n|faint|p2a: Iron Bundle\n|-end|p2a: Iron Bundle|Quark Drive|[silent]\n|-damage|p1b: Flamigo|72\/100|[from] Recoil\n|-curestatus|p1a: Dondozo|slp|[msg]\n|move|p1a: Dondozo|Wave Crash|p2b: Flutter Mane\n|-damage|p2b: Flutter Mane|0 fnt\n|faint|p2b: Flutter Mane\n|-end|p2b: Flutter Mane|Protosynthesis|[silent]\n|-damage|p1a: Dondozo|20\/100|[from] Recoil\n|-damage|p1a: Dondozo|11\/100|[from] item: Life Orb\n|\n|upkeep\n|\n|t:|1682588822\n|switch|p2a: Chi-Yu|Chi-Yu, L50|100\/100\n|-ability|p2a: Chi-Yu|Beads of Ruin\n|turn|6\n|\n|t:|1682588829\n|move|p1b: Flamigo|Protect|p1b: Flamigo\n|-singleturn|p1b: Flamigo|Protect\n|move|p1a: Dondozo|Surf|p2a: Chi-Yu|[spread] p2a\n|-activate|p1b: Flamigo|move: Protect\n|-supereffective|p2a: Chi-Yu\n|-enditem|p2a: Chi-Yu|Focus Sash\n|-damage|p2a: Chi-Yu|1\/100\n|-damage|p1a: Dondozo|1\/100|[from] item: Life Orb\n|move|p2a: Chi-Yu|Heat Wave|p1a: Dondozo|[spread] p1a\n|-activate|p1b: Flamigo|move: Protect\n|-resisted|p1a: Dondozo\n|-damage|p1a: Dondozo|0 fnt\n|faint|p1a: Dondozo\n|\n|upkeep\n|turn|7\n|\n|t:|1682588846\n|move|p1b: Flamigo|Brave Bird|p2a: Chi-Yu\n|-damage|p2a: Chi-Yu|0 fnt\n|faint|p2a: Chi-Yu\n|-damage|p1b: Flamigo|72\/100|[from] Recoil\n|\n|win|Steakman5\n|raw|Steakman5's rating: 1197 → 1216<\/strong> (+19 for winning)\n|raw|bb8534's rating: 1105 → 1086<\/strong> (-19 for losing)\n|l|\u2606bb8534\n","uploadtime":1682588854,"views":7,"p1id":"steakman5","p2id":"bb8534","formatid":"gen9vgc2023regulationc","rating":1086,"private":0,"password":""}