{"id":"gen9vgc2023regulationc-1861899288","p1":"Garydosses","p2":"ShuichiAkai77","format":"[Gen 9] VGC 2023 Regulation C","log":"|j|\u2606Garydosses\n|j|\u2606ShuichiAkai77\n|t:|1683819064\n|gametype|doubles\n|player|p1|Garydosses|170|1425\n|player|p2|ShuichiAkai77|1|1424\n|teamsize|p1|6\n|teamsize|p2|6\n|gen|9\n|tier|[Gen 9] VGC 2023 Regulation C\n|rated|\n|rule|Species Clause: Limit one of each Pok\u00e9mon\n|rule|Item Clause: Limit one of each item\n|clearpoke\n|poke|p1|Kingambit, L50, F|\n|poke|p1|Torkoal, L50, M|\n|poke|p1|Flutter Mane, L50|\n|poke|p1|Jumpluff, L50, M|\n|poke|p1|Great Tusk, L50|\n|poke|p1|Chien-Pao, L50|\n|poke|p2|Tatsugiri, L50, M|\n|poke|p2|Dondozo, L50, F|\n|poke|p2|Glimmora, L50, M|\n|poke|p2|Flutter Mane, L50|\n|poke|p2|Chi-Yu, L50|\n|poke|p2|Iron Bundle, L50|\n|teampreview|4\n|inactive|Battle timer is ON: inactive players will automatically lose when time's up. (requested by Garydosses)\n|inactive|Garydosses has 60 seconds left.\n|inactive|ShuichiAkai77 has 60 seconds left.\nShuichiAkai77 has agreed to open team sheets.\n|inactive|Garydosses has 30 seconds left.\n|inactive|ShuichiAkai77 has 30 seconds left.\n|inactive|ShuichiAkai77 has 20 seconds left.\n|inactive|Garydosses has 20 seconds left.\n|inactive|ShuichiAkai77 has 15 seconds left.\n|inactive|Garydosses has 15 seconds left.\n|inactive|ShuichiAkai77 has 10 seconds left.\n|inactive|Garydosses has 10 seconds left.\n|inactive|ShuichiAkai77 has 5 seconds left.\n|\n|t:|1683819155\n|start\n|switch|p1a: Torkoal|Torkoal, L50, M|100\/100\n|switch|p1b: Flutter Mane|Flutter Mane, L50|100\/100\n|switch|p2a: Glimmora|Glimmora, L50, M|100\/100\n|switch|p2b: Iron Bundle|Iron Bundle, L50|100\/100\n|-weather|SunnyDay|[from] ability: Drought|[of] p1a: Torkoal\n|-activate|p1b: Flutter Mane|ability: Protosynthesis\n|-start|p1b: Flutter Mane|protosynthesisspa\n|-enditem|p2b: Iron Bundle|Booster Energy\n|-activate|p2b: Iron Bundle|ability: Quark Drive|[fromitem]\n|-start|p2b: Iron Bundle|quarkdrivespe\n|turn|1\n|\n|t:|1683819174\n|-end|p1b: Flutter Mane|Protosynthesis|[silent]\n|switch|p1b: Kingambit|Kingambit, L50, F|100\/100\n|move|p2b: Iron Bundle|Protect|p2b: Iron Bundle\n|-singleturn|p2b: Iron Bundle|Protect\n|move|p2a: Glimmora|Power Gem|p1a: Torkoal\n|-supereffective|p1a: Torkoal\n|-damage|p1a: Torkoal|7\/100\n|move|p1a: Torkoal|Overheat|p2b: Iron Bundle\n|-activate|p2b: Iron Bundle|move: Protect\n|\n|-weather|SunnyDay|[upkeep]\n|upkeep\n|turn|2\n|inactive|ShuichiAkai77 has 30 seconds left.\n|inactive|ShuichiAkai77 has 20 seconds left.\n|inactive|ShuichiAkai77 has 15 seconds left.\n|inactive|ShuichiAkai77 has 10 seconds left.\n|\n|t:|1683819223\n|move|p1a: Torkoal|Protect|p1a: Torkoal\n|-singleturn|p1a: Torkoal|Protect\n|move|p2b: Iron Bundle|Freeze-Dry|p1b: Kingambit\n|-resisted|p1b: Kingambit\n|-damage|p1b: Kingambit|88\/100\n|move|p2a: Glimmora|Earth Power|p1b: Kingambit\n|-supereffective|p1b: Kingambit\n|-damage|p1b: Kingambit|45\/100\n|move|p1b: Kingambit|Iron Head|p2a: Glimmora\n|-supereffective|p2a: Glimmora\n|-damage|p2a: Glimmora|5\/100\n|-activate|p2a: Glimmora|ability: Toxic Debris\n|-sidestart|p1: Garydosses|move: Toxic Spikes\n|\n|-weather|SunnyDay|[upkeep]\n|upkeep\n|turn|3\n|\n|t:|1683819243\n|switch|p2a: Chi-Yu|Chi-Yu, L50|100\/100\n|-ability|p2a: Chi-Yu|Beads of Ruin\n|move|p1b: Kingambit|Sucker Punch||[still]\n|-fail|p1b: Kingambit\n|move|p2b: Iron Bundle|Freeze-Dry|p1a: Torkoal\n|-resisted|p1a: Torkoal\n|-damage|p1a: Torkoal|0 fnt\n|faint|p1a: Torkoal\n|\n|-weather|SunnyDay|[upkeep]\n|upkeep\n|\n|t:|1683819248\n|switch|p1a: Jumpluff|Jumpluff, L50, M|100\/100\n|turn|4\n|\n|t:|1683819273\n|move|p1b: Kingambit|Sucker Punch|p2a: Chi-Yu\n|-resisted|p2a: Chi-Yu\n|-damage|p2a: Chi-Yu|70\/100\n|move|p1a: Jumpluff|Tailwind|p1a: Jumpluff\n|-sidestart|p1: Garydosses|move: Tailwind\n|move|p2b: Iron Bundle|Freeze-Dry|p1a: Jumpluff\n|-supereffective|p1a: Jumpluff\n|-damage|p1a: Jumpluff|0 fnt\n|faint|p1a: Jumpluff\n|move|p2a: Chi-Yu|Heat Wave|p1b: Kingambit\n|-supereffective|p1b: Kingambit\n|-damage|p1b: Kingambit|0 fnt\n|faint|p1b: Kingambit\n|\n|-weather|SunnyDay|[upkeep]\n|upkeep\n|\n|t:|1683819278\n|switch|p1b: Flutter Mane|Flutter Mane, L50|100\/100\n|-status|p1b: Flutter Mane|psn\n|-activate|p1b: Flutter Mane|ability: Protosynthesis\n|-start|p1b: Flutter Mane|protosynthesisspa\n|turn|5\n|\n|t:|1683819288\n|-terastallize|p1b: Flutter Mane|Fairy\n|move|p1b: Flutter Mane|Dazzling Gleam|p2b: Iron Bundle|[spread] p2a,p2b\n|-damage|p2a: Chi-Yu|0 fnt\n|-damage|p2b: Iron Bundle|0 fnt\n|faint|p2a: Chi-Yu\n|faint|p2b: Iron Bundle\n|-end|p2b: Iron Bundle|Quark Drive|[silent]\n|\n|-weather|none\n|-end|p1b: Flutter Mane|Protosynthesis\n|-damage|p1b: Flutter Mane|88\/100 psn|[from] psn\n|upkeep\n|\n|t:|1683819293\n|switch|p2b: Glimmora|Glimmora, L50, M|5\/100\n|switch|p2a: Flutter Mane|Flutter Mane, L50|100\/100\n|turn|6\n|\n|t:|1683819306\n|-terastallize|p2a: Flutter Mane|Fairy\n|move|p1b: Flutter Mane|Dazzling Gleam|p2a: Flutter Mane|[spread] p2a,p2b\n|-resisted|p2b: Glimmora\n|-damage|p2a: Flutter Mane|46\/100\n|-damage|p2b: Glimmora|0 fnt\n|faint|p2b: Glimmora\n|move|p2a: Flutter Mane|Moonblast|p1b: Flutter Mane\n|-damage|p1b: Flutter Mane|0 fnt\n|faint|p1b: Flutter Mane\n|-end|p1b: Flutter Mane|Protosynthesis|[silent]\n|\n|win|ShuichiAkai77\n|raw|Garydosses's rating: 1425 → 1405<\/strong> (-20 for losing)\n|raw|ShuichiAkai77's rating: 1424 → 1444<\/strong> (+20 for winning)\n|c|\u2606Garydosses|Gg\n|l|\u2606Garydosses\n|c|\u2606ShuichiAkai77|GG\n","uploadtime":1683819322,"views":11,"p1id":"garydosses","p2id":"shuichiakai77","formatid":"gen9vgc2023regulationc","rating":1405,"private":0,"password":""}