{"id":"gen9vgc2023regulationc-1849653119","p1":"ttaizou","p2":"SoggyWaffles35","format":"[Gen 9] VGC 2023 Regulation C","log":"|j|\u2606ttaizou\n|j|\u2606SoggyWaffles35\n|t:|1682226203\n|gametype|doubles\n|player|p1|ttaizou|unknown|1444\n|player|p2|SoggyWaffles35|265|1357\n|teamsize|p1|6\n|teamsize|p2|6\n|gen|9\n|tier|[Gen 9] VGC 2023 Regulation C\n|rated|\n|rule|Species Clause: Limit one of each Pok\u00e9mon\n|rule|Item Clause: Limit one of each item\n|clearpoke\n|poke|p1|Orthworm, L50, F|\n|poke|p1|Garchomp, L50, F|\n|poke|p1|Chien-Pao, L50|\n|poke|p1|Dragonite, L50, F|\n|poke|p1|Flutter Mane, L50|\n|poke|p1|Glimmora, L50, M|\n|poke|p2|Orthworm, L50, F|\n|poke|p2|Ting-Lu, L50|\n|poke|p2|Chien-Pao, L50|\n|poke|p2|Dragonite, L50, F|\n|poke|p2|Gyarados, L50, F|\n|poke|p2|Flutter Mane, L50|\n|teampreview|4\n|inactive|Battle timer is ON: inactive players will automatically lose when time's up. (requested by ttaizou)\nSoggyWaffles35 has agreed to open team sheets.\n|inactive|ttaizou has 60 seconds left.\n|inactive|SoggyWaffles35 has 60 seconds left.\n|inactive|SoggyWaffles35 has 30 seconds left.\n|inactive|SoggyWaffles35 has 20 seconds left.\n|inactive|ttaizou has 30 seconds left.\n|inactive|SoggyWaffles35 has 15 seconds left.\n|inactive|ttaizou has 20 seconds left.\n|inactive|SoggyWaffles35 has 10 seconds left.\n|inactive|SoggyWaffles35 has 5 seconds left.\n|inactive|ttaizou has 15 seconds left.\n|\n|t:|1682226304\n|start\n|switch|p1a: Garchomp|Garchomp, L50, F|100\/100\n|switch|p1b: Glimmora|Glimmora, L50, M|100\/100\n|switch|p2a: Chien-Pao|Chien-Pao, L50|100\/100\n|switch|p2b: Orthworm|Orthworm, L50, F|100\/100\n|-ability|p2a: Chien-Pao|Sword of Ruin\n|turn|1\n|inactive|ttaizou has 30 seconds left.\n|inactive|SoggyWaffles35 has 30 seconds left.\n|inactive|SoggyWaffles35 has 20 seconds left.\n|inactive|SoggyWaffles35 has 15 seconds left.\n|\n|t:|1682226349\n|move|p1a: Garchomp|Rock Slide|p2b: Orthworm|[spread] p2a,p2b\n|-supereffective|p2a: Chien-Pao\n|-resisted|p2b: Orthworm\n|-damage|p2a: Chien-Pao|45\/100\n|-damage|p2b: Orthworm|92\/100\n|move|p2a: Chien-Pao|Ice Spinner|p1a: Garchomp\n|-supereffective|p1a: Garchomp\n|-damage|p1a: Garchomp|0 fnt\n|-damage|p2a: Chien-Pao|33\/100|[from] ability: Rough Skin|[of] p1a: Garchomp\n|faint|p1a: Garchomp\n|move|p1b: Glimmora|Power Gem|p2a: Chien-Pao\n|-supereffective|p2a: Chien-Pao\n|-damage|p2a: Chien-Pao|0 fnt\n|faint|p2a: Chien-Pao\n|move|p2b: Orthworm|Iron Defense|p2b: Orthworm\n|-boost|p2b: Orthworm|def|2\n|\n|upkeep\n|\n|t:|1682226366\n|switch|p2a: Ting-Lu|Ting-Lu, L50|100\/100\n|switch|p1a: Flutter Mane|Flutter Mane, L50|100\/100\n|-ability|p2a: Ting-Lu|Vessel of Ruin\n|-enditem|p1a: Flutter Mane|Booster Energy\n|-activate|p1a: Flutter Mane|ability: Protosynthesis|[fromitem]\n|-start|p1a: Flutter Mane|protosynthesisspa\n|turn|2\n|inactive|ttaizou has 30 seconds left.\n|inactive|SoggyWaffles35 has 30 seconds left.\n|\n|t:|1682226395\n|-terastallize|p1b: Glimmora|Grass\n|move|p1a: Flutter Mane|Shadow Ball|p2b: Orthworm\n|-damage|p2b: Orthworm|42\/100\n|-enditem|p2b: Orthworm|Sitrus Berry|[eat]\n|-heal|p2b: Orthworm|67\/100|[from] item: Sitrus Berry\n|move|p1b: Glimmora|Mortal Spin|p2a: Ting-Lu|[spread] p2a\n|-immune|p2b: Orthworm\n|-resisted|p2a: Ting-Lu\n|-damage|p2a: Ting-Lu|99\/100\n|-status|p2a: Ting-Lu|psn\n|move|p2b: Orthworm|Heavy Slam|p1b: Glimmora\n|-damage|p1b: Glimmora|64\/100\n|-activate|p1b: Glimmora|ability: Toxic Debris\n|-sidestart|p2: SoggyWaffles35|move: Toxic Spikes\n|move|p2a: Ting-Lu|Heavy Slam|p1a: Flutter Mane\n|-supereffective|p1a: Flutter Mane\n|-damage|p1a: Flutter Mane|0 fnt\n|faint|p1a: Flutter Mane\n|-end|p1a: Flutter Mane|Protosynthesis|[silent]\n|\n|-damage|p2a: Ting-Lu|87\/100 psn|[from] psn\n|upkeep\n|\n|t:|1682226411\n|switch|p1a: Chien-Pao|Chien-Pao, L50|100\/100\n|-ability|p1a: Chien-Pao|Sword of Ruin\n|turn|3\n|inactive|ttaizou has 30 seconds left.\n|inactive|SoggyWaffles35 has 30 seconds left.\n|inactive|SoggyWaffles35 has 20 seconds left.\n|inactive|SoggyWaffles35 has 15 seconds left.\n|inactive|ttaizou has 20 seconds left.\n|inactive|SoggyWaffles35 has 10 seconds left.\n|\n|t:|1682226458\n|move|p1a: Chien-Pao|Protect|p1a: Chien-Pao\n|-singleturn|p1a: Chien-Pao|Protect\n|move|p1b: Glimmora|Energy Ball|p2b: Orthworm\n|-resisted|p2b: Orthworm\n|-damage|p2b: Orthworm|48\/100\n|move|p2b: Orthworm|Body Press|p1b: Glimmora\n|-damage|p1b: Glimmora|0 fnt\n|-activate|p1b: Glimmora|ability: Toxic Debris\n|-sidestart|p2: SoggyWaffles35|move: Toxic Spikes\n|faint|p1b: Glimmora\n|move|p2a: Ting-Lu|Heavy Slam|p1a: Chien-Pao\n|-activate|p1a: Chien-Pao|move: Protect\n|\n|-damage|p2a: Ting-Lu|75\/100 psn|[from] psn\n|upkeep\n|turn|4\n|\n|t:|1682226474\n|move|p1a: Chien-Pao|Sacred Sword|p2b: Orthworm\n|-supereffective|p2b: Orthworm\n|-damage|p2b: Orthworm|0 fnt\n|faint|p2b: Orthworm\n|move|p2a: Ting-Lu|Heavy Slam|p1a: Chien-Pao\n|-supereffective|p1a: Chien-Pao\n|-enditem|p1a: Chien-Pao|Focus Sash\n|-damage|p1a: Chien-Pao|1\/100\n|\n|-damage|p2a: Ting-Lu|63\/100 psn|[from] psn\n|upkeep\n|j| coolerdynastic\n|\n|t:|1682226480\n|switch|p2b: Gyarados|Gyarados, L50, F|100\/100\n|-ability|p2b: Gyarados|Intimidate|boost\n|-unboost|p1a: Chien-Pao|atk|1\n|turn|5\n|-message|ttaizou forfeited.\n|\n|win|SoggyWaffles35\n|raw|ttaizou's rating: 1444 → 1419<\/strong> (-25 for losing)\n|raw|SoggyWaffles35's rating: 1357 → 1382<\/strong> (+25 for winning)\n|l|\u2606ttaizou\n|l| coolerdynastic\n","uploadtime":1682226487,"views":18,"p1id":"ttaizou","p2id":"soggywaffles35","formatid":"gen9vgc2023regulationc","rating":1382,"private":0,"password":""}