{"id":"gen9vgc2023regulationc-1851896062","p1":"Hyanryu","p2":"Mehalfling","format":"[Gen 9] VGC 2023 Regulation C","log":"|j|\u2606Hyanryu\n|j|\u2606Mehalfling\n|t:|1682502313\n|gametype|doubles\n|player|p1|Hyanryu|n|1351\n|player|p2|Mehalfling|iris|1397\n|teamsize|p1|6\n|teamsize|p2|6\n|gen|9\n|tier|[Gen 9] VGC 2023 Regulation C\n|rated|\n|rule|Species Clause: Limit one of each Pok\u00e9mon\n|rule|Item Clause: Limit one of each item\n|clearpoke\n|poke|p1|Tyranitar, L50, M|\n|poke|p1|Lycanroc, L50, F|\n|poke|p1|Amoonguss, L50, F|\n|poke|p1|Palafin, L50, F|\n|poke|p1|Ting-Lu, L50|\n|poke|p1|Arcanine, L50, M|\n|poke|p2|Arcanine, L50, M|\n|poke|p2|Abomasnow, L50, F|\n|poke|p2|Iron Bundle, L50|\n|poke|p2|Palafin, L50, M|\n|poke|p2|Iron Hands, L50|\n|poke|p2|Flutter Mane, L50|\n|teampreview|4\n|inactive|Battle timer is ON: inactive players will automatically lose when time's up. (requested by Hyanryu)\n|\n|t:|1682502337\n|start\n|switch|p1a: Thamill|Tyranitar, L50, M, shiny|100\/100\n|switch|p1b: Roxie|Lycanroc, L50, F, shiny|100\/100\n|switch|p2a: Palafin|Palafin, L50, M|100\/100\n|switch|p2b: Iron Bundle|Iron Bundle, L50|100\/100\n|-weather|Sandstorm|[from] ability: Sand Stream|[of] p1a: Thamill\n|-enditem|p2b: Iron Bundle|Booster Energy\n|-activate|p2b: Iron Bundle|ability: Quark Drive|[fromitem]\n|-start|p2b: Iron Bundle|quarkdrivespe\n|turn|1\n|\n|t:|1682502356\n|detailschange|p2a: Palafin|Palafin-Hero, L50, M\n|switch|p2a: Abomasnow|Abomasnow, L50, F|100\/100\n|-weather|Snow|[from] ability: Snow Warning|[of] p2a: Abomasnow\n|switch|p1a: Sus|Amoonguss, L50, F|100\/100\n|move|p2b: Iron Bundle|Aurora Veil|p2b: Iron Bundle\n|-sidestart|p2: Mehalfling|move: Aurora Veil\n|move|p1b: Roxie|Rock Slide|p2a: Abomasnow|[spread] p2a,p2b\n|-supereffective|p2a: Abomasnow\n|-supereffective|p2b: Iron Bundle\n|-damage|p2a: Abomasnow|70\/100\n|-damage|p2b: Iron Bundle|71\/100\n|\n|-weather|Snow|[upkeep]\n|upkeep\n|turn|2\n|inactive|Mehalfling has 30 seconds left.\n|inactive|Mehalfling has 20 seconds left.\n|inactive|Mehalfling has 15 seconds left.\n|inactive|Mehalfling has 10 seconds left.\n|inactive|Mehalfling has 5 seconds left.\n|\n|t:|1682502409\n|-end|p2b: Iron Bundle|Quark Drive|[silent]\n|switch|p2b: Palafin|Palafin-Hero, L50, M|100\/100\n|-activate|p2b: Palafin|ability: Zero to Hero\n|switch|p1a: Thamill|Tyranitar, L50, M, shiny|100\/100\n|-weather|Sandstorm|[from] ability: Sand Stream|[of] p1a: Thamill\n|move|p1b: Roxie|Rock Slide|p2b: Palafin|[spread] p2a,p2b\n|-supereffective|p2a: Abomasnow\n|-damage|p2a: Abomasnow|23\/100\n|-damage|p2b: Palafin|82\/100\n|move|p2a: Abomasnow|Giga Drain|p1b: Roxie\n|-supereffective|p1b: Roxie\n|-damage|p1b: Roxie|12\/100\n|-heal|p2a: Abomasnow|57\/100|[from] drain|[of] p1b: Roxie\n|-damage|p2a: Abomasnow|47\/100|[from] item: Life Orb\n|\n|-weather|Sandstorm|[upkeep]\n|-damage|p2b: Palafin|76\/100|[from] Sandstorm\n|-damage|p2a: Abomasnow|41\/100|[from] Sandstorm\n|upkeep\n|turn|3\n|inactive|Hyanryu has 30 seconds left.\n|inactive|Mehalfling has 30 seconds left.\n|inactive|Mehalfling has 20 seconds left.\n|inactive|Mehalfling has 15 seconds left.\n|inactive|Mehalfling has 10 seconds left.\n|inactive|Mehalfling has 5 seconds left.\n|\n|t:|1682502461\n|switch|p1b: Sus|Amoonguss, L50, F|100\/100\n|switch|p2a: Iron Hands|Iron Hands, L50|100\/100\n|-terastallize|p1a: Thamill|Flying\n|move|p2b: Palafin|Jet Punch|p1b: Sus\n|-resisted|p1b: Sus\n|-damage|p1b: Sus|80\/100\n|move|p1a: Thamill|Rock Slide|p2b: Palafin|[spread] p2a,p2b\n|-resisted|p2a: Iron Hands\n|-damage|p2a: Iron Hands|94\/100\n|-damage|p2b: Palafin|54\/100\n|\n|-weather|Sandstorm|[upkeep]\n|-damage|p2b: Palafin|48\/100|[from] Sandstorm\n|-damage|p1a: Thamill|95\/100|[from] Sandstorm\n|-damage|p2a: Iron Hands|87\/100|[from] Sandstorm\n|-damage|p1b: Sus|74\/100|[from] Sandstorm\n|upkeep\n|turn|4\n|inactive|Mehalfling has 30 seconds left.\n|inactive|Mehalfling has 20 seconds left.\n|inactive|Mehalfling has 15 seconds left.\n|\n|t:|1682502505\n|switch|p1a: ChiYu|Arcanine, L50, M, shiny|100\/100\n|-ability|p1a: ChiYu|Intimidate|boost\n|-unboost|p2a: Iron Hands|atk|1\n|-unboost|p2b: Palafin|atk|1\n|-terastallize|p2b: Palafin|Water\n|move|p2a: Iron Hands|Fake Out|p1b: Sus\n|-damage|p1b: Sus|65\/100\n|move|p2b: Palafin|Wave Crash|p1a: ChiYu\n|-supereffective|p1a: ChiYu\n|-crit|p1a: ChiYu\n|-damage|p1a: ChiYu|0 fnt\n|faint|p1a: ChiYu\n|-damage|p2b: Palafin|16\/100|[from] Recoil\n|cant|p1b: Sus|flinch\n|\n|-weather|Sandstorm|[upkeep]\n|-damage|p2b: Palafin|10\/100|[from] Sandstorm\n|-damage|p2a: Iron Hands|81\/100|[from] Sandstorm\n|-damage|p1b: Sus|59\/100|[from] Sandstorm\n|upkeep\n|\n|t:|1682502525\n|switch|p1a: Roxie|Lycanroc, L50, F, shiny|12\/100\n|turn|5\n|inactive|Mehalfling has 30 seconds left.\n|inactive|Mehalfling has 20 seconds left.\n|inactive|Mehalfling has 15 seconds left.\n|inactive|Mehalfling has 10 seconds left.\n|\n|t:|1682502572\n|move|p1a: Roxie|Protect|p1a: Roxie\n|-singleturn|p1a: Roxie|Protect\n|move|p2b: Palafin|Protect|p2b: Palafin\n|-singleturn|p2b: Palafin|Protect\n|move|p2a: Iron Hands|Wild Charge|p1b: Sus\n|-resisted|p1b: Sus\n|-damage|p1b: Sus|45\/100\n|-enditem|p1b: Sus|Sitrus Berry|[eat]\n|-heal|p1b: Sus|70\/100|[from] item: Sitrus Berry\n|-damage|p2a: Iron Hands|78\/100|[from] Recoil\n|move|p1b: Sus|Spore|p2a: Iron Hands\n|-status|p2a: Iron Hands|slp|[from] move: Spore\n|\n|-weather|Sandstorm|[upkeep]\n|-damage|p2b: Palafin|4\/100|[from] Sandstorm\n|-damage|p2a: Iron Hands|72\/100 slp|[from] Sandstorm\n|-damage|p1b: Sus|64\/100|[from] Sandstorm\n|-sideend|p2: Mehalfling|move: Aurora Veil\n|upkeep\n|turn|6\n|inactive|Hyanryu has 30 seconds left.\n|inactive|Mehalfling has 30 seconds left.\n|inactive|Mehalfling has 20 seconds left.\n|\n|t:|1682502608\n|switch|p2b: Iron Bundle|Iron Bundle, L50|71\/100\n|move|p1b: Sus|Rage Powder|p1b: Sus\n|-singleturn|p1b: Sus|move: Rage Powder\n|move|p1a: Roxie|Endeavor|p2a: Iron Hands\n|-damage|p2a: Iron Hands|7\/100 slp\n|cant|p2a: Iron Hands|slp\n|\n|-weather|none\n|upkeep\n|turn|7\n|inactive|Mehalfling has 30 seconds left.\n|inactive|Mehalfling has 20 seconds left.\n|inactive|Mehalfling has 15 seconds left.\n|inactive|Mehalfling has 10 seconds left.\n|\n|t:|1682502656\n|move|p1a: Roxie|Protect|p1a: Roxie\n|-singleturn|p1a: Roxie|Protect\n|move|p2b: Iron Bundle|Icy Wind|p1b: Sus|[spread] p1b\n|-activate|p1a: Roxie|move: Protect\n|-supereffective|p1b: Sus\n|-damage|p1b: Sus|31\/100\n|-unboost|p1b: Sus|spe|1\n|cant|p2a: Iron Hands|slp\n|move|p1b: Sus|Spore|p2b: Iron Bundle\n|-status|p2b: Iron Bundle|slp|[from] move: Spore\n|\n|upkeep\n|turn|8\n|\n|t:|1682502680\n|switch|p1b: Thamill|Tyranitar, L50, M, shiny, tera:Flying|95\/100\n|-weather|Sandstorm|[from] ability: Sand Stream|[of] p1b: Thamill\n|move|p1a: Roxie|Rock Slide|p2a: Iron Hands|[spread] p2a,p2b\n|-resisted|p2a: Iron Hands\n|-supereffective|p2b: Iron Bundle\n|-damage|p2a: Iron Hands|0 fnt\n|-damage|p2b: Iron Bundle|5\/100 slp\n|faint|p2a: Iron Hands\n|-end|p2a: Iron Hands|Quark Drive|[silent]\n|cant|p2b: Iron Bundle|slp\n|\n|-weather|Sandstorm|[upkeep]\n|-damage|p2b: Iron Bundle|0 fnt|[from] Sandstorm\n|-damage|p1b: Thamill|89\/100|[from] Sandstorm\n|faint|p2b: Iron Bundle\n|-end|p2b: Iron Bundle|Quark Drive|[silent]\n|upkeep\n|\n|t:|1682502692\n|switch|p2b: Palafin|Palafin-Hero, L50, M, tera:Water|4\/100\n|switch|p2a: Abomasnow|Abomasnow, L50, F|41\/100\n|-weather|Snow|[from] ability: Snow Warning|[of] p2a: Abomasnow\n|turn|9\n|inactive|Mehalfling has 30 seconds left.\n|\n|t:|1682502719\n|switch|p1b: Sus|Amoonguss, L50, F|64\/100\n|move|p1a: Roxie|Protect|p1a: Roxie\n|-singleturn|p1a: Roxie|Protect\n|move|p2b: Palafin|Protect|p2b: Palafin\n|-singleturn|p2b: Palafin|Protect\n|move|p2a: Abomasnow|Blizzard|p1a: Roxie|[spread] p1b\n|-activate|p1a: Roxie|move: Protect\n|-supereffective|p1b: Sus\n|-damage|p1b: Sus|0 fnt\n|faint|p1b: Sus\n|-damage|p2a: Abomasnow|31\/100|[from] item: Life Orb\n|\n|-weather|Snow|[upkeep]\n|upkeep\n|\n|t:|1682502735\n|switch|p1b: Thamill|Tyranitar, L50, M, shiny, tera:Flying|89\/100\n|-weather|Sandstorm|[from] ability: Sand Stream|[of] p1b: Thamill\n|turn|10\n|\n|t:|1682502747\n|move|p2b: Palafin|Jet Punch|p1a: Roxie\n|-supereffective|p1a: Roxie\n|-damage|p1a: Roxie|0 fnt\n|faint|p1a: Roxie\n|move|p1b: Thamill|Rock Slide|p2a: Abomasnow|[spread] p2a,p2b\n|-supereffective|p2a: Abomasnow\n|-damage|p2a: Abomasnow|0 fnt\n|-damage|p2b: Palafin|0 fnt\n|faint|p2a: Abomasnow\n|faint|p2b: Palafin\n|\n|win|Hyanryu\n|raw|Hyanryu's rating: 1351 → 1374<\/strong> (+23 for winning)\n|raw|Mehalfling's rating: 1397 → 1374<\/strong> (-23 for losing)\n|l|\u2606Mehalfling\n","uploadtime":1682502762,"views":10,"p1id":"hyanryu","p2id":"mehalfling","formatid":"gen9vgc2023regulationc","rating":1374,"private":0,"password":""}