{"id":"gen9vgc2023regulationc-1852238649","p1":"perferw","p2":"jeffman323","format":"[Gen 9] VGC 2023 Regulation C","log":"|j|\u2606perferw\n|j|\u2606jeffman323\n|t:|1682535651\n|gametype|doubles\n|player|p1|perferw|102|1669\n|player|p2|jeffman323|steven|1670\n|teamsize|p1|6\n|teamsize|p2|6\n|gen|9\n|tier|[Gen 9] VGC 2023 Regulation C\n|rated|\n|rule|Species Clause: Limit one of each Pok\u00e9mon\n|rule|Item Clause: Limit one of each item\n|clearpoke\n|poke|p1|Chien-Pao, L50|\n|poke|p1|Dragapult, L50, F|\n|poke|p1|Talonflame, L50, F|\n|poke|p1|Amoonguss, L50, F|\n|poke|p1|Flutter Mane, L50|\n|poke|p1|Arcanine, L50, M|\n|poke|p2|Hatterene, L50, F|\n|poke|p2|Azumarill, L50, F|\n|poke|p2|Brute Bonnet, L50|\n|poke|p2|Kingambit, L50, F|\n|poke|p2|Iron Hands, L50|\n|poke|p2|Stantler, L50, F|\n|teampreview|4\n|inactive|Battle timer is ON: inactive players will automatically lose when time's up. (requested by perferw)\njeffman323 has agreed to open team sheets.\nperferw has agreed to open team sheets.\n|inactive|perferw has 60 seconds left.\n|inactive|jeffman323 has 60 seconds left.\n|\n|t:|1682535697\n|start\n|switch|p1a: Talonflame|Talonflame, L50, F|100\/100\n|switch|p1b: Amoonguss|Amoonguss, L50, F|100\/100\n|switch|p2a: Iron Hands|Iron Hands, L50|100\/100\n|switch|p2b: Stantler|Stantler, L50, F|100\/100\n|-ability|p2b: Stantler|Intimidate|boost\n|-unboost|p1a: Talonflame|atk|1\n|-unboost|p1b: Amoonguss|atk|1\n|turn|1\n|inactive|jeffman323 has 30 seconds left.\n|\n|t:|1682535729\n|switch|p2b: Kingambit|Kingambit, L50, F|100\/100\n|move|p2a: Iron Hands|Fake Out|p1b: Amoonguss\n|-damage|p1b: Amoonguss|87\/100\n|cant|p1b: Amoonguss|flinch\n|move|p1a: Talonflame|Taunt|p2b: Kingambit\n|-start|p2b: Kingambit|move: Taunt\n|\n|upkeep\n|turn|2\n|inactive|jeffman323 has 30 seconds left.\n|inactive|jeffman323 has 20 seconds left.\n|inactive|jeffman323 has 15 seconds left.\n|inactive|jeffman323 has 10 seconds left.\n|\n|t:|1682535777\n|switch|p2b: Stantler|Stantler, L50, F|100\/100\n|-ability|p2b: Stantler|Intimidate|boost\n|-unboost|p1a: Talonflame|atk|1\n|-unboost|p1b: Amoonguss|atk|1\n|move|p1b: Amoonguss|Rage Powder|p1b: Amoonguss\n|-singleturn|p1b: Amoonguss|move: Rage Powder\n|move|p1a: Talonflame|Will-O-Wisp|p2a: Iron Hands|[miss]\n|-miss|p1a: Talonflame|p2a: Iron Hands\n|move|p2a: Iron Hands|Thunder Punch|p1b: Amoonguss\n|-resisted|p1b: Amoonguss\n|-damage|p1b: Amoonguss|71\/100\n|\n|upkeep\n|turn|3\n|inactive|jeffman323 has 30 seconds left.\n|\n|t:|1682535807\n|switch|p1a: Arcanine|Arcanine, L50, M|100\/100\n|-ability|p1a: Arcanine|Intimidate|boost\n|-unboost|p2a: Iron Hands|atk|1\n|-unboost|p2b: Stantler|atk|1\n|move|p2b: Stantler|Helping Hand|p2a: Iron Hands\n|-singleturn|p2a: Iron Hands|Helping Hand|[of] p2b: Stantler\n|move|p1b: Amoonguss|Spore|p2b: Stantler\n|-status|p2b: Stantler|slp|[from] move: Spore\n|move|p2a: Iron Hands|Thunder Punch|p1a: Arcanine\n|-damage|p1a: Arcanine|47\/100\n|\n|upkeep\n|turn|4\n|inactive|jeffman323 has 30 seconds left.\n|inactive|jeffman323 has 20 seconds left.\n|\n|t:|1682535846\n|switch|p1b: Talonflame|Talonflame, L50, F|100\/100\n|-end|p2a: Iron Hands|Quark Drive|[silent]\n|switch|p2a: Brute Bonnet|Brute Bonnet, L50|100\/100\n|move|p1a: Arcanine|Protect|p1a: Arcanine\n|-singleturn|p1a: Arcanine|Protect\n|cant|p2b: Stantler|slp\n|\n|upkeep\n|turn|5\n|\n|t:|1682535870\n|-terastallize|p2a: Brute Bonnet|Fire\n|move|p1b: Talonflame|Will-O-Wisp|p2a: Brute Bonnet\n|-immune|p2a: Brute Bonnet\n|move|p1a: Arcanine|Howl|p1a: Arcanine|[spread] p1a,p1b\n|-boost|p1a: Arcanine|atk|1\n|-boost|p1b: Talonflame|atk|1\n|move|p2a: Brute Bonnet|Spore|p1b: Talonflame\n|-status|p1b: Talonflame|slp|[from] move: Spore\n|cant|p2b: Stantler|slp\n|\n|upkeep\n|turn|6\n|inactive|jeffman323 has 30 seconds left.\n|\n|t:|1682535900\n|switch|p1b: Amoonguss|Amoonguss, L50, F|100\/100\n|move|p1a: Arcanine|Howl|p1a: Arcanine|[spread] p1a,p1b\n|-boost|p1a: Arcanine|atk|1\n|-boost|p1b: Amoonguss|atk|1\n|move|p2a: Brute Bonnet|Bullet Seed|p1a: Arcanine\n|-resisted|p1a: Arcanine\n|-damage|p1a: Arcanine|39\/100\n|-resisted|p1a: Arcanine\n|-damage|p1a: Arcanine|32\/100\n|-resisted|p1a: Arcanine\n|-damage|p1a: Arcanine|24\/100\n|-resisted|p1a: Arcanine\n|-damage|p1a: Arcanine|16\/100\n|-hitcount|p1a: Arcanine|4\n|cant|p2b: Stantler|slp\n|\n|upkeep\n|turn|7\n|\n|t:|1682535924\n|-end|p2a: Brute Bonnet|Protosynthesis|[silent]\n|switch|p2a: Iron Hands|Iron Hands, L50|100\/100\n|move|p1a: Arcanine|Protect|p1a: Arcanine\n|-singleturn|p1a: Arcanine|Protect\n|-curestatus|p2b: Stantler|slp|[msg]\n|move|p2b: Stantler|Reflect|p2b: Stantler\n|-sidestart|p2: jeffman323|Reflect\n|move|p1b: Amoonguss|Spore|p2a: Iron Hands\n|-status|p2a: Iron Hands|slp|[from] move: Spore\n|\n|upkeep\n|turn|8\n|inactive|jeffman323 has 30 seconds left.\n|\n|t:|1682535955\n|switch|p2b: Brute Bonnet|Brute Bonnet, L50, tera:Fire|100\/100\n|cant|p2a: Iron Hands|slp\n|move|p1a: Arcanine|Howl|p1a: Arcanine|[spread] p1a,p1b\n|-boost|p1a: Arcanine|atk|1\n|-boost|p1b: Amoonguss|atk|1\n|move|p1b: Amoonguss|Pollen Puff|p1a: Arcanine\n|-heal|p1a: Arcanine|66\/100\n|\n|upkeep\n|turn|9\n|\n|t:|1682535971\n|move|p1a: Arcanine|Extreme Speed|p2b: Brute Bonnet\n|-damage|p2b: Brute Bonnet|61\/100\n|move|p2b: Brute Bonnet|Sucker Punch||[still]\n|-fail|p2b: Brute Bonnet\n|move|p1b: Amoonguss|Pollen Puff|p1a: Arcanine\n|-heal|p1a: Arcanine|100\/100\n|cant|p2a: Iron Hands|slp\n|\n|upkeep\n|turn|10\n|\n|t:|1682535986\n|move|p1a: Arcanine|Protect|p1a: Arcanine\n|-singleturn|p1a: Arcanine|Protect\n|move|p2b: Brute Bonnet|Sucker Punch||[still]\n|-fail|p2b: Brute Bonnet\n|move|p1b: Amoonguss|Spore|p2b: Brute Bonnet\n|-status|p2b: Brute Bonnet|slp|[from] move: Spore\n|-curestatus|p2a: Iron Hands|slp|[msg]\n|move|p2a: Iron Hands|Earthquake|p1a: Arcanine|[spread] p2b,p1b\n|-activate|p1a: Arcanine|move: Protect\n|-supereffective|p2b: Brute Bonnet\n|-damage|p2b: Brute Bonnet|24\/100 slp\n|-damage|p1b: Amoonguss|77\/100\n|\n|upkeep\n|turn|11\n|\n|t:|1682536004\n|-terastallize|p1a: Arcanine|Water\n|cant|p2b: Brute Bonnet|slp\n|move|p1a: Arcanine|Flare Blitz|p2a: Iron Hands\n|-damage|p2a: Iron Hands|30\/100\n|-damage|p1a: Arcanine|70\/100|[from] Recoil\n|move|p1b: Amoonguss|Pollen Puff|p1a: Arcanine\n|-heal|p1a: Arcanine|100\/100\n|move|p2a: Iron Hands|Earthquake|p1b: Amoonguss|[spread] p2b,p1a,p1b\n|-supereffective|p2b: Brute Bonnet\n|-damage|p2b: Brute Bonnet|0 fnt\n|-damage|p1a: Arcanine|65\/100\n|-damage|p1b: Amoonguss|52\/100\n|faint|p2b: Brute Bonnet\n|-end|p2b: Brute Bonnet|Protosynthesis|[silent]\n|\n|-sideend|p2: jeffman323|Reflect\n|upkeep\n|\n|t:|1682536018\n|switch|p2b: Kingambit|Kingambit, L50, F|100\/100\n|turn|12\n|inactive|jeffman323 has 30 seconds left.\n|\n|t:|1682536043\n|switch|p2b: Stantler|Stantler, L50, F|100\/100\n|-ability|p2b: Stantler|Intimidate|boost\n|-unboost|p1a: Arcanine|atk|1\n|-unboost|p1b: Amoonguss|atk|1\n|move|p1a: Arcanine|Extreme Speed|p2a: Iron Hands\n|-crit|p2a: Iron Hands\n|-damage|p2a: Iron Hands|0 fnt\n|faint|p2a: Iron Hands\n|-end|p2a: Iron Hands|Quark Drive|[silent]\n|move|p1b: Amoonguss|Rage Powder|p1b: Amoonguss\n|-singleturn|p1b: Amoonguss|move: Rage Powder\n|\n|upkeep\n|\n|t:|1682536051\n|switch|p2a: Kingambit|Kingambit, L50, F|100\/100\n|turn|13\n|\n|t:|1682536062\n|move|p2b: Stantler|Helping Hand|p2a: Kingambit\n|-singleturn|p2a: Kingambit|Helping Hand|[of] p2b: Stantler\n|move|p1b: Amoonguss|Rage Powder|p1b: Amoonguss\n|-singleturn|p1b: Amoonguss|move: Rage Powder\n|move|p1a: Arcanine|Flare Blitz|p2a: Kingambit\n|-supereffective|p2a: Kingambit\n|-damage|p2a: Kingambit|0 fnt\n|faint|p2a: Kingambit\n|-damage|p1a: Arcanine|31\/100|[from] Recoil\n|\n|upkeep\n|turn|14\n|-message|jeffman323 forfeited.\n|\n|win|perferw\n|raw|perferw's rating: 1669 → 1689<\/strong> (+20 for winning)\n|raw|jeffman323's rating: 1670 → 1650<\/strong> (-20 for losing)\n|l|\u2606jeffman323\n","uploadtime":1682536072,"views":11,"p1id":"perferw","p2id":"jeffman323","formatid":"gen9vgc2023regulationc","rating":1650,"private":0,"password":""}