{"id":"gen9vgc2023regulationc-1845425688","p1":"Mitsunaga","p2":"tubulo8","format":"[Gen 9] VGC 2023 Regulation C","log":"|j|\u2606Mitsunaga\n|j|\u2606tubulo8\n|t:|1681731672\n|gametype|doubles\n|player|p1|Mitsunaga|caitlin|1102\n|player|p2|tubulo8|schoolkid-gen4dp|1000\n|teamsize|p1|6\n|teamsize|p2|6\n|gen|9\n|tier|[Gen 9] VGC 2023 Regulation C\n|rated|\n|rule|Species Clause: Limit one of each Pok\u00e9mon\n|rule|Item Clause: Limit one of each item\n|clearpoke\n|poke|p1|Annihilape, L50, F|\n|poke|p1|Sandy Shocks, L50|\n|poke|p1|Flutter Mane, L50|\n|poke|p1|Armarouge, L50, M|\n|poke|p1|Indeedee-F, L50, F|\n|poke|p1|Talonflame, L50, M|\n|poke|p2|Hydreigon, L50, M|\n|poke|p2|Golduck, L50, M|\n|poke|p2|Scizor, L50, F|\n|poke|p2|Arcanine, L50, M|\n|poke|p2|Electrode, L50|\n|poke|p2|Persian, L50, F|\n|teampreview|4\n|\n|t:|1681731720\n|start\n|switch|p1a: Sandy Shocks|Sandy Shocks, L50|100\/100\n|switch|p1b: Armarouge|Armarouge, L50, M|100\/100\n|switch|p2a: Hydreigon|Hydreigon, L50, M|100\/100\n|switch|p2b: Persian|Persian, L50, F|100\/100\n|-enditem|p1a: Sandy Shocks|Booster Energy\n|-activate|p1a: Sandy Shocks|ability: Protosynthesis|[fromitem]\n|-start|p1a: Sandy Shocks|protosynthesisspe\n|turn|1\n|inactive|Battle timer is ON: inactive players will automatically lose when time's up. (requested by tubulo8)\n|\n|t:|1681731744\n|move|p1a: Sandy Shocks|Protect|p1a: Sandy Shocks\n|-singleturn|p1a: Sandy Shocks|Protect\n|move|p1b: Armarouge|Protect|p1b: Armarouge\n|-singleturn|p1b: Armarouge|Protect\n|move|p2b: Persian|Fake Out|p1b: Armarouge\n|-activate|p1b: Armarouge|move: Protect\n|move|p2a: Hydreigon|Tailwind|p2a: Hydreigon\n|-sidestart|p2: tubulo8|move: Tailwind\n|\n|upkeep\n|turn|2\n|inactive|Mitsunaga has 30 seconds left.\n|inactive|Mitsunaga has 20 seconds left.\n|\n|t:|1681731782\n|switch|p1b: Talonflame|Talonflame, L50, M|100\/100\n|move|p2b: Persian|Bite|p1b: Talonflame\n|-damage|p1b: Talonflame|62\/100\n|move|p2a: Hydreigon|Thunder Wave|p1b: Talonflame\n|-status|p1b: Talonflame|par\n|move|p1a: Sandy Shocks|Earth Power|p2b: Persian\n|-damage|p2b: Persian|20\/100\n|\n|upkeep\n|turn|3\n|inactive|Mitsunaga has 30 seconds left.\n|inactive|tubulo8 has 30 seconds left.\n|\n|t:|1681731814\n|move|p2b: Persian|Bite|p1b: Talonflame\n|-damage|p1b: Talonflame|27\/100 par\n|move|p2a: Hydreigon|Snarl|p1b: Talonflame|[spread] p1a,p1b\n|-damage|p1a: Sandy Shocks|79\/100\n|-damage|p1b: Talonflame|1\/100 par\n|-unboost|p1a: Sandy Shocks|spa|1\n|-unboost|p1b: Talonflame|spa|1\n|move|p1a: Sandy Shocks|Earthquake|p2b: Persian|[spread] p2b\n|-immune|p1b: Talonflame\n|-immune|p2a: Hydreigon|[from] ability: Levitate\n|-damage|p2b: Persian|0 fnt\n|faint|p2b: Persian\n|move|p1b: Talonflame|Tailwind|p1b: Talonflame\n|-sidestart|p1: Mitsunaga|move: Tailwind\n|\n|upkeep\n|\n|t:|1681731831\n|switch|p2b: Arcanine|Arcanine, L50, M|100\/100\n|-ability|p2b: Arcanine|Intimidate|boost\n|-unboost|p1a: Sandy Shocks|atk|1\n|-unboost|p1b: Talonflame|atk|1\n|turn|4\n|\n|t:|1681731845\n|-terastallize|p2b: Arcanine|Normal\n|move|p1b: Talonflame|Quick Guard|p1b: Talonflame\n|-singleturn|p1b: Talonflame|Quick Guard\n|move|p2b: Arcanine|Extreme Speed|p1b: Talonflame\n|-activate|p1b: Talonflame|move: Quick Guard\n|move|p1a: Sandy Shocks|Earth Power|p2b: Arcanine\n|-damage|p2b: Arcanine|68\/100\n|move|p2a: Hydreigon|Snarl|p1a: Sandy Shocks|[spread] p1a,p1b\n|-damage|p1a: Sandy Shocks|59\/100\n|-damage|p1b: Talonflame|0 fnt\n|-unboost|p1a: Sandy Shocks|spa|1\n|faint|p1b: Talonflame\n|\n|-sideend|p2: tubulo8|move: Tailwind\n|upkeep\n|\n|t:|1681731859\n|switch|p1b: Armarouge|Armarouge, L50, M|100\/100\n|turn|5\n|\n|t:|1681731877\n|move|p1a: Sandy Shocks|Earthquake|p2a: Hydreigon|[spread] p1b,p2b\n|-immune|p2a: Hydreigon|[from] ability: Levitate\n|-supereffective|p1b: Armarouge\n|-damage|p1b: Armarouge|71\/100\n|-damage|p2b: Arcanine|53\/100\n|-ability|p1b: Armarouge|Weak Armor|boost\n|-unboost|p1b: Armarouge|def|1\n|-boost|p1b: Armarouge|spe|2\n|-enditem|p1b: Armarouge|Weakness Policy\n|-boost|p1b: Armarouge|atk|2|[from] item: Weakness Policy\n|-boost|p1b: Armarouge|spa|2|[from] item: Weakness Policy\n|move|p1b: Armarouge|Aura Sphere|p2a: Hydreigon\n|-supereffective|p2a: Hydreigon\n|-damage|p2a: Hydreigon|0 fnt\n|faint|p2a: Hydreigon\n|move|p2b: Arcanine|Bulldoze|p1a: Sandy Shocks|[spread] p1a,p1b\n|-supereffective|p1a: Sandy Shocks\n|-supereffective|p1b: Armarouge\n|-damage|p1a: Sandy Shocks|24\/100\n|-damage|p1b: Armarouge|20\/100\n|-unboost|p1a: Sandy Shocks|spe|1\n|-unboost|p1b: Armarouge|spe|1\n|-ability|p1b: Armarouge|Weak Armor|boost\n|-unboost|p1b: Armarouge|def|1\n|-boost|p1b: Armarouge|spe|2\n|\n|upkeep\n|\n|t:|1681731894\n|switch|p2a: Golduck|Golduck, L50, M, shiny|100\/100\n|-ability|p2a: Golduck|Cloud Nine\n|turn|6\n|\n|t:|1681731910\n|-end|p1a: Sandy Shocks|Protosynthesis|[silent]\n|switch|p1a: Indeedee|Indeedee-F, L50, F|100\/100\n|-fieldstart|move: Psychic Terrain|[from] ability: Psychic Surge|[of] p1a: Indeedee\n|-enditem|p1a: Indeedee|Psychic Seed\n|-boost|p1a: Indeedee|spd|1|[from] item: Psychic Seed\n|move|p2b: Arcanine|Extreme Speed|p1b: Armarouge\n|-activate|p1b: Armarouge|move: Psychic Terrain\n|move|p1b: Armarouge|Expanding Force|p2a: Golduck|[spread] p2a,p2b\n|-damage|p2a: Golduck|0 fnt\n|-damage|p2b: Arcanine|0 fnt\n|faint|p2a: Golduck\n|faint|p2b: Arcanine\n|\n|win|Mitsunaga\n|raw|Mitsunaga's rating: 1102 → 1120<\/strong> (+18 for winning)\n|raw|tubulo8's rating: 1000 → 1000<\/strong> (+0 for losing)\n","uploadtime":1681731917,"views":10,"p1id":"mitsunaga","p2id":"tubulo8","formatid":"gen9vgc2023regulationc","rating":1000,"private":0,"password":""}