{"id":"gen9vgc2023regulationc-1857027039","p1":"NicoHaxVGC","p2":"Wadata12","format":"[Gen 9] VGC 2023 Regulation C","log":"|j|\u2606NicoHaxVGC\n|j|\u2606Wadata12\n|t:|1683138249\n|gametype|doubles\n|player|p1|NicoHaxVGC|red|1284\n|player|p2|Wadata12|266|1236\n|teamsize|p1|6\n|teamsize|p2|6\n|gen|9\n|tier|[Gen 9] VGC 2023 Regulation C\n|rated|\n|rule|Species Clause: Limit one of each Pok\u00e9mon\n|rule|Item Clause: Limit one of each item\n|clearpoke\n|poke|p1|Corviknight, L50, F|\n|poke|p1|Ting-Lu, L50|\n|poke|p1|Annihilape, L50, M|\n|poke|p1|Maushold, L50|\n|poke|p1|Iron Bundle, L50|\n|poke|p1|Flutter Mane, L50|\n|poke|p2|Scream Tail, L50|\n|poke|p2|Chi-Yu, L50|\n|poke|p2|Flutter Mane, L50|\n|poke|p2|Gastrodon-East, L50, F|\n|poke|p2|Glimmora, L50, F|\n|poke|p2|Farigiraf, L50, M|\n|teampreview|4\n|inactive|Battle timer is ON: inactive players will automatically lose when time's up. (requested by NicoHaxVGC)\n|inactive|NicoHaxVGC has 60 seconds left.\n|\n|t:|1683138282\n|start\n|switch|p1a: Cyborg|Iron Bundle, L50|100\/100\n|switch|p1b: Star fire|Flutter Mane, L50|100\/100\n|switch|p2a: Scream Tail|Scream Tail, L50|100\/100\n|switch|p2b: Chi-Yu|Chi-Yu, L50|100\/100\n|-ability|p2b: Chi-Yu|Beads of Ruin\n|-enditem|p1a: Cyborg|Booster Energy\n|-activate|p1a: Cyborg|ability: Quark Drive|[fromitem]\n|-start|p1a: Cyborg|quarkdrivespe\n|-enditem|p2a: Scream Tail|Booster Energy\n|-activate|p2a: Scream Tail|ability: Protosynthesis|[fromitem]\n|-start|p2a: Scream Tail|protosynthesisspe\n|turn|1\n|inactive|Wadata12 has 30 seconds left.\n|inactive|Wadata12 has 20 seconds left.\n|\n|t:|1683138319\n|-terastallize|p1b: Star fire|Fairy\n|move|p1a: Cyborg|Icy Wind|p2b: Chi-Yu|[spread] p2b\n|-miss|p1a: Cyborg|p2a: Scream Tail\n|-resisted|p2b: Chi-Yu\n|-damage|p2b: Chi-Yu|90\/100\n|-unboost|p2b: Chi-Yu|spe|1\n|move|p2a: Scream Tail|Fake Tears|p1a: Cyborg\n|-unboost|p1a: Cyborg|spd|2\n|move|p1b: Star fire|Dazzling Gleam|p2b: Chi-Yu|[spread] p2a,p2b\n|-damage|p2a: Scream Tail|42\/100\n|-damage|p2b: Chi-Yu|27\/100\n|move|p2b: Chi-Yu|Heat Wave|p1a: Cyborg|[spread] p1a,p1b\n|-damage|p1a: Cyborg|0 fnt\n|-damage|p1b: Star fire|55\/100\n|-status|p1b: Star fire|brn\n|faint|p1a: Cyborg\n|-end|p1a: Cyborg|Quark Drive|[silent]\n|\n|-damage|p1b: Star fire|50\/100 brn|[from] brn\n|upkeep\n|\n|t:|1683138341\n|switch|p1a: Raven|Corviknight, L50, F|100\/100\n|turn|2\n|\n|t:|1683138357\n|switch|p2b: Glimmora|Glimmora, L50, F, shiny|100\/100\n|move|p2a: Scream Tail|Thunder Wave||[still]\n|-fail|p2a: Scream Tail\n|move|p1b: Star fire|Dazzling Gleam|p2b: Glimmora|[spread] p2a,p2b\n|-resisted|p2b: Glimmora\n|-damage|p2a: Scream Tail|0 fnt\n|-damage|p2b: Glimmora|77\/100\n|faint|p2a: Scream Tail\n|-end|p2a: Scream Tail|Protosynthesis|[silent]\n|move|p1a: Raven|Iron Head|p2b: Glimmora\n|-supereffective|p2b: Glimmora\n|-damage|p2b: Glimmora|24\/100\n|-activate|p2b: Glimmora|ability: Toxic Debris\n|-sidestart|p1: NicoHaxVGC|move: Toxic Spikes\n|\n|-damage|p1b: Star fire|44\/100 brn|[from] brn\n|upkeep\n|\n|t:|1683138363\n|switch|p2a: Chi-Yu|Chi-Yu, L50|27\/100\n|-ability|p2a: Chi-Yu|Beads of Ruin\n|turn|3\n|inactive|NicoHaxVGC has 30 seconds left.\n|inactive|NicoHaxVGC has 20 seconds left.\n|inactive|NicoHaxVGC has 15 seconds left.\n|\n|t:|1683138407\n|move|p2a: Chi-Yu|Heat Wave|p1b: Star fire|[spread] p1a,p1b\n|-supereffective|p1a: Raven\n|-damage|p1a: Raven|1\/100\n|-damage|p1b: Star fire|0 fnt\n|faint|p1b: Star fire\n|-end|p1b: Star fire|Protosynthesis|[silent]\n|move|p2b: Glimmora|Power Gem|p1a: Raven\n|-damage|p1a: Raven|0 fnt\n|faint|p1a: Raven\n|\n|upkeep\n|\n|t:|1683138414\n|switch|p1b: Beast boy|Ting-Lu, L50|100\/100\n|-status|p1b: Beast boy|psn\n|-ability|p1b: Beast boy|Vessel of Ruin\n|turn|4\n|\n|t:|1683138424\n|move|p2a: Chi-Yu|Heat Wave|p1b: Beast boy\n|-damage|p1b: Beast boy|71\/100 psn\n|move|p2b: Glimmora|Energy Ball|p1b: Beast boy\n|-supereffective|p1b: Beast boy\n|-damage|p1b: Beast boy|39\/100 psn\n|move|p1b: Beast boy|Rock Slide|p2b: Glimmora|[spread] p2a,p2b\n|-supereffective|p2a: Chi-Yu\n|-damage|p2a: Chi-Yu|0 fnt\n|-damage|p2b: Glimmora|8\/100\n|-activate|p2b: Glimmora|ability: Toxic Debris\n|-sidestart|p1: NicoHaxVGC|move: Toxic Spikes\n|faint|p2a: Chi-Yu\n|\n|-damage|p1b: Beast boy|27\/100 psn|[from] psn\n|upkeep\n|\n|t:|1683138434\n|switch|p2a: Flutter Mane|Flutter Mane, L50|100\/100\n|turn|5\n|\n|t:|1683138439\n|-terastallize|p2a: Flutter Mane|Fairy\n|move|p2a: Flutter Mane|Moonblast|p1b: Beast boy\n|-supereffective|p1b: Beast boy\n|-damage|p1b: Beast boy|0 fnt\n|faint|p1b: Beast boy\n|\n|win|Wadata12\n|raw|NicoHaxVGC's rating: 1284 → 1256<\/strong> (-28 for losing)\n|raw|Wadata12's rating: 1236 → 1264<\/strong> (+28 for winning)\n","uploadtime":1683138463,"views":19,"p1id":"nicohaxvgc","p2id":"wadata12","formatid":"gen9vgc2023regulationc","rating":1256,"private":0,"password":""}