{"id":"gen9vgc2023regulationc-1852177376","p1":"jeffman323","p2":"DDyarados29","format":"[Gen 9] VGC 2023 Regulation C","log":"|j|\u2606jeffman323\n|j|\u2606DDyarados29\n|t:|1682530509\n|gametype|doubles\n|player|p1|jeffman323|steven|1595\n|player|p2|DDyarados29|wallace|1558\n|teamsize|p1|6\n|teamsize|p2|6\n|gen|9\n|tier|[Gen 9] VGC 2023 Regulation C\n|rated|\n|rule|Species Clause: Limit one of each Pok\u00e9mon\n|rule|Item Clause: Limit one of each item\n|clearpoke\n|poke|p1|Hatterene, L50, F|\n|poke|p1|Azumarill, L50, M|\n|poke|p1|Brute Bonnet, L50|\n|poke|p1|Kingambit, L50, F|\n|poke|p1|Iron Hands, L50|\n|poke|p1|Stantler, L50, F|\n|poke|p2|Corviknight, L50, F|\n|poke|p2|Glimmora, L50, M|\n|poke|p2|Gholdengo, L50|\n|poke|p2|Wo-Chien, L50|\n|poke|p2|Iron Bundle, L50|\n|poke|p2|Ting-Lu, L50|\n|teampreview|4\njeffman323 has agreed to open team sheets.\nDDyarados29 has agreed to open team sheets.\n|c|\u2606DDyarados29|omg\n|c|\u2606DDyarados29|stantler\n|c|\u2606DDyarados29|eviolite\n|c|\u2606DDyarados29|i love you\n|c|\u2606DDyarados29|anyways gl hf\n|inactive|Battle timer is ON: inactive players will automatically lose when time's up. (requested by DDyarados29)\n|inactive|DDyarados29 has 60 seconds left.\n|inactive|DDyarados29 has 30 seconds left.\n|inactive|DDyarados29 has 20 seconds left.\n|\n|t:|1682530631\n|start\n|switch|p1a: Iron Hands|Iron Hands, L50|100\/100\n|switch|p1b: Hatterene|Hatterene, L50, F|100\/100\n|switch|p2a: Chauncey|Glimmora, L50, M|100\/100\n|switch|p2b: Ting-Luigi|Ting-Lu, L50|100\/100\n|-ability|p2b: Ting-Luigi|Vessel of Ruin\n|turn|1\n|inactive|DDyarados29 has 30 seconds left.\n|\n|t:|1682530662\n|switch|p2b: Corvo Coffee|Corviknight, L50, F|100\/100\n|move|p1a: Iron Hands|Fake Out|p2b: Corvo Coffee\n|-resisted|p2b: Corvo Coffee\n|-damage|p2b: Corvo Coffee|96\/100\n|-damage|p1a: Iron Hands|84\/100|[from] item: Rocky Helmet|[of] p2b: Corvo Coffee\n|move|p2a: Chauncey|Mortal Spin|p1a: Iron Hands|[spread] p1a,p1b\n|-supereffective|p1b: Hatterene\n|-damage|p1a: Iron Hands|81\/100\n|-damage|p1b: Hatterene|90\/100\n|-status|p1a: Iron Hands|psn\n|-status|p1b: Hatterene|psn\n|move|p1b: Hatterene|Trick Room|p1b: Hatterene\n|-fieldstart|move: Trick Room|[of] p1b: Hatterene\n|\n|-damage|p1b: Hatterene|77\/100 psn|[from] psn\n|-damage|p1a: Iron Hands|69\/100 psn|[from] psn\n|upkeep\n|turn|2\n|inactive|jeffman323 has 30 seconds left.\n|inactive|DDyarados29 has 30 seconds left.\n|inactive|DDyarados29 has 20 seconds left.\n|\n|t:|1682530698\n|move|p1b: Hatterene|Psychic|p2a: Chauncey\n|-supereffective|p2a: Chauncey\n|-damage|p2a: Chauncey|32\/100\n|move|p1a: Iron Hands|Thunder Punch|p2b: Corvo Coffee\n|-supereffective|p2b: Corvo Coffee\n|-damage|p2b: Corvo Coffee|35\/100\n|-damage|p1a: Iron Hands|53\/100 psn|[from] item: Rocky Helmet|[of] p2b: Corvo Coffee\n|move|p2b: Corvo Coffee|Roost|p2b: Corvo Coffee\n|-heal|p2b: Corvo Coffee|85\/100\n|-singleturn|p2b: Corvo Coffee|move: Roost\n|move|p2a: Chauncey|Earth Power|p1a: Iron Hands\n|-supereffective|p1a: Iron Hands\n|-damage|p1a: Iron Hands|19\/100 psn\n|\n|-damage|p1b: Hatterene|65\/100 psn|[from] psn\n|-damage|p1a: Iron Hands|7\/100 psn|[from] psn\n|upkeep\n|turn|3\n|inactive|jeffman323 has 30 seconds left.\n|inactive|DDyarados29 has 30 seconds left.\n|j| Withoutexcuse\n|inactive|jeffman323 has 20 seconds left.\n|\n|t:|1682530737\n|switch|p2a: Ting-Luigi|Ting-Lu, L50|100\/100\n|-ability|p2a: Ting-Luigi|Vessel of Ruin\n|move|p1b: Hatterene|Dazzling Gleam|p2a: Ting-Luigi|[spread] p2a,p2b\n|-supereffective|p2a: Ting-Luigi\n|-resisted|p2b: Corvo Coffee\n|-damage|p2a: Ting-Luigi|63\/100\n|-damage|p2b: Corvo Coffee|73\/100\n|move|p1a: Iron Hands|Thunder Punch|p2b: Corvo Coffee\n|-supereffective|p2b: Corvo Coffee\n|-damage|p2b: Corvo Coffee|21\/100\n|-damage|p1a: Iron Hands|0 fnt|[from] item: Rocky Helmet|[of] p2b: Corvo Coffee\n|faint|p1a: Iron Hands\n|-end|p1a: Iron Hands|Quark Drive|[silent]\n|move|p2b: Corvo Coffee|Roost|p2b: Corvo Coffee\n|-heal|p2b: Corvo Coffee|72\/100\n|-singleturn|p2b: Corvo Coffee|move: Roost\n|\n|-damage|p1b: Hatterene|53\/100 psn|[from] psn\n|upkeep\n|\n|t:|1682530755\n|switch|p1a: Brute Bonnet|Brute Bonnet, L50|100\/100\n|turn|4\n|inactive|DDyarados29 has 30 seconds left.\n|\n|t:|1682530784\n|move|p1b: Hatterene|Protect|p1b: Hatterene\n|-singleturn|p1b: Hatterene|Protect\n|move|p2a: Ting-Luigi|Protect|p2a: Ting-Luigi\n|-singleturn|p2a: Ting-Luigi|Protect\n|move|p1a: Brute Bonnet|Spore|p2b: Corvo Coffee\n|-status|p2b: Corvo Coffee|slp|[from] move: Spore\n|cant|p2b: Corvo Coffee|slp\n|\n|-damage|p1b: Hatterene|41\/100 psn|[from] psn\n|upkeep\n|turn|5\n|j| Conquistatore\n|l| Conquistatore\n|inactive|DDyarados29 has 30 seconds left.\n|\n|t:|1682530814\n|move|p1b: Hatterene|Dazzling Gleam|p2a: Ting-Luigi|[spread] p2a,p2b\n|-supereffective|p2a: Ting-Luigi\n|-resisted|p2b: Corvo Coffee\n|-damage|p2a: Ting-Luigi|31\/100\n|-damage|p2b: Corvo Coffee|58\/100 slp\n|move|p1a: Brute Bonnet|Bullet Seed|p2a: Ting-Luigi\n|-supereffective|p2a: Ting-Luigi\n|-damage|p2a: Ting-Luigi|12\/100\n|-supereffective|p2a: Ting-Luigi\n|-damage|p2a: Ting-Luigi|0 fnt\n|faint|p2a: Ting-Luigi\n|-hitcount|p2: Ting-Luigi|2\n|-curestatus|p2b: Corvo Coffee|slp|[msg]\n|move|p2b: Corvo Coffee|Tailwind|p2b: Corvo Coffee\n|-sidestart|p2: DDyarados29|move: Tailwind\n|\n|-damage|p1b: Hatterene|29\/100 psn|[from] psn\n|-fieldend|move: Trick Room\n|upkeep\n|\n|t:|1682530821\n|switch|p2a: ugh|Gholdengo, L50|100\/100\n|turn|6\n|inactive|jeffman323 has 30 seconds left.\n|inactive|DDyarados29 has 30 seconds left.\n|inactive|jeffman323 has 20 seconds left.\n|\n|t:|1682530856\n|-terastallize|p2a: ugh|Water\n|-terastallize|p1a: Brute Bonnet|Fire\n|move|p1b: Hatterene|Protect|p1b: Hatterene\n|-singleturn|p1b: Hatterene|Protect\n|move|p2a: ugh|Make It Rain|p1b: Hatterene|[spread] p1a\n|-activate|p1b: Hatterene|move: Protect\n|-resisted|p1a: Brute Bonnet\n|-damage|p1a: Brute Bonnet|82\/100\n|-unboost|p2a: ugh|spa|1\n|move|p2b: Corvo Coffee|Body Press|p1a: Brute Bonnet\n|-damage|p1a: Brute Bonnet|62\/100\n|move|p1a: Brute Bonnet|Bullet Seed|p2a: ugh\n|-supereffective|p2a: ugh\n|-damage|p2a: ugh|71\/100\n|-supereffective|p2a: ugh\n|-damage|p2a: ugh|44\/100\n|-enditem|p2a: ugh|Sitrus Berry|[eat]\n|-heal|p2a: ugh|69\/100|[from] item: Sitrus Berry\n|-supereffective|p2a: ugh\n|-damage|p2a: ugh|39\/100\n|-supereffective|p2a: ugh\n|-damage|p2a: ugh|12\/100\n|-supereffective|p2a: ugh\n|-damage|p2a: ugh|0 fnt\n|faint|p2a: ugh\n|-hitcount|p2: ugh|5\n|\n|-damage|p1b: Hatterene|16\/100 psn|[from] psn\n|upkeep\n|\n|t:|1682530863\n|switch|p2a: Chauncey|Glimmora, L50, M|32\/100\n|turn|7\n|\n|t:|1682530887\n|move|p1a: Brute Bonnet|Sucker Punch|p2a: Chauncey\n|-damage|p2a: Chauncey|0 fnt\n|-activate|p2a: Chauncey|ability: Toxic Debris\n|-sidestart|p1: jeffman323|move: Toxic Spikes\n|faint|p2a: Chauncey\n|move|p2b: Corvo Coffee|Body Press|p1b: Hatterene\n|-resisted|p1b: Hatterene\n|-damage|p1b: Hatterene|9\/100 psn\n|move|p1b: Hatterene|Trick Room|p1b: Hatterene\n|-fieldstart|move: Trick Room|[of] p1b: Hatterene\n|\n|-damage|p1b: Hatterene|0 fnt|[from] psn\n|faint|p1b: Hatterene\n|upkeep\n|\n|t:|1682530894\n|switch|p1b: Azumarill|Azumarill, L50, M|100\/100\n|-status|p1b: Azumarill|psn\n|-enditem|p1b: Azumarill|Lum Berry|[eat]\n|-curestatus|p1b: Azumarill|psn|[msg]\n|turn|8\n|\n|t:|1682530901\n|move|p1b: Azumarill|Liquidation|p2b: Corvo Coffee\n|-damage|p2b: Corvo Coffee|24\/100\n|-damage|p1b: Azumarill|84\/100|[from] item: Rocky Helmet|[of] p2b: Corvo Coffee\n|move|p1a: Brute Bonnet|Spore|p2b: Corvo Coffee\n|-status|p2b: Corvo Coffee|slp|[from] move: Spore\n|cant|p2b: Corvo Coffee|slp\n|\n|-sideend|p2: DDyarados29|move: Tailwind\n|upkeep\n|turn|9\n|\n|t:|1682530910\n|move|p1b: Azumarill|Liquidation|p2b: Corvo Coffee\n|-damage|p2b: Corvo Coffee|0 fnt\n|-damage|p1b: Azumarill|68\/100|[from] item: Rocky Helmet|[of] p2b: Corvo Coffee\n|faint|p2b: Corvo Coffee\n|\n|win|jeffman323\n|raw|jeffman323's rating: 1595 → 1613<\/strong> (+18 for winning)\n|raw|DDyarados29's rating: 1558 → 1540<\/strong> (-18 for losing)\n","uploadtime":1682530916,"views":12,"p1id":"jeffman323","p2id":"ddyarados29","formatid":"gen9vgc2023regulationc","rating":1540,"private":0,"password":""}