{"id":"gen9vgc2023regulationc-1862903056","p1":"wackomarko","p2":"Rean412","format":"[Gen 9] VGC 2023 Regulation C","log":"|j|\u2606wackomarko\n|j|\u2606Rean412\n|t:|1683936149\n|gametype|doubles\n|player|p1|wackomarko|hiker-gen4|1132\n|player|p2|Rean412|169|1174\n|teamsize|p1|6\n|teamsize|p2|6\n|gen|9\n|tier|[Gen 9] VGC 2023 Regulation C\n|rated|\n|rule|Species Clause: Limit one of each Pok\u00e9mon\n|rule|Item Clause: Limit one of each item\n|clearpoke\n|poke|p1|Talonflame, L50, M|\n|poke|p1|Amoonguss, L50, F|\n|poke|p1|Flutter Mane, L50|\n|poke|p1|Chien-Pao, L50|\n|poke|p1|Gyarados, L50, M|\n|poke|p1|Dragapult, L50, F|\n|poke|p2|Annihilape, L50, F|\n|poke|p2|Iron Bundle, L50|\n|poke|p2|Arcanine, L50, M|\n|poke|p2|Roaring Moon, L50|\n|poke|p2|Gholdengo, L50|\n|poke|p2|Maushold-Four, L50|\n|teampreview|4\nRean412 has agreed to open team sheets.\n|c|\u2606Rean412|GLHF\nwackomarko has agreed to open team sheets.\n|c|\u2606wackomarko|always thank you and you too\n|\n|t:|1683936271\n|start\n|switch|p1a: Amoonguss|Amoonguss, L50, F|100\/100\n|switch|p1b: Chien-Pao|Chien-Pao, L50|100\/100\n|switch|p2a: Iron Bundle|Iron Bundle, L50|100\/100\n|switch|p2b: Roaring Moon|Roaring Moon, L50|100\/100\n|-ability|p1b: Chien-Pao|Sword of Ruin\n|-enditem|p2b: Roaring Moon|Booster Energy\n|-activate|p2b: Roaring Moon|ability: Protosynthesis|[fromitem]\n|-start|p2b: Roaring Moon|protosynthesisspe\n|turn|1\n|\n|t:|1683936331\n|move|p2b: Roaring Moon|Protect|p2b: Roaring Moon\n|-singleturn|p2b: Roaring Moon|Protect\n|move|p2a: Iron Bundle|Protect|p2a: Iron Bundle\n|-singleturn|p2a: Iron Bundle|Protect\n|move|p1b: Chien-Pao|Ice Spinner|p2b: Roaring Moon\n|-activate|p2b: Roaring Moon|move: Protect\n|move|p1a: Amoonguss|Spore|p2a: Iron Bundle\n|-activate|p2a: Iron Bundle|move: Protect\n|\n|upkeep\n|turn|2\n|\n|t:|1683936368\n|-end|p2b: Roaring Moon|Protosynthesis|[silent]\n|switch|p2b: Arcanine|Arcanine, L50, M|100\/100\n|-ability|p2b: Arcanine|Intimidate|boost\n|-unboost|p1a: Amoonguss|atk|1\n|-unboost|p1b: Chien-Pao|atk|1\n|move|p1a: Amoonguss|Protect|p1a: Amoonguss\n|-singleturn|p1a: Amoonguss|Protect\n|move|p2a: Iron Bundle|Freeze-Dry|p1a: Amoonguss\n|-activate|p1a: Amoonguss|move: Protect\n|move|p1b: Chien-Pao|Ice Spinner|p2b: Arcanine\n|-resisted|p2b: Arcanine\n|-damage|p2b: Arcanine|81\/100\n|\n|upkeep\n|turn|3\n|\n|t:|1683936400\n|move|p1b: Chien-Pao|Protect|p1b: Chien-Pao\n|-singleturn|p1b: Chien-Pao|Protect\n|move|p2a: Iron Bundle|Encore|p1a: Amoonguss\n|-start|p1a: Amoonguss|Encore\n|move|p2b: Arcanine|Close Combat|p1b: Chien-Pao\n|-activate|p1b: Chien-Pao|move: Protect\n|move|p1a: Amoonguss|Protect||[still]\n|-fail|p1a: Amoonguss\n|\n|upkeep\n|turn|4\n|\n|t:|1683936433\n|switch|p1a: Dragapult|Dragapult, L50, F, shiny|100\/100\n|-terastallize|p1b: Chien-Pao|Ghost\n|move|p1b: Chien-Pao|Sucker Punch|p2b: Arcanine\n|-crit|p2b: Arcanine\n|-damage|p2b: Arcanine|4\/100\n|move|p2a: Iron Bundle|Encore|p1b: Chien-Pao\n|-start|p1b: Chien-Pao|Encore\n|move|p2b: Arcanine|Snarl|p1b: Chien-Pao|[spread] p1a,p1b\n|-supereffective|p1a: Dragapult\n|-supereffective|p1b: Chien-Pao\n|-damage|p1a: Dragapult|77\/100\n|-damage|p1b: Chien-Pao|75\/100\n|-unboost|p1b: Chien-Pao|spa|1\n|\n|upkeep\n|turn|5\n|c|\u2606Rean412|Crap, I got suckered. Wait a min\n|\n|t:|1683936467\n|switch|p2b: Annihilape|Annihilape, L50, F|100\/100\n|move|p1b: Chien-Pao|Sucker Punch|p2a: Iron Bundle\n|-damage|p2a: Iron Bundle|64\/100\n|move|p1a: Dragapult|Dragon Darts|p2b: Annihilape\n|-damage|p2b: Annihilape|53\/100\n|-anim|p1a: Dragapult|Dragon Darts|p2a: Iron Bundle\n|-damage|p2a: Iron Bundle|5\/100\n|move|p2a: Iron Bundle|Icy Wind|p1a: Dragapult|[spread] p1a,p1b\n|-supereffective|p1a: Dragapult\n|-damage|p1a: Dragapult|30\/100\n|-damage|p1b: Chien-Pao|44\/100\n|-unboost|p1b: Chien-Pao|spe|1\n|\n|upkeep\n|turn|6\n|\n|t:|1683936487\n|move|p2a: Iron Bundle|Protect|p2a: Iron Bundle\n|-singleturn|p2a: Iron Bundle|Protect\n|move|p1b: Chien-Pao|Sucker Punch||[still]\n|-fail|p1b: Chien-Pao\n|move|p1a: Dragapult|Dragon Darts|p2b: Annihilape\n|-damage|p2b: Annihilape|7\/100\n|-enditem|p2b: Annihilape|Sitrus Berry|[eat]\n|-heal|p2b: Annihilape|32\/100|[from] item: Sitrus Berry\n|-anim|p1a: Dragapult|Dragon Darts|p2b: Annihilape\n|-damage|p2b: Annihilape|0 fnt\n|faint|p2b: Annihilape\n|\n|upkeep\n|c|\u2606wackomarko|lol\n|c|\u2606Rean412|I always forget how that move works. :(\n|\n|t:|1683936522\n|switch|p2b: Arcanine|Arcanine, L50, M|4\/100\n|-ability|p2b: Arcanine|Intimidate|boost\n|-fail|p1a: Dragapult|unboost|[from] ability: Clear Body|[of] p1a: Dragapult\n|-unboost|p1b: Chien-Pao|atk|1\n|turn|7\n|\n|t:|1683936536\n|switch|p2b: Roaring Moon|Roaring Moon, L50|100\/100\n|move|p1b: Chien-Pao|Sucker Punch|p2a: Iron Bundle\n|-damage|p2a: Iron Bundle|0 fnt\n|faint|p2a: Iron Bundle\n|-end|p2a: Iron Bundle|Quark Drive|[silent]\n|move|p1a: Dragapult|Dragon Darts|p2b: Roaring Moon\n|-supereffective|p2b: Roaring Moon\n|-damage|p2b: Roaring Moon|0 fnt\n|faint|p2b: Roaring Moon\n|-end|p2b: Roaring Moon|Protosynthesis|[silent]\n|\n|-end|p1b: Chien-Pao|Encore\n|upkeep\n|\n|t:|1683936547\n|switch|p2b: Arcanine|Arcanine, L50, M|4\/100\n|-ability|p2b: Arcanine|Intimidate|boost\n|-fail|p1a: Dragapult|unboost|[from] ability: Clear Body|[of] p1a: Dragapult\n|-unboost|p1b: Chien-Pao|atk|1\n|turn|8\n|c|\u2606Rean412|GGWP\n|c|\u2606wackomarko|I got coacjed a bit other day so i've learned it lol\n|c|\u2606Rean412|At what point do you think I lost the game?\n|c|\u2606wackomarko|GG as well bud\n|\n|t:|1683936574\n|move|p1b: Chien-Pao|Ice Shard|p2b: Arcanine\n|-resisted|p2b: Arcanine\n|-damage|p2b: Arcanine|0 fnt\n|faint|p2b: Arcanine\n|\n|win|wackomarko\n|raw|wackomarko's rating: 1132 → 1160<\/strong> (+28 for winning)\n|raw|Rean412's rating: 1174 → 1146<\/strong> (-28 for losing)\n|c|\u2606Rean412|I get some coaching from chat occasionally. But like the decent ones\n|c|\u2606wackomarko|to be honest i would watch replay to see but I will say you did awesome my dude\n|c|\u2606Rean412|Thanks\n|c|\u2606wackomarko|Yeah I got coached by current season #1 Rank\n|c|\u2606Rean412|Who that?\n|c|\u2606Rean412|I don\u2019t play cartridge.\n|c|\u2606wackomarko|Jin Furai he is on Youtube, twitter, and discord if you like to chat with him\n|c|\u2606wackomarko|he does showdown too\n","uploadtime":1683936620,"views":10,"p1id":"wackomarko","p2id":"rean412","formatid":"gen9vgc2023regulationc","rating":1146,"private":0,"password":""}