{"id":"gen9vgc2023regulationc-1846090456","p1":"Daelien","p2":"garfieldslaya","format":"[Gen 9] VGC 2023 Regulation C","log":"|j|\u2606Daelien\n|j|\u2606garfieldslaya\n|t:|1681804614\n|gametype|doubles\n|player|p1|Daelien|gambler|1309\n|player|p2|garfieldslaya|jasmine|1355\n|teamsize|p1|6\n|teamsize|p2|6\n|gen|9\n|tier|[Gen 9] VGC 2023 Regulation C\n|rated|\n|rule|Species Clause: Limit one of each Pok\u00e9mon\n|rule|Item Clause: Limit one of each item\n|clearpoke\n|poke|p1|Amoonguss, L50, F|\n|poke|p1|Garganacl, L50, M|\n|poke|p1|Gyarados, L50, F|\n|poke|p1|Iron Hands, L50|\n|poke|p1|Flutter Mane, L50|\n|poke|p1|Dragapult, L50, F|\n|poke|p2|Great Tusk, L50|\n|poke|p2|Talonflame, L50, M|\n|poke|p2|Flutter Mane, L50|\n|poke|p2|Amoonguss, L50, M|\n|poke|p2|Arcanine, L50, M|\n|poke|p2|Gholdengo, L50|\n|teampreview|4\n|inactive|Battle timer is ON: inactive players will automatically lose when time's up. (requested by Daelien)\ngarfieldslaya has agreed to open team sheets.\nDaelien has agreed to open team sheets.\n|\n|t:|1681804644\n|start\n|switch|p1a: Garganacl|Garganacl, L50, M|100\/100\n|switch|p1b: Iron Hands|Iron Hands, L50|100\/100\n|switch|p2a: Gholdengo|Gholdengo, L50|100\/100\n|switch|p2b: Amoonguss|Amoonguss, L50, M|100\/100\n|turn|1\n|inactive|garfieldslaya has 30 seconds left.\n|\n|t:|1681804670\n|-terastallize|p1a: Garganacl|Poison\n|move|p2a: Gholdengo|Protect|p2a: Gholdengo\n|-singleturn|p2a: Gholdengo|Protect\n|move|p1b: Iron Hands|Fake Out|p2b: Amoonguss\n|-damage|p2b: Amoonguss|90\/100\n|-damage|p1b: Iron Hands|84\/100|[from] item: Rocky Helmet|[of] p2b: Amoonguss\n|move|p1a: Garganacl|Salt Cure|p2a: Gholdengo\n|-activate|p2a: Gholdengo|move: Protect\n|cant|p2b: Amoonguss|flinch\n|\n|upkeep\n|turn|2\n|inactive|garfieldslaya has 30 seconds left.\n|inactive|garfieldslaya has 20 seconds left.\n|\n|t:|1681804710\n|move|p2b: Amoonguss|Rage Powder|p2b: Amoonguss\n|-singleturn|p2b: Amoonguss|move: Rage Powder\n|move|p2a: Gholdengo|Nasty Plot|p2a: Gholdengo\n|-boost|p2a: Gholdengo|spa|2\n|move|p1b: Iron Hands|Volt Switch|p2b: Amoonguss\n|-resisted|p2b: Amoonguss\n|-damage|p2b: Amoonguss|84\/100\n|\n|t:|1681804721\n|-end|p1b: Iron Hands|Quark Drive|[silent]\n|switch|p1b: Mimi|Flutter Mane, L50|100\/100|[from] Volt Switch\n|move|p1a: Garganacl|Salt Cure|p2b: Amoonguss\n|-damage|p2b: Amoonguss|73\/100\n|-start|p2b: Amoonguss|Salt Cure\n|\n|-damage|p2b: Amoonguss|61\/100|[from] Salt Cure\n|upkeep\n|turn|3\n|inactive|garfieldslaya has 30 seconds left.\n|inactive|garfieldslaya has 20 seconds left.\n|inactive|garfieldslaya has 15 seconds left.\n|\n|t:|1681804764\n|-terastallize|p2a: Gholdengo|Water\n|move|p1a: Garganacl|Wide Guard|p1a: Garganacl\n|-singleturn|p1a: Garganacl|Wide Guard\n|move|p1b: Mimi|Shadow Ball|p2a: Gholdengo\n|-damage|p2a: Gholdengo|38\/100\n|-damage|p1b: Mimi|91\/100|[from] item: Life Orb\n|move|p2a: Gholdengo|Shadow Ball|p1a: Garganacl\n|-damage|p1a: Garganacl|61\/100\n|move|p2b: Amoonguss|Spore|p1b: Mimi\n|-status|p1b: Mimi|slp|[from] move: Spore\n|\n|-heal|p2a: Gholdengo|44\/100|[from] item: Leftovers\n|-heal|p1a: Garganacl|67\/100|[from] item: Leftovers\n|-damage|p2b: Amoonguss|48\/100|[from] Salt Cure\n|upkeep\n|turn|4\n|\n|t:|1681804786\n|-end|p1b: Mimi|Protosynthesis|[silent]\n|switch|p1b: Gyarados|Gyarados, L50, F|100\/100\n|-ability|p1b: Gyarados|Intimidate|boost\n|-unboost|p2a: Gholdengo|atk|1\n|-unboost|p2b: Amoonguss|atk|1\n|move|p1a: Garganacl|Protect||[still]\n|-fail|p1a: Garganacl\n|move|p2b: Amoonguss|Rage Powder|p2b: Amoonguss\n|-singleturn|p2b: Amoonguss|move: Rage Powder\n|move|p2a: Gholdengo|Shadow Ball|p1b: Gyarados\n|-damage|p1b: Gyarados|21\/100\n|-enditem|p1b: Gyarados|Sitrus Berry|[eat]\n|-heal|p1b: Gyarados|46\/100|[from] item: Sitrus Berry\n|\n|-heal|p2a: Gholdengo|50\/100|[from] item: Leftovers\n|-heal|p1a: Garganacl|73\/100|[from] item: Leftovers\n|-damage|p2b: Amoonguss|36\/100|[from] Salt Cure\n|upkeep\n|turn|5\n|inactive|garfieldslaya has 30 seconds left.\n|\n|t:|1681804814\n|move|p2b: Amoonguss|Rage Powder|p2b: Amoonguss\n|-singleturn|p2b: Amoonguss|move: Rage Powder\n|move|p1b: Gyarados|Taunt|p2b: Amoonguss\n|-start|p2b: Amoonguss|move: Taunt\n|move|p2a: Gholdengo|Make It Rain|p1b: Gyarados|[spread] p1a,p1b\n|-resisted|p1b: Gyarados\n|-damage|p1a: Garganacl|0 fnt\n|-damage|p1b: Gyarados|3\/100\n|-unboost|p2a: Gholdengo|spa|1\n|faint|p1a: Garganacl\n|\n|-heal|p2a: Gholdengo|56\/100|[from] item: Leftovers\n|-damage|p2b: Amoonguss|24\/100|[from] Salt Cure\n|upkeep\n|\n|t:|1681804824\n|switch|p1a: Mimi|Flutter Mane, L50|91\/100 slp\n|turn|6\n|\n|t:|1681804837\n|cant|p1a: Mimi|slp\n|move|p1b: Gyarados|Waterfall|p2a: Gholdengo\n|-resisted|p2a: Gholdengo\n|-damage|p2a: Gholdengo|38\/100\n|move|p2a: Gholdengo|Make It Rain|p1a: Mimi|[spread] p1a,p1b\n|-supereffective|p1a: Mimi\n|-resisted|p1b: Gyarados\n|-damage|p1a: Mimi|0 fnt\n|-damage|p1b: Gyarados|0 fnt\n|-unboost|p2a: Gholdengo|spa|1\n|faint|p1a: Mimi\n|-end|p1a: Mimi|Protosynthesis|[silent]\n|faint|p1b: Gyarados\n|move|p2b: Amoonguss|Pollen Puff|p2a: Gholdengo\n|-heal|p2a: Gholdengo|88\/100\n|\n|-heal|p2a: Gholdengo|94\/100|[from] item: Leftovers\n|-damage|p2b: Amoonguss|12\/100|[from] Salt Cure\n|upkeep\n|-message|Daelien forfeited.\n|\n|win|garfieldslaya\n|raw|Daelien's rating: 1309 → 1292<\/strong> (-17 for losing)\n|raw|garfieldslaya's rating: 1355 → 1372<\/strong> (+17 for winning)\n|l|\u2606Daelien\n","uploadtime":1681804892,"views":14,"p1id":"daelien","p2id":"garfieldslaya","formatid":"gen9vgc2023regulationc","rating":1292,"private":0,"password":""}