{"id":"gen9vgc2023regulationc-1845220384","p1":"testin2","p2":"ProfKoji","format":"[Gen 9] VGC 2023 Regulation C","log":"|j|\u2606testin2\n|j|\u2606ProfKoji\n|t:|1681698046\n|gametype|doubles\n|player|p1|testin2|265|1363\n|player|p2|ProfKoji|2|1420\n|teamsize|p1|6\n|teamsize|p2|6\n|gen|9\n|tier|[Gen 9] VGC 2023 Regulation C\n|rated|\n|rule|Species Clause: Limit one of each Pok\u00e9mon\n|rule|Item Clause: Limit one of each item\n|clearpoke\n|poke|p1|Amoonguss, L50, F|\n|poke|p1|Garchomp, L50, M|\n|poke|p1|Baxcalibur, L50, M|\n|poke|p1|Chi-Yu, L50|\n|poke|p1|Flutter Mane, L50|\n|poke|p1|Talonflame, L50, M|\n|poke|p2|Palafin, L50, F|\n|poke|p2|Amoonguss, L50, F|\n|poke|p2|Arcanine, L50, M|\n|poke|p2|Flutter Mane, L50|\n|poke|p2|Ting-Lu, L50|\n|poke|p2|Gothitelle, L50, M|\n|teampreview|4\n|inactive|Battle timer is ON: inactive players will automatically lose when time's up. (requested by testin2)\n|inactive|ProfKoji has 60 seconds left.\n|inactive|ProfKoji has 30 seconds left.\n|\n|t:|1681698151\n|start\n|switch|p1a: Amoonguss|Amoonguss, L50, F|100\/100\n|switch|p1b: Flutter Mane|Flutter Mane, L50|100\/100\n|switch|p2a: Gothitelle|Gothitelle, L50, M|100\/100\n|switch|p2b: Flutter Mane|Flutter Mane, L50|100\/100\n|turn|1\n|inactive|ProfKoji has 30 seconds left.\n|\n|t:|1681698183\n|-terastallize|p2b: Flutter Mane|Fairy\n|move|p2a: Gothitelle|Fake Out|p1a: Amoonguss\n|-damage|p1a: Amoonguss|94\/100\n|cant|p1a: Amoonguss|flinch\n|move|p2b: Flutter Mane|Shadow Ball|p1b: Flutter Mane\n|-supereffective|p1b: Flutter Mane\n|-damage|p1b: Flutter Mane|0 fnt\n|faint|p1b: Flutter Mane\n|-end|p1b: Flutter Mane|Protosynthesis|[silent]\n|\n|upkeep\n|\n|t:|1681698204\n|switch|p1b: Baxcalibur|Baxcalibur, L50, M|100\/100\n|turn|2\n|\n|t:|1681698222\n|-end|p2b: Flutter Mane|Protosynthesis|[silent]\n|switch|p2b: Arcanine|Arcanine, L50, M, shiny|100\/100\n|-ability|p2b: Arcanine|Intimidate|boost\n|-unboost|p1a: Amoonguss|atk|1\n|-unboost|p1b: Baxcalibur|atk|1\n|-terastallize|p1b: Baxcalibur|Ice\n|move|p2a: Gothitelle|Protect|p2a: Gothitelle\n|-singleturn|p2a: Gothitelle|Protect\n|move|p1b: Baxcalibur|Icicle Spear|p2b: Arcanine\n|-resisted|p2b: Arcanine\n|-damage|p2b: Arcanine|93\/100\n|-resisted|p2b: Arcanine\n|-damage|p2b: Arcanine|86\/100\n|-resisted|p2b: Arcanine\n|-damage|p2b: Arcanine|78\/100\n|-resisted|p2b: Arcanine\n|-damage|p2b: Arcanine|71\/100\n|-hitcount|p2b: Arcanine|4\n|move|p1a: Amoonguss|Spore|p2a: Gothitelle\n|-activate|p2a: Gothitelle|move: Protect\n|\n|upkeep\n|turn|3\n|inactive|ProfKoji has 30 seconds left.\n|\n|t:|1681698252\n|switch|p2a: Amoonguss|Amoonguss, L50, F, shiny|100\/100\n|move|p1a: Amoonguss|Protect|p1a: Amoonguss\n|-singleturn|p1a: Amoonguss|Protect\n|move|p1b: Baxcalibur|Glaive Rush|p2b: Arcanine\n|-damage|p2b: Arcanine|21\/100\n|-singlemove|p1b: Baxcalibur|Glaive Rush|[silent]\n|move|p2b: Arcanine|Flare Blitz|p1a: Amoonguss\n|-activate|p1a: Amoonguss|move: Protect\n|\n|upkeep\n|turn|4\n|\n|t:|1681698271\n|switch|p2b: Gothitelle|Gothitelle, L50, M|100\/100\n|move|p1b: Baxcalibur|Protect|p1b: Baxcalibur\n|-singleturn|p1b: Baxcalibur|Protect\n|move|p1a: Amoonguss|Spore|p2b: Gothitelle\n|-status|p2b: Gothitelle|slp|[from] move: Spore\n|move|p2a: Amoonguss|Spore|p1a: Amoonguss\n|-immune|p1a: Amoonguss\n|\n|upkeep\n|turn|5\n|\n|t:|1681698290\n|move|p2a: Amoonguss|Protect|p2a: Amoonguss\n|-singleturn|p2a: Amoonguss|Protect\n|move|p1b: Baxcalibur|Icicle Spear|p2a: Amoonguss\n|-activate|p2a: Amoonguss|move: Protect\n|cant|p2b: Gothitelle|slp\n|move|p1a: Amoonguss|Spore|p2a: Amoonguss\n|-activate|p2a: Amoonguss|move: Protect\n|\n|upkeep\n|turn|6\n|inactive|ProfKoji has 30 seconds left.\n|\n|t:|1681698316\n|switch|p2a: Arcanine|Arcanine, L50, M, shiny|21\/100\n|-ability|p2a: Arcanine|Intimidate|boost\n|-unboost|p1a: Amoonguss|atk|1\n|-unboost|p1b: Baxcalibur|atk|1\n|move|p1b: Baxcalibur|Icicle Spear|p2a: Arcanine\n|-resisted|p2a: Arcanine\n|-damage|p2a: Arcanine|16\/100\n|-resisted|p2a: Arcanine\n|-damage|p2a: Arcanine|10\/100\n|-resisted|p2a: Arcanine\n|-damage|p2a: Arcanine|4\/100\n|-resisted|p2a: Arcanine\n|-damage|p2a: Arcanine|0 fnt\n|faint|p2a: Arcanine\n|-hitcount|p2: Arcanine|4\n|cant|p2b: Gothitelle|slp\n|move|p1a: Amoonguss|Spore|p2b: Gothitelle\n|-fail|p2b: Gothitelle|slp\n|\n|upkeep\n|\n|t:|1681698336\n|switch|p2a: Flutter Mane|Flutter Mane, L50, tera:Fairy|100\/100\n|turn|7\n|\n|t:|1681698347\n|-end|p2a: Flutter Mane|Protosynthesis|[silent]\n|switch|p2a: Amoonguss|Amoonguss, L50, F, shiny|100\/100\n|move|p1a: Amoonguss|Rage Powder|p1a: Amoonguss\n|-singleturn|p1a: Amoonguss|move: Rage Powder\n|move|p1b: Baxcalibur|Icicle Spear|p2a: Amoonguss\n|-supereffective|p2a: Amoonguss\n|-damage|p2a: Amoonguss|84\/100\n|-supereffective|p2a: Amoonguss\n|-damage|p2a: Amoonguss|68\/100\n|-supereffective|p2a: Amoonguss\n|-damage|p2a: Amoonguss|51\/100\n|-supereffective|p2a: Amoonguss\n|-damage|p2a: Amoonguss|33\/100\n|-enditem|p2a: Amoonguss|Sitrus Berry|[eat]\n|-heal|p2a: Amoonguss|58\/100|[from] item: Sitrus Berry\n|-hitcount|p2a: Amoonguss|4\n|cant|p2b: Gothitelle|slp\n|\n|upkeep\n|turn|8\n|inactive|ProfKoji has 30 seconds left.\n|\n|t:|1681698378\n|move|p1b: Baxcalibur|Protect|p1b: Baxcalibur\n|-singleturn|p1b: Baxcalibur|Protect\n|-curestatus|p2b: Gothitelle|slp|[msg]\n|move|p2b: Gothitelle|Psychic|p1a: Amoonguss\n|-supereffective|p1a: Amoonguss\n|-damage|p1a: Amoonguss|53\/100\n|move|p1a: Amoonguss|Spore|p2b: Gothitelle\n|-status|p2b: Gothitelle|slp|[from] move: Spore\n|move|p2a: Amoonguss|Spore|p1b: Baxcalibur\n|-activate|p1b: Baxcalibur|move: Protect\n|\n|upkeep\n|turn|9\n|\n|t:|1681698401\n|move|p2a: Amoonguss|Protect|p2a: Amoonguss\n|-singleturn|p2a: Amoonguss|Protect\n|move|p1b: Baxcalibur|Icicle Spear|p2a: Amoonguss\n|-activate|p2a: Amoonguss|move: Protect\n|cant|p2b: Gothitelle|slp\n|move|p1a: Amoonguss|Clear Smog|p2a: Amoonguss\n|-activate|p2a: Amoonguss|move: Protect\n|\n|upkeep\n|turn|10\n|\n|t:|1681698416\n|move|p1b: Baxcalibur|Icicle Spear|p2a: Amoonguss\n|-supereffective|p2a: Amoonguss\n|-damage|p2a: Amoonguss|37\/100\n|-supereffective|p2a: Amoonguss\n|-damage|p2a: Amoonguss|19\/100\n|-supereffective|p2a: Amoonguss\n|-damage|p2a: Amoonguss|3\/100\n|-supereffective|p2a: Amoonguss\n|-damage|p2a: Amoonguss|0 fnt\n|faint|p2a: Amoonguss\n|-hitcount|p2: Amoonguss|4\n|cant|p2b: Gothitelle|slp\n|move|p1a: Amoonguss|Clear Smog|p2b: Gothitelle\n|-damage|p2b: Gothitelle|89\/100 slp\n|-clearboost|p2b: Gothitelle\n|\n|upkeep\n|\n|t:|1681698430\n|switch|p2a: Flutter Mane|Flutter Mane, L50, tera:Fairy|100\/100\n|turn|11\n|\n|t:|1681698447\n|move|p1a: Amoonguss|Protect|p1a: Amoonguss\n|-singleturn|p1a: Amoonguss|Protect\n|move|p2a: Flutter Mane|Shadow Ball|p1b: Baxcalibur\n|-damage|p1b: Baxcalibur|38\/100\n|move|p1b: Baxcalibur|Icicle Spear|p2a: Flutter Mane\n|-damage|p2a: Flutter Mane|77\/100\n|-crit|p2a: Flutter Mane\n|-damage|p2a: Flutter Mane|13\/100\n|-damage|p2a: Flutter Mane|0 fnt\n|faint|p2a: Flutter Mane\n|-end|p2a: Flutter Mane|Protosynthesis|[silent]\n|-hitcount|p2: Flutter Mane|3\n|cant|p2b: Gothitelle|slp\n|\n|upkeep\n|turn|12\n|-message|ProfKoji forfeited.\n|\n|win|testin2\n|raw|testin2's rating: 1363 → 1386<\/strong> (+23 for winning)\n|raw|ProfKoji's rating: 1420 → 1397<\/strong> (-23 for losing)\n|l|\u2606ProfKoji\n","uploadtime":1681698475,"views":6,"p1id":"testin2","p2id":"profkoji","formatid":"gen9vgc2023regulationc","rating":1386,"private":0,"password":""}