{"id":"gen9vgc2023regulationc-1856465013","p1":"PurpleStyle","p2":"Heaven64","format":"[Gen 9] VGC 2023 Regulation C","log":"|j|\u2606PurpleStyle\n|j|\u2606Heaven64\n|t:|1683064425\n|gametype|doubles\n|player|p1|PurpleStyle|pokefan|\n|player|p2|Heaven64|leaf-masters|\n|teamsize|p1|6\n|teamsize|p2|6\n|gen|9\n|tier|[Gen 9] VGC 2023 Regulation C\n|rule|Species Clause: Limit one of each Pok\u00e9mon\n|rule|Item Clause: Limit one of each item\n|clearpoke\n|poke|p1|Chien-Pao, L50|\n|poke|p1|Kilowattrel, L50, F|\n|poke|p1|Slowbro, L50, F|\n|poke|p1|Haxorus, L50, M|\n|poke|p1|Arcanine, L50, M|\n|poke|p1|Donphan, L50, M|\n|poke|p2|Klefki, L50, F|\n|poke|p2|Iron Thorns, L50|\n|poke|p2|Pelipper, L50, F|\n|poke|p2|Krookodile, L50, M|\n|poke|p2|Pincurchin, L50, M|\n|poke|p2|Floatzel, L50, F|\n|teampreview|4\n|c|\u2606Heaven64|that was a chaotic g1\n|c|\u2606PurpleStyle|very but a fun one\n|c|\u2606PurpleStyle|you got really unlucky with the miss\n|\n|t:|1683064788\n|start\n|switch|p1a: Kilowattrel|Kilowattrel, L50, F|100\/100\n|switch|p1b: Donphan|Donphan, L50, M|100\/100\n|switch|p2a: Umbrella|Pelipper, L50, F|100\/100\n|switch|p2b: Rhine|Floatzel, L50, F|100\/100\n|-weather|RainDance|[from] ability: Drizzle|[of] p2a: Umbrella\n|turn|1\n|\n|t:|1683064822\n|move|p2b: Rhine|Wave Crash|p1b: Donphan\n|-supereffective|p1b: Donphan\n|-ability|p1b: Donphan|Sturdy\n|-damage|p1b: Donphan|1\/100\n|-damage|p2b: Rhine|60\/100|[from] Recoil\n|move|p2a: Umbrella|Icy Wind|p1b: Donphan|[spread] p1a,p1b\n|-supereffective|p1a: Kilowattrel\n|-crit|p1a: Kilowattrel\n|-supereffective|p1b: Donphan\n|-damage|p1a: Kilowattrel|36\/100\n|-damage|p1b: Donphan|0 fnt\n|-unboost|p1a: Kilowattrel|spe|1\n|-start|p1a: Kilowattrel|Charge|Icy Wind|[from] ability: Wind Power\n|faint|p1b: Donphan\n|move|p1a: Kilowattrel|Tailwind|p1a: Kilowattrel\n|-sidestart|p1: PurpleStyle|move: Tailwind\n|-start|p1a: Kilowattrel|Charge|Tailwind|[from] ability: Wind Power\n|\n|-weather|RainDance|[upkeep]\n|upkeep\n|\n|t:|1683064832\n|switch|p1b: Slowbro|Slowbro, L50, F|100\/100\n|turn|2\n|c|\u2606Heaven64|oh icy wind activates wind power\n|\n|t:|1683064907\n|move|p1a: Kilowattrel|Protect|p1a: Kilowattrel\n|-singleturn|p1a: Kilowattrel|Protect\n|move|p2b: Rhine|Crunch|p1b: Slowbro\n|-supereffective|p1b: Slowbro\n|-damage|p1b: Slowbro|59\/100\n|move|p2a: Umbrella|Icy Wind|p1a: Kilowattrel|[spread] p1b\n|-activate|p1a: Kilowattrel|move: Protect\n|-resisted|p1b: Slowbro\n|-damage|p1b: Slowbro|54\/100\n|-unboost|p1b: Slowbro|spe|1\n|move|p1b: Slowbro|Hydro Pump|p2b: Rhine|[miss]\n|-miss|p1b: Slowbro|p2b: Rhine\n|\n|-weather|RainDance|[upkeep]\n|-heal|p1b: Slowbro|60\/100|[from] item: Leftovers\n|upkeep\n|turn|3\n|\n|t:|1683064948\n|move|p1b: Slowbro|Protect|p1b: Slowbro\n|-singleturn|p1b: Slowbro|Protect\n|move|p2b: Rhine|Crunch|p1a: Kilowattrel\n|-damage|p1a: Kilowattrel|0 fnt\n|faint|p1a: Kilowattrel\n|move|p2a: Umbrella|Icy Wind|p1b: Slowbro\n|-activate|p1b: Slowbro|move: Protect\n|\n|-weather|RainDance|[upkeep]\n|-heal|p1b: Slowbro|66\/100|[from] item: Leftovers\n|upkeep\n|\n|t:|1683064953\n|switch|p1a: Arcanine|Arcanine, L50, M|100\/100\n|-ability|p1a: Arcanine|Intimidate|boost\n|-unboost|p2a: Umbrella|atk|1\n|-unboost|p2b: Rhine|atk|1\n|turn|4\n|\n|t:|1683064967\n|-terastallize|p1a: Arcanine|Water\n|move|p2b: Rhine|Protect|p2b: Rhine\n|-singleturn|p2b: Rhine|Protect\n|move|p1a: Arcanine|Will-O-Wisp|p2b: Rhine\n|-activate|p2b: Rhine|move: Protect\n|move|p2a: Umbrella|Icy Wind|p1b: Slowbro|[spread] p1a,p1b\n|-resisted|p1a: Arcanine\n|-resisted|p1b: Slowbro\n|-damage|p1a: Arcanine|95\/100\n|-damage|p1b: Slowbro|61\/100\n|-unboost|p1a: Arcanine|spe|1\n|-unboost|p1b: Slowbro|spe|1\n|move|p1b: Slowbro|Calm Mind|p1b: Slowbro\n|-boost|p1b: Slowbro|spa|1\n|-boost|p1b: Slowbro|spd|1\n|\n|-weather|RainDance|[upkeep]\n|-heal|p1b: Slowbro|67\/100|[from] item: Leftovers\n|-sideend|p1: PurpleStyle|move: Tailwind\n|upkeep\n|turn|5\n|\n|t:|1683065032\n|switch|p2a: Dexter|Pincurchin, L50, M|100\/100\n|-fieldstart|move: Electric Terrain|[from] ability: Electric Surge|[of] p2a: Dexter\n|move|p1b: Slowbro|Protect|p1b: Slowbro\n|-singleturn|p1b: Slowbro|Protect\n|move|p2b: Rhine|Wave Crash|p1a: Arcanine\n|-resisted|p1a: Arcanine\n|-crit|p1a: Arcanine\n|-damage|p1a: Arcanine|28\/100\n|-enditem|p1a: Arcanine|Sitrus Berry|[eat]\n|-heal|p1a: Arcanine|53\/100|[from] item: Sitrus Berry\n|-damage|p2b: Rhine|32\/100|[from] Recoil\n|move|p1a: Arcanine|Will-O-Wisp|p2b: Rhine\n|-status|p2b: Rhine|brn\n|\n|-weather|none\n|-heal|p1b: Slowbro|73\/100|[from] item: Leftovers\n|-damage|p2b: Rhine|26\/100 brn|[from] brn\n|upkeep\n|turn|6\n|\n|t:|1683065071\n|move|p2b: Rhine|Crunch|p1b: Slowbro\n|-supereffective|p1b: Slowbro\n|-damage|p1b: Slowbro|59\/100\n|move|p1a: Arcanine|Snarl|p2a: Dexter|[spread] p2a,p2b\n|-damage|p2a: Dexter|90\/100\n|-damage|p2b: Rhine|11\/100 brn\n|-unboost|p2a: Dexter|spa|1\n|-unboost|p2b: Rhine|spa|1\n|-enditem|p2b: Rhine|Aguav Berry|[eat]\n|-heal|p2b: Rhine|44\/100 brn|[from] item: Aguav Berry\n|move|p1b: Slowbro|Calm Mind|p1b: Slowbro\n|-boost|p1b: Slowbro|spa|1\n|-boost|p1b: Slowbro|spd|1\n|move|p2a: Dexter|Thunder|p1b: Slowbro\n|-supereffective|p1b: Slowbro\n|-damage|p1b: Slowbro|15\/100\n|\n|-heal|p1b: Slowbro|21\/100|[from] item: Leftovers\n|-damage|p2b: Rhine|38\/100 brn|[from] brn\n|upkeep\n|turn|7\n|\n|t:|1683065126\n|switch|p2b: Umbrella|Pelipper, L50, F|100\/100\n|-weather|RainDance|[from] ability: Drizzle|[of] p2b: Umbrella\n|move|p1b: Slowbro|Protect|p1b: Slowbro\n|-singleturn|p1b: Slowbro|Protect\n|move|p1a: Arcanine|Snarl|p2a: Dexter|[spread] p2a,p2b\n|-damage|p2a: Dexter|79\/100\n|-damage|p2b: Umbrella|87\/100\n|-unboost|p2a: Dexter|spa|1\n|-unboost|p2b: Umbrella|spa|1\n|move|p2a: Dexter|Thunder|p1b: Slowbro\n|-activate|p1b: Slowbro|move: Protect\n|\n|-weather|RainDance|[upkeep]\n|-heal|p1b: Slowbro|27\/100|[from] item: Leftovers\n|upkeep\n|turn|8\n|\n|t:|1683065151\n|move|p2b: Umbrella|Hurricane|p1a: Arcanine\n|-damage|p1a: Arcanine|21\/100\n|move|p1a: Arcanine|Snarl|p2b: Umbrella|[spread] p2a,p2b\n|-damage|p2a: Dexter|68\/100\n|-damage|p2b: Umbrella|73\/100\n|-unboost|p2a: Dexter|spa|1\n|-unboost|p2b: Umbrella|spa|1\n|move|p1b: Slowbro|Hydro Pump|p2a: Dexter|[miss]\n|-miss|p1b: Slowbro|p2a: Dexter\n|move|p2a: Dexter|Thunder|p1b: Slowbro\n|-supereffective|p1b: Slowbro\n|-damage|p1b: Slowbro|0 fnt\n|faint|p1b: Slowbro\n|\n|-weather|RainDance|[upkeep]\n|upkeep\n|turn|9\n|c|\u2606PurpleStyle|gg\n|\n|t:|1683065168\n|switch|p2a: Rhine|Floatzel, L50, F|38\/100 brn\n|move|p2b: Umbrella|Hurricane|p1a: Arcanine\n|-damage|p1a: Arcanine|0 fnt\n|faint|p1a: Arcanine\n|\n|win|Heaven64\n|c|\u2606Heaven64|GG\n","uploadtime":1683065176,"views":7,"p1id":"purplestyle","p2id":"heaven64","formatid":"gen9vgc2023regulationc","rating":0,"private":0,"password":""}