{"id":"gen9vgc2023regulationc-1845089168","p1":"Cipperu","p2":"darlingtonia","format":"[Gen 9] VGC 2023 Regulation C","log":"|j|\u2606Cipperu\n|j|\u2606darlingtonia\n|t:|1681682248\n|gametype|doubles\n|player|p1|Cipperu|marlon|1067\n|player|p2|darlingtonia|proton|1130\n|teamsize|p1|6\n|teamsize|p2|6\n|gen|9\n|tier|[Gen 9] VGC 2023 Regulation C\n|rated|\n|rule|Species Clause: Limit one of each Pok\u00e9mon\n|rule|Item Clause: Limit one of each item\n|clearpoke\n|poke|p1|Lilligant, L50, F|\n|poke|p1|Torkoal, L50, F|\n|poke|p1|Flutter Mane, L50|\n|poke|p1|Kingambit, L50, F|\n|poke|p1|Dragonite, L50, F|\n|poke|p1|Great Tusk, L50|\n|poke|p2|Chi-Yu, L50|\n|poke|p2|Palafin, L50, F|\n|poke|p2|Amoonguss, L50, M|\n|poke|p2|Glimmora, L50, M|\n|poke|p2|Flutter Mane, L50|\n|poke|p2|Dragonite, L50, M|\n|teampreview|4\ndarlingtonia has agreed to open team sheets.\n|inactive|Battle timer is ON: inactive players will automatically lose when time's up. (requested by Cipperu)\n|\n|t:|1681682302\n|start\n|switch|p1a: Torkoal|Torkoal, L50, F, shiny|100\/100\n|switch|p1b: Flutter Mane|Flutter Mane, L50, shiny|100\/100\n|switch|p2a: Glimmora|Glimmora, L50, M|100\/100\n|switch|p2b: Palafin|Palafin, L50, F|100\/100\n|-weather|SunnyDay|[from] ability: Drought|[of] p1a: Torkoal\n|-activate|p1b: Flutter Mane|ability: Protosynthesis\n|-start|p1b: Flutter Mane|protosynthesisspa\n|turn|1\n|inactive|Cipperu has 30 seconds left.\n|\n|t:|1681682336\n|-terastallize|p1b: Flutter Mane|Fairy\n|move|p2b: Palafin|Protect|p2b: Palafin\n|-singleturn|p2b: Palafin|Protect\n|move|p1a: Torkoal|Protect|p1a: Torkoal\n|-singleturn|p1a: Torkoal|Protect\n|move|p1b: Flutter Mane|Moonblast|p2a: Glimmora\n|-resisted|p2a: Glimmora\n|-damage|p2a: Glimmora|12\/100\n|move|p2a: Glimmora|Sludge Bomb|p1b: Flutter Mane\n|-supereffective|p1b: Flutter Mane\n|-damage|p1b: Flutter Mane|1\/100\n|\n|-weather|SunnyDay|[upkeep]\n|upkeep\n|turn|2\n|inactive|Cipperu has 30 seconds left.\n|\n|t:|1681682362\n|detailschange|p2b: Palafin|Palafin-Hero, L50, F\n|switch|p2b: Chi-Yu|Chi-Yu, L50|100\/100\n|-ability|p2b: Chi-Yu|Beads of Ruin\n|move|p2a: Glimmora|Spiky Shield|p2a: Glimmora\n|-singleturn|p2a: Glimmora|move: Protect\n|move|p1b: Flutter Mane|Moonblast|p2a: Glimmora\n|-activate|p2a: Glimmora|move: Protect\n|move|p1a: Torkoal|Eruption|p2a: Glimmora|[spread] p2b\n|-activate|p2a: Glimmora|move: Protect\n|-resisted|p2b: Chi-Yu\n|-damage|p2b: Chi-Yu|65\/100\n|\n|-weather|SunnyDay|[upkeep]\n|upkeep\n|turn|3\n|\n|t:|1681682386\n|-end|p1b: Flutter Mane|Protosynthesis|[silent]\n|switch|p1b: Trouble|Great Tusk, L50, shiny|100\/100\n|-activate|p1b: Trouble|ability: Protosynthesis\n|-start|p1b: Trouble|protosynthesisatk\n|move|p2b: Chi-Yu|Snarl|p1b: Trouble|[spread] p1a,p1b\n|-resisted|p1b: Trouble\n|-damage|p1a: Torkoal|56\/100\n|-damage|p1b: Trouble|74\/100\n|-unboost|p1a: Torkoal|spa|1\n|-unboost|p1b: Trouble|spa|1\n|move|p2a: Glimmora|Sludge Bomb|p1b: Trouble\n|-resisted|p1b: Trouble\n|-damage|p1b: Trouble|28\/100\n|-status|p1b: Trouble|psn\n|move|p1a: Torkoal|Eruption|p2a: Glimmora|[spread] p2a,p2b\n|-resisted|p2a: Glimmora\n|-resisted|p2b: Chi-Yu\n|-damage|p2a: Glimmora|0 fnt\n|-damage|p2b: Chi-Yu|52\/100\n|faint|p2a: Glimmora\n|\n|-weather|SunnyDay|[upkeep]\n|-damage|p1b: Trouble|16\/100 psn|[from] psn\n|upkeep\n|\n|t:|1681682407\n|switch|p2a: Palafin|Palafin-Hero, L50, F|100\/100\n|-activate|p2a: Palafin|ability: Zero to Hero\n|turn|4\n|inactive|Cipperu has 30 seconds left.\n|\n|t:|1681682441\n|-terastallize|p2a: Palafin|Water\n|move|p2a: Palafin|Jet Punch|p1b: Trouble\n|-supereffective|p1b: Trouble\n|-damage|p1b: Trouble|0 fnt\n|faint|p1b: Trouble\n|-end|p1b: Trouble|Protosynthesis|[silent]\n|move|p2b: Chi-Yu|Snarl|p1a: Torkoal\n|-damage|p1a: Torkoal|0 fnt\n|faint|p1a: Torkoal\n|\n|-weather|SunnyDay|[upkeep]\n|upkeep\n|\n|t:|1681682450\n|switch|p1b: Flutter Mane|Flutter Mane, L50, shiny, tera:Fairy|1\/100\n|switch|p1a: Espresso|Dragonite, L50, F|100\/100\n|-activate|p1b: Flutter Mane|ability: Protosynthesis\n|-start|p1b: Flutter Mane|protosynthesisspa\n|turn|5\n|\n|t:|1681682475\n|move|p1a: Espresso|Extreme Speed|p2b: Chi-Yu\n|-damage|p2b: Chi-Yu|0 fnt\n|faint|p2b: Chi-Yu\n|move|p2a: Palafin|Jet Punch|p1a: Espresso\n|-resisted|p1a: Espresso\n|-damage|p1a: Espresso|95\/100\n|move|p1b: Flutter Mane|Dazzling Gleam|p2a: Palafin\n|-damage|p2a: Palafin|0 fnt\n|faint|p2a: Palafin\n|\n|-weather|none\n|-end|p1b: Flutter Mane|Protosynthesis\n|upkeep\n|\n|t:|1681682486\n|switch|p2b: Flutter Mane|Flutter Mane, L50|100\/100\n|turn|6\n|\n|t:|1681682497\n|move|p1b: Flutter Mane|Dazzling Gleam|p2b: Flutter Mane\n|-damage|p2b: Flutter Mane|17\/100\n|move|p2b: Flutter Mane|Substitute|p2b: Flutter Mane\n|-fail|p2b: Flutter Mane|move: Substitute|[weak]\n|move|p1a: Espresso|Ice Spinner|p2b: Flutter Mane\n|-damage|p2b: Flutter Mane|0 fnt\n|faint|p2b: Flutter Mane\n|-end|p2b: Flutter Mane|Protosynthesis|[silent]\n|\n|win|Cipperu\n|raw|Cipperu's rating: 1067 → 1102<\/strong> (+35 for winning)\n|raw|darlingtonia's rating: 1130 → 1101<\/strong> (-29 for losing)\n","uploadtime":1681682510,"views":8,"p1id":"cipperu","p2id":"darlingtonia","formatid":"gen9vgc2023regulationc","rating":1101,"private":0,"password":""}