{"id":"gen9vgc2023regulationc-1845825940","p1":"Elforasterotraidor","p2":"TonnyDolfing","format":"[Gen 9] VGC 2023 Regulation C","log":"|j|\u2606Elforasterotraidor\n|j|\u2606TonnyDolfing\n|t:|1681768500\n|gametype|doubles\n|player|p1|Elforasterotraidor|hilbert|1175\n|player|p2|TonnyDolfing|lucas-gen4pt|1125\n|teamsize|p1|6\n|teamsize|p2|6\n|gen|9\n|tier|[Gen 9] VGC 2023 Regulation C\n|rated|\n|rule|Species Clause: Limit one of each Pok\u00e9mon\n|rule|Item Clause: Limit one of each item\n|clearpoke\n|poke|p1|Dragonite, L50, M|\n|poke|p1|Flutter Mane, L50|\n|poke|p1|Flamigo, L50, M|\n|poke|p1|Salazzle, L50, F|\n|poke|p1|Tauros-Paldea-Aqua, L50, M|\n|poke|p1|Cryogonal, L50|\n|poke|p2|Ting-Lu, L50|\n|poke|p2|Amoonguss, L50, F|\n|poke|p2|Arcanine, L50, M|\n|poke|p2|Flutter Mane, L50|\n|poke|p2|Palafin, L50, M|\n|poke|p2|Dragonite, L50, M|\n|teampreview|4\n|inactive|Battle timer is ON: inactive players will automatically lose when time's up. (requested by TonnyDolfing)\nTonnyDolfing rejected open team sheets.\n|\n|t:|1681768517\n|start\n|switch|p1a: Tauros|Tauros-Paldea-Aqua, L50, M, shiny|100\/100\n|switch|p1b: Cryogonal|Cryogonal, L50, shiny|100\/100\n|switch|p2a: Flutter Mane|Flutter Mane, L50|100\/100\n|switch|p2b: Palafin|Palafin, L50, M|100\/100\n|-enditem|p2a: Flutter Mane|Booster Energy\n|-activate|p2a: Flutter Mane|ability: Protosynthesis|[fromitem]\n|-start|p2a: Flutter Mane|protosynthesisspe\n|turn|1\n|\n|t:|1681768538\n|detailschange|p2b: Palafin|Palafin-Hero, L50, M\n|switch|p2b: Amoonguss|Amoonguss, L50, F|100\/100\n|-terastallize|p1a: Tauros|Water\n|move|p2a: Flutter Mane|Protect|p2a: Flutter Mane\n|-singleturn|p2a: Flutter Mane|Protect\n|move|p1b: Cryogonal|Frost Breath|p1a: Tauros\n|-resisted|p1a: Tauros\n|-crit|p1a: Tauros\n|-damage|p1a: Tauros|75\/100\n|-setboost|p1a: Tauros|atk|6|[from] ability: Anger Point\n|move|p1a: Tauros|Rock Slide|p2b: Amoonguss|[spread] p2b\n|-activate|p2a: Flutter Mane|move: Protect\n|-damage|p2b: Amoonguss|42\/100\n|-enditem|p2b: Amoonguss|Sitrus Berry|[eat]\n|-heal|p2b: Amoonguss|67\/100|[from] item: Sitrus Berry\n|\n|upkeep\n|turn|2\n|inactive|TonnyDolfing has 30 seconds left.\n|\n|t:|1681768571\n|move|p1a: Tauros|Protect|p1a: Tauros\n|-singleturn|p1a: Tauros|Protect\n|move|p2b: Amoonguss|Rage Powder|p2b: Amoonguss\n|-singleturn|p2b: Amoonguss|move: Rage Powder\n|move|p2a: Flutter Mane|Thunderbolt|p1a: Tauros\n|-activate|p1a: Tauros|move: Protect\n|move|p1b: Cryogonal|Light Screen|p1b: Cryogonal\n|-sidestart|p1: Elforasterotraidor|move: Light Screen\n|\n|upkeep\n|turn|3\n|\n|t:|1681768590\n|switch|p1b: Flamigo|Flamigo, L50, M, shiny|100\/100\n|-copyboost|p1b: Flamigo|p1a: Tauros|[from] ability: Costar\n|move|p2b: Amoonguss|Rage Powder|p2b: Amoonguss\n|-singleturn|p2b: Amoonguss|move: Rage Powder\n|move|p1a: Tauros|Aqua Jet|p2b: Amoonguss\n|-resisted|p2b: Amoonguss\n|-damage|p2b: Amoonguss|25\/100\n|move|p2a: Flutter Mane|Thunderbolt|p1a: Tauros\n|-supereffective|p1a: Tauros\n|-damage|p1a: Tauros|2\/100\n|\n|upkeep\n|turn|4\n|inactive|Elforasterotraidor has 30 seconds left.\n|inactive|TonnyDolfing has 30 seconds left.\n|\n|t:|1681768619\n|move|p2a: Flutter Mane|Protect|p2a: Flutter Mane\n|-singleturn|p2a: Flutter Mane|Protect\n|move|p1a: Tauros|Protect|p1a: Tauros\n|-singleturn|p1a: Tauros|Protect\n|move|p1b: Flamigo|Throat Chop|p2a: Flutter Mane\n|-activate|p2a: Flutter Mane|move: Protect\n|move|p2b: Amoonguss|Pollen Puff|p1a: Tauros\n|-activate|p1a: Tauros|move: Protect\n|\n|upkeep\n|turn|5\n|inactive|TonnyDolfing has 30 seconds left.\n|\n|t:|1681768648\n|move|p1a: Tauros|Aqua Jet|p2a: Flutter Mane\n|-damage|p2a: Flutter Mane|0 fnt\n|faint|p2a: Flutter Mane\n|-end|p2a: Flutter Mane|Protosynthesis|[silent]\n|move|p1b: Flamigo|Throat Chop|p2b: Amoonguss\n|-damage|p2b: Amoonguss|0 fnt\n|faint|p2b: Amoonguss\n|\n|upkeep\n|c|\u2606TonnyDolfing|gg\n|\n|t:|1681768660\n|switch|p2a: Arcanine|Arcanine, L50, M|100\/100\n|switch|p2b: Palafin|Palafin-Hero, L50, M|100\/100\n|-activate|p2b: Palafin|ability: Zero to Hero\n|-ability|p2a: Arcanine|Intimidate|boost\n|-unboost|p1a: Tauros|atk|1\n|-unboost|p1b: Flamigo|atk|1\n|turn|6\n|\n|t:|1681768681\n|-terastallize|p2b: Palafin|Water\n|move|p1a: Tauros|Protect|p1a: Tauros\n|-singleturn|p1a: Tauros|Protect\n|move|p2a: Arcanine|Extreme Speed|p1a: Tauros\n|-activate|p1a: Tauros|move: Protect\n|move|p1b: Flamigo|Close Combat|p2a: Arcanine\n|-damage|p2a: Arcanine|0 fnt\n|-unboost|p1b: Flamigo|def|1\n|-unboost|p1b: Flamigo|spd|1\n|faint|p2a: Arcanine\n|move|p2b: Palafin|Wave Crash|p1b: Flamigo\n|-enditem|p1b: Flamigo|Focus Sash\n|-damage|p1b: Flamigo|1\/100\n|-damage|p2b: Palafin|72\/100|[from] Recoil\n|\n|-sideend|p1: Elforasterotraidor|move: Light Screen\n|upkeep\n|turn|7\n|inactive|Elforasterotraidor has 30 seconds left.\n|\n|t:|1681768708\n|move|p1a: Tauros|Aqua Jet|p2b: Palafin\n|-resisted|p2b: Palafin\n|-damage|p2b: Palafin|29\/100\n|move|p1b: Flamigo|Close Combat|p2b: Palafin\n|-damage|p2b: Palafin|0 fnt\n|-unboost|p1b: Flamigo|def|1\n|-unboost|p1b: Flamigo|spd|1\n|faint|p2b: Palafin\n|\n|win|Elforasterotraidor\n|raw|Elforasterotraidor's rating: 1175 → 1196<\/strong> (+21 for winning)\n|raw|TonnyDolfing's rating: 1125 → 1104<\/strong> (-21 for losing)\n","uploadtime":1681768721,"views":6,"p1id":"elforasterotraidor","p2id":"tonnydolfing","formatid":"gen9vgc2023regulationc","rating":1104,"private":0,"password":""}