{"id":"gen9vgc2023regulationc-1859813851","p1":"Just Crit And Win","p2":"WhatWasIC00KING","format":"[Gen 9] VGC 2023 Regulation C","log":"|j|\u2606Just Crit And Win\n|j|\u2606WhatWasIC00KING\n|t:|1683566723\n|gametype|doubles\n|player|p1|Just Crit And Win|1|\n|player|p2|WhatWasIC00KING|gambler|\n|teamsize|p1|6\n|teamsize|p2|6\n|gen|9\n|tier|[Gen 9] VGC 2023 Regulation C\n|rule|Species Clause: Limit one of each Pok\u00e9mon\n|rule|Item Clause: Limit one of each item\n|clearpoke\n|poke|p1|Flutter Mane, L50|\n|poke|p1|Arcanine, L50, F|\n|poke|p1|Palafin, L50, M|\n|poke|p1|Chien-Pao, L50|\n|poke|p1|Great Tusk, L50|\n|poke|p1|Amoonguss, L50, M|\n|poke|p2|Iron Hands, L50|\n|poke|p2|Oranguru, L50, M|\n|poke|p2|Hatterene, L50, F|\n|poke|p2|Kingambit, L50, F|\n|poke|p2|Torkoal, L50, M|\n|poke|p2|Indeedee-F, L50, F|\n|teampreview|4\n|inactive|Battle timer is ON: inactive players will automatically lose when time's up. (requested by Just Crit And Win)\nJust Crit And Win has agreed to open team sheets.\nWhatWasIC00KING has agreed to open team sheets.\n|inactive|WhatWasIC00KING has 60 seconds left.\n|\n|t:|1683566753\n|start\n|switch|p1a: Chien-Pao|Chien-Pao, L50|100\/100\n|switch|p1b: Flutter Mane|Flutter Mane, L50|100\/100\n|switch|p2a: Kingambit|Kingambit, L50, F|100\/100\n|switch|p2b: Hatterene|Hatterene, L50, F|100\/100\n|-ability|p1a: Chien-Pao|Sword of Ruin\n|-enditem|p1b: Flutter Mane|Booster Energy\n|-activate|p1b: Flutter Mane|ability: Protosynthesis|[fromitem]\n|-start|p1b: Flutter Mane|protosynthesisspa\n|turn|1\n|inactive|Just Crit And Win has 30 seconds left.\n|inactive|WhatWasIC00KING has 30 seconds left.\n|\n|t:|1683566785\n|-terastallize|p2b: Hatterene|Fire\n|move|p1a: Chien-Pao|Throat Chop|p2b: Hatterene\n|-damage|p2b: Hatterene|45\/100\n|-start|p2b: Hatterene|Throat Chop|[silent]\n|move|p1b: Flutter Mane|Shadow Ball|p2b: Hatterene\n|-damage|p2b: Hatterene|0 fnt\n|faint|p2b: Hatterene\n|move|p2a: Kingambit|Kowtow Cleave|p1a: Chien-Pao\n|-resisted|p1a: Chien-Pao\n|-damage|p1a: Chien-Pao|69\/100\n|\n|upkeep\n|\n|t:|1683566796\n|switch|p2b: Iron Hands|Iron Hands, L50|100\/100\n|turn|2\n|\n|t:|1683566814\n|switch|p1a: Amoonguss|Amoonguss, L50, M|100\/100\n|move|p1b: Flutter Mane|Protect|p1b: Flutter Mane\n|-singleturn|p1b: Flutter Mane|Protect\n|move|p2a: Kingambit|Sucker Punch||[still]\n|-fail|p2a: Kingambit\n|move|p2b: Iron Hands|Wild Charge|p1b: Flutter Mane\n|-activate|p1b: Flutter Mane|move: Protect\n|\n|upkeep\n|turn|3\n|\n|t:|1683566838\n|move|p1b: Flutter Mane|Substitute|p1b: Flutter Mane\n|-start|p1b: Flutter Mane|Substitute\n|-damage|p1b: Flutter Mane|76\/100\n|move|p2b: Iron Hands|Wild Charge|p1b: Flutter Mane\n|-end|p1b: Flutter Mane|Substitute\n|-damage|p2b: Iron Hands|96\/100|[from] Recoil|[of] p1b: Flutter Mane\n|move|p2a: Kingambit|Kowtow Cleave|p1b: Flutter Mane\n|-damage|p1b: Flutter Mane|0 fnt\n|faint|p1b: Flutter Mane\n|-end|p1b: Flutter Mane|Protosynthesis|[silent]\n|move|p1a: Amoonguss|Pollen Puff|p1: Flutter Mane|[notarget]\n|-fail|p1a: Amoonguss\n|\n|upkeep\n|\n|t:|1683566852\n|switch|p1b: Great Tusk|Great Tusk, L50|100\/100\n|turn|4\n|inactive|Just Crit And Win has 30 seconds left.\n|\n|t:|1683566881\n|move|p1b: Great Tusk|Headlong Rush|p2b: Iron Hands\n|-supereffective|p2b: Iron Hands\n|-damage|p2b: Iron Hands|7\/100\n|-unboost|p1b: Great Tusk|def|1\n|-unboost|p1b: Great Tusk|spd|1\n|move|p2b: Iron Hands|Drain Punch|p1b: Great Tusk\n|-damage|p1b: Great Tusk|57\/100\n|-heal|p2b: Iron Hands|24\/100|[from] drain|[of] p1b: Great Tusk\n|move|p2a: Kingambit|Swords Dance|p2a: Kingambit\n|-boost|p2a: Kingambit|atk|2\n|move|p1a: Amoonguss|Pollen Puff|p1b: Great Tusk\n|-heal|p1b: Great Tusk|100\/100\n|\n|upkeep\n|turn|5\n|inactive|WhatWasIC00KING has 30 seconds left.\n|\n|t:|1683566909\n|switch|p1a: Chien-Pao|Chien-Pao, L50|69\/100\n|-ability|p1a: Chien-Pao|Sword of Ruin\n|move|p1b: Great Tusk|Headlong Rush|p2a: Kingambit\n|-supereffective|p2a: Kingambit\n|-damage|p2a: Kingambit|0 fnt\n|-unboost|p1b: Great Tusk|def|1\n|-unboost|p1b: Great Tusk|spd|1\n|faint|p2a: Kingambit\n|move|p2b: Iron Hands|Drain Punch|p1b: Great Tusk\n|-damage|p1b: Great Tusk|24\/100\n|-heal|p2b: Iron Hands|53\/100|[from] drain|[of] p1b: Great Tusk\n|\n|upkeep\n|\n|t:|1683566921\n|switch|p2a: Torkoal|Torkoal, L50, M|100\/100\n|-weather|SunnyDay|[from] ability: Drought|[of] p2a: Torkoal\n|-activate|p1b: Great Tusk|ability: Protosynthesis\n|-start|p1b: Great Tusk|protosynthesisatk\n|turn|6\n|\n|t:|1683566940\n|move|p1a: Chien-Pao|Protect|p1a: Chien-Pao\n|-singleturn|p1a: Chien-Pao|Protect\n|move|p1b: Great Tusk|Headlong Rush|p2b: Iron Hands\n|-supereffective|p2b: Iron Hands\n|-damage|p2b: Iron Hands|0 fnt\n|-unboost|p1b: Great Tusk|def|1\n|-unboost|p1b: Great Tusk|spd|1\n|faint|p2b: Iron Hands\n|-end|p2b: Iron Hands|Quark Drive|[silent]\n|move|p2a: Torkoal|Flamethrower|p1a: Chien-Pao\n|-activate|p1a: Chien-Pao|move: Protect\n|\n|-weather|SunnyDay|[upkeep]\n|upkeep\n|turn|7\n|\n|t:|1683566950\n|move|p1b: Great Tusk|Headlong Rush|p2a: Torkoal\n|-supereffective|p2a: Torkoal\n|-damage|p2a: Torkoal|0 fnt\n|-unboost|p1b: Great Tusk|def|1\n|-unboost|p1b: Great Tusk|spd|1\n|faint|p2a: Torkoal\n|\n|win|Just Crit And Win\n|l|\u2606WhatWasIC00KING\n","uploadtime":1683566961,"views":11,"p1id":"justcritandwin","p2id":"whatwasic00king","formatid":"gen9vgc2023regulationc","rating":0,"private":0,"password":""}