{"id":"gen9vgc2023regulationc-1851351787","p1":"Lewlo","p2":"bennoVGC","format":"[Gen 9] VGC 2023 Regulation C","log":"|j|\u2606Lewlo\n|j|\u2606bennoVGC\n|t:|1682438125\n|gametype|doubles\n|player|p1|Lewlo|pokemonbreeder-gen4|1341\n|player|p2|bennoVGC|169|1332\n|teamsize|p1|6\n|teamsize|p2|6\n|gen|9\n|tier|[Gen 9] VGC 2023 Regulation C\n|rated|\n|rule|Species Clause: Limit one of each Pok\u00e9mon\n|rule|Item Clause: Limit one of each item\n|clearpoke\n|poke|p1|Chien-Pao, L50|\n|poke|p1|Azumarill, L50, M|\n|poke|p1|Amoonguss, L50, F|\n|poke|p1|Arcanine, L50, M|\n|poke|p1|Flutter Mane, L50|\n|poke|p1|Klefki, L50, F|\n|poke|p2|Palafin, L50, M|\n|poke|p2|Arcanine, L50, F|\n|poke|p2|Flutter Mane, L50|\n|poke|p2|Amoonguss, L50, M|\n|poke|p2|Ting-Lu, L50|\n|poke|p2|Pawmot, L50, F|\n|teampreview|4\n|inactive|Battle timer is ON: inactive players will automatically lose when time's up. (requested by Lewlo)\nLewlo has agreed to open team sheets.\nbennoVGC has agreed to open team sheets.\n|inactive|bennoVGC has 60 seconds left.\n|inactive|bennoVGC has 30 seconds left.\n|inactive|bennoVGC has 20 seconds left.\n|inactive|bennoVGC has 15 seconds left.\n|inactive|bennoVGC has 10 seconds left.\n|\n|t:|1682438209\n|start\n|switch|p1a: Klefki|Klefki, L50, F|100\/100\n|switch|p1b: Arcanine|Arcanine, L50, M|100\/100\n|switch|p2a: Palafin|Palafin, L50, M, shiny|100\/100\n|switch|p2b: Flutter Mane|Flutter Mane, L50, shiny|100\/100\n|-ability|p1b: Arcanine|Intimidate|boost\n|-fail|p2a: Palafin|unboost|[from] item: Clear Amulet|[of] p2a: Palafin\n|-unboost|p2b: Flutter Mane|atk|1\n|turn|1\n|inactive|bennoVGC has 30 seconds left.\n|inactive|bennoVGC has 20 seconds left.\n|\n|t:|1682438247\n|detailschange|p2a: Palafin|Palafin-Hero, L50, M, shiny\n|switch|p2a: Arcanine|Arcanine, L50, F, shiny|100\/100\n|-ability|p2a: Arcanine|Intimidate|boost\n|-unboost|p1a: Klefki|atk|1\n|-unboost|p1b: Arcanine|atk|1\n|move|p1b: Arcanine|Protect|p1b: Arcanine\n|-singleturn|p1b: Arcanine|Protect\n|move|p1a: Klefki|Light Screen|p1a: Klefki\n|-sidestart|p1: Lewlo|move: Light Screen\n|move|p2b: Flutter Mane|Shadow Ball|p1b: Arcanine\n|-activate|p1b: Arcanine|move: Protect\n|\n|upkeep\n|turn|2\n|\n|t:|1682438264\n|move|p1a: Klefki|Reflect|p1a: Klefki\n|-sidestart|p1: Lewlo|Reflect\n|move|p2b: Flutter Mane|Shadow Ball|p1b: Arcanine\n|-damage|p1b: Arcanine|67\/100\n|move|p2a: Arcanine|Flare Blitz|p1a: Klefki\n|-supereffective|p1a: Klefki\n|-damage|p1a: Klefki|36\/100\n|-damage|p2a: Arcanine|83\/100|[from] Recoil\n|move|p1b: Arcanine|Howl|p1b: Arcanine|[spread] p1a,p1b\n|-boost|p1a: Klefki|atk|1\n|-boost|p1b: Arcanine|atk|1\n|\n|upkeep\n|turn|3\n|\n|t:|1682438278\n|-end|p2b: Flutter Mane|Protosynthesis|[silent]\n|switch|p2b: Palafin|Palafin-Hero, L50, M, shiny|100\/100\n|-activate|p2b: Palafin|ability: Zero to Hero\n|switch|p1a: Azumarill|Azumarill, L50, M|100\/100\n|move|p2a: Arcanine|Flare Blitz|p1a: Azumarill\n|-resisted|p1a: Azumarill\n|-damage|p1a: Azumarill|85\/100\n|-status|p1a: Azumarill|brn\n|-damage|p2a: Arcanine|78\/100|[from] Recoil\n|move|p1b: Arcanine|Howl|p1b: Arcanine|[spread] p1a,p1b\n|-boost|p1a: Azumarill|atk|1\n|-boost|p1b: Arcanine|atk|1\n|\n|-damage|p1a: Azumarill|80\/100 brn|[from] brn\n|upkeep\n|turn|4\n|inactive|bennoVGC has 30 seconds left.\n|\n|t:|1682438305\n|switch|p2a: Amoonguss|Amoonguss, L50, M, shiny|100\/100\n|move|p1b: Arcanine|Protect|p1b: Arcanine\n|-singleturn|p1b: Arcanine|Protect\n|move|p1a: Azumarill|Aqua Jet|p2a: Amoonguss\n|-resisted|p2a: Amoonguss\n|-damage|p2a: Amoonguss|93\/100\n|move|p2b: Palafin|Haze|p2b: Palafin\n|-clearallboost\n|\n|-damage|p1a: Azumarill|74\/100 brn|[from] brn\n|upkeep\n|turn|5\n|\n|t:|1682438328\n|switch|p1b: Klefki|Klefki, L50, F|36\/100\n|-terastallize|p2b: Palafin|Water\n|move|p2a: Amoonguss|Protect|p2a: Amoonguss\n|-singleturn|p2a: Amoonguss|Protect\n|move|p2b: Palafin|Jet Punch|p1b: Klefki\n|-damage|p1b: Klefki|5\/100\n|move|p1a: Azumarill|Play Rough|p2a: Amoonguss\n|-activate|p2a: Amoonguss|move: Protect\n|\n|-damage|p1a: Azumarill|68\/100 brn|[from] brn\n|upkeep\n|turn|6\n|inactive|Lewlo has 30 seconds left.\n|inactive|Lewlo has 20 seconds left.\n|\n|t:|1682438365\n|move|p2a: Amoonguss|Rage Powder|p2a: Amoonguss\n|-singleturn|p2a: Amoonguss|move: Rage Powder\n|move|p2b: Palafin|Jet Punch|p1b: Klefki\n|-damage|p1b: Klefki|0 fnt\n|faint|p1b: Klefki\n|move|p1a: Azumarill|Play Rough|p2a: Amoonguss|[miss]\n|-miss|p1a: Azumarill|p2a: Amoonguss\n|\n|-damage|p1a: Azumarill|62\/100 brn|[from] brn\n|upkeep\n|\n|t:|1682438368\n|switch|p1b: Arcanine|Arcanine, L50, M|67\/100\n|-ability|p1b: Arcanine|Intimidate|boost\n|-unboost|p2a: Amoonguss|atk|1\n|-fail|p2b: Palafin|unboost|[from] item: Clear Amulet|[of] p2b: Palafin\n|turn|7\n|inactive|bennoVGC has 30 seconds left.\n|\n|t:|1682438394\n|switch|p2a: Arcanine|Arcanine, L50, F, shiny|78\/100\n|-ability|p2a: Arcanine|Intimidate|boost\n|-unboost|p1a: Azumarill|atk|1\n|-unboost|p1b: Arcanine|atk|1\n|-terastallize|p1b: Arcanine|Normal\n|move|p2b: Palafin|Jet Punch|p1b: Arcanine\n|-damage|p1b: Arcanine|34\/100\n|move|p1b: Arcanine|Howl|p1b: Arcanine|[spread] p1a,p1b\n|-boost|p1a: Azumarill|atk|1\n|-boost|p1b: Arcanine|atk|1\n|move|p1a: Azumarill|Ice Spinner|p2a: Arcanine\n|-resisted|p2a: Arcanine\n|-damage|p2a: Arcanine|70\/100\n|\n|-damage|p1a: Azumarill|56\/100 brn|[from] brn\n|upkeep\n|turn|8\n|inactive|bennoVGC has 30 seconds left.\n|inactive|bennoVGC has 20 seconds left.\n|\n|t:|1682438429\n|switch|p2a: Amoonguss|Amoonguss, L50, M, shiny|100\/100\n|move|p1b: Arcanine|Extreme Speed|p2a: Amoonguss\n|-damage|p2a: Amoonguss|74\/100\n|move|p2b: Palafin|Jet Punch|p1b: Arcanine\n|-damage|p1b: Arcanine|4\/100\n|move|p1a: Azumarill|Aqua Jet|p2a: Amoonguss\n|-resisted|p2a: Amoonguss\n|-damage|p2a: Amoonguss|68\/100\n|\n|-damage|p1a: Azumarill|50\/100 brn|[from] brn\n|-sideend|p1: Lewlo|move: Light Screen\n|upkeep\n|turn|9\n|c|\u2606Lewlo|gg\n|\n|t:|1682438447\n|move|p2a: Amoonguss|Protect|p2a: Amoonguss\n|-singleturn|p2a: Amoonguss|Protect\n|move|p1b: Arcanine|Extreme Speed|p2b: Palafin\n|-damage|p2b: Palafin|73\/100\n|move|p2b: Palafin|Jet Punch|p1b: Arcanine\n|-damage|p1b: Arcanine|0 fnt\n|faint|p1b: Arcanine\n|move|p1a: Azumarill|Ice Spinner|p2a: Amoonguss\n|-activate|p2a: Amoonguss|move: Protect\n|\n|-damage|p1a: Azumarill|44\/100 brn|[from] brn\n|-sideend|p1: Lewlo|Reflect\n|upkeep\n|-message|Lewlo forfeited.\n|\n|win|bennoVGC\n|raw|Lewlo's rating: 1341 → 1320<\/strong> (-21 for losing)\n|raw|bennoVGC's rating: 1332 → 1353<\/strong> (+21 for winning)\n|l|\u2606Lewlo\n","uploadtime":1682438462,"views":6,"p1id":"lewlo","p2id":"bennovgc","formatid":"gen9vgc2023regulationc","rating":1320,"private":0,"password":""}