{"id":"gen9vgc2023regulationc-1855355066","p1":"ShortbreadDread","p2":"rewnator","format":"[Gen 9] VGC 2023 Regulation C","log":"|j|\u2606ShortbreadDread\n|j|\u2606rewnator\n|t:|1682942135\n|gametype|doubles\n|player|p1|ShortbreadDread|dancer|1357\n|player|p2|rewnator|riley|1420\n|teamsize|p1|6\n|teamsize|p2|6\n|gen|9\n|tier|[Gen 9] VGC 2023 Regulation C\n|rated|\n|rule|Species Clause: Limit one of each Pok\u00e9mon\n|rule|Item Clause: Limit one of each item\n|clearpoke\n|poke|p1|Chi-Yu, L50|\n|poke|p1|Flutter Mane, L50|\n|poke|p1|Amoonguss, L50, M|\n|poke|p1|Ceruledge, L50, F|\n|poke|p1|Iron Hands, L50|\n|poke|p1|Iron Bundle, L50|\n|poke|p2|Grimmsnarl, L50, M|\n|poke|p2|Annihilape, L50, F|\n|poke|p2|Orthworm, L50, M|\n|poke|p2|Chien-Pao, L50|\n|poke|p2|Chi-Yu, L50|\n|poke|p2|Iron Bundle, L50|\n|teampreview|4\n|inactive|Battle timer is ON: inactive players will automatically lose when time's up. (requested by ShortbreadDread)\n|inactive|ShortbreadDread has 60 seconds left.\n|inactive|rewnator has 60 seconds left.\n|\n|t:|1682942192\n|start\n|switch|p1a: Iron Hands|Iron Hands, L50|100\/100\n|switch|p1b: Maria Beetle|Flutter Mane, L50, shiny|100\/100\n|switch|p2a: Grimmsnarl|Grimmsnarl, L50, M|100\/100\n|switch|p2b: Orthworm|Orthworm, L50, M|100\/100\n|turn|1\n|inactive|ShortbreadDread has 30 seconds left.\n|inactive|ShortbreadDread has 20 seconds left.\n|inactive|ShortbreadDread has 15 seconds left.\n|\n|t:|1682942235\n|move|p2a: Grimmsnarl|Fake Out|p1a: Iron Hands\n|-damage|p1a: Iron Hands|92\/100\n|cant|p1a: Iron Hands|flinch\n|move|p1b: Maria Beetle|Shadow Ball|p2b: Orthworm\n|-damage|p2b: Orthworm|13\/100\n|-enditem|p2b: Orthworm|Sitrus Berry|[eat]\n|-heal|p2b: Orthworm|38\/100|[from] item: Sitrus Berry\n|move|p2b: Orthworm|Shed Tail|p2b: Orthworm\n|-fail|p2b: Orthworm|move: Shed Tail|[weak]\n|\n|upkeep\n|turn|2\n|\n|t:|1682942252\n|move|p2a: Grimmsnarl|Sucker Punch|p1b: Maria Beetle\n|-damage|p1b: Maria Beetle|43\/100\n|move|p1b: Maria Beetle|Shadow Ball|p2b: Orthworm\n|-damage|p2b: Orthworm|0 fnt\n|faint|p2b: Orthworm\n|move|p1a: Iron Hands|Wild Charge|p2a: Grimmsnarl\n|-damage|p2a: Grimmsnarl|45\/100\n|-damage|p1a: Iron Hands|81\/100|[from] Recoil\n|\n|upkeep\n|\n|t:|1682942258\n|switch|p2b: Annihilape|Annihilape, L50, F|100\/100\n|turn|3\n|\n|t:|1682942269\n|-end|p1b: Maria Beetle|Protosynthesis|[silent]\n|switch|p1b: Nanao|Chi-Yu, L50|100\/100\n|-ability|p1b: Nanao|Beads of Ruin\n|move|p2a: Grimmsnarl|Sucker Punch||[still]\n|-fail|p2a: Grimmsnarl\n|move|p2b: Annihilape|Bulk Up|p2b: Annihilape\n|-boost|p2b: Annihilape|atk|1\n|-boost|p2b: Annihilape|def|1\n|move|p1a: Iron Hands|Wild Charge|p2a: Grimmsnarl\n|-damage|p2a: Grimmsnarl|0 fnt\n|faint|p2a: Grimmsnarl\n|-damage|p1a: Iron Hands|73\/100|[from] Recoil\n|\n|upkeep\n|\n|t:|1682942272\n|switch|p2a: Chien-Pao|Chien-Pao, L50|100\/100\n|-ability|p2a: Chien-Pao|Sword of Ruin\n|turn|4\n|inactive|ShortbreadDread has 30 seconds left.\n|\n|t:|1682942300\n|-terastallize|p2b: Annihilape|Fire\n|move|p2a: Chien-Pao|Protect|p2a: Chien-Pao\n|-singleturn|p2a: Chien-Pao|Protect\n|move|p1b: Nanao|Heat Wave|p2a: Chien-Pao|[spread] p2b\n|-activate|p2a: Chien-Pao|move: Protect\n|-resisted|p2b: Annihilape\n|-damage|p2b: Annihilape|76\/100\n|move|p2b: Annihilape|Drain Punch|p1b: Nanao\n|-supereffective|p1b: Nanao\n|-damage|p1b: Nanao|0 fnt\n|-heal|p2b: Annihilape|100\/100|[from] drain|[of] p1b: Nanao\n|faint|p1b: Nanao\n|move|p1a: Iron Hands|Volt Switch|p2a: Chien-Pao\n|-activate|p2a: Chien-Pao|move: Protect\n|\n|upkeep\n|\n|t:|1682942310\n|switch|p1b: Fiji|Iron Bundle, L50|100\/100\n|-enditem|p1b: Fiji|Booster Energy\n|-activate|p1b: Fiji|ability: Quark Drive|[fromitem]\n|-start|p1b: Fiji|quarkdrivespe\n|turn|5\n|\n|t:|1682942335\n|move|p1b: Fiji|Protect|p1b: Fiji\n|-singleturn|p1b: Fiji|Protect\n|move|p2b: Annihilape|Protect|p2b: Annihilape\n|-singleturn|p2b: Annihilape|Protect\n|move|p2a: Chien-Pao|Sacred Sword|p1b: Fiji\n|-activate|p1b: Fiji|move: Protect\n|move|p1a: Iron Hands|Drain Punch|p2a: Chien-Pao\n|-supereffective|p2a: Chien-Pao\n|-enditem|p2a: Chien-Pao|Focus Sash\n|-damage|p2a: Chien-Pao|1\/100\n|-heal|p1a: Iron Hands|100\/100|[from] drain|[of] p2a: Chien-Pao\n|\n|upkeep\n|turn|6\n|\n|t:|1682942352\n|move|p1b: Fiji|Hydro Pump|p2b: Annihilape\n|-supereffective|p2b: Annihilape\n|-damage|p2b: Annihilape|13\/100\n|move|p2a: Chien-Pao|Sacred Sword|p1b: Fiji\n|-supereffective|p1b: Fiji\n|-damage|p1b: Fiji|13\/100\n|move|p2b: Annihilape|Drain Punch|p1b: Fiji\n|-supereffective|p1b: Fiji\n|-damage|p1b: Fiji|0 fnt\n|-heal|p2b: Annihilape|18\/100|[from] drain|[of] p1b: Fiji\n|faint|p1b: Fiji\n|-end|p1b: Fiji|Quark Drive|[silent]\n|move|p1a: Iron Hands|Volt Switch|p2a: Chien-Pao\n|-damage|p2a: Chien-Pao|0 fnt\n|faint|p2a: Chien-Pao\n|\n|t:|1682942354\n|-end|p1a: Iron Hands|Quark Drive|[silent]\n|switch|p1a: Maria Beetle|Flutter Mane, L50, shiny|43\/100|[from] Volt Switch\n|\n|upkeep\n|\n|t:|1682942356\n|switch|p1b: Iron Hands|Iron Hands, L50|100\/100\n|turn|7\n|-message|rewnator forfeited.\n|\n|win|ShortbreadDread\n|raw|ShortbreadDread's rating: 1357 → 1381<\/strong> (+24 for winning)\n|raw|rewnator's rating: 1420 → 1396<\/strong> (-24 for losing)\n|l|\u2606rewnator\n","uploadtime":1682942379,"views":18,"p1id":"shortbreaddread","p2id":"rewnator","formatid":"gen9vgc2023regulationc","rating":1381,"private":0,"password":""}