{"id":"gen9vgc2023regulationc-1847999378","p1":"200 routes","p2":"Metallicmadness","format":"[Gen 9] VGC 2023 Regulation C","log":"|j|\u2606200 routes\n|j|\u2606Metallicmadness\n|t:|1682019419\n|gametype|doubles\n|player|p1|200 routes|rosa|1340\n|player|p2|Metallicmadness|266|1366\n|teamsize|p1|6\n|teamsize|p2|6\n|gen|9\n|tier|[Gen 9] VGC 2023 Regulation C\n|rated|\n|rule|Species Clause: Limit one of each Pok\u00e9mon\n|rule|Item Clause: Limit one of each item\n|clearpoke\n|poke|p1|Scizor, L50, F|\n|poke|p1|Iron Bundle, L50|\n|poke|p1|Iron Hands, L50|\n|poke|p1|Baxcalibur, L50, M|\n|poke|p1|Amoonguss, L50, F|\n|poke|p1|Flutter Mane, L50|\n|poke|p2|Hariyama, L50, F|\n|poke|p2|Brute Bonnet, L50|\n|poke|p2|Kingambit, L50, F|\n|poke|p2|Ting-Lu, L50|\n|poke|p2|Hatterene, L50, F|\n|poke|p2|Torkoal, L50, M|\n|teampreview|4\n|inactive|Battle timer is ON: inactive players will automatically lose when time's up. (requested by Metallicmadness)\n|inactive|Metallicmadness has 60 seconds left.\n|\n|t:|1682019454\n|start\n|switch|p1a: Iron Hands|Iron Hands, L50|100\/100\n|switch|p1b: Baxcalibur|Baxcalibur, L50, M|100\/100\n|switch|p2a: Hariyama|Hariyama, L50, F|100\/100\n|switch|p2b: Hatterene|Hatterene, L50, F|100\/100\n|turn|1\n|inactive|200 routes has 30 seconds left.\n|\n|t:|1682019480\n|move|p1b: Baxcalibur|Protect|p1b: Baxcalibur\n|-singleturn|p1b: Baxcalibur|Protect\n|move|p2a: Hariyama|Fake Out|p1a: Iron Hands\n|-damage|p1a: Iron Hands|92\/100\n|cant|p1a: Iron Hands|flinch\n|move|p2b: Hatterene|Trick Room|p2b: Hatterene\n|-fieldstart|move: Trick Room|[of] p2b: Hatterene\n|\n|-status|p2a: Hariyama|brn|[from] item: Flame Orb\n|upkeep\n|turn|2\n|\n|t:|1682019503\n|switch|p1b: Amoonguss|Amoonguss, L50, F|100\/100\n|-terastallize|p1a: Iron Hands|Grass\n|move|p2b: Hatterene|Psyshock|p1a: Iron Hands\n|-damage|p1a: Iron Hands|63\/100\n|move|p2a: Hariyama|Brick Break|p1a: Iron Hands\n|-damage|p1a: Iron Hands|24\/100\n|move|p1a: Iron Hands|Heavy Slam|p2b: Hatterene\n|-supereffective|p2b: Hatterene\n|-damage|p2b: Hatterene|9\/100\n|\n|-damage|p2a: Hariyama|95\/100 brn|[from] brn\n|upkeep\n|turn|3\n|inactive|200 routes has 30 seconds left.\n|inactive|200 routes has 20 seconds left.\n|inactive|200 routes has 15 seconds left.\n|inactive|200 routes has 10 seconds left.\n|inactive|200 routes has 5 seconds left.\n|\n|t:|1682019557\n|move|p1b: Amoonguss|Rage Powder|p1b: Amoonguss\n|-singleturn|p1b: Amoonguss|move: Rage Powder\n|move|p2b: Hatterene|Psyshock|p1b: Amoonguss\n|-supereffective|p1b: Amoonguss\n|-damage|p1b: Amoonguss|27\/100\n|-enditem|p1b: Amoonguss|Sitrus Berry|[eat]\n|-heal|p1b: Amoonguss|52\/100|[from] item: Sitrus Berry\n|move|p2a: Hariyama|Knock Off|p1b: Amoonguss\n|-damage|p1b: Amoonguss|22\/100\n|move|p1a: Iron Hands|Drain Punch|p2b: Hatterene\n|-resisted|p2b: Hatterene\n|-damage|p2b: Hatterene|0 fnt\n|-heal|p1a: Iron Hands|27\/100|[from] drain|[of] p2b: Hatterene\n|faint|p2b: Hatterene\n|\n|-damage|p2a: Hariyama|89\/100 brn|[from] brn\n|upkeep\n|\n|t:|1682019564\n|switch|p2b: Torkoal|Torkoal, L50, M|100\/100\n|-weather|SunnyDay|[from] ability: Drought|[of] p2b: Torkoal\n|turn|4\n|inactive|200 routes has 30 seconds left.\n|inactive|200 routes has 20 seconds left.\n|\n|t:|1682019601\n|switch|p2a: Brute Bonnet|Brute Bonnet, L50|100\/100\n|-activate|p2a: Brute Bonnet|ability: Protosynthesis\n|-start|p2a: Brute Bonnet|protosynthesisatk\n|-end|p1a: Iron Hands|Quark Drive|[silent]\n|switch|p1a: Scizor|Scizor, L50, F|100\/100\n|move|p1b: Amoonguss|Protect|p1b: Amoonguss\n|-singleturn|p1b: Amoonguss|Protect\n|move|p2b: Torkoal|Eruption|p1a: Scizor|[spread] p1a\n|-activate|p1b: Amoonguss|move: Protect\n|-supereffective|p1a: Scizor\n|-damage|p1a: Scizor|0 fnt\n|faint|p1a: Scizor\n|\n|-weather|SunnyDay|[upkeep]\n|upkeep\n|\n|t:|1682019615\n|switch|p1a: Iron Hands|Iron Hands, L50, tera:Grass|27\/100\n|turn|5\n|\n|t:|1682019636\n|move|p1a: Iron Hands|Fake Out|p2b: Torkoal\n|-damage|p2b: Torkoal|89\/100\n|cant|p2b: Torkoal|flinch\n|move|p1b: Amoonguss|Pollen Puff|p2a: Brute Bonnet\n|-supereffective|p2a: Brute Bonnet\n|-damage|p2a: Brute Bonnet|53\/100\n|move|p2a: Brute Bonnet|Bullet Seed|p1a: Iron Hands\n|-resisted|p1a: Iron Hands\n|-damage|p1a: Iron Hands|22\/100\n|-resisted|p1a: Iron Hands\n|-damage|p1a: Iron Hands|17\/100\n|-resisted|p1a: Iron Hands\n|-damage|p1a: Iron Hands|11\/100\n|-resisted|p1a: Iron Hands\n|-damage|p1a: Iron Hands|5\/100\n|-resisted|p1a: Iron Hands\n|-damage|p1a: Iron Hands|1\/100\n|-hitcount|p1a: Iron Hands|5\n|\n|-weather|SunnyDay|[upkeep]\n|-fieldend|move: Trick Room\n|upkeep\n|turn|6\n|inactive|200 routes has 30 seconds left.\n|inactive|200 routes has 20 seconds left.\n|\n|t:|1682019675\n|switch|p2b: Hariyama|Hariyama, L50, F|89\/100 brn\n|move|p2a: Brute Bonnet|Sucker Punch|p1a: Iron Hands\n|-crit|p1a: Iron Hands\n|-damage|p1a: Iron Hands|0 fnt\n|faint|p1a: Iron Hands\n|-end|p1a: Iron Hands|Quark Drive|[silent]\n|move|p1b: Amoonguss|Spore||[still]\n|-fail|p1b: Amoonguss\n|\n|-weather|SunnyDay|[upkeep]\n|-damage|p2b: Hariyama|83\/100 brn|[from] brn\n|upkeep\n|\n|t:|1682019680\n|switch|p1a: Baxcalibur|Baxcalibur, L50, M|100\/100\n|turn|7\n|inactive|200 routes has 30 seconds left.\n|inactive|200 routes has 20 seconds left.\n|inactive|200 routes has 15 seconds left.\n|\n|t:|1682019721\n|move|p1a: Baxcalibur|Protect|p1a: Baxcalibur\n|-singleturn|p1a: Baxcalibur|Protect\n|move|p1b: Amoonguss|Protect|p1b: Amoonguss\n|-singleturn|p1b: Amoonguss|Protect\n|move|p2b: Hariyama|Fake Out|p1a: Baxcalibur\n|-activate|p1a: Baxcalibur|move: Protect\n|move|p2a: Brute Bonnet|Sucker Punch||[still]\n|-fail|p2a: Brute Bonnet\n|\n|-weather|SunnyDay|[upkeep]\n|-damage|p2b: Hariyama|77\/100 brn|[from] brn\n|upkeep\n|turn|8\n|inactive|200 routes has 30 seconds left.\n|inactive|200 routes has 20 seconds left.\n|inactive|200 routes has 15 seconds left.\n|inactive|200 routes has 10 seconds left.\n|\n|t:|1682019770\n|-terastallize|p2a: Brute Bonnet|Poison\n|move|p1b: Amoonguss|Rage Powder|p1b: Amoonguss\n|-singleturn|p1b: Amoonguss|move: Rage Powder\n|move|p1a: Baxcalibur|Glaive Rush|p2b: Hariyama\n|-damage|p2b: Hariyama|0 fnt\n|-singlemove|p1a: Baxcalibur|Glaive Rush|[silent]\n|faint|p2b: Hariyama\n|move|p2a: Brute Bonnet|Spore|p1b: Amoonguss\n|-immune|p1b: Amoonguss\n|\n|-weather|none\n|-end|p2a: Brute Bonnet|Protosynthesis\n|upkeep\n|\n|t:|1682019780\n|switch|p2b: Torkoal|Torkoal, L50, M|89\/100\n|-weather|SunnyDay|[from] ability: Drought|[of] p2b: Torkoal\n|-activate|p2a: Brute Bonnet|ability: Protosynthesis\n|-start|p2a: Brute Bonnet|protosynthesisatk\n|turn|9\n|\n|t:|1682019790\n|move|p1a: Baxcalibur|Glaive Rush|p2a: Brute Bonnet\n|-damage|p2a: Brute Bonnet|0 fnt\n|-singlemove|p1a: Baxcalibur|Glaive Rush|[silent]\n|faint|p2a: Brute Bonnet\n|-end|p2a: Brute Bonnet|Protosynthesis|[silent]\n|move|p1b: Amoonguss|Spore|p2b: Torkoal\n|-status|p2b: Torkoal|slp|[from] move: Spore\n|cant|p2b: Torkoal|slp\n|\n|-weather|SunnyDay|[upkeep]\n|upkeep\n|turn|10\n|-message|Metallicmadness forfeited.\n|\n|win|200 routes\n|raw|200 routes's rating: 1340 → 1361<\/strong> (+21 for winning)\n|raw|Metallicmadness's rating: 1366 → 1345<\/strong> (-21 for losing)\n|l|\u2606Metallicmadness\n","uploadtime":1682019801,"views":12,"p1id":"200routes","p2id":"metallicmadness","formatid":"gen9vgc2023regulationc","rating":1345,"private":0,"password":""}