{"id":"gen9vgc2023regulationc-1857684500","p1":"ropelife","p2":"Rickinch","format":"[Gen 9] VGC 2023 Regulation C","log":"|j|\u2606ropelife\n|j|\u2606Rickinch\n|t:|1683221883\n|gametype|doubles\n|player|p1|ropelife|juggler|1063\n|player|p2|Rickinch|1|1045\n|teamsize|p1|6\n|teamsize|p2|6\n|gen|9\n|tier|[Gen 9] VGC 2023 Regulation C\n|rated|\n|rule|Species Clause: Limit one of each Pok\u00e9mon\n|rule|Item Clause: Limit one of each item\n|clearpoke\n|poke|p1|Garchomp, L50, F|\n|poke|p1|Iron Jugulis, L50|\n|poke|p1|Hawlucha, L50, F|\n|poke|p1|Weavile, L50, F|\n|poke|p1|Iron Bundle, L50|\n|poke|p1|Tauros-Paldea-Aqua, L50, M|\n|poke|p2|Iron Bundle, L50|\n|poke|p2|Clawitzer, L50, M|\n|poke|p2|Azumarill, L50, F|\n|poke|p2|Chi-Yu, L50|\n|poke|p2|Pelipper, L50, F|\n|poke|p2|Kilowattrel, L50, F|\n|teampreview|4\n|inactive|Battle timer is ON: inactive players will automatically lose when time's up. (requested by ropelife)\n|\n|t:|1683221890\n|start\n|switch|p1a: fake santa|Iron Bundle, L50, shiny|100\/100\n|switch|p1b: Tauros|Tauros-Paldea-Aqua, L50, M, shiny|100\/100\n|switch|p2a: Iron Bundle|Iron Bundle, L50|100\/100\n|switch|p2b: Kilowater|Kilowattrel, L50, F, shiny|100\/100\n|-ability|p1b: Tauros|Intimidate|boost\n|-unboost|p2a: Iron Bundle|atk|1\n|-unboost|p2b: Kilowater|atk|1\n|-ability|p2b: Kilowater|Competitive|boost\n|-boost|p2b: Kilowater|spa|2\n|-enditem|p1a: fake santa|Booster Energy\n|-activate|p1a: fake santa|ability: Quark Drive|[fromitem]\n|-start|p1a: fake santa|quarkdrivespe\n|-enditem|p2a: Iron Bundle|Booster Energy\n|-activate|p2a: Iron Bundle|ability: Quark Drive|[fromitem]\n|-start|p2a: Iron Bundle|quarkdrivespe\n|turn|1\n|n|\u2606ropelife|ropelife\n|\n|t:|1683221911\n|-terastallize|p2b: Kilowater|Water\n|move|p1a: fake santa|Taunt|p2b: Kilowater\n|-start|p2b: Kilowater|move: Taunt\n|move|p2a: Iron Bundle|Flip Turn|p2b: Kilowater\n|-resisted|p2b: Kilowater\n|-damage|p2b: Kilowater|92\/100\n|-enditem|p2b: Kilowater|Absorb Bulb\n|-boost|p2b: Kilowater|spa|1|[from] item: Absorb Bulb\n|\n|t:|1683221923\n|-end|p2a: Iron Bundle|Quark Drive|[silent]\n|switch|p2a: Pelipper|Pelipper, L50, F, shiny|100\/100|[from] Flip Turn\n|-weather|RainDance|[from] ability: Drizzle|[of] p2a: Pelipper\n|move|p2b: Kilowater|Thunder|p1a: fake santa\n|-supereffective|p1a: fake santa\n|-damage|p1a: fake santa|0 fnt\n|faint|p1a: fake santa\n|-end|p1a: fake santa|Quark Drive|[silent]\n|move|p1b: Tauros|Close Combat|p2a: Pelipper\n|-resisted|p2a: Pelipper\n|-damage|p2a: Pelipper|67\/100\n|-unboost|p1b: Tauros|def|1\n|-unboost|p1b: Tauros|spd|1\n|\n|-weather|RainDance|[upkeep]\n|upkeep\n|\n|t:|1683221943\n|switch|p1a: cat?|Weavile, L50, F, shiny|100\/100\n|turn|2\n|\n|t:|1683221968\n|move|p1a: cat?|Fake Out|p2b: Kilowater\n|-damage|p2b: Kilowater|57\/100\n|-damage|p1a: cat?|91\/100|[from] item: Life Orb\n|cant|p2b: Kilowater|flinch\n|move|p1b: Tauros|Close Combat|p2b: Kilowater\n|-damage|p2b: Kilowater|0 fnt\n|-unboost|p1b: Tauros|def|1\n|-unboost|p1b: Tauros|spd|1\n|faint|p2b: Kilowater\n|move|p2a: Pelipper|Hurricane|p1b: Tauros\n|-supereffective|p1b: Tauros\n|-damage|p1b: Tauros|0 fnt\n|faint|p1b: Tauros\n|\n|-weather|RainDance|[upkeep]\n|upkeep\n|\n|t:|1683221985\n|switch|p2b: Azumarill|Azumarill, L50, F|100\/100\n|switch|p1b: :D|Hawlucha, L50, F, shiny|100\/100\n|turn|3\n|\n|t:|1683221996\n|move|p1a: cat?|Ice Spinner|p2a: Pelipper\n|-damage|p2a: Pelipper|0 fnt\n|faint|p2a: Pelipper\n|-damage|p1a: cat?|81\/100|[from] item: Life Orb\n|move|p1b: :D|Close Combat|p2b: Azumarill\n|-resisted|p2b: Azumarill\n|-damage|p2b: Azumarill|72\/100\n|-unboost|p1b: :D|def|1\n|-unboost|p1b: :D|spd|1\n|-enditem|p1b: :D|White Herb\n|-clearnegativeboost|p1b: :D|[silent]\n|move|p2b: Azumarill|Play Rough|p1a: cat?\n|-supereffective|p1a: cat?\n|-damage|p1a: cat?|0 fnt\n|faint|p1a: cat?\n|-damage|p2b: Azumarill|62\/100|[from] item: Life Orb\n|\n|-weather|RainDance|[upkeep]\n|upkeep\n|\n|t:|1683222011\n|switch|p2a: Iron Bundle|Iron Bundle, L50|100\/100\n|turn|4\n|\n|t:|1683222020\n|-terastallize|p1b: :D|Grass\n|move|p1b: :D|Close Combat|p2a: Iron Bundle\n|-supereffective|p2a: Iron Bundle\n|-damage|p2a: Iron Bundle|0 fnt\n|-unboost|p1b: :D|def|1\n|-unboost|p1b: :D|spd|1\n|faint|p2a: Iron Bundle\n|-end|p2a: Iron Bundle|Quark Drive|[silent]\n|move|p2b: Azumarill|Liquidation|p1b: :D\n|-resisted|p1b: :D\n|-damage|p1b: :D|6\/100\n|-unboost|p1b: :D|def|1\n|-damage|p2b: Azumarill|52\/100|[from] item: Life Orb\n|\n|-weather|RainDance|[upkeep]\n|upkeep\n|turn|5\n|\n|t:|1683222033\n|move|p2b: Azumarill|Aqua Jet|p1b: :D\n|-resisted|p1b: :D\n|-damage|p1b: :D|0 fnt\n|faint|p1b: :D\n|-damage|p2b: Azumarill|42\/100|[from] item: Life Orb\n|\n|win|Rickinch\n|raw|ropelife's rating: 1063 → 1043<\/strong> (-20 for losing)\n|raw|Rickinch's rating: 1045 → 1080<\/strong> (+35 for winning)\n|c|\u2606Rickinch|gg\n|c|\u2606ropelife|gg\n|l|\u2606ropelife\n","uploadtime":1683222067,"views":18,"p1id":"ropelife","p2id":"rickinch","formatid":"gen9vgc2023regulationc","rating":1043,"private":0,"password":""}