{"id":"gen9vgc2023regulationc-1852230389","p1":"deathdragon25o","p2":"jayballester","format":"[Gen 9] VGC 2023 Regulation C","log":"|j|\u2606deathdragon25o\n|j|\u2606jayballester\n|t:|1682534919\n|gametype|doubles\n|player|p1|deathdragon25o|cress|\n|player|p2|jayballester|riley|\n|teamsize|p1|6\n|teamsize|p2|6\n|gen|9\n|tier|[Gen 9] VGC 2023 Regulation C\n|rule|Species Clause: Limit one of each Pok\u00e9mon\n|rule|Item Clause: Limit one of each item\n|clearpoke\n|poke|p1|Quaquaval, L50, F|\n|poke|p1|Weavile, L50, M|\n|poke|p1|Iron Bundle, L50|\n|poke|p1|Oricorio, L50, F|\n|poke|p1|Espeon, L50, F|\n|poke|p1|Revavroom, L50, M|\n|poke|p2|Palafin, L50, M|\n|poke|p2|Ting-Lu, L50|\n|poke|p2|Ditto, L50|\n|poke|p2|Toedscool, L50, F|\n|poke|p2|Salazzle, L50, F|\n|poke|p2|Hatterene, L50, F|\n|teampreview|4\n|inactive|Battle timer is ON: inactive players will automatically lose when time's up. (requested by deathdragon25o)\n|inactiveoff|Battle timer is now OFF.\n|c|\u2606jayballester|g1\n|c|\u2606jayballester|let's open all three\n|c|\u2606deathdragon25o|glhf\n|c|\u2606deathdragon25o|K\ndeathdragon25o rejected open team sheets.\n|j| KCXII\n|\n|t:|1682535081\n|start\n|switch|p1a: Quaquaval|Quaquaval, L50, F|100\/100\n|switch|p1b: Weavile|Weavile, L50, M, shiny|100\/100\n|switch|p2a: Palafin|Palafin, L50, M|100\/100\n|switch|p2b: Salazzle|Salazzle, L50, F|100\/100\n|-ability|p1b: Weavile|Pressure\n|turn|1\n|\n|t:|1682535138\n|move|p2b: Salazzle|Protect|p2b: Salazzle\n|-singleturn|p2b: Salazzle|Protect\n|move|p1b: Weavile|Night Slash|p2a: Palafin\n|-damage|p2a: Palafin|33\/100\n|move|p2a: Palafin|Close Combat|p1b: Weavile\n|-supereffective|p1b: Weavile\n|-damage|p1b: Weavile|0 fnt\n|-unboost|p2a: Palafin|def|1\n|-unboost|p2a: Palafin|spd|1\n|faint|p1b: Weavile\n|move|p1a: Quaquaval|Aqua Step|p2b: Salazzle\n|-activate|p2b: Salazzle|move: Protect\n|\n|upkeep\n|\n|t:|1682535149\n|switch|p1b: Oricorio|Oricorio, L50, F, shiny|100\/100\n|turn|2\n|\n|t:|1682535174\n|detailschange|p2a: Palafin|Palafin-Hero, L50, M\n|switch|p2a: Hatterene|Hatterene, L50, F|100\/100\n|-terastallize|p1b: Oricorio|Electric\n|move|p2b: Salazzle|Overheat|p1a: Quaquaval|[miss]\n|-miss|p2b: Salazzle|p1a: Quaquaval\n|move|p1a: Quaquaval|Aqua Step|p2b: Salazzle\n|-supereffective|p2b: Salazzle\n|-damage|p2b: Salazzle|0 fnt\n|-boost|p1a: Quaquaval|spe|1\n|faint|p2b: Salazzle\n|-ability|p1a: Quaquaval|Moxie|boost\n|-boost|p1a: Quaquaval|atk|1\n|-activate|p1b: Oricorio|ability: Dancer\n|move|p1b: Oricorio|Aqua Step|p2a: Hatterene|[from]ability: Dancer\n|-damage|p2a: Hatterene|90\/100\n|-boost|p1b: Oricorio|spe|1\n|move|p1b: Oricorio|Revelation Dance|p2a: Hatterene\n|-damage|p2a: Hatterene|47\/100\n|\n|upkeep\n|\n|t:|1682535198\n|switch|p2b: Ting-Lu|Ting-Lu, L50|100\/100\n|-ability|p2b: Ting-Lu|Vessel of Ruin\n|turn|3\n|\n|t:|1682535228\n|-terastallize|p2b: Ting-Lu|Ghost\n|move|p1a: Quaquaval|Close Combat|p2b: Ting-Lu\n|-immune|p2b: Ting-Lu\n|move|p1b: Oricorio|Hurricane|p2a: Hatterene\n|-damage|p2a: Hatterene|7\/100\n|move|p2b: Ting-Lu|Ruination|p1a: Quaquaval|[miss]\n|-miss|p2b: Ting-Lu|p1a: Quaquaval\n|move|p2a: Hatterene|Trick Room|p2a: Hatterene\n|-fieldstart|move: Trick Room|[of] p2a: Hatterene\n|\n|upkeep\n|turn|4\n|\n|t:|1682535252\n|move|p2a: Hatterene|Protect|p2a: Hatterene\n|-singleturn|p2a: Hatterene|Protect\n|move|p2b: Ting-Lu|Earthquake|p1b: Oricorio|[spread] p1a,p1b\n|-activate|p2a: Hatterene|move: Protect\n|-supereffective|p1b: Oricorio\n|-damage|p1a: Quaquaval|61\/100\n|-damage|p1b: Oricorio|5\/100\n|-enditem|p1b: Oricorio|Aguav Berry|[eat]\n|-heal|p1b: Oricorio|38\/100|[from] item: Aguav Berry\n|move|p1b: Oricorio|Revelation Dance|p2a: Hatterene\n|-activate|p2a: Hatterene|move: Protect\n|move|p1a: Quaquaval|Aqua Step|p2b: Ting-Lu\n|-damage|p2b: Ting-Lu|70\/100\n|-boost|p1a: Quaquaval|spe|1\n|-activate|p1b: Oricorio|ability: Dancer\n|move|p1b: Oricorio|Aqua Step|p2b: Ting-Lu|[from]ability: Dancer\n|-damage|p2b: Ting-Lu|65\/100\n|-boost|p1b: Oricorio|spe|1\n|\n|upkeep\n|turn|5\n|\n|t:|1682535301\n|move|p2a: Hatterene|Psychic|p1a: Quaquaval\n|-supereffective|p1a: Quaquaval\n|-damage|p1a: Quaquaval|0 fnt\n|faint|p1a: Quaquaval\n|move|p2b: Ting-Lu|Body Press|p1b: Oricorio\n|-damage|p1b: Oricorio|0 fnt\n|faint|p1b: Oricorio\n|\n|upkeep\n|\n|t:|1682535307\n|switch|p1b: Revavroom|Revavroom, L50, M|100\/100\n|-item|p1b: Revavroom|Air Balloon\n|turn|6\n|\n|t:|1682535316\n|move|p2a: Hatterene|Psychic|p1b: Revavroom\n|-damage|p1b: Revavroom|37\/100\n|-enditem|p1b: Revavroom|Air Balloon\n|move|p2b: Ting-Lu|Body Press|p1b: Revavroom\n|-damage|p1b: Revavroom|0 fnt\n|faint|p1b: Revavroom\n|\n|win|jayballester\n|c|\u2606jayballester|gg\n|l| KCXII\n|j| Jstardude\n|l| Jstardude\n|j| j4ce\n|l| j4ce\n|l|\u2606jayballester\n","uploadtime":1682535327,"views":45,"p1id":"deathdragon25o","p2id":"jayballester","formatid":"gen9vgc2023regulationc","rating":0,"private":0,"password":""}