{"id":"gen9vgc2023regulationc-1861777561","p1":"RonJohn","p2":"lazarett","format":"[Gen 9] VGC 2023 Regulation C","log":"|j|\u2606RonJohn\n|j|\u2606lazarett\n|t:|1683807561\n|gametype|doubles\n|player|p1|RonJohn|1|1149\n|player|p2|lazarett|dawn|1192\n|teamsize|p1|6\n|teamsize|p2|6\n|gen|9\n|tier|[Gen 9] VGC 2023 Regulation C\n|rated|\n|rule|Species Clause: Limit one of each Pok\u00e9mon\n|rule|Item Clause: Limit one of each item\n|clearpoke\n|poke|p1|Flutter Mane, L50|\n|poke|p1|Orthworm, L50, M|\n|poke|p1|Dragonite, L50, M|\n|poke|p1|Amoonguss, L50, F|\n|poke|p1|Gyarados, L50, F|\n|poke|p1|Ting-Lu, L50|\n|poke|p2|Chi-Yu, L50|\n|poke|p2|Flutter Mane, L50|\n|poke|p2|Baxcalibur, L50, M|\n|poke|p2|Iron Hands, L50|\n|poke|p2|Gyarados, L50, M|\n|poke|p2|Amoonguss, L50, M|\n|teampreview|4\nRonJohn has agreed to open team sheets.\n|\n|t:|1683807605\n|start\n|switch|p1a: Ting-Lu|Ting-Lu, L50|100\/100\n|switch|p1b: Gyarados|Gyarados, L50, F|100\/100\n|switch|p2a: Chi-Yu|Chi-Yu, L50|100\/100\n|switch|p2b: Flutter Mane|Flutter Mane, L50|100\/100\n|-ability|p2a: Chi-Yu|Beads of Ruin\n|-ability|p1b: Gyarados|Intimidate|boost\n|-unboost|p2a: Chi-Yu|atk|1\n|-unboost|p2b: Flutter Mane|atk|1\n|-ability|p1a: Ting-Lu|Vessel of Ruin\n|turn|1\n|inactive|Battle timer is ON: inactive players will automatically lose when time's up. (requested by RonJohn)\n|inactive|RonJohn has 60 seconds left.\n|\n|t:|1683807646\n|switch|p2a: Baxcalibur|Baxcalibur, L50, M|100\/100\n|switch|p1b: Orthworm|Orthworm, L50, M|100\/100\n|move|p2b: Flutter Mane|Thunderbolt|p1b: Orthworm\n|-damage|p1b: Orthworm|68\/100\n|-status|p1b: Orthworm|par\n|move|p1a: Ting-Lu|Earthquake|p2a: Baxcalibur|[spread] p2a,p2b\n|-heal|p1b: Orthworm|93\/100 par|[from] ability: Earth Eater|[of] p1a: Ting-Lu\n|-damage|p2a: Baxcalibur|71\/100\n|-damage|p2b: Flutter Mane|47\/100\n|\n|upkeep\n|turn|2\n|inactive|lazarett has 30 seconds left.\n|\n|t:|1683807673\n|-end|p2b: Flutter Mane|Protosynthesis|[silent]\n|switch|p2b: Amoonguss|Amoonguss, L50, M|100\/100\n|move|p2a: Baxcalibur|Dragon Dance|p2a: Baxcalibur\n|-boost|p2a: Baxcalibur|atk|1\n|-boost|p2a: Baxcalibur|spe|1\n|move|p1a: Ting-Lu|Earthquake|p2a: Baxcalibur|[spread] p2a,p2b\n|-heal|p1b: Orthworm|100\/100 par|[from] ability: Earth Eater|[of] p1a: Ting-Lu\n|-damage|p2a: Baxcalibur|42\/100\n|-damage|p2b: Amoonguss|72\/100\n|move|p1b: Orthworm|Shed Tail|p1b: Orthworm\n|-start|p1b: Orthworm|Substitute|[from] move: Shed Tail\n|-damage|p1b: Orthworm|50\/100 par\n|-enditem|p1b: Orthworm|Sitrus Berry|[eat]\n|-heal|p1b: Orthworm|75\/100 par|[from] item: Sitrus Berry\n|\n|t:|1683807689\n|switch|p1b: Dragonite|Dragonite, L50, M|100\/100|[from] Shed Tail\n|\n|upkeep\n|turn|3\n|inactive|RonJohn has 30 seconds left.\n|inactive|RonJohn has 20 seconds left.\n|\n|t:|1683807727\n|-terastallize|p2a: Baxcalibur|Poison\n|-terastallize|p1a: Ting-Lu|Grass\n|move|p2a: Baxcalibur|Icicle Crash|p1a: Ting-Lu\n|-supereffective|p1a: Ting-Lu\n|-damage|p1a: Ting-Lu|23\/100\n|move|p1b: Dragonite|Dragon Dance|p1b: Dragonite\n|-boost|p1b: Dragonite|atk|1\n|-boost|p1b: Dragonite|spe|1\n|cant|p1a: Ting-Lu|flinch\n|move|p2b: Amoonguss|Pollen Puff|p2a: Baxcalibur\n|-heal|p2a: Baxcalibur|92\/100\n|\n|upkeep\n|turn|4\n|inactive|RonJohn has 30 seconds left.\n|inactive|lazarett has 30 seconds left.\n|inactive|lazarett has 20 seconds left.\n|inactive|lazarett has 15 seconds left.\n|\n|t:|1683807769\n|switch|p1a: Orthworm|Orthworm, L50, M|75\/100 par\n|move|p2b: Amoonguss|Rage Powder|p2b: Amoonguss\n|-singleturn|p2b: Amoonguss|move: Rage Powder\n|move|p2a: Baxcalibur|Icicle Crash|p1b: Dragonite\n|-supereffective|p1b: Dragonite\n|-end|p1b: Dragonite|Substitute\n|move|p1b: Dragonite|Earthquake|p2a: Baxcalibur|[spread] p2a,p2b\n|-heal|p1a: Orthworm|100\/100 par|[from] ability: Earth Eater|[of] p1b: Dragonite\n|-supereffective|p2a: Baxcalibur\n|-damage|p2a: Baxcalibur|22\/100\n|-damage|p2b: Amoonguss|35\/100\n|-enditem|p2b: Amoonguss|Sitrus Berry|[eat]\n|-heal|p2b: Amoonguss|60\/100|[from] item: Sitrus Berry\n|\n|upkeep\n|turn|5\n|inactive|RonJohn has 30 seconds left.\n|inactive|RonJohn has 20 seconds left.\n|inactive|RonJohn has 15 seconds left.\n|inactive|RonJohn has 10 seconds left.\n|\n|t:|1683807816\n|move|p2a: Baxcalibur|Dragon Dance|p2a: Baxcalibur\n|-boost|p2a: Baxcalibur|atk|1\n|-boost|p2a: Baxcalibur|spe|1\n|move|p1b: Dragonite|Earthquake|p2a: Baxcalibur|[spread] p2a,p2b\n|-immune|p1a: Orthworm|[from] ability: Earth Eater\n|-supereffective|p2a: Baxcalibur\n|-damage|p2a: Baxcalibur|0 fnt\n|-damage|p2b: Amoonguss|20\/100\n|faint|p2a: Baxcalibur\n|move|p2b: Amoonguss|Pollen Puff|p2: Baxcalibur|[notarget]\n|-fail|p2b: Amoonguss\n|move|p1a: Orthworm|Body Press|p2b: Amoonguss\n|-resisted|p2b: Amoonguss\n|-damage|p2b: Amoonguss|8\/100\n|\n|upkeep\n|\n|t:|1683807828\n|switch|p2a: Chi-Yu|Chi-Yu, L50|100\/100\n|-ability|p2a: Chi-Yu|Beads of Ruin\n|turn|6\n|inactive|RonJohn has 30 seconds left.\n|\n|t:|1683807856\n|switch|p1a: Ting-Lu|Ting-Lu, L50, tera:Grass|23\/100\n|-ability|p1a: Ting-Lu|Vessel of Ruin\n|move|p2b: Amoonguss|Protect|p2b: Amoonguss\n|-singleturn|p2b: Amoonguss|Protect\n|move|p1b: Dragonite|Extreme Speed|p2b: Amoonguss\n|-activate|p2b: Amoonguss|move: Protect\n|move|p2a: Chi-Yu|Heat Wave|p1b: Dragonite|[spread] p1a,p1b\n|-supereffective|p1a: Ting-Lu\n|-resisted|p1b: Dragonite\n|-damage|p1a: Ting-Lu|0 fnt\n|-damage|p1b: Dragonite|92\/100\n|faint|p1a: Ting-Lu\n|\n|upkeep\n|\n|t:|1683807877\n|switch|p1a: Orthworm|Orthworm, L50, M|100\/100 par\n|turn|7\n|\n|t:|1683807888\n|switch|p2b: Flutter Mane|Flutter Mane, L50|47\/100\n|move|p2a: Chi-Yu|Protect|p2a: Chi-Yu\n|-singleturn|p2a: Chi-Yu|Protect\n|move|p1b: Dragonite|Earthquake|p2a: Chi-Yu|[spread] p2b\n|-activate|p2a: Chi-Yu|move: Protect\n|-immune|p1a: Orthworm|[from] ability: Earth Eater\n|-damage|p2b: Flutter Mane|0 fnt\n|faint|p2b: Flutter Mane\n|-end|p2b: Flutter Mane|Protosynthesis|[silent]\n|cant|p1a: Orthworm|par\n|\n|upkeep\n|\n|t:|1683807898\n|switch|p2b: Amoonguss|Amoonguss, L50, M|41\/100\n|turn|8\n|inactive|RonJohn has 30 seconds left.\n|\n|t:|1683807930\n|switch|p1a: Gyarados|Gyarados, L50, F|100\/100\n|-ability|p1a: Gyarados|Intimidate|boost\n|-unboost|p2a: Chi-Yu|atk|1\n|-unboost|p2b: Amoonguss|atk|1\n|move|p1b: Dragonite|Ice Spinner|p2b: Amoonguss\n|-supereffective|p2b: Amoonguss\n|-damage|p2b: Amoonguss|0 fnt\n|faint|p2b: Amoonguss\n|move|p2a: Chi-Yu|Heat Wave|p1b: Dragonite|[spread] p1b\n|-miss|p2a: Chi-Yu|p1a: Gyarados\n|-resisted|p1b: Dragonite\n|-damage|p1b: Dragonite|69\/100\n|-status|p1b: Dragonite|brn\n|-enditem|p1b: Dragonite|Lum Berry|[eat]\n|-curestatus|p1b: Dragonite|brn|[msg]\n|\n|upkeep\n|turn|9\n|-message|lazarett forfeited.\n|\n|win|RonJohn\n|raw|RonJohn's rating: 1149 → 1177<\/strong> (+28 for winning)\n|raw|lazarett's rating: 1192 → 1164<\/strong> (-28 for losing)\n|l|\u2606lazarett\n|c|\u2606RonJohn|gg\n","uploadtime":1683807952,"views":51,"p1id":"ronjohn","p2id":"lazarett","formatid":"gen9vgc2023regulationc","rating":1164,"private":0,"password":""}