{"id":"gen9vgc2023regulationc-1848877559","p1":"teamskull_testing","p2":"Justin38C","format":"[Gen 9] VGC 2023 Regulation C","log":"|j|\u2606teamskull_testing\n|j|\u2606Justin38C\n|t:|1682120784\n|gametype|doubles\n|player|p1|teamskull_testing|guzma-masters|\n|player|p2|Justin38C|artist-gen4|\n|teamsize|p1|6\n|teamsize|p2|6\n|gen|9\n|tier|[Gen 9] VGC 2023 Regulation C\n|rated|Tournament battle\n|rule|Species Clause: Limit one of each Pok\u00e9mon\n|rule|Item Clause: Limit one of each item\n|clearpoke\n|poke|p1|Wo-Chien, L50|\n|poke|p1|Grimmsnarl, L50, M|\n|poke|p1|Glimmora, L50, M|\n|poke|p1|Arcanine, L50, F|\n|poke|p1|Tyranitar, L50, M|\n|poke|p1|Garganacl, L50, F|\n|poke|p2|Chien-Pao, L50|\n|poke|p2|Gholdengo, L50|\n|poke|p2|Palafin, L50, F|\n|poke|p2|Volcarona, L50, F|\n|poke|p2|Iron Hands, L50|\n|poke|p2|Corviknight, L50, F|\n|teampreview|4\n|raw| Open Team Sheet for teamskull_testing<\/summary>Wo-Chien @ Aguav Berry Ability: Tablets of Ruin Level: 50 Tera Type: Poison - Giga Drain - Leech Seed - Protect - Pollen Puff Grimmsnarl (M) @ Light Clay Ability: Prankster Level: 50 Tera Type: Dark - Spirit Break - Light Screen - Reflect - Parting Shot Glimmora @ Focus Sash Ability: Toxic Debris Level: 50 Tera Type: Grass - Spiky Shield - Sludge Bomb - Energy Ball - Power Gem Arcanine @ Sitrus Berry Ability: Intimidate Level: 50 Tera Type: Water - Snarl - Flare Blitz - Extreme Speed - Will-O-Wisp Tyranitar @ Weakness Policy Ability: Sand Stream Level: 50 Tera Type: Flying - Dragon Dance - Protect - Tera Blast - Rock Slide Garganacl @ Leftovers Ability: Purifying Salt Level: 50 Tera Type: Ghost - Salt Cure - Recover - Protect - Wide Guard <\/details><\/div> Open Team Sheet for Justin38C<\/summary>Chien-Pao @ Focus Sash Ability: Sword of Ruin Level: 50 Tera Type: Dark - Sucker Punch - Ice Spinner - Taunt - Icy Wind Gholdengo @ Life Orb Ability: Good as Gold Level: 50 Tera Type: Fairy - Shadow Ball - Nasty Plot - Make It Rain - Dazzling Gleam Palafin @ Mystic Water Ability: Zero to Hero Level: 50 Tera Type: Water - Jet Punch - Close Combat - Ice Punch - Protect Volcarona @ Leftovers Ability: Flame Body Level: 50 Tera Type: Grass - Giga Drain - Heat Wave - Quiver Dance - Protect Iron Hands @ Booster Energy Ability: Quark Drive Level: 50 Tera Type: Fighting - Fake Out - Wild Charge - Detect - Drain Punch Corviknight @ Covert Cloak Ability: Mirror Armor Level: 50 Tera Type: Flying - Body Press - Iron Defense - Tailwind - Taunt <\/details><\/div>\n|j| Radio Free C-Side\n|j|@chuppa\n|j| godlydefeater\n|\n|t:|1682120819\n|start\n|switch|p1a: Tyranitar|Tyranitar, L50, M|100\/100\n|switch|p1b: Arcanine|Arcanine, L50, F|100\/100\n|switch|p2a: Palafin|Palafin, L50, F|100\/100\n|switch|p2b: Gholdengo|Gholdengo, L50|100\/100\n|-ability|p1b: Arcanine|Intimidate|boost\n|-unboost|p2a: Palafin|atk|1\n|-unboost|p2b: Gholdengo|atk|1\n|-weather|Sandstorm|[from] ability: Sand Stream|[of] p1a: Tyranitar\n|turn|1\n|inactive|Battle timer is ON: inactive players will automatically lose when time's up. (requested by Justin38C)\n|inactive|Justin38C has 60 seconds left.\n|\n|t:|1682120855\n|switch|p2b: Iron Hands|Iron Hands, L50|100\/100\n|-enditem|p2b: Iron Hands|Booster Energy\n|-activate|p2b: Iron Hands|ability: Quark Drive|[fromitem]\n|-start|p2b: Iron Hands|quarkdriveatk\n|-terastallize|p1a: Tyranitar|Flying\n|move|p2a: Palafin|Jet Punch|p1b: Arcanine\n|-supereffective|p1b: Arcanine\n|-damage|p1b: Arcanine|58\/100\n|move|p1b: Arcanine|Flare Blitz|p2b: Iron Hands\n|-damage|p2b: Iron Hands|66\/100\n|-damage|p1b: Arcanine|45\/100|[from] Recoil\n|-enditem|p1b: Arcanine|Sitrus Berry|[eat]\n|-heal|p1b: Arcanine|70\/100|[from] item: Sitrus Berry\n|move|p1a: Tyranitar|Dragon Dance|p1a: Tyranitar\n|-boost|p1a: Tyranitar|atk|1\n|-boost|p1a: Tyranitar|spe|1\n|\n|-weather|Sandstorm|[upkeep]\n|-damage|p1a: Tyranitar|95\/100|[from] Sandstorm\n|-damage|p1b: Arcanine|63\/100|[from] Sandstorm\n|-damage|p2a: Palafin|95\/100|[from] Sandstorm\n|-damage|p2b: Iron Hands|60\/100|[from] Sandstorm\n|upkeep\n|turn|2\n|inactive|Justin38C has 30 seconds left.\n|inactive|teamskull_testing has 30 seconds left.\n|\n|t:|1682120887\n|move|p2b: Iron Hands|Fake Out|p1a: Tyranitar\n|-damage|p1a: Tyranitar|75\/100\n|move|p2a: Palafin|Jet Punch|p1b: Arcanine\n|-supereffective|p1b: Arcanine\n|-damage|p1b: Arcanine|23\/100\n|cant|p1a: Tyranitar|flinch\n|move|p1b: Arcanine|Will-O-Wisp|p2a: Palafin\n|-status|p2a: Palafin|brn\n|\n|-weather|Sandstorm|[upkeep]\n|-damage|p1a: Tyranitar|69\/100|[from] Sandstorm\n|-damage|p1b: Arcanine|17\/100|[from] Sandstorm\n|-damage|p2a: Palafin|89\/100 brn|[from] Sandstorm\n|-damage|p2b: Iron Hands|54\/100|[from] Sandstorm\n|-damage|p2a: Palafin|83\/100 brn|[from] brn\n|upkeep\n|turn|3\n|\n|t:|1682120902\n|switch|p1b: Glimmora|Glimmora, L50, M|100\/100\n|move|p2a: Palafin|Jet Punch|p1b: Glimmora\n|-supereffective|p1b: Glimmora\n|-damage|p1b: Glimmora|78\/100\n|-activate|p1b: Glimmora|ability: Toxic Debris\n|-sidestart|p2: Justin38C|move: Toxic Spikes\n|move|p1a: Tyranitar|Rock Slide|p2b: Iron Hands|[spread] p2a,p2b\n|-resisted|p2b: Iron Hands\n|-damage|p2a: Palafin|19\/100 brn\n|-damage|p2b: Iron Hands|37\/100\n|cant|p2b: Iron Hands|flinch\n|\n|-weather|Sandstorm|[upkeep]\n|-damage|p1a: Tyranitar|63\/100|[from] Sandstorm\n|-damage|p2a: Palafin|14\/100 brn|[from] Sandstorm\n|-damage|p2b: Iron Hands|31\/100|[from] Sandstorm\n|-damage|p2a: Palafin|8\/100 brn|[from] brn\n|upkeep\n|turn|4\n|\n|t:|1682120923\n|move|p1a: Tyranitar|Protect|p1a: Tyranitar\n|-singleturn|p1a: Tyranitar|Protect\n|move|p1b: Glimmora|Spiky Shield|p1b: Glimmora\n|-singleturn|p1b: Glimmora|move: Protect\n|move|p2a: Palafin|Jet Punch|p1b: Glimmora\n|-activate|p1b: Glimmora|move: Protect\n|-damage|p2a: Palafin|0 fnt|[from] Spiky Shield|[of] p1b: Glimmora\n|faint|p2a: Palafin\n|move|p2b: Iron Hands|Drain Punch|p1b: Glimmora\n|-activate|p1b: Glimmora|move: Protect\n|-damage|p2b: Iron Hands|19\/100|[from] Spiky Shield|[of] p1b: Glimmora\n|\n|-weather|Sandstorm|[upkeep]\n|-damage|p1a: Tyranitar|58\/100|[from] Sandstorm\n|-damage|p2b: Iron Hands|13\/100|[from] Sandstorm\n|upkeep\n|\n|t:|1682120939\n|switch|p2a: Gholdengo|Gholdengo, L50|100\/100\n|turn|5\n|\n|t:|1682120956\n|move|p2b: Iron Hands|Detect|p2b: Iron Hands\n|-singleturn|p2b: Iron Hands|Protect\n|move|p1a: Tyranitar|Rock Slide|p2a: Gholdengo|[spread] \n|-activate|p2b: Iron Hands|move: Protect\n|-miss|p1a: Tyranitar|p2a: Gholdengo\n|move|p1b: Glimmora|Power Gem|p2a: Gholdengo\n|-resisted|p2a: Gholdengo\n|-damage|p2a: Gholdengo|80\/100\n|move|p2a: Gholdengo|Nasty Plot|p2a: Gholdengo\n|-boost|p2a: Gholdengo|spa|2\n|\n|-weather|none\n|upkeep\n|turn|6\n|j| Lori Ori\n|\n|t:|1682120978\n|move|p1a: Tyranitar|Rock Slide|p2b: Iron Hands|[spread] p2a,p2b\n|-resisted|p2a: Gholdengo\n|-resisted|p2b: Iron Hands\n|-damage|p2a: Gholdengo|60\/100\n|-damage|p2b: Iron Hands|0 fnt\n|faint|p2b: Iron Hands\n|-end|p2b: Iron Hands|Quark Drive|[silent]\n|move|p1b: Glimmora|Power Gem|p2a: Gholdengo\n|-resisted|p2a: Gholdengo\n|-damage|p2a: Gholdengo|39\/100\n|cant|p2a: Gholdengo|flinch\n|\n|upkeep\n|\n|t:|1682120988\n|switch|p2b: Volcarona|Volcarona, L50, F|100\/100\n|-status|p2b: Volcarona|psn\n|turn|7\n|inactive|Justin38C has 30 seconds left.\n|\n|t:|1682121021\n|-terastallize|p2b: Volcarona|Grass\n|move|p1a: Tyranitar|Rock Slide|p2b: Volcarona|[spread] \n|-miss|p1a: Tyranitar|p2a: Gholdengo\n|-miss|p1a: Tyranitar|p2b: Volcarona\n|move|p2b: Volcarona|Quiver Dance|p2b: Volcarona\n|-boost|p2b: Volcarona|spa|1\n|-boost|p2b: Volcarona|spd|1\n|-boost|p2b: Volcarona|spe|1\n|move|p1b: Glimmora|Power Gem|p2a: Gholdengo\n|-resisted|p2a: Gholdengo\n|-damage|p2a: Gholdengo|17\/100\n|move|p2a: Gholdengo|Make It Rain|p1b: Glimmora|[spread] p1a,p1b\n|-supereffective|p1b: Glimmora\n|-damage|p1a: Tyranitar|0 fnt\n|-damage|p1b: Glimmora|0 fnt\n|-unboost|p2a: Gholdengo|spa|1\n|faint|p1a: Tyranitar\n|faint|p1b: Glimmora\n|-damage|p2a: Gholdengo|7\/100|[from] item: Life Orb\n|\n|-damage|p2b: Volcarona|88\/100 psn|[from] psn\n|upkeep\n|\n|t:|1682121024\n|switch|p1b: Arcanine|Arcanine, L50, F|17\/100\n|switch|p1a: Garganacl|Garganacl, L50, F|100\/100\n|-ability|p1b: Arcanine|Intimidate|boost\n|-unboost|p2a: Gholdengo|atk|1\n|-unboost|p2b: Volcarona|atk|1\n|turn|8\n|c|\u2606Justin38C|this game is very balanced and not broken lol\n|inactive|Justin38C has 30 seconds left.\n|inactive|Justin38C has 20 seconds left.\n|inactive|Justin38C has 15 seconds left.\n|\n|t:|1682121066\n|move|p2b: Volcarona|Giga Drain|p1a: Garganacl\n|-supereffective|p1a: Garganacl\n|-damage|p1a: Garganacl|11\/100\n|-heal|p2b: Volcarona|100\/100 psn|[from] drain|[of] p1a: Garganacl\n|move|p1b: Arcanine|Flare Blitz|p2a: Gholdengo\n|-supereffective|p2a: Gholdengo\n|-damage|p2a: Gholdengo|0 fnt\n|faint|p2a: Gholdengo\n|-damage|p1b: Arcanine|15\/100|[from] Recoil\n|move|p1a: Garganacl|Salt Cure|p2b: Volcarona\n|-damage|p2b: Volcarona|78\/100 psn\n|-start|p2b: Volcarona|Salt Cure\n|\n|-heal|p2b: Volcarona|84\/100 psn|[from] item: Leftovers\n|-heal|p1a: Garganacl|16\/100|[from] item: Leftovers\n|-damage|p2b: Volcarona|72\/100 psn|[from] psn\n|-damage|p2b: Volcarona|60\/100 psn|[from] Salt Cure\n|upkeep\n|turn|9\n|\n|t:|1682121083\n|move|p2b: Volcarona|Heat Wave|p1b: Arcanine|[spread] p1a\n|-miss|p2b: Volcarona|p1b: Arcanine\n|-resisted|p1a: Garganacl\n|-damage|p1a: Garganacl|0 fnt\n|faint|p1a: Garganacl\n|move|p1b: Arcanine|Flare Blitz|p2b: Volcarona\n|-supereffective|p2b: Volcarona\n|-damage|p2b: Volcarona|0 fnt\n|faint|p2b: Volcarona\n|-damage|p1b: Arcanine|0 fnt|[from] Recoil\n|faint|p1b: Arcanine\n|\n|win|teamskull_testing\n|n|\u2606teamskull_testing|teamskulltesting\n|n|\u2606Justin38C|justin38c\n|n| Radio Free C-Side|radiofreecside\n|n| chuppa|chuppa\n|n| godlydefeater|godlydefeater\n|n| Lori Ori|loriori\n|c|\u2606teamskull_testing|gg\n|c|\u2606Justin38C|gg\n|l| Radio Free C-Side\n","uploadtime":1682121099,"views":12,"p1id":"teamskulltesting","p2id":"justin38c","formatid":"gen9vgc2023regulationc","rating":0,"private":0,"password":""}