{"id":"gen9vgc2023regulationc-1846323313","p1":"cupoooo","p2":"MothmansBiggestFan","format":"[Gen 9] VGC 2023 Regulation C","log":"|j|\u2606cupoooo\n|j|\u2606MothmansBiggestFan\n|t:|1681831621\n|gametype|doubles\n|player|p1|cupoooo|falkner|1149\n|player|p2|MothmansBiggestFan|medium|1173\n|teamsize|p1|6\n|teamsize|p2|6\n|gen|9\n|tier|[Gen 9] VGC 2023 Regulation C\n|rated|\n|rule|Species Clause: Limit one of each Pok\u00e9mon\n|rule|Item Clause: Limit one of each item\n|clearpoke\n|poke|p1|Breloom, L50, F|\n|poke|p1|Pelipper, L50, M|\n|poke|p1|Golduck, L50, F|\n|poke|p1|Gastrodon, L50, M|\n|poke|p1|Gholdengo, L50|\n|poke|p1|Maushold-Four, L50|\n|poke|p2|Chi-Yu, L50|\n|poke|p2|Dachsbun, L50, F|\n|poke|p2|Ceruledge, L50, M|\n|poke|p2|Iron Bundle, L50|\n|poke|p2|Kingambit, L50, M|\n|poke|p2|Arcanine, L50, F|\n|teampreview|4\n|\n|t:|1681831648\n|start\n|switch|p1a: Gholdengo|Gholdengo, L50|100\/100\n|switch|p1b: Doge|Breloom, L50, F|100\/100\n|switch|p2a: Kingambit|Kingambit, L50, M|100\/100\n|switch|p2b: Arcanine|Arcanine, L50, F|100\/100\n|-ability|p2b: Arcanine|Intimidate|boost\n|-unboost|p1a: Gholdengo|atk|1\n|-unboost|p1b: Doge|atk|1\n|turn|1\n|\n|t:|1681831667\n|-terastallize|p2a: Kingambit|Flying\n|move|p1b: Doge|Spore|p2a: Kingambit\n|-activate|p2a: Kingambit|item: Safety Goggles|Spore\n|move|p2b: Arcanine|Howl|p2b: Arcanine|[spread] p2a,p2b\n|-boost|p2a: Kingambit|atk|1\n|-boost|p2b: Arcanine|atk|1\n|move|p1a: Gholdengo|Power Gem|p2b: Arcanine\n|-supereffective|p2b: Arcanine\n|-damage|p2b: Arcanine|31\/100\n|-enditem|p2b: Arcanine|Sitrus Berry|[eat]\n|-heal|p2b: Arcanine|56\/100|[from] item: Sitrus Berry\n|move|p2a: Kingambit|Swords Dance|p2a: Kingambit\n|-boost|p2a: Kingambit|atk|2\n|\n|upkeep\n|turn|2\n|\n|t:|1681831711\n|switch|p1a: Cocao|Pelipper, L50, M, shiny|100\/100\n|-weather|RainDance|[from] ability: Drizzle|[of] p1a: Cocao\n|move|p2a: Kingambit|Sucker Punch||[still]\n|-fail|p2a: Kingambit\n|move|p1b: Doge|Spore|p2b: Arcanine\n|-status|p2b: Arcanine|slp|[from] move: Spore\n|cant|p2b: Arcanine|slp\n|\n|-weather|RainDance|[upkeep]\n|upkeep\n|turn|3\n|\n|t:|1681831750\n|switch|p1b: Gondolier|Golduck, L50, F, shiny|100\/100\n|cant|p2b: Arcanine|slp\n|move|p1a: Cocao|Surf|p2a: Kingambit|[spread] p1b,p2a,p2b\n|-resisted|p1b: Gondolier\n|-supereffective|p2b: Arcanine\n|-damage|p1b: Gondolier|77\/100\n|-damage|p2a: Kingambit|67\/100\n|-damage|p2b: Arcanine|2\/100 slp\n|move|p2a: Kingambit|Iron Head|p1b: Gondolier\n|-resisted|p1b: Gondolier\n|-damage|p1b: Gondolier|0 fnt\n|faint|p1b: Gondolier\n|\n|-weather|RainDance|[upkeep]\n|upkeep\n|\n|t:|1681831763\n|switch|p1b: Doge|Breloom, L50, F|100\/100\n|turn|4\n|\n|t:|1681831773\n|-curestatus|p2b: Arcanine|slp|[msg]\n|move|p2b: Arcanine|Protect|p2b: Arcanine\n|-singleturn|p2b: Arcanine|Protect\n|move|p1b: Doge|Mach Punch|p2b: Arcanine\n|-activate|p2b: Arcanine|move: Protect\n|move|p1a: Cocao|Tailwind|p1a: Cocao\n|-sidestart|p1: cupoooo|move: Tailwind\n|move|p2a: Kingambit|Iron Head|p1b: Doge\n|-enditem|p1b: Doge|Focus Sash\n|-damage|p1b: Doge|1\/100\n|\n|-weather|RainDance|[upkeep]\n|upkeep\n|turn|5\n|\n|t:|1681831800\n|move|p1b: Doge|Spore|p2b: Arcanine\n|-status|p2b: Arcanine|slp|[from] move: Spore\n|move|p1a: Cocao|Hurricane|p2a: Kingambit\n|-damage|p2a: Kingambit|32\/100\n|cant|p2b: Arcanine|slp\n|move|p2a: Kingambit|Kowtow Cleave|p1b: Doge\n|-resisted|p1b: Doge\n|-damage|p1b: Doge|0 fnt\n|faint|p1b: Doge\n|\n|-weather|RainDance|[upkeep]\n|upkeep\n|\n|t:|1681831811\n|switch|p1b: Gholdengo|Gholdengo, L50|100\/100\n|turn|6\n|\n|t:|1681831827\n|-terastallize|p1b: Gholdengo|Steel\n|move|p2a: Kingambit|Sucker Punch|p1b: Gholdengo\n|-damage|p1b: Gholdengo|0 fnt\n|faint|p1b: Gholdengo\n|move|p1a: Cocao|Surf|p2b: Arcanine|[spread] p2a,p2b\n|-supereffective|p2b: Arcanine\n|-damage|p2a: Kingambit|0 fnt\n|-damage|p2b: Arcanine|0 fnt\n|faint|p2a: Kingambit\n|faint|p2b: Arcanine\n|\n|-weather|RainDance|[upkeep]\n|upkeep\n|\n|t:|1681831837\n|switch|p2b: Chi-Yu|Chi-Yu, L50|100\/100\n|switch|p2a: Iron Bundle|Iron Bundle, L50|100\/100\n|-ability|p2b: Chi-Yu|Beads of Ruin\n|-enditem|p2a: Iron Bundle|Booster Energy\n|-activate|p2a: Iron Bundle|ability: Quark Drive|[fromitem]\n|-start|p2a: Iron Bundle|quarkdrivespe\n|turn|7\n|\n|t:|1681831848\n|move|p2a: Iron Bundle|Protect|p2a: Iron Bundle\n|-singleturn|p2a: Iron Bundle|Protect\n|move|p2b: Chi-Yu|Dark Pulse|p1a: Cocao\n|-damage|p1a: Cocao|21\/100\n|cant|p1a: Cocao|flinch\n|\n|-weather|RainDance|[upkeep]\n|-sideend|p1: cupoooo|move: Tailwind\n|upkeep\n|turn|8\n|-message|cupoooo forfeited.\n|\n|win|MothmansBiggestFan\n|raw|cupoooo's rating: 1149 → 1126<\/strong> (-23 for losing)\n|raw|MothmansBiggestFan's rating: 1173 → 1196<\/strong> (+23 for winning)\n|l|\u2606cupoooo\n","uploadtime":1681831890,"views":5,"p1id":"cupoooo","p2id":"mothmansbiggestfan","formatid":"gen9vgc2023regulationc","rating":1126,"private":0,"password":""}