{"id":"gen9vgc2023regulationc-1858601481","p1":"Gggamersbjoy","p2":"Axieo","format":"[Gen 9] VGC 2023 Regulation C","log":"|j|\u2606Gggamersbjoy\n|j|\u2606Axieo\n|t:|1683330684\n|gametype|doubles\n|player|p1|Gggamersbjoy|169|1000\n|player|p2|Axieo|swimmer-gen4dp|1028\n|teamsize|p1|6\n|teamsize|p2|6\n|gen|9\n|tier|[Gen 9] VGC 2023 Regulation C\n|rated|\n|rule|Species Clause: Limit one of each Pok\u00e9mon\n|rule|Item Clause: Limit one of each item\n|clearpoke\n|poke|p1|Chien-Pao, L50|\n|poke|p1|Talonflame, L50, F|\n|poke|p1|Ting-Lu, L50|\n|poke|p1|Mimikyu, L50, F|\n|poke|p1|Appletun, L50, M|\n|poke|p1|Iron Bundle, L50|\n|poke|p2|Palossand, L50, M|\n|poke|p2|Wugtrio, L50, M|\n|poke|p2|Flamigo, L50, F|\n|poke|p2|Indeedee-F, L50, F|\n|poke|p2|Armarouge, L50, F|\n|poke|p2|Dragapult, L50, F|\n|teampreview|4\nAxieo rejected open team sheets.\n|inactive|Battle timer is ON: inactive players will automatically lose when time's up. (requested by Axieo)\n|\n|t:|1683330716\n|start\n|switch|p1a: Chien-Pao|Chien-Pao, L50|100\/100\n|switch|p1b: Appletun|Appletun, L50, M|100\/100\n|switch|p2a: Palossand|Palossand, L50, M, shiny|100\/100\n|switch|p2b: Wugtrio|Wugtrio, L50, M, shiny|100\/100\n|-ability|p1a: Chien-Pao|Sword of Ruin\n|turn|1\n|\n|t:|1683330741\n|-terastallize|p2a: Palossand|Grass\n|move|p1a: Chien-Pao|Sucker Punch||[still]\n|-fail|p1a: Chien-Pao\n|move|p2b: Wugtrio|Triple Dive|p2a: Palossand\n|-resisted|p2a: Palossand\n|-damage|p2a: Palossand|95\/100\n|-ability|p2a: Palossand|Water Compaction|boost\n|-boost|p2a: Palossand|def|2\n|-resisted|p2a: Palossand\n|-damage|p2a: Palossand|92\/100\n|-ability|p2a: Palossand|Water Compaction|boost\n|-boost|p2a: Palossand|def|2\n|-resisted|p2a: Palossand\n|-damage|p2a: Palossand|91\/100\n|-ability|p2a: Palossand|Water Compaction|boost\n|-boost|p2a: Palossand|def|2\n|-hitcount|p2a: Palossand|3\n|move|p2a: Palossand|Amnesia|p2a: Palossand\n|-boost|p2a: Palossand|spd|2\n|move|p1b: Appletun|Apple Acid|p2a: Palossand\n|-resisted|p2a: Palossand\n|-damage|p2a: Palossand|84\/100\n|\n|upkeep\n|turn|2\n|inactive|Gggamersbjoy has 30 seconds left.\n|\n|t:|1683330767\n|move|p2b: Wugtrio|Memento|p1a: Chien-Pao\n|-unboost|p1a: Chien-Pao|atk|2\n|-unboost|p1a: Chien-Pao|spa|2\n|faint|p2b: Wugtrio\n|move|p1a: Chien-Pao|Ice Spinner|p2a: Palossand\n|-supereffective|p2a: Palossand\n|-damage|p2a: Palossand|72\/100\n|move|p2a: Palossand|Amnesia|p2a: Palossand\n|-boost|p2a: Palossand|spd|2\n|move|p1b: Appletun|Apple Acid|p2a: Palossand\n|-resisted|p2a: Palossand\n|-damage|p2a: Palossand|66\/100\n|\n|upkeep\n|\n|t:|1683330780\n|switch|p2b: Flamigo|Flamigo, L50, F|100\/100\n|-copyboost|p2b: Flamigo|p2a: Palossand|[from] ability: Costar\n|turn|3\n|inactive|Gggamersbjoy has 30 seconds left.\n|\n|t:|1683330814\n|-terastallize|p1a: Chien-Pao|Ice\n|move|p1a: Chien-Pao|Ice Spinner|p2b: Flamigo\n|-supereffective|p2b: Flamigo\n|-damage|p2b: Flamigo|79\/100\n|move|p2b: Flamigo|Swords Dance|p2b: Flamigo\n|-boost|p2b: Flamigo|atk|2\n|move|p2a: Palossand|Shore Up|p2a: Palossand\n|-heal|p2a: Palossand|100\/100\n|move|p1b: Appletun|Draco Meteor|p2b: Flamigo\n|-damage|p2b: Flamigo|59\/100\n|-unboost|p1b: Appletun|spa|2\n|\n|upkeep\n|turn|4\n|inactive|Gggamersbjoy has 30 seconds left.\n|\n|t:|1683330844\n|move|p1a: Chien-Pao|Ice Spinner|p2b: Flamigo\n|-supereffective|p2b: Flamigo\n|-damage|p2b: Flamigo|35\/100\n|move|p2b: Flamigo|Roost|p2b: Flamigo\n|-heal|p2b: Flamigo|86\/100\n|-singleturn|p2b: Flamigo|move: Roost\n|move|p2a: Palossand|Amnesia|p2a: Palossand\n|-boost|p2a: Palossand|spd|2\n|move|p1b: Appletun|Draco Meteor|p2b: Flamigo\n|-damage|p2b: Flamigo|75\/100\n|-unboost|p1b: Appletun|spa|2\n|\n|upkeep\n|turn|5\n|inactive|Gggamersbjoy has 30 seconds left.\n|inactive|Axieo has 30 seconds left.\n|inactive|Axieo has 20 seconds left.\n|inactive|Axieo has 15 seconds left.\n|inactive|Axieo has 10 seconds left.\n|inactive|Axieo has 5 seconds left.\n|\n|t:|1683330899\n|move|p1a: Chien-Pao|Ice Spinner|p2b: Flamigo\n|-supereffective|p2b: Flamigo\n|-damage|p2b: Flamigo|51\/100\n|move|p2b: Flamigo|Swords Dance|p2b: Flamigo\n|-boost|p2b: Flamigo|atk|2\n|move|p2a: Palossand|Earth Power|p1a: Chien-Pao\n|-damage|p1a: Chien-Pao|46\/100\n|move|p1b: Appletun|Apple Acid|p2b: Flamigo\n|-resisted|p2b: Flamigo\n|-damage|p2b: Flamigo|49\/100\n|-unboost|p2b: Flamigo|spd|1\n|\n|upkeep\n|turn|6\n|inactive|Gggamersbjoy has 30 seconds left.\n|\n|t:|1683330925\n|move|p1a: Chien-Pao|Ice Spinner|p2b: Flamigo\n|-supereffective|p2b: Flamigo\n|-damage|p2b: Flamigo|28\/100\n|move|p2b: Flamigo|Roost|p2b: Flamigo\n|-heal|p2b: Flamigo|78\/100\n|-singleturn|p2b: Flamigo|move: Roost\n|move|p2a: Palossand|Earth Power|p1a: Chien-Pao\n|-damage|p1a: Chien-Pao|0 fnt\n|faint|p1a: Chien-Pao\n|move|p1b: Appletun|Apple Acid|p2b: Flamigo\n|-damage|p2b: Flamigo|72\/100\n|-unboost|p2b: Flamigo|spd|1\n|\n|upkeep\n|\n|t:|1683330936\n|switch|p1a: Mimikyu|Mimikyu, L50, F|100\/100\n|turn|7\n|\n|t:|1683330955\n|move|p2b: Flamigo|Roost|p2b: Flamigo\n|-heal|p2b: Flamigo|100\/100\n|-singleturn|p2b: Flamigo|move: Roost\n|move|p2a: Palossand|Earth Power|p1a: Mimikyu\n|-activate|p1a: Mimikyu|ability: Disguise\n|-damage|p1a: Mimikyu|100\/100\n|detailschange|p1a: Mimikyu|Mimikyu-Busted, L50, F\n|-damage|p1a: Mimikyu|88\/100|[from] pokemon: Mimikyu-Busted\n|move|p1b: Appletun|Draco Meteor|p2a: Palossand\n|-damage|p2a: Palossand|96\/100\n|-unboost|p1b: Appletun|spa|2\n|move|p1a: Mimikyu|Trick Room|p1a: Mimikyu\n|-fieldstart|move: Trick Room|[of] p1a: Mimikyu\n|\n|upkeep\n|turn|8\n|inactive|Gggamersbjoy has 30 seconds left.\n|inactive|Gggamersbjoy has 20 seconds left.\n|inactive|Gggamersbjoy has 15 seconds left.\n|inactive|Gggamersbjoy has 10 seconds left.\n|\n|t:|1683331005\n|move|p1b: Appletun|Draco Meteor|p2b: Flamigo\n|-damage|p2b: Flamigo|92\/100\n|move|p2a: Palossand|Shadow Ball|p1a: Mimikyu\n|-supereffective|p1a: Mimikyu\n|-damage|p1a: Mimikyu|27\/100\n|move|p2b: Flamigo|Throat Chop|p1a: Mimikyu\n|-damage|p1a: Mimikyu|0 fnt\n|faint|p1a: Mimikyu\n|-damage|p2b: Flamigo|83\/100|[from] item: Life Orb\n|\n|upkeep\n|\n|t:|1683331014\n|switch|p1a: Ting-Lu|Ting-Lu, L50|100\/100\n|-ability|p1a: Ting-Lu|Vessel of Ruin\n|turn|9\n|\n|t:|1683331030\n|move|p1b: Appletun|Protect|p1b: Appletun\n|-singleturn|p1b: Appletun|Protect\n|move|p2a: Palossand|Earth Power|p1a: Ting-Lu\n|-damage|p1a: Ting-Lu|79\/100\n|move|p1a: Ting-Lu|Earthquake|p2a: Palossand|[spread] p2a\n|-activate|p1b: Appletun|move: Protect\n|-immune|p2b: Flamigo\n|-resisted|p2a: Palossand\n|-damage|p2a: Palossand|93\/100\n|move|p2b: Flamigo|Close Combat|p1a: Ting-Lu\n|-supereffective|p1a: Ting-Lu\n|-damage|p1a: Ting-Lu|0 fnt\n|-unboost|p2b: Flamigo|def|1\n|-unboost|p2b: Flamigo|spd|1\n|faint|p1a: Ting-Lu\n|-damage|p2b: Flamigo|73\/100|[from] item: Life Orb\n|\n|upkeep\n|turn|10\n|j| A Borygon\n|\n|t:|1683331052\n|move|p1b: Appletun|Recover||[still]\n|-fail|p1b: Appletun|heal\n|move|p2a: Palossand|Shadow Ball|p1b: Appletun\n|-damage|p1b: Appletun|71\/100\n|move|p2b: Flamigo|Close Combat|p1b: Appletun\n|-damage|p1b: Appletun|0 fnt\n|-unboost|p2b: Flamigo|def|1\n|-unboost|p2b: Flamigo|spd|1\n|faint|p1b: Appletun\n|-damage|p2b: Flamigo|63\/100|[from] item: Life Orb\n|\n|win|Axieo\n|raw|Gggamersbjoy's rating: 1000 → 1000<\/strong> (+0 for losing)\n|raw|Axieo's rating: 1028 → 1061<\/strong> (+33 for winning)\n|l|\u2606Gggamersbjoy\n","uploadtime":1683331065,"views":3,"p1id":"gggamersbjoy","p2id":"axieo","formatid":"gen9vgc2023regulationc","rating":1000,"private":0,"password":""}