{"id":"gen9vgc2023regulationc-1853480096","p1":"Mikellis","p2":"ParadoxOfParadox","format":"[Gen 9] VGC 2023 Regulation C","log":"|j|\u2606Mikellis\n|j|\u2606ParadoxOfParadox\n|t:|1682689362\n|gametype|doubles\n|player|p1|Mikellis|richboy|1184\n|player|p2|ParadoxOfParadox|acetrainercouple|1188\n|teamsize|p1|6\n|teamsize|p2|6\n|gen|9\n|tier|[Gen 9] VGC 2023 Regulation C\n|rated|\n|rule|Species Clause: Limit one of each Pok\u00e9mon\n|rule|Item Clause: Limit one of each item\n|clearpoke\n|poke|p1|Tyranitar, L50, M|\n|poke|p1|Lycanroc, L50, M|\n|poke|p1|Ting-Lu, L50|\n|poke|p1|Brute Bonnet, L50|\n|poke|p1|Palafin, L50, F|\n|poke|p1|Arcanine, L50, M|\n|poke|p2|Arcanine, L50, F|\n|poke|p2|Gyarados, L50, F|\n|poke|p2|Salamence, L50, F|\n|poke|p2|Krookodile, L50, M|\n|poke|p2|Luxray, L50, M|\n|poke|p2|Tauros-Paldea-Aqua, L50, M|\n|teampreview|4\n|\n|t:|1682689397\n|start\n|switch|p1a: Tyranitar|Tyranitar, L50, M|100\/100\n|switch|p1b: Lycanroc|Lycanroc, L50, M|100\/100\n|switch|p2a: Gyarados|Gyarados, L50, F|100\/100\n|switch|p2b: Krookodile|Krookodile, L50, M|100\/100\n|-ability|p2b: Krookodile|Intimidate|boost\n|-unboost|p1a: Tyranitar|atk|1\n|-unboost|p1b: Lycanroc|atk|1\n|-ability|p2a: Gyarados|Intimidate|boost\n|-unboost|p1a: Tyranitar|atk|1\n|-unboost|p1b: Lycanroc|atk|1\n|-weather|Sandstorm|[from] ability: Sand Stream|[of] p1a: Tyranitar\n|turn|1\n|\n|t:|1682689418\n|-terastallize|p2a: Gyarados|Ground\n|move|p1b: Lycanroc|Rock Slide|p2a: Gyarados|[spread] p2a,p2b\n|-resisted|p2a: Gyarados\n|-resisted|p2b: Krookodile\n|-damage|p2a: Gyarados|92\/100\n|-damage|p2b: Krookodile|92\/100\n|move|p2b: Krookodile|Earthquake|p1b: Lycanroc|[spread] p2a,p1a,p1b\n|-supereffective|p1a: Tyranitar\n|-supereffective|p1b: Lycanroc\n|-damage|p2a: Gyarados|39\/100\n|-damage|p1a: Tyranitar|24\/100\n|-enditem|p1b: Lycanroc|Focus Sash\n|-damage|p1b: Lycanroc|1\/100\n|move|p2a: Gyarados|Dragon Dance|p2a: Gyarados\n|-boost|p2a: Gyarados|atk|1\n|-boost|p2a: Gyarados|spe|1\n|move|p1a: Tyranitar|Rock Slide|p2a: Gyarados|[spread] p2a,p2b\n|-resisted|p2a: Gyarados\n|-resisted|p2b: Krookodile\n|-damage|p2a: Gyarados|30\/100\n|-damage|p2b: Krookodile|81\/100\n|\n|-weather|Sandstorm|[upkeep]\n|upkeep\n|turn|2\n|\n|t:|1682689442\n|move|p2b: Krookodile|Protect|p2b: Krookodile\n|-singleturn|p2b: Krookodile|Protect\n|move|p1b: Lycanroc|Endeavor|p2b: Krookodile\n|-activate|p2b: Krookodile|move: Protect\n|move|p2a: Gyarados|Earthquake|p1a: Tyranitar|[spread] p1a,p1b\n|-activate|p2b: Krookodile|move: Protect\n|-supereffective|p1a: Tyranitar\n|-supereffective|p1b: Lycanroc\n|-damage|p1a: Tyranitar|0 fnt\n|-damage|p1b: Lycanroc|0 fnt\n|faint|p1a: Tyranitar\n|faint|p1b: Lycanroc\n|\n|-weather|Sandstorm|[upkeep]\n|upkeep\n|\n|t:|1682689455\n|switch|p1b: Brute Bonnet|Brute Bonnet, L50|100\/100\n|switch|p1a: Ting-Lu|Ting-Lu, L50|100\/100\n|-ability|p1a: Ting-Lu|Vessel of Ruin\n|turn|3\n|\n|t:|1682689469\n|move|p1a: Ting-Lu|Protect|p1a: Ting-Lu\n|-singleturn|p1a: Ting-Lu|Protect\n|move|p2a: Gyarados|Waterfall|p1a: Ting-Lu\n|-activate|p1a: Ting-Lu|move: Protect\n|move|p2b: Krookodile|Taunt|p1b: Brute Bonnet\n|-start|p1b: Brute Bonnet|move: Taunt\n|cant|p1b: Brute Bonnet|move: Taunt|Spore\n|\n|-weather|Sandstorm|[upkeep]\n|-damage|p1b: Brute Bonnet|95\/100|[from] Sandstorm\n|upkeep\n|turn|4\n|\n|t:|1682689483\n|move|p2b: Krookodile|Protect|p2b: Krookodile\n|-singleturn|p2b: Krookodile|Protect\n|move|p1a: Ting-Lu|Protect|p1a: Ting-Lu\n|-singleturn|p1a: Ting-Lu|Protect\n|move|p2a: Gyarados|Waterfall|p1a: Ting-Lu\n|-activate|p1a: Ting-Lu|move: Protect\n|move|p1b: Brute Bonnet|Bullet Seed|p2a: Gyarados\n|-supereffective|p2a: Gyarados\n|-damage|p2a: Gyarados|0 fnt\n|faint|p2a: Gyarados\n|-hitcount|p2: Gyarados|1\n|\n|-weather|Sandstorm|[upkeep]\n|-damage|p1b: Brute Bonnet|89\/100|[from] Sandstorm\n|upkeep\n|\n|t:|1682689488\n|switch|p2a: Arcanine|Arcanine, L50, F|100\/100\n|-ability|p2a: Arcanine|Intimidate|boost\n|-fail|p1a: Ting-Lu|unboost|[from] item: Clear Amulet|[of] p1a: Ting-Lu\n|-unboost|p1b: Brute Bonnet|atk|1\n|turn|5\n|\n|t:|1682689509\n|-terastallize|p1b: Brute Bonnet|Fire\n|move|p2b: Krookodile|Taunt|p1a: Ting-Lu\n|-start|p1a: Ting-Lu|move: Taunt\n|move|p2a: Arcanine|Flare Blitz|p1b: Brute Bonnet\n|-resisted|p1b: Brute Bonnet\n|-damage|p1b: Brute Bonnet|67\/100\n|-damage|p2a: Arcanine|93\/100|[from] Recoil\n|move|p1b: Brute Bonnet|Bullet Seed|p2b: Krookodile\n|-supereffective|p2b: Krookodile\n|-damage|p2b: Krookodile|60\/100\n|-supereffective|p2b: Krookodile\n|-damage|p2b: Krookodile|39\/100\n|-supereffective|p2b: Krookodile\n|-damage|p2b: Krookodile|18\/100\n|-supereffective|p2b: Krookodile\n|-damage|p2b: Krookodile|0 fnt\n|faint|p2b: Krookodile\n|-hitcount|p2: Krookodile|4\n|move|p1a: Ting-Lu|Stomping Tantrum|p2a: Arcanine\n|-supereffective|p2a: Arcanine\n|-damage|p2a: Arcanine|8\/100\n|\n|-weather|none\n|-end|p1b: Brute Bonnet|move: Taunt\n|upkeep\n|\n|t:|1682689516\n|switch|p2b: Tauros|Tauros-Paldea-Aqua, L50, M|100\/100\n|-ability|p2b: Tauros|Intimidate|boost\n|-fail|p1a: Ting-Lu|unboost|[from] item: Clear Amulet|[of] p1a: Ting-Lu\n|-unboost|p1b: Brute Bonnet|atk|1\n|turn|6\n|\n|t:|1682689539\n|move|p2b: Tauros|Wave Crash|p1b: Brute Bonnet\n|-supereffective|p1b: Brute Bonnet\n|-damage|p1b: Brute Bonnet|0 fnt\n|faint|p1b: Brute Bonnet\n|-end|p1b: Brute Bonnet|Protosynthesis|[silent]\n|-damage|p2b: Tauros|68\/100|[from] Recoil\n|move|p2a: Arcanine|Will-O-Wisp|p1a: Ting-Lu\n|-status|p1a: Ting-Lu|brn\n|move|p1a: Ting-Lu|Stomping Tantrum|p2a: Arcanine\n|-supereffective|p2a: Arcanine\n|-damage|p2a: Arcanine|0 fnt\n|faint|p2a: Arcanine\n|\n|-damage|p1a: Ting-Lu|94\/100 brn|[from] brn\n|upkeep\n|turn|7\n|\n|t:|1682689558\n|move|p2b: Tauros|Wave Crash|p1a: Ting-Lu\n|-supereffective|p1a: Ting-Lu\n|-damage|p1a: Ting-Lu|0 fnt\n|faint|p1a: Ting-Lu\n|-damage|p2b: Tauros|19\/100|[from] Recoil\n|\n|win|ParadoxOfParadox\n|raw|Mikellis's rating: 1184 → 1159<\/strong> (-25 for losing)\n|raw|ParadoxOfParadox's rating: 1188 → 1213<\/strong> (+25 for winning)\n|l|\u2606Mikellis\n","uploadtime":1682689564,"views":11,"p1id":"mikellis","p2id":"paradoxofparadox","formatid":"gen9vgc2023regulationc","rating":1159,"private":0,"password":""}