{"id":"gen9vgc2023regulationc-1860839288","p1":"onixpected0","p2":"RadiantBlue4552","format":"[Gen 9] VGC 2023 Regulation C","log":"|j|\u2606onixpected0\n|j|\u2606RadiantBlue4552\n|t:|1683684211\n|gametype|doubles\n|player|p1|onixpected0|wally|1287\n|player|p2|RadiantBlue4552|2|1304\n|teamsize|p1|6\n|teamsize|p2|6\n|gen|9\n|tier|[Gen 9] VGC 2023 Regulation C\n|rated|\n|rule|Species Clause: Limit one of each Pok\u00e9mon\n|rule|Item Clause: Limit one of each item\n|clearpoke\n|poke|p1|Ting-Lu, L50|\n|poke|p1|Palafin, L50, M|\n|poke|p1|Flutter Mane, L50|\n|poke|p1|Arcanine, L50, M|\n|poke|p1|Amoonguss, L50, F|\n|poke|p1|Roaring Moon, L50|\n|poke|p2|Kingambit, L50, M|\n|poke|p2|Hariyama, L50, M|\n|poke|p2|Garchomp, L50, F|\n|poke|p2|Torkoal, L50, M|\n|poke|p2|Brute Bonnet, L50|\n|poke|p2|Oranguru, L50, F|\n|teampreview|4\n|inactive|Battle timer is ON: inactive players will automatically lose when time's up. (requested by onixpected0)\n|inactive|onixpected0 has 60 seconds left.\n|\n|t:|1683684252\n|start\n|switch|p1a: Roaring Moon|Roaring Moon, L50|100\/100\n|switch|p1b: Amoonguss|Amoonguss, L50, F|100\/100\n|switch|p2a: Hariyama|Hariyama, L50, M|100\/100\n|switch|p2b: Oranguru|Oranguru, L50, F|100\/100\n|-enditem|p1a: Roaring Moon|Booster Energy\n|-activate|p1a: Roaring Moon|ability: Protosynthesis|[fromitem]\n|-start|p1a: Roaring Moon|protosynthesisatk\n|turn|1\n|inactive|onixpected0 has 30 seconds left.\n|inactive|RadiantBlue4552 has 30 seconds left.\n|inactive|RadiantBlue4552 has 20 seconds left.\n|inactive|RadiantBlue4552 has 15 seconds left.\n|\n|t:|1683684294\n|-terastallize|p1a: Roaring Moon|Flying\n|move|p2a: Hariyama|Fake Out|p1a: Roaring Moon\n|-damage|p1a: Roaring Moon|83\/100\n|cant|p1a: Roaring Moon|flinch\n|move|p1b: Amoonguss|Spore|p2b: Oranguru\n|-status|p2b: Oranguru|slp|[from] move: Spore\n|cant|p2b: Oranguru|slp\n|\n|-status|p2a: Hariyama|brn|[from] item: Flame Orb\n|upkeep\n|turn|2\n|inactive|onixpected0 has 30 seconds left.\n|inactive|onixpected0 has 20 seconds left.\n|inactive|onixpected0 has 15 seconds left.\n|inactive|onixpected0 has 10 seconds left.\n|inactive|onixpected0 has 5 seconds left.\n|\n|t:|1683684346\n|switch|p1b: Ting-Lu|Ting-Lu, L50|100\/100\n|-ability|p1b: Ting-Lu|Vessel of Ruin\n|move|p2a: Hariyama|Bullet Punch|p1a: Roaring Moon\n|-damage|p1a: Roaring Moon|60\/100\n|move|p1a: Roaring Moon|Dragon Dance|p1a: Roaring Moon\n|-boost|p1a: Roaring Moon|atk|1\n|-boost|p1a: Roaring Moon|spe|1\n|cant|p2b: Oranguru|slp\n|\n|-damage|p2a: Hariyama|95\/100 brn|[from] brn\n|upkeep\n|turn|3\n|inactive|RadiantBlue4552 has 30 seconds left.\n|\n|t:|1683684375\n|switch|p1b: Flutter Mane|Flutter Mane, L50|100\/100\n|switch|p2a: Brute Bonnet|Brute Bonnet, L50|100\/100\n|move|p1a: Roaring Moon|Throat Chop|p2b: Oranguru\n|-supereffective|p2b: Oranguru\n|-damage|p2b: Oranguru|0 fnt\n|faint|p2b: Oranguru\n|\n|upkeep\n|\n|t:|1683684386\n|switch|p2b: Hariyama|Hariyama, L50, M|95\/100 brn\n|turn|4\n|\n|t:|1683684392\n|-end|p1b: Flutter Mane|Protosynthesis|[silent]\n|switch|p1b: Amoonguss|Amoonguss, L50, F|100\/100\n|move|p2b: Hariyama|Fake Out|p1a: Roaring Moon\n|-damage|p1a: Roaring Moon|37\/100\n|cant|p1a: Roaring Moon|flinch\n|move|p2a: Brute Bonnet|Spore|p1a: Roaring Moon\n|-status|p1a: Roaring Moon|slp|[from] move: Spore\n|\n|-damage|p2b: Hariyama|89\/100 brn|[from] brn\n|upkeep\n|turn|5\n|\n|t:|1683684411\n|switch|p2b: Torkoal|Torkoal, L50, M|100\/100\n|-weather|SunnyDay|[from] ability: Drought|[of] p2b: Torkoal\n|-activate|p2a: Brute Bonnet|ability: Protosynthesis\n|-start|p2a: Brute Bonnet|protosynthesisatk\n|cant|p1a: Roaring Moon|slp\n|move|p2a: Brute Bonnet|Crunch|p1a: Roaring Moon\n|-damage|p1a: Roaring Moon|0 fnt\n|faint|p1a: Roaring Moon\n|-end|p1a: Roaring Moon|Protosynthesis|[silent]\n|move|p1b: Amoonguss|Pollen Puff|p1: Roaring Moon|[notarget]\n|-fail|p1b: Amoonguss\n|\n|-weather|SunnyDay|[upkeep]\n|upkeep\n|\n|t:|1683684421\n|switch|p1a: Flutter Mane|Flutter Mane, L50|100\/100\n|-activate|p1a: Flutter Mane|ability: Protosynthesis\n|-start|p1a: Flutter Mane|protosynthesisspe\n|turn|6\n|\n|t:|1683684438\n|-terastallize|p2a: Brute Bonnet|Water\n|move|p2b: Torkoal|Protect|p2b: Torkoal\n|-singleturn|p2b: Torkoal|Protect\n|move|p1a: Flutter Mane|Dazzling Gleam|p2b: Torkoal|[spread] p2a\n|-activate|p2b: Torkoal|move: Protect\n|-damage|p2a: Brute Bonnet|62\/100\n|move|p2a: Brute Bonnet|Crunch|p1a: Flutter Mane\n|-damage|p1a: Flutter Mane|0 fnt\n|faint|p1a: Flutter Mane\n|-end|p1a: Flutter Mane|Protosynthesis|[silent]\n|move|p1b: Amoonguss|Spore|p2b: Torkoal\n|-activate|p2b: Torkoal|move: Protect\n|\n|-weather|SunnyDay|[upkeep]\n|upkeep\n|\n|t:|1683684447\n|switch|p1a: Ting-Lu|Ting-Lu, L50|100\/100\n|-ability|p1a: Ting-Lu|Vessel of Ruin\n|turn|7\n|-message|onixpected0 forfeited.\n|\n|win|RadiantBlue4552\n|raw|onixpected0's rating: 1287 → 1263<\/strong> (-24 for losing)\n|raw|RadiantBlue4552's rating: 1304 → 1323<\/strong> (+19 for winning)\n|l|\u2606onixpected0\n","uploadtime":1683684456,"views":8,"p1id":"onixpected0","p2id":"radiantblue4552","formatid":"gen9vgc2023regulationc","rating":1263,"private":0,"password":""}