{"id":"gen9vgc2023regulationc-1846045649","p1":"Bambambi","p2":"TwiceMeLikey","format":"[Gen 9] VGC 2023 Regulation C","log":"|j|\u2606Bambambi\n|j|\u2606TwiceMeLikey\n|t:|1681796906\n|gametype|doubles\n|player|p1|Bambambi|wallace-gen6|1017\n|player|p2|TwiceMeLikey|1|1090\n|teamsize|p1|6\n|teamsize|p2|6\n|gen|9\n|tier|[Gen 9] VGC 2023 Regulation C\n|rated|\n|rule|Species Clause: Limit one of each Pok\u00e9mon\n|rule|Item Clause: Limit one of each item\n|clearpoke\n|poke|p1|Great Tusk, L50|\n|poke|p1|Murkrow, L50, M|\n|poke|p1|Flutter Mane, L50|\n|poke|p1|Chi-Yu, L50|\n|poke|p1|Dragonite, L50, F|\n|poke|p1|Chien-Pao, L50|\n|poke|p2|Kingambit, L50, M|\n|poke|p2|Flutter Mane, L50|\n|poke|p2|Dragonite, L50, F|\n|poke|p2|Chien-Pao, L50|\n|poke|p2|Great Tusk, L50|\n|poke|p2|Gyarados, L50, M|\n|teampreview|4\n|\n|t:|1681796947\n|start\n|switch|p1a: Great Tusk|Great Tusk, L50|100\/100\n|switch|p1b: Murkrow|Murkrow, L50, M|100\/100\n|switch|p2a: Gyarados|Gyarados, L50, M|100\/100\n|switch|p2b: Great Tusk|Great Tusk, L50|100\/100\n|-ability|p2a: Gyarados|Intimidate|boost\n|-unboost|p1a: Great Tusk|atk|1\n|-unboost|p1b: Murkrow|atk|1\n|turn|1\n|\n|t:|1681796967\n|-terastallize|p1a: Great Tusk|Steel\n|move|p1b: Murkrow|Sunny Day|p1b: Murkrow\n|-weather|SunnyDay\n|-activate|p2b: Great Tusk|ability: Protosynthesis\n|-start|p2b: Great Tusk|protosynthesisatk\n|-activate|p1a: Great Tusk|ability: Protosynthesis\n|-start|p1a: Great Tusk|protosynthesisspe\n|move|p1a: Great Tusk|Rock Slide|p2b: Great Tusk|[spread] p2a,p2b\n|-supereffective|p2a: Gyarados\n|-resisted|p2b: Great Tusk\n|-crit|p2b: Great Tusk\n|-damage|p2a: Gyarados|70\/100\n|-damage|p2b: Great Tusk|96\/100\n|cant|p2b: Great Tusk|flinch\n|cant|p2a: Gyarados|flinch\n|\n|-weather|SunnyDay|[upkeep]\n|upkeep\n|turn|2\n|\n|t:|1681797000\n|move|p1b: Murkrow|Haze|p1b: Murkrow\n|-clearallboost\n|move|p1a: Great Tusk|Rock Slide|p2a: Gyarados|[spread] p2a,p2b\n|-supereffective|p2a: Gyarados\n|-resisted|p2b: Great Tusk\n|-damage|p2a: Gyarados|23\/100\n|-damage|p2b: Great Tusk|92\/100\n|move|p2b: Great Tusk|Headlong Rush|p1a: Great Tusk\n|-supereffective|p1a: Great Tusk\n|-damage|p1a: Great Tusk|0 fnt\n|-unboost|p2b: Great Tusk|def|1\n|-unboost|p2b: Great Tusk|spd|1\n|faint|p1a: Great Tusk\n|-end|p1a: Great Tusk|Protosynthesis|[silent]\n|move|p2a: Gyarados|Thunder Wave|p1b: Murkrow\n|-status|p1b: Murkrow|par\n|\n|-weather|SunnyDay|[upkeep]\n|upkeep\n|\n|t:|1681797016\n|switch|p1a: Flutter Mane|Flutter Mane, L50|100\/100\n|-activate|p1a: Flutter Mane|ability: Protosynthesis\n|-start|p1a: Flutter Mane|protosynthesisspa\n|turn|3\n|\n|t:|1681797024\n|-end|p2b: Great Tusk|Protosynthesis|[silent]\n|switch|p2b: Flutter Mane|Flutter Mane, L50|100\/100\n|-activate|p2b: Flutter Mane|ability: Protosynthesis\n|-start|p2b: Flutter Mane|protosynthesisspe\n|move|p2a: Gyarados|Protect|p2a: Gyarados\n|-singleturn|p2a: Gyarados|Protect\n|cant|p1b: Murkrow|par\n|move|p1a: Flutter Mane|Dazzling Gleam|p2a: Gyarados|[spread] p2b\n|-activate|p2a: Gyarados|move: Protect\n|-damage|p2b: Flutter Mane|38\/100\n|\n|-weather|SunnyDay|[upkeep]\n|upkeep\n|turn|4\n|\n|t:|1681797048\n|move|p1b: Murkrow|Tailwind|p1b: Murkrow\n|-sidestart|p1: Bambambi|move: Tailwind\n|move|p1a: Flutter Mane|Dazzling Gleam|p2b: Flutter Mane|[spread] p2a,p2b\n|-damage|p2a: Gyarados|0 fnt\n|-damage|p2b: Flutter Mane|0 fnt\n|faint|p2a: Gyarados\n|faint|p2b: Flutter Mane\n|-end|p2b: Flutter Mane|Protosynthesis|[silent]\n|\n|-weather|SunnyDay|[upkeep]\n|upkeep\n|\n|t:|1681797055\n|switch|p2b: Dragonite|Dragonite, L50, F|100\/100\n|switch|p2a: Great Tusk|Great Tusk, L50|92\/100\n|-activate|p2a: Great Tusk|ability: Protosynthesis\n|-start|p2a: Great Tusk|protosynthesisatk\n|turn|5\n|\n|t:|1681797074\n|-terastallize|p2b: Dragonite|Flying\n|move|p1a: Flutter Mane|Dazzling Gleam|p2a: Great Tusk|[spread] p2a,p2b\n|-supereffective|p2a: Great Tusk\n|-damage|p2a: Great Tusk|0 fnt\n|-damage|p2b: Dragonite|69\/100\n|faint|p2a: Great Tusk\n|-end|p2a: Great Tusk|Protosynthesis|[silent]\n|move|p2b: Dragonite|Tera Blast|p1a: Flutter Mane\n|-damage|p1a: Flutter Mane|0 fnt\n|faint|p1a: Flutter Mane\n|-end|p1a: Flutter Mane|Protosynthesis|[silent]\n|move|p1b: Murkrow|Foul Play|p2b: Dragonite\n|-crit|p2b: Dragonite\n|-damage|p2b: Dragonite|0 fnt\n|faint|p2b: Dragonite\n|\n|win|Bambambi\n|raw|Bambambi's rating: 1017 → 1062<\/strong> (+45 for winning)\n|raw|TwiceMeLikey's rating: 1090 → 1062<\/strong> (-28 for losing)\n|l|\u2606TwiceMeLikey\n","uploadtime":1681797094,"views":13,"p1id":"bambambi","p2id":"twicemelikey","formatid":"gen9vgc2023regulationc","rating":1062,"private":0,"password":""}