{"id":"gen9vgc2023regulationc-1846608921","p1":"DeathToScarfChiYu","p2":"Cocobeloeil3","format":"[Gen 9] VGC 2023 Regulation C","log":"|j|\u2606DeathToScarfChiYu\n|j|\u2606Cocobeloeil3\n|t:|1681856835\n|gametype|doubles\n|player|p1|DeathToScarfChiYu|fennel|1748\n|player|p2|Cocobeloeil3|266|1646\n|teamsize|p1|6\n|teamsize|p2|6\n|gen|9\n|tier|[Gen 9] VGC 2023 Regulation C\n|rated|\n|rule|Species Clause: Limit one of each Pok\u00e9mon\n|rule|Item Clause: Limit one of each item\n|clearpoke\n|poke|p1|Bellibolt, L50, M|\n|poke|p1|Gastrodon-East, L50, F|\n|poke|p1|Iron Treads, L50|\n|poke|p1|Mimikyu, L50, M|\n|poke|p1|Chi-Yu, L50|\n|poke|p1|Corviknight, L50, F|\n|poke|p2|Chi-Yu, L50|\n|poke|p2|Tyranitar, L50, F|\n|poke|p2|Amoonguss, L50, M|\n|poke|p2|Gyarados, L50, F|\n|poke|p2|Iron Bundle, L50|\n|poke|p2|Scizor, L50, F|\n|teampreview|4\n|\n|t:|1681856866\n|start\n|switch|p1a: Pretty Sweet|Mimikyu, L50, M|100\/100\n|switch|p1b: Solo|Bellibolt, L50, M, shiny|100\/100\n|switch|p2a: Chi-Yu|Chi-Yu, L50|100\/100\n|switch|p2b: Iron Bundle|Iron Bundle, L50|100\/100\n|-ability|p2a: Chi-Yu|Beads of Ruin\n|-enditem|p2b: Iron Bundle|Booster Energy\n|-activate|p2b: Iron Bundle|ability: Quark Drive|[fromitem]\n|-start|p2b: Iron Bundle|quarkdrivespe\n|turn|1\n|inactive|Battle timer is ON: inactive players will automatically lose when time's up. (requested by Cocobeloeil3)\n|j| sadgirl23\n|\n|t:|1681856887\n|move|p2b: Iron Bundle|Protect|p2b: Iron Bundle\n|-singleturn|p2b: Iron Bundle|Protect\n|move|p1a: Pretty Sweet|Play Rough|p2a: Chi-Yu\n|-damage|p2a: Chi-Yu|38\/100\n|-damage|p1a: Pretty Sweet|91\/100|[from] item: Life Orb\n|move|p2a: Chi-Yu|Heat Wave|p1b: Solo|[spread] p1a,p1b\n|-activate|p1a: Pretty Sweet|ability: Disguise\n|-damage|p1a: Pretty Sweet|91\/100\n|-damage|p1b: Solo|69\/100\n|-start|p1b: Solo|Charge|Heat Wave|[from] ability: Electromorphosis\n|detailschange|p1a: Pretty Sweet|Mimikyu-Busted, L50, M\n|-damage|p1a: Pretty Sweet|79\/100|[from] pokemon: Mimikyu-Busted\n|move|p1b: Solo|Parabolic Charge|p2a: Chi-Yu|[spread] p1a,p2a\n|-activate|p2b: Iron Bundle|move: Protect\n|-damage|p1a: Pretty Sweet|14\/100\n|-heal|p1b: Solo|90\/100|[from] drain|[of] p1a: Pretty Sweet\n|-damage|p2a: Chi-Yu|0 fnt\n|-heal|p1b: Solo|100\/100|[from] drain|[of] p2a: Chi-Yu\n|faint|p2a: Chi-Yu\n|-end|p1b: Solo|Charge|[silent]\n|\n|upkeep\n|\n|t:|1681856898\n|switch|p2a: Scizor|Scizor, L50, F|100\/100\n|turn|2\n|\n|t:|1681856910\n|-end|p2b: Iron Bundle|Quark Drive|[silent]\n|switch|p2b: Tyranitar|Tyranitar, L50, F|100\/100\n|-weather|Sandstorm|[from] ability: Sand Stream|[of] p2b: Tyranitar\n|move|p2a: Scizor|Bullet Punch|p1a: Pretty Sweet\n|-supereffective|p1a: Pretty Sweet\n|-damage|p1a: Pretty Sweet|0 fnt\n|faint|p1a: Pretty Sweet\n|-damage|p2a: Scizor|91\/100|[from] item: Life Orb\n|move|p1b: Solo|Parabolic Charge|p2b: Tyranitar|[spread] p2a,p2b\n|-damage|p2a: Scizor|65\/100\n|-damage|p2b: Tyranitar|93\/100\n|\n|-weather|Sandstorm|[upkeep]\n|-damage|p1b: Solo|94\/100|[from] Sandstorm\n|upkeep\n|\n|t:|1681856918\n|switch|p1a: White Ferrari|Iron Treads, L50|100\/100\n|-enditem|p1a: White Ferrari|Booster Energy\n|-activate|p1a: White Ferrari|ability: Quark Drive|[fromitem]\n|-start|p1a: White Ferrari|quarkdrivespe\n|turn|3\n|\n|t:|1681856942\n|-terastallize|p2b: Tyranitar|Flying\n|move|p1a: White Ferrari|Protect|p1a: White Ferrari\n|-singleturn|p1a: White Ferrari|Protect\n|move|p2a: Scizor|Protect|p2a: Scizor\n|-singleturn|p2a: Scizor|Protect\n|move|p2b: Tyranitar|Low Kick|p1a: White Ferrari\n|-activate|p1a: White Ferrari|move: Protect\n|move|p1b: Solo|Parabolic Charge|p2a: Scizor|[spread] p2b\n|-activate|p1a: White Ferrari|move: Protect\n|-activate|p2a: Scizor|move: Protect\n|-supereffective|p2b: Tyranitar\n|-damage|p2b: Tyranitar|67\/100\n|-heal|p1b: Solo|100\/100|[from] drain|[of] p2b: Tyranitar\n|\n|-weather|Sandstorm|[upkeep]\n|-damage|p2b: Tyranitar|61\/100|[from] Sandstorm\n|-damage|p1b: Solo|94\/100|[from] Sandstorm\n|upkeep\n|turn|4\n|\n|t:|1681856967\n|move|p2a: Scizor|Bullet Punch|p1a: White Ferrari\n|-resisted|p1a: White Ferrari\n|-damage|p1a: White Ferrari|79\/100\n|-damage|p2a: Scizor|56\/100|[from] item: Life Orb\n|move|p1a: White Ferrari|Ice Spinner|p2b: Tyranitar\n|-supereffective|p2b: Tyranitar\n|-damage|p2b: Tyranitar|18\/100\n|move|p2b: Tyranitar|Low Kick|p1a: White Ferrari\n|-supereffective|p1a: White Ferrari\n|-damage|p1a: White Ferrari|0 fnt\n|faint|p1a: White Ferrari\n|-end|p1a: White Ferrari|Quark Drive|[silent]\n|move|p1b: Solo|Parabolic Charge|p2b: Tyranitar|[spread] p2a,p2b\n|-supereffective|p2b: Tyranitar\n|-damage|p2a: Scizor|29\/100\n|-heal|p1b: Solo|100\/100|[from] drain|[of] p2a: Scizor\n|-damage|p2b: Tyranitar|0 fnt\n|faint|p2b: Tyranitar\n|\n|-weather|Sandstorm|[upkeep]\n|-damage|p1b: Solo|94\/100|[from] Sandstorm\n|upkeep\n|\n|t:|1681856972\n|switch|p1a: Self Control|Gastrodon-East, L50, F|100\/100\n|switch|p2b: Iron Bundle|Iron Bundle, L50|100\/100\n|turn|5\n|\n|t:|1681856996\n|-terastallize|p1a: Self Control|Fire\n|move|p2b: Iron Bundle|Freeze-Dry|p1b: Solo\n|-damage|p1b: Solo|75\/100\n|-start|p1b: Solo|Charge|Freeze-Dry|[from] ability: Electromorphosis\n|move|p2a: Scizor|U-turn|p1b: Solo\n|-damage|p1b: Solo|35\/100\n|-start|p1b: Solo|Charge|U-turn|[from] ability: Electromorphosis\n|-damage|p2a: Scizor|20\/100|[from] item: Life Orb\n|move|p1a: Self Control|Earth Power|p2a: Scizor\n|-damage|p2a: Scizor|0 fnt\n|faint|p2a: Scizor\n|move|p1b: Solo|Thunderbolt|p2b: Iron Bundle\n|-supereffective|p2b: Iron Bundle\n|-damage|p2b: Iron Bundle|0 fnt\n|faint|p2b: Iron Bundle\n|-end|p2b: Iron Bundle|Quark Drive|[silent]\n|-end|p1b: Solo|Charge|[silent]\n|\n|win|DeathToScarfChiYu\n|raw|DeathToScarfChiYu's rating: 1748 → 1762<\/strong> (+14 for winning)\n|raw|Cocobeloeil3's rating: 1646 → 1632<\/strong> (-14 for losing)\n|l|\u2606Cocobeloeil3\n|l|\u2606DeathToScarfChiYu\n","uploadtime":1681857324,"views":10,"p1id":"deathtoscarfchiyu","p2id":"cocobeloeil3","formatid":"gen9vgc2023regulationc","rating":1632,"private":0,"password":""}