{"id":"gen9vgc2023regulationc-1846708687","p1":"mirrorb12345","p2":"Sprye0216","format":"[Gen 9] VGC 2023 Regulation C","log":"|j|\u2606mirrorb12345\n|j|\u2606Sprye0216\n|t:|1681868493\n|gametype|doubles\n|player|p1|mirrorb12345|ninjaboy|1178\n|player|p2|Sprye0216|skyla|1255\n|teamsize|p1|6\n|teamsize|p2|6\n|gen|9\n|tier|[Gen 9] VGC 2023 Regulation C\n|rated|\n|rule|Species Clause: Limit one of each Pok\u00e9mon\n|rule|Item Clause: Limit one of each item\n|clearpoke\n|poke|p1|Scizor, L50, M|\n|poke|p1|Braviary, L50, M|\n|poke|p1|Chien-Pao, L50|\n|poke|p1|Amoonguss, L50, F|\n|poke|p1|Ting-Lu, L50|\n|poke|p1|Gyarados, L50, M|\n|poke|p2|Arcanine, L50, F|\n|poke|p2|Flutter Mane, L50|\n|poke|p2|Chien-Pao, L50|\n|poke|p2|Dragapult, L50, F|\n|poke|p2|Amoonguss, L50, M|\n|poke|p2|Palafin, L50, F|\n|teampreview|4\nSprye0216 has agreed to open team sheets.\nmirrorb12345 has agreed to open team sheets.\n|\n|t:|1681868547\n|start\n|switch|p1a: Braviary|Braviary, L50, M|100\/100\n|switch|p1b: Scizor|Scizor, L50, M|100\/100\n|switch|p2a: Chien-Pao|Chien-Pao, L50|100\/100\n|switch|p2b: Dragapult|Dragapult, L50, F|100\/100\n|-ability|p2a: Chien-Pao|Sword of Ruin\n|turn|1\n|\n|t:|1681868567\n|-terastallize|p2b: Dragapult|Dragon\n|move|p1a: Braviary|Protect|p1a: Braviary\n|-singleturn|p1a: Braviary|Protect\n|move|p2b: Dragapult|Dragon Darts|p1b: Scizor\n|-resisted|p1b: Scizor\n|-damage|p1b: Scizor|67\/100\n|-anim|p2b: Dragapult|Dragon Darts|p1b: Scizor\n|-resisted|p1b: Scizor\n|-damage|p1b: Scizor|34\/100\n|move|p2a: Chien-Pao|Ice Spinner|p1a: Braviary\n|-activate|p1a: Braviary|move: Protect\n|move|p1b: Scizor|Tailwind|p1b: Scizor\n|-sidestart|p1: mirrorb12345|move: Tailwind\n|\n|upkeep\n|turn|2\n|\n|t:|1681868608\n|-terastallize|p1a: Braviary|Flying\n|move|p1a: Braviary|Brave Bird|p2b: Dragapult\n|-damage|p2b: Dragapult|0 fnt\n|faint|p2b: Dragapult\n|-damage|p1a: Braviary|71\/100|[from] Recoil\n|-damage|p1a: Braviary|62\/100|[from] item: Life Orb\n|move|p2a: Chien-Pao|Ice Spinner|p1a: Braviary\n|-supereffective|p1a: Braviary\n|-damage|p1a: Braviary|0 fnt\n|faint|p1a: Braviary\n|move|p1b: Scizor|U-turn|p2a: Chien-Pao\n|-supereffective|p2a: Chien-Pao\n|-damage|p2a: Chien-Pao|2\/100\n|\n|t:|1681868624\n|switch|p1b: Gyarados|Gyarados, L50, M|100\/100|[from] U-turn\n|-ability|p1b: Gyarados|Intimidate|boost\n|-unboost|p2a: Chien-Pao|atk|1\n|\n|upkeep\n|\n|t:|1681868629\n|switch|p2b: Amoonguss|Amoonguss, L50, M|100\/100\n|switch|p1a: Scizor|Scizor, L50, M|34\/100\n|turn|3\n|\n|t:|1681868641\n|move|p2a: Chien-Pao|Protect|p2a: Chien-Pao\n|-singleturn|p2a: Chien-Pao|Protect\n|move|p1a: Scizor|Bullet Punch|p2a: Chien-Pao\n|-activate|p2a: Chien-Pao|move: Protect\n|move|p1b: Gyarados|Taunt|p2b: Amoonguss\n|-start|p2b: Amoonguss|move: Taunt\n|cant|p2b: Amoonguss|move: Taunt|Spore\n|\n|upkeep\n|turn|4\n|\n|t:|1681868657\n|move|p2a: Chien-Pao|Sucker Punch|p1a: Scizor\n|-damage|p1a: Scizor|2\/100\n|move|p1a: Scizor|Bullet Punch|p2a: Chien-Pao\n|-supereffective|p2a: Chien-Pao\n|-damage|p2a: Chien-Pao|0 fnt\n|faint|p2a: Chien-Pao\n|move|p1b: Gyarados|Thunder Wave|p2b: Amoonguss\n|-status|p2b: Amoonguss|par\n|move|p2b: Amoonguss|Pollen Puff|p1b: Gyarados\n|-resisted|p1b: Gyarados\n|-damage|p1b: Gyarados|94\/100\n|\n|-sideend|p1: mirrorb12345|move: Tailwind\n|upkeep\n|\n|t:|1681868668\n|switch|p2a: Flutter Mane|Flutter Mane, L50|100\/100\n|-enditem|p2a: Flutter Mane|Booster Energy\n|-activate|p2a: Flutter Mane|ability: Protosynthesis|[fromitem]\n|-start|p2a: Flutter Mane|protosynthesisspe\n|turn|5\n|\n|t:|1681868680\n|move|p2a: Flutter Mane|Protect|p2a: Flutter Mane\n|-singleturn|p2a: Flutter Mane|Protect\n|move|p1a: Scizor|Protect|p1a: Scizor\n|-singleturn|p1a: Scizor|Protect\n|move|p1b: Gyarados|Thunder Wave|p2a: Flutter Mane\n|-activate|p2a: Flutter Mane|move: Protect\n|move|p2b: Amoonguss|Pollen Puff|p1a: Scizor\n|-activate|p1a: Scizor|move: Protect\n|\n|-end|p2b: Amoonguss|move: Taunt\n|upkeep\n|turn|6\n|\n|t:|1681868705\n|move|p2b: Amoonguss|Rage Powder|p2b: Amoonguss\n|-singleturn|p2b: Amoonguss|move: Rage Powder\n|move|p1a: Scizor|Bullet Punch|p2a: Flutter Mane\n|-supereffective|p2a: Flutter Mane\n|-crit|p2a: Flutter Mane\n|-damage|p2a: Flutter Mane|0 fnt\n|faint|p2a: Flutter Mane\n|-end|p2a: Flutter Mane|Protosynthesis|[silent]\n|move|p1b: Gyarados|Taunt|p2b: Amoonguss\n|-start|p2b: Amoonguss|move: Taunt\n|\n|upkeep\n|turn|7\n|\n|t:|1681868717\n|move|p1b: Gyarados|Waterfall|p2b: Amoonguss\n|-resisted|p2b: Amoonguss\n|-damage|p2b: Amoonguss|84\/100 par\n|move|p1a: Scizor|U-turn|p2b: Amoonguss\n|-damage|p2b: Amoonguss|53\/100 par\n|\n|t:|1681868722\n|switch|p1a: Chien-Pao|Chien-Pao, L50|100\/100|[from] U-turn\n|-ability|p1a: Chien-Pao|Sword of Ruin\n|move|p2b: Amoonguss|Pollen Puff|p1a: Chien-Pao\n|-supereffective|p1a: Chien-Pao\n|-damage|p1a: Chien-Pao|40\/100\n|\n|upkeep\n|turn|8\n|\n|t:|1681868733\n|move|p1a: Chien-Pao|Ice Spinner|p2b: Amoonguss\n|-supereffective|p2b: Amoonguss\n|-damage|p2b: Amoonguss|0 fnt\n|faint|p2b: Amoonguss\n|\n|win|mirrorb12345\n|raw|mirrorb12345's rating: 1178 → 1208<\/strong> (+30 for winning)\n|raw|Sprye0216's rating: 1255 → 1225<\/strong> (-30 for losing)\n","uploadtime":1681868738,"views":16,"p1id":"mirrorb12345","p2id":"sprye0216","formatid":"gen9vgc2023regulationc","rating":1208,"private":0,"password":""}