{"id":"gen9vgc2023regulationc-1846647665","p1":"murdina","p2":"harrythegoat","format":"[Gen 9] VGC 2023 Regulation C","log":"|j|\u2606murdina\n|j|\u2606harrythegoat\n|t:|1681861260\n|gametype|doubles\n|player|p1|murdina|265|1260\n|player|p2|harrythegoat|169|1254\n|teamsize|p1|6\n|teamsize|p2|6\n|gen|9\n|tier|[Gen 9] VGC 2023 Regulation C\n|rated|\n|rule|Species Clause: Limit one of each Pok\u00e9mon\n|rule|Item Clause: Limit one of each item\n|clearpoke\n|poke|p1|Chi-Yu, L50|\n|poke|p1|Flutter Mane, L50|\n|poke|p1|Ceruledge, L50, F|\n|poke|p1|Ditto, L50|\n|poke|p1|Pawmot, L50, M|\n|poke|p1|Murkrow, L50, M|\n|poke|p2|Scovillain, L50, F|\n|poke|p2|Glalie, L50, F|\n|poke|p2|Grimmsnarl, L50, M|\n|poke|p2|Volcarona, L50, F|\n|poke|p2|Brute Bonnet, L50|\n|poke|p2|Gholdengo, L50|\n|teampreview|4\nharrythegoat rejected open team sheets.\n|inactive|Battle timer is ON: inactive players will automatically lose when time's up. (requested by harrythegoat)\n|\n|t:|1681861295\n|start\n|switch|p1a: Flutter Mane|Flutter Mane, L50|100\/100\n|switch|p1b: Chi-Yu|Chi-Yu, L50|100\/100\n|switch|p2a: Grimmsnarl|Grimmsnarl, L50, M|100\/100\n|switch|p2b: Scovillain|Scovillain, L50, F|100\/100\n|-ability|p1b: Chi-Yu|Beads of Ruin\n|-enditem|p1a: Flutter Mane|Booster Energy\n|-activate|p1a: Flutter Mane|ability: Protosynthesis|[fromitem]\n|-start|p1a: Flutter Mane|protosynthesisspe\n|turn|1\n|\n|t:|1681861310\n|move|p2a: Grimmsnarl|Light Screen|p2a: Grimmsnarl\n|-sidestart|p2: harrythegoat|move: Light Screen\n|move|p1a: Flutter Mane|Moonblast|p2a: Grimmsnarl\n|-supereffective|p2a: Grimmsnarl\n|-damage|p2a: Grimmsnarl|21\/100\n|move|p1b: Chi-Yu|Heat Wave|p2b: Scovillain|[spread] p2b\n|-miss|p1b: Chi-Yu|p2a: Grimmsnarl\n|-damage|p2b: Scovillain|56\/100\n|move|p2b: Scovillain|Leech Seed|p1b: Chi-Yu\n|-start|p1b: Chi-Yu|move: Leech Seed\n|\n|-heal|p2b: Scovillain|62\/100|[from] item: Leftovers\n|-damage|p1b: Chi-Yu|88\/100|[from] Leech Seed|[of] p2b: Scovillain\n|-heal|p2b: Scovillain|71\/100|[silent]\n|-ability|p2b: Scovillain|Moody|boost\n|-boost|p2b: Scovillain|spd|2\n|-unboost|p2b: Scovillain|spe|1\n|upkeep\n|turn|2\n|\n|t:|1681861334\n|switch|p1b: Murkrow|Murkrow, L50, M|100\/100\n|move|p2a: Grimmsnarl|Thunder Wave|p1a: Flutter Mane\n|-status|p1a: Flutter Mane|par\n|cant|p1a: Flutter Mane|par\n|move|p2b: Scovillain|Leech Seed|p1a: Flutter Mane|[miss]\n|-miss|p2b: Scovillain|p1a: Flutter Mane\n|\n|-heal|p2b: Scovillain|77\/100|[from] item: Leftovers\n|-ability|p2b: Scovillain|Moody|boost\n|-boost|p2b: Scovillain|atk|2\n|-unboost|p2b: Scovillain|spa|1\n|upkeep\n|turn|3\n|\n|t:|1681861359\n|move|p1a: Flutter Mane|Moonblast|p2a: Grimmsnarl\n|-supereffective|p2a: Grimmsnarl\n|-damage|p2a: Grimmsnarl|0 fnt\n|faint|p2a: Grimmsnarl\n|move|p1b: Murkrow|Foul Play|p2b: Scovillain\n|-damage|p2b: Scovillain|13\/100\n|move|p2b: Scovillain|Flamethrower|p1b: Murkrow\n|-damage|p1b: Murkrow|83\/100\n|\n|-heal|p2b: Scovillain|19\/100|[from] item: Leftovers\n|-ability|p2b: Scovillain|Moody|boost\n|-boost|p2b: Scovillain|atk|2\n|-unboost|p2b: Scovillain|spa|1\n|upkeep\n|\n|t:|1681861374\n|switch|p2a: Glalie|Glalie, L50, F|100\/100\n|turn|4\n|inactive|murdina has 30 seconds left.\n|inactive|murdina has 20 seconds left.\n|\n|t:|1681861409\n|-terastallize|p1b: Murkrow|Dark\n|move|p2b: Scovillain|Protect|p2b: Scovillain\n|-singleturn|p2b: Scovillain|Protect\n|move|p1b: Murkrow|Haze|p1b: Murkrow\n|-clearallboost\n|move|p1a: Flutter Mane|Hyper Voice|p2a: Glalie|[spread] p2a\n|-activate|p2b: Scovillain|move: Protect\n|-damage|p2a: Glalie|84\/100\n|move|p2a: Glalie|Freeze-Dry|p1b: Murkrow\n|-damage|p1b: Murkrow|65\/100\n|\n|-heal|p2b: Scovillain|25\/100|[from] item: Leftovers\n|-ability|p2a: Glalie|Moody|boost\n|-boost|p2a: Glalie|spd|2\n|-unboost|p2a: Glalie|spa|1\n|-ability|p2b: Scovillain|Moody|boost\n|-boost|p2b: Scovillain|spe|2\n|-unboost|p2b: Scovillain|def|1\n|upkeep\n|turn|5\n|\n|t:|1681861432\n|-end|p1a: Flutter Mane|Protosynthesis|[silent]\n|switch|p1a: Chi-Yu|Chi-Yu, L50|88\/100\n|-ability|p1a: Chi-Yu|Beads of Ruin\n|move|p1b: Murkrow|Haze|p1b: Murkrow\n|-clearallboost\n|move|p2a: Glalie|Freeze-Dry|p1b: Murkrow\n|-damage|p1b: Murkrow|39\/100\n|move|p2b: Scovillain|Flamethrower|p1b: Murkrow\n|-damage|p1b: Murkrow|3\/100\n|\n|-heal|p2b: Scovillain|31\/100|[from] item: Leftovers\n|-ability|p2a: Glalie|Moody|boost\n|-boost|p2a: Glalie|spa|2\n|-unboost|p2a: Glalie|spd|1\n|-ability|p2b: Scovillain|Moody|boost\n|-boost|p2b: Scovillain|spe|2\n|-unboost|p2b: Scovillain|def|1\n|upkeep\n|turn|6\n|\n|t:|1681861454\n|switch|p1b: Flutter Mane|Flutter Mane, L50|100\/100 par\n|-terastallize|p2a: Glalie|Water\n|move|p2b: Scovillain|Protect|p2b: Scovillain\n|-singleturn|p2b: Scovillain|Protect\n|move|p1a: Chi-Yu|Heat Wave|p2a: Glalie|[spread] p2a\n|-activate|p2b: Scovillain|move: Protect\n|-resisted|p2a: Glalie\n|-damage|p2a: Glalie|59\/100\n|move|p2a: Glalie|Freeze-Dry|p1b: Flutter Mane\n|-damage|p1b: Flutter Mane|40\/100 par\n|\n|-heal|p2b: Scovillain|37\/100|[from] item: Leftovers\n|-ability|p2b: Scovillain|Moody|boost\n|-boost|p2b: Scovillain|spd|2\n|-unboost|p2b: Scovillain|spa|1\n|-ability|p2a: Glalie|Moody|boost\n|-boost|p2a: Glalie|atk|2\n|-unboost|p2a: Glalie|spa|1\n|upkeep\n|turn|7\n|\n|t:|1681861477\n|move|p1a: Chi-Yu|Heat Wave|p2a: Glalie|[spread] p2b\n|-miss|p1a: Chi-Yu|p2a: Glalie\n|-damage|p2b: Scovillain|15\/100\n|move|p2b: Scovillain|Leech Seed|p1a: Chi-Yu\n|-start|p1a: Chi-Yu|move: Leech Seed\n|cant|p1b: Flutter Mane|par\n|move|p2a: Glalie|Freeze-Dry|p1b: Flutter Mane\n|-damage|p1b: Flutter Mane|0 fnt\n|faint|p1b: Flutter Mane\n|-end|p1b: Flutter Mane|Protosynthesis|[silent]\n|\n|-heal|p2b: Scovillain|21\/100|[from] item: Leftovers\n|-damage|p1a: Chi-Yu|76\/100|[from] Leech Seed|[of] p2b: Scovillain\n|-heal|p2b: Scovillain|30\/100|[silent]\n|-ability|p2b: Scovillain|Moody|boost\n|-boost|p2b: Scovillain|spa|2\n|-unboost|p2b: Scovillain|atk|1\n|-ability|p2a: Glalie|Moody|boost\n|-boost|p2a: Glalie|def|2\n|-unboost|p2a: Glalie|spd|1\n|upkeep\n|\n|t:|1681861490\n|switch|p1b: Ceruledge|Ceruledge, L50, F|100\/100\n|turn|8\n|\n|t:|1681861512\n|switch|p1a: Murkrow|Murkrow, L50, M, tera:Dark|3\/100\n|move|p2b: Scovillain|Protect|p2b: Scovillain\n|-singleturn|p2b: Scovillain|Protect\n|move|p1b: Ceruledge|Bitter Blade|p2a: Glalie\n|-resisted|p2a: Glalie\n|-damage|p2a: Glalie|49\/100\n|move|p2a: Glalie|Freeze-Dry|p1b: Ceruledge\n|-resisted|p1b: Ceruledge\n|-damage|p1b: Ceruledge|86\/100\n|\n|-heal|p2b: Scovillain|36\/100|[from] item: Leftovers\n|-sideend|p2: harrythegoat|move: Light Screen\n|-ability|p2b: Scovillain|Moody|boost\n|-boost|p2b: Scovillain|atk|2\n|-unboost|p2b: Scovillain|spa|1\n|-ability|p2a: Glalie|Moody|boost\n|-boost|p2a: Glalie|atk|2\n|-unboost|p2a: Glalie|def|1\n|upkeep\n|turn|9\n|\n|t:|1681861536\n|move|p1b: Ceruledge|Shadow Sneak|p2b: Scovillain\n|-damage|p2b: Scovillain|5\/100\n|move|p1a: Murkrow|Haze|p1a: Murkrow\n|-clearallboost\n|move|p2a: Glalie|Freeze-Dry|p1a: Murkrow\n|-damage|p1a: Murkrow|0 fnt\n|faint|p1a: Murkrow\n|move|p2b: Scovillain|Flamethrower|p1b: Ceruledge\n|-resisted|p1b: Ceruledge\n|-damage|p1b: Ceruledge|71\/100\n|\n|-heal|p2b: Scovillain|10\/100|[from] item: Leftovers\n|-ability|p2a: Glalie|Moody|boost\n|-boost|p2a: Glalie|atk|2\n|-unboost|p2a: Glalie|spe|1\n|-ability|p2b: Scovillain|Moody|boost\n|-boost|p2b: Scovillain|spd|2\n|-unboost|p2b: Scovillain|def|1\n|upkeep\n|\n|t:|1681861539\n|switch|p1a: Chi-Yu|Chi-Yu, L50|76\/100\n|-ability|p1a: Chi-Yu|Beads of Ruin\n|turn|10\n|inactive|harrythegoat has 30 seconds left.\n|\n|t:|1681861569\n|move|p2a: Glalie|Protect|p2a: Glalie\n|-singleturn|p2a: Glalie|Protect\n|move|p1a: Chi-Yu|Dark Pulse|p2a: Glalie\n|-activate|p2a: Glalie|move: Protect\n|move|p1b: Ceruledge|Tera Blast|p2a: Glalie\n|-activate|p2a: Glalie|move: Protect\n|move|p2b: Scovillain|Leech Seed|p1b: Ceruledge\n|-start|p1b: Ceruledge|move: Leech Seed\n|\n|-heal|p2b: Scovillain|16\/100|[from] item: Leftovers\n|-damage|p1b: Ceruledge|59\/100|[from] Leech Seed|[of] p2b: Scovillain\n|-heal|p2b: Scovillain|29\/100|[silent]\n|-ability|p2b: Scovillain|Moody|boost\n|-boost|p2b: Scovillain|spa|2\n|-unboost|p2b: Scovillain|spd|1\n|-ability|p2a: Glalie|Moody|boost\n|-boost|p2a: Glalie|atk|2\n|-unboost|p2a: Glalie|spa|1\n|upkeep\n|turn|11\n|inactive|harrythegoat has 30 seconds left.\n|inactive|harrythegoat has 20 seconds left.\n|\n|t:|1681861606\n|switch|p2a: Volcarona|Volcarona, L50, F|100\/100\n|move|p2b: Scovillain|Protect|p2b: Scovillain\n|-singleturn|p2b: Scovillain|Protect\n|move|p1b: Ceruledge|Shadow Sneak|p2b: Scovillain\n|-activate|p2b: Scovillain|move: Protect\n|move|p1a: Chi-Yu|Dark Pulse|p2a: Volcarona\n|-damage|p2a: Volcarona|44\/100\n|-enditem|p2a: Volcarona|Sitrus Berry|[eat]\n|-heal|p2a: Volcarona|69\/100|[from] item: Sitrus Berry\n|\n|-heal|p2b: Scovillain|35\/100|[from] item: Leftovers\n|-damage|p1b: Ceruledge|47\/100|[from] Leech Seed|[of] p2b: Scovillain\n|-heal|p2b: Scovillain|48\/100|[silent]\n|-ability|p2b: Scovillain|Moody|boost\n|-boost|p2b: Scovillain|def|2\n|-unboost|p2b: Scovillain|spd|1\n|upkeep\n|turn|12\n|\n|t:|1681861628\n|move|p2a: Volcarona|Rage Powder|p2a: Volcarona\n|-singleturn|p2a: Volcarona|move: Rage Powder\n|move|p1a: Chi-Yu|Dark Pulse|p2a: Volcarona\n|-damage|p2a: Volcarona|19\/100\n|move|p1b: Ceruledge|Bitter Blade|p2a: Volcarona\n|-damage|p2a: Volcarona|0 fnt\n|-heal|p1b: Ceruledge|57\/100|[from] drain|[of] p2a: Volcarona\n|faint|p2a: Volcarona\n|move|p2b: Scovillain|Leech Seed|p1a: Chi-Yu\n|-start|p1a: Chi-Yu|move: Leech Seed\n|\n|-heal|p2b: Scovillain|53\/100|[from] item: Leftovers\n|-damage|p1a: Chi-Yu|64\/100|[from] Leech Seed|[of] p2b: Scovillain\n|-heal|p2b: Scovillain|63\/100|[silent]\n|-damage|p1b: Ceruledge|44\/100|[from] Leech Seed|[of] p2b: Scovillain\n|-heal|p2b: Scovillain|75\/100|[silent]\n|-ability|p2b: Scovillain|Moody|boost\n|-boost|p2b: Scovillain|spe|2\n|-unboost|p2b: Scovillain|spa|1\n|upkeep\n|\n|t:|1681861645\n|switch|p2a: Glalie|Glalie, L50, F, tera:Water|49\/100\n|turn|13\n|\n|t:|1681861659\n|move|p2a: Glalie|Protect|p2a: Glalie\n|-singleturn|p2a: Glalie|Protect\n|move|p1a: Chi-Yu|Dark Pulse|p2b: Scovillain\n|-damage|p2b: Scovillain|2\/100\n|move|p2b: Scovillain|Flamethrower|p1b: Ceruledge\n|-resisted|p1b: Ceruledge\n|-crit|p1b: Ceruledge\n|-damage|p1b: Ceruledge|0 fnt\n|faint|p1b: Ceruledge\n|\n|-heal|p2b: Scovillain|7\/100|[from] item: Leftovers\n|-damage|p1a: Chi-Yu|51\/100|[from] Leech Seed|[of] p2b: Scovillain\n|-heal|p2b: Scovillain|17\/100|[silent]\n|-ability|p2b: Scovillain|Moody|boost\n|-boost|p2b: Scovillain|spe|2\n|-unboost|p2b: Scovillain|atk|1\n|-ability|p2a: Glalie|Moody|boost\n|-boost|p2a: Glalie|atk|2\n|-unboost|p2a: Glalie|spa|1\n|upkeep\n|turn|14\n|inactive|harrythegoat has 30 seconds left.\n|inactive|harrythegoat has 20 seconds left.\n|\n|t:|1681861699\n|move|p2b: Scovillain|Protect|p2b: Scovillain\n|-singleturn|p2b: Scovillain|Protect\n|move|p1a: Chi-Yu|Dark Pulse|p2a: Glalie\n|-damage|p2a: Glalie|0 fnt\n|faint|p2a: Glalie\n|\n|-heal|p2b: Scovillain|23\/100|[from] item: Leftovers\n|-damage|p1a: Chi-Yu|39\/100|[from] Leech Seed|[of] p2b: Scovillain\n|-heal|p2b: Scovillain|32\/100|[silent]\n|-ability|p2b: Scovillain|Moody|boost\n|-boost|p2b: Scovillain|def|2\n|-unboost|p2b: Scovillain|atk|1\n|upkeep\n|turn|15\n|\n|t:|1681861713\n|move|p2b: Scovillain|Flamethrower|p1a: Chi-Yu\n|-resisted|p1a: Chi-Yu\n|-damage|p1a: Chi-Yu|7\/100\n|move|p1a: Chi-Yu|Dark Pulse|p2b: Scovillain\n|-damage|p2b: Scovillain|0 fnt\n|faint|p2b: Scovillain\n|\n|win|murdina\n|raw|murdina's rating: 1260 → 1285<\/strong> (+25 for winning)\n|raw|harrythegoat's rating: 1254 → 1229<\/strong> (-25 for losing)\n|l|\u2606harrythegoat\n","uploadtime":1681861726,"views":8,"p1id":"murdina","p2id":"harrythegoat","formatid":"gen9vgc2023regulationc","rating":1229,"private":0,"password":""}