{"id":"gen9vgc2023regulationc-1849392055","p1":"Cerb3ru5","p2":"R2VGC","format":"[Gen 9] VGC 2023 Regulation C","log":"|j|\u2606Cerb3ru5\n|j|\u2606R2VGC\n|t:|1682193308\n|gametype|doubles\n|player|p1|Cerb3ru5|2|1152\n|player|p2|R2VGC|170|1236\n|teamsize|p1|6\n|teamsize|p2|6\n|gen|9\n|tier|[Gen 9] VGC 2023 Regulation C\n|rated|\n|rule|Species Clause: Limit one of each Pok\u00e9mon\n|rule|Item Clause: Limit one of each item\n|clearpoke\n|poke|p1|Indeedee-F, L50, F|\n|poke|p1|Flutter Mane, L50|\n|poke|p1|Iron Hands, L50|\n|poke|p1|Iron Bundle, L50|\n|poke|p1|Brute Bonnet, L50|\n|poke|p1|Armarouge, L50, F|\n|poke|p2|Flutter Mane, L50|\n|poke|p2|Garganacl, L50, M|\n|poke|p2|Amoonguss, L50, F|\n|poke|p2|Palafin, L50, M|\n|poke|p2|Arcanine, L50, M|\n|poke|p2|Ting-Lu, L50|\n|teampreview|4\nR2VGC has agreed to open team sheets.\n|\n|t:|1682193340\n|start\n|switch|p1a: Iron Hands|Iron Hands, L50|100\/100\n|switch|p1b: Armarouge|Armarouge, L50, F|100\/100\n|switch|p2a: Flutter Mane|Flutter Mane, L50|100\/100\n|switch|p2b: Palafin|Palafin, L50, M|100\/100\n|turn|1\n|\n|t:|1682193360\n|detailschange|p2b: Palafin|Palafin-Hero, L50, M\n|switch|p2b: Ting-Lu|Ting-Lu, L50|100\/100\n|-ability|p2b: Ting-Lu|Vessel of Ruin\n|-terastallize|p2a: Flutter Mane|Fairy\n|-terastallize|p1b: Armarouge|Grass\n|move|p2a: Flutter Mane|Shadow Ball|p1b: Armarouge\n|-damage|p1b: Armarouge|40\/100\n|move|p1a: Iron Hands|Wild Charge|p2b: Ting-Lu\n|-immune|p2b: Ting-Lu\n|move|p1b: Armarouge|Trick Room|p1b: Armarouge\n|-fieldstart|move: Trick Room|[of] p1b: Armarouge\n|\n|upkeep\n|turn|2\n|\n|t:|1682193381\n|move|p1a: Iron Hands|Drain Punch|p2b: Ting-Lu\n|-supereffective|p2b: Ting-Lu\n|-damage|p2b: Ting-Lu|48\/100\n|move|p1b: Armarouge|Expanding Force|p2a: Flutter Mane\n|-damage|p2a: Flutter Mane|55\/100\n|-damage|p1b: Armarouge|30\/100|[from] item: Life Orb\n|move|p2b: Ting-Lu|Stomping Tantrum|p1a: Iron Hands\n|-supereffective|p1a: Iron Hands\n|-damage|p1a: Iron Hands|55\/100\n|move|p2a: Flutter Mane|Shadow Ball|p1b: Armarouge\n|-damage|p1b: Armarouge|0 fnt\n|faint|p1b: Armarouge\n|\n|upkeep\n|\n|t:|1682193397\n|switch|p1b: Brute Bonnet|Brute Bonnet, L50|100\/100\n|turn|3\n|\n|t:|1682193419\n|-end|p2a: Flutter Mane|Protosynthesis|[silent]\n|switch|p2a: Garganacl|Garganacl, L50, M|100\/100\n|move|p1a: Iron Hands|Drain Punch|p2b: Ting-Lu\n|-supereffective|p2b: Ting-Lu\n|-damage|p2b: Ting-Lu|0 fnt\n|-heal|p1a: Iron Hands|81\/100|[from] drain|[of] p2b: Ting-Lu\n|faint|p2b: Ting-Lu\n|move|p1b: Brute Bonnet|Spore|p2a: Garganacl\n|-immune|p2a: Garganacl|[from] ability: Purifying Salt\n|\n|upkeep\n|\n|t:|1682193430\n|switch|p2b: Palafin|Palafin-Hero, L50, M|100\/100\n|-activate|p2b: Palafin|ability: Zero to Hero\n|turn|4\n|\n|t:|1682193441\n|move|p2b: Palafin|Protect|p2b: Palafin\n|-singleturn|p2b: Palafin|Protect\n|move|p2a: Garganacl|Salt Cure|p1a: Iron Hands\n|-resisted|p1a: Iron Hands\n|-damage|p1a: Iron Hands|77\/100\n|-start|p1a: Iron Hands|Salt Cure\n|move|p1a: Iron Hands|Drain Punch|p2a: Garganacl\n|-supereffective|p2a: Garganacl\n|-damage|p2a: Garganacl|42\/100\n|-heal|p1a: Iron Hands|100\/100|[from] drain|[of] p2a: Garganacl\n|move|p1b: Brute Bonnet|Bullet Seed|p2b: Palafin\n|-activate|p2b: Palafin|move: Protect\n|\n|-heal|p2a: Garganacl|47\/100|[from] item: Leftovers\n|-damage|p1a: Iron Hands|88\/100|[from] Salt Cure\n|upkeep\n|turn|5\n|\n|t:|1682193466\n|switch|p2b: Flutter Mane|Flutter Mane, L50, tera:Fairy|55\/100\n|move|p2a: Garganacl|Protect|p2a: Garganacl\n|-singleturn|p2a: Garganacl|Protect\n|move|p1a: Iron Hands|Wild Charge|p2b: Flutter Mane\n|-damage|p2b: Flutter Mane|0 fnt\n|faint|p2b: Flutter Mane\n|-end|p2b: Flutter Mane|Protosynthesis|[silent]\n|-damage|p1a: Iron Hands|81\/100|[from] Recoil\n|move|p1b: Brute Bonnet|Bullet Seed|p2a: Garganacl\n|-activate|p2a: Garganacl|move: Protect\n|\n|-heal|p2a: Garganacl|53\/100|[from] item: Leftovers\n|-damage|p1a: Iron Hands|69\/100|[from] Salt Cure\n|-fieldend|move: Trick Room\n|upkeep\n|\n|t:|1682193480\n|switch|p2b: Palafin|Palafin-Hero, L50, M|100\/100\n|turn|6\n|\n|t:|1682193492\n|move|p2b: Palafin|Drain Punch|p1b: Brute Bonnet\n|-supereffective|p1b: Brute Bonnet\n|-damage|p1b: Brute Bonnet|38\/100\n|move|p1b: Brute Bonnet|Bullet Seed|p2a: Garganacl\n|-supereffective|p2a: Garganacl\n|-damage|p2a: Garganacl|39\/100\n|-supereffective|p2a: Garganacl\n|-damage|p2a: Garganacl|24\/100\n|-supereffective|p2a: Garganacl\n|-damage|p2a: Garganacl|9\/100\n|-supereffective|p2a: Garganacl\n|-damage|p2a: Garganacl|0 fnt\n|faint|p2a: Garganacl\n|-hitcount|p2: Garganacl|4\n|move|p1a: Iron Hands|Wild Charge|p2b: Palafin\n|-supereffective|p2b: Palafin\n|-damage|p2b: Palafin|8\/100\n|-damage|p1a: Iron Hands|49\/100|[from] Recoil\n|\n|-damage|p1a: Iron Hands|36\/100|[from] Salt Cure\n|upkeep\n|turn|7\n|inactive|Battle timer is ON: inactive players will automatically lose when time's up. (requested by R2VGC)\n|\n|t:|1682193524\n|-end|p1b: Brute Bonnet|Protosynthesis|[silent]\n|switch|p1b: Indeedee|Indeedee-F, L50, F|100\/100\n|-fieldstart|move: Psychic Terrain|[from] ability: Psychic Surge|[of] p1b: Indeedee\n|-enditem|p1b: Indeedee|Psychic Seed\n|-boost|p1b: Indeedee|spd|1|[from] item: Psychic Seed\n|move|p2b: Palafin|Drain Punch|p1b: Indeedee\n|-damage|p1b: Indeedee|63\/100\n|-heal|p2b: Palafin|24\/100|[from] drain|[of] p1b: Indeedee\n|move|p1a: Iron Hands|Drain Punch|p2b: Palafin\n|-damage|p2b: Palafin|0 fnt\n|-heal|p1a: Iron Hands|47\/100|[from] drain|[of] p2b: Palafin\n|faint|p2b: Palafin\n|\n|win|Cerb3ru5\n|raw|Cerb3ru5's rating: 1152 → 1183<\/strong> (+31 for winning)\n|raw|R2VGC's rating: 1236 → 1205<\/strong> (-31 for losing)\n","uploadtime":1682193540,"views":10,"p1id":"cerb3ru5","p2id":"r2vgc","formatid":"gen9vgc2023regulationc","rating":1183,"private":0,"password":""}