{"id":"gen9vgc2023regulationc-1862480883","p1":"ironwillvii","p2":"SeveralNonSense","format":"[Gen 9] VGC 2023 Regulation C","log":"|j|\u2606ironwillvii\n|j|\u2606SeveralNonSense\n|t:|1683892404\n|gametype|doubles\n|player|p1|ironwillvii|2|1115\n|player|p2|SeveralNonSense|guitarist|1078\n|teamsize|p1|6\n|teamsize|p2|6\n|gen|9\n|tier|[Gen 9] VGC 2023 Regulation C\n|rated|\n|rule|Species Clause: Limit one of each Pok\u00e9mon\n|rule|Item Clause: Limit one of each item\n|clearpoke\n|poke|p1|Floatzel, L50, F|\n|poke|p1|Pelipper, L50, M|\n|poke|p1|Kingambit, L50, F|\n|poke|p1|Great Tusk, L50|\n|poke|p1|Arcanine, L50, M|\n|poke|p1|Pikachu, L50, M|\n|poke|p2|Iron Bundle, L50|\n|poke|p2|Arcanine, L50, M|\n|poke|p2|Iron Hands, L50|\n|poke|p2|Gholdengo, L50|\n|poke|p2|Roaring Moon, L50|\n|poke|p2|Clodsire, L50, M|\n|teampreview|4\n|inactive|Battle timer is ON: inactive players will automatically lose when time's up. (requested by SeveralNonSense)\n|\n|t:|1683892454\n|start\n|switch|p1a: Pelipper|Pelipper, L50, M|100\/100\n|switch|p1b: Pikachu|Pikachu, L50, M|100\/100\n|switch|p2a: Iron Bundle|Iron Bundle, L50|100\/100\n|switch|p2b: Iron Hands|Iron Hands, L50|100\/100\n|-weather|RainDance|[from] ability: Drizzle|[of] p1a: Pelipper\n|turn|1\n|\n|t:|1683892476\n|move|p1b: Pikachu|Protect|p1b: Pikachu\n|-singleturn|p1b: Pikachu|Protect\n|move|p1a: Pelipper|Protect|p1a: Pelipper\n|-singleturn|p1a: Pelipper|Protect\n|move|p2a: Iron Bundle|Freeze-Dry|p1a: Pelipper\n|-activate|p1a: Pelipper|move: Protect\n|move|p2b: Iron Hands|Wild Charge|p1b: Pikachu\n|-activate|p1b: Pikachu|ability: Lightning Rod\n|-activate|p1b: Pikachu|move: Protect\n|\n|-weather|RainDance|[upkeep]\n|upkeep\n|turn|2\n|inactive|ironwillvii has 30 seconds left.\n|\n|t:|1683892507\n|-terastallize|p1b: Pikachu|Ice\n|move|p2a: Iron Bundle|Freeze-Dry|p1a: Pelipper\n|-supereffective|p1a: Pelipper\n|-crit|p1a: Pelipper\n|-enditem|p1a: Pelipper|Focus Sash\n|-damage|p1a: Pelipper|1\/100\n|move|p1b: Pikachu|Thunder|p2a: Iron Bundle\n|-supereffective|p2a: Iron Bundle\n|-enditem|p2a: Iron Bundle|Focus Sash\n|-damage|p2a: Iron Bundle|1\/100\n|move|p1a: Pelipper|Tailwind|p1a: Pelipper\n|-sidestart|p1: ironwillvii|move: Tailwind\n|move|p2b: Iron Hands|Swords Dance|p2b: Iron Hands\n|-boost|p2b: Iron Hands|atk|2\n|\n|-weather|RainDance|[upkeep]\n|upkeep\n|turn|3\n|inactive|ironwillvii has 30 seconds left.\n|\n|t:|1683892532\n|move|p1b: Pikachu|Thunder|p2a: Iron Bundle\n|-supereffective|p2a: Iron Bundle\n|-damage|p2a: Iron Bundle|0 fnt\n|faint|p2a: Iron Bundle\n|-end|p2a: Iron Bundle|Quark Drive|[silent]\n|move|p1a: Pelipper|Hurricane|p2b: Iron Hands\n|-damage|p2b: Iron Hands|66\/100\n|move|p2b: Iron Hands|Drain Punch|p1b: Pikachu\n|-supereffective|p1b: Pikachu\n|-damage|p1b: Pikachu|0 fnt\n|-heal|p2b: Iron Hands|87\/100|[from] drain|[of] p1b: Pikachu\n|faint|p1b: Pikachu\n|\n|-weather|RainDance|[upkeep]\n|-heal|p2b: Iron Hands|93\/100|[from] item: Leftovers\n|upkeep\n|\n|t:|1683892549\n|switch|p2a: Roaring Moon|Roaring Moon, L50|100\/100\n|switch|p1b: Great Tusk|Great Tusk, L50|100\/100\n|-enditem|p2a: Roaring Moon|Booster Energy\n|-activate|p2a: Roaring Moon|ability: Protosynthesis|[fromitem]\n|-start|p2a: Roaring Moon|protosynthesisatk\n|turn|4\n|inactive|SeveralNonSense has 30 seconds left.\n|\n|t:|1683892575\n|move|p1a: Pelipper|Protect|p1a: Pelipper\n|-singleturn|p1a: Pelipper|Protect\n|move|p1b: Great Tusk|Headlong Rush|p2b: Iron Hands\n|-supereffective|p2b: Iron Hands\n|-damage|p2b: Iron Hands|9\/100\n|-unboost|p1b: Great Tusk|def|1\n|-unboost|p1b: Great Tusk|spd|1\n|move|p2a: Roaring Moon|Dragon Dance|p2a: Roaring Moon\n|-boost|p2a: Roaring Moon|atk|1\n|-boost|p2a: Roaring Moon|spe|1\n|move|p2b: Iron Hands|Drain Punch|p1b: Great Tusk\n|-damage|p1b: Great Tusk|10\/100\n|-heal|p2b: Iron Hands|47\/100|[from] drain|[of] p1b: Great Tusk\n|\n|-weather|RainDance|[upkeep]\n|-heal|p2b: Iron Hands|53\/100|[from] item: Leftovers\n|upkeep\n|turn|5\n|inactive|ironwillvii has 30 seconds left.\n|inactive|SeveralNonSense has 30 seconds left.\n|\n|t:|1683892606\n|-terastallize|p2a: Roaring Moon|Flying\n|move|p2b: Iron Hands|Detect|p2b: Iron Hands\n|-singleturn|p2b: Iron Hands|Protect\n|move|p2a: Roaring Moon|Acrobatics|p1b: Great Tusk\n|-supereffective|p1b: Great Tusk\n|-damage|p1b: Great Tusk|0 fnt\n|faint|p1b: Great Tusk\n|-end|p1b: Great Tusk|Protosynthesis|[silent]\n|move|p1a: Pelipper|Hurricane|p2a: Roaring Moon\n|-damage|p2a: Roaring Moon|67\/100\n|-start|p2a: Roaring Moon|confusion\n|\n|-weather|none\n|-heal|p2b: Iron Hands|60\/100|[from] item: Leftovers\n|-sideend|p1: ironwillvii|move: Tailwind\n|upkeep\n|\n|t:|1683892622\n|switch|p1b: Kingambit|Kingambit, L50, F|100\/100\n|turn|6\n|\n|t:|1683892641\n|move|p1b: Kingambit|Sucker Punch|p2a: Roaring Moon\n|-damage|p2a: Roaring Moon|8\/100\n|-activate|p2a: Roaring Moon|confusion\n|move|p2a: Roaring Moon|Acrobatics|p1a: Pelipper\n|-damage|p1a: Pelipper|0 fnt\n|faint|p1a: Pelipper\n|move|p2b: Iron Hands|Drain Punch|p1b: Kingambit\n|-supereffective|p1b: Kingambit\n|-damage|p1b: Kingambit|0 fnt\n|-heal|p2b: Iron Hands|93\/100|[from] drain|[of] p1b: Kingambit\n|faint|p1b: Kingambit\n|\n|win|SeveralNonSense\n|raw|ironwillvii's rating: 1115 → 1087<\/strong> (-28 for losing)\n|raw|SeveralNonSense's rating: 1078 → 1109<\/strong> (+31 for winning)\n|l|\u2606ironwillvii\n","uploadtime":1683893007,"views":12,"p1id":"ironwillvii","p2id":"severalnonsense","formatid":"gen9vgc2023regulationc","rating":1087,"private":0,"password":""}