{"id":"gen9vgc2023regulationc-1848753536","p1":"dunsparcedingo","p2":"Sprye0216","format":"[Gen 9] VGC 2023 Regulation C","log":"|j|\u2606dunsparcedingo\n|j|\u2606Sprye0216\n|t:|1682106983\n|gametype|doubles\n|player|p1|dunsparcedingo|zinnia|1174\n|player|p2|Sprye0216|skyla|1108\n|teamsize|p1|6\n|teamsize|p2|6\n|gen|9\n|tier|[Gen 9] VGC 2023 Regulation C\n|rated|\n|rule|Species Clause: Limit one of each Pok\u00e9mon\n|rule|Item Clause: Limit one of each item\n|clearpoke\n|poke|p1|Torkoal, L50, F|\n|poke|p1|Jumpluff, L50, F|\n|poke|p1|Chi-Yu, L50|\n|poke|p1|Sandy Shocks, L50|\n|poke|p1|Iron Bundle, L50|\n|poke|p1|Slither Wing, L50|\n|poke|p2|Amoonguss, L50, M|\n|poke|p2|Gyarados, L50, F|\n|poke|p2|Talonflame, L50, M|\n|poke|p2|Garchomp, L50, M|\n|poke|p2|Flutter Mane, L50|\n|poke|p2|Ting-Lu, L50|\n|teampreview|4\ndunsparcedingo has agreed to open team sheets.\nSprye0216 has agreed to open team sheets.\n|\n|t:|1682107036\n|start\n|switch|p1a: Sandy Shocks|Sandy Shocks, L50|100\/100\n|switch|p1b: Slither Wing|Slither Wing, L50|100\/100\n|switch|p2a: Talonflame|Talonflame, L50, M|100\/100\n|switch|p2b: Gyarados|Gyarados, L50, F|100\/100\n|-ability|p2b: Gyarados|Intimidate|boost\n|-unboost|p1a: Sandy Shocks|atk|1\n|-unboost|p1b: Slither Wing|atk|1\n|turn|1\n|\n|t:|1682107060\n|-end|p1b: Slither Wing|Protosynthesis|[silent]\n|switch|p1b: Torkoal|Torkoal, L50, F|100\/100\n|-weather|SunnyDay|[from] ability: Drought|[of] p1b: Torkoal\n|-activate|p1a: Sandy Shocks|ability: Protosynthesis\n|-start|p1a: Sandy Shocks|protosynthesisspe\n|move|p2b: Gyarados|Protect|p2b: Gyarados\n|-singleturn|p2b: Gyarados|Protect\n|move|p2a: Talonflame|Tailwind|p2a: Talonflame\n|-sidestart|p2: Sprye0216|move: Tailwind\n|move|p1a: Sandy Shocks|Thunderbolt|p2a: Talonflame\n|-supereffective|p2a: Talonflame\n|-damage|p2a: Talonflame|0 fnt\n|faint|p2a: Talonflame\n|\n|-weather|SunnyDay|[upkeep]\n|upkeep\n|\n|t:|1682107075\n|switch|p2a: Garchomp|Garchomp, L50, M|100\/100\n|turn|2\n|\n|t:|1682107105\n|-terastallize|p2a: Garchomp|Fire\n|move|p2a: Garchomp|Earthquake|p1b: Torkoal|[spread] p1a,p1b\n|-immune|p2b: Gyarados\n|-supereffective|p1a: Sandy Shocks\n|-supereffective|p1b: Torkoal\n|-damage|p1a: Sandy Shocks|0 fnt\n|-damage|p1b: Torkoal|26\/100\n|faint|p1a: Sandy Shocks\n|-end|p1a: Sandy Shocks|Protosynthesis|[silent]\n|-damage|p2a: Garchomp|91\/100|[from] item: Life Orb\n|move|p2b: Gyarados|Waterfall|p1b: Torkoal\n|-supereffective|p1b: Torkoal\n|-damage|p1b: Torkoal|0 fnt\n|faint|p1b: Torkoal\n|\n|-weather|SunnyDay|[upkeep]\n|upkeep\n|\n|t:|1682107122\n|switch|p1a: Iron Bundle|Iron Bundle, L50|100\/100\n|switch|p1b: Slither Wing|Slither Wing, L50|100\/100\n|-activate|p1b: Slither Wing|ability: Protosynthesis\n|-start|p1b: Slither Wing|protosynthesisatk\n|turn|3\n|\n|t:|1682107149\n|move|p1b: Slither Wing|First Impression|p2a: Garchomp\n|-resisted|p2a: Garchomp\n|-damage|p2a: Garchomp|48\/100\n|-damage|p1b: Slither Wing|88\/100|[from] ability: Rough Skin|[of] p2a: Garchomp\n|-damage|p1b: Slither Wing|78\/100|[from] item: Life Orb\n|move|p2a: Garchomp|Earthquake|p1b: Slither Wing|[spread] p1a,p1b\n|-immune|p2b: Gyarados\n|-resisted|p1b: Slither Wing\n|-damage|p1a: Iron Bundle|48\/100\n|-damage|p1b: Slither Wing|52\/100\n|-damage|p2a: Garchomp|38\/100|[from] item: Life Orb\n|move|p2b: Gyarados|Dragon Dance|p2b: Gyarados\n|-boost|p2b: Gyarados|atk|1\n|-boost|p2b: Gyarados|spe|1\n|move|p1a: Iron Bundle|Chilling Water|p2a: Garchomp\n|-supereffective|p2a: Garchomp\n|-damage|p2a: Garchomp|9\/100\n|-unboost|p2a: Garchomp|atk|1\n|\n|-weather|SunnyDay|[upkeep]\n|upkeep\n|turn|4\n|\n|t:|1682107189\n|move|p1a: Iron Bundle|Protect|p1a: Iron Bundle\n|-singleturn|p1a: Iron Bundle|Protect\n|move|p2b: Gyarados|Waterfall|p1b: Slither Wing\n|-damage|p1b: Slither Wing|17\/100\n|move|p2a: Garchomp|Earthquake|p1a: Iron Bundle|[spread] p1b\n|-activate|p1a: Iron Bundle|move: Protect\n|-immune|p2b: Gyarados\n|-resisted|p1b: Slither Wing\n|-damage|p1b: Slither Wing|0 fnt\n|faint|p1b: Slither Wing\n|-end|p1b: Slither Wing|Protosynthesis|[silent]\n|-damage|p2a: Garchomp|0 fnt|[from] item: Life Orb\n|faint|p2a: Garchomp\n|\n|-weather|SunnyDay|[upkeep]\n|-sideend|p2: Sprye0216|move: Tailwind\n|upkeep\n|\n|t:|1682107202\n|switch|p2a: Ting-Lu|Ting-Lu, L50|100\/100\n|-ability|p2a: Ting-Lu|Vessel of Ruin\n|turn|5\n|\n|t:|1682107217\n|move|p2b: Gyarados|Waterfall|p1a: Iron Bundle\n|-resisted|p1a: Iron Bundle\n|-damage|p1a: Iron Bundle|33\/100\n|move|p1a: Iron Bundle|Freeze-Dry|p2b: Gyarados\n|-supereffective|p2b: Gyarados\n|-damage|p2b: Gyarados|0 fnt\n|faint|p2b: Gyarados\n|move|p2a: Ting-Lu|Bulldoze|p1a: Iron Bundle\n|-damage|p1a: Iron Bundle|7\/100\n|-unboost|p1a: Iron Bundle|spe|1\n|\n|-weather|none\n|upkeep\n|turn|6\n|\n|t:|1682107231\n|-terastallize|p1a: Iron Bundle|Ice\n|move|p1a: Iron Bundle|Freeze-Dry|p2a: Ting-Lu\n|-supereffective|p2a: Ting-Lu\n|-damage|p2a: Ting-Lu|62\/100\n|move|p2a: Ting-Lu|Stomping Tantrum|p1a: Iron Bundle\n|-damage|p1a: Iron Bundle|0 fnt\n|faint|p1a: Iron Bundle\n|-end|p1a: Iron Bundle|Quark Drive|[silent]\n|\n|win|Sprye0216\n|raw|dunsparcedingo's rating: 1174 → 1144<\/strong> (-30 for losing)\n|raw|Sprye0216's rating: 1108 → 1138<\/strong> (+30 for winning)\n","uploadtime":1682107240,"views":16,"p1id":"dunsparcedingo","p2id":"sprye0216","formatid":"gen9vgc2023regulationc","rating":1138,"private":0,"password":""}