{"id":"gen9vgc2023regulationc-1846987803","p1":"GarchompExVgc","p2":"Apithy","format":"[Gen 9] VGC 2023 Regulation C","log":"|j|\u2606GarchompExVgc\n|j|\u2606Apithy\n|t:|1681909271\n|gametype|doubles\n|player|p1|GarchompExVgc|iris|1244\n|player|p2|Apithy|266|1288\n|teamsize|p1|6\n|teamsize|p2|6\n|gen|9\n|tier|[Gen 9] VGC 2023 Regulation C\n|rated|\n|rule|Species Clause: Limit one of each Pok\u00e9mon\n|rule|Item Clause: Limit one of each item\n|clearpoke\n|poke|p1|Wo-Chien, L50|\n|poke|p1|Chi-Yu, L50|\n|poke|p1|Gastrodon, L50, F|\n|poke|p1|Flutter Mane, L50|\n|poke|p1|Chien-Pao, L50|\n|poke|p1|Dragapult, L50, F|\n|poke|p2|Volcarona, L50, F|\n|poke|p2|Flutter Mane, L50|\n|poke|p2|Palafin, L50, F|\n|poke|p2|Wo-Chien, L50|\n|poke|p2|Glimmora, L50, F|\n|poke|p2|Annihilape, L50, M|\n|teampreview|4\n|\n|t:|1681909325\n|start\n|switch|p1a: Horizon|Dragapult, L50, F|100\/100\n|switch|p1b: Tara|Chien-Pao, L50|100\/100\n|switch|p2a: Glimmora|Glimmora, L50, F|100\/100\n|switch|p2b: Annihilape|Annihilape, L50, M|100\/100\n|-ability|p1b: Tara|Sword of Ruin\n|turn|1\n|\n|t:|1681909353\n|move|p2b: Annihilape|U-turn|p1b: Tara\n|-supereffective|p1b: Tara\n|-damage|p1b: Tara|54\/100\n|\n|t:|1681909365\n|switch|p2b: Wo-Chien|Wo-Chien, L50|100\/100|[from] U-turn\n|-ability|p2b: Wo-Chien|Tablets of Ruin\n|move|p1a: Horizon|Dragon Darts|p2a: Glimmora\n|-damage|p2a: Glimmora|64\/100\n|-activate|p2a: Glimmora|ability: Toxic Debris\n|-sidestart|p1: GarchompExVgc|move: Toxic Spikes\n|-anim|p1a: Horizon|Dragon Darts|p2b: Wo-Chien\n|-damage|p2b: Wo-Chien|69\/100\n|move|p1b: Tara|Crunch|p2b: Wo-Chien\n|-resisted|p2b: Wo-Chien\n|-damage|p2b: Wo-Chien|55\/100\n|move|p2a: Glimmora|Mortal Spin|p1b: Tara|[spread] p1a,p1b\n|-resisted|p1a: Horizon\n|-damage|p1a: Horizon|97\/100\n|-damage|p1b: Tara|50\/100\n|-status|p1a: Horizon|psn\n|-status|p1b: Tara|psn\n|\n|-heal|p2b: Wo-Chien|61\/100|[from] item: Leftovers\n|-damage|p1a: Horizon|85\/100 psn|[from] psn\n|-damage|p1b: Tara|37\/100 psn|[from] psn\n|upkeep\n|turn|2\n|\n|t:|1681909405\n|-terastallize|p1a: Horizon|Dragon\n|-terastallize|p2b: Wo-Chien|Poison\n|move|p1a: Horizon|Dragon Darts|p2a: Glimmora\n|-damage|p2a: Glimmora|13\/100\n|-activate|p2a: Glimmora|ability: Toxic Debris\n|-sidestart|p1: GarchompExVgc|move: Toxic Spikes\n|-anim|p1a: Horizon|Dragon Darts|p2b: Wo-Chien\n|-damage|p2b: Wo-Chien|26\/100\n|move|p1b: Tara|Ice Spinner|p2a: Glimmora\n|-damage|p2a: Glimmora|0 fnt\n|faint|p2a: Glimmora\n|move|p2b: Wo-Chien|Leech Seed|p1a: Horizon\n|-start|p1a: Horizon|move: Leech Seed\n|\n|-heal|p2b: Wo-Chien|32\/100|[from] item: Leftovers\n|-damage|p1a: Horizon|73\/100 psn|[from] Leech Seed|[of] p2b: Wo-Chien\n|-heal|p2b: Wo-Chien|43\/100|[silent]\n|-damage|p1a: Horizon|61\/100 psn|[from] psn\n|-damage|p1b: Tara|25\/100 psn|[from] psn\n|upkeep\n|\n|t:|1681909430\n|switch|p2a: Annihilape|Annihilape, L50, M|100\/100\n|turn|3\n|\n|t:|1681909460\n|move|p2a: Annihilape|U-turn|p1b: Tara\n|-supereffective|p1b: Tara\n|-damage|p1b: Tara|0 fnt\n|faint|p1b: Tara\n|\n|t:|1681909464\n|switch|p2a: Volcarona|Volcarona, L50, F|100\/100|[from] U-turn\n|move|p1a: Horizon|Dragon Darts|p2a: Volcarona\n|-damage|p2a: Volcarona|52\/100\n|-anim|p1a: Horizon|Dragon Darts|p2b: Wo-Chien\n|-damage|p2b: Wo-Chien|16\/100\n|move|p2b: Wo-Chien|Foul Play|p1a: Horizon\n|-damage|p1a: Horizon|0 fnt\n|faint|p1a: Horizon\n|\n|-heal|p2b: Wo-Chien|22\/100|[from] item: Leftovers\n|upkeep\n|\n|t:|1681909479\n|switch|p1a: Sam|Chi-Yu, L50|100\/100\n|switch|p1b: Sara|Flutter Mane, L50|100\/100\n|-status|p1b: Sara|tox\n|-status|p1a: Sam|tox\n|-ability|p1a: Sam|Beads of Ruin\n|-enditem|p1b: Sara|Booster Energy\n|-activate|p1b: Sara|ability: Protosynthesis|[fromitem]\n|-start|p1b: Sara|protosynthesisspe\n|turn|4\n|\n|t:|1681909502\n|move|p2b: Wo-Chien|Protect|p2b: Wo-Chien\n|-singleturn|p2b: Wo-Chien|Protect\n|move|p1b: Sara|Shadow Ball|p2a: Volcarona\n|-damage|p2a: Volcarona|3\/100\n|-unboost|p2a: Volcarona|spd|1\n|move|p2a: Volcarona|Flamethrower|p1b: Sara\n|-damage|p1b: Sara|26\/100 tox\n|move|p1a: Sam|Heat Wave|p2b: Wo-Chien|[spread] p2a\n|-activate|p2b: Wo-Chien|move: Protect\n|-damage|p2a: Volcarona|0 fnt\n|faint|p2a: Volcarona\n|\n|-heal|p2b: Wo-Chien|28\/100|[from] item: Leftovers\n|-damage|p1b: Sara|20\/100 tox|[from] psn\n|-damage|p1a: Sam|94\/100 tox|[from] psn\n|upkeep\n|\n|t:|1681909512\n|switch|p2a: Annihilape|Annihilape, L50, M|100\/100\n|turn|5\n|\n|t:|1681909541\n|move|p2b: Wo-Chien|Protect||[still]\n|-fail|p2b: Wo-Chien\n|move|p1b: Sara|Shadow Ball|p2b: Wo-Chien\n|-damage|p2b: Wo-Chien|0 fnt\n|faint|p2b: Wo-Chien\n|move|p2a: Annihilape|Close Combat|p1a: Sam\n|-supereffective|p1a: Sam\n|-damage|p1a: Sam|4\/100 tox\n|-unboost|p2a: Annihilape|def|1\n|-unboost|p2a: Annihilape|spd|1\n|move|p1a: Sam|Heat Wave|p2a: Annihilape\n|-damage|p2a: Annihilape|17\/100\n|\n|-damage|p1b: Sara|7\/100 tox|[from] psn\n|-damage|p1a: Sam|0 fnt|[from] psn\n|faint|p1a: Sam\n|upkeep\n|turn|6\n|-message|Apithy forfeited.\n|\n|win|GarchompExVgc\n|raw|GarchompExVgc's rating: 1244 → 1272<\/strong> (+28 for winning)\n|raw|Apithy's rating: 1288 → 1260<\/strong> (-28 for losing)\n|l|\u2606Apithy\n|j|\u2606Apithy\n|player|p2|Apithy|266\n|l|\u2606Apithy\n|player|p2|\n","uploadtime":1681909589,"views":8,"p1id":"garchompexvgc","p2id":"apithy","formatid":"gen9vgc2023regulationc","rating":1260,"private":0,"password":""}