{"id":"gen9vgc2023regulationc-1860431687","p1":"Nehzzy","p2":"Jonesm4","format":"[Gen 9] VGC 2023 Regulation C","log":"|j|\u2606Nehzzy\n|j|\u2606Jonesm4\n|t:|1683643674\n|gametype|doubles\n|player|p1|Nehzzy|steven|1311\n|player|p2|Jonesm4|2|1294\n|teamsize|p1|6\n|teamsize|p2|6\n|gen|9\n|tier|[Gen 9] VGC 2023 Regulation C\n|rated|\n|rule|Species Clause: Limit one of each Pok\u00e9mon\n|rule|Item Clause: Limit one of each item\n|clearpoke\n|poke|p1|Arcanine, L50, M|\n|poke|p1|Palafin, L50, F|\n|poke|p1|Amoonguss, L50, F|\n|poke|p1|Flutter Mane, L50|\n|poke|p1|Gholdengo, L50|\n|poke|p1|Iron Hands, L50|\n|poke|p2|Corviknight, L50, F|\n|poke|p2|Garchomp, L50, M|\n|poke|p2|Gyarados, L50, M|\n|poke|p2|Tyranitar, L50, M|\n|poke|p2|Amoonguss, L50, F|\n|poke|p2|Armarouge, L50, F|\n|teampreview|4\nNehzzy has agreed to open team sheets.\n|l|\u2606Jonesm4\n|player|p2|\n|c|\u2606Nehzzy|Oh\n|inactive|Battle timer is ON: inactive players will automatically lose when time's up. (requested by Nehzzy)\n|\n|t:|1683643747\n|start\n|switch|p1a: Gholdengo|Gholdengo, L50|100\/100\n|switch|p1b: Mossdeep|Palafin, L50, F, shiny|100\/100\n|switch|p2a: Garchomp|Garchomp, L50, M|100\/100\n|switch|p2b: Gyarados|Gyarados, L50, M|100\/100\n|-ability|p2b: Gyarados|Intimidate|boost\n|-unboost|p1a: Gholdengo|atk|1\n|-unboost|p1b: Mossdeep|atk|1\n|turn|1\n|inactive|Nehzzy has 30 seconds left.\n|inactive|Jonesm4 has 30 seconds left.\n|j|\u2606Jonesm4\n|inactive|Jonesm4 reconnected and has 30 seconds left.\n|player|p2|Jonesm4|2\n|c|\u2606Nehzzy|Wb\n|inactive|Jonesm4 has 20 seconds left.\n|inactive|Jonesm4 has 15 seconds left.\n|\n|t:|1683643788\n|detailschange|p1b: Mossdeep|Palafin-Hero, L50, F, shiny\n|switch|p1b: Fortree|Amoonguss, L50, F, shiny|100\/100\n|-terastallize|p1a: Gholdengo|Water\n|move|p2a: Garchomp|Earthquake|p1a: Gholdengo|[spread] p1a,p1b\n|-immune|p2b: Gyarados\n|-damage|p1a: Gholdengo|66\/100\n|-damage|p1b: Fortree|70\/100\n|move|p1a: Gholdengo|Nasty Plot|p1a: Gholdengo\n|-boost|p1a: Gholdengo|spa|2\n|move|p2b: Gyarados|Waterfall|p1b: Fortree\n|-resisted|p1b: Fortree\n|-damage|p1b: Fortree|58\/100\n|\n|-heal|p1a: Gholdengo|72\/100|[from] item: Leftovers\n|upkeep\n|turn|2\n|\n|t:|1683643813\n|switch|p2b: Armarouge|Armarouge, L50, F|100\/100\n|move|p2a: Garchomp|Protect|p2a: Garchomp\n|-singleturn|p2a: Garchomp|Protect\n|move|p1a: Gholdengo|Protect|p1a: Gholdengo\n|-singleturn|p1a: Gholdengo|Protect\n|move|p1b: Fortree|Protect||[still]\n|-fail|p1b: Fortree\n|\n|-heal|p1a: Gholdengo|79\/100|[from] item: Leftovers\n|upkeep\n|turn|3\n|\n|t:|1683643836\n|move|p1b: Fortree|Protect|p1b: Fortree\n|-singleturn|p1b: Fortree|Protect\n|move|p2b: Armarouge|Wide Guard|p2b: Armarouge\n|-singleturn|p2b: Armarouge|Wide Guard\n|move|p2a: Garchomp|Earthquake|p1b: Fortree|[spread] p1a\n|-activate|p2b: Armarouge|move: Wide Guard\n|-activate|p1b: Fortree|move: Protect\n|-damage|p1a: Gholdengo|44\/100\n|move|p1a: Gholdengo|Make It Rain|p2b: Armarouge|[spread] \n|-activate|p2a: Garchomp|move: Wide Guard\n|-activate|p2b: Armarouge|move: Wide Guard\n|\n|-heal|p1a: Gholdengo|50\/100|[from] item: Leftovers\n|upkeep\n|turn|4\n|inactive|Nehzzy has 30 seconds left.\n|\n|t:|1683643865\n|move|p2a: Garchomp|Protect|p2a: Garchomp\n|-singleturn|p2a: Garchomp|Protect\n|move|p1a: Gholdengo|Protect|p1a: Gholdengo\n|-singleturn|p1a: Gholdengo|Protect\n|move|p2b: Armarouge|Psychic|p1b: Fortree\n|-supereffective|p1b: Fortree\n|-damage|p1b: Fortree|0 fnt\n|faint|p1b: Fortree\n|\n|-heal|p1a: Gholdengo|57\/100|[from] item: Leftovers\n|upkeep\n|\n|t:|1683643875\n|switch|p1b: Iron Hands|Iron Hands, L50|100\/100\n|turn|5\n|inactive|Jonesm4 has 30 seconds left.\n|\n|t:|1683643907\n|switch|p2a: Gyarados|Gyarados, L50, M|100\/100\n|-ability|p2a: Gyarados|Intimidate|boost\n|-unboost|p1a: Gholdengo|atk|1\n|-unboost|p1b: Iron Hands|atk|1\n|-terastallize|p2b: Armarouge|Dark\n|move|p1b: Iron Hands|Fake Out|p2b: Armarouge\n|-damage|p2b: Armarouge|91\/100\n|move|p1a: Gholdengo|Make It Rain|p2a: Gyarados|[spread] p2a,p2b\n|-resisted|p2a: Gyarados\n|-damage|p2a: Gyarados|64\/100\n|-damage|p2b: Armarouge|0 fnt\n|-unboost|p1a: Gholdengo|spa|1\n|faint|p2b: Armarouge\n|\n|-heal|p1a: Gholdengo|63\/100|[from] item: Leftovers\n|upkeep\n|\n|t:|1683643925\n|switch|p2b: Garchomp|Garchomp, L50, M|100\/100\n|turn|6\n|inactive|Nehzzy has 30 seconds left.\n|\n|t:|1683643951\n|-end|p1b: Iron Hands|Quark Drive|[silent]\n|switch|p1b: Mossdeep|Palafin-Hero, L50, F, shiny|100\/100\n|-activate|p1b: Mossdeep|ability: Zero to Hero\n|move|p1a: Gholdengo|Protect|p1a: Gholdengo\n|-singleturn|p1a: Gholdengo|Protect\n|move|p2b: Garchomp|Earthquake|p1b: Mossdeep|[spread] p1b\n|-activate|p1a: Gholdengo|move: Protect\n|-immune|p2a: Gyarados\n|-damage|p1b: Mossdeep|64\/100\n|move|p2a: Gyarados|Waterfall|p1b: Mossdeep\n|-resisted|p1b: Mossdeep\n|-damage|p1b: Mossdeep|50\/100\n|\n|-heal|p1a: Gholdengo|69\/100|[from] item: Leftovers\n|upkeep\n|turn|7\n|inactive|Jonesm4 has 30 seconds left.\n|inactive|Nehzzy has 30 seconds left.\n|\n|t:|1683643984\n|switch|p2b: Amoonguss|Amoonguss, L50, F|100\/100\n|move|p1b: Mossdeep|Jet Punch|p2a: Gyarados\n|-resisted|p2a: Gyarados\n|-damage|p2a: Gyarados|41\/100\n|move|p1a: Gholdengo|Make It Rain|p2b: Amoonguss|[spread] p2a,p2b\n|-resisted|p2a: Gyarados\n|-damage|p2a: Gyarados|12\/100\n|-damage|p2b: Amoonguss|39\/100\n|-unboost|p1a: Gholdengo|spa|1\n|move|p2a: Gyarados|Waterfall|p1a: Gholdengo\n|-resisted|p1a: Gholdengo\n|-damage|p1a: Gholdengo|52\/100\n|\n|-heal|p1a: Gholdengo|58\/100|[from] item: Leftovers\n|upkeep\n|turn|8\n|inactive|Nehzzy has 30 seconds left.\n|\n|t:|1683644014\n|switch|p2a: Garchomp|Garchomp, L50, M|100\/100\n|move|p1b: Mossdeep|Protect|p1b: Mossdeep\n|-singleturn|p1b: Mossdeep|Protect\n|move|p2b: Amoonguss|Rage Powder|p2b: Amoonguss\n|-singleturn|p2b: Amoonguss|move: Rage Powder\n|move|p1a: Gholdengo|Nasty Plot|p1a: Gholdengo\n|-boost|p1a: Gholdengo|spa|2\n|\n|-heal|p1a: Gholdengo|65\/100|[from] item: Leftovers\n|upkeep\n|turn|9\n|\n|t:|1683644037\n|move|p2b: Amoonguss|Rage Powder|p2b: Amoonguss\n|-singleturn|p2b: Amoonguss|move: Rage Powder\n|move|p2a: Garchomp|Stomping Tantrum|p1b: Mossdeep\n|-damage|p1b: Mossdeep|13\/100\n|move|p1b: Mossdeep|Wave Crash|p2b: Amoonguss\n|-resisted|p2b: Amoonguss\n|-damage|p2b: Amoonguss|0 fnt\n|faint|p2b: Amoonguss\n|-damage|p1b: Mossdeep|0 fnt|[from] Recoil\n|faint|p1b: Mossdeep\n|move|p1a: Gholdengo|Make It Rain|p2a: Garchomp\n|-damage|p2a: Garchomp|0 fnt\n|-unboost|p1a: Gholdengo|spa|1\n|faint|p2a: Garchomp\n|\n|-heal|p1a: Gholdengo|71\/100|[from] item: Leftovers\n|upkeep\n|\n|t:|1683644054\n|switch|p1b: Iron Hands|Iron Hands, L50|100\/100\n|switch|p2b: Gyarados|Gyarados, L50, M|12\/100\n|-ability|p2b: Gyarados|Intimidate|boost\n|-unboost|p1a: Gholdengo|atk|1\n|-unboost|p1b: Iron Hands|atk|1\n|turn|10\n|\n|t:|1683644061\n|move|p1b: Iron Hands|Fake Out|p2b: Gyarados\n|-damage|p2b: Gyarados|2\/100\n|move|p1a: Gholdengo|Shadow Ball|p2b: Gyarados\n|-damage|p2b: Gyarados|0 fnt\n|faint|p2b: Gyarados\n|\n|win|Nehzzy\n|raw|Nehzzy's rating: 1311 → 1330<\/strong> (+19 for winning)\n|raw|Jonesm4's rating: 1294 → 1270<\/strong> (-24 for losing)\n|c|\u2606Nehzzy|Gg\n|l|\u2606Jonesm4\n","uploadtime":1683644072,"views":5,"p1id":"nehzzy","p2id":"jonesm4","formatid":"gen9vgc2023regulationc","rating":1270,"private":0,"password":""}