{"id":"gen9vgc2023regulationc-1862910439","p1":"Garydosses","p2":"RIPTheDollarMenu","format":"[Gen 9] VGC 2023 Regulation C","log":"|j|\u2606Garydosses\n|j|\u2606RIPTheDollarMenu\n|t:|1683937178\n|gametype|doubles\n|player|p1|Garydosses|102|1320\n|player|p2|RIPTheDollarMenu|waiter-gen4|1253\n|teamsize|p1|6\n|teamsize|p2|6\n|gen|9\n|tier|[Gen 9] VGC 2023 Regulation C\n|rated|\n|rule|Species Clause: Limit one of each Pok\u00e9mon\n|rule|Item Clause: Limit one of each item\n|clearpoke\n|poke|p1|Tyranitar, L50, M|\n|poke|p1|Iron Bundle, L50|\n|poke|p1|Corviknight, L50, F|\n|poke|p1|Palafin, L50, F|\n|poke|p1|Chi-Yu, L50|\n|poke|p1|Great Tusk, L50|\n|poke|p2|Tyranitar, L50, F|\n|poke|p2|Garchomp, L50, F|\n|poke|p2|Scream Tail, L50|\n|poke|p2|Corviknight, L50, M|\n|poke|p2|Gyarados, L50, F|\n|poke|p2|Iron Hands, L50|\n|teampreview|4\n|inactive|Battle timer is ON: inactive players will automatically lose when time's up. (requested by Garydosses)\nGarydosses has agreed to open team sheets.\n|inactive|Garydosses has 60 seconds left.\n|inactive|RIPTheDollarMenu has 60 seconds left.\n|\n|t:|1683937238\n|start\n|switch|p1a: Tyrantar|Iron Bundle, L50|100\/100\n|switch|p1b: Palafin|Palafin, L50, F|100\/100\n|switch|p2a: Beholder|Scream Tail, L50, shiny|100\/100\n|switch|p2b: Genie|Iron Hands, L50, shiny|100\/100\n|-enditem|p1a: Tyrantar|Booster Energy\n|-activate|p1a: Tyrantar|ability: Quark Drive|[fromitem]\n|-start|p1a: Tyrantar|quarkdrivespe\n|-enditem|p2a: Beholder|Booster Energy\n|-activate|p2a: Beholder|ability: Protosynthesis|[fromitem]\n|-start|p2a: Beholder|protosynthesisspe\n|turn|1\n|inactive|Garydosses has 30 seconds left.\n|\n|t:|1683937265\n|detailschange|p1b: Palafin|Palafin-Hero, L50, F\n|switch|p1b: Great Tusk|Great Tusk, L50|100\/100\n|move|p1a: Tyrantar|Protect|p1a: Tyrantar\n|-singleturn|p1a: Tyrantar|Protect\n|move|p2a: Beholder|Thunder Wave|p1a: Tyrantar\n|-activate|p1a: Tyrantar|move: Protect\n|move|p2b: Genie|Wild Charge|p1b: Great Tusk\n|-immune|p1b: Great Tusk\n|\n|upkeep\n|turn|2\n|\n|t:|1683937283\n|-end|p1a: Tyrantar|Quark Drive|[silent]\n|switch|p1a: Corviknight|Corviknight, L50, F|100\/100\n|-end|p2b: Genie|Quark Drive|[silent]\n|switch|p2b: Corviknight|Corviknight, L50, M|100\/100\n|move|p1b: Great Tusk|Protect|p1b: Great Tusk\n|-singleturn|p1b: Great Tusk|Protect\n|move|p2a: Beholder|Thunder Wave|p1a: Corviknight\n|-status|p1a: Corviknight|par\n|\n|upkeep\n|turn|3\n|\n|t:|1683937302\n|-end|p2a: Beholder|Protosynthesis|[silent]\n|switch|p2a: Genie|Iron Hands, L50, shiny|100\/100\n|move|p1b: Great Tusk|Headlong Rush|p2a: Genie\n|-supereffective|p2a: Genie\n|-damage|p2a: Genie|0 fnt\n|-unboost|p1b: Great Tusk|def|1\n|-unboost|p1b: Great Tusk|spd|1\n|faint|p2a: Genie\n|-end|p2a: Genie|Quark Drive|[silent]\n|-damage|p1b: Great Tusk|91\/100|[from] item: Life Orb\n|move|p2b: Corviknight|Bulk Up|p2b: Corviknight\n|-boost|p2b: Corviknight|atk|1\n|-boost|p2b: Corviknight|def|1\n|cant|p1a: Corviknight|par\n|\n|upkeep\n|\n|t:|1683937320\n|switch|p2a: Beholder|Scream Tail, L50, shiny|100\/100\n|turn|4\n|\n|t:|1683937332\n|move|p1b: Great Tusk|Protect|p1b: Great Tusk\n|-singleturn|p1b: Great Tusk|Protect\n|move|p2a: Beholder|Disable|p1b: Great Tusk\n|-activate|p1b: Great Tusk|move: Protect\n|move|p2b: Corviknight|Bulk Up|p2b: Corviknight\n|-boost|p2b: Corviknight|atk|1\n|-boost|p2b: Corviknight|def|1\n|move|p1a: Corviknight|Tailwind|p1a: Corviknight\n|-sidestart|p1: Garydosses|move: Tailwind\n|\n|upkeep\n|turn|5\n|\n|t:|1683937350\n|-end|p2a: Beholder|Protosynthesis|[silent]\n|switch|p2a: Leviathan|Gyarados, L50, F|100\/100\n|-ability|p2a: Leviathan|Intimidate|boost\n|-ability|p1a: Corviknight|Mirror Armor\n|-unboost|p2a: Leviathan|atk|1\n|-unboost|p1b: Great Tusk|atk|1\n|move|p1b: Great Tusk|Headlong Rush|p2a: Leviathan\n|-immune|p2a: Leviathan\n|move|p1a: Corviknight|Iron Head|p2a: Leviathan\n|-resisted|p2a: Leviathan\n|-damage|p2a: Leviathan|85\/100\n|move|p2b: Corviknight|Bulk Up|p2b: Corviknight\n|-boost|p2b: Corviknight|atk|1\n|-boost|p2b: Corviknight|def|1\n|\n|-heal|p2a: Leviathan|92\/100|[from] item: Leftovers\n|upkeep\n|turn|6\n|inactive|RIPTheDollarMenu has 30 seconds left.\n|\n|t:|1683937383\n|switch|p2a: Beholder|Scream Tail, L50, shiny|100\/100\n|move|p1a: Corviknight|Protect|p1a: Corviknight\n|-singleturn|p1a: Corviknight|Protect\n|move|p1b: Great Tusk|Headlong Rush|p2a: Beholder\n|-damage|p2a: Beholder|51\/100\n|-unboost|p1b: Great Tusk|def|1\n|-unboost|p1b: Great Tusk|spd|1\n|-damage|p1b: Great Tusk|81\/100|[from] item: Life Orb\n|move|p2b: Corviknight|Brave Bird|p1b: Great Tusk\n|-supereffective|p1b: Great Tusk\n|-damage|p1b: Great Tusk|0 fnt\n|faint|p1b: Great Tusk\n|-end|p1b: Great Tusk|Protosynthesis|[silent]\n|-damage|p2b: Corviknight|76\/100|[from] Recoil\n|\n|upkeep\n|c|\u2606Garydosses|I am crazy\n|\n|t:|1683937394\n|switch|p1b: Palafin|Palafin-Hero, L50, F|100\/100\n|-activate|p1b: Palafin|ability: Zero to Hero\n|turn|7\n|\n|t:|1683937405\n|move|p1b: Palafin|Haze|p1b: Palafin\n|-clearallboost\n|move|p2a: Beholder|Thunder Wave|p1b: Palafin\n|-status|p1b: Palafin|par\n|move|p1a: Corviknight|Iron Head|p2a: Beholder\n|-supereffective|p2a: Beholder\n|-damage|p2a: Beholder|6\/100\n|move|p2b: Corviknight|Brave Bird|p1b: Palafin\n|-damage|p1b: Palafin|60\/100 par\n|-damage|p2b: Corviknight|62\/100|[from] Recoil\n|\n|-sideend|p1: Garydosses|move: Tailwind\n|upkeep\n|turn|8\n|inactive|Garydosses has 30 seconds left.\n|inactive|RIPTheDollarMenu has 30 seconds left.\n|\n|t:|1683937437\n|-end|p2a: Beholder|Protosynthesis|[silent]\n|switch|p2a: Leviathan|Gyarados, L50, F|92\/100\n|-ability|p2a: Leviathan|Intimidate|boost\n|-ability|p1a: Corviknight|Mirror Armor\n|-unboost|p2a: Leviathan|atk|1\n|-unboost|p1b: Palafin|atk|1\n|-terastallize|p1b: Palafin|Water\n|move|p2b: Corviknight|Bulk Up|p2b: Corviknight\n|-boost|p2b: Corviknight|atk|1\n|-boost|p2b: Corviknight|def|1\n|move|p1b: Palafin|Wave Crash|p2b: Corviknight\n|-damage|p2b: Corviknight|19\/100\n|-damage|p1b: Palafin|45\/100 par|[from] Recoil\n|move|p1a: Corviknight|Iron Head|p2b: Corviknight\n|-resisted|p2b: Corviknight\n|-damage|p2b: Corviknight|10\/100\n|\n|-heal|p2a: Leviathan|98\/100|[from] item: Leftovers\n|upkeep\n|turn|9\n|inactive|RIPTheDollarMenu has 30 seconds left.\n|inactive|RIPTheDollarMenu has 20 seconds left.\n|\n|t:|1683937475\n|-terastallize|p2b: Corviknight|Dragon\n|cant|p1b: Palafin|par\n|move|p2a: Leviathan|Waterfall|p1b: Palafin\n|-resisted|p1b: Palafin\n|-damage|p1b: Palafin|35\/100 par\n|move|p2b: Corviknight|Roost|p2b: Corviknight\n|-heal|p2b: Corviknight|60\/100\n|move|p1a: Corviknight|Tailwind|p1a: Corviknight\n|-sidestart|p1: Garydosses|move: Tailwind\n|\n|-heal|p2a: Leviathan|100\/100|[from] item: Leftovers\n|upkeep\n|turn|10\n|c|\u2606Garydosses|Ok\n|c|\u2606RIPTheDollarMenu|Played to my outs\n|inactive|Garydosses has 30 seconds left.\n|c|\u2606Garydosses|Not mad st you\n|c|\u2606Garydosses|At the game\n|inactive|Garydosses has 20 seconds left.\n|c|\u2606RIPTheDollarMenu|It does that\n|inactive|Garydosses has 15 seconds left.\n|\n|t:|1683937519\n|switch|p1a: Tyrantar|Iron Bundle, L50|100\/100\n|move|p2a: Leviathan|Waterfall|p1b: Palafin\n|-resisted|p1b: Palafin\n|-damage|p1b: Palafin|26\/100 par\n|move|p1b: Palafin|Wave Crash|p2b: Corviknight\n|-resisted|p2b: Corviknight\n|-damage|p2b: Corviknight|36\/100\n|-damage|p1b: Palafin|17\/100 par|[from] Recoil\n|move|p2b: Corviknight|Roost|p2b: Corviknight\n|-heal|p2b: Corviknight|86\/100\n|\n|upkeep\n|turn|11\n|c|\u2606RIPTheDollarMenu|I'm literally running VeilChomp lol\n|c|\u2606Garydosses|\ud83d\ude2devil\n|inactive|RIPTheDollarMenu has 30 seconds left.\n|inactive|RIPTheDollarMenu has 20 seconds left.\n|inactive|RIPTheDollarMenu has 15 seconds left.\n|\n|t:|1683937563\n|move|p1a: Tyrantar|Protect|p1a: Tyrantar\n|-singleturn|p1a: Tyrantar|Protect\n|move|p2a: Leviathan|Waterfall|p1a: Tyrantar\n|-activate|p1a: Tyrantar|move: Protect\n|move|p1b: Palafin|Wave Crash|p2a: Leviathan\n|-resisted|p2a: Leviathan\n|-damage|p2a: Leviathan|52\/100\n|-damage|p1b: Palafin|2\/100 par|[from] Recoil\n|move|p2b: Corviknight|Brave Bird|p1a: Tyrantar\n|-activate|p1a: Tyrantar|move: Protect\n|\n|-heal|p2a: Leviathan|58\/100|[from] item: Leftovers\n|upkeep\n|turn|12\n|\n|t:|1683937587\n|move|p2a: Leviathan|Protect|p2a: Leviathan\n|-singleturn|p2a: Leviathan|Protect\n|move|p1a: Tyrantar|Freeze-Dry|p2b: Corviknight\n|-supereffective|p2b: Corviknight\n|-damage|p2b: Corviknight|18\/100\n|cant|p1b: Palafin|par\n|move|p2b: Corviknight|Brave Bird|p1a: Tyrantar\n|-damage|p1a: Tyrantar|23\/100\n|-damage|p2b: Corviknight|1\/100|[from] Recoil\n|\n|-heal|p2a: Leviathan|65\/100|[from] item: Leftovers\n|-sideend|p1: Garydosses|move: Tailwind\n|upkeep\n|turn|13\n|\n|t:|1683937616\n|move|p1a: Tyrantar|Icy Wind|p2a: Leviathan|[spread] p2a,p2b\n|-supereffective|p2b: Corviknight\n|-damage|p2a: Leviathan|48\/100\n|-damage|p2b: Corviknight|0 fnt\n|-unboost|p2a: Leviathan|spe|1\n|faint|p2b: Corviknight\n|move|p2a: Leviathan|Waterfall|p1a: Tyrantar\n|-resisted|p1a: Tyrantar\n|-damage|p1a: Tyrantar|10\/100\n|move|p1b: Palafin|Wave Crash|p2a: Leviathan\n|-resisted|p2a: Leviathan\n|-damage|p2a: Leviathan|6\/100\n|-damage|p1b: Palafin|0 fnt|[from] Recoil\n|faint|p1b: Palafin\n|\n|-heal|p2a: Leviathan|12\/100|[from] item: Leftovers\n|upkeep\n|\n|t:|1683937628\n|switch|p1b: Corviknight|Corviknight, L50, F|100\/100 par\n|switch|p2b: Beholder|Scream Tail, L50, shiny|6\/100\n|turn|14\n|\n|t:|1683937641\n|move|p1a: Tyrantar|Icy Wind|p2a: Leviathan|[spread] p2a,p2b\n|-damage|p2a: Leviathan|0 fnt\n|-damage|p2b: Beholder|0 fnt\n|faint|p2a: Leviathan\n|faint|p2b: Beholder\n|-end|p2b: Beholder|Protosynthesis|[silent]\n|\n|win|Garydosses\n|raw|Garydosses's rating: 1320 → 1336<\/strong> (+16 for winning)\n|raw|RIPTheDollarMenu's rating: 1253 → 1233<\/strong> (-20 for losing)\n|c|\u2606RIPTheDollarMenu|gg!\n","uploadtime":1683937648,"views":11,"p1id":"garydosses","p2id":"ripthedollarmenu","formatid":"gen9vgc2023regulationc","rating":1233,"private":0,"password":""}