{"id":"gen9vgc2023regulationc-1848987128","p1":"gameboiGeorge","p2":"Fluttermane Eyes","format":"[Gen 9] VGC 2023 Regulation C","log":"|j|\u2606gameboiGeorge\n|j|\u2606Fluttermane Eyes\n|t:|1682135014\n|gametype|doubles\n|player|p1|gameboiGeorge|pokemaniac-gen1rb|1148\n|player|p2|Fluttermane Eyes|boarder|1129\n|teamsize|p1|6\n|teamsize|p2|6\n|gen|9\n|tier|[Gen 9] VGC 2023 Regulation C\n|rated|\n|rule|Species Clause: Limit one of each Pok\u00e9mon\n|rule|Item Clause: Limit one of each item\n|clearpoke\n|poke|p1|Annihilape, L50, M|\n|poke|p1|Palafin, L50, M|\n|poke|p1|Cyclizar, L50, F|\n|poke|p1|Amoonguss, L50, F|\n|poke|p1|Flutter Mane, L50|\n|poke|p1|Maushold-Four, L50|\n|poke|p2|Chien-Pao, L50|\n|poke|p2|Scream Tail, L50|\n|poke|p2|Ceruledge, L50, F|\n|poke|p2|Baxcalibur, L50, M|\n|poke|p2|Amoonguss, L50, M|\n|poke|p2|Gholdengo, L50|\n|teampreview|4\n|inactive|Battle timer is ON: inactive players will automatically lose when time's up. (requested by gameboiGeorge)\n|inactive|Fluttermane Eyes has 60 seconds left.\n|inactive|Fluttermane Eyes has 30 seconds left.\n|inactive|Fluttermane Eyes has 20 seconds left.\n|inactive|Fluttermane Eyes has 15 seconds left.\n|inactive|Fluttermane Eyes has 10 seconds left.\n|\n|t:|1682135122\n|start\n|switch|p1a: Annihilape|Annihilape, L50, M|100\/100\n|switch|p1b: Cyclizar|Cyclizar, L50, F|100\/100\n|switch|p2a: Amoonguss|Amoonguss, L50, M|100\/100\n|switch|p2b: Gholdengo|Gholdengo, L50|100\/100\n|turn|1\n|\n|t:|1682135137\n|move|p1b: Cyclizar|Shed Tail|p1b: Cyclizar\n|-start|p1b: Cyclizar|Substitute|[from] move: Shed Tail\n|-damage|p1b: Cyclizar|50\/100\n|\n|t:|1682135146\n|switch|p1b: Flutter Mane|Flutter Mane, L50|100\/100|[from] Shed Tail\n|move|p2b: Gholdengo|Shadow Ball|p1b: Flutter Mane\n|-supereffective|p1b: Flutter Mane\n|-end|p1b: Flutter Mane|Substitute\n|move|p1a: Annihilape|Bulk Up|p1a: Annihilape\n|-boost|p1a: Annihilape|atk|1\n|-boost|p1a: Annihilape|def|1\n|move|p2a: Amoonguss|Spore|p1a: Annihilape\n|-status|p1a: Annihilape|slp|[from] move: Spore\n|\n|upkeep\n|turn|2\n|\n|t:|1682135168\n|move|p1b: Flutter Mane|Mystical Fire|p2a: Amoonguss\n|-supereffective|p2a: Amoonguss\n|-damage|p2a: Amoonguss|37\/100\n|-unboost|p2a: Amoonguss|spa|1\n|move|p2b: Gholdengo|Shadow Ball|p1b: Flutter Mane\n|-supereffective|p1b: Flutter Mane\n|-damage|p1b: Flutter Mane|0 fnt\n|faint|p1b: Flutter Mane\n|-end|p1b: Flutter Mane|Protosynthesis|[silent]\n|cant|p1a: Annihilape|slp\n|move|p2a: Amoonguss|Spore|p1a: Annihilape\n|-fail|p1a: Annihilape|slp\n|\n|upkeep\n|\n|t:|1682135178\n|switch|p1b: Maushold|Maushold-Four, L50|100\/100\n|turn|3\n|\n|t:|1682135199\n|switch|p2b: Chien-Pao|Chien-Pao, L50|100\/100\n|-ability|p2b: Chien-Pao|Sword of Ruin\n|switch|p2a: Ceruledge|Ceruledge, L50, F|100\/100\n|move|p1b: Maushold|Encore||[still]\n|-fail|p1b: Maushold\n|cant|p1a: Annihilape|slp\n|\n|upkeep\n|turn|4\n|\n|t:|1682135219\n|-terastallize|p2b: Chien-Pao|Ghost\n|move|p2b: Chien-Pao|Ice Spinner|p1a: Annihilape\n|-damage|p1a: Annihilape|75\/100 slp\n|move|p1b: Maushold|Beat Up|p1a: Annihilape\n|-damage|p1a: Annihilape|73\/100 slp\n|-damage|p1a: Annihilape|71\/100 slp\n|-hitcount|p1a: Annihilape|2\n|cant|p1a: Annihilape|slp\n|move|p2a: Ceruledge|Bitter Blade|p1b: Maushold\n|-damage|p1b: Maushold|1\/100\n|\n|upkeep\n|turn|5\n|\n|t:|1682135243\n|move|p1b: Maushold|Follow Me|p1b: Maushold\n|-singleturn|p1b: Maushold|move: Follow Me\n|move|p2a: Ceruledge|Shadow Sneak|p1b: Maushold\n|-immune|p1b: Maushold\n|move|p2b: Chien-Pao|Haze|p2b: Chien-Pao\n|-clearallboost\n|-curestatus|p1a: Annihilape|slp|[msg]\n|move|p1a: Annihilape|Rage Fist|p2a: Ceruledge\n|-supereffective|p2a: Ceruledge\n|-damage|p2a: Ceruledge|0 fnt\n|faint|p2a: Ceruledge\n|\n|upkeep\n|\n|t:|1682135254\n|switch|p2a: Gholdengo|Gholdengo, L50|100\/100\n|turn|6\n|inactive|gameboiGeorge has 30 seconds left.\n|\n|t:|1682135284\n|move|p1b: Maushold|Follow Me|p1b: Maushold\n|-singleturn|p1b: Maushold|move: Follow Me\n|move|p2b: Chien-Pao|Sucker Punch||[still]\n|-fail|p2b: Chien-Pao\n|move|p2a: Gholdengo|Make It Rain|p1b: Maushold|[spread] p1a,p1b\n|-damage|p1a: Annihilape|14\/100\n|-damage|p1b: Maushold|0 fnt\n|-unboost|p2a: Gholdengo|spa|1\n|-enditem|p1a: Annihilape|Sitrus Berry|[eat]\n|-heal|p1a: Annihilape|39\/100|[from] item: Sitrus Berry\n|faint|p1b: Maushold\n|move|p1a: Annihilape|Rage Fist|p2a: Gholdengo\n|-supereffective|p2a: Gholdengo\n|-damage|p2a: Gholdengo|0 fnt\n|faint|p2a: Gholdengo\n|\n|upkeep\n|\n|t:|1682135298\n|switch|p1b: Cyclizar|Cyclizar, L50, F|83\/100\n|switch|p2a: Amoonguss|Amoonguss, L50, M|70\/100\n|turn|7\n|\n|t:|1682135315\n|move|p2a: Amoonguss|Protect|p2a: Amoonguss\n|-singleturn|p2a: Amoonguss|Protect\n|move|p2b: Chien-Pao|Sucker Punch|p1a: Annihilape\n|-damage|p1a: Annihilape|0 fnt\n|faint|p1a: Annihilape\n|move|p1b: Cyclizar|Draco Meteor|p2a: Amoonguss\n|-activate|p2a: Amoonguss|move: Protect\n|\n|upkeep\n|turn|8\n|c|\u2606gameboiGeorge|gg\n|c|\u2606Fluttermane Eyes|gg\n|\n|t:|1682135333\n|move|p1b: Cyclizar|Draco Meteor|p2a: Amoonguss\n|-damage|p2a: Amoonguss|29\/100\n|-unboost|p1b: Cyclizar|spa|2\n|move|p2b: Chien-Pao|Ice Spinner|p1b: Cyclizar\n|-supereffective|p1b: Cyclizar\n|-damage|p1b: Cyclizar|0 fnt\n|faint|p1b: Cyclizar\n|\n|win|Fluttermane Eyes\n|raw|gameboiGeorge's rating: 1148 → 1122<\/strong> (-26 for losing)\n|raw|Fluttermane Eyes's rating: 1129 → 1155<\/strong> (+26 for winning)\n|l|\u2606gameboiGeorge\n","uploadtime":1682135342,"views":9,"p1id":"gameboigeorge","p2id":"fluttermaneeyes","formatid":"gen9vgc2023regulationc","rating":1122,"private":0,"password":""}