{"id":"gen9vgc2023regulationc-1859434933","p1":"auiauiladot","p2":"Dragonite8723","format":"[Gen 9] VGC 2023 Regulation C","log":"|j|\u2606auiauiladot\n|j|\u2606Dragonite8723\n|t:|1683466827\n|gametype|doubles\n|player|p1|auiauiladot|beauty-gen4dp|1101\n|player|p2|Dragonite8723|170|1168\n|teamsize|p1|6\n|teamsize|p2|6\n|gen|9\n|tier|[Gen 9] VGC 2023 Regulation C\n|rated|\n|rule|Species Clause: Limit one of each Pok\u00e9mon\n|rule|Item Clause: Limit one of each item\n|clearpoke\n|poke|p1|Farigiraf, L50, F|\n|poke|p1|Torkoal, L50, F|\n|poke|p1|Great Tusk, L50|\n|poke|p1|Garganacl, L50, M|\n|poke|p1|Wo-Chien, L50|\n|poke|p1|Amoonguss, L50, M|\n|poke|p2|Palafin, L50, F|\n|poke|p2|Chien-Pao, L50|\n|poke|p2|Eelektross, L50, M|\n|poke|p2|Rotom-Wash, L50|\n|poke|p2|Dragonite, L50, F|\n|poke|p2|Ting-Lu, L50|\n|teampreview|4\n|inactive|Battle timer is ON: inactive players will automatically lose when time's up. (requested by auiauiladot)\n|j| lunailight0\n|inactive|Dragonite8723 has 60 seconds left.\n|inactive|Dragonite8723 has 30 seconds left.\n|l| lunailight0\n|inactive|Dragonite8723 has 20 seconds left.\n|inactive|Dragonite8723 has 15 seconds left.\n|\n|t:|1683466905\n|start\n|switch|p1a: <3|Farigiraf, L50, F, shiny|100\/100\n|switch|p1b: salt cure|Garganacl, L50, M, shiny|100\/100\n|switch|p2a: Ting-Lu|Ting-Lu, L50|100\/100\n|switch|p2b: Chien-Pao|Chien-Pao, L50|100\/100\n|-ability|p2b: Chien-Pao|Sword of Ruin\n|-ability|p2a: Ting-Lu|Vessel of Ruin\n|turn|1\n|inactive|auiauiladot has 30 seconds left.\n|inactive|Dragonite8723 has 30 seconds left.\n|inactive|auiauiladot has 20 seconds left.\n|\n|t:|1683466942\n|-terastallize|p1a: <3|Fairy\n|move|p2b: Chien-Pao|Protect|p2b: Chien-Pao\n|-singleturn|p2b: Chien-Pao|Protect\n|move|p2a: Ting-Lu|Earthquake|p1a: <3|[spread] p1a,p1b\n|-activate|p2b: Chien-Pao|move: Protect\n|-supereffective|p1b: salt cure\n|-damage|p1a: <3|42\/100\n|-damage|p1b: salt cure|4\/100\n|move|p1b: salt cure|Heavy Slam|p2b: Chien-Pao\n|-activate|p2b: Chien-Pao|move: Protect\n|move|p1a: <3|Trick Room|p1a: <3\n|-fieldstart|move: Trick Room|[of] p1a: <3\n|\n|upkeep\n|turn|2\n|inactive|auiauiladot has 30 seconds left.\n|inactive|Dragonite8723 has 30 seconds left.\n|\n|t:|1683466972\n|switch|p2b: Eelektross|Eelektross, L50, M|100\/100\n|move|p1a: <3|Protect|p1a: <3\n|-singleturn|p1a: <3|Protect\n|move|p1b: salt cure|Explosion|p2a: Ting-Lu|[spread] p2a,p2b\n|-activate|p1a: <3|move: Protect\n|-enditem|p1b: salt cure|Normal Gem|[from] gem\n|-crit|p2a: Ting-Lu\n|-damage|p2a: Ting-Lu|35\/100\n|-damage|p2b: Eelektross|22\/100\n|faint|p1b: salt cure\n|move|p2a: Ting-Lu|Earthquake|p1a: <3|[spread] \n|-activate|p1a: <3|move: Protect\n|-immune|p2b: Eelektross|[from] ability: Levitate\n|\n|upkeep\n|\n|t:|1683466988\n|switch|p1b: Amoonguss|Amoonguss, L50, M|100\/100\n|turn|3\n|\n|t:|1683467004\n|move|p1b: Amoonguss|Spore|p2a: Ting-Lu\n|-status|p2a: Ting-Lu|slp|[from] move: Spore\n|cant|p2a: Ting-Lu|slp\n|move|p2b: Eelektross|Thunder Punch|p1a: <3\n|-damage|p1a: <3|12\/100\n|-status|p1a: <3|par\n|cant|p1a: <3|par\n|\n|upkeep\n|turn|4\n|\n|t:|1683467021\n|move|p1b: Amoonguss|Pollen Puff|p1a: <3\n|-heal|p1a: <3|62\/100 par\n|move|p1a: <3|Dazzling Gleam|p2a: Ting-Lu|[spread] p2a,p2b\n|-supereffective|p2a: Ting-Lu\n|-damage|p2a: Ting-Lu|9\/100 slp\n|-damage|p2b: Eelektross|10\/100\n|-curestatus|p2a: Ting-Lu|slp|[msg]\n|move|p2a: Ting-Lu|Earthquake|p1a: <3|[spread] p1a,p1b\n|-immune|p2b: Eelektross|[from] ability: Levitate\n|-damage|p1a: <3|13\/100 par\n|-damage|p1b: Amoonguss|55\/100\n|move|p2b: Eelektross|Thunder Punch|p1a: <3\n|-damage|p1a: <3|0 fnt\n|faint|p1a: <3\n|\n|upkeep\n|\n|t:|1683467036\n|switch|p1a: Wo-Chien|Wo-Chien, L50|100\/100\n|-ability|p1a: Wo-Chien|Tablets of Ruin\n|turn|5\n|\n|t:|1683467051\n|move|p1b: Amoonguss|Spore|p2a: Ting-Lu\n|-status|p2a: Ting-Lu|slp|[from] move: Spore\n|cant|p2a: Ting-Lu|slp\n|move|p2b: Eelektross|U-turn|p1a: Wo-Chien\n|-supereffective|p1a: Wo-Chien\n|-damage|p1a: Wo-Chien|50\/100\n|\n|t:|1683467075\n|switch|p2b: Chien-Pao|Chien-Pao, L50|100\/100|[from] U-turn\n|-ability|p2b: Chien-Pao|Sword of Ruin\n|move|p1a: Wo-Chien|Leech Seed|p2b: Chien-Pao\n|-start|p2b: Chien-Pao|move: Leech Seed\n|\n|-heal|p1a: Wo-Chien|57\/100|[from] item: Leftovers\n|-damage|p2b: Chien-Pao|88\/100|[from] Leech Seed|[of] p1a: Wo-Chien\n|-heal|p1a: Wo-Chien|67\/100|[silent]\n|-fieldend|move: Trick Room\n|upkeep\n|turn|6\n|\n|t:|1683467097\n|move|p1a: Wo-Chien|Protect|p1a: Wo-Chien\n|-singleturn|p1a: Wo-Chien|Protect\n|move|p2b: Chien-Pao|Ice Spinner|p1b: Amoonguss\n|-supereffective|p1b: Amoonguss\n|-damage|p1b: Amoonguss|0 fnt\n|-damage|p2b: Chien-Pao|72\/100|[from] item: Rocky Helmet|[of] p1b: Amoonguss\n|faint|p1b: Amoonguss\n|cant|p2a: Ting-Lu|slp\n|\n|-heal|p1a: Wo-Chien|73\/100|[from] item: Leftovers\n|-damage|p2b: Chien-Pao|59\/100|[from] Leech Seed|[of] p1a: Wo-Chien\n|-heal|p1a: Wo-Chien|83\/100|[silent]\n|upkeep\n|turn|7\n|\n|t:|1683467112\n|switch|p2b: Eelektross|Eelektross, L50, M|10\/100\n|move|p1a: Wo-Chien|Leech Seed|p2a: Ting-Lu|[miss]\n|-miss|p1a: Wo-Chien|p2a: Ting-Lu\n|-curestatus|p2a: Ting-Lu|slp|[msg]\n|move|p2a: Ting-Lu|Earthquake|p1a: Wo-Chien|[spread] p1a\n|-immune|p2b: Eelektross|[from] ability: Levitate\n|-resisted|p1a: Wo-Chien\n|-damage|p1a: Wo-Chien|69\/100\n|\n|-heal|p1a: Wo-Chien|75\/100|[from] item: Leftovers\n|upkeep\n|turn|8\n|\n|t:|1683467132\n|switch|p2a: Chien-Pao|Chien-Pao, L50|59\/100\n|-ability|p2a: Chien-Pao|Sword of Ruin\n|move|p1a: Wo-Chien|Leech Seed|p2a: Chien-Pao\n|-start|p2a: Chien-Pao|move: Leech Seed\n|move|p2b: Eelektross|U-turn|p1a: Wo-Chien\n|-supereffective|p1a: Wo-Chien\n|-damage|p1a: Wo-Chien|0 fnt\n|faint|p1a: Wo-Chien\n|\n|win|Dragonite8723\n|raw|auiauiladot's rating: 1101 → 1081<\/strong> (-20 for losing)\n|raw|Dragonite8723's rating: 1168 → 1188<\/strong> (+20 for winning)\n|l|\u2606auiauiladot\n||Ladder isn't responding, score probably updated but might not have (Request timeout).\n","uploadtime":1683467304,"views":5,"p1id":"auiauiladot","p2id":"dragonite8723","formatid":"gen9vgc2023regulationc","rating":1081,"private":0,"password":""}