{"id":"gen9vgc2023regulationc-1852428506","p1":"SpyncarVGC","p2":"SM0KESgirl","format":"[Gen 9] VGC 2023 Regulation C","log":"|j|\u2606SpyncarVGC\n|j|\u2606SM0KESgirl\n|t:|1682556425\n|gametype|doubles\n|player|p1|SpyncarVGC|266|1283\n|player|p2|SM0KESgirl|skyla|1267\n|teamsize|p1|6\n|teamsize|p2|6\n|gen|9\n|tier|[Gen 9] VGC 2023 Regulation C\n|rated|\n|rule|Species Clause: Limit one of each Pok\u00e9mon\n|rule|Item Clause: Limit one of each item\n|clearpoke\n|poke|p1|Chi-Yu, L50|\n|poke|p1|Grimmsnarl, L50, M|\n|poke|p1|Baxcalibur, L50, M|\n|poke|p1|Corviknight, L50, M|\n|poke|p1|Iron Hands, L50|\n|poke|p1|Amoonguss, L50, M|\n|poke|p2|Gholdengo, L50|\n|poke|p2|Murkrow, L50, M|\n|poke|p2|Baxcalibur, L50, M|\n|poke|p2|Annihilape, L50, F|\n|poke|p2|Flutter Mane, L50|\n|poke|p2|Amoonguss, L50, M|\n|teampreview|4\n|inactive|Battle timer is ON: inactive players will automatically lose when time's up. (requested by SpyncarVGC)\nSpyncarVGC has agreed to open team sheets.\n|inactive|SM0KESgirl has 60 seconds left.\n|\n|t:|1682556465\n|start\n|switch|p1a: Chi-Yu|Chi-Yu, L50|100\/100\n|switch|p1b: Amoonguss|Amoonguss, L50, M|100\/100\n|switch|p2a: Murkrow|Murkrow, L50, M|100\/100\n|switch|p2b: Gholdengo|Gholdengo, L50|100\/100\n|-ability|p1a: Chi-Yu|Beads of Ruin\n|turn|1\n|\n|t:|1682556488\n|-terastallize|p1b: Amoonguss|Water\n|move|p1a: Chi-Yu|Heat Wave|p2b: Gholdengo|[spread] p2a,p2b\n|-supereffective|p2b: Gholdengo\n|-damage|p2a: Murkrow|23\/100\n|-damage|p2b: Gholdengo|0 fnt\n|-status|p2a: Murkrow|brn\n|faint|p2b: Gholdengo\n|-damage|p1a: Chi-Yu|91\/100|[from] item: Life Orb\n|move|p2a: Murkrow|Foul Play|p1b: Amoonguss\n|-damage|p1b: Amoonguss|90\/100\n|move|p1b: Amoonguss|Spore||[still]\n|-fail|p1b: Amoonguss\n|\n|-damage|p2a: Murkrow|17\/100 brn|[from] brn\n|upkeep\n|\n|t:|1682556507\n|switch|p2b: Annihilape|Annihilape, L50, F|100\/100\n|turn|2\n|\n|t:|1682556524\n|-terastallize|p2b: Annihilape|Grass\n|move|p1a: Chi-Yu|Protect|p1a: Chi-Yu\n|-singleturn|p1a: Chi-Yu|Protect\n|move|p2a: Murkrow|Tailwind|p2a: Murkrow\n|-sidestart|p2: SM0KESgirl|move: Tailwind\n|move|p2b: Annihilape|Bulk Up|p2b: Annihilape\n|-boost|p2b: Annihilape|atk|1\n|-boost|p2b: Annihilape|def|1\n|move|p1b: Amoonguss|Spore|p2b: Annihilape\n|-immune|p2b: Annihilape\n|\n|-damage|p2a: Murkrow|11\/100 brn|[from] brn\n|upkeep\n|turn|3\n|inactive|SM0KESgirl has 30 seconds left.\n|inactive|SM0KESgirl has 20 seconds left.\n|\n|t:|1682556562\n|switch|p1a: Iron Hands|Iron Hands, L50|100\/100\n|move|p2a: Murkrow|Thunder Wave|p1b: Amoonguss\n|-status|p1b: Amoonguss|par\n|move|p2b: Annihilape|Rage Fist|p1a: Iron Hands\n|-damage|p1a: Iron Hands|82\/100\n|move|p1b: Amoonguss|Pollen Puff|p2b: Annihilape\n|-supereffective|p2b: Annihilape\n|-damage|p2b: Annihilape|78\/100\n|\n|-heal|p2b: Annihilape|84\/100|[from] item: Leftovers\n|-damage|p2a: Murkrow|5\/100 brn|[from] brn\n|upkeep\n|turn|4\n|inactive|SpyncarVGC has 30 seconds left.\n|inactive|SM0KESgirl has 30 seconds left.\n|inactive|SM0KESgirl has 20 seconds left.\n|inactive|SM0KESgirl has 15 seconds left.\n|\n|t:|1682556606\n|move|p1a: Iron Hands|Fake Out|p2b: Annihilape\n|-damage|p2b: Annihilape|74\/100\n|move|p2a: Murkrow|Thunder Wave|p1a: Iron Hands\n|-immune|p1a: Iron Hands\n|cant|p2b: Annihilape|flinch\n|move|p1b: Amoonguss|Pollen Puff|p1a: Iron Hands\n|-heal|p1a: Iron Hands|100\/100\n|\n|-heal|p2b: Annihilape|80\/100|[from] item: Leftovers\n|-damage|p2a: Murkrow|0 fnt|[from] brn\n|faint|p2a: Murkrow\n|upkeep\n|\n|t:|1682556622\n|switch|p2a: Baxcalibur|Baxcalibur, L50, M|100\/100\n|turn|5\n|\n|t:|1682556639\n|move|p2b: Annihilape|Protect|p2b: Annihilape\n|-singleturn|p2b: Annihilape|Protect\n|move|p2a: Baxcalibur|Glaive Rush|p1a: Iron Hands\n|-crit|p1a: Iron Hands\n|-damage|p1a: Iron Hands|29\/100\n|-singlemove|p2a: Baxcalibur|Glaive Rush|[silent]\n|move|p1a: Iron Hands|Fire Punch|p2b: Annihilape\n|-activate|p2b: Annihilape|move: Protect\n|cant|p1b: Amoonguss|par\n|\n|-heal|p2b: Annihilape|86\/100|[from] item: Leftovers\n|-sideend|p2: SM0KESgirl|move: Tailwind\n|upkeep\n|turn|6\n|inactive|SM0KESgirl has 30 seconds left.\n|inactive|SpyncarVGC has 30 seconds left.\n|\n|t:|1682556670\n|move|p2b: Annihilape|Rage Fist|p1b: Amoonguss\n|-damage|p1b: Amoonguss|13\/100 par\n|-enditem|p1b: Amoonguss|Aguav Berry|[eat]\n|-heal|p1b: Amoonguss|46\/100 par|[from] item: Aguav Berry\n|move|p2a: Baxcalibur|Glaive Rush|p1a: Iron Hands\n|-damage|p1a: Iron Hands|0 fnt\n|-singlemove|p2a: Baxcalibur|Glaive Rush|[silent]\n|faint|p1a: Iron Hands\n|-end|p1a: Iron Hands|Quark Drive|[silent]\n|cant|p1b: Amoonguss|par\n|\n|-heal|p2b: Annihilape|92\/100|[from] item: Leftovers\n|upkeep\n|\n|t:|1682556684\n|switch|p1a: Chi-Yu|Chi-Yu, L50|91\/100\n|-ability|p1a: Chi-Yu|Beads of Ruin\n|turn|7\n|\n|t:|1682556696\n|move|p2b: Annihilape|Protect|p2b: Annihilape\n|-singleturn|p2b: Annihilape|Protect\n|move|p1b: Amoonguss|Rage Powder|p1b: Amoonguss\n|-singleturn|p1b: Amoonguss|move: Rage Powder\n|move|p1a: Chi-Yu|Heat Wave|p2a: Baxcalibur|[spread] p2a\n|-activate|p2b: Annihilape|move: Protect\n|-damage|p2a: Baxcalibur|8\/100\n|-ability|p2a: Baxcalibur|Thermal Exchange|boost\n|-boost|p2a: Baxcalibur|atk|1\n|-damage|p1a: Chi-Yu|81\/100|[from] item: Life Orb\n|move|p2a: Baxcalibur|Earthquake|p1b: Amoonguss|[spread] p1a,p1b\n|-activate|p2b: Annihilape|move: Protect\n|-supereffective|p1a: Chi-Yu\n|-crit|p1b: Amoonguss\n|-damage|p1a: Chi-Yu|0 fnt\n|-damage|p1b: Amoonguss|0 fnt\n|faint|p1a: Chi-Yu\n|faint|p1b: Amoonguss\n|\n|-heal|p2b: Annihilape|98\/100|[from] item: Leftovers\n|upkeep\n|\n|t:|1682556708\n|switch|p1b: Corviknight|Corviknight, L50, M|100\/100\n|turn|8\n|inactive|SM0KESgirl has 30 seconds left.\n|\n|t:|1682556739\n|move|p2b: Annihilape|Rage Fist|p1b: Corviknight\n|-crit|p1b: Corviknight\n|-damage|p1b: Corviknight|0 fnt\n|faint|p1b: Corviknight\n|\n|win|SM0KESgirl\n|raw|SpyncarVGC's rating: 1283 → 1257<\/strong> (-26 for losing)\n|raw|SM0KESgirl's rating: 1267 → 1293<\/strong> (+26 for winning)\n|l|\u2606SpyncarVGC\n","uploadtime":1682556746,"views":14,"p1id":"spyncarvgc","p2id":"sm0kesgirl","formatid":"gen9vgc2023regulationc","rating":1257,"private":0,"password":""}