{"id":"gen9vgc2023regulationc-1845840962","p1":"drbundy","p2":"uhoh I poopd","format":"[Gen 9] VGC 2023 Regulation C","log":"|j|\u2606drbundy\n|j|\u2606uhoh I poopd\n|t:|1681770156\n|gametype|doubles\n|player|p1|drbundy|linebacker|1211\n|player|p2|uhoh I poopd|colress|1252\n|teamsize|p1|6\n|teamsize|p2|6\n|gen|9\n|tier|[Gen 9] VGC 2023 Regulation C\n|rated|\n|rule|Species Clause: Limit one of each Pok\u00e9mon\n|rule|Item Clause: Limit one of each item\n|clearpoke\n|poke|p1|Ting-Lu, L50|\n|poke|p1|Flutter Mane, L50|\n|poke|p1|Gholdengo, L50|\n|poke|p1|Brute Bonnet, L50|\n|poke|p1|Palafin, L50, M|\n|poke|p1|Arcanine, L50, F|\n|poke|p2|Masquerain, L50, F|\n|poke|p2|Coalossal, L50, M|\n|poke|p2|Ting-Lu, L50|\n|poke|p2|Amoonguss, L50, M|\n|poke|p2|Arcanine, L50, M|\n|poke|p2|Palafin, L50, M|\n|teampreview|4\n|c|\u2606drbundy|prepare that arse bb\n|\n|t:|1681770189\n|start\n|switch|p1a: Palafin|Palafin, L50, M, shiny|100\/100\n|switch|p1b: Flutter Mane|Flutter Mane, L50|100\/100\n|switch|p2a: de Havilland|Masquerain, L50, F|100\/100\n|switch|p2b: Armavee|Coalossal, L50, M|100\/100\n|-ability|p2a: de Havilland|Intimidate|boost\n|-unboost|p1a: Palafin|atk|1\n|-unboost|p1b: Flutter Mane|atk|1\n|turn|1\n|\n|t:|1681770231\n|detailschange|p1a: Palafin|Palafin-Hero, L50, M, shiny\n|switch|p1a: Arcanine|Arcanine, L50, F|100\/100\n|-ability|p1a: Arcanine|Intimidate|boost\n|-unboost|p2a: de Havilland|atk|1\n|-unboost|p2b: Armavee|atk|1\n|-terastallize|p1b: Flutter Mane|Fairy\n|move|p2a: de Havilland|Aqua Jet|p2b: Armavee\n|-supereffective|p2b: Armavee\n|-damage|p2b: Armavee|90\/100\n|-ability|p2b: Armavee|Steam Engine|boost\n|-boost|p2b: Armavee|spe|6\n|-enditem|p2b: Armavee|Weakness Policy\n|-boost|p2b: Armavee|atk|2|[from] item: Weakness Policy\n|-boost|p2b: Armavee|spa|2|[from] item: Weakness Policy\n|move|p2b: Armavee|Power Gem|p1b: Flutter Mane\n|-damage|p1b: Flutter Mane|49\/100\n|move|p1b: Flutter Mane|Moonblast|p2a: de Havilland\n|-damage|p2a: de Havilland|0 fnt\n|faint|p2a: de Havilland\n|\n|upkeep\n|\n|t:|1681770235\n|switch|p2a: Israfel|Ting-Lu, L50|100\/100\n|-ability|p2a: Israfel|Vessel of Ruin\n|turn|2\n|\n|t:|1681770259\n|-end|p1b: Flutter Mane|Protosynthesis|[silent]\n|switch|p1b: Brute Bonnet|Brute Bonnet, L50, shiny|100\/100\n|-terastallize|p2b: Armavee|Grass\n|move|p2b: Armavee|Power Gem|p1a: Arcanine\n|-supereffective|p1a: Arcanine\n|-damage|p1a: Arcanine|12\/100\n|move|p1a: Arcanine|Howl|p1a: Arcanine|[spread] p1a,p1b\n|-boost|p1a: Arcanine|atk|1\n|-boost|p1b: Brute Bonnet|atk|1\n|move|p2a: Israfel|Heavy Slam|p1b: Brute Bonnet\n|-damage|p1b: Brute Bonnet|67\/100\n|\n|upkeep\n|turn|3\n|c|\u2606drbundy|!data steam engine\n|raw| Steam Engine<\/a><\/span> This Pokemon's Speed is raised by 6 stages after it is damaged by Fire\/Water moves.<\/span> <\/li> <\/li><\/ul>\n\n|\n|t:|1681770306\n|switch|p2a: Toad|Amoonguss, L50, M|100\/100\n|move|p2b: Armavee|Heat Wave|p1b: Brute Bonnet|[spread] p1a,p1b\n|-resisted|p1a: Arcanine\n|-supereffective|p1b: Brute Bonnet\n|-damage|p1a: Arcanine|0 fnt\n|-damage|p1b: Brute Bonnet|0 fnt\n|faint|p1a: Arcanine\n|faint|p1b: Brute Bonnet\n|-end|p1b: Brute Bonnet|Protosynthesis|[silent]\n|\n|upkeep\n|\n|t:|1681770313\n|switch|p1a: Palafin|Palafin-Hero, L50, M, shiny|100\/100\n|switch|p1b: Flutter Mane|Flutter Mane, L50, tera:Fairy|49\/100\n|-activate|p1a: Palafin|ability: Zero to Hero\n|turn|4\n|\n|t:|1681770323\n|move|p2b: Armavee|Tera Blast|p1a: Palafin\n|-supereffective|p1a: Palafin\n|-damage|p1a: Palafin|0 fnt\n|faint|p1a: Palafin\n|move|p1b: Flutter Mane|Shadow Ball|p2a: Toad\n|-damage|p2a: Toad|53\/100\n|-unboost|p2a: Toad|spd|1\n|move|p2a: Toad|Spore|p1b: Flutter Mane\n|-status|p1b: Flutter Mane|slp|[from] move: Spore\n|\n|upkeep\n|turn|5\n|-message|drbundy forfeited.\n|\n|win|uhoh I poopd\n|raw|drbundy's rating: 1211 → 1189<\/strong> (-22 for losing)\n|raw|uhoh I poopd's rating: 1252 → 1274<\/strong> (+22 for winning)\n|l|\u2606drbundy\n","uploadtime":1681770345,"views":55,"p1id":"drbundy","p2id":"uhohipoopd","formatid":"gen9vgc2023regulationc","rating":1189,"private":0,"password":""}