{"id":"gen9vgc2023regulationc-1854138448","p1":"Fonsi93","p2":"Chi-Yuh","format":"[Gen 9] VGC 2023 Regulation C","log":"|j|\u2606Fonsi93\n|j|\u2606Chi-Yuh\n|t:|1682775113\n|gametype|doubles\n|player|p1|Fonsi93|102|1092\n|player|p2|Chi-Yuh|169|1176\n|teamsize|p1|6\n|teamsize|p2|6\n|gen|9\n|tier|[Gen 9] VGC 2023 Regulation C\n|rated|\n|rule|Species Clause: Limit one of each Pok\u00e9mon\n|rule|Item Clause: Limit one of each item\n|clearpoke\n|poke|p1|Ting-Lu, L50|\n|poke|p1|Amoonguss, L50, F|\n|poke|p1|Wo-Chien, L50|\n|poke|p1|Iron Hands, L50|\n|poke|p1|Talonflame, L50, M|\n|poke|p1|Iron Treads, L50|\n|poke|p2|Scream Tail, L50|\n|poke|p2|Quaquaval, L50, F|\n|poke|p2|Arcanine, L50, M|\n|poke|p2|Amoonguss, L50, M|\n|poke|p2|Flutter Mane, L50|\n|poke|p2|Grimmsnarl, L50, M|\n|teampreview|4\n|inactive|Battle timer is ON: inactive players will automatically lose when time's up. (requested by Fonsi93)\n|\n|t:|1682775199\n|start\n|switch|p1a: Talonflame|Talonflame, L50, M|100\/100\n|switch|p1b: Iron Treads|Iron Treads, L50|100\/100\n|switch|p2a: Grimmsnarl|Grimmsnarl, L50, M|100\/100\n|switch|p2b: Flutter Mane|Flutter Mane, L50|100\/100\n|-enditem|p1b: Iron Treads|Booster Energy\n|-activate|p1b: Iron Treads|ability: Quark Drive|[fromitem]\n|-start|p1b: Iron Treads|quarkdrivespe\n|turn|1\n|\n|t:|1682775224\n|move|p2a: Grimmsnarl|Fake Out|p1b: Iron Treads\n|-resisted|p1b: Iron Treads\n|-damage|p1b: Iron Treads|96\/100\n|move|p1a: Talonflame|Tailwind|p1a: Talonflame\n|-sidestart|p1: Fonsi93|move: Tailwind\n|cant|p1b: Iron Treads|flinch\n|move|p2b: Flutter Mane|Thunderbolt|p1a: Talonflame\n|-supereffective|p1a: Talonflame\n|-damage|p1a: Talonflame|0 fnt\n|faint|p1a: Talonflame\n|\n|upkeep\n|\n|t:|1682775240\n|switch|p1a: Iron Hands|Iron Hands, L50|100\/100\n|turn|2\n|\n|t:|1682775254\n|-end|p2b: Flutter Mane|Protosynthesis|[silent]\n|switch|p2b: Arcanine|Arcanine, L50, M|100\/100\n|-ability|p2b: Arcanine|Intimidate|boost\n|-unboost|p1a: Iron Hands|atk|1\n|-unboost|p1b: Iron Treads|atk|1\n|move|p2a: Grimmsnarl|Reflect|p2a: Grimmsnarl\n|-sidestart|p2: Chi-Yuh|Reflect\n|move|p1b: Iron Treads|Iron Head|p2a: Grimmsnarl\n|-supereffective|p2a: Grimmsnarl\n|-damage|p2a: Grimmsnarl|66\/100\n|move|p1a: Iron Hands|Volt Switch|p2b: Arcanine\n|-damage|p2b: Arcanine|87\/100\n|\n|t:|1682775268\n|-end|p1a: Iron Hands|Quark Drive|[silent]\n|switch|p1a: Wo-Chien|Wo-Chien, L50|100\/100|[from] Volt Switch\n|-ability|p1a: Wo-Chien|Tablets of Ruin\n|\n|upkeep\n|turn|3\n|inactive|Chi-Yuh has 30 seconds left.\n|\n|t:|1682775297\n|switch|p2a: Quaquaval|Quaquaval, L50, F|100\/100\n|-terastallize|p1a: Wo-Chien|Flying\n|-terastallize|p2b: Arcanine|Water\n|move|p1b: Iron Treads|Earthquake|p2b: Arcanine|[spread] p2a,p2b\n|-immune|p1a: Wo-Chien\n|-damage|p2a: Quaquaval|84\/100\n|-damage|p2b: Arcanine|73\/100\n|move|p1a: Wo-Chien|Leech Seed|p2b: Arcanine\n|-start|p2b: Arcanine|move: Leech Seed\n|move|p2b: Arcanine|Howl|p2b: Arcanine|[spread] p2a,p2b\n|-boost|p2a: Quaquaval|atk|1\n|-boost|p2b: Arcanine|atk|1\n|\n|-damage|p2b: Arcanine|61\/100|[from] Leech Seed|[of] p1a: Wo-Chien\n|upkeep\n|turn|4\n|inactive|Fonsi93 has 30 seconds left.\n|inactive|Chi-Yuh has 30 seconds left.\n|\n|t:|1682775331\n|move|p1b: Iron Treads|Earthquake|p2b: Arcanine|[spread] p2a,p2b\n|-immune|p1a: Wo-Chien\n|-damage|p2a: Quaquaval|67\/100\n|-damage|p2b: Arcanine|47\/100\n|move|p1a: Wo-Chien|Giga Drain|p2b: Arcanine\n|-supereffective|p2b: Arcanine\n|-damage|p2b: Arcanine|0 fnt\n|faint|p2b: Arcanine\n|move|p2a: Quaquaval|Aqua Step|p1b: Iron Treads\n|-supereffective|p1b: Iron Treads\n|-damage|p1b: Iron Treads|1\/100\n|-boost|p2a: Quaquaval|spe|1\n|\n|-sideend|p1: Fonsi93|move: Tailwind\n|upkeep\n|\n|t:|1682775345\n|switch|p2b: Grimmsnarl|Grimmsnarl, L50, M|66\/100\n|turn|5\n|\n|t:|1682775361\n|move|p1b: Iron Treads|Protect|p1b: Iron Treads\n|-singleturn|p1b: Iron Treads|Protect\n|move|p2b: Grimmsnarl|Fake Out|p1a: Wo-Chien\n|-damage|p1a: Wo-Chien|94\/100\n|move|p2a: Quaquaval|Aqua Step|p1b: Iron Treads\n|-activate|p1b: Iron Treads|move: Protect\n|cant|p1a: Wo-Chien|flinch\n|\n|upkeep\n|turn|6\n|inactive|Fonsi93 has 30 seconds left.\n|\n|t:|1682775390\n|move|p2b: Grimmsnarl|Fake Tears|p1a: Wo-Chien\n|-unboost|p1a: Wo-Chien|spd|2\n|move|p1b: Iron Treads|Earthquake|p2b: Grimmsnarl|[spread] p2a,p2b\n|-immune|p1a: Wo-Chien\n|-damage|p2a: Quaquaval|52\/100\n|-damage|p2b: Grimmsnarl|53\/100\n|move|p2a: Quaquaval|Aqua Step|p1b: Iron Treads\n|-supereffective|p1b: Iron Treads\n|-damage|p1b: Iron Treads|0 fnt\n|-boost|p2a: Quaquaval|spe|1\n|faint|p1b: Iron Treads\n|-end|p1b: Iron Treads|Quark Drive|[silent]\n|-ability|p2a: Quaquaval|Moxie|boost\n|-boost|p2a: Quaquaval|atk|1\n|move|p1a: Wo-Chien|Giga Drain|p2a: Quaquaval\n|-supereffective|p2a: Quaquaval\n|-damage|p2a: Quaquaval|0 fnt\n|-heal|p1a: Wo-Chien|100\/100|[from] drain|[of] p2a: Quaquaval\n|faint|p2a: Quaquaval\n|\n|upkeep\n|\n|t:|1682775411\n|switch|p1b: Iron Hands|Iron Hands, L50|100\/100\n|switch|p2a: Flutter Mane|Flutter Mane, L50|100\/100\n|turn|7\n|\n|t:|1682775431\n|move|p1b: Iron Hands|Fake Out|p2b: Grimmsnarl\n|-damage|p2b: Grimmsnarl|46\/100\n|cant|p2b: Grimmsnarl|flinch\n|move|p2a: Flutter Mane|Dazzling Gleam|p1b: Iron Hands|[spread] p1a,p1b\n|-supereffective|p1b: Iron Hands\n|-damage|p1a: Wo-Chien|33\/100\n|-damage|p1b: Iron Hands|64\/100\n|move|p1a: Wo-Chien|Ruination|p2a: Flutter Mane\n|-damage|p2a: Flutter Mane|50\/100\n|\n|upkeep\n|turn|8\n|\n|t:|1682775450\n|move|p1a: Wo-Chien|Protect|p1a: Wo-Chien\n|-singleturn|p1a: Wo-Chien|Protect\n|move|p2b: Grimmsnarl|Fake Tears|p1b: Iron Hands\n|-unboost|p1b: Iron Hands|spd|2\n|move|p2a: Flutter Mane|Dazzling Gleam|p1a: Wo-Chien|[spread] p1b\n|-activate|p1a: Wo-Chien|move: Protect\n|-supereffective|p1b: Iron Hands\n|-damage|p1b: Iron Hands|0 fnt\n|faint|p1b: Iron Hands\n|-end|p1b: Iron Hands|Quark Drive|[silent]\n|\n|upkeep\n|turn|9\n|c|\u2606Chi-Yuh|gg\n|\n|t:|1682775464\n|move|p2b: Grimmsnarl|Fake Tears|p1a: Wo-Chien\n|-unboost|p1a: Wo-Chien|spd|2\n|move|p2a: Flutter Mane|Dazzling Gleam|p1a: Wo-Chien\n|-damage|p1a: Wo-Chien|0 fnt\n|faint|p1a: Wo-Chien\n|\n|win|Chi-Yuh\n|raw|Fonsi93's rating: 1092 → 1074<\/strong> (-18 for losing)\n|raw|Chi-Yuh's rating: 1176 → 1195<\/strong> (+19 for winning)\n|l|\u2606Fonsi93\n","uploadtime":1682775508,"views":21,"p1id":"fonsi93","p2id":"chiyuh","formatid":"gen9vgc2023regulationc","rating":1074,"private":0,"password":""}