{"id":"gen9vgc2023regulationc-1845541158","p1":"jdj95jdj95","p2":"DaniPolaski","format":"[Gen 9] VGC 2023 Regulation C","log":"|j|\u2606jdj95jdj95\n|j|\u2606DaniPolaski\n|t:|1681743414\n|gametype|doubles\n|player|p1|jdj95jdj95|1|1000\n|player|p2|DaniPolaski|hilda|1012\n|teamsize|p1|6\n|teamsize|p2|6\n|gen|9\n|tier|[Gen 9] VGC 2023 Regulation C\n|rated|\n|rule|Species Clause: Limit one of each Pok\u00e9mon\n|rule|Item Clause: Limit one of each item\n|clearpoke\n|poke|p1|Wo-Chien, L50|\n|poke|p1|Glimmora, L50, F|\n|poke|p1|Sableye, L50, M|\n|poke|p1|Flutter Mane, L50|\n|poke|p1|Iron Bundle, L50|\n|poke|p1|Arcanine, L50, M|\n|poke|p2|Murkrow, L50, M|\n|poke|p2|Rotom-Heat, L50|\n|poke|p2|Garchomp, L50, F|\n|poke|p2|Meowscarada, L50, M|\n|poke|p2|Dragapult, L50, F|\n|poke|p2|Skeledirge, L50, M|\n|teampreview|4\n|inactive|Battle timer is ON: inactive players will automatically lose when time's up. (requested by DaniPolaski)\n|\n|t:|1681743443\n|start\n|switch|p1a: Iron Bundle|Iron Bundle, L50|100\/100\n|switch|p1b: Arcanine|Arcanine, L50, M|100\/100\n|switch|p2a: Murkrow|Murkrow, L50, M|100\/100\n|switch|p2b: Garchomp|Garchomp, L50, F, shiny|100\/100\n|-ability|p1b: Arcanine|Intimidate|boost\n|-unboost|p2a: Murkrow|atk|1\n|-unboost|p2b: Garchomp|atk|1\n|-enditem|p1a: Iron Bundle|Booster Energy\n|-activate|p1a: Iron Bundle|ability: Quark Drive|[fromitem]\n|-start|p1a: Iron Bundle|quarkdrivespe\n|turn|1\n|\n|t:|1681743459\n|move|p1a: Iron Bundle|Protect|p1a: Iron Bundle\n|-singleturn|p1a: Iron Bundle|Protect\n|move|p2a: Murkrow|Tailwind|p2a: Murkrow\n|-sidestart|p2: DaniPolaski|move: Tailwind\n|move|p2b: Garchomp|Earthquake|p1b: Arcanine|[spread] p1b\n|-activate|p1a: Iron Bundle|move: Protect\n|-immune|p2a: Murkrow\n|-supereffective|p1b: Arcanine\n|-damage|p1b: Arcanine|48\/100\n|move|p1b: Arcanine|Will-O-Wisp|p2b: Garchomp\n|-status|p2b: Garchomp|brn\n|\n|-damage|p2b: Garchomp|94\/100 brn|[from] brn\n|upkeep\n|turn|2\n|inactive|DaniPolaski has 30 seconds left.\n|\n|t:|1681743493\n|switch|p2b: Rotom|Rotom-Heat, L50|100\/100\n|move|p1b: Arcanine|Protect|p1b: Arcanine\n|-singleturn|p1b: Arcanine|Protect\n|move|p2a: Murkrow|Icy Wind|p1b: Arcanine|[spread] p1a\n|-activate|p1b: Arcanine|move: Protect\n|-resisted|p1a: Iron Bundle\n|-crit|p1a: Iron Bundle\n|-damage|p1a: Iron Bundle|92\/100\n|-unboost|p1a: Iron Bundle|spe|1\n|move|p1a: Iron Bundle|Freeze-Dry|p2b: Rotom\n|-resisted|p2b: Rotom\n|-damage|p2b: Rotom|87\/100\n|\n|upkeep\n|turn|3\n|inactive|jdj95jdj95 has 30 seconds left.\n|inactive|DaniPolaski has 30 seconds left.\n|\n|t:|1681743527\n|move|p1a: Iron Bundle|Protect|p1a: Iron Bundle\n|-singleturn|p1a: Iron Bundle|Protect\n|move|p2a: Murkrow|Icy Wind|p1b: Arcanine|[spread] p1b\n|-activate|p1a: Iron Bundle|move: Protect\n|-resisted|p1b: Arcanine\n|-damage|p1b: Arcanine|43\/100\n|move|p2b: Rotom|Volt Switch|p1a: Iron Bundle\n|-activate|p1a: Iron Bundle|move: Protect\n|move|p1b: Arcanine|Flare Blitz|p2a: Murkrow\n|-damage|p2a: Murkrow|25\/100\n|-damage|p1b: Arcanine|26\/100|[from] Recoil\n|\n|upkeep\n|turn|4\n|\n|t:|1681743548\n|-end|p1a: Iron Bundle|Quark Drive|[silent]\n|switch|p1a: Wo-Chien|Wo-Chien, L50|100\/100\n|-ability|p1a: Wo-Chien|Tablets of Ruin\n|move|p2a: Murkrow|Foul Play|p1a: Wo-Chien\n|-resisted|p1a: Wo-Chien\n|-damage|p1a: Wo-Chien|93\/100\n|move|p2b: Rotom|Volt Switch|p1a: Wo-Chien\n|-resisted|p1a: Wo-Chien\n|-damage|p1a: Wo-Chien|84\/100\n|\n|t:|1681743560\n|switch|p2b: Garchomp|Garchomp, L50, F, shiny|94\/100 brn|[from] Volt Switch\n|move|p1b: Arcanine|Flare Blitz|p2a: Murkrow\n|-damage|p2a: Murkrow|0 fnt\n|faint|p2a: Murkrow\n|-damage|p1b: Arcanine|20\/100|[from] Recoil\n|\n|-heal|p1a: Wo-Chien|91\/100|[from] item: Leftovers\n|-damage|p2b: Garchomp|88\/100 brn|[from] brn\n|-sideend|p2: DaniPolaski|move: Tailwind\n|upkeep\n|\n|t:|1681743568\n|switch|p2a: Rotom|Rotom-Heat, L50|87\/100\n|turn|5\n|\n|t:|1681743579\n|-terastallize|p1a: Wo-Chien|Water\n|move|p1b: Arcanine|Protect|p1b: Arcanine\n|-singleturn|p1b: Arcanine|Protect\n|move|p2b: Garchomp|Earthquake|p1a: Wo-Chien|[spread] p1a\n|-activate|p1b: Arcanine|move: Protect\n|-immune|p2a: Rotom|[from] ability: Levitate\n|-damage|p1a: Wo-Chien|79\/100\n|move|p2a: Rotom|Overheat|p1a: Wo-Chien|[miss]\n|-miss|p2a: Rotom|p1a: Wo-Chien\n|move|p1a: Wo-Chien|Leech Seed|p2a: Rotom\n|-start|p2a: Rotom|move: Leech Seed\n|\n|-heal|p1a: Wo-Chien|85\/100|[from] item: Leftovers\n|-damage|p2a: Rotom|75\/100|[from] Leech Seed|[of] p1a: Wo-Chien\n|-heal|p1a: Wo-Chien|95\/100|[silent]\n|-damage|p2b: Garchomp|82\/100 brn|[from] brn\n|upkeep\n|turn|6\n|inactive|jdj95jdj95 has 30 seconds left.\n|\n|t:|1681743606\n|-terastallize|p2b: Garchomp|Ghost\n|move|p1b: Arcanine|Extreme Speed|p2a: Rotom\n|-damage|p2a: Rotom|57\/100\n|move|p2b: Garchomp|Earthquake|p1b: Arcanine|[spread] p1a,p1b\n|-immune|p2a: Rotom|[from] ability: Levitate\n|-supereffective|p1b: Arcanine\n|-damage|p1a: Wo-Chien|84\/100\n|-damage|p1b: Arcanine|0 fnt\n|faint|p1b: Arcanine\n|move|p2a: Rotom|Discharge|p1a: Wo-Chien|[spread] p2b,p1a\n|-supereffective|p1a: Wo-Chien\n|-damage|p2b: Garchomp|59\/100 brn\n|-damage|p1a: Wo-Chien|55\/100\n|move|p1a: Wo-Chien|Leech Seed|p2b: Garchomp\n|-start|p2b: Garchomp|move: Leech Seed\n|\n|-heal|p1a: Wo-Chien|61\/100|[from] item: Leftovers\n|-damage|p2b: Garchomp|47\/100 brn|[from] Leech Seed|[of] p1a: Wo-Chien\n|-heal|p1a: Wo-Chien|72\/100|[silent]\n|-damage|p2a: Rotom|44\/100|[from] Leech Seed|[of] p1a: Wo-Chien\n|-heal|p1a: Wo-Chien|82\/100|[silent]\n|-damage|p2b: Garchomp|41\/100 brn|[from] brn\n|upkeep\n|inactive|jdj95jdj95 has 30 seconds left.\n|\n|t:|1681743632\n|switch|p1b: Iron Bundle|Iron Bundle, L50|92\/100\n|turn|7\n|\n|t:|1681743641\n|switch|p2b: Dragapult|Dragapult, L50, F|100\/100\n|move|p1b: Iron Bundle|Protect|p1b: Iron Bundle\n|-singleturn|p1b: Iron Bundle|Protect\n|move|p2a: Rotom|Volt Switch|p1b: Iron Bundle\n|-activate|p1b: Iron Bundle|move: Protect\n|move|p1a: Wo-Chien|Giga Drain|p2b: Dragapult\n|-resisted|p2b: Dragapult\n|-crit|p2b: Dragapult\n|-damage|p2b: Dragapult|77\/100\n|-heal|p1a: Wo-Chien|93\/100|[from] drain|[of] p2b: Dragapult\n|\n|-heal|p1a: Wo-Chien|99\/100|[from] item: Leftovers\n|-damage|p2a: Rotom|32\/100|[from] Leech Seed|[of] p1a: Wo-Chien\n|-heal|p1a: Wo-Chien|100\/100|[silent]\n|upkeep\n|turn|8\n|inactive|jdj95jdj95 has 30 seconds left.\n|inactive|jdj95jdj95 has 20 seconds left.\n|inactive|jdj95jdj95 has 15 seconds left.\n|\n|t:|1681743685\n|move|p2b: Dragapult|Shadow Ball|p1a: Wo-Chien\n|-damage|p1a: Wo-Chien|67\/100\n|-unboost|p1a: Wo-Chien|spd|1\n|move|p1b: Iron Bundle|Hydro Pump|p2a: Rotom\n|-supereffective|p2a: Rotom\n|-damage|p2a: Rotom|0 fnt\n|faint|p2a: Rotom\n|move|p1a: Wo-Chien|Leech Seed|p2b: Dragapult\n|-start|p2b: Dragapult|move: Leech Seed\n|\n|-heal|p1a: Wo-Chien|73\/100|[from] item: Leftovers\n|-damage|p2b: Dragapult|64\/100|[from] Leech Seed|[of] p1a: Wo-Chien\n|-heal|p1a: Wo-Chien|84\/100|[silent]\n|upkeep\n|l|\u2606DaniPolaski\n|inactive|DaniPolaski disconnected and has a minute to reconnect!\n|player|p2|\n|inactive|DaniPolaski has 30 seconds left.\n|inactive|DaniPolaski has 20 seconds left.\n|inactive|DaniPolaski has 15 seconds left.\n|inactive|DaniPolaski has 10 seconds left.\n|inactive|DaniPolaski has 5 seconds left.\n|-message|DaniPolaski lost due to inactivity.\n|\n|win|jdj95jdj95\n|raw|jdj95jdj95's rating: 1000 → 1041<\/strong> (+41 for winning)\n|raw|DaniPolaski's rating: 1012 → 1000<\/strong> (-12 for losing)\n|l|jdj95jdj95\n|j| jdj95\n","uploadtime":1681743786,"views":13,"p1id":"jdj95jdj95","p2id":"danipolaski","formatid":"gen9vgc2023regulationc","rating":1000,"private":0,"password":""}