{"id":"gen9vgc2023regulationc-1844905521","p1":"Zero possibilita","p2":"DurantPropogand","format":"[Gen 9] VGC 2023 Regulation C","log":"|j|\u2606Zero possibilita\n|j|\u2606DurantPropogand\n|t:|1681662622\n|gametype|doubles\n|player|p1|Zero possibilita|265|1313\n|player|p2|DurantPropogand|blue|1266\n|teamsize|p1|6\n|teamsize|p2|6\n|gen|9\n|tier|[Gen 9] VGC 2023 Regulation C\n|rated|\n|rule|Species Clause: Limit one of each Pok\u00e9mon\n|rule|Item Clause: Limit one of each item\n|clearpoke\n|poke|p1|Flutter Mane, L50|\n|poke|p1|Chi-Yu, L50|\n|poke|p1|Chien-Pao, L50|\n|poke|p1|Dragapult, L50, F|\n|poke|p1|Talonflame, L50, M|\n|poke|p1|Great Tusk, L50|\n|poke|p2|Chien-Pao, L50|\n|poke|p2|Dragonite, L50, F|\n|poke|p2|Lilligant, L50, F|\n|poke|p2|Torkoal, L50, F|\n|poke|p2|Flutter Mane, L50|\n|poke|p2|Great Tusk, L50|\n|teampreview|4\n|inactive|Battle timer is ON: inactive players will automatically lose when time's up. (requested by Zero possibilita)\n|\n|t:|1681662658\n|start\n|switch|p1a: Talonflame|Talonflame, L50, M|100\/100\n|switch|p1b: Great Tusk|Great Tusk, L50|100\/100\n|switch|p2a: Dragonite|Dragonite, L50, F|100\/100\n|switch|p2b: Chien-Pao|Chien-Pao, L50|100\/100\n|-ability|p2b: Chien-Pao|Sword of Ruin\n|turn|1\n|inactive|Zero possibilita has 30 seconds left.\n|\n|t:|1681662688\n|-terastallize|p2a: Dragonite|Normal\n|move|p2a: Dragonite|Extreme Speed|p1a: Talonflame\n|-damage|p1a: Talonflame|33\/100\n|move|p2b: Chien-Pao|Ice Spinner|p1b: Great Tusk\n|-supereffective|p1b: Great Tusk\n|-damage|p1b: Great Tusk|22\/100\n|move|p1a: Talonflame|Tailwind|p1a: Talonflame\n|-sidestart|p1: Zero possibilita|move: Tailwind\n|move|p1b: Great Tusk|Close Combat|p2b: Chien-Pao\n|-supereffective|p2b: Chien-Pao\n|-enditem|p2b: Chien-Pao|Focus Sash\n|-damage|p2b: Chien-Pao|1\/100\n|-unboost|p1b: Great Tusk|def|1\n|-unboost|p1b: Great Tusk|spd|1\n|-damage|p1b: Great Tusk|12\/100|[from] item: Life Orb\n|\n|upkeep\n|turn|2\n|inactive|Zero possibilita has 30 seconds left.\n|inactive|Zero possibilita has 20 seconds left.\n|inactive|DurantPropogand has 30 seconds left.\n|\n|t:|1681662724\n|move|p1a: Talonflame|Quick Guard|p1a: Talonflame\n|-singleturn|p1a: Talonflame|Quick Guard\n|move|p2a: Dragonite|Extreme Speed|p1a: Talonflame\n|-activate|p1a: Talonflame|move: Quick Guard\n|move|p2b: Chien-Pao|Sucker Punch|p1b: Great Tusk\n|-activate|p1b: Great Tusk|move: Quick Guard\n|move|p1b: Great Tusk|Earthquake|p2a: Dragonite|[spread] p2a,p2b\n|-immune|p1a: Talonflame\n|-damage|p2a: Dragonite|62\/100\n|-damage|p2b: Chien-Pao|0 fnt\n|faint|p2b: Chien-Pao\n|-damage|p1b: Great Tusk|2\/100|[from] item: Life Orb\n|\n|upkeep\n|\n|t:|1681662736\n|switch|p2b: Great Tusk|Great Tusk, L50|100\/100\n|turn|3\n|inactive|DurantPropogand has 30 seconds left.\n|\n|t:|1681662767\n|move|p1a: Talonflame|Quick Guard|p1a: Talonflame\n|-singleturn|p1a: Talonflame|Quick Guard\n|move|p1b: Great Tusk|Close Combat|p2a: Dragonite\n|-supereffective|p2a: Dragonite\n|-damage|p2a: Dragonite|0 fnt\n|-unboost|p1b: Great Tusk|def|1\n|-unboost|p1b: Great Tusk|spd|1\n|faint|p2a: Dragonite\n|-damage|p1b: Great Tusk|0 fnt|[from] item: Life Orb\n|faint|p1b: Great Tusk\n|-end|p1b: Great Tusk|Protosynthesis|[silent]\n|move|p2b: Great Tusk|Ice Spinner|p1a: Talonflame\n|-damage|p1a: Talonflame|1\/100\n|\n|upkeep\n|\n|t:|1681662792\n|switch|p1b: Chi-Yu|Chi-Yu, L50|100\/100\n|switch|p2a: Flutter Mane|Flutter Mane, L50|100\/100\n|-ability|p1b: Chi-Yu|Beads of Ruin\n|turn|4\n|inactive|Zero possibilita has 30 seconds left.\n|inactive|Zero possibilita has 20 seconds left.\n|inactive|Zero possibilita has 15 seconds left.\n|\n|t:|1681662833\n|move|p1b: Chi-Yu|Heat Wave|p2a: Flutter Mane|[spread] p2a,p2b\n|-damage|p2a: Flutter Mane|42\/100\n|-damage|p2b: Great Tusk|15\/100\n|move|p1a: Talonflame|Brave Bird|p2b: Great Tusk\n|-supereffective|p2b: Great Tusk\n|-damage|p2b: Great Tusk|0 fnt\n|faint|p2b: Great Tusk\n|-end|p2b: Great Tusk|Protosynthesis|[silent]\n|-damage|p1a: Talonflame|0 fnt|[from] Recoil\n|faint|p1a: Talonflame\n|move|p2a: Flutter Mane|Dazzling Gleam|p1b: Chi-Yu\n|-damage|p1b: Chi-Yu|36\/100\n|\n|-sideend|p1: Zero possibilita|move: Tailwind\n|upkeep\n|\n|t:|1681662847\n|switch|p1a: Flutter Mane|Flutter Mane, L50|100\/100\n|turn|5\n|\n|t:|1681662858\n|-terastallize|p1a: Flutter Mane|Fairy\n|move|p1b: Chi-Yu|Heat Wave|p2a: Flutter Mane\n|-damage|p2a: Flutter Mane|0 fnt\n|faint|p2a: Flutter Mane\n|-end|p2a: Flutter Mane|Protosynthesis|[silent]\n|\n|win|Zero possibilita\n|raw|Zero possibilita's rating: 1313 → 1330<\/strong> (+17 for winning)\n|raw|DurantPropogand's rating: 1266 → 1244<\/strong> (-22 for losing)\n|l|\u2606DurantPropogand\n","uploadtime":1681662869,"views":13,"p1id":"zeropossibilita","p2id":"durantpropogand","formatid":"gen9vgc2023regulationc","rating":1244,"private":0,"password":""}