{"id":"gen9vgc2023regulationc-1859698781","p1":"littensalt","p2":"cookie346","format":"[Gen 9] VGC 2023 Regulation C","log":"|j|\u2606littensalt\n|j|\u2606cookie346\n|t:|1683557108\n|gametype|doubles\n|player|p1|littensalt|hugh|1071\n|player|p2|cookie346|brawly|1051\n|teamsize|p1|6\n|teamsize|p2|6\n|gen|9\n|tier|[Gen 9] VGC 2023 Regulation C\n|rated|\n|rule|Species Clause: Limit one of each Pok\u00e9mon\n|rule|Item Clause: Limit one of each item\n|clearpoke\n|poke|p1|Amoonguss, L50, M|\n|poke|p1|Palafin, L50, F|\n|poke|p1|Arcanine, L50, M|\n|poke|p1|Ting-Lu, L50|\n|poke|p1|Murkrow, L50, M|\n|poke|p1|Great Tusk, L50|\n|poke|p2|Gengar, L50, F|\n|poke|p2|Garchomp, L50, M|\n|poke|p2|Rotom-Wash, L50|\n|poke|p2|Grimmsnarl, L50, M|\n|poke|p2|Corviknight, L50, F|\n|poke|p2|Annihilape, L50, M|\n|teampreview|4\n|\n|t:|1683557140\n|start\n|switch|p1a: Murkrow|Murkrow, L50, M|100\/100\n|switch|p1b: Palafin|Palafin, L50, F|100\/100\n|switch|p2a: Grimmsnarl|Grimmsnarl, L50, M|100\/100\n|switch|p2b: Corviknight|Corviknight, L50, F|100\/100\n|turn|1\n|\n|t:|1683557164\n|move|p1a: Murkrow|Tailwind|p1a: Murkrow\n|-sidestart|p1: littensalt|move: Tailwind\n|move|p2a: Grimmsnarl|Light Screen|p2a: Grimmsnarl\n|-sidestart|p2: cookie346|move: Light Screen\n|move|p1b: Palafin|Flip Turn|p2a: Grimmsnarl\n|-damage|p2a: Grimmsnarl|71\/100\n|\n|t:|1683557171\n|detailschange|p1b: Palafin|Palafin-Hero, L50, F\n|switch|p1b: Arcanine|Arcanine, L50, M|100\/100|[from] Flip Turn\n|-ability|p1b: Arcanine|Intimidate|boost\n|-unboost|p2a: Grimmsnarl|atk|1\n|-ability|p2b: Corviknight|Mirror Armor\n|-unboost|p1b: Arcanine|atk|1\n|move|p2b: Corviknight|Tailwind|p2b: Corviknight\n|-sidestart|p2: cookie346|move: Tailwind\n|\n|upkeep\n|turn|2\n|\n|t:|1683557198\n|switch|p2b: Gengar|Gengar, L50, F|100\/100\n|move|p1a: Murkrow|Haze|p1a: Murkrow\n|-clearallboost\n|move|p2a: Grimmsnarl|Reflect|p2a: Grimmsnarl\n|-sidestart|p2: cookie346|Reflect\n|move|p1b: Arcanine|Flare Blitz|p2b: Gengar\n|-damage|p2b: Gengar|30\/100\n|-start|p1b: Arcanine|Disable|Flare Blitz|[from] ability: Cursed Body|[of] p2b: Gengar\n|-damage|p1b: Arcanine|82\/100|[from] Recoil\n|\n|upkeep\n|turn|3\n|\n|t:|1683557214\n|switch|p2b: Corviknight|Corviknight, L50, F|100\/100\n|move|p1b: Arcanine|Snarl|p2a: Grimmsnarl|[spread] p2a,p2b\n|-resisted|p2a: Grimmsnarl\n|-crit|p2a: Grimmsnarl\n|-damage|p2a: Grimmsnarl|68\/100\n|-damage|p2b: Corviknight|94\/100\n|-unboost|p2a: Grimmsnarl|spa|1\n|-ability|p2b: Corviknight|Mirror Armor\n|-unboost|p1b: Arcanine|spa|1\n|move|p1a: Murkrow|Icy Wind|p2b: Corviknight|[spread] p2a,p2b\n|-damage|p2a: Grimmsnarl|64\/100\n|-damage|p2b: Corviknight|88\/100\n|-unboost|p2a: Grimmsnarl|spe|1\n|-ability|p2b: Corviknight|Mirror Armor\n|-unboost|p1a: Murkrow|spe|1\n|move|p2a: Grimmsnarl|Spirit Break|p1a: Murkrow\n|-supereffective|p1a: Murkrow\n|-damage|p1a: Murkrow|14\/100\n|-unboost|p1a: Murkrow|spa|1\n|\n|upkeep\n|turn|4\n|\n|t:|1683557243\n|move|p1a: Murkrow|Haze|p1a: Murkrow\n|-clearallboost\n|move|p1b: Arcanine|Will-O-Wisp|p2b: Corviknight\n|-status|p2b: Corviknight|brn\n|move|p2b: Corviknight|Brave Bird|p1b: Arcanine\n|-damage|p1b: Arcanine|44\/100\n|-damage|p2b: Corviknight|78\/100 brn|[from] Recoil\n|move|p2a: Grimmsnarl|Spirit Break|p1b: Arcanine\n|-resisted|p1b: Arcanine\n|-damage|p1b: Arcanine|20\/100\n|-unboost|p1b: Arcanine|spa|1\n|\n|-damage|p2b: Corviknight|72\/100 brn|[from] brn\n|-sideend|p1: littensalt|move: Tailwind\n|-sideend|p2: cookie346|move: Tailwind\n|upkeep\n|turn|5\n|\n|t:|1683557282\n|move|p1a: Murkrow|Tailwind|p1a: Murkrow\n|-sidestart|p1: littensalt|move: Tailwind\n|move|p1b: Arcanine|Will-O-Wisp|p2a: Grimmsnarl\n|-status|p2a: Grimmsnarl|brn\n|move|p2b: Corviknight|Iron Head|p1a: Murkrow\n|-damage|p1a: Murkrow|0 fnt\n|faint|p1a: Murkrow\n|move|p2a: Grimmsnarl|Spirit Break|p1b: Arcanine\n|-resisted|p1b: Arcanine\n|-damage|p1b: Arcanine|10\/100\n|-unboost|p1b: Arcanine|spa|1\n|\n|-damage|p2b: Corviknight|66\/100 brn|[from] brn\n|-damage|p2a: Grimmsnarl|58\/100 brn|[from] brn\n|-end|p1b: Arcanine|Disable\n|upkeep\n|\n|t:|1683557294\n|switch|p1a: Palafin|Palafin-Hero, L50, F|100\/100\n|-activate|p1a: Palafin|ability: Zero to Hero\n|turn|6\n|\n|t:|1683557315\n|switch|p2b: Gengar|Gengar, L50, F|30\/100\n|-terastallize|p1a: Palafin|Water\n|move|p2a: Grimmsnarl|Thunder Wave|p1a: Palafin\n|-status|p1a: Palafin|par\n|move|p1b: Arcanine|Flare Blitz|p2b: Gengar\n|-damage|p2b: Gengar|0 fnt\n|-start|p1b: Arcanine|Disable|Flare Blitz|[from] ability: Cursed Body|[of] p2b: Gengar\n|faint|p2b: Gengar\n|-damage|p1b: Arcanine|2\/100|[from] Recoil\n|cant|p1a: Palafin|par\n|\n|-damage|p2a: Grimmsnarl|52\/100 brn|[from] brn\n|upkeep\n|\n|t:|1683557330\n|switch|p2b: Annihilape|Annihilape, L50, M|100\/100\n|turn|7\n|\n|t:|1683557346\n|move|p1b: Arcanine|Will-O-Wisp|p2b: Annihilape|[miss]\n|-miss|p1b: Arcanine|p2b: Annihilape\n|cant|p1a: Palafin|par\n|move|p2b: Annihilape|Rage Fist|p1a: Palafin\n|-damage|p1a: Palafin|72\/100 par\n|move|p2a: Grimmsnarl|Spirit Break|p1b: Arcanine\n|-resisted|p1b: Arcanine\n|-damage|p1b: Arcanine|0 fnt\n|faint|p1b: Arcanine\n|\n|-damage|p2a: Grimmsnarl|46\/100 brn|[from] brn\n|upkeep\n|\n|t:|1683557350\n|switch|p1b: Great Tusk|Great Tusk, L50|100\/100\n|turn|8\n|\n|t:|1683557389\n|move|p1b: Great Tusk|Headlong Rush|p2b: Annihilape\n|-damage|p2b: Annihilape|50\/100\n|-unboost|p1b: Great Tusk|def|1\n|-unboost|p1b: Great Tusk|spd|1\n|-damage|p1b: Great Tusk|90\/100|[from] item: Life Orb\n|move|p1a: Palafin|Wave Crash|p2a: Grimmsnarl\n|-damage|p2a: Grimmsnarl|0 fnt\n|faint|p2a: Grimmsnarl\n|-damage|p1a: Palafin|55\/100 par|[from] Recoil\n|move|p2b: Annihilape|Rage Fist|p1a: Palafin\n|-damage|p1a: Palafin|0 fnt\n|faint|p1a: Palafin\n|\n|-sideend|p2: cookie346|move: Light Screen\n|-sideend|p1: littensalt|move: Tailwind\n|upkeep\n|\n|t:|1683557403\n|switch|p2a: Corviknight|Corviknight, L50, F|66\/100 brn\n|turn|9\n|\n|t:|1683557416\n|move|p1b: Great Tusk|Headlong Rush|p2b: Annihilape\n|-damage|p2b: Annihilape|0 fnt\n|-unboost|p1b: Great Tusk|def|1\n|-unboost|p1b: Great Tusk|spd|1\n|faint|p2b: Annihilape\n|-damage|p1b: Great Tusk|80\/100|[from] item: Life Orb\n|move|p2a: Corviknight|Tailwind|p2a: Corviknight\n|-sidestart|p2: cookie346|move: Tailwind\n|\n|-damage|p2a: Corviknight|60\/100 brn|[from] brn\n|-sideend|p2: cookie346|Reflect\n|upkeep\n|turn|10\n|\n|t:|1683557433\n|move|p1b: Great Tusk|Protect|p1b: Great Tusk\n|-singleturn|p1b: Great Tusk|Protect\n|move|p2a: Corviknight|Brave Bird|p1b: Great Tusk\n|-activate|p1b: Great Tusk|move: Protect\n|\n|-damage|p2a: Corviknight|55\/100 brn|[from] brn\n|upkeep\n|turn|11\n|\n|t:|1683557474\n|move|p2a: Corviknight|Brave Bird|p1b: Great Tusk\n|-supereffective|p1b: Great Tusk\n|-damage|p1b: Great Tusk|0 fnt\n|faint|p1b: Great Tusk\n|-end|p1b: Great Tusk|Protosynthesis|[silent]\n|-damage|p2a: Corviknight|30\/100 brn|[from] Recoil\n|\n|win|cookie346\n|raw|littensalt's rating: 1071 → 1049<\/strong> (-22 for losing)\n|raw|cookie346's rating: 1051 → 1085<\/strong> (+34 for winning)\n|c|\u2606cookie346|gg\n|l|\u2606littensalt\n|l|\u2606cookie346\n|j|\u2606littensalt\n|player|p1|littensalt|hugh\n|c|\u2606littensalt|gg\n","uploadtime":1683557504,"views":7,"p1id":"littensalt","p2id":"cookie346","formatid":"gen9vgc2023regulationc","rating":1049,"private":0,"password":""}