{"id":"gen9vgc2023regulationc-1863859983","p1":"Clementine23","p2":"Yeetawheat","format":"[Gen 9] VGC 2023 Regulation C","log":"|j|\u2606Clementine23\n|j|\u2606Yeetawheat\n|t:|1684086423\n|gametype|doubles\n|player|p1|Clementine23|richboy|\n|player|p2|Yeetawheat|2|\n|teamsize|p1|6\n|teamsize|p2|6\n|gen|9\n|tier|[Gen 9] VGC 2023 Regulation C\n|rule|Species Clause: Limit one of each Pok\u00e9mon\n|rule|Item Clause: Limit one of each item\n|clearpoke\n|poke|p1|Iron Hands, L50|\n|poke|p1|Chien-Pao, L50|\n|poke|p1|Palafin, L50, F|\n|poke|p1|Talonflame, L50, F|\n|poke|p1|Great Tusk, L50|\n|poke|p1|Gholdengo, L50|\n|poke|p2|Scizor, L50, F|\n|poke|p2|Tauros-Paldea-Aqua, L50, M|\n|poke|p2|Rotom-Heat, L50|\n|poke|p2|Flutter Mane, L50|\n|poke|p2|Ting-Lu, L50|\n|poke|p2|Amoonguss, L50, M|\n|teampreview|4\n|c|\u2606Yeetawheat|g1\n|c|\u2606Yeetawheat|glhf\nYeetawheat has agreed to open team sheets.\nClementine23 has agreed to open team sheets.\n|j| SirSmokeVGC\n|\n|t:|1684086527\n|start\n|switch|p1a: Palafin|Palafin, L50, F|100\/100\n|switch|p1b: Great Tusk|Great Tusk, L50|100\/100\n|switch|p2a: Tauros|Tauros-Paldea-Aqua, L50, M|100\/100\n|switch|p2b: Flutter Mane|Flutter Mane, L50|100\/100\n|-ability|p2a: Tauros|Intimidate|boost\n|-unboost|p1a: Palafin|atk|1\n|-unboost|p1b: Great Tusk|atk|1\n|-enditem|p2b: Flutter Mane|Booster Energy\n|-activate|p2b: Flutter Mane|ability: Protosynthesis|[fromitem]\n|-start|p2b: Flutter Mane|protosynthesisspe\n|turn|1\n|\n|t:|1684086556\n|-terastallize|p2b: Flutter Mane|Fairy\n|move|p1b: Great Tusk|Protect|p1b: Great Tusk\n|-singleturn|p1b: Great Tusk|Protect\n|move|p2b: Flutter Mane|Moonblast|p1a: Palafin\n|-crit|p1a: Palafin\n|-damage|p1a: Palafin|0 fnt\n|faint|p1a: Palafin\n|move|p2a: Tauros|Trailblaze|p1b: Great Tusk\n|-activate|p1b: Great Tusk|move: Protect\n|\n|upkeep\n|\n|t:|1684086576\n|switch|p1a: Iron Hands|Iron Hands, L50|100\/100\n|turn|2\n|\n|t:|1684086594\n|switch|p2a: Rotom|Rotom-Heat, L50|100\/100\n|move|p2b: Flutter Mane|Protect|p2b: Flutter Mane\n|-singleturn|p2b: Flutter Mane|Protect\n|move|p1a: Iron Hands|Fake Out|p2a: Rotom\n|-damage|p2a: Rotom|83\/100\n|move|p1b: Great Tusk|Headlong Rush|p2a: Rotom\n|-immune|p2a: Rotom|[from] ability: Levitate\n|\n|upkeep\n|turn|3\n|\n|t:|1684086617\n|switch|p2a: Tauros|Tauros-Paldea-Aqua, L50, M|100\/100\n|-ability|p2a: Tauros|Intimidate|boost\n|-unboost|p1a: Iron Hands|atk|1\n|-unboost|p1b: Great Tusk|atk|1\n|-terastallize|p1a: Iron Hands|Grass\n|move|p1b: Great Tusk|Protect|p1b: Great Tusk\n|-singleturn|p1b: Great Tusk|Protect\n|move|p2b: Flutter Mane|Moonblast|p1b: Great Tusk\n|-activate|p1b: Great Tusk|move: Protect\n|move|p1a: Iron Hands|Thunder Punch|p2b: Flutter Mane\n|-damage|p2b: Flutter Mane|42\/100\n|-status|p2b: Flutter Mane|par\n|\n|upkeep\n|turn|4\n|\n|t:|1684086664\n|move|p1b: Great Tusk|Protect||[still]\n|-fail|p1b: Great Tusk\n|move|p2b: Flutter Mane|Icy Wind|p1b: Great Tusk|[spread] p1a,p1b\n|-supereffective|p1a: Iron Hands\n|-supereffective|p1b: Great Tusk\n|-damage|p1a: Iron Hands|85\/100\n|-damage|p1b: Great Tusk|58\/100\n|-unboost|p1a: Iron Hands|spe|1\n|-unboost|p1b: Great Tusk|spe|1\n|move|p2a: Tauros|Trailblaze|p1b: Great Tusk\n|-supereffective|p1b: Great Tusk\n|-damage|p1b: Great Tusk|32\/100\n|-boost|p2a: Tauros|spe|1\n|move|p1a: Iron Hands|Thunder Punch|p2b: Flutter Mane\n|-damage|p2b: Flutter Mane|0 fnt\n|faint|p2b: Flutter Mane\n|-end|p2b: Flutter Mane|Protosynthesis|[silent]\n|\n|upkeep\n|\n|t:|1684086678\n|switch|p2b: Rotom|Rotom-Heat, L50|83\/100\n|turn|5\n|\n|t:|1684086689\n|move|p2a: Tauros|Wave Crash|p1b: Great Tusk\n|-supereffective|p1b: Great Tusk\n|-damage|p1b: Great Tusk|0 fnt\n|faint|p1b: Great Tusk\n|-end|p1b: Great Tusk|Protosynthesis|[silent]\n|-damage|p2a: Tauros|89\/100|[from] Recoil\n|move|p2b: Rotom|Overheat|p1a: Iron Hands\n|-supereffective|p1a: Iron Hands\n|-damage|p1a: Iron Hands|20\/100\n|-unboost|p2b: Rotom|spa|2\n|move|p1a: Iron Hands|Thunder Punch|p2a: Tauros\n|-supereffective|p2a: Tauros\n|-damage|p2a: Tauros|26\/100\n|\n|upkeep\n|\n|t:|1684086700\n|switch|p1b: Chien-Pao|Chien-Pao, L50|100\/100\n|-ability|p1b: Chien-Pao|Sword of Ruin\n|turn|6\n|\n|t:|1684086722\n|move|p1b: Chien-Pao|Protect|p1b: Chien-Pao\n|-singleturn|p1b: Chien-Pao|Protect\n|move|p2a: Tauros|Aqua Jet|p1b: Chien-Pao\n|-activate|p1b: Chien-Pao|move: Protect\n|move|p2b: Rotom|Overheat|p1a: Iron Hands\n|-supereffective|p1a: Iron Hands\n|-damage|p1a: Iron Hands|0 fnt\n|-unboost|p2b: Rotom|spa|2\n|faint|p1a: Iron Hands\n|-end|p1a: Iron Hands|Quark Drive|[silent]\n|\n|upkeep\n|turn|7\n|\n|t:|1684086743\n|switch|p2a: Ting-Lu|Ting-Lu, L50|100\/100\n|-ability|p2a: Ting-Lu|Vessel of Ruin\n|move|p1b: Chien-Pao|Sacred Sword|p2a: Ting-Lu\n|-supereffective|p2a: Ting-Lu\n|-damage|p2a: Ting-Lu|58\/100\n|move|p2b: Rotom|Volt Switch|p1b: Chien-Pao\n|-damage|p1b: Chien-Pao|87\/100\n|\n|t:|1684086753\n|switch|p2b: Tauros|Tauros-Paldea-Aqua, L50, M|26\/100|[from] Volt Switch\n|-ability|p2b: Tauros|Intimidate|boost\n|-fail|p1b: Chien-Pao|unboost|[from] item: Clear Amulet|[of] p1b: Chien-Pao\n|\n|-heal|p2a: Ting-Lu|64\/100|[from] item: Leftovers\n|upkeep\n|turn|8\n|\n|t:|1684086763\n|move|p1b: Chien-Pao|Sacred Sword|p2b: Tauros\n|-damage|p2b: Tauros|0 fnt\n|faint|p2b: Tauros\n|move|p2a: Ting-Lu|Heavy Slam|p1b: Chien-Pao\n|-supereffective|p1b: Chien-Pao\n|-damage|p1b: Chien-Pao|14\/100\n|\n|-heal|p2a: Ting-Lu|70\/100|[from] item: Leftovers\n|upkeep\n|\n|t:|1684086767\n|switch|p2b: Rotom|Rotom-Heat, L50|83\/100\n|turn|9\n|\n|t:|1684086773\n|move|p1b: Chien-Pao|Ice Spinner|p2a: Ting-Lu\n|-supereffective|p2a: Ting-Lu\n|-damage|p2a: Ting-Lu|9\/100\n|move|p2b: Rotom|Thunderbolt|p1b: Chien-Pao\n|-damage|p1b: Chien-Pao|0 fnt\n|faint|p1b: Chien-Pao\n|\n|win|Yeetawheat\n|c|\u2606Yeetawheat|gg g1!\n|l| SirSmokeVGC\n|l|\u2606Clementine23\n","uploadtime":1684087362,"views":10,"p1id":"clementine23","p2id":"yeetawheat","formatid":"gen9vgc2023regulationc","rating":0,"private":0,"password":""}