{"id":"gen9vgc2023regulationc-1855079444","p1":"RitmanTesting1","p2":"Orcat","format":"[Gen 9] VGC 2023 Regulation C","log":"|j|\u2606RitmanTesting1\n|j|\u203dOrcat\n|t:|1682898771\n|gametype|doubles\n|player|p1|RitmanTesting1|byron|1517\n|player|p2|Orcat|2|1488\n|teamsize|p1|6\n|teamsize|p2|6\n|gen|9\n|tier|[Gen 9] VGC 2023 Regulation C\n|rated|\n|rule|Species Clause: Limit one of each Pok\u00e9mon\n|rule|Item Clause: Limit one of each item\n|clearpoke\n|poke|p1|Arcanine, L50, F|\n|poke|p1|Flutter Mane, L50|\n|poke|p1|Rotom-Wash, L50|\n|poke|p1|Wo-Chien, L50|\n|poke|p1|Glimmora, L50, M|\n|poke|p1|Baxcalibur, L50, F|\n|poke|p2|Dondozo, L50, F|\n|poke|p2|Tatsugiri, L50, F|\n|poke|p2|Pelipper, L50, M|\n|poke|p2|Drednaw, L50, M|\n|poke|p2|Chien-Pao, L50|\n|poke|p2|Dragonite, L50, M|\n|teampreview|4\nRitmanTesting1 has agreed to open team sheets.\n|inactive|Battle timer is ON: inactive players will automatically lose when time's up. (requested by RitmanTesting1)\n|\n|t:|1682898802\n|start\n|switch|p1a: Wo-Chien|Wo-Chien, L50|100\/100\n|switch|p1b: Glimmora|Glimmora, L50, M|100\/100\n|switch|p2a: Pelipper|Pelipper, L50, M|100\/100\n|switch|p2b: Drednaw|Drednaw, L50, M|100\/100\n|-weather|RainDance|[from] ability: Drizzle|[of] p2a: Pelipper\n|-ability|p1a: Wo-Chien|Tablets of Ruin\n|turn|1\n|inactive|RitmanTesting1 has 30 seconds left.\n|\n|t:|1682898829\n|-terastallize|p2b: Drednaw|Grass\n|-terastallize|p1b: Glimmora|Grass\n|move|p1a: Wo-Chien|Protect|p1a: Wo-Chien\n|-singleturn|p1a: Wo-Chien|Protect\n|move|p2b: Drednaw|Rock Slide|p1a: Wo-Chien|[spread] p1b\n|-activate|p1a: Wo-Chien|move: Protect\n|-damage|p1b: Glimmora|70\/100\n|-activate|p1b: Glimmora|ability: Toxic Debris\n|-sidestart|p2: Orcat|move: Toxic Spikes\n|move|p2a: Pelipper|Hurricane|p1a: Wo-Chien\n|-activate|p1a: Wo-Chien|move: Protect\n|move|p1b: Glimmora|Power Gem|p2a: Pelipper\n|-supereffective|p2a: Pelipper\n|-crit|p2a: Pelipper\n|-enditem|p2a: Pelipper|Focus Sash\n|-damage|p2a: Pelipper|1\/100\n|\n|-weather|RainDance|[upkeep]\n|upkeep\n|turn|2\n|\n|t:|1682898852\n|switch|p1b: Rotom|Rotom-Wash, L50|100\/100\n|move|p2a: Pelipper|Protect|p2a: Pelipper\n|-singleturn|p2a: Pelipper|Protect\n|move|p2b: Drednaw|Rock Slide|p1b: Rotom|[spread] p1a,p1b\n|-damage|p1a: Wo-Chien|77\/100\n|-damage|p1b: Rotom|68\/100\n|move|p1a: Wo-Chien|Snarl|p2a: Pelipper|[spread] p2b\n|-activate|p2a: Pelipper|move: Protect\n|-damage|p2b: Drednaw|82\/100\n|-unboost|p2b: Drednaw|spa|1\n|\n|-weather|RainDance|[upkeep]\n|-heal|p1a: Wo-Chien|83\/100|[from] item: Leftovers\n|upkeep\n|turn|3\n|\n|t:|1682898870\n|move|p2b: Drednaw|Rock Slide|p1b: Rotom|[spread] p1a,p1b\n|-damage|p1a: Wo-Chien|61\/100\n|-damage|p1b: Rotom|36\/100\n|-enditem|p1b: Rotom|Sitrus Berry|[eat]\n|-heal|p1b: Rotom|61\/100|[from] item: Sitrus Berry\n|move|p2a: Pelipper|Hurricane|p1a: Wo-Chien\n|-supereffective|p1a: Wo-Chien\n|-damage|p1a: Wo-Chien|0 fnt\n|faint|p1a: Wo-Chien\n|move|p1b: Rotom|Thunderbolt|p2a: Pelipper\n|-supereffective|p2a: Pelipper\n|-damage|p2a: Pelipper|0 fnt\n|faint|p2a: Pelipper\n|\n|-weather|RainDance|[upkeep]\n|upkeep\n|\n|t:|1682898884\n|switch|p2a: Dragonite|Dragonite, L50, M|100\/100\n|switch|p1a: Glimmora|Glimmora, L50, M, tera:Grass|70\/100\n|turn|4\n|\n|t:|1682898902\n|move|p2b: Drednaw|Rock Slide|p1a: Glimmora|[spread] p1a,p1b\n|-damage|p1a: Glimmora|30\/100\n|-damage|p1b: Rotom|17\/100\n|-activate|p1a: Glimmora|ability: Toxic Debris\n|-sidestart|p2: Orcat|move: Toxic Spikes\n|move|p2a: Dragonite|Aerial Ace|p1a: Glimmora\n|-supereffective|p1a: Glimmora\n|-damage|p1a: Glimmora|0 fnt\n|faint|p1a: Glimmora\n|move|p1b: Rotom|Hydro Pump|p2a: Dragonite|[miss]\n|-miss|p1b: Rotom|p2a: Dragonite\n|\n|-weather|RainDance|[upkeep]\n|upkeep\n|\n|t:|1682898912\n|switch|p1a: Flutter Mane|Flutter Mane, L50|100\/100\n|-enditem|p1a: Flutter Mane|Booster Energy\n|-activate|p1a: Flutter Mane|ability: Protosynthesis|[fromitem]\n|-start|p1a: Flutter Mane|protosynthesisspa\n|turn|5\n|\n|t:|1682898924\n|move|p1b: Rotom|Protect|p1b: Rotom\n|-singleturn|p1b: Rotom|Protect\n|move|p2b: Drednaw|Rock Slide|p1b: Rotom|[spread] p1a\n|-activate|p1b: Rotom|move: Protect\n|-damage|p1a: Flutter Mane|48\/100\n|move|p1a: Flutter Mane|Dazzling Gleam|p2b: Drednaw|[spread] p2a,p2b\n|-supereffective|p2a: Dragonite\n|-damage|p2a: Dragonite|65\/100\n|-damage|p2b: Drednaw|39\/100\n|move|p2a: Dragonite|Aerial Ace|p1a: Flutter Mane\n|-damage|p1a: Flutter Mane|5\/100\n|\n|-weather|none\n|upkeep\n|turn|6\n|\n|t:|1682898948\n|move|p2a: Dragonite|Extreme Speed|p1b: Rotom\n|-damage|p1b: Rotom|0 fnt\n|faint|p1b: Rotom\n|move|p1a: Flutter Mane|Dazzling Gleam|p2a: Dragonite|[spread] p2a,p2b\n|-supereffective|p2a: Dragonite\n|-damage|p2a: Dragonite|0 fnt\n|-damage|p2b: Drednaw|0 fnt\n|faint|p2a: Dragonite\n|faint|p2b: Drednaw\n|\n|upkeep\n|\n|t:|1682898960\n|switch|p2b: Chien-Pao|Chien-Pao, L50|100\/100\n|-status|p2b: Chien-Pao|tox\n|-ability|p2b: Chien-Pao|Sword of Ruin\n|turn|7\n|\n|t:|1682898967\n|move|p1a: Flutter Mane|Protect|p1a: Flutter Mane\n|-singleturn|p1a: Flutter Mane|Protect\n|move|p2b: Chien-Pao|Sucker Punch||[still]\n|-fail|p2b: Chien-Pao\n|\n|-damage|p2b: Chien-Pao|95\/100 tox|[from] psn\n|upkeep\n|turn|8\n|j| SeydouVGC\n|\n|t:|1682898974\n|move|p1a: Flutter Mane|Protect|p1a: Flutter Mane\n|-singleturn|p1a: Flutter Mane|Protect\n|move|p2b: Chien-Pao|Sucker Punch||[still]\n|-fail|p2b: Chien-Pao\n|\n|-damage|p2b: Chien-Pao|83\/100 tox|[from] psn\n|upkeep\n|turn|9\n|\n|t:|1682898984\n|move|p1a: Flutter Mane|Protect||[still]\n|-fail|p1a: Flutter Mane\n|move|p2b: Chien-Pao|Sucker Punch||[still]\n|-fail|p2b: Chien-Pao\n|\n|-damage|p2b: Chien-Pao|66\/100 tox|[from] psn\n|upkeep\n|turn|10\n|\n|t:|1682898994\n|move|p2b: Chien-Pao|Sucker Punch|p1a: Flutter Mane\n|-damage|p1a: Flutter Mane|0 fnt\n|faint|p1a: Flutter Mane\n|-end|p1a: Flutter Mane|Protosynthesis|[silent]\n|\n|win|Orcat\n|raw|RitmanTesting1's rating: 1517 → 1495<\/strong> (-22 for losing)\n|raw|Orcat's rating: 1488 → 1510<\/strong> (+22 for winning)\n","uploadtime":1682899000,"views":4,"p1id":"ritmantesting1","p2id":"orcat","formatid":"gen9vgc2023regulationc","rating":1495,"private":0,"password":""}