{"id":"gen9vgc2023regulationc-1859068553","p1":"KevinATL","p2":"Litopardo","format":"[Gen 9] VGC 2023 Regulation C","log":"|j|\u2606KevinATL\n|j|\u2606Litopardo\n|t:|1683400703\n|gametype|doubles\n|player|p1|KevinATL|2|\n|player|p2|Litopardo|2|\n|teamsize|p1|6\n|teamsize|p2|6\n|gen|9\n|tier|[Gen 9] VGC 2023 Regulation C\n|rule|Species Clause: Limit one of each Pok\u00e9mon\n|rule|Item Clause: Limit one of each item\n|clearpoke\n|poke|p1|Palafin, L50, M|\n|poke|p1|Scream Tail, L50|\n|poke|p1|Flutter Mane, L50|\n|poke|p1|Amoonguss, L50, F|\n|poke|p1|Arcanine, L50, F|\n|poke|p1|Gothitelle, L50, F|\n|poke|p2|Chi-Yu, L50|\n|poke|p2|Flutter Mane, L50|\n|poke|p2|Torkoal, L50, M|\n|poke|p2|Great Tusk, L50|\n|poke|p2|Slither Wing, L50|\n|poke|p2|Foongus, L50, F|\n|teampreview|4\n|j| KaesyGard\n|c| KaesyGard|YAP\n|c|\u2606KevinATL|pasaron el ink?\n|c|\u2606KevinATL|por onde\n|c| KaesyGard|Me uni yo buscando el combate\n|j| Haxu5\n|\n|t:|1683400861\n|start\n|switch|p1a: INEEDAHERO|Palafin, L50, M|100\/100\n|switch|p1b: AAAAAAAAAAAA|Scream Tail, L50, shiny|100\/100\n|switch|p2a: Torkoal|Torkoal, L50, M|100\/100\n|switch|p2b: Chi-Yu|Chi-Yu, L50|100\/100\n|-ability|p2b: Chi-Yu|Beads of Ruin\n|-weather|SunnyDay|[from] ability: Drought|[of] p2a: Torkoal\n|-activate|p1b: AAAAAAAAAAAA|ability: Protosynthesis\n|-start|p1b: AAAAAAAAAAAA|protosynthesisspe\n|turn|1\n|\n|t:|1683400883\n|detailschange|p1a: INEEDAHERO|Palafin-Hero, L50, M\n|switch|p1a: GO BIRD|Gothitelle, L50, F|100\/100\n|move|p1b: AAAAAAAAAAAA|Perish Song|p1b: AAAAAAAAAAAA\n|-start|p1a: GO BIRD|perish3|[silent]\n|-start|p1b: AAAAAAAAAAAA|perish3|[silent]\n|-start|p2a: Torkoal|perish3|[silent]\n|-start|p2b: Chi-Yu|perish3|[silent]\n|-fieldactivate|move: Perish Song\n|move|p2b: Chi-Yu|Will-O-Wisp|p1a: GO BIRD|[miss]\n|-miss|p2b: Chi-Yu|p1a: GO BIRD\n|move|p2a: Torkoal|Heat Wave|p1b: AAAAAAAAAAAA|[spread] p1a,p1b\n|-damage|p1a: GO BIRD|62\/100\n|-damage|p1b: AAAAAAAAAAAA|62\/100\n|\n|-weather|SunnyDay|[upkeep]\n|-start|p1b: AAAAAAAAAAAA|perish3\n|-start|p2b: Chi-Yu|perish3\n|-start|p1a: GO BIRD|perish3\n|-start|p2a: Torkoal|perish3\n|upkeep\n|turn|2\n|\n|t:|1683400903\n|move|p1a: GO BIRD|Fake Out|p2b: Chi-Yu\n|-damage|p2b: Chi-Yu|91\/100\n|move|p1b: AAAAAAAAAAAA|Disable|p2a: Torkoal\n|-start|p2a: Torkoal|Disable|Heat Wave\n|cant|p2b: Chi-Yu|flinch\n|move|p2a: Torkoal|Overheat|p1b: AAAAAAAAAAAA\n|-damage|p1b: AAAAAAAAAAAA|0 fnt\n|-unboost|p2a: Torkoal|spa|2\n|faint|p1b: AAAAAAAAAAAA\n|-end|p1b: AAAAAAAAAAAA|Protosynthesis|[silent]\n|\n|-weather|SunnyDay|[upkeep]\n|-start|p2b: Chi-Yu|perish2\n|-start|p1a: GO BIRD|perish2\n|-start|p2a: Torkoal|perish2\n|upkeep\n|\n|t:|1683400920\n|switch|p1b: AMOGUS|Amoonguss, L50, F|100\/100\n|turn|3\n|\n|t:|1683400944\n|move|p1a: GO BIRD|Protect|p1a: GO BIRD\n|-singleturn|p1a: GO BIRD|Protect\n|move|p1b: AMOGUS|Protect|p1b: AMOGUS\n|-singleturn|p1b: AMOGUS|Protect\n|move|p2b: Chi-Yu|Heat Wave|p1a: GO BIRD|[spread] \n|-activate|p1a: GO BIRD|move: Protect\n|-activate|p1b: AMOGUS|move: Protect\n|move|p2a: Torkoal|Overheat|p1b: AMOGUS\n|-activate|p1b: AMOGUS|move: Protect\n|\n|-weather|SunnyDay|[upkeep]\n|-start|p2b: Chi-Yu|perish1\n|-start|p1a: GO BIRD|perish1\n|-start|p2a: Torkoal|perish1\n|upkeep\n|turn|4\n|\n|t:|1683400998\n|switch|p1a: INEEDAHERO|Palafin-Hero, L50, M|100\/100\n|-activate|p1a: INEEDAHERO|ability: Zero to Hero\n|-terastallize|p1b: AMOGUS|Dark\n|move|p2b: Chi-Yu|Overheat|p1b: AMOGUS\n|-damage|p1b: AMOGUS|0 fnt\n|-unboost|p2b: Chi-Yu|spa|2\n|faint|p1b: AMOGUS\n|-damage|p2b: Chi-Yu|81\/100|[from] item: Life Orb\n|move|p2a: Torkoal|Overheat|p1a: INEEDAHERO\n|-resisted|p1a: INEEDAHERO\n|-damage|p1a: INEEDAHERO|76\/100\n|-unboost|p2a: Torkoal|spa|2\n|\n|-weather|SunnyDay|[upkeep]\n|-start|p2b: Chi-Yu|perish0\n|-start|p2a: Torkoal|perish0\n|upkeep\n|faint|p2b: Chi-Yu\n|faint|p2a: Torkoal\n|\n|t:|1683401019\n|switch|p2b: Foongus|Foongus, L50, F|100\/100\n|switch|p1b: GO BIRD|Gothitelle, L50, F|62\/100\n|switch|p2a: Flutter Mane|Flutter Mane, L50|100\/100\n|-activate|p2a: Flutter Mane|ability: Protosynthesis\n|-start|p2a: Flutter Mane|protosynthesisspe\n|turn|5\n|\n|t:|1683401062\n|-terastallize|p2b: Foongus|Water\n|move|p1a: INEEDAHERO|Protect|p1a: INEEDAHERO\n|-singleturn|p1a: INEEDAHERO|Protect\n|move|p1b: GO BIRD|Fake Out|p2b: Foongus\n|-damage|p2b: Foongus|96\/100\n|cant|p2b: Foongus|flinch\n|move|p2a: Flutter Mane|Energy Ball|p1a: INEEDAHERO\n|-activate|p1a: INEEDAHERO|move: Protect\n|\n|-weather|none\n|-end|p2a: Flutter Mane|Protosynthesis\n|upkeep\n|turn|6\n|\n|t:|1683401140\n|move|p2b: Foongus|Rage Powder|p2b: Foongus\n|-singleturn|p2b: Foongus|move: Rage Powder\n|move|p2a: Flutter Mane|Energy Ball|p1a: INEEDAHERO\n|-supereffective|p1a: INEEDAHERO\n|-damage|p1a: INEEDAHERO|0 fnt\n|faint|p1a: INEEDAHERO\n|move|p1b: GO BIRD|Heal Pulse|p2b: Foongus\n|-heal|p2b: Foongus|100\/100\n|\n|upkeep\n|turn|7\n|c| KaesyGard|esa cura era importante\n|c| KaesyGard|por si acaso\n|c|\u2606KevinATL|jsakdjaskdjsakdjasd\n|\n|t:|1683401174\n|move|p2a: Flutter Mane|Energy Ball|p1b: GO BIRD\n|-damage|p1b: GO BIRD|24\/100\n|-unboost|p1b: GO BIRD|spd|1\n|-enditem|p1b: GO BIRD|Sitrus Berry|[eat]\n|-heal|p1b: GO BIRD|49\/100|[from] item: Sitrus Berry\n|move|p1b: GO BIRD|Psychic|p2a: Flutter Mane\n|-damage|p2a: Flutter Mane|65\/100\n|move|p2b: Foongus|Spore|p1b: GO BIRD\n|-status|p1b: GO BIRD|slp|[from] move: Spore\n|\n|upkeep\n|turn|8\n|c| KaesyGard|jajaja\n|c|\u2606KevinATL|kaesy jugamos la siguiente\n|\n|t:|1683401199\n|move|p2a: Flutter Mane|Energy Ball|p1b: GO BIRD\n|-damage|p1b: GO BIRD|0 fnt\n|faint|p1b: GO BIRD\n|\n|win|Litopardo\n|l|\u2606KevinATL\n","uploadtime":1683401213,"views":11,"p1id":"kevinatl","p2id":"litopardo","formatid":"gen9vgc2023regulationc","rating":0,"private":0,"password":""}