{"id":"gen9vgc2023regulationc-1845359593","p1":"Cipperu","p2":"Prompto88","format":"[Gen 9] VGC 2023 Regulation C","log":"|j|\u2606Cipperu\n|j|\u2606Prompto88\n|t:|1681721386\n|gametype|doubles\n|player|p1|Cipperu|marlon|1059\n|player|p2|Prompto88|2|1111\n|teamsize|p1|6\n|teamsize|p2|6\n|gen|9\n|tier|[Gen 9] VGC 2023 Regulation C\n|rated|\n|rule|Species Clause: Limit one of each Pok\u00e9mon\n|rule|Item Clause: Limit one of each item\n|clearpoke\n|poke|p1|Garganacl, L50, F|\n|poke|p1|Glimmora, L50, M|\n|poke|p1|Arcanine, L50, M|\n|poke|p1|Amoonguss, L50, F|\n|poke|p1|Great Tusk, L50|\n|poke|p1|Wo-Chien, L50|\n|poke|p2|Glimmora, L50, M|\n|poke|p2|Arcanine, L50, M|\n|poke|p2|Garganacl, L50, M|\n|poke|p2|Maushold-Four, L50|\n|poke|p2|Ting-Lu, L50|\n|poke|p2|Wo-Chien, L50|\n|teampreview|4\n|inactive|Battle timer is ON: inactive players will automatically lose when time's up. (requested by Prompto88)\n|inactive|Cipperu has 60 seconds left.\n|inactive|Prompto88 has 60 seconds left.\n|inactive|Cipperu has 30 seconds left.\n|\n|t:|1681721455\n|start\n|switch|p1a: Amoonguss|Amoonguss, L50, F|100\/100\n|switch|p1b: Great Tusk|Great Tusk, L50|100\/100\n|switch|p2a: Garganacl|Garganacl, L50, M|100\/100\n|switch|p2b: Arcanine|Arcanine, L50, M|100\/100\n|-ability|p2b: Arcanine|Intimidate|boost\n|-unboost|p1a: Amoonguss|atk|1\n|-unboost|p1b: Great Tusk|atk|1\n|-enditem|p1b: Great Tusk|Booster Energy\n|-activate|p1b: Great Tusk|ability: Protosynthesis|[fromitem]\n|-start|p1b: Great Tusk|protosynthesisspe\n|turn|1\n|inactive|Cipperu has 30 seconds left.\n|\n|t:|1681721486\n|move|p2a: Garganacl|Protect|p2a: Garganacl\n|-singleturn|p2a: Garganacl|Protect\n|move|p1b: Great Tusk|Headlong Rush|p2b: Arcanine\n|-supereffective|p2b: Arcanine\n|-damage|p2b: Arcanine|3\/100\n|-unboost|p1b: Great Tusk|def|1\n|-unboost|p1b: Great Tusk|spd|1\n|-enditem|p2b: Arcanine|Sitrus Berry|[eat]\n|-heal|p2b: Arcanine|28\/100|[from] item: Sitrus Berry\n|move|p2b: Arcanine|Will-O-Wisp|p1b: Great Tusk\n|-status|p1b: Great Tusk|brn\n|move|p1a: Amoonguss|Spore|p2b: Arcanine\n|-status|p2b: Arcanine|slp|[from] move: Spore\n|\n|-damage|p1b: Great Tusk|95\/100 brn|[from] brn\n|upkeep\n|turn|2\n|\n|t:|1681721510\n|switch|p2b: Ting-Lu|Ting-Lu, L50|100\/100\n|-ability|p2b: Ting-Lu|Vessel of Ruin\n|switch|p2a: Wo-Chien|Wo-Chien, L50|100\/100\n|-ability|p2a: Wo-Chien|Tablets of Ruin\n|move|p1b: Great Tusk|Headlong Rush|p2a: Wo-Chien\n|-resisted|p2a: Wo-Chien\n|-crit|p2a: Wo-Chien\n|-damage|p2a: Wo-Chien|84\/100\n|-unboost|p1b: Great Tusk|def|1\n|-unboost|p1b: Great Tusk|spd|1\n|move|p1a: Amoonguss|Giga Drain|p2a: Wo-Chien\n|-resisted|p2a: Wo-Chien\n|-damage|p2a: Wo-Chien|80\/100\n|\n|-damage|p1b: Great Tusk|89\/100 brn|[from] brn\n|upkeep\n|turn|3\n|inactive|Cipperu has 30 seconds left.\n|inactive|Prompto88 has 30 seconds left.\n|\n|t:|1681721540\n|-end|p1b: Great Tusk|Protosynthesis|[silent]\n|switch|p1b: Glimmora|Glimmora, L50, M|100\/100\n|switch|p2b: Arcanine|Arcanine, L50, M|28\/100 slp\n|-ability|p2b: Arcanine|Intimidate|boost\n|-unboost|p1a: Amoonguss|atk|1\n|-unboost|p1b: Glimmora|atk|1\n|move|p2a: Wo-Chien|Protect|p2a: Wo-Chien\n|-singleturn|p2a: Wo-Chien|Protect\n|move|p1a: Amoonguss|Spore|p2b: Arcanine\n|-fail|p2b: Arcanine|slp\n|\n|upkeep\n|turn|4\n|inactive|Prompto88 has 30 seconds left.\n|inactive|Prompto88 has 20 seconds left.\n|\n|t:|1681721578\n|-terastallize|p2a: Wo-Chien|Poison\n|cant|p2b: Arcanine|slp\n|move|p1b: Glimmora|Mortal Spin|p2b: Arcanine|[spread] p2a,p2b\n|-resisted|p2a: Wo-Chien\n|-damage|p2a: Wo-Chien|79\/100\n|-damage|p2b: Arcanine|25\/100 slp\n|move|p2a: Wo-Chien|Leech Seed|p1b: Glimmora\n|-start|p1b: Glimmora|move: Leech Seed\n|move|p1a: Amoonguss|Pollen Puff|p2b: Arcanine\n|-resisted|p2b: Arcanine\n|-damage|p2b: Arcanine|19\/100 slp\n|\n|-damage|p1b: Glimmora|88\/100|[from] Leech Seed|[of] p2a: Wo-Chien\n|-heal|p2a: Wo-Chien|95\/100|[silent]\n|upkeep\n|turn|5\n|\n|t:|1681721600\n|-curestatus|p2b: Arcanine|slp|[msg]\n|move|p2b: Arcanine|Snarl|p1a: Amoonguss|[spread] p1a,p1b\n|-damage|p1a: Amoonguss|94\/100\n|-damage|p1b: Glimmora|78\/100\n|-unboost|p1a: Amoonguss|spa|1\n|-unboost|p1b: Glimmora|spa|1\n|move|p1b: Glimmora|Earth Power|p2b: Arcanine\n|-supereffective|p2b: Arcanine\n|-damage|p2b: Arcanine|0 fnt\n|faint|p2b: Arcanine\n|move|p2a: Wo-Chien|Substitute|p2a: Wo-Chien\n|-start|p2a: Wo-Chien|Substitute\n|-damage|p2a: Wo-Chien|70\/100\n|move|p1a: Amoonguss|Spore||[still]\n|-fail|p1a: Amoonguss\n|\n|-damage|p1b: Glimmora|66\/100|[from] Leech Seed|[of] p2a: Wo-Chien\n|-heal|p2a: Wo-Chien|85\/100|[silent]\n|upkeep\n|\n|t:|1681721615\n|switch|p2b: Garganacl|Garganacl, L50, M|100\/100\n|turn|6\n|inactive|Cipperu has 30 seconds left.\n|\n|t:|1681721640\n|move|p1b: Glimmora|Earth Power|p2a: Wo-Chien\n|-supereffective|p2a: Wo-Chien\n|-activate|p2a: Wo-Chien|move: Substitute|[damage]\n|move|p2a: Wo-Chien|Pollen Puff|p1a: Amoonguss\n|-damage|p1a: Amoonguss|81\/100\n|move|p2b: Garganacl|Salt Cure|p1b: Glimmora\n|-damage|p1b: Glimmora|58\/100\n|-start|p1b: Glimmora|Salt Cure\n|-activate|p1b: Glimmora|ability: Toxic Debris\n|-sidestart|p2: Prompto88|move: Toxic Spikes\n|move|p1a: Amoonguss|Spore|p2b: Garganacl\n|-immune|p2b: Garganacl|[from] ability: Purifying Salt\n|\n|-damage|p1b: Glimmora|45\/100|[from] Leech Seed|[of] p2a: Wo-Chien\n|-heal|p2a: Wo-Chien|100\/100|[silent]\n|-damage|p1b: Glimmora|33\/100|[from] Salt Cure\n|upkeep\n|turn|7\n|inactive|Cipperu has 30 seconds left.\n|inactive|Prompto88 has 30 seconds left.\n|\n|t:|1681721669\n|move|p1b: Glimmora|Earth Power|p2a: Wo-Chien\n|-supereffective|p2a: Wo-Chien\n|-end|p2a: Wo-Chien|Substitute\n|move|p2a: Wo-Chien|Pollen Puff|p1a: Amoonguss\n|-damage|p1a: Amoonguss|67\/100\n|move|p2b: Garganacl|Salt Cure|p1a: Amoonguss\n|-damage|p1a: Amoonguss|55\/100\n|-start|p1a: Amoonguss|Salt Cure\n|move|p1a: Amoonguss|Spore|p2a: Wo-Chien\n|-status|p2a: Wo-Chien|slp|[from] move: Spore\n|\n|-damage|p1b: Glimmora|21\/100|[from] Leech Seed|[of] p2a: Wo-Chien\n|-damage|p1b: Glimmora|9\/100|[from] Salt Cure\n|-damage|p1a: Amoonguss|43\/100|[from] Salt Cure\n|upkeep\n|turn|8\n|\n|t:|1681721689\n|switch|p2a: Ting-Lu|Ting-Lu, L50|100\/100\n|-status|p2a: Ting-Lu|psn\n|-ability|p2a: Ting-Lu|Vessel of Ruin\n|move|p1b: Glimmora|Earth Power|p2b: Garganacl\n|-supereffective|p2b: Garganacl\n|-crit|p2b: Garganacl\n|-damage|p2b: Garganacl|38\/100\n|move|p2b: Garganacl|Salt Cure|p1a: Amoonguss\n|-damage|p1a: Amoonguss|29\/100\n|move|p1a: Amoonguss|Giga Drain|p2b: Garganacl\n|-supereffective|p2b: Garganacl\n|-damage|p2b: Garganacl|15\/100\n|-heal|p1a: Amoonguss|40\/100|[from] drain|[of] p2b: Garganacl\n|\n|-heal|p2b: Garganacl|20\/100|[from] item: Leftovers\n|-damage|p1b: Glimmora|0 fnt|[from] Leech Seed|[of] p2a: Ting-Lu\n|faint|p1b: Glimmora\n|-damage|p2a: Ting-Lu|88\/100 psn|[from] psn\n|-damage|p1a: Amoonguss|28\/100|[from] Salt Cure\n|upkeep\n|inactive|Cipperu has 30 seconds left.\n|inactive|Cipperu has 20 seconds left.\n|inactive|Cipperu has 15 seconds left.\n|\n|t:|1681721730\n|switch|p1b: Wo-Chien|Wo-Chien, L50|100\/100\n|-ability|p1b: Wo-Chien|Tablets of Ruin\n|turn|9\n|\n|t:|1681721740\n|switch|p2b: Wo-Chien|Wo-Chien, L50, tera:Poison|100\/100 slp\n|-sideend|p2: Prompto88|move: Toxic Spikes|[of] p2b: Wo-Chien\n|-ability|p2b: Wo-Chien|Tablets of Ruin\n|move|p1b: Wo-Chien|Leech Seed|p2a: Ting-Lu\n|-start|p2a: Ting-Lu|move: Leech Seed\n|move|p2a: Ting-Lu|Fissure|p1b: Wo-Chien\n|-damage|p1b: Wo-Chien|0 fnt\n|faint|p1b: Wo-Chien\n|-ohko\n|move|p1a: Amoonguss|Giga Drain|p2b: Wo-Chien\n|-resisted|p2b: Wo-Chien\n|-damage|p2b: Wo-Chien|97\/100 slp\n|-heal|p1a: Amoonguss|29\/100|[from] drain|[of] p2b: Wo-Chien\n|\n|-damage|p2a: Ting-Lu|76\/100 psn|[from] psn\n|-damage|p1a: Amoonguss|17\/100|[from] Salt Cure\n|upkeep\n|-enditem|p1a: Amoonguss|Aguav Berry|[eat]\n|-heal|p1a: Amoonguss|50\/100|[from] item: Aguav Berry\n|\n|t:|1681721758\n|switch|p1b: Great Tusk|Great Tusk, L50|89\/100 brn\n|turn|10\n|\n|t:|1681721774\n|cant|p2b: Wo-Chien|slp\n|move|p1b: Great Tusk|Headlong Rush|p2b: Wo-Chien\n|-supereffective|p2b: Wo-Chien\n|-damage|p2b: Wo-Chien|56\/100 slp\n|-unboost|p1b: Great Tusk|def|1\n|-unboost|p1b: Great Tusk|spd|1\n|move|p2a: Ting-Lu|Fissure|p1b: Great Tusk|[miss]\n|-miss|p2a: Ting-Lu|p1b: Great Tusk\n|move|p1a: Amoonguss|Spore||[still]\n|-fail|p1a: Amoonguss\n|\n|-damage|p2a: Ting-Lu|64\/100 psn|[from] Leech Seed|[of] p1b: Great Tusk\n|-heal|p1b: Great Tusk|100\/100 brn|[silent]\n|-damage|p2a: Ting-Lu|52\/100 psn|[from] psn\n|-damage|p1b: Great Tusk|95\/100 brn|[from] brn\n|-damage|p1a: Amoonguss|38\/100|[from] Salt Cure\n|upkeep\n|turn|11\n|inactive|Prompto88 has 30 seconds left.\n|\n|t:|1681721801\n|move|p1b: Great Tusk|Headlong Rush|p2b: Wo-Chien\n|-supereffective|p2b: Wo-Chien\n|-damage|p2b: Wo-Chien|15\/100 slp\n|-unboost|p1b: Great Tusk|def|1\n|-unboost|p1b: Great Tusk|spd|1\n|-curestatus|p2b: Wo-Chien|slp|[msg]\n|move|p2b: Wo-Chien|Leech Seed|p1b: Great Tusk\n|-start|p1b: Great Tusk|move: Leech Seed\n|move|p2a: Ting-Lu|Stomping Tantrum|p1b: Great Tusk\n|-damage|p1b: Great Tusk|28\/100 brn\n|move|p1a: Amoonguss|Spore||[still]\n|-fail|p1a: Amoonguss\n|\n|-damage|p1b: Great Tusk|16\/100 brn|[from] Leech Seed|[of] p2b: Wo-Chien\n|-heal|p2b: Wo-Chien|31\/100|[silent]\n|-damage|p2a: Ting-Lu|39\/100 psn|[from] Leech Seed|[of] p1b: Great Tusk\n|-heal|p1b: Great Tusk|33\/100 brn|[silent]\n|-damage|p2a: Ting-Lu|27\/100 psn|[from] psn\n|-damage|p1b: Great Tusk|27\/100 brn|[from] brn\n|-damage|p1a: Amoonguss|25\/100|[from] Salt Cure\n|upkeep\n|turn|12\n|inactive|Cipperu has 30 seconds left.\n|inactive|Prompto88 has 30 seconds left.\n|inactive|Prompto88 has 20 seconds left.\n|inactive|Prompto88 has 15 seconds left.\n|\n|t:|1681721843\n|move|p2b: Wo-Chien|Protect|p2b: Wo-Chien\n|-singleturn|p2b: Wo-Chien|Protect\n|move|p1b: Great Tusk|Headlong Rush|p2b: Wo-Chien\n|-activate|p2b: Wo-Chien|move: Protect\n|move|p2a: Ting-Lu|Stomping Tantrum|p1b: Great Tusk\n|-damage|p1b: Great Tusk|0 fnt\n|faint|p1b: Great Tusk\n|-end|p1b: Great Tusk|Protosynthesis|[silent]\n|move|p1a: Amoonguss|Giga Drain|p2a: Ting-Lu\n|-supereffective|p2a: Ting-Lu\n|-damage|p2a: Ting-Lu|17\/100 psn\n|-heal|p1a: Amoonguss|31\/100|[from] drain|[of] p2a: Ting-Lu\n|\n|-damage|p2a: Ting-Lu|5\/100 psn|[from] psn\n|-damage|p1a: Amoonguss|19\/100|[from] Salt Cure\n|upkeep\n|turn|13\n|-message|Cipperu forfeited.\n|\n|win|Prompto88\n|raw|Cipperu's rating: 1059 → 1043<\/strong> (-16 for losing)\n|raw|Prompto88's rating: 1111 → 1132<\/strong> (+21 for winning)\n|l|\u2606Cipperu\n","uploadtime":1681721864,"views":16,"p1id":"cipperu","p2id":"prompto88","formatid":"gen9vgc2023regulationc","rating":1043,"private":0,"password":""}