{"id":"gen9vgc2023regulationc-1861040795","p1":"Ashenfield","p2":"Shrimp Balls","format":"[Gen 9] VGC 2023 Regulation C","log":"|j|\u2606Ashenfield\n|j|\u2606Shrimp Balls\n|t:|1683719392\n|gametype|doubles\n|player|p1|Ashenfield|benga|1206\n|player|p2|Shrimp Balls|swimmer-gen4|1123\n|teamsize|p1|6\n|teamsize|p2|6\n|gen|9\n|tier|[Gen 9] VGC 2023 Regulation C\n|rated|\n|rule|Species Clause: Limit one of each Pok\u00e9mon\n|rule|Item Clause: Limit one of each item\n|clearpoke\n|poke|p1|Dragonite, L50, M|\n|poke|p1|Chien-Pao, L50|\n|poke|p1|Flutter Mane, L50|\n|poke|p1|Chi-Yu, L50|\n|poke|p1|Dondozo, L50, M|\n|poke|p1|Tatsugiri, L50, F|\n|poke|p2|Appletun, L50, M|\n|poke|p2|Scream Tail, L50|\n|poke|p2|Garganacl, L50, F|\n|poke|p2|Annihilape, L50, M|\n|poke|p2|Grimmsnarl, L50, M|\n|poke|p2|Scizor, L50, M|\n|teampreview|4\n|inactive|Battle timer is ON: inactive players will automatically lose when time's up. (requested by Shrimp Balls)\n|inactive|Ashenfield also wants the timer to be on.\n|inactive|Ashenfield has 60 seconds left.\n|\n|t:|1683719436\n|start\n|switch|p1a: Flutter Mane|Flutter Mane, L50, shiny|100\/100\n|switch|p1b: Chi-Yu|Chi-Yu, L50|100\/100\n|switch|p2a: Scream Tail|Scream Tail, L50|100\/100\n|switch|p2b: Scizor|Scizor, L50, M|100\/100\n|-ability|p1b: Chi-Yu|Beads of Ruin\n|-enditem|p1a: Flutter Mane|Booster Energy\n|-activate|p1a: Flutter Mane|ability: Protosynthesis|[fromitem]\n|-start|p1a: Flutter Mane|protosynthesisspe\n|turn|1\n|\n|t:|1683719461\n|-terastallize|p1a: Flutter Mane|Steel\n|move|p2b: Scizor|Bullet Punch|p1a: Flutter Mane\n|-resisted|p1a: Flutter Mane\n|-damage|p1a: Flutter Mane|56\/100\n|-damage|p2b: Scizor|91\/100|[from] item: Life Orb\n|move|p1a: Flutter Mane|Shadow Ball|p2a: Scream Tail\n|-supereffective|p2a: Scream Tail\n|-damage|p2a: Scream Tail|36\/100\n|move|p1b: Chi-Yu|Overheat|p2b: Scizor\n|-supereffective|p2b: Scizor\n|-damage|p2b: Scizor|0 fnt\n|-unboost|p1b: Chi-Yu|spa|2\n|faint|p2b: Scizor\n|-damage|p1b: Chi-Yu|90\/100|[from] item: Life Orb\n|move|p2a: Scream Tail|Trick Room|p2a: Scream Tail\n|-fieldstart|move: Trick Room|[of] p2a: Scream Tail\n|\n|upkeep\n|\n|t:|1683719474\n|switch|p2b: Grimmsnarl|Grimmsnarl, L50, M|100\/100\n|turn|2\n|\n|t:|1683719485\n|move|p2b: Grimmsnarl|Bulk Up|p2b: Grimmsnarl\n|-boost|p2b: Grimmsnarl|atk|1\n|-boost|p2b: Grimmsnarl|def|1\n|move|p2a: Scream Tail|Dazzling Gleam|p1a: Flutter Mane|[spread] p1a,p1b\n|-resisted|p1a: Flutter Mane\n|-damage|p1a: Flutter Mane|47\/100\n|-damage|p1b: Chi-Yu|72\/100\n|move|p1b: Chi-Yu|Heat Wave|p2b: Grimmsnarl|[spread] p2a,p2b\n|-damage|p2a: Scream Tail|16\/100\n|-damage|p2b: Grimmsnarl|66\/100\n|-damage|p1b: Chi-Yu|62\/100|[from] item: Life Orb\n|move|p1a: Flutter Mane|Shadow Ball|p2a: Scream Tail\n|-supereffective|p2a: Scream Tail\n|-damage|p2a: Scream Tail|0 fnt\n|faint|p2a: Scream Tail\n|-end|p2a: Scream Tail|Protosynthesis|[silent]\n|\n|upkeep\n|\n|t:|1683719492\n|switch|p2a: Garganacl|Garganacl, L50, F|100\/100\n|turn|3\n|\n|t:|1683719504\n|move|p2a: Garganacl|Protect|p2a: Garganacl\n|-singleturn|p2a: Garganacl|Protect\n|move|p1b: Chi-Yu|Protect|p1b: Chi-Yu\n|-singleturn|p1b: Chi-Yu|Protect\n|move|p1a: Flutter Mane|Protect|p1a: Flutter Mane\n|-singleturn|p1a: Flutter Mane|Protect\n|move|p2b: Grimmsnarl|Sucker Punch||[still]\n|-fail|p2b: Grimmsnarl\n|\n|upkeep\n|turn|4\n|\n|t:|1683719526\n|move|p2b: Grimmsnarl|Sucker Punch|p1a: Flutter Mane\n|-damage|p1a: Flutter Mane|0 fnt\n|faint|p1a: Flutter Mane\n|-end|p1a: Flutter Mane|Protosynthesis|[silent]\n|move|p2a: Garganacl|Salt Cure|p1b: Chi-Yu\n|-supereffective|p1b: Chi-Yu\n|-damage|p1b: Chi-Yu|11\/100\n|-start|p1b: Chi-Yu|Salt Cure\n|move|p1b: Chi-Yu|Overheat|p2b: Grimmsnarl\n|-damage|p2b: Grimmsnarl|3\/100\n|-unboost|p1b: Chi-Yu|spa|2\n|-damage|p1b: Chi-Yu|1\/100|[from] item: Life Orb\n|\n|-damage|p1b: Chi-Yu|0 fnt|[from] Salt Cure\n|faint|p1b: Chi-Yu\n|upkeep\n|\n|t:|1683719539\n|switch|p1b: Dragonite|Dragonite, L50, M, shiny|100\/100\n|switch|p1a: Chien-Pao|Chien-Pao, L50|100\/100\n|-ability|p1a: Chien-Pao|Sword of Ruin\n|turn|5\n|\n|t:|1683719561\n|move|p1b: Dragonite|Extreme Speed|p2b: Grimmsnarl\n|-damage|p2b: Grimmsnarl|0 fnt\n|faint|p2b: Grimmsnarl\n|move|p2a: Garganacl|Salt Cure|p1b: Dragonite\n|-supereffective|p1b: Dragonite\n|-damage|p1b: Dragonite|83\/100\n|-start|p1b: Dragonite|Salt Cure\n|move|p1a: Chien-Pao|Ice Spinner|p2a: Garganacl\n|-damage|p2a: Garganacl|74\/100\n|\n|-damage|p1b: Dragonite|71\/100|[from] Salt Cure\n|-fieldend|move: Trick Room\n|upkeep\n|turn|6\n|\n|t:|1683719575\n|move|p2a: Garganacl|Protect|p2a: Garganacl\n|-singleturn|p2a: Garganacl|Protect\n|move|p1b: Dragonite|Extreme Speed|p2a: Garganacl\n|-activate|p2a: Garganacl|move: Protect\n|move|p1a: Chien-Pao|Sacred Sword|p2a: Garganacl\n|-activate|p2a: Garganacl|move: Protect\n|\n|-damage|p1b: Dragonite|58\/100|[from] Salt Cure\n|upkeep\n|turn|7\n|\n|t:|1683719595\n|move|p1b: Dragonite|Extreme Speed|p2a: Garganacl\n|-resisted|p2a: Garganacl\n|-damage|p2a: Garganacl|58\/100\n|move|p1a: Chien-Pao|Sucker Punch|p2a: Garganacl\n|-damage|p2a: Garganacl|31\/100\n|-enditem|p2a: Garganacl|Sitrus Berry|[eat]\n|-heal|p2a: Garganacl|56\/100|[from] item: Sitrus Berry\n|move|p2a: Garganacl|Salt Cure|p1a: Chien-Pao\n|-supereffective|p1a: Chien-Pao\n|-damage|p1a: Chien-Pao|65\/100\n|-start|p1a: Chien-Pao|Salt Cure\n|\n|-damage|p1a: Chien-Pao|52\/100|[from] Salt Cure\n|-damage|p1b: Dragonite|46\/100|[from] Salt Cure\n|upkeep\n|turn|8\n|\n|t:|1683719613\n|move|p2a: Garganacl|Protect|p2a: Garganacl\n|-singleturn|p2a: Garganacl|Protect\n|move|p1b: Dragonite|Extreme Speed|p2a: Garganacl\n|-activate|p2a: Garganacl|move: Protect\n|move|p1a: Chien-Pao|Sacred Sword|p2a: Garganacl\n|-activate|p2a: Garganacl|move: Protect\n|\n|-damage|p1a: Chien-Pao|40\/100|[from] Salt Cure\n|-damage|p1b: Dragonite|34\/100|[from] Salt Cure\n|upkeep\n|turn|9\n|\n|t:|1683719632\n|-terastallize|p2a: Garganacl|Ghost\n|move|p1b: Dragonite|Extreme Speed|p2a: Garganacl\n|-immune|p2a: Garganacl\n|move|p1a: Chien-Pao|Sacred Sword|p2a: Garganacl\n|-immune|p2a: Garganacl\n|move|p2a: Garganacl|Salt Cure|p1a: Chien-Pao\n|-supereffective|p1a: Chien-Pao\n|-damage|p1a: Chien-Pao|2\/100\n|\n|-damage|p1a: Chien-Pao|0 fnt|[from] Salt Cure\n|faint|p1a: Chien-Pao\n|-damage|p1b: Dragonite|22\/100|[from] Salt Cure\n|upkeep\n|turn|10\n|-message|Ashenfield forfeited.\n|\n|win|Shrimp Balls\n|raw|Ashenfield's rating: 1206 → 1175<\/strong> (-31 for losing)\n|raw|Shrimp Balls's rating: 1123 → 1154<\/strong> (+31 for winning)\n|l|\u2606Ashenfield\n","uploadtime":1683719648,"views":9,"p1id":"ashenfield","p2id":"shrimpballs","formatid":"gen9vgc2023regulationc","rating":1154,"private":0,"password":""}