{"id":"gen9vgc2023regulationc-1856178606","p1":"Insertable194","p2":"Rue1","format":"[Gen 9] VGC 2023 Regulation C","log":"|j|\u2606Insertable194\n|j|\u2606Rue1\n|t:|1683038017\n|gametype|doubles\n|player|p1|Insertable194|102|1454\n|player|p2|Rue1|pokekid|1458\n|teamsize|p1|6\n|teamsize|p2|6\n|gen|9\n|tier|[Gen 9] VGC 2023 Regulation C\n|rated|\n|rule|Species Clause: Limit one of each Pok\u00e9mon\n|rule|Item Clause: Limit one of each item\n|clearpoke\n|poke|p1|Iron Bundle, L50|\n|poke|p1|Great Tusk, L50|\n|poke|p1|Arcanine, L50, F|\n|poke|p1|Chien-Pao, L50|\n|poke|p1|Gholdengo, L50|\n|poke|p1|Iron Hands, L50|\n|poke|p2|Orthworm, L50, F|\n|poke|p2|Chi-Yu, L50|\n|poke|p2|Flutter Mane, L50|\n|poke|p2|Chien-Pao, L50|\n|poke|p2|Garchomp, L50, M|\n|poke|p2|Zangoose, L50, M|\n|teampreview|4\nInsertable194 has agreed to open team sheets.\n|inactive|Battle timer is ON: inactive players will automatically lose when time's up. (requested by Insertable194)\n|\n|t:|1683038068\n|start\n|switch|p1a: Iron Hands|Iron Hands, L50|100\/100\n|switch|p1b: Arcanine|Arcanine, L50, F|100\/100\n|switch|p2a: Orthworm|Orthworm, L50, F|100\/100\n|switch|p2b: Garchomp|Garchomp, L50, M|100\/100\n|-ability|p1b: Arcanine|Intimidate|boost\n|-unboost|p2a: Orthworm|atk|1\n|-unboost|p2b: Garchomp|atk|1\n|turn|1\n|inactive|Insertable194 has 30 seconds left.\n|\n|t:|1683038100\n|switch|p1b: Iron Bundle|Iron Bundle, L50|100\/100\n|-enditem|p1b: Iron Bundle|Booster Energy\n|-activate|p1b: Iron Bundle|ability: Quark Drive|[fromitem]\n|-start|p1b: Iron Bundle|quarkdrivespe\n|-terastallize|p2a: Orthworm|Fire\n|move|p1a: Iron Hands|Fake Out|p2b: Garchomp\n|-damage|p2b: Garchomp|85\/100\n|-damage|p1a: Iron Hands|88\/100|[from] ability: Rough Skin|[of] p2b: Garchomp\n|cant|p2b: Garchomp|flinch\n|move|p2a: Orthworm|Shed Tail|p2a: Orthworm\n|-start|p2a: Orthworm|Substitute|[from] move: Shed Tail\n|-damage|p2a: Orthworm|50\/100\n|-enditem|p2a: Orthworm|Sitrus Berry|[eat]\n|-heal|p2a: Orthworm|75\/100|[from] item: Sitrus Berry\n|\n|t:|1683038116\n|switch|p2a: Zangoose|Zangoose, L50, M|100\/100|[from] Shed Tail\n|\n|-status|p2a: Zangoose|tox|[from] item: Toxic Orb\n|upkeep\n|turn|2\n|\n|t:|1683038140\n|-end|p1a: Iron Hands|Quark Drive|[silent]\n|switch|p1a: Arcanine|Arcanine, L50, F|100\/100\n|-ability|p1a: Arcanine|Intimidate|boost\n|-immune|p2a: Zangoose\n|-unboost|p2b: Garchomp|atk|1\n|move|p1b: Iron Bundle|Protect|p1b: Iron Bundle\n|-singleturn|p1b: Iron Bundle|Protect\n|move|p2b: Garchomp|Rock Slide|p1b: Iron Bundle|[spread] p1a\n|-activate|p1b: Iron Bundle|move: Protect\n|-supereffective|p1a: Arcanine\n|-damage|p1a: Arcanine|79\/100\n|move|p2a: Zangoose|Belly Drum|p2a: Zangoose\n|-damage|p2a: Zangoose|50\/100 tox\n|-setboost|p2a: Zangoose|atk|6|[from] move: Belly Drum\n|\n|-damage|p2a: Zangoose|44\/100 tox|[from] psn\n|upkeep\n|turn|3\n|inactive|Insertable194 has 30 seconds left.\n|inactive|Rue1 has 30 seconds left.\n|inactive|Rue1 has 20 seconds left.\n|\n|t:|1683038179\n|-end|p1b: Iron Bundle|Quark Drive|[silent]\n|switch|p1b: Iron Hands|Iron Hands, L50|88\/100\n|move|p1a: Arcanine|Extreme Speed|p2a: Zangoose\n|-end|p2a: Zangoose|Substitute\n|move|p2a: Zangoose|Feint|p1b: Iron Hands\n|-damage|p1b: Iron Hands|25\/100\n|move|p2b: Garchomp|Rock Slide|p1b: Iron Hands|[spread] p1a,p1b\n|-supereffective|p1a: Arcanine\n|-resisted|p1b: Iron Hands\n|-damage|p1a: Arcanine|58\/100\n|-damage|p1b: Iron Hands|22\/100\n|\n|-damage|p2a: Zangoose|32\/100 tox|[from] psn\n|upkeep\n|turn|4\n|inactive|Rue1 has 30 seconds left.\n|inactive|Insertable194 has 30 seconds left.\n|\n|t:|1683038217\n|-end|p1b: Iron Hands|Quark Drive|[silent]\n|switch|p1b: Great Tusk|Great Tusk, L50|100\/100\n|move|p1a: Arcanine|Extreme Speed|p2a: Zangoose\n|-damage|p2a: Zangoose|0 fnt\n|faint|p2a: Zangoose\n|move|p2b: Garchomp|Rock Slide|p1a: Arcanine|[spread] p1a\n|-miss|p2b: Garchomp|p1b: Great Tusk\n|-supereffective|p1a: Arcanine\n|-damage|p1a: Arcanine|35\/100\n|\n|upkeep\n|\n|t:|1683038228\n|switch|p2a: Orthworm|Orthworm, L50, F, tera:Fire|75\/100\n|turn|5\n|\n|t:|1683038251\n|switch|p1a: Iron Hands|Iron Hands, L50|22\/100\n|move|p2b: Garchomp|Rock Slide|p1b: Great Tusk|[spread] p1b\n|-miss|p2b: Garchomp|p1a: Iron Hands\n|-resisted|p1b: Great Tusk\n|-damage|p1b: Great Tusk|99\/100\n|cant|p1b: Great Tusk|flinch\n|move|p2a: Orthworm|Iron Defense|p2a: Orthworm\n|-boost|p2a: Orthworm|def|2\n|\n|upkeep\n|turn|6\n|inactive|Insertable194 has 30 seconds left.\n|\n|t:|1683038286\n|move|p1a: Iron Hands|Fake Out|p2a: Orthworm\n|-damage|p2a: Orthworm|69\/100\n|move|p2b: Garchomp|Rock Slide|p1a: Iron Hands|[spread] p1a,p1b\n|-resisted|p1a: Iron Hands\n|-resisted|p1b: Great Tusk\n|-damage|p1a: Iron Hands|19\/100\n|-damage|p1b: Great Tusk|97\/100\n|cant|p1b: Great Tusk|flinch\n|cant|p2a: Orthworm|flinch\n|\n|upkeep\n|turn|7\n|\n|t:|1683038301\n|switch|p2b: Flutter Mane|Flutter Mane, L50|100\/100\n|-enditem|p2b: Flutter Mane|Booster Energy\n|-activate|p2b: Flutter Mane|ability: Protosynthesis|[fromitem]\n|-start|p2b: Flutter Mane|protosynthesisspa\n|move|p1b: Great Tusk|Rock Slide|p2a: Orthworm|[spread] p2a,p2b\n|-supereffective|p2a: Orthworm\n|-crit|p2b: Flutter Mane\n|-damage|p2a: Orthworm|55\/100\n|-damage|p2b: Flutter Mane|56\/100\n|move|p2a: Orthworm|Body Press|p1b: Great Tusk\n|-damage|p1b: Great Tusk|53\/100\n|move|p1a: Iron Hands|Volt Switch|p2a: Orthworm\n|-damage|p2a: Orthworm|39\/100\n|inactive|Insertable194 has 30 seconds left.\n|\n|t:|1683038328\n|-end|p1a: Iron Hands|Quark Drive|[silent]\n|switch|p1a: Iron Bundle|Iron Bundle, L50|100\/100|[from] Volt Switch\n|\n|upkeep\n|turn|8\n|\n|t:|1683038349\n|-terastallize|p1a: Iron Bundle|Poison\n|move|p1b: Great Tusk|Rock Slide|p2b: Flutter Mane|[spread] p2a,p2b\n|-supereffective|p2a: Orthworm\n|-damage|p2a: Orthworm|24\/100\n|-damage|p2b: Flutter Mane|26\/100\n|move|p1a: Iron Bundle|Icy Wind|p2a: Orthworm|[spread] p2a,p2b\n|-resisted|p2a: Orthworm\n|-damage|p2a: Orthworm|12\/100\n|-damage|p2b: Flutter Mane|5\/100\n|-unboost|p2a: Orthworm|spe|1\n|-unboost|p2b: Flutter Mane|spe|1\n|move|p2b: Flutter Mane|Dazzling Gleam|p1b: Great Tusk|[spread] p1a,p1b\n|-resisted|p1a: Iron Bundle\n|-supereffective|p1b: Great Tusk\n|-damage|p1a: Iron Bundle|63\/100\n|-damage|p1b: Great Tusk|0 fnt\n|faint|p1b: Great Tusk\n|-end|p1b: Great Tusk|Protosynthesis|[silent]\n|move|p2a: Orthworm|Body Press|p1a: Iron Bundle\n|-resisted|p1a: Iron Bundle\n|-damage|p1a: Iron Bundle|29\/100\n|\n|upkeep\n|\n|t:|1683038366\n|switch|p1b: Arcanine|Arcanine, L50, F|35\/100\n|-ability|p1b: Arcanine|Intimidate|boost\n|-unboost|p2a: Orthworm|atk|1\n|-unboost|p2b: Flutter Mane|atk|1\n|turn|9\n|\n|t:|1683038383\n|move|p1b: Arcanine|Extreme Speed|p2a: Orthworm\n|-damage|p2a: Orthworm|4\/100\n|move|p1a: Iron Bundle|Icy Wind|p2b: Flutter Mane|[spread] p2a,p2b\n|-resisted|p2a: Orthworm\n|-damage|p2a: Orthworm|0 fnt\n|-damage|p2b: Flutter Mane|0 fnt\n|faint|p2a: Orthworm\n|faint|p2b: Flutter Mane\n|-end|p2b: Flutter Mane|Protosynthesis|[silent]\n|\n|upkeep\n|\n|t:|1683038394\n|switch|p2b: Garchomp|Garchomp, L50, M|85\/100\n|turn|10\n|\n|t:|1683038406\n|move|p1a: Iron Bundle|Protect|p1a: Iron Bundle\n|-singleturn|p1a: Iron Bundle|Protect\n|move|p2b: Garchomp|Earthquake|p1a: Iron Bundle|[spread] p1b\n|-activate|p1a: Iron Bundle|move: Protect\n|-supereffective|p1b: Arcanine\n|-damage|p1b: Arcanine|0 fnt\n|faint|p1b: Arcanine\n|\n|upkeep\n|\n|t:|1683038412\n|switch|p1b: Iron Hands|Iron Hands, L50|19\/100\n|turn|11\n|j| MondayXyz\n|\n|t:|1683038416\n|move|p1b: Iron Hands|Fake Out|p2b: Garchomp\n|-damage|p2b: Garchomp|71\/100\n|-damage|p1b: Iron Hands|7\/100|[from] ability: Rough Skin|[of] p2b: Garchomp\n|cant|p2b: Garchomp|flinch\n|move|p1a: Iron Bundle|Freeze-Dry|p2b: Garchomp\n|-supereffective|p2b: Garchomp\n|-damage|p2b: Garchomp|0 fnt\n|faint|p2b: Garchomp\n|\n|win|Insertable194\n|raw|Insertable194's rating: 1435 → 1456<\/strong> (+21 for winning)\n|raw|Rue1's rating: 1458 → 1437<\/strong> (-21 for losing)\n","uploadtime":1683038420,"views":7,"p1id":"insertable194","p2id":"rue1","formatid":"gen9vgc2023regulationc","rating":1437,"private":0,"password":""}