{"id":"gen9vgc2023regulationc-1846601075","p1":"yokai19","p2":"Rosco22","format":"[Gen 9] VGC 2023 Regulation C","log":"|j|\u2606yokai19\n|j|\u2606Rosco22\n|t:|1681855974\n|gametype|doubles\n|player|p1|yokai19|170|1177\n|player|p2|Rosco22|lucas|1127\n|teamsize|p1|6\n|teamsize|p2|6\n|gen|9\n|tier|[Gen 9] VGC 2023 Regulation C\n|rated|\n|rule|Species Clause: Limit one of each Pok\u00e9mon\n|rule|Item Clause: Limit one of each item\n|clearpoke\n|poke|p1|Amoonguss, L50, M|\n|poke|p1|Flutter Mane, L50|\n|poke|p1|Arcanine, L50, F|\n|poke|p1|Palafin, L50, F|\n|poke|p1|Ting-Lu, L50|\n|poke|p1|Scizor, L50, M|\n|poke|p2|Chi-Yu, L50|\n|poke|p2|Dachsbun, L50, F|\n|poke|p2|Dragonite, L50, M|\n|poke|p2|Flutter Mane, L50|\n|poke|p2|Azumarill, L50, F|\n|poke|p2|Chien-Pao, L50|\n|teampreview|4\n|inactive|Battle timer is ON: inactive players will automatically lose when time's up. (requested by Rosco22)\nyokai19 has agreed to open team sheets.\nRosco22 rejected open team sheets.\n|inactive|yokai19 has 60 seconds left.\n|\n|t:|1681856048\n|start\n|switch|p1a: Scizor|Scizor, L50, M|100\/100\n|switch|p1b: Palafin|Palafin, L50, F|100\/100\n|switch|p2a: Chi-Yu|Chi-Yu, L50|100\/100\n|switch|p2b: Dachsbun|Dachsbun, L50, F|100\/100\n|-ability|p2a: Chi-Yu|Beads of Ruin\n|turn|1\n|\n|t:|1681856072\n|-terastallize|p2a: Chi-Yu|Ghost\n|-terastallize|p1a: Scizor|Water\n|move|p1b: Palafin|Protect|p1b: Palafin\n|-singleturn|p1b: Palafin|Protect\n|move|p2a: Chi-Yu|Lava Plume|p1a: Scizor|[spread] p1a\n|-activate|p1b: Palafin|move: Protect\n|-ability|p2b: Dachsbun|Well-Baked Body|boost\n|-boost|p2b: Dachsbun|def|2\n|-resisted|p1a: Scizor\n|-damage|p1a: Scizor|71\/100\n|move|p2b: Dachsbun|Body Press|p1b: Palafin\n|-activate|p1b: Palafin|move: Protect\n|move|p1a: Scizor|Close Combat|p2a: Chi-Yu\n|-immune|p2a: Chi-Yu\n|\n|upkeep\n|turn|2\n|\n|t:|1681856096\n|move|p2a: Chi-Yu|Lava Plume|p1b: Palafin|[spread] p1a,p1b\n|-ability|p2b: Dachsbun|Well-Baked Body|boost\n|-boost|p2b: Dachsbun|def|2\n|-resisted|p1a: Scizor\n|-resisted|p1b: Palafin\n|-damage|p1a: Scizor|44\/100\n|-damage|p1b: Palafin|74\/100\n|-enditem|p1a: Scizor|Sitrus Berry|[eat]\n|-heal|p1a: Scizor|69\/100|[from] item: Sitrus Berry\n|move|p1b: Palafin|Haze|p1b: Palafin\n|-clearallboost\n|move|p2b: Dachsbun|Body Press|p1a: Scizor\n|-damage|p1a: Scizor|46\/100\n|move|p1a: Scizor|U-turn|p2a: Chi-Yu\n|-resisted|p2a: Chi-Yu\n|-damage|p2a: Chi-Yu|69\/100\n|\n|t:|1681856112\n|switch|p1a: Ting-Lu|Ting-Lu, L50|100\/100|[from] U-turn\n|-ability|p1a: Ting-Lu|Vessel of Ruin\n|\n|upkeep\n|turn|3\n|\n|t:|1681856126\n|move|p2a: Chi-Yu|Lava Plume|p1a: Ting-Lu|[spread] p1a,p1b\n|-ability|p2b: Dachsbun|Well-Baked Body|boost\n|-boost|p2b: Dachsbun|def|2\n|-resisted|p1b: Palafin\n|-damage|p1a: Ting-Lu|83\/100\n|-damage|p1b: Palafin|52\/100\n|-status|p1b: Palafin|brn\n|move|p1b: Palafin|Haze|p1b: Palafin\n|-clearallboost\n|move|p2b: Dachsbun|Body Press|p1b: Palafin\n|-damage|p1b: Palafin|29\/100 brn\n|move|p1a: Ting-Lu|Throat Chop|p2a: Chi-Yu\n|-supereffective|p2a: Chi-Yu\n|-damage|p2a: Chi-Yu|0 fnt\n|faint|p2a: Chi-Yu\n|\n|-damage|p1b: Palafin|23\/100 brn|[from] brn\n|upkeep\n|\n|t:|1681856150\n|switch|p2a: Dragonite|Dragonite, L50, M|100\/100\n|turn|4\n|\n|t:|1681856172\n|switch|p1a: Arcanine|Arcanine, L50, F|100\/100\n|-ability|p1a: Arcanine|Intimidate|boost\n|-fail|p2a: Dragonite|unboost|[from] item: Clear Amulet|[of] p2a: Dragonite\n|-unboost|p2b: Dachsbun|atk|1\n|move|p2a: Dragonite|Extreme Speed|p1b: Palafin\n|-damage|p1b: Palafin|0 fnt\n|faint|p1b: Palafin\n|move|p2b: Dachsbun|Yawn|p1a: Arcanine\n|-start|p1a: Arcanine|move: Yawn|[of] p2b: Dachsbun\n|\n|upkeep\n|inactive|yokai19 has 30 seconds left.\n|\n|t:|1681856201\n|switch|p1b: Ting-Lu|Ting-Lu, L50|83\/100\n|-ability|p1b: Ting-Lu|Vessel of Ruin\n|turn|5\n|\n|t:|1681856221\n|switch|p2a: Azumarill|Azumarill, L50, F|100\/100\n|move|p1a: Arcanine|Will-O-Wisp|p2a: Azumarill\n|-status|p2a: Azumarill|brn\n|-enditem|p2a: Azumarill|Lum Berry|[eat]\n|-curestatus|p2a: Azumarill|brn|[msg]\n|move|p2b: Dachsbun|Yawn|p1b: Ting-Lu\n|-start|p1b: Ting-Lu|move: Yawn|[of] p2b: Dachsbun\n|move|p1b: Ting-Lu|Ruination|p2b: Dachsbun|[miss]\n|-miss|p1b: Ting-Lu|p2b: Dachsbun\n|\n|-end|p1a: Arcanine|move: Yawn|[silent]\n|-status|p1a: Arcanine|slp\n|upkeep\n|turn|6\n|inactive|yokai19 has 30 seconds left.\n|inactive|yokai19 has 20 seconds left.\n|inactive|yokai19 has 15 seconds left.\n|inactive|yokai19 has 10 seconds left.\n|\n|t:|1681856269\n|cant|p1a: Arcanine|slp\n|move|p2b: Dachsbun|Body Press|p1b: Ting-Lu\n|-supereffective|p1b: Ting-Lu\n|-damage|p1b: Ting-Lu|65\/100\n|move|p2a: Azumarill|Liquidation|p1a: Arcanine\n|-supereffective|p1a: Arcanine\n|-damage|p1a: Arcanine|0 fnt\n|faint|p1a: Arcanine\n|move|p1b: Ting-Lu|Stomping Tantrum|p2a: Azumarill\n|-damage|p2a: Azumarill|37\/100\n|\n|-end|p1b: Ting-Lu|move: Yawn|[silent]\n|-status|p1b: Ting-Lu|slp\n|upkeep\n|\n|t:|1681856280\n|switch|p1a: Scizor|Scizor, L50, M, tera:Water|46\/100\n|turn|7\n|\n|t:|1681856291\n|move|p2a: Azumarill|Protect|p2a: Azumarill\n|-singleturn|p2a: Azumarill|Protect\n|move|p1a: Scizor|Bullet Punch|p2b: Dachsbun\n|-supereffective|p2b: Dachsbun\n|-damage|p2b: Dachsbun|35\/100\n|move|p2b: Dachsbun|Body Press|p1a: Scizor\n|-damage|p1a: Scizor|24\/100\n|cant|p1b: Ting-Lu|slp\n|\n|-heal|p2b: Dachsbun|41\/100|[from] item: Leftovers\n|upkeep\n|turn|8\n|\n|t:|1681856314\n|move|p2b: Dachsbun|Protect|p2b: Dachsbun\n|-singleturn|p2b: Dachsbun|Protect\n|move|p1a: Scizor|Bullet Punch|p2b: Dachsbun\n|-activate|p2b: Dachsbun|move: Protect\n|move|p2a: Azumarill|Play Rough|p1a: Scizor\n|-damage|p1a: Scizor|0 fnt\n|faint|p1a: Scizor\n|-curestatus|p1b: Ting-Lu|slp|[msg]\n|move|p1b: Ting-Lu|Throat Chop|p2a: Azumarill\n|-resisted|p2a: Azumarill\n|-damage|p2a: Azumarill|19\/100\n|-start|p2a: Azumarill|Throat Chop|[silent]\n|\n|-heal|p2b: Dachsbun|47\/100|[from] item: Leftovers\n|upkeep\n|turn|9\n|\n|t:|1681856338\n|move|p2a: Azumarill|Aqua Jet|p1b: Ting-Lu\n|-supereffective|p1b: Ting-Lu\n|-damage|p1b: Ting-Lu|39\/100\n|move|p2b: Dachsbun|Yawn|p1b: Ting-Lu\n|-start|p1b: Ting-Lu|move: Yawn|[of] p2b: Dachsbun\n|move|p1b: Ting-Lu|Stomping Tantrum|p2b: Dachsbun\n|-damage|p2b: Dachsbun|17\/100\n|\n|-heal|p2b: Dachsbun|23\/100|[from] item: Leftovers\n|-end|p2a: Azumarill|Throat Chop|[silent]\n|upkeep\n|turn|10\n|\n|t:|1681856348\n|move|p2a: Azumarill|Aqua Jet|p1b: Ting-Lu\n|-supereffective|p1b: Ting-Lu\n|-damage|p1b: Ting-Lu|16\/100\n|move|p2b: Dachsbun|Wish|p2b: Dachsbun\n|move|p1b: Ting-Lu|Stomping Tantrum|p2a: Azumarill\n|-crit|p2a: Azumarill\n|-damage|p2a: Azumarill|0 fnt\n|faint|p2a: Azumarill\n|\n|-heal|p2b: Dachsbun|29\/100|[from] item: Leftovers\n|-end|p1b: Ting-Lu|move: Yawn|[silent]\n|-status|p1b: Ting-Lu|slp\n|upkeep\n|\n|t:|1681856353\n|switch|p2a: Dragonite|Dragonite, L50, M|100\/100\n|turn|11\n|\n|t:|1681856361\n|move|p2a: Dragonite|Extreme Speed|p1b: Ting-Lu\n|-damage|p1b: Ting-Lu|1\/100 slp\n|move|p2b: Dachsbun|Body Press|p1b: Ting-Lu\n|-supereffective|p1b: Ting-Lu\n|-damage|p1b: Ting-Lu|0 fnt\n|faint|p1b: Ting-Lu\n|\n|win|Rosco22\n|raw|yokai19's rating: 1177 → 1148<\/strong> (-29 for losing)\n|raw|Rosco22's rating: 1127 → 1156<\/strong> (+29 for winning)\n","uploadtime":1681856368,"views":9,"p1id":"yokai19","p2id":"rosco22","formatid":"gen9vgc2023regulationc","rating":1148,"private":0,"password":""}