{"id":"gen9vgc2023regulationc-1863281235","p1":"WHITEWOLF081","p2":"Peterhzx","format":"[Gen 9] VGC 2023 Regulation C","log":"|j|\u2606WHITEWOLF081\n|j|\u2606Peterhzx\n|t:|1683997403\n|gametype|doubles\n|player|p1|WHITEWOLF081|101|1191\n|player|p2|Peterhzx|2|1146\n|teamsize|p1|6\n|teamsize|p2|6\n|gen|9\n|tier|[Gen 9] VGC 2023 Regulation C\n|rated|\n|rule|Species Clause: Limit one of each Pok\u00e9mon\n|rule|Item Clause: Limit one of each item\n|clearpoke\n|poke|p1|Torkoal, L50, M|\n|poke|p1|Grimmsnarl, L50, M|\n|poke|p1|Flutter Mane, L50|\n|poke|p1|Arcanine, L50, F|\n|poke|p1|Lilligant, L50, F|\n|poke|p1|Ting-Lu, L50|\n|poke|p2|Flutter Mane, L50|\n|poke|p2|Chien-Pao, L50|\n|poke|p2|Amoonguss, L50, F|\n|poke|p2|Dragonite, L50, M|\n|poke|p2|Gholdengo, L50|\n|poke|p2|Chi-Yu, L50|\n|teampreview|4\nWHITEWOLF081 has agreed to open team sheets.\n|\n|t:|1683997436\n|start\n|switch|p1a: Ting-Lu|Ting-Lu, L50|100\/100\n|switch|p1b: Grimmsnarl|Grimmsnarl, L50, M, shiny|100\/100\n|switch|p2a: Chien-Pao|Chien-Pao, L50|100\/100\n|switch|p2b: Dragonite|Dragonite, L50, M, shiny|100\/100\n|-ability|p2a: Chien-Pao|Sword of Ruin\n|-ability|p1a: Ting-Lu|Vessel of Ruin\n|turn|1\n|\n|t:|1683997469\n|-terastallize|p2b: Dragonite|Normal\n|-terastallize|p1a: Ting-Lu|Steel\n|move|p2b: Dragonite|Extreme Speed|p1b: Grimmsnarl\n|-damage|p1b: Grimmsnarl|0 fnt\n|faint|p1b: Grimmsnarl\n|move|p2a: Chien-Pao|Ice Spinner|p1a: Ting-Lu\n|-resisted|p1a: Ting-Lu\n|-damage|p1a: Ting-Lu|85\/100\n|move|p1a: Ting-Lu|Heavy Slam|p2a: Chien-Pao\n|-supereffective|p2a: Chien-Pao\n|-enditem|p2a: Chien-Pao|Focus Sash\n|-damage|p2a: Chien-Pao|1\/100\n|\n|upkeep\n|\n|t:|1683997476\n|switch|p1b: Arcanine|Arcanine, L50, F|100\/100\n|-ability|p1b: Arcanine|Intimidate|boost\n|-unboost|p2a: Chien-Pao|atk|1\n|-fail|p2b: Dragonite|unboost|Attack|[from] ability: Inner Focus|[of] p2b: Dragonite\n|turn|2\n|\n|t:|1683997495\n|move|p2a: Chien-Pao|Protect|p2a: Chien-Pao\n|-singleturn|p2a: Chien-Pao|Protect\n|move|p2b: Dragonite|Extreme Speed|p1b: Arcanine\n|-damage|p1b: Arcanine|0 fnt\n|faint|p1b: Arcanine\n|move|p1a: Ting-Lu|Heavy Slam|p2a: Chien-Pao\n|-activate|p2a: Chien-Pao|move: Protect\n|\n|upkeep\n|\n|t:|1683997501\n|switch|p1b: Flutter Mane|Flutter Mane, L50|100\/100\n|turn|3\n|\n|t:|1683997520\n|move|p2b: Dragonite|Extreme Speed|p1a: Ting-Lu\n|-resisted|p1a: Ting-Lu\n|-damage|p1a: Ting-Lu|57\/100\n|move|p2a: Chien-Pao|Sacred Sword|p1a: Ting-Lu\n|-supereffective|p1a: Ting-Lu\n|-damage|p1a: Ting-Lu|25\/100\n|move|p1b: Flutter Mane|Dazzling Gleam|p2a: Chien-Pao|[spread] p2a,p2b\n|-supereffective|p2a: Chien-Pao\n|-damage|p2a: Chien-Pao|0 fnt\n|-damage|p2b: Dragonite|69\/100\n|faint|p2a: Chien-Pao\n|-damage|p1b: Flutter Mane|91\/100|[from] item: Life Orb\n|move|p1a: Ting-Lu|Heavy Slam|p2b: Dragonite\n|-damage|p2b: Dragonite|26\/100\n|\n|upkeep\n|\n|t:|1683997538\n|switch|p2a: Gholdengo|Gholdengo, L50|100\/100\n|turn|4\n|\n|t:|1683997558\n|switch|p2b: Chi-Yu|Chi-Yu, L50|100\/100\n|-ability|p2b: Chi-Yu|Beads of Ruin\n|move|p1b: Flutter Mane|Shadow Ball|p2a: Gholdengo\n|-supereffective|p2a: Gholdengo\n|-damage|p2a: Gholdengo|0 fnt\n|faint|p2a: Gholdengo\n|-damage|p1b: Flutter Mane|81\/100|[from] item: Life Orb\n|move|p1a: Ting-Lu|Stomping Tantrum|p2b: Chi-Yu\n|-supereffective|p2b: Chi-Yu\n|-damage|p2b: Chi-Yu|9\/100\n|\n|upkeep\n|\n|t:|1683997573\n|switch|p2a: Dragonite|Dragonite, L50, M, shiny, tera:Normal|26\/100\n|turn|5\n|\n|t:|1683997603\n|move|p2b: Chi-Yu|Protect|p2b: Chi-Yu\n|-singleturn|p2b: Chi-Yu|Protect\n|move|p2a: Dragonite|Aqua Jet|p1b: Flutter Mane\n|-damage|p1b: Flutter Mane|28\/100\n|move|p1b: Flutter Mane|Dazzling Gleam|p2b: Chi-Yu|[spread] p2a\n|-activate|p2b: Chi-Yu|move: Protect\n|-damage|p2a: Dragonite|0 fnt\n|faint|p2a: Dragonite\n|-damage|p1b: Flutter Mane|18\/100|[from] item: Life Orb\n|move|p1a: Ting-Lu|Stomping Tantrum|p2b: Chi-Yu\n|-activate|p2b: Chi-Yu|move: Protect\n|\n|upkeep\n|turn|6\n|c|\u2606WHITEWOLF081|Sheesh. Close game!\n|\n|t:|1683997627\n|move|p1b: Flutter Mane|Dazzling Gleam|p2b: Chi-Yu\n|-damage|p2b: Chi-Yu|0 fnt\n|faint|p2b: Chi-Yu\n|-damage|p1b: Flutter Mane|8\/100|[from] item: Life Orb\n|\n|win|WHITEWOLF081\n|raw|WHITEWOLF081's rating: 1191 → 1213<\/strong> (+22 for winning)\n|raw|Peterhzx's rating: 1146 → 1124<\/strong> (-22 for losing)\n|c|\u2606WHITEWOLF081|GG\n|l|\u2606Peterhzx\n","uploadtime":1683997746,"views":1,"p1id":"whitewolf081","p2id":"peterhzx","formatid":"gen9vgc2023regulationc","rating":1124,"private":0,"password":""}