{"id":"gen9vgc2023regulationc-1849956967","p1":"STE lulu","p2":"Lemurro","format":"[Gen 9] VGC 2023 Regulation C","log":"|j|\u2606STE lulu\n|j|\u2606Lemurro\n|t:|1682272100\n|gametype|doubles\n|player|p1|STE lulu|170|\n|player|p2|Lemurro|psychic-gen2|\n|teamsize|p1|6\n|teamsize|p2|6\n|gen|9\n|tier|[Gen 9] VGC 2023 Regulation C\n|rule|Species Clause: Limit one of each Pok\u00e9mon\n|rule|Item Clause: Limit one of each item\n|clearpoke\n|poke|p1|Amoonguss, L50, F|\n|poke|p1|Arcanine, L50, F|\n|poke|p1|Roaring Moon, L50|\n|poke|p1|Garganacl, L50, M|\n|poke|p1|Gengar, L50, M|\n|poke|p1|Gothorita, L50, F|\n|poke|p2|Iron Hands, L50|\n|poke|p2|Ting-Lu, L50|\n|poke|p2|Wo-Chien, L50|\n|poke|p2|Clawitzer, L50, M|\n|poke|p2|Spiritomb, L50, M|\n|poke|p2|Dragapult, L50, F|\n|teampreview|4\n|c|\u2606Lemurro|glhf\n|c|\u2606Lemurro|g1\n|c|\u2606STE lulu|alrighty\n|c|\u2606STE lulu|glhf\n|j| Ally Switch Andy\n|j| repeatt\n|j| EGAWalreins\n|j| Weirdo gatekeeper\n|j| Saw725\n|j| Beter222\n|j| DJSen\n|j| Monika fan club\n|l| Monika fan club\n|j| vinithewini\n|j| Lady Writer \u2740\n|l| vinithewini\n|inactive|Battle timer is ON: inactive players will automatically lose when time's up. (requested by Lemurro)\n|j| flipsicle\n|c|\u2606STE lulu|no timer plz\n|c|\u2606STE lulu|if possible\n|c|\u2606STE lulu|im here\n|inactiveoff|Battle timer is now OFF.\n|c|\u2606STE lulu|thx\n|c|\u2606Lemurro|okay\n|\n|t:|1682272295\n|start\n|switch|p1a: Gengar|Gengar, L50, M|100\/100\n|switch|p1b: Roaring Moon|Roaring Moon, L50|100\/100\n|switch|p2a: the Omega Glory|Clawitzer, L50, M|100\/100\n|switch|p2b: Patterns of Force|Iron Hands, L50|100\/100\n|-enditem|p1b: Roaring Moon|Booster Energy\n|-activate|p1b: Roaring Moon|ability: Protosynthesis|[fromitem]\n|-start|p1b: Roaring Moon|protosynthesisspe\n|turn|1\n|\n|t:|1682272319\n|move|p1b: Roaring Moon|Protect|p1b: Roaring Moon\n|-singleturn|p1b: Roaring Moon|Protect\n|move|p1a: Gengar|Dazzling Gleam|p2a: the Omega Glory|[spread] p2a,p2b\n|-supereffective|p2b: Patterns of Force\n|-damage|p2a: the Omega Glory|69\/100\n|-damage|p2b: Patterns of Force|73\/100\n|move|p2a: the Omega Glory|Ice Beam|p1b: Roaring Moon\n|-activate|p1b: Roaring Moon|move: Protect\n|move|p2b: Patterns of Force|Drain Punch|p1b: Roaring Moon\n|-activate|p1b: Roaring Moon|move: Protect\n|\n|upkeep\n|turn|2\n|j| vinithewini\n|\n|t:|1682272341\n|-terastallize|p1a: Gengar|Fairy\n|-terastallize|p2b: Patterns of Force|Fire\n|move|p1b: Roaring Moon|Acrobatics|p2b: Patterns of Force\n|-damage|p2b: Patterns of Force|46\/100\n|move|p1a: Gengar|Dazzling Gleam|p2a: the Omega Glory|[spread] p2a,p2b\n|-resisted|p2b: Patterns of Force\n|-damage|p2a: the Omega Glory|25\/100\n|-damage|p2b: Patterns of Force|36\/100\n|move|p2a: the Omega Glory|Ice Beam|p1b: Roaring Moon\n|-supereffective|p1b: Roaring Moon\n|-damage|p1b: Roaring Moon|45\/100\n|-status|p1b: Roaring Moon|frz\n|move|p2b: Patterns of Force|Drain Punch|p1b: Roaring Moon\n|-supereffective|p1b: Roaring Moon\n|-damage|p1b: Roaring Moon|0 fnt\n|-heal|p2b: Patterns of Force|51\/100|[from] drain|[of] p1b: Roaring Moon\n|faint|p1b: Roaring Moon\n|-end|p1b: Roaring Moon|Protosynthesis|[silent]\n|\n|upkeep\n|\n|t:|1682272347\n|switch|p1b: Garganacl|Garganacl, L50, M|100\/100\n|turn|3\n|\n|t:|1682272362\n|switch|p2a: Home Soil|Ting-Lu, L50|100\/100\n|-ability|p2a: Home Soil|Vessel of Ruin\n|switch|p1b: Arcanine|Arcanine, L50, F|100\/100\n|-ability|p1b: Arcanine|Intimidate|boost\n|-fail|p2a: Home Soil|unboost|[from] item: Clear Amulet|[of] p2a: Home Soil\n|-unboost|p2b: Patterns of Force|atk|1\n|move|p1a: Gengar|Dazzling Gleam|p2a: Home Soil|[spread] p2a,p2b\n|-supereffective|p2a: Home Soil\n|-resisted|p2b: Patterns of Force\n|-damage|p2a: Home Soil|59\/100\n|-damage|p2b: Patterns of Force|43\/100\n|move|p2b: Patterns of Force|Drain Punch|p1b: Arcanine\n|-damage|p1b: Arcanine|74\/100\n|-heal|p2b: Patterns of Force|53\/100|[from] drain|[of] p1b: Arcanine\n|\n|upkeep\n|turn|4\n|j| Monika fan club\n|l| Monika fan club\n|j| arezuwu\n|\n|t:|1682272394\n|move|p2a: Home Soil|Protect|p2a: Home Soil\n|-singleturn|p2a: Home Soil|Protect\n|move|p1a: Gengar|Dazzling Gleam|p2a: Home Soil|[spread] p2b\n|-activate|p2a: Home Soil|move: Protect\n|-resisted|p2b: Patterns of Force\n|-damage|p2b: Patterns of Force|44\/100\n|move|p1b: Arcanine|Play Rough|p2a: Home Soil\n|-activate|p2a: Home Soil|move: Protect\n|move|p2b: Patterns of Force|Drain Punch|p1b: Arcanine\n|-damage|p1b: Arcanine|48\/100\n|-heal|p2b: Patterns of Force|54\/100|[from] drain|[of] p1b: Arcanine\n|-enditem|p1b: Arcanine|Sitrus Berry|[eat]\n|-heal|p1b: Arcanine|72\/100|[from] item: Sitrus Berry\n|\n|upkeep\n|turn|5\n|j| Monika fan club\n|\n|t:|1682272411\n|switch|p1a: Garganacl|Garganacl, L50, M|100\/100\n|move|p1b: Arcanine|Play Rough|p2a: Home Soil\n|-supereffective|p2a: Home Soil\n|-damage|p2a: Home Soil|28\/100\n|move|p2a: Home Soil|Stomping Tantrum|p1b: Arcanine\n|-supereffective|p1b: Arcanine\n|-crit|p1b: Arcanine\n|-damage|p1b: Arcanine|0 fnt\n|faint|p1b: Arcanine\n|move|p2b: Patterns of Force|Swords Dance|p2b: Patterns of Force\n|-boost|p2b: Patterns of Force|atk|2\n|\n|upkeep\n|\n|t:|1682272416\n|switch|p1b: Gengar|Gengar, L50, M, tera:Fairy|100\/100\n|turn|6\n|\n|t:|1682272429\n|move|p1b: Gengar|Shadow Ball|p2b: Patterns of Force\n|-damage|p2b: Patterns of Force|31\/100\n|move|p2a: Home Soil|Stomping Tantrum|p1b: Gengar\n|-damage|p1b: Gengar|38\/100\n|move|p2b: Patterns of Force|Drain Punch|p1a: Garganacl\n|-supereffective|p1a: Garganacl\n|-damage|p1a: Garganacl|31\/100\n|-heal|p2b: Patterns of Force|59\/100|[from] drain|[of] p1a: Garganacl\n|move|p1a: Garganacl|Body Press|p2a: Home Soil\n|-supereffective|p2a: Home Soil\n|-damage|p2a: Home Soil|0 fnt\n|faint|p2a: Home Soil\n|\n|-heal|p1a: Garganacl|37\/100|[from] item: Leftovers\n|upkeep\n|l| Monika fan club\n|\n|t:|1682272452\n|switch|p2a: the Omega Glory|Clawitzer, L50, M|25\/100\n|turn|7\n|\n|t:|1682272459\n|move|p1b: Gengar|Shadow Ball|p2a: the Omega Glory\n|-damage|p2a: the Omega Glory|0 fnt\n|faint|p2a: the Omega Glory\n|move|p1a: Garganacl|Iron Defense|p1a: Garganacl\n|-boost|p1a: Garganacl|def|2\n|move|p2b: Patterns of Force|Drain Punch|p1a: Garganacl\n|-supereffective|p1a: Garganacl\n|-damage|p1a: Garganacl|2\/100\n|-heal|p2b: Patterns of Force|73\/100|[from] drain|[of] p1a: Garganacl\n|\n|-heal|p1a: Garganacl|8\/100|[from] item: Leftovers\n|upkeep\n|\n|t:|1682272466\n|switch|p2a: Timescape|Spiritomb, L50, M|100\/100\n|turn|8\n|\n|t:|1682272476\n|move|p1b: Gengar|Shadow Ball|p2a: Timescape\n|-damage|p2a: Timescape|53\/100\n|-unboost|p2a: Timescape|spd|1\n|move|p2b: Patterns of Force|Drain Punch|p1a: Garganacl\n|-supereffective|p1a: Garganacl\n|-damage|p1a: Garganacl|0 fnt\n|-heal|p2b: Patterns of Force|76\/100|[from] drain|[of] p1a: Garganacl\n|faint|p1a: Garganacl\n|move|p2a: Timescape|Night Shade|p1b: Gengar\n|-damage|p1b: Gengar|6\/100\n|-start|p2a: Timescape|Disable|Night Shade|[from] ability: Cursed Body|[of] p1b: Gengar\n|\n|upkeep\n|turn|9\n|\n|t:|1682272497\n|move|p1b: Gengar|Shadow Ball|p2a: Timescape\n|-damage|p2a: Timescape|0 fnt\n|faint|p2a: Timescape\n|move|p2b: Patterns of Force|Drain Punch|p1b: Gengar\n|-resisted|p1b: Gengar\n|-damage|p1b: Gengar|0 fnt\n|-heal|p2b: Patterns of Force|78\/100|[from] drain|[of] p1b: Gengar\n|faint|p1b: Gengar\n|\n|win|Lemurro\n|j| Ciq108\n|c|\u2606Lemurro|gg\n|l| repeatt\n|l| Ciq108\n|c|\u2606STE lulu|gg\n|l| Beter222\n|l| arezuwu\n|j| M1so\n|l| Saw725\n|l| DJSen\n|j| Hacker\n|l| vinithewini\n|j| hiiya papaya\n|l| hiiya papaya\n|l| Lady Writer \u2740\n|l| Hacker\n","uploadtime":1682272764,"views":12,"p1id":"stelulu","p2id":"lemurro","formatid":"gen9vgc2023regulationc","rating":0,"private":0,"password":""}