{"id":"gen9vgc2023regulationc-1861274957","p1":"pls be kind to me","p2":"Bobeti","format":"[Gen 9] VGC 2023 Regulation C","log":"|j|\u2606pls be kind to me\n|j|\u2606Bobeti\n|t:|1683741603\n|gametype|doubles\n|player|p1|pls be kind to me|flannery|1442\n|player|p2|Bobeti|265|1520\n|teamsize|p1|6\n|teamsize|p2|6\n|gen|9\n|tier|[Gen 9] VGC 2023 Regulation C\n|rated|\n|rule|Species Clause: Limit one of each Pok\u00e9mon\n|rule|Item Clause: Limit one of each item\n|clearpoke\n|poke|p1|Scream Tail, L50|\n|poke|p1|Baxcalibur, L50, M|\n|poke|p1|Corviknight, L50, M|\n|poke|p1|Rotom-Wash, L50|\n|poke|p1|Flutter Mane, L50|\n|poke|p1|Tyranitar, L50, M|\n|poke|p2|Orthworm, L50, M|\n|poke|p2|Dragonite, L50, M|\n|poke|p2|Ting-Lu, L50|\n|poke|p2|Gyarados, L50, M|\n|poke|p2|Flutter Mane, L50|\n|poke|p2|Chien-Pao, L50|\n|teampreview|4\npls be kind to me has agreed to open team sheets.\n|inactive|Battle timer is ON: inactive players will automatically lose when time's up. (requested by Bobeti)\n|inactive|pls be kind to me has 60 seconds left.\n|\n|t:|1683741686\n|start\n|switch|p1a: Corviknight|Corviknight, L50, M, shiny|100\/100\n|switch|p1b: Rotom|Rotom-Wash, L50, shiny|100\/100\n|switch|p2a: Orthworm|Orthworm, L50, M|100\/100\n|switch|p2b: Ting-Lu|Ting-Lu, L50|100\/100\n|-ability|p2b: Ting-Lu|Vessel of Ruin\n|turn|1\n|inactive|pls be kind to me has 30 seconds left.\n|\n|t:|1683741719\n|move|p1b: Rotom|Will-O-Wisp|p2b: Ting-Lu\n|-status|p2b: Ting-Lu|brn\n|move|p2b: Ting-Lu|Throat Chop|p1b: Rotom\n|-damage|p1b: Rotom|77\/100\n|-start|p1b: Rotom|Throat Chop|[silent]\n|move|p1a: Corviknight|Iron Head|p2a: Orthworm\n|-resisted|p2a: Orthworm\n|-damage|p2a: Orthworm|93\/100\n|cant|p2a: Orthworm|flinch\n|\n|-damage|p2b: Ting-Lu|94\/100 brn|[from] brn\n|upkeep\n|turn|2\n|inactive|pls be kind to me has 30 seconds left.\n|inactive|pls be kind to me has 20 seconds left.\n|inactive|pls be kind to me has 15 seconds left.\n|\n|t:|1683741761\n|switch|p1a: Baxcalibur|Baxcalibur, L50, M|100\/100\n|-terastallize|p2a: Orthworm|Fire\n|move|p1b: Rotom|Thunderbolt|p2a: Orthworm\n|-damage|p2a: Orthworm|63\/100\n|move|p2b: Ting-Lu|Throat Chop|p1b: Rotom\n|-damage|p1b: Rotom|56\/100\n|move|p2a: Orthworm|Shed Tail|p2a: Orthworm\n|-start|p2a: Orthworm|Substitute|[from] move: Shed Tail\n|-damage|p2a: Orthworm|13\/100\n|-enditem|p2a: Orthworm|Sitrus Berry|[eat]\n|-heal|p2a: Orthworm|38\/100|[from] item: Sitrus Berry\n|\n|t:|1683741781\n|switch|p2a: Flutter Mane|Flutter Mane, L50|100\/100|[from] Shed Tail\n|\n|-damage|p2b: Ting-Lu|88\/100 brn|[from] brn\n|-end|p1b: Rotom|Throat Chop|[silent]\n|upkeep\n|turn|3\n|\n|t:|1683741796\n|switch|p1b: Corviknight|Corviknight, L50, M, shiny|100\/100\n|move|p1a: Baxcalibur|Protect|p1a: Baxcalibur\n|-singleturn|p1a: Baxcalibur|Protect\n|move|p2a: Flutter Mane|Dazzling Gleam|p1b: Corviknight|[spread] p1b\n|-activate|p1a: Baxcalibur|move: Protect\n|-resisted|p1b: Corviknight\n|-damage|p1b: Corviknight|89\/100\n|move|p2b: Ting-Lu|Throat Chop|p1b: Corviknight\n|-damage|p1b: Corviknight|67\/100\n|-start|p1b: Corviknight|Throat Chop|[silent]\n|\n|-damage|p2b: Ting-Lu|82\/100 brn|[from] brn\n|upkeep\n|turn|4\n|inactive|pls be kind to me has 30 seconds left.\n|\n|t:|1683741831\n|switch|p2b: Chien-Pao|Chien-Pao, L50|100\/100\n|-ability|p2b: Chien-Pao|Sword of Ruin\n|-terastallize|p1a: Baxcalibur|Poison\n|move|p2a: Flutter Mane|Dazzling Gleam|p1a: Baxcalibur|[spread] p1a,p1b\n|-resisted|p1a: Baxcalibur\n|-resisted|p1b: Corviknight\n|-damage|p1a: Baxcalibur|77\/100\n|-damage|p1b: Corviknight|52\/100\n|move|p1a: Baxcalibur|Icicle Spear|p2a: Flutter Mane\n|-end|p2a: Flutter Mane|Substitute\n|-damage|p2a: Flutter Mane|70\/100\n|-damage|p2a: Flutter Mane|35\/100\n|-damage|p2a: Flutter Mane|3\/100\n|-hitcount|p2a: Flutter Mane|4\n|move|p1b: Corviknight|Tailwind|p1b: Corviknight\n|-sidestart|p1: pls be kind to me|move: Tailwind\n|\n|-end|p1b: Corviknight|Throat Chop|[silent]\n|upkeep\n|turn|5\n|inactive|pls be kind to me has 30 seconds left.\n|inactive|Bobeti has 30 seconds left.\n|inactive|pls be kind to me has 20 seconds left.\n|inactive|pls be kind to me has 15 seconds left.\n|inactive|pls be kind to me has 10 seconds left.\n|\n|t:|1683741879\n|move|p1a: Baxcalibur|Icicle Spear|p2a: Flutter Mane\n|-damage|p2a: Flutter Mane|0 fnt\n|faint|p2a: Flutter Mane\n|-end|p2a: Flutter Mane|Protosynthesis|[silent]\n|-hitcount|p2: Flutter Mane|1\n|move|p2b: Chien-Pao|Sacred Sword|p1b: Corviknight\n|-damage|p1b: Corviknight|19\/100\n|move|p1b: Corviknight|Iron Head|p2b: Chien-Pao\n|-supereffective|p2b: Chien-Pao\n|-damage|p2b: Chien-Pao|31\/100\n|\n|upkeep\n|\n|t:|1683741895\n|switch|p2a: Orthworm|Orthworm, L50, M, tera:Fire|38\/100\n|turn|6\n|\n|t:|1683741907\n|move|p1a: Baxcalibur|Icicle Spear|p2b: Chien-Pao\n|-resisted|p2b: Chien-Pao\n|-damage|p2b: Chien-Pao|20\/100\n|-resisted|p2b: Chien-Pao\n|-damage|p2b: Chien-Pao|9\/100\n|-resisted|p2b: Chien-Pao\n|-damage|p2b: Chien-Pao|0 fnt\n|faint|p2b: Chien-Pao\n|-hitcount|p2: Chien-Pao|3\n|move|p1b: Corviknight|Roost|p1b: Corviknight\n|-heal|p1b: Corviknight|69\/100\n|-singleturn|p1b: Corviknight|move: Roost\n|move|p2a: Orthworm|Iron Defense|p2a: Orthworm\n|-boost|p2a: Orthworm|def|2\n|\n|upkeep\n|j| Maagnar\n|\n|t:|1683741914\n|switch|p2b: Ting-Lu|Ting-Lu, L50|82\/100 brn\n|-ability|p2b: Ting-Lu|Vessel of Ruin\n|turn|7\n|\n|t:|1683741922\n|move|p1a: Baxcalibur|Icicle Spear|p2b: Ting-Lu\n|-supereffective|p2b: Ting-Lu\n|-damage|p2b: Ting-Lu|62\/100 brn\n|-supereffective|p2b: Ting-Lu\n|-damage|p2b: Ting-Lu|42\/100 brn\n|-supereffective|p2b: Ting-Lu\n|-damage|p2b: Ting-Lu|24\/100 brn\n|-supereffective|p2b: Ting-Lu\n|-damage|p2b: Ting-Lu|5\/100 brn\n|-supereffective|p2b: Ting-Lu\n|-damage|p2b: Ting-Lu|0 fnt\n|faint|p2b: Ting-Lu\n|-hitcount|p2: Ting-Lu|5\n|move|p1b: Corviknight|Brave Bird|p2a: Orthworm\n|-damage|p2a: Orthworm|24\/100\n|-damage|p1b: Corviknight|65\/100|[from] Recoil\n|move|p2a: Orthworm|Iron Defense|p2a: Orthworm\n|-boost|p2a: Orthworm|def|2\n|\n|-sideend|p1: pls be kind to me|move: Tailwind\n|upkeep\n|turn|8\n|\n|t:|1683741941\n|move|p1a: Baxcalibur|Glaive Rush|p2a: Orthworm\n|-damage|p2a: Orthworm|6\/100\n|-singlemove|p1a: Baxcalibur|Glaive Rush|[silent]\n|move|p1b: Corviknight|Brave Bird|p2a: Orthworm\n|-damage|p2a: Orthworm|0 fnt\n|faint|p2a: Orthworm\n|-damage|p1b: Corviknight|64\/100|[from] Recoil\n|\n|win|pls be kind to me\n|raw|pls be kind to me's rating: 1442 → 1466<\/strong> (+24 for winning)\n|raw|Bobeti's rating: 1520 → 1496<\/strong> (-24 for losing)\n","uploadtime":1683741952,"views":17,"p1id":"plsbekindtome","p2id":"bobeti","formatid":"gen9vgc2023regulationc","rating":1466,"private":0,"password":""}