{"id":"gen9vgc2023regulationc-1855068606","p1":"fernoob","p2":"gorilnx","format":"[Gen 9] VGC 2023 Regulation C","log":"|j|\u2606fernoob\n|j|\u2606gorilnx\n|t:|1682897467\n|gametype|doubles\n|player|p1|fernoob|hilbert|1155\n|player|p2|gorilnx|dawn-gen4pt|1197\n|teamsize|p1|6\n|teamsize|p2|6\n|gen|9\n|tier|[Gen 9] VGC 2023 Regulation C\n|rated|\n|rule|Species Clause: Limit one of each Pok\u00e9mon\n|rule|Item Clause: Limit one of each item\n|clearpoke\n|poke|p1|Flutter Mane, L50|\n|poke|p1|Garchomp, L50, M|\n|poke|p1|Chi-Yu, L50|\n|poke|p1|Tauros-Paldea-Aqua, L50, M|\n|poke|p1|Corviknight, L50, F|\n|poke|p1|Amoonguss, L50, F|\n|poke|p2|Palafin, L50, M|\n|poke|p2|Amoonguss, L50, F|\n|poke|p2|Flutter Mane, L50|\n|poke|p2|Arcanine, L50, F|\n|poke|p2|Ting-Lu, L50|\n|poke|p2|Baxcalibur, L50, F|\n|teampreview|4\n|inactive|Battle timer is ON: inactive players will automatically lose when time's up. (requested by fernoob)\n|inactive|gorilnx has 60 seconds left.\n|\n|t:|1682897515\n|start\n|switch|p1a: Peixe Leso|Chi-Yu, L50|100\/100\n|switch|p1b: Flutua Lesa|Flutter Mane, L50|100\/100\n|switch|p2a: Flutter Mane|Flutter Mane, L50|100\/100\n|switch|p2b: Baxcalibur|Baxcalibur, L50, F|100\/100\n|-ability|p1a: Peixe Leso|Beads of Ruin\n|-enditem|p1b: Flutua Lesa|Booster Energy\n|-activate|p1b: Flutua Lesa|ability: Protosynthesis|[fromitem]\n|-start|p1b: Flutua Lesa|protosynthesisspa\n|turn|1\n|inactive|fernoob has 30 seconds left.\n|inactive|gorilnx has 30 seconds left.\n|inactive|fernoob has 20 seconds left.\n|inactive|fernoob has 15 seconds left.\n|inactive|fernoob has 10 seconds left.\n|inactive|gorilnx has 20 seconds left.\n|\n|t:|1682897561\n|move|p2a: Flutter Mane|Shadow Ball|p1b: Flutua Lesa\n|-supereffective|p1b: Flutua Lesa\n|-damage|p1b: Flutua Lesa|0 fnt\n|faint|p1b: Flutua Lesa\n|-end|p1b: Flutua Lesa|Protosynthesis|[silent]\n|move|p1a: Peixe Leso|Dark Pulse|p2a: Flutter Mane\n|-damage|p2a: Flutter Mane|27\/100\n|-damage|p1a: Peixe Leso|91\/100|[from] item: Life Orb\n|move|p2b: Baxcalibur|Glaive Rush|p1a: Peixe Leso\n|-damage|p1a: Peixe Leso|10\/100\n|-singlemove|p2b: Baxcalibur|Glaive Rush|[silent]\n|\n|upkeep\n|\n|t:|1682897574\n|switch|p1b: Drag\u00e3o Leso|Garchomp, L50, M|100\/100\n|turn|2\n|\n|t:|1682897591\n|-end|p2a: Flutter Mane|Protosynthesis|[silent]\n|switch|p2a: Amoonguss|Amoonguss, L50, F|100\/100\n|-terastallize|p1b: Drag\u00e3o Leso|Steel\n|move|p1a: Peixe Leso|Protect|p1a: Peixe Leso\n|-singleturn|p1a: Peixe Leso|Protect\n|move|p2b: Baxcalibur|Protect|p2b: Baxcalibur\n|-singleturn|p2b: Baxcalibur|Protect\n|move|p1b: Drag\u00e3o Leso|Earthquake|p2b: Baxcalibur|[spread] p2a\n|-activate|p1a: Peixe Leso|move: Protect\n|-activate|p2b: Baxcalibur|move: Protect\n|-damage|p2a: Amoonguss|69\/100\n|\n|upkeep\n|turn|3\n|inactive|gorilnx has 30 seconds left.\n|\n|t:|1682897616\n|move|p2b: Baxcalibur|Ice Shard|p1a: Peixe Leso\n|-resisted|p1a: Peixe Leso\n|-damage|p1a: Peixe Leso|0 fnt\n|faint|p1a: Peixe Leso\n|move|p1b: Drag\u00e3o Leso|Iron Head|p2b: Baxcalibur\n|-supereffective|p2b: Baxcalibur\n|-damage|p2b: Baxcalibur|31\/100\n|move|p2a: Amoonguss|Spore|p1b: Drag\u00e3o Leso\n|-status|p1b: Drag\u00e3o Leso|slp|[from] move: Spore\n|\n|upkeep\n|\n|t:|1682897641\n|switch|p1a: Ave Lesa|Corviknight, L50, F|100\/100\n|turn|4\n|\n|t:|1682897652\n|move|p2a: Amoonguss|Rage Powder|p2a: Amoonguss\n|-singleturn|p2a: Amoonguss|move: Rage Powder\n|cant|p1b: Drag\u00e3o Leso|slp\n|move|p2b: Baxcalibur|Icicle Spear|p1a: Ave Lesa\n|-crit|p1a: Ave Lesa\n|-damage|p1a: Ave Lesa|82\/100\n|-damage|p1a: Ave Lesa|69\/100\n|-damage|p1a: Ave Lesa|57\/100\n|-crit|p1a: Ave Lesa\n|-damage|p1a: Ave Lesa|37\/100\n|-damage|p1a: Ave Lesa|24\/100\n|-hitcount|p1a: Ave Lesa|5\n|move|p1a: Ave Lesa|Iron Head|p2a: Amoonguss\n|-damage|p2a: Amoonguss|46\/100\n|-enditem|p2a: Amoonguss|Sitrus Berry|[eat]\n|-heal|p2a: Amoonguss|71\/100|[from] item: Sitrus Berry\n|\n|upkeep\n|turn|5\n|\n|t:|1682897672\n|move|p2a: Amoonguss|Rage Powder|p2a: Amoonguss\n|-singleturn|p2a: Amoonguss|move: Rage Powder\n|cant|p1b: Drag\u00e3o Leso|slp\n|move|p2b: Baxcalibur|Icicle Spear|p1a: Ave Lesa\n|-damage|p1a: Ave Lesa|12\/100\n|-damage|p1a: Ave Lesa|0 fnt\n|faint|p1a: Ave Lesa\n|-hitcount|p1: Ave Lesa|2\n|\n|upkeep\n|turn|6\n|inactive|gorilnx has 30 seconds left.\n|inactive|gorilnx has 20 seconds left.\n|inactive|gorilnx has 15 seconds left.\n|inactive|gorilnx has 10 seconds left.\n|\n|t:|1682897719\n|-curestatus|p1b: Drag\u00e3o Leso|slp|[msg]\n|move|p1b: Drag\u00e3o Leso|Earthquake|p2a: Amoonguss|[spread] p2a,p2b\n|-damage|p2a: Amoonguss|38\/100\n|-damage|p2b: Baxcalibur|0 fnt\n|faint|p2b: Baxcalibur\n|move|p2a: Amoonguss|Pollen Puff|p2: Baxcalibur|[notarget]\n|-fail|p2a: Amoonguss\n|\n|upkeep\n|\n|t:|1682897727\n|switch|p2b: Flutter Mane|Flutter Mane, L50|27\/100\n|turn|7\n|\n|t:|1682897734\n|move|p2b: Flutter Mane|Shadow Ball|p1b: Drag\u00e3o Leso\n|-damage|p1b: Drag\u00e3o Leso|35\/100\n|move|p1b: Drag\u00e3o Leso|Earthquake|p2a: Amoonguss|[spread] p2a,p2b\n|-damage|p2a: Amoonguss|6\/100\n|-damage|p2b: Flutter Mane|0 fnt\n|faint|p2b: Flutter Mane\n|-end|p2b: Flutter Mane|Protosynthesis|[silent]\n|move|p2a: Amoonguss|Spore|p1b: Drag\u00e3o Leso\n|-status|p1b: Drag\u00e3o Leso|slp|[from] move: Spore\n|\n|upkeep\n|\n|t:|1682897741\n|switch|p2b: Ting-Lu|Ting-Lu, L50|100\/100\n|-ability|p2b: Ting-Lu|Vessel of Ruin\n|turn|8\n|\n|t:|1682897746\n|move|p2a: Amoonguss|Protect|p2a: Amoonguss\n|-singleturn|p2a: Amoonguss|Protect\n|cant|p1b: Drag\u00e3o Leso|slp\n|move|p2b: Ting-Lu|Stomping Tantrum|p1b: Drag\u00e3o Leso\n|-supereffective|p1b: Drag\u00e3o Leso\n|-damage|p1b: Drag\u00e3o Leso|0 fnt\n|-damage|p2b: Ting-Lu|88\/100|[from] ability: Rough Skin|[of] p1b: Drag\u00e3o Leso\n|faint|p1b: Drag\u00e3o Leso\n|\n|win|gorilnx\n|raw|fernoob's rating: 1155 → 1133<\/strong> (-22 for losing)\n|raw|gorilnx's rating: 1197 → 1219<\/strong> (+22 for winning)\n|l|\u2606fernoob\n","uploadtime":1682897761,"views":12,"p1id":"fernoob","p2id":"gorilnx","formatid":"gen9vgc2023regulationc","rating":1133,"private":0,"password":""}