{"id":"gen9vgc2023regulationc-1852274922","p1":"mugiwaraLux","p2":"T4mba00","format":"[Gen 9] VGC 2023 Regulation C","log":"|j|\u2606mugiwaraLux\n|j|\u2606T4mba00\n|t:|1682539081\n|gametype|doubles\n|player|p1|mugiwaraLux|265|1348\n|player|p2|T4mba00|2|1389\n|teamsize|p1|6\n|teamsize|p2|6\n|gen|9\n|tier|[Gen 9] VGC 2023 Regulation C\n|rated|\n|rule|Species Clause: Limit one of each Pok\u00e9mon\n|rule|Item Clause: Limit one of each item\n|clearpoke\n|poke|p1|Palafin, L50, M|\n|poke|p1|Amoonguss, L50, F|\n|poke|p1|Flutter Mane, L50|\n|poke|p1|Arcanine, L50, M|\n|poke|p1|Roaring Moon, L50|\n|poke|p1|Chien-Pao, L50|\n|poke|p2|Gyarados, L50, F|\n|poke|p2|Gholdengo, L50|\n|poke|p2|Amoonguss, L50, M|\n|poke|p2|Flutter Mane, L50|\n|poke|p2|Ting-Lu, L50|\n|poke|p2|Grimmsnarl, L50, M|\n|teampreview|4\n|inactive|Battle timer is ON: inactive players will automatically lose when time's up. (requested by mugiwaraLux)\nmugiwaraLux has agreed to open team sheets.\nT4mba00 has agreed to open team sheets.\n|inactive|mugiwaraLux has 60 seconds left.\n|\n|t:|1682539126\n|start\n|switch|p1a: ChiYu|Arcanine, L50, M|100\/100\n|switch|p1b: Amoonguss|Amoonguss, L50, F|100\/100\n|switch|p2a: Grimmsnarl|Grimmsnarl, L50, M|100\/100\n|switch|p2b: Gholdengo|Gholdengo, L50|100\/100\n|-ability|p1a: ChiYu|Intimidate|boost\n|-unboost|p2a: Grimmsnarl|atk|1\n|-unboost|p2b: Gholdengo|atk|1\n|turn|1\n|inactive|T4mba00 has 30 seconds left.\n|inactive|T4mba00 has 20 seconds left.\n|inactive|T4mba00 has 15 seconds left.\n|\n|t:|1682539171\n|switch|p1a: Palafin|Palafin, L50, M|100\/100\n|-terastallize|p2b: Gholdengo|Water\n|move|p2a: Grimmsnarl|Thunder Wave|p1a: Palafin\n|-status|p1a: Palafin|par\n|move|p2b: Gholdengo|Nasty Plot|p2b: Gholdengo\n|-boost|p2b: Gholdengo|spa|2\n|move|p1b: Amoonguss|Spore|p2a: Grimmsnarl\n|-status|p2a: Grimmsnarl|slp|[from] move: Spore\n|\n|upkeep\n|turn|2\n|inactive|mugiwaraLux has 30 seconds left.\n|inactive|T4mba00 has 30 seconds left.\n|inactive|mugiwaraLux has 20 seconds left.\n|\n|t:|1682539208\n|cant|p2a: Grimmsnarl|slp\n|move|p2b: Gholdengo|Hex|p1a: Palafin\n|-damage|p1a: Palafin|0 fnt\n|faint|p1a: Palafin\n|move|p1b: Amoonguss|Pollen Puff|p1: Palafin|[notarget]\n|-fail|p1b: Amoonguss\n|\n|upkeep\n|\n|t:|1682539214\n|switch|p1a: Roaring Moon|Roaring Moon, L50|100\/100\n|-enditem|p1a: Roaring Moon|Booster Energy\n|-activate|p1a: Roaring Moon|ability: Protosynthesis|[fromitem]\n|-start|p1a: Roaring Moon|protosynthesisatk\n|turn|3\n|inactive|T4mba00 has 30 seconds left.\n|inactive|T4mba00 has 20 seconds left.\n|\n|t:|1682539251\n|switch|p2a: Gyarados|Gyarados, L50, F|100\/100\n|-ability|p2a: Gyarados|Intimidate|boost\n|-unboost|p1a: Roaring Moon|atk|1\n|-unboost|p1b: Amoonguss|atk|1\n|-terastallize|p1a: Roaring Moon|Flying\n|move|p1a: Roaring Moon|Acrobatics|p2b: Gholdengo\n|-damage|p2b: Gholdengo|49\/100\n|move|p2b: Gholdengo|Make It Rain|p1b: Amoonguss|[spread] p1a,p1b\n|-damage|p1a: Roaring Moon|18\/100\n|-damage|p1b: Amoonguss|27\/100\n|-unboost|p2b: Gholdengo|spa|1\n|-enditem|p1b: Amoonguss|Sitrus Berry|[eat]\n|-heal|p1b: Amoonguss|52\/100|[from] item: Sitrus Berry\n|move|p1b: Amoonguss|Pollen Puff|p1a: Roaring Moon\n|-heal|p1a: Roaring Moon|68\/100\n|\n|-heal|p2b: Gholdengo|55\/100|[from] item: Leftovers\n|upkeep\n|turn|4\n|inactive|T4mba00 has 30 seconds left.\n|inactive|T4mba00 has 20 seconds left.\n|inactive|T4mba00 has 15 seconds left.\n|inactive|T4mba00 has 10 seconds left.\n|inactive|T4mba00 has 5 seconds left.\n|\n|t:|1682539306\n|switch|p1b: ChiYu|Arcanine, L50, M|100\/100\n|-ability|p1b: ChiYu|Intimidate|boost\n|-unboost|p2a: Gyarados|atk|1\n|-unboost|p2b: Gholdengo|atk|1\n|move|p1a: Roaring Moon|Dragon Dance|p1a: Roaring Moon\n|-boost|p1a: Roaring Moon|atk|1\n|-boost|p1a: Roaring Moon|spe|1\n|move|p2a: Gyarados|Waterfall|p1a: Roaring Moon\n|-damage|p1a: Roaring Moon|40\/100\n|move|p2b: Gholdengo|Make It Rain|p1b: ChiYu|[spread] p1a,p1b\n|-resisted|p1b: ChiYu\n|-damage|p1a: Roaring Moon|0 fnt\n|-damage|p1b: ChiYu|75\/100\n|-unboost|p2b: Gholdengo|spa|1\n|faint|p1a: Roaring Moon\n|-end|p1a: Roaring Moon|Protosynthesis|[silent]\n|\n|-heal|p2b: Gholdengo|62\/100|[from] item: Leftovers\n|upkeep\n|\n|t:|1682539323\n|switch|p1a: Amoonguss|Amoonguss, L50, F|85\/100\n|turn|5\n|\n|t:|1682539332\n|switch|p2a: Grimmsnarl|Grimmsnarl, L50, M|100\/100 slp\n|move|p1b: ChiYu|Extreme Speed|p2b: Gholdengo\n|-damage|p2b: Gholdengo|42\/100\n|move|p1a: Amoonguss|Rage Powder|p1a: Amoonguss\n|-singleturn|p1a: Amoonguss|move: Rage Powder\n|move|p2b: Gholdengo|Nasty Plot|p2b: Gholdengo\n|-boost|p2b: Gholdengo|spa|2\n|\n|-heal|p2b: Gholdengo|48\/100|[from] item: Leftovers\n|upkeep\n|turn|6\n|c|\u2606mugiwaraLux|\/\/forfeit\n|-message|mugiwaraLux forfeited.\n|\n|win|T4mba00\n|raw|mugiwaraLux's rating: 1348 → 1330<\/strong> (-18 for losing)\n|raw|T4mba00's rating: 1389 → 1407<\/strong> (+18 for winning)\n|c|\u2606mugiwaraLux|im braindead\n|c|\u2606T4mba00|sad\n|l|\u2606T4mba00\n","uploadtime":1682539353,"views":13,"p1id":"mugiwaralux","p2id":"t4mba00","formatid":"gen9vgc2023regulationc","rating":1330,"private":0,"password":""}