{"id":"gen9vgc2023regulationc-1846074804","p1":"tghdfgh","p2":"Man9a","format":"[Gen 9] VGC 2023 Regulation C","log":"|j|\u2606tghdfgh\n|j|\u2606Man9a\n|t:|1681802035\n|gametype|doubles\n|player|p1|tghdfgh|1|1028\n|player|p2|Man9a|hilbert-wonderlauncher|1009\n|teamsize|p1|6\n|teamsize|p2|6\n|gen|9\n|tier|[Gen 9] VGC 2023 Regulation C\n|rated|\n|rule|Species Clause: Limit one of each Pok\u00e9mon\n|rule|Item Clause: Limit one of each item\n|clearpoke\n|poke|p1|Torkoal, L50, F|\n|poke|p1|Chi-Yu, L50|\n|poke|p1|Bronzong, L50|\n|poke|p1|Gastrodon, L50, F|\n|poke|p1|Grimmsnarl, L50, M|\n|poke|p1|Skeledirge, L50, M|\n|poke|p2|Arcanine, L50, F|\n|poke|p2|Grimmsnarl, L50, M|\n|poke|p2|Ting-Lu, L50|\n|poke|p2|Dragonite, L50, F|\n|poke|p2|Pelipper, L50, M|\n|poke|p2|Raichu, L50, M|\n|teampreview|4\n|inactive|Battle timer is ON: inactive players will automatically lose when time's up. (requested by tghdfgh)\n|\n|t:|1681802057\n|start\n|switch|p1a: Torkoal|Torkoal, L50, F|100\/100\n|switch|p1b: Grimmsnarl|Grimmsnarl, L50, M|100\/100\n|switch|p2a: Arcanine|Arcanine, L50, F|100\/100\n|switch|p2b: Grimmsnarl|Grimmsnarl, L50, M|100\/100\n|-ability|p2a: Arcanine|Intimidate|boost\n|-unboost|p1a: Torkoal|atk|1\n|-unboost|p1b: Grimmsnarl|atk|1\n|-weather|SunnyDay|[from] ability: Drought|[of] p1a: Torkoal\n|turn|1\n|\n|t:|1681802070\n|move|p1b: Grimmsnarl|Fake Out|p2a: Arcanine\n|-damage|p2a: Arcanine|89\/100\n|move|p2b: Grimmsnarl|Light Screen|p2b: Grimmsnarl\n|-sidestart|p2: Man9a|move: Light Screen\n|cant|p2a: Arcanine|flinch\n|move|p1a: Torkoal|Eruption|p2b: Grimmsnarl|[spread] p2a,p2b\n|-resisted|p2a: Arcanine\n|-damage|p2a: Arcanine|70\/100\n|-damage|p2b: Grimmsnarl|60\/100\n|-damage|p1a: Torkoal|91\/100|[from] item: Life Orb\n|\n|-weather|SunnyDay|[upkeep]\n|upkeep\n|turn|2\n|\n|t:|1681802081\n|move|p1a: Torkoal|Protect|p1a: Torkoal\n|-singleturn|p1a: Torkoal|Protect\n|move|p2a: Arcanine|Snarl|p1b: Grimmsnarl|[spread] p1b\n|-activate|p1a: Torkoal|move: Protect\n|-resisted|p1b: Grimmsnarl\n|-damage|p1b: Grimmsnarl|98\/100\n|-unboost|p1b: Grimmsnarl|spa|1\n|move|p2b: Grimmsnarl|Leech Life|p1b: Grimmsnarl\n|-damage|p1b: Grimmsnarl|73\/100\n|-heal|p2b: Grimmsnarl|72\/100|[from] drain|[of] p1b: Grimmsnarl\n|move|p1b: Grimmsnarl|Spirit Break|p2b: Grimmsnarl\n|-supereffective|p2b: Grimmsnarl\n|-damage|p2b: Grimmsnarl|9\/100\n|-unboost|p2b: Grimmsnarl|spa|1\n|\n|-weather|SunnyDay|[upkeep]\n|upkeep\n|turn|3\n|inactive|tghdfgh has 30 seconds left.\n|\n|t:|1681802109\n|switch|p2b: Pelipper|Pelipper, L50, M|100\/100\n|-weather|RainDance|[from] ability: Drizzle|[of] p2b: Pelipper\n|move|p2a: Arcanine|Snarl|p1b: Grimmsnarl|[spread] p1a,p1b\n|-resisted|p1b: Grimmsnarl\n|-damage|p1a: Torkoal|75\/100\n|-damage|p1b: Grimmsnarl|71\/100\n|-unboost|p1a: Torkoal|spa|1\n|-unboost|p1b: Grimmsnarl|spa|1\n|move|p1a: Torkoal|Body Press|p2a: Arcanine\n|-damage|p2a: Arcanine|18\/100\n|-damage|p1a: Torkoal|66\/100|[from] item: Life Orb\n|move|p1b: Grimmsnarl|Spirit Break|p2b: Pelipper\n|-damage|p2b: Pelipper|79\/100\n|-unboost|p2b: Pelipper|spa|1\n|\n|-weather|RainDance|[upkeep]\n|upkeep\n|turn|4\n|\n|t:|1681802127\n|switch|p1a: Gastrodon|Gastrodon, L50, F|100\/100\n|move|p2a: Arcanine|Protect|p2a: Arcanine\n|-singleturn|p2a: Arcanine|Protect\n|move|p1b: Grimmsnarl|Sucker Punch||[still]\n|-fail|p1b: Grimmsnarl\n|move|p2b: Pelipper|Tailwind|p2b: Pelipper\n|-sidestart|p2: Man9a|move: Tailwind\n|\n|-weather|RainDance|[upkeep]\n|upkeep\n|turn|5\n|\n|t:|1681802144\n|switch|p2a: Grimmsnarl|Grimmsnarl, L50, M|9\/100\n|move|p1a: Gastrodon|Protect|p1a: Gastrodon\n|-singleturn|p1a: Gastrodon|Protect\n|move|p2b: Pelipper|Hurricane|p1a: Gastrodon\n|-activate|p1a: Gastrodon|move: Protect\n|move|p1b: Grimmsnarl|Spirit Break|p2b: Pelipper\n|-damage|p2b: Pelipper|56\/100\n|-unboost|p2b: Pelipper|spa|1\n|\n|-weather|RainDance|[upkeep]\n|upkeep\n|turn|6\n|\n|t:|1681802156\n|switch|p1a: Torkoal|Torkoal, L50, F|66\/100\n|-weather|SunnyDay|[from] ability: Drought|[of] p1a: Torkoal\n|move|p2b: Pelipper|Hurricane|p1a: Torkoal|[miss]\n|-miss|p2b: Pelipper|p1a: Torkoal\n|move|p2a: Grimmsnarl|Leech Life|p1b: Grimmsnarl\n|-damage|p1b: Grimmsnarl|47\/100\n|-heal|p2a: Grimmsnarl|20\/100|[from] drain|[of] p1b: Grimmsnarl\n|move|p1b: Grimmsnarl|Spirit Break|p2a: Grimmsnarl\n|-supereffective|p2a: Grimmsnarl\n|-damage|p2a: Grimmsnarl|0 fnt\n|faint|p2a: Grimmsnarl\n|\n|-weather|SunnyDay|[upkeep]\n|upkeep\n|\n|t:|1681802167\n|switch|p2a: Arcanine|Arcanine, L50, F|18\/100\n|-ability|p2a: Arcanine|Intimidate|boost\n|-unboost|p1a: Torkoal|atk|1\n|-unboost|p1b: Grimmsnarl|atk|1\n|turn|7\n|\n|t:|1681802182\n|switch|p2b: Ting-Lu|Ting-Lu, L50|100\/100\n|-ability|p2b: Ting-Lu|Vessel of Ruin\n|move|p2a: Arcanine|Protect|p2a: Arcanine\n|-singleturn|p2a: Arcanine|Protect\n|move|p1a: Torkoal|Protect|p1a: Torkoal\n|-singleturn|p1a: Torkoal|Protect\n|move|p1b: Grimmsnarl|Trick|p2b: Ting-Lu\n|-hint|Since gen 7, Dark is immune to Prankster moves.\n|-immune|p2b: Ting-Lu\n|\n|-weather|SunnyDay|[upkeep]\n|-sideend|p2: Man9a|move: Tailwind\n|upkeep\n|turn|8\n|\n|t:|1681802206\n|switch|p2a: Pelipper|Pelipper, L50, M|56\/100\n|-weather|RainDance|[from] ability: Drizzle|[of] p2a: Pelipper\n|switch|p1a: Gastrodon|Gastrodon, L50, F|100\/100\n|move|p1b: Grimmsnarl|Trick|p2a: Pelipper\n|-activate|p1b: Grimmsnarl|move: Trick|[of] p2a: Pelipper\n|-item|p2a: Pelipper|Lagging Tail|[from] move: Trick\n|-item|p1b: Grimmsnarl|Damp Rock|[from] move: Trick\n|move|p2b: Ting-Lu|Earthquake|p1b: Grimmsnarl|[spread] p1a,p1b\n|-immune|p2a: Pelipper\n|-damage|p1a: Gastrodon|53\/100\n|-damage|p1b: Grimmsnarl|3\/100\n|\n|-weather|RainDance|[upkeep]\n|-sideend|p2: Man9a|move: Light Screen\n|upkeep\n|turn|9\n|inactive|Man9a has 30 seconds left.\n|\n|t:|1681802233\n|switch|p1a: Torkoal|Torkoal, L50, F|66\/100\n|-weather|SunnyDay|[from] ability: Drought|[of] p1a: Torkoal\n|move|p2a: Pelipper|Protect|p2a: Pelipper\n|-singleturn|p2a: Pelipper|Protect\n|move|p1b: Grimmsnarl|Spirit Break|p2a: Pelipper\n|-activate|p2a: Pelipper|move: Protect\n|move|p2b: Ting-Lu|Earthquake|p1a: Torkoal|[spread] p1a,p1b\n|-activate|p2a: Pelipper|move: Protect\n|-supereffective|p1a: Torkoal\n|-damage|p1a: Torkoal|12\/100\n|-damage|p1b: Grimmsnarl|0 fnt\n|faint|p1b: Grimmsnarl\n|\n|-weather|SunnyDay|[upkeep]\n|upkeep\n|\n|t:|1681802244\n|switch|p1b: Bronzong|Bronzong, L50|100\/100\n|turn|10\n|\n|t:|1681802254\n|switch|p2a: Arcanine|Arcanine, L50, F|18\/100\n|-ability|p2a: Arcanine|Intimidate|boost\n|-unboost|p1a: Torkoal|atk|1\n|-unboost|p1b: Bronzong|atk|1\n|move|p1a: Torkoal|Protect|p1a: Torkoal\n|-singleturn|p1a: Torkoal|Protect\n|move|p2b: Ting-Lu|Rock Slide|p1a: Torkoal|[spread] p1b\n|-activate|p1a: Torkoal|move: Protect\n|-resisted|p1b: Bronzong\n|-damage|p1b: Bronzong|94\/100\n|cant|p1b: Bronzong|flinch\n|\n|-weather|SunnyDay|[upkeep]\n|upkeep\n|turn|11\n|\n|t:|1681802271\n|switch|p1a: Gastrodon|Gastrodon, L50, F|53\/100\n|-terastallize|p1b: Bronzong|Fighting\n|move|p2a: Arcanine|Protect|p2a: Arcanine\n|-singleturn|p2a: Arcanine|Protect\n|move|p2b: Ting-Lu|Earthquake|p1b: Bronzong|[spread] p1a\n|-activate|p2a: Arcanine|move: Protect\n|-immune|p1b: Bronzong|[from] ability: Levitate\n|-damage|p1a: Gastrodon|11\/100\n|move|p1b: Bronzong|Trick Room|p1b: Bronzong\n|-fieldstart|move: Trick Room|[of] p1b: Bronzong\n|\n|-weather|SunnyDay|[upkeep]\n|upkeep\n|turn|12\n|\n|t:|1681802296\n|move|p1a: Gastrodon|Protect|p1a: Gastrodon\n|-singleturn|p1a: Gastrodon|Protect\n|move|p1b: Bronzong|Body Press|p2a: Arcanine\n|-damage|p2a: Arcanine|0 fnt\n|faint|p2a: Arcanine\n|move|p2b: Ting-Lu|Earthquake|p1b: Bronzong|[spread] \n|-activate|p1a: Gastrodon|move: Protect\n|-immune|p1b: Bronzong|[from] ability: Levitate\n|\n|-weather|SunnyDay|[upkeep]\n|upkeep\n|\n|t:|1681802304\n|switch|p2a: Pelipper|Pelipper, L50, M|56\/100\n|-weather|RainDance|[from] ability: Drizzle|[of] p2a: Pelipper\n|turn|13\n|\n|t:|1681802314\n|switch|p1a: Torkoal|Torkoal, L50, F|12\/100\n|-weather|SunnyDay|[from] ability: Drought|[of] p1a: Torkoal\n|move|p1b: Bronzong|Body Press|p2a: Pelipper\n|-resisted|p2a: Pelipper\n|-damage|p2a: Pelipper|37\/100\n|move|p2b: Ting-Lu|Rock Slide|p1b: Bronzong|[spread] p1a,p1b\n|-supereffective|p1a: Torkoal\n|-resisted|p1b: Bronzong\n|-damage|p1a: Torkoal|0 fnt\n|-damage|p1b: Bronzong|88\/100\n|faint|p1a: Torkoal\n|move|p2a: Pelipper|Chilling Water|p1b: Bronzong\n|-damage|p1b: Bronzong|83\/100\n|-unboost|p1b: Bronzong|atk|1\n|\n|-weather|SunnyDay|[upkeep]\n|upkeep\n|\n|t:|1681802322\n|switch|p1a: Gastrodon|Gastrodon, L50, F|11\/100\n|turn|14\n|\n|t:|1681802336\n|move|p1a: Gastrodon|Protect|p1a: Gastrodon\n|-singleturn|p1a: Gastrodon|Protect\n|move|p2a: Pelipper|Protect|p2a: Pelipper\n|-singleturn|p2a: Pelipper|Protect\n|move|p1b: Bronzong|Body Press|p2b: Ting-Lu\n|-supereffective|p2b: Ting-Lu\n|-damage|p2b: Ting-Lu|56\/100\n|move|p2b: Ting-Lu|Payback|p1a: Gastrodon\n|-activate|p1a: Gastrodon|move: Protect\n|\n|-weather|SunnyDay|[upkeep]\n|-heal|p2b: Ting-Lu|62\/100|[from] item: Leftovers\n|upkeep\n|turn|15\n|\n|t:|1681802346\n|move|p2b: Ting-Lu|Protect|p2b: Ting-Lu\n|-singleturn|p2b: Ting-Lu|Protect\n|move|p2a: Pelipper|Protect||[still]\n|-fail|p2a: Pelipper\n|move|p1b: Bronzong|Body Press|p2a: Pelipper\n|-resisted|p2a: Pelipper\n|-damage|p2a: Pelipper|18\/100\n|move|p1a: Gastrodon|Sludge Bomb|p2a: Pelipper\n|-damage|p2a: Pelipper|0 fnt\n|faint|p2a: Pelipper\n|\n|-weather|SunnyDay|[upkeep]\n|-heal|p2b: Ting-Lu|68\/100|[from] item: Leftovers\n|-fieldend|move: Trick Room\n|upkeep\n|turn|16\n|\n|t:|1681802359\n|move|p1a: Gastrodon|Protect|p1a: Gastrodon\n|-singleturn|p1a: Gastrodon|Protect\n|move|p2b: Ting-Lu|Rock Slide|p1b: Bronzong|[spread] p1b\n|-activate|p1a: Gastrodon|move: Protect\n|-resisted|p1b: Bronzong\n|-damage|p1b: Bronzong|76\/100\n|move|p1b: Bronzong|Trick Room|p1b: Bronzong\n|-fieldstart|move: Trick Room|[of] p1b: Bronzong\n|\n|-weather|SunnyDay|[upkeep]\n|-heal|p2b: Ting-Lu|75\/100|[from] item: Leftovers\n|upkeep\n|turn|17\n|\n|t:|1681802367\n|move|p1b: Bronzong|Body Press|p2b: Ting-Lu\n|-supereffective|p2b: Ting-Lu\n|-crit|p2b: Ting-Lu\n|-damage|p2b: Ting-Lu|6\/100\n|move|p1a: Gastrodon|Sludge Bomb|p2b: Ting-Lu\n|-resisted|p2b: Ting-Lu\n|-damage|p2b: Ting-Lu|0 fnt\n|faint|p2b: Ting-Lu\n|\n|win|tghdfgh\n|raw|tghdfgh's rating: 1016 → 1053<\/strong> (+37 for winning)\n|raw|Man9a's rating: 1009 → 1000<\/strong> (-9 for losing)\n","uploadtime":1681802371,"views":5,"p1id":"tghdfgh","p2id":"man9a","formatid":"gen9vgc2023regulationc","rating":1000,"private":0,"password":""}