{"id":"gen9vgc2023regulationc-1849316356","p1":"TheOrangeGrape","p2":"123datastage123","format":"[Gen 9] VGC 2023 Regulation C","log":"|j|\u2606TheOrangeGrape\n|j|\u2606123datastage123\n|t:|1682185102\n|gametype|doubles\n|player|p1|TheOrangeGrape|266|1327\n|player|p2|123datastage123|n|1252\n|teamsize|p1|6\n|teamsize|p2|6\n|gen|9\n|tier|[Gen 9] VGC 2023 Regulation C\n|rated|\n|rule|Species Clause: Limit one of each Pok\u00e9mon\n|rule|Item Clause: Limit one of each item\n|clearpoke\n|poke|p1|Baxcalibur, L50, M|\n|poke|p1|Grimmsnarl, L50, M|\n|poke|p1|Azumarill, L50, F|\n|poke|p1|Chi-Yu, L50|\n|poke|p1|Salamence, L50, F|\n|poke|p1|Flutter Mane, L50|\n|poke|p2|Ting-Lu, L50|\n|poke|p2|Palafin, L50, M|\n|poke|p2|Flutter Mane, L50|\n|poke|p2|Arcanine, L50, M|\n|poke|p2|Amoonguss, L50, M|\n|poke|p2|Corviknight, L50, M|\n|teampreview|4\n|inactive|Battle timer is ON: inactive players will automatically lose when time's up. (requested by 123datastage123)\n|inactive|123datastage123 has 60 seconds left.\n|inactive|123datastage123 has 30 seconds left.\n|inactive|123datastage123 has 20 seconds left.\n|inactive|123datastage123 has 15 seconds left.\n|\n|t:|1682185177\n|start\n|switch|p1a: Grimmsnarl|Grimmsnarl, L50, M|100\/100\n|switch|p1b: Chi-Yu|Chi-Yu, L50|100\/100\n|switch|p2a: Flutter Mane|Flutter Mane, L50, shiny|100\/100\n|switch|p2b: Palafin|Palafin, L50, M|100\/100\n|-ability|p1b: Chi-Yu|Beads of Ruin\n|-enditem|p2a: Flutter Mane|Booster Energy\n|-activate|p2a: Flutter Mane|ability: Protosynthesis|[fromitem]\n|-start|p2a: Flutter Mane|protosynthesisspa\n|turn|1\n|inactive|123datastage123 has 30 seconds left.\n|\n|t:|1682185208\n|move|p1a: Grimmsnarl|Thunder Wave|p2a: Flutter Mane\n|-status|p2a: Flutter Mane|par\n|move|p1b: Chi-Yu|Dark Pulse|p2a: Flutter Mane\n|-damage|p2a: Flutter Mane|45\/100 par\n|move|p2b: Palafin|Wave Crash|p1b: Chi-Yu\n|-supereffective|p1b: Chi-Yu\n|-damage|p1b: Chi-Yu|0 fnt\n|faint|p1b: Chi-Yu\n|-damage|p2b: Palafin|79\/100|[from] Recoil\n|move|p2a: Flutter Mane|Moonblast|p1a: Grimmsnarl\n|-supereffective|p1a: Grimmsnarl\n|-enditem|p1a: Grimmsnarl|Roseli Berry|[eat]\n|-enditem|p1a: Grimmsnarl|Roseli Berry|[weaken]\n|-damage|p1a: Grimmsnarl|54\/100\n|-unboost|p1a: Grimmsnarl|spa|1\n|\n|upkeep\n|\n|t:|1682185224\n|switch|p1b: Flutter Mane|Flutter Mane, L50|100\/100\n|-enditem|p1b: Flutter Mane|Booster Energy\n|-activate|p1b: Flutter Mane|ability: Protosynthesis|[fromitem]\n|-start|p1b: Flutter Mane|protosynthesisspa\n|turn|2\n|inactive|123datastage123 has 30 seconds left.\n|\n|t:|1682185249\n|detailschange|p2b: Palafin|Palafin-Hero, L50, M\n|switch|p2b: Corviknight|Corviknight, L50, M|100\/100\n|-end|p2a: Flutter Mane|Protosynthesis|[silent]\n|switch|p2a: Amoonguss|Amoonguss, L50, M, shiny|100\/100\n|move|p1a: Grimmsnarl|Thunder Wave|p2b: Corviknight\n|-status|p2b: Corviknight|par\n|-enditem|p2b: Corviknight|Lum Berry|[eat]\n|-curestatus|p2b: Corviknight|par|[msg]\n|move|p1b: Flutter Mane|Dazzling Gleam|p2b: Corviknight|[spread] p2a,p2b\n|-resisted|p2a: Amoonguss\n|-resisted|p2b: Corviknight\n|-damage|p2a: Amoonguss|80\/100\n|-damage|p2b: Corviknight|83\/100\n|\n|upkeep\n|turn|3\n|inactive|TheOrangeGrape has 30 seconds left.\n|inactive|123datastage123 has 30 seconds left.\n|inactive|123datastage123 has 20 seconds left.\n|\n|t:|1682185288\n|-terastallize|p1b: Flutter Mane|Steel\n|move|p2a: Amoonguss|Rage Powder|p2a: Amoonguss\n|-singleturn|p2a: Amoonguss|move: Rage Powder\n|move|p1a: Grimmsnarl|Misty Terrain|p1a: Grimmsnarl\n|-fieldstart|move: Misty Terrain\n|move|p1b: Flutter Mane|Shadow Ball|p2a: Amoonguss\n|-damage|p2a: Amoonguss|31\/100\n|-enditem|p2a: Amoonguss|Sitrus Berry|[eat]\n|-heal|p2a: Amoonguss|55\/100|[from] item: Sitrus Berry\n|move|p2b: Corviknight|Iron Head|p1b: Flutter Mane\n|-resisted|p1b: Flutter Mane\n|-damage|p1b: Flutter Mane|73\/100\n|\n|upkeep\n|turn|4\n|\n|t:|1682185309\n|switch|p1a: Azumarill|Azumarill, L50, F|100\/100\n|move|p2a: Amoonguss|Rage Powder|p2a: Amoonguss\n|-singleturn|p2a: Amoonguss|move: Rage Powder\n|move|p1b: Flutter Mane|Shadow Ball|p2a: Amoonguss\n|-damage|p2a: Amoonguss|0 fnt\n|faint|p2a: Amoonguss\n|move|p2b: Corviknight|Iron Head|p1a: Azumarill\n|-damage|p1a: Azumarill|72\/100\n|\n|upkeep\n|\n|t:|1682185320\n|switch|p2a: Palafin|Palafin-Hero, L50, M|79\/100\n|-activate|p2a: Palafin|ability: Zero to Hero\n|turn|5\n|\n|t:|1682185340\n|move|p1b: Flutter Mane|Protect|p1b: Flutter Mane\n|-singleturn|p1b: Flutter Mane|Protect\n|move|p2a: Palafin|Wave Crash|p1b: Flutter Mane\n|-activate|p1b: Flutter Mane|move: Protect\n|move|p2b: Corviknight|Brave Bird|p1a: Azumarill\n|-damage|p1a: Azumarill|27\/100\n|-damage|p2b: Corviknight|68\/100|[from] Recoil\n|move|p1a: Azumarill|Play Rough|p2a: Palafin|[miss]\n|-miss|p1a: Azumarill|p2a: Palafin\n|\n|upkeep\n|turn|6\n|\n|t:|1682185365\n|-terastallize|p2a: Palafin|Water\n|move|p2a: Palafin|Jet Punch|p1b: Flutter Mane\n|-damage|p1b: Flutter Mane|0 fnt\n|faint|p1b: Flutter Mane\n|-end|p1b: Flutter Mane|Protosynthesis|[silent]\n|move|p1a: Azumarill|Aqua Jet|p2b: Corviknight\n|-damage|p2b: Corviknight|45\/100\n|move|p2b: Corviknight|Iron Head|p1a: Azumarill\n|-damage|p1a: Azumarill|0 fnt\n|faint|p1a: Azumarill\n|\n|upkeep\n|-message|TheOrangeGrape forfeited.\n|\n|win|123datastage123\n|raw|TheOrangeGrape's rating: 1327 → 1303<\/strong> (-24 for losing)\n|raw|123datastage123's rating: 1252 → 1282<\/strong> (+30 for winning)\n|l|\u2606TheOrangeGrape\n","uploadtime":1682185376,"views":2,"p1id":"theorangegrape","p2id":"123datastage123","formatid":"gen9vgc2023regulationc","rating":1282,"private":0,"password":""}