{"id":"gen9vgc2023regulationc-1862514642","p1":"Prompto88","p2":"level1000truegamer","format":"[Gen 9] VGC 2023 Regulation C","log":"|j|\u2606Prompto88\n|j|\u2606level1000truegamer\n|t:|1683896365\n|gametype|doubles\n|player|p1|Prompto88|265|1219\n|player|p2|level1000truegamer|lucas-gen4pt|1310\n|teamsize|p1|6\n|teamsize|p2|6\n|gen|9\n|tier|[Gen 9] VGC 2023 Regulation C\n|rated|\n|rule|Species Clause: Limit one of each Pok\u00e9mon\n|rule|Item Clause: Limit one of each item\n|clearpoke\n|poke|p1|Gothitelle, L50, F|\n|poke|p1|Arcanine, L50, F|\n|poke|p1|Garganacl, L50, M|\n|poke|p1|Ting-Lu, L50|\n|poke|p1|Wo-Chien, L50|\n|poke|p1|Glimmora, L50, F|\n|poke|p2|Garganacl, L50, M|\n|poke|p2|Gastrodon-East, L50, F|\n|poke|p2|Wo-Chien, L50|\n|poke|p2|Roaring Moon, L50|\n|poke|p2|Flutter Mane, L50|\n|poke|p2|Gothitelle, L50, F|\n|teampreview|4\n|inactive|Battle timer is ON: inactive players will automatically lose when time's up. (requested by Prompto88)\nlevel1000truegamer has agreed to open team sheets.\n|c|\u2606Prompto88|mirror?\n|inactive|level1000truegamer has 60 seconds left.\n|inactive|level1000truegamer has 30 seconds left.\n|inactive|level1000truegamer has 20 seconds left.\n|\n|t:|1683896440\n|start\n|switch|p1a: Garganacl|Garganacl, L50, M|100\/100\n|switch|p1b: Arcanine|Arcanine, L50, F|100\/100\n|switch|p2a: Playbstaion 4|Gastrodon-East, L50, F|100\/100\n|switch|p2b: Roaring Moon|Roaring Moon, L50|100\/100\n|-ability|p1b: Arcanine|Intimidate|boost\n|-unboost|p2a: Playbstaion 4|atk|1\n|-unboost|p2b: Roaring Moon|atk|1\n|-enditem|p2b: Roaring Moon|Booster Energy\n|-activate|p2b: Roaring Moon|ability: Protosynthesis|[fromitem]\n|-start|p2b: Roaring Moon|protosynthesisspe\n|turn|1\n|\n|t:|1683896461\n|move|p2b: Roaring Moon|Iron Head|p1a: Garganacl\n|-supereffective|p1a: Garganacl\n|-damage|p1a: Garganacl|76\/100\n|move|p1b: Arcanine|Will-O-Wisp|p2b: Roaring Moon\n|-status|p2b: Roaring Moon|brn\n|move|p2a: Playbstaion 4|Muddy Water|p1a: Garganacl|[spread] p1a,p1b\n|-supereffective|p1a: Garganacl\n|-supereffective|p1b: Arcanine\n|-damage|p1a: Garganacl|42\/100\n|-damage|p1b: Arcanine|57\/100\n|cant|p1a: Garganacl|flinch\n|\n|-heal|p1a: Garganacl|47\/100|[from] item: Leftovers\n|-damage|p2b: Roaring Moon|95\/100 brn|[from] brn\n|upkeep\n|turn|2\n|inactive|level1000truegamer has 30 seconds left.\n|inactive|level1000truegamer has 20 seconds left.\n|inactive|level1000truegamer has 15 seconds left.\n|\n|t:|1683896503\n|move|p2b: Roaring Moon|Rock Slide|p1b: Arcanine|[spread] p1a,p1b\n|-crit|p1a: Garganacl\n|-supereffective|p1b: Arcanine\n|-damage|p1a: Garganacl|38\/100\n|-damage|p1b: Arcanine|43\/100\n|move|p1b: Arcanine|Snarl|p2a: Playbstaion 4|[spread] p2a,p2b\n|-resisted|p2b: Roaring Moon\n|-damage|p2a: Playbstaion 4|94\/100\n|-damage|p2b: Roaring Moon|90\/100 brn\n|-unboost|p2a: Playbstaion 4|spa|1\n|-unboost|p2b: Roaring Moon|spa|1\n|move|p2a: Playbstaion 4|Earth Power|p1a: Garganacl\n|-supereffective|p1a: Garganacl\n|-damage|p1a: Garganacl|6\/100\n|cant|p1a: Garganacl|flinch\n|\n|-heal|p1a: Garganacl|12\/100|[from] item: Leftovers\n|-damage|p2b: Roaring Moon|84\/100 brn|[from] brn\n|upkeep\n|turn|3\n|inactive|Prompto88 has 30 seconds left.\n|inactive|level1000truegamer has 30 seconds left.\n|inactive|level1000truegamer has 20 seconds left.\n|c|\u2606Prompto88|only flinch...\n|inactive|level1000truegamer has 15 seconds left.\n|\n|t:|1683896547\n|switch|p1a: Glimmora|Glimmora, L50, F|100\/100\n|-item|p1a: Glimmora|Air Balloon\n|move|p2b: Roaring Moon|Rock Slide|p1b: Arcanine|[spread] p1a\n|-miss|p2b: Roaring Moon|p1b: Arcanine\n|-damage|p1a: Glimmora|94\/100\n|-enditem|p1a: Glimmora|Air Balloon\n|move|p1b: Arcanine|Snarl|p2a: Playbstaion 4|[spread] \n|-miss|p1b: Arcanine|p2a: Playbstaion 4\n|-miss|p1b: Arcanine|p2b: Roaring Moon\n|move|p2a: Playbstaion 4|Muddy Water|p1b: Arcanine|[spread] p1a,p1b\n|-supereffective|p1a: Glimmora\n|-supereffective|p1b: Arcanine\n|-damage|p1a: Glimmora|69\/100\n|-damage|p1b: Arcanine|15\/100\n|\n|-damage|p2b: Roaring Moon|78\/100 brn|[from] brn\n|upkeep\n|turn|4\n|inactive|Prompto88 has 30 seconds left.\n|inactive|level1000truegamer has 30 seconds left.\n|inactive|level1000truegamer has 20 seconds left.\n|inactive|level1000truegamer has 15 seconds left.\n|inactive|level1000truegamer has 10 seconds left.\n|\n|t:|1683896593\n|-terastallize|p1a: Glimmora|Grass\n|move|p2a: Playbstaion 4|Protect|p2a: Playbstaion 4\n|-singleturn|p2a: Playbstaion 4|Protect\n|move|p2b: Roaring Moon|Rock Slide|p1b: Arcanine|[spread] p1a,p1b\n|-crit|p1a: Glimmora\n|-supereffective|p1b: Arcanine\n|-damage|p1a: Glimmora|53\/100\n|-damage|p1b: Arcanine|2\/100\n|move|p1b: Arcanine|Snarl|p2b: Roaring Moon|[spread] p2b\n|-activate|p2a: Playbstaion 4|move: Protect\n|-resisted|p2b: Roaring Moon\n|-damage|p2b: Roaring Moon|74\/100 brn\n|-unboost|p2b: Roaring Moon|spa|1\n|move|p1a: Glimmora|Toxic|p2a: Playbstaion 4\n|-activate|p2a: Playbstaion 4|move: Protect\n|\n|-damage|p2b: Roaring Moon|68\/100 brn|[from] brn\n|upkeep\n|turn|5\n|inactive|level1000truegamer has 30 seconds left.\n|\n|t:|1683896622\n|switch|p2a: Mine craft|Garganacl, L50, M|100\/100\n|move|p2b: Roaring Moon|Rock Slide|p1b: Arcanine|[spread] p1a,p1b\n|-supereffective|p1b: Arcanine\n|-damage|p1a: Glimmora|46\/100\n|-damage|p1b: Arcanine|0 fnt\n|faint|p1b: Arcanine\n|cant|p1a: Glimmora|flinch\n|\n|-damage|p2b: Roaring Moon|62\/100 brn|[from] brn\n|upkeep\n|\n|t:|1683896632\n|switch|p1b: Gothitelle|Gothitelle, L50, F|100\/100\n|turn|6\n|\n|t:|1683896661\n|move|p1b: Gothitelle|Fake Out|p2b: Roaring Moon\n|-damage|p2b: Roaring Moon|55\/100 brn\n|cant|p2b: Roaring Moon|flinch\n|move|p1a: Glimmora|Acid Armor|p1a: Glimmora\n|-boost|p1a: Glimmora|def|2\n|move|p2a: Mine craft|Salt Cure|p1a: Glimmora\n|-damage|p1a: Glimmora|38\/100\n|-start|p1a: Glimmora|Salt Cure\n|\n|-damage|p2b: Roaring Moon|49\/100 brn|[from] brn\n|-damage|p1a: Glimmora|25\/100|[from] Salt Cure\n|upkeep\n|turn|7\n|\n|t:|1683896685\n|move|p1a: Glimmora|Spiky Shield|p1a: Glimmora\n|-singleturn|p1a: Glimmora|move: Protect\n|move|p2b: Roaring Moon|Jaw Lock|p1a: Glimmora\n|-activate|p1a: Glimmora|move: Protect\n|-damage|p2b: Roaring Moon|37\/100 brn|[from] Spiky Shield|[of] p1a: Glimmora\n|move|p2a: Mine craft|Salt Cure|p1b: Gothitelle\n|-damage|p1b: Gothitelle|86\/100\n|-start|p1b: Gothitelle|Salt Cure\n|move|p1b: Gothitelle|Trick Room|p1b: Gothitelle\n|-fieldstart|move: Trick Room|[of] p1b: Gothitelle\n|\n|-damage|p2b: Roaring Moon|31\/100 brn|[from] brn\n|-damage|p1b: Gothitelle|74\/100|[from] Salt Cure\n|-damage|p1a: Glimmora|13\/100|[from] Salt Cure\n|upkeep\n|turn|8\n|inactive|level1000truegamer has 30 seconds left.\n|\n|t:|1683896718\n|move|p2a: Mine craft|Salt Cure|p1a: Glimmora\n|-damage|p1a: Glimmora|5\/100\n|move|p1b: Gothitelle|Heal Pulse|p1a: Glimmora\n|-heal|p1a: Glimmora|55\/100\n|move|p1a: Glimmora|Venoshock|p2a: Mine craft\n|-resisted|p2a: Mine craft\n|-damage|p2a: Mine craft|89\/100\n|move|p2b: Roaring Moon|Jaw Lock|p1b: Gothitelle\n|-supereffective|p1b: Gothitelle\n|-crit|p1b: Gothitelle\n|-damage|p1b: Gothitelle|11\/100\n|-activate|p2b: Roaring Moon|trapped\n|-activate|p1b: Gothitelle|trapped\n|\n|-heal|p2a: Mine craft|95\/100|[from] item: Leftovers\n|-damage|p2b: Roaring Moon|25\/100 brn|[from] brn\n|-damage|p1b: Gothitelle|0 fnt|[from] Salt Cure\n|faint|p1b: Gothitelle\n|-damage|p1a: Glimmora|43\/100|[from] Salt Cure\n|upkeep\n|\n|t:|1683896734\n|switch|p1b: Garganacl|Garganacl, L50, M|12\/100\n|turn|9\n|inactive|level1000truegamer has 30 seconds left.\n|\n|t:|1683896767\n|move|p1a: Glimmora|Spiky Shield|p1a: Glimmora\n|-singleturn|p1a: Glimmora|move: Protect\n|move|p1b: Garganacl|Salt Cure|p2a: Mine craft\n|-damage|p2a: Mine craft|86\/100\n|-start|p2a: Mine craft|Salt Cure\n|move|p2a: Mine craft|Salt Cure|p1b: Garganacl\n|-damage|p1b: Garganacl|2\/100\n|-start|p1b: Garganacl|Salt Cure\n|move|p2b: Roaring Moon|Jaw Lock|p1a: Glimmora\n|-activate|p1a: Glimmora|move: Protect\n|-damage|p2b: Roaring Moon|12\/100 brn|[from] Spiky Shield|[of] p1a: Glimmora\n|\n|-heal|p2a: Mine craft|92\/100|[from] item: Leftovers\n|-heal|p1b: Garganacl|8\/100|[from] item: Leftovers\n|-damage|p2b: Roaring Moon|6\/100 brn|[from] brn\n|-damage|p2a: Mine craft|80\/100|[from] Salt Cure\n|-damage|p1b: Garganacl|0 fnt|[from] Salt Cure\n|faint|p1b: Garganacl\n|-damage|p1a: Glimmora|30\/100|[from] Salt Cure\n|upkeep\n|turn|10\n|\n|t:|1683896788\n|move|p2a: Mine craft|Salt Cure|p1a: Glimmora\n|-damage|p1a: Glimmora|23\/100\n|move|p1a: Glimmora|Venoshock|p2b: Roaring Moon\n|-damage|p2b: Roaring Moon|0 fnt\n|faint|p2b: Roaring Moon\n|-end|p2b: Roaring Moon|Protosynthesis|[silent]\n|\n|-heal|p2a: Mine craft|86\/100|[from] item: Leftovers\n|-damage|p2a: Mine craft|73\/100|[from] Salt Cure\n|-damage|p1a: Glimmora|11\/100|[from] Salt Cure\n|upkeep\n|\n|t:|1683896798\n|switch|p2b: Wo-Chien|Wo-Chien, L50|100\/100\n|-ability|p2b: Wo-Chien|Tablets of Ruin\n|turn|11\n|\n|t:|1683896809\n|move|p2a: Mine craft|Salt Cure|p1a: Glimmora\n|-damage|p1a: Glimmora|6\/100\n|move|p2b: Wo-Chien|Pollen Puff|p1a: Glimmora\n|-supereffective|p1a: Glimmora\n|-damage|p1a: Glimmora|0 fnt\n|faint|p1a: Glimmora\n|\n|win|level1000truegamer\n|raw|Prompto88's rating: 1219 → 1200<\/strong> (-19 for losing)\n|raw|level1000truegamer's rating: 1310 → 1325<\/strong> (+15 for winning)\n","uploadtime":1683896815,"views":15,"p1id":"prompto88","p2id":"level1000truegamer","formatid":"gen9vgc2023regulationc","rating":1200,"private":0,"password":""}