{"id":"gen9vgc2023regulationc-1861973977","p1":"boat emoticon","p2":"Navi1120","format":"[Gen 9] VGC 2023 Regulation C","log":"|j|\u203dboat emoticon\n|j|\u203dNavi1120\n|t:|1683825464\n|gametype|doubles\n|player|p1|boat emoticon|caitlin|1000\n|player|p2|Navi1120|swimmer-gen4dp|1041\n|teamsize|p1|6\n|teamsize|p2|6\n|gen|9\n|tier|[Gen 9] VGC 2023 Regulation C\n|rated|\n|rule|Species Clause: Limit one of each Pok\u00e9mon\n|rule|Item Clause: Limit one of each item\n|clearpoke\n|poke|p1|Dondozo, L50, F|\n|poke|p1|Tatsugiri, L50, F|\n|poke|p1|Chi-Yu, L50|\n|poke|p1|Iron Bundle, L50|\n|poke|p1|Flutter Mane, L50|\n|poke|p1|Glimmora, L50, F|\n|poke|p2|Iron Bundle, L50|\n|poke|p2|Annihilape, L50, M|\n|poke|p2|Ting-Lu, L50|\n|poke|p2|Arcanine, L50, M|\n|poke|p2|Amoonguss, L50, M|\n|poke|p2|Scream Tail, L50|\n|teampreview|4\n|inactive|Battle timer is ON: inactive players will automatically lose when time's up. (requested by boat emoticon)\n|inactive|Navi1120 has 60 seconds left.\n|inactive|boat emoticon has 60 seconds left.\n|\n|t:|1683825513\n|start\n|switch|p1a: Iron Bundle|Iron Bundle, L50|100\/100\n|switch|p1b: Glimmora|Glimmora, L50, F|100\/100\n|switch|p2a: Scream Tail|Scream Tail, L50|100\/100\n|switch|p2b: Ting-Lu|Ting-Lu, L50|100\/100\n|-ability|p2b: Ting-Lu|Vessel of Ruin\n|-enditem|p1a: Iron Bundle|Booster Energy\n|-activate|p1a: Iron Bundle|ability: Quark Drive|[fromitem]\n|-start|p1a: Iron Bundle|quarkdrivespe\n|turn|1\n|inactive|boat emoticon has 30 seconds left.\n|\n|t:|1683825547\n|-terastallize|p2b: Ting-Lu|Steel\n|move|p1a: Iron Bundle|Protect|p1a: Iron Bundle\n|-singleturn|p1a: Iron Bundle|Protect\n|move|p2a: Scream Tail|Thunder Wave|p1a: Iron Bundle\n|-activate|p1a: Iron Bundle|move: Protect\n|move|p1b: Glimmora|Mortal Spin|p2a: Scream Tail|[spread] p2a\n|-immune|p2b: Ting-Lu\n|-supereffective|p2a: Scream Tail\n|-damage|p2a: Scream Tail|91\/100\n|move|p2b: Ting-Lu|Earthquake|p1a: Iron Bundle|[spread] p2a,p1b\n|-activate|p1a: Iron Bundle|move: Protect\n|-supereffective|p1b: Glimmora\n|-damage|p2a: Scream Tail|66\/100\n|-damage|p1b: Glimmora|0 fnt\n|-activate|p1b: Glimmora|ability: Toxic Debris\n|-sidestart|p2: Navi1120|move: Toxic Spikes\n|faint|p1b: Glimmora\n|\n|upkeep\n|\n|t:|1683825564\n|switch|p1b: Dondozo|Dondozo, L50, F|100\/100\n|turn|2\n|\n|t:|1683825588\n|move|p1b: Dondozo|Protect|p1b: Dondozo\n|-singleturn|p1b: Dondozo|Protect\n|move|p1a: Iron Bundle|Hydro Pump|p2a: Scream Tail\n|-damage|p2a: Scream Tail|40\/100\n|move|p2a: Scream Tail|Thunder Wave|p1b: Dondozo\n|-activate|p1b: Dondozo|move: Protect\n|move|p2b: Ting-Lu|Ruination|p1b: Dondozo\n|-activate|p1b: Dondozo|move: Protect\n|\n|upkeep\n|turn|3\n|inactive|Navi1120 has 30 seconds left.\n|\n|t:|1683825615\n|-end|p1a: Iron Bundle|Quark Drive|[silent]\n|switch|p1a: Tatsugiri|Tatsugiri, L50, F|100\/100\n|-activate|p1a: Tatsugiri|ability: Commander|[of] p1b: Dondozo\n|-boost|p1b: Dondozo|atk|2\n|-boost|p1b: Dondozo|spa|2\n|-boost|p1b: Dondozo|spe|2\n|-boost|p1b: Dondozo|def|2\n|-boost|p1b: Dondozo|spd|2\n|move|p1b: Dondozo|Wave Crash|p2a: Scream Tail\n|-damage|p2a: Scream Tail|0 fnt\n|faint|p2a: Scream Tail\n|-end|p2a: Scream Tail|Protosynthesis|[silent]\n|-damage|p1b: Dondozo|88\/100|[from] Recoil\n|move|p2b: Ting-Lu|Heavy Slam|p1a: Tatsugiri|[miss]\n|-miss|p2b: Ting-Lu|p1a: Tatsugiri\n|\n|-heal|p1b: Dondozo|94\/100|[from] item: Leftovers\n|upkeep\n|\n|t:|1683825632\n|switch|p2a: Amoonguss|Amoonguss, L50, M|100\/100\n|-sideend|p2: Navi1120|move: Toxic Spikes|[of] p2a: Amoonguss\n|turn|4\n|\n|t:|1683825648\n|-terastallize|p1b: Dondozo|Grass\n|move|p1b: Dondozo|Earthquake|p2b: Ting-Lu|[spread] p2a,p2b\n|-miss|p1b: Dondozo|p1a: Tatsugiri\n|-supereffective|p2b: Ting-Lu\n|-damage|p2a: Amoonguss|68\/100\n|-damage|p2b: Ting-Lu|50\/100\n|move|p2b: Ting-Lu|Ruination|p1b: Dondozo\n|-damage|p1b: Dondozo|47\/100\n|move|p2a: Amoonguss|Spore|p1b: Dondozo\n|-immune|p1b: Dondozo\n|\n|-heal|p1b: Dondozo|54\/100|[from] item: Leftovers\n|-heal|p2b: Ting-Lu|56\/100|[from] item: Leftovers\n|upkeep\n|turn|5\n|\n|t:|1683825669\n|move|p1b: Dondozo|Earthquake|p2b: Ting-Lu|[spread] p2a,p2b\n|-miss|p1b: Dondozo|p1a: Tatsugiri\n|-supereffective|p2b: Ting-Lu\n|-damage|p2a: Amoonguss|33\/100\n|-damage|p2b: Ting-Lu|8\/100\n|move|p2b: Ting-Lu|Ruination|p1b: Dondozo\n|-damage|p1b: Dondozo|27\/100\n|move|p2a: Amoonguss|Pollen Puff|p2b: Ting-Lu\n|-heal|p2b: Ting-Lu|57\/100\n|\n|-heal|p1b: Dondozo|33\/100|[from] item: Leftovers\n|-heal|p2b: Ting-Lu|63\/100|[from] item: Leftovers\n|upkeep\n|turn|6\n|\n|t:|1683825688\n|move|p1b: Dondozo|Earthquake|p2a: Amoonguss|[spread] p2a,p2b\n|-miss|p1b: Dondozo|p1a: Tatsugiri\n|-supereffective|p2b: Ting-Lu\n|-damage|p2a: Amoonguss|1\/100\n|-damage|p2b: Ting-Lu|14\/100\n|move|p2b: Ting-Lu|Earthquake|p1b: Dondozo|[spread] p2a,p1b\n|-miss|p2b: Ting-Lu|p1a: Tatsugiri\n|-resisted|p1b: Dondozo\n|-damage|p2a: Amoonguss|0 fnt\n|-damage|p1b: Dondozo|28\/100\n|faint|p2a: Amoonguss\n|\n|-heal|p1b: Dondozo|34\/100|[from] item: Leftovers\n|-heal|p2b: Ting-Lu|19\/100|[from] item: Leftovers\n|upkeep\n|-message|Navi1120 forfeited.\n|\n|win|boat emoticon\n|raw|boat emoticon's rating: 1000 → 1045<\/strong> (+45 for winning)\n|raw|Navi1120's rating: 1041 → 1023<\/strong> (-18 for losing)\n|l|\u203dNavi1120\n","uploadtime":1683825710,"views":7,"p1id":"boatemoticon","p2id":"navi1120","formatid":"gen9vgc2023regulationc","rating":1023,"private":0,"password":""}