{"id":"gen9vgc2023regulationc-1847183116","p1":"cat vomiting","p2":"XinBluQAQ","format":"[Gen 9] VGC 2023 Regulation C","log":"|j|\u2606cat vomiting\n|j|\u2606XinBluQAQ\n|t:|1681925872\n|gametype|doubles\n|player|p1|cat vomiting|2|\n|player|p2|XinBluQAQ|shadowtriad|\n|teamsize|p1|6\n|teamsize|p2|6\n|gen|9\n|tier|[Gen 9] VGC 2023 Regulation C\n|rule|Species Clause: Limit one of each Pok\u00e9mon\n|rule|Item Clause: Limit one of each item\n|clearpoke\n|poke|p1|Baxcalibur, L50, F|\n|poke|p1|Amoonguss, L50, F|\n|poke|p1|Ting-Lu, L50|\n|poke|p1|Arcanine, L50, M|\n|poke|p1|Rotom-Wash, L50|\n|poke|p1|Flutter Mane, L50|\n|poke|p2|Talonflame, L50, F|\n|poke|p2|Iron Bundle, L50|\n|poke|p2|Iron Hands, L50|\n|poke|p2|Garchomp, L50, M|\n|poke|p2|Chien-Pao, L50|\n|poke|p2|Flutter Mane, L50|\n|teampreview|4\ncat vomiting has agreed to open team sheets.\nXinBluQAQ has agreed to open team sheets.\n|inactive|Battle timer is ON: inactive players will automatically lose when time's up. (requested by cat vomiting)\n|inactive|cat vomiting has 60 seconds left.\n|inactive|XinBluQAQ has 60 seconds left.\n|inactive|XinBluQAQ has 30 seconds left.\n|inactive|XinBluQAQ has 20 seconds left.\n|\n|t:|1681925950\n|start\n|switch|p1a: Flutter Mane|Flutter Mane, L50|100\/100\n|switch|p1b: Arcanine|Arcanine, L50, M|100\/100\n|switch|p2a: Iron Hands|Iron Hands, L50, shiny|100\/100\n|switch|p2b: Garchomp|Garchomp, L50, M|100\/100\n|-ability|p1b: Arcanine|Intimidate|boost\n|-unboost|p2a: Iron Hands|atk|1\n|-fail|p2b: Garchomp|unboost|[from] item: Clear Amulet|[of] p2b: Garchomp\n|turn|1\n|inactive|cat vomiting has 30 seconds left.\n|inactive|XinBluQAQ has 30 seconds left.\n|inactive|cat vomiting has 20 seconds left.\n|inactive|XinBluQAQ has 20 seconds left.\n|inactive|cat vomiting has 15 seconds left.\n|inactive|XinBluQAQ has 15 seconds left.\n|inactive|cat vomiting has 10 seconds left.\n|inactive|XinBluQAQ has 10 seconds left.\n|inactive|XinBluQAQ has 5 seconds left.\n|\n|t:|1681926002\n|-end|p1a: Flutter Mane|Protosynthesis|[silent]\n|switch|p1a: Rotom|Rotom-Wash, L50, shiny|100\/100\n|-terastallize|p2b: Garchomp|Poison\n|-terastallize|p1b: Arcanine|Grass\n|move|p2a: Iron Hands|Fake Out|p1b: Arcanine\n|-crit|p1b: Arcanine\n|-damage|p1b: Arcanine|75\/100\n|move|p2b: Garchomp|Iron Head|p1a: Rotom\n|-resisted|p1a: Rotom\n|-damage|p1a: Rotom|93\/100\n|cant|p1b: Arcanine|flinch\n|\n|upkeep\n|turn|2\n|inactive|cat vomiting has 30 seconds left.\n|inactive|XinBluQAQ has 30 seconds left.\n|inactive|cat vomiting has 20 seconds left.\n|inactive|XinBluQAQ has 20 seconds left.\n|inactive|cat vomiting has 15 seconds left.\n|inactive|XinBluQAQ has 15 seconds left.\n|\n|t:|1681926046\n|move|p2b: Garchomp|Protect|p2b: Garchomp\n|-singleturn|p2b: Garchomp|Protect\n|move|p1b: Arcanine|Will-O-Wisp|p2b: Garchomp\n|-activate|p2b: Garchomp|move: Protect\n|move|p1a: Rotom|Hydro Pump|p2a: Iron Hands\n|-damage|p2a: Iron Hands|76\/100\n|move|p2a: Iron Hands|Wild Charge|p1a: Rotom\n|-damage|p1a: Rotom|58\/100\n|-damage|p2a: Iron Hands|71\/100|[from] Recoil\n|\n|upkeep\n|turn|3\n|inactive|XinBluQAQ has 30 seconds left.\n|\n|t:|1681926076\n|switch|p2b: Flutter Mane|Flutter Mane, L50|100\/100\n|-end|p2a: Iron Hands|Quark Drive|[silent]\n|switch|p2a: Iron Bundle|Iron Bundle, L50|100\/100\n|-enditem|p2a: Iron Bundle|Booster Energy\n|-activate|p2a: Iron Bundle|ability: Quark Drive|[fromitem]\n|-start|p2a: Iron Bundle|quarkdrivespe\n|move|p1b: Arcanine|Will-O-Wisp|p2b: Flutter Mane\n|-status|p2b: Flutter Mane|brn\n|move|p1a: Rotom|Hydro Pump|p2b: Flutter Mane\n|-damage|p2b: Flutter Mane|56\/100 brn\n|\n|-damage|p2b: Flutter Mane|50\/100 brn|[from] brn\n|upkeep\n|turn|4\n|inactive|cat vomiting has 30 seconds left.\n|inactive|cat vomiting has 20 seconds left.\n|\n|t:|1681926112\n|switch|p1a: Baxcalibur|Baxcalibur, L50, F|100\/100\n|move|p1b: Arcanine|Protect|p1b: Arcanine\n|-singleturn|p1b: Arcanine|Protect\n|move|p2a: Iron Bundle|Freeze-Dry|p1b: Arcanine\n|-activate|p1b: Arcanine|move: Protect\n|move|p2b: Flutter Mane|Shadow Ball|p1a: Baxcalibur\n|-damage|p1a: Baxcalibur|40\/100\n|\n|-damage|p2b: Flutter Mane|44\/100 brn|[from] brn\n|upkeep\n|turn|5\n|inactive|XinBluQAQ has 30 seconds left.\n|\n|t:|1681926143\n|-end|p2b: Flutter Mane|Protosynthesis|[silent]\n|switch|p2b: Iron Hands|Iron Hands, L50, shiny|71\/100\n|switch|p1b: Flutter Mane|Flutter Mane, L50|100\/100\n|move|p1a: Baxcalibur|Ice Shard|p2b: Iron Hands\n|-damage|p2b: Iron Hands|54\/100\n|move|p2a: Iron Bundle|Freeze-Dry|p1b: Flutter Mane\n|-damage|p1b: Flutter Mane|70\/100\n|\n|upkeep\n|turn|6\n|inactive|XinBluQAQ has 30 seconds left.\n|\n|t:|1681926176\n|switch|p1a: Arcanine|Arcanine, L50, M, tera:Grass|75\/100\n|-ability|p1a: Arcanine|Intimidate|boost\n|-unboost|p2a: Iron Bundle|atk|1\n|-unboost|p2b: Iron Hands|atk|1\n|move|p2a: Iron Bundle|Hydro Pump|p1b: Flutter Mane\n|-damage|p1b: Flutter Mane|26\/100\n|move|p1b: Flutter Mane|Dazzling Gleam|p2b: Iron Hands|[spread] p2a,p2b\n|-supereffective|p2b: Iron Hands\n|-damage|p2a: Iron Bundle|15\/100\n|-damage|p2b: Iron Hands|5\/100\n|move|p2b: Iron Hands|Close Combat|p1a: Arcanine\n|-crit|p1a: Arcanine\n|-damage|p1a: Arcanine|0 fnt\n|-unboost|p2b: Iron Hands|def|1\n|-unboost|p2b: Iron Hands|spd|1\n|faint|p1a: Arcanine\n|\n|upkeep\n|\n|t:|1681926194\n|switch|p1a: Baxcalibur|Baxcalibur, L50, F|40\/100\n|turn|7\n|inactive|XinBluQAQ has 30 seconds left.\n|inactive|cat vomiting has 30 seconds left.\n|inactive|XinBluQAQ has 20 seconds left.\n|inactive|XinBluQAQ has 15 seconds left.\n|inactive|XinBluQAQ has 10 seconds left.\n|inactive|XinBluQAQ has 5 seconds left.\n|\n|t:|1681926244\n|move|p2a: Iron Bundle|Protect|p2a: Iron Bundle\n|-singleturn|p2a: Iron Bundle|Protect\n|move|p1b: Flutter Mane|Dazzling Gleam|p2a: Iron Bundle|[spread] p2b\n|-activate|p2a: Iron Bundle|move: Protect\n|-supereffective|p2b: Iron Hands\n|-damage|p2b: Iron Hands|0 fnt\n|faint|p2b: Iron Hands\n|-end|p2b: Iron Hands|Quark Drive|[silent]\n|move|p1a: Baxcalibur|Icicle Crash|p2a: Iron Bundle\n|-activate|p2a: Iron Bundle|move: Protect\n|\n|upkeep\n|\n|t:|1681926254\n|switch|p2b: Garchomp|Garchomp, L50, M, tera:Poison|100\/100\n|turn|8\n|j| Aries83199\n|j| maku8319\n|inactive|XinBluQAQ has 30 seconds left.\n|\n|t:|1681926282\n|switch|p1a: Rotom|Rotom-Wash, L50, shiny|58\/100\n|move|p2a: Iron Bundle|Freeze-Dry|p1a: Rotom\n|-supereffective|p1a: Rotom\n|-damage|p1a: Rotom|0 fnt\n|faint|p1a: Rotom\n|move|p1b: Flutter Mane|Dazzling Gleam|p2b: Garchomp|[spread] p2a,p2b\n|-resisted|p2b: Garchomp\n|-damage|p2a: Iron Bundle|0 fnt\n|-damage|p2b: Garchomp|75\/100\n|faint|p2a: Iron Bundle\n|-end|p2a: Iron Bundle|Quark Drive|[silent]\n|move|p2b: Garchomp|Earthquake|p1b: Flutter Mane\n|-damage|p1b: Flutter Mane|0 fnt\n|faint|p1b: Flutter Mane\n|-end|p1b: Flutter Mane|Protosynthesis|[silent]\n|\n|upkeep\n|c| maku8319|\u6211\u8ced\u6709\u5e36\u7ffc\u9aee\u7684\u8d0f\n|\n|t:|1681926298\n|switch|p2a: Flutter Mane|Flutter Mane, L50|44\/100 brn\n|switch|p1b: Baxcalibur|Baxcalibur, L50, F|40\/100\n|turn|9\n|\n|t:|1681926320\n|move|p1b: Baxcalibur|Protect|p1b: Baxcalibur\n|-singleturn|p1b: Baxcalibur|Protect\n|move|p2a: Flutter Mane|Shadow Ball|p1b: Baxcalibur\n|-activate|p1b: Baxcalibur|move: Protect\n|move|p2b: Garchomp|Iron Head|p1b: Baxcalibur\n|-activate|p1b: Baxcalibur|move: Protect\n|\n|-damage|p2a: Flutter Mane|39\/100 brn|[from] brn\n|upkeep\n|turn|10\n|inactive|XinBluQAQ has 30 seconds left.\n|\n|t:|1681926351\n|move|p1b: Baxcalibur|Ice Shard|p2a: Flutter Mane\n|-damage|p2a: Flutter Mane|0 fnt\n|faint|p2a: Flutter Mane\n|-end|p2a: Flutter Mane|Protosynthesis|[silent]\n|move|p2b: Garchomp|Iron Head|p1b: Baxcalibur\n|-supereffective|p1b: Baxcalibur\n|-damage|p1b: Baxcalibur|0 fnt\n|faint|p1b: Baxcalibur\n|\n|win|XinBluQAQ\n","uploadtime":1681926362,"views":14,"p1id":"catvomiting","p2id":"xinbluqaq","formatid":"gen9vgc2023regulationc","rating":0,"private":0,"password":""}