{"id":"gen9vgc2023regulationc-1864242336","p1":"Lone_Garurumon","p2":"ShadowTopaz","format":"[Gen 9] VGC 2023 Regulation C","log":"|j|\u2606Lone_Garurumon\n|j|\u2606ShadowTopaz\n|t:|1684143206\n|gametype|doubles\n|player|p1|Lone_Garurumon|riley|\n|player|p2|ShadowTopaz|marley|\n|teamsize|p1|6\n|teamsize|p2|6\n|gen|9\n|tier|[Gen 9] VGC 2023 Regulation C\n|rule|Species Clause: Limit one of each Pok\u00e9mon\n|rule|Item Clause: Limit one of each item\n|clearpoke\n|poke|p1|Garchomp, L50, M|\n|poke|p1|Lucario, L50, F|\n|poke|p1|Staraptor, L50, M|\n|poke|p1|Gallade, L50, M|\n|poke|p1|Drifblim, L50, M|\n|poke|p1|Bronzong, L50|\n|poke|p2|Garchomp, L50, M|\n|poke|p2|Gastrodon-East, L50, F|\n|poke|p2|Lucario, L50, M|\n|poke|p2|Hippowdon, L50, F|\n|poke|p2|Rotom-Wash, L50|\n|poke|p2|Magnezone, L50|\n|teampreview|4\n|\n|t:|1684143270\n|start\n|switch|p1a: Big Marie|Bronzong, L50, shiny|100\/100\n|switch|p1b: Gawain|Gallade, L50, M|100\/100\n|switch|p2a: Horkew|Lucario, L50, M|100\/100\n|switch|p2b: Iresu|Rotom-Wash, L50|100\/100\n|turn|1\n|\n|t:|1684143326\n|move|p2a: Horkew|Swords Dance|p2a: Horkew\n|-boost|p2a: Horkew|atk|2\n|move|p1b: Gawain|Sacred Sword|p2a: Horkew\n|-supereffective|p2a: Horkew\n|-damage|p2a: Horkew|0 fnt\n|faint|p2a: Horkew\n|move|p2b: Iresu|Reflect|p2b: Iresu\n|-sidestart|p2: ShadowTopaz|Reflect\n|move|p1a: Big Marie|Body Press|p2b: Iresu\n|-crit|p2b: Iresu\n|-damage|p2b: Iresu|59\/100\n|\n|upkeep\n|\n|t:|1684143344\n|switch|p2a: Hoyau|Garchomp, L50, M|100\/100\n|turn|2\n|\n|t:|1684143428\n|move|p2a: Hoyau|Earthquake|p1b: Gawain|[spread] p1b\n|-immune|p2b: Iresu|[from] ability: Levitate\n|-immune|p1a: Big Marie|[from] ability: Levitate\n|-damage|p1b: Gawain|0 fnt\n|faint|p1b: Gawain\n|move|p2b: Iresu|Will-O-Wisp|p1a: Big Marie\n|-status|p1a: Big Marie|brn\n|move|p1a: Big Marie|Reflect|p1a: Big Marie\n|-sidestart|p1: Lone_Garurumon|Reflect\n|\n|-damage|p1a: Big Marie|95\/100 brn|[from] brn\n|upkeep\n|\n|t:|1684143454\n|switch|p1b: Leroy|Garchomp, L50, M|100\/100\n|turn|3\n|\n|t:|1684143493\n|switch|p2a: Petorush|Gastrodon-East, L50, F|100\/100\n|-terastallize|p1b: Leroy|Steel\n|move|p1b: Leroy|Dragon Claw|p2a: Petorush\n|-damage|p2a: Petorush|64\/100\n|move|p2b: Iresu|Hydro Pump|p1b: Leroy\n|-damage|p1b: Leroy|53\/100\n|move|p1a: Big Marie|Light Screen|p1a: Big Marie\n|-sidestart|p1: Lone_Garurumon|move: Light Screen\n|\n|-heal|p2a: Petorush|70\/100|[from] item: Leftovers\n|-heal|p1a: Big Marie|100\/100 brn|[from] item: Leftovers\n|-damage|p1a: Big Marie|95\/100 brn|[from] brn\n|upkeep\n|turn|4\n|\n|t:|1684143520\n|move|p1b: Leroy|Earthquake|p2a: Petorush|[spread] p2a\n|-immune|p1a: Big Marie|[from] ability: Levitate\n|-immune|p2b: Iresu|[from] ability: Levitate\n|-damage|p2a: Petorush|40\/100\n|move|p2b: Iresu|Will-O-Wisp|p1b: Leroy\n|-status|p1b: Leroy|brn\n|move|p2a: Petorush|Muddy Water|p1a: Big Marie|[spread] p1a,p1b\n|-damage|p1a: Big Marie|81\/100 brn\n|-damage|p1b: Leroy|37\/100 brn\n|-unboost|p1a: Big Marie|accuracy|1\n|move|p1a: Big Marie|Body Press|p2b: Iresu|[miss]\n|-miss|p1a: Big Marie|p2b: Iresu\n|\n|-heal|p2a: Petorush|46\/100|[from] item: Leftovers\n|-heal|p1a: Big Marie|87\/100 brn|[from] item: Leftovers\n|-damage|p1b: Leroy|31\/100 brn|[from] brn\n|-damage|p1a: Big Marie|81\/100 brn|[from] brn\n|upkeep\n|turn|5\n|\n|t:|1684143556\n|move|p2a: Petorush|Protect|p2a: Petorush\n|-singleturn|p2a: Petorush|Protect\n|move|p1b: Leroy|Dragon Claw|p2b: Iresu\n|-damage|p2b: Iresu|46\/100\n|move|p2b: Iresu|Hydro Pump|p1b: Leroy\n|-damage|p1b: Leroy|1\/100 brn\n|move|p1a: Big Marie|Body Press|p2b: Iresu\n|-damage|p2b: Iresu|38\/100\n|\n|-heal|p2a: Petorush|52\/100|[from] item: Leftovers\n|-heal|p1a: Big Marie|87\/100 brn|[from] item: Leftovers\n|-damage|p1b: Leroy|0 fnt|[from] brn\n|faint|p1b: Leroy\n|-damage|p1a: Big Marie|81\/100 brn|[from] brn\n|-sideend|p2: ShadowTopaz|Reflect\n|upkeep\n|\n|t:|1684143571\n|switch|p1b: Rio|Lucario, L50, F, shiny|100\/100\n|turn|6\n|\n|t:|1684143611\n|move|p1b: Rio|Aura Sphere|p2a: Petorush\n|-damage|p2a: Petorush|27\/100\n|move|p2b: Iresu|Reflect|p2b: Iresu\n|-sidestart|p2: ShadowTopaz|Reflect\n|move|p2a: Petorush|Recover|p2a: Petorush\n|-heal|p2a: Petorush|77\/100\n|move|p1a: Big Marie|Body Press|p2b: Iresu|[miss]\n|-miss|p1a: Big Marie|p2b: Iresu\n|\n|-heal|p2a: Petorush|83\/100|[from] item: Leftovers\n|-heal|p1a: Big Marie|87\/100 brn|[from] item: Leftovers\n|-damage|p1a: Big Marie|81\/100 brn|[from] brn\n|-sideend|p1: Lone_Garurumon|Reflect\n|upkeep\n|turn|7\n|\n|t:|1684143637\n|move|p1b: Rio|Aura Sphere|p2b: Iresu\n|-damage|p2b: Iresu|3\/100\n|move|p2b: Iresu|Volt Switch|p1a: Big Marie\n|-damage|p1a: Big Marie|64\/100 brn\n|\n|t:|1684143643\n|switch|p2b: Hoyau|Garchomp, L50, M|100\/100|[from] Volt Switch\n|move|p2a: Petorush|Earth Power|p1b: Rio\n|-supereffective|p1b: Rio\n|-damage|p1b: Rio|40\/100\n|move|p1a: Big Marie|Reflect|p1a: Big Marie\n|-sidestart|p1: Lone_Garurumon|Reflect\n|\n|-heal|p2a: Petorush|89\/100|[from] item: Leftovers\n|-heal|p1a: Big Marie|70\/100 brn|[from] item: Leftovers\n|-damage|p1a: Big Marie|64\/100 brn|[from] brn\n|-sideend|p1: Lone_Garurumon|move: Light Screen\n|upkeep\n|turn|8\n|\n|t:|1684143663\n|move|p2b: Hoyau|Dragon Claw|p1b: Rio\n|-resisted|p1b: Rio\n|-damage|p1b: Rio|7\/100\n|move|p1b: Rio|Aura Sphere|p2b: Hoyau\n|-damage|p2b: Hoyau|60\/100\n|move|p2a: Petorush|Earth Power|p1b: Rio\n|-supereffective|p1b: Rio\n|-damage|p1b: Rio|0 fnt\n|faint|p1b: Rio\n|move|p1a: Big Marie|Body Press|p2b: Hoyau\n|-damage|p2b: Hoyau|49\/100\n|\n|-heal|p2a: Petorush|95\/100|[from] item: Leftovers\n|-heal|p1a: Big Marie|70\/100 brn|[from] item: Leftovers\n|-damage|p1a: Big Marie|64\/100 brn|[from] brn\n|upkeep\n|turn|9\n|c|\u2606Lone_Garurumon|Ggs\n|\n|t:|1684143683\n|move|p2b: Hoyau|Dragon Claw|p1a: Big Marie\n|-resisted|p1a: Big Marie\n|-damage|p1a: Big Marie|49\/100 brn\n|move|p2a: Petorush|Muddy Water|p1a: Big Marie\n|-damage|p1a: Big Marie|24\/100 brn\n|-unboost|p1a: Big Marie|accuracy|1\n|move|p1a: Big Marie|Body Press|p2b: Hoyau\n|-damage|p2b: Hoyau|40\/100\n|\n|-heal|p2a: Petorush|100\/100|[from] item: Leftovers\n|-heal|p1a: Big Marie|29\/100 brn|[from] item: Leftovers\n|-damage|p1a: Big Marie|24\/100 brn|[from] brn\n|upkeep\n|turn|10\n|c|\u2606ShadowTopaz|gg\n|-message|Lone_Garurumon forfeited.\n|\n|win|ShadowTopaz\n","uploadtime":1684143745,"views":17,"p1id":"lonegarurumon","p2id":"shadowtopaz","formatid":"gen9vgc2023regulationc","rating":0,"private":0,"password":""}