{"id":"gen9vgc2023regulationc-1863461493","p1":"sugarvgc","p2":"RIPTheDollarMenu","format":"[Gen 9] VGC 2023 Regulation C","log":"|j|\u2606sugarvgc\n|j|\u2606RIPTheDollarMenu\n|t:|1684020399\n|gametype|doubles\n|player|p1|sugarvgc|169|1364\n|player|p2|RIPTheDollarMenu|waiter-gen4|1339\n|teamsize|p1|6\n|teamsize|p2|6\n|gen|9\n|tier|[Gen 9] VGC 2023 Regulation C\n|rated|\n|rule|Species Clause: Limit one of each Pok\u00e9mon\n|rule|Item Clause: Limit one of each item\n|clearpoke\n|poke|p1|Hydreigon, L50, M|\n|poke|p1|Garchomp, L50, M|\n|poke|p1|Tyranitar, L50, M|\n|poke|p1|Dragonite, L50, M|\n|poke|p1|Gyarados, L50, F|\n|poke|p1|Flutter Mane, L50|\n|poke|p2|Tyranitar, L50, F|\n|poke|p2|Garchomp, L50, F|\n|poke|p2|Scream Tail, L50|\n|poke|p2|Corviknight, L50, M|\n|poke|p2|Gyarados, L50, F|\n|poke|p2|Iron Hands, L50|\n|teampreview|4\n|inactive|Battle timer is ON: inactive players will automatically lose when time's up. (requested by sugarvgc)\n|inactive|sugarvgc has 60 seconds left.\n|\n|t:|1684020451\n|start\n|switch|p1a: Garchomp|Garchomp, L50, M|100\/100\n|switch|p1b: Dragonite|Dragonite, L50, M|100\/100\n|switch|p2a: Beholder|Scream Tail, L50, shiny|100\/100\n|switch|p2b: Genie|Iron Hands, L50, shiny|100\/100\n|-enditem|p2a: Beholder|Booster Energy\n|-activate|p2a: Beholder|ability: Protosynthesis|[fromitem]\n|-start|p2a: Beholder|protosynthesisspe\n|turn|1\n|\n|t:|1684020472\n|switch|p1a: Flutter Mane|Flutter Mane, L50|100\/100\n|-terastallize|p1b: Dragonite|Normal\n|move|p2b: Genie|Fake Out|p1a: Flutter Mane\n|-immune|p1a: Flutter Mane\n|move|p1b: Dragonite|Extreme Speed|p2a: Beholder\n|-damage|p2a: Beholder|42\/100\n|move|p2a: Beholder|Thunder Wave|p1b: Dragonite\n|-status|p1b: Dragonite|par\n|\n|upkeep\n|turn|2\n|inactive|sugarvgc has 30 seconds left.\n|inactive|RIPTheDollarMenu has 30 seconds left.\n|\n|t:|1684020502\n|-end|p2a: Beholder|Protosynthesis|[silent]\n|switch|p2a: Corviknight|Corviknight, L50, M|100\/100\n|-terastallize|p2b: Genie|Grass\n|cant|p1b: Dragonite|par\n|move|p1a: Flutter Mane|Moonblast|p2b: Genie\n|-damage|p2b: Genie|36\/100\n|-unboost|p2b: Genie|spa|1\n|-enditem|p2b: Genie|Sitrus Berry|[eat]\n|-heal|p2b: Genie|61\/100|[from] item: Sitrus Berry\n|move|p2b: Genie|Drain Punch|p1b: Dragonite\n|-supereffective|p1b: Dragonite\n|-damage|p1b: Dragonite|7\/100 par\n|-heal|p2b: Genie|93\/100|[from] drain|[of] p1b: Dragonite\n|\n|upkeep\n|turn|3\n|\n|t:|1684020524\n|-end|p1a: Flutter Mane|Protosynthesis|[silent]\n|switch|p1a: Garchomp|Garchomp, L50, M|100\/100\n|move|p2b: Genie|Protect|p2b: Genie\n|-singleturn|p2b: Genie|Protect\n|cant|p1b: Dragonite|par\n|move|p2a: Corviknight|Iron Head|p1a: Garchomp\n|-damage|p1a: Garchomp|71\/100\n|\n|upkeep\n|turn|4\n|j| Herewegoezagain\n|\n|t:|1684020548\n|switch|p2a: Leviathan|Gyarados, L50, F|100\/100\n|-ability|p2a: Leviathan|Intimidate|boost\n|-unboost|p1a: Garchomp|atk|1\n|-fail|p1b: Dragonite|unboost|Attack|[from] ability: Inner Focus|[of] p1b: Dragonite\n|switch|p1b: Hydreigon|Hydreigon, L50, M|100\/100\n|move|p1a: Garchomp|Earthquake|p2b: Genie|[spread] p2b\n|-immune|p1b: Hydreigon|[from] ability: Levitate\n|-immune|p2a: Leviathan\n|-resisted|p2b: Genie\n|-damage|p2b: Genie|84\/100\n|move|p2b: Genie|Drain Punch|p1a: Garchomp\n|-damage|p1a: Garchomp|31\/100\n|-heal|p2b: Genie|99\/100|[from] drain|[of] p1a: Garchomp\n|\n|upkeep\n|turn|5\n|inactive|RIPTheDollarMenu has 30 seconds left.\n|inactive|RIPTheDollarMenu has 20 seconds left.\n|inactive|sugarvgc has 30 seconds left.\n|inactive|RIPTheDollarMenu has 15 seconds left.\n|inactive|RIPTheDollarMenu has 10 seconds left.\n|inactive|RIPTheDollarMenu has 5 seconds left.\n|\n|t:|1684020600\n|move|p1b: Hydreigon|Protect|p1b: Hydreigon\n|-singleturn|p1b: Hydreigon|Protect\n|move|p1a: Garchomp|Earthquake|p2a: Leviathan|[spread] p2b\n|-activate|p1b: Hydreigon|move: Protect\n|-immune|p2a: Leviathan\n|-resisted|p2b: Genie\n|-damage|p2b: Genie|90\/100\n|move|p2a: Leviathan|Waterfall|p1a: Garchomp\n|-damage|p1a: Garchomp|0 fnt\n|faint|p1a: Garchomp\n|move|p2b: Genie|Drain Punch|p1b: Hydreigon\n|-activate|p1b: Hydreigon|move: Protect\n|\n|upkeep\n|\n|t:|1684020614\n|switch|p1a: Flutter Mane|Flutter Mane, L50|100\/100\n|turn|6\n|\n|t:|1684020636\n|move|p2b: Genie|Protect|p2b: Genie\n|-singleturn|p2b: Genie|Protect\n|move|p1a: Flutter Mane|Shadow Ball|p2a: Leviathan\n|-damage|p2a: Leviathan|48\/100\n|move|p2a: Leviathan|Waterfall|p1a: Flutter Mane\n|-damage|p1a: Flutter Mane|24\/100\n|move|p1b: Hydreigon|Heat Wave|p2a: Leviathan|[spread] p2a\n|-activate|p2b: Genie|move: Protect\n|-resisted|p2a: Leviathan\n|-damage|p2a: Leviathan|39\/100\n|\n|-heal|p2a: Leviathan|45\/100|[from] item: Leftovers\n|upkeep\n|turn|7\n|inactive|RIPTheDollarMenu has 30 seconds left.\n|inactive|RIPTheDollarMenu has 20 seconds left.\n|\n|t:|1684020671\n|-end|p2b: Genie|Quark Drive|[silent]\n|switch|p2b: Beholder|Scream Tail, L50, shiny|42\/100\n|move|p2a: Leviathan|Protect|p2a: Leviathan\n|-singleturn|p2a: Leviathan|Protect\n|move|p1a: Flutter Mane|Shadow Ball|p2b: Beholder\n|-supereffective|p2b: Beholder\n|-damage|p2b: Beholder|0 fnt\n|faint|p2b: Beholder\n|-end|p2b: Beholder|Protosynthesis|[silent]\n|move|p1b: Hydreigon|Heat Wave|p2a: Leviathan\n|-activate|p2a: Leviathan|move: Protect\n|\n|-heal|p2a: Leviathan|51\/100|[from] item: Leftovers\n|upkeep\n|\n|t:|1684020686\n|switch|p2b: Genie|Iron Hands, L50, shiny, tera:Grass|90\/100\n|turn|8\n|\n|t:|1684020709\n|move|p1a: Flutter Mane|Shadow Ball|p2a: Leviathan\n|-damage|p2a: Leviathan|1\/100\n|-unboost|p2a: Leviathan|spd|1\n|move|p2a: Leviathan|Waterfall|p1a: Flutter Mane\n|-damage|p1a: Flutter Mane|0 fnt\n|faint|p1a: Flutter Mane\n|-end|p1a: Flutter Mane|Protosynthesis|[silent]\n|move|p1b: Hydreigon|Heat Wave|p2a: Leviathan|[spread] p2a\n|-miss|p1b: Hydreigon|p2b: Genie\n|-resisted|p2a: Leviathan\n|-damage|p2a: Leviathan|0 fnt\n|faint|p2a: Leviathan\n|move|p2b: Genie|Drain Punch|p1b: Hydreigon\n|-supereffective|p1b: Hydreigon\n|-damage|p1b: Hydreigon|20\/100\n|-heal|p2b: Genie|100\/100|[from] drain|[of] p1b: Hydreigon\n|\n|upkeep\n|\n|t:|1684020725\n|switch|p1a: Dragonite|Dragonite, L50, M, tera:Normal|7\/100 par\n|switch|p2a: Corviknight|Corviknight, L50, M|100\/100\n|turn|9\n|\n|t:|1684020749\n|move|p2b: Genie|Protect|p2b: Genie\n|-singleturn|p2b: Genie|Protect\n|cant|p1a: Dragonite|par\n|move|p1b: Hydreigon|Heat Wave|p2a: Corviknight|[spread] p2a\n|-activate|p2b: Genie|move: Protect\n|-supereffective|p2a: Corviknight\n|-damage|p2a: Corviknight|57\/100\n|move|p2a: Corviknight|Iron Head|p1b: Hydreigon\n|-damage|p1b: Hydreigon|0 fnt\n|faint|p1b: Hydreigon\n|\n|upkeep\n|turn|10\n|c|\u2606RIPTheDollarMenu|gg\n|\n|t:|1684020764\n|move|p1a: Dragonite|Extreme Speed|p2a: Corviknight\n|-resisted|p2a: Corviknight\n|-damage|p2a: Corviknight|31\/100\n|move|p2a: Corviknight|Iron Head|p1a: Dragonite\n|-damage|p1a: Dragonite|0 fnt\n|faint|p1a: Dragonite\n|\n|win|RIPTheDollarMenu\n|raw|sugarvgc's rating: 1364 → 1343<\/strong> (-21 for losing)\n|raw|RIPTheDollarMenu's rating: 1339 → 1360<\/strong> (+21 for winning)\n|l|\u2606sugarvgc\n","uploadtime":1684020769,"views":11,"p1id":"sugarvgc","p2id":"ripthedollarmenu","formatid":"gen9vgc2023regulationc","rating":1343,"private":0,"password":""}