{"id":"gen9vgc2023regulationc-1860343452","p1":"Oyequepaso","p2":"andyhurricane","format":"[Gen 9] VGC 2023 Regulation C","log":"|j|\u2606Oyequepaso\n|j|\u2606andyhurricane\n|t:|1683635210\n|gametype|doubles\n|player|p1|Oyequepaso|hilbert|1069\n|player|p2|andyhurricane|n|1121\n|teamsize|p1|6\n|teamsize|p2|6\n|gen|9\n|tier|[Gen 9] VGC 2023 Regulation C\n|rated|\n|rule|Species Clause: Limit one of each Pok\u00e9mon\n|rule|Item Clause: Limit one of each item\n|clearpoke\n|poke|p1|Iron Bundle, L50|\n|poke|p1|Ting-Lu, L50|\n|poke|p1|Sylveon, L50, M|\n|poke|p1|Kingambit, L50, M|\n|poke|p1|Maushold-Four, L50|\n|poke|p1|Annihilape, L50, M|\n|poke|p2|Tyranitar, L50, F|\n|poke|p2|Garchomp, L50, M|\n|poke|p2|Corviknight, L50, M|\n|poke|p2|Gastrodon-East, L50, M|\n|poke|p2|Lycanroc, L50, M|\n|poke|p2|Orthworm, L50, F|\n|teampreview|4\n|inactive|Battle timer is ON: inactive players will automatically lose when time's up. (requested by Oyequepaso)\nOyequepaso rejected open team sheets.\n|\n|t:|1683635226\n|start\n|switch|p1a: Maushold|Maushold-Four, L50|100\/100\n|switch|p1b: Annihilape|Annihilape, L50, M|100\/100\n|switch|p2a: Orthworm|Orthworm, L50, F|100\/100\n|switch|p2b: Captain Holt|Corviknight, L50, M, shiny|100\/100\n|turn|1\n|\n|t:|1683635239\n|-terastallize|p1b: Annihilape|Ghost\n|move|p1a: Maushold|Beat Up|p1b: Annihilape\n|-supereffective|p1b: Annihilape\n|-damage|p1b: Annihilape|96\/100\n|-enditem|p1b: Annihilape|Weakness Policy\n|-boost|p1b: Annihilape|atk|2|[from] item: Weakness Policy\n|-boost|p1b: Annihilape|spa|2|[from] item: Weakness Policy\n|-supereffective|p1b: Annihilape\n|-damage|p1b: Annihilape|90\/100\n|-supereffective|p1b: Annihilape\n|-damage|p1b: Annihilape|85\/100\n|-supereffective|p1b: Annihilape\n|-damage|p1b: Annihilape|80\/100\n|-hitcount|p1b: Annihilape|4\n|move|p1b: Annihilape|Rage Fist|p2b: Captain Holt\n|-damage|p2b: Captain Holt|0 fnt\n|faint|p2b: Captain Holt\n|move|p2a: Orthworm|Shed Tail|p2a: Orthworm\n|-start|p2a: Orthworm|Substitute|[from] move: Shed Tail\n|-damage|p2a: Orthworm|50\/100\n|-enditem|p2a: Orthworm|Sitrus Berry|[eat]\n|-heal|p2a: Orthworm|75\/100|[from] item: Sitrus Berry\n|\n|t:|1683635257\n|switch|p2a: Garchomp|Garchomp, L50, M|100\/100|[from] Shed Tail\n|\n|upkeep\n|\n|t:|1683635261\n|switch|p2b: Orthworm|Orthworm, L50, F|75\/100\n|turn|2\n|inactive|Oyequepaso has 30 seconds left.\n|\n|t:|1683635290\n|switch|p2b: Gastrodon|Gastrodon-East, L50, M|100\/100\n|move|p1a: Maushold|Protect|p1a: Maushold\n|-singleturn|p1a: Maushold|Protect\n|move|p2a: Garchomp|Swords Dance|p2a: Garchomp\n|-boost|p2a: Garchomp|atk|2\n|move|p1b: Annihilape|Rage Fist|p2b: Gastrodon\n|-damage|p2b: Gastrodon|0 fnt\n|faint|p2b: Gastrodon\n|\n|upkeep\n|\n|t:|1683635302\n|switch|p2b: Orthworm|Orthworm, L50, F|75\/100\n|turn|3\n|\n|t:|1683635316\n|move|p1a: Maushold|Follow Me|p1a: Maushold\n|-singleturn|p1a: Maushold|move: Follow Me\n|move|p2a: Garchomp|Earthquake|p1b: Annihilape|[spread] p1a,p1b\n|-heal|p2b: Orthworm|100\/100|[from] ability: Earth Eater|[of] p2a: Garchomp\n|-damage|p1a: Maushold|1\/100\n|-damage|p1b: Annihilape|9\/100\n|move|p1b: Annihilape|Rage Fist|p2b: Orthworm\n|-damage|p2b: Orthworm|0 fnt\n|faint|p2b: Orthworm\n|\n|upkeep\n|turn|4\n|inactive|Oyequepaso has 30 seconds left.\n|\n|t:|1683635349\n|move|p1a: Maushold|Protect|p1a: Maushold\n|-singleturn|p1a: Maushold|Protect\n|move|p2a: Garchomp|Earthquake|p1a: Maushold|[spread] p1b\n|-activate|p1a: Maushold|move: Protect\n|-crit|p1b: Annihilape\n|-damage|p1b: Annihilape|0 fnt\n|faint|p1b: Annihilape\n|\n|upkeep\n|\n|t:|1683635357\n|switch|p1b: Iron Bundle|Iron Bundle, L50|100\/100\n|-enditem|p1b: Iron Bundle|Booster Energy\n|-activate|p1b: Iron Bundle|ability: Quark Drive|[fromitem]\n|-start|p1b: Iron Bundle|quarkdrivespe\n|turn|5\n|\n|t:|1683635367\n|move|p1a: Maushold|Helping Hand|p1b: Iron Bundle\n|-singleturn|p1b: Iron Bundle|Helping Hand|[of] p1a: Maushold\n|move|p1b: Iron Bundle|Freeze-Dry|p2a: Garchomp\n|-supereffective|p2a: Garchomp\n|-crit|p2a: Garchomp\n|-end|p2a: Garchomp|Substitute\n|move|p2a: Garchomp|Earthquake|p1b: Iron Bundle|[spread] p1a,p1b\n|-damage|p1a: Maushold|0 fnt\n|-damage|p1b: Iron Bundle|33\/100\n|faint|p1a: Maushold\n|\n|upkeep\n|\n|t:|1683635376\n|switch|p1a: Kingambit|Kingambit, L50, M|100\/100\n|turn|6\n|\n|t:|1683635386\n|-terastallize|p2a: Garchomp|Fire\n|move|p1a: Kingambit|Sucker Punch|p2a: Garchomp\n|-crit|p2a: Garchomp\n|-damage|p2a: Garchomp|23\/100\n|-damage|p1a: Kingambit|91\/100|[from] item: Life Orb\n|move|p1b: Iron Bundle|Freeze-Dry|p2a: Garchomp\n|-resisted|p2a: Garchomp\n|-damage|p2a: Garchomp|4\/100\n|move|p2a: Garchomp|Earthquake|p1b: Iron Bundle|[spread] p1a,p1b\n|-supereffective|p1a: Kingambit\n|-damage|p1a: Kingambit|0 fnt\n|-damage|p1b: Iron Bundle|0 fnt\n|faint|p1a: Kingambit\n|faint|p1b: Iron Bundle\n|-end|p1b: Iron Bundle|Quark Drive|[silent]\n|\n|win|andyhurricane\n|raw|Oyequepaso's rating: 1069 → 1052<\/strong> (-17 for losing)\n|raw|andyhurricane's rating: 1121 → 1142<\/strong> (+21 for winning)\n|c|\u2606Oyequepaso|ggwp\n","uploadtime":1683635408,"views":4,"p1id":"oyequepaso","p2id":"andyhurricane","formatid":"gen9vgc2023regulationc","rating":1052,"private":0,"password":""}