{"id":"gen9vgc2023regulationc-1855255093","p1":"haha you rage quit","p2":"PickledPancake","format":"[Gen 9] VGC 2023 Regulation C","log":"|j|\u2606haha you rage quit\n|j|\u2606PickledPancake\n|t:|1682923859\n|gametype|doubles\n|player|p1|haha you rage quit|pokemaniac|1230\n|player|p2|PickledPancake|leon-masters|1236\n|teamsize|p1|6\n|teamsize|p2|6\n|gen|9\n|tier|[Gen 9] VGC 2023 Regulation C\n|rated|\n|rule|Species Clause: Limit one of each Pok\u00e9mon\n|rule|Item Clause: Limit one of each item\n|clearpoke\n|poke|p1|Dondozo, L50, M|\n|poke|p1|Tatsugiri-Droopy, L50, M|\n|poke|p1|Torkoal, L50, M|\n|poke|p1|Flutter Mane, L50|\n|poke|p1|Kingambit, L50, M|\n|poke|p1|Indeedee-F, L50, F|\n|poke|p2|Corviknight, L50, M|\n|poke|p2|Great Tusk, L50|\n|poke|p2|Flutter Mane, L50|\n|poke|p2|Chi-Yu, L50|\n|poke|p2|Amoonguss, L50, F|\n|poke|p2|Dragonite, L50, M|\n|teampreview|4\n|\n|t:|1682923898\n|start\n|switch|p1a: Dondozo|Dondozo, L50, M|100\/100\n|switch|p1b: Torkoal|Torkoal, L50, M|100\/100\n|switch|p2a: Great Tusk|Great Tusk, L50|100\/100\n|switch|p2b: Corviknight|Corviknight, L50, M, shiny|100\/100\n|-weather|SunnyDay|[from] ability: Drought|[of] p1b: Torkoal\n|-activate|p2a: Great Tusk|ability: Protosynthesis\n|-start|p2a: Great Tusk|protosynthesisatk\n|turn|1\n|\n|t:|1682923967\n|switch|p1b: Tatsugiri|Tatsugiri-Droopy, L50, M|100\/100\n|-activate|p1b: Tatsugiri|ability: Commander|[of] p1a: Dondozo\n|-boost|p1a: Dondozo|atk|2\n|-boost|p1a: Dondozo|spa|2\n|-boost|p1a: Dondozo|spe|2\n|-boost|p1a: Dondozo|def|2\n|-boost|p1a: Dondozo|spd|2\n|move|p1a: Dondozo|Earthquake|p2a: Great Tusk|[spread] p2a\n|-miss|p1a: Dondozo|p1b: Tatsugiri\n|-immune|p2b: Corviknight\n|-damage|p2a: Great Tusk|67\/100\n|move|p2a: Great Tusk|Headlong Rush|p1b: Tatsugiri|[miss]\n|-miss|p2a: Great Tusk|p1b: Tatsugiri\n|move|p2b: Corviknight|Iron Defense|p2b: Corviknight\n|-boost|p2b: Corviknight|def|2\n|\n|-weather|SunnyDay|[upkeep]\n|upkeep\n|turn|2\n|\n|t:|1682923992\n|move|p1a: Dondozo|Rock Slide|p2b: Corviknight|[spread] p2a,p2b\n|-resisted|p2a: Great Tusk\n|-damage|p2a: Great Tusk|60\/100\n|-damage|p2b: Corviknight|87\/100\n|cant|p2a: Great Tusk|flinch\n|move|p2b: Corviknight|Iron Defense|p2b: Corviknight\n|-boost|p2b: Corviknight|def|2\n|\n|-weather|SunnyDay|[upkeep]\n|upkeep\n|turn|3\n|\n|t:|1682924005\n|move|p1a: Dondozo|Earthquake|p2b: Corviknight|[spread] p2a\n|-miss|p1a: Dondozo|p1b: Tatsugiri\n|-immune|p2b: Corviknight\n|-damage|p2a: Great Tusk|29\/100\n|move|p2a: Great Tusk|Headlong Rush|p1a: Dondozo\n|-damage|p1a: Dondozo|71\/100\n|-unboost|p2a: Great Tusk|def|1\n|-unboost|p2a: Great Tusk|spd|1\n|move|p2b: Corviknight|Iron Defense|p2b: Corviknight\n|-boost|p2b: Corviknight|def|2\n|\n|-weather|SunnyDay|[upkeep]\n|upkeep\n|turn|4\n|\n|t:|1682924019\n|-end|p2a: Great Tusk|Protosynthesis|[silent]\n|switch|p2a: Amoonguss|Amoonguss, L50, F|100\/100\n|move|p1a: Dondozo|Earthquake|p2a: Amoonguss|[spread] p2a\n|-miss|p1a: Dondozo|p1b: Tatsugiri\n|-immune|p2b: Corviknight\n|-damage|p2a: Amoonguss|55\/100\n|move|p2b: Corviknight|Body Press|p1a: Dondozo\n|-damage|p1a: Dondozo|45\/100\n|\n|-weather|SunnyDay|[upkeep]\n|upkeep\n|turn|5\n|\n|t:|1682924037\n|-terastallize|p1a: Dondozo|Fire\n|move|p1a: Dondozo|Tera Blast|p2a: Amoonguss\n|-supereffective|p2a: Amoonguss\n|-damage|p2a: Amoonguss|0 fnt\n|faint|p2a: Amoonguss\n|move|p2b: Corviknight|Body Press|p1a: Dondozo\n|-damage|p1a: Dondozo|16\/100\n|\n|-weather|SunnyDay|[upkeep]\n|upkeep\n|\n|t:|1682924045\n|switch|p2a: Dragonite|Dragonite, L50, M, shiny|100\/100\n|turn|6\n|\n|t:|1682924054\n|-terastallize|p2a: Dragonite|Normal\n|move|p2a: Dragonite|Extreme Speed|p1a: Dondozo\n|-damage|p1a: Dondozo|0 fnt\n|faint|p1a: Dondozo\n|move|p2b: Corviknight|Body Press|p1b: Tatsugiri\n|-damage|p1b: Tatsugiri|0 fnt\n|faint|p1b: Tatsugiri\n|\n|-weather|SunnyDay|[upkeep]\n|upkeep\n|\n|t:|1682924063\n|switch|p1b: Flutter Mane|Flutter Mane, L50, shiny|100\/100\n|switch|p1a: Torkoal|Torkoal, L50, M|100\/100\n|-activate|p1b: Flutter Mane|ability: Protosynthesis\n|-start|p1b: Flutter Mane|protosynthesisspe\n|turn|7\n|\n|t:|1682924093\n|switch|p2a: Great Tusk|Great Tusk, L50|29\/100\n|-activate|p2a: Great Tusk|ability: Protosynthesis\n|-start|p2a: Great Tusk|protosynthesisatk\n|move|p1b: Flutter Mane|Mystical Fire|p2b: Corviknight\n|-supereffective|p2b: Corviknight\n|-damage|p2b: Corviknight|0 fnt\n|faint|p2b: Corviknight\n|move|p1a: Torkoal|Eruption|p2a: Great Tusk\n|-damage|p2a: Great Tusk|0 fnt\n|faint|p2a: Great Tusk\n|-end|p2a: Great Tusk|Protosynthesis|[silent]\n|\n|-weather|SunnyDay|[upkeep]\n|upkeep\n|\n|t:|1682924103\n|switch|p2a: Dragonite|Dragonite, L50, M, shiny, tera:Normal|100\/100\n|turn|8\n|\n|t:|1682924109\n|move|p1b: Flutter Mane|Mystical Fire|p2a: Dragonite\n|-crit|p2a: Dragonite\n|-damage|p2a: Dragonite|55\/100\n|-unboost|p2a: Dragonite|spa|1\n|move|p2a: Dragonite|Ice Spinner|p1b: Flutter Mane\n|-damage|p1b: Flutter Mane|9\/100\n|move|p1a: Torkoal|Overheat|p2a: Dragonite\n|-damage|p2a: Dragonite|0 fnt\n|-unboost|p1a: Torkoal|spa|2\n|faint|p2a: Dragonite\n|\n|win|haha you rage quit\n|raw|haha you rage quit's rating: 1230 → 1255<\/strong> (+25 for winning)\n|raw|PickledPancake's rating: 1236 → 1211<\/strong> (-25 for losing)\n|l|\u2606PickledPancake\n","uploadtime":1682924130,"views":23,"p1id":"hahayouragequit","p2id":"pickledpancake","formatid":"gen9vgc2023regulationc","rating":1211,"private":0,"password":""}