{"id":"gen9vgc2023regulationc-1850387512","p1":"lateralvs","p2":"Damayr","format":"[Gen 9] VGC 2023 Regulation C","log":"|j|\u2606lateralvs\n|j|\u2606Damayr\n|t:|1682329158\n|gametype|doubles\n|player|p1|lateralvs|giovanni|1537\n|player|p2|Damayr|169|1461\n|teamsize|p1|6\n|teamsize|p2|6\n|gen|9\n|tier|[Gen 9] VGC 2023 Regulation C\n|rated|\n|rule|Species Clause: Limit one of each Pok\u00e9mon\n|rule|Item Clause: Limit one of each item\n|clearpoke\n|poke|p1|Iron Jugulis, L50|\n|poke|p1|Garchomp, L50, M|\n|poke|p1|Gholdengo, L50|\n|poke|p1|Chien-Pao, L50|\n|poke|p1|Gyarados, L50, M|\n|poke|p1|Kingambit, L50, M|\n|poke|p2|Hawlucha, L50, M|\n|poke|p2|Grimmsnarl, L50, M|\n|poke|p2|Talonflame, L50, M|\n|poke|p2|Garchomp, L50, F|\n|poke|p2|Flutter Mane, L50|\n|poke|p2|Farigiraf, L50, F|\n|teampreview|4\n|inactive|Battle timer is ON: inactive players will automatically lose when time's up. (requested by Damayr)\nlateralvs has agreed to open team sheets.\nDamayr has agreed to open team sheets.\n|inactive|lateralvs has 60 seconds left.\n|inactive|Damayr has 60 seconds left.\n|\n|t:|1682329213\n|start\n|switch|p1a: Chien-Pao|Chien-Pao, L50|100\/100\n|switch|p1b: Kingambit|Kingambit, L50, M|100\/100\n|switch|p2a: Talonflame|Talonflame, L50, M|100\/100\n|switch|p2b: Garchomp|Garchomp, L50, F|100\/100\n|-ability|p1a: Chien-Pao|Sword of Ruin\n|turn|1\n|\n|t:|1682329235\n|switch|p1b: Gyarados|Gyarados, L50, M|100\/100\n|-ability|p1b: Gyarados|Intimidate|boost\n|-unboost|p2a: Talonflame|atk|1\n|-unboost|p2b: Garchomp|atk|1\n|-terastallize|p2b: Garchomp|Fire\n|move|p2a: Talonflame|Tailwind|p2a: Talonflame\n|-sidestart|p2: Damayr|move: Tailwind\n|move|p2b: Garchomp|Rock Slide|p1b: Gyarados|[spread] p1a,p1b\n|-supereffective|p1a: Chien-Pao\n|-supereffective|p1b: Gyarados\n|-damage|p1a: Chien-Pao|52\/100\n|-damage|p1b: Gyarados|57\/100\n|-damage|p2b: Garchomp|91\/100|[from] item: Life Orb\n|move|p1a: Chien-Pao|Ice Spinner|p2b: Garchomp\n|-resisted|p2b: Garchomp\n|-damage|p2b: Garchomp|62\/100\n|-damage|p1a: Chien-Pao|40\/100|[from] ability: Rough Skin|[of] p2b: Garchomp\n|\n|upkeep\n|turn|2\n|inactive|lateralvs has 30 seconds left.\n|\n|t:|1682329269\n|switch|p1b: Kingambit|Kingambit, L50, M|100\/100\n|move|p1a: Chien-Pao|Protect|p1a: Chien-Pao\n|-singleturn|p1a: Chien-Pao|Protect\n|move|p2a: Talonflame|Brave Bird|p1b: Kingambit\n|-resisted|p1b: Kingambit\n|-damage|p1b: Kingambit|84\/100\n|-damage|p2a: Talonflame|93\/100|[from] Recoil\n|move|p2b: Garchomp|Rock Slide|p1b: Kingambit|[spread] p1b\n|-activate|p1a: Chien-Pao|move: Protect\n|-resisted|p1b: Kingambit\n|-damage|p1b: Kingambit|75\/100\n|-damage|p2b: Garchomp|52\/100|[from] item: Life Orb\n|\n|upkeep\n|turn|3\n|\n|t:|1682329293\n|move|p2a: Talonflame|Quick Guard|p2a: Talonflame\n|-singleturn|p2a: Talonflame|Quick Guard\n|move|p1a: Chien-Pao|Sucker Punch|p2b: Garchomp\n|-activate|p2b: Garchomp|move: Quick Guard\n|move|p1b: Kingambit|Sucker Punch|p2b: Garchomp\n|-activate|p2b: Garchomp|move: Quick Guard\n|move|p2b: Garchomp|Earthquake|p1b: Kingambit|[spread] p1a,p1b\n|-immune|p2a: Talonflame\n|-supereffective|p1b: Kingambit\n|-damage|p1a: Chien-Pao|0 fnt\n|-damage|p1b: Kingambit|0 fnt\n|faint|p1a: Chien-Pao\n|faint|p1b: Kingambit\n|-damage|p2b: Garchomp|42\/100|[from] item: Life Orb\n|\n|upkeep\n|\n|t:|1682329302\n|switch|p1a: Gyarados|Gyarados, L50, M|57\/100\n|switch|p1b: Garchomp|Garchomp, L50, M|100\/100\n|-ability|p1a: Gyarados|Intimidate|boost\n|-unboost|p2a: Talonflame|atk|1\n|-unboost|p2b: Garchomp|atk|1\n|turn|4\n|\n|t:|1682329323\n|move|p1a: Gyarados|Helping Hand|p1b: Garchomp\n|-singleturn|p1b: Garchomp|Helping Hand|[of] p1a: Gyarados\n|move|p2a: Talonflame|Brave Bird|p1a: Gyarados\n|-damage|p1a: Gyarados|34\/100\n|-damage|p2a: Talonflame|84\/100|[from] Recoil\n|move|p2b: Garchomp|Rock Slide|p1b: Garchomp|[spread] p1a,p1b\n|-supereffective|p1a: Gyarados\n|-resisted|p1b: Garchomp\n|-damage|p1a: Gyarados|10\/100\n|-damage|p1b: Garchomp|93\/100\n|-damage|p2b: Garchomp|33\/100|[from] item: Life Orb\n|move|p1b: Garchomp|Rock Slide|p2a: Talonflame|[spread] p2b\n|-miss|p1b: Garchomp|p2a: Talonflame\n|-supereffective|p2b: Garchomp\n|-damage|p2b: Garchomp|0 fnt\n|faint|p2b: Garchomp\n|-damage|p1b: Garchomp|84\/100|[from] item: Life Orb\n|\n|-sideend|p2: Damayr|move: Tailwind\n|upkeep\n|j| Bacon148\n|l| Bacon148\n|\n|t:|1682329341\n|switch|p2b: Grimmsnarl|Grimmsnarl, L50, M|100\/100\n|turn|5\n|\n|t:|1682329352\n|switch|p2a: Hawlucha|Hawlucha, L50, M|100\/100\n|-terastallize|p1b: Garchomp|Fire\n|move|p1a: Gyarados|Helping Hand|p1b: Garchomp\n|-singleturn|p1b: Garchomp|Helping Hand|[of] p1a: Gyarados\n|move|p2b: Grimmsnarl|Swagger|p2a: Hawlucha\n|-boost|p2a: Hawlucha|atk|2\n|-start|p2a: Hawlucha|confusion\n|-enditem|p2a: Hawlucha|Persim Berry|[eat]\n|-end|p2a: Hawlucha|confusion\n|move|p1b: Garchomp|Earthquake|p2a: Hawlucha|[spread] p2b\n|-immune|p1a: Gyarados\n|-immune|p2a: Hawlucha\n|-damage|p2b: Grimmsnarl|6\/100\n|-damage|p1b: Garchomp|74\/100|[from] item: Life Orb\n|\n|upkeep\n|turn|6\n|inactive|Damayr has 30 seconds left.\n|\n|t:|1682329377\n|move|p2a: Hawlucha|Acrobatics|p1b: Garchomp\n|-damage|p1b: Garchomp|0 fnt\n|-damage|p2a: Hawlucha|88\/100|[from] ability: Rough Skin|[of] p1b: Garchomp\n|faint|p1b: Garchomp\n|move|p1a: Gyarados|Waterfall|p2a: Hawlucha\n|-damage|p2a: Hawlucha|49\/100\n|move|p2b: Grimmsnarl|Foul Play|p1a: Gyarados\n|-damage|p1a: Gyarados|0 fnt\n|faint|p1a: Gyarados\n|\n|win|Damayr\n|raw|lateralvs's rating: 1537 → 1513<\/strong> (-24 for losing)\n|raw|Damayr's rating: 1461 → 1485<\/strong> (+24 for winning)\n","uploadtime":1682329386,"views":24,"p1id":"lateralvs","p2id":"damayr","formatid":"gen9vgc2023regulationc","rating":1485,"private":0,"password":""}