{"id":"gen9vgc2023regulationc-1857261177","p1":"kevsmoreno","p2":"Gazzlb","format":"[Gen 9] VGC 2023 Regulation C","log":"|j|\u2606kevsmoreno\n|j|\u2606Gazzlb\n|t:|1683164778\n|gametype|doubles\n|player|p1|kevsmoreno|265|\n|player|p2|Gazzlb|266|\n|teamsize|p1|6\n|teamsize|p2|6\n|gen|9\n|tier|[Gen 9] VGC 2023 Regulation C\n|rule|Species Clause: Limit one of each Pok\u00e9mon\n|rule|Item Clause: Limit one of each item\n|clearpoke\n|poke|p1|Chien-Pao, L50|\n|poke|p1|Dragapult, L50, F|\n|poke|p1|Donphan, L50, F|\n|poke|p1|Rotom-Mow, L50|\n|poke|p1|Persian, L50, F|\n|poke|p1|Skuntank, L50, F|\n|poke|p2|Indeedee-F, L50, F|\n|poke|p2|Armarouge, L50, F|\n|poke|p2|Dachsbun, L50, F|\n|poke|p2|Clawitzer, L50, M|\n|poke|p2|Corviknight, L50, F|\n|poke|p2|Falinks, L50|\n|teampreview|4\n|c|\u2606Gazzlb|g1\nkevsmoreno rejected open team sheets.\n|c|\u2606Gazzlb|glhf\n|c|\u2606kevsmoreno|glhf\n|j| Toronto 6ix\n|\n|t:|1683164982\n|start\n|switch|p1a: Donphan|Donphan, L50, F|100\/100\n|switch|p1b: Skuntank|Skuntank, L50, F|100\/100\n|switch|p2a: Indeedee|Indeedee-F, L50, F|100\/100\n|switch|p2b: Armarouge|Armarouge, L50, F, shiny|100\/100\n|-fieldstart|move: Psychic Terrain|[from] ability: Psychic Surge|[of] p2a: Indeedee\n|turn|1\n|\n|t:|1683165014\n|-terastallize|p2b: Armarouge|Grass\n|move|p2a: Indeedee|Follow Me|p2a: Indeedee\n|-singleturn|p2a: Indeedee|move: Follow Me\n|move|p1b: Skuntank|Snarl|p2a: Indeedee|[spread] p2a,p2b\n|-supereffective|p2a: Indeedee\n|-enditem|p2a: Indeedee|Colbur Berry|[eat]\n|-enditem|p2a: Indeedee|Colbur Berry|[weaken]\n|-damage|p2a: Indeedee|88\/100\n|-damage|p2b: Armarouge|87\/100\n|-unboost|p2a: Indeedee|spa|1\n|-unboost|p2b: Armarouge|spa|1\n|move|p1a: Donphan|Ice Spinner|p2a: Indeedee\n|-damage|p2a: Indeedee|58\/100\n|-fieldend|move: Psychic Terrain\n|move|p2b: Armarouge|Trick Room|p2b: Armarouge\n|-fieldstart|move: Trick Room|[of] p2b: Armarouge\n|\n|upkeep\n|turn|2\n|\n|t:|1683165069\n|move|p1a: Donphan|Ice Spinner|p2b: Armarouge\n|-supereffective|p2b: Armarouge\n|-damage|p2b: Armarouge|32\/100\n|move|p2b: Armarouge|Tera Blast|p1a: Donphan\n|-supereffective|p1a: Donphan\n|-damage|p1a: Donphan|44\/100\n|move|p2a: Indeedee|Heal Pulse|p2b: Armarouge\n|-heal|p2b: Armarouge|82\/100\n|move|p1b: Skuntank|Taunt|p2a: Indeedee\n|-start|p2a: Indeedee|move: Taunt\n|\n|upkeep\n|turn|3\n|\n|t:|1683165102\n|switch|p2a: Clawitzer|Clawitzer, L50, M, shiny|100\/100\n|move|p1a: Donphan|Knock Off|p2b: Armarouge\n|-damage|p2b: Armarouge|52\/100\n|-enditem|p2b: Armarouge|Expert Belt|[from] move: Knock Off|[of] p1a: Donphan\n|move|p2b: Armarouge|Heat Wave|p1b: Skuntank|[spread] p1a,p1b\n|-damage|p1a: Donphan|25\/100\n|-damage|p1b: Skuntank|77\/100\n|move|p1b: Skuntank|Snarl|p2b: Armarouge|[spread] p2a,p2b\n|-damage|p2a: Clawitzer|88\/100\n|-damage|p2b: Armarouge|39\/100\n|-unboost|p2a: Clawitzer|spa|1\n|-unboost|p2b: Armarouge|spa|1\n|\n|-heal|p1b: Skuntank|83\/100|[from] item: Leftovers\n|upkeep\n|turn|4\n|\n|t:|1683165137\n|switch|p2b: Falinks|Falinks, L50, shiny|100\/100\n|move|p2a: Clawitzer|Water Pulse|p1a: Donphan\n|-supereffective|p1a: Donphan\n|-damage|p1a: Donphan|0 fnt\n|faint|p1a: Donphan\n|-damage|p2a: Clawitzer|78\/100|[from] item: Life Orb\n|move|p1b: Skuntank|Snarl|p2b: Falinks|[spread] p2a,p2b\n|-resisted|p2b: Falinks\n|-damage|p2a: Clawitzer|64\/100\n|-damage|p2b: Falinks|91\/100\n|-unboost|p2a: Clawitzer|spa|1\n|-unboost|p2b: Falinks|spa|1\n|-ability|p2b: Falinks|Defiant|boost\n|-boost|p2b: Falinks|atk|2\n|\n|-heal|p1b: Skuntank|89\/100|[from] item: Leftovers\n|upkeep\n|\n|t:|1683165152\n|switch|p1a: Rotom|Rotom-Mow, L50|100\/100\n|turn|5\n|\n|t:|1683165224\n|move|p1a: Rotom|Protect|p1a: Rotom\n|-singleturn|p1a: Rotom|Protect\n|move|p2a: Clawitzer|Water Pulse|p1b: Skuntank\n|-damage|p1b: Skuntank|58\/100\n|-damage|p2a: Clawitzer|54\/100|[from] item: Life Orb\n|move|p2b: Falinks|Megahorn|p1a: Rotom\n|-activate|p1a: Rotom|move: Protect\n|move|p1b: Skuntank|Taunt|p2b: Falinks\n|-start|p2b: Falinks|move: Taunt\n|\n|-heal|p1b: Skuntank|65\/100|[from] item: Leftovers\n|-fieldend|move: Trick Room\n|upkeep\n|turn|6\n|\n|t:|1683165245\n|switch|p2a: Indeedee|Indeedee-F, L50, F|58\/100\n|-fieldstart|move: Psychic Terrain|[from] ability: Psychic Surge|[of] p2a: Indeedee\n|move|p1a: Rotom|Discharge|p2a: Indeedee|[spread] p1b,p2a,p2b\n|-damage|p1b: Skuntank|43\/100\n|-damage|p2a: Indeedee|36\/100\n|-damage|p2b: Falinks|56\/100\n|-status|p1b: Skuntank|par\n|move|p2b: Falinks|Megahorn|p1a: Rotom\n|-supereffective|p1a: Rotom\n|-damage|p1a: Rotom|0 fnt\n|faint|p1a: Rotom\n|move|p1b: Skuntank|Sludge Bomb|p2b: Falinks\n|-damage|p2b: Falinks|16\/100\n|-status|p2b: Falinks|psn\n|\n|-heal|p1b: Skuntank|49\/100 par|[from] item: Leftovers\n|-damage|p2b: Falinks|4\/100 psn|[from] psn\n|upkeep\n|\n|t:|1683165262\n|switch|p1a: Dragapult|Dragapult, L50, F|100\/100\n|turn|7\n|\n|t:|1683165328\n|switch|p2b: Clawitzer|Clawitzer, L50, M, shiny|54\/100\n|-terastallize|p1a: Dragapult|Dragon\n|move|p2a: Indeedee|Protect|p2a: Indeedee\n|-singleturn|p2a: Indeedee|Protect\n|move|p1a: Dragapult|Dragon Darts|p2b: Clawitzer\n|-damage|p2b: Clawitzer|3\/100\n|-anim|p1a: Dragapult|Dragon Darts|p2b: Clawitzer\n|-damage|p2b: Clawitzer|0 fnt\n|faint|p2b: Clawitzer\n|move|p1b: Skuntank|Sludge Bomb|p2a: Indeedee\n|-activate|p2a: Indeedee|move: Protect\n|\n|-heal|p1b: Skuntank|55\/100 par|[from] item: Leftovers\n|upkeep\n|\n|t:|1683165334\n|switch|p2b: Armarouge|Armarouge, L50, F, shiny, tera:Grass|39\/100\n|turn|8\n|\n|t:|1683165354\n|move|p2a: Indeedee|Follow Me|p2a: Indeedee\n|-singleturn|p2a: Indeedee|move: Follow Me\n|move|p1a: Dragapult|Dragon Darts|p2a: Indeedee\n|-damage|p2a: Indeedee|0 fnt\n|faint|p2a: Indeedee\n|cant|p1b: Skuntank|par\n|move|p2b: Armarouge|Trick Room|p2b: Armarouge\n|-fieldstart|move: Trick Room|[of] p2b: Armarouge\n|\n|-heal|p1b: Skuntank|61\/100 par|[from] item: Leftovers\n|upkeep\n|\n|t:|1683165370\n|switch|p2a: Falinks|Falinks, L50, shiny|4\/100 psn\n|turn|9\n|\n|t:|1683165424\n|cant|p1b: Skuntank|par\n|move|p2b: Armarouge|Expanding Force|p1a: Dragapult|[spread] p1a\n|-immune|p1b: Skuntank\n|-damage|p1a: Dragapult|12\/100\n|move|p2a: Falinks|Megahorn|p1b: Skuntank\n|-damage|p1b: Skuntank|0 fnt\n|faint|p1b: Skuntank\n|move|p1a: Dragapult|Dragon Darts|p2b: Armarouge\n|-damage|p2b: Armarouge|0 fnt\n|-anim|p1a: Dragapult|Dragon Darts|p2a: Falinks\n|-damage|p2a: Falinks|0 fnt\n|faint|p2b: Armarouge\n|faint|p2a: Falinks\n|\n|win|kevsmoreno\n|c|\u2606Gazzlb|gg\n|c|\u2606kevsmoreno|gg\n","uploadtime":1683165445,"views":10,"p1id":"kevsmoreno","p2id":"gazzlb","formatid":"gen9vgc2023regulationc","rating":0,"private":0,"password":""}