{"id":"gen9vgc2023regulationc-1853131049","p1":"JasonvK","p2":"mathtass","format":"[Gen 9] VGC 2023 Regulation C","log":"|j|\u2606JasonvK\n|j|\u2606mathtass\n|t:|1682638922\n|gametype|doubles\n|player|p1|JasonvK|dawn|1465\n|player|p2|mathtass|101|1401\n|teamsize|p1|6\n|teamsize|p2|6\n|gen|9\n|tier|[Gen 9] VGC 2023 Regulation C\n|rated|\n|rule|Species Clause: Limit one of each Pok\u00e9mon\n|rule|Item Clause: Limit one of each item\n|clearpoke\n|poke|p1|Chien-Pao, L50|\n|poke|p1|Kingambit, L50, M|\n|poke|p1|Dragapult, L50, F|\n|poke|p1|Arcanine, L50, F|\n|poke|p1|Palafin, L50, M|\n|poke|p1|Amoonguss, L50, F|\n|poke|p2|Amoonguss, L50, F|\n|poke|p2|Chi-Yu, L50|\n|poke|p2|Arcanine, L50, M|\n|poke|p2|Dragonite, L50, F|\n|poke|p2|Flutter Mane, L50|\n|poke|p2|Iron Hands, L50|\n|teampreview|4\nmathtass has agreed to open team sheets.\n|inactive|Battle timer is ON: inactive players will automatically lose when time's up. (requested by JasonvK)\n|\n|t:|1682638972\n|start\n|switch|p1a: Chien-Pao|Chien-Pao, L50|100\/100\n|switch|p1b: Dragapult|Dragapult, L50, F|100\/100\n|switch|p2a: Chi-Yu|Chi-Yu, L50|100\/100\n|switch|p2b: Flutter Mane|Flutter Mane, L50|100\/100\n|-ability|p1a: Chien-Pao|Sword of Ruin\n|-ability|p2a: Chi-Yu|Beads of Ruin\n|turn|1\n|inactive|JasonvK has 30 seconds left.\n|\n|t:|1682639007\n|-terastallize|p1a: Chien-Pao|Poison\n|move|p2a: Chi-Yu|Protect|p2a: Chi-Yu\n|-singleturn|p2a: Chi-Yu|Protect\n|move|p1b: Dragapult|Phantom Force||[still]\n|-prepare|p1b: Dragapult|Phantom Force\n|move|p1a: Chien-Pao|Swords Dance|p1a: Chien-Pao\n|-boost|p1a: Chien-Pao|atk|2\n|move|p2b: Flutter Mane|Dazzling Gleam|p1a: Chien-Pao|[spread] p1a\n|-miss|p2b: Flutter Mane|p1b: Dragapult\n|-resisted|p1a: Chien-Pao\n|-damage|p1a: Chien-Pao|68\/100\n|\n|upkeep\n|turn|2\n|inactive|JasonvK has 30 seconds left.\n|inactive|JasonvK has 20 seconds left.\n|inactive|JasonvK has 15 seconds left.\n|\n|t:|1682639051\n|move|p1b: Dragapult|Phantom Force|p2b: Flutter Mane|[from]lockedmove\n|-supereffective|p2b: Flutter Mane\n|-enditem|p2b: Flutter Mane|Focus Sash\n|-damage|p2b: Flutter Mane|1\/100\n|move|p1a: Chien-Pao|Ice Spinner|p2a: Chi-Yu\n|-resisted|p2a: Chi-Yu\n|-damage|p2a: Chi-Yu|0 fnt\n|faint|p2a: Chi-Yu\n|-damage|p1a: Chien-Pao|59\/100|[from] item: Life Orb\n|move|p2b: Flutter Mane|Moonblast|p1b: Dragapult\n|-supereffective|p1b: Dragapult\n|-enditem|p1b: Dragapult|Focus Sash\n|-damage|p1b: Dragapult|1\/100\n|\n|upkeep\n|inactive|mathtass has 30 seconds left.\n|\n|t:|1682639077\n|switch|p2a: Arcanine|Arcanine, L50, M|100\/100\n|-ability|p2a: Arcanine|Intimidate|boost\n|-unboost|p1a: Chien-Pao|atk|1\n|-fail|p1b: Dragapult|unboost|[from] ability: Clear Body|[of] p1b: Dragapult\n|turn|3\n|\n|t:|1682639089\n|move|p1a: Chien-Pao|Protect|p1a: Chien-Pao\n|-singleturn|p1a: Chien-Pao|Protect\n|move|p1b: Dragapult|Phantom Force||[still]\n|-prepare|p1b: Dragapult|Phantom Force\n|move|p2b: Flutter Mane|Dazzling Gleam|p1b: Dragapult|[spread] \n|-miss|p2b: Flutter Mane|p1b: Dragapult\n|-activate|p1a: Chien-Pao|move: Protect\n|move|p2a: Arcanine|Flare Blitz|p1a: Chien-Pao\n|-activate|p1a: Chien-Pao|move: Protect\n|\n|upkeep\n|turn|4\n|\n|t:|1682639105\n|move|p1a: Chien-Pao|Sucker Punch|p2a: Arcanine\n|-damage|p2a: Arcanine|17\/100\n|-enditem|p2a: Arcanine|Sitrus Berry|[eat]\n|-heal|p2a: Arcanine|42\/100|[from] item: Sitrus Berry\n|-damage|p1a: Chien-Pao|49\/100|[from] item: Life Orb\n|move|p1b: Dragapult|Phantom Force|p2b: Flutter Mane|[from]lockedmove\n|-supereffective|p2b: Flutter Mane\n|-damage|p2b: Flutter Mane|0 fnt\n|faint|p2b: Flutter Mane\n|-end|p2b: Flutter Mane|Protosynthesis|[silent]\n|move|p2a: Arcanine|Flare Blitz|p1a: Chien-Pao\n|-damage|p1a: Chien-Pao|0 fnt\n|faint|p1a: Chien-Pao\n|-damage|p2a: Arcanine|29\/100|[from] Recoil\n|\n|upkeep\n|\n|t:|1682639121\n|switch|p2b: Dragonite|Dragonite, L50, F|100\/100\n|switch|p1a: Arcanine|Arcanine, L50, F|100\/100\n|-ability|p1a: Arcanine|Intimidate|boost\n|-unboost|p2a: Arcanine|atk|1\n|-unboost|p2b: Dragonite|atk|1\n|turn|5\n|inactive|JasonvK has 30 seconds left.\n|\n|t:|1682639154\n|switch|p1a: Amoonguss|Amoonguss, L50, F|100\/100\n|move|p1b: Dragapult|Phantom Force||[still]\n|-prepare|p1b: Dragapult|Phantom Force\n|move|p2a: Arcanine|Howl|p2a: Arcanine|[spread] p2a,p2b\n|-boost|p2a: Arcanine|atk|1\n|-boost|p2b: Dragonite|atk|1\n|move|p2b: Dragonite|Stomping Tantrum|p1a: Amoonguss\n|-damage|p1a: Amoonguss|79\/100\n|\n|upkeep\n|turn|6\n|inactive|JasonvK has 30 seconds left.\n|\n|t:|1682639189\n|move|p1b: Dragapult|Phantom Force|p2a: Arcanine|[from]lockedmove\n|-damage|p2a: Arcanine|0 fnt\n|faint|p2a: Arcanine\n|move|p2b: Dragonite|Ice Spinner|p1b: Dragapult\n|-supereffective|p1b: Dragapult\n|-damage|p1b: Dragapult|0 fnt\n|faint|p1b: Dragapult\n|move|p1a: Amoonguss|Spore|p2b: Dragonite\n|-status|p2b: Dragonite|slp|[from] move: Spore\n|-enditem|p2b: Dragonite|Lum Berry|[eat]\n|-curestatus|p2b: Dragonite|slp|[msg]\n|\n|upkeep\n|\n|t:|1682639202\n|switch|p1b: Arcanine|Arcanine, L50, F|100\/100\n|-ability|p1b: Arcanine|Intimidate|boost\n|-unboost|p2b: Dragonite|atk|1\n|turn|7\n|\n|t:|1682639213\n|-terastallize|p2b: Dragonite|Flying\n|move|p1b: Arcanine|Extreme Speed|p2b: Dragonite\n|-damage|p2b: Dragonite|91\/100\n|move|p2b: Dragonite|Ice Spinner|p1a: Amoonguss\n|-supereffective|p1a: Amoonguss\n|-damage|p1a: Amoonguss|50\/100\n|-enditem|p1a: Amoonguss|Sitrus Berry|[eat]\n|-heal|p1a: Amoonguss|75\/100|[from] item: Sitrus Berry\n|move|p1a: Amoonguss|Spore|p2b: Dragonite\n|-status|p2b: Dragonite|slp|[from] move: Spore\n|\n|upkeep\n|turn|8\n|c|\u2606mathtass|miss click\n|c|\u2606mathtass|hate me\n|\n|t:|1682639232\n|move|p1b: Arcanine|Howl|p1b: Arcanine|[spread] p1a,p1b\n|-boost|p1a: Amoonguss|atk|1\n|-boost|p1b: Arcanine|atk|1\n|cant|p2b: Dragonite|slp\n|move|p1a: Amoonguss|Pollen Puff|p2b: Dragonite\n|-resisted|p2b: Dragonite\n|-damage|p2b: Dragonite|83\/100 slp\n|\n|upkeep\n|turn|9\n|\n|t:|1682639252\n|move|p1b: Arcanine|Extreme Speed|p2b: Dragonite\n|-damage|p2b: Dragonite|52\/100 slp\n|cant|p2b: Dragonite|slp\n|move|p1a: Amoonguss|Pollen Puff|p2b: Dragonite\n|-resisted|p2b: Dragonite\n|-damage|p2b: Dragonite|44\/100 slp\n|\n|upkeep\n|turn|10\n|\n|t:|1682639266\n|move|p1b: Arcanine|Extreme Speed|p2b: Dragonite\n|-damage|p2b: Dragonite|14\/100 slp\n|move|p1a: Amoonguss|Rage Powder|p1a: Amoonguss\n|-singleturn|p1a: Amoonguss|move: Rage Powder\n|cant|p2b: Dragonite|slp\n|\n|upkeep\n|turn|11\n|\n|t:|1682639277\n|move|p1b: Arcanine|Extreme Speed|p2b: Dragonite\n|-damage|p2b: Dragonite|0 fnt\n|faint|p2b: Dragonite\n|\n|win|JasonvK\n|raw|JasonvK's rating: 1465 → 1481<\/strong> (+16 for winning)\n|raw|mathtass's rating: 1401 → 1385<\/strong> (-16 for losing)\n","uploadtime":1682639280,"views":9,"p1id":"jasonvk","p2id":"mathtass","formatid":"gen9vgc2023regulationc","rating":1385,"private":0,"password":""}