{"id":"gen9vgc2023regulationc-1846701779","p1":"Cilan123","p2":"hangentori","format":"[Gen 9] VGC 2023 Regulation C","log":"|j|\u2606Cilan123\n|j|\u2606hangentori\n|t:|1681867663\n|gametype|doubles\n|player|p1|Cilan123|cilan|\n|player|p2|hangentori|picnicker|\n|teamsize|p1|6\n|teamsize|p2|6\n|gen|9\n|tier|[Gen 9] VGC 2023 Regulation C\n|rule|Species Clause: Limit one of each Pok\u00e9mon\n|rule|Item Clause: Limit one of each item\n|clearpoke\n|poke|p1|Arboliva, L50, M|\n|poke|p1|Maushold, L50|\n|poke|p1|Annihilape, L50, M|\n|poke|p1|Iron Thorns, L50|\n|poke|p1|Talonflame, L50, M|\n|poke|p1|Gholdengo, L50|\n|poke|p2|Talonflame, L50, M|\n|poke|p2|Garchomp, L50, M|\n|poke|p2|Flutter Mane, L50|\n|poke|p2|Iron Bundle, L50|\n|poke|p2|Ditto, L50|\n|poke|p2|Chien-Pao, L50|\n|teampreview|4\n|\n|t:|1681867700\n|start\n|switch|p1a: Maushold|Maushold, L50|100\/100\n|switch|p1b: Super Happy Tree|Arboliva, L50, M|100\/100\n|switch|p2a: Flutter Mane|Flutter Mane, L50|100\/100\n|switch|p2b: Ditto|Ditto, L50|100\/100\n|-transform|p2b: Ditto|p1a: Maushold|[from] ability: Imposter\n|turn|1\n|\n|t:|1681867747\n|-terastallize|p2a: Flutter Mane|Fairy\n|move|p2b: Ditto|Taunt|p1b: Super Happy Tree\n|-start|p1b: Super Happy Tree|move: Taunt\n|move|p2a: Flutter Mane|Dazzling Gleam|p1a: Maushold|[spread] p1a,p1b\n|-damage|p1a: Maushold|24\/100\n|-damage|p1b: Super Happy Tree|57\/100\n|-fieldstart|move: Grassy Terrain|[from] ability: Seed Sower|[of] p1b: Super Happy Tree\n|move|p1a: Maushold|Taunt|p2b: Ditto\n|-start|p2b: Ditto|move: Taunt\n|move|p1b: Super Happy Tree|Energy Ball|p2a: Flutter Mane\n|-damage|p2a: Flutter Mane|48\/100\n|\n|-heal|p2a: Flutter Mane|54\/100|[from] Grassy Terrain\n|-heal|p1a: Maushold|30\/100|[from] Grassy Terrain\n|-heal|p1b: Super Happy Tree|63\/100|[from] Grassy Terrain\n|upkeep\n|turn|2\n|\n|t:|1681867782\n|switch|p2b: Chien-Pao|Chien-Pao, L50|100\/100\n|-ability|p2b: Chien-Pao|Sword of Ruin\n|switch|p1a: Talonflame|Talonflame, L50, M|100\/100\n|move|p2a: Flutter Mane|Dazzling Gleam|p1b: Super Happy Tree|[spread] p1a,p1b\n|-resisted|p1a: Talonflame\n|-damage|p1a: Talonflame|59\/100\n|-damage|p1b: Super Happy Tree|0 fnt\n|faint|p1b: Super Happy Tree\n|\n|-heal|p2a: Flutter Mane|60\/100|[from] Grassy Terrain\n|upkeep\n|c|\u2606Cilan123|I just threw lol\n|\n|t:|1681867799\n|switch|p1b: Maushold|Maushold, L50|30\/100\n|turn|3\n|\n|t:|1681867815\n|move|p1b: Maushold|Protect|p1b: Maushold\n|-singleturn|p1b: Maushold|Protect\n|move|p2b: Chien-Pao|Sacred Sword|p1b: Maushold\n|-activate|p1b: Maushold|move: Protect\n|move|p1a: Talonflame|Will-O-Wisp|p2b: Chien-Pao\n|-status|p2b: Chien-Pao|brn\n|move|p2a: Flutter Mane|Dazzling Gleam|p1b: Maushold|[spread] p1a\n|-activate|p1b: Maushold|move: Protect\n|-resisted|p1a: Talonflame\n|-crit|p1a: Talonflame\n|-damage|p1a: Talonflame|10\/100\n|\n|-heal|p2a: Flutter Mane|66\/100|[from] Grassy Terrain\n|-heal|p1b: Maushold|36\/100|[from] Grassy Terrain\n|-damage|p2b: Chien-Pao|95\/100 brn|[from] brn\n|upkeep\n|turn|4\n|c|\u2606hangentori|not yet\n|c|\u2606hangentori|lmao\n|\n|t:|1681867842\n|move|p1b: Maushold|Protect||[still]\n|-fail|p1b: Maushold\n|move|p2b: Chien-Pao|Sacred Sword|p1b: Maushold\n|-supereffective|p1b: Maushold\n|-damage|p1b: Maushold|0 fnt\n|faint|p1b: Maushold\n|move|p1a: Talonflame|Tailwind|p1a: Talonflame\n|-sidestart|p1: Cilan123|move: Tailwind\n|move|p2a: Flutter Mane|Dazzling Gleam|p1a: Talonflame\n|-resisted|p1a: Talonflame\n|-damage|p1a: Talonflame|0 fnt\n|faint|p1a: Talonflame\n|\n|-heal|p2b: Chien-Pao|100\/100 brn|[from] Grassy Terrain\n|-heal|p2a: Flutter Mane|72\/100|[from] Grassy Terrain\n|-damage|p2b: Chien-Pao|95\/100 brn|[from] brn\n|upkeep\n|\n|t:|1681867857\n|switch|p1b: Annihilape|Annihilape, L50, M|100\/100\n|turn|5\n|\n|t:|1681867877\n|-terastallize|p1b: Annihilape|Fire\n|move|p1b: Annihilape|Bulk Up|p1b: Annihilape\n|-boost|p1b: Annihilape|atk|1\n|-boost|p1b: Annihilape|def|1\n|move|p2b: Chien-Pao|Ice Spinner|p1b: Annihilape\n|-resisted|p1b: Annihilape\n|-damage|p1b: Annihilape|92\/100\n|-fieldend|move: Grassy Terrain\n|move|p2a: Flutter Mane|Dazzling Gleam|p1b: Annihilape\n|-resisted|p1b: Annihilape\n|-damage|p1b: Annihilape|61\/100\n|\n|-heal|p1b: Annihilape|67\/100|[from] item: Leftovers\n|-damage|p2b: Chien-Pao|89\/100 brn|[from] brn\n|upkeep\n|turn|6\n|\n|t:|1681867895\n|switch|p2b: Ditto|Ditto, L50|100\/100\n|move|p1b: Annihilape|Drain Punch|p2b: Ditto\n|-supereffective|p2b: Ditto\n|-damage|p2b: Ditto|0 fnt\n|-heal|p1b: Annihilape|100\/100|[from] drain|[of] p2b: Ditto\n|faint|p2b: Ditto\n|move|p2a: Flutter Mane|Dazzling Gleam|p1b: Annihilape\n|-resisted|p1b: Annihilape\n|-damage|p1b: Annihilape|70\/100\n|\n|-heal|p1b: Annihilape|76\/100|[from] item: Leftovers\n|upkeep\n|\n|t:|1681867906\n|switch|p2b: Garchomp|Garchomp, L50, M|100\/100\n|turn|7\n|\n|t:|1681867922\n|move|p1b: Annihilape|Rage Fist|p2a: Flutter Mane\n|-damage|p2a: Flutter Mane|0 fnt\n|faint|p2a: Flutter Mane\n|-end|p2a: Flutter Mane|Protosynthesis|[silent]\n|move|p2b: Garchomp|Stomping Tantrum|p1b: Annihilape\n|-supereffective|p1b: Annihilape\n|-damage|p1b: Annihilape|4\/100\n|-damage|p2b: Garchomp|91\/100|[from] item: Life Orb\n|\n|-heal|p1b: Annihilape|10\/100|[from] item: Leftovers\n|-sideend|p1: Cilan123|move: Tailwind\n|upkeep\n|c|\u2606Cilan123|GG\n|\n|t:|1681867932\n|switch|p2a: Chien-Pao|Chien-Pao, L50|89\/100 brn\n|-ability|p2a: Chien-Pao|Sword of Ruin\n|turn|8\n|\n|t:|1681867943\n|move|p1b: Annihilape|Protect|p1b: Annihilape\n|-singleturn|p1b: Annihilape|Protect\n|move|p2a: Chien-Pao|Sacred Sword|p1b: Annihilape\n|-activate|p1b: Annihilape|move: Protect\n|move|p2b: Garchomp|Stomping Tantrum|p1b: Annihilape\n|-activate|p1b: Annihilape|move: Protect\n|\n|-heal|p1b: Annihilape|16\/100|[from] item: Leftovers\n|-damage|p2a: Chien-Pao|83\/100 brn|[from] brn\n|upkeep\n|turn|9\n|\n|t:|1681867961\n|move|p2a: Chien-Pao|Sacred Sword|p1b: Annihilape\n|-damage|p1b: Annihilape|0 fnt\n|faint|p1b: Annihilape\n|\n|win|hangentori\n|c|\u2606hangentori|ggs\n","uploadtime":1681868080,"views":15,"p1id":"cilan123","p2id":"hangentori","formatid":"gen9vgc2023regulationc","rating":0,"private":0,"password":""}