{"id":"gen9vgc2023regulationc-1848190698","p1":"Cramsey94","p2":"BlackOnyx05","format":"[Gen 9] VGC 2023 Regulation C","log":"|j|\u2606Cramsey94\n|j|\u2606BlackOnyx05\n|t:|1682040479\n|gametype|doubles\n|player|p1|Cramsey94|266|1154\n|player|p2|BlackOnyx05|102|1196\n|teamsize|p1|6\n|teamsize|p2|6\n|gen|9\n|tier|[Gen 9] VGC 2023 Regulation C\n|rated|\n|rule|Species Clause: Limit one of each Pok\u00e9mon\n|rule|Item Clause: Limit one of each item\n|clearpoke\n|poke|p1|Dragonite, L50, M|\n|poke|p1|Arcanine, L50, M|\n|poke|p1|Annihilape, L50, F|\n|poke|p1|Ting-Lu, L50|\n|poke|p1|Wo-Chien, L50|\n|poke|p1|Pelipper, L50, F|\n|poke|p2|Amoonguss, L50, M|\n|poke|p2|Ting-Lu, L50|\n|poke|p2|Arcanine, L50, M|\n|poke|p2|Roaring Moon, L50|\n|poke|p2|Flutter Mane, L50|\n|poke|p2|Palafin, L50, M|\n|teampreview|4\n|inactive|Battle timer is ON: inactive players will automatically lose when time's up. (requested by Cramsey94)\n|\n|t:|1682040517\n|start\n|switch|p1a: Annihilape|Annihilape, L50, F|100\/100\n|switch|p1b: Dragonite|Dragonite, L50, M|100\/100\n|switch|p2a: Palafin|Palafin, L50, M|100\/100\n|switch|p2b: Flutter Mane|Flutter Mane, L50|100\/100\n|turn|1\n|inactive|Cramsey94 has 30 seconds left.\n|inactive|BlackOnyx05 has 30 seconds left.\n|inactive|Cramsey94 has 20 seconds left.\n|\n|t:|1682040557\n|detailschange|p2a: Palafin|Palafin-Hero, L50, M\n|switch|p2a: Arcanine|Arcanine, L50, M|100\/100\n|-ability|p2a: Arcanine|Intimidate|boost\n|-unboost|p1a: Annihilape|atk|1\n|-ability|p1a: Annihilape|Defiant|boost\n|-boost|p1a: Annihilape|atk|2\n|-unboost|p1b: Dragonite|atk|1\n|switch|p1a: Ting-Lu|Ting-Lu, L50|100\/100\n|-ability|p1a: Ting-Lu|Vessel of Ruin\n|-terastallize|p1b: Dragonite|Normal\n|move|p2b: Flutter Mane|Shadow Ball|p1a: Ting-Lu\n|-resisted|p1a: Ting-Lu\n|-damage|p1a: Ting-Lu|88\/100\n|move|p1b: Dragonite|Dragon Dance|p1b: Dragonite\n|-boost|p1b: Dragonite|atk|1\n|-boost|p1b: Dragonite|spe|1\n|\n|upkeep\n|turn|2\n|inactive|Cramsey94 has 30 seconds left.\n|\n|t:|1682040590\n|-end|p2b: Flutter Mane|Protosynthesis|[silent]\n|switch|p2b: Palafin|Palafin-Hero, L50, M|100\/100\n|-activate|p2b: Palafin|ability: Zero to Hero\n|move|p1b: Dragonite|Dragon Dance|p1b: Dragonite\n|-boost|p1b: Dragonite|atk|1\n|-boost|p1b: Dragonite|spe|1\n|move|p2a: Arcanine|Will-O-Wisp|p1b: Dragonite\n|-status|p1b: Dragonite|brn\n|-enditem|p1b: Dragonite|Lum Berry|[eat]\n|-curestatus|p1b: Dragonite|brn|[msg]\n|move|p1a: Ting-Lu|Heavy Slam|p2b: Palafin\n|-resisted|p2b: Palafin\n|-damage|p2b: Palafin|82\/100\n|\n|upkeep\n|turn|3\n|inactive|Cramsey94 has 30 seconds left.\n|inactive|Cramsey94 has 20 seconds left.\n|inactive|Cramsey94 has 15 seconds left.\n|inactive|Cramsey94 has 10 seconds left.\n|\n|t:|1682040636\n|switch|p1a: Wo-Chien|Wo-Chien, L50|100\/100\n|-ability|p1a: Wo-Chien|Tablets of Ruin\n|move|p2b: Palafin|Protect|p2b: Palafin\n|-singleturn|p2b: Palafin|Protect\n|move|p1b: Dragonite|Extreme Speed|p2a: Arcanine\n|-damage|p2a: Arcanine|39\/100\n|move|p2a: Arcanine|Will-O-Wisp|p1b: Dragonite\n|-status|p1b: Dragonite|brn\n|\n|-damage|p1b: Dragonite|95\/100 brn|[from] brn\n|upkeep\n|turn|4\n|\n|t:|1682040661\n|switch|p2a: Amoonguss|Amoonguss, L50, M|100\/100\n|switch|p2b: Flutter Mane|Flutter Mane, L50|100\/100\n|move|p1b: Dragonite|Dragon Claw|p2b: Flutter Mane\n|-immune|p2b: Flutter Mane\n|move|p1a: Wo-Chien|Leech Seed|p2a: Amoonguss\n|-immune|p2a: Amoonguss\n|\n|-damage|p1b: Dragonite|89\/100 brn|[from] brn\n|upkeep\n|turn|5\n|inactive|Cramsey94 has 30 seconds left.\n|inactive|BlackOnyx05 has 30 seconds left.\n|inactive|Cramsey94 has 20 seconds left.\n|inactive|Cramsey94 has 15 seconds left.\n|inactive|Cramsey94 has 10 seconds left.\n|\n|t:|1682040707\n|switch|p1a: Ting-Lu|Ting-Lu, L50|88\/100\n|-ability|p1a: Ting-Lu|Vessel of Ruin\n|move|p2a: Amoonguss|Rage Powder|p2a: Amoonguss\n|-singleturn|p2a: Amoonguss|move: Rage Powder\n|move|p1b: Dragonite|Dragon Dance|p1b: Dragonite\n|-boost|p1b: Dragonite|atk|1\n|-boost|p1b: Dragonite|spe|1\n|move|p2b: Flutter Mane|Moonblast|p1b: Dragonite\n|-crit|p1b: Dragonite\n|-damage|p1b: Dragonite|0 fnt\n|faint|p1b: Dragonite\n|\n|upkeep\n|\n|t:|1682040722\n|switch|p1b: Annihilape|Annihilape, L50, F|100\/100\n|turn|6\n|\n|t:|1682040736\n|move|p1b: Annihilape|Protect|p1b: Annihilape\n|-singleturn|p1b: Annihilape|Protect\n|move|p2a: Amoonguss|Rage Powder|p2a: Amoonguss\n|-singleturn|p2a: Amoonguss|move: Rage Powder\n|move|p2b: Flutter Mane|Moonblast|p1b: Annihilape\n|-activate|p1b: Annihilape|move: Protect\n|move|p1a: Ting-Lu|Heavy Slam|p2a: Amoonguss\n|-damage|p2a: Amoonguss|68\/100\n|\n|upkeep\n|turn|7\n|inactive|Cramsey94 has 30 seconds left.\n|\n|t:|1682040768\n|move|p2a: Amoonguss|Rage Powder|p2a: Amoonguss\n|-singleturn|p2a: Amoonguss|move: Rage Powder\n|move|p2b: Flutter Mane|Moonblast|p1b: Annihilape\n|-supereffective|p1b: Annihilape\n|-damage|p1b: Annihilape|0 fnt\n|faint|p1b: Annihilape\n|move|p1a: Ting-Lu|Stomping Tantrum|p2a: Amoonguss\n|-damage|p2a: Amoonguss|36\/100\n|-enditem|p2a: Amoonguss|Sitrus Berry|[eat]\n|-heal|p2a: Amoonguss|60\/100|[from] item: Sitrus Berry\n|\n|upkeep\n|-message|Cramsey94 forfeited.\n|\n|win|BlackOnyx05\n|raw|Cramsey94's rating: 1154 → 1132<\/strong> (-22 for losing)\n|raw|BlackOnyx05's rating: 1196 → 1218<\/strong> (+22 for winning)\n|l|\u2606Cramsey94\n","uploadtime":1682040779,"views":8,"p1id":"cramsey94","p2id":"blackonyx05","formatid":"gen9vgc2023regulationc","rating":1132,"private":0,"password":""}