{"id":"gen9vgc2023regulationc-1855354711","p1":"Kabouille","p2":"MegaZtorm","format":"[Gen 9] VGC 2023 Regulation C","log":"|j|\u2606Kabouille\n|j|\u2606MegaZtorm\n|t:|1682942089\n|gametype|doubles\n|player|p1|Kabouille|102|1171\n|player|p2|MegaZtorm|1|1205\n|teamsize|p1|6\n|teamsize|p2|6\n|gen|9\n|tier|[Gen 9] VGC 2023 Regulation C\n|rated|\n|rule|Species Clause: Limit one of each Pok\u00e9mon\n|rule|Item Clause: Limit one of each item\n|clearpoke\n|poke|p1|Ceruledge, L50, M|\n|poke|p1|Scizor, L50, M|\n|poke|p1|Chien-Pao, L50|\n|poke|p1|Gyarados, L50, M|\n|poke|p1|Amoonguss, L50, M|\n|poke|p1|Farigiraf, L50, M|\n|poke|p2|Palafin, L50, F|\n|poke|p2|Scream Tail, L50|\n|poke|p2|Gothitelle, L50, F|\n|poke|p2|Amoonguss, L50, M|\n|poke|p2|Flutter Mane, L50|\n|poke|p2|Arcanine, L50, F|\n|teampreview|4\n|c|\u2606Kabouille|hello perish trap =)\n|inactive|Battle timer is ON: inactive players will automatically lose when time's up. (requested by MegaZtorm)\n|\n|t:|1682942142\n|start\n|switch|p1a: Scizor|Scizor, L50, M|100\/100\n|switch|p1b: Chien-Pao|Chien-Pao, L50|100\/100\n|switch|p2a: Scream Tail|Scream Tail, L50|100\/100\n|switch|p2b: Gothitelle|Gothitelle, L50, F, shiny|100\/100\n|-ability|p1b: Chien-Pao|Sword of Ruin\n|-enditem|p2a: Scream Tail|Booster Energy\n|-activate|p2a: Scream Tail|ability: Protosynthesis|[fromitem]\n|-start|p2a: Scream Tail|protosynthesisspe\n|turn|1\n|inactive|Kabouille has 30 seconds left.\n|\n|t:|1682942167\n|move|p1b: Chien-Pao|Protect|p1b: Chien-Pao\n|-singleturn|p1b: Chien-Pao|Protect\n|move|p1a: Scizor|Protect|p1a: Scizor\n|-singleturn|p1a: Scizor|Protect\n|move|p2b: Gothitelle|Fake Out|p1a: Scizor\n|-activate|p1a: Scizor|move: Protect\n|move|p2a: Scream Tail|Perish Song|p2a: Scream Tail\n|-start|p1a: Scizor|perish3|[silent]\n|-start|p1b: Chien-Pao|perish3|[silent]\n|-start|p2a: Scream Tail|perish3|[silent]\n|-start|p2b: Gothitelle|perish3|[silent]\n|-fieldactivate|move: Perish Song\n|\n|-start|p2a: Scream Tail|perish3\n|-start|p1b: Chien-Pao|perish3\n|-start|p1a: Scizor|perish3\n|-start|p2b: Gothitelle|perish3\n|upkeep\n|turn|2\n|inactive|Kabouille has 30 seconds left.\n|\n|t:|1682942195\n|move|p2a: Scream Tail|Protect|p2a: Scream Tail\n|-singleturn|p2a: Scream Tail|Protect\n|move|p2b: Gothitelle|Protect|p2b: Gothitelle\n|-singleturn|p2b: Gothitelle|Protect\n|move|p1b: Chien-Pao|Ice Spinner|p2b: Gothitelle\n|-activate|p2b: Gothitelle|move: Protect\n|move|p1a: Scizor|U-turn|p2b: Gothitelle\n|-activate|p2b: Gothitelle|move: Protect\n|\n|-start|p2a: Scream Tail|perish2\n|-start|p1b: Chien-Pao|perish2\n|-start|p1a: Scizor|perish2\n|-start|p2b: Gothitelle|perish2\n|upkeep\n|turn|3\n|inactive|MegaZtorm has 30 seconds left.\n|inactive|MegaZtorm has 20 seconds left.\n|inactive|MegaZtorm has 15 seconds left.\n|inactive|MegaZtorm has 10 seconds left.\n|\n|t:|1682942243\n|-terastallize|p2b: Gothitelle|Water\n|move|p2a: Scream Tail|Play Rough|p1b: Chien-Pao\n|-supereffective|p1b: Chien-Pao\n|-damage|p1b: Chien-Pao|27\/100\n|move|p1b: Chien-Pao|Ice Spinner|p2b: Gothitelle\n|-resisted|p2b: Gothitelle\n|-damage|p2b: Gothitelle|72\/100\n|move|p1a: Scizor|U-turn|p2b: Gothitelle\n|-damage|p2b: Gothitelle|20\/100\n|\n|t:|1682942262\n|switch|p1a: Gyarados|Gyarados, L50, M|100\/100|[from] U-turn\n|-ability|p1a: Gyarados|Intimidate|boost\n|-unboost|p2a: Scream Tail|atk|1\n|-unboost|p2b: Gothitelle|atk|1\n|move|p2b: Gothitelle|Psychic|p1a: Gyarados\n|-damage|p1a: Gyarados|81\/100\n|\n|-heal|p2b: Gothitelle|26\/100|[from] item: Leftovers\n|-start|p2a: Scream Tail|perish1\n|-start|p1b: Chien-Pao|perish1\n|-start|p2b: Gothitelle|perish1\n|upkeep\n|turn|4\n|\n|t:|1682942285\n|-end|p2a: Scream Tail|Protosynthesis|[silent]\n|switch|p2a: Amoonguss|Amoonguss, L50, M, shiny|100\/100\n|switch|p2b: Flutter Mane|Flutter Mane, L50|100\/100\n|move|p1b: Chien-Pao|Ice Spinner|p2b: Flutter Mane\n|-enditem|p2b: Flutter Mane|Focus Sash\n|-damage|p2b: Flutter Mane|1\/100\n|move|p1a: Gyarados|Waterfall|p2b: Flutter Mane\n|-damage|p2b: Flutter Mane|0 fnt\n|faint|p2b: Flutter Mane\n|-end|p2b: Flutter Mane|Protosynthesis|[silent]\n|\n|-start|p1b: Chien-Pao|perish0\n|upkeep\n|faint|p1b: Chien-Pao\n|\n|t:|1682942298\n|switch|p2b: Gothitelle|Gothitelle, L50, F, shiny, tera:Water|26\/100\n|switch|p1b: Ceruledge|Ceruledge, L50, M, shiny|100\/100\n|turn|5\n|\n|t:|1682942317\n|move|p1a: Gyarados|Helping Hand|p1b: Ceruledge\n|-singleturn|p1b: Ceruledge|Helping Hand|[of] p1a: Gyarados\n|move|p2b: Gothitelle|Fake Out|p1a: Gyarados\n|-damage|p1a: Gyarados|75\/100\n|move|p1b: Ceruledge|Bitter Blade|p2a: Amoonguss\n|-supereffective|p2a: Amoonguss\n|-damage|p2a: Amoonguss|0 fnt\n|-damage|p1b: Ceruledge|84\/100|[from] item: Rocky Helmet|[of] p2a: Amoonguss\n|faint|p2a: Amoonguss\n|\n|-heal|p1b: Ceruledge|90\/100|[from] item: Leftovers\n|-heal|p2b: Gothitelle|32\/100|[from] item: Leftovers\n|upkeep\n|\n|t:|1682942331\n|switch|p2a: Scream Tail|Scream Tail, L50|100\/100\n|turn|6\n|-message|MegaZtorm forfeited.\n|\n|win|Kabouille\n|raw|Kabouille's rating: 1171 → 1198<\/strong> (+27 for winning)\n|raw|MegaZtorm's rating: 1205 → 1178<\/strong> (-27 for losing)\n|l|\u2606MegaZtorm\n","uploadtime":1682942346,"views":20,"p1id":"kabouille","p2id":"megaztorm","formatid":"gen9vgc2023regulationc","rating":1178,"private":0,"password":""}