{"id":"gen9vgc2023regulationc-1845113808","p1":"Malsuika","p2":"Flame023","format":"[Gen 9] VGC 2023 Regulation C","log":"|j|\u2606Malsuika\n|j|\u2606Flame023\n|t:|1681685131\n|gametype|doubles\n|player|p1|Malsuika|brock|1112\n|player|p2|Flame023|red|1215\n|teamsize|p1|6\n|teamsize|p2|6\n|gen|9\n|tier|[Gen 9] VGC 2023 Regulation C\n|rated|\n|rule|Species Clause: Limit one of each Pok\u00e9mon\n|rule|Item Clause: Limit one of each item\n|clearpoke\n|poke|p1|Chien-Pao, L50|\n|poke|p1|Dragonite, L50, F|\n|poke|p1|Iron Bundle, L50|\n|poke|p1|Amoonguss, L50, F|\n|poke|p1|Gholdengo, L50|\n|poke|p1|Palafin, L50, F|\n|poke|p2|Lucario, L50, M|\n|poke|p2|Gyarados, L50, F|\n|poke|p2|Garchomp, L50, F|\n|poke|p2|Rotom-Heat, L50|\n|poke|p2|Flutter Mane, L50|\n|poke|p2|Kingambit, L50, F|\n|teampreview|4\n|inactive|Battle timer is ON: inactive players will automatically lose when time's up. (requested by Malsuika)\n|\n|t:|1681685161\n|start\n|switch|p1a: Amoonguss|Amoonguss, L50, F|100\/100\n|switch|p1b: Chien-Pao|Chien-Pao, L50|100\/100\n|switch|p2a: Lucario|Lucario, L50, M|100\/100\n|switch|p2b: Gyarados|Gyarados, L50, F|100\/100\n|-ability|p2b: Gyarados|Intimidate|boost\n|-unboost|p1a: Amoonguss|atk|1\n|-unboost|p1b: Chien-Pao|atk|1\n|-ability|p1b: Chien-Pao|Sword of Ruin\n|turn|1\n|inactive|Flame023 has 30 seconds left.\n|inactive|Flame023 has 20 seconds left.\n|inactive|Flame023 has 15 seconds left.\n|inactive|Flame023 has 10 seconds left.\n|\n|t:|1681685208\n|-terastallize|p2b: Gyarados|Flying\n|move|p1b: Chien-Pao|Protect|p1b: Chien-Pao\n|-singleturn|p1b: Chien-Pao|Protect\n|move|p2b: Gyarados|Tera Blast|p1a: Amoonguss\n|-supereffective|p1a: Amoonguss\n|-damage|p1a: Amoonguss|0 fnt\n|faint|p1a: Amoonguss\n|move|p2a: Lucario|Close Combat|p1b: Chien-Pao\n|-activate|p1b: Chien-Pao|move: Protect\n|\n|upkeep\n|\n|t:|1681685224\n|switch|p1a: Gholdengo|Gholdengo, L50|100\/100\n|-item|p1a: Gholdengo|Air Balloon\n|turn|2\n|inactive|Malsuika has 30 seconds left.\n|\n|t:|1681685250\n|move|p2b: Gyarados|Tera Blast|p1b: Chien-Pao\n|-damage|p1b: Chien-Pao|28\/100\n|move|p1b: Chien-Pao|Ice Spinner|p2b: Gyarados\n|-supereffective|p2b: Gyarados\n|-damage|p2b: Gyarados|9\/100\n|move|p1a: Gholdengo|Shadow Ball|p2a: Lucario\n|-damage|p2a: Lucario|32\/100\n|move|p2a: Lucario|Close Combat|p1b: Chien-Pao\n|-supereffective|p1b: Chien-Pao\n|-damage|p1b: Chien-Pao|0 fnt\n|-unboost|p2a: Lucario|def|1\n|-unboost|p2a: Lucario|spd|1\n|faint|p1b: Chien-Pao\n|\n|upkeep\n|\n|t:|1681685264\n|switch|p1b: Iron Bundle|Iron Bundle, L50|100\/100\n|-enditem|p1b: Iron Bundle|Booster Energy\n|-activate|p1b: Iron Bundle|ability: Quark Drive|[fromitem]\n|-start|p1b: Iron Bundle|quarkdrivespe\n|turn|3\n|inactive|Flame023 has 30 seconds left.\n|inactive|Flame023 has 20 seconds left.\n|\n|t:|1681685300\n|move|p2a: Lucario|Bullet Punch|p1b: Iron Bundle\n|-damage|p1b: Iron Bundle|73\/100\n|move|p1b: Iron Bundle|Icy Wind|p2b: Gyarados|[spread] p2a,p2b\n|-resisted|p2a: Lucario\n|-supereffective|p2b: Gyarados\n|-damage|p2a: Lucario|5\/100\n|-damage|p2b: Gyarados|0 fnt\n|-unboost|p2a: Lucario|spe|1\n|faint|p2b: Gyarados\n|move|p1a: Gholdengo|Shadow Ball|p2a: Lucario\n|-crit|p2a: Lucario\n|-damage|p2a: Lucario|0 fnt\n|faint|p2a: Lucario\n|\n|upkeep\n|\n|t:|1681685312\n|switch|p2a: Flutter Mane|Flutter Mane, L50|100\/100\n|switch|p2b: Kingambit|Kingambit, L50, F|100\/100\n|turn|4\n|inactive|Malsuika has 30 seconds left.\n|\n|t:|1681685341\n|-terastallize|p1b: Iron Bundle|Water\n|move|p2b: Kingambit|Sucker Punch|p1b: Iron Bundle\n|-damage|p1b: Iron Bundle|23\/100\n|move|p1b: Iron Bundle|Hydro Pump|p2b: Kingambit\n|-damage|p2b: Kingambit|30\/100\n|move|p2a: Flutter Mane|Shadow Ball|p1a: Gholdengo\n|-supereffective|p1a: Gholdengo\n|-damage|p1a: Gholdengo|0 fnt\n|-enditem|p1a: Gholdengo|Air Balloon\n|faint|p1a: Gholdengo\n|-damage|p2a: Flutter Mane|90\/100|[from] item: Life Orb\n|\n|upkeep\n|turn|5\n|-message|Malsuika forfeited.\n|\n|win|Flame023\n|raw|Malsuika's rating: 1112 → 1094<\/strong> (-18 for losing)\n|raw|Flame023's rating: 1215 → 1233<\/strong> (+18 for winning)\n|l|\u2606Malsuika\n","uploadtime":1681685361,"views":15,"p1id":"malsuika","p2id":"flame023","formatid":"gen9vgc2023regulationc","rating":1094,"private":0,"password":""}