{"id":"gen9vgc2023regulationc-1844910362","p1":"Goombada","p2":"TrainerRYSA","format":"[Gen 9] VGC 2023 Regulation C","log":"|j|\u2606Goombada\n|j|\u2606TrainerRYSA\n|t:|1681663154\n|gametype|doubles\n|player|p1|Goombada|2|1182\n|player|p2|TrainerRYSA|170|1189\n|teamsize|p1|5\n|teamsize|p2|6\n|gen|9\n|tier|[Gen 9] VGC 2023 Regulation C\n|rated|\n|rule|Species Clause: Limit one of each Pok\u00e9mon\n|rule|Item Clause: Limit one of each item\n|clearpoke\n|poke|p1|Staraptor, L50, F|\n|poke|p1|Gholdengo, L50|\n|poke|p1|Raichu, L50, M|\n|poke|p1|Garchomp, L50, M|\n|poke|p1|Vaporeon, L50, M|\n|poke|p2|Flutter Mane, L50|\n|poke|p2|Iron Hands, L50|\n|poke|p2|Dragonite, L50, M|\n|poke|p2|Umbreon, L50, M|\n|poke|p2|Gyarados, L50, M|\n|poke|p2|Palafin, L50, F|\n|teampreview|4\n|inactive|Battle timer is ON: inactive players will automatically lose when time's up. (requested by Goombada)\n|\n|t:|1681663218\n|start\n|switch|p1a: Raichu|Raichu, L50, M|100\/100\n|switch|p1b: Staraptor|Staraptor, L50, F|100\/100\n|switch|p2a: Sasuke|Umbreon, L50, M, shiny|100\/100\n|switch|p2b: Palafin|Palafin, L50, F|100\/100\n|-ability|p1b: Staraptor|Intimidate|boost\n|-fail|p2a: Sasuke|unboost|Attack|[from] ability: Inner Focus|[of] p2a: Sasuke\n|-unboost|p2b: Palafin|atk|1\n|turn|1\n|\n|t:|1681663236\n|detailschange|p2b: Palafin|Palafin-Hero, L50, F\n|switch|p2b: Gyarados|Gyarados, L50, M, shiny|100\/100\n|-ability|p2b: Gyarados|Intimidate|boost\n|-unboost|p1a: Raichu|atk|1\n|-unboost|p1b: Staraptor|atk|1\n|move|p1a: Raichu|Fake Out|p2b: Gyarados\n|-damage|p2b: Gyarados|92\/100\n|move|p1b: Staraptor|U-turn|p2a: Sasuke\n|-supereffective|p2a: Sasuke\n|-damage|p2a: Sasuke|82\/100\n|\n|t:|1681663256\n|switch|p1b: Garchomp|Garchomp, L50, M|100\/100|[from] U-turn\n|move|p2a: Sasuke|Snarl|p1b: Garchomp|[spread] p1a,p1b\n|-damage|p1a: Raichu|91\/100\n|-damage|p1b: Garchomp|89\/100\n|-unboost|p1a: Raichu|spa|1\n|-unboost|p1b: Garchomp|spa|1\n|\n|upkeep\n|turn|2\n|inactive|TrainerRYSA has 30 seconds left.\n|\n|t:|1681663288\n|-terastallize|p2b: Gyarados|Grass\n|move|p1a: Raichu|Volt Switch|p2b: Gyarados\n|-resisted|p2b: Gyarados\n|-damage|p2b: Gyarados|85\/100\n|\n|t:|1681663295\n|switch|p1a: Staraptor|Staraptor, L50, F|100\/100|[from] Volt Switch\n|-ability|p1a: Staraptor|Intimidate|boost\n|-fail|p2a: Sasuke|unboost|Attack|[from] ability: Inner Focus|[of] p2a: Sasuke\n|-unboost|p2b: Gyarados|atk|1\n|move|p1b: Garchomp|Swords Dance|p1b: Garchomp\n|-boost|p1b: Garchomp|atk|2\n|-enditem|p2a: Sasuke|Mirror Herb\n|-boost|p2a: Sasuke|atk|2|[from] item: Mirror Herb\n|move|p2b: Gyarados|Taunt|p1b: Garchomp\n|-start|p1b: Garchomp|move: Taunt\n|move|p2a: Sasuke|Skill Swap|p1b: Garchomp\n|-activate|p2a: Sasuke|move: Skill Swap|Rough Skin|Inner Focus|[of] p1b: Garchomp\n|\n|upkeep\n|turn|3\n|inactive|Goombada has 30 seconds left.\n|inactive|TrainerRYSA has 30 seconds left.\n|inactive|TrainerRYSA has 20 seconds left.\n|inactive|TrainerRYSA has 15 seconds left.\n|inactive|TrainerRYSA has 10 seconds left.\n|\n|t:|1681663342\n|move|p1a: Staraptor|Close Combat|p2a: Sasuke\n|-supereffective|p2a: Sasuke\n|-damage|p2a: Sasuke|37\/100\n|-unboost|p1a: Staraptor|def|1\n|-unboost|p1a: Staraptor|spd|1\n|-damage|p1a: Staraptor|88\/100|[from] ability: Rough Skin|[of] p2a: Sasuke\n|move|p1b: Garchomp|Dragon Claw|p2b: Gyarados\n|-damage|p2b: Gyarados|0 fnt\n|faint|p2b: Gyarados\n|move|p2a: Sasuke|Foul Play|p1b: Garchomp\n|-damage|p1b: Garchomp|0 fnt\n|faint|p1b: Garchomp\n|\n|upkeep\n|inactive|TrainerRYSA has 30 seconds left.\n|\n|t:|1681663367\n|switch|p1b: Raichu|Raichu, L50, M|91\/100\n|switch|p2b: Flutter Mane|Flutter Mane, L50|100\/100\n|-enditem|p2b: Flutter Mane|Booster Energy\n|-activate|p2b: Flutter Mane|ability: Protosynthesis|[fromitem]\n|-start|p2b: Flutter Mane|protosynthesisspa\n|turn|4\n|\n|t:|1681663390\n|switch|p1a: Vaporeon|Vaporeon, L50, M|100\/100\n|move|p1b: Raichu|Nuzzle|p2b: Flutter Mane\n|-damage|p2b: Flutter Mane|87\/100\n|-status|p2b: Flutter Mane|par\n|move|p2a: Sasuke|Moonlight|p2a: Sasuke\n|-heal|p2a: Sasuke|87\/100\n|cant|p2b: Flutter Mane|par\n|\n|upkeep\n|turn|5\n|\n|t:|1681663407\n|cant|p2b: Flutter Mane|par\n|move|p1b: Raichu|Nuzzle|p2a: Sasuke\n|-damage|p2a: Sasuke|81\/100\n|-status|p2a: Sasuke|par\n|-damage|p1b: Raichu|79\/100|[from] ability: Rough Skin|[of] p2a: Sasuke\n|move|p1a: Vaporeon|Haze|p1a: Vaporeon\n|-clearallboost\n|move|p2a: Sasuke|Snarl|p1b: Raichu|[spread] p1a,p1b\n|-damage|p1a: Vaporeon|92\/100\n|-damage|p1b: Raichu|69\/100\n|-unboost|p1a: Vaporeon|spa|1\n|-unboost|p1b: Raichu|spa|1\n|\n|upkeep\n|turn|6\n|\n|t:|1681663429\n|move|p1b: Raichu|Volt Switch|p2b: Flutter Mane\n|-damage|p2b: Flutter Mane|73\/100 par\n|\n|t:|1681663432\n|switch|p1b: Staraptor|Staraptor, L50, F|88\/100|[from] Volt Switch\n|-ability|p1b: Staraptor|Intimidate|boost\n|-unboost|p2a: Sasuke|atk|1\n|-unboost|p2b: Flutter Mane|atk|1\n|move|p1a: Vaporeon|Muddy Water|p2a: Sasuke|[spread] p2a,p2b\n|-damage|p2a: Sasuke|67\/100 par\n|-damage|p2b: Flutter Mane|58\/100 par\n|cant|p2b: Flutter Mane|par\n|move|p2a: Sasuke|Snarl|p1b: Staraptor|[spread] p1a\n|-miss|p2a: Sasuke|p1b: Staraptor\n|-damage|p1a: Vaporeon|84\/100\n|-unboost|p1a: Vaporeon|spa|1\n|\n|upkeep\n|turn|7\n|\n|t:|1681663448\n|move|p1b: Staraptor|Brave Bird|p2b: Flutter Mane\n|-damage|p2b: Flutter Mane|0 fnt\n|faint|p2b: Flutter Mane\n|-end|p2b: Flutter Mane|Protosynthesis|[silent]\n|-damage|p1b: Staraptor|71\/100|[from] Recoil\n|move|p1a: Vaporeon|Muddy Water|p2a: Sasuke|[miss]\n|-miss|p1a: Vaporeon|p2a: Sasuke\n|move|p2a: Sasuke|Foul Play|p1b: Staraptor\n|-damage|p1b: Staraptor|3\/100\n|\n|upkeep\n|\n|t:|1681663458\n|switch|p2b: Palafin|Palafin-Hero, L50, F|100\/100\n|-activate|p2b: Palafin|ability: Zero to Hero\n|turn|8\n|\n|t:|1681663477\n|switch|p1b: Raichu|Raichu, L50, M|69\/100\n|move|p2b: Palafin|Jet Punch|p1b: Raichu\n|-damage|p1b: Raichu|0 fnt\n|faint|p1b: Raichu\n|move|p1a: Vaporeon|Muddy Water|p2a: Sasuke|[spread] p2b\n|-miss|p1a: Vaporeon|p2a: Sasuke\n|-resisted|p2b: Palafin\n|-damage|p2b: Palafin|95\/100\n|move|p2a: Sasuke|Moonlight|p2a: Sasuke\n|-heal|p2a: Sasuke|100\/100 par\n|\n|upkeep\n|\n|t:|1681663488\n|switch|p1b: Staraptor|Staraptor, L50, F|3\/100\n|-ability|p1b: Staraptor|Intimidate|boost\n|-unboost|p2a: Sasuke|atk|1\n|-unboost|p2b: Palafin|atk|1\n|turn|9\n|\n|t:|1681663502\n|-terastallize|p1a: Vaporeon|Water\n|move|p2b: Palafin|Jet Punch|p1b: Staraptor\n|-damage|p1b: Staraptor|0 fnt\n|faint|p1b: Staraptor\n|move|p1a: Vaporeon|Muddy Water|p2a: Sasuke|[spread] p2b\n|-miss|p1a: Vaporeon|p2a: Sasuke\n|-resisted|p2b: Palafin\n|-damage|p2b: Palafin|86\/100\n|-unboost|p2b: Palafin|accuracy|1\n|move|p2a: Sasuke|Foul Play|p1a: Vaporeon\n|-damage|p1a: Vaporeon|70\/100\n|\n|upkeep\n|turn|10\n|-message|Goombada forfeited.\n|\n|win|TrainerRYSA\n|raw|Goombada's rating: 1182 → 1158<\/strong> (-24 for losing)\n|raw|TrainerRYSA's rating: 1189 → 1213<\/strong> (+24 for winning)\n|l|\u2606Goombada\n|c|\u2606TrainerRYSA|lol water absorb tho??\n|l|\u2606TrainerRYSA\n|j|\u2606TrainerRYSA\n|player|p2|TrainerRYSA|170\n","uploadtime":1681663524,"views":53,"p1id":"goombada","p2id":"trainerrysa","formatid":"gen9vgc2023regulationc","rating":1158,"private":0,"password":""}