{"id":"gen9vgc2023regulationc-1853014140","p1":"Jbenn","p2":"testinglitch1","format":"[Gen 9] VGC 2023 Regulation C","log":"|j|\u2606Jbenn\n|j|\u2606testinglitch1\n|t:|1682625777\n|gametype|doubles\n|player|p1|Jbenn|steven|\n|player|p2|testinglitch1|102|\n|teamsize|p1|6\n|teamsize|p2|6\n|gen|9\n|tier|[Gen 9] VGC 2023 Regulation C\n|rated|Tournament battle\n|rule|Species Clause: Limit one of each Pok\u00e9mon\n|rule|Item Clause: Limit one of each item\n|clearpoke\n|poke|p1|Roaring Moon, L50|\n|poke|p1|Great Tusk, L50|\n|poke|p1|Gholdengo, L50|\n|poke|p1|Hariyama, L50, F|\n|poke|p1|Mimikyu, L50, F|\n|poke|p1|Gyarados, L50, M|\n|poke|p2|Flutter Mane, L50|\n|poke|p2|Ting-Lu, L50|\n|poke|p2|Amoonguss, L50, M|\n|poke|p2|Ceruledge, L50, M|\n|poke|p2|Gyarados, L50, M|\n|poke|p2|Iron Hands, L50|\n|teampreview|4\n|raw| Open Team Sheet for Jbenn<\/summary>Smaug (Roaring Moon) @ Booster Energy Ability: Protosynthesis Level: 50 Tera Type: Flying - Protect - Tailwind - Acrobatics - Jaw Lock Big AL (Great Tusk) @ Life Orb Ability: Protosynthesis Level: 50 Hidden Power: Fighting Tera Type: Grass - Protect - Headlong Rush - Earthquake - Ice Spinner 50 Cent (Gholdengo) @ Leftovers Ability: Good as Gold Level: 50 Tera Type: Water - Protect - Nasty Plot - Make It Rain - Thunderbolt Yokozuna (Hariyama) @ Roseli Berry Ability: Thick Fat Level: 50 Shiny: Yes Tera Type: Steel - Fake Out - Close Combat - Iron Head - Wide Guard Casper (Mimikyu) @ Sitrus Berry Ability: Disguise Level: 50 Tera Type: Water - Protect - Trick Room - Play Rough - Curse Haku (Gyarados) (M) @ Lum Berry Ability: Intimidate Level: 50 Shiny: Yes Tera Type: Flying - Taunt - Waterfall - Thunder Wave - Tera Blast <\/details><\/div> Open Team Sheet for testinglitch1<\/summary>Flutter Mane @ Booster Energy Ability: Protosynthesis Level: 50 Tera Type: Fairy - Moonblast - Shadow Ball - Trick Room - Protect Ting-Lu @ Choice Band Ability: Vessel of Ruin Level: 50 Tera Type: Fire - Heavy Slam - Stomping Tantrum - Earthquake - Rock Slide Amoonguss @ Rocky Helmet Ability: Regenerator Level: 50 Tera Type: Water - Rage Powder - Spore - Pollen Puff - Protect Ceruledge @ Clear Amulet Ability: Flash Fire Level: 50 Tera Type: Grass - Bitter Blade - Shadow Sneak - Bulk Up - Tera Blast Gyarados @ Safety Goggles Ability: Intimidate Level: 50 Shiny: Yes Tera Type: Steel - Waterfall - Thunder Wave - Taunt - Helping Hand Iron Hands @ Assault Vest Ability: Quark Drive Level: 50 Tera Type: Fire - Fake Out - Drain Punch - Wild Charge - Volt Switch <\/details><\/div>\n|c|\u2606testinglitch1|Glhf\n|j| rjmachine3\n|c|\u2606Jbenn|u2\n|j|%Therazer456\n|l| rjmachine3\n|\n|t:|1682625845\n|start\n|switch|p1a: 50 Cent|Gholdengo, L50|100\/100\n|switch|p1b: Yokozuna|Hariyama, L50, F, shiny|100\/100\n|switch|p2a: Ting-Lu|Ting-Lu, L50|100\/100\n|switch|p2b: Gyarados|Gyarados, L50, M, shiny|100\/100\n|-ability|p2b: Gyarados|Intimidate|boost\n|-unboost|p1a: 50 Cent|atk|1\n|-unboost|p1b: Yokozuna|atk|1\n|-ability|p2a: Ting-Lu|Vessel of Ruin\n|turn|1\n|\n|t:|1682625885\n|-terastallize|p2a: Ting-Lu|Fire\n|move|p1b: Yokozuna|Fake Out|p2a: Ting-Lu\n|-damage|p2a: Ting-Lu|95\/100\n|move|p2b: Gyarados|Thunder Wave|p1b: Yokozuna\n|-status|p1b: Yokozuna|par\n|move|p1a: 50 Cent|Thunderbolt|p2b: Gyarados\n|-supereffective|p2b: Gyarados\n|-damage|p2b: Gyarados|25\/100\n|cant|p2a: Ting-Lu|flinch\n|\n|upkeep\n|turn|2\n|\n|t:|1682625911\n|switch|p2b: Amoonguss|Amoonguss, L50, M|100\/100\n|switch|p1a: Smaug|Roaring Moon, L50|100\/100\n|-enditem|p1a: Smaug|Booster Energy\n|-activate|p1a: Smaug|ability: Protosynthesis|[fromitem]\n|-start|p1a: Smaug|protosynthesisspe\n|cant|p1b: Yokozuna|par\n|move|p2a: Ting-Lu|Stomping Tantrum|p1a: Smaug\n|-damage|p1a: Smaug|0 fnt\n|faint|p1a: Smaug\n|-end|p1a: Smaug|Protosynthesis|[silent]\n|\n|upkeep\n|\n|t:|1682625937\n|switch|p1a: Big AL|Great Tusk, L50|100\/100\n|turn|3\n|j| RoderickVE\n|c|\u2606testinglitch1|Wth happened\n|\n|t:|1682625956\n|switch|p2a: Gyarados|Gyarados, L50, M, shiny|25\/100\n|-ability|p2a: Gyarados|Intimidate|boost\n|-unboost|p1a: Big AL|atk|1\n|-unboost|p1b: Yokozuna|atk|1\n|-terastallize|p1a: Big AL|Grass\n|move|p1a: Big AL|Headlong Rush|p2a: Gyarados\n|-immune|p2a: Gyarados\n|move|p2b: Amoonguss|Spore|p1a: Big AL\n|-immune|p1a: Big AL\n|move|p1b: Yokozuna|Close Combat|p2a: Gyarados\n|-resisted|p2a: Gyarados\n|-damage|p2a: Gyarados|10\/100\n|-unboost|p1b: Yokozuna|def|1\n|-unboost|p1b: Yokozuna|spd|1\n|\n|upkeep\n|turn|4\n|c|\u2606Jbenn|I think fake out doubles\n|l|%Therazer456\n|\n|t:|1682625985\n|switch|p1b: 50 Cent|Gholdengo, L50|100\/100\n|move|p1a: Big AL|Headlong Rush|p2b: Amoonguss\n|-damage|p2b: Amoonguss|55\/100\n|-unboost|p1a: Big AL|def|1\n|-unboost|p1a: Big AL|spd|1\n|-damage|p1a: Big AL|84\/100|[from] item: Rocky Helmet|[of] p2b: Amoonguss\n|-damage|p1a: Big AL|74\/100|[from] item: Life Orb\n|move|p2a: Gyarados|Thunder Wave|p1a: Big AL\n|-status|p1a: Big AL|par\n|move|p2b: Amoonguss|Pollen Puff|p2a: Gyarados\n|-heal|p2a: Gyarados|60\/100\n|\n|upkeep\n|turn|5\n|l| RoderickVE\n|\n|t:|1682626014\n|move|p2a: Gyarados|Waterfall|p1b: 50 Cent\n|-damage|p1b: 50 Cent|69\/100\n|move|p1b: 50 Cent|Nasty Plot|p1b: 50 Cent\n|-boost|p1b: 50 Cent|spa|2\n|move|p1a: Big AL|Ice Spinner|p2b: Amoonguss\n|-supereffective|p2b: Amoonguss\n|-damage|p2b: Amoonguss|13\/100\n|-damage|p1a: Big AL|58\/100 par|[from] item: Rocky Helmet|[of] p2b: Amoonguss\n|-damage|p1a: Big AL|48\/100 par|[from] item: Life Orb\n|move|p2b: Amoonguss|Pollen Puff|p1a: Big AL\n|-supereffective|p1a: Big AL\n|-damage|p1a: Big AL|0 fnt\n|faint|p1a: Big AL\n|-end|p1a: Big AL|Protosynthesis|[silent]\n|\n|-heal|p1b: 50 Cent|75\/100|[from] item: Leftovers\n|upkeep\n|c|\u2606Jbenn|rocky helmet amoongus\n|\n|t:|1682626038\n|switch|p1a: Yokozuna|Hariyama, L50, F, shiny|100\/100 par\n|turn|6\n|\n|t:|1682626047\n|move|p2b: Amoonguss|Protect|p2b: Amoonguss\n|-singleturn|p2b: Amoonguss|Protect\n|move|p1a: Yokozuna|Fake Out|p2b: Amoonguss\n|-activate|p2b: Amoonguss|move: Protect\n|move|p2a: Gyarados|Waterfall|p1b: 50 Cent\n|-damage|p1b: 50 Cent|39\/100\n|move|p1b: 50 Cent|Thunderbolt|p2a: Gyarados\n|-supereffective|p2a: Gyarados\n|-damage|p2a: Gyarados|0 fnt\n|faint|p2a: Gyarados\n|\n|-heal|p1b: 50 Cent|45\/100|[from] item: Leftovers\n|upkeep\n|\n|t:|1682626061\n|switch|p2a: Ting-Lu|Ting-Lu, L50, tera:Fire|95\/100\n|-ability|p2a: Ting-Lu|Vessel of Ruin\n|turn|7\n|\n|t:|1682626071\n|switch|p2b: Iron Hands|Iron Hands, L50|100\/100\n|move|p1b: 50 Cent|Protect|p1b: 50 Cent\n|-singleturn|p1b: 50 Cent|Protect\n|move|p2a: Ting-Lu|Stomping Tantrum|p1b: 50 Cent\n|-activate|p1b: 50 Cent|move: Protect\n|cant|p1a: Yokozuna|par\n|\n|-heal|p1b: 50 Cent|51\/100|[from] item: Leftovers\n|upkeep\n|turn|8\n|\n|t:|1682626091\n|move|p1b: 50 Cent|Protect||[still]\n|-fail|p1b: 50 Cent\n|move|p2b: Iron Hands|Fake Out|p1a: Yokozuna\n|-damage|p1a: Yokozuna|88\/100 par\n|move|p2a: Ting-Lu|Stomping Tantrum|p1b: 50 Cent\n|-supereffective|p1b: 50 Cent\n|-damage|p1b: 50 Cent|0 fnt\n|faint|p1b: 50 Cent\n|cant|p1a: Yokozuna|flinch\n|\n|upkeep\n|turn|9\n|c|\u2606Jbenn|gg\n|-message|Jbenn forfeited.\n|\n|win|testinglitch1\n|n|\u2606Jbenn|jbenn\n|n|\u2606testinglitch1|testinglitch1\n|l|\u2606Jbenn\n","uploadtime":1682626107,"views":15,"p1id":"jbenn","p2id":"testinglitch1","formatid":"gen9vgc2023regulationc","rating":0,"private":0,"password":""}