{"id":"gen9vgc2023regulationc-1858585822","p1":"MateusVDA","p2":"Noinoinoi","format":"[Gen 9] VGC 2023 Regulation C","log":"|j|\u2606MateusVDA\n|j|\u2606Noinoinoi\n|t:|1683328665\n|gametype|doubles\n|player|p1|MateusVDA|2|1009\n|player|p2|Noinoinoi|psychic-gen4|1000\n|teamsize|p1|6\n|teamsize|p2|6\n|gen|9\n|tier|[Gen 9] VGC 2023 Regulation C\n|rated|\n|rule|Species Clause: Limit one of each Pok\u00e9mon\n|rule|Item Clause: Limit one of each item\n|clearpoke\n|poke|p1|Lycanroc-Dusk, L50, F|\n|poke|p1|Amoonguss, L50, M|\n|poke|p1|Chien-Pao, L50|\n|poke|p1|Armarouge, L50, F|\n|poke|p1|Maushold, L50|\n|poke|p1|Barraskewda, L50, F|\n|poke|p2|Indeedee-F, L50, F|\n|poke|p2|Sudowoodo, L50, M|\n|poke|p2|Iron Hands, L50|\n|poke|p2|Armarouge, L50, M|\n|poke|p2|Gholdengo, L50|\n|poke|p2|Palafin, L50, F|\n|teampreview|4\n|inactive|Battle timer is ON: inactive players will automatically lose when time's up. (requested by Noinoinoi)\nMateusVDA rejected open team sheets.\n|c|\u2606Noinoinoi|SCOTLAND\n|c|\u2606Noinoinoi|FOREVERRRR\n|c|\u2606MateusVDA|sudowoodo\n|c|\u2606MateusVDA|yeah i got the reference\n|inactive|MateusVDA has 60 seconds left.\n|inactive|Noinoinoi has 60 seconds left.\n|\n|t:|1683328700\n|start\n|switch|p1a: Rocky doggy|Lycanroc-Dusk, L50, F|100\/100\n|switch|p1b: No indeede? : (|Armarouge, L50, F|100\/100\n|switch|p2a: Whittle fairy|Indeedee-F, L50, F|100\/100\n|switch|p2b: Tactical nuke|Palafin, L50, F|100\/100\n|-fieldstart|move: Psychic Terrain|[from] ability: Psychic Surge|[of] p2a: Whittle fairy\n|-enditem|p2a: Whittle fairy|Psychic Seed\n|-boost|p2a: Whittle fairy|spd|1|[from] item: Psychic Seed\n|turn|1\n|\n|t:|1683328719\n|detailschange|p2b: Tactical nuke|Palafin-Hero, L50, F\n|switch|p2b: SCOTLAND|Sudowoodo, L50, M|100\/100\n|move|p1b: No indeede? : (|Endure|p1b: No indeede? : (\n|-singleturn|p1b: No indeede? : (|move: Endure\n|move|p1a: Rocky doggy|Stone Edge|p1b: No indeede? : (\n|-supereffective|p1b: No indeede? : (\n|-damage|p1b: No indeede? : (|16\/100\n|-ability|p1b: No indeede? : (|Weak Armor|boost\n|-unboost|p1b: No indeede? : (|def|1\n|-boost|p1b: No indeede? : (|spe|2\n|-enditem|p1b: No indeede? : (|Weakness Policy\n|-boost|p1b: No indeede? : (|atk|2|[from] item: Weakness Policy\n|-boost|p1b: No indeede? : (|spa|2|[from] item: Weakness Policy\n|move|p2a: Whittle fairy|Trick Room|p2a: Whittle fairy\n|-fieldstart|move: Trick Room|[of] p2a: Whittle fairy\n|\n|upkeep\n|turn|2\n|inactive|MateusVDA has 30 seconds left.\n|inactive|MateusVDA has 20 seconds left.\n|inactive|MateusVDA has 15 seconds left.\n|inactive|MateusVDA has 10 seconds left.\n|inactive|MateusVDA has 5 seconds left.\n|\n|t:|1683328770\n|move|p2a: Whittle fairy|Helping Hand|p2b: SCOTLAND\n|-singleturn|p2b: SCOTLAND|Helping Hand|[of] p2a: Whittle fairy\n|move|p2b: SCOTLAND|Rock Slide|p1a: Rocky doggy|[spread] p1a\n|-miss|p2b: SCOTLAND|p1b: No indeede? : (\n|-damage|p1a: Rocky doggy|34\/100\n|cant|p1a: Rocky doggy|flinch\n|move|p1b: No indeede? : (|Armor Cannon|p2a: Whittle fairy\n|-damage|p2a: Whittle fairy|39\/100\n|-unboost|p1b: No indeede? : (|def|1\n|-unboost|p1b: No indeede? : (|spd|1\n|\n|upkeep\n|turn|3\n|\n|t:|1683328787\n|move|p2a: Whittle fairy|Helping Hand|p2b: SCOTLAND\n|-singleturn|p2b: SCOTLAND|Helping Hand|[of] p2a: Whittle fairy\n|move|p2b: SCOTLAND|Rock Slide|p1b: No indeede? : (|[spread] p1a,p1b\n|-supereffective|p1b: No indeede? : (\n|-damage|p1a: Rocky doggy|0 fnt\n|-damage|p1b: No indeede? : (|0 fnt\n|faint|p1a: Rocky doggy\n|faint|p1b: No indeede? : (\n|\n|upkeep\n|\n|t:|1683328803\n|switch|p1b: AMOGUS|Amoonguss, L50, M|100\/100\n|switch|p1a: Chien-p*u|Chien-Pao, L50|100\/100\n|-ability|p1a: Chien-p*u|Sword of Ruin\n|turn|4\n|\n|t:|1683328815\n|move|p2a: Whittle fairy|Helping Hand|p2b: SCOTLAND\n|-singleturn|p2b: SCOTLAND|Helping Hand|[of] p2a: Whittle fairy\n|move|p1a: Chien-p*u|Sucker Punch|p2b: SCOTLAND\n|-activate|p2b: SCOTLAND|move: Psychic Terrain\n|move|p2b: SCOTLAND|Head Smash|p1a: Chien-p*u\n|-supereffective|p1a: Chien-p*u\n|-enditem|p1a: Chien-p*u|Focus Sash\n|-damage|p1a: Chien-p*u|1\/100\n|move|p1b: AMOGUS|Spore|p2a: Whittle fairy\n|-status|p2a: Whittle fairy|slp|[from] move: Spore\n|\n|upkeep\n|turn|5\n|c|\u2606MateusVDA|the stupif terrain\n|c|\u2606MateusVDA|IT DOEST EVEN APPEAR HERE\n|\n|t:|1683328836\n|cant|p2a: Whittle fairy|slp\n|move|p2b: SCOTLAND|Rock Slide|p1b: AMOGUS|[spread] p1a,p1b\n|-supereffective|p1a: Chien-p*u\n|-damage|p1a: Chien-p*u|0 fnt\n|-damage|p1b: AMOGUS|71\/100\n|faint|p1a: Chien-p*u\n|move|p1b: AMOGUS|Spore|p2b: SCOTLAND\n|-status|p2b: SCOTLAND|slp|[from] move: Spore\n|\n|-heal|p1b: AMOGUS|77\/100|[from] item: Black Sludge\n|-fieldend|move: Trick Room\n|-fieldend|move: Psychic Terrain\n|upkeep\n|turn|6\n|c|\u2606Noinoinoi|I will trust in scotland\n|inactive|Noinoinoi has 30 seconds left.\n|\n|t:|1683328863\n|switch|p2a: I keep hazards|Gholdengo, L50|100\/100\n|-item|p2a: I keep hazards|Air Balloon\n|move|p1b: AMOGUS|Giga Drain|p2b: SCOTLAND\n|-supereffective|p2b: SCOTLAND\n|-damage|p2b: SCOTLAND|56\/100 slp\n|-heal|p1b: AMOGUS|94\/100|[from] drain|[of] p2b: SCOTLAND\n|cant|p2b: SCOTLAND|slp\n|\n|-heal|p1b: AMOGUS|99\/100|[from] item: Black Sludge\n|upkeep\n|turn|7\n|\n|t:|1683328878\n|-terastallize|p2b: SCOTLAND|Grass\n|move|p1b: AMOGUS|Rage Powder|p1b: AMOGUS\n|-singleturn|p1b: AMOGUS|move: Rage Powder\n|move|p2a: I keep hazards|Shadow Ball|p1b: AMOGUS\n|-damage|p1b: AMOGUS|55\/100\n|-unboost|p1b: AMOGUS|spd|1\n|-curestatus|p2b: SCOTLAND|slp|[msg]\n|move|p2b: SCOTLAND|Head Smash|p1b: AMOGUS\n|-damage|p1b: AMOGUS|0 fnt\n|faint|p1b: AMOGUS\n|\n|win|Noinoinoi\n|raw|MateusVDA's rating: 1009 → 1000<\/strong> (-9 for losing)\n|raw|Noinoinoi's rating: 1000 → 1041<\/strong> (+41 for winning)\n|l|\u2606MateusVDA\n|l|\u2606Noinoinoi\n|j|\u2606Noinoinoi\n|player|p2|Noinoinoi|psychic-gen4\n","uploadtime":1683329011,"views":5,"p1id":"mateusvda","p2id":"noinoinoi","formatid":"gen9vgc2023regulationc","rating":1000,"private":0,"password":""}