{"id":"gen9vgc2023regulationc-1846314942","p1":"haha u rage quit","p2":"VGC_Shellshocker","format":"[Gen 9] VGC 2023 Regulation C","log":"|j|\u2606haha u rage quit\n|j|\u2606VGC_Shellshocker\n|t:|1681830939\n|gametype|doubles\n|player|p1|haha u rage quit|pokemaniac|1103\n|player|p2|VGC_Shellshocker|swimmerf-gen4|1041\n|teamsize|p1|6\n|teamsize|p2|6\n|gen|9\n|tier|[Gen 9] VGC 2023 Regulation C\n|rated|\n|rule|Species Clause: Limit one of each Pok\u00e9mon\n|rule|Item Clause: Limit one of each item\n|clearpoke\n|poke|p1|Amoonguss, L50, M|\n|poke|p1|Flutter Mane, L50|\n|poke|p1|Arcanine, L50, M|\n|poke|p1|Iron Bundle, L50|\n|poke|p1|Baxcalibur, L50, M|\n|poke|p1|Palafin, L50, M|\n|poke|p2|Chien-Pao, L50|\n|poke|p2|Palafin, L50, F|\n|poke|p2|Amoonguss, L50, F|\n|poke|p2|Arcanine, L50, M|\n|poke|p2|Flutter Mane, L50|\n|poke|p2|Roaring Moon, L50|\n|teampreview|4\n|inactive|Battle timer is ON: inactive players will automatically lose when time's up. (requested by VGC_Shellshocker)\n|inactive|VGC_Shellshocker has 60 seconds left.\n|\n|t:|1681831021\n|start\n|switch|p1a: Baxcalibur|Baxcalibur, L50, M|100\/100\n|switch|p1b: Palafin|Palafin, L50, M|100\/100\n|switch|p2a: Chien-Pao|Chien-Pao, L50|100\/100\n|switch|p2b: Roaring Moon|Roaring Moon, L50|100\/100\n|-ability|p2a: Chien-Pao|Sword of Ruin\n|-enditem|p2b: Roaring Moon|Booster Energy\n|-activate|p2b: Roaring Moon|ability: Protosynthesis|[fromitem]\n|-start|p2b: Roaring Moon|protosynthesisatk\n|turn|1\n|inactive|haha u rage quit has 30 seconds left.\n|inactive|VGC_Shellshocker has 30 seconds left.\n|inactive|haha u rage quit has 20 seconds left.\n|inactive|haha u rage quit has 15 seconds left.\n|\n|t:|1681831066\n|detailschange|p1b: Palafin|Palafin-Hero, L50, M\n|switch|p1b: Iron Bundle|Iron Bundle, L50, shiny|100\/100\n|-terastallize|p1a: Baxcalibur|Grass\n|move|p2b: Roaring Moon|Protect|p2b: Roaring Moon\n|-singleturn|p2b: Roaring Moon|Protect\n|move|p2a: Chien-Pao|Sacred Sword|p1a: Baxcalibur\n|-damage|p1a: Baxcalibur|68\/100\n|move|p1a: Baxcalibur|Icicle Spear|p2b: Roaring Moon\n|-activate|p2b: Roaring Moon|move: Protect\n|\n|upkeep\n|turn|2\n|c|\u2606VGC_Shellshocker|I got the wrong team lol\n|inactive|VGC_Shellshocker has 30 seconds left.\n|inactive|VGC_Shellshocker has 20 seconds left.\n|\n|t:|1681831104\n|-end|p2b: Roaring Moon|Protosynthesis|[silent]\n|switch|p2b: Arcanine|Arcanine, L50, M|100\/100\n|-ability|p2b: Arcanine|Intimidate|boost\n|-fail|p1a: Baxcalibur|unboost|[from] item: Clear Amulet|[of] p1a: Baxcalibur\n|-unboost|p1b: Iron Bundle|atk|1\n|move|p1a: Baxcalibur|Protect|p1a: Baxcalibur\n|-singleturn|p1a: Baxcalibur|Protect\n|move|p2a: Chien-Pao|Ice Shard|p1a: Baxcalibur\n|-activate|p1a: Baxcalibur|move: Protect\n|move|p1b: Iron Bundle|Freeze-Dry|p2b: Arcanine\n|-resisted|p2b: Arcanine\n|-damage|p2b: Arcanine|78\/100\n|\n|upkeep\n|turn|3\n|inactive|haha u rage quit has 30 seconds left.\n|inactive|VGC_Shellshocker has 30 seconds left.\n|inactive|haha u rage quit has 20 seconds left.\n|\n|t:|1681831141\n|switch|p1a: Palafin|Palafin-Hero, L50, M|100\/100\n|-activate|p1a: Palafin|ability: Zero to Hero\n|move|p1b: Iron Bundle|Freeze-Dry|p2a: Chien-Pao\n|-resisted|p2a: Chien-Pao\n|-damage|p2a: Chien-Pao|74\/100\n|move|p2a: Chien-Pao|Sacred Sword|p1b: Iron Bundle\n|-supereffective|p1b: Iron Bundle\n|-enditem|p1b: Iron Bundle|Focus Sash\n|-damage|p1b: Iron Bundle|1\/100\n|move|p2b: Arcanine|Howl|p2b: Arcanine|[spread] p2a,p2b\n|-boost|p2a: Chien-Pao|atk|1\n|-boost|p2b: Arcanine|atk|1\n|\n|upkeep\n|turn|4\n|inactive|haha u rage quit has 30 seconds left.\n|inactive|VGC_Shellshocker has 30 seconds left.\n|inactive|haha u rage quit has 20 seconds left.\n|inactive|haha u rage quit has 15 seconds left.\n|\n|t:|1681831182\n|move|p2a: Chien-Pao|Protect|p2a: Chien-Pao\n|-singleturn|p2a: Chien-Pao|Protect\n|move|p2b: Arcanine|Extreme Speed|p1b: Iron Bundle\n|-damage|p1b: Iron Bundle|0 fnt\n|faint|p1b: Iron Bundle\n|-end|p1b: Iron Bundle|Quark Drive|[silent]\n|move|p1a: Palafin|Close Combat|p2a: Chien-Pao\n|-activate|p2a: Chien-Pao|move: Protect\n|\n|upkeep\n|\n|t:|1681831195\n|switch|p1b: Flutter Mane|Flutter Mane, L50|100\/100\n|-enditem|p1b: Flutter Mane|Booster Energy\n|-activate|p1b: Flutter Mane|ability: Protosynthesis|[fromitem]\n|-start|p1b: Flutter Mane|protosynthesisspe\n|turn|5\n|\n|t:|1681831208\n|move|p2a: Chien-Pao|Ice Shard|p1b: Flutter Mane\n|-damage|p1b: Flutter Mane|20\/100\n|move|p1a: Palafin|Jet Punch|p2b: Arcanine\n|-supereffective|p2b: Arcanine\n|-damage|p2b: Arcanine|0 fnt\n|faint|p2b: Arcanine\n|move|p1b: Flutter Mane|Moonblast|p2a: Chien-Pao\n|-supereffective|p2a: Chien-Pao\n|-damage|p2a: Chien-Pao|0 fnt\n|faint|p2a: Chien-Pao\n|\n|upkeep\n|\n|t:|1681831218\n|switch|p2a: Roaring Moon|Roaring Moon, L50|100\/100\n|switch|p2b: Flutter Mane|Flutter Mane, L50|100\/100\n|turn|6\n|\n|t:|1681831236\n|move|p1b: Flutter Mane|Protect|p1b: Flutter Mane\n|-singleturn|p1b: Flutter Mane|Protect\n|move|p2a: Roaring Moon|Protect|p2a: Roaring Moon\n|-singleturn|p2a: Roaring Moon|Protect\n|move|p1a: Palafin|Jet Punch|p2b: Flutter Mane\n|-damage|p2b: Flutter Mane|3\/100\n|move|p2b: Flutter Mane|Dazzling Gleam|p1a: Palafin|[spread] p1a\n|-activate|p1b: Flutter Mane|move: Protect\n|-damage|p1a: Palafin|62\/100\n|-damage|p2b: Flutter Mane|0 fnt|[from] item: Life Orb\n|faint|p2b: Flutter Mane\n|-end|p2b: Flutter Mane|Protosynthesis|[silent]\n|\n|upkeep\n|turn|7\n|\n|t:|1681831251\n|move|p1b: Flutter Mane|Moonblast|p2a: Roaring Moon\n|-supereffective|p2a: Roaring Moon\n|-damage|p2a: Roaring Moon|0 fnt\n|faint|p2a: Roaring Moon\n|-end|p2a: Roaring Moon|Protosynthesis|[silent]\n|\n|win|haha u rage quit\n|raw|haha u rage quit's rating: 1103 → 1124<\/strong> (+21 for winning)\n|raw|VGC_Shellshocker's rating: 1041 → 1028<\/strong> (-13 for losing)\n|l|\u2606VGC_Shellshocker\n","uploadtime":1681831276,"views":7,"p1id":"hahauragequit","p2id":"vgcshellshocker","formatid":"gen9vgc2023regulationc","rating":1028,"private":0,"password":""}