{"id":"gen9vgc2023regulationc-1856471298","p1":"grvty_korupted","p2":"Paradox Dragonite","format":"[Gen 9] VGC 2023 Regulation C","log":"|j|\u2606grvty_korupted\n|j|\u2606Paradox Dragonite\n|t:|1683065142\n|gametype|doubles\n|player|p1|grvty_korupted|n|1228\n|player|p2|Paradox Dragonite|lance-masters|1253\n|teamsize|p1|6\n|teamsize|p2|6\n|gen|9\n|tier|[Gen 9] VGC 2023 Regulation C\n|rated|\n|rule|Species Clause: Limit one of each Pok\u00e9mon\n|rule|Item Clause: Limit one of each item\n|clearpoke\n|poke|p1|Ting-Lu, L50|\n|poke|p1|Garganacl, L50, M|\n|poke|p1|Talonflame, L50, F|\n|poke|p1|Arcanine, L50, M|\n|poke|p1|Amoonguss, L50, M|\n|poke|p1|Flutter Mane, L50|\n|poke|p2|Annihilape, L50, M|\n|poke|p2|Maushold-Four, L50|\n|poke|p2|Ting-Lu, L50|\n|poke|p2|Flutter Mane, L50|\n|poke|p2|Chien-Pao, L50|\n|poke|p2|Dragonite, L50, F|\n|teampreview|4\n|inactive|Battle timer is ON: inactive players will automatically lose when time's up. (requested by Paradox Dragonite)\n|j| applefritterpie\n|\n|t:|1683065166\n|start\n|switch|p1a: Talonflame|Talonflame, L50, F|100\/100\n|switch|p1b: Flutter Mane|Flutter Mane, L50|100\/100\n|switch|p2a: Whatsername|Annihilape, L50, M|100\/100\n|switch|p2b: NobodyLikesYou|Maushold-Four, L50|100\/100\n|turn|1\n|\n|t:|1683065179\n|-terastallize|p2a: Whatsername|Fire\n|move|p1a: Talonflame|Tailwind|p1a: Talonflame\n|-sidestart|p1: grvty_korupted|move: Tailwind\n|move|p1b: Flutter Mane|Moonblast|p2a: Whatsername\n|-resisted|p2a: Whatsername\n|-damage|p2a: Whatsername|75\/100\n|move|p2b: NobodyLikesYou|Beat Up|p2a: Whatsername\n|-damage|p2a: Whatsername|73\/100\n|-damage|p2a: Whatsername|71\/100\n|-crit|p2a: Whatsername\n|-damage|p2a: Whatsername|68\/100\n|-damage|p2a: Whatsername|65\/100\n|-hitcount|p2a: Whatsername|4\n|move|p2a: Whatsername|Rage Fist|p1b: Flutter Mane\n|-supereffective|p1b: Flutter Mane\n|-damage|p1b: Flutter Mane|0 fnt\n|faint|p1b: Flutter Mane\n|-end|p1b: Flutter Mane|Protosynthesis|[silent]\n|\n|-heal|p2a: Whatsername|72\/100|[from] item: Leftovers\n|upkeep\n|\n|t:|1683065191\n|switch|p1b: Ting-Lu|Ting-Lu, L50|100\/100\n|-ability|p1b: Ting-Lu|Vessel of Ruin\n|turn|2\n|\n|t:|1683065211\n|switch|p1a: Garganacl|Garganacl, L50, M|100\/100\n|move|p2b: NobodyLikesYou|Follow Me|p2b: NobodyLikesYou\n|-singleturn|p2b: NobodyLikesYou|move: Follow Me\n|move|p2a: Whatsername|Rage Fist|p1a: Garganacl\n|-damage|p1a: Garganacl|64\/100\n|move|p1b: Ting-Lu|Sand Tomb|p2b: NobodyLikesYou\n|-crit|p2b: NobodyLikesYou\n|-damage|p2b: NobodyLikesYou|74\/100\n|-activate|p2b: NobodyLikesYou|move: Sand Tomb|[of] p1b: Ting-Lu\n|\n|-heal|p2a: Whatsername|78\/100|[from] item: Leftovers\n|-heal|p1a: Garganacl|70\/100|[from] item: Leftovers\n|-damage|p2b: NobodyLikesYou|61\/100|[from] move: Sand Tomb|[partiallytrapped]\n|upkeep\n|turn|3\n|inactive|grvty_korupted has 30 seconds left.\n|inactive|Paradox Dragonite has 30 seconds left.\n|\n|t:|1683065242\n|move|p2b: NobodyLikesYou|Feint|p1a: Garganacl\n|-resisted|p1a: Garganacl\n|-damage|p1a: Garganacl|68\/100\n|move|p2a: Whatsername|Rage Fist|p1a: Garganacl\n|-damage|p1a: Garganacl|29\/100\n|move|p1b: Ting-Lu|Sand Tomb|p2a: Whatsername\n|-supereffective|p2a: Whatsername\n|-damage|p2a: Whatsername|56\/100\n|-activate|p2a: Whatsername|move: Sand Tomb|[of] p1b: Ting-Lu\n|move|p1a: Garganacl|Recover|p1a: Garganacl\n|-heal|p1a: Garganacl|79\/100\n|\n|-heal|p2a: Whatsername|63\/100|[from] item: Leftovers\n|-heal|p1a: Garganacl|85\/100|[from] item: Leftovers\n|-damage|p2b: NobodyLikesYou|49\/100|[from] move: Sand Tomb|[partiallytrapped]\n|-damage|p2a: Whatsername|50\/100|[from] move: Sand Tomb|[partiallytrapped]\n|upkeep\n|turn|4\n|\n|t:|1683065262\n|move|p2b: NobodyLikesYou|Follow Me|p2b: NobodyLikesYou\n|-singleturn|p2b: NobodyLikesYou|move: Follow Me\n|move|p2a: Whatsername|Rage Fist|p1a: Garganacl\n|-damage|p1a: Garganacl|38\/100\n|move|p1b: Ting-Lu|Rock Slide|p2a: Whatsername|[spread] p2a,p2b\n|-supereffective|p2a: Whatsername\n|-damage|p2a: Whatsername|28\/100\n|-damage|p2b: NobodyLikesYou|28\/100\n|move|p1a: Garganacl|Salt Cure|p2b: NobodyLikesYou\n|-damage|p2b: NobodyLikesYou|11\/100\n|-start|p2b: NobodyLikesYou|Salt Cure\n|\n|-heal|p2a: Whatsername|35\/100|[from] item: Leftovers\n|-heal|p1a: Garganacl|44\/100|[from] item: Leftovers\n|-damage|p2b: NobodyLikesYou|0 fnt|[from] Salt Cure\n|faint|p2b: NobodyLikesYou\n|-damage|p2a: Whatsername|22\/100|[from] move: Sand Tomb|[partiallytrapped]\n|-sideend|p1: grvty_korupted|move: Tailwind\n|upkeep\n|\n|t:|1683065282\n|switch|p2b: HOLIDAY|Chien-Pao, L50|100\/100\n|-ability|p2b: HOLIDAY|Sword of Ruin\n|turn|5\n|\n|t:|1683065297\n|switch|p1b: Talonflame|Talonflame, L50, F|100\/100\n|move|p1a: Garganacl|Protect|p1a: Garganacl\n|-singleturn|p1a: Garganacl|Protect\n|move|p2b: HOLIDAY|Ice Spinner|p1b: Talonflame\n|-damage|p1b: Talonflame|29\/100\n|-damage|p2b: HOLIDAY|84\/100|[from] item: Rocky Helmet|[of] p1b: Talonflame\n|move|p2a: Whatsername|Rage Fist|p1a: Garganacl\n|-activate|p1a: Garganacl|move: Protect\n|\n|-heal|p2a: Whatsername|28\/100|[from] item: Leftovers\n|-heal|p1a: Garganacl|50\/100|[from] item: Leftovers\n|-end|p2a: Whatsername|Sand Tomb|[partiallytrapped]|[silent]\n|upkeep\n|turn|6\n|inactive|grvty_korupted has 30 seconds left.\n|\n|t:|1683065328\n|switch|p1a: Ting-Lu|Ting-Lu, L50|100\/100\n|-ability|p1a: Ting-Lu|Vessel of Ruin\n|move|p2b: HOLIDAY|Ice Spinner|p1b: Talonflame\n|-damage|p1b: Talonflame|0 fnt\n|-damage|p2b: HOLIDAY|68\/100|[from] item: Rocky Helmet|[of] p1b: Talonflame\n|faint|p1b: Talonflame\n|move|p2a: Whatsername|Rage Fist|p1a: Ting-Lu\n|-resisted|p1a: Ting-Lu\n|-damage|p1a: Ting-Lu|47\/100\n|\n|-heal|p2a: Whatsername|35\/100|[from] item: Leftovers\n|upkeep\n|\n|t:|1683065340\n|switch|p1b: Garganacl|Garganacl, L50, M|50\/100\n|turn|7\n|\n|t:|1683065350\n|-terastallize|p1a: Ting-Lu|Dark\n|move|p2b: HOLIDAY|Ice Spinner|p1a: Ting-Lu\n|-damage|p1a: Ting-Lu|18\/100\n|move|p2a: Whatsername|Rage Fist|p1b: Garganacl\n|-damage|p1b: Garganacl|0 fnt\n|faint|p1b: Garganacl\n|move|p1a: Ting-Lu|Rock Slide|p2b: HOLIDAY|[spread] p2a,p2b\n|-supereffective|p2a: Whatsername\n|-supereffective|p2b: HOLIDAY\n|-damage|p2a: Whatsername|0 fnt\n|-damage|p2b: HOLIDAY|24\/100\n|faint|p2a: Whatsername\n|\n|upkeep\n|\n|t:|1683065363\n|switch|p2a: BlvdBrokenDreams|Dragonite, L50, F|100\/100\n|turn|8\n|-message|grvty_korupted forfeited.\n|\n|win|Paradox Dragonite\n|raw|grvty_korupted's rating: 1228 → 1205<\/strong> (-23 for losing)\n|raw|Paradox Dragonite's rating: 1253 → 1276<\/strong> (+23 for winning)\n|l|\u2606grvty_korupted\n","uploadtime":1683065372,"views":12,"p1id":"grvtykorupted","p2id":"paradoxdragonite","formatid":"gen9vgc2023regulationc","rating":1205,"private":0,"password":""}