{"id":"gen9vgc2023regulationc-1856969877","p1":"darrybest","p2":"W0Ch3in","format":"[Gen 9] VGC 2023 Regulation C","log":"|j|\u2606darrybest\n|j|\u2606W0Ch3in\n|t:|1683131832\n|gametype|doubles\n|player|p1|darrybest|1|1146\n|player|p2|W0Ch3in|101|1220\n|teamsize|p1|6\n|teamsize|p2|6\n|gen|9\n|tier|[Gen 9] VGC 2023 Regulation C\n|rated|\n|rule|Species Clause: Limit one of each Pok\u00e9mon\n|rule|Item Clause: Limit one of each item\n|clearpoke\n|poke|p1|Wo-Chien, L50|\n|poke|p1|Annihilape, L50, M|\n|poke|p1|Corviknight, L50, M|\n|poke|p1|Iron Moth, L50|\n|poke|p1|Grimmsnarl, L50, M|\n|poke|p1|Glimmora, L50, F|\n|poke|p2|Orthworm, L50, F|\n|poke|p2|Great Tusk, L50|\n|poke|p2|Talonflame, L50, F|\n|poke|p2|Dragonite, L50, M|\n|poke|p2|Chien-Pao, L50|\n|poke|p2|Annihilape, L50, M|\n|teampreview|4\n|inactive|Battle timer is ON: inactive players will automatically lose when time's up. (requested by darrybest)\n|\n|t:|1683131857\n|start\n|switch|p1a: Grimmsnarl|Grimmsnarl, L50, M, shiny|100\/100\n|switch|p1b: Glimmora|Glimmora, L50, F|100\/100\n|switch|p2a: Annihilape|Annihilape, L50, M|100\/100\n|switch|p2b: Orthworm|Orthworm, L50, F|100\/100\n|turn|1\n|\n|t:|1683131872\n|-terastallize|p2b: Orthworm|Electric\n|move|p1a: Grimmsnarl|Thunder Wave|p2a: Annihilape\n|-status|p2a: Annihilape|par\n|move|p1b: Glimmora|Stealth Rock|p2a: Annihilape\n|-sidestart|p2: W0Ch3in|move: Stealth Rock\n|move|p2a: Annihilape|Final Gambit|p1a: Grimmsnarl\n|-damage|p1a: Grimmsnarl|0 fnt\n|faint|p2a: Annihilape\n|faint|p1a: Grimmsnarl\n|move|p2b: Orthworm|Iron Head|p1b: Glimmora\n|-supereffective|p1b: Glimmora\n|-damage|p1b: Glimmora|48\/100\n|-damage|p2b: Orthworm|84\/100|[from] item: Rocky Helmet|[of] p1b: Glimmora\n|-activate|p1b: Glimmora|ability: Toxic Debris\n|-sidestart|p2: W0Ch3in|move: Toxic Spikes\n|\n|upkeep\n|\n|t:|1683131887\n|switch|p2a: Dragonite|Dragonite, L50, M|100\/100\n|switch|p1a: Wo-Chien|Wo-Chien, L50|100\/100\n|-damage|p2a: Dragonite|76\/100|[from] Stealth Rock\n|-ability|p1a: Wo-Chien|Tablets of Ruin\n|turn|2\n|\n|t:|1683131897\n|move|p1b: Glimmora|Spiky Shield|p1b: Glimmora\n|-singleturn|p1b: Glimmora|move: Protect\n|move|p2a: Dragonite|Earthquake|p1b: Glimmora|[spread] p1a\n|-activate|p1b: Glimmora|move: Protect\n|-heal|p2b: Orthworm|100\/100|[from] ability: Earth Eater|[of] p2a: Dragonite\n|-resisted|p1a: Wo-Chien\n|-crit|p1a: Wo-Chien\n|-damage|p1a: Wo-Chien|83\/100\n|move|p1a: Wo-Chien|Leech Seed|p2a: Dragonite\n|-start|p2a: Dragonite|move: Leech Seed\n|move|p2b: Orthworm|Body Press|p1a: Wo-Chien\n|-supereffective|p1a: Wo-Chien\n|-damage|p1a: Wo-Chien|46\/100\n|\n|-damage|p2a: Dragonite|64\/100|[from] Leech Seed|[of] p1a: Wo-Chien\n|-heal|p1a: Wo-Chien|60\/100|[silent]\n|upkeep\n|turn|3\n|\n|t:|1683131916\n|switch|p1b: Corviknight|Corviknight, L50, M, shiny|100\/100\n|move|p1a: Wo-Chien|Protect|p1a: Wo-Chien\n|-singleturn|p1a: Wo-Chien|Protect\n|move|p2a: Dragonite|Earthquake|p1a: Wo-Chien|[spread] \n|-activate|p1a: Wo-Chien|move: Protect\n|-immune|p2b: Orthworm|[from] ability: Earth Eater\n|-immune|p1b: Corviknight\n|move|p2b: Orthworm|Body Press|p1a: Wo-Chien\n|-activate|p1a: Wo-Chien|move: Protect\n|\n|-damage|p2a: Dragonite|52\/100|[from] Leech Seed|[of] p1a: Wo-Chien\n|-heal|p1a: Wo-Chien|75\/100|[silent]\n|upkeep\n|turn|4\n|\n|t:|1683131925\n|move|p2a: Dragonite|Earthquake|p1a: Wo-Chien|[spread] p1a\n|-immune|p2b: Orthworm|[from] ability: Earth Eater\n|-immune|p1b: Corviknight\n|-resisted|p1a: Wo-Chien\n|-damage|p1a: Wo-Chien|63\/100\n|move|p1b: Corviknight|Tailwind|p1b: Corviknight\n|-sidestart|p1: darrybest|move: Tailwind\n|move|p1a: Wo-Chien|Leech Seed|p2b: Orthworm|[miss]\n|-miss|p1a: Wo-Chien|p2b: Orthworm\n|move|p2b: Orthworm|Tera Blast|p1b: Corviknight\n|-supereffective|p1b: Corviknight\n|-damage|p1b: Corviknight|63\/100\n|\n|-damage|p2a: Dragonite|40\/100|[from] Leech Seed|[of] p1a: Wo-Chien\n|-heal|p1a: Wo-Chien|77\/100|[silent]\n|upkeep\n|turn|5\n|\n|t:|1683131944\n|switch|p1b: Glimmora|Glimmora, L50, F|48\/100\n|switch|p2a: Great Tusk|Great Tusk, L50|100\/100\n|-damage|p2a: Great Tusk|98\/100|[from] Stealth Rock\n|-status|p2a: Great Tusk|psn\n|move|p1a: Wo-Chien|Leech Seed|p2b: Orthworm\n|-start|p2b: Orthworm|move: Leech Seed\n|move|p2b: Orthworm|Tera Blast|p1b: Glimmora\n|-damage|p1b: Glimmora|27\/100\n|-activate|p1b: Glimmora|ability: Toxic Debris\n|-sidestart|p2: W0Ch3in|move: Toxic Spikes\n|\n|-damage|p2b: Orthworm|88\/100|[from] Leech Seed|[of] p1a: Wo-Chien\n|-heal|p1a: Wo-Chien|93\/100|[silent]\n|-damage|p2a: Great Tusk|86\/100 psn|[from] psn\n|upkeep\n|turn|6\n|\n|t:|1683131968\n|switch|p1b: Corviknight|Corviknight, L50, M, shiny|63\/100\n|move|p1a: Wo-Chien|Leech Seed|p2a: Great Tusk\n|-start|p2a: Great Tusk|move: Leech Seed\n|move|p2a: Great Tusk|Earthquake|p1a: Wo-Chien|[spread] p1a\n|-heal|p2b: Orthworm|100\/100|[from] ability: Earth Eater|[of] p2a: Great Tusk\n|-immune|p1b: Corviknight\n|-resisted|p1a: Wo-Chien\n|-damage|p1a: Wo-Chien|78\/100\n|-damage|p2a: Great Tusk|76\/100 psn|[from] item: Life Orb\n|move|p2b: Orthworm|Body Press|p1a: Wo-Chien\n|-supereffective|p1a: Wo-Chien\n|-damage|p1a: Wo-Chien|44\/100\n|\n|-damage|p2a: Great Tusk|64\/100 psn|[from] Leech Seed|[of] p1a: Wo-Chien\n|-heal|p1a: Wo-Chien|60\/100|[silent]\n|-damage|p2b: Orthworm|88\/100|[from] Leech Seed|[of] p1a: Wo-Chien\n|-heal|p1a: Wo-Chien|77\/100|[silent]\n|-damage|p2a: Great Tusk|52\/100 psn|[from] psn\n|upkeep\n|turn|7\n|\n|t:|1683131991\n|move|p1b: Corviknight|Brave Bird|p2a: Great Tusk\n|-supereffective|p2a: Great Tusk\n|-damage|p2a: Great Tusk|9\/100 psn\n|-damage|p1b: Corviknight|49\/100|[from] Recoil\n|move|p1a: Wo-Chien|Knock Off|p2b: Orthworm\n|-damage|p2b: Orthworm|69\/100\n|-enditem|p2b: Orthworm|Assault Vest|[from] move: Knock Off|[of] p1a: Wo-Chien\n|move|p2a: Great Tusk|Knock Off|p1a: Wo-Chien\n|-resisted|p1a: Wo-Chien\n|-damage|p1a: Wo-Chien|62\/100\n|-enditem|p1a: Wo-Chien|Big Root|[from] move: Knock Off|[of] p2a: Great Tusk\n|-damage|p2a: Great Tusk|0 fnt|[from] item: Life Orb\n|faint|p2a: Great Tusk\n|-end|p2a: Great Tusk|Protosynthesis|[silent]\n|move|p2b: Orthworm|Iron Head|p1b: Corviknight\n|-resisted|p1b: Corviknight\n|-crit|p1b: Corviknight\n|-damage|p1b: Corviknight|35\/100\n|\n|-damage|p2b: Orthworm|56\/100|[from] Leech Seed|[of] p1a: Wo-Chien\n|-heal|p1a: Wo-Chien|74\/100|[silent]\n|-sideend|p1: darrybest|move: Tailwind\n|upkeep\n|\n|t:|1683132007\n|switch|p2a: Dragonite|Dragonite, L50, M|40\/100\n|-damage|p2a: Dragonite|15\/100|[from] Stealth Rock\n|turn|8\n|\n|t:|1683132029\n|move|p2a: Dragonite|Ice Spinner|p1a: Wo-Chien\n|-supereffective|p1a: Wo-Chien\n|-damage|p1a: Wo-Chien|17\/100\n|move|p1b: Corviknight|Tailwind|p1b: Corviknight\n|-sidestart|p1: darrybest|move: Tailwind\n|move|p1a: Wo-Chien|Leech Seed|p2a: Dragonite\n|-start|p2a: Dragonite|move: Leech Seed\n|move|p2b: Orthworm|Tera Blast|p1b: Corviknight\n|-supereffective|p1b: Corviknight\n|-damage|p1b: Corviknight|0 fnt\n|faint|p1b: Corviknight\n|\n|-damage|p2a: Dragonite|3\/100|[from] Leech Seed|[of] p1a: Wo-Chien\n|-heal|p1a: Wo-Chien|28\/100|[silent]\n|-damage|p2b: Orthworm|44\/100|[from] Leech Seed|[of] p1a: Wo-Chien\n|-heal|p1a: Wo-Chien|40\/100|[silent]\n|upkeep\n|\n|t:|1683132039\n|switch|p1b: Glimmora|Glimmora, L50, F|27\/100\n|turn|9\n|\n|t:|1683132050\n|move|p1b: Glimmora|Spiky Shield|p1b: Glimmora\n|-singleturn|p1b: Glimmora|move: Protect\n|move|p1a: Wo-Chien|Protect|p1a: Wo-Chien\n|-singleturn|p1a: Wo-Chien|Protect\n|move|p2a: Dragonite|Ice Spinner|p1b: Glimmora\n|-activate|p1b: Glimmora|move: Protect\n|-damage|p2a: Dragonite|0 fnt|[from] Spiky Shield|[of] p1b: Glimmora\n|faint|p2a: Dragonite\n|move|p2b: Orthworm|Body Press|p1a: Wo-Chien\n|-activate|p1a: Wo-Chien|move: Protect\n|\n|-damage|p2b: Orthworm|31\/100|[from] Leech Seed|[of] p1a: Wo-Chien\n|-heal|p1a: Wo-Chien|52\/100|[silent]\n|upkeep\n|turn|10\n|\n|t:|1683132073\n|move|p1b: Glimmora|Sludge Bomb|p2b: Orthworm\n|-damage|p2b: Orthworm|0 fnt\n|faint|p2b: Orthworm\n|\n|win|darrybest\n|raw|darrybest's rating: 1146 → 1178<\/strong> (+32 for winning)\n|raw|W0Ch3in's rating: 1240 → 1208<\/strong> (-32 for losing)\n|l|\u2606W0Ch3in\n","uploadtime":1683132118,"views":11,"p1id":"darrybest","p2id":"w0ch3in","formatid":"gen9vgc2023regulationc","rating":1178,"private":0,"password":""}