{"id":"gen9vgc2023regulationc-1857535340","p1":"ScraggypantsYT","p2":"AceTrainerNite","format":"[Gen 9] VGC 2023 Regulation C","log":"|j|\u2606ScraggypantsYT\n|j|\u2606AceTrainerNite\n|t:|1683205896\n|gametype|doubles\n|player|p1|ScraggypantsYT|plasmagrunt|\n|player|p2|AceTrainerNite|benga|\n|teamsize|p1|6\n|teamsize|p2|6\n|gen|9\n|tier|[Gen 9] VGC 2023 Regulation C\n|rule|Species Clause: Limit one of each Pok\u00e9mon\n|rule|Item Clause: Limit one of each item\n|clearpoke\n|poke|p1|Pelipper, L50, F|\n|poke|p1|Barraskewda, L50, M|\n|poke|p1|Magneton, L50|\n|poke|p1|Sableye, L50, M|\n|poke|p1|Palafin, L50, F|\n|poke|p1|Toxapex, L50, F|\n|poke|p2|Gengar, L50, M|\n|poke|p2|Dondozo, L50, M|\n|poke|p2|Toxtricity-Low-Key, L50, M|\n|poke|p2|Tatsugiri, L50, M|\n|poke|p2|Hydreigon, L50, F|\n|poke|p2|Breloom, L50, M|\n|teampreview|4\n|c|\u2606ScraggypantsYT|glhf\n|\n|t:|1683205943\n|start\n|switch|p1a: Boltz|Magneton, L50, shiny|100\/100\n|switch|p1b: Palafin|Palafin, L50, F|100\/100\n|switch|p2a: Gengar|Gengar, L50, M|100\/100\n|switch|p2b: Hydreigon|Hydreigon, L50, F|100\/100\n|turn|1\n|\n|t:|1683205973\n|detailschange|p1b: Palafin|Palafin-Hero, L50, F\n|switch|p1b: Toxic Tammy|Toxapex, L50, F|100\/100\n|move|p2a: Gengar|Energy Ball|p1b: Toxic Tammy\n|-damage|p1b: Toxic Tammy|74\/100\n|move|p2b: Hydreigon|Earth Power|p1a: Boltz\n|-supereffective|p1a: Boltz\n|-ability|p1a: Boltz|Sturdy\n|-damage|p1a: Boltz|1\/100\n|move|p1a: Boltz|Rain Dance|p1a: Boltz\n|-weather|RainDance\n|\n|-weather|RainDance|[upkeep]\n|-heal|p1b: Toxic Tammy|79\/100|[from] item: Black Sludge\n|upkeep\n|turn|2\n|\n|t:|1683206002\n|move|p2a: Gengar|Shadow Ball|p1b: Toxic Tammy\n|-damage|p1b: Toxic Tammy|44\/100\n|move|p2b: Hydreigon|Earth Power|p1b: Toxic Tammy\n|-supereffective|p1b: Toxic Tammy\n|-damage|p1b: Toxic Tammy|0 fnt\n|faint|p1b: Toxic Tammy\n|move|p1a: Boltz|Electroweb|p2b: Hydreigon|[spread] p2a,p2b\n|-resisted|p2b: Hydreigon\n|-damage|p2a: Gengar|72\/100\n|-damage|p2b: Hydreigon|90\/100\n|-unboost|p2a: Gengar|spe|1\n|-unboost|p2b: Hydreigon|spe|1\n|\n|-weather|RainDance|[upkeep]\n|upkeep\n|\n|t:|1683206015\n|switch|p1b: Palafin|Palafin-Hero, L50, F|100\/100\n|-activate|p1b: Palafin|ability: Zero to Hero\n|turn|3\n|\n|t:|1683206047\n|move|p2a: Gengar|Protect|p2a: Gengar\n|-singleturn|p2a: Gengar|Protect\n|move|p1b: Palafin|Ice Punch|p2b: Hydreigon\n|-supereffective|p2b: Hydreigon\n|-damage|p2b: Hydreigon|11\/100\n|move|p2b: Hydreigon|Draco Meteor|p1b: Palafin\n|-damage|p1b: Palafin|20\/100\n|-unboost|p2b: Hydreigon|spa|2\n|move|p1a: Boltz|Thunder|p2a: Gengar\n|-activate|p2a: Gengar|move: Protect\n|\n|-weather|RainDance|[upkeep]\n|upkeep\n|turn|4\n|\n|t:|1683206086\n|switch|p1b: GoldenGoblin|Sableye, L50, M, shiny|100\/100\n|switch|p2a: Breloom|Breloom, L50, M, shiny|100\/100\n|-terastallize|p1a: Boltz|Flying\n|move|p2b: Hydreigon|Protect|p2b: Hydreigon\n|-singleturn|p2b: Hydreigon|Protect\n|move|p1a: Boltz|Thunder|p2b: Hydreigon\n|-activate|p2b: Hydreigon|move: Protect\n|\n|-weather|RainDance|[upkeep]\n|upkeep\n|turn|5\n|\n|t:|1683206130\n|move|p2b: Hydreigon|Snarl|p1a: Boltz|[spread] p1a,p1b\n|-damage|p1a: Boltz|0 fnt\n|-damage|p1b: GoldenGoblin|85\/100\n|-unboost|p1b: GoldenGoblin|spa|1\n|faint|p1a: Boltz\n|move|p2a: Breloom|Spore|p1b: GoldenGoblin\n|-status|p1b: GoldenGoblin|slp|[from] move: Spore\n|cant|p1b: GoldenGoblin|slp\n|\n|-weather|none\n|upkeep\n|\n|t:|1683206142\n|switch|p1a: Palafin|Palafin-Hero, L50, F|20\/100\n|turn|6\n|\n|t:|1683206160\n|-curestatus|p1b: GoldenGoblin|slp|[msg]\n|move|p1b: GoldenGoblin|Rain Dance|p1b: GoldenGoblin\n|-weather|RainDance\n|move|p1a: Palafin|Tera Blast|p2b: Hydreigon\n|-damage|p2b: Hydreigon|0 fnt\n|faint|p2b: Hydreigon\n|move|p2a: Breloom|Bullet Seed|p1a: Palafin\n|-supereffective|p1a: Palafin\n|-damage|p1a: Palafin|0 fnt\n|faint|p1a: Palafin\n|-hitcount|p1: Palafin|1\n|\n|-weather|RainDance|[upkeep]\n|upkeep\n|\n|t:|1683206176\n|switch|p2b: Gengar|Gengar, L50, M|72\/100\n|turn|7\n|\n|t:|1683206182\n|move|p2b: Gengar|Shadow Ball|p1b: GoldenGoblin\n|-damage|p1b: GoldenGoblin|31\/100\n|move|p2a: Breloom|Spore|p1b: GoldenGoblin\n|-status|p1b: GoldenGoblin|slp|[from] move: Spore\n|cant|p1b: GoldenGoblin|slp\n|\n|-weather|RainDance|[upkeep]\n|upkeep\n|turn|8\n|\n|t:|1683206193\n|move|p2b: Gengar|Protect|p2b: Gengar\n|-singleturn|p2b: Gengar|Protect\n|move|p2a: Breloom|Bullet Seed|p1b: GoldenGoblin\n|-damage|p1b: GoldenGoblin|8\/100 slp\n|-damage|p1b: GoldenGoblin|0 fnt\n|faint|p1b: GoldenGoblin\n|-hitcount|p1: GoldenGoblin|2\n|\n|win|AceTrainerNite\n","uploadtime":1683206203,"views":21,"p1id":"scraggypantsyt","p2id":"acetrainernite","formatid":"gen9vgc2023regulationc","rating":0,"private":0,"password":""}