{"id":"gen9vgc2023regulationc-1860625200","p1":"zippLapZapper","p2":"Garompa fan","format":"[Gen 9] VGC 2023 Regulation C","log":"|j|\u2606zippLapZapper\n|j|\u2606Garompa fan\n|t:|1683660185\n|gametype|doubles\n|player|p1|zippLapZapper|hilbert-wonderlauncher|\n|player|p2|Garompa fan|pokemaniac|\n|teamsize|p1|6\n|teamsize|p2|6\n|gen|9\n|tier|[Gen 9] VGC 2023 Regulation C\n|rule|Species Clause: Limit one of each Pok\u00e9mon\n|rule|Item Clause: Limit one of each item\n|clearpoke\n|poke|p1|Garchomp, L50, F|\n|poke|p1|Talonflame, L50, M|\n|poke|p1|Flutter Mane, L50|\n|poke|p1|Iron Bundle, L50|\n|poke|p1|Chien-Pao, L50|\n|poke|p1|Tyranitar, L50, M|\n|poke|p2|Chi-Yu, L50|\n|poke|p2|Iron Bundle, L50|\n|poke|p2|Amoonguss, L50, M|\n|poke|p2|Dragonite, L50, M|\n|poke|p2|Iron Hands, L50|\n|poke|p2|Flutter Mane, L50|\n|teampreview|4\n|c|\u2606zippLapZapper|g1\n|c|\u2606zippLapZapper|gl hf\nGarompa fan has agreed to open team sheets.\nzippLapZapper has agreed to open team sheets.\n|c|\u2606Garompa fan|hf\n|inactive|Battle timer is ON: inactive players will automatically lose when time's up. (requested by zippLapZapper)\n|\n|t:|1683660221\n|start\n|switch|p1a: Talonflame|Talonflame, L50, M|100\/100\n|switch|p1b: Tyranitar|Tyranitar, L50, M|100\/100\n|switch|p2a: Iron Hands|Iron Hands, L50|100\/100\n|switch|p2b: Flutter Mane|Flutter Mane, L50|100\/100\n|-weather|Sandstorm|[from] ability: Sand Stream|[of] p1b: Tyranitar\n|turn|1\n|inactive|zippLapZapper has 30 seconds left.\n|\n|t:|1683660251\n|-terastallize|p1b: Tyranitar|Grass\n|move|p1a: Talonflame|Tailwind|p1a: Talonflame\n|-sidestart|p1: zippLapZapper|move: Tailwind\n|move|p1b: Tyranitar|Heavy Slam|p2b: Flutter Mane\n|-supereffective|p2b: Flutter Mane\n|-damage|p2b: Flutter Mane|0 fnt\n|faint|p2b: Flutter Mane\n|-end|p2b: Flutter Mane|Protosynthesis|[silent]\n|move|p2a: Iron Hands|Volt Switch|p1a: Talonflame\n|-supereffective|p1a: Talonflame\n|-damage|p1a: Talonflame|66\/100\n|\n|t:|1683660260\n|-end|p2a: Iron Hands|Quark Drive|[silent]\n|switch|p2a: Iron Bundle|Iron Bundle, L50|100\/100|[from] Volt Switch\n|-enditem|p2a: Iron Bundle|Booster Energy\n|-activate|p2a: Iron Bundle|ability: Quark Drive|[fromitem]\n|-start|p2a: Iron Bundle|quarkdrivespe\n|\n|-weather|Sandstorm|[upkeep]\n|-damage|p2a: Iron Bundle|95\/100|[from] Sandstorm\n|-damage|p1b: Tyranitar|95\/100|[from] Sandstorm\n|upkeep\n|\n|t:|1683660265\n|switch|p2b: Chi-Yu|Chi-Yu, L50|100\/100\n|-ability|p2b: Chi-Yu|Beads of Ruin\n|turn|2\n|\n|t:|1683660283\n|-terastallize|p2b: Chi-Yu|Water\n|move|p1a: Talonflame|Brave Bird|p2b: Chi-Yu\n|-damage|p2b: Chi-Yu|57\/100\n|-damage|p1a: Talonflame|53\/100|[from] Recoil\n|move|p2a: Iron Bundle|Icy Wind|p1a: Talonflame|[spread] p1a,p1b\n|-supereffective|p1b: Tyranitar\n|-damage|p1a: Talonflame|18\/100\n|-damage|p1b: Tyranitar|61\/100\n|-unboost|p1a: Talonflame|spe|1\n|-unboost|p1b: Tyranitar|spe|1\n|move|p1b: Tyranitar|Rock Slide|p2a: Iron Bundle|[spread] p2a\n|-miss|p1b: Tyranitar|p2b: Chi-Yu\n|-supereffective|p2a: Iron Bundle\n|-damage|p2a: Iron Bundle|21\/100\n|move|p2b: Chi-Yu|Nasty Plot|p2b: Chi-Yu\n|-boost|p2b: Chi-Yu|spa|2\n|\n|-weather|Sandstorm|[upkeep]\n|-damage|p2a: Iron Bundle|16\/100|[from] Sandstorm\n|-damage|p1b: Tyranitar|56\/100|[from] Sandstorm\n|upkeep\n|turn|3\n|\n|t:|1683660302\n|move|p2a: Iron Bundle|Icy Wind|p1a: Talonflame|[spread] p1a,p1b\n|-supereffective|p1b: Tyranitar\n|-damage|p1a: Talonflame|0 fnt\n|-damage|p1b: Tyranitar|20\/100\n|-unboost|p1b: Tyranitar|spe|1\n|faint|p1a: Talonflame\n|move|p2b: Chi-Yu|Flamethrower|p1b: Tyranitar\n|-supereffective|p1b: Tyranitar\n|-damage|p1b: Tyranitar|0 fnt\n|faint|p1b: Tyranitar\n|\n|-weather|Sandstorm|[upkeep]\n|-damage|p2a: Iron Bundle|10\/100|[from] Sandstorm\n|upkeep\n|\n|t:|1683660308\n|switch|p1a: Garchomp|Garchomp, L50, F|100\/100\n|switch|p1b: Chien-Pao|Chien-Pao, L50|100\/100\n|-ability|p1b: Chien-Pao|Sword of Ruin\n|turn|4\n|inactive|zippLapZapper has 30 seconds left.\n|\n|t:|1683660342\n|move|p2a: Iron Bundle|Protect|p2a: Iron Bundle\n|-singleturn|p2a: Iron Bundle|Protect\n|move|p2b: Chi-Yu|Protect|p2b: Chi-Yu\n|-singleturn|p2b: Chi-Yu|Protect\n|move|p1b: Chien-Pao|Sucker Punch||[still]\n|-fail|p1b: Chien-Pao\n|move|p1a: Garchomp|Stomping Tantrum|p2b: Chi-Yu\n|-activate|p2b: Chi-Yu|move: Protect\n|\n|-weather|Sandstorm|[upkeep]\n|-damage|p1b: Chien-Pao|95\/100|[from] Sandstorm\n|-damage|p2a: Iron Bundle|4\/100|[from] Sandstorm\n|-sideend|p1: zippLapZapper|move: Tailwind\n|upkeep\n|turn|5\n|inactive|zippLapZapper has 30 seconds left.\n|inactive|Garompa fan has 30 seconds left.\n|inactive|zippLapZapper has 20 seconds left.\n|inactive|zippLapZapper has 15 seconds left.\n|inactive|zippLapZapper has 10 seconds left.\n|\n|t:|1683660389\n|move|p1b: Chien-Pao|Sucker Punch|p2a: Iron Bundle\n|-damage|p2a: Iron Bundle|0 fnt\n|faint|p2a: Iron Bundle\n|-end|p2a: Iron Bundle|Quark Drive|[silent]\n|move|p1a: Garchomp|Stomping Tantrum|p2b: Chi-Yu\n|-damage|p2b: Chi-Yu|0 fnt\n|faint|p2b: Chi-Yu\n|\n|-weather|none\n|upkeep\n|\n|t:|1683660394\n|switch|p2b: Iron Hands|Iron Hands, L50|100\/100\n|turn|6\n|\n|t:|1683660402\n|move|p1b: Chien-Pao|Protect|p1b: Chien-Pao\n|-singleturn|p1b: Chien-Pao|Protect\n|move|p1a: Garchomp|Protect|p1a: Garchomp\n|-singleturn|p1a: Garchomp|Protect\n|move|p2b: Iron Hands|Fake Out|p1a: Garchomp\n|-activate|p1a: Garchomp|move: Protect\n|\n|upkeep\n|turn|7\n|\n|t:|1683660415\n|move|p1b: Chien-Pao|Ice Spinner|p2b: Iron Hands\n|-damage|p2b: Iron Hands|69\/100\n|move|p1a: Garchomp|Stomping Tantrum|p2b: Iron Hands\n|-supereffective|p2b: Iron Hands\n|-crit|p2b: Iron Hands\n|-damage|p2b: Iron Hands|0 fnt\n|faint|p2b: Iron Hands\n|-end|p2b: Iron Hands|Quark Drive|[silent]\n|\n|win|zippLapZapper\n","uploadtime":1683660421,"views":26,"p1id":"zipplapzapper","p2id":"garompafan","formatid":"gen9vgc2023regulationc","rating":0,"private":0,"password":""}