{"id":"gen9vgc2023regulationc-1855587548","p1":"Felipe.Miller.V","p2":"Everscreaming","format":"[Gen 9] VGC 2023 Regulation C","log":"|j|\u2606Felipe.Miller.V\n|j|\u2606Everscreaming\n|t:|1682964392\n|gametype|doubles\n|player|p1|Felipe.Miller.V|170|1108\n|player|p2|Everscreaming|marnie|1107\n|teamsize|p1|6\n|teamsize|p2|4\n|gen|9\n|tier|[Gen 9] VGC 2023 Regulation C\n|rated|\n|rule|Species Clause: Limit one of each Pok\u00e9mon\n|rule|Item Clause: Limit one of each item\n|clearpoke\n|poke|p1|Bruxish, L50, F|\n|poke|p1|Copperajah, L50, F|\n|poke|p1|Sylveon, L50, M|\n|poke|p1|Hatterene, L50, F|\n|poke|p1|Heracross, L50, M|\n|poke|p1|Oranguru, L50, M|\n|poke|p2|Wo-Chien, L50|\n|poke|p2|Ting-Lu, L50|\n|poke|p2|Chien-Pao, L50|\n|poke|p2|Chi-Yu, L50|\n|teampreview|4\n|\n|t:|1682964411\n|start\n|switch|p1a: Bruxish|Bruxish, L50, F|100\/100\n|switch|p1b: Copperajah|Copperajah, L50, F|100\/100\n|switch|p2a: Live Slug|Wo-Chien, L50|100\/100\n|switch|p2b: Ting-Lu|Ting-Lu, L50|100\/100\n|-ability|p2a: Live Slug|Tablets of Ruin\n|-ability|p2b: Ting-Lu|Vessel of Ruin\n|turn|1\n|\n|t:|1682964433\n|switch|p1b: Heracross|Heracross, L50, M, shiny|100\/100\n|-terastallize|p1a: Bruxish|Water\n|move|p2a: Live Slug|Leech Seed|p1a: Bruxish\n|-start|p1a: Bruxish|move: Leech Seed\n|move|p1a: Bruxish|Wave Crash|p2b: Ting-Lu\n|-supereffective|p2b: Ting-Lu\n|-damage|p2b: Ting-Lu|44\/100\n|-damage|p1a: Bruxish|74\/100|[from] Recoil\n|move|p2b: Ting-Lu|Fissure|p1b: Heracross|[miss]\n|-miss|p2b: Ting-Lu|p1b: Heracross\n|\n|-damage|p1a: Bruxish|62\/100|[from] Leech Seed|[of] p2a: Live Slug\n|upkeep\n|turn|2\n|\n|t:|1682964462\n|move|p1b: Heracross|Bullet Seed|p2b: Ting-Lu\n|-supereffective|p2b: Ting-Lu\n|-damage|p2b: Ting-Lu|35\/100\n|-supereffective|p2b: Ting-Lu\n|-damage|p2b: Ting-Lu|29\/100\n|-supereffective|p2b: Ting-Lu\n|-damage|p2b: Ting-Lu|22\/100\n|-supereffective|p2b: Ting-Lu\n|-damage|p2b: Ting-Lu|14\/100\n|-hitcount|p2b: Ting-Lu|4\n|move|p2a: Live Slug|Pollen Puff|p2b: Ting-Lu\n|-heal|p2b: Ting-Lu|64\/100\n|move|p2b: Ting-Lu|Fissure|p1b: Heracross|[miss]\n|-miss|p2b: Ting-Lu|p1b: Heracross\n|move|p1a: Bruxish|Trick Room|p1a: Bruxish\n|-fieldstart|move: Trick Room|[of] p1a: Bruxish\n|\n|-damage|p1a: Bruxish|50\/100|[from] Leech Seed|[of] p2a: Live Slug\n|upkeep\n|turn|3\n|\n|t:|1682964487\n|move|p2b: Ting-Lu|Fissure|p1b: Heracross\n|-damage|p1b: Heracross|0 fnt\n|faint|p1b: Heracross\n|-ohko\n|move|p1a: Bruxish|Wave Crash|p2b: Ting-Lu\n|-supereffective|p2b: Ting-Lu\n|-damage|p2b: Ting-Lu|9\/100\n|-damage|p1a: Bruxish|24\/100|[from] Recoil\n|move|p2a: Live Slug|Body Press|p1a: Bruxish\n|-damage|p1a: Bruxish|0 fnt\n|faint|p1a: Bruxish\n|\n|upkeep\n|\n|t:|1682964498\n|switch|p1a: Sylveon|Sylveon, L50, M, shiny|100\/100\n|switch|p1b: Copperajah|Copperajah, L50, F|100\/100\n|turn|4\n|\n|t:|1682964526\n|move|p1b: Copperajah|Curse|p1b: Copperajah\n|-unboost|p1b: Copperajah|spe|1\n|-boost|p1b: Copperajah|atk|1\n|-boost|p1b: Copperajah|def|1\n|move|p2b: Ting-Lu|Fissure|p1b: Copperajah|[miss]\n|-miss|p2b: Ting-Lu|p1b: Copperajah\n|move|p1a: Sylveon|Hyper Voice|p2a: Live Slug|[spread] p2a,p2b\n|-supereffective|p2a: Live Slug\n|-supereffective|p2b: Ting-Lu\n|-damage|p2a: Live Slug|35\/100\n|-damage|p2b: Ting-Lu|0 fnt\n|faint|p2b: Ting-Lu\n|move|p2a: Live Slug|Leech Seed|p1a: Sylveon\n|-start|p1a: Sylveon|move: Leech Seed\n|\n|-heal|p2a: Live Slug|41\/100|[from] item: Leftovers\n|-damage|p1a: Sylveon|88\/100|[from] Leech Seed|[of] p2a: Live Slug\n|-heal|p2a: Live Slug|54\/100|[silent]\n|upkeep\n|\n|t:|1682964542\n|switch|p2b: Chi-Yu|Chi-Yu, L50|100\/100\n|-ability|p2b: Chi-Yu|Beads of Ruin\n|turn|5\n|inactive|Battle timer is ON: inactive players will automatically lose when time's up. (requested by Felipe.Miller.V)\n|\n|t:|1682964554\n|-terastallize|p2b: Chi-Yu|Ghost\n|move|p1b: Copperajah|Rock Slide|p2a: Live Slug|[spread] p2a,p2b\n|-damage|p2a: Live Slug|22\/100\n|-damage|p2b: Chi-Yu|27\/100\n|move|p1a: Sylveon|Hyper Voice|p2a: Live Slug|[spread] p2a,p2b\n|-supereffective|p2a: Live Slug\n|-damage|p2a: Live Slug|0 fnt\n|-damage|p2b: Chi-Yu|0 fnt\n|faint|p2a: Live Slug\n|faint|p2b: Chi-Yu\n|\n|upkeep\n|\n|t:|1682964562\n|switch|p2b: Chien-Pao|Chien-Pao, L50|100\/100\n|-ability|p2b: Chien-Pao|Sword of Ruin\n|turn|6\n|\n|t:|1682964572\n|move|p1b: Copperajah|Iron Head|p2b: Chien-Pao\n|-supereffective|p2b: Chien-Pao\n|-enditem|p2b: Chien-Pao|Focus Sash\n|-damage|p2b: Chien-Pao|1\/100\n|move|p1a: Sylveon|Hyper Voice|p2b: Chien-Pao\n|-supereffective|p2b: Chien-Pao\n|-damage|p2b: Chien-Pao|0 fnt\n|faint|p2b: Chien-Pao\n|\n|win|Felipe.Miller.V\n|raw|Felipe.Miller.V's rating: 1108 → 1133<\/strong> (+25 for winning)\n|raw|Everscreaming's rating: 1107 → 1082<\/strong> (-25 for losing)\n|l|\u2606Everscreaming\n","uploadtime":1682964582,"views":19,"p1id":"felipemillerv","p2id":"everscreaming","formatid":"gen9vgc2023regulationc","rating":1082,"private":0,"password":""}