{"id":"gen9vgc2023regulationc-1858482214","p1":"JayVGC YT","p2":"Dummy_Yamage","format":"[Gen 9] VGC 2023 Regulation C","log":"|j|\u2606JayVGC YT\n|j|\u2606Dummy_Yamage\n|t:|1683316648\n|gametype|doubles\n|player|p1|JayVGC YT|2|1532\n|player|p2|Dummy_Yamage|265|1429\n|teamsize|p1|6\n|teamsize|p2|6\n|gen|9\n|tier|[Gen 9] VGC 2023 Regulation C\n|rated|\n|rule|Species Clause: Limit one of each Pok\u00e9mon\n|rule|Item Clause: Limit one of each item\n|clearpoke\n|poke|p1|Iron Hands, L50|\n|poke|p1|Chi-Yu, L50|\n|poke|p1|Flutter Mane, L50|\n|poke|p1|Ting-Lu, L50|\n|poke|p1|Gyarados, L50, F|\n|poke|p1|Amoonguss, L50, F|\n|poke|p2|Dondozo, L50, M|\n|poke|p2|Tatsugiri, L50, F|\n|poke|p2|Pelipper, L50, M|\n|poke|p2|Glimmora, L50, M|\n|poke|p2|Wo-Chien, L50|\n|poke|p2|Dragonite, L50, F|\n|teampreview|4\nJayVGC YT has agreed to open team sheets.\n|\n|t:|1683316767\n|start\n|switch|p1a: Gyarados|Gyarados, L50, F|100\/100\n|switch|p1b: Flutter Mane|Flutter Mane, L50|100\/100\n|switch|p2a: Dragonite|Dragonite, L50, F|100\/100\n|switch|p2b: Glimmora|Glimmora, L50, M|100\/100\n|-ability|p1a: Gyarados|Intimidate|boost\n|-fail|p2a: Dragonite|unboost|Attack|[from] ability: Inner Focus|[of] p2a: Dragonite\n|-unboost|p2b: Glimmora|atk|1\n|turn|1\n|\n|t:|1683316855\n|-terastallize|p1a: Gyarados|Steel\n|-terastallize|p2a: Dragonite|Normal\n|move|p2a: Dragonite|Extreme Speed|p1a: Gyarados\n|-resisted|p1a: Gyarados\n|-damage|p1a: Gyarados|69\/100\n|move|p1b: Flutter Mane|Dazzling Gleam|p2a: Dragonite|[spread] p2a,p2b\n|-resisted|p2b: Glimmora\n|-damage|p2a: Dragonite|55\/100\n|-damage|p2b: Glimmora|85\/100\n|move|p1a: Gyarados|Iron Head|p2b: Glimmora\n|-supereffective|p2b: Glimmora\n|-damage|p2b: Glimmora|11\/100\n|-activate|p2b: Glimmora|ability: Toxic Debris\n|-sidestart|p1: JayVGC YT|move: Toxic Spikes\n|cant|p2b: Glimmora|flinch\n|\n|upkeep\n|turn|2\n|\n|t:|1683316888\n|switch|p2a: Tatsugiri|Tatsugiri, L50, F|100\/100\n|switch|p2b: Dondozo|Dondozo, L50, M|100\/100\n|-activate|p2a: Tatsugiri|ability: Commander|[of] p2b: Dondozo\n|-boost|p2b: Dondozo|atk|2\n|-boost|p2b: Dondozo|spa|2\n|-boost|p2b: Dondozo|spe|2\n|-boost|p2b: Dondozo|def|2\n|-boost|p2b: Dondozo|spd|2\n|move|p1b: Flutter Mane|Dazzling Gleam|p2b: Dondozo|[spread] p2b\n|-miss|p1b: Flutter Mane|p2a: Tatsugiri\n|-damage|p2b: Dondozo|74\/100\n|move|p1a: Gyarados|Iron Head|p2a: Tatsugiri|[miss]\n|-miss|p1a: Gyarados|p2a: Tatsugiri\n|\n|upkeep\n|turn|3\n|\n|t:|1683316916\n|switch|p1a: Amoonguss|Amoonguss, L50, F|100\/100\n|-sideend|p1: JayVGC YT|move: Toxic Spikes|[of] p1a: Amoonguss\n|move|p1b: Flutter Mane|Dazzling Gleam|p2b: Dondozo|[spread] p2b\n|-miss|p1b: Flutter Mane|p2a: Tatsugiri\n|-damage|p2b: Dondozo|47\/100\n|move|p2b: Dondozo|Surf|p1a: Amoonguss|[spread] p1a,p1b\n|-miss|p2b: Dondozo|p2a: Tatsugiri\n|-resisted|p1a: Amoonguss\n|-damage|p1a: Amoonguss|75\/100\n|-damage|p1b: Flutter Mane|32\/100\n|-damage|p2b: Dondozo|37\/100|[from] item: Life Orb\n|\n|upkeep\n|turn|4\n|\n|t:|1683316950\n|move|p1b: Flutter Mane|Dazzling Gleam|p2a: Tatsugiri|[spread] p2b\n|-miss|p1b: Flutter Mane|p2a: Tatsugiri\n|-damage|p2b: Dondozo|9\/100\n|move|p2b: Dondozo|Rest|p2b: Dondozo\n|-status|p2b: Dondozo|slp|[from] move: Rest\n|-heal|p2b: Dondozo|100\/100 slp|[silent]\n|move|p1a: Amoonguss|Clear Smog|p2b: Dondozo\n|-crit|p2b: Dondozo\n|-damage|p2b: Dondozo|77\/100 slp\n|-clearboost|p2b: Dondozo\n|\n|upkeep\n|turn|5\n|\n|t:|1683316970\n|move|p1b: Flutter Mane|Dazzling Gleam|p2b: Dondozo|[spread] p2b\n|-miss|p1b: Flutter Mane|p2a: Tatsugiri\n|-damage|p2b: Dondozo|22\/100 slp\n|cant|p2b: Dondozo|slp\n|move|p2b: Dondozo|Sleep Talk|p2b: Dondozo\n|move|p2b: Dondozo|Rest||[from]move: Sleep Talk|[still]\n|-fail|p2b: Dondozo\n|move|p1a: Amoonguss|Pollen Puff|p1b: Flutter Mane\n|-heal|p1b: Flutter Mane|82\/100\n|\n|upkeep\n|turn|6\n|-message|Dummy_Yamage forfeited.\n|\n|win|JayVGC YT\n|raw|JayVGC YT's rating: 1532 → 1546<\/strong> (+14 for winning)\n|raw|Dummy_Yamage's rating: 1429 → 1415<\/strong> (-14 for losing)\n|l|\u2606Dummy_Yamage\n","uploadtime":1683316998,"views":10,"p1id":"jayvgcyt","p2id":"dummyyamage","formatid":"gen9vgc2023regulationc","rating":1415,"private":0,"password":""}