{"id":"gen9vgc2023regulationc-1857816739","p1":"LymeLoco","p2":"peeme7","format":"[Gen 9] VGC 2023 Regulation C","log":"|j|\u2606LymeLoco\n|j|\u2606peeme7\n|t:|1683234844\n|gametype|doubles\n|player|p1|LymeLoco|266|1011\n|player|p2|peeme7|brycen|1000\n|teamsize|p1|6\n|teamsize|p2|6\n|gen|9\n|tier|[Gen 9] VGC 2023 Regulation C\n|rated|\n|rule|Species Clause: Limit one of each Pok\u00e9mon\n|rule|Item Clause: Limit one of each item\n|clearpoke\n|poke|p1|Lilligant, L50, F|\n|poke|p1|Torkoal, L50, F|\n|poke|p1|Flutter Mane, L50|\n|poke|p1|Kingambit, L50, F|\n|poke|p1|Indeedee, L50, M|\n|poke|p1|Great Tusk, L50|\n|poke|p2|Torkoal, L50, F|\n|poke|p2|Great Tusk, L50|\n|poke|p2|Corviknight, L50, M|\n|poke|p2|Flutter Mane, L50|\n|poke|p2|Gothitelle, L50, M|\n|poke|p2|Azumarill, L50, F|\n|teampreview|4\n|\n|t:|1683234892\n|start\n|switch|p1a: Indeedee|Indeedee, L50, M|100\/100\n|switch|p1b: Breakthrough|Torkoal, L50, F, shiny|100\/100\n|switch|p2a: Azumarill|Azumarill, L50, F|100\/100\n|switch|p2b: Gothitelle|Gothitelle, L50, M|100\/100\n|-fieldstart|move: Psychic Terrain|[from] ability: Psychic Surge|[of] p1a: Indeedee\n|-weather|SunnyDay|[from] ability: Drought|[of] p1b: Breakthrough\n|turn|1\n|\n|t:|1683234916\n|-terastallize|p2b: Gothitelle|Water\n|move|p1b: Breakthrough|Protect|p1b: Breakthrough\n|-singleturn|p1b: Breakthrough|Protect\n|move|p2b: Gothitelle|Heal Pulse|p2a: Azumarill\n|-fail|p2a: Azumarill|heal\n|move|p2a: Azumarill|Perish Song|p2a: Azumarill\n|-start|p1a: Indeedee|perish3|[silent]\n|-start|p1b: Breakthrough|perish3|[silent]\n|-start|p2a: Azumarill|perish3|[silent]\n|-start|p2b: Gothitelle|perish3|[silent]\n|-fieldactivate|move: Perish Song\n|move|p1a: Indeedee|Trick Room|p1a: Indeedee\n|-fieldstart|move: Trick Room|[of] p1a: Indeedee\n|\n|-weather|SunnyDay|[upkeep]\n|-start|p1b: Breakthrough|perish3\n|-start|p2a: Azumarill|perish3\n|-start|p2b: Gothitelle|perish3\n|-start|p1a: Indeedee|perish3\n|upkeep\n|turn|2\n|\n|t:|1683234945\n|move|p1b: Breakthrough|Eruption|p2a: Azumarill|[spread] p2a,p2b\n|-resisted|p2a: Azumarill\n|-crit|p2a: Azumarill\n|-resisted|p2b: Gothitelle\n|-damage|p2a: Azumarill|41\/100\n|-damage|p2b: Gothitelle|67\/100\n|move|p2a: Azumarill|Play Rough|p1a: Indeedee\n|-damage|p1a: Indeedee|5\/100\n|move|p2b: Gothitelle|Psychic|p1b: Breakthrough\n|-damage|p1b: Breakthrough|48\/100\n|move|p1a: Indeedee|Play Rough|p2b: Gothitelle\n|-damage|p2b: Gothitelle|55\/100\n|\n|-weather|SunnyDay|[upkeep]\n|-start|p1b: Breakthrough|perish2\n|-start|p2a: Azumarill|perish2\n|-start|p2b: Gothitelle|perish2\n|-start|p1a: Indeedee|perish2\n|upkeep\n|turn|3\n|\n|t:|1683234974\n|move|p1b: Breakthrough|Eruption|p2b: Gothitelle|[spread] p2a,p2b\n|-resisted|p2a: Azumarill\n|-resisted|p2b: Gothitelle\n|-damage|p2a: Azumarill|21\/100\n|-damage|p2b: Gothitelle|37\/100\n|-enditem|p2b: Gothitelle|Sitrus Berry|[eat]\n|-heal|p2b: Gothitelle|62\/100|[from] item: Sitrus Berry\n|move|p2a: Azumarill|Liquidation|p1b: Breakthrough\n|-supereffective|p1b: Breakthrough\n|-damage|p1b: Breakthrough|14\/100\n|-unboost|p1b: Breakthrough|def|1\n|move|p2b: Gothitelle|Heal Pulse|p2a: Azumarill\n|-heal|p2a: Azumarill|72\/100\n|move|p1a: Indeedee|Draining Kiss|p2b: Gothitelle\n|-damage|p2b: Gothitelle|49\/100\n|-heal|p1a: Indeedee|15\/100|[from] drain|[of] p2b: Gothitelle\n|\n|-weather|SunnyDay|[upkeep]\n|-start|p1b: Breakthrough|perish1\n|-start|p2a: Azumarill|perish1\n|-start|p2b: Gothitelle|perish1\n|-start|p1a: Indeedee|perish1\n|upkeep\n|turn|4\n|\n|t:|1683235009\n|switch|p2a: Great Tusk|Great Tusk, L50|100\/100\n|-activate|p2a: Great Tusk|ability: Protosynthesis\n|-start|p2a: Great Tusk|protosynthesisatk\n|switch|p2b: Corviknight|Corviknight, L50, M|100\/100\n|move|p1b: Breakthrough|Eruption|p2a: Great Tusk|[spread] p2a,p2b\n|-supereffective|p2b: Corviknight\n|-damage|p2a: Great Tusk|84\/100\n|-damage|p2b: Corviknight|73\/100\n|move|p1a: Indeedee|Play Rough|p2b: Corviknight\n|-resisted|p2b: Corviknight\n|-damage|p2b: Corviknight|66\/100\n|\n|-weather|SunnyDay|[upkeep]\n|-start|p1b: Breakthrough|perish0\n|-start|p1a: Indeedee|perish0\n|faint|p1b: Breakthrough\n|faint|p1a: Indeedee\n|upkeep\n|\n|t:|1683235029\n|switch|p1b: HOT|Kingambit, L50, F, shiny|100\/100\n|switch|p1a: FANCY|Flutter Mane, L50, shiny|100\/100\n|-activate|p1a: FANCY|ability: Protosynthesis\n|-start|p1a: FANCY|protosynthesisspa\n|turn|5\n|\n|t:|1683235064\n|-end|p2a: Great Tusk|Protosynthesis|[silent]\n|switch|p2a: Gothitelle|Gothitelle, L50, M, tera:Water|49\/100\n|move|p1b: HOT|Kowtow Cleave|p2b: Corviknight\n|-damage|p2b: Corviknight|21\/100\n|move|p2b: Corviknight|Iron Head|p1a: FANCY\n|-supereffective|p1a: FANCY\n|-damage|p1a: FANCY|0 fnt\n|faint|p1a: FANCY\n|-end|p1a: FANCY|Protosynthesis|[silent]\n|\n|-weather|none\n|-fieldend|move: Trick Room\n|-fieldend|move: Psychic Terrain\n|upkeep\n|turn|6\n|\n|t:|1683235080\n|switch|p2b: Great Tusk|Great Tusk, L50|84\/100\n|-terastallize|p1b: HOT|Fire\n|move|p2a: Gothitelle|Fake Out|p1b: HOT\n|-damage|p1b: HOT|96\/100\n|cant|p1b: HOT|flinch\n|\n|upkeep\n|turn|7\n|\n|t:|1683235093\n|move|p1b: HOT|Sucker Punch|p2a: Gothitelle\n|-damage|p2a: Gothitelle|14\/100\n|move|p2b: Great Tusk|Headlong Rush|p1b: HOT\n|-supereffective|p1b: HOT\n|-damage|p1b: HOT|0 fnt\n|-unboost|p2b: Great Tusk|def|1\n|-unboost|p2b: Great Tusk|spd|1\n|faint|p1b: HOT\n|\n|win|peeme7\n|raw|LymeLoco's rating: 1011 → 1000<\/strong> (-11 for losing)\n|raw|peeme7's rating: 1000 → 1041<\/strong> (+41 for winning)\n","uploadtime":1683235103,"views":9,"p1id":"lymeloco","p2id":"peeme7","formatid":"gen9vgc2023regulationc","rating":1000,"private":0,"password":""}