{"id":"gen9vgc2023regulationc-1859011574","p1":"littensalt","p2":"Cooler 08","format":"[Gen 9] VGC 2023 Regulation C","log":"|j|\u2606littensalt\n|j|\u2606Cooler 08\n|t:|1683394091\n|gametype|doubles\n|player|p1|littensalt|hugh|1024\n|player|p2|Cooler 08|volkner|1066\n|teamsize|p1|6\n|teamsize|p2|6\n|gen|9\n|tier|[Gen 9] VGC 2023 Regulation C\n|rated|\n|rule|Species Clause: Limit one of each Pok\u00e9mon\n|rule|Item Clause: Limit one of each item\n|clearpoke\n|poke|p1|Amoonguss, L50, F|\n|poke|p1|Palafin, L50, M|\n|poke|p1|Arcanine, L50, F|\n|poke|p1|Ting-Lu, L50|\n|poke|p1|Murkrow, L50, F|\n|poke|p1|Great Tusk, L50|\n|poke|p2|Tauros-Paldea-Blaze, L50, M|\n|poke|p2|Rotom-Wash, L50|\n|poke|p2|Sylveon, L50, F|\n|poke|p2|Meowscarada, L50, M|\n|poke|p2|Gholdengo, L50|\n|poke|p2|Ting-Lu, L50|\n|teampreview|4\n|inactive|Battle timer is ON: inactive players will automatically lose when time's up. (requested by Cooler 08)\nCooler 08 rejected open team sheets.\n|\n|t:|1683394122\n|start\n|switch|p1a: Murkrow|Murkrow, L50, F|100\/100\n|switch|p1b: Palafin|Palafin, L50, M|100\/100\n|switch|p2a: Tauros-Paldea-Fire|Tauros-Paldea-Blaze, L50, M|100\/100\n|switch|p2b: Meowscarada|Meowscarada, L50, M, shiny|100\/100\n|turn|1\n|\n|t:|1683394130\n|move|p1a: Murkrow|Tailwind|p1a: Murkrow\n|-sidestart|p1: littensalt|move: Tailwind\n|move|p1b: Palafin|Flip Turn|p2a: Tauros-Paldea-Fire\n|-supereffective|p2a: Tauros-Paldea-Fire\n|-damage|p2a: Tauros-Paldea-Fire|55\/100\n|\n|t:|1683394138\n|detailschange|p1b: Palafin|Palafin-Hero, L50, M\n|switch|p1b: Arcanine|Arcanine, L50, F|100\/100|[from] Flip Turn\n|-ability|p1b: Arcanine|Intimidate|boost\n|-unboost|p2a: Tauros-Paldea-Fire|atk|1\n|-unboost|p2b: Meowscarada|atk|1\n|move|p2b: Meowscarada|Flower Trick|p1b: Arcanine\n|-start|p2b: Meowscarada|typechange|Grass|[from] ability: Protean\n|-resisted|p1b: Arcanine\n|-crit|p1b: Arcanine\n|-damage|p1b: Arcanine|62\/100\n|move|p2a: Tauros-Paldea-Fire|Rock Slide|p1b: Arcanine|[spread] p1a,p1b\n|-supereffective|p1a: Murkrow\n|-supereffective|p1b: Arcanine\n|-damage|p1a: Murkrow|74\/100\n|-damage|p1b: Arcanine|32\/100\n|\n|upkeep\n|turn|2\n|inactive|littensalt has 30 seconds left.\n|inactive|Cooler 08 has 30 seconds left.\n|\n|t:|1683394169\n|switch|p2b: Rotom|Rotom-Wash, L50, shiny|100\/100\n|move|p1b: Arcanine|Extreme Speed|p2a: Tauros-Paldea-Fire\n|-damage|p2a: Tauros-Paldea-Fire|30\/100\n|move|p1a: Murkrow|Icy Wind|p2a: Tauros-Paldea-Fire|[spread] p2a,p2b\n|-resisted|p2a: Tauros-Paldea-Fire\n|-resisted|p2b: Rotom\n|-damage|p2a: Tauros-Paldea-Fire|26\/100\n|-damage|p2b: Rotom|96\/100\n|-unboost|p2a: Tauros-Paldea-Fire|spe|1\n|-unboost|p2b: Rotom|spe|1\n|move|p2a: Tauros-Paldea-Fire|Rock Slide|p1b: Arcanine|[spread] p1a,p1b\n|-supereffective|p1a: Murkrow\n|-supereffective|p1b: Arcanine\n|-damage|p1a: Murkrow|47\/100\n|-damage|p1b: Arcanine|7\/100\n|\n|-heal|p2b: Rotom|100\/100|[from] item: Leftovers\n|upkeep\n|turn|3\n|inactive|littensalt has 30 seconds left.\n|inactive|littensalt has 20 seconds left.\n|inactive|littensalt has 15 seconds left.\n|inactive|littensalt has 10 seconds left.\n|\n|t:|1683394217\n|move|p1b: Arcanine|Snarl|p2a: Tauros-Paldea-Fire|[spread] p2a,p2b\n|-resisted|p2a: Tauros-Paldea-Fire\n|-damage|p2a: Tauros-Paldea-Fire|22\/100\n|-damage|p2b: Rotom|88\/100\n|-unboost|p2a: Tauros-Paldea-Fire|spa|1\n|-unboost|p2b: Rotom|spa|1\n|move|p1a: Murkrow|U-turn|p2b: Rotom\n|-damage|p2b: Rotom|72\/100\n|\n|t:|1683394224\n|switch|p1a: Great Tusk|Great Tusk, L50|100\/100|[from] U-turn\n|move|p2a: Tauros-Paldea-Fire|Rock Slide|p1b: Arcanine|[spread] p1b\n|-miss|p2a: Tauros-Paldea-Fire|p1a: Great Tusk\n|-supereffective|p1b: Arcanine\n|-damage|p1b: Arcanine|0 fnt\n|faint|p1b: Arcanine\n|move|p2b: Rotom|Thunderbolt|p1a: Great Tusk\n|-immune|p1a: Great Tusk\n|\n|-heal|p2b: Rotom|77\/100|[from] item: Leftovers\n|upkeep\n|\n|t:|1683394234\n|switch|p1b: Palafin|Palafin-Hero, L50, M|100\/100\n|-activate|p1b: Palafin|ability: Zero to Hero\n|turn|4\n|\n|t:|1683394249\n|switch|p2a: Meowscarada|Meowscarada, L50, M, shiny|100\/100\n|switch|p2b: Ting-Lu|Ting-Lu, L50|100\/100\n|-ability|p2b: Ting-Lu|Vessel of Ruin\n|move|p1b: Palafin|Jet Punch|p2a: Meowscarada\n|-resisted|p2a: Meowscarada\n|-damage|p2a: Meowscarada|63\/100\n|move|p1a: Great Tusk|Close Combat|p2b: Ting-Lu\n|-supereffective|p2b: Ting-Lu\n|-crit|p2b: Ting-Lu\n|-damage|p2b: Ting-Lu|0 fnt\n|-unboost|p1a: Great Tusk|def|1\n|-unboost|p1a: Great Tusk|spd|1\n|faint|p2b: Ting-Lu\n|-damage|p1a: Great Tusk|90\/100|[from] item: Life Orb\n|\n|-sideend|p1: littensalt|move: Tailwind\n|upkeep\n|\n|t:|1683394267\n|switch|p2b: Rotom|Rotom-Wash, L50, shiny|77\/100\n|turn|5\n|\n|t:|1683394273\n|-end|p1a: Great Tusk|Protosynthesis|[silent]\n|switch|p1a: Murkrow|Murkrow, L50, F|47\/100\n|move|p1b: Palafin|Protect|p1b: Palafin\n|-singleturn|p1b: Palafin|Protect\n|move|p2a: Meowscarada|Flower Trick|p1b: Palafin\n|-start|p2a: Meowscarada|typechange|Grass|[from] ability: Protean\n|-activate|p1b: Palafin|move: Protect\n|move|p2b: Rotom|Hydro Pump|p1a: Murkrow\n|-damage|p1a: Murkrow|8\/100\n|\n|-heal|p2b: Rotom|83\/100|[from] item: Leftovers\n|upkeep\n|turn|6\n|inactive|littensalt has 30 seconds left.\n|\n|t:|1683394305\n|-terastallize|p1b: Palafin|Water\n|move|p1a: Murkrow|Tailwind|p1a: Murkrow\n|-sidestart|p1: littensalt|move: Tailwind\n|move|p1b: Palafin|Wave Crash|p2a: Meowscarada\n|-resisted|p2a: Meowscarada\n|-damage|p2a: Meowscarada|0 fnt\n|faint|p2a: Meowscarada\n|-damage|p1b: Palafin|83\/100|[from] Recoil\n|move|p2b: Rotom|Hydro Pump|p1a: Murkrow|[miss]\n|-miss|p2b: Rotom|p1a: Murkrow\n|\n|-heal|p2b: Rotom|88\/100|[from] item: Leftovers\n|upkeep\n|\n|t:|1683394317\n|switch|p2a: Tauros-Paldea-Fire|Tauros-Paldea-Blaze, L50, M|22\/100\n|turn|7\n|\n|t:|1683394336\n|-terastallize|p2b: Rotom|Electric\n|move|p1b: Palafin|Wave Crash|p2b: Rotom\n|-damage|p2b: Rotom|0 fnt\n|faint|p2b: Rotom\n|-damage|p1b: Palafin|62\/100|[from] Recoil\n|move|p1a: Murkrow|Icy Wind|p2a: Tauros-Paldea-Fire\n|-resisted|p2a: Tauros-Paldea-Fire\n|-damage|p2a: Tauros-Paldea-Fire|16\/100\n|-unboost|p2a: Tauros-Paldea-Fire|spe|1\n|move|p2a: Tauros-Paldea-Fire|Rock Slide|p1b: Palafin|[spread] p1a,p1b\n|-supereffective|p1a: Murkrow\n|-crit|p1b: Palafin\n|-damage|p1a: Murkrow|0 fnt\n|-damage|p1b: Palafin|42\/100\n|faint|p1a: Murkrow\n|\n|upkeep\n|\n|t:|1683394340\n|switch|p1a: Great Tusk|Great Tusk, L50|90\/100\n|turn|8\n|-message|Cooler 08 forfeited.\n|\n|win|littensalt\n|raw|littensalt's rating: 1024 → 1065<\/strong> (+41 for winning)\n|raw|Cooler 08's rating: 1066 → 1044<\/strong> (-22 for losing)\n|l|\u2606Cooler 08\n|c|\u2606littensalt|gg\n","uploadtime":1683394353,"views":16,"p1id":"littensalt","p2id":"cooler08","formatid":"gen9vgc2023regulationc","rating":1044,"private":0,"password":""}