{"id":"gen9vgc2023regulationc-1850559431","p1":"keerat opp","p2":"Zyro Pegasi","format":"[Gen 9] VGC 2023 Regulation C","log":"|j|\u2606keerat opp\n|j|\u2606Zyro Pegasi\n|t:|1682348623\n|gametype|doubles\n|player|p1|keerat opp|volkner|1059\n|player|p2|Zyro Pegasi|265|1011\n|teamsize|p1|6\n|teamsize|p2|6\n|gen|9\n|tier|[Gen 9] VGC 2023 Regulation C\n|rated|\n|rule|Species Clause: Limit one of each Pok\u00e9mon\n|rule|Item Clause: Limit one of each item\n|clearpoke\n|poke|p1|Hydreigon, L50, M|\n|poke|p1|Gholdengo, L50|\n|poke|p1|Tatsugiri, L50, M|\n|poke|p1|Dondozo, L50, F|\n|poke|p1|Dragonite, L50, F|\n|poke|p1|Meowscarada, L50, M|\n|poke|p2|Ting-Lu, L50|\n|poke|p2|Amoonguss, L50, F|\n|poke|p2|Arcanine, L50, M|\n|poke|p2|Palafin, L50, F|\n|poke|p2|Murkrow, L50, M|\n|poke|p2|Gholdengo, L50|\n|teampreview|4\n|inactive|Battle timer is ON: inactive players will automatically lose when time's up. (requested by Zyro Pegasi)\nZyro Pegasi rejected open team sheets.\n|inactive|keerat opp has 60 seconds left.\n|\n|t:|1682348675\n|start\n|switch|p1a: Tatsugiri|Tatsugiri, L50, M|100\/100\n|switch|p1b: Dragonite|Dragonite, L50, F|100\/100\n|switch|p2a: Ting-Lu|Ting-Lu, L50|100\/100\n|switch|p2b: Amoonguss|Amoonguss, L50, F|100\/100\n|-ability|p2a: Ting-Lu|Vessel of Ruin\n|turn|1\n|\n|t:|1682348699\n|move|p1a: Tatsugiri|Rain Dance|p1a: Tatsugiri\n|-weather|RainDance\n|move|p1b: Dragonite|Tailwind|p1b: Dragonite\n|-sidestart|p1: keerat opp|move: Tailwind\n|move|p2a: Ting-Lu|Fissure|p1a: Tatsugiri\n|-enditem|p1a: Tatsugiri|Focus Sash\n|-damage|p1a: Tatsugiri|1\/100\n|move|p2b: Amoonguss|Spore|p1b: Dragonite\n|-status|p1b: Dragonite|slp|[from] move: Spore\n|\n|-weather|RainDance|[upkeep]\n|upkeep\n|turn|2\n|\n|t:|1682348720\n|switch|p1b: Dondozo|Dondozo, L50, F, shiny|100\/100\n|-activate|p1a: Tatsugiri|ability: Commander|[of] p1b: Dondozo\n|-boost|p1b: Dondozo|atk|2\n|-boost|p1b: Dondozo|spa|2\n|-boost|p1b: Dondozo|spe|2\n|-boost|p1b: Dondozo|def|2\n|-boost|p1b: Dondozo|spd|2\n|move|p2a: Ting-Lu|Ruination|p1b: Dondozo\n|-damage|p1b: Dondozo|51\/100\n|move|p2b: Amoonguss|Spore|p1a: Tatsugiri|[miss]\n|-miss|p2b: Amoonguss|p1a: Tatsugiri\n|\n|-weather|RainDance|[upkeep]\n|upkeep\n|turn|3\n|\n|t:|1682348745\n|-terastallize|p1b: Dondozo|Water\n|move|p2b: Amoonguss|Rage Powder|p2b: Amoonguss\n|-singleturn|p2b: Amoonguss|move: Rage Powder\n|move|p1b: Dondozo|Liquidation|p2b: Amoonguss\n|-resisted|p2b: Amoonguss\n|-damage|p2b: Amoonguss|17\/100\n|move|p2a: Ting-Lu|Fissure|p1b: Dondozo\n|-damage|p1b: Dondozo|0 fnt\n|faint|p1b: Dondozo\n|-ohko\n|\n|-weather|RainDance|[upkeep]\n|-heal|p2b: Amoonguss|23\/100|[from] item: Leftovers\n|upkeep\n|\n|t:|1682348765\n|switch|p1b: Dragonite|Dragonite, L50, F|100\/100 slp\n|turn|4\n|\n|t:|1682348777\n|move|p1a: Tatsugiri|Substitute|p1a: Tatsugiri\n|-fail|p1a: Tatsugiri|move: Substitute|[weak]\n|cant|p1b: Dragonite|slp\n|move|p2a: Ting-Lu|Ruination|p1b: Dragonite\n|-damage|p1b: Dragonite|50\/100 slp\n|move|p2b: Amoonguss|Spore|p1a: Tatsugiri\n|-status|p1a: Tatsugiri|slp|[from] move: Spore\n|\n|-weather|RainDance|[upkeep]\n|-heal|p1b: Dragonite|57\/100 slp|[from] item: Leftovers\n|-heal|p2b: Amoonguss|29\/100|[from] item: Leftovers\n|-sideend|p1: keerat opp|move: Tailwind\n|upkeep\n|turn|5\n|inactive|keerat opp has 30 seconds left.\n|inactive|Zyro Pegasi has 30 seconds left.\n|\n|t:|1682348810\n|switch|p2b: Murkrow|Murkrow, L50, M|100\/100\n|cant|p1a: Tatsugiri|slp\n|cant|p1b: Dragonite|slp\n|move|p2a: Ting-Lu|Stomping Tantrum|p1a: Tatsugiri\n|-damage|p1a: Tatsugiri|0 fnt\n|faint|p1a: Tatsugiri\n|\n|-weather|none\n|-heal|p1b: Dragonite|63\/100 slp|[from] item: Leftovers\n|upkeep\n|\n|t:|1682348823\n|switch|p1a: Hydreigon|Hydreigon, L50, M, shiny|100\/100\n|turn|6\n|inactive|keerat opp has 30 seconds left.\n|\n|t:|1682348849\n|switch|p2b: Amoonguss|Amoonguss, L50, F|62\/100\n|move|p1a: Hydreigon|Focus Energy|p1a: Hydreigon\n|-start|p1a: Hydreigon|move: Focus Energy\n|-curestatus|p1b: Dragonite|slp|[msg]\n|move|p1b: Dragonite|Roost|p1b: Dragonite\n|-heal|p1b: Dragonite|100\/100\n|-singleturn|p1b: Dragonite|move: Roost\n|move|p2a: Ting-Lu|Ruination|p1a: Hydreigon\n|-damage|p1a: Hydreigon|50\/100\n|\n|-heal|p2b: Amoonguss|68\/100|[from] item: Leftovers\n|upkeep\n|turn|7\n|\n|t:|1682348873\n|move|p1a: Hydreigon|Protect|p1a: Hydreigon\n|-singleturn|p1a: Hydreigon|Protect\n|move|p1b: Dragonite|Tailwind|p1b: Dragonite\n|-sidestart|p1: keerat opp|move: Tailwind\n|move|p2a: Ting-Lu|Ruination|p1b: Dragonite\n|-damage|p1b: Dragonite|50\/100\n|move|p2b: Amoonguss|Spore|p1a: Hydreigon\n|-activate|p1a: Hydreigon|move: Protect\n|\n|-heal|p1b: Dragonite|57\/100|[from] item: Leftovers\n|-heal|p2b: Amoonguss|74\/100|[from] item: Leftovers\n|upkeep\n|turn|8\n|inactive|keerat opp has 30 seconds left.\n|inactive|Zyro Pegasi has 30 seconds left.\n|inactive|keerat opp has 20 seconds left.\n|inactive|Zyro Pegasi has 20 seconds left.\n|\n|t:|1682348912\n|move|p1a: Hydreigon|Dark Pulse|p2b: Amoonguss\n|-crit|p2b: Amoonguss\n|-damage|p2b: Amoonguss|38\/100\n|move|p1b: Dragonite|Light Screen|p1b: Dragonite\n|-sidestart|p1: keerat opp|move: Light Screen\n|move|p2a: Ting-Lu|Heavy Slam|p1a: Hydreigon\n|-damage|p1a: Hydreigon|15\/100\n|move|p2b: Amoonguss|Spore|p1a: Hydreigon\n|-status|p1a: Hydreigon|slp|[from] move: Spore\n|\n|-heal|p1b: Dragonite|63\/100|[from] item: Leftovers\n|-heal|p2b: Amoonguss|44\/100|[from] item: Leftovers\n|upkeep\n|turn|9\n|inactive|keerat opp has 30 seconds left.\n|\n|t:|1682348938\n|cant|p1a: Hydreigon|slp\n|move|p1b: Dragonite|Hurricane|p2a: Ting-Lu|[miss]\n|-miss|p1b: Dragonite|p2a: Ting-Lu\n|move|p2a: Ting-Lu|Heavy Slam|p1b: Dragonite\n|-damage|p1b: Dragonite|45\/100\n|move|p2b: Amoonguss|Spore|p1b: Dragonite\n|-status|p1b: Dragonite|slp|[from] move: Spore\n|\n|-heal|p1b: Dragonite|51\/100 slp|[from] item: Leftovers\n|-heal|p2b: Amoonguss|50\/100|[from] item: Leftovers\n|upkeep\n|turn|10\n|\n|t:|1682348958\n|switch|p2b: Murkrow|Murkrow, L50, M|100\/100\n|cant|p1a: Hydreigon|slp\n|cant|p1b: Dragonite|slp\n|move|p2a: Ting-Lu|Heavy Slam|p1a: Hydreigon\n|-damage|p1a: Hydreigon|0 fnt\n|faint|p1a: Hydreigon\n|\n|-heal|p1b: Dragonite|57\/100 slp|[from] item: Leftovers\n|-sideend|p1: keerat opp|move: Tailwind\n|upkeep\n|turn|11\n|c|\u2606keerat opp|Damn..\n|inactive|keerat opp has 30 seconds left.\n|c|\u2606keerat opp|Ting lu is so op...\n|inactive|keerat opp has 20 seconds left.\n|c|\u2606keerat opp|Ig wolfey decides the meta\n|inactive|keerat opp has 15 seconds left.\n|-message|keerat opp forfeited.\n|\n|win|Zyro Pegasi\n|raw|keerat opp's rating: 1059 → 1038<\/strong> (-21 for losing)\n|raw|Zyro Pegasi's rating: 1011 → 1055<\/strong> (+44 for winning)\n|l|\u2606keerat opp\n","uploadtime":1682349018,"views":20,"p1id":"keeratopp","p2id":"zyropegasi","formatid":"gen9vgc2023regulationc","rating":1038,"private":0,"password":""}