{"id":"gen9vgc2023regulationc-1845719303","p1":"Chocbrewis","p2":"KoramTrainer","format":"[Gen 9] VGC 2023 Regulation C","log":"|j|\u2606Chocbrewis\n|j|\u2606KoramTrainer\n|t:|1681758318\n|gametype|doubles\n|player|p1|Chocbrewis|265|1085\n|player|p2|KoramTrainer|hilbert|1160\n|teamsize|p1|6\n|teamsize|p2|4\n|gen|9\n|tier|[Gen 9] VGC 2023 Regulation C\n|rated|\n|rule|Species Clause: Limit one of each Pok\u00e9mon\n|rule|Item Clause: Limit one of each item\n|clearpoke\n|poke|p1|Arcanine, L50, F|\n|poke|p1|Palafin, L50, M|\n|poke|p1|Ting-Lu, L50|\n|poke|p1|Amoonguss, L50, M|\n|poke|p1|Flutter Mane, L50|\n|poke|p1|Kingambit, L50, M|\n|poke|p2|Corviknight, L50, M|\n|poke|p2|Rotom-Wash, L50|\n|poke|p2|Ting-Lu, L50|\n|poke|p2|Flutter Mane, L50|\n|teampreview|4\n|inactive|Battle timer is ON: inactive players will automatically lose when time's up. (requested by KoramTrainer)\n|inactive|Chocbrewis has 60 seconds left.\n|\n|t:|1681758354\n|start\n|switch|p1a: Palafin|Palafin, L50, M|100\/100\n|switch|p1b: Flutter Mane|Flutter Mane, L50, shiny|100\/100\n|switch|p2a: Rotom|Rotom-Wash, L50|100\/100\n|switch|p2b: Corviknight|Corviknight, L50, M|100\/100\n|turn|1\n|\n|t:|1681758372\n|detailschange|p1a: Palafin|Palafin-Hero, L50, M\n|switch|p1a: Kingambit|Kingambit, L50, M|100\/100\n|-terastallize|p1b: Flutter Mane|Fire\n|move|p1b: Flutter Mane|Mystical Fire|p2b: Corviknight\n|-supereffective|p2b: Corviknight\n|-damage|p2b: Corviknight|8\/100\n|-ability|p2b: Corviknight|Mirror Armor\n|-unboost|p1b: Flutter Mane|spa|1\n|-damage|p1b: Flutter Mane|91\/100|[from] item: Life Orb\n|move|p2a: Rotom|Light Screen|p2a: Rotom\n|-sidestart|p2: KoramTrainer|move: Light Screen\n|move|p2b: Corviknight|Bulk Up|p2b: Corviknight\n|-boost|p2b: Corviknight|atk|1\n|-boost|p2b: Corviknight|def|1\n|\n|-heal|p2b: Corviknight|14\/100|[from] item: Leftovers\n|upkeep\n|turn|2\n|inactive|Chocbrewis has 30 seconds left.\n|inactive|Chocbrewis has 20 seconds left.\n|inactive|Chocbrewis has 15 seconds left.\n|\n|t:|1681758414\n|switch|p2b: Ting-Lu|Ting-Lu, L50|100\/100\n|-ability|p2b: Ting-Lu|Vessel of Ruin\n|move|p1b: Flutter Mane|Shadow Ball|p2b: Ting-Lu\n|-resisted|p2b: Ting-Lu\n|-damage|p2b: Ting-Lu|96\/100\n|-damage|p1b: Flutter Mane|81\/100|[from] item: Life Orb\n|move|p2a: Rotom|Reflect|p2a: Rotom\n|-sidestart|p2: KoramTrainer|Reflect\n|move|p1a: Kingambit|Swords Dance|p1a: Kingambit\n|-boost|p1a: Kingambit|atk|2\n|\n|upkeep\n|turn|3\n|inactive|KoramTrainer has 30 seconds left.\n|\n|t:|1681758445\n|-end|p1b: Flutter Mane|Protosynthesis|[silent]\n|switch|p1b: Palafin|Palafin-Hero, L50, M|100\/100\n|-activate|p1b: Palafin|ability: Zero to Hero\n|switch|p2a: Flutter Mane|Flutter Mane, L50|100\/100\n|-enditem|p2a: Flutter Mane|Booster Energy\n|-activate|p2a: Flutter Mane|ability: Protosynthesis|[fromitem]\n|-start|p2a: Flutter Mane|protosynthesisspe\n|-terastallize|p2b: Ting-Lu|Poison\n|move|p2b: Ting-Lu|Body Press|p1a: Kingambit\n|-supereffective|p1a: Kingambit\n|-damage|p1a: Kingambit|35\/100\n|move|p1a: Kingambit|Kowtow Cleave|p2a: Flutter Mane\n|-damage|p2a: Flutter Mane|0 fnt\n|faint|p2a: Flutter Mane\n|-end|p2a: Flutter Mane|Protosynthesis|[silent]\n|\n|upkeep\n|\n|t:|1681758461\n|switch|p2a: Rotom|Rotom-Wash, L50|100\/100\n|turn|4\n|inactive|Chocbrewis has 30 seconds left.\n|inactive|Chocbrewis has 20 seconds left.\n|inactive|KoramTrainer has 30 seconds left.\n|\n|t:|1681758506\n|switch|p2a: Corviknight|Corviknight, L50, M|14\/100\n|move|p1b: Palafin|Jet Punch|p2b: Ting-Lu\n|-damage|p2b: Ting-Lu|77\/100\n|move|p1a: Kingambit|Sucker Punch||[still]\n|-fail|p1a: Kingambit\n|move|p2b: Ting-Lu|Body Press|p1a: Kingambit\n|-supereffective|p1a: Kingambit\n|-damage|p1a: Kingambit|0 fnt\n|faint|p1a: Kingambit\n|\n|-heal|p2a: Corviknight|20\/100|[from] item: Leftovers\n|upkeep\n|\n|t:|1681758521\n|switch|p1a: Flutter Mane|Flutter Mane, L50, shiny, tera:Fire|81\/100\n|turn|5\n|\n|t:|1681758543\n|move|p1a: Flutter Mane|Shadow Ball|p2a: Corviknight\n|-damage|p2a: Corviknight|0 fnt\n|faint|p2a: Corviknight\n|-damage|p1a: Flutter Mane|71\/100|[from] item: Life Orb\n|move|p1b: Palafin|Encore|p2b: Ting-Lu\n|-start|p2b: Ting-Lu|Encore\n|move|p2b: Ting-Lu|Body Press|p1a: Flutter Mane\n|-damage|p1a: Flutter Mane|21\/100\n|\n|upkeep\n|\n|t:|1681758554\n|switch|p2a: Rotom|Rotom-Wash, L50|100\/100\n|turn|6\n|\n|t:|1681758571\n|move|p1b: Palafin|Jet Punch|p2a: Rotom\n|-resisted|p2a: Rotom\n|-damage|p2a: Rotom|80\/100\n|move|p1a: Flutter Mane|Shadow Ball|p2a: Rotom\n|-damage|p2a: Rotom|54\/100\n|-unboost|p2a: Rotom|spd|1\n|-damage|p1a: Flutter Mane|11\/100|[from] item: Life Orb\n|move|p2a: Rotom|Thunderbolt|p1b: Palafin\n|-supereffective|p1b: Palafin\n|-damage|p1b: Palafin|29\/100\n|move|p2b: Ting-Lu|Body Press|p1b: Palafin\n|-damage|p1b: Palafin|3\/100\n|\n|upkeep\n|turn|7\n|\n|t:|1681758594\n|move|p1a: Flutter Mane|Protect|p1a: Flutter Mane\n|-singleturn|p1a: Flutter Mane|Protect\n|move|p1b: Palafin|Protect|p1b: Palafin\n|-singleturn|p1b: Palafin|Protect\n|move|p2a: Rotom|Thunderbolt|p1b: Palafin\n|-activate|p1b: Palafin|move: Protect\n|move|p2b: Ting-Lu|Body Press|p1a: Flutter Mane\n|-activate|p1a: Flutter Mane|move: Protect\n|\n|-end|p2b: Ting-Lu|Encore\n|upkeep\n|turn|8\n|inactive|Chocbrewis has 30 seconds left.\n|\n|t:|1681758628\n|switch|p1b: Arcanine|Arcanine, L50, F|100\/100\n|-ability|p1b: Arcanine|Intimidate|boost\n|-unboost|p2a: Rotom|atk|1\n|-unboost|p2b: Ting-Lu|atk|1\n|move|p1a: Flutter Mane|Shadow Ball|p2a: Rotom\n|-damage|p2a: Rotom|10\/100\n|-unboost|p2a: Rotom|spd|1\n|-damage|p1a: Flutter Mane|1\/100|[from] item: Life Orb\n|move|p2a: Rotom|Thunderbolt|p1b: Arcanine\n|-damage|p1b: Arcanine|62\/100\n|move|p2b: Ting-Lu|Stomping Tantrum|p1a: Flutter Mane\n|-supereffective|p1a: Flutter Mane\n|-damage|p1a: Flutter Mane|0 fnt\n|faint|p1a: Flutter Mane\n|-end|p1a: Flutter Mane|Protosynthesis|[silent]\n|\n|-sideend|p2: KoramTrainer|move: Light Screen\n|upkeep\n|\n|t:|1681758642\n|switch|p1a: Palafin|Palafin-Hero, L50, M|3\/100\n|turn|9\n|\n|t:|1681758657\n|move|p1a: Palafin|Protect|p1a: Palafin\n|-singleturn|p1a: Palafin|Protect\n|move|p1b: Arcanine|Extreme Speed|p2a: Rotom\n|-damage|p2a: Rotom|0 fnt\n|faint|p2a: Rotom\n|move|p2b: Ting-Lu|Stomping Tantrum|p1b: Arcanine\n|-supereffective|p1b: Arcanine\n|-damage|p1b: Arcanine|7\/100\n|\n|-sideend|p2: KoramTrainer|Reflect\n|upkeep\n|turn|10\n|\n|t:|1681758671\n|move|p1a: Palafin|Jet Punch|p2b: Ting-Lu\n|-damage|p2b: Ting-Lu|48\/100\n|move|p1b: Arcanine|Play Rough|p2b: Ting-Lu\n|-resisted|p2b: Ting-Lu\n|-damage|p2b: Ting-Lu|38\/100\n|-unboost|p2b: Ting-Lu|atk|1\n|move|p2b: Ting-Lu|Stomping Tantrum|p1a: Palafin\n|-damage|p1a: Palafin|0 fnt\n|faint|p1a: Palafin\n|\n|upkeep\n|turn|11\n|\n|t:|1681758682\n|move|p1b: Arcanine|Flare Blitz|p2b: Ting-Lu\n|-damage|p2b: Ting-Lu|2\/100\n|-damage|p1b: Arcanine|0 fnt|[from] Recoil\n|faint|p1b: Arcanine\n|\n|win|KoramTrainer\n|raw|Chocbrewis's rating: 1085 → 1067<\/strong> (-18 for losing)\n|raw|KoramTrainer's rating: 1160 → 1180<\/strong> (+20 for winning)\n","uploadtime":1681758690,"views":6,"p1id":"chocbrewis","p2id":"koramtrainer","formatid":"gen9vgc2023regulationc","rating":1067,"private":0,"password":""}