{"id":"gen9vgc2023regulationc-1846889486","p1":"al24088","p2":"RitmanTesting1","format":"[Gen 9] VGC 2023 Regulation C","log":"|j|\u2606al24088\n|j|\u2606RitmanTesting1\n|t:|1681896488\n|gametype|doubles\n|player|p1|al24088|preschooler|1433\n|player|p2|RitmanTesting1|byron|1376\n|teamsize|p1|6\n|teamsize|p2|6\n|gen|9\n|tier|[Gen 9] VGC 2023 Regulation C\n|rated|\n|rule|Species Clause: Limit one of each Pok\u00e9mon\n|rule|Item Clause: Limit one of each item\n|clearpoke\n|poke|p1|Glimmora, L50, M|\n|poke|p1|Wo-Chien, L50|\n|poke|p1|Flutter Mane, L50|\n|poke|p1|Maushold, L50|\n|poke|p1|Corviknight, L50, M|\n|poke|p1|Gastrodon-East, L50, F|\n|poke|p2|Chi-Yu, L50|\n|poke|p2|Flutter Mane, L50|\n|poke|p2|Gyarados, L50, M|\n|poke|p2|Brute Bonnet, L50|\n|poke|p2|Baxcalibur, L50, M|\n|poke|p2|Glimmora, L50, M|\n|teampreview|4\n|inactive|Battle timer is ON: inactive players will automatically lose when time's up. (requested by RitmanTesting1)\nRitmanTesting1 has agreed to open team sheets.\n|inactive|al24088 has 60 seconds left.\n|inactive|RitmanTesting1 has 60 seconds left.\nal24088 has agreed to open team sheets.\n|\n|t:|1681896548\n|start\n|switch|p1a: Gastrodon|Gastrodon-East, L50, F|100\/100\n|switch|p1b: Glimmora|Glimmora, L50, M|100\/100\n|switch|p2a: Chi-Yu|Chi-Yu, L50|100\/100\n|switch|p2b: Glimmora|Glimmora, L50, M|100\/100\n|-ability|p2a: Chi-Yu|Beads of Ruin\n|turn|1\n|\n|t:|1681896569\n|-terastallize|p2b: Glimmora|Grass\n|-terastallize|p1a: Gastrodon|Fire\n|move|p2a: Chi-Yu|Protect|p2a: Chi-Yu\n|-singleturn|p2a: Chi-Yu|Protect\n|move|p2b: Glimmora|Earth Power|p1b: Glimmora\n|-supereffective|p1b: Glimmora\n|-damage|p1b: Glimmora|0 fnt\n|faint|p1b: Glimmora\n|move|p1a: Gastrodon|Stealth Rock|p2b: Glimmora\n|-sidestart|p2: RitmanTesting1|move: Stealth Rock\n|\n|upkeep\n|\n|t:|1681896587\n|switch|p1b: Flutter Mane|Flutter Mane, L50|100\/100\n|turn|2\n|\n|t:|1681896597\n|move|p2a: Chi-Yu|Heat Wave|p1b: Flutter Mane|[spread] p1a,p1b\n|-resisted|p1a: Gastrodon\n|-damage|p1a: Gastrodon|76\/100\n|-damage|p1b: Flutter Mane|54\/100\n|-status|p1b: Flutter Mane|brn\n|move|p1b: Flutter Mane|Moonblast|p2b: Glimmora\n|-damage|p2b: Glimmora|38\/100\n|move|p2b: Glimmora|Mortal Spin|p1a: Gastrodon|[spread] p1a,p1b\n|-damage|p1a: Gastrodon|72\/100\n|-damage|p1b: Flutter Mane|49\/100 brn\n|-status|p1a: Gastrodon|psn\n|-sideend|p2: RitmanTesting1|Stealth Rock|[from] move: Mortal Spin|[of] p2b: Glimmora\n|move|p1a: Gastrodon|Muddy Water|p2b: Glimmora|[spread] p2b\n|-miss|p1a: Gastrodon|p2a: Chi-Yu\n|-resisted|p2b: Glimmora\n|-damage|p2b: Glimmora|27\/100\n|-unboost|p2b: Glimmora|accuracy|1\n|\n|-damage|p1a: Gastrodon|59\/100 psn|[from] psn\n|-damage|p1b: Flutter Mane|43\/100 brn|[from] brn\n|upkeep\n|turn|3\n|inactive|RitmanTesting1 has 30 seconds left.\n|\n|t:|1681896626\n|move|p2a: Chi-Yu|Dark Pulse|p1a: Gastrodon\n|-damage|p1a: Gastrodon|9\/100 psn\n|-enditem|p1a: Gastrodon|Sitrus Berry|[eat]\n|-heal|p1a: Gastrodon|34\/100 psn|[from] item: Sitrus Berry\n|move|p1b: Flutter Mane|Moonblast|p2a: Chi-Yu\n|-damage|p2a: Chi-Yu|20\/100\n|-unboost|p2a: Chi-Yu|spa|1\n|move|p2b: Glimmora|Sludge Bomb|p1b: Flutter Mane|[miss]\n|-miss|p2b: Glimmora|p1b: Flutter Mane\n|cant|p1a: Gastrodon|flinch\n|\n|-damage|p1a: Gastrodon|22\/100 psn|[from] psn\n|-damage|p1b: Flutter Mane|37\/100 brn|[from] brn\n|upkeep\n|turn|4\n|inactive|al24088 has 30 seconds left.\n|inactive|al24088 has 20 seconds left.\n|inactive|al24088 has 15 seconds left.\n|inactive|al24088 has 10 seconds left.\n|inactive|al24088 has 5 seconds left.\n|\n|t:|1681896678\n|move|p2a: Chi-Yu|Dark Pulse|p1a: Gastrodon\n|-damage|p1a: Gastrodon|0 fnt\n|faint|p1a: Gastrodon\n|move|p1b: Flutter Mane|Moonblast|p2a: Chi-Yu\n|-damage|p2a: Chi-Yu|0 fnt\n|faint|p2a: Chi-Yu\n|move|p2b: Glimmora|Sludge Bomb|p1b: Flutter Mane\n|-damage|p1b: Flutter Mane|0 fnt\n|faint|p1b: Flutter Mane\n|-end|p1b: Flutter Mane|Protosynthesis|[silent]\n|\n|upkeep\n|c|\u2606RitmanTesting1|the stealth rock just only makes you lost momentum\n|\n|t:|1681896695\n|switch|p2a: Flutter Mane|Flutter Mane, L50|100\/100\n|switch|p1b: Corviknight|Corviknight, L50, M|100\/100\n|-enditem|p2a: Flutter Mane|Booster Energy\n|-activate|p2a: Flutter Mane|ability: Protosynthesis|[fromitem]\n|-start|p2a: Flutter Mane|protosynthesisspa\n|turn|5\n|\n|t:|1681896719\n|move|p2a: Flutter Mane|Shadow Ball|p1b: Corviknight\n|-damage|p1b: Corviknight|56\/100\n|move|p1b: Corviknight|Iron Head|p2a: Flutter Mane\n|-supereffective|p2a: Flutter Mane\n|-damage|p2a: Flutter Mane|24\/100\n|move|p2b: Glimmora|Power Gem|p1b: Corviknight\n|-damage|p1b: Corviknight|17\/100\n|\n|upkeep\n|turn|6\n|-message|al24088 forfeited.\n|\n|win|RitmanTesting1\n|raw|al24088's rating: 1433 → 1410<\/strong> (-23 for losing)\n|raw|RitmanTesting1's rating: 1376 → 1399<\/strong> (+23 for winning)\n|l|\u2606al24088\n","uploadtime":1681896806,"views":12,"p1id":"al24088","p2id":"ritmantesting1","formatid":"gen9vgc2023regulationc","rating":1399,"private":0,"password":""}