{"id":"gen9vgc2023regulationc-1852184929","p1":"pokedot777","p2":"icedragonkid105","format":"[Gen 9] VGC 2023 Regulation C","log":"|j|\u2606pokedot777\n|j|\u2606icedragonkid105\n|t:|1682531134\n|gametype|doubles\n|player|p1|pokedot777|supernerd|1161\n|player|p2|icedragonkid105|1|1142\n|teamsize|p1|6\n|teamsize|p2|6\n|gen|9\n|tier|[Gen 9] VGC 2023 Regulation C\n|rated|\n|rule|Species Clause: Limit one of each Pok\u00e9mon\n|rule|Item Clause: Limit one of each item\n|clearpoke\n|poke|p1|Talonflame, L50, F|\n|poke|p1|Pelipper, L50, M|\n|poke|p1|Palafin, L50, F|\n|poke|p1|Amoonguss, L50, F|\n|poke|p1|Gholdengo, L50|\n|poke|p1|Roaring Moon, L50|\n|poke|p2|Baxcalibur, L50, M|\n|poke|p2|Flutter Mane, L50|\n|poke|p2|Chi-Yu, L50|\n|poke|p2|Glimmora, L50, M|\n|poke|p2|Iron Bundle, L50|\n|poke|p2|Arcanine, L50, M|\n|teampreview|4\n|\n|t:|1682531168\n|start\n|switch|p1a: Talonflame|Talonflame, L50, F|100\/100\n|switch|p1b: Palafin|Palafin, L50, F|100\/100\n|switch|p2a: Glacius|Baxcalibur, L50, M|100\/100\n|switch|p2b: Glitch|Iron Bundle, L50, shiny|100\/100\n|turn|1\n|\n|t:|1682531194\n|detailschange|p1b: Palafin|Palafin-Hero, L50, F\n|switch|p1b: Pelipper|Pelipper, L50, M|100\/100\n|-weather|RainDance|[from] ability: Drizzle|[of] p1b: Pelipper\n|move|p1a: Talonflame|Hurricane|p2b: Glitch\n|-enditem|p2b: Glitch|Focus Sash\n|-damage|p2b: Glitch|1\/100\n|move|p2b: Glitch|Icy Wind|p1b: Pelipper|[spread] p1a,p1b\n|-damage|p1a: Talonflame|70\/100\n|-damage|p1b: Pelipper|80\/100\n|-unboost|p1a: Talonflame|spe|1\n|-unboost|p1b: Pelipper|spe|1\n|move|p2a: Glacius|Icicle Crash|p1a: Talonflame\n|-damage|p1a: Talonflame|0 fnt\n|faint|p1a: Talonflame\n|\n|-weather|RainDance|[upkeep]\n|upkeep\n|\n|t:|1682531219\n|switch|p1a: Asia|Roaring Moon, L50|100\/100\n|-enditem|p1a: Asia|Booster Energy\n|-activate|p1a: Asia|ability: Protosynthesis|[fromitem]\n|-start|p1a: Asia|protosynthesisspe\n|turn|2\n|\n|t:|1682531237\n|-terastallize|p1a: Asia|Flying\n|move|p2b: Glitch|Protect|p2b: Glitch\n|-singleturn|p2b: Glitch|Protect\n|move|p1a: Asia|Brick Break|p2a: Glacius\n|-supereffective|p2a: Glacius\n|-crit|p2a: Glacius\n|-damage|p2a: Glacius|31\/100\n|move|p2a: Glacius|Icicle Crash|p1a: Asia\n|-supereffective|p1a: Asia\n|-damage|p1a: Asia|0 fnt\n|faint|p1a: Asia\n|-end|p1a: Asia|Protosynthesis|[silent]\n|move|p1b: Pelipper|U-turn|p2b: Glitch\n|-activate|p2b: Glitch|move: Protect\n|\n|-weather|RainDance|[upkeep]\n|upkeep\n|\n|t:|1682531253\n|switch|p1a: Palafin|Palafin-Hero, L50, F|100\/100\n|-activate|p1a: Palafin|ability: Zero to Hero\n|turn|3\n|\n|t:|1682531270\n|move|p1a: Palafin|Jet Punch|p2b: Glitch\n|-resisted|p2b: Glitch\n|-damage|p2b: Glitch|0 fnt\n|faint|p2b: Glitch\n|-end|p2b: Glitch|Quark Drive|[silent]\n|move|p2a: Glacius|Glaive Rush|p1a: Palafin\n|-damage|p1a: Palafin|28\/100\n|-singlemove|p2a: Glacius|Glaive Rush|[silent]\n|move|p1b: Pelipper|Hydro Pump|p2a: Glacius\n|-resisted|p2a: Glacius\n|-damage|p2a: Glacius|0 fnt\n|faint|p2a: Glacius\n|\n|-weather|RainDance|[upkeep]\n|upkeep\n|\n|t:|1682531284\n|switch|p2b: K-9|Arcanine, L50, M|100\/100\n|switch|p2a: Rouge|Flutter Mane, L50, shiny|100\/100\n|-ability|p2b: K-9|Intimidate|boost\n|-unboost|p1a: Palafin|atk|1\n|-unboost|p1b: Pelipper|atk|1\n|-enditem|p2a: Rouge|Booster Energy\n|-activate|p2a: Rouge|ability: Protosynthesis|[fromitem]\n|-start|p2a: Rouge|protosynthesisspe\n|turn|4\n|\n|t:|1682531300\n|-terastallize|p2a: Rouge|Steel\n|move|p1a: Palafin|Protect|p1a: Palafin\n|-singleturn|p1a: Palafin|Protect\n|move|p2b: K-9|Extreme Speed|p1a: Palafin\n|-activate|p1a: Palafin|move: Protect\n|move|p2a: Rouge|Dazzling Gleam|p1b: Pelipper|[spread] p1b\n|-activate|p1a: Palafin|move: Protect\n|-damage|p1b: Pelipper|47\/100\n|move|p1b: Pelipper|Hydro Pump|p2b: K-9|[miss]\n|-miss|p1b: Pelipper|p2b: K-9\n|\n|-weather|RainDance|[upkeep]\n|upkeep\n|turn|5\n|\n|t:|1682531325\n|move|p1b: Pelipper|Wide Guard|p1b: Pelipper\n|-singleturn|p1b: Pelipper|Wide Guard\n|move|p2b: K-9|Extreme Speed|p1a: Palafin\n|-damage|p1a: Palafin|0 fnt\n|faint|p1a: Palafin\n|move|p2a: Rouge|Shadow Ball|p1b: Pelipper\n|-damage|p1b: Pelipper|0 fnt\n|faint|p1b: Pelipper\n|\n|win|icedragonkid105\n|raw|pokedot777's rating: 1161 → 1135<\/strong> (-26 for losing)\n|raw|icedragonkid105's rating: 1142 → 1168<\/strong> (+26 for winning)\n|l|\u2606pokedot777\n","uploadtime":1682531339,"views":12,"p1id":"pokedot777","p2id":"icedragonkid105","formatid":"gen9vgc2023regulationc","rating":1135,"private":0,"password":""}