{"id":"gen9vgc2023regulationc-1860517015","p1":"OmniAhri","p2":"littensalt","format":"[Gen 9] VGC 2023 Regulation C","log":"|j|\u2606OmniAhri\n|j|\u2606littensalt\n|t:|1683650937\n|gametype|doubles\n|player|p1|OmniAhri|cynthia-masters|1189\n|player|p2|littensalt|hugh|1099\n|teamsize|p1|6\n|teamsize|p2|6\n|gen|9\n|tier|[Gen 9] VGC 2023 Regulation C\n|rated|\n|rule|Species Clause: Limit one of each Pok\u00e9mon\n|rule|Item Clause: Limit one of each item\n|clearpoke\n|poke|p1|Torkoal, L50, M|\n|poke|p1|Jumpluff, L50, F|\n|poke|p1|Flutter Mane, L50|\n|poke|p1|Great Tusk, L50|\n|poke|p1|Chien-Pao, L50|\n|poke|p1|Kingambit, L50, F|\n|poke|p2|Amoonguss, L50, F|\n|poke|p2|Palafin, L50, M|\n|poke|p2|Arcanine, L50, F|\n|poke|p2|Ting-Lu, L50|\n|poke|p2|Murkrow, L50, F|\n|poke|p2|Great Tusk, L50|\n|teampreview|4\n|\n|t:|1683650960\n|start\n|switch|p1a: Jumpluff|Jumpluff, L50, F|100\/100\n|switch|p1b: Torkoal|Torkoal, L50, M|100\/100\n|switch|p2a: Murkrow|Murkrow, L50, F|100\/100\n|switch|p2b: Palafin|Palafin, L50, M|100\/100\n|-weather|SunnyDay|[from] ability: Drought|[of] p1b: Torkoal\n|turn|1\n|\n|t:|1683650969\n|move|p2a: Murkrow|Tailwind|p2a: Murkrow\n|-sidestart|p2: littensalt|move: Tailwind\n|move|p1a: Jumpluff|Sleep Powder|p2b: Palafin\n|-status|p2b: Palafin|slp|[from] move: Sleep Powder\n|cant|p2b: Palafin|slp\n|move|p1b: Torkoal|Overheat|p2a: Murkrow\n|-damage|p2a: Murkrow|50\/100\n|-unboost|p1b: Torkoal|spa|2\n|-enditem|p1b: Torkoal|Eject Pack\n|\n|t:|1683650981\n|switch|p1b: Flutter Mane|Flutter Mane, L50|100\/100\n|-activate|p1b: Flutter Mane|ability: Protosynthesis\n|-start|p1b: Flutter Mane|protosynthesisspe\n|\n|-weather|SunnyDay|[upkeep]\n|upkeep\n|turn|2\n|\n|t:|1683651002\n|move|p1a: Jumpluff|Tailwind|p1a: Jumpluff\n|-sidestart|p1: OmniAhri|move: Tailwind\n|move|p1b: Flutter Mane|Dazzling Gleam|p2b: Palafin|[spread] p2a,p2b\n|-supereffective|p2a: Murkrow\n|-damage|p2a: Murkrow|0 fnt\n|-damage|p2b: Palafin|31\/100 slp\n|faint|p2a: Murkrow\n|cant|p2b: Palafin|slp\n|\n|-weather|SunnyDay|[upkeep]\n|upkeep\n|\n|t:|1683651007\n|switch|p2a: Arcanine|Arcanine, L50, F|100\/100\n|-ability|p2a: Arcanine|Intimidate|boost\n|-unboost|p1a: Jumpluff|atk|1\n|-unboost|p1b: Flutter Mane|atk|1\n|turn|3\n|\n|t:|1683651013\n|-curestatus|p2b: Palafin|slp|[msg]\n|move|p2b: Palafin|Protect|p2b: Palafin\n|-singleturn|p2b: Palafin|Protect\n|move|p1a: Jumpluff|Sleep Powder|p2a: Arcanine\n|-activate|p2a: Arcanine|item: Safety Goggles|Sleep Powder\n|move|p1b: Flutter Mane|Dazzling Gleam|p2b: Palafin|[spread] p2a\n|-activate|p2b: Palafin|move: Protect\n|-resisted|p2a: Arcanine\n|-damage|p2a: Arcanine|71\/100\n|move|p2a: Arcanine|Snarl|p1b: Flutter Mane|[spread] p1a,p1b\n|-damage|p1a: Jumpluff|91\/100\n|-damage|p1b: Flutter Mane|91\/100\n|-unboost|p1b: Flutter Mane|spa|1\n|\n|-weather|SunnyDay|[upkeep]\n|upkeep\n|turn|4\n|\n|t:|1683651032\n|move|p2b: Palafin|Jet Punch|p1a: Jumpluff\n|-resisted|p1a: Jumpluff\n|-damage|p1a: Jumpluff|83\/100\n|move|p1a: Jumpluff|Encore|p2b: Palafin\n|-start|p2b: Palafin|Encore\n|move|p1b: Flutter Mane|Dazzling Gleam|p2a: Arcanine|[spread] p2a,p2b\n|-resisted|p2a: Arcanine\n|-damage|p2a: Arcanine|50\/100\n|-damage|p2b: Palafin|0 fnt\n|faint|p2b: Palafin\n|move|p2a: Arcanine|Flare Blitz|p1a: Jumpluff\n|-supereffective|p1a: Jumpluff\n|-damage|p1a: Jumpluff|0 fnt\n|faint|p1a: Jumpluff\n|-damage|p2a: Arcanine|19\/100|[from] Recoil\n|\n|-weather|SunnyDay|[upkeep]\n|-sideend|p2: littensalt|move: Tailwind\n|upkeep\n|\n|t:|1683651041\n|switch|p1a: Torkoal|Torkoal, L50, M|100\/100\n|switch|p2b: Great Tusk|Great Tusk, L50|100\/100\n|-activate|p2b: Great Tusk|ability: Protosynthesis\n|-start|p2b: Great Tusk|protosynthesisatk\n|turn|5\n|\n|t:|1683651053\n|-terastallize|p2b: Great Tusk|Ground\n|move|p1a: Torkoal|Helping Hand|p1b: Flutter Mane\n|-singleturn|p1b: Flutter Mane|Helping Hand|[of] p1a: Torkoal\n|move|p1b: Flutter Mane|Dazzling Gleam|p2a: Arcanine|[spread] p2a,p2b\n|-resisted|p2a: Arcanine\n|-damage|p2a: Arcanine|0 fnt\n|-damage|p2b: Great Tusk|23\/100\n|faint|p2a: Arcanine\n|move|p2b: Great Tusk|Headlong Rush|p1a: Torkoal\n|-supereffective|p1a: Torkoal\n|-damage|p1a: Torkoal|0 fnt\n|-unboost|p2b: Great Tusk|def|1\n|-unboost|p2b: Great Tusk|spd|1\n|faint|p1a: Torkoal\n|-damage|p2b: Great Tusk|13\/100|[from] item: Life Orb\n|\n|-weather|none\n|-end|p1b: Flutter Mane|Protosynthesis\n|-end|p2b: Great Tusk|Protosynthesis\n|-sideend|p1: OmniAhri|move: Tailwind\n|upkeep\n|\n|t:|1683651059\n|switch|p1a: Chien-Pao|Chien-Pao, L50|100\/100\n|-ability|p1a: Chien-Pao|Sword of Ruin\n|turn|6\n|\n|t:|1683651064\n|move|p1a: Chien-Pao|Sucker Punch|p2b: Great Tusk\n|-damage|p2b: Great Tusk|0 fnt\n|faint|p2b: Great Tusk\n|-end|p2b: Great Tusk|Protosynthesis|[silent]\n|\n|win|OmniAhri\n|raw|OmniAhri's rating: 1189 → 1208<\/strong> (+19 for winning)\n|raw|littensalt's rating: 1099 → 1080<\/strong> (-19 for losing)\n","uploadtime":1683651069,"views":11,"p1id":"omniahri","p2id":"littensalt","formatid":"gen9vgc2023regulationc","rating":1080,"private":0,"password":""}