{"id":"gen9vgc2023regulationc-1858646754","p1":"arcaninesrules","p2":"LetterPackVGC","format":"[Gen 9] VGC 2023 Regulation C","log":"|j|\u2606arcaninesrules\n|j|\u2606LetterPackVGC\n|t:|1683336896\n|gametype|doubles\n|player|p1|arcaninesrules|266|1315\n|player|p2|LetterPackVGC|2|1290\n|teamsize|p1|6\n|teamsize|p2|6\n|gen|9\n|tier|[Gen 9] VGC 2023 Regulation C\n|rated|\n|rule|Species Clause: Limit one of each Pok\u00e9mon\n|rule|Item Clause: Limit one of each item\n|clearpoke\n|poke|p1|Chi-Yu, L50|\n|poke|p1|Flutter Mane, L50|\n|poke|p1|Chien-Pao, L50|\n|poke|p1|Gyarados, L50, F|\n|poke|p1|Amoonguss, L50, F|\n|poke|p1|Iron Hands, L50|\n|poke|p2|Pelipper, L50, M|\n|poke|p2|Dragonite, L50, M|\n|poke|p2|Palafin, L50, F|\n|poke|p2|Brute Bonnet, L50|\n|poke|p2|Flutter Mane, L50|\n|poke|p2|Drednaw, L50, M|\n|teampreview|4\narcaninesrules has agreed to open team sheets.\n|inactive|Battle timer is ON: inactive players will automatically lose when time's up. (requested by arcaninesrules)\n|\n|t:|1683336913\n|start\n|switch|p1a: Iron Hands|Iron Hands, L50|100\/100\n|switch|p1b: Gyarados|Gyarados, L50, F|100\/100\n|switch|p2a: Dragonite|Dragonite, L50, M|100\/100\n|switch|p2b: Palafin|Palafin, L50, F|100\/100\n|-ability|p1b: Gyarados|Intimidate|boost\n|-unboost|p2a: Dragonite|atk|1\n|-unboost|p2b: Palafin|atk|1\n|turn|1\n|j| zio1997\n|inactive|LetterPackVGC has 30 seconds left.\n|\n|t:|1683336945\n|move|p2b: Palafin|Protect|p2b: Palafin\n|-singleturn|p2b: Palafin|Protect\n|move|p2a: Dragonite|Protect|p2a: Dragonite\n|-singleturn|p2a: Dragonite|Protect\n|move|p1b: Gyarados|Dragon Dance|p1b: Gyarados\n|-boost|p1b: Gyarados|atk|1\n|-boost|p1b: Gyarados|spe|1\n|move|p1a: Iron Hands|Volt Switch|p2a: Dragonite\n|-activate|p2a: Dragonite|move: Protect\n|\n|upkeep\n|turn|2\n|l| zio1997\n|\n|t:|1683336967\n|detailschange|p2b: Palafin|Palafin-Hero, L50, F\n|switch|p2b: Pelipper|Pelipper, L50, M|100\/100\n|-weather|RainDance|[from] ability: Drizzle|[of] p2b: Pelipper\n|move|p1b: Gyarados|Taunt|p2a: Dragonite\n|-start|p2a: Dragonite|move: Taunt\n|cant|p2a: Dragonite|move: Taunt|Tailwind\n|move|p1a: Iron Hands|Volt Switch|p2b: Pelipper\n|-supereffective|p2b: Pelipper\n|-damage|p2b: Pelipper|28\/100\n|\n|t:|1683336974\n|-end|p1a: Iron Hands|Quark Drive|[silent]\n|switch|p1a: Flutter Mane|Flutter Mane, L50|100\/100|[from] Volt Switch\n|-enditem|p1a: Flutter Mane|Booster Energy\n|-activate|p1a: Flutter Mane|ability: Protosynthesis|[fromitem]\n|-start|p1a: Flutter Mane|protosynthesisspe\n|\n|-weather|RainDance|[upkeep]\n|upkeep\n|turn|3\n|inactive|arcaninesrules has 30 seconds left.\n|\n|t:|1683337007\n|-terastallize|p2a: Dragonite|Steel\n|move|p1a: Flutter Mane|Moonblast|p2a: Dragonite\n|-resisted|p2a: Dragonite\n|-crit|p2a: Dragonite\n|-damage|p2a: Dragonite|82\/100\n|-unboost|p2a: Dragonite|spa|1\n|move|p1b: Gyarados|Waterfall|p2b: Pelipper\n|-resisted|p2b: Pelipper\n|-crit|p2b: Pelipper\n|-damage|p2b: Pelipper|0 fnt\n|faint|p2b: Pelipper\n|move|p2a: Dragonite|Thunder|p1b: Gyarados\n|-supereffective|p1b: Gyarados\n|-damage|p1b: Gyarados|8\/100\n|\n|-weather|RainDance|[upkeep]\n|upkeep\n|\n|t:|1683337018\n|switch|p2b: Palafin|Palafin-Hero, L50, F|100\/100\n|-activate|p2b: Palafin|ability: Zero to Hero\n|turn|4\n|\n|t:|1683337026\n|switch|p1b: Amoonguss|Amoonguss, L50, F|100\/100\n|move|p1a: Flutter Mane|Protect|p1a: Flutter Mane\n|-singleturn|p1a: Flutter Mane|Protect\n|move|p2b: Palafin|Jet Punch|p1a: Flutter Mane\n|-activate|p1a: Flutter Mane|move: Protect\n|move|p2a: Dragonite|Hurricane|p1b: Amoonguss\n|-supereffective|p1b: Amoonguss\n|-damage|p1b: Amoonguss|37\/100\n|-start|p1b: Amoonguss|confusion\n|\n|-weather|RainDance|[upkeep]\n|-heal|p1b: Amoonguss|43\/100|[from] item: Leftovers\n|-end|p2a: Dragonite|move: Taunt\n|upkeep\n|turn|5\n|\n|t:|1683337044\n|switch|p1b: Gyarados|Gyarados, L50, F|8\/100\n|-ability|p1b: Gyarados|Intimidate|boost\n|-unboost|p2a: Dragonite|atk|1\n|-unboost|p2b: Palafin|atk|1\n|move|p1a: Flutter Mane|Thunderbolt|p2b: Palafin\n|-supereffective|p2b: Palafin\n|-damage|p2b: Palafin|35\/100\n|move|p2b: Palafin|Wave Crash|p1b: Gyarados\n|-resisted|p1b: Gyarados\n|-damage|p1b: Gyarados|0 fnt\n|faint|p1b: Gyarados\n|-damage|p2b: Palafin|32\/100|[from] Recoil\n|move|p2a: Dragonite|Tailwind|p2a: Dragonite\n|-sidestart|p2: LetterPackVGC|move: Tailwind\n|\n|-weather|RainDance|[upkeep]\n|upkeep\n|\n|t:|1683337055\n|switch|p1b: Iron Hands|Iron Hands, L50|100\/100\n|turn|6\n|\n|t:|1683337073\n|switch|p2b: Flutter Mane|Flutter Mane, L50|100\/100\n|move|p1a: Flutter Mane|Shadow Ball|p2b: Flutter Mane\n|-supereffective|p2b: Flutter Mane\n|-damage|p2b: Flutter Mane|23\/100\n|move|p2a: Dragonite|Hurricane|p1a: Flutter Mane\n|-crit|p1a: Flutter Mane\n|-damage|p1a: Flutter Mane|19\/100\n|-start|p1a: Flutter Mane|confusion\n|move|p1b: Iron Hands|Drain Punch|p2a: Dragonite\n|-supereffective|p2a: Dragonite\n|-damage|p2a: Dragonite|0 fnt\n|-damage|p1b: Iron Hands|84\/100|[from] item: Rocky Helmet|[of] p2a: Dragonite\n|faint|p2a: Dragonite\n|\n|-weather|none\n|upkeep\n|\n|t:|1683337081\n|switch|p2a: Palafin|Palafin-Hero, L50, F|32\/100\n|turn|7\n|\n|t:|1683337097\n|-activate|p1a: Flutter Mane|confusion\n|move|p1a: Flutter Mane|Protect|p1a: Flutter Mane\n|-singleturn|p1a: Flutter Mane|Protect\n|move|p2a: Palafin|Jet Punch|p1b: Iron Hands\n|-damage|p1b: Iron Hands|52\/100\n|move|p2b: Flutter Mane|Moonblast|p1b: Iron Hands\n|-supereffective|p1b: Iron Hands\n|-damage|p1b: Iron Hands|0 fnt\n|faint|p1b: Iron Hands\n|-end|p1b: Iron Hands|Quark Drive|[silent]\n|\n|upkeep\n|\n|t:|1683337106\n|switch|p1b: Amoonguss|Amoonguss, L50, F|76\/100\n|turn|8\n|\n|t:|1683337114\n|move|p1b: Amoonguss|Rage Powder|p1b: Amoonguss\n|-singleturn|p1b: Amoonguss|move: Rage Powder\n|move|p2b: Flutter Mane|Moonblast|p1b: Amoonguss\n|-resisted|p1b: Amoonguss\n|-damage|p1b: Amoonguss|42\/100\n|-unboost|p1b: Amoonguss|spa|1\n|-activate|p1a: Flutter Mane|confusion\n|-damage|p1a: Flutter Mane|10\/100|[from] confusion\n|move|p2a: Palafin|Wave Crash|p1b: Amoonguss\n|-resisted|p1b: Amoonguss\n|-damage|p1b: Amoonguss|8\/100\n|-damage|p2a: Palafin|20\/100|[from] Recoil\n|\n|-heal|p1b: Amoonguss|14\/100|[from] item: Leftovers\n|-sideend|p2: LetterPackVGC|move: Tailwind\n|upkeep\n|turn|9\n|\n|t:|1683337133\n|move|p1b: Amoonguss|Rage Powder|p1b: Amoonguss\n|-singleturn|p1b: Amoonguss|move: Rage Powder\n|move|p2a: Palafin|Jet Punch|p1b: Amoonguss\n|-resisted|p1b: Amoonguss\n|-damage|p1b: Amoonguss|0 fnt\n|faint|p1b: Amoonguss\n|-activate|p1a: Flutter Mane|confusion\n|move|p1a: Flutter Mane|Shadow Ball|p2b: Flutter Mane\n|-supereffective|p2b: Flutter Mane\n|-damage|p2b: Flutter Mane|0 fnt\n|faint|p2b: Flutter Mane\n|-end|p2b: Flutter Mane|Protosynthesis|[silent]\n|\n|upkeep\n|turn|10\n|c|\u2606arcaninesrules|gg\n|-message|arcaninesrules forfeited.\n|\n|win|LetterPackVGC\n|raw|arcaninesrules's rating: 1315 → 1294<\/strong> (-21 for losing)\n|raw|LetterPackVGC's rating: 1290 → 1317<\/strong> (+27 for winning)\n|l|\u2606LetterPackVGC\n","uploadtime":1683337149,"views":10,"p1id":"arcaninesrules","p2id":"letterpackvgc","formatid":"gen9vgc2023regulationc","rating":1294,"private":0,"password":""}