{"id":"gen9vgc2023regulationc-1846731327","p1":"spoolingus","p2":"Argyris","format":"[Gen 9] VGC 2023 Regulation C","log":"|j|\u2606spoolingus\n|j|\u2606Argyris\n|t:|1681871325\n|gametype|doubles\n|player|p1|spoolingus|102|1085\n|player|p2|Argyris|lass-gen4|1155\n|teamsize|p1|6\n|teamsize|p2|6\n|gen|9\n|tier|[Gen 9] VGC 2023 Regulation C\n|rated|\n|rule|Species Clause: Limit one of each Pok\u00e9mon\n|rule|Item Clause: Limit one of each item\n|clearpoke\n|poke|p1|Annihilape, L50, M|\n|poke|p1|Clodsire, L50, M|\n|poke|p1|Pelipper, L50, F|\n|poke|p1|Hydreigon, L50, F|\n|poke|p1|Armarouge, L50, M|\n|poke|p1|Indeedee-F, L50, F|\n|poke|p2|Tatsugiri, L50, F|\n|poke|p2|Glimmora, L50, F|\n|poke|p2|Dragonite, L50, F|\n|poke|p2|Iron Bundle, L50|\n|poke|p2|Dondozo, L50, M|\n|poke|p2|Chi-Yu, L50|\n|teampreview|4\nArgyris has agreed to open team sheets.\nspoolingus has agreed to open team sheets.\n|\n|t:|1681871409\n|start\n|switch|p1a: Pelipper|Pelipper, L50, F|100\/100\n|switch|p1b: Clodsire|Clodsire, L50, M|100\/100\n|switch|p2a: Chi-Yu|Chi-Yu, L50|100\/100\n|switch|p2b: Iron Bundle|Iron Bundle, L50|100\/100\n|-ability|p2a: Chi-Yu|Beads of Ruin\n|-weather|RainDance|[from] ability: Drizzle|[of] p1a: Pelipper\n|-enditem|p2b: Iron Bundle|Booster Energy\n|-activate|p2b: Iron Bundle|ability: Quark Drive|[fromitem]\n|-start|p2b: Iron Bundle|quarkdrivespe\n|turn|1\n|\n|t:|1681871436\n|-terastallize|p1b: Clodsire|Poison\n|move|p1a: Pelipper|Helping Hand|p1b: Clodsire\n|-singleturn|p1b: Clodsire|Helping Hand|[of] p1a: Pelipper\n|move|p2b: Iron Bundle|Freeze-Dry|p1a: Pelipper\n|-supereffective|p1a: Pelipper\n|-damage|p1a: Pelipper|0 fnt\n|faint|p1a: Pelipper\n|move|p2a: Chi-Yu|Dark Pulse|p1b: Clodsire\n|-damage|p1b: Clodsire|62\/100\n|move|p1b: Clodsire|Earthquake|p2b: Iron Bundle|[spread] p2a,p2b\n|-supereffective|p2a: Chi-Yu\n|-damage|p2a: Chi-Yu|4\/100\n|-damage|p2b: Iron Bundle|64\/100\n|\n|-weather|RainDance|[upkeep]\n|-heal|p1b: Clodsire|68\/100|[from] item: Black Sludge\n|upkeep\n|\n|t:|1681871453\n|switch|p1a: Indeedee|Indeedee-F, L50, F|100\/100\n|-fieldstart|move: Psychic Terrain|[from] ability: Psychic Surge|[of] p1a: Indeedee\n|turn|2\n|\n|t:|1681871464\n|move|p2b: Iron Bundle|Freeze-Dry|p1b: Clodsire\n|-damage|p1b: Clodsire|40\/100\n|move|p2a: Chi-Yu|Dark Pulse|p1a: Indeedee\n|-supereffective|p1a: Indeedee\n|-damage|p1a: Indeedee|21\/100\n|move|p1b: Clodsire|Curse|p1b: Clodsire\n|-unboost|p1b: Clodsire|spe|1\n|-boost|p1b: Clodsire|atk|1\n|-boost|p1b: Clodsire|def|1\n|cant|p1a: Indeedee|flinch\n|\n|-weather|RainDance|[upkeep]\n|-heal|p1b: Clodsire|46\/100|[from] item: Black Sludge\n|upkeep\n|turn|3\n|\n|t:|1681871490\n|move|p1a: Indeedee|Protect|p1a: Indeedee\n|-singleturn|p1a: Indeedee|Protect\n|move|p2b: Iron Bundle|Icy Wind|p1b: Clodsire|[spread] p1b\n|-activate|p1a: Indeedee|move: Protect\n|-damage|p1b: Clodsire|29\/100\n|-unboost|p1b: Clodsire|spe|1\n|move|p2a: Chi-Yu|Heat Wave|p1b: Clodsire|[spread] p1b\n|-activate|p1a: Indeedee|move: Protect\n|-damage|p1b: Clodsire|13\/100\n|move|p1b: Clodsire|Earthquake|p2a: Chi-Yu|[spread] p2a,p2b\n|-activate|p1a: Indeedee|move: Protect\n|-supereffective|p2a: Chi-Yu\n|-damage|p2a: Chi-Yu|0 fnt\n|-damage|p2b: Iron Bundle|26\/100\n|faint|p2a: Chi-Yu\n|\n|-weather|RainDance|[upkeep]\n|-heal|p1b: Clodsire|19\/100|[from] item: Black Sludge\n|upkeep\n|\n|t:|1681871508\n|switch|p2a: Tatsugiri|Tatsugiri, L50, F|100\/100\n|turn|4\n|\n|t:|1681871523\n|move|p1a: Indeedee|Follow Me|p1a: Indeedee\n|-singleturn|p1a: Indeedee|move: Follow Me\n|move|p2b: Iron Bundle|Freeze-Dry|p1a: Indeedee\n|-damage|p1a: Indeedee|0 fnt\n|faint|p1a: Indeedee\n|move|p2a: Tatsugiri|Draco Meteor|p1b: Clodsire\n|-damage|p1b: Clodsire|0 fnt\n|-unboost|p2a: Tatsugiri|spa|2\n|faint|p1b: Clodsire\n|\n|-weather|RainDance|[upkeep]\n|upkeep\n|\n|t:|1681871541\n|switch|p1a: Annihilape|Annihilape, L50, M|100\/100\n|turn|5\n|\n|t:|1681871566\n|switch|p2a: Dondozo|Dondozo, L50, M|100\/100\n|move|p2b: Iron Bundle|Hydro Pump|p1a: Annihilape\n|-damage|p1a: Annihilape|52\/100\n|move|p1a: Annihilape|Rage Fist|p2a: Dondozo\n|-damage|p2a: Dondozo|73\/100\n|\n|-weather|RainDance|[upkeep]\n|-heal|p1a: Annihilape|58\/100|[from] item: Leftovers\n|-heal|p2a: Dondozo|79\/100|[from] item: Leftovers\n|upkeep\n|turn|6\n|\n|t:|1681871579\n|-end|p2b: Iron Bundle|Quark Drive|[silent]\n|switch|p2b: Tatsugiri|Tatsugiri, L50, F|100\/100\n|-activate|p2b: Tatsugiri|ability: Commander|[of] p2a: Dondozo\n|-boost|p2a: Dondozo|atk|2\n|-boost|p2a: Dondozo|spa|2\n|-boost|p2a: Dondozo|spe|2\n|-boost|p2a: Dondozo|def|2\n|-boost|p2a: Dondozo|spd|2\n|move|p2a: Dondozo|Wave Crash|p1a: Annihilape\n|-damage|p1a: Annihilape|0 fnt\n|faint|p1a: Annihilape\n|-damage|p2a: Dondozo|62\/100|[from] Recoil\n|\n|win|Argyris\n|raw|spoolingus's rating: 1085 → 1067<\/strong> (-18 for losing)\n|raw|Argyris's rating: 1155 → 1175<\/strong> (+20 for winning)\n|c|\u2606Argyris|gg\n|l|\u2606spoolingus\n","uploadtime":1681871599,"views":12,"p1id":"spoolingus","p2id":"argyris","formatid":"gen9vgc2023regulationc","rating":1067,"private":0,"password":""}