{"id":"gen9vgc2023regulationc-1856920917","p1":"lucasliraf","p2":"stale_tortilla1","format":"[Gen 9] VGC 2023 Regulation C","log":"|j|\u2606lucasliraf\n|j|\u2606stale_tortilla1\n|t:|1683125908\n|gametype|doubles\n|player|p1|lucasliraf|101|1000\n|player|p2|stale_tortilla1|shauntal|1087\n|teamsize|p1|6\n|teamsize|p2|6\n|gen|9\n|tier|[Gen 9] VGC 2023 Regulation C\n|rated|\n|rule|Species Clause: Limit one of each Pok\u00e9mon\n|rule|Item Clause: Limit one of each item\n|clearpoke\n|poke|p1|Iron Hands, L50|\n|poke|p1|Sableye, L50, M|\n|poke|p1|Espeon, L50, M|\n|poke|p1|Iron Moth, L50|\n|poke|p1|Bisharp, L50, M|\n|poke|p1|Palafin, L50, M|\n|poke|p2|Amoonguss, L50, F|\n|poke|p2|Braviary, L50, M|\n|poke|p2|Flutter Mane, L50|\n|poke|p2|Kingambit, L50, F|\n|poke|p2|Great Tusk, L50|\n|poke|p2|Palafin, L50, M|\n|teampreview|4\nlucasliraf rejected open team sheets.\n|\n|t:|1683125928\n|start\n|switch|p1a: Palafin|Palafin, L50, M|100\/100\n|switch|p1b: Sableye|Sableye, L50, M|100\/100\n|switch|p2a: Amoonguss|Amoonguss, L50, F|100\/100\n|switch|p2b: Palafin|Palafin, L50, M|100\/100\n|turn|1\n|\n|t:|1683125961\n|detailschange|p1a: Palafin|Palafin-Hero, L50, M\n|switch|p1a: Iron Hands|Iron Hands, L50|100\/100\n|-terastallize|p2b: Palafin|Water\n|move|p1b: Sableye|Reflect|p1b: Sableye\n|-sidestart|p1: lucasliraf|Reflect\n|move|p2b: Palafin|Wave Crash|p1b: Sableye\n|-damage|p1b: Sableye|26\/100\n|-damage|p2b: Palafin|81\/100|[from] Recoil\n|move|p2a: Amoonguss|Spore|p1a: Iron Hands\n|-status|p1a: Iron Hands|slp|[from] move: Spore\n|\n|upkeep\n|turn|2\n|\n|t:|1683125983\n|detailschange|p2b: Palafin|Palafin-Hero, L50, M, tera:Water\n|switch|p2b: Flutter Mane|Flutter Mane, L50|100\/100\n|-enditem|p2b: Flutter Mane|Booster Energy\n|-activate|p2b: Flutter Mane|ability: Protosynthesis|[fromitem]\n|-start|p2b: Flutter Mane|protosynthesisspa\n|move|p1b: Sableye|Disable||[still]\n|-fail|p1b: Sableye\n|cant|p1a: Iron Hands|slp\n|move|p2a: Amoonguss|Pollen Puff|p1b: Sableye\n|-damage|p1b: Sableye|6\/100\n|\n|upkeep\n|turn|3\n|\n|t:|1683126003\n|move|p2a: Amoonguss|Protect|p2a: Amoonguss\n|-singleturn|p2a: Amoonguss|Protect\n|move|p1b: Sableye|Light Screen|p1b: Sableye\n|-sidestart|p1: lucasliraf|move: Light Screen\n|move|p2b: Flutter Mane|Dazzling Gleam|p1b: Sableye|[spread] p1a,p1b\n|-supereffective|p1a: Iron Hands\n|-supereffective|p1b: Sableye\n|-damage|p1a: Iron Hands|55\/100 slp\n|-damage|p1b: Sableye|0 fnt\n|faint|p1b: Sableye\n|-curestatus|p1a: Iron Hands|slp|[msg]\n|move|p1a: Iron Hands|Electric Terrain|p1a: Iron Hands\n|-fieldstart|move: Electric Terrain\n|-activate|p1a: Iron Hands|ability: Quark Drive\n|-start|p1a: Iron Hands|quarkdriveatk\n|\n|upkeep\n|\n|t:|1683126025\n|switch|p1b: Iron Moth|Iron Moth, L50, shiny|100\/100\n|-activate|p1b: Iron Moth|ability: Quark Drive\n|-start|p1b: Iron Moth|quarkdrivespa\n|turn|4\n|\n|t:|1683126055\n|move|p1a: Iron Hands|Protect|p1a: Iron Hands\n|-singleturn|p1a: Iron Hands|Protect\n|move|p2a: Amoonguss|Protect|p2a: Amoonguss\n|-singleturn|p2a: Amoonguss|Protect\n|move|p1b: Iron Moth|Sludge Wave|p2b: Flutter Mane|[spread] p2b\n|-activate|p1a: Iron Hands|move: Protect\n|-activate|p2a: Amoonguss|move: Protect\n|-damage|p2b: Flutter Mane|58\/100\n|move|p2b: Flutter Mane|Thunderbolt|p1b: Iron Moth\n|-damage|p1b: Iron Moth|68\/100\n|\n|upkeep\n|turn|5\n|\n|t:|1683126092\n|move|p1b: Iron Moth|Fiery Dance|p2a: Amoonguss\n|-supereffective|p2a: Amoonguss\n|-damage|p2a: Amoonguss|0 fnt\n|-boost|p1b: Iron Moth|spa|1\n|faint|p2a: Amoonguss\n|move|p2b: Flutter Mane|Dazzling Gleam|p1a: Iron Hands|[spread] p1a,p1b\n|-supereffective|p1a: Iron Hands\n|-resisted|p1b: Iron Moth\n|-damage|p1a: Iron Hands|11\/100\n|-damage|p1b: Iron Moth|62\/100\n|move|p1a: Iron Hands|Volt Switch|p2b: Flutter Mane\n|-damage|p2b: Flutter Mane|42\/100\n|\n|t:|1683126104\n|-end|p1a: Iron Hands|Quark Drive|[silent]\n|switch|p1a: Palafin|Palafin-Hero, L50, M|100\/100|[from] Volt Switch\n|-activate|p1a: Palafin|ability: Zero to Hero\n|\n|upkeep\n|\n|t:|1683126110\n|switch|p2a: Kingambit|Kingambit, L50, F|100\/100\n|-activate|p2a: Kingambit|ability: Supreme Overlord\n|-start|p2a: Kingambit|fallen1|[silent]\n|turn|6\n|\n|t:|1683126130\n|move|p2a: Kingambit|Sucker Punch|p1b: Iron Moth\n|-damage|p1b: Iron Moth|13\/100\n|move|p1b: Iron Moth|Dazzling Gleam|p2b: Flutter Mane|[spread] p2a,p2b\n|-damage|p2a: Kingambit|71\/100\n|-damage|p2b: Flutter Mane|7\/100\n|move|p2b: Flutter Mane|Dazzling Gleam|p1a: Palafin|[spread] p1a,p1b\n|-resisted|p1b: Iron Moth\n|-damage|p1a: Palafin|76\/100\n|-damage|p1b: Iron Moth|7\/100\n|move|p1a: Palafin|Drain Punch|p2a: Kingambit\n|-supereffective|p2a: Kingambit\n|-damage|p2a: Kingambit|0 fnt\n|-heal|p1a: Palafin|100\/100|[from] drain|[of] p2a: Kingambit\n|faint|p2a: Kingambit\n|-end|p2a: Kingambit|fallen1|[silent]\n|\n|upkeep\n|\n|t:|1683126146\n|switch|p2a: Palafin|Palafin-Hero, L50, M, tera:Water|81\/100\n|-activate|p2a: Palafin|ability: Zero to Hero\n|turn|7\n|\n|t:|1683126158\n|-terastallize|p1a: Palafin|Water\n|move|p2b: Flutter Mane|Protect|p2b: Flutter Mane\n|-singleturn|p2b: Flutter Mane|Protect\n|move|p2a: Palafin|Protect|p2a: Palafin\n|-singleturn|p2a: Palafin|Protect\n|move|p1a: Palafin|Jet Punch|p2b: Flutter Mane\n|-activate|p2b: Flutter Mane|move: Protect\n|move|p1b: Iron Moth|Energy Ball|p2a: Palafin\n|-activate|p2a: Palafin|move: Protect\n|\n|upkeep\n|turn|8\n|\n|t:|1683126191\n|move|p1a: Palafin|Jet Punch|p2b: Flutter Mane\n|-damage|p2b: Flutter Mane|0 fnt\n|faint|p2b: Flutter Mane\n|-end|p2b: Flutter Mane|Protosynthesis|[silent]\n|move|p1b: Iron Moth|Energy Ball|p2a: Palafin\n|-supereffective|p2a: Palafin\n|-damage|p2a: Palafin|0 fnt\n|faint|p2a: Palafin\n|\n|win|lucasliraf\n|raw|lucasliraf's rating: 1000 → 1050<\/strong> (+50 for winning)\n|raw|stale_tortilla1's rating: 1087 → 1058<\/strong> (-29 for losing)\n|l|\u2606stale_tortilla1\n","uploadtime":1683126224,"views":8,"p1id":"lucasliraf","p2id":"staletortilla1","formatid":"gen9vgc2023regulationc","rating":1050,"private":0,"password":""}