{"id":"gen9vgc2023regulationc-1844958244","p1":"TMM_Shadow","p2":"MothmansBiggestFan","format":"[Gen 9] VGC 2023 Regulation C","log":"|j|\u2606TMM_Shadow\n|j|\u2606MothmansBiggestFan\n|t:|1681668186\n|gametype|doubles\n|player|p1|TMM_Shadow|266|1144\n|player|p2|MothmansBiggestFan|medium|1195\n|teamsize|p1|6\n|teamsize|p2|6\n|gen|9\n|tier|[Gen 9] VGC 2023 Regulation C\n|rated|\n|rule|Species Clause: Limit one of each Pok\u00e9mon\n|rule|Item Clause: Limit one of each item\n|clearpoke\n|poke|p1|Arcanine, L50, M|\n|poke|p1|Ting-Lu, L50|\n|poke|p1|Amoonguss, L50, M|\n|poke|p1|Palafin, L50, F|\n|poke|p1|Dragapult, L50, M|\n|poke|p1|Annihilape, L50, F|\n|poke|p2|Goodra, L50, M|\n|poke|p2|Grimmsnarl, L50, M|\n|poke|p2|Corviknight, L50, F|\n|poke|p2|Pelipper, L50, M|\n|poke|p2|Wo-Chien, L50|\n|poke|p2|Sandy Shocks, L50|\n|teampreview|4\n|\n|t:|1681668232\n|start\n|switch|p1a: Arcanine|Arcanine, L50, M|100\/100\n|switch|p1b: Annihilape|Annihilape, L50, F|100\/100\n|switch|p2a: Harry|Grimmsnarl, L50, M|100\/100\n|switch|p2b: Friend :)|Corviknight, L50, F|100\/100\n|-ability|p1a: Arcanine|Intimidate|boost\n|-unboost|p2a: Harry|atk|1\n|-ability|p2b: Friend :)|Mirror Armor\n|-unboost|p1a: Arcanine|atk|1\n|turn|1\n|\n|t:|1681668253\n|-terastallize|p1b: Annihilape|Water\n|move|p2a: Harry|Thunder Wave|p1b: Annihilape\n|-status|p1b: Annihilape|par\n|move|p1a: Arcanine|Howl|p1a: Arcanine|[spread] p1a,p1b\n|-boost|p1a: Arcanine|atk|1\n|-boost|p1b: Annihilape|atk|1\n|move|p2b: Friend :)|Bulk Up|p2b: Friend :)\n|-boost|p2b: Friend :)|atk|1\n|-boost|p2b: Friend :)|def|1\n|cant|p1b: Annihilape|par\n|\n|upkeep\n|turn|2\n|\n|t:|1681668272\n|switch|p1a: Ting-Lu|Ting-Lu, L50|100\/100\n|-ability|p1a: Ting-Lu|Vessel of Ruin\n|move|p2a: Harry|Reflect|p2a: Harry\n|-sidestart|p2: MothmansBiggestFan|Reflect\n|move|p2b: Friend :)|Bulk Up|p2b: Friend :)\n|-boost|p2b: Friend :)|atk|1\n|-boost|p2b: Friend :)|def|1\n|move|p1b: Annihilape|Bulk Up|p1b: Annihilape\n|-boost|p1b: Annihilape|atk|1\n|-boost|p1b: Annihilape|def|1\n|\n|upkeep\n|turn|3\n|\n|t:|1681668288\n|move|p2b: Friend :)|Brave Bird|p1b: Annihilape\n|-damage|p1b: Annihilape|55\/100 par\n|-damage|p2b: Friend :)|86\/100|[from] Recoil\n|move|p2a: Harry|Spirit Break|p1b: Annihilape\n|-damage|p1b: Annihilape|41\/100 par\n|-unboost|p1b: Annihilape|spa|1\n|-ability|p1b: Annihilape|Defiant|boost\n|-boost|p1b: Annihilape|atk|2\n|move|p1a: Ting-Lu|Ruination|p2b: Friend :)\n|-damage|p2b: Friend :)|43\/100\n|cant|p1b: Annihilape|par\n|\n|-heal|p1b: Annihilape|47\/100 par|[from] item: Leftovers\n|upkeep\n|turn|4\n|\n|t:|1681668307\n|move|p2b: Friend :)|Brave Bird|p1b: Annihilape\n|-damage|p1b: Annihilape|5\/100 par\n|-damage|p2b: Friend :)|30\/100|[from] Recoil\n|move|p2a: Harry|Spirit Break|p1b: Annihilape\n|-damage|p1b: Annihilape|0 fnt\n|faint|p1b: Annihilape\n|move|p1a: Ting-Lu|Heavy Slam|p2a: Harry\n|-supereffective|p2a: Harry\n|-damage|p2a: Harry|49\/100\n|\n|upkeep\n|\n|t:|1681668314\n|switch|p1b: Arcanine|Arcanine, L50, M|100\/100\n|-ability|p1b: Arcanine|Intimidate|boost\n|-unboost|p2a: Harry|atk|1\n|-ability|p2b: Friend :)|Mirror Armor\n|-unboost|p1b: Arcanine|atk|1\n|turn|5\n|\n|t:|1681668330\n|move|p2b: Friend :)|Protect|p2b: Friend :)\n|-singleturn|p2b: Friend :)|Protect\n|move|p2a: Harry|Thunder Wave|p1b: Arcanine\n|-status|p1b: Arcanine|par\n|move|p1a: Ting-Lu|Heavy Slam|p2a: Harry\n|-supereffective|p2a: Harry\n|-damage|p2a: Harry|0 fnt\n|faint|p2a: Harry\n|move|p1b: Arcanine|Flare Blitz|p2b: Friend :)\n|-activate|p2b: Friend :)|move: Protect\n|\n|upkeep\n|\n|t:|1681668342\n|switch|p2a: Gulp|Pelipper, L50, M|100\/100\n|-weather|RainDance|[from] ability: Drizzle|[of] p2a: Gulp\n|turn|6\n|\n|t:|1681668353\n|move|p2b: Friend :)|Roost|p2b: Friend :)\n|-heal|p2b: Friend :)|80\/100\n|-singleturn|p2b: Friend :)|move: Roost\n|move|p2a: Gulp|Hydro Pump|p1b: Arcanine\n|-supereffective|p1b: Arcanine\n|-damage|p1b: Arcanine|23\/100 par\n|move|p1a: Ting-Lu|Fissure|p2b: Friend :)|[miss]\n|-miss|p1a: Ting-Lu|p2b: Friend :)\n|cant|p1b: Arcanine|par\n|\n|-weather|RainDance|[upkeep]\n|upkeep\n|turn|7\n|\n|t:|1681668373\n|move|p1b: Arcanine|Extreme Speed|p2a: Gulp\n|-damage|p2a: Gulp|93\/100\n|move|p2b: Friend :)|Bulk Up|p2b: Friend :)\n|-boost|p2b: Friend :)|atk|1\n|-boost|p2b: Friend :)|def|1\n|move|p2a: Gulp|Hurricane|p1b: Arcanine\n|-damage|p1b: Arcanine|0 fnt\n|faint|p1b: Arcanine\n|move|p1a: Ting-Lu|Ruination|p2b: Friend :)\n|-damage|p2b: Friend :)|40\/100\n|\n|-weather|RainDance|[upkeep]\n|upkeep\n|\n|t:|1681668376\n|switch|p1b: Amoonguss|Amoonguss, L50, M|100\/100\n|turn|8\n|\n|t:|1681668391\n|move|p2b: Friend :)|Roost|p2b: Friend :)\n|-heal|p2b: Friend :)|91\/100\n|-singleturn|p2b: Friend :)|move: Roost\n|move|p2a: Gulp|Hydro Pump|p1a: Ting-Lu\n|-supereffective|p1a: Ting-Lu\n|-damage|p1a: Ting-Lu|61\/100\n|move|p1a: Ting-Lu|Fissure|p2b: Friend :)|[miss]\n|-miss|p1a: Ting-Lu|p2b: Friend :)\n|move|p1b: Amoonguss|Spore|p2b: Friend :)\n|-activate|p2b: Friend :)|item: Safety Goggles|Spore\n|\n|-weather|RainDance|[upkeep]\n|upkeep\n|turn|9\n|\n|t:|1681668405\n|move|p2b: Friend :)|Brave Bird|p1a: Ting-Lu\n|-damage|p1a: Ting-Lu|16\/100\n|-damage|p2b: Friend :)|72\/100|[from] Recoil\n|move|p2a: Gulp|Hydro Pump|p1a: Ting-Lu|[miss]\n|-miss|p2a: Gulp|p1a: Ting-Lu\n|move|p1a: Ting-Lu|Ruination|p2b: Friend :)\n|-damage|p2b: Friend :)|36\/100\n|move|p1b: Amoonguss|Spore|p2a: Gulp\n|-status|p2a: Gulp|slp|[from] move: Spore\n|\n|-weather|RainDance|[upkeep]\n|-sideend|p2: MothmansBiggestFan|Reflect\n|upkeep\n|turn|10\n|\n|t:|1681668422\n|cant|p2a: Gulp|slp\n|move|p2b: Friend :)|Brave Bird|p1a: Ting-Lu\n|-damage|p1a: Ting-Lu|0 fnt\n|faint|p1a: Ting-Lu\n|-damage|p2b: Friend :)|30\/100|[from] Recoil\n|move|p1b: Amoonguss|Pollen Puff|p1: Ting-Lu|[notarget]\n|-fail|p1b: Amoonguss\n|\n|-weather|none\n|upkeep\n|turn|11\n|-message|TMM_Shadow forfeited.\n|\n|win|MothmansBiggestFan\n|raw|TMM_Shadow's rating: 1144 → 1123<\/strong> (-21 for losing)\n|raw|MothmansBiggestFan's rating: 1195 → 1216<\/strong> (+21 for winning)\n|l|\u2606TMM_Shadow\n","uploadtime":1681668703,"views":8,"p1id":"tmmshadow","p2id":"mothmansbiggestfan","formatid":"gen9vgc2023regulationc","rating":1123,"private":0,"password":""}