{"id":"gen9vgc2023regulationc-1845265474","p1":"Sumo'sWeenusVGC","p2":"Arthur2603","format":"[Gen 9] VGC 2023 Regulation C","log":"|j|\u2606Sumo'sWeenusVGC\n|j|\u2606Arthur2603\n|t:|1681704402\n|gametype|doubles\n|player|p1|Sumo'sWeenusVGC|colress|1153\n|player|p2|Arthur2603|102|1063\n|teamsize|p1|6\n|teamsize|p2|6\n|gen|9\n|tier|[Gen 9] VGC 2023 Regulation C\n|rated|\n|rule|Species Clause: Limit one of each Pok\u00e9mon\n|rule|Item Clause: Limit one of each item\n|clearpoke\n|poke|p1|Ting-Lu, L50|\n|poke|p1|Wo-Chien, L50|\n|poke|p1|Flutter Mane, L50|\n|poke|p1|Glimmora, L50, F|\n|poke|p1|Palafin, L50, F|\n|poke|p1|Arcanine, L50, M|\n|poke|p2|Oranguru, L50, M|\n|poke|p2|Florges, L50, F|\n|poke|p2|Noivern, L50, M|\n|poke|p2|Flutter Mane, L50|\n|poke|p2|Indeedee-F, L50, F|\n|poke|p2|Armarouge, L50, F|\n|teampreview|4\n|inactive|Battle timer is ON: inactive players will automatically lose when time's up. (requested by Sumo'sWeenusVGC)\nSumo'sWeenusVGC has agreed to open team sheets.\nArthur2603 has agreed to open team sheets.\n|inactive|Sumo'sWeenusVGC has 60 seconds left.\n|inactive|Sumo'sWeenusVGC has 30 seconds left.\n|\n|t:|1681704470\n|start\n|switch|p1a: Ting-Lu|Ting-Lu, L50|100\/100\n|switch|p1b: Glimmora|Glimmora, L50, F, shiny|100\/100\n|switch|p2a: Florges|Florges, L50, F|100\/100\n|switch|p2b: Flutter Mane|Flutter Mane, L50|100\/100\n|-ability|p1a: Ting-Lu|Vessel of Ruin\n|-enditem|p2b: Flutter Mane|Booster Energy\n|-activate|p2a: Florges|ability: Symbiosis|Choice Specs|[of] p2b: Flutter Mane\n|-activate|p2b: Flutter Mane|ability: Protosynthesis|[fromitem]\n|-start|p2b: Flutter Mane|protosynthesisspe\n|turn|1\n|inactive|Sumo'sWeenusVGC has 30 seconds left.\n|inactive|Arthur2603 has 30 seconds left.\n|inactive|Sumo'sWeenusVGC has 20 seconds left.\n|inactive|Arthur2603 has 20 seconds left.\n|inactive|Arthur2603 has 15 seconds left.\n|\n|t:|1681704511\n|move|p2b: Flutter Mane|Dazzling Gleam|p1b: Glimmora|[spread] p1a,p1b\n|-supereffective|p1a: Ting-Lu\n|-resisted|p1b: Glimmora\n|-damage|p1a: Ting-Lu|59\/100\n|-damage|p1b: Glimmora|80\/100\n|move|p1b: Glimmora|Mortal Spin|p2a: Florges|[spread] p2a,p2b\n|-supereffective|p2a: Florges\n|-damage|p2a: Florges|88\/100\n|-damage|p2b: Flutter Mane|91\/100\n|-status|p2a: Florges|psn\n|-status|p2b: Flutter Mane|psn\n|move|p2a: Florges|Calm Mind|p2a: Florges\n|-boost|p2a: Florges|spa|1\n|-boost|p2a: Florges|spd|1\n|move|p1a: Ting-Lu|Heavy Slam|p2b: Flutter Mane\n|-supereffective|p2b: Flutter Mane\n|-damage|p2b: Flutter Mane|0 fnt\n|faint|p2b: Flutter Mane\n|-end|p2b: Flutter Mane|Protosynthesis|[silent]\n|\n|-damage|p2a: Florges|75\/100 psn|[from] psn\n|upkeep\n|\n|t:|1681704525\n|switch|p2b: Oranguru|Oranguru, L50, M|100\/100\n|turn|2\n|\n|t:|1681704541\n|switch|p1a: Bad Dolphin|Palafin, L50, F, shiny|100\/100\n|move|p1b: Glimmora|Sludge Bomb|p2a: Florges\n|-supereffective|p2a: Florges\n|-damage|p2a: Florges|32\/100 psn\n|move|p2a: Florges|Energy Ball|p1a: Bad Dolphin\n|-supereffective|p1a: Bad Dolphin\n|-damage|p1a: Bad Dolphin|0 fnt\n|faint|p1a: Bad Dolphin\n|move|p2b: Oranguru|Reflect|p2b: Oranguru\n|-sidestart|p2: Arthur2603|Reflect\n|\n|-damage|p2a: Florges|19\/100 psn|[from] psn\n|upkeep\n|\n|t:|1681704563\n|switch|p1a: Ting-Lu|Ting-Lu, L50|59\/100\n|-ability|p1a: Ting-Lu|Vessel of Ruin\n|turn|3\n|\n|t:|1681704582\n|move|p1b: Glimmora|Mortal Spin|p2a: Florges|[spread] p2a,p2b\n|-supereffective|p2a: Florges\n|-damage|p2a: Florges|11\/100 psn\n|-damage|p2b: Oranguru|97\/100\n|-status|p2b: Oranguru|psn\n|move|p2a: Florges|Draining Kiss|p1a: Ting-Lu\n|-supereffective|p1a: Ting-Lu\n|-damage|p1a: Ting-Lu|25\/100\n|-heal|p2a: Florges|48\/100 psn|[from] drain|[of] p1a: Ting-Lu\n|move|p2b: Oranguru|Light Screen|p2b: Oranguru\n|-sidestart|p2: Arthur2603|move: Light Screen\n|move|p1a: Ting-Lu|Payback|p2b: Oranguru\n|-supereffective|p2b: Oranguru\n|-damage|p2b: Oranguru|40\/100 psn\n|\n|-damage|p2a: Florges|35\/100 psn|[from] psn\n|-damage|p2b: Oranguru|28\/100 psn|[from] psn\n|upkeep\n|turn|4\n|\n|t:|1681704603\n|move|p1b: Glimmora|Sludge Bomb|p2a: Florges\n|-supereffective|p2a: Florges\n|-damage|p2a: Florges|13\/100 psn\n|move|p2a: Florges|Draining Kiss|p1a: Ting-Lu\n|-supereffective|p1a: Ting-Lu\n|-damage|p1a: Ting-Lu|0 fnt\n|-heal|p2a: Florges|39\/100 psn|[from] drain|[of] p1a: Ting-Lu\n|faint|p1a: Ting-Lu\n|move|p2b: Oranguru|Hyper Voice|p1b: Glimmora\n|-resisted|p1b: Glimmora\n|-damage|p1b: Glimmora|56\/100\n|\n|-damage|p2a: Florges|26\/100 psn|[from] psn\n|-damage|p2b: Oranguru|16\/100 psn|[from] psn\n|upkeep\n|\n|t:|1681704616\n|switch|p1a: Flutter Mane|Flutter Mane, L50, shiny|100\/100\n|turn|5\n|\n|t:|1681704631\n|move|p1a: Flutter Mane|Moonblast|p2b: Oranguru\n|-damage|p2b: Oranguru|0 fnt\n|faint|p2b: Oranguru\n|move|p1b: Glimmora|Sludge Bomb|p2a: Florges\n|-supereffective|p2a: Florges\n|-damage|p2a: Florges|0 fnt\n|faint|p2a: Florges\n|\n|upkeep\n|\n|t:|1681704635\n|switch|p2a: Noivern|Noivern, L50, M|100\/100\n|turn|6\n|\n|t:|1681704659\n|-terastallize|p2a: Noivern|Normal\n|move|p2a: Noivern|Boomburst|p1a: Flutter Mane|[spread] p1b\n|-immune|p1a: Flutter Mane\n|-resisted|p1b: Glimmora\n|-damage|p1b: Glimmora|33\/100\n|-enditem|p2a: Noivern|Throat Spray\n|-boost|p2a: Noivern|spa|1|[from] item: Throat Spray\n|move|p1a: Flutter Mane|Moonblast|p2a: Noivern\n|-crit|p2a: Noivern\n|-damage|p2a: Noivern|0 fnt\n|faint|p2a: Noivern\n|\n|win|Sumo'sWeenusVGC\n|raw|Sumo'sWeenusVGC's rating: 1153 → 1172<\/strong> (+19 for winning)\n|raw|Arthur2603's rating: 1063 → 1048<\/strong> (-15 for losing)\n|l|\u2606Arthur2603\n|c|\u2606Sumo'sWeenusVGC|gg\n","uploadtime":1681704675,"views":11,"p1id":"sumosweenusvgc","p2id":"arthur2603","formatid":"gen9vgc2023regulationc","rating":1048,"private":0,"password":""}