{"id":"gen9vgc2023regulationc-1854802479","p1":"wDelo","p2":"gorilnx","format":"[Gen 9] VGC 2023 Regulation C","log":"|j|\u2606wDelo\n|j|\u2606gorilnx\n|t:|1682867807\n|gametype|doubles\n|player|p1|wDelo|veteran|1150\n|player|p2|gorilnx|dawn-gen4pt|1139\n|teamsize|p1|6\n|teamsize|p2|6\n|gen|9\n|tier|[Gen 9] VGC 2023 Regulation C\n|rated|\n|rule|Species Clause: Limit one of each Pok\u00e9mon\n|rule|Item Clause: Limit one of each item\n|clearpoke\n|poke|p1|Volcarona, L50, F|\n|poke|p1|Chien-Pao, L50|\n|poke|p1|Dragonite, L50, M|\n|poke|p1|Gyarados, L50, M|\n|poke|p1|Iron Hands, L50|\n|poke|p1|Flutter Mane, L50|\n|poke|p2|Palafin, L50, F|\n|poke|p2|Amoonguss, L50, F|\n|poke|p2|Flutter Mane, L50|\n|poke|p2|Arcanine, L50, M|\n|poke|p2|Ting-Lu, L50|\n|poke|p2|Baxcalibur, L50, M|\n|teampreview|4\n|inactive|Battle timer is ON: inactive players will automatically lose when time's up. (requested by gorilnx)\nwDelo has agreed to open team sheets.\n|\n|t:|1682867836\n|start\n|switch|p1a: Volcarona|Volcarona, L50, F|100\/100\n|switch|p1b: Gyarados|Gyarados, L50, M|100\/100\n|switch|p2a: Arcanine|Arcanine, L50, M|100\/100\n|switch|p2b: Palafin|Palafin, L50, F|100\/100\n|-ability|p1b: Gyarados|Intimidate|boost\n|-unboost|p2a: Arcanine|atk|1\n|-unboost|p2b: Palafin|atk|1\n|-ability|p2a: Arcanine|Intimidate|boost\n|-unboost|p1a: Volcarona|atk|1\n|-unboost|p1b: Gyarados|atk|1\n|turn|1\n|\n|t:|1682867855\n|-terastallize|p1a: Volcarona|Water\n|move|p1a: Volcarona|Tailwind|p1a: Volcarona\n|-sidestart|p1: wDelo|move: Tailwind\n|move|p1b: Gyarados|Taunt|p2a: Arcanine\n|-start|p2a: Arcanine|move: Taunt\n|move|p2a: Arcanine|Flare Blitz|p1a: Volcarona\n|-resisted|p1a: Volcarona\n|-damage|p1a: Volcarona|72\/100\n|-damage|p2a: Arcanine|93\/100|[from] Recoil\n|move|p2b: Palafin|Wave Crash|p1a: Volcarona\n|-resisted|p1a: Volcarona\n|-damage|p1a: Volcarona|43\/100\n|-damage|p2b: Palafin|93\/100|[from] Recoil\n|\n|upkeep\n|turn|2\n|inactive|wDelo has 30 seconds left.\n|inactive|gorilnx has 30 seconds left.\n|inactive|gorilnx has 20 seconds left.\n|\n|t:|1682867894\n|switch|p2a: Flutter Mane|Flutter Mane, L50|100\/100\n|detailschange|p2b: Palafin|Palafin-Hero, L50, F\n|switch|p2b: Amoonguss|Amoonguss, L50, F|100\/100\n|move|p1a: Volcarona|Heat Wave|p2b: Amoonguss|[spread] p2a,p2b\n|-supereffective|p2b: Amoonguss\n|-damage|p2a: Flutter Mane|63\/100\n|-damage|p2b: Amoonguss|40\/100\n|-enditem|p2b: Amoonguss|Sitrus Berry|[eat]\n|-heal|p2b: Amoonguss|65\/100|[from] item: Sitrus Berry\n|move|p1b: Gyarados|Waterfall|p2a: Flutter Mane\n|-damage|p2a: Flutter Mane|0 fnt\n|faint|p2a: Flutter Mane\n|-end|p2a: Flutter Mane|Protosynthesis|[silent]\n|\n|upkeep\n|\n|t:|1682867912\n|switch|p2a: Palafin|Palafin-Hero, L50, F|93\/100\n|-activate|p2a: Palafin|ability: Zero to Hero\n|turn|3\n|\n|t:|1682867924\n|-terastallize|p2a: Palafin|Water\n|move|p2b: Amoonguss|Protect|p2b: Amoonguss\n|-singleturn|p2b: Amoonguss|Protect\n|move|p1a: Volcarona|Will-O-Wisp|p2a: Palafin\n|-status|p2a: Palafin|brn\n|move|p1b: Gyarados|Taunt|p2b: Amoonguss\n|-activate|p2b: Amoonguss|move: Protect\n|move|p2a: Palafin|Wave Crash|p1a: Volcarona\n|-resisted|p1a: Volcarona\n|-damage|p1a: Volcarona|0 fnt\n|faint|p1a: Volcarona\n|-damage|p2a: Palafin|82\/100 brn|[from] Recoil\n|\n|-damage|p2a: Palafin|76\/100 brn|[from] brn\n|upkeep\n|\n|t:|1682867946\n|switch|p1a: Flutter Mane|Flutter Mane, L50|100\/100\n|turn|4\n|\n|t:|1682867963\n|switch|p2b: Arcanine|Arcanine, L50, M|93\/100\n|-ability|p2b: Arcanine|Intimidate|boost\n|-unboost|p1a: Flutter Mane|atk|1\n|-unboost|p1b: Gyarados|atk|1\n|move|p1a: Flutter Mane|Moonblast|p2a: Palafin\n|-damage|p2a: Palafin|2\/100 brn\n|-unboost|p2a: Palafin|spa|1\n|move|p1b: Gyarados|Taunt|p2b: Arcanine\n|-start|p2b: Arcanine|move: Taunt\n|move|p2a: Palafin|Wave Crash|p1a: Flutter Mane\n|-damage|p1a: Flutter Mane|0 fnt\n|faint|p1a: Flutter Mane\n|-end|p1a: Flutter Mane|Protosynthesis|[silent]\n|-damage|p2a: Palafin|0 fnt|[from] Recoil\n|faint|p2a: Palafin\n|\n|-sideend|p1: wDelo|move: Tailwind\n|upkeep\n|\n|t:|1682867978\n|switch|p1a: Chien-Pao|Chien-Pao, L50|100\/100\n|switch|p2a: Amoonguss|Amoonguss, L50, F|98\/100\n|-ability|p1a: Chien-Pao|Sword of Ruin\n|turn|5\n|\n|t:|1682868004\n|move|p2a: Amoonguss|Rage Powder|p2a: Amoonguss\n|-singleturn|p2a: Amoonguss|move: Rage Powder\n|move|p1a: Chien-Pao|Sucker Punch||[still]\n|-fail|p1a: Chien-Pao\n|move|p1b: Gyarados|Taunt|p2a: Amoonguss\n|-start|p2a: Amoonguss|move: Taunt\n|move|p2b: Arcanine|Flare Blitz|p1a: Chien-Pao\n|-supereffective|p1a: Chien-Pao\n|-enditem|p1a: Chien-Pao|Focus Sash\n|-damage|p1a: Chien-Pao|1\/100\n|-status|p1a: Chien-Pao|brn\n|-damage|p2b: Arcanine|67\/100|[from] Recoil\n|\n|-damage|p1a: Chien-Pao|0 fnt|[from] brn\n|faint|p1a: Chien-Pao\n|upkeep\n|turn|6\n|\n|t:|1682868029\n|move|p1b: Gyarados|Waterfall|p2b: Arcanine\n|-supereffective|p2b: Arcanine\n|-damage|p2b: Arcanine|13\/100\n|cant|p2b: Arcanine|flinch\n|move|p2a: Amoonguss|Pollen Puff|p2b: Arcanine\n|-heal|p2b: Arcanine|63\/100\n|\n|-end|p2b: Arcanine|move: Taunt\n|upkeep\n|turn|7\n|\n|t:|1682868048\n|move|p1b: Gyarados|Waterfall|p2b: Arcanine\n|-supereffective|p2b: Arcanine\n|-damage|p2b: Arcanine|10\/100\n|move|p2b: Arcanine|Will-O-Wisp|p1b: Gyarados|[miss]\n|-miss|p2b: Arcanine|p1b: Gyarados\n|move|p2a: Amoonguss|Pollen Puff|p2b: Arcanine\n|-heal|p2b: Arcanine|59\/100\n|\n|upkeep\n|turn|8\n|\n|t:|1682868063\n|move|p1b: Gyarados|Waterfall|p2b: Arcanine\n|-supereffective|p2b: Arcanine\n|-damage|p2b: Arcanine|7\/100\n|move|p2b: Arcanine|Will-O-Wisp|p1b: Gyarados\n|-status|p1b: Gyarados|brn\n|move|p2a: Amoonguss|Pollen Puff|p2b: Arcanine\n|-heal|p2b: Arcanine|57\/100\n|\n|-damage|p1b: Gyarados|95\/100 brn|[from] brn\n|-end|p2a: Amoonguss|move: Taunt\n|upkeep\n|turn|9\n|\n|t:|1682868080\n|move|p2b: Arcanine|Protect|p2b: Arcanine\n|-singleturn|p2b: Arcanine|Protect\n|move|p1b: Gyarados|Taunt|p2a: Amoonguss\n|-start|p2a: Amoonguss|move: Taunt\n|move|p2a: Amoonguss|Pollen Puff|p1b: Gyarados\n|-resisted|p1b: Gyarados\n|-damage|p1b: Gyarados|86\/100 brn\n|\n|-damage|p1b: Gyarados|80\/100 brn|[from] brn\n|upkeep\n|turn|10\n|\n|t:|1682868095\n|move|p2b: Arcanine|Extreme Speed|p1b: Gyarados\n|-damage|p1b: Gyarados|47\/100 brn\n|move|p1b: Gyarados|Waterfall|p2b: Arcanine\n|-supereffective|p2b: Arcanine\n|-damage|p2b: Arcanine|34\/100\n|move|p2a: Amoonguss|Pollen Puff|p2b: Arcanine\n|-heal|p2b: Arcanine|84\/100\n|\n|-damage|p1b: Gyarados|41\/100 brn|[from] brn\n|upkeep\n|turn|11\n|-message|wDelo forfeited.\n|\n|win|gorilnx\n|raw|wDelo's rating: 1150 → 1124<\/strong> (-26 for losing)\n|raw|gorilnx's rating: 1139 → 1165<\/strong> (+26 for winning)\n|l|\u2606wDelo\n","uploadtime":1682868119,"views":11,"p1id":"wdelo","p2id":"gorilnx","formatid":"gen9vgc2023regulationc","rating":1124,"private":0,"password":""}