{"id":"gen9vgc2023regulationc-1861485414","p1":"Getmelit","p2":"Lefties Chi-Yu","format":"[Gen 9] VGC 2023 Regulation C","log":"|j|\u2606Getmelit\n|j|\u2606Lefties Chi-Yu\n|t:|1683763688\n|gametype|doubles\n|player|p1|Getmelit|2|\n|player|p2|Lefties Chi-Yu|acetrainer-gen6xy|\n|teamsize|p1|6\n|teamsize|p2|6\n|gen|9\n|tier|[Gen 9] VGC 2023 Regulation C\n|rule|Species Clause: Limit one of each Pok\u00e9mon\n|rule|Item Clause: Limit one of each item\n|clearpoke\n|poke|p1|Flutter Mane, L50|\n|poke|p1|Iron Bundle, L50|\n|poke|p1|Kingambit, L50, M|\n|poke|p1|Dragonite, L50, F|\n|poke|p1|Amoonguss, L50, M|\n|poke|p1|Arcanine, L50, M|\n|poke|p2|Kingambit, L50, F|\n|poke|p2|Chi-Yu, L50|\n|poke|p2|Iron Hands, L50|\n|poke|p2|Gyarados, L50, M|\n|poke|p2|Amoonguss, L50, M|\n|poke|p2|Flutter Mane, L50|\n|teampreview|4\n|l|\u2606Getmelit\n|player|p1|\nLefties Chi-Yu has agreed to open team sheets.\n|j|\u2606Getmelit\n|player|p1|Getmelit|2\n|c|\u2606Getmelit|!showteam, hidestats\n|c| Getmelit|\/raw View team<\/summary>Flutter Mane @ Choice Specs Ability: Protosynthesis Level: 50 Tera Type: Fairy - Dazzling Gleam - Moonblast - Shadow Ball - Thunderbolt Iron Bundle @ Booster Energy Ability: Quark Drive Level: 50 Tera Type: Ice - Icy Wind - Freeze-Dry - Hydro Pump - Protect Kingambit @ Lum Berry Ability: Defiant Level: 50 Tera Type: Dark - Swords Dance - Kowtow Cleave - Sucker Punch - Protect Dragonite @ Assault Vest Ability: Multiscale Level: 50 Tera Type: Flying - Tera Blast - Extreme Speed - Low Kick - Stomping Tantrum Amoonguss @ Sitrus Berry Ability: Regenerator Level: 50 Tera Type: Water - Pollen Puff - Rage Powder - Spore - Protect Arcanine @ Safety Goggles Ability: Intimidate Level: 50 Tera Type: Grass - Flare Blitz - Protect - Howl - Will-O-Wisp <\/details><\/div>\n|c|\u2606Lefties Chi-Yu|!showteam, hidestats\n|c| Lefties Chi-Yu|\/raw View team<\/summary>Kingambit @ Black Glasses Ability: Defiant Level: 50 Tera Type: Dark - Kowtow Cleave - Sucker Punch - Swords Dance - Protect Chi-Yu @ Leftovers Ability: Beads of Ruin Level: 50 Tera Type: Water - Protect - Dark Pulse - Nasty Plot - Flamethrower Iron Hands @ Assault Vest Ability: Quark Drive Level: 50 Tera Type: Grass - Heavy Slam - Drain Punch - Wild Charge - Fake Out Gyarados (M) @ Mago Berry Ability: Intimidate Level: 50 Tera Type: Poison - Waterfall - Thunder Wave - Taunt - Helping Hand Amoonguss (M) @ Sitrus Berry Ability: Regenerator Level: 50 Tera Type: Water - Spore - Protect - Pollen Puff - Rage Powder Flutter Mane @ Life Orb Ability: Protosynthesis Level: 50 Tera Type: Fairy - Shadow Ball - Moonblast - Dazzling Gleam - Protect <\/details><\/div>\n|\n|t:|1683763801\n|start\n|switch|p1a: Flutter Mane|Flutter Mane, L50|100\/100\n|switch|p1b: Dragonite|Dragonite, L50, F|100\/100\n|switch|p2a: Kingambit|Kingambit, L50, F|100\/100\n|switch|p2b: Amoonguss|Amoonguss, L50, M|100\/100\n|turn|1\n|\n|t:|1683763873\n|-terastallize|p2b: Amoonguss|Water\n|move|p1a: Flutter Mane|Dazzling Gleam|p2a: Kingambit|[spread] p2a,p2b\n|-damage|p2a: Kingambit|55\/100\n|-damage|p2b: Amoonguss|55\/100\n|move|p1b: Dragonite|Low Kick|p2a: Kingambit\n|-supereffective|p2a: Kingambit\n|-damage|p2a: Kingambit|0 fnt\n|faint|p2a: Kingambit\n|move|p2b: Amoonguss|Spore|p1a: Flutter Mane\n|-status|p1a: Flutter Mane|slp|[from] move: Spore\n|\n|upkeep\n|\n|t:|1683763891\n|switch|p2a: Iron Hands|Iron Hands, L50|100\/100\n|turn|2\n|\n|t:|1683763911\n|switch|p1b: Arcanine|Arcanine, L50, M|100\/100\n|-ability|p1b: Arcanine|Intimidate|boost\n|-unboost|p2a: Iron Hands|atk|1\n|-unboost|p2b: Amoonguss|atk|1\n|switch|p2b: Gyarados|Gyarados, L50, M|100\/100\n|-ability|p2b: Gyarados|Intimidate|boost\n|-unboost|p1a: Flutter Mane|atk|1\n|-unboost|p1b: Arcanine|atk|1\n|cant|p1a: Flutter Mane|slp\n|move|p2a: Iron Hands|Heavy Slam|p1a: Flutter Mane\n|-supereffective|p1a: Flutter Mane\n|-damage|p1a: Flutter Mane|0 fnt\n|faint|p1a: Flutter Mane\n|-end|p1a: Flutter Mane|Protosynthesis|[silent]\n|\n|upkeep\n|\n|t:|1683763927\n|switch|p1a: Dragonite|Dragonite, L50, F|100\/100\n|turn|3\n|\n|t:|1683763960\n|-terastallize|p1a: Dragonite|Flying\n|move|p1b: Arcanine|Howl|p1b: Arcanine|[spread] p1a,p1b\n|-boost|p1a: Dragonite|atk|1\n|-boost|p1b: Arcanine|atk|1\n|move|p1a: Dragonite|Tera Blast|p2b: Gyarados\n|-damage|p2b: Gyarados|14\/100\n|-enditem|p2b: Gyarados|Mago Berry|[eat]\n|-heal|p2b: Gyarados|47\/100|[from] item: Mago Berry\n|move|p2b: Gyarados|Waterfall|p1a: Dragonite\n|-damage|p1a: Dragonite|83\/100\n|move|p2a: Iron Hands|Wild Charge|p1a: Dragonite\n|-supereffective|p1a: Dragonite\n|-damage|p1a: Dragonite|9\/100\n|-damage|p2a: Iron Hands|85\/100|[from] Recoil\n|\n|upkeep\n|turn|4\n|\n|t:|1683763994\n|move|p1b: Arcanine|Flare Blitz|p2a: Iron Hands\n|-damage|p2a: Iron Hands|44\/100\n|-damage|p1b: Arcanine|84\/100|[from] Recoil\n|move|p1a: Dragonite|Tera Blast|p2a: Iron Hands\n|-damage|p2a: Iron Hands|0 fnt\n|faint|p2a: Iron Hands\n|-end|p2a: Iron Hands|Quark Drive|[silent]\n|move|p2b: Gyarados|Waterfall|p1b: Arcanine\n|-supereffective|p1b: Arcanine\n|-damage|p1b: Arcanine|16\/100\n|\n|upkeep\n|\n|t:|1683764003\n|switch|p2a: Amoonguss|Amoonguss, L50, M, tera:Water|89\/100\n|turn|5\n|\n|t:|1683764063\n|move|p2a: Amoonguss|Rage Powder|p2a: Amoonguss\n|-singleturn|p2a: Amoonguss|move: Rage Powder\n|move|p1b: Arcanine|Will-O-Wisp|p2b: Gyarados|[miss]\n|-miss|p1b: Arcanine|p2b: Gyarados\n|move|p1a: Dragonite|Tera Blast|p2a: Amoonguss\n|-damage|p2a: Amoonguss|21\/100\n|-enditem|p2a: Amoonguss|Sitrus Berry|[eat]\n|-heal|p2a: Amoonguss|46\/100|[from] item: Sitrus Berry\n|move|p2b: Gyarados|Waterfall|p1a: Dragonite\n|-damage|p1a: Dragonite|0 fnt\n|faint|p1a: Dragonite\n|\n|upkeep\n|\n|t:|1683764067\n|switch|p1a: Amoonguss|Amoonguss, L50, M|100\/100\n|turn|6\n|\n|t:|1683764117\n|move|p1b: Arcanine|Will-O-Wisp|p2b: Gyarados\n|-status|p2b: Gyarados|brn\n|move|p2b: Gyarados|Taunt|p1a: Amoonguss\n|-start|p1a: Amoonguss|move: Taunt\n|move|p2a: Amoonguss|Pollen Puff|p2b: Gyarados\n|-heal|p2b: Gyarados|97\/100 brn\n|cant|p1a: Amoonguss|move: Taunt|Spore\n|\n|-damage|p2b: Gyarados|91\/100 brn|[from] brn\n|upkeep\n|turn|7\n|\n|t:|1683764138\n|move|p1b: Arcanine|Protect|p1b: Arcanine\n|-singleturn|p1b: Arcanine|Protect\n|move|p2b: Gyarados|Waterfall|p1b: Arcanine\n|-activate|p1b: Arcanine|move: Protect\n|move|p2a: Amoonguss|Pollen Puff|p1a: Amoonguss\n|-damage|p1a: Amoonguss|85\/100\n|move|p1a: Amoonguss|Pollen Puff|p2a: Amoonguss\n|-damage|p2a: Amoonguss|29\/100\n|\n|-damage|p2b: Gyarados|85\/100 brn|[from] brn\n|upkeep\n|turn|8\n|\n|t:|1683764169\n|move|p2a: Amoonguss|Protect|p2a: Amoonguss\n|-singleturn|p2a: Amoonguss|Protect\n|move|p1b: Arcanine|Flare Blitz|p2a: Amoonguss\n|-activate|p2a: Amoonguss|move: Protect\n|move|p2b: Gyarados|Waterfall|p1b: Arcanine\n|-supereffective|p1b: Arcanine\n|-damage|p1b: Arcanine|0 fnt\n|faint|p1b: Arcanine\n|move|p1a: Amoonguss|Pollen Puff|p2a: Amoonguss\n|-activate|p2a: Amoonguss|move: Protect\n|\n|-damage|p2b: Gyarados|79\/100 brn|[from] brn\n|-end|p1a: Amoonguss|move: Taunt\n|upkeep\n|turn|9\n|\n|t:|1683764177\n|move|p2b: Gyarados|Taunt|p1a: Amoonguss\n|-start|p1a: Amoonguss|move: Taunt\n|move|p2a: Amoonguss|Pollen Puff|p1a: Amoonguss\n|-damage|p1a: Amoonguss|69\/100\n|move|p1a: Amoonguss|Pollen Puff|p2a: Amoonguss\n|-damage|p2a: Amoonguss|11\/100\n|\n|-damage|p2b: Gyarados|73\/100 brn|[from] brn\n|upkeep\n|turn|10\n|\n|t:|1683764184\n|move|p2b: Gyarados|Thunder Wave|p1a: Amoonguss\n|-status|p1a: Amoonguss|par\n|move|p2a: Amoonguss|Pollen Puff|p1a: Amoonguss\n|-damage|p1a: Amoonguss|53\/100 par\n|cant|p1a: Amoonguss|par\n|\n|-damage|p2b: Gyarados|67\/100 brn|[from] brn\n|upkeep\n|turn|11\n|\n|t:|1683764193\n|move|p2b: Gyarados|Waterfall|p1a: Amoonguss\n|-resisted|p1a: Amoonguss\n|-damage|p1a: Amoonguss|46\/100 par\n|-enditem|p1a: Amoonguss|Sitrus Berry|[eat]\n|-heal|p1a: Amoonguss|71\/100 par|[from] item: Sitrus Berry\n|move|p2a: Amoonguss|Pollen Puff|p1a: Amoonguss\n|-damage|p1a: Amoonguss|57\/100 par\n|move|p1a: Amoonguss|Pollen Puff|p2a: Amoonguss\n|-damage|p2a: Amoonguss|0 fnt\n|faint|p2a: Amoonguss\n|\n|-damage|p2b: Gyarados|61\/100 brn|[from] brn\n|-end|p1a: Amoonguss|move: Taunt\n|upkeep\n|turn|12\n|\n|t:|1683764205\n|move|p1a: Amoonguss|Protect|p1a: Amoonguss\n|-singleturn|p1a: Amoonguss|Protect\n|move|p2b: Gyarados|Taunt|p1a: Amoonguss\n|-activate|p1a: Amoonguss|move: Protect\n|\n|-damage|p2b: Gyarados|55\/100 brn|[from] brn\n|upkeep\n|turn|13\n|\n|t:|1683764210\n|move|p2b: Gyarados|Taunt|p1a: Amoonguss\n|-start|p1a: Amoonguss|move: Taunt\n|cant|p1a: Amoonguss|par\n|\n|-damage|p2b: Gyarados|49\/100 brn|[from] brn\n|upkeep\n|turn|14\n|\n|t:|1683764213\n|move|p2b: Gyarados|Waterfall|p1a: Amoonguss\n|-resisted|p1a: Amoonguss\n|-damage|p1a: Amoonguss|50\/100 par\n|move|p1a: Amoonguss|Pollen Puff|p2b: Gyarados\n|-resisted|p2b: Gyarados\n|-damage|p2b: Gyarados|43\/100 brn\n|\n|-damage|p2b: Gyarados|37\/100 brn|[from] brn\n|upkeep\n|turn|15\n|\n|t:|1683764218\n|move|p2b: Gyarados|Waterfall|p1a: Amoonguss\n|-resisted|p1a: Amoonguss\n|-damage|p1a: Amoonguss|42\/100 par\n|cant|p1a: Amoonguss|par\n|\n|-damage|p2b: Gyarados|31\/100 brn|[from] brn\n|-end|p1a: Amoonguss|move: Taunt\n|upkeep\n|turn|16\n|\n|t:|1683764226\n|cant|p1a: Amoonguss|par\n|move|p2b: Gyarados|Taunt|p1a: Amoonguss\n|-start|p1a: Amoonguss|move: Taunt\n|\n|-damage|p2b: Gyarados|25\/100 brn|[from] brn\n|upkeep\n|turn|17\n|\n|t:|1683764229\n|move|p2b: Gyarados|Waterfall|p1a: Amoonguss\n|-resisted|p1a: Amoonguss\n|-damage|p1a: Amoonguss|35\/100 par\n|cant|p1a: Amoonguss|par\n|\n|-damage|p2b: Gyarados|19\/100 brn|[from] brn\n|upkeep\n|turn|18\n|\n|t:|1683764232\n|move|p2b: Gyarados|Waterfall|p1a: Amoonguss\n|-resisted|p1a: Amoonguss\n|-damage|p1a: Amoonguss|27\/100 par\n|move|p1a: Amoonguss|Pollen Puff|p2b: Gyarados\n|-resisted|p2b: Gyarados\n|-damage|p2b: Gyarados|12\/100 brn\n|\n|-damage|p2b: Gyarados|6\/100 brn|[from] brn\n|upkeep\n|turn|19\n|\n|t:|1683764235\n|move|p2b: Gyarados|Waterfall|p1a: Amoonguss\n|-resisted|p1a: Amoonguss\n|-damage|p1a: Amoonguss|20\/100 par\n|cant|p1a: Amoonguss|flinch\n|\n|-damage|p2b: Gyarados|0 fnt|[from] brn\n|faint|p2b: Gyarados\n|\n|win|Getmelit\n|upkeep\n|l|\u2606Getmelit\n","uploadtime":1683764239,"views":6,"p1id":"getmelit","p2id":"leftieschiyu","formatid":"gen9vgc2023regulationc","rating":0,"private":0,"password":""}