{"id":"gen9vgc2023regulationc-1847868947","p1":"cb-sooner","p2":"UltraBitchVgc","format":"[Gen 9] VGC 2023 Regulation C","log":"|j|\u2606cb-sooner\n|j|\u2606UltraBitchVgc\n|t:|1682008610\n|gametype|doubles\n|player|p1|cb-sooner|266|1222\n|player|p2|UltraBitchVgc|102|1221\n|teamsize|p1|6\n|teamsize|p2|6\n|gen|9\n|tier|[Gen 9] VGC 2023 Regulation C\n|rated|\n|rule|Species Clause: Limit one of each Pok\u00e9mon\n|rule|Item Clause: Limit one of each item\n|clearpoke\n|poke|p1|Flutter Mane, L50|\n|poke|p1|Amoonguss, L50, F|\n|poke|p1|Iron Bundle, L50|\n|poke|p1|Palafin, L50, M|\n|poke|p1|Arcanine, L50, F|\n|poke|p1|Iron Hands, L50|\n|poke|p2|Palafin, L50, F|\n|poke|p2|Chien-Pao, L50|\n|poke|p2|Dragapult, L50, F|\n|poke|p2|Amoonguss, L50, F|\n|poke|p2|Arcanine, L50, F|\n|poke|p2|Flutter Mane, L50|\n|teampreview|4\n|\n|t:|1682008668\n|start\n|switch|p1a: Boxin|Iron Hands, L50|100\/100\n|switch|p1b: Pengy|Iron Bundle, L50|100\/100\n|switch|p2a: ChiYu|Arcanine, L50, F|100\/100\n|switch|p2b: Bundle|Chien-Pao, L50|100\/100\n|-ability|p2b: Bundle|Sword of Ruin\n|-ability|p2a: ChiYu|Intimidate|boost\n|-unboost|p1a: Boxin|atk|1\n|-unboost|p1b: Pengy|atk|1\n|turn|1\n|\n|t:|1682008690\n|-terastallize|p2b: Bundle|Ghost\n|move|p2a: ChiYu|Protect|p2a: ChiYu\n|-singleturn|p2a: ChiYu|Protect\n|move|p1a: Boxin|Fake Out|p2b: Bundle\n|-immune|p2b: Bundle\n|move|p1b: Pengy|Hydro Pump|p2a: ChiYu\n|-activate|p2a: ChiYu|move: Protect\n|move|p2b: Bundle|Sacred Sword|p1b: Pengy\n|-supereffective|p1b: Pengy\n|-damage|p1b: Pengy|8\/100\n|\n|upkeep\n|turn|2\n|\n|t:|1682008725\n|-end|p1b: Pengy|Quark Drive|[silent]\n|switch|p1b: Awoofy|Arcanine, L50, F|100\/100\n|-ability|p1b: Awoofy|Intimidate|boost\n|-unboost|p2a: ChiYu|atk|1\n|-unboost|p2b: Bundle|atk|1\n|move|p2b: Bundle|Sucker Punch||[still]\n|-fail|p2b: Bundle\n|move|p2a: ChiYu|Will-O-Wisp|p1a: Boxin\n|-status|p1a: Boxin|brn\n|move|p1a: Boxin|Volt Switch|p2b: Bundle\n|-damage|p2b: Bundle|81\/100\n|\n|t:|1682008735\n|-end|p1a: Boxin|Quark Drive|[silent]\n|switch|p1a: Cool Spook|Flutter Mane, L50|100\/100|[from] Volt Switch\n|-enditem|p1a: Cool Spook|Booster Energy\n|-activate|p1a: Cool Spook|ability: Protosynthesis|[fromitem]\n|-start|p1a: Cool Spook|protosynthesisspa\n|\n|upkeep\n|turn|3\n|\n|t:|1682008750\n|move|p2b: Bundle|Protect|p2b: Bundle\n|-singleturn|p2b: Bundle|Protect\n|move|p1a: Cool Spook|Protect|p1a: Cool Spook\n|-singleturn|p1a: Cool Spook|Protect\n|move|p1b: Awoofy|Will-O-Wisp|p2b: Bundle\n|-activate|p2b: Bundle|move: Protect\n|move|p2a: ChiYu|Will-O-Wisp|p1a: Cool Spook\n|-activate|p1a: Cool Spook|move: Protect\n|\n|upkeep\n|turn|4\n|\n|t:|1682008770\n|switch|p2b: WoChien|Amoonguss, L50, F|100\/100\n|-terastallize|p1a: Cool Spook|Fairy\n|move|p1a: Cool Spook|Moonblast|p2b: WoChien\n|-resisted|p2b: WoChien\n|-damage|p2b: WoChien|66\/100\n|move|p1b: Awoofy|Flare Blitz|p2b: WoChien\n|-supereffective|p2b: WoChien\n|-damage|p2b: WoChien|0 fnt\n|faint|p2b: WoChien\n|-damage|p1b: Awoofy|73\/100|[from] Recoil\n|move|p2a: ChiYu|Flare Blitz|p1a: Cool Spook\n|-damage|p1a: Cool Spook|53\/100\n|-damage|p2a: ChiYu|88\/100|[from] Recoil\n|\n|upkeep\n|\n|t:|1682008795\n|switch|p2b: Dnite|Dragapult, L50, F|100\/100\n|turn|5\n|\n|t:|1682008830\n|switch|p1b: Boxin|Iron Hands, L50|100\/100 brn\n|move|p1a: Cool Spook|Protect|p1a: Cool Spook\n|-singleturn|p1a: Cool Spook|Protect\n|move|p2a: ChiYu|Extreme Speed|p1b: Boxin\n|-damage|p1b: Boxin|90\/100 brn\n|move|p2b: Dnite|Phantom Force||[still]\n|-prepare|p2b: Dnite|Phantom Force\n|\n|-damage|p1b: Boxin|84\/100 brn|[from] brn\n|upkeep\n|turn|6\n|\n|t:|1682008873\n|-end|p1a: Cool Spook|Protosynthesis|[silent]\n|switch|p1a: Awoofy|Arcanine, L50, F|73\/100\n|-ability|p1a: Awoofy|Intimidate|boost\n|-unboost|p2a: ChiYu|atk|1\n|-fail|p2b: Dnite|unboost|[from] ability: Clear Body|[of] p2b: Dnite\n|move|p2b: Dnite|Phantom Force|p1a: Awoofy|[from]lockedmove\n|-damage|p1a: Awoofy|0 fnt\n|faint|p1a: Awoofy\n|move|p2a: ChiYu|Flare Blitz|p1b: Boxin\n|-damage|p1b: Boxin|68\/100 brn\n|-damage|p2a: ChiYu|82\/100|[from] Recoil\n|move|p1b: Boxin|Drain Punch|p2a: ChiYu\n|-damage|p2a: ChiYu|60\/100\n|-heal|p1b: Boxin|78\/100 brn|[from] drain|[of] p2a: ChiYu\n|\n|-damage|p1b: Boxin|71\/100 brn|[from] brn\n|upkeep\n|\n|t:|1682008896\n|switch|p1a: Pengy|Iron Bundle, L50|8\/100\n|turn|7\n|\n|t:|1682008907\n|move|p2a: ChiYu|Extreme Speed|p1a: Pengy\n|-damage|p1a: Pengy|0 fnt\n|faint|p1a: Pengy\n|-end|p1a: Pengy|Quark Drive|[silent]\n|move|p2b: Dnite|Phantom Force||[still]\n|-prepare|p2b: Dnite|Phantom Force\n|move|p1b: Boxin|Volt Switch|p2a: ChiYu\n|-damage|p2a: ChiYu|46\/100\n|\n|t:|1682008915\n|-end|p1b: Boxin|Quark Drive|[silent]\n|switch|p1b: Cool Spook|Flutter Mane, L50, tera:Fairy|53\/100|[from] Volt Switch\n|\n|upkeep\n|\n|t:|1682008918\n|switch|p1a: Boxin|Iron Hands, L50|71\/100 brn\n|turn|8\n|\n|t:|1682008931\n|move|p2a: ChiYu|Protect|p2a: ChiYu\n|-singleturn|p2a: ChiYu|Protect\n|move|p1a: Boxin|Fake Out|p2a: ChiYu\n|-activate|p2a: ChiYu|move: Protect\n|move|p2b: Dnite|Phantom Force|p1a: Boxin|[from]lockedmove\n|-damage|p1a: Boxin|27\/100 brn\n|move|p1b: Cool Spook|Moonblast|p2b: Dnite\n|-supereffective|p2b: Dnite\n|-damage|p2b: Dnite|0 fnt\n|faint|p2b: Dnite\n|\n|-damage|p1a: Boxin|21\/100 brn|[from] brn\n|upkeep\n|\n|t:|1682008941\n|switch|p2b: Bundle|Chien-Pao, L50, tera:Ghost|81\/100\n|-ability|p2b: Bundle|Sword of Ruin\n|turn|9\n|\n|t:|1682008960\n|move|p2b: Bundle|Protect|p2b: Bundle\n|-singleturn|p2b: Bundle|Protect\n|move|p1b: Cool Spook|Protect|p1b: Cool Spook\n|-singleturn|p1b: Cool Spook|Protect\n|move|p2a: ChiYu|Flare Blitz|p1b: Cool Spook\n|-activate|p1b: Cool Spook|move: Protect\n|move|p1a: Boxin|Drain Punch|p2a: ChiYu\n|-damage|p2a: ChiYu|17\/100\n|-heal|p1a: Boxin|33\/100 brn|[from] drain|[of] p2a: ChiYu\n|\n|-damage|p1a: Boxin|27\/100 brn|[from] brn\n|upkeep\n|turn|10\n|\n|t:|1682008989\n|move|p2b: Bundle|Sucker Punch|p1b: Cool Spook\n|-resisted|p1b: Cool Spook\n|-damage|p1b: Cool Spook|19\/100\n|move|p1b: Cool Spook|Shadow Ball|p2b: Bundle\n|-supereffective|p2b: Bundle\n|-damage|p2b: Bundle|0 fnt\n|faint|p2b: Bundle\n|move|p2a: ChiYu|Flare Blitz|p1b: Cool Spook\n|-damage|p1b: Cool Spook|0 fnt\n|faint|p1b: Cool Spook\n|-end|p1b: Cool Spook|Protosynthesis|[silent]\n|-damage|p2a: ChiYu|12\/100|[from] Recoil\n|move|p1a: Boxin|Wild Charge|p2a: ChiYu\n|-damage|p2a: ChiYu|0 fnt\n|faint|p2a: ChiYu\n|-damage|p1a: Boxin|25\/100 brn|[from] Recoil\n|\n|win|cb-sooner\n|raw|cb-sooner's rating: 1222 → 1247<\/strong> (+25 for winning)\n|raw|UltraBitchVgc's rating: 1221 → 1196<\/strong> (-25 for losing)\n|l|\u2606UltraBitchVgc\n","uploadtime":1682009005,"views":12,"p1id":"cbsooner","p2id":"ultrabitchvgc","formatid":"gen9vgc2023regulationc","rating":1196,"private":0,"password":""}