{"id":"gen9vgc2023regulationc-1852688050","p1":"Laura Pauseenee","p2":"SkylarStrikes","format":"[Gen 9] VGC 2023 Regulation C","log":"|j|\u2606Laura Pauseenee\n|j|\u2606SkylarStrikes\n|t:|1682596508\n|gametype|doubles\n|player|p1|Laura Pauseenee|fisherman-gen4|1208\n|player|p2|SkylarStrikes|skyla|1166\n|teamsize|p1|6\n|teamsize|p2|6\n|gen|9\n|tier|[Gen 9] VGC 2023 Regulation C\n|rated|\n|rule|Species Clause: Limit one of each Pok\u00e9mon\n|rule|Item Clause: Limit one of each item\n|clearpoke\n|poke|p1|Ceruledge, L50, M|\n|poke|p1|Garchomp, L50, M|\n|poke|p1|Talonflame, L50, F|\n|poke|p1|Chien-Pao, L50|\n|poke|p1|Flutter Mane, L50|\n|poke|p1|Rotom-Wash, L50|\n|poke|p2|Dragonite, L50, F|\n|poke|p2|Chien-Pao, L50|\n|poke|p2|Azumarill, L50, F|\n|poke|p2|Arcanine, L50, F|\n|poke|p2|Flutter Mane, L50|\n|poke|p2|Amoonguss, L50, M|\n|teampreview|4\n|inactive|Battle timer is ON: inactive players will automatically lose when time's up. (requested by SkylarStrikes)\n|inactive|SkylarStrikes has 60 seconds left.\n|\n|t:|1682596548\n|start\n|switch|p1a: Talonflame|Talonflame, L50, F|100\/100\n|switch|p1b: Flutter Mane|Flutter Mane, L50|100\/100\n|switch|p2a: Azumarill|Azumarill, L50, F|100\/100\n|switch|p2b: Dragonite|Dragonite, L50, F|100\/100\n|turn|1\n|inactive|Laura Pauseenee has 30 seconds left.\n|inactive|Laura Pauseenee has 20 seconds left.\n|\n|t:|1682596586\n|move|p1a: Talonflame|Will-O-Wisp|p2b: Dragonite\n|-status|p2b: Dragonite|brn\n|move|p1b: Flutter Mane|Dazzling Gleam|p2b: Dragonite|[spread] p2a,p2b\n|-supereffective|p2b: Dragonite\n|-damage|p2a: Azumarill|69\/100\n|-damage|p2b: Dragonite|57\/100 brn\n|move|p2b: Dragonite|Stomping Tantrum|p1b: Flutter Mane\n|-damage|p1b: Flutter Mane|73\/100\n|move|p2a: Azumarill|Liquidation|p1a: Talonflame\n|-supereffective|p1a: Talonflame\n|-damage|p1a: Talonflame|0 fnt\n|faint|p1a: Talonflame\n|\n|-damage|p2b: Dragonite|51\/100 brn|[from] brn\n|upkeep\n|inactive|Laura Pauseenee has 30 seconds left.\n|\n|t:|1682596612\n|switch|p1a: Garchomp|Garchomp, L50, M|100\/100\n|turn|2\n|inactive|Laura Pauseenee has 30 seconds left.\n|inactive|Laura Pauseenee has 20 seconds left.\n|inactive|Laura Pauseenee has 15 seconds left.\n|inactive|Laura Pauseenee has 10 seconds left.\n|inactive|Laura Pauseenee has 5 seconds left.\n|\n|t:|1682596667\n|move|p1a: Garchomp|Earthquake|p2b: Dragonite|[spread] p1b,p2a\n|-immune|p2b: Dragonite\n|-damage|p1b: Flutter Mane|20\/100\n|-damage|p2a: Azumarill|31\/100\n|move|p1b: Flutter Mane|Dazzling Gleam|p2b: Dragonite|[spread] p2a,p2b\n|-supereffective|p2b: Dragonite\n|-damage|p2a: Azumarill|0 fnt\n|-damage|p2b: Dragonite|0 fnt\n|faint|p2a: Azumarill\n|faint|p2b: Dragonite\n|\n|upkeep\n|\n|t:|1682596680\n|switch|p2b: Flutter Mane|Flutter Mane, L50|100\/100\n|switch|p2a: Chien-Pao|Chien-Pao, L50|100\/100\n|-ability|p2a: Chien-Pao|Sword of Ruin\n|-enditem|p2b: Flutter Mane|Booster Energy\n|-activate|p2b: Flutter Mane|ability: Protosynthesis|[fromitem]\n|-start|p2b: Flutter Mane|protosynthesisspa\n|turn|3\n|inactive|Laura Pauseenee has 30 seconds left.\n|\n|t:|1682596709\n|-terastallize|p1a: Garchomp|Steel\n|move|p2a: Chien-Pao|Ice Spinner|p1a: Garchomp\n|-resisted|p1a: Garchomp\n|-damage|p1a: Garchomp|74\/100\n|-damage|p2a: Chien-Pao|88\/100|[from] ability: Rough Skin|[of] p1a: Garchomp\n|move|p1a: Garchomp|Earthquake|p2b: Flutter Mane|[spread] p1b,p2a,p2b\n|-damage|p1b: Flutter Mane|0 fnt\n|-damage|p2a: Chien-Pao|33\/100\n|-damage|p2b: Flutter Mane|38\/100\n|faint|p1b: Flutter Mane\n|-end|p1b: Flutter Mane|Protosynthesis|[silent]\n|move|p2b: Flutter Mane|Dazzling Gleam|p1a: Garchomp\n|-resisted|p1a: Garchomp\n|-damage|p1a: Garchomp|45\/100\n|\n|upkeep\n|\n|t:|1682596725\n|switch|p1b: Chien-Pao|Chien-Pao, L50|100\/100\n|-ability|p1b: Chien-Pao|Sword of Ruin\n|turn|4\n|\n|t:|1682596739\n|move|p1b: Chien-Pao|Protect|p1b: Chien-Pao\n|-singleturn|p1b: Chien-Pao|Protect\n|move|p2b: Flutter Mane|Protect|p2b: Flutter Mane\n|-singleturn|p2b: Flutter Mane|Protect\n|move|p2a: Chien-Pao|Sacred Sword|p1a: Garchomp\n|-supereffective|p1a: Garchomp\n|-damage|p1a: Garchomp|0 fnt\n|-damage|p2a: Chien-Pao|20\/100|[from] ability: Rough Skin|[of] p1a: Garchomp\n|faint|p1a: Garchomp\n|\n|upkeep\n|turn|5\n|inactive|SkylarStrikes has 30 seconds left.\n|\n|t:|1682596772\n|move|p1b: Chien-Pao|Sucker Punch||[still]\n|-fail|p1b: Chien-Pao\n|move|p2a: Chien-Pao|Sucker Punch||[still]\n|-fail|p2a: Chien-Pao\n|move|p2b: Flutter Mane|Calm Mind|p2b: Flutter Mane\n|-boost|p2b: Flutter Mane|spa|1\n|-boost|p2b: Flutter Mane|spd|1\n|\n|upkeep\n|turn|6\n|\n|t:|1682596797\n|move|p1b: Chien-Pao|Protect|p1b: Chien-Pao\n|-singleturn|p1b: Chien-Pao|Protect\n|move|p2b: Flutter Mane|Protect|p2b: Flutter Mane\n|-singleturn|p2b: Flutter Mane|Protect\n|move|p2a: Chien-Pao|Sacred Sword|p1b: Chien-Pao\n|-activate|p1b: Chien-Pao|move: Protect\n|\n|upkeep\n|turn|7\n|\n|t:|1682596813\n|move|p1b: Chien-Pao|Sucker Punch|p2a: Chien-Pao\n|-resisted|p2a: Chien-Pao\n|-damage|p2a: Chien-Pao|0 fnt\n|faint|p2a: Chien-Pao\n|move|p2b: Flutter Mane|Calm Mind|p2b: Flutter Mane\n|-boost|p2b: Flutter Mane|spa|1\n|-boost|p2b: Flutter Mane|spd|1\n|\n|upkeep\n|turn|8\n|\n|t:|1682596832\n|move|p1b: Chien-Pao|Sucker Punch|p2b: Flutter Mane\n|-damage|p2b: Flutter Mane|0 fnt\n|faint|p2b: Flutter Mane\n|-end|p2b: Flutter Mane|Protosynthesis|[silent]\n|\n|win|Laura Pauseenee\n|raw|Laura Pauseenee's rating: 1208 → 1230<\/strong> (+22 for winning)\n|raw|SkylarStrikes's rating: 1166 → 1144<\/strong> (-22 for losing)\n","uploadtime":1682596839,"views":12,"p1id":"laurapauseenee","p2id":"skylarstrikes","formatid":"gen9vgc2023regulationc","rating":1144,"private":0,"password":""}