{"id":"gen9vgc2023regulationc-1861149998","p1":"iMew2701","p2":"Aigashu-15","format":"[Gen 9] VGC 2023 Regulation C","log":"|j|\u2606iMew2701\n|j|\u2606Aigashu-15\n|t:|1683730956\n|gametype|doubles\n|player|p1|iMew2701|169|1131\n|player|p2|Aigashu-15|102|1106\n|teamsize|p1|6\n|teamsize|p2|6\n|gen|9\n|tier|[Gen 9] VGC 2023 Regulation C\n|rated|\n|rule|Species Clause: Limit one of each Pok\u00e9mon\n|rule|Item Clause: Limit one of each item\n|clearpoke\n|poke|p1|Flutter Mane, L50|\n|poke|p1|Tauros-Paldea-Blaze, L50, M|\n|poke|p1|Leafeon, L50, M|\n|poke|p1|Roaring Moon, L50|\n|poke|p1|Murkrow, L50, M|\n|poke|p1|Tsareena, L50, F|\n|poke|p2|Arboliva, L50, M|\n|poke|p2|Iron Hands, L50|\n|poke|p2|Farigiraf, L50, M|\n|poke|p2|Ceruledge, L50, M|\n|poke|p2|Corviknight, L50, F|\n|poke|p2|Palafin, L50, M|\n|teampreview|4\nAigashu-15 has agreed to open team sheets.\niMew2701 rejected open team sheets.\n|inactive|Battle timer is ON: inactive players will automatically lose when time's up. (requested by iMew2701)\n|\n|t:|1683730982\n|start\n|switch|p1a: Murkrow|Murkrow, L50, M|100\/100\n|switch|p1b: Leafeon|Leafeon, L50, M|100\/100\n|switch|p2a: Agamenon|Farigiraf, L50, M|100\/100\n|switch|p2b: Manoalegre2|Iron Hands, L50|100\/100\n|turn|1\n|inactive|iMew2701 has 30 seconds left.\n|inactive|iMew2701 has 20 seconds left.\n|\n|t:|1683731020\n|move|p2b: Manoalegre2|Fake Out|p1a: Murkrow\n|-damage|p1a: Murkrow|83\/100\n|cant|p1a: Murkrow|flinch\n|move|p1b: Leafeon|Yawn|p2b: Manoalegre2\n|-start|p2b: Manoalegre2|move: Yawn|[of] p1b: Leafeon\n|move|p2a: Agamenon|Trick Room|p2a: Agamenon\n|-fieldstart|move: Trick Room|[of] p2a: Agamenon\n|\n|upkeep\n|turn|2\n|\n|t:|1683731047\n|-end|p2b: Manoalegre2|Quark Drive|[silent]\n|switch|p2b: Amelio|Ceruledge, L50, M|100\/100\n|-enditem|p2b: Amelio|Room Service\n|-unboost|p2b: Amelio|spe|1|[from] item: Room Service\n|-terastallize|p1b: Leafeon|Fire\n|move|p1a: Murkrow|Sunny Day|p1a: Murkrow\n|-weather|SunnyDay\n|move|p2a: Agamenon|Dazzling Gleam|p1a: Murkrow|[spread] p1a,p1b\n|-supereffective|p1a: Murkrow\n|-resisted|p1b: Leafeon\n|-damage|p1a: Murkrow|50\/100\n|-damage|p1b: Leafeon|87\/100\n|move|p1b: Leafeon|Tera Blast|p2a: Agamenon\n|-damage|p2a: Agamenon|32\/100\n|-damage|p1b: Leafeon|78\/100|[from] item: Life Orb\n|\n|-weather|SunnyDay|[upkeep]\n|upkeep\n|turn|3\n|\n|t:|1683731070\n|move|p2a: Agamenon|Dazzling Gleam|p1b: Leafeon|[spread] p1a,p1b\n|-supereffective|p1a: Murkrow\n|-resisted|p1b: Leafeon\n|-damage|p1a: Murkrow|17\/100\n|-damage|p1b: Leafeon|64\/100\n|move|p2b: Amelio|Bulk Up|p2b: Amelio\n|-boost|p2b: Amelio|atk|1\n|-boost|p2b: Amelio|def|1\n|move|p1a: Murkrow|Foul Play|p2b: Amelio\n|-supereffective|p2b: Amelio\n|-damage|p2b: Amelio|0 fnt\n|faint|p2b: Amelio\n|move|p1b: Leafeon|Yawn|p2a: Agamenon\n|-start|p2a: Agamenon|move: Yawn|[of] p1b: Leafeon\n|\n|-weather|SunnyDay|[upkeep]\n|upkeep\n|\n|t:|1683731080\n|switch|p2b: Manoalegre2|Iron Hands, L50|100\/100\n|turn|4\n|\n|t:|1683731090\n|switch|p1a: Tauros|Tauros-Paldea-Blaze, L50, M|100\/100\n|-ability|p1a: Tauros|Intimidate|boost\n|-unboost|p2a: Agamenon|atk|1\n|-unboost|p2b: Manoalegre2|atk|1\n|move|p1b: Leafeon|Protect|p1b: Leafeon\n|-singleturn|p1b: Leafeon|Protect\n|move|p2b: Manoalegre2|Fake Out|p1b: Leafeon\n|-activate|p1b: Leafeon|move: Protect\n|move|p2a: Agamenon|Dazzling Gleam|p1b: Leafeon|[spread] p1a\n|-activate|p1b: Leafeon|move: Protect\n|-damage|p1a: Tauros|74\/100\n|\n|-weather|SunnyDay|[upkeep]\n|-end|p2a: Agamenon|move: Yawn|[silent]\n|-status|p2a: Agamenon|slp\n|upkeep\n|turn|5\n|inactive|iMew2701 has 30 seconds left.\n|inactive|Aigashu-15 has 30 seconds left.\n|\n|t:|1683731124\n|switch|p2a: KenobiDos|Corviknight, L50, F|100\/100\n|move|p2b: Manoalegre2|Wild Charge|p1a: Tauros\n|-damage|p1a: Tauros|34\/100\n|-damage|p2b: Manoalegre2|94\/100|[from] Recoil\n|move|p1a: Tauros|Raging Bull|p2b: Manoalegre2\n|-damage|p2b: Manoalegre2|46\/100\n|-enditem|p2b: Manoalegre2|Sitrus Berry|[eat]\n|-heal|p2b: Manoalegre2|71\/100|[from] item: Sitrus Berry\n|move|p1b: Leafeon|Yawn|p2b: Manoalegre2\n|-start|p2b: Manoalegre2|move: Yawn|[of] p1b: Leafeon\n|\n|-weather|SunnyDay|[upkeep]\n|-fieldend|move: Trick Room\n|upkeep\n|turn|6\n|inactive|Aigashu-15 has 30 seconds left.\n|\n|t:|1683731155\n|-end|p2b: Manoalegre2|Quark Drive|[silent]\n|switch|p2b: Agamenon|Farigiraf, L50, M|32\/100 slp\n|-terastallize|p2a: KenobiDos|Fire\n|move|p1b: Leafeon|Tera Blast|p2b: Agamenon\n|-damage|p2b: Agamenon|0 fnt\n|faint|p2b: Agamenon\n|-damage|p1b: Leafeon|54\/100|[from] item: Life Orb\n|move|p1a: Tauros|Raging Bull|p2a: KenobiDos\n|-resisted|p2a: KenobiDos\n|-damage|p2a: KenobiDos|74\/100\n|move|p2a: KenobiDos|Bulk Up|p2a: KenobiDos\n|-boost|p2a: KenobiDos|atk|1\n|-boost|p2a: KenobiDos|def|1\n|\n|-weather|none\n|upkeep\n|\n|t:|1683731167\n|switch|p2b: Manoalegre2|Iron Hands, L50|71\/100\n|turn|7\n|\n|t:|1683731179\n|move|p2b: Manoalegre2|Fake Out|p1a: Tauros\n|-damage|p1a: Tauros|14\/100\n|cant|p1a: Tauros|flinch\n|move|p1b: Leafeon|Yawn|p2a: KenobiDos\n|-start|p2a: KenobiDos|move: Yawn|[of] p1b: Leafeon\n|move|p2a: KenobiDos|Brave Bird|p1a: Tauros\n|-supereffective|p1a: Tauros\n|-damage|p1a: Tauros|0 fnt\n|faint|p1a: Tauros\n|-damage|p2a: KenobiDos|70\/100|[from] Recoil\n|\n|upkeep\n|inactive|iMew2701 has 30 seconds left.\n|\n|t:|1683731205\n|switch|p1a: Murkrow|Murkrow, L50, M|17\/100\n|turn|8\n|\n|t:|1683731230\n|move|p1b: Leafeon|Yawn|p2b: Manoalegre2\n|-start|p2b: Manoalegre2|move: Yawn|[of] p1b: Leafeon\n|move|p1a: Murkrow|Foul Play|p2b: Manoalegre2\n|-resisted|p2b: Manoalegre2\n|-damage|p2b: Manoalegre2|51\/100\n|move|p2a: KenobiDos|Bulk Up|p2a: KenobiDos\n|-boost|p2a: KenobiDos|atk|1\n|-boost|p2a: KenobiDos|def|1\n|move|p2b: Manoalegre2|Wild Charge|p1a: Murkrow\n|-supereffective|p1a: Murkrow\n|-damage|p1a: Murkrow|0 fnt\n|faint|p1a: Murkrow\n|-damage|p2b: Manoalegre2|48\/100|[from] Recoil\n|\n|-end|p2a: KenobiDos|move: Yawn|[silent]\n|-status|p2a: KenobiDos|slp\n|-enditem|p2a: KenobiDos|Lum Berry|[eat]\n|-curestatus|p2a: KenobiDos|slp|[msg]\n|upkeep\n|\n|t:|1683731245\n|switch|p1a: Roaring Moon|Roaring Moon, L50|100\/100\n|turn|9\n|\n|t:|1683731256\n|move|p1a: Roaring Moon|Protect|p1a: Roaring Moon\n|-singleturn|p1a: Roaring Moon|Protect\n|move|p1b: Leafeon|Yawn|p2a: KenobiDos\n|-start|p2a: KenobiDos|move: Yawn|[of] p1b: Leafeon\n|move|p2a: KenobiDos|Brave Bird|p1b: Leafeon\n|-damage|p1b: Leafeon|0 fnt\n|faint|p1b: Leafeon\n|-damage|p2a: KenobiDos|57\/100|[from] Recoil\n|move|p2b: Manoalegre2|Drain Punch|p1a: Roaring Moon\n|-activate|p1a: Roaring Moon|move: Protect\n|\n|-end|p2b: Manoalegre2|move: Yawn|[silent]\n|-status|p2b: Manoalegre2|slp\n|upkeep\n|turn|10\n|\n|t:|1683731274\n|move|p1a: Roaring Moon|Scale Shot|p2a: KenobiDos\n|-damage|p2a: KenobiDos|51\/100\n|-damage|p2a: KenobiDos|45\/100\n|-damage|p2a: KenobiDos|39\/100\n|-damage|p2a: KenobiDos|33\/100\n|-damage|p2a: KenobiDos|26\/100\n|-hitcount|p2a: KenobiDos|5\n|-unboost|p1a: Roaring Moon|def|1\n|-boost|p1a: Roaring Moon|spe|1\n|move|p2a: KenobiDos|Brave Bird|p1a: Roaring Moon\n|-damage|p1a: Roaring Moon|0 fnt\n|faint|p1a: Roaring Moon\n|-end|p1a: Roaring Moon|Protosynthesis|[silent]\n|-damage|p2a: KenobiDos|0 fnt|[from] Recoil\n|faint|p2a: KenobiDos\n|\n|win|Aigashu-15\n|raw|iMew2701's rating: 1131 → 1104<\/strong> (-27 for losing)\n|raw|Aigashu-15's rating: 1106 → 1133<\/strong> (+27 for winning)\n|c|\u2606Aigashu-15|gg\n|l|\u2606iMew2701\n","uploadtime":1683731344,"views":8,"p1id":"imew2701","p2id":"aigashu15","formatid":"gen9vgc2023regulationc","rating":1104,"private":0,"password":""}