{"id":"gen9vgc2023regulationc-1848751905","p1":"Ozario94","p2":"LordSno","format":"[Gen 9] VGC 2023 Regulation C","log":"|j|\u2606Ozario94\n|j|\u2606LordSno\n|t:|1682106824\n|gametype|doubles\n|player|p1|Ozario94|unknownf|1187\n|player|p2|LordSno|102|1134\n|teamsize|p1|6\n|teamsize|p2|6\n|gen|9\n|tier|[Gen 9] VGC 2023 Regulation C\n|rated|\n|rule|Species Clause: Limit one of each Pok\u00e9mon\n|rule|Item Clause: Limit one of each item\n|clearpoke\n|poke|p1|Chi-Yu, L50|\n|poke|p1|Flutter Mane, L50|\n|poke|p1|Espathra, L50, M|\n|poke|p1|Gyarados, L50, M|\n|poke|p1|Tsareena, L50, F|\n|poke|p1|Klefki, L50, F|\n|poke|p2|Chi-Yu, L50|\n|poke|p2|Flutter Mane, L50|\n|poke|p2|Torkoal, L50, F|\n|poke|p2|Jumpluff, L50, M|\n|poke|p2|Great Tusk, L50|\n|poke|p2|Wo-Chien, L50|\n|teampreview|4\n|inactive|Battle timer is ON: inactive players will automatically lose when time's up. (requested by Ozario94)\n|\n|t:|1682106854\n|start\n|switch|p1a: Klefki|Klefki, L50, F|100\/100\n|switch|p1b: Flutter Mane|Flutter Mane, L50|100\/100\n|switch|p2a: Wo-Chien|Wo-Chien, L50|100\/100\n|switch|p2b: Jumpluff|Jumpluff, L50, M|100\/100\n|-ability|p2a: Wo-Chien|Tablets of Ruin\n|turn|1\n|inactive|LordSno has 30 seconds left.\n|inactive|LordSno has 20 seconds left.\n|\n|t:|1682106890\n|-end|p1b: Flutter Mane|Protosynthesis|[silent]\n|switch|p1b: Tsareena|Tsareena, L50, F|100\/100\n|-terastallize|p2a: Wo-Chien|Fire\n|move|p1a: Klefki|Thunder Wave|p2b: Jumpluff|[miss]\n|-miss|p1a: Klefki|p2b: Jumpluff\n|move|p2b: Jumpluff|Sleep Powder|p1b: Tsareena\n|-immune|p1b: Tsareena\n|move|p2a: Wo-Chien|Leech Seed|p1b: Tsareena\n|-immune|p1b: Tsareena\n|\n|upkeep\n|turn|2\n|\n|t:|1682106910\n|move|p1a: Klefki|Thunder Wave|p2b: Jumpluff\n|-status|p2b: Jumpluff|par\n|move|p1b: Tsareena|Taunt|p2a: Wo-Chien\n|-start|p2a: Wo-Chien|move: Taunt\n|cant|p2a: Wo-Chien|move: Taunt|Leech Seed\n|move|p2b: Jumpluff|Sleep Powder|p1a: Klefki\n|-status|p1a: Klefki|slp|[from] move: Sleep Powder\n|\n|upkeep\n|turn|3\n|inactive|LordSno has 30 seconds left.\n|\n|t:|1682106935\n|switch|p2a: Torkoal|Torkoal, L50, F|100\/100\n|-weather|SunnyDay|[from] ability: Drought|[of] p2a: Torkoal\n|cant|p1a: Klefki|slp\n|move|p2b: Jumpluff|Tailwind|p2b: Jumpluff\n|-sidestart|p2: LordSno|move: Tailwind\n|move|p1b: Tsareena|Taunt|p2b: Jumpluff\n|-start|p2b: Jumpluff|move: Taunt\n|\n|-weather|SunnyDay|[upkeep]\n|upkeep\n|turn|4\n|\n|t:|1682106953\n|switch|p2b: Wo-Chien|Wo-Chien, L50, tera:Fire|100\/100\n|-ability|p2b: Wo-Chien|Tablets of Ruin\n|-terastallize|p1b: Tsareena|Water\n|cant|p1a: Klefki|slp\n|move|p1b: Tsareena|Low Kick|p2a: Torkoal\n|-damage|p2a: Torkoal|84\/100\n|move|p2a: Torkoal|Heat Wave|p1a: Klefki|[spread] p1a,p1b\n|-supereffective|p1a: Klefki\n|-resisted|p1b: Tsareena\n|-damage|p1a: Klefki|0 fnt\n|-damage|p1b: Tsareena|77\/100\n|faint|p1a: Klefki\n|\n|-weather|SunnyDay|[upkeep]\n|upkeep\n|\n|t:|1682106966\n|switch|p1a: Chi-Yu|Chi-Yu, L50|100\/100\n|-ability|p1a: Chi-Yu|Beads of Ruin\n|turn|5\n|\n|t:|1682106979\n|move|p1a: Chi-Yu|Snarl|p2a: Torkoal|[spread] p2a,p2b\n|-crit|p2b: Wo-Chien\n|-damage|p2a: Torkoal|45\/100\n|-damage|p2b: Wo-Chien|72\/100\n|-unboost|p2a: Torkoal|spa|1\n|-enditem|p2a: Torkoal|Eject Pack\n|-unboost|p2b: Wo-Chien|spa|1\n|\n|t:|1682106986\n|switch|p2a: Jumpluff|Jumpluff, L50, M|100\/100 par\n|move|p2b: Wo-Chien|Leech Seed|p1a: Chi-Yu\n|-start|p1a: Chi-Yu|move: Leech Seed\n|move|p1b: Tsareena|Taunt|p2b: Wo-Chien\n|-start|p2b: Wo-Chien|move: Taunt\n|\n|-weather|SunnyDay|[upkeep]\n|-heal|p2b: Wo-Chien|79\/100|[from] item: Leftovers\n|-damage|p1a: Chi-Yu|88\/100|[from] Leech Seed|[of] p2b: Wo-Chien\n|-heal|p2b: Wo-Chien|87\/100|[silent]\n|upkeep\n|turn|6\n|\n|t:|1682106999\n|switch|p1a: Flutter Mane|Flutter Mane, L50|100\/100\n|-activate|p1a: Flutter Mane|ability: Protosynthesis\n|-start|p1a: Flutter Mane|protosynthesisspe\n|move|p2a: Jumpluff|Sleep Powder|p1a: Flutter Mane\n|-status|p1a: Flutter Mane|slp|[from] move: Sleep Powder\n|move|p2b: Wo-Chien|Giga Drain|p1b: Tsareena\n|-supereffective|p1b: Tsareena\n|-damage|p1b: Tsareena|42\/100\n|-heal|p2b: Wo-Chien|100\/100|[from] drain|[of] p1b: Tsareena\n|-enditem|p1b: Tsareena|Sitrus Berry|[eat]\n|-heal|p1b: Tsareena|67\/100|[from] item: Sitrus Berry\n|move|p1b: Tsareena|Taunt|p2a: Jumpluff\n|-start|p2a: Jumpluff|move: Taunt\n|\n|-weather|SunnyDay|[upkeep]\n|-sideend|p2: LordSno|move: Tailwind\n|upkeep\n|turn|7\n|\n|t:|1682107020\n|cant|p1a: Flutter Mane|slp\n|move|p2a: Jumpluff|Leaf Storm|p1b: Tsareena\n|-supereffective|p1b: Tsareena\n|-crit|p1b: Tsareena\n|-damage|p1b: Tsareena|0 fnt\n|-unboost|p2a: Jumpluff|spa|2\n|faint|p1b: Tsareena\n|move|p2b: Wo-Chien|Ruination|p1a: Flutter Mane\n|-damage|p1a: Flutter Mane|51\/100 slp\n|\n|-weather|none\n|-end|p1a: Flutter Mane|Protosynthesis\n|upkeep\n|\n|t:|1682107023\n|switch|p1b: Chi-Yu|Chi-Yu, L50|88\/100\n|-ability|p1b: Chi-Yu|Beads of Ruin\n|turn|8\n|inactive|LordSno has 30 seconds left.\n|\n|t:|1682107051\n|switch|p2a: Torkoal|Torkoal, L50, F|45\/100\n|-weather|SunnyDay|[from] ability: Drought|[of] p2a: Torkoal\n|-activate|p1a: Flutter Mane|ability: Protosynthesis\n|-start|p1a: Flutter Mane|protosynthesisspe\n|-curestatus|p1a: Flutter Mane|slp|[msg]\n|move|p1a: Flutter Mane|Dazzling Gleam|p2b: Wo-Chien|[spread] p2a,p2b\n|-resisted|p2a: Torkoal\n|-resisted|p2b: Wo-Chien\n|-damage|p2a: Torkoal|2\/100\n|-damage|p2b: Wo-Chien|83\/100\n|move|p1b: Chi-Yu|Heat Wave|p2b: Wo-Chien|[spread] p2a,p2b\n|-resisted|p2a: Torkoal\n|-resisted|p2b: Wo-Chien\n|-damage|p2a: Torkoal|0 fnt\n|-damage|p2b: Wo-Chien|59\/100\n|faint|p2a: Torkoal\n|move|p2b: Wo-Chien|Ruination|p1b: Chi-Yu\n|-damage|p1b: Chi-Yu|44\/100\n|\n|-weather|SunnyDay|[upkeep]\n|-heal|p2b: Wo-Chien|65\/100|[from] item: Leftovers\n|-end|p2b: Wo-Chien|move: Taunt\n|upkeep\n|\n|t:|1682107069\n|switch|p2a: Jumpluff|Jumpluff, L50, M|100\/100 par\n|turn|9\n|\n|t:|1682107080\n|move|p1a: Flutter Mane|Dazzling Gleam|p2b: Wo-Chien|[spread] p2a,p2b\n|-resisted|p2b: Wo-Chien\n|-damage|p2a: Jumpluff|35\/100 par\n|-damage|p2b: Wo-Chien|48\/100\n|move|p1b: Chi-Yu|Heat Wave|p2a: Jumpluff|[spread] p2a,p2b\n|-supereffective|p2a: Jumpluff\n|-resisted|p2b: Wo-Chien\n|-damage|p2a: Jumpluff|0 fnt\n|-damage|p2b: Wo-Chien|24\/100\n|faint|p2a: Jumpluff\n|move|p2b: Wo-Chien|Leech Seed|p1a: Flutter Mane\n|-start|p1a: Flutter Mane|move: Leech Seed\n|\n|-weather|SunnyDay|[upkeep]\n|-heal|p2b: Wo-Chien|30\/100|[from] item: Leftovers\n|-damage|p1a: Flutter Mane|39\/100|[from] Leech Seed|[of] p2b: Wo-Chien\n|-heal|p2b: Wo-Chien|39\/100|[silent]\n|upkeep\n|\n|t:|1682107088\n|switch|p2a: Chi-Yu|Chi-Yu, L50|100\/100\n|-ability|p2a: Chi-Yu|Beads of Ruin\n|turn|10\n|\n|t:|1682107094\n|move|p2a: Chi-Yu|Protect|p2a: Chi-Yu\n|-singleturn|p2a: Chi-Yu|Protect\n|move|p2b: Wo-Chien|Protect|p2b: Wo-Chien\n|-singleturn|p2b: Wo-Chien|Protect\n|move|p1a: Flutter Mane|Dazzling Gleam|p2a: Chi-Yu|[spread] \n|-activate|p2a: Chi-Yu|move: Protect\n|-activate|p2b: Wo-Chien|move: Protect\n|move|p1b: Chi-Yu|Heat Wave|p2b: Wo-Chien|[spread] \n|-activate|p2a: Chi-Yu|move: Protect\n|-activate|p2b: Wo-Chien|move: Protect\n|\n|-weather|SunnyDay|[upkeep]\n|-heal|p2b: Wo-Chien|45\/100|[from] item: Leftovers\n|-damage|p1a: Flutter Mane|26\/100|[from] Leech Seed|[of] p2b: Wo-Chien\n|-heal|p2b: Wo-Chien|53\/100|[silent]\n|upkeep\n|turn|11\n|inactive|LordSno has 30 seconds left.\n|\n|t:|1682107123\n|move|p1a: Flutter Mane|Dazzling Gleam|p2a: Chi-Yu|[spread] p2a,p2b\n|-resisted|p2b: Wo-Chien\n|-damage|p2a: Chi-Yu|45\/100\n|-damage|p2b: Wo-Chien|35\/100\n|move|p1b: Chi-Yu|Heat Wave|p2a: Chi-Yu|[spread] p2a,p2b\n|-resisted|p2a: Chi-Yu\n|-resisted|p2b: Wo-Chien\n|-damage|p2a: Chi-Yu|6\/100\n|-damage|p2b: Wo-Chien|10\/100\n|move|p2a: Chi-Yu|Heat Wave|p1a: Flutter Mane|[spread] p1a,p1b\n|-resisted|p1b: Chi-Yu\n|-damage|p1a: Flutter Mane|0 fnt\n|-damage|p1b: Chi-Yu|6\/100\n|faint|p1a: Flutter Mane\n|-end|p1a: Flutter Mane|Protosynthesis|[silent]\n|-damage|p2a: Chi-Yu|0 fnt|[from] item: Life Orb\n|faint|p2a: Chi-Yu\n|move|p2b: Wo-Chien|Giga Drain|p1b: Chi-Yu\n|-resisted|p1b: Chi-Yu\n|-damage|p1b: Chi-Yu|0 fnt\n|-heal|p2b: Wo-Chien|12\/100|[from] drain|[of] p1b: Chi-Yu\n|faint|p1b: Chi-Yu\n|\n|win|LordSno\n|raw|Ozario94's rating: 1187 → 1158<\/strong> (-29 for losing)\n|raw|LordSno's rating: 1134 → 1163<\/strong> (+29 for winning)\n|l|\u2606Ozario94\n","uploadtime":1682107145,"views":9,"p1id":"ozario94","p2id":"lordsno","formatid":"gen9vgc2023regulationc","rating":1158,"private":0,"password":""}