{"id":"gen9vgc2023regulationc-1857267191","p1":"Krib_Underscore","p2":"HocusPocusAlakazam","format":"[Gen 9] VGC 2023 Regulation C","log":"|j|\u2606Krib_Underscore\n|j|\u2606HocusPocusAlakazam\n|t:|1683165529\n|gametype|doubles\n|player|p1|Krib_Underscore|dancer|1242\n|player|p2|HocusPocusAlakazam|colress|1241\n|teamsize|p1|6\n|teamsize|p2|6\n|gen|9\n|tier|[Gen 9] VGC 2023 Regulation C\n|rated|\n|rule|Species Clause: Limit one of each Pok\u00e9mon\n|rule|Item Clause: Limit one of each item\n|clearpoke\n|poke|p1|Armarouge, L50, M|\n|poke|p1|Indeedee-F, L50, F|\n|poke|p1|Great Tusk, L50|\n|poke|p1|Corviknight, L50, M|\n|poke|p1|Iron Bundle, L50|\n|poke|p1|Roaring Moon, L50|\n|poke|p2|Iron Hands, L50|\n|poke|p2|Bronzong, L50|\n|poke|p2|Ting-Lu, L50|\n|poke|p2|Abomasnow, L50, M|\n|poke|p2|Iron Bundle, L50|\n|poke|p2|Chi-Yu, L50|\n|teampreview|4\nKrib_Underscore has agreed to open team sheets.\nHocusPocusAlakazam has agreed to open team sheets.\n|inactive|Battle timer is ON: inactive players will automatically lose when time's up. (requested by Krib_Underscore)\n|\n|t:|1683165621\n|start\n|switch|p1a: Big Horns|Great Tusk, L50|100\/100\n|switch|p1b: Taxi Service|Corviknight, L50, M, shiny|100\/100\n|switch|p2a: Bronzong|Bronzong, L50|100\/100\n|switch|p2b: Ting-Lu|Ting-Lu, L50|100\/100\n|-ability|p2b: Ting-Lu|Vessel of Ruin\n|turn|1\n|inactive|Krib_Underscore has 30 seconds left.\n|inactive|HocusPocusAlakazam has 30 seconds left.\n|\n|t:|1683165650\n|-terastallize|p2b: Ting-Lu|Grass\n|move|p1a: Big Horns|Knock Off|p2a: Bronzong\n|-supereffective|p2a: Bronzong\n|-damage|p2a: Bronzong|56\/100\n|-enditem|p2a: Bronzong|Leftovers|[from] move: Knock Off|[of] p1a: Big Horns\n|move|p1b: Taxi Service|Tailwind|p1b: Taxi Service\n|-sidestart|p1: Krib_Underscore|move: Tailwind\n|move|p2b: Ting-Lu|Throat Chop|p1b: Taxi Service\n|-damage|p1b: Taxi Service|61\/100\n|-start|p1b: Taxi Service|Throat Chop|[silent]\n|-damage|p2b: Ting-Lu|84\/100|[from] item: Rocky Helmet|[of] p1b: Taxi Service\n|move|p2a: Bronzong|Iron Defense|p2a: Bronzong\n|-boost|p2a: Bronzong|def|2\n|\n|upkeep\n|turn|2\n|inactive|Krib_Underscore has 30 seconds left.\n|inactive|Krib_Underscore has 20 seconds left.\n|inactive|Krib_Underscore has 15 seconds left.\n|\n|t:|1683165691\n|switch|p2b: Iron Hands|Iron Hands, L50|100\/100\n|move|p1a: Big Horns|Close Combat|p2a: Bronzong\n|-damage|p2a: Bronzong|35\/100\n|-unboost|p1a: Big Horns|def|1\n|-unboost|p1a: Big Horns|spd|1\n|move|p1b: Taxi Service|Brave Bird|p2b: Iron Hands\n|-damage|p2b: Iron Hands|73\/100\n|-damage|p1b: Taxi Service|51\/100|[from] Recoil\n|move|p2a: Bronzong|Trick Room|p2a: Bronzong\n|-fieldstart|move: Trick Room|[of] p2a: Bronzong\n|\n|-end|p1b: Taxi Service|Throat Chop|[silent]\n|upkeep\n|turn|3\n|inactive|Krib_Underscore has 30 seconds left.\n|\n|t:|1683165718\n|switch|p1b: Megaman|Armarouge, L50, M|100\/100\n|move|p2b: Iron Hands|Fake Out|p1a: Big Horns\n|-damage|p1a: Big Horns|83\/100\n|move|p2a: Bronzong|Body Press|p1b: Megaman\n|-resisted|p1b: Megaman\n|-damage|p1b: Megaman|73\/100\n|cant|p1a: Big Horns|flinch\n|\n|upkeep\n|turn|4\n|inactive|Krib_Underscore has 30 seconds left.\n|inactive|HocusPocusAlakazam has 30 seconds left.\n|inactive|HocusPocusAlakazam has 20 seconds left.\n|\n|t:|1683165760\n|move|p2a: Bronzong|Gyro Ball|p1b: Megaman\n|-resisted|p1b: Megaman\n|-damage|p1b: Megaman|54\/100\n|move|p2b: Iron Hands|Drain Punch|p1a: Big Horns\n|-crit|p1a: Big Horns\n|-damage|p1a: Big Horns|7\/100\n|-heal|p2b: Iron Hands|100\/100|[from] drain|[of] p1a: Big Horns\n|move|p1b: Megaman|Armor Cannon|p2a: Bronzong\n|-supereffective|p2a: Bronzong\n|-damage|p2a: Bronzong|0 fnt\n|-unboost|p1b: Megaman|def|1\n|-unboost|p1b: Megaman|spd|1\n|faint|p2a: Bronzong\n|-damage|p1b: Megaman|44\/100|[from] item: Life Orb\n|move|p1a: Big Horns|Headlong Rush|p2b: Iron Hands\n|-supereffective|p2b: Iron Hands\n|-damage|p2b: Iron Hands|14\/100\n|-unboost|p1a: Big Horns|def|1\n|-unboost|p1a: Big Horns|spd|1\n|\n|-sideend|p1: Krib_Underscore|move: Tailwind\n|upkeep\n|\n|t:|1683165764\n|switch|p2a: Abomasnow|Abomasnow, L50, M|100\/100\n|-weather|Snow|[from] ability: Snow Warning|[of] p2a: Abomasnow\n|turn|5\n|inactive|Krib_Underscore has 30 seconds left.\n|inactive|Krib_Underscore has 20 seconds left.\n|\n|t:|1683165804\n|move|p1b: Megaman|Protect|p1b: Megaman\n|-singleturn|p1b: Megaman|Protect\n|move|p2b: Iron Hands|Thunder Punch|p1b: Megaman\n|-activate|p1b: Megaman|move: Protect\n|move|p2a: Abomasnow|Blizzard|p1b: Megaman|[spread] p1a\n|-activate|p1b: Megaman|move: Protect\n|-supereffective|p1a: Big Horns\n|-damage|p1a: Big Horns|0 fnt\n|faint|p1a: Big Horns\n|-end|p1a: Big Horns|Protosynthesis|[silent]\n|\n|-weather|Snow|[upkeep]\n|upkeep\n|\n|t:|1683165820\n|switch|p1a: HoHoHomicide|Iron Bundle, L50|100\/100\n|turn|6\n|\n|t:|1683165832\n|move|p1a: HoHoHomicide|Protect|p1a: HoHoHomicide\n|-singleturn|p1a: HoHoHomicide|Protect\n|move|p2b: Iron Hands|Thunder Punch|p1b: Megaman\n|-damage|p1b: Megaman|0 fnt\n|faint|p1b: Megaman\n|move|p2a: Abomasnow|Energy Ball|p1a: HoHoHomicide\n|-activate|p1a: HoHoHomicide|move: Protect\n|\n|-weather|Snow|[upkeep]\n|-fieldend|move: Trick Room\n|upkeep\n|\n|t:|1683165843\n|switch|p1b: Taxi Service|Corviknight, L50, M, shiny|51\/100\n|turn|7\n|\n|t:|1683165862\n|-end|p2b: Iron Hands|Quark Drive|[silent]\n|switch|p2b: Ting-Lu|Ting-Lu, L50, tera:Grass|84\/100\n|-ability|p2b: Ting-Lu|Vessel of Ruin\n|-terastallize|p1b: Taxi Service|Dragon\n|move|p1a: HoHoHomicide|Freeze-Dry|p2b: Ting-Lu\n|-supereffective|p2b: Ting-Lu\n|-damage|p2b: Ting-Lu|45\/100\n|move|p1b: Taxi Service|Tailwind|p1b: Taxi Service\n|-sidestart|p1: Krib_Underscore|move: Tailwind\n|move|p2a: Abomasnow|Blizzard|p1b: Taxi Service|[spread] p1a,p1b\n|-resisted|p1a: HoHoHomicide\n|-supereffective|p1b: Taxi Service\n|-crit|p1b: Taxi Service\n|-damage|p1a: HoHoHomicide|88\/100\n|-damage|p1b: Taxi Service|0 fnt\n|faint|p1b: Taxi Service\n|\n|-weather|Snow|[upkeep]\n|upkeep\n|turn|8\n|\n|t:|1683165881\n|move|p1a: HoHoHomicide|Freeze-Dry|p2a: Abomasnow\n|-damage|p2a: Abomasnow|75\/100\n|move|p2a: Abomasnow|Energy Ball|p1a: HoHoHomicide\n|-supereffective|p1a: HoHoHomicide\n|-damage|p1a: HoHoHomicide|0 fnt\n|faint|p1a: HoHoHomicide\n|-end|p1a: HoHoHomicide|Quark Drive|[silent]\n|\n|win|HocusPocusAlakazam\n|raw|Krib_Underscore's rating: 1242 → 1217<\/strong> (-25 for losing)\n|raw|HocusPocusAlakazam's rating: 1241 → 1266<\/strong> (+25 for winning)\n|c|\u2606Krib_Underscore|gg\n|c|\u2606HocusPocusAlakazam|gg\n","uploadtime":1683165896,"views":4,"p1id":"kribunderscore","p2id":"hocuspocusalakazam","formatid":"gen9vgc2023regulationc","rating":1217,"private":0,"password":""}