{"id":"gen9vgc2023regulationc-1848013944","p1":"VictorbrineCassini","p2":"waterworld james","format":"[Gen 9] VGC 2023 Regulation C","log":"|j|\u2606VictorbrineCassini\n|j|\u2606waterworld james\n|t:|1682020747\n|gametype|doubles\n|player|p1|VictorbrineCassini|169|1094\n|player|p2|waterworld james|baker|1169\n|teamsize|p1|6\n|teamsize|p2|6\n|gen|9\n|tier|[Gen 9] VGC 2023 Regulation C\n|rated|\n|rule|Species Clause: Limit one of each Pok\u00e9mon\n|rule|Item Clause: Limit one of each item\n|clearpoke\n|poke|p1|Lurantis, L50, F|\n|poke|p1|Torkoal, L50, M|\n|poke|p1|Iron Hands, L50|\n|poke|p1|Flutter Mane, L50|\n|poke|p1|Glimmora, L50, F|\n|poke|p1|Farigiraf, L50, M|\n|poke|p2|Scizor, L50, M|\n|poke|p2|Chien-Pao, L50|\n|poke|p2|Dragonite, L50, F|\n|poke|p2|Gyarados, L50, M|\n|poke|p2|Gholdengo, L50|\n|poke|p2|Volcarona, L50, F|\n|teampreview|4\n|\n|t:|1682020790\n|start\n|switch|p1a: Cooking Koal|Torkoal, L50, M|100\/100\n|switch|p1b: Cooking Mane|Flutter Mane, L50|100\/100\n|switch|p2a: Chien-Pao|Chien-Pao, L50|100\/100\n|switch|p2b: Emboar Jr.|Scizor, L50, M|100\/100\n|-ability|p2a: Chien-Pao|Sword of Ruin\n|-weather|SunnyDay|[from] ability: Drought|[of] p1a: Cooking Koal\n|-activate|p1b: Cooking Mane|ability: Protosynthesis\n|-start|p1b: Cooking Mane|protosynthesisspe\n|turn|1\n|\n|t:|1682020822\n|switch|p2a: Volcarona|Volcarona, L50, F|100\/100\n|-terastallize|p2b: Emboar Jr.|Fire\n|move|p1b: Cooking Mane|Dazzling Gleam|p2a: Volcarona|[spread] p2a,p2b\n|-resisted|p2a: Volcarona\n|-resisted|p2b: Emboar Jr.\n|-damage|p2a: Volcarona|87\/100\n|-damage|p2b: Emboar Jr.|81\/100\n|move|p2b: Emboar Jr.|Close Combat|p1a: Cooking Koal\n|-damage|p1a: Cooking Koal|72\/100\n|-unboost|p2b: Emboar Jr.|def|1\n|-unboost|p2b: Emboar Jr.|spd|1\n|move|p1a: Cooking Koal|Eruption|p2b: Emboar Jr.|[spread] p2a,p2b\n|-resisted|p2b: Emboar Jr.\n|-damage|p2a: Volcarona|54\/100\n|-damage|p2b: Emboar Jr.|45\/100\n|\n|-weather|SunnyDay|[upkeep]\n|upkeep\n|turn|2\n|\n|t:|1682020858\n|switch|p1a: Cooking Hands|Iron Hands, L50|100\/100\n|-enditem|p1a: Cooking Hands|Booster Energy\n|-activate|p1a: Cooking Hands|ability: Quark Drive|[fromitem]\n|-start|p1a: Cooking Hands|quarkdriveatk\n|move|p2b: Emboar Jr.|Bullet Punch|p1b: Cooking Mane\n|-supereffective|p1b: Cooking Mane\n|-damage|p1b: Cooking Mane|0 fnt\n|faint|p1b: Cooking Mane\n|-end|p1b: Cooking Mane|Protosynthesis|[silent]\n|move|p2a: Volcarona|Struggle Bug|p1a: Cooking Hands\n|-resisted|p1a: Cooking Hands\n|-damage|p1a: Cooking Hands|87\/100\n|-unboost|p1a: Cooking Hands|spa|1\n|\n|-weather|SunnyDay|[upkeep]\n|upkeep\n|\n|t:|1682020873\n|switch|p1b: Geeta|Glimmora, L50, F|100\/100\n|turn|3\n|\n|t:|1682020914\n|switch|p2b: Dragonite|Dragonite, L50, F|100\/100\n|move|p1b: Geeta|Power Gem|p2a: Volcarona\n|-supereffective|p2a: Volcarona\n|-damage|p2a: Volcarona|0 fnt\n|faint|p2a: Volcarona\n|move|p1a: Cooking Hands|Drain Punch|p2b: Dragonite\n|-resisted|p2b: Dragonite\n|-damage|p2b: Dragonite|74\/100\n|-heal|p1a: Cooking Hands|99\/100|[from] drain|[of] p2b: Dragonite\n|\n|-weather|SunnyDay|[upkeep]\n|upkeep\n|\n|t:|1682020934\n|switch|p2a: Chien-Pao|Chien-Pao, L50|100\/100\n|-ability|p2a: Chien-Pao|Sword of Ruin\n|turn|4\n|\n|t:|1682020959\n|move|p2a: Chien-Pao|Protect|p2a: Chien-Pao\n|-singleturn|p2a: Chien-Pao|Protect\n|move|p1b: Geeta|Dazzling Gleam|p2b: Dragonite|[spread] p2b\n|-activate|p2a: Chien-Pao|move: Protect\n|-supereffective|p2b: Dragonite\n|-damage|p2b: Dragonite|38\/100\n|move|p2b: Dragonite|Dragon Claw|p1a: Cooking Hands\n|-damage|p1a: Cooking Hands|55\/100\n|move|p1a: Cooking Hands|Close Combat|p2a: Chien-Pao\n|-activate|p2a: Chien-Pao|move: Protect\n|\n|-weather|SunnyDay|[upkeep]\n|upkeep\n|turn|5\n|\n|t:|1682020992\n|move|p2b: Dragonite|Extreme Speed|p1a: Cooking Hands\n|-damage|p1a: Cooking Hands|28\/100\n|move|p2a: Chien-Pao|Ice Spinner|p1a: Cooking Hands\n|-damage|p1a: Cooking Hands|0 fnt\n|faint|p1a: Cooking Hands\n|-end|p1a: Cooking Hands|Quark Drive|[silent]\n|move|p1b: Geeta|Dazzling Gleam|p2b: Dragonite|[spread] p2a,p2b\n|-supereffective|p2a: Chien-Pao\n|-supereffective|p2b: Dragonite\n|-damage|p2a: Chien-Pao|32\/100\n|-damage|p2b: Dragonite|0 fnt\n|faint|p2b: Dragonite\n|\n|-weather|none\n|upkeep\n|\n|t:|1682021007\n|switch|p2b: Emboar Jr.|Scizor, L50, M, tera:Fire|45\/100\n|switch|p1a: Cooking Koal|Torkoal, L50, M|72\/100\n|-weather|SunnyDay|[from] ability: Drought|[of] p1a: Cooking Koal\n|turn|6\n|\n|t:|1682021031\n|move|p1a: Cooking Koal|Protect|p1a: Cooking Koal\n|-singleturn|p1a: Cooking Koal|Protect\n|move|p2a: Chien-Pao|Sucker Punch||[still]\n|-fail|p2a: Chien-Pao\n|move|p2b: Emboar Jr.|Bullet Punch|p1b: Geeta\n|-supereffective|p1b: Geeta\n|-enditem|p1b: Geeta|Focus Sash\n|-damage|p1b: Geeta|1\/100\n|-activate|p1b: Geeta|ability: Toxic Debris\n|-sidestart|p2: waterworld james|move: Toxic Spikes\n|move|p1b: Geeta|Power Gem|p2b: Emboar Jr.\n|-supereffective|p2b: Emboar Jr.\n|-damage|p2b: Emboar Jr.|0 fnt\n|faint|p2b: Emboar Jr.\n|\n|-weather|SunnyDay|[upkeep]\n|upkeep\n|turn|7\n|\n|t:|1682021049\n|move|p2a: Chien-Pao|Sucker Punch|p1a: Cooking Koal\n|-damage|p1a: Cooking Koal|43\/100\n|move|p1b: Geeta|Power Gem|p2a: Chien-Pao\n|-supereffective|p2a: Chien-Pao\n|-crit|p2a: Chien-Pao\n|-damage|p2a: Chien-Pao|0 fnt\n|faint|p2a: Chien-Pao\n|\n|win|VictorbrineCassini\n|raw|VictorbrineCassini's rating: 1094 → 1125<\/strong> (+31 for winning)\n|raw|waterworld james's rating: 1169 → 1139<\/strong> (-30 for losing)\n","uploadtime":1682021072,"views":12,"p1id":"victorbrinecassini","p2id":"waterworldjames","formatid":"gen9vgc2023regulationc","rating":1125,"private":0,"password":""}