{"id":"gen9vgc2023regulationc-1857931065","p1":"Leuco9","p2":"a frustration alt","format":"[Gen 9] VGC 2023 Regulation C","log":"|j|\u2606Leuco9\n|j|\u2606a frustration alt\n|t:|1683248814\n|gametype|doubles\n|player|p1|Leuco9|acetrainer|1152\n|player|p2|a frustration alt|alder|1262\n|teamsize|p1|6\n|teamsize|p2|6\n|gen|9\n|tier|[Gen 9] VGC 2023 Regulation C\n|rated|\n|rule|Species Clause: Limit one of each Pok\u00e9mon\n|rule|Item Clause: Limit one of each item\n|clearpoke\n|poke|p1|Flutter Mane, L50|\n|poke|p1|Garchomp, L50, M|\n|poke|p1|Jumpluff, L50, F|\n|poke|p1|Tyranitar, L50, M|\n|poke|p1|Magnezone, L50|\n|poke|p1|Azumarill, L50, F|\n|poke|p2|Torkoal, L50, F|\n|poke|p2|Jumpluff, L50, F|\n|poke|p2|Flutter Mane, L50|\n|poke|p2|Great Tusk, L50|\n|poke|p2|Chien-Pao, L50|\n|poke|p2|Kingambit, L50, M|\n|teampreview|4\n|inactive|Battle timer is ON: inactive players will automatically lose when time's up. (requested by Leuco9)\n|inactive|Leuco9 has 60 seconds left.\n|inactive|a frustration alt has 60 seconds left.\n|inactive|Leuco9 has 30 seconds left.\n|inactive|a frustration alt has 30 seconds left.\n|inactive|Leuco9 has 20 seconds left.\n|\n|t:|1683248891\n|start\n|switch|p1a: Melenaleteo|Flutter Mane, L50|100\/100\n|switch|p1b: Jumpluff|Jumpluff, L50, F, shiny|100\/100\n|switch|p2a: Flutter Mane|Flutter Mane, L50|100\/100\n|switch|p2b: Kingambit|Kingambit, L50, M|100\/100\n|-enditem|p1a: Melenaleteo|Booster Energy\n|-activate|p1a: Melenaleteo|ability: Protosynthesis|[fromitem]\n|-start|p1a: Melenaleteo|protosynthesisspe\n|turn|1\n|inactive|a frustration alt has 30 seconds left.\n|\n|t:|1683248922\n|move|p1b: Jumpluff|Rage Powder|p1b: Jumpluff\n|-singleturn|p1b: Jumpluff|move: Rage Powder\n|move|p1a: Melenaleteo|Shadow Ball|p2a: Flutter Mane\n|-supereffective|p2a: Flutter Mane\n|-damage|p2a: Flutter Mane|24\/100\n|-unboost|p2a: Flutter Mane|spd|1\n|move|p2a: Flutter Mane|Shadow Ball|p1b: Jumpluff\n|-damage|p1b: Jumpluff|40\/100\n|move|p2b: Kingambit|Kowtow Cleave|p1b: Jumpluff\n|-damage|p1b: Jumpluff|0 fnt\n|faint|p1b: Jumpluff\n|\n|upkeep\n|\n|t:|1683248935\n|switch|p1b: Garchomp|Garchomp, L50, M|100\/100\n|turn|2\n|\n|t:|1683248955\n|-end|p2a: Flutter Mane|Protosynthesis|[silent]\n|switch|p2a: Torkoal|Torkoal, L50, F|100\/100\n|-weather|SunnyDay|[from] ability: Drought|[of] p2a: Torkoal\n|-terastallize|p1b: Garchomp|Ground\n|move|p2b: Kingambit|Sucker Punch|p1a: Melenaleteo\n|-damage|p1a: Melenaleteo|1\/100\n|move|p1a: Melenaleteo|Dazzling Gleam|p2a: Torkoal|[spread] p2a,p2b\n|-resisted|p2a: Torkoal\n|-damage|p2a: Torkoal|83\/100\n|-damage|p2b: Kingambit|80\/100\n|move|p1b: Garchomp|Stomping Tantrum|p2b: Kingambit\n|-supereffective|p2b: Kingambit\n|-damage|p2b: Kingambit|6\/100\n|\n|-weather|SunnyDay|[upkeep]\n|upkeep\n|turn|3\n|inactive|a frustration alt has 30 seconds left.\n|inactive|a frustration alt has 20 seconds left.\n|inactive|a frustration alt has 15 seconds left.\n|inactive|a frustration alt has 10 seconds left.\n|\n|t:|1683249001\n|move|p1a: Melenaleteo|Protect|p1a: Melenaleteo\n|-singleturn|p1a: Melenaleteo|Protect\n|move|p2b: Kingambit|Sucker Punch|p1b: Garchomp\n|-damage|p1b: Garchomp|56\/100\n|move|p1b: Garchomp|Rock Slide|p2a: Torkoal|[spread] p2a,p2b\n|-supereffective|p2a: Torkoal\n|-resisted|p2b: Kingambit\n|-damage|p2a: Torkoal|54\/100\n|-damage|p2b: Kingambit|0 fnt\n|faint|p2b: Kingambit\n|cant|p2a: Torkoal|flinch\n|\n|-weather|SunnyDay|[upkeep]\n|upkeep\n|\n|t:|1683249011\n|switch|p2b: Great Tusk|Great Tusk, L50|100\/100\n|-activate|p2b: Great Tusk|ability: Protosynthesis\n|-start|p2b: Great Tusk|protosynthesisatk\n|turn|4\n|\n|t:|1683249031\n|move|p2a: Torkoal|Helping Hand|p2b: Great Tusk\n|-singleturn|p2b: Great Tusk|Helping Hand|[of] p2a: Torkoal\n|move|p1a: Melenaleteo|Dazzling Gleam|p2b: Great Tusk|[spread] p2a,p2b\n|-resisted|p2a: Torkoal\n|-supereffective|p2b: Great Tusk\n|-crit|p2b: Great Tusk\n|-damage|p2a: Torkoal|38\/100\n|-damage|p2b: Great Tusk|0 fnt\n|faint|p2b: Great Tusk\n|-end|p2b: Great Tusk|Protosynthesis|[silent]\n|move|p1b: Garchomp|Stomping Tantrum|p2a: Torkoal\n|-supereffective|p2a: Torkoal\n|-damage|p2a: Torkoal|0 fnt\n|faint|p2a: Torkoal\n|\n|-weather|SunnyDay|[upkeep]\n|upkeep\n|\n|t:|1683249037\n|switch|p2b: Flutter Mane|Flutter Mane, L50|24\/100\n|-activate|p2b: Flutter Mane|ability: Protosynthesis\n|-start|p2b: Flutter Mane|protosynthesisspe\n|turn|5\n|\n|t:|1683249042\n|switch|p1b: Tyranitar|Tyranitar, L50, M|100\/100\n|-weather|Sandstorm|[from] ability: Sand Stream|[of] p1b: Tyranitar\n|-end|p2b: Flutter Mane|Protosynthesis\n|-terastallize|p2b: Flutter Mane|Water\n|move|p1a: Melenaleteo|Shadow Ball|p2b: Flutter Mane\n|-damage|p2b: Flutter Mane|0 fnt\n|faint|p2b: Flutter Mane\n|-end|p2b: Flutter Mane|Protosynthesis|[silent]\n|\n|win|Leuco9\n|raw|Leuco9's rating: 1152 → 1185<\/strong> (+33 for winning)\n|raw|a frustration alt's rating: 1262 → 1229<\/strong> (-33 for losing)\n|c|\u2606Leuco9|gg\n|l|\u2606a frustration alt\n","uploadtime":1683249051,"views":9,"p1id":"leuco9","p2id":"afrustrationalt","formatid":"gen9vgc2023regulationc","rating":1185,"private":0,"password":""}