{"id":"gen9vgc2023regulationc-1863831260","p1":"Beru98","p2":"Yeetawheat","format":"[Gen 9] VGC 2023 Regulation C","log":"|j|\u2606Beru98\n|j|\u2606Yeetawheat\n|t:|1684083022\n|gametype|doubles\n|player|p1|Beru98|170|\n|player|p2|Yeetawheat|2|\n|teamsize|p1|6\n|teamsize|p2|6\n|gen|9\n|tier|[Gen 9] VGC 2023 Regulation C\n|rule|Species Clause: Limit one of each Pok\u00e9mon\n|rule|Item Clause: Limit one of each item\n|clearpoke\n|poke|p1|Iron Jugulis, L50|\n|poke|p1|Great Tusk, L50|\n|poke|p1|Flutter Mane, L50|\n|poke|p1|Gyarados, L50, F|\n|poke|p1|Kingambit, L50, F|\n|poke|p1|Amoonguss, L50, M|\n|poke|p2|Scizor, L50, M|\n|poke|p2|Tauros-Paldea-Aqua, L50, M|\n|poke|p2|Rotom-Heat, L50|\n|poke|p2|Flutter Mane, L50|\n|poke|p2|Ting-Lu, L50|\n|poke|p2|Amoonguss, L50, M|\n|teampreview|4\nYeetawheat has agreed to open team sheets.\nBeru98 has agreed to open team sheets.\n|c|\u2606Yeetawheat|glhf!\n|c|\u2606Yeetawheat|g1\n|c|\u2606Beru98|Gl!\n|\n|t:|1684083121\n|start\n|switch|p1a: Kingambit|Kingambit, L50, F|100\/100\n|switch|p1b: Iron Jugulis|Iron Jugulis, L50|100\/100\n|switch|p2a: Flutter Mane|Flutter Mane, L50|100\/100\n|switch|p2b: Scizor|Scizor, L50, M|100\/100\n|-enditem|p2a: Flutter Mane|Booster Energy\n|-activate|p2a: Flutter Mane|ability: Protosynthesis|[fromitem]\n|-start|p2a: Flutter Mane|protosynthesisspe\n|-enditem|p1b: Iron Jugulis|Booster Energy\n|-activate|p1b: Iron Jugulis|ability: Quark Drive|[fromitem]\n|-start|p1b: Iron Jugulis|quarkdrivespe\n|turn|1\n|\n|t:|1684083161\n|-terastallize|p1a: Kingambit|Fire\n|move|p2a: Flutter Mane|Moonblast|p1b: Iron Jugulis\n|-supereffective|p1b: Iron Jugulis\n|-damage|p1b: Iron Jugulis|2\/100\n|move|p1b: Iron Jugulis|Tailwind|p1b: Iron Jugulis\n|-sidestart|p1: Beru98|move: Tailwind\n|move|p1a: Kingambit|Kowtow Cleave|p2b: Scizor\n|-damage|p2b: Scizor|54\/100\n|move|p2b: Scizor|Swords Dance|p2b: Scizor\n|-boost|p2b: Scizor|atk|2\n|\n|upkeep\n|turn|2\n|\n|t:|1684083180\n|move|p1a: Kingambit|Sucker Punch|p2a: Flutter Mane\n|-damage|p2a: Flutter Mane|25\/100\n|move|p2b: Scizor|Bullet Punch|p1b: Iron Jugulis\n|-damage|p1b: Iron Jugulis|0 fnt\n|faint|p1b: Iron Jugulis\n|-end|p1b: Iron Jugulis|Quark Drive|[silent]\n|move|p2a: Flutter Mane|Shadow Ball|p1a: Kingambit\n|-damage|p1a: Kingambit|75\/100\n|\n|upkeep\n|\n|t:|1684083190\n|switch|p1b: Great Tusk|Great Tusk, L50|100\/100\n|turn|3\n|\n|t:|1684083205\n|switch|p1a: Gyarados|Gyarados, L50, F|100\/100\n|-ability|p1a: Gyarados|Intimidate|boost\n|-unboost|p2a: Flutter Mane|atk|1\n|-fail|p2b: Scizor|unboost|[from] item: Clear Amulet|[of] p2b: Scizor\n|move|p1b: Great Tusk|Earthquake|p2a: Flutter Mane|[spread] p2a,p2b\n|-immune|p1a: Gyarados\n|-damage|p2a: Flutter Mane|0 fnt\n|-damage|p2b: Scizor|15\/100\n|faint|p2a: Flutter Mane\n|-end|p2a: Flutter Mane|Protosynthesis|[silent]\n|move|p2b: Scizor|Pounce|p1b: Great Tusk\n|-resisted|p1b: Great Tusk\n|-damage|p1b: Great Tusk|72\/100\n|-unboost|p1b: Great Tusk|spe|1\n|\n|upkeep\n|\n|t:|1684083227\n|switch|p2a: Tauros|Tauros-Paldea-Aqua, L50, M|100\/100\n|-ability|p2a: Tauros|Intimidate|boost\n|-unboost|p1a: Gyarados|atk|1\n|-unboost|p1b: Great Tusk|atk|1\n|turn|4\n|\n|t:|1684083243\n|-terastallize|p2a: Tauros|Grass\n|move|p2b: Scizor|Bullet Punch|p1a: Gyarados\n|-resisted|p1a: Gyarados\n|-damage|p1a: Gyarados|72\/100\n|move|p1b: Great Tusk|Earthquake|p2a: Tauros|[spread] p2a,p2b\n|-immune|p1a: Gyarados\n|-resisted|p2a: Tauros\n|-damage|p2a: Tauros|86\/100\n|-damage|p2b: Scizor|0 fnt\n|faint|p2b: Scizor\n|move|p1a: Gyarados|Thunder Wave|p2a: Tauros\n|-status|p2a: Tauros|par\n|cant|p2a: Tauros|par\n|\n|-sideend|p1: Beru98|move: Tailwind\n|upkeep\n|\n|t:|1684083254\n|switch|p2b: Rotom|Rotom-Heat, L50|100\/100\n|turn|5\n|\n|t:|1684083267\n|-end|p1b: Great Tusk|Protosynthesis|[silent]\n|switch|p1b: Kingambit|Kingambit, L50, F, tera:Fire|75\/100\n|move|p1a: Gyarados|Protect|p1a: Gyarados\n|-singleturn|p1a: Gyarados|Protect\n|move|p2b: Rotom|Thunderbolt|p1a: Gyarados\n|-activate|p1a: Gyarados|move: Protect\n|move|p2a: Tauros|Trailblaze|p1b: Kingambit\n|-resisted|p1b: Kingambit\n|-damage|p1b: Kingambit|66\/100\n|-boost|p2a: Tauros|spe|1\n|\n|upkeep\n|turn|6\n|\n|t:|1684083294\n|move|p1b: Kingambit|Sucker Punch|p2b: Rotom\n|-damage|p2b: Rotom|56\/100\n|move|p2b: Rotom|Thunderbolt|p1a: Gyarados\n|-supereffective|p1a: Gyarados\n|-damage|p1a: Gyarados|0 fnt\n|faint|p1a: Gyarados\n|cant|p2a: Tauros|par\n|\n|upkeep\n|\n|t:|1684083301\n|switch|p1a: Great Tusk|Great Tusk, L50|72\/100\n|turn|7\n|\n|t:|1684083313\n|move|p1b: Kingambit|Sucker Punch|p2a: Tauros\n|-damage|p2a: Tauros|45\/100 par\n|move|p1a: Great Tusk|Rock Slide|p2a: Tauros|[spread] p2a,p2b\n|-supereffective|p2b: Rotom\n|-damage|p2a: Tauros|24\/100 par\n|-damage|p2b: Rotom|12\/100\n|-enditem|p2b: Rotom|Sitrus Berry|[eat]\n|-heal|p2b: Rotom|37\/100|[from] item: Sitrus Berry\n|cant|p2a: Tauros|flinch\n|cant|p2b: Rotom|flinch\n|\n|upkeep\n|turn|8\n|\n|t:|1684083331\n|move|p1b: Kingambit|Sucker Punch|p2a: Tauros\n|-damage|p2a: Tauros|0 fnt\n|faint|p2a: Tauros\n|move|p1a: Great Tusk|Rock Slide|p2b: Rotom|[miss]\n|-miss|p1a: Great Tusk|p2b: Rotom\n|move|p2b: Rotom|Overheat|p1a: Great Tusk\n|-damage|p1a: Great Tusk|0 fnt\n|-unboost|p2b: Rotom|spa|2\n|faint|p1a: Great Tusk\n|-end|p1a: Great Tusk|Protosynthesis|[silent]\n|\n|upkeep\n|turn|9\n|\n|t:|1684083353\n|move|p2b: Rotom|Protect|p2b: Rotom\n|-singleturn|p2b: Rotom|Protect\n|move|p1b: Kingambit|Kowtow Cleave|p2b: Rotom\n|-activate|p2b: Rotom|move: Protect\n|\n|upkeep\n|turn|10\n|\n|t:|1684083358\n|move|p2b: Rotom|Thunderbolt|p1b: Kingambit\n|-damage|p1b: Kingambit|52\/100\n|move|p1b: Kingambit|Kowtow Cleave|p2b: Rotom\n|-damage|p2b: Rotom|0 fnt\n|faint|p2b: Rotom\n|\n|win|Beru98\n|c|\u2606Yeetawheat|gg g1\n|c|\u2606Beru98|gg\n|l|\u2606Beru98\n","uploadtime":1684084039,"views":12,"p1id":"beru98","p2id":"yeetawheat","formatid":"gen9vgc2023regulationc","rating":0,"private":0,"password":""}