{"id":"gen9vgc2023regulationc-1852891552","p1":"Real GLaDOS","p2":"Jbenn","format":"[Gen 9] VGC 2023 Regulation C","log":"|j|\u2606Real GLaDOS\n|j|\u2606Jbenn\n|t:|1682614990\n|gametype|doubles\n|player|p1|Real GLaDOS|102|\n|player|p2|Jbenn|steven|\n|teamsize|p1|6\n|teamsize|p2|6\n|gen|9\n|tier|[Gen 9] VGC 2023 Regulation C\n|rated|Tournament battle\n|rule|Species Clause: Limit one of each Pok\u00e9mon\n|rule|Item Clause: Limit one of each item\n|clearpoke\n|poke|p1|Torkoal, L50, F|\n|poke|p1|Lilligant, L50, F|\n|poke|p1|Dragonite, L50, F|\n|poke|p1|Flutter Mane, L50|\n|poke|p1|Great Tusk, L50|\n|poke|p1|Iron Bundle, L50|\n|poke|p2|Roaring Moon, L50|\n|poke|p2|Great Tusk, L50|\n|poke|p2|Gholdengo, L50|\n|poke|p2|Hariyama, L50, F|\n|poke|p2|Mimikyu, L50, F|\n|poke|p2|Gyarados, L50, M|\n|teampreview|4\nReal GLaDOS has agreed to open team sheets.\nJbenn has agreed to open team sheets.\n|c|\u2606Jbenn|glhf\n|c|\u2606Real GLaDOS|u2\n|\n|t:|1682615088\n|start\n|switch|p1a: Maserati|Dragonite, L50, F|100\/100\n|switch|p1b: Raisenzahn|Great Tusk, L50|100\/100\n|switch|p2a: Yokozuna|Hariyama, L50, F, shiny|100\/100\n|switch|p2b: Haku|Gyarados, L50, M, shiny|100\/100\n|-ability|p2b: Haku|Intimidate|boost\n|-fail|p1a: Maserati|unboost|Attack|[from] ability: Inner Focus|[of] p1a: Maserati\n|-unboost|p1b: Raisenzahn|atk|1\n|turn|1\n|\n|t:|1682615147\n|-terastallize|p1a: Maserati|Flying\n|move|p2a: Yokozuna|Fake Out|p1b: Raisenzahn\n|-damage|p1b: Raisenzahn|90\/100\n|cant|p1b: Raisenzahn|flinch\n|move|p1a: Maserati|Tera Blast|p2a: Yokozuna\n|-supereffective|p2a: Yokozuna\n|-damage|p2a: Yokozuna|0 fnt\n|faint|p2a: Yokozuna\n|move|p2b: Haku|Waterfall|p1b: Raisenzahn\n|-supereffective|p1b: Raisenzahn\n|-damage|p1b: Raisenzahn|33\/100\n|\n|upkeep\n|\n|t:|1682615164\n|switch|p2a: Casper|Mimikyu, L50, F|100\/100\n|turn|2\n|j| Radio Free C-Side\n|\n|t:|1682615212\n|move|p1b: Raisenzahn|Rock Slide|p2a: Casper|[spread] p2a,p2b\n|-supereffective|p2b: Haku\n|-activate|p2a: Casper|ability: Disguise\n|-damage|p2a: Casper|100\/100\n|-damage|p2b: Haku|72\/100\n|detailschange|p2a: Casper|Mimikyu-Busted, L50, F\n|-damage|p2a: Casper|88\/100|[from] pokemon: Mimikyu-Busted\n|move|p2b: Haku|Waterfall|p1b: Raisenzahn\n|-supereffective|p1b: Raisenzahn\n|-damage|p1b: Raisenzahn|0 fnt\n|faint|p1b: Raisenzahn\n|-end|p1b: Raisenzahn|Protosynthesis|[silent]\n|move|p1a: Maserati|Tera Blast|p2b: Haku\n|-damage|p2b: Haku|18\/100\n|cant|p2a: Casper|flinch\n|\n|upkeep\n|c|\u2606Jbenn|lit\n|\n|t:|1682615249\n|switch|p1b: Agatha|Flutter Mane, L50, shiny|100\/100\n|turn|3\n|c|\u2606Real GLaDOS|sorry man\n|\n|t:|1682615271\n|switch|p2b: 50 Cent|Gholdengo, L50|100\/100\n|-terastallize|p2a: Casper|Water\n|move|p1a: Maserati|Extreme Speed|p2b: 50 Cent\n|-immune|p2b: 50 Cent\n|move|p1b: Agatha|Shadow Ball|p2a: Casper\n|-damage|p2a: Casper|22\/100\n|-unboost|p2a: Casper|spd|1\n|-enditem|p2a: Casper|Sitrus Berry|[eat]\n|-heal|p2a: Casper|47\/100|[from] item: Sitrus Berry\n|move|p2a: Casper|Trick Room|p2a: Casper\n|-fieldstart|move: Trick Room|[of] p2a: Casper\n|\n|upkeep\n|turn|4\n|c|\u2606Real GLaDOS|how it goes sometimes\n|\n|t:|1682615317\n|move|p1a: Maserati|Extreme Speed|p2a: Casper\n|-damage|p2a: Casper|8\/100\n|move|p2b: 50 Cent|Make It Rain|p1b: Agatha|[spread] p1a,p1b\n|-supereffective|p1b: Agatha\n|-damage|p1a: Maserati|53\/100\n|-damage|p1b: Agatha|0 fnt\n|-unboost|p2b: 50 Cent|spa|1\n|faint|p1b: Agatha\n|-end|p1b: Agatha|Protosynthesis|[silent]\n|move|p2a: Casper|Play Rough|p1a: Maserati\n|-damage|p1a: Maserati|19\/100\n|\n|upkeep\n|\n|t:|1682615323\n|switch|p1b: Iron Bundle|Iron Bundle, L50|100\/100\n|-enditem|p1b: Iron Bundle|Booster Energy\n|-activate|p1b: Iron Bundle|ability: Quark Drive|[fromitem]\n|-start|p1b: Iron Bundle|quarkdrivespe\n|turn|5\n|\n|t:|1682615347\n|move|p1b: Iron Bundle|Protect|p1b: Iron Bundle\n|-singleturn|p1b: Iron Bundle|Protect\n|move|p1a: Maserati|Extreme Speed|p2a: Casper\n|-damage|p2a: Casper|0 fnt\n|faint|p2a: Casper\n|move|p2b: 50 Cent|Make It Rain|p1a: Maserati|[spread] p1a\n|-activate|p1b: Iron Bundle|move: Protect\n|-damage|p1a: Maserati|0 fnt\n|-unboost|p2b: 50 Cent|spa|1\n|faint|p1a: Maserati\n|\n|upkeep\n|\n|t:|1682615350\n|switch|p2a: Haku|Gyarados, L50, M, shiny|18\/100\n|-ability|p2a: Haku|Intimidate|boost\n|-unboost|p1b: Iron Bundle|atk|1\n|turn|6\n|c| Radio Free C-Side|triple protect moment\n|\n|t:|1682615389\n|move|p2b: 50 Cent|Nasty Plot|p2b: 50 Cent\n|-boost|p2b: 50 Cent|spa|2\n|move|p2a: Haku|Thunder Wave|p1b: Iron Bundle\n|-status|p1b: Iron Bundle|par\n|cant|p1b: Iron Bundle|par\n|\n|upkeep\n|turn|7\n|\n|t:|1682615398\n|move|p1b: Iron Bundle|Protect|p1b: Iron Bundle\n|-singleturn|p1b: Iron Bundle|Protect\n|move|p2b: 50 Cent|Thunderbolt|p1b: Iron Bundle\n|-activate|p1b: Iron Bundle|move: Protect\n|move|p2a: Haku|Waterfall|p1b: Iron Bundle\n|-activate|p1b: Iron Bundle|move: Protect\n|\n|-fieldend|move: Trick Room\n|upkeep\n|turn|8\n|\n|t:|1682615407\n|move|p1b: Iron Bundle|Hydro Pump|p2b: 50 Cent|[miss]\n|-miss|p1b: Iron Bundle|p2b: 50 Cent\n|move|p2a: Haku|Waterfall|p1b: Iron Bundle\n|-resisted|p1b: Iron Bundle\n|-damage|p1b: Iron Bundle|77\/100 par\n|move|p2b: 50 Cent|Thunderbolt|p1b: Iron Bundle\n|-supereffective|p1b: Iron Bundle\n|-damage|p1b: Iron Bundle|0 fnt\n|faint|p1b: Iron Bundle\n|-end|p1b: Iron Bundle|Quark Drive|[silent]\n|\n|win|Jbenn\n|n|\u2606Real GLaDOS|realglados\n|n|\u2606Jbenn|jbenn\n|n| Radio Free C-Side|radiofreecside\n|c|\u2606Jbenn|ggs\n|l| Radio Free C-Side\n|c|\u2606Real GLaDOS|yeah you made up for that flinch\n|c|\u2606Real GLaDOS|ggs\n","uploadtime":1682615423,"views":7,"p1id":"realglados","p2id":"jbenn","formatid":"gen9vgc2023regulationc","rating":0,"private":0,"password":""}