{"id":"gen9vgc2023regulationc-1857883902","p1":"littleh4ck","p2":"Iron Daddy","format":"[Gen 9] VGC 2023 Regulation C","log":"|j|\u2606littleh4ck\n|j|\u2606Iron Daddy\n|t:|1683242847\n|gametype|doubles\n|player|p1|littleh4ck|larry|1048\n|player|p2|Iron Daddy|linebacker|1062\n|teamsize|p1|6\n|teamsize|p2|6\n|gen|9\n|tier|[Gen 9] VGC 2023 Regulation C\n|rated|\n|rule|Species Clause: Limit one of each Pok\u00e9mon\n|rule|Item Clause: Limit one of each item\n|clearpoke\n|poke|p1|Kingambit, L50, M|\n|poke|p1|Chien-Pao, L50|\n|poke|p1|Flutter Mane, L50|\n|poke|p1|Amoonguss, L50, F|\n|poke|p1|Dondozo, L50, F|\n|poke|p1|Iron Hands, L50|\n|poke|p2|Clodsire, L50, M|\n|poke|p2|Iron Thorns, L50|\n|poke|p2|Iron Jugulis, L50|\n|poke|p2|Rotom-Frost, L50|\n|poke|p2|Maushold-Four, L50|\n|poke|p2|Mismagius, L50, M|\n|teampreview|4\n|inactive|Battle timer is ON: inactive players will automatically lose when time's up. (requested by littleh4ck)\n|\n|t:|1683242871\n|start\n|switch|p1a: Iron Hands|Iron Hands, L50|100\/100\n|switch|p1b: Amoonguss|Amoonguss, L50, F|100\/100\n|switch|p2a: Iron Jugulis|Iron Jugulis, L50|100\/100\n|switch|p2b: Maushold|Maushold-Four, L50|100\/100\n|turn|1\n|\n|t:|1683242891\n|move|p1a: Iron Hands|Fake Out|p2a: Iron Jugulis\n|-damage|p2a: Iron Jugulis|89\/100\n|move|p2b: Maushold|Follow Me|p2b: Maushold\n|-singleturn|p2b: Maushold|move: Follow Me\n|cant|p2a: Iron Jugulis|flinch\n|move|p1b: Amoonguss|Spore|p2b: Maushold\n|-activate|p2b: Maushold|item: Safety Goggles|Spore\n|\n|upkeep\n|turn|2\n|\n|t:|1683242912\n|move|p2b: Maushold|Follow Me|p2b: Maushold\n|-singleturn|p2b: Maushold|move: Follow Me\n|move|p2a: Iron Jugulis|Electric Terrain|p2a: Iron Jugulis\n|-fieldstart|move: Electric Terrain\n|-activate|p2a: Iron Jugulis|ability: Quark Drive\n|-start|p2a: Iron Jugulis|quarkdrivespe\n|-activate|p1a: Iron Hands|ability: Quark Drive\n|-start|p1a: Iron Hands|quarkdriveatk\n|move|p1a: Iron Hands|Drain Punch|p2b: Maushold\n|-supereffective|p2b: Maushold\n|-damage|p2b: Maushold|0 fnt\n|faint|p2b: Maushold\n|move|p1b: Amoonguss|Pollen Puff|p1a: Iron Hands\n|-immune|p1a: Iron Hands\n|\n|upkeep\n|\n|t:|1683242929\n|switch|p2b: Iron Thorns|Iron Thorns, L50|100\/100\n|-activate|p2b: Iron Thorns|ability: Quark Drive\n|-start|p2b: Iron Thorns|quarkdriveatk\n|turn|3\n|\n|t:|1683242947\n|move|p1b: Amoonguss|Rage Powder|p1b: Amoonguss\n|-singleturn|p1b: Amoonguss|move: Rage Powder\n|move|p2a: Iron Jugulis|Tailwind|p2a: Iron Jugulis\n|-sidestart|p2: Iron Daddy|move: Tailwind\n|move|p2b: Iron Thorns|Earthquake|p1a: Iron Hands|[spread] p1a,p1b\n|-immune|p2a: Iron Jugulis\n|-supereffective|p1a: Iron Hands\n|-damage|p1a: Iron Hands|45\/100\n|-damage|p1b: Amoonguss|68\/100\n|move|p1a: Iron Hands|Close Combat|p2a: Iron Jugulis\n|-damage|p2a: Iron Jugulis|0 fnt\n|-unboost|p1a: Iron Hands|def|1\n|-unboost|p1a: Iron Hands|spd|1\n|faint|p2a: Iron Jugulis\n|-end|p2a: Iron Jugulis|Quark Drive|[silent]\n|\n|upkeep\n|\n|t:|1683242967\n|switch|p2a: Rotom|Rotom-Frost, L50|100\/100\n|turn|4\n|\n|t:|1683242988\n|move|p2a: Rotom|Blizzard|p1a: Iron Hands|[spread] p1a\n|-miss|p2a: Rotom|p1b: Amoonguss\n|-enditem|p2a: Rotom|Blunder Policy\n|-boost|p2a: Rotom|spe|2\n|-damage|p1a: Iron Hands|15\/100\n|move|p2b: Iron Thorns|Earthquake|p1a: Iron Hands|[spread] p1a,p1b\n|-immune|p2a: Rotom|[from] ability: Levitate\n|-supereffective|p1a: Iron Hands\n|-damage|p1a: Iron Hands|0 fnt\n|-damage|p1b: Amoonguss|34\/100\n|faint|p1a: Iron Hands\n|-end|p1a: Iron Hands|Quark Drive|[silent]\n|move|p1b: Amoonguss|Spore|p2b: Iron Thorns\n|-activate|p2b: Iron Thorns|move: Electric Terrain\n|\n|upkeep\n|\n|t:|1683243007\n|switch|p1a: Kingambit|Kingambit, L50, M|100\/100\n|turn|5\n|inactive|Iron Daddy has 30 seconds left.\n|\n|t:|1683243036\n|switch|p1b: Chien-Pao|Chien-Pao, L50|100\/100\n|-ability|p1b: Chien-Pao|Sword of Ruin\n|-terastallize|p1a: Kingambit|Dark\n|move|p2a: Rotom|Blizzard|p1a: Kingambit|[spread] p1a,p1b\n|-resisted|p1b: Chien-Pao\n|-damage|p1a: Kingambit|63\/100\n|-damage|p1b: Chien-Pao|68\/100\n|move|p2b: Iron Thorns|Earthquake|p1a: Kingambit|[spread] p1a,p1b\n|-immune|p2a: Rotom|[from] ability: Levitate\n|-crit|p1a: Kingambit\n|-crit|p1b: Chien-Pao\n|-damage|p1a: Kingambit|9\/100\n|-damage|p1b: Chien-Pao|0 fnt\n|faint|p1b: Chien-Pao\n|move|p1a: Kingambit|Iron Head|p2b: Iron Thorns\n|-damage|p2b: Iron Thorns|62\/100\n|\n|upkeep\n|\n|t:|1683243057\n|switch|p1b: Amoonguss|Amoonguss, L50, F|67\/100\n|turn|6\n|c|\u2606Iron Daddy|I'm sorry for the double crit\n|inactive|littleh4ck has 30 seconds left.\n|c|\u2606littleh4ck|its cool lol\n|inactive|littleh4ck has 20 seconds left.\n|c|\u2606littleh4ck|i love your team its so cool\n|inactive|littleh4ck has 15 seconds left.\n|c|\u2606Iron Daddy|thx\n|\n|t:|1683243099\n|move|p1b: Amoonguss|Protect|p1b: Amoonguss\n|-singleturn|p1b: Amoonguss|Protect\n|move|p2a: Rotom|Blizzard|p1b: Amoonguss|[spread] p1a\n|-activate|p1b: Amoonguss|move: Protect\n|-damage|p1a: Kingambit|0 fnt\n|faint|p1a: Kingambit\n|move|p2b: Iron Thorns|Rock Slide|p1b: Amoonguss\n|-activate|p1b: Amoonguss|move: Protect\n|\n|-sideend|p2: Iron Daddy|move: Tailwind\n|upkeep\n|turn|7\n|c|\u2606Iron Daddy|I like different teams\n|c|\u2606Iron Daddy|iron thorns is a powerhouse that no one uses\n|inactive|Iron Daddy has 30 seconds left.\n|\n|t:|1683243128\n|-terastallize|p2b: Iron Thorns|Grass\n|move|p2a: Rotom|Blizzard|p1b: Amoonguss\n|-supereffective|p1b: Amoonguss\n|-damage|p1b: Amoonguss|0 fnt\n|faint|p1b: Amoonguss\n|\n|win|Iron Daddy\n|raw|littleh4ck's rating: 1048 → 1031<\/strong> (-17 for losing)\n|raw|Iron Daddy's rating: 1062 → 1091<\/strong> (+29 for winning)\n|c|\u2606littleh4ck|tahts for sure lol\n|c|\u2606littleh4ck|gg\n|c|\u2606Iron Daddy|g\n|c|\u2606Iron Daddy|g\n","uploadtime":1683243141,"views":12,"p1id":"littleh4ck","p2id":"irondaddy","formatid":"gen9vgc2023regulationc","rating":1031,"private":0,"password":""}