{"id":"gen9vgc2023regulationc-1857812252","p1":"seismattersCORNER","p2":"frazzledazzle33","format":"[Gen 9] VGC 2023 Regulation C","log":"|j|\u2606seismattersCORNER\n|j|\u2606frazzledazzle33\n|t:|1683234354\n|gametype|doubles\n|player|p1|seismattersCORNER|emmet|1216\n|player|p2|frazzledazzle33|170|1246\n|teamsize|p1|6\n|teamsize|p2|6\n|gen|9\n|tier|[Gen 9] VGC 2023 Regulation C\n|rated|\n|rule|Species Clause: Limit one of each Pok\u00e9mon\n|rule|Item Clause: Limit one of each item\n|clearpoke\n|poke|p1|Palafin, L50, M|\n|poke|p1|Arcanine, L50, F|\n|poke|p1|Amoonguss, L50, M|\n|poke|p1|Flutter Mane, L50|\n|poke|p1|Baxcalibur, L50, F|\n|poke|p1|Kingambit, L50, M|\n|poke|p2|Iron Hands, L50|\n|poke|p2|Abomasnow, L50, F|\n|poke|p2|Iron Bundle, L50|\n|poke|p2|Ceruledge, L50, F|\n|poke|p2|Vivillon-Modern, L50, F|\n|poke|p2|Ting-Lu, L50|\n|teampreview|4\nseismattersCORNER has agreed to open team sheets.\n|inactive|Battle timer is ON: inactive players will automatically lose when time's up. (requested by seismattersCORNER)\n|inactive|seismattersCORNER has 60 seconds left.\n|\n|t:|1683234417\n|start\n|switch|p1a: Flutter Mane|Flutter Mane, L50, shiny|100\/100\n|switch|p1b: Palafin|Palafin, L50, M, shiny|100\/100\n|switch|p2a: Iron Hands|Iron Hands, L50|100\/100\n|switch|p2b: Abomasnow|Abomasnow, L50, F|100\/100\n|-weather|Snow|[from] ability: Snow Warning|[of] p2b: Abomasnow\n|-enditem|p1a: Flutter Mane|Booster Energy\n|-activate|p1a: Flutter Mane|ability: Protosynthesis|[fromitem]\n|-start|p1a: Flutter Mane|protosynthesisspa\n|turn|1\n|\n|t:|1683234440\n|detailschange|p1b: Palafin|Palafin-Hero, L50, M, shiny\n|switch|p1b: Arcanine|Arcanine, L50, F|100\/100\n|-ability|p1b: Arcanine|Intimidate|boost\n|-unboost|p2a: Iron Hands|atk|1\n|-unboost|p2b: Abomasnow|atk|1\n|move|p1a: Flutter Mane|Protect|p1a: Flutter Mane\n|-singleturn|p1a: Flutter Mane|Protect\n|move|p2a: Iron Hands|Protect|p2a: Iron Hands\n|-singleturn|p2a: Iron Hands|Protect\n|move|p2b: Abomasnow|Blizzard|p1a: Flutter Mane|[spread] p1b\n|-activate|p1a: Flutter Mane|move: Protect\n|-resisted|p1b: Arcanine\n|-damage|p1b: Arcanine|83\/100\n|\n|-weather|Snow|[upkeep]\n|upkeep\n|turn|2\n|inactive|seismattersCORNER has 30 seconds left.\n|\n|t:|1683234469\n|move|p2b: Abomasnow|Protect|p2b: Abomasnow\n|-singleturn|p2b: Abomasnow|Protect\n|move|p1a: Flutter Mane|Moonblast|p2a: Iron Hands\n|-supereffective|p2a: Iron Hands\n|-damage|p2a: Iron Hands|0 fnt\n|faint|p2a: Iron Hands\n|-end|p2a: Iron Hands|Quark Drive|[silent]\n|move|p1b: Arcanine|Flare Blitz|p2b: Abomasnow\n|-activate|p2b: Abomasnow|move: Protect\n|\n|-weather|Snow|[upkeep]\n|upkeep\n|\n|t:|1683234479\n|switch|p2a: Iron Bundle|Iron Bundle, L50|100\/100\n|-enditem|p2a: Iron Bundle|Booster Energy\n|-activate|p2a: Iron Bundle|ability: Quark Drive|[fromitem]\n|-start|p2a: Iron Bundle|quarkdrivespe\n|turn|3\n|\n|t:|1683234497\n|switch|p2b: Ceruledge|Ceruledge, L50, F|100\/100\n|-terastallize|p1a: Flutter Mane|Fairy\n|move|p2a: Iron Bundle|Aurora Veil|p2a: Iron Bundle\n|-sidestart|p2: frazzledazzle33|move: Aurora Veil\n|move|p1a: Flutter Mane|Moonblast|p2a: Iron Bundle\n|-damage|p2a: Iron Bundle|0 fnt\n|faint|p2a: Iron Bundle\n|-end|p2a: Iron Bundle|Quark Drive|[silent]\n|move|p1b: Arcanine|Flare Blitz|p2b: Ceruledge\n|-start|p2b: Ceruledge|ability: Flash Fire\n|\n|-weather|Snow|[upkeep]\n|upkeep\n|\n|t:|1683234509\n|switch|p2a: Abomasnow|Abomasnow, L50, F|100\/100\n|turn|4\n|\n|t:|1683234528\n|switch|p1b: Baxcalibur|Baxcalibur, L50, F|100\/100\n|-terastallize|p2a: Abomasnow|Water\n|move|p1a: Flutter Mane|Protect|p1a: Flutter Mane\n|-singleturn|p1a: Flutter Mane|Protect\n|move|p2b: Ceruledge|Bulk Up|p2b: Ceruledge\n|-boost|p2b: Ceruledge|atk|1\n|-boost|p2b: Ceruledge|def|1\n|move|p2a: Abomasnow|Earth Power|p1b: Baxcalibur\n|-damage|p1b: Baxcalibur|76\/100\n|\n|-weather|Snow|[upkeep]\n|upkeep\n|turn|5\n|\n|t:|1683234547\n|move|p1a: Flutter Mane|Shadow Ball|p2b: Ceruledge\n|-supereffective|p2b: Ceruledge\n|-damage|p2b: Ceruledge|18\/100\n|move|p2b: Ceruledge|Bitter Blade|p1a: Flutter Mane\n|-damage|p1a: Flutter Mane|0 fnt\n|-heal|p2b: Ceruledge|62\/100|[from] drain|[of] p1a: Flutter Mane\n|faint|p1a: Flutter Mane\n|-end|p1a: Flutter Mane|Protosynthesis|[silent]\n|move|p1b: Baxcalibur|Glaive Rush|p2b: Ceruledge\n|-damage|p2b: Ceruledge|22\/100\n|-singlemove|p1b: Baxcalibur|Glaive Rush|[silent]\n|move|p2a: Abomasnow|Blizzard|p1b: Baxcalibur\n|-damage|p1b: Baxcalibur|0 fnt\n|faint|p1b: Baxcalibur\n|\n|-weather|none\n|-heal|p2b: Ceruledge|28\/100|[from] item: Leftovers\n|upkeep\n|\n|t:|1683234562\n|switch|p1a: Palafin|Palafin-Hero, L50, M, shiny|100\/100\n|switch|p1b: Arcanine|Arcanine, L50, F|83\/100\n|-activate|p1a: Palafin|ability: Zero to Hero\n|-ability|p1b: Arcanine|Intimidate|boost\n|-unboost|p2a: Abomasnow|atk|1\n|-unboost|p2b: Ceruledge|atk|1\n|turn|6\n|\n|t:|1683234580\n|move|p2b: Ceruledge|Protect|p2b: Ceruledge\n|-singleturn|p2b: Ceruledge|Protect\n|move|p1a: Palafin|Jet Punch|p2b: Ceruledge\n|-activate|p2b: Ceruledge|move: Protect\n|move|p1b: Arcanine|Howl|p1b: Arcanine|[spread] p1a,p1b\n|-boost|p1a: Palafin|atk|1\n|-boost|p1b: Arcanine|atk|1\n|move|p2a: Abomasnow|Earth Power|p1b: Arcanine\n|-supereffective|p1b: Arcanine\n|-damage|p1b: Arcanine|29\/100\n|\n|-heal|p2b: Ceruledge|34\/100|[from] item: Leftovers\n|upkeep\n|turn|7\n|\n|t:|1683234602\n|move|p1b: Arcanine|Extreme Speed|p2a: Abomasnow\n|-damage|p2a: Abomasnow|74\/100\n|move|p1a: Palafin|Jet Punch|p2b: Ceruledge\n|-supereffective|p2b: Ceruledge\n|-damage|p2b: Ceruledge|0 fnt\n|faint|p2b: Ceruledge\n|move|p2a: Abomasnow|Energy Ball|p1a: Palafin\n|-supereffective|p1a: Palafin\n|-damage|p1a: Palafin|22\/100\n|\n|-sideend|p2: frazzledazzle33|move: Aurora Veil\n|upkeep\n|turn|8\n|\n|t:|1683234621\n|move|p1b: Arcanine|Extreme Speed|p2a: Abomasnow\n|-damage|p2a: Abomasnow|36\/100\n|move|p1a: Palafin|Wave Crash|p2a: Abomasnow\n|-resisted|p2a: Abomasnow\n|-damage|p2a: Abomasnow|0 fnt\n|faint|p2a: Abomasnow\n|-damage|p1a: Palafin|11\/100|[from] Recoil\n|\n|win|seismattersCORNER\n|raw|seismattersCORNER's rating: 1216 → 1243<\/strong> (+27 for winning)\n|raw|frazzledazzle33's rating: 1246 → 1219<\/strong> (-27 for losing)\n|l|\u2606frazzledazzle33\n","uploadtime":1683234631,"views":10,"p1id":"seismatterscorner","p2id":"frazzledazzle33","formatid":"gen9vgc2023regulationc","rating":1219,"private":0,"password":""}