{"id":"gen9vgc2023regulationc-1860189794","p1":"Sonicaewegamer1","p2":"ShadyTigers","format":"[Gen 9] VGC 2023 Regulation C","log":"|j|\u2606Sonicaewegamer1\n|j|\u2606ShadyTigers\n|t:|1683607276\n|gametype|doubles\n|player|p1|Sonicaewegamer1|266|1318\n|player|p2|ShadyTigers|169|1271\n|teamsize|p1|6\n|teamsize|p2|6\n|gen|9\n|tier|[Gen 9] VGC 2023 Regulation C\n|rated|\n|rule|Species Clause: Limit one of each Pok\u00e9mon\n|rule|Item Clause: Limit one of each item\n|clearpoke\n|poke|p1|Chi-Yu, L50|\n|poke|p1|Hariyama, L50, F|\n|poke|p1|Farigiraf, L50, F|\n|poke|p1|Torkoal, L50, F|\n|poke|p1|Brute Bonnet, L50|\n|poke|p1|Ting-Lu, L50|\n|poke|p2|Murkrow, L50, M|\n|poke|p2|Great Tusk, L50|\n|poke|p2|Flutter Mane, L50|\n|poke|p2|Palafin, L50, F|\n|poke|p2|Amoonguss, L50, M|\n|poke|p2|Salamence, L50, M|\n|teampreview|4\n|inactive|Battle timer is ON: inactive players will automatically lose when time's up. (requested by ShadyTigers)\n|\n|t:|1683607321\n|start\n|switch|p1a: Chi-Yu|Chi-Yu, L50|100\/100\n|switch|p1b: Alya\u2665|Hariyama, L50, F|100\/100\n|switch|p2a: Great Tusk|Great Tusk, L50|100\/100\n|switch|p2b: Salamence|Salamence, L50, M|100\/100\n|-ability|p1a: Chi-Yu|Beads of Ruin\n|-ability|p2b: Salamence|Intimidate|boost\n|-unboost|p1a: Chi-Yu|atk|1\n|-unboost|p1b: Alya\u2665|atk|1\n|turn|1\n|inactive|ShadyTigers has 30 seconds left.\n|\n|t:|1683607348\n|-terastallize|p2a: Great Tusk|Ground\n|move|p1b: Alya\u2665|Fake Out|p2a: Great Tusk\n|-damage|p2a: Great Tusk|93\/100\n|cant|p2a: Great Tusk|flinch\n|move|p1a: Chi-Yu|Heat Wave|p2b: Salamence|[spread] p2a,p2b\n|-resisted|p2b: Salamence\n|-damage|p2a: Great Tusk|0 fnt\n|-damage|p2b: Salamence|55\/100\n|faint|p2a: Great Tusk\n|-end|p2a: Great Tusk|Protosynthesis|[silent]\n|-damage|p1a: Chi-Yu|91\/100|[from] item: Life Orb\n|move|p2b: Salamence|Hydro Pump|p1a: Chi-Yu\n|-supereffective|p1a: Chi-Yu\n|-damage|p1a: Chi-Yu|0 fnt\n|faint|p1a: Chi-Yu\n|\n|-status|p1b: Alya\u2665|brn|[from] item: Flame Orb\n|upkeep\n|inactive|Sonicaewegamer1 has 30 seconds left.\n|inactive|Sonicaewegamer1 has 20 seconds left.\n|inactive|Sonicaewegamer1 has 15 seconds left.\n|\n|t:|1683607390\n|switch|p1a: Akane|Ting-Lu, L50|100\/100\n|switch|p2a: Murkrow|Murkrow, L50, M|100\/100\n|-ability|p1a: Akane|Vessel of Ruin\n|turn|2\n|inactive|Sonicaewegamer1 has 30 seconds left.\n|\n|t:|1683607423\n|move|p2a: Murkrow|Rain Dance|p2a: Murkrow\n|-weather|RainDance\n|move|p2b: Salamence|Hydro Pump|p1a: Akane\n|-supereffective|p1a: Akane\n|-damage|p1a: Akane|39\/100\n|move|p1a: Akane|Rock Slide|p2b: Salamence|[spread] p2a\n|-miss|p1a: Akane|p2b: Salamence\n|-supereffective|p2a: Murkrow\n|-damage|p2a: Murkrow|67\/100\n|move|p1b: Alya\u2665|Knock Off|p2a: Murkrow\n|-resisted|p2a: Murkrow\n|-damage|p2a: Murkrow|46\/100\n|-enditem|p2a: Murkrow|Eviolite|[from] move: Knock Off|[of] p1b: Alya\u2665\n|\n|-weather|RainDance|[upkeep]\n|-damage|p1b: Alya\u2665|95\/100 brn|[from] brn\n|upkeep\n|turn|3\n|\n|t:|1683607443\n|switch|p1a: sleepyBoi\u2665|Brute Bonnet, L50|100\/100\n|move|p2b: Salamence|Hydro Pump|p1a: sleepyBoi\u2665\n|-resisted|p1a: sleepyBoi\u2665\n|-damage|p1a: sleepyBoi\u2665|70\/100\n|move|p2a: Murkrow|Foul Play|p1b: Alya\u2665\n|-resisted|p1b: Alya\u2665\n|-damage|p1b: Alya\u2665|79\/100 brn\n|move|p1b: Alya\u2665|Knock Off|p2b: Salamence\n|-damage|p2b: Salamence|13\/100\n|-enditem|p2b: Salamence|Choice Specs|[from] move: Knock Off|[of] p1b: Alya\u2665\n|\n|-weather|RainDance|[upkeep]\n|-damage|p1b: Alya\u2665|74\/100 brn|[from] brn\n|upkeep\n|turn|4\n|\n|t:|1683607465\n|move|p1a: sleepyBoi\u2665|Sucker Punch|p2b: Salamence\n|-damage|p2b: Salamence|0 fnt\n|faint|p2b: Salamence\n|move|p2a: Murkrow|Foul Play|p1b: Alya\u2665\n|-resisted|p1b: Alya\u2665\n|-damage|p1b: Alya\u2665|58\/100 brn\n|move|p1b: Alya\u2665|Close Combat|p2a: Murkrow\n|-damage|p2a: Murkrow|0 fnt\n|-unboost|p1b: Alya\u2665|def|1\n|-unboost|p1b: Alya\u2665|spd|1\n|faint|p2a: Murkrow\n|\n|-weather|RainDance|[upkeep]\n|-damage|p1b: Alya\u2665|52\/100 brn|[from] brn\n|upkeep\n|\n|t:|1683607467\n|switch|p2a: Amoonguss|Amoonguss, L50, M|100\/100\n|turn|5\n|-message|ShadyTigers forfeited.\n|\n|win|Sonicaewegamer1\n|raw|Sonicaewegamer1's rating: 1318 → 1335<\/strong> (+17 for winning)\n|raw|ShadyTigers's rating: 1271 → 1249<\/strong> (-22 for losing)\n|l|\u2606ShadyTigers\n","uploadtime":1683607479,"views":15,"p1id":"sonicaewegamer1","p2id":"shadytigers","formatid":"gen9vgc2023regulationc","rating":1249,"private":0,"password":""}