{"id":"gen9vgc2023regulationc-1852482378","p1":"leafyarrow","p2":"Jdaboy1337","format":"[Gen 9] VGC 2023 Regulation C","log":"|j|\u2606leafyarrow\n|j|\u2606Jdaboy1337\n|t:|1682563295\n|gametype|doubles\n|player|p1|leafyarrow|leaf-gen3|1336\n|player|p2|Jdaboy1337|fisherman-gen4|1390\n|teamsize|p1|6\n|teamsize|p2|6\n|gen|9\n|tier|[Gen 9] VGC 2023 Regulation C\n|rated|\n|rule|Species Clause: Limit one of each Pok\u00e9mon\n|rule|Item Clause: Limit one of each item\n|clearpoke\n|poke|p1|Flutter Mane, L50|\n|poke|p1|Palafin, L50, F|\n|poke|p1|Amoonguss, L50, F|\n|poke|p1|Ting-Lu, L50|\n|poke|p1|Arcanine, L50, M|\n|poke|p1|Jolteon, L50, M|\n|poke|p2|Murkrow, L50, M|\n|poke|p2|Chi-Yu, L50|\n|poke|p2|Flutter Mane, L50|\n|poke|p2|Great Tusk, L50|\n|poke|p2|Brute Bonnet, L50|\n|poke|p2|Corviknight, L50, M|\n|teampreview|4\n|inactive|Battle timer is ON: inactive players will automatically lose when time's up. (requested by Jdaboy1337)\nleafyarrow has agreed to open team sheets.\n|inactive|leafyarrow has 60 seconds left.\n|inactive|Jdaboy1337 has 60 seconds left.\n|\n|t:|1682563337\n|start\n|switch|p1a: Flutter Mane|Flutter Mane, L50|100\/100\n|switch|p1b: Amoonguss|Amoonguss, L50, F|100\/100\n|switch|p2a: Flutter Mane|Flutter Mane, L50|100\/100\n|switch|p2b: Corviknight|Corviknight, L50, M|100\/100\n|turn|1\n|inactive|leafyarrow has 30 seconds left.\n|inactive|leafyarrow has 20 seconds left.\n|\n|t:|1682563376\n|move|p1a: Flutter Mane|Shadow Ball|p2a: Flutter Mane\n|-supereffective|p2a: Flutter Mane\n|-damage|p2a: Flutter Mane|0 fnt\n|faint|p2a: Flutter Mane\n|-end|p2a: Flutter Mane|Protosynthesis|[silent]\n|move|p2b: Corviknight|Iron Head|p1a: Flutter Mane\n|-supereffective|p1a: Flutter Mane\n|-damage|p1a: Flutter Mane|0 fnt\n|faint|p1a: Flutter Mane\n|-end|p1a: Flutter Mane|Protosynthesis|[silent]\n|move|p1b: Amoonguss|Spore|p2b: Corviknight\n|-status|p2b: Corviknight|slp|[from] move: Spore\n|\n|upkeep\n|\n|t:|1682563389\n|switch|p1a: Ting-Lu|Ting-Lu, L50|100\/100\n|switch|p2a: Great Tusk|Great Tusk, L50|100\/100\n|-ability|p1a: Ting-Lu|Vessel of Ruin\n|turn|2\n|inactive|leafyarrow has 30 seconds left.\n|\n|t:|1682563421\n|-end|p2a: Great Tusk|Protosynthesis|[silent]\n|switch|p2a: Brute Bonnet|Brute Bonnet, L50|100\/100\n|-terastallize|p1b: Amoonguss|Flying\n|move|p1b: Amoonguss|Rage Powder|p1b: Amoonguss\n|-singleturn|p1b: Amoonguss|move: Rage Powder\n|cant|p2b: Corviknight|slp\n|move|p1a: Ting-Lu|Ruination|p2a: Brute Bonnet\n|-damage|p2a: Brute Bonnet|50\/100\n|\n|upkeep\n|turn|3\n|inactive|leafyarrow has 30 seconds left.\n|\n|t:|1682563451\n|switch|p2b: Great Tusk|Great Tusk, L50|100\/100\n|switch|p1a: Arcanine|Arcanine, L50, M|100\/100\n|-ability|p1a: Arcanine|Intimidate|boost\n|-unboost|p2a: Brute Bonnet|atk|1\n|-unboost|p2b: Great Tusk|atk|1\n|move|p2a: Brute Bonnet|Spore|p1b: Amoonguss\n|-status|p1b: Amoonguss|slp|[from] move: Spore\n|cant|p1b: Amoonguss|slp\n|\n|upkeep\n|turn|4\n|inactive|Jdaboy1337 has 30 seconds left.\n|\n|t:|1682563483\n|move|p1a: Arcanine|Protect|p1a: Arcanine\n|-singleturn|p1a: Arcanine|Protect\n|-curestatus|p1b: Amoonguss|slp|[msg]\n|move|p1b: Amoonguss|Protect|p1b: Amoonguss\n|-singleturn|p1b: Amoonguss|Protect\n|move|p2a: Brute Bonnet|Rage Powder|p2a: Brute Bonnet\n|-singleturn|p2a: Brute Bonnet|move: Rage Powder\n|move|p2b: Great Tusk|Rock Slide|p1b: Amoonguss|[spread] \n|-activate|p1a: Arcanine|move: Protect\n|-activate|p1b: Amoonguss|move: Protect\n|\n|upkeep\n|turn|5\n|\n|t:|1682563506\n|move|p2b: Great Tusk|Rock Slide|p1b: Amoonguss|[spread] p1b\n|-miss|p2b: Great Tusk|p1a: Arcanine\n|-supereffective|p1b: Amoonguss\n|-damage|p1b: Amoonguss|79\/100\n|move|p1a: Arcanine|Will-O-Wisp|p2b: Great Tusk\n|-status|p2b: Great Tusk|brn\n|move|p2a: Brute Bonnet|Spore|p1b: Amoonguss\n|-status|p1b: Amoonguss|slp|[from] move: Spore\n|cant|p1b: Amoonguss|slp\n|\n|-damage|p2b: Great Tusk|95\/100 brn|[from] brn\n|upkeep\n|turn|6\n|\n|t:|1682563530\n|-end|p2b: Great Tusk|Protosynthesis|[silent]\n|switch|p2b: Corviknight|Corviknight, L50, M|100\/100 slp\n|move|p2a: Brute Bonnet|Sucker Punch|p1a: Arcanine\n|-damage|p1a: Arcanine|71\/100\n|move|p1a: Arcanine|Flare Blitz|p2a: Brute Bonnet\n|-supereffective|p2a: Brute Bonnet\n|-damage|p2a: Brute Bonnet|0 fnt\n|faint|p2a: Brute Bonnet\n|-end|p2a: Brute Bonnet|Protosynthesis|[silent]\n|-damage|p1a: Arcanine|55\/100|[from] Recoil\n|cant|p1b: Amoonguss|slp\n|\n|upkeep\n|\n|t:|1682563532\n|switch|p2a: Great Tusk|Great Tusk, L50|95\/100 brn\n|turn|7\n|inactive|leafyarrow has 30 seconds left.\n|inactive|Jdaboy1337 has 30 seconds left.\n|inactive|Jdaboy1337 has 20 seconds left.\n|\n|t:|1682563571\n|switch|p1a: Ting-Lu|Ting-Lu, L50|100\/100\n|-ability|p1a: Ting-Lu|Vessel of Ruin\n|-terastallize|p2b: Corviknight|Fire\n|move|p2a: Great Tusk|Rock Slide|p1b: Amoonguss|[spread] p1a,p1b\n|-resisted|p1a: Ting-Lu\n|-supereffective|p1b: Amoonguss\n|-damage|p1a: Ting-Lu|98\/100\n|-damage|p1b: Amoonguss|62\/100 slp\n|cant|p2b: Corviknight|slp\n|-curestatus|p1b: Amoonguss|slp|[msg]\n|move|p1b: Amoonguss|Pollen Puff|p1a: Ting-Lu\n|-heal|p1a: Ting-Lu|100\/100\n|\n|-damage|p2a: Great Tusk|89\/100 brn|[from] brn\n|upkeep\n|turn|8\n|inactive|leafyarrow has 30 seconds left.\n|inactive|leafyarrow has 20 seconds left.\n|\n|t:|1682563609\n|move|p1b: Amoonguss|Protect|p1b: Amoonguss\n|-singleturn|p1b: Amoonguss|Protect\n|move|p2a: Great Tusk|Rock Slide|p1b: Amoonguss|[spread] p1a\n|-activate|p1b: Amoonguss|move: Protect\n|-resisted|p1a: Ting-Lu\n|-damage|p1a: Ting-Lu|98\/100\n|-curestatus|p2b: Corviknight|slp|[msg]\n|move|p2b: Corviknight|Tera Blast|p1a: Ting-Lu\n|-damage|p1a: Ting-Lu|69\/100\n|move|p1a: Ting-Lu|Stomping Tantrum|p2b: Corviknight\n|-supereffective|p2b: Corviknight\n|-damage|p2b: Corviknight|49\/100\n|\n|-damage|p2a: Great Tusk|83\/100 brn|[from] brn\n|upkeep\n|turn|9\n|\n|t:|1682563628\n|move|p2a: Great Tusk|Rock Slide|p1a: Ting-Lu|[spread] p1a,p1b\n|-resisted|p1a: Ting-Lu\n|-supereffective|p1b: Amoonguss\n|-damage|p1a: Ting-Lu|66\/100\n|-damage|p1b: Amoonguss|44\/100\n|-enditem|p1b: Amoonguss|Sitrus Berry|[eat]\n|-heal|p1b: Amoonguss|69\/100|[from] item: Sitrus Berry\n|move|p2b: Corviknight|Tera Blast|p1b: Amoonguss\n|-damage|p1b: Amoonguss|30\/100\n|move|p1a: Ting-Lu|Stomping Tantrum|p2b: Corviknight\n|-supereffective|p2b: Corviknight\n|-damage|p2b: Corviknight|0 fnt\n|faint|p2b: Corviknight\n|cant|p1b: Amoonguss|flinch\n|\n|-damage|p2a: Great Tusk|77\/100 brn|[from] brn\n|upkeep\n|turn|10\n|-message|Jdaboy1337 forfeited.\n|\n|win|leafyarrow\n|raw|leafyarrow's rating: 1336 → 1359<\/strong> (+23 for winning)\n|raw|Jdaboy1337's rating: 1390 → 1367<\/strong> (-23 for losing)\n|l|\u2606Jdaboy1337\n","uploadtime":1682563646,"views":12,"p1id":"leafyarrow","p2id":"jdaboy1337","formatid":"gen9vgc2023regulationc","rating":1359,"private":0,"password":""}