{"id":"gen9vgc2023regulationc-1846411054","p1":"Raptorsfan88","p2":"sakaruke","format":"[Gen 9] VGC 2023 Regulation C","log":"|j|\u2606Raptorsfan88\n|j|\u2606sakaruke\n|t:|1681838706\n|gametype|doubles\n|player|p1|Raptorsfan88|102|1393\n|player|p2|sakaruke|1|1375\n|teamsize|p1|6\n|teamsize|p2|6\n|gen|9\n|tier|[Gen 9] VGC 2023 Regulation C\n|rated|\n|rule|Species Clause: Limit one of each Pok\u00e9mon\n|rule|Item Clause: Limit one of each item\n|clearpoke\n|poke|p1|Orthworm, L50, F|\n|poke|p1|Dragonite, L50, M|\n|poke|p1|Ting-Lu, L50|\n|poke|p1|Gyarados, L50, M|\n|poke|p1|Flutter Mane, L50|\n|poke|p1|Chien-Pao, L50|\n|poke|p2|Chien-Pao, L50|\n|poke|p2|Dragonite, L50, F|\n|poke|p2|Chi-Yu, L50|\n|poke|p2|Flutter Mane, L50|\n|poke|p2|Dondozo, L50, F|\n|poke|p2|Tatsugiri-Stretchy, L50, M|\n|teampreview|4\n|inactive|Battle timer is ON: inactive players will automatically lose when time's up. (requested by sakaruke)\nRaptorsfan88 has agreed to open team sheets.\n|inactive|Raptorsfan88 has 60 seconds left.\n|inactive|Raptorsfan88 has 30 seconds left.\n|inactive|Raptorsfan88 has 20 seconds left.\n|\n|t:|1681838809\n|start\n|switch|p1a: Gyarados|Gyarados, L50, M|100\/100\n|switch|p1b: Flutter Mane|Flutter Mane, L50|100\/100\n|switch|p2a: Flutter Mane|Flutter Mane, L50, shiny|100\/100\n|switch|p2b: Chi-Yu|Chi-Yu, L50|100\/100\n|-ability|p2b: Chi-Yu|Beads of Ruin\n|-ability|p1a: Gyarados|Intimidate|boost\n|-unboost|p2a: Flutter Mane|atk|1\n|-unboost|p2b: Chi-Yu|atk|1\n|-enditem|p2a: Flutter Mane|Booster Energy\n|-activate|p2a: Flutter Mane|ability: Protosynthesis|[fromitem]\n|-start|p2a: Flutter Mane|protosynthesisspe\n|turn|1\n|inactive|Raptorsfan88 has 30 seconds left.\n|\n|t:|1681838844\n|-terastallize|p1b: Flutter Mane|Fairy\n|move|p2a: Flutter Mane|Icy Wind|p1b: Flutter Mane|[spread] p1a,p1b\n|-damage|p1a: Gyarados|86\/100\n|-damage|p1b: Flutter Mane|82\/100\n|-unboost|p1a: Gyarados|spe|1\n|-unboost|p1b: Flutter Mane|spe|1\n|move|p2b: Chi-Yu|Overheat|p1b: Flutter Mane|[miss]\n|-miss|p2b: Chi-Yu|p1b: Flutter Mane\n|move|p1b: Flutter Mane|Dazzling Gleam|p2a: Flutter Mane|[spread] p2a,p2b\n|-damage|p2a: Flutter Mane|31\/100\n|-damage|p2b: Chi-Yu|45\/100\n|move|p1a: Gyarados|Waterfall|p2a: Flutter Mane\n|-damage|p2a: Flutter Mane|0 fnt\n|faint|p2a: Flutter Mane\n|-end|p2a: Flutter Mane|Protosynthesis|[silent]\n|\n|upkeep\n|\n|t:|1681838863\n|switch|p2a: Dragonite|Dragonite, L50, F, shiny|100\/100\n|turn|2\n|\n|t:|1681838869\n|-end|p1b: Flutter Mane|Protosynthesis|[silent]\n|switch|p1b: Chien-Pao|Chien-Pao, L50|100\/100\n|-ability|p1b: Chien-Pao|Sword of Ruin\n|-terastallize|p2a: Dragonite|Normal\n|move|p2a: Dragonite|Extreme Speed|p1a: Gyarados\n|-damage|p1a: Gyarados|2\/100\n|move|p2b: Chi-Yu|Overheat|p1b: Chien-Pao\n|-supereffective|p1b: Chien-Pao\n|-enditem|p1b: Chien-Pao|Focus Sash\n|-damage|p1b: Chien-Pao|1\/100\n|-unboost|p2b: Chi-Yu|spa|2\n|move|p1a: Gyarados|Waterfall|p2b: Chi-Yu\n|-supereffective|p2b: Chi-Yu\n|-damage|p2b: Chi-Yu|0 fnt\n|faint|p2b: Chi-Yu\n|\n|upkeep\n|\n|t:|1681838881\n|switch|p2b: Chien-Pao|Chien-Pao, L50|100\/100\n|-ability|p2b: Chien-Pao|Sword of Ruin\n|turn|3\n|\n|t:|1681838902\n|move|p1b: Chien-Pao|Protect|p1b: Chien-Pao\n|-singleturn|p1b: Chien-Pao|Protect\n|move|p2a: Dragonite|Extreme Speed|p1b: Chien-Pao\n|-activate|p1b: Chien-Pao|move: Protect\n|move|p2b: Chien-Pao|Ice Spinner|p1a: Gyarados\n|-damage|p1a: Gyarados|0 fnt\n|faint|p1a: Gyarados\n|\n|upkeep\n|\n|t:|1681838925\n|switch|p1a: Orthworm|Orthworm, L50, F|100\/100\n|turn|4\n|\n|t:|1681838941\n|move|p2a: Dragonite|Extreme Speed|p1b: Chien-Pao\n|-damage|p1b: Chien-Pao|0 fnt\n|faint|p1b: Chien-Pao\n|move|p2b: Chien-Pao|Sacred Sword|p1a: Orthworm\n|-supereffective|p1a: Orthworm\n|-damage|p1a: Orthworm|44\/100\n|-enditem|p1a: Orthworm|Sitrus Berry|[eat]\n|-heal|p1a: Orthworm|69\/100|[from] item: Sitrus Berry\n|move|p1a: Orthworm|Shed Tail|p1a: Orthworm\n|-start|p1a: Orthworm|Substitute|[from] move: Shed Tail\n|-damage|p1a: Orthworm|19\/100\n|\n|t:|1681838950\n|switch|p1a: Flutter Mane|Flutter Mane, L50, tera:Fairy|82\/100|[from] Shed Tail\n|\n|upkeep\n|\n|t:|1681838954\n|switch|p1b: Orthworm|Orthworm, L50, F|19\/100\n|turn|5\n|\n|t:|1681838964\n|move|p2a: Dragonite|Extreme Speed|p1a: Flutter Mane\n|-end|p1a: Flutter Mane|Substitute\n|move|p2b: Chien-Pao|Ice Spinner|p1a: Flutter Mane\n|-damage|p1a: Flutter Mane|0 fnt\n|faint|p1a: Flutter Mane\n|-end|p1a: Flutter Mane|Protosynthesis|[silent]\n|move|p1b: Orthworm|Body Press|p2a: Dragonite\n|-supereffective|p2a: Dragonite\n|-damage|p2a: Dragonite|13\/100\n|\n|upkeep\n|turn|6\n|c|\u2606sakaruke|ggs\n|c|\u2606Raptorsfan88|gg\n|\n|t:|1681838982\n|move|p2a: Dragonite|Extreme Speed|p1b: Orthworm\n|-resisted|p1b: Orthworm\n|-damage|p1b: Orthworm|0 fnt\n|faint|p1b: Orthworm\n|\n|win|sakaruke\n|raw|Raptorsfan88's rating: 1393 → 1372<\/strong> (-21 for losing)\n|raw|sakaruke's rating: 1375 → 1396<\/strong> (+21 for winning)\n","uploadtime":1681838990,"views":11,"p1id":"raptorsfan88","p2id":"sakaruke","formatid":"gen9vgc2023regulationc","rating":1372,"private":0,"password":""}