{"id":"gen9vgc2023regulationc-1853444737","p1":"sspark","p2":"kajashi","format":"[Gen 9] VGC 2023 Regulation C","log":"|j|\u2606sspark\n|j|\u2606kajashi\n|t:|1682685854\n|gametype|doubles\n|player|p1|sspark|266|1437\n|player|p2|kajashi|n|1541\n|teamsize|p1|6\n|teamsize|p2|6\n|gen|9\n|tier|[Gen 9] VGC 2023 Regulation C\n|rated|\n|rule|Species Clause: Limit one of each Pok\u00e9mon\n|rule|Item Clause: Limit one of each item\n|clearpoke\n|poke|p1|Flutter Mane, L50|\n|poke|p1|Maushold, L50|\n|poke|p1|Chi-Yu, L50|\n|poke|p1|Gyarados, L50, F|\n|poke|p1|Murkrow, L50, F|\n|poke|p1|Gholdengo, L50|\n|poke|p2|Gyarados, L50, F|\n|poke|p2|Chi-Yu, L50|\n|poke|p2|Iron Hands, L50|\n|poke|p2|Kingambit, L50, F|\n|poke|p2|Amoonguss, L50, M|\n|poke|p2|Flutter Mane, L50|\n|teampreview|4\nkajashi has agreed to open team sheets.\n|inactive|Battle timer is ON: inactive players will automatically lose when time's up. (requested by sspark)\n|\n|t:|1682685909\n|start\n|switch|p1a: Maushold|Maushold, L50|100\/100\n|switch|p1b: Flutter Mane|Flutter Mane, L50|100\/100\n|switch|p2a: Iron Hands|Iron Hands, L50|100\/100\n|switch|p2b: Gyarados|Gyarados, L50, F|100\/100\n|-ability|p2b: Gyarados|Intimidate|boost\n|-unboost|p1a: Maushold|atk|1\n|-unboost|p1b: Flutter Mane|atk|1\n|-enditem|p1b: Flutter Mane|Booster Energy\n|-activate|p1b: Flutter Mane|ability: Protosynthesis|[fromitem]\n|-start|p1b: Flutter Mane|protosynthesisspe\n|turn|1\n|j| Jking71\n|l| Jking71\n|inactive|kajashi has 30 seconds left.\n|\n|t:|1682685938\n|move|p2a: Iron Hands|Detect|p2a: Iron Hands\n|-singleturn|p2a: Iron Hands|Protect\n|move|p1a: Maushold|Follow Me|p1a: Maushold\n|-singleturn|p1a: Maushold|move: Follow Me\n|move|p1b: Flutter Mane|Calm Mind|p1b: Flutter Mane\n|-boost|p1b: Flutter Mane|spa|1\n|-boost|p1b: Flutter Mane|spd|1\n|move|p2b: Gyarados|Taunt|p1a: Maushold\n|-start|p1a: Maushold|move: Taunt\n|\n|upkeep\n|turn|2\n|j| Jking71\n|l| Jking71\n|inactive|sspark has 30 seconds left.\n|\n|t:|1682685967\n|switch|p1a: Murkrow|Murkrow, L50, F|100\/100\n|move|p1b: Flutter Mane|Protect|p1b: Flutter Mane\n|-singleturn|p1b: Flutter Mane|Protect\n|move|p2b: Gyarados|Thunder Wave|p1b: Flutter Mane\n|-activate|p1b: Flutter Mane|move: Protect\n|move|p2a: Iron Hands|Drain Punch|p1a: Murkrow\n|-damage|p1a: Murkrow|52\/100\n|\n|upkeep\n|turn|3\n|j| raityangontyan\n|inactive|kajashi has 30 seconds left.\n|\n|t:|1682685996\n|switch|p2b: Kingambit|Kingambit, L50, F|100\/100\n|-terastallize|p1b: Flutter Mane|Fairy\n|move|p1a: Murkrow|Tailwind|p1a: Murkrow\n|-sidestart|p1: sspark|move: Tailwind\n|move|p1b: Flutter Mane|Dazzling Gleam|p2b: Kingambit|[spread] p2a,p2b\n|-supereffective|p2a: Iron Hands\n|-damage|p2a: Iron Hands|7\/100\n|-damage|p2b: Kingambit|61\/100\n|move|p2a: Iron Hands|Wild Charge|p1a: Murkrow\n|-supereffective|p1a: Murkrow\n|-damage|p1a: Murkrow|0 fnt\n|faint|p1a: Murkrow\n|-damage|p2a: Iron Hands|0 fnt|[from] Recoil\n|faint|p2a: Iron Hands\n|-end|p2a: Iron Hands|Quark Drive|[silent]\n|\n|upkeep\n|inactive|sspark has 30 seconds left.\n|inactive|kajashi has 30 seconds left.\n|j| LC77777\n|\n|t:|1682686026\n|switch|p1a: Maushold|Maushold, L50|100\/100\n|switch|p2a: Gyarados|Gyarados, L50, F|100\/100\n|-ability|p2a: Gyarados|Intimidate|boost\n|-unboost|p1a: Maushold|atk|1\n|-unboost|p1b: Flutter Mane|atk|1\n|turn|4\n|\n|t:|1682686039\n|move|p1a: Maushold|Follow Me|p1a: Maushold\n|-singleturn|p1a: Maushold|move: Follow Me\n|move|p1b: Flutter Mane|Dazzling Gleam|p2a: Gyarados|[spread] p2a,p2b\n|-damage|p2a: Gyarados|38\/100\n|-damage|p2b: Kingambit|20\/100\n|-enditem|p2a: Gyarados|Sitrus Berry|[eat]\n|-heal|p2a: Gyarados|63\/100|[from] item: Sitrus Berry\n|move|p2a: Gyarados|Taunt|p1a: Maushold\n|-start|p1a: Maushold|move: Taunt\n|move|p2b: Kingambit|Iron Head|p1a: Maushold\n|-damage|p1a: Maushold|54\/100\n|\n|upkeep\n|turn|5\n|inactive|sspark has 30 seconds left.\n|\n|t:|1682686067\n|switch|p1a: Gholdengo|Gholdengo, L50|100\/100\n|switch|p2b: Flutter Mane|Flutter Mane, L50|100\/100\n|-enditem|p2b: Flutter Mane|Booster Energy\n|-activate|p2b: Flutter Mane|ability: Protosynthesis|[fromitem]\n|-start|p2b: Flutter Mane|protosynthesisspa\n|move|p1b: Flutter Mane|Dazzling Gleam|p2b: Flutter Mane|[spread] p2a,p2b\n|-damage|p2a: Gyarados|3\/100\n|-damage|p2b: Flutter Mane|46\/100\n|move|p2a: Gyarados|Thunder Wave|p1b: Flutter Mane\n|-status|p1b: Flutter Mane|par\n|\n|upkeep\n|turn|6\n|inactive|kajashi has 30 seconds left.\n|\n|t:|1682686094\n|move|p2b: Flutter Mane|Protect|p2b: Flutter Mane\n|-singleturn|p2b: Flutter Mane|Protect\n|move|p1b: Flutter Mane|Dazzling Gleam|p2a: Gyarados|[spread] p2a\n|-activate|p2b: Flutter Mane|move: Protect\n|-damage|p2a: Gyarados|0 fnt\n|faint|p2a: Gyarados\n|move|p1a: Gholdengo|Make It Rain|p2b: Flutter Mane\n|-activate|p2b: Flutter Mane|move: Protect\n|\n|-sideend|p1: sspark|move: Tailwind\n|upkeep\n|\n|t:|1682686105\n|switch|p2a: Kingambit|Kingambit, L50, F|20\/100\n|turn|7\n|l| LC77777\n|\n|t:|1682686129\n|-terastallize|p2b: Flutter Mane|Fairy\n|move|p2a: Kingambit|Sucker Punch|p1a: Gholdengo\n|-supereffective|p1a: Gholdengo\n|-damage|p1a: Gholdengo|17\/100\n|move|p2b: Flutter Mane|Moonblast|p1b: Flutter Mane\n|-damage|p1b: Flutter Mane|52\/100 par\n|move|p1b: Flutter Mane|Dazzling Gleam|p2b: Flutter Mane|[spread] p2a,p2b\n|-damage|p2a: Kingambit|0 fnt\n|-damage|p2b: Flutter Mane|0 fnt\n|faint|p2a: Kingambit\n|faint|p2b: Flutter Mane\n|-end|p2b: Flutter Mane|Protosynthesis|[silent]\n|\n|win|sspark\n|raw|sspark's rating: 1437 → 1463<\/strong> (+26 for winning)\n|raw|kajashi's rating: 1541 → 1515<\/strong> (-26 for losing)\n|l|\u2606sspark\n|l|\u2606kajashi\n|j|\u2606sspark\n|player|p1|sspark|266\n","uploadtime":1682686143,"views":14,"p1id":"sspark","p2id":"kajashi","formatid":"gen9vgc2023regulationc","rating":1463,"private":0,"password":""}