{"id":"gen9vgc2023regulationc-1859616662","p1":"Lone_Garurumon","p2":"SorceressEpele","format":"[Gen 9] VGC 2023 Regulation C","log":"|j|\u2606Lone_Garurumon\n|j|\u2606SorceressEpele\n|t:|1683549241\n|gametype|doubles\n|player|p1|Lone_Garurumon|riley|\n|player|p2|SorceressEpele|beauty-gen8|\n|teamsize|p1|6\n|teamsize|p2|6\n|gen|9\n|tier|[Gen 9] VGC 2023 Regulation C\n|rule|Species Clause: Limit one of each Pok\u00e9mon\n|rule|Item Clause: Limit one of each item\n|clearpoke\n|poke|p1|Garchomp, L50, M|\n|poke|p1|Lucario, L50, F|\n|poke|p1|Staraptor, L50, M|\n|poke|p1|Gallade, L50, M|\n|poke|p1|Drifblim, L50, M|\n|poke|p1|Bronzong, L50|\n|poke|p2|Hippowdon, L50, F|\n|poke|p2|Garchomp, L50, M|\n|poke|p2|Magnezone, L50|\n|poke|p2|Lucario, L50, F|\n|poke|p2|Gastrodon, L50, M|\n|poke|p2|Floatzel, L50, M|\n|teampreview|4\n|\n|t:|1683549325\n|start\n|switch|p1a: Big Marie|Bronzong, L50, shiny|100\/100\n|switch|p1b: Gawain|Gallade, L50, M|100\/100\n|switch|p2a: McDonalds|Hippowdon, L50, F|100\/100\n|switch|p2b: KFC|Lucario, L50, F|100\/100\n|-weather|Sandstorm|[from] ability: Sand Stream|[of] p2a: McDonalds\n|turn|1\n|\n|t:|1683549365\n|move|p2a: McDonalds|Protect|p2a: McDonalds\n|-singleturn|p2a: McDonalds|Protect\n|move|p1a: Big Marie|Protect|p1a: Big Marie\n|-singleturn|p1a: Big Marie|Protect\n|move|p2b: KFC|Dark Pulse|p1a: Big Marie\n|-activate|p1a: Big Marie|move: Protect\n|move|p1b: Gawain|Sacred Sword|p2b: KFC\n|-supereffective|p2b: KFC\n|-damage|p2b: KFC|0 fnt\n|faint|p2b: KFC\n|\n|-weather|Sandstorm|[upkeep]\n|-damage|p1b: Gawain|95\/100|[from] Sandstorm\n|upkeep\n|\n|t:|1683549381\n|switch|p2b: Subway|Garchomp, L50, M|100\/100\n|turn|2\n|\n|t:|1683549446\n|move|p2b: Subway|Swords Dance|p2b: Subway\n|-boost|p2b: Subway|atk|2\n|move|p1b: Gawain|Leaf Blade|p2a: McDonalds\n|-supereffective|p2a: McDonalds\n|-damage|p2a: McDonalds|28\/100\n|move|p2a: McDonalds|Rock Slide|p1b: Gawain|[spread] p1a,p1b\n|-resisted|p1a: Big Marie\n|-resisted|p1b: Gawain\n|-damage|p1a: Big Marie|94\/100\n|-damage|p1b: Gawain|82\/100\n|move|p1a: Big Marie|Reflect|p1a: Big Marie\n|-sidestart|p1: Lone_Garurumon|Reflect\n|\n|-weather|Sandstorm|[upkeep]\n|-damage|p1b: Gawain|77\/100|[from] Sandstorm\n|-heal|p1a: Big Marie|99\/100|[from] item: Leftovers\n|upkeep\n|turn|3\n|\n|t:|1683549492\n|-terastallize|p1a: Big Marie|Fighting\n|move|p2a: McDonalds|Protect|p2a: McDonalds\n|-singleturn|p2a: McDonalds|Protect\n|move|p2b: Subway|Dragon Claw|p1b: Gawain\n|-damage|p1b: Gawain|0 fnt\n|faint|p1b: Gawain\n|move|p1a: Big Marie|Body Press|p2b: Subway\n|-damage|p2b: Subway|64\/100\n|\n|-weather|Sandstorm|[upkeep]\n|-damage|p1a: Big Marie|94\/100|[from] Sandstorm\n|-heal|p1a: Big Marie|99\/100|[from] item: Leftovers\n|upkeep\n|\n|t:|1683549552\n|switch|p1b: Leroy|Garchomp, L50, M|100\/100\n|turn|4\n|\n|t:|1683549563\n|move|p1b: Leroy|Protect|p1b: Leroy\n|-singleturn|p1b: Leroy|Protect\n|move|p2b: Subway|Dragon Claw|p1b: Leroy\n|-activate|p1b: Leroy|move: Protect\n|move|p2a: McDonalds|Slack Off|p2a: McDonalds\n|-heal|p2a: McDonalds|78\/100\n|move|p1a: Big Marie|Body Press|p2b: Subway\n|-damage|p2b: Subway|25\/100\n|\n|-weather|Sandstorm|[upkeep]\n|-damage|p1a: Big Marie|94\/100|[from] Sandstorm\n|-heal|p1a: Big Marie|99\/100|[from] item: Leftovers\n|upkeep\n|turn|5\n|\n|t:|1683549604\n|move|p2b: Subway|Dragon Claw|p1b: Leroy\n|-supereffective|p1b: Leroy\n|-damage|p1b: Leroy|0 fnt\n|-damage|p2b: Subway|13\/100|[from] ability: Rough Skin|[of] p1b: Leroy\n|faint|p1b: Leroy\n|move|p2a: McDonalds|Rock Slide|p1a: Big Marie\n|-resisted|p1a: Big Marie\n|-damage|p1a: Big Marie|95\/100\n|cant|p1a: Big Marie|flinch\n|\n|-weather|Sandstorm|[upkeep]\n|-damage|p1a: Big Marie|89\/100|[from] Sandstorm\n|-heal|p1a: Big Marie|95\/100|[from] item: Leftovers\n|upkeep\n|\n|t:|1683549618\n|switch|p1b: Rawk|Staraptor, L50, M|100\/100\n|-ability|p1b: Rawk|Intimidate|boost\n|-unboost|p2a: McDonalds|atk|1\n|-unboost|p2b: Subway|atk|1\n|turn|6\n|\n|t:|1683549631\n|move|p1b: Rawk|Protect|p1b: Rawk\n|-singleturn|p1b: Rawk|Protect\n|move|p2b: Subway|Dragon Claw|p1a: Big Marie\n|-damage|p1a: Big Marie|62\/100\n|move|p2a: McDonalds|Rock Slide|p1b: Rawk|[spread] p1a\n|-activate|p1b: Rawk|move: Protect\n|-resisted|p1a: Big Marie\n|-damage|p1a: Big Marie|60\/100\n|cant|p1a: Big Marie|flinch\n|\n|-weather|Sandstorm|[upkeep]\n|-damage|p1b: Rawk|94\/100|[from] Sandstorm\n|-damage|p1a: Big Marie|54\/100|[from] Sandstorm\n|-heal|p1a: Big Marie|60\/100|[from] item: Leftovers\n|-sideend|p1: Lone_Garurumon|Reflect\n|upkeep\n|turn|7\n|c|\u2606Lone_Garurumon|Big Oof\n|c|\u2606SorceressEpele|Indeed\n|\n|t:|1683549675\n|move|p1a: Big Marie|Protect|p1a: Big Marie\n|-singleturn|p1a: Big Marie|Protect\n|move|p2b: Subway|Dragon Claw|p1a: Big Marie\n|-activate|p1a: Big Marie|move: Protect\n|move|p1b: Rawk|Brave Bird|p2b: Subway|[miss]\n|-miss|p1b: Rawk|p2b: Subway\n|move|p2a: McDonalds|Rock Slide|p1b: Rawk|[spread] p1b\n|-activate|p1a: Big Marie|move: Protect\n|-supereffective|p1b: Rawk\n|-crit|p1b: Rawk\n|-damage|p1b: Rawk|27\/100\n|\n|-weather|Sandstorm|[upkeep]\n|-damage|p1b: Rawk|21\/100|[from] Sandstorm\n|-damage|p1a: Big Marie|54\/100|[from] Sandstorm\n|-heal|p1a: Big Marie|60\/100|[from] item: Leftovers\n|upkeep\n|turn|8\n|c|\u2606SorceressEpele|I thought I had a guaranteed loss after the opener\n|c|\u2606Lone_Garurumon|Wow.\n|c|\u2606SorceressEpele|Sand Veil OP.\n|\n|t:|1683549716\n|move|p2b: Subway|Dragon Claw|p1a: Big Marie\n|-crit|p1a: Big Marie\n|-damage|p1a: Big Marie|0 fnt\n|faint|p1a: Big Marie\n|move|p1b: Rawk|Brave Bird|p2b: Subway\n|-damage|p2b: Subway|0 fnt\n|faint|p2b: Subway\n|-damage|p1b: Rawk|16\/100|[from] Recoil\n|-damage|p1b: Rawk|6\/100|[from] item: Life Orb\n|move|p2a: McDonalds|Rock Slide|p1b: Rawk\n|-supereffective|p1b: Rawk\n|-damage|p1b: Rawk|0 fnt\n|faint|p1b: Rawk\n|\n|win|SorceressEpele\n","uploadtime":1683549732,"views":14,"p1id":"lonegarurumon","p2id":"sorceressepele","formatid":"gen9vgc2023regulationc","rating":0,"private":0,"password":""}