{"id":"gen9vgc2023regulationc-1859005391","p1":"Nijiatw","p2":"StupidFlandrs48","format":"[Gen 9] VGC 2023 Regulation C","log":"|j|\u2606Nijiatw\n|j|\u2606StupidFlandrs48\n|t:|1683393366\n|gametype|doubles\n|player|p1|Nijiatw|fisherman-gen4|1054\n|player|p2|StupidFlandrs48|102|1052\n|teamsize|p1|6\n|teamsize|p2|6\n|gen|9\n|tier|[Gen 9] VGC 2023 Regulation C\n|rated|\n|rule|Species Clause: Limit one of each Pok\u00e9mon\n|rule|Item Clause: Limit one of each item\n|clearpoke\n|poke|p1|Iron Hands, L50|\n|poke|p1|Amoonguss, L50, F|\n|poke|p1|Pelipper, L50, F|\n|poke|p1|Palafin, L50, F|\n|poke|p1|Baxcalibur, L50, F|\n|poke|p1|Flutter Mane, L50|\n|poke|p2|Abomasnow, L50, M|\n|poke|p2|Crabominable, L50, F|\n|poke|p2|Toedscruel, L50, M|\n|poke|p2|Gholdengo, L50|\n|poke|p2|Rotom-Wash, L50|\n|poke|p2|Armarouge, L50, M|\n|teampreview|4\n|inactive|Battle timer is ON: inactive players will automatically lose when time's up. (requested by Nijiatw)\n|inactive|StupidFlandrs48 has 60 seconds left.\n|\n|t:|1683393408\n|start\n|switch|p1a: Palafin|Palafin, L50, F|100\/100\n|switch|p1b: Iron Hands|Iron Hands, L50, shiny|100\/100\n|switch|p2a: Aboma BLAST|Abomasnow, L50, M, shiny|100\/100\n|switch|p2b: Sleepy Toed Biden|Toedscruel, L50, M|100\/100\n|-weather|Snow|[from] ability: Snow Warning|[of] p2a: Aboma BLAST\n|turn|1\n|\n|t:|1683393434\n|detailschange|p1a: Palafin|Palafin-Hero, L50, F\n|switch|p1a: Pelipper|Pelipper, L50, F|100\/100\n|-weather|RainDance|[from] ability: Drizzle|[of] p1a: Pelipper\n|move|p2b: Sleepy Toed Biden|Protect|p2b: Sleepy Toed Biden\n|-singleturn|p2b: Sleepy Toed Biden|Protect\n|move|p1b: Iron Hands|Fake Out|p2b: Sleepy Toed Biden\n|-activate|p2b: Sleepy Toed Biden|move: Protect\n|move|p2a: Aboma BLAST|Aurora Veil||[still]\n|-fail|p2a: Aboma BLAST\n|\n|-weather|RainDance|[upkeep]\n|upkeep\n|turn|2\n|inactive|Nijiatw has 30 seconds left.\n|inactive|StupidFlandrs48 has 30 seconds left.\n|inactive|Nijiatw has 20 seconds left.\n|\n|t:|1683393471\n|move|p1a: Pelipper|Hydro Pump|p2b: Sleepy Toed Biden|[miss]\n|-miss|p1a: Pelipper|p2b: Sleepy Toed Biden\n|move|p1b: Iron Hands|Volt Switch|p2a: Aboma BLAST\n|-resisted|p2a: Aboma BLAST\n|-damage|p2a: Aboma BLAST|94\/100\n|\n|t:|1683393482\n|-end|p1b: Iron Hands|Quark Drive|[silent]\n|switch|p1b: Palafin|Palafin-Hero, L50, F|100\/100|[from] Volt Switch\n|-activate|p1b: Palafin|ability: Zero to Hero\n|move|p2a: Aboma BLAST|Earth Power|p1b: Palafin\n|-damage|p1b: Palafin|72\/100\n|move|p2b: Sleepy Toed Biden|Spore|p1b: Palafin\n|-status|p1b: Palafin|slp|[from] move: Spore\n|\n|-weather|RainDance|[upkeep]\n|upkeep\n|turn|3\n|inactive|StupidFlandrs48 has 30 seconds left.\n|\n|t:|1683393513\n|switch|p2a: Eater of the Rich|Gholdengo, L50|100\/100\n|-item|p2a: Eater of the Rich|Air Balloon\n|cant|p1b: Palafin|slp\n|move|p1a: Pelipper|Tailwind|p1a: Pelipper\n|-sidestart|p1: Nijiatw|move: Tailwind\n|move|p2b: Sleepy Toed Biden|Leaf Storm|p1b: Palafin|[miss]\n|-miss|p2b: Sleepy Toed Biden|p1b: Palafin\n|\n|-weather|RainDance|[upkeep]\n|upkeep\n|turn|4\n|inactive|StupidFlandrs48 has 30 seconds left.\n|inactive|StupidFlandrs48 has 20 seconds left.\n|\n|t:|1683393548\n|-curestatus|p1b: Palafin|slp|[msg]\n|move|p1b: Palafin|Wave Crash|p2b: Sleepy Toed Biden\n|-enditem|p2b: Sleepy Toed Biden|Focus Sash\n|-damage|p2b: Sleepy Toed Biden|1\/100\n|-damage|p1b: Palafin|43\/100|[from] Recoil\n|move|p1a: Pelipper|Hurricane|p2b: Sleepy Toed Biden\n|-supereffective|p2b: Sleepy Toed Biden\n|-damage|p2b: Sleepy Toed Biden|0 fnt\n|faint|p2b: Sleepy Toed Biden\n|move|p2a: Eater of the Rich|Shadow Ball|p1b: Palafin\n|-damage|p1b: Palafin|2\/100\n|\n|-weather|RainDance|[upkeep]\n|upkeep\n|\n|t:|1683393562\n|switch|p2b: Aboma BLAST|Abomasnow, L50, M, shiny|94\/100\n|-weather|Snow|[from] ability: Snow Warning|[of] p2b: Aboma BLAST\n|turn|5\n|\n|t:|1683393581\n|switch|p1a: Baxcalibur|Baxcalibur, L50, F|100\/100\n|move|p1b: Palafin|Wave Crash|p2a: Eater of the Rich\n|-damage|p2a: Eater of the Rich|9\/100\n|-enditem|p2a: Eater of the Rich|Air Balloon\n|-damage|p1b: Palafin|0 fnt|[from] Recoil\n|faint|p1b: Palafin\n|move|p2a: Eater of the Rich|Make It Rain|p1a: Baxcalibur\n|-supereffective|p1a: Baxcalibur\n|-damage|p1a: Baxcalibur|0 fnt\n|-unboost|p2a: Eater of the Rich|spa|1\n|faint|p1a: Baxcalibur\n|move|p2b: Aboma BLAST|Aurora Veil|p2b: Aboma BLAST\n|-sidestart|p2: StupidFlandrs48|move: Aurora Veil\n|\n|-weather|Snow|[upkeep]\n|upkeep\n|\n|t:|1683393595\n|switch|p1b: Iron Hands|Iron Hands, L50, shiny|100\/100\n|switch|p1a: Pelipper|Pelipper, L50, F|100\/100\n|-weather|RainDance|[from] ability: Drizzle|[of] p1a: Pelipper\n|turn|6\n|inactive|StupidFlandrs48 has 30 seconds left.\n|\n|t:|1683393622\n|move|p2a: Eater of the Rich|Protect|p2a: Eater of the Rich\n|-singleturn|p2a: Eater of the Rich|Protect\n|move|p1a: Pelipper|Hurricane|p2b: Aboma BLAST\n|-supereffective|p2b: Aboma BLAST\n|-damage|p2b: Aboma BLAST|22\/100\n|move|p1b: Iron Hands|Wild Charge|p2a: Eater of the Rich\n|-activate|p2a: Eater of the Rich|move: Protect\n|move|p2b: Aboma BLAST|Earth Power|p1b: Iron Hands\n|-supereffective|p1b: Iron Hands\n|-damage|p1b: Iron Hands|72\/100\n|-unboost|p1b: Iron Hands|spd|1\n|\n|-weather|RainDance|[upkeep]\n|-sideend|p1: Nijiatw|move: Tailwind\n|upkeep\n|turn|7\n|inactive|StupidFlandrs48 has 30 seconds left.\n|\n|t:|1683393657\n|switch|p2b: Rouge Man Bad|Armarouge, L50, M|100\/100\n|move|p1a: Pelipper|Hurricane|p2b: Rouge Man Bad\n|-damage|p2b: Rouge Man Bad|69\/100\n|move|p2a: Eater of the Rich|Shadow Ball|p1b: Iron Hands\n|-damage|p1b: Iron Hands|51\/100\n|move|p1b: Iron Hands|Wild Charge|p2a: Eater of the Rich\n|-damage|p2a: Eater of the Rich|0 fnt\n|faint|p2a: Eater of the Rich\n|-damage|p1b: Iron Hands|49\/100|[from] Recoil\n|\n|-weather|RainDance|[upkeep]\n|upkeep\n|\n|t:|1683393670\n|switch|p2a: Aboma BLAST|Abomasnow, L50, M, shiny|22\/100\n|-weather|Snow|[from] ability: Snow Warning|[of] p2a: Aboma BLAST\n|turn|8\n|inactive|StupidFlandrs48 has 30 seconds left.\n|\n|t:|1683393704\n|-terastallize|p1b: Iron Hands|Grass\n|move|p1a: Pelipper|Hydro Pump|p2b: Rouge Man Bad\n|-supereffective|p2b: Rouge Man Bad\n|-damage|p2b: Rouge Man Bad|0 fnt\n|faint|p2b: Rouge Man Bad\n|move|p1b: Iron Hands|Wild Charge|p2a: Aboma BLAST\n|-resisted|p2a: Aboma BLAST\n|-damage|p2a: Aboma BLAST|8\/100\n|-damage|p1b: Iron Hands|47\/100|[from] Recoil\n|move|p2a: Aboma BLAST|Earth Power|p1b: Iron Hands\n|-resisted|p1b: Iron Hands\n|-damage|p1b: Iron Hands|38\/100\n|\n|-weather|Snow|[upkeep]\n|upkeep\n|turn|9\n|\n|t:|1683393722\n|-terastallize|p2a: Aboma BLAST|Ground\n|move|p1b: Iron Hands|Fake Out||[still]\n|-hint|Fake Out only works on your first turn out.\n|-fail|p1b: Iron Hands\n|move|p1a: Pelipper|Hydro Pump|p2a: Aboma BLAST\n|-supereffective|p2a: Aboma BLAST\n|-damage|p2a: Aboma BLAST|0 fnt\n|faint|p2a: Aboma BLAST\n|\n|win|Nijiatw\n|raw|Nijiatw's rating: 1054 → 1086<\/strong> (+32 for winning)\n|raw|StupidFlandrs48's rating: 1052 → 1034<\/strong> (-18 for losing)\n|l|\u2606StupidFlandrs48\n","uploadtime":1683393731,"views":5,"p1id":"nijiatw","p2id":"stupidflandrs48","formatid":"gen9vgc2023regulationc","rating":1034,"private":0,"password":""}