{"id":"gen9vgc2023regulationc-1857622615","p1":"cheesebagg","p2":"Calbsafari","format":"[Gen 9] VGC 2023 Regulation C","log":"|j|\u2606cheesebagg\n|j|\u2606Calbsafari\n|t:|1683213839\n|gametype|doubles\n|player|p1|cheesebagg|169|1028\n|player|p2|Calbsafari|102|1000\n|teamsize|p1|6\n|teamsize|p2|6\n|gen|9\n|tier|[Gen 9] VGC 2023 Regulation C\n|rated|\n|rule|Species Clause: Limit one of each Pok\u00e9mon\n|rule|Item Clause: Limit one of each item\n|clearpoke\n|poke|p1|Palafin, L50, F|\n|poke|p1|Tatsugiri-Stretchy, L50, M|\n|poke|p1|Iron Bundle, L50|\n|poke|p1|Arcanine, L50, F|\n|poke|p1|Amoonguss, L50, F|\n|poke|p1|Flutter Mane, L50|\n|poke|p2|Toxtricity-Low-Key, L50, F|\n|poke|p2|Oranguru, L50, M|\n|poke|p2|Noivern, L50, M|\n|poke|p2|Pincurchin, L50, M|\n|poke|p2|Gastrodon-East, L50, M|\n|poke|p2|Iron Bundle, L50|\n|teampreview|4\ncheesebagg has agreed to open team sheets.\n|\n|t:|1683213876\n|start\n|switch|p1a: Iron Bundle|Iron Bundle, L50|100\/100\n|switch|p1b: Amoonguss|Amoonguss, L50, F, shiny|100\/100\n|switch|p2a: Oranguru|Oranguru, L50, M|100\/100\n|switch|p2b: Toxtricity|Toxtricity-Low-Key, L50, F|100\/100\n|-enditem|p1a: Iron Bundle|Booster Energy\n|-activate|p1a: Iron Bundle|ability: Quark Drive|[fromitem]\n|-start|p1a: Iron Bundle|quarkdrivespe\n|turn|1\n|raw| The server is restarting soon.<\/b> Please finish your battles quickly. No new battles can be started until the server resets in a few minutes.<\/div>\n|inactive|Battle timer is ON: inactive players will automatically lose when time's up.\n|raw| Moderated chat was set to +!<\/b> Only users of rank + and higher can talk.<\/div>\n|\n|t:|1683213910\n|-terastallize|p2b: Toxtricity|Normal\n|move|p1a: Iron Bundle|Protect|p1a: Iron Bundle\n|-singleturn|p1a: Iron Bundle|Protect\n|move|p2b: Toxtricity|Boomburst|p1a: Iron Bundle|[spread] p2a,p1b\n|-activate|p1a: Iron Bundle|move: Protect\n|-damage|p2a: Oranguru|47\/100\n|-damage|p1b: Amoonguss|54\/100\n|-enditem|p2b: Toxtricity|Throat Spray\n|-boost|p2b: Toxtricity|spa|1|[from] item: Throat Spray\n|-activate|p2a: Oranguru|ability: Symbiosis|Life Orb|[of] p2b: Toxtricity\n|move|p2a: Oranguru|Yawn|p1b: Amoonguss\n|-start|p1b: Amoonguss|move: Yawn|[of] p2a: Oranguru\n|move|p1b: Amoonguss|Spore|p2b: Toxtricity\n|-status|p2b: Toxtricity|slp|[from] move: Spore\n|\n|upkeep\n|turn|2\n|inactive|cheesebagg has 30 seconds left.\n|\n|t:|1683213944\n|switch|p1b: Flutter Mane|Flutter Mane, L50|100\/100\n|-terastallize|p1a: Iron Bundle|Steel\n|move|p1a: Iron Bundle|Tera Blast|p2a: Oranguru\n|-damage|p2a: Oranguru|15\/100\n|cant|p2b: Toxtricity|slp\n|move|p2a: Oranguru|Psyshock|p1b: Flutter Mane\n|-damage|p1b: Flutter Mane|43\/100\n|\n|upkeep\n|turn|3\n|inactive|Calbsafari has 30 seconds left.\n|\n|t:|1683213974\n|move|p1a: Iron Bundle|Hydro Pump|p2b: Toxtricity\n|-damage|p2b: Toxtricity|14\/100 slp\n|move|p1b: Flutter Mane|Dark Pulse|p2a: Oranguru\n|-supereffective|p2a: Oranguru\n|-damage|p2a: Oranguru|0 fnt\n|faint|p2a: Oranguru\n|cant|p2b: Toxtricity|slp\n|\n|upkeep\n|\n|t:|1683213990\n|switch|p2a: Gastrodon|Gastrodon-East, L50, M|100\/100\n|turn|4\n|\n|t:|1683214004\n|-end|p1b: Flutter Mane|Protosynthesis|[silent]\n|switch|p1b: Tatsugiri|Tatsugiri-Stretchy, L50, M|100\/100\n|move|p1a: Iron Bundle|Freeze-Dry|p2b: Toxtricity\n|-damage|p2b: Toxtricity|0 fnt\n|faint|p2b: Toxtricity\n|move|p2a: Gastrodon|Muddy Water|p1a: Iron Bundle|[spread] p1a\n|-ability|p1b: Tatsugiri|Storm Drain|boost\n|-boost|p1b: Tatsugiri|spa|1\n|-damage|p1a: Iron Bundle|28\/100\n|-unboost|p1a: Iron Bundle|accuracy|1\n|\n|upkeep\n|\n|t:|1683214011\n|switch|p2b: Noivern|Noivern, L50, M|100\/100\n|turn|5\n|inactive|cheesebagg has 30 seconds left.\n|\n|t:|1683214037\n|switch|p1b: Amoonguss|Amoonguss, L50, F, shiny|54\/100\n|move|p1a: Iron Bundle|Freeze-Dry|p2b: Noivern\n|-supereffective|p2b: Noivern\n|-damage|p2b: Noivern|0 fnt\n|faint|p2b: Noivern\n|move|p2a: Gastrodon|Earth Power|p1a: Iron Bundle\n|-supereffective|p1a: Iron Bundle\n|-damage|p1a: Iron Bundle|0 fnt\n|faint|p1a: Iron Bundle\n|-end|p1a: Iron Bundle|Quark Drive|[silent]\n|\n|upkeep\n|\n|t:|1683214045\n|switch|p1a: Tatsugiri|Tatsugiri-Stretchy, L50, M|100\/100\n|turn|6\n|\n|t:|1683214055\n|move|p1a: Tatsugiri|Nasty Plot|p1a: Tatsugiri\n|-boost|p1a: Tatsugiri|spa|2\n|move|p1b: Amoonguss|Spore|p2a: Gastrodon\n|-status|p2a: Gastrodon|slp|[from] move: Spore\n|cant|p2a: Gastrodon|slp\n|\n|upkeep\n|turn|7\n|-message|Calbsafari forfeited.\n|\n|win|cheesebagg\n|raw|cheesebagg's rating: 1028 → 1061<\/strong> (+33 for winning)\n|raw|Calbsafari's rating: 1000 → 1000<\/strong> (+0 for losing)\n|l|\u2606Calbsafari\n","uploadtime":1683214066,"views":12,"p1id":"cheesebagg","p2id":"calbsafari","formatid":"gen9vgc2023regulationc","rating":1000,"private":0,"password":""}