{"id":"gen9vgc2023regulationc-1854289633","p1":"mattnot3","p2":"Beee800197","format":"[Gen 9] VGC 2023 Regulation C","log":"|j|\u2606mattnot3\n|j|\u2606Beee800197\n|t:|1682793094\n|gametype|doubles\n|player|p1|mattnot3|pokemonbreeder-gen4|1397\n|player|p2|Beee800197|266|1419\n|teamsize|p1|6\n|teamsize|p2|6\n|gen|9\n|tier|[Gen 9] VGC 2023 Regulation C\n|rated|\n|rule|Species Clause: Limit one of each Pok\u00e9mon\n|rule|Item Clause: Limit one of each item\n|clearpoke\n|poke|p1|Chi-Yu, L50|\n|poke|p1|Flutter Mane, L50|\n|poke|p1|Scizor, L50, M|\n|poke|p1|Wo-Chien, L50|\n|poke|p1|Gyarados, L50, M|\n|poke|p1|Glimmora, L50, M|\n|poke|p2|Chi-Yu, L50|\n|poke|p2|Iron Hands, L50|\n|poke|p2|Kingambit, L50, F|\n|poke|p2|Amoonguss, L50, M|\n|poke|p2|Gyarados, L50, F|\n|poke|p2|Flutter Mane, L50|\n|teampreview|4\n|inactive|Battle timer is ON: inactive players will automatically lose when time's up. (requested by Beee800197)\n|c|\u2606mattnot3|gl hf\n|inactive|mattnot3 has 60 seconds left.\n|inactive|Beee800197 has 60 seconds left.\n|inactive|mattnot3 has 30 seconds left.\n|inactive|Beee800197 has 30 seconds left.\n|inactive|mattnot3 has 20 seconds left.\n|inactive|mattnot3 has 15 seconds left.\n|\n|t:|1682793175\n|start\n|switch|p1a: Glimmora|Glimmora, L50, M|100\/100\n|switch|p1b: Scizor|Scizor, L50, M|100\/100\n|switch|p2a: Iron Hands|Iron Hands, L50|100\/100\n|switch|p2b: Kingambit|Kingambit, L50, F|100\/100\n|turn|1\n|\n|t:|1682793199\n|-end|p2a: Iron Hands|Quark Drive|[silent]\n|switch|p2a: Gyarados|Gyarados, L50, F|100\/100\n|-ability|p2a: Gyarados|Intimidate|boost\n|-unboost|p1a: Glimmora|atk|1\n|-unboost|p1b: Scizor|atk|1\n|-terastallize|p2b: Kingambit|Ground\n|move|p1a: Glimmora|Mortal Spin|p2a: Gyarados|[spread] p2a,p2b\n|-resisted|p2b: Kingambit\n|-damage|p2a: Gyarados|98\/100\n|-damage|p2b: Kingambit|99\/100\n|-status|p2a: Gyarados|psn\n|-status|p2b: Kingambit|psn\n|move|p1b: Scizor|Tailwind|p1b: Scizor\n|-sidestart|p1: mattnot3|move: Tailwind\n|move|p2b: Kingambit|Tera Blast|p1a: Glimmora\n|-supereffective|p1a: Glimmora\n|-damage|p1a: Glimmora|0 fnt\n|-activate|p1a: Glimmora|ability: Toxic Debris\n|-sidestart|p2: Beee800197|move: Toxic Spikes\n|faint|p1a: Glimmora\n|\n|-damage|p2a: Gyarados|85\/100 psn|[from] psn\n|-damage|p2b: Kingambit|87\/100 psn|[from] psn\n|upkeep\n|\n|t:|1682793221\n|switch|p1a: Flutter Mane|Flutter Mane, L50|100\/100\n|-enditem|p1a: Flutter Mane|Booster Energy\n|-activate|p1a: Flutter Mane|ability: Protosynthesis|[fromitem]\n|-start|p1a: Flutter Mane|protosynthesisspa\n|turn|2\n|inactive|mattnot3 has 30 seconds left.\n|\n|t:|1682793250\n|move|p2a: Gyarados|Helping Hand|p2b: Kingambit\n|-singleturn|p2b: Kingambit|Helping Hand|[of] p2a: Gyarados\n|move|p2b: Kingambit|Sucker Punch||[still]\n|-fail|p2b: Kingambit\n|move|p1a: Flutter Mane|Substitute|p1a: Flutter Mane\n|-start|p1a: Flutter Mane|Substitute\n|-damage|p1a: Flutter Mane|76\/100\n|move|p1b: Scizor|U-turn|p2a: Gyarados\n|-resisted|p2a: Gyarados\n|-damage|p2a: Gyarados|72\/100 psn\n|\n|t:|1682793259\n|switch|p1b: Chi-Yu|Chi-Yu, L50|100\/100|[from] U-turn\n|-ability|p1b: Chi-Yu|Beads of Ruin\n|\n|-damage|p2a: Gyarados|59\/100 psn|[from] psn\n|-damage|p2b: Kingambit|74\/100 psn|[from] psn\n|upkeep\n|turn|3\n|inactive|Beee800197 has 30 seconds left.\n|\n|t:|1682793286\n|move|p2b: Kingambit|Sucker Punch|p1b: Chi-Yu\n|-resisted|p1b: Chi-Yu\n|-damage|p1b: Chi-Yu|73\/100\n|move|p1a: Flutter Mane|Moonblast|p2a: Gyarados\n|-damage|p2a: Gyarados|0 fnt\n|faint|p2a: Gyarados\n|move|p1b: Chi-Yu|Overheat|p2b: Kingambit\n|-damage|p2b: Kingambit|0 fnt\n|-unboost|p1b: Chi-Yu|spa|2\n|faint|p2b: Kingambit\n|\n|upkeep\n|\n|t:|1682793299\n|switch|p2a: Chi-Yu|Chi-Yu, L50|100\/100\n|switch|p2b: Iron Hands|Iron Hands, L50|100\/100\n|-status|p2a: Chi-Yu|psn\n|-ability|p2a: Chi-Yu|Beads of Ruin\n|-status|p2b: Iron Hands|psn\n|turn|4\n|\n|t:|1682793318\n|move|p1a: Flutter Mane|Protect|p1a: Flutter Mane\n|-singleturn|p1a: Flutter Mane|Protect\n|move|p2b: Iron Hands|Detect|p2b: Iron Hands\n|-singleturn|p2b: Iron Hands|Protect\n|move|p1b: Chi-Yu|Overheat|p2b: Iron Hands\n|-activate|p2b: Iron Hands|move: Protect\n|move|p2a: Chi-Yu|Snarl|p1a: Flutter Mane|[spread] p1b\n|-activate|p1a: Flutter Mane|move: Protect\n|-resisted|p1b: Chi-Yu\n|-damage|p1b: Chi-Yu|63\/100\n|-unboost|p1b: Chi-Yu|spa|1\n|\n|-damage|p2a: Chi-Yu|88\/100 psn|[from] psn\n|-damage|p2b: Iron Hands|88\/100 psn|[from] psn\n|-sideend|p1: mattnot3|move: Tailwind\n|upkeep\n|turn|5\n|\n|t:|1682793338\n|move|p1a: Flutter Mane|Moonblast|p2b: Iron Hands\n|-supereffective|p2b: Iron Hands\n|-damage|p2b: Iron Hands|0 fnt\n|faint|p2b: Iron Hands\n|-end|p2b: Iron Hands|Quark Drive|[silent]\n|move|p2a: Chi-Yu|Snarl|p1a: Flutter Mane|[spread] p1a,p1b\n|-resisted|p1b: Chi-Yu\n|-damage|p1a: Flutter Mane|47\/100\n|-damage|p1b: Chi-Yu|53\/100\n|-unboost|p1a: Flutter Mane|spa|1\n|-unboost|p1b: Chi-Yu|spa|1\n|move|p1b: Chi-Yu|Overheat|p2a: Chi-Yu\n|-resisted|p2a: Chi-Yu\n|-damage|p2a: Chi-Yu|70\/100 psn\n|-unboost|p1b: Chi-Yu|spa|2\n|\n|-damage|p2a: Chi-Yu|57\/100 psn|[from] psn\n|upkeep\n|turn|6\n|-message|Beee800197 forfeited.\n|\n|win|mattnot3\n|raw|mattnot3's rating: 1397 → 1418<\/strong> (+21 for winning)\n|raw|Beee800197's rating: 1419 → 1398<\/strong> (-21 for losing)\n|l|\u2606Beee800197\n","uploadtime":1682793359,"views":18,"p1id":"mattnot3","p2id":"beee800197","formatid":"gen9vgc2023regulationc","rating":1398,"private":0,"password":""}