{"id":"gen9vgc2023regulationc-1859868595","p1":"WillieDangerously","p2":"tonythebrony","format":"[Gen 9] VGC 2023 Regulation C","log":"|j|\u2606WillieDangerously\n|j|\u2606tonythebrony\n|t:|1683571284\n|gametype|doubles\n|player|p1|WillieDangerously|psychic-gen4|1120\n|player|p2|tonythebrony|gardenia|1075\n|teamsize|p1|6\n|teamsize|p2|6\n|gen|9\n|tier|[Gen 9] VGC 2023 Regulation C\n|rated|\n|rule|Species Clause: Limit one of each Pok\u00e9mon\n|rule|Item Clause: Limit one of each item\n|clearpoke\n|poke|p1|Chien-Pao, L50|\n|poke|p1|Amoonguss, L50, M|\n|poke|p1|Palafin, L50, F|\n|poke|p1|Dragapult, L50, F|\n|poke|p1|Scream Tail, L50|\n|poke|p1|Arcanine, L50, M|\n|poke|p2|Slither Wing, L50|\n|poke|p2|Arcanine, L50, F|\n|poke|p2|Meowscarada, L50, F|\n|poke|p2|Gastrodon-East, L50, M|\n|poke|p2|Flutter Mane, L50|\n|poke|p2|Dragonite, L50, F|\n|teampreview|4\n|\n|t:|1683571322\n|start\n|switch|p1a: Chien-Pao|Chien-Pao, L50|100\/100\n|switch|p1b: Scream Tail|Scream Tail, L50|100\/100\n|switch|p2a: Meowscarada|Meowscarada, L50, F|100\/100\n|switch|p2b: Flutter Mane|Flutter Mane, L50|100\/100\n|-ability|p1a: Chien-Pao|Sword of Ruin\n|-enditem|p1b: Scream Tail|Booster Energy\n|-activate|p1b: Scream Tail|ability: Protosynthesis|[fromitem]\n|-start|p1b: Scream Tail|protosynthesisspe\n|turn|1\n|\n|t:|1683571343\n|-end|p2b: Flutter Mane|Protosynthesis|[silent]\n|switch|p2b: Gastrodon|Gastrodon-East, L50, M|100\/100\n|move|p1a: Chien-Pao|Protect|p1a: Chien-Pao\n|-singleturn|p1a: Chien-Pao|Protect\n|move|p1b: Scream Tail|Thunder Wave|p2b: Gastrodon\n|-immune|p2b: Gastrodon\n|move|p2a: Meowscarada|Brick Break|p1a: Chien-Pao\n|-activate|p1a: Chien-Pao|move: Protect\n|\n|upkeep\n|turn|2\n|\n|t:|1683571366\n|switch|p1a: Dragapult|Dragapult, L50, F|100\/100\n|switch|p2b: Dragonite|Dragonite, L50, F|100\/100\n|move|p1b: Scream Tail|Howl|p1b: Scream Tail|[spread] p1a,p1b\n|-boost|p1a: Dragapult|atk|1\n|-boost|p1b: Scream Tail|atk|1\n|move|p2a: Meowscarada|Flower Trick|p1b: Scream Tail\n|-crit|p1b: Scream Tail\n|-damage|p1b: Scream Tail|55\/100\n|-damage|p2a: Meowscarada|91\/100|[from] item: Life Orb\n|\n|upkeep\n|turn|3\n|\n|t:|1683571394\n|-terastallize|p1a: Dragapult|Ghost\n|-terastallize|p2b: Dragonite|Flying\n|move|p1b: Scream Tail|Play Rough|p2a: Meowscarada\n|-supereffective|p2a: Meowscarada\n|-damage|p2a: Meowscarada|0 fnt\n|faint|p2a: Meowscarada\n|move|p1a: Dragapult|Will-O-Wisp|p2b: Dragonite\n|-status|p2b: Dragonite|brn\n|-enditem|p2b: Dragonite|Lum Berry|[eat]\n|-curestatus|p2b: Dragonite|brn|[msg]\n|move|p2b: Dragonite|Tailwind|p2b: Dragonite\n|-sidestart|p2: tonythebrony|move: Tailwind\n|\n|upkeep\n|\n|t:|1683571415\n|switch|p2a: Flutter Mane|Flutter Mane, L50|100\/100\n|turn|4\n|\n|t:|1683571434\n|switch|p1a: Arcanine|Arcanine, L50, M|100\/100\n|-ability|p1a: Arcanine|Intimidate|boost\n|-unboost|p2a: Flutter Mane|atk|1\n|-unboost|p2b: Dragonite|atk|1\n|move|p2a: Flutter Mane|Shadow Ball|p1a: Arcanine\n|-damage|p1a: Arcanine|28\/100\n|move|p1b: Scream Tail|Thunder Wave|p2a: Flutter Mane|[miss]\n|-miss|p1b: Scream Tail|p2a: Flutter Mane\n|move|p2b: Dragonite|Tera Blast|p1b: Scream Tail\n|-damage|p1b: Scream Tail|24\/100\n|\n|upkeep\n|turn|5\n|\n|t:|1683571459\n|move|p1a: Arcanine|Protect|p1a: Arcanine\n|-singleturn|p1a: Arcanine|Protect\n|move|p2a: Flutter Mane|Shadow Ball|p1b: Scream Tail\n|-supereffective|p1b: Scream Tail\n|-damage|p1b: Scream Tail|0 fnt\n|faint|p1b: Scream Tail\n|-end|p1b: Scream Tail|Protosynthesis|[silent]\n|move|p2b: Dragonite|Tera Blast|p1a: Arcanine\n|-activate|p1a: Arcanine|move: Protect\n|\n|upkeep\n|\n|t:|1683571472\n|switch|p1b: Chien-Pao|Chien-Pao, L50|100\/100\n|-ability|p1b: Chien-Pao|Sword of Ruin\n|turn|6\n|\n|t:|1683571486\n|-end|p2a: Flutter Mane|Protosynthesis|[silent]\n|switch|p2a: Gastrodon|Gastrodon-East, L50, M|100\/100\n|move|p1b: Chien-Pao|Protect|p1b: Chien-Pao\n|-singleturn|p1b: Chien-Pao|Protect\n|move|p2b: Dragonite|Extreme Speed|p1a: Arcanine\n|-damage|p1a: Arcanine|0 fnt\n|faint|p1a: Arcanine\n|\n|-sideend|p2: tonythebrony|move: Tailwind\n|upkeep\n|\n|t:|1683571497\n|switch|p1a: Dragapult|Dragapult, L50, F, tera:Ghost|100\/100\n|turn|7\n|\n|t:|1683571508\n|move|p1a: Dragapult|Will-O-Wisp|p2b: Dragonite\n|-status|p2b: Dragonite|brn\n|move|p1b: Chien-Pao|Crunch|p2a: Gastrodon\n|-crit|p2a: Gastrodon\n|-damage|p2a: Gastrodon|28\/100\n|-unboost|p2a: Gastrodon|def|1\n|-enditem|p2a: Gastrodon|Sitrus Berry|[eat]\n|-heal|p2a: Gastrodon|53\/100|[from] item: Sitrus Berry\n|move|p2b: Dragonite|Tailwind|p2b: Dragonite\n|-sidestart|p2: tonythebrony|move: Tailwind\n|move|p2a: Gastrodon|Muddy Water|p1a: Dragapult|[spread] p1a,p1b\n|-damage|p1a: Dragapult|68\/100\n|-damage|p1b: Chien-Pao|61\/100\n|\n|-damage|p2b: Dragonite|94\/100 brn|[from] brn\n|upkeep\n|turn|8\n|\n|t:|1683571540\n|move|p1b: Chien-Pao|Protect|p1b: Chien-Pao\n|-singleturn|p1b: Chien-Pao|Protect\n|move|p2a: Gastrodon|Protect|p2a: Gastrodon\n|-singleturn|p2a: Gastrodon|Protect\n|move|p1a: Dragapult|Dragon Darts|p2b: Dragonite\n|-damage|p2b: Dragonite|63\/100 brn\n|-anim|p1a: Dragapult|Dragon Darts|p2b: Dragonite\n|-damage|p2b: Dragonite|33\/100 brn\n|move|p2b: Dragonite|Dragon Claw|p1b: Chien-Pao\n|-activate|p1b: Chien-Pao|move: Protect\n|\n|-damage|p2b: Dragonite|27\/100 brn|[from] brn\n|upkeep\n|turn|9\n|l|\u2606tonythebrony\n|player|p2|\n|j|\u2606tonythebrony\n|player|p2|tonythebrony|gardenia\n|\n|t:|1683571592\n|move|p2b: Dragonite|Extreme Speed|p1b: Chien-Pao\n|-damage|p1b: Chien-Pao|47\/100\n|move|p1a: Dragapult|Dragon Darts|p2b: Dragonite\n|-damage|p2b: Dragonite|0 fnt\n|-anim|p1a: Dragapult|Dragon Darts|p2a: Gastrodon\n|-damage|p2a: Gastrodon|7\/100\n|faint|p2b: Dragonite\n|move|p1b: Chien-Pao|Crunch|p2a: Gastrodon\n|-damage|p2a: Gastrodon|0 fnt\n|faint|p2a: Gastrodon\n|\n|upkeep\n|\n|t:|1683571604\n|switch|p2b: Flutter Mane|Flutter Mane, L50|100\/100\n|turn|10\n|\n|t:|1683571613\n|move|p1a: Dragapult|Protect|p1a: Dragapult\n|-singleturn|p1a: Dragapult|Protect\n|move|p1b: Chien-Pao|Protect|p1b: Chien-Pao\n|-singleturn|p1b: Chien-Pao|Protect\n|move|p2b: Flutter Mane|Dazzling Gleam|p1a: Dragapult|[spread] \n|-activate|p1a: Dragapult|move: Protect\n|-activate|p1b: Chien-Pao|move: Protect\n|\n|-sideend|p2: tonythebrony|move: Tailwind\n|upkeep\n|turn|11\n|\n|t:|1683571626\n|move|p1a: Dragapult|Tera Blast|p2b: Flutter Mane\n|-supereffective|p2b: Flutter Mane\n|-damage|p2b: Flutter Mane|0 fnt\n|faint|p2b: Flutter Mane\n|-end|p2b: Flutter Mane|Protosynthesis|[silent]\n|\n|win|WillieDangerously\n|raw|WillieDangerously's rating: 1120 → 1142<\/strong> (+22 for winning)\n|raw|tonythebrony's rating: 1075 → 1056<\/strong> (-19 for losing)\n|l|\u2606tonythebrony\n","uploadtime":1683571630,"views":8,"p1id":"williedangerously","p2id":"tonythebrony","formatid":"gen9vgc2023regulationc","rating":1056,"private":0,"password":""}