{"id":"gen9vgc2023regulationc-1847831489","p1":"Jbenn","p2":"TStorm","format":"[Gen 9] VGC 2023 Regulation C","log":"|j|\u2606Jbenn\n|j|\u2606TStorm\n|t:|1682005561\n|gametype|doubles\n|player|p1|Jbenn|steven|\n|player|p2|TStorm|170|\n|teamsize|p1|6\n|teamsize|p2|6\n|gen|9\n|tier|[Gen 9] VGC 2023 Regulation C\n|rated|Tournament battle\n|rule|Species Clause: Limit one of each Pok\u00e9mon\n|rule|Item Clause: Limit one of each item\n|clearpoke\n|poke|p1|Iron Jugulis, L50|\n|poke|p1|Gholdengo, L50|\n|poke|p1|Hariyama, L50, M|\n|poke|p1|Great Tusk, L50|\n|poke|p1|Mimikyu, L50, M|\n|poke|p1|Gyarados, L50, M|\n|poke|p2|Ting-Lu, L50|\n|poke|p2|Chien-Pao, L50|\n|poke|p2|Flutter Mane, L50|\n|poke|p2|Arcanine, L50, M|\n|poke|p2|Amoonguss, L50, M|\n|poke|p2|Palafin, L50, F|\n|teampreview|4\n|raw| Open Team Sheet for Jbenn<\/summary>Iron Jugulis @ Booster Energy Ability: Quark Drive Level: 50 Tera Type: Fire - Protect - Tailwind - Snarl - Air Slash Gholdengo @ Leftovers Ability: Good as Gold Level: 50 Tera Type: Steel - Protect - Nasty Plot - Make It Rain - Thunderbolt Hariyama @ Roseli Berry Ability: Thick Fat Level: 50 Shiny: Yes Tera Type: Steel - Fake Out - Close Combat - Iron Head - Wide Guard Great Tusk @ Life Orb Ability: Protosynthesis Level: 50 Hidden Power: Fighting Tera Type: Ground - Protect - Headlong Rush - Earthquake - Ice Spinner Mimikyu @ Sitrus Berry Ability: Disguise Level: 50 Tera Type: Water - Protect - Trick Room - Play Rough - Curse Gyarados (M) @ Lum Berry Ability: Intimidate Level: 50 Shiny: Yes Tera Type: Flying - Protect - Waterfall - Thunder Wave - Tera Blast <\/details><\/div> Open Team Sheet for TStorm<\/summary>Ting-Lu @ Assault Vest Ability: Vessel of Ruin Level: 50 Tera Type: Ground - Heavy Slam - Stomping Tantrum - Ruination - Earthquake Chien-Pao @ Focus Sash Ability: Sword of Ruin Level: 50 Tera Type: Ghost - Haze - Ice Spinner - Protect - Sucker Punch Flutter Mane @ Booster Energy Ability: Protosynthesis Level: 50 Tera Type: Fairy - Moonblast - Shadow Ball - Dazzling Gleam - Thunderbolt Arcanine @ Figy Berry Ability: Intimidate Level: 50 Tera Type: Flying - Flare Blitz - Will-O-Wisp - Extreme Speed - Howl Not Amoonguss (Amoonguss) (M) @ Sitrus Berry Ability: Regenerator Level: 50 Shiny: Yes Tera Type: Water - Pollen Puff - Rage Powder - Spore - Protect Kayla My Love \ud83d\ude18 (Palafin) (F) @ Safety Goggles Ability: Zero to Hero Level: 50 Shiny: Yes Tera Type: Water - Jet Punch - Wave Crash - Taunt - Protect <\/details><\/div>\n|c|\u2606Jbenn|HF!\n|c|\u2606TStorm|Glhf????\n|c|\u2606Jbenn|no\n|c|\u2606Jbenn|just hf\n|c|\u2606TStorm|Hf????\n|j| Pog Johnson\n|c|\u2606Jbenn|YES\n|\n|t:|1682005702\n|start\n|switch|p1a: Hariyama|Hariyama, L50, M, shiny|100\/100\n|switch|p1b: Gyarados|Gyarados, L50, M, shiny|100\/100\n|switch|p2a: Arcanine|Arcanine, L50, M|100\/100\n|switch|p2b: Not Amoonguss|Amoonguss, L50, M, shiny|100\/100\n|-ability|p2a: Arcanine|Intimidate|boost\n|-unboost|p1a: Hariyama|atk|1\n|-unboost|p1b: Gyarados|atk|1\n|-ability|p1b: Gyarados|Intimidate|boost\n|-unboost|p2a: Arcanine|atk|1\n|-unboost|p2b: Not Amoonguss|atk|1\n|turn|1\n|\n|t:|1682005754\n|switch|p1b: Iron Jugulis|Iron Jugulis, L50|100\/100\n|-enditem|p1b: Iron Jugulis|Booster Energy\n|-activate|p1b: Iron Jugulis|ability: Quark Drive|[fromitem]\n|-start|p1b: Iron Jugulis|quarkdrivespe\n|move|p1a: Hariyama|Fake Out|p2b: Not Amoonguss\n|-crit|p2b: Not Amoonguss\n|-damage|p2b: Not Amoonguss|80\/100\n|move|p2a: Arcanine|Will-O-Wisp|p1b: Iron Jugulis\n|-status|p1b: Iron Jugulis|brn\n|cant|p2b: Not Amoonguss|flinch\n|\n|-damage|p1b: Iron Jugulis|95\/100 brn|[from] brn\n|upkeep\n|turn|2\n|l| Pog Johnson\n|j| hancec\n|\n|t:|1682005798\n|switch|p1a: Gholdengo|Gholdengo, L50|100\/100\n|-terastallize|p2b: Not Amoonguss|Water\n|move|p1b: Iron Jugulis|Air Slash|p2b: Not Amoonguss\n|-damage|p2b: Not Amoonguss|57\/100\n|move|p2a: Arcanine|Howl|p2a: Arcanine|[spread] p2a,p2b\n|-boost|p2a: Arcanine|atk|1\n|-boost|p2b: Not Amoonguss|atk|1\n|move|p2b: Not Amoonguss|Spore|p1a: Gholdengo\n|-immune|p1a: Gholdengo|[from] ability: Good as Gold\n|\n|-damage|p1b: Iron Jugulis|89\/100 brn|[from] brn\n|upkeep\n|turn|3\n|\n|t:|1682005820\n|switch|p1a: Gyarados|Gyarados, L50, M, shiny|100\/100\n|-ability|p1a: Gyarados|Intimidate|boost\n|-unboost|p2a: Arcanine|atk|1\n|-unboost|p2b: Not Amoonguss|atk|1\n|switch|p2b: Ting-Lu|Ting-Lu, L50|100\/100\n|-ability|p2b: Ting-Lu|Vessel of Ruin\n|move|p1b: Iron Jugulis|Air Slash|p2b: Ting-Lu\n|-damage|p2b: Ting-Lu|90\/100\n|move|p2a: Arcanine|Howl|p2a: Arcanine|[spread] p2a,p2b\n|-boost|p2a: Arcanine|atk|1\n|-boost|p2b: Ting-Lu|atk|1\n|\n|-damage|p1b: Iron Jugulis|83\/100 brn|[from] brn\n|upkeep\n|turn|4\n|\n|t:|1682005843\n|move|p1b: Iron Jugulis|Air Slash|p2b: Ting-Lu\n|-damage|p2b: Ting-Lu|77\/100\n|move|p2a: Arcanine|Will-O-Wisp|p1a: Gyarados\n|-status|p1a: Gyarados|brn\n|-enditem|p1a: Gyarados|Lum Berry|[eat]\n|-curestatus|p1a: Gyarados|brn|[msg]\n|move|p1a: Gyarados|Waterfall|p2b: Ting-Lu\n|-supereffective|p2b: Ting-Lu\n|-damage|p2b: Ting-Lu|29\/100\n|move|p2b: Ting-Lu|Heavy Slam|p1b: Iron Jugulis\n|-damage|p1b: Iron Jugulis|29\/100 brn\n|\n|-damage|p1b: Iron Jugulis|23\/100 brn|[from] brn\n|upkeep\n|turn|5\n|\n|t:|1682005866\n|move|p1b: Iron Jugulis|Tailwind|p1b: Iron Jugulis\n|-sidestart|p1: Jbenn|move: Tailwind\n|move|p1a: Gyarados|Waterfall|p2a: Arcanine\n|-supereffective|p2a: Arcanine\n|-damage|p2a: Arcanine|15\/100\n|-enditem|p2a: Arcanine|Figy Berry|[eat]\n|-heal|p2a: Arcanine|48\/100|[from] item: Figy Berry\n|cant|p2a: Arcanine|flinch\n|move|p2b: Ting-Lu|Heavy Slam|p1b: Iron Jugulis\n|-damage|p1b: Iron Jugulis|0 fnt\n|faint|p1b: Iron Jugulis\n|-end|p1b: Iron Jugulis|Quark Drive|[silent]\n|\n|upkeep\n|\n|t:|1682005903\n|switch|p1b: Hariyama|Hariyama, L50, M, shiny|100\/100\n|turn|6\n|\n|t:|1682005921\n|switch|p2a: Not Amoonguss|Amoonguss, L50, M, shiny, tera:Water|90\/100\n|move|p1a: Gyarados|Waterfall|p2b: Ting-Lu\n|-supereffective|p2b: Ting-Lu\n|-damage|p2b: Ting-Lu|0 fnt\n|faint|p2b: Ting-Lu\n|move|p1b: Hariyama|Close Combat|p2a: Not Amoonguss\n|-damage|p2a: Not Amoonguss|36\/100\n|-unboost|p1b: Hariyama|def|1\n|-unboost|p1b: Hariyama|spd|1\n|-enditem|p2a: Not Amoonguss|Sitrus Berry|[eat]\n|-heal|p2a: Not Amoonguss|61\/100|[from] item: Sitrus Berry\n|\n|upkeep\n|c|\u2606Jbenn|Stacys mom, has got it going on\n|\n|t:|1682005932\n|switch|p2b: Arcanine|Arcanine, L50, M|48\/100\n|-ability|p2b: Arcanine|Intimidate|boost\n|-unboost|p1a: Gyarados|atk|1\n|-unboost|p1b: Hariyama|atk|1\n|turn|7\n|c| hancec|stacy can i come over after schooll\n|\n|t:|1682005950\n|switch|p1a: Gholdengo|Gholdengo, L50|100\/100\n|move|p2b: Arcanine|Howl|p2b: Arcanine|[spread] p2a,p2b\n|-boost|p2a: Not Amoonguss|atk|1\n|-boost|p2b: Arcanine|atk|1\n|move|p1b: Hariyama|Close Combat|p2b: Arcanine\n|-damage|p2b: Arcanine|7\/100\n|-unboost|p1b: Hariyama|def|1\n|-unboost|p1b: Hariyama|spd|1\n|move|p2a: Not Amoonguss|Spore|p1a: Gholdengo\n|-immune|p1a: Gholdengo|[from] ability: Good as Gold\n|\n|upkeep\n|turn|8\n|\n|t:|1682005980\n|-terastallize|p1a: Gholdengo|Steel\n|move|p2b: Arcanine|Extreme Speed|p1b: Hariyama\n|-damage|p1b: Hariyama|38\/100\n|move|p1a: Gholdengo|Make It Rain|p2b: Arcanine|[spread] p2a,p2b\n|-resisted|p2a: Not Amoonguss\n|-resisted|p2b: Arcanine\n|-damage|p2a: Not Amoonguss|35\/100\n|-damage|p2b: Arcanine|0 fnt\n|-unboost|p1a: Gholdengo|spa|1\n|faint|p2b: Arcanine\n|move|p1b: Hariyama|Close Combat|p2a: Not Amoonguss\n|-damage|p2a: Not Amoonguss|1\/100\n|-unboost|p1b: Hariyama|def|1\n|-unboost|p1b: Hariyama|spd|1\n|move|p2a: Not Amoonguss|Spore|p1b: Hariyama\n|-status|p1b: Hariyama|slp|[from] move: Spore\n|\n|-sideend|p1: Jbenn|move: Tailwind\n|upkeep\n|\n|t:|1682005990\n|switch|p2b: Chien-Pao|Chien-Pao, L50|100\/100\n|-ability|p2b: Chien-Pao|Sword of Ruin\n|turn|9\n|c|\u2606Jbenn|hari u bum\n|\n|t:|1682006021\n|switch|p1b: Gyarados|Gyarados, L50, M, shiny|100\/100\n|-ability|p1b: Gyarados|Intimidate|boost\n|-unboost|p2a: Not Amoonguss|atk|1\n|-unboost|p2b: Chien-Pao|atk|1\n|move|p2a: Not Amoonguss|Protect|p2a: Not Amoonguss\n|-singleturn|p2a: Not Amoonguss|Protect\n|move|p2b: Chien-Pao|Ice Spinner|p1b: Gyarados\n|-crit|p1b: Gyarados\n|-damage|p1b: Gyarados|22\/100\n|move|p1a: Gholdengo|Make It Rain|p2a: Not Amoonguss|[spread] p2b\n|-activate|p2a: Not Amoonguss|move: Protect\n|-supereffective|p2b: Chien-Pao\n|-enditem|p2b: Chien-Pao|Focus Sash\n|-damage|p2b: Chien-Pao|1\/100\n|-unboost|p1a: Gholdengo|spa|1\n|\n|upkeep\n|turn|10\n|c|\u2606TStorm|Gg\n|c|\u2606TStorm|Wp\n|\n|t:|1682006041\n|switch|p1b: Hariyama|Hariyama, L50, M, shiny|38\/100 slp\n|move|p1a: Gholdengo|Protect|p1a: Gholdengo\n|-singleturn|p1a: Gholdengo|Protect\n|move|p2b: Chien-Pao|Ice Spinner|p1b: Hariyama\n|-damage|p1b: Hariyama|22\/100 slp\n|move|p2a: Not Amoonguss|Pollen Puff|p2b: Chien-Pao\n|-heal|p2b: Chien-Pao|51\/100\n|\n|upkeep\n|turn|11\n|c|\u2606Jbenn|gg sir\n|-message|TStorm forfeited.\n|\n|win|Jbenn\n|n|\u2606Jbenn|jbenn\n|n|\u2606TStorm|tstorm\n|n| hancec|hancec\n|l|\u2606TStorm\n","uploadtime":1682006061,"views":8,"p1id":"jbenn","p2id":"tstorm","formatid":"gen9vgc2023regulationc","rating":0,"private":0,"password":""}