{"id":"gen9vgc2023regulationc-1845950635","p1":"gankyburner","p2":"UtesCartman","format":"[Gen 9] VGC 2023 Regulation C","log":"|j|\u2606gankyburner\n|j|\u2606UtesCartman\n|t:|1681782944\n|gametype|doubles\n|player|p1|gankyburner|169|1199\n|player|p2|UtesCartman|265|1270\n|teamsize|p1|6\n|teamsize|p2|6\n|gen|9\n|tier|[Gen 9] VGC 2023 Regulation C\n|rated|\n|rule|Species Clause: Limit one of each Pok\u00e9mon\n|rule|Item Clause: Limit one of each item\n|clearpoke\n|poke|p1|Murkrow, L50, F|\n|poke|p1|Tyranitar, L50, M|\n|poke|p1|Houndstone, L50, F|\n|poke|p1|Chi-Yu, L50|\n|poke|p1|Corviknight, L50, M|\n|poke|p1|Leafeon, L50, M|\n|poke|p2|Dondozo, L50, M|\n|poke|p2|Tatsugiri, L50, F|\n|poke|p2|Talonflame, L50, M|\n|poke|p2|Pawmot, L50, F|\n|poke|p2|Flutter Mane, L50|\n|poke|p2|Gholdengo, L50|\n|teampreview|4\n|\n|t:|1681783012\n|start\n|switch|p1a: C'mon C'mon|Murkrow, L50, F|100\/100\n|switch|p1b: Mr. Jones|Corviknight, L50, M|100\/100\n|switch|p2a: Pawmot|Pawmot, L50, F, shiny|100\/100\n|switch|p2b: Flutter Mane|Flutter Mane, L50|100\/100\n|turn|1\n|\n|t:|1681783037\n|-end|p2b: Flutter Mane|Protosynthesis|[silent]\n|switch|p2b: Talonflame|Talonflame, L50, M, shiny|100\/100\n|move|p1a: C'mon C'mon|Tailwind|p1a: C'mon C'mon\n|-sidestart|p1: gankyburner|move: Tailwind\n|move|p1b: Mr. Jones|Iron Head|p2b: Talonflame\n|-resisted|p2b: Talonflame\n|-damage|p2b: Talonflame|66\/100\n|move|p2a: Pawmot|Double Shock|p1a: C'mon C'mon\n|-supereffective|p1a: C'mon C'mon\n|-damage|p1a: C'mon C'mon|0 fnt\n|-start|p2a: Pawmot|typechange|???\/Fighting|[from] move: Double Shock\n|faint|p1a: C'mon C'mon\n|\n|upkeep\n|\n|t:|1681783064\n|switch|p1a: Dragula|Houndstone, L50, F, shiny|100\/100\n|turn|2\n|\n|t:|1681783081\n|-terastallize|p1a: Dragula|Fairy\n|-terastallize|p2a: Pawmot|Electric\n|move|p1a: Dragula|Play Rough|p2a: Pawmot\n|-damage|p2a: Pawmot|50\/100\n|move|p1b: Mr. Jones|Iron Head|p2b: Talonflame\n|-resisted|p2b: Talonflame\n|-damage|p2b: Talonflame|33\/100\n|move|p2a: Pawmot|Double Shock|p1b: Mr. Jones\n|-supereffective|p1b: Mr. Jones\n|-damage|p1b: Mr. Jones|0 fnt\n|-start|p2a: Pawmot|typechange|Electric|[from] move: Double Shock\n|faint|p1b: Mr. Jones\n|move|p2b: Talonflame|Tailwind|p2b: Talonflame\n|-sidestart|p2: UtesCartman|move: Tailwind\n|\n|upkeep\n|\n|t:|1681783094\n|switch|p1b: Plantasia|Leafeon, L50, M|100\/100\n|turn|3\n|\n|t:|1681783111\n|move|p1b: Plantasia|Protect|p1b: Plantasia\n|-singleturn|p1b: Plantasia|Protect\n|move|p2a: Pawmot|Close Combat|p1b: Plantasia\n|-activate|p1b: Plantasia|move: Protect\n|move|p2b: Talonflame|Brave Bird|p1b: Plantasia\n|-activate|p1b: Plantasia|move: Protect\n|move|p1a: Dragula|Last Respects|p2b: Talonflame\n|-damage|p2b: Talonflame|0 fnt\n|faint|p2b: Talonflame\n|\n|upkeep\n|\n|t:|1681783117\n|switch|p2b: Gholdengo|Gholdengo, L50|100\/100\n|turn|4\n|\n|t:|1681783125\n|move|p2a: Pawmot|Double Shock|p1a: Dragula\n|-damage|p1a: Dragula|35\/100\n|-start|p2a: Pawmot|typechange|Electric|[from] move: Double Shock\n|move|p1b: Plantasia|Charm|p2a: Pawmot\n|-unboost|p2a: Pawmot|atk|2\n|move|p1a: Dragula|Last Respects|p2b: Gholdengo\n|-supereffective|p2b: Gholdengo\n|-damage|p2b: Gholdengo|0 fnt\n|faint|p2b: Gholdengo\n|\n|-sideend|p1: gankyburner|move: Tailwind\n|upkeep\n|\n|t:|1681783134\n|switch|p2b: Flutter Mane|Flutter Mane, L50|100\/100\n|turn|5\n|\n|t:|1681783143\n|move|p2b: Flutter Mane|Dazzling Gleam|p1b: Plantasia|[spread] p1a,p1b\n|-damage|p1a: Dragula|0 fnt\n|-damage|p1b: Plantasia|23\/100\n|faint|p1a: Dragula\n|-damage|p2b: Flutter Mane|91\/100|[from] item: Life Orb\n|move|p2a: Pawmot|Revival Blessing|p2a: Pawmot\n|\n|t:|1681783148\n|-heal|p2: Talonflame|50\/100|[from] move: Revival Blessing\n|move|p1b: Plantasia|Leaf Blade|p2b: Flutter Mane\n|-crit|p2b: Flutter Mane\n|-damage|p2b: Flutter Mane|0 fnt\n|faint|p2b: Flutter Mane\n|-end|p2b: Flutter Mane|Protosynthesis|[silent]\n|\n|-sideend|p2: UtesCartman|move: Tailwind\n|upkeep\n|\n|t:|1681783150\n|switch|p2b: Talonflame|Talonflame, L50, M, shiny|50\/100\n|turn|6\n|\n|t:|1681783168\n|move|p2a: Pawmot|Close Combat|p1b: Plantasia\n|-damage|p1b: Plantasia|0 fnt\n|-unboost|p2a: Pawmot|def|1\n|-unboost|p2a: Pawmot|spd|1\n|faint|p1b: Plantasia\n|\n|win|UtesCartman\n|raw|gankyburner's rating: 1199 → 1179<\/strong> (-20 for losing)\n|raw|UtesCartman's rating: 1270 → 1290<\/strong> (+20 for winning)\n|c|\u2606gankyburner|gg\n","uploadtime":1681783176,"views":5,"p1id":"gankyburner","p2id":"utescartman","formatid":"gen9vgc2023regulationc","rating":1179,"private":0,"password":""}