{"id":"gen9vgc2023regulationc-1856634787","p1":"AndrewAlmo","p2":"Pokemondashi","format":"[Gen 9] VGC 2023 Regulation C","log":"|j|\u2606AndrewAlmo\n|j|\u2606Pokemondashi\n|t:|1683085634\n|gametype|doubles\n|player|p1|AndrewAlmo|hilbert|1145\n|player|p2|Pokemondashi|steven|1045\n|teamsize|p1|6\n|teamsize|p2|6\n|gen|9\n|tier|[Gen 9] VGC 2023 Regulation C\n|rated|\n|rule|Species Clause: Limit one of each Pok\u00e9mon\n|rule|Item Clause: Limit one of each item\n|clearpoke\n|poke|p1|Dragapult, L50, F|\n|poke|p1|Maushold, L50|\n|poke|p1|Azumarill, L50, M|\n|poke|p1|Volcarona, L50, M|\n|poke|p1|Chien-Pao, L50|\n|poke|p1|Roaring Moon, L50|\n|poke|p2|Palafin, L50, F|\n|poke|p2|Flutter Mane, L50|\n|poke|p2|Arcanine, L50, F|\n|poke|p2|Ting-Lu, L50|\n|poke|p2|Amoonguss, L50, F|\n|poke|p2|Kingambit, L50, F|\n|teampreview|4\n|inactive|Battle timer is ON: inactive players will automatically lose when time's up. (requested by AndrewAlmo)\n|\n|t:|1683085669\n|start\n|switch|p1a: Maushold|Maushold, L50|100\/100\n|switch|p1b: Volcarona|Volcarona, L50, M|100\/100\n|switch|p2a: Flutter Mane|Flutter Mane, L50|100\/100\n|switch|p2b: Arcanine|Arcanine, L50, F|100\/100\n|-ability|p2b: Arcanine|Intimidate|boost\n|-unboost|p1a: Maushold|atk|1\n|-unboost|p1b: Volcarona|atk|1\n|-enditem|p2a: Flutter Mane|Booster Energy\n|-activate|p2a: Flutter Mane|ability: Protosynthesis|[fromitem]\n|-start|p2a: Flutter Mane|protosynthesisspe\n|turn|1\n|\n|t:|1683085692\n|move|p2a: Flutter Mane|Protect|p2a: Flutter Mane\n|-singleturn|p2a: Flutter Mane|Protect\n|move|p1b: Volcarona|Quiver Dance|p1b: Volcarona\n|-boost|p1b: Volcarona|spa|1\n|-boost|p1b: Volcarona|spd|1\n|-boost|p1b: Volcarona|spe|1\n|move|p1a: Maushold|Thunder Wave|p2b: Arcanine\n|-status|p2b: Arcanine|par\n|cant|p2b: Arcanine|par\n|\n|upkeep\n|turn|2\n|inactive|AndrewAlmo has 30 seconds left.\n|\n|t:|1683085721\n|-terastallize|p2a: Flutter Mane|Fairy\n|move|p1b: Volcarona|Protect|p1b: Volcarona\n|-singleturn|p1b: Volcarona|Protect\n|move|p2a: Flutter Mane|Moonblast|p1b: Volcarona\n|-activate|p1b: Volcarona|move: Protect\n|move|p1a: Maushold|Thunder Wave|p2a: Flutter Mane\n|-status|p2a: Flutter Mane|par\n|move|p2b: Arcanine|Flare Blitz|p1b: Volcarona\n|-activate|p1b: Volcarona|move: Protect\n|\n|upkeep\n|turn|3\n|\n|t:|1683085744\n|-terastallize|p1b: Volcarona|Water\n|move|p1b: Volcarona|Heat Wave|p2b: Arcanine|[spread] p2a,p2b\n|-resisted|p2b: Arcanine\n|-damage|p2a: Flutter Mane|52\/100 par\n|-damage|p2b: Arcanine|77\/100 par\n|move|p1a: Maushold|Fake Tears|p2a: Flutter Mane\n|-unboost|p2a: Flutter Mane|spd|2\n|move|p2a: Flutter Mane|Moonblast|p1b: Volcarona\n|-damage|p1b: Volcarona|70\/100\n|move|p2b: Arcanine|Flare Blitz|p1b: Volcarona\n|-resisted|p1b: Volcarona\n|-damage|p1b: Volcarona|46\/100\n|-damage|p2b: Arcanine|69\/100 par|[from] Recoil\n|\n|-heal|p1b: Volcarona|52\/100|[from] item: Leftovers\n|upkeep\n|turn|4\n|\n|t:|1683085769\n|-end|p2a: Flutter Mane|Protosynthesis|[silent]\n|switch|p2a: Ting-Lu|Ting-Lu, L50|100\/100\n|-ability|p2a: Ting-Lu|Vessel of Ruin\n|move|p1a: Maushold|Protect|p1a: Maushold\n|-singleturn|p1a: Maushold|Protect\n|move|p1b: Volcarona|Bug Buzz|p2a: Ting-Lu\n|-supereffective|p2a: Ting-Lu\n|-damage|p2a: Ting-Lu|52\/100\n|move|p2b: Arcanine|Snarl|p1b: Volcarona|[spread] p1b\n|-activate|p1a: Maushold|move: Protect\n|-damage|p1b: Volcarona|49\/100\n|-unboost|p1b: Volcarona|spa|1\n|\n|-heal|p1b: Volcarona|55\/100|[from] item: Leftovers\n|upkeep\n|turn|5\n|inactive|AndrewAlmo has 30 seconds left.\n|inactive|Pokemondashi has 30 seconds left.\n|inactive|Pokemondashi has 20 seconds left.\n|\n|t:|1683085808\n|move|p2b: Arcanine|Extreme Speed|p1b: Volcarona\n|-damage|p1b: Volcarona|34\/100\n|move|p1b: Volcarona|Bug Buzz|p2a: Ting-Lu\n|-supereffective|p2a: Ting-Lu\n|-damage|p2a: Ting-Lu|15\/100\n|move|p1a: Maushold|Thunder Wave|p2a: Ting-Lu\n|-immune|p2a: Ting-Lu\n|move|p2a: Ting-Lu|Stomping Tantrum|p1b: Volcarona\n|-damage|p1b: Volcarona|5\/100\n|-status|p2a: Ting-Lu|brn|[from] ability: Flame Body|[of] p1b: Volcarona\n|\n|-heal|p1b: Volcarona|11\/100|[from] item: Leftovers\n|-damage|p2a: Ting-Lu|9\/100 brn|[from] brn\n|upkeep\n|turn|6\n|\n|t:|1683085830\n|move|p1a: Maushold|Follow Me|p1a: Maushold\n|-singleturn|p1a: Maushold|move: Follow Me\n|move|p2b: Arcanine|Extreme Speed|p1a: Maushold\n|-damage|p1a: Maushold|75\/100\n|move|p1b: Volcarona|Heat Wave|p2a: Ting-Lu|[spread] p2a,p2b\n|-resisted|p2b: Arcanine\n|-damage|p2a: Ting-Lu|0 fnt\n|-damage|p2b: Arcanine|56\/100 par\n|faint|p2a: Ting-Lu\n|\n|-heal|p1b: Volcarona|17\/100|[from] item: Leftovers\n|upkeep\n|\n|t:|1683085840\n|switch|p2a: Flutter Mane|Flutter Mane, L50, tera:Fairy|52\/100 par\n|turn|7\n|\n|t:|1683085853\n|move|p1a: Maushold|Follow Me|p1a: Maushold\n|-singleturn|p1a: Maushold|move: Follow Me\n|move|p2b: Arcanine|Extreme Speed|p1a: Maushold\n|-damage|p1a: Maushold|48\/100\n|move|p1b: Volcarona|Heat Wave|p2a: Flutter Mane|[spread] p2a,p2b\n|-crit|p2a: Flutter Mane\n|-resisted|p2b: Arcanine\n|-damage|p2a: Flutter Mane|2\/100 par\n|-damage|p2b: Arcanine|42\/100 par\n|move|p2a: Flutter Mane|Dazzling Gleam|p1b: Volcarona|[spread] p1a,p1b\n|-damage|p1a: Maushold|5\/100\n|-damage|p1b: Volcarona|0 fnt\n|faint|p1b: Volcarona\n|\n|upkeep\n|\n|t:|1683085865\n|switch|p1b: Azumarill|Azumarill, L50, M|100\/100\n|turn|8\n|\n|t:|1683085879\n|move|p1a: Maushold|Protect|p1a: Maushold\n|-singleturn|p1a: Maushold|Protect\n|move|p2a: Flutter Mane|Protect|p2a: Flutter Mane\n|-singleturn|p2a: Flutter Mane|Protect\n|move|p2b: Arcanine|Extreme Speed|p1a: Maushold\n|-activate|p1a: Maushold|move: Protect\n|move|p1b: Azumarill|Liquidation|p2b: Arcanine\n|-supereffective|p2b: Arcanine\n|-damage|p2b: Arcanine|0 fnt\n|faint|p2b: Arcanine\n|\n|upkeep\n|\n|t:|1683085890\n|switch|p2b: Amoonguss|Amoonguss, L50, F|100\/100\n|turn|9\n|\n|t:|1683085904\n|cant|p2a: Flutter Mane|par\n|move|p1b: Azumarill|Aqua Jet|p2a: Flutter Mane\n|-damage|p2a: Flutter Mane|0 fnt\n|faint|p2a: Flutter Mane\n|-end|p2a: Flutter Mane|Protosynthesis|[silent]\n|move|p1a: Maushold|Thunder Wave|p2b: Amoonguss\n|-status|p2b: Amoonguss|par\n|cant|p2b: Amoonguss|par\n|\n|upkeep\n|turn|10\n|-message|Pokemondashi forfeited.\n|\n|win|AndrewAlmo\n|raw|AndrewAlmo's rating: 1145 → 1163<\/strong> (+18 for winning)\n|raw|Pokemondashi's rating: 1045 → 1033<\/strong> (-12 for losing)\n|l|\u2606Pokemondashi\n","uploadtime":1683086482,"views":9,"p1id":"andrewalmo","p2id":"pokemondashi","formatid":"gen9vgc2023regulationc","rating":1033,"private":0,"password":""}