{"id":"gen9vgc2023regulationc-1863442002","p1":"SliemIsDyingInside","p2":"Spler","format":"[Gen 9] VGC 2023 Regulation C","log":"|j|\u2606SliemIsDyingInside\n|j|\u2606Spler\n|t:|1684017687\n|gametype|doubles\n|player|p1|SliemIsDyingInside|psychic-gen4|1233\n|player|p2|Spler|1|1255\n|teamsize|p1|6\n|teamsize|p2|6\n|gen|9\n|tier|[Gen 9] VGC 2023 Regulation C\n|rated|\n|rule|Species Clause: Limit one of each Pok\u00e9mon\n|rule|Item Clause: Limit one of each item\n|clearpoke\n|poke|p1|Chi-Yu, L50|\n|poke|p1|Murkrow, L50, M|\n|poke|p1|Torkoal, L50, F|\n|poke|p1|Slither Wing, L50|\n|poke|p1|Lilligant, L50, F|\n|poke|p1|Flutter Mane, L50|\n|poke|p2|Hawlucha, L50, F|\n|poke|p2|Indeedee-F, L50, F|\n|poke|p2|Armarouge, L50, M|\n|poke|p2|Palafin, L50, F|\n|poke|p2|Sandy Shocks, L50|\n|poke|p2|Chien-Pao, L50|\n|teampreview|4\n|inactive|Battle timer is ON: inactive players will automatically lose when time's up. (requested by SliemIsDyingInside)\n|\n|t:|1684017708\n|start\n|switch|p1a: AHAHHAHO|Torkoal, L50, F|100\/100\n|switch|p1b: Lilligant|Lilligant, L50, F|100\/100\n|switch|p2a: Hawlucha|Hawlucha, L50, F|100\/100\n|switch|p2b: Indeedee|Indeedee-F, L50, F|100\/100\n|-fieldstart|move: Psychic Terrain|[from] ability: Psychic Surge|[of] p2b: Indeedee\n|-enditem|p2a: Hawlucha|Psychic Seed\n|-boost|p2a: Hawlucha|spd|1|[from] item: Psychic Seed\n|-weather|SunnyDay|[from] ability: Drought|[of] p1a: AHAHHAHO\n|turn|1\n|\n|t:|1684017728\n|move|p1b: Lilligant|Helping Hand|p1a: AHAHHAHO\n|-singleturn|p1a: AHAHHAHO|Helping Hand|[of] p1b: Lilligant\n|move|p2b: Indeedee|Follow Me|p2b: Indeedee\n|-singleturn|p2b: Indeedee|move: Follow Me\n|move|p2a: Hawlucha|Acrobatics|p1b: Lilligant\n|-supereffective|p1b: Lilligant\n|-damage|p1b: Lilligant|0 fnt\n|faint|p1b: Lilligant\n|move|p1a: AHAHHAHO|Heat Wave|p2b: Indeedee|[spread] p2a,p2b\n|-damage|p2a: Hawlucha|33\/100\n|-damage|p2b: Indeedee|34\/100\n|\n|-weather|SunnyDay|[upkeep]\n|upkeep\n|\n|t:|1684017739\n|switch|p1b: hehehhehhah|Chi-Yu, L50|100\/100\n|-ability|p1b: hehehhehhah|Beads of Ruin\n|turn|2\n|\n|t:|1684017752\n|switch|p1b: Flutter Mane|Flutter Mane, L50|100\/100\n|-activate|p1b: Flutter Mane|ability: Protosynthesis\n|-start|p1b: Flutter Mane|protosynthesisspe\n|move|p2a: Hawlucha|Flying Press|p1b: Flutter Mane\n|-immune|p1b: Flutter Mane\n|move|p2b: Indeedee|Heal Pulse|p2a: Hawlucha\n|-heal|p2a: Hawlucha|83\/100\n|move|p1a: AHAHHAHO|Heat Wave|p2b: Indeedee|[spread] p2a,p2b\n|-damage|p2a: Hawlucha|37\/100\n|-damage|p2b: Indeedee|0 fnt\n|faint|p2b: Indeedee\n|\n|-weather|SunnyDay|[upkeep]\n|upkeep\n|\n|t:|1684017769\n|switch|p2b: Armarouge|Armarouge, L50, M|100\/100\n|turn|3\n|\n|t:|1684017782\n|-terastallize|p2b: Armarouge|Grass\n|move|p1b: Flutter Mane|Protect|p1b: Flutter Mane\n|-singleturn|p1b: Flutter Mane|Protect\n|move|p2a: Hawlucha|Acrobatics|p1b: Flutter Mane\n|-activate|p1b: Flutter Mane|move: Protect\n|move|p2b: Armarouge|Expanding Force|p1b: Flutter Mane|[spread] p1a\n|-activate|p1b: Flutter Mane|move: Protect\n|-damage|p1a: AHAHHAHO|0 fnt\n|faint|p1a: AHAHHAHO\n|-damage|p2b: Armarouge|91\/100|[from] item: Life Orb\n|\n|-weather|SunnyDay|[upkeep]\n|upkeep\n|\n|t:|1684017799\n|switch|p1a: hehehhehhah|Chi-Yu, L50|100\/100\n|-ability|p1a: hehehhehhah|Beads of Ruin\n|turn|4\n|\n|t:|1684017813\n|move|p2b: Armarouge|Wide Guard|p2b: Armarouge\n|-singleturn|p2b: Armarouge|Wide Guard\n|move|p2a: Hawlucha|Flying Press|p1a: hehehhehhah\n|-supereffective|p1a: hehehhehhah\n|-damage|p1a: hehehhehhah|0 fnt\n|faint|p1a: hehehhehhah\n|move|p1b: Flutter Mane|Dazzling Gleam|p2b: Armarouge|[spread] \n|-activate|p2a: Hawlucha|move: Wide Guard\n|-activate|p2b: Armarouge|move: Wide Guard\n|\n|-weather|SunnyDay|[upkeep]\n|upkeep\n|turn|5\n|\n|t:|1684017830\n|move|p2a: Hawlucha|Acrobatics|p1b: Flutter Mane\n|-damage|p1b: Flutter Mane|0 fnt\n|faint|p1b: Flutter Mane\n|-end|p1b: Flutter Mane|Protosynthesis|[silent]\n|\n|win|Spler\n|raw|SliemIsDyingInside's rating: 1233 → 1210<\/strong> (-23 for losing)\n|raw|Spler's rating: 1255 → 1278<\/strong> (+23 for winning)\n|l|\u2606SliemIsDyingInside\n","uploadtime":1684017837,"views":7,"p1id":"sliemisdyinginside","p2id":"spler","formatid":"gen9vgc2023regulationc","rating":1210,"private":0,"password":""}