{"id":"gen9vgc2023regulationc-1850523898","p1":"Desconocido 187","p2":"haha u rage quit","format":"[Gen 9] VGC 2023 Regulation C","log":"|j|\u2606Desconocido 187\n|j|\u2606haha u rage quit\n|t:|1682345568\n|gametype|doubles\n|player|p1|Desconocido 187|266|1123\n|player|p2|haha u rage quit|pokemaniac|1165\n|teamsize|p1|6\n|teamsize|p2|6\n|gen|9\n|tier|[Gen 9] VGC 2023 Regulation C\n|rated|\n|rule|Species Clause: Limit one of each Pok\u00e9mon\n|rule|Item Clause: Limit one of each item\n|clearpoke\n|poke|p1|Baxcalibur, L50, F|\n|poke|p1|Scizor, L50, M|\n|poke|p1|Tyranitar, L50, F|\n|poke|p1|Chi-Yu, L50|\n|poke|p1|Gyarados, L50, M|\n|poke|p1|Annihilape, L50, M|\n|poke|p2|Torkoal, L50, M|\n|poke|p2|Dondozo, L50, M|\n|poke|p2|Indeedee-F, L50, F|\n|poke|p2|Kingambit, L50, M|\n|poke|p2|Hatterene, L50, F|\n|poke|p2|Armarouge, L50, M|\n|teampreview|4\n|inactive|Battle timer is ON: inactive players will automatically lose when time's up. (requested by haha u rage quit)\n|\n|t:|1682345592\n|start\n|switch|p1a: Gyarados|Gyarados, L50, M|100\/100\n|switch|p1b: Baxcalibur|Baxcalibur, L50, F|100\/100\n|switch|p2a: Indeedee|Indeedee-F, L50, F, shiny|100\/100\n|switch|p2b: Hatterene|Hatterene, L50, F|100\/100\n|-ability|p1a: Gyarados|Intimidate|boost\n|-unboost|p2a: Indeedee|atk|1\n|-unboost|p2b: Hatterene|atk|1\n|-fieldstart|move: Psychic Terrain|[from] ability: Psychic Surge|[of] p2a: Indeedee\n|-enditem|p2a: Indeedee|Psychic Seed\n|-boost|p2a: Indeedee|spd|1|[from] item: Psychic Seed\n|turn|1\n|\n|t:|1682345616\n|switch|p1b: Scizor|Scizor, L50, M|100\/100\n|move|p2b: Hatterene|Protect|p2b: Hatterene\n|-singleturn|p2b: Hatterene|Protect\n|move|p1a: Gyarados|Dragon Dance|p1a: Gyarados\n|-boost|p1a: Gyarados|atk|1\n|-boost|p1a: Gyarados|spe|1\n|move|p2a: Indeedee|Trick Room|p2a: Indeedee\n|-fieldstart|move: Trick Room|[of] p2a: Indeedee\n|\n|upkeep\n|turn|2\n|inactive|Desconocido 187 has 30 seconds left.\n|\n|t:|1682345645\n|move|p2a: Indeedee|Helping Hand|p2b: Hatterene\n|-singleturn|p2b: Hatterene|Helping Hand|[of] p2a: Indeedee\n|move|p1b: Scizor|Bullet Punch|p2b: Hatterene\n|-activate|p2b: Hatterene|move: Psychic Terrain\n|move|p2b: Hatterene|Psychic|p1a: Gyarados\n|-damage|p1a: Gyarados|0 fnt\n|faint|p1a: Gyarados\n|-damage|p2b: Hatterene|91\/100|[from] item: Life Orb\n|\n|upkeep\n|\n|t:|1682345662\n|switch|p1a: Tyranitar|Tyranitar, L50, F|100\/100\n|-weather|Sandstorm|[from] ability: Sand Stream|[of] p1a: Tyranitar\n|turn|3\n|\n|t:|1682345675\n|-terastallize|p1a: Tyranitar|Flying\n|move|p2a: Indeedee|Helping Hand|p2b: Hatterene\n|-singleturn|p2b: Hatterene|Helping Hand|[of] p2a: Indeedee\n|move|p2b: Hatterene|Dazzling Gleam|p1b: Scizor|[spread] p1a,p1b\n|-resisted|p1b: Scizor\n|-damage|p1a: Tyranitar|54\/100\n|-damage|p1b: Scizor|62\/100\n|-damage|p2b: Hatterene|81\/100|[from] item: Life Orb\n|move|p1a: Tyranitar|Rock Slide|p2a: Indeedee|[spread] p2a,p2b\n|-damage|p2a: Indeedee|62\/100\n|-damage|p2b: Hatterene|55\/100\n|move|p1b: Scizor|Pounce|p2a: Indeedee\n|-supereffective|p2a: Indeedee\n|-damage|p2a: Indeedee|0 fnt\n|faint|p2a: Indeedee\n|-damage|p1b: Scizor|52\/100|[from] item: Life Orb\n|\n|-weather|Sandstorm|[upkeep]\n|-damage|p2b: Hatterene|49\/100|[from] Sandstorm\n|-damage|p1a: Tyranitar|49\/100|[from] Sandstorm\n|upkeep\n|\n|t:|1682345689\n|switch|p2a: Torkoal|Torkoal, L50, M|100\/100\n|-weather|SunnyDay|[from] ability: Drought|[of] p2a: Torkoal\n|turn|4\n|\n|t:|1682345710\n|move|p1b: Scizor|Protect|p1b: Scizor\n|-singleturn|p1b: Scizor|Protect\n|move|p2a: Torkoal|Eruption|p1a: Tyranitar|[spread] p1a\n|-activate|p1b: Scizor|move: Protect\n|-damage|p1a: Tyranitar|0 fnt\n|faint|p1a: Tyranitar\n|move|p2b: Hatterene|Dazzling Gleam|p1b: Scizor\n|-activate|p1b: Scizor|move: Protect\n|\n|-weather|SunnyDay|[upkeep]\n|upkeep\n|\n|t:|1682345721\n|switch|p1a: Baxcalibur|Baxcalibur, L50, F|100\/100\n|turn|5\n|\n|t:|1682345738\n|move|p1b: Scizor|Bullet Punch|p2b: Hatterene\n|-activate|p2b: Hatterene|move: Psychic Terrain\n|move|p2a: Torkoal|Eruption|p1a: Baxcalibur|[spread] p1a,p1b\n|-supereffective|p1b: Scizor\n|-damage|p1a: Baxcalibur|34\/100\n|-damage|p1b: Scizor|0 fnt\n|-ability|p1a: Baxcalibur|Thermal Exchange|boost\n|-boost|p1a: Baxcalibur|atk|1\n|faint|p1b: Scizor\n|move|p2b: Hatterene|Dazzling Gleam|p1a: Baxcalibur\n|-supereffective|p1a: Baxcalibur\n|-damage|p1a: Baxcalibur|0 fnt\n|faint|p1a: Baxcalibur\n|-damage|p2b: Hatterene|39\/100|[from] item: Life Orb\n|\n|win|haha u rage quit\n|raw|Desconocido 187's rating: 1123 → 1101<\/strong> (-22 for losing)\n|raw|haha u rage quit's rating: 1165 → 1187<\/strong> (+22 for winning)\n","uploadtime":1682345763,"views":15,"p1id":"desconocido187","p2id":"hahauragequit","formatid":"gen9vgc2023regulationc","rating":1101,"private":0,"password":""}