{"id":"gen9vgc2023regulationc-1847317452","p1":"whosgemini","p2":"JustAWoterBattle","format":"[Gen 9] VGC 2023 Regulation C","log":"|j|\u2606whosgemini\n|j|\u2606JustAWoterBattle\n|t:|1681937836\n|gametype|doubles\n|player|p1|whosgemini|n|1127\n|player|p2|JustAWoterBattle|266|1123\n|teamsize|p1|6\n|teamsize|p2|6\n|gen|9\n|tier|[Gen 9] VGC 2023 Regulation C\n|rated|\n|rule|Species Clause: Limit one of each Pok\u00e9mon\n|rule|Item Clause: Limit one of each item\n|clearpoke\n|poke|p1|Chien-Pao, L50|\n|poke|p1|Iron Bundle, L50|\n|poke|p1|Chi-Yu, L50|\n|poke|p1|Great Tusk, L50|\n|poke|p1|Brute Bonnet, L50|\n|poke|p1|Dragapult, L50, F|\n|poke|p2|Pachirisu, L50, F|\n|poke|p2|Dragonite, L50, M|\n|poke|p2|Ting-Lu, L50|\n|poke|p2|Tauros-Paldea-Blaze, L50, M|\n|poke|p2|Orthworm, L50, M|\n|poke|p2|Amoonguss, L50, M|\n|teampreview|4\n|inactive|Battle timer is ON: inactive players will automatically lose when time's up. (requested by whosgemini)\n|\n|t:|1681937874\n|start\n|switch|p1a: Chien-Pao|Chien-Pao, L50|100\/100\n|switch|p1b: Great Tusk|Great Tusk, L50|100\/100\n|switch|p2a: Dragonite|Dragonite, L50, M|100\/100\n|switch|p2b: Orthworm|Orthworm, L50, M|100\/100\n|-ability|p1a: Chien-Pao|Sword of Ruin\n|-enditem|p1b: Great Tusk|Booster Energy\n|-activate|p1b: Great Tusk|ability: Protosynthesis|[fromitem]\n|-start|p1b: Great Tusk|protosynthesisatk\n|turn|1\n|\n|t:|1681937889\n|-terastallize|p2b: Orthworm|Electric\n|move|p1a: Chien-Pao|Protect|p1a: Chien-Pao\n|-singleturn|p1a: Chien-Pao|Protect\n|move|p1b: Great Tusk|Protect|p1b: Great Tusk\n|-singleturn|p1b: Great Tusk|Protect\n|move|p2a: Dragonite|Earthquake|p1b: Great Tusk|[spread] \n|-activate|p1a: Chien-Pao|move: Protect\n|-activate|p1b: Great Tusk|move: Protect\n|-immune|p2b: Orthworm|[from] ability: Earth Eater\n|move|p2b: Orthworm|Iron Head|p1a: Chien-Pao\n|-activate|p1a: Chien-Pao|move: Protect\n|\n|upkeep\n|turn|2\n|inactive|whosgemini has 30 seconds left.\n|\n|t:|1681937917\n|switch|p2a: Amoonguss|Amoonguss, L50, M|100\/100\n|move|p1a: Chien-Pao|Ice Spinner|p2a: Amoonguss\n|-supereffective|p2a: Amoonguss\n|-damage|p2a: Amoonguss|22\/100\n|-damage|p1a: Chien-Pao|84\/100|[from] item: Rocky Helmet|[of] p2a: Amoonguss\n|move|p1b: Great Tusk|Close Combat|p2b: Orthworm\n|-damage|p2b: Orthworm|17\/100\n|-unboost|p1b: Great Tusk|def|1\n|-unboost|p1b: Great Tusk|spd|1\n|move|p2b: Orthworm|Iron Head|p1a: Chien-Pao\n|-supereffective|p1a: Chien-Pao\n|-damage|p1a: Chien-Pao|0 fnt\n|faint|p1a: Chien-Pao\n|\n|-heal|p2b: Orthworm|23\/100|[from] item: Leftovers\n|upkeep\n|\n|t:|1681937933\n|switch|p1a: Chi-Yu|Chi-Yu, L50|100\/100\n|-ability|p1a: Chi-Yu|Beads of Ruin\n|turn|3\n|inactive|JustAWoterBattle has 30 seconds left.\n|\n|t:|1681937961\n|-end|p1b: Great Tusk|Protosynthesis|[silent]\n|switch|p1b: Iron Bundle|Iron Bundle, L50|100\/100\n|switch|p2b: Dragonite|Dragonite, L50, M|100\/100\n|move|p2a: Amoonguss|Rage Powder|p2a: Amoonguss\n|-singleturn|p2a: Amoonguss|move: Rage Powder\n|move|p1a: Chi-Yu|Heat Wave|p2b: Dragonite|[spread] p2a,p2b\n|-supereffective|p2a: Amoonguss\n|-resisted|p2b: Dragonite\n|-damage|p2a: Amoonguss|0 fnt\n|-damage|p2b: Dragonite|88\/100\n|faint|p2a: Amoonguss\n|-damage|p1a: Chi-Yu|90\/100|[from] item: Life Orb\n|\n|upkeep\n|\n|t:|1681937970\n|switch|p2a: Orthworm|Orthworm, L50, M, tera:Electric|23\/100\n|turn|4\n|\n|t:|1681937984\n|move|p1b: Iron Bundle|Freeze-Dry|p2b: Dragonite\n|-supereffective|p2b: Dragonite\n|-damage|p2b: Dragonite|0 fnt\n|faint|p2b: Dragonite\n|move|p1a: Chi-Yu|Heat Wave|p2a: Orthworm\n|-damage|p2a: Orthworm|0 fnt\n|faint|p2a: Orthworm\n|-damage|p1a: Chi-Yu|80\/100|[from] item: Life Orb\n|\n|upkeep\n|\n|t:|1681937987\n|switch|p2a: Tauros|Tauros-Paldea-Blaze, L50, M|100\/100\n|-ability|p2a: Tauros|Intimidate|boost\n|-unboost|p1a: Chi-Yu|atk|1\n|-unboost|p1b: Iron Bundle|atk|1\n|turn|5\n|\n|t:|1681937995\n|move|p1b: Iron Bundle|Hydro Pump|p2a: Tauros\n|-supereffective|p2a: Tauros\n|-damage|p2a: Tauros|0 fnt\n|faint|p2a: Tauros\n|\n|win|whosgemini\n|raw|whosgemini's rating: 1127 → 1152<\/strong> (+25 for winning)\n|raw|JustAWoterBattle's rating: 1123 → 1098<\/strong> (-25 for losing)\n|l|\u2606JustAWoterBattle\n","uploadtime":1681938007,"views":7,"p1id":"whosgemini","p2id":"justawoterbattle","formatid":"gen9vgc2023regulationc","rating":1098,"private":0,"password":""}