{"id":"gen9vgc2023regulationc-1861925137","p1":"FLYNOUSEQAQ","p2":"BodaciousBulbasaur","format":"[Gen 9] VGC 2023 Regulation C","log":"|j|\u2606FLYNOUSEQAQ\n|j|\u2606BodaciousBulbasaur\n|t:|1683821276\n|gametype|doubles\n|player|p1|FLYNOUSEQAQ|hilda|1054\n|player|p2|BodaciousBulbasaur|acetrainerf-gen4dp|1119\n|teamsize|p1|6\n|teamsize|p2|6\n|gen|9\n|tier|[Gen 9] VGC 2023 Regulation C\n|rated|\n|rule|Species Clause: Limit one of each Pok\u00e9mon\n|rule|Item Clause: Limit one of each item\n|clearpoke\n|poke|p1|Iron Bundle, L50|\n|poke|p1|Flutter Mane, L50|\n|poke|p1|Chi-Yu, L50|\n|poke|p1|Glimmora, L50, F|\n|poke|p1|Tatsugiri, L50, F|\n|poke|p1|Dondozo, L50, F|\n|poke|p2|Scream Tail, L50|\n|poke|p2|Garganacl, L50, M|\n|poke|p2|Skuntank, L50, F|\n|poke|p2|Dragapult, L50, F|\n|poke|p2|Flutter Mane, L50|\n|poke|p2|Arcanine, L50, M|\n|teampreview|4\n|\n|t:|1683821290\n|start\n|switch|p1a: Iron Bundle|Iron Bundle, L50|100\/100\n|switch|p1b: Chi-Yu|Chi-Yu, L50|100\/100\n|switch|p2a: Scream Tail|Scream Tail, L50|100\/100\n|switch|p2b: Garganacl|Garganacl, L50, M|100\/100\n|-ability|p1b: Chi-Yu|Beads of Ruin\n|-enditem|p1a: Iron Bundle|Booster Energy\n|-activate|p1a: Iron Bundle|ability: Quark Drive|[fromitem]\n|-start|p1a: Iron Bundle|quarkdrivespe\n|-enditem|p2a: Scream Tail|Booster Energy\n|-activate|p2a: Scream Tail|ability: Protosynthesis|[fromitem]\n|-start|p2a: Scream Tail|protosynthesisspe\n|turn|1\n|inactive|Battle timer is ON: inactive players will automatically lose when time's up. (requested by BodaciousBulbasaur)\n|\n|t:|1683821309\n|-terastallize|p2a: Scream Tail|Ghost\n|-terastallize|p1b: Chi-Yu|Grass\n|move|p1a: Iron Bundle|Icy Wind|p2b: Garganacl|[spread] p2b\n|-miss|p1a: Iron Bundle|p2a: Scream Tail\n|-damage|p2b: Garganacl|76\/100\n|-unboost|p2b: Garganacl|spe|1\n|move|p2a: Scream Tail|Howl|p2a: Scream Tail|[spread] p2a,p2b\n|-boost|p2a: Scream Tail|atk|1\n|-boost|p2b: Garganacl|atk|1\n|move|p1b: Chi-Yu|Heat Wave|p2a: Scream Tail|[spread] p2a,p2b\n|-resisted|p2b: Garganacl\n|-damage|p2a: Scream Tail|56\/100\n|-damage|p2b: Garganacl|44\/100\n|-damage|p1b: Chi-Yu|91\/100|[from] item: Life Orb\n|move|p2b: Garganacl|Explosion|p1b: Chi-Yu|[spread] p1a,p1b\n|-immune|p2a: Scream Tail\n|-enditem|p2b: Garganacl|Normal Gem|[from] gem\n|-damage|p1a: Iron Bundle|0 fnt\n|-damage|p1b: Chi-Yu|0 fnt\n|faint|p2b: Garganacl\n|faint|p1a: Iron Bundle\n|-end|p1a: Iron Bundle|Quark Drive|[silent]\n|faint|p1b: Chi-Yu\n|\n|upkeep\n|\n|t:|1683821330\n|switch|p1a: Dondozo|Dondozo, L50, F|100\/100\n|switch|p1b: Tatsugiri|Tatsugiri, L50, F|100\/100\n|switch|p2b: Dragapult|Dragapult, L50, F|100\/100\n|-activate|p1b: Tatsugiri|ability: Commander|[of] p1a: Dondozo\n|-boost|p1a: Dondozo|atk|2\n|-boost|p1a: Dondozo|spa|2\n|-boost|p1a: Dondozo|spe|2\n|-boost|p1a: Dondozo|def|2\n|-boost|p1a: Dondozo|spd|2\n|turn|2\n|\n|t:|1683821339\n|move|p2a: Scream Tail|Protect|p2a: Scream Tail\n|-singleturn|p2a: Scream Tail|Protect\n|move|p2b: Dragapult|Protect|p2b: Dragapult\n|-singleturn|p2b: Dragapult|Protect\n|move|p1a: Dondozo|Earthquake|p2b: Dragapult|[spread] \n|-miss|p1a: Dondozo|p1b: Tatsugiri\n|-activate|p2a: Scream Tail|move: Protect\n|-activate|p2b: Dragapult|move: Protect\n|\n|upkeep\n|turn|3\n|\n|t:|1683821353\n|move|p2a: Scream Tail|Disable|p1a: Dondozo\n|-start|p1a: Dondozo|Disable|Earthquake\n|move|p2b: Dragapult|Dragon Darts|p1a: Dondozo\n|-damage|p1a: Dondozo|89\/100\n|-anim|p2b: Dragapult|Dragon Darts|p1a: Dondozo\n|-damage|p1a: Dondozo|77\/100\n|-damage|p2b: Dragapult|91\/100|[from] item: Life Orb\n|cant|p1a: Dondozo|Disable|Earthquake\n|\n|-heal|p1a: Dondozo|84\/100|[from] item: Leftovers\n|upkeep\n|turn|4\n|\n|t:|1683821366\n|move|p2a: Scream Tail|Encore|p1a: Dondozo\n|-start|p1a: Dondozo|Encore\n|move|p2b: Dragapult|Dragon Darts|p1a: Dondozo\n|-damage|p1a: Dondozo|72\/100\n|-anim|p2b: Dragapult|Dragon Darts|p1a: Dondozo\n|-damage|p1a: Dondozo|60\/100\n|-damage|p2b: Dragapult|81\/100|[from] item: Life Orb\n|cant|p1a: Dondozo|Disable|Earthquake\n|\n|-heal|p1a: Dondozo|66\/100|[from] item: Leftovers\n|upkeep\n|turn|5\n|\n|t:|1683821377\n|move|p2a: Scream Tail|Howl|p2a: Scream Tail|[spread] p2a,p2b\n|-boost|p2a: Scream Tail|atk|1\n|-boost|p2b: Dragapult|atk|1\n|move|p2b: Dragapult|Dragon Darts|p1a: Dondozo\n|-damage|p1a: Dondozo|55\/100\n|-anim|p2b: Dragapult|Dragon Darts|p1a: Dondozo\n|-damage|p1a: Dondozo|44\/100\n|-damage|p2b: Dragapult|71\/100|[from] item: Life Orb\n|-activate|p1a: Dondozo|move: Struggle\n|move|p1a: Dondozo|Struggle|p2a: Scream Tail\n|-damage|p2a: Scream Tail|35\/100\n|-damage|p1a: Dondozo|19\/100|[from] recoil\n|\n|-heal|p1a: Dondozo|25\/100|[from] item: Leftovers\n|upkeep\n|turn|6\n|\n|t:|1683821392\n|move|p2a: Scream Tail|Howl|p2a: Scream Tail|[spread] p2a,p2b\n|-boost|p2a: Scream Tail|atk|1\n|-boost|p2b: Dragapult|atk|1\n|move|p2b: Dragapult|Dragon Darts|p1a: Dondozo\n|-damage|p1a: Dondozo|15\/100\n|-anim|p2b: Dragapult|Dragon Darts|p1a: Dondozo\n|-damage|p1a: Dondozo|4\/100\n|-damage|p2b: Dragapult|61\/100|[from] item: Life Orb\n|-activate|p1a: Dondozo|move: Struggle\n|move|p1a: Dondozo|Struggle|p2a: Scream Tail\n|-damage|p2a: Scream Tail|14\/100\n|-damage|p1a: Dondozo|0 fnt|[from] recoil\n|faint|p1a: Dondozo\n|\n|upkeep\n|turn|7\n|-message|FLYNOUSEQAQ forfeited.\n|\n|win|BodaciousBulbasaur\n|raw|FLYNOUSEQAQ's rating: 1054 → 1039<\/strong> (-15 for losing)\n|raw|BodaciousBulbasaur's rating: 1119 → 1139<\/strong> (+20 for winning)\n|l|\u2606FLYNOUSEQAQ\n","uploadtime":1683821408,"views":12,"p1id":"flynouseqaq","p2id":"bodaciousbulbasaur","formatid":"gen9vgc2023regulationc","rating":1039,"private":0,"password":""}