{"id":"gen9vgc2023regulationc-1856962444","p1":"avatartest","p2":"Wormfury","format":"[Gen 9] VGC 2023 Regulation C","log":"|j|\u2606avatartest\n|j|\u2606Wormfury\n|t:|1683130973\n|gametype|doubles\n|player|p1|avatartest|scientist-gen4dp|1313\n|player|p2|Wormfury|170|1244\n|teamsize|p1|6\n|teamsize|p2|6\n|gen|9\n|tier|[Gen 9] VGC 2023 Regulation C\n|rated|\n|rule|Species Clause: Limit one of each Pok\u00e9mon\n|rule|Item Clause: Limit one of each item\n|clearpoke\n|poke|p1|Annihilape, L50, F|\n|poke|p1|Maushold-Four, L50|\n|poke|p1|Gholdengo, L50|\n|poke|p1|Iron Bundle, L50|\n|poke|p1|Arcanine, L50, M|\n|poke|p1|Roaring Moon, L50|\n|poke|p2|Tatsugiri, L50, F|\n|poke|p2|Dondozo, L50, F|\n|poke|p2|Flamigo, L50, F|\n|poke|p2|Scream Tail, L50|\n|poke|p2|Gothorita, L50, M|\n|poke|p2|Sylveon, L50, F|\n|teampreview|4\n|inactive|Battle timer is ON: inactive players will automatically lose when time's up. (requested by Wormfury)\navatartest has agreed to open team sheets.\n|\n|t:|1683130993\n|start\n|switch|p1a: Annihilape|Annihilape, L50, F|100\/100\n|switch|p1b: Gholdengo|Gholdengo, L50|100\/100\n|switch|p2a: Scream Tail|Scream Tail, L50|100\/100\n|switch|p2b: Tatsugiri|Tatsugiri, L50, F, shiny|100\/100\n|-enditem|p2a: Scream Tail|Booster Energy\n|-activate|p2a: Scream Tail|ability: Protosynthesis|[fromitem]\n|-start|p2a: Scream Tail|protosynthesisspe\n|turn|1\n|\n|t:|1683131012\n|-terastallize|p1a: Annihilape|Water\n|move|p2a: Scream Tail|Perish Song|p2a: Scream Tail\n|-start|p1a: Annihilape|perish3|[silent]\n|-immune|p1b: Gholdengo|[from] ability: Good as Gold\n|-start|p2a: Scream Tail|perish3|[silent]\n|-start|p2b: Tatsugiri|perish3|[silent]\n|-fieldactivate|move: Perish Song\n|move|p2b: Tatsugiri|Muddy Water|p1a: Annihilape|[spread] p1a\n|-miss|p2b: Tatsugiri|p1b: Gholdengo\n|-resisted|p1a: Annihilape\n|-damage|p1a: Annihilape|85\/100\n|move|p1a: Annihilape|Rage Fist|p2b: Tatsugiri\n|-damage|p2b: Tatsugiri|24\/100\n|move|p1b: Gholdengo|Nasty Plot|p1b: Gholdengo\n|-boost|p1b: Gholdengo|spa|2\n|\n|-start|p2a: Scream Tail|perish3\n|-start|p2b: Tatsugiri|perish3\n|-start|p1a: Annihilape|perish3\n|upkeep\n|turn|2\n|\n|t:|1683131031\n|-end|p2a: Scream Tail|Protosynthesis|[silent]\n|switch|p2a: Dondozo|Dondozo, L50, F|100\/100\n|-activate|p2b: Tatsugiri|ability: Commander|[of] p2a: Dondozo\n|-boost|p2a: Dondozo|atk|2\n|-boost|p2a: Dondozo|spa|2\n|-boost|p2a: Dondozo|spe|2\n|-boost|p2a: Dondozo|def|2\n|-boost|p2a: Dondozo|spd|2\n|switch|p1a: Arcanine|Arcanine, L50, M|100\/100\n|-ability|p1a: Arcanine|Intimidate|boost\n|-unboost|p2a: Dondozo|atk|1\n|-unboost|p2b: Tatsugiri|atk|1\n|move|p1b: Gholdengo|Make It Rain|p2a: Dondozo|[spread] p2a\n|-miss|p1b: Gholdengo|p2b: Tatsugiri\n|-resisted|p2a: Dondozo\n|-damage|p2a: Dondozo|93\/100\n|-unboost|p1b: Gholdengo|spa|1\n|\n|-start|p2b: Tatsugiri|perish2\n|upkeep\n|turn|3\n|inactive|avatartest has 30 seconds left.\n|\n|t:|1683131057\n|switch|p1a: Annihilape|Annihilape, L50, F, tera:Water|85\/100\n|move|p1b: Gholdengo|Shadow Ball|p2a: Dondozo\n|-damage|p2a: Dondozo|80\/100\n|move|p2a: Dondozo|Earthquake|p1a: Annihilape|[spread] p1a,p1b\n|-miss|p2a: Dondozo|p2b: Tatsugiri\n|-supereffective|p1b: Gholdengo\n|-damage|p1a: Annihilape|48\/100\n|-damage|p1b: Gholdengo|37\/100\n|-enditem|p1a: Annihilape|Sitrus Berry|[eat]\n|-heal|p1a: Annihilape|73\/100|[from] item: Sitrus Berry\n|\n|-heal|p1b: Gholdengo|44\/100|[from] item: Leftovers\n|-start|p2b: Tatsugiri|perish1\n|upkeep\n|turn|4\n|\n|t:|1683131086\n|switch|p1b: Arcanine|Arcanine, L50, M|100\/100\n|-ability|p1b: Arcanine|Intimidate|boost\n|-unboost|p2a: Dondozo|atk|1\n|-unboost|p2b: Tatsugiri|atk|1\n|move|p1a: Annihilape|Rage Fist|p2a: Dondozo\n|-damage|p2a: Dondozo|58\/100\n|move|p2a: Dondozo|Earthquake|p1b: Arcanine|[spread] p1a,p1b\n|-miss|p2a: Dondozo|p2b: Tatsugiri\n|-supereffective|p1b: Arcanine\n|-damage|p1a: Annihilape|50\/100\n|-damage|p1b: Arcanine|46\/100\n|\n|-start|p2b: Tatsugiri|perish0\n|upkeep\n|faint|p2b: Tatsugiri\n|\n|t:|1683131089\n|switch|p2b: Flamigo|Flamigo, L50, F, shiny|100\/100\n|-copyboost|p2b: Flamigo|p2a: Dondozo|[from] ability: Costar\n|turn|5\n|\n|t:|1683131108\n|move|p1a: Annihilape|Protect|p1a: Annihilape\n|-singleturn|p1a: Annihilape|Protect\n|move|p1b: Arcanine|Extreme Speed|p2b: Flamigo\n|-damage|p2b: Flamigo|81\/100\n|move|p2b: Flamigo|Brave Bird|p1a: Annihilape\n|-activate|p1a: Annihilape|move: Protect\n|move|p2a: Dondozo|Earthquake|p1a: Annihilape|[spread] p1b\n|-activate|p1a: Annihilape|move: Protect\n|-immune|p2b: Flamigo\n|-supereffective|p1b: Arcanine\n|-damage|p1b: Arcanine|0 fnt\n|faint|p1b: Arcanine\n|\n|upkeep\n|\n|t:|1683131123\n|switch|p1b: Iron Bundle|Iron Bundle, L50|100\/100\n|turn|6\n|\n|t:|1683131132\n|switch|p1a: Gholdengo|Gholdengo, L50|44\/100\n|move|p2b: Flamigo|Close Combat|p1b: Iron Bundle\n|-supereffective|p1b: Iron Bundle\n|-damage|p1b: Iron Bundle|0 fnt\n|-unboost|p2b: Flamigo|def|1\n|-unboost|p2b: Flamigo|spd|1\n|faint|p1b: Iron Bundle\n|-end|p1b: Iron Bundle|Quark Drive|[silent]\n|-damage|p2b: Flamigo|72\/100|[from] item: Life Orb\n|move|p2a: Dondozo|Earthquake|p1a: Gholdengo|[spread] p1a\n|-immune|p2b: Flamigo\n|-supereffective|p1a: Gholdengo\n|-damage|p1a: Gholdengo|0 fnt\n|faint|p1a: Gholdengo\n|\n|upkeep\n|c|\u2606Wormfury|Gg\n|-message|avatartest forfeited.\n|\n|win|Wormfury\n|raw|avatartest's rating: 1313 → 1289<\/strong> (-24 for losing)\n|raw|Wormfury's rating: 1244 → 1274<\/strong> (+30 for winning)\n|l|\u2606avatartest\n","uploadtime":1683131184,"views":14,"p1id":"avatartest","p2id":"wormfury","formatid":"gen9vgc2023regulationc","rating":1274,"private":0,"password":""}