{"id":"gen9vgc2023regulationc-1856562337","p1":"zNovaShi","p2":"goosemaid","format":"[Gen 9] VGC 2023 Regulation C","log":"|j|\u2606zNovaShi\n|j|\u2606goosemaid\n|t:|1683076083\n|gametype|doubles\n|player|p1|zNovaShi|iris-gen5bw2|1147\n|player|p2|goosemaid|benga|1085\n|teamsize|p1|6\n|teamsize|p2|6\n|gen|9\n|tier|[Gen 9] VGC 2023 Regulation C\n|rated|\n|rule|Species Clause: Limit one of each Pok\u00e9mon\n|rule|Item Clause: Limit one of each item\n|clearpoke\n|poke|p1|Chien-Pao, L50|\n|poke|p1|Amoonguss, L50, M|\n|poke|p1|Kingambit, L50, M|\n|poke|p1|Great Tusk, L50|\n|poke|p1|Iron Jugulis, L50|\n|poke|p1|Dragonite, L50, F|\n|poke|p2|Orthworm, L50, M|\n|poke|p2|Corviknight, L50, F|\n|poke|p2|Meowscarada, L50, F|\n|poke|p2|Rotom-Wash, L50|\n|poke|p2|Chien-Pao, L50|\n|poke|p2|Flutter Mane, L50|\n|teampreview|4\n|\n|t:|1683076101\n|start\n|switch|p1a: Iron Jugulis|Iron Jugulis, L50|100\/100\n|switch|p1b: Chien-Pao|Chien-Pao, L50|100\/100\n|switch|p2a: Orthworm|Orthworm, L50, M|100\/100\n|switch|p2b: Corviknight|Corviknight, L50, F, shiny|100\/100\n|-ability|p1b: Chien-Pao|Sword of Ruin\n|-enditem|p1a: Iron Jugulis|Booster Energy\n|-activate|p1a: Iron Jugulis|ability: Quark Drive|[fromitem]\n|-start|p1a: Iron Jugulis|quarkdrivespe\n|turn|1\n|inactive|Battle timer is ON: inactive players will automatically lose when time's up. (requested by goosemaid)\n|\n|t:|1683076121\n|-terastallize|p2a: Orthworm|Ghost\n|move|p1b: Chien-Pao|Protect|p1b: Chien-Pao\n|-singleturn|p1b: Chien-Pao|Protect\n|move|p2b: Corviknight|Protect|p2b: Corviknight\n|-singleturn|p2b: Corviknight|Protect\n|move|p1a: Iron Jugulis|Tailwind|p1a: Iron Jugulis\n|-sidestart|p1: zNovaShi|move: Tailwind\n|move|p2a: Orthworm|Body Press|p1b: Chien-Pao\n|-activate|p1b: Chien-Pao|move: Protect\n|\n|upkeep\n|turn|2\n|\n|t:|1683076136\n|move|p1a: Iron Jugulis|Snarl|p2a: Orthworm|[spread] p2a,p2b\n|-supereffective|p2a: Orthworm\n|-crit|p2b: Corviknight\n|-damage|p2a: Orthworm|49\/100\n|-damage|p2b: Corviknight|72\/100\n|-unboost|p2a: Orthworm|spa|1\n|-enditem|p2a: Orthworm|Sitrus Berry|[eat]\n|-heal|p2a: Orthworm|73\/100|[from] item: Sitrus Berry\n|move|p1b: Chien-Pao|Crunch|p2a: Orthworm\n|-supereffective|p2a: Orthworm\n|-damage|p2a: Orthworm|9\/100\n|move|p2b: Corviknight|Brave Bird|p1a: Iron Jugulis\n|-damage|p1a: Iron Jugulis|42\/100\n|-damage|p2b: Corviknight|52\/100|[from] Recoil\n|move|p2a: Orthworm|Body Press|p1b: Chien-Pao\n|-supereffective|p1b: Chien-Pao\n|-damage|p1b: Chien-Pao|0 fnt\n|faint|p1b: Chien-Pao\n|\n|upkeep\n|\n|t:|1683076151\n|switch|p1b: Great Tusk|Great Tusk, L50|100\/100\n|turn|3\n|\n|t:|1683076164\n|move|p2a: Orthworm|Protect|p2a: Orthworm\n|-singleturn|p2a: Orthworm|Protect\n|move|p1a: Iron Jugulis|Snarl|p2a: Orthworm|[spread] p2b\n|-activate|p2a: Orthworm|move: Protect\n|-damage|p2b: Corviknight|34\/100\n|move|p1b: Great Tusk|Close Combat|p2b: Corviknight\n|-damage|p2b: Corviknight|0 fnt\n|-unboost|p1b: Great Tusk|def|1\n|-unboost|p1b: Great Tusk|spd|1\n|faint|p2b: Corviknight\n|\n|upkeep\n|\n|t:|1683076183\n|switch|p2b: Flutter Mane|Flutter Mane, L50|100\/100\n|turn|4\n|\n|t:|1683076197\n|move|p1a: Iron Jugulis|Snarl|p2b: Flutter Mane|[spread] p2a\n|-miss|p1a: Iron Jugulis|p2b: Flutter Mane\n|-supereffective|p2a: Orthworm\n|-damage|p2a: Orthworm|0 fnt\n|faint|p2a: Orthworm\n|move|p1b: Great Tusk|Headlong Rush|p2b: Flutter Mane\n|-damage|p2b: Flutter Mane|25\/100\n|-unboost|p1b: Great Tusk|def|1\n|-unboost|p1b: Great Tusk|spd|1\n|move|p2b: Flutter Mane|Moonblast|p1b: Great Tusk\n|-supereffective|p1b: Great Tusk\n|-enditem|p1b: Great Tusk|Focus Sash\n|-damage|p1b: Great Tusk|1\/100\n|\n|-heal|p2b: Flutter Mane|32\/100|[from] item: Leftovers\n|-sideend|p1: zNovaShi|move: Tailwind\n|upkeep\n|\n|t:|1683076211\n|switch|p2a: Chien-Pao|Chien-Pao, L50|100\/100\n|-ability|p2a: Chien-Pao|Sword of Ruin\n|turn|5\n|\n|t:|1683076219\n|move|p1b: Great Tusk|Protect|p1b: Great Tusk\n|-singleturn|p1b: Great Tusk|Protect\n|move|p1a: Iron Jugulis|Snarl|p2a: Chien-Pao|[spread] p2a,p2b\n|-resisted|p2a: Chien-Pao\n|-damage|p2a: Chien-Pao|87\/100\n|-damage|p2b: Flutter Mane|17\/100\n|-unboost|p2a: Chien-Pao|spa|1\n|-unboost|p2b: Flutter Mane|spa|1\n|move|p2a: Chien-Pao|Ice Spinner|p1b: Great Tusk\n|-activate|p1b: Great Tusk|move: Protect\n|move|p2b: Flutter Mane|Moonblast|p1a: Iron Jugulis\n|-supereffective|p1a: Iron Jugulis\n|-damage|p1a: Iron Jugulis|0 fnt\n|faint|p1a: Iron Jugulis\n|-end|p1a: Iron Jugulis|Quark Drive|[silent]\n|\n|-heal|p2b: Flutter Mane|23\/100|[from] item: Leftovers\n|upkeep\n|\n|t:|1683076234\n|switch|p1a: Amoonguss|Amoonguss, L50, M|100\/100\n|turn|6\n|\n|t:|1683076250\n|-terastallize|p1a: Amoonguss|Fire\n|move|p1a: Amoonguss|Rage Powder|p1a: Amoonguss\n|-singleturn|p1a: Amoonguss|move: Rage Powder\n|move|p2a: Chien-Pao|Ice Spinner|p1a: Amoonguss\n|-resisted|p1a: Amoonguss\n|-damage|p1a: Amoonguss|79\/100\n|move|p2b: Flutter Mane|Substitute|p2b: Flutter Mane\n|-fail|p2b: Flutter Mane|move: Substitute|[weak]\n|move|p1b: Great Tusk|Close Combat|p2a: Chien-Pao\n|-supereffective|p2a: Chien-Pao\n|-damage|p2a: Chien-Pao|0 fnt\n|-unboost|p1b: Great Tusk|def|1\n|-unboost|p1b: Great Tusk|spd|1\n|faint|p2a: Chien-Pao\n|\n|-heal|p2b: Flutter Mane|29\/100|[from] item: Leftovers\n|upkeep\n|turn|7\n|inactive|zNovaShi has 30 seconds left.\n|\n|t:|1683076277\n|move|p2b: Flutter Mane|Moonblast|p1b: Great Tusk\n|-supereffective|p1b: Great Tusk\n|-damage|p1b: Great Tusk|0 fnt\n|faint|p1b: Great Tusk\n|-end|p1b: Great Tusk|Protosynthesis|[silent]\n|move|p1a: Amoonguss|Pollen Puff|p1: Great Tusk|[notarget]\n|-fail|p1a: Amoonguss\n|\n|-heal|p2b: Flutter Mane|35\/100|[from] item: Leftovers\n|upkeep\n|turn|8\n|\n|t:|1683076290\n|move|p2b: Flutter Mane|Protect|p2b: Flutter Mane\n|-singleturn|p2b: Flutter Mane|Protect\n|move|p1a: Amoonguss|Spore|p2b: Flutter Mane\n|-activate|p2b: Flutter Mane|move: Protect\n|\n|-heal|p2b: Flutter Mane|42\/100|[from] item: Leftovers\n|upkeep\n|turn|9\n|\n|t:|1683076298\n|move|p2b: Flutter Mane|Substitute|p2b: Flutter Mane\n|-start|p2b: Flutter Mane|Substitute\n|-damage|p2b: Flutter Mane|17\/100\n|move|p1a: Amoonguss|Spore||[still]\n|-fail|p1a: Amoonguss\n|\n|-heal|p2b: Flutter Mane|23\/100|[from] item: Leftovers\n|upkeep\n|turn|10\n|\n|t:|1683076305\n|move|p2b: Flutter Mane|Protect|p2b: Flutter Mane\n|-singleturn|p2b: Flutter Mane|Protect\n|move|p1a: Amoonguss|Pollen Puff|p2b: Flutter Mane\n|-activate|p2b: Flutter Mane|move: Protect\n|\n|-heal|p2b: Flutter Mane|29\/100|[from] item: Leftovers\n|upkeep\n|turn|11\n|\n|t:|1683076313\n|move|p2b: Flutter Mane|Moonblast|p1a: Amoonguss\n|-resisted|p1a: Amoonguss\n|-damage|p1a: Amoonguss|68\/100\n|move|p1a: Amoonguss|Pollen Puff|p2b: Flutter Mane\n|-resisted|p2b: Flutter Mane\n|-activate|p2b: Flutter Mane|move: Substitute|[damage]\n|\n|-heal|p2b: Flutter Mane|35\/100|[from] item: Leftovers\n|upkeep\n|turn|12\n|\n|t:|1683076321\n|move|p2b: Flutter Mane|Protect|p2b: Flutter Mane\n|-singleturn|p2b: Flutter Mane|Protect\n|move|p1a: Amoonguss|Pollen Puff|p2b: Flutter Mane\n|-activate|p2b: Flutter Mane|move: Protect\n|\n|-heal|p2b: Flutter Mane|42\/100|[from] item: Leftovers\n|upkeep\n|turn|13\n|\n|t:|1683076329\n|move|p2b: Flutter Mane|Moonblast|p1a: Amoonguss\n|-resisted|p1a: Amoonguss\n|-damage|p1a: Amoonguss|57\/100\n|move|p1a: Amoonguss|Pollen Puff|p2b: Flutter Mane\n|-resisted|p2b: Flutter Mane\n|-activate|p2b: Flutter Mane|move: Substitute|[damage]\n|\n|-heal|p2b: Flutter Mane|48\/100|[from] item: Leftovers\n|upkeep\n|turn|14\n|\n|t:|1683076338\n|move|p2b: Flutter Mane|Protect|p2b: Flutter Mane\n|-singleturn|p2b: Flutter Mane|Protect\n|move|p1a: Amoonguss|Pollen Puff|p2b: Flutter Mane\n|-activate|p2b: Flutter Mane|move: Protect\n|\n|-heal|p2b: Flutter Mane|54\/100|[from] item: Leftovers\n|upkeep\n|turn|15\n|-message|zNovaShi forfeited.\n|\n|win|goosemaid\n|raw|zNovaShi's rating: 1147 → 1118<\/strong> (-29 for losing)\n|raw|goosemaid's rating: 1085 → 1117<\/strong> (+32 for winning)\n|l|\u2606zNovaShi\n","uploadtime":1683076349,"views":6,"p1id":"znovashi","p2id":"goosemaid","formatid":"gen9vgc2023regulationc","rating":1117,"private":0,"password":""}