{"id":"gen9vgc2023regulationc-1851710548","p1":"sangano","p2":"SOLIPACA TI SCOPA","format":"[Gen 9] VGC 2023 Regulation C","log":"|j|\u2606sangano\n|j|\u2606SOLIPACA TI SCOPA\n|t:|1682472831\n|gametype|doubles\n|player|p1|sangano|169|1214\n|player|p2|SOLIPACA TI SCOPA|170|1135\n|teamsize|p1|6\n|teamsize|p2|6\n|gen|9\n|tier|[Gen 9] VGC 2023 Regulation C\n|rated|\n|rule|Species Clause: Limit one of each Pok\u00e9mon\n|rule|Item Clause: Limit one of each item\n|clearpoke\n|poke|p1|Chi-Yu, L50|\n|poke|p1|Flutter Mane, L50|\n|poke|p1|Gyarados, L50, M|\n|poke|p1|Garchomp, L50, F|\n|poke|p1|Amoonguss, L50, M|\n|poke|p1|Iron Hands, L50|\n|poke|p2|Chien-Pao, L50|\n|poke|p2|Flutter Mane, L50|\n|poke|p2|Iron Hands, L50|\n|poke|p2|Annihilape, L50, M|\n|poke|p2|Iron Bundle, L50|\n|poke|p2|Abomasnow, L50, M|\n|teampreview|4\nsangano has agreed to open team sheets.\nSOLIPACA TI SCOPA rejected open team sheets.\n|\n|t:|1682472920\n|start\n|switch|p1a: Flutter Mane|Flutter Mane, L50|100\/100\n|switch|p1b: Garchomp|Garchomp, L50, F|100\/100\n|switch|p2a: Iron Bundle|Iron Bundle, L50, shiny|100\/100\n|switch|p2b: Abomasnow|Abomasnow, L50, M, shiny|100\/100\n|-weather|Snow|[from] ability: Snow Warning|[of] p2b: Abomasnow\n|turn|1\n|inactive|Battle timer is ON: inactive players will automatically lose when time's up. (requested by SOLIPACA TI SCOPA)\n|\n|t:|1682472984\n|-terastallize|p1b: Garchomp|Fire\n|move|p2b: Abomasnow|Helping Hand|p2a: Iron Bundle\n|-singleturn|p2a: Iron Bundle|Helping Hand|[of] p2b: Abomasnow\n|move|p2a: Iron Bundle|Blizzard|p1a: Flutter Mane|[spread] p1a,p1b\n|-resisted|p1b: Garchomp\n|-damage|p1a: Flutter Mane|11\/100\n|-damage|p1b: Garchomp|66\/100\n|move|p1a: Flutter Mane|Moonblast|p2a: Iron Bundle\n|-damage|p2a: Iron Bundle|0 fnt\n|faint|p2a: Iron Bundle\n|-end|p2a: Iron Bundle|Quark Drive|[silent]\n|-damage|p1a: Flutter Mane|2\/100|[from] item: Life Orb\n|move|p1b: Garchomp|Iron Head|p2b: Abomasnow\n|-supereffective|p2b: Abomasnow\n|-damage|p2b: Abomasnow|73\/100\n|\n|-weather|Snow|[upkeep]\n|upkeep\n|\n|t:|1682473002\n|switch|p2a: Iron Hands|Iron Hands, L50, shiny|100\/100\n|turn|2\n|\n|t:|1682473026\n|move|p1a: Flutter Mane|Protect|p1a: Flutter Mane\n|-singleturn|p1a: Flutter Mane|Protect\n|move|p2a: Iron Hands|Fake Out|p1b: Garchomp\n|-damage|p1b: Garchomp|53\/100\n|-damage|p2a: Iron Hands|88\/100|[from] ability: Rough Skin|[of] p1b: Garchomp\n|move|p2b: Abomasnow|Ice Shard|p1a: Flutter Mane\n|-activate|p1a: Flutter Mane|move: Protect\n|cant|p1b: Garchomp|flinch\n|\n|-weather|Snow|[upkeep]\n|-heal|p2a: Iron Hands|94\/100|[from] item: Leftovers\n|upkeep\n|turn|3\n|inactive|sangano has 30 seconds left.\n|\n|t:|1682473052\n|-end|p1a: Flutter Mane|Protosynthesis|[silent]\n|switch|p1a: Amoonguss|Amoonguss, L50, M|100\/100\n|-terastallize|p2a: Iron Hands|Grass\n|move|p2b: Abomasnow|Ice Shard|p1a: Amoonguss\n|-supereffective|p1a: Amoonguss\n|-damage|p1a: Amoonguss|81\/100\n|move|p1b: Garchomp|Iron Head|p2b: Abomasnow\n|-supereffective|p2b: Abomasnow\n|-damage|p2b: Abomasnow|44\/100\n|move|p2a: Iron Hands|Drain Punch|p1b: Garchomp\n|-damage|p1b: Garchomp|21\/100\n|-heal|p2a: Iron Hands|100\/100|[from] drain|[of] p1b: Garchomp\n|-damage|p2a: Iron Hands|88\/100|[from] ability: Rough Skin|[of] p1b: Garchomp\n|\n|-weather|Snow|[upkeep]\n|-heal|p2a: Iron Hands|94\/100|[from] item: Leftovers\n|upkeep\n|turn|4\n|inactive|sangano has 30 seconds left.\n|inactive|sangano has 20 seconds left.\n|inactive|SOLIPACA TI SCOPA has 30 seconds left.\n|inactive|sangano has 15 seconds left.\n|inactive|sangano has 10 seconds left.\n|\n|t:|1682473098\n|move|p1a: Amoonguss|Protect|p1a: Amoonguss\n|-singleturn|p1a: Amoonguss|Protect\n|move|p2b: Abomasnow|Ice Shard|p1b: Garchomp\n|-resisted|p1b: Garchomp\n|-damage|p1b: Garchomp|16\/100\n|move|p1b: Garchomp|Iron Head|p2b: Abomasnow\n|-supereffective|p2b: Abomasnow\n|-damage|p2b: Abomasnow|16\/100\n|move|p2a: Iron Hands|Drain Punch|p1b: Garchomp\n|-crit|p1b: Garchomp\n|-damage|p1b: Garchomp|0 fnt\n|-heal|p2a: Iron Hands|99\/100|[from] drain|[of] p1b: Garchomp\n|-damage|p2a: Iron Hands|88\/100|[from] ability: Rough Skin|[of] p1b: Garchomp\n|faint|p1b: Garchomp\n|\n|-weather|Snow|[upkeep]\n|-heal|p2a: Iron Hands|94\/100|[from] item: Leftovers\n|upkeep\n|\n|t:|1682473114\n|switch|p1b: Chi-Yu|Chi-Yu, L50|100\/100\n|-ability|p1b: Chi-Yu|Beads of Ruin\n|turn|5\n|inactive|SOLIPACA TI SCOPA has 30 seconds left.\n|inactive|SOLIPACA TI SCOPA has 20 seconds left.\n|inactive|SOLIPACA TI SCOPA has 15 seconds left.\n|\n|t:|1682473156\n|move|p2a: Iron Hands|Protect|p2a: Iron Hands\n|-singleturn|p2a: Iron Hands|Protect\n|move|p1a: Amoonguss|Rage Powder|p1a: Amoonguss\n|-singleturn|p1a: Amoonguss|move: Rage Powder\n|move|p1b: Chi-Yu|Heat Wave|p2a: Iron Hands|[spread] p2b\n|-activate|p2a: Iron Hands|move: Protect\n|-supereffective|p2b: Abomasnow\n|-damage|p2b: Abomasnow|0 fnt\n|faint|p2b: Abomasnow\n|\n|-weather|none\n|-heal|p2a: Iron Hands|99\/100|[from] item: Leftovers\n|upkeep\n|\n|t:|1682473165\n|switch|p2b: Flutter Mane|Flutter Mane, L50, shiny|100\/100\n|-enditem|p2b: Flutter Mane|Booster Energy\n|-activate|p2b: Flutter Mane|ability: Protosynthesis|[fromitem]\n|-start|p2b: Flutter Mane|protosynthesisspe\n|turn|6\n|\n|t:|1682473185\n|switch|p1b: Flutter Mane|Flutter Mane, L50|2\/100\n|move|p2b: Flutter Mane|Shadow Ball|p1a: Amoonguss\n|-damage|p1a: Amoonguss|42\/100\n|move|p2a: Iron Hands|Drain Punch|p1a: Amoonguss\n|-resisted|p1a: Amoonguss\n|-damage|p1a: Amoonguss|29\/100\n|-heal|p2a: Iron Hands|100\/100|[from] drain|[of] p1a: Amoonguss\n|-damage|p2a: Iron Hands|84\/100|[from] item: Rocky Helmet|[of] p1a: Amoonguss\n|move|p1a: Amoonguss|Spore|p2b: Flutter Mane\n|-status|p2b: Flutter Mane|slp|[from] move: Spore\n|\n|-heal|p2a: Iron Hands|90\/100|[from] item: Leftovers\n|upkeep\n|turn|7\n|inactive|SOLIPACA TI SCOPA has 30 seconds left.\n|inactive|SOLIPACA TI SCOPA has 20 seconds left.\n|inactive|SOLIPACA TI SCOPA has 15 seconds left.\n|\n|t:|1682473230\n|cant|p2b: Flutter Mane|slp\n|move|p1b: Flutter Mane|Shadow Ball|p2b: Flutter Mane\n|-supereffective|p2b: Flutter Mane\n|-damage|p2b: Flutter Mane|0 fnt\n|faint|p2b: Flutter Mane\n|-end|p2b: Flutter Mane|Protosynthesis|[silent]\n|-damage|p1b: Flutter Mane|0 fnt|[from] item: Life Orb\n|faint|p1b: Flutter Mane\n|-end|p1b: Flutter Mane|Protosynthesis|[silent]\n|move|p2a: Iron Hands|Drain Punch|p1a: Amoonguss\n|-resisted|p1a: Amoonguss\n|-damage|p1a: Amoonguss|16\/100\n|-heal|p2a: Iron Hands|96\/100|[from] drain|[of] p1a: Amoonguss\n|-damage|p2a: Iron Hands|79\/100|[from] item: Rocky Helmet|[of] p1a: Amoonguss\n|move|p1a: Amoonguss|Pollen Puff|p1: Flutter Mane|[notarget]\n|-fail|p1a: Amoonguss\n|\n|-heal|p2a: Iron Hands|86\/100|[from] item: Leftovers\n|upkeep\n|\n|t:|1682473252\n|switch|p1b: Chi-Yu|Chi-Yu, L50|100\/100\n|-ability|p1b: Chi-Yu|Beads of Ruin\n|turn|8\n|\n|t:|1682473267\n|move|p1a: Amoonguss|Rage Powder|p1a: Amoonguss\n|-singleturn|p1a: Amoonguss|move: Rage Powder\n|move|p1b: Chi-Yu|Overheat|p2a: Iron Hands\n|-supereffective|p2a: Iron Hands\n|-damage|p2a: Iron Hands|0 fnt\n|-unboost|p1b: Chi-Yu|spa|2\n|faint|p2a: Iron Hands\n|-end|p2a: Iron Hands|Quark Drive|[silent]\n|\n|win|sangano\n|raw|sangano's rating: 1214 → 1233<\/strong> (+19 for winning)\n|raw|SOLIPACA TI SCOPA's rating: 1135 → 1116<\/strong> (-19 for losing)\n|l|\u2606SOLIPACA TI SCOPA\n","uploadtime":1682473278,"views":11,"p1id":"sangano","p2id":"solipacatiscopa","formatid":"gen9vgc2023regulationc","rating":1116,"private":0,"password":""}