{"id":"gen9vgc2023regulationc-1845876806","p1":"Crocedelizia","p2":"uhoh I poopd","format":"[Gen 9] VGC 2023 Regulation C","log":"|j|\u2606Crocedelizia\n|j|\u2606uhoh I poopd\n|t:|1681774305\n|gametype|doubles\n|player|p1|Crocedelizia|richboy|1336\n|player|p2|uhoh I poopd|colress|1289\n|teamsize|p1|6\n|teamsize|p2|6\n|gen|9\n|tier|[Gen 9] VGC 2023 Regulation C\n|rated|\n|rule|Species Clause: Limit one of each Pok\u00e9mon\n|rule|Item Clause: Limit one of each item\n|clearpoke\n|poke|p1|Bronzong, L50|\n|poke|p1|Garganacl, L50, M|\n|poke|p1|Mimikyu, L50, F|\n|poke|p1|Ursaring, L50, F|\n|poke|p1|Amoonguss, L50, M|\n|poke|p1|Ting-Lu, L50|\n|poke|p2|Masquerain, L50, F|\n|poke|p2|Coalossal, L50, M|\n|poke|p2|Amoonguss, L50, M|\n|poke|p2|Arcanine, L50, M|\n|poke|p2|Palafin, L50, M|\n|poke|p2|Annihilape, L50, M|\n|teampreview|4\n|\n|t:|1681774334\n|start\n|switch|p1a: Bronzong|Bronzong, L50, shiny|100\/100\n|switch|p1b: Garganacl|Garganacl, L50, M, shiny|100\/100\n|switch|p2a: de Havilland|Masquerain, L50, F|100\/100\n|switch|p2b: Armavee|Coalossal, L50, M|100\/100\n|-ability|p2a: de Havilland|Intimidate|boost\n|-unboost|p1a: Bronzong|atk|1\n|-unboost|p1b: Garganacl|atk|1\n|turn|1\n|inactive|Battle timer is ON: inactive players will automatically lose when time's up. (requested by Crocedelizia)\n|\n|t:|1681774346\n|-terastallize|p1a: Bronzong|Fire\n|move|p1b: Garganacl|Protect|p1b: Garganacl\n|-singleturn|p1b: Garganacl|Protect\n|move|p2a: de Havilland|Aqua Jet|p2b: Armavee\n|-supereffective|p2b: Armavee\n|-damage|p2b: Armavee|81\/100\n|-ability|p2b: Armavee|Steam Engine|boost\n|-boost|p2b: Armavee|spe|6\n|-enditem|p2b: Armavee|Weakness Policy\n|-boost|p2b: Armavee|atk|2|[from] item: Weakness Policy\n|-boost|p2b: Armavee|spa|2|[from] item: Weakness Policy\n|move|p2b: Armavee|Heat Wave|p1b: Garganacl|[spread] p1a\n|-activate|p1b: Garganacl|move: Protect\n|-resisted|p1a: Bronzong\n|-damage|p1a: Bronzong|80\/100\n|move|p1a: Bronzong|Trick Room|p1a: Bronzong\n|-fieldstart|move: Trick Room|[of] p1a: Bronzong\n|\n|upkeep\n|turn|2\n|inactive|Crocedelizia has 30 seconds left.\n|\n|t:|1681774372\n|switch|p2a: Toad|Amoonguss, L50, M|100\/100\n|-terastallize|p2b: Armavee|Grass\n|move|p1a: Bronzong|Bulldoze|p2b: Armavee|[spread] p1b,p2a,p2b\n|-supereffective|p1b: Garganacl\n|-resisted|p2b: Armavee\n|-damage|p1b: Garganacl|93\/100\n|-damage|p2a: Toad|95\/100\n|-damage|p2b: Armavee|79\/100\n|-unboost|p1b: Garganacl|spe|1\n|-unboost|p2a: Toad|spe|1\n|-unboost|p2b: Armavee|spe|1\n|-enditem|p1b: Garganacl|Weakness Policy\n|-boost|p1b: Garganacl|atk|2|[from] item: Weakness Policy\n|-boost|p1b: Garganacl|spa|2|[from] item: Weakness Policy\n|move|p1b: Garganacl|Rock Slide|p2a: Toad|[spread] p2a,p2b\n|-damage|p2a: Toad|62\/100\n|-damage|p2b: Armavee|49\/100\n|cant|p2b: Armavee|flinch\n|\n|upkeep\n|turn|3\n|\n|t:|1681774394\n|move|p1b: Garganacl|Rock Slide|p2b: Armavee|[spread] p2a,p2b\n|-damage|p2a: Toad|28\/100\n|-damage|p2b: Armavee|23\/100\n|move|p2a: Toad|Pollen Puff|p2b: Armavee\n|-heal|p2b: Armavee|73\/100\n|move|p1a: Bronzong|Body Press|p2b: Armavee\n|-damage|p2b: Armavee|53\/100\n|move|p2b: Armavee|Tera Blast|p1b: Garganacl\n|-supereffective|p1b: Garganacl\n|-damage|p1b: Garganacl|0 fnt\n|faint|p1b: Garganacl\n|\n|upkeep\n|\n|t:|1681774413\n|switch|p1b: Ursaring|Ursaring, L50, F|100\/100\n|turn|4\n|\n|t:|1681774435\n|move|p2a: Toad|Spore|p1a: Bronzong\n|-activate|p1a: Bronzong|item: Safety Goggles|Spore\n|move|p1a: Bronzong|Iron Defense|p1a: Bronzong\n|-boost|p1a: Bronzong|def|2\n|move|p1b: Ursaring|Sleep Talk||[still]\n|-fail|p1b: Ursaring\n|move|p2b: Armavee|Power Gem|p1b: Ursaring\n|-damage|p1b: Ursaring|55\/100\n|\n|upkeep\n|turn|5\n|\n|t:|1681774456\n|move|p2b: Armavee|Protect|p2b: Armavee\n|-singleturn|p2b: Armavee|Protect\n|move|p2a: Toad|Spore|p1b: Ursaring\n|-status|p1b: Ursaring|slp|[from] move: Spore\n|move|p1a: Bronzong|Body Press|p2b: Armavee\n|-activate|p2b: Armavee|move: Protect\n|cant|p1b: Ursaring|slp\n|\n|-fieldend|move: Trick Room\n|upkeep\n|turn|6\n|\n|t:|1681774468\n|move|p2b: Armavee|Power Gem|p1a: Bronzong\n|-supereffective|p1a: Bronzong\n|-damage|p1a: Bronzong|0 fnt\n|faint|p1a: Bronzong\n|cant|p1b: Ursaring|slp\n|move|p1b: Ursaring|Sleep Talk|p1b: Ursaring\n|move|p1b: Ursaring|Facade|p2b: Armavee|[from]move: Sleep Talk\n|-damage|p2b: Armavee|3\/100\n|move|p2a: Toad|Pollen Puff|p2b: Armavee\n|-heal|p2b: Armavee|53\/100\n|\n|upkeep\n|\n|t:|1681774480\n|switch|p1a: Amoonguss|Amoonguss, L50, M, shiny|100\/100\n|turn|7\n|\n|t:|1681774494\n|move|p2b: Armavee|Power Gem|p1b: Ursaring\n|-damage|p1b: Ursaring|12\/100 slp\n|-curestatus|p1b: Ursaring|slp|[msg]\n|move|p1b: Ursaring|Sleep Talk||[still]\n|-fail|p1b: Ursaring\n|move|p1a: Amoonguss|Pollen Puff|p1b: Ursaring\n|-heal|p1b: Ursaring|62\/100\n|move|p2a: Toad|Pollen Puff|p2b: Armavee\n|-heal|p2b: Armavee|100\/100\n|\n|upkeep\n|turn|8\n|\n|t:|1681774504\n|move|p2a: Toad|Rage Powder|p2a: Toad\n|-singleturn|p2a: Toad|move: Rage Powder\n|move|p2b: Armavee|Heat Wave|p1a: Amoonguss|[spread] p1a,p1b\n|-supereffective|p1a: Amoonguss\n|-damage|p1a: Amoonguss|1\/100\n|-damage|p1b: Ursaring|23\/100\n|-enditem|p1a: Amoonguss|Sitrus Berry|[eat]\n|-heal|p1a: Amoonguss|26\/100|[from] item: Sitrus Berry\n|move|p1b: Ursaring|Bulk Up|p1b: Ursaring\n|-boost|p1b: Ursaring|atk|1\n|-boost|p1b: Ursaring|def|1\n|move|p1a: Amoonguss|Pollen Puff|p1b: Ursaring\n|-heal|p1b: Ursaring|73\/100\n|\n|upkeep\n|turn|9\n|inactive|uhoh I poopd has 30 seconds left.\n|\n|t:|1681774537\n|switch|p2a: de Havilland|Masquerain, L50, F|100\/100\n|-ability|p2a: de Havilland|Intimidate|boost\n|-unboost|p1a: Amoonguss|atk|1\n|-unboost|p1b: Ursaring|atk|1\n|move|p1a: Amoonguss|Protect|p1a: Amoonguss\n|-singleturn|p1a: Amoonguss|Protect\n|move|p2b: Armavee|Heat Wave|p1b: Ursaring|[spread] p1b\n|-activate|p1a: Amoonguss|move: Protect\n|-damage|p1b: Ursaring|36\/100\n|move|p1b: Ursaring|Facade|p2b: Armavee\n|-damage|p2b: Armavee|70\/100\n|\n|upkeep\n|turn|10\n|-message|Crocedelizia forfeited.\n|\n|win|uhoh I poopd\n|raw|Crocedelizia's rating: 1336 → 1313<\/strong> (-23 for losing)\n|raw|uhoh I poopd's rating: 1289 → 1317<\/strong> (+28 for winning)\n|l|\u2606Crocedelizia\n","uploadtime":1681774565,"views":9,"p1id":"crocedelizia","p2id":"uhohipoopd","formatid":"gen9vgc2023regulationc","rating":1313,"private":0,"password":""}