{"id":"gen9vgc2023regulationc-1856775305","p1":"Bobblesbigpkballs","p2":"subChar","format":"[Gen 9] VGC 2023 Regulation C","log":"|j|\u2606Bobblesbigpkballs\n|j|\u2606subChar\n|t:|1683109556\n|gametype|doubles\n|player|p1|Bobblesbigpkballs|guitarist-gen4|1163\n|player|p2|subChar|rosa|1221\n|teamsize|p1|6\n|teamsize|p2|6\n|gen|9\n|tier|[Gen 9] VGC 2023 Regulation C\n|rated|\n|rule|Species Clause: Limit one of each Pok\u00e9mon\n|rule|Item Clause: Limit one of each item\n|clearpoke\n|poke|p1|Muk, L50, M|\n|poke|p1|Mudsdale, L50, F|\n|poke|p1|Gastrodon, L50, F|\n|poke|p1|Chien-Pao, L50|\n|poke|p1|Garchomp, L50, F|\n|poke|p1|Iron Moth, L50|\n|poke|p2|Armarouge, L50, F|\n|poke|p2|Indeedee-F, L50, F|\n|poke|p2|Torkoal, L50, M|\n|poke|p2|Breloom, L50, F|\n|poke|p2|Iron Hands, L50|\n|poke|p2|Sylveon, L50, F|\n|teampreview|4\n|inactive|Battle timer is ON: inactive players will automatically lose when time's up. (requested by Bobblesbigpkballs)\n|inactive|subChar has 60 seconds left.\n|\n|t:|1683109590\n|start\n|switch|p1a: Mudsdale|Mudsdale, L50, F|100\/100\n|switch|p1b: Chien-Pao|Chien-Pao, L50|100\/100\n|switch|p2a: Armarouge|Armarouge, L50, F|100\/100\n|switch|p2b: Indeedee|Indeedee-F, L50, F|100\/100\n|-ability|p1b: Chien-Pao|Sword of Ruin\n|-fieldstart|move: Psychic Terrain|[from] ability: Psychic Surge|[of] p2b: Indeedee\n|turn|1\n|\n|t:|1683109602\n|-terastallize|p2a: Armarouge|Grass\n|move|p2b: Indeedee|Follow Me|p2b: Indeedee\n|-singleturn|p2b: Indeedee|move: Follow Me\n|move|p1b: Chien-Pao|Ice Spinner|p2b: Indeedee\n|-damage|p2b: Indeedee|31\/100\n|-fieldend|move: Psychic Terrain\n|move|p1a: Mudsdale|Earthquake|p2b: Indeedee|[spread] p1b,p2a,p2b\n|-resisted|p2a: Armarouge\n|-damage|p1b: Chien-Pao|60\/100\n|-damage|p2a: Armarouge|80\/100\n|-damage|p2b: Indeedee|0 fnt\n|faint|p2b: Indeedee\n|move|p2a: Armarouge|Trick Room|p2a: Armarouge\n|-fieldstart|move: Trick Room|[of] p2a: Armarouge\n|\n|upkeep\n|\n|t:|1683109622\n|switch|p2b: Breloom|Breloom, L50, F|100\/100\n|turn|2\n|inactive|Bobblesbigpkballs has 30 seconds left.\n|\n|t:|1683109649\n|move|p1b: Chien-Pao|Protect|p1b: Chien-Pao\n|-singleturn|p1b: Chien-Pao|Protect\n|move|p2b: Breloom|Mach Punch|p1b: Chien-Pao\n|-activate|p1b: Chien-Pao|move: Protect\n|move|p1a: Mudsdale|Iron Head|p2a: Armarouge\n|-damage|p2a: Armarouge|47\/100\n|move|p2a: Armarouge|Expanding Force|p1a: Mudsdale\n|-damage|p1a: Mudsdale|64\/100\n|-ability|p1a: Mudsdale|Stamina|boost\n|-boost|p1a: Mudsdale|def|1\n|\n|upkeep\n|turn|3\n|\n|t:|1683109668\n|switch|p2b: Torkoal|Torkoal, L50, M|100\/100\n|-weather|SunnyDay|[from] ability: Drought|[of] p2b: Torkoal\n|switch|p1b: Gastrodon|Gastrodon, L50, F|100\/100\n|move|p1a: Mudsdale|Iron Head|p2a: Armarouge\n|-damage|p2a: Armarouge|24\/100\n|move|p2a: Armarouge|Heat Wave|p1b: Gastrodon|[spread] p1b\n|-miss|p2a: Armarouge|p1a: Mudsdale\n|-resisted|p1b: Gastrodon\n|-damage|p1b: Gastrodon|74\/100\n|\n|-weather|SunnyDay|[upkeep]\n|-heal|p1b: Gastrodon|80\/100|[from] item: Leftovers\n|upkeep\n|turn|4\n|\n|t:|1683109692\n|move|p1b: Gastrodon|Protect|p1b: Gastrodon\n|-singleturn|p1b: Gastrodon|Protect\n|move|p2b: Torkoal|Eruption|p1a: Mudsdale|[spread] p1a\n|-activate|p1b: Gastrodon|move: Protect\n|-damage|p1a: Mudsdale|0 fnt\n|faint|p1a: Mudsdale\n|move|p2a: Armarouge|Armor Cannon|p1b: Gastrodon\n|-activate|p1b: Gastrodon|move: Protect\n|\n|-weather|SunnyDay|[upkeep]\n|-heal|p1b: Gastrodon|86\/100|[from] item: Leftovers\n|upkeep\n|\n|t:|1683109706\n|switch|p1a: Chien-Pao|Chien-Pao, L50|60\/100\n|-ability|p1a: Chien-Pao|Sword of Ruin\n|turn|5\n|\n|t:|1683109716\n|-terastallize|p1b: Gastrodon|Fire\n|move|p1a: Chien-Pao|Protect|p1a: Chien-Pao\n|-singleturn|p1a: Chien-Pao|Protect\n|move|p2b: Torkoal|Eruption|p1a: Chien-Pao|[spread] p1b\n|-activate|p1a: Chien-Pao|move: Protect\n|-resisted|p1b: Gastrodon\n|-damage|p1b: Gastrodon|41\/100\n|move|p1b: Gastrodon|Earth Power|p2b: Torkoal\n|-supereffective|p2b: Torkoal\n|-damage|p2b: Torkoal|0 fnt\n|faint|p2b: Torkoal\n|move|p2a: Armarouge|Expanding Force|p1b: Gastrodon\n|-damage|p1b: Gastrodon|1\/100\n|\n|-weather|SunnyDay|[upkeep]\n|-heal|p1b: Gastrodon|7\/100|[from] item: Leftovers\n|-fieldend|move: Trick Room\n|upkeep\n|\n|t:|1683109735\n|switch|p2b: Breloom|Breloom, L50, F|100\/100\n|turn|6\n|\n|t:|1683109754\n|switch|p1a: Muk|Muk, L50, M|100\/100\n|move|p1b: Gastrodon|Protect|p1b: Gastrodon\n|-singleturn|p1b: Gastrodon|Protect\n|move|p2b: Breloom|Mach Punch|p1b: Gastrodon\n|-activate|p1b: Gastrodon|move: Protect\n|move|p2a: Armarouge|Trick Room|p2a: Armarouge\n|-fieldstart|move: Trick Room|[of] p2a: Armarouge\n|\n|-weather|SunnyDay|[upkeep]\n|-heal|p1b: Gastrodon|13\/100|[from] item: Leftovers\n|upkeep\n|turn|7\n|\n|t:|1683109774\n|move|p1a: Muk|Shadow Sneak|p2a: Armarouge\n|-damage|p2a: Armarouge|11\/100\n|move|p1b: Gastrodon|Tera Blast|p2a: Armarouge\n|-start|p2a: Armarouge|ability: Flash Fire\n|move|p2b: Breloom|Bullet Seed|p1b: Gastrodon\n|-resisted|p1b: Gastrodon\n|-damage|p1b: Gastrodon|1\/100\n|-resisted|p1b: Gastrodon\n|-damage|p1b: Gastrodon|0 fnt\n|faint|p1b: Gastrodon\n|-hitcount|p1: Gastrodon|2\n|move|p2a: Armarouge|Expanding Force|p1a: Muk\n|-supereffective|p1a: Muk\n|-damage|p1a: Muk|47\/100\n|\n|-weather|none\n|upkeep\n|\n|t:|1683109780\n|switch|p1b: Chien-Pao|Chien-Pao, L50|60\/100\n|-ability|p1b: Chien-Pao|Sword of Ruin\n|turn|8\n|c|\u2606Bobblesbigpkballs|lol big throw!\u00b1\n|\n|t:|1683109805\n|move|p1b: Chien-Pao|Protect|p1b: Chien-Pao\n|-singleturn|p1b: Chien-Pao|Protect\n|move|p1a: Muk|Shadow Sneak|p2a: Armarouge\n|-damage|p2a: Armarouge|0 fnt\n|faint|p2a: Armarouge\n|move|p2b: Breloom|Force Palm|p1a: Muk\n|-resisted|p1a: Muk\n|-damage|p1a: Muk|13\/100\n|\n|upkeep\n|turn|9\n|\n|t:|1683109827\n|move|p2b: Breloom|Mach Punch|p1b: Chien-Pao\n|-supereffective|p1b: Chien-Pao\n|-damage|p1b: Chien-Pao|0 fnt\n|faint|p1b: Chien-Pao\n|move|p1a: Muk|Poison Jab|p2b: Breloom\n|-supereffective|p2b: Breloom\n|-damage|p2b: Breloom|3\/100\n|\n|upkeep\n|turn|10\n|c|\u2606Bobblesbigpkballs|gg\n|\n|t:|1683109844\n|move|p2b: Breloom|Mach Punch|p1a: Muk\n|-resisted|p1a: Muk\n|-damage|p1a: Muk|0 fnt\n|faint|p1a: Muk\n|\n|win|subChar\n|raw|Bobblesbigpkballs's rating: 1163 → 1142<\/strong> (-21 for losing)\n|raw|subChar's rating: 1221 → 1242<\/strong> (+21 for winning)\n","uploadtime":1683109852,"views":10,"p1id":"bobblesbigpkballs","p2id":"subchar","formatid":"gen9vgc2023regulationc","rating":1142,"private":0,"password":""}