{"id":"gen9vgc2023regulationc-1849894173","p1":"Bat-boat","p2":"Verdas1128","format":"[Gen 9] VGC 2023 Regulation C","log":"|j|\u2606Bat-boat\n|j|\u2606Verdas1128\n|t:|1682265424\n|gametype|doubles\n|player|p1|Bat-boat|2|1200\n|player|p2|Verdas1128|caitlin|1268\n|teamsize|p1|6\n|teamsize|p2|6\n|gen|9\n|tier|[Gen 9] VGC 2023 Regulation C\n|rated|\n|rule|Species Clause: Limit one of each Pok\u00e9mon\n|rule|Item Clause: Limit one of each item\n|clearpoke\n|poke|p1|Farigiraf, L50, M|\n|poke|p1|Torkoal, L50, M|\n|poke|p1|Chi-Yu, L50|\n|poke|p1|Flutter Mane, L50|\n|poke|p1|Dondozo, L50, M|\n|poke|p1|Tatsugiri, L50, M|\n|poke|p2|Garchomp, L50, F|\n|poke|p2|Wo-Chien, L50|\n|poke|p2|Gyarados, L50, M|\n|poke|p2|Flutter Mane, L50|\n|poke|p2|Glimmora, L50, F|\n|poke|p2|Arcanine, L50, F|\n|teampreview|4\n|\n|t:|1682265435\n|start\n|switch|p1a: Farigiraf|Farigiraf, L50, M|100\/100\n|switch|p1b: Flutter Mane|Flutter Mane, L50|100\/100\n|switch|p2a: Arcanine|Arcanine, L50, F|100\/100\n|switch|p2b: Garchomp|Garchomp, L50, F|100\/100\n|-ability|p2a: Arcanine|Intimidate|boost\n|-unboost|p1a: Farigiraf|atk|1\n|-unboost|p1b: Flutter Mane|atk|1\n|turn|1\n|\n|t:|1682265446\n|switch|p2a: Gyarados|Gyarados, L50, M|100\/100\n|-ability|p2a: Gyarados|Intimidate|boost\n|-unboost|p1a: Farigiraf|atk|1\n|-unboost|p1b: Flutter Mane|atk|1\n|-terastallize|p2b: Garchomp|Fire\n|move|p1b: Flutter Mane|Moonblast|p2b: Garchomp\n|-resisted|p2b: Garchomp\n|-damage|p2b: Garchomp|70\/100\n|move|p2b: Garchomp|Earthquake|p1a: Farigiraf|[spread] p1a,p1b\n|-immune|p2a: Gyarados\n|-damage|p1a: Farigiraf|51\/100\n|-damage|p1b: Flutter Mane|0 fnt\n|faint|p1b: Flutter Mane\n|-end|p1b: Flutter Mane|Protosynthesis|[silent]\n|-damage|p2b: Garchomp|61\/100|[from] item: Life Orb\n|move|p1a: Farigiraf|Trick Room|p1a: Farigiraf\n|-fieldstart|move: Trick Room|[of] p1a: Farigiraf\n|\n|upkeep\n|\n|t:|1682265460\n|switch|p1b: Torkoal|Torkoal, L50, M|100\/100\n|-weather|SunnyDay|[from] ability: Drought|[of] p1b: Torkoal\n|turn|2\n|\n|t:|1682265467\n|switch|p1a: Chi-Yu|Chi-Yu, L50|100\/100\n|-ability|p1a: Chi-Yu|Beads of Ruin\n|switch|p2b: Arcanine|Arcanine, L50, F|100\/100\n|-ability|p2b: Arcanine|Intimidate|boost\n|-unboost|p1a: Chi-Yu|atk|1\n|-unboost|p1b: Torkoal|atk|1\n|-terastallize|p1b: Torkoal|Fire\n|move|p1b: Torkoal|Eruption|p2a: Gyarados|[spread] p2a,p2b\n|-resisted|p2a: Gyarados\n|-resisted|p2b: Arcanine\n|-damage|p2a: Gyarados|25\/100\n|-damage|p2b: Arcanine|8\/100\n|-enditem|p2a: Gyarados|Sitrus Berry|[eat]\n|-heal|p2a: Gyarados|50\/100|[from] item: Sitrus Berry\n|move|p2a: Gyarados|Waterfall|p1b: Torkoal\n|-supereffective|p1b: Torkoal\n|-damage|p1b: Torkoal|75\/100\n|\n|-weather|SunnyDay|[upkeep]\n|upkeep\n|turn|3\n|\n|t:|1682265488\n|move|p2b: Arcanine|Extreme Speed|p1b: Torkoal\n|-crit|p1b: Torkoal\n|-damage|p1b: Torkoal|50\/100\n|move|p1b: Torkoal|Eruption|p2b: Arcanine|[spread] p2a,p2b\n|-resisted|p2a: Gyarados\n|-resisted|p2b: Arcanine\n|-damage|p2a: Gyarados|12\/100\n|-damage|p2b: Arcanine|0 fnt\n|faint|p2b: Arcanine\n|move|p2a: Gyarados|Waterfall|p1a: Chi-Yu\n|-supereffective|p1a: Chi-Yu\n|-damage|p1a: Chi-Yu|48\/100\n|cant|p1a: Chi-Yu|flinch\n|\n|-weather|SunnyDay|[upkeep]\n|upkeep\n|\n|t:|1682265500\n|switch|p2b: Garchomp|Garchomp, L50, F, tera:Fire|61\/100\n|turn|4\n|\n|t:|1682265513\n|switch|p2b: Wo-Chien|Wo-Chien, L50|100\/100\n|-ability|p2b: Wo-Chien|Tablets of Ruin\n|move|p1b: Torkoal|Eruption|p2b: Wo-Chien|[spread] p2a,p2b\n|-resisted|p2a: Gyarados\n|-supereffective|p2b: Wo-Chien\n|-damage|p2a: Gyarados|0 fnt\n|-damage|p2b: Wo-Chien|0 fnt\n|faint|p2a: Gyarados\n|faint|p2b: Wo-Chien\n|move|p1a: Chi-Yu|Dark Pulse|p2: Gyarados|[notarget]\n|-fail|p1a: Chi-Yu\n|\n|-weather|SunnyDay|[upkeep]\n|upkeep\n|\n|t:|1682265520\n|switch|p2b: Garchomp|Garchomp, L50, F, tera:Fire|61\/100\n|turn|5\n|\n|t:|1682265529\n|move|p2b: Garchomp|Protect|p2b: Garchomp\n|-singleturn|p2b: Garchomp|Protect\n|move|p1b: Torkoal|Eruption|p2b: Garchomp\n|-activate|p2b: Garchomp|move: Protect\n|move|p1a: Chi-Yu|Memento|p2b: Garchomp\n|-activate|p2b: Garchomp|move: Protect\n|\n|-weather|SunnyDay|[upkeep]\n|-fieldend|move: Trick Room\n|upkeep\n|turn|6\n|\n|t:|1682265536\n|move|p2b: Garchomp|Earthquake|p1a: Chi-Yu|[spread] p1a,p1b\n|-supereffective|p1a: Chi-Yu\n|-supereffective|p1b: Torkoal\n|-damage|p1a: Chi-Yu|0 fnt\n|-damage|p1b: Torkoal|0 fnt\n|faint|p1a: Chi-Yu\n|faint|p1b: Torkoal\n|-damage|p2b: Garchomp|51\/100|[from] item: Life Orb\n|\n|-weather|none\n|upkeep\n|\n|t:|1682265540\n|switch|p1a: Farigiraf|Farigiraf, L50, M|51\/100\n|turn|7\n|\n|t:|1682265547\n|move|p2b: Garchomp|Earthquake|p1a: Farigiraf\n|-damage|p1a: Farigiraf|0 fnt\n|faint|p1a: Farigiraf\n|-damage|p2b: Garchomp|41\/100|[from] item: Life Orb\n|\n|win|Verdas1128\n|raw|Bat-boat's rating: 1200 → 1180<\/strong> (-20 for losing)\n|raw|Verdas1128's rating: 1268 → 1288<\/strong> (+20 for winning)\n","uploadtime":1682265550,"views":9,"p1id":"batboat","p2id":"verdas1128","formatid":"gen9vgc2023regulationc","rating":1180,"private":0,"password":""}