{"id":"gen9vgc2023regulationc-1852769725","p1":"betelgeuse","p2":"PinnotheChamp","format":"[Gen 9] VGC 2023 Regulation C","log":"|j|\u2606betelgeuse\n|j|\u2606PinnotheChamp\n|t:|1682604782\n|gametype|doubles\n|player|p1|betelgeuse|janitor|1076\n|player|p2|PinnotheChamp|steven|1171\n|teamsize|p1|6\n|teamsize|p2|6\n|gen|9\n|tier|[Gen 9] VGC 2023 Regulation C\n|rated|\n|rule|Species Clause: Limit one of each Pok\u00e9mon\n|rule|Item Clause: Limit one of each item\n|clearpoke\n|poke|p1|Vaporeon, L50, M|\n|poke|p1|Jolteon, L50, F|\n|poke|p1|Sylveon, L50, F|\n|poke|p1|Umbreon, L50, M|\n|poke|p1|Espeon, L50, F|\n|poke|p1|Leafeon, L50, F|\n|poke|p2|Amoonguss, L50, F|\n|poke|p2|Iron Hands, L50|\n|poke|p2|Scream Tail, L50|\n|poke|p2|Gyarados, L50, M|\n|poke|p2|Dragapult, L50, M|\n|poke|p2|Kingambit, L50, M|\n|teampreview|4\nPinnotheChamp rejected open team sheets.\n|inactive|Battle timer is ON: inactive players will automatically lose when time's up. (requested by PinnotheChamp)\n|inactive|PinnotheChamp has 60 seconds left.\n|\n|t:|1682604835\n|start\n|switch|p1a: Sylveon|Sylveon, L50, F|100\/100\n|switch|p1b: Vaporeon|Vaporeon, L50, M|100\/100\n|switch|p2a: Scream Tail|Scream Tail, L50|100\/100\n|switch|p2b: Iron Hands|Iron Hands, L50|100\/100\n|-enditem|p2a: Scream Tail|Booster Energy\n|-activate|p2a: Scream Tail|ability: Protosynthesis|[fromitem]\n|-start|p2a: Scream Tail|protosynthesisspe\n|turn|1\n|\n|t:|1682604853\n|switch|p1b: Jolteon|Jolteon, L50, F|100\/100\n|move|p2b: Iron Hands|Fake Out|p1a: Sylveon\n|-damage|p1a: Sylveon|83\/100\n|move|p2a: Scream Tail|Howl|p2a: Scream Tail|[spread] p2a,p2b\n|-boost|p2a: Scream Tail|atk|1\n|-boost|p2b: Iron Hands|atk|1\n|cant|p1a: Sylveon|flinch\n|\n|upkeep\n|turn|2\n|\n|t:|1682604877\n|-terastallize|p1a: Sylveon|Ground\n|-terastallize|p2b: Iron Hands|Ground\n|move|p2a: Scream Tail|Howl|p2a: Scream Tail|[spread] p2a,p2b\n|-boost|p2a: Scream Tail|atk|1\n|-boost|p2b: Iron Hands|atk|1\n|move|p1b: Jolteon|Thunder Wave|p2a: Scream Tail\n|-status|p2a: Scream Tail|par\n|move|p1a: Sylveon|Hyper Voice|p2b: Iron Hands|[spread] p2a,p2b\n|-damage|p2a: Scream Tail|60\/100 par\n|-damage|p2b: Iron Hands|67\/100\n|move|p2b: Iron Hands|Tera Blast|p1a: Sylveon\n|-damage|p1a: Sylveon|0 fnt\n|faint|p1a: Sylveon\n|\n|upkeep\n|\n|t:|1682604897\n|switch|p1a: Leafeon|Leafeon, L50, F|100\/100\n|turn|3\n|\n|t:|1682604913\n|-end|p2b: Iron Hands|Quark Drive|[silent]\n|switch|p2b: Dragapult|Dragapult, L50, M|100\/100\n|move|p1b: Jolteon|Detect|p1b: Jolteon\n|-singleturn|p1b: Jolteon|Protect\n|move|p1a: Leafeon|Leaf Blade|p2b: Dragapult\n|-resisted|p2b: Dragapult\n|-crit|p2b: Dragapult\n|-damage|p2b: Dragapult|58\/100\n|cant|p2a: Scream Tail|par\n|\n|upkeep\n|turn|4\n|\n|t:|1682604934\n|move|p2b: Dragapult|U-turn|p1a: Leafeon\n|-supereffective|p1a: Leafeon\n|-damage|p1a: Leafeon|35\/100\n|\n|t:|1682604937\n|switch|p2b: Gyarados|Gyarados, L50, M|100\/100|[from] U-turn\n|move|p1b: Jolteon|Thunder Wave|p2b: Gyarados\n|-status|p2b: Gyarados|par\n|move|p1a: Leafeon|Leaf Blade|p2a: Scream Tail\n|-damage|p2a: Scream Tail|27\/100 par\n|cant|p2a: Scream Tail|par\n|\n|upkeep\n|turn|5\n|inactive|betelgeuse has 30 seconds left.\n|\n|t:|1682604968\n|move|p1b: Jolteon|Thunderbolt|p2b: Gyarados\n|-supereffective|p2b: Gyarados\n|-damage|p2b: Gyarados|0 fnt\n|faint|p2b: Gyarados\n|move|p1a: Leafeon|Leaf Blade|p2a: Scream Tail\n|-damage|p2a: Scream Tail|0 fnt\n|faint|p2a: Scream Tail\n|-end|p2a: Scream Tail|Protosynthesis|[silent]\n|\n|upkeep\n|\n|t:|1682604975\n|switch|p2a: Iron Hands|Iron Hands, L50, tera:Ground|67\/100\n|switch|p2b: Dragapult|Dragapult, L50, M|58\/100\n|turn|6\n|\n|t:|1682604989\n|switch|p1a: Vaporeon|Vaporeon, L50, M|100\/100\n|move|p2b: Dragapult|Dragon Darts|p1a: Vaporeon\n|-damage|p1a: Vaporeon|71\/100\n|-anim|p2b: Dragapult|Dragon Darts|p1b: Jolteon\n|-damage|p1b: Jolteon|33\/100\n|move|p1b: Jolteon|Thunderbolt|p2b: Dragapult\n|-resisted|p2b: Dragapult\n|-damage|p2b: Dragapult|30\/100\n|move|p2a: Iron Hands|Tera Blast|p1b: Jolteon\n|-supereffective|p1b: Jolteon\n|-damage|p1b: Jolteon|0 fnt\n|faint|p1b: Jolteon\n|\n|-heal|p1a: Vaporeon|77\/100|[from] item: Leftovers\n|upkeep\n|c|\u2606betelgeuse|Noooo misclick\n|inactive|betelgeuse has 30 seconds left.\n|c|\u2606betelgeuse|Needed tunder wave\n|\n|t:|1682605024\n|switch|p1b: Leafeon|Leafeon, L50, F|35\/100\n|turn|7\n|inactive|betelgeuse has 30 seconds left.\n|\n|t:|1682605056\n|move|p2b: Dragapult|Dragon Darts|p1b: Leafeon\n|-damage|p1b: Leafeon|0 fnt\n|-anim|p2b: Dragapult|Dragon Darts|p1a: Vaporeon\n|-damage|p1a: Vaporeon|50\/100\n|faint|p1b: Leafeon\n|move|p1a: Vaporeon|Muddy Water|p2a: Iron Hands|[spread] p2a,p2b\n|-supereffective|p2a: Iron Hands\n|-resisted|p2b: Dragapult\n|-damage|p2a: Iron Hands|36\/100\n|-damage|p2b: Dragapult|13\/100\n|move|p2a: Iron Hands|Thunder Punch|p1a: Vaporeon\n|-supereffective|p1a: Vaporeon\n|-damage|p1a: Vaporeon|0 fnt\n|faint|p1a: Vaporeon\n|\n|win|PinnotheChamp\n|raw|betelgeuse's rating: 1076 → 1060<\/strong> (-16 for losing)\n|raw|PinnotheChamp's rating: 1171 → 1189<\/strong> (+18 for winning)\n|l|\u2606PinnotheChamp\n","uploadtime":1682605084,"views":9,"p1id":"betelgeuse","p2id":"pinnothechamp","formatid":"gen9vgc2023regulationc","rating":1060,"private":0,"password":""}