{"id":"gen9vgc2023regulationc-1852267117","p1":"DuelLuna","p2":"tastethekoalabear","format":"[Gen 9] VGC 2023 Regulation C","log":"|j|\u2606DuelLuna\n|j|\u2606tastethekoalabear\n|t:|1682538337\n|gametype|doubles\n|player|p1|DuelLuna|caitlin|\n|player|p2|tastethekoalabear|lusamine-nihilego|\n|teamsize|p1|6\n|teamsize|p2|6\n|gen|9\n|tier|[Gen 9] VGC 2023 Regulation C\n|rule|Species Clause: Limit one of each Pok\u00e9mon\n|rule|Item Clause: Limit one of each item\n|clearpoke\n|poke|p1|Gholdengo, L50|\n|poke|p1|Maushold, L50|\n|poke|p1|Iron Bundle, L50|\n|poke|p1|Garchomp, L50, F|\n|poke|p1|Talonflame, L50, M|\n|poke|p1|Iron Hands, L50|\n|poke|p2|Chi-Yu, L50|\n|poke|p2|Flutter Mane, L50|\n|poke|p2|Great Tusk, L50|\n|poke|p2|Torkoal, L50, M|\n|poke|p2|Appletun, L50, M|\n|poke|p2|Jumpluff, L50, M|\n|teampreview|4\nDuelLuna has agreed to open team sheets.\ntastethekoalabear has agreed to open team sheets.\n|c|\u2606DuelLuna|Hf\n|\n|t:|1682538365\n|start\n|switch|p1a: Bolt the birb|Talonflame, L50, M|100\/100\n|switch|p1b: Birdman|Garchomp, L50, F|100\/100\n|switch|p2a: Tobias|Jumpluff, L50, M|100\/100\n|switch|p2b: Great Task|Great Tusk, L50|100\/100\n|turn|1\n|\n|t:|1682538385\n|move|p1b: Birdman|Protect|p1b: Birdman\n|-singleturn|p1b: Birdman|Protect\n|move|p1a: Bolt the birb|Taunt|p2a: Tobias\n|-start|p2a: Tobias|move: Taunt\n|cant|p2a: Tobias|move: Taunt|Tailwind\n|move|p2b: Great Task|Ice Spinner|p1b: Birdman\n|-activate|p1b: Birdman|move: Protect\n|\n|upkeep\n|turn|2\n|\n|t:|1682538425\n|move|p1a: Bolt the birb|Brave Bird|p2b: Great Task\n|-supereffective|p2b: Great Task\n|-damage|p2b: Great Task|36\/100\n|-damage|p1a: Bolt the birb|75\/100|[from] Recoil\n|move|p2a: Tobias|Pollen Puff|p2b: Great Task\n|-heal|p2b: Great Task|86\/100\n|move|p1b: Birdman|Stomping Tantrum|p2b: Great Task\n|-damage|p2b: Great Task|50\/100\n|-damage|p1b: Birdman|91\/100|[from] item: Life Orb\n|move|p2b: Great Task|Ice Spinner|p1b: Birdman\n|-supereffective|p1b: Birdman\n|-damage|p1b: Birdman|0 fnt\n|-damage|p2b: Great Task|38\/100|[from] ability: Rough Skin|[of] p1b: Birdman\n|faint|p1b: Birdman\n|-damage|p2b: Great Task|28\/100|[from] item: Life Orb\n|\n|upkeep\n|\n|t:|1682538440\n|switch|p1b: Ordinance|Iron Bundle, L50|100\/100\n|-enditem|p1b: Ordinance|Booster Energy\n|-activate|p1b: Ordinance|ability: Quark Drive|[fromitem]\n|-start|p1b: Ordinance|quarkdrivespe\n|turn|3\n|\n|t:|1682538451\n|move|p2b: Great Task|Protect|p2b: Great Task\n|-singleturn|p2b: Great Task|Protect\n|move|p1b: Ordinance|Freeze-Dry|p2b: Great Task\n|-activate|p2b: Great Task|move: Protect\n|move|p1a: Bolt the birb|Brave Bird|p2a: Tobias\n|-supereffective|p2a: Tobias\n|-damage|p2a: Tobias|0 fnt\n|faint|p2a: Tobias\n|-damage|p1a: Bolt the birb|36\/100|[from] Recoil\n|\n|upkeep\n|\n|t:|1682538465\n|switch|p2a: Gucci Mane|Flutter Mane, L50|100\/100\n|turn|4\n|\n|t:|1682538482\n|-terastallize|p2b: Great Task|Steel\n|move|p1b: Ordinance|Protect|p1b: Ordinance\n|-singleturn|p1b: Ordinance|Protect\n|move|p1a: Bolt the birb|Brave Bird|p2a: Gucci Mane\n|-damage|p2a: Gucci Mane|4\/100\n|-damage|p1a: Bolt the birb|8\/100|[from] Recoil\n|move|p2a: Gucci Mane|Dazzling Gleam|p1b: Ordinance|[spread] p1a\n|-activate|p1b: Ordinance|move: Protect\n|-resisted|p1a: Bolt the birb\n|-damage|p1a: Bolt the birb|0 fnt\n|faint|p1a: Bolt the birb\n|move|p2b: Great Task|Headlong Rush|p1b: Ordinance\n|-activate|p1b: Ordinance|move: Protect\n|\n|upkeep\n|\n|t:|1682538491\n|switch|p1a: Gold OS|Gholdengo, L50|100\/100\n|turn|5\n|\n|t:|1682538564\n|-end|p2a: Gucci Mane|Protosynthesis|[silent]\n|switch|p2a: apl|Appletun, L50, M|100\/100\n|move|p1b: Ordinance|Icy Wind|p2a: apl|[spread] p2a,p2b\n|-supereffective|p2a: apl\n|-resisted|p2b: Great Task\n|-damage|p2a: apl|71\/100\n|-damage|p2b: Great Task|11\/100\n|-unboost|p2a: apl|spe|1\n|-unboost|p2b: Great Task|spe|1\n|move|p1a: Gold OS|Nasty Plot|p1a: Gold OS\n|-boost|p1a: Gold OS|spa|2\n|move|p2b: Great Task|Close Combat|p1b: Ordinance\n|-supereffective|p1b: Ordinance\n|-damage|p1b: Ordinance|0 fnt\n|-unboost|p2b: Great Task|def|1\n|-unboost|p2b: Great Task|spd|1\n|faint|p1b: Ordinance\n|-end|p1b: Ordinance|Quark Drive|[silent]\n|-damage|p2b: Great Task|1\/100|[from] item: Life Orb\n|\n|upkeep\n|turn|6\n|l|\u2606tastethekoalabear\n|player|p2|\n|j|\u2606tastethekoalabear\n|player|p2|tastethekoalabear|lusamine-nihilego\n|\n|t:|1682538615\n|move|p1a: Gold OS|Make It Rain|p2a: apl|[spread] p2a,p2b\n|-resisted|p2b: Great Task\n|-damage|p2a: apl|7\/100\n|-damage|p2b: Great Task|0 fnt\n|-unboost|p1a: Gold OS|spa|1\n|faint|p2b: Great Task\n|-end|p2b: Great Task|Protosynthesis|[silent]\n|move|p2a: apl|Iron Defense|p2a: apl\n|-boost|p2a: apl|def|2\n|\n|upkeep\n|c|\u2606tastethekoalabear|sorry the conservative party was at the door\n|\n|t:|1682538633\n|switch|p2b: Gucci Mane|Flutter Mane, L50|4\/100\n|turn|7\n|c|\u2606DuelLuna|I super threw this\n|\n|t:|1682538643\n|-terastallize|p1a: Gold OS|Water\n|move|p2a: apl|Protect|p2a: apl\n|-singleturn|p2a: apl|Protect\n|move|p2b: Gucci Mane|Shadow Ball|p1a: Gold OS\n|-damage|p1a: Gold OS|22\/100\n|move|p1a: Gold OS|Make It Rain|p2b: Gucci Mane|[spread] p2b\n|-activate|p2a: apl|move: Protect\n|-supereffective|p2b: Gucci Mane\n|-damage|p2b: Gucci Mane|0 fnt\n|-unboost|p1a: Gold OS|spa|1\n|faint|p2b: Gucci Mane\n|-end|p2b: Gucci Mane|Protosynthesis|[silent]\n|\n|-heal|p1a: Gold OS|28\/100|[from] item: Leftovers\n|upkeep\n|turn|8\n|c|\u2606DuelLuna|Gg\n|c|\u2606tastethekoalabear|you did not super throw this dude\n|\n|t:|1682538669\n|move|p1a: Gold OS|Shadow Ball|p2a: apl\n|-damage|p2a: apl|0 fnt\n|faint|p2a: apl\n|\n|win|DuelLuna\n|l|\u2606tastethekoalabear\n|c|\u2606DuelLuna|I did\n","uploadtime":1682538685,"views":157,"p1id":"duelluna","p2id":"tastethekoalabear","formatid":"gen9vgc2023regulationc","rating":0,"private":0,"password":""}