{"id":"gen9vgc2023regulationc-1856392381","p1":"Erikbound","p2":"zarderino","format":"[Gen 9] VGC 2023 Regulation C","log":"|j|\u2606Erikbound\n|j|\u2606zarderino\n|t:|1683057065\n|gametype|doubles\n|player|p1|Erikbound|artist-gen4|1324\n|player|p2|zarderino|kimonogirl|1407\n|teamsize|p1|6\n|teamsize|p2|6\n|gen|9\n|tier|[Gen 9] VGC 2023 Regulation C\n|rated|\n|rule|Species Clause: Limit one of each Pok\u00e9mon\n|rule|Item Clause: Limit one of each item\n|clearpoke\n|poke|p1|Ceruledge, L50, F|\n|poke|p1|Azumarill, L50, M|\n|poke|p1|Arboliva, L50, F|\n|poke|p1|Tyranitar, L50, M|\n|poke|p1|Lycanroc, L50, F|\n|poke|p1|Salamence, L50, M|\n|poke|p2|Ting-Lu, L50|\n|poke|p2|Annihilape, L50, M|\n|poke|p2|Corviknight, L50, M|\n|poke|p2|Iron Moth, L50|\n|poke|p2|Grimmsnarl, L50, M|\n|poke|p2|Gholdengo, L50|\n|teampreview|4\n|\n|t:|1683057158\n|start\n|switch|p1a: Arbeliever|Arboliva, L50, F|100\/100\n|switch|p1b: Azumarill|Azumarill, L50, M|100\/100\n|switch|p2a: Annihilape|Annihilape, L50, M|100\/100\n|switch|p2b: Grimmsnarl|Grimmsnarl, L50, M|100\/100\n|turn|1\n|\n|t:|1683057182\n|move|p2b: Grimmsnarl|Fake Out|p1b: Azumarill\n|-damage|p1b: Azumarill|88\/100\n|move|p2a: Annihilape|Bulk Up|p2a: Annihilape\n|-boost|p2a: Annihilape|atk|1\n|-boost|p2a: Annihilape|def|1\n|cant|p1b: Azumarill|flinch\n|move|p1a: Arbeliever|Hyper Voice|p2a: Annihilape|[spread] p2b\n|-immune|p2a: Annihilape\n|-damage|p2b: Grimmsnarl|68\/100\n|-enditem|p1a: Arbeliever|Throat Spray\n|-boost|p1a: Arbeliever|spa|1|[from] item: Throat Spray\n|\n|upkeep\n|turn|2\n|\n|t:|1683057208\n|move|p1a: Arbeliever|Protect|p1a: Arbeliever\n|-singleturn|p1a: Arbeliever|Protect\n|move|p2b: Grimmsnarl|Reflect|p2b: Grimmsnarl\n|-sidestart|p2: zarderino|Reflect\n|move|p2a: Annihilape|Drain Punch|p1a: Arbeliever\n|-activate|p1a: Arbeliever|move: Protect\n|move|p1b: Azumarill|Play Rough|p2b: Grimmsnarl\n|-supereffective|p2b: Grimmsnarl\n|-damage|p2b: Grimmsnarl|0 fnt\n|faint|p2b: Grimmsnarl\n|-damage|p1b: Azumarill|78\/100|[from] item: Life Orb\n|\n|upkeep\n|\n|t:|1683057216\n|switch|p2b: Iron Moth|Iron Moth, L50|100\/100\n|-enditem|p2b: Iron Moth|Booster Energy\n|-activate|p2b: Iron Moth|ability: Quark Drive|[fromitem]\n|-start|p2b: Iron Moth|quarkdrivespa\n|turn|3\n|\n|t:|1683057229\n|switch|p1b: Tyranitar|Tyranitar, L50, M|100\/100\n|-weather|Sandstorm|[from] ability: Sand Stream|[of] p1b: Tyranitar\n|-terastallize|p1a: Arbeliever|Fire\n|move|p2b: Iron Moth|Protect|p2b: Iron Moth\n|-singleturn|p2b: Iron Moth|Protect\n|move|p2a: Annihilape|Rage Fist|p1b: Tyranitar\n|-resisted|p1b: Tyranitar\n|-damage|p1b: Tyranitar|87\/100\n|move|p1a: Arbeliever|Earth Power|p2b: Iron Moth\n|-activate|p2b: Iron Moth|move: Protect\n|\n|-weather|Sandstorm|[upkeep]\n|-damage|p2b: Iron Moth|95\/100|[from] Sandstorm\n|-damage|p2a: Annihilape|94\/100|[from] Sandstorm\n|-damage|p1a: Arbeliever|95\/100|[from] Sandstorm\n|upkeep\n|turn|4\n|\n|t:|1683057257\n|-end|p2b: Iron Moth|Quark Drive|[silent]\n|switch|p2b: Ting-Lu|Ting-Lu, L50|100\/100\n|-ability|p2b: Ting-Lu|Vessel of Ruin\n|switch|p1b: Ceruledge|Ceruledge, L50, F|100\/100\n|move|p2a: Annihilape|Drain Punch|p1b: Ceruledge\n|-immune|p1b: Ceruledge\n|move|p1a: Arbeliever|Earth Power|p2b: Ting-Lu\n|-damage|p2b: Ting-Lu|86\/100\n|\n|-weather|Sandstorm|[upkeep]\n|-damage|p2a: Annihilape|88\/100|[from] Sandstorm\n|-damage|p1b: Ceruledge|94\/100|[from] Sandstorm\n|-damage|p1a: Arbeliever|89\/100|[from] Sandstorm\n|upkeep\n|turn|5\n|\n|t:|1683057289\n|move|p2a: Annihilape|Protect|p2a: Annihilape\n|-singleturn|p2a: Annihilape|Protect\n|move|p1a: Arbeliever|Protect|p1a: Arbeliever\n|-singleturn|p1a: Arbeliever|Protect\n|move|p1b: Ceruledge|Bulk Up|p1b: Ceruledge\n|-boost|p1b: Ceruledge|atk|1\n|-boost|p1b: Ceruledge|def|1\n|move|p2b: Ting-Lu|Earthquake|p1b: Ceruledge|[spread] p1b\n|-activate|p2a: Annihilape|move: Protect\n|-activate|p1a: Arbeliever|move: Protect\n|-supereffective|p1b: Ceruledge\n|-damage|p1b: Ceruledge|41\/100\n|\n|-weather|Sandstorm|[upkeep]\n|-damage|p2a: Annihilape|82\/100|[from] Sandstorm\n|-damage|p1b: Ceruledge|35\/100|[from] Sandstorm\n|-damage|p1a: Arbeliever|83\/100|[from] Sandstorm\n|upkeep\n|turn|6\n|\n|t:|1683057312\n|-terastallize|p2a: Annihilape|Fire\n|move|p2a: Annihilape|Rage Fist|p1b: Ceruledge\n|-supereffective|p1b: Ceruledge\n|-damage|p1b: Ceruledge|0 fnt\n|faint|p1b: Ceruledge\n|move|p2b: Ting-Lu|Stomping Tantrum|p1a: Arbeliever\n|-supereffective|p1a: Arbeliever\n|-damage|p1a: Arbeliever|13\/100\n|-fieldstart|move: Grassy Terrain|[from] ability: Seed Sower|[of] p1a: Arbeliever\n|move|p1a: Arbeliever|Giga Drain|p2b: Ting-Lu\n|-supereffective|p2b: Ting-Lu\n|-damage|p2b: Ting-Lu|31\/100\n|-heal|p1a: Arbeliever|49\/100|[from] drain|[of] p2b: Ting-Lu\n|\n|-weather|Sandstorm|[upkeep]\n|-damage|p2a: Annihilape|75\/100|[from] Sandstorm\n|-damage|p1a: Arbeliever|43\/100|[from] Sandstorm\n|-heal|p2a: Annihilape|82\/100|[from] Grassy Terrain\n|-heal|p2b: Ting-Lu|36\/100|[from] Grassy Terrain\n|-heal|p1a: Arbeliever|49\/100|[from] Grassy Terrain\n|upkeep\n|\n|t:|1683057321\n|switch|p1b: Azumarill|Azumarill, L50, M|78\/100\n|turn|7\n|\n|t:|1683057345\n|move|p1a: Arbeliever|Protect|p1a: Arbeliever\n|-singleturn|p1a: Arbeliever|Protect\n|move|p1b: Azumarill|Aqua Jet|p2b: Ting-Lu\n|-supereffective|p2b: Ting-Lu\n|-damage|p2b: Ting-Lu|10\/100\n|-damage|p1b: Azumarill|68\/100|[from] item: Life Orb\n|move|p2a: Annihilape|Rage Fist|p1b: Azumarill\n|-damage|p1b: Azumarill|32\/100\n|move|p2b: Ting-Lu|Stomping Tantrum|p1a: Arbeliever\n|-activate|p1a: Arbeliever|move: Protect\n|\n|-weather|none\n|-heal|p2a: Annihilape|88\/100|[from] Grassy Terrain\n|-heal|p1b: Azumarill|38\/100|[from] Grassy Terrain\n|-heal|p2b: Ting-Lu|16\/100|[from] Grassy Terrain\n|-heal|p1a: Arbeliever|55\/100|[from] Grassy Terrain\n|upkeep\n|turn|8\n|\n|t:|1683057366\n|move|p1b: Azumarill|Aqua Jet|p2b: Ting-Lu\n|-supereffective|p2b: Ting-Lu\n|-damage|p2b: Ting-Lu|0 fnt\n|faint|p2b: Ting-Lu\n|-damage|p1b: Azumarill|28\/100|[from] item: Life Orb\n|move|p2a: Annihilape|Rage Fist|p1b: Azumarill\n|-damage|p1b: Azumarill|0 fnt\n|faint|p1b: Azumarill\n|move|p1a: Arbeliever|Earth Power|p2a: Annihilape\n|-supereffective|p2a: Annihilape\n|-damage|p2a: Annihilape|22\/100\n|-unboost|p2a: Annihilape|spd|1\n|-ability|p2a: Annihilape|Defiant|boost\n|-boost|p2a: Annihilape|atk|2\n|-enditem|p2a: Annihilape|Sitrus Berry|[eat]\n|-heal|p2a: Annihilape|47\/100|[from] item: Sitrus Berry\n|\n|-heal|p2a: Annihilape|53\/100|[from] Grassy Terrain\n|-heal|p1a: Arbeliever|61\/100|[from] Grassy Terrain\n|upkeep\n|\n|t:|1683057383\n|switch|p1b: Tyranitar|Tyranitar, L50, M|87\/100\n|switch|p2b: Iron Moth|Iron Moth, L50|95\/100\n|-weather|Sandstorm|[from] ability: Sand Stream|[of] p1b: Tyranitar\n|turn|9\n|\n|t:|1683057418\n|move|p2b: Iron Moth|Fiery Dance|p1a: Arbeliever\n|-resisted|p1a: Arbeliever\n|-damage|p1a: Arbeliever|43\/100\n|move|p2a: Annihilape|Drain Punch|p1b: Tyranitar\n|-supereffective|p1b: Tyranitar\n|-damage|p1b: Tyranitar|0 fnt\n|-heal|p2a: Annihilape|96\/100|[from] drain|[of] p1b: Tyranitar\n|faint|p1b: Tyranitar\n|move|p1a: Arbeliever|Earth Power|p2a: Annihilape\n|-supereffective|p2a: Annihilape\n|-damage|p2a: Annihilape|0 fnt\n|faint|p2a: Annihilape\n|\n|-weather|Sandstorm|[upkeep]\n|-damage|p2b: Iron Moth|89\/100|[from] Sandstorm\n|-damage|p1a: Arbeliever|37\/100|[from] Sandstorm\n|-heal|p2b: Iron Moth|95\/100|[from] Grassy Terrain\n|-heal|p1a: Arbeliever|43\/100|[from] Grassy Terrain\n|-sideend|p2: zarderino|Reflect\n|upkeep\n|turn|10\n|\n|t:|1683057434\n|move|p2b: Iron Moth|Sludge Wave|p1a: Arbeliever\n|-damage|p1a: Arbeliever|0 fnt\n|faint|p1a: Arbeliever\n|\n|win|zarderino\n|raw|Erikbound's rating: 1324 → 1309<\/strong> (-15 for losing)\n|raw|zarderino's rating: 1407 → 1422<\/strong> (+15 for winning)\n|l|\u2606Erikbound\n","uploadtime":1683057441,"views":11,"p1id":"erikbound","p2id":"zarderino","formatid":"gen9vgc2023regulationc","rating":1309,"private":0,"password":""}