{"id":"gen9vgc2023regulationc-1848293723","p1":"jAMES12D","p2":"ZKingofDeath","format":"[Gen 9] VGC 2023 Regulation C","log":"|j|\u2606jAMES12D\n|j|\u2606ZKingofDeath\n|t:|1682055119\n|gametype|doubles\n|player|p1|jAMES12D|101|1072\n|player|p2|ZKingofDeath|acetrainerf|1027\n|teamsize|p1|6\n|teamsize|p2|6\n|gen|9\n|tier|[Gen 9] VGC 2023 Regulation C\n|rated|\n|rule|Species Clause: Limit one of each Pok\u00e9mon\n|rule|Item Clause: Limit one of each item\n|clearpoke\n|poke|p1|Meowscarada, L50, M|\n|poke|p1|Flutter Mane, L50|\n|poke|p1|Armarouge, L50, F|\n|poke|p1|Indeedee-F, L50, F|\n|poke|p1|Gholdengo, L50|\n|poke|p1|Palafin, L50, F|\n|poke|p2|Oricorio-Sensu, L50, F|\n|poke|p2|Volcarona, L50, F|\n|poke|p2|Meowscarada, L50, F|\n|poke|p2|Hydreigon, L50, M|\n|poke|p2|Amoonguss, L50, F|\n|poke|p2|Flamigo, L50, F|\n|teampreview|4\n|\n|t:|1682055154\n|start\n|switch|p1a: Meowscarada|Meowscarada, L50, M|100\/100\n|switch|p1b: Flutter Mane|Flutter Mane, L50|100\/100\n|switch|p2a: WHICH BEST HEAD?|Hydreigon, L50, M|100\/100\n|switch|p2b: WHO IS THE SUSSY?|Amoonguss, L50, F|100\/100\n|-enditem|p1b: Flutter Mane|Booster Energy\n|-activate|p1b: Flutter Mane|ability: Protosynthesis|[fromitem]\n|-start|p1b: Flutter Mane|protosynthesisspa\n|turn|1\n|l|\u2606ZKingofDeath\n|player|p2|\n|j|\u2606ZKingofDeath\n|player|p2|ZKingofDeath|acetrainerf\n|\n|t:|1682055173\n|move|p2b: WHO IS THE SUSSY?|Rage Powder|p2b: WHO IS THE SUSSY?\n|-singleturn|p2b: WHO IS THE SUSSY?|move: Rage Powder\n|move|p1b: Flutter Mane|Shadow Ball|p2b: WHO IS THE SUSSY?\n|-damage|p2b: WHO IS THE SUSSY?|52\/100\n|move|p1a: Meowscarada|U-turn|p2b: WHO IS THE SUSSY?\n|-damage|p2b: WHO IS THE SUSSY?|32\/100\n|\n|t:|1682055182\n|switch|p1a: Indeedee|Indeedee-F, L50, F|100\/100|[from] U-turn\n|-fieldstart|move: Psychic Terrain|[from] ability: Psychic Surge|[of] p1a: Indeedee\n|-enditem|p1a: Indeedee|Psychic Seed\n|-boost|p1a: Indeedee|spd|1|[from] item: Psychic Seed\n|move|p2a: WHICH BEST HEAD?|Tailwind|p2a: WHICH BEST HEAD?\n|-sidestart|p2: ZKingofDeath|move: Tailwind\n|\n|upkeep\n|turn|2\n|inactive|Battle timer is ON: inactive players will automatically lose when time's up. (requested by jAMES12D)\n|\n|t:|1682055202\n|move|p1a: Indeedee|Follow Me|p1a: Indeedee\n|-singleturn|p1a: Indeedee|move: Follow Me\n|move|p2b: WHO IS THE SUSSY?|Rage Powder|p2b: WHO IS THE SUSSY?\n|-singleturn|p2b: WHO IS THE SUSSY?|move: Rage Powder\n|move|p2a: WHICH BEST HEAD?|Snarl|p1a: Indeedee|[spread] p1a,p1b\n|-supereffective|p1a: Indeedee\n|-damage|p1a: Indeedee|75\/100\n|-damage|p1b: Flutter Mane|78\/100\n|-unboost|p1a: Indeedee|spa|1\n|-unboost|p1b: Flutter Mane|spa|1\n|move|p1b: Flutter Mane|Moonblast|p2b: WHO IS THE SUSSY?\n|-resisted|p2b: WHO IS THE SUSSY?\n|-damage|p2b: WHO IS THE SUSSY?|12\/100\n|\n|upkeep\n|turn|3\n|\n|t:|1682055222\n|move|p1b: Flutter Mane|Protect|p1b: Flutter Mane\n|-singleturn|p1b: Flutter Mane|Protect\n|move|p2b: WHO IS THE SUSSY?|Rage Powder|p2b: WHO IS THE SUSSY?\n|-singleturn|p2b: WHO IS THE SUSSY?|move: Rage Powder\n|move|p2a: WHICH BEST HEAD?|Snarl|p1a: Indeedee|[spread] p1a\n|-activate|p1b: Flutter Mane|move: Protect\n|-supereffective|p1a: Indeedee\n|-damage|p1a: Indeedee|49\/100\n|-unboost|p1a: Indeedee|spa|1\n|move|p1a: Indeedee|Psyshock|p2b: WHO IS THE SUSSY?\n|-supereffective|p2b: WHO IS THE SUSSY?\n|-damage|p2b: WHO IS THE SUSSY?|0 fnt\n|faint|p2b: WHO IS THE SUSSY?\n|\n|upkeep\n|\n|t:|1682055238\n|switch|p2b: BIRB OF DOOMGE|Oricorio-Sensu, L50, F|100\/100\n|turn|4\n|\n|t:|1682055249\n|-terastallize|p2b: BIRB OF DOOMGE|Fire\n|move|p1a: Indeedee|Follow Me|p1a: Indeedee\n|-singleturn|p1a: Indeedee|move: Follow Me\n|move|p2b: BIRB OF DOOMGE|Quiver Dance|p2b: BIRB OF DOOMGE\n|-boost|p2b: BIRB OF DOOMGE|spa|1\n|-boost|p2b: BIRB OF DOOMGE|spd|1\n|-boost|p2b: BIRB OF DOOMGE|spe|1\n|move|p2a: WHICH BEST HEAD?|Draco Meteor|p1a: Indeedee\n|-damage|p1a: Indeedee|8\/100\n|-unboost|p2a: WHICH BEST HEAD?|spa|2\n|move|p1b: Flutter Mane|Moonblast|p2a: WHICH BEST HEAD?\n|-supereffective|p2a: WHICH BEST HEAD?\n|-damage|p2a: WHICH BEST HEAD?|0 fnt\n|faint|p2a: WHICH BEST HEAD?\n|\n|-sideend|p2: ZKingofDeath|move: Tailwind\n|upkeep\n|\n|t:|1682055252\n|switch|p2a: INSECT OF DOOMGE|Volcarona, L50, F|100\/100\n|turn|5\n|\n|t:|1682055267\n|move|p1a: Indeedee|Follow Me|p1a: Indeedee\n|-singleturn|p1a: Indeedee|move: Follow Me\n|move|p2b: BIRB OF DOOMGE|Quiver Dance|p2b: BIRB OF DOOMGE\n|-boost|p2b: BIRB OF DOOMGE|spa|1\n|-boost|p2b: BIRB OF DOOMGE|spd|1\n|-boost|p2b: BIRB OF DOOMGE|spe|1\n|move|p1b: Flutter Mane|Power Gem|p2b: BIRB OF DOOMGE\n|-supereffective|p2b: BIRB OF DOOMGE\n|-damage|p2b: BIRB OF DOOMGE|61\/100\n|move|p2a: INSECT OF DOOMGE|Quiver Dance|p2a: INSECT OF DOOMGE\n|-boost|p2a: INSECT OF DOOMGE|spa|1\n|-boost|p2a: INSECT OF DOOMGE|spd|1\n|-boost|p2a: INSECT OF DOOMGE|spe|1\n|-activate|p2b: BIRB OF DOOMGE|ability: Dancer\n|move|p2b: BIRB OF DOOMGE|Quiver Dance|p2b: BIRB OF DOOMGE|[from]ability: Dancer\n|-boost|p2b: BIRB OF DOOMGE|spa|1\n|-boost|p2b: BIRB OF DOOMGE|spd|1\n|-boost|p2b: BIRB OF DOOMGE|spe|1\n|\n|-heal|p2b: BIRB OF DOOMGE|67\/100|[from] item: Leftovers\n|-fieldend|move: Psychic Terrain\n|upkeep\n|turn|6\n|\n|t:|1682055289\n|move|p1a: Indeedee|Helping Hand|p1b: Flutter Mane\n|-singleturn|p1b: Flutter Mane|Helping Hand|[of] p1a: Indeedee\n|move|p2b: BIRB OF DOOMGE|Protect|p2b: BIRB OF DOOMGE\n|-singleturn|p2b: BIRB OF DOOMGE|Protect\n|move|p2a: INSECT OF DOOMGE|Fiery Dance|p1b: Flutter Mane\n|-damage|p1b: Flutter Mane|4\/100\n|-boost|p2a: INSECT OF DOOMGE|spa|1\n|-activate|p2b: BIRB OF DOOMGE|ability: Dancer\n|move|p2b: BIRB OF DOOMGE|Fiery Dance|p1b: Flutter Mane|[from]ability: Dancer\n|-damage|p1b: Flutter Mane|0 fnt\n|faint|p1b: Flutter Mane\n|-end|p1b: Flutter Mane|Protosynthesis|[silent]\n|\n|-heal|p2b: BIRB OF DOOMGE|73\/100|[from] item: Leftovers\n|upkeep\n|\n|t:|1682055307\n|switch|p1b: Armarouge|Armarouge, L50, F, shiny|100\/100\n|turn|7\n|inactive|ZKingofDeath has 30 seconds left.\n|\n|t:|1682055339\n|move|p1a: Indeedee|Follow Me|p1a: Indeedee\n|-singleturn|p1a: Indeedee|move: Follow Me\n|move|p2b: BIRB OF DOOMGE|Air Slash|p1a: Indeedee\n|-damage|p1a: Indeedee|0 fnt\n|faint|p1a: Indeedee\n|move|p2a: INSECT OF DOOMGE|Fiery Dance|p1b: Armarouge\n|-resisted|p1b: Armarouge\n|-damage|p1b: Armarouge|50\/100\n|-activate|p2b: BIRB OF DOOMGE|ability: Dancer\n|move|p2b: BIRB OF DOOMGE|Fiery Dance|p1b: Armarouge|[from]ability: Dancer\n|-resisted|p1b: Armarouge\n|-damage|p1b: Armarouge|0 fnt\n|-boost|p2b: BIRB OF DOOMGE|spa|1\n|faint|p1b: Armarouge\n|\n|-heal|p2b: BIRB OF DOOMGE|79\/100|[from] item: Leftovers\n|upkeep\n|-message|jAMES12D forfeited.\n|\n|win|ZKingofDeath\n|raw|jAMES12D's rating: 1072 → 1049<\/strong> (-23 for losing)\n|raw|ZKingofDeath's rating: 1027 → 1068<\/strong> (+41 for winning)\n|l|\u2606jAMES12D\n","uploadtime":1682055388,"views":8,"p1id":"james12d","p2id":"zkingofdeath","formatid":"gen9vgc2023regulationc","rating":1049,"private":0,"password":""}