{"id":"gen9vgc2023regulationc-1850354844","p1":"Foffa","p2":"Nukoshowdown","format":"[Gen 9] VGC 2023 Regulation C","log":"|j|\u2606Foffa\n|j|\u2606Nukoshowdown\n|t:|1682323665\n|gametype|doubles\n|player|p1|Foffa|265|1242\n|player|p2|Nukoshowdown|170|1291\n|teamsize|p1|6\n|teamsize|p2|6\n|gen|9\n|tier|[Gen 9] VGC 2023 Regulation C\n|rated|\n|rule|Species Clause: Limit one of each Pok\u00e9mon\n|rule|Item Clause: Limit one of each item\n|clearpoke\n|poke|p1|Ting-Lu, L50|\n|poke|p1|Arcanine, L50, F|\n|poke|p1|Amoonguss, L50, M|\n|poke|p1|Flutter Mane, L50|\n|poke|p1|Corviknight, L50, M|\n|poke|p1|Gastrodon, L50, M|\n|poke|p2|Braviary, L50, M|\n|poke|p2|Ceruledge, L50, M|\n|poke|p2|Arcanine, L50, M|\n|poke|p2|Amoonguss, L50, F|\n|poke|p2|Palafin, L50, F|\n|poke|p2|Flutter Mane, L50|\n|teampreview|4\n|\n|t:|1682323708\n|start\n|switch|p1a: Flutter Mane|Flutter Mane, L50|100\/100\n|switch|p1b: Gastrodon|Gastrodon, L50, M|100\/100\n|switch|p2a: Braviary|Braviary, L50, M|100\/100\n|switch|p2b: ChiYu|Arcanine, L50, M|100\/100\n|-ability|p2b: ChiYu|Intimidate|boost\n|-unboost|p1a: Flutter Mane|atk|1\n|-unboost|p1b: Gastrodon|atk|1\n|turn|1\n|\n|t:|1682323742\n|-end|p1a: Flutter Mane|Protosynthesis|[silent]\n|switch|p1a: Corviknight|Corviknight, L50, M|100\/100\n|switch|p2b: WoChien|Amoonguss, L50, F|100\/100\n|move|p2a: Braviary|Brave Bird|p1a: Corviknight\n|-resisted|p1a: Corviknight\n|-damage|p1a: Corviknight|72\/100\n|-damage|p2a: Braviary|90\/100|[from] Recoil\n|move|p1b: Gastrodon|Earth Power|p2b: WoChien\n|-damage|p2b: WoChien|62\/100\n|\n|upkeep\n|turn|2\n|\n|t:|1682323775\n|switch|p2a: Ceruledge|Ceruledge, L50, M|100\/100\n|switch|p1b: Ting-Lu|Ting-Lu, L50|100\/100\n|-ability|p1b: Ting-Lu|Vessel of Ruin\n|move|p2b: WoChien|Protect|p2b: WoChien\n|-singleturn|p2b: WoChien|Protect\n|move|p1a: Corviknight|Brave Bird|p2b: WoChien\n|-activate|p2b: WoChien|move: Protect\n|\n|upkeep\n|turn|3\n|\n|t:|1682323803\n|switch|p2a: Braviary|Braviary, L50, M|90\/100\n|-terastallize|p1a: Corviknight|Water\n|-terastallize|p2b: WoChien|Water\n|move|p1a: Corviknight|Brave Bird|p2b: WoChien\n|-damage|p2b: WoChien|28\/100\n|-enditem|p2b: WoChien|Sitrus Berry|[eat]\n|-heal|p2b: WoChien|53\/100|[from] item: Sitrus Berry\n|-damage|p1a: Corviknight|58\/100|[from] Recoil\n|move|p1b: Ting-Lu|Stomping Tantrum|p2a: Braviary\n|-immune|p2a: Braviary\n|move|p2b: WoChien|Spore|p1b: Ting-Lu\n|-status|p1b: Ting-Lu|slp|[from] move: Spore\n|\n|upkeep\n|turn|4\n|\n|t:|1682323826\n|switch|p2b: ChiYu|Arcanine, L50, M|100\/100\n|-ability|p2b: ChiYu|Intimidate|boost\n|-ability|p1a: Corviknight|Mirror Armor\n|-unboost|p2b: ChiYu|atk|1\n|-unboost|p1b: Ting-Lu|atk|1\n|move|p2a: Braviary|Brave Bird|p1a: Corviknight\n|-damage|p1a: Corviknight|7\/100\n|-damage|p2a: Braviary|72\/100|[from] Recoil\n|move|p1a: Corviknight|Bulk Up|p1a: Corviknight\n|-boost|p1a: Corviknight|atk|1\n|-boost|p1a: Corviknight|def|1\n|cant|p1b: Ting-Lu|slp\n|\n|upkeep\n|turn|5\n|\n|t:|1682323853\n|switch|p1b: Flutter Mane|Flutter Mane, L50|100\/100\n|move|p2b: ChiYu|Extreme Speed|p1a: Corviknight\n|-damage|p1a: Corviknight|0 fnt\n|faint|p1a: Corviknight\n|move|p2a: Braviary|Brave Bird|p1b: Flutter Mane\n|-damage|p1b: Flutter Mane|0 fnt\n|faint|p1b: Flutter Mane\n|-end|p1b: Flutter Mane|Protosynthesis|[silent]\n|-damage|p2a: Braviary|42\/100|[from] Recoil\n|\n|upkeep\n|-message|Foffa forfeited.\n|\n|win|Nukoshowdown\n|raw|Foffa's rating: 1242 → 1221<\/strong> (-21 for losing)\n|raw|Nukoshowdown's rating: 1291 → 1312<\/strong> (+21 for winning)\n|l|\u2606Foffa\n","uploadtime":1682323872,"views":23,"p1id":"foffa","p2id":"nukoshowdown","formatid":"gen9vgc2023regulationc","rating":1221,"private":0,"password":""}