{"id":"gen9vgc2023regulationc-1861136856","p1":"Poketata","p2":"PingouinManchot","format":"[Gen 9] VGC 2023 Regulation C","log":"|j|\u2606Poketata\n|j|\u2606PingouinManchot\n|t:|1683729814\n|gametype|doubles\n|player|p1|Poketata|265|1114\n|player|p2|PingouinManchot|2|1015\n|teamsize|p1|5\n|teamsize|p2|6\n|gen|9\n|tier|[Gen 9] VGC 2023 Regulation C\n|rated|\n|rule|Species Clause: Limit one of each Pok\u00e9mon\n|rule|Item Clause: Limit one of each item\n|clearpoke\n|poke|p1|Electrode, L50|\n|poke|p1|Cloyster, L50, F|\n|poke|p1|Corviknight, L50, F|\n|poke|p1|Garchomp, L50, F|\n|poke|p1|Iron Valiant, L50|\n|poke|p2|Palafin, L50, F|\n|poke|p2|Arcanine, L50, F|\n|poke|p2|Flutter Mane, L50|\n|poke|p2|Hydreigon, L50, F|\n|poke|p2|Corviknight, L50, F|\n|poke|p2|Great Tusk, L50|\n|teampreview|4\n|inactive|Battle timer is ON: inactive players will automatically lose when time's up. (requested by Poketata)\nPoketata has agreed to open team sheets.\nPingouinManchot has agreed to open team sheets.\n|inactive|Poketata has 60 seconds left.\n|inactive|PingouinManchot has 60 seconds left.\n|inactive|Poketata has 30 seconds left.\n|\n|t:|1683729880\n|start\n|switch|p1a: Cloyster|Cloyster, L50, F, shiny|100\/100\n|switch|p1b: Electrode|Electrode, L50, shiny|100\/100\n|switch|p2a: Great Tusk|Great Tusk, L50|100\/100\n|switch|p2b: Palafin|Palafin, L50, F|100\/100\n|turn|1\n|inactive|Poketata has 30 seconds left.\n|\n|t:|1683729911\n|switch|p1b: Corviknight|Corviknight, L50, F, shiny|100\/100\n|-ability|p1b: Corviknight|Unnerve\n|detailschange|p2b: Palafin|Palafin-Hero, L50, F\n|switch|p2b: Arcanine|Arcanine, L50, F|100\/100\n|-ability|p2b: Arcanine|Intimidate|boost\n|-unboost|p1a: Cloyster|atk|1\n|-unboost|p1b: Corviknight|atk|1\n|move|p2a: Great Tusk|Taunt|p1a: Cloyster\n|-start|p1a: Cloyster|move: Taunt\n|cant|p1a: Cloyster|move: Taunt|Shell Smash\n|\n|upkeep\n|turn|2\n|inactive|PingouinManchot has 30 seconds left.\n|\n|t:|1683729939\n|move|p2a: Great Tusk|Close Combat|p1a: Cloyster\n|-supereffective|p1a: Cloyster\n|-damage|p1a: Cloyster|16\/100\n|-unboost|p2a: Great Tusk|def|1\n|-unboost|p2a: Great Tusk|spd|1\n|move|p2b: Arcanine|Flare Blitz|p1b: Corviknight\n|-supereffective|p1b: Corviknight\n|-damage|p1b: Corviknight|20\/100\n|-damage|p2b: Arcanine|73\/100|[from] Recoil\n|move|p1a: Cloyster|Rock Blast|p2b: Arcanine\n|-supereffective|p2b: Arcanine\n|-damage|p2b: Arcanine|63\/100\n|-supereffective|p2b: Arcanine\n|-damage|p2b: Arcanine|54\/100\n|-supereffective|p2b: Arcanine\n|-damage|p2b: Arcanine|45\/100\n|-supereffective|p2b: Arcanine\n|-damage|p2b: Arcanine|35\/100\n|-supereffective|p2b: Arcanine\n|-damage|p2b: Arcanine|25\/100\n|-hitcount|p2b: Arcanine|5\n|move|p1b: Corviknight|Brave Bird|p2a: Great Tusk\n|-supereffective|p2a: Great Tusk\n|-damage|p2a: Great Tusk|44\/100\n|-damage|p1b: Corviknight|2\/100|[from] Recoil\n|\n|upkeep\n|turn|3\n|inactive|Poketata has 30 seconds left.\n|inactive|PingouinManchot has 30 seconds left.\n|inactive|Poketata has 20 seconds left.\n|inactive|PingouinManchot has 20 seconds left.\n|inactive|Poketata has 15 seconds left.\n|inactive|Poketata has 10 seconds left.\n|\n|t:|1683729988\n|switch|p1a: Iron Valiant|Iron Valiant, L50, shiny|100\/100\n|-enditem|p1a: Iron Valiant|Booster Energy\n|-activate|p1a: Iron Valiant|ability: Quark Drive|[fromitem]\n|-start|p1a: Iron Valiant|quarkdriveatk\n|move|p1b: Corviknight|Protect|p1b: Corviknight\n|-singleturn|p1b: Corviknight|Protect\n|move|p2a: Great Tusk|Close Combat|p1a: Iron Valiant\n|-resisted|p1a: Iron Valiant\n|-damage|p1a: Iron Valiant|64\/100\n|-unboost|p2a: Great Tusk|def|1\n|-unboost|p2a: Great Tusk|spd|1\n|move|p2b: Arcanine|Flare Blitz|p1b: Corviknight\n|-activate|p1b: Corviknight|move: Protect\n|\n|upkeep\n|turn|4\n|inactive|PingouinManchot has 30 seconds left.\n|inactive|Poketata has 30 seconds left.\n|\n|t:|1683730021\n|switch|p1b: Cloyster|Cloyster, L50, F, shiny|16\/100\n|move|p2b: Arcanine|Protect|p2b: Arcanine\n|-singleturn|p2b: Arcanine|Protect\n|move|p2a: Great Tusk|Earthquake|p1a: Iron Valiant|[spread] p1a,p1b\n|-activate|p2b: Arcanine|move: Protect\n|-damage|p1a: Iron Valiant|14\/100\n|-damage|p1b: Cloyster|0 fnt\n|faint|p1b: Cloyster\n|move|p1a: Iron Valiant|Spirit Break|p2a: Great Tusk\n|-supereffective|p2a: Great Tusk\n|-crit|p2a: Great Tusk\n|-damage|p2a: Great Tusk|0 fnt\n|faint|p2a: Great Tusk\n|-end|p2a: Great Tusk|Protosynthesis|[silent]\n|\n|upkeep\n|\n|t:|1683730037\n|switch|p2a: Flutter Mane|Flutter Mane, L50|100\/100\n|switch|p1b: Corviknight|Corviknight, L50, F, shiny|2\/100\n|-ability|p1b: Corviknight|Unnerve\n|-enditem|p2a: Flutter Mane|Booster Energy\n|-activate|p2a: Flutter Mane|ability: Protosynthesis|[fromitem]\n|-start|p2a: Flutter Mane|protosynthesisspa\n|turn|5\n|\n|t:|1683730051\n|move|p2b: Arcanine|Extreme Speed|p1a: Iron Valiant\n|-damage|p1a: Iron Valiant|0 fnt\n|faint|p1a: Iron Valiant\n|-end|p1a: Iron Valiant|Quark Drive|[silent]\n|move|p2a: Flutter Mane|Dazzling Gleam|p1b: Corviknight\n|-resisted|p1b: Corviknight\n|-damage|p1b: Corviknight|0 fnt\n|faint|p1b: Corviknight\n|\n|upkeep\n|\n|t:|1683730061\n|switch|p1a: Electrode|Electrode, L50, shiny|100\/100\n|turn|6\n|inactive|PingouinManchot has 30 seconds left.\n|\n|t:|1683730094\n|move|p2a: Flutter Mane|Protect|p2a: Flutter Mane\n|-singleturn|p2a: Flutter Mane|Protect\n|move|p1a: Electrode|Thunderbolt|p2b: Arcanine\n|-damage|p2b: Arcanine|0 fnt\n|faint|p2b: Arcanine\n|\n|upkeep\n|\n|t:|1683730096\n|switch|p2b: Palafin|Palafin-Hero, L50, F|100\/100\n|-activate|p2b: Palafin|ability: Zero to Hero\n|turn|7\n|\n|t:|1683730108\n|-terastallize|p1a: Electrode|Grass\n|move|p2b: Palafin|Jet Punch|p1a: Electrode\n|-resisted|p1a: Electrode\n|-damage|p1a: Electrode|62\/100\n|move|p1a: Electrode|Thunderbolt|p2b: Palafin\n|-supereffective|p2b: Palafin\n|-damage|p2b: Palafin|27\/100\n|move|p2a: Flutter Mane|Shadow Ball|p1a: Electrode\n|-damage|p1a: Electrode|0 fnt\n|faint|p1a: Electrode\n|\n|win|PingouinManchot\n|raw|Poketata's rating: 1114 → 1082<\/strong> (-32 for losing)\n|raw|PingouinManchot's rating: 1015 → 1063<\/strong> (+48 for winning)\n|l|\u2606PingouinManchot\n","uploadtime":1683730124,"views":9,"p1id":"poketata","p2id":"pingouinmanchot","formatid":"gen9vgc2023regulationc","rating":1063,"private":0,"password":""}