{"id":"gen9vgc2023regulationc-1846774122","p1":"vividcandy","p2":"hoogo moogo","format":"[Gen 9] VGC 2023 Regulation C","log":"|j|\u2606vividcandy\n|j|\u2606hoogo moogo\n|t:|1681877175\n|gametype|doubles\n|player|p1|vividcandy|265|1359\n|player|p2|hoogo moogo|265|1271\n|teamsize|p1|6\n|teamsize|p2|6\n|gen|9\n|tier|[Gen 9] VGC 2023 Regulation C\n|rated|\n|rule|Species Clause: Limit one of each Pok\u00e9mon\n|rule|Item Clause: Limit one of each item\n|clearpoke\n|poke|p1|Lycanroc, L50, F|\n|poke|p1|Tyranitar, L50, F|\n|poke|p1|Iron Bundle, L50|\n|poke|p1|Dragonite, L50, M|\n|poke|p1|Amoonguss, L50, M|\n|poke|p1|Flutter Mane, L50|\n|poke|p2|Ting-Lu, L50|\n|poke|p2|Kingambit, L50, F|\n|poke|p2|Gyarados, L50, F|\n|poke|p2|Flutter Mane, L50|\n|poke|p2|Amoonguss, L50, M|\n|poke|p2|Baxcalibur, L50, M|\n|teampreview|4\n|inactive|Battle timer is ON: inactive players will automatically lose when time's up. (requested by vividcandy)\n|inactive|hoogo moogo has 60 seconds left.\n|\n|t:|1681877269\n|start\n|switch|p1a: Iron Bundle|Iron Bundle, L50|100\/100\n|switch|p1b: Flutter Mane|Flutter Mane, L50|100\/100\n|switch|p2a: Ting-Lu|Ting-Lu, L50|100\/100\n|switch|p2b: Baxcalibur|Baxcalibur, L50, M|100\/100\n|-ability|p2a: Ting-Lu|Vessel of Ruin\n|-enditem|p1a: Iron Bundle|Booster Energy\n|-activate|p1a: Iron Bundle|ability: Quark Drive|[fromitem]\n|-start|p1a: Iron Bundle|quarkdrivespe\n|turn|1\n|inactive|vividcandy has 30 seconds left.\n|inactive|hoogo moogo has 30 seconds left.\n|inactive|vividcandy has 20 seconds left.\n|inactive|vividcandy has 15 seconds left.\n|\n|t:|1681877312\n|-terastallize|p2a: Ting-Lu|Ground\n|move|p2b: Baxcalibur|Protect|p2b: Baxcalibur\n|-singleturn|p2b: Baxcalibur|Protect\n|move|p1a: Iron Bundle|Freeze-Dry|p2a: Ting-Lu\n|-supereffective|p2a: Ting-Lu\n|-damage|p2a: Ting-Lu|64\/100\n|move|p1b: Flutter Mane|Dazzling Gleam|p2b: Baxcalibur|[spread] p2a\n|-activate|p2b: Baxcalibur|move: Protect\n|-damage|p2a: Ting-Lu|43\/100\n|move|p2a: Ting-Lu|Earthquake|p1b: Flutter Mane|[spread] p1a,p1b\n|-activate|p2b: Baxcalibur|move: Protect\n|-damage|p1a: Iron Bundle|16\/100\n|-damage|p1b: Flutter Mane|0 fnt\n|faint|p1b: Flutter Mane\n|-end|p1b: Flutter Mane|Protosynthesis|[silent]\n|\n|upkeep\n|inactive|vividcandy has 30 seconds left.\n|\n|t:|1681877344\n|switch|p1b: Lycanroc|Lycanroc, L50, F|100\/100\n|turn|2\n|inactive|vividcandy has 30 seconds left.\n|inactive|hoogo moogo has 30 seconds left.\n|inactive|vividcandy has 20 seconds left.\n|inactive|hoogo moogo has 20 seconds left.\n|inactive|hoogo moogo has 15 seconds left.\n|\n|t:|1681877384\n|switch|p2a: Kingambit|Kingambit, L50, F|100\/100\n|-terastallize|p1b: Lycanroc|Rock\n|move|p1a: Iron Bundle|Hydro Pump|p2a: Kingambit\n|-damage|p2a: Kingambit|67\/100\n|move|p1b: Lycanroc|Rock Slide|p2b: Baxcalibur|[spread] p2a,p2b\n|-resisted|p2a: Kingambit\n|-supereffective|p2b: Baxcalibur\n|-damage|p2a: Kingambit|45\/100\n|-damage|p2b: Baxcalibur|0 fnt\n|faint|p2b: Baxcalibur\n|\n|upkeep\n|\n|t:|1681877405\n|switch|p2b: Gyarados|Gyarados, L50, F|100\/100\n|-ability|p2b: Gyarados|Intimidate|boost\n|-unboost|p1a: Iron Bundle|atk|1\n|-unboost|p1b: Lycanroc|atk|1\n|turn|3\n|\n|t:|1681877418\n|-end|p1a: Iron Bundle|Quark Drive|[silent]\n|switch|p1a: Tyranitar|Tyranitar, L50, F|100\/100\n|-weather|Sandstorm|[from] ability: Sand Stream|[of] p1a: Tyranitar\n|move|p2a: Kingambit|Sucker Punch||[still]\n|-fail|p2a: Kingambit\n|move|p1b: Lycanroc|Rock Slide|p2a: Kingambit|[spread] p2b\n|-miss|p1b: Lycanroc|p2a: Kingambit\n|-supereffective|p2b: Gyarados\n|-damage|p2b: Gyarados|21\/100\n|move|p2b: Gyarados|Waterfall|p1b: Lycanroc\n|-supereffective|p1b: Lycanroc\n|-damage|p1b: Lycanroc|0 fnt\n|faint|p1b: Lycanroc\n|\n|-weather|Sandstorm|[upkeep]\n|upkeep\n|\n|t:|1681877435\n|switch|p1b: Iron Bundle|Iron Bundle, L50|16\/100\n|turn|4\n|\n|t:|1681877451\n|switch|p2b: Ting-Lu|Ting-Lu, L50, tera:Ground|43\/100\n|-ability|p2b: Ting-Lu|Vessel of Ruin\n|move|p1b: Iron Bundle|Protect|p1b: Iron Bundle\n|-singleturn|p1b: Iron Bundle|Protect\n|move|p1a: Tyranitar|Low Kick|p2a: Kingambit\n|-supereffective|p2a: Kingambit\n|-damage|p2a: Kingambit|0 fnt\n|faint|p2a: Kingambit\n|\n|-weather|Sandstorm|[upkeep]\n|-damage|p1b: Iron Bundle|10\/100|[from] Sandstorm\n|upkeep\n|\n|t:|1681877460\n|switch|p2a: Gyarados|Gyarados, L50, F|21\/100\n|-ability|p2a: Gyarados|Intimidate|boost\n|-unboost|p1a: Tyranitar|atk|1\n|-unboost|p1b: Iron Bundle|atk|1\n|turn|5\n|inactive|hoogo moogo has 30 seconds left.\n|\n|t:|1681877486\n|move|p1b: Iron Bundle|Icy Wind|p2a: Gyarados|[spread] p2a,p2b\n|-supereffective|p2b: Ting-Lu\n|-damage|p2a: Gyarados|7\/100\n|-damage|p2b: Ting-Lu|19\/100\n|-unboost|p2a: Gyarados|spe|1\n|-unboost|p2b: Ting-Lu|spe|1\n|move|p1a: Tyranitar|Rock Slide|p2a: Gyarados|[spread] p2a,p2b\n|-supereffective|p2a: Gyarados\n|-resisted|p2b: Ting-Lu\n|-crit|p2b: Ting-Lu\n|-damage|p2a: Gyarados|0 fnt\n|-damage|p2b: Ting-Lu|5\/100\n|faint|p2a: Gyarados\n|move|p2b: Ting-Lu|Earthquake|p1a: Tyranitar|[spread] p1a,p1b\n|-supereffective|p1a: Tyranitar\n|-damage|p1a: Tyranitar|0 fnt\n|-damage|p1b: Iron Bundle|0 fnt\n|faint|p1a: Tyranitar\n|faint|p1b: Iron Bundle\n|-end|p1b: Iron Bundle|Quark Drive|[silent]\n|\n|win|hoogo moogo\n|raw|vividcandy's rating: 1359 → 1334<\/strong> (-25 for losing)\n|raw|hoogo moogo's rating: 1271 → 1302<\/strong> (+31 for winning)\n|l|\u2606vividcandy\n","uploadtime":1681877510,"views":13,"p1id":"vividcandy","p2id":"hoogomoogo","formatid":"gen9vgc2023regulationc","rating":1302,"private":0,"password":""}