{"id":"gen9vgc2023regulationc-1845195599","p1":"qzy1993","p2":"Loafus06","format":"[Gen 9] VGC 2023 Regulation C","log":"|j|\u2606qzy1993\n|j|\u2606Loafus06\n|t:|1681695001\n|gametype|doubles\n|player|p1|qzy1993|266|1060\n|player|p2|Loafus06|burnet|1124\n|teamsize|p1|6\n|teamsize|p2|6\n|gen|9\n|tier|[Gen 9] VGC 2023 Regulation C\n|rated|\n|rule|Species Clause: Limit one of each Pok\u00e9mon\n|rule|Item Clause: Limit one of each item\n|clearpoke\n|poke|p1|Iron Valiant, L50|\n|poke|p1|Toxapex, L50, M|\n|poke|p1|Meowscarada, L50, F|\n|poke|p1|Kingambit, L50, F|\n|poke|p1|Flutter Mane, L50|\n|poke|p1|Pelipper, L50, M|\n|poke|p2|Espathra, L50, M|\n|poke|p2|Sandy Shocks, L50|\n|poke|p2|Palafin, L50, M|\n|poke|p2|Ting-Lu, L50|\n|poke|p2|Arcanine, L50, M|\n|poke|p2|Iron Hands, L50|\n|teampreview|4\n|inactive|Battle timer is ON: inactive players will automatically lose when time's up. (requested by Loafus06)\n|inactive|qzy1993 has 60 seconds left.\n|\n|t:|1681695053\n|start\n|switch|p1a: Pelipper|Pelipper, L50, M|100\/100\n|switch|p1b: Iron Valiant|Iron Valiant, L50|100\/100\n|switch|p2a: Espathra|Espathra, L50, M|100\/100\n|switch|p2b: Sandy Shocks|Sandy Shocks, L50|100\/100\n|-weather|RainDance|[from] ability: Drizzle|[of] p1a: Pelipper\n|-enditem|p2b: Sandy Shocks|Booster Energy\n|-activate|p2b: Sandy Shocks|ability: Protosynthesis|[fromitem]\n|-start|p2b: Sandy Shocks|protosynthesisspe\n|turn|1\n|inactive|qzy1993 has 30 seconds left.\n|inactive|Loafus06 has 30 seconds left.\n|inactive|qzy1993 has 20 seconds left.\n|inactive|qzy1993 has 15 seconds left.\n|inactive|qzy1993 has 10 seconds left.\n|\n|t:|1681695101\n|-end|p1b: Iron Valiant|Quark Drive|[silent]\n|switch|p1b: Kingambit|Kingambit, L50, F|100\/100\n|move|p2b: Sandy Shocks|Thunder|p1a: Pelipper\n|-supereffective|p1a: Pelipper\n|-damage|p1a: Pelipper|0 fnt\n|faint|p1a: Pelipper\n|move|p2a: Espathra|Dazzling Gleam|p1b: Kingambit\n|-damage|p1b: Kingambit|86\/100\n|\n|-weather|RainDance|[upkeep]\n|-ability|p2a: Espathra|Speed Boost|boost\n|-boost|p2a: Espathra|spe|1\n|upkeep\n|\n|t:|1681695117\n|switch|p1a: Iron Valiant|Iron Valiant, L50|100\/100\n|turn|2\n|\n|t:|1681695136\n|-terastallize|p1b: Kingambit|Fairy\n|move|p2a: Espathra|Hypnosis|p1b: Kingambit\n|-status|p1b: Kingambit|slp|[from] move: Hypnosis\n|move|p2b: Sandy Shocks|Gravity|p2b: Sandy Shocks\n|-fieldstart|move: Gravity\n|move|p1a: Iron Valiant|Spirit Break|p2b: Sandy Shocks\n|-damage|p2b: Sandy Shocks|39\/100\n|-unboost|p2b: Sandy Shocks|spa|1\n|-damage|p1a: Iron Valiant|90\/100|[from] item: Life Orb\n|cant|p1b: Kingambit|slp\n|\n|-weather|RainDance|[upkeep]\n|-ability|p2a: Espathra|Speed Boost|boost\n|-boost|p2a: Espathra|spe|1\n|upkeep\n|turn|3\n|inactive|qzy1993 has 30 seconds left.\n|\n|t:|1681695167\n|move|p2a: Espathra|Lumina Crash|p1b: Kingambit\n|-damage|p1b: Kingambit|65\/100 slp\n|-unboost|p1b: Kingambit|spd|2\n|-ability|p1b: Kingambit|Defiant|boost\n|-boost|p1b: Kingambit|atk|2\n|move|p2b: Sandy Shocks|Thunder|p1b: Kingambit\n|-damage|p1b: Kingambit|18\/100 slp\n|move|p1a: Iron Valiant|Spirit Break|p2b: Sandy Shocks\n|-damage|p2b: Sandy Shocks|0 fnt\n|faint|p2b: Sandy Shocks\n|-end|p2b: Sandy Shocks|Protosynthesis|[silent]\n|-damage|p1a: Iron Valiant|80\/100|[from] item: Life Orb\n|-curestatus|p1b: Kingambit|slp|[msg]\n|move|p1b: Kingambit|Tera Blast|p2a: Espathra\n|-enditem|p2a: Espathra|Focus Sash\n|-damage|p2a: Espathra|1\/100\n|\n|-weather|RainDance|[upkeep]\n|-ability|p2a: Espathra|Speed Boost|boost\n|-boost|p2a: Espathra|spe|1\n|upkeep\n|\n|t:|1681695179\n|switch|p2b: Palafin|Palafin, L50, M|100\/100\n|turn|4\n|\n|t:|1681695197\n|detailschange|p2b: Palafin|Palafin-Hero, L50, M\n|switch|p2b: Arcanine|Arcanine, L50, M|100\/100\n|-ability|p2b: Arcanine|Intimidate|boost\n|-unboost|p1a: Iron Valiant|atk|1\n|-unboost|p1b: Kingambit|atk|1\n|-ability|p1b: Kingambit|Defiant|boost\n|-boost|p1b: Kingambit|atk|2\n|move|p1b: Kingambit|Sucker Punch|p2a: Espathra\n|-supereffective|p2a: Espathra\n|-damage|p2a: Espathra|0 fnt\n|faint|p2a: Espathra\n|move|p1a: Iron Valiant|Close Combat|p2b: Arcanine\n|-damage|p2b: Arcanine|46\/100\n|-unboost|p1a: Iron Valiant|def|1\n|-unboost|p1a: Iron Valiant|spd|1\n|-damage|p1a: Iron Valiant|70\/100|[from] item: Life Orb\n|\n|-weather|RainDance|[upkeep]\n|upkeep\n|\n|t:|1681695204\n|switch|p2a: Palafin|Palafin-Hero, L50, M|100\/100\n|-activate|p2a: Palafin|ability: Zero to Hero\n|turn|5\n|inactive|qzy1993 has 30 seconds left.\n|\n|t:|1681695235\n|move|p2b: Arcanine|Extreme Speed|p1a: Iron Valiant\n|-damage|p1a: Iron Valiant|30\/100\n|move|p2a: Palafin|Jet Punch|p1b: Kingambit\n|-damage|p1b: Kingambit|0 fnt\n|faint|p1b: Kingambit\n|move|p1a: Iron Valiant|Close Combat|p2b: Arcanine\n|-damage|p2b: Arcanine|0 fnt\n|-unboost|p1a: Iron Valiant|def|1\n|-unboost|p1a: Iron Valiant|spd|1\n|faint|p2b: Arcanine\n|-damage|p1a: Iron Valiant|20\/100|[from] item: Life Orb\n|\n|-weather|none\n|upkeep\n|\n|t:|1681695250\n|switch|p1b: Flutter Mane|Flutter Mane, L50|100\/100\n|-enditem|p1b: Flutter Mane|Booster Energy\n|-activate|p1b: Flutter Mane|ability: Protosynthesis|[fromitem]\n|-start|p1b: Flutter Mane|protosynthesisspa\n|turn|6\n|\n|t:|1681695263\n|-terastallize|p2a: Palafin|Water\n|move|p2a: Palafin|Jet Punch|p1b: Flutter Mane\n|-damage|p1b: Flutter Mane|0 fnt\n|faint|p1b: Flutter Mane\n|-end|p1b: Flutter Mane|Protosynthesis|[silent]\n|move|p1a: Iron Valiant|Close Combat|p2a: Palafin\n|-damage|p2a: Palafin|46\/100\n|-unboost|p1a: Iron Valiant|def|1\n|-unboost|p1a: Iron Valiant|spd|1\n|-damage|p1a: Iron Valiant|10\/100|[from] item: Life Orb\n|\n|-fieldend|move: Gravity\n|upkeep\n|turn|7\n|\n|t:|1681695280\n|move|p2a: Palafin|Jet Punch|p1a: Iron Valiant\n|-damage|p1a: Iron Valiant|0 fnt\n|faint|p1a: Iron Valiant\n|-end|p1a: Iron Valiant|Quark Drive|[silent]\n|\n|win|Loafus06\n|raw|qzy1993's rating: 1060 → 1044<\/strong> (-16 for losing)\n|raw|Loafus06's rating: 1124 → 1144<\/strong> (+20 for winning)\n|l|\u2606Loafus06\n","uploadtime":1681695319,"views":11,"p1id":"qzy1993","p2id":"loafus06","formatid":"gen9vgc2023regulationc","rating":1044,"private":0,"password":""}