{"id":"gen9vgc2023regulationc-1851153358","p1":"gorilnx","p2":"ErYisus_13","format":"[Gen 9] VGC 2023 Regulation C","log":"|j|\u2606gorilnx\n|j|\u2606ErYisus_13\n|t:|1682417862\n|gametype|doubles\n|player|p1|gorilnx|dawn-gen4pt|1087\n|player|p2|ErYisus_13|cynthia|1088\n|teamsize|p1|6\n|teamsize|p2|6\n|gen|9\n|tier|[Gen 9] VGC 2023 Regulation C\n|rated|\n|rule|Species Clause: Limit one of each Pok\u00e9mon\n|rule|Item Clause: Limit one of each item\n|clearpoke\n|poke|p1|Abomasnow, L50, F|\n|poke|p1|Iron Bundle, L50|\n|poke|p1|Vivillon-Fancy, L50, M|\n|poke|p1|Ting-Lu, L50|\n|poke|p1|Annihilape, L50, M|\n|poke|p1|Chien-Pao, L50|\n|poke|p2|Flutter Mane, L50|\n|poke|p2|Chi-Yu, L50|\n|poke|p2|Amoonguss, L50, F|\n|poke|p2|Dragonite, L50, F|\n|poke|p2|Garchomp, L50, M|\n|poke|p2|Chien-Pao, L50|\n|teampreview|4\n|inactive|Battle timer is ON: inactive players will automatically lose when time's up. (requested by gorilnx)\n|inactive|ErYisus_13 has 60 seconds left.\n|\n|t:|1682417919\n|start\n|switch|p1a: Vivillon|Vivillon-Fancy, L50, M|100\/100\n|switch|p1b: Ting-Lu|Ting-Lu, L50|100\/100\n|switch|p2a: Chi-Yu|Chi-Yu, L50|100\/100\n|switch|p2b: Dragonite|Dragonite, L50, F|100\/100\n|-ability|p2a: Chi-Yu|Beads of Ruin\n|-ability|p1b: Ting-Lu|Vessel of Ruin\n|turn|1\n|\n|t:|1682417942\n|move|p1a: Vivillon|Protect|p1a: Vivillon\n|-singleturn|p1a: Vivillon|Protect\n|move|p2a: Chi-Yu|Heat Wave|p1a: Vivillon|[spread] \n|-activate|p1a: Vivillon|move: Protect\n|-miss|p2a: Chi-Yu|p1b: Ting-Lu\n|move|p2b: Dragonite|Ice Spinner|p1b: Ting-Lu\n|-supereffective|p1b: Ting-Lu\n|-damage|p1b: Ting-Lu|62\/100\n|move|p1b: Ting-Lu|Rock Slide|p2b: Dragonite|[spread] p2a,p2b\n|-supereffective|p2a: Chi-Yu\n|-supereffective|p2b: Dragonite\n|-damage|p2a: Chi-Yu|13\/100\n|-damage|p2b: Dragonite|73\/100\n|\n|upkeep\n|turn|2\n|\n|t:|1682417961\n|move|p2a: Chi-Yu|Heat Wave|p1a: Vivillon|[spread] p1a,p1b\n|-supereffective|p1a: Vivillon\n|-enditem|p1a: Vivillon|Focus Sash\n|-damage|p1a: Vivillon|1\/100\n|-damage|p1b: Ting-Lu|31\/100\n|-damage|p2a: Chi-Yu|3\/100|[from] item: Life Orb\n|move|p1a: Vivillon|Safeguard|p1a: Vivillon\n|-sidestart|p1: gorilnx|Safeguard\n|move|p2b: Dragonite|Ice Spinner|p1b: Ting-Lu\n|-supereffective|p1b: Ting-Lu\n|-damage|p1b: Ting-Lu|0 fnt\n|faint|p1b: Ting-Lu\n|\n|upkeep\n|\n|t:|1682417976\n|switch|p1b: Abomasnow|Abomasnow, L50, F|100\/100\n|-weather|Snow|[from] ability: Snow Warning|[of] p1b: Abomasnow\n|turn|3\n|inactive|ErYisus_13 has 30 seconds left.\n|\n|t:|1682418010\n|switch|p2b: Amoonguss|Amoonguss, L50, F|100\/100\n|move|p1a: Vivillon|Rage Powder|p1a: Vivillon\n|-singleturn|p1a: Vivillon|move: Rage Powder\n|move|p1b: Abomasnow|Ice Shard|p2a: Chi-Yu\n|-resisted|p2a: Chi-Yu\n|-damage|p2a: Chi-Yu|0 fnt\n|faint|p2a: Chi-Yu\n|-damage|p1b: Abomasnow|91\/100|[from] item: Life Orb\n|\n|-weather|Snow|[upkeep]\n|upkeep\n|\n|t:|1682418034\n|switch|p2a: Dragonite|Dragonite, L50, F|73\/100\n|turn|4\n|\n|t:|1682418058\n|-terastallize|p2a: Dragonite|Normal\n|move|p1a: Vivillon|Rage Powder|p1a: Vivillon\n|-singleturn|p1a: Vivillon|move: Rage Powder\n|move|p2a: Dragonite|Extreme Speed|p1a: Vivillon\n|-damage|p1a: Vivillon|0 fnt\n|faint|p1a: Vivillon\n|move|p1b: Abomasnow|Blizzard|p2b: Amoonguss|[spread] p2a,p2b\n|-supereffective|p2b: Amoonguss\n|-damage|p2a: Dragonite|35\/100\n|-damage|p2b: Amoonguss|26\/100\n|-enditem|p2b: Amoonguss|Sitrus Berry|[eat]\n|-heal|p2b: Amoonguss|51\/100|[from] item: Sitrus Berry\n|-damage|p1b: Abomasnow|81\/100|[from] item: Life Orb\n|move|p2b: Amoonguss|Spore|p1b: Abomasnow\n|-immune|p1b: Abomasnow\n|\n|-weather|Snow|[upkeep]\n|upkeep\n|\n|t:|1682418074\n|switch|p1a: Iron Bundle|Iron Bundle, L50|100\/100\n|-enditem|p1a: Iron Bundle|Booster Energy\n|-activate|p1a: Iron Bundle|ability: Quark Drive|[fromitem]\n|-start|p1a: Iron Bundle|quarkdrivespe\n|turn|5\n|\n|t:|1682418083\n|move|p2a: Dragonite|Extreme Speed|p1b: Abomasnow\n|-damage|p1b: Abomasnow|32\/100\n|move|p1a: Iron Bundle|Blizzard|p2a: Dragonite|[spread] p2a,p2b\n|-supereffective|p2b: Amoonguss\n|-damage|p2a: Dragonite|0 fnt\n|-damage|p2b: Amoonguss|0 fnt\n|faint|p2a: Dragonite\n|faint|p2b: Amoonguss\n|move|p1b: Abomasnow|Blizzard|p2: Dragonite|[notarget]\n|-fail|p1b: Abomasnow\n|\n|-weather|Snow|[upkeep]\n|upkeep\n|\n|t:|1682418098\n|switch|p2b: Flutter Mane|Flutter Mane, L50|100\/100\n|turn|6\n|\n|t:|1682418121\n|move|p1a: Iron Bundle|Aurora Veil|p1a: Iron Bundle\n|-sidestart|p1: gorilnx|move: Aurora Veil\n|move|p2b: Flutter Mane|Moonblast|p1b: Abomasnow\n|-damage|p1b: Abomasnow|0 fnt\n|faint|p1b: Abomasnow\n|\n|-weather|Snow|[upkeep]\n|-sideend|p1: gorilnx|Safeguard\n|upkeep\n|turn|7\n|\n|t:|1682418129\n|move|p1a: Iron Bundle|Blizzard|p2b: Flutter Mane\n|-damage|p2b: Flutter Mane|40\/100\n|move|p2b: Flutter Mane|Moonblast|p1a: Iron Bundle\n|-damage|p1a: Iron Bundle|30\/100\n|\n|-weather|none\n|upkeep\n|turn|8\n|\n|t:|1682418137\n|move|p1a: Iron Bundle|Hydro Pump|p2b: Flutter Mane\n|-damage|p2b: Flutter Mane|0 fnt\n|faint|p2b: Flutter Mane\n|-end|p2b: Flutter Mane|Protosynthesis|[silent]\n|\n|win|gorilnx\n|raw|gorilnx's rating: 1087 → 1114<\/strong> (+27 for winning)\n|raw|ErYisus_13's rating: 1088 → 1065<\/strong> (-23 for losing)\n","uploadtime":1682418148,"views":8,"p1id":"gorilnx","p2id":"eryisus13","formatid":"gen9vgc2023regulationc","rating":1065,"private":0,"password":""}