{"id":"gen9vgc2023regulationc-1845705818","p1":"Abunchofnumbers1","p2":"fo50","format":"[Gen 9] VGC 2023 Regulation C","log":"|j|\u2606Abunchofnumbers1\n|j|\u2606fo50\n|t:|1681757151\n|gametype|doubles\n|player|p1|Abunchofnumbers1|palmer|1138\n|player|p2|fo50|2|1088\n|teamsize|p1|6\n|teamsize|p2|6\n|gen|9\n|tier|[Gen 9] VGC 2023 Regulation C\n|rated|\n|rule|Species Clause: Limit one of each Pok\u00e9mon\n|rule|Item Clause: Limit one of each item\n|clearpoke\n|poke|p1|Iron Hands, L50|\n|poke|p1|Iron Bundle, L50|\n|poke|p1|Arcanine, L50, M|\n|poke|p1|Amoonguss, L50, F|\n|poke|p1|Annihilape, L50, M|\n|poke|p1|Flutter Mane, L50|\n|poke|p2|Scovillain, L50, M|\n|poke|p2|Dragonite, L50, F|\n|poke|p2|Tinkaton, L50, F|\n|poke|p2|Amoonguss, L50, F|\n|poke|p2|Torkoal, L50, F|\n|poke|p2|Scizor, L50, M|\n|teampreview|4\n|inactive|Battle timer is ON: inactive players will automatically lose when time's up. (requested by fo50)\n|\n|t:|1681757202\n|start\n|switch|p1a: Arcanine|Arcanine, L50, M|100\/100\n|switch|p1b: Iron Bundle|Iron Bundle, L50|100\/100\n|switch|p2a: Scizor|Scizor, L50, M|100\/100\n|switch|p2b: Tinkaton|Tinkaton, L50, F|100\/100\n|-ability|p1a: Arcanine|Intimidate|boost\n|-unboost|p2a: Scizor|atk|1\n|-fail|p2b: Tinkaton|unboost|Attack|[from] ability: Own Tempo|[of] p2b: Tinkaton\n|-enditem|p2a: Scizor|White Herb\n|-clearnegativeboost|p2a: Scizor|[silent]\n|turn|1\n|\n|t:|1681757226\n|-terastallize|p2a: Scizor|Fighting\n|move|p2b: Tinkaton|Fake Out|p1a: Arcanine\n|-damage|p1a: Arcanine|93\/100\n|move|p1b: Iron Bundle|Flip Turn|p2b: Tinkaton\n|-damage|p2b: Tinkaton|83\/100\n|\n|t:|1681757233\n|-end|p1b: Iron Bundle|Quark Drive|[silent]\n|switch|p1b: Iron Hands|Iron Hands, L50|100\/100|[from] Flip Turn\n|-enditem|p1b: Iron Hands|Booster Energy\n|-activate|p1b: Iron Hands|ability: Quark Drive|[fromitem]\n|-start|p1b: Iron Hands|quarkdriveatk\n|cant|p1a: Arcanine|flinch\n|move|p2a: Scizor|Close Combat|p1a: Arcanine\n|-damage|p1a: Arcanine|18\/100\n|-unboost|p2a: Scizor|def|1\n|-unboost|p2a: Scizor|spd|1\n|\n|-heal|p2b: Tinkaton|89\/100|[from] item: Leftovers\n|upkeep\n|turn|2\n|\n|t:|1681757257\n|switch|p2a: Scovillain|Scovillain, L50, M|100\/100\n|move|p1a: Arcanine|Protect|p1a: Arcanine\n|-singleturn|p1a: Arcanine|Protect\n|move|p2b: Tinkaton|Protect|p2b: Tinkaton\n|-singleturn|p2b: Tinkaton|Protect\n|move|p1b: Iron Hands|Stomping Tantrum|p2b: Tinkaton\n|-activate|p2b: Tinkaton|move: Protect\n|\n|-heal|p2b: Tinkaton|95\/100|[from] item: Leftovers\n|upkeep\n|turn|3\n|\n|t:|1681757279\n|switch|p2b: Torkoal|Torkoal, L50, F|100\/100\n|-weather|SunnyDay|[from] ability: Drought|[of] p2b: Torkoal\n|-item|p2b: Torkoal|Air Balloon\n|move|p2a: Scovillain|Flamethrower|p1b: Iron Hands\n|-damage|p1b: Iron Hands|24\/100\n|-damage|p2a: Scovillain|90\/100|[from] item: Life Orb\n|move|p1a: Arcanine|Flare Blitz|p2a: Scovillain\n|-crit|p2a: Scovillain\n|-damage|p2a: Scovillain|0 fnt\n|faint|p2a: Scovillain\n|-damage|p1a: Arcanine|0 fnt|[from] Recoil\n|faint|p1a: Arcanine\n|move|p1b: Iron Hands|Stomping Tantrum|p2b: Torkoal\n|-immune|p2b: Torkoal\n|\n|-weather|SunnyDay|[upkeep]\n|upkeep\n|\n|t:|1681757304\n|switch|p2a: Tinkaton|Tinkaton, L50, F|95\/100\n|switch|p1a: Iron Bundle|Iron Bundle, L50|100\/100\n|turn|4\n|\n|t:|1681757315\n|move|p2a: Tinkaton|Fake Out|p1a: Iron Bundle\n|-damage|p1a: Iron Bundle|91\/100\n|cant|p1a: Iron Bundle|flinch\n|move|p1b: Iron Hands|Stomping Tantrum|p2a: Tinkaton\n|-supereffective|p2a: Tinkaton\n|-damage|p2a: Tinkaton|0 fnt\n|faint|p2a: Tinkaton\n|move|p2b: Torkoal|Eruption|p1a: Iron Bundle|[spread] p1a,p1b\n|-crit|p1a: Iron Bundle\n|-damage|p1a: Iron Bundle|0 fnt\n|-damage|p1b: Iron Hands|0 fnt\n|faint|p1a: Iron Bundle\n|-end|p1a: Iron Bundle|Quark Drive|[silent]\n|faint|p1b: Iron Hands\n|-end|p1b: Iron Hands|Quark Drive|[silent]\n|\n|-weather|SunnyDay|[upkeep]\n|upkeep\n|\n|t:|1681757331\n|switch|p1a: Flutter Mane|Flutter Mane, L50|100\/100\n|switch|p2a: Scizor|Scizor, L50, M, tera:Fighting|100\/100\n|-activate|p1a: Flutter Mane|ability: Protosynthesis\n|-start|p1a: Flutter Mane|protosynthesisspa\n|turn|5\n|\n|t:|1681757342\n|-terastallize|p1a: Flutter Mane|Water\n|move|p2a: Scizor|Bullet Punch|p1a: Flutter Mane\n|-resisted|p1a: Flutter Mane\n|-damage|p1a: Flutter Mane|75\/100\n|move|p1a: Flutter Mane|Dazzling Gleam|p2b: Torkoal|[spread] p2a,p2b\n|-supereffective|p2a: Scizor\n|-resisted|p2b: Torkoal\n|-damage|p2a: Scizor|0 fnt\n|-damage|p2b: Torkoal|58\/100\n|-enditem|p2b: Torkoal|Air Balloon\n|faint|p2a: Scizor\n|-damage|p1a: Flutter Mane|66\/100|[from] item: Life Orb\n|move|p2b: Torkoal|Eruption|p1a: Flutter Mane\n|-resisted|p1a: Flutter Mane\n|-damage|p1a: Flutter Mane|45\/100\n|\n|-weather|SunnyDay|[upkeep]\n|upkeep\n|turn|6\n|\n|t:|1681757363\n|move|p1a: Flutter Mane|Power Gem|p2b: Torkoal\n|-supereffective|p2b: Torkoal\n|-damage|p2b: Torkoal|0 fnt\n|faint|p2b: Torkoal\n|-damage|p1a: Flutter Mane|35\/100|[from] item: Life Orb\n|\n|win|Abunchofnumbers1\n|raw|Abunchofnumbers1's rating: 1138 → 1159<\/strong> (+21 for winning)\n|raw|fo50's rating: 1088 → 1068<\/strong> (-20 for losing)\n","uploadtime":1681757371,"views":11,"p1id":"abunchofnumbers1","p2id":"fo50","formatid":"gen9vgc2023regulationc","rating":1068,"private":0,"password":""}