{"id":"gen9vgc2023regulationc-1854995097","p1":"thewhale98","p2":"leafyarrow","format":"[Gen 9] VGC 2023 Regulation C","log":"|j|\u2606thewhale98\n|j|\u2606leafyarrow\n|t:|1682888957\n|gametype|doubles\n|player|p1|thewhale98|volkner|1301\n|player|p2|leafyarrow|leaf-gen3|1319\n|teamsize|p1|6\n|teamsize|p2|6\n|gen|9\n|tier|[Gen 9] VGC 2023 Regulation C\n|rated|\n|rule|Species Clause: Limit one of each Pok\u00e9mon\n|rule|Item Clause: Limit one of each item\n|clearpoke\n|poke|p1|Hatterene, L50, F|\n|poke|p1|Indeedee-F, L50, F|\n|poke|p1|Torkoal, L50, M|\n|poke|p1|Flutter Mane, L50|\n|poke|p1|Brute Bonnet, L50|\n|poke|p1|Ting-Lu, L50|\n|poke|p2|Flutter Mane, L50|\n|poke|p2|Palafin, L50, M|\n|poke|p2|Amoonguss, L50, F|\n|poke|p2|Ting-Lu, L50|\n|poke|p2|Arcanine, L50, F|\n|poke|p2|Kingambit, L50, M|\n|teampreview|4\nthewhale98 has agreed to open team sheets.\nleafyarrow has agreed to open team sheets.\n|\n|t:|1682889010\n|start\n|switch|p1a: Hatterene|Hatterene, L50, F|100\/100\n|switch|p1b: Indeedee|Indeedee-F, L50, F|100\/100\n|switch|p2a: Ting-Lu|Ting-Lu, L50|100\/100\n|switch|p2b: Amoonguss|Amoonguss, L50, F|100\/100\n|-fieldstart|move: Psychic Terrain|[from] ability: Psychic Surge|[of] p1b: Indeedee\n|-enditem|p1b: Indeedee|Psychic Seed\n|-boost|p1b: Indeedee|spd|1|[from] item: Psychic Seed\n|-ability|p2a: Ting-Lu|Vessel of Ruin\n|turn|1\n|\n|t:|1682889051\n|move|p1b: Indeedee|Follow Me|p1b: Indeedee\n|-singleturn|p1b: Indeedee|move: Follow Me\n|move|p2a: Ting-Lu|Heavy Slam|p1b: Indeedee\n|-damage|p1b: Indeedee|68\/100\n|move|p2b: Amoonguss|Spore|p1b: Indeedee\n|-status|p1b: Indeedee|slp|[from] move: Spore\n|move|p1a: Hatterene|Trick Room|p1a: Hatterene\n|-fieldstart|move: Trick Room|[of] p1a: Hatterene\n|\n|upkeep\n|turn|2\n|\n|t:|1682889074\n|switch|p2b: Kingambit|Kingambit, L50, M|100\/100\n|switch|p1b: Brute Bonnet|Brute Bonnet, L50|100\/100\n|-terastallize|p1a: Hatterene|Poison\n|move|p1a: Hatterene|Psyshock|p2b: Kingambit\n|-immune|p2b: Kingambit\n|move|p2a: Ting-Lu|Heavy Slam|p1a: Hatterene\n|-damage|p1a: Hatterene|64\/100\n|\n|upkeep\n|turn|3\n|\n|t:|1682889122\n|switch|p1a: Indeedee|Indeedee-F, L50, F|68\/100 slp\n|switch|p2a: Arcanine|Arcanine, L50, F|100\/100\n|-ability|p2a: Arcanine|Intimidate|boost\n|-unboost|p1a: Indeedee|atk|1\n|-unboost|p1b: Brute Bonnet|atk|1\n|move|p1b: Brute Bonnet|Spore|p2b: Kingambit\n|-status|p2b: Kingambit|slp|[from] move: Spore\n|-enditem|p2b: Kingambit|Lum Berry|[eat]\n|-curestatus|p2b: Kingambit|slp|[msg]\n|move|p2b: Kingambit|Kowtow Cleave|p1a: Indeedee\n|-supereffective|p1a: Indeedee\n|-damage|p1a: Indeedee|0 fnt\n|faint|p1a: Indeedee\n|\n|upkeep\n|\n|t:|1682889134\n|switch|p1a: Torkoal|Torkoal, L50, M|100\/100\n|-weather|SunnyDay|[from] ability: Drought|[of] p1a: Torkoal\n|-activate|p1b: Brute Bonnet|ability: Protosynthesis\n|-start|p1b: Brute Bonnet|protosynthesisatk\n|turn|4\n|\n|t:|1682889167\n|move|p2b: Kingambit|Protect|p2b: Kingambit\n|-singleturn|p2b: Kingambit|Protect\n|move|p1b: Brute Bonnet|Sucker Punch||[still]\n|-fail|p1b: Brute Bonnet\n|move|p1a: Torkoal|Eruption|p2b: Kingambit|[spread] p2a\n|-activate|p2b: Kingambit|move: Protect\n|-resisted|p2a: Arcanine\n|-damage|p2a: Arcanine|55\/100\n|move|p2a: Arcanine|Will-O-Wisp|p1b: Brute Bonnet\n|-status|p1b: Brute Bonnet|brn\n|\n|-weather|SunnyDay|[upkeep]\n|-damage|p1b: Brute Bonnet|95\/100 brn|[from] brn\n|upkeep\n|turn|5\n|\n|t:|1682889184\n|switch|p2b: Ting-Lu|Ting-Lu, L50|100\/100\n|-ability|p2b: Ting-Lu|Vessel of Ruin\n|move|p2a: Arcanine|Protect|p2a: Arcanine\n|-singleturn|p2a: Arcanine|Protect\n|move|p1b: Brute Bonnet|Sucker Punch||[still]\n|-fail|p1b: Brute Bonnet\n|move|p1a: Torkoal|Eruption|p2b: Ting-Lu|[spread] p2b\n|-activate|p2a: Arcanine|move: Protect\n|-damage|p2b: Ting-Lu|71\/100\n|\n|-weather|SunnyDay|[upkeep]\n|-damage|p1b: Brute Bonnet|89\/100 brn|[from] brn\n|-fieldend|move: Trick Room\n|-fieldend|move: Psychic Terrain\n|upkeep\n|turn|6\n|\n|t:|1682889216\n|move|p1a: Torkoal|Protect|p1a: Torkoal\n|-singleturn|p1a: Torkoal|Protect\n|move|p2a: Arcanine|Flare Blitz|p1a: Torkoal\n|-activate|p1a: Torkoal|move: Protect\n|move|p2b: Ting-Lu|Stomping Tantrum|p1b: Brute Bonnet\n|-resisted|p1b: Brute Bonnet\n|-damage|p1b: Brute Bonnet|76\/100 brn\n|move|p1b: Brute Bonnet|Bullet Seed|p2b: Ting-Lu\n|-supereffective|p2b: Ting-Lu\n|-damage|p2b: Ting-Lu|64\/100\n|-supereffective|p2b: Ting-Lu\n|-damage|p2b: Ting-Lu|58\/100\n|-supereffective|p2b: Ting-Lu\n|-damage|p2b: Ting-Lu|52\/100\n|-supereffective|p2b: Ting-Lu\n|-damage|p2b: Ting-Lu|46\/100\n|-supereffective|p2b: Ting-Lu\n|-damage|p2b: Ting-Lu|40\/100\n|-hitcount|p2b: Ting-Lu|5\n|\n|-weather|SunnyDay|[upkeep]\n|-damage|p1b: Brute Bonnet|70\/100 brn|[from] brn\n|upkeep\n|turn|7\n|\n|t:|1682889242\n|move|p2a: Arcanine|Flare Blitz|p1b: Brute Bonnet\n|-supereffective|p1b: Brute Bonnet\n|-damage|p1b: Brute Bonnet|0 fnt\n|faint|p1b: Brute Bonnet\n|-end|p1b: Brute Bonnet|Protosynthesis|[silent]\n|-damage|p2a: Arcanine|29\/100|[from] Recoil\n|move|p2b: Ting-Lu|Stomping Tantrum|p1a: Torkoal\n|-supereffective|p1a: Torkoal\n|-damage|p1a: Torkoal|50\/100\n|move|p1a: Torkoal|Heat Wave|p2b: Ting-Lu|[spread] p2a,p2b\n|-resisted|p2a: Arcanine\n|-damage|p2a: Arcanine|8\/100\n|-damage|p2b: Ting-Lu|20\/100\n|-status|p2b: Ting-Lu|brn\n|\n|-weather|SunnyDay|[upkeep]\n|-damage|p2b: Ting-Lu|14\/100 brn|[from] brn\n|upkeep\n|\n|t:|1682889246\n|switch|p1b: Hatterene|Hatterene, L50, F, tera:Poison|64\/100\n|turn|8\n|\n|t:|1682889280\n|move|p1a: Torkoal|Protect|p1a: Torkoal\n|-singleturn|p1a: Torkoal|Protect\n|move|p2a: Arcanine|Flare Blitz|p1b: Hatterene\n|-damage|p1b: Hatterene|0 fnt\n|faint|p1b: Hatterene\n|-damage|p2a: Arcanine|0 fnt|[from] Recoil\n|faint|p2a: Arcanine\n|move|p2b: Ting-Lu|Ruination|p1a: Torkoal\n|-activate|p1a: Torkoal|move: Protect\n|\n|-weather|none\n|-damage|p2b: Ting-Lu|8\/100 brn|[from] brn\n|upkeep\n|-message|thewhale98 forfeited.\n|\n|win|leafyarrow\n|raw|thewhale98's rating: 1301 → 1282<\/strong> (-19 for losing)\n|raw|leafyarrow's rating: 1319 → 1338<\/strong> (+19 for winning)\n|l|\u2606thewhale98\n","uploadtime":1682889295,"views":10,"p1id":"thewhale98","p2id":"leafyarrow","formatid":"gen9vgc2023regulationc","rating":1282,"private":0,"password":""}