{"id":"gen9vgc2023regulationc-1856636413","p1":"420hahagamrgurlUwU","p2":"iStockphoto","format":"[Gen 9] VGC 2023 Regulation C","log":"|j|\u2606420hahagamrgurlUwU\n|j|\u2606iStockphoto\n|t:|1683085876\n|gametype|doubles\n|player|p1|420hahagamrgurlUwU|bellelba|1157\n|player|p2|iStockphoto|266|1129\n|teamsize|p1|6\n|teamsize|p2|6\n|gen|9\n|tier|[Gen 9] VGC 2023 Regulation C\n|rated|\n|rule|Species Clause: Limit one of each Pok\u00e9mon\n|rule|Item Clause: Limit one of each item\n|clearpoke\n|poke|p1|Gothitelle, L50, M|\n|poke|p1|Scream Tail, L50|\n|poke|p1|Amoonguss, L50, M|\n|poke|p1|Palafin, L50, M|\n|poke|p1|Flutter Mane, L50|\n|poke|p1|Arcanine, L50, M|\n|poke|p2|Abomasnow, L50, F|\n|poke|p2|Baxcalibur, L50, M|\n|poke|p2|Ting-Lu, L50|\n|poke|p2|Maushold, L50|\n|poke|p2|Wo-Chien, L50|\n|poke|p2|Gholdengo, L50|\n|teampreview|4\niStockphoto has agreed to open team sheets.\n420hahagamrgurlUwU has agreed to open team sheets.\n|\n|t:|1683085914\n|start\n|switch|p1a: AWOOOOO|Arcanine, L50, M|100\/100\n|switch|p1b: AAAAAAA|Scream Tail, L50|100\/100\n|switch|p2a: Abomasnow|Abomasnow, L50, F|100\/100\n|switch|p2b: Baxcalibur|Baxcalibur, L50, M|100\/100\n|-ability|p1a: AWOOOOO|Intimidate|boost\n|-unboost|p2a: Abomasnow|atk|1\n|-unboost|p2b: Baxcalibur|atk|1\n|-weather|Snow|[from] ability: Snow Warning|[of] p2a: Abomasnow\n|-enditem|p1b: AAAAAAA|Booster Energy\n|-activate|p1b: AAAAAAA|ability: Protosynthesis|[fromitem]\n|-start|p1b: AAAAAAA|protosynthesisspe\n|turn|1\n|\n|t:|1683085942\n|switch|p2b: Maushold|Maushold, L50|100\/100\n|move|p1b: AAAAAAA|Protect|p1b: AAAAAAA\n|-singleturn|p1b: AAAAAAA|Protect\n|move|p1a: AWOOOOO|Flare Blitz|p2b: Maushold\n|-damage|p2b: Maushold|27\/100\n|-damage|p1a: AWOOOOO|75\/100|[from] Recoil\n|move|p2a: Abomasnow|Aurora Veil|p2a: Abomasnow\n|-sidestart|p2: iStockphoto|move: Aurora Veil\n|\n|-weather|Snow|[upkeep]\n|upkeep\n|turn|2\n|\n|t:|1683085970\n|switch|p2b: Baxcalibur|Baxcalibur, L50, M|100\/100\n|switch|p1a: GO BIRD|Gothitelle, L50, M|100\/100\n|move|p1b: AAAAAAA|Perish Song|p1b: AAAAAAA\n|-start|p1a: GO BIRD|perish3|[silent]\n|-start|p1b: AAAAAAA|perish3|[silent]\n|-start|p2a: Abomasnow|perish3|[silent]\n|-start|p2b: Baxcalibur|perish3|[silent]\n|-fieldactivate|move: Perish Song\n|move|p2a: Abomasnow|Icy Wind|p1a: GO BIRD|[spread] p1a,p1b\n|-damage|p1a: GO BIRD|91\/100\n|-damage|p1b: AAAAAAA|91\/100\n|-unboost|p1a: GO BIRD|spe|1\n|-unboost|p1b: AAAAAAA|spe|1\n|\n|-weather|Snow|[upkeep]\n|-start|p1b: AAAAAAA|perish3\n|-start|p2b: Baxcalibur|perish3\n|-start|p2a: Abomasnow|perish3\n|-start|p1a: GO BIRD|perish3\n|upkeep\n|turn|3\n|\n|t:|1683086000\n|move|p2a: Abomasnow|Protect|p2a: Abomasnow\n|-singleturn|p2a: Abomasnow|Protect\n|move|p1a: GO BIRD|Fake Out|p2b: Baxcalibur\n|-damage|p2b: Baxcalibur|98\/100\n|move|p1b: AAAAAAA|Disable|p2a: Abomasnow\n|-activate|p2a: Abomasnow|move: Protect\n|cant|p2b: Baxcalibur|flinch\n|\n|-weather|Snow|[upkeep]\n|-start|p1b: AAAAAAA|perish2\n|-start|p2b: Baxcalibur|perish2\n|-start|p2a: Abomasnow|perish2\n|-start|p1a: GO BIRD|perish2\n|upkeep\n|turn|4\n|\n|t:|1683086025\n|move|p1b: AAAAAAA|Protect|p1b: AAAAAAA\n|-singleturn|p1b: AAAAAAA|Protect\n|move|p1a: GO BIRD|Protect|p1a: GO BIRD\n|-singleturn|p1a: GO BIRD|Protect\n|move|p2b: Baxcalibur|Dragon Dance|p2b: Baxcalibur\n|-boost|p2b: Baxcalibur|atk|1\n|-boost|p2b: Baxcalibur|spe|1\n|move|p2a: Abomasnow|Blizzard|p1a: GO BIRD|[spread] \n|-activate|p1a: GO BIRD|move: Protect\n|-activate|p1b: AAAAAAA|move: Protect\n|\n|-weather|Snow|[upkeep]\n|-start|p2b: Baxcalibur|perish1\n|-start|p1b: AAAAAAA|perish1\n|-start|p2a: Abomasnow|perish1\n|-start|p1a: GO BIRD|perish1\n|upkeep\n|turn|5\n|\n|t:|1683086050\n|-end|p1b: AAAAAAA|Protosynthesis|[silent]\n|switch|p1b: AMOGUS|Amoonguss, L50, M|100\/100\n|switch|p1a: AWOOOOO|Arcanine, L50, M|75\/100\n|-ability|p1a: AWOOOOO|Intimidate|boost\n|-unboost|p2a: Abomasnow|atk|1\n|-unboost|p2b: Baxcalibur|atk|1\n|move|p2b: Baxcalibur|Earthquake|p1a: AWOOOOO|[spread] p2a,p1a,p1b\n|-resisted|p2a: Abomasnow\n|-supereffective|p1a: AWOOOOO\n|-damage|p2a: Abomasnow|90\/100\n|-damage|p1a: AWOOOOO|0 fnt\n|-damage|p1b: AMOGUS|63\/100\n|faint|p1a: AWOOOOO\n|-damage|p2b: Baxcalibur|88\/100|[from] item: Life Orb\n|move|p2a: Abomasnow|Blizzard|p1b: AMOGUS\n|-supereffective|p1b: AMOGUS\n|-damage|p1b: AMOGUS|6\/100\n|-status|p1b: AMOGUS|frz\n|\n|-weather|none\n|-start|p2b: Baxcalibur|perish0\n|-start|p2a: Abomasnow|perish0\n|-sideend|p2: iStockphoto|move: Aurora Veil\n|upkeep\n|faint|p2b: Baxcalibur\n|faint|p2a: Abomasnow\n|c|\u2606iStockphoto|sorry about the freeze hax\n|\n|t:|1683086074\n|switch|p1a: AAAAAAA|Scream Tail, L50|91\/100\n|switch|p2b: Gholdengo|Gholdengo, L50|100\/100\n|switch|p2a: Maushold|Maushold, L50|27\/100\n|turn|6\n|\n|t:|1683086090\n|move|p2a: Maushold|Taunt|p1a: AAAAAAA\n|-start|p1a: AAAAAAA|move: Taunt\n|cant|p1a: AAAAAAA|move: Taunt|Perish Song\n|move|p2b: Gholdengo|Nasty Plot|p2b: Gholdengo\n|-boost|p2b: Gholdengo|spa|2\n|-curestatus|p1b: AMOGUS|frz|[msg]\n|move|p1b: AMOGUS|Spore|p2a: Maushold\n|-activate|p2a: Maushold|item: Safety Goggles|Spore\n|\n|upkeep\n|turn|7\n|-message|420hahagamrgurlUwU forfeited.\n|\n|win|iStockphoto\n|raw|420hahagamrgurlUwU's rating: 1157 → 1130<\/strong> (-27 for losing)\n|raw|iStockphoto's rating: 1129 → 1156<\/strong> (+27 for winning)\n|l|\u2606420hahagamrgurlUwU\n|c|\u2606iStockphoto|my brother in christ the team sheets are open\n","uploadtime":1683086115,"views":6,"p1id":"420hahagamrgurluwu","p2id":"istockphoto","formatid":"gen9vgc2023regulationc","rating":1130,"private":0,"password":""}