{"id":"gen9vgc2023regulationc-1852057280","p1":"BMKing1212","p2":"jotapeloafrutado","format":"[Gen 9] VGC 2023 Regulation C","log":"|j|\u2606BMKing1212\n|j|\u2606jotapeloafrutado\n|t:|1682520586\n|gametype|doubles\n|player|p1|BMKing1212|265|1177\n|player|p2|jotapeloafrutado|hiker-gen4|1264\n|teamsize|p1|6\n|teamsize|p2|6\n|gen|9\n|tier|[Gen 9] VGC 2023 Regulation C\n|rated|\n|rule|Species Clause: Limit one of each Pok\u00e9mon\n|rule|Item Clause: Limit one of each item\n|clearpoke\n|poke|p1|Flutter Mane, L50|\n|poke|p1|Amoonguss, L50, F|\n|poke|p1|Baxcalibur, L50, M|\n|poke|p1|Palafin, L50, F|\n|poke|p1|Tauros-Paldea-Blaze, L50, M|\n|poke|p1|Scream Tail, L50|\n|poke|p2|Ting-Lu, L50|\n|poke|p2|Amoonguss, L50, F|\n|poke|p2|Garganacl, L50, M|\n|poke|p2|Arcanine, L50, F|\n|poke|p2|Roaring Moon, L50|\n|poke|p2|Iron Bundle, L50|\n|teampreview|4\n|\n|t:|1682520667\n|start\n|switch|p1a: Baxcalibur|Baxcalibur, L50, M|100\/100\n|switch|p1b: Scream Tail|Scream Tail, L50|100\/100\n|switch|p2a: Roaring Moon|Roaring Moon, L50|100\/100\n|switch|p2b: Ting-Lu|Ting-Lu, L50|100\/100\n|-ability|p2b: Ting-Lu|Vessel of Ruin\n|-enditem|p1b: Scream Tail|Booster Energy\n|-activate|p1b: Scream Tail|ability: Protosynthesis|[fromitem]\n|-start|p1b: Scream Tail|protosynthesisspe\n|-enditem|p2a: Roaring Moon|Booster Energy\n|-activate|p2a: Roaring Moon|ability: Protosynthesis|[fromitem]\n|-start|p2a: Roaring Moon|protosynthesisatk\n|turn|1\n|\n|t:|1682520700\n|-terastallize|p1a: Baxcalibur|Poison\n|move|p2a: Roaring Moon|Protect|p2a: Roaring Moon\n|-singleturn|p2a: Roaring Moon|Protect\n|move|p1b: Scream Tail|Howl|p1b: Scream Tail|[spread] p1a,p1b\n|-boost|p1a: Baxcalibur|atk|1\n|-boost|p1b: Scream Tail|atk|1\n|move|p1a: Baxcalibur|Dragon Dance|p1a: Baxcalibur\n|-boost|p1a: Baxcalibur|atk|1\n|-boost|p1a: Baxcalibur|spe|1\n|move|p2b: Ting-Lu|Heavy Slam|p1a: Baxcalibur\n|-damage|p1a: Baxcalibur|80\/100\n|\n|upkeep\n|turn|2\n|inactive|Battle timer is ON: inactive players will automatically lose when time's up. (requested by jotapeloafrutado)\n|\n|t:|1682520772\n|-end|p2a: Roaring Moon|Protosynthesis|[silent]\n|switch|p2a: Arcanine|Arcanine, L50, F|100\/100\n|-ability|p2a: Arcanine|Intimidate|boost\n|-fail|p1a: Baxcalibur|unboost|[from] item: Clear Amulet|[of] p1a: Baxcalibur\n|-unboost|p1b: Scream Tail|atk|1\n|move|p1a: Baxcalibur|Protect|p1a: Baxcalibur\n|-singleturn|p1a: Baxcalibur|Protect\n|move|p1b: Scream Tail|Thunder Wave|p2a: Arcanine\n|-status|p2a: Arcanine|par\n|move|p2b: Ting-Lu|Stomping Tantrum|p1a: Baxcalibur\n|-activate|p1a: Baxcalibur|move: Protect\n|\n|upkeep\n|turn|3\n|\n|t:|1682520795\n|cant|p2a: Arcanine|par\n|move|p1b: Scream Tail|Disable|p2b: Ting-Lu\n|-start|p2b: Ting-Lu|Disable|Stomping Tantrum\n|move|p1a: Baxcalibur|Glaive Rush|p2a: Arcanine\n|-damage|p2a: Arcanine|0 fnt\n|-singlemove|p1a: Baxcalibur|Glaive Rush|[silent]\n|faint|p2a: Arcanine\n|cant|p2b: Ting-Lu|Disable|Stomping Tantrum\n|\n|upkeep\n|c|\u2606jotapeloafrutado|gg\n|\n|t:|1682520805\n|switch|p2a: Garganacl|Garganacl, L50, M|100\/100\n|turn|4\n|c|\u2606BMKing1212|Scream tail is crazy\n|\n|t:|1682520823\n|move|p1a: Baxcalibur|Protect|p1a: Baxcalibur\n|-singleturn|p1a: Baxcalibur|Protect\n|move|p1b: Scream Tail|Howl|p1b: Scream Tail|[spread] p1a,p1b\n|-boost|p1a: Baxcalibur|atk|1\n|-boost|p1b: Scream Tail|atk|1\n|move|p2b: Ting-Lu|Sand Tomb|p1a: Baxcalibur\n|-activate|p1a: Baxcalibur|move: Protect\n|move|p2a: Garganacl|Salt Cure|p1a: Baxcalibur\n|-activate|p1a: Baxcalibur|move: Protect\n|\n|upkeep\n|turn|5\n|-message|jotapeloafrutado forfeited.\n|\n|win|BMKing1212\n|raw|BMKing1212's rating: 1177 → 1208<\/strong> (+31 for winning)\n|raw|jotapeloafrutado's rating: 1264 → 1233<\/strong> (-31 for losing)\n|l|\u2606jotapeloafrutado\n","uploadtime":1682520839,"views":16,"p1id":"bmking1212","p2id":"jotapeloafrutado","formatid":"gen9vgc2023regulationc","rating":1208,"private":0,"password":""}