{"id":"gen9vgc2023regulationc-1847496104","p1":"cb-sooner","p2":"Conia","format":"[Gen 9] VGC 2023 Regulation C","log":"|j|\u2606cb-sooner\n|j|\u2606Conia\n|t:|1681962586\n|gametype|doubles\n|player|p1|cb-sooner|101|1241\n|player|p2|Conia|n-masters2|1335\n|teamsize|p1|6\n|teamsize|p2|6\n|gen|9\n|tier|[Gen 9] VGC 2023 Regulation C\n|rated|\n|rule|Species Clause: Limit one of each Pok\u00e9mon\n|rule|Item Clause: Limit one of each item\n|clearpoke\n|poke|p1|Dondozo, L50, F|\n|poke|p1|Tatsugiri, L50, M|\n|poke|p1|Flutter Mane, L50|\n|poke|p1|Ting-Lu, L50|\n|poke|p1|Dragapult, L50, M|\n|poke|p1|Corviknight, L50, F|\n|poke|p2|Scream Tail, L50|\n|poke|p2|Dragapult, L50, M|\n|poke|p2|Flutter Mane, L50|\n|poke|p2|Chi-Yu, L50|\n|poke|p2|Chien-Pao, L50|\n|poke|p2|Murkrow, L50, F|\n|teampreview|4\n|\n|t:|1681962609\n|start\n|switch|p1a: Big Kabu|Ting-Lu, L50|100\/100\n|switch|p1b: Koozer|Corviknight, L50, F|100\/100\n|switch|p2a: Scream Tail|Scream Tail, L50|100\/100\n|switch|p2b: Dragapult|Dragapult, L50, M, shiny|100\/100\n|-ability|p1a: Big Kabu|Vessel of Ruin\n|-enditem|p2a: Scream Tail|Booster Energy\n|-activate|p2a: Scream Tail|ability: Protosynthesis|[fromitem]\n|-start|p2a: Scream Tail|protosynthesisspe\n|turn|1\n|inactive|Battle timer is ON: inactive players will automatically lose when time's up. (requested by Conia)\n|\n|t:|1681962638\n|-terastallize|p1a: Big Kabu|Ground\n|move|p2a: Scream Tail|Play Rough|p1a: Big Kabu\n|-damage|p1a: Big Kabu|87\/100\n|move|p2b: Dragapult|U-turn|p1a: Big Kabu\n|-damage|p1a: Big Kabu|63\/100\n|\n|t:|1681962645\n|switch|p2b: Chien-Pao|Chien-Pao, L50|100\/100|[from] U-turn\n|-ability|p2b: Chien-Pao|Sword of Ruin\n|move|p1a: Big Kabu|Earthquake|p2b: Chien-Pao|[spread] p2a,p2b\n|-immune|p1b: Koozer\n|-crit|p2b: Chien-Pao\n|-damage|p2a: Scream Tail|24\/100\n|-enditem|p2b: Chien-Pao|Focus Sash\n|-damage|p2b: Chien-Pao|1\/100\n|move|p1b: Koozer|Brave Bird|p2a: Scream Tail\n|-damage|p2a: Scream Tail|0 fnt\n|faint|p2a: Scream Tail\n|-end|p2a: Scream Tail|Protosynthesis|[silent]\n|-damage|p1b: Koozer|92\/100|[from] Recoil\n|\n|upkeep\n|\n|t:|1681962666\n|switch|p2a: Chi-Yu|Chi-Yu, L50|100\/100\n|-ability|p2a: Chi-Yu|Beads of Ruin\n|turn|2\n|\n|t:|1681962682\n|move|p2b: Chien-Pao|Ice Spinner|p1a: Big Kabu\n|-supereffective|p1a: Big Kabu\n|-damage|p1a: Big Kabu|0 fnt\n|faint|p1a: Big Kabu\n|move|p2a: Chi-Yu|Overheat|p1b: Koozer\n|-supereffective|p1b: Koozer\n|-damage|p1b: Koozer|0 fnt\n|-unboost|p2a: Chi-Yu|spa|2\n|faint|p1b: Koozer\n|-damage|p2a: Chi-Yu|91\/100|[from] item: Life Orb\n|\n|upkeep\n|\n|t:|1681962685\n|switch|p1a: Elieel|Tatsugiri, L50, M|100\/100\n|switch|p1b: joe|Dondozo, L50, F|100\/100\n|-activate|p1a: Elieel|ability: Commander|[of] p1b: joe\n|-boost|p1b: joe|atk|2\n|-boost|p1b: joe|spa|2\n|-boost|p1b: joe|spe|2\n|-boost|p1b: joe|def|2\n|-boost|p1b: joe|spd|2\n|turn|3\n|inactive|Conia has 30 seconds left.\n|\n|t:|1681962718\n|switch|p2a: Dragapult|Dragapult, L50, M, shiny|100\/100\n|move|p2b: Chien-Pao|Sacred Sword|p1b: joe\n|-damage|p1b: joe|72\/100\n|move|p1b: joe|Surf|p2a: Dragapult|[spread] p2a,p2b\n|-miss|p1b: joe|p1a: Elieel\n|-resisted|p2a: Dragapult\n|-damage|p2a: Dragapult|67\/100\n|-damage|p2b: Chien-Pao|0 fnt\n|faint|p2b: Chien-Pao\n|-damage|p1b: joe|62\/100|[from] item: Life Orb\n|\n|upkeep\n|\n|t:|1681962729\n|switch|p2b: Chi-Yu|Chi-Yu, L50|91\/100\n|-ability|p2b: Chi-Yu|Beads of Ruin\n|turn|4\n|\n|t:|1681962737\n|move|p2b: Chi-Yu|Protect|p2b: Chi-Yu\n|-singleturn|p2b: Chi-Yu|Protect\n|move|p2a: Dragapult|Phantom Force||[still]\n|-prepare|p2a: Dragapult|Phantom Force\n|move|p1b: joe|Surf|p2b: Chi-Yu|[spread] \n|-miss|p1b: joe|p1a: Elieel\n|-miss|p1b: joe|p2a: Dragapult\n|-activate|p2b: Chi-Yu|move: Protect\n|\n|upkeep\n|turn|5\n|\n|t:|1681962750\n|-terastallize|p2b: Chi-Yu|Grass\n|move|p2a: Dragapult|Phantom Force|p1b: joe|[from]lockedmove\n|-damage|p1b: joe|38\/100\n|move|p1b: joe|Surf|p2b: Chi-Yu|[spread] p2a,p2b\n|-miss|p1b: joe|p1a: Elieel\n|-resisted|p2a: Dragapult\n|-resisted|p2b: Chi-Yu\n|-damage|p2a: Dragapult|23\/100\n|-damage|p2b: Chi-Yu|62\/100\n|-damage|p1b: joe|28\/100|[from] item: Life Orb\n|move|p2b: Chi-Yu|Dark Pulse|p1b: joe\n|-damage|p1b: joe|0 fnt\n|faint|p1b: joe\n|-damage|p2b: Chi-Yu|52\/100|[from] item: Life Orb\n|\n|upkeep\n|turn|6\n|\n|t:|1681962767\n|move|p1a: Elieel|Icy Wind|p2b: Chi-Yu|[spread] p2a,p2b\n|-supereffective|p2a: Dragapult\n|-crit|p2a: Dragapult\n|-supereffective|p2b: Chi-Yu\n|-damage|p2a: Dragapult|0 fnt\n|-damage|p2b: Chi-Yu|21\/100\n|-unboost|p2b: Chi-Yu|spe|1\n|faint|p2a: Dragapult\n|move|p2b: Chi-Yu|Dark Pulse|p1a: Elieel\n|-damage|p1a: Elieel|3\/100\n|-damage|p2b: Chi-Yu|11\/100|[from] item: Life Orb\n|\n|upkeep\n|turn|7\n|\n|t:|1681962777\n|move|p1a: Elieel|Icy Wind|p2b: Chi-Yu\n|-supereffective|p2b: Chi-Yu\n|-damage|p2b: Chi-Yu|0 fnt\n|faint|p2b: Chi-Yu\n|\n|win|cb-sooner\n|raw|cb-sooner's rating: 1241 → 1273<\/strong> (+32 for winning)\n|raw|Conia's rating: 1335 → 1310<\/strong> (-25 for losing)\n","uploadtime":1681962781,"views":11,"p1id":"cbsooner","p2id":"conia","formatid":"gen9vgc2023regulationc","rating":1273,"private":0,"password":""}