{"id":"gen9vgc2023regulationc-1846622216","p1":"RitmanTesting1","p2":"mad skwovet","format":"[Gen 9] VGC 2023 Regulation C","log":"|j|\u2606RitmanTesting1\n|j|\u2606mad skwovet\n|t:|1681858317\n|gametype|doubles\n|player|p1|RitmanTesting1|byron|1329\n|player|p2|mad skwovet|pokemaniac|1333\n|teamsize|p1|6\n|teamsize|p2|6\n|gen|9\n|tier|[Gen 9] VGC 2023 Regulation C\n|rated|\n|rule|Species Clause: Limit one of each Pok\u00e9mon\n|rule|Item Clause: Limit one of each item\n|clearpoke\n|poke|p1|Wo-Chien, L50|\n|poke|p1|Glimmora, L50, M|\n|poke|p1|Baxcalibur, L50, F|\n|poke|p1|Flutter Mane, L50|\n|poke|p1|Arcanine, L50, F|\n|poke|p1|Roaring Moon, L50|\n|poke|p2|Scream Tail, L50|\n|poke|p2|Gothitelle, L50, F|\n|poke|p2|Gyarados, L50, M|\n|poke|p2|Ting-Lu, L50|\n|poke|p2|Amoonguss, L50, M|\n|poke|p2|Iron Hands, L50|\n|teampreview|4\nRitmanTesting1 has agreed to open team sheets.\nmad skwovet has agreed to open team sheets.\n|inactive|Battle timer is ON: inactive players will automatically lose when time's up. (requested by RitmanTesting1)\n|inactive|RitmanTesting1 has 60 seconds left.\n|inactive|mad skwovet has 60 seconds left.\n|\n|t:|1681858370\n|start\n|switch|p1a: Flutter Mane|Flutter Mane, L50|100\/100\n|switch|p1b: Glimmora|Glimmora, L50, M|100\/100\n|switch|p2a: Scream Tail|Scream Tail, L50|100\/100\n|switch|p2b: Gothitelle|Gothitelle, L50, F|100\/100\n|-enditem|p2a: Scream Tail|Booster Energy\n|-activate|p2a: Scream Tail|ability: Protosynthesis|[fromitem]\n|-start|p2a: Scream Tail|protosynthesisspe\n|turn|1\n|inactive|mad skwovet has 30 seconds left.\n|inactive|mad skwovet has 20 seconds left.\n|\n|t:|1681858410\n|switch|p2b: Ting-Lu|Ting-Lu, L50|100\/100\n|-ability|p2b: Ting-Lu|Vessel of Ruin\n|move|p2a: Scream Tail|Protect|p2a: Scream Tail\n|-singleturn|p2a: Scream Tail|Protect\n|move|p1a: Flutter Mane|Shadow Ball|p2a: Scream Tail\n|-activate|p2a: Scream Tail|move: Protect\n|move|p1b: Glimmora|Mortal Spin|p2a: Scream Tail|[spread] p2b\n|-activate|p2a: Scream Tail|move: Protect\n|-resisted|p2b: Ting-Lu\n|-damage|p2b: Ting-Lu|99\/100\n|-status|p2b: Ting-Lu|psn\n|\n|-heal|p2b: Ting-Lu|100\/100 psn|[from] item: Leftovers\n|-damage|p2b: Ting-Lu|88\/100 psn|[from] psn\n|upkeep\n|turn|2\n|inactive|mad skwovet has 30 seconds left.\n|inactive|mad skwovet has 20 seconds left.\n|inactive|mad skwovet has 15 seconds left.\n|inactive|mad skwovet has 10 seconds left.\n|\n|t:|1681858457\n|-end|p1a: Flutter Mane|Protosynthesis|[silent]\n|switch|p1a: Wo-Chien|Wo-Chien, L50|100\/100\n|-ability|p1a: Wo-Chien|Tablets of Ruin\n|-terastallize|p1b: Glimmora|Grass\n|move|p2a: Scream Tail|Disable||[still]\n|-fail|p2a: Scream Tail\n|move|p1b: Glimmora|Sludge Bomb|p2a: Scream Tail\n|-supereffective|p2a: Scream Tail\n|-damage|p2a: Scream Tail|46\/100\n|move|p2b: Ting-Lu|Stomping Tantrum|p1b: Glimmora\n|-resisted|p1b: Glimmora\n|-damage|p1b: Glimmora|88\/100\n|-activate|p1b: Glimmora|ability: Toxic Debris\n|-sidestart|p2: mad skwovet|move: Toxic Spikes\n|\n|-heal|p2b: Ting-Lu|94\/100 psn|[from] item: Leftovers\n|-damage|p2b: Ting-Lu|82\/100 psn|[from] psn\n|upkeep\n|turn|3\n|inactive|RitmanTesting1 has 30 seconds left.\n|inactive|mad skwovet has 30 seconds left.\n|\n|t:|1681858483\n|switch|p2b: Gothitelle|Gothitelle, L50, F|100\/100\n|-status|p2b: Gothitelle|psn\n|-terastallize|p2a: Scream Tail|Steel\n|move|p2a: Scream Tail|Perish Song|p2a: Scream Tail\n|-start|p1a: Wo-Chien|perish3|[silent]\n|-start|p1b: Glimmora|perish3|[silent]\n|-start|p2a: Scream Tail|perish3|[silent]\n|-start|p2b: Gothitelle|perish3|[silent]\n|-fieldactivate|move: Perish Song\n|move|p1b: Glimmora|Mortal Spin|p2a: Scream Tail|[spread] p2b\n|-immune|p2a: Scream Tail\n|-damage|p2b: Gothitelle|98\/100 psn\n|move|p1a: Wo-Chien|Leech Seed|p2b: Gothitelle\n|-start|p2b: Gothitelle|move: Leech Seed\n|\n|-damage|p2b: Gothitelle|86\/100 psn|[from] Leech Seed|[of] p1a: Wo-Chien\n|-damage|p2b: Gothitelle|73\/100 psn|[from] psn\n|-start|p2a: Scream Tail|perish3\n|-start|p1b: Glimmora|perish3\n|-start|p1a: Wo-Chien|perish3\n|-start|p2b: Gothitelle|perish3\n|upkeep\n|turn|4\n|inactive|RitmanTesting1 has 30 seconds left.\n|inactive|mad skwovet has 30 seconds left.\n|inactive|RitmanTesting1 has 20 seconds left.\n|inactive|mad skwovet has 20 seconds left.\n|\n|t:|1681858520\n|move|p2a: Scream Tail|Disable|p1a: Wo-Chien\n|-start|p1a: Wo-Chien|Disable|Leech Seed\n|move|p1b: Glimmora|Power Gem|p2b: Gothitelle\n|-damage|p2b: Gothitelle|36\/100 psn\n|-enditem|p2b: Gothitelle|Sitrus Berry|[eat]\n|-heal|p2b: Gothitelle|61\/100 psn|[from] item: Sitrus Berry\n|cant|p1a: Wo-Chien|Disable|Leech Seed\n|move|p2b: Gothitelle|Heal Pulse|p2a: Scream Tail\n|-heal|p2a: Scream Tail|96\/100\n|\n|-damage|p2b: Gothitelle|48\/100 psn|[from] Leech Seed|[of] p1a: Wo-Chien\n|-damage|p2b: Gothitelle|36\/100 psn|[from] psn\n|-start|p2a: Scream Tail|perish2\n|-start|p1b: Glimmora|perish2\n|-start|p1a: Wo-Chien|perish2\n|-start|p2b: Gothitelle|perish2\n|upkeep\n|turn|5\n|\n|t:|1681858543\n|move|p2a: Scream Tail|Protect|p2a: Scream Tail\n|-singleturn|p2a: Scream Tail|Protect\n|move|p2b: Gothitelle|Protect|p2b: Gothitelle\n|-singleturn|p2b: Gothitelle|Protect\n|move|p1b: Glimmora|Earth Power|p2a: Scream Tail\n|-activate|p2a: Scream Tail|move: Protect\n|move|p1a: Wo-Chien|Snarl|p2a: Scream Tail|[spread] \n|-activate|p2a: Scream Tail|move: Protect\n|-activate|p2b: Gothitelle|move: Protect\n|\n|-damage|p2b: Gothitelle|23\/100 psn|[from] Leech Seed|[of] p1a: Wo-Chien\n|-damage|p2b: Gothitelle|11\/100 psn|[from] psn\n|-start|p2a: Scream Tail|perish1\n|-start|p1b: Glimmora|perish1\n|-start|p1a: Wo-Chien|perish1\n|-start|p2b: Gothitelle|perish1\n|upkeep\n|turn|6\n|\n|t:|1681858566\n|-end|p2a: Scream Tail|Protosynthesis|[silent]\n|switch|p2a: Ting-Lu|Ting-Lu, L50|82\/100 psn\n|-ability|p2a: Ting-Lu|Vessel of Ruin\n|move|p1b: Glimmora|Power Gem|p2a: Ting-Lu\n|-resisted|p2a: Ting-Lu\n|-damage|p2a: Ting-Lu|70\/100 psn\n|move|p1a: Wo-Chien|Snarl|p2a: Ting-Lu|[spread] p2a,p2b\n|-resisted|p2a: Ting-Lu\n|-crit|p2a: Ting-Lu\n|-supereffective|p2b: Gothitelle\n|-damage|p2a: Ting-Lu|65\/100 psn\n|-damage|p2b: Gothitelle|0 fnt\n|-unboost|p2a: Ting-Lu|spa|1\n|faint|p2b: Gothitelle\n|\n|-heal|p2a: Ting-Lu|71\/100 psn|[from] item: Leftovers\n|-damage|p2a: Ting-Lu|59\/100 psn|[from] psn\n|-start|p1b: Glimmora|perish0\n|-start|p1a: Wo-Chien|perish0\n|upkeep\n|faint|p1b: Glimmora\n|faint|p1a: Wo-Chien\n|\n|t:|1681858585\n|switch|p1b: Roaring Moon|Roaring Moon, L50|100\/100\n|switch|p1a: Flutter Mane|Flutter Mane, L50|100\/100\n|switch|p2b: Scream Tail|Scream Tail, L50, tera:Steel|96\/100\n|-enditem|p1b: Roaring Moon|Booster Energy\n|-activate|p1b: Roaring Moon|ability: Protosynthesis|[fromitem]\n|-start|p1b: Roaring Moon|protosynthesisspe\n|turn|7\n|-message|RitmanTesting1 forfeited.\n|\n|win|mad skwovet\n|raw|RitmanTesting1's rating: 1329 → 1309<\/strong> (-20 for losing)\n|raw|mad skwovet's rating: 1333 → 1353<\/strong> (+20 for winning)\n|l|\u2606RitmanTesting1\n","uploadtime":1681858618,"views":15,"p1id":"ritmantesting1","p2id":"madskwovet","formatid":"gen9vgc2023regulationc","rating":1309,"private":0,"password":""}