{"id":"gen9vgc2023regulationc-1859871315","p1":"DaddySenpai423","p2":"Yeparoonies","format":"[Gen 9] VGC 2023 Regulation C","log":"|j|\u2606DaddySenpai423\n|j|\u2606Yeparoonies\n|t:|1683571517\n|gametype|doubles\n|player|p1|DaddySenpai423|byron|1083\n|player|p2|Yeparoonies|lucas-gen4pt|1000\n|teamsize|p1|6\n|teamsize|p2|6\n|gen|9\n|tier|[Gen 9] VGC 2023 Regulation C\n|rated|\n|rule|Species Clause: Limit one of each Pok\u00e9mon\n|rule|Item Clause: Limit one of each item\n|clearpoke\n|poke|p1|Flutter Mane, L50|\n|poke|p1|Amoonguss, L50, F|\n|poke|p1|Ting-Lu, L50|\n|poke|p1|Arcanine, L50, M|\n|poke|p1|Palafin, L50, M|\n|poke|p1|Glimmora, L50, F|\n|poke|p2|Garchomp, L50, M|\n|poke|p2|Flutter Mane, L50|\n|poke|p2|Chien-Pao, L50|\n|poke|p2|Amoonguss, L50, F|\n|poke|p2|Arcanine, L50, F|\n|poke|p2|Ting-Lu, L50|\n|teampreview|4\nDaddySenpai423 rejected open team sheets.\n|inactive|Battle timer is ON: inactive players will automatically lose when time's up. (requested by Yeparoonies)\n|inactive|DaddySenpai423 has 60 seconds left.\n|\n|t:|1683571581\n|start\n|switch|p1a: Flutter Mane|Flutter Mane, L50, shiny|100\/100\n|switch|p1b: Arcanine|Arcanine, L50, M|100\/100\n|switch|p2a: Garchomp|Garchomp, L50, M|100\/100\n|switch|p2b: Flutter Mane|Flutter Mane, L50|100\/100\n|-ability|p1b: Arcanine|Intimidate|boost\n|-fail|p2a: Garchomp|unboost|[from] item: Clear Amulet|[of] p2a: Garchomp\n|-unboost|p2b: Flutter Mane|atk|1\n|-enditem|p2b: Flutter Mane|Booster Energy\n|-activate|p2b: Flutter Mane|ability: Protosynthesis|[fromitem]\n|-start|p2b: Flutter Mane|protosynthesisspe\n|-enditem|p1a: Flutter Mane|Booster Energy\n|-activate|p1a: Flutter Mane|ability: Protosynthesis|[fromitem]\n|-start|p1a: Flutter Mane|protosynthesisspa\n|turn|1\n|inactive|Yeparoonies has 30 seconds left.\n|\n|t:|1683571610\n|-terastallize|p1b: Arcanine|Grass\n|move|p2b: Flutter Mane|Protect|p2b: Flutter Mane\n|-singleturn|p2b: Flutter Mane|Protect\n|move|p1a: Flutter Mane|Protect|p1a: Flutter Mane\n|-singleturn|p1a: Flutter Mane|Protect\n|move|p2a: Garchomp|Earthquake|p1b: Arcanine|[spread] p1b\n|-activate|p2b: Flutter Mane|move: Protect\n|-activate|p1a: Flutter Mane|move: Protect\n|-resisted|p1b: Arcanine\n|-damage|p1b: Arcanine|81\/100\n|move|p1b: Arcanine|Will-O-Wisp|p2a: Garchomp\n|-status|p2a: Garchomp|brn\n|\n|-damage|p2a: Garchomp|94\/100 brn|[from] brn\n|upkeep\n|turn|2\n|inactive|DaddySenpai423 has 30 seconds left.\n|inactive|Yeparoonies has 30 seconds left.\n|inactive|Yeparoonies has 20 seconds left.\n|inactive|Yeparoonies has 15 seconds left.\n|\n|t:|1683571652\n|move|p2b: Flutter Mane|Shadow Ball|p1b: Arcanine\n|-damage|p1b: Arcanine|38\/100\n|-enditem|p1b: Arcanine|Sitrus Berry|[eat]\n|-heal|p1b: Arcanine|63\/100|[from] item: Sitrus Berry\n|move|p1a: Flutter Mane|Dazzling Gleam|p2a: Garchomp|[spread] p2a,p2b\n|-supereffective|p2a: Garchomp\n|-damage|p2a: Garchomp|9\/100 brn\n|-damage|p2b: Flutter Mane|54\/100\n|move|p2a: Garchomp|Rock Slide|p1b: Arcanine|[spread] p1a,p1b\n|-damage|p1a: Flutter Mane|80\/100\n|-damage|p1b: Arcanine|53\/100\n|move|p1b: Arcanine|Snarl|p2a: Garchomp|[spread] p2a,p2b\n|-damage|p2a: Garchomp|0 fnt\n|-damage|p2b: Flutter Mane|45\/100\n|-unboost|p2b: Flutter Mane|spa|1\n|faint|p2a: Garchomp\n|\n|upkeep\n|inactive|Yeparoonies has 30 seconds left.\n|\n|t:|1683571682\n|switch|p2a: Arcanine|Arcanine, L50, F|100\/100\n|-ability|p2a: Arcanine|Intimidate|boost\n|-unboost|p1a: Flutter Mane|atk|1\n|-unboost|p1b: Arcanine|atk|1\n|turn|3\n|\n|t:|1683571702\n|switch|p1b: Ting-Lu|Ting-Lu, L50|100\/100\n|-ability|p1b: Ting-Lu|Vessel of Ruin\n|move|p2b: Flutter Mane|Dazzling Gleam|p1b: Ting-Lu|[spread] p1a,p1b\n|-supereffective|p1b: Ting-Lu\n|-damage|p1a: Flutter Mane|62\/100\n|-damage|p1b: Ting-Lu|86\/100\n|move|p1a: Flutter Mane|Hex|p2b: Flutter Mane\n|-supereffective|p2b: Flutter Mane\n|-damage|p2b: Flutter Mane|0 fnt\n|faint|p2b: Flutter Mane\n|-end|p2b: Flutter Mane|Protosynthesis|[silent]\n|move|p2a: Arcanine|Flare Blitz|p1b: Ting-Lu\n|-damage|p1b: Ting-Lu|49\/100\n|-damage|p2a: Arcanine|81\/100|[from] Recoil\n|\n|upkeep\n|\n|t:|1683571716\n|switch|p2b: Amoonguss|Amoonguss, L50, F|100\/100\n|turn|4\n|inactive|DaddySenpai423 has 30 seconds left.\n|inactive|DaddySenpai423 has 20 seconds left.\n|\n|t:|1683571752\n|move|p1a: Flutter Mane|Mystical Fire|p2b: Amoonguss\n|-supereffective|p2b: Amoonguss\n|-damage|p2b: Amoonguss|53\/100\n|-unboost|p2b: Amoonguss|spa|1\n|move|p2a: Arcanine|Will-O-Wisp|p1b: Ting-Lu\n|-status|p1b: Ting-Lu|brn\n|move|p2b: Amoonguss|Pollen Puff|p2a: Arcanine\n|-heal|p2a: Arcanine|100\/100\n|move|p1b: Ting-Lu|Stomping Tantrum|p2a: Arcanine\n|-supereffective|p2a: Arcanine\n|-damage|p2a: Arcanine|54\/100\n|\n|-damage|p1b: Ting-Lu|43\/100 brn|[from] brn\n|upkeep\n|turn|5\n|inactive|Yeparoonies has 30 seconds left.\n|\n|t:|1683571778\n|move|p2a: Arcanine|Extreme Speed|p1b: Ting-Lu\n|-damage|p1b: Ting-Lu|28\/100 brn\n|move|p1a: Flutter Mane|Mystical Fire|p2b: Amoonguss\n|-supereffective|p2b: Amoonguss\n|-damage|p2b: Amoonguss|5\/100\n|-unboost|p2b: Amoonguss|spa|1\n|-enditem|p2b: Amoonguss|Sitrus Berry|[eat]\n|-heal|p2b: Amoonguss|29\/100|[from] item: Sitrus Berry\n|move|p2b: Amoonguss|Spore|p1a: Flutter Mane\n|-status|p1a: Flutter Mane|slp|[from] move: Spore\n|move|p1b: Ting-Lu|Stomping Tantrum|p2a: Arcanine\n|-supereffective|p2a: Arcanine\n|-damage|p2a: Arcanine|8\/100\n|\n|-damage|p1b: Ting-Lu|21\/100 brn|[from] brn\n|upkeep\n|turn|6\n|\n|t:|1683571797\n|move|p2a: Arcanine|Protect|p2a: Arcanine\n|-singleturn|p2a: Arcanine|Protect\n|cant|p1a: Flutter Mane|slp\n|move|p2b: Amoonguss|Spore|p2a: Arcanine\n|-activate|p2a: Arcanine|move: Protect\n|move|p1b: Ting-Lu|Stomping Tantrum|p2a: Arcanine\n|-activate|p2a: Arcanine|move: Protect\n|\n|-damage|p1b: Ting-Lu|15\/100 brn|[from] brn\n|upkeep\n|turn|7\n|\n|t:|1683571817\n|move|p2a: Arcanine|Extreme Speed|p1b: Ting-Lu\n|-damage|p1b: Ting-Lu|0 fnt\n|faint|p1b: Ting-Lu\n|cant|p1a: Flutter Mane|slp\n|move|p2b: Amoonguss|Pollen Puff|p2a: Arcanine\n|-heal|p2a: Arcanine|58\/100\n|\n|upkeep\n|\n|t:|1683571834\n|switch|p1b: Amoonguss|Amoonguss, L50, F, shiny|100\/100\n|turn|8\n|\n|t:|1683571858\n|move|p2b: Amoonguss|Protect|p2b: Amoonguss\n|-singleturn|p2b: Amoonguss|Protect\n|cant|p1a: Flutter Mane|slp\n|move|p2a: Arcanine|Flare Blitz|p1b: Amoonguss\n|-supereffective|p1b: Amoonguss\n|-damage|p1b: Amoonguss|10\/100\n|-damage|p2a: Arcanine|41\/100|[from] item: Rocky Helmet|[of] p1b: Amoonguss\n|-damage|p2a: Arcanine|2\/100|[from] Recoil\n|move|p1b: Amoonguss|Spore|p2a: Arcanine\n|-activate|p2a: Arcanine|item: Safety Goggles|Spore\n|\n|upkeep\n|turn|9\n|\n|t:|1683571876\n|move|p2a: Arcanine|Protect|p2a: Arcanine\n|-singleturn|p2a: Arcanine|Protect\n|move|p1b: Amoonguss|Rage Powder|p1b: Amoonguss\n|-singleturn|p1b: Amoonguss|move: Rage Powder\n|-curestatus|p1a: Flutter Mane|slp|[msg]\n|move|p1a: Flutter Mane|Dazzling Gleam|p2a: Arcanine|[spread] p2b\n|-activate|p2a: Arcanine|move: Protect\n|-resisted|p2b: Amoonguss\n|-damage|p2b: Amoonguss|9\/100\n|move|p2b: Amoonguss|Pollen Puff|p2a: Arcanine\n|-activate|p2a: Arcanine|move: Protect\n|\n|upkeep\n|turn|10\n|c|\u2606DaddySenpai423|gg\n|inactive|Yeparoonies has 30 seconds left.\n|c|\u2606Yeparoonies|how do i forfeit\n|c|\u2606DaddySenpai423|lmao\n|inactive|Yeparoonies has 20 seconds left.\n|c|\u2606DaddySenpai423|click the x\n|c|\u2606DaddySenpai423|on the battlet ab\n|inactive|Yeparoonies has 15 seconds left.\n|c|\u2606Yeparoonies|gg\n|inactive|Yeparoonies has 10 seconds left.\n|-message|Yeparoonies forfeited.\n|\n|win|DaddySenpai423\n|raw|DaddySenpai423's rating: 1083 → 1104<\/strong> (+21 for winning)\n|raw|Yeparoonies's rating: 1000 → 1000<\/strong> (+0 for losing)\n|l|\u2606Yeparoonies\n","uploadtime":1683571927,"views":9,"p1id":"daddysenpai423","p2id":"yeparoonies","formatid":"gen9vgc2023regulationc","rating":1000,"private":0,"password":""}