{"id":"gen9vgc2023regulationc-1850011027","p1":"fizzywizzyglizzy","p2":"Cocobeloeil3","format":"[Gen 9] VGC 2023 Regulation C","log":"|j|\u2606fizzywizzyglizzy\n|j|\u2606Cocobeloeil3\n|t:|1682277740\n|gametype|doubles\n|player|p1|fizzywizzyglizzy|102|1516\n|player|p2|Cocobeloeil3|265|1632\n|teamsize|p1|6\n|teamsize|p2|6\n|gen|9\n|tier|[Gen 9] VGC 2023 Regulation C\n|rated|\n|rule|Species Clause: Limit one of each Pok\u00e9mon\n|rule|Item Clause: Limit one of each item\n|clearpoke\n|poke|p1|Arcanine, L50, M|\n|poke|p1|Palafin, L50, F|\n|poke|p1|Chien-Pao, L50|\n|poke|p1|Garganacl, L50, M|\n|poke|p1|Flutter Mane, L50|\n|poke|p1|Amoonguss, L50, F|\n|poke|p2|Roaring Moon, L50|\n|poke|p2|Tyranitar, L50, M|\n|poke|p2|Flutter Mane, L50|\n|poke|p2|Gyarados, L50, M|\n|poke|p2|Scizor, L50, M|\n|poke|p2|Dragonite, L50, F|\n|teampreview|4\n|\n|t:|1682277779\n|start\n|switch|p1a: Arcanine|Arcanine, L50, M|100\/100\n|switch|p1b: Garganacl|Garganacl, L50, M, shiny|100\/100\n|switch|p2a: Roaring Moon|Roaring Moon, L50|100\/100\n|switch|p2b: Tyranitar|Tyranitar, L50, M|100\/100\n|-ability|p1a: Arcanine|Intimidate|boost\n|-unboost|p2a: Roaring Moon|atk|1\n|-fail|p2b: Tyranitar|unboost|[from] item: Clear Amulet|[of] p2b: Tyranitar\n|-weather|Sandstorm|[from] ability: Sand Stream|[of] p2b: Tyranitar\n|-enditem|p2a: Roaring Moon|Booster Energy\n|-activate|p2a: Roaring Moon|ability: Protosynthesis|[fromitem]\n|-start|p2a: Roaring Moon|protosynthesisspe\n|turn|1\n|inactive|Battle timer is ON: inactive players will automatically lose when time's up. (requested by Cocobeloeil3)\n|\n|t:|1682277802\n|-terastallize|p2b: Tyranitar|Fire\n|move|p2a: Roaring Moon|Breaking Swipe|p1b: Garganacl|[spread] p1a,p1b\n|-damage|p1a: Arcanine|87\/100\n|-damage|p1b: Garganacl|90\/100\n|-unboost|p1a: Arcanine|atk|1\n|-unboost|p1b: Garganacl|atk|1\n|move|p1a: Arcanine|Will-O-Wisp|p2b: Tyranitar\n|-immune|p2b: Tyranitar\n|move|p2b: Tyranitar|Assurance|p1b: Garganacl\n|-damage|p1b: Garganacl|43\/100\n|move|p1b: Garganacl|Salt Cure|p2a: Roaring Moon\n|-damage|p2a: Roaring Moon|90\/100\n|-start|p2a: Roaring Moon|Salt Cure\n|\n|-weather|Sandstorm|[upkeep]\n|-damage|p2a: Roaring Moon|85\/100|[from] Sandstorm\n|-damage|p2b: Tyranitar|94\/100|[from] Sandstorm\n|-heal|p1b: Garganacl|48\/100|[from] item: Leftovers\n|-damage|p2a: Roaring Moon|72\/100|[from] Salt Cure\n|upkeep\n|turn|2\n|inactive|fizzywizzyglizzy has 30 seconds left.\n|\n|t:|1682277827\n|move|p1b: Garganacl|Protect|p1b: Garganacl\n|-singleturn|p1b: Garganacl|Protect\n|move|p2a: Roaring Moon|Tailwind|p2a: Roaring Moon\n|-sidestart|p2: Cocobeloeil3|move: Tailwind\n|move|p2b: Tyranitar|Rock Slide|p1a: Arcanine|[spread] p1a\n|-activate|p1b: Garganacl|move: Protect\n|-supereffective|p1a: Arcanine\n|-damage|p1a: Arcanine|28\/100\n|move|p1a: Arcanine|Will-O-Wisp|p2a: Roaring Moon|[miss]\n|-miss|p1a: Arcanine|p2a: Roaring Moon\n|\n|-weather|Sandstorm|[upkeep]\n|-damage|p2a: Roaring Moon|67\/100|[from] Sandstorm\n|-damage|p2b: Tyranitar|88\/100|[from] Sandstorm\n|-heal|p1b: Garganacl|54\/100|[from] item: Leftovers\n|-damage|p2a: Roaring Moon|55\/100|[from] Salt Cure\n|upkeep\n|turn|3\n|inactive|fizzywizzyglizzy has 30 seconds left.\n|\n|t:|1682277854\n|switch|p1b: Amoonguss|Amoonguss, L50, F|100\/100\n|move|p2a: Roaring Moon|Breaking Swipe|p1a: Arcanine|[spread] p1a,p1b\n|-damage|p1a: Arcanine|15\/100\n|-damage|p1b: Amoonguss|89\/100\n|-unboost|p1a: Arcanine|atk|1\n|-unboost|p1b: Amoonguss|atk|1\n|move|p2b: Tyranitar|Assurance|p1b: Amoonguss\n|-damage|p1b: Amoonguss|36\/100\n|-enditem|p1b: Amoonguss|Sitrus Berry|[eat]\n|-heal|p1b: Amoonguss|61\/100|[from] item: Sitrus Berry\n|move|p1a: Arcanine|Will-O-Wisp|p2a: Roaring Moon|[miss]\n|-miss|p1a: Arcanine|p2a: Roaring Moon\n|\n|-weather|Sandstorm|[upkeep]\n|-damage|p2a: Roaring Moon|49\/100|[from] Sandstorm\n|-damage|p2b: Tyranitar|82\/100|[from] Sandstorm\n|-damage|p1b: Amoonguss|55\/100|[from] Sandstorm\n|-damage|p2a: Roaring Moon|37\/100|[from] Salt Cure\n|upkeep\n|turn|4\n|inactive|fizzywizzyglizzy has 30 seconds left.\n|\n|t:|1682277882\n|switch|p1a: Palafin|Palafin, L50, F|100\/100\n|move|p1b: Amoonguss|Protect|p1b: Amoonguss\n|-singleturn|p1b: Amoonguss|Protect\n|move|p2a: Roaring Moon|Breaking Swipe|p1b: Amoonguss|[spread] p1a\n|-activate|p1b: Amoonguss|move: Protect\n|-crit|p1a: Palafin\n|-damage|p1a: Palafin|65\/100\n|-unboost|p1a: Palafin|atk|1\n|move|p2b: Tyranitar|Assurance|p1b: Amoonguss\n|-activate|p1b: Amoonguss|move: Protect\n|\n|-weather|Sandstorm|[upkeep]\n|-damage|p2a: Roaring Moon|31\/100|[from] Sandstorm\n|-damage|p2b: Tyranitar|76\/100|[from] Sandstorm\n|-damage|p1a: Palafin|59\/100|[from] Sandstorm\n|-damage|p1b: Amoonguss|49\/100|[from] Sandstorm\n|-damage|p2a: Roaring Moon|19\/100|[from] Salt Cure\n|upkeep\n|turn|5\n|inactive|fizzywizzyglizzy has 30 seconds left.\n|\n|t:|1682277911\n|detailschange|p1a: Palafin|Palafin-Hero, L50, F\n|switch|p1a: Garganacl|Garganacl, L50, M, shiny|54\/100\n|move|p2a: Roaring Moon|Breaking Swipe|p1a: Garganacl|[spread] p1a,p1b\n|-damage|p1a: Garganacl|45\/100\n|-damage|p1b: Amoonguss|39\/100\n|-unboost|p1a: Garganacl|atk|1\n|-unboost|p1b: Amoonguss|atk|1\n|move|p2b: Tyranitar|Assurance|p1b: Amoonguss\n|-damage|p1b: Amoonguss|0 fnt\n|faint|p1b: Amoonguss\n|\n|-weather|none\n|-heal|p1a: Garganacl|51\/100|[from] item: Leftovers\n|-damage|p2a: Roaring Moon|7\/100|[from] Salt Cure\n|-sideend|p2: Cocobeloeil3|move: Tailwind\n|upkeep\n|\n|t:|1682277927\n|switch|p1b: Palafin|Palafin-Hero, L50, F|59\/100\n|-activate|p1b: Palafin|ability: Zero to Hero\n|turn|6\n|\n|t:|1682277940\n|-terastallize|p1b: Palafin|Water\n|move|p1b: Palafin|Jet Punch|p2b: Tyranitar\n|-supereffective|p2b: Tyranitar\n|-damage|p2b: Tyranitar|0 fnt\n|faint|p2b: Tyranitar\n|move|p2a: Roaring Moon|Breaking Swipe|p1a: Garganacl|[spread] p1a,p1b\n|-damage|p1a: Garganacl|42\/100\n|-damage|p1b: Palafin|45\/100\n|-unboost|p1a: Garganacl|atk|1\n|-unboost|p1b: Palafin|atk|1\n|move|p1a: Garganacl|Recover|p1a: Garganacl\n|-heal|p1a: Garganacl|92\/100\n|\n|-heal|p1a: Garganacl|98\/100|[from] item: Leftovers\n|-damage|p2a: Roaring Moon|0 fnt|[from] Salt Cure\n|faint|p2a: Roaring Moon\n|-end|p2a: Roaring Moon|Protosynthesis|[silent]\n|upkeep\n|\n|t:|1682277949\n|switch|p2a: Dragonite|Dragonite, L50, F|100\/100\n|switch|p2b: Scizor|Scizor, L50, M|100\/100\n|turn|7\n|j| VGCLight\n|\n|t:|1682277973\n|switch|p1a: Arcanine|Arcanine, L50, M|15\/100\n|-ability|p1a: Arcanine|Intimidate|boost\n|-fail|p2a: Dragonite|unboost|Attack|[from] ability: Inner Focus|[of] p2a: Dragonite\n|-unboost|p2b: Scizor|atk|1\n|move|p2a: Dragonite|Extreme Speed|p1b: Palafin\n|-damage|p1b: Palafin|0 fnt\n|faint|p1b: Palafin\n|move|p2b: Scizor|Bullet Punch|p1a: Arcanine\n|-resisted|p1a: Arcanine\n|-damage|p1a: Arcanine|2\/100\n|\n|upkeep\n|\n|t:|1682277985\n|switch|p1b: Garganacl|Garganacl, L50, M, shiny|98\/100\n|turn|8\n|\n|t:|1682277990\n|move|p2a: Dragonite|Extreme Speed|p1a: Arcanine\n|-damage|p1a: Arcanine|0 fnt\n|faint|p1a: Arcanine\n|move|p2b: Scizor|Bullet Punch|p1b: Garganacl\n|-supereffective|p1b: Garganacl\n|-damage|p1b: Garganacl|62\/100\n|move|p1b: Garganacl|Salt Cure|p2b: Scizor\n|-crit|p2b: Scizor\n|-damage|p2b: Scizor|81\/100\n|-start|p2b: Scizor|Salt Cure\n|\n|-heal|p1b: Garganacl|68\/100|[from] item: Leftovers\n|-damage|p2b: Scizor|56\/100|[from] Salt Cure\n|upkeep\n|turn|9\n|\n|t:|1682278004\n|move|p1b: Garganacl|Protect|p1b: Garganacl\n|-singleturn|p1b: Garganacl|Protect\n|move|p2a: Dragonite|Extreme Speed|p1b: Garganacl\n|-activate|p1b: Garganacl|move: Protect\n|move|p2b: Scizor|Bullet Punch|p1b: Garganacl\n|-activate|p1b: Garganacl|move: Protect\n|\n|-heal|p1b: Garganacl|73\/100|[from] item: Leftovers\n|-damage|p2b: Scizor|31\/100|[from] Salt Cure\n|upkeep\n|turn|10\n|\n|t:|1682278017\n|move|p2a: Dragonite|Extreme Speed|p1b: Garganacl\n|-resisted|p1b: Garganacl\n|-damage|p1b: Garganacl|58\/100\n|move|p2b: Scizor|Close Combat|p1b: Garganacl\n|-supereffective|p1b: Garganacl\n|-damage|p1b: Garganacl|17\/100\n|-unboost|p2b: Scizor|def|1\n|-unboost|p2b: Scizor|spd|1\n|move|p1b: Garganacl|Recover|p1b: Garganacl\n|-heal|p1b: Garganacl|68\/100\n|\n|-heal|p1b: Garganacl|73\/100|[from] item: Leftovers\n|-damage|p2b: Scizor|6\/100|[from] Salt Cure\n|upkeep\n|turn|11\n|-message|Cocobeloeil3 forfeited.\n|\n|win|fizzywizzyglizzy\n|raw|fizzywizzyglizzy's rating: 1516 → 1542<\/strong> (+26 for winning)\n|raw|Cocobeloeil3's rating: 1632 → 1606<\/strong> (-26 for losing)\n|l|\u2606Cocobeloeil3\n|l| VGCLight\n","uploadtime":1682278146,"views":4,"p1id":"fizzywizzyglizzy","p2id":"cocobeloeil3","formatid":"gen9vgc2023regulationc","rating":1542,"private":0,"password":""}