{"id":"gen9vgc2023regulationc-1846174753","p1":"Takamurai","p2":"hysaaron","format":"[Gen 9] VGC 2023 Regulation C","log":"|j|\u2606Takamurai\n|j|\u2606hysaaron\n|t:|1681817407\n|gametype|doubles\n|player|p1|Takamurai|milo|1110\n|player|p2|hysaaron|265|1128\n|teamsize|p1|6\n|teamsize|p2|6\n|gen|9\n|tier|[Gen 9] VGC 2023 Regulation C\n|rated|\n|rule|Species Clause: Limit one of each Pok\u00e9mon\n|rule|Item Clause: Limit one of each item\n|clearpoke\n|poke|p1|Ceruledge, L50, M|\n|poke|p1|Tyranitar, L50, M|\n|poke|p1|Houndstone, L50, M|\n|poke|p1|Palafin, L50, M|\n|poke|p1|Amoonguss, L50, M|\n|poke|p1|Flutter Mane, L50|\n|poke|p2|Annihilape, L50, F|\n|poke|p2|Maushold, L50|\n|poke|p2|Chien-Pao, L50|\n|poke|p2|Scizor, L50, F|\n|poke|p2|Gyarados, L50, F|\n|poke|p2|Ting-Lu, L50|\n|teampreview|4\n|inactive|Battle timer is ON: inactive players will automatically lose when time's up. (requested by Takamurai)\n|inactive|hysaaron has 60 seconds left.\n|\n|t:|1681817443\n|start\n|switch|p1a: Palafin|Palafin, L50, M|100\/100\n|switch|p1b: Flutter Mane|Flutter Mane, L50|100\/100\n|switch|p2a: Gyarados|Gyarados, L50, F, shiny|100\/100\n|switch|p2b: Scizor|Scizor, L50, F|100\/100\n|-ability|p2a: Gyarados|Intimidate|boost\n|-unboost|p1a: Palafin|atk|1\n|-unboost|p1b: Flutter Mane|atk|1\n|turn|1\n|inactive|hysaaron has 30 seconds left.\n|\n|t:|1681817470\n|-end|p1b: Flutter Mane|Protosynthesis|[silent]\n|switch|p1b: Houndstone|Houndstone, L50, M|100\/100\n|detailschange|p1a: Palafin|Palafin-Hero, L50, M\n|switch|p1a: Tyranitar|Tyranitar, L50, M|100\/100\n|-weather|Sandstorm|[from] ability: Sand Stream|[of] p1a: Tyranitar\n|move|p2b: Scizor|Bullet Punch|p1b: Houndstone\n|-damage|p1b: Houndstone|40\/100\n|-enditem|p1b: Houndstone|Sitrus Berry|[eat]\n|-heal|p1b: Houndstone|65\/100|[from] item: Sitrus Berry\n|move|p2a: Gyarados|Thunder Wave|p1a: Tyranitar|[miss]\n|-miss|p2a: Gyarados|p1a: Tyranitar\n|\n|-weather|Sandstorm|[upkeep]\n|-damage|p2a: Gyarados|95\/100|[from] Sandstorm\n|upkeep\n|turn|2\n|inactive|Takamurai has 30 seconds left.\n|inactive|hysaaron has 30 seconds left.\n|inactive|hysaaron has 20 seconds left.\n|inactive|hysaaron has 15 seconds left.\n|\n|t:|1681817510\n|-terastallize|p1a: Tyranitar|Flying\n|move|p2b: Scizor|Bullet Punch|p1a: Tyranitar\n|-damage|p1a: Tyranitar|61\/100\n|move|p1b: Houndstone|Howl|p1b: Houndstone|[spread] p1a,p1b\n|-boost|p1a: Tyranitar|atk|1\n|-boost|p1b: Houndstone|atk|1\n|move|p2a: Gyarados|Waterfall|p1a: Tyranitar\n|-damage|p1a: Tyranitar|35\/100\n|move|p1a: Tyranitar|Rock Slide|p2b: Scizor|[spread] p2a,p2b\n|-supereffective|p2a: Gyarados\n|-damage|p2a: Gyarados|44\/100\n|-damage|p2b: Scizor|61\/100\n|-enditem|p2a: Gyarados|Sitrus Berry|[eat]\n|-heal|p2a: Gyarados|69\/100|[from] item: Sitrus Berry\n|\n|-weather|Sandstorm|[upkeep]\n|-damage|p2a: Gyarados|63\/100|[from] Sandstorm\n|-damage|p1a: Tyranitar|29\/100|[from] Sandstorm\n|upkeep\n|turn|3\n|inactive|Takamurai has 30 seconds left.\n|inactive|hysaaron has 30 seconds left.\n|inactive|hysaaron has 20 seconds left.\n|inactive|hysaaron has 15 seconds left.\n|\n|t:|1681817551\n|switch|p1a: Palafin|Palafin-Hero, L50, M|100\/100\n|-activate|p1a: Palafin|ability: Zero to Hero\n|move|p2b: Scizor|Bullet Punch|p1a: Palafin\n|-resisted|p1a: Palafin\n|-damage|p1a: Palafin|75\/100\n|move|p1b: Houndstone|Will-O-Wisp|p2b: Scizor\n|-status|p2b: Scizor|brn\n|move|p2a: Gyarados|Thunder Wave|p1b: Houndstone|[miss]\n|-miss|p2a: Gyarados|p1b: Houndstone\n|\n|-weather|Sandstorm|[upkeep]\n|-damage|p1a: Palafin|69\/100|[from] Sandstorm\n|-damage|p2a: Gyarados|57\/100|[from] Sandstorm\n|-damage|p2b: Scizor|55\/100 brn|[from] brn\n|upkeep\n|turn|4\n|inactive|hysaaron has 30 seconds left.\n|\n|t:|1681817580\n|move|p1a: Palafin|Protect|p1a: Palafin\n|-singleturn|p1a: Palafin|Protect\n|move|p2b: Scizor|Bullet Punch|p1b: Houndstone\n|-damage|p1b: Houndstone|38\/100\n|move|p1b: Houndstone|Howl|p1b: Houndstone|[spread] p1a,p1b\n|-boost|p1a: Palafin|atk|1\n|-boost|p1b: Houndstone|atk|1\n|move|p2a: Gyarados|Thunder Wave|p1a: Palafin\n|-activate|p1a: Palafin|move: Protect\n|\n|-weather|Sandstorm|[upkeep]\n|-damage|p1a: Palafin|63\/100|[from] Sandstorm\n|-damage|p2a: Gyarados|51\/100|[from] Sandstorm\n|-damage|p2b: Scizor|49\/100 brn|[from] brn\n|upkeep\n|turn|5\n|inactive|hysaaron has 30 seconds left.\n|\n|t:|1681817609\n|move|p1a: Palafin|Jet Punch|p2b: Scizor\n|-damage|p2b: Scizor|0 fnt\n|faint|p2b: Scizor\n|move|p1b: Houndstone|Will-O-Wisp|p2a: Gyarados\n|-status|p2a: Gyarados|brn\n|move|p2a: Gyarados|Thunder Wave|p1a: Palafin\n|-status|p1a: Palafin|par\n|\n|-weather|none\n|-damage|p2a: Gyarados|45\/100 brn|[from] brn\n|upkeep\n|\n|t:|1681817623\n|switch|p2b: Ting-Lu|Ting-Lu, L50|100\/100\n|-ability|p2b: Ting-Lu|Vessel of Ruin\n|turn|6\n|inactive|hysaaron has 30 seconds left.\n|\n|t:|1681817655\n|switch|p2a: Chien-Pao|Chien-Pao, L50|100\/100\n|-ability|p2a: Chien-Pao|Sword of Ruin\n|-terastallize|p2b: Ting-Lu|Poison\n|move|p1a: Palafin|Protect|p1a: Palafin\n|-singleturn|p1a: Palafin|Protect\n|move|p1b: Houndstone|Howl|p1b: Houndstone|[spread] p1a,p1b\n|-boost|p1a: Palafin|atk|1\n|-boost|p1b: Houndstone|atk|1\n|move|p2b: Ting-Lu|Stomping Tantrum|p1b: Houndstone\n|-damage|p1b: Houndstone|0 fnt\n|faint|p1b: Houndstone\n|\n|upkeep\n|\n|t:|1681817668\n|switch|p1b: Flutter Mane|Flutter Mane, L50|100\/100\n|turn|7\n|inactive|hysaaron has 30 seconds left.\n|\n|t:|1681817701\n|move|p1a: Palafin|Jet Punch|p2a: Chien-Pao\n|-enditem|p2a: Chien-Pao|Focus Sash\n|-damage|p2a: Chien-Pao|1\/100\n|move|p1b: Flutter Mane|Moonblast|p2a: Chien-Pao\n|-supereffective|p2a: Chien-Pao\n|-damage|p2a: Chien-Pao|0 fnt\n|faint|p2a: Chien-Pao\n|move|p2b: Ting-Lu|Fissure|p1a: Palafin|[miss]\n|-miss|p2b: Ting-Lu|p1a: Palafin\n|\n|upkeep\n|\n|t:|1681817712\n|switch|p2a: Gyarados|Gyarados, L50, F, shiny|45\/100 brn\n|-ability|p2a: Gyarados|Intimidate|boost\n|-unboost|p1a: Palafin|atk|1\n|-unboost|p1b: Flutter Mane|atk|1\n|turn|8\n|\n|t:|1681817731\n|-end|p1b: Flutter Mane|Protosynthesis|[silent]\n|switch|p1b: Tyranitar|Tyranitar, L50, M, tera:Flying|29\/100\n|-weather|Sandstorm|[from] ability: Sand Stream|[of] p1b: Tyranitar\n|move|p1a: Palafin|Jet Punch|p2a: Gyarados\n|-resisted|p2a: Gyarados\n|-damage|p2a: Gyarados|20\/100 brn\n|move|p2a: Gyarados|Thunder Wave|p1b: Tyranitar\n|-status|p1b: Tyranitar|par\n|move|p2b: Ting-Lu|Stomping Tantrum|p1b: Tyranitar\n|-immune|p1b: Tyranitar\n|\n|-weather|Sandstorm|[upkeep]\n|-damage|p2a: Gyarados|14\/100 brn|[from] Sandstorm\n|-damage|p1a: Palafin|58\/100 par|[from] Sandstorm\n|-damage|p2b: Ting-Lu|94\/100|[from] Sandstorm\n|-damage|p1b: Tyranitar|24\/100 par|[from] Sandstorm\n|-damage|p2a: Gyarados|8\/100 brn|[from] brn\n|upkeep\n|turn|9\n|inactive|Takamurai has 30 seconds left.\n|inactive|hysaaron has 30 seconds left.\n|\n|t:|1681817760\n|move|p1a: Palafin|Protect|p1a: Palafin\n|-singleturn|p1a: Palafin|Protect\n|move|p2a: Gyarados|Waterfall|p1b: Tyranitar\n|-damage|p1b: Tyranitar|12\/100 par\n|move|p2b: Ting-Lu|Heavy Slam|p1b: Tyranitar\n|-damage|p1b: Tyranitar|0 fnt\n|faint|p1b: Tyranitar\n|\n|-weather|Sandstorm|[upkeep]\n|-damage|p2a: Gyarados|2\/100 brn|[from] Sandstorm\n|-damage|p1a: Palafin|52\/100 par|[from] Sandstorm\n|-damage|p2b: Ting-Lu|88\/100|[from] Sandstorm\n|-damage|p2a: Gyarados|0 fnt|[from] brn\n|faint|p2a: Gyarados\n|upkeep\n|\n|t:|1681817770\n|switch|p1b: Flutter Mane|Flutter Mane, L50|100\/100\n|turn|10\n|\n|t:|1681817780\n|move|p1b: Flutter Mane|Shadow Ball|p2b: Ting-Lu\n|-damage|p2b: Ting-Lu|68\/100\n|move|p1a: Palafin|Wave Crash|p2b: Ting-Lu\n|-damage|p2b: Ting-Lu|0 fnt\n|faint|p2b: Ting-Lu\n|-damage|p1a: Palafin|22\/100 par|[from] Recoil\n|\n|win|Takamurai\n|raw|Takamurai's rating: 1110 → 1136<\/strong> (+26 for winning)\n|raw|hysaaron's rating: 1128 → 1102<\/strong> (-26 for losing)\n|c|\u2606Takamurai|gg\n","uploadtime":1681817791,"views":9,"p1id":"takamurai","p2id":"hysaaron","formatid":"gen9vgc2023regulationc","rating":1102,"private":0,"password":""}