{"id":"gen9vgc2023regulationc-1848947248","p1":"KuroroZausa","p2":"Spler","format":"[Gen 9] VGC 2023 Regulation C","log":"|j|\u2606KuroroZausa\n|j|\u2606Spler\n|t:|1682129727\n|gametype|doubles\n|player|p1|KuroroZausa|102|1107\n|player|p2|Spler|169|1149\n|teamsize|p1|6\n|teamsize|p2|6\n|gen|9\n|tier|[Gen 9] VGC 2023 Regulation C\n|rated|\n|rule|Species Clause: Limit one of each Pok\u00e9mon\n|rule|Item Clause: Limit one of each item\n|clearpoke\n|poke|p1|Pelipper, L50, F|\n|poke|p1|Barraskewda, L50, F|\n|poke|p1|Palafin, L50, F|\n|poke|p1|Amoonguss, L50, M|\n|poke|p1|Maushold, L50|\n|poke|p1|Arcanine, L50, M|\n|poke|p2|Lycanroc-Midnight, L50, F|\n|poke|p2|Medicham, L50, M|\n|poke|p2|Dondozo, L50, M|\n|poke|p2|Tatsugiri-Stretchy, L50, M|\n|poke|p2|Mimikyu, L50, M|\n|poke|p2|Ting-Lu, L50|\n|teampreview|4\n|\n|t:|1682129755\n|start\n|switch|p1a: Maushold|Maushold, L50|100\/100\n|switch|p1b: Arcanine|Arcanine, L50, M|100\/100\n|switch|p2a: Medicham|Medicham, L50, M|100\/100\n|switch|p2b: Lycanroc|Lycanroc-Midnight, L50, F|100\/100\n|turn|1\n|\n|t:|1682129776\n|move|p1b: Arcanine|Protect|p1b: Arcanine\n|-singleturn|p1b: Arcanine|Protect\n|move|p2a: Medicham|Fake Out|p1a: Maushold\n|-damage|p1a: Maushold|76\/100\n|cant|p1a: Maushold|flinch\n|move|p2b: Lycanroc|Stone Edge|p1b: Arcanine\n|-activate|p1b: Arcanine|move: Protect\n|\n|upkeep\n|turn|2\n|\n|t:|1682129801\n|move|p1a: Maushold|Beat Up|p1b: Arcanine\n|-damage|p1b: Arcanine|98\/100\n|-ability|p1b: Arcanine|Justified|boost\n|-boost|p1b: Arcanine|atk|1\n|-damage|p1b: Arcanine|96\/100\n|-ability|p1b: Arcanine|Justified|boost\n|-boost|p1b: Arcanine|atk|1\n|-damage|p1b: Arcanine|93\/100\n|-ability|p1b: Arcanine|Justified|boost\n|-boost|p1b: Arcanine|atk|1\n|-damage|p1b: Arcanine|90\/100\n|-ability|p1b: Arcanine|Justified|boost\n|-boost|p1b: Arcanine|atk|1\n|-hitcount|p1b: Arcanine|4\n|move|p1b: Arcanine|Flare Blitz|p2b: Lycanroc\n|-resisted|p2b: Lycanroc\n|-damage|p2b: Lycanroc|0 fnt\n|faint|p2b: Lycanroc\n|-damage|p1b: Arcanine|58\/100|[from] Recoil\n|move|p2a: Medicham|Close Combat|p1a: Maushold\n|-supereffective|p1a: Maushold\n|-damage|p1a: Maushold|0 fnt\n|-unboost|p2a: Medicham|def|1\n|-unboost|p2a: Medicham|spd|1\n|faint|p1a: Maushold\n|\n|upkeep\n|\n|t:|1682129825\n|switch|p1a: Amoonguss|Amoonguss, L50, M|100\/100\n|switch|p2b: Dondozo|Dondozo, L50, M|100\/100\n|turn|3\n|\n|t:|1682129842\n|switch|p2a: Tatsugiri|Tatsugiri-Stretchy, L50, M|100\/100\n|-activate|p2a: Tatsugiri|ability: Commander|[of] p2b: Dondozo\n|-boost|p2b: Dondozo|atk|2\n|-boost|p2b: Dondozo|spa|2\n|-boost|p2b: Dondozo|spe|2\n|-boost|p2b: Dondozo|def|2\n|-boost|p2b: Dondozo|spd|2\n|move|p2b: Dondozo|Substitute|p2b: Dondozo\n|-start|p2b: Dondozo|Substitute\n|-damage|p2b: Dondozo|76\/100\n|move|p1b: Arcanine|Flare Blitz|p2a: Tatsugiri|[miss]\n|-miss|p1b: Arcanine|p2a: Tatsugiri\n|move|p1a: Amoonguss|Pollen Puff|p1b: Arcanine\n|-heal|p1b: Arcanine|100\/100\n|\n|-heal|p2b: Dondozo|82\/100|[from] item: Leftovers\n|upkeep\n|turn|4\n|\n|t:|1682129863\n|move|p1b: Arcanine|Protect|p1b: Arcanine\n|-singleturn|p1b: Arcanine|Protect\n|move|p2b: Dondozo|Fissure|p1a: Amoonguss\n|-damage|p1a: Amoonguss|0 fnt\n|faint|p1a: Amoonguss\n|-ohko\n|\n|-heal|p2b: Dondozo|88\/100|[from] item: Leftovers\n|upkeep\n|inactive|Battle timer is ON: inactive players will automatically lose when time's up. (requested by Spler)\n|\n|t:|1682129877\n|switch|p1a: Barraskewda|Barraskewda, L50, F|100\/100\n|turn|5\n|\n|t:|1682129886\n|move|p1b: Arcanine|Extreme Speed|p2b: Dondozo\n|-activate|p2b: Dondozo|move: Substitute|[damage]\n|move|p1a: Barraskewda|Liquidation|p2b: Dondozo\n|-resisted|p2b: Dondozo\n|-activate|p2b: Dondozo|move: Substitute|[damage]\n|move|p2b: Dondozo|Wave Crash|p1b: Arcanine\n|-supereffective|p1b: Arcanine\n|-crit|p1b: Arcanine\n|-damage|p1b: Arcanine|0 fnt\n|faint|p1b: Arcanine\n|-damage|p2b: Dondozo|65\/100|[from] Recoil\n|\n|-heal|p2b: Dondozo|71\/100|[from] item: Leftovers\n|upkeep\n|turn|6\n|-message|KuroroZausa forfeited.\n|\n|win|Spler\n|raw|KuroroZausa's rating: 1107 → 1085<\/strong> (-22 for losing)\n|raw|Spler's rating: 1149 → 1171<\/strong> (+22 for winning)\n|l|\u2606KuroroZausa\n","uploadtime":1682129906,"views":12,"p1id":"kurorozausa","p2id":"spler","formatid":"gen9vgc2023regulationc","rating":1085,"private":0,"password":""}