{"id":"gen9vgc2023regulationc-1857880093","p1":"Streek2002","p2":"littleh4ck","format":"[Gen 9] VGC 2023 Regulation C","log":"|j|\u2606Streek2002\n|j|\u2606littleh4ck\n|t:|1683242357\n|gametype|doubles\n|player|p1|Streek2002|nate|1081\n|player|p2|littleh4ck|larry|1099\n|teamsize|p1|6\n|teamsize|p2|6\n|gen|9\n|tier|[Gen 9] VGC 2023 Regulation C\n|rated|\n|rule|Species Clause: Limit one of each Pok\u00e9mon\n|rule|Item Clause: Limit one of each item\n|clearpoke\n|poke|p1|Jolteon, L50, F|\n|poke|p1|Sylveon, L50, F|\n|poke|p1|Umbreon, L50, M|\n|poke|p1|Vaporeon, L50, F|\n|poke|p1|Flareon, L50, F|\n|poke|p1|Espeon, L50, F|\n|poke|p2|Kingambit, L50, F|\n|poke|p2|Chien-Pao, L50|\n|poke|p2|Flutter Mane, L50|\n|poke|p2|Amoonguss, L50, M|\n|poke|p2|Dondozo, L50, M|\n|poke|p2|Iron Hands, L50|\n|teampreview|4\n|inactive|Battle timer is ON: inactive players will automatically lose when time's up. (requested by littleh4ck)\n|\n|t:|1683242391\n|start\n|switch|p1a: Jolteon hada|Sylveon, L50, F|100\/100\n|switch|p1b: Jolty|Jolteon, L50, F|100\/100\n|switch|p2a: Amoonguss|Amoonguss, L50, M|100\/100\n|switch|p2b: Dondozo|Dondozo, L50, M|100\/100\n|turn|1\n|\n|t:|1683242409\n|-terastallize|p1b: Jolty|Flying\n|-terastallize|p2b: Dondozo|Ground\n|move|p2a: Amoonguss|Protect|p2a: Amoonguss\n|-singleturn|p2a: Amoonguss|Protect\n|move|p1b: Jolty|Tera Blast|p2a: Amoonguss\n|-activate|p2a: Amoonguss|move: Protect\n|move|p1a: Jolteon hada|Substitute|p1a: Jolteon hada\n|-start|p1a: Jolteon hada|Substitute\n|-damage|p1a: Jolteon hada|76\/100\n|move|p2b: Dondozo|Earthquake|p1b: Jolty|[spread] p1a\n|-activate|p2a: Amoonguss|move: Protect\n|-immune|p1b: Jolty\n|-end|p1a: Jolteon hada|Substitute\n|\n|upkeep\n|turn|2\n|inactive|Streek2002 has 30 seconds left.\n|\n|t:|1683242435\n|move|p1b: Jolty|Tera Blast|p2a: Amoonguss\n|-supereffective|p2a: Amoonguss\n|-damage|p2a: Amoonguss|21\/100\n|move|p1a: Jolteon hada|Hyper Voice|p2a: Amoonguss|[spread] p2a,p2b\n|-resisted|p2a: Amoonguss\n|-damage|p2a: Amoonguss|6\/100\n|-damage|p2b: Dondozo|66\/100\n|-enditem|p1a: Jolteon hada|Throat Spray\n|-boost|p1a: Jolteon hada|spa|1|[from] item: Throat Spray\n|move|p2b: Dondozo|Substitute|p2b: Dondozo\n|-start|p2b: Dondozo|Substitute\n|-damage|p2b: Dondozo|41\/100\n|move|p2a: Amoonguss|Spore|p1a: Jolteon hada\n|-status|p1a: Jolteon hada|slp|[from] move: Spore\n|\n|-heal|p2b: Dondozo|48\/100|[from] item: Leftovers\n|upkeep\n|turn|3\n|\n|t:|1683242459\n|move|p2a: Amoonguss|Protect|p2a: Amoonguss\n|-singleturn|p2a: Amoonguss|Protect\n|move|p1b: Jolty|Tera Blast|p2b: Dondozo\n|-end|p2b: Dondozo|Substitute\n|cant|p1a: Jolteon hada|slp\n|move|p2b: Dondozo|Wave Crash|p1b: Jolty\n|-damage|p1b: Jolty|10\/100\n|-damage|p2b: Dondozo|31\/100|[from] Recoil\n|\n|-heal|p2b: Dondozo|37\/100|[from] item: Leftovers\n|upkeep\n|turn|4\n|\n|t:|1683242480\n|switch|p2b: Kingambit|Kingambit, L50, F|100\/100\n|move|p2a: Amoonguss|Rage Powder|p2a: Amoonguss\n|-singleturn|p2a: Amoonguss|move: Rage Powder\n|move|p1b: Jolty|Volt Switch|p2a: Amoonguss\n|-resisted|p2a: Amoonguss\n|-damage|p2a: Amoonguss|0 fnt\n|faint|p2a: Amoonguss\n|\n|t:|1683242491\n|switch|p1b: Jolteon Siniestro|Umbreon, L50, M, shiny|100\/100|[from] Volt Switch\n|-curestatus|p1a: Jolteon hada|slp|[msg]\n|move|p1a: Jolteon hada|Hyper Voice|p2b: Kingambit\n|-damage|p2b: Kingambit|16\/100\n|\n|upkeep\n|\n|t:|1683242505\n|switch|p2a: Chien-Pao|Chien-Pao, L50|100\/100\n|-ability|p2a: Chien-Pao|Sword of Ruin\n|turn|5\n|\n|t:|1683242515\n|move|p1a: Jolteon hada|Protect|p1a: Jolteon hada\n|-singleturn|p1a: Jolteon hada|Protect\n|move|p2a: Chien-Pao|Haze|p2a: Chien-Pao\n|-clearallboost\n|move|p1b: Jolteon Siniestro|Foul Play|p2a: Chien-Pao\n|-resisted|p2a: Chien-Pao\n|-damage|p2a: Chien-Pao|68\/100\n|move|p2b: Kingambit|Iron Head|p1a: Jolteon hada\n|-activate|p1a: Jolteon hada|move: Protect\n|\n|upkeep\n|turn|6\n|inactive|Streek2002 has 30 seconds left.\n|inactive|Streek2002 has 20 seconds left.\n|\n|t:|1683242551\n|switch|p1a: Jolty|Jolteon, L50, F, tera:Flying|10\/100\n|move|p2a: Chien-Pao|Sacred Sword|p1b: Jolteon Siniestro\n|-supereffective|p1b: Jolteon Siniestro\n|-damage|p1b: Jolteon Siniestro|38\/100\n|move|p1b: Jolteon Siniestro|Foul Play|p2b: Kingambit\n|-resisted|p2b: Kingambit\n|-damage|p2b: Kingambit|0 fnt\n|faint|p2b: Kingambit\n|\n|-heal|p1b: Jolteon Siniestro|44\/100|[from] item: Leftovers\n|upkeep\n|\n|t:|1683242563\n|switch|p2b: Dondozo|Dondozo, L50, M, tera:Ground|37\/100\n|turn|7\n|\n|t:|1683242581\n|move|p1b: Jolteon Siniestro|Helping Hand|p1a: Jolty\n|-singleturn|p1a: Jolty|Helping Hand|[of] p1b: Jolteon Siniestro\n|move|p2a: Chien-Pao|Ice Spinner|p1a: Jolty\n|-supereffective|p1a: Jolty\n|-damage|p1a: Jolty|0 fnt\n|faint|p1a: Jolty\n|move|p2b: Dondozo|Fissure|p1b: Jolteon Siniestro|[miss]\n|-miss|p2b: Dondozo|p1b: Jolteon Siniestro\n|\n|-heal|p1b: Jolteon Siniestro|50\/100|[from] item: Leftovers\n|-heal|p2b: Dondozo|44\/100|[from] item: Leftovers\n|upkeep\n|\n|t:|1683242590\n|switch|p1a: Jolteon hada|Sylveon, L50, F|76\/100\n|turn|8\n|\n|t:|1683242601\n|move|p1b: Jolteon Siniestro|Helping Hand|p1a: Jolteon hada\n|-singleturn|p1a: Jolteon hada|Helping Hand|[of] p1b: Jolteon Siniestro\n|move|p2a: Chien-Pao|Protect|p2a: Chien-Pao\n|-singleturn|p2a: Chien-Pao|Protect\n|move|p1a: Jolteon hada|Hyper Voice|p2a: Chien-Pao|[spread] p2b\n|-activate|p2a: Chien-Pao|move: Protect\n|-damage|p2b: Dondozo|0 fnt\n|faint|p2b: Dondozo\n|\n|-heal|p1b: Jolteon Siniestro|56\/100|[from] item: Leftovers\n|upkeep\n|turn|9\n|-message|littleh4ck forfeited.\n|\n|win|Streek2002\n|raw|Streek2002's rating: 1081 → 1110<\/strong> (+29 for winning)\n|raw|littleh4ck's rating: 1099 → 1073<\/strong> (-26 for losing)\n|l|\u2606littleh4ck\n","uploadtime":1683242631,"views":14,"p1id":"streek2002","p2id":"littleh4ck","formatid":"gen9vgc2023regulationc","rating":1073,"private":0,"password":""}