{"id":"gen9vgc2023regulationc-1857921120","p1":"MasterofMetapods5","p2":"esotilin123456","format":"[Gen 9] VGC 2023 Regulation C","log":"|j|\u2606MasterofMetapods5\n|j|\u2606esotilin123456\n|t:|1683247556\n|gametype|doubles\n|player|p1|MasterofMetapods5|lance|\n|player|p2|esotilin123456|hilbert-wonderlauncher|\n|teamsize|p1|6\n|teamsize|p2|6\n|gen|9\n|tier|[Gen 9] VGC 2023 Regulation C\n|rated|Tournament battle\n|rule|Species Clause: Limit one of each Pok\u00e9mon\n|rule|Item Clause: Limit one of each item\n|clearpoke\n|poke|p1|Amoonguss, L50, M|\n|poke|p1|Ting-Lu, L50|\n|poke|p1|Corviknight, L50, M|\n|poke|p1|Rotom-Wash, L50|\n|poke|p1|Chi-Yu, L50|\n|poke|p1|Flutter Mane, L50|\n|poke|p2|Tyranitar, L50, M|\n|poke|p2|Corviknight, L50, M|\n|poke|p2|Salamence, L50, F|\n|poke|p2|Arcanine, L50, M|\n|poke|p2|Gastrodon, L50, F|\n|poke|p2|Rotom-Mow, L50|\n|teampreview|4\n|raw| Open Team Sheet for MasterofMetapods5<\/summary>Amoonguss (M) @ Sitrus Berry Ability: Regenerator Level: 50 Tera Type: Water - Clear Smog - Pollen Puff - Spore - Rage Powder Ting-Lu @ Leftovers Ability: Vessel of Ruin Level: 50 Tera Type: Poison - Protect - Earthquake - Heavy Slam - Ruination Corviknight (M) @ Lum Berry Ability: Mirror Armor Level: 50 Tera Type: Dragon - Brave Bird - Iron Head - Roost - Tailwind Rotom (Rotom-Wash) @ Safety Goggles Ability: Levitate Level: 50 Tera Type: Poison - Protect - Thunderbolt - Hydro Pump - Nasty Plot Chi-Yu @ Focus Sash Ability: Beads of Ruin Level: 50 Tera Type: Fire - Protect - Heat Wave - Dark Pulse - Overheat Flutter Mane @ Booster Energy Ability: Protosynthesis Level: 50 Tera Type: Ghost - Protect - Moonblast - Shadow Ball - Icy Wind <\/details><\/div> Open Team Sheet for esotilin123456<\/summary>Great Tyrant (Tyranitar) (M) @ Chople Berry Ability: Sand Stream Level: 50 Shiny: Yes Tera Type: Rock - Protect - Rock Slide - Crunch - Ice Punch IRON BIRD (Corviknight) @ Aguav Berry Ability: Mirror Armor Level: 50 Tera Type: Grass - Protect - Bulk Up - Brave Bird - Roost RORAAAHOHHHH (Salamence) @ Life Orb Ability: Intimidate Level: 50 Tera Type: Fire - Protect - Tailwind - Draco Meteor - Flamethrower good boi (Arcanine) (M) @ Assault Vest Ability: Intimidate Level: 50 Tera Type: Grass - Flare Blitz - Extreme Speed - Snarl - Close Combat GROHAHSHSHSH (Gastrodon) (F) @ Leftovers Ability: Storm Drain Level: 50 Tera Type: Fire - Protect - Yawn - Ice Beam - Earth Power IRON MUGULIS (Rotom-Mow) @ Sitrus Berry Ability: Levitate Level: 50 Tera Type: Electric - Protect - Will-O-Wisp - Thunderbolt - Leaf Storm <\/details><\/div>\n|c|\u2606MasterofMetapods5|glhf\n|j| WOLFIELIL\n|j| Tempest brute\n|\n|t:|1683247597\n|start\n|switch|p1a: Corviknight|Corviknight, L50, M|100\/100\n|switch|p1b: Amoonguss|Amoonguss, L50, M|100\/100\n|switch|p2a: good boi|Arcanine, L50, M|100\/100\n|switch|p2b: Great Tyrant|Tyranitar, L50, M, shiny|100\/100\n|-ability|p2a: good boi|Intimidate|boost\n|-ability|p1a: Corviknight|Mirror Armor\n|-unboost|p2a: good boi|atk|1\n|-unboost|p1b: Amoonguss|atk|1\n|-weather|Sandstorm|[from] ability: Sand Stream|[of] p2b: Great Tyrant\n|turn|1\n|\n|t:|1683247615\n|switch|p2b: IRON MUGULIS|Rotom-Mow, L50|100\/100\n|move|p2a: good boi|Flare Blitz|p1a: Corviknight\n|-supereffective|p1a: Corviknight\n|-damage|p1a: Corviknight|30\/100\n|-damage|p2a: good boi|74\/100|[from] Recoil\n|move|p1a: Corviknight|Iron Head|p2b: IRON MUGULIS\n|-resisted|p2b: IRON MUGULIS\n|-damage|p2b: IRON MUGULIS|86\/100\n|move|p1b: Amoonguss|Spore|p2a: good boi\n|-status|p2a: good boi|slp|[from] move: Spore\n|\n|-weather|Sandstorm|[upkeep]\n|-damage|p2a: good boi|67\/100 slp|[from] Sandstorm\n|-damage|p2b: IRON MUGULIS|80\/100|[from] Sandstorm\n|-damage|p1b: Amoonguss|95\/100|[from] Sandstorm\n|upkeep\n|turn|2\n|l| WOLFIELIL\n|\n|t:|1683247629\n|cant|p2a: good boi|slp\n|move|p2b: IRON MUGULIS|Thunderbolt|p1a: Corviknight\n|-supereffective|p1a: Corviknight\n|-damage|p1a: Corviknight|0 fnt\n|faint|p1a: Corviknight\n|move|p1b: Amoonguss|Pollen Puff|p2b: IRON MUGULIS\n|-supereffective|p2b: IRON MUGULIS\n|-damage|p2b: IRON MUGULIS|42\/100\n|-enditem|p2b: IRON MUGULIS|Sitrus Berry|[eat]\n|-heal|p2b: IRON MUGULIS|67\/100|[from] item: Sitrus Berry\n|\n|-weather|Sandstorm|[upkeep]\n|-damage|p2a: good boi|61\/100 slp|[from] Sandstorm\n|-damage|p2b: IRON MUGULIS|61\/100|[from] Sandstorm\n|-damage|p1b: Amoonguss|89\/100|[from] Sandstorm\n|upkeep\n|\n|t:|1683247631\n|switch|p1a: Chi-Yu|Chi-Yu, L50|100\/100\n|-ability|p1a: Chi-Yu|Beads of Ruin\n|turn|3\n|\n|t:|1683247642\n|switch|p2b: GROHAHSHSHSH|Gastrodon, L50, F|100\/100\n|move|p1a: Chi-Yu|Heat Wave|p2a: good boi|[spread] \n|-miss|p1a: Chi-Yu|p2a: good boi\n|-miss|p1a: Chi-Yu|p2b: GROHAHSHSHSH\n|cant|p2a: good boi|slp\n|move|p1b: Amoonguss|Spore|p2b: GROHAHSHSHSH\n|-status|p2b: GROHAHSHSHSH|slp|[from] move: Spore\n|\n|-weather|Sandstorm|[upkeep]\n|-damage|p1a: Chi-Yu|94\/100|[from] Sandstorm\n|-damage|p2a: good boi|55\/100 slp|[from] Sandstorm\n|-damage|p1b: Amoonguss|83\/100|[from] Sandstorm\n|upkeep\n|turn|4\n|c|\u2606esotilin123456|rng sucks\n|c|\u2606MasterofMetapods5|true\n|\n|t:|1683247659\n|switch|p1b: Rotom|Rotom-Wash, L50|100\/100\n|move|p1a: Chi-Yu|Dark Pulse|p2a: good boi\n|-damage|p2a: good boi|17\/100 slp\n|-curestatus|p2a: good boi|slp|[msg]\n|move|p2a: good boi|Flare Blitz|p1b: Rotom\n|-resisted|p1b: Rotom\n|-damage|p1b: Rotom|80\/100\n|-damage|p2a: good boi|11\/100|[from] Recoil\n|cant|p2b: GROHAHSHSHSH|slp\n|\n|-weather|Sandstorm|[upkeep]\n|-damage|p1a: Chi-Yu|88\/100|[from] Sandstorm\n|-damage|p2a: good boi|5\/100|[from] Sandstorm\n|upkeep\n|turn|5\n|\n|t:|1683247672\n|move|p1a: Chi-Yu|Heat Wave|p2a: good boi|[spread] p2a,p2b\n|-resisted|p2a: good boi\n|-resisted|p2b: GROHAHSHSHSH\n|-damage|p2a: good boi|0 fnt\n|-damage|p2b: GROHAHSHSHSH|78\/100 slp\n|faint|p2a: good boi\n|move|p1b: Rotom|Nasty Plot|p1b: Rotom\n|-boost|p1b: Rotom|spa|2\n|cant|p2b: GROHAHSHSHSH|slp\n|\n|-weather|none\n|-heal|p2b: GROHAHSHSHSH|84\/100 slp|[from] item: Leftovers\n|upkeep\n|\n|t:|1683247681\n|switch|p2a: Great Tyrant|Tyranitar, L50, M, shiny|100\/100\n|-weather|Sandstorm|[from] ability: Sand Stream|[of] p2a: Great Tyrant\n|turn|6\n|\n|t:|1683247696\n|-terastallize|p2a: Great Tyrant|Rock\n|move|p1a: Chi-Yu|Dark Pulse|p2b: GROHAHSHSHSH\n|-damage|p2b: GROHAHSHSHSH|35\/100 slp\n|move|p1b: Rotom|Thunderbolt|p2a: Great Tyrant\n|-damage|p2a: Great Tyrant|50\/100\n|move|p2a: Great Tyrant|Rock Slide|p1a: Chi-Yu|[spread] p1a,p1b\n|-supereffective|p1a: Chi-Yu\n|-damage|p1a: Chi-Yu|0 fnt\n|-damage|p1b: Rotom|30\/100\n|faint|p1a: Chi-Yu\n|-curestatus|p2b: GROHAHSHSHSH|slp|[msg]\n|move|p2b: GROHAHSHSHSH|Earth Power|p1b: Rotom\n|-immune|p1b: Rotom|[from] ability: Levitate\n|\n|-weather|Sandstorm|[upkeep]\n|-heal|p2b: GROHAHSHSHSH|41\/100|[from] item: Leftovers\n|upkeep\n|\n|t:|1683247698\n|switch|p1a: Amoonguss|Amoonguss, L50, M|100\/100\n|turn|7\n|\n|t:|1683247711\n|move|p1b: Rotom|Protect|p1b: Rotom\n|-singleturn|p1b: Rotom|Protect\n|move|p2a: Great Tyrant|Rock Slide|p1b: Rotom|[spread] p1a\n|-activate|p1b: Rotom|move: Protect\n|-damage|p1a: Amoonguss|66\/100\n|move|p2b: GROHAHSHSHSH|Ice Beam|p1a: Amoonguss\n|-supereffective|p1a: Amoonguss\n|-damage|p1a: Amoonguss|20\/100\n|-enditem|p1a: Amoonguss|Sitrus Berry|[eat]\n|-heal|p1a: Amoonguss|45\/100|[from] item: Sitrus Berry\n|move|p1a: Amoonguss|Spore|p2a: Great Tyrant\n|-status|p2a: Great Tyrant|slp|[from] move: Spore\n|\n|-weather|Sandstorm|[upkeep]\n|-damage|p1a: Amoonguss|40\/100|[from] Sandstorm\n|-heal|p2b: GROHAHSHSHSH|47\/100|[from] item: Leftovers\n|upkeep\n|turn|8\n|\n|t:|1683247721\n|-terastallize|p1a: Amoonguss|Water\n|move|p1b: Rotom|Thunderbolt|p2a: Great Tyrant\n|-damage|p2a: Great Tyrant|12\/100 slp\n|cant|p2a: Great Tyrant|slp\n|move|p2b: GROHAHSHSHSH|Ice Beam|p1a: Amoonguss\n|-resisted|p1a: Amoonguss\n|-damage|p1a: Amoonguss|30\/100\n|move|p1a: Amoonguss|Spore|p2b: GROHAHSHSHSH\n|-status|p2b: GROHAHSHSHSH|slp|[from] move: Spore\n|\n|-weather|Sandstorm|[upkeep]\n|-damage|p1a: Amoonguss|24\/100|[from] Sandstorm\n|-heal|p2b: GROHAHSHSHSH|53\/100 slp|[from] item: Leftovers\n|upkeep\n|turn|9\n|\n|t:|1683247734\n|move|p1b: Rotom|Thunderbolt|p2a: Great Tyrant\n|-damage|p2a: Great Tyrant|0 fnt\n|faint|p2a: Great Tyrant\n|cant|p2b: GROHAHSHSHSH|slp\n|move|p1a: Amoonguss|Pollen Puff|p1b: Rotom\n|-heal|p1b: Rotom|80\/100\n|\n|-weather|Sandstorm|[upkeep]\n|-damage|p1a: Amoonguss|18\/100|[from] Sandstorm\n|-heal|p2b: GROHAHSHSHSH|59\/100 slp|[from] item: Leftovers\n|upkeep\n|\n|t:|1683247738\n|switch|p2a: IRON MUGULIS|Rotom-Mow, L50|61\/100\n|turn|10\n|\n|t:|1683247752\n|move|p1b: Rotom|Hydro Pump|p2b: GROHAHSHSHSH\n|-activate|p2b: GROHAHSHSHSH|ability: Storm Drain\n|-ability|p2b: GROHAHSHSHSH|Storm Drain|boost\n|-boost|p2b: GROHAHSHSHSH|spa|1\n|move|p2a: IRON MUGULIS|Leaf Storm|p1b: Rotom\n|-supereffective|p1b: Rotom\n|-damage|p1b: Rotom|0 fnt\n|-unboost|p2a: IRON MUGULIS|spa|2\n|faint|p1b: Rotom\n|cant|p2b: GROHAHSHSHSH|slp\n|move|p1a: Amoonguss|Pollen Puff|p1: Rotom|[notarget]\n|-fail|p1a: Amoonguss\n|\n|-weather|none\n|-heal|p2b: GROHAHSHSHSH|65\/100 slp|[from] item: Leftovers\n|upkeep\n|turn|11\n|c|\u2606MasterofMetapods5|gg\n|c|\u2606esotilin123456|gg\n|\n|t:|1683247764\n|move|p2a: IRON MUGULIS|Thunderbolt|p1a: Amoonguss\n|-supereffective|p1a: Amoonguss\n|-damage|p1a: Amoonguss|0 fnt\n|faint|p1a: Amoonguss\n|\n|win|esotilin123456\n|n|\u2606MasterofMetapods5|masterofmetapods5\n|n|\u2606esotilin123456|esotilin123456\n|n| Tempest brute|tempestbrute\n","uploadtime":1683247765,"views":9,"p1id":"masterofmetapods5","p2id":"esotilin123456","formatid":"gen9vgc2023regulationc","rating":0,"private":0,"password":""}