{"id":"gen9vgc2023regulationc-1854205067","p1":"MondayXyz","p2":"kiwigal","format":"[Gen 9] VGC 2023 Regulation C","log":"|j|\u2606MondayXyz\n|j|\u2606kiwigal\n|t:|1682783397\n|gametype|doubles\n|player|p1|MondayXyz|101|1420\n|player|p2|kiwigal|emma|1387\n|teamsize|p1|6\n|teamsize|p2|6\n|gen|9\n|tier|[Gen 9] VGC 2023 Regulation C\n|rated|\n|rule|Species Clause: Limit one of each Pok\u00e9mon\n|rule|Item Clause: Limit one of each item\n|clearpoke\n|poke|p1|Flutter Mane, L50|\n|poke|p1|Dragonite, L50, M|\n|poke|p1|Ting-Lu, L50|\n|poke|p1|Chien-Pao, L50|\n|poke|p1|Kingambit, L50, F|\n|poke|p1|Gyarados, L50, F|\n|poke|p2|Dondozo, L50, M|\n|poke|p2|Tatsugiri-Droopy, L50, M|\n|poke|p2|Wo-Chien, L50|\n|poke|p2|Pelipper, L50, F|\n|poke|p2|Pawmot, L50, F|\n|poke|p2|Baxcalibur, L50, M|\n|teampreview|4\n|inactive|Battle timer is ON: inactive players will automatically lose when time's up. (requested by MondayXyz)\n|inactive|kiwigal has 60 seconds left.\n|\n|t:|1682783437\n|start\n|switch|p1a: Ting-Lu|Ting-Lu, L50|100\/100\n|switch|p1b: Gyarados|Gyarados, L50, F|100\/100\n|switch|p2a: Pawmot|Pawmot, L50, F|100\/100\n|switch|p2b: Pelipper|Pelipper, L50, F|100\/100\n|-ability|p1b: Gyarados|Intimidate|boost\n|-unboost|p2a: Pawmot|atk|1\n|-unboost|p2b: Pelipper|atk|1\n|-weather|RainDance|[from] ability: Drizzle|[of] p2b: Pelipper\n|-ability|p1a: Ting-Lu|Vessel of Ruin\n|turn|1\n|inactive|MondayXyz has 30 seconds left.\n|inactive|MondayXyz has 20 seconds left.\n|inactive|MondayXyz has 15 seconds left.\n|inactive|MondayXyz has 10 seconds left.\n|\n|t:|1682783482\n|-terastallize|p1a: Ting-Lu|Poison\n|move|p1b: Gyarados|Protect|p1b: Gyarados\n|-singleturn|p1b: Gyarados|Protect\n|move|p2a: Pawmot|Fake Out|p1a: Ting-Lu\n|-damage|p1a: Ting-Lu|95\/100\n|move|p2b: Pelipper|Tailwind|p2b: Pelipper\n|-sidestart|p2: kiwigal|move: Tailwind\n|cant|p1a: Ting-Lu|flinch\n|\n|-weather|RainDance|[upkeep]\n|upkeep\n|turn|2\n|inactive|MondayXyz has 30 seconds left.\n|inactive|MondayXyz has 20 seconds left.\n|inactive|MondayXyz has 15 seconds left.\n|\n|t:|1682783527\n|switch|p1b: Chien-Pao|Chien-Pao, L50|100\/100\n|-ability|p1b: Chien-Pao|Sword of Ruin\n|move|p2a: Pawmot|Double Shock|p1b: Chien-Pao\n|-damage|p1b: Chien-Pao|48\/100\n|-start|p2a: Pawmot|typechange|???\/Fighting|[from] move: Double Shock\n|move|p2b: Pelipper|Hurricane|p1b: Chien-Pao\n|-crit|p1b: Chien-Pao\n|-damage|p1b: Chien-Pao|0 fnt\n|faint|p1b: Chien-Pao\n|move|p1a: Ting-Lu|Earthquake|p2a: Pawmot|[spread] p2a\n|-immune|p2b: Pelipper\n|-damage|p2a: Pawmot|40\/100\n|\n|-weather|RainDance|[upkeep]\n|upkeep\n|\n|t:|1682783541\n|switch|p1b: Gyarados|Gyarados, L50, F|100\/100\n|-ability|p1b: Gyarados|Intimidate|boost\n|-unboost|p2a: Pawmot|atk|1\n|-unboost|p2b: Pelipper|atk|1\n|turn|3\n|\n|t:|1682783558\n|switch|p2a: Tatsugiri|Tatsugiri-Droopy, L50, M|100\/100\n|move|p2b: Pelipper|U-turn|p1a: Ting-Lu\n|-resisted|p1a: Ting-Lu\n|-damage|p1a: Ting-Lu|94\/100\n|\n|t:|1682783568\n|switch|p2b: Dondozo|Dondozo, L50, M|100\/100|[from] U-turn\n|-activate|p2a: Tatsugiri|ability: Commander|[of] p2b: Dondozo\n|-boost|p2b: Dondozo|atk|2\n|-boost|p2b: Dondozo|spa|2\n|-boost|p2b: Dondozo|spe|2\n|-boost|p2b: Dondozo|def|2\n|-boost|p2b: Dondozo|spd|2\n|move|p1b: Gyarados|Waterfall|p2a: Tatsugiri|[miss]\n|-miss|p1b: Gyarados|p2a: Tatsugiri\n|move|p1a: Ting-Lu|Stone Edge|p2b: Dondozo|[miss]\n|-miss|p1a: Ting-Lu|p2b: Dondozo\n|\n|-weather|RainDance|[upkeep]\n|upkeep\n|turn|4\n|\n|t:|1682783582\n|move|p2b: Dondozo|Surf|p1b: Gyarados|[spread] p1a,p1b\n|-miss|p2b: Dondozo|p2a: Tatsugiri\n|-resisted|p1b: Gyarados\n|-damage|p1a: Ting-Lu|54\/100\n|-damage|p1b: Gyarados|75\/100\n|move|p1b: Gyarados|Thunder Wave|p2b: Dondozo\n|-status|p2b: Dondozo|par\n|move|p1a: Ting-Lu|Ruination|p2b: Dondozo\n|-damage|p2b: Dondozo|50\/100 par\n|\n|-weather|RainDance|[upkeep]\n|-sideend|p2: kiwigal|move: Tailwind\n|upkeep\n|turn|5\n|\n|t:|1682783596\n|move|p1b: Gyarados|Taunt|p2b: Dondozo\n|-start|p2b: Dondozo|move: Taunt\n|move|p2b: Dondozo|Surf|p1b: Gyarados|[spread] p1a,p1b\n|-miss|p2b: Dondozo|p2a: Tatsugiri\n|-resisted|p1b: Gyarados\n|-damage|p1a: Ting-Lu|13\/100\n|-damage|p1b: Gyarados|50\/100\n|-enditem|p1b: Gyarados|Sitrus Berry|[eat]\n|-heal|p1b: Gyarados|75\/100|[from] item: Sitrus Berry\n|move|p1a: Ting-Lu|Ruination|p2b: Dondozo|[miss]\n|-miss|p1a: Ting-Lu|p2b: Dondozo\n|\n|-weather|none\n|upkeep\n|turn|6\n|\n|t:|1682783618\n|move|p1b: Gyarados|Waterfall|p2b: Dondozo\n|-resisted|p2b: Dondozo\n|-damage|p2b: Dondozo|45\/100 par\n|move|p2b: Dondozo|Surf|p1b: Gyarados|[spread] p1a,p1b\n|-miss|p2b: Dondozo|p2a: Tatsugiri\n|-resisted|p1b: Gyarados\n|-damage|p1a: Ting-Lu|0 fnt\n|-damage|p1b: Gyarados|60\/100\n|faint|p1a: Ting-Lu\n|\n|upkeep\n|\n|t:|1682783626\n|switch|p1a: Flutter Mane|Flutter Mane, L50|100\/100\n|-enditem|p1a: Flutter Mane|Booster Energy\n|-activate|p1a: Flutter Mane|ability: Protosynthesis|[fromitem]\n|-start|p1a: Flutter Mane|protosynthesisspa\n|turn|7\n|\n|t:|1682783636\n|move|p1a: Flutter Mane|Thunderbolt|p2b: Dondozo\n|-supereffective|p2b: Dondozo\n|-damage|p2b: Dondozo|0 fnt\n|faint|p2b: Dondozo\n|move|p1b: Gyarados|Waterfall|p2a: Tatsugiri\n|-resisted|p2a: Tatsugiri\n|-damage|p2a: Tatsugiri|86\/100\n|\n|upkeep\n|inactive|kiwigal has 30 seconds left.\n|\n|t:|1682783662\n|switch|p2b: Pawmot|Pawmot, L50, F|40\/100\n|turn|8\n|\n|t:|1682783680\n|move|p2a: Tatsugiri|Icy Wind|p1a: Flutter Mane|[spread] p1a,p1b\n|-damage|p1a: Flutter Mane|87\/100\n|-damage|p1b: Gyarados|52\/100\n|-unboost|p1a: Flutter Mane|spe|1\n|-unboost|p1b: Gyarados|spe|1\n|move|p2b: Pawmot|Double Shock|p1a: Flutter Mane\n|-damage|p1a: Flutter Mane|0 fnt\n|-start|p2b: Pawmot|typechange|???\/Fighting|[from] move: Double Shock\n|faint|p1a: Flutter Mane\n|-end|p1a: Flutter Mane|Protosynthesis|[silent]\n|move|p1b: Gyarados|Thunder Wave|p2a: Tatsugiri|[miss]\n|-miss|p1b: Gyarados|p2a: Tatsugiri\n|\n|upkeep\n|turn|9\n|-message|MondayXyz forfeited.\n|\n|win|kiwigal\n|raw|MondayXyz's rating: 1420 → 1398<\/strong> (-22 for losing)\n|raw|kiwigal's rating: 1387 → 1409<\/strong> (+22 for winning)\n|l|\u2606MondayXyz\n","uploadtime":1682783756,"views":16,"p1id":"mondayxyz","p2id":"kiwigal","formatid":"gen9vgc2023regulationc","rating":1398,"private":0,"password":""}