{"id":"gen9vgc2023regulationc-1854973500","p1":"Fluttermane Eyes","p2":"elellelll","format":"[Gen 9] VGC 2023 Regulation C","log":"|j|\u2606Fluttermane Eyes\n|j|\u2606elellelll\n|t:|1682886596\n|gametype|doubles\n|player|p1|Fluttermane Eyes|riley|1156\n|player|p2|elellelll|n|1215\n|teamsize|p1|6\n|teamsize|p2|6\n|gen|9\n|tier|[Gen 9] VGC 2023 Regulation C\n|rated|\n|rule|Species Clause: Limit one of each Pok\u00e9mon\n|rule|Item Clause: Limit one of each item\n|clearpoke\n|poke|p1|Farigiraf, L50, F|\n|poke|p1|Iron Hands, L50|\n|poke|p1|Chi-Yu, L50|\n|poke|p1|Flutter Mane, L50|\n|poke|p1|Baxcalibur, L50, M|\n|poke|p1|Scizor, L50, F|\n|poke|p2|Ting-Lu, L50|\n|poke|p2|Wo-Chien, L50|\n|poke|p2|Glimmora, L50, M|\n|poke|p2|Flutter Mane, L50|\n|poke|p2|Arcanine, L50, M|\n|poke|p2|Palafin, L50, F|\n|teampreview|4\nelellelll has agreed to open team sheets.\n|\n|t:|1682886667\n|start\n|switch|p1a: Chi-Yu|Chi-Yu, L50|100\/100\n|switch|p1b: Baxcalibur|Baxcalibur, L50, M|100\/100\n|switch|p2a: Flutter Mane|Flutter Mane, L50|100\/100\n|switch|p2b: Ting-Lu|Ting-Lu, L50|100\/100\n|-ability|p1a: Chi-Yu|Beads of Ruin\n|-ability|p2b: Ting-Lu|Vessel of Ruin\n|-enditem|p2a: Flutter Mane|Booster Energy\n|-activate|p2a: Flutter Mane|ability: Protosynthesis|[fromitem]\n|-start|p2a: Flutter Mane|protosynthesisspa\n|turn|1\n|c|\u2606Fluttermane Eyes|i would share but im still working on building this for regionals so its not all as it should be yet\n|\n|t:|1682886729\n|-terastallize|p1b: Baxcalibur|Ground\n|move|p1a: Chi-Yu|Protect|p1a: Chi-Yu\n|-singleturn|p1a: Chi-Yu|Protect\n|move|p2a: Flutter Mane|Dazzling Gleam|p1a: Chi-Yu|[spread] p1b\n|-activate|p1a: Chi-Yu|move: Protect\n|-damage|p1b: Baxcalibur|63\/100\n|move|p1b: Baxcalibur|Icicle Spear|p2b: Ting-Lu\n|-supereffective|p2b: Ting-Lu\n|-damage|p2b: Ting-Lu|87\/100\n|-supereffective|p2b: Ting-Lu\n|-damage|p2b: Ting-Lu|70\/100\n|-supereffective|p2b: Ting-Lu\n|-damage|p2b: Ting-Lu|52\/100\n|-supereffective|p2b: Ting-Lu\n|-damage|p2b: Ting-Lu|36\/100\n|-supereffective|p2b: Ting-Lu\n|-damage|p2b: Ting-Lu|21\/100\n|-hitcount|p2b: Ting-Lu|5\n|move|p2b: Ting-Lu|Body Press|p1b: Baxcalibur\n|-damage|p1b: Baxcalibur|37\/100\n|\n|upkeep\n|turn|2\n|\n|t:|1682886765\n|move|p1b: Baxcalibur|Protect|p1b: Baxcalibur\n|-singleturn|p1b: Baxcalibur|Protect\n|move|p1a: Chi-Yu|Heat Wave|p2a: Flutter Mane|[spread] p2a,p2b\n|-damage|p2a: Flutter Mane|67\/100\n|-damage|p2b: Ting-Lu|4\/100\n|move|p2a: Flutter Mane|Dazzling Gleam|p1b: Baxcalibur|[spread] p1a\n|-activate|p1b: Baxcalibur|move: Protect\n|-damage|p1a: Chi-Yu|70\/100\n|move|p2b: Ting-Lu|Snarl|p1b: Baxcalibur|[spread] p1a\n|-activate|p1b: Baxcalibur|move: Protect\n|-resisted|p1a: Chi-Yu\n|-damage|p1a: Chi-Yu|65\/100\n|-unboost|p1a: Chi-Yu|spa|1\n|\n|upkeep\n|turn|3\n|\n|t:|1682886793\n|switch|p1b: Flutter Mane|Flutter Mane, L50|100\/100\n|-enditem|p1b: Flutter Mane|Booster Energy\n|-activate|p1b: Flutter Mane|ability: Protosynthesis|[fromitem]\n|-start|p1b: Flutter Mane|protosynthesisspe\n|move|p1a: Chi-Yu|Heat Wave|p2a: Flutter Mane|[spread] p2a,p2b\n|-damage|p2a: Flutter Mane|46\/100\n|-damage|p2b: Ting-Lu|0 fnt\n|-status|p2a: Flutter Mane|brn\n|faint|p2b: Ting-Lu\n|move|p2a: Flutter Mane|Dazzling Gleam|p1b: Flutter Mane|[spread] p1a,p1b\n|-damage|p1a: Chi-Yu|19\/100\n|-damage|p1b: Flutter Mane|56\/100\n|\n|-damage|p2a: Flutter Mane|40\/100 brn|[from] brn\n|upkeep\n|\n|t:|1682886806\n|switch|p2b: Glimmora|Glimmora, L50, M|100\/100\n|turn|4\n|\n|t:|1682886822\n|move|p1a: Chi-Yu|Protect|p1a: Chi-Yu\n|-singleturn|p1a: Chi-Yu|Protect\n|move|p2a: Flutter Mane|Protect|p2a: Flutter Mane\n|-singleturn|p2a: Flutter Mane|Protect\n|move|p1b: Flutter Mane|Shadow Ball|p2a: Flutter Mane\n|-activate|p2a: Flutter Mane|move: Protect\n|move|p2b: Glimmora|Mortal Spin|p1b: Flutter Mane|[spread] p1b\n|-activate|p1a: Chi-Yu|move: Protect\n|-damage|p1b: Flutter Mane|45\/100\n|-status|p1b: Flutter Mane|psn\n|\n|-damage|p1b: Flutter Mane|33\/100 psn|[from] psn\n|-damage|p2a: Flutter Mane|34\/100 brn|[from] brn\n|upkeep\n|turn|5\n|\n|t:|1682886862\n|switch|p1a: Scizor|Scizor, L50, F|100\/100\n|-end|p2a: Flutter Mane|Protosynthesis|[silent]\n|switch|p2a: Wo-Chien|Wo-Chien, L50|100\/100\n|-ability|p2a: Wo-Chien|Tablets of Ruin\n|move|p1b: Flutter Mane|Protect|p1b: Flutter Mane\n|-singleturn|p1b: Flutter Mane|Protect\n|move|p2b: Glimmora|Mortal Spin|p1b: Flutter Mane|[spread] \n|-activate|p1b: Flutter Mane|move: Protect\n|-immune|p1a: Scizor\n|\n|-damage|p1b: Flutter Mane|21\/100 psn|[from] psn\n|upkeep\n|turn|6\n|\n|t:|1682886891\n|-terastallize|p2a: Wo-Chien|Fire\n|move|p2b: Glimmora|Spiky Shield|p2b: Glimmora\n|-singleturn|p2b: Glimmora|move: Protect\n|move|p1b: Flutter Mane|Dazzling Gleam|p2a: Wo-Chien|[spread] p2a\n|-activate|p2b: Glimmora|move: Protect\n|-resisted|p2a: Wo-Chien\n|-damage|p2a: Wo-Chien|88\/100\n|move|p2a: Wo-Chien|Leech Seed|p1a: Scizor|[miss]\n|-miss|p2a: Wo-Chien|p1a: Scizor\n|move|p1a: Scizor|Close Combat|p2a: Wo-Chien\n|-damage|p2a: Wo-Chien|52\/100\n|-unboost|p1a: Scizor|def|1\n|-unboost|p1a: Scizor|spd|1\n|-damage|p1a: Scizor|91\/100|[from] item: Life Orb\n|\n|-heal|p2a: Wo-Chien|58\/100|[from] item: Leftovers\n|-damage|p1b: Flutter Mane|9\/100 psn|[from] psn\n|upkeep\n|turn|7\n|\n|t:|1682886957\n|move|p2a: Wo-Chien|Protect|p2a: Wo-Chien\n|-singleturn|p2a: Wo-Chien|Protect\n|move|p1b: Flutter Mane|Shadow Ball|p2a: Wo-Chien\n|-activate|p2a: Wo-Chien|move: Protect\n|move|p2b: Glimmora|Power Gem|p1a: Scizor\n|-damage|p1a: Scizor|4\/100\n|move|p1a: Scizor|Tailwind|p1a: Scizor\n|-sidestart|p1: Fluttermane Eyes|move: Tailwind\n|\n|-heal|p2a: Wo-Chien|65\/100|[from] item: Leftovers\n|-damage|p1b: Flutter Mane|0 fnt|[from] psn\n|faint|p1b: Flutter Mane\n|-end|p1b: Flutter Mane|Protosynthesis|[silent]\n|upkeep\n|\n|t:|1682886963\n|switch|p1b: Chi-Yu|Chi-Yu, L50|19\/100\n|-ability|p1b: Chi-Yu|Beads of Ruin\n|turn|8\n|\n|t:|1682886987\n|move|p2b: Glimmora|Spiky Shield|p2b: Glimmora\n|-singleturn|p2b: Glimmora|move: Protect\n|move|p1b: Chi-Yu|Dark Pulse|p2a: Wo-Chien\n|-damage|p2a: Wo-Chien|21\/100\n|move|p1a: Scizor|Close Combat|p2a: Wo-Chien\n|-damage|p2a: Wo-Chien|0 fnt\n|-unboost|p1a: Scizor|def|1\n|-unboost|p1a: Scizor|spd|1\n|faint|p2a: Wo-Chien\n|-damage|p1a: Scizor|0 fnt|[from] item: Life Orb\n|faint|p1a: Scizor\n|\n|upkeep\n|\n|t:|1682886999\n|switch|p2a: Flutter Mane|Flutter Mane, L50|34\/100 brn\n|switch|p1a: Baxcalibur|Baxcalibur, L50, M, tera:Ground|37\/100\n|turn|9\n|\n|t:|1682887015\n|move|p1b: Chi-Yu|Heat Wave|p2a: Flutter Mane|[spread] p2a,p2b\n|-resisted|p2b: Glimmora\n|-damage|p2a: Flutter Mane|0 fnt\n|-damage|p2b: Glimmora|70\/100\n|faint|p2a: Flutter Mane\n|-end|p2a: Flutter Mane|Protosynthesis|[silent]\n|move|p1a: Baxcalibur|Icicle Spear|p2b: Glimmora\n|-damage|p2b: Glimmora|53\/100\n|-activate|p2b: Glimmora|ability: Toxic Debris\n|-sidestart|p1: Fluttermane Eyes|move: Toxic Spikes\n|-damage|p2b: Glimmora|36\/100\n|-activate|p2b: Glimmora|ability: Toxic Debris\n|-sidestart|p1: Fluttermane Eyes|move: Toxic Spikes\n|-enditem|p2b: Glimmora|Sitrus Berry|[eat]\n|-heal|p2b: Glimmora|61\/100|[from] item: Sitrus Berry\n|-damage|p2b: Glimmora|45\/100\n|-damage|p2b: Glimmora|29\/100\n|-hitcount|p2b: Glimmora|4\n|move|p2b: Glimmora|Power Gem|p1a: Baxcalibur\n|-resisted|p1a: Baxcalibur\n|-damage|p1a: Baxcalibur|6\/100\n|\n|upkeep\n|turn|10\n|\n|t:|1682887035\n|move|p1b: Chi-Yu|Heat Wave|p2b: Glimmora\n|-resisted|p2b: Glimmora\n|-damage|p2b: Glimmora|0 fnt\n|faint|p2b: Glimmora\n|\n|win|Fluttermane Eyes\n|raw|Fluttermane Eyes's rating: 1156 → 1185<\/strong> (+29 for winning)\n|raw|elellelll's rating: 1215 → 1186<\/strong> (-29 for losing)\n|l|\u2606elellelll\n|c|\u2606Fluttermane Eyes|gg\n","uploadtime":1682887045,"views":5,"p1id":"fluttermaneeyes","p2id":"elellelll","formatid":"gen9vgc2023regulationc","rating":1185,"private":0,"password":""}