{"id":"gen9vgc2023regulationc-1850451650","p1":"Tardy808","p2":"Gildren","format":"[Gen 9] VGC 2023 Regulation C","log":"|j|\u2606Tardy808\n|j|\u2606Gildren\n|t:|1682338355\n|gametype|doubles\n|player|p1|Tardy808|266|1367\n|player|p2|Gildren|riley|1438\n|teamsize|p1|6\n|teamsize|p2|6\n|gen|9\n|tier|[Gen 9] VGC 2023 Regulation C\n|rated|\n|rule|Species Clause: Limit one of each Pok\u00e9mon\n|rule|Item Clause: Limit one of each item\n|clearpoke\n|poke|p1|Iron Jugulis, L50|\n|poke|p1|Amoonguss, L50, F|\n|poke|p1|Gholdengo, L50|\n|poke|p1|Arcanine, L50, F|\n|poke|p1|Iron Hands, L50|\n|poke|p1|Tyranitar, L50, F|\n|poke|p2|Ting-Lu, L50|\n|poke|p2|Annihilape, L50, M|\n|poke|p2|Arcanine, L50, M|\n|poke|p2|Gyarados, L50, F|\n|poke|p2|Iron Bundle, L50|\n|poke|p2|Dragapult, L50, M|\n|teampreview|4\n|\n|t:|1682338442\n|start\n|switch|p1a: Iron Jugulis|Iron Jugulis, L50|100\/100\n|switch|p1b: Gholdengo|Gholdengo, L50|100\/100\n|switch|p2a: Gyarados|Gyarados, L50, F, shiny|100\/100\n|switch|p2b: Dragapult|Dragapult, L50, M|100\/100\n|-ability|p2a: Gyarados|Intimidate|boost\n|-unboost|p1a: Iron Jugulis|atk|1\n|-unboost|p1b: Gholdengo|atk|1\n|-enditem|p1a: Iron Jugulis|Booster Energy\n|-activate|p1a: Iron Jugulis|ability: Quark Drive|[fromitem]\n|-start|p1a: Iron Jugulis|quarkdrivespe\n|turn|1\n|inactive|Battle timer is ON: inactive players will automatically lose when time's up. (requested by Gildren)\n|\n|t:|1682338479\n|move|p1a: Iron Jugulis|Tailwind|p1a: Iron Jugulis\n|-sidestart|p1: Tardy808|move: Tailwind\n|move|p1b: Gholdengo|Nasty Plot|p1b: Gholdengo\n|-boost|p1b: Gholdengo|spa|2\n|move|p2b: Dragapult|Dragon Darts|p1b: Gholdengo\n|-resisted|p1b: Gholdengo\n|-damage|p1b: Gholdengo|82\/100\n|-anim|p2b: Dragapult|Dragon Darts|p1a: Iron Jugulis\n|-damage|p1a: Iron Jugulis|61\/100\n|move|p2a: Gyarados|Thunder Wave|p1a: Iron Jugulis\n|-status|p1a: Iron Jugulis|par\n|\n|-heal|p1b: Gholdengo|89\/100|[from] item: Leftovers\n|upkeep\n|turn|2\n|inactive|Tardy808 has 30 seconds left.\n|inactive|Tardy808 has 20 seconds left.\n|inactive|Tardy808 has 15 seconds left.\n|\n|t:|1682338519\n|-end|p1a: Iron Jugulis|Quark Drive|[silent]\n|switch|p1a: Tyranitar|Tyranitar, L50, F|100\/100\n|-weather|Sandstorm|[from] ability: Sand Stream|[of] p1a: Tyranitar\n|-terastallize|p2b: Dragapult|Steel\n|move|p1b: Gholdengo|Hex|p2b: Dragapult\n|-damage|p2b: Dragapult|15\/100\n|move|p2b: Dragapult|Dragon Darts|p1b: Gholdengo\n|-resisted|p1b: Gholdengo\n|-damage|p1b: Gholdengo|71\/100\n|-anim|p2b: Dragapult|Dragon Darts|p1a: Tyranitar\n|-damage|p1a: Tyranitar|72\/100\n|move|p2a: Gyarados|Thunder Wave|p1b: Gholdengo\n|-immune|p1b: Gholdengo|[from] ability: Good as Gold\n|\n|-weather|Sandstorm|[upkeep]\n|-heal|p1b: Gholdengo|77\/100|[from] item: Leftovers\n|upkeep\n|turn|3\n|\n|t:|1682338544\n|switch|p2b: Arcanine|Arcanine, L50, M|100\/100\n|-ability|p2b: Arcanine|Intimidate|boost\n|-unboost|p1a: Tyranitar|atk|1\n|-unboost|p1b: Gholdengo|atk|1\n|move|p1b: Gholdengo|Make It Rain|p2a: Gyarados|[spread] p2a,p2b\n|-resisted|p2a: Gyarados\n|-resisted|p2b: Arcanine\n|-damage|p2a: Gyarados|62\/100\n|-damage|p2b: Arcanine|48\/100\n|-unboost|p1b: Gholdengo|spa|1\n|-enditem|p2b: Arcanine|Sitrus Berry|[eat]\n|-heal|p2b: Arcanine|73\/100|[from] item: Sitrus Berry\n|move|p1a: Tyranitar|Assurance|p2a: Gyarados\n|-damage|p2a: Gyarados|0 fnt\n|faint|p2a: Gyarados\n|\n|-weather|Sandstorm|[upkeep]\n|-damage|p2b: Arcanine|67\/100|[from] Sandstorm\n|-heal|p1b: Gholdengo|83\/100|[from] item: Leftovers\n|upkeep\n|\n|t:|1682338562\n|switch|p2a: Annihilape|Annihilape, L50, M|100\/100\n|turn|4\n|\n|t:|1682338577\n|-terastallize|p1b: Gholdengo|Water\n|move|p1b: Gholdengo|Hex|p2b: Arcanine\n|-damage|p2b: Arcanine|15\/100\n|move|p1a: Tyranitar|Assurance|p2b: Arcanine\n|-damage|p2b: Arcanine|0 fnt\n|faint|p2b: Arcanine\n|move|p2a: Annihilape|Bulk Up|p2a: Annihilape\n|-boost|p2a: Annihilape|atk|1\n|-boost|p2a: Annihilape|def|1\n|\n|-weather|Sandstorm|[upkeep]\n|-damage|p1b: Gholdengo|77\/100|[from] Sandstorm\n|-damage|p2a: Annihilape|94\/100|[from] Sandstorm\n|-heal|p1b: Gholdengo|83\/100|[from] item: Leftovers\n|-heal|p2a: Annihilape|100\/100|[from] item: Leftovers\n|-sideend|p1: Tardy808|move: Tailwind\n|upkeep\n|\n|t:|1682338586\n|switch|p2b: Dragapult|Dragapult, L50, M, tera:Steel|15\/100\n|turn|5\n|inactive|Tardy808 has 30 seconds left.\n|inactive|Tardy808 has 20 seconds left.\n|inactive|Tardy808 has 15 seconds left.\n|\n|t:|1682338631\n|switch|p1a: Iron Jugulis|Iron Jugulis, L50|61\/100 par\n|move|p2b: Dragapult|Dragon Darts|p1b: Gholdengo\n|-damage|p1b: Gholdengo|49\/100\n|-anim|p2b: Dragapult|Dragon Darts|p1a: Iron Jugulis\n|-damage|p1a: Iron Jugulis|22\/100 par\n|move|p2a: Annihilape|Drain Punch|p1a: Iron Jugulis\n|-damage|p1a: Iron Jugulis|0 fnt\n|faint|p1a: Iron Jugulis\n|-end|p1a: Iron Jugulis|Quark Drive|[silent]\n|move|p1b: Gholdengo|Hex|p2b: Dragapult\n|-damage|p2b: Dragapult|0 fnt\n|faint|p2b: Dragapult\n|\n|-weather|Sandstorm|[upkeep]\n|-damage|p2a: Annihilape|94\/100|[from] Sandstorm\n|-damage|p1b: Gholdengo|43\/100|[from] Sandstorm\n|-heal|p2a: Annihilape|100\/100|[from] item: Leftovers\n|-heal|p1b: Gholdengo|49\/100|[from] item: Leftovers\n|upkeep\n|\n|t:|1682338652\n|switch|p1a: Iron Hands|Iron Hands, L50|100\/100\n|turn|6\n|inactive|Tardy808 has 30 seconds left.\n|inactive|Tardy808 has 20 seconds left.\n|inactive|Tardy808 has 15 seconds left.\n|\n|t:|1682338693\n|move|p1b: Gholdengo|Protect|p1b: Gholdengo\n|-singleturn|p1b: Gholdengo|Protect\n|move|p2a: Annihilape|Rage Fist|p1b: Gholdengo\n|-activate|p1b: Gholdengo|move: Protect\n|move|p1a: Iron Hands|Wild Charge|p2a: Annihilape\n|-damage|p2a: Annihilape|71\/100\n|-damage|p1a: Iron Hands|94\/100|[from] Recoil\n|\n|-weather|none\n|-heal|p2a: Annihilape|77\/100|[from] item: Leftovers\n|-heal|p1b: Gholdengo|55\/100|[from] item: Leftovers\n|upkeep\n|turn|7\n|inactive|Tardy808 has 30 seconds left.\n|\n|t:|1682338719\n|-end|p1a: Iron Hands|Quark Drive|[silent]\n|switch|p1a: Tyranitar|Tyranitar, L50, F|72\/100\n|-weather|Sandstorm|[from] ability: Sand Stream|[of] p1a: Tyranitar\n|move|p2a: Annihilape|Rage Fist|p1b: Gholdengo\n|-damage|p1b: Gholdengo|0 fnt\n|faint|p1b: Gholdengo\n|\n|-weather|Sandstorm|[upkeep]\n|-damage|p2a: Annihilape|71\/100|[from] Sandstorm\n|-heal|p2a: Annihilape|77\/100|[from] item: Leftovers\n|upkeep\n|\n|t:|1682338730\n|switch|p1b: Iron Hands|Iron Hands, L50|94\/100\n|turn|8\n|\n|t:|1682338742\n|move|p2a: Annihilape|Drain Punch|p1a: Tyranitar\n|-supereffective|p1a: Tyranitar\n|-damage|p1a: Tyranitar|0 fnt\n|-heal|p2a: Annihilape|100\/100|[from] drain|[of] p1a: Tyranitar\n|faint|p1a: Tyranitar\n|move|p1b: Iron Hands|Wild Charge|p2a: Annihilape\n|-damage|p2a: Annihilape|70\/100\n|-damage|p1b: Iron Hands|88\/100|[from] Recoil\n|\n|-weather|Sandstorm|[upkeep]\n|-damage|p2a: Annihilape|63\/100|[from] Sandstorm\n|-damage|p1b: Iron Hands|82\/100|[from] Sandstorm\n|-heal|p2a: Annihilape|70\/100|[from] item: Leftovers\n|upkeep\n|turn|9\n|\n|t:|1682338757\n|move|p2a: Annihilape|Rage Fist|p1b: Iron Hands\n|-damage|p1b: Iron Hands|15\/100\n|move|p1b: Iron Hands|Wild Charge|p2a: Annihilape\n|-damage|p2a: Annihilape|38\/100\n|-damage|p1b: Iron Hands|8\/100|[from] Recoil\n|\n|-weather|Sandstorm|[upkeep]\n|-damage|p2a: Annihilape|31\/100|[from] Sandstorm\n|-damage|p1b: Iron Hands|2\/100|[from] Sandstorm\n|-heal|p2a: Annihilape|38\/100|[from] item: Leftovers\n|upkeep\n|turn|10\n|-message|Tardy808 forfeited.\n|\n|win|Gildren\n|raw|Tardy808's rating: 1367 → 1351<\/strong> (-16 for losing)\n|raw|Gildren's rating: 1438 → 1454<\/strong> (+16 for winning)\n|l|\u2606Tardy808\n","uploadtime":1682338772,"views":23,"p1id":"tardy808","p2id":"gildren","formatid":"gen9vgc2023regulationc","rating":1351,"private":0,"password":""}