{"id":"gen9vgc2023regulationc-1845957529","p1":"nondorfly","p2":"AndrwApple","format":"[Gen 9] VGC 2023 Regulation C","log":"|j|\u2606nondorfly\n|j|\u2606AndrwApple\n|t:|1681783786\n|gametype|doubles\n|player|p1|nondorfly|birdkeeper|1437\n|player|p2|AndrwApple|erika-masters|1541\n|teamsize|p1|6\n|teamsize|p2|6\n|gen|9\n|tier|[Gen 9] VGC 2023 Regulation C\n|rated|\n|rule|Species Clause: Limit one of each Pok\u00e9mon\n|rule|Item Clause: Limit one of each item\n|clearpoke\n|poke|p1|Corviknight, L50, M|\n|poke|p1|Chien-Pao, L50|\n|poke|p1|Ting-Lu, L50|\n|poke|p1|Dragonite, L50, M|\n|poke|p1|Flutter Mane, L50|\n|poke|p1|Palafin, L50, F|\n|poke|p2|Flutter Mane, L50|\n|poke|p2|Wo-Chien, L50|\n|poke|p2|Gholdengo, L50|\n|poke|p2|Arcanine, L50, F|\n|poke|p2|Palafin, L50, M|\n|poke|p2|Iron Hands, L50|\n|teampreview|4\nAndrwApple has agreed to open team sheets.\nnondorfly has agreed to open team sheets.\n|j| THUNDERSND77\n|\n|t:|1681783864\n|start\n|switch|p1a: Corviknight|Corviknight, L50, M|100\/100\n|switch|p1b: Flutter Mane|Flutter Mane, L50|100\/100\n|switch|p2a: AT-AT|Arcanine, L50, F|100\/100\n|switch|p2b: The Force|Palafin, L50, M, shiny|100\/100\n|-ability|p2a: AT-AT|Intimidate|boost\n|-ability|p1a: Corviknight|Mirror Armor\n|-unboost|p2a: AT-AT|atk|1\n|-unboost|p1b: Flutter Mane|atk|1\n|-enditem|p1b: Flutter Mane|Booster Energy\n|-activate|p1b: Flutter Mane|ability: Protosynthesis|[fromitem]\n|-start|p1b: Flutter Mane|protosynthesisspa\n|turn|1\n|\n|t:|1681783892\n|move|p2b: The Force|Protect|p2b: The Force\n|-singleturn|p2b: The Force|Protect\n|move|p1b: Flutter Mane|Shadow Ball|p2a: AT-AT\n|-damage|p2a: AT-AT|46\/100\n|move|p2a: AT-AT|Flare Blitz|p1b: Flutter Mane\n|-damage|p1b: Flutter Mane|37\/100\n|-damage|p2a: AT-AT|31\/100|[from] Recoil\n|move|p1a: Corviknight|Brave Bird|p2a: AT-AT\n|-damage|p2a: AT-AT|0 fnt\n|faint|p2a: AT-AT\n|-damage|p1a: Corviknight|91\/100|[from] Recoil\n|\n|upkeep\n|\n|t:|1681783906\n|switch|p2a: Yoda|Flutter Mane, L50, shiny|100\/100\n|-enditem|p2a: Yoda|Booster Energy\n|-activate|p2a: Yoda|ability: Protosynthesis|[fromitem]\n|-start|p2a: Yoda|protosynthesisspe\n|turn|2\n|\n|t:|1681783912\n|detailschange|p2b: The Force|Palafin-Hero, L50, M, shiny\n|switch|p2b: Jabba The Hutt|Wo-Chien, L50|100\/100\n|-ability|p2b: Jabba The Hutt|Tablets of Ruin\n|move|p1b: Flutter Mane|Protect|p1b: Flutter Mane\n|-singleturn|p1b: Flutter Mane|Protect\n|move|p2a: Yoda|Substitute|p2a: Yoda\n|-start|p2a: Yoda|Substitute\n|-damage|p2a: Yoda|76\/100\n|move|p1a: Corviknight|Tailwind|p1a: Corviknight\n|-sidestart|p1: nondorfly|move: Tailwind\n|\n|upkeep\n|turn|3\n|\n|t:|1681783933\n|-terastallize|p2b: Jabba The Hutt|Poison\n|move|p1b: Flutter Mane|Shadow Ball|p2a: Yoda\n|-supereffective|p2a: Yoda\n|-end|p2a: Yoda|Substitute\n|move|p2a: Yoda|Shadow Ball|p1b: Flutter Mane\n|-supereffective|p1b: Flutter Mane\n|-damage|p1b: Flutter Mane|0 fnt\n|faint|p1b: Flutter Mane\n|-end|p1b: Flutter Mane|Protosynthesis|[silent]\n|move|p1a: Corviknight|Iron Head|p2a: Yoda\n|-supereffective|p2a: Yoda\n|-damage|p2a: Yoda|0 fnt\n|faint|p2a: Yoda\n|-end|p2a: Yoda|Protosynthesis|[silent]\n|move|p2b: Jabba The Hutt|Leech Seed|p1a: Corviknight\n|-start|p1a: Corviknight|move: Leech Seed\n|\n|-damage|p1a: Corviknight|79\/100|[from] Leech Seed|[of] p2b: Jabba The Hutt\n|upkeep\n|\n|t:|1681783957\n|switch|p2a: The Force|Palafin-Hero, L50, M, shiny|100\/100\n|switch|p1b: Dragonite|Dragonite, L50, M|100\/100\n|-activate|p2a: The Force|ability: Zero to Hero\n|turn|4\n|\n|t:|1681783966\n|switch|p1a: Chien-Pao|Chien-Pao, L50|100\/100\n|-ability|p1a: Chien-Pao|Sword of Ruin\n|move|p2a: The Force|Protect|p2a: The Force\n|-singleturn|p2a: The Force|Protect\n|move|p1b: Dragonite|Outrage|p2a: The Force\n|-activate|p2a: The Force|move: Protect\n|move|p2b: Jabba The Hutt|Leech Seed|p1b: Dragonite\n|-start|p1b: Dragonite|move: Leech Seed\n|\n|-damage|p1b: Dragonite|88\/100|[from] Leech Seed|[of] p2b: Jabba The Hutt\n|upkeep\n|turn|5\n|\n|t:|1681783982\n|-terastallize|p1a: Chien-Pao|Ice\n|move|p2b: Jabba The Hutt|Protect|p2b: Jabba The Hutt\n|-singleturn|p2b: Jabba The Hutt|Protect\n|move|p1a: Chien-Pao|Ice Spinner|p2b: Jabba The Hutt\n|-activate|p2b: Jabba The Hutt|move: Protect\n|move|p1b: Dragonite|Outrage|p2a: The Force\n|-damage|p2a: The Force|12\/100\n|move|p2a: The Force|Wave Crash|p1a: Chien-Pao\n|-damage|p1a: Chien-Pao|8\/100\n|-damage|p2a: The Force|0 fnt|[from] Recoil\n|faint|p2a: The Force\n|\n|-damage|p1b: Dragonite|76\/100|[from] Leech Seed|[of] p2b: Jabba The Hutt\n|-sideend|p1: nondorfly|move: Tailwind\n|upkeep\n|turn|6\n|\n|t:|1681783998\n|move|p2b: Jabba The Hutt|Protect||[still]\n|-fail|p2b: Jabba The Hutt\n|move|p1a: Chien-Pao|Ice Spinner|p2b: Jabba The Hutt\n|-damage|p2b: Jabba The Hutt|55\/100\n|move|p1b: Dragonite|Outrage|p2b: Jabba The Hutt|[from]lockedmove\n|-crit|p2b: Jabba The Hutt\n|-damage|p2b: Jabba The Hutt|0 fnt\n|faint|p2b: Jabba The Hutt\n|\n|win|nondorfly\n|raw|nondorfly's rating: 1437 → 1463<\/strong> (+26 for winning)\n|raw|AndrwApple's rating: 1541 → 1515<\/strong> (-26 for losing)\n|l|\u2606AndrwApple\n|l| THUNDERSND77\n","uploadtime":1681784112,"views":8,"p1id":"nondorfly","p2id":"andrwapple","formatid":"gen9vgc2023regulationc","rating":1463,"private":0,"password":""}