{"id":"gen9vgc2023regulationc-1850988865","p1":"Erick2803u","p2":"ScalonetaPibe","format":"[Gen 9] VGC 2023 Regulation C","log":"|j|\u2606Erick2803u\n|j|\u2606ScalonetaPibe\n|t:|1682390773\n|gametype|doubles\n|player|p1|Erick2803u|102|\n|player|p2|ScalonetaPibe|pokemaniac|\n|teamsize|p1|6\n|teamsize|p2|6\n|gen|9\n|tier|[Gen 9] VGC 2023 Regulation C\n|rule|Species Clause: Limit one of each Pok\u00e9mon\n|rule|Item Clause: Limit one of each item\n|clearpoke\n|poke|p1|Ting-Lu, L50|\n|poke|p1|Flutter Mane, L50|\n|poke|p1|Amoonguss, L50, M|\n|poke|p1|Palafin, L50, M|\n|poke|p1|Baxcalibur, L50, F|\n|poke|p1|Arcanine, L50, M|\n|poke|p2|Murkrow, L50, M|\n|poke|p2|Chi-Yu, L50|\n|poke|p2|Flutter Mane, L50|\n|poke|p2|Great Tusk, L50|\n|poke|p2|Brute Bonnet, L50|\n|poke|p2|Corviknight, L50, M|\n|teampreview|4\n|\n|t:|1682390787\n|start\n|switch|p1a: Flutter Mane|Flutter Mane, L50|100\/100\n|switch|p1b: Palafin|Palafin, L50, M|100\/100\n|switch|p2a: Murkrow|Murkrow, L50, M, shiny|100\/100\n|switch|p2b: Corviknight|Corviknight, L50, M|100\/100\n|turn|1\n|\n|t:|1682390824\n|move|p1b: Palafin|Jet Punch|p2b: Corviknight\n|-damage|p2b: Corviknight|76\/100\n|move|p2a: Murkrow|Tailwind|p2a: Murkrow\n|-sidestart|p2: ScalonetaPibe|move: Tailwind\n|move|p2b: Corviknight|Brave Bird|p1a: Flutter Mane\n|-damage|p1a: Flutter Mane|0 fnt\n|faint|p1a: Flutter Mane\n|-end|p1a: Flutter Mane|Protosynthesis|[silent]\n|-damage|p2b: Corviknight|51\/100|[from] Recoil\n|\n|upkeep\n|\n|t:|1682390830\n|switch|p1a: Ting-Lu|Ting-Lu, L50|100\/100\n|-ability|p1a: Ting-Lu|Vessel of Ruin\n|turn|2\n|\n|t:|1682390837\n|move|p1b: Palafin|Protect|p1b: Palafin\n|-singleturn|p1b: Palafin|Protect\n|move|p2a: Murkrow|Sunny Day|p2a: Murkrow\n|-weather|SunnyDay\n|move|p2b: Corviknight|Brave Bird|p1b: Palafin\n|-activate|p1b: Palafin|move: Protect\n|move|p1a: Ting-Lu|Ruination|p2b: Corviknight|[miss]\n|-miss|p1a: Ting-Lu|p2b: Corviknight\n|\n|-weather|SunnyDay|[upkeep]\n|upkeep\n|turn|3\n|\n|t:|1682390858\n|detailschange|p1b: Palafin|Palafin-Hero, L50, M\n|switch|p1b: Amoonguss|Amoonguss, L50, M|100\/100\n|move|p2a: Murkrow|Foul Play|p1b: Amoonguss\n|-damage|p1b: Amoonguss|84\/100\n|move|p2b: Corviknight|Brave Bird|p1b: Amoonguss\n|-supereffective|p1b: Amoonguss\n|-damage|p1b: Amoonguss|0 fnt\n|faint|p1b: Amoonguss\n|-damage|p2b: Corviknight|19\/100|[from] Recoil\n|move|p1a: Ting-Lu|Ruination|p2b: Corviknight\n|-damage|p2b: Corviknight|10\/100\n|\n|-weather|SunnyDay|[upkeep]\n|upkeep\n|\n|t:|1682390859\n|switch|p1b: Palafin|Palafin-Hero, L50, M|100\/100\n|-activate|p1b: Palafin|ability: Zero to Hero\n|turn|4\n|\n|t:|1682390866\n|move|p1b: Palafin|Jet Punch|p2b: Corviknight\n|-damage|p2b: Corviknight|0 fnt\n|faint|p2b: Corviknight\n|move|p2a: Murkrow|Foul Play|p1b: Palafin\n|-damage|p1b: Palafin|47\/100\n|move|p1a: Ting-Lu|Heavy Slam|p2a: Murkrow\n|-damage|p2a: Murkrow|67\/100\n|\n|-weather|SunnyDay|[upkeep]\n|-sideend|p2: ScalonetaPibe|move: Tailwind\n|upkeep\n|\n|t:|1682390869\n|switch|p2b: Brute Bonnet|Brute Bonnet, L50|100\/100\n|-activate|p2b: Brute Bonnet|ability: Protosynthesis\n|-start|p2b: Brute Bonnet|protosynthesisatk\n|turn|5\n|\n|t:|1682390893\n|-terastallize|p1a: Ting-Lu|Grass\n|move|p1b: Palafin|Protect|p1b: Palafin\n|-singleturn|p1b: Palafin|Protect\n|move|p2a: Murkrow|Tailwind|p2a: Murkrow\n|-sidestart|p2: ScalonetaPibe|move: Tailwind\n|move|p2b: Brute Bonnet|Bullet Seed|p1b: Palafin\n|-activate|p1b: Palafin|move: Protect\n|move|p1a: Ting-Lu|Ruination|p2b: Brute Bonnet\n|-damage|p2b: Brute Bonnet|50\/100\n|\n|-weather|SunnyDay|[upkeep]\n|upkeep\n|turn|6\n|\n|t:|1682390910\n|move|p1b: Palafin|Protect||[still]\n|-fail|p1b: Palafin\n|move|p2a: Murkrow|Foul Play|p1a: Ting-Lu\n|-damage|p1a: Ting-Lu|75\/100\n|move|p2b: Brute Bonnet|Bullet Seed|p1b: Palafin\n|-supereffective|p1b: Palafin\n|-damage|p1b: Palafin|10\/100\n|-supereffective|p1b: Palafin\n|-crit|p1b: Palafin\n|-damage|p1b: Palafin|0 fnt\n|faint|p1b: Palafin\n|-hitcount|p1: Palafin|2\n|move|p1a: Ting-Lu|Heavy Slam|p2a: Murkrow\n|-damage|p2a: Murkrow|35\/100\n|\n|-weather|none\n|-end|p2b: Brute Bonnet|Protosynthesis\n|upkeep\n|turn|7\n|\n|t:|1682390916\n|move|p2a: Murkrow|Sunny Day|p2a: Murkrow\n|-weather|SunnyDay\n|-activate|p2b: Brute Bonnet|ability: Protosynthesis\n|-start|p2b: Brute Bonnet|protosynthesisatk\n|move|p2b: Brute Bonnet|Sucker Punch|p1a: Ting-Lu\n|-damage|p1a: Ting-Lu|45\/100\n|move|p1a: Ting-Lu|Heavy Slam|p2b: Brute Bonnet\n|-damage|p2b: Brute Bonnet|17\/100\n|\n|-weather|SunnyDay|[upkeep]\n|upkeep\n|turn|8\n|\n|t:|1682390925\n|move|p2b: Brute Bonnet|Sucker Punch|p1a: Ting-Lu\n|-damage|p1a: Ting-Lu|13\/100\n|move|p2a: Murkrow|Foul Play|p1a: Ting-Lu\n|-damage|p1a: Ting-Lu|0 fnt\n|faint|p1a: Ting-Lu\n|\n|win|ScalonetaPibe\n|l|\u2606ScalonetaPibe\n|c|\u2606Erick2803u|gg\n|l|\u2606Erick2803u\n|j|\u2606ScalonetaPibe\n|player|p2|ScalonetaPibe|pokemaniac\n","uploadtime":1682391046,"views":14,"p1id":"erick2803u","p2id":"scalonetapibe","formatid":"gen9vgc2023regulationc","rating":0,"private":0,"password":""}