{"id":"gen9vgc2023regulationc-1852209281","p1":"Jbenn","p2":"Kwiper","format":"[Gen 9] VGC 2023 Regulation C","log":"|j|\u2606Jbenn\n|j|\u2606Kwiper\n|t:|1682533153\n|gametype|doubles\n|player|p1|Jbenn|steven|1370\n|player|p2|Kwiper|thorton|1361\n|teamsize|p1|6\n|teamsize|p2|6\n|gen|9\n|tier|[Gen 9] VGC 2023 Regulation C\n|rated|\n|rule|Species Clause: Limit one of each Pok\u00e9mon\n|rule|Item Clause: Limit one of each item\n|clearpoke\n|poke|p1|Roaring Moon, L50|\n|poke|p1|Tyranitar, L50, F|\n|poke|p1|Gholdengo, L50|\n|poke|p1|Hariyama, L50, F|\n|poke|p1|Mimikyu, L50, M|\n|poke|p1|Gyarados, L50, M|\n|poke|p2|Gastrodon-East, L50, F|\n|poke|p2|Chi-Yu, L50|\n|poke|p2|Tyranitar, L50, M|\n|poke|p2|Iron Bundle, L50|\n|poke|p2|Dragapult, L50, F|\n|poke|p2|Amoonguss, L50, F|\n|teampreview|4\nJbenn has agreed to open team sheets.\nKwiper has agreed to open team sheets.\n|inactive|Battle timer is ON: inactive players will automatically lose when time's up. (requested by Jbenn)\n|\n|t:|1682533183\n|start\n|switch|p1a: Yokozuna|Hariyama, L50, F, shiny|100\/100\n|switch|p1b: Casper|Mimikyu, L50, M|100\/100\n|switch|p2a: Dragapult|Dragapult, L50, F|100\/100\n|switch|p2b: Amoonguss|Amoonguss, L50, F|100\/100\n|turn|1\n|inactive|Jbenn has 30 seconds left.\n|inactive|Jbenn has 20 seconds left.\n|inactive|Jbenn has 15 seconds left.\n|inactive|Jbenn has 10 seconds left.\n|inactive|Jbenn has 5 seconds left.\n|\n|t:|1682533234\n|switch|p1a: Haku|Gyarados, L50, M, shiny|100\/100\n|-ability|p1a: Haku|Intimidate|boost\n|-fail|p2a: Dragapult|unboost|[from] ability: Clear Body|[of] p2a: Dragapult\n|-unboost|p2b: Amoonguss|atk|1\n|move|p2a: Dragapult|Phantom Force||[still]\n|-prepare|p2a: Dragapult|Phantom Force\n|move|p1b: Casper|Curse|p2b: Amoonguss\n|-start|p2b: Amoonguss|Curse|[of] p1b: Casper\n|-damage|p1b: Casper|50\/100\n|-enditem|p1b: Casper|Sitrus Berry|[eat]\n|-heal|p1b: Casper|75\/100|[from] item: Sitrus Berry\n|move|p2b: Amoonguss|Clear Smog|p1b: Casper\n|-activate|p1b: Casper|ability: Disguise\n|-damage|p1b: Casper|75\/100\n|-clearboost|p1b: Casper\n|detailschange|p1b: Casper|Mimikyu-Busted, L50, M\n|-damage|p1b: Casper|63\/100|[from] pokemon: Mimikyu-Busted\n|\n|-damage|p2b: Amoonguss|76\/100|[from] Curse\n|upkeep\n|turn|2\n|inactive|Jbenn has 30 seconds left.\n|\n|t:|1682533266\n|switch|p1b: Yokozuna|Hariyama, L50, F, shiny|100\/100\n|switch|p2b: Iron Bundle|Iron Bundle, L50|100\/100\n|-enditem|p2b: Iron Bundle|Booster Energy\n|-activate|p2b: Iron Bundle|ability: Quark Drive|[fromitem]\n|-start|p2b: Iron Bundle|quarkdrivespe\n|move|p2a: Dragapult|Phantom Force|p1b: Yokozuna|[from]lockedmove\n|-damage|p1b: Yokozuna|32\/100\n|move|p1a: Haku|Thunder Wave|p2a: Dragapult|[miss]\n|-miss|p1a: Haku|p2a: Dragapult\n|\n|upkeep\n|turn|3\n|inactive|Jbenn has 30 seconds left.\n|\n|t:|1682533298\n|-end|p2b: Iron Bundle|Quark Drive|[silent]\n|switch|p2b: Amoonguss|Amoonguss, L50, F|100\/100\n|move|p1a: Haku|Protect|p1a: Haku\n|-singleturn|p1a: Haku|Protect\n|move|p2a: Dragapult|Phantom Force||[still]\n|-prepare|p2a: Dragapult|Phantom Force\n|move|p1b: Yokozuna|Close Combat|p2b: Amoonguss\n|-resisted|p2b: Amoonguss\n|-damage|p2b: Amoonguss|75\/100\n|-unboost|p1b: Yokozuna|def|1\n|-unboost|p1b: Yokozuna|spd|1\n|-damage|p1b: Yokozuna|16\/100|[from] item: Rocky Helmet|[of] p2b: Amoonguss\n|\n|upkeep\n|turn|4\n|\n|t:|1682533315\n|-terastallize|p1a: Haku|Flying\n|move|p2b: Amoonguss|Rage Powder|p2b: Amoonguss\n|-singleturn|p2b: Amoonguss|move: Rage Powder\n|move|p2a: Dragapult|Phantom Force|p1b: Yokozuna|[from]lockedmove\n|-damage|p1b: Yokozuna|0 fnt\n|faint|p1b: Yokozuna\n|move|p1a: Haku|Tera Blast|p2b: Amoonguss\n|-supereffective|p2b: Amoonguss\n|-damage|p2b: Amoonguss|0 fnt\n|faint|p2b: Amoonguss\n|\n|upkeep\n|\n|t:|1682533330\n|switch|p1b: Casper|Mimikyu-Busted, L50, M|63\/100\n|switch|p2b: Tyranitar|Tyranitar, L50, M|100\/100\n|-weather|Sandstorm|[from] ability: Sand Stream|[of] p2b: Tyranitar\n|turn|5\n|\n|t:|1682533341\n|switch|p1a: 50 Cent|Gholdengo, L50|100\/100\n|-terastallize|p2b: Tyranitar|Flying\n|move|p2a: Dragapult|Phantom Force||[still]\n|-prepare|p2a: Dragapult|Phantom Force\n|move|p2b: Tyranitar|Heavy Slam|p1b: Casper\n|-supereffective|p1b: Casper\n|-damage|p1b: Casper|0 fnt\n|faint|p1b: Casper\n|\n|-weather|Sandstorm|[upkeep]\n|-damage|p2a: Dragapult|94\/100|[from] Sandstorm\n|-damage|p2b: Tyranitar|95\/100|[from] Sandstorm\n|upkeep\n|\n|t:|1682533352\n|switch|p1b: Haku|Gyarados, L50, M, shiny, tera:Flying|100\/100\n|-ability|p1b: Haku|Intimidate|boost\n|-fail|p2a: Dragapult|unboost|[from] ability: Clear Body|[of] p2a: Dragapult\n|-unboost|p2b: Tyranitar|atk|1\n|turn|6\n|\n|t:|1682533368\n|move|p2a: Dragapult|Phantom Force|p1a: 50 Cent|[from]lockedmove\n|-supereffective|p1a: 50 Cent\n|-damage|p1a: 50 Cent|0 fnt\n|faint|p1a: 50 Cent\n|move|p1b: Haku|Thunder Wave|p2a: Dragapult\n|-status|p2a: Dragapult|par\n|move|p2b: Tyranitar|Rock Slide|p1b: Haku\n|-supereffective|p1b: Haku\n|-damage|p1b: Haku|53\/100\n|\n|-weather|Sandstorm|[upkeep]\n|-damage|p1b: Haku|47\/100|[from] Sandstorm\n|-damage|p2a: Dragapult|88\/100 par|[from] Sandstorm\n|-damage|p2b: Tyranitar|89\/100|[from] Sandstorm\n|upkeep\n|turn|7\n|-message|Jbenn forfeited.\n|\n|win|Kwiper\n|raw|Jbenn's rating: 1370 → 1349<\/strong> (-21 for losing)\n|raw|Kwiper's rating: 1361 → 1382<\/strong> (+21 for winning)\n|l|\u2606Jbenn\n","uploadtime":1682533376,"views":15,"p1id":"jbenn","p2id":"kwiper","formatid":"gen9vgc2023regulationc","rating":1349,"private":0,"password":""}