{"id":"gen9vgc2023regulationc-1854998917","p1":"Thossq","p2":"Vikx_VGC","format":"[Gen 9] VGC 2023 Regulation C","log":"|j|\u2606Thossq\n|j|\u2606Vikx_VGC\n|t:|1682889377\n|gametype|doubles\n|player|p1|Thossq|sabrina|1105\n|player|p2|Vikx_VGC|266|1098\n|teamsize|p1|6\n|teamsize|p2|6\n|gen|9\n|tier|[Gen 9] VGC 2023 Regulation C\n|rated|\n|rule|Species Clause: Limit one of each Pok\u00e9mon\n|rule|Item Clause: Limit one of each item\n|clearpoke\n|poke|p1|Cetitan, L50, M|\n|poke|p1|Kingambit, L50, F|\n|poke|p1|Indeedee-F, L50, F|\n|poke|p1|Abomasnow, L50, M|\n|poke|p1|Armarouge, L50, F|\n|poke|p1|Maushold, L50|\n|poke|p2|Torkoal, L50, F|\n|poke|p2|Great Tusk, L50|\n|poke|p2|Flutter Mane, L50|\n|poke|p2|Jumpluff, L50, M|\n|poke|p2|Kingambit, L50, M|\n|poke|p2|Chien-Pao, L50|\n|teampreview|4\nThossq rejected open team sheets.\n|inactive|Battle timer is ON: inactive players will automatically lose when time's up. (requested by Vikx_VGC)\n|inactive|Thossq has 60 seconds left.\n|\n|t:|1682889484\n|start\n|switch|p1a: Indeedee|Indeedee-F, L50, F|100\/100\n|switch|p1b: Armarouge|Armarouge, L50, F|100\/100\n|switch|p2a: Torkoal|Torkoal, L50, F, shiny|100\/100\n|switch|p2b: Jumpluff|Jumpluff, L50, M, shiny|100\/100\n|-fieldstart|move: Psychic Terrain|[from] ability: Psychic Surge|[of] p1a: Indeedee\n|-weather|SunnyDay|[from] ability: Drought|[of] p2a: Torkoal\n|turn|1\n|inactive|Vikx_VGC has 30 seconds left.\n|\n|t:|1682889509\n|move|p2b: Jumpluff|Sleep Powder|p1a: Indeedee\n|-status|p1a: Indeedee|slp|[from] move: Sleep Powder\n|cant|p1a: Indeedee|slp\n|move|p1b: Armarouge|Expanding Force|p2b: Jumpluff|[spread] p2a,p2b\n|-damage|p2a: Torkoal|43\/100\n|-damage|p2b: Jumpluff|20\/100\n|-damage|p1b: Armarouge|91\/100|[from] item: Life Orb\n|move|p2a: Torkoal|Overheat|p1a: Indeedee\n|-damage|p1a: Indeedee|62\/100 slp\n|-unboost|p2a: Torkoal|spa|2\n|-enditem|p2a: Torkoal|Eject Pack\n|\n|t:|1682889523\n|switch|p2a: Great Tusk|Great Tusk, L50, shiny|100\/100\n|-activate|p2a: Great Tusk|ability: Protosynthesis\n|-start|p2a: Great Tusk|protosynthesisatk\n|\n|-weather|SunnyDay|[upkeep]\n|upkeep\n|turn|2\n|\n|t:|1682889542\n|-terastallize|p2a: Great Tusk|Fire\n|-terastallize|p1b: Armarouge|Grass\n|cant|p1a: Indeedee|slp\n|move|p2b: Jumpluff|Tailwind|p2b: Jumpluff\n|-sidestart|p2: Vikx_VGC|move: Tailwind\n|move|p2a: Great Tusk|Earthquake|p1a: Indeedee|[spread] p1a,p1b\n|-immune|p2b: Jumpluff\n|-resisted|p1b: Armarouge\n|-damage|p1a: Indeedee|0 fnt\n|-damage|p1b: Armarouge|73\/100\n|faint|p1a: Indeedee\n|move|p1b: Armarouge|Expanding Force|p2a: Great Tusk|[spread] p2a,p2b\n|-damage|p2a: Great Tusk|8\/100\n|-damage|p2b: Jumpluff|0 fnt\n|faint|p2b: Jumpluff\n|-damage|p1b: Armarouge|63\/100|[from] item: Life Orb\n|\n|-weather|SunnyDay|[upkeep]\n|upkeep\n|inactive|Thossq has 30 seconds left.\n|\n|t:|1682889572\n|switch|p2b: Kingambit|Kingambit, L50, M, shiny|100\/100\n|switch|p1a: Kingambit|Kingambit, L50, F|100\/100\n|turn|3\n|\n|t:|1682889591\n|-end|p2a: Great Tusk|Protosynthesis|[silent]\n|switch|p2a: Torkoal|Torkoal, L50, F, shiny|43\/100\n|move|p1a: Kingambit|Protect|p1a: Kingambit\n|-singleturn|p1a: Kingambit|Protect\n|move|p2b: Kingambit|Kowtow Cleave|p1b: Armarouge\n|-damage|p1b: Armarouge|31\/100\n|move|p1b: Armarouge|Armor Cannon|p2b: Kingambit\n|-supereffective|p2b: Kingambit\n|-damage|p2b: Kingambit|0 fnt\n|-unboost|p1b: Armarouge|def|1\n|-unboost|p1b: Armarouge|spd|1\n|faint|p2b: Kingambit\n|-damage|p1b: Armarouge|21\/100|[from] item: Life Orb\n|\n|-weather|SunnyDay|[upkeep]\n|upkeep\n|\n|t:|1682889602\n|switch|p2b: Great Tusk|Great Tusk, L50, shiny, tera:Fire|8\/100\n|-activate|p2b: Great Tusk|ability: Protosynthesis\n|-start|p2b: Great Tusk|protosynthesisatk\n|turn|4\n|inactive|Thossq has 30 seconds left.\n|\n|t:|1682889631\n|move|p1b: Armarouge|Protect|p1b: Armarouge\n|-singleturn|p1b: Armarouge|Protect\n|move|p2b: Great Tusk|Rock Slide|p1a: Kingambit|[spread] p1a\n|-activate|p1b: Armarouge|move: Protect\n|-resisted|p1a: Kingambit\n|-damage|p1a: Kingambit|89\/100\n|move|p1a: Kingambit|Kowtow Cleave|p2a: Torkoal\n|-crit|p2a: Torkoal\n|-damage|p2a: Torkoal|0 fnt\n|faint|p2a: Torkoal\n|\n|-weather|SunnyDay|[upkeep]\n|-heal|p1a: Kingambit|95\/100|[from] item: Leftovers\n|upkeep\n|turn|5\n|\n|t:|1682889647\n|move|p2b: Great Tusk|Rock Slide|p1a: Kingambit|[spread] p1a\n|-miss|p2b: Great Tusk|p1b: Armarouge\n|-resisted|p1a: Kingambit\n|-damage|p1a: Kingambit|85\/100\n|move|p1b: Armarouge|Armor Cannon|p2b: Great Tusk\n|-resisted|p2b: Great Tusk\n|-damage|p2b: Great Tusk|0 fnt\n|-unboost|p1b: Armarouge|def|1\n|-unboost|p1b: Armarouge|spd|1\n|faint|p2b: Great Tusk\n|-end|p2b: Great Tusk|Protosynthesis|[silent]\n|-damage|p1b: Armarouge|11\/100|[from] item: Life Orb\n|\n|win|Thossq\n|raw|Thossq's rating: 1105 → 1129<\/strong> (+24 for winning)\n|raw|Vikx_VGC's rating: 1098 → 1074<\/strong> (-24 for losing)\n|l|\u2606Vikx_VGC\n","uploadtime":1682889660,"views":8,"p1id":"thossq","p2id":"vikxvgc","formatid":"gen9vgc2023regulationc","rating":1074,"private":0,"password":""}