{"id":"gen9vgc2023regulationc-1859295989","p1":"ManciniTheAmazing","p2":"Raymond935","format":"[Gen 9] VGC 2023 Regulation C","log":"|j|\u2606ManciniTheAmazing\n|j|\u2606Raymond935\n|t:|1683430191\n|gametype|doubles\n|player|p1|ManciniTheAmazing|266|\n|player|p2|Raymond935|266|\n|teamsize|p1|6\n|teamsize|p2|6\n|gen|9\n|tier|[Gen 9] VGC 2023 Regulation C\n|rule|Species Clause: Limit one of each Pok\u00e9mon\n|rule|Item Clause: Limit one of each item\n|clearpoke\n|poke|p1|Hoppip, L50, F|\n|poke|p1|Gholdengo, L50|\n|poke|p1|Rotom-Heat, L50|\n|poke|p1|Tauros-Paldea-Aqua, L50, M|\n|poke|p1|Zangoose, L50, F|\n|poke|p1|Grimmsnarl, L50, M|\n|poke|p2|Slowbro, L50, F|\n|poke|p2|Ceruledge, L50, M|\n|poke|p2|Chien-Pao, L50|\n|poke|p2|Dragonite, L50, F|\n|poke|p2|Wigglytuff, L50, F|\n|poke|p2|Iron Treads, L50|\n|teampreview|4\n|c|\u2606ManciniTheAmazing|g2\n|c|\u2606Raymond935|g2\nRaymond935 rejected open team sheets.\n|c|\u2606ManciniTheAmazing|glhf\n|\n|t:|1683430991\n|start\n|switch|p1a: Yowie|Grimmsnarl, L50, M|100\/100\n|switch|p1b: Ute|Gholdengo, L50|100\/100\n|switch|p2a: Chien-Pao|Chien-Pao, L50|100\/100\n|switch|p2b: Dragonite|Dragonite, L50, F|100\/100\n|-ability|p2a: Chien-Pao|Sword of Ruin\n|-item|p2a: Chien-Pao|Covert Cloak|[from] ability: Frisk|[of] p1a: Yowie|[identify]\n|-item|p2b: Dragonite|Assault Vest|[from] ability: Frisk|[of] p1a: Yowie|[identify]\n|turn|1\n|\n|t:|1683431061\n|switch|p2a: Ceruledge|Ceruledge, L50, M|100\/100\n|-terastallize|p1b: Ute|Steel\n|move|p1b: Ute|Make It Rain|p2a: Ceruledge|[spread] p2a,p2b\n|-resisted|p2a: Ceruledge\n|-damage|p2a: Ceruledge|65\/100\n|-damage|p2b: Dragonite|63\/100\n|-unboost|p1b: Ute|spa|1\n|move|p1a: Yowie|Spirit Break|p2b: Dragonite\n|-supereffective|p2b: Dragonite\n|-damage|p2b: Dragonite|0 fnt\n|faint|p2b: Dragonite\n|\n|upkeep\n|\n|t:|1683431077\n|switch|p2b: Iron Treads|Iron Treads, L50|100\/100\n|-enditem|p2b: Iron Treads|Booster Energy\n|-activate|p2b: Iron Treads|ability: Quark Drive|[fromitem]\n|-start|p2b: Iron Treads|quarkdrivespe\n|turn|2\n|\n|t:|1683431107\n|switch|p1b: Hills Hoist|Rotom-Heat, L50|100\/100\n|move|p2a: Ceruledge|Protect|p2a: Ceruledge\n|-singleturn|p2a: Ceruledge|Protect\n|move|p1a: Yowie|Sucker Punch||[still]\n|-fail|p1a: Yowie\n|move|p2b: Iron Treads|Bulldoze|p1a: Yowie|[spread] p1a\n|-activate|p2a: Ceruledge|move: Protect\n|-immune|p1b: Hills Hoist|[from] ability: Levitate\n|-damage|p1a: Yowie|68\/100\n|-unboost|p1a: Yowie|spe|1\n|\n|upkeep\n|turn|3\n|\n|t:|1683431170\n|switch|p1a: Platypus|Tauros-Paldea-Aqua, L50, M|100\/100\n|-ability|p1a: Platypus|Intimidate|boost\n|-fail|p2a: Ceruledge|unboost|[from] item: Clear Amulet|[of] p2a: Ceruledge\n|-unboost|p2b: Iron Treads|atk|1\n|move|p2a: Ceruledge|Ally Switch||[still]\n|-fail|p2a: Ceruledge\n|move|p2b: Iron Treads|Heavy Slam|p1a: Platypus\n|-resisted|p1a: Platypus\n|-crit|p1a: Platypus\n|-damage|p1a: Platypus|80\/100\n|move|p1b: Hills Hoist|Overheat|p2b: Iron Treads\n|-supereffective|p2b: Iron Treads\n|-damage|p2b: Iron Treads|0 fnt\n|-unboost|p1b: Hills Hoist|spa|2\n|faint|p2b: Iron Treads\n|-end|p2b: Iron Treads|Quark Drive|[silent]\n|\n|upkeep\n|\n|t:|1683431183\n|switch|p2b: Chien-Pao|Chien-Pao, L50|100\/100\n|-ability|p2b: Chien-Pao|Sword of Ruin\n|turn|4\n|c|\u2606ManciniTheAmazing|huh\n|c|\u2606ManciniTheAmazing|why did ally switch fail\n|c|\u2606Raymond935|it's a gen 9 nerf\n|c|\u2606ManciniTheAmazing|ohhh protecet spam\n|c|\u2606Raymond935|ye unfort\n|c|\u2606ManciniTheAmazing|not unfort good game design\n|c|\u2606ManciniTheAmazing|smh\n|c|\u2606Raymond935|Good point good point\n|\n|t:|1683431255\n|switch|p1a: Yowie|Grimmsnarl, L50, M|68\/100\n|-item|p2a: Ceruledge|Clear Amulet|[from] ability: Frisk|[of] p1a: Yowie|[identify]\n|-item|p2b: Chien-Pao|Covert Cloak|[from] ability: Frisk|[of] p1a: Yowie|[identify]\n|-terastallize|p2a: Ceruledge|Ghost\n|move|p2a: Ceruledge|Shadow Sneak|p1b: Hills Hoist\n|-damage|p1b: Hills Hoist|67\/100\n|move|p2b: Chien-Pao|Psychic Fangs|p1a: Yowie\n|-immune|p1a: Yowie\n|move|p1b: Hills Hoist|Thunderbolt|p2a: Ceruledge\n|-damage|p2a: Ceruledge|49\/100\n|\n|upkeep\n|turn|5\n|\n|t:|1683431300\n|move|p2b: Chien-Pao|Psychic Fangs|p1b: Hills Hoist\n|-damage|p1b: Hills Hoist|32\/100\n|-enditem|p1b: Hills Hoist|Sitrus Berry|[eat]\n|-heal|p1b: Hills Hoist|57\/100|[from] item: Sitrus Berry\n|move|p1b: Hills Hoist|Thunderbolt|p2a: Ceruledge\n|-damage|p2a: Ceruledge|33\/100\n|move|p1a: Yowie|Spirit Break|p2b: Chien-Pao\n|-supereffective|p2b: Chien-Pao\n|-damage|p2b: Chien-Pao|0 fnt\n|faint|p2b: Chien-Pao\n|move|p2a: Ceruledge|Bitter Blade|p1a: Yowie\n|-crit|p1a: Yowie\n|-damage|p1a: Yowie|0 fnt\n|-heal|p2a: Ceruledge|65\/100|[from] drain|[of] p1a: Yowie\n|faint|p1a: Yowie\n|\n|upkeep\n|\n|t:|1683431315\n|switch|p1a: Platypus|Tauros-Paldea-Aqua, L50, M|80\/100\n|-ability|p1a: Platypus|Intimidate|boost\n|-fail|p2a: Ceruledge|unboost|[from] item: Clear Amulet|[of] p2a: Ceruledge\n|turn|6\n|\n|t:|1683431319\n|move|p2a: Ceruledge|Ally Switch||[still]\n|-fail|p2a: Ceruledge\n|move|p1a: Platypus|Wave Crash|p2a: Ceruledge\n|-damage|p2a: Ceruledge|0 fnt\n|faint|p2a: Ceruledge\n|-damage|p1a: Platypus|58\/100|[from] Recoil\n|\n|win|ManciniTheAmazing\n|c|\u2606ManciniTheAmazing|ggs\n|c|\u2606Raymond935|gg\n","uploadtime":1683431368,"views":13,"p1id":"mancinitheamazing","p2id":"raymond935","formatid":"gen9vgc2023regulationc","rating":0,"private":0,"password":""}