{"id":"gen9vgc2023regulationc-1847817386","p1":"RitmanTesting1","p2":"MattKurosaki","format":"[Gen 9] VGC 2023 Regulation C","log":"|j|\u2606RitmanTesting1\n|j|\u2606MattKurosaki\n|t:|1682004430\n|gametype|doubles\n|player|p1|RitmanTesting1|byron|1339\n|player|p2|MattKurosaki|cheren-gen5bw2|1315\n|teamsize|p1|6\n|teamsize|p2|6\n|gen|9\n|tier|[Gen 9] VGC 2023 Regulation C\n|rated|\n|rule|Species Clause: Limit one of each Pok\u00e9mon\n|rule|Item Clause: Limit one of each item\n|clearpoke\n|poke|p1|Chien-Pao, L50|\n|poke|p1|Arcanine, L50, M|\n|poke|p1|Dragapult, L50, M|\n|poke|p1|Iron Moth, L50|\n|poke|p1|Flutter Mane, L50|\n|poke|p1|Amoonguss, L50, F|\n|poke|p2|Arcanine, L50, F|\n|poke|p2|Baxcalibur, L50, M|\n|poke|p2|Ting-Lu, L50|\n|poke|p2|Flutter Mane, L50|\n|poke|p2|Palafin, L50, F|\n|poke|p2|Amoonguss, L50, F|\n|teampreview|4\nRitmanTesting1 has agreed to open team sheets.\n|inactive|Battle timer is ON: inactive players will automatically lose when time's up. (requested by RitmanTesting1)\nMattKurosaki rejected open team sheets.\n|inactive|RitmanTesting1 has 60 seconds left.\n|inactive|MattKurosaki has 60 seconds left.\n|inactive|RitmanTesting1 has 30 seconds left.\n|inactive|MattKurosaki has 30 seconds left.\n|inactive|RitmanTesting1 has 20 seconds left.\n|inactive|RitmanTesting1 has 15 seconds left.\n|\n|t:|1682004513\n|start\n|switch|p1a: Iron Moth|Iron Moth, L50|100\/100\n|switch|p1b: Flutter Mane|Flutter Mane, L50|100\/100\n|switch|p2a: Palafin|Palafin, L50, F, shiny|100\/100\n|switch|p2b: Arcanine|Arcanine, L50, F|100\/100\n|-ability|p2b: Arcanine|Intimidate|boost\n|-unboost|p1a: Iron Moth|atk|1\n|-unboost|p1b: Flutter Mane|atk|1\n|-enditem|p1a: Iron Moth|Booster Energy\n|-activate|p1a: Iron Moth|ability: Quark Drive|[fromitem]\n|-start|p1a: Iron Moth|quarkdrivespe\n|turn|1\n|\n|t:|1682004535\n|move|p2a: Palafin|Protect|p2a: Palafin\n|-singleturn|p2a: Palafin|Protect\n|move|p1a: Iron Moth|Acid Spray|p2b: Arcanine\n|-damage|p2b: Arcanine|77\/100\n|-unboost|p2b: Arcanine|spd|2\n|move|p1b: Flutter Mane|Shadow Ball|p2b: Arcanine\n|-damage|p2b: Arcanine|0 fnt\n|faint|p2b: Arcanine\n|\n|upkeep\n|\n|t:|1682004550\n|switch|p2b: Flutter Mane|Flutter Mane, L50|100\/100\n|turn|2\n|\n|t:|1682004564\n|-terastallize|p2a: Palafin|Water\n|move|p2a: Palafin|Jet Punch|p1a: Iron Moth\n|-supereffective|p1a: Iron Moth\n|-damage|p1a: Iron Moth|0 fnt\n|faint|p1a: Iron Moth\n|-end|p1a: Iron Moth|Quark Drive|[silent]\n|move|p2b: Flutter Mane|Shadow Ball|p1b: Flutter Mane\n|-supereffective|p1b: Flutter Mane\n|-damage|p1b: Flutter Mane|0 fnt\n|faint|p1b: Flutter Mane\n|-end|p1b: Flutter Mane|Protosynthesis|[silent]\n|\n|upkeep\n|\n|t:|1682004569\n|switch|p1a: Chien-Pao|Chien-Pao, L50|100\/100\n|switch|p1b: Dragapult|Dragapult, L50, M|100\/100\n|-ability|p1a: Chien-Pao|Sword of Ruin\n|turn|3\n|inactive|MattKurosaki has 30 seconds left.\n|\n|t:|1682004594\n|move|p1a: Chien-Pao|Protect|p1a: Chien-Pao\n|-singleturn|p1a: Chien-Pao|Protect\n|move|p1b: Dragapult|Phantom Force||[still]\n|-prepare|p1b: Dragapult|Phantom Force\n|move|p2b: Flutter Mane|Shadow Ball|p1b: Dragapult|[miss]\n|-miss|p2b: Flutter Mane|p1b: Dragapult\n|move|p2a: Palafin|Substitute|p2a: Palafin\n|-start|p2a: Palafin|Substitute\n|-damage|p2a: Palafin|76\/100\n|\n|upkeep\n|turn|4\n|\n|t:|1682004616\n|detailschange|p2a: Palafin|Palafin-Hero, L50, F, shiny, tera:Water\n|switch|p2a: Baxcalibur|Baxcalibur, L50, M, shiny|100\/100\n|move|p1b: Dragapult|Phantom Force|p2b: Flutter Mane|[from]lockedmove\n|-supereffective|p2b: Flutter Mane\n|-damage|p2b: Flutter Mane|0 fnt\n|faint|p2b: Flutter Mane\n|-end|p2b: Flutter Mane|Protosynthesis|[silent]\n|move|p1a: Chien-Pao|Sacred Sword|p2a: Baxcalibur\n|-supereffective|p2a: Baxcalibur\n|-damage|p2a: Baxcalibur|31\/100\n|\n|upkeep\n|\n|t:|1682004620\n|switch|p2b: Palafin|Palafin-Hero, L50, F, shiny, tera:Water|76\/100\n|-activate|p2b: Palafin|ability: Zero to Hero\n|turn|5\n|c|\u2606MattKurosaki|xDDDDDDDDDDDDDD\n|c|\u2606MattKurosaki|chien pao gamingXDDDDDDDDDDDDDDDDDDD\n|c|\u2606RitmanTesting1|De donde eres?\n|inactive|RitmanTesting1 has 30 seconds left.\n|inactive|MattKurosaki has 30 seconds left.\n|inactive|MattKurosaki has 20 seconds left.\n|\n|t:|1682004657\n|move|p2b: Palafin|Jet Punch|p1a: Chien-Pao\n|-damage|p1a: Chien-Pao|4\/100\n|move|p1b: Dragapult|Phantom Force||[still]\n|-prepare|p1b: Dragapult|Phantom Force\n|move|p1a: Chien-Pao|Sacred Sword|p2a: Baxcalibur\n|-supereffective|p2a: Baxcalibur\n|-damage|p2a: Baxcalibur|0 fnt\n|faint|p2a: Baxcalibur\n|\n|upkeep\n|turn|6\n|c|\u2606MattKurosaki|wdym\n|\n|t:|1682004670\n|move|p1a: Chien-Pao|Protect|p1a: Chien-Pao\n|-singleturn|p1a: Chien-Pao|Protect\n|move|p2b: Palafin|Protect|p2b: Palafin\n|-singleturn|p2b: Palafin|Protect\n|move|p1b: Dragapult|Phantom Force|p2b: Palafin|[from]lockedmove\n|-activate|p2b: Palafin|move: Phantom Force|[broken]\n|-damage|p2b: Palafin|2\/100\n|\n|upkeep\n|turn|7\n|c|\u2606RitmanTesting1|where you from*\n|c|\u2606MattKurosaki|I said\n|c|\u2606MattKurosaki|why do you mind\n|\n|t:|1682004693\n|move|p2b: Palafin|Jet Punch|p1a: Chien-Pao\n|-damage|p1a: Chien-Pao|0 fnt\n|faint|p1a: Chien-Pao\n|move|p1b: Dragapult|Phantom Force||[still]\n|-prepare|p1b: Dragapult|Phantom Force\n|\n|upkeep\n|turn|8\n|c|\u2606MattKurosaki|its not your business where I am from\n|c|\u2606RitmanTesting1|Oh\n|inactive|RitmanTesting1 has 30 seconds left.\n|inactive|MattKurosaki has 30 seconds left.\n|c|\u2606RitmanTesting1|So mean\n|c|\u2606RitmanTesting1|hahaha\n|-message|MattKurosaki forfeited.\n|\n|win|RitmanTesting1\n|raw|RitmanTesting1's rating: 1339 → 1358<\/strong> (+19 for winning)\n|raw|MattKurosaki's rating: 1315 → 1296<\/strong> (-19 for losing)\n|l|\u2606MattKurosaki\n","uploadtime":1682004738,"views":10,"p1id":"ritmantesting1","p2id":"mattkurosaki","formatid":"gen9vgc2023regulationc","rating":1296,"private":0,"password":""}