{"id":"gen9vgc2023regulationc-1844983015","p1":"Tera2Normal","p2":"PenguinJ44","format":"[Gen 9] VGC 2023 Regulation C","log":"|j|\u203dTera2Normal\n|j|\u2606PenguinJ44\n|t:|1681670803\n|gametype|doubles\n|player|p1|Tera2Normal|101|1175\n|player|p2|PenguinJ44|lyra|1180\n|teamsize|p1|6\n|teamsize|p2|6\n|gen|9\n|tier|[Gen 9] VGC 2023 Regulation C\n|rated|\n|rule|Species Clause: Limit one of each Pok\u00e9mon\n|rule|Item Clause: Limit one of each item\n|clearpoke\n|poke|p1|Farigiraf, L50, F|\n|poke|p1|Hariyama, L50, M|\n|poke|p1|Kingambit, L50, F|\n|poke|p1|Torkoal, L50, F|\n|poke|p1|Hatterene, L50, F|\n|poke|p1|Bellibolt, L50, F|\n|poke|p2|Amoonguss, L50, F|\n|poke|p2|Roaring Moon, L50|\n|poke|p2|Arcanine, L50, M|\n|poke|p2|Flutter Mane, L50|\n|poke|p2|Palafin, L50, M|\n|poke|p2|Ting-Lu, L50|\n|teampreview|4\nTera2Normal rejected open team sheets.\n|inactive|Battle timer is ON: inactive players will automatically lose when time's up. (requested by Tera2Normal)\n|\n|t:|1681670822\n|start\n|switch|p1a: Farigiraf|Farigiraf, L50, F|100\/100\n|switch|p1b: Hariyama|Hariyama, L50, M|100\/100\n|switch|p2a: Flutter Mane|Flutter Mane, L50|100\/100\n|switch|p2b: Amoonguss|Amoonguss, L50, F|100\/100\n|turn|1\n|\n|t:|1681670834\n|move|p2a: Flutter Mane|Moonblast|p1b: Hariyama\n|-supereffective|p1b: Hariyama\n|-damage|p1b: Hariyama|0 fnt\n|faint|p1b: Hariyama\n|move|p2b: Amoonguss|Spore|p1a: Farigiraf\n|-activate|p1a: Farigiraf|item: Safety Goggles|Spore\n|move|p1a: Farigiraf|Trick Room|p1a: Farigiraf\n|-fieldstart|move: Trick Room|[of] p1a: Farigiraf\n|\n|upkeep\n|\n|t:|1681670841\n|switch|p1b: Torkoal|Torkoal, L50, F|100\/100\n|-weather|SunnyDay|[from] ability: Drought|[of] p1b: Torkoal\n|-activate|p2a: Flutter Mane|ability: Protosynthesis\n|-start|p2a: Flutter Mane|protosynthesisspe\n|turn|2\n|\n|t:|1681670859\n|-end|p2a: Flutter Mane|Protosynthesis|[silent]\n|switch|p2a: SumTingWong|Ting-Lu, L50|100\/100\n|-ability|p2a: SumTingWong|Vessel of Ruin\n|-terastallize|p1b: Torkoal|Fire\n|-terastallize|p2b: Amoonguss|Dark\n|move|p1b: Torkoal|Eruption|p2a: SumTingWong|[spread] p2a,p2b\n|-crit|p2b: Amoonguss\n|-damage|p2a: SumTingWong|63\/100\n|-damage|p2b: Amoonguss|3\/100\n|move|p2b: Amoonguss|Spore|p1b: Torkoal\n|-status|p1b: Torkoal|slp|[from] move: Spore\n|move|p1a: Farigiraf|Thunderbolt|p2b: Amoonguss\n|-damage|p2b: Amoonguss|0 fnt\n|faint|p2b: Amoonguss\n|\n|-weather|SunnyDay|[upkeep]\n|upkeep\n|\n|t:|1681670875\n|switch|p2b: Palafin|Palafin, L50, M|100\/100\n|turn|3\n|\n|t:|1681670885\n|move|p2b: Palafin|Protect|p2b: Palafin\n|-singleturn|p2b: Palafin|Protect\n|cant|p1b: Torkoal|slp\n|move|p2a: SumTingWong|Fissure|p1a: Farigiraf\n|-damage|p1a: Farigiraf|0 fnt\n|faint|p1a: Farigiraf\n|-ohko\n|\n|-weather|SunnyDay|[upkeep]\n|upkeep\n|\n|t:|1681670894\n|switch|p1a: Bellibolt|Bellibolt, L50, F|100\/100\n|turn|4\n|\n|t:|1681670903\n|detailschange|p2b: Palafin|Palafin-Hero, L50, M\n|switch|p2b: Flutter Mane|Flutter Mane, L50|100\/100\n|-activate|p2b: Flutter Mane|ability: Protosynthesis\n|-start|p2b: Flutter Mane|protosynthesisspe\n|cant|p1b: Torkoal|slp\n|move|p1a: Bellibolt|Muddy Water|p2a: SumTingWong|[spread] p2a,p2b\n|-supereffective|p2a: SumTingWong\n|-damage|p2a: SumTingWong|56\/100\n|-damage|p2b: Flutter Mane|93\/100\n|-unboost|p2b: Flutter Mane|accuracy|1\n|move|p2a: SumTingWong|Fissure|p1a: Bellibolt\n|-damage|p1a: Bellibolt|0 fnt\n|faint|p1a: Bellibolt\n|-ohko\n|\n|-weather|SunnyDay|[upkeep]\n|upkeep\n|turn|5\n|\n|t:|1681670923\n|cant|p1b: Torkoal|slp\n|move|p2a: SumTingWong|Fissure|p1b: Torkoal|[miss]\n|-miss|p2a: SumTingWong|p1b: Torkoal\n|move|p2b: Flutter Mane|Moonblast|p1b: Torkoal\n|-resisted|p1b: Torkoal\n|-damage|p1b: Torkoal|74\/100 slp\n|\n|-weather|SunnyDay|[upkeep]\n|-fieldend|move: Trick Room\n|upkeep\n|turn|6\n|\n|t:|1681670933\n|-end|p2b: Flutter Mane|Protosynthesis|[silent]\n|switch|p2b: Palafin|Palafin-Hero, L50, M|100\/100\n|-activate|p2b: Palafin|ability: Zero to Hero\n|move|p2a: SumTingWong|Stomping Tantrum|p1b: Torkoal\n|-supereffective|p1b: Torkoal\n|-damage|p1b: Torkoal|0 fnt\n|faint|p1b: Torkoal\n|\n|win|PenguinJ44\n|raw|Tera2Normal's rating: 1175 → 1150<\/strong> (-25 for losing)\n|raw|PenguinJ44's rating: 1180 → 1205<\/strong> (+25 for winning)\n|l|\u203dTera2Normal\n","uploadtime":1681670949,"views":11,"p1id":"tera2normal","p2id":"penguinj44","formatid":"gen9vgc2023regulationc","rating":1150,"private":0,"password":""}