{"id":"gen9vgc2023regulationc-1855007109","p1":"KiwiTheAce","p2":"Kyogre33","format":"[Gen 9] VGC 2023 Regulation C","log":"|j|\u2606KiwiTheAce\n|j|\u2606Kyogre33\n|t:|1682890269\n|gametype|doubles\n|player|p1|KiwiTheAce|shadowtriad|1221\n|player|p2|Kyogre33|pokekid|1253\n|teamsize|p1|6\n|teamsize|p2|6\n|gen|9\n|tier|[Gen 9] VGC 2023 Regulation C\n|rated|\n|rule|Species Clause: Limit one of each Pok\u00e9mon\n|rule|Item Clause: Limit one of each item\n|clearpoke\n|poke|p1|Maushold, L50|\n|poke|p1|Annihilape, L50, F|\n|poke|p1|Chi-Yu, L50|\n|poke|p1|Flutter Mane, L50|\n|poke|p1|Gothitelle, L50, F|\n|poke|p1|Ting-Lu, L50|\n|poke|p2|Palafin, L50, F|\n|poke|p2|Arcanine, L50, F|\n|poke|p2|Amoonguss, L50, F|\n|poke|p2|Ting-Lu, L50|\n|poke|p2|Baxcalibur, L50, M|\n|poke|p2|Flutter Mane, L50|\n|teampreview|4\n|inactive|Battle timer is ON: inactive players will automatically lose when time's up. (requested by Kyogre33)\n|\n|t:|1682890292\n|start\n|switch|p1a: orphanage|Maushold, L50|100\/100\n|switch|p1b: Black Dahlia|Annihilape, L50, F|100\/100\n|switch|p2a: Flutter Mane|Flutter Mane, L50|100\/100\n|switch|p2b: Palafin|Palafin, L50, F|100\/100\n|turn|1\n|inactive|KiwiTheAce has 30 seconds left.\n|\n|t:|1682890326\n|detailschange|p2b: Palafin|Palafin-Hero, L50, F\n|switch|p2b: Amoonguss|Amoonguss, L50, F|100\/100\n|move|p1a: orphanage|Follow Me|p1a: orphanage\n|-singleturn|p1a: orphanage|move: Follow Me\n|move|p2a: Flutter Mane|Moonblast|p1a: orphanage\n|-damage|p1a: orphanage|21\/100\n|move|p1b: Black Dahlia|Bulk Up|p1b: Black Dahlia\n|-boost|p1b: Black Dahlia|atk|1\n|-boost|p1b: Black Dahlia|def|1\n|\n|upkeep\n|turn|2\n|\n|t:|1682890350\n|-terastallize|p1b: Black Dahlia|Fire\n|move|p1a: orphanage|Beat Up|p1b: Black Dahlia\n|-damage|p1b: Black Dahlia|99\/100\n|-damage|p1b: Black Dahlia|98\/100\n|-damage|p1b: Black Dahlia|98\/100\n|-damage|p1b: Black Dahlia|96\/100\n|-hitcount|p1b: Black Dahlia|4\n|move|p2a: Flutter Mane|Moonblast|p1a: orphanage\n|-damage|p1a: orphanage|0 fnt\n|faint|p1a: orphanage\n|move|p1b: Black Dahlia|Rage Fist|p2b: Amoonguss\n|-damage|p2b: Amoonguss|0 fnt\n|faint|p2b: Amoonguss\n|\n|-heal|p1b: Black Dahlia|100\/100|[from] item: Leftovers\n|upkeep\n|inactive|KiwiTheAce has 30 seconds left.\n|\n|t:|1682890376\n|switch|p1a: Ting-Lu|Ting-Lu, L50|100\/100\n|switch|p2b: Palafin|Palafin-Hero, L50, F|100\/100\n|-activate|p2b: Palafin|ability: Zero to Hero\n|-ability|p1a: Ting-Lu|Vessel of Ruin\n|turn|3\n|\n|t:|1682890391\n|-end|p2a: Flutter Mane|Protosynthesis|[silent]\n|switch|p2a: Ting-Lu|Ting-Lu, L50|100\/100\n|-ability|p2a: Ting-Lu|Vessel of Ruin\n|-terastallize|p2b: Palafin|Water\n|move|p1b: Black Dahlia|Protect|p1b: Black Dahlia\n|-singleturn|p1b: Black Dahlia|Protect\n|move|p2b: Palafin|Wave Crash|p1b: Black Dahlia\n|-activate|p1b: Black Dahlia|move: Protect\n|move|p1a: Ting-Lu|Heavy Slam|p2a: Ting-Lu\n|-damage|p2a: Ting-Lu|91\/100\n|\n|upkeep\n|turn|4\n|inactive|KiwiTheAce has 30 seconds left.\n|\n|t:|1682890422\n|switch|p1b: Chapeltown Rag|Flutter Mane, L50|100\/100\n|move|p2b: Palafin|Wave Crash|p1b: Chapeltown Rag\n|-enditem|p1b: Chapeltown Rag|Focus Sash\n|-damage|p1b: Chapeltown Rag|1\/100\n|-damage|p2b: Palafin|79\/100|[from] Recoil\n|move|p2a: Ting-Lu|Sand Tomb|p1a: Ting-Lu|[miss]\n|-miss|p2a: Ting-Lu|p1a: Ting-Lu\n|move|p1a: Ting-Lu|Fissure|p2b: Palafin|[miss]\n|-miss|p1a: Ting-Lu|p2b: Palafin\n|\n|upkeep\n|turn|5\n|\n|t:|1682890445\n|move|p1b: Chapeltown Rag|Protect|p1b: Chapeltown Rag\n|-singleturn|p1b: Chapeltown Rag|Protect\n|move|p2b: Palafin|Jet Punch|p1b: Chapeltown Rag\n|-activate|p1b: Chapeltown Rag|move: Protect\n|move|p2a: Ting-Lu|Sand Tomb|p1a: Ting-Lu\n|-damage|p1a: Ting-Lu|90\/100\n|-activate|p1a: Ting-Lu|move: Sand Tomb|[of] p2a: Ting-Lu\n|move|p1a: Ting-Lu|Stomping Tantrum|p2b: Palafin\n|-damage|p2b: Palafin|8\/100\n|\n|-damage|p1a: Ting-Lu|78\/100|[from] move: Sand Tomb|[partiallytrapped]\n|upkeep\n|turn|6\n|inactive|KiwiTheAce has 30 seconds left.\n|inactive|KiwiTheAce has 20 seconds left.\n|inactive|KiwiTheAce has 15 seconds left.\n|inactive|KiwiTheAce has 10 seconds left.\n|\n|t:|1682890492\n|move|p2b: Palafin|Protect|p2b: Palafin\n|-singleturn|p2b: Palafin|Protect\n|move|p1b: Chapeltown Rag|Dazzling Gleam|p2b: Palafin|[spread] p2a\n|-activate|p2b: Palafin|move: Protect\n|-supereffective|p2a: Ting-Lu\n|-damage|p2a: Ting-Lu|73\/100\n|move|p2a: Ting-Lu|Stomping Tantrum|p1b: Chapeltown Rag\n|-damage|p1b: Chapeltown Rag|0 fnt\n|faint|p1b: Chapeltown Rag\n|-end|p1b: Chapeltown Rag|Protosynthesis|[silent]\n|move|p1a: Ting-Lu|Stomping Tantrum|p2b: Palafin\n|-activate|p2b: Palafin|move: Protect\n|\n|-damage|p1a: Ting-Lu|65\/100|[from] move: Sand Tomb|[partiallytrapped]\n|upkeep\n|\n|t:|1682890507\n|switch|p1b: Black Dahlia|Annihilape, L50, F, tera:Fire|100\/100\n|turn|7\n|\n|t:|1682890518\n|move|p1b: Black Dahlia|Protect|p1b: Black Dahlia\n|-singleturn|p1b: Black Dahlia|Protect\n|move|p2b: Palafin|Jet Punch|p1b: Black Dahlia\n|-activate|p1b: Black Dahlia|move: Protect\n|move|p2a: Ting-Lu|Ruination|p1a: Ting-Lu\n|-damage|p1a: Ting-Lu|33\/100\n|move|p1a: Ting-Lu|Stomping Tantrum|p2b: Palafin\n|-damage|p2b: Palafin|0 fnt\n|faint|p2b: Palafin\n|\n|-damage|p1a: Ting-Lu|21\/100|[from] move: Sand Tomb|[partiallytrapped]\n|upkeep\n|\n|t:|1682890520\n|switch|p2b: Flutter Mane|Flutter Mane, L50|100\/100\n|turn|8\n|inactive|KiwiTheAce has 30 seconds left.\n|\n|t:|1682890545\n|move|p2b: Flutter Mane|Shadow Ball|p1b: Black Dahlia\n|-damage|p1b: Black Dahlia|68\/100\n|move|p1b: Black Dahlia|Drain Punch|p2a: Ting-Lu\n|-supereffective|p2a: Ting-Lu\n|-damage|p2a: Ting-Lu|37\/100\n|-heal|p1b: Black Dahlia|89\/100|[from] drain|[of] p2a: Ting-Lu\n|move|p2a: Ting-Lu|Stomping Tantrum|p1b: Black Dahlia\n|-supereffective|p1b: Black Dahlia\n|-crit|p1b: Black Dahlia\n|-damage|p1b: Black Dahlia|0 fnt\n|faint|p1b: Black Dahlia\n|move|p1a: Ting-Lu|Heavy Slam|p2b: Flutter Mane\n|-supereffective|p2b: Flutter Mane\n|-damage|p2b: Flutter Mane|0 fnt\n|faint|p2b: Flutter Mane\n|-end|p2b: Flutter Mane|Protosynthesis|[silent]\n|\n|-damage|p1a: Ting-Lu|8\/100|[from] move: Sand Tomb|[partiallytrapped]\n|upkeep\n|turn|9\n|\n|t:|1682890568\n|move|p2a: Ting-Lu|Stomping Tantrum|p1a: Ting-Lu\n|-damage|p1a: Ting-Lu|0 fnt\n|faint|p1a: Ting-Lu\n|\n|win|Kyogre33\n|raw|KiwiTheAce's rating: 1221 → 1198<\/strong> (-23 for losing)\n|raw|Kyogre33's rating: 1253 → 1276<\/strong> (+23 for winning)\n|l|\u2606Kyogre33\n|j|\u2606Kyogre33\n|player|p2|Kyogre33|pokekid\n","uploadtime":1682890578,"views":6,"p1id":"kiwitheace","p2id":"kyogre33","formatid":"gen9vgc2023regulationc","rating":1198,"private":0,"password":""}