{"id":"gen9vgc2023regulationc-1845841947","p1":"nik993","p2":"BlobfishBoy","format":"[Gen 9] VGC 2023 Regulation C","log":"|j|\u2606nik993\n|j|\u2606BlobfishBoy\n|t:|1681770270\n|gametype|doubles\n|player|p1|nik993|102|1320\n|player|p2|BlobfishBoy|lucas|1298\n|teamsize|p1|6\n|teamsize|p2|6\n|gen|9\n|tier|[Gen 9] VGC 2023 Regulation C\n|rated|\n|rule|Species Clause: Limit one of each Pok\u00e9mon\n|rule|Item Clause: Limit one of each item\n|clearpoke\n|poke|p1|Palafin, L50, F|\n|poke|p1|Iron Hands, L50|\n|poke|p1|Amoonguss, L50, M|\n|poke|p1|Arcanine, L50, F|\n|poke|p1|Chien-Pao, L50|\n|poke|p1|Dragonite, L50, M|\n|poke|p2|Gastrodon-East, L50, F|\n|poke|p2|Gyarados, L50, F|\n|poke|p2|Breloom, L50, F|\n|poke|p2|Flutter Mane, L50|\n|poke|p2|Corviknight, L50, F|\n|poke|p2|Iron Moth, L50|\n|teampreview|4\nBlobfishBoy has agreed to open team sheets.\n|inactive|Battle timer is ON: inactive players will automatically lose when time's up. (requested by BlobfishBoy)\nnik993 has agreed to open team sheets.\n|inactive|nik993 has 60 seconds left.\n|\n|t:|1681770328\n|start\n|switch|p1a: Iron Hands|Iron Hands, L50|100\/100\n|switch|p1b: Dragonite|Dragonite, L50, M|100\/100\n|switch|p2a: Corviknight|Corviknight, L50, F|100\/100\n|switch|p2b: Gastrodon|Gastrodon-East, L50, F, shiny|100\/100\n|turn|1\n|inactive|nik993 has 30 seconds left.\n|inactive|BlobfishBoy has 30 seconds left.\n|inactive|BlobfishBoy has 20 seconds left.\n|inactive|BlobfishBoy has 15 seconds left.\n|\n|t:|1681770370\n|move|p1a: Iron Hands|Fake Out|p2b: Gastrodon\n|-damage|p2b: Gastrodon|86\/100\n|move|p1b: Dragonite|Dragon Dance|p1b: Dragonite\n|-boost|p1b: Dragonite|atk|1\n|-boost|p1b: Dragonite|spe|1\n|move|p2a: Corviknight|Brave Bird|p1a: Iron Hands\n|-damage|p1a: Iron Hands|72\/100\n|-damage|p2a: Corviknight|89\/100|[from] Recoil\n|cant|p2b: Gastrodon|flinch\n|\n|-heal|p2b: Gastrodon|92\/100|[from] item: Leftovers\n|upkeep\n|turn|2\n|inactive|nik993 has 30 seconds left.\n|\n|t:|1681770397\n|-end|p1a: Iron Hands|Quark Drive|[silent]\n|switch|p1a: Chien-Pao|Chien-Pao, L50|100\/100\n|-ability|p1a: Chien-Pao|Sword of Ruin\n|-terastallize|p1b: Dragonite|Flying\n|move|p1b: Dragonite|Tera Blast|p2b: Gastrodon\n|-damage|p2b: Gastrodon|0 fnt\n|faint|p2b: Gastrodon\n|move|p2a: Corviknight|Brave Bird|p1a: Chien-Pao\n|-damage|p1a: Chien-Pao|43\/100\n|-damage|p2a: Corviknight|75\/100|[from] Recoil\n|\n|upkeep\n|\n|t:|1681770413\n|switch|p2b: Flutter Mane|Flutter Mane, L50|100\/100\n|turn|3\n|\n|t:|1681770435\n|move|p2b: Flutter Mane|Protect|p2b: Flutter Mane\n|-singleturn|p2b: Flutter Mane|Protect\n|move|p1a: Chien-Pao|Ice Spinner|p2a: Corviknight\n|-damage|p2a: Corviknight|29\/100\n|-enditem|p2a: Corviknight|Sitrus Berry|[eat]\n|-heal|p2a: Corviknight|54\/100|[from] item: Sitrus Berry\n|move|p1b: Dragonite|Tera Blast|p2a: Corviknight\n|-resisted|p2a: Corviknight\n|-damage|p2a: Corviknight|11\/100\n|move|p2a: Corviknight|Tailwind|p2a: Corviknight\n|-sidestart|p2: BlobfishBoy|move: Tailwind\n|\n|upkeep\n|turn|4\n|\n|t:|1681770457\n|move|p1a: Chien-Pao|Sucker Punch|p2b: Flutter Mane\n|-damage|p2b: Flutter Mane|0 fnt\n|faint|p2b: Flutter Mane\n|-end|p2b: Flutter Mane|Protosynthesis|[silent]\n|move|p1b: Dragonite|Tera Blast|p2a: Corviknight\n|-resisted|p2a: Corviknight\n|-crit|p2a: Corviknight\n|-damage|p2a: Corviknight|0 fnt\n|faint|p2a: Corviknight\n|\n|upkeep\n|\n|t:|1681770463\n|switch|p2a: Iron Moth|Iron Moth, L50|100\/100\n|-enditem|p2a: Iron Moth|Booster Energy\n|-activate|p2a: Iron Moth|ability: Quark Drive|[fromitem]\n|-start|p2a: Iron Moth|quarkdrivespe\n|turn|5\n|\n|t:|1681770480\n|move|p1a: Chien-Pao|Sucker Punch|p2a: Iron Moth\n|-damage|p2a: Iron Moth|23\/100\n|move|p2a: Iron Moth|Heat Wave|p1a: Chien-Pao|[spread] p1a,p1b\n|-supereffective|p1a: Chien-Pao\n|-damage|p1a: Chien-Pao|0 fnt\n|-damage|p1b: Dragonite|65\/100\n|faint|p1a: Chien-Pao\n|move|p1b: Dragonite|Tera Blast|p2a: Iron Moth\n|-damage|p2a: Iron Moth|0 fnt\n|faint|p2a: Iron Moth\n|-end|p2a: Iron Moth|Quark Drive|[silent]\n|\n|win|nik993\n|raw|nik993's rating: 1320 → 1339<\/strong> (+19 for winning)\n|raw|BlobfishBoy's rating: 1298 → 1275<\/strong> (-23 for losing)\n|l|\u2606BlobfishBoy\n","uploadtime":1681770508,"views":5,"p1id":"nik993","p2id":"blobfishboy","formatid":"gen9vgc2023regulationc","rating":1275,"private":0,"password":""}