{"id":"gen9vgc2023regulationc-1849183250","p1":"Icewing96","p2":"themanparris","format":"[Gen 9] VGC 2023 Regulation C","log":"|j|\u2606Icewing96\n|j|\u2606themanparris\n|t:|1682169626\n|gametype|doubles\n|player|p1|Icewing96|shadowtriad|1404\n|player|p2|themanparris|170|1356\n|teamsize|p1|6\n|teamsize|p2|6\n|gen|9\n|tier|[Gen 9] VGC 2023 Regulation C\n|rated|\n|rule|Species Clause: Limit one of each Pok\u00e9mon\n|rule|Item Clause: Limit one of each item\n|clearpoke\n|poke|p1|Roaring Moon, L50|\n|poke|p1|Amoonguss, L50, M|\n|poke|p1|Arcanine, L50, F|\n|poke|p1|Palafin, L50, M|\n|poke|p1|Great Tusk, L50|\n|poke|p1|Iron Bundle, L50|\n|poke|p2|Palafin, L50, M|\n|poke|p2|Chien-Pao, L50|\n|poke|p2|Dragapult, L50, F|\n|poke|p2|Amoonguss, L50, F|\n|poke|p2|Arcanine, L50, M|\n|poke|p2|Flutter Mane, L50|\n|teampreview|4\n|inactive|Battle timer is ON: inactive players will automatically lose when time's up. (requested by themanparris)\n|inactive|Icewing96 also wants the timer to be on.\nIcewing96 has agreed to open team sheets.\n|inactive|Icewing96 has 60 seconds left.\n|inactive|themanparris has 60 seconds left.\n|inactive|themanparris has 30 seconds left.\n|\n|t:|1682169687\n|start\n|switch|p1a: Iron Bundle|Iron Bundle, L50|100\/100\n|switch|p1b: Palafin|Palafin, L50, M, shiny|100\/100\n|switch|p2a: Chien-Pao|Chien-Pao, L50|100\/100\n|switch|p2b: Flutter Mane|Flutter Mane, L50|100\/100\n|-ability|p2a: Chien-Pao|Sword of Ruin\n|-enditem|p2b: Flutter Mane|Booster Energy\n|-activate|p2b: Flutter Mane|ability: Protosynthesis|[fromitem]\n|-start|p2b: Flutter Mane|protosynthesisspa\n|turn|1\n|inactive|themanparris has 30 seconds left.\n|\n|t:|1682169713\n|detailschange|p1b: Palafin|Palafin-Hero, L50, M, shiny\n|switch|p1b: Arcanine|Arcanine, L50, F|100\/100\n|-ability|p1b: Arcanine|Intimidate|boost\n|-unboost|p2a: Chien-Pao|atk|1\n|-unboost|p2b: Flutter Mane|atk|1\n|move|p1a: Iron Bundle|Protect|p1a: Iron Bundle\n|-singleturn|p1a: Iron Bundle|Protect\n|move|p2a: Chien-Pao|Sacred Sword|p1a: Iron Bundle\n|-activate|p1a: Iron Bundle|move: Protect\n|move|p2b: Flutter Mane|Dazzling Gleam|p1a: Iron Bundle|[spread] p1b\n|-activate|p1a: Iron Bundle|move: Protect\n|-resisted|p1b: Arcanine\n|-damage|p1b: Arcanine|84\/100\n|\n|upkeep\n|turn|2\n|inactive|themanparris has 30 seconds left.\n|inactive|themanparris has 20 seconds left.\n|inactive|themanparris has 15 seconds left.\n|\n|t:|1682169756\n|switch|p2a: Arcanine|Arcanine, L50, M|100\/100\n|-ability|p2a: Arcanine|Intimidate|boost\n|-unboost|p1a: Iron Bundle|atk|1\n|-unboost|p1b: Arcanine|atk|1\n|move|p1a: Iron Bundle|Icy Wind|p2b: Flutter Mane|[spread] p2a,p2b\n|-resisted|p2a: Arcanine\n|-damage|p2a: Arcanine|88\/100\n|-damage|p2b: Flutter Mane|82\/100\n|-unboost|p2a: Arcanine|spe|1\n|-unboost|p2b: Flutter Mane|spe|1\n|move|p1b: Arcanine|Flare Blitz|p2a: Arcanine\n|-resisted|p2a: Arcanine\n|-damage|p2a: Arcanine|71\/100\n|-damage|p1b: Arcanine|78\/100|[from] Recoil\n|move|p2b: Flutter Mane|Moonblast|p1a: Iron Bundle\n|-enditem|p1a: Iron Bundle|Focus Sash\n|-damage|p1a: Iron Bundle|1\/100\n|-unboost|p1a: Iron Bundle|spa|1\n|\n|upkeep\n|turn|3\n|inactive|themanparris has 30 seconds left.\n|\n|t:|1682169784\n|move|p1a: Iron Bundle|Protect|p1a: Iron Bundle\n|-singleturn|p1a: Iron Bundle|Protect\n|move|p2a: Arcanine|Extreme Speed|p1a: Iron Bundle\n|-activate|p1a: Iron Bundle|move: Protect\n|move|p1b: Arcanine|Flare Blitz|p2b: Flutter Mane\n|-damage|p2b: Flutter Mane|37\/100\n|-damage|p1b: Arcanine|67\/100|[from] Recoil\n|move|p2b: Flutter Mane|Shadow Ball|p1b: Arcanine\n|-damage|p1b: Arcanine|19\/100\n|\n|upkeep\n|turn|4\n|\n|t:|1682169800\n|-end|p1a: Iron Bundle|Quark Drive|[silent]\n|switch|p1a: Palafin|Palafin-Hero, L50, M, shiny|100\/100\n|-activate|p1a: Palafin|ability: Zero to Hero\n|-end|p2b: Flutter Mane|Protosynthesis|[silent]\n|switch|p2b: Deontay Wilder|Palafin, L50, M|100\/100\n|move|p2a: Arcanine|Extreme Speed|p1a: Palafin\n|-damage|p1a: Palafin|83\/100\n|move|p1b: Arcanine|Flare Blitz|p2b: Deontay Wilder\n|-resisted|p2b: Deontay Wilder\n|-damage|p2b: Deontay Wilder|82\/100\n|-damage|p1b: Arcanine|13\/100|[from] Recoil\n|\n|upkeep\n|turn|5\n|inactive|themanparris has 30 seconds left.\n|inactive|Icewing96 has 30 seconds left.\n|inactive|themanparris has 20 seconds left.\n|\n|t:|1682169837\n|-terastallize|p2a: Arcanine|Flying\n|move|p2b: Deontay Wilder|Jet Punch|p1b: Arcanine\n|-supereffective|p1b: Arcanine\n|-damage|p1b: Arcanine|0 fnt\n|faint|p1b: Arcanine\n|move|p1a: Palafin|Bulk Up|p1a: Palafin\n|-boost|p1a: Palafin|atk|1\n|-boost|p1a: Palafin|def|1\n|move|p2a: Arcanine|Will-O-Wisp|p1a: Palafin\n|-status|p1a: Palafin|brn\n|-enditem|p1a: Palafin|Lum Berry|[eat]\n|-curestatus|p1a: Palafin|brn|[msg]\n|\n|upkeep\n|\n|t:|1682169850\n|switch|p1b: Great Tusk|Great Tusk, L50|100\/100\n|turn|6\n|inactive|themanparris has 30 seconds left.\n|inactive|themanparris has 20 seconds left.\n|\n|t:|1682169887\n|-terastallize|p1a: Palafin|Water\n|move|p2a: Arcanine|Extreme Speed|p1b: Great Tusk\n|-crit|p1b: Great Tusk\n|-damage|p1b: Great Tusk|76\/100\n|move|p1a: Palafin|Jet Punch|p2a: Arcanine\n|-damage|p2a: Arcanine|0 fnt\n|faint|p2a: Arcanine\n|move|p2b: Deontay Wilder|Jet Punch|p1b: Great Tusk\n|-supereffective|p1b: Great Tusk\n|-damage|p1b: Great Tusk|35\/100\n|move|p1b: Great Tusk|Headlong Rush|p2b: Deontay Wilder\n|-damage|p2b: Deontay Wilder|2\/100\n|-unboost|p1b: Great Tusk|def|1\n|-unboost|p1b: Great Tusk|spd|1\n|\n|upkeep\n|inactive|themanparris has 30 seconds left.\n|\n|t:|1682169918\n|switch|p2a: Flutter Mane|Flutter Mane, L50|37\/100\n|turn|7\n|inactive|themanparris has 30 seconds left.\n|\n|t:|1682169943\n|move|p1a: Palafin|Jet Punch|p2a: Flutter Mane\n|-damage|p2a: Flutter Mane|0 fnt\n|faint|p2a: Flutter Mane\n|-end|p2a: Flutter Mane|Protosynthesis|[silent]\n|move|p2b: Deontay Wilder|Jet Punch|p1b: Great Tusk\n|-supereffective|p1b: Great Tusk\n|-damage|p1b: Great Tusk|0 fnt\n|faint|p1b: Great Tusk\n|-end|p1b: Great Tusk|Protosynthesis|[silent]\n|\n|upkeep\n|j| A Borygon\n|\n|t:|1682169950\n|switch|p2a: Chien-Pao|Chien-Pao, L50|100\/100\n|switch|p1b: Iron Bundle|Iron Bundle, L50|1\/100\n|-ability|p2a: Chien-Pao|Sword of Ruin\n|turn|8\n|\n|t:|1682169966\n|move|p2a: Chien-Pao|Sucker Punch|p1b: Iron Bundle\n|-damage|p1b: Iron Bundle|0 fnt\n|faint|p1b: Iron Bundle\n|-end|p1b: Iron Bundle|Quark Drive|[silent]\n|move|p1a: Palafin|Jet Punch|p2b: Deontay Wilder\n|-resisted|p2b: Deontay Wilder\n|-damage|p2b: Deontay Wilder|0 fnt\n|faint|p2b: Deontay Wilder\n|\n|upkeep\n|turn|9\n|\n|t:|1682169985\n|move|p2a: Chien-Pao|Sucker Punch|p1a: Palafin\n|-damage|p1a: Palafin|54\/100\n|move|p1a: Palafin|Jet Punch|p2a: Chien-Pao\n|-enditem|p2a: Chien-Pao|Focus Sash\n|-damage|p2a: Chien-Pao|1\/100\n|\n|upkeep\n|turn|10\n|\n|t:|1682169992\n|move|p2a: Chien-Pao|Sucker Punch|p1a: Palafin\n|-crit|p1a: Palafin\n|-damage|p1a: Palafin|0 fnt\n|faint|p1a: Palafin\n|\n|win|themanparris\n|raw|Icewing96's rating: 1404 → 1381<\/strong> (-23 for losing)\n|raw|themanparris's rating: 1356 → 1379<\/strong> (+23 for winning)\n|l|\u2606Icewing96\n|l| A Borygon\n","uploadtime":1682170022,"views":12,"p1id":"icewing96","p2id":"themanparris","formatid":"gen9vgc2023regulationc","rating":1379,"private":0,"password":""}