{"id":"gen9vgc2023regulationc-1859269702","p1":"valhala alfa","p2":"Omack20","format":"[Gen 9] VGC 2023 Regulation C","log":"|j|\u2606valhala alfa\n|j|\u2606Omack20\n|t:|1683426488\n|gametype|doubles\n|player|p1|valhala alfa|2|1287\n|player|p2|Omack20|hilbert|1356\n|teamsize|p1|6\n|teamsize|p2|6\n|gen|9\n|tier|[Gen 9] VGC 2023 Regulation C\n|rated|\n|rule|Species Clause: Limit one of each Pok\u00e9mon\n|rule|Item Clause: Limit one of each item\n|clearpoke\n|poke|p1|Tyranitar, L50, F|\n|poke|p1|Azumarill, L50, F|\n|poke|p1|Amoonguss, L50, F|\n|poke|p1|Lycanroc, L50, M|\n|poke|p1|Salamence, L50, M|\n|poke|p1|Flutter Mane, L50|\n|poke|p2|Ting-Lu, L50|\n|poke|p2|Scizor, L50, M|\n|poke|p2|Glimmora, L50, F|\n|poke|p2|Amoonguss, L50, M|\n|poke|p2|Ceruledge, L50, M|\n|poke|p2|Gyarados, L50, M|\n|teampreview|4\n|inactive|Battle timer is ON: inactive players will automatically lose when time's up. (requested by Omack20)\n|inactive|valhala alfa has 60 seconds left.\n|\n|t:|1683426547\n|start\n|switch|p1a: Salamence|Salamence, L50, M|100\/100\n|switch|p1b: Flutter Mane|Flutter Mane, L50|100\/100\n|switch|p2a: Scizor|Scizor, L50, M|100\/100\n|switch|p2b: Glimmora|Glimmora, L50, F|100\/100\n|-ability|p1a: Salamence|Intimidate|boost\n|-unboost|p2a: Scizor|atk|1\n|-unboost|p2b: Glimmora|atk|1\n|turn|1\n|\n|t:|1683426569\n|-terastallize|p1b: Flutter Mane|Grass\n|move|p1a: Salamence|Tailwind|p1a: Salamence\n|-sidestart|p1: valhala alfa|move: Tailwind\n|move|p1b: Flutter Mane|Mystical Fire|p2a: Scizor\n|-supereffective|p2a: Scizor\n|-crit|p2a: Scizor\n|-damage|p2a: Scizor|0 fnt\n|faint|p2a: Scizor\n|move|p2b: Glimmora|Mortal Spin|p1a: Salamence|[spread] p1a,p1b\n|-supereffective|p1b: Flutter Mane\n|-damage|p1a: Salamence|96\/100\n|-damage|p1b: Flutter Mane|92\/100\n|-status|p1a: Salamence|psn\n|-status|p1b: Flutter Mane|psn\n|\n|-damage|p1a: Salamence|84\/100 psn|[from] psn\n|-damage|p1b: Flutter Mane|80\/100 psn|[from] psn\n|upkeep\n|inactive|Omack20 has 30 seconds left.\n|\n|t:|1683426596\n|switch|p2a: Ting-Lu|Ting-Lu, L50|100\/100\n|-ability|p2a: Ting-Lu|Vessel of Ruin\n|turn|2\n|\n|t:|1683426604\n|move|p1a: Salamence|Draco Meteor|p2b: Glimmora\n|-damage|p2b: Glimmora|64\/100\n|-unboost|p1a: Salamence|spa|2\n|move|p1b: Flutter Mane|Mystical Fire|p2b: Glimmora\n|-resisted|p2b: Glimmora\n|-damage|p2b: Glimmora|52\/100\n|-unboost|p2b: Glimmora|spa|1\n|move|p2b: Glimmora|Power Gem|p1a: Salamence\n|-supereffective|p1a: Salamence\n|-damage|p1a: Salamence|35\/100 psn\n|-enditem|p1a: Salamence|Sitrus Berry|[eat]\n|-heal|p1a: Salamence|59\/100 psn|[from] item: Sitrus Berry\n|move|p2a: Ting-Lu|Stealth Rock|p1b: Flutter Mane\n|-sidestart|p1: valhala alfa|move: Stealth Rock\n|\n|-damage|p1a: Salamence|47\/100 psn|[from] psn\n|-damage|p1b: Flutter Mane|67\/100 psn|[from] psn\n|upkeep\n|turn|3\n|\n|t:|1683426627\n|move|p1a: Salamence|Draco Meteor|p2b: Glimmora\n|-damage|p2b: Glimmora|34\/100\n|-unboost|p1a: Salamence|spa|2\n|move|p1b: Flutter Mane|Mystical Fire|p2b: Glimmora\n|-resisted|p2b: Glimmora\n|-damage|p2b: Glimmora|23\/100\n|-unboost|p2b: Glimmora|spa|1\n|move|p2b: Glimmora|Power Gem|p1b: Flutter Mane\n|-damage|p1b: Flutter Mane|54\/100 psn\n|move|p2a: Ting-Lu|Fissure|p1b: Flutter Mane\n|-damage|p1b: Flutter Mane|0 fnt\n|faint|p1b: Flutter Mane\n|-end|p1b: Flutter Mane|Protosynthesis|[silent]\n|-ohko\n|\n|-damage|p1a: Salamence|35\/100 psn|[from] psn\n|upkeep\n|\n|t:|1683426643\n|switch|p1b: Azumarill|Azumarill, L50, F|100\/100\n|-damage|p1b: Azumarill|88\/100|[from] Stealth Rock\n|turn|4\n|\n|t:|1683426666\n|switch|p1a: Amoonguss|Amoonguss, L50, F|100\/100\n|-damage|p1a: Amoonguss|88\/100|[from] Stealth Rock\n|switch|p2b: Amoonguss|Amoonguss, L50, M|100\/100\n|-terastallize|p2a: Ting-Lu|Poison\n|move|p1b: Azumarill|Liquidation|p2a: Ting-Lu\n|-damage|p2a: Ting-Lu|57\/100\n|move|p2a: Ting-Lu|Stomping Tantrum|p1b: Azumarill\n|-damage|p1b: Azumarill|60\/100\n|\n|-heal|p2a: Ting-Lu|63\/100|[from] item: Leftovers\n|-sideend|p1: valhala alfa|move: Tailwind\n|upkeep\n|turn|5\n|inactive|valhala alfa has 30 seconds left.\n|\n|t:|1683426697\n|move|p1b: Azumarill|Liquidation|p2a: Ting-Lu\n|-damage|p2a: Ting-Lu|11\/100\n|move|p2a: Ting-Lu|Fissure|p1a: Amoonguss|[miss]\n|-miss|p2a: Ting-Lu|p1a: Amoonguss\n|move|p1a: Amoonguss|Spore|p2a: Ting-Lu\n|-status|p2a: Ting-Lu|slp|[from] move: Spore\n|move|p2b: Amoonguss|Spore|p1b: Azumarill\n|-status|p1b: Azumarill|slp|[from] move: Spore\n|\n|-heal|p2a: Ting-Lu|17\/100 slp|[from] item: Leftovers\n|upkeep\n|turn|6\n|inactive|valhala alfa has 30 seconds left.\n|\n|t:|1683426723\n|cant|p1b: Azumarill|slp\n|cant|p2a: Ting-Lu|slp\n|move|p1a: Amoonguss|Pollen Puff|p1b: Azumarill\n|-heal|p1b: Azumarill|100\/100 slp\n|move|p2b: Amoonguss|Pollen Puff|p2a: Ting-Lu\n|-heal|p2a: Ting-Lu|67\/100 slp\n|\n|-heal|p2a: Ting-Lu|73\/100 slp|[from] item: Leftovers\n|upkeep\n|turn|7\n|\n|t:|1683426739\n|cant|p1b: Azumarill|slp\n|-curestatus|p2a: Ting-Lu|slp|[msg]\n|move|p2a: Ting-Lu|Fissure|p1a: Amoonguss|[miss]\n|-miss|p2a: Ting-Lu|p1a: Amoonguss\n|move|p1a: Amoonguss|Pollen Puff|p2a: Ting-Lu\n|-resisted|p2a: Ting-Lu\n|-damage|p2a: Ting-Lu|69\/100\n|move|p2b: Amoonguss|Pollen Puff|p2a: Ting-Lu\n|-heal|p2a: Ting-Lu|100\/100\n|\n|upkeep\n|turn|8\n|\n|t:|1683426763\n|switch|p1b: Salamence|Salamence, L50, M|35\/100 psn\n|-damage|p1b: Salamence|10\/100 psn|[from] Stealth Rock\n|-ability|p1b: Salamence|Intimidate|boost\n|-unboost|p2a: Ting-Lu|atk|1\n|-unboost|p2b: Amoonguss|atk|1\n|move|p2b: Amoonguss|Rage Powder|p2b: Amoonguss\n|-singleturn|p2b: Amoonguss|move: Rage Powder\n|move|p2a: Ting-Lu|Fissure|p1a: Amoonguss|[miss]\n|-miss|p2a: Ting-Lu|p1a: Amoonguss\n|move|p1a: Amoonguss|Spore|p2a: Ting-Lu\n|-status|p2a: Ting-Lu|slp|[from] move: Spore\n|\n|-damage|p1b: Salamence|0 fnt|[from] psn\n|faint|p1b: Salamence\n|upkeep\n|\n|t:|1683426775\n|switch|p1b: Azumarill|Azumarill, L50, F|100\/100 slp\n|-damage|p1b: Azumarill|88\/100 slp|[from] Stealth Rock\n|turn|9\n|\n|t:|1683426789\n|-curestatus|p1b: Azumarill|slp|[msg]\n|move|p1b: Azumarill|Ice Spinner|p2b: Amoonguss\n|-supereffective|p2b: Amoonguss\n|-damage|p2b: Amoonguss|0 fnt\n|faint|p2b: Amoonguss\n|cant|p2a: Ting-Lu|slp\n|move|p1a: Amoonguss|Pollen Puff|p1b: Azumarill\n|-heal|p1b: Azumarill|100\/100\n|\n|upkeep\n|\n|t:|1683426799\n|switch|p2b: Glimmora|Glimmora, L50, F|23\/100\n|turn|10\n|\n|t:|1683426817\n|move|p2b: Glimmora|Energy Ball|p1b: Azumarill\n|-supereffective|p1b: Azumarill\n|-damage|p1b: Azumarill|51\/100\n|move|p1b: Azumarill|Ice Spinner|p2a: Ting-Lu\n|-damage|p2a: Ting-Lu|72\/100 slp\n|cant|p2a: Ting-Lu|slp\n|move|p1a: Amoonguss|Spore|p2b: Glimmora\n|-status|p2b: Glimmora|slp|[from] move: Spore\n|\n|-heal|p2a: Ting-Lu|78\/100 slp|[from] item: Leftovers\n|upkeep\n|turn|11\n|\n|t:|1683426832\n|cant|p2b: Glimmora|slp\n|move|p1b: Azumarill|Ice Spinner|p2b: Glimmora\n|-damage|p2b: Glimmora|0 fnt\n|faint|p2b: Glimmora\n|cant|p2a: Ting-Lu|slp\n|move|p1a: Amoonguss|Pollen Puff|p1b: Azumarill\n|-heal|p1b: Azumarill|100\/100\n|\n|-heal|p2a: Ting-Lu|84\/100 slp|[from] item: Leftovers\n|upkeep\n|turn|12\n|\n|t:|1683426846\n|move|p1b: Azumarill|Ice Spinner|p2a: Ting-Lu\n|-damage|p2a: Ting-Lu|53\/100 slp\n|-curestatus|p2a: Ting-Lu|slp|[msg]\n|move|p2a: Ting-Lu|Fissure|p1b: Azumarill|[miss]\n|-miss|p2a: Ting-Lu|p1b: Azumarill\n|move|p1a: Amoonguss|Spore|p2a: Ting-Lu\n|-status|p2a: Ting-Lu|slp|[from] move: Spore\n|\n|-heal|p2a: Ting-Lu|59\/100 slp|[from] item: Leftovers\n|upkeep\n|turn|13\n|\n|t:|1683426860\n|cant|p2a: Ting-Lu|slp\n|move|p1b: Azumarill|Ice Spinner|p2a: Ting-Lu\n|-damage|p2a: Ting-Lu|31\/100 slp\n|move|p1a: Amoonguss|Pollen Puff|p2a: Ting-Lu\n|-resisted|p2a: Ting-Lu\n|-damage|p2a: Ting-Lu|26\/100 slp\n|\n|-heal|p2a: Ting-Lu|32\/100 slp|[from] item: Leftovers\n|upkeep\n|turn|14\n|\n|t:|1683426875\n|move|p1a: Amoonguss|Rage Powder|p1a: Amoonguss\n|-singleturn|p1a: Amoonguss|move: Rage Powder\n|move|p1b: Azumarill|Ice Spinner|p2a: Ting-Lu\n|-damage|p2a: Ting-Lu|0 fnt\n|faint|p2a: Ting-Lu\n|\n|win|valhala alfa\n|raw|valhala alfa's rating: 1287 → 1317<\/strong> (+30 for winning)\n|raw|Omack20's rating: 1356 → 1332<\/strong> (-24 for losing)\n|l|\u2606Omack20\n","uploadtime":1683426884,"views":21,"p1id":"valhalaalfa","p2id":"omack20","formatid":"gen9vgc2023regulationc","rating":1317,"private":0,"password":""}