{"id":"gen9vgc2023regulationc-1856650569","p1":"Valency GL","p2":"Warfare-JK","format":"[Gen 9] VGC 2023 Regulation C","log":"|j|\u2606Valency GL\n|j|\u2606Warfare-JK\n|t:|1683088105\n|gametype|doubles\n|player|p1|Valency GL|1|1228\n|player|p2|Warfare-JK|iono|1234\n|teamsize|p1|6\n|teamsize|p2|6\n|gen|9\n|tier|[Gen 9] VGC 2023 Regulation C\n|rated|\n|rule|Species Clause: Limit one of each Pok\u00e9mon\n|rule|Item Clause: Limit one of each item\n|clearpoke\n|poke|p1|Flutter Mane, L50|\n|poke|p1|Gothitelle, L50, F|\n|poke|p1|Scream Tail, L50|\n|poke|p1|Ting-Lu, L50|\n|poke|p1|Abomasnow, L50, M|\n|poke|p1|Iron Bundle, L50|\n|poke|p2|Amoonguss, L50, F|\n|poke|p2|Flutter Mane, L50|\n|poke|p2|Arcanine, L50, M|\n|poke|p2|Ting-Lu, L50|\n|poke|p2|Palafin, L50, M|\n|poke|p2|Wo-Chien, L50|\n|teampreview|4\n|inactive|Battle timer is ON: inactive players will automatically lose when time's up. (requested by Warfare-JK)\n|inactive|Warfare-JK has 60 seconds left.\n|\n|t:|1683088141\n|start\n|switch|p1a: Abomasnow|Abomasnow, L50, M|100\/100\n|switch|p1b: Iron Bundle|Iron Bundle, L50|100\/100\n|switch|p2a: Amoonguss|Amoonguss, L50, F|100\/100\n|switch|p2b: Flutter Mane|Flutter Mane, L50|100\/100\n|-weather|Snow|[from] ability: Snow Warning|[of] p1a: Abomasnow\n|-enditem|p2b: Flutter Mane|Booster Energy\n|-activate|p2b: Flutter Mane|ability: Protosynthesis|[fromitem]\n|-start|p2b: Flutter Mane|protosynthesisspa\n|turn|1\n|\n|t:|1683088154\n|-end|p2b: Flutter Mane|Protosynthesis|[silent]\n|switch|p2b: Ting-Lu|Ting-Lu, L50|100\/100\n|-ability|p2b: Ting-Lu|Vessel of Ruin\n|move|p1b: Iron Bundle|Blizzard|p2b: Ting-Lu|[spread] p2a,p2b\n|-supereffective|p2a: Amoonguss\n|-supereffective|p2b: Ting-Lu\n|-damage|p2a: Amoonguss|39\/100\n|-damage|p2b: Ting-Lu|60\/100\n|-enditem|p2a: Amoonguss|Sitrus Berry|[eat]\n|-heal|p2a: Amoonguss|64\/100|[from] item: Sitrus Berry\n|-damage|p1b: Iron Bundle|91\/100|[from] item: Life Orb\n|move|p1a: Abomasnow|Blizzard|p2b: Ting-Lu|[spread] p2a,p2b\n|-supereffective|p2a: Amoonguss\n|-supereffective|p2b: Ting-Lu\n|-damage|p2a: Amoonguss|25\/100\n|-damage|p2b: Ting-Lu|35\/100\n|move|p2a: Amoonguss|Spore|p1b: Iron Bundle\n|-status|p1b: Iron Bundle|slp|[from] move: Spore\n|\n|-weather|Snow|[upkeep]\n|upkeep\n|turn|2\n|\n|t:|1683088179\n|switch|p2a: Arcanine|Arcanine, L50, M|100\/100\n|-ability|p2a: Arcanine|Intimidate|boost\n|-unboost|p1a: Abomasnow|atk|1\n|-unboost|p1b: Iron Bundle|atk|1\n|-terastallize|p1a: Abomasnow|Water\n|cant|p1b: Iron Bundle|slp\n|move|p1a: Abomasnow|Blizzard|p2a: Arcanine|[spread] p2a,p2b\n|-resisted|p2a: Arcanine\n|-supereffective|p2b: Ting-Lu\n|-damage|p2a: Arcanine|88\/100\n|-damage|p2b: Ting-Lu|14\/100\n|move|p2b: Ting-Lu|Snarl|p1b: Iron Bundle|[spread] p1a,p1b\n|-crit|p1b: Iron Bundle\n|-damage|p1a: Abomasnow|91\/100\n|-damage|p1b: Iron Bundle|63\/100 slp\n|-unboost|p1a: Abomasnow|spa|1\n|-unboost|p1b: Iron Bundle|spa|1\n|\n|-weather|Snow|[upkeep]\n|-heal|p1a: Abomasnow|97\/100|[from] item: Leftovers\n|upkeep\n|turn|3\n|inactive|Warfare-JK has 30 seconds left.\n|\n|t:|1683088206\n|-curestatus|p1b: Iron Bundle|slp|[msg]\n|move|p1b: Iron Bundle|Blizzard|p2a: Arcanine|[spread] p2a,p2b\n|-resisted|p2a: Arcanine\n|-supereffective|p2b: Ting-Lu\n|-damage|p2a: Arcanine|76\/100\n|-damage|p2b: Ting-Lu|0 fnt\n|faint|p2b: Ting-Lu\n|-damage|p1b: Iron Bundle|53\/100|[from] item: Life Orb\n|move|p2a: Arcanine|Flare Blitz|p1b: Iron Bundle\n|-damage|p1b: Iron Bundle|17\/100\n|-damage|p2a: Arcanine|68\/100|[from] Recoil\n|move|p1a: Abomasnow|Blizzard|p2a: Arcanine\n|-resisted|p2a: Arcanine\n|-damage|p2a: Arcanine|54\/100\n|\n|-weather|Snow|[upkeep]\n|-heal|p1a: Abomasnow|100\/100|[from] item: Leftovers\n|upkeep\n|\n|t:|1683088224\n|switch|p2b: Amoonguss|Amoonguss, L50, F|58\/100\n|turn|4\n|\n|t:|1683088234\n|move|p1a: Abomasnow|Helping Hand|p1b: Iron Bundle\n|-singleturn|p1b: Iron Bundle|Helping Hand|[of] p1a: Abomasnow\n|move|p2b: Amoonguss|Protect|p2b: Amoonguss\n|-singleturn|p2b: Amoonguss|Protect\n|move|p2a: Arcanine|Extreme Speed|p1b: Iron Bundle\n|-damage|p1b: Iron Bundle|0 fnt\n|faint|p1b: Iron Bundle\n|-end|p1b: Iron Bundle|Quark Drive|[silent]\n|\n|-weather|Snow|[upkeep]\n|upkeep\n|\n|t:|1683088243\n|switch|p1b: Flutter Mane|Flutter Mane, L50, shiny|100\/100\n|turn|5\n|\n|t:|1683088256\n|move|p1b: Flutter Mane|Dazzling Gleam|p2a: Arcanine|[spread] p2a,p2b\n|-resisted|p2a: Arcanine\n|-resisted|p2b: Amoonguss\n|-damage|p2a: Arcanine|40\/100\n|-damage|p2b: Amoonguss|45\/100\n|move|p2a: Arcanine|Flare Blitz|p1b: Flutter Mane\n|-enditem|p1b: Flutter Mane|Focus Sash\n|-damage|p1b: Flutter Mane|1\/100\n|-damage|p2a: Arcanine|18\/100|[from] Recoil\n|move|p1a: Abomasnow|Blizzard|p2a: Arcanine|[spread] p2a,p2b\n|-resisted|p2a: Arcanine\n|-supereffective|p2b: Amoonguss\n|-damage|p2a: Arcanine|7\/100\n|-damage|p2b: Amoonguss|14\/100\n|move|p2b: Amoonguss|Spore|p1a: Abomasnow\n|-status|p1a: Abomasnow|slp|[from] move: Spore\n|\n|-weather|none\n|upkeep\n|turn|6\n|inactive|Warfare-JK has 30 seconds left.\n|\n|t:|1683088281\n|switch|p2b: Flutter Mane|Flutter Mane, L50|100\/100\n|cant|p1a: Abomasnow|slp\n|move|p1b: Flutter Mane|Dazzling Gleam|p2b: Flutter Mane|[spread] p2a,p2b\n|-resisted|p2a: Arcanine\n|-damage|p2a: Arcanine|0 fnt\n|-damage|p2b: Flutter Mane|70\/100\n|faint|p2a: Arcanine\n|\n|upkeep\n|\n|t:|1683088288\n|switch|p2a: Amoonguss|Amoonguss, L50, F|47\/100\n|turn|7\n|\n|t:|1683088296\n|move|p1b: Flutter Mane|Protect|p1b: Flutter Mane\n|-singleturn|p1b: Flutter Mane|Protect\n|move|p2b: Flutter Mane|Dazzling Gleam|p1a: Abomasnow|[spread] p1a\n|-activate|p1b: Flutter Mane|move: Protect\n|-damage|p1a: Abomasnow|68\/100 slp\n|-curestatus|p1a: Abomasnow|slp|[msg]\n|move|p1a: Abomasnow|Blizzard|p2b: Flutter Mane|[spread] p2a,p2b\n|-supereffective|p2a: Amoonguss\n|-damage|p2a: Amoonguss|13\/100\n|-damage|p2b: Flutter Mane|49\/100\n|-status|p2a: Amoonguss|frz\n|cant|p2a: Amoonguss|frz\n|\n|-heal|p1a: Abomasnow|74\/100|[from] item: Leftovers\n|upkeep\n|turn|8\n|\n|t:|1683088320\n|move|p1b: Flutter Mane|Dazzling Gleam|p2b: Flutter Mane|[spread] p2a,p2b\n|-resisted|p2a: Amoonguss\n|-damage|p2a: Amoonguss|2\/100 frz\n|-damage|p2b: Flutter Mane|17\/100\n|move|p2b: Flutter Mane|Dazzling Gleam|p1b: Flutter Mane|[spread] p1a,p1b\n|-damage|p1a: Abomasnow|44\/100\n|-damage|p1b: Flutter Mane|0 fnt\n|faint|p1b: Flutter Mane\n|-end|p1b: Flutter Mane|Protosynthesis|[silent]\n|move|p1a: Abomasnow|Blizzard|p2a: Amoonguss|[spread] p2a\n|-miss|p1a: Abomasnow|p2b: Flutter Mane\n|-supereffective|p2a: Amoonguss\n|-damage|p2a: Amoonguss|0 fnt\n|faint|p2a: Amoonguss\n|\n|-heal|p1a: Abomasnow|50\/100|[from] item: Leftovers\n|upkeep\n|\n|t:|1683088332\n|switch|p1b: Ting-Lu|Ting-Lu, L50|100\/100\n|-ability|p1b: Ting-Lu|Vessel of Ruin\n|turn|9\n|-message|Warfare-JK forfeited.\n|\n|win|Valency GL\n|raw|Valency GL's rating: 1228 → 1253<\/strong> (+25 for winning)\n|raw|Warfare-JK's rating: 1234 → 1209<\/strong> (-25 for losing)\n|l|\u2606Warfare-JK\n","uploadtime":1683088341,"views":9,"p1id":"valencygl","p2id":"warfarejk","formatid":"gen9vgc2023regulationc","rating":1209,"private":0,"password":""}