{"id":"gen9vgc2023regulationc-1857091997","p1":"furiousduffman","p2":"Greg stick","format":"[Gen 9] VGC 2023 Regulation C","log":"|j|\u2606furiousduffman\n|j|\u2606Greg stick\n|t:|1683144959\n|gametype|doubles\n|player|p1|furiousduffman|169|1085\n|player|p2|Greg stick|cynthia-gen4|1003\n|teamsize|p1|6\n|teamsize|p2|6\n|gen|9\n|tier|[Gen 9] VGC 2023 Regulation C\n|rated|\n|rule|Species Clause: Limit one of each Pok\u00e9mon\n|rule|Item Clause: Limit one of each item\n|clearpoke\n|poke|p1|Tatsugiri, L50, F|\n|poke|p1|Dondozo, L50, M|\n|poke|p1|Glimmora, L50, M|\n|poke|p1|Flutter Mane, L50|\n|poke|p1|Amoonguss, L50, M|\n|poke|p1|Arcanine, L50, M|\n|poke|p2|Sylveon, L50, F|\n|poke|p2|Amoonguss, L50, M|\n|poke|p2|Palafin, L50, F|\n|poke|p2|Flutter Mane, L50|\n|poke|p2|Roaring Moon, L50|\n|poke|p2|Gyarados, L50, M|\n|teampreview|4\n|inactive|Battle timer is ON: inactive players will automatically lose when time's up. (requested by furiousduffman)\n|inactive|furiousduffman has 60 seconds left.\n|\n|t:|1683144995\n|start\n|switch|p1a: Glimmora|Glimmora, L50, M|100\/100\n|switch|p1b: Dondozo|Dondozo, L50, M|100\/100\n|switch|p2a: Amoonguss|Amoonguss, L50, M|100\/100\n|switch|p2b: Flutter Mane|Flutter Mane, L50|100\/100\n|turn|1\n|inactive|furiousduffman has 30 seconds left.\n|\n|t:|1683145025\n|-end|p2b: Flutter Mane|Protosynthesis|[silent]\n|switch|p2b: Gyarados|Gyarados, L50, M|100\/100\n|-ability|p2b: Gyarados|Intimidate|boost\n|-unboost|p1a: Glimmora|atk|1\n|-unboost|p1b: Dondozo|atk|1\n|move|p1a: Glimmora|Power Gem|p2a: Amoonguss\n|-damage|p2a: Amoonguss|77\/100\n|move|p2a: Amoonguss|Spore|p1a: Glimmora\n|-status|p1a: Glimmora|slp|[from] move: Spore\n|move|p1b: Dondozo|Avalanche|p2a: Amoonguss\n|-supereffective|p2a: Amoonguss\n|-damage|p2a: Amoonguss|54\/100\n|\n|upkeep\n|turn|2\n|inactive|furiousduffman has 30 seconds left.\n|inactive|Greg stick has 30 seconds left.\n|inactive|furiousduffman has 20 seconds left.\n|inactive|furiousduffman has 15 seconds left.\n|inactive|furiousduffman has 10 seconds left.\n|inactive|furiousduffman has 5 seconds left.\n|\n|t:|1683145076\n|switch|p1a: Tatsugiri|Tatsugiri, L50, F|100\/100\n|move|p2b: Gyarados|Waterfall|p1a: Tatsugiri\n|-ability|p1a: Tatsugiri|Storm Drain|boost\n|-boost|p1a: Tatsugiri|spa|1\n|move|p2a: Amoonguss|Spore|p1b: Dondozo\n|-status|p1b: Dondozo|slp|[from] move: Spore\n|cant|p1b: Dondozo|slp\n|\n|upkeep\n|turn|3\n|inactive|Greg stick has 30 seconds left.\n|c|\u2606Greg stick|Why is the giri storm drain\n|inactive|Greg stick has 20 seconds left.\n|\n|t:|1683145114\n|move|p1a: Tatsugiri|Icy Wind|p2b: Gyarados|[spread] p2a,p2b\n|-supereffective|p2a: Amoonguss\n|-damage|p2a: Amoonguss|16\/100\n|-damage|p2b: Gyarados|82\/100\n|-unboost|p2a: Amoonguss|spe|1\n|-unboost|p2b: Gyarados|spe|1\n|-enditem|p2a: Amoonguss|Sitrus Berry|[eat]\n|-heal|p2a: Amoonguss|41\/100|[from] item: Sitrus Berry\n|move|p2b: Gyarados|Waterfall|p1a: Tatsugiri\n|-activate|p1a: Tatsugiri|ability: Storm Drain\n|-ability|p1a: Tatsugiri|Storm Drain|boost\n|-boost|p1a: Tatsugiri|spa|1\n|move|p2a: Amoonguss|Spore|p1a: Tatsugiri\n|-status|p1a: Tatsugiri|slp|[from] move: Spore\n|cant|p1b: Dondozo|slp\n|\n|upkeep\n|turn|4\n|\n|t:|1683145139\n|switch|p2b: Flutter Mane|Flutter Mane, L50|100\/100\n|cant|p1a: Tatsugiri|slp\n|move|p2a: Amoonguss|Pollen Puff|p1a: Tatsugiri\n|-damage|p1a: Tatsugiri|75\/100 slp\n|-curestatus|p1b: Dondozo|slp|[msg]\n|move|p1b: Dondozo|Avalanche|p2a: Amoonguss\n|-supereffective|p2a: Amoonguss\n|-damage|p2a: Amoonguss|16\/100\n|\n|upkeep\n|turn|5\n|inactive|furiousduffman has 30 seconds left.\n|\n|t:|1683145167\n|-terastallize|p1a: Tatsugiri|Poison\n|move|p2b: Flutter Mane|Shadow Ball|p1a: Tatsugiri\n|-damage|p1a: Tatsugiri|4\/100 slp\n|-damage|p2b: Flutter Mane|90\/100|[from] item: Life Orb\n|cant|p1a: Tatsugiri|slp\n|move|p2a: Amoonguss|Spore|p1b: Dondozo\n|-status|p1b: Dondozo|slp|[from] move: Spore\n|cant|p1b: Dondozo|slp\n|\n|upkeep\n|turn|6\n|\n|t:|1683145187\n|switch|p2a: Sylveon|Sylveon, L50, F|100\/100\n|move|p2b: Flutter Mane|Dazzling Gleam|p1b: Dondozo|[spread] p1a,p1b\n|-resisted|p1a: Tatsugiri\n|-crit|p1b: Dondozo\n|-damage|p1a: Tatsugiri|0 fnt\n|-damage|p1b: Dondozo|70\/100 slp\n|faint|p1a: Tatsugiri\n|-damage|p2b: Flutter Mane|80\/100|[from] item: Life Orb\n|cant|p1b: Dondozo|slp\n|\n|upkeep\n|\n|t:|1683145195\n|switch|p1a: Flutter Mane|Flutter Mane, L50|100\/100\n|turn|7\n|\n|t:|1683145207\n|move|p2b: Flutter Mane|Protect|p2b: Flutter Mane\n|-singleturn|p2b: Flutter Mane|Protect\n|move|p1a: Flutter Mane|Hex|p2b: Flutter Mane\n|-activate|p2b: Flutter Mane|move: Protect\n|move|p2a: Sylveon|Hyper Voice|p1a: Flutter Mane|[spread] p1a,p1b\n|-damage|p1a: Flutter Mane|65\/100\n|-damage|p1b: Dondozo|55\/100 slp\n|-curestatus|p1b: Dondozo|slp|[msg]\n|move|p1b: Dondozo|Heavy Slam|p2a: Sylveon\n|-supereffective|p2a: Sylveon\n|-damage|p2a: Sylveon|42\/100\n|\n|-heal|p2a: Sylveon|48\/100|[from] item: Leftovers\n|upkeep\n|turn|8\n|inactive|furiousduffman has 30 seconds left.\n|\n|t:|1683145236\n|-end|p2b: Flutter Mane|Protosynthesis|[silent]\n|switch|p2b: Gyarados|Gyarados, L50, M|82\/100\n|-ability|p2b: Gyarados|Intimidate|boost\n|-unboost|p1a: Flutter Mane|atk|1\n|-unboost|p1b: Dondozo|atk|1\n|move|p1a: Flutter Mane|Hex|p2b: Gyarados\n|-damage|p2b: Gyarados|52\/100\n|-damage|p1a: Flutter Mane|55\/100|[from] item: Life Orb\n|move|p2a: Sylveon|Yawn|p1b: Dondozo\n|-start|p1b: Dondozo|move: Yawn|[of] p2a: Sylveon\n|move|p1b: Dondozo|Heavy Slam|p2b: Gyarados\n|-resisted|p2b: Gyarados\n|-damage|p2b: Gyarados|49\/100\n|\n|-heal|p2a: Sylveon|54\/100|[from] item: Leftovers\n|upkeep\n|turn|9\n|\n|t:|1683145254\n|switch|p1b: Glimmora|Glimmora, L50, M|100\/100 slp\n|move|p2a: Sylveon|Protect|p2a: Sylveon\n|-singleturn|p2a: Sylveon|Protect\n|move|p2b: Gyarados|Protect|p2b: Gyarados\n|-singleturn|p2b: Gyarados|Protect\n|move|p1a: Flutter Mane|Dazzling Gleam|p2a: Sylveon|[spread] \n|-activate|p2a: Sylveon|move: Protect\n|-activate|p2b: Gyarados|move: Protect\n|\n|-heal|p2a: Sylveon|60\/100|[from] item: Leftovers\n|upkeep\n|turn|10\n|\n|t:|1683145268\n|move|p1a: Flutter Mane|Dazzling Gleam|p2b: Gyarados|[spread] p2a,p2b\n|-damage|p2a: Sylveon|34\/100\n|-damage|p2b: Gyarados|24\/100\n|-damage|p1a: Flutter Mane|46\/100|[from] item: Life Orb\n|move|p2a: Sylveon|Charm|p1a: Flutter Mane\n|-unboost|p1a: Flutter Mane|atk|2\n|cant|p1b: Glimmora|slp\n|move|p2b: Gyarados|Thunder Wave|p1a: Flutter Mane\n|-status|p1a: Flutter Mane|par\n|\n|-heal|p2a: Sylveon|40\/100|[from] item: Leftovers\n|upkeep\n|turn|11\n|inactive|furiousduffman has 30 seconds left.\n|inactive|furiousduffman has 20 seconds left.\n|inactive|furiousduffman has 15 seconds left.\n|inactive|furiousduffman has 10 seconds left.\n|\n|t:|1683145314\n|move|p2a: Sylveon|Hyper Voice|p1a: Flutter Mane|[spread] p1a,p1b\n|-resisted|p1b: Glimmora\n|-damage|p1a: Flutter Mane|16\/100 par\n|-damage|p1b: Glimmora|88\/100 slp\n|cant|p1b: Glimmora|slp\n|cant|p1a: Flutter Mane|par\n|move|p2b: Gyarados|Waterfall|p1a: Flutter Mane\n|-damage|p1a: Flutter Mane|0 fnt\n|faint|p1a: Flutter Mane\n|-end|p1a: Flutter Mane|Protosynthesis|[silent]\n|\n|-heal|p2a: Sylveon|46\/100|[from] item: Leftovers\n|upkeep\n|\n|t:|1683145319\n|switch|p1a: Dondozo|Dondozo, L50, M|55\/100\n|turn|12\n|\n|t:|1683145328\n|move|p2a: Sylveon|Charm|p1a: Dondozo\n|-unboost|p1a: Dondozo|atk|2\n|-curestatus|p1b: Glimmora|slp|[msg]\n|move|p1b: Glimmora|Venoshock|p2b: Gyarados\n|-damage|p2b: Gyarados|6\/100\n|move|p2b: Gyarados|Thunder Wave|p1a: Dondozo\n|-status|p1a: Dondozo|par\n|move|p1a: Dondozo|Liquidation|p2a: Sylveon\n|-damage|p2a: Sylveon|21\/100\n|\n|-heal|p2a: Sylveon|27\/100|[from] item: Leftovers\n|upkeep\n|turn|13\n|\n|t:|1683145349\n|move|p2b: Gyarados|Protect|p2b: Gyarados\n|-singleturn|p2b: Gyarados|Protect\n|move|p2a: Sylveon|Yawn|p1b: Glimmora\n|-start|p1b: Glimmora|move: Yawn|[of] p2a: Sylveon\n|move|p1b: Glimmora|Venoshock|p2a: Sylveon\n|-supereffective|p2a: Sylveon\n|-damage|p2a: Sylveon|0 fnt\n|faint|p2a: Sylveon\n|move|p1a: Dondozo|Heavy Slam|p2b: Gyarados\n|-activate|p2b: Gyarados|move: Protect\n|\n|upkeep\n|\n|t:|1683145358\n|switch|p2a: Flutter Mane|Flutter Mane, L50|80\/100\n|turn|14\n|\n|t:|1683145366\n|switch|p2b: Amoonguss|Amoonguss, L50, M|49\/100\n|move|p2a: Flutter Mane|Protect|p2a: Flutter Mane\n|-singleturn|p2a: Flutter Mane|Protect\n|move|p1b: Glimmora|Mortal Spin|p2b: Amoonguss|[spread] p2b\n|-activate|p2a: Flutter Mane|move: Protect\n|-damage|p2b: Amoonguss|45\/100\n|move|p1a: Dondozo|Heavy Slam|p2a: Flutter Mane\n|-activate|p2a: Flutter Mane|move: Protect\n|\n|-end|p1b: Glimmora|move: Yawn|[silent]\n|-status|p1b: Glimmora|slp\n|upkeep\n|turn|15\n|\n|t:|1683145386\n|move|p2a: Flutter Mane|Shadow Ball|p1b: Glimmora\n|-damage|p1b: Glimmora|36\/100 slp\n|-damage|p2a: Flutter Mane|70\/100|[from] item: Life Orb\n|cant|p1b: Glimmora|slp\n|move|p2b: Amoonguss|Pollen Puff|p1a: Dondozo\n|-damage|p1a: Dondozo|45\/100 par\n|move|p1a: Dondozo|Heavy Slam|p2a: Flutter Mane\n|-supereffective|p2a: Flutter Mane\n|-damage|p2a: Flutter Mane|0 fnt\n|faint|p2a: Flutter Mane\n|-end|p2a: Flutter Mane|Protosynthesis|[silent]\n|\n|upkeep\n|\n|t:|1683145398\n|switch|p2a: Gyarados|Gyarados, L50, M|6\/100\n|-ability|p2a: Gyarados|Intimidate|boost\n|-unboost|p1a: Dondozo|atk|1\n|-unboost|p1b: Glimmora|atk|1\n|turn|16\n|\n|t:|1683145421\n|cant|p1b: Glimmora|slp\n|move|p2a: Gyarados|Waterfall|p1b: Glimmora\n|-supereffective|p1b: Glimmora\n|-damage|p1b: Glimmora|0 fnt\n|-damage|p2a: Gyarados|0 fnt|[from] item: Rocky Helmet|[of] p1b: Glimmora\n|-activate|p1b: Glimmora|ability: Toxic Debris\n|-sidestart|p2: Greg stick|move: Toxic Spikes\n|faint|p1b: Glimmora\n|faint|p2a: Gyarados\n|move|p2b: Amoonguss|Pollen Puff|p2: Gyarados|[notarget]\n|-fail|p2b: Amoonguss\n|move|p1a: Dondozo|Avalanche|p2b: Amoonguss\n|-supereffective|p2b: Amoonguss\n|-damage|p2b: Amoonguss|30\/100\n|\n|upkeep\n|turn|17\n|\n|t:|1683145442\n|-terastallize|p2b: Amoonguss|Ghost\n|move|p2b: Amoonguss|Pollen Puff|p1a: Dondozo\n|-damage|p1a: Dondozo|35\/100 par\n|move|p1a: Dondozo|Avalanche|p2b: Amoonguss\n|-damage|p2b: Amoonguss|15\/100\n|\n|upkeep\n|turn|18\n|\n|t:|1683145452\n|move|p2b: Amoonguss|Pollen Puff|p1a: Dondozo\n|-damage|p1a: Dondozo|25\/100 par\n|move|p1a: Dondozo|Liquidation|p2b: Amoonguss\n|-damage|p2b: Amoonguss|0 fnt\n|faint|p2b: Amoonguss\n|\n|win|furiousduffman\n|raw|furiousduffman's rating: 1085 → 1106<\/strong> (+21 for winning)\n|raw|Greg stick's rating: 1003 → 1000<\/strong> (-3 for losing)\n|l|\u2606Greg stick\n","uploadtime":1683145464,"views":13,"p1id":"furiousduffman","p2id":"gregstick","formatid":"gen9vgc2023regulationc","rating":1000,"private":0,"password":""}