{"id":"gen9vgc2023regulationc-1864070120","p1":"Hactorgv_128","p2":"pixelumbreon","format":"[Gen 9] VGC 2023 Regulation C","log":"|j|\u2606Hactorgv_128\n|j|\u2606pixelumbreon\n|t:|1684113178\n|gametype|doubles\n|player|p1|Hactorgv_128|265|1057\n|player|p2|pixelumbreon|caitlin|1159\n|teamsize|p1|6\n|teamsize|p2|6\n|gen|9\n|tier|[Gen 9] VGC 2023 Regulation C\n|rated|\n|rule|Species Clause: Limit one of each Pok\u00e9mon\n|rule|Item Clause: Limit one of each item\n|clearpoke\n|poke|p1|Gastrodon, L50, M|\n|poke|p1|Gengar, L50, F|\n|poke|p1|Goodra, L50, M|\n|poke|p1|Iron Hands, L50|\n|poke|p1|Skeledirge, L50, M|\n|poke|p1|Mudsdale, L50, M|\n|poke|p2|Hatterene, L50, F|\n|poke|p2|Tyranitar, L50, F|\n|poke|p2|Bronzong, L50|\n|poke|p2|Indeedee-F, L50, F|\n|poke|p2|Arcanine, L50, M|\n|poke|p2|Corviknight, L50, M|\n|teampreview|4\n|\n|t:|1684113215\n|start\n|switch|p1a: Mudsdale|Mudsdale, L50, M|100\/100\n|switch|p1b: Gastrodon|Gastrodon, L50, M|100\/100\n|switch|p2a: Sir Wallsalot|Corviknight, L50, M, shiny|100\/100\n|switch|p2b: Gender|Indeedee-F, L50, F, shiny|100\/100\n|-fieldstart|move: Psychic Terrain|[from] ability: Psychic Surge|[of] p2b: Gender\n|-enditem|p2b: Gender|Psychic Seed\n|-boost|p2b: Gender|spd|1|[from] item: Psychic Seed\n|turn|1\n|\n|t:|1684113245\n|move|p2b: Gender|Psychic|p1b: Gastrodon\n|-damage|p1b: Gastrodon|62\/100\n|move|p2a: Sir Wallsalot|Taunt|p1a: Mudsdale\n|-start|p1a: Mudsdale|move: Taunt\n|move|p1b: Gastrodon|Blizzard|p2b: Gender|[spread] p2b\n|-miss|p1b: Gastrodon|p2a: Sir Wallsalot\n|-damage|p2b: Gender|86\/100\n|cant|p1a: Mudsdale|move: Taunt|Stealth Rock\n|\n|upkeep\n|turn|2\n|\n|t:|1684113275\n|move|p2b: Gender|Psychic|p1b: Gastrodon\n|-damage|p1b: Gastrodon|23\/100\n|move|p2a: Sir Wallsalot|Taunt|p1b: Gastrodon\n|-start|p1b: Gastrodon|move: Taunt\n|move|p1b: Gastrodon|Hydro Pump|p2a: Sir Wallsalot\n|-damage|p2a: Sir Wallsalot|64\/100\n|move|p1a: Mudsdale|Body Press|p2b: Gender\n|-damage|p2b: Gender|59\/100\n|\n|upkeep\n|turn|3\n|\n|t:|1684113310\n|switch|p1b: Iron Hands|Iron Hands, L50|100\/100\n|move|p2b: Gender|Psychic|p1b: Iron Hands\n|-supereffective|p1b: Iron Hands\n|-damage|p1b: Iron Hands|55\/100\n|move|p2a: Sir Wallsalot|Bulk Up|p2a: Sir Wallsalot\n|-boost|p2a: Sir Wallsalot|atk|1\n|-boost|p2a: Sir Wallsalot|def|1\n|move|p1a: Mudsdale|Body Press|p2a: Sir Wallsalot\n|-damage|p2a: Sir Wallsalot|48\/100\n|-damage|p1a: Mudsdale|84\/100|[from] item: Rocky Helmet|[of] p2a: Sir Wallsalot\n|\n|-heal|p1a: Mudsdale|90\/100|[from] item: Leftovers\n|-end|p1a: Mudsdale|move: Taunt\n|upkeep\n|turn|4\n|\n|t:|1684113344\n|move|p1a: Mudsdale|Protect|p1a: Mudsdale\n|-singleturn|p1a: Mudsdale|Protect\n|move|p2b: Gender|Psychic|p1b: Iron Hands\n|-supereffective|p1b: Iron Hands\n|-damage|p1b: Iron Hands|6\/100\n|move|p2a: Sir Wallsalot|Roost|p2a: Sir Wallsalot\n|-heal|p2a: Sir Wallsalot|98\/100\n|-singleturn|p2a: Sir Wallsalot|move: Roost\n|move|p1b: Iron Hands|Wild Charge|p2a: Sir Wallsalot\n|-damage|p2a: Sir Wallsalot|70\/100\n|-damage|p1b: Iron Hands|0 fnt|[from] item: Rocky Helmet|[of] p2a: Sir Wallsalot\n|faint|p1b: Iron Hands\n|-end|p1b: Iron Hands|Quark Drive|[silent]\n|\n|-heal|p1a: Mudsdale|96\/100|[from] item: Leftovers\n|upkeep\n|\n|t:|1684113359\n|switch|p1b: Goodra|Goodra, L50, M|100\/100\n|turn|5\n|\n|t:|1684113389\n|move|p1b: Goodra|Flamethrower|p2a: Sir Wallsalot\n|-supereffective|p2a: Sir Wallsalot\n|-damage|p2a: Sir Wallsalot|22\/100\n|move|p2b: Gender|Psychic|p1a: Mudsdale\n|-damage|p1a: Mudsdale|57\/100\n|-ability|p1a: Mudsdale|Stamina|boost\n|-boost|p1a: Mudsdale|def|1\n|move|p2a: Sir Wallsalot|Taunt|p1a: Mudsdale\n|-start|p1a: Mudsdale|move: Taunt\n|cant|p1a: Mudsdale|move: Taunt|Stealth Rock\n|\n|-heal|p1a: Mudsdale|62\/100|[from] item: Leftovers\n|-fieldend|move: Psychic Terrain\n|upkeep\n|turn|6\n|\n|t:|1684113421\n|switch|p2a: Susie|Tyranitar, L50, F, shiny|100\/100\n|-weather|Sandstorm|[from] ability: Sand Stream|[of] p2a: Susie\n|move|p1b: Goodra|Flamethrower|p2a: Susie\n|-resisted|p2a: Susie\n|-damage|p2a: Susie|95\/100\n|move|p1a: Mudsdale|Body Press|p2a: Susie\n|-supereffective|p2a: Susie\n|-damage|p2a: Susie|0 fnt\n|faint|p2a: Susie\n|move|p2b: Gender|Trick Room|p2b: Gender\n|-fieldstart|move: Trick Room|[of] p2b: Gender\n|\n|-weather|Sandstorm|[upkeep]\n|-damage|p2b: Gender|52\/100|[from] Sandstorm\n|-damage|p1b: Goodra|94\/100|[from] Sandstorm\n|-heal|p1a: Mudsdale|68\/100|[from] item: Leftovers\n|upkeep\n|\n|t:|1684113443\n|switch|p2a: Raikou (Real)|Arcanine, L50, M, shiny|100\/100\n|-ability|p2a: Raikou (Real)|Intimidate|boost\n|-unboost|p1a: Mudsdale|atk|1\n|-unboost|p1b: Goodra|atk|1\n|turn|7\n|\n|t:|1684113474\n|move|p1a: Mudsdale|High Horsepower|p2a: Raikou (Real)\n|-supereffective|p2a: Raikou (Real)\n|-damage|p2a: Raikou (Real)|39\/100\n|move|p2b: Gender|Psychic|p1a: Mudsdale\n|-damage|p1a: Mudsdale|36\/100\n|-ability|p1a: Mudsdale|Stamina|boost\n|-boost|p1a: Mudsdale|def|1\n|move|p2a: Raikou (Real)|Will-O-Wisp|p1a: Mudsdale|[miss]\n|-miss|p2a: Raikou (Real)|p1a: Mudsdale\n|move|p1b: Goodra|Rock Slide|p2a: Raikou (Real)|[spread] p2a\n|-miss|p1b: Goodra|p2b: Gender\n|-supereffective|p2a: Raikou (Real)\n|-damage|p2a: Raikou (Real)|14\/100\n|\n|-weather|Sandstorm|[upkeep]\n|-damage|p2a: Raikou (Real)|8\/100|[from] Sandstorm\n|-damage|p2b: Gender|46\/100|[from] Sandstorm\n|-damage|p1b: Goodra|88\/100|[from] Sandstorm\n|-heal|p1a: Mudsdale|42\/100|[from] item: Leftovers\n|-end|p1a: Mudsdale|move: Taunt\n|upkeep\n|turn|8\n|\n|t:|1684113502\n|switch|p2a: Sir Wallsalot|Corviknight, L50, M, shiny|22\/100\n|move|p1a: Mudsdale|Stealth Rock|p2a: Sir Wallsalot\n|-sidestart|p2: pixelumbreon|move: Stealth Rock\n|move|p2b: Gender|Heal Pulse|p2a: Sir Wallsalot\n|-heal|p2a: Sir Wallsalot|72\/100\n|move|p1b: Goodra|Surf|p2a: Sir Wallsalot|[spread] p1a,p2a,p2b\n|-supereffective|p1a: Mudsdale\n|-damage|p1a: Mudsdale|0 fnt\n|-damage|p2a: Sir Wallsalot|57\/100\n|-damage|p2b: Gender|35\/100\n|faint|p1a: Mudsdale\n|\n|-weather|Sandstorm|[upkeep]\n|-damage|p2b: Gender|29\/100|[from] Sandstorm\n|-damage|p1b: Goodra|82\/100|[from] Sandstorm\n|upkeep\n|\n|t:|1684113513\n|switch|p1a: Gastrodon|Gastrodon, L50, M|23\/100\n|turn|9\n|\n|t:|1684113529\n|move|p1a: Gastrodon|Hydro Pump|p2a: Sir Wallsalot\n|-damage|p2a: Sir Wallsalot|19\/100\n|move|p2a: Sir Wallsalot|Body Press|p1a: Gastrodon\n|-crit|p1a: Gastrodon\n|-damage|p1a: Gastrodon|0 fnt\n|-damage|p2a: Sir Wallsalot|2\/100|[from] item: Rocky Helmet|[of] p1a: Gastrodon\n|faint|p1a: Gastrodon\n|move|p2b: Gender|Psychic|p1b: Goodra\n|-damage|p1b: Goodra|58\/100\n|move|p1b: Goodra|Surf|p2a: Sir Wallsalot|[spread] p2a,p2b\n|-damage|p2a: Sir Wallsalot|0 fnt\n|-damage|p2b: Gender|17\/100\n|faint|p2a: Sir Wallsalot\n|\n|-weather|Sandstorm|[upkeep]\n|-damage|p2b: Gender|11\/100|[from] Sandstorm\n|-damage|p1b: Goodra|52\/100|[from] Sandstorm\n|upkeep\n|\n|t:|1684113546\n|switch|p2a: Raikou (Real)|Arcanine, L50, M, shiny|8\/100\n|-damage|p2a: Raikou (Real)|0 fnt|[from] Stealth Rock\n|faint|p2a: Raikou (Real)\n|turn|10\n|\n|t:|1684113556\n|move|p2b: Gender|Psychic|p1b: Goodra\n|-damage|p1b: Goodra|28\/100\n|move|p1b: Goodra|Surf|p2b: Gender\n|-damage|p2b: Gender|0 fnt\n|faint|p2b: Gender\n|\n|win|Hactorgv_128\n|raw|Hactorgv_128's rating: 1057 → 1097<\/strong> (+40 for winning)\n|raw|pixelumbreon's rating: 1159 → 1127<\/strong> (-32 for losing)\n|c|\u2606Hactorgv_128|Gg\n|c|\u2606pixelumbreon|gg\n|l|\u2606Hactorgv_128\n","uploadtime":1684113570,"views":12,"p1id":"hactorgv128","p2id":"pixelumbreon","formatid":"gen9vgc2023regulationc","rating":1097,"private":0,"password":""}