{"id":"gen9vgc2023regulationc-1862434692","p1":"PokeStomp","p2":"Mast0don","format":"[Gen 9] VGC 2023 Regulation C","log":"|j|\u2606PokeStomp\n|j|\u2606Mast0don\n|t:|1683885578\n|gametype|doubles\n|player|p1|PokeStomp|1|1490\n|player|p2|Mast0don|drayden|1417\n|teamsize|p1|6\n|teamsize|p2|6\n|gen|9\n|tier|[Gen 9] VGC 2023 Regulation C\n|rated|\n|rule|Species Clause: Limit one of each Pok\u00e9mon\n|rule|Item Clause: Limit one of each item\n|clearpoke\n|poke|p1|Flutter Mane, L50|\n|poke|p1|Chi-Yu, L50|\n|poke|p1|Roaring Moon, L50|\n|poke|p1|Jumpluff, L50, F|\n|poke|p1|Wo-Chien, L50|\n|poke|p1|Torkoal, L50, M|\n|poke|p2|Hatterene, L50, F|\n|poke|p2|Iron Hands, L50|\n|poke|p2|Torkoal, L50, M|\n|poke|p2|Armarouge, L50, M|\n|poke|p2|Lilligant, L50, F|\n|poke|p2|Indeedee-F, L50, F|\n|teampreview|4\n|inactive|Battle timer is ON: inactive players will automatically lose when time's up. (requested by Mast0don)\n|\n|t:|1683885604\n|start\n|switch|p1a: Roaring Moon|Roaring Moon, L50|100\/100\n|switch|p1b: Jumpluff|Jumpluff, L50, F|100\/100\n|switch|p2a: Iron Hands|Iron Hands, L50|100\/100\n|switch|p2b: Hatterene|Hatterene, L50, F|100\/100\n|turn|1\n|inactive|PokeStomp has 30 seconds left.\n|inactive|PokeStomp has 20 seconds left.\n|inactive|PokeStomp has 15 seconds left.\n|\n|t:|1683885646\n|-terastallize|p1a: Roaring Moon|Ground\n|move|p2a: Iron Hands|Fake Out|p1a: Roaring Moon\n|-damage|p1a: Roaring Moon|80\/100\n|move|p1b: Jumpluff|Absorb|p1a: Roaring Moon\n|-supereffective|p1a: Roaring Moon\n|-damage|p1a: Roaring Moon|70\/100\n|-enditem|p1a: Roaring Moon|Weakness Policy\n|-boost|p1a: Roaring Moon|atk|2|[from] item: Weakness Policy\n|-boost|p1a: Roaring Moon|spa|2|[from] item: Weakness Policy\n|cant|p1a: Roaring Moon|flinch\n|move|p2b: Hatterene|Trick Room|p2b: Hatterene\n|-fieldstart|move: Trick Room|[of] p2b: Hatterene\n|\n|upkeep\n|turn|2\n|l|\u2606Mast0don\n|inactive|Mast0don disconnected and has a minute to reconnect!\n|player|p2|\n|inactive|PokeStomp has 30 seconds left.\n|inactive|Mast0don has 30 seconds left.\n|j|\u2606Mast0don\n|inactive|Mast0don reconnected and has 25 seconds left.\n|player|p2|Mast0don|drayden\n|inactive|PokeStomp has 20 seconds left.\n|inactive|Mast0don has 20 seconds left.\n|inactive|PokeStomp has 15 seconds left.\n|inactive|Mast0don has 15 seconds left.\n|inactive|PokeStomp has 10 seconds left.\n|inactive|Mast0don has 10 seconds left.\n|inactive|PokeStomp has 5 seconds left.\n|\n|t:|1683885700\n|switch|p1b: Torkoal|Torkoal, L50, M|100\/100\n|-weather|SunnyDay|[from] ability: Drought|[of] p1b: Torkoal\n|-activate|p1a: Roaring Moon|ability: Protosynthesis\n|-start|p1a: Roaring Moon|protosynthesisatk\n|move|p1a: Roaring Moon|Protect|p1a: Roaring Moon\n|-singleturn|p1a: Roaring Moon|Protect\n|move|p2b: Hatterene|Psychic|p1a: Roaring Moon\n|-activate|p1a: Roaring Moon|move: Protect\n|move|p2a: Iron Hands|Wild Charge|p1b: Torkoal\n|-damage|p1b: Torkoal|59\/100\n|-damage|p2a: Iron Hands|93\/100|[from] Recoil\n|\n|-weather|SunnyDay|[upkeep]\n|upkeep\n|turn|3\n|\n|t:|1683885725\n|switch|p1b: Jumpluff|Jumpluff, L50, F|100\/100\n|move|p2b: Hatterene|Psychic|p1b: Jumpluff\n|-damage|p1b: Jumpluff|48\/100\n|move|p2a: Iron Hands|Close Combat|p1a: Roaring Moon\n|-damage|p1a: Roaring Moon|0 fnt\n|-unboost|p2a: Iron Hands|def|1\n|-unboost|p2a: Iron Hands|spd|1\n|faint|p1a: Roaring Moon\n|-end|p1a: Roaring Moon|Protosynthesis|[silent]\n|\n|-weather|SunnyDay|[upkeep]\n|upkeep\n|\n|t:|1683885735\n|switch|p1a: Torkoal|Torkoal, L50, M|59\/100\n|turn|4\n|\n|t:|1683885743\n|switch|p1b: Chi-Yu|Chi-Yu, L50|100\/100\n|-ability|p1b: Chi-Yu|Beads of Ruin\n|move|p1a: Torkoal|Eruption|p2b: Hatterene|[spread] p2a,p2b\n|-damage|p2a: Iron Hands|0 fnt\n|-damage|p2b: Hatterene|18\/100\n|faint|p2a: Iron Hands\n|-end|p2a: Iron Hands|Quark Drive|[silent]\n|move|p2b: Hatterene|Psychic|p1a: Torkoal\n|-damage|p1a: Torkoal|0 fnt\n|faint|p1a: Torkoal\n|\n|-weather|SunnyDay|[upkeep]\n|upkeep\n|n|!PokeStomp|pokestomp\n|\n|t:|1683885755\n|switch|p1a: Jumpluff|Jumpluff, L50, F|48\/100\n|switch|p2a: Armarouge|Armarouge, L50, M, shiny|100\/100\n|turn|5\n|\n|t:|1683885766\n|move|p1b: Chi-Yu|Protect|p1b: Chi-Yu\n|-singleturn|p1b: Chi-Yu|Protect\n|move|p1a: Jumpluff|Protect|p1a: Jumpluff\n|-singleturn|p1a: Jumpluff|Protect\n|move|p2b: Hatterene|Dazzling Gleam|p1a: Jumpluff|[spread] \n|-activate|p1a: Jumpluff|move: Protect\n|-activate|p1b: Chi-Yu|move: Protect\n|move|p2a: Armarouge|Armor Cannon|p1b: Chi-Yu\n|-activate|p1b: Chi-Yu|move: Protect\n|\n|-weather|SunnyDay|[upkeep]\n|-fieldend|move: Trick Room\n|upkeep\n|turn|6\n|\n|t:|1683885787\n|switch|p2a: Indeedee|Indeedee-F, L50, F|100\/100\n|-fieldstart|move: Psychic Terrain|[from] ability: Psychic Surge|[of] p2a: Indeedee\n|-enditem|p2a: Indeedee|Psychic Seed\n|-boost|p2a: Indeedee|spd|1|[from] item: Psychic Seed\n|move|p1a: Jumpluff|Sleep Powder|p2a: Indeedee\n|-status|p2a: Indeedee|slp|[from] move: Sleep Powder\n|move|p1b: Chi-Yu|Flamethrower|p2b: Hatterene\n|-damage|p2b: Hatterene|0 fnt\n|faint|p2b: Hatterene\n|\n|-weather|none\n|upkeep\n|\n|t:|1683885794\n|switch|p2b: Armarouge|Armarouge, L50, M, shiny|100\/100\n|turn|7\n|inactive|PokeStomp has 30 seconds left.\n|\n|t:|1683885823\n|-terastallize|p2b: Armarouge|Grass\n|cant|p2a: Indeedee|slp\n|move|p1a: Jumpluff|Sleep Powder|p2b: Armarouge\n|-immune|p2b: Armarouge\n|move|p1b: Chi-Yu|Dark Pulse|p2b: Armarouge\n|-damage|p2b: Armarouge|36\/100\n|move|p2b: Armarouge|Trick Room|p2b: Armarouge\n|-fieldstart|move: Trick Room|[of] p2b: Armarouge\n|\n|upkeep\n|turn|8\n|\n|t:|1683885846\n|cant|p2a: Indeedee|slp\n|move|p2b: Armarouge|Armor Cannon|p1b: Chi-Yu\n|-resisted|p1b: Chi-Yu\n|-damage|p1b: Chi-Yu|65\/100\n|-unboost|p2b: Armarouge|def|1\n|-unboost|p2b: Armarouge|spd|1\n|-damage|p2b: Armarouge|26\/100|[from] item: Life Orb\n|move|p1b: Chi-Yu|Dark Pulse|p2b: Armarouge\n|-damage|p2b: Armarouge|0 fnt\n|faint|p2b: Armarouge\n|move|p1a: Jumpluff|Sleep Powder|p2a: Indeedee|[miss]\n|-miss|p1a: Jumpluff|p2a: Indeedee\n|\n|upkeep\n|turn|9\n|\n|t:|1683885871\n|move|p1a: Jumpluff|Rage Powder|p1a: Jumpluff\n|-singleturn|p1a: Jumpluff|move: Rage Powder\n|cant|p2a: Indeedee|slp\n|move|p1b: Chi-Yu|Dark Pulse|p2a: Indeedee\n|-supereffective|p2a: Indeedee\n|-damage|p2a: Indeedee|25\/100 slp\n|\n|upkeep\n|turn|10\n|\n|t:|1683885887\n|move|p1a: Jumpluff|Rage Powder|p1a: Jumpluff\n|-singleturn|p1a: Jumpluff|move: Rage Powder\n|-curestatus|p2a: Indeedee|slp|[msg]\n|move|p2a: Indeedee|Dazzling Gleam|p1a: Jumpluff|[spread] p1a,p1b\n|-damage|p1a: Jumpluff|30\/100\n|-damage|p1b: Chi-Yu|53\/100\n|move|p1b: Chi-Yu|Dark Pulse|p2a: Indeedee\n|-supereffective|p2a: Indeedee\n|-damage|p2a: Indeedee|0 fnt\n|faint|p2a: Indeedee\n|\n|win|PokeStomp\n|raw|PokeStomp's rating: 1476 → 1493<\/strong> (+17 for winning)\n|raw|Mast0don's rating: 1417 → 1400<\/strong> (-17 for losing)\n","uploadtime":1683885748,"views":13,"p1id":"pokestomp","p2id":"mast0don","formatid":"gen9vgc2023regulationc","rating":1400,"private":0,"password":""}