{"id":"gen9vgc2023regulationc-1845155146","p1":"SteXe36","p2":"Sayo_love","format":"[Gen 9] VGC 2023 Regulation C","log":"|j|\u2606SteXe36\n|j|\u2606Sayo_love\n|t:|1681690140\n|gametype|doubles\n|player|p1|SteXe36|169|1269\n|player|p2|Sayo_love|swimmerf-gen4dp|1286\n|teamsize|p1|6\n|teamsize|p2|6\n|gen|9\n|tier|[Gen 9] VGC 2023 Regulation C\n|rated|\n|rule|Species Clause: Limit one of each Pok\u00e9mon\n|rule|Item Clause: Limit one of each item\n|clearpoke\n|poke|p1|Chien-Pao, L50|\n|poke|p1|Roaring Moon, L50|\n|poke|p1|Chi-Yu, L50|\n|poke|p1|Flutter Mane, L50|\n|poke|p1|Amoonguss, L50, F|\n|poke|p1|Slowbro, L50, M|\n|poke|p2|Chien-Pao, L50|\n|poke|p2|Amoonguss, L50, M|\n|poke|p2|Kingambit, L50, M|\n|poke|p2|Arcanine, L50, M|\n|poke|p2|Palafin, L50, F|\n|poke|p2|Flutter Mane, L50|\n|teampreview|4\n|inactive|Battle timer is ON: inactive players will automatically lose when time's up. (requested by SteXe36)\n|\n|t:|1681690180\n|start\n|switch|p1a: Chi-Yu|Chi-Yu, L50|100\/100\n|switch|p1b: Flutter Mane|Flutter Mane, L50|100\/100\n|switch|p2a: Arcanine|Arcanine, L50, M|100\/100\n|switch|p2b: Kingambit|Kingambit, L50, M|100\/100\n|-ability|p1a: Chi-Yu|Beads of Ruin\n|-ability|p2a: Arcanine|Intimidate|boost\n|-unboost|p1a: Chi-Yu|atk|1\n|-unboost|p1b: Flutter Mane|atk|1\n|turn|1\n|\n|t:|1681690204\n|-end|p1b: Flutter Mane|Protosynthesis|[silent]\n|switch|p1b: Slowbro|Slowbro, L50, M|100\/100\n|move|p2b: Kingambit|Protect|p2b: Kingambit\n|-singleturn|p2b: Kingambit|Protect\n|move|p1a: Chi-Yu|Heat Wave|p2a: Arcanine|[spread] p2a\n|-activate|p2b: Kingambit|move: Protect\n|-resisted|p2a: Arcanine\n|-damage|p2a: Arcanine|76\/100\n|move|p2a: Arcanine|Flare Blitz|p1b: Slowbro\n|-resisted|p1b: Slowbro\n|-damage|p1b: Slowbro|85\/100\n|-damage|p2a: Arcanine|59\/100|[from] item: Rocky Helmet|[of] p1b: Slowbro\n|-damage|p2a: Arcanine|54\/100|[from] Recoil\n|\n|upkeep\n|turn|2\n|\n|t:|1681690221\n|move|p2a: Arcanine|Extreme Speed|p1a: Chi-Yu\n|-damage|p1a: Chi-Yu|64\/100\n|move|p1a: Chi-Yu|Heat Wave|p2b: Kingambit|[spread] p2a\n|-miss|p1a: Chi-Yu|p2b: Kingambit\n|-resisted|p2a: Arcanine\n|-damage|p2a: Arcanine|31\/100\n|move|p2b: Kingambit|Kowtow Cleave|p1b: Slowbro\n|-supereffective|p1b: Slowbro\n|-damage|p1b: Slowbro|23\/100\n|-damage|p2b: Kingambit|84\/100|[from] item: Rocky Helmet|[of] p1b: Slowbro\n|move|p1b: Slowbro|Body Press|p2a: Arcanine\n|-damage|p2a: Arcanine|3\/100\n|\n|upkeep\n|turn|3\n|inactive|Sayo_love has 30 seconds left.\n|\n|t:|1681690247\n|switch|p1a: Flutter Mane|Flutter Mane, L50|100\/100\n|switch|p1b: Amoonguss|Amoonguss, L50, F|100\/100\n|move|p2a: Arcanine|Extreme Speed|p1a: Flutter Mane\n|-immune|p1a: Flutter Mane\n|move|p2b: Kingambit|Kowtow Cleave|p1b: Amoonguss\n|-damage|p1b: Amoonguss|53\/100\n|\n|upkeep\n|turn|4\n|inactive|SteXe36 has 30 seconds left.\n|\n|t:|1681690281\n|-terastallize|p2b: Kingambit|Flying\n|move|p2a: Arcanine|Protect|p2a: Arcanine\n|-singleturn|p2a: Arcanine|Protect\n|move|p1b: Amoonguss|Rage Powder|p1b: Amoonguss\n|-singleturn|p1b: Amoonguss|move: Rage Powder\n|move|p1a: Flutter Mane|Dazzling Gleam|p2a: Arcanine|[spread] p2b\n|-activate|p2a: Arcanine|move: Protect\n|-damage|p2b: Kingambit|36\/100\n|move|p2b: Kingambit|Iron Head|p1b: Amoonguss\n|-damage|p1b: Amoonguss|11\/100\n|-enditem|p1b: Amoonguss|Sitrus Berry|[eat]\n|-heal|p1b: Amoonguss|36\/100|[from] item: Sitrus Berry\n|\n|upkeep\n|turn|5\n|inactive|SteXe36 has 30 seconds left.\n|inactive|Sayo_love has 30 seconds left.\n|\n|t:|1681690315\n|move|p2a: Arcanine|Extreme Speed|p1a: Flutter Mane\n|-immune|p1a: Flutter Mane\n|move|p1b: Amoonguss|Rage Powder|p1b: Amoonguss\n|-singleturn|p1b: Amoonguss|move: Rage Powder\n|move|p1a: Flutter Mane|Dazzling Gleam|p2b: Kingambit|[spread] p2a,p2b\n|-resisted|p2a: Arcanine\n|-damage|p2a: Arcanine|0 fnt\n|-damage|p2b: Kingambit|0 fnt\n|faint|p2a: Arcanine\n|faint|p2b: Kingambit\n|\n|upkeep\n|\n|t:|1681690318\n|switch|p2a: Chien-Pao|Chien-Pao, L50|100\/100\n|switch|p2b: Flutter Mane|Flutter Mane, L50|100\/100\n|-ability|p2a: Chien-Pao|Sword of Ruin\n|turn|6\n|\n|t:|1681690342\n|move|p1b: Amoonguss|Protect|p1b: Amoonguss\n|-singleturn|p1b: Amoonguss|Protect\n|move|p1a: Flutter Mane|Dazzling Gleam|p2b: Flutter Mane|[spread] p2a,p2b\n|-supereffective|p2a: Chien-Pao\n|-enditem|p2a: Chien-Pao|Focus Sash\n|-damage|p2a: Chien-Pao|1\/100\n|-damage|p2b: Flutter Mane|58\/100\n|move|p2a: Chien-Pao|Ice Spinner|p1a: Flutter Mane\n|-damage|p1a: Flutter Mane|0 fnt\n|faint|p1a: Flutter Mane\n|-end|p1a: Flutter Mane|Protosynthesis|[silent]\n|move|p2b: Flutter Mane|Shadow Ball|p1b: Amoonguss\n|-activate|p1b: Amoonguss|move: Protect\n|\n|upkeep\n|\n|t:|1681690354\n|switch|p1a: Chi-Yu|Chi-Yu, L50|64\/100\n|-ability|p1a: Chi-Yu|Beads of Ruin\n|turn|7\n|\n|t:|1681690369\n|-terastallize|p1a: Chi-Yu|Dark\n|move|p2a: Chien-Pao|Protect|p2a: Chien-Pao\n|-singleturn|p2a: Chien-Pao|Protect\n|move|p1b: Amoonguss|Rage Powder|p1b: Amoonguss\n|-singleturn|p1b: Amoonguss|move: Rage Powder\n|move|p1a: Chi-Yu|Snarl|p2b: Flutter Mane|[spread] p2b\n|-activate|p2a: Chien-Pao|move: Protect\n|-damage|p2b: Flutter Mane|21\/100\n|-unboost|p2b: Flutter Mane|spa|1\n|move|p2b: Flutter Mane|Shadow Ball|p1b: Amoonguss\n|-damage|p1b: Amoonguss|0 fnt\n|faint|p1b: Amoonguss\n|\n|upkeep\n|\n|t:|1681690383\n|switch|p1b: Slowbro|Slowbro, L50, M|56\/100\n|turn|8\n|\n|t:|1681690388\n|move|p1a: Chi-Yu|Snarl|p2b: Flutter Mane|[spread] p2a,p2b\n|-resisted|p2a: Chien-Pao\n|-damage|p2a: Chien-Pao|0 fnt\n|-damage|p2b: Flutter Mane|0 fnt\n|faint|p2a: Chien-Pao\n|faint|p2b: Flutter Mane\n|-end|p2b: Flutter Mane|Protosynthesis|[silent]\n|\n|win|SteXe36\n|raw|SteXe36's rating: 1269 → 1295<\/strong> (+26 for winning)\n|raw|Sayo_love's rating: 1286 → 1260<\/strong> (-26 for losing)\n|l|\u2606SteXe36\n","uploadtime":1681690406,"views":15,"p1id":"stexe36","p2id":"sayolove","formatid":"gen9vgc2023regulationc","rating":1260,"private":0,"password":""}