{"id":"gen9vgc2023regulationc-1859395358","p1":"Rindonesian","p2":"L0LZ4N0m4","format":"[Gen 9] VGC 2023 Regulation C","log":"|j|\u2606Rindonesian\n|j|\u2606L0LZ4N0m4\n|t:|1683456547\n|gametype|doubles\n|player|p1|Rindonesian|2|1059\n|player|p2|L0LZ4N0m4|aromalady|1211\n|teamsize|p1|6\n|teamsize|p2|6\n|gen|9\n|tier|[Gen 9] VGC 2023 Regulation C\n|rated|\n|rule|Species Clause: Limit one of each Pok\u00e9mon\n|rule|Item Clause: Limit one of each item\n|clearpoke\n|poke|p1|Mimikyu, L50, M|\n|poke|p1|Toedscruel, L50, M|\n|poke|p1|Skeledirge, L50, F|\n|poke|p1|Tinkaton, L50, F|\n|poke|p1|Magnezone, L50|\n|poke|p1|Sableye, L50, M|\n|poke|p2|Tyranitar, L50, F|\n|poke|p2|Iron Bundle, L50|\n|poke|p2|Kingambit, L50, M|\n|poke|p2|Flutter Mane, L50|\n|poke|p2|Gyarados, L50, F|\n|poke|p2|Amoonguss, L50, F|\n|teampreview|4\n|inactive|Battle timer is ON: inactive players will automatically lose when time's up. (requested by L0LZ4N0m4)\n|inactive|Rindonesian has 60 seconds left.\n|inactive|L0LZ4N0m4 has 60 seconds left.\nRindonesian rejected open team sheets.\n|\n|t:|1683456598\n|start\n|switch|p1a: Mimikyu|Mimikyu, L50, M|100\/100\n|switch|p1b: Sableye|Sableye, L50, M, shiny|100\/100\n|switch|p2a: Gyarados|Gyarados, L50, F|100\/100\n|switch|p2b: Kingambit|Kingambit, L50, M|100\/100\n|-ability|p2a: Gyarados|Intimidate|boost\n|-unboost|p1a: Mimikyu|atk|1\n|-unboost|p1b: Sableye|atk|1\n|turn|1\n|\n|t:|1683456617\n|move|p1b: Sableye|Fake Out|p2b: Kingambit\n|-resisted|p2b: Kingambit\n|-damage|p2b: Kingambit|98\/100\n|move|p1a: Mimikyu|Swords Dance|p1a: Mimikyu\n|-boost|p1a: Mimikyu|atk|2\n|move|p2a: Gyarados|Thunder Wave|p1a: Mimikyu\n|-status|p1a: Mimikyu|par\n|cant|p2b: Kingambit|flinch\n|\n|upkeep\n|turn|2\n|inactive|Rindonesian has 30 seconds left.\n|inactive|Rindonesian has 20 seconds left.\n|\n|t:|1683456655\n|move|p2b: Kingambit|Sucker Punch|p1a: Mimikyu\n|-activate|p1a: Mimikyu|ability: Disguise\n|-damage|p1a: Mimikyu|100\/100 par\n|detailschange|p1a: Mimikyu|Mimikyu-Busted, L50, M\n|-damage|p1a: Mimikyu|88\/100 par|[from] pokemon: Mimikyu-Busted\n|move|p2a: Gyarados|Waterfall|p1a: Mimikyu\n|-damage|p1a: Mimikyu|33\/100 par\n|move|p1a: Mimikyu|Shadow Claw|p2b: Kingambit\n|-resisted|p2b: Kingambit\n|-damage|p2b: Kingambit|79\/100\n|move|p1b: Sableye|Foul Play|p2a: Gyarados\n|-damage|p2a: Gyarados|66\/100\n|\n|upkeep\n|turn|3\n|inactive|Rindonesian has 30 seconds left.\n|\n|t:|1683456685\n|move|p2a: Gyarados|Waterfall|p1a: Mimikyu\n|-damage|p1a: Mimikyu|0 fnt\n|faint|p1a: Mimikyu\n|move|p2b: Kingambit|Swords Dance|p2b: Kingambit\n|-boost|p2b: Kingambit|atk|2\n|move|p1b: Sableye|Knock Off|p2b: Kingambit\n|-resisted|p2b: Kingambit\n|-damage|p2b: Kingambit|72\/100\n|-enditem|p2b: Kingambit|Black Glasses|[from] move: Knock Off|[of] p1b: Sableye\n|\n|upkeep\n|\n|t:|1683456695\n|switch|p1a: Skeledirge|Skeledirge, L50, F|100\/100\n|turn|4\n|\n|t:|1683456705\n|-terastallize|p1a: Skeledirge|Fairy\n|move|p2b: Kingambit|Sucker Punch|p1a: Skeledirge\n|-resisted|p1a: Skeledirge\n|-damage|p1a: Skeledirge|84\/100\n|move|p1b: Sableye|Skill Swap|p1a: Skeledirge\n|-activate|p1b: Sableye|move: Skill Swap|||[of] p1a: Skeledirge\n|move|p2a: Gyarados|Waterfall|p1a: Skeledirge\n|-damage|p1a: Skeledirge|55\/100\n|move|p1a: Skeledirge|Heat Wave|p2a: Gyarados|[spread] p2a,p2b\n|-resisted|p2a: Gyarados\n|-supereffective|p2b: Kingambit\n|-damage|p2a: Gyarados|51\/100\n|-damage|p2b: Kingambit|0 fnt\n|faint|p2b: Kingambit\n|\n|upkeep\n|\n|t:|1683456714\n|switch|p2b: Tyranitar|Tyranitar, L50, F|100\/100\n|-weather|Sandstorm|[from] ability: Sand Stream|[of] p2b: Tyranitar\n|turn|5\n|\n|t:|1683456726\n|move|p1a: Skeledirge|Slack Off|p1a: Skeledirge\n|-heal|p1a: Skeledirge|100\/100\n|move|p2a: Gyarados|Thunder Wave|p1a: Skeledirge\n|-status|p1a: Skeledirge|par\n|move|p2b: Tyranitar|Iron Head|p1a: Skeledirge\n|-supereffective|p1a: Skeledirge\n|-damage|p1a: Skeledirge|47\/100 par\n|move|p1b: Sableye|Skill Swap|p2a: Gyarados\n|-activate|p1b: Sableye|move: Skill Swap|Intimidate|Unaware|[of] p2a: Gyarados\n|-ability|p1b: Sableye|Intimidate|boost\n|-unboost|p2a: Gyarados|atk|1\n|-unboost|p2b: Tyranitar|atk|1\n|\n|-weather|Sandstorm|[upkeep]\n|-damage|p2a: Gyarados|46\/100|[from] Sandstorm\n|-damage|p1b: Sableye|95\/100|[from] Sandstorm\n|-damage|p1a: Skeledirge|41\/100 par|[from] Sandstorm\n|-enditem|p2a: Gyarados|Sitrus Berry|[eat]\n|-heal|p2a: Gyarados|70\/100|[from] item: Sitrus Berry\n|upkeep\n|turn|6\n|inactive|L0LZ4N0m4 has 30 seconds left.\n|-activate|p2b: Tyranitar|item: Quick Claw\n|\n|t:|1683456752\n|switch|p1b: Magnezone|Magnezone, L50|100\/100\n|move|p1a: Skeledirge|Slack Off|p1a: Skeledirge\n|-heal|p1a: Skeledirge|91\/100 par\n|move|p2b: Tyranitar|Iron Head|p1a: Skeledirge\n|-supereffective|p1a: Skeledirge\n|-damage|p1a: Skeledirge|57\/100 par\n|move|p2a: Gyarados|Thunder Wave|p1b: Magnezone|[miss]\n|-miss|p2a: Gyarados|p1b: Magnezone\n|\n|-weather|Sandstorm|[upkeep]\n|-damage|p2a: Gyarados|64\/100|[from] Sandstorm\n|-damage|p1a: Skeledirge|50\/100 par|[from] Sandstorm\n|upkeep\n|turn|7\n|\n|t:|1683456773\n|-terastallize|p2a: Gyarados|Steel\n|move|p1a: Skeledirge|Slack Off|p1a: Skeledirge\n|-heal|p1a: Skeledirge|100\/100 par\n|move|p2a: Gyarados|Waterfall|p1a: Skeledirge\n|-damage|p1a: Skeledirge|81\/100 par\n|move|p2b: Tyranitar|Iron Head|p1a: Skeledirge\n|-supereffective|p1a: Skeledirge\n|-damage|p1a: Skeledirge|44\/100 par\n|move|p1b: Magnezone|Discharge|p2b: Tyranitar|[spread] p1a,p2a,p2b\n|-damage|p1a: Skeledirge|0 fnt\n|-damage|p2a: Gyarados|11\/100\n|-damage|p2b: Tyranitar|63\/100\n|faint|p1a: Skeledirge\n|\n|-weather|Sandstorm|[upkeep]\n|upkeep\n|\n|t:|1683456786\n|switch|p1a: Sableye|Sableye, L50, M, shiny|95\/100\n|turn|8\n|-activate|p2b: Tyranitar|item: Quick Claw\n|\n|t:|1683456807\n|move|p2a: Gyarados|Protect|p2a: Gyarados\n|-singleturn|p2a: Gyarados|Protect\n|move|p1a: Sableye|Fake Out|p2b: Tyranitar\n|-resisted|p2b: Tyranitar\n|-damage|p2b: Tyranitar|60\/100\n|cant|p2b: Tyranitar|flinch\n|move|p1b: Magnezone|Discharge|p2b: Tyranitar|[spread] p1a,p2b\n|-activate|p2a: Gyarados|move: Protect\n|-damage|p1a: Sableye|15\/100\n|-damage|p2b: Tyranitar|24\/100\n|-status|p1a: Sableye|par\n|-enditem|p1a: Sableye|Aguav Berry|[eat]\n|-heal|p1a: Sableye|48\/100 par|[from] item: Aguav Berry\n|\n|-weather|Sandstorm|[upkeep]\n|-damage|p1a: Sableye|42\/100 par|[from] Sandstorm\n|upkeep\n|turn|9\n|inactive|L0LZ4N0m4 has 30 seconds left.\n|-activate|p2b: Tyranitar|item: Quick Claw\n|\n|t:|1683456837\n|move|p2b: Tyranitar|Low Kick|p1b: Magnezone\n|-supereffective|p1b: Magnezone\n|-damage|p1b: Magnezone|52\/100\n|move|p2a: Gyarados|Waterfall|p1a: Sableye\n|-damage|p1a: Sableye|11\/100 par\n|move|p1b: Magnezone|Discharge|p2b: Tyranitar|[spread] p1a,p2a,p2b\n|-damage|p1a: Sableye|0 fnt\n|-damage|p2a: Gyarados|0 fnt\n|-damage|p2b: Tyranitar|0 fnt\n|faint|p1a: Sableye\n|faint|p2a: Gyarados\n|faint|p2b: Tyranitar\n|\n|-weather|none\n|upkeep\n|\n|t:|1683456842\n|switch|p2b: Iron Bundle|Iron Bundle, L50|100\/100\n|-enditem|p2b: Iron Bundle|Booster Energy\n|-activate|p2b: Iron Bundle|ability: Quark Drive|[fromitem]\n|-start|p2b: Iron Bundle|quarkdrivespe\n|turn|10\n|\n|t:|1683456861\n|move|p2b: Iron Bundle|Hydro Pump|p1b: Magnezone\n|-damage|p1b: Magnezone|0 fnt\n|faint|p1b: Magnezone\n|\n|win|L0LZ4N0m4\n|raw|Rindonesian's rating: 1059 → 1048<\/strong> (-11 for losing)\n|raw|L0LZ4N0m4's rating: 1211 → 1226<\/strong> (+15 for winning)\n|l|\u2606Rindonesian\n||Ladder isn't responding, score probably updated but might not have (Request timeout).\n","uploadtime":1683456952,"views":12,"p1id":"rindonesian","p2id":"l0lz4n0m4","formatid":"gen9vgc2023regulationc","rating":1048,"private":0,"password":""}