{"id":"gen9vgc2023regulationc-1849356658","p1":"Haxxson","p2":"knih9988","format":"[Gen 9] VGC 2023 Regulation C","log":"|j|\u2606Haxxson\n|j|\u2606knih9988\n|t:|1682189450\n|gametype|doubles\n|player|p1|Haxxson|marshal|1084\n|player|p2|knih9988|swimmer|1028\n|teamsize|p1|6\n|teamsize|p2|6\n|gen|9\n|tier|[Gen 9] VGC 2023 Regulation C\n|rated|\n|rule|Species Clause: Limit one of each Pok\u00e9mon\n|rule|Item Clause: Limit one of each item\n|clearpoke\n|poke|p1|Espeon, L50, M|\n|poke|p1|Toedscruel, L50, M|\n|poke|p1|Stantler, L50, M|\n|poke|p1|Annihilape, L50, M|\n|poke|p1|Maushold-Four, L50|\n|poke|p1|Volcarona, L50, M|\n|poke|p2|Lycanroc-Midnight, L50, M|\n|poke|p2|Bronzong, L50|\n|poke|p2|Tatsugiri-Stretchy, L50, F|\n|poke|p2|Dondozo, L50, M|\n|poke|p2|Dugtrio, L50, M|\n|poke|p2|Cubchoo, L50, F|\n|teampreview|4\n|inactive|Battle timer is ON: inactive players will automatically lose when time's up. (requested by Haxxson)\nknih9988 rejected open team sheets.\n|\n|t:|1682189473\n|start\n|switch|p1a: Espeon|Espeon, L50, M|100\/100\n|switch|p1b: Toedscruel|Toedscruel, L50, M|100\/100\n|switch|p2a: Lycanroc|Lycanroc-Midnight, L50, M|100\/100\n|switch|p2b: Bronzong|Bronzong, L50|100\/100\n|turn|1\n|\n|t:|1682189498\n|move|p1a: Espeon|Skill Swap|p1b: Toedscruel\n|-activate|p1a: Espeon|move: Skill Swap|||[of] p1b: Toedscruel\n|move|p2a: Lycanroc|Stone Edge|p1b: Toedscruel\n|-resisted|p1b: Toedscruel\n|-damage|p1b: Toedscruel|55\/100\n|move|p2b: Bronzong|Skill Swap|p2a: Lycanroc\n|-activate|p2b: Bronzong|move: Skill Swap|||[of] p2a: Lycanroc\n|move|p1b: Toedscruel|Spore|p2b: Bronzong\n|-status|p2b: Bronzong|slp|[from] move: Spore\n|\n|upkeep\n|turn|2\n|inactive|Haxxson has 30 seconds left.\n|inactive|Haxxson has 20 seconds left.\n|\n|t:|1682189533\n|cant|p2b: Bronzong|slp\n|move|p1a: Espeon|Grass Knot|p2a: Lycanroc\n|-supereffective|p2a: Lycanroc\n|-damage|p2a: Lycanroc|37\/100\n|move|p1b: Toedscruel|Hex|p2b: Bronzong\n|-supereffective|p2b: Bronzong\n|-damage|p2b: Bronzong|58\/100 slp\n|move|p2a: Lycanroc|Stone Edge|p1b: Toedscruel\n|-resisted|p1b: Toedscruel\n|-damage|p1b: Toedscruel|11\/100\n|-enditem|p1b: Toedscruel|Sitrus Berry|[eat]\n|-heal|p1b: Toedscruel|35\/100|[from] item: Sitrus Berry\n|\n|upkeep\n|turn|3\n|\n|t:|1682189557\n|cant|p2b: Bronzong|slp\n|move|p1a: Espeon|Grass Knot|p2a: Lycanroc\n|-supereffective|p2a: Lycanroc\n|-damage|p2a: Lycanroc|0 fnt\n|faint|p2a: Lycanroc\n|move|p1b: Toedscruel|Hex|p2b: Bronzong\n|-supereffective|p2b: Bronzong\n|-damage|p2b: Bronzong|17\/100 slp\n|-enditem|p2b: Bronzong|Sitrus Berry|[eat]\n|-heal|p2b: Bronzong|41\/100 slp|[from] item: Sitrus Berry\n|\n|upkeep\n|\n|t:|1682189569\n|switch|p2a: Dondozo|Dondozo, L50, M|100\/100\n|turn|4\n|\n|t:|1682189584\n|move|p1a: Espeon|Grass Knot|p2a: Dondozo\n|-supereffective|p2a: Dondozo\n|-damage|p2a: Dondozo|27\/100\n|move|p1b: Toedscruel|Spore|p2a: Dondozo\n|-status|p2a: Dondozo|slp|[from] move: Spore\n|cant|p2a: Dondozo|slp\n|cant|p2b: Bronzong|slp\n|\n|-heal|p2a: Dondozo|34\/100 slp|[from] item: Leftovers\n|upkeep\n|turn|5\n|\n|t:|1682189609\n|-terastallize|p2a: Dondozo|Steel\n|-curestatus|p2a: Dondozo|slp|[msg]\n|move|p2a: Dondozo|Protect|p2a: Dondozo\n|-singleturn|p2a: Dondozo|Protect\n|move|p1a: Espeon|Grass Knot|p2a: Dondozo\n|-activate|p2a: Dondozo|move: Protect\n|move|p1b: Toedscruel|Hex|p2b: Bronzong\n|-supereffective|p2b: Bronzong\n|-damage|p2b: Bronzong|0 fnt\n|faint|p2b: Bronzong\n|\n|-heal|p2a: Dondozo|40\/100|[from] item: Leftovers\n|upkeep\n|-message|knih9988 forfeited.\n|\n|win|Haxxson\n|raw|Haxxson's rating: 1084 → 1107<\/strong> (+23 for winning)\n|raw|knih9988's rating: 1028 → 1016<\/strong> (-12 for losing)\n|l|\u2606knih9988\n","uploadtime":1682189631,"views":8,"p1id":"haxxson","p2id":"knih9988","formatid":"gen9vgc2023regulationc","rating":1016,"private":0,"password":""}