{"id":"gen9vgc2023regulationc-1846457379","p1":"oopsycanyousee","p2":"0ree0","format":"[Gen 9] VGC 2023 Regulation C","log":"|j|\u2606oopsycanyousee\n|j|\u26060ree0\n|t:|1681842424\n|gametype|doubles\n|player|p1|oopsycanyousee|beauty-gen5bw2|1171\n|player|p2|0ree0|proton|1187\n|teamsize|p1|6\n|teamsize|p2|6\n|gen|9\n|tier|[Gen 9] VGC 2023 Regulation C\n|rated|\n|rule|Species Clause: Limit one of each Pok\u00e9mon\n|rule|Item Clause: Limit one of each item\n|clearpoke\n|poke|p1|Arcanine, L50, M|\n|poke|p1|Palafin, L50, F|\n|poke|p1|Amoonguss, L50, F|\n|poke|p1|Flutter Mane, L50|\n|poke|p1|Chien-Pao, L50|\n|poke|p1|Dragonite, L50, M|\n|poke|p2|Chien-Pao, L50|\n|poke|p2|Tinkaton, L50, F|\n|poke|p2|Palafin, L50, M|\n|poke|p2|Roaring Moon, L50|\n|poke|p2|Glimmora, L50, M|\n|poke|p2|Volcarona, L50, F|\n|teampreview|4\n|\n|t:|1681842482\n|start\n|switch|p1a: Arcanine|Arcanine, L50, M|100\/100\n|switch|p1b: Palafin|Palafin, L50, F|100\/100\n|switch|p2a: Glimmora|Glimmora, L50, M|100\/100\n|switch|p2b: Palafin|Palafin, L50, M|100\/100\n|-ability|p1a: Arcanine|Intimidate|boost\n|-unboost|p2a: Glimmora|atk|1\n|-unboost|p2b: Palafin|atk|1\n|turn|1\n|\n|t:|1681842518\n|detailschange|p2b: Palafin|Palafin-Hero, L50, M\n|switch|p2b: Volcarona|Volcarona, L50, F|100\/100\n|switch|p1a: Amoonguss|Amoonguss, L50, F|100\/100\n|move|p2a: Glimmora|Power Gem|p1a: Amoonguss\n|-damage|p1a: Amoonguss|54\/100\n|move|p1b: Palafin|Wave Crash|p2a: Glimmora\n|-supereffective|p2a: Glimmora\n|-damage|p2a: Glimmora|0 fnt\n|-activate|p2a: Glimmora|ability: Toxic Debris\n|-sidestart|p1: oopsycanyousee|move: Toxic Spikes\n|faint|p2a: Glimmora\n|-damage|p1b: Palafin|75\/100|[from] Recoil\n|\n|upkeep\n|\n|t:|1681842537\n|switch|p2a: Chien-Pao|Chien-Pao, L50|100\/100\n|-ability|p2a: Chien-Pao|Sword of Ruin\n|turn|2\n|\n|t:|1681842561\n|detailschange|p1b: Palafin|Palafin-Hero, L50, F\n|switch|p1b: Arcanine|Arcanine, L50, M|100\/100\n|-status|p1b: Arcanine|psn\n|-ability|p1b: Arcanine|Intimidate|boost\n|-unboost|p2a: Chien-Pao|atk|1\n|-unboost|p2b: Volcarona|atk|1\n|-terastallize|p1a: Amoonguss|Water\n|move|p2a: Chien-Pao|Protect|p2a: Chien-Pao\n|-singleturn|p2a: Chien-Pao|Protect\n|move|p2b: Volcarona|Quiver Dance|p2b: Volcarona\n|-boost|p2b: Volcarona|spa|1\n|-boost|p2b: Volcarona|spd|1\n|-boost|p2b: Volcarona|spe|1\n|move|p1a: Amoonguss|Spore|p2b: Volcarona\n|-activate|p2b: Volcarona|item: Safety Goggles|Spore\n|\n|-damage|p1b: Arcanine|88\/100 psn|[from] psn\n|upkeep\n|turn|3\n|\n|t:|1681842596\n|-terastallize|p2a: Chien-Pao|Dark\n|move|p2b: Volcarona|Heat Wave|p1b: Arcanine|[spread] p1a,p1b\n|-resisted|p1a: Amoonguss\n|-resisted|p1b: Arcanine\n|-damage|p1a: Amoonguss|32\/100\n|-damage|p1b: Arcanine|65\/100 psn\n|-enditem|p1a: Amoonguss|Sitrus Berry|[eat]\n|-heal|p1a: Amoonguss|57\/100|[from] item: Sitrus Berry\n|move|p2a: Chien-Pao|Throat Chop|p1b: Arcanine\n|-damage|p1b: Arcanine|16\/100 psn\n|-start|p1b: Arcanine|Throat Chop|[silent]\n|move|p1b: Arcanine|Flare Blitz|p2b: Volcarona\n|-damage|p2b: Volcarona|37\/100\n|-damage|p1b: Arcanine|0 fnt|[from] Recoil\n|faint|p1b: Arcanine\n|move|p1a: Amoonguss|Pollen Puff|p1: Arcanine|[notarget]\n|-fail|p1a: Amoonguss\n|\n|upkeep\n|inactive|Battle timer is ON: inactive players will automatically lose when time's up. (requested by 0ree0)\n|\n|t:|1681842640\n|switch|p1b: Palafin|Palafin-Hero, L50, F|75\/100\n|-status|p1b: Palafin|psn\n|-activate|p1b: Palafin|ability: Zero to Hero\n|turn|4\n|inactive|oopsycanyousee has 30 seconds left.\n|inactive|0ree0 has 30 seconds left.\n|\n|t:|1681842670\n|move|p2b: Volcarona|Protect|p2b: Volcarona\n|-singleturn|p2b: Volcarona|Protect\n|move|p1a: Amoonguss|Rage Powder|p1a: Amoonguss\n|-singleturn|p1a: Amoonguss|move: Rage Powder\n|move|p2a: Chien-Pao|Throat Chop|p1a: Amoonguss\n|-damage|p1a: Amoonguss|13\/100\n|-start|p1a: Amoonguss|Throat Chop|[silent]\n|move|p1b: Palafin|Wave Crash|p2a: Chien-Pao\n|-enditem|p2a: Chien-Pao|Focus Sash\n|-damage|p2a: Chien-Pao|1\/100\n|-damage|p1b: Palafin|50\/100 psn|[from] Recoil\n|\n|-damage|p1b: Palafin|38\/100 psn|[from] psn\n|upkeep\n|turn|5\n|inactive|oopsycanyousee has 30 seconds left.\n|inactive|oopsycanyousee has 20 seconds left.\n|\n|t:|1681842707\n|move|p2a: Chien-Pao|Protect|p2a: Chien-Pao\n|-singleturn|p2a: Chien-Pao|Protect\n|move|p1a: Amoonguss|Rage Powder|p1a: Amoonguss\n|-singleturn|p1a: Amoonguss|move: Rage Powder\n|move|p2b: Volcarona|Heat Wave|p1b: Palafin|[spread] p1a\n|-miss|p2b: Volcarona|p1b: Palafin\n|-resisted|p1a: Amoonguss\n|-damage|p1a: Amoonguss|0 fnt\n|faint|p1a: Amoonguss\n|move|p1b: Palafin|Haze|p1b: Palafin\n|-clearallboost\n|\n|-damage|p1b: Palafin|26\/100 psn|[from] psn\n|upkeep\n|\n|t:|1681842717\n|switch|p1a: Flutter Mane|Flutter Mane, L50|100\/100\n|-status|p1a: Flutter Mane|psn\n|-enditem|p1a: Flutter Mane|Booster Energy\n|-activate|p1a: Flutter Mane|ability: Protosynthesis|[fromitem]\n|-start|p1a: Flutter Mane|protosynthesisspa\n|turn|6\n|inactive|0ree0 has 30 seconds left.\n|inactive|0ree0 has 20 seconds left.\n|inactive|0ree0 has 15 seconds left.\n|\n|t:|1681842758\n|move|p2a: Chien-Pao|Protect||[still]\n|-fail|p2a: Chien-Pao\n|move|p2b: Volcarona|Protect|p2b: Volcarona\n|-singleturn|p2b: Volcarona|Protect\n|move|p1b: Palafin|Jet Punch|p2a: Chien-Pao\n|-damage|p2a: Chien-Pao|0 fnt\n|faint|p2a: Chien-Pao\n|move|p1a: Flutter Mane|Shadow Ball|p2b: Volcarona\n|-activate|p2b: Volcarona|move: Protect\n|\n|-damage|p1a: Flutter Mane|89\/100 psn|[from] psn\n|-damage|p1b: Palafin|14\/100 psn|[from] psn\n|upkeep\n|\n|t:|1681842771\n|switch|p2a: Palafin|Palafin-Hero, L50, M|100\/100\n|-activate|p2a: Palafin|ability: Zero to Hero\n|turn|7\n|inactive|oopsycanyousee has 30 seconds left.\n|inactive|0ree0 has 30 seconds left.\n|\n|t:|1681842811\n|move|p2a: Palafin|Jet Punch|p1a: Flutter Mane\n|-damage|p1a: Flutter Mane|15\/100 psn\n|move|p1b: Palafin|Jet Punch|p2b: Volcarona\n|-supereffective|p2b: Volcarona\n|-damage|p2b: Volcarona|0 fnt\n|faint|p2b: Volcarona\n|move|p1a: Flutter Mane|Moonblast|p2a: Palafin\n|-damage|p2a: Palafin|42\/100\n|\n|-damage|p1a: Flutter Mane|3\/100 psn|[from] psn\n|-damage|p1b: Palafin|1\/100 psn|[from] psn\n|upkeep\n|turn|8\n|\n|t:|1681842827\n|move|p2a: Palafin|Protect|p2a: Palafin\n|-singleturn|p2a: Palafin|Protect\n|move|p1a: Flutter Mane|Moonblast|p2a: Palafin\n|-activate|p2a: Palafin|move: Protect\n|move|p1b: Palafin|Wave Crash|p2a: Palafin\n|-activate|p2a: Palafin|move: Protect\n|\n|-damage|p1a: Flutter Mane|0 fnt|[from] psn\n|faint|p1a: Flutter Mane\n|-end|p1a: Flutter Mane|Protosynthesis|[silent]\n|-damage|p1b: Palafin|0 fnt|[from] psn\n|faint|p1b: Palafin\n|\n|win|0ree0\n|upkeep\n|raw|oopsycanyousee's rating: 1171 → 1147<\/strong> (-24 for losing)\n|raw|0ree0's rating: 1187 → 1211<\/strong> (+24 for winning)\n|l|\u26060ree0\n","uploadtime":1681842856,"views":12,"p1id":"oopsycanyousee","p2id":"0ree0","formatid":"gen9vgc2023regulationc","rating":1147,"private":0,"password":""}