{"id":"gen9vgc2023regulationc-1848477610","p1":"JendodoJendo","p2":"SevveN","format":"[Gen 9] VGC 2023 Regulation C","log":"|j|\u2606JendodoJendo\n|j|\u2606SevveN\n|t:|1682082637\n|gametype|doubles\n|player|p1|JendodoJendo|pokemaniac|1386\n|player|p2|SevveN|170|1301\n|teamsize|p1|6\n|teamsize|p2|6\n|gen|9\n|tier|[Gen 9] VGC 2023 Regulation C\n|rated|\n|rule|Species Clause: Limit one of each Pok\u00e9mon\n|rule|Item Clause: Limit one of each item\n|clearpoke\n|poke|p1|Dragonite, L50, M|\n|poke|p1|Ting-Lu, L50|\n|poke|p1|Chien-Pao, L50|\n|poke|p1|Kingambit, L50, M|\n|poke|p1|Flutter Mane, L50|\n|poke|p1|Gyarados, L50, F|\n|poke|p2|Ceruledge, L50, M|\n|poke|p2|Amoonguss, L50, F|\n|poke|p2|Sableye, L50, F|\n|poke|p2|Kingambit, L50, F|\n|poke|p2|Flutter Mane, L50|\n|poke|p2|Iron Bundle, L50|\n|teampreview|4\n|inactive|Battle timer is ON: inactive players will automatically lose when time's up. (requested by JendodoJendo)\n|\n|t:|1682082663\n|start\n|switch|p1a: Ting-Lu|Ting-Lu, L50|100\/100\n|switch|p1b: Kingambit|Kingambit, L50, M|100\/100\n|switch|p2a: Iron Bundle|Iron Bundle, L50|100\/100\n|switch|p2b: Sableye|Sableye, L50, F|100\/100\n|-ability|p1a: Ting-Lu|Vessel of Ruin\n|-enditem|p2a: Iron Bundle|Booster Energy\n|-activate|p2a: Iron Bundle|ability: Quark Drive|[fromitem]\n|-start|p2a: Iron Bundle|quarkdrivespe\n|turn|1\n|inactive|JendodoJendo has 30 seconds left.\n|\n|t:|1682082693\n|move|p2a: Iron Bundle|Protect|p2a: Iron Bundle\n|-singleturn|p2a: Iron Bundle|Protect\n|move|p2b: Sableye|Reflect|p2b: Sableye\n|-sidestart|p2: SevveN|Reflect\n|move|p1a: Ting-Lu|Rock Slide|p2a: Iron Bundle|[spread] \n|-activate|p2a: Iron Bundle|move: Protect\n|-miss|p1a: Ting-Lu|p2b: Sableye\n|move|p1b: Kingambit|Assurance|p2b: Sableye\n|-damage|p2b: Sableye|64\/100\n|\n|upkeep\n|turn|2\n|\n|t:|1682082713\n|switch|p2b: Amoonguss|Amoonguss, L50, F, shiny|100\/100\n|move|p2a: Iron Bundle|Hydro Pump|p1a: Ting-Lu\n|-supereffective|p1a: Ting-Lu\n|-damage|p1a: Ting-Lu|65\/100\n|move|p1a: Ting-Lu|Heavy Slam|p2a: Iron Bundle\n|-damage|p2a: Iron Bundle|79\/100\n|move|p1b: Kingambit|Assurance|p2a: Iron Bundle\n|-damage|p2a: Iron Bundle|13\/100\n|\n|upkeep\n|turn|3\n|\n|t:|1682082728\n|move|p2a: Iron Bundle|Protect|p2a: Iron Bundle\n|-singleturn|p2a: Iron Bundle|Protect\n|move|p1a: Ting-Lu|Ruination|p2b: Amoonguss\n|-damage|p2b: Amoonguss|50\/100\n|-enditem|p2b: Amoonguss|Sitrus Berry|[eat]\n|-heal|p2b: Amoonguss|75\/100|[from] item: Sitrus Berry\n|move|p1b: Kingambit|Assurance|p2b: Amoonguss\n|-damage|p2b: Amoonguss|29\/100\n|move|p2b: Amoonguss|Spore|p1a: Ting-Lu\n|-status|p1a: Ting-Lu|slp|[from] move: Spore\n|\n|upkeep\n|turn|4\n|\n|t:|1682082746\n|switch|p1a: Flutter Mane|Flutter Mane, L50|100\/100\n|-enditem|p1a: Flutter Mane|Booster Energy\n|-activate|p1a: Flutter Mane|ability: Protosynthesis|[fromitem]\n|-start|p1a: Flutter Mane|protosynthesisspa\n|switch|p2b: Sableye|Sableye, L50, F|64\/100\n|move|p1b: Kingambit|Sucker Punch|p2a: Iron Bundle\n|-damage|p2a: Iron Bundle|0 fnt\n|faint|p2a: Iron Bundle\n|-end|p2a: Iron Bundle|Quark Drive|[silent]\n|\n|upkeep\n|\n|t:|1682082756\n|switch|p2a: Ceruledge|Ceruledge, L50, M, shiny|100\/100\n|turn|5\n|\n|t:|1682082768\n|-terastallize|p1a: Flutter Mane|Fairy\n|-terastallize|p2a: Ceruledge|Grass\n|move|p2b: Sableye|Light Screen|p2b: Sableye\n|-sidestart|p2: SevveN|move: Light Screen\n|move|p1a: Flutter Mane|Moonblast|p2b: Sableye\n|-supereffective|p2b: Sableye\n|-damage|p2b: Sableye|0 fnt\n|faint|p2b: Sableye\n|move|p2a: Ceruledge|Bitter Blade|p1a: Flutter Mane\n|-damage|p1a: Flutter Mane|6\/100\n|move|p1b: Kingambit|Assurance|p2a: Ceruledge\n|-damage|p2a: Ceruledge|65\/100\n|\n|upkeep\n|\n|t:|1682082780\n|switch|p2b: Amoonguss|Amoonguss, L50, F, shiny|62\/100\n|turn|6\n|\n|t:|1682082799\n|move|p2b: Amoonguss|Protect|p2b: Amoonguss\n|-singleturn|p2b: Amoonguss|Protect\n|move|p1a: Flutter Mane|Shadow Ball|p2b: Amoonguss\n|-activate|p2b: Amoonguss|move: Protect\n|move|p2a: Ceruledge|Bitter Blade|p1b: Kingambit\n|-supereffective|p1b: Kingambit\n|-damage|p1b: Kingambit|28\/100\n|-heal|p2a: Ceruledge|100\/100|[from] drain|[of] p1b: Kingambit\n|move|p1b: Kingambit|Assurance|p2b: Amoonguss\n|-activate|p2b: Amoonguss|move: Protect\n|\n|upkeep\n|turn|7\n|\n|t:|1682082817\n|move|p1a: Flutter Mane|Shadow Ball|p2b: Amoonguss\n|-damage|p2b: Amoonguss|29\/100\n|move|p2a: Ceruledge|Bulk Up|p2a: Ceruledge\n|-boost|p2a: Ceruledge|atk|1\n|-boost|p2a: Ceruledge|def|1\n|move|p1b: Kingambit|Assurance|p2b: Amoonguss\n|-damage|p2b: Amoonguss|0 fnt\n|faint|p2b: Amoonguss\n|\n|upkeep\n|turn|8\n|\n|t:|1682082832\n|move|p1b: Kingambit|Sucker Punch|p2a: Ceruledge\n|-damage|p2a: Ceruledge|73\/100\n|move|p1a: Flutter Mane|Moonblast|p2a: Ceruledge\n|-damage|p2a: Ceruledge|7\/100\n|move|p2a: Ceruledge|Bitter Blade|p1a: Flutter Mane\n|-damage|p1a: Flutter Mane|0 fnt\n|-heal|p2a: Ceruledge|10\/100|[from] drain|[of] p1a: Flutter Mane\n|faint|p1a: Flutter Mane\n|-end|p1a: Flutter Mane|Protosynthesis|[silent]\n|\n|-sideend|p2: SevveN|Reflect\n|upkeep\n|\n|t:|1682082842\n|switch|p1a: Chien-Pao|Chien-Pao, L50|100\/100\n|-ability|p1a: Chien-Pao|Sword of Ruin\n|turn|9\n|\n|t:|1682082848\n|move|p1b: Kingambit|Sucker Punch|p2a: Ceruledge\n|-damage|p2a: Ceruledge|0 fnt\n|faint|p2a: Ceruledge\n|\n|win|JendodoJendo\n|raw|JendodoJendo's rating: 1386 → 1401<\/strong> (+15 for winning)\n|raw|SevveN's rating: 1301 → 1286<\/strong> (-15 for losing)\n","uploadtime":1682082852,"views":20,"p1id":"jendodojendo","p2id":"sevven","formatid":"gen9vgc2023regulationc","rating":1286,"private":0,"password":""}