{"id":"gen9vgc2023regulationc-1844847780","p1":"DineroCooper","p2":"MistressQueenM","format":"[Gen 9] VGC 2023 Regulation C","log":"|j|\u2606DineroCooper\n|j|\u203dMistressQueenM\n|t:|1681656020\n|gametype|doubles\n|player|p1|DineroCooper|policeman-gen4|1186\n|player|p2|MistressQueenM|veteranf|1287\n|teamsize|p1|6\n|teamsize|p2|6\n|gen|9\n|tier|[Gen 9] VGC 2023 Regulation C\n|rated|\n|rule|Species Clause: Limit one of each Pok\u00e9mon\n|rule|Item Clause: Limit one of each item\n|clearpoke\n|poke|p1|Garganacl, L50, M|\n|poke|p1|Annihilape, L50, M|\n|poke|p1|Dragapult, L50, F|\n|poke|p1|Chien-Pao, L50|\n|poke|p1|Amoonguss, L50, F|\n|poke|p1|Flutter Mane, L50|\n|poke|p2|Wo-Chien, L50|\n|poke|p2|Torkoal, L50, M|\n|poke|p2|Garganacl, L50, M|\n|poke|p2|Great Tusk, L50|\n|poke|p2|Murkrow, L50, M|\n|poke|p2|Farigiraf, L50, M|\n|teampreview|4\n|\n|t:|1681656032\n|start\n|switch|p1a: Annihilape|Annihilape, L50, M|100\/100\n|switch|p1b: Chien-Pao|Chien-Pao, L50|100\/100\n|switch|p2a: Great Tusk|Great Tusk, L50|100\/100\n|switch|p2b: Torkoal|Torkoal, L50, M, shiny|100\/100\n|-ability|p1b: Chien-Pao|Sword of Ruin\n|-weather|SunnyDay|[from] ability: Drought|[of] p2b: Torkoal\n|-activate|p2a: Great Tusk|ability: Protosynthesis\n|-start|p2a: Great Tusk|protosynthesisatk\n|turn|1\n|inactive|Battle timer is ON: inactive players will automatically lose when time's up. (requested by MistressQueenM)\n|\n|t:|1681656054\n|move|p1b: Chien-Pao|Protect|p1b: Chien-Pao\n|-singleturn|p1b: Chien-Pao|Protect\n|move|p2a: Great Tusk|Protect|p2a: Great Tusk\n|-singleturn|p2a: Great Tusk|Protect\n|move|p1a: Annihilape|Final Gambit|p2a: Great Tusk\n|-activate|p2a: Great Tusk|move: Protect\n|move|p2b: Torkoal|Heat Wave|p1a: Annihilape|[spread] p1a\n|-activate|p1b: Chien-Pao|move: Protect\n|-damage|p1a: Annihilape|53\/100\n|\n|-weather|SunnyDay|[upkeep]\n|upkeep\n|turn|2\n|\n|t:|1681656064\n|-terastallize|p2a: Great Tusk|Ground\n|move|p2b: Torkoal|Protect|p2b: Torkoal\n|-singleturn|p2b: Torkoal|Protect\n|move|p1b: Chien-Pao|Ice Shard|p2a: Great Tusk\n|-supereffective|p2a: Great Tusk\n|-damage|p2a: Great Tusk|59\/100\n|move|p1a: Annihilape|Final Gambit|p2a: Great Tusk\n|-damage|p2a: Great Tusk|0 fnt\n|faint|p1a: Annihilape\n|faint|p2a: Great Tusk\n|-end|p2a: Great Tusk|Protosynthesis|[silent]\n|\n|-weather|SunnyDay|[upkeep]\n|upkeep\n|\n|t:|1681656078\n|switch|p1a: Flutter Mane|Flutter Mane, L50|100\/100\n|switch|p2a: Garganacl|Garganacl, L50, M, shiny|100\/100\n|-activate|p1a: Flutter Mane|ability: Protosynthesis\n|-start|p1a: Flutter Mane|protosynthesisspe\n|turn|3\n|\n|t:|1681656096\n|move|p2a: Garganacl|Wide Guard|p2a: Garganacl\n|-singleturn|p2a: Garganacl|Wide Guard\n|move|p1a: Flutter Mane|Dazzling Gleam|p2b: Torkoal|[spread] \n|-activate|p2a: Garganacl|move: Wide Guard\n|-activate|p2b: Torkoal|move: Wide Guard\n|move|p1b: Chien-Pao|Sacred Sword|p2a: Garganacl\n|-supereffective|p2a: Garganacl\n|-damage|p2a: Garganacl|49\/100\n|move|p2b: Torkoal|Heat Wave|p1a: Flutter Mane|[spread] p1a,p1b\n|-supereffective|p1b: Chien-Pao\n|-damage|p1a: Flutter Mane|56\/100\n|-enditem|p1b: Chien-Pao|Focus Sash\n|-damage|p1b: Chien-Pao|1\/100\n|\n|-weather|SunnyDay|[upkeep]\n|-heal|p2a: Garganacl|55\/100|[from] item: Leftovers\n|upkeep\n|turn|4\n|\n|t:|1681656114\n|move|p1b: Chien-Pao|Protect|p1b: Chien-Pao\n|-singleturn|p1b: Chien-Pao|Protect\n|move|p1a: Flutter Mane|Dazzling Gleam|p2b: Torkoal|[spread] p2a,p2b\n|-resisted|p2b: Torkoal\n|-damage|p2a: Garganacl|30\/100\n|-damage|p2b: Torkoal|75\/100\n|move|p2a: Garganacl|Recover|p2a: Garganacl\n|-heal|p2a: Garganacl|81\/100\n|move|p2b: Torkoal|Heat Wave|p1b: Chien-Pao|[spread] p1a\n|-activate|p1b: Chien-Pao|move: Protect\n|-damage|p1a: Flutter Mane|13\/100\n|\n|-weather|SunnyDay|[upkeep]\n|-heal|p2a: Garganacl|86\/100|[from] item: Leftovers\n|upkeep\n|turn|5\n|\n|t:|1681656127\n|move|p2a: Garganacl|Wide Guard|p2a: Garganacl\n|-singleturn|p2a: Garganacl|Wide Guard\n|move|p1a: Flutter Mane|Dazzling Gleam|p2b: Torkoal|[spread] \n|-activate|p2a: Garganacl|move: Wide Guard\n|-activate|p2b: Torkoal|move: Wide Guard\n|move|p1b: Chien-Pao|Sacred Sword|p2a: Garganacl\n|-supereffective|p2a: Garganacl\n|-damage|p2a: Garganacl|29\/100\n|move|p2b: Torkoal|Heat Wave|p1a: Flutter Mane|[spread] p1a,p1b\n|-supereffective|p1b: Chien-Pao\n|-damage|p1a: Flutter Mane|0 fnt\n|-damage|p1b: Chien-Pao|0 fnt\n|faint|p1a: Flutter Mane\n|-end|p1a: Flutter Mane|Protosynthesis|[silent]\n|faint|p1b: Chien-Pao\n|\n|-weather|none\n|-heal|p2a: Garganacl|34\/100|[from] item: Leftovers\n|upkeep\n|\n|t:|1681656132\n|switch|p1a: Dragapult|Dragapult, L50, F|100\/100\n|turn|6\n|\n|t:|1681656140\n|move|p1a: Dragapult|Dragon Darts|p2a: Garganacl\n|-damage|p2a: Garganacl|8\/100\n|-anim|p1a: Dragapult|Dragon Darts|p2b: Torkoal\n|-damage|p2b: Torkoal|48\/100\n|move|p2a: Garganacl|Salt Cure|p1a: Dragapult\n|-damage|p1a: Dragapult|82\/100\n|-start|p1a: Dragapult|Salt Cure\n|move|p2b: Torkoal|Heat Wave|p1a: Dragapult\n|-resisted|p1a: Dragapult\n|-damage|p1a: Dragapult|48\/100\n|-status|p1a: Dragapult|brn\n|\n|-heal|p2a: Garganacl|14\/100|[from] item: Leftovers\n|-damage|p1a: Dragapult|42\/100 brn|[from] brn\n|-damage|p1a: Dragapult|30\/100 brn|[from] Salt Cure\n|upkeep\n|turn|7\n|\n|t:|1681656150\n|-terastallize|p1a: Dragapult|Steel\n|move|p1a: Dragapult|Dragon Darts|p2a: Garganacl\n|-damage|p2a: Garganacl|0 fnt\n|-anim|p1a: Dragapult|Dragon Darts|p2b: Torkoal\n|-damage|p2b: Torkoal|35\/100\n|faint|p2a: Garganacl\n|move|p2b: Torkoal|Heat Wave|p1a: Dragapult\n|-supereffective|p1a: Dragapult\n|-crit|p1a: Dragapult\n|-damage|p1a: Dragapult|0 fnt\n|faint|p1a: Dragapult\n|\n|win|MistressQueenM\n|raw|DineroCooper's rating: 1186 → 1168<\/strong> (-18 for losing)\n|raw|MistressQueenM's rating: 1287 → 1305<\/strong> (+18 for winning)\n|l|\u2606DineroCooper\n","uploadtime":1681656184,"views":14,"p1id":"dinerocooper","p2id":"mistressqueenm","formatid":"gen9vgc2023regulationc","rating":1168,"private":0,"password":""}