{"id":"gen9vgc2023regulationc-1859131353","p1":"tfpou","p2":"TrendanBrendan","format":"[Gen 9] VGC 2023 Regulation C","log":"|j|\u2606tfpou\n|j|\u2606TrendanBrendan\n|t:|1683408213\n|gametype|doubles\n|player|p1|tfpou|red|1063\n|player|p2|TrendanBrendan|101|1130\n|teamsize|p1|6\n|teamsize|p2|6\n|gen|9\n|tier|[Gen 9] VGC 2023 Regulation C\n|rated|\n|rule|Species Clause: Limit one of each Pok\u00e9mon\n|rule|Item Clause: Limit one of each item\n|clearpoke\n|poke|p1|Dragapult, L50, F|\n|poke|p1|Coalossal, L50, M|\n|poke|p1|Chien-Pao, L50|\n|poke|p1|Flutter Mane, L50|\n|poke|p1|Amoonguss, L50, F|\n|poke|p1|Arcanine, L50, F|\n|poke|p2|Corviknight, L50, F|\n|poke|p2|Amoonguss, L50, F|\n|poke|p2|Arcanine, L50, M|\n|poke|p2|Palafin, L50, F|\n|poke|p2|Flutter Mane, L50|\n|poke|p2|Ting-Lu, L50|\n|teampreview|4\nTrendanBrendan has agreed to open team sheets.\n|\n|t:|1683408294\n|start\n|switch|p1a: Dragapult|Dragapult, L50, F|100\/100\n|switch|p1b: Coalossal|Coalossal, L50, M|100\/100\n|switch|p2a: Wispa|Flutter Mane, L50|100\/100\n|switch|p2b: Brieze|Palafin, L50, F, shiny|100\/100\n|turn|1\n|\n|t:|1683408332\n|-terastallize|p1a: Dragapult|Steel\n|-terastallize|p2b: Brieze|Water\n|move|p1b: Coalossal|Protect|p1b: Coalossal\n|-singleturn|p1b: Coalossal|Protect\n|move|p1a: Dragapult|Tera Blast|p2a: Wispa\n|-supereffective|p2a: Wispa\n|-crit|p2a: Wispa\n|-damage|p2a: Wispa|0 fnt\n|faint|p2a: Wispa\n|-end|p2a: Wispa|Protosynthesis|[silent]\n|move|p2b: Brieze|Wave Crash|p1b: Coalossal\n|-activate|p1b: Coalossal|move: Protect\n|\n|upkeep\n|\n|t:|1683408341\n|switch|p2a: Mooshold|Ting-Lu, L50|100\/100\n|-ability|p2a: Mooshold|Vessel of Ruin\n|turn|2\n|\n|t:|1683408370\n|detailschange|p2b: Brieze|Palafin-Hero, L50, F, shiny, tera:Water\n|switch|p2b: Olivo|Arcanine, L50, M|100\/100\n|-ability|p2b: Olivo|Intimidate|boost\n|-fail|p1a: Dragapult|unboost|[from] ability: Clear Body|[of] p1a: Dragapult\n|-unboost|p1b: Coalossal|atk|1\n|move|p1a: Dragapult|Surf|p2a: Mooshold|[spread] p1b,p2a,p2b\n|-supereffective|p1b: Coalossal\n|-supereffective|p2a: Mooshold\n|-supereffective|p2b: Olivo\n|-damage|p1b: Coalossal|69\/100\n|-damage|p2a: Mooshold|90\/100\n|-damage|p2b: Olivo|79\/100\n|-ability|p1b: Coalossal|Steam Engine|boost\n|-boost|p1b: Coalossal|spe|6\n|-enditem|p1b: Coalossal|Weakness Policy\n|-boost|p1b: Coalossal|atk|2|[from] item: Weakness Policy\n|-boost|p1b: Coalossal|spa|2|[from] item: Weakness Policy\n|move|p1b: Coalossal|Explosion|p2a: Mooshold|[spread] p1a,p2a,p2b\n|-resisted|p1a: Dragapult\n|-damage|p1a: Dragapult|50\/100\n|-damage|p2a: Mooshold|38\/100\n|-damage|p2b: Olivo|0 fnt\n|faint|p1b: Coalossal\n|faint|p2b: Olivo\n|move|p2a: Mooshold|Stomping Tantrum|p1a: Dragapult\n|-supereffective|p1a: Dragapult\n|-damage|p1a: Dragapult|0 fnt\n|faint|p1a: Dragapult\n|\n|upkeep\n|\n|t:|1683408389\n|switch|p1a: Amoonguss|Amoonguss, L50, F|100\/100\n|switch|p2b: Brieze|Palafin-Hero, L50, F, shiny, tera:Water|100\/100\n|switch|p1b: Flutter Mane|Flutter Mane, L50|100\/100\n|-activate|p2b: Brieze|ability: Zero to Hero\n|-enditem|p1b: Flutter Mane|Booster Energy\n|-activate|p1b: Flutter Mane|ability: Protosynthesis|[fromitem]\n|-start|p1b: Flutter Mane|protosynthesisspe\n|turn|3\n|\n|t:|1683408402\n|move|p2b: Brieze|Protect|p2b: Brieze\n|-singleturn|p2b: Brieze|Protect\n|move|p1a: Amoonguss|Rage Powder|p1a: Amoonguss\n|-singleturn|p1a: Amoonguss|move: Rage Powder\n|move|p1b: Flutter Mane|Dazzling Gleam|p2a: Mooshold|[spread] p2a\n|-activate|p2b: Brieze|move: Protect\n|-supereffective|p2a: Mooshold\n|-damage|p2a: Mooshold|15\/100\n|move|p2a: Mooshold|Heavy Slam|p1a: Amoonguss\n|-damage|p1a: Amoonguss|57\/100\n|\n|upkeep\n|turn|4\n|\n|t:|1683408416\n|move|p1a: Amoonguss|Rage Powder|p1a: Amoonguss\n|-singleturn|p1a: Amoonguss|move: Rage Powder\n|move|p1b: Flutter Mane|Dazzling Gleam|p2a: Mooshold|[spread] p2a,p2b\n|-supereffective|p2a: Mooshold\n|-damage|p2a: Mooshold|0 fnt\n|-damage|p2b: Brieze|75\/100\n|faint|p2a: Mooshold\n|move|p2b: Brieze|Wave Crash|p1a: Amoonguss\n|-resisted|p1a: Amoonguss\n|-damage|p1a: Amoonguss|0 fnt\n|-status|p2b: Brieze|psn|[from] ability: Effect Spore|[of] p1a: Amoonguss\n|faint|p1a: Amoonguss\n|-damage|p2b: Brieze|55\/100 psn|[from] Recoil\n|\n|-damage|p2b: Brieze|43\/100 psn|[from] psn\n|upkeep\n|turn|5\n|\n|t:|1683408429\n|move|p1b: Flutter Mane|Protect|p1b: Flutter Mane\n|-singleturn|p1b: Flutter Mane|Protect\n|move|p2b: Brieze|Jet Punch|p1b: Flutter Mane\n|-activate|p1b: Flutter Mane|move: Protect\n|\n|-damage|p2b: Brieze|31\/100 psn|[from] psn\n|upkeep\n|turn|6\n|\n|t:|1683408439\n|move|p2b: Brieze|Jet Punch|p1b: Flutter Mane\n|-damage|p1b: Flutter Mane|0 fnt\n|faint|p1b: Flutter Mane\n|-end|p1b: Flutter Mane|Protosynthesis|[silent]\n|\n|win|TrendanBrendan\n|raw|tfpou's rating: 1063 → 1047<\/strong> (-16 for losing)\n|raw|TrendanBrendan's rating: 1130 → 1150<\/strong> (+20 for winning)\n|c|\u2606TrendanBrendan|ggwp\n|c|\u2606tfpou|gg\n|c|\u2606TrendanBrendan|why effect spore\n|c|\u2606TrendanBrendan|if i may ask\n|c|\u2606TrendanBrendan|Regenerator is really good if your HP stat is divisible by 3\n|c|\u2606TrendanBrendan|on Amoonguss\n|c|\u2606tfpou|cause i forgot to put regenerator xdd\n|c|\u2606TrendanBrendan|lol well the poison could have mattered actually\n|c|\u2606TrendanBrendan|or if you rolled sleep or para\n","uploadtime":1683408448,"views":15,"p1id":"tfpou","p2id":"trendanbrendan","formatid":"gen9vgc2023regulationc","rating":1047,"private":0,"password":""}