{"id":"gen9vgc2023regulationc-1856441058","p1":"19402u","p2":"bombart","format":"[Gen 9] VGC 2023 Regulation C","log":"|j|\u260619402u\n|j|\u2606bombart\n|t:|1683061878\n|gametype|doubles\n|player|p1|19402u|169|1442\n|player|p2|bombart|benga|1353\n|teamsize|p1|6\n|teamsize|p2|6\n|gen|9\n|tier|[Gen 9] VGC 2023 Regulation C\n|rated|\n|rule|Species Clause: Limit one of each Pok\u00e9mon\n|rule|Item Clause: Limit one of each item\n|clearpoke\n|poke|p1|Dragonite, L50, M|\n|poke|p1|Chi-Yu, L50|\n|poke|p1|Iron Bundle, L50|\n|poke|p1|Iron Hands, L50|\n|poke|p1|Amoonguss, L50, F|\n|poke|p1|Ting-Lu, L50|\n|poke|p2|Flutter Mane, L50|\n|poke|p2|Chi-Yu, L50|\n|poke|p2|Maushold-Four, L50|\n|poke|p2|Annihilape, L50, M|\n|poke|p2|Amoonguss, L50, M|\n|poke|p2|Iron Bundle, L50|\n|teampreview|4\n19402u has agreed to open team sheets.\nbombart has agreed to open team sheets.\n|inactive|Battle timer is ON: inactive players will automatically lose when time's up. (requested by bombart)\n|\n|t:|1683061925\n|start\n|switch|p1a: Ting-Lu|Ting-Lu, L50|100\/100\n|switch|p1b: Dragonite|Dragonite, L50, M, shiny|100\/100\n|switch|p2a: Iron Bundle|Iron Bundle, L50|100\/100\n|switch|p2b: Annihilape|Annihilape, L50, M|100\/100\n|-ability|p1a: Ting-Lu|Vessel of Ruin\n|-enditem|p2a: Iron Bundle|Booster Energy\n|-activate|p2a: Iron Bundle|ability: Quark Drive|[fromitem]\n|-start|p2a: Iron Bundle|quarkdrivespe\n|turn|1\n|inactive|19402u has 30 seconds left.\n|inactive|bombart has 30 seconds left.\n|inactive|bombart has 20 seconds left.\n|\n|t:|1683061962\n|-terastallize|p1b: Dragonite|Flying\n|move|p2b: Annihilape|Protect|p2b: Annihilape\n|-singleturn|p2b: Annihilape|Protect\n|move|p2a: Iron Bundle|Icy Wind|p1b: Dragonite|[spread] p1a,p1b\n|-supereffective|p1a: Ting-Lu\n|-supereffective|p1b: Dragonite\n|-damage|p1a: Ting-Lu|76\/100\n|-damage|p1b: Dragonite|85\/100\n|-unboost|p1b: Dragonite|spe|1\n|move|p1b: Dragonite|Tera Blast|p2b: Annihilape\n|-activate|p2b: Annihilape|move: Protect\n|move|p1a: Ting-Lu|Earthquake|p2a: Iron Bundle|[spread] p2a\n|-activate|p2b: Annihilape|move: Protect\n|-immune|p1b: Dragonite\n|-damage|p2a: Iron Bundle|57\/100\n|\n|upkeep\n|turn|2\n|inactive|bombart has 30 seconds left.\n|inactive|19402u has 30 seconds left.\n|\n|t:|1683062004\n|switch|p1b: Iron Hands|Iron Hands, L50, shiny|100\/100\n|move|p2a: Iron Bundle|Freeze-Dry|p1b: Iron Hands\n|-damage|p1b: Iron Hands|88\/100\n|move|p2b: Annihilape|Bulk Up|p2b: Annihilape\n|-boost|p2b: Annihilape|atk|1\n|-boost|p2b: Annihilape|def|1\n|move|p1a: Ting-Lu|Heavy Slam|p2a: Iron Bundle\n|-damage|p2a: Iron Bundle|7\/100\n|\n|upkeep\n|turn|3\n|inactive|19402u has 30 seconds left.\n|inactive|19402u has 20 seconds left.\n|\n|t:|1683062043\n|switch|p1a: Dragonite|Dragonite, L50, M, shiny, tera:Flying|85\/100\n|move|p2a: Iron Bundle|Protect|p2a: Iron Bundle\n|-singleturn|p2a: Iron Bundle|Protect\n|move|p1b: Iron Hands|Fake Out|p2a: Iron Bundle\n|-activate|p2a: Iron Bundle|move: Protect\n|move|p2b: Annihilape|Bulk Up|p2b: Annihilape\n|-boost|p2b: Annihilape|atk|1\n|-boost|p2b: Annihilape|def|1\n|\n|upkeep\n|turn|4\n|\n|t:|1683062065\n|-end|p1b: Iron Hands|Quark Drive|[silent]\n|switch|p1b: Ting-Lu|Ting-Lu, L50|76\/100\n|-ability|p1b: Ting-Lu|Vessel of Ruin\n|move|p1a: Dragonite|Extreme Speed|p2a: Iron Bundle\n|-damage|p2a: Iron Bundle|0 fnt\n|faint|p2a: Iron Bundle\n|-end|p2a: Iron Bundle|Quark Drive|[silent]\n|move|p2b: Annihilape|Drain Punch|p1b: Ting-Lu\n|-supereffective|p1b: Ting-Lu\n|-damage|p1b: Ting-Lu|8\/100\n|\n|upkeep\n|\n|t:|1683062077\n|switch|p2a: Amoonguss|Amoonguss, L50, M|100\/100\n|turn|5\n|\n|t:|1683062095\n|switch|p1a: Iron Hands|Iron Hands, L50, shiny|88\/100\n|-terastallize|p2a: Amoonguss|Water\n|move|p2b: Annihilape|Bulk Up|p2b: Annihilape\n|-boost|p2b: Annihilape|atk|1\n|-boost|p2b: Annihilape|def|1\n|move|p1b: Ting-Lu|Taunt|p2a: Amoonguss\n|-start|p2a: Amoonguss|move: Taunt\n|cant|p2a: Amoonguss|move: Taunt|Spore\n|\n|upkeep\n|turn|6\n|inactive|19402u has 30 seconds left.\n|inactive|bombart has 30 seconds left.\n|\n|t:|1683062124\n|switch|p2a: Flutter Mane|Flutter Mane, L50|100\/100\n|move|p2b: Annihilape|Drain Punch|p1a: Iron Hands\n|-damage|p1a: Iron Hands|34\/100\n|move|p1a: Iron Hands|Wild Charge|p2a: Flutter Mane\n|-damage|p2a: Flutter Mane|1\/100\n|-damage|p1a: Iron Hands|21\/100|[from] Recoil\n|move|p1b: Ting-Lu|Heavy Slam|p2a: Flutter Mane\n|-supereffective|p2a: Flutter Mane\n|-damage|p2a: Flutter Mane|0 fnt\n|faint|p2a: Flutter Mane\n|-end|p2a: Flutter Mane|Protosynthesis|[silent]\n|\n|upkeep\n|\n|t:|1683062139\n|switch|p2a: Amoonguss|Amoonguss, L50, M, tera:Water|100\/100\n|turn|7\n|\n|t:|1683062168\n|move|p2b: Annihilape|Drain Punch|p1a: Iron Hands\n|-damage|p1a: Iron Hands|0 fnt\n|faint|p1a: Iron Hands\n|-end|p1a: Iron Hands|Quark Drive|[silent]\n|move|p1b: Ting-Lu|Taunt|p2a: Amoonguss\n|-start|p2a: Amoonguss|move: Taunt\n|cant|p2a: Amoonguss|move: Taunt|Spore\n|\n|upkeep\n|\n|t:|1683062184\n|switch|p1a: Dragonite|Dragonite, L50, M, shiny, tera:Flying|85\/100\n|turn|8\n|\n|t:|1683062204\n|move|p1b: Ting-Lu|Protect|p1b: Ting-Lu\n|-singleturn|p1b: Ting-Lu|Protect\n|move|p2b: Annihilape|Rage Fist|p1a: Dragonite\n|-damage|p1a: Dragonite|27\/100\n|move|p1a: Dragonite|Tera Blast|p2a: Amoonguss\n|-damage|p2a: Amoonguss|25\/100\n|-enditem|p2a: Amoonguss|Sitrus Berry|[eat]\n|-heal|p2a: Amoonguss|50\/100|[from] item: Sitrus Berry\n|move|p2a: Amoonguss|Pollen Puff|p2b: Annihilape\n|-immune|p2b: Annihilape\n|\n|upkeep\n|turn|9\n|inactive|bombart has 30 seconds left.\n|\n|t:|1683062229\n|move|p2b: Annihilape|Rage Fist|p1a: Dragonite\n|-damage|p1a: Dragonite|0 fnt\n|faint|p1a: Dragonite\n|move|p1b: Ting-Lu|Earthquake|p2b: Annihilape|[spread] p2a,p2b\n|-crit|p2a: Amoonguss\n|-damage|p2a: Amoonguss|5\/100\n|-damage|p2b: Annihilape|86\/100\n|move|p2a: Amoonguss|Pollen Puff|p2b: Annihilape\n|-heal|p2b: Annihilape|100\/100\n|\n|-end|p2a: Amoonguss|move: Taunt\n|upkeep\n|\n|t:|1683062232\n|switch|p1a: Chi-Yu|Chi-Yu, L50|100\/100\n|-ability|p1a: Chi-Yu|Beads of Ruin\n|turn|10\n|inactive|bombart has 30 seconds left.\n|\n|t:|1683062261\n|move|p1a: Chi-Yu|Protect|p1a: Chi-Yu\n|-singleturn|p1a: Chi-Yu|Protect\n|move|p2a: Amoonguss|Rage Powder|p2a: Amoonguss\n|-singleturn|p2a: Amoonguss|move: Rage Powder\n|move|p2b: Annihilape|Drain Punch|p1a: Chi-Yu\n|-activate|p1a: Chi-Yu|move: Protect\n|move|p1b: Ting-Lu|Earthquake|p2a: Amoonguss|[spread] p2a,p2b\n|-activate|p1a: Chi-Yu|move: Protect\n|-damage|p2a: Amoonguss|0 fnt\n|-damage|p2b: Annihilape|83\/100\n|faint|p2a: Amoonguss\n|\n|-heal|p2b: Annihilape|89\/100|[from] item: Leftovers\n|upkeep\n|turn|11\n|inactive|19402u has 30 seconds left.\n|\n|t:|1683062292\n|move|p1a: Chi-Yu|Dark Pulse|p2b: Annihilape\n|-damage|p2b: Annihilape|49\/100\n|move|p2b: Annihilape|Drain Punch|p1a: Chi-Yu\n|-supereffective|p1a: Chi-Yu\n|-enditem|p1a: Chi-Yu|Focus Sash\n|-damage|p1a: Chi-Yu|1\/100\n|-heal|p2b: Annihilape|81\/100|[from] drain|[of] p1a: Chi-Yu\n|move|p1b: Ting-Lu|Heavy Slam|p2b: Annihilape\n|-damage|p2b: Annihilape|64\/100\n|\n|-heal|p2b: Annihilape|70\/100|[from] item: Leftovers\n|upkeep\n|turn|12\n|\n|t:|1683062305\n|move|p2b: Annihilape|Protect|p2b: Annihilape\n|-singleturn|p2b: Annihilape|Protect\n|move|p1a: Chi-Yu|Overheat|p2b: Annihilape\n|-activate|p2b: Annihilape|move: Protect\n|move|p1b: Ting-Lu|Heavy Slam|p2b: Annihilape\n|-activate|p2b: Annihilape|move: Protect\n|\n|-heal|p2b: Annihilape|76\/100|[from] item: Leftovers\n|upkeep\n|turn|13\n|\n|t:|1683062317\n|move|p1a: Chi-Yu|Overheat|p2b: Annihilape\n|-damage|p2b: Annihilape|10\/100\n|-unboost|p1a: Chi-Yu|spa|2\n|move|p2b: Annihilape|Rage Fist|p1a: Chi-Yu\n|-resisted|p1a: Chi-Yu\n|-damage|p1a: Chi-Yu|0 fnt\n|faint|p1a: Chi-Yu\n|move|p1b: Ting-Lu|Earthquake|p2b: Annihilape\n|-damage|p2b: Annihilape|0 fnt\n|faint|p2b: Annihilape\n|\n|win|19402u\n|raw|19402u's rating: 1442 → 1457<\/strong> (+15 for winning)\n|raw|bombart's rating: 1353 → 1338<\/strong> (-15 for losing)\n","uploadtime":1683062324,"views":11,"p1id":"19402u","p2id":"bombart","formatid":"gen9vgc2023regulationc","rating":1338,"private":0,"password":""}