{"id":"gen9vgc2023regulationc-1848650621","p1":"Mut-antVGC","p2":"Richvvs","format":"[Gen 9] VGC 2023 Regulation C","log":"|j|\u2606Mut-antVGC\n|j|\u2606Richvvs\n|t:|1682097692\n|gametype|doubles\n|player|p1|Mut-antVGC|psychic-lgpe|1445\n|player|p2|Richvvs|1|1376\n|teamsize|p1|6\n|teamsize|p2|6\n|gen|9\n|tier|[Gen 9] VGC 2023 Regulation C\n|rated|\n|rule|Species Clause: Limit one of each Pok\u00e9mon\n|rule|Item Clause: Limit one of each item\n|clearpoke\n|poke|p1|Torkoal, L50, M|\n|poke|p1|Lilligant, L50, F|\n|poke|p1|Great Tusk, L50|\n|poke|p1|Talonflame, L50, M|\n|poke|p1|Flutter Mane, L50|\n|poke|p1|Sandy Shocks, L50|\n|poke|p2|Dondozo, L50, F|\n|poke|p2|Pelipper, L50, M|\n|poke|p2|Drednaw, L50, F|\n|poke|p2|Gholdengo, L50|\n|poke|p2|Palafin, L50, F|\n|poke|p2|Tatsugiri-Droopy, L50, M|\n|teampreview|4\nMut-antVGC has agreed to open team sheets.\n|\n|t:|1682097726\n|start\n|switch|p1a: Talonflame|Talonflame, L50, M|100\/100\n|switch|p1b: Flutter Mane|Flutter Mane, L50|100\/100\n|switch|p2a: Arghhhh|Drednaw, L50, F|100\/100\n|switch|p2b: Donny|Dondozo, L50, F|100\/100\n|turn|1\n|c|\u2606Mut-antVGC|5 water types O_O\n|\n|t:|1682097749\n|switch|p2b: Makeitrain|Pelipper, L50, M|100\/100\n|-weather|RainDance|[from] ability: Drizzle|[of] p2b: Makeitrain\n|-terastallize|p1b: Flutter Mane|Fairy\n|move|p1a: Talonflame|Tailwind|p1a: Talonflame\n|-sidestart|p1: Mut-antVGC|move: Tailwind\n|move|p1b: Flutter Mane|Dazzling Gleam|p2a: Arghhhh|[spread] p2a,p2b\n|-damage|p2a: Arghhhh|19\/100\n|-damage|p2b: Makeitrain|11\/100\n|move|p2a: Arghhhh|Rock Slide|p1b: Flutter Mane|[spread] p1a,p1b\n|-supereffective|p1a: Talonflame\n|-damage|p1a: Talonflame|0 fnt\n|-damage|p1b: Flutter Mane|30\/100\n|faint|p1a: Talonflame\n|\n|-weather|RainDance|[upkeep]\n|upkeep\n|\n|t:|1682097765\n|switch|p1a: Lilligant|Lilligant, L50, F|100\/100\n|turn|2\n|\n|t:|1682097786\n|move|p1b: Flutter Mane|Dazzling Gleam|p2b: Makeitrain|[spread] p2a,p2b\n|-damage|p2a: Arghhhh|0 fnt\n|-damage|p2b: Makeitrain|0 fnt\n|faint|p2a: Arghhhh\n|faint|p2b: Makeitrain\n|move|p1a: Lilligant|Sleep Powder|p2: Arghhhh|[notarget]\n|-fail|p1a: Lilligant\n|\n|-weather|RainDance|[upkeep]\n|upkeep\n|\n|t:|1682097789\n|switch|p2a: Donny|Dondozo, L50, F|100\/100\n|switch|p2b: Tats up|Tatsugiri-Droopy, L50, M, shiny|100\/100\n|-activate|p2b: Tats up|ability: Commander|[of] p2a: Donny\n|-boost|p2a: Donny|atk|2\n|-boost|p2a: Donny|spa|2\n|-boost|p2a: Donny|spe|2\n|-boost|p2a: Donny|def|2\n|-boost|p2a: Donny|spd|2\n|turn|3\n|c|\u2606Richvvs|Hahaha I said water everywhere\n|c|\u2606Richvvs|it\u2019s definitely hit or miss\n|\n|t:|1682097821\n|-end|p1b: Flutter Mane|Protosynthesis|[silent]\n|switch|p1b: Torkoal|Torkoal, L50, M|100\/100\n|-weather|SunnyDay|[from] ability: Drought|[of] p1b: Torkoal\n|move|p2a: Donny|Protect|p2a: Donny\n|-singleturn|p2a: Donny|Protect\n|move|p1a: Lilligant|Sleep Powder|p2a: Donny\n|-activate|p2a: Donny|move: Protect\n|\n|-weather|SunnyDay|[upkeep]\n|upkeep\n|turn|4\n|c|\u2606Mut-antVGC|yes...\n|\n|t:|1682097834\n|move|p1a: Lilligant|Sleep Powder|p2a: Donny\n|-status|p2a: Donny|slp|[from] move: Sleep Powder\n|cant|p2a: Donny|slp\n|move|p1b: Torkoal|Eruption|p2a: Donny|[spread] p2a\n|-miss|p1b: Torkoal|p2b: Tats up\n|-resisted|p2a: Donny\n|-damage|p2a: Donny|78\/100 slp\n|\n|-weather|SunnyDay|[upkeep]\n|-heal|p2a: Donny|85\/100 slp|[from] item: Leftovers\n|-sideend|p1: Mut-antVGC|move: Tailwind\n|upkeep\n|turn|5\n|c|\u2606Mut-antVGC|ggs\n|\n|t:|1682097847\n|move|p1a: Lilligant|Leaf Storm|p2a: Donny\n|-supereffective|p2a: Donny\n|-damage|p2a: Donny|24\/100 slp\n|-unboost|p1a: Lilligant|spa|2\n|cant|p2a: Donny|slp\n|move|p1b: Torkoal|Eruption|p2b: Tats up|[spread] p2a\n|-miss|p1b: Torkoal|p2b: Tats up\n|-resisted|p2a: Donny\n|-damage|p2a: Donny|0 fnt\n|faint|p2a: Donny\n|\n|-weather|SunnyDay|[upkeep]\n|upkeep\n|turn|6\n|\n|t:|1682097868\n|move|p1a: Lilligant|Leaf Storm|p2b: Tats up\n|-damage|p2b: Tats up|63\/100\n|-unboost|p1a: Lilligant|spa|2\n|move|p2b: Tats up|Icy Wind|p1b: Torkoal|[spread] p1a,p1b\n|-supereffective|p1a: Lilligant\n|-resisted|p1b: Torkoal\n|-damage|p1a: Lilligant|56\/100\n|-damage|p1b: Torkoal|91\/100\n|-unboost|p1a: Lilligant|spe|1\n|-unboost|p1b: Torkoal|spe|1\n|move|p1b: Torkoal|Earth Power|p2b: Tats up\n|-damage|p2b: Tats up|28\/100\n|\n|-weather|SunnyDay|[upkeep]\n|upkeep\n|turn|7\n|c|\u2606Richvvs|Just started playing this but I think it could work potentially\n|\n|t:|1682097889\n|move|p2b: Tats up|Icy Wind|p1a: Lilligant|[spread] p1a,p1b\n|-supereffective|p1a: Lilligant\n|-resisted|p1b: Torkoal\n|-damage|p1a: Lilligant|14\/100\n|-damage|p1b: Torkoal|83\/100\n|-unboost|p1a: Lilligant|spe|1\n|-unboost|p1b: Torkoal|spe|1\n|move|p1a: Lilligant|Leaf Storm|p2b: Tats up\n|-damage|p2b: Tats up|3\/100\n|-unboost|p1a: Lilligant|spa|2\n|move|p1b: Torkoal|Earth Power|p2b: Tats up\n|-crit|p2b: Tats up\n|-damage|p2b: Tats up|0 fnt\n|faint|p2b: Tats up\n|\n|win|Mut-antVGC\n|raw|Mut-antVGC's rating: 1445 → 1461<\/strong> (+16 for winning)\n|raw|Richvvs's rating: 1376 → 1360<\/strong> (-16 for losing)\n","uploadtime":1682097900,"views":7,"p1id":"mutantvgc","p2id":"richvvs","formatid":"gen9vgc2023regulationc","rating":1360,"private":0,"password":""}