{"id":"gen9vgc2023regulationc-1856599158","p1":"Pink_SSB","p2":"Noutong","format":"[Gen 9] VGC 2023 Regulation C","log":"|j|\u2606Pink_SSB\n|j|\u2606Noutong\n|t:|1683080681\n|gametype|doubles\n|player|p1|Pink_SSB|169|1188\n|player|p2|Noutong|cynthia-gen7|1111\n|teamsize|p1|6\n|teamsize|p2|6\n|gen|9\n|tier|[Gen 9] VGC 2023 Regulation C\n|rated|\n|rule|Species Clause: Limit one of each Pok\u00e9mon\n|rule|Item Clause: Limit one of each item\n|clearpoke\n|poke|p1|Palafin, L50, M|\n|poke|p1|Amoonguss, L50, M|\n|poke|p1|Arcanine, L50, M|\n|poke|p1|Ting-Lu, L50|\n|poke|p1|Flutter Mane, L50|\n|poke|p1|Baxcalibur, L50, M|\n|poke|p2|Iron Hands, L50|\n|poke|p2|Pelipper, L50, M|\n|poke|p2|Palafin, L50, F|\n|poke|p2|Iron Bundle, L50|\n|poke|p2|Chi-Yu, L50|\n|poke|p2|Amoonguss, L50, M|\n|teampreview|4\nNoutong has agreed to open team sheets.\n|inactive|Battle timer is ON: inactive players will automatically lose when time's up. (requested by Noutong)\n|\n|t:|1683080713\n|start\n|switch|p1a: Ting-Lu|Ting-Lu, L50|100\/100\n|switch|p1b: Palafin|Palafin, L50, M|100\/100\n|switch|p2a: Pelipper|Pelipper, L50, M|100\/100\n|switch|p2b: Palafin|Palafin, L50, F|100\/100\n|-weather|RainDance|[from] ability: Drizzle|[of] p2a: Pelipper\n|-ability|p1a: Ting-Lu|Vessel of Ruin\n|turn|1\n|inactive|Noutong has 30 seconds left.\n|inactive|Noutong has 20 seconds left.\n|inactive|Noutong has 15 seconds left.\n|\n|t:|1683080757\n|detailschange|p2b: Palafin|Palafin-Hero, L50, F\n|switch|p2b: Amoonguss|Amoonguss, L50, M|100\/100\n|detailschange|p1b: Palafin|Palafin-Hero, L50, M\n|switch|p1b: Amoonguss|Amoonguss, L50, M|100\/100\n|-terastallize|p1a: Ting-Lu|Poison\n|move|p2a: Pelipper|Tailwind|p2a: Pelipper\n|-sidestart|p2: Noutong|move: Tailwind\n|move|p1a: Ting-Lu|Fissure|p2b: Amoonguss|[miss]\n|-miss|p1a: Ting-Lu|p2b: Amoonguss\n|\n|-weather|RainDance|[upkeep]\n|upkeep\n|turn|2\n|\n|t:|1683080776\n|move|p1b: Amoonguss|Protect|p1b: Amoonguss\n|-singleturn|p1b: Amoonguss|Protect\n|move|p2a: Pelipper|Hurricane|p1b: Amoonguss\n|-activate|p1b: Amoonguss|move: Protect\n|move|p2b: Amoonguss|Spore|p1a: Ting-Lu\n|-status|p1a: Ting-Lu|slp|[from] move: Spore\n|cant|p1a: Ting-Lu|slp\n|\n|-weather|RainDance|[upkeep]\n|upkeep\n|turn|3\n|inactive|Noutong has 30 seconds left.\n|inactive|Noutong has 20 seconds left.\n|\n|t:|1683080812\n|switch|p1b: Arcanine|Arcanine, L50, M|100\/100\n|-ability|p1b: Arcanine|Intimidate|boost\n|-unboost|p2a: Pelipper|atk|1\n|-unboost|p2b: Amoonguss|atk|1\n|move|p2a: Pelipper|Hurricane|p1b: Arcanine\n|-damage|p1b: Arcanine|50\/100\n|move|p2b: Amoonguss|Pollen Puff|p1b: Arcanine\n|-resisted|p1b: Arcanine\n|-damage|p1b: Arcanine|41\/100\n|-curestatus|p1a: Ting-Lu|slp|[msg]\n|move|p1a: Ting-Lu|Fissure|p2b: Amoonguss|[miss]\n|-miss|p1a: Ting-Lu|p2b: Amoonguss\n|\n|-weather|RainDance|[upkeep]\n|upkeep\n|turn|4\n|\n|t:|1683080830\n|move|p1b: Arcanine|Protect|p1b: Arcanine\n|-singleturn|p1b: Arcanine|Protect\n|move|p2a: Pelipper|Hydro Pump|p1b: Arcanine\n|-activate|p1b: Arcanine|move: Protect\n|move|p2b: Amoonguss|Spore|p1a: Ting-Lu\n|-status|p1a: Ting-Lu|slp|[from] move: Spore\n|cant|p1a: Ting-Lu|slp\n|\n|-weather|RainDance|[upkeep]\n|-sideend|p2: Noutong|move: Tailwind\n|upkeep\n|turn|5\n|\n|t:|1683080840\n|switch|p1b: Amoonguss|Amoonguss, L50, M|100\/100\n|switch|p2a: Iron Hands|Iron Hands, L50|100\/100\n|move|p2b: Amoonguss|Protect|p2b: Amoonguss\n|-singleturn|p2b: Amoonguss|Protect\n|cant|p1a: Ting-Lu|slp\n|\n|-weather|none\n|upkeep\n|turn|6\n|inactive|Noutong has 30 seconds left.\n|inactive|Noutong has 20 seconds left.\n|\n|t:|1683080875\n|switch|p2b: Pelipper|Pelipper, L50, M|100\/100\n|-weather|RainDance|[from] ability: Drizzle|[of] p2b: Pelipper\n|switch|p1b: Arcanine|Arcanine, L50, M|41\/100\n|-ability|p1b: Arcanine|Intimidate|boost\n|-unboost|p2a: Iron Hands|atk|1\n|-unboost|p2b: Pelipper|atk|1\n|-terastallize|p2a: Iron Hands|Grass\n|move|p2a: Iron Hands|Fake Out|p1a: Ting-Lu\n|-damage|p1a: Ting-Lu|93\/100 slp\n|cant|p1a: Ting-Lu|slp\n|\n|-weather|RainDance|[upkeep]\n|upkeep\n|turn|7\n|\n|t:|1683080899\n|-end|p2a: Iron Hands|Quark Drive|[silent]\n|switch|p2a: Palafin|Palafin-Hero, L50, F|100\/100\n|-activate|p2a: Palafin|ability: Zero to Hero\n|move|p1b: Arcanine|Protect|p1b: Arcanine\n|-singleturn|p1b: Arcanine|Protect\n|move|p2b: Pelipper|Hydro Pump|p1a: Ting-Lu\n|-damage|p1a: Ting-Lu|65\/100 slp\n|-curestatus|p1a: Ting-Lu|slp|[msg]\n|move|p1a: Ting-Lu|Fissure|p2a: Palafin\n|-damage|p2a: Palafin|0 fnt\n|faint|p2a: Palafin\n|-ohko\n|\n|-weather|RainDance|[upkeep]\n|upkeep\n|-message|Noutong forfeited.\n|\n|win|Pink_SSB\n|raw|Pink_SSB's rating: 1215 → 1233<\/strong> (+18 for winning)\n|raw|Noutong's rating: 1111 → 1093<\/strong> (-18 for losing)\n|l|\u2606Noutong\n","uploadtime":1683080937,"views":14,"p1id":"pinkssb","p2id":"noutong","formatid":"gen9vgc2023regulationc","rating":1093,"private":0,"password":""}