{"id":"gen9vgc2023regulationc-1856261420","p1":"Leninx768965","p2":"rudyxkam","format":"[Gen 9] VGC 2023 Regulation C","log":"|j|\u2606Leninx768965\n|j|\u2606rudyxkam\n|t:|1683045564\n|gametype|doubles\n|player|p1|Leninx768965|2|1198\n|player|p2|rudyxkam|gardenia|1098\n|teamsize|p1|6\n|teamsize|p2|6\n|gen|9\n|tier|[Gen 9] VGC 2023 Regulation C\n|rated|\n|rule|Species Clause: Limit one of each Pok\u00e9mon\n|rule|Item Clause: Limit one of each item\n|clearpoke\n|poke|p1|Lilligant, L50, F|\n|poke|p1|Torkoal, L50, F|\n|poke|p1|Flutter Mane, L50|\n|poke|p1|Kingambit, L50, F|\n|poke|p1|Dragonite, L50, F|\n|poke|p1|Great Tusk, L50|\n|poke|p2|Gyarados, L50, M|\n|poke|p2|Talonflame, L50, M|\n|poke|p2|Baxcalibur, L50, F|\n|poke|p2|Corviknight, L50, M|\n|poke|p2|Ting-Lu, L50|\n|poke|p2|Flutter Mane, L50|\n|teampreview|4\n|inactive|Battle timer is ON: inactive players will automatically lose when time's up. (requested by rudyxkam)\nrudyxkam has agreed to open team sheets.\n|c|\u2606rudyxkam|glhf!\n|inactive|rudyxkam has 60 seconds left.\n|c|\u2606Leninx768965|gl mate\n|\n|t:|1683045616\n|start\n|switch|p1a: TT|Lilligant, L50, F, shiny|100\/100\n|switch|p1b: Breakthrough|Torkoal, L50, F, shiny|100\/100\n|switch|p2a: Sker|Ting-Lu, L50|100\/100\n|switch|p2b: Gigan|Corviknight, L50, M, shiny|100\/100\n|-ability|p2a: Sker|Vessel of Ruin\n|-weather|SunnyDay|[from] ability: Drought|[of] p1b: Breakthrough\n|turn|1\n|\n|t:|1683045639\n|-terastallize|p2b: Gigan|Dragon\n|move|p1a: TT|After You|p1b: Breakthrough\n|-activate|p1b: Breakthrough|move: After You\n|move|p1b: Breakthrough|Eruption|p2a: Sker|[spread] p2a,p2b\n|-resisted|p2b: Gigan\n|-damage|p2a: Sker|62\/100\n|-damage|p2b: Gigan|71\/100\n|move|p2b: Gigan|Brave Bird|p1a: TT\n|-supereffective|p1a: TT\n|-enditem|p1a: TT|Focus Sash\n|-damage|p1a: TT|1\/100\n|-damage|p2b: Gigan|47\/100|[from] Recoil\n|move|p2a: Sker|Stomping Tantrum|p1b: Breakthrough\n|-supereffective|p1b: Breakthrough\n|-damage|p1b: Breakthrough|55\/100\n|\n|-weather|SunnyDay|[upkeep]\n|upkeep\n|turn|2\n|inactive|rudyxkam has 30 seconds left.\n|\n|t:|1683045665\n|switch|p1b: Trouble|Great Tusk, L50, shiny|100\/100\n|-activate|p1b: Trouble|ability: Protosynthesis\n|-start|p1b: Trouble|protosynthesisatk\n|move|p1a: TT|Sleep Powder|p2b: Gigan\n|-activate|p2b: Gigan|item: Safety Goggles|Sleep Powder\n|move|p2b: Gigan|Roost|p2b: Gigan\n|-heal|p2b: Gigan|98\/100\n|move|p2a: Sker|Stomping Tantrum|p1a: TT\n|-resisted|p1a: TT\n|-damage|p1a: TT|0 fnt\n|faint|p1a: TT\n|\n|-weather|SunnyDay|[upkeep]\n|upkeep\n|\n|t:|1683045674\n|switch|p1a: HOT|Kingambit, L50, F, shiny|100\/100\n|turn|3\n|\n|t:|1683045691\n|switch|p2a: Shobijin|Flutter Mane, L50, shiny|100\/100\n|-activate|p2a: Shobijin|ability: Protosynthesis\n|-start|p2a: Shobijin|protosynthesisspe\n|-terastallize|p1b: Trouble|Steel\n|move|p1a: HOT|Sucker Punch||[still]\n|-fail|p1a: HOT\n|move|p1b: Trouble|Rock Slide|p2a: Shobijin|[spread] p2a,p2b\n|-damage|p2a: Shobijin|59\/100\n|-damage|p2b: Gigan|81\/100\n|move|p2b: Gigan|Bulk Up|p2b: Gigan\n|-boost|p2b: Gigan|atk|1\n|-boost|p2b: Gigan|def|1\n|\n|-weather|SunnyDay|[upkeep]\n|upkeep\n|turn|4\n|inactive|rudyxkam has 30 seconds left.\n|inactive|rudyxkam has 20 seconds left.\n|inactive|rudyxkam has 15 seconds left.\n|\n|t:|1683045732\n|move|p1a: HOT|Sucker Punch|p2a: Shobijin\n|-crit|p2a: Shobijin\n|-damage|p2a: Shobijin|0 fnt\n|faint|p2a: Shobijin\n|-end|p2a: Shobijin|Protosynthesis|[silent]\n|move|p1b: Trouble|Rock Slide|p2b: Gigan\n|-damage|p2b: Gigan|65\/100\n|move|p2b: Gigan|Iron Head|p1b: Trouble\n|-resisted|p1b: Trouble\n|-damage|p1b: Trouble|87\/100\n|\n|-weather|SunnyDay|[upkeep]\n|upkeep\n|\n|t:|1683045742\n|switch|p2a: Sker|Ting-Lu, L50|62\/100\n|-ability|p2a: Sker|Vessel of Ruin\n|turn|5\n|\n|t:|1683045764\n|move|p1a: HOT|Sucker Punch|p2a: Sker\n|-resisted|p2a: Sker\n|-damage|p2a: Sker|52\/100\n|move|p1b: Trouble|Rock Slide|p2a: Sker|[spread] p2a,p2b\n|-resisted|p2a: Sker\n|-damage|p2a: Sker|46\/100\n|-damage|p2b: Gigan|54\/100\n|cant|p2b: Gigan|flinch\n|move|p2a: Sker|Stomping Tantrum|p1a: HOT\n|-supereffective|p1a: HOT\n|-damage|p1a: HOT|59\/100\n|\n|-weather|none\n|-end|p1b: Trouble|Protosynthesis\n|upkeep\n|turn|6\n|inactive|rudyxkam has 30 seconds left.\n|\n|t:|1683045793\n|-end|p1b: Trouble|Protosynthesis|[silent]\n|switch|p1b: Breakthrough|Torkoal, L50, F, shiny|55\/100\n|-weather|SunnyDay|[from] ability: Drought|[of] p1b: Breakthrough\n|move|p2b: Gigan|Iron Head|p1a: HOT\n|-resisted|p1a: HOT\n|-damage|p1a: HOT|44\/100\n|move|p1a: HOT|Iron Head|p2a: Sker\n|-damage|p2a: Sker|25\/100\n|move|p2a: Sker|Stomping Tantrum|p1a: HOT\n|-supereffective|p1a: HOT\n|-damage|p1a: HOT|3\/100\n|\n|-weather|SunnyDay|[upkeep]\n|upkeep\n|turn|7\n|inactive|Leninx768965 has 30 seconds left.\n|\n|t:|1683045824\n|switch|p2b: T. Gojira|Baxcalibur, L50, F, shiny|100\/100\n|move|p1b: Breakthrough|Protect|p1b: Breakthrough\n|-singleturn|p1b: Breakthrough|Protect\n|move|p1a: HOT|Sucker Punch|p2a: Sker\n|-resisted|p2a: Sker\n|-damage|p2a: Sker|15\/100\n|move|p2a: Sker|Bulldoze|p1a: HOT|[spread] p2b,p1a\n|-activate|p1b: Breakthrough|move: Protect\n|-supereffective|p1a: HOT\n|-damage|p2b: T. Gojira|85\/100\n|-damage|p1a: HOT|0 fnt\n|faint|p1a: HOT\n|\n|-weather|SunnyDay|[upkeep]\n|upkeep\n|\n|t:|1683045838\n|switch|p1a: Trouble|Great Tusk, L50, shiny, tera:Steel|87\/100\n|-activate|p1a: Trouble|ability: Protosynthesis\n|-start|p1a: Trouble|protosynthesisatk\n|turn|8\n|\n|t:|1683045845\n|switch|p2a: Gigan|Corviknight, L50, M, shiny, tera:Dragon|54\/100\n|move|p2b: T. Gojira|Protect|p2b: T. Gojira\n|-singleturn|p2b: T. Gojira|Protect\n|move|p1a: Trouble|Rock Slide|p2a: Gigan|[spread] p2a\n|-activate|p2b: T. Gojira|move: Protect\n|-damage|p2a: Gigan|36\/100\n|move|p1b: Breakthrough|Flamethrower|p2a: Gigan\n|-resisted|p2a: Gigan\n|-damage|p2a: Gigan|4\/100\n|\n|-weather|SunnyDay|[upkeep]\n|upkeep\n|turn|9\n|\n|t:|1683045869\n|switch|p2a: Sker|Ting-Lu, L50|15\/100\n|-ability|p2a: Sker|Vessel of Ruin\n|move|p1a: Trouble|Rock Slide|p2b: T. Gojira|[spread] p2a,p2b\n|-resisted|p2a: Sker\n|-supereffective|p2b: T. Gojira\n|-damage|p2a: Sker|8\/100\n|-damage|p2b: T. Gojira|40\/100\n|move|p2b: T. Gojira|Glaive Rush|p1b: Breakthrough\n|-damage|p1b: Breakthrough|6\/100\n|-singlemove|p2b: T. Gojira|Glaive Rush|[silent]\n|move|p1b: Breakthrough|Flamethrower|p2a: Sker\n|-damage|p2a: Sker|0 fnt\n|faint|p2a: Sker\n|\n|-weather|SunnyDay|[upkeep]\n|upkeep\n|\n|t:|1683045881\n|switch|p2a: Gigan|Corviknight, L50, M, shiny, tera:Dragon|4\/100\n|turn|10\n|c|\u2606rudyxkam|gg\n|-message|rudyxkam forfeited.\n|\n|win|Leninx768965\n|raw|Leninx768965's rating: 1198 → 1216<\/strong> (+18 for winning)\n|raw|rudyxkam's rating: 1098 → 1080<\/strong> (-18 for losing)\n|c|\u2606Leninx768965|gg\n","uploadtime":1683045895,"views":31,"p1id":"leninx768965","p2id":"rudyxkam","formatid":"gen9vgc2023regulationc","rating":1080,"private":0,"password":""}