{"id":"gen9vgc2023regulationc-1855248127","p1":"schirmenator","p2":"jakevw19","format":"[Gen 9] VGC 2023 Regulation C","log":"|j|\u2606schirmenator\n|j|\u2606jakevw19\n|t:|1682922473\n|gametype|doubles\n|player|p1|schirmenator|266|1175\n|player|p2|jakevw19|depotagent|1253\n|teamsize|p1|6\n|teamsize|p2|6\n|gen|9\n|tier|[Gen 9] VGC 2023 Regulation C\n|rated|\n|rule|Species Clause: Limit one of each Pok\u00e9mon\n|rule|Item Clause: Limit one of each item\n|clearpoke\n|poke|p1|Scream Tail, L50|\n|poke|p1|Ting-Lu, L50|\n|poke|p1|Torkoal, L50, M|\n|poke|p1|Lilligant, L50, F|\n|poke|p1|Gothitelle, L50, M|\n|poke|p1|Garganacl, L50, F|\n|poke|p2|Garganacl, L50, M|\n|poke|p2|Glimmora, L50, F|\n|poke|p2|Palafin, L50, F|\n|poke|p2|Rotom-Heat, L50|\n|poke|p2|Mimikyu, L50, M|\n|poke|p2|Ting-Lu, L50|\n|teampreview|4\n|\n|t:|1682922531\n|start\n|switch|p1a: Gothitelle|Gothitelle, L50, M|100\/100\n|switch|p1b: Scream Tail|Scream Tail, L50, shiny|100\/100\n|switch|p2a: The Moose|Ting-Lu, L50|100\/100\n|switch|p2b: The Dolphin|Palafin, L50, F|100\/100\n|-ability|p2a: The Moose|Vessel of Ruin\n|-enditem|p1b: Scream Tail|Booster Energy\n|-activate|p1b: Scream Tail|ability: Protosynthesis|[fromitem]\n|-start|p1b: Scream Tail|protosynthesisspe\n|turn|1\n|\n|t:|1682922554\n|move|p1a: Gothitelle|Fake Out|p2a: The Moose\n|-damage|p2a: The Moose|97\/100\n|move|p1b: Scream Tail|Perish Song|p1b: Scream Tail\n|-start|p1a: Gothitelle|perish3|[silent]\n|-start|p1b: Scream Tail|perish3|[silent]\n|-start|p2a: The Moose|perish3|[silent]\n|-start|p2b: The Dolphin|perish3|[silent]\n|-fieldactivate|move: Perish Song\n|move|p2b: The Dolphin|Flip Turn|p1a: Gothitelle\n|-damage|p1a: Gothitelle|68\/100\n|\n|t:|1682922560\n|detailschange|p2b: The Dolphin|Palafin-Hero, L50, F\n|switch|p2b: The Devil (FTB)|Glimmora, L50, F|100\/100|[from] Flip Turn\n|cant|p2a: The Moose|flinch\n|\n|-start|p1b: Scream Tail|perish3\n|-start|p1a: Gothitelle|perish3\n|-start|p2a: The Moose|perish3\n|upkeep\n|turn|2\n|\n|t:|1682922591\n|move|p1a: Gothitelle|Protect|p1a: Gothitelle\n|-singleturn|p1a: Gothitelle|Protect\n|move|p1b: Scream Tail|Reflect|p1b: Scream Tail\n|-sidestart|p1: schirmenator|Reflect\n|move|p2b: The Devil (FTB)|Mortal Spin|p1a: Gothitelle|[spread] p1b\n|-activate|p1a: Gothitelle|move: Protect\n|-supereffective|p1b: Scream Tail\n|-damage|p1b: Scream Tail|96\/100\n|-status|p1b: Scream Tail|psn\n|move|p2a: The Moose|Stomping Tantrum|p1a: Gothitelle\n|-activate|p1a: Gothitelle|move: Protect\n|\n|-damage|p1b: Scream Tail|84\/100 psn|[from] psn\n|-start|p1b: Scream Tail|perish2\n|-start|p1a: Gothitelle|perish2\n|-start|p2a: The Moose|perish2\n|upkeep\n|turn|3\n|\n|t:|1682922642\n|-end|p1b: Scream Tail|Protosynthesis|[silent]\n|switch|p1b: Garganacl|Garganacl, L50, F|100\/100\n|move|p2b: The Devil (FTB)|Earth Power|p1a: Gothitelle\n|-damage|p1a: Gothitelle|50\/100\n|-enditem|p1a: Gothitelle|Sitrus Berry|[eat]\n|-heal|p1a: Gothitelle|75\/100|[from] item: Sitrus Berry\n|move|p1a: Gothitelle|Psychic|p2b: The Devil (FTB)\n|-supereffective|p2b: The Devil (FTB)\n|-crit|p2b: The Devil (FTB)\n|-damage|p2b: The Devil (FTB)|6\/100\n|move|p2a: The Moose|Stomping Tantrum|p1a: Gothitelle\n|-damage|p1a: Gothitelle|54\/100\n|\n|-start|p1a: Gothitelle|perish1\n|-start|p2a: The Moose|perish1\n|upkeep\n|turn|4\n|inactive|Battle timer is ON: inactive players will automatically lose when time's up. (requested by jakevw19)\n|\n|t:|1682922693\n|switch|p1a: Ting-Lu|Ting-Lu, L50|100\/100\n|-ability|p1a: Ting-Lu|Vessel of Ruin\n|move|p2b: The Devil (FTB)|Mortal Spin|p1a: Ting-Lu|[spread] p1a,p1b\n|-resisted|p1a: Ting-Lu\n|-resisted|p1b: Garganacl\n|-damage|p1a: Ting-Lu|99\/100\n|-damage|p1b: Garganacl|99\/100\n|-status|p1a: Ting-Lu|psn\n|move|p2a: The Moose|Fissure|p1a: Ting-Lu|[miss]\n|-miss|p2a: The Moose|p1a: Ting-Lu\n|move|p1b: Garganacl|Iron Defense|p1b: Garganacl\n|-boost|p1b: Garganacl|def|2\n|\n|-heal|p1b: Garganacl|100\/100|[from] item: Leftovers\n|-damage|p1a: Ting-Lu|88\/100 psn|[from] psn\n|-start|p2a: The Moose|perish0\n|faint|p2a: The Moose\n|upkeep\n|\n|t:|1682922709\n|switch|p2a: The Dolphin|Palafin-Hero, L50, F|100\/100\n|-activate|p2a: The Dolphin|ability: Zero to Hero\n|turn|5\n|\n|t:|1682922730\n|-terastallize|p1b: Garganacl|Ghost\n|move|p1a: Ting-Lu|Protect|p1a: Ting-Lu\n|-singleturn|p1a: Ting-Lu|Protect\n|move|p2a: The Dolphin|Wave Crash|p1b: Garganacl\n|-damage|p1b: Garganacl|76\/100\n|-damage|p2a: The Dolphin|91\/100|[from] Recoil\n|move|p2b: The Devil (FTB)|Earth Power|p1b: Garganacl\n|-damage|p1b: Garganacl|60\/100\n|-unboost|p1b: Garganacl|spd|1\n|move|p1b: Garganacl|Salt Cure|p2a: The Dolphin\n|-damage|p2a: The Dolphin|77\/100\n|-start|p2a: The Dolphin|Salt Cure\n|\n|-heal|p1b: Garganacl|66\/100|[from] item: Leftovers\n|-damage|p1a: Ting-Lu|76\/100 psn|[from] psn\n|-damage|p2a: The Dolphin|52\/100|[from] Salt Cure\n|upkeep\n|turn|6\n|\n|t:|1682922755\n|move|p2a: The Dolphin|Wave Crash|p1a: Ting-Lu\n|-supereffective|p1a: Ting-Lu\n|-damage|p1a: Ting-Lu|2\/100 psn\n|-enditem|p1a: Ting-Lu|Aguav Berry|[eat]\n|-heal|p1a: Ting-Lu|35\/100 psn|[from] item: Aguav Berry\n|-damage|p2a: The Dolphin|18\/100|[from] Recoil\n|move|p2b: The Devil (FTB)|Earth Power|p1b: Garganacl\n|-damage|p1b: Garganacl|43\/100\n|move|p1a: Ting-Lu|Heavy Slam|p2b: The Devil (FTB)\n|-supereffective|p2b: The Devil (FTB)\n|-damage|p2b: The Devil (FTB)|0 fnt\n|-activate|p2b: The Devil (FTB)|ability: Toxic Debris\n|-sidestart|p1: schirmenator|move: Toxic Spikes\n|faint|p2b: The Devil (FTB)\n|move|p1b: Garganacl|Recover|p1b: Garganacl\n|-heal|p1b: Garganacl|93\/100\n|\n|-heal|p1b: Garganacl|99\/100|[from] item: Leftovers\n|-damage|p1a: Ting-Lu|23\/100 psn|[from] psn\n|-damage|p2a: The Dolphin|0 fnt|[from] Salt Cure\n|faint|p2a: The Dolphin\n|-sideend|p1: schirmenator|Reflect\n|upkeep\n|c|\u2606jakevw19|bruh\n|inactive|jakevw19 has 30 seconds left.\n|c|\u2606jakevw19|you stole my team smh\n|\n|t:|1682922784\n|switch|p2b: Gargachad|Garganacl, L50, M|100\/100\n|turn|7\n|\n|t:|1682922801\n|-terastallize|p2b: Gargachad|Ghost\n|move|p1a: Ting-Lu|Ruination|p2b: Gargachad\n|-damage|p2b: Gargachad|50\/100\n|move|p1b: Garganacl|Salt Cure|p2b: Gargachad\n|-damage|p2b: Gargachad|41\/100\n|-start|p2b: Gargachad|Salt Cure\n|move|p2b: Gargachad|Iron Defense|p2b: Gargachad\n|-boost|p2b: Gargachad|def|2\n|\n|-heal|p1b: Garganacl|100\/100|[from] item: Leftovers\n|-heal|p2b: Gargachad|47\/100|[from] item: Leftovers\n|-damage|p1a: Ting-Lu|11\/100 psn|[from] psn\n|-damage|p2b: Gargachad|35\/100|[from] Salt Cure\n|upkeep\n|turn|8\n|inactive|schirmenator has 30 seconds left.\n|inactive|schirmenator has 20 seconds left.\n|inactive|schirmenator has 15 seconds left.\n|\n|t:|1682922842\n|switch|p1a: Scream Tail|Scream Tail, L50, shiny|84\/100 psn\n|move|p1b: Garganacl|Salt Cure|p2b: Gargachad\n|-damage|p2b: Gargachad|29\/100\n|move|p2b: Gargachad|Iron Defense|p2b: Gargachad\n|-boost|p2b: Gargachad|def|2\n|\n|-heal|p2b: Gargachad|35\/100|[from] item: Leftovers\n|-damage|p1a: Scream Tail|72\/100 psn|[from] psn\n|-damage|p2b: Gargachad|23\/100|[from] Salt Cure\n|upkeep\n|turn|9\n|inactive|jakevw19 has 30 seconds left.\n|inactive|jakevw19 has 20 seconds left.\n|inactive|jakevw19 has 15 seconds left.\n|inactive|jakevw19 has 10 seconds left.\n|inactive|jakevw19 has 5 seconds left.\n|\n|t:|1682922897\n|move|p1a: Scream Tail|Perish Song|p1a: Scream Tail\n|-start|p1a: Scream Tail|perish3|[silent]\n|-start|p1b: Garganacl|perish3|[silent]\n|-start|p2b: Gargachad|perish3|[silent]\n|-fieldactivate|move: Perish Song\n|move|p2b: Gargachad|Salt Cure|p1a: Scream Tail\n|-crit|p1a: Scream Tail\n|-damage|p1a: Scream Tail|55\/100 psn\n|-start|p1a: Scream Tail|Salt Cure\n|move|p1b: Garganacl|Salt Cure|p2b: Gargachad\n|-damage|p2b: Gargachad|19\/100\n|\n|-heal|p2b: Gargachad|25\/100|[from] item: Leftovers\n|-damage|p1a: Scream Tail|43\/100 psn|[from] psn\n|-damage|p1a: Scream Tail|31\/100 psn|[from] Salt Cure\n|-damage|p2b: Gargachad|13\/100|[from] Salt Cure\n|-start|p1a: Scream Tail|perish3\n|-start|p2b: Gargachad|perish3\n|-start|p1b: Garganacl|perish3\n|upkeep\n|turn|10\n|inactive|schirmenator has 30 seconds left.\n|inactive|schirmenator has 20 seconds left.\n|inactive|jakevw19 has 30 seconds left.\n|inactive|jakevw19 has 20 seconds left.\n|inactive|jakevw19 has 15 seconds left.\n|inactive|schirmenator has 15 seconds left.\n|inactive|jakevw19 has 10 seconds left.\n|inactive|jakevw19 has 5 seconds left.\n|\n|t:|1682922962\n|move|p1a: Scream Tail|Play Rough|p2b: Gargachad\n|-damage|p2b: Gargachad|8\/100\n|move|p1b: Garganacl|Salt Cure|p2b: Gargachad\n|-damage|p2b: Gargachad|5\/100\n|move|p2b: Gargachad|Salt Cure|p1a: Scream Tail\n|-damage|p1a: Scream Tail|20\/100 psn\n|\n|-heal|p2b: Gargachad|11\/100|[from] item: Leftovers\n|-damage|p1a: Scream Tail|8\/100 psn|[from] psn\n|-damage|p1a: Scream Tail|0 fnt|[from] Salt Cure\n|faint|p1a: Scream Tail\n|-end|p1a: Scream Tail|Protosynthesis|[silent]\n|-damage|p2b: Gargachad|0 fnt|[from] Salt Cure\n|faint|p2b: Gargachad\n|\n|win|schirmenator\n|upkeep\n|raw|schirmenator's rating: 1175 → 1206<\/strong> (+31 for winning)\n|raw|jakevw19's rating: 1253 → 1222<\/strong> (-31 for losing)\n|l|\u2606schirmenator\n","uploadtime":1682923466,"views":24,"p1id":"schirmenator","p2id":"jakevw19","formatid":"gen9vgc2023regulationc","rating":1206,"private":0,"password":""}