{"id":"gen9vgc2023regulationc-1857651487","p1":"TogoVGC","p2":"Millamojake","format":"[Gen 9] VGC 2023 Regulation C","log":"|j|\u2606TogoVGC\n|j|\u2606Millamojake\n|t:|1683218274\n|gametype|doubles\n|player|p1|TogoVGC|petrel|1344\n|player|p2|Millamojake|alder|1326\n|teamsize|p1|6\n|teamsize|p2|6\n|gen|9\n|tier|[Gen 9] VGC 2023 Regulation C\n|rated|\n|rule|Species Clause: Limit one of each Pok\u00e9mon\n|rule|Item Clause: Limit one of each item\n|clearpoke\n|poke|p1|Drifblim, L50, M|\n|poke|p1|Indeedee, L50, M|\n|poke|p1|Chi-Yu, L50|\n|poke|p1|Iron Valiant, L50|\n|poke|p1|Chien-Pao, L50|\n|poke|p1|Maushold-Four, L50|\n|poke|p2|Pelipper, L50, M|\n|poke|p2|Palafin, L50, F|\n|poke|p2|Tinkaton, L50, F|\n|poke|p2|Chien-Pao, L50|\n|poke|p2|Gholdengo, L50|\n|poke|p2|Iron Hands, L50|\n|teampreview|4\n|inactive|Battle timer is ON: inactive players will automatically lose when time's up. (requested by Millamojake)\n|inactive|TogoVGC has 60 seconds left.\n|inactive|Millamojake has 60 seconds left.\n|inactive|TogoVGC has 30 seconds left.\nMillamojake rejected open team sheets.\n|inactive|TogoVGC has 20 seconds left.\n|inactive|TogoVGC has 15 seconds left.\n|inactive|TogoVGC has 10 seconds left.\n|inactive|TogoVGC has 5 seconds left.\n|\n|t:|1683218363\n|start\n|switch|p1a: Drifblim|Drifblim, L50, M|100\/100\n|switch|p1b: Indeedee|Indeedee, L50, M|100\/100\n|switch|p2a: Pelipper|Pelipper, L50, M, shiny|100\/100\n|switch|p2b: Palafin|Palafin, L50, F, shiny|100\/100\n|-fieldstart|move: Psychic Terrain|[from] ability: Psychic Surge|[of] p1b: Indeedee\n|-enditem|p1a: Drifblim|Psychic Seed\n|-boost|p1a: Drifblim|spd|1|[from] item: Psychic Seed\n|-weather|RainDance|[from] ability: Drizzle|[of] p2a: Pelipper\n|turn|1\n|inactive|Millamojake has 30 seconds left.\n|inactive|Millamojake has 20 seconds left.\n|inactive|Millamojake has 15 seconds left.\n|inactive|Millamojake has 10 seconds left.\n|\n|t:|1683218409\n|move|p2b: Palafin|Protect|p2b: Palafin\n|-singleturn|p2b: Palafin|Protect\n|move|p1a: Drifblim|Tailwind|p1a: Drifblim\n|-sidestart|p1: TogoVGC|move: Tailwind\n|move|p1b: Indeedee|Psyshock|p2b: Palafin\n|-activate|p2b: Palafin|move: Protect\n|move|p2a: Pelipper|Tailwind|p2a: Pelipper\n|-sidestart|p2: Millamojake|move: Tailwind\n|\n|-weather|RainDance|[upkeep]\n|upkeep\n|turn|2\n|\n|t:|1683218431\n|detailschange|p2b: Palafin|Palafin-Hero, L50, F, shiny\n|switch|p2b: Gholdengo|Gholdengo, L50|100\/100\n|switch|p2a: Tinkaton|Tinkaton, L50, F, shiny|100\/100\n|-ability|p2a: Tinkaton|Mold Breaker\n|move|p1b: Indeedee|Protect|p1b: Indeedee\n|-singleturn|p1b: Indeedee|Protect\n|move|p1a: Drifblim|Explosion|p2a: Tinkaton|[spread] p2a\n|-activate|p1b: Indeedee|move: Protect\n|-immune|p2b: Gholdengo\n|-resisted|p2a: Tinkaton\n|-damage|p2a: Tinkaton|75\/100\n|faint|p1a: Drifblim\n|\n|-weather|RainDance|[upkeep]\n|upkeep\n|\n|t:|1683218439\n|switch|p1a: Chi-Yu|Chi-Yu, L50|100\/100\n|-ability|p1a: Chi-Yu|Beads of Ruin\n|turn|3\n|inactive|Millamojake has 30 seconds left.\n|\n|t:|1683218473\n|-terastallize|p2b: Gholdengo|Water\n|move|p1a: Chi-Yu|Heat Wave|p2b: Gholdengo|[spread] p2a\n|-miss|p1a: Chi-Yu|p2b: Gholdengo\n|-supereffective|p2a: Tinkaton\n|-damage|p2a: Tinkaton|40\/100\n|-enditem|p2a: Tinkaton|Sitrus Berry|[eat]\n|-heal|p2a: Tinkaton|65\/100|[from] item: Sitrus Berry\n|move|p1b: Indeedee|Dazzling Gleam|p2b: Gholdengo|[spread] p2a,p2b\n|-resisted|p2a: Tinkaton\n|-damage|p2a: Tinkaton|55\/100\n|-damage|p2b: Gholdengo|68\/100\n|-damage|p1b: Indeedee|91\/100|[from] item: Life Orb\n|move|p2a: Tinkaton|Thunder Wave|p1b: Indeedee\n|-status|p1b: Indeedee|par\n|move|p2b: Gholdengo|Nasty Plot|p2b: Gholdengo\n|-boost|p2b: Gholdengo|spa|2\n|\n|-weather|RainDance|[upkeep]\n|upkeep\n|turn|4\n|inactive|TogoVGC has 30 seconds left.\n|\n|t:|1683218507\n|move|p2b: Gholdengo|Protect|p2b: Gholdengo\n|-singleturn|p2b: Gholdengo|Protect\n|move|p1b: Indeedee|Protect|p1b: Indeedee\n|-singleturn|p1b: Indeedee|Protect\n|move|p1a: Chi-Yu|Heat Wave|p2b: Gholdengo|[spread] p2a\n|-activate|p2b: Gholdengo|move: Protect\n|-supereffective|p2a: Tinkaton\n|-damage|p2a: Tinkaton|20\/100\n|move|p2a: Tinkaton|Play Rough|p1a: Chi-Yu\n|-damage|p1a: Chi-Yu|66\/100\n|-unboost|p1a: Chi-Yu|atk|1\n|\n|-weather|RainDance|[upkeep]\n|-sideend|p2: Millamojake|move: Tailwind\n|-sideend|p1: TogoVGC|move: Tailwind\n|upkeep\n|turn|5\n|inactive|Millamojake has 30 seconds left.\n|\n|t:|1683218534\n|switch|p2a: Palafin|Palafin-Hero, L50, F, shiny|100\/100\n|-activate|p2a: Palafin|ability: Zero to Hero\n|move|p1a: Chi-Yu|Heat Wave|p2a: Palafin|[spread] p2a,p2b\n|-resisted|p2a: Palafin\n|-resisted|p2b: Gholdengo\n|-damage|p2a: Palafin|86\/100\n|-damage|p2b: Gholdengo|55\/100\n|move|p2b: Gholdengo|Make It Rain|p1a: Chi-Yu|[spread] p1a,p1b\n|-resisted|p1a: Chi-Yu\n|-damage|p1a: Chi-Yu|0 fnt\n|-damage|p1b: Indeedee|0 fnt\n|-unboost|p2b: Gholdengo|spa|1\n|faint|p1a: Chi-Yu\n|faint|p1b: Indeedee\n|-damage|p2b: Gholdengo|45\/100|[from] item: Life Orb\n|\n|-weather|RainDance|[upkeep]\n|-fieldend|move: Psychic Terrain\n|upkeep\n|\n|t:|1683218549\n|switch|p1b: Maushold|Maushold-Four, L50|100\/100\n|turn|6\n|-message|TogoVGC forfeited.\n|\n|win|Millamojake\n|raw|TogoVGC's rating: 1344 → 1323<\/strong> (-21 for losing)\n|raw|Millamojake's rating: 1326 → 1347<\/strong> (+21 for winning)\n|l|\u2606TogoVGC\n","uploadtime":1683218583,"views":12,"p1id":"togovgc","p2id":"millamojake","formatid":"gen9vgc2023regulationc","rating":1323,"private":0,"password":""}