{"id":"gen9vgc2023regulationc-1845145546","p1":"testin2","p2":"12123434a","format":"[Gen 9] VGC 2023 Regulation C","log":"|j|\u2606testin2\n|j|\u260612123434a\n|t:|1681688966\n|gametype|doubles\n|player|p1|testin2|265|1142\n|player|p2|12123434a|twins-gen4dp|1067\n|teamsize|p1|6\n|teamsize|p2|6\n|gen|9\n|tier|[Gen 9] VGC 2023 Regulation C\n|rated|\n|rule|Species Clause: Limit one of each Pok\u00e9mon\n|rule|Item Clause: Limit one of each item\n|clearpoke\n|poke|p1|Tatsugiri, L50, M|\n|poke|p1|Dragapult, L50, F|\n|poke|p1|Dondozo, L50, F|\n|poke|p1|Gothitelle, L50, F|\n|poke|p1|Slowking, L50, F|\n|poke|p1|Gengar, L50, M|\n|poke|p2|Pelipper, L50, F|\n|poke|p2|Iron Moth, L50|\n|poke|p2|Grimmsnarl, L50, M|\n|poke|p2|Masquerain, L50, M|\n|poke|p2|Palafin, L50, M|\n|poke|p2|Beartic, L50, M|\n|teampreview|4\n|inactive|Battle timer is ON: inactive players will automatically lose when time's up. (requested by 12123434a)\n|\n|t:|1681688986\n|start\n|switch|p1a: Matilda|Gothitelle, L50, F|100\/100\n|switch|p1b: Covid Related?|Gengar, L50, M|100\/100\n|switch|p2a: Pelipper|Pelipper, L50, F|100\/100\n|switch|p2b: Iron Moth|Iron Moth, L50|100\/100\n|-weather|RainDance|[from] ability: Drizzle|[of] p2a: Pelipper\n|turn|1\n|\n|t:|1681688997\n|move|p1a: Matilda|Fake Out|p2b: Iron Moth\n|-damage|p2b: Iron Moth|91\/100\n|move|p1b: Covid Related?|Taunt|p2a: Pelipper\n|-start|p2a: Pelipper|move: Taunt\n|cant|p2b: Iron Moth|flinch\n|move|p2a: Pelipper|Hurricane|p1a: Matilda\n|-damage|p1a: Matilda|73\/100\n|\n|-weather|RainDance|[upkeep]\n|upkeep\n|turn|2\n|\n|t:|1681689013\n|-terastallize|p1a: Matilda|Normal\n|move|p1b: Covid Related?|Perish Song|p1b: Covid Related?\n|-start|p1a: Matilda|perish3|[silent]\n|-start|p1b: Covid Related?|perish3|[silent]\n|-start|p2a: Pelipper|perish3|[silent]\n|-start|p2b: Iron Moth|perish3|[silent]\n|-fieldactivate|move: Perish Song\n|move|p2b: Iron Moth|Hurricane|p1a: Matilda\n|-damage|p1a: Matilda|40\/100\n|move|p2a: Pelipper|Hurricane|p1a: Matilda\n|-damage|p1a: Matilda|8\/100\n|move|p1a: Matilda|Rest|p1a: Matilda\n|-status|p1a: Matilda|slp|[from] move: Rest\n|-heal|p1a: Matilda|100\/100 slp|[silent]\n|-enditem|p1a: Matilda|Chesto Berry|[eat]\n|-curestatus|p1a: Matilda|slp|[msg]\n|\n|-weather|RainDance|[upkeep]\n|-start|p2b: Iron Moth|perish3\n|-start|p1b: Covid Related?|perish3\n|-start|p1a: Matilda|perish3\n|-start|p2a: Pelipper|perish3\n|upkeep\n|turn|3\n|c|\u260612123434a|Lol\n|\n|t:|1681689035\n|switch|p1b: Oww|Slowking, L50, F|100\/100\n|move|p1a: Matilda|Protect|p1a: Matilda\n|-singleturn|p1a: Matilda|Protect\n|move|p2b: Iron Moth|Hurricane|p1a: Matilda\n|-activate|p1a: Matilda|move: Protect\n|move|p2a: Pelipper|U-turn|p1a: Matilda\n|-activate|p1a: Matilda|move: Protect\n|\n|-weather|RainDance|[upkeep]\n|-end|p2a: Pelipper|move: Taunt\n|-start|p2b: Iron Moth|perish2\n|-start|p1a: Matilda|perish2\n|-start|p2a: Pelipper|perish2\n|upkeep\n|turn|4\n|\n|t:|1681689053\n|switch|p1a: Here I Go Again|Dondozo, L50, F, shiny|100\/100\n|move|p2b: Iron Moth|Energy Ball|p1b: Oww\n|-supereffective|p1b: Oww\n|-damage|p1b: Oww|55\/100\n|move|p2a: Pelipper|U-turn|p1a: Here I Go Again\n|-damage|p1a: Here I Go Again|96\/100\n|\n|t:|1681689062\n|switch|p2a: Palafin|Palafin, L50, M|100\/100|[from] U-turn\n|move|p1b: Oww|Chilly Reception|p1b: Oww\n|-weather|Snow\n|\n|t:|1681689067\n|switch|p1b: Matilda|Gothitelle, L50, F, tera:Normal|100\/100|[from] Chilly Reception\n|\n|-weather|Snow|[upkeep]\n|-start|p2b: Iron Moth|perish1\n|upkeep\n|turn|5\n|\n|t:|1681689081\n|move|p2a: Palafin|Protect|p2a: Palafin\n|-singleturn|p2a: Palafin|Protect\n|move|p1b: Matilda|Fake Out|p2b: Iron Moth\n|-damage|p2b: Iron Moth|77\/100\n|cant|p2b: Iron Moth|flinch\n|move|p1a: Here I Go Again|Fissure|p2a: Palafin\n|-activate|p2a: Palafin|move: Protect\n|\n|-weather|Snow|[upkeep]\n|-start|p2b: Iron Moth|perish0\n|faint|p2b: Iron Moth\n|-end|p2b: Iron Moth|Quark Drive|[silent]\n|upkeep\n|\n|t:|1681689094\n|switch|p2b: Pelipper|Pelipper, L50, F|100\/100\n|-weather|RainDance|[from] ability: Drizzle|[of] p2b: Pelipper\n|turn|6\n|\n|t:|1681689115\n|move|p2a: Palafin|Flip Turn|p1b: Matilda\n|-damage|p1b: Matilda|60\/100\n|\n|t:|1681689119\n|detailschange|p2a: Palafin|Palafin-Hero, L50, M\n|switch|p2a: Beartic|Beartic, L50, M|100\/100|[from] Flip Turn\n|move|p2b: Pelipper|Hurricane|p1b: Matilda\n|-damage|p1b: Matilda|29\/100\n|-start|p1b: Matilda|confusion\n|-activate|p1b: Matilda|confusion\n|move|p1b: Matilda|Psyshock|p2a: Beartic\n|-damage|p2a: Beartic|70\/100\n|move|p1a: Here I Go Again|Wave Crash|p2a: Beartic\n|-damage|p2a: Beartic|0 fnt\n|faint|p2a: Beartic\n|-damage|p1a: Here I Go Again|79\/100|[from] Recoil\n|\n|-weather|RainDance|[upkeep]\n|upkeep\n|\n|t:|1681689131\n|switch|p2a: Palafin|Palafin-Hero, L50, M|100\/100\n|-activate|p2a: Palafin|ability: Zero to Hero\n|turn|7\n|inactive|12123434a has 30 seconds left.\n|\n|t:|1681689166\n|switch|p1b: Oww|Slowking, L50, F|88\/100\n|move|p2a: Palafin|Protect|p2a: Palafin\n|-singleturn|p2a: Palafin|Protect\n|move|p2b: Pelipper|Hurricane|p1a: Here I Go Again\n|-damage|p1a: Here I Go Again|62\/100\n|move|p1a: Here I Go Again|Fissure|p2a: Palafin\n|-activate|p2a: Palafin|move: Protect\n|\n|-weather|RainDance|[upkeep]\n|upkeep\n|turn|8\n|\n|t:|1681689182\n|-terastallize|p2a: Palafin|Water\n|move|p2a: Palafin|Wave Crash|p1a: Here I Go Again\n|-resisted|p1a: Here I Go Again\n|-damage|p1a: Here I Go Again|11\/100\n|-damage|p2a: Palafin|79\/100|[from] Recoil\n|move|p2b: Pelipper|Hurricane|p1a: Here I Go Again\n|-damage|p1a: Here I Go Again|0 fnt\n|faint|p1a: Here I Go Again\n|move|p1b: Oww|Trick Room|p1b: Oww\n|-fieldstart|move: Trick Room|[of] p1b: Oww\n|\n|-weather|RainDance|[upkeep]\n|upkeep\n|c|\u260612123434a|Ggs\n|\n|t:|1681689190\n|switch|p1a: Covid Related?|Gengar, L50, M|100\/100\n|turn|9\n|\n|t:|1681689199\n|move|p2a: Palafin|Protect|p2a: Palafin\n|-singleturn|p2a: Palafin|Protect\n|move|p1b: Oww|Chilly Reception|p1b: Oww\n|-weather|Snow\n|\n|t:|1681689204\n|switch|p1b: Matilda|Gothitelle, L50, F, tera:Normal|29\/100|[from] Chilly Reception\n|move|p2b: Pelipper|Hurricane|p1b: Matilda\n|-damage|p1b: Matilda|0 fnt\n|faint|p1b: Matilda\n|move|p1a: Covid Related?|Perish Song|p1a: Covid Related?\n|-start|p1a: Covid Related?|perish3|[silent]\n|-start|p2a: Palafin|perish3|[silent]\n|-start|p2b: Pelipper|perish3|[silent]\n|-fieldactivate|move: Perish Song\n|\n|-weather|Snow|[upkeep]\n|-start|p2b: Pelipper|perish3\n|-start|p2a: Palafin|perish3\n|-start|p1a: Covid Related?|perish3\n|upkeep\n|\n|t:|1681689215\n|switch|p1b: Oww|Slowking, L50, F|100\/100\n|turn|10\n|\n|t:|1681689224\n|move|p2a: Palafin|Jet Punch|p1a: Covid Related?\n|-enditem|p1a: Covid Related?|Focus Sash\n|-damage|p1a: Covid Related?|1\/100\n|move|p1b: Oww|Psychic|p2a: Palafin\n|-damage|p2a: Palafin|46\/100\n|move|p2b: Pelipper|U-turn|p1b: Oww\n|-supereffective|p1b: Oww\n|-damage|p1b: Oww|84\/100\n|move|p1a: Covid Related?|Destiny Bond|p1a: Covid Related?\n|-singlemove|p1a: Covid Related?|Destiny Bond\n|\n|-weather|Snow|[upkeep]\n|-start|p2b: Pelipper|perish2\n|-start|p2a: Palafin|perish2\n|-start|p1a: Covid Related?|perish2\n|upkeep\n|turn|11\n|\n|t:|1681689245\n|move|p1b: Oww|Psychic|p2b: Pelipper\n|-damage|p2b: Pelipper|56\/100\n|move|p2b: Pelipper|Hurricane|p1b: Oww|[miss]\n|-miss|p2b: Pelipper|p1b: Oww\n|move|p2a: Palafin|Wave Crash|p1b: Oww\n|-resisted|p1b: Oww\n|-damage|p1b: Oww|21\/100\n|-damage|p2a: Palafin|25\/100|[from] Recoil\n|move|p1a: Covid Related?|Taunt|p2a: Palafin\n|-start|p2a: Palafin|move: Taunt\n|\n|-weather|Snow|[upkeep]\n|-start|p2b: Pelipper|perish1\n|-start|p2a: Palafin|perish1\n|-start|p1a: Covid Related?|perish1\n|upkeep\n|turn|12\n|inactive|12123434a has 30 seconds left.\n|inactive|12123434a has 20 seconds left.\n|inactive|12123434a has 15 seconds left.\n|inactive|12123434a has 10 seconds left.\n|inactive|12123434a has 5 seconds left.\n|\n|t:|1681689296\n|move|p2a: Palafin|Jet Punch|p1a: Covid Related?\n|-damage|p1a: Covid Related?|0 fnt\n|-start|p2a: Palafin|Disable|Jet Punch|[from] ability: Cursed Body|[of] p1a: Covid Related?\n|faint|p1a: Covid Related?\n|move|p1b: Oww|Heal Pulse|p1: Covid Related?|[notarget]\n|-fail|p1b: Oww\n|move|p2b: Pelipper|Hurricane|p1b: Oww\n|-damage|p1b: Oww|0 fnt\n|faint|p1b: Oww\n|\n|win|12123434a\n|raw|testin2's rating: 1142 → 1112<\/strong> (-30 for losing)\n|raw|12123434a's rating: 1067 → 1103<\/strong> (+36 for winning)\n|c|\u260612123434a|Yes\n|c|\u260612123434a|Nice\n|c|\u260612123434a|Gg\n|l|\u2606testin2\n|c|\u260612123434a|Had ne sweating\n","uploadtime":1681689316,"views":6,"p1id":"testin2","p2id":"12123434a","formatid":"gen9vgc2023regulationc","rating":1103,"private":0,"password":""}