{"id":"gen9vgc2023regulationc-1845219977","p1":"vyctvyc5fd5f6f5","p2":"BandTingLu","format":"[Gen 9] VGC 2023 Regulation C","log":"|j|\u2606vyctvyc5fd5f6f5\n|j|\u2606BandTingLu\n|t:|1681697992\n|gametype|doubles\n|player|p1|vyctvyc5fd5f6f5|blue|1084\n|player|p2|BandTingLu|265|1057\n|teamsize|p1|6\n|teamsize|p2|6\n|gen|9\n|tier|[Gen 9] VGC 2023 Regulation C\n|rated|\n|rule|Species Clause: Limit one of each Pok\u00e9mon\n|rule|Item Clause: Limit one of each item\n|clearpoke\n|poke|p1|Dragonite, L50, M|\n|poke|p1|Chien-Pao, L50|\n|poke|p1|Iron Bundle, L50|\n|poke|p1|Corviknight, L50, F|\n|poke|p1|Maushold, L50|\n|poke|p1|Great Tusk, L50|\n|poke|p2|Ting-Lu, L50|\n|poke|p2|Bronzong, L50|\n|poke|p2|Iron Hands, L50|\n|poke|p2|Amoonguss, L50, F|\n|poke|p2|Flutter Mane, L50|\n|poke|p2|Gyarados, L50, F|\n|teampreview|4\nvyctvyc5fd5f6f5 rejected open team sheets.\n|\n|t:|1681698041\n|start\n|switch|p1a: Corviknight|Corviknight, L50, F|100\/100\n|switch|p1b: Iron Bundle|Iron Bundle, L50|100\/100\n|switch|p2a: Bronzong|Bronzong, L50|100\/100\n|switch|p2b: Iron Hands|Iron Hands, L50|100\/100\n|-enditem|p1b: Iron Bundle|Booster Energy\n|-activate|p1b: Iron Bundle|ability: Quark Drive|[fromitem]\n|-start|p1b: Iron Bundle|quarkdrivespe\n|turn|1\n|\n|t:|1681698069\n|move|p1b: Iron Bundle|Protect|p1b: Iron Bundle\n|-singleturn|p1b: Iron Bundle|Protect\n|move|p1a: Corviknight|U-turn|p2a: Bronzong\n|-damage|p2a: Bronzong|79\/100\n|\n|t:|1681698077\n|switch|p1a: Great Tusk|Great Tusk, L50|100\/100|[from] U-turn\n|move|p2b: Iron Hands|Drain Punch|p1b: Iron Bundle\n|-activate|p1b: Iron Bundle|move: Protect\n|move|p2a: Bronzong|Trick Room|p2a: Bronzong\n|-fieldstart|move: Trick Room|[of] p2a: Bronzong\n|\n|upkeep\n|turn|2\n|\n|t:|1681698106\n|-terastallize|p2b: Iron Hands|Grass\n|move|p2a: Bronzong|Helping Hand|p2b: Iron Hands\n|-singleturn|p2b: Iron Hands|Helping Hand|[of] p2a: Bronzong\n|move|p2b: Iron Hands|Wild Charge|p1b: Iron Bundle\n|-supereffective|p1b: Iron Bundle\n|-damage|p1b: Iron Bundle|0 fnt\n|faint|p1b: Iron Bundle\n|-end|p1b: Iron Bundle|Quark Drive|[silent]\n|-damage|p2b: Iron Hands|86\/100|[from] Recoil\n|move|p1a: Great Tusk|Headlong Rush|p2b: Iron Hands\n|-resisted|p2b: Iron Hands\n|-crit|p2b: Iron Hands\n|-damage|p2b: Iron Hands|56\/100\n|-unboost|p1a: Great Tusk|def|1\n|-unboost|p1a: Great Tusk|spd|1\n|\n|upkeep\n|\n|t:|1681698121\n|switch|p1b: Corviknight|Corviknight, L50, F|100\/100\n|turn|3\n|\n|t:|1681698147\n|switch|p2a: Gyarados|Gyarados, L50, F|100\/100\n|-ability|p2a: Gyarados|Intimidate|boost\n|-unboost|p1a: Great Tusk|atk|1\n|-ability|p1b: Corviknight|Mirror Armor\n|-unboost|p2a: Gyarados|atk|1\n|-end|p1a: Great Tusk|Protosynthesis|[silent]\n|switch|p1a: Chien-Pao|Chien-Pao, L50|100\/100\n|-ability|p1a: Chien-Pao|Sword of Ruin\n|-terastallize|p1b: Corviknight|Fire\n|move|p2b: Iron Hands|Drain Punch|p1a: Chien-Pao\n|-supereffective|p1a: Chien-Pao\n|-enditem|p1a: Chien-Pao|Focus Sash\n|-damage|p1a: Chien-Pao|1\/100\n|-heal|p2b: Iron Hands|90\/100|[from] drain|[of] p1a: Chien-Pao\n|move|p1b: Corviknight|Tera Blast|p2b: Iron Hands\n|-supereffective|p2b: Iron Hands\n|-damage|p2b: Iron Hands|0 fnt\n|faint|p2b: Iron Hands\n|-end|p2b: Iron Hands|Quark Drive|[silent]\n|\n|upkeep\n|\n|t:|1681698183\n|switch|p2b: Ting-Lu|Ting-Lu, L50|100\/100\n|-ability|p2b: Ting-Lu|Vessel of Ruin\n|turn|4\n|\n|t:|1681698206\n|switch|p1b: Great Tusk|Great Tusk, L50|100\/100\n|move|p2a: Gyarados|Helping Hand|p2b: Ting-Lu\n|-singleturn|p2b: Ting-Lu|Helping Hand|[of] p2a: Gyarados\n|move|p1a: Chien-Pao|Protect|p1a: Chien-Pao\n|-singleturn|p1a: Chien-Pao|Protect\n|move|p2b: Ting-Lu|Rock Slide|p1b: Great Tusk|[spread] p1b\n|-activate|p1a: Chien-Pao|move: Protect\n|-resisted|p1b: Great Tusk\n|-damage|p1b: Great Tusk|91\/100\n|\n|upkeep\n|turn|5\n|\n|t:|1681698234\n|move|p2b: Ting-Lu|Rock Slide|p1a: Chien-Pao|[spread] p1a,p1b\n|-supereffective|p1a: Chien-Pao\n|-resisted|p1b: Great Tusk\n|-damage|p1a: Chien-Pao|0 fnt\n|-damage|p1b: Great Tusk|85\/100\n|faint|p1a: Chien-Pao\n|move|p2a: Gyarados|Waterfall|p1b: Great Tusk\n|-supereffective|p1b: Great Tusk\n|-damage|p1b: Great Tusk|53\/100\n|cant|p1b: Great Tusk|flinch\n|\n|-fieldend|move: Trick Room\n|upkeep\n|\n|t:|1681698246\n|switch|p1a: Corviknight|Corviknight, L50, F, tera:Fire|100\/100\n|turn|6\n|\n|t:|1681698273\n|move|p1b: Great Tusk|Ice Spinner|p2b: Ting-Lu\n|-supereffective|p2b: Ting-Lu\n|-damage|p2b: Ting-Lu|65\/100\n|move|p2a: Gyarados|Thunder Wave|p1a: Corviknight\n|-status|p1a: Corviknight|par\n|move|p2b: Ting-Lu|Rock Slide|p1a: Corviknight|[spread] p1b\n|-miss|p2b: Ting-Lu|p1a: Corviknight\n|-resisted|p1b: Great Tusk\n|-damage|p1b: Great Tusk|48\/100\n|move|p1a: Corviknight|Brave Bird|p2a: Gyarados\n|-damage|p2a: Gyarados|30\/100\n|-damage|p1a: Corviknight|75\/100 par|[from] Recoil\n|\n|upkeep\n|turn|7\n|\n|t:|1681698305\n|move|p1b: Great Tusk|Ice Spinner|p2a: Gyarados\n|-damage|p2a: Gyarados|6\/100\n|move|p2a: Gyarados|Waterfall|p1b: Great Tusk\n|-supereffective|p1b: Great Tusk\n|-damage|p1b: Great Tusk|13\/100\n|move|p2b: Ting-Lu|Rock Slide|p1a: Corviknight|[spread] p1a,p1b\n|-supereffective|p1a: Corviknight\n|-resisted|p1b: Great Tusk\n|-damage|p1a: Corviknight|20\/100 par\n|-damage|p1b: Great Tusk|8\/100\n|cant|p1a: Corviknight|par\n|\n|upkeep\n|turn|8\n|\n|t:|1681698326\n|switch|p2a: Bronzong|Bronzong, L50|79\/100\n|move|p1b: Great Tusk|Ice Spinner|p2a: Bronzong\n|-resisted|p2a: Bronzong\n|-damage|p2a: Bronzong|69\/100\n|move|p2b: Ting-Lu|Rock Slide|p1b: Great Tusk|[spread] p1a,p1b\n|-supereffective|p1a: Corviknight\n|-resisted|p1b: Great Tusk\n|-damage|p1a: Corviknight|0 fnt\n|-damage|p1b: Great Tusk|3\/100\n|faint|p1a: Corviknight\n|\n|upkeep\n|turn|9\n|\n|t:|1681698344\n|move|p1b: Great Tusk|Ice Spinner|p2b: Ting-Lu\n|-supereffective|p2b: Ting-Lu\n|-damage|p2b: Ting-Lu|31\/100\n|move|p2b: Ting-Lu|Rock Slide|p1b: Great Tusk\n|-resisted|p1b: Great Tusk\n|-damage|p1b: Great Tusk|0 fnt\n|faint|p1b: Great Tusk\n|-end|p1b: Great Tusk|Protosynthesis|[silent]\n|\n|win|BandTingLu\n|raw|vyctvyc5fd5f6f5's rating: 1084 → 1060<\/strong> (-24 for losing)\n|raw|BandTingLu's rating: 1057 → 1091<\/strong> (+34 for winning)\n","uploadtime":1681698353,"views":9,"p1id":"vyctvyc5fd5f6f5","p2id":"bandtinglu","formatid":"gen9vgc2023regulationc","rating":1060,"private":0,"password":""}