{"id":"gen9vgc2023regulationc-1850342278","p1":"Xalvadore","p2":"ItheraelITA","format":"[Gen 9] VGC 2023 Regulation C","log":"|j|\u2606Xalvadore\n|j|\u2606ItheraelITA\n|t:|1682321446\n|gametype|doubles\n|player|p1|Xalvadore|marnie|1228\n|player|p2|ItheraelITA|1|1139\n|teamsize|p1|6\n|teamsize|p2|6\n|gen|9\n|tier|[Gen 9] VGC 2023 Regulation C\n|rated|\n|rule|Species Clause: Limit one of each Pok\u00e9mon\n|rule|Item Clause: Limit one of each item\n|clearpoke\n|poke|p1|Dragonite, L50, M|\n|poke|p1|Tyranitar, L50, F|\n|poke|p1|Gastrodon, L50, M|\n|poke|p1|Arcanine, L50, M|\n|poke|p1|Meowscarada, L50, M|\n|poke|p1|Corviknight, L50, M|\n|poke|p2|Eelektross, L50, M|\n|poke|p2|Indeedee-F, L50, F|\n|poke|p2|Dragapult, L50, M|\n|poke|p2|Chien-Pao, L50|\n|poke|p2|Tauros-Paldea-Blaze, L50, M|\n|poke|p2|Glimmora, L50, M|\n|teampreview|4\nXalvadore has agreed to open team sheets.\n|\n|t:|1682321481\n|start\n|switch|p1a: Tyranitar|Tyranitar, L50, F|100\/100\n|switch|p1b: Corviknight|Corviknight, L50, M|100\/100\n|switch|p2a: Indeedee|Indeedee-F, L50, F|100\/100\n|switch|p2b: Eelektross|Eelektross, L50, M, shiny|100\/100\n|-fieldstart|move: Psychic Terrain|[from] ability: Psychic Surge|[of] p2a: Indeedee\n|-weather|Sandstorm|[from] ability: Sand Stream|[of] p1a: Tyranitar\n|turn|1\n|inactive|Battle timer is ON: inactive players will automatically lose when time's up. (requested by ItheraelITA)\n|\n|t:|1682321502\n|move|p2a: Indeedee|Hyper Voice|p1b: Corviknight|[spread] p1a,p1b\n|-resisted|p1a: Tyranitar\n|-resisted|p1b: Corviknight\n|-damage|p1a: Tyranitar|93\/100\n|-damage|p1b: Corviknight|89\/100\n|move|p1b: Corviknight|Roost|p1b: Corviknight\n|-heal|p1b: Corviknight|100\/100\n|-singleturn|p1b: Corviknight|move: Roost\n|move|p1a: Tyranitar|Dark Pulse|p2a: Indeedee\n|-supereffective|p2a: Indeedee\n|-damage|p2a: Indeedee|0 fnt\n|faint|p2a: Indeedee\n|move|p2b: Eelektross|Close Combat|p1a: Tyranitar\n|-supereffective|p1a: Tyranitar\n|-damage|p1a: Tyranitar|0 fnt\n|-unboost|p2b: Eelektross|def|1\n|-unboost|p2b: Eelektross|spd|1\n|faint|p1a: Tyranitar\n|\n|-weather|Sandstorm|[upkeep]\n|-damage|p2b: Eelektross|94\/100|[from] Sandstorm\n|upkeep\n|c|\u2606ItheraelITA|special tyranitar\n|c|\u2606ItheraelITA|dinamax era?\n|c|\u2606ItheraelITA|xd\n|\n|t:|1682321526\n|switch|p2a: Glimmora|Glimmora, L50, M|100\/100\n|switch|p1a: Gastrodon|Gastrodon, L50, M|100\/100\n|turn|2\n|\n|t:|1682321542\n|switch|p1b: Meowscarada|Meowscarada, L50, M|100\/100\n|move|p2a: Glimmora|Protect|p2a: Glimmora\n|-singleturn|p2a: Glimmora|Protect\n|move|p2b: Eelektross|Bulldoze|p1b: Meowscarada|[spread] p1a,p1b\n|-activate|p2a: Glimmora|move: Protect\n|-crit|p1a: Gastrodon\n|-resisted|p1b: Meowscarada\n|-damage|p1a: Gastrodon|78\/100\n|-damage|p1b: Meowscarada|88\/100\n|-unboost|p1a: Gastrodon|spe|1\n|-unboost|p1b: Meowscarada|spe|1\n|move|p1a: Gastrodon|Muddy Water|p2a: Glimmora|[spread] \n|-activate|p2a: Glimmora|move: Protect\n|-miss|p1a: Gastrodon|p2b: Eelektross\n|\n|-weather|Sandstorm|[upkeep]\n|-damage|p1b: Meowscarada|82\/100|[from] Sandstorm\n|-damage|p2b: Eelektross|88\/100|[from] Sandstorm\n|upkeep\n|turn|3\n|c|\u2606Xalvadore|Makes those pesky burns not a factor\n|inactive|Xalvadore has 30 seconds left.\n|c|\u2606ItheraelITA|gg\n|\n|t:|1682321571\n|-terastallize|p2b: Eelektross|Electric\n|move|p1b: Meowscarada|Flower Trick|p2b: Eelektross\n|-crit|p2b: Eelektross\n|-damage|p2b: Eelektross|0 fnt\n|faint|p2b: Eelektross\n|-damage|p1b: Meowscarada|72\/100|[from] item: Life Orb\n|move|p2a: Glimmora|Power Gem|p1b: Meowscarada\n|-damage|p1b: Meowscarada|2\/100\n|move|p1a: Gastrodon|Recover|p1a: Gastrodon\n|-heal|p1a: Gastrodon|100\/100\n|\n|-weather|Sandstorm|[upkeep]\n|-damage|p1b: Meowscarada|0 fnt|[from] Sandstorm\n|faint|p1b: Meowscarada\n|upkeep\n|c|\u2606ItheraelITA|no switch serius?\n|c|\u2606ItheraelITA|spechless\n|\n|t:|1682321586\n|switch|p1b: Corviknight|Corviknight, L50, M|100\/100\n|switch|p2b: Chien-Pao|Chien-Pao, L50|100\/100\n|-ability|p2b: Chien-Pao|Sword of Ruin\n|turn|4\n|c|\u2606Xalvadore|I'm still in this\n|\n|t:|1682321608\n|-terastallize|p1a: Gastrodon|Fairy\n|move|p2b: Chien-Pao|Protect|p2b: Chien-Pao\n|-singleturn|p2b: Chien-Pao|Protect\n|move|p2a: Glimmora|Energy Ball|p1a: Gastrodon\n|-damage|p1a: Gastrodon|65\/100\n|move|p1b: Corviknight|Body Press|p2a: Glimmora\n|-damage|p2a: Glimmora|66\/100\n|-activate|p2a: Glimmora|ability: Toxic Debris\n|-sidestart|p1: Xalvadore|move: Toxic Spikes\n|move|p1a: Gastrodon|Tera Blast|p2b: Chien-Pao\n|-activate|p2b: Chien-Pao|move: Protect\n|\n|-weather|Sandstorm|[upkeep]\n|-damage|p2b: Chien-Pao|95\/100|[from] Sandstorm\n|-damage|p1a: Gastrodon|59\/100|[from] Sandstorm\n|upkeep\n|turn|5\n|c|\u2606ItheraelITA|...\n|\n|t:|1682321630\n|move|p2b: Chien-Pao|Ice Spinner|p1b: Corviknight\n|-damage|p1b: Corviknight|62\/100\n|-fieldend|move: Psychic Terrain\n|move|p2a: Glimmora|Power Gem|p1b: Corviknight\n|-damage|p1b: Corviknight|23\/100\n|move|p1b: Corviknight|Iron Head|p2a: Glimmora\n|-supereffective|p2a: Glimmora\n|-damage|p2a: Glimmora|0 fnt\n|-activate|p2a: Glimmora|ability: Toxic Debris\n|-sidestart|p1: Xalvadore|move: Toxic Spikes\n|faint|p2a: Glimmora\n|move|p1a: Gastrodon|Tera Blast|p2b: Chien-Pao\n|-supereffective|p2b: Chien-Pao\n|-damage|p2b: Chien-Pao|0 fnt\n|faint|p2b: Chien-Pao\n|\n|win|Xalvadore\n|raw|Xalvadore's rating: 1228 → 1247<\/strong> (+19 for winning)\n|raw|ItheraelITA's rating: 1139 → 1120<\/strong> (-19 for losing)\n|c|\u2606ItheraelITA|i not understand\n|c|\u2606Xalvadore|Like that\n|c|\u2606ItheraelITA|change game\n|c|\u2606ItheraelITA|xd\n|l|\u2606ItheraelITA\n|c|\u2606Xalvadore|gg\n","uploadtime":1682321655,"views":24,"p1id":"xalvadore","p2id":"itheraelita","formatid":"gen9vgc2023regulationc","rating":1120,"private":0,"password":""}