{"id":"gen9vgc2023regulationc-1849229313","p1":"KxngChristian","p2":"PatuDucc","format":"[Gen 9] VGC 2023 Regulation C","log":"|j|\u2606KxngChristian\n|j|\u2606PatuDucc\n|t:|1682175407\n|gametype|doubles\n|player|p1|KxngChristian|colress|1111\n|player|p2|PatuDucc|102|1028\n|teamsize|p1|6\n|teamsize|p2|6\n|gen|9\n|tier|[Gen 9] VGC 2023 Regulation C\n|rated|\n|rule|Species Clause: Limit one of each Pok\u00e9mon\n|rule|Item Clause: Limit one of each item\n|clearpoke\n|poke|p1|Chi-Yu, L50|\n|poke|p1|Gholdengo, L50|\n|poke|p1|Toedscruel, L50, F|\n|poke|p1|Glimmora, L50, F|\n|poke|p1|Goodra, L50, M|\n|poke|p1|Gyarados, L50, M|\n|poke|p2|Talonflame, L50, M|\n|poke|p2|Ting-Lu, L50|\n|poke|p2|Arboliva, L50, F|\n|poke|p2|Bronzong, L50|\n|poke|p2|Chien-Pao, L50|\n|poke|p2|Gyarados, L50, M|\n|teampreview|4\n|\n|t:|1682175456\n|start\n|switch|p1a: Golden|Gholdengo, L50|100\/100\n|switch|p1b: Gisei 2.0|Glimmora, L50, F, shiny|100\/100\n|switch|p2a: Talonflame|Talonflame, L50, M|100\/100\n|switch|p2b: Ting-Lu|Ting-Lu, L50|100\/100\n|-ability|p2b: Ting-Lu|Vessel of Ruin\n|turn|1\n|\n|t:|1682175488\n|-terastallize|p1a: Golden|Normal\n|move|p2a: Talonflame|Flare Blitz|p1a: Golden\n|-damage|p1a: Golden|50\/100\n|-status|p1a: Golden|brn\n|-damage|p2a: Talonflame|83\/100|[from] Recoil\n|move|p1b: Gisei 2.0|Mortal Spin|p2a: Talonflame|[spread] p2a,p2b\n|-resisted|p2b: Ting-Lu\n|-damage|p2a: Talonflame|76\/100\n|-damage|p2b: Ting-Lu|99\/100\n|-status|p2a: Talonflame|psn\n|-status|p2b: Ting-Lu|psn\n|move|p1a: Golden|Dazzling Gleam|p2b: Ting-Lu|[spread] p2a,p2b\n|-resisted|p2a: Talonflame\n|-supereffective|p2b: Ting-Lu\n|-damage|p2a: Talonflame|60\/100 psn\n|-damage|p2b: Ting-Lu|76\/100 psn\n|-damage|p1a: Golden|40\/100 brn|[from] item: Life Orb\n|move|p2b: Ting-Lu|Earthquake|p1b: Gisei 2.0|[spread] p1a,p1b\n|-immune|p2a: Talonflame\n|-supereffective|p1b: Gisei 2.0\n|-damage|p1a: Golden|0 fnt\n|-damage|p1b: Gisei 2.0|0 fnt\n|-activate|p1b: Gisei 2.0|ability: Toxic Debris\n|-sidestart|p2: PatuDucc|move: Toxic Spikes\n|faint|p1a: Golden\n|faint|p1b: Gisei 2.0\n|\n|-damage|p2a: Talonflame|47\/100 psn|[from] psn\n|-damage|p2b: Ting-Lu|63\/100 psn|[from] psn\n|upkeep\n|\n|t:|1682175517\n|switch|p1b: Smile|Gyarados, L50, M, shiny|100\/100\n|switch|p1a: Blaze|Chi-Yu, L50|100\/100\n|-ability|p1a: Blaze|Beads of Ruin\n|-ability|p1b: Smile|Intimidate|boost\n|-unboost|p2a: Talonflame|atk|1\n|-unboost|p2b: Ting-Lu|atk|1\n|turn|2\n|\n|t:|1682175552\n|move|p2a: Talonflame|Brave Bird|p1a: Blaze\n|-damage|p1a: Blaze|51\/100\n|-damage|p2a: Talonflame|34\/100 psn|[from] Recoil\n|move|p1a: Blaze|Dark Pulse|p2a: Talonflame\n|-damage|p2a: Talonflame|0 fnt\n|faint|p2a: Talonflame\n|move|p1b: Smile|Dragon Dance|p1b: Smile\n|-boost|p1b: Smile|atk|1\n|-boost|p1b: Smile|spe|1\n|move|p2b: Ting-Lu|Earthquake|p1a: Blaze|[spread] p1a\n|-immune|p1b: Smile\n|-supereffective|p1a: Blaze\n|-damage|p1a: Blaze|0 fnt\n|faint|p1a: Blaze\n|\n|-damage|p2b: Ting-Lu|51\/100 psn|[from] psn\n|upkeep\n|\n|t:|1682175573\n|switch|p2a: Chien-Pao|Chien-Pao, L50|100\/100\n|-status|p2a: Chien-Pao|psn\n|-ability|p2a: Chien-Pao|Sword of Ruin\n|turn|3\n|\n|t:|1682175586\n|move|p1b: Smile|Protect|p1b: Smile\n|-singleturn|p1b: Smile|Protect\n|move|p2a: Chien-Pao|Haze|p2a: Chien-Pao\n|-clearallboost\n|move|p2b: Ting-Lu|Heavy Slam|p1b: Smile\n|-activate|p1b: Smile|move: Protect\n|\n|-damage|p2a: Chien-Pao|88\/100 psn|[from] psn\n|-damage|p2b: Ting-Lu|39\/100 psn|[from] psn\n|upkeep\n|turn|4\n|\n|t:|1682175607\n|move|p1b: Smile|Protect||[still]\n|-fail|p1b: Smile\n|move|p2a: Chien-Pao|Sucker Punch||[still]\n|-fail|p2a: Chien-Pao\n|move|p2b: Ting-Lu|Heavy Slam|p1b: Smile\n|-resisted|p1b: Smile\n|-damage|p1b: Smile|83\/100\n|\n|-damage|p2a: Chien-Pao|76\/100 psn|[from] psn\n|-damage|p2b: Ting-Lu|27\/100 psn|[from] psn\n|upkeep\n|turn|5\n|\n|t:|1682175624\n|move|p1b: Smile|Protect|p1b: Smile\n|-singleturn|p1b: Smile|Protect\n|move|p2a: Chien-Pao|Ice Shard|p1b: Smile\n|-activate|p1b: Smile|move: Protect\n|move|p2b: Ting-Lu|Heavy Slam|p1b: Smile\n|-activate|p1b: Smile|move: Protect\n|\n|-damage|p2a: Chien-Pao|64\/100 psn|[from] psn\n|-damage|p2b: Ting-Lu|15\/100 psn|[from] psn\n|upkeep\n|turn|6\n|\n|t:|1682175639\n|move|p1b: Smile|Protect|p1b: Smile\n|-singleturn|p1b: Smile|Protect\n|move|p2a: Chien-Pao|Ice Shard|p1b: Smile\n|-activate|p1b: Smile|move: Protect\n|move|p2b: Ting-Lu|Heavy Slam|p1b: Smile\n|-activate|p1b: Smile|move: Protect\n|\n|-damage|p2a: Chien-Pao|52\/100 psn|[from] psn\n|-damage|p2b: Ting-Lu|2\/100 psn|[from] psn\n|upkeep\n|turn|7\n|\n|t:|1682175660\n|move|p2a: Chien-Pao|Ice Shard|p1b: Smile\n|-damage|p1b: Smile|52\/100\n|move|p1b: Smile|Waterfall|p2a: Chien-Pao\n|-damage|p2a: Chien-Pao|0 fnt\n|faint|p2a: Chien-Pao\n|move|p2b: Ting-Lu|Heavy Slam|p1b: Smile\n|-resisted|p1b: Smile\n|-damage|p1b: Smile|39\/100\n|\n|-damage|p2b: Ting-Lu|0 fnt|[from] psn\n|faint|p2b: Ting-Lu\n|upkeep\n|\n|t:|1682175674\n|switch|p2b: Arboliva|Arboliva, L50, F, shiny|100\/100\n|-status|p2b: Arboliva|psn\n|turn|8\n|\n|t:|1682175685\n|move|p2b: Arboliva|Protect|p2b: Arboliva\n|-singleturn|p2b: Arboliva|Protect\n|move|p1b: Smile|Dragon Dance|p1b: Smile\n|-boost|p1b: Smile|atk|1\n|-boost|p1b: Smile|spe|1\n|\n|-damage|p2b: Arboliva|88\/100 psn|[from] psn\n|upkeep\n|turn|9\n|\n|t:|1682175697\n|-terastallize|p2b: Arboliva|Fairy\n|move|p1b: Smile|Protect|p1b: Smile\n|-singleturn|p1b: Smile|Protect\n|move|p2b: Arboliva|Dazzling Gleam|p1b: Smile\n|-activate|p1b: Smile|move: Protect\n|\n|-heal|p2b: Arboliva|94\/100 psn|[from] item: Leftovers\n|-damage|p2b: Arboliva|82\/100 psn|[from] psn\n|upkeep\n|turn|10\n|\n|t:|1682175711\n|move|p1b: Smile|Waterfall|p2b: Arboliva\n|-damage|p2b: Arboliva|27\/100 psn\n|-fieldstart|move: Grassy Terrain|[from] ability: Seed Sower|[of] p2b: Arboliva\n|cant|p2b: Arboliva|flinch\n|\n|-heal|p2b: Arboliva|33\/100 psn|[from] Grassy Terrain\n|-heal|p2b: Arboliva|38\/100 psn|[from] item: Leftovers\n|-damage|p2b: Arboliva|26\/100 psn|[from] psn\n|upkeep\n|turn|11\n|\n|t:|1682175723\n|move|p1b: Smile|Waterfall|p2b: Arboliva\n|-damage|p2b: Arboliva|0 fnt\n|faint|p2b: Arboliva\n|\n|win|KxngChristian\n|raw|KxngChristian's rating: 1111 → 1130<\/strong> (+19 for winning)\n|raw|PatuDucc's rating: 1028 → 1017<\/strong> (-11 for losing)\n|l|\u2606PatuDucc\n","uploadtime":1682175734,"views":5,"p1id":"kxngchristian","p2id":"patuducc","formatid":"gen9vgc2023regulationc","rating":1017,"private":0,"password":""}