{"id":"gen9vgc2023regulationc-1863847513","p1":"bennoVGC","p2":"mil0battles","format":"[Gen 9] VGC 2023 Regulation C","log":"|j|\u2606bennoVGC\n|j|\u2606mil0battles\n|t:|1684084941\n|gametype|doubles\n|player|p1|bennoVGC|265|\n|player|p2|mil0battles|pokemonranger-gen4|\n|teamsize|p1|6\n|teamsize|p2|6\n|gen|9\n|tier|[Gen 9] VGC 2023 Regulation C\n|rule|Species Clause: Limit one of each Pok\u00e9mon\n|rule|Item Clause: Limit one of each item\n|clearpoke\n|poke|p1|Palafin, L50, F|\n|poke|p1|Arcanine, L50, F|\n|poke|p1|Flutter Mane, L50|\n|poke|p1|Amoonguss, L50, F|\n|poke|p1|Pawmot, L50, F|\n|poke|p1|Ting-Lu, L50|\n|poke|p2|Indeedee-F, L50, F|\n|poke|p2|Kingambit, L50, M|\n|poke|p2|Torkoal, L50, M|\n|poke|p2|Hariyama, L50, F|\n|poke|p2|Hatterene, L50, F|\n|poke|p2|Armarouge, L50, F|\n|teampreview|4\nbennoVGC has agreed to open team sheets.\nmil0battles has agreed to open team sheets.\n|c|\u2606bennoVGC|g2\n|\n|t:|1684085291\n|start\n|switch|p1a: Palafin|Palafin, L50, F, shiny|100\/100\n|switch|p1b: Flutter Mane|Flutter Mane, L50, shiny|100\/100\n|switch|p2a: Indeedee|Indeedee-F, L50, F|100\/100\n|switch|p2b: Hatterene|Hatterene, L50, F|100\/100\n|-fieldstart|move: Psychic Terrain|[from] ability: Psychic Surge|[of] p2a: Indeedee\n|turn|1\n|\n|t:|1684085311\n|move|p2a: Indeedee|Follow Me|p2a: Indeedee\n|-singleturn|p2a: Indeedee|move: Follow Me\n|move|p1b: Flutter Mane|Dazzling Gleam|p2b: Hatterene|[spread] p2a,p2b\n|-damage|p2a: Indeedee|56\/100\n|-damage|p2b: Hatterene|53\/100\n|move|p1a: Palafin|Taunt|p2a: Indeedee\n|-start|p2a: Indeedee|move: Taunt\n|move|p2b: Hatterene|Trick Room|p2b: Hatterene\n|-fieldstart|move: Trick Room|[of] p2b: Hatterene\n|\n|upkeep\n|turn|2\n|\n|t:|1684085327\n|-end|p1b: Flutter Mane|Protosynthesis|[silent]\n|switch|p1b: Ting-Lu|Ting-Lu, L50|100\/100\n|-ability|p1b: Ting-Lu|Vessel of Ruin\n|move|p2b: Hatterene|Dazzling Gleam|p1a: Palafin|[spread] p1a,p1b\n|-crit|p1a: Palafin\n|-supereffective|p1b: Ting-Lu\n|-crit|p1b: Ting-Lu\n|-damage|p1a: Palafin|29\/100\n|-damage|p1b: Ting-Lu|64\/100\n|-damage|p2b: Hatterene|43\/100|[from] item: Life Orb\n|move|p2a: Indeedee|Dazzling Gleam|p1a: Palafin|[spread] p1a,p1b\n|-supereffective|p1b: Ting-Lu\n|-damage|p1a: Palafin|15\/100\n|-damage|p1b: Ting-Lu|56\/100\n|move|p1a: Palafin|Wave Crash|p2b: Hatterene\n|-damage|p2b: Hatterene|0 fnt\n|faint|p2b: Hatterene\n|-damage|p1a: Palafin|3\/100|[from] Recoil\n|\n|upkeep\n|\n|t:|1684085345\n|switch|p2b: Torkoal|Torkoal, L50, M|100\/100\n|-weather|SunnyDay|[from] ability: Drought|[of] p2b: Torkoal\n|turn|3\n|\n|t:|1684085359\n|detailschange|p1a: Palafin|Palafin-Hero, L50, F, shiny\n|switch|p1a: Arcanine|Arcanine, L50, F, shiny|100\/100\n|-ability|p1a: Arcanine|Intimidate|boost\n|-unboost|p2a: Indeedee|atk|1\n|-unboost|p2b: Torkoal|atk|1\n|move|p2b: Torkoal|Flamethrower|p1b: Ting-Lu\n|-damage|p1b: Ting-Lu|36\/100\n|move|p1b: Ting-Lu|Stomping Tantrum|p2b: Torkoal\n|-supereffective|p2b: Torkoal\n|-damage|p2b: Torkoal|60\/100\n|move|p2a: Indeedee|Dazzling Gleam|p1b: Ting-Lu|[spread] p1a,p1b\n|-resisted|p1a: Arcanine\n|-supereffective|p1b: Ting-Lu\n|-damage|p1a: Arcanine|95\/100\n|-damage|p1b: Ting-Lu|27\/100\n|\n|-weather|SunnyDay|[upkeep]\n|upkeep\n|turn|4\n|\n|t:|1684085374\n|move|p2b: Torkoal|Eruption|p1a: Arcanine|[spread] p1a,p1b\n|-resisted|p1a: Arcanine\n|-damage|p1a: Arcanine|74\/100\n|-damage|p1b: Ting-Lu|13\/100\n|move|p1b: Ting-Lu|Stomping Tantrum|p2b: Torkoal\n|-supereffective|p2b: Torkoal\n|-damage|p2b: Torkoal|18\/100\n|move|p2a: Indeedee|Dazzling Gleam|p1a: Arcanine|[spread] p1a,p1b\n|-resisted|p1a: Arcanine\n|-supereffective|p1b: Ting-Lu\n|-damage|p1a: Arcanine|69\/100\n|-damage|p1b: Ting-Lu|5\/100\n|move|p1a: Arcanine|Flare Blitz|p2a: Indeedee\n|-damage|p2a: Indeedee|0 fnt\n|faint|p2a: Indeedee\n|-damage|p1a: Arcanine|53\/100|[from] Recoil\n|\n|-weather|SunnyDay|[upkeep]\n|upkeep\n|\n|t:|1684085377\n|switch|p2a: Armarouge|Armarouge, L50, F|100\/100\n|turn|5\n|\n|t:|1684085403\n|-terastallize|p2a: Armarouge|Grass\n|move|p1a: Arcanine|Protect|p1a: Arcanine\n|-singleturn|p1a: Arcanine|Protect\n|move|p2b: Torkoal|Flamethrower|p1b: Ting-Lu\n|-damage|p1b: Ting-Lu|0 fnt\n|faint|p1b: Ting-Lu\n|move|p2a: Armarouge|Expanding Force|p1a: Arcanine\n|-activate|p1a: Arcanine|move: Protect\n|\n|-weather|SunnyDay|[upkeep]\n|-fieldend|move: Trick Room\n|-fieldend|move: Psychic Terrain\n|upkeep\n|\n|t:|1684085413\n|switch|p1b: Flutter Mane|Flutter Mane, L50, shiny|100\/100\n|-activate|p1b: Flutter Mane|ability: Protosynthesis\n|-start|p1b: Flutter Mane|protosynthesisspe\n|turn|6\n|\n|t:|1684085423\n|move|p1a: Arcanine|Extreme Speed|p2a: Armarouge\n|-damage|p2a: Armarouge|80\/100\n|move|p1b: Flutter Mane|Moonblast|p2a: Armarouge\n|-damage|p2a: Armarouge|7\/100\n|move|p2a: Armarouge|Expanding Force|p1b: Flutter Mane\n|-damage|p1b: Flutter Mane|54\/100\n|move|p2b: Torkoal|Flamethrower|p1b: Flutter Mane\n|-damage|p1b: Flutter Mane|0 fnt\n|faint|p1b: Flutter Mane\n|-end|p1b: Flutter Mane|Protosynthesis|[silent]\n|\n|-weather|SunnyDay|[upkeep]\n|upkeep\n|\n|t:|1684085429\n|switch|p1b: Palafin|Palafin-Hero, L50, F, shiny|3\/100\n|-activate|p1b: Palafin|ability: Zero to Hero\n|turn|7\n|c|\u2606bennoVGC|ggs\n|\n|t:|1684085443\n|-terastallize|p1b: Palafin|Water\n|move|p1a: Arcanine|Extreme Speed|p2a: Armarouge\n|-damage|p2a: Armarouge|0 fnt\n|faint|p2a: Armarouge\n|move|p1b: Palafin|Jet Punch|p2b: Torkoal\n|-supereffective|p2b: Torkoal\n|-damage|p2b: Torkoal|0 fnt\n|faint|p2b: Torkoal\n|\n|win|bennoVGC\n|c|\u2606mil0battles|gg\n|l|\u2606mil0battles\n","uploadtime":1684085503,"views":9,"p1id":"bennovgc","p2id":"mil0battles","formatid":"gen9vgc2023regulationc","rating":0,"private":0,"password":""}