{"id":"gen9vgc2023regulationc-1858956579","p1":"fake kamala harris","p2":"Insertable194","format":"[Gen 9] VGC 2023 Regulation C","log":"|j|\u2606fake kamala harris\n|j|\u2606Insertable194\n|t:|1683387777\n|gametype|doubles\n|player|p1|fake kamala harris|klara|1335\n|player|p2|Insertable194|hilbert-wonderlauncher|1331\n|teamsize|p1|6\n|teamsize|p2|6\n|gen|9\n|tier|[Gen 9] VGC 2023 Regulation C\n|rated|\n|rule|Species Clause: Limit one of each Pok\u00e9mon\n|rule|Item Clause: Limit one of each item\n|clearpoke\n|poke|p1|Ting-Lu, L50|\n|poke|p1|Palafin, L50, M|\n|poke|p1|Flutter Mane, L50|\n|poke|p1|Amoonguss, L50, M|\n|poke|p1|Baxcalibur, L50, F|\n|poke|p1|Chi-Yu, L50|\n|poke|p2|Glimmora, L50, M|\n|poke|p2|Dondozo, L50, M|\n|poke|p2|Tatsugiri, L50, F|\n|poke|p2|Ting-Lu, L50|\n|poke|p2|Wo-Chien, L50|\n|poke|p2|Flutter Mane, L50|\n|teampreview|4\n|inactive|Battle timer is ON: inactive players will automatically lose when time's up. (requested by fake kamala harris)\nInsertable194 has agreed to open team sheets.\nfake kamala harris has agreed to open team sheets.\n|\n|t:|1683387803\n|start\n|switch|p1a: Palafin|Palafin, L50, M|100\/100\n|switch|p1b: Baxcalibur|Baxcalibur, L50, F|100\/100\n|switch|p2a: Glimmora|Glimmora, L50, M|100\/100\n|switch|p2b: Ting-Lu|Ting-Lu, L50|100\/100\n|-ability|p2b: Ting-Lu|Vessel of Ruin\n|turn|1\n|\n|t:|1683387815\n|detailschange|p1a: Palafin|Palafin-Hero, L50, M\n|switch|p1a: Flutter Mane|Flutter Mane, L50|100\/100\n|-enditem|p1a: Flutter Mane|Booster Energy\n|-activate|p1a: Flutter Mane|ability: Protosynthesis|[fromitem]\n|-start|p1a: Flutter Mane|protosynthesisspe\n|-terastallize|p1b: Baxcalibur|Steel\n|move|p1b: Baxcalibur|Icicle Spear|p2b: Ting-Lu\n|-supereffective|p2b: Ting-Lu\n|-damage|p2b: Ting-Lu|84\/100\n|-supereffective|p2b: Ting-Lu\n|-crit|p2b: Ting-Lu\n|-damage|p2b: Ting-Lu|57\/100\n|-supereffective|p2b: Ting-Lu\n|-damage|p2b: Ting-Lu|39\/100\n|-supereffective|p2b: Ting-Lu\n|-damage|p2b: Ting-Lu|23\/100\n|-supereffective|p2b: Ting-Lu\n|-damage|p2b: Ting-Lu|8\/100\n|-hitcount|p2b: Ting-Lu|5\n|move|p2a: Glimmora|Mortal Spin|p1a: Flutter Mane|[spread] p1a\n|-immune|p1b: Baxcalibur\n|-damage|p1a: Flutter Mane|91\/100\n|-status|p1a: Flutter Mane|psn\n|move|p2b: Ting-Lu|Whirlwind|p1b: Baxcalibur\n|drag|p1b: Palafin|Palafin-Hero, L50, M|100\/100\n|-activate|p1b: Palafin|ability: Zero to Hero\n|\n|-damage|p1a: Flutter Mane|78\/100 psn|[from] psn\n|upkeep\n|turn|2\n|inactive|Insertable194 has 30 seconds left.\n|inactive|Insertable194 has 20 seconds left.\n|inactive|Insertable194 has 15 seconds left.\n|inactive|Insertable194 has 10 seconds left.\n|\n|t:|1683387862\n|-terastallize|p2a: Glimmora|Grass\n|move|p1b: Palafin|Jet Punch|p2a: Glimmora\n|-resisted|p2a: Glimmora\n|-damage|p2a: Glimmora|82\/100\n|move|p1a: Flutter Mane|Dazzling Gleam|p2b: Ting-Lu|[spread] p2a,p2b\n|-supereffective|p2b: Ting-Lu\n|-damage|p2a: Glimmora|64\/100\n|-damage|p2b: Ting-Lu|0 fnt\n|faint|p2b: Ting-Lu\n|move|p2a: Glimmora|Energy Ball|p1b: Palafin\n|-supereffective|p1b: Palafin\n|-damage|p1b: Palafin|24\/100\n|\n|-damage|p1a: Flutter Mane|66\/100 psn|[from] psn\n|upkeep\n|\n|t:|1683387874\n|switch|p2b: Dondozo|Dondozo, L50, M|100\/100\n|turn|3\n|\n|t:|1683387895\n|switch|p1b: Amoonguss|Amoonguss, L50, M|100\/100\n|move|p2b: Dondozo|Protect|p2b: Dondozo\n|-singleturn|p2b: Dondozo|Protect\n|move|p1a: Flutter Mane|Moonblast|p2b: Dondozo\n|-activate|p2b: Dondozo|move: Protect\n|move|p2a: Glimmora|Mortal Spin|p1b: Amoonguss|[spread] p1a,p1b\n|-damage|p1a: Flutter Mane|57\/100 psn\n|-damage|p1b: Amoonguss|96\/100\n|-status|p1b: Amoonguss|psn\n|\n|-damage|p1a: Flutter Mane|45\/100 psn|[from] psn\n|-damage|p1b: Amoonguss|84\/100 psn|[from] psn\n|upkeep\n|turn|4\n|inactive|Insertable194 has 30 seconds left.\n|\n|t:|1683387921\n|move|p1a: Flutter Mane|Moonblast|p2b: Dondozo\n|-damage|p2b: Dondozo|63\/100\n|-unboost|p2b: Dondozo|spa|1\n|move|p2a: Glimmora|Power Gem|p1a: Flutter Mane\n|-damage|p1a: Flutter Mane|7\/100 psn\n|move|p2b: Dondozo|Substitute|p2b: Dondozo\n|-start|p2b: Dondozo|Substitute\n|-damage|p2b: Dondozo|38\/100\n|move|p1b: Amoonguss|Clear Smog|p2b: Dondozo\n|-activate|p2b: Dondozo|move: Substitute|[damage]\n|\n|-heal|p2b: Dondozo|44\/100|[from] item: Leftovers\n|-damage|p1a: Flutter Mane|0 fnt|[from] psn\n|faint|p1a: Flutter Mane\n|-end|p1a: Flutter Mane|Protosynthesis|[silent]\n|-damage|p1b: Amoonguss|72\/100 psn|[from] psn\n|upkeep\n|\n|t:|1683387933\n|switch|p1a: Baxcalibur|Baxcalibur, L50, F, tera:Steel|100\/100\n|turn|5\n|\n|t:|1683387948\n|switch|p2a: Tatsugiri|Tatsugiri, L50, F|100\/100\n|-activate|p2a: Tatsugiri|ability: Commander|[of] p2b: Dondozo\n|-boost|p2b: Dondozo|atk|2\n|-boost|p2b: Dondozo|spa|2\n|-boost|p2b: Dondozo|spe|2\n|-boost|p2b: Dondozo|def|2\n|-boost|p2b: Dondozo|spd|2\n|move|p1a: Baxcalibur|Icicle Spear|p2b: Dondozo\n|-resisted|p2b: Dondozo\n|-activate|p2b: Dondozo|move: Substitute|[damage]\n|-resisted|p2b: Dondozo\n|-activate|p2b: Dondozo|move: Substitute|[damage]\n|-resisted|p2b: Dondozo\n|-activate|p2b: Dondozo|move: Substitute|[damage]\n|-resisted|p2b: Dondozo\n|-activate|p2b: Dondozo|move: Substitute|[damage]\n|-hitcount|p2b: Dondozo|4\n|move|p2b: Dondozo|Earthquake|p1b: Amoonguss|[spread] p1a,p1b\n|-miss|p2b: Dondozo|p2a: Tatsugiri\n|-supereffective|p1a: Baxcalibur\n|-damage|p1a: Baxcalibur|33\/100\n|-damage|p1b: Amoonguss|43\/100 psn\n|-enditem|p1b: Amoonguss|Sitrus Berry|[eat]\n|-heal|p1b: Amoonguss|68\/100 psn|[from] item: Sitrus Berry\n|move|p1b: Amoonguss|Pollen Puff|p2b: Dondozo\n|-end|p2b: Dondozo|Substitute\n|\n|-heal|p2b: Dondozo|50\/100|[from] item: Leftovers\n|-damage|p1b: Amoonguss|56\/100 psn|[from] psn\n|upkeep\n|turn|6\n|inactive|fake kamala harris has 30 seconds left.\n|\n|t:|1683387981\n|move|p1a: Baxcalibur|Protect|p1a: Baxcalibur\n|-singleturn|p1a: Baxcalibur|Protect\n|move|p2b: Dondozo|Protect|p2b: Dondozo\n|-singleturn|p2b: Dondozo|Protect\n|move|p1b: Amoonguss|Clear Smog|p2b: Dondozo\n|-activate|p2b: Dondozo|move: Protect\n|\n|-heal|p2b: Dondozo|57\/100|[from] item: Leftovers\n|-damage|p1b: Amoonguss|43\/100 psn|[from] psn\n|upkeep\n|turn|7\n|\n|t:|1683388000\n|move|p1a: Baxcalibur|Protect||[still]\n|-fail|p1a: Baxcalibur\n|move|p2b: Dondozo|Substitute|p2b: Dondozo\n|-start|p2b: Dondozo|Substitute\n|-damage|p2b: Dondozo|32\/100\n|move|p1b: Amoonguss|Clear Smog|p2b: Dondozo\n|-activate|p2b: Dondozo|move: Substitute|[damage]\n|\n|-heal|p2b: Dondozo|38\/100|[from] item: Leftovers\n|-damage|p1b: Amoonguss|31\/100 psn|[from] psn\n|upkeep\n|turn|8\n|-message|fake kamala harris forfeited.\n|\n|win|Insertable194\n|raw|fake kamala harris's rating: 1335 → 1315<\/strong> (-20 for losing)\n|raw|Insertable194's rating: 1331 → 1351<\/strong> (+20 for winning)\n|l|\u2606fake kamala harris\n","uploadtime":1683388009,"views":4,"p1id":"fakekamalaharris","p2id":"insertable194","formatid":"gen9vgc2023regulationc","rating":1315,"private":0,"password":""}