{"id":"gen9vgc2023regulationc-1847496816","p1":"deadenne","p2":"GB Seraphix","format":"[Gen 9] VGC 2023 Regulation C","log":"|j|\u2606deadenne\n|j|\u2606GB Seraphix\n|t:|1681962694\n|gametype|doubles\n|player|p1|deadenne|ghetsis-gen5bw|1304\n|player|p2|GB Seraphix|rosa|1338\n|teamsize|p1|6\n|teamsize|p2|6\n|gen|9\n|tier|[Gen 9] VGC 2023 Regulation C\n|rated|\n|rule|Species Clause: Limit one of each Pok\u00e9mon\n|rule|Item Clause: Limit one of each item\n|clearpoke\n|poke|p1|Murkrow, L50, M|\n|poke|p1|Flutter Mane, L50|\n|poke|p1|Palafin, L50, M|\n|poke|p1|Indeedee-F, L50, F|\n|poke|p1|Armarouge, L50, M|\n|poke|p1|Hydreigon, L50, F|\n|poke|p2|Chi-Yu, L50|\n|poke|p2|Dachsbun, L50, F|\n|poke|p2|Flutter Mane, L50|\n|poke|p2|Baxcalibur, L50, M|\n|poke|p2|Amoonguss, L50, M|\n|poke|p2|Rotom-Wash, L50|\n|teampreview|4\n|inactive|Battle timer is ON: inactive players will automatically lose when time's up. (requested by deadenne)\n|\n|t:|1681962711\n|start\n|switch|p1a: Wednesday|Murkrow, L50, M|100\/100\n|switch|p1b: Almight|Palafin, L50, M|100\/100\n|switch|p2a: Nemo|Chi-Yu, L50|100\/100\n|switch|p2b: Gardenia|Dachsbun, L50, F|100\/100\n|-ability|p2a: Nemo|Beads of Ruin\n|turn|1\n|inactive|deadenne has 30 seconds left.\n|inactive|GB Seraphix has 30 seconds left.\n|\n|t:|1681962747\n|move|p1a: Wednesday|Tailwind|p1a: Wednesday\n|-sidestart|p1: deadenne|move: Tailwind\n|move|p1b: Almight|Flip Turn|p2a: Nemo\n|-supereffective|p2a: Nemo\n|-damage|p2a: Nemo|27\/100\n|\n|t:|1681962753\n|detailschange|p1b: Almight|Palafin-Hero, L50, M\n|switch|p1b: AstroBoy|Armarouge, L50, M|100\/100|[from] Flip Turn\n|move|p2a: Nemo|Lava Plume|p1a: Wednesday|[spread] p1a\n|-ability|p2b: Gardenia|Well-Baked Body|boost\n|-boost|p2b: Gardenia|def|2\n|-start|p1b: AstroBoy|ability: Flash Fire\n|-damage|p1a: Wednesday|57\/100\n|move|p2b: Gardenia|Body Press|p1b: AstroBoy\n|-resisted|p1b: AstroBoy\n|-damage|p1b: AstroBoy|77\/100\n|\n|upkeep\n|turn|2\n|inactive|GB Seraphix has 30 seconds left.\n|\n|t:|1681962783\n|move|p1a: Wednesday|Haze|p1a: Wednesday\n|-clearallboost\n|move|p2a: Nemo|Lava Plume|p1b: AstroBoy|[spread] p1a\n|-ability|p2b: Gardenia|Well-Baked Body|boost\n|-boost|p2b: Gardenia|def|2\n|-immune|p1b: AstroBoy|[from] ability: Flash Fire\n|-damage|p1a: Wednesday|14\/100\n|-status|p1a: Wednesday|brn\n|move|p1b: AstroBoy|Heat Wave|p2a: Nemo|[spread] p2a\n|-ability|p2b: Gardenia|Well-Baked Body|boost\n|-boost|p2b: Gardenia|def|2\n|-resisted|p2a: Nemo\n|-damage|p2a: Nemo|0 fnt\n|faint|p2a: Nemo\n|-damage|p1b: AstroBoy|67\/100|[from] item: Life Orb\n|move|p2b: Gardenia|Body Press|p1b: AstroBoy\n|-resisted|p1b: AstroBoy\n|-damage|p1b: AstroBoy|37\/100\n|\n|-damage|p1a: Wednesday|8\/100 brn|[from] brn\n|upkeep\n|\n|t:|1681962802\n|switch|p2a: Hanabishi|Rotom-Wash, L50|100\/100\n|turn|3\n|\n|t:|1681962814\n|move|p1b: AstroBoy|Protect|p1b: AstroBoy\n|-singleturn|p1b: AstroBoy|Protect\n|move|p2b: Gardenia|Protect|p2b: Gardenia\n|-singleturn|p2b: Gardenia|Protect\n|move|p1a: Wednesday|Haze|p1a: Wednesday\n|-clearallboost\n|move|p2a: Hanabishi|Hydro Pump|p1b: AstroBoy\n|-activate|p1b: AstroBoy|move: Protect\n|\n|-damage|p1a: Wednesday|2\/100 brn|[from] brn\n|upkeep\n|turn|4\n|\n|t:|1681962832\n|switch|p1a: Rem|Indeedee-F, L50, F|100\/100\n|-fieldstart|move: Psychic Terrain|[from] ability: Psychic Surge|[of] p1a: Rem\n|-enditem|p1a: Rem|Psychic Seed\n|-boost|p1a: Rem|spd|1|[from] item: Psychic Seed\n|-terastallize|p1b: AstroBoy|Grass\n|move|p2a: Hanabishi|Protect|p2a: Hanabishi\n|-singleturn|p2a: Hanabishi|Protect\n|move|p1b: AstroBoy|Energy Ball|p2a: Hanabishi\n|-activate|p2a: Hanabishi|move: Protect\n|move|p2b: Gardenia|Substitute|p2b: Gardenia\n|-start|p2b: Gardenia|Substitute\n|-damage|p2b: Gardenia|75\/100\n|\n|-heal|p2b: Gardenia|82\/100|[from] item: Leftovers\n|-sideend|p1: deadenne|move: Tailwind\n|upkeep\n|turn|5\n|inactive|GB Seraphix has 30 seconds left.\n|inactive|GB Seraphix has 20 seconds left.\n|\n|t:|1681962868\n|-terastallize|p2b: Gardenia|Steel\n|move|p1b: AstroBoy|Protect|p1b: AstroBoy\n|-singleturn|p1b: AstroBoy|Protect\n|move|p2a: Hanabishi|Hydro Pump|p1a: Rem\n|-damage|p1a: Rem|66\/100\n|move|p2b: Gardenia|Body Press|p1b: AstroBoy\n|-activate|p1b: AstroBoy|move: Protect\n|move|p1a: Rem|Trick Room|p1a: Rem\n|-fieldstart|move: Trick Room|[of] p1a: Rem\n|\n|-heal|p2b: Gardenia|88\/100|[from] item: Leftovers\n|upkeep\n|turn|6\n|inactive|GB Seraphix has 30 seconds left.\n|\n|t:|1681962893\n|move|p2a: Hanabishi|Protect|p2a: Hanabishi\n|-singleturn|p2a: Hanabishi|Protect\n|move|p1a: Rem|Follow Me|p1a: Rem\n|-singleturn|p1a: Rem|move: Follow Me\n|move|p1b: AstroBoy|Expanding Force|p2b: Gardenia|[spread] p2b\n|-activate|p2a: Hanabishi|move: Protect\n|-resisted|p2b: Gardenia\n|-end|p2b: Gardenia|Substitute\n|-damage|p1b: AstroBoy|27\/100|[from] item: Life Orb\n|move|p2b: Gardenia|Yawn|p1a: Rem\n|-start|p1a: Rem|move: Yawn|[of] p2b: Gardenia\n|\n|-heal|p2b: Gardenia|94\/100|[from] item: Leftovers\n|upkeep\n|turn|7\n|\n|t:|1681962911\n|move|p2a: Hanabishi|Protect||[still]\n|-fail|p2a: Hanabishi\n|move|p1a: Rem|Follow Me|p1a: Rem\n|-singleturn|p1a: Rem|move: Follow Me\n|move|p1b: AstroBoy|Energy Ball|p2a: Hanabishi\n|-supereffective|p2a: Hanabishi\n|-damage|p2a: Hanabishi|0 fnt\n|faint|p2a: Hanabishi\n|-damage|p1b: AstroBoy|17\/100|[from] item: Life Orb\n|move|p2b: Gardenia|Body Press|p1a: Rem\n|-damage|p1a: Rem|45\/100\n|\n|-heal|p2b: Gardenia|99\/100|[from] item: Leftovers\n|-end|p1a: Rem|move: Yawn|[silent]\n|-status|p1a: Rem|slp\n|upkeep\n|\n|t:|1681962925\n|switch|p2a: BB|Flutter Mane, L50|100\/100\n|-enditem|p2a: BB|Booster Energy\n|-activate|p2a: BB|ability: Protosynthesis|[fromitem]\n|-start|p2a: BB|protosynthesisspe\n|turn|8\n|\n|t:|1681962942\n|cant|p1a: Rem|slp\n|move|p2a: BB|Protect|p2a: BB\n|-singleturn|p2a: BB|Protect\n|move|p1b: AstroBoy|Expanding Force|p2a: BB|[spread] p2b\n|-activate|p2a: BB|move: Protect\n|-resisted|p2b: Gardenia\n|-damage|p2b: Gardenia|60\/100\n|-damage|p1b: AstroBoy|7\/100|[from] item: Life Orb\n|move|p2b: Gardenia|Yawn|p1b: AstroBoy\n|-start|p1b: AstroBoy|move: Yawn|[of] p2b: Gardenia\n|\n|-heal|p2b: Gardenia|66\/100|[from] item: Leftovers\n|-fieldend|move: Psychic Terrain\n|upkeep\n|turn|9\n|\n|t:|1681962960\n|cant|p1a: Rem|slp\n|move|p2b: Gardenia|Protect|p2b: Gardenia\n|-singleturn|p2b: Gardenia|Protect\n|move|p1b: AstroBoy|Expanding Force|p2a: BB\n|-damage|p2a: BB|45\/100\n|-damage|p1b: AstroBoy|0 fnt|[from] item: Life Orb\n|faint|p1b: AstroBoy\n|move|p2a: BB|Moonblast|p1a: Rem\n|-damage|p1a: Rem|10\/100 slp\n|\n|-heal|p2b: Gardenia|72\/100|[from] item: Leftovers\n|-fieldend|move: Trick Room\n|upkeep\n|\n|t:|1681962982\n|switch|p1b: Almight|Palafin-Hero, L50, M|100\/100\n|-activate|p1b: Almight|ability: Zero to Hero\n|turn|10\n|\n|t:|1681963004\n|-curestatus|p1a: Rem|slp|[msg]\n|move|p1a: Rem|Helping Hand|p1b: Almight\n|-singleturn|p1b: Almight|Helping Hand|[of] p1a: Rem\n|move|p2a: BB|Moonblast|p1b: Almight\n|-damage|p1b: Almight|38\/100\n|-unboost|p1b: Almight|spa|1\n|move|p1b: Almight|Wave Crash|p2b: Gardenia\n|-damage|p2b: Gardenia|0 fnt\n|faint|p2b: Gardenia\n|-damage|p1b: Almight|16\/100|[from] Recoil\n|\n|upkeep\n|turn|11\n|\n|t:|1681963020\n|move|p1a: Rem|Follow Me|p1a: Rem\n|-singleturn|p1a: Rem|move: Follow Me\n|move|p2a: BB|Moonblast|p1a: Rem\n|-crit|p1a: Rem\n|-damage|p1a: Rem|0 fnt\n|faint|p1a: Rem\n|move|p1b: Almight|Wave Crash|p2a: BB\n|-damage|p2a: BB|0 fnt\n|faint|p2a: BB\n|-end|p2a: BB|Protosynthesis|[silent]\n|-damage|p1b: Almight|3\/100|[from] Recoil\n|\n|win|deadenne\n|raw|deadenne's rating: 1304 → 1326<\/strong> (+22 for winning)\n|raw|GB Seraphix's rating: 1338 → 1316<\/strong> (-22 for losing)\n|l|\u2606deadenne\n","uploadtime":1681963033,"views":7,"p1id":"deadenne","p2id":"gbseraphix","formatid":"gen9vgc2023regulationc","rating":1316,"private":0,"password":""}