{"id":"gen9vgc2023regulationc-1855214261","p1":"mdsrm","p2":"Abugbog","format":"[Gen 9] VGC 2023 Regulation C","log":"|j|\u2606mdsrm\n|j|\u2606Abugbog\n|t:|1682916281\n|gametype|doubles\n|player|p1|mdsrm|wallace|1122\n|player|p2|Abugbog|2|1123\n|teamsize|p1|6\n|teamsize|p2|6\n|gen|9\n|tier|[Gen 9] VGC 2023 Regulation C\n|rated|\n|rule|Species Clause: Limit one of each Pok\u00e9mon\n|rule|Item Clause: Limit one of each item\n|clearpoke\n|poke|p1|Palafin, L50, F|\n|poke|p1|Flutter Mane, L50|\n|poke|p1|Amoonguss, L50, M|\n|poke|p1|Iron Hands, L50|\n|poke|p1|Chien-Pao, L50|\n|poke|p1|Arcanine, L50, F|\n|poke|p2|Ting-Lu, L50|\n|poke|p2|Iron Hands, L50|\n|poke|p2|Bronzong, L50|\n|poke|p2|Palafin, L50, M|\n|poke|p2|Annihilape, L50, M|\n|poke|p2|Amoonguss, L50, M|\n|teampreview|4\n|\n|t:|1682916346\n|start\n|switch|p1a: Palafin|Palafin, L50, F|100\/100\n|switch|p1b: Arcanine|Arcanine, L50, F|100\/100\n|switch|p2a: Iron Hands|Iron Hands, L50, shiny|100\/100\n|switch|p2b: Bronzong|Bronzong, L50|100\/100\n|-ability|p1b: Arcanine|Intimidate|boost\n|-unboost|p2a: Iron Hands|atk|1\n|-unboost|p2b: Bronzong|atk|1\n|turn|1\n|\n|t:|1682916387\n|detailschange|p1a: Palafin|Palafin-Hero, L50, F\n|switch|p1a: Chien-Pao|Chien-Pao, L50|100\/100\n|-ability|p1a: Chien-Pao|Sword of Ruin\n|move|p1b: Arcanine|Flare Blitz|p2b: Bronzong\n|-supereffective|p2b: Bronzong\n|-damage|p2b: Bronzong|18\/100\n|-damage|p1b: Arcanine|75\/100|[from] Recoil\n|move|p2a: Iron Hands|Volt Switch|p1b: Arcanine\n|-damage|p1b: Arcanine|63\/100\n|\n|t:|1682916400\n|-end|p2a: Iron Hands|Quark Drive|[silent]\n|switch|p2a: Ting-Lu|Ting-Lu, L50|100\/100|[from] Volt Switch\n|-ability|p2a: Ting-Lu|Vessel of Ruin\n|move|p2b: Bronzong|Trick Room|p2b: Bronzong\n|-fieldstart|move: Trick Room|[of] p2b: Bronzong\n|\n|upkeep\n|turn|2\n|\n|t:|1682916432\n|-terastallize|p2a: Ting-Lu|Poison\n|move|p1a: Chien-Pao|Sucker Punch|p2b: Bronzong\n|-supereffective|p2b: Bronzong\n|-damage|p2b: Bronzong|0 fnt\n|faint|p2b: Bronzong\n|move|p2a: Ting-Lu|Earthquake|p1a: Chien-Pao|[spread] p1a,p1b\n|-supereffective|p1b: Arcanine\n|-damage|p1a: Chien-Pao|48\/100\n|-damage|p1b: Arcanine|0 fnt\n|faint|p1b: Arcanine\n|\n|upkeep\n|\n|t:|1682916450\n|switch|p2b: Iron Hands|Iron Hands, L50, shiny|100\/100\n|switch|p1b: Palafin|Palafin-Hero, L50, F|100\/100\n|-activate|p1b: Palafin|ability: Zero to Hero\n|turn|3\n|inactive|Battle timer is ON: inactive players will automatically lose when time's up. (requested by Abugbog)\n|\n|t:|1682916514\n|move|p1a: Chien-Pao|Protect|p1a: Chien-Pao\n|-singleturn|p1a: Chien-Pao|Protect\n|move|p2a: Ting-Lu|Heavy Slam|p1a: Chien-Pao\n|-activate|p1a: Chien-Pao|move: Protect\n|move|p2b: Iron Hands|Wild Charge|p1b: Palafin\n|-supereffective|p1b: Palafin\n|-damage|p1b: Palafin|0 fnt\n|faint|p1b: Palafin\n|-damage|p2b: Iron Hands|78\/100|[from] Recoil\n|\n|upkeep\n|\n|t:|1682916525\n|switch|p1b: Flutter Mane|Flutter Mane, L50|100\/100\n|turn|4\n|\n|t:|1682916547\n|move|p1a: Chien-Pao|Protect||[still]\n|-fail|p1a: Chien-Pao\n|move|p2a: Ting-Lu|Heavy Slam|p1a: Chien-Pao\n|-supereffective|p1a: Chien-Pao\n|-damage|p1a: Chien-Pao|0 fnt\n|faint|p1a: Chien-Pao\n|move|p2b: Iron Hands|Volt Switch|p1b: Flutter Mane\n|-damage|p1b: Flutter Mane|89\/100\n|\n|t:|1682916557\n|-end|p2b: Iron Hands|Quark Drive|[silent]\n|switch|p2b: Amoonguss|Amoonguss, L50, M, shiny|100\/100|[from] Volt Switch\n|move|p1b: Flutter Mane|Dazzling Gleam|p2b: Amoonguss|[spread] p2a,p2b\n|-resisted|p2a: Ting-Lu\n|-resisted|p2b: Amoonguss\n|-damage|p2a: Ting-Lu|86\/100\n|-damage|p2b: Amoonguss|88\/100\n|\n|upkeep\n|turn|5\n|-message|mdsrm forfeited.\n|\n|win|Abugbog\n|raw|mdsrm's rating: 1122 → 1097<\/strong> (-25 for losing)\n|raw|Abugbog's rating: 1123 → 1148<\/strong> (+25 for winning)\n|l|\u2606mdsrm\n","uploadtime":1682916579,"views":15,"p1id":"mdsrm","p2id":"abugbog","formatid":"gen9vgc2023regulationc","rating":1097,"private":0,"password":""}