{"id":"gen9vgc2023regulationc-1848706950","p1":"davidbob32","p2":"Valllour","format":"[Gen 9] VGC 2023 Regulation C","log":"|j|\u2606davidbob32\n|j|\u2606Valllour\n|t:|1682102579\n|gametype|doubles\n|player|p1|davidbob32|170|1065\n|player|p2|Valllour|marlon|1000\n|teamsize|p1|6\n|teamsize|p2|6\n|gen|9\n|tier|[Gen 9] VGC 2023 Regulation C\n|rated|\n|rule|Species Clause: Limit one of each Pok\u00e9mon\n|rule|Item Clause: Limit one of each item\n|clearpoke\n|poke|p1|Gastrodon, L50, M|\n|poke|p1|Chi-Yu, L50|\n|poke|p1|Tyranitar, L50, F|\n|poke|p1|Iron Bundle, L50|\n|poke|p1|Corviknight, L50, M|\n|poke|p1|Ceruledge, L50, F|\n|poke|p2|Azumarill, L50, M|\n|poke|p2|Dragapult, L50, M|\n|poke|p2|Chien-Pao, L50|\n|poke|p2|Scizor, L50, M|\n|poke|p2|Tsareena, L50, F|\n|poke|p2|Ceruledge, L50, F|\n|teampreview|4\n|inactive|Battle timer is ON: inactive players will automatically lose when time's up. (requested by davidbob32)\ndavidbob32 has agreed to open team sheets.\n|inactive|Valllour has 60 seconds left.\n|inactive|Valllour has 30 seconds left.\n|\n|t:|1682102641\n|start\n|switch|p1a: Chi-Yu|Chi-Yu, L50|100\/100\n|switch|p1b: Iron Bundle|Iron Bundle, L50|100\/100\n|switch|p2a: Chien-Pao|Chien-Pao, L50|100\/100\n|switch|p2b: Dragapult|Dragapult, L50, M|100\/100\n|-ability|p1a: Chi-Yu|Beads of Ruin\n|-ability|p2a: Chien-Pao|Sword of Ruin\n|-enditem|p1b: Iron Bundle|Booster Energy\n|-activate|p1b: Iron Bundle|ability: Quark Drive|[fromitem]\n|-start|p1b: Iron Bundle|quarkdrivespe\n|turn|1\n|inactive|Valllour has 30 seconds left.\n|inactive|Valllour has 20 seconds left.\n|\n|t:|1682102680\n|-terastallize|p2b: Dragapult|Fire\n|move|p2a: Chien-Pao|Protect|p2a: Chien-Pao\n|-singleturn|p2a: Chien-Pao|Protect\n|move|p1b: Iron Bundle|Icy Wind|p2b: Dragapult|[spread] p2b\n|-activate|p2a: Chien-Pao|move: Protect\n|-resisted|p2b: Dragapult\n|-damage|p2b: Dragapult|83\/100\n|move|p1a: Chi-Yu|Heat Wave|p2a: Chien-Pao|[spread] p2b\n|-activate|p2a: Chien-Pao|move: Protect\n|-resisted|p2b: Dragapult\n|-damage|p2b: Dragapult|45\/100\n|move|p2b: Dragapult|Dragon Darts|p1b: Iron Bundle\n|-damage|p1b: Iron Bundle|37\/100\n|-anim|p2b: Dragapult|Dragon Darts|p1a: Chi-Yu\n|-damage|p1a: Chi-Yu|17\/100\n|\n|upkeep\n|turn|2\n|inactive|Valllour has 30 seconds left.\n|inactive|Valllour has 20 seconds left.\n|\n|t:|1682102716\n|move|p2a: Chien-Pao|Sucker Punch|p1a: Chi-Yu\n|-resisted|p1a: Chi-Yu\n|-damage|p1a: Chi-Yu|0 fnt\n|faint|p1a: Chi-Yu\n|move|p1b: Iron Bundle|Hydro Pump|p2b: Dragapult|[miss]\n|-miss|p1b: Iron Bundle|p2b: Dragapult\n|move|p2b: Dragapult|Dragon Darts|p1b: Iron Bundle\n|-damage|p1b: Iron Bundle|0 fnt\n|faint|p1b: Iron Bundle\n|-end|p1b: Iron Bundle|Quark Drive|[silent]\n|\n|upkeep\n|\n|t:|1682102729\n|switch|p1b: Ceruledge|Ceruledge, L50, F|100\/100\n|switch|p1a: Gastrodon|Gastrodon, L50, M|100\/100\n|turn|3\n|\n|t:|1682102752\n|move|p2a: Chien-Pao|Protect|p2a: Chien-Pao\n|-singleturn|p2a: Chien-Pao|Protect\n|move|p1b: Ceruledge|Protect|p1b: Ceruledge\n|-singleturn|p1b: Ceruledge|Protect\n|move|p2b: Dragapult|Dragon Darts|p1a: Gastrodon\n|-damage|p1a: Gastrodon|53\/100\n|-anim|p2b: Dragapult|Dragon Darts|p1a: Gastrodon\n|-damage|p1a: Gastrodon|6\/100\n|move|p1a: Gastrodon|Muddy Water|p2a: Chien-Pao|[spread] p2b\n|-activate|p2a: Chien-Pao|move: Protect\n|-supereffective|p2b: Dragapult\n|-damage|p2b: Dragapult|0 fnt\n|faint|p2b: Dragapult\n|\n|-heal|p1a: Gastrodon|12\/100|[from] item: Leftovers\n|upkeep\n|\n|t:|1682102775\n|switch|p2b: Scizor|Scizor, L50, M|100\/100\n|turn|4\n|\n|t:|1682102783\n|move|p1a: Gastrodon|Protect|p1a: Gastrodon\n|-singleturn|p1a: Gastrodon|Protect\n|move|p2a: Chien-Pao|Sucker Punch||[still]\n|-fail|p2a: Chien-Pao\n|move|p2b: Scizor|Bullet Punch|p1a: Gastrodon\n|-activate|p1a: Gastrodon|move: Protect\n|move|p1b: Ceruledge|Bulk Up|p1b: Ceruledge\n|-boost|p1b: Ceruledge|atk|1\n|-boost|p1b: Ceruledge|def|1\n|\n|-heal|p1a: Gastrodon|19\/100|[from] item: Leftovers\n|upkeep\n|turn|5\n|\n|t:|1682102805\n|-terastallize|p1b: Ceruledge|Grass\n|move|p2a: Chien-Pao|Sucker Punch|p1b: Ceruledge\n|-damage|p1b: Ceruledge|63\/100\n|move|p2b: Scizor|Bullet Punch|p1a: Gastrodon\n|-resisted|p1a: Gastrodon\n|-damage|p1a: Gastrodon|0 fnt\n|faint|p1a: Gastrodon\n|-damage|p2b: Scizor|91\/100|[from] item: Life Orb\n|move|p1b: Ceruledge|Bitter Blade|p2a: Chien-Pao\n|-supereffective|p2a: Chien-Pao\n|-enditem|p2a: Chien-Pao|Focus Sash\n|-damage|p2a: Chien-Pao|1\/100\n|-heal|p1b: Ceruledge|100\/100|[from] drain|[of] p2a: Chien-Pao\n|\n|upkeep\n|turn|6\n|\n|t:|1682102822\n|move|p2a: Chien-Pao|Sucker Punch||[still]\n|-fail|p2a: Chien-Pao\n|move|p1b: Ceruledge|Bulk Up|p1b: Ceruledge\n|-boost|p1b: Ceruledge|atk|1\n|-boost|p1b: Ceruledge|def|1\n|move|p2b: Scizor|Pounce|p1b: Ceruledge\n|-supereffective|p1b: Ceruledge\n|-damage|p1b: Ceruledge|13\/100\n|-damage|p2b: Scizor|81\/100|[from] item: Life Orb\n|\n|upkeep\n|turn|7\n|\n|t:|1682102835\n|move|p2a: Chien-Pao|Sucker Punch|p1b: Ceruledge\n|-damage|p1b: Ceruledge|0 fnt\n|faint|p1b: Ceruledge\n|\n|win|Valllour\n|raw|davidbob32's rating: 1065 → 1042<\/strong> (-23 for losing)\n|raw|Valllour's rating: 1000 → 1047<\/strong> (+47 for winning)\n|l|\u2606davidbob32\n","uploadtime":1682102867,"views":14,"p1id":"davidbob32","p2id":"valllour","formatid":"gen9vgc2023regulationc","rating":1042,"private":0,"password":""}