{"id":"gen9vgc2023regulationc-1848150156","p1":"Armadill0","p2":"SteezyTrev16","format":"[Gen 9] VGC 2023 Regulation C","log":"|j|\u2606Armadill0\n|j|\u2606SteezyTrev16\n|t:|1682035589\n|gametype|doubles\n|player|p1|Armadill0|crasherwake|1000\n|player|p2|SteezyTrev16|2|1000\n|teamsize|p1|6\n|teamsize|p2|6\n|gen|9\n|tier|[Gen 9] VGC 2023 Regulation C\n|rated|\n|rule|Species Clause: Limit one of each Pok\u00e9mon\n|rule|Item Clause: Limit one of each item\n|clearpoke\n|poke|p1|Flutter Mane, L50|\n|poke|p1|Arcanine, L50, M|\n|poke|p1|Palafin, L50, M|\n|poke|p1|Amoonguss, L50, F|\n|poke|p1|Chi-Yu, L50|\n|poke|p1|Dragonite, L50, M|\n|poke|p2|Tatsugiri, L50, M|\n|poke|p2|Dondozo, L50, F|\n|poke|p2|Wo-Chien, L50|\n|poke|p2|Great Tusk, L50|\n|poke|p2|Talonflame, L50, M|\n|poke|p2|Pelipper, L50, M|\n|teampreview|4\n|\n|t:|1682035630\n|start\n|switch|p1a: Flutter Mane|Flutter Mane, L50|100\/100\n|switch|p1b: Arcanine|Arcanine, L50, M|100\/100\n|switch|p2a: Pelipper|Pelipper, L50, M|100\/100\n|switch|p2b: Talonflame|Talonflame, L50, M|100\/100\n|-ability|p1b: Arcanine|Intimidate|boost\n|-unboost|p2a: Pelipper|atk|1\n|-unboost|p2b: Talonflame|atk|1\n|-weather|RainDance|[from] ability: Drizzle|[of] p2a: Pelipper\n|turn|1\n|inactive|Battle timer is ON: inactive players will automatically lose when time's up. (requested by SteezyTrev16)\n|\n|t:|1682035670\n|switch|p2a: Wo-Chien|Wo-Chien, L50|100\/100\n|-ability|p2a: Wo-Chien|Tablets of Ruin\n|move|p2b: Talonflame|Hurricane|p1a: Flutter Mane\n|-damage|p1a: Flutter Mane|65\/100\n|move|p1a: Flutter Mane|Dazzling Gleam|p2b: Talonflame|[spread] p2a,p2b\n|-supereffective|p2a: Wo-Chien\n|-resisted|p2b: Talonflame\n|-damage|p2a: Wo-Chien|63\/100\n|-damage|p2b: Talonflame|81\/100\n|move|p1b: Arcanine|Wild Charge|p2a: Wo-Chien\n|-resisted|p2a: Wo-Chien\n|-damage|p2a: Wo-Chien|54\/100\n|-damage|p1b: Arcanine|98\/100|[from] Recoil\n|\n|-weather|RainDance|[upkeep]\n|upkeep\n|turn|2\n|inactive|Armadill0 has 30 seconds left.\n|inactive|SteezyTrev16 has 30 seconds left.\n|\n|t:|1682035699\n|switch|p1b: Amoonguss|Amoonguss, L50, F|100\/100\n|move|p2b: Talonflame|Tailwind|p2b: Talonflame\n|-sidestart|p2: SteezyTrev16|move: Tailwind\n|move|p2a: Wo-Chien|Snarl|p1a: Flutter Mane|[spread] p1a,p1b\n|-damage|p1a: Flutter Mane|55\/100\n|-damage|p1b: Amoonguss|92\/100\n|-unboost|p1a: Flutter Mane|spa|1\n|-unboost|p1b: Amoonguss|spa|1\n|move|p1a: Flutter Mane|Dazzling Gleam|p2b: Talonflame|[spread] p2a,p2b\n|-supereffective|p2a: Wo-Chien\n|-resisted|p2b: Talonflame\n|-damage|p2a: Wo-Chien|33\/100\n|-damage|p2b: Talonflame|67\/100\n|\n|-weather|RainDance|[upkeep]\n|-heal|p1b: Amoonguss|98\/100|[from] item: Leftovers\n|upkeep\n|turn|3\n|\n|t:|1682035717\n|move|p1a: Flutter Mane|Protect|p1a: Flutter Mane\n|-singleturn|p1a: Flutter Mane|Protect\n|move|p2b: Talonflame|Taunt|p1b: Amoonguss\n|-start|p1b: Amoonguss|move: Taunt\n|move|p2a: Wo-Chien|Leech Seed|p1a: Flutter Mane\n|-activate|p1a: Flutter Mane|move: Protect\n|cant|p1b: Amoonguss|move: Taunt|Spore\n|\n|-weather|RainDance|[upkeep]\n|-heal|p1b: Amoonguss|100\/100|[from] item: Leftovers\n|upkeep\n|turn|4\n|inactive|Armadill0 has 30 seconds left.\n|\n|t:|1682035747\n|-end|p1a: Flutter Mane|Protosynthesis|[silent]\n|switch|p1a: Chi-Yu|Chi-Yu, L50|100\/100\n|-ability|p1a: Chi-Yu|Beads of Ruin\n|switch|p1b: Arcanine|Arcanine, L50, M|98\/100\n|-ability|p1b: Arcanine|Intimidate|boost\n|-unboost|p2a: Wo-Chien|atk|1\n|-unboost|p2b: Talonflame|atk|1\n|move|p2b: Talonflame|Hurricane|p1b: Arcanine\n|-damage|p1b: Arcanine|41\/100\n|-start|p1b: Arcanine|confusion\n|move|p2a: Wo-Chien|Leech Seed|p1a: Chi-Yu|[miss]\n|-miss|p2a: Wo-Chien|p1a: Chi-Yu\n|\n|-weather|RainDance|[upkeep]\n|upkeep\n|turn|5\n|\n|t:|1682035767\n|-terastallize|p2b: Talonflame|Water\n|move|p1a: Chi-Yu|Protect|p1a: Chi-Yu\n|-singleturn|p1a: Chi-Yu|Protect\n|-activate|p1b: Arcanine|confusion\n|-damage|p1b: Arcanine|26\/100|[from] confusion\n|move|p2b: Talonflame|Tera Blast|p1a: Chi-Yu\n|-activate|p1a: Chi-Yu|move: Protect\n|move|p2a: Wo-Chien|Leech Seed|p1b: Arcanine\n|-start|p1b: Arcanine|move: Leech Seed\n|\n|-weather|none\n|-damage|p1b: Arcanine|14\/100|[from] Leech Seed|[of] p2a: Wo-Chien\n|-heal|p2a: Wo-Chien|44\/100|[silent]\n|-sideend|p2: SteezyTrev16|move: Tailwind\n|upkeep\n|-enditem|p1b: Arcanine|Aguav Berry|[eat]\n|-heal|p1b: Arcanine|47\/100|[from] item: Aguav Berry\n|turn|6\n|\n|t:|1682035791\n|switch|p2b: Pelipper|Pelipper, L50, M|100\/100\n|-weather|RainDance|[from] ability: Drizzle|[of] p2b: Pelipper\n|switch|p1b: Amoonguss|Amoonguss, L50, F|100\/100\n|-terastallize|p1a: Chi-Yu|Dark\n|move|p1a: Chi-Yu|Heat Wave|p2a: Wo-Chien|[spread] p2a,p2b\n|-supereffective|p2a: Wo-Chien\n|-resisted|p2b: Pelipper\n|-damage|p2a: Wo-Chien|10\/100\n|-damage|p2b: Pelipper|83\/100\n|-damage|p1a: Chi-Yu|91\/100|[from] item: Life Orb\n|move|p2a: Wo-Chien|Leech Seed|p1a: Chi-Yu\n|-start|p1a: Chi-Yu|move: Leech Seed\n|\n|-weather|RainDance|[upkeep]\n|-damage|p1a: Chi-Yu|78\/100|[from] Leech Seed|[of] p2a: Wo-Chien\n|-heal|p2a: Wo-Chien|21\/100|[silent]\n|upkeep\n|turn|7\n|inactive|Armadill0 has 30 seconds left.\n|inactive|SteezyTrev16 has 30 seconds left.\n|\n|t:|1682035821\n|move|p1a: Chi-Yu|Dark Pulse|p2b: Pelipper\n|-damage|p2b: Pelipper|0 fnt\n|faint|p2b: Pelipper\n|-damage|p1a: Chi-Yu|68\/100|[from] item: Life Orb\n|move|p2a: Wo-Chien|Taunt|p1b: Amoonguss\n|-start|p1b: Amoonguss|move: Taunt\n|move|p1b: Amoonguss|Pollen Puff|p2a: Wo-Chien\n|-supereffective|p2a: Wo-Chien\n|-damage|p2a: Wo-Chien|0 fnt\n|faint|p2a: Wo-Chien\n|\n|-weather|RainDance|[upkeep]\n|upkeep\n|\n|t:|1682035828\n|switch|p2a: Talonflame|Talonflame, L50, M, tera:Water|67\/100\n|switch|p2b: Great Tusk|Great Tusk, L50, shiny|100\/100\n|turn|8\n|\n|t:|1682035840\n|switch|p1b: Arcanine|Arcanine, L50, M|47\/100\n|-ability|p1b: Arcanine|Intimidate|boost\n|-unboost|p2a: Talonflame|atk|1\n|-unboost|p2b: Great Tusk|atk|1\n|move|p2b: Great Tusk|Close Combat|p1a: Chi-Yu\n|-supereffective|p1a: Chi-Yu\n|-damage|p1a: Chi-Yu|0 fnt\n|-unboost|p2b: Great Tusk|def|1\n|-unboost|p2b: Great Tusk|spd|1\n|faint|p1a: Chi-Yu\n|move|p2a: Talonflame|Tailwind|p2a: Talonflame\n|-sidestart|p2: SteezyTrev16|move: Tailwind\n|\n|-weather|RainDance|[upkeep]\n|upkeep\n|\n|t:|1682035852\n|switch|p1a: Flutter Mane|Flutter Mane, L50|55\/100\n|turn|9\n|\n|t:|1682035866\n|switch|p1b: Amoonguss|Amoonguss, L50, F|100\/100\n|move|p2b: Great Tusk|Close Combat|p1b: Amoonguss\n|-resisted|p1b: Amoonguss\n|-damage|p1b: Amoonguss|78\/100\n|-unboost|p2b: Great Tusk|def|1\n|-unboost|p2b: Great Tusk|spd|1\n|move|p2a: Talonflame|Tera Blast|p1a: Flutter Mane\n|-damage|p1a: Flutter Mane|17\/100\n|move|p1a: Flutter Mane|Dazzling Gleam|p2a: Talonflame|[spread] p2a,p2b\n|-supereffective|p2b: Great Tusk\n|-crit|p2b: Great Tusk\n|-damage|p2a: Talonflame|24\/100\n|-damage|p2b: Great Tusk|0 fnt\n|faint|p2b: Great Tusk\n|-end|p2b: Great Tusk|Protosynthesis|[silent]\n|\n|-weather|RainDance|[upkeep]\n|-heal|p1b: Amoonguss|84\/100|[from] item: Leftovers\n|upkeep\n|turn|10\n|-message|SteezyTrev16 forfeited.\n|\n|win|Armadill0\n|raw|Armadill0's rating: 1000 → 1040<\/strong> (+40 for winning)\n|raw|SteezyTrev16's rating: 1000 → 1000<\/strong> (+0 for losing)\n|l|\u2606SteezyTrev16\n","uploadtime":1682035886,"views":5,"p1id":"armadill0","p2id":"steezytrev16","formatid":"gen9vgc2023regulationc","rating":1000,"private":0,"password":""}