{"id":"gen9vgc2023regulationc-1854810364","p1":"Blaziken Blazers","p2":"Mr. Darwin","format":"[Gen 9] VGC 2023 Regulation C","log":"|j|\u2606Blaziken Blazers\n|j|\u2606Mr. Darwin\n|t:|1682868748\n|gametype|doubles\n|player|p1|Blaziken Blazers|hooligans|\n|player|p2|Mr. Darwin|unknown|\n|teamsize|p1|6\n|teamsize|p2|6\n|gen|9\n|tier|[Gen 9] VGC 2023 Regulation C\n|rule|Species Clause: Limit one of each Pok\u00e9mon\n|rule|Item Clause: Limit one of each item\n|clearpoke\n|poke|p1|Roaring Moon, L50|\n|poke|p1|Gholdengo, L50|\n|poke|p1|Sylveon, L50, M|\n|poke|p1|Mudsdale, L50, F|\n|poke|p1|Ampharos, L50, F|\n|poke|p1|Tauros-Paldea-Aqua, L50, M|\n|poke|p2|Gastrodon, L50, M|\n|poke|p2|Tyranitar, L50, M|\n|poke|p2|Garganacl, L50, F|\n|poke|p2|Grimmsnarl, L50, M|\n|poke|p2|Iron Moth, L50|\n|poke|p2|Houndstone, L50, M|\n|teampreview|4\nBlaziken Blazers rejected open team sheets.\n|c|\u2606Mr. Darwin|g3\n|c|\u2606Blaziken Blazers|G3\n|c|\u2606Blaziken Blazers|Glhf\n|c|\u2606Mr. Darwin|u2\n|c|\u2606Mr. Darwin|i really did not see a grass tera blast muds coming. that was a great move\n|\n|t:|1682869455\n|start\n|switch|p1a: Subway Surfer|Gholdengo, L50|100\/100\n|switch|p1b: Gadha|Mudsdale, L50, F, shiny|100\/100\n|switch|p2a: Iron Moth|Iron Moth, L50|100\/100\n|switch|p2b: Grimmsnarl|Grimmsnarl, L50, M, shiny|100\/100\n|-enditem|p2a: Iron Moth|Booster Energy\n|-activate|p2a: Iron Moth|ability: Quark Drive|[fromitem]\n|-start|p2a: Iron Moth|quarkdrivespe\n|turn|1\n|\n|t:|1682869479\n|-terastallize|p2a: Iron Moth|Grass\n|-terastallize|p1a: Subway Surfer|Fire\n|move|p2b: Grimmsnarl|Light Screen|p2b: Grimmsnarl\n|-sidestart|p2: Mr. Darwin|move: Light Screen\n|move|p2a: Iron Moth|Heat Wave|p1a: Subway Surfer|[spread] p1b\n|-miss|p2a: Iron Moth|p1a: Subway Surfer\n|-damage|p1b: Gadha|78\/100\n|-status|p1b: Gadha|brn\n|move|p1a: Subway Surfer|Make It Rain|p2a: Iron Moth|[spread] p2a,p2b\n|-supereffective|p2b: Grimmsnarl\n|-damage|p2a: Iron Moth|50\/100\n|-damage|p2b: Grimmsnarl|15\/100\n|-unboost|p1a: Subway Surfer|spa|1\n|move|p1b: Gadha|High Horsepower|p2a: Iron Moth\n|-resisted|p2a: Iron Moth\n|-damage|p2a: Iron Moth|30\/100\n|\n|-damage|p1b: Gadha|72\/100 brn|[from] brn\n|upkeep\n|turn|2\n|c|\u2606Blaziken Blazers|not a burn\n|c|\u2606Mr. Darwin|hope and a prayer\n|\n|t:|1682869512\n|move|p2b: Grimmsnarl|Reflect|p2b: Grimmsnarl\n|-sidestart|p2: Mr. Darwin|Reflect\n|move|p2a: Iron Moth|Energy Ball|p1b: Gadha\n|-supereffective|p1b: Gadha\n|-damage|p1b: Gadha|16\/100 brn\n|move|p1a: Subway Surfer|Make It Rain|p2a: Iron Moth|[spread] p2a,p2b\n|-supereffective|p2b: Grimmsnarl\n|-damage|p2a: Iron Moth|0 fnt\n|-damage|p2b: Grimmsnarl|0 fnt\n|-unboost|p1a: Subway Surfer|spa|1\n|faint|p2a: Iron Moth\n|-end|p2a: Iron Moth|Quark Drive|[silent]\n|faint|p2b: Grimmsnarl\n|move|p1b: Gadha|High Horsepower|p2: Iron Moth|[notarget]\n|-fail|p1b: Gadha\n|\n|-damage|p1b: Gadha|11\/100 brn|[from] brn\n|upkeep\n|\n|t:|1682869522\n|switch|p2a: Gastrodon|Gastrodon, L50, M|100\/100\n|switch|p2b: Garganacl|Garganacl, L50, F, shiny|100\/100\n|turn|3\n|inactive|Battle timer is ON: inactive players will automatically lose when time's up. (requested by Mr. Darwin)\n|inactive|Blaziken Blazers has 60 seconds left.\n|\n|t:|1682869579\n|switch|p1a: Saandu|Tauros-Paldea-Aqua, L50, M, shiny|100\/100\n|-ability|p1a: Saandu|Intimidate|boost\n|-unboost|p2a: Gastrodon|atk|1\n|-unboost|p2b: Garganacl|atk|1\n|move|p2a: Gastrodon|Muddy Water|p1a: Saandu|[spread] p1a,p1b\n|-resisted|p1a: Saandu\n|-supereffective|p1b: Gadha\n|-damage|p1a: Saandu|80\/100\n|-damage|p1b: Gadha|0 fnt\n|-unboost|p1a: Saandu|accuracy|1\n|faint|p1b: Gadha\n|move|p2b: Garganacl|Salt Cure|p1a: Saandu\n|-resisted|p1a: Saandu\n|-damage|p1a: Saandu|75\/100\n|-start|p1a: Saandu|Salt Cure\n|\n|-damage|p1a: Saandu|50\/100|[from] Salt Cure\n|upkeep\n|\n|t:|1682869602\n|switch|p1b: Lizardon|Roaring Moon, L50, shiny|100\/100\n|-enditem|p1b: Lizardon|Booster Energy\n|-activate|p1b: Lizardon|ability: Protosynthesis|[fromitem]\n|-start|p1b: Lizardon|protosynthesisatk\n|turn|4\n|inactive|Blaziken Blazers has 30 seconds left.\n|\n|t:|1682869632\n|move|p2b: Garganacl|Protect|p2b: Garganacl\n|-singleturn|p2b: Garganacl|Protect\n|move|p1b: Lizardon|Crunch|p2a: Gastrodon\n|-damage|p2a: Gastrodon|65\/100\n|move|p1a: Saandu|Trailblaze|p2a: Gastrodon|[miss]\n|-miss|p1a: Saandu|p2a: Gastrodon\n|move|p2a: Gastrodon|Yawn|p1b: Lizardon\n|-start|p1b: Lizardon|move: Yawn|[of] p2a: Gastrodon\n|\n|-damage|p1a: Saandu|26\/100|[from] Salt Cure\n|upkeep\n|turn|5\n|inactive|Blaziken Blazers has 30 seconds left.\n|inactive|Mr. Darwin has 30 seconds left.\n|inactive|Blaziken Blazers has 20 seconds left.\n|\n|t:|1682869669\n|-end|p1b: Lizardon|Protosynthesis|[silent]\n|switch|p1b: Subway Surfer|Gholdengo, L50, tera:Fire|100\/100\n|move|p1a: Saandu|Trailblaze|p2a: Gastrodon\n|-supereffective|p2a: Gastrodon\n|-damage|p2a: Gastrodon|0 fnt\n|-boost|p1a: Saandu|spe|1\n|faint|p2a: Gastrodon\n|-damage|p1a: Saandu|16\/100|[from] item: Life Orb\n|move|p2b: Garganacl|Salt Cure|p1b: Subway Surfer\n|-supereffective|p1b: Subway Surfer\n|-damage|p1b: Subway Surfer|82\/100\n|-start|p1b: Subway Surfer|Salt Cure\n|\n|-damage|p1a: Saandu|0 fnt|[from] Salt Cure\n|faint|p1a: Saandu\n|-damage|p1b: Subway Surfer|70\/100|[from] Salt Cure\n|upkeep\n|\n|t:|1682869684\n|switch|p1a: Lizardon|Roaring Moon, L50, shiny|100\/100\n|turn|6\n|inactive|Blaziken Blazers has 30 seconds left.\n|\n|t:|1682869712\n|move|p1a: Lizardon|Stomping Tantrum|p2b: Garganacl\n|-supereffective|p2b: Garganacl\n|-damage|p2b: Garganacl|78\/100\n|move|p1b: Subway Surfer|Make It Rain|p2b: Garganacl\n|-supereffective|p2b: Garganacl\n|-damage|p2b: Garganacl|0 fnt\n|-unboost|p1b: Subway Surfer|spa|1\n|faint|p2b: Garganacl\n|\n|win|Blaziken Blazers\n|c|\u2606Blaziken Blazers|ggs\n|c|\u2606Mr. Darwin|ggs\n|c|\u2606Mr. Darwin|do we both have to record stats?\n|c|\u2606Blaziken Blazers|That gargnacl is annoying as hell\n|c|\u2606Blaziken Blazers|I will do it\n|c|\u2606Mr. Darwin|yeeee thats why i take him so i dont have to deal against it lol\n|c|\u2606Blaziken Blazers|As i have to update the doc as well\n|c|\u2606Blaziken Blazers|lol\n|c|\u2606Mr. Darwin|sounds good\n|c|\u2606Mr. Darwin|ggs dude\n|c|\u2606Blaziken Blazers|ggs\n|c|\u2606Blaziken Blazers|great game\n|c|\u2606Mr. Darwin|alwayss fun playing against you\n|c|\u2606Mr. Darwin|talk soon\n|l|\u2606Mr. Darwin\n|c|\u2606Blaziken Blazers|Same\n","uploadtime":1682869983,"views":20,"p1id":"blazikenblazers","p2id":"mrdarwin","formatid":"gen9vgc2023regulationc","rating":0,"private":0,"password":""}