{"id":"gen9vgc2023regulationc-1859038249","p1":"TGH_sr","p2":"interesting person","format":"[Gen 9] VGC 2023 Regulation C","log":"|j|\u2606TGH_sr\n|j|\u2606interesting person\n|t:|1683397198\n|gametype|doubles\n|player|p1|TGH_sr|steven|1291\n|player|p2|interesting person|iris|1344\n|teamsize|p1|6\n|teamsize|p2|6\n|gen|9\n|tier|[Gen 9] VGC 2023 Regulation C\n|rated|\n|rule|Species Clause: Limit one of each Pok\u00e9mon\n|rule|Item Clause: Limit one of each item\n|clearpoke\n|poke|p1|Talonflame, L50, F|\n|poke|p1|Garchomp, L50, M|\n|poke|p1|Kingambit, L50, M|\n|poke|p1|Iron Bundle, L50|\n|poke|p1|Flutter Mane, L50|\n|poke|p1|Amoonguss, L50, F|\n|poke|p2|Garchomp, L50, F|\n|poke|p2|Orthworm, L50, F|\n|poke|p2|Armarouge, L50, F|\n|poke|p2|Dragapult, L50, F|\n|poke|p2|Indeedee-F, L50, F|\n|poke|p2|Iron Bundle, L50|\n|teampreview|4\nTGH_sr has agreed to open team sheets.\ninteresting person has agreed to open team sheets.\n|\n|t:|1683397278\n|start\n|switch|p1a: Garchomp|Garchomp, L50, M|100\/100\n|switch|p1b: Kingambit|Kingambit, L50, M|100\/100\n|switch|p2a: Orthworm|Orthworm, L50, F|100\/100\n|switch|p2b: Iron Bundle|Iron Bundle, L50|100\/100\n|-enditem|p2b: Iron Bundle|Booster Energy\n|-activate|p2b: Iron Bundle|ability: Quark Drive|[fromitem]\n|-start|p2b: Iron Bundle|quarkdrivespe\n|turn|1\n|\n|t:|1683397328\n|switch|p1a: Flutter Mane|Flutter Mane, L50|100\/100\n|move|p2b: Iron Bundle|Freeze-Dry|p1a: Flutter Mane\n|-damage|p1a: Flutter Mane|64\/100\n|move|p2a: Orthworm|Shed Tail|p2a: Orthworm\n|-start|p2a: Orthworm|Substitute|[from] move: Shed Tail\n|-damage|p2a: Orthworm|50\/100\n|-enditem|p2a: Orthworm|Sitrus Berry|[eat]\n|-heal|p2a: Orthworm|75\/100|[from] item: Sitrus Berry\n|\n|t:|1683397340\n|switch|p2a: Garchomp|Garchomp, L50, F|100\/100|[from] Shed Tail\n|move|p1b: Kingambit|Swords Dance|p1b: Kingambit\n|-boost|p1b: Kingambit|atk|2\n|\n|upkeep\n|turn|2\n|\n|t:|1683397398\n|-end|p2b: Iron Bundle|Quark Drive|[silent]\n|switch|p2b: Orthworm|Orthworm, L50, F|75\/100\n|-terastallize|p2a: Garchomp|Fire\n|move|p1b: Kingambit|Sucker Punch|p2a: Garchomp\n|-crit|p2a: Garchomp\n|-end|p2a: Garchomp|Substitute\n|move|p1a: Flutter Mane|Moonblast|p2a: Garchomp\n|-resisted|p2a: Garchomp\n|-damage|p2a: Garchomp|60\/100\n|-unboost|p2a: Garchomp|spa|1\n|move|p2a: Garchomp|Earthquake|p1a: Flutter Mane|[spread] p1a,p1b\n|-heal|p2b: Orthworm|99\/100|[from] ability: Earth Eater|[of] p2a: Garchomp\n|-supereffective|p1b: Kingambit\n|-damage|p1a: Flutter Mane|0 fnt\n|-damage|p1b: Kingambit|11\/100\n|faint|p1a: Flutter Mane\n|-end|p1a: Flutter Mane|Protosynthesis|[silent]\n|\n|upkeep\n|\n|t:|1683397421\n|switch|p1a: Amoonguss|Amoonguss, L50, F|100\/100\n|turn|3\n|\n|t:|1683397448\n|-terastallize|p1b: Kingambit|Dark\n|move|p1b: Kingambit|Sucker Punch|p2a: Garchomp\n|-damage|p2a: Garchomp|0 fnt\n|-damage|p1b: Kingambit|0 fnt|[from] ability: Rough Skin|[of] p2a: Garchomp\n|faint|p2a: Garchomp\n|faint|p1b: Kingambit\n|move|p2b: Orthworm|Shed Tail|p2b: Orthworm\n|-start|p2b: Orthworm|Substitute|[from] move: Shed Tail\n|-damage|p2b: Orthworm|50\/100\n|\n|t:|1683397455\n|switch|p2b: Armarouge|Armarouge, L50, F|100\/100|[from] Shed Tail\n|move|p1a: Amoonguss|Pollen Puff|p1: Kingambit|[notarget]\n|-fail|p1a: Amoonguss\n|\n|upkeep\n|\n|t:|1683397469\n|switch|p2a: Iron Bundle|Iron Bundle, L50|100\/100\n|switch|p1b: Garchomp|Garchomp, L50, M|100\/100\n|turn|4\n|\n|t:|1683397493\n|move|p2a: Iron Bundle|Protect|p2a: Iron Bundle\n|-singleturn|p2a: Iron Bundle|Protect\n|move|p1b: Garchomp|Earthquake|p2b: Armarouge|[spread] p1a,p2b\n|-activate|p2a: Iron Bundle|move: Protect\n|-supereffective|p2b: Armarouge\n|-end|p2b: Armarouge|Substitute\n|-damage|p1a: Amoonguss|50\/100\n|-enditem|p1a: Amoonguss|Sitrus Berry|[eat]\n|-heal|p1a: Amoonguss|75\/100|[from] item: Sitrus Berry\n|-damage|p1b: Garchomp|91\/100|[from] item: Life Orb\n|move|p2b: Armarouge|Heat Wave|p1a: Amoonguss|[spread] p1a,p1b\n|-supereffective|p1a: Amoonguss\n|-resisted|p1b: Garchomp\n|-damage|p1a: Amoonguss|13\/100\n|-damage|p1b: Garchomp|71\/100\n|move|p1a: Amoonguss|Spore|p2a: Iron Bundle\n|-activate|p2a: Iron Bundle|move: Protect\n|\n|upkeep\n|turn|5\n|\n|t:|1683397525\n|move|p2a: Iron Bundle|Freeze-Dry|p1b: Garchomp\n|-supereffective|p1b: Garchomp\n|-damage|p1b: Garchomp|0 fnt\n|faint|p1b: Garchomp\n|move|p2b: Armarouge|Heat Wave|p1a: Amoonguss\n|-supereffective|p1a: Amoonguss\n|-damage|p1a: Amoonguss|0 fnt\n|faint|p1a: Amoonguss\n|\n|win|interesting person\n|raw|TGH_sr's rating: 1291 → 1270<\/strong> (-21 for losing)\n|raw|interesting person's rating: 1344 → 1361<\/strong> (+17 for winning)\n|c|\u2606interesting person|gg\n|l|\u2606interesting person\n|c|\u2606TGH_sr|gg\n","uploadtime":1683397730,"views":17,"p1id":"tghsr","p2id":"interestingperson","formatid":"gen9vgc2023regulationc","rating":1270,"private":0,"password":""}