{"id":"gen9vgc2023regulationc-1847518396","p1":"Kohbalt","p2":"Borghi","format":"[Gen 9] VGC 2023 Regulation C","log":"|j|\u2606Kohbalt\n|j|\u2606Borghi\n|t:|1681966110\n|gametype|doubles\n|player|p1|Kohbalt|steven|\n|player|p2|Borghi|blue-masters|\n|teamsize|p1|6\n|teamsize|p2|6\n|gen|9\n|tier|[Gen 9] VGC 2023 Regulation C\n|rated|Tournament battle\n|rule|Species Clause: Limit one of each Pok\u00e9mon\n|rule|Item Clause: Limit one of each item\n|clearpoke\n|poke|p1|Flutter Mane, L50|\n|poke|p1|Palafin, L50, F|\n|poke|p1|Amoonguss, L50, F|\n|poke|p1|Arcanine, L50, M|\n|poke|p1|Chi-Yu, L50|\n|poke|p1|Glimmora, L50, F|\n|poke|p2|Annihilape, L50, F|\n|poke|p2|Maushold, L50|\n|poke|p2|Dondozo, L50, M|\n|poke|p2|Tatsugiri, L50, F|\n|poke|p2|Chien-Pao, L50|\n|poke|p2|Dragonite, L50, F|\n|teampreview|4\n|inactive|Battle timer is ON: inactive players will automatically lose when time's up. (requested by Borghi)\nKohbalt has agreed to open team sheets.\nBorghi rejected open team sheets.\n|j|+crystalninetales\n|j| rv100\n|c|\u2606Borghi|bro i swear im practicing for the IC\n|c|\u2606Borghi|bro i swear\n|c|\u2606Borghi|trust me bro\n|inactive|Kohbalt has 60 seconds left.\n|inactive|Borghi has 60 seconds left.\n|c| rv100|???\n|c|\u2606Borghi|its a joke\n|j|%Bright Size\n|c|%Bright Size|borghi can you also dc if you start losing since youre practicing for the ic\n|inactive|Borghi has 30 seconds left.\n|c|\u2606Borghi|oh tru!\n|inactive|Borghi has 20 seconds left.\n|inactive|Borghi has 15 seconds left.\n|\n|t:|1681966189\n|start\n|switch|p1a: Flutter Mane|Flutter Mane, L50|100\/100\n|switch|p1b: Palafin|Palafin, L50, F, shiny|100\/100\n|switch|p2a: Dondozo|Dondozo, L50, M|100\/100\n|switch|p2b: Annihilape|Annihilape, L50, F|100\/100\n|turn|1\n|c|%Bright Size|what is he cookin\n|inactive|Kohbalt has 30 seconds left.\n|inactive|Borghi has 30 seconds left.\n|inactive|Borghi has 20 seconds left.\n|inactive|Borghi has 15 seconds left.\n|inactive|Borghi has 10 seconds left.\n|\n|t:|1681966236\n|-terastallize|p1a: Flutter Mane|Fairy\n|-terastallize|p2a: Dondozo|Grass\n|move|p2b: Annihilape|U-turn|p1a: Flutter Mane\n|-resisted|p1a: Flutter Mane\n|-damage|p1a: Flutter Mane|85\/100\n|\n|t:|1681966241\n|switch|p2b: Tatsugiri|Tatsugiri, L50, F|100\/100|[from] U-turn\n|-activate|p2b: Tatsugiri|ability: Commander|[of] p2a: Dondozo\n|-boost|p2a: Dondozo|atk|2\n|-boost|p2a: Dondozo|spa|2\n|-boost|p2a: Dondozo|spe|2\n|-boost|p2a: Dondozo|def|2\n|-boost|p2a: Dondozo|spd|2\n|move|p1a: Flutter Mane|Dazzling Gleam|p2b: Tatsugiri|[spread] p2a\n|-miss|p1a: Flutter Mane|p2b: Tatsugiri\n|-damage|p2a: Dondozo|75\/100\n|move|p2a: Dondozo|Wave Crash|p1a: Flutter Mane\n|-damage|p1a: Flutter Mane|0 fnt\n|faint|p1a: Flutter Mane\n|-end|p1a: Flutter Mane|Protosynthesis|[silent]\n|-damage|p2a: Dondozo|56\/100|[from] Recoil\n|move|p1b: Palafin|Haze|p1b: Palafin\n|-clearallboost\n|\n|-heal|p2a: Dondozo|62\/100|[from] item: Leftovers\n|upkeep\n|j|+HobbitVGC\n|\n|t:|1681966262\n|switch|p1a: Arcanine|Arcanine, L50, M|100\/100\n|-ability|p1a: Arcanine|Intimidate|boost\n|-fail|p2a: Dondozo|unboost|Attack|[from] ability: Oblivious|[of] p2a: Dondozo\n|-unboost|p2b: Tatsugiri|atk|1\n|turn|2\n|l|+HobbitVGC\n|\n|t:|1681966271\n|detailschange|p1b: Palafin|Palafin-Hero, L50, F, shiny\n|switch|p1b: Amoonguss|Amoonguss, L50, F|100\/100\n|move|p2a: Dondozo|Protect|p2a: Dondozo\n|-singleturn|p2a: Dondozo|Protect\n|move|p1a: Arcanine|Flare Blitz|p2a: Dondozo\n|-activate|p2a: Dondozo|move: Protect\n|\n|-heal|p2a: Dondozo|68\/100|[from] item: Leftovers\n|upkeep\n|turn|3\n|c|%Bright Size|gaming\n|\n|t:|1681966288\n|move|p1a: Arcanine|Will-O-Wisp|p2a: Dondozo\n|-status|p2a: Dondozo|brn\n|move|p2a: Dondozo|Wave Crash|p1a: Arcanine\n|-supereffective|p1a: Arcanine\n|-damage|p1a: Arcanine|51\/100\n|-damage|p2a: Dondozo|54\/100 brn|[from] Recoil\n|move|p1b: Amoonguss|Pollen Puff|p1a: Arcanine\n|-heal|p1a: Arcanine|100\/100\n|\n|-heal|p2a: Dondozo|60\/100 brn|[from] item: Leftovers\n|-damage|p2a: Dondozo|54\/100 brn|[from] brn\n|upkeep\n|turn|4\n|\n|t:|1681966308\n|move|p1a: Arcanine|Flare Blitz|p2a: Dondozo\n|-supereffective|p2a: Dondozo\n|-damage|p2a: Dondozo|0 fnt\n|faint|p2a: Dondozo\n|-damage|p1a: Arcanine|80\/100|[from] Recoil\n|move|p1b: Amoonguss|Pollen Puff|p1a: Arcanine\n|-heal|p1a: Arcanine|100\/100\n|\n|upkeep\n|\n|t:|1681966321\n|switch|p2a: Annihilape|Annihilape, L50, F|100\/100\n|turn|5\n|\n|t:|1681966328\n|move|p2a: Annihilape|Final Gambit|p1b: Amoonguss\n|-damage|p1b: Amoonguss|6\/100\n|-enditem|p1b: Amoonguss|Sitrus Berry|[eat]\n|-heal|p1b: Amoonguss|31\/100|[from] item: Sitrus Berry\n|faint|p2a: Annihilape\n|move|p2b: Tatsugiri|Dragon Pulse|p1b: Amoonguss\n|-damage|p1b: Amoonguss|0 fnt\n|faint|p1b: Amoonguss\n|move|p1a: Arcanine|Will-O-Wisp|p2b: Tatsugiri\n|-status|p2b: Tatsugiri|brn\n|\n|-damage|p2b: Tatsugiri|94\/100 brn|[from] brn\n|upkeep\n|\n|t:|1681966339\n|switch|p2a: Dragonite|Dragonite, L50, F|100\/100\n|switch|p1b: Palafin|Palafin-Hero, L50, F, shiny|100\/100\n|-activate|p1b: Palafin|ability: Zero to Hero\n|turn|6\n|\n|t:|1681966358\n|move|p2b: Tatsugiri|Dragon Pulse|p1b: Palafin\n|-damage|p1b: Palafin|41\/100\n|move|p1a: Arcanine|Will-O-Wisp|p2a: Dragonite|[miss]\n|-miss|p1a: Arcanine|p2a: Dragonite\n|move|p2a: Dragonite|Outrage|p1a: Arcanine\n|-damage|p1a: Arcanine|25\/100\n|move|p1b: Palafin|Wave Crash|p2b: Tatsugiri\n|-resisted|p2b: Tatsugiri\n|-damage|p2b: Tatsugiri|55\/100 brn\n|-damage|p1b: Palafin|31\/100|[from] Recoil\n|\n|-damage|p2b: Tatsugiri|49\/100 brn|[from] brn\n|upkeep\n|turn|7\n|\n|t:|1681966374\n|move|p1b: Palafin|Protect|p1b: Palafin\n|-singleturn|p1b: Palafin|Protect\n|move|p1a: Arcanine|Extreme Speed|p2b: Tatsugiri\n|-damage|p2b: Tatsugiri|18\/100 brn\n|move|p2b: Tatsugiri|Dragon Pulse|p1a: Arcanine\n|-damage|p1a: Arcanine|0 fnt\n|faint|p1a: Arcanine\n|move|p2a: Dragonite|Outrage|p1b: Palafin|[from]lockedmove\n|-activate|p1b: Palafin|move: Protect\n|-start|p2a: Dragonite|confusion|[fatigue]\n|-enditem|p2a: Dragonite|Lum Berry|[eat]\n|-end|p2a: Dragonite|confusion\n|\n|-damage|p2b: Tatsugiri|12\/100 brn|[from] brn\n|upkeep\n|turn|8\n|\n|t:|1681966389\n|move|p2a: Dragonite|Extreme Speed|p1b: Palafin\n|-damage|p1b: Palafin|3\/100\n|move|p1b: Palafin|Jet Punch|p2b: Tatsugiri\n|-resisted|p2b: Tatsugiri\n|-damage|p2b: Tatsugiri|0 fnt\n|faint|p2b: Tatsugiri\n|\n|upkeep\n|turn|9\n|c|\u2606Borghi|gg\n|\n|t:|1681966396\n|move|p1b: Palafin|Protect|p1b: Palafin\n|-singleturn|p1b: Palafin|Protect\n|move|p2a: Dragonite|Extreme Speed|p1b: Palafin\n|-activate|p1b: Palafin|move: Protect\n|\n|upkeep\n|turn|10\n|\n|t:|1681966405\n|move|p1b: Palafin|Protect||[still]\n|-fail|p1b: Palafin\n|move|p2a: Dragonite|Extreme Speed|p1b: Palafin\n|-damage|p1b: Palafin|0 fnt\n|faint|p1b: Palafin\n|\n|win|Borghi\n|n|\u2606Kohbalt|kohbalt\n|n|\u2606Borghi|borghi\n|n| crystalninetales|crystalninetales\n|n| rv100|rv100\n|n| Bright Size|brightsize\n|l|\u2606Kohbalt\n|l| crystalninetales\n|l| Bright Size\n|j| Critical ratta\n|l| Critical ratta\n|l| rv100\n","uploadtime":1681966954,"views":8,"p1id":"kohbalt","p2id":"borghi","formatid":"gen9vgc2023regulationc","rating":0,"private":0,"password":""}