{"id":"gen9vgc2023regulationc-1855982075","p1":"Cozy Snail","p2":"SpooBear","format":"[Gen 9] VGC 2023 Regulation C","log":"|j|\u2606Cozy Snail\n|j|\u2606SpooBear\n|t:|1683011633\n|gametype|doubles\n|player|p1|Cozy Snail|fisherman-gen4|\n|player|p2|SpooBear|hiker-gen4|\n|teamsize|p1|6\n|teamsize|p2|6\n|gen|9\n|tier|[Gen 9] VGC 2023 Regulation C\n|rule|Species Clause: Limit one of each Pok\u00e9mon\n|rule|Item Clause: Limit one of each item\n|clearpoke\n|poke|p1|Dragonite, L50, F|\n|poke|p1|Scream Tail, L50|\n|poke|p1|Rotom-Wash, L50|\n|poke|p1|Ting-Lu, L50|\n|poke|p1|Gholdengo, L50|\n|poke|p1|Palafin, L50, F|\n|poke|p2|Glimmora, L50, F|\n|poke|p2|Tatsugiri, L50, F|\n|poke|p2|Chi-Yu, L50|\n|poke|p2|Iron Bundle, L50|\n|poke|p2|Dondozo, L50, M|\n|poke|p2|Dragonite, L50, F|\n|teampreview|4\n|\n|t:|1683011662\n|start\n|switch|p1a: Rotom|Rotom-Wash, L50, shiny|100\/100\n|switch|p1b: Palafin|Palafin, L50, F|100\/100\n|switch|p2a: Glimmora|Glimmora, L50, F, shiny|100\/100\n|switch|p2b: Dondozo|Dondozo, L50, M, shiny|100\/100\n|turn|1\n|\n|t:|1683011681\n|detailschange|p1b: Palafin|Palafin-Hero, L50, F\n|switch|p1b: Scream Tail|Scream Tail, L50|100\/100\n|-enditem|p1b: Scream Tail|Booster Energy\n|-activate|p1b: Scream Tail|ability: Protosynthesis|[fromitem]\n|-start|p1b: Scream Tail|protosynthesisspe\n|move|p1a: Rotom|Protect|p1a: Rotom\n|-singleturn|p1a: Rotom|Protect\n|move|p2b: Dondozo|Protect|p2b: Dondozo\n|-singleturn|p2b: Dondozo|Protect\n|move|p2a: Glimmora|Mortal Spin|p1b: Scream Tail|[spread] p1b\n|-activate|p1a: Rotom|move: Protect\n|-supereffective|p1b: Scream Tail\n|-damage|p1b: Scream Tail|92\/100\n|-status|p1b: Scream Tail|psn\n|\n|-damage|p1b: Scream Tail|80\/100 psn|[from] psn\n|upkeep\n|turn|2\n|\n|t:|1683011710\n|switch|p1a: Palafin|Palafin-Hero, L50, F|100\/100\n|-activate|p1a: Palafin|ability: Zero to Hero\n|switch|p2a: Tatsugiri|Tatsugiri, L50, F, shiny|100\/100\n|-activate|p2a: Tatsugiri|ability: Commander|[of] p2b: Dondozo\n|-boost|p2b: Dondozo|atk|2\n|-boost|p2b: Dondozo|spa|2\n|-boost|p2b: Dondozo|spe|2\n|-boost|p2b: Dondozo|def|2\n|-boost|p2b: Dondozo|spd|2\n|-terastallize|p2b: Dondozo|Grass\n|move|p1b: Scream Tail|Thunder Wave|p2b: Dondozo\n|-status|p2b: Dondozo|par\n|cant|p2b: Dondozo|par\n|\n|-damage|p1b: Scream Tail|68\/100 psn|[from] psn\n|upkeep\n|turn|3\n|\n|t:|1683011747\n|-terastallize|p1a: Palafin|Fighting\n|move|p1b: Scream Tail|Protect|p1b: Scream Tail\n|-singleturn|p1b: Scream Tail|Protect\n|move|p1a: Palafin|Drain Punch|p2b: Dondozo\n|-damage|p2b: Dondozo|81\/100 par\n|cant|p2b: Dondozo|par\n|\n|-heal|p2b: Dondozo|88\/100 par|[from] item: Leftovers\n|-damage|p1b: Scream Tail|56\/100 psn|[from] psn\n|upkeep\n|turn|4\n|\n|t:|1683011764\n|move|p1b: Scream Tail|Howl|p1b: Scream Tail|[spread] p1a,p1b\n|-boost|p1a: Palafin|atk|1\n|-boost|p1b: Scream Tail|atk|1\n|move|p1a: Palafin|Drain Punch|p2b: Dondozo\n|-damage|p2b: Dondozo|70\/100 par\n|move|p2b: Dondozo|Tera Blast|p1a: Palafin\n|-damage|p1a: Palafin|39\/100\n|\n|-heal|p2b: Dondozo|77\/100 par|[from] item: Leftovers\n|-damage|p1b: Scream Tail|43\/100 psn|[from] psn\n|upkeep\n|turn|5\n|\n|t:|1683011790\n|move|p2b: Dondozo|Protect|p2b: Dondozo\n|-singleturn|p2b: Dondozo|Protect\n|move|p1b: Scream Tail|Play Rough|p2b: Dondozo\n|-activate|p2b: Dondozo|move: Protect\n|move|p1a: Palafin|Haze|p1a: Palafin\n|-clearallboost\n|\n|-heal|p2b: Dondozo|83\/100 par|[from] item: Leftovers\n|-damage|p1b: Scream Tail|31\/100 psn|[from] psn\n|upkeep\n|turn|6\n|\n|t:|1683011801\n|move|p1b: Scream Tail|Howl|p1b: Scream Tail|[spread] p1a,p1b\n|-boost|p1a: Palafin|atk|1\n|-boost|p1b: Scream Tail|atk|1\n|move|p1a: Palafin|Drain Punch|p2b: Dondozo\n|-damage|p2b: Dondozo|47\/100 par\n|-heal|p1a: Palafin|60\/100|[from] drain|[of] p2b: Dondozo\n|cant|p2b: Dondozo|par\n|\n|-heal|p2b: Dondozo|53\/100 par|[from] item: Leftovers\n|-damage|p1b: Scream Tail|19\/100 psn|[from] psn\n|upkeep\n|turn|7\n|\n|t:|1683011815\n|move|p1b: Scream Tail|Howl|p1b: Scream Tail|[spread] p1a,p1b\n|-boost|p1a: Palafin|atk|1\n|-boost|p1b: Scream Tail|atk|1\n|move|p1a: Palafin|Drain Punch|p2b: Dondozo\n|-crit|p2b: Dondozo\n|-damage|p2b: Dondozo|0 fnt\n|-heal|p1a: Palafin|90\/100|[from] drain|[of] p2b: Dondozo\n|faint|p2b: Dondozo\n|\n|-damage|p1b: Scream Tail|6\/100 psn|[from] psn\n|upkeep\n|\n|t:|1683011824\n|switch|p2b: Glimmora|Glimmora, L50, F, shiny|100\/100\n|turn|8\n|\n|t:|1683011846\n|move|p1a: Palafin|Jet Punch|p2b: Glimmora\n|-supereffective|p2b: Glimmora\n|-damage|p2b: Glimmora|0 fnt\n|-activate|p2b: Glimmora|ability: Toxic Debris\n|-sidestart|p1: Cozy Snail|move: Toxic Spikes\n|faint|p2b: Glimmora\n|move|p1b: Scream Tail|Howl|p1b: Scream Tail|[spread] p1a,p1b\n|-boost|p1a: Palafin|atk|1\n|-boost|p1b: Scream Tail|atk|1\n|move|p2a: Tatsugiri|Draco Meteor|p1a: Palafin\n|-damage|p1a: Palafin|30\/100\n|-unboost|p2a: Tatsugiri|spa|2\n|\n|-damage|p1b: Scream Tail|0 fnt|[from] psn\n|faint|p1b: Scream Tail\n|-end|p1b: Scream Tail|Protosynthesis|[silent]\n|upkeep\n|\n|t:|1683011861\n|switch|p1b: Gholdengo|Gholdengo, L50|100\/100\n|switch|p2b: Iron Bundle|Iron Bundle, L50, shiny|100\/100\n|-enditem|p2b: Iron Bundle|Booster Energy\n|-activate|p2b: Iron Bundle|ability: Quark Drive|[fromitem]\n|-start|p2b: Iron Bundle|quarkdrivespe\n|turn|9\n|\n|t:|1683011877\n|move|p1a: Palafin|Jet Punch|p2b: Iron Bundle\n|-resisted|p2b: Iron Bundle\n|-damage|p2b: Iron Bundle|39\/100\n|move|p2b: Iron Bundle|Freeze-Dry|p1b: Gholdengo\n|-resisted|p1b: Gholdengo\n|-damage|p1b: Gholdengo|84\/100\n|-status|p1b: Gholdengo|frz\n|move|p2a: Tatsugiri|Draco Meteor|p1a: Palafin\n|-damage|p1a: Palafin|0 fnt\n|-unboost|p2a: Tatsugiri|spa|2\n|faint|p1a: Palafin\n|cant|p1b: Gholdengo|frz\n|\n|upkeep\n|\n|t:|1683011890\n|switch|p1a: Rotom|Rotom-Wash, L50, shiny|100\/100\n|turn|10\n|\n|t:|1683011896\n|move|p2b: Iron Bundle|Freeze-Dry|p1a: Rotom\n|-supereffective|p1a: Rotom\n|-damage|p1a: Rotom|24\/100\n|move|p2a: Tatsugiri|Draco Meteor|p1a: Rotom\n|-damage|p1a: Rotom|2\/100\n|-unboost|p2a: Tatsugiri|spa|2\n|move|p1a: Rotom|Thunderbolt|p2b: Iron Bundle\n|-supereffective|p2b: Iron Bundle\n|-damage|p2b: Iron Bundle|0 fnt\n|faint|p2b: Iron Bundle\n|-end|p2b: Iron Bundle|Quark Drive|[silent]\n|cant|p1b: Gholdengo|frz\n|\n|upkeep\n|turn|11\n|\n|t:|1683011913\n|move|p1a: Rotom|Protect|p1a: Rotom\n|-singleturn|p1a: Rotom|Protect\n|move|p2a: Tatsugiri|Draco Meteor|p1a: Rotom\n|-activate|p1a: Rotom|move: Protect\n|cant|p1b: Gholdengo|frz\n|\n|upkeep\n|turn|12\n|\n|t:|1683011931\n|move|p2a: Tatsugiri|Draco Meteor|p1a: Rotom\n|-damage|p1a: Rotom|0 fnt\n|faint|p1a: Rotom\n|cant|p1b: Gholdengo|frz\n|\n|upkeep\n|turn|13\n|\n|t:|1683011940\n|move|p2a: Tatsugiri|Draco Meteor|p1b: Gholdengo|[miss]\n|-miss|p2a: Tatsugiri|p1b: Gholdengo\n|cant|p1b: Gholdengo|frz\n|\n|upkeep\n|turn|14\n|\n|t:|1683011947\n|move|p2a: Tatsugiri|Draco Meteor|p1b: Gholdengo\n|-resisted|p1b: Gholdengo\n|-damage|p1b: Gholdengo|76\/100 frz\n|-curestatus|p1b: Gholdengo|frz|[msg]\n|move|p1b: Gholdengo|Shadow Ball|p2a: Tatsugiri\n|-damage|p2a: Tatsugiri|14\/100\n|\n|upkeep\n|turn|15\n|\n|t:|1683011955\n|move|p2a: Tatsugiri|Draco Meteor|p1b: Gholdengo\n|-resisted|p1b: Gholdengo\n|-damage|p1b: Gholdengo|68\/100\n|move|p1b: Gholdengo|Shadow Ball|p2a: Tatsugiri\n|-damage|p2a: Tatsugiri|0 fnt\n|faint|p2a: Tatsugiri\n|\n|win|Cozy Snail\n|l|\u2606Cozy Snail\n|j|\u2606Cozy Snail\n|player|p1|Cozy Snail|fisherman-gen4\n","uploadtime":1683012344,"views":16,"p1id":"cozysnail","p2id":"spoobear","formatid":"gen9vgc2023regulationc","rating":0,"private":0,"password":""}