{"id":"gen9vgc2023regulationc-1844962269","p1":"haha u rage quit","p2":"Famyos","format":"[Gen 9] VGC 2023 Regulation C","log":"|j|\u2606haha u rage quit\n|j|\u2606Famyos\n|t:|1681668602\n|gametype|doubles\n|player|p1|haha u rage quit|pokemaniac|1409\n|player|p2|Famyos|furisodegirl-black|1351\n|teamsize|p1|6\n|teamsize|p2|6\n|gen|9\n|tier|[Gen 9] VGC 2023 Regulation C\n|rated|\n|rule|Species Clause: Limit one of each Pok\u00e9mon\n|rule|Item Clause: Limit one of each item\n|clearpoke\n|poke|p1|Meowscarada, L50, M|\n|poke|p1|Tatsugiri-Droopy, L50, M|\n|poke|p1|Talonflame, L50, M|\n|poke|p1|Pawmot, L50, M|\n|poke|p1|Dondozo, L50, M|\n|poke|p1|Arcanine, L50, M|\n|poke|p2|Ceruledge, L50, F|\n|poke|p2|Palafin, L50, M|\n|poke|p2|Meowscarada, L50, F|\n|poke|p2|Flutter Mane, L50|\n|poke|p2|Scizor, L50, M|\n|poke|p2|Roaring Moon, L50|\n|teampreview|4\nFamyos has agreed to open team sheets.\n|\n|t:|1681668634\n|start\n|switch|p1a: Meowscarada|Meowscarada, L50, M|100\/100\n|switch|p1b: Arcanine|Arcanine, L50, M|100\/100\n|switch|p2a: Flutter Mane|Flutter Mane, L50|100\/100\n|switch|p2b: Ceruledge|Ceruledge, L50, F|100\/100\n|-ability|p1b: Arcanine|Intimidate|boost\n|-unboost|p2a: Flutter Mane|atk|1\n|-fail|p2b: Ceruledge|unboost|[from] item: Clear Amulet|[of] p2b: Ceruledge\n|turn|1\n|\n|t:|1681668671\n|move|p1a: Meowscarada|Shadow Claw|p2a: Flutter Mane\n|-start|p1a: Meowscarada|typechange|Ghost|[from] ability: Protean\n|-supereffective|p2a: Flutter Mane\n|-damage|p2a: Flutter Mane|0 fnt\n|faint|p2a: Flutter Mane\n|-end|p2a: Flutter Mane|Protosynthesis|[silent]\n|move|p1b: Arcanine|Iron Head|p2b: Ceruledge\n|-resisted|p2b: Ceruledge\n|-damage|p2b: Ceruledge|81\/100\n|-damage|p1b: Arcanine|91\/100|[from] item: Life Orb\n|move|p2b: Ceruledge|Bitter Blade|p1a: Meowscarada\n|-damage|p1a: Meowscarada|30\/100\n|-heal|p2b: Ceruledge|100\/100|[from] drain|[of] p1a: Meowscarada\n|\n|upkeep\n|\n|t:|1681668691\n|switch|p2a: Palafin|Palafin, L50, M|100\/100\n|turn|2\n|\n|t:|1681668706\n|detailschange|p2a: Palafin|Palafin-Hero, L50, M\n|switch|p2a: Roaring Moon|Roaring Moon, L50|100\/100\n|-enditem|p2a: Roaring Moon|Booster Energy\n|-activate|p2a: Roaring Moon|ability: Protosynthesis|[fromitem]\n|-start|p2a: Roaring Moon|protosynthesisspe\n|-terastallize|p2b: Ceruledge|Grass\n|move|p1a: Meowscarada|Shadow Claw|p2b: Ceruledge\n|-damage|p2b: Ceruledge|60\/100\n|move|p1b: Arcanine|Wild Charge|p2a: Roaring Moon\n|-resisted|p2a: Roaring Moon\n|-damage|p2a: Roaring Moon|79\/100\n|-damage|p1b: Arcanine|85\/100|[from] Recoil\n|-damage|p1b: Arcanine|75\/100|[from] item: Life Orb\n|move|p2b: Ceruledge|Bulk Up|p2b: Ceruledge\n|-boost|p2b: Ceruledge|atk|1\n|-boost|p2b: Ceruledge|def|1\n|\n|upkeep\n|turn|3\n|\n|t:|1681668758\n|move|p2a: Roaring Moon|Tailwind|p2a: Roaring Moon\n|-sidestart|p2: Famyos|move: Tailwind\n|move|p1a: Meowscarada|Shadow Claw|p2b: Ceruledge\n|-crit|p2b: Ceruledge\n|-damage|p2b: Ceruledge|0 fnt\n|faint|p2b: Ceruledge\n|move|p1b: Arcanine|Wild Charge|p2a: Roaring Moon\n|-resisted|p2a: Roaring Moon\n|-damage|p2a: Roaring Moon|58\/100\n|-damage|p1b: Arcanine|69\/100|[from] Recoil\n|-damage|p1b: Arcanine|59\/100|[from] item: Life Orb\n|\n|upkeep\n|\n|t:|1681668766\n|switch|p2b: Palafin|Palafin-Hero, L50, M|100\/100\n|-activate|p2b: Palafin|ability: Zero to Hero\n|turn|4\n|\n|t:|1681668781\n|-terastallize|p1b: Arcanine|Grass\n|move|p2b: Palafin|Jet Punch|p1b: Arcanine\n|-resisted|p1b: Arcanine\n|-damage|p1b: Arcanine|30\/100\n|move|p2a: Roaring Moon|Acrobatics|p1a: Meowscarada\n|-damage|p1a: Meowscarada|0 fnt\n|faint|p1a: Meowscarada\n|move|p1b: Arcanine|Wild Charge|p2b: Palafin\n|-supereffective|p2b: Palafin\n|-damage|p2b: Palafin|29\/100\n|-damage|p1b: Arcanine|12\/100|[from] Recoil\n|-damage|p1b: Arcanine|2\/100|[from] item: Life Orb\n|\n|upkeep\n|inactive|Battle timer is ON: inactive players will automatically lose when time's up. (requested by Famyos)\n|\n|t:|1681668795\n|switch|p1a: Tatsugiri|Tatsugiri-Droopy, L50, M|100\/100\n|turn|5\n|inactive|Famyos has 30 seconds left.\n|\n|t:|1681668821\n|switch|p1a: Dondozo|Dondozo, L50, M|100\/100\n|move|p2b: Palafin|Protect|p2b: Palafin\n|-singleturn|p2b: Palafin|Protect\n|move|p1b: Arcanine|Protect|p1b: Arcanine\n|-singleturn|p1b: Arcanine|Protect\n|move|p2a: Roaring Moon|Acrobatics|p1a: Dondozo\n|-damage|p1a: Dondozo|72\/100\n|\n|upkeep\n|turn|6\n|\n|t:|1681668839\n|switch|p1a: Tatsugiri|Tatsugiri-Droopy, L50, M|100\/100\n|move|p2b: Palafin|Jet Punch|p1b: Arcanine\n|-resisted|p1b: Arcanine\n|-damage|p1b: Arcanine|0 fnt\n|faint|p1b: Arcanine\n|move|p2a: Roaring Moon|Throat Chop|p1a: Tatsugiri\n|-damage|p1a: Tatsugiri|17\/100\n|-start|p1a: Tatsugiri|Throat Chop|[silent]\n|\n|-sideend|p2: Famyos|move: Tailwind\n|upkeep\n|\n|t:|1681668847\n|switch|p1b: Dondozo|Dondozo, L50, M|72\/100\n|-activate|p1a: Tatsugiri|ability: Commander|[of] p1b: Dondozo\n|-boost|p1b: Dondozo|atk|2\n|-boost|p1b: Dondozo|spa|2\n|-boost|p1b: Dondozo|spe|2\n|-boost|p1b: Dondozo|def|2\n|-boost|p1b: Dondozo|spd|2\n|turn|7\n|\n|t:|1681668858\n|move|p2a: Roaring Moon|Throat Chop|p1b: Dondozo\n|-damage|p1b: Dondozo|57\/100\n|-start|p1b: Dondozo|Throat Chop|[silent]\n|move|p1b: Dondozo|Earthquake|p2a: Roaring Moon|[spread] p2a,p2b\n|-miss|p1b: Dondozo|p1a: Tatsugiri\n|-damage|p2a: Roaring Moon|1\/100\n|-damage|p2b: Palafin|0 fnt\n|faint|p2b: Palafin\n|\n|-end|p1a: Tatsugiri|Throat Chop|[silent]\n|upkeep\n|turn|8\n|\n|t:|1681668865\n|move|p2a: Roaring Moon|Throat Chop|p1b: Dondozo\n|-damage|p1b: Dondozo|43\/100\n|move|p1b: Dondozo|Wave Crash|p2a: Roaring Moon\n|-resisted|p2a: Roaring Moon\n|-damage|p2a: Roaring Moon|0 fnt\n|faint|p2a: Roaring Moon\n|-end|p2a: Roaring Moon|Protosynthesis|[silent]\n|-damage|p1b: Dondozo|42\/100|[from] Recoil\n|\n|win|haha u rage quit\n|raw|haha u rage quit's rating: 1409 → 1426<\/strong> (+17 for winning)\n|raw|Famyos's rating: 1351 → 1334<\/strong> (-17 for losing)\n|l|\u2606Famyos\n","uploadtime":1681668885,"views":7,"p1id":"hahauragequit","p2id":"famyos","formatid":"gen9vgc2023regulationc","rating":1334,"private":0,"password":""}