{"id":"gen9vgc2023regulationc-1849454580","p1":"LuizVentura","p2":"Trapzelda","format":"[Gen 9] VGC 2023 Regulation C","log":"|j|\u2606LuizVentura\n|j|\u2606Trapzelda\n|t:|1682200350\n|gametype|doubles\n|player|p1|LuizVentura|dawn|1499\n|player|p2|Trapzelda|169|1508\n|teamsize|p1|6\n|teamsize|p2|6\n|gen|9\n|tier|[Gen 9] VGC 2023 Regulation C\n|rated|\n|rule|Species Clause: Limit one of each Pok\u00e9mon\n|rule|Item Clause: Limit one of each item\n|clearpoke\n|poke|p1|Oranguru, L50, M|\n|poke|p1|Torkoal, L50, F|\n|poke|p1|Iron Hands, L50|\n|poke|p1|Farigiraf, L50, F|\n|poke|p1|Brute Bonnet, L50|\n|poke|p1|Scizor, L50, M|\n|poke|p2|Murkrow, L50, M|\n|poke|p2|Chi-Yu, L50|\n|poke|p2|Flutter Mane, L50|\n|poke|p2|Garchomp, L50, F|\n|poke|p2|Scizor, L50, F|\n|poke|p2|Quaquaval, L50, M|\n|teampreview|4\n|inactive|Battle timer is ON: inactive players will automatically lose when time's up. (requested by Trapzelda)\n|\n|t:|1682200390\n|start\n|switch|p1a: Scizor|Scizor, L50, M|100\/100\n|switch|p1b: Oranguru|Oranguru, L50, M|100\/100\n|switch|p2a: Scizor|Scizor, L50, F|100\/100\n|switch|p2b: Flutter Mane|Flutter Mane, L50|100\/100\n|turn|1\n|inactive|LuizVentura has 30 seconds left.\n|\n|t:|1682200419\n|move|p1a: Scizor|Bullet Punch|p2b: Flutter Mane\n|-supereffective|p2b: Flutter Mane\n|-enditem|p2b: Flutter Mane|Focus Sash\n|-damage|p2b: Flutter Mane|1\/100\n|move|p2b: Flutter Mane|Power Gem|p1b: Oranguru\n|-damage|p1b: Oranguru|77\/100\n|move|p2a: Scizor|X-Scissor|p1b: Oranguru\n|-supereffective|p1b: Oranguru\n|-damage|p1b: Oranguru|10\/100\n|move|p1b: Oranguru|Trick Room|p1b: Oranguru\n|-fieldstart|move: Trick Room|[of] p1b: Oranguru\n|\n|upkeep\n|turn|2\n|inactive|LuizVentura has 30 seconds left.\n|inactive|LuizVentura has 20 seconds left.\n|inactive|LuizVentura has 15 seconds left.\n|\n|t:|1682200460\n|move|p2b: Flutter Mane|Protect|p2b: Flutter Mane\n|-singleturn|p2b: Flutter Mane|Protect\n|move|p2a: Scizor|Bullet Punch|p1b: Oranguru\n|-damage|p1b: Oranguru|0 fnt\n|faint|p1b: Oranguru\n|move|p1a: Scizor|Bullet Punch|p2b: Flutter Mane\n|-activate|p2b: Flutter Mane|move: Protect\n|\n|upkeep\n|\n|t:|1682200471\n|switch|p1b: Iron Hands|Iron Hands, L50|100\/100\n|-enditem|p1b: Iron Hands|Booster Energy\n|-activate|p1b: Iron Hands|ability: Quark Drive|[fromitem]\n|-start|p1b: Iron Hands|quarkdriveatk\n|turn|3\n|\n|t:|1682200486\n|-end|p2b: Flutter Mane|Protosynthesis|[silent]\n|switch|p2b: Garchomp|Garchomp, L50, F|100\/100\n|-terastallize|p1b: Iron Hands|Ground\n|move|p1a: Scizor|Protect|p1a: Scizor\n|-singleturn|p1a: Scizor|Protect\n|move|p1b: Iron Hands|Earthquake|p2b: Garchomp|[spread] p2a,p2b\n|-activate|p1a: Scizor|move: Protect\n|-damage|p2a: Scizor|42\/100\n|-damage|p2b: Garchomp|46\/100\n|move|p2a: Scizor|Swords Dance|p2a: Scizor\n|-boost|p2a: Scizor|atk|2\n|\n|upkeep\n|turn|4\n|inactive|LuizVentura has 30 seconds left.\n|inactive|LuizVentura has 20 seconds left.\n|\n|t:|1682200523\n|move|p2a: Scizor|Bullet Punch|p1b: Iron Hands\n|-damage|p1b: Iron Hands|48\/100\n|move|p1a: Scizor|Bullet Punch|p2a: Scizor\n|-resisted|p2a: Scizor\n|-damage|p2a: Scizor|25\/100\n|-damage|p1a: Scizor|84\/100|[from] item: Rocky Helmet|[of] p2a: Scizor\n|move|p1b: Iron Hands|Earthquake|p2a: Scizor|[spread] p1a,p2a,p2b\n|-damage|p1a: Scizor|28\/100\n|-damage|p2a: Scizor|0 fnt\n|-damage|p2b: Garchomp|0 fnt\n|faint|p2a: Scizor\n|faint|p2b: Garchomp\n|\n|upkeep\n|\n|t:|1682200536\n|switch|p2a: Chi-Yu|Chi-Yu, L50|100\/100\n|switch|p2b: Flutter Mane|Flutter Mane, L50|1\/100\n|-ability|p2a: Chi-Yu|Beads of Ruin\n|turn|5\n|\n|t:|1682200559\n|move|p2a: Chi-Yu|Protect|p2a: Chi-Yu\n|-singleturn|p2a: Chi-Yu|Protect\n|move|p2b: Flutter Mane|Protect|p2b: Flutter Mane\n|-singleturn|p2b: Flutter Mane|Protect\n|move|p1b: Iron Hands|Wild Charge|p2a: Chi-Yu\n|-activate|p2a: Chi-Yu|move: Protect\n|move|p1a: Scizor|Swords Dance|p1a: Scizor\n|-boost|p1a: Scizor|atk|2\n|\n|-fieldend|move: Trick Room\n|upkeep\n|turn|6\n|\n|t:|1682200583\n|move|p2b: Flutter Mane|Protect|p2b: Flutter Mane\n|-singleturn|p2b: Flutter Mane|Protect\n|move|p1a: Scizor|Bullet Punch|p2a: Chi-Yu\n|-resisted|p2a: Chi-Yu\n|-damage|p2a: Chi-Yu|51\/100\n|move|p2a: Chi-Yu|Heat Wave|p1a: Scizor|[spread] \n|-miss|p2a: Chi-Yu|p1a: Scizor\n|-miss|p2a: Chi-Yu|p1b: Iron Hands\n|move|p1b: Iron Hands|Earthquake|p2b: Flutter Mane|[spread] p1a,p2a\n|-activate|p2b: Flutter Mane|move: Protect\n|-supereffective|p2a: Chi-Yu\n|-damage|p1a: Scizor|0 fnt\n|-damage|p2a: Chi-Yu|0 fnt\n|faint|p1a: Scizor\n|faint|p2a: Chi-Yu\n|\n|upkeep\n|\n|t:|1682200600\n|switch|p1a: Brute Bonnet|Brute Bonnet, L50|100\/100\n|turn|7\n|c|\u2606Trapzelda|That luck trade off oof\n|\n|t:|1682200611\n|-terastallize|p2b: Flutter Mane|Fairy\n|move|p1a: Brute Bonnet|Sucker Punch|p2b: Flutter Mane\n|-resisted|p2b: Flutter Mane\n|-damage|p2b: Flutter Mane|0 fnt\n|faint|p2b: Flutter Mane\n|-end|p2b: Flutter Mane|Protosynthesis|[silent]\n|\n|win|LuizVentura\n|raw|LuizVentura's rating: 1499 → 1520<\/strong> (+21 for winning)\n|raw|Trapzelda's rating: 1508 → 1487<\/strong> (-21 for losing)\n|l|\u2606LuizVentura\n","uploadtime":1682200628,"views":7,"p1id":"luizventura","p2id":"trapzelda","formatid":"gen9vgc2023regulationc","rating":1487,"private":0,"password":""}