{"id":"gen9vgc2023regulationc-1862818230","p1":"Akalaman","p2":"TGH_sr","format":"[Gen 9] VGC 2023 Regulation C","log":"|j|\u2606Akalaman\n|j|\u2606TGH_sr\n|t:|1683925343\n|gametype|doubles\n|player|p1|Akalaman|266|1243\n|player|p2|TGH_sr|steven|1239\n|teamsize|p1|6\n|teamsize|p2|6\n|gen|9\n|tier|[Gen 9] VGC 2023 Regulation C\n|rated|\n|rule|Species Clause: Limit one of each Pok\u00e9mon\n|rule|Item Clause: Limit one of each item\n|clearpoke\n|poke|p1|Hydreigon, L50, M|\n|poke|p1|Chien-Pao, L50|\n|poke|p1|Abomasnow, L50, F|\n|poke|p1|Garganacl, L50, F|\n|poke|p1|Chi-Yu, L50|\n|poke|p1|Flutter Mane, L50|\n|poke|p2|Talonflame, L50, F|\n|poke|p2|Garchomp, L50, F|\n|poke|p2|Kingambit, L50, M|\n|poke|p2|Amoonguss, L50, F|\n|poke|p2|Iron Bundle, L50|\n|poke|p2|Flutter Mane, L50|\n|teampreview|4\nTGH_sr has agreed to open team sheets.\nAkalaman has agreed to open team sheets.\n|inactive|Battle timer is ON: inactive players will automatically lose when time's up. (requested by Akalaman)\n|inactive|TGH_sr has 60 seconds left.\n|inactive|TGH_sr has 30 seconds left.\n|\n|t:|1683925417\n|start\n|switch|p1a: Garganacl|Garganacl, L50, F, shiny|100\/100\n|switch|p1b: Chien-Pao|Chien-Pao, L50|100\/100\n|switch|p2a: Talonflame|Talonflame, L50, F|100\/100\n|switch|p2b: Flutter Mane|Flutter Mane, L50|100\/100\n|-ability|p1b: Chien-Pao|Sword of Ruin\n|turn|1\n|inactive|TGH_sr has 30 seconds left.\n|\n|t:|1683925444\n|move|p1b: Chien-Pao|Ice Shard|p2b: Flutter Mane\n|-damage|p2b: Flutter Mane|29\/100\n|move|p2a: Talonflame|Tailwind|p2a: Talonflame\n|-sidestart|p2: TGH_sr|move: Tailwind\n|move|p2b: Flutter Mane|Moonblast|p1b: Chien-Pao\n|-supereffective|p1b: Chien-Pao\n|-damage|p1b: Chien-Pao|0 fnt\n|faint|p1b: Chien-Pao\n|move|p1a: Garganacl|Salt Cure|p2b: Flutter Mane\n|-damage|p2b: Flutter Mane|6\/100\n|-start|p2b: Flutter Mane|Salt Cure\n|\n|-damage|p2b: Flutter Mane|0 fnt|[from] Salt Cure\n|faint|p2b: Flutter Mane\n|-end|p2b: Flutter Mane|Protosynthesis|[silent]\n|upkeep\n|inactive|TGH_sr has 30 seconds left.\n|\n|t:|1683925477\n|switch|p1b: Hydreigon|Hydreigon, L50, M, shiny|100\/100\n|switch|p2b: Garchomp|Garchomp, L50, F|100\/100\n|turn|2\n|inactive|Akalaman has 30 seconds left.\n|inactive|TGH_sr has 30 seconds left.\n|inactive|TGH_sr has 20 seconds left.\n|inactive|TGH_sr has 15 seconds left.\n|inactive|TGH_sr has 10 seconds left.\n|\n|t:|1683925527\n|-terastallize|p2b: Garchomp|Steel\n|-terastallize|p1a: Garganacl|Grass\n|move|p2a: Talonflame|Brave Bird|p1b: Hydreigon\n|-damage|p1b: Hydreigon|37\/100\n|-damage|p2a: Talonflame|78\/100|[from] Recoil\n|-damage|p2a: Talonflame|68\/100|[from] item: Life Orb\n|move|p2b: Garchomp|Outrage|p1b: Hydreigon\n|-supereffective|p1b: Hydreigon\n|-damage|p1b: Hydreigon|0 fnt\n|faint|p1b: Hydreigon\n|move|p1a: Garganacl|Salt Cure|p2b: Garchomp\n|-resisted|p2b: Garchomp\n|-damage|p2b: Garchomp|94\/100\n|-start|p2b: Garchomp|Salt Cure\n|\n|-damage|p2b: Garchomp|69\/100|[from] Salt Cure\n|upkeep\n|\n|t:|1683925536\n|switch|p1b: Flutter Mane|Flutter Mane, L50, shiny|100\/100\n|-enditem|p1b: Flutter Mane|Booster Energy\n|-activate|p1b: Flutter Mane|ability: Protosynthesis|[fromitem]\n|-start|p1b: Flutter Mane|protosynthesisspe\n|turn|3\n|\n|t:|1683925552\n|move|p1a: Garganacl|Protect|p1a: Garganacl\n|-singleturn|p1a: Garganacl|Protect\n|move|p2a: Talonflame|Brave Bird|p1a: Garganacl\n|-activate|p1a: Garganacl|move: Protect\n|move|p1b: Flutter Mane|Shadow Ball|p2a: Talonflame\n|-damage|p2a: Talonflame|5\/100\n|move|p2b: Garchomp|Outrage|p1a: Garganacl|[from]lockedmove\n|-activate|p1a: Garganacl|move: Protect\n|\n|-damage|p2b: Garchomp|45\/100|[from] Salt Cure\n|upkeep\n|turn|4\n|inactive|TGH_sr has 30 seconds left.\n|inactive|TGH_sr has 20 seconds left.\n|inactive|TGH_sr has 15 seconds left.\n|\n|t:|1683925595\n|move|p1b: Flutter Mane|Protect|p1b: Flutter Mane\n|-singleturn|p1b: Flutter Mane|Protect\n|move|p2a: Talonflame|Brave Bird|p1a: Garganacl\n|-supereffective|p1a: Garganacl\n|-damage|p1a: Garganacl|24\/100\n|-damage|p2a: Talonflame|0 fnt|[from] Recoil\n|faint|p2a: Talonflame\n|move|p2b: Garchomp|Outrage|p1a: Garganacl\n|-damage|p1a: Garganacl|0 fnt\n|faint|p1a: Garganacl\n|\n|-damage|p2b: Garchomp|20\/100|[from] Salt Cure\n|-sideend|p2: TGH_sr|move: Tailwind\n|upkeep\n|\n|t:|1683925608\n|switch|p2a: Iron Bundle|Iron Bundle, L50|100\/100\n|-enditem|p2a: Iron Bundle|Booster Energy\n|-activate|p2a: Iron Bundle|ability: Quark Drive|[fromitem]\n|-start|p2a: Iron Bundle|quarkdrivespe\n|turn|5\n|inactive|TGH_sr has 30 seconds left.\n|inactive|TGH_sr has 20 seconds left.\n|inactive|TGH_sr has 15 seconds left.\n|\n|t:|1683925651\n|move|p2a: Iron Bundle|Freeze-Dry|p1b: Flutter Mane\n|-damage|p1b: Flutter Mane|69\/100\n|move|p1b: Flutter Mane|Shadow Ball|p2a: Iron Bundle\n|-damage|p2a: Iron Bundle|19\/100\n|move|p2b: Garchomp|Outrage|p1b: Flutter Mane|[from]lockedmove\n|-immune|p1b: Flutter Mane\n|-start|p2b: Garchomp|confusion|[fatigue]\n|\n|-damage|p2b: Garchomp|0 fnt|[from] Salt Cure\n|faint|p2b: Garchomp\n|upkeep\n|turn|6\n|\n|t:|1683925664\n|move|p2a: Iron Bundle|Hydro Pump|p1b: Flutter Mane\n|-damage|p1b: Flutter Mane|21\/100\n|move|p1b: Flutter Mane|Shadow Ball|p2a: Iron Bundle\n|-damage|p2a: Iron Bundle|0 fnt\n|faint|p2a: Iron Bundle\n|-end|p2a: Iron Bundle|Quark Drive|[silent]\n|\n|win|Akalaman\n|raw|Akalaman's rating: 1243 → 1268<\/strong> (+25 for winning)\n|raw|TGH_sr's rating: 1239 → 1214<\/strong> (-25 for losing)\n|c|\u2606Akalaman|gg\n|c|\u2606Akalaman|Bulky Flutter Mane came in clutch\n|c|\u2606TGH_sr|TIL outrage doesn't let you select a target\n|c|\u2606Akalaman|Ik\n|c|\u2606TGH_sr|time to ditch that move i guess\n|c|\u2606TGH_sr|gg\n|c|\u2606Akalaman|gg man\n","uploadtime":1683925711,"views":9,"p1id":"akalaman","p2id":"tghsr","formatid":"gen9vgc2023regulationc","rating":1214,"private":0,"password":""}