{"id":"gen9vgc2023regulationc-1852357348","p1":"Sinikopio","p2":"PTP_VGC","format":"[Gen 9] VGC 2023 Regulation C","log":"|j|\u2606Sinikopio\n|j|\u2606PTP_VGC\n|t:|1682547768\n|gametype|doubles\n|player|p1|Sinikopio|tuber|\n|player|p2|PTP_VGC|biker-gen4|\n|teamsize|p1|6\n|teamsize|p2|6\n|gen|9\n|tier|[Gen 9] VGC 2023 Regulation C\n|rated|Tournament battle\n|rule|Species Clause: Limit one of each Pok\u00e9mon\n|rule|Item Clause: Limit one of each item\n|clearpoke\n|poke|p1|Kingambit, L50, F|\n|poke|p1|Gyarados, L50, M|\n|poke|p1|Flutter Mane, L50|\n|poke|p1|Iron Bundle, L50|\n|poke|p1|Amoonguss, L50, F|\n|poke|p1|Chi-Yu, L50|\n|poke|p2|Chien-Pao, L50|\n|poke|p2|Hawlucha, L50, F|\n|poke|p2|Indeedee-F, L50, F|\n|poke|p2|Armarouge, L50, M|\n|poke|p2|Palafin, L50, F|\n|poke|p2|Sandy Shocks, L50|\n|teampreview|4\n|raw| Open Team Sheet for Sinikopio<\/summary>Kingambit @ Assault Vest Ability: Defiant Level: 50 Tera Type: Flying - Assurance - Sucker Punch - Iron Head - Tera Blast Gyarados @ Safety Goggles Ability: Intimidate Level: 50 Tera Type: Ground - Waterfall - Thunder Wave - Taunt - Protect Flutter Mane @ Choice Specs Ability: Protosynthesis Level: 50 Tera Type: Fairy - Moonblast - Dazzling Gleam - Shadow Ball - Thunderbolt Iron Bundle @ Booster Energy Ability: Quark Drive Level: 50 Tera Type: Ghost - Freeze-Dry - Icy Wind - Hydro Pump - Protect Amoonguss @ Sitrus Berry Ability: Regenerator Level: 50 Tera Type: Water - Pollen Puff - Spore - Rage Powder - Clear Smog Chi-Yu @ Focus Sash Ability: Beads of Ruin Level: 50 Tera Type: Grass - Heat Wave - Dark Pulse - Nasty Plot - Protect <\/details><\/div> Open Team Sheet for PTP_VGC<\/summary>Chien-Pao @ Focus Sash Ability: Sword of Ruin Level: 50 Tera Type: Dark - Throat Chop - Ice Spinner - Haze - Protect Hawlucha @ Psychic Seed Ability: Unburden Level: 50 Tera Type: Steel - Flying Press - Acrobatics - Swords Dance - Detect Indeedee (Indeedee-F) (F) @ Safety Goggles Ability: Psychic Surge Level: 50 Tera Type: Fairy - Follow Me - Psychic - Heal Pulse - Protect Armarouge @ Life Orb Ability: Flash Fire Level: 50 Tera Type: Grass - Armor Cannon - Expanding Force - Trick Room - Protect Palafin @ Eject Pack Ability: Zero to Hero Level: 50 Tera Type: Water - Wave Crash - Jet Punch - Close Combat - Protect Sandy Shocks @ Booster Energy Ability: Protosynthesis Level: 50 Tera Type: Grass - Thunderbolt - Earth Power - Tera Blast - Protect <\/details><\/div>\n|j| Radio Free C-Side\n|j| ROBERT5239423942\n|c|\u2606Sinikopio|I'm going to get bodied\n|inactive|Battle timer is ON: inactive players will automatically lose when time's up. (requested by PTP_VGC)\n|c| ROBERT5239423942|hawlucha time\n|j|%Borghi\n|inactive|Sinikopio has 60 seconds left.\n|j| ale cog\n|\n|t:|1682547832\n|start\n|switch|p1a: Gyarados|Gyarados, L50, M|100\/100\n|switch|p1b: Iron Bundle|Iron Bundle, L50|100\/100\n|switch|p2a: Hawlucha|Hawlucha, L50, F|100\/100\n|switch|p2b: Palafin|Palafin, L50, F|100\/100\n|-ability|p1a: Gyarados|Intimidate|boost\n|-unboost|p2a: Hawlucha|atk|1\n|-unboost|p2b: Palafin|atk|1\n|-enditem|p2b: Palafin|Eject Pack\n|-enditem|p1b: Iron Bundle|Booster Energy\n|-activate|p1b: Iron Bundle|ability: Quark Drive|[fromitem]\n|-start|p1b: Iron Bundle|quarkdrivespe\n|j| chicagolocaltop16\n|\n|t:|1682547845\n|detailschange|p2b: Palafin|Palafin-Hero, L50, F\n|switch|p2b: Sandy Shocks|Sandy Shocks, L50|100\/100\n|-enditem|p2b: Sandy Shocks|Booster Energy\n|-activate|p2b: Sandy Shocks|ability: Protosynthesis|[fromitem]\n|-start|p2b: Sandy Shocks|protosynthesisspe\n|turn|1\n|j| Djden005\n|\n|t:|1682547866\n|switch|p2a: Indeedee|Indeedee-F, L50, F|100\/100\n|-fieldstart|move: Psychic Terrain|[from] ability: Psychic Surge|[of] p2a: Indeedee\n|switch|p1a: Chi-Yu|Chi-Yu, L50|100\/100\n|-ability|p1a: Chi-Yu|Beads of Ruin\n|move|p1b: Iron Bundle|Freeze-Dry|p2b: Sandy Shocks\n|-supereffective|p2b: Sandy Shocks\n|-damage|p2b: Sandy Shocks|0 fnt\n|faint|p2b: Sandy Shocks\n|-end|p2b: Sandy Shocks|Protosynthesis|[silent]\n|\n|upkeep\n|\n|t:|1682547879\n|switch|p2b: Hawlucha|Hawlucha, L50, F|100\/100\n|-enditem|p2b: Hawlucha|Psychic Seed\n|-boost|p2b: Hawlucha|spd|1|[from] item: Psychic Seed\n|turn|2\n|\n|t:|1682547903\n|switch|p1a: Gyarados|Gyarados, L50, M|100\/100\n|-ability|p1a: Gyarados|Intimidate|boost\n|-unboost|p2a: Indeedee|atk|1\n|-unboost|p2b: Hawlucha|atk|1\n|-terastallize|p1b: Iron Bundle|Ghost\n|move|p2b: Hawlucha|Flying Press|p1b: Iron Bundle\n|-immune|p1b: Iron Bundle\n|move|p1b: Iron Bundle|Freeze-Dry|p2b: Hawlucha\n|-supereffective|p2b: Hawlucha\n|-damage|p2b: Hawlucha|25\/100\n|move|p2a: Indeedee|Heal Pulse|p2b: Hawlucha\n|-heal|p2b: Hawlucha|75\/100\n|\n|upkeep\n|turn|3\n|\n|t:|1682547925\n|move|p2b: Hawlucha|Detect|p2b: Hawlucha\n|-singleturn|p2b: Hawlucha|Protect\n|move|p1b: Iron Bundle|Protect|p1b: Iron Bundle\n|-singleturn|p1b: Iron Bundle|Protect\n|move|p1a: Gyarados|Taunt|p2a: Indeedee\n|-start|p2a: Indeedee|move: Taunt\n|move|p2a: Indeedee|Psychic|p1b: Iron Bundle\n|-activate|p1b: Iron Bundle|move: Protect\n|\n|upkeep\n|turn|4\n|inactive|Sinikopio has 30 seconds left.\n|\n|t:|1682547955\n|-end|p1b: Iron Bundle|Quark Drive|[silent]\n|switch|p1b: Chi-Yu|Chi-Yu, L50|100\/100\n|-ability|p1b: Chi-Yu|Beads of Ruin\n|-terastallize|p2b: Hawlucha|Steel\n|move|p2b: Hawlucha|Swords Dance|p2b: Hawlucha\n|-boost|p2b: Hawlucha|atk|2\n|move|p1a: Gyarados|Thunder Wave|p2b: Hawlucha|[miss]\n|-miss|p1a: Gyarados|p2b: Hawlucha\n|move|p2a: Indeedee|Psychic|p1b: Chi-Yu\n|-immune|p1b: Chi-Yu\n|\n|upkeep\n|turn|5\n|\n|t:|1682547974\n|move|p2b: Hawlucha|Detect|p2b: Hawlucha\n|-singleturn|p2b: Hawlucha|Protect\n|move|p1b: Chi-Yu|Heat Wave|p2a: Indeedee|[spread] p2a\n|-activate|p2b: Hawlucha|move: Protect\n|-damage|p2a: Indeedee|47\/100\n|move|p1a: Gyarados|Thunder Wave|p2b: Hawlucha\n|-activate|p2b: Hawlucha|move: Protect\n|move|p2a: Indeedee|Psychic|p1a: Gyarados\n|-damage|p1a: Gyarados|58\/100\n|\n|-end|p2a: Indeedee|move: Taunt\n|-fieldend|move: Psychic Terrain\n|upkeep\n|turn|6\n|inactive|PTP_VGC has 30 seconds left.\n|\n|t:|1682547999\n|switch|p1a: Amoonguss|Amoonguss, L50, F|100\/100\n|move|p2a: Indeedee|Protect|p2a: Indeedee\n|-singleturn|p2a: Indeedee|Protect\n|move|p2b: Hawlucha|Acrobatics|p1b: Chi-Yu\n|-enditem|p1b: Chi-Yu|Focus Sash\n|-damage|p1b: Chi-Yu|1\/100\n|move|p1b: Chi-Yu|Heat Wave|p2a: Indeedee|[spread] p2b\n|-activate|p2a: Indeedee|move: Protect\n|-supereffective|p2b: Hawlucha\n|-damage|p2b: Hawlucha|0 fnt\n|faint|p2b: Hawlucha\n|\n|upkeep\n|\n|t:|1682548001\n|switch|p2b: Palafin|Palafin-Hero, L50, F|100\/100\n|-activate|p2b: Palafin|ability: Zero to Hero\n|turn|7\n|c|\u2606PTP_VGC|gg\n|-message|PTP_VGC forfeited.\n|\n|win|Sinikopio\n|n|\u2606Sinikopio|sinikopio\n|n|\u2606PTP_VGC|ptpvgc\n|n| Radio Free C-Side|radiofreecside\n|n| ROBERT5239423942|robert5239423942\n|n| Borghi|borghi\n|n| ale cog|alecog\n|n| chicagolocaltop16|chicagolocaltop16\n|n| Djden005|djden005\n","uploadtime":1682548007,"views":15,"p1id":"sinikopio","p2id":"ptpvgc","formatid":"gen9vgc2023regulationc","rating":0,"private":0,"password":""}