{"id":"gen9vgc2023regulationc-1845178229","p1":"comprestrict","p2":"rj1011110","format":"[Gen 9] VGC 2023 Regulation C","log":"|j|\u2606comprestrict\n|j|\u2606rj1011110\n|t:|1681692913\n|gametype|doubles\n|player|p1|comprestrict|102|1243\n|player|p2|rj1011110|102|1162\n|teamsize|p1|6\n|teamsize|p2|6\n|gen|9\n|tier|[Gen 9] VGC 2023 Regulation C\n|rated|\n|rule|Species Clause: Limit one of each Pok\u00e9mon\n|rule|Item Clause: Limit one of each item\n|clearpoke\n|poke|p1|Tyranitar, L50, M|\n|poke|p1|Talonflame, L50, M|\n|poke|p1|Garchomp, L50, M|\n|poke|p1|Rotom-Wash, L50|\n|poke|p1|Goodra, L50, M|\n|poke|p1|Great Tusk, L50|\n|poke|p2|Ceruledge, L50, M|\n|poke|p2|Great Tusk, L50|\n|poke|p2|Annihilape, L50, M|\n|poke|p2|Amoonguss, L50, M|\n|poke|p2|Palafin, L50, M|\n|poke|p2|Talonflame, L50, M|\n|teampreview|4\n|inactive|Battle timer is ON: inactive players will automatically lose when time's up. (requested by rj1011110)\n|inactive|comprestrict has 60 seconds left.\n|inactive|comprestrict has 30 seconds left.\n|inactive|comprestrict has 20 seconds left.\n|inactive|comprestrict has 15 seconds left.\n|\n|t:|1681692992\n|start\n|switch|p1a: Goodra|Goodra, L50, M|100\/100\n|switch|p1b: Rotom|Rotom-Wash, L50|100\/100\n|switch|p2a: Great Tusk|Great Tusk, L50|100\/100\n|switch|p2b: Ceruledge|Ceruledge, L50, M|100\/100\n|turn|1\n|inactive|rj1011110 has 30 seconds left.\n|\n|t:|1681693018\n|switch|p2b: Palafin|Palafin, L50, M|100\/100\n|move|p2a: Great Tusk|Ice Spinner|p1a: Goodra\n|-supereffective|p1a: Goodra\n|-damage|p1a: Goodra|34\/100\n|move|p1b: Rotom|Will-O-Wisp|p2a: Great Tusk\n|-status|p2a: Great Tusk|brn\n|move|p1a: Goodra|Acid Armor|p1a: Goodra\n|-boost|p1a: Goodra|def|2\n|\n|-damage|p2a: Great Tusk|95\/100 brn|[from] brn\n|upkeep\n|turn|2\n|inactive|rj1011110 has 30 seconds left.\n|\n|t:|1681693048\n|detailschange|p2b: Palafin|Palafin-Hero, L50, M\n|switch|p2b: Amoonguss|Amoonguss, L50, M|100\/100\n|-terastallize|p1a: Goodra|Water\n|move|p2a: Great Tusk|Ice Spinner|p1a: Goodra\n|-resisted|p1a: Goodra\n|-damage|p1a: Goodra|30\/100\n|move|p1b: Rotom|Nasty Plot|p1b: Rotom\n|-boost|p1b: Rotom|spa|2\n|move|p1a: Goodra|Muddy Water|p2b: Amoonguss|[spread] p2a,p2b\n|-supereffective|p2a: Great Tusk\n|-resisted|p2b: Amoonguss\n|-damage|p2a: Great Tusk|0 fnt\n|-damage|p2b: Amoonguss|86\/100\n|faint|p2a: Great Tusk\n|-end|p2a: Great Tusk|Protosynthesis|[silent]\n|\n|upkeep\n|\n|t:|1681693061\n|switch|p2a: Palafin|Palafin-Hero, L50, M|100\/100\n|-activate|p2a: Palafin|ability: Zero to Hero\n|turn|3\n|inactive|rj1011110 has 30 seconds left.\n|\n|t:|1681693093\n|-terastallize|p2a: Palafin|Grass\n|move|p2b: Amoonguss|Rage Powder|p2b: Amoonguss\n|-singleturn|p2b: Amoonguss|move: Rage Powder\n|move|p2a: Palafin|Tera Blast|p1b: Rotom\n|-supereffective|p1b: Rotom\n|-damage|p1b: Rotom|1\/100\n|-enditem|p1b: Rotom|Sitrus Berry|[eat]\n|-heal|p1b: Rotom|26\/100|[from] item: Sitrus Berry\n|move|p1b: Rotom|Thunderbolt|p2b: Amoonguss\n|-resisted|p2b: Amoonguss\n|-damage|p2b: Amoonguss|54\/100\n|move|p1a: Goodra|Dragon Pulse|p2b: Amoonguss\n|-damage|p2b: Amoonguss|12\/100\n|\n|upkeep\n|turn|4\n|\n|t:|1681693117\n|switch|p1b: Talonflame|Talonflame, L50, M|100\/100\n|move|p2a: Palafin|Tera Blast|p1b: Talonflame\n|-resisted|p1b: Talonflame\n|-damage|p1b: Talonflame|82\/100\n|move|p1a: Goodra|Dragon Pulse|p2b: Amoonguss\n|-damage|p2b: Amoonguss|0 fnt\n|faint|p2b: Amoonguss\n|\n|upkeep\n|\n|t:|1681693126\n|switch|p2b: Ceruledge|Ceruledge, L50, M|100\/100\n|turn|5\n|\n|t:|1681693144\n|move|p2b: Ceruledge|Endure|p2b: Ceruledge\n|-singleturn|p2b: Ceruledge|move: Endure\n|move|p1b: Talonflame|Quick Guard|p1b: Talonflame\n|-singleturn|p1b: Talonflame|Quick Guard\n|move|p2a: Palafin|Jet Punch|p1b: Talonflame\n|-activate|p1b: Talonflame|move: Quick Guard\n|move|p1a: Goodra|Ice Beam|p2a: Palafin\n|-supereffective|p2a: Palafin\n|-damage|p2a: Palafin|41\/100\n|-status|p2a: Palafin|frz\n|\n|upkeep\n|turn|6\n|\n|t:|1681693167\n|move|p2b: Ceruledge|Shadow Sneak|p1a: Goodra\n|-damage|p1a: Goodra|16\/100\n|cant|p2a: Palafin|frz\n|move|p1b: Talonflame|Tailwind|p1b: Talonflame\n|-sidestart|p1: comprestrict|move: Tailwind\n|move|p1a: Goodra|Muddy Water|p2b: Ceruledge|[spread] p2a,p2b\n|-resisted|p2a: Palafin\n|-supereffective|p2b: Ceruledge\n|-damage|p2a: Palafin|23\/100 frz\n|-damage|p2b: Ceruledge|21\/100\n|-enditem|p2b: Ceruledge|Weakness Policy\n|-boost|p2b: Ceruledge|atk|2|[from] item: Weakness Policy\n|-boost|p2b: Ceruledge|spa|2|[from] item: Weakness Policy\n|\n|upkeep\n|turn|7\n|\n|t:|1681693186\n|move|p1b: Talonflame|Brave Bird|p2b: Ceruledge\n|-damage|p2b: Ceruledge|0 fnt\n|faint|p2b: Ceruledge\n|-damage|p1b: Talonflame|75\/100|[from] Recoil\n|move|p1a: Goodra|Ice Beam|p2a: Palafin\n|-supereffective|p2a: Palafin\n|-damage|p2a: Palafin|0 fnt\n|faint|p2a: Palafin\n|\n|win|comprestrict\n|raw|comprestrict's rating: 1243 → 1262<\/strong> (+19 for winning)\n|raw|rj1011110's rating: 1162 → 1143<\/strong> (-19 for losing)\n|l|\u2606rj1011110\n|l|\u2606comprestrict\n|j|\u2606comprestrict\n|player|p1|comprestrict|102\n","uploadtime":1681693219,"views":14,"p1id":"comprestrict","p2id":"rj1011110","formatid":"gen9vgc2023regulationc","rating":1143,"private":0,"password":""}