{"id":"gen9vgc2023regulationc-1847315412","p1":"SirNeru","p2":"Ricardo Randorez","format":"[Gen 9] VGC 2023 Regulation C","log":"|j|\u2606SirNeru\n|j|\u2606Ricardo Randorez\n|t:|1681937622\n|gametype|doubles\n|player|p1|SirNeru|hilbert|1125\n|player|p2|Ricardo Randorez|1|1077\n|teamsize|p1|6\n|teamsize|p2|6\n|gen|9\n|tier|[Gen 9] VGC 2023 Regulation C\n|rated|\n|rule|Species Clause: Limit one of each Pok\u00e9mon\n|rule|Item Clause: Limit one of each item\n|clearpoke\n|poke|p1|Iron Bundle, L50|\n|poke|p1|Chien-Pao, L50|\n|poke|p1|Kingambit, L50, F|\n|poke|p1|Murkrow, L50, F|\n|poke|p1|Flutter Mane, L50|\n|poke|p1|Tsareena, L50, F|\n|poke|p2|Flutter Mane, L50|\n|poke|p2|Chi-Yu, L50|\n|poke|p2|Iron Bundle, L50|\n|poke|p2|Amoonguss, L50, F|\n|poke|p2|Palafin, L50, F|\n|poke|p2|Iron Hands, L50|\n|teampreview|4\n|inactive|Battle timer is ON: inactive players will automatically lose when time's up. (requested by SirNeru)\nSirNeru has agreed to open team sheets.\n|\n|t:|1681937665\n|start\n|switch|p1a: Iron Bundle|Iron Bundle, L50|100\/100\n|switch|p1b: Kingambit|Kingambit, L50, F|100\/100\n|switch|p2a: bundle of bitches|Iron Bundle, L50|100\/100\n|switch|p2b: catch these hands|Iron Hands, L50|100\/100\n|-enditem|p2a: bundle of bitches|Booster Energy\n|-activate|p2a: bundle of bitches|ability: Quark Drive|[fromitem]\n|-start|p2a: bundle of bitches|quarkdrivespe\n|turn|1\n|inactive|SirNeru has 30 seconds left.\n|inactive|SirNeru has 20 seconds left.\n|inactive|Ricardo Randorez has 30 seconds left.\n|\n|t:|1681937704\n|-terastallize|p1b: Kingambit|Flying\n|move|p2a: bundle of bitches|Protect|p2a: bundle of bitches\n|-singleturn|p2a: bundle of bitches|Protect\n|move|p1a: Iron Bundle|Protect|p1a: Iron Bundle\n|-singleturn|p1a: Iron Bundle|Protect\n|move|p1b: Kingambit|Iron Head|p2a: bundle of bitches\n|-activate|p2a: bundle of bitches|move: Protect\n|move|p2b: catch these hands|Volt Switch|p1b: Kingambit\n|-supereffective|p1b: Kingambit\n|-damage|p1b: Kingambit|82\/100\n|\n|t:|1681937722\n|-end|p2b: catch these hands|Quark Drive|[silent]\n|switch|p2b: flutter ya mane|Flutter Mane, L50|100\/100|[from] Volt Switch\n|\n|upkeep\n|turn|2\n|\n|t:|1681937733\n|move|p2a: bundle of bitches|Icy Wind|p1a: Iron Bundle|[spread] p1a,p1b\n|-resisted|p1a: Iron Bundle\n|-supereffective|p1b: Kingambit\n|-damage|p1a: Iron Bundle|93\/100\n|-damage|p1b: Kingambit|53\/100\n|-unboost|p1b: Kingambit|spe|1\n|-ability|p1b: Kingambit|Defiant|boost\n|-boost|p1b: Kingambit|atk|2\n|move|p1a: Iron Bundle|Icy Wind|p2a: bundle of bitches|[spread] p2a,p2b\n|-resisted|p2a: bundle of bitches\n|-damage|p2a: bundle of bitches|91\/100\n|-damage|p2b: flutter ya mane|80\/100\n|-unboost|p2a: bundle of bitches|spe|1\n|-unboost|p2b: flutter ya mane|spe|1\n|move|p2b: flutter ya mane|Thunderbolt|p1b: Kingambit\n|-supereffective|p1b: Kingambit\n|-damage|p1b: Kingambit|0 fnt\n|faint|p1b: Kingambit\n|\n|upkeep\n|\n|t:|1681937750\n|switch|p1b: Flutter Mane|Flutter Mane, L50|100\/100\n|-enditem|p1b: Flutter Mane|Booster Energy\n|-activate|p1b: Flutter Mane|ability: Protosynthesis|[fromitem]\n|-start|p1b: Flutter Mane|protosynthesisspa\n|turn|3\n|\n|t:|1681937760\n|-end|p2b: flutter ya mane|Protosynthesis|[silent]\n|switch|p2b: catch these hands|Iron Hands, L50|100\/100\n|move|p1a: Iron Bundle|Icy Wind|p2b: catch these hands|[spread] p2a,p2b\n|-resisted|p2a: bundle of bitches\n|-damage|p2a: bundle of bitches|84\/100\n|-damage|p2b: catch these hands|90\/100\n|-unboost|p2a: bundle of bitches|spe|1\n|-unboost|p2b: catch these hands|spe|1\n|move|p1b: Flutter Mane|Shadow Ball|p2b: catch these hands\n|-damage|p2b: catch these hands|56\/100\n|move|p2a: bundle of bitches|Icy Wind|p1a: Iron Bundle|[spread] p1a,p1b\n|-resisted|p1a: Iron Bundle\n|-damage|p1a: Iron Bundle|86\/100\n|-damage|p1b: Flutter Mane|81\/100\n|-unboost|p1b: Flutter Mane|spe|1\n|\n|upkeep\n|turn|4\n|inactive|Ricardo Randorez has 30 seconds left.\n|\n|t:|1681937794\n|move|p2b: catch these hands|Fake Out|p1a: Iron Bundle\n|-damage|p1a: Iron Bundle|67\/100\n|move|p1a: Iron Bundle|Icy Wind|p2b: catch these hands|[spread] p2a,p2b\n|-resisted|p2a: bundle of bitches\n|-damage|p2a: bundle of bitches|75\/100\n|-damage|p2b: catch these hands|46\/100\n|-unboost|p2a: bundle of bitches|spe|1\n|-unboost|p2b: catch these hands|spe|1\n|move|p2a: bundle of bitches|Freeze-Dry|p1b: Flutter Mane\n|-damage|p1b: Flutter Mane|50\/100\n|move|p1b: Flutter Mane|Moonblast|p2b: catch these hands\n|-supereffective|p2b: catch these hands\n|-damage|p2b: catch these hands|0 fnt\n|faint|p2b: catch these hands\n|-end|p2b: catch these hands|Quark Drive|[silent]\n|\n|upkeep\n|\n|t:|1681937812\n|switch|p2b: flutter ya mane|Flutter Mane, L50|80\/100\n|turn|5\n|\n|t:|1681937836\n|move|p1a: Iron Bundle|Icy Wind|p2b: flutter ya mane|[spread] p2a,p2b\n|-resisted|p2a: bundle of bitches\n|-crit|p2b: flutter ya mane\n|-damage|p2a: bundle of bitches|67\/100\n|-damage|p2b: flutter ya mane|50\/100\n|-unboost|p2a: bundle of bitches|spe|1\n|-unboost|p2b: flutter ya mane|spe|1\n|move|p2b: flutter ya mane|Shadow Ball|p1b: Flutter Mane\n|-supereffective|p1b: Flutter Mane\n|-damage|p1b: Flutter Mane|0 fnt\n|faint|p1b: Flutter Mane\n|-end|p1b: Flutter Mane|Protosynthesis|[silent]\n|move|p2a: bundle of bitches|Freeze-Dry|p1a: Iron Bundle\n|-damage|p1a: Iron Bundle|12\/100\n|\n|upkeep\n|\n|t:|1681937845\n|switch|p1b: Tsareena|Tsareena, L50, F|100\/100\n|turn|6\n|inactive|SirNeru has 30 seconds left.\n|inactive|Ricardo Randorez has 30 seconds left.\n|inactive|SirNeru has 20 seconds left.\n|inactive|Ricardo Randorez has 20 seconds left.\n|inactive|SirNeru has 15 seconds left.\n|\n|t:|1681937886\n|move|p1a: Iron Bundle|Freeze-Dry|p2a: bundle of bitches\n|-damage|p2a: bundle of bitches|5\/100\n|move|p2b: flutter ya mane|Shadow Ball|p1a: Iron Bundle\n|-damage|p1a: Iron Bundle|0 fnt\n|faint|p1a: Iron Bundle\n|-end|p1a: Iron Bundle|Quark Drive|[silent]\n|move|p2a: bundle of bitches|Freeze-Dry|p1b: Tsareena\n|-supereffective|p1b: Tsareena\n|-damage|p1b: Tsareena|26\/100\n|move|p1b: Tsareena|Play Rough|p2b: flutter ya mane\n|-damage|p2b: flutter ya mane|0 fnt\n|faint|p2b: flutter ya mane\n|-end|p2b: flutter ya mane|Protosynthesis|[silent]\n|\n|upkeep\n|\n|t:|1681937902\n|switch|p2b: LOVE BETRAYAL|Chi-Yu, L50|100\/100\n|-ability|p2b: LOVE BETRAYAL|Beads of Ruin\n|turn|7\n|-message|SirNeru forfeited.\n|\n|win|Ricardo Randorez\n|raw|SirNeru's rating: 1125 → 1097<\/strong> (-28 for losing)\n|raw|Ricardo Randorez's rating: 1077 → 1109<\/strong> (+32 for winning)\n|l|\u2606SirNeru\n","uploadtime":1681937910,"views":7,"p1id":"sirneru","p2id":"ricardorandorez","formatid":"gen9vgc2023regulationc","rating":1097,"private":0,"password":""}