{"id":"gen9vgc2023regulationc-1863468420","p1":"AndrwApple","p2":"LameLiarLeo","format":"[Gen 9] VGC 2023 Regulation C","log":"|j|\u2606AndrwApple\n|j|\u2606LameLiarLeo\n|t:|1684021363\n|gametype|doubles\n|player|p1|AndrwApple|mina|\n|player|p2|LameLiarLeo|clair|\n|teamsize|p1|6\n|teamsize|p2|6\n|gen|9\n|tier|[Gen 9] VGC 2023 Regulation C\n|rule|Species Clause: Limit one of each Pok\u00e9mon\n|rule|Item Clause: Limit one of each item\n|clearpoke\n|poke|p1|Baxcalibur, L50, M|\n|poke|p1|Iron Bundle, L50|\n|poke|p1|Flutter Mane, L50|\n|poke|p1|Annihilape, L50, F|\n|poke|p1|Arcanine, L50, M|\n|poke|p1|Abomasnow, L50, F|\n|poke|p2|Chien-Pao, L50|\n|poke|p2|Iron Valiant, L50|\n|poke|p2|Arcanine, L50, M|\n|poke|p2|Iron Hands, L50|\n|poke|p2|Iron Bundle, L50|\n|poke|p2|Chi-Yu, L50|\n|teampreview|4\n|inactive|Battle timer is ON: inactive players will automatically lose when time's up. (requested by LameLiarLeo)\nLameLiarLeo has agreed to open team sheets.\n|c|\u2606AndrwApple|Hf\nAndrwApple has agreed to open team sheets.\n|c|\u2606LameLiarLeo|You too!\n|inactive|LameLiarLeo has 60 seconds left.\n|\n|t:|1684021398\n|start\n|switch|p1a: Baxcalibur|Baxcalibur, L50, M|100\/100\n|switch|p1b: Arcanine|Arcanine, L50, M|100\/100\n|switch|p2a: Iron Valiant|Iron Valiant, L50|100\/100\n|switch|p2b: Iron Bundle|Iron Bundle, L50|100\/100\n|-ability|p1b: Arcanine|Intimidate|boost\n|-unboost|p2a: Iron Valiant|atk|1\n|-unboost|p2b: Iron Bundle|atk|1\n|-enditem|p2b: Iron Bundle|Booster Energy\n|-activate|p2b: Iron Bundle|ability: Quark Drive|[fromitem]\n|-start|p2b: Iron Bundle|quarkdrivespe\n|turn|1\n|\n|t:|1684021416\n|-terastallize|p1a: Baxcalibur|Ground\n|move|p1b: Arcanine|Protect|p1b: Arcanine\n|-singleturn|p1b: Arcanine|Protect\n|move|p2b: Iron Bundle|Freeze-Dry|p1a: Baxcalibur\n|-supereffective|p1a: Baxcalibur\n|-damage|p1a: Baxcalibur|59\/100\n|move|p2a: Iron Valiant|Moonblast|p1a: Baxcalibur\n|-damage|p1a: Baxcalibur|33\/100\n|move|p1a: Baxcalibur|Earthquake|p2b: Iron Bundle|[spread] p2a,p2b\n|-activate|p1b: Arcanine|move: Protect\n|-damage|p2a: Iron Valiant|42\/100\n|-damage|p2b: Iron Bundle|49\/100\n|\n|upkeep\n|turn|2\n|inactive|AndrwApple has 30 seconds left.\n|inactive|LameLiarLeo has 30 seconds left.\n|\n|t:|1684021448\n|-end|p2a: Iron Valiant|Quark Drive|[silent]\n|switch|p2a: Iron Hands|Iron Hands, L50|100\/100\n|switch|p1b: Flutter Mane|Flutter Mane, L50|100\/100\n|-enditem|p1b: Flutter Mane|Booster Energy\n|-activate|p1b: Flutter Mane|ability: Protosynthesis|[fromitem]\n|-start|p1b: Flutter Mane|protosynthesisspa\n|move|p1a: Baxcalibur|Ice Shard|p2a: Iron Hands\n|-damage|p2a: Iron Hands|85\/100\n|move|p2b: Iron Bundle|Freeze-Dry|p1b: Flutter Mane\n|-damage|p1b: Flutter Mane|67\/100\n|\n|upkeep\n|turn|3\n|\n|t:|1684021468\n|switch|p1a: Arcanine|Arcanine, L50, M|100\/100\n|-ability|p1a: Arcanine|Intimidate|boost\n|-unboost|p2a: Iron Hands|atk|1\n|-unboost|p2b: Iron Bundle|atk|1\n|move|p2a: Iron Hands|Fake Out|p1a: Arcanine\n|-damage|p1a: Arcanine|90\/100\n|move|p2b: Iron Bundle|Icy Wind|p1a: Arcanine|[spread] p1a,p1b\n|-resisted|p1a: Arcanine\n|-damage|p1a: Arcanine|78\/100\n|-damage|p1b: Flutter Mane|46\/100\n|-unboost|p1a: Arcanine|spe|1\n|-unboost|p1b: Flutter Mane|spe|1\n|move|p1b: Flutter Mane|Taunt|p2a: Iron Hands\n|-start|p2a: Iron Hands|move: Taunt\n|\n|upkeep\n|turn|4\n|inactive|AndrwApple has 30 seconds left.\n|\n|t:|1684021494\n|-terastallize|p2a: Iron Hands|Fire\n|move|p1a: Arcanine|Protect|p1a: Arcanine\n|-singleturn|p1a: Arcanine|Protect\n|move|p2b: Iron Bundle|Hydro Pump|p1a: Arcanine\n|-activate|p1a: Arcanine|move: Protect\n|move|p1b: Flutter Mane|Moonblast|p2b: Iron Bundle\n|-damage|p2b: Iron Bundle|0 fnt\n|faint|p2b: Iron Bundle\n|-end|p2b: Iron Bundle|Quark Drive|[silent]\n|move|p2a: Iron Hands|Wild Charge|p1b: Flutter Mane\n|-damage|p1b: Flutter Mane|0 fnt\n|faint|p1b: Flutter Mane\n|-end|p1b: Flutter Mane|Protosynthesis|[silent]\n|-damage|p2a: Iron Hands|78\/100|[from] Recoil\n|\n|upkeep\n|\n|t:|1684021501\n|switch|p2b: Chien-Pao|Chien-Pao, L50|100\/100\n|switch|p1b: Baxcalibur|Baxcalibur, L50, M, tera:Ground|33\/100\n|-ability|p2b: Chien-Pao|Sword of Ruin\n|turn|5\n|\n|t:|1684021515\n|switch|p1b: Annihilape|Annihilape, L50, F, shiny|100\/100\n|move|p2b: Chien-Pao|Ice Spinner|p1b: Annihilape\n|-damage|p1b: Annihilape|55\/100\n|move|p1a: Arcanine|Flare Blitz|p2b: Chien-Pao\n|-supereffective|p2b: Chien-Pao\n|-enditem|p2b: Chien-Pao|Focus Sash\n|-damage|p2b: Chien-Pao|1\/100\n|-damage|p1a: Arcanine|52\/100|[from] Recoil\n|move|p2a: Iron Hands|Wild Charge|p1a: Arcanine\n|-damage|p1a: Arcanine|9\/100\n|-damage|p2a: Iron Hands|70\/100|[from] Recoil\n|\n|upkeep\n|turn|6\n|\n|t:|1684021539\n|move|p2b: Chien-Pao|Protect|p2b: Chien-Pao\n|-singleturn|p2b: Chien-Pao|Protect\n|move|p1b: Annihilape|Protect|p1b: Annihilape\n|-singleturn|p1b: Annihilape|Protect\n|move|p1a: Arcanine|Protect|p1a: Arcanine\n|-singleturn|p1a: Arcanine|Protect\n|move|p2a: Iron Hands|Wild Charge|p1b: Annihilape\n|-activate|p1b: Annihilape|move: Protect\n|\n|-end|p2a: Iron Hands|move: Taunt\n|upkeep\n|turn|7\n|\n|t:|1684021558\n|move|p2b: Chien-Pao|Protect||[still]\n|-fail|p2b: Chien-Pao\n|move|p1a: Arcanine|Extreme Speed|p2b: Chien-Pao\n|-damage|p2b: Chien-Pao|0 fnt\n|faint|p2b: Chien-Pao\n|move|p1b: Annihilape|Rage Fist|p2a: Iron Hands\n|-damage|p2a: Iron Hands|37\/100\n|-enditem|p2a: Iron Hands|Sitrus Berry|[eat]\n|-heal|p2a: Iron Hands|62\/100|[from] item: Sitrus Berry\n|move|p2a: Iron Hands|Drain Punch|p1a: Arcanine\n|-damage|p1a: Arcanine|0 fnt\n|-heal|p2a: Iron Hands|66\/100|[from] drain|[of] p1a: Arcanine\n|faint|p1a: Arcanine\n|\n|upkeep\n|\n|t:|1684021572\n|switch|p2b: Iron Valiant|Iron Valiant, L50|42\/100\n|switch|p1a: Baxcalibur|Baxcalibur, L50, M, tera:Ground|33\/100\n|turn|8\n|inactive|LameLiarLeo has 30 seconds left.\n|\n|t:|1684021600\n|move|p2b: Iron Valiant|Moonblast|p1b: Annihilape\n|-supereffective|p1b: Annihilape\n|-damage|p1b: Annihilape|0 fnt\n|faint|p1b: Annihilape\n|move|p1a: Baxcalibur|Earthquake|p2b: Iron Valiant|[spread] p2a,p2b\n|-supereffective|p2a: Iron Hands\n|-damage|p2a: Iron Hands|8\/100\n|-damage|p2b: Iron Valiant|0 fnt\n|faint|p2b: Iron Valiant\n|-end|p2b: Iron Valiant|Quark Drive|[silent]\n|move|p2a: Iron Hands|Drain Punch|p1a: Baxcalibur\n|-damage|p1a: Baxcalibur|7\/100\n|-heal|p2a: Iron Hands|19\/100|[from] drain|[of] p1a: Baxcalibur\n|\n|upkeep\n|turn|9\n|c|\u2606AndrwApple|Gg\n|c|\u2606LameLiarLeo|gg, wp\n|\n|t:|1684021615\n|move|p1a: Baxcalibur|Earthquake|p2a: Iron Hands\n|-supereffective|p2a: Iron Hands\n|-damage|p2a: Iron Hands|0 fnt\n|faint|p2a: Iron Hands\n|-end|p2a: Iron Hands|Quark Drive|[silent]\n|\n|win|AndrwApple\n|l|\u2606AndrwApple\n","uploadtime":1684022385,"views":7,"p1id":"andrwapple","p2id":"lameliarleo","formatid":"gen9vgc2023regulationc","rating":0,"private":0,"password":""}