{"id":"gen9vgc2023regulationc-1850713664","p1":"ryanogiggs11","p2":"Stryke Out","format":"[Gen 9] VGC 2023 Regulation C","log":"|j|\u2606ryanogiggs11\n|j|\u2606Stryke Out\n|t:|1682361329\n|gametype|doubles\n|player|p1|ryanogiggs11|dawn|\n|player|p2|Stryke Out|cynthia-gen4|\n|teamsize|p1|6\n|teamsize|p2|6\n|gen|9\n|tier|[Gen 9] VGC 2023 Regulation C\n|rule|Species Clause: Limit one of each Pok\u00e9mon\n|rule|Item Clause: Limit one of each item\n|clearpoke\n|poke|p1|Torkoal, L50, F|\n|poke|p1|Oranguru, L50, M|\n|poke|p1|Hatterene, L50, F|\n|poke|p1|Lilligant, L50, F|\n|poke|p1|Sandy Shocks, L50|\n|poke|p1|Dragonite, L50, M|\n|poke|p2|Azumarill, L50, M|\n|poke|p2|Dragapult, L50, M|\n|poke|p2|Chi-Yu, L50|\n|poke|p2|Corviknight, L50, M|\n|poke|p2|Brute Bonnet, L50|\n|poke|p2|Jolteon, L50, F|\n|teampreview|4\n|c|\u2606ryanogiggs11|Accept the other games there\n|c|\u2606Stryke Out|G2\n|c|\u2606ryanogiggs11|G2\n|j| Jstardude\n|j| jayballester\n|c|\u2606ryanogiggs11|glhf\n|c|\u2606Stryke Out|u2!\n|\n|t:|1682361774\n|start\n|switch|p1a: Oranguru|Oranguru, L50, M, shiny|100\/100\n|switch|p1b: Hatterene|Hatterene, L50, F|100\/100\n|switch|p2a: Chi-Yu|Chi-Yu, L50|100\/100\n|switch|p2b: Jolteon|Jolteon, L50, F|100\/100\n|-ability|p2a: Chi-Yu|Beads of Ruin\n|turn|1\n|\n|t:|1682361827\n|-terastallize|p2a: Chi-Yu|Water\n|move|p1a: Oranguru|Protect|p1a: Oranguru\n|-singleturn|p1a: Oranguru|Protect\n|move|p1b: Hatterene|Protect|p1b: Hatterene\n|-singleturn|p1b: Hatterene|Protect\n|move|p2b: Jolteon|Thunderbolt|p1a: Oranguru\n|-activate|p1a: Oranguru|move: Protect\n|move|p2a: Chi-Yu|Tera Blast|p1a: Oranguru\n|-activate|p1a: Oranguru|move: Protect\n|\n|upkeep\n|turn|2\n|\n|t:|1682361854\n|switch|p1a: Dragonite|Dragonite, L50, M|100\/100\n|move|p2b: Jolteon|Thunderbolt|p1b: Hatterene\n|-damage|p1b: Hatterene|29\/100\n|move|p2a: Chi-Yu|Tera Blast|p1a: Dragonite\n|-resisted|p1a: Dragonite\n|-damage|p1a: Dragonite|75\/100\n|move|p1b: Hatterene|Trick Room|p1b: Hatterene\n|-fieldstart|move: Trick Room|[of] p1b: Hatterene\n|\n|upkeep\n|turn|3\n|\n|t:|1682361885\n|-terastallize|p1a: Dragonite|Normal\n|move|p1a: Dragonite|Extreme Speed|p2a: Chi-Yu\n|-enditem|p2a: Chi-Yu|Focus Sash\n|-damage|p2a: Chi-Yu|1\/100\n|move|p1b: Hatterene|Dazzling Gleam|p2b: Jolteon|[spread] p2a,p2b\n|-damage|p2a: Chi-Yu|0 fnt\n|-damage|p2b: Jolteon|17\/100\n|faint|p2a: Chi-Yu\n|-damage|p1b: Hatterene|19\/100|[from] item: Life Orb\n|move|p2b: Jolteon|Thunderbolt|p1a: Dragonite\n|-damage|p1a: Dragonite|35\/100\n|\n|upkeep\n|\n|t:|1682361891\n|switch|p2a: Brute Bonnet|Brute Bonnet, L50|100\/100\n|turn|4\n|\n|t:|1682361909\n|move|p1a: Dragonite|Extreme Speed|p2b: Jolteon\n|-damage|p2b: Jolteon|0 fnt\n|faint|p2b: Jolteon\n|move|p2a: Brute Bonnet|Sucker Punch||[still]\n|-fail|p2a: Brute Bonnet\n|move|p1b: Hatterene|Misty Terrain|p1b: Hatterene\n|-fieldstart|move: Misty Terrain\n|\n|upkeep\n|\n|t:|1682361914\n|switch|p2b: Azumarill|Azumarill, L50, M|100\/100\n|turn|5\n|\n|t:|1682361923\n|move|p1a: Dragonite|Extreme Speed|p2b: Azumarill\n|-damage|p2b: Azumarill|36\/100\n|move|p2a: Brute Bonnet|Sucker Punch|p1b: Hatterene\n|-damage|p1b: Hatterene|0 fnt\n|faint|p1b: Hatterene\n|move|p2b: Azumarill|Charm|p1a: Dragonite\n|-unboost|p1a: Dragonite|atk|2\n|\n|upkeep\n|c| Jstardude|Wow the misty terrain\n|\n|t:|1682361940\n|switch|p1b: Torkoal|Torkoal, L50, F|100\/100\n|-weather|SunnyDay|[from] ability: Drought|[of] p1b: Torkoal\n|-activate|p2a: Brute Bonnet|ability: Protosynthesis\n|-start|p2a: Brute Bonnet|protosynthesisatk\n|turn|6\n|c|\u2606ryanogiggs11|Had to find a way to deal with spore lol\n|\n|t:|1682361963\n|move|p1a: Dragonite|Extreme Speed|p2b: Azumarill\n|-damage|p2b: Azumarill|9\/100\n|-enditem|p2b: Azumarill|Aguav Berry|[eat]\n|-heal|p2b: Azumarill|42\/100|[from] item: Aguav Berry\n|move|p1b: Torkoal|Eruption|p2b: Azumarill|[spread] p2a,p2b\n|-supereffective|p2a: Brute Bonnet\n|-resisted|p2b: Azumarill\n|-damage|p2a: Brute Bonnet|1\/100\n|-damage|p2b: Azumarill|2\/100\n|move|p2b: Azumarill|Rain Dance|p2b: Azumarill\n|-weather|RainDance\n|-end|p2a: Brute Bonnet|Protosynthesis\n|move|p2a: Brute Bonnet|Seed Bomb|p1a: Dragonite\n|-damage|p1a: Dragonite|0 fnt\n|faint|p1a: Dragonite\n|\n|-weather|RainDance|[upkeep]\n|-fieldend|move: Trick Room\n|upkeep\n|\n|t:|1682361977\n|switch|p1a: Oranguru|Oranguru, L50, M, shiny|100\/100\n|turn|7\n|c| jayballester|Damn those %\n|\n|t:|1682361994\n|move|p1b: Torkoal|Protect|p1b: Torkoal\n|-singleturn|p1b: Torkoal|Protect\n|move|p2a: Brute Bonnet|Close Combat|p1a: Oranguru\n|-damage|p1a: Oranguru|62\/100\n|-unboost|p2a: Brute Bonnet|def|1\n|-unboost|p2a: Brute Bonnet|spd|1\n|move|p2b: Azumarill|Draining Kiss|p1a: Oranguru\n|-damage|p1a: Oranguru|53\/100\n|-heal|p2b: Azumarill|10\/100|[from] drain|[of] p1a: Oranguru\n|move|p1a: Oranguru|Foul Play|p2b: Azumarill\n|-resisted|p2b: Azumarill\n|-damage|p2b: Azumarill|6\/100\n|\n|-weather|RainDance|[upkeep]\n|upkeep\n|turn|8\n|\n|t:|1682362023\n|move|p1a: Oranguru|Protect|p1a: Oranguru\n|-singleturn|p1a: Oranguru|Protect\n|move|p2a: Brute Bonnet|Pollen Puff|p2b: Azumarill\n|-heal|p2b: Azumarill|56\/100\n|move|p2b: Azumarill|Tera Blast|p1b: Torkoal\n|-damage|p1b: Torkoal|85\/100\n|move|p1b: Torkoal|Earth Power|p2b: Azumarill\n|-damage|p2b: Azumarill|33\/100\n|\n|-weather|RainDance|[upkeep]\n|-fieldend|Misty Terrain\n|upkeep\n|turn|9\n|c| Jstardude|Really on edge rn\n|\n|t:|1682362046\n|move|p1b: Torkoal|Protect|p1b: Torkoal\n|-singleturn|p1b: Torkoal|Protect\n|move|p2a: Brute Bonnet|Sucker Punch||[still]\n|-fail|p2a: Brute Bonnet\n|move|p2b: Azumarill|Draining Kiss|p1a: Oranguru\n|-damage|p1a: Oranguru|44\/100\n|-heal|p2b: Azumarill|41\/100|[from] drain|[of] p1a: Oranguru\n|move|p1a: Oranguru|Trick Room|p1a: Oranguru\n|-fieldstart|move: Trick Room|[of] p1a: Oranguru\n|\n|-weather|RainDance|[upkeep]\n|upkeep\n|turn|10\n|\n|t:|1682362061\n|move|p2a: Brute Bonnet|Sucker Punch||[still]\n|-fail|p2a: Brute Bonnet\n|move|p1b: Torkoal|Eruption|p2a: Brute Bonnet|[spread] p2a,p2b\n|-supereffective|p2a: Brute Bonnet\n|-resisted|p2b: Azumarill\n|-damage|p2a: Brute Bonnet|0 fnt\n|-damage|p2b: Azumarill|30\/100\n|faint|p2a: Brute Bonnet\n|-end|p2a: Brute Bonnet|Protosynthesis|[silent]\n|move|p1a: Oranguru|Instruct|p1b: Torkoal\n|-singleturn|p1b: Torkoal|move: Instruct|[of] p1a: Oranguru\n|move|p1b: Torkoal|Eruption|p2b: Azumarill\n|-resisted|p2b: Azumarill\n|-damage|p2b: Azumarill|15\/100\n|move|p2b: Azumarill|Tera Blast|p1a: Oranguru\n|-damage|p1a: Oranguru|33\/100\n|\n|-weather|none\n|upkeep\n|turn|11\n|c|\u2606Stryke Out|gg\n|-message|Stryke Out forfeited.\n|\n|win|ryanogiggs11\n|c|\u2606ryanogiggs11|gg\n|c| jayballester|kill goes to Torkoal\n|c|\u2606ryanogiggs11|Thank you hahahaa\n|c|\u2606Stryke Out|man, prepared so much for sun that i didn't even think about trick room\n|c|\u2606Stryke Out|oh shoot, my b\n|c|\u2606ryanogiggs11|No worries just no for next time always finish the game\n|c|\u2606ryanogiggs11|But your new so no harm meant\n|c|\u2606Stryke Out|for sure, didn't realize that was the courtesy\n|c|\u2606ryanogiggs11|Just for stats all good\n|c| jayballester|It's just for kill leaderboards yea\n|c|\u2606Stryke Out|gotcha\n|c|\u2606Stryke Out|that's it right?\n|c| jayballester|For this week yup\n|c|\u2606ryanogiggs11|Yeah man I'' save up the replays\n|c|\u2606Stryke Out|awesome, thanks\n|l| jayballester\n|c|\u2606Stryke Out|very cool team, i mocked basically only sun teams, and got wrecked lol\n|c|\u2606ryanogiggs11|Look at discord\n","uploadtime":1682362317,"views":18,"p1id":"ryanogiggs11","p2id":"strykeout","formatid":"gen9vgc2023regulationc","rating":0,"private":0,"password":""}