{"id":"gen9vgc2023regulationc-1845688349","p1":"upswinging","p2":"MinimanYT","format":"[Gen 9] VGC 2023 Regulation C","log":"|j|\u2606upswinging\n|j|\u2606MinimanYT\n|t:|1681755692\n|gametype|doubles\n|player|p1|upswinging|riley|1528\n|player|p2|MinimanYT|265|1595\n|teamsize|p1|6\n|teamsize|p2|6\n|gen|9\n|tier|[Gen 9] VGC 2023 Regulation C\n|rated|\n|rule|Species Clause: Limit one of each Pok\u00e9mon\n|rule|Item Clause: Limit one of each item\n|clearpoke\n|poke|p1|Murkrow, L50, M|\n|poke|p1|Iron Bundle, L50|\n|poke|p1|Chi-Yu, L50|\n|poke|p1|Gholdengo, L50|\n|poke|p1|Great Tusk, L50|\n|poke|p1|Farigiraf, L50, M|\n|poke|p2|Great Tusk, L50|\n|poke|p2|Corviknight, L50, M|\n|poke|p2|Amoonguss, L50, M|\n|poke|p2|Chi-Yu, L50|\n|poke|p2|Iron Bundle, L50|\n|poke|p2|Flutter Mane, L50|\n|teampreview|4\nupswinging has agreed to open team sheets.\n|j| hancec\n|j| manwtfisthis\n|\n|t:|1681755757\n|start\n|switch|p1a: Murkrow|Murkrow, L50, M, shiny|100\/100\n|switch|p1b: Chi-Yu|Chi-Yu, L50|100\/100\n|switch|p2a: Great Tusk|Great Tusk, L50|100\/100\n|switch|p2b: Corviknight|Corviknight, L50, M|100\/100\n|-ability|p1b: Chi-Yu|Beads of Ruin\n|turn|1\n|\n|t:|1681755825\n|move|p1a: Murkrow|Tailwind|p1a: Murkrow\n|-sidestart|p1: upswinging|move: Tailwind\n|move|p1b: Chi-Yu|Heat Wave|p2b: Corviknight|[spread] p2a,p2b\n|-supereffective|p2b: Corviknight\n|-damage|p2a: Great Tusk|50\/100\n|-damage|p2b: Corviknight|27\/100\n|move|p2a: Great Tusk|Earthquake|p1a: Murkrow|[spread] p1b\n|-immune|p2b: Corviknight\n|-immune|p1a: Murkrow\n|-supereffective|p1b: Chi-Yu\n|-damage|p1b: Chi-Yu|0 fnt\n|faint|p1b: Chi-Yu\n|move|p2b: Corviknight|Tailwind|p2b: Corviknight\n|-sidestart|p2: MinimanYT|move: Tailwind\n|\n|upkeep\n|j| ZacianLoveMe\n|l| ZacianLoveMe\n|\n|t:|1681755843\n|switch|p1b: Great Tusk|Great Tusk, L50|100\/100\n|turn|2\n|\n|t:|1681755856\n|move|p2a: Great Tusk|Protect|p2a: Great Tusk\n|-singleturn|p2a: Great Tusk|Protect\n|move|p1a: Murkrow|Brave Bird|p2a: Great Tusk\n|-activate|p2a: Great Tusk|move: Protect\n|move|p1b: Great Tusk|Close Combat|p2b: Corviknight\n|-damage|p2b: Corviknight|0 fnt\n|-unboost|p1b: Great Tusk|def|1\n|-unboost|p1b: Great Tusk|spd|1\n|faint|p2b: Corviknight\n|\n|upkeep\n|\n|t:|1681755864\n|switch|p2b: Flutter Mane|Flutter Mane, L50|100\/100\n|turn|3\n|\n|t:|1681755896\n|-terastallize|p1b: Great Tusk|Ground\n|move|p1a: Murkrow|Haze|p1a: Murkrow\n|-clearallboost\n|move|p2b: Flutter Mane|Dazzling Gleam|p1a: Murkrow|[spread] p1a,p1b\n|-supereffective|p1a: Murkrow\n|-enditem|p1a: Murkrow|Focus Sash\n|-damage|p1a: Murkrow|1\/100\n|-damage|p1b: Great Tusk|29\/100\n|move|p1b: Great Tusk|Earthquake|p2b: Flutter Mane|[spread] p2a,p2b\n|-immune|p1a: Murkrow\n|-damage|p2a: Great Tusk|8\/100\n|-damage|p2b: Flutter Mane|16\/100\n|move|p2a: Great Tusk|Ice Spinner|p1a: Murkrow\n|-supereffective|p1a: Murkrow\n|-damage|p1a: Murkrow|0 fnt\n|faint|p1a: Murkrow\n|\n|upkeep\n|\n|t:|1681755909\n|switch|p1a: Gholdengo|Gholdengo, L50|100\/100\n|turn|4\n|\n|t:|1681755984\n|-end|p2b: Flutter Mane|Protosynthesis|[silent]\n|switch|p2b: Amoonguss|Amoonguss, L50, M|100\/100\n|move|p1b: Great Tusk|Protect|p1b: Great Tusk\n|-singleturn|p1b: Great Tusk|Protect\n|move|p1a: Gholdengo|Make It Rain|p2a: Great Tusk|[spread] p2a,p2b\n|-damage|p2a: Great Tusk|0 fnt\n|-damage|p2b: Amoonguss|34\/100\n|-unboost|p1a: Gholdengo|spa|1\n|-enditem|p2b: Amoonguss|Sitrus Berry|[eat]\n|-heal|p2b: Amoonguss|59\/100|[from] item: Sitrus Berry\n|faint|p2a: Great Tusk\n|-end|p2a: Great Tusk|Protosynthesis|[silent]\n|\n|-sideend|p2: MinimanYT|move: Tailwind\n|-sideend|p1: upswinging|move: Tailwind\n|upkeep\n|\n|t:|1681755990\n|switch|p2a: Flutter Mane|Flutter Mane, L50|16\/100\n|turn|5\n|\n|t:|1681756064\n|move|p2a: Flutter Mane|Shadow Ball|p1a: Gholdengo\n|-supereffective|p1a: Gholdengo\n|-damage|p1a: Gholdengo|0 fnt\n|faint|p1a: Gholdengo\n|move|p1b: Great Tusk|Earthquake|p2b: Amoonguss|[spread] p2a,p2b\n|-damage|p2a: Flutter Mane|0 fnt\n|-damage|p2b: Amoonguss|15\/100\n|faint|p2a: Flutter Mane\n|-end|p2a: Flutter Mane|Protosynthesis|[silent]\n|move|p2b: Amoonguss|Spore|p1b: Great Tusk\n|-status|p1b: Great Tusk|slp|[from] move: Spore\n|\n|upkeep\n|turn|6\n|\n|t:|1681756077\n|cant|p1b: Great Tusk|slp\n|move|p2b: Amoonguss|Pollen Puff|p1b: Great Tusk\n|-damage|p1b: Great Tusk|2\/100 slp\n|\n|upkeep\n|turn|7\n|\n|t:|1681756086\n|cant|p1b: Great Tusk|slp\n|move|p2b: Amoonguss|Pollen Puff|p1b: Great Tusk\n|-damage|p1b: Great Tusk|0 fnt\n|faint|p1b: Great Tusk\n|-end|p1b: Great Tusk|Protosynthesis|[silent]\n|\n|win|MinimanYT\n|raw|upswinging's rating: 1528 → 1512<\/strong> (-16 for losing)\n|raw|MinimanYT's rating: 1595 → 1611<\/strong> (+16 for winning)\n|c|\u2606MinimanYT|gg\n|c|\u2606upswinging|gg\n|l|\u2606upswinging\n|l| hancec\n","uploadtime":1681756095,"views":12,"p1id":"upswinging","p2id":"minimanyt","formatid":"gen9vgc2023regulationc","rating":1512,"private":0,"password":""}