{"id":"gen9vgc2023regulationc-1860828798","p1":"Nejisuke","p2":"Royalzug","format":"[Gen 9] VGC 2023 Regulation C","log":"|j|\u203dNejisuke\n|j|\u2606Royalzug\n|t:|1683682901\n|gametype|doubles\n|player|p1|Nejisuke|1|1149\n|player|p2|Royalzug|101|1035\n|teamsize|p1|6\n|teamsize|p2|6\n|gen|9\n|tier|[Gen 9] VGC 2023 Regulation C\n|rated|\n|rule|Species Clause: Limit one of each Pok\u00e9mon\n|rule|Item Clause: Limit one of each item\n|clearpoke\n|poke|p1|Ceruledge, L50, M|\n|poke|p1|Cetitan, L50, M|\n|poke|p1|Avalugg, L50, F|\n|poke|p1|Abomasnow, L50, F|\n|poke|p1|Iron Bundle, L50|\n|poke|p1|Blissey, L50, F|\n|poke|p2|Iron Bundle, L50|\n|poke|p2|Tyranitar, L50, F|\n|poke|p2|Wo-Chien, L50|\n|poke|p2|Glimmora, L50, F|\n|poke|p2|Gyarados, L50, M|\n|poke|p2|Flutter Mane, L50|\n|teampreview|4\n|inactive|Battle timer is ON: inactive players will automatically lose when time's up. (requested by Royalzug)\n|\n|t:|1683682971\n|start\n|switch|p1a: Abomasnow|Abomasnow, L50, F|100\/100\n|switch|p1b: Iron Bundle|Iron Bundle, L50, shiny|100\/100\n|switch|p2a: Iron Bundle|Iron Bundle, L50|100\/100\n|switch|p2b: Gyarados|Gyarados, L50, M|100\/100\n|-ability|p2b: Gyarados|Intimidate|boost\n|-unboost|p1a: Abomasnow|atk|1\n|-unboost|p1b: Iron Bundle|atk|1\n|-weather|Snow|[from] ability: Snow Warning|[of] p1a: Abomasnow\n|-enditem|p1b: Iron Bundle|Booster Energy\n|-activate|p1b: Iron Bundle|ability: Quark Drive|[fromitem]\n|-start|p1b: Iron Bundle|quarkdrivespe\n|turn|1\n|inactive|Nejisuke has 30 seconds left.\n|inactive|Royalzug has 30 seconds left.\n|inactive|Royalzug has 20 seconds left.\n|inactive|Royalzug has 15 seconds left.\n|inactive|Royalzug has 10 seconds left.\n|inactive|Royalzug has 5 seconds left.\n|\n|t:|1683683026\n|move|p1b: Iron Bundle|Protect|p1b: Iron Bundle\n|-singleturn|p1b: Iron Bundle|Protect\n|move|p2a: Iron Bundle|Icy Wind|p1a: Abomasnow|[spread] p1a\n|-activate|p1b: Iron Bundle|move: Protect\n|-damage|p1a: Abomasnow|88\/100\n|-unboost|p1a: Abomasnow|spe|1\n|move|p2b: Gyarados|Waterfall|p1b: Iron Bundle\n|-activate|p1b: Iron Bundle|move: Protect\n|move|p1a: Abomasnow|Giga Drain|p2a: Iron Bundle\n|-supereffective|p2a: Iron Bundle\n|-damage|p2a: Iron Bundle|0 fnt\n|-heal|p1a: Abomasnow|100\/100|[from] drain|[of] p2a: Iron Bundle\n|faint|p2a: Iron Bundle\n|-end|p2a: Iron Bundle|Quark Drive|[silent]\n|\n|-weather|Snow|[upkeep]\n|upkeep\n|inactive|Royalzug has 30 seconds left.\n|\n|t:|1683683058\n|switch|p2a: Tyranitar|Tyranitar, L50, F|100\/100\n|-weather|Sandstorm|[from] ability: Sand Stream|[of] p2a: Tyranitar\n|turn|2\n|inactive|Royalzug has 30 seconds left.\n|\n|t:|1683683093\n|switch|p1a: Avalugg|Avalugg, L50, F|100\/100\n|-terastallize|p2b: Gyarados|Steel\n|move|p1b: Iron Bundle|Chilling Water|p2a: Tyranitar\n|-supereffective|p2a: Tyranitar\n|-damage|p2a: Tyranitar|65\/100\n|-unboost|p2a: Tyranitar|atk|1\n|move|p2b: Gyarados|Thunder Wave|p1a: Avalugg\n|-status|p1a: Avalugg|par\n|move|p2a: Tyranitar|Rock Slide|p1b: Iron Bundle|[spread] p1b\n|-miss|p2a: Tyranitar|p1a: Avalugg\n|-supereffective|p1b: Iron Bundle\n|-damage|p1b: Iron Bundle|26\/100\n|\n|-weather|Sandstorm|[upkeep]\n|-damage|p1b: Iron Bundle|20\/100|[from] Sandstorm\n|-damage|p1a: Avalugg|95\/100 par|[from] Sandstorm\n|upkeep\n|turn|3\n|\n|t:|1683683115\n|move|p1b: Iron Bundle|Chilling Water|p2a: Tyranitar\n|-supereffective|p2a: Tyranitar\n|-damage|p2a: Tyranitar|30\/100\n|-unboost|p2a: Tyranitar|atk|1\n|move|p2b: Gyarados|Waterfall|p1a: Avalugg\n|-damage|p1a: Avalugg|78\/100 par\n|move|p2a: Tyranitar|Rock Slide|p1b: Iron Bundle|[spread] p1a\n|-miss|p2a: Tyranitar|p1b: Iron Bundle\n|-supereffective|p1a: Avalugg\n|-damage|p1a: Avalugg|54\/100 par\n|cant|p1a: Avalugg|flinch\n|\n|-weather|Sandstorm|[upkeep]\n|-damage|p1b: Iron Bundle|13\/100|[from] Sandstorm\n|-damage|p1a: Avalugg|48\/100 par|[from] Sandstorm\n|upkeep\n|turn|4\n|\n|t:|1683683138\n|switch|p2a: Flutter Mane|Flutter Mane, L50|100\/100\n|-enditem|p2a: Flutter Mane|Booster Energy\n|-activate|p2a: Flutter Mane|ability: Protosynthesis|[fromitem]\n|-start|p2a: Flutter Mane|protosynthesisspe\n|move|p1b: Iron Bundle|Chilling Water|p2a: Flutter Mane\n|-damage|p2a: Flutter Mane|77\/100\n|-unboost|p2a: Flutter Mane|atk|1\n|move|p2b: Gyarados|Waterfall|p1b: Iron Bundle\n|-resisted|p1b: Iron Bundle\n|-damage|p1b: Iron Bundle|0 fnt\n|faint|p1b: Iron Bundle\n|-end|p1b: Iron Bundle|Quark Drive|[silent]\n|move|p1a: Avalugg|Recover|p1a: Avalugg\n|-heal|p1a: Avalugg|98\/100 par\n|\n|-weather|Sandstorm|[upkeep]\n|-damage|p2a: Flutter Mane|72\/100|[from] Sandstorm\n|-damage|p1a: Avalugg|92\/100 par|[from] Sandstorm\n|upkeep\n|\n|t:|1683683156\n|switch|p1b: Blissey|Blissey, L50, F|100\/100\n|turn|5\n|\n|t:|1683683173\n|switch|p1a: Abomasnow|Abomasnow, L50, F|100\/100\n|-weather|Snow|[from] ability: Snow Warning|[of] p1a: Abomasnow\n|move|p2a: Flutter Mane|Dazzling Gleam|p1b: Blissey|[spread] p1a,p1b\n|-crit|p1a: Abomasnow\n|-damage|p1a: Abomasnow|68\/100\n|-damage|p1b: Blissey|88\/100\n|move|p2b: Gyarados|Taunt|p1a: Abomasnow\n|-start|p1a: Abomasnow|move: Taunt\n|move|p1b: Blissey|Blizzard|p2b: Gyarados|[spread] p2a,p2b\n|-resisted|p2b: Gyarados\n|-damage|p2a: Flutter Mane|56\/100\n|-damage|p2b: Gyarados|94\/100\n|-status|p2a: Flutter Mane|frz\n|-status|p2b: Gyarados|frz\n|\n|-weather|Snow|[upkeep]\n|-heal|p1b: Blissey|94\/100|[from] item: Leftovers\n|upkeep\n|turn|6\n|\n|t:|1683683196\n|switch|p2b: Tyranitar|Tyranitar, L50, F|30\/100\n|-weather|Sandstorm|[from] ability: Sand Stream|[of] p2b: Tyranitar\n|-curestatus|p2a: Flutter Mane|frz|[msg]\n|move|p2a: Flutter Mane|Protect|p2a: Flutter Mane\n|-singleturn|p2a: Flutter Mane|Protect\n|move|p1a: Abomasnow|Earth Power|p2b: Tyranitar\n|-supereffective|p2b: Tyranitar\n|-damage|p2b: Tyranitar|0 fnt\n|faint|p2b: Tyranitar\n|move|p1b: Blissey|Calm Mind|p1b: Blissey\n|-boost|p1b: Blissey|spa|1\n|-boost|p1b: Blissey|spd|1\n|\n|-weather|Sandstorm|[upkeep]\n|-damage|p2a: Flutter Mane|50\/100|[from] Sandstorm\n|-damage|p1a: Abomasnow|62\/100|[from] Sandstorm\n|-damage|p1b: Blissey|88\/100|[from] Sandstorm\n|-heal|p1b: Blissey|94\/100|[from] item: Leftovers\n|upkeep\n|\n|t:|1683683207\n|switch|p2b: Gyarados|Gyarados, L50, M, tera:Steel|94\/100 frz\n|-ability|p2b: Gyarados|Intimidate|boost\n|-unboost|p1a: Abomasnow|atk|1\n|-unboost|p1b: Blissey|atk|1\n|turn|7\n|\n|t:|1683683231\n|-terastallize|p1a: Abomasnow|Fire\n|move|p2a: Flutter Mane|Dazzling Gleam|p1b: Blissey|[spread] p1a,p1b\n|-resisted|p1a: Abomasnow\n|-damage|p1a: Abomasnow|52\/100\n|-damage|p1b: Blissey|86\/100\n|cant|p2b: Gyarados|frz\n|move|p1a: Abomasnow|Weather Ball|p2a: Flutter Mane\n|-damage|p2a: Flutter Mane|21\/100\n|move|p1b: Blissey|Calm Mind|p1b: Blissey\n|-boost|p1b: Blissey|spa|1\n|-boost|p1b: Blissey|spd|1\n|\n|-weather|Sandstorm|[upkeep]\n|-damage|p2a: Flutter Mane|15\/100|[from] Sandstorm\n|-damage|p1a: Abomasnow|46\/100|[from] Sandstorm\n|-damage|p1b: Blissey|80\/100|[from] Sandstorm\n|-heal|p1b: Blissey|86\/100|[from] item: Leftovers\n|-end|p1a: Abomasnow|move: Taunt\n|upkeep\n|turn|8\n|-message|Royalzug forfeited.\n|\n|win|Nejisuke\n|raw|Nejisuke's rating: 1149 → 1166<\/strong> (+17 for winning)\n|raw|Royalzug's rating: 1035 → 1025<\/strong> (-10 for losing)\n|l|\u2606Royalzug\n","uploadtime":1683683365,"views":12,"p1id":"nejisuke","p2id":"royalzug","formatid":"gen9vgc2023regulationc","rating":1025,"private":0,"password":""}