{"id":"gen9vgc2023regulationc-1861636302","p1":"Le Dab","p2":"wochientcg","format":"[Gen 9] VGC 2023 Regulation C","log":"|j|\u2606Le Dab\n|j|\u2606wochientcg\n|t:|1683785763\n|gametype|doubles\n|player|p1|Le Dab|nate|1343\n|player|p2|wochientcg|170|1423\n|teamsize|p1|6\n|teamsize|p2|6\n|gen|9\n|tier|[Gen 9] VGC 2023 Regulation C\n|rated|\n|rule|Species Clause: Limit one of each Pok\u00e9mon\n|rule|Item Clause: Limit one of each item\n|clearpoke\n|poke|p1|Sandy Shocks, L50|\n|poke|p1|Iron Valiant, L50|\n|poke|p1|Murkrow, L50, F|\n|poke|p1|Pincurchin, L50, F|\n|poke|p1|Iron Bundle, L50|\n|poke|p1|Scovillain, L50, M|\n|poke|p2|Flutter Mane, L50|\n|poke|p2|Amoonguss, L50, F|\n|poke|p2|Arcanine, L50, F|\n|poke|p2|Iron Bundle, L50|\n|poke|p2|Kingambit, L50, F|\n|poke|p2|Baxcalibur, L50, F|\n|teampreview|4\n|inactive|Battle timer is ON: inactive players will automatically lose when time's up. (requested by Le Dab)\n|inactive|wochientcg has 60 seconds left.\n|inactive|wochientcg has 30 seconds left.\n|inactive|wochientcg has 20 seconds left.\n|\n|t:|1683785838\n|start\n|switch|p1a: Sandy Shocks|Sandy Shocks, L50|100\/100\n|switch|p1b: Murkrow|Murkrow, L50, F|100\/100\n|switch|p2a: Iron Bundle|Iron Bundle, L50|100\/100\n|switch|p2b: Arcanine|Arcanine, L50, F|100\/100\n|-ability|p2b: Arcanine|Intimidate|boost\n|-unboost|p1a: Sandy Shocks|atk|1\n|-unboost|p1b: Murkrow|atk|1\n|-enditem|p2a: Iron Bundle|Booster Energy\n|-activate|p2a: Iron Bundle|ability: Quark Drive|[fromitem]\n|-start|p2a: Iron Bundle|quarkdrivespe\n|turn|1\n|inactive|Le Dab has 30 seconds left.\n|inactive|wochientcg has 30 seconds left.\n|inactive|wochientcg has 20 seconds left.\n|\n|t:|1683785878\n|switch|p2b: Amoonguss|Amoonguss, L50, F|100\/100\n|move|p2a: Iron Bundle|Protect|p2a: Iron Bundle\n|-singleturn|p2a: Iron Bundle|Protect\n|move|p1b: Murkrow|Tailwind|p1b: Murkrow\n|-sidestart|p1: Le Dab|move: Tailwind\n|move|p1a: Sandy Shocks|Volt Switch|p2a: Iron Bundle\n|-activate|p2a: Iron Bundle|move: Protect\n|\n|upkeep\n|turn|2\n|inactive|wochientcg has 30 seconds left.\n|\n|t:|1683785908\n|-terastallize|p2a: Iron Bundle|Grass\n|move|p1a: Sandy Shocks|Protect|p1a: Sandy Shocks\n|-singleturn|p1a: Sandy Shocks|Protect\n|move|p2b: Amoonguss|Rage Powder|p2b: Amoonguss\n|-singleturn|p2b: Amoonguss|move: Rage Powder\n|move|p1b: Murkrow|Taunt|p2b: Amoonguss\n|-start|p2b: Amoonguss|move: Taunt\n|move|p2a: Iron Bundle|Icy Wind|p1b: Murkrow|[spread] p1b\n|-activate|p1a: Sandy Shocks|move: Protect\n|-supereffective|p1b: Murkrow\n|-damage|p1b: Murkrow|63\/100\n|-unboost|p1b: Murkrow|spe|1\n|\n|upkeep\n|turn|3\n|inactive|Le Dab has 30 seconds left.\n|inactive|wochientcg has 30 seconds left.\n|inactive|Le Dab has 20 seconds left.\n|inactive|Le Dab has 15 seconds left.\n|\n|t:|1683785949\n|-end|p1a: Sandy Shocks|Protosynthesis|[silent]\n|switch|p1a: Pincurchin|Pincurchin, L50, F|100\/100\n|-fieldstart|move: Electric Terrain|[from] ability: Electric Surge|[of] p1a: Pincurchin\n|move|p1b: Murkrow|Taunt|p2a: Iron Bundle\n|-start|p2a: Iron Bundle|move: Taunt\n|move|p2a: Iron Bundle|Icy Wind|p1b: Murkrow|[spread] p1a,p1b\n|-supereffective|p1b: Murkrow\n|-damage|p1a: Pincurchin|73\/100\n|-damage|p1b: Murkrow|27\/100\n|-unboost|p1a: Pincurchin|spe|1\n|-unboost|p1b: Murkrow|spe|1\n|move|p2b: Amoonguss|Pollen Puff|p2a: Iron Bundle\n|-immune|p2a: Iron Bundle\n|\n|upkeep\n|turn|4\n|inactive|wochientcg has 30 seconds left.\n|\n|t:|1683785983\n|switch|p2b: Arcanine|Arcanine, L50, F|100\/100\n|-ability|p2b: Arcanine|Intimidate|boost\n|-unboost|p1a: Pincurchin|atk|1\n|-unboost|p1b: Murkrow|atk|1\n|move|p2a: Iron Bundle|Icy Wind|p1a: Pincurchin|[spread] p1a,p1b\n|-supereffective|p1b: Murkrow\n|-damage|p1a: Pincurchin|45\/100\n|-damage|p1b: Murkrow|0 fnt\n|-unboost|p1a: Pincurchin|spe|1\n|faint|p1b: Murkrow\n|move|p1a: Pincurchin|Zing Zap|p2a: Iron Bundle\n|-resisted|p2a: Iron Bundle\n|-damage|p2a: Iron Bundle|78\/100\n|\n|-sideend|p1: Le Dab|move: Tailwind\n|upkeep\n|\n|t:|1683785996\n|switch|p1b: Iron Valiant|Iron Valiant, L50|100\/100\n|-activate|p1b: Iron Valiant|ability: Quark Drive\n|-start|p1b: Iron Valiant|quarkdriveatk\n|turn|5\n|\n|t:|1683786017\n|-terastallize|p1b: Iron Valiant|Fire\n|move|p1a: Pincurchin|Protect|p1a: Pincurchin\n|-singleturn|p1a: Pincurchin|Protect\n|move|p2a: Iron Bundle|Icy Wind|p1a: Pincurchin|[spread] p1b\n|-activate|p1a: Pincurchin|move: Protect\n|-resisted|p1b: Iron Valiant\n|-damage|p1b: Iron Valiant|90\/100\n|-unboost|p1b: Iron Valiant|spe|1\n|move|p2b: Arcanine|Will-O-Wisp|p1b: Iron Valiant|[miss]\n|-miss|p2b: Arcanine|p1b: Iron Valiant\n|move|p1b: Iron Valiant|Fire Punch|p2a: Iron Bundle\n|-supereffective|p2a: Iron Bundle\n|-damage|p2a: Iron Bundle|0 fnt\n|faint|p2a: Iron Bundle\n|-end|p2a: Iron Bundle|Quark Drive|[silent]\n|\n|upkeep\n|\n|t:|1683786035\n|switch|p2a: Baxcalibur|Baxcalibur, L50, F|100\/100\n|turn|6\n|\n|t:|1683786055\n|move|p2b: Arcanine|Howl|p2b: Arcanine|[spread] p2a,p2b\n|-boost|p2a: Baxcalibur|atk|1\n|-boost|p2b: Arcanine|atk|1\n|move|p2a: Baxcalibur|Glaive Rush|p1b: Iron Valiant\n|-damage|p1b: Iron Valiant|0 fnt\n|-singlemove|p2a: Baxcalibur|Glaive Rush|[silent]\n|faint|p1b: Iron Valiant\n|-end|p1b: Iron Valiant|Quark Drive|[silent]\n|move|p1a: Pincurchin|Zing Zap|p2b: Arcanine\n|-damage|p2b: Arcanine|61\/100\n|\n|upkeep\n|\n|t:|1683786060\n|switch|p1b: Sandy Shocks|Sandy Shocks, L50|100\/100\n|turn|7\n|\n|t:|1683786084\n|move|p2a: Baxcalibur|Protect|p2a: Baxcalibur\n|-singleturn|p2a: Baxcalibur|Protect\n|move|p1b: Sandy Shocks|Earth Power|p2a: Baxcalibur\n|-activate|p2a: Baxcalibur|move: Protect\n|move|p2b: Arcanine|Flare Blitz|p1b: Sandy Shocks\n|-damage|p1b: Sandy Shocks|23\/100\n|-damage|p2b: Arcanine|39\/100|[from] Recoil\n|move|p1a: Pincurchin|Zing Zap|p2b: Arcanine\n|-damage|p2b: Arcanine|1\/100\n|\n|-fieldend|move: Electric Terrain\n|upkeep\n|turn|8\n|\n|t:|1683786102\n|move|p2a: Baxcalibur|Ice Shard|p1b: Sandy Shocks\n|-supereffective|p1b: Sandy Shocks\n|-damage|p1b: Sandy Shocks|0 fnt\n|faint|p1b: Sandy Shocks\n|-end|p1b: Sandy Shocks|Protosynthesis|[silent]\n|move|p1a: Pincurchin|Sucker Punch|p2b: Arcanine\n|-damage|p2b: Arcanine|0 fnt\n|faint|p2b: Arcanine\n|\n|upkeep\n|\n|t:|1683786109\n|switch|p2b: Amoonguss|Amoonguss, L50, F|100\/100\n|turn|9\n|-message|Le Dab forfeited.\n|\n|win|wochientcg\n|raw|Le Dab's rating: 1343 → 1328<\/strong> (-15 for losing)\n|raw|wochientcg's rating: 1423 → 1438<\/strong> (+15 for winning)\n|l|\u2606Le Dab\n","uploadtime":1683786126,"views":17,"p1id":"ledab","p2id":"wochientcg","formatid":"gen9vgc2023regulationc","rating":1328,"private":0,"password":""}