{"id":"gen9vgc2023regulationc-1856120966","p1":"haha you rage quit","p2":"Wild Barge","format":"[Gen 9] VGC 2023 Regulation C","log":"|j|\u2606haha you rage quit\n|j|\u2606Wild Barge\n|t:|1683032390\n|gametype|doubles\n|player|p1|haha you rage quit|pokemaniac|1101\n|player|p2|Wild Barge|marlon|1085\n|teamsize|p1|6\n|teamsize|p2|6\n|gen|9\n|tier|[Gen 9] VGC 2023 Regulation C\n|rated|\n|rule|Species Clause: Limit one of each Pok\u00e9mon\n|rule|Item Clause: Limit one of each item\n|clearpoke\n|poke|p1|Hariyama, L50, M|\n|poke|p1|Slowpoke, L50, F|\n|poke|p1|Indeedee-F, L50, F|\n|poke|p1|Torkoal, L50, M|\n|poke|p1|Arboliva, L50, M|\n|poke|p1|Gastrodon, L50, F|\n|poke|p2|Spiritomb, L50, M|\n|poke|p2|Iron Hands, L50|\n|poke|p2|Brute Bonnet, L50|\n|poke|p2|Torkoal, L50, F|\n|poke|p2|Vespiquen, L50, F|\n|poke|p2|Hatterene, L50, F|\n|teampreview|4\n|\n|t:|1683032441\n|start\n|switch|p1a: Slowpoke|Slowpoke, L50, F, shiny|100\/100\n|switch|p1b: Indeedee|Indeedee-F, L50, F|100\/100\n|switch|p2a: Hatterene|Hatterene, L50, F|100\/100\n|switch|p2b: Vespiquen|Vespiquen, L50, F|100\/100\n|-ability|p2b: Vespiquen|Unnerve\n|-fieldstart|move: Psychic Terrain|[from] ability: Psychic Surge|[of] p1b: Indeedee\n|turn|1\n|\n|t:|1683032458\n|move|p1b: Indeedee|Follow Me|p1b: Indeedee\n|-singleturn|p1b: Indeedee|move: Follow Me\n|move|p2b: Vespiquen|Struggle Bug|p1b: Indeedee|[spread] p1a,p1b\n|-supereffective|p1a: Slowpoke\n|-supereffective|p1b: Indeedee\n|-damage|p1a: Slowpoke|81\/100\n|-damage|p1b: Indeedee|82\/100\n|-unboost|p1a: Slowpoke|spa|1\n|-unboost|p1b: Indeedee|spa|1\n|-enditem|p1b: Indeedee|Eject Button\n|\n|t:|1683032470\n|switch|p1b: Torkoal|Torkoal, L50, M, shiny|100\/100\n|-weather|SunnyDay|[from] ability: Drought|[of] p1b: Torkoal\n|move|p2a: Hatterene|Trick Room|p2a: Hatterene\n|-fieldstart|move: Trick Room|[of] p2a: Hatterene\n|-enditem|p2b: Vespiquen|Room Service\n|-unboost|p2b: Vespiquen|spe|1|[from] item: Room Service\n|move|p1a: Slowpoke|Trick Room|p1a: Slowpoke\n|-fieldend|move: Trick Room\n|\n|-weather|SunnyDay|[upkeep]\n|upkeep\n|turn|2\n|\n|t:|1683032494\n|switch|p1b: Indeedee|Indeedee-F, L50, F|82\/100\n|-terastallize|p2b: Vespiquen|Fairy\n|move|p2a: Hatterene|Psychic|p1b: Indeedee\n|-resisted|p1b: Indeedee\n|-damage|p1b: Indeedee|60\/100\n|move|p2b: Vespiquen|Struggle Bug|p1b: Indeedee|[spread] p1a,p1b\n|-supereffective|p1a: Slowpoke\n|-supereffective|p1b: Indeedee\n|-damage|p1a: Slowpoke|63\/100\n|-damage|p1b: Indeedee|42\/100\n|-unboost|p1a: Slowpoke|spa|1\n|-unboost|p1b: Indeedee|spa|1\n|move|p1a: Slowpoke|Trick Room|p1a: Slowpoke\n|-fieldstart|move: Trick Room|[of] p1a: Slowpoke\n|\n|-weather|SunnyDay|[upkeep]\n|upkeep\n|turn|3\n|\n|t:|1683032510\n|switch|p1b: Torkoal|Torkoal, L50, M, shiny|100\/100\n|move|p1a: Slowpoke|Surf|p2a: Hatterene|[spread] p1b,p2a,p2b\n|-supereffective|p1b: Torkoal\n|-damage|p1b: Torkoal|94\/100\n|-damage|p2a: Hatterene|99\/100\n|-damage|p2b: Vespiquen|98\/100\n|-enditem|p1b: Torkoal|Weakness Policy\n|-boost|p1b: Torkoal|atk|2|[from] item: Weakness Policy\n|-boost|p1b: Torkoal|spa|2|[from] item: Weakness Policy\n|move|p2b: Vespiquen|Struggle Bug|p1a: Slowpoke|[spread] p1a,p1b\n|-supereffective|p1a: Slowpoke\n|-resisted|p1b: Torkoal\n|-damage|p1a: Slowpoke|47\/100\n|-damage|p1b: Torkoal|87\/100\n|-unboost|p1a: Slowpoke|spa|1\n|-unboost|p1b: Torkoal|spa|1\n|move|p2a: Hatterene|Trick Room|p2a: Hatterene\n|-fieldend|move: Trick Room\n|\n|-weather|SunnyDay|[upkeep]\n|upkeep\n|turn|4\n|\n|t:|1683032526\n|move|p1b: Torkoal|Protect|p1b: Torkoal\n|-singleturn|p1b: Torkoal|Protect\n|move|p2a: Hatterene|Psychic|p1b: Torkoal\n|-activate|p1b: Torkoal|move: Protect\n|move|p2b: Vespiquen|Acrobatics|p1b: Torkoal\n|-activate|p1b: Torkoal|move: Protect\n|move|p1a: Slowpoke|Trick Room|p1a: Slowpoke\n|-fieldstart|move: Trick Room|[of] p1a: Slowpoke\n|\n|-weather|SunnyDay|[upkeep]\n|upkeep\n|turn|5\n|\n|t:|1683032542\n|-terastallize|p1b: Torkoal|Fire\n|move|p1a: Slowpoke|Heal Pulse|p1b: Torkoal\n|-heal|p1b: Torkoal|100\/100\n|move|p1b: Torkoal|Eruption|p2a: Hatterene|[spread] p2a,p2b\n|-crit|p2a: Hatterene\n|-damage|p2a: Hatterene|0 fnt\n|-damage|p2b: Vespiquen|0 fnt\n|faint|p2a: Hatterene\n|faint|p2b: Vespiquen\n|\n|-weather|none\n|-fieldend|move: Psychic Terrain\n|upkeep\n|\n|t:|1683032551\n|switch|p2b: Orbit|Spiritomb, L50, M, shiny|100\/100\n|switch|p2a: Alt+F4|Torkoal, L50, F, shiny|100\/100\n|-weather|SunnyDay|[from] ability: Drought|[of] p2a: Alt+F4\n|turn|6\n|\n|t:|1683032576\n|switch|p1a: Hariyama|Hariyama, L50, M, shiny|100\/100\n|move|p2b: Orbit|Memento|p1b: Torkoal\n|-unboost|p1b: Torkoal|atk|2\n|-unboost|p1b: Torkoal|spa|2\n|faint|p2b: Orbit\n|move|p2a: Alt+F4|Earth Power|p1b: Torkoal\n|-supereffective|p1b: Torkoal\n|-damage|p1b: Torkoal|0 fnt\n|faint|p1b: Torkoal\n|\n|-weather|SunnyDay|[upkeep]\n|-status|p1a: Hariyama|brn|[from] item: Flame Orb\n|upkeep\n|-message|Wild Barge forfeited.\n|\n|win|haha you rage quit\n|raw|haha you rage quit's rating: 1101 → 1125<\/strong> (+24 for winning)\n|raw|Wild Barge's rating: 1085 → 1063<\/strong> (-22 for losing)\n|l|\u2606Wild Barge\n","uploadtime":1683032610,"views":5,"p1id":"hahayouragequit","p2id":"wildbarge","formatid":"gen9vgc2023regulationc","rating":1063,"private":0,"password":""}