{"id":"gen9vgc2023regulationc-1859246918","p1":"JaydeSlash","p2":"Zydroxequil","format":"[Gen 9] VGC 2023 Regulation C","log":"|j|\u2606JaydeSlash\n|j|\u2606Zydroxequil\n|t:|1683423390\n|gametype|doubles\n|player|p1|JaydeSlash|crasherwake|1166\n|player|p2|Zydroxequil|psychic-gen4|1245\n|teamsize|p1|6\n|teamsize|p2|6\n|gen|9\n|tier|[Gen 9] VGC 2023 Regulation C\n|rated|\n|rule|Species Clause: Limit one of each Pok\u00e9mon\n|rule|Item Clause: Limit one of each item\n|clearpoke\n|poke|p1|Volcarona, L50, M|\n|poke|p1|Ting-Lu, L50|\n|poke|p1|Baxcalibur, L50, M|\n|poke|p1|Tauros-Paldea-Aqua, L50, M|\n|poke|p1|Hydreigon, L50, F|\n|poke|p1|Mimikyu, L50, F|\n|poke|p2|Bronzong, L50|\n|poke|p2|Tyranitar, L50, F|\n|poke|p2|Ting-Lu, L50|\n|poke|p2|Gyarados, L50, F|\n|poke|p2|Garganacl, L50, M|\n|poke|p2|Flutter Mane, L50|\n|teampreview|4\n|inactive|Battle timer is ON: inactive players will automatically lose when time's up. (requested by JaydeSlash)\n|\n|t:|1683423449\n|start\n|switch|p1a: Ting-Lu|Ting-Lu, L50|100\/100\n|switch|p1b: Baxcalibur|Baxcalibur, L50, M|100\/100\n|switch|p2a: Bronzong|Bronzong, L50|100\/100\n|switch|p2b: Tyranitar|Tyranitar, L50, F, shiny|100\/100\n|-ability|p1a: Ting-Lu|Vessel of Ruin\n|-weather|Sandstorm|[from] ability: Sand Stream|[of] p2b: Tyranitar\n|turn|1\n|inactive|JaydeSlash has 30 seconds left.\n|inactive|JaydeSlash has 20 seconds left.\n|\n|t:|1683423488\n|-terastallize|p1b: Baxcalibur|Fairy\n|move|p2b: Tyranitar|Protect|p2b: Tyranitar\n|-singleturn|p2b: Tyranitar|Protect\n|move|p1b: Baxcalibur|Icicle Spear|p2b: Tyranitar\n|-activate|p2b: Tyranitar|move: Protect\n|move|p1a: Ting-Lu|Throat Chop|p2a: Bronzong\n|-supereffective|p2a: Bronzong\n|-damage|p2a: Bronzong|56\/100\n|-start|p2a: Bronzong|Throat Chop|[silent]\n|move|p2a: Bronzong|Trick Room|p2a: Bronzong\n|-fieldstart|move: Trick Room|[of] p2a: Bronzong\n|\n|-weather|Sandstorm|[upkeep]\n|-damage|p1b: Baxcalibur|95\/100|[from] Sandstorm\n|upkeep\n|turn|2\n|inactive|Zydroxequil has 30 seconds left.\n|inactive|Zydroxequil has 20 seconds left.\n|c|\u2606JaydeSlash|i very much lose this\n|inactive|Zydroxequil has 15 seconds left.\n|\n|t:|1683423530\n|move|p1b: Baxcalibur|Ice Shard|p2a: Bronzong\n|-resisted|p2a: Bronzong\n|-damage|p2a: Bronzong|45\/100\n|move|p2a: Bronzong|Gyro Ball|p1b: Baxcalibur\n|-supereffective|p1b: Baxcalibur\n|-crit|p1b: Baxcalibur\n|-damage|p1b: Baxcalibur|29\/100\n|move|p2b: Tyranitar|Low Kick|p1a: Ting-Lu\n|-supereffective|p1a: Ting-Lu\n|-damage|p1a: Ting-Lu|64\/100\n|move|p1a: Ting-Lu|Throat Chop|p2a: Bronzong\n|-supereffective|p2a: Bronzong\n|-damage|p2a: Bronzong|0 fnt\n|faint|p2a: Bronzong\n|\n|-weather|Sandstorm|[upkeep]\n|-damage|p1b: Baxcalibur|23\/100|[from] Sandstorm\n|upkeep\n|\n|t:|1683423552\n|switch|p2a: Garganacl|Garganacl, L50, M|100\/100\n|turn|3\n|\n|t:|1683423571\n|move|p2a: Garganacl|Salt Cure|p1a: Ting-Lu\n|-resisted|p1a: Ting-Lu\n|-damage|p1a: Ting-Lu|61\/100\n|-start|p1a: Ting-Lu|Salt Cure\n|move|p2b: Tyranitar|Rock Slide|p1b: Baxcalibur|[spread] p1a,p1b\n|-resisted|p1a: Ting-Lu\n|-damage|p1a: Ting-Lu|55\/100\n|-damage|p1b: Baxcalibur|0 fnt\n|faint|p1b: Baxcalibur\n|move|p1a: Ting-Lu|Ruination|p2b: Tyranitar\n|-damage|p2b: Tyranitar|51\/100\n|\n|-weather|Sandstorm|[upkeep]\n|-damage|p1a: Ting-Lu|42\/100|[from] Salt Cure\n|upkeep\n|\n|t:|1683423585\n|switch|p1b: Hydreigon|Hydreigon, L50, F|100\/100\n|turn|4\n|inactive|Zydroxequil has 30 seconds left.\n|\n|t:|1683423619\n|move|p1b: Hydreigon|Protect|p1b: Hydreigon\n|-singleturn|p1b: Hydreigon|Protect\n|move|p2a: Garganacl|Salt Cure|p1b: Hydreigon\n|-activate|p1b: Hydreigon|move: Protect\n|move|p2b: Tyranitar|Low Kick|p1a: Ting-Lu\n|-supereffective|p1a: Ting-Lu\n|-damage|p1a: Ting-Lu|5\/100\n|move|p1a: Ting-Lu|Stomping Tantrum|p2b: Tyranitar\n|-supereffective|p2b: Tyranitar\n|-damage|p2b: Tyranitar|6\/100\n|-enditem|p2b: Tyranitar|Weakness Policy\n|-boost|p2b: Tyranitar|atk|2|[from] item: Weakness Policy\n|-boost|p2b: Tyranitar|spa|2|[from] item: Weakness Policy\n|\n|-weather|Sandstorm|[upkeep]\n|-damage|p1b: Hydreigon|95\/100|[from] Sandstorm\n|-damage|p1a: Ting-Lu|0 fnt|[from] Salt Cure\n|faint|p1a: Ting-Lu\n|upkeep\n|\n|t:|1683423634\n|switch|p1a: Volcarona|Volcarona, L50, M|100\/100\n|turn|5\n|\n|t:|1683423648\n|move|p1b: Hydreigon|Protect||[still]\n|-fail|p1b: Hydreigon\n|move|p2a: Garganacl|Salt Cure|p1a: Volcarona\n|-supereffective|p1a: Volcarona\n|-damage|p1a: Volcarona|36\/100\n|-start|p1a: Volcarona|Salt Cure\n|move|p2b: Tyranitar|Rock Slide|p1a: Volcarona|[spread] p1a\n|-miss|p2b: Tyranitar|p1b: Hydreigon\n|-supereffective|p1a: Volcarona\n|-damage|p1a: Volcarona|0 fnt\n|faint|p1a: Volcarona\n|\n|-weather|none\n|-fieldend|move: Trick Room\n|upkeep\n|turn|6\n|\n|t:|1683423666\n|move|p1b: Hydreigon|Heat Wave|p2b: Tyranitar|[spread] p2a,p2b\n|-resisted|p2a: Garganacl\n|-resisted|p2b: Tyranitar\n|-damage|p2a: Garganacl|93\/100\n|-damage|p2b: Tyranitar|0 fnt\n|faint|p2b: Tyranitar\n|move|p2a: Garganacl|Salt Cure|p1b: Hydreigon\n|-damage|p1b: Hydreigon|81\/100\n|-start|p1b: Hydreigon|Salt Cure\n|\n|-heal|p2a: Garganacl|99\/100|[from] item: Leftovers\n|-damage|p1b: Hydreigon|68\/100|[from] Salt Cure\n|upkeep\n|\n|t:|1683423669\n|switch|p2b: Flutter Mane|Flutter Mane, L50|100\/100\n|turn|7\n|-message|JaydeSlash forfeited.\n|\n|win|Zydroxequil\n|raw|JaydeSlash's rating: 1166 → 1147<\/strong> (-19 for losing)\n|raw|Zydroxequil's rating: 1245 → 1264<\/strong> (+19 for winning)\n|l|\u2606JaydeSlash\n","uploadtime":1683423688,"views":17,"p1id":"jaydeslash","p2id":"zydroxequil","formatid":"gen9vgc2023regulationc","rating":1147,"private":0,"password":""}