{"id":"gen9vgc2023regulationc-1857391552","p1":"fairynanbawan","p2":"Yash Nair","format":"[Gen 9] VGC 2023 Regulation C","log":"|j|\u2606fairynanbawan\n|j|\u2606Yash Nair\n|t:|1683185453\n|gametype|doubles\n|player|p1|fairynanbawan|skierf|1312\n|player|p2|Yash Nair|rocketexecutive-gen2|1343\n|teamsize|p1|6\n|teamsize|p2|6\n|gen|9\n|tier|[Gen 9] VGC 2023 Regulation C\n|rated|\n|rule|Species Clause: Limit one of each Pok\u00e9mon\n|rule|Item Clause: Limit one of each item\n|clearpoke\n|poke|p1|Tinkaton, L50, F|\n|poke|p1|Grimmsnarl, L50, M|\n|poke|p1|Azumarill, L50, M|\n|poke|p1|Flutter Mane, L50|\n|poke|p1|Iron Valiant, L50|\n|poke|p1|Mimikyu, L50, F|\n|poke|p2|Kingambit, L50, F|\n|poke|p2|Rotom-Wash, L50|\n|poke|p2|Great Tusk, L50|\n|poke|p2|Arcanine, L50, M|\n|poke|p2|Scream Tail, L50|\n|poke|p2|Dragonite, L50, F|\n|teampreview|4\n|inactive|Battle timer is ON: inactive players will automatically lose when time's up. (requested by Yash Nair)\n|\n|t:|1683185522\n|start\n|switch|p1a: Thorax|Mimikyu, L50, F|100\/100\n|switch|p1b: ShiningArmor|Grimmsnarl, L50, M|100\/100\n|switch|p2a: Scream Tail|Scream Tail, L50|100\/100\n|switch|p2b: Great Tusk|Great Tusk, L50|100\/100\n|-enditem|p2a: Scream Tail|Booster Energy\n|-activate|p2a: Scream Tail|ability: Protosynthesis|[fromitem]\n|-start|p2a: Scream Tail|protosynthesisspe\n|turn|1\n|\n|t:|1683185547\n|-end|p2b: Great Tusk|Protosynthesis|[silent]\n|switch|p2b: Arcanine|Arcanine, L50, M|100\/100\n|-ability|p2b: Arcanine|Intimidate|boost\n|-unboost|p1a: Thorax|atk|1\n|-unboost|p1b: ShiningArmor|atk|1\n|move|p1b: ShiningArmor|Reflect|p1b: ShiningArmor\n|-sidestart|p1: fairynanbawan|Reflect\n|move|p2a: Scream Tail|Howl|p2a: Scream Tail|[spread] p2a,p2b\n|-boost|p2a: Scream Tail|atk|1\n|-boost|p2b: Arcanine|atk|1\n|move|p1a: Thorax|Will-O-Wisp|p2b: Arcanine\n|-immune|p2b: Arcanine\n|\n|upkeep\n|turn|2\n|inactive|Yash Nair has 30 seconds left.\n|inactive|fairynanbawan has 30 seconds left.\n|\n|t:|1683185588\n|move|p2a: Scream Tail|Encore|p1b: ShiningArmor\n|-start|p1b: ShiningArmor|Encore\n|move|p1a: Thorax|Curse|p2b: Arcanine\n|-start|p2b: Arcanine|Curse|[of] p1a: Thorax\n|-damage|p1a: Thorax|50\/100\n|move|p2b: Arcanine|Will-O-Wisp|p1a: Thorax\n|-status|p1a: Thorax|brn\n|move|p1b: ShiningArmor|Reflect||[still]\n|-fail|p1b: ShiningArmor\n|\n|-damage|p1a: Thorax|44\/100 brn|[from] brn\n|-damage|p2b: Arcanine|76\/100|[from] Curse\n|upkeep\n|turn|3\n|inactive|Yash Nair has 30 seconds left.\n|\n|t:|1683185617\n|switch|p1a: Luna|Flutter Mane, L50|100\/100\n|switch|p2b: Great Tusk|Great Tusk, L50|100\/100\n|switch|p1b: Angel|Azumarill, L50, M|100\/100\n|move|p2a: Scream Tail|Protect||[still]\n|-fail|p2a: Scream Tail\n|\n|upkeep\n|turn|4\n|inactive|fairynanbawan has 30 seconds left.\n|inactive|Yash Nair has 30 seconds left.\n|\n|t:|1683185649\n|-end|p2b: Great Tusk|Protosynthesis|[silent]\n|switch|p2b: Rotom|Rotom-Wash, L50|100\/100\n|move|p2a: Scream Tail|Play Rough|p1a: Luna\n|-damage|p1a: Luna|61\/100\n|-unboost|p1a: Luna|atk|1\n|move|p1a: Luna|Shadow Ball|p2a: Scream Tail\n|-supereffective|p2a: Scream Tail\n|-damage|p2a: Scream Tail|13\/100\n|move|p1b: Angel|Liquidation|p2b: Rotom\n|-resisted|p2b: Rotom\n|-damage|p2b: Rotom|70\/100\n|\n|upkeep\n|turn|5\n|inactive|Yash Nair has 30 seconds left.\n|\n|t:|1683185674\n|-end|p1a: Luna|Protosynthesis|[silent]\n|switch|p1a: ShiningArmor|Grimmsnarl, L50, M|100\/100\n|-terastallize|p1b: Angel|Grass\n|move|p2a: Scream Tail|Protect|p2a: Scream Tail\n|-singleturn|p2a: Scream Tail|Protect\n|move|p2b: Rotom|Discharge|p1b: Angel|[spread] p1a,p1b\n|-activate|p2a: Scream Tail|move: Protect\n|-resisted|p1b: Angel\n|-damage|p1a: ShiningArmor|72\/100\n|-damage|p1b: Angel|86\/100\n|move|p1b: Angel|Tera Blast|p2b: Rotom\n|-supereffective|p2b: Rotom\n|-crit|p2b: Rotom\n|-damage|p2b: Rotom|0 fnt\n|faint|p2b: Rotom\n|\n|upkeep\n|inactive|Yash Nair has 30 seconds left.\n|\n|t:|1683185700\n|switch|p2b: Great Tusk|Great Tusk, L50|100\/100\n|turn|6\n|inactive|Yash Nair has 30 seconds left.\n|\n|t:|1683185731\n|-end|p2b: Great Tusk|Protosynthesis|[silent]\n|switch|p2b: Arcanine|Arcanine, L50, M|76\/100\n|-ability|p2b: Arcanine|Intimidate|boost\n|-unboost|p1a: ShiningArmor|atk|1\n|-unboost|p1b: Angel|atk|1\n|move|p1b: Angel|Protect|p1b: Angel\n|-singleturn|p1b: Angel|Protect\n|move|p2a: Scream Tail|Encore||[still]\n|-fail|p2a: Scream Tail\n|move|p1a: ShiningArmor|Crunch|p2a: Scream Tail\n|-damage|p2a: Scream Tail|0 fnt\n|faint|p2a: Scream Tail\n|-end|p2a: Scream Tail|Protosynthesis|[silent]\n|\n|upkeep\n|\n|t:|1683185743\n|switch|p2a: Great Tusk|Great Tusk, L50|100\/100\n|turn|7\n|\n|t:|1683185767\n|switch|p1b: Thorax|Mimikyu, L50, F|44\/100 brn\n|move|p2a: Great Tusk|Close Combat|p1b: Thorax\n|-immune|p1b: Thorax\n|move|p2b: Arcanine|Flare Blitz|p1b: Thorax\n|-activate|p1b: Thorax|ability: Disguise\n|-damage|p1b: Thorax|44\/100 brn\n|detailschange|p1b: Thorax|Mimikyu-Busted, L50, F\n|-damage|p1b: Thorax|32\/100 brn|[from] pokemon: Mimikyu-Busted\n|move|p1a: ShiningArmor|Crunch|p2b: Arcanine\n|-damage|p2b: Arcanine|54\/100\n|-unboost|p2b: Arcanine|def|1\n|\n|-damage|p1b: Thorax|26\/100 brn|[from] brn\n|upkeep\n|turn|8\n|inactive|Yash Nair has 30 seconds left.\n|\n|t:|1683185796\n|move|p1b: Thorax|Shadow Sneak|p2b: Arcanine\n|-damage|p2b: Arcanine|41\/100\n|-damage|p1b: Thorax|17\/100 brn|[from] item: Life Orb\n|move|p2a: Great Tusk|Close Combat|p1a: ShiningArmor\n|-damage|p1a: ShiningArmor|28\/100\n|-unboost|p2a: Great Tusk|def|1\n|-unboost|p2a: Great Tusk|spd|1\n|move|p2b: Arcanine|Flare Blitz|p1b: Thorax\n|-damage|p1b: Thorax|0 fnt\n|faint|p1b: Thorax\n|-damage|p2b: Arcanine|37\/100|[from] Recoil\n|move|p1a: ShiningArmor|Crunch|p2b: Arcanine\n|-damage|p2b: Arcanine|5\/100\n|\n|-sideend|p1: fairynanbawan|Reflect\n|upkeep\n|\n|t:|1683185813\n|switch|p1b: Luna|Flutter Mane, L50|61\/100\n|turn|9\n|\n|t:|1683185829\n|-terastallize|p2a: Great Tusk|Ground\n|move|p1a: ShiningArmor|Reflect|p1a: ShiningArmor\n|-sidestart|p1: fairynanbawan|Reflect\n|move|p2a: Great Tusk|Close Combat|p1a: ShiningArmor\n|-damage|p1a: ShiningArmor|0 fnt\n|-unboost|p2a: Great Tusk|def|1\n|-unboost|p2a: Great Tusk|spd|1\n|faint|p1a: ShiningArmor\n|move|p1b: Luna|Shadow Ball|p2b: Arcanine\n|-damage|p2b: Arcanine|0 fnt\n|faint|p2b: Arcanine\n|\n|upkeep\n|\n|t:|1683185840\n|switch|p1a: Angel|Azumarill, L50, M, tera:Grass|86\/100\n|turn|10\n|-message|Yash Nair forfeited.\n|\n|win|fairynanbawan\n|raw|fairynanbawan's rating: 1312 → 1334<\/strong> (+22 for winning)\n|raw|Yash Nair's rating: 1343 → 1321<\/strong> (-22 for losing)\n|l|\u2606Yash Nair\n","uploadtime":1683185857,"views":7,"p1id":"fairynanbawan","p2id":"yashnair","formatid":"gen9vgc2023regulationc","rating":1321,"private":0,"password":""}