{"id":"gen9vgc2023regulationc-1861260920","p1":"GoRelicantGo","p2":"G3rd","format":"[Gen 9] VGC 2023 Regulation C","log":"|j|\u2606GoRelicantGo\n|j|\u2606G3rd\n|t:|1683740403\n|gametype|doubles\n|player|p1|GoRelicantGo|101|1347\n|player|p2|G3rd|giovanni|1448\n|teamsize|p1|6\n|teamsize|p2|6\n|gen|9\n|tier|[Gen 9] VGC 2023 Regulation C\n|rated|\n|rule|Species Clause: Limit one of each Pok\u00e9mon\n|rule|Item Clause: Limit one of each item\n|clearpoke\n|poke|p1|Scream Tail, L50|\n|poke|p1|Gyarados, L50, M|\n|poke|p1|Iron Bundle, L50|\n|poke|p1|Abomasnow, L50, F|\n|poke|p1|Corviknight, L50, M|\n|poke|p1|Great Tusk, L50|\n|poke|p2|Annihilape, L50, F|\n|poke|p2|Maushold-Four, L50|\n|poke|p2|Chien-Pao, L50|\n|poke|p2|Dragonite, L50, M|\n|poke|p2|Ting-Lu, L50|\n|poke|p2|Florges, L50, F|\n|teampreview|4\nG3rd has agreed to open team sheets.\nGoRelicantGo has agreed to open team sheets.\n|\n|t:|1683740479\n|start\n|switch|p1a: Corviknight|Corviknight, L50, M|100\/100\n|switch|p1b: Abomasnow|Abomasnow, L50, F|100\/100\n|switch|p2a: Maushold|Maushold-Four, L50|100\/100\n|switch|p2b: Annihilape|Annihilape, L50, F|100\/100\n|-weather|Snow|[from] ability: Snow Warning|[of] p1b: Abomasnow\n|turn|1\n|\n|t:|1683740500\n|-terastallize|p2b: Annihilape|Fire\n|move|p2a: Maushold|Protect|p2a: Maushold\n|-singleturn|p2a: Maushold|Protect\n|move|p2b: Annihilape|Bulk Up|p2b: Annihilape\n|-boost|p2b: Annihilape|atk|1\n|-boost|p2b: Annihilape|def|1\n|move|p1a: Corviknight|Brave Bird|p2a: Maushold\n|-activate|p2a: Maushold|move: Protect\n|move|p1b: Abomasnow|Aurora Veil|p1b: Abomasnow\n|-sidestart|p1: GoRelicantGo|move: Aurora Veil\n|\n|-weather|Snow|[upkeep]\n|upkeep\n|turn|2\n|\n|t:|1683740527\n|move|p2a: Maushold|Beat Up|p2b: Annihilape\n|-damage|p2b: Annihilape|99\/100\n|-damage|p2b: Annihilape|98\/100\n|-damage|p2b: Annihilape|97\/100\n|-damage|p2b: Annihilape|96\/100\n|-hitcount|p2b: Annihilape|4\n|move|p2b: Annihilape|Rage Fist|p1a: Corviknight\n|-crit|p1a: Corviknight\n|-damage|p1a: Corviknight|0 fnt\n|faint|p1a: Corviknight\n|move|p1b: Abomasnow|Energy Ball|p2a: Maushold\n|-damage|p2a: Maushold|52\/100\n|\n|-weather|Snow|[upkeep]\n|-heal|p2b: Annihilape|100\/100|[from] item: Leftovers\n|upkeep\n|\n|t:|1683740545\n|switch|p1a: Great Tusk|Great Tusk, L50|100\/100\n|turn|3\n|\n|t:|1683740563\n|move|p2a: Maushold|Protect|p2a: Maushold\n|-singleturn|p2a: Maushold|Protect\n|move|p1b: Abomasnow|Protect|p1b: Abomasnow\n|-singleturn|p1b: Abomasnow|Protect\n|move|p1a: Great Tusk|Earthquake|p2b: Annihilape|[spread] p2b\n|-activate|p1b: Abomasnow|move: Protect\n|-activate|p2a: Maushold|move: Protect\n|-supereffective|p2b: Annihilape\n|-damage|p2b: Annihilape|57\/100\n|-damage|p1a: Great Tusk|90\/100|[from] item: Life Orb\n|move|p2b: Annihilape|Rage Fist|p1a: Great Tusk\n|-damage|p1a: Great Tusk|0 fnt\n|faint|p1a: Great Tusk\n|-end|p1a: Great Tusk|Protosynthesis|[silent]\n|\n|-weather|Snow|[upkeep]\n|-heal|p2b: Annihilape|63\/100|[from] item: Leftovers\n|upkeep\n|\n|t:|1683740576\n|switch|p1a: Iron Bundle|Iron Bundle, L50|100\/100\n|turn|4\n|\n|t:|1683740609\n|move|p2a: Maushold|Follow Me|p2a: Maushold\n|-singleturn|p2a: Maushold|move: Follow Me\n|move|p1a: Iron Bundle|Hydro Pump|p2a: Maushold\n|-damage|p2a: Maushold|0 fnt\n|faint|p2a: Maushold\n|move|p2b: Annihilape|Drain Punch|p1a: Iron Bundle\n|-supereffective|p1a: Iron Bundle\n|-damage|p1a: Iron Bundle|36\/100\n|-heal|p2b: Annihilape|82\/100|[from] drain|[of] p1a: Iron Bundle\n|move|p1b: Abomasnow|Blizzard|p2b: Annihilape\n|-resisted|p2b: Annihilape\n|-damage|p2b: Annihilape|62\/100\n|\n|-weather|Snow|[upkeep]\n|-heal|p2b: Annihilape|68\/100|[from] item: Leftovers\n|upkeep\n|\n|t:|1683740623\n|switch|p2a: Dragonite|Dragonite, L50, M|100\/100\n|turn|5\n|\n|t:|1683740628\n|move|p2a: Dragonite|Extreme Speed|p1a: Iron Bundle\n|-damage|p1a: Iron Bundle|10\/100\n|move|p1a: Iron Bundle|Hydro Pump|p2b: Annihilape|[miss]\n|-miss|p1a: Iron Bundle|p2b: Annihilape\n|move|p2b: Annihilape|Rage Fist|p1b: Abomasnow\n|-enditem|p1b: Abomasnow|Focus Sash\n|-damage|p1b: Abomasnow|1\/100\n|move|p1b: Abomasnow|Blizzard|p2b: Annihilape|[spread] p2a,p2b\n|-supereffective|p2a: Dragonite\n|-resisted|p2b: Annihilape\n|-damage|p2a: Dragonite|25\/100\n|-damage|p2b: Annihilape|52\/100\n|\n|-weather|none\n|-heal|p2b: Annihilape|58\/100|[from] item: Leftovers\n|-sideend|p1: GoRelicantGo|move: Aurora Veil\n|upkeep\n|turn|6\n|inactive|Battle timer is ON: inactive players will automatically lose when time's up. (requested by G3rd)\n|\n|t:|1683740663\n|move|p2a: Dragonite|Extreme Speed|p1a: Iron Bundle\n|-damage|p1a: Iron Bundle|0 fnt\n|faint|p1a: Iron Bundle\n|-end|p1a: Iron Bundle|Quark Drive|[silent]\n|move|p2b: Annihilape|Drain Punch|p1b: Abomasnow\n|-supereffective|p1b: Abomasnow\n|-damage|p1b: Abomasnow|0 fnt\n|-heal|p2b: Annihilape|58\/100|[from] drain|[of] p1b: Abomasnow\n|faint|p1b: Abomasnow\n|\n|win|G3rd\n|raw|GoRelicantGo's rating: 1347 → 1333<\/strong> (-14 for losing)\n|raw|G3rd's rating: 1448 → 1462<\/strong> (+14 for winning)\n|l|\u2606GoRelicantGo\n","uploadtime":1683740677,"views":22,"p1id":"gorelicantgo","p2id":"g3rd","formatid":"gen9vgc2023regulationc","rating":1333,"private":0,"password":""}