{"id":"gen9vgc2023regulationc-1848215794","p1":"coachbryan1.0","p2":"Hellomarioimluigi","format":"[Gen 9] VGC 2023 Regulation C","log":"|j|\u2606coachbryan1.0\n|j|\u2606Hellomarioimluigi\n|t:|1682043569\n|gametype|doubles\n|player|p1|coachbryan1.0|266|1202\n|player|p2|Hellomarioimluigi|1|1119\n|teamsize|p1|6\n|teamsize|p2|6\n|gen|9\n|tier|[Gen 9] VGC 2023 Regulation C\n|rated|\n|rule|Species Clause: Limit one of each Pok\u00e9mon\n|rule|Item Clause: Limit one of each item\n|clearpoke\n|poke|p1|Tyranitar, L50, M|\n|poke|p1|Flutter Mane, L50|\n|poke|p1|Talonflame, L50, F|\n|poke|p1|Farigiraf, L50, M|\n|poke|p1|Chien-Pao, L50|\n|poke|p1|Garchomp, L50, F|\n|poke|p2|Chien-Pao, L50|\n|poke|p2|Scizor, L50, M|\n|poke|p2|Palafin, L50, F|\n|poke|p2|Pelipper, L50, M|\n|poke|p2|Amoonguss, L50, M|\n|poke|p2|Maushold-Four, L50|\n|teampreview|4\n|inactive|Battle timer is ON: inactive players will automatically lose when time's up. (requested by Hellomarioimluigi)\ncoachbryan1.0 has agreed to open team sheets.\n|c|\u2606coachbryan1.0|gl;hf\nHellomarioimluigi rejected open team sheets.\n|inactive|coachbryan1.0 has 60 seconds left.\n|inactive|coachbryan1.0 has 30 seconds left.\n|\n|t:|1682043639\n|start\n|switch|p1a: Worldwide|Talonflame, L50, F|100\/100\n|switch|p1b: Cover Girl|Flutter Mane, L50|100\/100\n|switch|p2a: Palafin|Palafin, L50, F|100\/100\n|switch|p2b: Scizor|Scizor, L50, M|100\/100\n|-enditem|p1b: Cover Girl|Booster Energy\n|-activate|p1b: Cover Girl|ability: Protosynthesis|[fromitem]\n|-start|p1b: Cover Girl|protosynthesisspa\n|turn|1\n|\n|t:|1682043662\n|switch|p1a: Honey|Farigiraf, L50, M|100\/100\n|detailschange|p2a: Palafin|Palafin-Hero, L50, F\n|switch|p2a: Amoonguss|Amoonguss, L50, M|100\/100\n|move|p2b: Scizor|Protect|p2b: Scizor\n|-singleturn|p2b: Scizor|Protect\n|move|p1b: Cover Girl|Shadow Ball|p2b: Scizor\n|-activate|p2b: Scizor|move: Protect\n|\n|upkeep\n|turn|2\n|inactive|coachbryan1.0 has 30 seconds left.\n|inactive|coachbryan1.0 has 20 seconds left.\n|inactive|coachbryan1.0 has 15 seconds left.\n|\n|t:|1682043703\n|-terastallize|p1a: Honey|Fire\n|move|p2a: Amoonguss|Rage Powder|p2a: Amoonguss\n|-singleturn|p2a: Amoonguss|move: Rage Powder\n|move|p1b: Cover Girl|Shadow Ball|p2a: Amoonguss\n|-damage|p2a: Amoonguss|47\/100\n|-enditem|p2a: Amoonguss|Eject Button\n|\n|t:|1682043712\n|switch|p2a: Palafin|Palafin-Hero, L50, F|100\/100\n|-activate|p2a: Palafin|ability: Zero to Hero\n|move|p2b: Scizor|U-turn|p1a: Honey\n|-resisted|p1a: Honey\n|-damage|p1a: Honey|80\/100\n|-damage|p2b: Scizor|91\/100|[from] item: Life Orb\n|\n|t:|1682043722\n|switch|p2b: Amoonguss|Amoonguss, L50, M|80\/100|[from] U-turn\n|move|p1a: Honey|Psyshock|p2a: Palafin\n|-damage|p2a: Palafin|69\/100\n|\n|upkeep\n|turn|3\n|\n|t:|1682043742\n|-terastallize|p2a: Palafin|Water\n|move|p1a: Honey|Protect|p1a: Honey\n|-singleturn|p1a: Honey|Protect\n|move|p2b: Amoonguss|Rage Powder|p2b: Amoonguss\n|-singleturn|p2b: Amoonguss|move: Rage Powder\n|move|p2a: Palafin|Jet Punch||[still]\n|cant|p1a: Honey|ability: Armor Tail|Jet Punch|[of] p2a: Palafin\n|move|p1b: Cover Girl|Thunderbolt|p2b: Amoonguss\n|-resisted|p2b: Amoonguss\n|-damage|p2b: Amoonguss|61\/100\n|\n|upkeep\n|turn|4\n|inactive|coachbryan1.0 has 30 seconds left.\n|inactive|coachbryan1.0 has 20 seconds left.\n|inactive|coachbryan1.0 has 15 seconds left.\n|\n|t:|1682043784\n|switch|p1a: Worldwide|Talonflame, L50, F|100\/100\n|move|p2b: Amoonguss|Rage Powder|p2b: Amoonguss\n|-singleturn|p2b: Amoonguss|move: Rage Powder\n|move|p2a: Palafin|Jet Punch|p1b: Cover Girl\n|-damage|p1b: Cover Girl|0 fnt\n|faint|p1b: Cover Girl\n|-end|p1b: Cover Girl|Protosynthesis|[silent]\n|\n|upkeep\n|\n|t:|1682043808\n|switch|p1b: Honey|Farigiraf, L50, M, tera:Fire|80\/100\n|turn|5\n|\n|t:|1682043837\n|switch|p2a: Scizor|Scizor, L50, M|91\/100\n|move|p2b: Amoonguss|Protect|p2b: Amoonguss\n|-singleturn|p2b: Amoonguss|Protect\n|move|p1a: Worldwide|Taunt|p2b: Amoonguss\n|-activate|p2b: Amoonguss|move: Protect\n|move|p1b: Honey|Psyshock|p2a: Scizor\n|-resisted|p2a: Scizor\n|-damage|p2a: Scizor|75\/100\n|\n|upkeep\n|turn|6\n|\n|t:|1682043861\n|switch|p2b: Palafin|Palafin-Hero, L50, F, tera:Water|69\/100\n|move|p1a: Worldwide|Will-O-Wisp|p2b: Palafin\n|-status|p2b: Palafin|brn\n|move|p2a: Scizor|U-turn|p1a: Worldwide\n|-resisted|p1a: Worldwide\n|-damage|p1a: Worldwide|85\/100\n|-damage|p2a: Scizor|65\/100|[from] item: Life Orb\n|\n|t:|1682043871\n|switch|p2a: Chien-Pao|Chien-Pao, L50|100\/100|[from] U-turn\n|-ability|p2a: Chien-Pao|Sword of Ruin\n|move|p1b: Honey|Tera Blast|p2a: Chien-Pao\n|-supereffective|p2a: Chien-Pao\n|-damage|p2a: Chien-Pao|14\/100\n|\n|-heal|p2a: Chien-Pao|20\/100|[from] item: Leftovers\n|-damage|p2b: Palafin|63\/100 brn|[from] brn\n|upkeep\n|turn|7\n|inactive|coachbryan1.0 has 30 seconds left.\n|inactive|coachbryan1.0 has 20 seconds left.\n|\n|t:|1682043909\n|move|p2a: Chien-Pao|Protect|p2a: Chien-Pao\n|-singleturn|p2a: Chien-Pao|Protect\n|move|p1a: Worldwide|Brave Bird|p2b: Palafin\n|-damage|p2b: Palafin|22\/100 brn\n|-damage|p1a: Worldwide|70\/100|[from] Recoil\n|move|p2b: Palafin|Wave Crash|p1b: Honey\n|-supereffective|p1b: Honey\n|-damage|p1b: Honey|0 fnt\n|faint|p1b: Honey\n|-damage|p2b: Palafin|0 fnt|[from] Recoil\n|faint|p2b: Palafin\n|\n|-heal|p2a: Chien-Pao|26\/100|[from] item: Leftovers\n|upkeep\n|\n|t:|1682043927\n|switch|p2b: Scizor|Scizor, L50, M|65\/100\n|switch|p1b: Fall|Tyranitar, L50, M|100\/100\n|-weather|Sandstorm|[from] ability: Sand Stream|[of] p1b: Fall\n|turn|8\n|inactive|coachbryan1.0 has 30 seconds left.\n|inactive|Hellomarioimluigi has 30 seconds left.\n|inactive|coachbryan1.0 has 20 seconds left.\n|inactive|Hellomarioimluigi has 20 seconds left.\n|inactive|coachbryan1.0 has 15 seconds left.\n|\n|t:|1682043971\n|switch|p2a: Amoonguss|Amoonguss, L50, M|94\/100\n|move|p1a: Worldwide|Will-O-Wisp|p2b: Scizor\n|-status|p2b: Scizor|brn\n|move|p2b: Scizor|U-turn|p1a: Worldwide\n|-resisted|p1a: Worldwide\n|-damage|p1a: Worldwide|61\/100\n|-damage|p2b: Scizor|55\/100 brn|[from] item: Life Orb\n|\n|t:|1682043980\n|switch|p2b: Chien-Pao|Chien-Pao, L50|26\/100|[from] U-turn\n|-ability|p2b: Chien-Pao|Sword of Ruin\n|move|p1b: Fall|Rock Slide|p2a: Amoonguss|[spread] p2a,p2b\n|-supereffective|p2b: Chien-Pao\n|-damage|p2a: Amoonguss|55\/100\n|-damage|p2b: Chien-Pao|0 fnt\n|faint|p2b: Chien-Pao\n|\n|-weather|Sandstorm|[upkeep]\n|-damage|p2a: Amoonguss|49\/100|[from] Sandstorm\n|upkeep\n|\n|t:|1682043991\n|switch|p2b: Scizor|Scizor, L50, M|55\/100 brn\n|turn|9\n|\n|t:|1682044013\n|move|p2b: Scizor|Protect|p2b: Scizor\n|-singleturn|p2b: Scizor|Protect\n|move|p1a: Worldwide|Brave Bird|p2b: Scizor\n|-activate|p2b: Scizor|move: Protect\n|move|p1b: Fall|Assurance|p2b: Scizor\n|-activate|p2b: Scizor|move: Protect\n|move|p2a: Amoonguss|Spore|p1b: Fall\n|-status|p1b: Fall|slp|[from] move: Spore\n|\n|-weather|Sandstorm|[upkeep]\n|-damage|p2a: Amoonguss|43\/100|[from] Sandstorm\n|-damage|p2b: Scizor|49\/100 brn|[from] brn\n|upkeep\n|turn|10\n|\n|t:|1682044037\n|move|p2b: Scizor|Feint|p1a: Worldwide\n|-damage|p1a: Worldwide|45\/100\n|-damage|p2b: Scizor|39\/100 brn|[from] item: Life Orb\n|move|p1a: Worldwide|Brave Bird|p2b: Scizor\n|-damage|p2b: Scizor|4\/100 brn\n|-damage|p1a: Worldwide|34\/100|[from] Recoil\n|cant|p1b: Fall|slp\n|move|p2a: Amoonguss|Energy Ball|p1a: Worldwide\n|-resisted|p1a: Worldwide\n|-damage|p1a: Worldwide|23\/100\n|\n|-weather|Sandstorm|[upkeep]\n|-damage|p2a: Amoonguss|38\/100|[from] Sandstorm\n|-damage|p2b: Scizor|0 fnt|[from] brn\n|faint|p2b: Scizor\n|upkeep\n|turn|11\n|l|\u2606Hellomarioimluigi\n|inactive|Hellomarioimluigi disconnected and has a minute to reconnect!\n|player|p2|\n|inactive|Hellomarioimluigi has 30 seconds left.\n|inactive|Hellomarioimluigi has 20 seconds left.\n|c|\u2606coachbryan1.0|ggs\n|inactive|Hellomarioimluigi has 15 seconds left.\n|inactive|Hellomarioimluigi has 10 seconds left.\n|inactive|Hellomarioimluigi has 5 seconds left.\n|-message|Hellomarioimluigi lost due to inactivity.\n|\n|win|coachbryan1.0\n|raw|coachbryan1.0's rating: 1202 → 1221<\/strong> (+19 for winning)\n|raw|Hellomarioimluigi's rating: 1119 → 1100<\/strong> (-19 for losing)\n","uploadtime":1682044111,"views":7,"p1id":"coachbryan10","p2id":"hellomarioimluigi","formatid":"gen9vgc2023regulationc","rating":1100,"private":0,"password":""}