{"id":"gen9vgc2023regulationc-1856455127","p1":"19402u","p2":"AmongusMAster5678","format":"[Gen 9] VGC 2023 Regulation C","log":"|j|\u260619402u\n|j|\u2606AmongusMAster5678\n|t:|1683063347\n|gametype|doubles\n|player|p1|19402u|169|1442\n|player|p2|AmongusMAster5678|101|1375\n|teamsize|p1|6\n|teamsize|p2|6\n|gen|9\n|tier|[Gen 9] VGC 2023 Regulation C\n|rated|\n|rule|Species Clause: Limit one of each Pok\u00e9mon\n|rule|Item Clause: Limit one of each item\n|clearpoke\n|poke|p1|Dragonite, L50, M|\n|poke|p1|Chi-Yu, L50|\n|poke|p1|Iron Bundle, L50|\n|poke|p1|Iron Hands, L50|\n|poke|p1|Amoonguss, L50, F|\n|poke|p1|Ting-Lu, L50|\n|poke|p2|Glimmora, L50, M|\n|poke|p2|Amoonguss, L50, F|\n|poke|p2|Dondozo, L50, F|\n|poke|p2|Tatsugiri, L50, F|\n|poke|p2|Flutter Mane, L50|\n|poke|p2|Arcanine, L50, F|\n|teampreview|4\n|inactive|Battle timer is ON: inactive players will automatically lose when time's up. (requested by AmongusMAster5678)\n19402u has agreed to open team sheets.\nAmongusMAster5678 rejected open team sheets.\n|inactive|19402u has 60 seconds left.\n|inactive|AmongusMAster5678 has 60 seconds left.\n|\n|t:|1683063401\n|start\n|switch|p1a: Dragonite|Dragonite, L50, M, shiny|100\/100\n|switch|p1b: Ting-Lu|Ting-Lu, L50|100\/100\n|switch|p2a: Glimmora|Glimmora, L50, M|100\/100\n|switch|p2b: Arcanine|Arcanine, L50, F|100\/100\n|-ability|p2b: Arcanine|Intimidate|boost\n|-unboost|p1a: Dragonite|atk|1\n|-fail|p1b: Ting-Lu|unboost|[from] item: Clear Amulet|[of] p1b: Ting-Lu\n|-ability|p1b: Ting-Lu|Vessel of Ruin\n|turn|1\n|\n|t:|1683063422\n|switch|p2b: Amoonguss|Amoonguss, L50, F|100\/100\n|-terastallize|p2a: Glimmora|Grass\n|move|p1a: Dragonite|Rock Slide|p2b: Amoonguss|[spread] p2a,p2b\n|-damage|p2a: Glimmora|82\/100\n|-damage|p2b: Amoonguss|82\/100\n|-activate|p2a: Glimmora|ability: Toxic Debris\n|-sidestart|p1: 19402u|move: Toxic Spikes\n|move|p2a: Glimmora|Mortal Spin|p1b: Ting-Lu|[spread] p1a,p1b\n|-resisted|p1b: Ting-Lu\n|-damage|p1a: Dragonite|98\/100\n|-damage|p1b: Ting-Lu|99\/100\n|-status|p1a: Dragonite|psn\n|-status|p1b: Ting-Lu|psn\n|move|p1b: Ting-Lu|Earthquake|p2a: Glimmora|[spread] p2a,p2b\n|-immune|p1a: Dragonite\n|-resisted|p2a: Glimmora\n|-damage|p2a: Glimmora|65\/100\n|-damage|p2b: Amoonguss|46\/100\n|-activate|p2a: Glimmora|ability: Toxic Debris\n|-sidestart|p1: 19402u|move: Toxic Spikes\n|-enditem|p2b: Amoonguss|Sitrus Berry|[eat]\n|-heal|p2b: Amoonguss|71\/100|[from] item: Sitrus Berry\n|\n|-damage|p1a: Dragonite|86\/100 psn|[from] psn\n|-damage|p1b: Ting-Lu|87\/100 psn|[from] psn\n|upkeep\n|turn|2\n|inactive|19402u has 30 seconds left.\n|inactive|AmongusMAster5678 has 30 seconds left.\n|inactive|19402u has 20 seconds left.\n|\n|t:|1683063461\n|move|p1a: Dragonite|Rock Slide|p2a: Glimmora|[spread] p2a,p2b\n|-damage|p2a: Glimmora|47\/100\n|-damage|p2b: Amoonguss|51\/100\n|cant|p2a: Glimmora|flinch\n|move|p1b: Ting-Lu|Taunt|p2b: Amoonguss\n|-start|p2b: Amoonguss|move: Taunt\n|move|p2b: Amoonguss|Pollen Puff|p2a: Glimmora\n|-heal|p2a: Glimmora|97\/100\n|\n|-damage|p1a: Dragonite|74\/100 psn|[from] psn\n|-damage|p1b: Ting-Lu|74\/100 psn|[from] psn\n|upkeep\n|turn|3\n|\n|t:|1683063480\n|switch|p2b: Arcanine|Arcanine, L50, F|100\/100\n|-ability|p2b: Arcanine|Intimidate|boost\n|-unboost|p1a: Dragonite|atk|1\n|-fail|p1b: Ting-Lu|unboost|[from] item: Clear Amulet|[of] p1b: Ting-Lu\n|move|p1a: Dragonite|Rock Slide|p2a: Glimmora|[spread] p2a,p2b\n|-supereffective|p2b: Arcanine\n|-damage|p2a: Glimmora|82\/100\n|-damage|p2b: Arcanine|62\/100\n|cant|p2a: Glimmora|flinch\n|move|p1b: Ting-Lu|Earthquake|p2b: Arcanine|[spread] p2a,p2b\n|-immune|p1a: Dragonite\n|-resisted|p2a: Glimmora\n|-supereffective|p2b: Arcanine\n|-damage|p2a: Glimmora|65\/100\n|-damage|p2b: Arcanine|0 fnt\n|faint|p2b: Arcanine\n|\n|-damage|p1a: Dragonite|62\/100 psn|[from] psn\n|-damage|p1b: Ting-Lu|62\/100 psn|[from] psn\n|upkeep\n|\n|t:|1683063498\n|switch|p2b: Amoonguss|Amoonguss, L50, F|85\/100\n|turn|4\n|\n|t:|1683063514\n|switch|p1a: Amoonguss|Amoonguss, L50, F, shiny|100\/100\n|-sideend|p1: 19402u|move: Toxic Spikes|[of] p1a: Amoonguss\n|move|p2b: Amoonguss|Protect|p2b: Amoonguss\n|-singleturn|p2b: Amoonguss|Protect\n|move|p2a: Glimmora|Energy Ball|p1b: Ting-Lu\n|-supereffective|p1b: Ting-Lu\n|-damage|p1b: Ting-Lu|8\/100 psn\n|move|p1b: Ting-Lu|Heavy Slam|p2a: Glimmora\n|-damage|p2a: Glimmora|25\/100\n|-activate|p2a: Glimmora|ability: Toxic Debris\n|-sidestart|p1: 19402u|move: Toxic Spikes\n|\n|-damage|p1b: Ting-Lu|0 fnt|[from] psn\n|faint|p1b: Ting-Lu\n|upkeep\n|\n|t:|1683063539\n|switch|p1b: Dragonite|Dragonite, L50, M, shiny|62\/100 psn\n|turn|5\n|inactive|19402u has 30 seconds left.\n|inactive|19402u has 20 seconds left.\n|inactive|19402u has 15 seconds left.\n|inactive|19402u has 10 seconds left.\n|\n|t:|1683063588\n|move|p1b: Dragonite|Extreme Speed|p2a: Glimmora\n|-damage|p2a: Glimmora|0 fnt\n|-activate|p2a: Glimmora|ability: Toxic Debris\n|-sidestart|p1: 19402u|move: Toxic Spikes\n|faint|p2a: Glimmora\n|move|p2b: Amoonguss|Pollen Puff|p2: Glimmora|[notarget]\n|-fail|p2b: Amoonguss\n|move|p1a: Amoonguss|Pollen Puff|p1b: Dragonite\n|-heal|p1b: Dragonite|100\/100 psn\n|\n|-damage|p1b: Dragonite|88\/100 psn|[from] psn\n|upkeep\n|\n|t:|1683063592\n|switch|p2a: Flutter Mane|Flutter Mane, L50|100\/100\n|turn|6\n|\n|t:|1683063610\n|move|p2a: Flutter Mane|Protect|p2a: Flutter Mane\n|-singleturn|p2a: Flutter Mane|Protect\n|move|p1b: Dragonite|Extreme Speed|p2b: Amoonguss\n|-damage|p2b: Amoonguss|40\/100\n|move|p1a: Amoonguss|Spore|p2a: Flutter Mane\n|-activate|p2a: Flutter Mane|move: Protect\n|move|p2b: Amoonguss|Pollen Puff|p1a: Amoonguss\n|-damage|p1a: Amoonguss|84\/100\n|\n|-damage|p1b: Dragonite|76\/100 psn|[from] psn\n|upkeep\n|turn|7\n|\n|t:|1683063624\n|move|p2b: Amoonguss|Protect|p2b: Amoonguss\n|-singleturn|p2b: Amoonguss|Protect\n|move|p1b: Dragonite|Extreme Speed|p2b: Amoonguss\n|-activate|p2b: Amoonguss|move: Protect\n|move|p2a: Flutter Mane|Dazzling Gleam|p1a: Amoonguss|[spread] p1a,p1b\n|-resisted|p1a: Amoonguss\n|-supereffective|p1b: Dragonite\n|-damage|p1a: Amoonguss|70\/100\n|-damage|p1b: Dragonite|16\/100 psn\n|move|p1a: Amoonguss|Spore|p2a: Flutter Mane\n|-status|p2a: Flutter Mane|slp|[from] move: Spore\n|\n|-damage|p1b: Dragonite|3\/100 psn|[from] psn\n|upkeep\n|turn|8\n|inactive|19402u has 30 seconds left.\n|\n|t:|1683063655\n|cant|p2a: Flutter Mane|slp\n|move|p1b: Dragonite|Extreme Speed|p2b: Amoonguss\n|-damage|p2b: Amoonguss|0 fnt\n|faint|p2b: Amoonguss\n|move|p1a: Amoonguss|Pollen Puff|p2a: Flutter Mane\n|-resisted|p2a: Flutter Mane\n|-damage|p2a: Flutter Mane|96\/100 slp\n|\n|-damage|p1b: Dragonite|0 fnt|[from] psn\n|faint|p1b: Dragonite\n|upkeep\n|\n|t:|1683063659\n|switch|p1b: Iron Bundle|Iron Bundle, L50, shiny|100\/100\n|-status|p1b: Iron Bundle|tox\n|-enditem|p1b: Iron Bundle|Booster Energy\n|-activate|p1b: Iron Bundle|ability: Quark Drive|[fromitem]\n|-start|p1b: Iron Bundle|quarkdrivespe\n|turn|9\n|\n|t:|1683063667\n|-terastallize|p1b: Iron Bundle|Ice\n|-curestatus|p2a: Flutter Mane|slp|[msg]\n|move|p2a: Flutter Mane|Protect|p2a: Flutter Mane\n|-singleturn|p2a: Flutter Mane|Protect\n|move|p1b: Iron Bundle|Freeze-Dry|p2a: Flutter Mane\n|-activate|p2a: Flutter Mane|move: Protect\n|move|p1a: Amoonguss|Spore|p2a: Flutter Mane\n|-activate|p2a: Flutter Mane|move: Protect\n|\n|-damage|p1b: Iron Bundle|94\/100 tox|[from] psn\n|upkeep\n|turn|10\n|\n|t:|1683063681\n|move|p1b: Iron Bundle|Protect|p1b: Iron Bundle\n|-singleturn|p1b: Iron Bundle|Protect\n|move|p2a: Flutter Mane|Shadow Ball|p1b: Iron Bundle\n|-activate|p1b: Iron Bundle|move: Protect\n|move|p1a: Amoonguss|Spore|p2a: Flutter Mane\n|-status|p2a: Flutter Mane|slp|[from] move: Spore\n|\n|-damage|p1b: Iron Bundle|82\/100 tox|[from] psn\n|upkeep\n|turn|11\n|\n|t:|1683063692\n|move|p1b: Iron Bundle|Freeze-Dry|p2a: Flutter Mane\n|-damage|p2a: Flutter Mane|44\/100 slp\n|cant|p2a: Flutter Mane|slp\n|move|p1a: Amoonguss|Pollen Puff|p1b: Iron Bundle\n|-heal|p1b: Iron Bundle|100\/100 tox\n|\n|-damage|p1b: Iron Bundle|82\/100 tox|[from] psn\n|upkeep\n|turn|12\n|\n|t:|1683063702\n|move|p1b: Iron Bundle|Freeze-Dry|p2a: Flutter Mane\n|-damage|p2a: Flutter Mane|0 fnt\n|faint|p2a: Flutter Mane\n|-end|p2a: Flutter Mane|Protosynthesis|[silent]\n|\n|win|19402u\n|raw|19402u's rating: 1442 → 1458<\/strong> (+16 for winning)\n|raw|AmongusMAster5678's rating: 1375 → 1359<\/strong> (-16 for losing)\n|l|\u2606AmongusMAster5678\n","uploadtime":1683063706,"views":11,"p1id":"19402u","p2id":"amongusmaster5678","formatid":"gen9vgc2023regulationc","rating":1359,"private":0,"password":""}