{"id":"gen9vgc2023regulationc-1850678017","p1":"chipp zanuff 7","p2":"MegaLoadMan","format":"[Gen 9] VGC 2023 Regulation C","log":"|j|\u2606chipp zanuff 7\n|j|\u2606MegaLoadMan\n|t:|1682358392\n|gametype|doubles\n|player|p1|chipp zanuff 7|102|\n|player|p2|MegaLoadMan|wallace|\n|teamsize|p1|6\n|teamsize|p2|6\n|gen|9\n|tier|[Gen 9] VGC 2023 Regulation C\n|rated|Tournament battle\n|rule|Species Clause: Limit one of each Pok\u00e9mon\n|rule|Item Clause: Limit one of each item\n|clearpoke\n|poke|p1|Garganacl, L50, M|\n|poke|p1|Gyarados, L50, M|\n|poke|p1|Amoonguss, L50, M|\n|poke|p1|Ting-Lu, L50|\n|poke|p1|Flutter Mane, L50|\n|poke|p1|Orthworm, L50, M|\n|poke|p2|Torkoal, L50, M|\n|poke|p2|Tinkaton, L50, F|\n|poke|p2|Baxcalibur, L50, F|\n|poke|p2|Ceruledge, L50, M|\n|poke|p2|Flamigo, L50, M|\n|poke|p2|Lilligant, L50, F|\n|teampreview|4\n|raw| Open Team Sheet for chipp zanuff 7<\/summary>Luck (Garganacl) @ Leftovers Ability: Purifying Salt Level: 50 Shiny: Yes Tera Type: Ghost - Salt Cure - Recover - Protect - Stealth Rock Magna (Gyarados) @ Safety Goggles Ability: Intimidate Level: 50 Shiny: Yes Tera Type: Grass - Waterfall - Protect - Taunt - Thunder Wave Finral (Amoonguss) (M) @ Sitrus Berry Ability: Regenerator Level: 50 Tera Type: Fire - Spore - Pollen Puff - Rage Powder - Protect Asta (Ting-Lu) @ Assault Vest Ability: Vessel of Ruin Level: 50 Tera Type: Poison - Stomping Tantrum - Ruination - Throat Chop - Earthquake Vanessa (Flutter Mane) @ Booster Energy Ability: Protosynthesis Level: 50 Tera Type: Fairy - Dazzling Gleam - Protect - Substitute - Hex Yuno (Orthworm) @ Aguav Berry Ability: Earth Eater Level: 50 Tera Type: Water - Iron Defense - Body Press - Shed Tail - Smack Down <\/details><\/div> Open Team Sheet for MegaLoadMan<\/summary>Torkoal @ Leftovers Ability: Drought Level: 50 Tera Type: Fire - Lava Plume - Clear Smog - Will-O-Wisp - Yawn Tinkaton (F) @ Assault Vest Ability: Mold Breaker Level: 50 Tera Type: Steel - Fake Out - Gigaton Hammer - Knock Off - Feint Baxcalibur @ Covert Cloak Ability: Thermal Exchange Level: 50 Tera Type: Fire - Glaive Rush - Icicle Crash - Dragon Dance - Protect Ceruledge @ Weakness Policy Ability: Flash Fire Level: 50 Tera Type: Grass - Bitter Blade - Shadow Sneak - Substitute - Close Combat Flamigo @ Mirror Herb Ability: Costar Level: 50 Tera Type: Steel - Acrobatics - Close Combat - Roost - Protect Lilligant (F) @ Clear Amulet Ability: Chlorophyll Level: 50 Tera Type: Grass - Energy Ball - Pollen Puff - Quiver Dance - Protect <\/details><\/div>\n|c|\u2606MegaLoadMan|I lose\n|\n|t:|1682358415\n|start\n|switch|p1a: Luck|Garganacl, L50, M, shiny|100\/100\n|switch|p1b: Asta|Ting-Lu, L50|100\/100\n|switch|p2a: Torkoal|Torkoal, L50, M|100\/100\n|switch|p2b: Lilligant|Lilligant, L50, F|100\/100\n|-ability|p1b: Asta|Vessel of Ruin\n|-weather|SunnyDay|[from] ability: Drought|[of] p2a: Torkoal\n|turn|1\n|\n|t:|1682358431\n|switch|p1b: Magna|Gyarados, L50, M, shiny|100\/100\n|-ability|p1b: Magna|Intimidate|boost\n|-unboost|p2a: Torkoal|atk|1\n|-fail|p2b: Lilligant|unboost|[from] item: Clear Amulet|[of] p2b: Lilligant\n|switch|p2a: Baxcalibur|Baxcalibur, L50, F|100\/100\n|move|p2b: Lilligant|Quiver Dance|p2b: Lilligant\n|-boost|p2b: Lilligant|spa|1\n|-boost|p2b: Lilligant|spd|1\n|-boost|p2b: Lilligant|spe|1\n|move|p1a: Luck|Salt Cure|p2b: Lilligant\n|-damage|p2b: Lilligant|81\/100\n|-start|p2b: Lilligant|Salt Cure\n|\n|-weather|SunnyDay|[upkeep]\n|-damage|p2b: Lilligant|69\/100|[from] Salt Cure\n|upkeep\n|turn|2\n|inactive|Battle timer is ON: inactive players will automatically lose when time's up. (requested by chipp zanuff 7)\n|\n|t:|1682358460\n|-terastallize|p1a: Luck|Ghost\n|move|p2b: Lilligant|Energy Ball|p1a: Luck\n|-damage|p1a: Luck|59\/100\n|-unboost|p1a: Luck|spd|1\n|move|p2a: Baxcalibur|Icicle Crash|p1b: Magna\n|-damage|p1b: Magna|57\/100\n|move|p1b: Magna|Thunder Wave|p2b: Lilligant\n|-status|p2b: Lilligant|par\n|move|p1a: Luck|Salt Cure|p2a: Baxcalibur\n|-supereffective|p2a: Baxcalibur\n|-damage|p2a: Baxcalibur|73\/100\n|\n|-weather|SunnyDay|[upkeep]\n|-heal|p1a: Luck|65\/100|[from] item: Leftovers\n|-damage|p2b: Lilligant|56\/100 par|[from] Salt Cure\n|upkeep\n|turn|3\n|\n|t:|1682358480\n|move|p1a: Luck|Protect|p1a: Luck\n|-singleturn|p1a: Luck|Protect\n|cant|p2b: Lilligant|par\n|move|p2a: Baxcalibur|Icicle Crash|p1b: Magna\n|-damage|p1b: Magna|15\/100\n|move|p1b: Magna|Thunder Wave|p2a: Baxcalibur\n|-status|p2a: Baxcalibur|par\n|\n|-weather|SunnyDay|[upkeep]\n|-heal|p1a: Luck|71\/100|[from] item: Leftovers\n|-damage|p2b: Lilligant|44\/100 par|[from] Salt Cure\n|upkeep\n|turn|4\n|\n|t:|1682358492\n|switch|p1b: Asta|Ting-Lu, L50|100\/100\n|-ability|p1b: Asta|Vessel of Ruin\n|cant|p2b: Lilligant|par\n|move|p2a: Baxcalibur|Icicle Crash|p1b: Asta\n|-supereffective|p1b: Asta\n|-damage|p1b: Asta|56\/100\n|move|p1a: Luck|Recover|p1a: Luck\n|-heal|p1a: Luck|100\/100\n|\n|-weather|SunnyDay|[upkeep]\n|-damage|p2b: Lilligant|32\/100 par|[from] Salt Cure\n|upkeep\n|turn|5\n|\n|t:|1682358512\n|switch|p1a: Magna|Gyarados, L50, M, shiny|15\/100\n|-ability|p1a: Magna|Intimidate|boost\n|-unboost|p2a: Baxcalibur|atk|1\n|-fail|p2b: Lilligant|unboost|[from] item: Clear Amulet|[of] p2b: Lilligant\n|move|p2b: Lilligant|Energy Ball|p1b: Asta\n|-supereffective|p1b: Asta\n|-damage|p1b: Asta|7\/100\n|move|p2a: Baxcalibur|Icicle Crash|p1b: Asta\n|-supereffective|p1b: Asta\n|-damage|p1b: Asta|0 fnt\n|faint|p1b: Asta\n|\n|-weather|none\n|-damage|p2b: Lilligant|19\/100 par|[from] Salt Cure\n|upkeep\n|\n|t:|1682358526\n|switch|p1b: Vanessa|Flutter Mane, L50|100\/100\n|-enditem|p1b: Vanessa|Booster Energy\n|-activate|p1b: Vanessa|ability: Protosynthesis|[fromitem]\n|-start|p1b: Vanessa|protosynthesisspa\n|turn|6\n|\n|t:|1682358543\n|switch|p2b: Torkoal|Torkoal, L50, M|100\/100\n|-weather|SunnyDay|[from] ability: Drought|[of] p2b: Torkoal\n|move|p2a: Baxcalibur|Protect|p2a: Baxcalibur\n|-singleturn|p2a: Baxcalibur|Protect\n|move|p1b: Vanessa|Dazzling Gleam|p2b: Torkoal|[spread] p2b\n|-activate|p2a: Baxcalibur|move: Protect\n|-resisted|p2b: Torkoal\n|-damage|p2b: Torkoal|81\/100\n|move|p1a: Magna|Waterfall|p2a: Baxcalibur\n|-activate|p2a: Baxcalibur|move: Protect\n|\n|-weather|SunnyDay|[upkeep]\n|-heal|p2b: Torkoal|87\/100|[from] item: Leftovers\n|upkeep\n|turn|7\n|inactive|MegaLoadMan has 30 seconds left.\n|\n|t:|1682358569\n|switch|p2a: Ceruledge|Ceruledge, L50, M|100\/100\n|move|p1b: Vanessa|Protect|p1b: Vanessa\n|-singleturn|p1b: Vanessa|Protect\n|move|p1a: Magna|Thunder Wave|p2b: Torkoal\n|-status|p2b: Torkoal|par\n|move|p2b: Torkoal|Lava Plume|p1a: Magna|[spread] p1a\n|-activate|p1b: Vanessa|move: Protect\n|-start|p2a: Ceruledge|ability: Flash Fire\n|-resisted|p1a: Magna\n|-damage|p1a: Magna|6\/100\n|\n|-weather|SunnyDay|[upkeep]\n|-heal|p2b: Torkoal|93\/100 par|[from] item: Leftovers\n|upkeep\n|turn|8\n|inactive|chipp zanuff 7 has 30 seconds left.\n|\n|t:|1682358597\n|-terastallize|p2a: Ceruledge|Grass\n|move|p1b: Vanessa|Substitute|p1b: Vanessa\n|-start|p1b: Vanessa|Substitute\n|-damage|p1b: Vanessa|75\/100\n|move|p2a: Ceruledge|Bitter Blade|p1b: Vanessa\n|-end|p1b: Vanessa|Substitute\n|move|p1a: Magna|Thunder Wave|p2a: Ceruledge\n|-status|p2a: Ceruledge|par\n|move|p2b: Torkoal|Lava Plume|p1b: Vanessa|[spread] p1a,p1b\n|-immune|p2a: Ceruledge|[from] ability: Flash Fire\n|-resisted|p1a: Magna\n|-damage|p1a: Magna|0 fnt\n|-damage|p1b: Vanessa|45\/100\n|-status|p1b: Vanessa|brn\n|faint|p1a: Magna\n|\n|-weather|SunnyDay|[upkeep]\n|-heal|p2b: Torkoal|99\/100 par|[from] item: Leftovers\n|-damage|p1b: Vanessa|40\/100 brn|[from] brn\n|upkeep\n|\n|t:|1682358605\n|switch|p1a: Luck|Garganacl, L50, M, shiny, tera:Ghost|100\/100\n|turn|9\n|c|\u2606chipp zanuff 7|i lost[\n|inactive|MegaLoadMan has 30 seconds left.\n|\n|t:|1682358633\n|move|p1b: Vanessa|Hex|p2a: Ceruledge\n|-damage|p2a: Ceruledge|0 fnt\n|faint|p2a: Ceruledge\n|move|p1a: Luck|Salt Cure|p2b: Torkoal\n|-supereffective|p2b: Torkoal\n|-damage|p2b: Torkoal|76\/100 par\n|-start|p2b: Torkoal|Salt Cure\n|move|p2b: Torkoal|Clear Smog|p1b: Vanessa\n|-damage|p1b: Vanessa|29\/100 brn\n|-clearboost|p1b: Vanessa\n|\n|-weather|SunnyDay|[upkeep]\n|-heal|p2b: Torkoal|82\/100 par|[from] item: Leftovers\n|-damage|p1b: Vanessa|23\/100 brn|[from] brn\n|-damage|p2b: Torkoal|69\/100 par|[from] Salt Cure\n|upkeep\n|\n|t:|1682358649\n|switch|p2a: Lilligant|Lilligant, L50, F|19\/100 par\n|turn|10\n|\n|t:|1682358657\n|move|p2a: Lilligant|Protect|p2a: Lilligant\n|-singleturn|p2a: Lilligant|Protect\n|move|p1b: Vanessa|Dazzling Gleam|p2a: Lilligant|[spread] p2b\n|-activate|p2a: Lilligant|move: Protect\n|-resisted|p2b: Torkoal\n|-damage|p2b: Torkoal|51\/100 par\n|move|p1a: Luck|Salt Cure|p2b: Torkoal\n|-supereffective|p2b: Torkoal\n|-damage|p2b: Torkoal|29\/100 par\n|move|p2b: Torkoal|Lava Plume|p1a: Luck|[spread] p1a,p1b\n|-activate|p2a: Lilligant|move: Protect\n|-crit|p1a: Luck\n|-damage|p1a: Luck|73\/100\n|-damage|p1b: Vanessa|0 fnt\n|faint|p1b: Vanessa\n|-end|p1b: Vanessa|Protosynthesis|[silent]\n|\n|-weather|none\n|-heal|p1a: Luck|79\/100|[from] item: Leftovers\n|-heal|p2b: Torkoal|36\/100 par|[from] item: Leftovers\n|-damage|p2b: Torkoal|23\/100 par|[from] Salt Cure\n|upkeep\n|turn|11\n|inactive|MegaLoadMan has 30 seconds left.\n|\n|t:|1682358686\n|move|p2a: Lilligant|Pollen Puff|p2b: Torkoal\n|-heal|p2b: Torkoal|73\/100 par\n|move|p1a: Luck|Salt Cure|p2a: Lilligant\n|-damage|p2a: Lilligant|0 fnt\n|faint|p2a: Lilligant\n|cant|p2b: Torkoal|par\n|\n|-heal|p1a: Luck|84\/100|[from] item: Leftovers\n|-heal|p2b: Torkoal|79\/100 par|[from] item: Leftovers\n|-damage|p2b: Torkoal|67\/100 par|[from] Salt Cure\n|upkeep\n|\n|t:|1682358697\n|switch|p2a: Baxcalibur|Baxcalibur, L50, F|73\/100 par\n|turn|12\n|\n|t:|1682358718\n|cant|p2a: Baxcalibur|par\n|move|p1a: Luck|Salt Cure|p2a: Baxcalibur\n|-supereffective|p2a: Baxcalibur\n|-damage|p2a: Baxcalibur|47\/100 par\n|cant|p2b: Torkoal|par\n|\n|-heal|p1a: Luck|90\/100|[from] item: Leftovers\n|-heal|p2b: Torkoal|73\/100 par|[from] item: Leftovers\n|-damage|p2b: Torkoal|60\/100 par|[from] Salt Cure\n|upkeep\n|turn|13\n|\n|t:|1682358734\n|move|p2a: Baxcalibur|Protect|p2a: Baxcalibur\n|-singleturn|p2a: Baxcalibur|Protect\n|move|p1a: Luck|Protect|p1a: Luck\n|-singleturn|p1a: Luck|Protect\n|move|p2b: Torkoal|Lava Plume|p1a: Luck|[spread] \n|-activate|p2a: Baxcalibur|move: Protect\n|-activate|p1a: Luck|move: Protect\n|\n|-heal|p1a: Luck|96\/100|[from] item: Leftovers\n|-heal|p2b: Torkoal|67\/100 par|[from] item: Leftovers\n|-damage|p2b: Torkoal|54\/100 par|[from] Salt Cure\n|upkeep\n|turn|14\n|\n|t:|1682358743\n|cant|p2a: Baxcalibur|par\n|move|p1a: Luck|Salt Cure|p2a: Baxcalibur\n|-supereffective|p2a: Baxcalibur\n|-damage|p2a: Baxcalibur|20\/100 par\n|move|p2b: Torkoal|Clear Smog|p1a: Luck\n|-resisted|p1a: Luck\n|-damage|p1a: Luck|92\/100\n|-clearboost|p1a: Luck\n|\n|-heal|p1a: Luck|98\/100|[from] item: Leftovers\n|-heal|p2b: Torkoal|60\/100 par|[from] item: Leftovers\n|-damage|p2b: Torkoal|48\/100 par|[from] Salt Cure\n|upkeep\n|turn|15\n|c|\u2606MegaLoadMan|brug\n|j|#DaWoblefet\n|\n|t:|1682358757\n|cant|p2a: Baxcalibur|par\n|move|p1a: Luck|Salt Cure|p2a: Baxcalibur\n|-supereffective|p2a: Baxcalibur\n|-damage|p2a: Baxcalibur|0 fnt\n|faint|p2a: Baxcalibur\n|cant|p2b: Torkoal|par\n|\n|-heal|p1a: Luck|100\/100|[from] item: Leftovers\n|-heal|p2b: Torkoal|54\/100 par|[from] item: Leftovers\n|-damage|p2b: Torkoal|42\/100 par|[from] Salt Cure\n|upkeep\n|turn|16\n|c|\u2606chipp zanuff 7|GG\n|c|\u2606MegaLoadMan|omg\n|c|\u2606MegaLoadMan|STFU\n|c|\u2606chipp zanuff 7|1x4\n|c|\u2606MegaLoadMan|you did not deserve this you absolute piece of HSot\n|inactive|MegaLoadMan has 30 seconds left.\n|c|#DaWoblefet|why you gotta be so rude, MegaLoadMan?\n|c|\u2606MegaLoadMan|because you suck\n|c|\u2606chipp zanuff 7|reported\n|inactive|MegaLoadMan has 20 seconds left.\n|-message|MegaLoadMan forfeited.\n|\n|win|chipp zanuff 7\n|n|\u2606chipp zanuff 7|chippzanuff7\n|n|\u2606MegaLoadMan|megaloadman\n|n|&DaWoblefet|dawoblefet\n|l|\u2606MegaLoadMan\n|l|\u2606chipp zanuff 7\n","uploadtime":1682358811,"views":15,"p1id":"chippzanuff7","p2id":"megaloadman","formatid":"gen9vgc2023regulationc","rating":0,"private":0,"password":""}