{"id":"gen9vgc2023regulationc-1861241179","p1":"XeolnorzTG","p2":"Garompa fan","format":"[Gen 9] VGC 2023 Regulation C","log":"|j|\u2606XeolnorzTG\n|j|\u2606Garompa fan\n|t:|1683738763\n|gametype|doubles\n|player|p1|XeolnorzTG|linebacker|\n|player|p2|Garompa fan|pokemaniac|\n|teamsize|p1|6\n|teamsize|p2|6\n|gen|9\n|tier|[Gen 9] VGC 2023 Regulation C\n|rule|Species Clause: Limit one of each Pok\u00e9mon\n|rule|Item Clause: Limit one of each item\n|clearpoke\n|poke|p1|Roaring Moon, L50|\n|poke|p1|Flutter Mane, L50|\n|poke|p1|Palafin, L50, M|\n|poke|p1|Ting-Lu, L50|\n|poke|p1|Arcanine, L50, F|\n|poke|p1|Amoonguss, L50, M|\n|poke|p2|Palafin, L50, F|\n|poke|p2|Arcanine, L50, F|\n|poke|p2|Flutter Mane, L50|\n|poke|p2|Kingambit, L50, M|\n|poke|p2|Amoonguss, L50, M|\n|poke|p2|Dragonite, L50, F|\n|teampreview|4\n|l|\u2606XeolnorzTG\n|player|p1|\nGarompa fan has agreed to open team sheets.\n|j|\u2606XeolnorzTG\n|player|p1|XeolnorzTG|linebacker\n|c|\u2606XeolnorzTG|G1\n|c|\u2606XeolnorzTG|Gl hf\n|\n|t:|1683738918\n|start\n|switch|p1a: Palafin|Palafin, L50, M|100\/100\n|switch|p1b: Roaring Moon|Roaring Moon, L50|100\/100\n|switch|p2a: Palafin|Palafin, L50, F|100\/100\n|switch|p2b: Flutter Mane|Flutter Mane, L50, shiny|100\/100\n|-enditem|p1b: Roaring Moon|Booster Energy\n|-activate|p1b: Roaring Moon|ability: Protosynthesis|[fromitem]\n|-start|p1b: Roaring Moon|protosynthesisatk\n|turn|1\n|\n|t:|1683738936\n|detailschange|p2a: Palafin|Palafin-Hero, L50, F\n|switch|p2a: Arcanine|Arcanine, L50, F|100\/100\n|-ability|p2a: Arcanine|Intimidate|boost\n|-unboost|p1a: Palafin|atk|1\n|-unboost|p1b: Roaring Moon|atk|1\n|detailschange|p1a: Palafin|Palafin-Hero, L50, M\n|switch|p1a: Arcanine|Arcanine, L50, F|100\/100\n|-ability|p1a: Arcanine|Intimidate|boost\n|-unboost|p2a: Arcanine|atk|1\n|-unboost|p2b: Flutter Mane|atk|1\n|-terastallize|p1b: Roaring Moon|Flying\n|move|p2b: Flutter Mane|Dazzling Gleam|p1a: Arcanine|[spread] p1a,p1b\n|-resisted|p1a: Arcanine\n|-damage|p1a: Arcanine|77\/100\n|-damage|p1b: Roaring Moon|57\/100\n|move|p1b: Roaring Moon|Dragon Dance|p1b: Roaring Moon\n|-boost|p1b: Roaring Moon|atk|1\n|-boost|p1b: Roaring Moon|spe|1\n|\n|upkeep\n|turn|2\n|\n|t:|1683738976\n|-end|p2b: Flutter Mane|Protosynthesis|[silent]\n|switch|p2b: Palafin|Palafin-Hero, L50, F|100\/100\n|-activate|p2b: Palafin|ability: Zero to Hero\n|move|p1b: Roaring Moon|Protect|p1b: Roaring Moon\n|-singleturn|p1b: Roaring Moon|Protect\n|move|p1a: Arcanine|Will-O-Wisp|p2b: Palafin\n|-status|p2b: Palafin|brn\n|move|p2a: Arcanine|Howl|p2a: Arcanine|[spread] p2a,p2b\n|-boost|p2a: Arcanine|atk|1\n|-boost|p2b: Palafin|atk|1\n|\n|-damage|p2b: Palafin|95\/100 brn|[from] brn\n|upkeep\n|turn|3\n|\n|t:|1683738998\n|switch|p1a: Amoonguss|Amoonguss, L50, M, shiny|100\/100\n|move|p1b: Roaring Moon|Acrobatics|p2a: Arcanine\n|-damage|p2a: Arcanine|24\/100\n|move|p2a: Arcanine|Will-O-Wisp|p1b: Roaring Moon\n|-status|p1b: Roaring Moon|brn\n|move|p2b: Palafin|Wave Crash|p1a: Amoonguss\n|-resisted|p1a: Amoonguss\n|-damage|p1a: Amoonguss|74\/100\n|-damage|p2b: Palafin|85\/100 brn|[from] Recoil\n|\n|-damage|p1b: Roaring Moon|51\/100 brn|[from] brn\n|-damage|p2b: Palafin|80\/100 brn|[from] brn\n|upkeep\n|turn|4\n|\n|t:|1683739030\n|switch|p2a: Kingambit|Kingambit, L50, M|100\/100\n|switch|p1a: Arcanine|Arcanine, L50, F|77\/100\n|-ability|p1a: Arcanine|Intimidate|boost\n|-unboost|p2a: Kingambit|atk|1\n|-ability|p2a: Kingambit|Defiant|boost\n|-boost|p2a: Kingambit|atk|2\n|-unboost|p2b: Palafin|atk|1\n|-terastallize|p2b: Palafin|Grass\n|move|p2b: Palafin|Jet Punch|p1b: Roaring Moon\n|-damage|p1b: Roaring Moon|24\/100 brn\n|move|p1b: Roaring Moon|Acrobatics|p2a: Kingambit\n|-resisted|p2a: Kingambit\n|-damage|p2a: Kingambit|85\/100\n|\n|-damage|p1b: Roaring Moon|18\/100 brn|[from] brn\n|-damage|p2b: Palafin|74\/100 brn|[from] brn\n|upkeep\n|turn|5\n|\n|t:|1683739051\n|move|p1b: Roaring Moon|Protect|p1b: Roaring Moon\n|-singleturn|p1b: Roaring Moon|Protect\n|move|p2b: Palafin|Jet Punch|p1b: Roaring Moon\n|-activate|p1b: Roaring Moon|move: Protect\n|move|p1a: Arcanine|Will-O-Wisp|p2a: Kingambit\n|-status|p2a: Kingambit|brn\n|-enditem|p2a: Kingambit|Lum Berry|[eat]\n|-curestatus|p2a: Kingambit|brn|[msg]\n|move|p2a: Kingambit|Kowtow Cleave|p1a: Arcanine\n|-damage|p1a: Arcanine|0 fnt\n|faint|p1a: Arcanine\n|\n|-damage|p1b: Roaring Moon|13\/100 brn|[from] brn\n|-damage|p2b: Palafin|68\/100 brn|[from] brn\n|upkeep\n|\n|t:|1683739068\n|switch|p1a: Palafin|Palafin-Hero, L50, M|100\/100\n|-activate|p1a: Palafin|ability: Zero to Hero\n|turn|6\n|\n|t:|1683739085\n|switch|p2b: Arcanine|Arcanine, L50, F|24\/100\n|-ability|p2b: Arcanine|Intimidate|boost\n|-unboost|p1a: Palafin|atk|1\n|-unboost|p1b: Roaring Moon|atk|1\n|move|p2a: Kingambit|Sucker Punch|p1b: Roaring Moon\n|-damage|p1b: Roaring Moon|0 fnt\n|faint|p1b: Roaring Moon\n|-end|p1b: Roaring Moon|Protosynthesis|[silent]\n|move|p1a: Palafin|Haze|p1a: Palafin\n|-clearallboost\n|\n|upkeep\n|\n|t:|1683739097\n|switch|p1b: Amoonguss|Amoonguss, L50, M, shiny|100\/100\n|turn|7\n|\n|t:|1683739110\n|move|p1a: Palafin|Jet Punch|p2b: Arcanine\n|-supereffective|p2b: Arcanine\n|-damage|p2b: Arcanine|0 fnt\n|faint|p2b: Arcanine\n|move|p2a: Kingambit|Kowtow Cleave|p1a: Palafin\n|-damage|p1a: Palafin|57\/100\n|move|p1b: Amoonguss|Spore|p2a: Kingambit\n|-status|p2a: Kingambit|slp|[from] move: Spore\n|\n|upkeep\n|\n|t:|1683739118\n|switch|p2b: Palafin|Palafin-Hero, L50, F, tera:Grass|68\/100 brn\n|turn|8\n|\n|t:|1683739143\n|move|p1a: Palafin|Jet Punch|p2a: Kingambit\n|-damage|p2a: Kingambit|50\/100 slp\n|move|p2b: Palafin|Wave Crash|p1a: Palafin\n|-resisted|p1a: Palafin\n|-damage|p1a: Palafin|36\/100\n|-damage|p2b: Palafin|61\/100 brn|[from] Recoil\n|cant|p2a: Kingambit|slp\n|move|p1b: Amoonguss|Pollen Puff|p1a: Palafin\n|-heal|p1a: Palafin|86\/100\n|\n|-damage|p2b: Palafin|55\/100 brn|[from] brn\n|upkeep\n|turn|9\n|\n|t:|1683739160\n|move|p2b: Palafin|Wave Crash|p1a: Palafin\n|-resisted|p1a: Palafin\n|-damage|p1a: Palafin|65\/100\n|-damage|p2b: Palafin|49\/100 brn|[from] Recoil\n|move|p1a: Palafin|Wave Crash|p2a: Kingambit\n|-damage|p2a: Kingambit|0 fnt\n|faint|p2a: Kingambit\n|-damage|p1a: Palafin|49\/100|[from] Recoil\n|move|p1b: Amoonguss|Pollen Puff|p1a: Palafin\n|-heal|p1a: Palafin|99\/100\n|\n|-damage|p2b: Palafin|43\/100 brn|[from] brn\n|upkeep\n|\n|t:|1683739166\n|switch|p2a: Flutter Mane|Flutter Mane, L50, shiny|100\/100\n|turn|10\n|\n|t:|1683739183\n|move|p1a: Palafin|Protect|p1a: Palafin\n|-singleturn|p1a: Palafin|Protect\n|move|p2a: Flutter Mane|Thunderbolt|p1a: Palafin\n|-activate|p1a: Palafin|move: Protect\n|move|p2b: Palafin|Wave Crash|p1a: Palafin\n|-activate|p1a: Palafin|move: Protect\n|move|p1b: Amoonguss|Spore|p2a: Flutter Mane\n|-status|p2a: Flutter Mane|slp|[from] move: Spore\n|\n|-damage|p2b: Palafin|37\/100 brn|[from] brn\n|upkeep\n|turn|11\n|\n|t:|1683739198\n|cant|p2a: Flutter Mane|slp\n|move|p2b: Palafin|Wave Crash|p1a: Palafin\n|-resisted|p1a: Palafin\n|-damage|p1a: Palafin|78\/100\n|-damage|p2b: Palafin|30\/100 brn|[from] Recoil\n|move|p1a: Palafin|Wave Crash|p2a: Flutter Mane\n|-damage|p2a: Flutter Mane|0 fnt\n|faint|p2a: Flutter Mane\n|-end|p2a: Flutter Mane|Protosynthesis|[silent]\n|-damage|p1a: Palafin|57\/100|[from] Recoil\n|move|p1b: Amoonguss|Pollen Puff|p1a: Palafin\n|-heal|p1a: Palafin|100\/100\n|\n|-damage|p2b: Palafin|24\/100 brn|[from] brn\n|upkeep\n|turn|12\n|-message|Garompa fan forfeited.\n|\n|win|XeolnorzTG\n|c|\u2606Garompa fan|GG\n|l|\u2606Garompa fan\n|c|\u2606XeolnorzTG|gg\n","uploadtime":1683739224,"views":9,"p1id":"xeolnorztg","p2id":"garompafan","formatid":"gen9vgc2023regulationc","rating":0,"private":0,"password":""}