{"id":"gen9vgc2023regulationc-1860111861","p1":"AllTheBilgamesh","p2":"grynpup","format":"[Gen 9] VGC 2023 Regulation C","log":"|j|\u2606AllTheBilgamesh\n|j|\u2606grynpup\n|t:|1683596564\n|gametype|doubles\n|player|p1|AllTheBilgamesh|n|1271\n|player|p2|grynpup|richboy|1174\n|teamsize|p1|6\n|teamsize|p2|6\n|gen|9\n|tier|[Gen 9] VGC 2023 Regulation C\n|rated|\n|rule|Species Clause: Limit one of each Pok\u00e9mon\n|rule|Item Clause: Limit one of each item\n|clearpoke\n|poke|p1|Tyranitar, L50, M|\n|poke|p1|Lycanroc, L50, F|\n|poke|p1|Amoonguss, L50, M|\n|poke|p1|Flutter Mane, L50|\n|poke|p1|Gyarados, L50, M|\n|poke|p1|Chi-Yu, L50|\n|poke|p2|Scream Tail, L50|\n|poke|p2|Torkoal, L50, F|\n|poke|p2|Great Tusk, L50|\n|poke|p2|Lilligant, L50, F|\n|poke|p2|Chi-Yu, L50|\n|poke|p2|Flutter Mane, L50|\n|teampreview|4\n|inactive|Battle timer is ON: inactive players will automatically lose when time's up. (requested by grynpup)\n|inactive|grynpup has 60 seconds left.\n|\n|t:|1683596608\n|start\n|switch|p1a: Roxie|Lycanroc, L50, F, shiny|100\/100\n|switch|p1b: Pala|Gyarados, L50, M|100\/100\n|switch|p2a: Torkoal|Torkoal, L50, F|100\/100\n|switch|p2b: Great Tusk|Great Tusk, L50|100\/100\n|-ability|p1b: Pala|Intimidate|boost\n|-unboost|p2a: Torkoal|atk|1\n|-unboost|p2b: Great Tusk|atk|1\n|-weather|SunnyDay|[from] ability: Drought|[of] p2a: Torkoal\n|-activate|p2b: Great Tusk|ability: Protosynthesis\n|-start|p2b: Great Tusk|protosynthesisspe\n|turn|1\n|inactive|AllTheBilgamesh has 30 seconds left.\n|inactive|AllTheBilgamesh has 20 seconds left.\n|inactive|AllTheBilgamesh has 15 seconds left.\n|inactive|AllTheBilgamesh has 10 seconds left.\n|\n|t:|1683596655\n|-end|p2b: Great Tusk|Protosynthesis|[silent]\n|switch|p2b: Scream Tail|Scream Tail, L50|100\/100\n|-activate|p2b: Scream Tail|ability: Protosynthesis\n|-start|p2b: Scream Tail|protosynthesisspe\n|switch|p1b: Flinch Lockwood|Tyranitar, L50, M, shiny|100\/100\n|-weather|Sandstorm|[from] ability: Sand Stream|[of] p1b: Flinch Lockwood\n|-end|p2b: Scream Tail|Protosynthesis\n|move|p1a: Roxie|Rock Slide|p2b: Scream Tail|[spread] p2a,p2b\n|-supereffective|p2a: Torkoal\n|-damage|p2a: Torkoal|48\/100\n|-damage|p2b: Scream Tail|77\/100\n|move|p2a: Torkoal|Will-O-Wisp|p1a: Roxie\n|-status|p1a: Roxie|brn\n|\n|-weather|Sandstorm|[upkeep]\n|-damage|p2b: Scream Tail|71\/100|[from] Sandstorm\n|-damage|p2a: Torkoal|42\/100|[from] Sandstorm\n|-heal|p2a: Torkoal|48\/100|[from] item: Leftovers\n|-damage|p1a: Roxie|95\/100 brn|[from] brn\n|upkeep\n|turn|2\n|inactive|AllTheBilgamesh has 30 seconds left.\n|inactive|grynpup has 30 seconds left.\n|\n|t:|1683596688\n|-terastallize|p1b: Flinch Lockwood|Flying\n|move|p2a: Torkoal|Protect|p2a: Torkoal\n|-singleturn|p2a: Torkoal|Protect\n|move|p1a: Roxie|Rock Slide|p2b: Scream Tail|[spread] p2b\n|-activate|p2a: Torkoal|move: Protect\n|-damage|p2b: Scream Tail|60\/100\n|move|p2b: Scream Tail|Play Rough|p1b: Flinch Lockwood\n|-damage|p1b: Flinch Lockwood|78\/100\n|move|p1b: Flinch Lockwood|Assurance|p2b: Scream Tail\n|-damage|p2b: Scream Tail|5\/100\n|-enditem|p2b: Scream Tail|Sitrus Berry|[eat]\n|-heal|p2b: Scream Tail|30\/100|[from] item: Sitrus Berry\n|\n|-weather|Sandstorm|[upkeep]\n|-damage|p2b: Scream Tail|24\/100|[from] Sandstorm\n|-damage|p1b: Flinch Lockwood|72\/100|[from] Sandstorm\n|-damage|p2a: Torkoal|42\/100|[from] Sandstorm\n|-heal|p2a: Torkoal|48\/100|[from] item: Leftovers\n|-damage|p1a: Roxie|89\/100 brn|[from] brn\n|upkeep\n|turn|3\n|\n|t:|1683596710\n|switch|p2a: Great Tusk|Great Tusk, L50|100\/100\n|move|p1a: Roxie|Rock Slide|p2b: Scream Tail|[spread] p2a,p2b\n|-resisted|p2a: Great Tusk\n|-damage|p2a: Great Tusk|98\/100\n|-damage|p2b: Scream Tail|10\/100\n|move|p2b: Scream Tail|Howl|p2b: Scream Tail|[spread] p2a,p2b\n|-boost|p2a: Great Tusk|atk|1\n|-boost|p2b: Scream Tail|atk|1\n|move|p1b: Flinch Lockwood|Rock Slide|p2a: Great Tusk|[spread] p2a,p2b\n|-resisted|p2a: Great Tusk\n|-damage|p2a: Great Tusk|92\/100\n|-damage|p2b: Scream Tail|0 fnt\n|faint|p2b: Scream Tail\n|-end|p2b: Scream Tail|Protosynthesis|[silent]\n|\n|-weather|Sandstorm|[upkeep]\n|-damage|p1b: Flinch Lockwood|66\/100|[from] Sandstorm\n|-damage|p1a: Roxie|83\/100 brn|[from] brn\n|upkeep\n|\n|t:|1683596721\n|switch|p2b: Torkoal|Torkoal, L50, F|48\/100\n|-weather|SunnyDay|[from] ability: Drought|[of] p2b: Torkoal\n|-activate|p2a: Great Tusk|ability: Protosynthesis\n|-start|p2a: Great Tusk|protosynthesisatk\n|turn|4\n|\n|t:|1683596736\n|switch|p1b: Pala|Gyarados, L50, M|100\/100\n|-ability|p1b: Pala|Intimidate|boost\n|-unboost|p2a: Great Tusk|atk|1\n|-unboost|p2b: Torkoal|atk|1\n|move|p1a: Roxie|Protect|p1a: Roxie\n|-singleturn|p1a: Roxie|Protect\n|move|p2a: Great Tusk|Ice Spinner|p1b: Pala\n|-damage|p1b: Pala|69\/100\n|move|p2b: Torkoal|Flamethrower|p1a: Roxie\n|-activate|p1a: Roxie|move: Protect\n|\n|-weather|SunnyDay|[upkeep]\n|-heal|p2b: Torkoal|53\/100|[from] item: Leftovers\n|-damage|p1a: Roxie|77\/100 brn|[from] brn\n|upkeep\n|turn|5\n|j| rabidjoker\n|inactive|AllTheBilgamesh has 30 seconds left.\n|\n|t:|1683596768\n|move|p2a: Great Tusk|Ice Spinner|p1b: Pala\n|-damage|p1b: Pala|35\/100\n|move|p1a: Roxie|Rock Slide|p2a: Great Tusk|[spread] p2a,p2b\n|-resisted|p2a: Great Tusk\n|-crit|p2a: Great Tusk\n|-supereffective|p2b: Torkoal\n|-damage|p2a: Great Tusk|88\/100\n|-damage|p2b: Torkoal|31\/100\n|move|p1b: Pala|Waterfall|p2a: Great Tusk\n|-supereffective|p2a: Great Tusk\n|-damage|p2a: Great Tusk|62\/100\n|move|p2b: Torkoal|Will-O-Wisp|p1b: Pala\n|-status|p1b: Pala|brn\n|\n|-weather|SunnyDay|[upkeep]\n|-heal|p2b: Torkoal|36\/100|[from] item: Leftovers\n|-damage|p1a: Roxie|71\/100 brn|[from] brn\n|-damage|p1b: Pala|29\/100 brn|[from] brn\n|upkeep\n|turn|6\n|inactive|AllTheBilgamesh has 30 seconds left.\n|\n|t:|1683596794\n|switch|p2b: Lilligant|Lilligant, L50, F|100\/100\n|move|p2a: Great Tusk|Ice Spinner|p1b: Pala\n|-damage|p1b: Pala|0 fnt\n|faint|p1b: Pala\n|move|p1a: Roxie|Rock Slide|p2a: Great Tusk|[spread] p2a\n|-miss|p1a: Roxie|p2b: Lilligant\n|-resisted|p2a: Great Tusk\n|-damage|p2a: Great Tusk|59\/100\n|\n|-weather|SunnyDay|[upkeep]\n|-damage|p1a: Roxie|65\/100 brn|[from] brn\n|upkeep\n|\n|t:|1683596809\n|switch|p1b: Hear me out|Flutter Mane, L50|100\/100\n|-activate|p1b: Hear me out|ability: Protosynthesis\n|-start|p1b: Hear me out|protosynthesisspa\n|turn|7\n|\n|t:|1683596821\n|switch|p1a: Flinch Lockwood|Tyranitar, L50, M, shiny, tera:Flying|66\/100\n|-weather|Sandstorm|[from] ability: Sand Stream|[of] p1a: Flinch Lockwood\n|-end|p2a: Great Tusk|Protosynthesis\n|-end|p1b: Hear me out|Protosynthesis\n|-terastallize|p2b: Lilligant|Grass\n|move|p2a: Great Tusk|Ice Spinner|p1a: Flinch Lockwood\n|-supereffective|p1a: Flinch Lockwood\n|-damage|p1a: Flinch Lockwood|24\/100\n|move|p1b: Hear me out|Dazzling Gleam|p2a: Great Tusk|[spread] p2a,p2b\n|-supereffective|p2a: Great Tusk\n|-damage|p2a: Great Tusk|0 fnt\n|-damage|p2b: Lilligant|45\/100\n|faint|p2a: Great Tusk\n|-end|p2a: Great Tusk|Protosynthesis|[silent]\n|move|p2b: Lilligant|Leaf Storm|p1b: Hear me out\n|-damage|p1b: Hear me out|22\/100\n|-unboost|p2b: Lilligant|spa|2\n|-enditem|p2b: Lilligant|Eject Pack\n|\n|t:|1683596835\n|switch|p2b: Torkoal|Torkoal, L50, F|36\/100\n|-weather|SunnyDay|[from] ability: Drought|[of] p2b: Torkoal\n|-activate|p1b: Hear me out|ability: Protosynthesis\n|-start|p1b: Hear me out|protosynthesisspa\n|\n|-weather|SunnyDay|[upkeep]\n|-heal|p2b: Torkoal|42\/100|[from] item: Leftovers\n|upkeep\n|\n|t:|1683596838\n|switch|p2a: Lilligant|Lilligant, L50, F, tera:Grass|45\/100\n|turn|8\n|inactive|grynpup has 30 seconds left.\n|\n|t:|1683596868\n|switch|p1a: Roxie|Lycanroc, L50, F, shiny|65\/100 brn\n|move|p2a: Lilligant|Protect|p2a: Lilligant\n|-singleturn|p2a: Lilligant|Protect\n|move|p1b: Hear me out|Dazzling Gleam|p2b: Torkoal|[spread] p2b\n|-activate|p2a: Lilligant|move: Protect\n|-resisted|p2b: Torkoal\n|-damage|p2b: Torkoal|11\/100\n|move|p2b: Torkoal|Flamethrower|p1b: Hear me out\n|-damage|p1b: Hear me out|0 fnt\n|faint|p1b: Hear me out\n|-end|p1b: Hear me out|Protosynthesis|[silent]\n|\n|-weather|SunnyDay|[upkeep]\n|-heal|p2b: Torkoal|16\/100|[from] item: Leftovers\n|-damage|p1a: Roxie|59\/100 brn|[from] brn\n|upkeep\n|\n|t:|1683596885\n|switch|p1b: Flinch Lockwood|Tyranitar, L50, M, shiny, tera:Flying|24\/100\n|-weather|Sandstorm|[from] ability: Sand Stream|[of] p1b: Flinch Lockwood\n|turn|9\n|\n|t:|1683596902\n|move|p1a: Roxie|Close Combat|p2a: Lilligant\n|-damage|p2a: Lilligant|15\/100\n|-unboost|p1a: Roxie|def|1\n|-unboost|p1a: Roxie|spd|1\n|move|p2a: Lilligant|Pollen Puff|p2b: Torkoal\n|-heal|p2b: Torkoal|66\/100\n|move|p1b: Flinch Lockwood|Tera Blast|p2a: Lilligant\n|-supereffective|p2a: Lilligant\n|-damage|p2a: Lilligant|0 fnt\n|faint|p2a: Lilligant\n|move|p2b: Torkoal|Flamethrower|p1a: Roxie\n|-resisted|p1a: Roxie\n|-damage|p1a: Roxie|34\/100 brn\n|\n|-weather|Sandstorm|[upkeep]\n|-damage|p1b: Flinch Lockwood|18\/100|[from] Sandstorm\n|-damage|p2b: Torkoal|60\/100|[from] Sandstorm\n|-heal|p2b: Torkoal|66\/100|[from] item: Leftovers\n|-damage|p1a: Roxie|28\/100 brn|[from] brn\n|upkeep\n|turn|10\n|\n|t:|1683596924\n|move|p1a: Roxie|Rock Slide|p2b: Torkoal\n|-supereffective|p2b: Torkoal\n|-damage|p2b: Torkoal|32\/100\n|move|p1b: Flinch Lockwood|Assurance|p2b: Torkoal\n|-damage|p2b: Torkoal|0 fnt\n|faint|p2b: Torkoal\n|\n|win|AllTheBilgamesh\n|raw|AllTheBilgamesh's rating: 1271 → 1289<\/strong> (+18 for winning)\n|raw|grynpup's rating: 1174 → 1156<\/strong> (-18 for losing)\n|l|\u2606grynpup\n","uploadtime":1683596944,"views":12,"p1id":"allthebilgamesh","p2id":"grynpup","formatid":"gen9vgc2023regulationc","rating":1156,"private":0,"password":""}