{"id":"gen9vgc2023regulationc-1846370413","p1":"200 routes","p2":"Tier3IonoSub","format":"[Gen 9] VGC 2023 Regulation C","log":"|j|\u2606200 routes\n|j|\u2606Tier3IonoSub\n|t:|1681835432\n|gametype|doubles\n|player|p1|200 routes|170|1298\n|player|p2|Tier3IonoSub|gardenia|1390\n|teamsize|p1|6\n|teamsize|p2|6\n|gen|9\n|tier|[Gen 9] VGC 2023 Regulation C\n|rated|\n|rule|Species Clause: Limit one of each Pok\u00e9mon\n|rule|Item Clause: Limit one of each item\n|clearpoke\n|poke|p1|Scizor, L50, M|\n|poke|p1|Iron Bundle, L50|\n|poke|p1|Iron Hands, L50|\n|poke|p1|Baxcalibur, L50, F|\n|poke|p1|Amoonguss, L50, F|\n|poke|p1|Flutter Mane, L50|\n|poke|p2|Volcarona, L50, F|\n|poke|p2|Meowscarada, L50, F|\n|poke|p2|Flutter Mane, L50|\n|poke|p2|Gyarados, L50, M|\n|poke|p2|Gholdengo, L50|\n|poke|p2|Mudsdale, L50, F|\n|teampreview|4\nTier3IonoSub has agreed to open team sheets.\n|inactive|Battle timer is ON: inactive players will automatically lose when time's up. (requested by Tier3IonoSub)\n200 routes has agreed to open team sheets.\n|inactive|200 routes has 60 seconds left.\n|inactive|Tier3IonoSub has 60 seconds left.\n|\n|t:|1681835521\n|start\n|switch|p1a: Iron Bundle|Iron Bundle, L50|100\/100\n|switch|p1b: Baxcalibur|Baxcalibur, L50, F|100\/100\n|switch|p2a: Gholdengo|Gholdengo, L50|100\/100\n|switch|p2b: Volcarona|Volcarona, L50, F|100\/100\n|-enditem|p1a: Iron Bundle|Booster Energy\n|-activate|p1a: Iron Bundle|ability: Quark Drive|[fromitem]\n|-start|p1a: Iron Bundle|quarkdrivespe\n|turn|1\n|inactive|200 routes has 30 seconds left.\n|inactive|200 routes has 20 seconds left.\n|inactive|200 routes has 15 seconds left.\n|\n|t:|1681835565\n|move|p1a: Iron Bundle|Hydro Pump|p2b: Volcarona\n|-supereffective|p2b: Volcarona\n|-damage|p2b: Volcarona|11\/100\n|move|p2b: Volcarona|Tailwind|p2b: Volcarona\n|-sidestart|p2: Tier3IonoSub|move: Tailwind\n|move|p2a: Gholdengo|Make It Rain|p1a: Iron Bundle|[spread] p1a,p1b\n|-supereffective|p1b: Baxcalibur\n|-damage|p1a: Iron Bundle|36\/100\n|-damage|p1b: Baxcalibur|17\/100\n|-unboost|p2a: Gholdengo|spa|1\n|move|p1b: Baxcalibur|Glaive Rush|p2b: Volcarona\n|-damage|p2b: Volcarona|0 fnt\n|-singlemove|p1b: Baxcalibur|Glaive Rush|[silent]\n|faint|p2b: Volcarona\n|\n|upkeep\n|\n|t:|1681835576\n|switch|p2b: Flutter Mane|Flutter Mane, L50|100\/100\n|-enditem|p2b: Flutter Mane|Booster Energy\n|-activate|p2b: Flutter Mane|ability: Protosynthesis|[fromitem]\n|-start|p2b: Flutter Mane|protosynthesisspa\n|turn|2\n|inactive|200 routes has 30 seconds left.\n|\n|t:|1681835607\n|move|p1a: Iron Bundle|Protect|p1a: Iron Bundle\n|-singleturn|p1a: Iron Bundle|Protect\n|move|p1b: Baxcalibur|Ice Shard|p2b: Flutter Mane\n|-damage|p2b: Flutter Mane|61\/100\n|move|p2b: Flutter Mane|Dazzling Gleam|p1b: Baxcalibur|[spread] p1b\n|-activate|p1a: Iron Bundle|move: Protect\n|-supereffective|p1b: Baxcalibur\n|-damage|p1b: Baxcalibur|0 fnt\n|faint|p1b: Baxcalibur\n|move|p2a: Gholdengo|Nasty Plot|p2a: Gholdengo\n|-boost|p2a: Gholdengo|spa|2\n|\n|upkeep\n|\n|t:|1681835618\n|switch|p1b: Flutter Mane|Flutter Mane, L50|100\/100\n|turn|3\n|inactive|200 routes has 30 seconds left.\n|\n|t:|1681835645\n|-terastallize|p1b: Flutter Mane|Water\n|move|p2b: Flutter Mane|Dazzling Gleam|p1b: Flutter Mane|[spread] p1a,p1b\n|-damage|p1a: Iron Bundle|0 fnt\n|-damage|p1b: Flutter Mane|68\/100\n|faint|p1a: Iron Bundle\n|-end|p1a: Iron Bundle|Quark Drive|[silent]\n|move|p2a: Gholdengo|Shadow Ball|p1b: Flutter Mane\n|-damage|p1b: Flutter Mane|9\/100\n|-unboost|p1b: Flutter Mane|spd|1\n|move|p1b: Flutter Mane|Shadow Ball|p2a: Gholdengo\n|-supereffective|p2a: Gholdengo\n|-enditem|p2a: Gholdengo|Kasib Berry|[eat]\n|-enditem|p2a: Gholdengo|Kasib Berry|[weaken]\n|-damage|p2a: Gholdengo|38\/100\n|\n|upkeep\n|\n|t:|1681835659\n|switch|p1a: Iron Hands|Iron Hands, L50|100\/100\n|turn|4\n|\n|t:|1681835669\n|move|p2b: Flutter Mane|Dazzling Gleam|p1a: Iron Hands|[spread] p1a,p1b\n|-supereffective|p1a: Iron Hands\n|-damage|p1a: Iron Hands|68\/100\n|-damage|p1b: Flutter Mane|0 fnt\n|faint|p1b: Flutter Mane\n|-end|p1b: Flutter Mane|Protosynthesis|[silent]\n|move|p2a: Gholdengo|Shadow Ball|p1a: Iron Hands\n|-damage|p1a: Iron Hands|40\/100\n|move|p1a: Iron Hands|Heavy Slam|p2b: Flutter Mane\n|-supereffective|p2b: Flutter Mane\n|-damage|p2b: Flutter Mane|0 fnt\n|faint|p2b: Flutter Mane\n|-end|p2b: Flutter Mane|Protosynthesis|[silent]\n|\n|-sideend|p2: Tier3IonoSub|move: Tailwind\n|upkeep\n|\n|t:|1681835676\n|switch|p2b: Gyarados|Gyarados, L50, M|100\/100\n|-ability|p2b: Gyarados|Intimidate|boost\n|-unboost|p1a: Iron Hands|atk|1\n|turn|5\n|\n|t:|1681835690\n|-terastallize|p2b: Gyarados|Flying\n|move|p2a: Gholdengo|Shadow Ball|p1a: Iron Hands\n|-damage|p1a: Iron Hands|12\/100\n|move|p2b: Gyarados|Tera Blast|p1a: Iron Hands\n|-damage|p1a: Iron Hands|0 fnt\n|faint|p1a: Iron Hands\n|-end|p1a: Iron Hands|Quark Drive|[silent]\n|\n|win|Tier3IonoSub\n|raw|200 routes's rating: 1298 → 1279<\/strong> (-19 for losing)\n|raw|Tier3IonoSub's rating: 1390 → 1405<\/strong> (+15 for winning)\n|l|\u2606Tier3IonoSub\n","uploadtime":1681835700,"views":14,"p1id":"200routes","p2id":"tier3ionosub","formatid":"gen9vgc2023regulationc","rating":1279,"private":0,"password":""}