{"id":"gen9vgc2023regulationc-1847428300","p1":"XZacLee","p2":"IshzarkVGC","format":"[Gen 9] VGC 2023 Regulation C","log":"|j|\u2606XZacLee\n|j|\u2606IshzarkVGC\n|t:|1681953940\n|gametype|doubles\n|player|p1|XZacLee|170|1531\n|player|p2|IshzarkVGC|n|1514\n|teamsize|p1|6\n|teamsize|p2|6\n|gen|9\n|tier|[Gen 9] VGC 2023 Regulation C\n|rated|\n|rule|Species Clause: Limit one of each Pok\u00e9mon\n|rule|Item Clause: Limit one of each item\n|clearpoke\n|poke|p1|Dondozo, L50, M|\n|poke|p1|Tatsugiri, L50, F|\n|poke|p1|Glimmora, L50, M|\n|poke|p1|Great Tusk, L50|\n|poke|p1|Iron Bundle, L50|\n|poke|p1|Chi-Yu, L50|\n|poke|p2|Talonflame, L50, F|\n|poke|p2|Great Tusk, L50|\n|poke|p2|Chi-Yu, L50|\n|poke|p2|Flutter Mane, L50|\n|poke|p2|Iron Bundle, L50|\n|poke|p2|Amoonguss, L50, F|\n|teampreview|4\n|inactive|Battle timer is ON: inactive players will automatically lose when time's up. (requested by IshzarkVGC)\nXZacLee has agreed to open team sheets.\n|\n|t:|1681953963\n|start\n|switch|p1a: Iron Bundle|Iron Bundle, L50|100\/100\n|switch|p1b: Chi-Yu|Chi-Yu, L50|100\/100\n|switch|p2a: Talonflame|Talonflame, L50, F|100\/100\n|switch|p2b: Flutter Mane|Flutter Mane, L50|100\/100\n|-ability|p1b: Chi-Yu|Beads of Ruin\n|-enditem|p1a: Iron Bundle|Booster Energy\n|-activate|p1a: Iron Bundle|ability: Quark Drive|[fromitem]\n|-start|p1a: Iron Bundle|quarkdrivespe\n|turn|1\n|inactive|XZacLee has 30 seconds left.\n|\n|t:|1681953989\n|move|p1a: Iron Bundle|Protect|p1a: Iron Bundle\n|-singleturn|p1a: Iron Bundle|Protect\n|move|p2a: Talonflame|Tailwind|p2a: Talonflame\n|-sidestart|p2: IshzarkVGC|move: Tailwind\n|move|p2b: Flutter Mane|Moonblast|p1a: Iron Bundle\n|-activate|p1a: Iron Bundle|move: Protect\n|move|p1b: Chi-Yu|Dark Pulse|p2b: Flutter Mane\n|-damage|p2b: Flutter Mane|23\/100\n|-damage|p1b: Chi-Yu|91\/100|[from] item: Life Orb\n|\n|upkeep\n|turn|2\n|j| notavgcplayertho\n|\n|t:|1681954003\n|move|p2a: Talonflame|Brave Bird|p1b: Chi-Yu\n|-damage|p1b: Chi-Yu|26\/100\n|-damage|p2a: Talonflame|84\/100|[from] Recoil\n|move|p2b: Flutter Mane|Moonblast|p1a: Iron Bundle\n|-damage|p1a: Iron Bundle|0 fnt\n|faint|p1a: Iron Bundle\n|-end|p1a: Iron Bundle|Quark Drive|[silent]\n|move|p1b: Chi-Yu|Heat Wave|p2b: Flutter Mane|[spread] p2a\n|-miss|p1b: Chi-Yu|p2b: Flutter Mane\n|-resisted|p2a: Talonflame\n|-damage|p2a: Talonflame|39\/100\n|-damage|p1b: Chi-Yu|17\/100|[from] item: Life Orb\n|\n|upkeep\n|\n|t:|1681954016\n|switch|p1a: Dondozo|Dondozo, L50, M|100\/100\n|turn|3\n|inactive|IshzarkVGC has 30 seconds left.\n|\n|t:|1681954041\n|switch|p1b: Tatsugiri|Tatsugiri, L50, F|100\/100\n|-activate|p1b: Tatsugiri|ability: Commander|[of] p1a: Dondozo\n|-boost|p1a: Dondozo|atk|2\n|-boost|p1a: Dondozo|spa|2\n|-boost|p1a: Dondozo|spe|2\n|-boost|p1a: Dondozo|def|2\n|-boost|p1a: Dondozo|spd|2\n|move|p2a: Talonflame|Sunny Day|p2a: Talonflame\n|-weather|SunnyDay\n|-activate|p2b: Flutter Mane|ability: Protosynthesis\n|-start|p2b: Flutter Mane|protosynthesisspa\n|move|p2b: Flutter Mane|Moonblast|p1a: Dondozo\n|-damage|p1a: Dondozo|41\/100\n|move|p1a: Dondozo|Earthquake|p2a: Talonflame|[spread] p2b\n|-miss|p1a: Dondozo|p1b: Tatsugiri\n|-immune|p2a: Talonflame\n|-damage|p2b: Flutter Mane|0 fnt\n|faint|p2b: Flutter Mane\n|-end|p2b: Flutter Mane|Protosynthesis|[silent]\n|\n|-weather|SunnyDay|[upkeep]\n|-heal|p1a: Dondozo|47\/100|[from] item: Leftovers\n|upkeep\n|\n|t:|1681954055\n|switch|p2b: Iron Bundle|Iron Bundle, L50|100\/100\n|-enditem|p2b: Iron Bundle|Booster Energy\n|-activate|p2b: Iron Bundle|ability: Quark Drive|[fromitem]\n|-start|p2b: Iron Bundle|quarkdrivespe\n|turn|4\n|\n|t:|1681954072\n|-terastallize|p2b: Iron Bundle|Ice\n|move|p1a: Dondozo|Protect|p1a: Dondozo\n|-singleturn|p1a: Dondozo|Protect\n|move|p2b: Iron Bundle|Freeze-Dry|p1a: Dondozo\n|-activate|p1a: Dondozo|move: Protect\n|move|p2a: Talonflame|Brave Bird|p1a: Dondozo\n|-activate|p1a: Dondozo|move: Protect\n|\n|-weather|SunnyDay|[upkeep]\n|-heal|p1a: Dondozo|53\/100|[from] item: Leftovers\n|-sideend|p2: IshzarkVGC|move: Tailwind\n|upkeep\n|turn|5\n|\n|t:|1681954093\n|move|p2b: Iron Bundle|Freeze-Dry|p1a: Dondozo\n|-supereffective|p1a: Dondozo\n|-damage|p1a: Dondozo|0 fnt\n|faint|p1a: Dondozo\n|move|p2a: Talonflame|Brave Bird|p1b: Tatsugiri\n|-damage|p1b: Tatsugiri|17\/100\n|-damage|p2a: Talonflame|15\/100|[from] Recoil\n|\n|-weather|SunnyDay|[upkeep]\n|upkeep\n|j| cb-sooner\n|-message|XZacLee forfeited.\n|\n|win|IshzarkVGC\n|raw|XZacLee's rating: 1531 → 1510<\/strong> (-21 for losing)\n|raw|IshzarkVGC's rating: 1514 → 1535<\/strong> (+21 for winning)\n|l|\u2606XZacLee\n|l|\u2606IshzarkVGC\n","uploadtime":1681954135,"views":16,"p1id":"xzaclee","p2id":"ishzarkvgc","formatid":"gen9vgc2023regulationc","rating":1510,"private":0,"password":""}