{"id":"gen9vgc2023regulationc-1857277769","p1":"OneStrangeOnion","p2":"zer0ck","format":"[Gen 9] VGC 2023 Regulation C","log":"|j|\u2606OneStrangeOnion\n|j|\u2606zer0ck\n|t:|1683166884\n|gametype|doubles\n|player|p1|OneStrangeOnion|rosa|1000\n|player|p2|zer0ck|170|1002\n|teamsize|p1|6\n|teamsize|p2|6\n|gen|9\n|tier|[Gen 9] VGC 2023 Regulation C\n|rated|\n|rule|Species Clause: Limit one of each Pok\u00e9mon\n|rule|Item Clause: Limit one of each item\n|clearpoke\n|poke|p1|Sableye, L50, F|\n|poke|p1|Mimikyu, L50, F|\n|poke|p1|Gengar, L50, F|\n|poke|p1|Flutter Mane, L50|\n|poke|p1|Annihilape, L50, F|\n|poke|p1|Gholdengo, L50|\n|poke|p2|Indeedee-F, L50, F|\n|poke|p2|Blissey, L50, F|\n|poke|p2|Haxorus, L50, M|\n|poke|p2|Gengar, L50, M|\n|poke|p2|Electrode, L50|\n|poke|p2|Toxapex, L50, F|\n|teampreview|4\n|inactive|Battle timer is ON: inactive players will automatically lose when time's up. (requested by OneStrangeOnion)\n|\n|t:|1683166946\n|start\n|switch|p1a: Sableye|Sableye, L50, F|100\/100\n|switch|p1b: Flutter Mane|Flutter Mane, L50|100\/100\n|switch|p2a: Toxapex|Toxapex, L50, F|100\/100\n|switch|p2b: Gengar|Gengar, L50, M|100\/100\n|-enditem|p1b: Flutter Mane|Booster Energy\n|-activate|p1b: Flutter Mane|ability: Protosynthesis|[fromitem]\n|-start|p1b: Flutter Mane|protosynthesisspa\n|turn|1\n|inactive|OneStrangeOnion has 30 seconds left.\n|\n|t:|1683166977\n|-terastallize|p1b: Flutter Mane|Electric\n|move|p2a: Toxapex|Baneful Bunker|p2a: Toxapex\n|-singleturn|p2a: Toxapex|move: Protect\n|move|p1a: Sableye|Trick|p2b: Gengar\n|-activate|p1a: Sableye|move: Trick|[of] p2b: Gengar\n|-item|p2b: Gengar|Choice Specs|[from] move: Trick\n|-item|p1a: Sableye|Life Orb|[from] move: Trick\n|move|p2b: Gengar|Shadow Ball|p1a: Sableye\n|-damage|p1a: Sableye|2\/100\n|move|p1b: Flutter Mane|Thunderbolt|p2a: Toxapex\n|-activate|p2a: Toxapex|move: Protect\n|\n|upkeep\n|turn|2\n|inactive|OneStrangeOnion has 30 seconds left.\n|inactive|zer0ck has 30 seconds left.\n|\n|t:|1683167011\n|move|p1a: Sableye|Thunder Wave|p2a: Toxapex\n|-status|p2a: Toxapex|par\n|move|p2b: Gengar|Shadow Ball|p1b: Flutter Mane\n|-damage|p1b: Flutter Mane|38\/100\n|-unboost|p1b: Flutter Mane|spd|1\n|move|p1b: Flutter Mane|Shadow Ball|p2b: Gengar\n|-supereffective|p2b: Gengar\n|-damage|p2b: Gengar|0 fnt\n|faint|p2b: Gengar\n|move|p2a: Toxapex|Venoshock|p1a: Sableye\n|-resisted|p1a: Sableye\n|-damage|p1a: Sableye|0 fnt\n|faint|p1a: Sableye\n|\n|upkeep\n|\n|t:|1683167035\n|switch|p2b: Blissey|Blissey, L50, F|100\/100\n|switch|p1a: Gengar|Gengar, L50, F|100\/100\n|turn|3\n|inactive|zer0ck has 30 seconds left.\n|inactive|OneStrangeOnion has 30 seconds left.\n|inactive|OneStrangeOnion has 20 seconds left.\n|\n|t:|1683167077\n|move|p1a: Gengar|Toxic|p2b: Blissey\n|-status|p2b: Blissey|tox\n|move|p1b: Flutter Mane|Thunderbolt|p2a: Toxapex\n|-supereffective|p2a: Toxapex\n|-damage|p2a: Toxapex|0 fnt\n|faint|p2a: Toxapex\n|move|p2b: Blissey|Blizzard|p1a: Gengar|[spread] p1a\n|-miss|p2b: Blissey|p1b: Flutter Mane\n|-damage|p1a: Gengar|81\/100\n|\n|-damage|p2b: Blissey|94\/100 tox|[from] psn\n|upkeep\n|\n|t:|1683167088\n|switch|p2a: Haxorus|Haxorus, L50, M|100\/100\n|-ability|p2a: Haxorus|Mold Breaker\n|turn|4\n|\n|t:|1683167107\n|move|p1a: Gengar|Hex|p2a: Haxorus\n|-damage|p2a: Haxorus|52\/100\n|move|p1b: Flutter Mane|Moonblast|p2a: Haxorus\n|-supereffective|p2a: Haxorus\n|-damage|p2a: Haxorus|0 fnt\n|faint|p2a: Haxorus\n|move|p2b: Blissey|Blizzard|p1a: Gengar|[spread] p1a\n|-miss|p2b: Blissey|p1b: Flutter Mane\n|-damage|p1a: Gengar|60\/100\n|\n|-heal|p2b: Blissey|100\/100 tox|[from] item: Leftovers\n|-damage|p2b: Blissey|88\/100 tox|[from] psn\n|upkeep\n|turn|5\n|\n|t:|1683167129\n|move|p1a: Gengar|Perish Song|p1a: Gengar\n|-start|p1a: Gengar|perish3|[silent]\n|-start|p1b: Flutter Mane|perish3|[silent]\n|-start|p2b: Blissey|perish3|[silent]\n|-fieldactivate|move: Perish Song\n|move|p1b: Flutter Mane|Thunderbolt|p2b: Blissey\n|-damage|p2b: Blissey|63\/100 tox\n|move|p2b: Blissey|Blizzard|p1b: Flutter Mane|[spread] p1b\n|-miss|p2b: Blissey|p1a: Gengar\n|-damage|p1b: Flutter Mane|17\/100\n|-status|p1b: Flutter Mane|frz\n|\n|-heal|p2b: Blissey|70\/100 tox|[from] item: Leftovers\n|-damage|p2b: Blissey|51\/100 tox|[from] psn\n|-start|p1a: Gengar|perish3\n|-start|p1b: Flutter Mane|perish3\n|-start|p2b: Blissey|perish3\n|upkeep\n|turn|6\n|\n|t:|1683167153\n|switch|p1a: Gholdengo|Gholdengo, L50|100\/100\n|cant|p1b: Flutter Mane|frz\n|move|p2b: Blissey|Stomping Tantrum|p1a: Gholdengo\n|-supereffective|p1a: Gholdengo\n|-damage|p1a: Gholdengo|89\/100\n|\n|-heal|p1a: Gholdengo|96\/100|[from] item: Leftovers\n|-heal|p2b: Blissey|57\/100 tox|[from] item: Leftovers\n|-damage|p2b: Blissey|33\/100 tox|[from] psn\n|-start|p1b: Flutter Mane|perish2\n|-start|p2b: Blissey|perish2\n|upkeep\n|turn|7\n|inactive|OneStrangeOnion has 30 seconds left.\n|\n|t:|1683167180\n|cant|p1b: Flutter Mane|frz\n|move|p1a: Gholdengo|Reflect|p1a: Gholdengo\n|-sidestart|p1: OneStrangeOnion|Reflect\n|move|p2b: Blissey|Soft-Boiled|p2b: Blissey\n|-heal|p2b: Blissey|83\/100 tox\n|\n|-heal|p1a: Gholdengo|100\/100|[from] item: Leftovers\n|-heal|p2b: Blissey|89\/100 tox|[from] item: Leftovers\n|-damage|p2b: Blissey|59\/100 tox|[from] psn\n|-start|p1b: Flutter Mane|perish1\n|-start|p2b: Blissey|perish1\n|upkeep\n|turn|8\n|\n|t:|1683167199\n|cant|p1b: Flutter Mane|frz\n|move|p1a: Gholdengo|Make It Rain|p2b: Blissey\n|-damage|p2b: Blissey|33\/100 tox\n|-unboost|p1a: Gholdengo|spa|1\n|move|p2b: Blissey|Flamethrower|p1a: Gholdengo\n|-supereffective|p1a: Gholdengo\n|-damage|p1a: Gholdengo|62\/100\n|-status|p1a: Gholdengo|brn\n|\n|-heal|p1a: Gholdengo|68\/100 brn|[from] item: Leftovers\n|-heal|p2b: Blissey|39\/100 tox|[from] item: Leftovers\n|-damage|p2b: Blissey|3\/100 tox|[from] psn\n|-damage|p1a: Gholdengo|62\/100 brn|[from] brn\n|-start|p1b: Flutter Mane|perish0\n|-start|p2b: Blissey|perish0\n|faint|p1b: Flutter Mane\n|-end|p1b: Flutter Mane|Protosynthesis|[silent]\n|faint|p2b: Blissey\n|\n|win|OneStrangeOnion\n|upkeep\n|raw|OneStrangeOnion's rating: 1000 → 1040<\/strong> (+40 for winning)\n|raw|zer0ck's rating: 1002 → 1000<\/strong> (-2 for losing)\n","uploadtime":1683167222,"views":12,"p1id":"onestrangeonion","p2id":"zer0ck","formatid":"gen9vgc2023regulationc","rating":1000,"private":0,"password":""}