{"id":"gen9vgc2023regulationc-1850414172","p1":"Test4Sum","p2":"do12","format":"[Gen 9] VGC 2023 Regulation C","log":"|j|\u2606Test4Sum\n|j|\u2606do12\n|t:|1682333331\n|gametype|doubles\n|player|p1|Test4Sum|101|1215\n|player|p2|do12|266|1166\n|teamsize|p1|6\n|teamsize|p2|6\n|gen|9\n|tier|[Gen 9] VGC 2023 Regulation C\n|rated|\n|rule|Species Clause: Limit one of each Pok\u00e9mon\n|rule|Item Clause: Limit one of each item\n|clearpoke\n|poke|p1|Annihilape, L50, F|\n|poke|p1|Maushold-Four, L50|\n|poke|p1|Roaring Moon, L50|\n|poke|p1|Flutter Mane, L50|\n|poke|p1|Chi-Yu, L50|\n|poke|p1|Ting-Lu, L50|\n|poke|p2|Flutter Mane, L50|\n|poke|p2|Arcanine, L50, F|\n|poke|p2|Chien-Pao, L50|\n|poke|p2|Dragonite, L50, F|\n|poke|p2|Great Tusk, L50|\n|poke|p2|Murkrow, L50, F|\n|teampreview|4\n|\n|t:|1682333398\n|start\n|switch|p1a: Annihilape|Annihilape, L50, F|100\/100\n|switch|p1b: Flutter Mane|Flutter Mane, L50|100\/100\n|switch|p2a: Chien-Pao|Chien-Pao, L50|100\/100\n|switch|p2b: Dragonite|Dragonite, L50, F|100\/100\n|-ability|p2a: Chien-Pao|Sword of Ruin\n|turn|1\n|\n|t:|1682333424\n|-terastallize|p2b: Dragonite|Flying\n|move|p1a: Annihilape|Final Gambit|p2b: Dragonite\n|-damage|p2b: Dragonite|0 fnt\n|faint|p1a: Annihilape\n|faint|p2b: Dragonite\n|move|p2a: Chien-Pao|Icicle Crash|p1b: Flutter Mane\n|-crit|p1b: Flutter Mane\n|-enditem|p1b: Flutter Mane|Focus Sash\n|-damage|p1b: Flutter Mane|1\/100\n|move|p1b: Flutter Mane|Dazzling Gleam|p2a: Chien-Pao\n|-supereffective|p2a: Chien-Pao\n|-enditem|p2a: Chien-Pao|Focus Sash\n|-damage|p2a: Chien-Pao|1\/100\n|\n|upkeep\n|\n|t:|1682333445\n|switch|p1a: Maushold|Maushold-Four, L50|100\/100\n|switch|p2b: Murkrow|Murkrow, L50, F|100\/100\n|turn|2\n|\n|t:|1682333478\n|move|p1a: Maushold|Feint|p2a: Chien-Pao\n|-damage|p2a: Chien-Pao|0 fnt\n|faint|p2a: Chien-Pao\n|move|p2b: Murkrow|Tailwind|p2b: Murkrow\n|-sidestart|p2: do12|move: Tailwind\n|move|p1b: Flutter Mane|Dazzling Gleam|p2b: Murkrow\n|-supereffective|p2b: Murkrow\n|-damage|p2b: Murkrow|7\/100\n|\n|upkeep\n|\n|t:|1682333485\n|switch|p2a: Great Tusk|Great Tusk, L50|100\/100\n|turn|3\n|\n|t:|1682333507\n|move|p1a: Maushold|Feint|p2b: Murkrow\n|-damage|p2b: Murkrow|0 fnt\n|faint|p2b: Murkrow\n|move|p2a: Great Tusk|Earthquake|p1a: Maushold|[spread] p1a,p1b\n|-damage|p1a: Maushold|29\/100\n|-damage|p1b: Flutter Mane|0 fnt\n|faint|p1b: Flutter Mane\n|-end|p1b: Flutter Mane|Protosynthesis|[silent]\n|\n|upkeep\n|\n|t:|1682333516\n|switch|p1b: Roaring Moon|Roaring Moon, L50|100\/100\n|-enditem|p1b: Roaring Moon|Booster Energy\n|-activate|p1b: Roaring Moon|ability: Protosynthesis|[fromitem]\n|-start|p1b: Roaring Moon|protosynthesisspe\n|turn|4\n|\n|t:|1682333553\n|-terastallize|p1b: Roaring Moon|Flying\n|move|p1b: Roaring Moon|Tailwind|p1b: Roaring Moon\n|-sidestart|p1: Test4Sum|move: Tailwind\n|move|p1a: Maushold|Population Bomb|p2a: Great Tusk\n|-damage|p2a: Great Tusk|93\/100\n|-crit|p2a: Great Tusk\n|-damage|p2a: Great Tusk|83\/100\n|-damage|p2a: Great Tusk|76\/100\n|-damage|p2a: Great Tusk|69\/100\n|-damage|p2a: Great Tusk|61\/100\n|-damage|p2a: Great Tusk|54\/100\n|-damage|p2a: Great Tusk|46\/100\n|-damage|p2a: Great Tusk|40\/100\n|-damage|p2a: Great Tusk|34\/100\n|-damage|p2a: Great Tusk|26\/100\n|-hitcount|p2a: Great Tusk|10\n|move|p2a: Great Tusk|Rock Slide|p1b: Roaring Moon|[spread] p1a,p1b\n|-supereffective|p1b: Roaring Moon\n|-damage|p1a: Maushold|0 fnt\n|-damage|p1b: Roaring Moon|50\/100\n|faint|p1a: Maushold\n|\n|upkeep\n|turn|5\n|\n|t:|1682333579\n|move|p1b: Roaring Moon|Acrobatics|p2a: Great Tusk\n|-supereffective|p2a: Great Tusk\n|-damage|p2a: Great Tusk|0 fnt\n|faint|p2a: Great Tusk\n|-end|p2a: Great Tusk|Protosynthesis|[silent]\n|\n|win|Test4Sum\n|raw|Test4Sum's rating: 1215 → 1236<\/strong> (+21 for winning)\n|raw|do12's rating: 1166 → 1145<\/strong> (-21 for losing)\n|l|\u2606do12\n","uploadtime":1682333591,"views":24,"p1id":"test4sum","p2id":"do12","formatid":"gen9vgc2023regulationc","rating":1145,"private":0,"password":""}