{"id":"gen9vgc2023regulationc-1853117395","p1":"yaboyredmond","p2":"VivillonHunter","format":"[Gen 9] VGC 2023 Regulation C","log":"|j|\u2606yaboyredmond\n|j|\u2606VivillonHunter\n|t:|1682637249\n|gametype|doubles\n|player|p1|yaboyredmond|2|\n|player|p2|VivillonHunter|2|\n|teamsize|p1|6\n|teamsize|p2|6\n|gen|9\n|tier|[Gen 9] VGC 2023 Regulation C\n|rule|Species Clause: Limit one of each Pok\u00e9mon\n|rule|Item Clause: Limit one of each item\n|clearpoke\n|poke|p1|Bronzor, L50|\n|poke|p1|Haunter, L50, F|\n|poke|p1|Morgrem, L50, M|\n|poke|p1|Mudbray, L50, M|\n|poke|p1|Numel, L50, F|\n|poke|p1|Sneasel, L50, F|\n|poke|p2|Quaxwell, L50, M|\n|poke|p2|Sneasel, L50, F|\n|poke|p2|Haunter, L50, M|\n|poke|p2|Pawmo, L50, M|\n|poke|p2|Foongus, L50, M|\n|poke|p2|Murkrow, L50, F|\n|teampreview|4\n|c|\u2606VivillonHunter|gl\nVivillonHunter rejected open team sheets.\n|c|\u2606VivillonHunter|can you send the link?\n|c|\u2606yaboyredmond|done\n|c|\u2606yaboyredmond|glhf\n|c|\u2606VivillonHunter|you too\n|\n|t:|1682637338\n|start\n|switch|p1a: Sneasel|Sneasel, L50, F|100\/100\n|switch|p1b: Haunter|Haunter, L50, F|100\/100\n|switch|p2a: The Final Option|Quaxwell, L50, M|100\/100\n|switch|p2b: Zoomies|Sneasel, L50, F|100\/100\n|turn|1\n|j| SATMaofever\n|\n|t:|1682637368\n|-terastallize|p2a: The Final Option|Normal\n|-terastallize|p1b: Haunter|Fairy\n|move|p2b: Zoomies|Thief|p1b: Haunter\n|-resisted|p1b: Haunter\n|-damage|p1b: Haunter|67\/100\n|move|p1a: Sneasel|Icy Wind|p2b: Zoomies|[spread] p2a,p2b\n|-resisted|p2b: Zoomies\n|-damage|p2a: The Final Option|91\/100\n|-damage|p2b: Zoomies|96\/100\n|-unboost|p2a: The Final Option|spe|1\n|-unboost|p2b: Zoomies|spe|1\n|move|p1b: Haunter|Dazzling Gleam|p2b: Zoomies|[spread] p2a,p2b\n|-supereffective|p2b: Zoomies\n|-damage|p2a: The Final Option|40\/100\n|-damage|p2b: Zoomies|3\/100\n|move|p2a: The Final Option|Last Resort||[still]\n|-fail|p2a: The Final Option\n|\n|upkeep\n|turn|2\n|c|\u2606VivillonHunter|wat\n|c|\u2606VivillonHunter|whyd it fail\n|c|\u2606VivillonHunter|does it not work if you only have one move!!???\n|c|\u2606yaboyredmond|I swear someone else made that mistake last regular season\n|c|\u2606VivillonHunter|...\n|c| SATMaofever|Yes\n|\n|t:|1682637452\n|move|p1a: Sneasel|Icy Wind|p2a: The Final Option|[spread] p2a,p2b\n|-resisted|p2b: Zoomies\n|-damage|p2a: The Final Option|30\/100\n|-damage|p2b: Zoomies|0 fnt\n|-unboost|p2a: The Final Option|spe|1\n|faint|p2b: Zoomies\n|move|p1b: Haunter|Dazzling Gleam|p2a: The Final Option\n|-damage|p2a: The Final Option|0 fnt\n|faint|p2a: The Final Option\n|\n|upkeep\n|c|\u2606VivillonHunter|oof\n|\n|t:|1682637462\n|switch|p2b: Spoops|Haunter, L50, M|100\/100\n|switch|p2a: Buddy|Pawmo, L50, M|100\/100\n|turn|3\n|\n|t:|1682637478\n|move|p1b: Haunter|Protect|p1b: Haunter\n|-singleturn|p1b: Haunter|Protect\n|move|p2a: Buddy|Mach Punch|p1a: Sneasel\n|-supereffective|p1a: Sneasel\n|-damage|p1a: Sneasel|0 fnt\n|faint|p1a: Sneasel\n|move|p2b: Spoops|Shadow Ball|p1b: Haunter\n|-activate|p1b: Haunter|move: Protect\n|\n|upkeep\n|\n|t:|1682637498\n|switch|p1a: Morgrem|Morgrem, L50, M|100\/100\n|turn|4\n|\n|t:|1682637520\n|move|p1a: Morgrem|Fake Out|p2a: Buddy\n|-damage|p2a: Buddy|86\/100\n|-damage|p1a: Morgrem|84\/100|[from] item: Rocky Helmet|[of] p2a: Buddy\n|cant|p2a: Buddy|flinch\n|move|p1b: Haunter|Dazzling Gleam|p2b: Spoops|[spread] p2a,p2b\n|-supereffective|p2a: Buddy\n|-resisted|p2b: Spoops\n|-damage|p2a: Buddy|0 fnt\n|-damage|p2b: Spoops|67\/100\n|faint|p2a: Buddy\n|move|p2b: Spoops|Shadow Ball|p1b: Haunter\n|-damage|p1b: Haunter|0 fnt\n|faint|p1b: Haunter\n|-damage|p2b: Spoops|57\/100|[from] item: Life Orb\n|\n|upkeep\n|c|\u2606VivillonHunter|pain speed ties\n|\n|t:|1682637553\n|switch|p1b: Mudbray|Mudbray, L50, M|100\/100\n|turn|5\n|c|\u2606VivillonHunter|haven't won a single one\n|\n|t:|1682637568\n|move|p1a: Morgrem|Parting Shot|p2b: Spoops\n|-unboost|p2b: Spoops|atk|1\n|-unboost|p2b: Spoops|spa|1\n|move|p2b: Spoops|Dazzling Gleam|p1b: Mudbray|[spread] p1a,p1b\n|-supereffective|p1a: Morgrem\n|-damage|p1a: Morgrem|53\/100\n|-damage|p1b: Mudbray|81\/100\n|-damage|p2b: Spoops|47\/100|[from] item: Life Orb\n|move|p1b: Mudbray|Iron Head|p2b: Spoops\n|-damage|p2b: Spoops|0 fnt\n|faint|p2b: Spoops\n|\n|win|yaboyredmond\n|c|\u2606VivillonHunter|gg\n|c|\u2606yaboyredmond|gg\n|l|\u2606yaboyredmond\n|l|\u2606VivillonHunter\n|l| SATMaofever\n|j|\u2606yaboyredmond\n|player|p1|yaboyredmond|2\n","uploadtime":1682637585,"views":13,"p1id":"yaboyredmond","p2id":"vivillonhunter","formatid":"gen9vgc2023regulationc","rating":0,"private":0,"password":""}