{"id":"gen9vgc2023regulationc-1849674581","p1":"trex0928","p2":"Playingonmelaptop","format":"[Gen 9] VGC 2023 Regulation C","log":"|j|\u2606trex0928\n|j|\u2606Playingonmelaptop\n|t:|1682229992\n|gametype|doubles\n|player|p1|trex0928|2|\n|player|p2|Playingonmelaptop|pokemaniac|\n|teamsize|p1|6\n|teamsize|p2|6\n|gen|9\n|tier|[Gen 9] VGC 2023 Regulation C\n|rated|Tournament battle\n|rule|Species Clause: Limit one of each Pok\u00e9mon\n|rule|Item Clause: Limit one of each item\n|clearpoke\n|poke|p1|Great Tusk, L50|\n|poke|p1|Talonflame, L50, F|\n|poke|p1|Chi-Yu, L50|\n|poke|p1|Kingambit, L50, F|\n|poke|p1|Flutter Mane, L50|\n|poke|p1|Gyarados, L50, F|\n|poke|p2|Palafin, L50, M|\n|poke|p2|Chien-Pao, L50|\n|poke|p2|Baxcalibur, L50, M|\n|poke|p2|Flutter Mane, L50|\n|poke|p2|Amoonguss, L50, F|\n|poke|p2|Gyarados, L50, F|\n|teampreview|4\n|raw| Open Team Sheet for trex0928<\/summary>Great Tusk @ Choice Scarf Ability: Protosynthesis Level: 50 Hidden Power: Fighting Tera Type: Steel - Headlong Rush - Earthquake - Close Combat - Rock Slide Talonflame @ Covert Cloak Ability: Gale Wings Level: 50 Tera Type: Flying - Brave Bird - Flare Blitz - Will-O-Wisp - Tailwind Chi-Yu @ Focus Sash Ability: Beads of Ruin Level: 50 Tera Type: Ghost - Heat Wave - Dark Pulse - Overheat - Protect Kingambit @ Assault Vest Ability: Defiant Level: 50 Tera Type: Flying - Kowtow Cleave - Sucker Punch - Tera Blast - Iron Head Flutter Mane @ Choice Specs Ability: Protosynthesis Level: 50 Tera Type: Fairy - Dazzling Gleam - Shadow Ball - Moonblast - Thunderbolt Gyarados @ Sitrus Berry Ability: Intimidate Level: 50 Tera Type: Grass - Waterfall - Thunder Wave - Taunt - Protect <\/details><\/div> Open Team Sheet for Playingonmelaptop<\/summary>Homelander (Palafin) @ Mystic Water Ability: Zero to Hero Level: 50 Tera Type: Water - Jet Punch - Wave Crash - Haze - Protect Leg snake (Chien-Pao) @ Focus Sash Ability: Sword of Ruin Level: 50 Tera Type: Dark - Sacred Sword - Sucker Punch - Ice Spinner - Protect BURN HER! (Baxcalibur) @ Life Orb Ability: Thermal Exchange Level: 50 Tera Type: Fire - Glaive Rush - Protect - Tera Blast - Ice Shard Copy-Paste (Flutter Mane) @ Choice Specs Ability: Protosynthesis Level: 50 Tera Type: Fairy - Moonblast - Shadow Ball - Thunderbolt - Dazzling Gleam Waiter (Amoonguss) @ Sitrus Berry Ability: Regenerator Level: 50 Tera Type: Water - Pollen Puff - Rage Powder - Spore - Leaf Storm Offensive Threat (Gyarados) @ Figy Berry Ability: Intimidate Level: 50 Tera Type: Grass - Waterfall - Thunder Wave - Helping Hand - Taunt <\/details><\/div>\n|inactive|Battle timer is ON: inactive players will automatically lose when time's up. (requested by trex0928)\n|c|\u2606Playingonmelaptop|cool team\n|j| captainquinn1\n|c|\u2606trex0928|glhf\n|inactive|trex0928 has 60 seconds left.\n|inactive|Playingonmelaptop has 60 seconds left.\n|inactive|trex0928 has 30 seconds left.\n|inactive|trex0928 has 20 seconds left.\n|inactive|trex0928 has 15 seconds left.\n|\n|t:|1682230071\n|start\n|switch|p1a: Gyarados|Gyarados, L50, F|100\/100\n|switch|p1b: Great Tusk|Great Tusk, L50|100\/100\n|switch|p2a: Homelander|Palafin, L50, M|100\/100\n|switch|p2b: Offensive Threat|Gyarados, L50, F|100\/100\n|-ability|p1a: Gyarados|Intimidate|boost\n|-unboost|p2a: Homelander|atk|1\n|-unboost|p2b: Offensive Threat|atk|1\n|-ability|p2b: Offensive Threat|Intimidate|boost\n|-unboost|p1a: Gyarados|atk|1\n|-unboost|p1b: Great Tusk|atk|1\n|turn|1\n|\n|t:|1682230092\n|detailschange|p2a: Homelander|Palafin-Hero, L50, M\n|switch|p2a: BURN HER!|Baxcalibur, L50, M|100\/100\n|-terastallize|p1b: Great Tusk|Steel\n|move|p1b: Great Tusk|Rock Slide|p2a: BURN HER!|[spread] p2a,p2b\n|-supereffective|p2a: BURN HER!\n|-supereffective|p2b: Offensive Threat\n|-damage|p2a: BURN HER!|77\/100\n|-damage|p2b: Offensive Threat|67\/100\n|move|p1a: Gyarados|Thunder Wave|p2a: BURN HER!\n|-status|p2a: BURN HER!|par\n|move|p2b: Offensive Threat|Waterfall|p1b: Great Tusk\n|-damage|p1b: Great Tusk|80\/100\n|\n|upkeep\n|turn|2\n|j| Wottl3y\n|inactive|trex0928 has 30 seconds left.\n|\n|t:|1682230119\n|-end|p1b: Great Tusk|Protosynthesis|[silent]\n|switch|p1b: Chi-Yu|Chi-Yu, L50|100\/100\n|-ability|p1b: Chi-Yu|Beads of Ruin\n|move|p2a: BURN HER!|Protect|p2a: BURN HER!\n|-singleturn|p2a: BURN HER!|Protect\n|move|p1a: Gyarados|Taunt|p2b: Offensive Threat\n|-start|p2b: Offensive Threat|move: Taunt\n|cant|p2b: Offensive Threat|move: Taunt|Thunder Wave\n|\n|upkeep\n|turn|3\n|j| Bdogplatinum\n|inactive|trex0928 has 30 seconds left.\n|inactive|trex0928 has 20 seconds left.\n|\n|t:|1682230156\n|move|p1b: Chi-Yu|Dark Pulse|p2b: Offensive Threat\n|-damage|p2b: Offensive Threat|26\/100\n|move|p1a: Gyarados|Thunder Wave|p2b: Offensive Threat\n|-status|p2b: Offensive Threat|par\n|move|p2a: BURN HER!|Glaive Rush|p1a: Gyarados\n|-damage|p1a: Gyarados|0 fnt\n|-singlemove|p2a: BURN HER!|Glaive Rush|[silent]\n|faint|p1a: Gyarados\n|-damage|p2a: BURN HER!|67\/100 par|[from] item: Life Orb\n|move|p2b: Offensive Threat|Waterfall|p1b: Chi-Yu\n|-supereffective|p1b: Chi-Yu\n|-damage|p1b: Chi-Yu|8\/100\n|\n|upkeep\n|\n|t:|1682230178\n|switch|p1a: Great Tusk|Great Tusk, L50, tera:Steel|80\/100\n|turn|4\n|\n|t:|1682230190\n|switch|p2b: Homelander|Palafin-Hero, L50, M|100\/100\n|-activate|p2b: Homelander|ability: Zero to Hero\n|move|p1b: Chi-Yu|Protect|p1b: Chi-Yu\n|-singleturn|p1b: Chi-Yu|Protect\n|cant|p2a: BURN HER!|par\n|move|p1a: Great Tusk|Rock Slide|p2b: Homelander|[spread] p2a\n|-miss|p1a: Great Tusk|p2b: Homelander\n|-supereffective|p2a: BURN HER!\n|-damage|p2a: BURN HER!|27\/100 par\n|\n|upkeep\n|turn|5\n|\n|t:|1682230212\n|switch|p1b: Talonflame|Talonflame, L50, F|100\/100\n|move|p2a: BURN HER!|Ice Shard|p1b: Talonflame\n|-damage|p1b: Talonflame|50\/100\n|-damage|p2a: BURN HER!|17\/100 par|[from] item: Life Orb\n|move|p1a: Great Tusk|Rock Slide|p2a: BURN HER!|[spread] p2a\n|-miss|p1a: Great Tusk|p2b: Homelander\n|-supereffective|p2a: BURN HER!\n|-damage|p2a: BURN HER!|0 fnt\n|faint|p2a: BURN HER!\n|move|p2b: Homelander|Wave Crash|p1a: Great Tusk\n|-damage|p1a: Great Tusk|4\/100\n|-damage|p2b: Homelander|77\/100|[from] Recoil\n|\n|upkeep\n|\n|t:|1682230225\n|switch|p2a: Offensive Threat|Gyarados, L50, F|26\/100 par\n|-ability|p2a: Offensive Threat|Intimidate|boost\n|-unboost|p1a: Great Tusk|atk|1\n|-unboost|p1b: Talonflame|atk|1\n|turn|6\n|\n|t:|1682230238\n|move|p2b: Homelander|Protect|p2b: Homelander\n|-singleturn|p2b: Homelander|Protect\n|move|p1a: Great Tusk|Rock Slide|p2a: Offensive Threat|[spread] p2a\n|-activate|p2b: Homelander|move: Protect\n|-supereffective|p2a: Offensive Threat\n|-damage|p2a: Offensive Threat|0 fnt\n|faint|p2a: Offensive Threat\n|move|p1b: Talonflame|Brave Bird|p2b: Homelander\n|-activate|p2b: Homelander|move: Protect\n|\n|upkeep\n|j| Torpi1\n|\n|t:|1682230245\n|switch|p2a: Leg snake|Chien-Pao, L50|100\/100\n|-ability|p2a: Leg snake|Sword of Ruin\n|turn|7\n|\n|t:|1682230251\n|-terastallize|p2b: Homelander|Water\n|move|p2a: Leg snake|Sucker Punch|p1a: Great Tusk\n|-damage|p1a: Great Tusk|0 fnt\n|faint|p1a: Great Tusk\n|-end|p1a: Great Tusk|Protosynthesis|[silent]\n|move|p2b: Homelander|Jet Punch|p1b: Talonflame\n|-supereffective|p1b: Talonflame\n|-damage|p1b: Talonflame|0 fnt\n|faint|p1b: Talonflame\n|\n|upkeep\n|c|\u2606trex0928|gg\n|c|\u2606Playingonmelaptop|gg\n|l| Bdogplatinum\n|-message|trex0928 forfeited.\n|\n|win|Playingonmelaptop\n|n|\u2606trex0928|trex0928\n|n|\u2606Playingonmelaptop|playingonmelaptop\n|n| captainquinn1|captainquinn1\n|n| Wottl3y|wottl3y\n|n| Torpi1|torpi1\n","uploadtime":1682230262,"views":17,"p1id":"trex0928","p2id":"playingonmelaptop","formatid":"gen9vgc2023regulationc","rating":0,"private":0,"password":""}