{"id":"gen9vgc2023regulationc-1850085960","p1":"KrisKiwii","p2":"Sandy_Simis","format":"[Gen 9] VGC 2023 Regulation C","log":"|j|\u2606KrisKiwii\n|j|\u2606Sandy_Simis\n|t:|1682285633\n|gametype|doubles\n|player|p1|KrisKiwii|doubleteam|\n|player|p2|Sandy_Simis|266|\n|teamsize|p1|6\n|teamsize|p2|6\n|gen|9\n|tier|[Gen 9] VGC 2023 Regulation C\n|rule|Species Clause: Limit one of each Pok\u00e9mon\n|rule|Item Clause: Limit one of each item\n|clearpoke\n|poke|p1|Indeedee-F, L50, F|\n|poke|p1|Armarouge, L50, M|\n|poke|p1|Torkoal, L50, M|\n|poke|p1|Hatterene, L50, F|\n|poke|p1|Kingambit, L50, M|\n|poke|p1|Annihilape, L50, M|\n|poke|p2|Chien-Pao, L50|\n|poke|p2|Palafin, L50, M|\n|poke|p2|Amoonguss, L50, M|\n|poke|p2|Roaring Moon, L50|\n|poke|p2|Chi-Yu, L50|\n|poke|p2|Flutter Mane, L50|\n|teampreview|4\n|c|\u2606Sandy_Simis|G1\n|c|\u2606Sandy_Simis|Ok just chal me 2 more times and we can start\n|c|\u2606Sandy_Simis|Ok lemme send the paste\n|j| HylianMedia\n|c|\u2606Sandy_Simis|Glhf g1\n|c|\u2606KrisKiwii|you too :D\n|j| boordio\n|\n|t:|1682285954\n|start\n|switch|p1a: Hatterene|Hatterene, L50, F|100\/100\n|switch|p1b: Annihilape|Annihilape, L50, M|100\/100\n|switch|p2a: Roaring Croissant|Roaring Moon, L50|100\/100\n|switch|p2b: Diego|Chien-Pao, L50|100\/100\n|-ability|p2b: Diego|Sword of Ruin\n|-enditem|p2a: Roaring Croissant|Booster Energy\n|-activate|p2a: Roaring Croissant|ability: Protosynthesis|[fromitem]\n|-start|p2a: Roaring Croissant|protosynthesisspe\n|turn|1\n|\n|t:|1682285991\n|-terastallize|p2a: Roaring Croissant|Flying\n|-terastallize|p1b: Annihilape|Grass\n|move|p2a: Roaring Croissant|Acrobatics|p1b: Annihilape\n|-supereffective|p1b: Annihilape\n|-crit|p1b: Annihilape\n|-damage|p1b: Annihilape|0 fnt\n|faint|p1b: Annihilape\n|move|p2b: Diego|Throat Chop|p1a: Hatterene\n|-damage|p1a: Hatterene|43\/100\n|-start|p1a: Hatterene|Throat Chop|[silent]\n|move|p1a: Hatterene|Trick Room|p1a: Hatterene\n|-fieldstart|move: Trick Room|[of] p1a: Hatterene\n|\n|upkeep\n|\n|t:|1682286011\n|switch|p1b: Indeedee|Indeedee-F, L50, F|100\/100\n|-fieldstart|move: Psychic Terrain|[from] ability: Psychic Surge|[of] p1b: Indeedee\n|-enditem|p1b: Indeedee|Psychic Seed\n|-boost|p1b: Indeedee|spd|1|[from] item: Psychic Seed\n|turn|2\n|\n|t:|1682286052\n|move|p1a: Hatterene|Dazzling Gleam|p2a: Roaring Croissant|[spread] p2a,p2b\n|-supereffective|p2b: Diego\n|-damage|p2a: Roaring Croissant|57\/100\n|-enditem|p2b: Diego|Focus Sash\n|-damage|p2b: Diego|1\/100\n|-damage|p1a: Hatterene|34\/100|[from] item: Life Orb\n|move|p1b: Indeedee|Dazzling Gleam|p2a: Roaring Croissant|[spread] p2a,p2b\n|-supereffective|p2b: Diego\n|-damage|p2a: Roaring Croissant|45\/100\n|-damage|p2b: Diego|0 fnt\n|faint|p2b: Diego\n|move|p2a: Roaring Croissant|Acrobatics|p1a: Hatterene\n|-damage|p1a: Hatterene|0 fnt\n|faint|p1a: Hatterene\n|\n|upkeep\n|\n|t:|1682286066\n|switch|p1a: Armarouge|Armarouge, L50, M|100\/100\n|switch|p2b: The Weave|Flutter Mane, L50|100\/100\n|turn|3\n|\n|t:|1682286106\n|move|p1b: Indeedee|Helping Hand|p1a: Armarouge\n|-singleturn|p1a: Armarouge|Helping Hand|[of] p1b: Indeedee\n|move|p2a: Roaring Croissant|Protect|p2a: Roaring Croissant\n|-singleturn|p2a: Roaring Croissant|Protect\n|move|p1a: Armarouge|Expanding Force|p2a: Roaring Croissant|[spread] p2b\n|-activate|p2a: Roaring Croissant|move: Protect\n|-damage|p2b: The Weave|33\/100\n|move|p2b: The Weave|Moonblast|p1b: Indeedee\n|-damage|p1b: Indeedee|65\/100\n|\n|upkeep\n|turn|4\n|\n|t:|1682286134\n|move|p1a: Armarouge|Expanding Force|p2a: Roaring Croissant|[spread] p2a,p2b\n|-crit|p2a: Roaring Croissant\n|-damage|p2a: Roaring Croissant|0 fnt\n|-damage|p2b: The Weave|0 fnt\n|faint|p2a: Roaring Croissant\n|-end|p2a: Roaring Croissant|Protosynthesis|[silent]\n|faint|p2b: The Weave\n|-end|p2b: The Weave|Protosynthesis|[silent]\n|move|p1b: Indeedee|Dazzling Gleam|p2: Roaring Croissant|[notarget]\n|-fail|p1b: Indeedee\n|\n|upkeep\n|\n|t:|1682286137\n|switch|p2b: Azure Hero|Palafin, L50, M|100\/100\n|turn|5\n|\n|t:|1682286150\n|move|p2b: Azure Hero|Protect|p2b: Azure Hero\n|-singleturn|p2b: Azure Hero|Protect\n|move|p1a: Armarouge|Trick Room|p1a: Armarouge\n|-fieldend|move: Trick Room\n|move|p1b: Indeedee|Trick Room|p1b: Indeedee\n|-fieldstart|move: Trick Room|[of] p1b: Indeedee\n|\n|upkeep\n|turn|6\n|\n|t:|1682286164\n|move|p1a: Armarouge|Expanding Force|p2b: Azure Hero\n|-damage|p2b: Azure Hero|0 fnt\n|faint|p2b: Azure Hero\n|\n|win|KrisKiwii\n|c|\u2606Sandy_Simis|Ggs\n|c|\u2606KrisKiwii|ggs gr\n","uploadtime":1682286249,"views":3,"p1id":"kriskiwii","p2id":"sandysimis","formatid":"gen9vgc2023regulationc","rating":0,"private":0,"password":""}