{"id":"gen9vgc2023regulationc-1856550368","p1":"ButtBuster","p2":"marioman6444","format":"[Gen 9] VGC 2023 Regulation C","log":"|j|\u2606ButtBuster\n|j|\u2606marioman6444\n|t:|1683074642\n|gametype|doubles\n|player|p1|ButtBuster|2|1134\n|player|p2|marioman6444|hoopster|1234\n|teamsize|p1|6\n|teamsize|p2|6\n|gen|9\n|tier|[Gen 9] VGC 2023 Regulation C\n|rated|\n|rule|Species Clause: Limit one of each Pok\u00e9mon\n|rule|Item Clause: Limit one of each item\n|clearpoke\n|poke|p1|Barraskewda, L50, F|\n|poke|p1|Pelipper, L50, M|\n|poke|p1|Baxcalibur, L50, M|\n|poke|p1|Chi-Yu, L50|\n|poke|p1|Torkoal, L50, F|\n|poke|p1|Dachsbun, L50, M|\n|poke|p2|Tsareena, L50, F|\n|poke|p2|Sableye, L50, M|\n|poke|p2|Gholdengo, L50|\n|poke|p2|Maushold, L50|\n|poke|p2|Roaring Moon, L50|\n|poke|p2|Ting-Lu, L50|\n|teampreview|4\n|inactive|Battle timer is ON: inactive players will automatically lose when time's up. (requested by marioman6444)\n|inactive|ButtBuster also wants the timer to be on.\n|inactive|ButtBuster has 60 seconds left.\n|inactive|marioman6444 has 60 seconds left.\n|\n|t:|1683074685\n|start\n|switch|p1a: Barraskewda|Barraskewda, L50, F, shiny|100\/100\n|switch|p1b: Pelipper|Pelipper, L50, M, shiny|100\/100\n|switch|p2a: YOU'RE QUEEN|Tsareena, L50, F, shiny|100\/100\n|switch|p2b: G\u25cbBLIN M\u25cbDE|Sableye, L50, M, shiny|100\/100\n|-weather|RainDance|[from] ability: Drizzle|[of] p1b: Pelipper\n|turn|1\n|inactive|ButtBuster has 30 seconds left.\n|inactive|ButtBuster has 20 seconds left.\n|inactive|ButtBuster has 15 seconds left.\n|inactive|ButtBuster has 10 seconds left.\n|inactive|ButtBuster has 5 seconds left.\n|\n|t:|1683074740\n|move|p2a: YOU'RE QUEEN|Protect|p2a: YOU'RE QUEEN\n|-singleturn|p2a: YOU'RE QUEEN|Protect\n|move|p2b: G\u25cbBLIN M\u25cbDE|Reflect|p2b: G\u25cbBLIN M\u25cbDE\n|-sidestart|p2: marioman6444|Reflect\n|move|p1a: Barraskewda|Close Combat|p2a: YOU'RE QUEEN\n|-activate|p2a: YOU'RE QUEEN|move: Protect\n|move|p1b: Pelipper|Hurricane|p2a: YOU'RE QUEEN\n|-activate|p2a: YOU'RE QUEEN|move: Protect\n|\n|-weather|RainDance|[upkeep]\n|upkeep\n|turn|2\n|inactive|marioman6444 has 30 seconds left.\n|inactive|marioman6444 has 20 seconds left.\n|\n|t:|1683074778\n|-terastallize|p2a: YOU'RE QUEEN|Fire\n|move|p1a: Barraskewda|Close Combat|p2a: YOU'RE QUEEN\n|-damage|p2a: YOU'RE QUEEN|62\/100\n|-unboost|p1a: Barraskewda|def|1\n|-unboost|p1a: Barraskewda|spd|1\n|move|p2a: YOU'RE QUEEN|Power Whip|p1a: Barraskewda\n|-supereffective|p1a: Barraskewda\n|-damage|p1a: Barraskewda|0 fnt\n|faint|p1a: Barraskewda\n|move|p1b: Pelipper|Hurricane|p2b: G\u25cbBLIN M\u25cbDE\n|-damage|p2b: G\u25cbBLIN M\u25cbDE|57\/100\n|move|p2b: G\u25cbBLIN M\u25cbDE|Foul Play|p1b: Pelipper\n|-damage|p1b: Pelipper|80\/100\n|\n|-weather|RainDance|[upkeep]\n|upkeep\n|\n|t:|1683074796\n|switch|p1a: Baxcalibur|Baxcalibur, L50, M, shiny|100\/100\n|turn|3\n|\n|t:|1683074811\n|move|p2a: YOU'RE QUEEN|Protect|p2a: YOU'RE QUEEN\n|-singleturn|p2a: YOU'RE QUEEN|Protect\n|move|p2b: G\u25cbBLIN M\u25cbDE|Light Screen|p2b: G\u25cbBLIN M\u25cbDE\n|-sidestart|p2: marioman6444|move: Light Screen\n|move|p1a: Baxcalibur|Glaive Rush|p2b: G\u25cbBLIN M\u25cbDE\n|-damage|p2b: G\u25cbBLIN M\u25cbDE|0 fnt\n|-singlemove|p1a: Baxcalibur|Glaive Rush|[silent]\n|faint|p2b: G\u25cbBLIN M\u25cbDE\n|-damage|p1a: Baxcalibur|90\/100|[from] item: Life Orb\n|move|p1b: Pelipper|Hurricane|p2a: YOU'RE QUEEN\n|-activate|p2a: YOU'RE QUEEN|move: Protect\n|\n|-weather|RainDance|[upkeep]\n|upkeep\n|\n|t:|1683074816\n|switch|p2b: THE RATS|Maushold, L50, shiny|100\/100\n|turn|4\n|\n|t:|1683074831\n|-terastallize|p1a: Baxcalibur|Steel\n|move|p2b: THE RATS|Follow Me|p2b: THE RATS\n|-singleturn|p2b: THE RATS|move: Follow Me\n|move|p1a: Baxcalibur|Glaive Rush|p2b: THE RATS\n|-damage|p2b: THE RATS|42\/100\n|-singlemove|p1a: Baxcalibur|Glaive Rush|[silent]\n|-damage|p1a: Baxcalibur|80\/100|[from] item: Life Orb\n|move|p2a: YOU'RE QUEEN|Power Whip|p1b: Pelipper\n|-damage|p1b: Pelipper|9\/100\n|move|p1b: Pelipper|Hurricane|p2b: THE RATS\n|-damage|p2b: THE RATS|16\/100\n|\n|-weather|RainDance|[upkeep]\n|upkeep\n|turn|5\n|\n|t:|1683074847\n|move|p2b: THE RATS|Protect|p2b: THE RATS\n|-singleturn|p2b: THE RATS|Protect\n|move|p1a: Baxcalibur|Glaive Rush|p2b: THE RATS\n|-activate|p2b: THE RATS|move: Protect\n|move|p2a: YOU'RE QUEEN|High Jump Kick|p1a: Baxcalibur\n|-supereffective|p1a: Baxcalibur\n|-damage|p1a: Baxcalibur|0 fnt\n|faint|p1a: Baxcalibur\n|move|p1b: Pelipper|Hurricane|p2a: YOU'RE QUEEN\n|-damage|p2a: YOU'RE QUEEN|44\/100\n|\n|-weather|none\n|upkeep\n|\n|t:|1683074853\n|switch|p1a: Torkoal|Torkoal, L50, F, shiny|100\/100\n|-weather|SunnyDay|[from] ability: Drought|[of] p1a: Torkoal\n|turn|6\n|\n|t:|1683074867\n|move|p2b: THE RATS|Taunt|p1a: Torkoal\n|-start|p1a: Torkoal|move: Taunt\n|move|p2a: YOU'RE QUEEN|Power Whip|p1b: Pelipper\n|-damage|p1b: Pelipper|0 fnt\n|faint|p1b: Pelipper\n|move|p1a: Torkoal|Rock Slide|p2a: YOU'RE QUEEN|[spread] p2a,p2b\n|-supereffective|p2a: YOU'RE QUEEN\n|-damage|p2a: YOU'RE QUEEN|32\/100\n|-damage|p2b: THE RATS|8\/100\n|\n|-weather|SunnyDay|[upkeep]\n|upkeep\n|turn|7\n|\n|t:|1683074887\n|switch|p2a: Big-Lu|Ting-Lu, L50|100\/100\n|-ability|p2a: Big-Lu|Vessel of Ruin\n|move|p2b: THE RATS|Protect|p2b: THE RATS\n|-singleturn|p2b: THE RATS|Protect\n|move|p1a: Torkoal|Rock Slide|p2b: THE RATS|[spread] p2a\n|-activate|p2b: THE RATS|move: Protect\n|-resisted|p2a: Big-Lu\n|-damage|p2a: Big-Lu|99\/100\n|\n|-weather|SunnyDay|[upkeep]\n|-heal|p2a: Big-Lu|100\/100|[from] item: Leftovers\n|upkeep\n|turn|8\n|\n|t:|1683074902\n|move|p2b: THE RATS|Follow Me|p2b: THE RATS\n|-singleturn|p2b: THE RATS|move: Follow Me\n|move|p2a: Big-Lu|Stomping Tantrum|p1a: Torkoal\n|-supereffective|p1a: Torkoal\n|-damage|p1a: Torkoal|53\/100\n|-enditem|p1a: Torkoal|Weakness Policy\n|-boost|p1a: Torkoal|atk|2|[from] item: Weakness Policy\n|-boost|p1a: Torkoal|spa|2|[from] item: Weakness Policy\n|move|p1a: Torkoal|Lava Plume|p2a: Big-Lu|[spread] p2a,p2b\n|-damage|p2a: Big-Lu|79\/100\n|-damage|p2b: THE RATS|0 fnt\n|faint|p2b: THE RATS\n|\n|-weather|SunnyDay|[upkeep]\n|-heal|p2a: Big-Lu|85\/100|[from] item: Leftovers\n|-end|p1a: Torkoal|move: Taunt\n|-sideend|p2: marioman6444|Reflect\n|upkeep\n|\n|t:|1683074906\n|switch|p2b: YOU'RE QUEEN|Tsareena, L50, F, shiny, tera:Fire|32\/100\n|turn|9\n|\n|t:|1683074920\n|move|p2b: YOU'RE QUEEN|Protect|p2b: YOU'RE QUEEN\n|-singleturn|p2b: YOU'RE QUEEN|Protect\n|move|p2a: Big-Lu|Stomping Tantrum|p1a: Torkoal\n|-supereffective|p1a: Torkoal\n|-crit|p1a: Torkoal\n|-damage|p1a: Torkoal|0 fnt\n|faint|p1a: Torkoal\n|\n|win|marioman6444\n|raw|ButtBuster's rating: 1134 → 1116<\/strong> (-18 for losing)\n|raw|marioman6444's rating: 1234 → 1252<\/strong> (+18 for winning)\n|l|\u2606ButtBuster\n|c|\u2606marioman6444|Gg\n","uploadtime":1683074931,"views":12,"p1id":"buttbuster","p2id":"marioman6444","formatid":"gen9vgc2023regulationc","rating":1116,"private":0,"password":""}