{"id":"gen9vgc2023regulationc-1859142425","p1":"TheWokeMob","p2":"ScrubShadedPurple","format":"[Gen 9] VGC 2023 Regulation C","log":"|j|\u2606TheWokeMob\n|j|\u2606ScrubShadedPurple\n|t:|1683409579\n|gametype|doubles\n|player|p1|TheWokeMob|janitor|1176\n|player|p2|ScrubShadedPurple|170|1126\n|teamsize|p1|6\n|teamsize|p2|6\n|gen|9\n|tier|[Gen 9] VGC 2023 Regulation C\n|rated|\n|rule|Species Clause: Limit one of each Pok\u00e9mon\n|rule|Item Clause: Limit one of each item\n|clearpoke\n|poke|p1|Palafin, L50, F|\n|poke|p1|Chien-Pao, L50|\n|poke|p1|Dragapult, L50, F|\n|poke|p1|Amoonguss, L50, F|\n|poke|p1|Arcanine, L50, F|\n|poke|p1|Flutter Mane, L50|\n|poke|p2|Ceruledge, L50, M|\n|poke|p2|Gyarados, L50, M|\n|poke|p2|Ting-Lu, L50|\n|poke|p2|Baxcalibur, L50, F|\n|poke|p2|Amoonguss, L50, M|\n|poke|p2|Flutter Mane, L50|\n|teampreview|4\n|inactive|Battle timer is ON: inactive players will automatically lose when time's up. (requested by ScrubShadedPurple)\n|inactive|TheWokeMob also wants the timer to be on.\n|inactive|TheWokeMob has 60 seconds left.\n|inactive|ScrubShadedPurple has 60 seconds left.\n|\n|t:|1683409625\n|start\n|switch|p1a: ChiYu|Arcanine, L50, F|100\/100\n|switch|p1b: Dnite|Dragapult, L50, F|100\/100\n|switch|p2a: Amoonguss|Amoonguss, L50, M|100\/100\n|switch|p2b: Ting-Lu|Ting-Lu, L50|100\/100\n|-ability|p1a: ChiYu|Intimidate|boost\n|-unboost|p2a: Amoonguss|atk|1\n|-unboost|p2b: Ting-Lu|atk|1\n|-ability|p2b: Ting-Lu|Vessel of Ruin\n|turn|1\n|inactive|ScrubShadedPurple has 30 seconds left.\n|\n|t:|1683409652\n|switch|p2b: Ceruledge|Ceruledge, L50, M, shiny|100\/100\n|switch|p2a: Gyarados|Gyarados, L50, M|100\/100\n|-ability|p2a: Gyarados|Intimidate|boost\n|-unboost|p1a: ChiYu|atk|1\n|-fail|p1b: Dnite|unboost|[from] ability: Clear Body|[of] p1b: Dnite\n|move|p1b: Dnite|U-turn|p2b: Ceruledge\n|-resisted|p2b: Ceruledge\n|-damage|p2b: Ceruledge|90\/100\n|\n|t:|1683409669\n|switch|p1b: WoChien|Amoonguss, L50, F|100\/100|[from] U-turn\n|move|p1a: ChiYu|Will-O-Wisp|p2b: Ceruledge\n|-start|p2b: Ceruledge|ability: Flash Fire\n|\n|upkeep\n|turn|2\n|inactive|ScrubShadedPurple has 30 seconds left.\n|inactive|ScrubShadedPurple has 20 seconds left.\n|\n|t:|1683409707\n|-terastallize|p1b: WoChien|Water\n|move|p1a: ChiYu|Will-O-Wisp|p2a: Gyarados\n|-status|p2a: Gyarados|brn\n|move|p2b: Ceruledge|Bitter Blade|p1b: WoChien\n|-resisted|p1b: WoChien\n|-damage|p1b: WoChien|62\/100\n|-heal|p2b: Ceruledge|100\/100|[from] drain|[of] p1b: WoChien\n|-damage|p2b: Ceruledge|91\/100|[from] item: Life Orb\n|move|p2a: Gyarados|Taunt|p1b: WoChien\n|-start|p1b: WoChien|move: Taunt\n|cant|p1b: WoChien|move: Taunt|Spore\n|\n|-damage|p2a: Gyarados|95\/100 brn|[from] brn\n|upkeep\n|turn|3\n|inactive|TheWokeMob has 30 seconds left.\n|inactive|TheWokeMob has 20 seconds left.\n|inactive|TheWokeMob has 15 seconds left.\n|inactive|ScrubShadedPurple has 30 seconds left.\n|inactive|TheWokeMob has 10 seconds left.\n|\n|t:|1683409754\n|switch|p1a: Mimi|Flutter Mane, L50|100\/100\n|-enditem|p1a: Mimi|Booster Energy\n|-activate|p1a: Mimi|ability: Protosynthesis|[fromitem]\n|-start|p1a: Mimi|protosynthesisspa\n|switch|p1b: Dnite|Dragapult, L50, F|100\/100\n|-terastallize|p2b: Ceruledge|Grass\n|move|p2b: Ceruledge|Tera Blast|p1b: Dnite\n|-resisted|p1b: Dnite\n|-crit|p1b: Dnite\n|-damage|p1b: Dnite|49\/100\n|-damage|p2b: Ceruledge|82\/100|[from] item: Life Orb\n|move|p2a: Gyarados|Thunder Wave|p1a: Mimi\n|-status|p1a: Mimi|par\n|\n|-damage|p2a: Gyarados|89\/100 brn|[from] brn\n|upkeep\n|turn|4\n|inactive|TheWokeMob has 30 seconds left.\n|inactive|ScrubShadedPurple has 30 seconds left.\n|inactive|TheWokeMob has 20 seconds left.\n|inactive|TheWokeMob has 15 seconds left.\n|inactive|TheWokeMob has 10 seconds left.\n|\n|t:|1683409802\n|switch|p2a: Ting-Lu|Ting-Lu, L50|100\/100\n|-ability|p2a: Ting-Lu|Vessel of Ruin\n|move|p2b: Ceruledge|Shadow Sneak|p1b: Dnite\n|-supereffective|p1b: Dnite\n|-damage|p1b: Dnite|0 fnt\n|faint|p1b: Dnite\n|-damage|p2b: Ceruledge|72\/100|[from] item: Life Orb\n|cant|p1a: Mimi|par\n|\n|upkeep\n|\n|t:|1683409812\n|switch|p1b: ChiYu|Arcanine, L50, F|100\/100\n|-ability|p1b: ChiYu|Intimidate|boost\n|-unboost|p2a: Ting-Lu|atk|1\n|-unboost|p2b: Ceruledge|atk|1\n|turn|5\n|\n|t:|1683409829\n|switch|p2a: Gyarados|Gyarados, L50, M|89\/100 brn\n|-ability|p2a: Gyarados|Intimidate|boost\n|-unboost|p1a: Mimi|atk|1\n|-unboost|p1b: ChiYu|atk|1\n|move|p1b: ChiYu|Will-O-Wisp|p2a: Gyarados\n|-fail|p2a: Gyarados|brn\n|move|p2b: Ceruledge|Bitter Blade|p1a: Mimi\n|-damage|p1a: Mimi|10\/100 par\n|-heal|p2b: Ceruledge|100\/100|[from] drain|[of] p1a: Mimi\n|-damage|p2b: Ceruledge|91\/100|[from] item: Life Orb\n|move|p1a: Mimi|Dazzling Gleam|p2a: Gyarados|[spread] p2a,p2b\n|-damage|p2a: Gyarados|56\/100 brn\n|-damage|p2b: Ceruledge|52\/100\n|\n|-damage|p2a: Gyarados|50\/100 brn|[from] brn\n|upkeep\n|-enditem|p2a: Gyarados|Sitrus Berry|[eat]\n|-heal|p2a: Gyarados|75\/100 brn|[from] item: Sitrus Berry\n|turn|6\n|-message|TheWokeMob forfeited.\n|\n|win|ScrubShadedPurple\n|raw|TheWokeMob's rating: 1176 → 1147<\/strong> (-29 for losing)\n|raw|ScrubShadedPurple's rating: 1126 → 1155<\/strong> (+29 for winning)\n|l|\u2606TheWokeMob\n","uploadtime":1683409853,"views":8,"p1id":"thewokemob","p2id":"scrubshadedpurple","formatid":"gen9vgc2023regulationc","rating":1147,"private":0,"password":""}