{"id":"gen9vgc2023regulationc-1850949386","p1":"elix560","p2":"RamonTheKiller","format":"[Gen 9] VGC 2023 Regulation C","log":"|j|\u2606elix560\n|j|\u2606RamonTheKiller\n|t:|1682385886\n|gametype|doubles\n|player|p1|elix560|102|1095\n|player|p2|RamonTheKiller|265|1091\n|teamsize|p1|6\n|teamsize|p2|6\n|gen|9\n|tier|[Gen 9] VGC 2023 Regulation C\n|rated|\n|rule|Species Clause: Limit one of each Pok\u00e9mon\n|rule|Item Clause: Limit one of each item\n|clearpoke\n|poke|p1|Annihilape, L50, F|\n|poke|p1|Flutter Mane, L50|\n|poke|p1|Arcanine, L50, M|\n|poke|p1|Gastrodon, L50, F|\n|poke|p1|Grafaiai, L50, F|\n|poke|p1|Corviknight, L50, M|\n|poke|p2|Ting-Lu, L50|\n|poke|p2|Corviknight, L50, M|\n|poke|p2|Gyarados, L50, M|\n|poke|p2|Amoonguss, L50, F|\n|poke|p2|Maushold-Four, L50|\n|poke|p2|Dragonite, L50, F|\n|teampreview|4\n|inactive|Battle timer is ON: inactive players will automatically lose when time's up. (requested by RamonTheKiller)\n|inactive|elix560 has 60 seconds left.\n|\n|t:|1682385983\n|start\n|switch|p1a: Grafaiai|Grafaiai, L50, F, shiny|100\/100\n|switch|p1b: Arcanine|Arcanine, L50, M, shiny|100\/100\n|switch|p2a: Ting-Lu|Ting-Lu, L50|100\/100\n|switch|p2b: Gyarados|Gyarados, L50, M|100\/100\n|-ability|p2b: Gyarados|Intimidate|boost\n|-unboost|p1a: Grafaiai|atk|1\n|-unboost|p1b: Arcanine|atk|1\n|-ability|p1b: Arcanine|Intimidate|boost\n|-unboost|p2a: Ting-Lu|atk|1\n|-unboost|p2b: Gyarados|atk|1\n|-ability|p2a: Ting-Lu|Vessel of Ruin\n|turn|1\n|inactive|elix560 has 30 seconds left.\n|\n|t:|1682386012\n|-terastallize|p2a: Ting-Lu|Fire\n|move|p1b: Arcanine|Protect|p1b: Arcanine\n|-singleturn|p1b: Arcanine|Protect\n|move|p1a: Grafaiai|Parting Shot|p2a: Ting-Lu\n|-unboost|p2a: Ting-Lu|atk|1\n|-unboost|p2a: Ting-Lu|spa|1\n|\n|t:|1682386028\n|switch|p1a: Corviknight|Corviknight, L50, M, shiny|100\/100|[from] Parting Shot\n|move|p2b: Gyarados|Taunt|p1a: Corviknight\n|-start|p1a: Corviknight|move: Taunt\n|move|p2a: Ting-Lu|Substitute|p2a: Ting-Lu\n|-start|p2a: Ting-Lu|Substitute\n|-damage|p2a: Ting-Lu|76\/100\n|\n|-heal|p2a: Ting-Lu|82\/100|[from] item: Leftovers\n|upkeep\n|turn|2\n|inactive|elix560 has 30 seconds left.\n|inactive|elix560 has 20 seconds left.\n|\n|t:|1682386066\n|move|p2b: Gyarados|Thunder Wave|p1a: Corviknight\n|-status|p1a: Corviknight|par\n|move|p1b: Arcanine|Flare Blitz|p2a: Ting-Lu\n|-resisted|p2a: Ting-Lu\n|-activate|p2a: Ting-Lu|move: Substitute|[damage]\n|-damage|p1b: Arcanine|97\/100|[from] Recoil|[of] p2a: Ting-Lu\n|move|p2a: Ting-Lu|Earth Power|p1b: Arcanine\n|-supereffective|p1b: Arcanine\n|-damage|p1b: Arcanine|69\/100\n|move|p1a: Corviknight|Brave Bird|p2b: Gyarados\n|-damage|p2b: Gyarados|50\/100\n|-damage|p1a: Corviknight|86\/100 par|[from] Recoil\n|\n|-heal|p2a: Ting-Lu|88\/100|[from] item: Leftovers\n|-heal|p1a: Corviknight|92\/100 par|[from] item: Leftovers\n|upkeep\n|turn|3\n|inactive|RamonTheKiller has 30 seconds left.\n|\n|t:|1682386095\n|switch|p2b: Corviknight|Corviknight, L50, M|100\/100\n|move|p1b: Arcanine|Protect|p1b: Arcanine\n|-singleturn|p1b: Arcanine|Protect\n|move|p2a: Ting-Lu|Body Press|p1b: Arcanine\n|-activate|p1b: Arcanine|move: Protect\n|move|p1a: Corviknight|Brave Bird|p2a: Ting-Lu\n|-activate|p2a: Ting-Lu|move: Substitute|[damage]\n|-damage|p1a: Corviknight|85\/100 par|[from] Recoil|[of] p2a: Ting-Lu\n|\n|-heal|p2a: Ting-Lu|94\/100|[from] item: Leftovers\n|-heal|p1a: Corviknight|91\/100 par|[from] item: Leftovers\n|-end|p1a: Corviknight|move: Taunt\n|upkeep\n|turn|4\n|inactive|elix560 has 30 seconds left.\n|\n|t:|1682386125\n|switch|p2b: Gyarados|Gyarados, L50, M|50\/100\n|-ability|p2b: Gyarados|Intimidate|boost\n|-ability|p1a: Corviknight|Mirror Armor\n|-unboost|p2b: Gyarados|atk|1\n|-unboost|p1b: Arcanine|atk|1\n|move|p1b: Arcanine|Will-O-Wisp|p2b: Gyarados|[miss]\n|-miss|p1b: Arcanine|p2b: Gyarados\n|move|p2a: Ting-Lu|Body Press|p1b: Arcanine\n|-damage|p1b: Arcanine|37\/100\n|cant|p1a: Corviknight|par\n|\n|-heal|p2a: Ting-Lu|99\/100|[from] item: Leftovers\n|-heal|p1a: Corviknight|97\/100 par|[from] item: Leftovers\n|upkeep\n|turn|5\n|inactive|RamonTheKiller has 30 seconds left.\n|\n|t:|1682386152\n|move|p1b: Arcanine|Protect|p1b: Arcanine\n|-singleturn|p1b: Arcanine|Protect\n|move|p2b: Gyarados|Waterfall|p1b: Arcanine\n|-activate|p1b: Arcanine|move: Protect\n|move|p2a: Ting-Lu|Body Press|p1b: Arcanine\n|-activate|p1b: Arcanine|move: Protect\n|cant|p1a: Corviknight|par\n|\n|-heal|p2a: Ting-Lu|100\/100|[from] item: Leftovers\n|-heal|p1a: Corviknight|100\/100 par|[from] item: Leftovers\n|upkeep\n|turn|6\n|inactive|elix560 has 30 seconds left.\n|\n|t:|1682386177\n|move|p1b: Arcanine|Extreme Speed|p2a: Ting-Lu\n|-end|p2a: Ting-Lu|Substitute\n|move|p2b: Gyarados|Waterfall|p1b: Arcanine\n|-supereffective|p1b: Arcanine\n|-damage|p1b: Arcanine|0 fnt\n|faint|p1b: Arcanine\n|move|p2a: Ting-Lu|Body Press|p1a: Corviknight\n|-damage|p1a: Corviknight|73\/100 par\n|move|p1a: Corviknight|Brave Bird|p2a: Ting-Lu\n|-damage|p2a: Ting-Lu|82\/100\n|-damage|p1a: Corviknight|65\/100 par|[from] Recoil\n|\n|-heal|p2a: Ting-Lu|88\/100|[from] item: Leftovers\n|-heal|p1a: Corviknight|71\/100 par|[from] item: Leftovers\n|upkeep\n|\n|t:|1682386196\n|switch|p1b: Grafaiai|Grafaiai, L50, F, shiny|100\/100\n|turn|7\n|\n|t:|1682386213\n|move|p2b: Gyarados|Thunder Wave|p1b: Grafaiai\n|-status|p1b: Grafaiai|par\n|move|p1b: Grafaiai|Knock Off|p2b: Gyarados\n|-damage|p2b: Gyarados|23\/100\n|-enditem|p2b: Gyarados|Lum Berry|[from] move: Knock Off|[of] p1b: Grafaiai\n|move|p2a: Ting-Lu|Substitute|p2a: Ting-Lu\n|-start|p2a: Ting-Lu|Substitute\n|-damage|p2a: Ting-Lu|63\/100\n|move|p1a: Corviknight|Body Press|p2a: Ting-Lu\n|-activate|p2a: Ting-Lu|move: Substitute|[damage]\n|\n|-heal|p2a: Ting-Lu|69\/100|[from] item: Leftovers\n|-heal|p1a: Corviknight|77\/100 par|[from] item: Leftovers\n|upkeep\n|turn|8\n|inactive|elix560 has 30 seconds left.\n|\n|t:|1682386242\n|move|p1b: Grafaiai|Taunt|p2b: Gyarados\n|-start|p2b: Gyarados|move: Taunt\n|cant|p2b: Gyarados|move: Taunt|Taunt\n|move|p2a: Ting-Lu|Body Press|p1b: Grafaiai\n|-damage|p1b: Grafaiai|64\/100 par\n|move|p1a: Corviknight|Tailwind|p1a: Corviknight\n|-sidestart|p1: elix560|move: Tailwind\n|\n|-heal|p1a: Corviknight|83\/100 par|[from] item: Leftovers\n|-heal|p2a: Ting-Lu|75\/100|[from] item: Leftovers\n|upkeep\n|turn|9\n|inactive|elix560 has 30 seconds left.\n|inactive|elix560 has 20 seconds left.\n|\n|t:|1682386280\n|switch|p2b: Corviknight|Corviknight, L50, M|100\/100\n|move|p1b: Grafaiai|Knock Off|p2a: Ting-Lu\n|-activate|p2a: Ting-Lu|move: Substitute|[damage]\n|move|p1a: Corviknight|Brave Bird|p2b: Corviknight\n|-resisted|p2b: Corviknight\n|-damage|p2b: Corviknight|89\/100\n|-damage|p1a: Corviknight|79\/100 par|[from] Recoil\n|move|p2a: Ting-Lu|Body Press|p1b: Grafaiai\n|-damage|p1b: Grafaiai|28\/100 par\n|\n|-heal|p1a: Corviknight|85\/100 par|[from] item: Leftovers\n|-heal|p2a: Ting-Lu|81\/100|[from] item: Leftovers\n|upkeep\n|turn|10\n|inactive|elix560 has 30 seconds left.\n|inactive|elix560 has 20 seconds left.\n|\n|t:|1682386317\n|move|p1b: Grafaiai|Parting Shot|p2b: Corviknight\n|-ability|p2b: Corviknight|Mirror Armor\n|-unboost|p1b: Grafaiai|atk|1\n|-ability|p2b: Corviknight|Mirror Armor\n|-unboost|p1b: Grafaiai|spa|1\n|\n|t:|1682386324\n|switch|p1b: Annihilape|Annihilape, L50, F|100\/100|[from] Parting Shot\n|move|p2b: Corviknight|Iron Defense|p2b: Corviknight\n|-boost|p2b: Corviknight|def|2\n|move|p1a: Corviknight|Brave Bird|p2a: Ting-Lu\n|-end|p2a: Ting-Lu|Substitute\n|-damage|p1a: Corviknight|81\/100 par|[from] Recoil|[of] p2a: Ting-Lu\n|move|p2a: Ting-Lu|Body Press|p1b: Annihilape\n|-immune|p1b: Annihilape\n|\n|-heal|p1a: Corviknight|87\/100 par|[from] item: Leftovers\n|-heal|p2a: Ting-Lu|88\/100|[from] item: Leftovers\n|upkeep\n|turn|11\n|inactive|elix560 has 30 seconds left.\n|inactive|RamonTheKiller has 30 seconds left.\n|inactive|elix560 has 20 seconds left.\n|inactive|elix560 has 15 seconds left.\n|inactive|elix560 has 10 seconds left.\n|\n|t:|1682386372\n|-terastallize|p1b: Annihilape|Fire\n|move|p1b: Annihilape|Drain Punch|p2a: Ting-Lu\n|-damage|p2a: Ting-Lu|71\/100\n|move|p2b: Corviknight|Iron Head|p1b: Annihilape\n|-resisted|p1b: Annihilape\n|-damage|p1b: Annihilape|88\/100\n|cant|p1a: Corviknight|par\n|move|p2a: Ting-Lu|Substitute|p2a: Ting-Lu\n|-start|p2a: Ting-Lu|Substitute\n|-damage|p2a: Ting-Lu|46\/100\n|\n|-heal|p1a: Corviknight|93\/100 par|[from] item: Leftovers\n|-heal|p2a: Ting-Lu|52\/100|[from] item: Leftovers\n|-sideend|p1: elix560|move: Tailwind\n|upkeep\n|turn|12\n|\n|t:|1682386391\n|move|p1b: Annihilape|Bulk Up|p1b: Annihilape\n|-boost|p1b: Annihilape|atk|1\n|-boost|p1b: Annihilape|def|1\n|move|p2b: Corviknight|Body Press|p1b: Annihilape\n|-damage|p1b: Annihilape|52\/100\n|move|p2a: Ting-Lu|Body Press|p1b: Annihilape\n|-damage|p1b: Annihilape|30\/100\n|-enditem|p1b: Annihilape|Sitrus Berry|[eat]\n|-heal|p1b: Annihilape|55\/100|[from] item: Sitrus Berry\n|move|p1a: Corviknight|Body Press|p2b: Corviknight\n|-damage|p2b: Corviknight|83\/100\n|\n|-heal|p2a: Ting-Lu|59\/100|[from] item: Leftovers\n|-heal|p1a: Corviknight|99\/100 par|[from] item: Leftovers\n|upkeep\n|turn|13\n|inactive|elix560 has 30 seconds left.\n|inactive|elix560 has 20 seconds left.\n|inactive|elix560 has 15 seconds left.\n|\n|t:|1682386435\n|move|p1b: Annihilape|Rage Fist|p2b: Corviknight\n|-damage|p2b: Corviknight|38\/100\n|move|p2b: Corviknight|Body Press|p1b: Annihilape\n|-damage|p1b: Annihilape|18\/100\n|move|p2a: Ting-Lu|Body Press|p1b: Annihilape\n|-damage|p1b: Annihilape|0 fnt\n|faint|p1b: Annihilape\n|move|p1a: Corviknight|Body Press|p2b: Corviknight\n|-damage|p2b: Corviknight|32\/100\n|\n|-heal|p2a: Ting-Lu|65\/100|[from] item: Leftovers\n|-heal|p1a: Corviknight|100\/100 par|[from] item: Leftovers\n|upkeep\n|inactive|elix560 has 25 seconds left this turn.\n|inactive|elix560 has 20 seconds left.\n|inactive|elix560 has 15 seconds left.\n|-message|elix560 forfeited.\n|\n|win|RamonTheKiller\n|inactive|elix560 has 15 seconds left this turn.\n|raw|elix560's rating: 1095 → 1070<\/strong> (-25 for losing)\n|raw|RamonTheKiller's rating: 1091 → 1118<\/strong> (+27 for winning)\n|l|\u2606elix560\n","uploadtime":1682386451,"views":9,"p1id":"elix560","p2id":"ramonthekiller","formatid":"gen9vgc2023regulationc","rating":1070,"private":0,"password":""}