{"id":"gen9vgc2023regulationc-1855257286","p1":"ExcelSheet","p2":"Paulpkmn11","format":"[Gen 9] VGC 2023 Regulation C","log":"|j|\u2606ExcelSheet\n|j|\u2606Paulpkmn11\n|t:|1682924306\n|gametype|doubles\n|player|p1|ExcelSheet|hilbert-wonderlauncher|1183\n|player|p2|Paulpkmn11|pokemonbreeder-gen4|1061\n|teamsize|p1|6\n|teamsize|p2|6\n|gen|9\n|tier|[Gen 9] VGC 2023 Regulation C\n|rated|\n|rule|Species Clause: Limit one of each Pok\u00e9mon\n|rule|Item Clause: Limit one of each item\n|clearpoke\n|poke|p1|Flutter Mane, L50|\n|poke|p1|Great Tusk, L50|\n|poke|p1|Scizor, L50, M|\n|poke|p1|Corviknight, L50, F|\n|poke|p1|Chi-Yu, L50|\n|poke|p1|Iron Bundle, L50|\n|poke|p2|Tinkaton, L50, F|\n|poke|p2|Amoonguss, L50, F|\n|poke|p2|Annihilape, L50, F|\n|poke|p2|Chi-Yu, L50|\n|poke|p2|Azumarill, L50, M|\n|poke|p2|Wo-Chien, L50|\n|teampreview|4\n|inactive|Battle timer is ON: inactive players will automatically lose when time's up. (requested by ExcelSheet)\nExcelSheet has agreed to open team sheets.\nPaulpkmn11 rejected open team sheets.\n|\n|t:|1682924326\n|start\n|switch|p1a: Corviknight|Corviknight, L50, F, shiny|100\/100\n|switch|p1b: Scizor|Scizor, L50, M, shiny|100\/100\n|switch|p2a: Amoonguss|Amoonguss, L50, F|100\/100\n|switch|p2b: Annihilape|Annihilape, L50, F|100\/100\n|turn|1\n|inactive|Paulpkmn11 has 30 seconds left.\n|\n|t:|1682924353\n|move|p2a: Amoonguss|Rage Powder|p2a: Amoonguss\n|-singleturn|p2a: Amoonguss|move: Rage Powder\n|move|p2b: Annihilape|Close Combat|p1b: Scizor\n|-damage|p1b: Scizor|50\/100\n|-unboost|p2b: Annihilape|def|1\n|-unboost|p2b: Annihilape|spd|1\n|move|p1a: Corviknight|Brave Bird|p2a: Amoonguss\n|-supereffective|p2a: Amoonguss\n|-damage|p2a: Amoonguss|24\/100\n|-damage|p1a: Corviknight|84\/100|[from] item: Rocky Helmet|[of] p2a: Amoonguss\n|-damage|p1a: Corviknight|57\/100|[from] Recoil\n|move|p1b: Scizor|Aerial Ace|p2a: Amoonguss\n|-supereffective|p2a: Amoonguss\n|-damage|p2a: Amoonguss|0 fnt\n|-damage|p1b: Scizor|33\/100|[from] item: Rocky Helmet|[of] p2a: Amoonguss\n|faint|p2a: Amoonguss\n|\n|upkeep\n|\n|t:|1682924373\n|switch|p2a: Azumarill|Azumarill, L50, M|100\/100\n|turn|2\n|\n|t:|1682924386\n|move|p2a: Azumarill|Protect|p2a: Azumarill\n|-singleturn|p2a: Azumarill|Protect\n|move|p2b: Annihilape|Close Combat|p1b: Scizor\n|-damage|p1b: Scizor|0 fnt\n|-unboost|p2b: Annihilape|def|1\n|-unboost|p2b: Annihilape|spd|1\n|faint|p1b: Scizor\n|move|p1a: Corviknight|Brave Bird|p2b: Annihilape\n|-supereffective|p2b: Annihilape\n|-damage|p2b: Annihilape|0 fnt\n|faint|p2b: Annihilape\n|-damage|p1a: Corviknight|27\/100|[from] Recoil\n|-enditem|p1a: Corviknight|Sitrus Berry|[eat]\n|-heal|p1a: Corviknight|52\/100|[from] item: Sitrus Berry\n|\n|upkeep\n|\n|t:|1682924401\n|switch|p2b: Wo-Chien|Wo-Chien, L50|100\/100\n|switch|p1b: Iron Bundle|Iron Bundle, L50, shiny|100\/100\n|-ability|p2b: Wo-Chien|Tablets of Ruin\n|-enditem|p1b: Iron Bundle|Booster Energy\n|-activate|p1b: Iron Bundle|ability: Quark Drive|[fromitem]\n|-start|p1b: Iron Bundle|quarkdrivespe\n|turn|3\n|inactive|Paulpkmn11 has 30 seconds left.\n|\n|t:|1682924436\n|-terastallize|p2a: Azumarill|Steel\n|move|p1b: Iron Bundle|Encore|p2a: Azumarill\n|-start|p2a: Azumarill|Encore\n|move|p2b: Wo-Chien|Pollen Puff|p2a: Azumarill\n|-immune|p2a: Azumarill\n|move|p1a: Corviknight|Taunt|p2b: Wo-Chien\n|-start|p2b: Wo-Chien|move: Taunt\n|move|p2a: Azumarill|Protect||[still]\n|-fail|p2a: Azumarill\n|\n|upkeep\n|turn|4\n|c|\u2606Paulpkmn11|bruh\n|inactive|ExcelSheet has 30 seconds left.\n|\n|t:|1682924463\n|-terastallize|p1b: Iron Bundle|Ice\n|move|p2a: Azumarill|Protect|p2a: Azumarill\n|-singleturn|p2a: Azumarill|Protect\n|move|p1b: Iron Bundle|Icy Wind|p2b: Wo-Chien|[spread] \n|-activate|p2a: Azumarill|move: Protect\n|-miss|p1b: Iron Bundle|p2b: Wo-Chien\n|move|p2b: Wo-Chien|Giga Drain|p1b: Iron Bundle\n|-damage|p1b: Iron Bundle|46\/100\n|move|p1a: Corviknight|Brave Bird|p2a: Azumarill\n|-activate|p2a: Azumarill|move: Protect\n|\n|upkeep\n|turn|5\n|\n|t:|1682924482\n|move|p2a: Azumarill|Protect||[still]\n|-fail|p2a: Azumarill\n|move|p1b: Iron Bundle|Freeze-Dry|p2b: Wo-Chien\n|-supereffective|p2b: Wo-Chien\n|-damage|p2b: Wo-Chien|46\/100\n|move|p2b: Wo-Chien|Giga Drain|p1b: Iron Bundle\n|-crit|p1b: Iron Bundle\n|-damage|p1b: Iron Bundle|0 fnt\n|-heal|p2b: Wo-Chien|66\/100|[from] drain|[of] p1b: Iron Bundle\n|faint|p1b: Iron Bundle\n|-end|p1b: Iron Bundle|Quark Drive|[silent]\n|move|p1a: Corviknight|Brave Bird|p2b: Wo-Chien\n|-supereffective|p2b: Wo-Chien\n|-damage|p2b: Wo-Chien|12\/100\n|-damage|p1a: Corviknight|35\/100|[from] Recoil\n|\n|-end|p2a: Azumarill|Encore\n|upkeep\n|\n|t:|1682924496\n|switch|p1b: Flutter Mane|Flutter Mane, L50, shiny|100\/100\n|turn|6\n|\n|t:|1682924506\n|move|p1b: Flutter Mane|Shadow Ball|p2a: Azumarill\n|-damage|p2a: Azumarill|48\/100\n|-unboost|p2a: Azumarill|spd|1\n|-damage|p1b: Flutter Mane|91\/100|[from] item: Life Orb\n|move|p2b: Wo-Chien|Giga Drain|p1b: Flutter Mane\n|-damage|p1b: Flutter Mane|66\/100\n|-heal|p2b: Wo-Chien|24\/100|[from] drain|[of] p1b: Flutter Mane\n|move|p1a: Corviknight|Brave Bird|p2b: Wo-Chien\n|-supereffective|p2b: Wo-Chien\n|-damage|p2b: Wo-Chien|0 fnt\n|faint|p2b: Wo-Chien\n|-damage|p1a: Corviknight|28\/100|[from] Recoil\n|move|p2a: Azumarill|Belly Drum||[still]\n|-fail|p2a: Azumarill\n|\n|upkeep\n|turn|7\n|\n|t:|1682924526\n|move|p1b: Flutter Mane|Shadow Ball|p2a: Azumarill\n|-damage|p2a: Azumarill|0 fnt\n|faint|p2a: Azumarill\n|-damage|p1b: Flutter Mane|56\/100|[from] item: Life Orb\n|\n|win|ExcelSheet\n|raw|ExcelSheet's rating: 1183 → 1200<\/strong> (+17 for winning)\n|raw|Paulpkmn11's rating: 1061 → 1048<\/strong> (-13 for losing)\n|l|\u2606Paulpkmn11\n","uploadtime":1682924568,"views":21,"p1id":"excelsheet","p2id":"paulpkmn11","formatid":"gen9vgc2023regulationc","rating":1048,"private":0,"password":""}