{"id":"gen9vgc2023regulationc-1854901817","p1":"refanner","p2":"Mauvellous","format":"[Gen 9] VGC 2023 Regulation C","log":"|j|\u2606refanner\n|j|\u2606Mauvellous\n|t:|1682878852\n|gametype|doubles\n|player|p1|refanner|102|1256\n|player|p2|Mauvellous|hilda-wonderlauncher|1172\n|teamsize|p1|6\n|teamsize|p2|6\n|gen|9\n|tier|[Gen 9] VGC 2023 Regulation C\n|rated|\n|rule|Species Clause: Limit one of each Pok\u00e9mon\n|rule|Item Clause: Limit one of each item\n|clearpoke\n|poke|p1|Kingambit, L50, M|\n|poke|p1|Great Tusk, L50|\n|poke|p1|Flutter Mane, L50|\n|poke|p1|Gyarados, L50, F|\n|poke|p1|Chi-Yu, L50|\n|poke|p1|Glimmora, L50, M|\n|poke|p2|Scream Tail, L50|\n|poke|p2|Scizor, L50, M|\n|poke|p2|Palafin, L50, M|\n|poke|p2|Chi-Yu, L50|\n|poke|p2|Flutter Mane, L50|\n|poke|p2|Glimmora, L50, F|\n|teampreview|4\n|inactive|Battle timer is ON: inactive players will automatically lose when time's up. (requested by Mauvellous)\n|inactive|refanner has 60 seconds left.\n|inactive|refanner has 30 seconds left.\n|inactive|refanner has 20 seconds left.\n|inactive|refanner has 15 seconds left.\n|\n|t:|1682878929\n|start\n|switch|p1a: Gyarados|Gyarados, L50, F|100\/100\n|switch|p1b: Glimmora|Glimmora, L50, M|100\/100\n|switch|p2a: Scream Tail|Scream Tail, L50, shiny|100\/100\n|switch|p2b: Scizor|Scizor, L50, M, shiny|100\/100\n|-ability|p1a: Gyarados|Intimidate|boost\n|-unboost|p2a: Scream Tail|atk|1\n|-fail|p2b: Scizor|unboost|[from] item: Clear Amulet|[of] p2b: Scizor\n|-enditem|p2a: Scream Tail|Booster Energy\n|-activate|p2a: Scream Tail|ability: Protosynthesis|[fromitem]\n|-start|p2a: Scream Tail|protosynthesisspe\n|turn|1\n|inactive|refanner has 30 seconds left.\n|inactive|refanner has 20 seconds left.\n|inactive|refanner has 15 seconds left.\n|inactive|refanner has 10 seconds left.\n|\n|t:|1682878979\n|-terastallize|p1b: Glimmora|Grass\n|move|p2b: Scizor|Protect|p2b: Scizor\n|-singleturn|p2b: Scizor|Protect\n|move|p2a: Scream Tail|Thunder Wave|p1a: Gyarados\n|-status|p1a: Gyarados|par\n|move|p1b: Glimmora|Sludge Bomb|p2a: Scream Tail\n|-supereffective|p2a: Scream Tail\n|-damage|p2a: Scream Tail|40\/100\n|-status|p2a: Scream Tail|psn\n|move|p1a: Gyarados|Thunder Wave|p2b: Scizor\n|-activate|p2b: Scizor|move: Protect\n|\n|-damage|p2a: Scream Tail|27\/100 psn|[from] psn\n|upkeep\n|turn|2\n|inactive|refanner has 30 seconds left.\n|inactive|Mauvellous has 30 seconds left.\n|inactive|refanner has 20 seconds left.\n|inactive|Mauvellous has 20 seconds left.\n|inactive|refanner has 15 seconds left.\n|inactive|refanner has 10 seconds left.\n|\n|t:|1682879028\n|switch|p1b: Great Tusk|Great Tusk, L50|100\/100\n|move|p2a: Scream Tail|Howl|p2a: Scream Tail|[spread] p2a,p2b\n|-boost|p2a: Scream Tail|atk|1\n|-boost|p2b: Scizor|atk|1\n|move|p2b: Scizor|Pounce|p1b: Great Tusk\n|-resisted|p1b: Great Tusk\n|-damage|p1b: Great Tusk|78\/100\n|-unboost|p1b: Great Tusk|spe|1\n|move|p1a: Gyarados|Thunder Wave|p2b: Scizor\n|-status|p2b: Scizor|par\n|\n|-damage|p2a: Scream Tail|15\/100 psn|[from] psn\n|upkeep\n|turn|3\n|inactive|refanner has 30 seconds left.\n|inactive|refanner has 20 seconds left.\n|\n|t:|1682879065\n|cant|p1a: Gyarados|par\n|move|p2b: Scizor|Protect|p2b: Scizor\n|-singleturn|p2b: Scizor|Protect\n|move|p2a: Scream Tail|Howl|p2a: Scream Tail|[spread] p2a,p2b\n|-boost|p2a: Scream Tail|atk|1\n|-boost|p2b: Scizor|atk|1\n|move|p1b: Great Tusk|Earthquake|p2a: Scream Tail|[spread] p2a\n|-activate|p2b: Scizor|move: Protect\n|-immune|p1a: Gyarados\n|-damage|p2a: Scream Tail|0 fnt\n|faint|p2a: Scream Tail\n|-end|p2a: Scream Tail|Protosynthesis|[silent]\n|\n|upkeep\n|\n|t:|1682879084\n|switch|p2a: Chi-Yu|Chi-Yu, L50|100\/100\n|-ability|p2a: Chi-Yu|Beads of Ruin\n|-item|p2a: Chi-Yu|Air Balloon\n|turn|4\n|inactive|refanner has 30 seconds left.\n|inactive|refanner has 20 seconds left.\n|inactive|refanner has 15 seconds left.\n|\n|t:|1682879129\n|-end|p1b: Great Tusk|Protosynthesis|[silent]\n|switch|p1b: Glimmora|Glimmora, L50, M, tera:Grass|100\/100\n|move|p2b: Scizor|Bullet Punch|p1a: Gyarados\n|-resisted|p1a: Gyarados\n|-damage|p1a: Gyarados|69\/100 par\n|move|p2a: Chi-Yu|Heat Wave|p1b: Glimmora|[spread] p1a,p1b\n|-resisted|p1a: Gyarados\n|-supereffective|p1b: Glimmora\n|-damage|p1a: Gyarados|48\/100 par\n|-damage|p1b: Glimmora|30\/100\n|-enditem|p1a: Gyarados|Sitrus Berry|[eat]\n|-heal|p1a: Gyarados|72\/100 par|[from] item: Sitrus Berry\n|move|p1a: Gyarados|Waterfall|p2a: Chi-Yu\n|-supereffective|p2a: Chi-Yu\n|-damage|p2a: Chi-Yu|11\/100\n|-enditem|p2a: Chi-Yu|Air Balloon\n|\n|upkeep\n|turn|5\n|inactive|refanner has 30 seconds left.\n|inactive|Mauvellous has 30 seconds left.\n|\n|t:|1682879160\n|move|p2a: Chi-Yu|Protect|p2a: Chi-Yu\n|-singleturn|p2a: Chi-Yu|Protect\n|move|p1b: Glimmora|Earth Power|p2b: Scizor\n|-damage|p2b: Scizor|50\/100 par\n|move|p1a: Gyarados|Waterfall|p2a: Chi-Yu\n|-activate|p2a: Chi-Yu|move: Protect\n|move|p2b: Scizor|Pounce|p1b: Glimmora\n|-supereffective|p1b: Glimmora\n|-damage|p1b: Glimmora|0 fnt\n|-activate|p1b: Glimmora|ability: Toxic Debris\n|-sidestart|p2: Mauvellous|move: Toxic Spikes\n|faint|p1b: Glimmora\n|\n|upkeep\n|\n|t:|1682879173\n|switch|p1b: Great Tusk|Great Tusk, L50|78\/100\n|turn|6\n|\n|t:|1682879191\n|move|p1a: Gyarados|Helping Hand|p1b: Great Tusk\n|-singleturn|p1b: Great Tusk|Helping Hand|[of] p1a: Gyarados\n|move|p2b: Scizor|Bullet Punch|p1a: Gyarados\n|-resisted|p1a: Gyarados\n|-crit|p1a: Gyarados\n|-damage|p1a: Gyarados|29\/100 par\n|move|p1b: Great Tusk|Earthquake|p2a: Chi-Yu|[spread] p2a,p2b\n|-immune|p1a: Gyarados\n|-supereffective|p2a: Chi-Yu\n|-damage|p2a: Chi-Yu|0 fnt\n|-damage|p2b: Scizor|0 fnt\n|faint|p2a: Chi-Yu\n|faint|p2b: Scizor\n|\n|upkeep\n|\n|t:|1682879205\n|switch|p2b: Glimmora|Glimmora, L50, F, shiny|100\/100\n|-sideend|p2: Mauvellous|move: Toxic Spikes|[of] p2b: Glimmora\n|turn|7\n|inactive|refanner has 30 seconds left.\n|inactive|refanner has 20 seconds left.\n|inactive|refanner has 15 seconds left.\n|\n|t:|1682879245\n|-end|p1b: Great Tusk|Protosynthesis|[silent]\n|switch|p1b: Kingambit|Kingambit, L50, M|100\/100\n|-terastallize|p2b: Glimmora|Grass\n|move|p2b: Glimmora|Energy Ball|p1b: Kingambit\n|-resisted|p1b: Kingambit\n|-damage|p1b: Kingambit|78\/100\n|move|p1a: Gyarados|Waterfall|p2b: Glimmora\n|-resisted|p2b: Glimmora\n|-crit|p2b: Glimmora\n|-damage|p2b: Glimmora|74\/100\n|-activate|p2b: Glimmora|ability: Toxic Debris\n|-sidestart|p1: refanner|move: Toxic Spikes\n|\n|upkeep\n|turn|8\n|inactive|refanner has 30 seconds left.\n|\n|t:|1682879272\n|move|p1a: Gyarados|Helping Hand|p1b: Kingambit\n|-singleturn|p1b: Kingambit|Helping Hand|[of] p1a: Gyarados\n|move|p1b: Kingambit|Sucker Punch|p2b: Glimmora\n|-damage|p2b: Glimmora|13\/100\n|-activate|p2b: Glimmora|ability: Toxic Debris\n|-sidestart|p1: refanner|move: Toxic Spikes\n|move|p2b: Glimmora|Power Gem|p1b: Kingambit\n|-resisted|p1b: Kingambit\n|-damage|p1b: Kingambit|59\/100\n|\n|upkeep\n|turn|9\n|-message|Mauvellous forfeited.\n|\n|win|refanner\n|raw|refanner's rating: 1256 → 1275<\/strong> (+19 for winning)\n|raw|Mauvellous's rating: 1172 → 1153<\/strong> (-19 for losing)\n","uploadtime":1682879290,"views":7,"p1id":"refanner","p2id":"mauvellous","formatid":"gen9vgc2023regulationc","rating":1153,"private":0,"password":""}