{"id":"gen9vgc2023regulationc-1853271350","p1":"anshar_training","p2":"Beast2018","format":"[Gen 9] VGC 2023 Regulation C","log":"|j|\u2606anshar_training\n|j|\u2606Beast2018\n|t:|1682658453\n|gametype|doubles\n|player|p1|anshar_training|colress|1120\n|player|p2|Beast2018|169|1000\n|teamsize|p1|6\n|teamsize|p2|6\n|gen|9\n|tier|[Gen 9] VGC 2023 Regulation C\n|rated|\n|rule|Species Clause: Limit one of each Pok\u00e9mon\n|rule|Item Clause: Limit one of each item\n|clearpoke\n|poke|p1|Palafin, L50, M|\n|poke|p1|Flutter Mane, L50|\n|poke|p1|Arcanine, L50, M|\n|poke|p1|Amoonguss, L50, F|\n|poke|p1|Ting-Lu, L50|\n|poke|p1|Roaring Moon, L50|\n|poke|p2|Scream Tail, L50|\n|poke|p2|Gothitelle, L50, F|\n|poke|p2|Arcanine, L50, F|\n|poke|p2|Flutter Mane, L50|\n|poke|p2|Palafin, L50, M|\n|poke|p2|Amoonguss, L50, M|\n|teampreview|4\n|inactive|Battle timer is ON: inactive players will automatically lose when time's up. (requested by anshar_training)\n|\n|t:|1682658484\n|start\n|switch|p1a: Susy|Amoonguss, L50, F|100\/100\n|switch|p1b: Cornelia|Flutter Mane, L50|100\/100\n|switch|p2a: Scream Tail|Scream Tail, L50|100\/100\n|switch|p2b: Gothitelle|Gothitelle, L50, F|100\/100\n|-enditem|p2a: Scream Tail|Booster Energy\n|-activate|p2a: Scream Tail|ability: Protosynthesis|[fromitem]\n|-start|p2a: Scream Tail|protosynthesisspe\n|turn|1\n|inactive|anshar_training has 30 seconds left.\n|inactive|anshar_training has 20 seconds left.\n|\n|t:|1682658523\n|-terastallize|p1b: Cornelia|Fairy\n|move|p2b: Gothitelle|Fake Out|p1a: Susy\n|-damage|p1a: Susy|96\/100\n|move|p2a: Scream Tail|Perish Song|p2a: Scream Tail\n|-start|p1a: Susy|perish3|[silent]\n|-start|p1b: Cornelia|perish3|[silent]\n|-start|p2a: Scream Tail|perish3|[silent]\n|-start|p2b: Gothitelle|perish3|[silent]\n|-fieldactivate|move: Perish Song\n|move|p1b: Cornelia|Dazzling Gleam|p2a: Scream Tail|[spread] p2a,p2b\n|-damage|p2a: Scream Tail|55\/100\n|-damage|p2b: Gothitelle|55\/100\n|cant|p1a: Susy|flinch\n|\n|-start|p2a: Scream Tail|perish3\n|-start|p1b: Cornelia|perish3\n|-start|p2b: Gothitelle|perish3\n|-start|p1a: Susy|perish3\n|upkeep\n|turn|2\n|inactive|Beast2018 has 30 seconds left.\n|inactive|Beast2018 has 20 seconds left.\n|\n|t:|1682658558\n|move|p2a: Scream Tail|Protect|p2a: Scream Tail\n|-singleturn|p2a: Scream Tail|Protect\n|move|p2b: Gothitelle|Protect|p2b: Gothitelle\n|-singleturn|p2b: Gothitelle|Protect\n|move|p1b: Cornelia|Dazzling Gleam|p2b: Gothitelle|[spread] \n|-activate|p2a: Scream Tail|move: Protect\n|-activate|p2b: Gothitelle|move: Protect\n|move|p1a: Susy|Spore|p2a: Scream Tail\n|-activate|p2a: Scream Tail|move: Protect\n|\n|-start|p2a: Scream Tail|perish2\n|-start|p1b: Cornelia|perish2\n|-start|p2b: Gothitelle|perish2\n|-start|p1a: Susy|perish2\n|upkeep\n|turn|3\n|inactive|anshar_training has 30 seconds left.\n|inactive|Beast2018 has 30 seconds left.\n|\n|t:|1682658589\n|move|p2a: Scream Tail|Disable|p1a: Susy\n|-start|p1a: Susy|Disable|Spore\n|move|p1b: Cornelia|Dazzling Gleam|p2b: Gothitelle|[spread] p2a,p2b\n|-damage|p2a: Scream Tail|12\/100\n|-damage|p2b: Gothitelle|8\/100\n|-enditem|p2b: Gothitelle|Sitrus Berry|[eat]\n|-heal|p2b: Gothitelle|33\/100|[from] item: Sitrus Berry\n|move|p2b: Gothitelle|Heal Pulse|p2a: Scream Tail\n|-heal|p2a: Scream Tail|62\/100\n|cant|p1a: Susy|Disable|Spore\n|\n|-start|p2a: Scream Tail|perish1\n|-start|p1b: Cornelia|perish1\n|-start|p2b: Gothitelle|perish1\n|-start|p1a: Susy|perish1\n|upkeep\n|turn|4\n|inactive|anshar_training has 30 seconds left.\n|inactive|Beast2018 has 30 seconds left.\n|inactive|anshar_training has 20 seconds left.\n|\n|t:|1682658627\n|-end|p2a: Scream Tail|Protosynthesis|[silent]\n|switch|p2a: Palafin|Palafin, L50, M|100\/100\n|move|p2b: Gothitelle|Protect|p2b: Gothitelle\n|-singleturn|p2b: Gothitelle|Protect\n|move|p1b: Cornelia|Dazzling Gleam|p2a: Palafin|[spread] p2a\n|-activate|p2b: Gothitelle|move: Protect\n|-damage|p2a: Palafin|22\/100\n|move|p1a: Susy|Pollen Puff|p2b: Gothitelle\n|-activate|p2b: Gothitelle|move: Protect\n|\n|-start|p1b: Cornelia|perish0\n|-start|p2b: Gothitelle|perish0\n|-start|p1a: Susy|perish0\n|faint|p1b: Cornelia\n|-end|p1b: Cornelia|Protosynthesis|[silent]\n|faint|p2b: Gothitelle\n|faint|p1a: Susy\n|upkeep\n|\n|t:|1682658647\n|switch|p1b: PlusUltra|Palafin, L50, M|100\/100\n|switch|p2b: Arcanine|Arcanine, L50, F|100\/100\n|switch|p1a: Benito|Roaring Moon, L50|100\/100\n|-ability|p2b: Arcanine|Intimidate|boost\n|-unboost|p1a: Benito|atk|1\n|-unboost|p1b: PlusUltra|atk|1\n|-enditem|p1a: Benito|Booster Energy\n|-activate|p1a: Benito|ability: Protosynthesis|[fromitem]\n|-start|p1a: Benito|protosynthesisatk\n|turn|5\n|inactive|Beast2018 has 30 seconds left.\n|\n|t:|1682658681\n|detailschange|p2a: Palafin|Palafin-Hero, L50, M\n|switch|p2a: Scream Tail|Scream Tail, L50|62\/100\n|-terastallize|p2b: Arcanine|Water\n|move|p2b: Arcanine|Will-O-Wisp|p1a: Benito|[miss]\n|-miss|p2b: Arcanine|p1a: Benito\n|move|p1a: Benito|Dragon Dance|p1a: Benito\n|-boost|p1a: Benito|atk|1\n|-boost|p1a: Benito|spe|1\n|move|p1b: PlusUltra|Wave Crash|p2b: Arcanine\n|-resisted|p2b: Arcanine\n|-damage|p2b: Arcanine|77\/100\n|-damage|p1b: PlusUltra|94\/100|[from] Recoil\n|\n|upkeep\n|turn|6\n|inactive|Beast2018 has 30 seconds left.\n|\n|t:|1682658709\n|move|p1b: PlusUltra|Jet Punch|p2a: Scream Tail\n|-damage|p2a: Scream Tail|47\/100\n|move|p1a: Benito|Throat Chop|p2a: Scream Tail\n|-damage|p2a: Scream Tail|0 fnt\n|faint|p2a: Scream Tail\n|-end|p2a: Scream Tail|Protosynthesis|[silent]\n|move|p2b: Arcanine|Will-O-Wisp|p1a: Benito\n|-status|p1a: Benito|brn\n|\n|-damage|p1a: Benito|95\/100 brn|[from] brn\n|upkeep\n|\n|t:|1682658719\n|switch|p2a: Palafin|Palafin-Hero, L50, M|22\/100\n|-activate|p2a: Palafin|ability: Zero to Hero\n|turn|7\n|inactive|anshar_training has 30 seconds left.\n|\n|t:|1682658745\n|move|p2a: Palafin|Protect|p2a: Palafin\n|-singleturn|p2a: Palafin|Protect\n|move|p1b: PlusUltra|Jet Punch|p2a: Palafin\n|-activate|p2a: Palafin|move: Protect\n|move|p1a: Benito|Acrobatics|p2a: Palafin\n|-activate|p2a: Palafin|move: Protect\n|move|p2b: Arcanine|Flare Blitz|p1a: Benito\n|-resisted|p1a: Benito\n|-damage|p1a: Benito|67\/100 brn\n|-damage|p2b: Arcanine|66\/100|[from] Recoil\n|\n|-damage|p1a: Benito|61\/100 brn|[from] brn\n|upkeep\n|turn|8\n|\n|t:|1682658770\n|move|p1b: PlusUltra|Jet Punch|p2a: Palafin\n|-resisted|p2a: Palafin\n|-damage|p2a: Palafin|14\/100\n|move|p2a: Palafin|Jet Punch|p1a: Benito\n|-resisted|p1a: Benito\n|-crit|p1a: Benito\n|-damage|p1a: Benito|21\/100 brn\n|move|p1a: Benito|Acrobatics|p2a: Palafin\n|-damage|p2a: Palafin|0 fnt\n|faint|p2a: Palafin\n|move|p2b: Arcanine|Flare Blitz|p1a: Benito\n|-resisted|p1a: Benito\n|-damage|p1a: Benito|0 fnt\n|faint|p1a: Benito\n|-end|p1a: Benito|Protosynthesis|[silent]\n|-damage|p2b: Arcanine|57\/100|[from] Recoil\n|\n|upkeep\n|turn|9\n|\n|t:|1682658789\n|move|p2b: Arcanine|Extreme Speed|p1b: PlusUltra\n|-damage|p1b: PlusUltra|64\/100\n|move|p1b: PlusUltra|Wave Crash|p2b: Arcanine\n|-resisted|p2b: Arcanine\n|-crit|p2b: Arcanine\n|-damage|p2b: Arcanine|7\/100\n|-damage|p1b: PlusUltra|50\/100|[from] Recoil\n|\n|upkeep\n|turn|10\n|\n|t:|1682658799\n|move|p1b: PlusUltra|Protect|p1b: PlusUltra\n|-singleturn|p1b: PlusUltra|Protect\n|move|p2b: Arcanine|Flare Blitz|p1b: PlusUltra\n|-activate|p1b: PlusUltra|move: Protect\n|\n|upkeep\n|turn|11\n|\n|t:|1682658806\n|move|p2b: Arcanine|Protect|p2b: Arcanine\n|-singleturn|p2b: Arcanine|Protect\n|move|p1b: PlusUltra|Jet Punch|p2b: Arcanine\n|-activate|p2b: Arcanine|move: Protect\n|\n|upkeep\n|turn|12\n|\n|t:|1682658812\n|move|p2b: Arcanine|Extreme Speed|p1b: PlusUltra\n|-damage|p1b: PlusUltra|23\/100\n|move|p1b: PlusUltra|Jet Punch|p2b: Arcanine\n|-resisted|p2b: Arcanine\n|-damage|p2b: Arcanine|0 fnt\n|faint|p2b: Arcanine\n|\n|win|anshar_training\n|raw|anshar_training's rating: 1120 → 1137<\/strong> (+17 for winning)\n|raw|Beast2018's rating: 1000 → 1000<\/strong> (+0 for losing)\n","uploadtime":1682658822,"views":5,"p1id":"anshartraining","p2id":"beast2018","formatid":"gen9vgc2023regulationc","rating":1000,"private":0,"password":""}