{"id":"gen9vgc2023regulationc-1849142899","p1":"Piff92","p2":"xxxlop","format":"[Gen 9] VGC 2023 Regulation C","log":"|j|\u2606Piff92\n|j|\u2606xxxlop\n|t:|1682163277\n|gametype|doubles\n|player|p1|Piff92|265|1304\n|player|p2|xxxlop|red|1330\n|teamsize|p1|6\n|teamsize|p2|6\n|gen|9\n|tier|[Gen 9] VGC 2023 Regulation C\n|rated|\n|rule|Species Clause: Limit one of each Pok\u00e9mon\n|rule|Item Clause: Limit one of each item\n|clearpoke\n|poke|p1|Armarouge, L50, M|\n|poke|p1|Indeedee-F, L50, F|\n|poke|p1|Azumarill, L50, F|\n|poke|p1|Florges-Orange, L50, F|\n|poke|p1|Flutter Mane, L50|\n|poke|p1|Talonflame, L50, M|\n|poke|p2|Garganacl, L50, F|\n|poke|p2|Flutter Mane, L50|\n|poke|p2|Iron Hands, L50|\n|poke|p2|Baxcalibur, L50, F|\n|poke|p2|Murkrow, L50, F|\n|poke|p2|Corviknight, L50, F|\n|teampreview|4\n|\n|t:|1682163330\n|start\n|switch|p1a: Talonflame|Talonflame, L50, M|100\/100\n|switch|p1b: Florges|Florges-Orange, L50, F|100\/100\n|switch|p2a: Garganacl|Garganacl, L50, F|100\/100\n|switch|p2b: Baxcalibur|Baxcalibur, L50, F|100\/100\n|turn|1\n|inactive|Battle timer is ON: inactive players will automatically lose when time's up. (requested by xxxlop)\n|\n|t:|1682163369\n|-terastallize|p2b: Baxcalibur|Ground\n|move|p1b: Florges|Protect|p1b: Florges\n|-singleturn|p1b: Florges|Protect\n|move|p1a: Talonflame|Brave Bird|p2b: Baxcalibur\n|-damage|p2b: Baxcalibur|65\/100\n|-damage|p1a: Talonflame|89\/100|[from] Recoil\n|move|p2b: Baxcalibur|Icicle Crash|p1b: Florges\n|-activate|p1b: Florges|move: Protect\n|move|p2a: Garganacl|Salt Cure|p1a: Talonflame\n|-supereffective|p1a: Talonflame\n|-damage|p1a: Talonflame|11\/100\n|\n|upkeep\n|turn|2\n|inactive|Piff92 has 30 seconds left.\n|inactive|Piff92 has 20 seconds left.\n|inactive|Piff92 has 15 seconds left.\n|inactive|Piff92 has 10 seconds left.\n|\n|t:|1682163415\n|move|p2b: Baxcalibur|Ice Shard|p1a: Talonflame\n|-crit|p1a: Talonflame\n|-damage|p1a: Talonflame|0 fnt\n|faint|p1a: Talonflame\n|move|p1b: Florges|Moonblast|p2b: Baxcalibur\n|-damage|p2b: Baxcalibur|18\/100\n|-damage|p1b: Florges|91\/100|[from] item: Life Orb\n|move|p2a: Garganacl|Salt Cure|p1b: Florges\n|-damage|p1b: Florges|71\/100\n|-start|p1b: Florges|Salt Cure\n|\n|-damage|p1b: Florges|59\/100|[from] Salt Cure\n|upkeep\n|\n|t:|1682163428\n|switch|p1a: Flutter Mane|Flutter Mane, L50|100\/100\n|-enditem|p1a: Flutter Mane|Booster Energy\n|-activate|p1b: Florges|ability: Symbiosis|Life Orb|[of] p1a: Flutter Mane\n|-activate|p1a: Flutter Mane|ability: Protosynthesis|[fromitem]\n|-start|p1a: Flutter Mane|protosynthesisspe\n|turn|3\n|inactive|Piff92 has 30 seconds left.\n|\n|t:|1682163457\n|switch|p2b: Corviknight|Corviknight, L50, F|100\/100\n|-terastallize|p1a: Flutter Mane|Fairy\n|move|p1b: Florges|Helping Hand|p1a: Flutter Mane\n|-singleturn|p1a: Flutter Mane|Helping Hand|[of] p1b: Florges\n|move|p1a: Flutter Mane|Dazzling Gleam|p2a: Garganacl|[spread] p2a,p2b\n|-resisted|p2b: Corviknight\n|-damage|p2a: Garganacl|38\/100\n|-damage|p2b: Corviknight|60\/100\n|-damage|p1a: Flutter Mane|90\/100|[from] item: Life Orb\n|move|p2a: Garganacl|Salt Cure|p1a: Flutter Mane\n|-damage|p1a: Flutter Mane|60\/100\n|-start|p1a: Flutter Mane|Salt Cure\n|\n|-heal|p2a: Garganacl|43\/100|[from] item: Leftovers\n|-damage|p1a: Flutter Mane|48\/100|[from] Salt Cure\n|-damage|p1b: Florges|46\/100|[from] Salt Cure\n|upkeep\n|turn|4\n|inactive|Piff92 has 30 seconds left.\n|\n|t:|1682163482\n|move|p2a: Garganacl|Wide Guard|p2a: Garganacl\n|-singleturn|p2a: Garganacl|Wide Guard\n|move|p1a: Flutter Mane|Mystical Fire|p2b: Corviknight\n|-supereffective|p2b: Corviknight\n|-damage|p2b: Corviknight|0 fnt\n|faint|p2b: Corviknight\n|-damage|p1a: Flutter Mane|38\/100|[from] item: Life Orb\n|move|p1b: Florges|Pollen Puff|p1a: Flutter Mane\n|-heal|p1a: Flutter Mane|88\/100\n|\n|-heal|p2a: Garganacl|49\/100|[from] item: Leftovers\n|-damage|p1a: Flutter Mane|76\/100|[from] Salt Cure\n|-damage|p1b: Florges|34\/100|[from] Salt Cure\n|upkeep\n|\n|t:|1682163500\n|switch|p2b: Baxcalibur|Baxcalibur, L50, F, tera:Ground|18\/100\n|turn|5\n|inactive|Piff92 has 30 seconds left.\n|\n|t:|1682163526\n|move|p2a: Garganacl|Wide Guard|p2a: Garganacl\n|-singleturn|p2a: Garganacl|Wide Guard\n|move|p2b: Baxcalibur|Ice Shard|p1a: Flutter Mane\n|-damage|p1a: Flutter Mane|17\/100\n|move|p1a: Flutter Mane|Shadow Ball|p2b: Baxcalibur\n|-damage|p2b: Baxcalibur|0 fnt\n|faint|p2b: Baxcalibur\n|-damage|p1a: Flutter Mane|7\/100|[from] item: Life Orb\n|move|p1b: Florges|Moonblast|p2a: Garganacl\n|-damage|p2a: Garganacl|10\/100\n|\n|-heal|p2a: Garganacl|16\/100|[from] item: Leftovers\n|-damage|p1a: Flutter Mane|0 fnt|[from] Salt Cure\n|faint|p1a: Flutter Mane\n|-end|p1a: Flutter Mane|Protosynthesis|[silent]\n|-damage|p1b: Florges|22\/100|[from] Salt Cure\n|upkeep\n|\n|t:|1682163545\n|switch|p1a: Azumarill|Azumarill, L50, F|100\/100\n|switch|p2b: Flutter Mane|Flutter Mane, L50|100\/100\n|turn|6\n|\n|t:|1682163563\n|move|p1b: Florges|Helping Hand|p1a: Azumarill\n|-singleturn|p1a: Azumarill|Helping Hand|[of] p1b: Florges\n|move|p1a: Azumarill|Aqua Jet|p2b: Flutter Mane\n|-damage|p2b: Flutter Mane|30\/100\n|move|p2b: Flutter Mane|Dazzling Gleam|p1a: Azumarill|[spread] p1a,p1b\n|-damage|p1a: Azumarill|73\/100\n|-damage|p1b: Florges|0 fnt\n|faint|p1b: Florges\n|-damage|p2b: Flutter Mane|20\/100|[from] item: Life Orb\n|move|p2a: Garganacl|Salt Cure|p1a: Azumarill\n|-damage|p1a: Azumarill|57\/100\n|-start|p1a: Azumarill|Salt Cure\n|\n|-heal|p2a: Garganacl|22\/100|[from] item: Leftovers\n|-damage|p1a: Azumarill|32\/100|[from] Salt Cure\n|upkeep\n|turn|7\n|inactive|Piff92 has 30 seconds left.\n|inactive|xxxlop has 30 seconds left.\n|\n|t:|1682163591\n|move|p2b: Flutter Mane|Protect|p2b: Flutter Mane\n|-singleturn|p2b: Flutter Mane|Protect\n|move|p1a: Azumarill|Aqua Jet|p2a: Garganacl\n|-supereffective|p2a: Garganacl\n|-damage|p2a: Garganacl|0 fnt\n|faint|p2a: Garganacl\n|\n|-damage|p1a: Azumarill|7\/100|[from] Salt Cure\n|upkeep\n|turn|8\n|\n|t:|1682163602\n|move|p2b: Flutter Mane|Protect||[still]\n|-fail|p2b: Flutter Mane\n|move|p1a: Azumarill|Aqua Jet|p2b: Flutter Mane\n|-damage|p2b: Flutter Mane|0 fnt\n|faint|p2b: Flutter Mane\n|-end|p2b: Flutter Mane|Protosynthesis|[silent]\n|\n|win|Piff92\n|raw|Piff92's rating: 1304 → 1325<\/strong> (+21 for winning)\n|raw|xxxlop's rating: 1330 → 1309<\/strong> (-21 for losing)\n","uploadtime":1682163618,"views":15,"p1id":"piff92","p2id":"xxxlop","formatid":"gen9vgc2023regulationc","rating":1309,"private":0,"password":""}