{"id":"gen9vgc2023regulationc-1860674635","p1":"Bricclow","p2":"varca","format":"[Gen 9] VGC 2023 Regulation C","log":"|j|\u2606Bricclow\n|j|\u2606varca\n|t:|1683664970\n|gametype|doubles\n|player|p1|Bricclow|101|1143\n|player|p2|varca|clown|1075\n|teamsize|p1|6\n|teamsize|p2|6\n|gen|9\n|tier|[Gen 9] VGC 2023 Regulation C\n|rated|\n|rule|Species Clause: Limit one of each Pok\u00e9mon\n|rule|Item Clause: Limit one of each item\n|clearpoke\n|poke|p1|Cyclizar, L50, M|\n|poke|p1|Talonflame, L50, F|\n|poke|p1|Gastrodon-East, L50, F|\n|poke|p1|Flutter Mane, L50|\n|poke|p1|Eelektross, L50, M|\n|poke|p1|Kingambit, L50, M|\n|poke|p2|Garchomp, L50, M|\n|poke|p2|Ting-Lu, L50|\n|poke|p2|Breloom, L50, M|\n|poke|p2|Quaquaval, L50, F|\n|poke|p2|Amoonguss, L50, M|\n|poke|p2|Arcanine, L50, M|\n|teampreview|4\n|\n|t:|1683665006\n|start\n|switch|p1a: Eelektross|Eelektross, L50, M, shiny|100\/100\n|switch|p1b: Cyclizar|Cyclizar, L50, M|100\/100\n|switch|p2a: Quaquaval|Quaquaval, L50, F|100\/100\n|switch|p2b: Amoonguss|Amoonguss, L50, M|100\/100\n|turn|1\n|\n|t:|1683665024\n|move|p2b: Amoonguss|Rage Powder|p2b: Amoonguss\n|-singleturn|p2b: Amoonguss|move: Rage Powder\n|move|p1b: Cyclizar|Taunt|p2b: Amoonguss\n|-start|p2b: Amoonguss|move: Taunt\n|-enditem|p2b: Amoonguss|Mental Herb\n|-end|p2b: Amoonguss|move: Taunt\n|move|p2a: Quaquaval|Aqua Step|p1a: Eelektross\n|-damage|p1a: Eelektross|44\/100\n|-boost|p2a: Quaquaval|spe|1\n|move|p1a: Eelektross|Thunder Punch|p2b: Amoonguss\n|-resisted|p2b: Amoonguss\n|-damage|p2b: Amoonguss|85\/100\n|-status|p2b: Amoonguss|par\n|\n|upkeep\n|turn|2\n|\n|t:|1683665048\n|switch|p1a: Gastrodon|Gastrodon-East, L50, F|100\/100\n|switch|p2b: Garchomp|Garchomp, L50, M|100\/100\n|move|p2a: Quaquaval|Aqua Step|p1a: Gastrodon\n|-ability|p1a: Gastrodon|Storm Drain|boost\n|-boost|p1a: Gastrodon|spa|1\n|move|p1b: Cyclizar|Taunt|p2b: Garchomp\n|-start|p2b: Garchomp|move: Taunt\n|\n|upkeep\n|turn|3\n|\n|t:|1683665065\n|move|p2a: Quaquaval|Swords Dance|p2a: Quaquaval\n|-boost|p2a: Quaquaval|atk|2\n|move|p1b: Cyclizar|Breaking Swipe|p2a: Quaquaval|[spread] p2a,p2b\n|-supereffective|p2b: Garchomp\n|-damage|p2a: Quaquaval|80\/100\n|-damage|p2b: Garchomp|77\/100\n|-unboost|p2a: Quaquaval|atk|1\n|-unboost|p2b: Garchomp|atk|1\n|-damage|p1b: Cyclizar|88\/100|[from] ability: Rough Skin|[of] p2b: Garchomp\n|-damage|p1b: Cyclizar|72\/100|[from] item: Rocky Helmet|[of] p2b: Garchomp\n|move|p2b: Garchomp|Dragon Claw|p1b: Cyclizar\n|-supereffective|p1b: Cyclizar\n|-damage|p1b: Cyclizar|9\/100\n|-enditem|p1b: Cyclizar|Sitrus Berry|[eat]\n|-heal|p1b: Cyclizar|34\/100|[from] item: Sitrus Berry\n|move|p1a: Gastrodon|Clear Smog|p2a: Quaquaval\n|-damage|p2a: Quaquaval|57\/100\n|-clearboost|p2a: Quaquaval\n|\n|upkeep\n|turn|4\n|\n|t:|1683665092\n|move|p1b: Cyclizar|Ice Spinner|p2b: Garchomp\n|-supereffective|p2b: Garchomp\n|-damage|p2b: Garchomp|25\/100\n|-damage|p1b: Cyclizar|22\/100|[from] ability: Rough Skin|[of] p2b: Garchomp\n|-damage|p1b: Cyclizar|5\/100|[from] item: Rocky Helmet|[of] p2b: Garchomp\n|move|p2a: Quaquaval|Ice Spinner|p1b: Cyclizar\n|-supereffective|p1b: Cyclizar\n|-damage|p1b: Cyclizar|0 fnt\n|faint|p1b: Cyclizar\n|-ability|p2a: Quaquaval|Moxie|boost\n|-boost|p2a: Quaquaval|atk|1\n|move|p2b: Garchomp|Dragon Claw|p1a: Gastrodon\n|-damage|p1a: Gastrodon|82\/100\n|move|p1a: Gastrodon|Earth Power|p2a: Quaquaval\n|-damage|p2a: Quaquaval|0 fnt\n|faint|p2a: Quaquaval\n|\n|-heal|p1a: Gastrodon|88\/100|[from] item: Leftovers\n|-end|p2b: Garchomp|move: Taunt\n|upkeep\n|\n|t:|1683665115\n|switch|p1b: Flutter Mane|Flutter Mane, L50|100\/100\n|switch|p2a: Amoonguss|Amoonguss, L50, M|100\/100 par\n|-enditem|p1b: Flutter Mane|Booster Energy\n|-activate|p1b: Flutter Mane|ability: Protosynthesis|[fromitem]\n|-start|p1b: Flutter Mane|protosynthesisspe\n|turn|5\n|\n|t:|1683665134\n|move|p2b: Garchomp|Protect|p2b: Garchomp\n|-singleturn|p2b: Garchomp|Protect\n|move|p1b: Flutter Mane|Shadow Ball|p2a: Amoonguss\n|-damage|p2a: Amoonguss|69\/100 par\n|move|p1a: Gastrodon|Earth Power|p2b: Garchomp\n|-activate|p2b: Garchomp|move: Protect\n|cant|p2a: Amoonguss|par\n|\n|-heal|p1a: Gastrodon|94\/100|[from] item: Leftovers\n|upkeep\n|turn|6\n|-message|varca forfeited.\n|\n|win|Bricclow\n|raw|Bricclow's rating: 1143 → 1163<\/strong> (+20 for winning)\n|raw|varca's rating: 1075 → 1058<\/strong> (-17 for losing)\n|l|\u2606varca\n","uploadtime":1683665177,"views":11,"p1id":"bricclow","p2id":"varca","formatid":"gen9vgc2023regulationc","rating":1058,"private":0,"password":""}