{"id":"gen9vgc2023regulationc-1852633849","p1":"sidbuu","p2":"kcjrmessi","format":"[Gen 9] VGC 2023 Regulation C","log":"|j|\u2606sidbuu\n|j|\u2606kcjrmessi\n|t:|1682588672\n|gametype|doubles\n|player|p1|sidbuu|galacticgruntf|1113\n|player|p2|kcjrmessi|steven|1135\n|teamsize|p1|6\n|teamsize|p2|6\n|gen|9\n|tier|[Gen 9] VGC 2023 Regulation C\n|rated|\n|rule|Species Clause: Limit one of each Pok\u00e9mon\n|rule|Item Clause: Limit one of each item\n|clearpoke\n|poke|p1|Azumarill, L50, F|\n|poke|p1|Gothitelle, L50, F|\n|poke|p1|Ting-Lu, L50|\n|poke|p1|Gyarados, L50, M|\n|poke|p1|Grimmsnarl, L50, M|\n|poke|p1|Amoonguss, L50, M|\n|poke|p2|Meowscarada, L50, F|\n|poke|p2|Hydreigon, L50, F|\n|poke|p2|Arcanine, L50, F|\n|poke|p2|Palafin, L50, M|\n|poke|p2|Flutter Mane, L50|\n|poke|p2|Gothitelle, L50, F|\n|teampreview|4\nkcjrmessi has agreed to open team sheets.\n|\n|t:|1682588698\n|start\n|switch|p1a: Amoonguss|Amoonguss, L50, M|100\/100\n|switch|p1b: Ting-Lu|Ting-Lu, L50|100\/100\n|switch|p2a: Meowscarada|Meowscarada, L50, F, shiny|100\/100\n|switch|p2b: Hydreigon|Hydreigon, L50, F|100\/100\n|-ability|p1b: Ting-Lu|Vessel of Ruin\n|turn|1\n|inactive|Battle timer is ON: inactive players will automatically lose when time's up. (requested by kcjrmessi)\n|\n|t:|1682588719\n|-terastallize|p2a: Meowscarada|Grass\n|move|p2b: Hydreigon|Protect|p2b: Hydreigon\n|-singleturn|p2b: Hydreigon|Protect\n|move|p2a: Meowscarada|Flower Trick|p1b: Ting-Lu\n|-supereffective|p1b: Ting-Lu\n|-crit|p1b: Ting-Lu\n|-damage|p1b: Ting-Lu|0 fnt\n|faint|p1b: Ting-Lu\n|move|p1a: Amoonguss|Pollen Puff|p2a: Meowscarada\n|-supereffective|p2a: Meowscarada\n|-damage|p2a: Meowscarada|41\/100\n|\n|upkeep\n|\n|t:|1682588736\n|switch|p1b: Gothitelle|Gothitelle, L50, F|100\/100\n|turn|2\n|\n|t:|1682588751\n|move|p1b: Gothitelle|Fake Out|p2b: Hydreigon\n|-damage|p2b: Hydreigon|94\/100\n|move|p2a: Meowscarada|Flower Trick|p1b: Gothitelle\n|-crit|p1b: Gothitelle\n|-damage|p1b: Gothitelle|2\/100\n|-enditem|p1b: Gothitelle|Sitrus Berry|[eat]\n|-heal|p1b: Gothitelle|27\/100|[from] item: Sitrus Berry\n|cant|p2b: Hydreigon|flinch\n|move|p1a: Amoonguss|Pollen Puff|p2a: Meowscarada\n|-supereffective|p2a: Meowscarada\n|-damage|p2a: Meowscarada|0 fnt\n|faint|p2a: Meowscarada\n|\n|upkeep\n|\n|t:|1682588765\n|switch|p2a: Palafin|Palafin, L50, M|100\/100\n|turn|3\n|\n|t:|1682588780\n|move|p1b: Gothitelle|Protect|p1b: Gothitelle\n|-singleturn|p1b: Gothitelle|Protect\n|move|p2a: Palafin|Jet Punch|p1b: Gothitelle\n|-activate|p1b: Gothitelle|move: Protect\n|move|p2b: Hydreigon|Tailwind|p2b: Hydreigon\n|-sidestart|p2: kcjrmessi|move: Tailwind\n|move|p1a: Amoonguss|Spore|p2b: Hydreigon\n|-activate|p2b: Hydreigon|item: Safety Goggles|Spore\n|\n|upkeep\n|turn|4\n|inactive|sidbuu has 30 seconds left.\n|\n|t:|1682588812\n|switch|p1b: Gyarados|Gyarados, L50, M|100\/100\n|-ability|p1b: Gyarados|Intimidate|boost\n|-unboost|p2a: Palafin|atk|1\n|-unboost|p2b: Hydreigon|atk|1\n|move|p2a: Palafin|Jet Punch|p1b: Gyarados\n|-resisted|p1b: Gyarados\n|-damage|p1b: Gyarados|92\/100\n|move|p2b: Hydreigon|Dark Pulse|p1a: Amoonguss\n|-damage|p1a: Amoonguss|62\/100\n|move|p1a: Amoonguss|Pollen Puff|p2b: Hydreigon\n|-supereffective|p2b: Hydreigon\n|-damage|p2b: Hydreigon|48\/100\n|\n|upkeep\n|turn|5\n|inactive|sidbuu has 30 seconds left.\n|\n|t:|1682588839\n|detailschange|p2a: Palafin|Palafin-Hero, L50, M\n|switch|p2a: Arcanine|Arcanine, L50, F|100\/100\n|-ability|p2a: Arcanine|Intimidate|boost\n|-unboost|p1a: Amoonguss|atk|1\n|-unboost|p1b: Gyarados|atk|1\n|move|p2b: Hydreigon|Draco Meteor|p1a: Amoonguss\n|-damage|p1a: Amoonguss|2\/100\n|-unboost|p2b: Hydreigon|spa|2\n|move|p1b: Gyarados|Dragon Dance|p1b: Gyarados\n|-boost|p1b: Gyarados|atk|1\n|-boost|p1b: Gyarados|spe|1\n|move|p1a: Amoonguss|Spore|p2a: Arcanine\n|-status|p2a: Arcanine|slp|[from] move: Spore\n|\n|upkeep\n|turn|6\n|inactive|kcjrmessi has 30 seconds left.\n|\n|t:|1682588869\n|switch|p1a: Gothitelle|Gothitelle, L50, F|27\/100\n|cant|p2a: Arcanine|slp\n|move|p2b: Hydreigon|Dark Pulse|p1a: Gothitelle\n|-supereffective|p1a: Gothitelle\n|-damage|p1a: Gothitelle|0 fnt\n|faint|p1a: Gothitelle\n|move|p1b: Gyarados|Dragon Dance|p1b: Gyarados\n|-boost|p1b: Gyarados|atk|1\n|-boost|p1b: Gyarados|spe|1\n|\n|-sideend|p2: kcjrmessi|move: Tailwind\n|upkeep\n|\n|t:|1682588879\n|switch|p1a: Amoonguss|Amoonguss, L50, M|35\/100\n|turn|7\n|inactive|sidbuu has 30 seconds left.\n|\n|t:|1682588911\n|move|p1b: Gyarados|Waterfall|p2a: Arcanine\n|-supereffective|p2a: Arcanine\n|-damage|p2a: Arcanine|0 fnt\n|faint|p2a: Arcanine\n|move|p2b: Hydreigon|Tailwind|p2b: Hydreigon\n|-sidestart|p2: kcjrmessi|move: Tailwind\n|move|p1a: Amoonguss|Pollen Puff|p1b: Gyarados\n|-heal|p1b: Gyarados|100\/100\n|\n|upkeep\n|\n|t:|1682588920\n|switch|p2a: Palafin|Palafin-Hero, L50, M|100\/100\n|-activate|p2a: Palafin|ability: Zero to Hero\n|turn|8\n|inactive|sidbuu has 30 seconds left.\n|\n|t:|1682588947\n|-terastallize|p1b: Gyarados|Steel\n|move|p2b: Hydreigon|Protect|p2b: Hydreigon\n|-singleturn|p2b: Hydreigon|Protect\n|move|p1a: Amoonguss|Rage Powder|p1a: Amoonguss\n|-singleturn|p1a: Amoonguss|move: Rage Powder\n|move|p2a: Palafin|Haze|p2a: Palafin\n|-clearallboost\n|move|p1b: Gyarados|Iron Head|p2b: Hydreigon\n|-activate|p2b: Hydreigon|move: Protect\n|\n|upkeep\n|turn|9\n|\n|t:|1682588964\n|move|p1a: Amoonguss|Rage Powder|p1a: Amoonguss\n|-singleturn|p1a: Amoonguss|move: Rage Powder\n|move|p2a: Palafin|Wave Crash|p1a: Amoonguss\n|-resisted|p1a: Amoonguss\n|-damage|p1a: Amoonguss|0 fnt\n|-damage|p2a: Palafin|84\/100|[from] item: Rocky Helmet|[of] p1a: Amoonguss\n|faint|p1a: Amoonguss\n|-damage|p2a: Palafin|72\/100|[from] Recoil\n|move|p2b: Hydreigon|Dark Pulse|p1b: Gyarados\n|-damage|p1b: Gyarados|60\/100\n|move|p1b: Gyarados|Dragon Dance|p1b: Gyarados\n|-boost|p1b: Gyarados|atk|1\n|-boost|p1b: Gyarados|spe|1\n|\n|upkeep\n|turn|10\n|\n|t:|1682588984\n|move|p2a: Palafin|Jet Punch|p1b: Gyarados\n|-damage|p1b: Gyarados|17\/100\n|move|p2b: Hydreigon|Dark Pulse|p1b: Gyarados\n|-crit|p1b: Gyarados\n|-damage|p1b: Gyarados|0 fnt\n|faint|p1b: Gyarados\n|\n|win|kcjrmessi\n|raw|sidbuu's rating: 1113 → 1090<\/strong> (-23 for losing)\n|raw|kcjrmessi's rating: 1135 → 1158<\/strong> (+23 for winning)\n|c|\u2606kcjrmessi|gg\n|l|\u2606sidbuu\n","uploadtime":1682588998,"views":5,"p1id":"sidbuu","p2id":"kcjrmessi","formatid":"gen9vgc2023regulationc","rating":1090,"private":0,"password":""}