{"id":"gen9vgc2023regulationc-1846738894","p1":"sinoj9214","p2":"aoueaoeua","format":"[Gen 9] VGC 2023 Regulation C","log":"|j|\u2606sinoj9214\n|j|\u2606aoueaoeua\n|t:|1681872308\n|gametype|doubles\n|player|p1|sinoj9214|brawly|1000\n|player|p2|aoueaoeua|2|1093\n|teamsize|p1|6\n|teamsize|p2|6\n|gen|9\n|tier|[Gen 9] VGC 2023 Regulation C\n|rated|\n|rule|Species Clause: Limit one of each Pok\u00e9mon\n|rule|Item Clause: Limit one of each item\n|clearpoke\n|poke|p1|Palafin, L50, F|\n|poke|p1|Chien-Pao, L50|\n|poke|p1|Dragapult, L50, M|\n|poke|p1|Amoonguss, L50, M|\n|poke|p1|Arcanine, L50, M|\n|poke|p1|Flutter Mane, L50|\n|poke|p2|Ceruledge, L50, F|\n|poke|p2|Torkoal, L50, M|\n|poke|p2|Oranguru, L50, F|\n|poke|p2|Brute Bonnet, L50|\n|poke|p2|Armarouge, L50, M|\n|poke|p2|Dachsbun, L50, M|\n|teampreview|4\nsinoj9214 has agreed to open team sheets.\n|\n|t:|1681872347\n|start\n|switch|p1a: Palafin|Palafin, L50, F|100\/100\n|switch|p1b: Dragapult|Dragapult, L50, M|100\/100\n|switch|p2a: Oranguru|Oranguru, L50, F|100\/100\n|switch|p2b: Torkoal|Torkoal, L50, M|100\/100\n|-weather|SunnyDay|[from] ability: Drought|[of] p2b: Torkoal\n|turn|1\n|\n|t:|1681872369\n|detailschange|p1a: Palafin|Palafin-Hero, L50, F\n|switch|p1a: Arcanine|Arcanine, L50, M|100\/100\n|-ability|p1a: Arcanine|Intimidate|boost\n|-fail|p2a: Oranguru|unboost|Attack|[from] ability: Inner Focus|[of] p2a: Oranguru\n|-unboost|p2b: Torkoal|atk|1\n|switch|p2b: Brute Bonnet|Brute Bonnet, L50|100\/100\n|-activate|p2b: Brute Bonnet|ability: Protosynthesis\n|-start|p2b: Brute Bonnet|protosynthesisspd\n|move|p1b: Dragapult|U-turn|p2a: Oranguru\n|-supereffective|p2a: Oranguru\n|-damage|p2a: Oranguru|38\/100\n|\n|t:|1681872381\n|switch|p1b: Palafin|Palafin-Hero, L50, F|100\/100|[from] U-turn\n|-activate|p1b: Palafin|ability: Zero to Hero\n|move|p2a: Oranguru|Trick Room|p2a: Oranguru\n|-fieldstart|move: Trick Room|[of] p2a: Oranguru\n|\n|-weather|SunnyDay|[upkeep]\n|upkeep\n|turn|2\n|\n|t:|1681872409\n|switch|p2a: Ceruledge|Ceruledge, L50, F|100\/100\n|move|p1b: Palafin|Protect|p1b: Palafin\n|-singleturn|p1b: Palafin|Protect\n|move|p1a: Arcanine|Extreme Speed|p2a: Ceruledge\n|-immune|p2a: Ceruledge\n|move|p2b: Brute Bonnet|Spore|p1b: Palafin\n|-activate|p1b: Palafin|move: Protect\n|\n|-weather|SunnyDay|[upkeep]\n|upkeep\n|turn|3\n|\n|t:|1681872425\n|switch|p1b: Amoonguss|Amoonguss, L50, M|100\/100\n|move|p2b: Brute Bonnet|Spore|p1a: Arcanine\n|-activate|p1a: Arcanine|item: Safety Goggles|Spore\n|move|p2a: Ceruledge|Solar Blade||[still]\n|-prepare|p2a: Ceruledge|Solar Blade\n|-anim|p2a: Ceruledge|Solar Blade|p1b: Amoonguss\n|-resisted|p1b: Amoonguss\n|-damage|p1b: Amoonguss|87\/100\n|-damage|p2a: Ceruledge|91\/100|[from] item: Life Orb\n|move|p1a: Arcanine|Flare Blitz|p2b: Brute Bonnet\n|-supereffective|p2b: Brute Bonnet\n|-damage|p2b: Brute Bonnet|0 fnt\n|faint|p2b: Brute Bonnet\n|-end|p2b: Brute Bonnet|Protosynthesis|[silent]\n|-damage|p1a: Arcanine|69\/100|[from] Recoil\n|\n|-weather|SunnyDay|[upkeep]\n|upkeep\n|\n|t:|1681872441\n|switch|p2b: Torkoal|Torkoal, L50, M|100\/100\n|turn|4\n|\n|t:|1681872462\n|move|p1b: Amoonguss|Protect|p1b: Amoonguss\n|-singleturn|p1b: Amoonguss|Protect\n|move|p1a: Arcanine|Extreme Speed|p2b: Torkoal\n|-damage|p2b: Torkoal|84\/100\n|move|p2b: Torkoal|Lava Plume|p1b: Amoonguss|[spread] p1a\n|-activate|p1b: Amoonguss|move: Protect\n|-start|p2a: Ceruledge|ability: Flash Fire\n|-resisted|p1a: Arcanine\n|-damage|p1a: Arcanine|49\/100\n|move|p2a: Ceruledge|Bitter Blade|p1b: Amoonguss\n|-activate|p1b: Amoonguss|move: Protect\n|\n|-weather|SunnyDay|[upkeep]\n|upkeep\n|turn|5\n|\n|t:|1681872494\n|switch|p1b: Palafin|Palafin-Hero, L50, F|100\/100\n|move|p1a: Arcanine|Extreme Speed|p2b: Torkoal\n|-damage|p2b: Torkoal|67\/100\n|move|p2b: Torkoal|Earth Power|p1a: Arcanine\n|-supereffective|p1a: Arcanine\n|-damage|p1a: Arcanine|0 fnt\n|faint|p1a: Arcanine\n|move|p2a: Ceruledge|Bitter Blade|p1b: Palafin\n|-resisted|p1b: Palafin\n|-damage|p1b: Palafin|41\/100\n|-heal|p2a: Ceruledge|100\/100|[from] drain|[of] p1b: Palafin\n|-damage|p2a: Ceruledge|91\/100|[from] item: Life Orb\n|\n|-weather|SunnyDay|[upkeep]\n|-fieldend|move: Trick Room\n|upkeep\n|\n|t:|1681872508\n|switch|p1a: Dragapult|Dragapult, L50, M|100\/100\n|turn|6\n|\n|t:|1681872525\n|-terastallize|p1b: Palafin|Water\n|move|p1b: Palafin|Jet Punch|p2a: Ceruledge\n|-supereffective|p2a: Ceruledge\n|-damage|p2a: Ceruledge|11\/100\n|move|p1a: Dragapult|Dragon Darts|p2b: Torkoal\n|-damage|p2b: Torkoal|36\/100\n|-anim|p1a: Dragapult|Dragon Darts|p2a: Ceruledge\n|-damage|p2a: Ceruledge|0 fnt\n|faint|p2a: Ceruledge\n|move|p2b: Torkoal|Solar Beam||[still]\n|-prepare|p2b: Torkoal|Solar Beam\n|-anim|p2b: Torkoal|Solar Beam|p1b: Palafin\n|-supereffective|p1b: Palafin\n|-damage|p1b: Palafin|0 fnt\n|faint|p1b: Palafin\n|\n|-weather|SunnyDay|[upkeep]\n|upkeep\n|\n|t:|1681872540\n|switch|p1b: Amoonguss|Amoonguss, L50, M|100\/100\n|switch|p2a: Oranguru|Oranguru, L50, F|38\/100\n|turn|7\n|\n|t:|1681872555\n|move|p1a: Dragapult|Dragon Darts|p2b: Torkoal\n|-damage|p2b: Torkoal|8\/100\n|-anim|p1a: Dragapult|Dragon Darts|p2a: Oranguru\n|-damage|p2a: Oranguru|5\/100\n|move|p1b: Amoonguss|Pollen Puff|p2a: Oranguru\n|-supereffective|p2a: Oranguru\n|-damage|p2a: Oranguru|0 fnt\n|faint|p2a: Oranguru\n|move|p2b: Torkoal|Lava Plume|p1a: Dragapult|[spread] p1a,p1b\n|-resisted|p1a: Dragapult\n|-supereffective|p1b: Amoonguss\n|-crit|p1b: Amoonguss\n|-damage|p1a: Dragapult|74\/100\n|-damage|p1b: Amoonguss|10\/100\n|-enditem|p1b: Amoonguss|Sitrus Berry|[eat]\n|-heal|p1b: Amoonguss|35\/100|[from] item: Sitrus Berry\n|\n|-weather|SunnyDay|[upkeep]\n|upkeep\n|turn|8\n|\n|t:|1681872573\n|-terastallize|p2b: Torkoal|Fire\n|move|p1a: Dragapult|Dragon Darts|p2b: Torkoal\n|-crit|p2b: Torkoal\n|-damage|p2b: Torkoal|0 fnt\n|faint|p2b: Torkoal\n|\n|win|sinoj9214\n|raw|sinoj9214's rating: 1000 → 1050<\/strong> (+50 for winning)\n|raw|aoueaoeua's rating: 1093 → 1063<\/strong> (-30 for losing)\n|l|\u2606aoueaoeua\n","uploadtime":1681872594,"views":16,"p1id":"sinoj9214","p2id":"aoueaoeua","formatid":"gen9vgc2023regulationc","rating":1050,"private":0,"password":""}