{"id":"gen9vgc2023regulationc-1860083061","p1":"AllTheBilgamesh","p2":"TSAMAVGC","format":"[Gen 9] VGC 2023 Regulation C","log":"|j|\u2606AllTheBilgamesh\n|j|\u2606TSAMAVGC\n|t:|1683593210\n|gametype|doubles\n|player|p1|AllTheBilgamesh|n|1269\n|player|p2|TSAMAVGC|2|1271\n|teamsize|p1|6\n|teamsize|p2|6\n|gen|9\n|tier|[Gen 9] VGC 2023 Regulation C\n|rated|\n|rule|Species Clause: Limit one of each Pok\u00e9mon\n|rule|Item Clause: Limit one of each item\n|clearpoke\n|poke|p1|Hydreigon, L50, F|\n|poke|p1|Chi-Yu, L50|\n|poke|p1|Flutter Mane, L50|\n|poke|p1|Kingambit, L50, M|\n|poke|p1|Great Tusk, L50|\n|poke|p1|Torkoal, L50, F|\n|poke|p2|Annihilape, L50, F|\n|poke|p2|Garganacl, L50, M|\n|poke|p2|Flutter Mane, L50|\n|poke|p2|Ting-Lu, L50|\n|poke|p2|Maushold-Four, L50|\n|poke|p2|Salazzle, L50, F|\n|teampreview|4\nTSAMAVGC has agreed to open team sheets.\n|inactive|Battle timer is ON: inactive players will automatically lose when time's up. (requested by AllTheBilgamesh)\nAllTheBilgamesh has agreed to open team sheets.\n|inactive|TSAMAVGC has 60 seconds left.\n|\n|t:|1683593259\n|start\n|switch|p1a: Chi-Yu|Chi-Yu, L50|100\/100\n|switch|p1b: Flutter Mane|Flutter Mane, L50|100\/100\n|switch|p2a: Garganacl|Garganacl, L50, M|100\/100\n|switch|p2b: Salazzle|Salazzle, L50, F|100\/100\n|-ability|p1a: Chi-Yu|Beads of Ruin\n|turn|1\n|\n|t:|1683593282\n|-terastallize|p1a: Chi-Yu|Grass\n|move|p2b: Salazzle|Toxic|p1b: Flutter Mane\n|-status|p1b: Flutter Mane|tox\n|move|p1b: Flutter Mane|Psyshock|p2b: Salazzle\n|-supereffective|p2b: Salazzle\n|-enditem|p2b: Salazzle|Focus Sash\n|-damage|p2b: Salazzle|1\/100\n|move|p1a: Chi-Yu|Tera Blast|p2a: Garganacl\n|-supereffective|p2a: Garganacl\n|-damage|p2a: Garganacl|0 fnt\n|faint|p2a: Garganacl\n|-damage|p1a: Chi-Yu|91\/100|[from] item: Life Orb\n|\n|-damage|p1b: Flutter Mane|95\/100 tox|[from] psn\n|upkeep\n|\n|t:|1683593300\n|switch|p2a: Ting-Lu|Ting-Lu, L50|100\/100\n|-ability|p2a: Ting-Lu|Vessel of Ruin\n|turn|2\n|\n|t:|1683593325\n|-end|p1b: Flutter Mane|Protosynthesis|[silent]\n|switch|p1b: Great Tusk|Great Tusk, L50|100\/100\n|-terastallize|p2a: Ting-Lu|Poison\n|move|p2b: Salazzle|Flamethrower|p1a: Chi-Yu\n|-supereffective|p1a: Chi-Yu\n|-damage|p1a: Chi-Yu|11\/100\n|move|p1a: Chi-Yu|Tera Blast|p2a: Ting-Lu\n|-resisted|p2a: Ting-Lu\n|-damage|p2a: Ting-Lu|86\/100\n|-damage|p1a: Chi-Yu|1\/100|[from] item: Life Orb\n|move|p2a: Ting-Lu|Sand Tomb|p1a: Chi-Yu\n|-resisted|p1a: Chi-Yu\n|-damage|p1a: Chi-Yu|0 fnt\n|faint|p1a: Chi-Yu\n|\n|upkeep\n|\n|t:|1683593342\n|switch|p1a: Hydreigon|Hydreigon, L50, F|100\/100\n|turn|3\n|\n|t:|1683593357\n|move|p2b: Salazzle|Toxic|p1b: Great Tusk\n|-status|p1b: Great Tusk|tox\n|move|p1a: Hydreigon|Tailwind|p1a: Hydreigon\n|-sidestart|p1: AllTheBilgamesh|move: Tailwind\n|move|p1b: Great Tusk|Earthquake|p2b: Salazzle|[spread] p2a,p2b\n|-immune|p1a: Hydreigon|[from] ability: Levitate\n|-supereffective|p2a: Ting-Lu\n|-supereffective|p2b: Salazzle\n|-damage|p2a: Ting-Lu|40\/100\n|-damage|p2b: Salazzle|0 fnt\n|faint|p2b: Salazzle\n|move|p2a: Ting-Lu|Sand Tomb|p1b: Great Tusk\n|-damage|p1b: Great Tusk|89\/100 tox\n|-activate|p1b: Great Tusk|move: Sand Tomb|[of] p2a: Ting-Lu\n|\n|-damage|p1b: Great Tusk|83\/100 tox|[from] psn\n|-damage|p1b: Great Tusk|71\/100 tox|[from] move: Sand Tomb|[partiallytrapped]\n|upkeep\n|\n|t:|1683593372\n|switch|p2b: Flutter Mane|Flutter Mane, L50|100\/100\n|-enditem|p2b: Flutter Mane|Booster Energy\n|-activate|p2b: Flutter Mane|ability: Protosynthesis|[fromitem]\n|-start|p2b: Flutter Mane|protosynthesisspe\n|turn|4\n|inactive|TSAMAVGC has 30 seconds left.\n|\n|t:|1683593403\n|move|p1a: Hydreigon|Heat Wave|p2a: Ting-Lu|[spread] p2a,p2b\n|-damage|p2a: Ting-Lu|31\/100\n|-damage|p2b: Flutter Mane|81\/100\n|move|p2b: Flutter Mane|Hex|p1b: Great Tusk\n|-damage|p1b: Great Tusk|30\/100 tox\n|move|p1b: Great Tusk|Earthquake|p2b: Flutter Mane|[spread] p2a,p2b\n|-immune|p1a: Hydreigon|[from] ability: Levitate\n|-supereffective|p2a: Ting-Lu\n|-damage|p2a: Ting-Lu|0 fnt\n|-damage|p2b: Flutter Mane|1\/100\n|faint|p2a: Ting-Lu\n|\n|-damage|p1b: Great Tusk|18\/100 tox|[from] psn\n|-end|p1b: Great Tusk|Sand Tomb|[partiallytrapped]|[silent]\n|upkeep\n|turn|5\n|\n|t:|1683593425\n|move|p2b: Flutter Mane|Protect|p2b: Flutter Mane\n|-singleturn|p2b: Flutter Mane|Protect\n|move|p1a: Hydreigon|Dark Pulse|p2b: Flutter Mane\n|-activate|p2b: Flutter Mane|move: Protect\n|move|p1b: Great Tusk|Earthquake|p2b: Flutter Mane|[spread] \n|-activate|p2b: Flutter Mane|move: Protect\n|-immune|p1a: Hydreigon|[from] ability: Levitate\n|\n|-damage|p1b: Great Tusk|1\/100 tox|[from] psn\n|upkeep\n|turn|6\n|\n|t:|1683593439\n|move|p2b: Flutter Mane|Protect||[still]\n|-fail|p2b: Flutter Mane\n|move|p1a: Hydreigon|Dark Pulse|p2b: Flutter Mane\n|-damage|p2b: Flutter Mane|0 fnt\n|faint|p2b: Flutter Mane\n|-end|p2b: Flutter Mane|Protosynthesis|[silent]\n|\n|win|AllTheBilgamesh\n|raw|AllTheBilgamesh's rating: 1269 → 1294<\/strong> (+25 for winning)\n|raw|TSAMAVGC's rating: 1271 → 1246<\/strong> (-25 for losing)\n|l|\u2606TSAMAVGC\n","uploadtime":1683593453,"views":5,"p1id":"allthebilgamesh","p2id":"tsamavgc","formatid":"gen9vgc2023regulationc","rating":1246,"private":0,"password":""}