{"id":"gen9vgc2023regulationc-1858569798","p1":"sempr9","p2":"SavannahPandaVGC","format":"[Gen 9] VGC 2023 Regulation C","log":"|j|\u2606sempr9\n|j|\u2606SavannahPandaVGC\n|t:|1683326614\n|gametype|doubles\n|player|p1|sempr9|miriam|\n|player|p2|SavannahPandaVGC|266|\n|teamsize|p1|6\n|teamsize|p2|6\n|gen|9\n|tier|[Gen 9] VGC 2023 Regulation C\n|rule|Species Clause: Limit one of each Pok\u00e9mon\n|rule|Item Clause: Limit one of each item\n|clearpoke\n|poke|p1|Tatsugiri-Droopy, L50, F|\n|poke|p1|Glimmora, L50, F|\n|poke|p1|Dondozo, L50, F|\n|poke|p1|Chi-Yu, L50|\n|poke|p1|Iron Bundle, L50|\n|poke|p1|Dragonite, L50, F|\n|poke|p2|Flutter Mane, L50|\n|poke|p2|Iron Hands, L50|\n|poke|p2|Corviknight, L50, M|\n|poke|p2|Gyarados, L50, M|\n|poke|p2|Chi-Yu, L50|\n|poke|p2|Amoonguss, L50, M|\n|teampreview|4\nSavannahPandaVGC has agreed to open team sheets.\nsempr9 has agreed to open team sheets.\n|\n|t:|1683326855\n|start\n|switch|p1a: Portabella|Glimmora, L50, F, shiny|100\/100\n|switch|p1b: Yeah Yeah|Chi-Yu, L50|100\/100\n|switch|p2a: Iron Hands|Iron Hands, L50|100\/100\n|switch|p2b: Corviknight|Corviknight, L50, M|100\/100\n|-ability|p1b: Yeah Yeah|Beads of Ruin\n|turn|1\n|\n|t:|1683326936\n|switch|p2b: Gyarados|Gyarados, L50, M|100\/100\n|-ability|p2b: Gyarados|Intimidate|boost\n|-unboost|p1a: Portabella|atk|1\n|-unboost|p1b: Yeah Yeah|atk|1\n|move|p1a: Portabella|Power Gem|p2b: Gyarados\n|-supereffective|p2b: Gyarados\n|-damage|p2b: Gyarados|27\/100\n|move|p1b: Yeah Yeah|Heat Wave|p2b: Gyarados|[spread] p2a,p2b\n|-resisted|p2b: Gyarados\n|-crit|p2b: Gyarados\n|-damage|p2a: Iron Hands|64\/100\n|-damage|p2b: Gyarados|0 fnt\n|faint|p2b: Gyarados\n|move|p2a: Iron Hands|Drain Punch|p1b: Yeah Yeah\n|-supereffective|p1b: Yeah Yeah\n|-crit|p1b: Yeah Yeah\n|-damage|p1b: Yeah Yeah|0 fnt\n|-heal|p2a: Iron Hands|93\/100|[from] drain|[of] p1b: Yeah Yeah\n|faint|p1b: Yeah Yeah\n|\n|upkeep\n|\n|t:|1683326962\n|switch|p1b: EA|Dragonite, L50, F|100\/100\n|switch|p2b: Corviknight|Corviknight, L50, M|100\/100\n|turn|2\n|\n|t:|1683327048\n|move|p1a: Portabella|Spiky Shield|p1a: Portabella\n|-singleturn|p1a: Portabella|move: Protect\n|move|p1b: EA|Dragon Dance|p1b: EA\n|-boost|p1b: EA|atk|1\n|-boost|p1b: EA|spe|1\n|move|p2b: Corviknight|Bulk Up|p2b: Corviknight\n|-boost|p2b: Corviknight|atk|1\n|-boost|p2b: Corviknight|def|1\n|move|p2a: Iron Hands|Wild Charge|p1b: EA\n|-damage|p1b: EA|75\/100\n|-damage|p2a: Iron Hands|88\/100|[from] Recoil\n|\n|upkeep\n|turn|3\n|\n|t:|1683327196\n|-terastallize|p1b: EA|Flying\n|-terastallize|p2a: Iron Hands|Grass\n|move|p1b: EA|Tera Blast|p2a: Iron Hands\n|-supereffective|p2a: Iron Hands\n|-damage|p2a: Iron Hands|0 fnt\n|faint|p2a: Iron Hands\n|-end|p2a: Iron Hands|Quark Drive|[silent]\n|move|p1a: Portabella|Earth Power|p2b: Corviknight\n|-immune|p2b: Corviknight\n|move|p2b: Corviknight|Brave Bird|p1b: EA\n|-damage|p1b: EA|13\/100\n|-damage|p2b: Corviknight|81\/100|[from] Recoil\n|\n|-heal|p2b: Corviknight|87\/100|[from] item: Leftovers\n|upkeep\n|\n|t:|1683327215\n|switch|p2a: Amoonguss|Amoonguss, L50, M|100\/100\n|turn|4\n|\n|t:|1683327254\n|move|p2a: Amoonguss|Rage Powder|p2a: Amoonguss\n|-singleturn|p2a: Amoonguss|move: Rage Powder\n|move|p1b: EA|Tera Blast|p2a: Amoonguss\n|-supereffective|p2a: Amoonguss\n|-damage|p2a: Amoonguss|0 fnt\n|faint|p2a: Amoonguss\n|move|p1a: Portabella|Power Gem|p2b: Corviknight\n|-damage|p2b: Corviknight|50\/100\n|move|p2b: Corviknight|Brave Bird|p1b: EA\n|-damage|p1b: EA|0 fnt\n|faint|p1b: EA\n|-damage|p2b: Corviknight|46\/100|[from] Recoil\n|\n|-heal|p2b: Corviknight|52\/100|[from] item: Leftovers\n|upkeep\n|\n|t:|1683327262\n|switch|p1b: Okra|Iron Bundle, L50, shiny|100\/100\n|-enditem|p1b: Okra|Booster Energy\n|-activate|p1b: Okra|ability: Quark Drive|[fromitem]\n|-start|p1b: Okra|quarkdrivespe\n|turn|5\n|\n|t:|1683327278\n|move|p1b: Okra|Hydro Pump|p2b: Corviknight|[miss]\n|-miss|p1b: Okra|p2b: Corviknight\n|move|p1a: Portabella|Power Gem|p2b: Corviknight\n|-damage|p2b: Corviknight|15\/100\n|move|p2b: Corviknight|Roost|p2b: Corviknight\n|-heal|p2b: Corviknight|65\/100\n|-singleturn|p2b: Corviknight|move: Roost\n|\n|-heal|p2b: Corviknight|71\/100|[from] item: Leftovers\n|upkeep\n|turn|6\n|\n|t:|1683327290\n|move|p1b: Okra|Hydro Pump|p2b: Corviknight\n|-damage|p2b: Corviknight|24\/100\n|move|p1a: Portabella|Power Gem|p2b: Corviknight\n|-damage|p2b: Corviknight|0 fnt\n|faint|p2b: Corviknight\n|\n|win|sempr9\n|l|\u2606sempr9\n","uploadtime":1683327567,"views":9,"p1id":"sempr9","p2id":"savannahpandavgc","formatid":"gen9vgc2023regulationc","rating":0,"private":0,"password":""}