{"id":"gen9vgc2023regulationc-1855629663","p1":"leonardoARSA","p2":"Mortipherus","format":"[Gen 9] VGC 2023 Regulation C","log":"|j|\u2606leonardoARSA\n|j|\u2606Mortipherus\n|t:|1682967960\n|gametype|doubles\n|player|p1|leonardoARSA|red|1141\n|player|p2|Mortipherus|hooligans|1197\n|teamsize|p1|6\n|teamsize|p2|6\n|gen|9\n|tier|[Gen 9] VGC 2023 Regulation C\n|rated|\n|rule|Species Clause: Limit one of each Pok\u00e9mon\n|rule|Item Clause: Limit one of each item\n|clearpoke\n|poke|p1|Indeedee-F, L50, F|\n|poke|p1|Armarouge, L50, M|\n|poke|p1|Torkoal, L50, M|\n|poke|p1|Oranguru, L50, F|\n|poke|p1|Lilligant, L50, F|\n|poke|p1|Kingambit, L50, F|\n|poke|p2|Drifblim, L50, M|\n|poke|p2|Annihilape, L50, F|\n|poke|p2|Flutter Mane, L50|\n|poke|p2|Ceruledge, L50, M|\n|poke|p2|Gholdengo, L50|\n|poke|p2|Gengar, L50, F|\n|teampreview|4\n|inactive|Battle timer is ON: inactive players will automatically lose when time's up. (requested by leonardoARSA)\n|inactive|Mortipherus has 60 seconds left.\n|\n|t:|1682968004\n|start\n|switch|p1a: Indeedee|Indeedee-F, L50, F|100\/100\n|switch|p1b: Oranguru|Oranguru, L50, F|100\/100\n|switch|p2a: Drifblim|Drifblim, L50, M|100\/100\n|switch|p2b: Ceruledge|Ceruledge, L50, M|100\/100\n|-fieldstart|move: Psychic Terrain|[from] ability: Psychic Surge|[of] p1a: Indeedee\n|-enditem|p1a: Indeedee|Psychic Seed\n|-boost|p1a: Indeedee|spd|1|[from] item: Psychic Seed\n|turn|1\n|\n|t:|1682968022\n|move|p1a: Indeedee|Follow Me|p1a: Indeedee\n|-singleturn|p1a: Indeedee|move: Follow Me\n|move|p2a: Drifblim|Tailwind|p2a: Drifblim\n|-sidestart|p2: Mortipherus|move: Tailwind\n|move|p2b: Ceruledge|Bulk Up|p2b: Ceruledge\n|-boost|p2b: Ceruledge|atk|1\n|-boost|p2b: Ceruledge|def|1\n|move|p1b: Oranguru|Trick Room|p1b: Oranguru\n|-fieldstart|move: Trick Room|[of] p1b: Oranguru\n|\n|-status|p2a: Drifblim|brn|[from] item: Flame Orb\n|upkeep\n|turn|2\n|\n|t:|1682968044\n|switch|p1a: Torkoal|Torkoal, L50, M|100\/100\n|-weather|SunnyDay|[from] ability: Drought|[of] p1a: Torkoal\n|switch|p2a: Annihilape|Annihilape, L50, F|100\/100\n|move|p1b: Oranguru|Protect|p1b: Oranguru\n|-singleturn|p1b: Oranguru|Protect\n|move|p2b: Ceruledge|Bitter Blade|p1a: Torkoal\n|-resisted|p1a: Torkoal\n|-damage|p1a: Torkoal|53\/100\n|\n|-weather|SunnyDay|[upkeep]\n|upkeep\n|turn|3\n|\n|t:|1682968067\n|-terastallize|p1a: Torkoal|Fire\n|-terastallize|p2a: Annihilape|Fire\n|move|p1a: Torkoal|Heat Wave|p2b: Ceruledge|[spread] p2a\n|-start|p2b: Ceruledge|ability: Flash Fire\n|-resisted|p2a: Annihilape\n|-damage|p2a: Annihilape|66\/100\n|move|p1b: Oranguru|Instruct|p1a: Torkoal\n|-singleturn|p1a: Torkoal|move: Instruct|[of] p1b: Oranguru\n|move|p1a: Torkoal|Heat Wave|p2b: Ceruledge|[spread] p2a\n|-immune|p2b: Ceruledge|[from] ability: Flash Fire\n|-resisted|p2a: Annihilape\n|-damage|p2a: Annihilape|33\/100\n|move|p2b: Ceruledge|Bitter Blade|p1a: Torkoal\n|-resisted|p1a: Torkoal\n|-damage|p1a: Torkoal|0 fnt\n|faint|p1a: Torkoal\n|move|p2a: Annihilape|Bulk Up|p2a: Annihilape\n|-boost|p2a: Annihilape|atk|1\n|-boost|p2a: Annihilape|def|1\n|\n|-weather|SunnyDay|[upkeep]\n|-heal|p2a: Annihilape|39\/100|[from] item: Leftovers\n|upkeep\n|\n|t:|1682968082\n|switch|p1a: Indeedee|Indeedee-F, L50, F|100\/100\n|turn|4\n|\n|t:|1682968098\n|move|p2a: Annihilape|Protect|p2a: Annihilape\n|-singleturn|p2a: Annihilape|Protect\n|move|p1b: Oranguru|Psychic|p2a: Annihilape\n|-activate|p2a: Annihilape|move: Protect\n|move|p1a: Indeedee|Dazzling Gleam|p2b: Ceruledge|[spread] p2b\n|-activate|p2a: Annihilape|move: Protect\n|-resisted|p2b: Ceruledge\n|-damage|p2b: Ceruledge|94\/100\n|move|p2b: Ceruledge|Bitter Blade|p1a: Indeedee\n|-damage|p1a: Indeedee|0 fnt\n|-heal|p2b: Ceruledge|100\/100|[from] drain|[of] p1a: Indeedee\n|faint|p1a: Indeedee\n|\n|-weather|SunnyDay|[upkeep]\n|-heal|p2a: Annihilape|45\/100|[from] item: Leftovers\n|-sideend|p2: Mortipherus|move: Tailwind\n|upkeep\n|\n|t:|1682968101\n|switch|p1a: Kingambit|Kingambit, L50, F|100\/100\n|-activate|p1a: Kingambit|ability: Supreme Overlord\n|-start|p1a: Kingambit|fallen2|[silent]\n|turn|5\n|inactive|Mortipherus has 30 seconds left.\n|\n|t:|1682968130\n|move|p2b: Ceruledge|Protect|p2b: Ceruledge\n|-singleturn|p2b: Ceruledge|Protect\n|move|p1a: Kingambit|Kowtow Cleave|p2b: Ceruledge\n|-activate|p2b: Ceruledge|move: Protect\n|move|p1b: Oranguru|Instruct|p1a: Kingambit\n|-singleturn|p1a: Kingambit|move: Instruct|[of] p1b: Oranguru\n|move|p1a: Kingambit|Kowtow Cleave|p2b: Ceruledge\n|-activate|p2b: Ceruledge|move: Protect\n|move|p2a: Annihilape|Drain Punch|p1a: Kingambit\n|-supereffective|p1a: Kingambit\n|-damage|p1a: Kingambit|0 fnt\n|-heal|p2a: Annihilape|88\/100|[from] drain|[of] p1a: Kingambit\n|faint|p1a: Kingambit\n|-end|p1a: Kingambit|fallen2|[silent]\n|\n|-weather|SunnyDay|[upkeep]\n|-heal|p2a: Annihilape|94\/100|[from] item: Leftovers\n|-fieldend|move: Trick Room\n|-fieldend|move: Psychic Terrain\n|upkeep\n|turn|6\n|-message|leonardoARSA forfeited.\n|\n|win|Mortipherus\n|raw|leonardoARSA's rating: 1141 → 1120<\/strong> (-21 for losing)\n|raw|Mortipherus's rating: 1197 → 1218<\/strong> (+21 for winning)\n|l|\u2606leonardoARSA\n","uploadtime":1682968195,"views":21,"p1id":"leonardoarsa","p2id":"mortipherus","formatid":"gen9vgc2023regulationc","rating":1120,"private":0,"password":""}