{"id":"gen9vgc2023regulationc-1852428993","p1":"terminally chungus","p2":"BlueTrip","format":"[Gen 9] VGC 2023 Regulation C","log":"|j|\u2606terminally chungus\n|j|\u2606BlueTrip\n|t:|1682556484\n|gametype|doubles\n|player|p1|terminally chungus|flannery|1051\n|player|p2|BlueTrip|ash-kalos|1108\n|teamsize|p1|6\n|teamsize|p2|6\n|gen|9\n|tier|[Gen 9] VGC 2023 Regulation C\n|rated|\n|rule|Species Clause: Limit one of each Pok\u00e9mon\n|rule|Item Clause: Limit one of each item\n|clearpoke\n|poke|p1|Ceruledge, L50, M|\n|poke|p1|Amoonguss, L50, F|\n|poke|p1|Gastrodon-East, L50, M|\n|poke|p1|Roaring Moon, L50|\n|poke|p1|Iron Hands, L50|\n|poke|p1|Flutter Mane, L50|\n|poke|p2|Arboliva, L50, M|\n|poke|p2|Hariyama, L50, M|\n|poke|p2|Flutter Mane, L50|\n|poke|p2|Gyarados, L50, M|\n|poke|p2|Gholdengo, L50|\n|poke|p2|Farigiraf, L50, F|\n|teampreview|4\nBlueTrip has agreed to open team sheets.\nterminally chungus has agreed to open team sheets.\n|c|\u2606BlueTrip|glhf\n|c|\u2606terminally chungus|u2\n|inactive|Battle timer is ON: inactive players will automatically lose when time's up. (requested by terminally chungus)\n|inactive|BlueTrip has 60 seconds left.\n|\n|t:|1682556558\n|start\n|switch|p1a: krauser|Roaring Moon, L50|100\/100\n|switch|p1b: oro|Iron Hands, L50|100\/100\n|switch|p2a: Arboliva|Arboliva, L50, M|100\/100\n|switch|p2b: Gyarados|Gyarados, L50, M|100\/100\n|-ability|p2b: Gyarados|Intimidate|boost\n|-unboost|p1a: krauser|atk|1\n|-unboost|p1b: oro|atk|1\n|-enditem|p1a: krauser|Booster Energy\n|-activate|p1a: krauser|ability: Protosynthesis|[fromitem]\n|-start|p1a: krauser|protosynthesisspe\n|turn|1\n|inactive|BlueTrip has 30 seconds left.\n|inactive|BlueTrip has 20 seconds left.\n|inactive|BlueTrip has 15 seconds left.\n|\n|t:|1682556602\n|-terastallize|p2a: Arboliva|Water\n|move|p1b: oro|Fake Out|p2b: Gyarados\n|-damage|p2b: Gyarados|88\/100\n|move|p1a: krauser|Tailwind|p1a: krauser\n|-sidestart|p1: terminally chungus|move: Tailwind\n|cant|p2b: Gyarados|flinch\n|move|p2a: Arboliva|Earth Power|p1b: oro\n|-supereffective|p1b: oro\n|-damage|p1b: oro|61\/100\n|\n|upkeep\n|turn|2\n|inactive|terminally chungus has 30 seconds left.\n|inactive|BlueTrip has 30 seconds left.\n|inactive|terminally chungus has 20 seconds left.\n|inactive|BlueTrip has 20 seconds left.\n|\n|t:|1682556638\n|switch|p2b: Farigiraf|Farigiraf, L50, F|100\/100\n|move|p1a: krauser|Protect|p1a: krauser\n|-singleturn|p1a: krauser|Protect\n|move|p1b: oro|Volt Switch|p2b: Farigiraf\n|-damage|p2b: Farigiraf|89\/100\n|\n|t:|1682556652\n|-end|p1b: oro|Quark Drive|[silent]\n|switch|p1b: z saber|Ceruledge, L50, M|100\/100|[from] Volt Switch\n|move|p2a: Arboliva|Earth Power|p1b: z saber\n|-supereffective|p1b: z saber\n|-damage|p1b: z saber|39\/100\n|\n|upkeep\n|turn|3\n|\n|t:|1682556674\n|-terastallize|p1b: z saber|Grass\n|move|p2b: Farigiraf|Protect|p2b: Farigiraf\n|-singleturn|p2b: Farigiraf|Protect\n|move|p1a: krauser|Jaw Lock|p2b: Farigiraf\n|-activate|p2b: Farigiraf|move: Protect\n|move|p1b: z saber|Bitter Blade|p2b: Farigiraf\n|-activate|p2b: Farigiraf|move: Protect\n|move|p2a: Arboliva|Earth Power|p1b: z saber\n|-resisted|p1b: z saber\n|-crit|p1b: z saber\n|-damage|p1b: z saber|15\/100\n|\n|upkeep\n|turn|4\n|inactive|BlueTrip has 30 seconds left.\n|inactive|BlueTrip has 20 seconds left.\n|inactive|BlueTrip has 15 seconds left.\n|inactive|BlueTrip has 10 seconds left.\n|\n|t:|1682556720\n|switch|p2b: Gyarados|Gyarados, L50, M|88\/100\n|-ability|p2b: Gyarados|Intimidate|boost\n|-unboost|p1a: krauser|atk|1\n|-fail|p1b: z saber|unboost|[from] item: Clear Amulet|[of] p1b: z saber\n|move|p1a: krauser|Acrobatics|p2a: Arboliva\n|-damage|p2a: Arboliva|82\/100\n|-fieldstart|move: Grassy Terrain|[from] ability: Seed Sower|[of] p2a: Arboliva\n|move|p1b: z saber|Bitter Blade|p2b: Gyarados\n|-resisted|p2b: Gyarados\n|-damage|p2b: Gyarados|62\/100\n|-heal|p1b: z saber|29\/100|[from] drain|[of] p2b: Gyarados\n|move|p2a: Arboliva|Earth Power|p1b: z saber\n|-resisted|p1b: z saber\n|-damage|p1b: z saber|16\/100\n|\n|-heal|p1b: z saber|22\/100|[from] Grassy Terrain\n|-heal|p2a: Arboliva|88\/100|[from] Grassy Terrain\n|-sideend|p1: terminally chungus|move: Tailwind\n|upkeep\n|turn|5\n|inactive|terminally chungus has 30 seconds left.\n|inactive|BlueTrip has 30 seconds left.\n|inactive|BlueTrip has 20 seconds left.\n|inactive|BlueTrip has 15 seconds left.\n|inactive|BlueTrip has 10 seconds left.\n|\n|t:|1682556766\n|-end|p1a: krauser|Protosynthesis|[silent]\n|switch|p1a: look at me hector|Amoonguss, L50, F|100\/100\n|move|p1b: z saber|Protect|p1b: z saber\n|-singleturn|p1b: z saber|Protect\n|move|p2b: Gyarados|Thunder Wave|p1a: look at me hector\n|-status|p1a: look at me hector|par\n|move|p2a: Arboliva|Leaf Storm|p1b: z saber\n|-activate|p1b: z saber|move: Protect\n|\n|-heal|p1b: z saber|28\/100|[from] Grassy Terrain\n|-heal|p2a: Arboliva|94\/100|[from] Grassy Terrain\n|upkeep\n|turn|6\n|inactive|BlueTrip has 30 seconds left.\n|\n|t:|1682556800\n|switch|p2a: Farigiraf|Farigiraf, L50, F|89\/100\n|move|p2b: Gyarados|Iron Head|p1b: z saber\n|-damage|p1b: z saber|0 fnt\n|faint|p1b: z saber\n|move|p1a: look at me hector|Pollen Puff|p1: z saber|[notarget]\n|-fail|p1a: look at me hector\n|\n|-heal|p2a: Farigiraf|95\/100|[from] Grassy Terrain\n|upkeep\n|inactive|terminally chungus has 30 seconds left.\n|-message|terminally chungus forfeited.\n|\n|win|BlueTrip\n|raw|terminally chungus's rating: 1051 → 1036<\/strong> (-15 for losing)\n|raw|BlueTrip's rating: 1108 → 1129<\/strong> (+21 for winning)\n|l|\u2606terminally chungus\n|c|\u2606BlueTrip|gg\n","uploadtime":1682556832,"views":12,"p1id":"terminallychungus","p2id":"bluetrip","formatid":"gen9vgc2023regulationc","rating":1036,"private":0,"password":""}