{"id":"gen9vgc2023regulationc-1845843268","p1":"dfsadrgdfg","p2":"OneStrangeOnion","format":"[Gen 9] VGC 2023 Regulation C","log":"|j|\u2606dfsadrgdfg\n|j|\u2606OneStrangeOnion\n|t:|1681770427\n|gametype|doubles\n|player|p1|dfsadrgdfg|101|1076\n|player|p2|OneStrangeOnion|rosa|1041\n|teamsize|p1|6\n|teamsize|p2|6\n|gen|9\n|tier|[Gen 9] VGC 2023 Regulation C\n|rated|\n|rule|Species Clause: Limit one of each Pok\u00e9mon\n|rule|Item Clause: Limit one of each item\n|clearpoke\n|poke|p1|Torkoal, L50, F|\n|poke|p1|Chi-Yu, L50|\n|poke|p1|Bronzong, L50|\n|poke|p1|Gastrodon, L50, F|\n|poke|p1|Grimmsnarl, L50, M|\n|poke|p1|Skeledirge, L50, F|\n|poke|p2|Tyranitar, L50, F|\n|poke|p2|Bronzong, L50|\n|poke|p2|Orthworm, L50, F|\n|poke|p2|Stonjourner, L50, F|\n|poke|p2|Gastrodon-East, L50, M|\n|poke|p2|Kingambit, L50, F|\n|teampreview|4\n|\n|t:|1681770461\n|start\n|switch|p1a: Skeledirge|Skeledirge, L50, F|100\/100\n|switch|p1b: Grimmsnarl|Grimmsnarl, L50, M|100\/100\n|switch|p2a: Orthworm|Orthworm, L50, F|100\/100\n|switch|p2b: Bronzong|Bronzong, L50|100\/100\n|turn|1\n|inactive|Battle timer is ON: inactive players will automatically lose when time's up. (requested by dfsadrgdfg)\n|\n|t:|1681770474\n|move|p1b: Grimmsnarl|Fake Out|p2a: Orthworm\n|-resisted|p2a: Orthworm\n|-damage|p2a: Orthworm|97\/100\n|move|p1a: Skeledirge|Torch Song|p2b: Bronzong\n|-supereffective|p2b: Bronzong\n|-damage|p2b: Bronzong|34\/100\n|-boost|p1a: Skeledirge|spa|1\n|cant|p2a: Orthworm|flinch\n|move|p2b: Bronzong|Trick Room|p2b: Bronzong\n|-fieldstart|move: Trick Room|[of] p2b: Bronzong\n|\n|-heal|p2b: Bronzong|40\/100|[from] item: Leftovers\n|upkeep\n|turn|2\n|inactive|dfsadrgdfg has 30 seconds left.\n|\n|t:|1681770507\n|move|p2b: Bronzong|Gyro Ball|p1b: Grimmsnarl\n|-supereffective|p1b: Grimmsnarl\n|-damage|p1b: Grimmsnarl|41\/100\n|move|p2a: Orthworm|Shed Tail|p2a: Orthworm\n|-start|p2a: Orthworm|Substitute|[from] move: Shed Tail\n|-damage|p2a: Orthworm|47\/100\n|-enditem|p2a: Orthworm|Sitrus Berry|[eat]\n|-heal|p2a: Orthworm|72\/100|[from] item: Sitrus Berry\n|\n|t:|1681770518\n|switch|p2a: Tyranitar|Tyranitar, L50, F|100\/100|[from] Shed Tail\n|-weather|Sandstorm|[from] ability: Sand Stream|[of] p2a: Tyranitar\n|move|p1a: Skeledirge|Torch Song|p2a: Tyranitar\n|-resisted|p2a: Tyranitar\n|-damage|p2a: Tyranitar|88\/100\n|-boost|p1a: Skeledirge|spa|1\n|move|p1b: Grimmsnarl|Spirit Break|p2a: Tyranitar\n|-supereffective|p2a: Tyranitar\n|-end|p2a: Tyranitar|Substitute\n|\n|-weather|Sandstorm|[upkeep]\n|-damage|p1b: Grimmsnarl|35\/100|[from] Sandstorm\n|-damage|p1a: Skeledirge|95\/100|[from] Sandstorm\n|-heal|p2b: Bronzong|45\/100|[from] item: Leftovers\n|-heal|p1a: Skeledirge|100\/100|[from] item: Leftovers\n|upkeep\n|turn|3\n|\n|t:|1681770542\n|switch|p1b: Bronzong|Bronzong, L50|100\/100\n|move|p1a: Skeledirge|Protect|p1a: Skeledirge\n|-singleturn|p1a: Skeledirge|Protect\n|move|p2b: Bronzong|Gyro Ball|p1b: Bronzong\n|-resisted|p1b: Bronzong\n|-damage|p1b: Bronzong|95\/100\n|move|p2a: Tyranitar|Stone Edge|p1a: Skeledirge\n|-activate|p1a: Skeledirge|move: Protect\n|\n|-weather|Sandstorm|[upkeep]\n|-damage|p1a: Skeledirge|95\/100|[from] Sandstorm\n|-heal|p2b: Bronzong|51\/100|[from] item: Leftovers\n|-heal|p1a: Skeledirge|100\/100|[from] item: Leftovers\n|upkeep\n|turn|4\n|inactive|OneStrangeOnion has 30 seconds left.\n|inactive|dfsadrgdfg has 30 seconds left.\n|inactive|OneStrangeOnion has 20 seconds left.\n|inactive|OneStrangeOnion has 15 seconds left.\n|\n|t:|1681770583\n|-terastallize|p1a: Skeledirge|Fairy\n|move|p2b: Bronzong|Zen Headbutt|p1a: Skeledirge\n|-damage|p1a: Skeledirge|70\/100\n|move|p1b: Bronzong|Body Press|p2a: Tyranitar\n|-supereffective|p2a: Tyranitar\n|-damage|p2a: Tyranitar|1\/100\n|move|p2a: Tyranitar|Stone Edge|p1a: Skeledirge\n|-crit|p1a: Skeledirge\n|-damage|p1a: Skeledirge|0 fnt\n|faint|p1a: Skeledirge\n|\n|-weather|Sandstorm|[upkeep]\n|-heal|p2b: Bronzong|57\/100|[from] item: Leftovers\n|upkeep\n|\n|t:|1681770591\n|switch|p1a: Torkoal|Torkoal, L50, F|100\/100\n|-weather|SunnyDay|[from] ability: Drought|[of] p1a: Torkoal\n|turn|5\n|inactive|OneStrangeOnion has 30 seconds left.\n|inactive|OneStrangeOnion has 20 seconds left.\n|inactive|OneStrangeOnion has 15 seconds left.\n|\n|t:|1681770636\n|switch|p1b: Grimmsnarl|Grimmsnarl, L50, M|35\/100\n|switch|p2a: Gastrodon|Gastrodon-East, L50, M, shiny|100\/100\n|-terastallize|p2b: Bronzong|Dark\n|move|p1a: Torkoal|Eruption|p2b: Bronzong|[spread] p2a,p2b\n|-resisted|p2a: Gastrodon\n|-damage|p2a: Gastrodon|57\/100\n|-damage|p2b: Bronzong|0 fnt\n|faint|p2b: Bronzong\n|-damage|p1a: Torkoal|91\/100|[from] item: Life Orb\n|\n|-weather|SunnyDay|[upkeep]\n|-fieldend|move: Trick Room\n|upkeep\n|\n|t:|1681770651\n|switch|p2b: Tyranitar|Tyranitar, L50, F|1\/100\n|-weather|Sandstorm|[from] ability: Sand Stream|[of] p2b: Tyranitar\n|turn|6\n|\n|t:|1681770663\n|switch|p1a: Bronzong|Bronzong, L50|95\/100\n|move|p1b: Grimmsnarl|Trick|p2a: Gastrodon\n|-activate|p1b: Grimmsnarl|move: Trick|[of] p2a: Gastrodon\n|-item|p2a: Gastrodon|Lagging Tail|[from] move: Trick\n|-item|p1b: Grimmsnarl|Chesto Berry|[from] move: Trick\n|move|p2b: Tyranitar|Rock Slide|p1b: Grimmsnarl|[spread] p1a,p1b\n|-resisted|p1a: Bronzong\n|-damage|p1a: Bronzong|85\/100\n|-damage|p1b: Grimmsnarl|0 fnt\n|faint|p1b: Grimmsnarl\n|move|p2a: Gastrodon|Chilling Water|p1a: Bronzong\n|-crit|p1a: Bronzong\n|-damage|p1a: Bronzong|54\/100\n|-unboost|p1a: Bronzong|atk|1\n|\n|-weather|Sandstorm|[upkeep]\n|upkeep\n|\n|t:|1681770670\n|switch|p1b: Torkoal|Torkoal, L50, F|91\/100\n|-weather|SunnyDay|[from] ability: Drought|[of] p1b: Torkoal\n|turn|7\n|\n|t:|1681770687\n|switch|p2b: Orthworm|Orthworm, L50, F|72\/100\n|move|p1b: Torkoal|Protect|p1b: Torkoal\n|-singleturn|p1b: Torkoal|Protect\n|move|p2a: Gastrodon|Rest|p2a: Gastrodon\n|-status|p2a: Gastrodon|slp|[from] move: Rest\n|-heal|p2a: Gastrodon|100\/100 slp|[silent]\n|move|p1a: Bronzong|Trick Room|p1a: Bronzong\n|-fieldstart|move: Trick Room|[of] p1a: Bronzong\n|\n|-weather|SunnyDay|[upkeep]\n|upkeep\n|turn|8\n|\n|t:|1681770703\n|move|p1b: Torkoal|Eruption|p2a: Gastrodon|[spread] p2a,p2b\n|-resisted|p2a: Gastrodon\n|-supereffective|p2b: Orthworm\n|-damage|p2a: Gastrodon|64\/100 slp\n|-damage|p2b: Orthworm|0 fnt\n|faint|p2b: Orthworm\n|-damage|p1b: Torkoal|82\/100|[from] item: Life Orb\n|move|p1a: Bronzong|Body Press|p2a: Gastrodon\n|-damage|p2a: Gastrodon|34\/100 slp\n|cant|p2a: Gastrodon|slp\n|move|p2a: Gastrodon|Sleep Talk|p2a: Gastrodon\n|move|p2a: Gastrodon|Chilling Water|p1a: Bronzong|[from]move: Sleep Talk\n|-damage|p1a: Bronzong|44\/100\n|-unboost|p1a: Bronzong|atk|1\n|\n|-weather|SunnyDay|[upkeep]\n|upkeep\n|\n|t:|1681770720\n|switch|p2b: Tyranitar|Tyranitar, L50, F|1\/100\n|-weather|Sandstorm|[from] ability: Sand Stream|[of] p2b: Tyranitar\n|turn|9\n|\n|t:|1681770736\n|move|p1b: Torkoal|Eruption|p2b: Tyranitar|[spread] p2a,p2b\n|-resisted|p2a: Gastrodon\n|-resisted|p2b: Tyranitar\n|-crit|p2b: Tyranitar\n|-damage|p2a: Gastrodon|11\/100 slp\n|-damage|p2b: Tyranitar|0 fnt\n|faint|p2b: Tyranitar\n|-damage|p1b: Torkoal|72\/100|[from] item: Life Orb\n|move|p1a: Bronzong|Body Press|p2a: Gastrodon\n|-damage|p2a: Gastrodon|0 fnt\n|faint|p2a: Gastrodon\n|\n|win|dfsadrgdfg\n|raw|dfsadrgdfg's rating: 1076 → 1102<\/strong> (+26 for winning)\n|raw|OneStrangeOnion's rating: 1041 → 1026<\/strong> (-15 for losing)\n","uploadtime":1681770751,"views":7,"p1id":"dfsadrgdfg","p2id":"onestrangeonion","formatid":"gen9vgc2023regulationc","rating":1026,"private":0,"password":""}