{"id":"gen9vgc2023regulationc-1844871053","p1":"NijiaTW","p2":"WE SilentVGC","format":"[Gen 9] VGC 2023 Regulation C","log":"|j|\u2606NijiaTW\n|j|\u2606WE SilentVGC\n|t:|1681658737\n|gametype|doubles\n|player|p1|NijiaTW|steven|1097\n|player|p2|WE SilentVGC|drayden|1123\n|teamsize|p1|6\n|teamsize|p2|6\n|gen|9\n|tier|[Gen 9] VGC 2023 Regulation C\n|rated|\n|rule|Species Clause: Limit one of each Pok\u00e9mon\n|rule|Item Clause: Limit one of each item\n|clearpoke\n|poke|p1|Palafin, L50, F|\n|poke|p1|Chien-Pao, L50|\n|poke|p1|Dragapult, L50, F|\n|poke|p1|Amoonguss, L50, F|\n|poke|p1|Arcanine, L50, F|\n|poke|p1|Flutter Mane, L50|\n|poke|p2|Iron Bundle, L50|\n|poke|p2|Iron Moth, L50|\n|poke|p2|Pachirisu, L50, F|\n|poke|p2|Tinkaton, L50, F|\n|poke|p2|Gyarados, L50, F|\n|poke|p2|Wo-Chien, L50|\n|teampreview|4\n|inactive|Battle timer is ON: inactive players will automatically lose when time's up. (requested by NijiaTW)\n|inactive|WE SilentVGC has 60 seconds left.\n|\n|t:|1681658788\n|start\n|switch|p1a: Dnite|Dragapult, L50, F|100\/100\n|switch|p1b: WoChien|Amoonguss, L50, F|100\/100\n|switch|p2a: Iron Bundle|Iron Bundle, L50|100\/100\n|switch|p2b: Pachirisu|Pachirisu, L50, F|100\/100\n|turn|1\n|inactive|NijiaTW has 30 seconds left.\n|inactive|NijiaTW has 20 seconds left.\n|\n|t:|1681658826\n|-terastallize|p1a: Dnite|Steel\n|move|p1b: WoChien|Protect|p1b: WoChien\n|-singleturn|p1b: WoChien|Protect\n|move|p1a: Dnite|Dragon Darts|p2a: Iron Bundle\n|-damage|p2a: Iron Bundle|59\/100\n|-anim|p1a: Dnite|Dragon Darts|p2b: Pachirisu\n|-damage|p2b: Pachirisu|45\/100\n|-enditem|p2b: Pachirisu|Sitrus Berry|[eat]\n|-heal|p2b: Pachirisu|69\/100|[from] item: Sitrus Berry\n|move|p2a: Iron Bundle|Freeze-Dry|p1a: Dnite\n|-resisted|p1a: Dnite\n|-damage|p1a: Dnite|78\/100\n|-status|p1a: Dnite|frz\n|move|p2b: Pachirisu|Electric Terrain|p2b: Pachirisu\n|-fieldstart|move: Electric Terrain\n|-activate|p2a: Iron Bundle|ability: Quark Drive\n|-start|p2a: Iron Bundle|quarkdrivespe\n|\n|upkeep\n|turn|2\n|inactive|NijiaTW has 30 seconds left.\n|inactive|WE SilentVGC has 30 seconds left.\n|\n|t:|1681658856\n|move|p2a: Iron Bundle|Freeze-Dry|p1b: WoChien\n|-supereffective|p1b: WoChien\n|-crit|p1b: WoChien\n|-damage|p1b: WoChien|21\/100\n|-enditem|p1b: WoChien|Sitrus Berry|[eat]\n|-heal|p1b: WoChien|46\/100|[from] item: Sitrus Berry\n|cant|p1a: Dnite|frz\n|move|p2b: Pachirisu|Nuzzle|p1b: WoChien\n|-resisted|p1b: WoChien\n|-damage|p1b: WoChien|45\/100\n|-status|p1b: WoChien|par\n|cant|p1b: WoChien|par\n|\n|upkeep\n|turn|3\n|\n|t:|1681658872\n|switch|p2b: Leshen|Wo-Chien, L50|100\/100\n|-ability|p2b: Leshen|Tablets of Ruin\n|cant|p1b: WoChien|par\n|move|p2a: Iron Bundle|Hydro Pump|p1a: Dnite\n|-damage|p1a: Dnite|14\/100 frz\n|cant|p1a: Dnite|frz\n|\n|upkeep\n|turn|4\n|\n|t:|1681658894\n|cant|p1b: WoChien|par\n|move|p2a: Iron Bundle|Freeze-Dry|p1a: Dnite\n|-resisted|p1a: Dnite\n|-damage|p1a: Dnite|0 fnt\n|faint|p1a: Dnite\n|move|p2b: Leshen|Ruination|p1b: WoChien|[miss]\n|-miss|p2b: Leshen|p1b: WoChien\n|\n|upkeep\n|\n|t:|1681658901\n|switch|p1a: Bundle|Chien-Pao, L50|100\/100\n|-ability|p1a: Bundle|Sword of Ruin\n|turn|5\n|\n|t:|1681658919\n|move|p1b: WoChien|Rage Powder|p1b: WoChien\n|-singleturn|p1b: WoChien|move: Rage Powder\n|move|p2a: Iron Bundle|Freeze-Dry|p1b: WoChien\n|-supereffective|p1b: WoChien\n|-damage|p1b: WoChien|0 fnt\n|faint|p1b: WoChien\n|move|p1a: Bundle|Ice Spinner|p2b: Leshen\n|-supereffective|p2b: Leshen\n|-damage|p2b: Leshen|44\/100\n|-fieldend|move: Electric Terrain\n|-end|p2a: Iron Bundle|Quark Drive\n|move|p2b: Leshen|Leech Seed|p1a: Bundle\n|-start|p1a: Bundle|move: Leech Seed\n|\n|-heal|p2b: Leshen|50\/100|[from] item: Leftovers\n|-damage|p1a: Bundle|88\/100|[from] Leech Seed|[of] p2b: Leshen\n|-heal|p2b: Leshen|60\/100|[silent]\n|upkeep\n|\n|t:|1681658932\n|switch|p1b: ChiYu|Arcanine, L50, F|100\/100\n|-ability|p1b: ChiYu|Intimidate|boost\n|-unboost|p2a: Iron Bundle|atk|1\n|-unboost|p2b: Leshen|atk|1\n|turn|6\n|\n|t:|1681658947\n|move|p2b: Leshen|Protect|p2b: Leshen\n|-singleturn|p2b: Leshen|Protect\n|move|p1b: ChiYu|Extreme Speed|p2a: Iron Bundle\n|-damage|p2a: Iron Bundle|36\/100\n|move|p1a: Bundle|Sucker Punch|p2a: Iron Bundle\n|-damage|p2a: Iron Bundle|0 fnt\n|faint|p2a: Iron Bundle\n|-end|p2a: Iron Bundle|Quark Drive|[silent]\n|\n|-heal|p2b: Leshen|67\/100|[from] item: Leftovers\n|-damage|p1a: Bundle|76\/100|[from] Leech Seed|[of] p2b: Leshen\n|-heal|p2b: Leshen|77\/100|[silent]\n|upkeep\n|\n|t:|1681658959\n|switch|p2a: Pachirisu|Pachirisu, L50, F|69\/100\n|turn|7\n|\n|t:|1681658968\n|-terastallize|p2b: Leshen|Poison\n|move|p1a: Bundle|Ice Spinner|p2b: Leshen\n|-damage|p2b: Leshen|45\/100\n|move|p1b: ChiYu|Flare Blitz|p2b: Leshen\n|-damage|p2b: Leshen|7\/100\n|-damage|p1b: ChiYu|88\/100|[from] Recoil\n|move|p2a: Pachirisu|Nuzzle|p1b: ChiYu\n|-damage|p1b: ChiYu|84\/100\n|-status|p1b: ChiYu|par\n|move|p2b: Leshen|Leech Seed|p1b: ChiYu\n|-start|p1b: ChiYu|move: Leech Seed\n|\n|-heal|p2b: Leshen|14\/100|[from] item: Leftovers\n|-damage|p1a: Bundle|64\/100|[from] Leech Seed|[of] p2b: Leshen\n|-heal|p2b: Leshen|23\/100|[silent]\n|-damage|p1b: ChiYu|71\/100 par|[from] Leech Seed|[of] p2b: Leshen\n|-heal|p2b: Leshen|36\/100|[silent]\n|upkeep\n|turn|8\n|\n|t:|1681658990\n|move|p2a: Pachirisu|Protect|p2a: Pachirisu\n|-singleturn|p2a: Pachirisu|Protect\n|move|p2b: Leshen|Protect|p2b: Leshen\n|-singleturn|p2b: Leshen|Protect\n|cant|p1b: ChiYu|par\n|move|p1a: Bundle|Ice Spinner|p2a: Pachirisu\n|-activate|p2a: Pachirisu|move: Protect\n|\n|-heal|p2b: Leshen|42\/100|[from] item: Leftovers\n|-damage|p1a: Bundle|52\/100|[from] Leech Seed|[of] p2b: Leshen\n|-heal|p2b: Leshen|52\/100|[silent]\n|-damage|p1b: ChiYu|59\/100 par|[from] Leech Seed|[of] p2b: Leshen\n|-heal|p2b: Leshen|65\/100|[silent]\n|upkeep\n|turn|9\n|\n|t:|1681659007\n|move|p2a: Pachirisu|Follow Me|p2a: Pachirisu\n|-singleturn|p2a: Pachirisu|move: Follow Me\n|move|p1a: Bundle|Ice Spinner|p2a: Pachirisu\n|-damage|p2a: Pachirisu|14\/100\n|move|p2b: Leshen|Pollen Puff|p1a: Bundle\n|-supereffective|p1a: Bundle\n|-damage|p1a: Bundle|0 fnt\n|faint|p1a: Bundle\n|move|p1b: ChiYu|Flare Blitz|p2a: Pachirisu\n|-damage|p2a: Pachirisu|0 fnt\n|faint|p2a: Pachirisu\n|-damage|p1b: ChiYu|55\/100 par|[from] Recoil\n|\n|-heal|p2b: Leshen|71\/100|[from] item: Leftovers\n|-damage|p1b: ChiYu|43\/100 par|[from] Leech Seed|[of] p2b: Leshen\n|-heal|p2b: Leshen|83\/100|[silent]\n|upkeep\n|\n|t:|1681659022\n|switch|p2a: Gyarados|Gyarados, L50, F, shiny|100\/100\n|turn|10\n|\n|t:|1681659029\n|move|p2a: Gyarados|Waterfall|p1b: ChiYu\n|-supereffective|p1b: ChiYu\n|-damage|p1b: ChiYu|0 fnt\n|faint|p1b: ChiYu\n|\n|win|WE SilentVGC\n|raw|NijiaTW's rating: 1097 → 1074<\/strong> (-23 for losing)\n|raw|WE SilentVGC's rating: 1123 → 1146<\/strong> (+23 for winning)\n|l|\u2606NijiaTW\n","uploadtime":1681659035,"views":19,"p1id":"nijiatw","p2id":"wesilentvgc","formatid":"gen9vgc2023regulationc","rating":1074,"private":0,"password":""}