{"id":"gen9vgc2023regulationc-1847043521","p1":"dimtop","p2":"ANTIVALLEY","format":"[Gen 9] VGC 2023 Regulation C","log":"|j|\u2606dimtop\n|j|\u2606ANTIVALLEY\n|t:|1681914331\n|gametype|doubles\n|player|p1|dimtop|265|1165\n|player|p2|ANTIVALLEY|penny|1177\n|teamsize|p1|6\n|teamsize|p2|6\n|gen|9\n|tier|[Gen 9] VGC 2023 Regulation C\n|rated|\n|rule|Species Clause: Limit one of each Pok\u00e9mon\n|rule|Item Clause: Limit one of each item\n|clearpoke\n|poke|p1|Dondozo, L50, M|\n|poke|p1|Chi-Yu, L50|\n|poke|p1|Flutter Mane, L50|\n|poke|p1|Torkoal, L50, F|\n|poke|p1|Farigiraf, L50, F|\n|poke|p1|Lycanroc-Midnight, L50, M|\n|poke|p2|Lycanroc, L50, F|\n|poke|p2|Tyranitar, L50, M|\n|poke|p2|Flutter Mane, L50|\n|poke|p2|Chi-Yu, L50|\n|poke|p2|Farigiraf, L50, M|\n|poke|p2|Gyarados, L50, M|\n|teampreview|4\n|inactive|Battle timer is ON: inactive players will automatically lose when time's up. (requested by dimtop)\n|\n|t:|1681914379\n|start\n|switch|p1a: Chi-Yu|Chi-Yu, L50|100\/100\n|switch|p1b: Flutter Mane|Flutter Mane, L50|100\/100\n|switch|p2a: Tyranitar|Tyranitar, L50, M|100\/100\n|switch|p2b: Lycanroc|Lycanroc, L50, F|100\/100\n|-ability|p1a: Chi-Yu|Beads of Ruin\n|-weather|Sandstorm|[from] ability: Sand Stream|[of] p2a: Tyranitar\n|turn|1\n|inactive|dimtop has 30 seconds left.\n|inactive|ANTIVALLEY has 30 seconds left.\n|\n|t:|1681914408\n|switch|p1a: Torkoal|Torkoal, L50, F|100\/100\n|-weather|SunnyDay|[from] ability: Drought|[of] p1a: Torkoal\n|-activate|p1b: Flutter Mane|ability: Protosynthesis\n|-start|p1b: Flutter Mane|protosynthesisspe\n|-terastallize|p2a: Tyranitar|Flying\n|move|p1b: Flutter Mane|Moonblast|p2a: Tyranitar\n|-damage|p2a: Tyranitar|54\/100\n|-unboost|p2a: Tyranitar|spa|1\n|move|p2b: Lycanroc|Rock Blast|p1b: Flutter Mane\n|-damage|p1b: Flutter Mane|73\/100\n|-damage|p1b: Flutter Mane|45\/100\n|-damage|p1b: Flutter Mane|17\/100\n|-damage|p1b: Flutter Mane|0 fnt\n|faint|p1b: Flutter Mane\n|-end|p1b: Flutter Mane|Protosynthesis|[silent]\n|-hitcount|p1: Flutter Mane|4\n|move|p2a: Tyranitar|Assurance|p1a: Torkoal\n|-damage|p1a: Torkoal|81\/100\n|\n|-weather|SunnyDay|[upkeep]\n|upkeep\n|inactive|dimtop has 30 seconds left.\n|\n|t:|1681914439\n|switch|p1b: Dondozo|Dondozo, L50, M|100\/100\n|turn|2\n|\n|t:|1681914451\n|switch|p2a: Gyarados|Gyarados, L50, M|100\/100\n|-ability|p2a: Gyarados|Intimidate|boost\n|-unboost|p1a: Torkoal|atk|1\n|-unboost|p1b: Dondozo|atk|1\n|-terastallize|p1a: Torkoal|Fighting\n|move|p2b: Lycanroc|Rock Blast|p1a: Torkoal\n|-resisted|p1a: Torkoal\n|-damage|p1a: Torkoal|78\/100\n|-resisted|p1a: Torkoal\n|-damage|p1a: Torkoal|74\/100\n|-resisted|p1a: Torkoal\n|-damage|p1a: Torkoal|71\/100\n|-resisted|p1a: Torkoal\n|-damage|p1a: Torkoal|68\/100\n|-resisted|p1a: Torkoal\n|-damage|p1a: Torkoal|64\/100\n|-hitcount|p1a: Torkoal|5\n|move|p1a: Torkoal|Body Press|p2b: Lycanroc\n|-supereffective|p2b: Lycanroc\n|-damage|p2b: Lycanroc|0 fnt\n|faint|p2b: Lycanroc\n|move|p1b: Dondozo|Avalanche|p2a: Gyarados\n|-damage|p2a: Gyarados|92\/100\n|\n|-weather|SunnyDay|[upkeep]\n|upkeep\n|\n|t:|1681914461\n|switch|p2b: Tyranitar|Tyranitar, L50, M, tera:Flying|54\/100\n|-weather|Sandstorm|[from] ability: Sand Stream|[of] p2b: Tyranitar\n|turn|3\n|inactive|dimtop has 30 seconds left.\n|\n|t:|1681914488\n|switch|p1a: Chi-Yu|Chi-Yu, L50|100\/100\n|-ability|p1a: Chi-Yu|Beads of Ruin\n|move|p2a: Gyarados|Taunt|p1b: Dondozo\n|-start|p1b: Dondozo|move: Taunt\n|move|p2b: Tyranitar|Tera Blast|p1a: Chi-Yu\n|-damage|p1a: Chi-Yu|22\/100\n|move|p1b: Dondozo|Avalanche|p2b: Tyranitar\n|-supereffective|p2b: Tyranitar\n|-damage|p2b: Tyranitar|37\/100\n|\n|-weather|Sandstorm|[upkeep]\n|-damage|p1a: Chi-Yu|16\/100|[from] Sandstorm\n|-damage|p2a: Gyarados|86\/100|[from] Sandstorm\n|-damage|p2b: Tyranitar|31\/100|[from] Sandstorm\n|-damage|p1b: Dondozo|94\/100|[from] Sandstorm\n|upkeep\n|turn|4\n|inactive|dimtop has 30 seconds left.\n|inactive|ANTIVALLEY has 30 seconds left.\n|\n|t:|1681914519\n|switch|p1b: Torkoal|Torkoal, L50, F, tera:Fighting|64\/100\n|-weather|SunnyDay|[from] ability: Drought|[of] p1b: Torkoal\n|move|p1a: Chi-Yu|Heat Wave|p2a: Gyarados|[spread] p2a,p2b\n|-resisted|p2a: Gyarados\n|-damage|p2a: Gyarados|47\/100\n|-damage|p2b: Tyranitar|0 fnt\n|-enditem|p2a: Gyarados|Sitrus Berry|[eat]\n|-heal|p2a: Gyarados|72\/100|[from] item: Sitrus Berry\n|faint|p2b: Tyranitar\n|move|p2a: Gyarados|Waterfall|p1a: Chi-Yu\n|-supereffective|p1a: Chi-Yu\n|-damage|p1a: Chi-Yu|0 fnt\n|faint|p1a: Chi-Yu\n|\n|-weather|SunnyDay|[upkeep]\n|upkeep\n|\n|t:|1681914538\n|switch|p1a: Dondozo|Dondozo, L50, M|94\/100\n|switch|p2b: Flutter Mane|Flutter Mane, L50|100\/100\n|-activate|p2b: Flutter Mane|ability: Protosynthesis\n|-start|p2b: Flutter Mane|protosynthesisspe\n|turn|5\n|\n|t:|1681914552\n|move|p1b: Torkoal|Protect|p1b: Torkoal\n|-singleturn|p1b: Torkoal|Protect\n|move|p2b: Flutter Mane|Moonblast|p1b: Torkoal\n|-activate|p1b: Torkoal|move: Protect\n|move|p2a: Gyarados|Taunt|p1a: Dondozo\n|-start|p1a: Dondozo|move: Taunt\n|move|p1a: Dondozo|Fissure|p2b: Flutter Mane|[miss]\n|-miss|p1a: Dondozo|p2b: Flutter Mane\n|\n|-weather|SunnyDay|[upkeep]\n|upkeep\n|turn|6\n|inactive|dimtop has 30 seconds left.\n|\n|t:|1681914581\n|move|p2b: Flutter Mane|Moonblast|p1b: Torkoal\n|-supereffective|p1b: Torkoal\n|-damage|p1b: Torkoal|0 fnt\n|faint|p1b: Torkoal\n|move|p2a: Gyarados|Thunder Wave|p1a: Dondozo|[miss]\n|-miss|p2a: Gyarados|p1a: Dondozo\n|move|p1a: Dondozo|Fissure|p2b: Flutter Mane|[miss]\n|-miss|p1a: Dondozo|p2b: Flutter Mane\n|\n|-weather|SunnyDay|[upkeep]\n|upkeep\n|turn|7\n|-message|dimtop forfeited.\n|\n|win|ANTIVALLEY\n|raw|dimtop's rating: 1165 → 1141<\/strong> (-24 for losing)\n|raw|ANTIVALLEY's rating: 1177 → 1201<\/strong> (+24 for winning)\n|l|\u2606dimtop\n|j|\u2606dimtop\n|player|p1|dimtop|265\n|l|\u2606dimtop\n|player|p1|\n","uploadtime":1681914595,"views":6,"p1id":"dimtop","p2id":"antivalley","formatid":"gen9vgc2023regulationc","rating":1141,"private":0,"password":""}