{"id":"gen9vgc2023regulationc-1849452451","p1":"gooseiq","p2":"R1ley5","format":"[Gen 9] VGC 2023 Regulation C","log":"|j|\u2606gooseiq\n|j|\u2606R1ley5\n|t:|1682200107\n|gametype|doubles\n|player|p1|gooseiq|harlequin|1146\n|player|p2|R1ley5|169|1067\n|teamsize|p1|6\n|teamsize|p2|6\n|gen|9\n|tier|[Gen 9] VGC 2023 Regulation C\n|rated|\n|rule|Species Clause: Limit one of each Pok\u00e9mon\n|rule|Item Clause: Limit one of each item\n|clearpoke\n|poke|p1|Amoonguss, L50, M|\n|poke|p1|Flutter Mane, L50|\n|poke|p1|Murkrow, L50, F|\n|poke|p1|Glimmora, L50, M|\n|poke|p1|Baxcalibur, L50, F|\n|poke|p1|Great Tusk, L50|\n|poke|p2|Tinkaton, L50, F|\n|poke|p2|Ceruledge, L50, M|\n|poke|p2|Rotom-Wash, L50|\n|poke|p2|Clodsire, L50, F|\n|poke|p2|Dragonite, L50, F|\n|poke|p2|Meowscarada, L50, M|\n|teampreview|4\n|inactive|Battle timer is ON: inactive players will automatically lose when time's up. (requested by gooseiq)\ngooseiq has agreed to open team sheets.\n|inactive|gooseiq has 60 seconds left.\n|\n|t:|1682200149\n|start\n|switch|p1a: Murkrow|Murkrow, L50, F|100\/100\n|switch|p1b: Glimmora|Glimmora, L50, M|100\/100\n|switch|p2a: Tinkaton|Tinkaton, L50, F|100\/100\n|switch|p2b: Dragonite|Dragonite, L50, F|100\/100\n|-ability|p2a: Tinkaton|Mold Breaker\n|turn|1\n|\n|t:|1682200166\n|move|p2a: Tinkaton|Fake Out|p1a: Murkrow\n|-damage|p1a: Murkrow|89\/100\n|cant|p1a: Murkrow|flinch\n|move|p1b: Glimmora|Mortal Spin|p2b: Dragonite|[spread] p2b\n|-immune|p2a: Tinkaton\n|-crit|p2b: Dragonite\n|-damage|p2b: Dragonite|94\/100\n|-status|p2b: Dragonite|psn\n|move|p2b: Dragonite|Ice Spinner|p1a: Murkrow\n|-supereffective|p1a: Murkrow\n|-damage|p1a: Murkrow|32\/100\n|\n|-damage|p2b: Dragonite|82\/100 psn|[from] psn\n|upkeep\n|turn|2\n|\n|t:|1682200184\n|move|p2b: Dragonite|Extreme Speed|p1a: Murkrow\n|-damage|p1a: Murkrow|2\/100\n|move|p1a: Murkrow|Tailwind|p1a: Murkrow\n|-sidestart|p1: gooseiq|move: Tailwind\n|move|p1b: Glimmora|Power Gem|p2b: Dragonite\n|-supereffective|p2b: Dragonite\n|-damage|p2b: Dragonite|17\/100 psn\n|move|p2a: Tinkaton|Gigaton Hammer|p1b: Glimmora\n|-supereffective|p1b: Glimmora\n|-damage|p1b: Glimmora|0 fnt\n|-activate|p1b: Glimmora|ability: Toxic Debris\n|-sidestart|p2: R1ley5|move: Toxic Spikes\n|faint|p1b: Glimmora\n|\n|-damage|p2b: Dragonite|5\/100 psn|[from] psn\n|upkeep\n|\n|t:|1682200200\n|switch|p1b: Great Tusk|Great Tusk, L50, shiny|100\/100\n|turn|3\n|\n|t:|1682200212\n|switch|p2a: Meowscarada|Meowscarada, L50, M|100\/100\n|-status|p2a: Meowscarada|psn\n|move|p2b: Dragonite|Extreme Speed|p1b: Great Tusk\n|-damage|p1b: Great Tusk|75\/100\n|move|p1b: Great Tusk|Earthquake|p2a: Meowscarada|[spread] p2a\n|-immune|p1a: Murkrow\n|-immune|p2b: Dragonite\n|-resisted|p2a: Meowscarada\n|-crit|p2a: Meowscarada\n|-damage|p2a: Meowscarada|41\/100 psn\n|-damage|p1b: Great Tusk|65\/100|[from] item: Life Orb\n|move|p1a: Murkrow|Foul Play|p2a: Meowscarada\n|-resisted|p2a: Meowscarada\n|-damage|p2a: Meowscarada|6\/100 psn\n|\n|-damage|p2a: Meowscarada|0 fnt|[from] psn\n|faint|p2a: Meowscarada\n|-damage|p2b: Dragonite|0 fnt|[from] psn\n|faint|p2b: Dragonite\n|upkeep\n|\n|t:|1682200225\n|switch|p2a: Tinkaton|Tinkaton, L50, F|100\/100\n|switch|p2b: Ceruledge|Ceruledge, L50, M|100\/100\n|-ability|p2a: Tinkaton|Mold Breaker\n|-status|p2b: Ceruledge|psn\n|turn|4\n|\n|t:|1682200244\n|move|p1b: Great Tusk|Protect|p1b: Great Tusk\n|-singleturn|p1b: Great Tusk|Protect\n|move|p1a: Murkrow|Foul Play|p2b: Ceruledge\n|-supereffective|p2b: Ceruledge\n|-damage|p2b: Ceruledge|0 fnt\n|faint|p2b: Ceruledge\n|move|p2a: Tinkaton|Knock Off|p1a: Murkrow\n|-resisted|p1a: Murkrow\n|-damage|p1a: Murkrow|0 fnt\n|-enditem|p1a: Murkrow|Eviolite|[from] move: Knock Off|[of] p2a: Tinkaton\n|faint|p1a: Murkrow\n|\n|upkeep\n|\n|t:|1682200254\n|switch|p1a: Flutter Mane|Flutter Mane, L50|100\/100\n|-enditem|p1a: Flutter Mane|Booster Energy\n|-activate|p1a: Flutter Mane|ability: Protosynthesis|[fromitem]\n|-start|p1a: Flutter Mane|protosynthesisspa\n|turn|5\n|\n|t:|1682200264\n|move|p1a: Flutter Mane|Protect|p1a: Flutter Mane\n|-singleturn|p1a: Flutter Mane|Protect\n|move|p1b: Great Tusk|Earthquake|p2a: Tinkaton|[spread] p2a\n|-activate|p1a: Flutter Mane|move: Protect\n|-supereffective|p2a: Tinkaton\n|-damage|p2a: Tinkaton|0 fnt\n|faint|p2a: Tinkaton\n|-damage|p1b: Great Tusk|55\/100|[from] item: Life Orb\n|\n|win|gooseiq\n|raw|gooseiq's rating: 1146 → 1165<\/strong> (+19 for winning)\n|raw|R1ley5's rating: 1067 → 1051<\/strong> (-16 for losing)\n|l|\u2606R1ley5\n","uploadtime":1682200275,"views":13,"p1id":"gooseiq","p2id":"r1ley5","formatid":"gen9vgc2023regulationc","rating":1051,"private":0,"password":""}