{"id":"gen9vgc2023regulationc-1850703201","p1":"dank the dark lord","p2":"DurantPropVGC","format":"[Gen 9] VGC 2023 Regulation C","log":"|j|\u2606dank the dark lord\n|j|\u2606DurantPropVGC\n|t:|1682360462\n|gametype|doubles\n|player|p1|dank the dark lord|caitlin|1083\n|player|p2|DurantPropVGC|blue|1052\n|teamsize|p1|6\n|teamsize|p2|6\n|gen|9\n|tier|[Gen 9] VGC 2023 Regulation C\n|rated|\n|rule|Species Clause: Limit one of each Pok\u00e9mon\n|rule|Item Clause: Limit one of each item\n|clearpoke\n|poke|p1|Zoroark, L50, M|\n|poke|p1|Gallade, L50, M|\n|poke|p1|Armarouge, L50, F|\n|poke|p1|Dragapult, L50, F|\n|poke|p1|Gholdengo, L50|\n|poke|p1|Ting-Lu, L50|\n|poke|p2|Ting-Lu, L50|\n|poke|p2|Palafin, L50, F|\n|poke|p2|Amoonguss, L50, M|\n|poke|p2|Iron Hands, L50|\n|poke|p2|Flutter Mane, L50|\n|poke|p2|Arcanine, L50, M|\n|teampreview|4\ndank the dark lord rejected open team sheets.\n|\n|t:|1682360501\n|start\n|switch|p1a: Gallade|Gallade, L50, M|100\/100\n|switch|p1b: Dragapult|Dragapult, L50, F|100\/100\n|switch|p2a: Ting-Lu|Ting-Lu, L50|100\/100\n|switch|p2b: Arcanine|Arcanine, L50, M|100\/100\n|-ability|p2b: Arcanine|Intimidate|boost\n|-unboost|p1a: Gallade|atk|1\n|-unboost|p1b: Dragapult|atk|1\n|-ability|p2a: Ting-Lu|Vessel of Ruin\n|turn|1\n|\n|t:|1682360537\n|move|p2a: Ting-Lu|Protect|p2a: Ting-Lu\n|-singleturn|p2a: Ting-Lu|Protect\n|move|p1b: Dragapult|Reflect|p1b: Dragapult\n|-sidestart|p1: dank the dark lord|Reflect\n|move|p1a: Gallade|Swords Dance|p1a: Gallade\n|-boost|p1a: Gallade|atk|2\n|move|p2b: Arcanine|Will-O-Wisp|p1a: Gallade\n|-status|p1a: Gallade|brn\n|\n|-damage|p1a: Gallade|95\/100 brn|[from] brn\n|upkeep\n|turn|2\n|\n|t:|1682360574\n|move|p1b: Dragapult|Curse|p2a: Ting-Lu\n|-start|p2a: Ting-Lu|Curse|[of] p1b: Dragapult\n|-damage|p1b: Dragapult|51\/100\n|move|p1a: Gallade|Swords Dance|p1a: Gallade\n|-boost|p1a: Gallade|atk|2\n|move|p2b: Arcanine|Flare Blitz|p1a: Gallade\n|-damage|p1a: Gallade|39\/100 brn\n|replace|p1a: Zoroark|Zoroark, L50, M\n|-end|p1a: Zoroark|Illusion\n|-damage|p2b: Arcanine|88\/100|[from] Recoil\n|move|p2a: Ting-Lu|Stomping Tantrum|p1a: Zoroark\n|-damage|p1a: Zoroark|0 fnt\n|faint|p1a: Zoroark\n|\n|-damage|p2a: Ting-Lu|76\/100|[from] Curse\n|upkeep\n|\n|t:|1682360593\n|switch|p1a: Gallade|Gallade, L50, M|100\/100\n|turn|3\n|\n|t:|1682360614\n|switch|p2a: Flutter Mane|Flutter Mane, L50|100\/100\n|-enditem|p2a: Flutter Mane|Booster Energy\n|-activate|p2a: Flutter Mane|ability: Protosynthesis|[fromitem]\n|-start|p2a: Flutter Mane|protosynthesisspe\n|move|p2b: Arcanine|Extreme Speed|p1a: Gallade\n|-damage|p1a: Gallade|82\/100\n|move|p1b: Dragapult|Draco Meteor|p2b: Arcanine\n|-damage|p2b: Arcanine|56\/100\n|-unboost|p1b: Dragapult|spa|2\n|move|p1a: Gallade|Aqua Cutter|p2b: Arcanine\n|-supereffective|p2b: Arcanine\n|-damage|p2b: Arcanine|0 fnt\n|faint|p2b: Arcanine\n|\n|upkeep\n|\n|t:|1682360632\n|switch|p2b: Ting-Lu|Ting-Lu, L50|76\/100\n|-ability|p2b: Ting-Lu|Vessel of Ruin\n|turn|4\n|\n|t:|1682360674\n|move|p2a: Flutter Mane|Shadow Ball|p1a: Gallade\n|-supereffective|p1a: Gallade\n|-crit|p1a: Gallade\n|-damage|p1a: Gallade|0 fnt\n|faint|p1a: Gallade\n|move|p1b: Dragapult|Light Screen|p1b: Dragapult\n|-sidestart|p1: dank the dark lord|move: Light Screen\n|move|p2b: Ting-Lu|Heavy Slam|p1b: Dragapult\n|-damage|p1b: Dragapult|22\/100\n|\n|upkeep\n|\n|t:|1682360683\n|switch|p1a: Ting-Lu|Ting-Lu, L50|100\/100\n|-ability|p1a: Ting-Lu|Vessel of Ruin\n|turn|5\n|\n|t:|1682360696\n|move|p2a: Flutter Mane|Shadow Ball|p1b: Dragapult\n|-supereffective|p1b: Dragapult\n|-damage|p1b: Dragapult|0 fnt\n|faint|p1b: Dragapult\n|move|p1a: Ting-Lu|Fissure|p2a: Flutter Mane\n|-damage|p2a: Flutter Mane|0 fnt\n|faint|p2a: Flutter Mane\n|-end|p2a: Flutter Mane|Protosynthesis|[silent]\n|-ohko\n|move|p2b: Ting-Lu|Fissure|p1a: Ting-Lu\n|-damage|p1a: Ting-Lu|0 fnt\n|faint|p1a: Ting-Lu\n|-ohko\n|\n|win|DurantPropVGC\n|raw|dank the dark lord's rating: 1083 → 1059<\/strong> (-24 for losing)\n|raw|DurantPropVGC's rating: 1052 → 1087<\/strong> (+35 for winning)\n|c|\u2606dank the dark lord|AYO\n|c|\u2606DurantPropVGC|gg\n|c|\u2606dank the dark lord|back to back\n|c|\u2606dank the dark lord|gg\n|l|\u2606dank the dark lord\n|c|\u2606DurantPropVGC|double fissure nice lmao\n","uploadtime":1682360727,"views":14,"p1id":"dankthedarklord","p2id":"durantpropvgc","formatid":"gen9vgc2023regulationc","rating":1059,"private":0,"password":""}