{"id":"gen9vgc2023regulationc-1852478813","p1":"mugiwaraLux","p2":"CNG626","format":"[Gen 9] VGC 2023 Regulation C","log":"|j|\u2606mugiwaraLux\n|j|\u2606CNG626\n|t:|1682562806\n|gametype|doubles\n|player|p1|mugiwaraLux|265|1396\n|player|p2|CNG626|swimmer-gen4dp|1479\n|teamsize|p1|6\n|teamsize|p2|6\n|gen|9\n|tier|[Gen 9] VGC 2023 Regulation C\n|rated|\n|rule|Species Clause: Limit one of each Pok\u00e9mon\n|rule|Item Clause: Limit one of each item\n|clearpoke\n|poke|p1|Palafin, L50, F|\n|poke|p1|Amoonguss, L50, F|\n|poke|p1|Flutter Mane, L50|\n|poke|p1|Arcanine, L50, M|\n|poke|p1|Roaring Moon, L50|\n|poke|p1|Ting-Lu, L50|\n|poke|p2|Maushold-Four, L50|\n|poke|p2|Annihilape, L50, M|\n|poke|p2|Baxcalibur, L50, F|\n|poke|p2|Dachsbun, L50, M|\n|poke|p2|Iron Treads, L50|\n|poke|p2|Chi-Yu, L50|\n|teampreview|4\n|inactive|Battle timer is ON: inactive players will automatically lose when time's up. (requested by mugiwaraLux)\nmugiwaraLux has agreed to open team sheets.\nCNG626 has agreed to open team sheets.\n|inactive|mugiwaraLux has 60 seconds left.\n|inactive|CNG626 has 60 seconds left.\n|\n|t:|1682562883\n|start\n|switch|p1a: shoyo|Arcanine, L50, M|100\/100\n|switch|p1b: big man|Roaring Moon, L50|100\/100\n|switch|p2a: Iron Treads|Iron Treads, L50|100\/100\n|switch|p2b: Chi-Yu|Chi-Yu, L50|100\/100\n|-ability|p2b: Chi-Yu|Beads of Ruin\n|-ability|p1a: shoyo|Intimidate|boost\n|-unboost|p2a: Iron Treads|atk|1\n|-unboost|p2b: Chi-Yu|atk|1\n|-enditem|p1b: big man|Booster Energy\n|-activate|p1b: big man|ability: Protosynthesis|[fromitem]\n|-start|p1b: big man|protosynthesisatk\n|-enditem|p2a: Iron Treads|Booster Energy\n|-activate|p2a: Iron Treads|ability: Quark Drive|[fromitem]\n|-start|p2a: Iron Treads|quarkdrivespe\n|turn|1\n|inactive|mugiwaraLux has 30 seconds left.\n|inactive|CNG626 has 30 seconds left.\n|inactive|mugiwaraLux has 20 seconds left.\n|inactive|CNG626 has 20 seconds left.\n|inactive|mugiwaraLux has 15 seconds left.\n|\n|t:|1682562925\n|-end|p2a: Iron Treads|Quark Drive|[silent]\n|switch|p2a: Dachsbun|Dachsbun, L50, M, shiny|100\/100\n|-terastallize|p1b: big man|Flying\n|move|p1b: big man|Dragon Dance|p1b: big man\n|-boost|p1b: big man|atk|1\n|-boost|p1b: big man|spe|1\n|move|p2b: Chi-Yu|Lava Plume|p1b: big man|[spread] p1a,p1b\n|-ability|p2a: Dachsbun|Well-Baked Body|boost\n|-boost|p2a: Dachsbun|def|2\n|-resisted|p1a: shoyo\n|-damage|p1a: shoyo|84\/100\n|-damage|p1b: big man|66\/100\n|move|p1a: shoyo|Will-O-Wisp|p2a: Dachsbun\n|-ability|p2a: Dachsbun|Well-Baked Body|boost\n|-boost|p2a: Dachsbun|def|2\n|\n|upkeep\n|turn|2\n|inactive|mugiwaraLux has 30 seconds left.\n|\n|t:|1682562956\n|move|p2b: Chi-Yu|Protect|p2b: Chi-Yu\n|-singleturn|p2b: Chi-Yu|Protect\n|move|p1a: shoyo|Extreme Speed|p2b: Chi-Yu\n|-activate|p2b: Chi-Yu|move: Protect\n|move|p1b: big man|Acrobatics|p2b: Chi-Yu\n|-activate|p2b: Chi-Yu|move: Protect\n|move|p2a: Dachsbun|Yawn|p1b: big man\n|-start|p1b: big man|move: Yawn|[of] p2a: Dachsbun\n|\n|upkeep\n|turn|3\n|inactive|CNG626 has 30 seconds left.\n|inactive|CNG626 has 20 seconds left.\n|inactive|CNG626 has 15 seconds left.\n|\n|t:|1682562998\n|switch|p2b: Iron Treads|Iron Treads, L50|100\/100\n|move|p1b: big man|Acrobatics|p2b: Iron Treads\n|-resisted|p2b: Iron Treads\n|-damage|p2b: Iron Treads|44\/100\n|move|p1a: shoyo|Flare Blitz|p2b: Iron Treads\n|-supereffective|p2b: Iron Treads\n|-damage|p2b: Iron Treads|0 fnt\n|faint|p2b: Iron Treads\n|-end|p2b: Iron Treads|Quark Drive|[silent]\n|-damage|p1a: shoyo|72\/100|[from] Recoil\n|move|p2a: Dachsbun|Body Press|p1a: shoyo\n|-damage|p1a: shoyo|2\/100\n|\n|-end|p1b: big man|move: Yawn|[silent]\n|-status|p1b: big man|slp\n|upkeep\n|\n|t:|1682563015\n|switch|p2b: Annihilape|Annihilape, L50, M|100\/100\n|turn|4\n|\n|t:|1682563033\n|move|p1a: shoyo|Protect|p1a: shoyo\n|-singleturn|p1a: shoyo|Protect\n|cant|p1b: big man|slp\n|move|p2b: Annihilape|Substitute|p2b: Annihilape\n|-start|p2b: Annihilape|Substitute\n|-damage|p2b: Annihilape|76\/100\n|move|p2a: Dachsbun|Howl||[still]|[spread] p2a,p2b\n|-fail|p2a: Dachsbun\n|-boost|p2a: Dachsbun|atk|1\n|\n|upkeep\n|turn|5\n|inactive|CNG626 has 30 seconds left.\n|\n|t:|1682563065\n|-curestatus|p1b: big man|slp|[msg]\n|move|p1b: big man|Acrobatics|p2b: Annihilape\n|-supereffective|p2b: Annihilape\n|-crit|p2b: Annihilape\n|-end|p2b: Annihilape|Substitute\n|move|p2b: Annihilape|Bulk Up|p2b: Annihilape\n|-boost|p2b: Annihilape|atk|1\n|-boost|p2b: Annihilape|def|1\n|move|p1a: shoyo|Flare Blitz|p2b: Annihilape\n|-damage|p2b: Annihilape|42\/100\n|-enditem|p2b: Annihilape|Sitrus Berry|[eat]\n|-heal|p2b: Annihilape|66\/100|[from] item: Sitrus Berry\n|-damage|p1a: shoyo|0 fnt|[from] Recoil\n|faint|p1a: shoyo\n|move|p2a: Dachsbun|Body Press|p1b: big man\n|-resisted|p1b: big man\n|-damage|p1b: big man|24\/100\n|\n|upkeep\n|\n|t:|1682563088\n|switch|p1a: sussy|Amoonguss, L50, F|100\/100\n|turn|6\n|\n|t:|1682563113\n|-terastallize|p2b: Annihilape|Poison\n|move|p1a: sussy|Rage Powder|p1a: sussy\n|-singleturn|p1a: sussy|move: Rage Powder\n|move|p1b: big man|Acrobatics|p2b: Annihilape\n|-damage|p2b: Annihilape|0 fnt\n|faint|p2b: Annihilape\n|move|p2a: Dachsbun|Yawn|p1a: sussy\n|-start|p1a: sussy|move: Yawn|[of] p2a: Dachsbun\n|\n|upkeep\n|\n|t:|1682563122\n|switch|p2b: Chi-Yu|Chi-Yu, L50|100\/100\n|-ability|p2b: Chi-Yu|Beads of Ruin\n|turn|7\n|\n|t:|1682563137\n|move|p2b: Chi-Yu|Protect|p2b: Chi-Yu\n|-singleturn|p2b: Chi-Yu|Protect\n|move|p1a: sussy|Rage Powder|p1a: sussy\n|-singleturn|p1a: sussy|move: Rage Powder\n|move|p1b: big man|Acrobatics|p2b: Chi-Yu\n|-activate|p2b: Chi-Yu|move: Protect\n|move|p2a: Dachsbun|Body Press|p1a: sussy\n|-resisted|p1a: sussy\n|-damage|p1a: sussy|70\/100\n|\n|-end|p1a: sussy|move: Yawn|[silent]\n|-status|p1a: sussy|slp\n|upkeep\n|turn|8\n|inactive|CNG626 has 30 seconds left.\n|\n|t:|1682563171\n|cant|p1a: sussy|slp\n|move|p1b: big man|Acrobatics|p2b: Chi-Yu\n|-enditem|p2b: Chi-Yu|Focus Sash\n|-damage|p2b: Chi-Yu|1\/100\n|move|p2b: Chi-Yu|Lava Plume|p1a: sussy|[spread] p1a,p1b\n|-ability|p2a: Dachsbun|Well-Baked Body|boost\n|-boost|p2a: Dachsbun|def|2\n|-supereffective|p1a: sussy\n|-damage|p1a: sussy|10\/100 slp\n|-damage|p1b: big man|0 fnt\n|-enditem|p1a: sussy|Sitrus Berry|[eat]\n|-heal|p1a: sussy|35\/100 slp|[from] item: Sitrus Berry\n|faint|p1b: big man\n|-end|p1b: big man|Protosynthesis|[silent]\n|move|p2a: Dachsbun|Body Press|p1a: sussy\n|-resisted|p1a: sussy\n|-damage|p1a: sussy|0 fnt\n|faint|p1a: sussy\n|\n|upkeep\n|\n|t:|1682563176\n|switch|p1b: Mimi|Flutter Mane, L50|100\/100\n|turn|9\n|\n|t:|1682563194\n|move|p2b: Chi-Yu|Protect|p2b: Chi-Yu\n|-singleturn|p2b: Chi-Yu|Protect\n|move|p1b: Mimi|Moonblast|p2b: Chi-Yu\n|-activate|p2b: Chi-Yu|move: Protect\n|move|p2a: Dachsbun|Yawn|p1b: Mimi\n|-start|p1b: Mimi|move: Yawn|[of] p2a: Dachsbun\n|\n|upkeep\n|turn|10\n|c|\u2606CNG626|50\/50\n|inactive|CNG626 has 30 seconds left.\n|c|\u2606mugiwaraLux|1\/3\n|c|\u2606CNG626|Gg either way lol\n|c|\u2606mugiwaraLux|actually\n|c|\u2606mugiwaraLux|gg\n|inactive|CNG626 has 20 seconds left.\n|c|\u2606CNG626|Oh word\n|c|\u2606CNG626|pil\n|inactive|CNG626 has 15 seconds left.\n|inactive|CNG626 has 10 seconds left.\n|\n|t:|1682563240\n|move|p2b: Chi-Yu|Protect||[still]\n|-fail|p2b: Chi-Yu\n|move|p1b: Mimi|Moonblast|p2b: Chi-Yu\n|-damage|p2b: Chi-Yu|0 fnt\n|faint|p2b: Chi-Yu\n|move|p2a: Dachsbun|Body Press|p1b: Mimi\n|-immune|p1b: Mimi\n|\n|-end|p1b: Mimi|move: Yawn|[silent]\n|-status|p1b: Mimi|slp\n|upkeep\n|turn|11\n|c|\u2606mugiwaraLux|gg\n|c|\u2606CNG626|Ggs\n|c|\u2606CNG626|Nice team\n|inactive|CNG626 has 30 seconds left.\n|c|\u2606CNG626|And calls\n|c|\u2606mugiwaraLux|ty\n|inactive|CNG626 has 20 seconds left.\n|inactive|CNG626 has 15 seconds left.\n|-message|CNG626 forfeited.\n|\n|win|mugiwaraLux\n|raw|mugiwaraLux's rating: 1396 → 1421<\/strong> (+25 for winning)\n|raw|CNG626's rating: 1479 → 1454<\/strong> (-25 for losing)\n","uploadtime":1682563287,"views":8,"p1id":"mugiwaralux","p2id":"cng626","formatid":"gen9vgc2023regulationc","rating":1421,"private":0,"password":""}