{"id":"gen9vgc2023regulationc-1845251620","p1":"DinoMike130","p2":"Toedscruel World","format":"[Gen 9] VGC 2023 Regulation C","log":"|j|\u2606DinoMike130\n|j|\u2606Toedscruel World\n|t:|1681702305\n|gametype|doubles\n|player|p1|DinoMike130|veteran|1344\n|player|p2|Toedscruel World|burglar|1371\n|teamsize|p1|6\n|teamsize|p2|6\n|gen|9\n|tier|[Gen 9] VGC 2023 Regulation C\n|rated|\n|rule|Species Clause: Limit one of each Pok\u00e9mon\n|rule|Item Clause: Limit one of each item\n|clearpoke\n|poke|p1|Pelipper, L50, M|\n|poke|p1|Drednaw, L50, M|\n|poke|p1|Chien-Pao, L50|\n|poke|p1|Torkoal, L50, F|\n|poke|p1|Great Tusk, L50|\n|poke|p1|Brute Bonnet, L50|\n|poke|p2|Scream Tail, L50|\n|poke|p2|Dragapult, L50, M|\n|poke|p2|Chien-Pao, L50|\n|poke|p2|Kingambit, L50, M|\n|poke|p2|Volcarona, L50, F|\n|poke|p2|Palafin, L50, M|\n|teampreview|4\n|inactive|Battle timer is ON: inactive players will automatically lose when time's up. (requested by DinoMike130)\n|\n|t:|1681702351\n|start\n|switch|p1a: Pelipper|Pelipper, L50, M|100\/100\n|switch|p1b: Drednaw|Drednaw, L50, M|100\/100\n|switch|p2a: Scream Tail|Scream Tail, L50, shiny|100\/100\n|switch|p2b: Dragapult|Dragapult, L50, M|100\/100\n|-weather|RainDance|[from] ability: Drizzle|[of] p1a: Pelipper\n|-enditem|p2a: Scream Tail|Booster Energy\n|-activate|p2a: Scream Tail|ability: Protosynthesis|[fromitem]\n|-start|p2a: Scream Tail|protosynthesisspe\n|turn|1\n|\n|t:|1681702374\n|-terastallize|p2b: Dragapult|Steel\n|move|p1b: Drednaw|Ice Spinner|p2b: Dragapult\n|-resisted|p2b: Dragapult\n|-damage|p2b: Dragapult|75\/100\n|-damage|p1b: Drednaw|91\/100|[from] item: Life Orb\n|move|p2a: Scream Tail|Thunder Wave|p1b: Drednaw\n|-status|p1b: Drednaw|par\n|move|p2b: Dragapult|Dragon Darts|p1a: Pelipper\n|-damage|p1a: Pelipper|59\/100\n|-anim|p2b: Dragapult|Dragon Darts|p1b: Drednaw\n|-crit|p1b: Drednaw\n|-damage|p1b: Drednaw|29\/100 par\n|move|p1a: Pelipper|Tailwind|p1a: Pelipper\n|-sidestart|p1: DinoMike130|move: Tailwind\n|\n|-weather|RainDance|[upkeep]\n|upkeep\n|turn|2\n|\n|t:|1681702396\n|move|p1a: Pelipper|Icy Wind|p2b: Dragapult|[spread] p2a,p2b\n|-resisted|p2b: Dragapult\n|-damage|p2a: Scream Tail|94\/100\n|-damage|p2b: Dragapult|69\/100\n|-unboost|p2a: Scream Tail|spe|1\n|move|p1b: Drednaw|Rock Slide|p2a: Scream Tail|[spread] p2a,p2b\n|-resisted|p2b: Dragapult\n|-damage|p2a: Scream Tail|69\/100\n|-damage|p2b: Dragapult|45\/100\n|-damage|p1b: Drednaw|20\/100 par|[from] item: Life Orb\n|cant|p2b: Dragapult|flinch\n|move|p2a: Scream Tail|Howl|p2a: Scream Tail|[spread] p2a,p2b\n|-boost|p2a: Scream Tail|atk|1\n|-boost|p2b: Dragapult|atk|1\n|\n|-weather|RainDance|[upkeep]\n|upkeep\n|turn|3\n|inactive|DinoMike130 has 30 seconds left.\n|\n|t:|1681702431\n|move|p1a: Pelipper|Hurricane|p2b: Dragapult\n|-resisted|p2b: Dragapult\n|-damage|p2b: Dragapult|21\/100\n|move|p1b: Drednaw|Liquidation|p2b: Dragapult\n|-damage|p2b: Dragapult|0 fnt\n|faint|p2b: Dragapult\n|-damage|p1b: Drednaw|10\/100 par|[from] item: Life Orb\n|move|p2a: Scream Tail|Play Rough|p1a: Pelipper\n|-damage|p1a: Pelipper|23\/100\n|\n|-weather|RainDance|[upkeep]\n|upkeep\n|\n|t:|1681702448\n|switch|p2b: Chien-Pao|Chien-Pao, L50|100\/100\n|-ability|p2b: Chien-Pao|Sword of Ruin\n|turn|4\n|\n|t:|1681702461\n|move|p1a: Pelipper|Protect|p1a: Pelipper\n|-singleturn|p1a: Pelipper|Protect\n|move|p2b: Chien-Pao|Protect|p2b: Chien-Pao\n|-singleturn|p2b: Chien-Pao|Protect\n|move|p1b: Drednaw|Rock Slide|p2b: Chien-Pao|[spread] p2a\n|-activate|p2b: Chien-Pao|move: Protect\n|-damage|p2a: Scream Tail|31\/100\n|-damage|p1b: Drednaw|0 fnt|[from] item: Life Orb\n|faint|p1b: Drednaw\n|cant|p2a: Scream Tail|flinch\n|\n|-weather|RainDance|[upkeep]\n|-sideend|p1: DinoMike130|move: Tailwind\n|upkeep\n|\n|t:|1681702474\n|switch|p1b: Great Tusk|Great Tusk, L50|100\/100\n|-enditem|p1b: Great Tusk|Booster Energy\n|-activate|p1b: Great Tusk|ability: Protosynthesis|[fromitem]\n|-start|p1b: Great Tusk|protosynthesisatk\n|turn|5\n|\n|t:|1681702487\n|-terastallize|p1b: Great Tusk|Steel\n|move|p2b: Chien-Pao|Ice Spinner|p1a: Pelipper\n|-damage|p1a: Pelipper|0 fnt\n|faint|p1a: Pelipper\n|move|p2a: Scream Tail|Play Rough|p1b: Great Tusk\n|-resisted|p1b: Great Tusk\n|-crit|p1b: Great Tusk\n|-damage|p1b: Great Tusk|74\/100\n|move|p1b: Great Tusk|Earthquake|p2b: Chien-Pao|[spread] p2a,p2b\n|-damage|p2a: Scream Tail|0 fnt\n|-damage|p2b: Chien-Pao|19\/100\n|faint|p2a: Scream Tail\n|-end|p2a: Scream Tail|Protosynthesis|[silent]\n|\n|-weather|none\n|upkeep\n|\n|t:|1681702499\n|switch|p2a: Volcarona|Volcarona, L50, F|100\/100\n|switch|p1a: Brute Bonnet|Brute Bonnet, L50|100\/100\n|turn|6\n|inactive|DinoMike130 has 30 seconds left.\n|\n|t:|1681702528\n|move|p1a: Brute Bonnet|Protect|p1a: Brute Bonnet\n|-singleturn|p1a: Brute Bonnet|Protect\n|move|p2b: Chien-Pao|Taunt|p1a: Brute Bonnet\n|-activate|p1a: Brute Bonnet|move: Protect\n|move|p1b: Great Tusk|Earthquake|p2b: Chien-Pao|[spread] p2a,p2b\n|-activate|p1a: Brute Bonnet|move: Protect\n|-damage|p2a: Volcarona|11\/100\n|-damage|p2b: Chien-Pao|0 fnt\n|-enditem|p2a: Volcarona|Sitrus Berry|[eat]\n|-heal|p2a: Volcarona|36\/100|[from] item: Sitrus Berry\n|faint|p2b: Chien-Pao\n|move|p2a: Volcarona|Fiery Dance|p1b: Great Tusk\n|-supereffective|p1b: Great Tusk\n|-damage|p1b: Great Tusk|0 fnt\n|faint|p1b: Great Tusk\n|-end|p1b: Great Tusk|Protosynthesis|[silent]\n|\n|upkeep\n|turn|7\n|\n|t:|1681702546\n|move|p1a: Brute Bonnet|Sucker Punch|p2a: Volcarona\n|-damage|p2a: Volcarona|0 fnt\n|faint|p2a: Volcarona\n|\n|win|DinoMike130\n|raw|DinoMike130's rating: 1344 → 1366<\/strong> (+22 for winning)\n|raw|Toedscruel World's rating: 1371 → 1349<\/strong> (-22 for losing)\n|l|\u2606Toedscruel World\n","uploadtime":1681702553,"views":9,"p1id":"dinomike130","p2id":"toedscruelworld","formatid":"gen9vgc2023regulationc","rating":1349,"private":0,"password":""}