{"id":"gen9vgc2023regulationc-1855964230","p1":"Sakura-Machi","p2":"Yokai19","format":"[Gen 9] VGC 2023 Regulation C","log":"|j|\u2606Sakura-Machi\n|j|\u2606Yokai19\n|t:|1683008383\n|gametype|doubles\n|player|p1|Sakura-Machi|dawn|1170\n|player|p2|Yokai19|1|1097\n|teamsize|p1|6\n|teamsize|p2|6\n|gen|9\n|tier|[Gen 9] VGC 2023 Regulation C\n|rated|\n|rule|Species Clause: Limit one of each Pok\u00e9mon\n|rule|Item Clause: Limit one of each item\n|clearpoke\n|poke|p1|Baxcalibur, L50, F|\n|poke|p1|Gyarados, L50, M|\n|poke|p1|Flutter Mane, L50|\n|poke|p1|Chi-Yu, L50|\n|poke|p1|Tatsugiri, L50, F|\n|poke|p1|Dondozo, L50, F|\n|poke|p2|Flutter Mane, L50|\n|poke|p2|Arcanine, L50, M|\n|poke|p2|Palafin, L50, M|\n|poke|p2|Amoonguss, L50, F|\n|poke|p2|Ting-Lu, L50|\n|poke|p2|Corviknight, L50, F|\n|teampreview|4\n|inactive|Battle timer is ON: inactive players will automatically lose when time's up. (requested by Sakura-Machi)\n|inactive|Sakura-Machi has 60 seconds left.\n|inactive|Yokai19 has 60 seconds left.\n|\n|t:|1683008431\n|start\n|switch|p1a: Baxcalibur|Baxcalibur, L50, F, shiny|100\/100\n|switch|p1b: Dondozo|Dondozo, L50, F, shiny|100\/100\n|switch|p2a: Corviknight|Corviknight, L50, F|100\/100\n|switch|p2b: Palafin|Palafin, L50, M|100\/100\n|turn|1\n|inactive|Sakura-Machi has 30 seconds left.\n|\n|t:|1683008462\n|move|p2b: Palafin|Protect|p2b: Palafin\n|-singleturn|p2b: Palafin|Protect\n|move|p1b: Dondozo|Protect|p1b: Dondozo\n|-singleturn|p1b: Dondozo|Protect\n|move|p1a: Baxcalibur|Glaive Rush|p2b: Palafin\n|-activate|p2b: Palafin|move: Protect\n|move|p2a: Corviknight|Tailwind|p2a: Corviknight\n|-sidestart|p2: Yokai19|move: Tailwind\n|\n|upkeep\n|turn|2\n|inactive|Yokai19 has 30 seconds left.\n|inactive|Yokai19 has 20 seconds left.\n|\n|t:|1683008501\n|detailschange|p2b: Palafin|Palafin-Hero, L50, M\n|switch|p2b: Ting-Lu|Ting-Lu, L50|100\/100\n|-ability|p2b: Ting-Lu|Vessel of Ruin\n|switch|p1b: Gyarados|Gyarados, L50, M, shiny|100\/100\n|-ability|p1b: Gyarados|Intimidate|boost\n|-ability|p2a: Corviknight|Mirror Armor\n|-unboost|p1b: Gyarados|atk|1\n|-unboost|p2b: Ting-Lu|atk|1\n|move|p2a: Corviknight|Iron Head|p1a: Baxcalibur\n|-supereffective|p1a: Baxcalibur\n|-damage|p1a: Baxcalibur|42\/100\n|move|p1a: Baxcalibur|Glaive Rush|p2b: Ting-Lu\n|-damage|p2b: Ting-Lu|62\/100\n|-singlemove|p1a: Baxcalibur|Glaive Rush|[silent]\n|\n|upkeep\n|turn|3\n|inactive|Sakura-Machi has 30 seconds left.\n|inactive|Yokai19 has 30 seconds left.\n|inactive|Sakura-Machi has 20 seconds left.\n|inactive|Sakura-Machi has 15 seconds left.\n|\n|t:|1683008544\n|move|p1a: Baxcalibur|Ice Shard|p2b: Ting-Lu\n|-supereffective|p2b: Ting-Lu\n|-damage|p2b: Ting-Lu|36\/100\n|move|p2a: Corviknight|Iron Head|p1a: Baxcalibur\n|-supereffective|p1a: Baxcalibur\n|-damage|p1a: Baxcalibur|0 fnt\n|faint|p1a: Baxcalibur\n|move|p2b: Ting-Lu|Ruination|p1b: Gyarados\n|-damage|p1b: Gyarados|50\/100\n|move|p1b: Gyarados|Thunder Wave|p2a: Corviknight\n|-status|p2a: Corviknight|par\n|-enditem|p2a: Corviknight|Lum Berry|[eat]\n|-curestatus|p2a: Corviknight|par|[msg]\n|\n|upkeep\n|\n|t:|1683008564\n|switch|p1a: Dondozo|Dondozo, L50, F, shiny|100\/100\n|turn|4\n|\n|t:|1683008582\n|move|p1a: Dondozo|Protect|p1a: Dondozo\n|-singleturn|p1a: Dondozo|Protect\n|move|p2a: Corviknight|Brave Bird|p1b: Gyarados\n|-damage|p1b: Gyarados|3\/100\n|-damage|p2a: Corviknight|85\/100|[from] Recoil\n|move|p2b: Ting-Lu|Ruination|p1a: Dondozo\n|-activate|p1a: Dondozo|move: Protect\n|move|p1b: Gyarados|Thunder Wave|p2a: Corviknight\n|-status|p2a: Corviknight|par\n|\n|-sideend|p2: Yokai19|move: Tailwind\n|upkeep\n|turn|5\n|inactive|Sakura-Machi has 30 seconds left.\n|inactive|Yokai19 has 30 seconds left.\n|\n|t:|1683008610\n|switch|p1a: Tatsugiri|Tatsugiri, L50, F, shiny|100\/100\n|move|p1b: Gyarados|Waterfall|p2b: Ting-Lu\n|-supereffective|p2b: Ting-Lu\n|-damage|p2b: Ting-Lu|11\/100\n|cant|p2b: Ting-Lu|flinch\n|move|p2a: Corviknight|Tailwind|p2a: Corviknight\n|-sidestart|p2: Yokai19|move: Tailwind\n|\n|upkeep\n|turn|6\n|\n|t:|1683008635\n|move|p1b: Gyarados|Helping Hand|p1a: Tatsugiri\n|-singleturn|p1a: Tatsugiri|Helping Hand|[of] p1b: Gyarados\n|move|p1a: Tatsugiri|Muddy Water|p2b: Ting-Lu|[spread] p2a,p2b\n|-supereffective|p2b: Ting-Lu\n|-damage|p2a: Corviknight|46\/100 par\n|-damage|p2b: Ting-Lu|0 fnt\n|faint|p2b: Ting-Lu\n|cant|p2a: Corviknight|par\n|\n|upkeep\n|\n|t:|1683008651\n|switch|p2b: Flutter Mane|Flutter Mane, L50|100\/100\n|-enditem|p2b: Flutter Mane|Booster Energy\n|-activate|p2b: Flutter Mane|ability: Protosynthesis|[fromitem]\n|-start|p2b: Flutter Mane|protosynthesisspa\n|turn|7\n|\n|t:|1683008667\n|switch|p1b: Dondozo|Dondozo, L50, F, shiny|100\/100\n|-activate|p1a: Tatsugiri|ability: Commander|[of] p1b: Dondozo\n|-boost|p1b: Dondozo|atk|2\n|-boost|p1b: Dondozo|spa|2\n|-boost|p1b: Dondozo|spe|2\n|-boost|p1b: Dondozo|def|2\n|-boost|p1b: Dondozo|spd|2\n|-terastallize|p2b: Flutter Mane|Fairy\n|move|p2b: Flutter Mane|Dazzling Gleam|p1a: Tatsugiri|[spread] p1b\n|-miss|p2b: Flutter Mane|p1a: Tatsugiri\n|-damage|p1b: Dondozo|74\/100\n|move|p2a: Corviknight|Iron Head|p1a: Tatsugiri|[miss]\n|-miss|p2a: Corviknight|p1a: Tatsugiri\n|\n|upkeep\n|turn|8\n|inactive|Sakura-Machi has 30 seconds left.\n|inactive|Yokai19 has 30 seconds left.\n|inactive|Yokai19 has 20 seconds left.\n|\n|t:|1683008704\n|-end|p2b: Flutter Mane|Protosynthesis|[silent]\n|switch|p2b: Palafin|Palafin-Hero, L50, M|100\/100\n|-activate|p2b: Palafin|ability: Zero to Hero\n|move|p1b: Dondozo|Wave Crash|p2b: Palafin\n|-resisted|p2b: Palafin\n|-damage|p2b: Palafin|45\/100\n|-damage|p1b: Dondozo|58\/100|[from] Recoil\n|cant|p2a: Corviknight|par\n|\n|-sideend|p2: Yokai19|move: Tailwind\n|upkeep\n|turn|9\n|inactive|Sakura-Machi has 30 seconds left.\n|inactive|Sakura-Machi has 20 seconds left.\n|\n|t:|1683008741\n|move|p2b: Palafin|Protect|p2b: Palafin\n|-singleturn|p2b: Palafin|Protect\n|move|p1b: Dondozo|Wave Crash|p2a: Corviknight\n|-crit|p2a: Corviknight\n|-damage|p2a: Corviknight|0 fnt\n|faint|p2a: Corviknight\n|-damage|p1b: Dondozo|44\/100|[from] Recoil\n|\n|upkeep\n|\n|t:|1683008750\n|switch|p2a: Flutter Mane|Flutter Mane, L50, tera:Fairy|100\/100\n|turn|10\n|\n|t:|1683008771\n|-terastallize|p1b: Dondozo|Flying\n|move|p2a: Flutter Mane|Moonblast|p1b: Dondozo\n|-damage|p1b: Dondozo|11\/100\n|move|p1b: Dondozo|Tera Blast|p2b: Palafin\n|-damage|p2b: Palafin|0 fnt\n|faint|p2b: Palafin\n|\n|upkeep\n|turn|11\n|\n|t:|1683008783\n|move|p2a: Flutter Mane|Moonblast|p1b: Dondozo\n|-damage|p1b: Dondozo|0 fnt\n|faint|p1b: Dondozo\n|\n|upkeep\n|\n|t:|1683008789\n|switch|p1b: Gyarados|Gyarados, L50, M, shiny|3\/100\n|-ability|p1b: Gyarados|Intimidate|boost\n|-unboost|p2a: Flutter Mane|atk|1\n|turn|12\n|\n|t:|1683008800\n|move|p1b: Gyarados|Helping Hand|p1a: Tatsugiri\n|-singleturn|p1a: Tatsugiri|Helping Hand|[of] p1b: Gyarados\n|move|p1a: Tatsugiri|Muddy Water|p2a: Flutter Mane\n|-damage|p2a: Flutter Mane|38\/100\n|move|p2a: Flutter Mane|Dazzling Gleam|p1b: Gyarados|[spread] p1a,p1b\n|-supereffective|p1a: Tatsugiri\n|-damage|p1a: Tatsugiri|3\/100\n|-damage|p1b: Gyarados|0 fnt\n|faint|p1b: Gyarados\n|\n|upkeep\n|turn|13\n|\n|t:|1683008814\n|move|p1a: Tatsugiri|Muddy Water|p2a: Flutter Mane|[miss]\n|-miss|p1a: Tatsugiri|p2a: Flutter Mane\n|move|p2a: Flutter Mane|Moonblast|p1a: Tatsugiri\n|-supereffective|p1a: Tatsugiri\n|-damage|p1a: Tatsugiri|0 fnt\n|faint|p1a: Tatsugiri\n|\n|win|Yokai19\n|raw|Sakura-Machi's rating: 1170 → 1140<\/strong> (-30 for losing)\n|raw|Yokai19's rating: 1097 → 1128<\/strong> (+31 for winning)\n","uploadtime":1683008824,"views":15,"p1id":"sakuramachi","p2id":"yokai19","formatid":"gen9vgc2023regulationc","rating":1128,"private":0,"password":""}