{"id":"gen9vgc2023regulationc-1858794044","p1":"kyojinluca","p2":"TheFlo1990","format":"[Gen 9] VGC 2023 Regulation C","log":"|j|\u2606kyojinluca\n|j|\u2606TheFlo1990\n|t:|1683362499\n|gametype|doubles\n|player|p1|kyojinluca|cheren-gen5bw2|1085\n|player|p2|TheFlo1990|1|1043\n|teamsize|p1|6\n|teamsize|p2|6\n|gen|9\n|tier|[Gen 9] VGC 2023 Regulation C\n|rated|\n|rule|Species Clause: Limit one of each Pok\u00e9mon\n|rule|Item Clause: Limit one of each item\n|clearpoke\n|poke|p1|Lilligant, L50, F|\n|poke|p1|Torkoal, L50, F|\n|poke|p1|Flutter Mane, L50|\n|poke|p1|Kingambit, L50, F|\n|poke|p1|Dragonite, L50, F|\n|poke|p1|Great Tusk, L50|\n|poke|p2|Corviknight, L50, M|\n|poke|p2|Ting-Lu, L50|\n|poke|p2|Grimmsnarl, L50, M|\n|poke|p2|Flutter Mane, L50|\n|poke|p2|Tyranitar, L50, F|\n|poke|p2|Amoonguss, L50, M|\n|teampreview|4\n|inactive|Battle timer is ON: inactive players will automatically lose when time's up. (requested by TheFlo1990)\n|inactive|kyojinluca has 60 seconds left.\n|inactive|kyojinluca has 30 seconds left.\n|\n|t:|1683362562\n|start\n|switch|p1a: TT|Lilligant, L50, F, shiny|100\/100\n|switch|p1b: Trouble|Great Tusk, L50, shiny|100\/100\n|switch|p2a: Ting-Lu|Ting-Lu, L50|100\/100\n|switch|p2b: Amoonguss|Amoonguss, L50, M|100\/100\n|-ability|p2a: Ting-Lu|Vessel of Ruin\n|turn|1\n|inactive|kyojinluca has 30 seconds left.\n|inactive|kyojinluca has 20 seconds left.\n|inactive|kyojinluca has 15 seconds left.\n|inactive|kyojinluca has 10 seconds left.\n|inactive|kyojinluca has 5 seconds left.\n|\n|t:|1683362612\n|-end|p1b: Trouble|Protosynthesis|[silent]\n|switch|p1b: HOT|Kingambit, L50, F, shiny|100\/100\n|move|p1a: TT|Leaf Storm|p2a: Ting-Lu\n|-supereffective|p2a: Ting-Lu\n|-damage|p2a: Ting-Lu|52\/100\n|-unboost|p1a: TT|spa|2\n|move|p2a: Ting-Lu|Ruination|p1a: TT\n|-damage|p1a: TT|50\/100\n|move|p2b: Amoonguss|Spore|p1b: HOT\n|-status|p1b: HOT|slp|[from] move: Spore\n|\n|upkeep\n|turn|2\n|inactive|TheFlo1990 has 30 seconds left.\n|\n|t:|1683362642\n|move|p2b: Amoonguss|Rage Powder|p2b: Amoonguss\n|-singleturn|p2b: Amoonguss|move: Rage Powder\n|move|p1a: TT|Sleep Powder|p2a: Ting-Lu\n|-status|p2a: Ting-Lu|slp|[from] move: Sleep Powder\n|cant|p1b: HOT|slp\n|cant|p2a: Ting-Lu|slp\n|\n|upkeep\n|turn|3\n|\n|t:|1683362666\n|switch|p1a: Breakthrough|Torkoal, L50, F, shiny|100\/100\n|-weather|SunnyDay|[from] ability: Drought|[of] p1a: Breakthrough\n|-curestatus|p1b: HOT|slp|[msg]\n|move|p1b: HOT|Iron Head|p2a: Ting-Lu\n|-damage|p2a: Ting-Lu|24\/100 slp\n|-curestatus|p2a: Ting-Lu|slp|[msg]\n|move|p2a: Ting-Lu|Ruination|p1b: HOT\n|-damage|p1b: HOT|51\/100\n|move|p2b: Amoonguss|Sludge Bomb|p1a: Breakthrough\n|-damage|p1a: Breakthrough|58\/100\n|\n|-weather|SunnyDay|[upkeep]\n|upkeep\n|turn|4\n|inactive|kyojinluca has 30 seconds left.\n|inactive|TheFlo1990 has 30 seconds left.\n|inactive|kyojinluca has 20 seconds left.\n|\n|t:|1683362703\n|-terastallize|p1b: HOT|Fire\n|move|p1a: Breakthrough|Protect|p1a: Breakthrough\n|-singleturn|p1a: Breakthrough|Protect\n|move|p2b: Amoonguss|Rage Powder|p2b: Amoonguss\n|-singleturn|p2b: Amoonguss|move: Rage Powder\n|move|p1b: HOT|Tera Blast|p2b: Amoonguss\n|-supereffective|p2b: Amoonguss\n|-damage|p2b: Amoonguss|0 fnt\n|faint|p2b: Amoonguss\n|move|p2a: Ting-Lu|Rock Slide|p1b: HOT|[spread] p1b\n|-activate|p1a: Breakthrough|move: Protect\n|-supereffective|p1b: HOT\n|-damage|p1b: HOT|22\/100\n|\n|-weather|SunnyDay|[upkeep]\n|upkeep\n|\n|t:|1683362714\n|switch|p2b: Tyranitar|Tyranitar, L50, F|100\/100\n|-weather|Sandstorm|[from] ability: Sand Stream|[of] p2b: Tyranitar\n|turn|5\n|inactive|kyojinluca has 30 seconds left.\n|inactive|kyojinluca has 20 seconds left.\n|inactive|kyojinluca has 15 seconds left.\n|inactive|kyojinluca has 10 seconds left.\n|\n|t:|1683362761\n|switch|p1a: Trouble|Great Tusk, L50, shiny|100\/100\n|move|p2b: Tyranitar|Earthquake|p1a: Trouble|[spread] p2a,p1a,p1b\n|-supereffective|p1b: HOT\n|-damage|p2a: Ting-Lu|7\/100\n|-damage|p1a: Trouble|80\/100\n|-damage|p1b: HOT|0 fnt\n|faint|p1b: HOT\n|move|p2a: Ting-Lu|Rock Slide|p1a: Trouble\n|-resisted|p1a: Trouble\n|-damage|p1a: Trouble|76\/100\n|\n|-weather|Sandstorm|[upkeep]\n|upkeep\n|\n|t:|1683362776\n|switch|p1b: Breakthrough|Torkoal, L50, F, shiny|58\/100\n|-weather|SunnyDay|[from] ability: Drought|[of] p1b: Breakthrough\n|-activate|p1a: Trouble|ability: Protosynthesis\n|-start|p1a: Trouble|protosynthesisatk\n|turn|6\n|\n|t:|1683362791\n|move|p1b: Breakthrough|Protect|p1b: Breakthrough\n|-singleturn|p1b: Breakthrough|Protect\n|move|p1a: Trouble|Earthquake|p2a: Ting-Lu|[spread] p2a,p2b\n|-activate|p1b: Breakthrough|move: Protect\n|-supereffective|p2b: Tyranitar\n|-damage|p2a: Ting-Lu|0 fnt\n|-damage|p2b: Tyranitar|25\/100\n|-enditem|p2b: Tyranitar|Weakness Policy\n|-boost|p2b: Tyranitar|atk|2|[from] item: Weakness Policy\n|-boost|p2b: Tyranitar|spa|2|[from] item: Weakness Policy\n|faint|p2a: Ting-Lu\n|move|p2b: Tyranitar|Earthquake|p1a: Trouble|[spread] p1a\n|-activate|p1b: Breakthrough|move: Protect\n|-damage|p1a: Trouble|30\/100\n|\n|-weather|SunnyDay|[upkeep]\n|upkeep\n|\n|t:|1683362798\n|switch|p2a: Flutter Mane|Flutter Mane, L50|100\/100\n|-activate|p2a: Flutter Mane|ability: Protosynthesis\n|-start|p2a: Flutter Mane|protosynthesisspe\n|turn|7\n|\n|t:|1683362815\n|switch|p1b: TT|Lilligant, L50, F, shiny|50\/100\n|move|p2a: Flutter Mane|Dazzling Gleam|p1a: Trouble|[spread] p1a,p1b\n|-supereffective|p1a: Trouble\n|-damage|p1a: Trouble|0 fnt\n|-damage|p1b: TT|0 fnt\n|faint|p1a: Trouble\n|-end|p1a: Trouble|Protosynthesis|[silent]\n|faint|p1b: TT\n|move|p2b: Tyranitar|Rock Slide|p1: Trouble|[notarget]\n|-fail|p2b: Tyranitar\n|\n|-weather|SunnyDay|[upkeep]\n|upkeep\n|\n|t:|1683362826\n|switch|p1a: Breakthrough|Torkoal, L50, F, shiny|58\/100\n|turn|8\n|c|\u2606kyojinluca|gg\n|inactive|TheFlo1990 has 30 seconds left.\n|\n|t:|1683362852\n|move|p2a: Flutter Mane|Dazzling Gleam|p1a: Breakthrough\n|-resisted|p1a: Breakthrough\n|-damage|p1a: Breakthrough|12\/100\n|move|p2b: Tyranitar|Earthquake|p1a: Breakthrough|[spread] p2a,p1a\n|-supereffective|p1a: Breakthrough\n|-damage|p2a: Flutter Mane|0 fnt\n|-damage|p1a: Breakthrough|0 fnt\n|faint|p2a: Flutter Mane\n|-end|p2a: Flutter Mane|Protosynthesis|[silent]\n|faint|p1a: Breakthrough\n|\n|win|TheFlo1990\n|raw|kyojinluca's rating: 1085 → 1060<\/strong> (-25 for losing)\n|raw|TheFlo1990's rating: 1043 → 1081<\/strong> (+38 for winning)\n","uploadtime":1683362864,"views":15,"p1id":"kyojinluca","p2id":"theflo1990","formatid":"gen9vgc2023regulationc","rating":1060,"private":0,"password":""}