{"id":"gen9vgc2023regulationc-1863347965","p1":"Inferno prodigy","p2":"Bout It 27","format":"[Gen 9] VGC 2023 Regulation C","log":"|j|\u2606Inferno prodigy\n|j|\u2606Bout It 27\n|t:|1684005537\n|gametype|doubles\n|player|p1|Inferno prodigy|170|1303\n|player|p2|Bout It 27|101|1297\n|teamsize|p1|6\n|teamsize|p2|6\n|gen|9\n|tier|[Gen 9] VGC 2023 Regulation C\n|rated|\n|rule|Species Clause: Limit one of each Pok\u00e9mon\n|rule|Item Clause: Limit one of each item\n|clearpoke\n|poke|p1|Dragonite, L50, M|\n|poke|p1|Chien-Pao, L50|\n|poke|p1|Flutter Mane, L50|\n|poke|p1|Arcanine, L50, F|\n|poke|p1|Iron Hands, L50|\n|poke|p1|Palafin, L50, F|\n|poke|p2|Murkrow, L50, F|\n|poke|p2|Amoonguss, L50, M|\n|poke|p2|Garganacl, L50, M|\n|poke|p2|Chien-Pao, L50|\n|poke|p2|Glimmora, L50, M|\n|poke|p2|Chi-Yu, L50|\n|teampreview|4\n|\n|t:|1684005603\n|start\n|switch|p1a: Arcanine|Arcanine, L50, F|100\/100\n|switch|p1b: Iron Hands|Iron Hands, L50|100\/100\n|switch|p2a: Chi-Yu|Chi-Yu, L50|100\/100\n|switch|p2b: Amoonguss|Amoonguss, L50, M, shiny|100\/100\n|-ability|p2a: Chi-Yu|Beads of Ruin\n|-ability|p1a: Arcanine|Intimidate|boost\n|-unboost|p2a: Chi-Yu|atk|1\n|-unboost|p2b: Amoonguss|atk|1\n|turn|1\n|\n|t:|1684005644\n|switch|p2a: Glimmora|Glimmora, L50, M|100\/100\n|-terastallize|p1b: Iron Hands|Grass\n|-terastallize|p2b: Amoonguss|Water\n|move|p1b: Iron Hands|Fake Out|p2a: Glimmora\n|-resisted|p2a: Glimmora\n|-damage|p2a: Glimmora|90\/100\n|-damage|p1b: Iron Hands|84\/100|[from] item: Rocky Helmet|[of] p2a: Glimmora\n|-activate|p2a: Glimmora|ability: Toxic Debris\n|-sidestart|p1: Inferno prodigy|move: Toxic Spikes\n|move|p1a: Arcanine|Flare Blitz|p2b: Amoonguss\n|-resisted|p2b: Amoonguss\n|-damage|p2b: Amoonguss|77\/100\n|-status|p2b: Amoonguss|brn\n|-damage|p1a: Arcanine|92\/100|[from] Recoil\n|move|p2b: Amoonguss|Spore|p1b: Iron Hands\n|-immune|p1b: Iron Hands\n|\n|-damage|p2b: Amoonguss|71\/100 brn|[from] brn\n|upkeep\n|turn|2\n|\n|t:|1684005673\n|move|p1a: Arcanine|Protect|p1a: Arcanine\n|-singleturn|p1a: Arcanine|Protect\n|move|p2a: Glimmora|Power Gem|p1a: Arcanine\n|-activate|p1a: Arcanine|move: Protect\n|move|p1b: Iron Hands|Wild Charge|p2b: Amoonguss\n|-supereffective|p2b: Amoonguss\n|-damage|p2b: Amoonguss|0 fnt\n|faint|p2b: Amoonguss\n|-damage|p1b: Iron Hands|68\/100|[from] Recoil\n|\n|upkeep\n|\n|t:|1684005685\n|switch|p2b: Chi-Yu|Chi-Yu, L50|100\/100\n|-ability|p2b: Chi-Yu|Beads of Ruin\n|turn|3\n|\n|t:|1684005724\n|move|p1a: Arcanine|Extreme Speed|p2b: Chi-Yu\n|-damage|p2b: Chi-Yu|57\/100\n|move|p2b: Chi-Yu|Heat Wave|p1b: Iron Hands|[spread] p1a,p1b\n|-resisted|p1a: Arcanine\n|-supereffective|p1b: Iron Hands\n|-damage|p1a: Arcanine|54\/100\n|-damage|p1b: Iron Hands|0 fnt\n|faint|p1b: Iron Hands\n|-end|p1b: Iron Hands|Quark Drive|[silent]\n|move|p2a: Glimmora|Power Gem|p1a: Arcanine\n|-supereffective|p1a: Arcanine\n|-damage|p1a: Arcanine|0 fnt\n|faint|p1a: Arcanine\n|\n|upkeep\n|\n|t:|1684005727\n|switch|p1a: Flutter Mane|Flutter Mane, L50|100\/100\n|switch|p1b: Chien-Pao|Chien-Pao, L50|100\/100\n|-status|p1b: Chien-Pao|psn\n|-ability|p1b: Chien-Pao|Sword of Ruin\n|-status|p1a: Flutter Mane|psn\n|turn|4\n|\n|t:|1684005751\n|move|p2a: Glimmora|Spiky Shield|p2a: Glimmora\n|-singleturn|p2a: Glimmora|move: Protect\n|move|p1b: Chien-Pao|Sucker Punch||[still]\n|-fail|p1b: Chien-Pao\n|move|p1a: Flutter Mane|Dazzling Gleam|p2a: Glimmora|[spread] p2b\n|-activate|p2a: Glimmora|move: Protect\n|-crit|p2b: Chi-Yu\n|-damage|p2b: Chi-Yu|0 fnt\n|faint|p2b: Chi-Yu\n|\n|-damage|p1b: Chien-Pao|88\/100 psn|[from] psn\n|-damage|p1a: Flutter Mane|88\/100 psn|[from] psn\n|upkeep\n|\n|t:|1684005765\n|switch|p2b: Chien-Pao|Chien-Pao, L50|100\/100\n|-ability|p2b: Chien-Pao|Sword of Ruin\n|turn|5\n|\n|t:|1684005784\n|move|p1b: Chien-Pao|Sucker Punch|p2a: Glimmora\n|-damage|p2a: Glimmora|35\/100\n|-damage|p1b: Chien-Pao|72\/100 psn|[from] item: Rocky Helmet|[of] p2a: Glimmora\n|-activate|p2a: Glimmora|ability: Toxic Debris\n|-sidestart|p1: Inferno prodigy|move: Toxic Spikes\n|move|p2b: Chien-Pao|Ice Spinner|p1a: Flutter Mane\n|-damage|p1a: Flutter Mane|0 fnt\n|faint|p1a: Flutter Mane\n|-end|p1a: Flutter Mane|Protosynthesis|[silent]\n|move|p2a: Glimmora|Power Gem|p1b: Chien-Pao\n|-supereffective|p1b: Chien-Pao\n|-damage|p1b: Chien-Pao|0 fnt\n|faint|p1b: Chien-Pao\n|\n|win|Bout It 27\n|raw|Inferno prodigy's rating: 1303 → 1283<\/strong> (-20 for losing)\n|raw|Bout It 27's rating: 1297 → 1322<\/strong> (+25 for winning)\n|l|\u2606Inferno prodigy\n","uploadtime":1684005811,"views":11,"p1id":"infernoprodigy","p2id":"boutit27","formatid":"gen9vgc2023regulationc","rating":1283,"private":0,"password":""}