{"id":"gen9vgc2023regulationc-1852765521","p1":"ITS PAPAW TIME","p2":"pocketchansey","format":"[Gen 9] VGC 2023 Regulation C","log":"|j|\u2606ITS PAPAW TIME\n|j|\u2606pocketchansey\n|t:|1682604408\n|gametype|doubles\n|player|p1|ITS PAPAW TIME|veteran|\n|player|p2|pocketchansey|170|\n|teamsize|p1|6\n|teamsize|p2|6\n|gen|9\n|tier|[Gen 9] VGC 2023 Regulation C\n|rule|Species Clause: Limit one of each Pok\u00e9mon\n|rule|Item Clause: Limit one of each item\n|clearpoke\n|poke|p1|Baxcalibur, L50, M|\n|poke|p1|Palafin, L50, F|\n|poke|p1|Arcanine, L50, M|\n|poke|p1|Flutter Mane, L50|\n|poke|p1|Ting-Lu, L50|\n|poke|p1|Amoonguss, L50, F|\n|poke|p2|Azumarill, L50, F|\n|poke|p2|Arcanine, L50, F|\n|poke|p2|Flutter Mane, L50|\n|poke|p2|Iron Hands, L50|\n|poke|p2|Ting-Lu, L50|\n|poke|p2|Amoonguss, L50, F|\n|teampreview|4\nITS PAPAW TIME has agreed to open team sheets.\n|\n|t:|1682604438\n|start\n|switch|p1a: Arcanine|Arcanine, L50, M|100\/100\n|switch|p1b: Flutter Mane|Flutter Mane, L50|100\/100\n|switch|p2a: Kay|Arcanine, L50, F|100\/100\n|switch|p2b: Goldy|Azumarill, L50, F, shiny|100\/100\n|-ability|p1a: Arcanine|Intimidate|boost\n|-unboost|p2a: Kay|atk|1\n|-unboost|p2b: Goldy|atk|1\n|-ability|p2a: Kay|Intimidate|boost\n|-unboost|p1a: Arcanine|atk|1\n|-unboost|p1b: Flutter Mane|atk|1\n|turn|1\n|\n|t:|1682604468\n|switch|p2b: Watakoi|Iron Hands, L50, shiny|100\/100\n|move|p1b: Flutter Mane|Thunderbolt|p2b: Watakoi\n|-resisted|p2b: Watakoi\n|-damage|p2b: Watakoi|85\/100\n|move|p1a: Arcanine|Will-O-Wisp|p2b: Watakoi\n|-status|p2b: Watakoi|brn\n|move|p2a: Kay|Will-O-Wisp|p1b: Flutter Mane\n|-status|p1b: Flutter Mane|brn\n|\n|-damage|p1b: Flutter Mane|95\/100 brn|[from] brn\n|-damage|p2b: Watakoi|79\/100 brn|[from] brn\n|upkeep\n|turn|2\n|\n|t:|1682604508\n|-end|p1b: Flutter Mane|Protosynthesis|[silent]\n|switch|p1b: Ting-Lu|Ting-Lu, L50|100\/100\n|-ability|p1b: Ting-Lu|Vessel of Ruin\n|move|p2a: Kay|Protect|p2a: Kay\n|-singleturn|p2a: Kay|Protect\n|move|p1a: Arcanine|Flare Blitz|p2b: Watakoi\n|-damage|p2b: Watakoi|58\/100 brn\n|-damage|p1a: Arcanine|91\/100|[from] Recoil\n|move|p2b: Watakoi|Wild Charge|p1b: Ting-Lu\n|-immune|p1b: Ting-Lu\n|\n|-damage|p2b: Watakoi|52\/100 brn|[from] brn\n|upkeep\n|turn|3\n|\n|t:|1682604547\n|switch|p1a: Flutter Mane|Flutter Mane, L50|95\/100 brn\n|move|p2a: Kay|Flare Blitz|p1b: Ting-Lu\n|-damage|p1b: Ting-Lu|83\/100\n|-damage|p2a: Kay|93\/100|[from] Recoil\n|move|p2b: Watakoi|Wild Charge|p1a: Flutter Mane\n|-damage|p1a: Flutter Mane|51\/100 brn\n|-damage|p2b: Watakoi|45\/100 brn|[from] Recoil\n|move|p1b: Ting-Lu|Stomping Tantrum|p2a: Kay\n|-supereffective|p2a: Kay\n|-damage|p2a: Kay|34\/100\n|\n|-damage|p1a: Flutter Mane|45\/100 brn|[from] brn\n|-damage|p2b: Watakoi|39\/100 brn|[from] brn\n|upkeep\n|turn|4\n|\n|t:|1682604580\n|-end|p1a: Flutter Mane|Protosynthesis|[silent]\n|switch|p1a: Arcanine|Arcanine, L50, M|91\/100\n|-ability|p1a: Arcanine|Intimidate|boost\n|-unboost|p2a: Kay|atk|1\n|-fail|p2b: Watakoi|unboost|[from] item: Clear Amulet|[of] p2b: Watakoi\n|move|p2a: Kay|Protect|p2a: Kay\n|-singleturn|p2a: Kay|Protect\n|move|p2b: Watakoi|Wild Charge|p1a: Arcanine\n|-crit|p1a: Arcanine\n|-damage|p1a: Arcanine|54\/100\n|-damage|p2b: Watakoi|31\/100 brn|[from] Recoil\n|move|p1b: Ting-Lu|Stomping Tantrum|p2b: Watakoi\n|-supereffective|p2b: Watakoi\n|-damage|p2b: Watakoi|0 fnt\n|faint|p2b: Watakoi\n|-end|p2b: Watakoi|Quark Drive|[silent]\n|\n|upkeep\n|\n|t:|1682604604\n|switch|p2b: Morgana|Flutter Mane, L50, shiny|100\/100\n|turn|5\n|\n|t:|1682604621\n|switch|p1a: Baxcalibur|Baxcalibur, L50, M|100\/100\n|switch|p2a: Goldy|Azumarill, L50, F, shiny|100\/100\n|-terastallize|p1b: Ting-Lu|Water\n|move|p2b: Morgana|Moonblast|p1b: Ting-Lu\n|-damage|p1b: Ting-Lu|61\/100\n|move|p1b: Ting-Lu|Stomping Tantrum|p2a: Goldy\n|-damage|p2a: Goldy|71\/100\n|\n|upkeep\n|turn|6\n|\n|t:|1682604641\n|move|p2b: Morgana|Moonblast|p1a: Baxcalibur\n|-supereffective|p1a: Baxcalibur\n|-damage|p1a: Baxcalibur|0 fnt\n|faint|p1a: Baxcalibur\n|move|p2a: Goldy|Play Rough|p1b: Ting-Lu\n|-damage|p1b: Ting-Lu|33\/100\n|-unboost|p1b: Ting-Lu|atk|1\n|move|p1b: Ting-Lu|Heavy Slam|p2a: Goldy\n|-damage|p2a: Goldy|51\/100\n|\n|upkeep\n|\n|t:|1682604645\n|switch|p1a: Arcanine|Arcanine, L50, M|54\/100\n|-ability|p1a: Arcanine|Intimidate|boost\n|-unboost|p2a: Goldy|atk|1\n|-unboost|p2b: Morgana|atk|1\n|turn|7\n|\n|t:|1682604677\n|move|p2a: Goldy|Aqua Jet|p1a: Arcanine\n|-supereffective|p1a: Arcanine\n|-damage|p1a: Arcanine|16\/100\n|move|p2b: Morgana|Moonblast|p1a: Arcanine\n|-resisted|p1a: Arcanine\n|-damage|p1a: Arcanine|0 fnt\n|faint|p1a: Arcanine\n|move|p1b: Ting-Lu|Heavy Slam|p2b: Morgana\n|-supereffective|p2b: Morgana\n|-damage|p2b: Morgana|17\/100\n|\n|upkeep\n|\n|t:|1682604685\n|switch|p1a: Flutter Mane|Flutter Mane, L50|45\/100 brn\n|turn|8\n|\n|t:|1682604728\n|move|p2a: Goldy|Aqua Jet|p1a: Flutter Mane\n|-damage|p1a: Flutter Mane|12\/100 brn\n|move|p1a: Flutter Mane|Thunderbolt|p2a: Goldy\n|-supereffective|p2a: Goldy\n|-damage|p2a: Goldy|0 fnt\n|faint|p2a: Goldy\n|move|p2b: Morgana|Moonblast|p1a: Flutter Mane\n|-damage|p1a: Flutter Mane|0 fnt\n|faint|p1a: Flutter Mane\n|-end|p1a: Flutter Mane|Protosynthesis|[silent]\n|move|p1b: Ting-Lu|Rock Slide|p2b: Morgana\n|-damage|p2b: Morgana|0 fnt\n|faint|p2b: Morgana\n|-end|p2b: Morgana|Protosynthesis|[silent]\n|\n|upkeep\n|\n|t:|1682604748\n|switch|p2b: Kay|Arcanine, L50, F|34\/100\n|-ability|p2b: Kay|Intimidate|boost\n|-unboost|p1b: Ting-Lu|atk|1\n|turn|9\n|\n|t:|1682604763\n|-terastallize|p2b: Kay|Water\n|move|p2b: Kay|Will-O-Wisp|p1b: Ting-Lu\n|-status|p1b: Ting-Lu|brn\n|move|p1b: Ting-Lu|Stomping Tantrum|p2b: Kay\n|-damage|p2b: Kay|26\/100\n|\n|-damage|p1b: Ting-Lu|26\/100 brn|[from] brn\n|upkeep\n|turn|10\n|\n|t:|1682604778\n|move|p2b: Kay|Protect|p2b: Kay\n|-singleturn|p2b: Kay|Protect\n|move|p1b: Ting-Lu|Heavy Slam|p2b: Kay\n|-activate|p2b: Kay|move: Protect\n|\n|-damage|p1b: Ting-Lu|20\/100 brn|[from] brn\n|upkeep\n|turn|11\n|\n|t:|1682604793\n|move|p2b: Kay|Extreme Speed|p1b: Ting-Lu\n|-damage|p1b: Ting-Lu|9\/100 brn\n|move|p1b: Ting-Lu|Heavy Slam|p2b: Kay\n|-resisted|p2b: Kay\n|-damage|p2b: Kay|23\/100\n|\n|-damage|p1b: Ting-Lu|3\/100 brn|[from] brn\n|upkeep\n|turn|12\n|\n|t:|1682604804\n|move|p2b: Kay|Protect|p2b: Kay\n|-singleturn|p2b: Kay|Protect\n|move|p1b: Ting-Lu|Ruination|p2b: Kay\n|-activate|p2b: Kay|move: Protect\n|\n|-damage|p1b: Ting-Lu|0 fnt|[from] brn\n|faint|p1b: Ting-Lu\n|\n|win|pocketchansey\n|upkeep\n","uploadtime":1682604811,"views":4,"p1id":"itspapawtime","p2id":"pocketchansey","formatid":"gen9vgc2023regulationc","rating":0,"private":0,"password":""}