{"id":"gen9vgc2023regulationc-1851736595","p1":"pchan1f","p2":"DrPokemonDO","format":"[Gen 9] VGC 2023 Regulation C","log":"|j|\u2606pchan1f\n|j|\u2606DrPokemonDO\n|t:|1682476124\n|gametype|doubles\n|player|p1|pchan1f|169|1093\n|player|p2|DrPokemonDO|265|1060\n|teamsize|p1|6\n|teamsize|p2|6\n|gen|9\n|tier|[Gen 9] VGC 2023 Regulation C\n|rated|\n|rule|Species Clause: Limit one of each Pok\u00e9mon\n|rule|Item Clause: Limit one of each item\n|clearpoke\n|poke|p1|Wo-Chien, L50|\n|poke|p1|Murkrow, L50, F|\n|poke|p1|Tsareena, L50, F|\n|poke|p1|Gholdengo, L50|\n|poke|p1|Iron Hands, L50|\n|poke|p1|Palafin, L50, M|\n|poke|p2|Espathra, L50, M|\n|poke|p2|Bombirdier, L50, M|\n|poke|p2|Dragonite, L50, M|\n|poke|p2|Umbreon, L50, F|\n|poke|p2|Tyranitar, L50, F|\n|poke|p2|Arcanine, L50, F|\n|teampreview|4\n|\n|t:|1682476176\n|start\n|switch|p1a: Aquafino|Palafin, L50, M|100\/100\n|switch|p1b: Fat Gum|Iron Hands, L50|100\/100\n|switch|p2a: Bombirdier|Bombirdier, L50, M|100\/100\n|switch|p2b: Tyranitar|Tyranitar, L50, F|100\/100\n|-ability|p2b: Tyranitar|Unnerve\n|turn|1\n|inactive|Battle timer is ON: inactive players will automatically lose when time's up. (requested by pchan1f)\n|\n|t:|1682476206\n|move|p1b: Fat Gum|Fake Out|p2b: Tyranitar\n|-resisted|p2b: Tyranitar\n|-damage|p2b: Tyranitar|94\/100\n|move|p1a: Aquafino|Flip Turn|p2a: Bombirdier\n|-damage|p2a: Bombirdier|73\/100\n|\n|t:|1682476219\n|detailschange|p1a: Aquafino|Palafin-Hero, L50, M\n|switch|p1a: Dark Shadow|Murkrow, L50, F|100\/100|[from] Flip Turn\n|cant|p2b: Tyranitar|flinch\n|move|p2a: Bombirdier|Rock Slide|p1a: Dark Shadow|[spread] p1a,p1b\n|-supereffective|p1a: Dark Shadow\n|-resisted|p1b: Fat Gum\n|-damage|p1a: Dark Shadow|48\/100\n|-damage|p1b: Fat Gum|91\/100\n|\n|upkeep\n|turn|2\n|inactive|pchan1f has 30 seconds left.\n|\n|t:|1682476248\n|move|p1a: Dark Shadow|Rain Dance|p1a: Dark Shadow\n|-weather|RainDance\n|move|p2b: Tyranitar|Earthquake|p1b: Fat Gum|[spread] p1b\n|-immune|p2a: Bombirdier\n|-immune|p1a: Dark Shadow\n|-supereffective|p1b: Fat Gum\n|-damage|p1b: Fat Gum|47\/100\n|move|p2a: Bombirdier|Stone Edge|p1a: Dark Shadow|[miss]\n|-miss|p2a: Bombirdier|p1a: Dark Shadow\n|move|p1b: Fat Gum|Volt Switch|p2a: Bombirdier\n|-supereffective|p2a: Bombirdier\n|-damage|p2a: Bombirdier|38\/100\n|\n|t:|1682476261\n|-end|p1b: Fat Gum|Quark Drive|[silent]\n|switch|p1b: Aquafino|Palafin-Hero, L50, M|100\/100|[from] Volt Switch\n|-activate|p1b: Aquafino|ability: Zero to Hero\n|\n|-weather|RainDance|[upkeep]\n|upkeep\n|turn|3\n|inactive|pchan1f has 30 seconds left.\n|\n|t:|1682476292\n|-terastallize|p1b: Aquafino|Water\n|move|p2b: Tyranitar|Protect|p2b: Tyranitar\n|-singleturn|p2b: Tyranitar|Protect\n|move|p1a: Dark Shadow|Tailwind|p1a: Dark Shadow\n|-sidestart|p1: pchan1f|move: Tailwind\n|move|p1b: Aquafino|Flip Turn|p2a: Bombirdier\n|-damage|p2a: Bombirdier|0 fnt\n|faint|p2a: Bombirdier\n|\n|t:|1682476302\n|switch|p1b: Fat Gum|Iron Hands, L50|47\/100|[from] Flip Turn\n|\n|-weather|RainDance|[upkeep]\n|upkeep\n|\n|t:|1682476317\n|switch|p2a: Arcanine|Arcanine, L50, F|100\/100\n|-ability|p2a: Arcanine|Intimidate|boost\n|-unboost|p1a: Dark Shadow|atk|1\n|-unboost|p1b: Fat Gum|atk|1\n|turn|4\n|inactive|pchan1f has 30 seconds left.\n|\n|t:|1682476347\n|move|p1b: Fat Gum|Fake Out|p2a: Arcanine\n|-damage|p2a: Arcanine|89\/100\n|move|p1a: Dark Shadow|Taunt|p2b: Tyranitar\n|-hint|Since gen 7, Dark is immune to Prankster moves.\n|-immune|p2b: Tyranitar\n|cant|p2a: Arcanine|flinch\n|move|p2b: Tyranitar|Rock Slide|p1a: Dark Shadow|[spread] p1a,p1b\n|-supereffective|p1a: Dark Shadow\n|-resisted|p1b: Fat Gum\n|-damage|p1a: Dark Shadow|0 fnt\n|-damage|p1b: Fat Gum|37\/100\n|faint|p1a: Dark Shadow\n|\n|-weather|RainDance|[upkeep]\n|upkeep\n|\n|t:|1682476361\n|switch|p1a: Aquafino|Palafin-Hero, L50, M, tera:Water|100\/100\n|turn|5\n|inactive|pchan1f has 30 seconds left.\n|inactive|pchan1f has 20 seconds left.\n|inactive|pchan1f has 15 seconds left.\n|\n|t:|1682476403\n|move|p1a: Aquafino|Wave Crash|p2b: Tyranitar\n|-supereffective|p2b: Tyranitar\n|-damage|p2b: Tyranitar|0 fnt\n|faint|p2b: Tyranitar\n|-damage|p1a: Aquafino|74\/100|[from] Recoil\n|move|p1b: Fat Gum|Close Combat|p2a: Arcanine\n|-damage|p2a: Arcanine|42\/100\n|-unboost|p1b: Fat Gum|def|1\n|-unboost|p1b: Fat Gum|spd|1\n|move|p2a: Arcanine|Roar|p1a: Aquafino\n|drag|p1a: Metalico|Gholdengo, L50|100\/100\n|\n|-weather|RainDance|[upkeep]\n|upkeep\n|\n|t:|1682476415\n|switch|p2b: Dragonite|Dragonite, L50, M|100\/100\n|turn|6\n|inactive|pchan1f has 30 seconds left.\n|inactive|pchan1f has 20 seconds left.\n|inactive|pchan1f has 15 seconds left.\n|inactive|pchan1f has 10 seconds left.\n|\n|t:|1682476461\n|move|p1a: Metalico|Make It Rain|p2a: Arcanine|[spread] p2a,p2b\n|-resisted|p2a: Arcanine\n|-damage|p2a: Arcanine|0 fnt\n|-damage|p2b: Dragonite|75\/100\n|-unboost|p1a: Metalico|spa|1\n|faint|p2a: Arcanine\n|move|p1b: Fat Gum|Volt Switch|p2b: Dragonite\n|-damage|p2b: Dragonite|67\/100\n|\n|t:|1682476471\n|-end|p1b: Fat Gum|Quark Drive|[silent]\n|switch|p1b: Aquafino|Palafin-Hero, L50, M, tera:Water|74\/100|[from] Volt Switch\n|move|p2b: Dragonite|Iron Head|p1b: Aquafino\n|-resisted|p1b: Aquafino\n|-damage|p1b: Aquafino|61\/100\n|\n|-weather|none\n|-sideend|p1: pchan1f|move: Tailwind\n|upkeep\n|turn|7\n|inactive|pchan1f has 30 seconds left.\n|\n|t:|1682476497\n|move|p1b: Aquafino|Wave Crash|p2b: Dragonite\n|-resisted|p2b: Dragonite\n|-damage|p2b: Dragonite|14\/100\n|-damage|p1b: Aquafino|44\/100|[from] Recoil\n|move|p1a: Metalico|Make It Rain|p2b: Dragonite\n|-damage|p2b: Dragonite|0 fnt\n|-unboost|p1a: Metalico|spa|1\n|faint|p2b: Dragonite\n|\n|win|pchan1f\n|raw|pchan1f's rating: 1093 → 1117<\/strong> (+24 for winning)\n|raw|DrPokemonDO's rating: 1060 → 1043<\/strong> (-17 for losing)\n|l|\u2606DrPokemonDO\n","uploadtime":1682476610,"views":9,"p1id":"pchan1f","p2id":"drpokemondo","formatid":"gen9vgc2023regulationc","rating":1043,"private":0,"password":""}