{"id":"gen9vgc2023regulationc-1854627946","p1":"JonnyNerd","p2":"Topperlecat","format":"[Gen 9] VGC 2023 Regulation C","log":"|j|\u2606JonnyNerd\n|j|\u2606Topperlecat\n|t:|1682838945\n|gametype|doubles\n|player|p1|JonnyNerd|waiter-gen4dp|\n|player|p2|Topperlecat|n|\n|teamsize|p1|6\n|teamsize|p2|6\n|gen|9\n|tier|[Gen 9] VGC 2023 Regulation C\n|rated|Tournament battle\n|rule|Species Clause: Limit one of each Pok\u00e9mon\n|rule|Item Clause: Limit one of each item\n|clearpoke\n|poke|p1|Mimikyu, L50, F|\n|poke|p1|Kingambit, L50, F|\n|poke|p1|Amoonguss, L50, M|\n|poke|p1|Palafin, L50, M|\n|poke|p1|Iron Hands, L50|\n|poke|p1|Arcanine, L50, F|\n|poke|p2|Ting-Lu, L50|\n|poke|p2|Glimmora, L50, F|\n|poke|p2|Corviknight, L50, M|\n|poke|p2|Arcanine, L50, M|\n|poke|p2|Iron Jugulis, L50|\n|poke|p2|Amoonguss, L50, F|\n|teampreview|4\n|raw| Open Team Sheet for JonnyNerd<\/summary>Mimikyu @ Safety Goggles Ability: Disguise Level: 50 Tera Type: Fairy - Trick Room - Protect - Play Rough - Shadow Sneak Kingambit @ Assault Vest Ability: Defiant Level: 50 Shiny: Yes Tera Type: Flying - Kowtow Cleave - Sucker Punch - Iron Head - Tera Blast Amoonguss @ Rocky Helmet Ability: Regenerator Level: 50 Tera Type: Dark - Protect - Spore - Pollen Puff - Rage Powder Palafin @ Mystic Water Ability: Zero to Hero Level: 50 Tera Type: Water - Protect - Haze - Jet Punch - Wave Crash Iron Hands @ Lum Berry Ability: Quark Drive Level: 50 Tera Type: Grass - Fake Out - Swords Dance - Drain Punch - Wild Charge Arcanine @ Sitrus Berry Ability: Intimidate Level: 50 Tera Type: Grass - Protect - Flare Blitz - Extreme Speed - Will-O-Wisp <\/details><\/div> Open Team Sheet for Topperlecat<\/summary>THE GOAT (Ting-Lu) @ Leftovers Ability: Vessel of Ruin Level: 50 Tera Type: Poison - Ruination - Stomping Tantrum - Payback - Substitute beyblade (Glimmora) (F) @ Focus Sash Ability: Toxic Debris Level: 50 Tera Type: Flying - Tera Blast - Spiky Shield - Sludge Bomb - Power Gem the biggest bird (Corviknight) (M) @ Lum Berry Ability: Mirror Armor Level: 50 Tera Type: Fire - Roost - Bulk Up - Iron Head - Brave Bird big dog :) (Arcanine) (M) @ Safety Goggles Ability: Intimidate Level: 50 Tera Type: Water - Flare Blitz - Protect - Extreme Speed - Will-O-Wisp Iron Jugulis @ Booster Energy Ability: Quark Drive Level: 50 Tera Type: Steel - Tailwind - Protect - Flash Cannon - Air Slash Amoonguss @ Sitrus Berry Ability: Regenerator Level: 50 Tera Type: Water - Spore - Clear Smog - Rage Powder - Pollen Puff <\/details><\/div>\n|c|\u2606Topperlecat|Glhf\n|c|\u2606JonnyNerd|you too mate\n|j| XD VIRGO\n|\n|t:|1682839003\n|start\n|switch|p1a: Palafin|Palafin, L50, M|100\/100\n|switch|p1b: Kingambit|Kingambit, L50, F, shiny|100\/100\n|switch|p2a: Iron Jugulis|Iron Jugulis, L50|100\/100\n|switch|p2b: beyblade|Glimmora, L50, F|100\/100\n|-enditem|p2a: Iron Jugulis|Booster Energy\n|-activate|p2a: Iron Jugulis|ability: Quark Drive|[fromitem]\n|-start|p2a: Iron Jugulis|quarkdrivespa\n|turn|1\n|\n|t:|1682839057\n|move|p2b: beyblade|Spiky Shield|p2b: beyblade\n|-singleturn|p2b: beyblade|move: Protect\n|move|p1a: Palafin|Protect|p1a: Palafin\n|-singleturn|p1a: Palafin|Protect\n|move|p2a: Iron Jugulis|Tailwind|p2a: Iron Jugulis\n|-sidestart|p2: Topperlecat|move: Tailwind\n|move|p1b: Kingambit|Iron Head|p2a: Iron Jugulis\n|-damage|p2a: Iron Jugulis|51\/100\n|\n|upkeep\n|turn|2\n|\n|t:|1682839070\n|switch|p2b: Amoonguss|Amoonguss, L50, F|100\/100\n|move|p1a: Palafin|Jet Punch|p2b: Amoonguss\n|-resisted|p2b: Amoonguss\n|-damage|p2b: Amoonguss|89\/100\n|move|p1b: Kingambit|Sucker Punch||[still]\n|-fail|p1b: Kingambit\n|move|p2a: Iron Jugulis|Air Slash|p1a: Palafin\n|-damage|p1a: Palafin|23\/100\n|\n|upkeep\n|turn|3\n|\n|t:|1682839089\n|detailschange|p1a: Palafin|Palafin-Hero, L50, M\n|switch|p1a: Amoonguss|Amoonguss, L50, M|100\/100\n|move|p2a: Iron Jugulis|Air Slash|p1a: Amoonguss\n|-supereffective|p1a: Amoonguss\n|-damage|p1a: Amoonguss|8\/100\n|move|p2b: Amoonguss|Pollen Puff|p2a: Iron Jugulis\n|-heal|p2a: Iron Jugulis|100\/100\n|move|p1b: Kingambit|Iron Head|p2a: Iron Jugulis\n|-damage|p2a: Iron Jugulis|52\/100\n|\n|upkeep\n|turn|4\n|\n|t:|1682839105\n|move|p1a: Amoonguss|Protect|p1a: Amoonguss\n|-singleturn|p1a: Amoonguss|Protect\n|move|p2a: Iron Jugulis|Air Slash|p1a: Amoonguss\n|-activate|p1a: Amoonguss|move: Protect\n|move|p2b: Amoonguss|Pollen Puff|p2a: Iron Jugulis\n|-heal|p2a: Iron Jugulis|100\/100\n|move|p1b: Kingambit|Iron Head|p2a: Iron Jugulis\n|-damage|p2a: Iron Jugulis|51\/100\n|\n|-sideend|p2: Topperlecat|move: Tailwind\n|upkeep\n|turn|5\n|\n|t:|1682839122\n|move|p2b: Amoonguss|Rage Powder|p2b: Amoonguss\n|-singleturn|p2b: Amoonguss|move: Rage Powder\n|move|p2a: Iron Jugulis|Tailwind|p2a: Iron Jugulis\n|-sidestart|p2: Topperlecat|move: Tailwind\n|move|p1b: Kingambit|Iron Head|p2b: Amoonguss\n|-damage|p2b: Amoonguss|52\/100\n|move|p1a: Amoonguss|Spore|p2a: Iron Jugulis\n|-status|p2a: Iron Jugulis|slp|[from] move: Spore\n|\n|upkeep\n|turn|6\n|\n|t:|1682839138\n|switch|p1a: Iron Hands|Iron Hands, L50|100\/100\n|cant|p2a: Iron Jugulis|slp\n|move|p2b: Amoonguss|Pollen Puff|p2a: Iron Jugulis\n|-heal|p2a: Iron Jugulis|100\/100 slp\n|move|p1b: Kingambit|Iron Head|p2a: Iron Jugulis\n|-damage|p2a: Iron Jugulis|47\/100 slp\n|\n|upkeep\n|turn|7\n|\n|t:|1682839169\n|switch|p2b: THE GOAT|Ting-Lu, L50|100\/100\n|-ability|p2b: THE GOAT|Vessel of Ruin\n|-terastallize|p1b: Kingambit|Flying\n|cant|p2a: Iron Jugulis|slp\n|move|p1a: Iron Hands|Fake Out|p2a: Iron Jugulis\n|-damage|p2a: Iron Jugulis|29\/100 slp\n|move|p1b: Kingambit|Tera Blast|p2b: THE GOAT\n|-damage|p2b: THE GOAT|74\/100\n|\n|-heal|p2b: THE GOAT|80\/100|[from] item: Leftovers\n|upkeep\n|turn|8\n|\n|t:|1682839189\n|-curestatus|p2a: Iron Jugulis|slp|[msg]\n|move|p2a: Iron Jugulis|Protect|p2a: Iron Jugulis\n|-singleturn|p2a: Iron Jugulis|Protect\n|move|p1b: Kingambit|Sucker Punch||[still]\n|-fail|p1b: Kingambit\n|move|p2b: THE GOAT|Substitute|p2b: THE GOAT\n|-start|p2b: THE GOAT|Substitute\n|-damage|p2b: THE GOAT|55\/100\n|move|p1a: Iron Hands|Drain Punch|p2b: THE GOAT\n|-supereffective|p2b: THE GOAT\n|-end|p2b: THE GOAT|Substitute\n|\n|-heal|p2b: THE GOAT|61\/100|[from] item: Leftovers\n|-sideend|p2: Topperlecat|move: Tailwind\n|upkeep\n|turn|9\n|\n|t:|1682839208\n|move|p1b: Kingambit|Sucker Punch||[still]\n|-fail|p1b: Kingambit\n|move|p2a: Iron Jugulis|Tailwind|p2a: Iron Jugulis\n|-sidestart|p2: Topperlecat|move: Tailwind\n|move|p2b: THE GOAT|Stomping Tantrum|p1a: Iron Hands\n|-supereffective|p1a: Iron Hands\n|-damage|p1a: Iron Hands|58\/100\n|move|p1a: Iron Hands|Drain Punch|p2b: THE GOAT\n|-supereffective|p2b: THE GOAT\n|-damage|p2b: THE GOAT|10\/100\n|-heal|p1a: Iron Hands|86\/100|[from] drain|[of] p2b: THE GOAT\n|\n|-heal|p2b: THE GOAT|16\/100|[from] item: Leftovers\n|upkeep\n|turn|10\n|\n|t:|1682839237\n|-end|p2a: Iron Jugulis|Quark Drive|[silent]\n|switch|p2a: Amoonguss|Amoonguss, L50, F|85\/100\n|-terastallize|p2b: THE GOAT|Poison\n|move|p2b: THE GOAT|Ruination|p1a: Iron Hands\n|-damage|p1a: Iron Hands|43\/100\n|move|p1a: Iron Hands|Drain Punch|p2b: THE GOAT\n|-resisted|p2b: THE GOAT\n|-damage|p2b: THE GOAT|3\/100\n|-heal|p1a: Iron Hands|51\/100|[from] drain|[of] p2b: THE GOAT\n|move|p1b: Kingambit|Tera Blast|p2a: Amoonguss\n|-supereffective|p2a: Amoonguss\n|-damage|p2a: Amoonguss|11\/100\n|-enditem|p2a: Amoonguss|Sitrus Berry|[eat]\n|-heal|p2a: Amoonguss|36\/100|[from] item: Sitrus Berry\n|\n|-heal|p2b: THE GOAT|9\/100|[from] item: Leftovers\n|upkeep\n|turn|11\n|\n|t:|1682839256\n|move|p2b: THE GOAT|Stomping Tantrum|p1a: Iron Hands\n|-supereffective|p1a: Iron Hands\n|-damage|p1a: Iron Hands|6\/100\n|move|p2a: Amoonguss|Pollen Puff|p2b: THE GOAT\n|-heal|p2b: THE GOAT|59\/100\n|move|p1a: Iron Hands|Wild Charge|p2b: THE GOAT\n|-damage|p2b: THE GOAT|32\/100\n|-damage|p1a: Iron Hands|0 fnt|[from] Recoil\n|faint|p1a: Iron Hands\n|-end|p1a: Iron Hands|Quark Drive|[silent]\n|move|p1b: Kingambit|Tera Blast|p2a: Amoonguss\n|-supereffective|p2a: Amoonguss\n|-damage|p2a: Amoonguss|0 fnt\n|faint|p2a: Amoonguss\n|\n|-heal|p2b: THE GOAT|38\/100|[from] item: Leftovers\n|upkeep\n|\n|t:|1682839268\n|switch|p1a: Palafin|Palafin-Hero, L50, M|23\/100\n|switch|p2a: beyblade|Glimmora, L50, F|100\/100\n|-activate|p1a: Palafin|ability: Zero to Hero\n|turn|12\n|\n|t:|1682839286\n|move|p2a: beyblade|Spiky Shield|p2a: beyblade\n|-singleturn|p2a: beyblade|move: Protect\n|move|p1a: Palafin|Protect|p1a: Palafin\n|-singleturn|p1a: Palafin|Protect\n|move|p2b: THE GOAT|Ruination|p1b: Kingambit\n|-damage|p1b: Kingambit|50\/100\n|move|p1b: Kingambit|Kowtow Cleave|p2b: THE GOAT\n|-damage|p2b: THE GOAT|8\/100\n|\n|-heal|p2b: THE GOAT|14\/100|[from] item: Leftovers\n|-sideend|p2: Topperlecat|move: Tailwind\n|upkeep\n|turn|13\n|\n|t:|1682839302\n|move|p1a: Palafin|Jet Punch|p2b: THE GOAT\n|-damage|p2b: THE GOAT|0 fnt\n|faint|p2b: THE GOAT\n|move|p2a: beyblade|Sludge Bomb|p1a: Palafin\n|-damage|p1a: Palafin|0 fnt\n|faint|p1a: Palafin\n|move|p1b: Kingambit|Kowtow Cleave|p2a: beyblade\n|-damage|p2a: beyblade|42\/100\n|-activate|p2a: beyblade|ability: Toxic Debris\n|-sidestart|p1: JonnyNerd|move: Toxic Spikes\n|\n|upkeep\n|\n|t:|1682839311\n|switch|p1a: Amoonguss|Amoonguss, L50, M|41\/100\n|switch|p2b: Iron Jugulis|Iron Jugulis, L50|29\/100\n|-sideend|p1: JonnyNerd|move: Toxic Spikes|[of] p1a: Amoonguss\n|turn|14\n|j| wildfire2\n|c|\u2606Topperlecat|Ahhh sucker punch makes this so annoying\n|\n|t:|1682839356\n|move|p1a: Amoonguss|Rage Powder|p1a: Amoonguss\n|-singleturn|p1a: Amoonguss|move: Rage Powder\n|move|p2b: Iron Jugulis|Tailwind|p2b: Iron Jugulis\n|-sidestart|p2: Topperlecat|move: Tailwind\n|move|p2a: beyblade|Power Gem|p1a: Amoonguss\n|-damage|p1a: Amoonguss|0 fnt\n|faint|p1a: Amoonguss\n|move|p1b: Kingambit|Tera Blast|p2b: Iron Jugulis\n|-damage|p2b: Iron Jugulis|0 fnt\n|faint|p2b: Iron Jugulis\n|-end|p2b: Iron Jugulis|Quark Drive|[silent]\n|\n|upkeep\n|turn|15\n|\n|t:|1682839371\n|move|p2a: beyblade|Spiky Shield|p2a: beyblade\n|-singleturn|p2a: beyblade|move: Protect\n|move|p1b: Kingambit|Sucker Punch||[still]\n|-fail|p1b: Kingambit\n|\n|upkeep\n|turn|16\n|\n|t:|1682839378\n|move|p2a: beyblade|Spiky Shield||[still]\n|-fail|p2a: beyblade\n|move|p1b: Kingambit|Sucker Punch||[still]\n|-fail|p1b: Kingambit\n|\n|upkeep\n|turn|17\n|\n|t:|1682839383\n|move|p2a: beyblade|Spiky Shield|p2a: beyblade\n|-singleturn|p2a: beyblade|move: Protect\n|move|p1b: Kingambit|Sucker Punch||[still]\n|-fail|p1b: Kingambit\n|\n|-sideend|p2: Topperlecat|move: Tailwind\n|upkeep\n|turn|18\n|c|\u2606Topperlecat|Not like this\n|\n|t:|1682839410\n|move|p2a: beyblade|Spiky Shield||[still]\n|-fail|p2a: beyblade\n|move|p1b: Kingambit|Sucker Punch||[still]\n|-fail|p1b: Kingambit\n|\n|upkeep\n|turn|19\n|\n|t:|1682839420\n|move|p2a: beyblade|Spiky Shield|p2a: beyblade\n|-singleturn|p2a: beyblade|move: Protect\n|move|p1b: Kingambit|Kowtow Cleave|p2a: beyblade\n|-activate|p2a: beyblade|move: Protect\n|-damage|p1b: Kingambit|38\/100|[from] Spiky Shield|[of] p2a: beyblade\n|\n|upkeep\n|turn|20\n|c|\u2606JonnyNerd|NOOOOO\n|\n|t:|1682839451\n|move|p1b: Kingambit|Sucker Punch|p2a: beyblade\n|-damage|p2a: beyblade|0 fnt\n|-activate|p2a: beyblade|ability: Toxic Debris\n|-sidestart|p1: JonnyNerd|move: Toxic Spikes\n|faint|p2a: beyblade\n|\n|win|JonnyNerd\n|n|\u2606JonnyNerd|jonnynerd\n|n|\u2606Topperlecat|topperlecat\n|n| XD VIRGO|xdvirgo\n|n| wildfire2|wildfire2\n|c|\u2606Topperlecat|SHIT\n|c|\u2606Topperlecat|gg\n|c|\u2606JonnyNerd|YOUR SO GOOD\n|c|\u2606JonnyNerd|amazing game\n|c|\u2606Topperlecat|AHHHHH\n|c|\u2606JonnyNerd|gg\n|c|\u2606Topperlecat|that was rly good\n|c|\u2606JonnyNerd|I GOT SO SCARED\n|c|\u2606JonnyNerd|Ting Lu is such a monster\n|l|\u2606JonnyNerd\n|c|\u2606Topperlecat|I thought u were gonna kowtow kleave but I protected anyways\n","uploadtime":1682839500,"views":17,"p1id":"jonnynerd","p2id":"topperlecat","formatid":"gen9vgc2023regulationc","rating":0,"private":0,"password":""}