{"id":"gen9vgc2023regulationc-1845564896","p1":"KSunfr","p2":"arielrai","format":"[Gen 9] VGC 2023 Regulation C","log":"|j|\u2606KSunfr\n|j|\u2606arielrai\n|t:|1681745450\n|gametype|doubles\n|player|p1|KSunfr|265|1251\n|player|p2|arielrai|169|1326\n|teamsize|p1|6\n|teamsize|p2|6\n|gen|9\n|tier|[Gen 9] VGC 2023 Regulation C\n|rated|\n|rule|Species Clause: Limit one of each Pok\u00e9mon\n|rule|Item Clause: Limit one of each item\n|clearpoke\n|poke|p1|Farigiraf, L50, M|\n|poke|p1|Chi-Yu, L50|\n|poke|p1|Stonjourner, L50, F|\n|poke|p1|Gyarados, L50, M|\n|poke|p1|Flutter Mane, L50|\n|poke|p1|Murkrow, L50, M|\n|poke|p2|Wo-Chien, L50|\n|poke|p2|Gothitelle, L50, M|\n|poke|p2|Flutter Mane, L50|\n|poke|p2|Arcanine, L50, F|\n|poke|p2|Ting-Lu, L50|\n|poke|p2|Iron Bundle, L50|\n|teampreview|4\n|inactive|Battle timer is ON: inactive players will automatically lose when time's up. (requested by KSunfr)\n|\n|t:|1681745464\n|start\n|switch|p1a: Murkrow|Murkrow, L50, M|100\/100\n|switch|p1b: Stonjourner|Stonjourner, L50, F|100\/100\n|switch|p2a: Gothitelle|Gothitelle, L50, M|100\/100\n|switch|p2b: Iron Bundle|Iron Bundle, L50|100\/100\n|turn|1\n|\n|t:|1681745479\n|-end|p2b: Iron Bundle|Quark Drive|[silent]\n|switch|p2b: Wo-Chien|Wo-Chien, L50|100\/100\n|-ability|p2b: Wo-Chien|Tablets of Ruin\n|move|p2a: Gothitelle|Fake Out|p1b: Stonjourner\n|-resisted|p1b: Stonjourner\n|-damage|p1b: Stonjourner|99\/100\n|move|p1a: Murkrow|Tailwind|p1a: Murkrow\n|-sidestart|p1: KSunfr|move: Tailwind\n|cant|p1b: Stonjourner|flinch\n|\n|upkeep\n|turn|2\n|\n|t:|1681745497\n|move|p2a: Gothitelle|Protect|p2a: Gothitelle\n|-singleturn|p2a: Gothitelle|Protect\n|move|p1a: Murkrow|Foul Play|p2a: Gothitelle\n|-activate|p2a: Gothitelle|move: Protect\n|move|p1b: Stonjourner|Stone Edge|p2a: Gothitelle\n|-activate|p2a: Gothitelle|move: Protect\n|move|p2b: Wo-Chien|Leech Seed|p1b: Stonjourner\n|-start|p1b: Stonjourner|move: Leech Seed\n|\n|-damage|p1b: Stonjourner|87\/100|[from] Leech Seed|[of] p2b: Wo-Chien\n|upkeep\n|turn|3\n|inactive|arielrai has 30 seconds left.\n|\n|t:|1681745523\n|move|p1a: Murkrow|Foul Play|p2a: Gothitelle\n|-supereffective|p2a: Gothitelle\n|-damage|p2a: Gothitelle|62\/100\n|move|p1b: Stonjourner|Stone Edge|p2a: Gothitelle\n|-damage|p2a: Gothitelle|23\/100\n|-enditem|p2a: Gothitelle|Aguav Berry|[eat]\n|-heal|p2a: Gothitelle|56\/100|[from] item: Aguav Berry\n|move|p2b: Wo-Chien|Pollen Puff|p2a: Gothitelle\n|-heal|p2a: Gothitelle|100\/100\n|move|p2a: Gothitelle|Psychic|p1b: Stonjourner\n|-damage|p1b: Stonjourner|0 fnt\n|faint|p1b: Stonjourner\n|\n|upkeep\n|\n|t:|1681745536\n|switch|p1b: Chi-Yu|Chi-Yu, L50|100\/100\n|-ability|p1b: Chi-Yu|Beads of Ruin\n|turn|4\n|\n|t:|1681745544\n|switch|p2a: Ting-Lu|Ting-Lu, L50|100\/100\n|-ability|p2a: Ting-Lu|Vessel of Ruin\n|-terastallize|p2b: Wo-Chien|Electric\n|move|p1a: Murkrow|Sunny Day|p1a: Murkrow\n|-weather|SunnyDay\n|move|p1b: Chi-Yu|Heat Wave|p2b: Wo-Chien|[spread] p2b\n|-miss|p1b: Chi-Yu|p2a: Ting-Lu\n|-damage|p2b: Wo-Chien|63\/100\n|move|p2b: Wo-Chien|Leech Seed|p1b: Chi-Yu\n|-start|p1b: Chi-Yu|move: Leech Seed\n|\n|-weather|SunnyDay|[upkeep]\n|-heal|p2b: Wo-Chien|69\/100|[from] item: Leftovers\n|-damage|p1b: Chi-Yu|88\/100|[from] Leech Seed|[of] p2b: Wo-Chien\n|-heal|p2b: Wo-Chien|78\/100|[silent]\n|-sideend|p1: KSunfr|move: Tailwind\n|upkeep\n|turn|5\n|inactive|KSunfr has 30 seconds left.\n|\n|t:|1681745576\n|switch|p1a: Flutter Mane|Flutter Mane, L50|100\/100\n|-activate|p1a: Flutter Mane|ability: Protosynthesis\n|-start|p1a: Flutter Mane|protosynthesisspa\n|-terastallize|p1b: Chi-Yu|Grass\n|move|p1b: Chi-Yu|Overheat|p2b: Wo-Chien|[miss]\n|-miss|p1b: Chi-Yu|p2b: Wo-Chien\n|move|p2b: Wo-Chien|Leech Seed|p1a: Flutter Mane\n|-start|p1a: Flutter Mane|move: Leech Seed\n|move|p2a: Ting-Lu|Snarl|p1b: Chi-Yu|[spread] p1a,p1b\n|-damage|p1a: Flutter Mane|90\/100\n|-damage|p1b: Chi-Yu|81\/100\n|-unboost|p1a: Flutter Mane|spa|1\n|-unboost|p1b: Chi-Yu|spa|1\n|\n|-weather|SunnyDay|[upkeep]\n|-heal|p2b: Wo-Chien|84\/100|[from] item: Leftovers\n|-damage|p1a: Flutter Mane|78\/100|[from] Leech Seed|[of] p2b: Wo-Chien\n|-heal|p2b: Wo-Chien|92\/100|[silent]\n|-damage|p1b: Chi-Yu|69\/100|[from] Leech Seed|[of] p2b: Wo-Chien\n|-heal|p2b: Wo-Chien|100\/100|[silent]\n|upkeep\n|turn|6\n|inactive|arielrai has 30 seconds left.\n|\n|t:|1681745607\n|switch|p1b: Murkrow|Murkrow, L50, M|100\/100\n|move|p1a: Flutter Mane|Moonblast|p2a: Ting-Lu\n|-supereffective|p2a: Ting-Lu\n|-damage|p2a: Ting-Lu|56\/100\n|move|p2b: Wo-Chien|Pollen Puff|p2a: Ting-Lu\n|-heal|p2a: Ting-Lu|100\/100\n|move|p2a: Ting-Lu|Snarl|p1a: Flutter Mane|[spread] p1a,p1b\n|-resisted|p1b: Murkrow\n|-crit|p1b: Murkrow\n|-damage|p1a: Flutter Mane|71\/100\n|-damage|p1b: Murkrow|92\/100\n|-unboost|p1a: Flutter Mane|spa|1\n|-unboost|p1b: Murkrow|spa|1\n|\n|-weather|SunnyDay|[upkeep]\n|-damage|p1a: Flutter Mane|59\/100|[from] Leech Seed|[of] p2b: Wo-Chien\n|upkeep\n|turn|7\n|inactive|KSunfr has 30 seconds left.\n|\n|t:|1681745635\n|switch|p1b: Chi-Yu|Chi-Yu, L50, tera:Grass|69\/100\n|-ability|p1b: Chi-Yu|Beads of Ruin\n|move|p1a: Flutter Mane|Moonblast|p2b: Wo-Chien\n|-damage|p2b: Wo-Chien|72\/100\n|-unboost|p2b: Wo-Chien|spa|1\n|move|p2b: Wo-Chien|Leech Seed|p1b: Chi-Yu\n|-immune|p1b: Chi-Yu\n|move|p2a: Ting-Lu|Snarl|p1a: Flutter Mane|[spread] p1a,p1b\n|-damage|p1a: Flutter Mane|49\/100\n|-damage|p1b: Chi-Yu|62\/100\n|-unboost|p1a: Flutter Mane|spa|1\n|-unboost|p1b: Chi-Yu|spa|1\n|\n|-weather|SunnyDay|[upkeep]\n|-heal|p2b: Wo-Chien|78\/100|[from] item: Leftovers\n|-damage|p1a: Flutter Mane|37\/100|[from] Leech Seed|[of] p2b: Wo-Chien\n|-heal|p2b: Wo-Chien|86\/100|[silent]\n|upkeep\n|turn|8\n|\n|t:|1681745657\n|move|p1a: Flutter Mane|Moonblast|p2b: Wo-Chien\n|-damage|p2b: Wo-Chien|61\/100\n|move|p1b: Chi-Yu|Overheat|p2b: Wo-Chien\n|-damage|p2b: Wo-Chien|19\/100\n|-unboost|p1b: Chi-Yu|spa|2\n|move|p2b: Wo-Chien|Pollen Puff|p1b: Chi-Yu\n|-supereffective|p1b: Chi-Yu\n|-damage|p1b: Chi-Yu|48\/100\n|move|p2a: Ting-Lu|Snarl|p1a: Flutter Mane|[spread] p1a,p1b\n|-damage|p1a: Flutter Mane|27\/100\n|-damage|p1b: Chi-Yu|41\/100\n|-unboost|p1a: Flutter Mane|spa|1\n|-unboost|p1b: Chi-Yu|spa|1\n|\n|-weather|none\n|-end|p1a: Flutter Mane|Protosynthesis\n|-heal|p2b: Wo-Chien|25\/100|[from] item: Leftovers\n|-damage|p1a: Flutter Mane|14\/100|[from] Leech Seed|[of] p2b: Wo-Chien\n|-heal|p2b: Wo-Chien|33\/100|[silent]\n|upkeep\n|turn|9\n|inactive|arielrai has 30 seconds left.\n|inactive|arielrai has 20 seconds left.\n|\n|t:|1681745692\n|switch|p1b: Murkrow|Murkrow, L50, M|92\/100\n|move|p2b: Wo-Chien|Protect|p2b: Wo-Chien\n|-singleturn|p2b: Wo-Chien|Protect\n|move|p1a: Flutter Mane|Moonblast|p2a: Ting-Lu\n|-supereffective|p2a: Ting-Lu\n|-damage|p2a: Ting-Lu|84\/100\n|move|p2a: Ting-Lu|Heavy Slam|p1b: Murkrow\n|-damage|p1b: Murkrow|72\/100\n|\n|-heal|p2b: Wo-Chien|40\/100|[from] item: Leftovers\n|-damage|p1a: Flutter Mane|2\/100|[from] Leech Seed|[of] p2b: Wo-Chien\n|-heal|p2b: Wo-Chien|48\/100|[silent]\n|upkeep\n|turn|10\n|\n|t:|1681745710\n|switch|p2a: Gothitelle|Gothitelle, L50, M|100\/100\n|move|p1b: Murkrow|Sunny Day|p1b: Murkrow\n|-weather|SunnyDay\n|-activate|p1a: Flutter Mane|ability: Protosynthesis\n|-start|p1a: Flutter Mane|protosynthesisspd\n|move|p1a: Flutter Mane|Moonblast|p2a: Gothitelle\n|-damage|p2a: Gothitelle|80\/100\n|move|p2b: Wo-Chien|Leech Seed|p1b: Murkrow\n|-start|p1b: Murkrow|move: Leech Seed\n|\n|-weather|SunnyDay|[upkeep]\n|-heal|p2b: Wo-Chien|54\/100|[from] item: Leftovers\n|-damage|p1a: Flutter Mane|0 fnt|[from] Leech Seed|[of] p2b: Wo-Chien\n|-heal|p2b: Wo-Chien|55\/100|[silent]\n|faint|p1a: Flutter Mane\n|-end|p1a: Flutter Mane|Protosynthesis|[silent]\n|-damage|p1b: Murkrow|60\/100|[from] Leech Seed|[of] p2b: Wo-Chien\n|-heal|p2b: Wo-Chien|66\/100|[silent]\n|upkeep\n|\n|t:|1681745713\n|switch|p1a: Chi-Yu|Chi-Yu, L50, tera:Grass|41\/100\n|-ability|p1a: Chi-Yu|Beads of Ruin\n|turn|11\n|\n|t:|1681745735\n|move|p2a: Gothitelle|Fake Out|p1a: Chi-Yu\n|-damage|p1a: Chi-Yu|34\/100\n|cant|p1a: Chi-Yu|flinch\n|move|p1b: Murkrow|Foul Play|p2a: Gothitelle\n|-supereffective|p2a: Gothitelle\n|-damage|p2a: Gothitelle|51\/100\n|move|p2b: Wo-Chien|Pollen Puff|p1a: Chi-Yu\n|-supereffective|p1a: Chi-Yu\n|-crit|p1a: Chi-Yu\n|-damage|p1a: Chi-Yu|0 fnt\n|faint|p1a: Chi-Yu\n|\n|-weather|SunnyDay|[upkeep]\n|-heal|p2b: Wo-Chien|72\/100|[from] item: Leftovers\n|-damage|p1b: Murkrow|48\/100|[from] Leech Seed|[of] p2b: Wo-Chien\n|-heal|p2b: Wo-Chien|82\/100|[silent]\n|upkeep\n|turn|12\n|-message|KSunfr forfeited.\n|\n|win|arielrai\n|raw|KSunfr's rating: 1251 → 1231<\/strong> (-20 for losing)\n|raw|arielrai's rating: 1326 → 1342<\/strong> (+16 for winning)\n|l|\u2606KSunfr\n","uploadtime":1681745755,"views":13,"p1id":"ksunfr","p2id":"arielrai","formatid":"gen9vgc2023regulationc","rating":1231,"private":0,"password":""}