{"id":"gen9vgc2023regulationc-1852536399","p1":"suluxz","p2":"r3gCt3st","format":"[Gen 9] VGC 2023 Regulation C","log":"|j|\u2606suluxz\n|j|\u2606r3gCt3st\n|t:|1682571786\n|gametype|doubles\n|player|p1|suluxz|hilbert|1210\n|player|p2|r3gCt3st|unknown|1251\n|teamsize|p1|6\n|teamsize|p2|4\n|gen|9\n|tier|[Gen 9] VGC 2023 Regulation C\n|rated|\n|rule|Species Clause: Limit one of each Pok\u00e9mon\n|rule|Item Clause: Limit one of each item\n|clearpoke\n|poke|p1|Flutter Mane, L50|\n|poke|p1|Dragonite, L50, F|\n|poke|p1|Ting-Lu, L50|\n|poke|p1|Brute Bonnet, L50|\n|poke|p1|Palafin, L50, M|\n|poke|p1|Arcanine, L50, M|\n|poke|p2|Masquerain, L50, M|\n|poke|p2|Palafin, L50, M|\n|poke|p2|Amoonguss, L50, M|\n|poke|p2|Gyarados, L50, M|\n|teampreview|4\n|\n|t:|1682571809\n|start\n|switch|p1a: Arcanine|Arcanine, L50, M|100\/100\n|switch|p1b: Palafin|Palafin, L50, M|100\/100\n|switch|p2a: Palafin|Palafin, L50, M|100\/100\n|switch|p2b: Masquerain|Masquerain, L50, M|100\/100\n|-ability|p2b: Masquerain|Intimidate|boost\n|-unboost|p1a: Arcanine|atk|1\n|-unboost|p1b: Palafin|atk|1\n|-ability|p1a: Arcanine|Intimidate|boost\n|-unboost|p2a: Palafin|atk|1\n|-unboost|p2b: Masquerain|atk|1\n|turn|1\n|\n|t:|1682571825\n|detailschange|p1b: Palafin|Palafin-Hero, L50, M\n|switch|p1b: Flutter Mane|Flutter Mane, L50|100\/100\n|-enditem|p1b: Flutter Mane|Booster Energy\n|-activate|p1b: Flutter Mane|ability: Protosynthesis|[fromitem]\n|-start|p1b: Flutter Mane|protosynthesisspe\n|detailschange|p2a: Palafin|Palafin-Hero, L50, M\n|switch|p2a: Gyarados|Gyarados, L50, M|100\/100\n|-ability|p2a: Gyarados|Intimidate|boost\n|-unboost|p1a: Arcanine|atk|1\n|-unboost|p1b: Flutter Mane|atk|1\n|move|p2b: Masquerain|Aqua Jet|p2a: Gyarados\n|-resisted|p2a: Gyarados\n|-damage|p2a: Gyarados|99\/100\n|-enditem|p2a: Gyarados|Eject Button\n|\n|t:|1682571837\n|switch|p2a: Palafin|Palafin-Hero, L50, M|100\/100\n|-activate|p2a: Palafin|ability: Zero to Hero\n|move|p1a: Arcanine|Flare Blitz|p2a: Palafin\n|-resisted|p2a: Palafin\n|-damage|p2a: Palafin|88\/100\n|-damage|p1a: Arcanine|96\/100|[from] Recoil\n|\n|upkeep\n|turn|2\n|\n|t:|1682571856\n|-terastallize|p1a: Arcanine|Grass\n|move|p1b: Flutter Mane|Protect|p1b: Flutter Mane\n|-singleturn|p1b: Flutter Mane|Protect\n|move|p2b: Masquerain|Struggle Bug|p1b: Flutter Mane|[spread] p1a\n|-activate|p1b: Flutter Mane|move: Protect\n|-supereffective|p1a: Arcanine\n|-damage|p1a: Arcanine|66\/100\n|-unboost|p1a: Arcanine|spa|1\n|move|p1a: Arcanine|Will-O-Wisp|p2a: Palafin\n|-status|p2a: Palafin|brn\n|-enditem|p2a: Palafin|Lum Berry|[eat]\n|-curestatus|p2a: Palafin|brn|[msg]\n|move|p2a: Palafin|Bulk Up|p2a: Palafin\n|-boost|p2a: Palafin|atk|1\n|-boost|p2a: Palafin|def|1\n|\n|upkeep\n|turn|3\n|\n|t:|1682571877\n|move|p2a: Palafin|Protect|p2a: Palafin\n|-singleturn|p2a: Palafin|Protect\n|move|p1b: Flutter Mane|Moonblast|p2a: Palafin\n|-activate|p2a: Palafin|move: Protect\n|move|p2b: Masquerain|Tailwind|p2b: Masquerain\n|-sidestart|p2: r3gCt3st|move: Tailwind\n|move|p1a: Arcanine|Will-O-Wisp|p2a: Palafin\n|-activate|p2a: Palafin|move: Protect\n|\n|upkeep\n|turn|4\n|\n|t:|1682571893\n|move|p1b: Flutter Mane|Protect|p1b: Flutter Mane\n|-singleturn|p1b: Flutter Mane|Protect\n|move|p2b: Masquerain|Struggle Bug|p1a: Arcanine|[spread] p1a\n|-activate|p1b: Flutter Mane|move: Protect\n|-supereffective|p1a: Arcanine\n|-damage|p1a: Arcanine|38\/100\n|-unboost|p1a: Arcanine|spa|1\n|move|p2a: Palafin|Drain Punch|p1a: Arcanine\n|-damage|p1a: Arcanine|0 fnt\n|-heal|p2a: Palafin|100\/100|[from] drain|[of] p1a: Arcanine\n|faint|p1a: Arcanine\n|\n|upkeep\n|\n|t:|1682571907\n|switch|p1a: Brute Bonnet|Brute Bonnet, L50|100\/100\n|turn|5\n|\n|t:|1682571928\n|-terastallize|p2a: Palafin|Grass\n|move|p1a: Brute Bonnet|Rage Powder|p1a: Brute Bonnet\n|-singleturn|p1a: Brute Bonnet|move: Rage Powder\n|move|p2a: Palafin|Jet Punch|p1b: Flutter Mane\n|-damage|p1b: Flutter Mane|3\/100\n|move|p1b: Flutter Mane|Moonblast|p2a: Palafin\n|-damage|p2a: Palafin|61\/100\n|move|p2b: Masquerain|Struggle Bug|p1a: Brute Bonnet|[spread] p1a,p1b\n|-supereffective|p1a: Brute Bonnet\n|-resisted|p1b: Flutter Mane\n|-damage|p1a: Brute Bonnet|55\/100\n|-damage|p1b: Flutter Mane|0 fnt\n|-unboost|p1a: Brute Bonnet|spa|1\n|faint|p1b: Flutter Mane\n|-end|p1b: Flutter Mane|Protosynthesis|[silent]\n|\n|upkeep\n|\n|t:|1682571933\n|switch|p1b: Palafin|Palafin-Hero, L50, M|100\/100\n|-activate|p1b: Palafin|ability: Zero to Hero\n|turn|6\n|\n|t:|1682571946\n|move|p1b: Palafin|Protect|p1b: Palafin\n|-singleturn|p1b: Palafin|Protect\n|move|p1a: Brute Bonnet|Sucker Punch|p2a: Palafin\n|-damage|p2a: Palafin|39\/100\n|move|p2b: Masquerain|Chilling Water|p1b: Palafin\n|-activate|p1b: Palafin|move: Protect\n|move|p2a: Palafin|Drain Punch|p1a: Brute Bonnet\n|-supereffective|p1a: Brute Bonnet\n|-damage|p1a: Brute Bonnet|0 fnt\n|-heal|p2a: Palafin|68\/100|[from] drain|[of] p1a: Brute Bonnet\n|faint|p1a: Brute Bonnet\n|-end|p1a: Brute Bonnet|Protosynthesis|[silent]\n|\n|-sideend|p2: r3gCt3st|move: Tailwind\n|upkeep\n|turn|7\n|-message|suluxz forfeited.\n|\n|win|r3gCt3st\n|raw|suluxz's rating: 1210 → 1188<\/strong> (-22 for losing)\n|raw|r3gCt3st's rating: 1251 → 1273<\/strong> (+22 for winning)\n|l|\u2606suluxz\n","uploadtime":1682571973,"views":8,"p1id":"suluxz","p2id":"r3gct3st","formatid":"gen9vgc2023regulationc","rating":1188,"private":0,"password":""}