{"id":"gen9vgc2023regulationc-1858709937","p1":"ExstraspaceDND","p2":"HayPrime","format":"[Gen 9] VGC 2023 Regulation C","log":"|j|\u2606ExstraspaceDND\n|j|\u2606HayPrime\n|t:|1683346133\n|gametype|doubles\n|player|p1|ExstraspaceDND|2|\n|player|p2|HayPrime|101|\n|teamsize|p1|6\n|teamsize|p2|6\n|gen|9\n|tier|[Gen 9] VGC 2023 Regulation C\n|rule|Species Clause: Limit one of each Pok\u00e9mon\n|rule|Item Clause: Limit one of each item\n|clearpoke\n|poke|p1|Scizor, L50, M|\n|poke|p1|Jumpluff, L50, F|\n|poke|p1|Garchomp, L50, M|\n|poke|p1|Rotom-Heat, L50|\n|poke|p1|Iron Bundle, L50|\n|poke|p1|Qwilfish, L50, F|\n|poke|p2|Gallade, L50, M|\n|poke|p2|Brute Bonnet, L50|\n|poke|p2|Tinkaton, L50, F|\n|poke|p2|Volcarona, L50, F|\n|poke|p2|Bronzor, L50|\n|poke|p2|Drednaw, L50, M|\n|teampreview|4\n|\n|t:|1683346166\n|start\n|switch|p1a: Nitrous b.u.g|Scizor, L50, M|100\/100\n|switch|p1b: Baby|Jumpluff, L50, F|100\/100\n|switch|p2a: Live on the Edge|Gallade, L50, M, shiny|100\/100\n|switch|p2b: Phoenix|Volcarona, L50, F|100\/100\n|turn|1\n|\n|t:|1683346198\n|switch|p1b: Ace|Rotom-Heat, L50|100\/100\n|-terastallize|p1a: Nitrous b.u.g|Ghost\n|move|p2a: Live on the Edge|Ice Punch|p1b: Ace\n|-resisted|p1b: Ace\n|-damage|p1b: Ace|83\/100\n|move|p2b: Phoenix|Heat Wave|p1b: Ace|[spread] \n|-miss|p2b: Phoenix|p1a: Nitrous b.u.g\n|-miss|p2b: Phoenix|p1b: Ace\n|move|p1a: Nitrous b.u.g|Swords Dance|p1a: Nitrous b.u.g\n|-boost|p1a: Nitrous b.u.g|atk|2\n|\n|upkeep\n|turn|2\n|c|\u2606HayPrime|worst case scenario: this\n|\n|t:|1683346265\n|switch|p2a: Poppy|Tinkaton, L50, F|100\/100\n|move|p1b: Ace|Will-O-Wisp|p2a: Poppy\n|-status|p2a: Poppy|brn\n|move|p2b: Phoenix|Heat Wave|p1b: Ace|[spread] p1a,p1b\n|-resisted|p1b: Ace\n|-damage|p1a: Nitrous b.u.g|58\/100\n|-damage|p1b: Ace|58\/100\n|move|p1a: Nitrous b.u.g|Aerial Ace|p2b: Phoenix\n|-supereffective|p2b: Phoenix\n|-damage|p2b: Phoenix|0 fnt\n|-status|p1a: Nitrous b.u.g|brn|[from] ability: Flame Body|[of] p2b: Phoenix\n|faint|p2b: Phoenix\n|\n|-damage|p2a: Poppy|95\/100 brn|[from] brn\n|-damage|p1a: Nitrous b.u.g|51\/100 brn|[from] brn\n|upkeep\n|c|\u2606ExstraspaceDND|Yea lol\n|\n|t:|1683346326\n|switch|p2b: Live on the Edge|Gallade, L50, M, shiny|100\/100\n|turn|3\n|\n|t:|1683346354\n|switch|p1b: Copper|Garchomp, L50, M|100\/100\n|move|p2a: Poppy|Fake Out|p1b: Copper\n|-damage|p1b: Copper|96\/100\n|-damage|p2a: Poppy|83\/100 brn|[from] ability: Rough Skin|[of] p1b: Copper\n|move|p1a: Nitrous b.u.g|Bullet Punch|p2b: Live on the Edge\n|-damage|p2b: Live on the Edge|46\/100\n|move|p2b: Live on the Edge|Psycho Cut|p1a: Nitrous b.u.g\n|-damage|p1a: Nitrous b.u.g|0 fnt\n|faint|p1a: Nitrous b.u.g\n|\n|-damage|p2a: Poppy|77\/100 brn|[from] brn\n|upkeep\n|\n|t:|1683346374\n|switch|p1a: Baby|Jumpluff, L50, F|100\/100\n|turn|4\n|\n|t:|1683346396\n|move|p2a: Poppy|Helping Hand|p2b: Live on the Edge\n|-singleturn|p2b: Live on the Edge|Helping Hand|[of] p2a: Poppy\n|move|p2b: Live on the Edge|Psycho Cut|p1a: Baby\n|-damage|p1a: Baby|0 fnt\n|faint|p1a: Baby\n|move|p1b: Copper|Earthquake|p2a: Poppy|[spread] p2a,p2b\n|-supereffective|p2a: Poppy\n|-damage|p2a: Poppy|0 fnt\n|-damage|p2b: Live on the Edge|0 fnt\n|faint|p2a: Poppy\n|faint|p2b: Live on the Edge\n|\n|upkeep\n|c|\u2606HayPrime|gg\n|\n|t:|1683346408\n|switch|p1a: Ace|Rotom-Heat, L50|58\/100\n|switch|p2a: A Moon Gus|Brute Bonnet, L50|100\/100\n|turn|5\n|\n|t:|1683346421\n|-terastallize|p2a: A Moon Gus|Fire\n|move|p1b: Copper|Brick Break|p2a: A Moon Gus\n|-damage|p2a: A Moon Gus|79\/100\n|move|p1a: Ace|Overheat|p2a: A Moon Gus|[miss]\n|-miss|p1a: Ace|p2a: A Moon Gus\n|move|p2a: A Moon Gus|Spore|p1b: Copper\n|-status|p1b: Copper|slp|[from] move: Spore\n|-enditem|p1b: Copper|Lum Berry|[eat]\n|-curestatus|p1b: Copper|slp|[msg]\n|\n|upkeep\n|turn|6\n|\n|t:|1683346435\n|move|p1b: Copper|Earthquake|p2a: A Moon Gus|[spread] p2a\n|-immune|p1a: Ace|[from] ability: Levitate\n|-supereffective|p2a: A Moon Gus\n|-damage|p2a: A Moon Gus|15\/100\n|move|p1a: Ace|Discharge|p2a: A Moon Gus|[spread] p2a\n|-immune|p1b: Copper\n|-damage|p2a: A Moon Gus|0 fnt\n|faint|p2a: A Moon Gus\n|-end|p2a: A Moon Gus|Protosynthesis|[silent]\n|-damage|p1a: Ace|49\/100|[from] item: Life Orb\n|\n|win|ExstraspaceDND\n|c|\u2606ExstraspaceDND|Ggs\n|c|\u2606HayPrime|95% btw\n|c|\u2606ExstraspaceDND|yea lol\n|c|\u2606HayPrime|oh its 90\n|c|\u2606HayPrime|but still\n|c|\u2606HayPrime|missing scizor fucked me\n","uploadtime":1683346504,"views":17,"p1id":"exstraspacednd","p2id":"hayprime","formatid":"gen9vgc2023regulationc","rating":0,"private":0,"password":""}