{"id":"gen9vgc2023regulationc-1854600782","p1":"Felipe.Miller.V","p2":"plusher","format":"[Gen 9] VGC 2023 Regulation C","log":"|j|\u2606Felipe.Miller.V\n|j|\u2606plusher\n|t:|1682833728\n|gametype|doubles\n|player|p1|Felipe.Miller.V|266|1140\n|player|p2|plusher|2|1112\n|teamsize|p1|6\n|teamsize|p2|6\n|gen|9\n|tier|[Gen 9] VGC 2023 Regulation C\n|rated|\n|rule|Species Clause: Limit one of each Pok\u00e9mon\n|rule|Item Clause: Limit one of each item\n|clearpoke\n|poke|p1|Drifblim, L50, M|\n|poke|p1|Forretress, L50, F|\n|poke|p1|Sylveon, L50, M|\n|poke|p1|Hatterene, L50, F|\n|poke|p1|Heracross, L50, F|\n|poke|p1|Oranguru, L50, F|\n|poke|p2|Annihilape, L50, F|\n|poke|p2|Maushold, L50|\n|poke|p2|Scream Tail, L50|\n|poke|p2|Dragonite, L50, F|\n|poke|p2|Espathra, L50, M|\n|poke|p2|Sandy Shocks, L50|\n|teampreview|4\n|\n|t:|1682833757\n|start\n|switch|p1a: Forretress|Forretress, L50, F, shiny|100\/100\n|switch|p1b: Hatterene|Hatterene, L50, F, shiny|100\/100\n|switch|p2a: Maushold|Maushold, L50|100\/100\n|switch|p2b: Annihilape|Annihilape, L50, F|100\/100\n|turn|1\n|\n|t:|1682833778\n|-terastallize|p2b: Annihilape|Fire\n|move|p2a: Maushold|Super Fang|p1b: Hatterene\n|-damage|p1b: Hatterene|50\/100\n|move|p2b: Annihilape|Bulk Up|p2b: Annihilape\n|-boost|p2b: Annihilape|atk|1\n|-boost|p2b: Annihilape|def|1\n|move|p1a: Forretress|Curse|p1a: Forretress\n|-unboost|p1a: Forretress|spe|1\n|-boost|p1a: Forretress|atk|1\n|-boost|p1a: Forretress|def|1\n|move|p1b: Hatterene|Trick Room|p1b: Hatterene\n|-fieldstart|move: Trick Room|[of] p1b: Hatterene\n|\n|upkeep\n|turn|2\n|\n|t:|1682833796\n|move|p2a: Maushold|Follow Me|p2a: Maushold\n|-singleturn|p2a: Maushold|move: Follow Me\n|move|p1a: Forretress|Rock Slide|p2a: Maushold|[spread] p2a,p2b\n|-supereffective|p2b: Annihilape\n|-damage|p2a: Maushold|70\/100\n|-damage|p2b: Annihilape|75\/100\n|move|p1b: Hatterene|Psychic|p2a: Maushold\n|-damage|p2a: Maushold|0 fnt\n|faint|p2a: Maushold\n|-damage|p1b: Hatterene|41\/100|[from] item: Life Orb\n|cant|p2b: Annihilape|flinch\n|\n|-heal|p2b: Annihilape|81\/100|[from] item: Leftovers\n|upkeep\n|\n|t:|1682833806\n|switch|p2a: Dragonite|Dragonite, L50, F|100\/100\n|turn|3\n|\n|t:|1682833818\n|move|p2a: Dragonite|Extreme Speed|p1b: Hatterene\n|-damage|p1b: Hatterene|6\/100\n|move|p1a: Forretress|Rock Slide|p2a: Dragonite|[spread] p2b\n|-miss|p1a: Forretress|p2a: Dragonite\n|-supereffective|p2b: Annihilape\n|-damage|p2b: Annihilape|44\/100\n|move|p1b: Hatterene|Dazzling Gleam|p2b: Annihilape|[spread] p2a,p2b\n|-supereffective|p2a: Dragonite\n|-resisted|p2b: Annihilape\n|-damage|p2a: Dragonite|18\/100\n|-damage|p2b: Annihilape|26\/100\n|-enditem|p2a: Dragonite|Aguav Berry|[eat]\n|-heal|p2a: Dragonite|51\/100|[from] item: Aguav Berry\n|-damage|p1b: Hatterene|0 fnt|[from] item: Life Orb\n|faint|p1b: Hatterene\n|move|p2b: Annihilape|Bulk Up|p2b: Annihilape\n|-boost|p2b: Annihilape|atk|1\n|-boost|p2b: Annihilape|def|1\n|\n|-heal|p2b: Annihilape|32\/100|[from] item: Leftovers\n|upkeep\n|\n|t:|1682833840\n|switch|p1b: Sylveon|Sylveon, L50, M, shiny|100\/100\n|turn|4\n|\n|t:|1682833849\n|switch|p2a: Scream Tail|Scream Tail, L50|100\/100\n|move|p2b: Annihilape|Protect|p2b: Annihilape\n|-singleturn|p2b: Annihilape|Protect\n|move|p1a: Forretress|Rock Slide|p2b: Annihilape|[spread] p2a\n|-activate|p2b: Annihilape|move: Protect\n|-damage|p2a: Scream Tail|79\/100\n|move|p1b: Sylveon|Hyper Voice|p2b: Annihilape|[spread] p2a\n|-activate|p2b: Annihilape|move: Protect\n|-damage|p2a: Scream Tail|35\/100\n|\n|-heal|p2b: Annihilape|38\/100|[from] item: Leftovers\n|upkeep\n|turn|5\n|\n|t:|1682833866\n|move|p1a: Forretress|Rock Slide|p2a: Scream Tail|[spread] p2a,p2b\n|-supereffective|p2b: Annihilape\n|-damage|p2a: Scream Tail|14\/100\n|-damage|p2b: Annihilape|12\/100\n|move|p1b: Sylveon|Hyper Voice|p2a: Scream Tail|[spread] p2a,p2b\n|-crit|p2a: Scream Tail\n|-resisted|p2b: Annihilape\n|-damage|p2a: Scream Tail|0 fnt\n|-damage|p2b: Annihilape|0 fnt\n|faint|p2a: Scream Tail\n|-end|p2a: Scream Tail|Protosynthesis|[silent]\n|faint|p2b: Annihilape\n|\n|-fieldend|move: Trick Room\n|upkeep\n|-message|plusher forfeited.\n|\n|win|Felipe.Miller.V\n|raw|Felipe.Miller.V's rating: 1140 → 1163<\/strong> (+23 for winning)\n|raw|plusher's rating: 1112 → 1089<\/strong> (-23 for losing)\n|l|\u2606plusher\n","uploadtime":1682833892,"views":18,"p1id":"felipemillerv","p2id":"plusher","formatid":"gen9vgc2023regulationc","rating":1089,"private":0,"password":""}