{"id":"gen9vgc2023regulationc-1859580402","p1":"ShinyJo","p2":"Geradifdorudini","format":"[Gen 9] VGC 2023 Regulation C","log":"|j|\u2606ShinyJo\n|j|\u2606Geradifdorudini\n|t:|1683544740\n|gametype|doubles\n|player|p1|ShinyJo|2|1029\n|player|p2|Geradifdorudini|penny|1093\n|teamsize|p1|6\n|teamsize|p2|6\n|gen|9\n|tier|[Gen 9] VGC 2023 Regulation C\n|rated|\n|rule|Species Clause: Limit one of each Pok\u00e9mon\n|rule|Item Clause: Limit one of each item\n|clearpoke\n|poke|p1|Arcanine, L50, F|\n|poke|p1|Dragonite, L50, F|\n|poke|p1|Amoonguss, L50, F|\n|poke|p1|Annihilape, L50, F|\n|poke|p1|Chien-Pao, L50|\n|poke|p1|Flutter Mane, L50|\n|poke|p2|Leafeon, L50, F|\n|poke|p2|Jolteon, L50, F|\n|poke|p2|Vaporeon, L50, M|\n|poke|p2|Sylveon, L50, M|\n|poke|p2|Chi-Yu, L50|\n|poke|p2|Umbreon, L50, F|\n|teampreview|4\n|\n|t:|1683544768\n|start\n|switch|p1a: Chien-Pao|Chien-Pao, L50|100\/100\n|switch|p1b: Annihilape|Annihilape, L50, F, shiny|100\/100\n|switch|p2a: Vaporeon|Vaporeon, L50, M|100\/100\n|switch|p2b: Jolteon|Jolteon, L50, F|100\/100\n|-ability|p1a: Chien-Pao|Sword of Ruin\n|turn|1\n|\n|t:|1683544789\n|move|p1b: Annihilape|Final Gambit|p2a: Vaporeon\n|-damage|p2a: Vaporeon|18\/100\n|faint|p1b: Annihilape\n|move|p1a: Chien-Pao|Ice Spinner|p2b: Jolteon\n|-damage|p2b: Jolteon|5\/100\n|move|p2b: Jolteon|Thunder Wave|p1a: Chien-Pao\n|-status|p1a: Chien-Pao|par\n|move|p2a: Vaporeon|Muddy Water|p1a: Chien-Pao\n|-damage|p1a: Chien-Pao|42\/100 par\n|\n|-heal|p2a: Vaporeon|24\/100|[from] item: Leftovers\n|upkeep\n|\n|t:|1683544803\n|switch|p1b: Arcanine|Arcanine, L50, F|100\/100\n|-ability|p1b: Arcanine|Intimidate|boost\n|-unboost|p2a: Vaporeon|atk|1\n|-unboost|p2b: Jolteon|atk|1\n|turn|2\n|\n|t:|1683544813\n|-terastallize|p1b: Arcanine|Water\n|move|p2a: Vaporeon|Protect|p2a: Vaporeon\n|-singleturn|p2a: Vaporeon|Protect\n|cant|p1a: Chien-Pao|par\n|move|p2b: Jolteon|Thunder Wave|p1b: Arcanine|[miss]\n|-miss|p2b: Jolteon|p1b: Arcanine\n|move|p1b: Arcanine|Snarl|p2b: Jolteon|[spread] p2b\n|-activate|p2a: Vaporeon|move: Protect\n|-damage|p2b: Jolteon|0 fnt\n|faint|p2b: Jolteon\n|\n|-heal|p2a: Vaporeon|31\/100|[from] item: Leftovers\n|upkeep\n|\n|t:|1683544822\n|switch|p2b: Sylveon|Sylveon, L50, M|100\/100\n|turn|3\n|\n|t:|1683544847\n|-terastallize|p2b: Sylveon|Fairy\n|move|p1a: Chien-Pao|Protect|p1a: Chien-Pao\n|-singleturn|p1a: Chien-Pao|Protect\n|move|p1b: Arcanine|Flare Blitz|p2b: Sylveon\n|-damage|p2b: Sylveon|20\/100\n|-damage|p1b: Arcanine|71\/100|[from] Recoil\n|move|p2a: Vaporeon|Yawn|p1b: Arcanine\n|-start|p1b: Arcanine|move: Yawn|[of] p2a: Vaporeon\n|move|p2b: Sylveon|Hyper Voice|p1b: Arcanine|[spread] p1b\n|-activate|p1a: Chien-Pao|move: Protect\n|-damage|p1b: Arcanine|0 fnt\n|faint|p1b: Arcanine\n|-enditem|p2b: Sylveon|Throat Spray\n|-boost|p2b: Sylveon|spa|1|[from] item: Throat Spray\n|\n|-heal|p2a: Vaporeon|37\/100|[from] item: Leftovers\n|upkeep\n|\n|t:|1683544867\n|switch|p1b: Amoonguss|Amoonguss, L50, F, shiny|100\/100\n|turn|4\n|\n|t:|1683544884\n|move|p1a: Chien-Pao|Ice Spinner|p2b: Sylveon\n|-crit|p2b: Sylveon\n|-damage|p2b: Sylveon|0 fnt\n|faint|p2b: Sylveon\n|move|p2a: Vaporeon|Ice Beam|p1b: Amoonguss\n|-supereffective|p1b: Amoonguss\n|-damage|p1b: Amoonguss|65\/100\n|move|p1b: Amoonguss|Pollen Puff|p1a: Chien-Pao\n|-heal|p1a: Chien-Pao|92\/100 par\n|\n|-heal|p2a: Vaporeon|43\/100|[from] item: Leftovers\n|upkeep\n|\n|t:|1683544893\n|switch|p2b: Chi-Yu|Chi-Yu, L50|100\/100\n|-ability|p2b: Chi-Yu|Beads of Ruin\n|turn|5\n|\n|t:|1683544905\n|move|p1a: Chien-Pao|Protect|p1a: Chien-Pao\n|-singleturn|p1a: Chien-Pao|Protect\n|move|p2b: Chi-Yu|Heat Wave|p1a: Chien-Pao|[spread] \n|-activate|p1a: Chien-Pao|move: Protect\n|-miss|p2b: Chi-Yu|p1b: Amoonguss\n|move|p2a: Vaporeon|Ice Beam|p1b: Amoonguss\n|-supereffective|p1b: Amoonguss\n|-damage|p1b: Amoonguss|18\/100\n|-enditem|p1b: Amoonguss|Aguav Berry|[eat]\n|-heal|p1b: Amoonguss|51\/100|[from] item: Aguav Berry\n|move|p1b: Amoonguss|Spore|p2b: Chi-Yu\n|-status|p2b: Chi-Yu|slp|[from] move: Spore\n|\n|-heal|p2a: Vaporeon|49\/100|[from] item: Leftovers\n|upkeep\n|turn|6\n|\n|t:|1683544929\n|cant|p2b: Chi-Yu|slp\n|move|p1a: Chien-Pao|Ice Spinner|p2b: Chi-Yu\n|-resisted|p2b: Chi-Yu\n|-damage|p2b: Chi-Yu|57\/100 slp\n|move|p2a: Vaporeon|Ice Beam|p1b: Amoonguss\n|-supereffective|p1b: Amoonguss\n|-damage|p1b: Amoonguss|0 fnt\n|faint|p1b: Amoonguss\n|\n|-heal|p2a: Vaporeon|56\/100|[from] item: Leftovers\n|upkeep\n|turn|7\n|\n|t:|1683544942\n|cant|p2b: Chi-Yu|slp\n|move|p1a: Chien-Pao|Ice Spinner|p2b: Chi-Yu\n|-resisted|p2b: Chi-Yu\n|-damage|p2b: Chi-Yu|13\/100 slp\n|move|p2a: Vaporeon|Muddy Water|p1a: Chien-Pao|[miss]\n|-miss|p2a: Vaporeon|p1a: Chien-Pao\n|\n|-heal|p2a: Vaporeon|62\/100|[from] item: Leftovers\n|upkeep\n|turn|8\n|\n|t:|1683544953\n|cant|p2b: Chi-Yu|slp\n|cant|p1a: Chien-Pao|par\n|move|p2a: Vaporeon|Muddy Water|p1a: Chien-Pao\n|-damage|p1a: Chien-Pao|10\/100 par\n|\n|-heal|p2a: Vaporeon|68\/100|[from] item: Leftovers\n|upkeep\n|turn|9\n|\n|t:|1683544966\n|move|p1a: Chien-Pao|Protect|p1a: Chien-Pao\n|-singleturn|p1a: Chien-Pao|Protect\n|-curestatus|p2b: Chi-Yu|slp|[msg]\n|move|p2b: Chi-Yu|Heat Wave|p1a: Chien-Pao\n|-activate|p1a: Chien-Pao|move: Protect\n|move|p2a: Vaporeon|Muddy Water|p1a: Chien-Pao\n|-activate|p1a: Chien-Pao|move: Protect\n|\n|-heal|p2a: Vaporeon|74\/100|[from] item: Leftovers\n|upkeep\n|turn|10\n|\n|t:|1683544978\n|move|p1a: Chien-Pao|Ice Shard|p2b: Chi-Yu\n|-resisted|p2b: Chi-Yu\n|-damage|p2b: Chi-Yu|0 fnt\n|faint|p2b: Chi-Yu\n|move|p2a: Vaporeon|Muddy Water|p1a: Chien-Pao\n|-damage|p1a: Chien-Pao|0 fnt\n|faint|p1a: Chien-Pao\n|\n|win|Geradifdorudini\n|raw|ShinyJo's rating: 1029 → 1017<\/strong> (-12 for losing)\n|raw|Geradifdorudini's rating: 1093 → 1114<\/strong> (+21 for winning)\n","uploadtime":1683544991,"views":4,"p1id":"shinyjo","p2id":"geradifdorudini","formatid":"gen9vgc2023regulationc","rating":1017,"private":0,"password":""}