{"id":"gen9vgc2023regulationc-1854795358","p1":"Harlem Haunters","p2":"fangeddragon96","format":"[Gen 9] VGC 2023 Regulation C","log":"|j|\u2606Harlem Haunters\n|j|\u2606fangeddragon96\n|t:|1682866963\n|gametype|doubles\n|player|p1|Harlem Haunters|hilbert|\n|player|p2|fangeddragon96|266|\n|teamsize|p1|6\n|teamsize|p2|6\n|gen|9\n|tier|[Gen 9] VGC 2023 Regulation C\n|rule|Species Clause: Limit one of each Pok\u00e9mon\n|rule|Item Clause: Limit one of each item\n|clearpoke\n|poke|p1|Arcanine, L50, M|\n|poke|p1|Roaring Moon, L50|\n|poke|p1|Pawmot, L50, M|\n|poke|p1|Toedscruel, L50, M|\n|poke|p1|Gardevoir, L50, F|\n|poke|p1|Vaporeon, L50, F|\n|poke|p2|Iron Hands, L50|\n|poke|p2|Espathra, L50, F|\n|poke|p2|Cyclizar, L50, M|\n|poke|p2|Orthworm, L50, F|\n|poke|p2|Stonjourner, L50, M|\n|poke|p2|Rotom-Heat, L50|\n|teampreview|4\n|j| Jay Jingles\n|\n|t:|1682867134\n|start\n|switch|p1a: Pawmot|Pawmot, L50, M|100\/100\n|switch|p1b: Gardevoir|Gardevoir, L50, F|100\/100\n|switch|p2a: Cyclizar|Cyclizar, L50, M, shiny|100\/100\n|switch|p2b: Stonjourner|Stonjourner, L50, M, shiny|100\/100\n|turn|1\n|\n|t:|1682867165\n|move|p2b: Stonjourner|Earthquake|p1a: Pawmot|[spread] p2a,p1a,p1b\n|-supereffective|p1a: Pawmot\n|-damage|p2a: Cyclizar|59\/100\n|-damage|p1a: Pawmot|10\/100\n|-damage|p1b: Gardevoir|66\/100\n|move|p2a: Cyclizar|U-turn|p1b: Gardevoir\n|-damage|p1b: Gardevoir|26\/100\n|\n|t:|1682867173\n|switch|p2a: Rotom|Rotom-Heat, L50, shiny|100\/100|[from] U-turn\n|move|p1a: Pawmot|Close Combat|p2a: Rotom\n|-damage|p2a: Rotom|29\/100\n|-unboost|p1a: Pawmot|def|1\n|-unboost|p1a: Pawmot|spd|1\n|-enditem|p2a: Rotom|Sitrus Berry|[eat]\n|-heal|p2a: Rotom|54\/100|[from] item: Sitrus Berry\n|move|p1b: Gardevoir|Moonblast|p2a: Rotom\n|-resisted|p2a: Rotom\n|-damage|p2a: Rotom|12\/100\n|-damage|p1b: Gardevoir|16\/100|[from] item: Life Orb\n|\n|upkeep\n|turn|2\n|\n|t:|1682867229\n|switch|p1a: Arcanine|Arcanine, L50, M|100\/100\n|-ability|p1a: Arcanine|Intimidate|boost\n|-unboost|p2a: Rotom|atk|1\n|-unboost|p2b: Stonjourner|atk|1\n|move|p2a: Rotom|Protect|p2a: Rotom\n|-singleturn|p2a: Rotom|Protect\n|move|p2b: Stonjourner|Earthquake|p1a: Arcanine|[spread] p1a,p1b\n|-activate|p2a: Rotom|move: Protect\n|-supereffective|p1a: Arcanine\n|-damage|p1a: Arcanine|62\/100\n|-damage|p1b: Gardevoir|0 fnt\n|faint|p1b: Gardevoir\n|\n|upkeep\n|\n|t:|1682867242\n|switch|p1b: Pawmot|Pawmot, L50, M|10\/100\n|turn|3\n|\n|t:|1682867268\n|move|p2a: Rotom|Protect||[still]\n|-fail|p2a: Rotom\n|move|p1a: Arcanine|Extreme Speed|p2a: Rotom\n|-damage|p2a: Rotom|0 fnt\n|faint|p2a: Rotom\n|move|p2b: Stonjourner|Earthquake|p1b: Pawmot|[spread] p1a,p1b\n|-supereffective|p1a: Arcanine\n|-supereffective|p1b: Pawmot\n|-damage|p1a: Arcanine|23\/100\n|-damage|p1b: Pawmot|0 fnt\n|-enditem|p1a: Arcanine|Sitrus Berry|[eat]\n|-heal|p1a: Arcanine|47\/100|[from] item: Sitrus Berry\n|faint|p1b: Pawmot\n|\n|upkeep\n|\n|t:|1682867285\n|switch|p1b: Roaring Moon|Roaring Moon, L50|100\/100\n|switch|p2a: Cyclizar|Cyclizar, L50, M, shiny|92\/100\n|-enditem|p1b: Roaring Moon|Booster Energy\n|-activate|p1b: Roaring Moon|ability: Protosynthesis|[fromitem]\n|-start|p1b: Roaring Moon|protosynthesisatk\n|turn|4\n|\n|t:|1682867309\n|-terastallize|p2a: Cyclizar|Dragon\n|move|p1a: Arcanine|Protect|p1a: Arcanine\n|-singleturn|p1a: Arcanine|Protect\n|move|p2b: Stonjourner|Earthquake|p1a: Arcanine|[spread] p2a,p1b\n|-activate|p1a: Arcanine|move: Protect\n|-damage|p2a: Cyclizar|63\/100\n|-damage|p1b: Roaring Moon|77\/100\n|move|p2a: Cyclizar|Dragon Claw|p1b: Roaring Moon\n|-supereffective|p1b: Roaring Moon\n|-damage|p1b: Roaring Moon|0 fnt\n|faint|p1b: Roaring Moon\n|-end|p1b: Roaring Moon|Protosynthesis|[silent]\n|\n|upkeep\n|turn|5\n|\n|t:|1682867331\n|move|p2b: Stonjourner|Earthquake|p1a: Arcanine|[spread] p2a,p1a\n|-supereffective|p1a: Arcanine\n|-damage|p2a: Cyclizar|34\/100\n|-damage|p1a: Arcanine|10\/100\n|move|p2a: Cyclizar|Dragon Claw|p1a: Arcanine\n|-damage|p1a: Arcanine|0 fnt\n|faint|p1a: Arcanine\n|\n|win|fangeddragon96\n|c|\u2606Harlem Haunters|gg\n|c|\u2606fangeddragon96|ggs\n|l|\u2606Harlem Haunters\n|l|\u2606fangeddragon96\n|j| Kyogre Canucks\n|l| Kyogre Canucks\n|j| kevsmoreno\n|l| kevsmoreno\n","uploadtime":1682867341,"views":22,"p1id":"harlemhaunters","p2id":"fangeddragon96","formatid":"gen9vgc2023regulationc","rating":0,"private":0,"password":""}