{"id":"gen9vgc2023regulationc-1847494038","p1":"TrainerRYSA","p2":"mother-liquor","format":"[Gen 9] VGC 2023 Regulation C","log":"|j|\u2606TrainerRYSA\n|j|\u2606mother-liquor\n|t:|1681962290\n|gametype|doubles\n|player|p1|TrainerRYSA|169|1179\n|player|p2|mother-liquor|cynthia|1234\n|teamsize|p1|6\n|teamsize|p2|6\n|gen|9\n|tier|[Gen 9] VGC 2023 Regulation C\n|rated|\n|rule|Species Clause: Limit one of each Pok\u00e9mon\n|rule|Item Clause: Limit one of each item\n|clearpoke\n|poke|p1|Flutter Mane, L50|\n|poke|p1|Iron Hands, L50|\n|poke|p1|Dragonite, L50, M|\n|poke|p1|Umbreon, L50, M|\n|poke|p1|Gyarados, L50, F|\n|poke|p1|Palafin, L50, M|\n|poke|p2|Farigiraf, L50, F|\n|poke|p2|Glimmora, L50, F|\n|poke|p2|Armarouge, L50, F|\n|poke|p2|Azumarill, L50, M|\n|poke|p2|Grimmsnarl, L50, M|\n|poke|p2|Iron Hands, L50|\n|teampreview|4\n|inactive|Battle timer is ON: inactive players will automatically lose when time's up. (requested by mother-liquor)\nTrainerRYSA has agreed to open team sheets.\nmother-liquor has agreed to open team sheets.\n|inactive|TrainerRYSA has 60 seconds left.\n|inactive|mother-liquor has 60 seconds left.\n|\n|t:|1681962347\n|start\n|switch|p1a: Palafin|Palafin, L50, M|100\/100\n|switch|p1b: Sasuke|Umbreon, L50, M, shiny|100\/100\n|switch|p2a: Glimmora|Glimmora, L50, F|100\/100\n|switch|p2b: Grimmsnarl|Grimmsnarl, L50, M|100\/100\n|turn|1\n|inactive|TrainerRYSA has 30 seconds left.\n|inactive|TrainerRYSA has 20 seconds left.\n|\n|t:|1681962386\n|detailschange|p1a: Palafin|Palafin-Hero, L50, M\n|switch|p1a: Flutter Mane|Flutter Mane, L50|100\/100\n|-enditem|p1a: Flutter Mane|Booster Energy\n|-activate|p1a: Flutter Mane|ability: Protosynthesis|[fromitem]\n|-start|p1a: Flutter Mane|protosynthesisspa\n|move|p2a: Glimmora|Mortal Spin|p1b: Sasuke|[spread] p1a,p1b\n|-damage|p1a: Flutter Mane|94\/100\n|-damage|p1b: Sasuke|98\/100\n|-status|p1a: Flutter Mane|psn\n|-status|p1b: Sasuke|psn\n|move|p2b: Grimmsnarl|Spirit Break|p1b: Sasuke\n|-supereffective|p1b: Sasuke\n|-damage|p1b: Sasuke|50\/100 psn\n|-unboost|p1b: Sasuke|spa|1\n|move|p1b: Sasuke|Skill Swap|p2b: Grimmsnarl\n|-activate|p1b: Sasuke|move: Skill Swap|Prankster|Inner Focus|[of] p2b: Grimmsnarl\n|\n|-damage|p1a: Flutter Mane|81\/100 psn|[from] psn\n|-damage|p1b: Sasuke|37\/100 psn|[from] psn\n|upkeep\n|turn|2\n|inactive|TrainerRYSA has 30 seconds left.\n|inactive|mother-liquor has 30 seconds left.\n|inactive|mother-liquor has 20 seconds left.\n|inactive|mother-liquor has 15 seconds left.\n|\n|t:|1681962431\n|-terastallize|p1b: Sasuke|Water\n|move|p1b: Sasuke|Moonlight|p1b: Sasuke\n|-heal|p1b: Sasuke|87\/100 psn\n|move|p1a: Flutter Mane|Dazzling Gleam|p2a: Glimmora|[spread] p2a,p2b\n|-resisted|p2a: Glimmora\n|-supereffective|p2b: Grimmsnarl\n|-damage|p2a: Glimmora|69\/100\n|-damage|p2b: Grimmsnarl|0 fnt\n|faint|p2b: Grimmsnarl\n|move|p2a: Glimmora|Power Gem|p1a: Flutter Mane\n|-damage|p1a: Flutter Mane|40\/100 psn\n|\n|-damage|p1a: Flutter Mane|27\/100 psn|[from] psn\n|-damage|p1b: Sasuke|75\/100 psn|[from] psn\n|upkeep\n|\n|t:|1681962447\n|switch|p2b: Azumarill|Azumarill, L50, M|100\/100\n|turn|3\n|\n|t:|1681962466\n|move|p1a: Flutter Mane|Protect|p1a: Flutter Mane\n|-singleturn|p1a: Flutter Mane|Protect\n|move|p2b: Azumarill|Aqua Jet|p1a: Flutter Mane\n|-activate|p1a: Flutter Mane|move: Protect\n|move|p2a: Glimmora|Power Gem|p1a: Flutter Mane\n|-activate|p1a: Flutter Mane|move: Protect\n|move|p1b: Sasuke|Foul Play|p2b: Azumarill\n|-resisted|p2b: Azumarill\n|-damage|p2b: Azumarill|86\/100\n|\n|-damage|p1a: Flutter Mane|15\/100 psn|[from] psn\n|-damage|p1b: Sasuke|62\/100 psn|[from] psn\n|upkeep\n|turn|4\n|inactive|TrainerRYSA has 30 seconds left.\n|inactive|mother-liquor has 30 seconds left.\n|inactive|TrainerRYSA has 20 seconds left.\n|inactive|TrainerRYSA has 15 seconds left.\n|inactive|TrainerRYSA has 10 seconds left.\n|inactive|TrainerRYSA has 5 seconds left.\n|inactive|mother-liquor has 20 seconds left.\n|\n|t:|1681962519\n|-end|p1a: Flutter Mane|Protosynthesis|[silent]\n|switch|p1a: Dragonite|Dragonite, L50, M, shiny|100\/100\n|move|p2a: Glimmora|Power Gem|p1a: Dragonite\n|-supereffective|p1a: Dragonite\n|-damage|p1a: Dragonite|20\/100\n|move|p1b: Sasuke|Snarl|p2b: Azumarill|[spread] p2a,p2b\n|-resisted|p2b: Azumarill\n|-damage|p2a: Glimmora|57\/100\n|-damage|p2b: Azumarill|83\/100\n|-unboost|p2a: Glimmora|spa|1\n|-unboost|p2b: Azumarill|spa|1\n|move|p2b: Azumarill|Play Rough|p1b: Sasuke\n|-damage|p1b: Sasuke|17\/100 psn\n|-damage|p2b: Azumarill|73\/100|[from] item: Life Orb\n|\n|-damage|p1b: Sasuke|4\/100 psn|[from] psn\n|upkeep\n|turn|5\n|inactive|TrainerRYSA has 30 seconds left.\n|\n|t:|1681962544\n|-terastallize|p2b: Azumarill|Water\n|move|p2a: Glimmora|Spiky Shield|p2a: Glimmora\n|-singleturn|p2a: Glimmora|move: Protect\n|move|p1a: Dragonite|Extreme Speed|p2b: Azumarill\n|-damage|p2b: Azumarill|24\/100\n|move|p1b: Sasuke|Moonlight|p1b: Sasuke\n|-heal|p1b: Sasuke|54\/100 psn\n|move|p2b: Azumarill|Aqua Jet|p1a: Dragonite\n|-resisted|p1a: Dragonite\n|-damage|p1a: Dragonite|0 fnt\n|faint|p1a: Dragonite\n|-damage|p2b: Azumarill|15\/100|[from] item: Life Orb\n|\n|-damage|p1b: Sasuke|42\/100 psn|[from] psn\n|upkeep\n|\n|t:|1681962559\n|switch|p1a: Palafin|Palafin-Hero, L50, M|100\/100\n|-activate|p1a: Palafin|ability: Zero to Hero\n|turn|6\n|\n|t:|1681962579\n|move|p2a: Glimmora|Spiky Shield||[still]\n|-fail|p2a: Glimmora\n|move|p1a: Palafin|Jet Punch|p2a: Glimmora\n|-supereffective|p2a: Glimmora\n|-damage|p2a: Glimmora|0 fnt\n|-activate|p2a: Glimmora|ability: Toxic Debris\n|-sidestart|p1: TrainerRYSA|move: Toxic Spikes\n|faint|p2a: Glimmora\n|move|p1b: Sasuke|Moonlight|p1b: Sasuke\n|-heal|p1b: Sasuke|92\/100 psn\n|move|p2b: Azumarill|Play Rough|p1a: Palafin\n|-damage|p1a: Palafin|35\/100\n|-damage|p2b: Azumarill|5\/100|[from] item: Life Orb\n|\n|-damage|p1b: Sasuke|79\/100 psn|[from] psn\n|upkeep\n|\n|t:|1681962593\n|switch|p2a: Farigiraf|Farigiraf, L50, F, shiny|100\/100\n|turn|7\n|inactive|TrainerRYSA has 30 seconds left.\n|\n|t:|1681962620\n|move|p1a: Palafin|Protect|p1a: Palafin\n|-singleturn|p1a: Palafin|Protect\n|move|p2b: Azumarill|Protect|p2b: Azumarill\n|-singleturn|p2b: Azumarill|Protect\n|move|p1b: Sasuke|Snarl|p2a: Farigiraf|[spread] p2a\n|-activate|p2b: Azumarill|move: Protect\n|-supereffective|p2a: Farigiraf\n|-damage|p2a: Farigiraf|87\/100\n|-unboost|p2a: Farigiraf|spa|1\n|-enditem|p2a: Farigiraf|Weakness Policy\n|-boost|p2a: Farigiraf|atk|2|[from] item: Weakness Policy\n|-boost|p2a: Farigiraf|spa|2|[from] item: Weakness Policy\n|-enditem|p1b: Sasuke|Mirror Herb\n|-boost|p1b: Sasuke|atk|2|[from] item: Mirror Herb\n|-boost|p1b: Sasuke|spa|2|[from] item: Mirror Herb\n|move|p2a: Farigiraf|Trick Room|p2a: Farigiraf\n|-fieldstart|move: Trick Room|[of] p2a: Farigiraf\n|\n|-damage|p1b: Sasuke|67\/100 psn|[from] psn\n|upkeep\n|turn|8\n|inactive|TrainerRYSA has 30 seconds left.\n|inactive|mother-liquor has 30 seconds left.\n|inactive|TrainerRYSA has 20 seconds left.\n|\n|t:|1681962655\n|move|p2b: Azumarill|Aqua Jet|p1a: Palafin\n|-resisted|p1a: Palafin\n|-damage|p1a: Palafin|14\/100\n|-damage|p2b: Azumarill|0 fnt|[from] item: Life Orb\n|faint|p2b: Azumarill\n|move|p1a: Palafin|Jet Punch||[still]\n|cant|p2a: Farigiraf|ability: Armor Tail|Jet Punch|[of] p1a: Palafin\n|move|p2a: Farigiraf|Dazzling Gleam|p1a: Palafin|[spread] p1a,p1b\n|-damage|p1a: Palafin|0 fnt\n|-damage|p1b: Sasuke|43\/100 psn\n|faint|p1a: Palafin\n|move|p1b: Sasuke|Foul Play|p2a: Farigiraf\n|-supereffective|p2a: Farigiraf\n|-damage|p2a: Farigiraf|0 fnt\n|faint|p2a: Farigiraf\n|\n|win|TrainerRYSA\n|raw|TrainerRYSA's rating: 1179 → 1208<\/strong> (+29 for winning)\n|raw|mother-liquor's rating: 1234 → 1205<\/strong> (-29 for losing)\n|c|\u2606mother-liquor|gg\n","uploadtime":1681962672,"views":9,"p1id":"trainerrysa","p2id":"motherliquor","formatid":"gen9vgc2023regulationc","rating":1205,"private":0,"password":""}