{"id":"gen9vgc2023regulationc-1857556583","p1":"elpiblo","p2":"Mikralas","format":"[Gen 9] VGC 2023 Regulation C","log":"|j|\u2606elpiblo\n|j|\u2606Mikralas\n|t:|1683207953\n|gametype|doubles\n|player|p1|elpiblo|dancer|1075\n|player|p2|Mikralas|266|1048\n|teamsize|p1|6\n|teamsize|p2|6\n|gen|9\n|tier|[Gen 9] VGC 2023 Regulation C\n|rated|\n|rule|Species Clause: Limit one of each Pok\u00e9mon\n|rule|Item Clause: Limit one of each item\n|clearpoke\n|poke|p1|Indeedee-F, L50, F|\n|poke|p1|Ting-Lu, L50|\n|poke|p1|Brute Bonnet, L50|\n|poke|p1|Annihilape, L50, M|\n|poke|p1|Scream Tail, L50|\n|poke|p1|Gholdengo, L50|\n|poke|p2|Ampharos, L50, F|\n|poke|p2|Breloom, L50, F|\n|poke|p2|Gardevoir, L50, F|\n|poke|p2|Ceruledge, L50, F|\n|poke|p2|Roaring Moon, L50|\n|poke|p2|Toxtricity-Low-Key, L50, F|\n|teampreview|4\n|\n|t:|1683207999\n|start\n|switch|p1a: Scream Tail|Scream Tail, L50|100\/100\n|switch|p1b: Annihilape|Annihilape, L50, M|100\/100\n|switch|p2a: Gardevoir|Gardevoir, L50, F|100\/100\n|switch|p2b: Toxtricity|Toxtricity-Low-Key, L50, F|100\/100\n|-item|p2b: Toxtricity|Air Balloon\n|turn|1\n|inactive|Battle timer is ON: inactive players will automatically lose when time's up. (requested by elpiblo)\n|\n|t:|1683208015\n|move|p1b: Annihilape|Protect|p1b: Annihilape\n|-singleturn|p1b: Annihilape|Protect\n|move|p2a: Gardevoir|Skill Swap|p2b: Toxtricity\n|-activate|p2a: Gardevoir|move: Skill Swap|||[of] p2b: Toxtricity\n|move|p2b: Toxtricity|Volt Switch|p1a: Scream Tail\n|-damage|p1a: Scream Tail|78\/100\n|\n|t:|1683208022\n|switch|p2b: Amphos|Ampharos, L50, F|100\/100|[from] Volt Switch\n|move|p1a: Scream Tail|Trick Room|p1a: Scream Tail\n|-fieldstart|move: Trick Room|[of] p1a: Scream Tail\n|-enditem|p1b: Annihilape|Room Service\n|-unboost|p1b: Annihilape|spe|1|[from] item: Room Service\n|\n|upkeep\n|turn|2\n|inactive|Mikralas has 30 seconds left.\n|\n|t:|1683208056\n|move|p1b: Annihilape|Earthquake|p2b: Amphos|[spread] p1a,p2a,p2b\n|-supereffective|p2b: Amphos\n|-damage|p1a: Scream Tail|60\/100\n|-damage|p2a: Gardevoir|64\/100\n|-damage|p2b: Amphos|44\/100\n|move|p2b: Amphos|Magnetic Flux|p2b: Amphos\n|-boost|p2a: Gardevoir|def|1\n|-boost|p2a: Gardevoir|spd|1\n|-boost|p2b: Amphos|def|1\n|-boost|p2b: Amphos|spd|1\n|move|p2a: Gardevoir|Psychic|p1b: Annihilape\n|-supereffective|p1b: Annihilape\n|-damage|p1b: Annihilape|0 fnt\n|faint|p1b: Annihilape\n|move|p1a: Scream Tail|Stealth Rock|p2a: Gardevoir\n|-sidestart|p2: Mikralas|move: Stealth Rock\n|\n|-heal|p2b: Amphos|50\/100|[from] item: Leftovers\n|upkeep\n|\n|t:|1683208077\n|switch|p1b: Brute Bonnet|Brute Bonnet, L50|100\/100\n|turn|3\n|\n|t:|1683208092\n|-terastallize|p2b: Amphos|Fairy\n|move|p2b: Amphos|Protect|p2b: Amphos\n|-singleturn|p2b: Amphos|Protect\n|move|p1b: Brute Bonnet|Ingrain|p1b: Brute Bonnet\n|-start|p1b: Brute Bonnet|move: Ingrain\n|move|p2a: Gardevoir|Moonblast|p1b: Brute Bonnet\n|-supereffective|p1b: Brute Bonnet\n|-damage|p1b: Brute Bonnet|12\/100\n|move|p1a: Scream Tail|Disable|p2b: Amphos\n|-activate|p2b: Amphos|move: Protect\n|\n|-heal|p1b: Brute Bonnet|17\/100|[from] item: Leftovers\n|-heal|p2b: Amphos|56\/100|[from] item: Leftovers\n|-heal|p1b: Brute Bonnet|23\/100|[from] Ingrain\n|upkeep\n|turn|4\n|\n|t:|1683208109\n|-end|p1a: Scream Tail|Protosynthesis|[silent]\n|switch|p1a: Indeedee|Indeedee-F, L50, F|100\/100\n|-fieldstart|move: Psychic Terrain|[from] ability: Psychic Surge|[of] p1a: Indeedee\n|-enditem|p1a: Indeedee|Psychic Seed\n|-boost|p1a: Indeedee|spd|1|[from] item: Psychic Seed\n|move|p1b: Brute Bonnet|Protect|p1b: Brute Bonnet\n|-singleturn|p1b: Brute Bonnet|Protect\n|move|p2b: Amphos|Magnetic Flux|p2b: Amphos\n|-boost|p2a: Gardevoir|def|1\n|-boost|p2a: Gardevoir|spd|1\n|-boost|p2b: Amphos|def|1\n|-boost|p2b: Amphos|spd|1\n|move|p2a: Gardevoir|Moonblast|p1b: Brute Bonnet\n|-activate|p1b: Brute Bonnet|move: Protect\n|\n|-heal|p1b: Brute Bonnet|29\/100|[from] item: Leftovers\n|-heal|p2b: Amphos|62\/100|[from] item: Leftovers\n|-heal|p1b: Brute Bonnet|35\/100|[from] Ingrain\n|upkeep\n|turn|5\n|\n|t:|1683208134\n|move|p2b: Amphos|Protect|p2b: Amphos\n|-singleturn|p2b: Amphos|Protect\n|move|p2a: Gardevoir|Protect|p2a: Gardevoir\n|-singleturn|p2a: Gardevoir|Protect\n|move|p1a: Indeedee|Follow Me|p1a: Indeedee\n|-singleturn|p1a: Indeedee|move: Follow Me\n|move|p1b: Brute Bonnet|Seed Bomb|p2b: Amphos\n|-activate|p2b: Amphos|move: Protect\n|\n|-heal|p1b: Brute Bonnet|41\/100|[from] item: Leftovers\n|-heal|p2b: Amphos|68\/100|[from] item: Leftovers\n|-heal|p1b: Brute Bonnet|47\/100|[from] Ingrain\n|-fieldend|move: Trick Room\n|upkeep\n|turn|6\n|\n|t:|1683208151\n|move|p1a: Indeedee|Follow Me|p1a: Indeedee\n|-singleturn|p1a: Indeedee|move: Follow Me\n|move|p2a: Gardevoir|Moonblast|p1a: Indeedee\n|-damage|p1a: Indeedee|55\/100\n|move|p2b: Amphos|Focus Blast|p1a: Indeedee|[miss]\n|-miss|p2b: Amphos|p1a: Indeedee\n|move|p1b: Brute Bonnet|Seed Bomb|p2b: Amphos\n|-damage|p2b: Amphos|51\/100\n|\n|-heal|p2b: Amphos|57\/100|[from] item: Leftovers\n|-heal|p1b: Brute Bonnet|53\/100|[from] item: Leftovers\n|-heal|p1b: Brute Bonnet|59\/100|[from] Ingrain\n|upkeep\n|turn|7\n|\n|t:|1683208174\n|move|p1a: Indeedee|Follow Me|p1a: Indeedee\n|-singleturn|p1a: Indeedee|move: Follow Me\n|move|p2a: Gardevoir|Moonblast|p1a: Indeedee\n|-damage|p1a: Indeedee|12\/100\n|move|p1b: Brute Bonnet|Seed Bomb|p2b: Amphos\n|-damage|p2b: Amphos|41\/100\n|move|p2b: Amphos|Magnetic Flux|p2b: Amphos\n|-boost|p2a: Gardevoir|def|1\n|-boost|p2a: Gardevoir|spd|1\n|-boost|p2b: Amphos|def|1\n|-boost|p2b: Amphos|spd|1\n|\n|-heal|p1b: Brute Bonnet|65\/100|[from] item: Leftovers\n|-heal|p2b: Amphos|47\/100|[from] item: Leftovers\n|-heal|p1b: Brute Bonnet|71\/100|[from] Ingrain\n|upkeep\n|turn|8\n|\n|t:|1683208195\n|move|p1a: Indeedee|Follow Me|p1a: Indeedee\n|-singleturn|p1a: Indeedee|move: Follow Me\n|move|p2a: Gardevoir|Moonblast|p1a: Indeedee\n|-damage|p1a: Indeedee|0 fnt\n|faint|p1a: Indeedee\n|move|p2b: Amphos|Focus Blast|p1b: Brute Bonnet\n|-supereffective|p1b: Brute Bonnet\n|-damage|p1b: Brute Bonnet|0 fnt\n|faint|p1b: Brute Bonnet\n|-end|p1b: Brute Bonnet|Protosynthesis|[silent]\n|\n|-heal|p2b: Amphos|53\/100|[from] item: Leftovers\n|-fieldend|move: Psychic Terrain\n|upkeep\n|c|\u2606elpiblo|Gg\n|c|\u2606Mikralas|GG\n|\n|t:|1683208209\n|switch|p1b: Scream Tail|Scream Tail, L50|60\/100\n|turn|9\n|\n|t:|1683208218\n|move|p2a: Gardevoir|Psychic|p1b: Scream Tail\n|-resisted|p1b: Scream Tail\n|-damage|p1b: Scream Tail|38\/100\n|move|p2b: Amphos|Thunderbolt|p1b: Scream Tail\n|-damage|p1b: Scream Tail|0 fnt\n|faint|p1b: Scream Tail\n|-end|p1b: Scream Tail|Protosynthesis|[silent]\n|\n|win|Mikralas\n|raw|elpiblo's rating: 1075 → 1052<\/strong> (-23 for losing)\n|raw|Mikralas's rating: 1048 → 1083<\/strong> (+35 for winning)\n","uploadtime":1683208244,"views":5,"p1id":"elpiblo","p2id":"mikralas","formatid":"gen9vgc2023regulationc","rating":1052,"private":0,"password":""}