{"id":"gen9vgc2023regulationc-1852047821","p1":"jvo7","p2":"LibraryMushroom","format":"[Gen 9] VGC 2023 Regulation C","log":"|j|\u2606jvo7\n|j|\u2606LibraryMushroom\n|t:|1682519781\n|gametype|doubles\n|player|p1|jvo7|102|1102\n|player|p2|LibraryMushroom|blue|1116\n|teamsize|p1|6\n|teamsize|p2|6\n|gen|9\n|tier|[Gen 9] VGC 2023 Regulation C\n|rated|\n|rule|Species Clause: Limit one of each Pok\u00e9mon\n|rule|Item Clause: Limit one of each item\n|clearpoke\n|poke|p1|Lilligant, L50, F|\n|poke|p1|Torkoal, L50, F|\n|poke|p1|Flutter Mane, L50|\n|poke|p1|Great Tusk, L50|\n|poke|p1|Chien-Pao, L50|\n|poke|p1|Corviknight, L50, F|\n|poke|p2|Scizor, L50, M|\n|poke|p2|Flutter Mane, L50|\n|poke|p2|Chien-Pao, L50|\n|poke|p2|Arcanine, L50, F|\n|poke|p2|Azumarill, L50, M|\n|poke|p2|Amoonguss, L50, M|\n|teampreview|4\njvo7 rejected open team sheets.\n|inactive|Battle timer is ON: inactive players will automatically lose when time's up. (requested by jvo7)\n|\n|t:|1682519818\n|start\n|switch|p1a: Corviknight|Corviknight, L50, F, shiny|100\/100\n|switch|p1b: Chien-Pao|Chien-Pao, L50|100\/100\n|switch|p2a: Ice Weasel|Chien-Pao, L50|100\/100\n|switch|p2b: Scissors|Scizor, L50, M|100\/100\n|-ability|p1b: Chien-Pao|Sword of Ruin\n|-ability|p2a: Ice Weasel|Sword of Ruin\n|turn|1\n|inactive|jvo7 has 30 seconds left.\n|inactive|jvo7 has 20 seconds left.\n|inactive|jvo7 has 15 seconds left.\n|inactive|jvo7 has 10 seconds left.\n|\n|t:|1682519865\n|-terastallize|p2a: Ice Weasel|Ghost\n|-terastallize|p1a: Corviknight|Fire\n|move|p1b: Chien-Pao|Sucker Punch|p2a: Ice Weasel\n|-supereffective|p2a: Ice Weasel\n|-enditem|p2a: Ice Weasel|Focus Sash\n|-damage|p2a: Ice Weasel|1\/100\n|move|p2a: Ice Weasel|Sacred Sword|p1a: Corviknight\n|-damage|p1a: Corviknight|62\/100\n|move|p1a: Corviknight|Brave Bird|p2b: Scissors\n|-damage|p2b: Scissors|0 fnt\n|faint|p2b: Scissors\n|-damage|p1a: Corviknight|31\/100|[from] Recoil\n|\n|upkeep\n|inactive|LibraryMushroom has 30 seconds left.\n|\n|t:|1682519900\n|switch|p2b: Fido|Arcanine, L50, F|100\/100\n|-ability|p2b: Fido|Intimidate|boost\n|-ability|p1a: Corviknight|Mirror Armor\n|-unboost|p2b: Fido|atk|1\n|-unboost|p1b: Chien-Pao|atk|1\n|turn|2\n|inactive|jvo7 has 30 seconds left.\n|inactive|jvo7 has 20 seconds left.\n|\n|t:|1682519939\n|move|p2a: Ice Weasel|Protect|p2a: Ice Weasel\n|-singleturn|p2a: Ice Weasel|Protect\n|move|p1b: Chien-Pao|Sucker Punch||[still]\n|-fail|p1b: Chien-Pao\n|move|p2b: Fido|Howl|p2b: Fido|[spread] p2a,p2b\n|-boost|p2a: Ice Weasel|atk|1\n|-boost|p2b: Fido|atk|1\n|move|p1a: Corviknight|Brave Bird|p2a: Ice Weasel\n|-activate|p2a: Ice Weasel|move: Protect\n|\n|upkeep\n|turn|3\n|inactive|LibraryMushroom has 30 seconds left.\n|inactive|LibraryMushroom has 20 seconds left.\n|\n|t:|1682519974\n|switch|p2a: Wo-Chein|Amoonguss, L50, M|100\/100\n|move|p2b: Fido|Extreme Speed|p1a: Corviknight\n|-damage|p1a: Corviknight|1\/100\n|move|p1b: Chien-Pao|Sucker Punch||[still]\n|-fail|p1b: Chien-Pao\n|move|p1a: Corviknight|Brave Bird|p2b: Fido\n|-damage|p2b: Fido|0 fnt\n|faint|p2b: Fido\n|-damage|p1a: Corviknight|0 fnt|[from] Recoil\n|faint|p1a: Corviknight\n|\n|upkeep\n|\n|t:|1682519998\n|switch|p2b: Ice Weasel|Chien-Pao, L50, tera:Ghost|1\/100\n|switch|p1a: Lilligant|Lilligant, L50, F, shiny|100\/100\n|-ability|p2b: Ice Weasel|Sword of Ruin\n|turn|4\n|\n|t:|1682520016\n|move|p1a: Lilligant|Protect|p1a: Lilligant\n|-singleturn|p1a: Lilligant|Protect\n|move|p2a: Wo-Chein|Rage Powder|p2a: Wo-Chein\n|-singleturn|p2a: Wo-Chein|move: Rage Powder\n|move|p1b: Chien-Pao|Ice Spinner|p2a: Wo-Chein\n|-supereffective|p2a: Wo-Chein\n|-damage|p2a: Wo-Chein|45\/100\n|-damage|p1b: Chien-Pao|84\/100|[from] item: Rocky Helmet|[of] p2a: Wo-Chein\n|move|p2b: Ice Weasel|Sacred Sword|p1b: Chien-Pao\n|-supereffective|p1b: Chien-Pao\n|-damage|p1b: Chien-Pao|0 fnt\n|faint|p1b: Chien-Pao\n|\n|upkeep\n|\n|t:|1682520027\n|switch|p1b: Torkoal|Torkoal, L50, F, shiny|100\/100\n|-weather|SunnyDay|[from] ability: Drought|[of] p1b: Torkoal\n|turn|5\n|\n|t:|1682520037\n|move|p2a: Wo-Chein|Protect|p2a: Wo-Chein\n|-singleturn|p2a: Wo-Chein|Protect\n|move|p1a: Lilligant|After You|p1b: Torkoal\n|-activate|p1b: Torkoal|move: After You\n|move|p1b: Torkoal|Eruption|p2a: Wo-Chein|[spread] p2b\n|-activate|p2a: Wo-Chein|move: Protect\n|-damage|p2b: Ice Weasel|0 fnt\n|faint|p2b: Ice Weasel\n|\n|-weather|SunnyDay|[upkeep]\n|upkeep\n|turn|6\n|-message|LibraryMushroom forfeited.\n|\n|win|jvo7\n|raw|jvo7's rating: 1102 → 1128<\/strong> (+26 for winning)\n|raw|LibraryMushroom's rating: 1116 → 1090<\/strong> (-26 for losing)\n","uploadtime":1682520049,"views":16,"p1id":"jvo7","p2id":"librarymushroom","formatid":"gen9vgc2023regulationc","rating":1090,"private":0,"password":""}