{"id":"gen9vgc2023regulationc-1860819915","p1":"McStud5","p2":"TortuguitaconQueso","format":"[Gen 9] VGC 2023 Regulation C","log":"|j|\u2606McStud5\n|j|\u2606TortuguitaconQueso\n|t:|1683681814\n|gametype|doubles\n|player|p1|McStud5|veteran|1155\n|player|p2|TortuguitaconQueso|valerie|1221\n|teamsize|p1|6\n|teamsize|p2|6\n|gen|9\n|tier|[Gen 9] VGC 2023 Regulation C\n|rated|\n|rule|Species Clause: Limit one of each Pok\u00e9mon\n|rule|Item Clause: Limit one of each item\n|clearpoke\n|poke|p1|Roaring Moon, L50|\n|poke|p1|Murkrow, L50, M|\n|poke|p1|Gholdengo, L50|\n|poke|p1|Flutter Mane, L50|\n|poke|p1|Chi-Yu, L50|\n|poke|p1|Rabsca, L50, M|\n|poke|p2|Flutter Mane, L50|\n|poke|p2|Amoonguss, L50, F|\n|poke|p2|Gyarados, L50, F|\n|poke|p2|Chi-Yu, L50|\n|poke|p2|Ting-Lu, L50|\n|poke|p2|Baxcalibur, L50, F|\n|teampreview|4\n|inactive|Battle timer is ON: inactive players will automatically lose when time's up. (requested by TortuguitaconQueso)\nTortuguitaconQueso rejected open team sheets.\n|inactive|TortuguitaconQueso has 60 seconds left.\n|\n|t:|1683681878\n|start\n|switch|p1a: Flutter Mane|Flutter Mane, L50|100\/100\n|switch|p1b: Chi-Yu|Chi-Yu, L50|100\/100\n|switch|p2a: Ting-Lu|Ting-Lu, L50|100\/100\n|switch|p2b: Amoonguss|Amoonguss, L50, F, shiny|100\/100\n|-ability|p1b: Chi-Yu|Beads of Ruin\n|-ability|p2a: Ting-Lu|Vessel of Ruin\n|turn|1\n|inactive|McStud5 has 30 seconds left.\n|inactive|McStud5 has 20 seconds left.\n|inactive|McStud5 has 15 seconds left.\n|\n|t:|1683681918\n|-terastallize|p2b: Amoonguss|Water\n|move|p1b: Chi-Yu|Dark Pulse|p2b: Amoonguss\n|-damage|p2b: Amoonguss|60\/100\n|move|p1a: Flutter Mane|Moonblast|p2a: Ting-Lu\n|-supereffective|p2a: Ting-Lu\n|-damage|p2a: Ting-Lu|43\/100\n|-unboost|p2a: Ting-Lu|spa|1\n|move|p2a: Ting-Lu|Heavy Slam|p1a: Flutter Mane\n|-supereffective|p1a: Flutter Mane\n|-damage|p1a: Flutter Mane|0 fnt\n|faint|p1a: Flutter Mane\n|-end|p1a: Flutter Mane|Protosynthesis|[silent]\n|move|p2b: Amoonguss|Spore|p1b: Chi-Yu\n|-status|p1b: Chi-Yu|slp|[from] move: Spore\n|\n|upkeep\n|\n|t:|1683681937\n|switch|p1a: Roaring Moon|Roaring Moon, L50|100\/100\n|turn|2\n|inactive|TortuguitaconQueso has 30 seconds left.\n|\n|t:|1683681971\n|cant|p1b: Chi-Yu|slp\n|move|p1a: Roaring Moon|Scale Shot|p2b: Amoonguss\n|-damage|p2b: Amoonguss|48\/100\n|-enditem|p2b: Amoonguss|Sitrus Berry|[eat]\n|-heal|p2b: Amoonguss|72\/100|[from] item: Sitrus Berry\n|-damage|p2b: Amoonguss|58\/100\n|-damage|p2b: Amoonguss|44\/100\n|-damage|p2b: Amoonguss|31\/100\n|-crit|p2b: Amoonguss\n|-damage|p2b: Amoonguss|13\/100\n|-hitcount|p2b: Amoonguss|5\n|-unboost|p1a: Roaring Moon|def|1\n|-boost|p1a: Roaring Moon|spe|1\n|move|p2a: Ting-Lu|Stomping Tantrum|p1b: Chi-Yu\n|-supereffective|p1b: Chi-Yu\n|-damage|p1b: Chi-Yu|0 fnt\n|faint|p1b: Chi-Yu\n|move|p2b: Amoonguss|Spore|p1a: Roaring Moon\n|-status|p1a: Roaring Moon|slp|[from] move: Spore\n|\n|upkeep\n|\n|t:|1683681990\n|switch|p1b: Rabsca|Rabsca, L50, M|100\/100\n|turn|3\n|\n|t:|1683682010\n|switch|p2b: Bianca|Gyarados, L50, F, shiny|100\/100\n|-ability|p2b: Bianca|Intimidate|boost\n|-unboost|p1a: Roaring Moon|atk|1\n|-unboost|p1b: Rabsca|atk|1\n|cant|p1a: Roaring Moon|slp\n|move|p2a: Ting-Lu|Ruination|p1b: Rabsca\n|-damage|p1b: Rabsca|50\/100\n|move|p1b: Rabsca|Revival Blessing|p1b: Rabsca\n|-enditem|p1b: Rabsca|Leppa Berry|[eat]\n|-activate|p1b: Rabsca|item: Leppa Berry|Revival Blessing|[consumed]\n|\n|t:|1683682022\n|-heal|p1: Flutter Mane|50\/100|[from] move: Revival Blessing\n|\n|upkeep\n|turn|4\n|\n|t:|1683682040\n|switch|p2a: Amoonguss|Amoonguss, L50, F, shiny, tera:Water|47\/100\n|-curestatus|p1a: Roaring Moon|slp|[msg]\n|move|p1a: Roaring Moon|Scale Shot|p2b: Bianca\n|-damage|p2b: Bianca|91\/100\n|-damage|p2b: Bianca|82\/100\n|-damage|p2b: Bianca|71\/100\n|-damage|p2b: Bianca|61\/100\n|-damage|p2b: Bianca|52\/100\n|-hitcount|p2b: Bianca|5\n|-unboost|p1a: Roaring Moon|def|1\n|-boost|p1a: Roaring Moon|spe|1\n|move|p2b: Bianca|Waterfall|p1b: Rabsca\n|-damage|p1b: Rabsca|18\/100\n|move|p1b: Rabsca|Revival Blessing|p1b: Rabsca\n|\n|t:|1683682057\n|-heal|p1: Chi-Yu|50\/100|[from] move: Revival Blessing\n|\n|upkeep\n|turn|5\n|inactive|McStud5 has 30 seconds left.\n|\n|t:|1683682087\n|move|p1a: Roaring Moon|U-turn|p2a: Amoonguss\n|-damage|p2a: Amoonguss|32\/100\n|\n|t:|1683682093\n|-end|p1a: Roaring Moon|Protosynthesis|[silent]\n|switch|p1a: Chi-Yu|Chi-Yu, L50|50\/100|[from] U-turn\n|-ability|p1a: Chi-Yu|Beads of Ruin\n|move|p2b: Bianca|Waterfall|p1b: Rabsca\n|-damage|p1b: Rabsca|0 fnt\n|faint|p1b: Rabsca\n|move|p2a: Amoonguss|Spore|p1a: Chi-Yu\n|-status|p1a: Chi-Yu|slp|[from] move: Spore\n|\n|upkeep\n|\n|t:|1683682107\n|switch|p1b: Flutter Mane|Flutter Mane, L50|50\/100\n|turn|6\n|inactive|McStud5 has 30 seconds left.\n|\n|t:|1683682138\n|switch|p2a: Ting-Lu|Ting-Lu, L50|43\/100\n|-ability|p2a: Ting-Lu|Vessel of Ruin\n|-terastallize|p1a: Chi-Yu|Grass\n|cant|p1a: Chi-Yu|slp\n|move|p1b: Flutter Mane|Moonblast|p2a: Ting-Lu\n|-supereffective|p2a: Ting-Lu\n|-damage|p2a: Ting-Lu|0 fnt\n|faint|p2a: Ting-Lu\n|move|p2b: Bianca|Waterfall|p1b: Flutter Mane\n|-damage|p1b: Flutter Mane|0 fnt\n|faint|p1b: Flutter Mane\n|-end|p1b: Flutter Mane|Protosynthesis|[silent]\n|\n|upkeep\n|\n|t:|1683682154\n|switch|p1b: Roaring Moon|Roaring Moon, L50|100\/100\n|switch|p2a: Sasha Colby|Flutter Mane, L50|100\/100\n|-enditem|p2a: Sasha Colby|Booster Energy\n|-activate|p2a: Sasha Colby|ability: Protosynthesis|[fromitem]\n|-start|p2a: Sasha Colby|protosynthesisspa\n|turn|7\n|\n|t:|1683682171\n|move|p1b: Roaring Moon|Protect|p1b: Roaring Moon\n|-singleturn|p1b: Roaring Moon|Protect\n|-curestatus|p1a: Chi-Yu|slp|[msg]\n|move|p1a: Chi-Yu|Snarl|p2b: Bianca|[spread] p2a,p2b\n|-crit|p2b: Bianca\n|-damage|p2a: Sasha Colby|64\/100\n|-damage|p2b: Bianca|18\/100\n|-unboost|p2a: Sasha Colby|spa|1\n|-unboost|p2b: Bianca|spa|1\n|-enditem|p2b: Bianca|Aguav Berry|[eat]\n|-heal|p2b: Bianca|51\/100|[from] item: Aguav Berry\n|move|p2a: Sasha Colby|Dazzling Gleam|p1b: Roaring Moon|[spread] p1a\n|-activate|p1b: Roaring Moon|move: Protect\n|-damage|p1a: Chi-Yu|20\/100\n|move|p2b: Bianca|Waterfall|p1b: Roaring Moon\n|-activate|p1b: Roaring Moon|move: Protect\n|\n|upkeep\n|turn|8\n|\n|t:|1683682193\n|move|p1a: Chi-Yu|Snarl|p2a: Sasha Colby|[spread] p2a,p2b\n|-damage|p2a: Sasha Colby|28\/100\n|-damage|p2b: Bianca|26\/100\n|-unboost|p2a: Sasha Colby|spa|1\n|-unboost|p2b: Bianca|spa|1\n|move|p2a: Sasha Colby|Dazzling Gleam|p1b: Roaring Moon|[spread] p1a,p1b\n|-supereffective|p1b: Roaring Moon\n|-damage|p1a: Chi-Yu|0 fnt\n|-damage|p1b: Roaring Moon|0 fnt\n|faint|p1a: Chi-Yu\n|faint|p1b: Roaring Moon\n|-end|p1b: Roaring Moon|Protosynthesis|[silent]\n|\n|win|TortuguitaconQueso\n|raw|McStud5's rating: 1155 → 1135<\/strong> (-20 for losing)\n|raw|TortuguitaconQueso's rating: 1221 → 1241<\/strong> (+20 for winning)\n|c|\u2606TortuguitaconQueso|Gg\n|c|\u2606TortuguitaconQueso|:)\n|l|\u2606McStud5\n","uploadtime":1683682209,"views":14,"p1id":"mcstud5","p2id":"tortuguitaconqueso","formatid":"gen9vgc2023regulationc","rating":1135,"private":0,"password":""}