{"id":"gen9vgc2023regulationc-1864138813","p1":"neo1988","p2":"Atloy","format":"[Gen 9] VGC 2023 Regulation C","log":"|j|\u2606neo1988\n|j|\u2606Atloy\n|t:|1684123347\n|gametype|doubles\n|player|p1|neo1988|169|1026\n|player|p2|Atloy|gambler|1086\n|teamsize|p1|6\n|teamsize|p2|6\n|gen|9\n|tier|[Gen 9] VGC 2023 Regulation C\n|rated|\n|rule|Species Clause: Limit one of each Pok\u00e9mon\n|rule|Item Clause: Limit one of each item\n|clearpoke\n|poke|p1|Scream Tail, L50|\n|poke|p1|Corviknight, L50, M|\n|poke|p1|Brute Bonnet, L50|\n|poke|p1|Dragonite, L50, F|\n|poke|p1|Flutter Mane, L50|\n|poke|p1|Slowking, L50, F|\n|poke|p2|Volcarona, L50, F|\n|poke|p2|Klefki, L50, F|\n|poke|p2|Corviknight, L50, M|\n|poke|p2|Garchomp, L50, F|\n|poke|p2|Gyarados, L50, F|\n|poke|p2|Annihilape, L50, F|\n|teampreview|4\n|inactive|Battle timer is ON: inactive players will automatically lose when time's up. (requested by Atloy)\n|\n|t:|1684123382\n|start\n|switch|p1a: Brute Bonnet|Brute Bonnet, L50|100\/100\n|switch|p1b: Slowking|Slowking, L50, F|100\/100\n|switch|p2a: Klefki|Klefki, L50, F|100\/100\n|switch|p2b: Annihilape|Annihilape, L50, F|100\/100\n|turn|1\n|inactive|Atloy has 30 seconds left.\n|\n|t:|1684123412\n|move|p2a: Klefki|Reflect|p2a: Klefki\n|-sidestart|p2: Atloy|Reflect\n|move|p2b: Annihilape|U-turn|p1a: Brute Bonnet\n|-supereffective|p1a: Brute Bonnet\n|-damage|p1a: Brute Bonnet|34\/100\n|\n|t:|1684123418\n|switch|p2b: Corviknight|Corviknight, L50, M|100\/100|[from] U-turn\n|move|p1a: Brute Bonnet|Spore|p2b: Corviknight\n|-activate|p2b: Corviknight|item: Safety Goggles|Spore\n|move|p1b: Slowking|Trick|p2a: Klefki\n|-activate|p1b: Slowking|move: Trick|[of] p2a: Klefki\n|-item|p2a: Klefki|Choice Specs|[from] move: Trick\n|-item|p1b: Slowking|Light Clay|[from] move: Trick\n|\n|upkeep\n|turn|2\n|inactive|neo1988 has 30 seconds left.\n|inactive|Atloy has 30 seconds left.\n|inactive|Atloy has 20 seconds left.\n|\n|t:|1684123453\n|-terastallize|p1a: Brute Bonnet|Flying\n|move|p2a: Klefki|Light Screen|p2a: Klefki\n|-sidestart|p2: Atloy|move: Light Screen\n|move|p2b: Corviknight|Brave Bird|p1a: Brute Bonnet\n|-damage|p1a: Brute Bonnet|0 fnt\n|faint|p1a: Brute Bonnet\n|-end|p1a: Brute Bonnet|Protosynthesis|[silent]\n|-damage|p2b: Corviknight|89\/100|[from] Recoil\n|move|p1b: Slowking|Psyshock|p2a: Klefki\n|-resisted|p2a: Klefki\n|-damage|p2a: Klefki|90\/100\n|\n|upkeep\n|\n|t:|1684123466\n|switch|p1a: Dragonite|Dragonite, L50, F|100\/100\n|turn|3\n|\n|t:|1684123483\n|switch|p2a: Annihilape|Annihilape, L50, F|100\/100\n|move|p1a: Dragonite|Dragon Dance|p1a: Dragonite\n|-boost|p1a: Dragonite|atk|1\n|-boost|p1a: Dragonite|spe|1\n|move|p2b: Corviknight|Iron Head|p1b: Slowking\n|-resisted|p1b: Slowking\n|-damage|p1b: Slowking|84\/100\n|move|p1b: Slowking|Psyshock|p2a: Annihilape\n|-supereffective|p2a: Annihilape\n|-damage|p2a: Annihilape|62\/100\n|\n|upkeep\n|turn|4\n|\n|t:|1684123504\n|move|p1a: Dragonite|Fire Punch|p2b: Corviknight\n|-supereffective|p2b: Corviknight\n|-damage|p2b: Corviknight|42\/100\n|move|p2a: Annihilape|U-turn|p1b: Slowking\n|-supereffective|p1b: Slowking\n|-damage|p1b: Slowking|32\/100\n|\n|t:|1684123511\n|switch|p2a: Klefki|Klefki, L50, F|90\/100|[from] U-turn\n|move|p2b: Corviknight|Iron Head|p1a: Dragonite\n|-damage|p1a: Dragonite|86\/100\n|move|p1b: Slowking|Psyshock|p2a: Klefki\n|-resisted|p2a: Klefki\n|-damage|p2a: Klefki|79\/100\n|\n|upkeep\n|turn|5\n|\n|t:|1684123524\n|switch|p1b: Flutter Mane|Flutter Mane, L50|100\/100\n|-enditem|p1b: Flutter Mane|Booster Energy\n|-activate|p1b: Flutter Mane|ability: Protosynthesis|[fromitem]\n|-start|p1b: Flutter Mane|protosynthesisspe\n|move|p2a: Klefki|Thunder Wave|p1a: Dragonite\n|-status|p1a: Dragonite|par\n|move|p2b: Corviknight|Roost|p2b: Corviknight\n|-heal|p2b: Corviknight|93\/100\n|-singleturn|p2b: Corviknight|move: Roost\n|move|p1a: Dragonite|Fire Punch|p2b: Corviknight\n|-supereffective|p2b: Corviknight\n|-damage|p2b: Corviknight|51\/100\n|\n|upkeep\n|turn|6\n|\n|t:|1684123544\n|-end|p1b: Flutter Mane|Protosynthesis|[silent]\n|switch|p1b: Slowking|Slowking, L50, F|65\/100\n|move|p2a: Klefki|Thunder Wave|p1b: Slowking\n|-status|p1b: Slowking|par\n|move|p2b: Corviknight|Iron Head|p1b: Slowking\n|-resisted|p1b: Slowking\n|-damage|p1b: Slowking|48\/100 par\n|move|p1a: Dragonite|Dragon Dance|p1a: Dragonite\n|-boost|p1a: Dragonite|atk|1\n|-boost|p1a: Dragonite|spe|1\n|\n|-sideend|p2: Atloy|move: Light Screen\n|upkeep\n|turn|7\n|\n|t:|1684123563\n|switch|p2a: Annihilape|Annihilape, L50, F|62\/100\n|move|p1a: Dragonite|Dragon Dance|p1a: Dragonite\n|-boost|p1a: Dragonite|atk|1\n|-boost|p1a: Dragonite|spe|1\n|move|p2b: Corviknight|Roost|p2b: Corviknight\n|-heal|p2b: Corviknight|100\/100\n|-singleturn|p2b: Corviknight|move: Roost\n|move|p1b: Slowking|Psyshock|p2a: Annihilape\n|-supereffective|p2a: Annihilape\n|-damage|p2a: Annihilape|6\/100\n|\n|upkeep\n|turn|8\n|inactive|Atloy has 30 seconds left.\n|inactive|neo1988 has 30 seconds left.\n|inactive|Atloy has 20 seconds left.\n|\n|t:|1684123600\n|move|p1a: Dragonite|Fire Punch|p2a: Annihilape\n|-damage|p2a: Annihilape|0 fnt\n|faint|p2a: Annihilape\n|move|p2b: Corviknight|Bulk Up|p2b: Corviknight\n|-boost|p2b: Corviknight|atk|1\n|-boost|p2b: Corviknight|def|1\n|move|p1b: Slowking|Psyshock|p2b: Corviknight\n|-resisted|p2b: Corviknight\n|-damage|p2b: Corviknight|92\/100\n|\n|-sideend|p2: Atloy|Reflect\n|upkeep\n|\n|t:|1684123612\n|switch|p2a: Klefki|Klefki, L50, F|79\/100\n|turn|9\n|\n|t:|1684123622\n|cant|p1a: Dragonite|par\n|move|p2a: Klefki|Dazzling Gleam|p1b: Slowking|[spread] p1a,p1b\n|-supereffective|p1a: Dragonite\n|-damage|p1a: Dragonite|39\/100 par\n|-damage|p1b: Slowking|32\/100 par\n|-enditem|p1a: Dragonite|Weakness Policy\n|-boost|p1a: Dragonite|atk|2|[from] item: Weakness Policy\n|-boost|p1a: Dragonite|spa|2|[from] item: Weakness Policy\n|move|p2b: Corviknight|Brave Bird|p1a: Dragonite\n|-damage|p1a: Dragonite|0 fnt\n|faint|p1a: Dragonite\n|-damage|p2b: Corviknight|80\/100|[from] Recoil\n|move|p1b: Slowking|Psyshock|p2a: Klefki\n|-resisted|p2a: Klefki\n|-damage|p2a: Klefki|62\/100\n|\n|upkeep\n|\n|t:|1684123638\n|switch|p1a: Flutter Mane|Flutter Mane, L50|100\/100\n|turn|10\n|\n|t:|1684123648\n|move|p1a: Flutter Mane|Mystical Fire|p2b: Corviknight\n|-supereffective|p2b: Corviknight\n|-crit|p2b: Corviknight\n|-damage|p2b: Corviknight|10\/100\n|-ability|p2b: Corviknight|Mirror Armor\n|-unboost|p1a: Flutter Mane|spa|1\n|move|p2a: Klefki|Dazzling Gleam|p1b: Slowking|[spread] p1a,p1b\n|-damage|p1a: Flutter Mane|75\/100\n|-damage|p1b: Slowking|18\/100 par\n|move|p2b: Corviknight|Iron Head|p1a: Flutter Mane\n|-supereffective|p1a: Flutter Mane\n|-damage|p1a: Flutter Mane|0 fnt\n|faint|p1a: Flutter Mane\n|-end|p1a: Flutter Mane|Protosynthesis|[silent]\n|move|p1b: Slowking|Chilling Water|p2b: Corviknight\n|-damage|p2b: Corviknight|0 fnt\n|faint|p2b: Corviknight\n|\n|upkeep\n|\n|t:|1684123663\n|switch|p2b: Volcarona|Volcarona, L50, F|100\/100\n|turn|11\n|-message|neo1988 forfeited.\n|\n|win|Atloy\n|raw|neo1988's rating: 1026 → 1014<\/strong> (-12 for losing)\n|raw|Atloy's rating: 1086 → 1108<\/strong> (+22 for winning)\n|l|\u2606neo1988\n","uploadtime":1684123672,"views":8,"p1id":"neo1988","p2id":"atloy","formatid":"gen9vgc2023regulationc","rating":1014,"private":0,"password":""}