{"id":"gen9vgc2023regulationc-1856695672","p1":"pjcsq3","p2":"Rean411","format":"[Gen 9] VGC 2023 Regulation C","log":"|j|\u2606pjcsq3\n|j|\u2606Rean411\n|t:|1683096107\n|gametype|doubles\n|player|p1|pjcsq3|unknown|1330\n|player|p2|Rean411|102|1314\n|teamsize|p1|6\n|teamsize|p2|6\n|gen|9\n|tier|[Gen 9] VGC 2023 Regulation C\n|rated|\n|rule|Species Clause: Limit one of each Pok\u00e9mon\n|rule|Item Clause: Limit one of each item\n|clearpoke\n|poke|p1|Glimmora, L50, M|\n|poke|p1|Dragonite, L50, M|\n|poke|p1|Flutter Mane, L50|\n|poke|p1|Dondozo, L50, F|\n|poke|p1|Chien-Pao, L50|\n|poke|p1|Chi-Yu, L50|\n|poke|p2|Tyranitar, L50, M|\n|poke|p2|Lycanroc, L50, F|\n|poke|p2|Annihilape, L50, F|\n|poke|p2|Maushold, L50|\n|poke|p2|Ting-Lu, L50|\n|poke|p2|Flutter Mane, L50|\n|teampreview|4\nRean411 has agreed to open team sheets.\n|\n|t:|1683096123\n|start\n|switch|p1a: Glimmora|Glimmora, L50, M|100\/100\n|switch|p1b: Dondozo|Dondozo, L50, F|100\/100\n|switch|p2a: Ting-Lu|Ting-Lu, L50|100\/100\n|switch|p2b: Maushold|Maushold, L50, shiny|100\/100\n|-ability|p2a: Ting-Lu|Vessel of Ruin\n|turn|1\n|\n|t:|1683096136\n|-terastallize|p1a: Glimmora|Grass\n|move|p2b: Maushold|Baby-Doll Eyes|p1b: Dondozo\n|-unboost|p1b: Dondozo|atk|1\n|move|p1a: Glimmora|Toxic|p2a: Ting-Lu\n|-status|p2a: Ting-Lu|tox\n|move|p2a: Ting-Lu|Stomping Tantrum|p1a: Glimmora\n|-resisted|p1a: Glimmora\n|-damage|p1a: Glimmora|83\/100\n|-activate|p1a: Glimmora|ability: Toxic Debris\n|-sidestart|p2: Rean411|move: Toxic Spikes\n|move|p1b: Dondozo|Bulldoze|p2a: Ting-Lu|[spread] p1a,p2a,p2b\n|-resisted|p1a: Glimmora\n|-damage|p1a: Glimmora|79\/100\n|-damage|p2a: Ting-Lu|97\/100 tox\n|-damage|p2b: Maushold|93\/100\n|-unboost|p1a: Glimmora|spe|1\n|-unboost|p2a: Ting-Lu|spe|1\n|-unboost|p2b: Maushold|spe|1\n|-activate|p1a: Glimmora|ability: Toxic Debris\n|-sidestart|p2: Rean411|move: Toxic Spikes\n|\n|-damage|p2a: Ting-Lu|91\/100 tox|[from] psn\n|upkeep\n|turn|2\n|\n|t:|1683096156\n|switch|p2a: Annihilape|Annihilape, L50, F|100\/100\n|-status|p2a: Annihilape|tox\n|move|p1a: Glimmora|Toxic|p2b: Maushold\n|-status|p2b: Maushold|tox\n|move|p2b: Maushold|Beat Up|p2a: Annihilape\n|-damage|p2a: Annihilape|99\/100 tox\n|-damage|p2a: Annihilape|98\/100 tox\n|-hitcount|p2a: Annihilape|2\n|move|p1b: Dondozo|Wave Crash|p2b: Maushold\n|-damage|p2b: Maushold|65\/100 tox\n|-damage|p1b: Dondozo|94\/100|[from] Recoil\n|\n|-heal|p2a: Annihilape|100\/100 tox|[from] item: Leftovers\n|-heal|p1b: Dondozo|99\/100|[from] item: Leftovers\n|-damage|p2a: Annihilape|94\/100 tox|[from] psn\n|-damage|p2b: Maushold|59\/100 tox|[from] psn\n|upkeep\n|turn|3\n|c|\u2606Rean411|Oh. That\u2019s pretty clevat\n|c|\u2606Rean411|clever\n|\n|t:|1683096199\n|move|p1a: Glimmora|Spiky Shield|p1a: Glimmora\n|-singleturn|p1a: Glimmora|move: Protect\n|move|p2a: Annihilape|Rage Fist|p1b: Dondozo\n|-damage|p1b: Dondozo|60\/100\n|move|p2b: Maushold|Beat Up|p2a: Annihilape\n|-damage|p2a: Annihilape|93\/100 tox\n|-damage|p2a: Annihilape|91\/100 tox\n|-hitcount|p2a: Annihilape|2\n|move|p1b: Dondozo|Wave Crash|p2b: Maushold\n|-damage|p2b: Maushold|31\/100 tox\n|-damage|p1b: Dondozo|54\/100|[from] Recoil\n|\n|-heal|p2a: Annihilape|98\/100 tox|[from] item: Leftovers\n|-heal|p1b: Dondozo|60\/100|[from] item: Leftovers\n|-damage|p2a: Annihilape|85\/100 tox|[from] psn\n|-damage|p2b: Maushold|19\/100 tox|[from] psn\n|upkeep\n|turn|4\n|\n|t:|1683096216\n|move|p1b: Dondozo|Protect|p1b: Dondozo\n|-singleturn|p1b: Dondozo|Protect\n|move|p2b: Maushold|Baby-Doll Eyes|p1b: Dondozo\n|-activate|p1b: Dondozo|move: Protect\n|move|p2a: Annihilape|Rage Fist|p1a: Glimmora\n|-damage|p1a: Glimmora|0 fnt\n|faint|p1a: Glimmora\n|\n|-heal|p2a: Annihilape|91\/100 tox|[from] item: Leftovers\n|-heal|p1b: Dondozo|67\/100|[from] item: Leftovers\n|-damage|p2a: Annihilape|73\/100 tox|[from] psn\n|-damage|p2b: Maushold|1\/100 tox|[from] psn\n|upkeep\n|\n|t:|1683096225\n|switch|p1a: Chien-Pao|Chien-Pao, L50|100\/100\n|-ability|p1a: Chien-Pao|Sword of Ruin\n|turn|5\n|\n|t:|1683096235\n|move|p1a: Chien-Pao|Protect|p1a: Chien-Pao\n|-singleturn|p1a: Chien-Pao|Protect\n|move|p2a: Annihilape|Rage Fist|p1b: Dondozo\n|-damage|p1b: Dondozo|0 fnt\n|faint|p1b: Dondozo\n|move|p2b: Maushold|Beat Up|p1a: Chien-Pao\n|-activate|p1a: Chien-Pao|move: Protect\n|\n|-heal|p2a: Annihilape|79\/100 tox|[from] item: Leftovers\n|-damage|p2a: Annihilape|54\/100 tox|[from] psn\n|-damage|p2b: Maushold|0 fnt|[from] psn\n|faint|p2b: Maushold\n|upkeep\n|\n|t:|1683096245\n|switch|p2b: Flutter Mane|Flutter Mane, L50|100\/100\n|switch|p1b: Dragonite|Dragonite, L50, M|100\/100\n|-status|p2b: Flutter Mane|tox\n|turn|6\n|\n|t:|1683096255\n|-terastallize|p2b: Flutter Mane|Fairy\n|move|p1a: Chien-Pao|Sucker Punch|p2b: Flutter Mane\n|-resisted|p2b: Flutter Mane\n|-damage|p2b: Flutter Mane|63\/100 tox\n|move|p2b: Flutter Mane|Dazzling Gleam|p1a: Chien-Pao|[spread] p1a,p1b\n|-supereffective|p1a: Chien-Pao\n|-supereffective|p1b: Dragonite\n|-enditem|p1a: Chien-Pao|Focus Sash\n|-damage|p1a: Chien-Pao|1\/100\n|-damage|p1b: Dragonite|31\/100\n|move|p1b: Dragonite|Dragon Dance|p1b: Dragonite\n|-boost|p1b: Dragonite|atk|1\n|-boost|p1b: Dragonite|spe|1\n|move|p2a: Annihilape|Drain Punch|p1a: Chien-Pao\n|-supereffective|p1a: Chien-Pao\n|-damage|p1a: Chien-Pao|0 fnt\n|-heal|p2a: Annihilape|55\/100 tox|[from] drain|[of] p1a: Chien-Pao\n|faint|p1a: Chien-Pao\n|\n|-heal|p2a: Annihilape|61\/100 tox|[from] item: Leftovers\n|-damage|p2b: Flutter Mane|57\/100 tox|[from] psn\n|-damage|p2a: Annihilape|30\/100 tox|[from] psn\n|upkeep\n|turn|7\n|\n|t:|1683096274\n|move|p1b: Dragonite|Earthquake|p2a: Annihilape|[spread] p2a,p2b\n|-crit|p2b: Flutter Mane\n|-damage|p2a: Annihilape|0 fnt\n|-damage|p2b: Flutter Mane|0 fnt\n|faint|p2a: Annihilape\n|faint|p2b: Flutter Mane\n|-end|p2b: Flutter Mane|Protosynthesis|[silent]\n|\n|upkeep\n|\n|t:|1683096280\n|switch|p2b: Ting-Lu|Ting-Lu, L50|91\/100 tox\n|-ability|p2b: Ting-Lu|Vessel of Ruin\n|turn|8\n|\n|t:|1683096290\n|move|p1b: Dragonite|Outrage|p2b: Ting-Lu\n|-damage|p2b: Ting-Lu|34\/100 tox\n|move|p2b: Ting-Lu|Ruination|p1b: Dragonite\n|-damage|p1b: Dragonite|16\/100\n|\n|-damage|p2b: Ting-Lu|29\/100 tox|[from] psn\n|upkeep\n|turn|9\n|\n|t:|1683096299\n|move|p1b: Dragonite|Outrage|p2b: Ting-Lu|[from]lockedmove\n|-damage|p2b: Ting-Lu|0 fnt\n|faint|p2b: Ting-Lu\n|\n|win|pjcsq3\n|raw|pjcsq3's rating: 1330 → 1349<\/strong> (+19 for winning)\n|raw|Rean411's rating: 1314 → 1295<\/strong> (-19 for losing)\n|l|\u2606Rean411\n","uploadtime":1683096305,"views":7,"p1id":"pjcsq3","p2id":"rean411","formatid":"gen9vgc2023regulationc","rating":1295,"private":0,"password":""}