{"id":"gen9vgc2023regulationc-1849927556","p1":"WillieDangerously","p2":"simpen","format":"[Gen 9] VGC 2023 Regulation C","log":"|j|\u2606WillieDangerously\n|j|\u2606simpen\n|t:|1682268988\n|gametype|doubles\n|player|p1|WillieDangerously|psychic-gen4|1071\n|player|p2|simpen|169|1091\n|teamsize|p1|6\n|teamsize|p2|6\n|gen|9\n|tier|[Gen 9] VGC 2023 Regulation C\n|rated|\n|rule|Species Clause: Limit one of each Pok\u00e9mon\n|rule|Item Clause: Limit one of each item\n|clearpoke\n|poke|p1|Espathra, L50, M|\n|poke|p1|Iron Bundle, L50|\n|poke|p1|Iron Valiant, L50|\n|poke|p1|Salamence, L50, M|\n|poke|p1|Scizor, L50, F|\n|poke|p1|Sandy Shocks, L50|\n|poke|p2|Tyranitar, L50, M|\n|poke|p2|Lycanroc, L50, F|\n|poke|p2|Ting-Lu, L50|\n|poke|p2|Dragonite, L50, M|\n|poke|p2|Palafin, L50, M|\n|poke|p2|Flutter Mane, L50|\n|teampreview|4\nsimpen rejected open team sheets.\n|\n|t:|1682269035\n|start\n|switch|p1a: Scizor|Scizor, L50, F|100\/100\n|switch|p1b: Sandy Shocks|Sandy Shocks, L50|100\/100\n|switch|p2a: Lycanroc|Lycanroc, L50, F, shiny|100\/100\n|switch|p2b: Tyranitar|Tyranitar, L50, M, shiny|100\/100\n|-weather|Sandstorm|[from] ability: Sand Stream|[of] p2b: Tyranitar\n|-enditem|p1b: Sandy Shocks|Booster Energy\n|-activate|p1b: Sandy Shocks|ability: Protosynthesis|[fromitem]\n|-start|p1b: Sandy Shocks|protosynthesisspe\n|turn|1\n|\n|t:|1682269076\n|move|p2a: Lycanroc|Rock Slide|p1b: Sandy Shocks|[spread] p1a\n|-miss|p2a: Lycanroc|p1b: Sandy Shocks\n|-damage|p1a: Scizor|73\/100\n|move|p1b: Sandy Shocks|Earth Power|p2a: Lycanroc\n|-supereffective|p2a: Lycanroc\n|-enditem|p2a: Lycanroc|Focus Sash\n|-damage|p2a: Lycanroc|1\/100\n|-unboost|p2a: Lycanroc|spd|1\n|move|p1a: Scizor|Swords Dance|p1a: Scizor\n|-boost|p1a: Scizor|atk|2\n|move|p2b: Tyranitar|Fire Punch|p1a: Scizor\n|-supereffective|p1a: Scizor\n|-damage|p1a: Scizor|0 fnt\n|faint|p1a: Scizor\n|\n|-weather|Sandstorm|[upkeep]\n|upkeep\n|\n|t:|1682269093\n|switch|p1a: Espathra|Espathra, L50, M|100\/100\n|turn|2\n|\n|t:|1682269112\n|move|p1a: Espathra|Protect|p1a: Espathra\n|-singleturn|p1a: Espathra|Protect\n|move|p2a: Lycanroc|Rock Slide|p1b: Sandy Shocks|[spread] p1b\n|-activate|p1a: Espathra|move: Protect\n|-resisted|p1b: Sandy Shocks\n|-damage|p1b: Sandy Shocks|85\/100\n|move|p1b: Sandy Shocks|Gravity|p1b: Sandy Shocks\n|-fieldstart|move: Gravity\n|move|p2b: Tyranitar|Rock Slide|p1a: Espathra|[spread] p1b\n|-activate|p1a: Espathra|move: Protect\n|-resisted|p1b: Sandy Shocks\n|-damage|p1b: Sandy Shocks|68\/100\n|\n|-weather|Sandstorm|[upkeep]\n|-damage|p1a: Espathra|94\/100|[from] Sandstorm\n|-ability|p1a: Espathra|Speed Boost|boost\n|-boost|p1a: Espathra|spe|1\n|upkeep\n|turn|3\n|\n|t:|1682269158\n|move|p2a: Lycanroc|Rock Slide|p1b: Sandy Shocks|[spread] p1a,p1b\n|-resisted|p1b: Sandy Shocks\n|-damage|p1a: Espathra|58\/100\n|-damage|p1b: Sandy Shocks|54\/100\n|move|p1a: Espathra|Hypnosis|p2b: Tyranitar\n|-status|p2b: Tyranitar|slp|[from] move: Hypnosis\n|move|p1b: Sandy Shocks|Earth Power|p2a: Lycanroc\n|-supereffective|p2a: Lycanroc\n|-crit|p2a: Lycanroc\n|-damage|p2a: Lycanroc|0 fnt\n|faint|p2a: Lycanroc\n|cant|p2b: Tyranitar|slp\n|\n|-weather|Sandstorm|[upkeep]\n|-damage|p1a: Espathra|52\/100|[from] Sandstorm\n|-ability|p1a: Espathra|Speed Boost|boost\n|-boost|p1a: Espathra|spe|1\n|upkeep\n|\n|t:|1682269174\n|switch|p2a: Dragonite|Dragonite, L50, M, shiny|100\/100\n|turn|4\n|\n|t:|1682269211\n|-end|p1b: Sandy Shocks|Protosynthesis|[silent]\n|switch|p1b: Iron Bundle|Iron Bundle, L50|100\/100\n|-terastallize|p2a: Dragonite|Normal\n|move|p1a: Espathra|Protect|p1a: Espathra\n|-singleturn|p1a: Espathra|Protect\n|move|p2a: Dragonite|Extreme Speed|p1b: Iron Bundle\n|-damage|p1b: Iron Bundle|17\/100\n|-curestatus|p2b: Tyranitar|slp|[msg]\n|move|p2b: Tyranitar|Brick Break|p1b: Iron Bundle\n|-supereffective|p1b: Iron Bundle\n|-damage|p1b: Iron Bundle|0 fnt\n|faint|p1b: Iron Bundle\n|-end|p1b: Iron Bundle|Quark Drive|[silent]\n|\n|-weather|Sandstorm|[upkeep]\n|-damage|p1a: Espathra|46\/100|[from] Sandstorm\n|-damage|p2a: Dragonite|94\/100|[from] Sandstorm\n|-ability|p1a: Espathra|Speed Boost|boost\n|-boost|p1a: Espathra|spe|1\n|upkeep\n|\n|t:|1682269223\n|switch|p1b: Sandy Shocks|Sandy Shocks, L50|54\/100\n|turn|5\n|\n|t:|1682269237\n|-terastallize|p1b: Sandy Shocks|Ghost\n|move|p2a: Dragonite|Extreme Speed|p1a: Espathra\n|-damage|p1a: Espathra|0 fnt\n|faint|p1a: Espathra\n|move|p1b: Sandy Shocks|Earth Power|p2b: Tyranitar\n|-supereffective|p2b: Tyranitar\n|-damage|p2b: Tyranitar|65\/100\n|move|p2b: Tyranitar|Rock Slide|p1b: Sandy Shocks\n|-damage|p1b: Sandy Shocks|8\/100\n|\n|-weather|none\n|upkeep\n|turn|6\n|-message|WillieDangerously forfeited.\n|\n|win|simpen\n|raw|WillieDangerously's rating: 1071 → 1052<\/strong> (-19 for losing)\n|raw|simpen's rating: 1091 → 1116<\/strong> (+25 for winning)\n","uploadtime":1682269246,"views":9,"p1id":"williedangerously","p2id":"simpen","formatid":"gen9vgc2023regulationc","rating":1052,"private":0,"password":""}