{"id":"gen9vgc2023regulationc-1860623249","p1":"SouthCroydonSaurs","p2":"SpaceCityVGC","format":"[Gen 9] VGC 2023 Regulation C","log":"|j|\u2606SouthCroydonSaurs\n|j|\u2606SpaceCityVGC\n|t:|1683660001\n|gametype|doubles\n|player|p1|SouthCroydonSaurs|266|\n|player|p2|SpaceCityVGC|nemona-v|\n|teamsize|p1|6\n|teamsize|p2|6\n|gen|9\n|tier|[Gen 9] VGC 2023 Regulation C\n|rule|Species Clause: Limit one of each Pok\u00e9mon\n|rule|Item Clause: Limit one of each item\n|clearpoke\n|poke|p1|Slowking, L50, M|\n|poke|p1|Tinkaton, L50, F|\n|poke|p1|Murkrow, L50, M|\n|poke|p1|Luxray, L50, F|\n|poke|p1|Amoonguss, L50, M|\n|poke|p1|Baxcalibur, L50, M|\n|poke|p2|Annihilape, L50, M|\n|poke|p2|Arcanine, L50, M|\n|poke|p2|Meowscarada, L50, F|\n|poke|p2|Azumarill, L50, M|\n|poke|p2|Klefki, L50, F|\n|poke|p2|Espeon, L50, M|\n|teampreview|4\n|c|\u2606SpaceCityVGC|g1\n|j| Kyogre Canucks\n|j| MattStarVGC\n|l| MattStarVGC\n|c|\u2606SpaceCityVGC|glhfilysmcrizz<3\n|c|\u2606SouthCroydonSaurs|Glhf handomse\n|c| Kyogre Canucks|glhfily\n|c| Kyogre Canucks|Recording has started\n|j| Aarontmarshall\n|\n|t:|1683660195\n|start\n|switch|p1a: Slowking|Slowking, L50, M|100\/100\n|switch|p1b: Tinkaton|Tinkaton, L50, F|100\/100\n|switch|p2a: Mucho Angry|Annihilape, L50, M|100\/100\n|switch|p2b: WoofieVGC|Arcanine, L50, M|100\/100\n|-ability|p2b: WoofieVGC|Intimidate|boost\n|-fail|p1a: Slowking|unboost|Attack|[from] ability: Oblivious|[of] p1a: Slowking\n|-fail|p1b: Tinkaton|unboost|Attack|[from] ability: Own Tempo|[of] p1b: Tinkaton\n|turn|1\n|c|\u2606SpaceCityVGC|belly drum slowking???\n|\n|t:|1683660231\n|move|p1b: Tinkaton|Protect|p1b: Tinkaton\n|-singleturn|p1b: Tinkaton|Protect\n|move|p2b: WoofieVGC|Howl|p2b: WoofieVGC|[spread] p2a,p2b\n|-boost|p2a: Mucho Angry|atk|1\n|-boost|p2b: WoofieVGC|atk|1\n|move|p2a: Mucho Angry|Bulk Up|p2a: Mucho Angry\n|-boost|p2a: Mucho Angry|atk|1\n|-boost|p2a: Mucho Angry|def|1\n|move|p1a: Slowking|Trick Room|p1a: Slowking\n|-fieldstart|move: Trick Room|[of] p1a: Slowking\n|\n|upkeep\n|turn|2\n|\n|t:|1683660256\n|move|p1a: Slowking|Swagger|p1b: Tinkaton|[miss]\n|-miss|p1a: Slowking|p1b: Tinkaton\n|move|p1b: Tinkaton|Rock Slide|p2b: WoofieVGC|[spread] p2a,p2b\n|-resisted|p2a: Mucho Angry\n|-supereffective|p2b: WoofieVGC\n|-damage|p2a: Mucho Angry|94\/100\n|-damage|p2b: WoofieVGC|61\/100\n|-damage|p1b: Tinkaton|91\/100|[from] item: Life Orb\n|move|p2a: Mucho Angry|Rage Fist|p1a: Slowking\n|-supereffective|p1a: Slowking\n|-damage|p1a: Slowking|0 fnt\n|faint|p1a: Slowking\n|move|p2b: WoofieVGC|Flare Blitz|p1b: Tinkaton\n|-supereffective|p1b: Tinkaton\n|-damage|p1b: Tinkaton|0 fnt\n|faint|p1b: Tinkaton\n|-damage|p2b: WoofieVGC|30\/100|[from] Recoil\n|\n|upkeep\n|\n|t:|1683660272\n|switch|p1a: Luxray|Luxray, L50, F|100\/100\n|switch|p1b: Murkrow|Murkrow, L50, M|100\/100\n|turn|3\n|j| Ciq108\n|\n|t:|1683660306\n|move|p1a: Luxray|Protect|p1a: Luxray\n|-singleturn|p1a: Luxray|Protect\n|move|p2b: WoofieVGC|Extreme Speed|p1b: Murkrow\n|-damage|p1b: Murkrow|25\/100\n|move|p1b: Murkrow|Haze|p1b: Murkrow\n|-clearallboost\n|move|p2a: Mucho Angry|Rage Fist|p1a: Luxray\n|-activate|p1a: Luxray|move: Protect\n|\n|-status|p1a: Luxray|brn|[from] item: Flame Orb\n|upkeep\n|turn|4\n|j| MattStarVGC\n|\n|t:|1683660327\n|-terastallize|p1a: Luxray|Normal\n|move|p2b: WoofieVGC|Extreme Speed|p1b: Murkrow\n|-damage|p1b: Murkrow|0 fnt\n|faint|p1b: Murkrow\n|move|p1a: Luxray|Facade|p2b: WoofieVGC\n|-damage|p2b: WoofieVGC|0 fnt\n|faint|p2b: WoofieVGC\n|move|p2a: Mucho Angry|Rage Fist|p1a: Luxray\n|-immune|p1a: Luxray\n|\n|-damage|p1a: Luxray|95\/100 brn|[from] brn\n|upkeep\n|\n|t:|1683660335\n|switch|p2b: Playboy Bunny|Azumarill, L50, M|100\/100\n|turn|5\n|\n|t:|1683660348\n|move|p2b: Playboy Bunny|Liquidation|p1a: Luxray\n|-damage|p1a: Luxray|34\/100 brn\n|move|p1a: Luxray|Play Rough|p2a: Mucho Angry\n|-supereffective|p2a: Mucho Angry\n|-damage|p2a: Mucho Angry|0 fnt\n|faint|p2a: Mucho Angry\n|\n|-damage|p1a: Luxray|28\/100 brn|[from] brn\n|-fieldend|move: Trick Room\n|upkeep\n|\n|t:|1683660354\n|switch|p2a: Madoka|Espeon, L50, M|100\/100\n|turn|6\n|\n|t:|1683660362\n|move|p2a: Madoka|Psychic|p1a: Luxray\n|-damage|p1a: Luxray|0 fnt\n|faint|p1a: Luxray\n|-damage|p2a: Madoka|90\/100|[from] item: Life Orb\n|\n|win|SpaceCityVGC\n|c|\u2606SpaceCityVGC|gg\n|c|\u2606SouthCroydonSaurs|what happened to throwing lol\n","uploadtime":1683660368,"views":20,"p1id":"southcroydonsaurs","p2id":"spacecityvgc","formatid":"gen9vgc2023regulationc","rating":0,"private":0,"password":""}