{"id":"gen9vgc2023regulationc-1855156179","p1":"Pokemon iz trasssh","p2":"Orcat","format":"[Gen 9] VGC 2023 Regulation C","log":"|j|\u2606Pokemon iz trasssh\n|j|\u203dOrcat\n|t:|1682908182\n|gametype|doubles\n|player|p1|Pokemon iz trasssh|169|1423\n|player|p2|Orcat|2|1534\n|teamsize|p1|6\n|teamsize|p2|6\n|gen|9\n|tier|[Gen 9] VGC 2023 Regulation C\n|rated|\n|rule|Species Clause: Limit one of each Pok\u00e9mon\n|rule|Item Clause: Limit one of each item\n|clearpoke\n|poke|p1|Gholdengo, L50|\n|poke|p1|Dragonite, L50, M|\n|poke|p1|Dondozo, L50, M|\n|poke|p1|Tatsugiri, L50, M|\n|poke|p1|Iron Hands, L50|\n|poke|p1|Chien-Pao, L50|\n|poke|p2|Dondozo, L50, F|\n|poke|p2|Tatsugiri, L50, M|\n|poke|p2|Pelipper, L50, F|\n|poke|p2|Drednaw, L50, F|\n|poke|p2|Chien-Pao, L50|\n|poke|p2|Dragonite, L50, F|\n|teampreview|4\nPokemon iz trasssh has agreed to open team sheets.\n|inactive|Battle timer is ON: inactive players will automatically lose when time's up. (requested by Orcat)\n|\n|t:|1682908238\n|start\n|switch|p1a: Gholdengo|Gholdengo, L50|100\/100\n|switch|p1b: Iron Hands|Iron Hands, L50|100\/100\n|switch|p2a: Pelipper|Pelipper, L50, F|100\/100\n|switch|p2b: Drednaw|Drednaw, L50, F|100\/100\n|-weather|RainDance|[from] ability: Drizzle|[of] p2a: Pelipper\n|turn|1\n|inactive|Orcat has 30 seconds left.\n|\n|t:|1682908266\n|move|p2b: Drednaw|Earthquake|p1b: Iron Hands|[spread] p1a,p1b\n|-immune|p2a: Pelipper\n|-supereffective|p1a: Gholdengo\n|-supereffective|p1b: Iron Hands\n|-damage|p1a: Gholdengo|25\/100\n|-damage|p1b: Iron Hands|55\/100\n|-enditem|p1a: Gholdengo|Weakness Policy\n|-boost|p1a: Gholdengo|atk|2|[from] item: Weakness Policy\n|-boost|p1a: Gholdengo|spa|2|[from] item: Weakness Policy\n|move|p2a: Pelipper|Hurricane|p1b: Iron Hands\n|-damage|p1b: Iron Hands|24\/100\n|move|p1a: Gholdengo|Make It Rain|p2a: Pelipper|[spread] p2a,p2b\n|-resisted|p2a: Pelipper\n|-damage|p2a: Pelipper|32\/100\n|-damage|p2b: Drednaw|8\/100\n|-unboost|p1a: Gholdengo|spa|1\n|move|p1b: Iron Hands|Wild Charge|p2a: Pelipper\n|-supereffective|p2a: Pelipper\n|-damage|p2a: Pelipper|0 fnt\n|faint|p2a: Pelipper\n|-damage|p1b: Iron Hands|20\/100|[from] Recoil\n|\n|-weather|RainDance|[upkeep]\n|upkeep\n|inactive|Orcat has 30 seconds left.\n|\n|t:|1682908295\n|switch|p2a: Dragonite|Dragonite, L50, F|100\/100\n|turn|2\n|inactive|Orcat has 30 seconds left.\n|\n|t:|1682908328\n|move|p1a: Gholdengo|Protect|p1a: Gholdengo\n|-singleturn|p1a: Gholdengo|Protect\n|move|p2b: Drednaw|Earthquake|p1a: Gholdengo|[spread] p1b\n|-activate|p1a: Gholdengo|move: Protect\n|-immune|p2a: Dragonite\n|-supereffective|p1b: Iron Hands\n|-damage|p1b: Iron Hands|0 fnt\n|faint|p1b: Iron Hands\n|-end|p1b: Iron Hands|Quark Drive|[silent]\n|move|p2a: Dragonite|Aerial Ace|p1a: Gholdengo\n|-activate|p1a: Gholdengo|move: Protect\n|\n|-weather|RainDance|[upkeep]\n|upkeep\n|\n|t:|1682908343\n|switch|p1b: Chien-Pao|Chien-Pao, L50|100\/100\n|-ability|p1b: Chien-Pao|Sword of Ruin\n|turn|3\n|\n|t:|1682908362\n|switch|p2b: Chien-Pao|Chien-Pao, L50|100\/100\n|-ability|p2b: Chien-Pao|Sword of Ruin\n|-terastallize|p2a: Dragonite|Normal\n|move|p1b: Chien-Pao|Sucker Punch||[still]\n|-fail|p1b: Chien-Pao\n|move|p2a: Dragonite|Thunder Punch|p1a: Gholdengo\n|-damage|p1a: Gholdengo|0 fnt\n|faint|p1a: Gholdengo\n|\n|-weather|RainDance|[upkeep]\n|upkeep\n|\n|t:|1682908372\n|switch|p1a: Dragonite|Dragonite, L50, M|100\/100\n|turn|4\n|\n|t:|1682908389\n|-terastallize|p1a: Dragonite|Flying\n|move|p2a: Dragonite|Extreme Speed|p1a: Dragonite\n|-damage|p1a: Dragonite|72\/100\n|move|p1a: Dragonite|Extreme Speed|p2a: Dragonite\n|-damage|p2a: Dragonite|79\/100\n|move|p2b: Chien-Pao|Sacred Sword|p1b: Chien-Pao\n|-supereffective|p1b: Chien-Pao\n|-enditem|p1b: Chien-Pao|Focus Sash\n|-damage|p1b: Chien-Pao|1\/100\n|move|p1b: Chien-Pao|Ice Spinner|p2a: Dragonite\n|-damage|p2a: Dragonite|25\/100\n|\n|-weather|RainDance|[upkeep]\n|-heal|p1a: Dragonite|78\/100|[from] item: Leftovers\n|upkeep\n|turn|5\n|inactive|Pokemon iz trasssh has 30 seconds left.\n|\n|t:|1682908417\n|move|p2a: Dragonite|Extreme Speed|p1b: Chien-Pao\n|-damage|p1b: Chien-Pao|0 fnt\n|faint|p1b: Chien-Pao\n|move|p1a: Dragonite|Extreme Speed|p2a: Dragonite\n|-damage|p2a: Dragonite|0 fnt\n|faint|p2a: Dragonite\n|move|p2b: Chien-Pao|Sacred Sword|p1a: Dragonite\n|-resisted|p1a: Dragonite\n|-damage|p1a: Dragonite|60\/100\n|\n|-weather|none\n|-heal|p1a: Dragonite|66\/100|[from] item: Leftovers\n|upkeep\n|\n|t:|1682908429\n|switch|p2a: Drednaw|Drednaw, L50, F|8\/100\n|turn|6\n|\n|t:|1682908436\n|move|p1a: Dragonite|Extreme Speed|p2a: Drednaw\n|-resisted|p2a: Drednaw\n|-damage|p2a: Drednaw|0 fnt\n|faint|p2a: Drednaw\n|move|p2b: Chien-Pao|Ice Spinner|p1a: Dragonite\n|-supereffective|p1a: Dragonite\n|-damage|p1a: Dragonite|0 fnt\n|faint|p1a: Dragonite\n|\n|win|Orcat\n|raw|Pokemon iz trasssh's rating: 1423 → 1409<\/strong> (-14 for losing)\n|raw|Orcat's rating: 1534 → 1548<\/strong> (+14 for winning)\n|c|\u2606Pokemon iz trasssh|gg\n|l|\u2606Pokemon iz trasssh\n","uploadtime":1682908446,"views":10,"p1id":"pokemoniztrasssh","p2id":"orcat","formatid":"gen9vgc2023regulationc","rating":1409,"private":0,"password":""}