{"id":"gen9vgc2023regulationc-1857341867","p1":"Fluttermane Eyes","p2":"Vinsmoke","format":"[Gen 9] VGC 2023 Regulation C","log":"|j|\u2606Fluttermane Eyes\n|j|\u2606Vinsmoke\n|t:|1683176426\n|gametype|doubles\n|player|p1|Fluttermane Eyes|riley|1258\n|player|p2|Vinsmoke|169|1169\n|teamsize|p1|6\n|teamsize|p2|6\n|gen|9\n|tier|[Gen 9] VGC 2023 Regulation C\n|rated|\n|rule|Species Clause: Limit one of each Pok\u00e9mon\n|rule|Item Clause: Limit one of each item\n|clearpoke\n|poke|p1|Bronzong, L50|\n|poke|p1|Ting-Lu, L50|\n|poke|p1|Iron Hands, L50|\n|poke|p1|Farigiraf, L50, M|\n|poke|p1|Wo-Chien, L50|\n|poke|p1|Glimmora, L50, M|\n|poke|p2|Palafin, L50, F|\n|poke|p2|Chi-Yu, L50|\n|poke|p2|Amoonguss, L50, M|\n|poke|p2|Kingambit, L50, F|\n|poke|p2|Flutter Mane, L50|\n|poke|p2|Iron Bundle, L50|\n|teampreview|4\n|inactive|Battle timer is ON: inactive players will automatically lose when time's up. (requested by Vinsmoke)\n|\n|t:|1683176459\n|start\n|switch|p1a: Farigiraf|Farigiraf, L50, M|100\/100\n|switch|p1b: Iron Hands|Iron Hands, L50|100\/100\n|switch|p2a: Flutter Mane|Flutter Mane, L50|100\/100\n|switch|p2b: Palafin|Palafin, L50, F|100\/100\n|-enditem|p2a: Flutter Mane|Booster Energy\n|-activate|p2a: Flutter Mane|ability: Protosynthesis|[fromitem]\n|-start|p2a: Flutter Mane|protosynthesisspa\n|turn|1\n|\n|t:|1683176480\n|detailschange|p2b: Palafin|Palafin-Hero, L50, F\n|switch|p2b: Chi-Yu|Chi-Yu, L50|100\/100\n|-ability|p2b: Chi-Yu|Beads of Ruin\n|move|p2a: Flutter Mane|Moonblast|p1a: Farigiraf\n|-damage|p1a: Farigiraf|10\/100\n|move|p1b: Iron Hands|Swords Dance|p1b: Iron Hands\n|-boost|p1b: Iron Hands|atk|2\n|move|p1a: Farigiraf|Trick Room|p1a: Farigiraf\n|-fieldstart|move: Trick Room|[of] p1a: Farigiraf\n|\n|upkeep\n|turn|2\n|\n|t:|1683176498\n|switch|p2b: Kingambit|Kingambit, L50, F|100\/100\n|move|p2a: Flutter Mane|Protect|p2a: Flutter Mane\n|-singleturn|p2a: Flutter Mane|Protect\n|move|p1b: Iron Hands|Drain Punch|p2b: Kingambit\n|-supereffective|p2b: Kingambit\n|-damage|p2b: Kingambit|0 fnt\n|faint|p2b: Kingambit\n|move|p1a: Farigiraf|Psychic|p2a: Flutter Mane\n|-activate|p2a: Flutter Mane|move: Protect\n|\n|upkeep\n|\n|t:|1683176507\n|switch|p2b: Palafin|Palafin-Hero, L50, F|100\/100\n|-activate|p2b: Palafin|ability: Zero to Hero\n|turn|3\n|\n|t:|1683176519\n|move|p1a: Farigiraf|Protect|p1a: Farigiraf\n|-singleturn|p1a: Farigiraf|Protect\n|move|p2b: Palafin|Protect|p2b: Palafin\n|-singleturn|p2b: Palafin|Protect\n|move|p1b: Iron Hands|Wild Charge|p2a: Flutter Mane\n|-damage|p2a: Flutter Mane|0 fnt\n|faint|p2a: Flutter Mane\n|-end|p2a: Flutter Mane|Protosynthesis|[silent]\n|-damage|p1b: Iron Hands|83\/100|[from] Recoil\n|\n|upkeep\n|\n|t:|1683176523\n|switch|p2a: Chi-Yu|Chi-Yu, L50|100\/100\n|-ability|p2a: Chi-Yu|Beads of Ruin\n|turn|4\n|\n|t:|1683176543\n|switch|p1a: Glimmora|Glimmora, L50, M|100\/100\n|-terastallize|p2a: Chi-Yu|Water\n|move|p2b: Palafin|Protect||[still]\n|-fail|p2b: Palafin\n|move|p1b: Iron Hands|Wild Charge|p2b: Palafin\n|-supereffective|p2b: Palafin\n|-damage|p2b: Palafin|0 fnt\n|faint|p2b: Palafin\n|-damage|p1b: Iron Hands|61\/100|[from] Recoil\n|move|p2a: Chi-Yu|Heat Wave|p1b: Iron Hands|[spread] p1a,p1b\n|-resisted|p1a: Glimmora\n|-damage|p1a: Glimmora|57\/100\n|-damage|p1b: Iron Hands|8\/100\n|-enditem|p1b: Iron Hands|Sitrus Berry|[eat]\n|-heal|p1b: Iron Hands|33\/100|[from] item: Sitrus Berry\n|-damage|p2a: Chi-Yu|90\/100|[from] item: Life Orb\n|\n|upkeep\n|turn|5\n|\n|t:|1683176565\n|move|p2a: Chi-Yu|Protect|p2a: Chi-Yu\n|-singleturn|p2a: Chi-Yu|Protect\n|move|p1b: Iron Hands|Drain Punch|p2a: Chi-Yu\n|-activate|p2a: Chi-Yu|move: Protect\n|move|p1a: Glimmora|Power Gem|p2a: Chi-Yu\n|-activate|p2a: Chi-Yu|move: Protect\n|\n|-fieldend|move: Trick Room\n|upkeep\n|turn|6\n|\n|t:|1683176576\n|move|p1b: Iron Hands|Protect|p1b: Iron Hands\n|-singleturn|p1b: Iron Hands|Protect\n|move|p2a: Chi-Yu|Heat Wave|p1b: Iron Hands|[spread] p1a\n|-activate|p1b: Iron Hands|move: Protect\n|-resisted|p1a: Glimmora\n|-crit|p1a: Glimmora\n|-damage|p1a: Glimmora|0 fnt\n|faint|p1a: Glimmora\n|-damage|p2a: Chi-Yu|80\/100|[from] item: Life Orb\n|\n|upkeep\n|\n|t:|1683176592\n|switch|p1a: Wo-Chien|Wo-Chien, L50|100\/100\n|-ability|p1a: Wo-Chien|Tablets of Ruin\n|turn|7\n|\n|t:|1683176609\n|-end|p1b: Iron Hands|Quark Drive|[silent]\n|switch|p1b: Farigiraf|Farigiraf, L50, M|10\/100\n|-terastallize|p1a: Wo-Chien|Fairy\n|move|p2a: Chi-Yu|Heat Wave|p1b: Farigiraf|[spread] p1a\n|-miss|p2a: Chi-Yu|p1b: Farigiraf\n|-damage|p1a: Wo-Chien|54\/100\n|-damage|p2a: Chi-Yu|70\/100|[from] item: Life Orb\n|move|p1a: Wo-Chien|Giga Drain|p2a: Chi-Yu\n|-supereffective|p2a: Chi-Yu\n|-damage|p2a: Chi-Yu|6\/100\n|-heal|p1a: Wo-Chien|75\/100|[from] drain|[of] p2a: Chi-Yu\n|\n|-heal|p1a: Wo-Chien|82\/100|[from] item: Leftovers\n|upkeep\n|turn|8\n|\n|t:|1683176625\n|move|p1b: Farigiraf|Protect|p1b: Farigiraf\n|-singleturn|p1b: Farigiraf|Protect\n|move|p2a: Chi-Yu|Heat Wave|p1a: Wo-Chien|[spread] \n|-activate|p1b: Farigiraf|move: Protect\n|-miss|p2a: Chi-Yu|p1a: Wo-Chien\n|move|p1a: Wo-Chien|Giga Drain|p2a: Chi-Yu\n|-supereffective|p2a: Chi-Yu\n|-damage|p2a: Chi-Yu|0 fnt\n|-heal|p1a: Wo-Chien|84\/100|[from] drain|[of] p2a: Chi-Yu\n|faint|p2a: Chi-Yu\n|\n|win|Fluttermane Eyes\n|raw|Fluttermane Eyes's rating: 1258 → 1277<\/strong> (+19 for winning)\n|raw|Vinsmoke's rating: 1169 → 1150<\/strong> (-19 for losing)\n","uploadtime":1683176633,"views":7,"p1id":"fluttermaneeyes","p2id":"vinsmoke","formatid":"gen9vgc2023regulationc","rating":1150,"private":0,"password":""}