{"id":"gen9vgc2023regulationc-1859248420","p1":"eromaoda","p2":"PR0J3CT Nub","format":"[Gen 9] VGC 2023 Regulation C","log":"|j|\u2606eromaoda\n|j|\u2606PR0J3CT Nub\n|t:|1683423592\n|gametype|doubles\n|player|p1|eromaoda|266|1055\n|player|p2|PR0J3CT Nub|102|1120\n|teamsize|p1|6\n|teamsize|p2|6\n|gen|9\n|tier|[Gen 9] VGC 2023 Regulation C\n|rated|\n|rule|Species Clause: Limit one of each Pok\u00e9mon\n|rule|Item Clause: Limit one of each item\n|clearpoke\n|poke|p1|Glimmora, L50, F|\n|poke|p1|Iron Jugulis, L50|\n|poke|p1|Palafin, L50, F|\n|poke|p1|Azumarill, L50, M|\n|poke|p1|Squawkabilly-Blue, L50, M|\n|poke|p1|Ceruledge, L50, M|\n|poke|p2|Amoonguss, L50, M|\n|poke|p2|Palafin, L50, M|\n|poke|p2|Arcanine, L50, M|\n|poke|p2|Scizor, L50, F|\n|poke|p2|Iron Bundle, L50|\n|poke|p2|Flutter Mane, L50|\n|teampreview|4\n|inactive|Battle timer is ON: inactive players will automatically lose when time's up. (requested by PR0J3CT Nub)\neromaoda has agreed to open team sheets.\n|inactive|eromaoda has 60 seconds left.\n|inactive|PR0J3CT Nub has 60 seconds left.\n|\n|t:|1683423632\n|start\n|switch|p1a: Glimmora|Glimmora, L50, F|100\/100\n|switch|p1b: Iron Jugulis|Iron Jugulis, L50|100\/100\n|switch|p2a: Arcanine|Arcanine, L50, M|100\/100\n|switch|p2b: Palafin|Palafin, L50, M|100\/100\n|-ability|p2a: Arcanine|Intimidate|boost\n|-unboost|p1a: Glimmora|atk|1\n|-unboost|p1b: Iron Jugulis|atk|1\n|-enditem|p1b: Iron Jugulis|Booster Energy\n|-activate|p1b: Iron Jugulis|ability: Quark Drive|[fromitem]\n|-start|p1b: Iron Jugulis|quarkdrivespe\n|turn|1\n|inactive|eromaoda has 30 seconds left.\n|inactive|PR0J3CT Nub has 30 seconds left.\n|\n|t:|1683423659\n|detailschange|p2b: Palafin|Palafin-Hero, L50, M\n|switch|p2b: Amoonguss|Amoonguss, L50, M|100\/100\n|move|p1b: Iron Jugulis|Dark Pulse|p2b: Amoonguss\n|-damage|p2b: Amoonguss|64\/100\n|move|p2a: Arcanine|Flare Blitz|p1b: Iron Jugulis\n|-damage|p1b: Iron Jugulis|44\/100\n|-status|p1b: Iron Jugulis|brn\n|-damage|p2a: Arcanine|84\/100|[from] Recoil\n|move|p1a: Glimmora|Earth Power|p2a: Arcanine\n|-supereffective|p2a: Arcanine\n|-damage|p2a: Arcanine|0 fnt\n|faint|p2a: Arcanine\n|\n|-damage|p1b: Iron Jugulis|38\/100 brn|[from] brn\n|upkeep\n|\n|t:|1683423678\n|switch|p2a: Palafin|Palafin-Hero, L50, M|100\/100\n|-activate|p2a: Palafin|ability: Zero to Hero\n|turn|2\n|inactive|eromaoda has 30 seconds left.\n|\n|t:|1683423709\n|switch|p1a: Palafin|Palafin, L50, F|100\/100\n|move|p2a: Palafin|Protect|p2a: Palafin\n|-singleturn|p2a: Palafin|Protect\n|move|p1b: Iron Jugulis|Focus Blast|p2a: Palafin\n|-activate|p2a: Palafin|move: Protect\n|move|p2b: Amoonguss|Spore|p1a: Palafin\n|-status|p1a: Palafin|slp|[from] move: Spore\n|\n|-damage|p1b: Iron Jugulis|32\/100 brn|[from] brn\n|upkeep\n|turn|3\n|\n|t:|1683423729\n|detailschange|p1a: Palafin|Palafin-Hero, L50, F\n|switch|p1a: Glimmora|Glimmora, L50, F|100\/100\n|switch|p2b: Scizor|Scizor, L50, F|100\/100\n|-terastallize|p2a: Palafin|Water\n|move|p2a: Palafin|Jet Punch|p1b: Iron Jugulis\n|-damage|p1b: Iron Jugulis|0 fnt\n|faint|p1b: Iron Jugulis\n|-end|p1b: Iron Jugulis|Quark Drive|[silent]\n|\n|upkeep\n|\n|t:|1683423740\n|switch|p1b: Palafin|Palafin-Hero, L50, F|100\/100 slp\n|-activate|p1b: Palafin|ability: Zero to Hero\n|turn|4\n|inactive|eromaoda has 30 seconds left.\n|\n|t:|1683423766\n|switch|p2b: Amoonguss|Amoonguss, L50, M|97\/100\n|cant|p1b: Palafin|slp\n|move|p2a: Palafin|Wave Crash|p1a: Glimmora\n|-supereffective|p1a: Glimmora\n|-damage|p1a: Glimmora|0 fnt\n|-activate|p1a: Glimmora|ability: Toxic Debris\n|-sidestart|p2: PR0J3CT Nub|move: Toxic Spikes\n|faint|p1a: Glimmora\n|-damage|p2a: Palafin|64\/100|[from] Recoil\n|\n|upkeep\n|\n|t:|1683423777\n|switch|p1a: Ceruledge|Ceruledge, L50, M|100\/100\n|turn|5\n|\n|t:|1683423799\n|-curestatus|p1b: Palafin|slp|[msg]\n|move|p1b: Palafin|Protect|p1b: Palafin\n|-singleturn|p1b: Palafin|Protect\n|move|p2b: Amoonguss|Protect|p2b: Amoonguss\n|-singleturn|p2b: Amoonguss|Protect\n|move|p2a: Palafin|Jet Punch|p1a: Ceruledge\n|-supereffective|p1a: Ceruledge\n|-damage|p1a: Ceruledge|0 fnt\n|faint|p1a: Ceruledge\n|\n|upkeep\n|turn|6\n|\n|t:|1683423821\n|switch|p2a: Scizor|Scizor, L50, F|100\/100\n|move|p1b: Palafin|Close Combat|p2a: Scizor\n|-damage|p2a: Scizor|49\/100\n|-unboost|p1b: Palafin|def|1\n|-unboost|p1b: Palafin|spd|1\n|move|p2b: Amoonguss|Spore|p1b: Palafin\n|-status|p1b: Palafin|slp|[from] move: Spore\n|\n|upkeep\n|turn|7\n|\n|t:|1683423837\n|cant|p1b: Palafin|slp\n|move|p2a: Scizor|Swords Dance|p2a: Scizor\n|-boost|p2a: Scizor|atk|2\n|move|p2b: Amoonguss|Pollen Puff|p2a: Scizor\n|-heal|p2a: Scizor|99\/100\n|\n|upkeep\n|turn|8\n|\n|t:|1683423854\n|move|p2b: Amoonguss|Rage Powder|p2b: Amoonguss\n|-singleturn|p2b: Amoonguss|move: Rage Powder\n|move|p2a: Scizor|Bullet Punch|p1b: Palafin\n|-resisted|p1b: Palafin\n|-damage|p1b: Palafin|44\/100 slp\n|-curestatus|p1b: Palafin|slp|[msg]\n|move|p1b: Palafin|Wave Crash|p2b: Amoonguss\n|-resisted|p2b: Amoonguss\n|-damage|p2b: Amoonguss|59\/100\n|-damage|p1b: Palafin|31\/100|[from] Recoil\n|\n|upkeep\n|turn|9\n|\n|t:|1683423867\n|move|p1b: Palafin|Protect|p1b: Palafin\n|-singleturn|p1b: Palafin|Protect\n|move|p2b: Amoonguss|Rage Powder|p2b: Amoonguss\n|-singleturn|p2b: Amoonguss|move: Rage Powder\n|move|p2a: Scizor|Bullet Punch|p1b: Palafin\n|-activate|p1b: Palafin|move: Protect\n|\n|upkeep\n|turn|10\n|\n|t:|1683423880\n|move|p2b: Amoonguss|Rage Powder|p2b: Amoonguss\n|-singleturn|p2b: Amoonguss|move: Rage Powder\n|move|p2a: Scizor|Bullet Punch|p1b: Palafin\n|-resisted|p1b: Palafin\n|-crit|p1b: Palafin\n|-damage|p1b: Palafin|0 fnt\n|faint|p1b: Palafin\n|\n|win|PR0J3CT Nub\n|raw|eromaoda's rating: 1055 → 1040<\/strong> (-15 for losing)\n|raw|PR0J3CT Nub's rating: 1120 → 1140<\/strong> (+20 for winning)\n|l|\u2606eromaoda\n","uploadtime":1683423968,"views":10,"p1id":"eromaoda","p2id":"pr0j3ctnub","formatid":"gen9vgc2023regulationc","rating":1040,"private":0,"password":""}