{"id":"gen9vgc2023regulationc-1847712915","p1":"Lexxylooloo","p2":"AzelioX","format":"[Gen 9] VGC 2023 Regulation C","log":"|j|\u2606Lexxylooloo\n|j|\u2606AzelioX\n|t:|1681995252\n|gametype|doubles\n|player|p1|Lexxylooloo|backersf|1149\n|player|p2|AzelioX|265|1151\n|teamsize|p1|6\n|teamsize|p2|6\n|gen|9\n|tier|[Gen 9] VGC 2023 Regulation C\n|rated|\n|rule|Species Clause: Limit one of each Pok\u00e9mon\n|rule|Item Clause: Limit one of each item\n|clearpoke\n|poke|p1|Grimmsnarl, L50, M|\n|poke|p1|Arcanine, L50, M|\n|poke|p1|Iron Hands, L50|\n|poke|p1|Gastrodon-East, L50, M|\n|poke|p1|Sylveon, L50, F|\n|poke|p1|Corviknight, L50, M|\n|poke|p2|Dragonite, L50, M|\n|poke|p2|Gyarados, L50, M|\n|poke|p2|Ting-Lu, L50|\n|poke|p2|Orthworm, L50, M|\n|poke|p2|Chien-Pao, L50|\n|poke|p2|Flutter Mane, L50|\n|teampreview|4\n|inactive|Battle timer is ON: inactive players will automatically lose when time's up. (requested by Lexxylooloo)\n|\n|t:|1681995274\n|start\n|switch|p1a: Hasan|Arcanine, L50, M|100\/100\n|switch|p1b: Slimecicle|Gastrodon-East, L50, M|100\/100\n|switch|p2a: Dragonite|Dragonite, L50, M|100\/100\n|switch|p2b: Ting-Lu|Ting-Lu, L50|100\/100\n|-ability|p1a: Hasan|Intimidate|boost\n|-unboost|p2a: Dragonite|atk|1\n|-unboost|p2b: Ting-Lu|atk|1\n|-ability|p2b: Ting-Lu|Vessel of Ruin\n|turn|1\n|inactive|AzelioX has 30 seconds left.\n|inactive|AzelioX has 20 seconds left.\n|\n|t:|1681995313\n|switch|p1a: Pokimaine|Sylveon, L50, F|100\/100\n|switch|p2a: Flutter Mane|Flutter Mane, L50|100\/100\n|move|p2b: Ting-Lu|Throat Chop|p1b: Slimecicle\n|-damage|p1b: Slimecicle|70\/100\n|move|p1b: Slimecicle|Muddy Water|p2b: Ting-Lu|[spread] p2a,p2b\n|-supereffective|p2b: Ting-Lu\n|-damage|p2a: Flutter Mane|78\/100\n|-damage|p2b: Ting-Lu|78\/100\n|\n|upkeep\n|turn|2\n|inactive|AzelioX has 30 seconds left.\n|\n|t:|1681995339\n|-end|p2a: Flutter Mane|Protosynthesis|[silent]\n|switch|p2a: Orthworm|Orthworm, L50, M|100\/100\n|move|p1a: Pokimaine|Protect|p1a: Pokimaine\n|-singleturn|p1a: Pokimaine|Protect\n|move|p2b: Ting-Lu|Earthquake|p1b: Slimecicle|[spread] p1b\n|-activate|p1a: Pokimaine|move: Protect\n|-immune|p2a: Orthworm|[from] ability: Earth Eater\n|-damage|p1b: Slimecicle|44\/100\n|move|p1b: Slimecicle|Muddy Water|p2a: Orthworm|[spread] p2a,p2b\n|-supereffective|p2b: Ting-Lu\n|-damage|p2a: Orthworm|78\/100\n|-damage|p2b: Ting-Lu|55\/100\n|-unboost|p2a: Orthworm|accuracy|1\n|\n|-heal|p2a: Orthworm|85\/100|[from] item: Leftovers\n|upkeep\n|turn|3\n|\n|t:|1681995362\n|switch|p1a: Hasan|Arcanine, L50, M|100\/100\n|-ability|p1a: Hasan|Intimidate|boost\n|-unboost|p2a: Orthworm|atk|1\n|-unboost|p2b: Ting-Lu|atk|1\n|switch|p1b: Ben Shapiro|Corviknight, L50, M|100\/100\n|move|p2a: Orthworm|Iron Defense|p2a: Orthworm\n|-boost|p2a: Orthworm|def|2\n|move|p2b: Ting-Lu|Earthquake|p1b: Ben Shapiro|[spread] p1a\n|-heal|p2a: Orthworm|100\/100|[from] ability: Earth Eater|[of] p2b: Ting-Lu\n|-immune|p1b: Ben Shapiro\n|-supereffective|p1a: Hasan\n|-damage|p1a: Hasan|56\/100\n|\n|upkeep\n|turn|4\n|\n|t:|1681995385\n|switch|p2b: Dragonite|Dragonite, L50, M|100\/100\n|-terastallize|p2a: Orthworm|Fire\n|move|p1a: Hasan|Flare Blitz|p2a: Orthworm\n|-resisted|p2a: Orthworm\n|-damage|p2a: Orthworm|91\/100\n|-damage|p1a: Hasan|53\/100|[from] Recoil\n|move|p1b: Ben Shapiro|Bulk Up|p1b: Ben Shapiro\n|-boost|p1b: Ben Shapiro|atk|1\n|-boost|p1b: Ben Shapiro|def|1\n|move|p2a: Orthworm|Body Press|p1a: Hasan\n|-damage|p1a: Hasan|0 fnt\n|faint|p1a: Hasan\n|\n|-heal|p2a: Orthworm|97\/100|[from] item: Leftovers\n|upkeep\n|\n|t:|1681995399\n|switch|p1a: Pokimaine|Sylveon, L50, F|100\/100\n|turn|5\n|inactive|AzelioX has 30 seconds left.\n|inactive|AzelioX has 20 seconds left.\n|\n|t:|1681995435\n|move|p2b: Dragonite|Dragon Dance|p2b: Dragonite\n|-boost|p2b: Dragonite|atk|1\n|-boost|p2b: Dragonite|spe|1\n|move|p1a: Pokimaine|Hyper Voice|p2b: Dragonite|[spread] p2a,p2b\n|-resisted|p2a: Orthworm\n|-supereffective|p2b: Dragonite\n|-damage|p2a: Orthworm|77\/100\n|-damage|p2b: Dragonite|64\/100\n|-enditem|p1a: Pokimaine|Throat Spray\n|-boost|p1a: Pokimaine|spa|1|[from] item: Throat Spray\n|move|p1b: Ben Shapiro|Brave Bird|p2a: Orthworm\n|-damage|p2a: Orthworm|53\/100\n|-damage|p1b: Ben Shapiro|94\/100|[from] Recoil\n|move|p2a: Orthworm|Shed Tail|p2a: Orthworm\n|-start|p2a: Orthworm|Substitute|[from] move: Shed Tail\n|-damage|p2a: Orthworm|3\/100\n|\n|t:|1681995454\n|switch|p2a: Flutter Mane|Flutter Mane, L50|78\/100|[from] Shed Tail\n|\n|upkeep\n|turn|6\n|\n|t:|1681995478\n|move|p1a: Pokimaine|Protect|p1a: Pokimaine\n|-singleturn|p1a: Pokimaine|Protect\n|move|p2b: Dragonite|Extreme Speed|p1a: Pokimaine\n|-activate|p1a: Pokimaine|move: Protect\n|move|p2a: Flutter Mane|Shadow Ball|p1b: Ben Shapiro\n|-crit|p1b: Ben Shapiro\n|-damage|p1b: Ben Shapiro|30\/100\n|move|p1b: Ben Shapiro|Iron Head|p2a: Flutter Mane\n|-supereffective|p2a: Flutter Mane\n|-end|p2a: Flutter Mane|Substitute\n|\n|upkeep\n|turn|7\n|\n|t:|1681995499\n|move|p2b: Dragonite|Extreme Speed|p1a: Pokimaine\n|-damage|p1a: Pokimaine|48\/100\n|move|p2a: Flutter Mane|Shadow Ball|p1b: Ben Shapiro\n|-damage|p1b: Ben Shapiro|0 fnt\n|faint|p1b: Ben Shapiro\n|move|p1a: Pokimaine|Hyper Voice|p2b: Dragonite|[spread] p2a,p2b\n|-supereffective|p2b: Dragonite\n|-damage|p2a: Flutter Mane|15\/100\n|-damage|p2b: Dragonite|0 fnt\n|faint|p2b: Dragonite\n|\n|upkeep\n|\n|t:|1681995516\n|switch|p2b: Orthworm|Orthworm, L50, M, tera:Fire|3\/100\n|switch|p1b: Slimecicle|Gastrodon-East, L50, M|44\/100\n|turn|8\n|\n|t:|1681995526\n|move|p1a: Pokimaine|Protect|p1a: Pokimaine\n|-singleturn|p1a: Pokimaine|Protect\n|move|p1b: Slimecicle|Protect|p1b: Slimecicle\n|-singleturn|p1b: Slimecicle|Protect\n|move|p2a: Flutter Mane|Shadow Ball|p1a: Pokimaine\n|-activate|p1a: Pokimaine|move: Protect\n|move|p2b: Orthworm|Iron Defense|p2b: Orthworm\n|-boost|p2b: Orthworm|def|2\n|\n|-heal|p2b: Orthworm|9\/100|[from] item: Leftovers\n|upkeep\n|turn|9\n|\n|t:|1681995548\n|-terastallize|p1b: Slimecicle|Fire\n|move|p2b: Orthworm|Protect|p2b: Orthworm\n|-singleturn|p2b: Orthworm|Protect\n|move|p2a: Flutter Mane|Shadow Ball|p1a: Pokimaine\n|-damage|p1a: Pokimaine|12\/100\n|-unboost|p1a: Pokimaine|spd|1\n|move|p1a: Pokimaine|Hyper Voice|p2a: Flutter Mane|[spread] p2a\n|-activate|p2b: Orthworm|move: Protect\n|-damage|p2a: Flutter Mane|0 fnt\n|faint|p2a: Flutter Mane\n|-end|p2a: Flutter Mane|Protosynthesis|[silent]\n|move|p1b: Slimecicle|Recover|p1b: Slimecicle\n|-heal|p1b: Slimecicle|94\/100\n|\n|-heal|p2b: Orthworm|15\/100|[from] item: Leftovers\n|upkeep\n|\n|t:|1681995567\n|switch|p2a: Ting-Lu|Ting-Lu, L50|55\/100\n|-ability|p2a: Ting-Lu|Vessel of Ruin\n|turn|10\n|\n|t:|1681995589\n|move|p1a: Pokimaine|Protect|p1a: Pokimaine\n|-singleturn|p1a: Pokimaine|Protect\n|move|p2b: Orthworm|Body Press|p1b: Slimecicle\n|-damage|p1b: Slimecicle|46\/100\n|move|p2a: Ting-Lu|Earthquake|p1b: Slimecicle|[spread] p1b\n|-activate|p1a: Pokimaine|move: Protect\n|-heal|p2b: Orthworm|40\/100|[from] ability: Earth Eater|[of] p2a: Ting-Lu\n|-supereffective|p1b: Slimecicle\n|-damage|p1b: Slimecicle|0 fnt\n|faint|p1b: Slimecicle\n|\n|-heal|p2b: Orthworm|46\/100|[from] item: Leftovers\n|upkeep\n|turn|11\n|\n|t:|1681995610\n|move|p1a: Pokimaine|Hyper Voice|p2a: Ting-Lu|[spread] p2a,p2b\n|-supereffective|p2a: Ting-Lu\n|-resisted|p2b: Orthworm\n|-damage|p2a: Ting-Lu|11\/100\n|-damage|p2b: Orthworm|24\/100\n|move|p2b: Orthworm|Body Press|p1a: Pokimaine\n|-resisted|p1a: Pokimaine\n|-damage|p1a: Pokimaine|0 fnt\n|faint|p1a: Pokimaine\n|\n|win|AzelioX\n|raw|Lexxylooloo's rating: 1149 → 1124<\/strong> (-25 for losing)\n|raw|AzelioX's rating: 1151 → 1176<\/strong> (+25 for winning)\n","uploadtime":1681995622,"views":7,"p1id":"lexxylooloo","p2id":"azeliox","formatid":"gen9vgc2023regulationc","rating":1124,"private":0,"password":""}