{"id":"gen9vgc2023regulationc-1846892928","p1":"lightning killer","p2":"Adeitsuna","format":"[Gen 9] VGC 2023 Regulation C","log":"|j|\u2606lightning killer\n|j|\u203dAdeitsuna\n|t:|1681897001\n|gametype|doubles\n|player|p1|lightning killer|266|1000\n|player|p2|Adeitsuna|169|1000\n|teamsize|p1|6\n|teamsize|p2|6\n|gen|9\n|tier|[Gen 9] VGC 2023 Regulation C\n|rated|\n|rule|Species Clause: Limit one of each Pok\u00e9mon\n|rule|Item Clause: Limit one of each item\n|clearpoke\n|poke|p1|Dragapult, L50, M|\n|poke|p1|Coalossal, L50, M|\n|poke|p1|Tauros-Paldea-Aqua, L50, M|\n|poke|p1|Hydreigon, L50, F|\n|poke|p1|Brute Bonnet, L50|\n|poke|p1|Iron Hands, L50|\n|poke|p2|Arcanine, L50, M|\n|poke|p2|Amoonguss, L50, M|\n|poke|p2|Roaring Moon, L50|\n|poke|p2|Iron Bundle, L50|\n|poke|p2|Gholdengo, L50|\n|poke|p2|Iron Hands, L50|\n|teampreview|4\nlightning killer has agreed to open team sheets.\n|inactive|Battle timer is ON: inactive players will automatically lose when time's up. (requested by lightning killer)\n|inactive|Adeitsuna has 60 seconds left.\n|inactive|Adeitsuna has 30 seconds left.\n|inactive|Adeitsuna has 20 seconds left.\n|inactive|Adeitsuna has 15 seconds left.\n|inactive|Adeitsuna has 10 seconds left.\n|inactive|Adeitsuna has 5 seconds left.\n|\n|t:|1681897158\n|start\n|switch|p1a: Dragapult|Dragapult, L50, M, shiny|100\/100\n|switch|p1b: Coalossal|Coalossal, L50, M|100\/100\n|switch|p2a: Arcanine|Arcanine, L50, M|100\/100\n|switch|p2b: Amoonguss|Amoonguss, L50, M, shiny|100\/100\n|-ability|p2a: Arcanine|Intimidate|boost\n|-fail|p1a: Dragapult|unboost|[from] ability: Clear Body|[of] p1a: Dragapult\n|-unboost|p1b: Coalossal|atk|1\n|turn|1\n|inactive|Adeitsuna has 30 seconds left.\n|inactive|Adeitsuna has 20 seconds left.\n|inactive|Adeitsuna has 15 seconds left.\n|inactive|Adeitsuna has 10 seconds left.\n|inactive|Adeitsuna has 5 seconds left.\n|\n|t:|1681897213\n|move|p2a: Arcanine|Protect|p2a: Arcanine\n|-singleturn|p2a: Arcanine|Protect\n|move|p2b: Amoonguss|Protect|p2b: Amoonguss\n|-singleturn|p2b: Amoonguss|Protect\n|move|p1a: Dragapult|Surf|p2a: Arcanine|[spread] p1b\n|-activate|p2a: Arcanine|move: Protect\n|-activate|p2b: Amoonguss|move: Protect\n|-supereffective|p1b: Coalossal\n|-damage|p1b: Coalossal|52\/100\n|-ability|p1b: Coalossal|Steam Engine|boost\n|-boost|p1b: Coalossal|spe|6\n|-enditem|p1b: Coalossal|Weakness Policy\n|-boost|p1b: Coalossal|atk|2|[from] item: Weakness Policy\n|-boost|p1b: Coalossal|spa|2|[from] item: Weakness Policy\n|move|p1b: Coalossal|Flare Blitz|p2b: Amoonguss\n|-activate|p2b: Amoonguss|move: Protect\n|\n|upkeep\n|turn|2\n|inactive|lightning killer has 30 seconds left.\n|inactive|Adeitsuna has 30 seconds left.\n|inactive|Adeitsuna has 20 seconds left.\n|inactive|Adeitsuna has 15 seconds left.\n|inactive|Adeitsuna has 10 seconds left.\n|inactive|Adeitsuna has 5 seconds left.\n|\n|t:|1681897268\n|move|p2a: Arcanine|Protect||[still]\n|-fail|p2a: Arcanine\n|move|p2b: Amoonguss|Protect||[still]\n|-fail|p2b: Amoonguss\n|move|p1b: Coalossal|Rock Slide|p2a: Arcanine|[spread] p2a,p2b\n|-supereffective|p2a: Arcanine\n|-damage|p2a: Arcanine|27\/100\n|-damage|p2b: Amoonguss|71\/100\n|move|p1a: Dragapult|Dragon Darts|p2a: Arcanine\n|-damage|p2a: Arcanine|0 fnt\n|-anim|p1a: Dragapult|Dragon Darts|p2b: Amoonguss\n|-damage|p2b: Amoonguss|53\/100\n|faint|p2a: Arcanine\n|\n|upkeep\n|inactive|Adeitsuna has 30 seconds left.\n|inactive|Adeitsuna has 20 seconds left.\n|inactive|Adeitsuna has 15 seconds left.\n|inactive|Adeitsuna has 10 seconds left.\n|inactive|Adeitsuna has 5 seconds left.\n|\n|t:|1681897323\n|switch|p2a: Roaring Moon|Roaring Moon, L50|100\/100\n|-enditem|p2a: Roaring Moon|Booster Energy\n|-activate|p2a: Roaring Moon|ability: Protosynthesis|[fromitem]\n|-start|p2a: Roaring Moon|protosynthesisatk\n|turn|3\n|inactive|Adeitsuna has 30 seconds left.\n|inactive|Adeitsuna has 20 seconds left.\n|inactive|Adeitsuna has 15 seconds left.\n|inactive|Adeitsuna has 10 seconds left.\n|inactive|Adeitsuna has 5 seconds left.\n|\n|t:|1681897378\n|move|p2a: Roaring Moon|Protect|p2a: Roaring Moon\n|-singleturn|p2a: Roaring Moon|Protect\n|move|p2b: Amoonguss|Protect|p2b: Amoonguss\n|-singleturn|p2b: Amoonguss|Protect\n|move|p1b: Coalossal|Explosion|p2b: Amoonguss|[spread] \n|-activate|p2a: Roaring Moon|move: Protect\n|-activate|p2b: Amoonguss|move: Protect\n|-immune|p1a: Dragapult\n|faint|p1b: Coalossal\n|move|p1a: Dragapult|Dragon Darts|p2a: Roaring Moon\n|-activate|p2b: Amoonguss|move: Protect\n|\n|upkeep\n|\n|t:|1681897402\n|switch|p1b: Tauros|Tauros-Paldea-Aqua, L50, M|100\/100\n|-ability|p1b: Tauros|Intimidate|boost\n|-unboost|p2a: Roaring Moon|atk|1\n|-unboost|p2b: Amoonguss|atk|1\n|turn|4\n|inactive|Adeitsuna has 30 seconds left.\n|inactive|Adeitsuna has 20 seconds left.\n|inactive|Adeitsuna has 15 seconds left.\n|inactive|Adeitsuna has 10 seconds left.\n|inactive|Adeitsuna has 5 seconds left.\n|\n|t:|1681897457\n|switch|p1b: Hydreigon|Hydreigon, L50, F, shiny|100\/100\n|-terastallize|p1a: Dragapult|Steel\n|move|p2a: Roaring Moon|Protect||[still]\n|-fail|p2a: Roaring Moon\n|move|p2b: Amoonguss|Protect||[still]\n|-fail|p2b: Amoonguss\n|move|p1a: Dragapult|Dragon Darts|p2a: Roaring Moon\n|-supereffective|p2a: Roaring Moon\n|-damage|p2a: Roaring Moon|48\/100\n|-anim|p1a: Dragapult|Dragon Darts|p2b: Amoonguss\n|-damage|p2b: Amoonguss|32\/100\n|-enditem|p2b: Amoonguss|Sitrus Berry|[eat]\n|-heal|p2b: Amoonguss|57\/100|[from] item: Sitrus Berry\n|\n|upkeep\n|turn|5\n|inactive|lightning killer has 30 seconds left.\n|inactive|Adeitsuna has 30 seconds left.\n|inactive|Adeitsuna has 20 seconds left.\n|inactive|Adeitsuna has 15 seconds left.\n|inactive|Adeitsuna has 10 seconds left.\n|inactive|Adeitsuna has 5 seconds left.\n|\n|t:|1681897512\n|move|p2a: Roaring Moon|Protect|p2a: Roaring Moon\n|-singleturn|p2a: Roaring Moon|Protect\n|move|p2b: Amoonguss|Protect|p2b: Amoonguss\n|-singleturn|p2b: Amoonguss|Protect\n|move|p1a: Dragapult|Tera Blast|p2b: Amoonguss\n|-activate|p2b: Amoonguss|move: Protect\n|move|p1b: Hydreigon|Draco Meteor|p2a: Roaring Moon\n|-activate|p2a: Roaring Moon|move: Protect\n|\n|upkeep\n|turn|6\n|inactive|lightning killer has 30 seconds left.\n|inactive|Adeitsuna has 30 seconds left.\n|inactive|lightning killer has 20 seconds left.\n|inactive|Adeitsuna has 20 seconds left.\n|inactive|Adeitsuna has 15 seconds left.\n|inactive|Adeitsuna has 10 seconds left.\n|inactive|Adeitsuna has 5 seconds left.\n|\n|t:|1681897567\n|move|p2a: Roaring Moon|Protect|p2a: Roaring Moon\n|-singleturn|p2a: Roaring Moon|Protect\n|move|p2b: Amoonguss|Protect|p2b: Amoonguss\n|-singleturn|p2b: Amoonguss|Protect\n|move|p1a: Dragapult|Tera Blast|p2b: Amoonguss\n|-activate|p2b: Amoonguss|move: Protect\n|move|p1b: Hydreigon|Draco Meteor|p2a: Roaring Moon\n|-activate|p2a: Roaring Moon|move: Protect\n|\n|upkeep\n|turn|7\n|c|\u2606lightning killer|you are the embodiment of sata\n|inactive|Adeitsuna has 30 seconds left.\n|inactive|Adeitsuna has 20 seconds left.\n|inactive|Adeitsuna has 15 seconds left.\n|inactive|Adeitsuna has 10 seconds left.\n|inactive|Adeitsuna has 5 seconds left.\n|c|\u2606lightning killer|why are you such a prick\n|-message|Adeitsuna lost due to inactivity.\n|\n|win|lightning killer\n|raw|lightning killer's rating: 1000 → 1040<\/strong> (+40 for winning)\n|raw|Adeitsuna's rating: 1000 → 1000<\/strong> (+0 for losing)\n","uploadtime":1681897621,"views":15,"p1id":"lightningkiller","p2id":"adeitsuna","formatid":"gen9vgc2023regulationc","rating":1000,"private":0,"password":""}