{"id":"gen9vgc2023regulationc-1851007340","p1":"d_davex","p2":"Raiu Akimoto","format":"[Gen 9] VGC 2023 Regulation C","log":"|j|\u2606d_davex\n|j|\u2606Raiu Akimoto\n|t:|1682393205\n|gametype|doubles\n|player|p1|d_davex|cyclist-gen4|1283\n|player|p2|Raiu Akimoto|n|1273\n|teamsize|p1|6\n|teamsize|p2|6\n|gen|9\n|tier|[Gen 9] VGC 2023 Regulation C\n|rated|\n|rule|Species Clause: Limit one of each Pok\u00e9mon\n|rule|Item Clause: Limit one of each item\n|clearpoke\n|poke|p1|Amoonguss, L50, F|\n|poke|p1|Iron Bundle, L50|\n|poke|p1|Iron Hands, L50|\n|poke|p1|Dragonite, L50, M|\n|poke|p1|Chien-Pao, L50|\n|poke|p1|Gholdengo, L50|\n|poke|p2|Great Tusk, L50|\n|poke|p2|Baxcalibur, L50, F|\n|poke|p2|Orthworm, L50, M|\n|poke|p2|Talonflame, L50, M|\n|poke|p2|Chi-Yu, L50|\n|poke|p2|Dachsbun, L50, M|\n|teampreview|4\n|inactive|Battle timer is ON: inactive players will automatically lose when time's up. (requested by Raiu Akimoto)\n|inactive|d_davex has 60 seconds left.\n|inactive|Raiu Akimoto has 60 seconds left.\n|\n|t:|1682393258\n|start\n|switch|p1a: Dragonite|Dragonite, L50, M|100\/100\n|switch|p1b: Chien-Pao|Chien-Pao, L50|100\/100\n|switch|p2a: Talonflame|Talonflame, L50, M, shiny|100\/100\n|switch|p2b: Orthworm|Orthworm, L50, M, shiny|100\/100\n|-ability|p1b: Chien-Pao|Sword of Ruin\n|turn|1\n|\n|t:|1682393278\n|-terastallize|p2a: Talonflame|Ghost\n|-terastallize|p1a: Dragonite|Normal\n|move|p1a: Dragonite|Extreme Speed|p2a: Talonflame\n|-immune|p2a: Talonflame\n|move|p2a: Talonflame|Tailwind|p2a: Talonflame\n|-sidestart|p2: Raiu Akimoto|move: Tailwind\n|move|p1b: Chien-Pao|Sacred Sword|p2b: Orthworm\n|-supereffective|p2b: Orthworm\n|-damage|p2b: Orthworm|41\/100\n|-enditem|p2b: Orthworm|Sitrus Berry|[eat]\n|-heal|p2b: Orthworm|65\/100|[from] item: Sitrus Berry\n|move|p2b: Orthworm|Shed Tail|p2b: Orthworm\n|-start|p2b: Orthworm|Substitute|[from] move: Shed Tail\n|-damage|p2b: Orthworm|15\/100\n|\n|t:|1682393299\n|switch|p2b: Baxcalibur|Baxcalibur, L50, F, shiny|100\/100|[from] Shed Tail\n|\n|upkeep\n|turn|2\n|\n|t:|1682393309\n|move|p1b: Chien-Pao|Protect|p1b: Chien-Pao\n|-singleturn|p1b: Chien-Pao|Protect\n|move|p1a: Dragonite|Extreme Speed|p2b: Baxcalibur\n|-end|p2b: Baxcalibur|Substitute\n|move|p2a: Talonflame|Will-O-Wisp|p1b: Chien-Pao\n|-activate|p1b: Chien-Pao|move: Protect\n|move|p2b: Baxcalibur|Glaive Rush|p1a: Dragonite\n|-damage|p1a: Dragonite|0 fnt\n|-singlemove|p2b: Baxcalibur|Glaive Rush|[silent]\n|faint|p1a: Dragonite\n|\n|upkeep\n|inactive|d_davex has 30 seconds left.\n|inactive|d_davex has 20 seconds left.\n|inactive|d_davex has 15 seconds left.\n|\n|t:|1682393350\n|switch|p1a: Amoonguss|Amoonguss, L50, F|100\/100\n|turn|3\n|inactive|d_davex has 30 seconds left.\n|\n|t:|1682393378\n|move|p2b: Baxcalibur|Protect|p2b: Baxcalibur\n|-singleturn|p2b: Baxcalibur|Protect\n|move|p1a: Amoonguss|Rage Powder|p1a: Amoonguss\n|-singleturn|p1a: Amoonguss|move: Rage Powder\n|move|p2a: Talonflame|Will-O-Wisp|p1a: Amoonguss|[miss]\n|-miss|p2a: Talonflame|p1a: Amoonguss\n|move|p1b: Chien-Pao|Ice Spinner|p2a: Talonflame\n|-damage|p2a: Talonflame|33\/100\n|\n|upkeep\n|turn|4\n|inactive|d_davex has 30 seconds left.\n|\n|t:|1682393406\n|move|p2a: Talonflame|Will-O-Wisp|p1b: Chien-Pao\n|-status|p1b: Chien-Pao|brn\n|move|p2b: Baxcalibur|Icicle Crash|p1a: Amoonguss\n|-supereffective|p1a: Amoonguss\n|-damage|p1a: Amoonguss|0 fnt\n|faint|p1a: Amoonguss\n|move|p1b: Chien-Pao|Ice Spinner|p2a: Talonflame\n|-damage|p2a: Talonflame|0 fnt\n|faint|p2a: Talonflame\n|\n|-damage|p1b: Chien-Pao|95\/100 brn|[from] brn\n|-sideend|p2: Raiu Akimoto|move: Tailwind\n|upkeep\n|\n|t:|1682393422\n|switch|p2a: Great Tusk|Great Tusk, L50, shiny|100\/100\n|switch|p1a: Iron Hands|Iron Hands, L50|100\/100\n|turn|5\n|inactive|d_davex has 30 seconds left.\n|\n|t:|1682393447\n|move|p2a: Great Tusk|Protect|p2a: Great Tusk\n|-singleturn|p2a: Great Tusk|Protect\n|move|p1a: Iron Hands|Fake Out|p2a: Great Tusk\n|-activate|p2a: Great Tusk|move: Protect\n|move|p1b: Chien-Pao|Ice Spinner|p2a: Great Tusk\n|-activate|p2a: Great Tusk|move: Protect\n|move|p2b: Baxcalibur|Glaive Rush|p1b: Chien-Pao\n|-crit|p1b: Chien-Pao\n|-damage|p1b: Chien-Pao|0 fnt\n|-singlemove|p2b: Baxcalibur|Glaive Rush|[silent]\n|faint|p1b: Chien-Pao\n|\n|upkeep\n|turn|6\n|\n|t:|1682393463\n|switch|p2b: Orthworm|Orthworm, L50, M, shiny|15\/100\n|move|p2a: Great Tusk|Earthquake|p1a: Iron Hands|[spread] p1a\n|-heal|p2b: Orthworm|40\/100|[from] ability: Earth Eater|[of] p2a: Great Tusk\n|-supereffective|p1a: Iron Hands\n|-damage|p1a: Iron Hands|33\/100\n|-damage|p2a: Great Tusk|91\/100|[from] item: Life Orb\n|move|p1a: Iron Hands|Drain Punch|p2a: Great Tusk\n|-damage|p2a: Great Tusk|57\/100\n|-heal|p1a: Iron Hands|47\/100|[from] drain|[of] p2a: Great Tusk\n|\n|upkeep\n|turn|7\n|-message|d_davex forfeited.\n|\n|win|Raiu Akimoto\n|raw|d_davex's rating: 1283 → 1257<\/strong> (-26 for losing)\n|raw|Raiu Akimoto's rating: 1273 → 1299<\/strong> (+26 for winning)\n|l|\u2606d_davex\n|l|\u2606Raiu Akimoto\n|j|\u2606Raiu Akimoto\n|player|p2|Raiu Akimoto|n\n","uploadtime":1682393513,"views":7,"p1id":"ddavex","p2id":"raiuakimoto","formatid":"gen9vgc2023regulationc","rating":1257,"private":0,"password":""}