{"id":"gen9vgc2023regulationc-1845664583","p1":"BodaciousBulbasaur","p2":"danyx03","format":"[Gen 9] VGC 2023 Regulation C","log":"|j|\u2606BodaciousBulbasaur\n|j|\u2606danyx03\n|t:|1681753706\n|gametype|doubles\n|player|p1|BodaciousBulbasaur|acetrainerf-gen4dp|1231\n|player|p2|danyx03|red|1141\n|teamsize|p1|6\n|teamsize|p2|6\n|gen|9\n|tier|[Gen 9] VGC 2023 Regulation C\n|rated|\n|rule|Species Clause: Limit one of each Pok\u00e9mon\n|rule|Item Clause: Limit one of each item\n|clearpoke\n|poke|p1|Murkrow, L50, F|\n|poke|p1|Great Tusk, L50|\n|poke|p1|Scream Tail, L50|\n|poke|p1|Gyarados, L50, M|\n|poke|p1|Flutter Mane, L50|\n|poke|p1|Dragapult, L50, F|\n|poke|p2|Baxcalibur, L50, F|\n|poke|p2|Maushold-Four, L50|\n|poke|p2|Flutter Mane, L50|\n|poke|p2|Arcanine, L50, M|\n|poke|p2|Annihilape, L50, F|\n|poke|p2|Ting-Lu, L50|\n|teampreview|4\n|inactive|Battle timer is ON: inactive players will automatically lose when time's up. (requested by BodaciousBulbasaur)\nBodaciousBulbasaur rejected open team sheets.\n|inactive|danyx03 has 60 seconds left.\n|inactive|danyx03 has 30 seconds left.\n|inactive|danyx03 has 20 seconds left.\n|inactive|danyx03 has 15 seconds left.\n|inactive|danyx03 has 10 seconds left.\n|inactive|danyx03 has 5 seconds left.\n|\n|t:|1681753813\n|start\n|switch|p1a: Dragapult|Dragapult, L50, F|100\/100\n|switch|p1b: Scream Tail|Scream Tail, L50|100\/100\n|switch|p2a: Baxcalibur|Baxcalibur, L50, F|100\/100\n|switch|p2b: Maushold|Maushold-Four, L50|100\/100\n|-enditem|p1b: Scream Tail|Booster Energy\n|-activate|p1b: Scream Tail|ability: Protosynthesis|[fromitem]\n|-start|p1b: Scream Tail|protosynthesisspe\n|turn|1\n|inactive|danyx03 has 30 seconds left.\n|\n|t:|1681753843\n|-terastallize|p1a: Dragapult|Steel\n|move|p2a: Baxcalibur|Protect|p2a: Baxcalibur\n|-singleturn|p2a: Baxcalibur|Protect\n|move|p1b: Scream Tail|Howl|p1b: Scream Tail|[spread] p1a,p1b\n|-boost|p1a: Dragapult|atk|1\n|-boost|p1b: Scream Tail|atk|1\n|move|p1a: Dragapult|Dragon Darts|p2b: Maushold\n|-damage|p2b: Maushold|31\/100\n|-anim|p1a: Dragapult|Dragon Darts|p2b: Maushold\n|-damage|p2b: Maushold|0 fnt\n|faint|p2b: Maushold\n|\n|upkeep\n|\n|t:|1681753856\n|switch|p2b: Annihilape|Annihilape, L50, F|100\/100\n|turn|2\n|inactive|danyx03 has 30 seconds left.\n|\n|t:|1681753882\n|-terastallize|p2a: Baxcalibur|Steel\n|move|p2b: Annihilape|Protect|p2b: Annihilape\n|-singleturn|p2b: Annihilape|Protect\n|move|p1b: Scream Tail|Encore|p2a: Baxcalibur\n|-start|p2a: Baxcalibur|Encore\n|move|p1a: Dragapult|Dragon Darts|p2a: Baxcalibur\n|-resisted|p2a: Baxcalibur\n|-damage|p2a: Baxcalibur|77\/100\n|-anim|p1a: Dragapult|Dragon Darts|p2a: Baxcalibur\n|-resisted|p2a: Baxcalibur\n|-damage|p2a: Baxcalibur|54\/100\n|move|p2a: Baxcalibur|Protect||[still]\n|-fail|p2a: Baxcalibur\n|\n|upkeep\n|turn|3\n|inactive|danyx03 has 30 seconds left.\n|\n|t:|1681753908\n|switch|p2a: Flutter Mane|Flutter Mane, L50|100\/100\n|-enditem|p2a: Flutter Mane|Booster Energy\n|-activate|p2a: Flutter Mane|ability: Protosynthesis|[fromitem]\n|-start|p2a: Flutter Mane|protosynthesisspe\n|move|p1b: Scream Tail|Encore|p2b: Annihilape\n|-start|p2b: Annihilape|Encore\n|move|p1a: Dragapult|Dragon Darts|p2b: Annihilape\n|-damage|p2b: Annihilape|52\/100\n|-anim|p1a: Dragapult|Dragon Darts|p2b: Annihilape\n|-damage|p2b: Annihilape|5\/100\n|move|p2b: Annihilape|Protect||[still]\n|-fail|p2b: Annihilape\n|\n|-heal|p2b: Annihilape|11\/100|[from] item: Leftovers\n|upkeep\n|turn|4\n|\n|t:|1681753932\n|switch|p2b: Baxcalibur|Baxcalibur, L50, F, tera:Steel|54\/100\n|move|p2a: Flutter Mane|Substitute|p2a: Flutter Mane\n|-start|p2a: Flutter Mane|Substitute\n|-damage|p2a: Flutter Mane|76\/100\n|move|p1b: Scream Tail|Howl|p1b: Scream Tail|[spread] p1a,p1b\n|-boost|p1a: Dragapult|atk|1\n|-boost|p1b: Scream Tail|atk|1\n|move|p1a: Dragapult|Dragon Darts|p2b: Baxcalibur\n|-resisted|p2b: Baxcalibur\n|-damage|p2b: Baxcalibur|25\/100\n|-anim|p1a: Dragapult|Dragon Darts|p2b: Baxcalibur\n|-resisted|p2b: Baxcalibur\n|-damage|p2b: Baxcalibur|0 fnt\n|faint|p2b: Baxcalibur\n|\n|upkeep\n|\n|t:|1681753944\n|switch|p2b: Annihilape|Annihilape, L50, F|11\/100\n|turn|5\n|\n|t:|1681753953\n|move|p2b: Annihilape|Protect|p2b: Annihilape\n|-singleturn|p2b: Annihilape|Protect\n|move|p2a: Flutter Mane|Shadow Ball|p1b: Scream Tail\n|-supereffective|p1b: Scream Tail\n|-damage|p1b: Scream Tail|36\/100\n|move|p1b: Scream Tail|Play Rough|p2a: Flutter Mane\n|-end|p2a: Flutter Mane|Substitute\n|move|p1a: Dragapult|Dragon Darts|p2b: Annihilape\n|-immune|p2a: Flutter Mane\n|\n|-heal|p2b: Annihilape|17\/100|[from] item: Leftovers\n|upkeep\n|turn|6\n|\n|t:|1681753976\n|move|p2a: Flutter Mane|Shadow Ball|p1b: Scream Tail\n|-supereffective|p1b: Scream Tail\n|-damage|p1b: Scream Tail|0 fnt\n|faint|p1b: Scream Tail\n|-end|p1b: Scream Tail|Protosynthesis|[silent]\n|move|p1a: Dragapult|Dragon Darts|p2b: Annihilape\n|-damage|p2b: Annihilape|0 fnt\n|faint|p2b: Annihilape\n|\n|upkeep\n|\n|t:|1681753984\n|switch|p1b: Flutter Mane|Flutter Mane, L50|100\/100\n|turn|7\n|\n|t:|1681754008\n|switch|p1a: Great Tusk|Great Tusk, L50|100\/100\n|move|p2a: Flutter Mane|Dazzling Gleam|p1a: Great Tusk|[spread] p1a,p1b\n|-supereffective|p1a: Great Tusk\n|-damage|p1a: Great Tusk|6\/100\n|-damage|p1b: Flutter Mane|73\/100\n|move|p1b: Flutter Mane|Shadow Ball|p2a: Flutter Mane\n|-supereffective|p2a: Flutter Mane\n|-damage|p2a: Flutter Mane|0 fnt\n|faint|p2a: Flutter Mane\n|-end|p2a: Flutter Mane|Protosynthesis|[silent]\n|\n|win|BodaciousBulbasaur\n|raw|BodaciousBulbasaur's rating: 1231 → 1250<\/strong> (+19 for winning)\n|raw|danyx03's rating: 1141 → 1122<\/strong> (-19 for losing)\n|l|\u2606danyx03\n","uploadtime":1681754022,"views":18,"p1id":"bodaciousbulbasaur","p2id":"danyx03","formatid":"gen9vgc2023regulationc","rating":1122,"private":0,"password":""}