{"id":"gen9vgc2023regulationc-1850510779","p1":"Zyros Phade","p2":"Titannexus","format":"[Gen 9] VGC 2023 Regulation C","log":"|j|\u2606Zyros Phade\n|j|\u2606Titannexus\n|t:|1682344383\n|gametype|doubles\n|player|p1|Zyros Phade|169|1349\n|player|p2|Titannexus|acetrainer-gen4|1308\n|teamsize|p1|6\n|teamsize|p2|6\n|gen|9\n|tier|[Gen 9] VGC 2023 Regulation C\n|rated|\n|rule|Species Clause: Limit one of each Pok\u00e9mon\n|rule|Item Clause: Limit one of each item\n|clearpoke\n|poke|p1|Vivillon, L50, F|\n|poke|p1|Gyarados, L50, M|\n|poke|p1|Flutter Mane, L50|\n|poke|p1|Hydreigon, L50, F|\n|poke|p1|Grimmsnarl, L50, M|\n|poke|p1|Garchomp, L50, F|\n|poke|p2|Dondozo, L50, F|\n|poke|p2|Tatsugiri, L50, F|\n|poke|p2|Flutter Mane, L50|\n|poke|p2|Arcanine, L50, M|\n|poke|p2|Corviknight, L50, F|\n|poke|p2|Dragapult, L50, F|\n|teampreview|4\n|inactive|Battle timer is ON: inactive players will automatically lose when time's up. (requested by Titannexus)\n|inactive|Titannexus has 60 seconds left.\n|\n|t:|1682344422\n|start\n|switch|p1a: Marnie|Grimmsnarl, L50, M|100\/100\n|switch|p1b: Sada|Flutter Mane, L50|100\/100\n|switch|p2a: Dondozo|Dondozo, L50, F|100\/100\n|switch|p2b: Tatsugiri|Tatsugiri, L50, F|100\/100\n|-activate|p2b: Tatsugiri|ability: Commander|[of] p2a: Dondozo\n|-boost|p2a: Dondozo|atk|2\n|-boost|p2a: Dondozo|spa|2\n|-boost|p2a: Dondozo|spe|2\n|-boost|p2a: Dondozo|def|2\n|-boost|p2a: Dondozo|spd|2\n|-enditem|p1b: Sada|Booster Energy\n|-activate|p1b: Sada|ability: Protosynthesis|[fromitem]\n|-start|p1b: Sada|protosynthesisspe\n|turn|1\n|\n|t:|1682344431\n|move|p1a: Marnie|Thunder Wave|p2a: Dondozo\n|-status|p2a: Dondozo|par\n|move|p1b: Sada|Hex|p2a: Dondozo\n|-damage|p2a: Dondozo|64\/100 par\n|move|p2a: Dondozo|Wave Crash|p1a: Marnie\n|-damage|p1a: Marnie|0 fnt\n|faint|p1a: Marnie\n|-damage|p2a: Dondozo|37\/100 par|[from] Recoil\n|\n|upkeep\n|\n|t:|1682344434\n|switch|p1a: Hydreigon|Hydreigon, L50, F|100\/100\n|turn|2\n|\n|t:|1682344442\n|move|p1b: Sada|Hex|p2a: Dondozo\n|-damage|p2a: Dondozo|1\/100 par\n|move|p1a: Hydreigon|Draco Meteor|p2b: Tatsugiri|[miss]\n|-miss|p1a: Hydreigon|p2b: Tatsugiri\n|move|p2a: Dondozo|Rest|p2a: Dondozo\n|-status|p2a: Dondozo|slp|[from] move: Rest\n|-heal|p2a: Dondozo|100\/100 slp|[silent]\n|-enditem|p2a: Dondozo|Chesto Berry|[eat]\n|-curestatus|p2a: Dondozo|slp|[msg]\n|\n|upkeep\n|turn|3\n|\n|t:|1682344463\n|-end|p1b: Sada|Protosynthesis|[silent]\n|switch|p1b: Lance|Gyarados, L50, M, shiny|100\/100\n|-ability|p1b: Lance|Intimidate|boost\n|-unboost|p2a: Dondozo|atk|1\n|-unboost|p2b: Tatsugiri|atk|1\n|move|p2a: Dondozo|Wave Crash|p1b: Lance\n|-resisted|p1b: Lance\n|-damage|p1b: Lance|64\/100\n|-damage|p2a: Dondozo|91\/100|[from] Recoil\n|move|p1a: Hydreigon|Focus Energy|p1a: Hydreigon\n|-start|p1a: Hydreigon|move: Focus Energy\n|\n|upkeep\n|turn|4\n|\n|t:|1682344474\n|move|p2a: Dondozo|Wave Crash|p1a: Hydreigon\n|-resisted|p1a: Hydreigon\n|-damage|p1a: Hydreigon|64\/100\n|-damage|p2a: Dondozo|83\/100|[from] Recoil\n|move|p1a: Hydreigon|Draco Meteor|p2a: Dondozo|[miss]\n|-miss|p1a: Hydreigon|p2a: Dondozo\n|move|p1b: Lance|Thunder Wave|p2a: Dondozo|[miss]\n|-miss|p1b: Lance|p2a: Dondozo\n|\n|upkeep\n|turn|5\n|\n|t:|1682344485\n|-terastallize|p2a: Dondozo|Grass\n|move|p1a: Hydreigon|Protect|p1a: Hydreigon\n|-singleturn|p1a: Hydreigon|Protect\n|move|p2a: Dondozo|Tera Blast|p1b: Lance\n|-damage|p1b: Lance|19\/100\n|move|p1b: Lance|Thunder Wave|p2a: Dondozo\n|-status|p2a: Dondozo|par\n|\n|upkeep\n|turn|6\n|\n|t:|1682344495\n|move|p1b: Lance|Helping Hand|p1a: Hydreigon\n|-singleturn|p1a: Hydreigon|Helping Hand|[of] p1b: Lance\n|move|p1a: Hydreigon|Heat Wave|p2b: Tatsugiri|[spread] p2a\n|-miss|p1a: Hydreigon|p2b: Tatsugiri\n|-supereffective|p2a: Dondozo\n|-crit|p2a: Dondozo\n|-damage|p2a: Dondozo|0 fnt\n|faint|p2a: Dondozo\n|\n|upkeep\n|\n|t:|1682344506\n|switch|p2a: Dragapult|Dragapult, L50, F|100\/100\n|turn|7\n|\n|t:|1682344511\n|-terastallize|p1a: Hydreigon|Poison\n|move|p2b: Tatsugiri|Icy Wind|p1b: Lance|[spread] p1a,p1b\n|-damage|p1a: Hydreigon|50\/100\n|-damage|p1b: Lance|5\/100\n|-unboost|p1a: Hydreigon|spe|1\n|-unboost|p1b: Lance|spe|1\n|move|p2a: Dragapult|Dragon Darts|p1a: Hydreigon\n|-damage|p1a: Hydreigon|24\/100\n|-anim|p2a: Dragapult|Dragon Darts|p1b: Lance\n|-damage|p1b: Lance|0 fnt\n|faint|p1b: Lance\n|move|p1a: Hydreigon|Draco Meteor|p2b: Tatsugiri\n|-supereffective|p2b: Tatsugiri\n|-crit|p2b: Tatsugiri\n|-damage|p2b: Tatsugiri|0 fnt\n|-unboost|p1a: Hydreigon|spa|2\n|faint|p2b: Tatsugiri\n|\n|upkeep\n|\n|t:|1682344525\n|switch|p2b: Flutter Mane|Flutter Mane, L50|100\/100\n|switch|p1b: Sada|Flutter Mane, L50|100\/100\n|-enditem|p2b: Flutter Mane|Booster Energy\n|-activate|p2b: Flutter Mane|ability: Protosynthesis|[fromitem]\n|-start|p2b: Flutter Mane|protosynthesisspa\n|turn|8\n|\n|t:|1682344536\n|move|p2b: Flutter Mane|Protect|p2b: Flutter Mane\n|-singleturn|p2b: Flutter Mane|Protect\n|move|p2a: Dragapult|Phantom Force||[still]\n|-prepare|p2a: Dragapult|Phantom Force\n|move|p1b: Sada|Hex|p2b: Flutter Mane\n|-activate|p2b: Flutter Mane|move: Protect\n|move|p1a: Hydreigon|Draco Meteor|p2a: Dragapult|[miss]\n|-miss|p1a: Hydreigon|p2a: Dragapult\n|\n|upkeep\n|turn|9\n|\n|t:|1682344551\n|move|p2a: Dragapult|Phantom Force|p1b: Sada|[from]lockedmove\n|-supereffective|p1b: Sada\n|-damage|p1b: Sada|0 fnt\n|faint|p1b: Sada\n|-end|p1b: Sada|Protosynthesis|[silent]\n|move|p2b: Flutter Mane|Dazzling Gleam|p1a: Hydreigon\n|-resisted|p1a: Hydreigon\n|-damage|p1a: Hydreigon|0 fnt\n|faint|p1a: Hydreigon\n|\n|win|Titannexus\n|raw|Zyros Phade's rating: 1349 → 1327<\/strong> (-22 for losing)\n|raw|Titannexus's rating: 1308 → 1330<\/strong> (+22 for winning)\n|l|\u2606Zyros Phade\n|c|\u2606Titannexus|Gg\n","uploadtime":1682344574,"views":24,"p1id":"zyrosphade","p2id":"titannexus","formatid":"gen9vgc2023regulationc","rating":1327,"private":0,"password":""}