{"id":"gen9vgc2023regulationc-1853224531","p1":"john0627","p2":"TJRaynes","format":"[Gen 9] VGC 2023 Regulation C","log":"|j|\u2606john0627\n|j|\u2606TJRaynes\n|t:|1682651003\n|gametype|doubles\n|player|p1|john0627|101|1062\n|player|p2|TJRaynes|marley|1119\n|teamsize|p1|6\n|teamsize|p2|6\n|gen|9\n|tier|[Gen 9] VGC 2023 Regulation C\n|rated|\n|rule|Species Clause: Limit one of each Pok\u00e9mon\n|rule|Item Clause: Limit one of each item\n|clearpoke\n|poke|p1|Arcanine, L50, M|\n|poke|p1|Chien-Pao, L50|\n|poke|p1|Chi-Yu, L50|\n|poke|p1|Sableye, L50, F|\n|poke|p1|Gastrodon, L50, M|\n|poke|p1|Braviary, L50, M|\n|poke|p2|Venomoth, L50, F|\n|poke|p2|Maushold-Four, L50|\n|poke|p2|Lucario, L50, F|\n|poke|p2|Chi-Yu, L50|\n|poke|p2|Amoonguss, L50, M|\n|poke|p2|Iron Jugulis, L50|\n|teampreview|4\nTJRaynes has agreed to open team sheets.\n|inactive|Battle timer is ON: inactive players will automatically lose when time's up. (requested by TJRaynes)\n|\n|t:|1682651055\n|start\n|switch|p1a: Braviary|Braviary, L50, M|100\/100\n|switch|p1b: Chi-Yu|Chi-Yu, L50|100\/100\n|switch|p2a: Maushold|Maushold-Four, L50|100\/100\n|switch|p2b: Venomoth|Venomoth, L50, F|100\/100\n|-ability|p1b: Chi-Yu|Beads of Ruin\n|turn|1\n|inactive|john0627 has 30 seconds left.\n|\n|t:|1682651087\n|switch|p1b: Arcanine|Arcanine, L50, M|100\/100\n|-ability|p1b: Arcanine|Intimidate|boost\n|-unboost|p2a: Maushold|atk|1\n|-unboost|p2b: Venomoth|atk|1\n|move|p2a: Maushold|Follow Me|p2a: Maushold\n|-singleturn|p2a: Maushold|move: Follow Me\n|move|p2b: Venomoth|Quiver Dance|p2b: Venomoth\n|-boost|p2b: Venomoth|spa|1\n|-boost|p2b: Venomoth|spd|1\n|-boost|p2b: Venomoth|spe|1\n|move|p1a: Braviary|Tailwind|p1a: Braviary\n|-sidestart|p1: john0627|move: Tailwind\n|\n|upkeep\n|turn|2\n|inactive|john0627 has 30 seconds left.\n|\n|t:|1682651113\n|move|p2a: Maushold|Follow Me|p2a: Maushold\n|-singleturn|p2a: Maushold|move: Follow Me\n|move|p1a: Braviary|Body Slam|p2a: Maushold\n|-damage|p2a: Maushold|10\/100\n|move|p1b: Arcanine|Flare Blitz|p2a: Maushold\n|-damage|p2a: Maushold|0 fnt\n|faint|p2a: Maushold\n|-damage|p1b: Arcanine|98\/100|[from] Recoil\n|move|p2b: Venomoth|Quiver Dance|p2b: Venomoth\n|-boost|p2b: Venomoth|spa|1\n|-boost|p2b: Venomoth|spd|1\n|-boost|p2b: Venomoth|spe|1\n|\n|upkeep\n|\n|t:|1682651125\n|switch|p2a: Lucario|Lucario, L50, F|100\/100\n|turn|3\n|\n|t:|1682651142\n|-terastallize|p2a: Lucario|Electric\n|move|p2b: Venomoth|Sludge Bomb|p1b: Arcanine\n|-damage|p1b: Arcanine|34\/100\n|move|p1a: Braviary|Body Slam|p2b: Venomoth\n|-damage|p2b: Venomoth|0 fnt\n|faint|p2b: Venomoth\n|move|p1b: Arcanine|Flare Blitz|p2a: Lucario\n|-damage|p2a: Lucario|29\/100\n|-status|p2a: Lucario|brn\n|-damage|p1b: Arcanine|16\/100|[from] Recoil\n|move|p2a: Lucario|Thunder Punch|p1a: Braviary\n|-supereffective|p1a: Braviary\n|-damage|p1a: Braviary|46\/100\n|-damage|p2a: Lucario|19\/100 brn|[from] item: Life Orb\n|\n|-damage|p2a: Lucario|13\/100 brn|[from] brn\n|upkeep\n|\n|t:|1682651158\n|switch|p2b: Chi-Yu|Chi-Yu, L50|100\/100\n|-ability|p2b: Chi-Yu|Beads of Ruin\n|turn|4\n|\n|t:|1682651174\n|move|p1a: Braviary|Protect|p1a: Braviary\n|-singleturn|p1a: Braviary|Protect\n|move|p1b: Arcanine|Extreme Speed|p2a: Lucario\n|-damage|p2a: Lucario|0 fnt\n|faint|p2a: Lucario\n|move|p2b: Chi-Yu|Heat Wave|p1b: Arcanine|[spread] p1b\n|-activate|p1a: Braviary|move: Protect\n|-resisted|p1b: Arcanine\n|-damage|p1b: Arcanine|0 fnt\n|faint|p1b: Arcanine\n|\n|-sideend|p1: john0627|move: Tailwind\n|upkeep\n|\n|t:|1682651190\n|switch|p1b: Sableye|Sableye, L50, F|100\/100\n|turn|5\n|\n|t:|1682651200\n|-terastallize|p1a: Braviary|Normal\n|move|p1b: Sableye|Fake Out|p2b: Chi-Yu\n|-damage|p2b: Chi-Yu|89\/100\n|cant|p2b: Chi-Yu|flinch\n|move|p1a: Braviary|Body Slam|p2b: Chi-Yu\n|-damage|p2b: Chi-Yu|0 fnt\n|faint|p2b: Chi-Yu\n|\n|win|john0627\n|raw|john0627's rating: 1062 → 1098<\/strong> (+36 for winning)\n|raw|TJRaynes's rating: 1119 → 1090<\/strong> (-29 for losing)\n|l|\u2606TJRaynes\n","uploadtime":1682651220,"views":9,"p1id":"john0627","p2id":"tjraynes","formatid":"gen9vgc2023regulationc","rating":1090,"private":0,"password":""}