{"id":"gen9vgc2023regulationc-1861727558","p1":"k58462312","p2":"markys017","format":"[Gen 9] VGC 2023 Regulation C","log":"|j|\u2606k58462312\n|j|\u2606markys017\n|t:|1683800875\n|gametype|doubles\n|player|p1|k58462312|riley|1149\n|player|p2|markys017|barry|1051\n|teamsize|p1|6\n|teamsize|p2|6\n|gen|9\n|tier|[Gen 9] VGC 2023 Regulation C\n|rated|\n|rule|Species Clause: Limit one of each Pok\u00e9mon\n|rule|Item Clause: Limit one of each item\n|clearpoke\n|poke|p1|Corviknight, L50, F|\n|poke|p1|Vaporeon, L50, F|\n|poke|p1|Ting-Lu, L50|\n|poke|p1|Gallade, L50, M|\n|poke|p1|Eelektross, L50, M|\n|poke|p1|Grimmsnarl, L50, M|\n|poke|p2|Sandy Shocks, L50|\n|poke|p2|Espathra, L50, F|\n|poke|p2|Iron Hands, L50|\n|poke|p2|Azumarill, L50, F|\n|poke|p2|Arcanine, L50, M|\n|poke|p2|Chien-Pao, L50|\n|teampreview|4\n|inactive|Battle timer is ON: inactive players will automatically lose when time's up. (requested by markys017)\n|\n|t:|1683800907\n|start\n|switch|p1a: Grimmsnarl|Grimmsnarl, L50, M|100\/100\n|switch|p1b: Ting-Lu|Ting-Lu, L50|100\/100\n|switch|p2a: Sandy Shocks|Sandy Shocks, L50|100\/100\n|switch|p2b: Espathra|Espathra, L50, F|100\/100\n|-ability|p1b: Ting-Lu|Vessel of Ruin\n|-enditem|p2a: Sandy Shocks|Booster Energy\n|-activate|p2a: Sandy Shocks|ability: Protosynthesis|[fromitem]\n|-start|p2a: Sandy Shocks|protosynthesisspe\n|turn|1\n|\n|t:|1683800928\n|move|p1a: Grimmsnarl|Misty Terrain|p1a: Grimmsnarl\n|-fieldstart|move: Misty Terrain\n|move|p2a: Sandy Shocks|Gravity|p2a: Sandy Shocks\n|-fieldstart|move: Gravity\n|move|p2b: Espathra|Hypnosis|p1b: Ting-Lu\n|-activate|p1b: Ting-Lu|move: Misty Terrain\n|move|p1b: Ting-Lu|Stomping Tantrum|p2a: Sandy Shocks\n|-supereffective|p2a: Sandy Shocks\n|-damage|p2a: Sandy Shocks|20\/100\n|\n|-ability|p2b: Espathra|Speed Boost|boost\n|-boost|p2b: Espathra|spe|1\n|upkeep\n|turn|2\n|\n|t:|1683800945\n|move|p1a: Grimmsnarl|Light Screen|p1a: Grimmsnarl\n|-sidestart|p1: k58462312|move: Light Screen\n|move|p2b: Espathra|Hypnosis|p1a: Grimmsnarl\n|-activate|p1a: Grimmsnarl|move: Misty Terrain\n|move|p2a: Sandy Shocks|Earth Power|p1b: Ting-Lu\n|-damage|p1b: Ting-Lu|91\/100\n|move|p1b: Ting-Lu|Throat Chop|p2b: Espathra\n|-supereffective|p2b: Espathra\n|-enditem|p2b: Espathra|Focus Sash\n|-damage|p2b: Espathra|1\/100\n|-start|p2b: Espathra|Throat Chop|[silent]\n|\n|-ability|p2b: Espathra|Speed Boost|boost\n|-boost|p2b: Espathra|spe|1\n|upkeep\n|turn|3\n|\n|t:|1683800968\n|move|p2b: Espathra|Lumina Crash|p1a: Grimmsnarl\n|-immune|p1a: Grimmsnarl\n|move|p2a: Sandy Shocks|Earth Power|p1b: Ting-Lu\n|-damage|p1b: Ting-Lu|81\/100\n|move|p1a: Grimmsnarl|Foul Play|p2b: Espathra\n|-supereffective|p2b: Espathra\n|-damage|p2b: Espathra|0 fnt\n|faint|p2b: Espathra\n|move|p1b: Ting-Lu|Stomping Tantrum|p2a: Sandy Shocks\n|-supereffective|p2a: Sandy Shocks\n|-damage|p2a: Sandy Shocks|0 fnt\n|faint|p2a: Sandy Shocks\n|-end|p2a: Sandy Shocks|Protosynthesis|[silent]\n|\n|upkeep\n|\n|t:|1683800976\n|switch|p2b: Iron Hands|Iron Hands, L50|100\/100\n|switch|p2a: Chien-Pao|Chien-Pao, L50|100\/100\n|-ability|p2a: Chien-Pao|Sword of Ruin\n|turn|4\n|inactive|markys017 has 30 seconds left.\n|\n|t:|1683801001\n|-terastallize|p1b: Ting-Lu|Water\n|move|p1a: Grimmsnarl|Reflect|p1a: Grimmsnarl\n|-sidestart|p1: k58462312|Reflect\n|move|p2a: Chien-Pao|Ice Spinner|p1b: Ting-Lu\n|-resisted|p1b: Ting-Lu\n|-damage|p1b: Ting-Lu|66\/100\n|-fieldend|Misty Terrain\n|-damage|p2a: Chien-Pao|91\/100|[from] item: Life Orb\n|move|p2b: Iron Hands|Drain Punch|p1b: Ting-Lu\n|-damage|p1b: Ting-Lu|40\/100\n|move|p1b: Ting-Lu|Stomping Tantrum|p2a: Chien-Pao\n|-damage|p2a: Chien-Pao|45\/100\n|\n|upkeep\n|turn|5\n|\n|t:|1683801023\n|move|p2a: Chien-Pao|Ice Spinner|p1a: Grimmsnarl\n|-damage|p1a: Grimmsnarl|51\/100\n|-damage|p2a: Chien-Pao|35\/100|[from] item: Life Orb\n|move|p1a: Grimmsnarl|Foul Play|p2b: Iron Hands\n|-resisted|p2b: Iron Hands\n|-damage|p2b: Iron Hands|77\/100\n|move|p2b: Iron Hands|Wild Charge|p1b: Ting-Lu\n|-supereffective|p1b: Ting-Lu\n|-damage|p1b: Ting-Lu|0 fnt\n|faint|p1b: Ting-Lu\n|-damage|p2b: Iron Hands|67\/100|[from] Recoil\n|\n|-fieldend|move: Gravity\n|upkeep\n|\n|t:|1683801041\n|switch|p1b: Gallade|Gallade, L50, M|100\/100\n|turn|6\n|inactive|markys017 has 30 seconds left.\n|\n|t:|1683801074\n|move|p2a: Chien-Pao|Crunch|p1b: Gallade\n|-damage|p1b: Gallade|21\/100\n|-damage|p2a: Chien-Pao|25\/100|[from] item: Life Orb\n|move|p1b: Gallade|Psycho Cut|p2b: Iron Hands\n|-supereffective|p2b: Iron Hands\n|-damage|p2b: Iron Hands|0 fnt\n|faint|p2b: Iron Hands\n|-end|p2b: Iron Hands|Quark Drive|[silent]\n|move|p1a: Grimmsnarl|Foul Play|p2a: Chien-Pao\n|-resisted|p2a: Chien-Pao\n|-damage|p2a: Chien-Pao|0 fnt\n|faint|p2a: Chien-Pao\n|\n|win|k58462312\n|raw|k58462312's rating: 1149 → 1167<\/strong> (+18 for winning)\n|raw|markys017's rating: 1051 → 1038<\/strong> (-13 for losing)\n|l|\u2606markys017\n","uploadtime":1683801094,"views":21,"p1id":"k58462312","p2id":"markys017","formatid":"gen9vgc2023regulationc","rating":1038,"private":0,"password":""}