{"id":"gen9vgc2023regulationc-1857080867","p1":"inkylove","p2":"haha you rage quit","format":"[Gen 9] VGC 2023 Regulation C","log":"|j|\u2606inkylove\n|j|\u2606haha you rage quit\n|t:|1683143868\n|gametype|doubles\n|player|p1|inkylove|rocketgruntf|1164\n|player|p2|haha you rage quit|pokemaniac|1263\n|teamsize|p1|6\n|teamsize|p2|6\n|gen|9\n|tier|[Gen 9] VGC 2023 Regulation C\n|rated|\n|rule|Species Clause: Limit one of each Pok\u00e9mon\n|rule|Item Clause: Limit one of each item\n|clearpoke\n|poke|p1|Oricorio-Pom-Pom, L50, F|\n|poke|p1|Chi-Yu, L50|\n|poke|p1|Flutter Mane, L50|\n|poke|p1|Volcarona, L50, F|\n|poke|p1|Murkrow, L50, M|\n|poke|p1|Gyarados, L50, M|\n|poke|p2|Flutter Mane, L50|\n|poke|p2|Chi-Yu, L50|\n|poke|p2|Donphan, L50, M|\n|poke|p2|Gholdengo, L50|\n|poke|p2|Talonflame, L50, M|\n|poke|p2|Murkrow, L50, M|\n|teampreview|4\n|inactive|Battle timer is ON: inactive players will automatically lose when time's up. (requested by inkylove)\n|inactive|inkylove has 60 seconds left.\n|inactive|haha you rage quit has 60 seconds left.\n|\n|t:|1683143909\n|start\n|switch|p1a: Murkrow|Murkrow, L50, M|100\/100\n|switch|p1b: Chi-Yu|Chi-Yu, L50|100\/100\n|switch|p2a: Murkrow|Murkrow, L50, M|100\/100\n|switch|p2b: Donphan|Donphan, L50, M|100\/100\n|-ability|p1b: Chi-Yu|Beads of Ruin\n|turn|1\n|\n|t:|1683143927\n|switch|p2b: Chi-Yu|Chi-Yu, L50|100\/100\n|-ability|p2b: Chi-Yu|Beads of Ruin\n|move|p1b: Chi-Yu|Protect|p1b: Chi-Yu\n|-singleturn|p1b: Chi-Yu|Protect\n|move|p1a: Murkrow|Tailwind|p1a: Murkrow\n|-sidestart|p1: inkylove|move: Tailwind\n|move|p2a: Murkrow|Foul Play|p1a: Murkrow\n|-resisted|p1a: Murkrow\n|-damage|p1a: Murkrow|89\/100\n|\n|upkeep\n|turn|2\n|inactive|haha you rage quit has 30 seconds left.\n|inactive|haha you rage quit has 20 seconds left.\n|inactive|haha you rage quit has 15 seconds left.\n|inactive|haha you rage quit has 10 seconds left.\n|\n|t:|1683143973\n|switch|p2a: Donphan|Donphan, L50, M|100\/100\n|move|p1a: Murkrow|Protect|p1a: Murkrow\n|-singleturn|p1a: Murkrow|Protect\n|move|p2b: Chi-Yu|Protect|p2b: Chi-Yu\n|-singleturn|p2b: Chi-Yu|Protect\n|move|p1b: Chi-Yu|Overheat|p2b: Chi-Yu\n|-activate|p2b: Chi-Yu|move: Protect\n|\n|upkeep\n|turn|3\n|\n|t:|1683143993\n|switch|p1b: Gyarados|Gyarados, L50, M|100\/100\n|-ability|p1b: Gyarados|Intimidate|boost\n|-unboost|p2a: Donphan|atk|1\n|-unboost|p2b: Chi-Yu|atk|1\n|-terastallize|p2a: Donphan|Water\n|move|p1a: Murkrow|Foul Play|p2a: Donphan\n|-damage|p2a: Donphan|74\/100\n|move|p2b: Chi-Yu|Heat Wave|p1a: Murkrow|[spread] p1a,p1b\n|-resisted|p1b: Gyarados\n|-damage|p1a: Murkrow|25\/100\n|-damage|p1b: Gyarados|75\/100\n|move|p2a: Donphan|High Horsepower|p1b: Gyarados\n|-immune|p1b: Gyarados\n|\n|upkeep\n|turn|4\n|inactive|inkylove has 30 seconds left.\n|inactive|haha you rage quit has 30 seconds left.\n|\n|t:|1683144022\n|switch|p2b: Gholdengo|Gholdengo, L50|100\/100\n|switch|p2a: Murkrow|Murkrow, L50, M|100\/100\n|move|p1a: Murkrow|Protect|p1a: Murkrow\n|-singleturn|p1a: Murkrow|Protect\n|move|p1b: Gyarados|Taunt|p2b: Gholdengo\n|-immune|p2b: Gholdengo|[from] ability: Good as Gold\n|\n|-sideend|p1: inkylove|move: Tailwind\n|upkeep\n|turn|5\n|inactive|haha you rage quit has 30 seconds left.\n|inactive|haha you rage quit has 20 seconds left.\n|inactive|haha you rage quit has 15 seconds left.\n|inactive|haha you rage quit has 10 seconds left.\n|inactive|haha you rage quit has 5 seconds left.\n|\n|t:|1683144076\n|move|p1a: Murkrow|Tailwind|p1a: Murkrow\n|-sidestart|p1: inkylove|move: Tailwind\n|move|p1b: Gyarados|Waterfall|p2a: Murkrow\n|-damage|p2a: Murkrow|14\/100\n|move|p2a: Murkrow|Foul Play|p2b: Gholdengo\n|-supereffective|p2b: Gholdengo\n|-damage|p2b: Gholdengo|70\/100\n|-enditem|p2b: Gholdengo|Weakness Policy\n|-boost|p2b: Gholdengo|atk|2|[from] item: Weakness Policy\n|-boost|p2b: Gholdengo|spa|2|[from] item: Weakness Policy\n|move|p2b: Gholdengo|Power Gem|p1b: Gyarados\n|-supereffective|p1b: Gyarados\n|-damage|p1b: Gyarados|0 fnt\n|faint|p1b: Gyarados\n|\n|upkeep\n|\n|t:|1683144093\n|switch|p1b: Chi-Yu|Chi-Yu, L50|100\/100\n|-ability|p1b: Chi-Yu|Beads of Ruin\n|turn|6\n|\n|t:|1683144110\n|switch|p2a: Chi-Yu|Chi-Yu, L50|100\/100\n|-ability|p2a: Chi-Yu|Beads of Ruin\n|move|p2b: Gholdengo|Protect|p2b: Gholdengo\n|-singleturn|p2b: Gholdengo|Protect\n|move|p1b: Chi-Yu|Heat Wave|p2a: Chi-Yu|[spread] p2a\n|-activate|p2b: Gholdengo|move: Protect\n|-resisted|p2a: Chi-Yu\n|-damage|p2a: Chi-Yu|82\/100\n|move|p1a: Murkrow|Foul Play|p2b: Gholdengo\n|-activate|p2b: Gholdengo|move: Protect\n|\n|upkeep\n|turn|7\n|inactive|haha you rage quit has 30 seconds left.\n|\n|t:|1683144141\n|switch|p2b: Donphan|Donphan, L50, M, tera:Water|74\/100\n|move|p1b: Chi-Yu|Heat Wave|p2b: Donphan|[spread] p2a,p2b\n|-resisted|p2a: Chi-Yu\n|-resisted|p2b: Donphan\n|-crit|p2b: Donphan\n|-damage|p2a: Chi-Yu|62\/100\n|-damage|p2b: Donphan|11\/100\n|move|p1a: Murkrow|Foul Play|p2b: Donphan\n|-damage|p2b: Donphan|0 fnt\n|faint|p2b: Donphan\n|move|p2a: Chi-Yu|Snarl|p1a: Murkrow|[spread] p1a,p1b\n|-resisted|p1a: Murkrow\n|-resisted|p1b: Chi-Yu\n|-damage|p1a: Murkrow|8\/100\n|-damage|p1b: Chi-Yu|87\/100\n|-unboost|p1a: Murkrow|spa|1\n|-unboost|p1b: Chi-Yu|spa|1\n|\n|upkeep\n|\n|t:|1683144157\n|switch|p2b: Murkrow|Murkrow, L50, M|14\/100\n|turn|8\n|\n|t:|1683144164\n|move|p1a: Murkrow|Protect|p1a: Murkrow\n|-singleturn|p1a: Murkrow|Protect\n|move|p2b: Murkrow|Tailwind|p2b: Murkrow\n|-sidestart|p2: haha you rage quit|move: Tailwind\n|move|p1b: Chi-Yu|Heat Wave|p2b: Murkrow|[spread] p2a,p2b\n|-resisted|p2a: Chi-Yu\n|-damage|p2a: Chi-Yu|49\/100\n|-damage|p2b: Murkrow|0 fnt\n|faint|p2b: Murkrow\n|move|p2a: Chi-Yu|Snarl|p1b: Chi-Yu|[spread] p1b\n|-activate|p1a: Murkrow|move: Protect\n|-resisted|p1b: Chi-Yu\n|-damage|p1b: Chi-Yu|73\/100\n|-unboost|p1b: Chi-Yu|spa|1\n|\n|-sideend|p1: inkylove|move: Tailwind\n|upkeep\n|\n|t:|1683144174\n|switch|p2b: Gholdengo|Gholdengo, L50|70\/100\n|turn|9\n|\n|t:|1683144184\n|move|p1b: Chi-Yu|Protect|p1b: Chi-Yu\n|-singleturn|p1b: Chi-Yu|Protect\n|move|p1a: Murkrow|Tailwind|p1a: Murkrow\n|-sidestart|p1: inkylove|move: Tailwind\n|move|p2a: Chi-Yu|Snarl|p1b: Chi-Yu|[spread] p1a\n|-activate|p1b: Chi-Yu|move: Protect\n|-resisted|p1a: Murkrow\n|-damage|p1a: Murkrow|0 fnt\n|faint|p1a: Murkrow\n|move|p2b: Gholdengo|Power Gem|p1b: Chi-Yu\n|-activate|p1b: Chi-Yu|move: Protect\n|\n|upkeep\n|\n|t:|1683144194\n|switch|p1a: Flutter Mane|Flutter Mane, L50|100\/100\n|turn|10\n|\n|t:|1683144205\n|move|p2b: Gholdengo|Protect|p2b: Gholdengo\n|-singleturn|p2b: Gholdengo|Protect\n|move|p1a: Flutter Mane|Dazzling Gleam|p2a: Chi-Yu|[spread] p2a\n|-activate|p2b: Gholdengo|move: Protect\n|-damage|p2a: Chi-Yu|8\/100\n|move|p1b: Chi-Yu|Overheat|p2b: Gholdengo\n|-activate|p2b: Gholdengo|move: Protect\n|move|p2a: Chi-Yu|Snarl|p1a: Flutter Mane|[spread] p1a,p1b\n|-resisted|p1b: Chi-Yu\n|-damage|p1a: Flutter Mane|66\/100\n|-damage|p1b: Chi-Yu|59\/100\n|-unboost|p1a: Flutter Mane|spa|1\n|-unboost|p1b: Chi-Yu|spa|1\n|\n|upkeep\n|turn|11\n|\n|t:|1683144228\n|move|p1a: Flutter Mane|Dazzling Gleam|p2a: Chi-Yu|[spread] p2a,p2b\n|-resisted|p2b: Gholdengo\n|-damage|p2a: Chi-Yu|0 fnt\n|-damage|p2b: Gholdengo|47\/100\n|faint|p2a: Chi-Yu\n|move|p1b: Chi-Yu|Overheat|p2b: Gholdengo\n|-supereffective|p2b: Gholdengo\n|-damage|p2b: Gholdengo|0 fnt\n|-unboost|p1b: Chi-Yu|spa|2\n|faint|p2b: Gholdengo\n|\n|win|inkylove\n|raw|inkylove's rating: 1164 → 1196<\/strong> (+32 for winning)\n|raw|haha you rage quit's rating: 1263 → 1231<\/strong> (-32 for losing)\n|l|\u2606haha you rage quit\n","uploadtime":1683144247,"views":5,"p1id":"inkylove","p2id":"hahayouragequit","formatid":"gen9vgc2023regulationc","rating":1196,"private":0,"password":""}