{"id":"gen9vgc2023regulationc-1852638814","p1":"SlifVGC","p2":"gEBEMBA","format":"[Gen 9] VGC 2023 Regulation C","log":"|j|\u2606SlifVGC\n|j|\u2606gEBEMBA\n|t:|1682589443\n|gametype|doubles\n|player|p1|SlifVGC|169|\n|player|p2|gEBEMBA|266|\n|teamsize|p1|6\n|teamsize|p2|6\n|gen|9\n|tier|[Gen 9] VGC 2023 Regulation C\n|rule|Species Clause: Limit one of each Pok\u00e9mon\n|rule|Item Clause: Limit one of each item\n|clearpoke\n|poke|p1|Annihilape, L50, M|\n|poke|p1|Chien-Pao, L50|\n|poke|p1|Flutter Mane, L50|\n|poke|p1|Arcanine, L50, M|\n|poke|p1|Palafin, L50, F|\n|poke|p1|Amoonguss, L50, F|\n|poke|p2|Iron Moth, L50|\n|poke|p2|Talonflame, L50, F|\n|poke|p2|Flutter Mane, L50|\n|poke|p2|Gyarados, L50, M|\n|poke|p2|Slaking, L50, F|\n|poke|p2|Ting-Lu, L50|\n|teampreview|4\ngEBEMBA has agreed to open team sheets.\nSlifVGC has agreed to open team sheets.\n|inactive|Battle timer is ON: inactive players will automatically lose when time's up. (requested by gEBEMBA)\n|inactiveoff|Battle timer is now OFF.\n|\n|t:|1682589560\n|start\n|switch|p1a: POLLEN PUFF|Amoonguss, L50, F, shiny|100\/100\n|switch|p1b: Badder Gril|Palafin, L50, F, shiny|100\/100\n|switch|p2a: Flutter Mane|Flutter Mane, L50|100\/100\n|switch|p2b: Iron Moth|Iron Moth, L50|100\/100\n|-enditem|p2b: Iron Moth|Booster Energy\n|-activate|p2b: Iron Moth|ability: Quark Drive|[fromitem]\n|-start|p2b: Iron Moth|quarkdrivespa\n|turn|1\n|\n|t:|1682589590\n|detailschange|p1b: Badder Gril|Palafin-Hero, L50, F, shiny\n|switch|p1b: Goodest Boi|Arcanine, L50, M, shiny|100\/100\n|-ability|p1b: Goodest Boi|Intimidate|boost\n|-unboost|p2a: Flutter Mane|atk|1\n|-unboost|p2b: Iron Moth|atk|1\n|-terastallize|p2b: Iron Moth|Water\n|move|p1a: POLLEN PUFF|Protect|p1a: POLLEN PUFF\n|-singleturn|p1a: POLLEN PUFF|Protect\n|move|p2a: Flutter Mane|Thunderbolt|p1b: Goodest Boi\n|-damage|p1b: Goodest Boi|73\/100\n|move|p2b: Iron Moth|Fiery Dance|p1a: POLLEN PUFF\n|-activate|p1a: POLLEN PUFF|move: Protect\n|\n|upkeep\n|turn|2\n|\n|t:|1682589628\n|move|p2a: Flutter Mane|Shadow Ball|p1b: Goodest Boi\n|-damage|p1b: Goodest Boi|38\/100\n|move|p2b: Iron Moth|Fiery Dance|p1a: POLLEN PUFF\n|-supereffective|p1a: POLLEN PUFF\n|-damage|p1a: POLLEN PUFF|0 fnt\n|-boost|p2b: Iron Moth|spa|1\n|faint|p1a: POLLEN PUFF\n|move|p1b: Goodest Boi|Flare Blitz|p2a: Flutter Mane\n|-enditem|p2a: Flutter Mane|Focus Sash\n|-damage|p2a: Flutter Mane|1\/100\n|-status|p2a: Flutter Mane|brn\n|-damage|p1b: Goodest Boi|16\/100|[from] Recoil\n|\n|-damage|p2a: Flutter Mane|0 fnt|[from] brn\n|faint|p2a: Flutter Mane\n|-end|p2a: Flutter Mane|Protosynthesis|[silent]\n|upkeep\n|\n|t:|1682589648\n|switch|p2a: Slaking|Slaking, L50, F, shiny|100\/100\n|switch|p1a: Badder Gril|Palafin-Hero, L50, F, shiny|100\/100\n|-activate|p1a: Badder Gril|ability: Zero to Hero\n|turn|3\n|\n|t:|1682589673\n|move|p1a: Badder Gril|Protect|p1a: Badder Gril\n|-singleturn|p1a: Badder Gril|Protect\n|move|p2b: Iron Moth|Fiery Dance|p1b: Goodest Boi\n|-resisted|p1b: Goodest Boi\n|-damage|p1b: Goodest Boi|0 fnt\n|-boost|p2b: Iron Moth|spa|1\n|faint|p1b: Goodest Boi\n|move|p2a: Slaking|Giga Impact|p1a: Badder Gril\n|-activate|p1a: Badder Gril|move: Protect\n|\n|upkeep\n|\n|t:|1682589683\n|switch|p1b: Pao-Chien|Chien-Pao, L50|100\/100\n|-ability|p1b: Pao-Chien|Sword of Ruin\n|turn|4\n|\n|t:|1682589716\n|switch|p2a: Ting-Lu|Ting-Lu, L50|100\/100\n|-ability|p2a: Ting-Lu|Vessel of Ruin\n|-terastallize|p1a: Badder Gril|Water\n|move|p1a: Badder Gril|Jet Punch|p2a: Ting-Lu\n|-supereffective|p2a: Ting-Lu\n|-damage|p2a: Ting-Lu|0 fnt\n|faint|p2a: Ting-Lu\n|move|p1b: Pao-Chien|Ice Spinner|p2b: Iron Moth\n|-resisted|p2b: Iron Moth\n|-damage|p2b: Iron Moth|50\/100\n|move|p2b: Iron Moth|Energy Ball|p1a: Badder Gril\n|-supereffective|p1a: Badder Gril\n|-damage|p1a: Badder Gril|0 fnt\n|faint|p1a: Badder Gril\n|\n|upkeep\n|\n|t:|1682589726\n|switch|p2a: Slaking|Slaking, L50, F, shiny|100\/100\n|turn|5\n|\n|t:|1682589740\n|move|p1b: Pao-Chien|Throat Chop|p2b: Iron Moth\n|-damage|p2b: Iron Moth|0 fnt\n|faint|p2b: Iron Moth\n|-end|p2b: Iron Moth|Quark Drive|[silent]\n|move|p2a: Slaking|Giga Impact|p1b: Pao-Chien\n|-enditem|p1b: Pao-Chien|Focus Sash\n|-damage|p1b: Pao-Chien|1\/100\n|-mustrecharge|p2a: Slaking\n|\n|upkeep\n|turn|6\n|\n|t:|1682589753\n|move|p1b: Pao-Chien|Throat Chop|p2a: Slaking\n|-damage|p2a: Slaking|53\/100\n|-start|p2a: Slaking|Throat Chop|[silent]\n|cant|p2a: Slaking|recharge\n|\n|upkeep\n|turn|7\n|\n|t:|1682589766\n|move|p1b: Pao-Chien|Protect|p1b: Pao-Chien\n|-singleturn|p1b: Pao-Chien|Protect\n|move|p2a: Slaking|Giga Impact|p1b: Pao-Chien\n|-activate|p1b: Pao-Chien|move: Protect\n|\n|-end|p2a: Slaking|Throat Chop|[silent]\n|upkeep\n|turn|8\n|\n|t:|1682589771\n|move|p1b: Pao-Chien|Throat Chop|p2a: Slaking\n|-damage|p2a: Slaking|10\/100\n|-start|p2a: Slaking|Throat Chop|[silent]\n|cant|p2a: Slaking|ability: Truant\n|\n|upkeep\n|turn|9\n|-message|gEBEMBA forfeited.\n|\n|win|SlifVGC\n|l|\u2606SlifVGC\n|l|\u2606gEBEMBA\n|j|\u2606SlifVGC\n|player|p1|SlifVGC|169\n","uploadtime":1682590151,"views":5,"p1id":"slifvgc","p2id":"gebemba","formatid":"gen9vgc2023regulationc","rating":0,"private":0,"password":""}