{"id":"gen9vgc2023regulationc-1851877248","p1":"Nth Dimensional","p2":"emaster2048","format":"[Gen 9] VGC 2023 Regulation C","log":"|j|\u2606Nth Dimensional\n|j|\u2606emaster2048\n|t:|1682499281\n|gametype|doubles\n|player|p1|Nth Dimensional|2|1158\n|player|p2|emaster2048|265|1068\n|teamsize|p1|6\n|teamsize|p2|6\n|gen|9\n|tier|[Gen 9] VGC 2023 Regulation C\n|rated|\n|rule|Species Clause: Limit one of each Pok\u00e9mon\n|rule|Item Clause: Limit one of each item\n|clearpoke\n|poke|p1|Iron Bundle, L50|\n|poke|p1|Gastrodon, L50, F|\n|poke|p1|Chien-Pao, L50|\n|poke|p1|Dragapult, L50, M|\n|poke|p1|Pelipper, L50, F|\n|poke|p1|Gholdengo, L50|\n|poke|p2|Dondozo, L50, F|\n|poke|p2|Tatsugiri, L50, M|\n|poke|p2|Sableye, L50, M|\n|poke|p2|Flutter Mane, L50|\n|poke|p2|Flamigo, L50, F|\n|poke|p2|Maushold-Four, L50|\n|teampreview|4\n|inactive|Battle timer is ON: inactive players will automatically lose when time's up. (requested by emaster2048)\n|\n|t:|1682499334\n|start\n|switch|p1a: Pelipper|Pelipper, L50, F|100\/100\n|switch|p1b: Iron Bundle|Iron Bundle, L50|100\/100\n|switch|p2a: Tatsugiri|Tatsugiri, L50, M|100\/100\n|switch|p2b: Flutter Mane|Flutter Mane, L50|100\/100\n|-weather|RainDance|[from] ability: Drizzle|[of] p1a: Pelipper\n|-enditem|p1b: Iron Bundle|Booster Energy\n|-activate|p1b: Iron Bundle|ability: Quark Drive|[fromitem]\n|-start|p1b: Iron Bundle|quarkdrivespe\n|turn|1\n|inactive|Nth Dimensional has 30 seconds left.\n|inactive|emaster2048 has 30 seconds left.\n|inactive|Nth Dimensional has 20 seconds left.\n|inactive|emaster2048 has 20 seconds left.\n|inactive|Nth Dimensional has 15 seconds left.\n|inactive|Nth Dimensional has 10 seconds left.\n|\n|t:|1682499382\n|move|p2a: Tatsugiri|Endure|p2a: Tatsugiri\n|-singleturn|p2a: Tatsugiri|move: Endure\n|move|p1b: Iron Bundle|Icy Wind|p2b: Flutter Mane|[spread] p2a,p2b\n|-damage|p2a: Tatsugiri|80\/100\n|-damage|p2b: Flutter Mane|80\/100\n|-unboost|p2a: Tatsugiri|spe|1\n|-unboost|p2b: Flutter Mane|spe|1\n|move|p2b: Flutter Mane|Shadow Ball|p1a: Pelipper\n|-damage|p1a: Pelipper|39\/100\n|move|p1a: Pelipper|Hurricane|p2b: Flutter Mane\n|-damage|p2b: Flutter Mane|37\/100\n|\n|-weather|RainDance|[upkeep]\n|-status|p2a: Tatsugiri|tox|[from] item: Toxic Orb\n|upkeep\n|turn|2\n|inactive|Nth Dimensional has 30 seconds left.\n|inactive|emaster2048 has 30 seconds left.\n|inactive|Nth Dimensional has 20 seconds left.\n|inactive|emaster2048 has 20 seconds left.\n|\n|t:|1682499419\n|move|p2a: Tatsugiri|Protect||[still]\n|-fail|p2a: Tatsugiri\n|move|p1b: Iron Bundle|Freeze-Dry|p2b: Flutter Mane\n|-damage|p2b: Flutter Mane|0 fnt\n|faint|p2b: Flutter Mane\n|-end|p2b: Flutter Mane|Protosynthesis|[silent]\n|move|p1a: Pelipper|Tailwind|p1a: Pelipper\n|-sidestart|p1: Nth Dimensional|move: Tailwind\n|\n|-weather|RainDance|[upkeep]\n|-damage|p2a: Tatsugiri|74\/100 tox|[from] psn\n|upkeep\n|\n|t:|1682499429\n|switch|p2b: Dondozo|Dondozo, L50, F|100\/100\n|-activate|p2a: Tatsugiri|ability: Commander|[of] p2b: Dondozo\n|-boost|p2b: Dondozo|atk|2\n|-boost|p2b: Dondozo|spa|2\n|-boost|p2b: Dondozo|spe|2\n|-boost|p2b: Dondozo|def|2\n|-boost|p2b: Dondozo|spd|2\n|turn|3\n|inactive|Nth Dimensional has 30 seconds left.\n|inactive|Nth Dimensional has 20 seconds left.\n|inactive|Nth Dimensional has 15 seconds left.\n|\n|t:|1682499470\n|switch|p1a: Gastrodon|Gastrodon, L50, F|100\/100\n|move|p1b: Iron Bundle|Protect|p1b: Iron Bundle\n|-singleturn|p1b: Iron Bundle|Protect\n|move|p2b: Dondozo|Order Up|p1a: Gastrodon\n|-damage|p1a: Gastrodon|62\/100\n|-boost|p2b: Dondozo|atk|1\n|\n|-weather|RainDance|[upkeep]\n|-damage|p2a: Tatsugiri|63\/100 tox|[from] psn\n|upkeep\n|turn|4\n|inactive|emaster2048 has 30 seconds left.\n|\n|t:|1682499500\n|move|p1b: Iron Bundle|Freeze-Dry|p2b: Dondozo\n|-supereffective|p2b: Dondozo\n|-damage|p2b: Dondozo|68\/100\n|move|p1a: Gastrodon|Yawn|p2b: Dondozo\n|-start|p2b: Dondozo|move: Yawn|[of] p1a: Gastrodon\n|move|p2b: Dondozo|Order Up|p1b: Iron Bundle\n|-damage|p1b: Iron Bundle|29\/100\n|-boost|p2b: Dondozo|atk|1\n|\n|-weather|RainDance|[upkeep]\n|-damage|p2a: Tatsugiri|46\/100 tox|[from] psn\n|upkeep\n|turn|5\n|\n|t:|1682499518\n|move|p1b: Iron Bundle|Protect|p1b: Iron Bundle\n|-singleturn|p1b: Iron Bundle|Protect\n|move|p1a: Gastrodon|Recover|p1a: Gastrodon\n|-heal|p1a: Gastrodon|100\/100\n|move|p2b: Dondozo|Order Up|p1a: Gastrodon\n|-damage|p1a: Gastrodon|39\/100\n|-boost|p2b: Dondozo|atk|1\n|\n|-weather|RainDance|[upkeep]\n|-damage|p2a: Tatsugiri|23\/100 tox|[from] psn\n|-end|p2b: Dondozo|move: Yawn|[silent]\n|-status|p2b: Dondozo|slp\n|-sideend|p1: Nth Dimensional|move: Tailwind\n|upkeep\n|turn|6\n|\n|t:|1682499532\n|move|p1b: Iron Bundle|Freeze-Dry|p2b: Dondozo\n|-supereffective|p2b: Dondozo\n|-damage|p2b: Dondozo|34\/100 slp\n|cant|p2b: Dondozo|slp\n|move|p1a: Gastrodon|Recover|p1a: Gastrodon\n|-heal|p1a: Gastrodon|89\/100\n|\n|-weather|RainDance|[upkeep]\n|-damage|p2a: Tatsugiri|0 fnt|[from] psn\n|faint|p2a: Tatsugiri\n|upkeep\n|\n|t:|1682499542\n|switch|p2a: Flamigo|Flamigo, L50, F|100\/100\n|-copyboost|p2a: Flamigo|p2b: Dondozo|[from] ability: Costar\n|turn|7\n|inactive|Nth Dimensional has 30 seconds left.\n|inactive|Nth Dimensional has 20 seconds left.\n|\n|t:|1682499581\n|-terastallize|p1b: Iron Bundle|Ice\n|move|p2a: Flamigo|Close Combat|p1a: Gastrodon\n|-damage|p1a: Gastrodon|0 fnt\n|-unboost|p2a: Flamigo|def|1\n|-unboost|p2a: Flamigo|spd|1\n|faint|p1a: Gastrodon\n|-damage|p2a: Flamigo|91\/100|[from] item: Life Orb\n|move|p1b: Iron Bundle|Icy Wind|p2b: Dondozo|[spread] p2a,p2b\n|-supereffective|p2a: Flamigo\n|-resisted|p2b: Dondozo\n|-damage|p2a: Flamigo|12\/100\n|-damage|p2b: Dondozo|27\/100 slp\n|-unboost|p2a: Flamigo|spe|1\n|-unboost|p2b: Dondozo|spe|1\n|-curestatus|p2b: Dondozo|slp|[msg]\n|move|p2b: Dondozo|Order Up|p1b: Iron Bundle\n|-damage|p1b: Iron Bundle|0 fnt\n|faint|p1b: Iron Bundle\n|-end|p1b: Iron Bundle|Quark Drive|[silent]\n|-boost|p2b: Dondozo|atk|1\n|\n|-weather|RainDance|[upkeep]\n|upkeep\n|\n|t:|1682499599\n|switch|p1b: Gholdengo|Gholdengo, L50|100\/100\n|switch|p1a: Pelipper|Pelipper, L50, F|39\/100\n|turn|8\n|\n|t:|1682499614\n|move|p1a: Pelipper|Protect|p1a: Pelipper\n|-singleturn|p1a: Pelipper|Protect\n|move|p2a: Flamigo|Brave Bird|p1a: Pelipper\n|-activate|p1a: Pelipper|move: Protect\n|move|p1b: Gholdengo|Make It Rain|p2b: Dondozo|[spread] p2a,p2b\n|-resisted|p2b: Dondozo\n|-damage|p2a: Flamigo|0 fnt\n|-damage|p2b: Dondozo|16\/100\n|-unboost|p1b: Gholdengo|spa|1\n|-enditem|p2b: Dondozo|Aguav Berry|[eat]\n|-heal|p2b: Dondozo|49\/100|[from] item: Aguav Berry\n|faint|p2a: Flamigo\n|move|p2b: Dondozo|Wave Crash|p1b: Gholdengo\n|-damage|p1b: Gholdengo|0 fnt\n|faint|p1b: Gholdengo\n|-damage|p2b: Dondozo|25\/100|[from] Recoil\n|\n|-weather|none\n|upkeep\n|turn|9\n|\n|t:|1682499638\n|move|p1a: Pelipper|Hurricane|p2b: Dondozo|[miss]\n|-miss|p1a: Pelipper|p2b: Dondozo\n|move|p2b: Dondozo|Order Up|p1a: Pelipper\n|-damage|p1a: Pelipper|0 fnt\n|faint|p1a: Pelipper\n|\n|win|emaster2048\n|raw|Nth Dimensional's rating: 1158 → 1127<\/strong> (-31 for losing)\n|raw|emaster2048's rating: 1068 → 1105<\/strong> (+37 for winning)\n|c|\u2606emaster2048|gg\n|c|\u2606emaster2048|close match\n|l|\u2606Nth Dimensional\n","uploadtime":1682499666,"views":9,"p1id":"nthdimensional","p2id":"emaster2048","formatid":"gen9vgc2023regulationc","rating":1105,"private":0,"password":""}