{"id":"gen9vgc2023regulationc-1864385514","p1":"bjkvjm","p2":"Merkabah9","format":"[Gen 9] VGC 2023 Regulation C","log":"|j|\u2606bjkvjm\n|j|\u2606Merkabah9\n|t:|1684161845\n|gametype|doubles\n|player|p1|bjkvjm|102|1000\n|player|p2|Merkabah9|101|1053\n|teamsize|p1|6\n|teamsize|p2|6\n|gen|9\n|tier|[Gen 9] VGC 2023 Regulation C\n|rated|\n|rule|Species Clause: Limit one of each Pok\u00e9mon\n|rule|Item Clause: Limit one of each item\n|clearpoke\n|poke|p1|Iron Valiant, L50|\n|poke|p1|Iron Bundle, L50|\n|poke|p1|Chi-Yu, L50|\n|poke|p1|Flutter Mane, L50|\n|poke|p1|Amoonguss, L50, M|\n|poke|p1|Talonflame, L50, M|\n|poke|p2|Iron Hands, L50|\n|poke|p2|Amoonguss, L50, F|\n|poke|p2|Pelipper, L50, F|\n|poke|p2|Palafin, L50, F|\n|poke|p2|Baxcalibur, L50, F|\n|poke|p2|Dragonite, L50, F|\n|teampreview|4\n|\n|t:|1684161892\n|start\n|switch|p1a: Talonflame|Talonflame, L50, M|100\/100\n|switch|p1b: Iron Bundle|Iron Bundle, L50|100\/100\n|switch|p2a: Shrom41Mor|Amoonguss, L50, F|100\/100\n|switch|p2b: Torqoise|Palafin, L50, F|100\/100\n|turn|1\n|inactive|Battle timer is ON: inactive players will automatically lose when time's up. (requested by Merkabah9)\n|\n|t:|1684161916\n|-terastallize|p2b: Torqoise|Water\n|move|p1b: Iron Bundle|Freeze-Dry|p2b: Torqoise\n|-supereffective|p2b: Torqoise\n|-damage|p2b: Torqoise|13\/100\n|move|p1a: Talonflame|Taunt|p2a: Shrom41Mor\n|-start|p2a: Shrom41Mor|move: Taunt\n|move|p2b: Torqoise|Wave Crash|p1a: Talonflame\n|-supereffective|p1a: Talonflame\n|-damage|p1a: Talonflame|0 fnt\n|faint|p1a: Talonflame\n|-damage|p2b: Torqoise|0 fnt|[from] Recoil\n|faint|p2b: Torqoise\n|cant|p2a: Shrom41Mor|move: Taunt|Spore\n|\n|upkeep\n|\n|t:|1684161934\n|switch|p1a: Iron Valiant|Iron Valiant, L50|100\/100\n|switch|p2b: Maradona|Iron Hands, L50, shiny|100\/100\n|turn|2\n|inactive|bjkvjm has 30 seconds left.\n|inactive|Merkabah9 has 30 seconds left.\n|\n|t:|1684161964\n|switch|p2a: BlockBuster|Baxcalibur, L50, F|100\/100\n|move|p1b: Iron Bundle|Freeze-Dry|p2b: Maradona\n|-damage|p2b: Maradona|82\/100\n|move|p1a: Iron Valiant|Moonblast|p2b: Maradona\n|-supereffective|p2b: Maradona\n|-damage|p2b: Maradona|11\/100\n|move|p2b: Maradona|Wild Charge|p1b: Iron Bundle\n|-supereffective|p1b: Iron Bundle\n|-damage|p1b: Iron Bundle|0 fnt\n|faint|p1b: Iron Bundle\n|-end|p1b: Iron Bundle|Quark Drive|[silent]\n|-damage|p2b: Maradona|0 fnt|[from] Recoil\n|faint|p2b: Maradona\n|-end|p2b: Maradona|Quark Drive|[silent]\n|\n|upkeep\n|\n|t:|1684161981\n|switch|p1b: Flutter Mane|Flutter Mane, L50|100\/100\n|switch|p2b: Shrom41Mor|Amoonguss, L50, F|100\/100\n|-enditem|p1b: Flutter Mane|Booster Energy\n|-activate|p1b: Flutter Mane|ability: Protosynthesis|[fromitem]\n|-start|p1b: Flutter Mane|protosynthesisspa\n|turn|3\n|\n|t:|1684162001\n|-terastallize|p1b: Flutter Mane|Fairy\n|move|p2a: BlockBuster|Protect|p2a: BlockBuster\n|-singleturn|p2a: BlockBuster|Protect\n|move|p1a: Iron Valiant|Moonblast|p2a: BlockBuster\n|-activate|p2a: BlockBuster|move: Protect\n|move|p1b: Flutter Mane|Dazzling Gleam|p2b: Shrom41Mor|[spread] p2b\n|-activate|p2a: BlockBuster|move: Protect\n|-resisted|p2b: Shrom41Mor\n|-damage|p2b: Shrom41Mor|83\/100\n|move|p2b: Shrom41Mor|Spore|p1a: Iron Valiant\n|-status|p1a: Iron Valiant|slp|[from] move: Spore\n|\n|upkeep\n|turn|4\n|inactive|Merkabah9 has 30 seconds left.\n|inactive|Merkabah9 has 20 seconds left.\n|inactive|Merkabah9 has 15 seconds left.\n|inactive|Merkabah9 has 10 seconds left.\n|\n|t:|1684162049\n|move|p1b: Flutter Mane|Protect|p1b: Flutter Mane\n|-singleturn|p1b: Flutter Mane|Protect\n|cant|p1a: Iron Valiant|slp\n|move|p2a: BlockBuster|Icicle Crash|p1b: Flutter Mane\n|-activate|p1b: Flutter Mane|move: Protect\n|move|p2b: Shrom41Mor|Pollen Puff|p2a: BlockBuster\n|-immune|p2a: BlockBuster\n|\n|upkeep\n|turn|5\n|\n|t:|1684162072\n|-curestatus|p1a: Iron Valiant|slp|[msg]\n|move|p1a: Iron Valiant|Moonblast|p2a: BlockBuster\n|-supereffective|p2a: BlockBuster\n|-damage|p2a: BlockBuster|0 fnt\n|faint|p2a: BlockBuster\n|move|p1b: Flutter Mane|Shadow Ball|p2b: Shrom41Mor\n|-damage|p2b: Shrom41Mor|44\/100\n|-enditem|p2b: Shrom41Mor|Sitrus Berry|[eat]\n|-heal|p2b: Shrom41Mor|69\/100|[from] item: Sitrus Berry\n|move|p2b: Shrom41Mor|Spore|p1b: Flutter Mane\n|-status|p1b: Flutter Mane|slp|[from] move: Spore\n|\n|upkeep\n|turn|6\n|-message|Merkabah9 forfeited.\n|\n|win|bjkvjm\n|raw|bjkvjm's rating: 1000 → 1046<\/strong> (+46 for winning)\n|raw|Merkabah9's rating: 1053 → 1032<\/strong> (-21 for losing)\n|l|\u2606Merkabah9\n","uploadtime":1684162087,"views":6,"p1id":"bjkvjm","p2id":"merkabah9","formatid":"gen9vgc2023regulationc","rating":1032,"private":0,"password":""}