{"id":"gen9vgc2023regulationc-1850463856","p1":"TGH_sr","p2":"Yoshi Mafia","format":"[Gen 9] VGC 2023 Regulation C","log":"|j|\u2606TGH_sr\n|j|\u2606Yoshi Mafia\n|t:|1682339704\n|gametype|doubles\n|player|p1|TGH_sr|steven|1338\n|player|p2|Yoshi Mafia|169|1262\n|teamsize|p1|6\n|teamsize|p2|6\n|gen|9\n|tier|[Gen 9] VGC 2023 Regulation C\n|rated|\n|rule|Species Clause: Limit one of each Pok\u00e9mon\n|rule|Item Clause: Limit one of each item\n|clearpoke\n|poke|p1|Gyarados, L50, M|\n|poke|p1|Flutter Mane, L50|\n|poke|p1|Garchomp, L50, F|\n|poke|p1|Talonflame, L50, M|\n|poke|p1|Iron Hands, L50|\n|poke|p1|Chien-Pao, L50|\n|poke|p2|Dondozo, L50, M|\n|poke|p2|Tatsugiri-Stretchy, L50, F|\n|poke|p2|Flutter Mane, L50|\n|poke|p2|Amoonguss, L50, M|\n|poke|p2|Chi-Yu, L50|\n|poke|p2|Palafin, L50, M|\n|teampreview|4\nTGH_sr has agreed to open team sheets.\n|\n|t:|1682339740\n|start\n|switch|p1a: Talonflame|Talonflame, L50, M|100\/100\n|switch|p1b: Garchomp|Garchomp, L50, F|100\/100\n|switch|p2a: Chi-Yu|Chi-Yu, L50|100\/100\n|switch|p2b: Palafin|Palafin, L50, M|100\/100\n|-ability|p2a: Chi-Yu|Beads of Ruin\n|turn|1\n|\n|t:|1682339756\n|move|p1a: Talonflame|Tailwind|p1a: Talonflame\n|-sidestart|p1: TGH_sr|move: Tailwind\n|move|p2b: Palafin|Jet Punch|p1a: Talonflame\n|-supereffective|p1a: Talonflame\n|-damage|p1a: Talonflame|24\/100\n|-damage|p2b: Palafin|84\/100|[from] item: Rocky Helmet|[of] p1a: Talonflame\n|move|p1b: Garchomp|Earthquake|p2b: Palafin|[spread] p2a,p2b\n|-immune|p1a: Talonflame\n|-supereffective|p2a: Chi-Yu\n|-damage|p2a: Chi-Yu|0 fnt\n|-damage|p2b: Palafin|11\/100\n|faint|p2a: Chi-Yu\n|\n|upkeep\n|\n|t:|1682339767\n|switch|p2a: Dondozo|Dondozo, L50, M|100\/100\n|turn|2\n|\n|t:|1682339792\n|detailschange|p2b: Palafin|Palafin-Hero, L50, M\n|switch|p2b: Tatsugiri|Tatsugiri-Stretchy, L50, F|100\/100\n|-activate|p2b: Tatsugiri|ability: Commander|[of] p2a: Dondozo\n|-boost|p2a: Dondozo|atk|2\n|-boost|p2a: Dondozo|spa|2\n|-boost|p2a: Dondozo|spe|2\n|-boost|p2a: Dondozo|def|2\n|-boost|p2a: Dondozo|spd|2\n|move|p1a: Talonflame|Will-O-Wisp|p2a: Dondozo\n|-status|p2a: Dondozo|brn\n|move|p1b: Garchomp|Earthquake|p2a: Dondozo|[spread] p2a\n|-miss|p1b: Garchomp|p2b: Tatsugiri\n|-immune|p1a: Talonflame\n|-damage|p2a: Dondozo|80\/100 brn\n|move|p2a: Dondozo|Order Up|p1a: Talonflame\n|-damage|p1a: Talonflame|0 fnt\n|faint|p1a: Talonflame\n|-boost|p2a: Dondozo|spe|1\n|\n|-damage|p2a: Dondozo|74\/100 brn|[from] brn\n|upkeep\n|\n|t:|1682339812\n|switch|p1a: Chien-Pao|Chien-Pao, L50|100\/100\n|-ability|p1a: Chien-Pao|Sword of Ruin\n|turn|3\n|\n|t:|1682339824\n|switch|p1b: Iron Hands|Iron Hands, L50|100\/100\n|move|p1a: Chien-Pao|Haze|p1a: Chien-Pao\n|-clearallboost\n|move|p2a: Dondozo|Earthquake|p1b: Iron Hands|[spread] p1a,p1b\n|-miss|p2a: Dondozo|p2b: Tatsugiri\n|-supereffective|p1b: Iron Hands\n|-damage|p1a: Chien-Pao|86\/100\n|-damage|p1b: Iron Hands|84\/100\n|\n|-damage|p2a: Dondozo|68\/100 brn|[from] brn\n|upkeep\n|turn|4\n|\n|t:|1682339859\n|-terastallize|p1b: Iron Hands|Grass\n|move|p1a: Chien-Pao|Sucker Punch|p2a: Dondozo\n|-damage|p2a: Dondozo|42\/100 brn\n|move|p1b: Iron Hands|Wild Charge|p2a: Dondozo\n|-supereffective|p2a: Dondozo\n|-damage|p2a: Dondozo|0 fnt\n|faint|p2a: Dondozo\n|-damage|p1b: Iron Hands|75\/100|[from] Recoil\n|\n|-sideend|p1: TGH_sr|move: Tailwind\n|upkeep\n|\n|t:|1682339866\n|switch|p2a: Palafin|Palafin-Hero, L50, M|11\/100\n|-activate|p2a: Palafin|ability: Zero to Hero\n|turn|5\n|-message|Yoshi Mafia forfeited.\n|\n|win|TGH_sr\n|raw|TGH_sr's rating: 1338 → 1354<\/strong> (+16 for winning)\n|raw|Yoshi Mafia's rating: 1262 → 1242<\/strong> (-20 for losing)\n|l|\u2606Yoshi Mafia\n","uploadtime":1682339952,"views":29,"p1id":"tghsr","p2id":"yoshimafia","formatid":"gen9vgc2023regulationc","rating":1242,"private":0,"password":""}