{"id":"gen9vgc2023regulationc-1860285083","p1":"MzedVGC","p2":"wallythebandit","format":"[Gen 9] VGC 2023 Regulation C","log":"|j|\u2606MzedVGC\n|j|\u2606wallythebandit\n|t:|1683625722\n|gametype|doubles\n|player|p1|MzedVGC|red|1323\n|player|p2|wallythebandit|170|1409\n|teamsize|p1|6\n|teamsize|p2|6\n|gen|9\n|tier|[Gen 9] VGC 2023 Regulation C\n|rated|\n|rule|Species Clause: Limit one of each Pok\u00e9mon\n|rule|Item Clause: Limit one of each item\n|clearpoke\n|poke|p1|Dondozo, L50, M|\n|poke|p1|Tatsugiri, L50, F|\n|poke|p1|Flutter Mane, L50|\n|poke|p1|Chi-Yu, L50|\n|poke|p1|Iron Hands, L50|\n|poke|p1|Amoonguss, L50, M|\n|poke|p2|Chien-Pao, L50|\n|poke|p2|Dragonite, L50, F|\n|poke|p2|Iron Hands, L50|\n|poke|p2|Glimmora, L50, M|\n|poke|p2|Scream Tail, L50|\n|poke|p2|Volcarona, L50, M|\n|teampreview|4\n|inactive|Battle timer is ON: inactive players will automatically lose when time's up. (requested by MzedVGC)\nwallythebandit has agreed to open team sheets.\n|j| sleemo2\n|l| sleemo2\n|inactive|MzedVGC has 60 seconds left.\n|inactive|wallythebandit has 60 seconds left.\n|inactive|MzedVGC has 30 seconds left.\n|inactive|MzedVGC has 20 seconds left.\n|inactive|MzedVGC has 15 seconds left.\n|\n|t:|1683625799\n|start\n|switch|p1a: Dondozo|Dondozo, L50, M|100\/100\n|switch|p1b: Flutter Mane|Flutter Mane, L50|100\/100\n|switch|p2a: Scream Tail|Scream Tail, L50|100\/100\n|switch|p2b: Iron Hands|Iron Hands, L50|100\/100\n|-enditem|p1b: Flutter Mane|Booster Energy\n|-activate|p1b: Flutter Mane|ability: Protosynthesis|[fromitem]\n|-start|p1b: Flutter Mane|protosynthesisspe\n|-enditem|p2a: Scream Tail|Booster Energy\n|-activate|p2a: Scream Tail|ability: Protosynthesis|[fromitem]\n|-start|p2a: Scream Tail|protosynthesisspe\n|turn|1\n|inactive|wallythebandit has 30 seconds left.\n|\n|t:|1683625828\n|move|p1a: Dondozo|Protect|p1a: Dondozo\n|-singleturn|p1a: Dondozo|Protect\n|move|p1b: Flutter Mane|Shadow Ball|p2a: Scream Tail\n|-supereffective|p2a: Scream Tail\n|-damage|p2a: Scream Tail|35\/100\n|move|p2a: Scream Tail|Howl|p2a: Scream Tail|[spread] p2a,p2b\n|-boost|p2a: Scream Tail|atk|1\n|-boost|p2b: Iron Hands|atk|1\n|move|p2b: Iron Hands|Thunder Punch|p1b: Flutter Mane\n|-damage|p1b: Flutter Mane|0 fnt\n|faint|p1b: Flutter Mane\n|-end|p1b: Flutter Mane|Protosynthesis|[silent]\n|\n|upkeep\n|\n|t:|1683625846\n|switch|p1b: Iron Hands|Iron Hands, L50|100\/100\n|turn|2\n|\n|t:|1683625863\n|move|p1b: Iron Hands|Fake Out|p2b: Iron Hands\n|-crit|p2b: Iron Hands\n|-damage|p2b: Iron Hands|86\/100\n|move|p2a: Scream Tail|Encore|p1a: Dondozo\n|-start|p1a: Dondozo|Encore\n|move|p1a: Dondozo|Protect||[still]\n|-fail|p1a: Dondozo\n|cant|p2b: Iron Hands|flinch\n|\n|upkeep\n|turn|3\n|inactive|wallythebandit has 30 seconds left.\n|\n|t:|1683625897\n|switch|p1a: Tatsugiri|Tatsugiri, L50, F|100\/100\n|move|p2a: Scream Tail|Play Rough|p1b: Iron Hands\n|-supereffective|p1b: Iron Hands\n|-damage|p1b: Iron Hands|52\/100\n|-unboost|p1b: Iron Hands|atk|1\n|move|p2b: Iron Hands|Drain Punch|p1b: Iron Hands\n|-damage|p1b: Iron Hands|10\/100\n|-heal|p2b: Iron Hands|100\/100|[from] drain|[of] p1b: Iron Hands\n|move|p1b: Iron Hands|Heavy Slam|p2a: Scream Tail\n|-supereffective|p2a: Scream Tail\n|-damage|p2a: Scream Tail|0 fnt\n|faint|p2a: Scream Tail\n|-end|p2a: Scream Tail|Protosynthesis|[silent]\n|\n|upkeep\n|inactive|wallythebandit has 30 seconds left.\n|inactive|wallythebandit has 20 seconds left.\n|\n|t:|1683625933\n|switch|p2a: Dragonite|Dragonite, L50, F|100\/100\n|turn|4\n|inactive|MzedVGC has 30 seconds left.\n|\n|t:|1683625964\n|-end|p1b: Iron Hands|Quark Drive|[silent]\n|switch|p1b: Dondozo|Dondozo, L50, M|100\/100\n|-activate|p1a: Tatsugiri|ability: Commander|[of] p1b: Dondozo\n|-boost|p1b: Dondozo|atk|2\n|-boost|p1b: Dondozo|spa|2\n|-boost|p1b: Dondozo|spe|2\n|-boost|p1b: Dondozo|def|2\n|-boost|p1b: Dondozo|spd|2\n|move|p2a: Dragonite|Outrage|p1b: Dondozo\n|-damage|p1b: Dondozo|60\/100\n|move|p2b: Iron Hands|Earthquake|p1a: Tatsugiri|[spread] p1b\n|-miss|p2b: Iron Hands|p1a: Tatsugiri\n|-immune|p2a: Dragonite\n|-damage|p1b: Dondozo|44\/100\n|\n|upkeep\n|turn|5\n|\n|t:|1683625984\n|-terastallize|p1b: Dondozo|Grass\n|move|p1b: Dondozo|Order Up|p2a: Dragonite\n|-supereffective|p2a: Dragonite\n|-damage|p2a: Dragonite|44\/100\n|-boost|p1b: Dondozo|atk|1\n|-damage|p1b: Dondozo|34\/100|[from] item: Life Orb\n|move|p2a: Dragonite|Outrage|p1b: Dondozo|[from]lockedmove\n|-damage|p1b: Dondozo|0 fnt\n|faint|p1b: Dondozo\n|-start|p2a: Dragonite|confusion|[fatigue]\n|move|p2b: Iron Hands|Thunder Punch|p1a: Tatsugiri\n|-damage|p1a: Tatsugiri|0 fnt\n|faint|p1a: Tatsugiri\n|\n|upkeep\n|\n|t:|1683626000\n|switch|p1b: Iron Hands|Iron Hands, L50|10\/100\n|turn|6\n|\n|t:|1683626006\n|move|p1b: Iron Hands|Fake Out|p2b: Iron Hands\n|-damage|p2b: Iron Hands|91\/100\n|-activate|p2a: Dragonite|confusion\n|move|p2a: Dragonite|Outrage|p1b: Iron Hands\n|-damage|p1b: Iron Hands|0 fnt\n|faint|p1b: Iron Hands\n|-end|p1b: Iron Hands|Quark Drive|[silent]\n|\n|win|wallythebandit\n|raw|MzedVGC's rating: 1323 → 1308<\/strong> (-15 for losing)\n|raw|wallythebandit's rating: 1409 → 1424<\/strong> (+15 for winning)\n|c|\u2606wallythebandit|gg\n|l|\u2606MzedVGC\n","uploadtime":1683626018,"views":7,"p1id":"mzedvgc","p2id":"wallythebandit","formatid":"gen9vgc2023regulationc","rating":1308,"private":0,"password":""}