{"id":"gen9vgc2023regulationc-1861931789","p1":"letshecook","p2":"revocolombia","format":"[Gen 9] VGC 2023 Regulation C","log":"|j|\u2606letshecook\n|j|\u2606revocolombia\n|t:|1683821852\n|gametype|doubles\n|player|p1|letshecook|maid|1246\n|player|p2|revocolombia|pokemonranger-gen4|1319\n|teamsize|p1|6\n|teamsize|p2|6\n|gen|9\n|tier|[Gen 9] VGC 2023 Regulation C\n|rated|\n|rule|Species Clause: Limit one of each Pok\u00e9mon\n|rule|Item Clause: Limit one of each item\n|clearpoke\n|poke|p1|Torkoal, L50, F|\n|poke|p1|Jumpluff, L50, F|\n|poke|p1|Great Tusk, L50|\n|poke|p1|Kingambit, L50, F|\n|poke|p1|Flutter Mane, L50|\n|poke|p1|Chien-Pao, L50|\n|poke|p2|Flutter Mane, L50|\n|poke|p2|Great Tusk, L50|\n|poke|p2|Gholdengo, L50|\n|poke|p2|Chien-Pao, L50|\n|poke|p2|Murkrow, L50, F|\n|poke|p2|Annihilape, L50, M|\n|teampreview|4\n|inactive|Battle timer is ON: inactive players will automatically lose when time's up. (requested by letshecook)\n|inactive|letshecook has 60 seconds left.\n|inactive|letshecook has 30 seconds left.\n|\n|t:|1683821916\n|start\n|switch|p1a: Torkoal|Torkoal, L50, F|100\/100\n|switch|p1b: Jumpluff|Jumpluff, L50, F|100\/100\n|switch|p2a: Great Tusk|Great Tusk, L50|100\/100\n|switch|p2b: Murkrow|Murkrow, L50, F|100\/100\n|-weather|SunnyDay|[from] ability: Drought|[of] p1a: Torkoal\n|-activate|p2a: Great Tusk|ability: Protosynthesis\n|-start|p2a: Great Tusk|protosynthesisatk\n|turn|1\n|inactive|letshecook has 30 seconds left.\n|\n|t:|1683821947\n|-terastallize|p2a: Great Tusk|Fire\n|-terastallize|p1a: Torkoal|Flying\n|move|p2b: Murkrow|Taunt|p1b: Jumpluff\n|-start|p1b: Jumpluff|move: Taunt\n|cant|p1b: Jumpluff|move: Taunt|Tailwind\n|move|p2a: Great Tusk|Rock Slide|p1a: Torkoal|[spread] p1a\n|-miss|p2a: Great Tusk|p1b: Jumpluff\n|-supereffective|p1a: Torkoal\n|-damage|p1a: Torkoal|60\/100\n|move|p1a: Torkoal|Overheat|p2a: Great Tusk\n|-resisted|p2a: Great Tusk\n|-damage|p2a: Great Tusk|61\/100\n|-unboost|p1a: Torkoal|spa|2\n|-enditem|p1a: Torkoal|Eject Pack\n|\n|t:|1683821968\n|switch|p1a: Great Tusk|Great Tusk, L50|100\/100\n|-activate|p1a: Great Tusk|ability: Protosynthesis\n|-start|p1a: Great Tusk|protosynthesisatk\n|\n|-weather|SunnyDay|[upkeep]\n|upkeep\n|turn|2\n|\n|t:|1683821982\n|move|p2b: Murkrow|Tailwind|p2b: Murkrow\n|-sidestart|p2: revocolombia|move: Tailwind\n|move|p1b: Jumpluff|Leaf Storm|p2b: Murkrow\n|-resisted|p2b: Murkrow\n|-damage|p2b: Murkrow|86\/100\n|-unboost|p1b: Jumpluff|spa|2\n|move|p2a: Great Tusk|Rock Slide|p1a: Great Tusk|[spread] p1a,p1b\n|-resisted|p1a: Great Tusk\n|-supereffective|p1b: Jumpluff\n|-damage|p1a: Great Tusk|96\/100\n|-damage|p1b: Jumpluff|34\/100\n|cant|p1a: Great Tusk|flinch\n|\n|-weather|SunnyDay|[upkeep]\n|upkeep\n|turn|3\n|\n|t:|1683822007\n|switch|p1b: Torkoal|Torkoal, L50, F, tera:Flying|60\/100\n|switch|p2b: Annihilape|Annihilape, L50, M|100\/100\n|move|p2a: Great Tusk|Rock Slide|p1b: Torkoal|[spread] p1a,p1b\n|-resisted|p1a: Great Tusk\n|-supereffective|p1b: Torkoal\n|-damage|p1a: Great Tusk|90\/100\n|-damage|p1b: Torkoal|17\/100\n|move|p1a: Great Tusk|Rock Slide|p2a: Great Tusk|[spread] p2a,p2b\n|-supereffective|p2a: Great Tusk\n|-resisted|p2b: Annihilape\n|-damage|p2a: Great Tusk|28\/100\n|-damage|p2b: Annihilape|86\/100\n|\n|-weather|SunnyDay|[upkeep]\n|-heal|p2b: Annihilape|92\/100|[from] item: Leftovers\n|upkeep\n|turn|4\n|inactive|revocolombia has 30 seconds left.\n|inactive|revocolombia has 20 seconds left.\n|\n|t:|1683822044\n|move|p2b: Annihilape|Bulk Up|p2b: Annihilape\n|-boost|p2b: Annihilape|atk|1\n|-boost|p2b: Annihilape|def|1\n|move|p2a: Great Tusk|Rock Slide|p1b: Torkoal|[spread] p1a,p1b\n|-resisted|p1a: Great Tusk\n|-supereffective|p1b: Torkoal\n|-damage|p1a: Great Tusk|86\/100\n|-damage|p1b: Torkoal|0 fnt\n|faint|p1b: Torkoal\n|move|p1a: Great Tusk|Rock Slide|p2b: Annihilape|[spread] p2a,p2b\n|-supereffective|p2a: Great Tusk\n|-resisted|p2b: Annihilape\n|-damage|p2a: Great Tusk|0 fnt\n|-damage|p2b: Annihilape|83\/100\n|faint|p2a: Great Tusk\n|-end|p2a: Great Tusk|Protosynthesis|[silent]\n|\n|-weather|SunnyDay|[upkeep]\n|-heal|p2b: Annihilape|90\/100|[from] item: Leftovers\n|upkeep\n|inactive|revocolombia has 30 seconds left.\n|\n|t:|1683822070\n|switch|p2a: Chien-Pao|Chien-Pao, L50|100\/100\n|switch|p1b: Jumpluff|Jumpluff, L50, F|34\/100\n|-ability|p2a: Chien-Pao|Sword of Ruin\n|turn|5\n|\n|t:|1683822084\n|move|p2a: Chien-Pao|Ice Shard|p1b: Jumpluff\n|-supereffective|p1b: Jumpluff\n|-damage|p1b: Jumpluff|0 fnt\n|faint|p1b: Jumpluff\n|move|p2b: Annihilape|Rage Fist|p1a: Great Tusk\n|-damage|p1a: Great Tusk|0 fnt\n|faint|p1a: Great Tusk\n|-end|p1a: Great Tusk|Protosynthesis|[silent]\n|\n|-weather|none\n|-heal|p2b: Annihilape|96\/100|[from] item: Leftovers\n|-sideend|p2: revocolombia|move: Tailwind\n|upkeep\n|\n|t:|1683822093\n|switch|p1b: Flutter Mane|Flutter Mane, L50|100\/100\n|turn|6\n|\n|t:|1683822105\n|move|p2a: Chien-Pao|Sucker Punch|p1b: Flutter Mane\n|-damage|p1b: Flutter Mane|17\/100\n|move|p1b: Flutter Mane|Dazzling Gleam|p2a: Chien-Pao|[spread] p2a,p2b\n|-supereffective|p2a: Chien-Pao\n|-supereffective|p2b: Annihilape\n|-enditem|p2a: Chien-Pao|Focus Sash\n|-damage|p2a: Chien-Pao|1\/100\n|-damage|p2b: Annihilape|8\/100\n|move|p2b: Annihilape|Rage Fist|p1b: Flutter Mane\n|-supereffective|p1b: Flutter Mane\n|-damage|p1b: Flutter Mane|0 fnt\n|faint|p1b: Flutter Mane\n|-end|p1b: Flutter Mane|Protosynthesis|[silent]\n|\n|win|revocolombia\n|raw|letshecook's rating: 1246 → 1226<\/strong> (-20 for losing)\n|raw|revocolombia's rating: 1319 → 1335<\/strong> (+16 for winning)\n|l|\u2606letshecook\n","uploadtime":1683822119,"views":10,"p1id":"letshecook","p2id":"revocolombia","formatid":"gen9vgc2023regulationc","rating":1226,"private":0,"password":""}