{"id":"gen9vgc2023regulationc-1857047257","p1":"Meme4thewin","p2":"speedracer1","format":"[Gen 9] VGC 2023 Regulation C","log":"|j|\u2606Meme4thewin\n|j|\u2606speedracer1\n|t:|1683140519\n|gametype|doubles\n|player|p1|Meme4thewin|youngster-gen4dp|1347\n|player|p2|speedracer1|170|1364\n|teamsize|p1|6\n|teamsize|p2|6\n|gen|9\n|tier|[Gen 9] VGC 2023 Regulation C\n|rated|\n|rule|Species Clause: Limit one of each Pok\u00e9mon\n|rule|Item Clause: Limit one of each item\n|clearpoke\n|poke|p1|Flutter Mane, L50|\n|poke|p1|Arcanine, L50, M|\n|poke|p1|Palafin, L50, F|\n|poke|p1|Amoonguss, L50, M|\n|poke|p1|Roaring Moon, L50|\n|poke|p1|Ting-Lu, L50|\n|poke|p2|Flutter Mane, L50|\n|poke|p2|Scream Tail, L50|\n|poke|p2|Gothitelle, L50, M|\n|poke|p2|Ting-Lu, L50|\n|poke|p2|Wo-Chien, L50|\n|poke|p2|Dragapult, L50, M|\n|teampreview|4\n|j| EV4Ever\n|\n|t:|1683140610\n|start\n|switch|p1a: Flutter Mane|Flutter Mane, L50|100\/100\n|switch|p1b: Amoonguss|Amoonguss, L50, M|100\/100\n|switch|p2a: Scream Tail|Scream Tail, L50|100\/100\n|switch|p2b: Gothitelle|Gothitelle, L50, M|100\/100\n|-enditem|p2a: Scream Tail|Booster Energy\n|-activate|p2a: Scream Tail|ability: Protosynthesis|[fromitem]\n|-start|p2a: Scream Tail|protosynthesisspe\n|turn|1\n|inactive|Battle timer is ON: inactive players will automatically lose when time's up. (requested by Meme4thewin)\n|inactive|speedracer1 has 60 seconds left.\n|\n|t:|1683140655\n|move|p2a: Scream Tail|Protect|p2a: Scream Tail\n|-singleturn|p2a: Scream Tail|Protect\n|move|p2b: Gothitelle|Protect|p2b: Gothitelle\n|-singleturn|p2b: Gothitelle|Protect\n|move|p1a: Flutter Mane|Shadow Ball|p2b: Gothitelle\n|-activate|p2b: Gothitelle|move: Protect\n|move|p1b: Amoonguss|Spore|p2a: Scream Tail\n|-activate|p2a: Scream Tail|move: Protect\n|\n|upkeep\n|turn|2\n|inactive|speedracer1 has 30 seconds left.\n|inactive|speedracer1 has 20 seconds left.\n|inactive|speedracer1 has 15 seconds left.\n|inactive|speedracer1 has 10 seconds left.\n|\n|t:|1683140702\n|switch|p2b: Wo-Chien|Wo-Chien, L50|100\/100\n|-ability|p2b: Wo-Chien|Tablets of Ruin\n|move|p2a: Scream Tail|Disable|p1b: Amoonguss\n|-start|p1b: Amoonguss|Disable|Spore\n|move|p1a: Flutter Mane|Shadow Ball|p2a: Scream Tail\n|-supereffective|p2a: Scream Tail\n|-damage|p2a: Scream Tail|15\/100\n|cant|p1b: Amoonguss|Disable|Spore\n|\n|upkeep\n|turn|3\n|inactive|Meme4thewin has 30 seconds left.\n|inactive|speedracer1 has 30 seconds left.\n|inactive|Meme4thewin has 20 seconds left.\n|inactive|speedracer1 has 20 seconds left.\n|inactive|Meme4thewin has 15 seconds left.\n|inactive|speedracer1 has 15 seconds left.\n|inactive|Meme4thewin has 10 seconds left.\n|inactive|speedracer1 has 10 seconds left.\n|inactive|Meme4thewin has 5 seconds left.\n|inactive|speedracer1 has 5 seconds left.\n|\n|t:|1683140754\n|move|p1b: Amoonguss|Rage Powder|p1b: Amoonguss\n|-singleturn|p1b: Amoonguss|move: Rage Powder\n|move|p2a: Scream Tail|Disable||[still]\n|-fail|p2a: Scream Tail\n|move|p1a: Flutter Mane|Shadow Ball|p2a: Scream Tail\n|-supereffective|p2a: Scream Tail\n|-damage|p2a: Scream Tail|0 fnt\n|faint|p2a: Scream Tail\n|-end|p2a: Scream Tail|Protosynthesis|[silent]\n|move|p2b: Wo-Chien|Pollen Puff|p2: Scream Tail|[notarget]\n|-fail|p2b: Wo-Chien\n|\n|upkeep\n|inactive|speedracer1 has 30 seconds left.\n|inactive|speedracer1 has 20 seconds left.\n|inactive|speedracer1 has 15 seconds left.\n|inactive|speedracer1 has 10 seconds left.\n|\n|t:|1683140804\n|switch|p2a: Flutter Mane|Flutter Mane, L50|100\/100\n|turn|4\n|inactive|speedracer1 has 30 seconds left.\n|\n|t:|1683140835\n|move|p2a: Flutter Mane|Shadow Ball|p1a: Flutter Mane\n|-supereffective|p1a: Flutter Mane\n|-damage|p1a: Flutter Mane|21\/100\n|move|p1a: Flutter Mane|Shadow Ball|p2a: Flutter Mane\n|-supereffective|p2a: Flutter Mane\n|-enditem|p2a: Flutter Mane|Focus Sash\n|-damage|p2a: Flutter Mane|1\/100\n|move|p2b: Wo-Chien|Foul Play|p1a: Flutter Mane\n|-damage|p1a: Flutter Mane|0 fnt\n|faint|p1a: Flutter Mane\n|-end|p1a: Flutter Mane|Protosynthesis|[silent]\n|move|p1b: Amoonguss|Pollen Puff|p1: Flutter Mane|[notarget]\n|-fail|p1b: Amoonguss\n|\n|upkeep\n|inactive|Meme4thewin has 30 seconds left.\n|inactive|Meme4thewin has 20 seconds left.\n|inactive|Meme4thewin has 15 seconds left.\n|\n|t:|1683140877\n|switch|p1a: Roaring Moon|Roaring Moon, L50|100\/100\n|-enditem|p1a: Roaring Moon|Booster Energy\n|-activate|p1a: Roaring Moon|ability: Protosynthesis|[fromitem]\n|-start|p1a: Roaring Moon|protosynthesisatk\n|turn|5\n|\n|t:|1683140891\n|switch|p2b: Gothitelle|Gothitelle, L50, M|100\/100\n|-terastallize|p1a: Roaring Moon|Flying\n|move|p1b: Amoonguss|Rage Powder|p1b: Amoonguss\n|-singleturn|p1b: Amoonguss|move: Rage Powder\n|move|p2a: Flutter Mane|Perish Song|p2a: Flutter Mane\n|-start|p1a: Roaring Moon|perish3|[silent]\n|-start|p1b: Amoonguss|perish3|[silent]\n|-start|p2a: Flutter Mane|perish3|[silent]\n|-start|p2b: Gothitelle|perish3|[silent]\n|-fieldactivate|move: Perish Song\n|move|p1a: Roaring Moon|Dragon Dance|p1a: Roaring Moon\n|-boost|p1a: Roaring Moon|atk|1\n|-boost|p1a: Roaring Moon|spe|1\n|\n|-end|p1b: Amoonguss|Disable\n|-start|p1a: Roaring Moon|perish3\n|-start|p2a: Flutter Mane|perish3\n|-start|p2b: Gothitelle|perish3\n|-start|p1b: Amoonguss|perish3\n|upkeep\n|turn|6\n|inactive|speedracer1 has 30 seconds left.\n|inactive|speedracer1 has 20 seconds left.\n|inactive|speedracer1 has 15 seconds left.\n|inactive|speedracer1 has 10 seconds left.\n|inactive|speedracer1 has 5 seconds left.\n|\n|t:|1683140943\n|move|p1a: Roaring Moon|Protect|p1a: Roaring Moon\n|-singleturn|p1a: Roaring Moon|Protect\n|move|p2a: Flutter Mane|Protect|p2a: Flutter Mane\n|-singleturn|p2a: Flutter Mane|Protect\n|move|p2b: Gothitelle|Fake Out|p1a: Roaring Moon\n|-activate|p1a: Roaring Moon|move: Protect\n|move|p1b: Amoonguss|Spore|p2b: Gothitelle\n|-status|p2b: Gothitelle|slp|[from] move: Spore\n|\n|-start|p1a: Roaring Moon|perish2\n|-start|p2a: Flutter Mane|perish2\n|-start|p2b: Gothitelle|perish2\n|-start|p1b: Amoonguss|perish2\n|upkeep\n|turn|7\n|inactive|Meme4thewin has 30 seconds left.\n|inactive|speedracer1 has 30 seconds left.\n|\n|t:|1683140978\n|-end|p2a: Flutter Mane|Protosynthesis|[silent]\n|switch|p2a: Wo-Chien|Wo-Chien, L50|100\/100\n|-ability|p2a: Wo-Chien|Tablets of Ruin\n|cant|p2b: Gothitelle|slp\n|move|p1b: Amoonguss|Rage Powder|p1b: Amoonguss\n|-singleturn|p1b: Amoonguss|move: Rage Powder\n|move|p1a: Roaring Moon|Throat Chop|p2b: Gothitelle\n|-supereffective|p2b: Gothitelle\n|-damage|p2b: Gothitelle|0 fnt\n|faint|p2b: Gothitelle\n|\n|-start|p1a: Roaring Moon|perish1\n|-start|p1b: Amoonguss|perish1\n|upkeep\n|\n|t:|1683141000\n|switch|p2b: Flutter Mane|Flutter Mane, L50|1\/100\n|turn|8\n|inactive|Meme4thewin has 30 seconds left.\n|inactive|speedracer1 has 30 seconds left.\n|inactive|Meme4thewin has 20 seconds left.\n|inactive|speedracer1 has 20 seconds left.\n|\n|t:|1683141038\n|-end|p1a: Roaring Moon|Protosynthesis|[silent]\n|switch|p1a: Arcanine|Arcanine, L50, M|100\/100\n|-ability|p1a: Arcanine|Intimidate|boost\n|-unboost|p2a: Wo-Chien|atk|1\n|-unboost|p2b: Flutter Mane|atk|1\n|move|p2b: Flutter Mane|Dazzling Gleam|p1b: Amoonguss|[spread] p1a,p1b\n|-resisted|p1a: Arcanine\n|-resisted|p1b: Amoonguss\n|-damage|p1a: Arcanine|84\/100\n|-damage|p1b: Amoonguss|88\/100\n|move|p2a: Wo-Chien|Pollen Puff|p2b: Flutter Mane\n|-heal|p2b: Flutter Mane|51\/100\n|move|p1b: Amoonguss|Pollen Puff|p2b: Flutter Mane\n|-resisted|p2b: Flutter Mane\n|-damage|p2b: Flutter Mane|47\/100\n|\n|-start|p1b: Amoonguss|perish0\n|upkeep\n|faint|p1b: Amoonguss\n|\n|t:|1683141056\n|switch|p1b: Roaring Moon|Roaring Moon, L50, tera:Flying|100\/100\n|turn|9\n|inactive|speedracer1 has 30 seconds left.\n|inactive|speedracer1 has 20 seconds left.\n|inactive|speedracer1 has 15 seconds left.\n|inactive|speedracer1 has 10 seconds left.\n|\n|t:|1683141102\n|-terastallize|p2a: Wo-Chien|Poison\n|move|p1b: Roaring Moon|Protect|p1b: Roaring Moon\n|-singleturn|p1b: Roaring Moon|Protect\n|move|p2b: Flutter Mane|Dazzling Gleam|p1a: Arcanine|[spread] p1a\n|-activate|p1b: Roaring Moon|move: Protect\n|-resisted|p1a: Arcanine\n|-damage|p1a: Arcanine|65\/100\n|move|p1a: Arcanine|Flare Blitz|p2b: Flutter Mane\n|-damage|p2b: Flutter Mane|0 fnt\n|faint|p2b: Flutter Mane\n|-end|p2b: Flutter Mane|Protosynthesis|[silent]\n|-damage|p1a: Arcanine|55\/100|[from] Recoil\n|move|p2a: Wo-Chien|Leech Seed|p1a: Arcanine\n|-start|p1a: Arcanine|move: Leech Seed\n|\n|-damage|p1a: Arcanine|43\/100|[from] Leech Seed|[of] p2a: Wo-Chien\n|upkeep\n|turn|10\n|inactive|speedracer1 has 30 seconds left.\n|\n|t:|1683141131\n|move|p1b: Roaring Moon|Dragon Dance|p1b: Roaring Moon\n|-boost|p1b: Roaring Moon|atk|1\n|-boost|p1b: Roaring Moon|spe|1\n|move|p1a: Arcanine|Flare Blitz|p2a: Wo-Chien\n|-damage|p2a: Wo-Chien|71\/100\n|-damage|p1a: Arcanine|33\/100|[from] Recoil\n|move|p2a: Wo-Chien|Leech Seed|p1b: Roaring Moon\n|-start|p1b: Roaring Moon|move: Leech Seed\n|\n|-heal|p2a: Wo-Chien|76\/100|[from] item: Leftovers\n|-damage|p1b: Roaring Moon|88\/100|[from] Leech Seed|[of] p2a: Wo-Chien\n|-heal|p2a: Wo-Chien|90\/100|[silent]\n|-damage|p1a: Arcanine|20\/100|[from] Leech Seed|[of] p2a: Wo-Chien\n|-heal|p2a: Wo-Chien|100\/100|[silent]\n|upkeep\n|turn|11\n|inactive|speedracer1 has 30 seconds left.\n|inactive|speedracer1 has 20 seconds left.\n|\n|t:|1683141153\n|move|p1b: Roaring Moon|Acrobatics|p2a: Wo-Chien\n|-damage|p2a: Wo-Chien|53\/100\n|move|p1a: Arcanine|Flare Blitz|p2a: Wo-Chien\n|-damage|p2a: Wo-Chien|26\/100\n|-damage|p1a: Arcanine|12\/100|[from] Recoil\n|move|p2a: Wo-Chien|Foul Play|p1b: Roaring Moon\n|-damage|p1b: Roaring Moon|0 fnt\n|faint|p1b: Roaring Moon\n|-end|p1b: Roaring Moon|Protosynthesis|[silent]\n|\n|-heal|p2a: Wo-Chien|31\/100|[from] item: Leftovers\n|-damage|p1a: Arcanine|0 fnt|[from] Leech Seed|[of] p2a: Wo-Chien\n|-heal|p2a: Wo-Chien|43\/100|[silent]\n|faint|p1a: Arcanine\n|\n|win|speedracer1\n|upkeep\n|inactive|speedracer1 has 20 seconds left this turn.\n|raw|Meme4thewin's rating: 1347 → 1328<\/strong> (-19 for losing)\n|raw|speedracer1's rating: 1364 → 1383<\/strong> (+19 for winning)\n|l|\u2606Meme4thewin\n","uploadtime":1683141246,"views":12,"p1id":"meme4thewin","p2id":"speedracer1","formatid":"gen9vgc2023regulationc","rating":1328,"private":0,"password":""}