{"id":"gen9vgc2023regulationc-1863747667","p1":"rt5gh","p2":"Andrey.iam7","format":"[Gen 9] VGC 2023 Regulation C","log":"|j|\u2606rt5gh\n|j|\u2606Andrey.iam7\n|t:|1684071393\n|gametype|doubles\n|player|p1|rt5gh|170|1116\n|player|p2|Andrey.iam7|koga|1229\n|teamsize|p1|6\n|teamsize|p2|6\n|gen|9\n|tier|[Gen 9] VGC 2023 Regulation C\n|rated|\n|rule|Species Clause: Limit one of each Pok\u00e9mon\n|rule|Item Clause: Limit one of each item\n|clearpoke\n|poke|p1|Palafin, L50, F|\n|poke|p1|Chi-Yu, L50|\n|poke|p1|Flutter Mane, L50|\n|poke|p1|Iron Valiant, L50|\n|poke|p1|Amoonguss, L50, F|\n|poke|p1|Talonflame, L50, F|\n|poke|p2|Breloom, L50, F|\n|poke|p2|Quaquaval, L50, M|\n|poke|p2|Flamigo, L50, F|\n|poke|p2|Tauros-Paldea-Blaze, L50, M|\n|poke|p2|Annihilape, L50, F|\n|poke|p2|Slither Wing, L50|\n|teampreview|4\n|inactive|Battle timer is ON: inactive players will automatically lose when time's up. (requested by Andrey.iam7)\nrt5gh has agreed to open team sheets.\n|inactive|Andrey.iam7 has 60 seconds left.\n|\n|t:|1684071430\n|start\n|switch|p1a: Talonflame|Talonflame, L50, F|100\/100\n|switch|p1b: Iron Valiant|Iron Valiant, L50|100\/100\n|switch|p2a: Flamigo|Flamigo, L50, F|100\/100\n|switch|p2b: Quaquaval|Quaquaval, L50, M|100\/100\n|-copyboost|p2a: Flamigo|p2b: Quaquaval|[from] ability: Costar\n|turn|1\n|\n|t:|1684071448\n|-terastallize|p1b: Iron Valiant|Fairy\n|move|p1a: Talonflame|Tailwind|p1a: Talonflame\n|-sidestart|p1: rt5gh|move: Tailwind\n|move|p1b: Iron Valiant|Dazzling Gleam|p2b: Quaquaval|[spread] p2a,p2b\n|-supereffective|p2a: Flamigo\n|-supereffective|p2b: Quaquaval\n|-enditem|p2a: Flamigo|Focus Sash\n|-damage|p2a: Flamigo|1\/100\n|-damage|p2b: Quaquaval|0 fnt\n|faint|p2b: Quaquaval\n|move|p2a: Flamigo|Tailwind|p2a: Flamigo\n|-sidestart|p2: Andrey.iam7|move: Tailwind\n|\n|upkeep\n|\n|t:|1684071463\n|switch|p2b: Tauros|Tauros-Paldea-Blaze, L50, M|100\/100\n|-ability|p2b: Tauros|Intimidate|boost\n|-unboost|p1a: Talonflame|atk|1\n|-unboost|p1b: Iron Valiant|atk|1\n|turn|2\n|\n|t:|1684071491\n|move|p2a: Flamigo|Wide Guard|p2a: Flamigo\n|-singleturn|p2a: Flamigo|Wide Guard\n|move|p1a: Talonflame|Brave Bird|p2b: Tauros\n|-supereffective|p2b: Tauros\n|-damage|p2b: Tauros|48\/100\n|-damage|p1a: Talonflame|83\/100|[from] Recoil\n|move|p1b: Iron Valiant|Dazzling Gleam|p2a: Flamigo|[spread] \n|-activate|p2a: Flamigo|move: Wide Guard\n|-activate|p2b: Tauros|move: Wide Guard\n|move|p2b: Tauros|Iron Head|p1b: Iron Valiant\n|-supereffective|p1b: Iron Valiant\n|-damage|p1b: Iron Valiant|1\/100\n|\n|upkeep\n|turn|3\n|\n|t:|1684071512\n|-end|p1b: Iron Valiant|Quark Drive|[silent]\n|switch|p1b: Chi-Yu|Chi-Yu, L50|100\/100\n|-ability|p1b: Chi-Yu|Beads of Ruin\n|move|p1a: Talonflame|Brave Bird|p2a: Flamigo\n|-supereffective|p2a: Flamigo\n|-damage|p2a: Flamigo|0 fnt\n|faint|p2a: Flamigo\n|-damage|p1a: Talonflame|83\/100|[from] Recoil\n|move|p2b: Tauros|Iron Head|p1a: Talonflame\n|-resisted|p1a: Talonflame\n|-damage|p1a: Talonflame|59\/100\n|\n|upkeep\n|\n|t:|1684071526\n|switch|p2a: Breloom|Breloom, L50, F|100\/100\n|turn|4\n|inactive|Andrey.iam7 has 30 seconds left.\n|\n|t:|1684071554\n|-terastallize|p2a: Breloom|Rock\n|move|p2a: Breloom|Mach Punch|p1b: Chi-Yu\n|-supereffective|p1b: Chi-Yu\n|-enditem|p1b: Chi-Yu|Focus Sash\n|-damage|p1b: Chi-Yu|1\/100\n|move|p1a: Talonflame|Brave Bird|p2b: Tauros\n|-supereffective|p2b: Tauros\n|-damage|p2b: Tauros|0 fnt\n|faint|p2b: Tauros\n|-damage|p1a: Talonflame|44\/100|[from] Recoil\n|move|p1b: Chi-Yu|Heat Wave|p2a: Breloom\n|-resisted|p2a: Breloom\n|-damage|p2a: Breloom|32\/100\n|\n|-sideend|p2: Andrey.iam7|move: Tailwind\n|-sideend|p1: rt5gh|move: Tailwind\n|upkeep\n|turn|5\n|inactive|rt5gh has 30 seconds left.\n|\n|t:|1684071586\n|switch|p1b: Flutter Mane|Flutter Mane, L50|100\/100\n|-enditem|p1b: Flutter Mane|Booster Energy\n|-activate|p1b: Flutter Mane|ability: Protosynthesis|[fromitem]\n|-start|p1b: Flutter Mane|protosynthesisspa\n|move|p2a: Breloom|Mach Punch|p1b: Flutter Mane\n|-immune|p1b: Flutter Mane\n|move|p1a: Talonflame|Will-O-Wisp|p2a: Breloom\n|-status|p2a: Breloom|brn\n|\n|-damage|p2a: Breloom|26\/100 brn|[from] brn\n|upkeep\n|turn|6\n|-message|Andrey.iam7 forfeited.\n|\n|win|rt5gh\n|raw|rt5gh's rating: 1116 → 1149<\/strong> (+33 for winning)\n|raw|Andrey.iam7's rating: 1229 → 1196<\/strong> (-33 for losing)\n|l|\u2606Andrey.iam7\n","uploadtime":1684071610,"views":10,"p1id":"rt5gh","p2id":"andreyiam7","formatid":"gen9vgc2023regulationc","rating":1149,"private":0,"password":""}