{"id":"gen9vgc2023regulationc-1861376136","p1":"AugustGG","p2":"wackomarko","format":"[Gen 9] VGC 2023 Regulation C","log":"|j|\u2606AugustGG\n|j|\u2606wackomarko\n|t:|1683751037\n|gametype|doubles\n|player|p1|AugustGG|2|1000\n|player|p2|wackomarko|hiker-gen4|1003\n|teamsize|p1|6\n|teamsize|p2|6\n|gen|9\n|tier|[Gen 9] VGC 2023 Regulation C\n|rated|\n|rule|Species Clause: Limit one of each Pok\u00e9mon\n|rule|Item Clause: Limit one of each item\n|clearpoke\n|poke|p1|Arcanine, L50, F|\n|poke|p1|Amoonguss, L50, M|\n|poke|p1|Palafin, L50, M|\n|poke|p1|Flutter Mane, L50|\n|poke|p1|Chien-Pao, L50|\n|poke|p1|Mimikyu, L50, F|\n|poke|p2|Talonflame, L50, F|\n|poke|p2|Amoonguss, L50, M|\n|poke|p2|Flutter Mane, L50|\n|poke|p2|Chien-Pao, L50|\n|poke|p2|Gyarados, L50, M|\n|poke|p2|Dragapult, L50, M|\n|teampreview|4\nAugustGG has agreed to open team sheets.\nwackomarko has agreed to open team sheets.\n|inactive|Battle timer is ON: inactive players will automatically lose when time's up. (requested by AugustGG)\n|inactive|wackomarko has 60 seconds left.\n|\n|t:|1683751105\n|start\n|switch|p1a: Mimikyu|Mimikyu, L50, F|100\/100\n|switch|p1b: Palafin|Palafin, L50, M|100\/100\n|switch|p2a: Talonflame|Talonflame, L50, F, shiny|100\/100\n|switch|p2b: Amoonguss|Amoonguss, L50, M|100\/100\n|turn|1\n|\n|t:|1683751122\n|move|p2a: Talonflame|Tailwind|p2a: Talonflame\n|-sidestart|p2: wackomarko|move: Tailwind\n|move|p1b: Palafin|Jet Punch|p2a: Talonflame\n|-supereffective|p2a: Talonflame\n|-damage|p2a: Talonflame|23\/100\n|move|p1a: Mimikyu|Swords Dance|p1a: Mimikyu\n|-boost|p1a: Mimikyu|atk|2\n|move|p2b: Amoonguss|Spore|p1a: Mimikyu\n|-status|p1a: Mimikyu|slp|[from] move: Spore\n|\n|upkeep\n|turn|2\n|inactive|wackomarko has 30 seconds left.\n|\n|t:|1683751148\n|move|p1b: Palafin|Jet Punch|p2a: Talonflame\n|-supereffective|p2a: Talonflame\n|-damage|p2a: Talonflame|0 fnt\n|faint|p2a: Talonflame\n|cant|p1a: Mimikyu|slp\n|move|p2b: Amoonguss|Spore|p1b: Palafin\n|-status|p1b: Palafin|slp|[from] move: Spore\n|\n|upkeep\n|\n|t:|1683751162\n|switch|p2a: Chien-Pao|Chien-Pao, L50|100\/100\n|-ability|p2a: Chien-Pao|Sword of Ruin\n|turn|3\n|\n|t:|1683751177\n|detailschange|p1b: Palafin|Palafin-Hero, L50, M\n|switch|p1b: Arcanine|Arcanine, L50, F|100\/100\n|-ability|p1b: Arcanine|Intimidate|boost\n|-unboost|p2a: Chien-Pao|atk|1\n|-unboost|p2b: Amoonguss|atk|1\n|move|p2b: Amoonguss|Protect|p2b: Amoonguss\n|-singleturn|p2b: Amoonguss|Protect\n|move|p2a: Chien-Pao|Ice Shard|p1a: Mimikyu\n|-activate|p1a: Mimikyu|ability: Disguise\n|-damage|p1a: Mimikyu|100\/100 slp\n|detailschange|p1a: Mimikyu|Mimikyu-Busted, L50, F\n|-damage|p1a: Mimikyu|88\/100 slp|[from] pokemon: Mimikyu-Busted\n|cant|p1a: Mimikyu|slp\n|\n|upkeep\n|turn|4\n|inactive|wackomarko has 30 seconds left.\n|inactive|wackomarko has 20 seconds left.\n|\n|t:|1683751213\n|-terastallize|p2b: Amoonguss|Water\n|move|p2b: Amoonguss|Protect||[still]\n|-fail|p2b: Amoonguss\n|move|p2a: Chien-Pao|Sucker Punch|p1b: Arcanine\n|-damage|p1b: Arcanine|62\/100\n|cant|p1a: Mimikyu|slp\n|move|p1b: Arcanine|Flare Blitz|p2b: Amoonguss\n|-resisted|p2b: Amoonguss\n|-damage|p2b: Amoonguss|65\/100\n|-damage|p1b: Arcanine|47\/100|[from] Recoil\n|\n|-sideend|p2: wackomarko|move: Tailwind\n|upkeep\n|turn|5\n|inactive|wackomarko has 30 seconds left.\n|\n|t:|1683751241\n|move|p2b: Amoonguss|Protect|p2b: Amoonguss\n|-singleturn|p2b: Amoonguss|Protect\n|move|p2a: Chien-Pao|Sucker Punch|p1b: Arcanine\n|-damage|p1b: Arcanine|7\/100\n|-enditem|p1b: Arcanine|Aguav Berry|[eat]\n|-heal|p1b: Arcanine|40\/100|[from] item: Aguav Berry\n|-curestatus|p1a: Mimikyu|slp|[msg]\n|move|p1a: Mimikyu|Play Rough|p2a: Chien-Pao\n|-supereffective|p2a: Chien-Pao\n|-enditem|p2a: Chien-Pao|Focus Sash\n|-damage|p2a: Chien-Pao|1\/100\n|-damage|p1a: Mimikyu|78\/100|[from] item: Life Orb\n|move|p1b: Arcanine|Flare Blitz|p2a: Chien-Pao\n|-supereffective|p2a: Chien-Pao\n|-damage|p2a: Chien-Pao|0 fnt\n|faint|p2a: Chien-Pao\n|-damage|p1b: Arcanine|39\/100|[from] Recoil\n|\n|upkeep\n|\n|t:|1683751258\n|switch|p2a: Dragapult|Dragapult, L50, M, shiny|100\/100\n|turn|6\n|\n|t:|1683751276\n|move|p2a: Dragapult|Phantom Force||[still]\n|-prepare|p2a: Dragapult|Phantom Force\n|move|p1a: Mimikyu|Shadow Claw|p2a: Dragapult|[miss]\n|-miss|p1a: Mimikyu|p2a: Dragapult\n|move|p1b: Arcanine|Will-O-Wisp|p2a: Dragapult|[miss]\n|-miss|p1b: Arcanine|p2a: Dragapult\n|move|p2b: Amoonguss|Spore|p1a: Mimikyu\n|-status|p1a: Mimikyu|slp|[from] move: Spore\n|\n|upkeep\n|turn|7\n|\n|t:|1683751290\n|move|p2a: Dragapult|Phantom Force|p1b: Arcanine|[from]lockedmove\n|-damage|p1b: Arcanine|0 fnt\n|faint|p1b: Arcanine\n|cant|p1a: Mimikyu|slp\n|move|p2b: Amoonguss|Spore|p1a: Mimikyu\n|-fail|p1a: Mimikyu|slp\n|\n|upkeep\n|\n|t:|1683751299\n|switch|p1b: Palafin|Palafin-Hero, L50, M|100\/100 slp\n|-activate|p1b: Palafin|ability: Zero to Hero\n|turn|8\n|\n|t:|1683751310\n|move|p2a: Dragapult|Phantom Force||[still]\n|-prepare|p2a: Dragapult|Phantom Force\n|cant|p1b: Palafin|slp\n|cant|p1a: Mimikyu|slp\n|move|p2b: Amoonguss|Spore|p1b: Palafin\n|-fail|p1b: Palafin|slp\n|\n|upkeep\n|turn|9\n|\n|t:|1683751325\n|cant|p1a: Mimikyu|slp\n|move|p2a: Dragapult|Phantom Force|p1b: Palafin|[from]lockedmove\n|-damage|p1b: Palafin|36\/100 slp\n|cant|p1b: Palafin|slp\n|move|p2b: Amoonguss|Pollen Puff|p1b: Palafin\n|-damage|p1b: Palafin|11\/100 slp\n|\n|upkeep\n|turn|10\n|\n|t:|1683751342\n|-curestatus|p1b: Palafin|slp|[msg]\n|move|p1b: Palafin|Jet Punch|p2a: Dragapult\n|-resisted|p2a: Dragapult\n|-damage|p2a: Dragapult|66\/100\n|move|p2a: Dragapult|Phantom Force||[still]\n|-prepare|p2a: Dragapult|Phantom Force\n|-curestatus|p1a: Mimikyu|slp|[msg]\n|move|p1a: Mimikyu|Shadow Claw|p2a: Dragapult|[miss]\n|-miss|p1a: Mimikyu|p2a: Dragapult\n|move|p2b: Amoonguss|Pollen Puff|p1b: Palafin\n|-damage|p1b: Palafin|0 fnt\n|faint|p1b: Palafin\n|\n|upkeep\n|\n|t:|1683751348\n|switch|p1b: Amoonguss|Amoonguss, L50, M|100\/100\n|turn|11\n|\n|t:|1683751362\n|move|p1b: Amoonguss|Rage Powder|p1b: Amoonguss\n|-singleturn|p1b: Amoonguss|move: Rage Powder\n|move|p1a: Mimikyu|Shadow Sneak|p2a: Dragapult|[miss]\n|-miss|p1a: Mimikyu|p2a: Dragapult\n|move|p2a: Dragapult|Phantom Force|p1b: Amoonguss|[from]lockedmove\n|-damage|p1b: Amoonguss|30\/100\n|-enditem|p1b: Amoonguss|Oran Berry|[eat]\n|-heal|p1b: Amoonguss|34\/100|[from] item: Oran Berry\n|move|p2b: Amoonguss|Pollen Puff|p1b: Amoonguss\n|-damage|p1b: Amoonguss|15\/100\n|\n|upkeep\n|turn|12\n|\n|t:|1683751378\n|move|p1b: Amoonguss|Rage Powder|p1b: Amoonguss\n|-singleturn|p1b: Amoonguss|move: Rage Powder\n|move|p1a: Mimikyu|Shadow Sneak|p2a: Dragapult\n|-supereffective|p2a: Dragapult\n|-damage|p2a: Dragapult|0 fnt\n|faint|p2a: Dragapult\n|-damage|p1a: Mimikyu|68\/100|[from] item: Life Orb\n|move|p2b: Amoonguss|Pollen Puff|p1b: Amoonguss\n|-damage|p1b: Amoonguss|0 fnt\n|faint|p1b: Amoonguss\n|\n|upkeep\n|turn|13\n|\n|t:|1683751391\n|move|p1a: Mimikyu|Play Rough|p2b: Amoonguss\n|-damage|p2b: Amoonguss|0 fnt\n|faint|p2b: Amoonguss\n|-damage|p1a: Mimikyu|58\/100|[from] item: Life Orb\n|\n|win|AugustGG\n|raw|AugustGG's rating: 1000 → 1040<\/strong> (+40 for winning)\n|raw|wackomarko's rating: 1003 → 1000<\/strong> (-3 for losing)\n","uploadtime":1683751398,"views":6,"p1id":"augustgg","p2id":"wackomarko","formatid":"gen9vgc2023regulationc","rating":1000,"private":0,"password":""}