{"id":"gen9vgc2023regulationc-1849383027","p1":"killakyzr","p2":"JJ22FTW","format":"[Gen 9] VGC 2023 Regulation C","log":"|j|\u2606killakyzr\n|j|\u2606JJ22FTW\n|t:|1682192344\n|gametype|doubles\n|player|p1|killakyzr|1|\n|player|p2|JJ22FTW|265|\n|teamsize|p1|6\n|teamsize|p2|6\n|gen|9\n|tier|[Gen 9] VGC 2023 Regulation C\n|rule|Species Clause: Limit one of each Pok\u00e9mon\n|rule|Item Clause: Limit one of each item\n|clearpoke\n|poke|p1|Skeledirge, L50, M|\n|poke|p1|Veluza, L50, F|\n|poke|p1|Gholdengo, L50|\n|poke|p1|Maushold, L50|\n|poke|p1|Annihilape, L50, F|\n|poke|p1|Lycanroc, L50, M|\n|poke|p2|Abomasnow, L50, M|\n|poke|p2|Drednaw, L50, F|\n|poke|p2|Garchomp, L50, M|\n|poke|p2|Talonflame, L50, F|\n|poke|p2|Gengar, L50, F|\n|poke|p2|Gardevoir, L50, F|\n|teampreview|4\n|j| tomciv20\nkillakyzr has agreed to open team sheets.\n|j| SuperToad916\n|j| LethalPilot\nJJ22FTW rejected open team sheets.\n|\n|t:|1682192396\n|start\n|switch|p1a: Maushold|Maushold, L50|100\/100\n|switch|p1b: Annihilape|Annihilape, L50, F|100\/100\n|switch|p2a: HungLikeAMoose|Talonflame, L50, F, shiny|100\/100\n|switch|p2b: IGarTheWaySheChomp|Garchomp, L50, M|100\/100\n|turn|1\n|\n|t:|1682192413\n|move|p2a: HungLikeAMoose|Tailwind|p2a: HungLikeAMoose\n|-sidestart|p2: JJ22FTW|move: Tailwind\n|move|p2b: IGarTheWaySheChomp|Earthquake|p1b: Annihilape|[spread] p1a,p1b\n|-immune|p2a: HungLikeAMoose\n|-damage|p1a: Maushold|51\/100\n|-damage|p1b: Annihilape|70\/100\n|move|p1a: Maushold|Beat Up|p1b: Annihilape\n|-damage|p1b: Annihilape|68\/100\n|-damage|p1b: Annihilape|66\/100\n|-damage|p1b: Annihilape|65\/100\n|-damage|p1b: Annihilape|63\/100\n|-hitcount|p1b: Annihilape|4\n|move|p1b: Annihilape|Rage Fist|p2b: IGarTheWaySheChomp\n|-damage|p2b: IGarTheWaySheChomp|0 fnt\n|-damage|p1b: Annihilape|50\/100|[from] ability: Rough Skin|[of] p2b: IGarTheWaySheChomp\n|-enditem|p1b: Annihilape|Sitrus Berry|[eat]\n|-heal|p1b: Annihilape|75\/100|[from] item: Sitrus Berry\n|faint|p2b: IGarTheWaySheChomp\n|\n|-heal|p1a: Maushold|57\/100|[from] item: Leftovers\n|upkeep\n|\n|t:|1682192442\n|switch|p2b: Gaydar|Gengar, L50, F|100\/100\n|turn|2\n|\n|t:|1682192453\n|move|p2a: HungLikeAMoose|Brave Bird|p1b: Annihilape\n|-supereffective|p1b: Annihilape\n|-damage|p1b: Annihilape|21\/100\n|-damage|p2a: HungLikeAMoose|79\/100|[from] Recoil\n|move|p2b: Gaydar|Focus Blast|p1a: Maushold\n|-supereffective|p1a: Maushold\n|-damage|p1a: Maushold|0 fnt\n|faint|p1a: Maushold\n|move|p1b: Annihilape|Rage Fist|p2b: Gaydar\n|-supereffective|p2b: Gaydar\n|-damage|p2b: Gaydar|0 fnt\n|faint|p2b: Gaydar\n|\n|upkeep\n|\n|t:|1682192465\n|switch|p1a: Gholdengo|Gholdengo, L50|100\/100\n|switch|p2b: Have Mercy...|Gardevoir, L50, F|100\/100\n|-ability|p2b: Have Mercy...|Defiant|[from] ability: Trace|[of] p1b: Annihilape\n|turn|3\n|l| LethalPilot\n|\n|t:|1682192489\n|-terastallize|p1a: Gholdengo|Steel\n|move|p2a: HungLikeAMoose|Flare Blitz|p1a: Gholdengo\n|-supereffective|p1a: Gholdengo\n|-damage|p1a: Gholdengo|25\/100\n|-damage|p2a: HungLikeAMoose|57\/100|[from] Recoil\n|move|p2b: Have Mercy...|Dazzling Gleam|p1b: Annihilape|[spread] p1a,p1b\n|-resisted|p1a: Gholdengo\n|-crit|p1a: Gholdengo\n|-supereffective|p1b: Annihilape\n|-damage|p1a: Gholdengo|0 fnt\n|-damage|p1b: Annihilape|0 fnt\n|faint|p1a: Gholdengo\n|faint|p1b: Annihilape\n|\n|upkeep\n|j| LethalPilot\n|\n|t:|1682192500\n|switch|p1b: Lycanroc|Lycanroc, L50, M|100\/100\n|turn|4\n|\n|t:|1682192578\n|move|p1b: Lycanroc|Accelerock|p2a: HungLikeAMoose\n|-supereffective|p2a: HungLikeAMoose\n|-damage|p2a: HungLikeAMoose|0 fnt\n|faint|p2a: HungLikeAMoose\n|move|p2b: Have Mercy...|Dazzling Gleam|p1b: Lycanroc\n|-enditem|p1b: Lycanroc|Focus Sash\n|-damage|p1b: Lycanroc|1\/100\n|\n|-sideend|p2: JJ22FTW|move: Tailwind\n|upkeep\n|turn|5\n|\n|t:|1682192591\n|-terastallize|p2b: Have Mercy...|Steel\n|move|p1b: Lycanroc|Endeavor|p2b: Have Mercy...\n|-damage|p2b: Have Mercy...|1\/100\n|move|p2b: Have Mercy...|Dazzling Gleam|p1b: Lycanroc\n|-damage|p1b: Lycanroc|0 fnt\n|faint|p1b: Lycanroc\n|\n|win|JJ22FTW\n|l|\u2606killakyzr\n|l| LethalPilot\n","uploadtime":1682192675,"views":8,"p1id":"killakyzr","p2id":"jj22ftw","formatid":"gen9vgc2023regulationc","rating":0,"private":0,"password":""}