{"id":"gen9vgc2023regulationc-1864104770","p1":"qaq jj","p2":"0308Joshua","format":"[Gen 9] VGC 2023 Regulation C","log":"|j|\u2606qaq jj\n|j|\u26060308Joshua\n|t:|1684118042\n|gametype|doubles\n|player|p1|qaq jj|101|1123\n|player|p2|0308Joshua|wallace|1229\n|teamsize|p1|6\n|teamsize|p2|6\n|gen|9\n|tier|[Gen 9] VGC 2023 Regulation C\n|rated|\n|rule|Species Clause: Limit one of each Pok\u00e9mon\n|rule|Item Clause: Limit one of each item\n|clearpoke\n|poke|p1|Slaking, L50, F|\n|poke|p1|Medicham, L50, M|\n|poke|p1|Oranguru, L50, F|\n|poke|p1|Talonflame, L50, F|\n|poke|p1|Corviknight, L50, F|\n|poke|p1|Chien-Pao, L50|\n|poke|p2|Glimmora, L50, M|\n|poke|p2|Chi-Yu, L50|\n|poke|p2|Flutter Mane, L50|\n|poke|p2|Iron Bundle, L50|\n|poke|p2|Dondozo, L50, M|\n|poke|p2|Tatsugiri, L50, F|\n|teampreview|4\n0308Joshua has agreed to open team sheets.\n|\n|t:|1684118079\n|start\n|switch|p1a: Medicham|Medicham, L50, M|100\/100\n|switch|p1b: Talonflame|Talonflame, L50, F|100\/100\n|switch|p2a: Flutter Mane|Flutter Mane, L50, shiny|100\/100\n|switch|p2b: Chi-Yu|Chi-Yu, L50|100\/100\n|-ability|p2b: Chi-Yu|Beads of Ruin\n|turn|1\n|\n|t:|1684118098\n|-terastallize|p2b: Chi-Yu|Ghost\n|move|p1a: Medicham|Fake Out|p2a: Flutter Mane\n|-immune|p2a: Flutter Mane\n|move|p1b: Talonflame|Tailwind|p1b: Talonflame\n|-sidestart|p1: qaq jj|move: Tailwind\n|move|p2a: Flutter Mane|Dazzling Gleam|p1a: Medicham|[spread] p1a,p1b\n|-supereffective|p1a: Medicham\n|-resisted|p1b: Talonflame\n|-enditem|p1a: Medicham|Focus Sash\n|-damage|p1a: Medicham|1\/100\n|-damage|p1b: Talonflame|60\/100\n|-damage|p2a: Flutter Mane|91\/100|[from] item: Life Orb\n|move|p2b: Chi-Yu|Dark Pulse|p1a: Medicham\n|-damage|p1a: Medicham|0 fnt\n|faint|p1a: Medicham\n|\n|upkeep\n|\n|t:|1684118136\n|switch|p1a: Slaking|Slaking, L50, F|100\/100\n|turn|2\n|\n|t:|1684118146\n|move|p1b: Talonflame|Flare Blitz|p2b: Chi-Yu\n|-damage|p2b: Chi-Yu|1\/100\n|-damage|p1b: Talonflame|32\/100|[from] Recoil\n|-damage|p1b: Talonflame|22\/100|[from] item: Life Orb\n|move|p1a: Slaking|Earthquake|p2b: Chi-Yu|[spread] p2a,p2b\n|-immune|p1b: Talonflame\n|-damage|p2a: Flutter Mane|42\/100\n|-damage|p2b: Chi-Yu|0 fnt\n|faint|p2b: Chi-Yu\n|move|p2a: Flutter Mane|Moonblast|p1a: Slaking\n|-damage|p1a: Slaking|38\/100\n|-damage|p2a: Flutter Mane|32\/100|[from] item: Life Orb\n|\n|-status|p1a: Slaking|tox|[from] item: Toxic Orb\n|upkeep\n|\n|t:|1684118163\n|switch|p2b: Iron Bundle|Iron Bundle, L50|100\/100\n|-enditem|p2b: Iron Bundle|Booster Energy\n|-activate|p2b: Iron Bundle|ability: Quark Drive|[fromitem]\n|-start|p2b: Iron Bundle|quarkdrivespe\n|turn|3\n|\n|t:|1684118173\n|-terastallize|p1b: Talonflame|Fire\n|move|p2b: Iron Bundle|Protect|p2b: Iron Bundle\n|-singleturn|p2b: Iron Bundle|Protect\n|move|p2a: Flutter Mane|Protect|p2a: Flutter Mane\n|-singleturn|p2a: Flutter Mane|Protect\n|move|p1b: Talonflame|Flare Blitz|p2b: Iron Bundle\n|-activate|p2b: Iron Bundle|move: Protect\n|cant|p1a: Slaking|ability: Truant\n|\n|-damage|p1a: Slaking|31\/100 tox|[from] psn\n|upkeep\n|turn|4\n|\n|t:|1684118187\n|move|p1b: Talonflame|Flare Blitz|p2b: Iron Bundle\n|-damage|p2b: Iron Bundle|0 fnt\n|faint|p2b: Iron Bundle\n|-end|p2b: Iron Bundle|Quark Drive|[silent]\n|-damage|p1b: Talonflame|0 fnt|[from] Recoil\n|faint|p1b: Talonflame\n|move|p1a: Slaking|Earthquake|p2a: Flutter Mane\n|-damage|p2a: Flutter Mane|0 fnt\n|faint|p2a: Flutter Mane\n|-end|p2a: Flutter Mane|Protosynthesis|[silent]\n|\n|-damage|p1a: Slaking|19\/100 tox|[from] psn\n|-sideend|p1: qaq jj|move: Tailwind\n|upkeep\n|c|\u26060308Joshua|Gg\n|\n|t:|1684118206\n|switch|p2b: Glimmora|Glimmora, L50, M, shiny|100\/100\n|switch|p1b: Chien-Pao|Chien-Pao, L50|100\/100\n|-ability|p1b: Chien-Pao|Sword of Ruin\n|turn|5\n|\n|t:|1684118220\n|move|p1b: Chien-Pao|Sacred Sword|p2b: Glimmora\n|-damage|p2b: Glimmora|55\/100\n|-activate|p2b: Glimmora|ability: Toxic Debris\n|-sidestart|p1: qaq jj|move: Toxic Spikes\n|cant|p1a: Slaking|ability: Truant\n|move|p2b: Glimmora|Power Gem|p1a: Slaking\n|-damage|p1a: Slaking|0 fnt\n|faint|p1a: Slaking\n|\n|upkeep\n|turn|6\n|\n|t:|1684118234\n|move|p1b: Chien-Pao|Sacred Sword|p2b: Glimmora\n|-damage|p2b: Glimmora|5\/100\n|-activate|p2b: Glimmora|ability: Toxic Debris\n|-sidestart|p1: qaq jj|move: Toxic Spikes\n|move|p2b: Glimmora|Power Gem|p1b: Chien-Pao\n|-supereffective|p1b: Chien-Pao\n|-damage|p1b: Chien-Pao|0 fnt\n|faint|p1b: Chien-Pao\n|\n|win|0308Joshua\n|raw|qaq jj's rating: 1123 → 1105<\/strong> (-18 for losing)\n|raw|0308Joshua's rating: 1229 → 1247<\/strong> (+18 for winning)\n|l|\u2606qaq jj\n","uploadtime":1684118249,"views":11,"p1id":"qaqjj","p2id":"0308joshua","formatid":"gen9vgc2023regulationc","rating":1105,"private":0,"password":""}