{"id":"gen9vgc2023regulationc-1848932086","p1":"Valkenhine","p2":"SombreroKing","format":"[Gen 9] VGC 2023 Regulation C","log":"|j|\u2606Valkenhine\n|j|\u2606SombreroKing\n|t:|1682127778\n|gametype|doubles\n|player|p1|Valkenhine|koga|1079\n|player|p2|SombreroKing|hilbert-wonderlauncher|1095\n|teamsize|p1|6\n|teamsize|p2|6\n|gen|9\n|tier|[Gen 9] VGC 2023 Regulation C\n|rated|\n|rule|Species Clause: Limit one of each Pok\u00e9mon\n|rule|Item Clause: Limit one of each item\n|clearpoke\n|poke|p1|Vaporeon, L50, M|\n|poke|p1|Grimmsnarl, L50, M|\n|poke|p1|Flutter Mane, L50|\n|poke|p1|Palafin, L50, M|\n|poke|p1|Iron Bundle, L50|\n|poke|p1|Volcarona, L50, M|\n|poke|p2|Lucario, L50, M|\n|poke|p2|Chien-Pao, L50|\n|poke|p2|Dragapult, L50, F|\n|poke|p2|Arcanine, L50, F|\n|poke|p2|Amoonguss, L50, F|\n|poke|p2|Iron Hands, L50|\n|teampreview|4\n|inactive|Battle timer is ON: inactive players will automatically lose when time's up. (requested by SombreroKing)\n|inactive|Valkenhine has 60 seconds left.\n|\n|t:|1682127823\n|start\n|switch|p1a: Grimmsnarl|Grimmsnarl, L50, M|100\/100\n|switch|p1b: Flutter Mane|Flutter Mane, L50|100\/100\n|switch|p2a: Lucario|Lucario, L50, M|100\/100\n|switch|p2b: Iron Hands|Iron Hands, L50|100\/100\n|-enditem|p1b: Flutter Mane|Booster Energy\n|-activate|p1b: Flutter Mane|ability: Protosynthesis|[fromitem]\n|-start|p1b: Flutter Mane|protosynthesisspe\n|-enditem|p2b: Iron Hands|Booster Energy\n|-activate|p2b: Iron Hands|ability: Quark Drive|[fromitem]\n|-start|p2b: Iron Hands|quarkdriveatk\n|turn|1\n|inactive|SombreroKing has 30 seconds left.\n|\n|t:|1682127854\n|-end|p1b: Flutter Mane|Protosynthesis|[silent]\n|switch|p1b: Volcarona|Volcarona, L50, M|100\/100\n|move|p2b: Iron Hands|Fake Out|p1a: Grimmsnarl\n|-damage|p1a: Grimmsnarl|77\/100\n|move|p2a: Lucario|Bullet Punch|p1b: Volcarona\n|-resisted|p1b: Volcarona\n|-damage|p1b: Volcarona|90\/100\n|-damage|p2a: Lucario|91\/100|[from] item: Life Orb\n|cant|p1a: Grimmsnarl|flinch\n|\n|-heal|p1b: Volcarona|96\/100|[from] item: Leftovers\n|upkeep\n|turn|2\n|\n|t:|1682127873\n|-terastallize|p2a: Lucario|Normal\n|move|p2a: Lucario|Extreme Speed|p1b: Volcarona\n|-damage|p1b: Volcarona|51\/100\n|-damage|p2a: Lucario|81\/100|[from] item: Life Orb\n|move|p1a: Grimmsnarl|Reflect|p1a: Grimmsnarl\n|-sidestart|p1: Valkenhine|Reflect\n|move|p1b: Volcarona|Quiver Dance|p1b: Volcarona\n|-boost|p1b: Volcarona|spa|1\n|-boost|p1b: Volcarona|spd|1\n|-boost|p1b: Volcarona|spe|1\n|move|p2b: Iron Hands|Close Combat|p1a: Grimmsnarl\n|-damage|p1a: Grimmsnarl|9\/100\n|-unboost|p2b: Iron Hands|def|1\n|-unboost|p2b: Iron Hands|spd|1\n|\n|-heal|p1b: Volcarona|57\/100|[from] item: Leftovers\n|upkeep\n|turn|3\n|\n|t:|1682127894\n|switch|p1a: Palafin|Palafin, L50, M|100\/100\n|-end|p2b: Iron Hands|Quark Drive|[silent]\n|switch|p2b: Amoonguss|Amoonguss, L50, F|100\/100\n|move|p2a: Lucario|Extreme Speed|p1b: Volcarona\n|-damage|p1b: Volcarona|27\/100\n|-status|p2a: Lucario|brn|[from] ability: Flame Body|[of] p1b: Volcarona\n|-damage|p2a: Lucario|72\/100 brn|[from] item: Life Orb\n|move|p1b: Volcarona|Morning Sun|p1b: Volcarona\n|-heal|p1b: Volcarona|77\/100\n|\n|-heal|p1b: Volcarona|83\/100|[from] item: Leftovers\n|-damage|p2a: Lucario|65\/100 brn|[from] brn\n|upkeep\n|turn|4\n|\n|t:|1682127916\n|detailschange|p1a: Palafin|Palafin-Hero, L50, M\n|switch|p1a: Grimmsnarl|Grimmsnarl, L50, M|9\/100\n|move|p2a: Lucario|Extreme Speed|p1a: Grimmsnarl\n|-damage|p1a: Grimmsnarl|0 fnt\n|faint|p1a: Grimmsnarl\n|-damage|p2a: Lucario|56\/100 brn|[from] item: Life Orb\n|move|p1b: Volcarona|Heat Wave|p2b: Amoonguss|[spread] p2a,p2b\n|-supereffective|p2b: Amoonguss\n|-crit|p2b: Amoonguss\n|-damage|p2a: Lucario|0 fnt\n|-damage|p2b: Amoonguss|0 fnt\n|faint|p2a: Lucario\n|faint|p2b: Amoonguss\n|\n|-heal|p1b: Volcarona|90\/100|[from] item: Leftovers\n|upkeep\n|\n|t:|1682127931\n|switch|p2a: Iron Hands|Iron Hands, L50|100\/100\n|switch|p1a: Palafin|Palafin-Hero, L50, M|100\/100\n|switch|p2b: Dragapult|Dragapult, L50, F|100\/100\n|-activate|p1a: Palafin|ability: Zero to Hero\n|turn|5\n|inactive|SombreroKing has 30 seconds left.\n|inactive|SombreroKing has 20 seconds left.\n|\n|t:|1682127971\n|move|p1a: Palafin|Protect|p1a: Palafin\n|-singleturn|p1a: Palafin|Protect\n|move|p2a: Iron Hands|Fake Out|p1b: Volcarona\n|-crit|p1b: Volcarona\n|-damage|p1b: Volcarona|67\/100\n|-status|p2a: Iron Hands|brn|[from] ability: Flame Body|[of] p1b: Volcarona\n|move|p2b: Dragapult|Dragon Darts|p1b: Volcarona\n|-damage|p1b: Volcarona|47\/100\n|-anim|p2b: Dragapult|Dragon Darts|p1b: Volcarona\n|-damage|p1b: Volcarona|25\/100\n|cant|p1b: Volcarona|flinch\n|\n|-heal|p1b: Volcarona|32\/100|[from] item: Leftovers\n|-damage|p2a: Iron Hands|94\/100 brn|[from] brn\n|upkeep\n|turn|6\n|inactive|Valkenhine has 30 seconds left.\n|\n|t:|1682127998\n|move|p1a: Palafin|Jet Punch|p2a: Iron Hands\n|-damage|p2a: Iron Hands|65\/100 brn\n|move|p2b: Dragapult|Dragon Darts|p1b: Volcarona\n|-damage|p1b: Volcarona|9\/100\n|-anim|p2b: Dragapult|Dragon Darts|p1a: Palafin\n|-damage|p1a: Palafin|78\/100\n|move|p1b: Volcarona|Morning Sun|p1b: Volcarona\n|-heal|p1b: Volcarona|59\/100\n|move|p2a: Iron Hands|Swords Dance|p2a: Iron Hands\n|-boost|p2a: Iron Hands|atk|2\n|\n|-heal|p1b: Volcarona|66\/100|[from] item: Leftovers\n|-damage|p2a: Iron Hands|59\/100 brn|[from] brn\n|upkeep\n|turn|7\n|inactive|Valkenhine has 30 seconds left.\n|\n|t:|1682128024\n|move|p1a: Palafin|Jet Punch|p2b: Dragapult\n|-resisted|p2b: Dragapult\n|-damage|p2b: Dragapult|66\/100\n|move|p2b: Dragapult|Dragon Darts|p1a: Palafin\n|-damage|p1a: Palafin|55\/100\n|-anim|p2b: Dragapult|Dragon Darts|p1b: Volcarona\n|-damage|p1b: Volcarona|42\/100\n|move|p1b: Volcarona|Heat Wave|p2b: Dragapult|[spread] p2a\n|-miss|p1b: Volcarona|p2b: Dragapult\n|-damage|p2a: Iron Hands|18\/100 brn\n|move|p2a: Iron Hands|Thunder Punch|p1a: Palafin\n|-supereffective|p1a: Palafin\n|-crit|p1a: Palafin\n|-damage|p1a: Palafin|0 fnt\n|faint|p1a: Palafin\n|\n|-heal|p1b: Volcarona|48\/100|[from] item: Leftovers\n|-damage|p2a: Iron Hands|12\/100 brn|[from] brn\n|upkeep\n|\n|t:|1682128040\n|switch|p1a: Flutter Mane|Flutter Mane, L50|100\/100\n|turn|8\n|\n|t:|1682128055\n|-terastallize|p1a: Flutter Mane|Steel\n|move|p2b: Dragapult|Dragon Darts|p1b: Volcarona\n|-damage|p1b: Volcarona|27\/100\n|-anim|p2b: Dragapult|Dragon Darts|p1a: Flutter Mane\n|-resisted|p1a: Flutter Mane\n|-damage|p1a: Flutter Mane|80\/100\n|move|p1a: Flutter Mane|Dazzling Gleam|p2a: Iron Hands|[spread] p2a,p2b\n|-supereffective|p2a: Iron Hands\n|-supereffective|p2b: Dragapult\n|-damage|p2a: Iron Hands|0 fnt\n|-damage|p2b: Dragapult|0 fnt\n|faint|p2a: Iron Hands\n|-end|p2a: Iron Hands|Quark Drive|[silent]\n|faint|p2b: Dragapult\n|\n|win|Valkenhine\n|raw|Valkenhine's rating: 1079 → 1108<\/strong> (+29 for winning)\n|raw|SombreroKing's rating: 1095 → 1070<\/strong> (-25 for losing)\n|c|\u2606Valkenhine|gg\n|c|\u2606Valkenhine|I wonder if that crit mattered\n|c|\u2606SombreroKing|gg\n|c|\u2606Valkenhine|after a +1. Amongus is a tanky fuck\n|c|\u2606SombreroKing|prob not\n|l|\u2606SombreroKing\n","uploadtime":1682128099,"views":9,"p1id":"valkenhine","p2id":"sombreroking","formatid":"gen9vgc2023regulationc","rating":1070,"private":0,"password":""}