{"id":"gen9vgc2023regulationc-1855520573","p1":"GiovanniLor","p2":"NicoHaxVGC","format":"[Gen 9] VGC 2023 Regulation C","log":"|j|\u2606GiovanniLor\n|j|\u2606NicoHaxVGC\n|t:|1682958744\n|gametype|doubles\n|player|p1|GiovanniLor|1|1434\n|player|p2|NicoHaxVGC|red|1439\n|teamsize|p1|6\n|teamsize|p2|6\n|gen|9\n|tier|[Gen 9] VGC 2023 Regulation C\n|rated|\n|rule|Species Clause: Limit one of each Pok\u00e9mon\n|rule|Item Clause: Limit one of each item\n|clearpoke\n|poke|p1|Dragapult, L50, F|\n|poke|p1|Chien-Pao, L50|\n|poke|p1|Gholdengo, L50|\n|poke|p1|Amoonguss, L50, M|\n|poke|p1|Ting-Lu, L50|\n|poke|p1|Gyarados, L50, M|\n|poke|p2|Corviknight, L50, F|\n|poke|p2|Ting-Lu, L50|\n|poke|p2|Annihilape, L50, M|\n|poke|p2|Amoonguss, L50, F|\n|poke|p2|Iron Bundle, L50|\n|poke|p2|Flutter Mane, L50|\n|teampreview|4\n|inactive|Battle timer is ON: inactive players will automatically lose when time's up. (requested by NicoHaxVGC)\nNicoHaxVGC has agreed to open team sheets.\n|inactive|GiovanniLor has 60 seconds left.\n|\n|t:|1682958782\n|start\n|switch|p1a: Gholdengo|Gholdengo, L50|100\/100\n|switch|p1b: Amoonguss|Amoonguss, L50, M|100\/100\n|switch|p2a: Robin|Annihilape, L50, M|100\/100\n|switch|p2b: Cyborg|Iron Bundle, L50|100\/100\n|-enditem|p2b: Cyborg|Booster Energy\n|-activate|p2b: Cyborg|ability: Quark Drive|[fromitem]\n|-start|p2b: Cyborg|quarkdrivespe\n|turn|1\n|\n|t:|1682958799\n|move|p2b: Cyborg|Chilling Water|p2a: Robin\n|-damage|p2a: Robin|81\/100\n|-unboost|p2a: Robin|atk|1\n|move|p2a: Robin|Bulk Up|p2a: Robin\n|-boost|p2a: Robin|atk|1\n|-boost|p2a: Robin|def|1\n|move|p1a: Gholdengo|Nasty Plot|p1a: Gholdengo\n|-boost|p1a: Gholdengo|spa|2\n|move|p1b: Amoonguss|Spore|p2b: Cyborg\n|-status|p2b: Cyborg|slp|[from] move: Spore\n|\n|-heal|p2a: Robin|88\/100|[from] item: Leftovers\n|upkeep\n|turn|2\n|inactive|NicoHaxVGC has 30 seconds left.\n|\n|t:|1682958825\n|-end|p2b: Cyborg|Quark Drive|[silent]\n|switch|p2b: Raven|Corviknight, L50, F|100\/100\n|-terastallize|p2a: Robin|Fire\n|move|p1b: Amoonguss|Rage Powder|p1b: Amoonguss\n|-singleturn|p1b: Amoonguss|move: Rage Powder\n|move|p2a: Robin|Rage Fist|p1b: Amoonguss\n|-damage|p1b: Amoonguss|64\/100\n|move|p1a: Gholdengo|Nasty Plot|p1a: Gholdengo\n|-boost|p1a: Gholdengo|spa|2\n|\n|-heal|p2a: Robin|94\/100|[from] item: Leftovers\n|upkeep\n|turn|3\n|\n|t:|1682958838\n|move|p1b: Amoonguss|Rage Powder|p1b: Amoonguss\n|-singleturn|p1b: Amoonguss|move: Rage Powder\n|move|p2a: Robin|Rage Fist|p1b: Amoonguss\n|-damage|p1b: Amoonguss|29\/100\n|-enditem|p1b: Amoonguss|Sitrus Berry|[eat]\n|-heal|p1b: Amoonguss|54\/100|[from] item: Sitrus Berry\n|move|p1a: Gholdengo|Thunderbolt|p2b: Raven\n|-supereffective|p2b: Raven\n|-damage|p2b: Raven|0 fnt\n|faint|p2b: Raven\n|\n|-heal|p2a: Robin|99\/100|[from] item: Leftovers\n|upkeep\n|\n|t:|1682958847\n|switch|p2b: Star fire|Flutter Mane, L50|100\/100\n|turn|4\n|\n|t:|1682958862\n|-end|p2b: Star fire|Protosynthesis|[silent]\n|switch|p2b: Cyborg|Iron Bundle, L50|100\/100 slp\n|move|p1b: Amoonguss|Rage Powder|p1b: Amoonguss\n|-singleturn|p1b: Amoonguss|move: Rage Powder\n|move|p2a: Robin|Bulk Up|p2a: Robin\n|-boost|p2a: Robin|atk|1\n|-boost|p2a: Robin|def|1\n|move|p1a: Gholdengo|Make It Rain|p2b: Cyborg|[spread] p2a,p2b\n|-resisted|p2a: Robin\n|-damage|p2a: Robin|45\/100\n|-damage|p2b: Cyborg|0 fnt\n|-unboost|p1a: Gholdengo|spa|1\n|faint|p2b: Cyborg\n|-end|p2b: Cyborg|Quark Drive|[silent]\n|\n|-heal|p2a: Robin|51\/100|[from] item: Leftovers\n|upkeep\n|\n|t:|1682958876\n|switch|p2b: Star fire|Flutter Mane, L50|100\/100\n|turn|5\n|\n|t:|1682958890\n|-terastallize|p1a: Gholdengo|Water\n|move|p2a: Robin|Protect|p2a: Robin\n|-singleturn|p2a: Robin|Protect\n|move|p1b: Amoonguss|Rage Powder|p1b: Amoonguss\n|-singleturn|p1b: Amoonguss|move: Rage Powder\n|move|p2b: Star fire|Shadow Ball|p1b: Amoonguss\n|-damage|p1b: Amoonguss|2\/100\n|-unboost|p1b: Amoonguss|spd|1\n|move|p1a: Gholdengo|Thunderbolt|p2a: Robin\n|-activate|p2a: Robin|move: Protect\n|\n|-heal|p2a: Robin|58\/100|[from] item: Leftovers\n|upkeep\n|turn|6\n|\n|t:|1682958911\n|move|p1a: Gholdengo|Protect|p1a: Gholdengo\n|-singleturn|p1a: Gholdengo|Protect\n|move|p2b: Star fire|Shadow Ball|p1a: Gholdengo\n|-activate|p1a: Gholdengo|move: Protect\n|move|p2a: Robin|Rage Fist|p1a: Gholdengo\n|-activate|p1a: Gholdengo|move: Protect\n|move|p1b: Amoonguss|Spore|p2b: Star fire\n|-status|p2b: Star fire|slp|[from] move: Spore\n|\n|-heal|p2a: Robin|64\/100|[from] item: Leftovers\n|upkeep\n|turn|7\n|c|\u2606NicoHaxVGC|wow\n|\n|t:|1682958925\n|move|p1b: Amoonguss|Rage Powder|p1b: Amoonguss\n|-singleturn|p1b: Amoonguss|move: Rage Powder\n|cant|p2b: Star fire|slp\n|move|p2a: Robin|Rage Fist|p1b: Amoonguss\n|-damage|p1b: Amoonguss|0 fnt\n|faint|p1b: Amoonguss\n|move|p1a: Gholdengo|Make It Rain|p2b: Star fire|[spread] p2a,p2b\n|-resisted|p2a: Robin\n|-supereffective|p2b: Star fire\n|-damage|p2a: Robin|19\/100\n|-damage|p2b: Star fire|0 fnt\n|-unboost|p1a: Gholdengo|spa|1\n|faint|p2b: Star fire\n|-end|p2b: Star fire|Protosynthesis|[silent]\n|\n|-heal|p2a: Robin|25\/100|[from] item: Leftovers\n|upkeep\n|\n|t:|1682958941\n|switch|p1b: Dragapult|Dragapult, L50, F, shiny|100\/100\n|turn|8\n|\n|t:|1682958957\n|switch|p1a: Chien-Pao|Chien-Pao, L50|100\/100\n|-ability|p1a: Chien-Pao|Sword of Ruin\n|move|p1b: Dragapult|Dragon Darts|p2a: Robin\n|-damage|p2a: Robin|0 fnt\n|faint|p2a: Robin\n|\n|win|GiovanniLor\n|raw|GiovanniLor's rating: 1434 → 1454<\/strong> (+20 for winning)\n|raw|NicoHaxVGC's rating: 1439 → 1419<\/strong> (-20 for losing)\n","uploadtime":1682958968,"views":22,"p1id":"giovannilor","p2id":"nicohaxvgc","formatid":"gen9vgc2023regulationc","rating":1419,"private":0,"password":""}