{"id":"gen9vgc2023regulationc-1845248335","p1":"Scrubadub77","p2":"fake_pinkmilk","format":"[Gen 9] VGC 2023 Regulation C","log":"|j|\u2606Scrubadub77\n|j|\u2606fake_pinkmilk\n|t:|1681701828\n|gametype|doubles\n|player|p1|Scrubadub77|cynthia|1095\n|player|p2|fake_pinkmilk|preschooler|1050\n|teamsize|p1|6\n|teamsize|p2|6\n|gen|9\n|tier|[Gen 9] VGC 2023 Regulation C\n|rated|\n|rule|Species Clause: Limit one of each Pok\u00e9mon\n|rule|Item Clause: Limit one of each item\n|clearpoke\n|poke|p1|Flutter Mane, L50|\n|poke|p1|Arcanine, L50, M|\n|poke|p1|Garganacl, L50, F|\n|poke|p1|Wo-Chien, L50|\n|poke|p1|Palafin, L50, M|\n|poke|p1|Iron Hands, L50|\n|poke|p2|Orthworm, L50, M|\n|poke|p2|Scizor, L50, F|\n|poke|p2|Flutter Mane, L50|\n|poke|p2|Brute Bonnet, L50|\n|poke|p2|Sylveon, L50, F|\n|poke|p2|Tauros-Paldea-Aqua, L50, M|\n|teampreview|4\n|inactive|Battle timer is ON: inactive players will automatically lose when time's up. (requested by fake_pinkmilk)\n|c|\u2606fake_pinkmilk|poopoo\n|\n|t:|1681701859\n|start\n|switch|p1a: Iron Hands|Iron Hands, L50|100\/100\n|switch|p1b: Flutter Mane|Flutter Mane, L50|100\/100\n|switch|p2a: Brute Bonnet|Brute Bonnet, L50|100\/100\n|switch|p2b: Scizor|Scizor, L50, F|100\/100\n|-enditem|p1b: Flutter Mane|Booster Energy\n|-activate|p1b: Flutter Mane|ability: Protosynthesis|[fromitem]\n|-start|p1b: Flutter Mane|protosynthesisspe\n|turn|1\n|\n|t:|1681701877\n|move|p1a: Iron Hands|Fake Out|p2b: Scizor\n|-resisted|p2b: Scizor\n|-damage|p2b: Scizor|93\/100\n|cant|p2b: Scizor|flinch\n|move|p1b: Flutter Mane|Dazzling Gleam|p2b: Scizor|[spread] p2a,p2b\n|-supereffective|p2a: Brute Bonnet\n|-resisted|p2b: Scizor\n|-damage|p2a: Brute Bonnet|43\/100\n|-damage|p2b: Scizor|74\/100\n|move|p2a: Brute Bonnet|Spore|p1a: Iron Hands\n|-status|p1a: Iron Hands|slp|[from] move: Spore\n|\n|upkeep\n|turn|2\n|\n|t:|1681701897\n|-end|p2a: Brute Bonnet|Protosynthesis|[silent]\n|switch|p2a: Sylveon|Sylveon, L50, F|100\/100\n|-end|p1a: Iron Hands|Quark Drive|[silent]\n|switch|p1a: Arcanine|Arcanine, L50, M|100\/100\n|-ability|p1a: Arcanine|Intimidate|boost\n|-unboost|p2a: Sylveon|atk|1\n|-unboost|p2b: Scizor|atk|1\n|move|p2b: Scizor|Bullet Punch|p1b: Flutter Mane\n|-supereffective|p1b: Flutter Mane\n|-damage|p1b: Flutter Mane|0 fnt\n|faint|p1b: Flutter Mane\n|-end|p1b: Flutter Mane|Protosynthesis|[silent]\n|\n|upkeep\n|\n|t:|1681701911\n|switch|p1b: Garganacl|Garganacl, L50, F, shiny|100\/100\n|turn|3\n|\n|t:|1681701931\n|switch|p2a: Tauros|Tauros-Paldea-Aqua, L50, M|100\/100\n|-ability|p2a: Tauros|Intimidate|boost\n|-unboost|p1a: Arcanine|atk|1\n|-unboost|p1b: Garganacl|atk|1\n|move|p2b: Scizor|Protect|p2b: Scizor\n|-singleturn|p2b: Scizor|Protect\n|move|p1a: Arcanine|Flare Blitz|p2b: Scizor\n|-activate|p2b: Scizor|move: Protect\n|move|p1b: Garganacl|Salt Cure|p2a: Tauros\n|-resisted|p2a: Tauros\n|-damage|p2a: Tauros|96\/100\n|-start|p2a: Tauros|Salt Cure\n|\n|-heal|p2a: Tauros|100\/100|[from] item: Leftovers\n|-damage|p2a: Tauros|76\/100|[from] Salt Cure\n|upkeep\n|turn|4\n|\n|t:|1681701953\n|switch|p1a: Iron Hands|Iron Hands, L50|100\/100 slp\n|move|p1b: Garganacl|Protect|p1b: Garganacl\n|-singleturn|p1b: Garganacl|Protect\n|move|p2b: Scizor|Bullet Punch|p1b: Garganacl\n|-activate|p1b: Garganacl|move: Protect\n|move|p2a: Tauros|Raging Bull|p1a: Iron Hands\n|-damage|p1a: Iron Hands|79\/100 slp\n|\n|-heal|p2a: Tauros|82\/100|[from] item: Leftovers\n|-damage|p2a: Tauros|57\/100|[from] Salt Cure\n|upkeep\n|turn|5\n|\n|t:|1681701971\n|switch|p2a: Brute Bonnet|Brute Bonnet, L50|43\/100\n|move|p2b: Scizor|Bullet Punch|p1b: Garganacl\n|-supereffective|p1b: Garganacl\n|-damage|p1b: Garganacl|71\/100\n|cant|p1a: Iron Hands|slp\n|move|p1b: Garganacl|Salt Cure|p2b: Scizor\n|-damage|p2b: Scizor|65\/100\n|-start|p2b: Scizor|Salt Cure\n|\n|-damage|p2b: Scizor|40\/100|[from] Salt Cure\n|upkeep\n|turn|6\n|\n|t:|1681701987\n|switch|p2b: Tauros|Tauros-Paldea-Aqua, L50, M|57\/100\n|-ability|p2b: Tauros|Intimidate|boost\n|-unboost|p1a: Iron Hands|atk|1\n|-unboost|p1b: Garganacl|atk|1\n|move|p2a: Brute Bonnet|Spore|p1b: Garganacl\n|-immune|p1b: Garganacl|[from] ability: Purifying Salt\n|cant|p1a: Iron Hands|slp\n|move|p1b: Garganacl|Salt Cure|p2a: Brute Bonnet\n|-damage|p2a: Brute Bonnet|37\/100\n|-start|p2a: Brute Bonnet|Salt Cure\n|\n|-heal|p2b: Tauros|63\/100|[from] item: Leftovers\n|-damage|p2a: Brute Bonnet|24\/100|[from] Salt Cure\n|upkeep\n|turn|7\n|\n|t:|1681702021\n|move|p2b: Tauros|Raging Bull|p1b: Garganacl\n|-supereffective|p1b: Garganacl\n|-damage|p1b: Garganacl|29\/100\n|-enditem|p1b: Garganacl|Sitrus Berry|[eat]\n|-heal|p1b: Garganacl|54\/100|[from] item: Sitrus Berry\n|move|p2a: Brute Bonnet|Crunch|p1b: Garganacl\n|-damage|p1b: Garganacl|25\/100\n|cant|p1a: Iron Hands|slp\n|move|p1b: Garganacl|Salt Cure|p2b: Tauros\n|-resisted|p2b: Tauros\n|-damage|p2b: Tauros|60\/100\n|-start|p2b: Tauros|Salt Cure\n|\n|-heal|p2b: Tauros|66\/100|[from] item: Leftovers\n|-damage|p2b: Tauros|41\/100|[from] Salt Cure\n|-damage|p2a: Brute Bonnet|12\/100|[from] Salt Cure\n|upkeep\n|turn|8\n|inactive|Scrubadub77 has 30 seconds left.\n|\n|t:|1681702047\n|move|p1b: Garganacl|Protect|p1b: Garganacl\n|-singleturn|p1b: Garganacl|Protect\n|move|p2b: Tauros|Raging Bull|p1b: Garganacl\n|-activate|p1b: Garganacl|move: Protect\n|move|p2a: Brute Bonnet|Crunch|p1b: Garganacl\n|-activate|p1b: Garganacl|move: Protect\n|-curestatus|p1a: Iron Hands|slp|[msg]\n|move|p1a: Iron Hands|Volt Switch|p2b: Tauros\n|-supereffective|p2b: Tauros\n|-damage|p2b: Tauros|18\/100\n|\n|t:|1681702060\n|-end|p1a: Iron Hands|Quark Drive|[silent]\n|switch|p1a: Arcanine|Arcanine, L50, M|100\/100|[from] Volt Switch\n|-ability|p1a: Arcanine|Intimidate|boost\n|-unboost|p2a: Brute Bonnet|atk|1\n|-unboost|p2b: Tauros|atk|1\n|\n|-heal|p2b: Tauros|24\/100|[from] item: Leftovers\n|-damage|p2b: Tauros|0 fnt|[from] Salt Cure\n|faint|p2b: Tauros\n|-damage|p2a: Brute Bonnet|0 fnt|[from] Salt Cure\n|faint|p2a: Brute Bonnet\n|-end|p2a: Brute Bonnet|Protosynthesis|[silent]\n|upkeep\n|\n|t:|1681702067\n|switch|p2b: Sylveon|Sylveon, L50, F|100\/100\n|switch|p2a: Scizor|Scizor, L50, F|40\/100\n|turn|9\n|\n|t:|1681702084\n|move|p2a: Scizor|Bullet Punch|p1b: Garganacl\n|-supereffective|p1b: Garganacl\n|-damage|p1b: Garganacl|0 fnt\n|faint|p1b: Garganacl\n|move|p1a: Arcanine|Snarl|p2b: Sylveon|[spread] p2b\n|-miss|p1a: Arcanine|p2a: Scizor\n|-resisted|p2b: Sylveon\n|-damage|p2b: Sylveon|97\/100\n|-unboost|p2b: Sylveon|spa|1\n|move|p2b: Sylveon|Hyper Beam|p1a: Arcanine\n|-resisted|p1a: Arcanine\n|-crit|p1a: Arcanine\n|-damage|p1a: Arcanine|0 fnt\n|-mustrecharge|p2b: Sylveon\n|faint|p1a: Arcanine\n|\n|upkeep\n|\n|t:|1681702099\n|switch|p1a: Iron Hands|Iron Hands, L50|79\/100\n|turn|10\n|\n|t:|1681702109\n|-terastallize|p1a: Iron Hands|Grass\n|move|p2a: Scizor|Protect|p2a: Scizor\n|-singleturn|p2a: Scizor|Protect\n|cant|p2b: Sylveon|recharge\n|move|p1a: Iron Hands|Drain Punch|p2a: Scizor\n|-activate|p2a: Scizor|move: Protect\n|\n|upkeep\n|turn|11\n|\n|t:|1681702120\n|-terastallize|p2a: Scizor|Flying\n|move|p2a: Scizor|U-turn|p1a: Iron Hands\n|-supereffective|p1a: Iron Hands\n|-damage|p1a: Iron Hands|35\/100\n|move|p2b: Sylveon|Hyper Beam|p1a: Iron Hands\n|-damage|p1a: Iron Hands|0 fnt\n|-mustrecharge|p2b: Sylveon\n|faint|p1a: Iron Hands\n|-end|p1a: Iron Hands|Quark Drive|[silent]\n|\n|win|fake_pinkmilk\n|raw|Scrubadub77's rating: 1095 → 1068<\/strong> (-27 for losing)\n|raw|fake_pinkmilk's rating: 1050 → 1087<\/strong> (+37 for winning)\n","uploadtime":1681702128,"views":12,"p1id":"scrubadub77","p2id":"fakepinkmilk","formatid":"gen9vgc2023regulationc","rating":1068,"private":0,"password":""}