{"id":"gen9vgc2023regulationc-1859084899","p1":"ThatWillKid","p2":"Compries","format":"[Gen 9] VGC 2023 Regulation C","log":"|j|\u2606ThatWillKid\n|j|\u2606Compries\n|t:|1683402602\n|gametype|doubles\n|player|p1|ThatWillKid|volkner|\n|player|p2|Compries|lana|\n|teamsize|p1|6\n|teamsize|p2|6\n|gen|9\n|tier|[Gen 9] VGC 2023 Regulation C\n|rule|Species Clause: Limit one of each Pok\u00e9mon\n|rule|Item Clause: Limit one of each item\n|clearpoke\n|poke|p1|Naclstack, L50, F|\n|poke|p1|Hippowdon, L50, F|\n|poke|p1|Lycanroc-Dusk, L50, F|\n|poke|p1|Rabsca, L50, F|\n|poke|p1|Toedscruel, L50, M|\n|poke|p1|Morgrem, L50, M|\n|poke|p2|Camerupt, L50, F|\n|poke|p2|Toedscruel, L50, F|\n|poke|p2|Froslass, L50, F|\n|poke|p2|Gardevoir, L50, F|\n|poke|p2|Arboliva, L50, M|\n|poke|p2|Slowking, L50, M|\n|teampreview|4\n|c|\u2606ThatWillKid|g3 glhf\n|c|\u2606Compries|glhf!!\n|j| SATMaofever\n|j| kmilly132\n|\n|t:|1683402704\n|start\n|switch|p1a: Gummy's Dad|Lycanroc-Dusk, L50, F|100\/100\n|switch|p1b: World ate Jimmy|Morgrem, L50, M|100\/100\n|switch|p2a: Toedscruel|Toedscruel, L50, F|100\/100\n|switch|p2b: Froslass|Froslass, L50, F|100\/100\n|turn|1\n|\n|t:|1683402724\n|move|p2b: Froslass|Protect|p2b: Froslass\n|-singleturn|p2b: Froslass|Protect\n|move|p1b: World ate Jimmy|Fake Out|p2a: Toedscruel\n|-damage|p2a: Toedscruel|92\/100\n|move|p1a: Gummy's Dad|Close Combat|p2a: Toedscruel\n|-damage|p2a: Toedscruel|25\/100\n|-unboost|p1a: Gummy's Dad|def|1\n|-unboost|p1a: Gummy's Dad|spd|1\n|cant|p2a: Toedscruel|flinch\n|\n|upkeep\n|turn|2\n|\n|t:|1683402764\n|move|p2b: Froslass|Will-O-Wisp|p1a: Gummy's Dad\n|-status|p1a: Gummy's Dad|brn\n|move|p1a: Gummy's Dad|Close Combat|p2a: Toedscruel\n|-damage|p2a: Toedscruel|0 fnt\n|-unboost|p1a: Gummy's Dad|def|1\n|-unboost|p1a: Gummy's Dad|spd|1\n|faint|p2a: Toedscruel\n|move|p1b: World ate Jimmy|Foul Play|p2b: Froslass\n|-supereffective|p2b: Froslass\n|-damage|p2b: Froslass|43\/100\n|\n|-damage|p1a: Gummy's Dad|95\/100 brn|[from] brn\n|upkeep\n|\n|t:|1683402770\n|switch|p2a: Camerupt|Camerupt, L50, F|100\/100\n|turn|3\n|\n|t:|1683402782\n|move|p1b: World ate Jimmy|Reflect|p1b: World ate Jimmy\n|-sidestart|p1: ThatWillKid|Reflect\n|move|p1a: Gummy's Dad|Rock Slide|p2b: Froslass|[spread] p2a,p2b\n|-supereffective|p2b: Froslass\n|-damage|p2a: Camerupt|83\/100\n|-damage|p2b: Froslass|6\/100\n|-start|p1a: Gummy's Dad|Disable|Rock Slide|[from] ability: Cursed Body|[of] p2b: Froslass\n|move|p2b: Froslass|Frost Breath|p2a: Camerupt\n|-crit|p2a: Camerupt\n|-damage|p2a: Camerupt|52\/100\n|-setboost|p2a: Camerupt|atk|6|[from] ability: Anger Point\n|move|p2a: Camerupt|Earthquake|p1b: World ate Jimmy|[spread] p2b,p1a,p1b\n|-supereffective|p1a: Gummy's Dad\n|-damage|p2b: Froslass|0 fnt\n|-damage|p1a: Gummy's Dad|0 fnt\n|-damage|p1b: World ate Jimmy|0 fnt\n|faint|p2b: Froslass\n|faint|p1a: Gummy's Dad\n|faint|p1b: World ate Jimmy\n|\n|upkeep\n|\n|t:|1683402801\n|switch|p2b: Arboliva|Arboliva, L50, M|100\/100\n|switch|p1a: lil' nacci|Naclstack, L50, F|100\/100\n|switch|p1b: Back w\/ Gains|Toedscruel, L50, M|100\/100\n|turn|4\n|c|\u2606ThatWillKid|that looks like a gg to me haha\n|c|\u2606Compries|idk camerupt is slow as fuck\n|c|\u2606ThatWillKid|that wont matter here lol\n|c|\u2606Compries|im glad i did get to pull that off\n|c|\u2606Compries|despite not getting tr up\n|\n|t:|1683402869\n|-terastallize|p1b: Back w\/ Gains|Water\n|move|p1b: Back w\/ Gains|Giga Drain|p2a: Camerupt\n|-damage|p2a: Camerupt|21\/100\n|move|p2a: Camerupt|Flare Blitz|p1b: Back w\/ Gains\n|-resisted|p1b: Back w\/ Gains\n|-damage|p1b: Back w\/ Gains|28\/100\n|-status|p1b: Back w\/ Gains|brn\n|-damage|p2a: Camerupt|0 fnt|[from] Recoil\n|faint|p2a: Camerupt\n|move|p2b: Arboliva|Energy Ball|p1a: lil' nacci\n|-supereffective|p1a: lil' nacci\n|-damage|p1a: lil' nacci|47\/100\n|move|p1a: lil' nacci|Body Press|p2b: Arboliva\n|-supereffective|p2b: Arboliva\n|-damage|p2b: Arboliva|61\/100\n|\n|-damage|p1b: Back w\/ Gains|22\/100 brn|[from] brn\n|upkeep\n|-enditem|p1b: Back w\/ Gains|Aguav Berry|[eat]\n|-heal|p1b: Back w\/ Gains|55\/100 brn|[from] item: Aguav Berry\n|turn|5\n|c|\u2606ThatWillKid|now gg\n|\n|t:|1683402915\n|move|p1b: Back w\/ Gains|Rage Powder|p1b: Back w\/ Gains\n|-singleturn|p1b: Back w\/ Gains|move: Rage Powder\n|move|p2b: Arboliva|Energy Ball|p1b: Back w\/ Gains\n|-supereffective|p1b: Back w\/ Gains\n|-damage|p1b: Back w\/ Gains|0 fnt\n|faint|p1b: Back w\/ Gains\n|move|p1a: lil' nacci|Body Press|p2b: Arboliva\n|-supereffective|p2b: Arboliva\n|-damage|p2b: Arboliva|20\/100\n|-enditem|p2b: Arboliva|Sitrus Berry|[eat]\n|-heal|p2b: Arboliva|45\/100|[from] item: Sitrus Berry\n|\n|-item|p2b: Arboliva|Sitrus Berry|[from] ability: Harvest\n|upkeep\n|-enditem|p2b: Arboliva|Sitrus Berry|[eat]\n|-heal|p2b: Arboliva|70\/100|[from] item: Sitrus Berry\n|turn|6\n|\n|t:|1683402931\n|move|p2b: Arboliva|Energy Ball|p1a: lil' nacci\n|-supereffective|p1a: lil' nacci\n|-damage|p1a: lil' nacci|0 fnt\n|faint|p1a: lil' nacci\n|\n|win|Compries\n|c|\u2606Compries|ggs!\n|c|\u2606Compries|i got replays\n|n|\u2606Compries@!|compries\n","uploadtime":1683402943,"views":15,"p1id":"thatwillkid","p2id":"compries","formatid":"gen9vgc2023regulationc","rating":0,"private":0,"password":""}