{"id":"gen9vgc2023regulationc-1845655639","p1":"Soda90vgc","p2":"Sk1tt3n","format":"[Gen 9] VGC 2023 Regulation C","log":"|j|\u2606Soda90vgc\n|j|\u2606Sk1tt3n\n|t:|1681752981\n|gametype|doubles\n|player|p1|Soda90vgc|102|1028\n|player|p2|Sk1tt3n|hexmaniac-gen6|1114\n|teamsize|p1|6\n|teamsize|p2|6\n|gen|9\n|tier|[Gen 9] VGC 2023 Regulation C\n|rated|\n|rule|Species Clause: Limit one of each Pok\u00e9mon\n|rule|Item Clause: Limit one of each item\n|clearpoke\n|poke|p1|Ting-Lu, L50|\n|poke|p1|Amoonguss, L50, M|\n|poke|p1|Baxcalibur, L50, M|\n|poke|p1|Arcanine, L50, F|\n|poke|p1|Palafin, L50, F|\n|poke|p1|Flutter Mane, L50|\n|poke|p2|Iron Hands, L50|\n|poke|p2|Bronzong, L50|\n|poke|p2|Dondozo, L50, M|\n|poke|p2|Farigiraf, L50, M|\n|poke|p2|Flutter Mane, L50|\n|poke|p2|Ting-Lu, L50|\n|teampreview|4\n|inactive|Battle timer is ON: inactive players will automatically lose when time's up. (requested by Soda90vgc)\n|\n|t:|1681753038\n|start\n|switch|p1a: Baxcalibur|Baxcalibur, L50, M|100\/100\n|switch|p1b: Amoonguss|Amoonguss, L50, M|100\/100\n|switch|p2a: Iron Hands|Iron Hands, L50|100\/100\n|switch|p2b: Bronzong|Bronzong, L50|100\/100\n|turn|1\n|\n|t:|1681753060\n|move|p2a: Iron Hands|Protect|p2a: Iron Hands\n|-singleturn|p2a: Iron Hands|Protect\n|move|p1a: Baxcalibur|Swords Dance|p1a: Baxcalibur\n|-boost|p1a: Baxcalibur|atk|2\n|move|p1b: Amoonguss|Spore|p2b: Bronzong\n|-activate|p2b: Bronzong|item: Safety Goggles|Spore\n|move|p2b: Bronzong|Trick Room|p2b: Bronzong\n|-fieldstart|move: Trick Room|[of] p2b: Bronzong\n|\n|upkeep\n|turn|2\n|inactive|Soda90vgc has 30 seconds left.\n|inactive|Sk1tt3n has 30 seconds left.\n|inactive|Sk1tt3n has 20 seconds left.\n|inactive|Soda90vgc has 20 seconds left.\n|inactive|Sk1tt3n has 15 seconds left.\n|inactive|Sk1tt3n has 10 seconds left.\n|inactive|Sk1tt3n has 5 seconds left.\n|\n|t:|1681753110\n|-terastallize|p2a: Iron Hands|Grass\n|move|p1a: Baxcalibur|Protect|p1a: Baxcalibur\n|-singleturn|p1a: Baxcalibur|Protect\n|move|p2b: Bronzong|Gyro Ball|p1a: Baxcalibur\n|-activate|p1a: Baxcalibur|move: Protect\n|move|p1b: Amoonguss|Spore|p2a: Iron Hands\n|-immune|p2a: Iron Hands\n|move|p2a: Iron Hands|Drain Punch|p1a: Baxcalibur\n|-activate|p1a: Baxcalibur|move: Protect\n|\n|upkeep\n|turn|3\n|inactive|Soda90vgc has 30 seconds left.\n|inactive|Sk1tt3n has 30 seconds left.\n|\n|t:|1681753138\n|move|p1b: Amoonguss|Rage Powder|p1b: Amoonguss\n|-singleturn|p1b: Amoonguss|move: Rage Powder\n|move|p2b: Bronzong|Reflect|p2b: Bronzong\n|-sidestart|p2: Sk1tt3n|Reflect\n|move|p2a: Iron Hands|Drain Punch|p1a: Baxcalibur\n|-supereffective|p1a: Baxcalibur\n|-damage|p1a: Baxcalibur|20\/100\n|move|p1a: Baxcalibur|Icicle Spear|p2a: Iron Hands\n|-supereffective|p2a: Iron Hands\n|-damage|p2a: Iron Hands|72\/100\n|-supereffective|p2a: Iron Hands\n|-damage|p2a: Iron Hands|46\/100\n|-supereffective|p2a: Iron Hands\n|-damage|p2a: Iron Hands|20\/100\n|-supereffective|p2a: Iron Hands\n|-damage|p2a: Iron Hands|0 fnt\n|faint|p2a: Iron Hands\n|-end|p2a: Iron Hands|Quark Drive|[silent]\n|-hitcount|p2: Iron Hands|4\n|\n|upkeep\n|\n|t:|1681753161\n|switch|p2a: Ting-Lu|Ting-Lu, L50|100\/100\n|-ability|p2a: Ting-Lu|Vessel of Ruin\n|turn|4\n|\n|t:|1681753178\n|move|p1a: Baxcalibur|Protect|p1a: Baxcalibur\n|-singleturn|p1a: Baxcalibur|Protect\n|move|p2b: Bronzong|Safeguard|p2b: Bronzong\n|-sidestart|p2: Sk1tt3n|Safeguard\n|move|p1b: Amoonguss|Spore|p2a: Ting-Lu\n|-activate|p2a: Ting-Lu|move: Safeguard\n|move|p2a: Ting-Lu|Heavy Slam|p1a: Baxcalibur\n|-activate|p1a: Baxcalibur|move: Protect\n|\n|upkeep\n|turn|5\n|\n|t:|1681753201\n|move|p1b: Amoonguss|Rage Powder|p1b: Amoonguss\n|-singleturn|p1b: Amoonguss|move: Rage Powder\n|move|p2b: Bronzong|Gyro Ball|p1a: Baxcalibur\n|-supereffective|p1a: Baxcalibur\n|-damage|p1a: Baxcalibur|0 fnt\n|faint|p1a: Baxcalibur\n|move|p2a: Ting-Lu|Fissure|p1b: Amoonguss\n|-damage|p1b: Amoonguss|0 fnt\n|faint|p1b: Amoonguss\n|-ohko\n|\n|-fieldend|move: Trick Room\n|upkeep\n|\n|t:|1681753213\n|switch|p1a: Ting-Lu|Ting-Lu, L50|100\/100\n|switch|p1b: Flutter Mane|Flutter Mane, L50|100\/100\n|-ability|p1a: Ting-Lu|Vessel of Ruin\n|turn|6\n|\n|t:|1681753230\n|-terastallize|p1b: Flutter Mane|Fairy\n|move|p1b: Flutter Mane|Moonblast|p2a: Ting-Lu\n|-supereffective|p2a: Ting-Lu\n|-damage|p2a: Ting-Lu|46\/100\n|move|p1a: Ting-Lu|Fissure|p2a: Ting-Lu|[miss]\n|-miss|p1a: Ting-Lu|p2a: Ting-Lu\n|move|p2a: Ting-Lu|Heavy Slam|p1b: Flutter Mane\n|-supereffective|p1b: Flutter Mane\n|-damage|p1b: Flutter Mane|5\/100\n|move|p2b: Bronzong|Gyro Ball|p1b: Flutter Mane\n|-supereffective|p1b: Flutter Mane\n|-damage|p1b: Flutter Mane|0 fnt\n|faint|p1b: Flutter Mane\n|-end|p1b: Flutter Mane|Protosynthesis|[silent]\n|\n|upkeep\n|turn|7\n|inactive|Sk1tt3n has 30 seconds left.\n|inactive|Sk1tt3n has 20 seconds left.\n|inactive|Sk1tt3n has 15 seconds left.\n|\n|t:|1681753271\n|move|p1a: Ting-Lu|Fissure|p2a: Ting-Lu|[miss]\n|-miss|p1a: Ting-Lu|p2a: Ting-Lu\n|move|p2a: Ting-Lu|Ruination|p1a: Ting-Lu\n|-damage|p1a: Ting-Lu|51\/100\n|move|p2b: Bronzong|Trick Room|p2b: Bronzong\n|-fieldstart|move: Trick Room|[of] p2b: Bronzong\n|\n|-sideend|p2: Sk1tt3n|Reflect\n|upkeep\n|turn|8\n|\n|t:|1681753284\n|move|p2b: Bronzong|Gyro Ball|p1a: Ting-Lu\n|-damage|p1a: Ting-Lu|41\/100\n|move|p2a: Ting-Lu|Ruination|p1a: Ting-Lu\n|-damage|p1a: Ting-Lu|21\/100\n|move|p1a: Ting-Lu|Fissure|p2a: Ting-Lu\n|-damage|p2a: Ting-Lu|0 fnt\n|faint|p2a: Ting-Lu\n|-ohko\n|\n|-sideend|p2: Sk1tt3n|Safeguard\n|upkeep\n|\n|t:|1681753294\n|switch|p2a: Dondozo|Dondozo, L50, M|100\/100\n|turn|9\n|\n|t:|1681753300\n|move|p2b: Bronzong|Gyro Ball|p1a: Ting-Lu\n|-damage|p1a: Ting-Lu|12\/100\n|move|p2a: Dondozo|Wave Crash|p1a: Ting-Lu\n|-supereffective|p1a: Ting-Lu\n|-damage|p1a: Ting-Lu|0 fnt\n|faint|p1a: Ting-Lu\n|-damage|p2a: Dondozo|97\/100|[from] Recoil\n|\n|win|Sk1tt3n\n|raw|Soda90vgc's rating: 1028 → 1017<\/strong> (-11 for losing)\n|raw|Sk1tt3n's rating: 1114 → 1133<\/strong> (+19 for winning)\n|l|\u2606Soda90vgc\n","uploadtime":1681753314,"views":14,"p1id":"soda90vgc","p2id":"sk1tt3n","formatid":"gen9vgc2023regulationc","rating":1017,"private":0,"password":""}