{"id":"gen9vgc2023regulationc-1845642760","p1":"Mashu2021","p2":"qrich27","format":"[Gen 9] VGC 2023 Regulation C","log":"|j|\u2606Mashu2021\n|j|\u2606qrich27\n|t:|1681751928\n|gametype|doubles\n|player|p1|Mashu2021|cynthia-gen4|1142\n|player|p2|qrich27|102|1145\n|teamsize|p1|6\n|teamsize|p2|6\n|gen|9\n|tier|[Gen 9] VGC 2023 Regulation C\n|rated|\n|rule|Species Clause: Limit one of each Pok\u00e9mon\n|rule|Item Clause: Limit one of each item\n|clearpoke\n|poke|p1|Orthworm, L50, M|\n|poke|p1|Ting-Lu, L50|\n|poke|p1|Gyarados, L50, F|\n|poke|p1|Dragonite, L50, M|\n|poke|p1|Iron Bundle, L50|\n|poke|p1|Flutter Mane, L50|\n|poke|p2|Wo-Chien, L50|\n|poke|p2|Gyarados, L50, F|\n|poke|p2|Iron Bundle, L50|\n|poke|p2|Amoonguss, L50, F|\n|poke|p2|Roaring Moon, L50|\n|poke|p2|Ceruledge, L50, F|\n|teampreview|4\n|\n|t:|1681751957\n|start\n|switch|p1a: Orthworm|Orthworm, L50, M|100\/100\n|switch|p1b: Ting-Lu|Ting-Lu, L50|100\/100\n|switch|p2a: Ceruledge|Ceruledge, L50, F|100\/100\n|switch|p2b: Iron Bundle|Iron Bundle, L50|100\/100\n|-ability|p1b: Ting-Lu|Vessel of Ruin\n|turn|1\n|inactive|Battle timer is ON: inactive players will automatically lose when time's up. (requested by Mashu2021)\n|\n|t:|1681751976\n|-terastallize|p1a: Orthworm|Fire\n|move|p2b: Iron Bundle|Substitute|p2b: Iron Bundle\n|-start|p2b: Iron Bundle|Substitute\n|-damage|p2b: Iron Bundle|76\/100\n|move|p2a: Ceruledge|Bitter Blade|p1a: Orthworm\n|-resisted|p1a: Orthworm\n|-damage|p1a: Orthworm|87\/100\n|move|p1a: Orthworm|Heavy Slam|p2b: Iron Bundle\n|-end|p2b: Iron Bundle|Substitute\n|move|p1b: Ting-Lu|Earthquake|p2a: Ceruledge|[spread] p2a,p2b\n|-heal|p1a: Orthworm|100\/100|[from] ability: Earth Eater|[of] p1b: Ting-Lu\n|-supereffective|p2a: Ceruledge\n|-damage|p2a: Ceruledge|28\/100\n|-damage|p2b: Iron Bundle|39\/100\n|\n|-heal|p2b: Iron Bundle|45\/100|[from] item: Leftovers\n|upkeep\n|turn|2\n|\n|t:|1681752001\n|switch|p2a: Wo-Chien|Wo-Chien, L50|100\/100\n|-ability|p2a: Wo-Chien|Tablets of Ruin\n|move|p2b: Iron Bundle|Hydro Pump|p1a: Orthworm\n|-supereffective|p1a: Orthworm\n|-damage|p1a: Orthworm|11\/100\n|-enditem|p1a: Orthworm|Sitrus Berry|[eat]\n|-heal|p1a: Orthworm|36\/100|[from] item: Sitrus Berry\n|move|p1a: Orthworm|Heavy Slam|p2b: Iron Bundle\n|-damage|p2b: Iron Bundle|19\/100\n|move|p1b: Ting-Lu|Earthquake|p2a: Wo-Chien|[spread] p2a,p2b\n|-heal|p1a: Orthworm|61\/100|[from] ability: Earth Eater|[of] p1b: Ting-Lu\n|-resisted|p2a: Wo-Chien\n|-crit|p2a: Wo-Chien\n|-damage|p2a: Wo-Chien|87\/100\n|-damage|p2b: Iron Bundle|0 fnt\n|faint|p2b: Iron Bundle\n|-end|p2b: Iron Bundle|Quark Drive|[silent]\n|\n|upkeep\n|\n|t:|1681752020\n|switch|p2b: Amoonguss|Amoonguss, L50, F|100\/100\n|turn|3\n|\n|t:|1681752038\n|move|p1a: Orthworm|Body Press|p2a: Wo-Chien\n|-supereffective|p2a: Wo-Chien\n|-damage|p2a: Wo-Chien|57\/100\n|move|p2a: Wo-Chien|Giga Drain|p1b: Ting-Lu\n|-supereffective|p1b: Ting-Lu\n|-damage|p1b: Ting-Lu|79\/100\n|-heal|p2a: Wo-Chien|71\/100|[from] drain|[of] p1b: Ting-Lu\n|move|p1b: Ting-Lu|Earthquake|p2b: Amoonguss|[spread] p2a,p2b\n|-heal|p1a: Orthworm|86\/100|[from] ability: Earth Eater|[of] p1b: Ting-Lu\n|-resisted|p2a: Wo-Chien\n|-damage|p2a: Wo-Chien|61\/100\n|-damage|p2b: Amoonguss|77\/100\n|move|p2b: Amoonguss|Spore|p1a: Orthworm\n|-status|p1a: Orthworm|slp|[from] move: Spore\n|\n|upkeep\n|turn|4\n|inactive|Mashu2021 has 30 seconds left.\n|\n|t:|1681752063\n|cant|p1a: Orthworm|slp\n|move|p2a: Wo-Chien|Giga Drain|p1b: Ting-Lu\n|-supereffective|p1b: Ting-Lu\n|-damage|p1b: Ting-Lu|58\/100\n|-heal|p2a: Wo-Chien|75\/100|[from] drain|[of] p1b: Ting-Lu\n|move|p1b: Ting-Lu|Earthquake|p2a: Wo-Chien|[spread] p2a,p2b\n|-heal|p1a: Orthworm|100\/100 slp|[from] ability: Earth Eater|[of] p1b: Ting-Lu\n|-resisted|p2a: Wo-Chien\n|-damage|p2a: Wo-Chien|66\/100\n|-damage|p2b: Amoonguss|54\/100\n|move|p2b: Amoonguss|Spore|p1b: Ting-Lu\n|-status|p1b: Ting-Lu|slp|[from] move: Spore\n|\n|upkeep\n|turn|5\n|\n|t:|1681752087\n|cant|p1a: Orthworm|slp\n|move|p2a: Wo-Chien|Giga Drain|p1b: Ting-Lu\n|-supereffective|p1b: Ting-Lu\n|-damage|p1b: Ting-Lu|39\/100 slp\n|-heal|p2a: Wo-Chien|79\/100|[from] drain|[of] p1b: Ting-Lu\n|cant|p1b: Ting-Lu|slp\n|move|p2b: Amoonguss|Pollen Puff|p2a: Wo-Chien\n|-heal|p2a: Wo-Chien|100\/100\n|\n|upkeep\n|turn|6\n|\n|t:|1681752108\n|-curestatus|p1a: Orthworm|slp|[msg]\n|move|p1a: Orthworm|Iron Defense|p1a: Orthworm\n|-boost|p1a: Orthworm|def|2\n|move|p2a: Wo-Chien|Giga Drain|p1b: Ting-Lu\n|-supereffective|p1b: Ting-Lu\n|-damage|p1b: Ting-Lu|19\/100 slp\n|cant|p1b: Ting-Lu|slp\n|move|p2b: Amoonguss|Spore|p1a: Orthworm\n|-status|p1a: Orthworm|slp|[from] move: Spore\n|\n|upkeep\n|turn|7\n|inactive|Mashu2021 has 30 seconds left.\n|inactive|qrich27 has 30 seconds left.\n|\n|t:|1681752133\n|switch|p2a: Ceruledge|Ceruledge, L50, F|28\/100\n|cant|p1a: Orthworm|slp\n|-curestatus|p1b: Ting-Lu|slp|[msg]\n|move|p1b: Ting-Lu|Ruination|p2a: Ceruledge\n|-damage|p2a: Ceruledge|14\/100\n|move|p2b: Amoonguss|Pollen Puff|p1b: Ting-Lu\n|-supereffective|p1b: Ting-Lu\n|-damage|p1b: Ting-Lu|6\/100\n|\n|upkeep\n|turn|8\n|\n|t:|1681752153\n|switch|p2b: Wo-Chien|Wo-Chien, L50|100\/100\n|-ability|p2b: Wo-Chien|Tablets of Ruin\n|move|p2a: Ceruledge|Shadow Sneak|p1b: Ting-Lu\n|-resisted|p1b: Ting-Lu\n|-damage|p1b: Ting-Lu|2\/100\n|cant|p1a: Orthworm|slp\n|move|p1b: Ting-Lu|Earthquake|p2b: Wo-Chien|[spread] p2a,p2b\n|-immune|p1a: Orthworm|[from] ability: Earth Eater\n|-supereffective|p2a: Ceruledge\n|-resisted|p2b: Wo-Chien\n|-damage|p2a: Ceruledge|0 fnt\n|-damage|p2b: Wo-Chien|91\/100\n|faint|p2a: Ceruledge\n|\n|upkeep\n|\n|t:|1681752168\n|switch|p2a: Amoonguss|Amoonguss, L50, F|87\/100\n|turn|9\n|\n|t:|1681752182\n|-curestatus|p1a: Orthworm|slp|[msg]\n|move|p1a: Orthworm|Iron Defense|p1a: Orthworm\n|-boost|p1a: Orthworm|def|2\n|move|p2b: Wo-Chien|Giga Drain|p1b: Ting-Lu\n|-supereffective|p1b: Ting-Lu\n|-damage|p1b: Ting-Lu|0 fnt\n|-heal|p2b: Wo-Chien|92\/100|[from] drain|[of] p1b: Ting-Lu\n|faint|p1b: Ting-Lu\n|move|p2a: Amoonguss|Spore|p1a: Orthworm\n|-status|p1a: Orthworm|slp|[from] move: Spore\n|\n|upkeep\n|\n|t:|1681752200\n|switch|p1b: Gyarados|Gyarados, L50, F|100\/100\n|-ability|p1b: Gyarados|Intimidate|boost\n|-unboost|p2a: Amoonguss|atk|1\n|-unboost|p2b: Wo-Chien|atk|1\n|turn|10\n|\n|t:|1681752220\n|move|p1b: Gyarados|Taunt|p2a: Amoonguss\n|-start|p2a: Amoonguss|move: Taunt\n|cant|p1a: Orthworm|slp\n|move|p2b: Wo-Chien|Ruination|p1a: Orthworm\n|-damage|p1a: Orthworm|50\/100 slp\n|cant|p2a: Amoonguss|move: Taunt|Spore\n|\n|upkeep\n|turn|11\n|\n|t:|1681752237\n|-terastallize|p2b: Wo-Chien|Ghost\n|move|p1b: Gyarados|Earthquake|p2a: Amoonguss|[spread] p2a,p2b\n|-heal|p1a: Orthworm|75\/100 slp|[from] ability: Earth Eater|[of] p1b: Gyarados\n|-damage|p2a: Amoonguss|73\/100\n|-damage|p2b: Wo-Chien|81\/100\n|cant|p1a: Orthworm|slp\n|move|p2b: Wo-Chien|Foul Play|p1a: Orthworm\n|-damage|p1a: Orthworm|69\/100 slp\n|move|p2a: Amoonguss|Pollen Puff|p2b: Wo-Chien\n|-heal|p2b: Wo-Chien|100\/100\n|\n|upkeep\n|turn|12\n|inactive|Mashu2021 has 30 seconds left.\n|inactive|Mashu2021 has 20 seconds left.\n|inactive|Mashu2021 has 15 seconds left.\n|\n|t:|1681752279\n|move|p1b: Gyarados|Thunder Wave|p2b: Wo-Chien\n|-status|p2b: Wo-Chien|par\n|-curestatus|p1a: Orthworm|slp|[msg]\n|move|p1a: Orthworm|Body Press|p2a: Amoonguss\n|-resisted|p2a: Amoonguss\n|-damage|p2a: Amoonguss|46\/100\n|-enditem|p2a: Amoonguss|Sitrus Berry|[eat]\n|-heal|p2a: Amoonguss|71\/100|[from] item: Sitrus Berry\n|move|p2b: Wo-Chien|Ruination|p1b: Gyarados\n|-damage|p1b: Gyarados|50\/100\n|move|p2a: Amoonguss|Pollen Puff|p2b: Wo-Chien\n|-immune|p2b: Wo-Chien\n|\n|-end|p2a: Amoonguss|move: Taunt\n|upkeep\n|turn|13\n|\n|t:|1681752304\n|move|p2a: Amoonguss|Protect|p2a: Amoonguss\n|-singleturn|p2a: Amoonguss|Protect\n|move|p1b: Gyarados|Taunt|p2a: Amoonguss\n|-activate|p2a: Amoonguss|move: Protect\n|move|p1a: Orthworm|Body Press|p2a: Amoonguss\n|-activate|p2a: Amoonguss|move: Protect\n|cant|p2b: Wo-Chien|par\n|\n|upkeep\n|turn|14\n|\n|t:|1681752322\n|move|p1b: Gyarados|Taunt|p2a: Amoonguss\n|-start|p2a: Amoonguss|move: Taunt\n|move|p1a: Orthworm|Body Press|p2a: Amoonguss\n|-resisted|p2a: Amoonguss\n|-damage|p2a: Amoonguss|47\/100\n|move|p2b: Wo-Chien|Foul Play|p1b: Gyarados\n|-damage|p1b: Gyarados|17\/100\n|-enditem|p1b: Gyarados|Figy Berry|[eat]\n|-heal|p1b: Gyarados|50\/100|[from] item: Figy Berry\n|cant|p2a: Amoonguss|move: Taunt|Spore\n|\n|upkeep\n|turn|15\n|inactive|Mashu2021 has 30 seconds left.\n|\n|t:|1681752347\n|move|p1b: Gyarados|Earthquake|p2a: Amoonguss|[spread] p2a,p2b\n|-heal|p1a: Orthworm|94\/100|[from] ability: Earth Eater|[of] p1b: Gyarados\n|-damage|p2a: Amoonguss|35\/100\n|-damage|p2b: Wo-Chien|89\/100 par\n|move|p1a: Orthworm|Heavy Slam|p2b: Wo-Chien\n|-damage|p2b: Wo-Chien|72\/100 par\n|move|p2b: Wo-Chien|Foul Play|p1b: Gyarados\n|-damage|p1b: Gyarados|15\/100\n|move|p2a: Amoonguss|Pollen Puff|p1b: Gyarados\n|-resisted|p1b: Gyarados\n|-damage|p1b: Gyarados|8\/100\n|\n|upkeep\n|turn|16\n|\n|t:|1681752367\n|move|p1b: Gyarados|Earthquake|p2b: Wo-Chien|[spread] p2a,p2b\n|-heal|p1a: Orthworm|100\/100|[from] ability: Earth Eater|[of] p1b: Gyarados\n|-damage|p2a: Amoonguss|21\/100\n|-damage|p2b: Wo-Chien|60\/100 par\n|move|p1a: Orthworm|Body Press|p2a: Amoonguss\n|-resisted|p2a: Amoonguss\n|-damage|p2a: Amoonguss|0 fnt\n|faint|p2a: Amoonguss\n|move|p2b: Wo-Chien|Giga Drain|p1b: Gyarados\n|-damage|p1b: Gyarados|0 fnt\n|-heal|p2b: Wo-Chien|64\/100 par|[from] drain|[of] p1b: Gyarados\n|faint|p1b: Gyarados\n|\n|upkeep\n|\n|t:|1681752379\n|switch|p1b: Dragonite|Dragonite, L50, M|100\/100\n|turn|17\n|\n|t:|1681752403\n|move|p1b: Dragonite|Earthquake|p2b: Wo-Chien|[spread] p2b\n|-immune|p1a: Orthworm|[from] ability: Earth Eater\n|-damage|p2b: Wo-Chien|39\/100 par\n|move|p1a: Orthworm|Heavy Slam|p2b: Wo-Chien\n|-damage|p2b: Wo-Chien|21\/100 par\n|move|p2b: Wo-Chien|Ruination|p1b: Dragonite\n|-damage|p1b: Dragonite|51\/100\n|\n|upkeep\n|turn|18\n|\n|t:|1681752418\n|move|p1b: Dragonite|Earthquake|p2b: Wo-Chien|[spread] p2b\n|-immune|p1a: Orthworm|[from] ability: Earth Eater\n|-damage|p2b: Wo-Chien|0 fnt\n|faint|p2b: Wo-Chien\n|\n|win|Mashu2021\n|raw|Mashu2021's rating: 1142 → 1167<\/strong> (+25 for winning)\n|raw|qrich27's rating: 1145 → 1120<\/strong> (-25 for losing)\n|l|\u2606qrich27\n","uploadtime":1681752433,"views":12,"p1id":"mashu2021","p2id":"qrich27","formatid":"gen9vgc2023regulationc","rating":1120,"private":0,"password":""}