{"id":"gen9vgc2023regulationc-1845893319","p1":"kwantumvgc","p2":"TViewierVGC","format":"[Gen 9] VGC 2023 Regulation C","log":"|j|\u2606kwantumvgc\n|j|\u2606TViewierVGC\n|t:|1681776242\n|gametype|doubles\n|player|p1|kwantumvgc|2|1294\n|player|p2|TViewierVGC|ingo|1321\n|teamsize|p1|6\n|teamsize|p2|6\n|gen|9\n|tier|[Gen 9] VGC 2023 Regulation C\n|rated|\n|rule|Species Clause: Limit one of each Pok\u00e9mon\n|rule|Item Clause: Limit one of each item\n|clearpoke\n|poke|p1|Volcarona, L50, M|\n|poke|p1|Wo-Chien, L50|\n|poke|p1|Grimmsnarl, L50, M|\n|poke|p1|Azumarill, L50, F|\n|poke|p1|Glimmora, L50, F|\n|poke|p1|Flutter Mane, L50|\n|poke|p2|Iron Bundle, L50|\n|poke|p2|Flutter Mane, L50|\n|poke|p2|Kingambit, L50, M|\n|poke|p2|Dragapult, L50, M|\n|poke|p2|Indeedee-F, L50, F|\n|poke|p2|Amoonguss, L50, M|\n|teampreview|4\n|inactive|Battle timer is ON: inactive players will automatically lose when time's up. (requested by TViewierVGC)\nkwantumvgc has agreed to open team sheets.\n|inactive|kwantumvgc has 60 seconds left.\n|\n|t:|1681776289\n|start\n|switch|p1a: Volcarona|Volcarona, L50, M|100\/100\n|switch|p1b: Azumarill|Azumarill, L50, F|100\/100\n|switch|p2a: Dragapult|Dragapult, L50, M|100\/100\n|switch|p2b: Kingambit|Kingambit, L50, M, shiny|100\/100\n|turn|1\n|inactive|TViewierVGC has 30 seconds left.\n|\n|t:|1681776318\n|switch|p2b: Iron Bundle|Iron Bundle, L50|100\/100\n|-enditem|p2b: Iron Bundle|Booster Energy\n|-activate|p2b: Iron Bundle|ability: Quark Drive|[fromitem]\n|-start|p2b: Iron Bundle|quarkdrivespe\n|move|p2a: Dragapult|Dragon Darts|p1a: Volcarona\n|-damage|p1a: Volcarona|60\/100\n|-anim|p2a: Dragapult|Dragon Darts|p1a: Volcarona\n|-damage|p1a: Volcarona|17\/100\n|move|p1a: Volcarona|Heat Wave|p2b: Iron Bundle|[spread] p2a,p2b\n|-resisted|p2a: Dragapult\n|-damage|p2a: Dragapult|75\/100\n|-damage|p2b: Iron Bundle|26\/100\n|move|p1b: Azumarill|Play Rough|p2a: Dragapult\n|-supereffective|p2a: Dragapult\n|-damage|p2a: Dragapult|0 fnt\n|faint|p2a: Dragapult\n|\n|upkeep\n|\n|t:|1681776336\n|switch|p2a: Kingambit|Kingambit, L50, M, shiny|100\/100\n|turn|2\n|inactive|kwantumvgc has 30 seconds left.\n|\n|t:|1681776363\n|switch|p1a: Wo-Chien|Wo-Chien, L50|100\/100\n|-ability|p1a: Wo-Chien|Tablets of Ruin\n|move|p2a: Kingambit|Sucker Punch||[still]\n|-fail|p2a: Kingambit\n|move|p2b: Iron Bundle|Freeze-Dry|p1b: Azumarill\n|-supereffective|p1b: Azumarill\n|-damage|p1b: Azumarill|46\/100\n|move|p1b: Azumarill|Play Rough|p2b: Iron Bundle\n|-crit|p2b: Iron Bundle\n|-damage|p2b: Iron Bundle|0 fnt\n|faint|p2b: Iron Bundle\n|-end|p2b: Iron Bundle|Quark Drive|[silent]\n|\n|upkeep\n|\n|t:|1681776374\n|switch|p2b: Amoonguss|Amoonguss, L50, M|100\/100\n|turn|3\n|\n|t:|1681776385\n|move|p1a: Wo-Chien|Pollen Puff|p1b: Azumarill\n|-heal|p1b: Azumarill|96\/100\n|move|p1b: Azumarill|Play Rough|p2a: Kingambit\n|-damage|p2a: Kingambit|65\/100\n|move|p2a: Kingambit|Iron Head|p1b: Azumarill\n|-damage|p1b: Azumarill|57\/100\n|move|p2b: Amoonguss|Pollen Puff|p1a: Wo-Chien\n|-supereffective|p1a: Wo-Chien\n|-damage|p1a: Wo-Chien|59\/100\n|\n|-heal|p1a: Wo-Chien|65\/100|[from] item: Leftovers\n|upkeep\n|turn|4\n|inactive|kwantumvgc has 30 seconds left.\n|\n|t:|1681776418\n|-terastallize|p1a: Wo-Chien|Poison\n|move|p2a: Kingambit|Protect|p2a: Kingambit\n|-singleturn|p2a: Kingambit|Protect\n|move|p1a: Wo-Chien|Leech Seed|p2a: Kingambit\n|-activate|p2a: Kingambit|move: Protect\n|move|p1b: Azumarill|Ice Spinner|p2b: Amoonguss\n|-supereffective|p2b: Amoonguss\n|-damage|p2b: Amoonguss|61\/100\n|move|p2b: Amoonguss|Pollen Puff|p1a: Wo-Chien\n|-resisted|p1a: Wo-Chien\n|-damage|p1a: Wo-Chien|59\/100\n|\n|-heal|p1a: Wo-Chien|65\/100|[from] item: Leftovers\n|upkeep\n|turn|5\n|\n|t:|1681776442\n|move|p1a: Wo-Chien|Pollen Puff|p1b: Azumarill\n|-heal|p1b: Azumarill|100\/100\n|move|p1b: Azumarill|Play Rough|p2b: Amoonguss\n|-resisted|p2b: Amoonguss\n|-damage|p2b: Amoonguss|43\/100\n|move|p2a: Kingambit|Iron Head|p1b: Azumarill\n|-damage|p1b: Azumarill|61\/100\n|move|p2b: Amoonguss|Spore|p1a: Wo-Chien\n|-status|p1a: Wo-Chien|slp|[from] move: Spore\n|\n|-heal|p1a: Wo-Chien|71\/100 slp|[from] item: Leftovers\n|upkeep\n|turn|6\n|\n|t:|1681776465\n|switch|p1b: Volcarona|Volcarona, L50, M|17\/100\n|cant|p1a: Wo-Chien|slp\n|move|p2a: Kingambit|Iron Head|p1b: Volcarona\n|-resisted|p1b: Volcarona\n|-damage|p1b: Volcarona|0 fnt\n|-damage|p2a: Kingambit|49\/100|[from] item: Rocky Helmet|[of] p1b: Volcarona\n|faint|p1b: Volcarona\n|move|p2b: Amoonguss|Spore|p1a: Wo-Chien\n|-fail|p1a: Wo-Chien|slp\n|\n|-heal|p1a: Wo-Chien|78\/100 slp|[from] item: Leftovers\n|upkeep\n|\n|t:|1681776470\n|switch|p1b: Azumarill|Azumarill, L50, F|61\/100\n|turn|7\n|\n|t:|1681776481\n|cant|p1a: Wo-Chien|slp\n|move|p1b: Azumarill|Ice Spinner|p2b: Amoonguss\n|-supereffective|p2b: Amoonguss\n|-damage|p2b: Amoonguss|1\/100\n|move|p2a: Kingambit|Iron Head|p1b: Azumarill\n|-damage|p1b: Azumarill|27\/100\n|move|p2b: Amoonguss|Pollen Puff|p2a: Kingambit\n|-heal|p2a: Kingambit|99\/100\n|\n|-heal|p1a: Wo-Chien|84\/100 slp|[from] item: Leftovers\n|upkeep\n|turn|8\n|inactive|TViewierVGC has 30 seconds left.\n|\n|t:|1681776507\n|move|p1b: Azumarill|Aqua Jet|p2b: Amoonguss\n|-resisted|p2b: Amoonguss\n|-damage|p2b: Amoonguss|0 fnt\n|faint|p2b: Amoonguss\n|cant|p1a: Wo-Chien|slp\n|move|p2a: Kingambit|Iron Head|p1b: Azumarill\n|-damage|p1b: Azumarill|0 fnt\n|faint|p1b: Azumarill\n|\n|-heal|p1a: Wo-Chien|90\/100 slp|[from] item: Leftovers\n|upkeep\n|\n|t:|1681776514\n|switch|p1b: Flutter Mane|Flutter Mane, L50|100\/100\n|turn|9\n|\n|t:|1681776524\n|move|p2a: Kingambit|Sucker Punch|p1b: Flutter Mane\n|-damage|p1b: Flutter Mane|47\/100\n|move|p1b: Flutter Mane|Moonblast|p2a: Kingambit\n|-damage|p2a: Kingambit|23\/100\n|-curestatus|p1a: Wo-Chien|slp|[msg]\n|move|p1a: Wo-Chien|Leech Seed|p2a: Kingambit\n|-start|p2a: Kingambit|move: Leech Seed\n|\n|-heal|p1a: Wo-Chien|96\/100|[from] item: Leftovers\n|-damage|p2a: Kingambit|11\/100|[from] Leech Seed|[of] p1a: Wo-Chien\n|-heal|p1a: Wo-Chien|100\/100|[silent]\n|upkeep\n|turn|10\n|\n|t:|1681776537\n|move|p2a: Kingambit|Sucker Punch|p1b: Flutter Mane\n|-damage|p1b: Flutter Mane|0 fnt\n|faint|p1b: Flutter Mane\n|-end|p1b: Flutter Mane|Protosynthesis|[silent]\n|move|p1a: Wo-Chien|Pollen Puff|p2a: Kingambit\n|-damage|p2a: Kingambit|0 fnt\n|faint|p2a: Kingambit\n|\n|win|kwantumvgc\n|raw|kwantumvgc's rating: 1294 → 1321<\/strong> (+27 for winning)\n|raw|TViewierVGC's rating: 1321 → 1299<\/strong> (-22 for losing)\n|l|\u2606TViewierVGC\n","uploadtime":1681776550,"views":8,"p1id":"kwantumvgc","p2id":"tviewiervgc","formatid":"gen9vgc2023regulationc","rating":1299,"private":0,"password":""}