{"id":"gen9vgc2023regulationc-1855089176","p1":"glitchy_potat","p2":"leafyarrow","format":"[Gen 9] VGC 2023 Regulation C","log":"|j|\u2606glitchy_potat\n|j|\u2606leafyarrow\n|t:|1682899942\n|gametype|doubles\n|player|p1|glitchy_potat|nate|1343\n|player|p2|leafyarrow|leaf-gen3|1302\n|teamsize|p1|6\n|teamsize|p2|6\n|gen|9\n|tier|[Gen 9] VGC 2023 Regulation C\n|rated|\n|rule|Species Clause: Limit one of each Pok\u00e9mon\n|rule|Item Clause: Limit one of each item\n|clearpoke\n|poke|p1|Palafin, L50, M|\n|poke|p1|Dragonite, L50, M|\n|poke|p1|Arcanine, L50, M|\n|poke|p1|Brute Bonnet, L50|\n|poke|p1|Flutter Mane, L50|\n|poke|p1|Chien-Pao, L50|\n|poke|p2|Flutter Mane, L50|\n|poke|p2|Palafin, L50, M|\n|poke|p2|Amoonguss, L50, M|\n|poke|p2|Ting-Lu, L50|\n|poke|p2|Arcanine, L50, M|\n|poke|p2|Jolteon, L50, F|\n|teampreview|4\n|inactive|Battle timer is ON: inactive players will automatically lose when time's up. (requested by glitchy_potat)\nleafyarrow has agreed to open team sheets.\n|inactive|glitchy_potat has 60 seconds left.\n|\n|t:|1682899979\n|start\n|switch|p1a: JoJo|Palafin, L50, M|100\/100\n|switch|p1b: Brute Bonnet|Brute Bonnet, L50|100\/100\n|switch|p2a: Arcanine|Arcanine, L50, M|100\/100\n|switch|p2b: Palafin|Palafin, L50, M|100\/100\n|-ability|p2a: Arcanine|Intimidate|boost\n|-unboost|p1a: JoJo|atk|1\n|-unboost|p1b: Brute Bonnet|atk|1\n|turn|1\n|inactive|leafyarrow has 30 seconds left.\n|\n|t:|1682900010\n|detailschange|p2b: Palafin|Palafin-Hero, L50, M\n|switch|p2b: Amoonguss|Amoonguss, L50, M|100\/100\n|-end|p1b: Brute Bonnet|Protosynthesis|[silent]\n|switch|p1b: Dragonite|Dragonite, L50, M, shiny|100\/100\n|-terastallize|p1a: JoJo|Water\n|move|p2a: Arcanine|Will-O-Wisp|p1a: JoJo|[miss]\n|-miss|p2a: Arcanine|p1a: JoJo\n|move|p1a: JoJo|Flip Turn|p2a: Arcanine\n|-supereffective|p2a: Arcanine\n|-damage|p2a: Arcanine|56\/100\n|\n|t:|1682900025\n|detailschange|p1a: JoJo|Palafin-Hero, L50, M, tera:Water\n|switch|p1a: Chien-Pao|Chien-Pao, L50|100\/100|[from] Flip Turn\n|-ability|p1a: Chien-Pao|Sword of Ruin\n|\n|upkeep\n|turn|2\n|inactive|glitchy_potat has 30 seconds left.\n|\n|t:|1682900052\n|switch|p2a: Flutter Mane|Flutter Mane, L50|100\/100\n|move|p1b: Dragonite|Extreme Speed|p2b: Amoonguss\n|-damage|p2b: Amoonguss|67\/100\n|move|p1a: Chien-Pao|Ice Spinner|p2b: Amoonguss\n|-supereffective|p2b: Amoonguss\n|-damage|p2b: Amoonguss|0 fnt\n|faint|p2b: Amoonguss\n|\n|upkeep\n|\n|t:|1682900065\n|switch|p2b: Palafin|Palafin-Hero, L50, M|100\/100\n|-activate|p2b: Palafin|ability: Zero to Hero\n|turn|3\n|\n|t:|1682900083\n|move|p1b: Dragonite|Protect|p1b: Dragonite\n|-singleturn|p1b: Dragonite|Protect\n|move|p2b: Palafin|Jet Punch|p1a: Chien-Pao\n|-damage|p1a: Chien-Pao|33\/100\n|move|p2a: Flutter Mane|Dazzling Gleam|p1b: Dragonite|[spread] p1a\n|-activate|p1b: Dragonite|move: Protect\n|-supereffective|p1a: Chien-Pao\n|-damage|p1a: Chien-Pao|0 fnt\n|faint|p1a: Chien-Pao\n|\n|upkeep\n|\n|t:|1682900103\n|switch|p1a: JoJo|Palafin-Hero, L50, M, tera:Water|100\/100\n|-activate|p1a: JoJo|ability: Zero to Hero\n|turn|4\n|\n|t:|1682900128\n|-end|p2a: Flutter Mane|Protosynthesis|[silent]\n|switch|p2a: Arcanine|Arcanine, L50, M|56\/100\n|-ability|p2a: Arcanine|Intimidate|boost\n|-unboost|p1a: JoJo|atk|1\n|-fail|p1b: Dragonite|unboost|[from] item: Clear Amulet|[of] p1b: Dragonite\n|-terastallize|p2b: Palafin|Water\n|move|p1a: JoJo|Jet Punch|p2a: Arcanine\n|-supereffective|p2a: Arcanine\n|-damage|p2a: Arcanine|0 fnt\n|faint|p2a: Arcanine\n|move|p2b: Palafin|Wave Crash|p1b: Dragonite\n|-resisted|p1b: Dragonite\n|-crit|p1b: Dragonite\n|-damage|p1b: Dragonite|60\/100\n|-damage|p2b: Palafin|88\/100|[from] Recoil\n|move|p1b: Dragonite|Thunder Punch|p2b: Palafin\n|-supereffective|p2b: Palafin\n|-damage|p2b: Palafin|31\/100\n|\n|upkeep\n|\n|t:|1682900141\n|switch|p2a: Flutter Mane|Flutter Mane, L50|100\/100\n|turn|5\n|\n|t:|1682900159\n|move|p1b: Dragonite|Extreme Speed|p2b: Palafin\n|-damage|p2b: Palafin|5\/100\n|move|p2b: Palafin|Jet Punch|p1b: Dragonite\n|-resisted|p1b: Dragonite\n|-damage|p1b: Dragonite|28\/100\n|move|p1a: JoJo|Jet Punch|p2a: Flutter Mane\n|-damage|p2a: Flutter Mane|25\/100\n|move|p2a: Flutter Mane|Dazzling Gleam|p1a: JoJo|[spread] p1a,p1b\n|-crit|p1a: JoJo\n|-supereffective|p1b: Dragonite\n|-damage|p1a: JoJo|46\/100\n|-damage|p1b: Dragonite|0 fnt\n|faint|p1b: Dragonite\n|\n|upkeep\n|\n|t:|1682900172\n|switch|p1b: Brute Bonnet|Brute Bonnet, L50|100\/100\n|turn|6\n|\n|t:|1682900179\n|move|p2b: Palafin|Jet Punch|p1a: JoJo\n|-resisted|p1a: JoJo\n|-damage|p1a: JoJo|18\/100\n|move|p1a: JoJo|Jet Punch|p2a: Flutter Mane\n|-damage|p2a: Flutter Mane|0 fnt\n|faint|p2a: Flutter Mane\n|-end|p2a: Flutter Mane|Protosynthesis|[silent]\n|move|p1b: Brute Bonnet|Sucker Punch||[still]\n|-fail|p1b: Brute Bonnet\n|\n|upkeep\n|turn|7\n|\n|t:|1682900192\n|move|p2b: Palafin|Jet Punch|p1a: JoJo\n|-resisted|p1a: JoJo\n|-damage|p1a: JoJo|0 fnt\n|faint|p1a: JoJo\n|move|p1b: Brute Bonnet|Sucker Punch||[still]\n|-fail|p1b: Brute Bonnet\n|\n|upkeep\n|turn|8\n|\n|t:|1682900200\n|move|p2b: Palafin|Jet Punch|p1b: Brute Bonnet\n|-resisted|p1b: Brute Bonnet\n|-damage|p1b: Brute Bonnet|76\/100\n|-damage|p2b: Palafin|0 fnt|[from] item: Rocky Helmet|[of] p1b: Brute Bonnet\n|faint|p2b: Palafin\n|\n|win|glitchy_potat\n|raw|glitchy_potat's rating: 1343 → 1361<\/strong> (+18 for winning)\n|raw|leafyarrow's rating: 1302 → 1284<\/strong> (-18 for losing)\n","uploadtime":1682900205,"views":4,"p1id":"glitchypotat","p2id":"leafyarrow","formatid":"gen9vgc2023regulationc","rating":1284,"private":0,"password":""}