{"id":"gen9vgc2023regulationc-1849423689","p1":"josete45","p2":"adrimicod","format":"[Gen 9] VGC 2023 Regulation C","log":"|j|\u2606josete45\n|j|\u2606adrimicod\n|t:|1682196859\n|gametype|doubles\n|player|p1|josete45|170|\n|player|p2|adrimicod|hugh|\n|teamsize|p1|6\n|teamsize|p2|6\n|gen|9\n|tier|[Gen 9] VGC 2023 Regulation C\n|rule|Species Clause: Limit one of each Pok\u00e9mon\n|rule|Item Clause: Limit one of each item\n|clearpoke\n|poke|p1|Palafin, L50, F|\n|poke|p1|Chien-Pao, L50|\n|poke|p1|Dragapult, L50, F|\n|poke|p1|Amoonguss, L50, M|\n|poke|p1|Arcanine, L50, M|\n|poke|p1|Flutter Mane, L50|\n|poke|p2|Iron Hands, L50|\n|poke|p2|Torkoal, L50, M|\n|poke|p2|Indeedee-F, L50, F|\n|poke|p2|Armarouge, L50, M|\n|poke|p2|Tatsugiri, L50, M|\n|poke|p2|Dondozo, L50, M|\n|teampreview|4\n|inactive|Battle timer is ON: inactive players will automatically lose when time's up. (requested by adrimicod)\nadrimicod has agreed to open team sheets.\n|inactive|adrimicod has 60 seconds left.\n|\n|t:|1682196899\n|start\n|switch|p1a: ChiYu|Arcanine, L50, M|100\/100\n|switch|p1b: Dozo|Palafin, L50, F|100\/100\n|switch|p2a: Iron Hands|Iron Hands, L50|100\/100\n|switch|p2b: Armarouge|Armarouge, L50, M, shiny|100\/100\n|-ability|p1a: ChiYu|Intimidate|boost\n|-unboost|p2a: Iron Hands|atk|1\n|-unboost|p2b: Armarouge|atk|1\n|turn|1\n|\n|t:|1682196920\n|detailschange|p1b: Dozo|Palafin-Hero, L50, F\n|switch|p1b: WoChien|Amoonguss, L50, M|100\/100\n|move|p2a: Iron Hands|Fake Out|p1b: WoChien\n|-damage|p1b: WoChien|92\/100\n|move|p1a: ChiYu|Will-O-Wisp|p2a: Iron Hands\n|-status|p2a: Iron Hands|brn\n|move|p2b: Armarouge|Trick Room|p2b: Armarouge\n|-fieldstart|move: Trick Room|[of] p2b: Armarouge\n|\n|-damage|p2a: Iron Hands|94\/100 brn|[from] brn\n|upkeep\n|turn|2\n|\n|t:|1682196937\n|-end|p2a: Iron Hands|Quark Drive|[silent]\n|switch|p2a: Indeedee|Indeedee-F, L50, F|100\/100\n|-fieldstart|move: Psychic Terrain|[from] ability: Psychic Surge|[of] p2a: Indeedee\n|-enditem|p2a: Indeedee|Psychic Seed\n|-boost|p2a: Indeedee|spd|1|[from] item: Psychic Seed\n|-terastallize|p2b: Armarouge|Grass\n|move|p1a: ChiYu|Protect|p1a: ChiYu\n|-singleturn|p1a: ChiYu|Protect\n|move|p1b: WoChien|Spore|p2b: Armarouge\n|-immune|p2b: Armarouge\n|move|p2b: Armarouge|Expanding Force|p1a: ChiYu|[spread] p1b\n|-activate|p1a: ChiYu|move: Protect\n|-supereffective|p1b: WoChien\n|-damage|p1b: WoChien|0 fnt\n|faint|p1b: WoChien\n|\n|upkeep\n|inactive|josete45 has 30 seconds left.\n|\n|t:|1682196963\n|switch|p1b: Dozo|Palafin-Hero, L50, F|100\/100\n|-activate|p1b: Dozo|ability: Zero to Hero\n|turn|3\n|\n|t:|1682196973\n|move|p2a: Indeedee|Helping Hand|p2b: Armarouge\n|-singleturn|p2b: Armarouge|Helping Hand|[of] p2a: Indeedee\n|move|p1b: Dozo|Protect|p1b: Dozo\n|-singleturn|p1b: Dozo|Protect\n|move|p2b: Armarouge|Expanding Force|p1b: Dozo|[spread] p1a\n|-activate|p1b: Dozo|move: Protect\n|-damage|p1a: ChiYu|0 fnt\n|faint|p1a: ChiYu\n|\n|upkeep\n|\n|t:|1682196986\n|switch|p1a: Dnite|Dragapult, L50, F|100\/100\n|turn|4\n|\n|t:|1682197001\n|-terastallize|p1a: Dnite|Steel\n|move|p2a: Indeedee|Helping Hand|p2b: Armarouge\n|-singleturn|p2b: Armarouge|Helping Hand|[of] p2a: Indeedee\n|move|p1b: Dozo|Jet Punch|p2a: Indeedee\n|-activate|p2a: Indeedee|move: Psychic Terrain\n|move|p2b: Armarouge|Expanding Force|p1b: Dozo|[spread] p1a,p1b\n|-resisted|p1a: Dnite\n|-damage|p1a: Dnite|33\/100\n|-damage|p1b: Dozo|10\/100\n|move|p1a: Dnite|Phantom Force||[still]\n|-prepare|p1a: Dnite|Phantom Force\n|\n|upkeep\n|turn|5\n|\n|t:|1682197017\n|move|p1b: Dozo|Jet Punch|p2b: Armarouge\n|-activate|p2b: Armarouge|move: Psychic Terrain\n|move|p1a: Dnite|Phantom Force|p2a: Indeedee|[from]lockedmove\n|-immune|p2a: Indeedee\n|move|p2b: Armarouge|Trick Room|p2b: Armarouge\n|-fieldend|move: Trick Room\n|move|p2a: Indeedee|Trick Room|p2a: Indeedee\n|-fieldstart|move: Trick Room|[of] p2a: Indeedee\n|\n|upkeep\n|turn|6\n|\n|t:|1682197029\n|move|p2a: Indeedee|Helping Hand|p2b: Armarouge\n|-singleturn|p2b: Armarouge|Helping Hand|[of] p2a: Indeedee\n|move|p1b: Dozo|Protect|p1b: Dozo\n|-singleturn|p1b: Dozo|Protect\n|move|p2b: Armarouge|Expanding Force|p1b: Dozo|[spread] p1a\n|-activate|p1b: Dozo|move: Protect\n|-resisted|p1a: Dnite\n|-damage|p1a: Dnite|0 fnt\n|faint|p1a: Dnite\n|\n|-fieldend|move: Psychic Terrain\n|upkeep\n|turn|7\n|\n|t:|1682197046\n|move|p2b: Armarouge|Expanding Force|p1b: Dozo\n|-damage|p1b: Dozo|0 fnt\n|faint|p1b: Dozo\n|\n|win|adrimicod\n|l|\u2606josete45\n","uploadtime":1682197082,"views":12,"p1id":"josete45","p2id":"adrimicod","formatid":"gen9vgc2023regulationc","rating":0,"private":0,"password":""}