{"id":"gen9vgc2023regulationc-1857540651","p1":"Coldblooded0706","p2":"s2chan","format":"[Gen 9] VGC 2023 Regulation C","log":"|j|\u2606Coldblooded0706\n|j|\u2606s2chan\n|t:|1683206436\n|gametype|doubles\n|player|p1|Coldblooded0706|102|1388\n|player|p2|s2chan|ingo|1352\n|teamsize|p1|6\n|teamsize|p2|6\n|gen|9\n|tier|[Gen 9] VGC 2023 Regulation C\n|rated|\n|rule|Species Clause: Limit one of each Pok\u00e9mon\n|rule|Item Clause: Limit one of each item\n|clearpoke\n|poke|p1|Ting-Lu, L50|\n|poke|p1|Azumarill, L50, M|\n|poke|p1|Flutter Mane, L50|\n|poke|p1|Bronzong, L50|\n|poke|p1|Amoonguss, L50, M|\n|poke|p1|Arcanine, L50, F|\n|poke|p2|Chi-Yu, L50|\n|poke|p2|Wo-Chien, L50|\n|poke|p2|Flutter Mane, L50|\n|poke|p2|Murkrow, L50, M|\n|poke|p2|Kingambit, L50, M|\n|poke|p2|Sandy Shocks, L50|\n|teampreview|4\n|inactive|Battle timer is ON: inactive players will automatically lose when time's up. (requested by s2chan)\n|\n|t:|1683206504\n|start\n|switch|p1a: \u8a50\u9818\u963f\u7f75\u4fdd\u96aa|Ting-Lu, L50|100\/100\n|switch|p1b: \u706b\u5e2b\u59d0|Azumarill, L50, M|100\/100\n|switch|p2a: Wo-Chien|Wo-Chien, L50|100\/100\n|switch|p2b: Chi-Yu|Chi-Yu, L50|100\/100\n|-ability|p2b: Chi-Yu|Beads of Ruin\n|-ability|p2a: Wo-Chien|Tablets of Ruin\n|-ability|p1a: \u8a50\u9818\u963f\u7f75\u4fdd\u96aa|Vessel of Ruin\n|turn|1\n|inactive|Coldblooded0706 has 30 seconds left.\n|\n|t:|1683206533\n|move|p2b: Chi-Yu|Protect|p2b: Chi-Yu\n|-singleturn|p2b: Chi-Yu|Protect\n|move|p2a: Wo-Chien|Taunt|p1b: \u706b\u5e2b\u59d0\n|-start|p1b: \u706b\u5e2b\u59d0|move: Taunt\n|move|p1b: \u706b\u5e2b\u59d0|Play Rough|p2a: Wo-Chien\n|-supereffective|p2a: Wo-Chien\n|-damage|p2a: Wo-Chien|29\/100\n|move|p1a: \u8a50\u9818\u963f\u7f75\u4fdd\u96aa|Stomping Tantrum|p2b: Chi-Yu\n|-activate|p2b: Chi-Yu|move: Protect\n|\n|-heal|p2a: Wo-Chien|35\/100|[from] item: Leftovers\n|upkeep\n|turn|2\n|inactive|s2chan has 30 seconds left.\n|\n|t:|1683206562\n|move|p2b: Chi-Yu|Overheat|p1a: \u8a50\u9818\u963f\u7f75\u4fdd\u96aa\n|-damage|p1a: \u8a50\u9818\u963f\u7f75\u4fdd\u96aa|42\/100\n|-unboost|p2b: Chi-Yu|spa|2\n|-damage|p2b: Chi-Yu|91\/100|[from] item: Life Orb\n|move|p2a: Wo-Chien|Leech Seed|p1b: \u706b\u5e2b\u59d0\n|-start|p1b: \u706b\u5e2b\u59d0|move: Leech Seed\n|move|p1b: \u706b\u5e2b\u59d0|Play Rough|p2b: Chi-Yu\n|-damage|p2b: Chi-Yu|19\/100\n|-unboost|p2b: Chi-Yu|atk|1\n|move|p1a: \u8a50\u9818\u963f\u7f75\u4fdd\u96aa|Stomping Tantrum|p2b: Chi-Yu\n|-supereffective|p2b: Chi-Yu\n|-damage|p2b: Chi-Yu|0 fnt\n|faint|p2b: Chi-Yu\n|\n|-heal|p2a: Wo-Chien|41\/100|[from] item: Leftovers\n|-damage|p1b: \u706b\u5e2b\u59d0|88\/100|[from] Leech Seed|[of] p2a: Wo-Chien\n|-heal|p2a: Wo-Chien|54\/100|[silent]\n|upkeep\n|\n|t:|1683206578\n|switch|p2b: Flutter Mane|Flutter Mane, L50|100\/100\n|turn|3\n|inactive|Coldblooded0706 has 30 seconds left.\n|\n|t:|1683206606\n|switch|p1a: \u672a\u4f86\u731b\u60e1\u6bcd\u96de|Amoonguss, L50, M|100\/100\n|move|p2b: Flutter Mane|Shadow Ball|p1b: \u706b\u5e2b\u59d0\n|-damage|p1b: \u706b\u5e2b\u59d0|25\/100\n|move|p2a: Wo-Chien|Giga Drain|p1b: \u706b\u5e2b\u59d0\n|-supereffective|p1b: \u706b\u5e2b\u59d0\n|-damage|p1b: \u706b\u5e2b\u59d0|0 fnt\n|-heal|p2a: Wo-Chien|67\/100|[from] drain|[of] p1b: \u706b\u5e2b\u59d0\n|faint|p1b: \u706b\u5e2b\u59d0\n|\n|-heal|p2a: Wo-Chien|73\/100|[from] item: Leftovers\n|upkeep\n|\n|t:|1683206622\n|switch|p1b: \u963f\u9f8d\u6b63|Arcanine, L50, F|100\/100\n|-ability|p1b: \u963f\u9f8d\u6b63|Intimidate|boost\n|-unboost|p2a: Wo-Chien|atk|1\n|-unboost|p2b: Flutter Mane|atk|1\n|turn|4\n|\n|t:|1683206638\n|-end|p2b: Flutter Mane|Protosynthesis|[silent]\n|switch|p2b: Kingambit|Kingambit, L50, M|100\/100\n|move|p1b: \u963f\u9f8d\u6b63|Flare Blitz|p2a: Wo-Chien\n|-supereffective|p2a: Wo-Chien\n|-damage|p2a: Wo-Chien|7\/100\n|-damage|p1b: \u963f\u9f8d\u6b63|79\/100|[from] Recoil\n|move|p2a: Wo-Chien|Taunt|p1a: \u672a\u4f86\u731b\u60e1\u6bcd\u96de\n|-start|p1a: \u672a\u4f86\u731b\u60e1\u6bcd\u96de|move: Taunt\n|cant|p1a: \u672a\u4f86\u731b\u60e1\u6bcd\u96de|move: Taunt|Spore\n|\n|-heal|p2a: Wo-Chien|13\/100|[from] item: Leftovers\n|upkeep\n|turn|5\n|\n|t:|1683206661\n|-terastallize|p2b: Kingambit|Water\n|move|p2a: Wo-Chien|Protect|p2a: Wo-Chien\n|-singleturn|p2a: Wo-Chien|Protect\n|move|p1b: \u963f\u9f8d\u6b63|Will-O-Wisp|p2b: Kingambit\n|-status|p2b: Kingambit|brn\n|-enditem|p2b: Kingambit|Lum Berry|[eat]\n|-curestatus|p2b: Kingambit|brn|[msg]\n|move|p2b: Kingambit|Tera Blast|p1b: \u963f\u9f8d\u6b63\n|-supereffective|p1b: \u963f\u9f8d\u6b63\n|-damage|p1b: \u963f\u9f8d\u6b63|8\/100\n|move|p1a: \u672a\u4f86\u731b\u60e1\u6bcd\u96de|Clear Smog|p2a: Wo-Chien\n|-activate|p2a: Wo-Chien|move: Protect\n|\n|-heal|p2a: Wo-Chien|19\/100|[from] item: Leftovers\n|upkeep\n|turn|6\n|inactive|Coldblooded0706 has 30 seconds left.\n|inactive|s2chan has 30 seconds left.\n|inactive|Coldblooded0706 has 20 seconds left.\n|inactive|Coldblooded0706 has 15 seconds left.\n|inactive|Coldblooded0706 has 10 seconds left.\n|\n|t:|1683206706\n|move|p2b: Kingambit|Protect|p2b: Kingambit\n|-singleturn|p2b: Kingambit|Protect\n|move|p1b: \u963f\u9f8d\u6b63|Extreme Speed|p2a: Wo-Chien\n|-damage|p2a: Wo-Chien|5\/100\n|move|p2a: Wo-Chien|Giga Drain|p1b: \u963f\u9f8d\u6b63\n|-resisted|p1b: \u963f\u9f8d\u6b63\n|-damage|p1b: \u963f\u9f8d\u6b63|0 fnt\n|-heal|p2a: Wo-Chien|9\/100|[from] drain|[of] p1b: \u963f\u9f8d\u6b63\n|faint|p1b: \u963f\u9f8d\u6b63\n|move|p1a: \u672a\u4f86\u731b\u60e1\u6bcd\u96de|Leaf Storm|p2b: Kingambit\n|-activate|p2b: Kingambit|move: Protect\n|\n|-heal|p2a: Wo-Chien|16\/100|[from] item: Leftovers\n|-end|p1a: \u672a\u4f86\u731b\u60e1\u6bcd\u96de|move: Taunt\n|upkeep\n|\n|t:|1683206722\n|switch|p1b: \u8a50\u9818\u963f\u7f75\u4fdd\u96aa|Ting-Lu, L50|42\/100\n|-ability|p1b: \u8a50\u9818\u963f\u7f75\u4fdd\u96aa|Vessel of Ruin\n|turn|7\n|\n|t:|1683206748\n|switch|p2b: Flutter Mane|Flutter Mane, L50|100\/100\n|move|p2a: Wo-Chien|Taunt|p1a: \u672a\u4f86\u731b\u60e1\u6bcd\u96de\n|-start|p1a: \u672a\u4f86\u731b\u60e1\u6bcd\u96de|move: Taunt\n|move|p1b: \u8a50\u9818\u963f\u7f75\u4fdd\u96aa|Throat Chop|p2b: Flutter Mane\n|-damage|p2b: Flutter Mane|38\/100\n|-start|p2b: Flutter Mane|Throat Chop|[silent]\n|move|p1a: \u672a\u4f86\u731b\u60e1\u6bcd\u96de|Clear Smog|p2a: Wo-Chien\n|-supereffective|p2a: Wo-Chien\n|-damage|p2a: Wo-Chien|0 fnt\n|-clearboost|p2a: Wo-Chien\n|faint|p2a: Wo-Chien\n|\n|upkeep\n|\n|t:|1683206758\n|switch|p2a: Kingambit|Kingambit, L50, M, tera:Water|100\/100\n|turn|8\n|inactive|Coldblooded0706 has 30 seconds left.\n|inactive|Coldblooded0706 has 20 seconds left.\n|\n|t:|1683206794\n|-terastallize|p1b: \u8a50\u9818\u963f\u7f75\u4fdd\u96aa|Fairy\n|move|p2b: Flutter Mane|Moonblast|p1b: \u8a50\u9818\u963f\u7f75\u4fdd\u96aa\n|-damage|p1b: \u8a50\u9818\u963f\u7f75\u4fdd\u96aa|4\/100\n|move|p2a: Kingambit|Kowtow Cleave|p1a: \u672a\u4f86\u731b\u60e1\u6bcd\u96de\n|-damage|p1a: \u672a\u4f86\u731b\u60e1\u6bcd\u96de|62\/100\n|move|p1b: \u8a50\u9818\u963f\u7f75\u4fdd\u96aa|Throat Chop|p2b: Flutter Mane\n|-damage|p2b: Flutter Mane|0 fnt\n|faint|p2b: Flutter Mane\n|-end|p2b: Flutter Mane|Protosynthesis|[silent]\n|move|p1a: \u672a\u4f86\u731b\u60e1\u6bcd\u96de|Leaf Storm|p2a: Kingambit|[miss]\n|-miss|p1a: \u672a\u4f86\u731b\u60e1\u6bcd\u96de|p2a: Kingambit\n|\n|upkeep\n|turn|9\n|\n|t:|1683206818\n|move|p2a: Kingambit|Kowtow Cleave|p1a: \u672a\u4f86\u731b\u60e1\u6bcd\u96de\n|-damage|p1a: \u672a\u4f86\u731b\u60e1\u6bcd\u96de|17\/100\n|-enditem|p1a: \u672a\u4f86\u731b\u60e1\u6bcd\u96de|Sitrus Berry|[eat]\n|-heal|p1a: \u672a\u4f86\u731b\u60e1\u6bcd\u96de|42\/100|[from] item: Sitrus Berry\n|move|p1b: \u8a50\u9818\u963f\u7f75\u4fdd\u96aa|Stomping Tantrum|p2a: Kingambit\n|-damage|p2a: Kingambit|76\/100\n|move|p1a: \u672a\u4f86\u731b\u60e1\u6bcd\u96de|Leaf Storm|p2a: Kingambit\n|-supereffective|p2a: Kingambit\n|-damage|p2a: Kingambit|14\/100\n|-unboost|p1a: \u672a\u4f86\u731b\u60e1\u6bcd\u96de|spa|2\n|\n|-end|p1a: \u672a\u4f86\u731b\u60e1\u6bcd\u96de|move: Taunt\n|upkeep\n|turn|10\n|\n|t:|1683206840\n|move|p1a: \u672a\u4f86\u731b\u60e1\u6bcd\u96de|Rage Powder|p1a: \u672a\u4f86\u731b\u60e1\u6bcd\u96de\n|-singleturn|p1a: \u672a\u4f86\u731b\u60e1\u6bcd\u96de|move: Rage Powder\n|move|p2a: Kingambit|Kowtow Cleave|p1a: \u672a\u4f86\u731b\u60e1\u6bcd\u96de\n|-damage|p1a: \u672a\u4f86\u731b\u60e1\u6bcd\u96de|2\/100\n|move|p1b: \u8a50\u9818\u963f\u7f75\u4fdd\u96aa|Throat Chop|p2a: Kingambit\n|-damage|p2a: Kingambit|0 fnt\n|faint|p2a: Kingambit\n|\n|win|Coldblooded0706\n|raw|Coldblooded0706's rating: 1388 → 1406<\/strong> (+18 for winning)\n|raw|s2chan's rating: 1352 → 1334<\/strong> (-18 for losing)\n","uploadtime":1683206847,"views":8,"p1id":"coldblooded0706","p2id":"s2chan","formatid":"gen9vgc2023regulationc","rating":1334,"private":0,"password":""}