{"id":"gen9vgc2023regulationc-1859089096","p1":"sempr9","p2":"PinkSylvie","format":"[Gen 9] VGC 2023 Regulation C","log":"|j|\u2606sempr9\n|j|\u2606PinkSylvie\n|t:|1683403098\n|gametype|doubles\n|player|p1|sempr9|miriam|\n|player|p2|PinkSylvie|sonia-professor|\n|teamsize|p1|6\n|teamsize|p2|6\n|gen|9\n|tier|[Gen 9] VGC 2023 Regulation C\n|rule|Species Clause: Limit one of each Pok\u00e9mon\n|rule|Item Clause: Limit one of each item\n|clearpoke\n|poke|p1|Hatterene, L50, F|\n|poke|p1|Annihilape, L50, F|\n|poke|p1|Kingambit, L50, F|\n|poke|p1|Torkoal, L50, F|\n|poke|p1|Indeedee-F, L50, F|\n|poke|p1|Oranguru, L50, F|\n|poke|p2|Flutter Mane, L50|\n|poke|p2|Dragonite, L50, M|\n|poke|p2|Glimmora, L50, F|\n|poke|p2|Ting-Lu, L50|\n|poke|p2|Chi-Yu, L50|\n|poke|p2|Dondozo, L50, M|\n|teampreview|4\n|c|\u2606PinkSylvie|g1\n|c|\u2606PinkSylvie|make public plz\nsempr9 has agreed to open team sheets.\nPinkSylvie has agreed to open team sheets.\n|c|\u2606sempr9|\/log sempr9 made this room public.\n|j| tyo\n|l|\u2606sempr9\n|player|p1|\n|j|\u2606sempr9\n|player|p1|sempr9|miriam\n|c|\u2606sempr9|my7 pc is shitting itself oy\n|j| Justified Joe\n|l|\u2606sempr9\n|player|p1|\n|j| MichaelderBeste2\n|j|\u2606sempr9\n|player|p1|sempr9|miriam\n|j| WillE_VGC\n|j| Gozie Mas\n|\n|t:|1683403311\n|start\n|switch|p1a: irunthaison|Hatterene, L50, F, shiny|100\/100\n|switch|p1b: thaisonsdad|Indeedee-F, L50, F|100\/100\n|switch|p2a: Dondozo|Dondozo, L50, M|100\/100\n|switch|p2b: Chi-Yu|Chi-Yu, L50|100\/100\n|-ability|p2b: Chi-Yu|Beads of Ruin\n|-fieldstart|move: Psychic Terrain|[from] ability: Psychic Surge|[of] p1b: thaisonsdad\n|-enditem|p1b: thaisonsdad|Psychic Seed\n|-boost|p1b: thaisonsdad|spd|1|[from] item: Psychic Seed\n|turn|1\n|j| Borghi\n|\n|t:|1683403353\n|move|p1b: thaisonsdad|Follow Me|p1b: thaisonsdad\n|-singleturn|p1b: thaisonsdad|move: Follow Me\n|move|p2b: Chi-Yu|Heat Wave|p1b: thaisonsdad|[spread] p1a,p1b\n|-damage|p1a: irunthaison|44\/100\n|-damage|p1b: thaisonsdad|69\/100\n|move|p2a: Dondozo|Yawn|p1b: thaisonsdad\n|-start|p1b: thaisonsdad|move: Yawn|[of] p2a: Dondozo\n|move|p1a: irunthaison|Trick Room|p1a: irunthaison\n|-fieldstart|move: Trick Room|[of] p1a: irunthaison\n|\n|upkeep\n|turn|2\n|\n|t:|1683403391\n|switch|p2b: Ting-Lu|Ting-Lu, L50|100\/100\n|-ability|p2b: Ting-Lu|Vessel of Ruin\n|move|p1b: thaisonsdad|Helping Hand|p1a: irunthaison\n|-singleturn|p1a: irunthaison|Helping Hand|[of] p1b: thaisonsdad\n|move|p1a: irunthaison|Dazzling Gleam|p2b: Ting-Lu|[spread] p2a,p2b\n|-supereffective|p2b: Ting-Lu\n|-damage|p2a: Dondozo|59\/100\n|-damage|p2b: Ting-Lu|25\/100\n|-enditem|p2b: Ting-Lu|Sitrus Berry|[eat]\n|-heal|p2b: Ting-Lu|50\/100|[from] item: Sitrus Berry\n|-damage|p1a: irunthaison|34\/100|[from] item: Life Orb\n|move|p2a: Dondozo|Yawn||[still]\n|-fail|p2a: Dondozo\n|\n|-heal|p2a: Dondozo|65\/100|[from] item: Leftovers\n|-end|p1b: thaisonsdad|move: Yawn|[silent]\n|-status|p1b: thaisonsdad|slp\n|upkeep\n|turn|3\n|\n|t:|1683403422\n|switch|p1b: thaisonsucks|Kingambit, L50, F, shiny|100\/100\n|move|p2b: Ting-Lu|Protect|p2b: Ting-Lu\n|-singleturn|p2b: Ting-Lu|Protect\n|move|p1a: irunthaison|Dazzling Gleam|p2b: Ting-Lu|[spread] p2a\n|-activate|p2b: Ting-Lu|move: Protect\n|-damage|p2a: Dondozo|40\/100\n|-damage|p1a: irunthaison|25\/100|[from] item: Life Orb\n|move|p2a: Dondozo|Heavy Slam|p1a: irunthaison\n|-supereffective|p1a: irunthaison\n|-damage|p1a: irunthaison|0 fnt\n|faint|p1a: irunthaison\n|\n|-heal|p2a: Dondozo|46\/100|[from] item: Leftovers\n|upkeep\n|\n|t:|1683403435\n|switch|p1a: charismamid|Torkoal, L50, F|100\/100\n|-weather|SunnyDay|[from] ability: Drought|[of] p1a: charismamid\n|turn|4\n|\n|t:|1683403459\n|-terastallize|p1a: charismamid|Fire\n|-terastallize|p2b: Ting-Lu|Fire\n|move|p1a: charismamid|Eruption|p2a: Dondozo|[spread] p2a,p2b\n|-resisted|p2a: Dondozo\n|-resisted|p2b: Ting-Lu\n|-damage|p2a: Dondozo|12\/100\n|-damage|p2b: Ting-Lu|22\/100\n|move|p1b: thaisonsucks|Low Kick|p2b: Ting-Lu\n|-damage|p2b: Ting-Lu|0 fnt\n|faint|p2b: Ting-Lu\n|move|p2a: Dondozo|Yawn|p1a: charismamid\n|-start|p1a: charismamid|move: Yawn|[of] p2a: Dondozo\n|\n|-weather|SunnyDay|[upkeep]\n|-heal|p2a: Dondozo|19\/100|[from] item: Leftovers\n|upkeep\n|\n|t:|1683403472\n|switch|p2b: Chi-Yu|Chi-Yu, L50|100\/100\n|-ability|p2b: Chi-Yu|Beads of Ruin\n|turn|5\n|\n|t:|1683403489\n|switch|p1a: thaisonsdad|Indeedee-F, L50, F|69\/100 slp\n|move|p2b: Chi-Yu|Protect|p2b: Chi-Yu\n|-singleturn|p2b: Chi-Yu|Protect\n|move|p1b: thaisonsucks|Swords Dance|p1b: thaisonsucks\n|-boost|p1b: thaisonsucks|atk|2\n|move|p2a: Dondozo|Yawn|p1b: thaisonsucks\n|-start|p1b: thaisonsucks|move: Yawn|[of] p2a: Dondozo\n|\n|-weather|SunnyDay|[upkeep]\n|-heal|p2a: Dondozo|25\/100|[from] item: Leftovers\n|-fieldend|move: Trick Room\n|-fieldend|move: Psychic Terrain\n|upkeep\n|turn|6\n|\n|t:|1683403517\n|move|p1b: thaisonsucks|Sucker Punch|p2b: Chi-Yu\n|-resisted|p2b: Chi-Yu\n|-damage|p2b: Chi-Yu|32\/100\n|move|p2b: Chi-Yu|Heat Wave|p1b: thaisonsucks|[spread] p1a,p1b\n|-supereffective|p1b: thaisonsucks\n|-damage|p1a: thaisonsdad|0 fnt\n|-damage|p1b: thaisonsucks|0 fnt\n|faint|p1a: thaisonsdad\n|faint|p1b: thaisonsucks\n|move|p2a: Dondozo|Wave Crash|p1: thaisonsdad|[notarget]\n|-fail|p2a: Dondozo\n|\n|-weather|SunnyDay|[upkeep]\n|-heal|p2a: Dondozo|31\/100|[from] item: Leftovers\n|upkeep\n|j| Aldrich\n|\n|t:|1683403524\n|switch|p1b: charismamid|Torkoal, L50, F, tera:Fire|100\/100\n|turn|7\n|c|\u2606sempr9|gg\n|c|\u2606PinkSylvie|gg\n|-message|sempr9 forfeited.\n|\n|win|PinkSylvie\n|l|\u2606sempr9\n","uploadtime":1683403533,"views":37,"p1id":"sempr9","p2id":"pinksylvie","formatid":"gen9vgc2023regulationc","rating":0,"private":0,"password":""}