{"id":"gen9vgc2023regulationc-1848985600","p1":"LetHimSleep","p2":"Kirizoaro","format":"[Gen 9] VGC 2023 Regulation C","log":"|j|\u2606LetHimSleep\n|j|\u2606Kirizoaro\n|t:|1682134798\n|gametype|doubles\n|player|p1|LetHimSleep|ninjaboy|1080\n|player|p2|Kirizoaro|lance|1073\n|teamsize|p1|6\n|teamsize|p2|6\n|gen|9\n|tier|[Gen 9] VGC 2023 Regulation C\n|rated|\n|rule|Species Clause: Limit one of each Pok\u00e9mon\n|rule|Item Clause: Limit one of each item\n|clearpoke\n|poke|p1|Sandy Shocks, L50|\n|poke|p1|Espathra, L50, M|\n|poke|p1|Drednaw, L50, M|\n|poke|p1|Pelipper, L50, F|\n|poke|p1|Amoonguss, L50, M|\n|poke|p1|Tauros-Paldea-Aqua, L50, M|\n|poke|p2|Dondozo, L50, F|\n|poke|p2|Tatsugiri-Stretchy, L50, M|\n|poke|p2|Chi-Yu, L50|\n|poke|p2|Flutter Mane, L50|\n|poke|p2|Dragonite, L50, M|\n|poke|p2|Glimmora, L50, M|\n|teampreview|4\n|inactive|Battle timer is ON: inactive players will automatically lose when time's up. (requested by LetHimSleep)\n|\n|t:|1682134848\n|start\n|switch|p1a: Drednaw|Drednaw, L50, M|100\/100\n|switch|p1b: Pelipper|Pelipper, L50, F|100\/100\n|switch|p2a: Glimmora|Glimmora, L50, M|100\/100\n|switch|p2b: Dondozo|Dondozo, L50, F|100\/100\n|-weather|RainDance|[from] ability: Drizzle|[of] p1b: Pelipper\n|turn|1\n|inactive|LetHimSleep has 30 seconds left.\n|\n|t:|1682134873\n|move|p1a: Drednaw|Protect|p1a: Drednaw\n|-singleturn|p1a: Drednaw|Protect\n|move|p2a: Glimmora|Toxic|p1b: Pelipper\n|-status|p1b: Pelipper|tox\n|move|p1b: Pelipper|Tailwind|p1b: Pelipper\n|-sidestart|p1: LetHimSleep|move: Tailwind\n|move|p2b: Dondozo|Yawn|p1a: Drednaw\n|-activate|p1a: Drednaw|move: Protect\n|\n|-weather|RainDance|[upkeep]\n|-damage|p1b: Pelipper|94\/100 tox|[from] psn\n|upkeep\n|turn|2\n|\n|t:|1682134890\n|-terastallize|p1a: Drednaw|Ground\n|move|p2a: Glimmora|Spiky Shield|p2a: Glimmora\n|-singleturn|p2a: Glimmora|move: Protect\n|move|p2b: Dondozo|Protect|p2b: Dondozo\n|-singleturn|p2b: Dondozo|Protect\n|move|p1a: Drednaw|Earthquake|p2a: Glimmora|[spread] \n|-activate|p2a: Glimmora|move: Protect\n|-activate|p2b: Dondozo|move: Protect\n|-immune|p1b: Pelipper\n|move|p1b: Pelipper|Hydro Pump|p2a: Glimmora\n|-activate|p2a: Glimmora|move: Protect\n|\n|-weather|RainDance|[upkeep]\n|-damage|p1b: Pelipper|82\/100 tox|[from] psn\n|upkeep\n|turn|3\n|\n|t:|1682134914\n|move|p1a: Drednaw|Earthquake|p2a: Glimmora|[spread] p2a,p2b\n|-immune|p1b: Pelipper\n|-supereffective|p2a: Glimmora\n|-enditem|p2a: Glimmora|Focus Sash\n|-damage|p2a: Glimmora|1\/100\n|-damage|p2b: Dondozo|70\/100\n|-activate|p2a: Glimmora|ability: Toxic Debris\n|-sidestart|p1: LetHimSleep|move: Toxic Spikes\n|-damage|p1a: Drednaw|91\/100|[from] item: Life Orb\n|move|p1b: Pelipper|Hurricane|p2b: Dondozo\n|-damage|p2b: Dondozo|41\/100\n|-enditem|p2b: Dondozo|Sitrus Berry|[eat]\n|-heal|p2b: Dondozo|66\/100|[from] item: Sitrus Berry\n|move|p2a: Glimmora|Power Gem|p1b: Pelipper\n|-supereffective|p1b: Pelipper\n|-damage|p1b: Pelipper|0 fnt\n|faint|p1b: Pelipper\n|move|p2b: Dondozo|Yawn|p1a: Drednaw\n|-start|p1a: Drednaw|move: Yawn|[of] p2b: Dondozo\n|\n|-weather|RainDance|[upkeep]\n|upkeep\n|inactive|LetHimSleep has 30 seconds left.\n|\n|t:|1682134940\n|switch|p1b: Espathra|Espathra, L50, M|100\/100\n|-status|p1b: Espathra|psn\n|turn|4\n|inactive|Kirizoaro has 30 seconds left.\n|\n|t:|1682134966\n|switch|p1a: Tauros|Tauros-Paldea-Aqua, L50, M|100\/100\n|-status|p1a: Tauros|psn\n|-ability|p1a: Tauros|Intimidate|boost\n|-unboost|p2a: Glimmora|atk|1\n|-unboost|p2b: Dondozo|atk|1\n|move|p1b: Espathra|Protect|p1b: Espathra\n|-singleturn|p1b: Espathra|Protect\n|move|p2a: Glimmora|Power Gem|p1b: Espathra\n|-activate|p1b: Espathra|move: Protect\n|move|p2b: Dondozo|Wave Crash|p1b: Espathra\n|-activate|p1b: Espathra|move: Protect\n|\n|-weather|RainDance|[upkeep]\n|-damage|p1b: Espathra|88\/100 psn|[from] psn\n|-damage|p1a: Tauros|88\/100 psn|[from] psn\n|-sideend|p1: LetHimSleep|move: Tailwind\n|-ability|p1b: Espathra|Speed Boost|boost\n|-boost|p1b: Espathra|spe|1\n|upkeep\n|turn|5\n|\n|t:|1682134990\n|move|p2a: Glimmora|Spiky Shield|p2a: Glimmora\n|-singleturn|p2a: Glimmora|move: Protect\n|move|p2b: Dondozo|Protect|p2b: Dondozo\n|-singleturn|p2b: Dondozo|Protect\n|move|p1b: Espathra|Dazzling Gleam|p2a: Glimmora|[spread] \n|-activate|p2a: Glimmora|move: Protect\n|-activate|p2b: Dondozo|move: Protect\n|move|p1a: Tauros|Close Combat|p2b: Dondozo\n|-activate|p2b: Dondozo|move: Protect\n|\n|-weather|none\n|-damage|p1b: Espathra|76\/100 psn|[from] psn\n|-damage|p1a: Tauros|76\/100 psn|[from] psn\n|-ability|p1b: Espathra|Speed Boost|boost\n|-boost|p1b: Espathra|spe|1\n|upkeep\n|turn|6\n|\n|t:|1682135012\n|move|p1b: Espathra|Dazzling Gleam|p2b: Dondozo|[spread] p2a,p2b\n|-resisted|p2a: Glimmora\n|-damage|p2a: Glimmora|0 fnt\n|-damage|p2b: Dondozo|54\/100\n|faint|p2a: Glimmora\n|move|p1a: Tauros|Close Combat|p2b: Dondozo\n|-crit|p2b: Dondozo\n|-damage|p2b: Dondozo|0 fnt\n|-unboost|p1a: Tauros|def|1\n|-unboost|p1a: Tauros|spd|1\n|faint|p2b: Dondozo\n|\n|-damage|p1b: Espathra|64\/100 psn|[from] psn\n|-damage|p1a: Tauros|63\/100 psn|[from] psn\n|-ability|p1b: Espathra|Speed Boost|boost\n|-boost|p1b: Espathra|spe|1\n|upkeep\n|\n|t:|1682135023\n|switch|p2a: Flutter Mane|Flutter Mane, L50|100\/100\n|switch|p2b: Chi-Yu|Chi-Yu, L50|100\/100\n|-ability|p2b: Chi-Yu|Beads of Ruin\n|-enditem|p2a: Flutter Mane|Booster Energy\n|-activate|p2a: Flutter Mane|ability: Protosynthesis|[fromitem]\n|-start|p2a: Flutter Mane|protosynthesisspe\n|turn|7\n|\n|t:|1682135056\n|move|p2a: Flutter Mane|Protect|p2a: Flutter Mane\n|-singleturn|p2a: Flutter Mane|Protect\n|move|p2b: Chi-Yu|Protect|p2b: Chi-Yu\n|-singleturn|p2b: Chi-Yu|Protect\n|move|p1a: Tauros|Aqua Jet|p2a: Flutter Mane\n|-activate|p2a: Flutter Mane|move: Protect\n|move|p1b: Espathra|Dazzling Gleam|p2a: Flutter Mane|[spread] \n|-activate|p2a: Flutter Mane|move: Protect\n|-activate|p2b: Chi-Yu|move: Protect\n|\n|-damage|p1b: Espathra|51\/100 psn|[from] psn\n|-damage|p1a: Tauros|51\/100 psn|[from] psn\n|-ability|p1b: Espathra|Speed Boost|boost\n|-boost|p1b: Espathra|spe|1\n|upkeep\n|turn|8\n|\n|t:|1682135076\n|-terastallize|p2a: Flutter Mane|Steel\n|move|p1a: Tauros|Aqua Jet|p2b: Chi-Yu\n|-supereffective|p2b: Chi-Yu\n|-damage|p2b: Chi-Yu|40\/100\n|move|p1b: Espathra|Dazzling Gleam|p2a: Flutter Mane|[spread] p2a,p2b\n|-resisted|p2a: Flutter Mane\n|-damage|p2a: Flutter Mane|89\/100\n|-damage|p2b: Chi-Yu|24\/100\n|move|p2a: Flutter Mane|Substitute|p2a: Flutter Mane\n|-start|p2a: Flutter Mane|Substitute\n|-damage|p2a: Flutter Mane|65\/100\n|move|p2b: Chi-Yu|Dark Pulse|p1b: Espathra\n|-supereffective|p1b: Espathra\n|-damage|p1b: Espathra|0 fnt\n|faint|p1b: Espathra\n|\n|-damage|p1a: Tauros|39\/100 psn|[from] psn\n|upkeep\n|\n|t:|1682135087\n|switch|p1b: Drednaw|Drednaw, L50, M, tera:Ground|91\/100\n|-status|p1b: Drednaw|psn\n|turn|9\n|\n|t:|1682135103\n|move|p2a: Flutter Mane|Protect|p2a: Flutter Mane\n|-singleturn|p2a: Flutter Mane|Protect\n|move|p2b: Chi-Yu|Protect|p2b: Chi-Yu\n|-singleturn|p2b: Chi-Yu|Protect\n|move|p1a: Tauros|Aqua Jet|p2a: Flutter Mane\n|-activate|p2a: Flutter Mane|move: Protect\n|move|p1b: Drednaw|Rock Slide|p2b: Chi-Yu|[spread] \n|-activate|p2a: Flutter Mane|move: Protect\n|-activate|p2b: Chi-Yu|move: Protect\n|\n|-damage|p1a: Tauros|26\/100 psn|[from] psn\n|-damage|p1b: Drednaw|79\/100 psn|[from] psn\n|upkeep\n|turn|10\n|\n|t:|1682135119\n|move|p1a: Tauros|Aqua Jet|p2a: Flutter Mane\n|-end|p2a: Flutter Mane|Substitute\n|move|p2a: Flutter Mane|Hex|p1b: Drednaw\n|-damage|p1b: Drednaw|0 fnt\n|faint|p1b: Drednaw\n|move|p2b: Chi-Yu|Dark Pulse|p1a: Tauros\n|-resisted|p1a: Tauros\n|-damage|p1a: Tauros|0 fnt\n|faint|p1a: Tauros\n|\n|win|Kirizoaro\n|raw|LetHimSleep's rating: 1080 → 1058<\/strong> (-22 for losing)\n|raw|Kirizoaro's rating: 1073 → 1103<\/strong> (+30 for winning)\n|l|\u2606LetHimSleep\n","uploadtime":1682135129,"views":9,"p1id":"lethimsleep","p2id":"kirizoaro","formatid":"gen9vgc2023regulationc","rating":1058,"private":0,"password":""}