{"id":"gen9vgc2023regulationc-1850777748","p1":"barriletCosmic","p2":"Alexis_student","format":"[Gen 9] VGC 2023 Regulation C","log":"|j|\u2606barriletCosmic\n|j|\u2606Alexis_student\n|t:|1682366918\n|gametype|doubles\n|player|p1|barriletCosmic|wattson|1222\n|player|p2|Alexis_student|170|1251\n|teamsize|p1|6\n|teamsize|p2|6\n|gen|9\n|tier|[Gen 9] VGC 2023 Regulation C\n|rated|\n|rule|Species Clause: Limit one of each Pok\u00e9mon\n|rule|Item Clause: Limit one of each item\n|clearpoke\n|poke|p1|Great Tusk, L50|\n|poke|p1|Murkrow, L50, M|\n|poke|p1|Rotom-Wash, L50|\n|poke|p1|Flutter Mane, L50|\n|poke|p1|Corviknight, L50, F|\n|poke|p1|Wo-Chien, L50|\n|poke|p2|Amoonguss, L50, F|\n|poke|p2|Flutter Mane, L50|\n|poke|p2|Corviknight, L50, F|\n|poke|p2|Great Tusk, L50|\n|poke|p2|Palafin, L50, M|\n|poke|p2|Chi-Yu, L50|\n|teampreview|4\n|inactive|Battle timer is ON: inactive players will automatically lose when time's up. (requested by Alexis_student)\n|\n|t:|1682367003\n|start\n|switch|p1a: Murkrow|Murkrow, L50, M, shiny|100\/100\n|switch|p1b: Rotom|Rotom-Wash, L50|100\/100\n|switch|p2a: Flutter Mane|Flutter Mane, L50|100\/100\n|switch|p2b: Chi-Yu|Chi-Yu, L50|100\/100\n|-ability|p2b: Chi-Yu|Beads of Ruin\n|turn|1\n|inactive|barriletCosmic has 30 seconds left.\n|inactive|Alexis_student has 30 seconds left.\n|inactive|barriletCosmic has 20 seconds left.\n|inactive|Alexis_student has 20 seconds left.\n|inactive|Alexis_student has 15 seconds left.\n|inactive|Alexis_student has 10 seconds left.\n|inactive|Alexis_student has 5 seconds left.\n|\n|t:|1682367058\n|move|p1a: Murkrow|Tailwind|p1a: Murkrow\n|-sidestart|p1: barriletCosmic|move: Tailwind\n|move|p2b: Chi-Yu|Dark Pulse|p1a: Murkrow\n|-resisted|p1a: Murkrow\n|-damage|p1a: Murkrow|74\/100\n|move|p1b: Rotom|Hydro Pump|p2b: Chi-Yu|[miss]\n|-miss|p1b: Rotom|p2b: Chi-Yu\n|move|p2a: Flutter Mane|Dazzling Gleam|p1b: Rotom|[spread] p1a,p1b\n|-supereffective|p1a: Murkrow\n|-damage|p1a: Murkrow|0 fnt\n|-damage|p1b: Rotom|62\/100\n|faint|p1a: Murkrow\n|\n|upkeep\n|\n|t:|1682367074\n|switch|p1a: Great Tusk|Great Tusk, L50|100\/100\n|turn|2\n|\n|t:|1682367093\n|switch|p2b: Amoonguss|Amoonguss, L50, F|100\/100\n|move|p1a: Great Tusk|Earthquake|p2a: Flutter Mane|[spread] p2a,p2b\n|-immune|p1b: Rotom|[from] ability: Levitate\n|-damage|p2a: Flutter Mane|24\/100\n|-damage|p2b: Amoonguss|69\/100\n|move|p1b: Rotom|Dark Pulse|p2a: Flutter Mane\n|-damage|p2a: Flutter Mane|3\/100\n|cant|p2a: Flutter Mane|flinch\n|\n|upkeep\n|turn|3\n|\n|t:|1682367114\n|-end|p2a: Flutter Mane|Protosynthesis|[silent]\n|switch|p2a: Captain Holt|Corviknight, L50, F, shiny|100\/100\n|move|p1a: Great Tusk|Earthquake|p2a: Captain Holt|[spread] p2b\n|-immune|p1b: Rotom|[from] ability: Levitate\n|-immune|p2a: Captain Holt\n|-damage|p2b: Amoonguss|32\/100\n|-enditem|p2b: Amoonguss|Sitrus Berry|[eat]\n|-heal|p2b: Amoonguss|56\/100|[from] item: Sitrus Berry\n|move|p1b: Rotom|Dark Pulse|p2b: Amoonguss\n|-damage|p2b: Amoonguss|38\/100\n|move|p2b: Amoonguss|Spore|p1a: Great Tusk\n|-status|p1a: Great Tusk|slp|[from] move: Spore\n|\n|upkeep\n|turn|4\n|inactive|Alexis_student has 30 seconds left.\n|inactive|Alexis_student has 20 seconds left.\n|\n|t:|1682367150\n|switch|p2b: Flutter Mane|Flutter Mane, L50|3\/100\n|-terastallize|p1a: Great Tusk|Steel\n|-terastallize|p2a: Captain Holt|Dragon\n|cant|p1a: Great Tusk|slp\n|move|p1b: Rotom|Thunderbolt|p2a: Captain Holt\n|-resisted|p2a: Captain Holt\n|-damage|p2a: Captain Holt|84\/100\n|move|p2a: Captain Holt|Tailwind|p2a: Captain Holt\n|-sidestart|p2: Alexis_student|move: Tailwind\n|\n|-sideend|p1: barriletCosmic|move: Tailwind\n|upkeep\n|turn|5\n|\n|t:|1682367171\n|move|p2b: Flutter Mane|Shadow Ball|p1a: Great Tusk\n|-damage|p1a: Great Tusk|0 fnt\n|faint|p1a: Great Tusk\n|-end|p1a: Great Tusk|Protosynthesis|[silent]\n|move|p2a: Captain Holt|Bulk Up|p2a: Captain Holt\n|-boost|p2a: Captain Holt|atk|1\n|-boost|p2a: Captain Holt|def|1\n|move|p1b: Rotom|Dark Pulse|p2b: Flutter Mane\n|-damage|p2b: Flutter Mane|0 fnt\n|faint|p2b: Flutter Mane\n|-end|p2b: Flutter Mane|Protosynthesis|[silent]\n|\n|upkeep\n|\n|t:|1682367186\n|switch|p2b: Amoonguss|Amoonguss, L50, F|72\/100\n|switch|p1a: Flutter Mane|Flutter Mane, L50|100\/100\n|turn|6\n|\n|t:|1682367206\n|move|p2b: Amoonguss|Rage Powder|p2b: Amoonguss\n|-singleturn|p2b: Amoonguss|move: Rage Powder\n|move|p1a: Flutter Mane|Moonblast|p2b: Amoonguss\n|-resisted|p2b: Amoonguss\n|-damage|p2b: Amoonguss|38\/100\n|move|p2a: Captain Holt|Brave Bird|p1a: Flutter Mane\n|-damage|p1a: Flutter Mane|0 fnt\n|faint|p1a: Flutter Mane\n|-end|p1a: Flutter Mane|Protosynthesis|[silent]\n|-damage|p2a: Captain Holt|62\/100|[from] Recoil\n|move|p1b: Rotom|Dark Pulse|p2b: Amoonguss\n|-damage|p2b: Amoonguss|21\/100\n|\n|upkeep\n|turn|7\n|l|\u2606barriletCosmic\n|inactive|barriletCosmic disconnected and has a minute to reconnect!\n|player|p1|\n|inactive|barriletCosmic has 30 seconds left.\n|inactive|barriletCosmic has 20 seconds left.\n|inactive|barriletCosmic has 15 seconds left.\n|inactive|barriletCosmic has 10 seconds left.\n|inactive|barriletCosmic has 5 seconds left.\n|-message|barriletCosmic lost due to inactivity.\n|\n|win|Alexis_student\n|raw|barriletCosmic's rating: 1222 → 1199<\/strong> (-23 for losing)\n|raw|Alexis_student's rating: 1251 → 1274<\/strong> (+23 for winning)\n","uploadtime":1682367266,"views":13,"p1id":"barriletcosmic","p2id":"alexisstudent","formatid":"gen9vgc2023regulationc","rating":1199,"private":0,"password":""}