{"id":"gen9vgc2023regulationc-1863299414","p1":"fifier","p2":"Hhfgjjjddg","format":"[Gen 9] VGC 2023 Regulation C","log":"|j|\u2606fifier\n|j|\u2606Hhfgjjjddg\n|t:|1683999587\n|gametype|doubles\n|player|p1|fifier|170|1083\n|player|p2|Hhfgjjjddg|102|1000\n|teamsize|p1|6\n|teamsize|p2|6\n|gen|9\n|tier|[Gen 9] VGC 2023 Regulation C\n|rated|\n|rule|Species Clause: Limit one of each Pok\u00e9mon\n|rule|Item Clause: Limit one of each item\n|clearpoke\n|poke|p1|Palafin, L50, M|\n|poke|p1|Amoonguss, L50, M|\n|poke|p1|Chien-Pao, L50|\n|poke|p1|Flutter Mane, L50|\n|poke|p1|Glimmora, L50, F|\n|poke|p1|Dragonite, L50, F|\n|poke|p2|Hawlucha, L50, M|\n|poke|p2|Indeedee-F, L50, F|\n|poke|p2|Palafin, L50, M|\n|poke|p2|Sandy Shocks, L50|\n|poke|p2|Chien-Pao, L50|\n|poke|p2|Armarouge, L50, F|\n|teampreview|4\n|inactive|Battle timer is ON: inactive players will automatically lose when time's up. (requested by Hhfgjjjddg)\n|\n|t:|1683999622\n|start\n|switch|p1a: ainidajiro|Palafin, L50, M|100\/100\n|switch|p1b: sussy baka|Amoonguss, L50, M, shiny|100\/100\n|switch|p2a: Indeedee|Indeedee-F, L50, F|100\/100\n|switch|p2b: Hawlucha|Hawlucha, L50, M|100\/100\n|-fieldstart|move: Psychic Terrain|[from] ability: Psychic Surge|[of] p2a: Indeedee\n|-enditem|p2b: Hawlucha|Psychic Seed\n|-boost|p2b: Hawlucha|spd|1|[from] item: Psychic Seed\n|turn|1\n|inactive|Hhfgjjjddg has 30 seconds left.\n|\n|t:|1683999650\n|detailschange|p1a: ainidajiro|Palafin-Hero, L50, M\n|switch|p1a: eldrojadicto|Flutter Mane, L50|100\/100\n|-enditem|p1a: eldrojadicto|Booster Energy\n|-activate|p1a: eldrojadicto|ability: Protosynthesis|[fromitem]\n|-start|p1a: eldrojadicto|protosynthesisspa\n|move|p2a: Indeedee|Follow Me|p2a: Indeedee\n|-singleturn|p2a: Indeedee|move: Follow Me\n|move|p2b: Hawlucha|Swords Dance|p2b: Hawlucha\n|-boost|p2b: Hawlucha|atk|2\n|move|p1b: sussy baka|Spore|p2a: Indeedee\n|-activate|p2a: Indeedee|item: Safety Goggles|Spore\n|\n|upkeep\n|turn|2\n|inactive|Hhfgjjjddg has 30 seconds left.\n|\n|t:|1683999682\n|move|p2a: Indeedee|Follow Me|p2a: Indeedee\n|-singleturn|p2a: Indeedee|move: Follow Me\n|move|p1b: sussy baka|Rage Powder|p1b: sussy baka\n|-singleturn|p1b: sussy baka|move: Rage Powder\n|move|p2b: Hawlucha|Acrobatics|p1b: sussy baka\n|-supereffective|p1b: sussy baka\n|-damage|p1b: sussy baka|0 fnt\n|faint|p1b: sussy baka\n|move|p1a: eldrojadicto|Moonblast|p2a: Indeedee\n|-damage|p2a: Indeedee|36\/100\n|\n|upkeep\n|\n|t:|1683999706\n|switch|p1b: ainidajiro|Palafin-Hero, L50, M|100\/100\n|-activate|p1b: ainidajiro|ability: Zero to Hero\n|turn|3\n|inactive|Hhfgjjjddg has 30 seconds left.\n|\n|t:|1683999738\n|move|p1a: eldrojadicto|Protect|p1a: eldrojadicto\n|-singleturn|p1a: eldrojadicto|Protect\n|move|p1b: ainidajiro|Protect|p1b: ainidajiro\n|-singleturn|p1b: ainidajiro|Protect\n|move|p2a: Indeedee|Follow Me|p2a: Indeedee\n|-singleturn|p2a: Indeedee|move: Follow Me\n|move|p2b: Hawlucha|Acrobatics|p1b: ainidajiro\n|-activate|p1b: ainidajiro|move: Protect\n|\n|upkeep\n|turn|4\n|inactive|fifier has 30 seconds left.\n|\n|t:|1683999774\n|switch|p1b: feo|Chien-Pao, L50|100\/100\n|-ability|p1b: feo|Sword of Ruin\n|move|p2a: Indeedee|Follow Me|p2a: Indeedee\n|-singleturn|p2a: Indeedee|move: Follow Me\n|move|p2b: Hawlucha|Acrobatics|p1b: feo\n|-enditem|p1b: feo|Focus Sash\n|-damage|p1b: feo|1\/100\n|move|p1a: eldrojadicto|Substitute|p1a: eldrojadicto\n|-start|p1a: eldrojadicto|Substitute\n|-damage|p1a: eldrojadicto|76\/100\n|\n|upkeep\n|turn|5\n|inactive|Hhfgjjjddg has 30 seconds left.\n|\n|t:|1683999805\n|move|p1b: feo|Protect|p1b: feo\n|-singleturn|p1b: feo|Protect\n|move|p1a: eldrojadicto|Protect|p1a: eldrojadicto\n|-singleturn|p1a: eldrojadicto|Protect\n|move|p2a: Indeedee|Follow Me|p2a: Indeedee\n|-singleturn|p2a: Indeedee|move: Follow Me\n|move|p2b: Hawlucha|Acrobatics|p1a: eldrojadicto\n|-activate|p1a: eldrojadicto|move: Protect\n|\n|-fieldend|move: Psychic Terrain\n|upkeep\n|turn|6\n|\n|t:|1683999827\n|switch|p2a: Armarouge|Armarouge, L50, F|100\/100\n|move|p2b: Hawlucha|Detect|p2b: Hawlucha\n|-singleturn|p2b: Hawlucha|Protect\n|move|p1b: feo|Ice Spinner|p2a: Armarouge\n|-resisted|p2a: Armarouge\n|-damage|p2a: Armarouge|74\/100\n|move|p1a: eldrojadicto|Moonblast|p2b: Hawlucha\n|-activate|p2b: Hawlucha|move: Protect\n|\n|upkeep\n|turn|7\n|inactive|Hhfgjjjddg has 30 seconds left.\n|\n|t:|1683999859\n|switch|p2a: Indeedee|Indeedee-F, L50, F|36\/100\n|-fieldstart|move: Psychic Terrain|[from] ability: Psychic Surge|[of] p2a: Indeedee\n|-terastallize|p2b: Hawlucha|Steel\n|move|p1b: feo|Sucker Punch||[still]\n|-fail|p1b: feo\n|move|p2b: Hawlucha|Acrobatics|p1a: eldrojadicto\n|-end|p1a: eldrojadicto|Substitute\n|move|p1a: eldrojadicto|Moonblast|p2b: Hawlucha\n|-resisted|p2b: Hawlucha\n|-damage|p2b: Hawlucha|62\/100\n|\n|upkeep\n|turn|8\n|inactive|Hhfgjjjddg has 30 seconds left.\n|\n|t:|1683999889\n|switch|p2a: Armarouge|Armarouge, L50, F|74\/100\n|move|p2b: Hawlucha|Detect|p2b: Hawlucha\n|-singleturn|p2b: Hawlucha|Protect\n|move|p1b: feo|Protect|p1b: feo\n|-singleturn|p1b: feo|Protect\n|move|p1a: eldrojadicto|Substitute|p1a: eldrojadicto\n|-start|p1a: eldrojadicto|Substitute\n|-damage|p1a: eldrojadicto|51\/100\n|\n|upkeep\n|turn|9\n|\n|t:|1683999906\n|move|p2b: Hawlucha|Acrobatics|p1a: eldrojadicto\n|-end|p1a: eldrojadicto|Substitute\n|move|p1b: feo|Ice Spinner|p2a: Armarouge\n|-resisted|p2a: Armarouge\n|-damage|p2a: Armarouge|50\/100\n|-fieldend|move: Psychic Terrain\n|move|p1a: eldrojadicto|Shadow Ball|p2b: Hawlucha\n|-damage|p2b: Hawlucha|0 fnt\n|faint|p2b: Hawlucha\n|move|p2a: Armarouge|Armor Cannon|p1b: feo\n|-supereffective|p1b: feo\n|-damage|p1b: feo|0 fnt\n|-unboost|p2a: Armarouge|def|1\n|-unboost|p2a: Armarouge|spd|1\n|faint|p1b: feo\n|-damage|p2a: Armarouge|41\/100|[from] item: Life Orb\n|\n|upkeep\n|\n|t:|1683999917\n|switch|p1b: ainidajiro|Palafin-Hero, L50, M|100\/100\n|switch|p2b: Indeedee|Indeedee-F, L50, F|36\/100\n|-fieldstart|move: Psychic Terrain|[from] ability: Psychic Surge|[of] p2b: Indeedee\n|turn|10\n|\n|t:|1683999934\n|move|p2b: Indeedee|Follow Me|p2b: Indeedee\n|-singleturn|p2b: Indeedee|move: Follow Me\n|move|p1a: eldrojadicto|Moonblast|p2b: Indeedee\n|-damage|p2b: Indeedee|0 fnt\n|faint|p2b: Indeedee\n|move|p1b: ainidajiro|Wave Crash|p2a: Armarouge\n|-supereffective|p2a: Armarouge\n|-damage|p2a: Armarouge|0 fnt\n|faint|p2a: Armarouge\n|-damage|p1b: ainidajiro|89\/100|[from] Recoil\n|\n|upkeep\n|\n|t:|1683999943\n|switch|p2b: Palafin|Palafin, L50, M|100\/100\n|turn|11\n|\n|t:|1683999952\n|-terastallize|p1b: ainidajiro|Water\n|move|p2b: Palafin|Jet Punch|p1a: eldrojadicto\n|-activate|p1a: eldrojadicto|move: Psychic Terrain\n|move|p1a: eldrojadicto|Moonblast|p2b: Palafin\n|-damage|p2b: Palafin|0 fnt\n|faint|p2b: Palafin\n|\n|win|fifier\n|raw|fifier's rating: 1083 → 1104<\/strong> (+21 for winning)\n|raw|Hhfgjjjddg's rating: 1000 → 1000<\/strong> (+0 for losing)\n|c|\u2606fifier|gg\n","uploadtime":1683999973,"views":4,"p1id":"fifier","p2id":"hhfgjjjddg","formatid":"gen9vgc2023regulationc","rating":1000,"private":0,"password":""}