{"id":"gen9vgc2023regulationc-1862237481","p1":"Mogomomo","p2":"dojanemperor","format":"[Gen 9] VGC 2023 Regulation C","log":"|j|\u2606Mogomomo\n|j|\u2606dojanemperor\n|t:|1683853350\n|gametype|doubles\n|player|p1|Mogomomo|crasherwake|\n|player|p2|dojanemperor|giovanni-masters|\n|teamsize|p1|6\n|teamsize|p2|6\n|gen|9\n|tier|[Gen 9] VGC 2023 Regulation C\n|rule|Tera Type Preview: Tera Types are shown at Team Preview\n|rule|Species Clause: Limit one of each Pok\u00e9mon\n|rule|Item Clause: Limit one of each item\n|clearpoke\n|poke|p1|Flutter Mane, L50|\n|poke|p1|Baxcalibur, L50, F|\n|poke|p1|Kingambit, L50, F|\n|poke|p1|Rotom-Wash, L50|\n|poke|p1|Gothorita, L50, F|\n|poke|p1|Salazzle, L50, F|\n|poke|p2|Iron Bundle, L50|\n|poke|p2|Arcanine, L50, M|\n|poke|p2|Great Tusk, L50|\n|poke|p2|Armarouge, L50, F|\n|poke|p2|Indeedee, L50, M|\n|poke|p2|Abomasnow, L50, M|\n|teampreview|4\n|raw|Mogomomo's Tera Types: \/ \/ \/ \/ \/ \n|raw|dojanemperor's Tera Types: \/ \/ \/ \/ \/ \n|c|\u2606Mogomomo|g2\nMogomomo rejected open team sheets.\n|j| winteredsoul\n|l| winteredsoul\n|j| glowbrogang\n|c|\u2606Mogomomo|gl hf!\n|j| M1so\n|c|\u2606dojanemperor|u2\n|j| winteredsoul\n|c| glowbrogang|no pressure\n|c| glowbrogang|pressure\n|\n|t:|1683853923\n|start\n|switch|p1a: Baxcalibur|Baxcalibur, L50, F|100\/100\n|switch|p1b: Flutter Mane|Flutter Mane, L50|100\/100\n|switch|p2a: Great Tusk|Great Tusk, L50|100\/100\n|switch|p2b: Abomasnow|Abomasnow, L50, M|100\/100\n|-weather|Snow|[from] ability: Snow Warning|[of] p2b: Abomasnow\n|-enditem|p2a: Great Tusk|Booster Energy\n|-activate|p2a: Great Tusk|ability: Protosynthesis|[fromitem]\n|-start|p2a: Great Tusk|protosynthesisatk\n|turn|1\n|j| Hiiya Papaya\n|l| Hiiya Papaya\n|\n|t:|1683854036\n|-terastallize|p2a: Great Tusk|Ground\n|move|p1a: Baxcalibur|Brick Break|p2b: Abomasnow\n|-supereffective|p2b: Abomasnow\n|-damage|p2b: Abomasnow|47\/100\n|move|p1b: Flutter Mane|Moonblast|p2b: Abomasnow\n|-damage|p2b: Abomasnow|0 fnt\n|faint|p2b: Abomasnow\n|move|p2a: Great Tusk|Headlong Rush|p1b: Flutter Mane\n|-damage|p1b: Flutter Mane|0 fnt\n|-unboost|p2a: Great Tusk|def|1\n|-unboost|p2a: Great Tusk|spd|1\n|faint|p1b: Flutter Mane\n|-end|p1b: Flutter Mane|Protosynthesis|[silent]\n|\n|-weather|Snow|[upkeep]\n|upkeep\n|j| Hiiya Papaya\n|l| Hiiya Papaya\n|\n|t:|1683854067\n|switch|p1b: Rotom|Rotom-Wash, L50|100\/100\n|switch|p2b: Arcanine|Arcanine, L50, M|100\/100\n|-ability|p2b: Arcanine|Intimidate|boost\n|-unboost|p1a: Baxcalibur|atk|1\n|-unboost|p1b: Rotom|atk|1\n|turn|2\n|l| glowbrogang\n|j| glowbrogang\n|\n|t:|1683854130\n|switch|p1a: Kingambit|Kingambit, L50, F|100\/100\n|move|p2a: Great Tusk|Close Combat|p1a: Kingambit\n|-supereffective|p1a: Kingambit\n|-damage|p1a: Kingambit|0 fnt\n|-unboost|p2a: Great Tusk|def|1\n|-unboost|p2a: Great Tusk|spd|1\n|faint|p1a: Kingambit\n|move|p2b: Arcanine|Snarl|p1b: Rotom\n|-damage|p1b: Rotom|88\/100\n|-unboost|p1b: Rotom|spa|1\n|move|p1b: Rotom|Hydro Pump|p2b: Arcanine|[miss]\n|-miss|p1b: Rotom|p2b: Arcanine\n|\n|-weather|Snow|[upkeep]\n|upkeep\n|\n|t:|1683854139\n|switch|p1a: Baxcalibur|Baxcalibur, L50, F|100\/100\n|turn|3\n|\n|t:|1683854152\n|-terastallize|p1a: Baxcalibur|Dragon\n|move|p1a: Baxcalibur|Glaive Rush|p2a: Great Tusk\n|-damage|p2a: Great Tusk|0 fnt\n|-singlemove|p1a: Baxcalibur|Glaive Rush|[silent]\n|faint|p2a: Great Tusk\n|-end|p2a: Great Tusk|Protosynthesis|[silent]\n|move|p2b: Arcanine|Snarl|p1a: Baxcalibur|[spread] p1a,p1b\n|-crit|p1a: Baxcalibur\n|-damage|p1a: Baxcalibur|72\/100\n|-damage|p1b: Rotom|78\/100\n|-unboost|p1a: Baxcalibur|spa|1\n|-unboost|p1b: Rotom|spa|1\n|move|p1b: Rotom|Hydro Pump|p2b: Arcanine\n|-supereffective|p2b: Arcanine\n|-damage|p2b: Arcanine|55\/100\n|\n|-weather|Snow|[upkeep]\n|upkeep\n|\n|t:|1683854164\n|switch|p2a: Iron Bundle|Iron Bundle, L50|100\/100\n|turn|4\n|\n|t:|1683854211\n|move|p2a: Iron Bundle|Freeze-Dry|p1b: Rotom\n|-supereffective|p1b: Rotom\n|-damage|p1b: Rotom|9\/100\n|-enditem|p1b: Rotom|Wiki Berry|[eat]\n|-heal|p1b: Rotom|43\/100|[from] item: Wiki Berry\n|move|p1a: Baxcalibur|Glaive Rush|p2a: Iron Bundle\n|-damage|p2a: Iron Bundle|26\/100\n|-singlemove|p1a: Baxcalibur|Glaive Rush|[silent]\n|move|p2b: Arcanine|Snarl|p1a: Baxcalibur|[spread] p1a,p1b\n|-crit|p1a: Baxcalibur\n|-damage|p1a: Baxcalibur|44\/100\n|-damage|p1b: Rotom|34\/100\n|-unboost|p1a: Baxcalibur|spa|1\n|-unboost|p1b: Rotom|spa|1\n|move|p1b: Rotom|Thunderbolt|p2a: Iron Bundle\n|-supereffective|p2a: Iron Bundle\n|-damage|p2a: Iron Bundle|0 fnt\n|faint|p2a: Iron Bundle\n|-end|p2a: Iron Bundle|Quark Drive|[silent]\n|\n|-weather|Snow|[upkeep]\n|upkeep\n|turn|5\n|\n|t:|1683854233\n|move|p1a: Baxcalibur|Glaive Rush|p2b: Arcanine\n|-damage|p2b: Arcanine|0 fnt\n|-singlemove|p1a: Baxcalibur|Glaive Rush|[silent]\n|faint|p2b: Arcanine\n|\n|win|Mogomomo\n|c|\u2606Mogomomo|gg\n|c|\u2606dojanemperor|gg\n|l| M1so\n|l|\u2606dojanemperor\n|l| winteredsoul\n|l| glowbrogang\n","uploadtime":1683854307,"views":14,"p1id":"mogomomo","p2id":"dojanemperor","formatid":"gen9vgc2023regulationc","rating":0,"private":0,"password":""}