{"id":"gen9vgc2023regulationc-1863486707","p1":"Memes4.0","p2":"bigman993","format":"[Gen 9] VGC 2023 Regulation C","log":"|j|\u2606Memes4.0\n|j|\u2606bigman993\n|t:|1684023933\n|gametype|doubles\n|player|p1|Memes4.0|101|1096\n|player|p2|bigman993|lucian|1062\n|teamsize|p1|6\n|teamsize|p2|6\n|gen|9\n|tier|[Gen 9] VGC 2023 Regulation C\n|rated|\n|rule|Species Clause: Limit one of each Pok\u00e9mon\n|rule|Item Clause: Limit one of each item\n|clearpoke\n|poke|p1|Flutter Mane, L50|\n|poke|p1|Amoonguss, L50, M|\n|poke|p1|Gothitelle, L50, M|\n|poke|p1|Farigiraf, L50, M|\n|poke|p1|Azumarill, L50, F|\n|poke|p1|Ceruledge, L50, M|\n|poke|p2|Iron Hands, L50|\n|poke|p2|Iron Bundle, L50|\n|poke|p2|Gholdengo, L50|\n|poke|p2|Roaring Moon, L50|\n|poke|p2|Annihilape, L50, M|\n|poke|p2|Chi-Yu, L50|\n|teampreview|4\n|inactive|Battle timer is ON: inactive players will automatically lose when time's up. (requested by Memes4.0)\n|inactive|Memes4.0 has 60 seconds left.\n|\n|t:|1684023982\n|start\n|switch|p1a: Out of Names|Gothitelle, L50, M|100\/100\n|switch|p1b: Zebra|Farigiraf, L50, M|100\/100\n|switch|p2a: Iron Hands|Iron Hands, L50|100\/100\n|switch|p2b: Iron Bundle|Iron Bundle, L50|100\/100\n|turn|1\n|inactive|bigman993 has 30 seconds left.\n|inactive|bigman993 has 20 seconds left.\n|inactive|bigman993 has 15 seconds left.\n|inactive|bigman993 has 10 seconds left.\n|inactive|bigman993 has 5 seconds left.\n|\n|t:|1684024038\n|move|p2b: Iron Bundle|Protect|p2b: Iron Bundle\n|-singleturn|p2b: Iron Bundle|Protect\n|move|p1a: Out of Names|Fake Out|p2a: Iron Hands\n|-damage|p2a: Iron Hands|97\/100\n|cant|p2a: Iron Hands|flinch\n|move|p1b: Zebra|Trick Room|p1b: Zebra\n|-fieldstart|move: Trick Room|[of] p1b: Zebra\n|\n|-heal|p2a: Iron Hands|100\/100|[from] item: Leftovers\n|upkeep\n|turn|2\n|inactive|bigman993 has 30 seconds left.\n|\n|t:|1684024069\n|move|p1b: Zebra|Psychic|p2a: Iron Hands\n|-supereffective|p2a: Iron Hands\n|-damage|p2a: Iron Hands|9\/100\n|-damage|p1b: Zebra|91\/100|[from] item: Life Orb\n|move|p1a: Out of Names|Psychic|p2a: Iron Hands\n|-supereffective|p2a: Iron Hands\n|-damage|p2a: Iron Hands|0 fnt\n|faint|p2a: Iron Hands\n|-end|p2a: Iron Hands|Quark Drive|[silent]\n|move|p2b: Iron Bundle|Hydro Pump|p1a: Out of Names\n|-damage|p1a: Out of Names|56\/100\n|\n|upkeep\n|\n|t:|1684024080\n|switch|p2a: Annihilape|Annihilape, L50, M|100\/100\n|turn|3\n|\n|t:|1684024089\n|move|p1b: Zebra|Psychic|p2a: Annihilape\n|-supereffective|p2a: Annihilape\n|-damage|p2a: Annihilape|17\/100\n|-damage|p1b: Zebra|81\/100|[from] item: Life Orb\n|move|p1a: Out of Names|Psychic|p2a: Annihilape\n|-supereffective|p2a: Annihilape\n|-damage|p2a: Annihilape|0 fnt\n|faint|p2a: Annihilape\n|move|p2b: Iron Bundle|Hydro Pump|p1a: Out of Names\n|-damage|p1a: Out of Names|6\/100\n|-enditem|p1a: Out of Names|Aguav Berry|[eat]\n|-heal|p1a: Out of Names|39\/100|[from] item: Aguav Berry\n|\n|upkeep\n|\n|t:|1684024098\n|switch|p2a: Chi-Yu|Chi-Yu, L50|100\/100\n|-ability|p2a: Chi-Yu|Beads of Ruin\n|turn|4\n|inactive|bigman993 has 30 seconds left.\n|inactive|bigman993 has 20 seconds left.\n|inactive|Memes4.0 has 30 seconds left.\n|inactive|bigman993 has 15 seconds left.\n|inactive|bigman993 has 10 seconds left.\n|inactive|Memes4.0 has 20 seconds left.\n|\n|t:|1684024148\n|move|p1b: Zebra|Psychic|p2b: Iron Bundle\n|-enditem|p2b: Iron Bundle|Focus Sash\n|-damage|p2b: Iron Bundle|1\/100\n|-damage|p1b: Zebra|71\/100|[from] item: Life Orb\n|move|p1a: Out of Names|Psychic|p2b: Iron Bundle\n|-damage|p2b: Iron Bundle|0 fnt\n|faint|p2b: Iron Bundle\n|-end|p2b: Iron Bundle|Quark Drive|[silent]\n|move|p2a: Chi-Yu|Dark Pulse|p1a: Out of Names\n|-supereffective|p1a: Out of Names\n|-damage|p1a: Out of Names|0 fnt\n|faint|p1a: Out of Names\n|\n|upkeep\n|\n|t:|1684024153\n|switch|p1a: Egg|Azumarill, L50, F, shiny|100\/100\n|turn|5\n|\n|t:|1684024179\n|-terastallize|p2a: Chi-Yu|Fire\n|move|p1b: Zebra|Dazzling Gleam|p2a: Chi-Yu\n|-resisted|p2a: Chi-Yu\n|-damage|p2a: Chi-Yu|87\/100\n|-damage|p1b: Zebra|62\/100|[from] item: Life Orb\n|move|p1a: Egg|Liquidation|p2a: Chi-Yu\n|-supereffective|p2a: Chi-Yu\n|-damage|p2a: Chi-Yu|0 fnt\n|faint|p2a: Chi-Yu\n|\n|win|Memes4.0\n|raw|Memes4.0's rating: 1096 → 1119<\/strong> (+23 for winning)\n|raw|bigman993's rating: 1062 → 1045<\/strong> (-17 for losing)\n|l|\u2606bigman993\n","uploadtime":1684024290,"views":7,"p1id":"memes40","p2id":"bigman993","formatid":"gen9vgc2023regulationc","rating":1045,"private":0,"password":""}