{"id":"gen9vgc2023regulationc-1855714573","p1":"previouslyunnamed","p2":"gianniking","format":"[Gen 9] VGC 2023 Regulation C","log":"|j|\u2606previouslyunnamed\n|j|\u2606gianniking\n|t:|1682976011\n|gametype|doubles\n|player|p1|previouslyunnamed|swimmerf-gen4|1254\n|player|p2|gianniking|266|1307\n|teamsize|p1|6\n|teamsize|p2|6\n|gen|9\n|tier|[Gen 9] VGC 2023 Regulation C\n|rated|\n|rule|Species Clause: Limit one of each Pok\u00e9mon\n|rule|Item Clause: Limit one of each item\n|clearpoke\n|poke|p1|Murkrow, L50, M|\n|poke|p1|Flutter Mane, L50|\n|poke|p1|Chi-Yu, L50|\n|poke|p1|Great Tusk, L50|\n|poke|p1|Tyranitar, L50, F|\n|poke|p1|Chien-Pao, L50|\n|poke|p2|Annihilape, L50, M|\n|poke|p2|Maushold, L50|\n|poke|p2|Corviknight, L50, F|\n|poke|p2|Gholdengo, L50|\n|poke|p2|Gastrodon, L50, M|\n|poke|p2|Ting-Lu, L50|\n|teampreview|4\n|inactive|Battle timer is ON: inactive players will automatically lose when time's up. (requested by previouslyunnamed)\ngianniking has agreed to open team sheets.\n|inactive|previouslyunnamed has 60 seconds left.\n|inactive|gianniking has 60 seconds left.\n|c|\u2606previouslyunnamed|glhf\n|c|\u2606gianniking|gl\n|inactive|gianniking has 30 seconds left.\n|inactive|gianniking has 20 seconds left.\n|inactive|gianniking has 15 seconds left.\n|inactive|gianniking has 10 seconds left.\n|inactive|gianniking has 5 seconds left.\n|\n|t:|1682976101\n|start\n|switch|p1a: Flutter Mane|Flutter Mane, L50|100\/100\n|switch|p1b: Chi-Yu|Chi-Yu, L50|100\/100\n|switch|p2a: Annihilape|Annihilape, L50, M|100\/100\n|switch|p2b: Ting-Lu|Ting-Lu, L50|100\/100\n|-ability|p1b: Chi-Yu|Beads of Ruin\n|-ability|p2b: Ting-Lu|Vessel of Ruin\n|-enditem|p1a: Flutter Mane|Booster Energy\n|-activate|p1a: Flutter Mane|ability: Protosynthesis|[fromitem]\n|-start|p1a: Flutter Mane|protosynthesisspa\n|turn|1\n|inactive|previouslyunnamed has 30 seconds left.\n|\n|t:|1682976126\n|-terastallize|p2a: Annihilape|Fire\n|move|p1a: Flutter Mane|Protect|p1a: Flutter Mane\n|-singleturn|p1a: Flutter Mane|Protect\n|move|p1b: Chi-Yu|Heat Wave|p2b: Ting-Lu|[spread] p2a,p2b\n|-resisted|p2a: Annihilape\n|-damage|p2a: Annihilape|80\/100\n|-damage|p2b: Ting-Lu|80\/100\n|move|p2a: Annihilape|Rage Fist|p1a: Flutter Mane\n|-activate|p1a: Flutter Mane|move: Protect\n|move|p2b: Ting-Lu|Stomping Tantrum|p1b: Chi-Yu\n|-supereffective|p1b: Chi-Yu\n|-damage|p1b: Chi-Yu|13\/100\n|\n|-heal|p2a: Annihilape|86\/100|[from] item: Leftovers\n|upkeep\n|turn|2\n|\n|t:|1682976143\n|move|p2a: Annihilape|Protect|p2a: Annihilape\n|-singleturn|p2a: Annihilape|Protect\n|move|p1a: Flutter Mane|Shadow Ball|p2a: Annihilape\n|-activate|p2a: Annihilape|move: Protect\n|move|p1b: Chi-Yu|Dark Pulse|p2a: Annihilape\n|-activate|p2a: Annihilape|move: Protect\n|move|p2b: Ting-Lu|Stomping Tantrum|p1b: Chi-Yu\n|-supereffective|p1b: Chi-Yu\n|-damage|p1b: Chi-Yu|0 fnt\n|faint|p1b: Chi-Yu\n|\n|-heal|p2a: Annihilape|92\/100|[from] item: Leftovers\n|upkeep\n|\n|t:|1682976146\n|switch|p1b: Great Tusk|Great Tusk, L50|100\/100\n|turn|3\n|inactive|gianniking has 30 seconds left.\n|\n|t:|1682976172\n|switch|p2a: Corviknight|Corviknight, L50, F|100\/100\n|move|p1a: Flutter Mane|Protect|p1a: Flutter Mane\n|-singleturn|p1a: Flutter Mane|Protect\n|move|p1b: Great Tusk|Earthquake|p2b: Ting-Lu|[spread] p2b\n|-activate|p1a: Flutter Mane|move: Protect\n|-immune|p2a: Corviknight\n|-damage|p2b: Ting-Lu|57\/100\n|-damage|p1b: Great Tusk|90\/100|[from] item: Life Orb\n|move|p2b: Ting-Lu|Heavy Slam|p1a: Flutter Mane\n|-activate|p1a: Flutter Mane|move: Protect\n|\n|upkeep\n|turn|4\n|\n|t:|1682976194\n|-terastallize|p1b: Great Tusk|Steel\n|move|p1a: Flutter Mane|Thunderbolt|p2a: Corviknight\n|-supereffective|p2a: Corviknight\n|-damage|p2a: Corviknight|46\/100\n|-enditem|p2a: Corviknight|Sitrus Berry|[eat]\n|-heal|p2a: Corviknight|71\/100|[from] item: Sitrus Berry\n|move|p1b: Great Tusk|Close Combat|p2b: Ting-Lu\n|-supereffective|p2b: Ting-Lu\n|-damage|p2b: Ting-Lu|0 fnt\n|-unboost|p1b: Great Tusk|def|1\n|-unboost|p1b: Great Tusk|spd|1\n|faint|p2b: Ting-Lu\n|-damage|p1b: Great Tusk|80\/100|[from] item: Life Orb\n|move|p2a: Corviknight|Brave Bird|p1b: Great Tusk\n|-resisted|p1b: Great Tusk\n|-damage|p1b: Great Tusk|59\/100\n|-damage|p2a: Corviknight|64\/100|[from] Recoil\n|\n|upkeep\n|\n|t:|1682976214\n|switch|p2b: Maushold|Maushold, L50|100\/100\n|turn|5\n|\n|t:|1682976229\n|move|p2b: Maushold|Follow Me|p2b: Maushold\n|-singleturn|p2b: Maushold|move: Follow Me\n|move|p1a: Flutter Mane|Thunderbolt|p2b: Maushold\n|-damage|p2b: Maushold|64\/100\n|move|p1b: Great Tusk|Close Combat|p2b: Maushold\n|-supereffective|p2b: Maushold\n|-damage|p2b: Maushold|0 fnt\n|-unboost|p1b: Great Tusk|def|1\n|-unboost|p1b: Great Tusk|spd|1\n|faint|p2b: Maushold\n|-damage|p1b: Great Tusk|49\/100|[from] item: Life Orb\n|move|p2a: Corviknight|Tailwind|p2a: Corviknight\n|-sidestart|p2: gianniking|move: Tailwind\n|\n|upkeep\n|\n|t:|1682976242\n|switch|p2b: Annihilape|Annihilape, L50, M, tera:Fire|92\/100\n|turn|6\n|\n|t:|1682976250\n|move|p1b: Great Tusk|Protect|p1b: Great Tusk\n|-singleturn|p1b: Great Tusk|Protect\n|move|p2b: Annihilape|Drain Punch|p1b: Great Tusk\n|-activate|p1b: Great Tusk|move: Protect\n|move|p2a: Corviknight|Roost|p2a: Corviknight\n|-heal|p2a: Corviknight|100\/100\n|-singleturn|p2a: Corviknight|move: Roost\n|move|p1a: Flutter Mane|Shadow Ball|p2b: Annihilape\n|-damage|p2b: Annihilape|42\/100\n|\n|-heal|p2b: Annihilape|48\/100|[from] item: Leftovers\n|upkeep\n|turn|7\n|\n|t:|1682976268\n|-end|p1b: Great Tusk|Protosynthesis|[silent]\n|switch|p1b: Murkrow|Murkrow, L50, M|100\/100\n|move|p2b: Annihilape|Drain Punch|p1b: Murkrow\n|-damage|p1b: Murkrow|56\/100\n|-heal|p2b: Annihilape|65\/100|[from] drain|[of] p1b: Murkrow\n|move|p2a: Corviknight|Brave Bird|p1a: Flutter Mane\n|-damage|p1a: Flutter Mane|47\/100\n|-damage|p2a: Corviknight|88\/100|[from] Recoil\n|move|p1a: Flutter Mane|Shadow Ball|p2b: Annihilape\n|-damage|p2b: Annihilape|18\/100\n|\n|-heal|p2b: Annihilape|24\/100|[from] item: Leftovers\n|upkeep\n|turn|8\n|inactive|previouslyunnamed has 30 seconds left.\n|inactive|gianniking has 30 seconds left.\n|\n|t:|1682976298\n|move|p2b: Annihilape|Protect|p2b: Annihilape\n|-singleturn|p2b: Annihilape|Protect\n|move|p1a: Flutter Mane|Protect|p1a: Flutter Mane\n|-singleturn|p1a: Flutter Mane|Protect\n|move|p1b: Murkrow|Tailwind|p1b: Murkrow\n|-sidestart|p1: previouslyunnamed|move: Tailwind\n|move|p2a: Corviknight|Brave Bird|p1a: Flutter Mane\n|-activate|p1a: Flutter Mane|move: Protect\n|\n|-heal|p2b: Annihilape|30\/100|[from] item: Leftovers\n|-sideend|p2: gianniking|move: Tailwind\n|upkeep\n|turn|9\n|inactive|gianniking has 30 seconds left.\n|\n|t:|1682976332\n|move|p1b: Murkrow|Sunny Day|p1b: Murkrow\n|-weather|SunnyDay\n|move|p1a: Flutter Mane|Shadow Ball|p2b: Annihilape\n|-damage|p2b: Annihilape|0 fnt\n|faint|p2b: Annihilape\n|move|p2a: Corviknight|Brave Bird|p1a: Flutter Mane\n|-damage|p1a: Flutter Mane|0 fnt\n|faint|p1a: Flutter Mane\n|-end|p1a: Flutter Mane|Protosynthesis|[silent]\n|-damage|p2a: Corviknight|78\/100|[from] Recoil\n|\n|-weather|SunnyDay|[upkeep]\n|upkeep\n|\n|t:|1682976339\n|switch|p1a: Great Tusk|Great Tusk, L50, tera:Steel|49\/100\n|-activate|p1a: Great Tusk|ability: Protosynthesis\n|-start|p1a: Great Tusk|protosynthesisatk\n|turn|10\n|\n|t:|1682976350\n|move|p1a: Great Tusk|Protect|p1a: Great Tusk\n|-singleturn|p1a: Great Tusk|Protect\n|move|p1b: Murkrow|Foul Play|p2a: Corviknight\n|-damage|p2a: Corviknight|60\/100\n|move|p2a: Corviknight|Tailwind|p2a: Corviknight\n|-sidestart|p2: gianniking|move: Tailwind\n|\n|-weather|SunnyDay|[upkeep]\n|upkeep\n|turn|11\n|\n|t:|1682976362\n|move|p1a: Great Tusk|Close Combat|p2a: Corviknight\n|-damage|p2a: Corviknight|0 fnt\n|-unboost|p1a: Great Tusk|def|1\n|-unboost|p1a: Great Tusk|spd|1\n|faint|p2a: Corviknight\n|-damage|p1a: Great Tusk|39\/100|[from] item: Life Orb\n|\n|win|previouslyunnamed\n|raw|previouslyunnamed's rating: 1254 → 1283<\/strong> (+29 for winning)\n|raw|gianniking's rating: 1307 → 1284<\/strong> (-23 for losing)\n","uploadtime":1682976372,"views":12,"p1id":"previouslyunnamed","p2id":"gianniking","formatid":"gen9vgc2023regulationc","rating":1283,"private":0,"password":""}