{"id":"gen9vgc2023regulationc-1860044715","p1":"bokessj","p2":"LobsterLiveGaming","format":"[Gen 9] VGC 2023 Regulation C","log":"|j|\u2606bokessj\n|j|\u2606LobsterLiveGaming\n|t:|1683588730\n|gametype|doubles\n|player|p1|bokessj|cynthia-gen4|1153\n|player|p2|LobsterLiveGaming|darach-caitlin|1158\n|teamsize|p1|6\n|teamsize|p2|6\n|gen|9\n|tier|[Gen 9] VGC 2023 Regulation C\n|rated|\n|rule|Species Clause: Limit one of each Pok\u00e9mon\n|rule|Item Clause: Limit one of each item\n|clearpoke\n|poke|p1|Talonflame, L50, M|\n|poke|p1|Skeledirge, L50, M|\n|poke|p1|Gholdengo, L50|\n|poke|p1|Annihilape, L50, F|\n|poke|p1|Tyranitar, L50, F|\n|poke|p1|Houndstone, L50, M|\n|poke|p2|Chi-Yu, L50|\n|poke|p2|Gastrodon-East, L50, F|\n|poke|p2|Pelipper, L50, M|\n|poke|p2|Drednaw, L50, F|\n|poke|p2|Flutter Mane, L50|\n|poke|p2|Amoonguss, L50, M|\n|teampreview|4\n|inactive|Battle timer is ON: inactive players will automatically lose when time's up. (requested by LobsterLiveGaming)\n|inactive|bokessj also wants the timer to be on.\n|inactive|LobsterLiveGaming has 60 seconds left.\n|\n|t:|1683588763\n|start\n|switch|p1a: Talonflame|Talonflame, L50, M|100\/100\n|switch|p1b: Gholdengo|Gholdengo, L50|100\/100\n|switch|p2a: Gastrodon|Gastrodon-East, L50, F|100\/100\n|switch|p2b: Drednaw|Drednaw, L50, F, shiny|100\/100\n|turn|1\n|inactive|bokessj has 30 seconds left.\n|\n|t:|1683588797\n|move|p1a: Talonflame|Tailwind|p1a: Talonflame\n|-sidestart|p1: bokessj|move: Tailwind\n|move|p1b: Gholdengo|Make It Rain|p2a: Gastrodon|[spread] p2a,p2b\n|-resisted|p2a: Gastrodon\n|-damage|p2a: Gastrodon|65\/100\n|-damage|p2b: Drednaw|18\/100\n|-unboost|p1b: Gholdengo|spa|1\n|-damage|p1b: Gholdengo|91\/100|[from] item: Life Orb\n|move|p2b: Drednaw|Liquidation|p2a: Gastrodon\n|-activate|p2a: Gastrodon|ability: Storm Drain\n|-ability|p2a: Gastrodon|Storm Drain|boost\n|-boost|p2a: Gastrodon|spa|1\n|move|p2a: Gastrodon|Muddy Water|p1b: Gholdengo|[spread] p1a\n|-miss|p2a: Gastrodon|p1b: Gholdengo\n|-supereffective|p1a: Talonflame\n|-enditem|p1a: Talonflame|Focus Sash\n|-damage|p1a: Talonflame|1\/100\n|\n|upkeep\n|turn|2\n|c|\u2606LobsterLiveGaming|\ud83d\udc80\n|inactive|bokessj has 30 seconds left.\n|inactive|LobsterLiveGaming has 30 seconds left.\n|inactive|LobsterLiveGaming has 20 seconds left.\n|c|\u2606LobsterLiveGaming|i did not know storm drain did that\n|inactive|LobsterLiveGaming has 15 seconds left.\n|\n|t:|1683588840\n|switch|p2b: Pelipper|Pelipper, L50, M|100\/100\n|-weather|RainDance|[from] ability: Drizzle|[of] p2b: Pelipper\n|move|p1a: Talonflame|Air Slash|p2a: Gastrodon\n|-damage|p2a: Gastrodon|34\/100\n|-enditem|p2a: Gastrodon|Sitrus Berry|[eat]\n|-heal|p2a: Gastrodon|59\/100|[from] item: Sitrus Berry\n|move|p1b: Gholdengo|Nasty Plot|p1b: Gholdengo\n|-boost|p1b: Gholdengo|spa|2\n|move|p2a: Gastrodon|Muddy Water|p1b: Gholdengo|[spread] p1a,p1b\n|-supereffective|p1a: Talonflame\n|-damage|p1a: Talonflame|0 fnt\n|-damage|p1b: Gholdengo|17\/100\n|faint|p1a: Talonflame\n|\n|-weather|RainDance|[upkeep]\n|upkeep\n|\n|t:|1683588860\n|switch|p1a: Canela|Houndstone, L50, M|100\/100\n|turn|3\n|\n|t:|1683588872\n|move|p1b: Gholdengo|Make It Rain|p2a: Gastrodon|[spread] p2a,p2b\n|-resisted|p2a: Gastrodon\n|-resisted|p2b: Pelipper\n|-crit|p2b: Pelipper\n|-damage|p2a: Gastrodon|3\/100\n|-damage|p2b: Pelipper|6\/100\n|-unboost|p1b: Gholdengo|spa|1\n|-damage|p1b: Gholdengo|7\/100|[from] item: Life Orb\n|move|p1a: Canela|Last Respects|p2a: Gastrodon\n|-damage|p2a: Gastrodon|0 fnt\n|faint|p2a: Gastrodon\n|move|p2b: Pelipper|Hurricane|p1b: Gholdengo\n|-resisted|p1b: Gholdengo\n|-damage|p1b: Gholdengo|0 fnt\n|faint|p1b: Gholdengo\n|\n|-weather|RainDance|[upkeep]\n|upkeep\n|\n|t:|1683588890\n|switch|p1b: Tyranitar|Tyranitar, L50, F|100\/100\n|switch|p2a: Flutter Mane|Flutter Mane, L50|100\/100\n|-weather|Sandstorm|[from] ability: Sand Stream|[of] p1b: Tyranitar\n|-enditem|p2a: Flutter Mane|Booster Energy\n|-activate|p2a: Flutter Mane|ability: Protosynthesis|[fromitem]\n|-start|p2a: Flutter Mane|protosynthesisspe\n|turn|4\n|\n|t:|1683588909\n|-terastallize|p2a: Flutter Mane|Fairy\n|move|p2b: Pelipper|Protect|p2b: Pelipper\n|-singleturn|p2b: Pelipper|Protect\n|move|p1a: Canela|Last Respects|p2a: Flutter Mane\n|-damage|p2a: Flutter Mane|0 fnt\n|faint|p2a: Flutter Mane\n|-end|p2a: Flutter Mane|Protosynthesis|[silent]\n|move|p1b: Tyranitar|Rock Slide|p2b: Pelipper\n|-activate|p2b: Pelipper|move: Protect\n|\n|-weather|Sandstorm|[upkeep]\n|-damage|p2b: Pelipper|0 fnt|[from] Sandstorm\n|faint|p2b: Pelipper\n|-sideend|p1: bokessj|move: Tailwind\n|upkeep\n|\n|t:|1683588919\n|switch|p2b: Drednaw|Drednaw, L50, F, shiny|18\/100\n|turn|5\n|\n|t:|1683588928\n|move|p1a: Canela|Last Respects|p2b: Drednaw\n|-crit|p2b: Drednaw\n|-damage|p2b: Drednaw|0 fnt\n|faint|p2b: Drednaw\n|\n|win|bokessj\n|raw|bokessj's rating: 1153 → 1178<\/strong> (+25 for winning)\n|raw|LobsterLiveGaming's rating: 1158 → 1133<\/strong> (-25 for losing)\n|l|\u2606LobsterLiveGaming\n|l|\u2606bokessj\n|j|\u2606LobsterLiveGaming\n|player|p2|LobsterLiveGaming|darach-caitlin\n","uploadtime":1683588940,"views":8,"p1id":"bokessj","p2id":"lobsterlivegaming","formatid":"gen9vgc2023regulationc","rating":1133,"private":0,"password":""}