{"id":"gen9vgc2023regulationc-1853231651","p1":"souraphyz","p2":"Borghi","format":"[Gen 9] VGC 2023 Regulation C","log":"|j|\u2606souraphyz\n|j|\u2606Borghi\n|t:|1682652034\n|gametype|doubles\n|player|p1|souraphyz|lucas-gen4pt|\n|player|p2|Borghi|blue-masters|\n|teamsize|p1|6\n|teamsize|p2|6\n|gen|9\n|tier|[Gen 9] VGC 2023 Regulation C\n|rated|Tournament battle\n|rule|Species Clause: Limit one of each Pok\u00e9mon\n|rule|Item Clause: Limit one of each item\n|clearpoke\n|poke|p1|Palafin, L50, M|\n|poke|p1|Arcanine, L50, F|\n|poke|p1|Amoonguss, L50, F|\n|poke|p1|Flutter Mane, L50|\n|poke|p1|Dragonite, L50, M|\n|poke|p1|Iron Hands, L50|\n|poke|p2|Amoonguss, L50, M|\n|poke|p2|Ting-Lu, L50|\n|poke|p2|Corviknight, L50, F|\n|poke|p2|Rotom-Wash, L50|\n|poke|p2|Chi-Yu, L50|\n|poke|p2|Flutter Mane, L50|\n|teampreview|4\n|raw| Open Team Sheet for souraphyz<\/summary>Palafin @ Mystic Water Ability: Zero to Hero Level: 50 Tera Type: Water - Protect - Wave Crash - Jet Punch - Drain Punch Arcanine @ Aguav Berry Ability: Intimidate Level: 50 Tera Type: Grass - Flare Blitz - Extreme Speed - Will-O-Wisp - Snarl Amoonguss @ Sitrus Berry Ability: Regenerator Level: 50 Tera Type: Water - Pollen Puff - Clear Smog - Rage Powder - Spore Flutter Mane @ Booster Energy Ability: Protosynthesis Level: 50 Tera Type: Fairy - Protect - Shadow Ball - Moonblast - Dazzling Gleam Dragonite @ Lum Berry Ability: Inner Focus Level: 50 Tera Type: Normal - Outrage - Extreme Speed - Ice Spinner - Tailwind Iron Hands @ Leftovers Ability: Quark Drive Level: 50 Tera Type: Water - Protect - Swords Dance - Drain Punch - Thunder Punch <\/details><\/div> Open Team Sheet for Borghi<\/summary>Amoonguss @ Sitrus Berry Ability: Regenerator Level: 50 Tera Type: Water - Clear Smog - Pollen Puff - Spore - Rage Powder Ting-Lu @ Leftovers Ability: Vessel of Ruin Level: 50 Tera Type: Poison - Protect - Earthquake - Heavy Slam - Sand Tomb Corviknight @ Lum Berry Ability: Mirror Armor Level: 50 Tera Type: Dragon - Brave Bird - Iron Head - Roost - Tailwind Rotom (Rotom-Wash) @ Safety Goggles Ability: Levitate Level: 50 Tera Type: Poison - Protect - Thunderbolt - Hydro Pump - Nasty Plot Chi-Yu @ Focus Sash Ability: Beads of Ruin Level: 50 Tera Type: Fire - Protect - Heat Wave - Dark Pulse - Overheat Flutter Mane @ Booster Energy Ability: Protosynthesis Level: 50 Tera Type: Fairy - Protect - Moonblast - Shadow Ball - Icy Wind <\/details><\/div>\n|inactive|Battle timer is ON: inactive players will automatically lose when time's up. (requested by Borghi)\n|j| Megumi173\n|j| josephwastaken\n|c|\u2606Borghi|oo\n|c|\u2606Borghi|hf\n|j| AcrobatVGC\n|inactive|souraphyz has 60 seconds left.\n|inactive|Borghi has 60 seconds left.\n|l| AcrobatVGC\n|c|\u2606souraphyz|glhf\n|inactive|souraphyz has 30 seconds left.\n|inactive|souraphyz has 20 seconds left.\n|inactive|souraphyz has 15 seconds left.\n|\n|t:|1682652110\n|start\n|switch|p1a: Flutter Mane|Flutter Mane, L50|100\/100\n|switch|p1b: Iron Hands|Iron Hands, L50|100\/100\n|switch|p2a: Ting-Lu|Ting-Lu, L50|100\/100\n|switch|p2b: Rotom|Rotom-Wash, L50|100\/100\n|-ability|p2a: Ting-Lu|Vessel of Ruin\n|-enditem|p1a: Flutter Mane|Booster Energy\n|-activate|p1a: Flutter Mane|ability: Protosynthesis|[fromitem]\n|-start|p1a: Flutter Mane|protosynthesisspa\n|turn|1\n|inactive|souraphyz has 30 seconds left.\n|inactive|souraphyz has 20 seconds left.\n|\n|t:|1682652149\n|switch|p2b: Amoonguss|Amoonguss, L50, M|100\/100\n|-terastallize|p2a: Ting-Lu|Poison\n|move|p1a: Flutter Mane|Moonblast|p2b: Amoonguss\n|-resisted|p2b: Amoonguss\n|-damage|p2b: Amoonguss|80\/100\n|-unboost|p2b: Amoonguss|spa|1\n|move|p1b: Iron Hands|Drain Punch|p2b: Amoonguss\n|-resisted|p2b: Amoonguss\n|-damage|p2b: Amoonguss|62\/100\n|move|p2a: Ting-Lu|Sand Tomb|p1b: Iron Hands\n|-supereffective|p1b: Iron Hands\n|-damage|p1b: Iron Hands|80\/100\n|-activate|p1b: Iron Hands|move: Sand Tomb|[of] p2a: Ting-Lu\n|\n|-heal|p1b: Iron Hands|85\/100|[from] item: Leftovers\n|-damage|p1b: Iron Hands|73\/100|[from] move: Sand Tomb|[partiallytrapped]\n|upkeep\n|turn|2\n|inactive|souraphyz has 30 seconds left.\n|inactive|souraphyz has 20 seconds left.\n|inactive|souraphyz has 15 seconds left.\n|inactive|souraphyz has 10 seconds left.\n|\n|t:|1682652195\n|-end|p1a: Flutter Mane|Protosynthesis|[silent]\n|switch|p1a: Arcanine|Arcanine, L50, F|100\/100\n|-ability|p1a: Arcanine|Intimidate|boost\n|-unboost|p2a: Ting-Lu|atk|1\n|-unboost|p2b: Amoonguss|atk|1\n|-terastallize|p1b: Iron Hands|Water\n|move|p1b: Iron Hands|Swords Dance|p1b: Iron Hands\n|-boost|p1b: Iron Hands|atk|2\n|move|p2a: Ting-Lu|Sand Tomb|p1a: Arcanine\n|-supereffective|p1a: Arcanine\n|-damage|p1a: Arcanine|74\/100\n|-activate|p1a: Arcanine|move: Sand Tomb|[of] p2a: Ting-Lu\n|move|p2b: Amoonguss|Spore|p1b: Iron Hands\n|-status|p1b: Iron Hands|slp|[from] move: Spore\n|\n|-heal|p1b: Iron Hands|79\/100 slp|[from] item: Leftovers\n|-damage|p1a: Arcanine|62\/100|[from] move: Sand Tomb|[partiallytrapped]\n|-damage|p1b: Iron Hands|67\/100 slp|[from] move: Sand Tomb|[partiallytrapped]\n|upkeep\n|turn|3\n|inactive|souraphyz has 30 seconds left.\n|\n|t:|1682652222\n|switch|p2b: Rotom|Rotom-Wash, L50|100\/100\n|move|p1a: Arcanine|Flare Blitz|p2b: Rotom\n|-resisted|p2b: Rotom\n|-damage|p2b: Rotom|68\/100\n|-damage|p1a: Arcanine|53\/100|[from] Recoil\n|cant|p1b: Iron Hands|slp\n|move|p2a: Ting-Lu|Earthquake|p1b: Iron Hands|[spread] p1a,p1b\n|-immune|p2b: Rotom|[from] ability: Levitate\n|-supereffective|p1a: Arcanine\n|-damage|p1a: Arcanine|2\/100\n|-damage|p1b: Iron Hands|51\/100 slp\n|-enditem|p1a: Arcanine|Aguav Berry|[eat]\n|-heal|p1a: Arcanine|35\/100|[from] item: Aguav Berry\n|\n|-heal|p1b: Iron Hands|57\/100 slp|[from] item: Leftovers\n|-damage|p1a: Arcanine|23\/100|[from] move: Sand Tomb|[partiallytrapped]\n|-damage|p1b: Iron Hands|44\/100 slp|[from] move: Sand Tomb|[partiallytrapped]\n|upkeep\n|turn|4\n|inactive|souraphyz has 30 seconds left.\n|\n|t:|1682652251\n|move|p1a: Arcanine|Extreme Speed|p2b: Rotom\n|-damage|p2b: Rotom|41\/100\n|move|p2b: Rotom|Thunderbolt|p1b: Iron Hands\n|-supereffective|p1b: Iron Hands\n|-damage|p1b: Iron Hands|6\/100 slp\n|cant|p1b: Iron Hands|slp\n|move|p2a: Ting-Lu|Earthquake|p1b: Iron Hands|[spread] p1a,p1b\n|-immune|p2b: Rotom|[from] ability: Levitate\n|-supereffective|p1a: Arcanine\n|-damage|p1a: Arcanine|0 fnt\n|-damage|p1b: Iron Hands|0 fnt\n|faint|p1a: Arcanine\n|faint|p1b: Iron Hands\n|-end|p1b: Iron Hands|Quark Drive|[silent]\n|\n|upkeep\n|\n|t:|1682652257\n|switch|p1a: Palafin|Palafin, L50, M|100\/100\n|switch|p1b: Flutter Mane|Flutter Mane, L50|100\/100\n|turn|5\n|\n|t:|1682652269\n|switch|p2b: Corviknight|Corviknight, L50, F|100\/100\n|move|p1b: Flutter Mane|Shadow Ball|p2a: Ting-Lu\n|-damage|p2a: Ting-Lu|80\/100\n|move|p1a: Palafin|Wave Crash|p2a: Ting-Lu\n|-damage|p2a: Ting-Lu|46\/100\n|-damage|p1a: Palafin|87\/100|[from] Recoil\n|move|p2a: Ting-Lu|Heavy Slam|p1b: Flutter Mane\n|-supereffective|p1b: Flutter Mane\n|-damage|p1b: Flutter Mane|20\/100\n|\n|-heal|p2a: Ting-Lu|52\/100|[from] item: Leftovers\n|upkeep\n|turn|6\n|\n|t:|1682652283\n|move|p1b: Flutter Mane|Shadow Ball|p2b: Corviknight\n|-damage|p2b: Corviknight|71\/100\n|move|p1a: Palafin|Wave Crash|p2b: Corviknight\n|-damage|p2b: Corviknight|27\/100\n|-damage|p1a: Palafin|72\/100|[from] Recoil\n|move|p2b: Corviknight|Iron Head|p1b: Flutter Mane\n|-supereffective|p1b: Flutter Mane\n|-damage|p1b: Flutter Mane|0 fnt\n|faint|p1b: Flutter Mane\n|-end|p1b: Flutter Mane|Protosynthesis|[silent]\n|move|p2a: Ting-Lu|Sand Tomb|p1a: Palafin\n|-damage|p1a: Palafin|58\/100\n|-activate|p1a: Palafin|move: Sand Tomb|[of] p2a: Ting-Lu\n|\n|-heal|p2a: Ting-Lu|58\/100|[from] item: Leftovers\n|-damage|p1a: Palafin|46\/100|[from] move: Sand Tomb|[partiallytrapped]\n|upkeep\n|turn|7\n|c|\u2606Borghi|gg\n|\n|t:|1682652291\n|move|p1a: Palafin|Jet Punch|p2b: Corviknight\n|-damage|p2b: Corviknight|5\/100\n|move|p2b: Corviknight|Brave Bird|p1a: Palafin\n|-damage|p1a: Palafin|0 fnt\n|faint|p1a: Palafin\n|-damage|p2b: Corviknight|0 fnt|[from] Recoil\n|faint|p2b: Corviknight\n|\n|win|Borghi\n|n|\u2606souraphyz|souraphyz\n|n|\u2606Borghi|borghi\n|n| Megumi173|megumi173\n|n| josephwastaken|josephwastaken\n|c|\u2606souraphyz|gg\n|l| Megumi173\n|j| Ichigo Zangezu\n|j| lajoyapalacios\n|j| iamboogiecousins\n|l| iamboogiecousins\n|l| Ichigo Zangezu\n|j| AcrobatVGC\n|l| AcrobatVGC\n|j| Ichigo Zangezu\n","uploadtime":1682652291,"views":10,"p1id":"souraphyz","p2id":"borghi","formatid":"gen9vgc2023regulationc","rating":0,"private":0,"password":""}