{"id":"gen9vgc2023regulationc-1857830799","p1":"jtpjdagj112","p2":"JaiFain","format":"[Gen 9] VGC 2023 Regulation C","log":"|j|\u2606jtpjdagj112\n|j|\u2606JaiFain\n|t:|1683236390\n|gametype|doubles\n|player|p1|jtpjdagj112|1|1582\n|player|p2|JaiFain|camper|1622\n|teamsize|p1|6\n|teamsize|p2|6\n|gen|9\n|tier|[Gen 9] VGC 2023 Regulation C\n|rated|\n|rule|Species Clause: Limit one of each Pok\u00e9mon\n|rule|Item Clause: Limit one of each item\n|clearpoke\n|poke|p1|Lycanroc, L50, M|\n|poke|p1|Tyranitar, L50, M|\n|poke|p1|Flutter Mane, L50|\n|poke|p1|Maushold-Four, L50|\n|poke|p1|Gallade, L50, M|\n|poke|p1|Chien-Pao, L50|\n|poke|p2|Salazzle, L50, F|\n|poke|p2|Gyarados, L50, M|\n|poke|p2|Grimmsnarl, L50, M|\n|poke|p2|Flutter Mane, L50|\n|poke|p2|Iron Hands, L50|\n|poke|p2|Amoonguss, L50, F|\n|teampreview|4\n|\n|t:|1683236431\n|start\n|switch|p1a: Maushold|Maushold-Four, L50|100\/100\n|switch|p1b: Gallade|Gallade, L50, M|100\/100\n|switch|p2a: Gyarados|Gyarados, L50, M|100\/100\n|switch|p2b: Grimmsnarl|Grimmsnarl, L50, M|100\/100\n|-ability|p2a: Gyarados|Intimidate|boost\n|-unboost|p1a: Maushold|atk|1\n|-unboost|p1b: Gallade|atk|1\n|turn|1\n|\n|t:|1683236457\n|move|p2b: Grimmsnarl|Reflect|p2b: Grimmsnarl\n|-sidestart|p2: JaiFain|Reflect\n|move|p1a: Maushold|Population Bomb|p2b: Grimmsnarl\n|-damage|p2b: Grimmsnarl|95\/100\n|-damage|p2b: Grimmsnarl|90\/100\n|-damage|p2b: Grimmsnarl|85\/100\n|-damage|p2b: Grimmsnarl|79\/100\n|-damage|p2b: Grimmsnarl|74\/100\n|-damage|p2b: Grimmsnarl|68\/100\n|-damage|p2b: Grimmsnarl|63\/100\n|-damage|p2b: Grimmsnarl|58\/100\n|-damage|p2b: Grimmsnarl|53\/100\n|-damage|p2b: Grimmsnarl|48\/100\n|-hitcount|p2b: Grimmsnarl|10\n|move|p2a: Gyarados|Taunt|p1a: Maushold\n|-start|p1a: Maushold|move: Taunt\n|move|p1b: Gallade|Sacred Sword|p2b: Grimmsnarl\n|-damage|p2b: Grimmsnarl|17\/100\n|\n|upkeep\n|turn|2\n|\n|t:|1683236486\n|move|p2b: Grimmsnarl|Thunder Wave|p1a: Maushold\n|-status|p1a: Maushold|par\n|move|p2a: Gyarados|Dragon Dance|p2a: Gyarados\n|-boost|p2a: Gyarados|atk|1\n|-boost|p2a: Gyarados|spe|1\n|move|p1b: Gallade|Psycho Cut|p2a: Gyarados\n|-damage|p2a: Gyarados|73\/100\n|cant|p1a: Maushold|par\n|\n|upkeep\n|turn|3\n|\n|t:|1683236501\n|move|p2a: Gyarados|Waterfall|p1b: Gallade\n|-damage|p1b: Gallade|27\/100\n|cant|p1b: Gallade|flinch\n|move|p2b: Grimmsnarl|Spirit Break|p1b: Gallade\n|-supereffective|p1b: Gallade\n|-damage|p1b: Gallade|0 fnt\n|faint|p1b: Gallade\n|move|p1a: Maushold|Population Bomb|p2a: Gyarados\n|-damage|p2a: Gyarados|68\/100\n|-damage|p2a: Gyarados|62\/100\n|-damage|p2a: Gyarados|56\/100\n|-damage|p2a: Gyarados|51\/100\n|-damage|p2a: Gyarados|46\/100\n|-damage|p2a: Gyarados|40\/100\n|-damage|p2a: Gyarados|34\/100\n|-damage|p2a: Gyarados|29\/100\n|-damage|p2a: Gyarados|23\/100\n|-damage|p2a: Gyarados|18\/100\n|-hitcount|p2a: Gyarados|10\n|\n|upkeep\n|\n|t:|1683236527\n|switch|p1b: Tyranitar|Tyranitar, L50, M|100\/100\n|-weather|Sandstorm|[from] ability: Sand Stream|[of] p1b: Tyranitar\n|turn|4\n|-activate|p1b: Tyranitar|item: Quick Claw\n|\n|t:|1683236547\n|-terastallize|p1b: Tyranitar|Grass\n|cant|p1a: Maushold|par\n|move|p1b: Tyranitar|Rock Slide|p2a: Gyarados|[spread] p2a\n|-miss|p1b: Tyranitar|p2b: Grimmsnarl\n|-supereffective|p2a: Gyarados\n|-damage|p2a: Gyarados|0 fnt\n|faint|p2a: Gyarados\n|move|p2b: Grimmsnarl|Spirit Break|p1b: Tyranitar\n|-damage|p1b: Tyranitar|74\/100\n|-unboost|p1b: Tyranitar|spa|1\n|\n|-weather|Sandstorm|[upkeep]\n|-damage|p1b: Tyranitar|68\/100|[from] Sandstorm\n|-damage|p2b: Grimmsnarl|11\/100|[from] Sandstorm\n|-damage|p1a: Maushold|95\/100 par|[from] Sandstorm\n|-end|p1a: Maushold|move: Taunt\n|upkeep\n|\n|t:|1683236558\n|switch|p2a: Iron Hands|Iron Hands, L50|100\/100\n|turn|5\n|j| Conquistatore\n|j| shine like a gem\n|\n|t:|1683236591\n|move|p1a: Maushold|Protect|p1a: Maushold\n|-singleturn|p1a: Maushold|Protect\n|move|p2a: Iron Hands|Fake Out|p1b: Tyranitar\n|-damage|p1b: Tyranitar|54\/100\n|cant|p1b: Tyranitar|flinch\n|move|p2b: Grimmsnarl|Spirit Break|p1a: Maushold\n|-activate|p1a: Maushold|move: Protect\n|\n|-weather|Sandstorm|[upkeep]\n|-damage|p1b: Tyranitar|48\/100|[from] Sandstorm\n|-damage|p2b: Grimmsnarl|5\/100|[from] Sandstorm\n|-damage|p1a: Maushold|89\/100 par|[from] Sandstorm\n|-damage|p2a: Iron Hands|94\/100|[from] Sandstorm\n|upkeep\n|turn|6\n|-activate|p1b: Tyranitar|item: Quick Claw\n|\n|t:|1683236608\n|move|p2b: Grimmsnarl|Light Screen|p2b: Grimmsnarl\n|-sidestart|p2: JaiFain|move: Light Screen\n|move|p1b: Tyranitar|Rock Slide|p2a: Iron Hands|[spread] p2a,p2b\n|-resisted|p2a: Iron Hands\n|-crit|p2b: Grimmsnarl\n|-damage|p2a: Iron Hands|87\/100\n|-damage|p2b: Grimmsnarl|0 fnt\n|faint|p2b: Grimmsnarl\n|move|p1a: Maushold|Population Bomb|p2a: Iron Hands\n|-damage|p2a: Iron Hands|83\/100\n|-damage|p2a: Iron Hands|80\/100\n|-damage|p2a: Iron Hands|76\/100\n|-damage|p2a: Iron Hands|73\/100\n|-damage|p2a: Iron Hands|69\/100\n|-damage|p2a: Iron Hands|66\/100\n|-damage|p2a: Iron Hands|63\/100\n|-damage|p2a: Iron Hands|59\/100\n|-damage|p2a: Iron Hands|56\/100\n|-damage|p2a: Iron Hands|52\/100\n|-hitcount|p2a: Iron Hands|10\n|cant|p2a: Iron Hands|flinch\n|\n|-weather|Sandstorm|[upkeep]\n|-damage|p1b: Tyranitar|43\/100|[from] Sandstorm\n|-damage|p1a: Maushold|84\/100 par|[from] Sandstorm\n|-damage|p2a: Iron Hands|46\/100|[from] Sandstorm\n|-enditem|p2a: Iron Hands|Sitrus Berry|[eat]\n|-heal|p2a: Iron Hands|71\/100|[from] item: Sitrus Berry\n|upkeep\n|\n|t:|1683236629\n|switch|p2b: Flutter Mane|Flutter Mane, L50|100\/100\n|-enditem|p2b: Flutter Mane|Booster Energy\n|-activate|p2b: Flutter Mane|ability: Protosynthesis|[fromitem]\n|-start|p2b: Flutter Mane|protosynthesisspa\n|turn|7\n|\n|t:|1683236650\n|move|p2b: Flutter Mane|Protect|p2b: Flutter Mane\n|-singleturn|p2b: Flutter Mane|Protect\n|move|p1b: Tyranitar|Rock Slide|p2b: Flutter Mane|[spread] p2a\n|-activate|p2b: Flutter Mane|move: Protect\n|-resisted|p2a: Iron Hands\n|-damage|p2a: Iron Hands|64\/100\n|cant|p1a: Maushold|par\n|cant|p2a: Iron Hands|flinch\n|\n|-weather|Sandstorm|[upkeep]\n|-damage|p2b: Flutter Mane|95\/100|[from] Sandstorm\n|-damage|p1b: Tyranitar|37\/100|[from] Sandstorm\n|-damage|p1a: Maushold|78\/100 par|[from] Sandstorm\n|-damage|p2a: Iron Hands|58\/100|[from] Sandstorm\n|upkeep\n|turn|8\n|-activate|p1b: Tyranitar|item: Quick Claw\n|\n|t:|1683236666\n|-terastallize|p2b: Flutter Mane|Ghost\n|move|p1b: Tyranitar|Rock Slide|p2a: Iron Hands|[spread] p2a,p2b\n|-resisted|p2a: Iron Hands\n|-crit|p2a: Iron Hands\n|-damage|p2a: Iron Hands|40\/100\n|-damage|p2b: Flutter Mane|53\/100\n|cant|p2b: Flutter Mane|flinch\n|cant|p1a: Maushold|par\n|move|p2a: Iron Hands|Drain Punch|p1a: Maushold\n|-supereffective|p1a: Maushold\n|-damage|p1a: Maushold|0 fnt\n|-heal|p2a: Iron Hands|65\/100|[from] drain|[of] p1a: Maushold\n|faint|p1a: Maushold\n|\n|-weather|none\n|-sideend|p2: JaiFain|Reflect\n|upkeep\n|\n|t:|1683236681\n|switch|p1a: Lycanroc|Lycanroc, L50, M|100\/100\n|turn|9\n|\n|t:|1683236697\n|move|p2b: Flutter Mane|Dazzling Gleam|p1b: Tyranitar|[spread] p1a,p1b\n|-damage|p1a: Lycanroc|19\/100\n|-damage|p1b: Tyranitar|0 fnt\n|faint|p1b: Tyranitar\n|move|p1a: Lycanroc|Play Rough|p2a: Iron Hands\n|-supereffective|p2a: Iron Hands\n|-damage|p2a: Iron Hands|0 fnt\n|faint|p2a: Iron Hands\n|-end|p2a: Iron Hands|Quark Drive|[silent]\n|\n|upkeep\n|turn|10\n|-message|jtpjdagj112 forfeited.\n|\n|win|JaiFain\n|raw|jtpjdagj112's rating: 1582 → 1564<\/strong> (-18 for losing)\n|raw|JaiFain's rating: 1622 → 1640<\/strong> (+18 for winning)\n|l|\u2606jtpjdagj112\n|j| Phl0w\n|l|\u2606JaiFain\n|j|\u2606JaiFain\n|player|p2|JaiFain|camper\n","uploadtime":1683236743,"views":17,"p1id":"jtpjdagj112","p2id":"jaifain","formatid":"gen9vgc2023regulationc","rating":1564,"private":0,"password":""}