{"id":"gen9vgc2023regulationc-1854200114","p1":"mrlittenman","p2":"kiwigal","format":"[Gen 9] VGC 2023 Regulation C","log":"|j|\u2606mrlittenman\n|j|\u2606kiwigal\n|t:|1682782829\n|gametype|doubles\n|player|p1|mrlittenman|265|1292\n|player|p2|kiwigal|emma|1371\n|teamsize|p1|6\n|teamsize|p2|6\n|gen|9\n|tier|[Gen 9] VGC 2023 Regulation C\n|rated|\n|rule|Species Clause: Limit one of each Pok\u00e9mon\n|rule|Item Clause: Limit one of each item\n|clearpoke\n|poke|p1|Lilligant, L50, F|\n|poke|p1|Amoonguss, L50, F|\n|poke|p1|Torkoal, L50, M|\n|poke|p1|Appletun, L50, F|\n|poke|p1|Oranguru, L50, M|\n|poke|p1|Iron Hands, L50|\n|poke|p2|Dondozo, L50, F|\n|poke|p2|Tatsugiri-Droopy, L50, F|\n|poke|p2|Wo-Chien, L50|\n|poke|p2|Pelipper, L50, M|\n|poke|p2|Iron Treads, L50|\n|poke|p2|Baxcalibur, L50, F|\n|teampreview|4\n|inactive|Battle timer is ON: inactive players will automatically lose when time's up. (requested by mrlittenman)\n|\n|t:|1682782861\n|start\n|switch|p1a: Lilligant|Lilligant, L50, F|100\/100\n|switch|p1b: Torkoal|Torkoal, L50, M|100\/100\n|switch|p2a: Baxcalibur|Baxcalibur, L50, F|100\/100\n|switch|p2b: Dondozo|Dondozo, L50, F|100\/100\n|-weather|SunnyDay|[from] ability: Drought|[of] p1b: Torkoal\n|turn|1\n|\n|t:|1682782876\n|switch|p2b: Pelipper|Pelipper, L50, M|100\/100\n|-weather|RainDance|[from] ability: Drizzle|[of] p2b: Pelipper\n|move|p1b: Torkoal|Protect|p1b: Torkoal\n|-singleturn|p1b: Torkoal|Protect\n|move|p1a: Lilligant|Leaf Storm|p2b: Pelipper\n|-damage|p2b: Pelipper|35\/100\n|-unboost|p1a: Lilligant|spa|2\n|move|p2a: Baxcalibur|Icicle Spear|p1a: Lilligant\n|-supereffective|p1a: Lilligant\n|-damage|p1a: Lilligant|59\/100\n|-supereffective|p1a: Lilligant\n|-damage|p1a: Lilligant|15\/100\n|-supereffective|p1a: Lilligant\n|-damage|p1a: Lilligant|0 fnt\n|faint|p1a: Lilligant\n|-hitcount|p1: Lilligant|3\n|\n|-weather|RainDance|[upkeep]\n|upkeep\n|\n|t:|1682782885\n|switch|p1a: Oranguru|Oranguru, L50, M|100\/100\n|turn|2\n|inactive|kiwigal has 30 seconds left.\n|inactive|kiwigal has 20 seconds left.\n|\n|t:|1682782925\n|switch|p1b: Appletun|Appletun, L50, F|100\/100\n|move|p2a: Baxcalibur|Glaive Rush|p1a: Oranguru\n|-crit|p1a: Oranguru\n|-damage|p1a: Oranguru|0 fnt\n|-singlemove|p2a: Baxcalibur|Glaive Rush|[silent]\n|faint|p1a: Oranguru\n|move|p2b: Pelipper|Hurricane|p1b: Appletun\n|-supereffective|p1b: Appletun\n|-damage|p1b: Appletun|26\/100\n|-activate|p1b: Appletun|ability: Ripen\n|-enditem|p1b: Appletun|Sitrus Berry|[eat]\n|-heal|p1b: Appletun|76\/100|[from] item: Sitrus Berry\n|\n|-weather|RainDance|[upkeep]\n|upkeep\n|\n|t:|1682782945\n|switch|p1a: Torkoal|Torkoal, L50, M|100\/100\n|-weather|SunnyDay|[from] ability: Drought|[of] p1a: Torkoal\n|turn|3\n|\n|t:|1682782959\n|-terastallize|p1b: Appletun|Steel\n|move|p2a: Baxcalibur|Protect|p2a: Baxcalibur\n|-singleturn|p2a: Baxcalibur|Protect\n|move|p2b: Pelipper|U-turn|p1b: Appletun\n|-resisted|p1b: Appletun\n|-damage|p1b: Appletun|71\/100\n|\n|t:|1682782969\n|switch|p2b: Dondozo|Dondozo, L50, F|100\/100|[from] U-turn\n|move|p1a: Torkoal|Eruption|p2b: Dondozo|[spread] p2b\n|-activate|p2a: Baxcalibur|move: Protect\n|-resisted|p2b: Dondozo\n|-damage|p2b: Dondozo|50\/100\n|move|p1b: Appletun|Dragon Pulse|p2a: Baxcalibur\n|-activate|p2a: Baxcalibur|move: Protect\n|\n|-weather|SunnyDay|[upkeep]\n|upkeep\n|turn|4\n|\n|t:|1682782990\n|move|p2a: Baxcalibur|Glaive Rush|p1a: Torkoal\n|-crit|p1a: Torkoal\n|-damage|p1a: Torkoal|13\/100\n|-singlemove|p2a: Baxcalibur|Glaive Rush|[silent]\n|move|p2b: Dondozo|Body Press|p1b: Appletun\n|-supereffective|p1b: Appletun\n|-damage|p1b: Appletun|31\/100\n|move|p1a: Torkoal|Eruption|p2a: Baxcalibur|[spread] p2a,p2b\n|-resisted|p2b: Dondozo\n|-damage|p2a: Baxcalibur|79\/100\n|-damage|p2b: Dondozo|43\/100\n|-ability|p2a: Baxcalibur|Thermal Exchange|boost\n|-boost|p2a: Baxcalibur|atk|1\n|move|p1b: Appletun|Dragon Pulse|p2a: Baxcalibur\n|-supereffective|p2a: Baxcalibur\n|-damage|p2a: Baxcalibur|0 fnt\n|faint|p2a: Baxcalibur\n|\n|-weather|SunnyDay|[upkeep]\n|upkeep\n|\n|t:|1682783007\n|switch|p2a: Pelipper|Pelipper, L50, M|35\/100\n|-weather|RainDance|[from] ability: Drizzle|[of] p2a: Pelipper\n|turn|5\n|\n|t:|1682783023\n|move|p2b: Dondozo|Body Press|p1b: Appletun\n|-supereffective|p1b: Appletun\n|-damage|p1b: Appletun|0 fnt\n|faint|p1b: Appletun\n|move|p2a: Pelipper|Hurricane|p1a: Torkoal\n|-damage|p1a: Torkoal|0 fnt\n|faint|p1a: Torkoal\n|\n|win|kiwigal\n|raw|mrlittenman's rating: 1292 → 1273<\/strong> (-19 for losing)\n|raw|kiwigal's rating: 1371 → 1387<\/strong> (+16 for winning)\n|l|\u2606mrlittenman\n","uploadtime":1682783039,"views":22,"p1id":"mrlittenman","p2id":"kiwigal","formatid":"gen9vgc2023regulationc","rating":1273,"private":0,"password":""}