{"id":"gen9vgc2023regulationc-1849663115","p1":"Wottl3y","p2":"Tempo18","format":"[Gen 9] VGC 2023 Regulation C","log":"|j|\u2606Wottl3y\n|j|\u2606Tempo18\n|t:|1682227904\n|gametype|doubles\n|player|p1|Wottl3y|cynthia|\n|player|p2|Tempo18|steven|\n|teamsize|p1|6\n|teamsize|p2|6\n|gen|9\n|tier|[Gen 9] VGC 2023 Regulation C\n|rated|Tournament battle\n|rule|Species Clause: Limit one of each Pok\u00e9mon\n|rule|Item Clause: Limit one of each item\n|clearpoke\n|poke|p1|Iron Hands, L50|\n|poke|p1|Orthworm, L50, F|\n|poke|p1|Azumarill, L50, F|\n|poke|p1|Volcarona, L50, M|\n|poke|p1|Ting-Lu, L50|\n|poke|p1|Scream Tail, L50|\n|poke|p2|Talonflame, L50, F|\n|poke|p2|Kingambit, L50, F|\n|poke|p2|Chi-Yu, L50|\n|poke|p2|Dachsbun, L50, F|\n|poke|p2|Gothitelle, L50, M|\n|poke|p2|Iron Valiant, L50|\n|teampreview|4\n|raw| Open Team Sheet for Wottl3y<\/summary>Iron Hands @ Safety Goggles Ability: Quark Drive Level: 50 Shiny: Yes Tera Type: Fire - Fake Out - Drain Punch - Thunder Punch - Swords Dance Orthworm @ Leftovers Ability: Earth Eater Level: 50 Shiny: Yes Tera Type: Fire - Protect - Shed Tail - Heavy Slam - Body Press Azumarill @ Sitrus Berry Ability: Huge Power Level: 50 Shiny: Yes Tera Type: Water - Protect - Belly Drum - Aqua Jet - Play Rough Volcarona @ Rocky Helmet Ability: Flame Body Level: 50 Shiny: Yes Tera Type: Grass - Protect - Rage Powder - Quiver Dance - Heat Wave Ting-Lu @ Assault Vest Ability: Vessel of Ruin Level: 50 Tera Type: Grass - Stomping Tantrum - Heavy Slam - Ruination - Earthquake Scream Tail @ Mental Herb Ability: Protosynthesis Level: 50 Tera Type: Water - Protect - Trick Room - Encore - Dazzling Gleam <\/details><\/div> Open Team Sheet for Tempo18<\/summary>Peking Duck (Talonflame) @ Scope Lens Ability: Gale Wings Level: 50 Tera Type: Grass - Tailwind - Air Cutter - Taunt - Tera Blast Gambler (Kingambit) @ Safety Goggles Ability: Defiant Level: 50 Tera Type: Water - Quick Guard - Kowtow Cleave - Iron Head - Protect Hell-Fish (Chi-Yu) @ Life Orb Ability: Beads of Ruin Level: 50 Tera Type: Dark - Lava Plume - Dark Pulse - Protect - Taunt Buns (Dachsbun) @ Leftovers Ability: Well-Baked Body Level: 50 Tera Type: Grass - Body Press - Dazzling Gleam - Wish - Protect Trap (Gothitelle) @ Mental Herb Ability: Shadow Tag Level: 50 Tera Type: Normal - Imprison - Trick Room - Psychic - Protect Valant (Iron Valiant) @ Booster Energy Ability: Quark Drive Level: 50 Tera Type: Flying - Close Combat - Spirit Break - Wide Guard - Ice Punch <\/details><\/div>\n|c|\u2606Tempo18|Very interesting team you got there\n|j| yayatest\n|j| Eepsilon\n|c|\u2606Tempo18|Glhf\n|c|\u2606Wottl3y|you too\n|\n|t:|1682228011\n|start\n|switch|p1a: Scream Tail|Scream Tail, L50|100\/100\n|switch|p1b: Iron Hands|Iron Hands, L50, shiny|100\/100\n|switch|p2a: Hell-Fish|Chi-Yu, L50|100\/100\n|switch|p2b: Gambler|Kingambit, L50, F|100\/100\n|-ability|p2a: Hell-Fish|Beads of Ruin\n|turn|1\n|\n|t:|1682228100\n|-terastallize|p1b: Iron Hands|Fire\n|move|p2b: Gambler|Quick Guard|p2b: Gambler\n|-singleturn|p2b: Gambler|Quick Guard\n|move|p2a: Hell-Fish|Taunt|p1b: Iron Hands\n|-start|p1b: Iron Hands|move: Taunt\n|move|p1b: Iron Hands|Drain Punch|p2a: Hell-Fish\n|-supereffective|p2a: Hell-Fish\n|-damage|p2a: Hell-Fish|0 fnt\n|faint|p2a: Hell-Fish\n|move|p1a: Scream Tail|Trick Room|p1a: Scream Tail\n|-fieldstart|move: Trick Room|[of] p1a: Scream Tail\n|\n|upkeep\n|\n|t:|1682228113\n|switch|p2a: Valant|Iron Valiant, L50|100\/100\n|-enditem|p2a: Valant|Booster Energy\n|-activate|p2a: Valant|ability: Quark Drive|[fromitem]\n|-start|p2a: Valant|quarkdriveatk\n|turn|2\n|\n|t:|1682228131\n|-terastallize|p2b: Gambler|Water\n|move|p1b: Iron Hands|Drain Punch|p2b: Gambler\n|-damage|p2b: Gambler|67\/100\n|move|p2b: Gambler|Iron Head|p1a: Scream Tail\n|-supereffective|p1a: Scream Tail\n|-damage|p1a: Scream Tail|46\/100\n|move|p1a: Scream Tail|Dazzling Gleam|p2a: Valant|[spread] p2a,p2b\n|-supereffective|p2a: Valant\n|-damage|p2a: Valant|52\/100\n|-damage|p2b: Gambler|50\/100\n|move|p2a: Valant|Ice Punch|p1a: Scream Tail\n|-damage|p1a: Scream Tail|22\/100\n|-status|p1a: Scream Tail|frz\n|\n|upkeep\n|turn|3\n|c|\u2606Tempo18|Bruh\n|c|\u2606Tempo18|Now this isn't fun\n|\n|t:|1682228169\n|cant|p1a: Scream Tail|frz\n|move|p1b: Iron Hands|Thunder Punch|p2b: Gambler\n|-supereffective|p2b: Gambler\n|-damage|p2b: Gambler|0 fnt\n|faint|p2b: Gambler\n|move|p2a: Valant|Close Combat|p1b: Iron Hands\n|-damage|p1b: Iron Hands|40\/100\n|-unboost|p2a: Valant|def|1\n|-unboost|p2a: Valant|spd|1\n|\n|-end|p1b: Iron Hands|move: Taunt\n|upkeep\n|\n|t:|1682228180\n|switch|p2b: Peking Duck|Talonflame, L50, F|100\/100\n|turn|4\n|\n|t:|1682228196\n|-end|p1a: Scream Tail|Protosynthesis|[silent]\n|switch|p1a: Azumarill|Azumarill, L50, F, shiny|100\/100\n|move|p2b: Peking Duck|Air Cutter|p1b: Iron Hands|[spread] p1b\n|-miss|p2b: Peking Duck|p1a: Azumarill\n|-damage|p1b: Iron Hands|27\/100\n|move|p1b: Iron Hands|Drain Punch|p2a: Valant\n|-resisted|p2a: Valant\n|-damage|p2a: Valant|12\/100\n|-heal|p1b: Iron Hands|40\/100|[from] drain|[of] p2a: Valant\n|move|p2a: Valant|Spirit Break|p1b: Iron Hands\n|-resisted|p1b: Iron Hands\n|-damage|p1b: Iron Hands|21\/100\n|-unboost|p1b: Iron Hands|spa|1\n|\n|upkeep\n|turn|5\n|j| IronbarkVGC\n|c|\u2606Tempo18|gg, I misplayed too hard\n|c|\u2606Wottl3y|gg\n|\n|t:|1682228236\n|-end|p1b: Iron Hands|Quark Drive|[silent]\n|switch|p1b: Scream Tail|Scream Tail, L50|22\/100 frz\n|move|p2b: Peking Duck|Air Cutter|p1a: Azumarill|[spread] p1a,p1b\n|-crit|p1a: Azumarill\n|-damage|p1a: Azumarill|78\/100\n|-damage|p1b: Scream Tail|12\/100 frz\n|move|p1a: Azumarill|Belly Drum|p1a: Azumarill\n|-damage|p1a: Azumarill|28\/100\n|-setboost|p1a: Azumarill|atk|6|[from] move: Belly Drum\n|-enditem|p1a: Azumarill|Sitrus Berry|[eat]\n|-heal|p1a: Azumarill|53\/100|[from] item: Sitrus Berry\n|move|p2a: Valant|Close Combat|p1b: Scream Tail\n|-resisted|p1b: Scream Tail\n|-damage|p1b: Scream Tail|0 fnt\n|-unboost|p2a: Valant|def|1\n|-unboost|p2a: Valant|spd|1\n|faint|p1b: Scream Tail\n|-end|p1b: Scream Tail|Protosynthesis|[silent]\n|\n|-fieldend|move: Trick Room\n|upkeep\n|j| sovietic test\n|\n|t:|1682228254\n|switch|p1b: Iron Hands|Iron Hands, L50, shiny, tera:Fire|21\/100\n|turn|6\n|\n|t:|1682228266\n|move|p1b: Iron Hands|Fake Out|p2a: Valant\n|-damage|p2a: Valant|0 fnt\n|faint|p2a: Valant\n|-end|p2a: Valant|Quark Drive|[silent]\n|move|p2b: Peking Duck|Air Cutter|p1a: Azumarill|[spread] p1a,p1b\n|-damage|p1a: Azumarill|36\/100\n|-damage|p1b: Iron Hands|8\/100\n|move|p1a: Azumarill|Aqua Jet|p2b: Peking Duck\n|-supereffective|p2b: Peking Duck\n|-damage|p2b: Peking Duck|0 fnt\n|faint|p2b: Peking Duck\n|\n|win|Wottl3y\n|n|\u2606Wottl3y|wottl3y\n|n|\u2606Tempo18|tempo18\n|n| yayatest|yayatest\n|n| Eepsilon|eepsilon\n|n| IronbarkVGC|ironbarkvgc\n|n| sovietic test|sovietictest\n","uploadtime":1682228267,"views":19,"p1id":"wottl3y","p2id":"tempo18","formatid":"gen9vgc2023regulationc","rating":0,"private":0,"password":""}