{"id":"gen9vgc2023regulationc-1860120368","p1":"ice ice lol","p2":"TTT x","format":"[Gen 9] VGC 2023 Regulation C","log":"|j|\u2606ice ice lol\n|j|\u2606TTT x\n|t:|1683597587\n|gametype|doubles\n|player|p1|ice ice lol|rocketgrunt|\n|player|p2|TTT x|galacticgruntf|\n|teamsize|p1|6\n|teamsize|p2|6\n|gen|9\n|tier|[Gen 9] VGC 2023 Regulation C\n|rated|Tournament battle\n|rule|Species Clause: Limit one of each Pok\u00e9mon\n|rule|Item Clause: Limit one of each item\n|clearpoke\n|poke|p1|Torkoal, L50, F|\n|poke|p1|Flutter Mane, L50|\n|poke|p1|Kingambit, L50, F|\n|poke|p1|Dragonite, L50, F|\n|poke|p1|Great Tusk, L50|\n|poke|p1|Leafeon, L50, F|\n|poke|p2|Dragapult, L50, M|\n|poke|p2|Gholdengo, L50|\n|poke|p2|Ceruledge, L50, M|\n|poke|p2|Garganacl, L50, M|\n|poke|p2|Gyarados, L50, F|\n|poke|p2|Ting-Lu, L50|\n|teampreview|4\n|j| glowbrogang\nTTT x has agreed to open team sheets.\n|j| dashrekawanobi\n|j| ChampionsS2\n|c| dashrekawanobi|ice please win\n|l| ChampionsS2\n|c| dashrekawanobi|and both of ya\n|\n|t:|1683597612\n|start\n|switch|p1a: Torkoal|Torkoal, L50, F, shiny|100\/100\n|switch|p1b: Flutter Mane|Flutter Mane, L50, shiny|100\/100\n|switch|p2a: Ceruledge|Ceruledge, L50, M|100\/100\n|switch|p2b: Gholdengo|Gholdengo, L50|100\/100\n|-weather|SunnyDay|[from] ability: Drought|[of] p1a: Torkoal\n|-activate|p1b: Flutter Mane|ability: Protosynthesis\n|-start|p1b: Flutter Mane|protosynthesisspa\n|turn|1\n|c| dashrekawanobi|go all out!\n|j| AceNowak\n|c|\u2606TTT x|ok i will\n|\n|t:|1683597644\n|move|p2a: Ceruledge|Shadow Sneak|p1b: Flutter Mane\n|-supereffective|p1b: Flutter Mane\n|-damage|p1b: Flutter Mane|36\/100\n|move|p2b: Gholdengo|Make It Rain|p1a: Torkoal|[spread] p1a,p1b\n|-resisted|p1a: Torkoal\n|-supereffective|p1b: Flutter Mane\n|-damage|p1a: Torkoal|73\/100\n|-damage|p1b: Flutter Mane|0 fnt\n|-unboost|p2b: Gholdengo|spa|1\n|faint|p1b: Flutter Mane\n|-end|p1b: Flutter Mane|Protosynthesis|[silent]\n|move|p1a: Torkoal|Flamethrower|p2b: Gholdengo\n|-supereffective|p2b: Gholdengo\n|-damage|p2b: Gholdengo|0 fnt\n|faint|p2b: Gholdengo\n|\n|-weather|SunnyDay|[upkeep]\n|upkeep\n|\n|t:|1683597659\n|switch|p1b: Great Tusk|Great Tusk, L50, shiny|100\/100\n|switch|p2b: Garganacl|Garganacl, L50, M|100\/100\n|-activate|p1b: Great Tusk|ability: Protosynthesis\n|-start|p1b: Great Tusk|protosynthesisatk\n|turn|2\n|c| dashrekawanobi|there goes scarf dengo\n|j| benks\n|j| wawahwa\n|l| wawahwa\n|l| AceNowak\n|\n|t:|1683597703\n|-terastallize|p2a: Ceruledge|Grass\n|move|p1a: Torkoal|Protect|p1a: Torkoal\n|-singleturn|p1a: Torkoal|Protect\n|move|p1b: Great Tusk|Earthquake|p2b: Garganacl|[spread] p2a,p2b\n|-activate|p1a: Torkoal|move: Protect\n|-resisted|p2a: Ceruledge\n|-supereffective|p2b: Garganacl\n|-damage|p2a: Ceruledge|77\/100\n|-damage|p2b: Garganacl|28\/100\n|move|p2a: Ceruledge|Bitter Blade|p1b: Great Tusk\n|-damage|p1b: Great Tusk|55\/100\n|-heal|p2a: Ceruledge|100\/100|[from] drain|[of] p1b: Great Tusk\n|move|p2b: Garganacl|Salt Cure|p1b: Great Tusk\n|-resisted|p1b: Great Tusk\n|-damage|p1b: Great Tusk|52\/100\n|-start|p1b: Great Tusk|Salt Cure\n|\n|-weather|SunnyDay|[upkeep]\n|-heal|p2b: Garganacl|34\/100|[from] item: Leftovers\n|-damage|p1b: Great Tusk|40\/100|[from] Salt Cure\n|upkeep\n|turn|3\n|\n|t:|1683597721\n|move|p2a: Ceruledge|Protect|p2a: Ceruledge\n|-singleturn|p2a: Ceruledge|Protect\n|move|p2b: Garganacl|Protect|p2b: Garganacl\n|-singleturn|p2b: Garganacl|Protect\n|move|p1a: Torkoal|Protect||[still]\n|-fail|p1a: Torkoal\n|move|p1b: Great Tusk|Earthquake|p2a: Ceruledge|[spread] p1a\n|-activate|p2a: Ceruledge|move: Protect\n|-activate|p2b: Garganacl|move: Protect\n|-supereffective|p1a: Torkoal\n|-damage|p1a: Torkoal|2\/100\n|\n|-weather|SunnyDay|[upkeep]\n|-heal|p2b: Garganacl|39\/100|[from] item: Leftovers\n|-damage|p1b: Great Tusk|28\/100|[from] Salt Cure\n|upkeep\n|turn|4\n|j| AmongusMAster5678\n|\n|t:|1683597733\n|move|p1a: Torkoal|Protect|p1a: Torkoal\n|-singleturn|p1a: Torkoal|Protect\n|move|p2b: Garganacl|Wide Guard|p2b: Garganacl\n|-singleturn|p2b: Garganacl|Wide Guard\n|move|p1b: Great Tusk|Earthquake|p2b: Garganacl|[spread] \n|-activate|p2a: Ceruledge|move: Wide Guard\n|-activate|p2b: Garganacl|move: Wide Guard\n|-activate|p1a: Torkoal|move: Protect\n|move|p2a: Ceruledge|Bitter Blade|p1b: Great Tusk\n|-damage|p1b: Great Tusk|0 fnt\n|faint|p1b: Great Tusk\n|-end|p1b: Great Tusk|Protosynthesis|[silent]\n|\n|-weather|SunnyDay|[upkeep]\n|-heal|p2b: Garganacl|45\/100|[from] item: Leftovers\n|upkeep\n|\n|t:|1683597745\n|switch|p1b: Kingambit|Kingambit, L50, F, shiny|100\/100\n|turn|5\n|\n|t:|1683597769\n|move|p2a: Ceruledge|Shadow Sneak|p1a: Torkoal\n|-damage|p1a: Torkoal|0 fnt\n|faint|p1a: Torkoal\n|move|p2b: Garganacl|Salt Cure|p1b: Kingambit\n|-resisted|p1b: Kingambit\n|-damage|p1b: Kingambit|95\/100\n|-start|p1b: Kingambit|Salt Cure\n|move|p1b: Kingambit|Kowtow Cleave|p2b: Garganacl\n|-damage|p2b: Garganacl|11\/100\n|\n|-weather|none\n|-heal|p2b: Garganacl|17\/100|[from] item: Leftovers\n|-damage|p1b: Kingambit|71\/100|[from] Salt Cure\n|upkeep\n|turn|6\n|\n|t:|1683597794\n|move|p1b: Kingambit|Sucker Punch||[still]\n|-fail|p1b: Kingambit\n|move|p2a: Ceruledge|Bitter Blade|p1b: Kingambit\n|-supereffective|p1b: Kingambit\n|-damage|p1b: Kingambit|3\/100\n|move|p2b: Garganacl|Recover|p2b: Garganacl\n|-heal|p2b: Garganacl|67\/100\n|\n|-heal|p2b: Garganacl|73\/100|[from] item: Leftovers\n|-damage|p1b: Kingambit|0 fnt|[from] Salt Cure\n|faint|p1b: Kingambit\n|\n|win|TTT x\n|upkeep\n|n|\u2606ice ice lol|iceicelol\n|n|\u2606TTT x|tttx\n|n| glowbrogang|glowbrogang\n|n| dashrekawanobi|dashrekawanobi\n|n| benks|benks\n|n| AmongusMAster5678|amongusmaster5678\n","uploadtime":1683597795,"views":12,"p1id":"iceicelol","p2id":"tttx","formatid":"gen9vgc2023regulationc","rating":0,"private":0,"password":""}