{"id":"gen9vgc2023regulationc-1848332976","p1":"Sumo'sWeenusVGC","p2":"CordonBleuPlus","format":"[Gen 9] VGC 2023 Regulation C","log":"|j|\u2606Sumo'sWeenusVGC\n|j|\u2606CordonBleuPlus\n|t:|1682062105\n|gametype|doubles\n|player|p1|Sumo'sWeenusVGC|colress|1176\n|player|p2|CordonBleuPlus|169|1075\n|teamsize|p1|6\n|teamsize|p2|6\n|gen|9\n|tier|[Gen 9] VGC 2023 Regulation C\n|rated|\n|rule|Species Clause: Limit one of each Pok\u00e9mon\n|rule|Item Clause: Limit one of each item\n|clearpoke\n|poke|p1|Wo-Chien, L50|\n|poke|p1|Flutter Mane, L50|\n|poke|p1|Glimmora, L50, F|\n|poke|p1|Palafin, L50, M|\n|poke|p1|Arcanine, L50, F|\n|poke|p1|Kingambit, L50, F|\n|poke|p2|Maushold, L50|\n|poke|p2|Lucario, L50, F|\n|poke|p2|Chien-Pao, L50|\n|poke|p2|Iron Hands, L50|\n|poke|p2|Amoonguss, L50, F|\n|poke|p2|Palafin, L50, M|\n|teampreview|4\n|inactive|Battle timer is ON: inactive players will automatically lose when time's up. (requested by Sumo'sWeenusVGC)\nSumo'sWeenusVGC has agreed to open team sheets.\n|inactive|Sumo'sWeenusVGC has 60 seconds left.\n|inactive|CordonBleuPlus has 60 seconds left.\n|\n|t:|1682062152\n|start\n|switch|p1a: Wo-Chien|Wo-Chien, L50|100\/100\n|switch|p1b: Flutter Mane|Flutter Mane, L50, shiny|100\/100\n|switch|p2a: Maushold|Maushold, L50|100\/100\n|switch|p2b: Lucario|Lucario, L50, F|100\/100\n|-ability|p1a: Wo-Chien|Tablets of Ruin\n|turn|1\n|inactive|Sumo'sWeenusVGC has 30 seconds left.\n|\n|t:|1682062178\n|-end|p1b: Flutter Mane|Protosynthesis|[silent]\n|switch|p1b: Slif's Wolf|Arcanine, L50, F|100\/100\n|-ability|p1b: Slif's Wolf|Intimidate|boost\n|-unboost|p2a: Maushold|atk|1\n|-fail|p2b: Lucario|unboost|[from] item: Clear Amulet|[of] p2b: Lucario\n|move|p1a: Wo-Chien|Protect|p1a: Wo-Chien\n|-singleturn|p1a: Wo-Chien|Protect\n|move|p2a: Maushold|Beat Up|p2b: Lucario\n|-resisted|p2b: Lucario\n|-damage|p2b: Lucario|99\/100\n|-ability|p2b: Lucario|Justified|boost\n|-boost|p2b: Lucario|atk|1\n|-resisted|p2b: Lucario\n|-damage|p2b: Lucario|99\/100\n|-ability|p2b: Lucario|Justified|boost\n|-boost|p2b: Lucario|atk|1\n|-resisted|p2b: Lucario\n|-damage|p2b: Lucario|99\/100\n|-ability|p2b: Lucario|Justified|boost\n|-boost|p2b: Lucario|atk|1\n|-resisted|p2b: Lucario\n|-damage|p2b: Lucario|98\/100\n|-ability|p2b: Lucario|Justified|boost\n|-boost|p2b: Lucario|atk|1\n|-hitcount|p2b: Lucario|4\n|move|p2b: Lucario|Ice Punch|p1a: Wo-Chien\n|-activate|p1a: Wo-Chien|move: Protect\n|\n|upkeep\n|turn|2\n|inactive|Sumo'sWeenusVGC has 30 seconds left.\n|\n|t:|1682062212\n|-terastallize|p2b: Lucario|Fire\n|move|p1a: Wo-Chien|Protect||[still]\n|-fail|p1a: Wo-Chien\n|move|p2b: Lucario|Extreme Speed|p1b: Slif's Wolf\n|-damage|p1b: Slif's Wolf|40\/100\n|move|p2a: Maushold|Encore|p1a: Wo-Chien\n|-start|p1a: Wo-Chien|Encore\n|move|p1b: Slif's Wolf|Flare Blitz|p2b: Lucario\n|-resisted|p2b: Lucario\n|-damage|p2b: Lucario|82\/100\n|-damage|p1b: Slif's Wolf|36\/100|[from] Recoil\n|\n|upkeep\n|turn|3\n|inactive|Sumo'sWeenusVGC has 30 seconds left.\n|\n|t:|1682062238\n|switch|p1a: Flutter Mane|Flutter Mane, L50, shiny|100\/100\n|move|p1b: Slif's Wolf|Extreme Speed|p2b: Lucario\n|-damage|p2b: Lucario|62\/100\n|move|p2b: Lucario|Extreme Speed|p1b: Slif's Wolf\n|-damage|p1b: Slif's Wolf|0 fnt\n|faint|p1b: Slif's Wolf\n|move|p2a: Maushold|Beat Up|p2b: Lucario\n|-damage|p2b: Lucario|61\/100\n|-ability|p2b: Lucario|Justified|boost\n|-boost|p2b: Lucario|atk|1\n|-damage|p2b: Lucario|59\/100\n|-ability|p2b: Lucario|Justified|boost\n|-boost|p2b: Lucario|atk|1\n|-damage|p2b: Lucario|58\/100\n|-damage|p2b: Lucario|56\/100\n|-hitcount|p2b: Lucario|4\n|\n|upkeep\n|\n|t:|1682062258\n|switch|p1b: Wo-Chien|Wo-Chien, L50|100\/100\n|-ability|p1b: Wo-Chien|Tablets of Ruin\n|turn|4\n|\n|t:|1682062273\n|move|p1b: Wo-Chien|Protect|p1b: Wo-Chien\n|-singleturn|p1b: Wo-Chien|Protect\n|move|p2a: Maushold|Follow Me|p2a: Maushold\n|-singleturn|p2a: Maushold|move: Follow Me\n|move|p1a: Flutter Mane|Power Gem|p2a: Maushold\n|-damage|p2a: Maushold|44\/100\n|move|p2b: Lucario|Ice Punch|p1b: Wo-Chien\n|-activate|p1b: Wo-Chien|move: Protect\n|\n|upkeep\n|turn|5\n|\n|t:|1682062291\n|-end|p1a: Flutter Mane|Protosynthesis|[silent]\n|switch|p1a: Kingambit|Kingambit, L50, F|100\/100\n|move|p2b: Lucario|Bullet Punch|p1a: Kingambit\n|-resisted|p1a: Kingambit\n|-damage|p1a: Kingambit|78\/100\n|move|p2a: Maushold|Encore|p1b: Wo-Chien\n|-start|p1b: Wo-Chien|Encore\n|move|p1b: Wo-Chien|Protect||[still]\n|-fail|p1b: Wo-Chien\n|\n|upkeep\n|turn|6\n|inactive|CordonBleuPlus has 30 seconds left.\n|\n|t:|1682062320\n|move|p1b: Wo-Chien|Protect|p1b: Wo-Chien\n|-singleturn|p1b: Wo-Chien|Protect\n|move|p2a: Maushold|Follow Me|p2a: Maushold\n|-singleturn|p2a: Maushold|move: Follow Me\n|move|p2b: Lucario|Extreme Speed|p1a: Kingambit\n|-resisted|p1a: Kingambit\n|-damage|p1a: Kingambit|45\/100\n|move|p1a: Kingambit|Low Kick|p2a: Maushold\n|-supereffective|p2a: Maushold\n|-damage|p2a: Maushold|31\/100\n|\n|upkeep\n|turn|7\n|inactive|Sumo'sWeenusVGC has 30 seconds left.\n|\n|t:|1682062351\n|switch|p2a: Amoonguss|Amoonguss, L50, F|100\/100\n|switch|p1b: Flutter Mane|Flutter Mane, L50, shiny|100\/100\n|move|p2b: Lucario|Ice Punch|p1b: Flutter Mane\n|-damage|p1b: Flutter Mane|0 fnt\n|faint|p1b: Flutter Mane\n|-end|p1b: Flutter Mane|Protosynthesis|[silent]\n|move|p1a: Kingambit|Kowtow Cleave|p2b: Lucario\n|-damage|p2b: Lucario|0 fnt\n|faint|p2b: Lucario\n|\n|upkeep\n|\n|t:|1682062370\n|switch|p1b: Wo-Chien|Wo-Chien, L50|100\/100\n|switch|p2b: Iron Hands|Iron Hands, L50|100\/100\n|-ability|p1b: Wo-Chien|Tablets of Ruin\n|turn|8\n|\n|t:|1682062382\n|-terastallize|p1a: Kingambit|Flying\n|move|p2b: Iron Hands|Fake Out|p1b: Wo-Chien\n|-damage|p1b: Wo-Chien|92\/100\n|cant|p1b: Wo-Chien|flinch\n|move|p1a: Kingambit|Tera Blast|p2a: Amoonguss\n|-supereffective|p2a: Amoonguss\n|-damage|p2a: Amoonguss|48\/100\n|-enditem|p2a: Amoonguss|Sitrus Berry|[eat]\n|-heal|p2a: Amoonguss|73\/100|[from] item: Sitrus Berry\n|move|p2a: Amoonguss|Spore|p1a: Kingambit\n|-status|p1a: Kingambit|slp|[from] move: Spore\n|\n|-heal|p1b: Wo-Chien|98\/100|[from] item: Leftovers\n|upkeep\n|turn|9\n|inactive|CordonBleuPlus has 30 seconds left.\n|\n|t:|1682062407\n|move|p1b: Wo-Chien|Leech Seed|p2b: Iron Hands\n|-start|p2b: Iron Hands|move: Leech Seed\n|move|p2b: Iron Hands|Drain Punch|p1b: Wo-Chien\n|-supereffective|p1b: Wo-Chien\n|-damage|p1b: Wo-Chien|55\/100\n|cant|p1a: Kingambit|slp\n|move|p2a: Amoonguss|Pollen Puff|p1b: Wo-Chien\n|-supereffective|p1b: Wo-Chien\n|-damage|p1b: Wo-Chien|5\/100\n|\n|-heal|p1b: Wo-Chien|11\/100|[from] item: Leftovers\n|-damage|p2b: Iron Hands|88\/100|[from] Leech Seed|[of] p1b: Wo-Chien\n|-heal|p1b: Wo-Chien|27\/100|[silent]\n|upkeep\n|turn|10\n|inactive|CordonBleuPlus has 30 seconds left.\n|inactive|CordonBleuPlus has 20 seconds left.\n|\n|t:|1682062446\n|-end|p2b: Iron Hands|Quark Drive|[silent]\n|switch|p2b: Maushold|Maushold, L50|31\/100\n|move|p1b: Wo-Chien|Protect|p1b: Wo-Chien\n|-singleturn|p1b: Wo-Chien|Protect\n|cant|p1a: Kingambit|slp\n|move|p2a: Amoonguss|Pollen Puff|p2b: Maushold\n|-heal|p2b: Maushold|81\/100\n|\n|-heal|p1b: Wo-Chien|33\/100|[from] item: Leftovers\n|upkeep\n|turn|11\n|inactive|Sumo'sWeenusVGC has 30 seconds left.\n|\n|t:|1682062480\n|move|p2b: Maushold|Follow Me|p2b: Maushold\n|-singleturn|p2b: Maushold|move: Follow Me\n|move|p1b: Wo-Chien|Pollen Puff|p2b: Maushold\n|-damage|p2b: Maushold|58\/100\n|-curestatus|p1a: Kingambit|slp|[msg]\n|move|p1a: Kingambit|Kowtow Cleave|p2b: Maushold\n|-damage|p2b: Maushold|21\/100\n|move|p2a: Amoonguss|Pollen Puff|p1b: Wo-Chien\n|-supereffective|p1b: Wo-Chien\n|-damage|p1b: Wo-Chien|0 fnt\n|faint|p1b: Wo-Chien\n|\n|upkeep\n|turn|12\n|\n|t:|1682062503\n|move|p2a: Amoonguss|Protect|p2a: Amoonguss\n|-singleturn|p2a: Amoonguss|Protect\n|move|p2b: Maushold|Encore|p1a: Kingambit\n|-start|p1a: Kingambit|Encore\n|move|p1a: Kingambit|Kowtow Cleave|p2b: Maushold\n|-damage|p2b: Maushold|0 fnt\n|faint|p2b: Maushold\n|\n|upkeep\n|\n|t:|1682062513\n|switch|p2b: Iron Hands|Iron Hands, L50|88\/100\n|turn|13\n|\n|t:|1682062523\n|move|p2b: Iron Hands|Drain Punch|p1a: Kingambit\n|-resisted|p1a: Kingambit\n|-damage|p1a: Kingambit|31\/100\n|-heal|p2b: Iron Hands|94\/100|[from] drain|[of] p1a: Kingambit\n|move|p1a: Kingambit|Kowtow Cleave|p2a: Amoonguss\n|-damage|p2a: Amoonguss|40\/100\n|move|p2a: Amoonguss|Spore|p1a: Kingambit\n|-status|p1a: Kingambit|slp|[from] move: Spore\n|\n|upkeep\n|turn|14\n|\n|t:|1682062541\n|move|p2b: Iron Hands|Wild Charge|p1a: Kingambit\n|-supereffective|p1a: Kingambit\n|-damage|p1a: Kingambit|0 fnt\n|faint|p1a: Kingambit\n|-damage|p2b: Iron Hands|88\/100|[from] Recoil\n|\n|win|CordonBleuPlus\n|raw|Sumo'sWeenusVGC's rating: 1176 → 1144<\/strong> (-32 for losing)\n|raw|CordonBleuPlus's rating: 1075 → 1112<\/strong> (+37 for winning)\n|l|\u2606CordonBleuPlus\n","uploadtime":1682062548,"views":7,"p1id":"sumosweenusvgc","p2id":"cordonbleuplus","formatid":"gen9vgc2023regulationc","rating":1112,"private":0,"password":""}