{"id":"gen9vgc2023regulationc-1846708525","p1":"SpeedFreak01","p2":"maverickya","format":"[Gen 9] VGC 2023 Regulation C","log":"|j|\u2606SpeedFreak01\n|j|\u2606maverickya\n|t:|1681868474\n|gametype|doubles\n|player|p1|SpeedFreak01|lyra|1064\n|player|p2|maverickya|102|1062\n|teamsize|p1|6\n|teamsize|p2|6\n|gen|9\n|tier|[Gen 9] VGC 2023 Regulation C\n|rated|\n|rule|Species Clause: Limit one of each Pok\u00e9mon\n|rule|Item Clause: Limit one of each item\n|clearpoke\n|poke|p1|Dachsbun, L50, F|\n|poke|p1|Chi-Yu, L50|\n|poke|p1|Dondozo, L50, M|\n|poke|p1|Tatsugiri, L50, M|\n|poke|p1|Garganacl, L50, M|\n|poke|p1|Amoonguss, L50, M|\n|poke|p2|Pachirisu, L50, F|\n|poke|p2|Scizor, L50, F|\n|poke|p2|Brute Bonnet, L50|\n|poke|p2|Dragapult, L50, F|\n|poke|p2|Ceruledge, L50, F|\n|poke|p2|Chien-Pao, L50|\n|teampreview|4\n|\n|t:|1681868509\n|start\n|switch|p1a: Greggs|Dachsbun, L50, F|100\/100\n|switch|p1b: And Chips|Chi-Yu, L50|100\/100\n|switch|p2a: Pachirisu|Pachirisu, L50, F|100\/100\n|switch|p2b: Chien-Pao|Chien-Pao, L50|100\/100\n|-ability|p2b: Chien-Pao|Sword of Ruin\n|-ability|p1b: And Chips|Beads of Ruin\n|turn|1\n|\n|t:|1681868555\n|-terastallize|p2b: Chien-Pao|Water\n|move|p2b: Chien-Pao|Swords Dance|p2b: Chien-Pao\n|-boost|p2b: Chien-Pao|atk|2\n|move|p1b: And Chips|Lava Plume|p2a: Pachirisu|[spread] p2a,p2b\n|-ability|p1a: Greggs|Well-Baked Body|boost\n|-boost|p1a: Greggs|def|2\n|-resisted|p2b: Chien-Pao\n|-damage|p2a: Pachirisu|52\/100\n|-damage|p2b: Chien-Pao|65\/100\n|-status|p2b: Chien-Pao|brn\n|move|p2a: Pachirisu|Super Fang|p1b: And Chips\n|-damage|p1b: And Chips|51\/100\n|move|p1a: Greggs|Substitute|p1a: Greggs\n|-start|p1a: Greggs|Substitute\n|-damage|p1a: Greggs|75\/100\n|\n|-heal|p1a: Greggs|82\/100|[from] item: Leftovers\n|-damage|p2b: Chien-Pao|59\/100 brn|[from] brn\n|upkeep\n|turn|2\n|\n|t:|1681868578\n|move|p2b: Chien-Pao|Sucker Punch|p1b: And Chips\n|-resisted|p1b: And Chips\n|-crit|p1b: And Chips\n|-damage|p1b: And Chips|0 fnt\n|faint|p1b: And Chips\n|move|p2a: Pachirisu|Encore|p1a: Greggs\n|-start|p1a: Greggs|Encore\n|move|p1a: Greggs|Substitute|p1a: Greggs\n|-fail|p1a: Greggs|move: Substitute\n|\n|-heal|p1a: Greggs|88\/100|[from] item: Leftovers\n|-damage|p2b: Chien-Pao|53\/100 brn|[from] brn\n|upkeep\n|\n|t:|1681868590\n|switch|p1b: Donbrothers|Dondozo, L50, M|100\/100\n|turn|3\n|\n|t:|1681868622\n|move|p2b: Chien-Pao|Sucker Punch|p1b: Donbrothers\n|-damage|p1b: Donbrothers|84\/100\n|move|p2a: Pachirisu|Super Fang|p1b: Donbrothers\n|-damage|p1b: Donbrothers|43\/100\n|move|p1a: Greggs|Substitute|p1a: Greggs\n|-fail|p1a: Greggs|move: Substitute\n|move|p1b: Donbrothers|Wave Crash|p2a: Pachirisu\n|-damage|p2a: Pachirisu|0 fnt\n|faint|p2a: Pachirisu\n|-damage|p1b: Donbrothers|30\/100|[from] Recoil\n|\n|-heal|p1a: Greggs|94\/100|[from] item: Leftovers\n|-damage|p2b: Chien-Pao|48\/100 brn|[from] brn\n|upkeep\n|\n|t:|1681868634\n|switch|p2a: Scizor|Scizor, L50, F|100\/100\n|turn|4\n|\n|t:|1681868649\n|move|p2b: Chien-Pao|Sucker Punch|p1b: Donbrothers\n|-damage|p1b: Donbrothers|15\/100\n|move|p2a: Scizor|Bullet Punch|p1b: Donbrothers\n|-resisted|p1b: Donbrothers\n|-damage|p1b: Donbrothers|0 fnt\n|faint|p1b: Donbrothers\n|move|p1a: Greggs|Substitute|p1a: Greggs\n|-fail|p1a: Greggs|move: Substitute\n|\n|-heal|p1a: Greggs|99\/100|[from] item: Leftovers\n|-damage|p2b: Chien-Pao|42\/100 brn|[from] brn\n|-end|p1a: Greggs|Encore\n|upkeep\n|\n|t:|1681868661\n|switch|p1b: That Mineral|Garganacl, L50, M|100\/100\n|turn|5\n|\n|t:|1681868679\n|move|p2a: Scizor|Bullet Punch|p1a: Greggs\n|-supereffective|p1a: Greggs\n|-end|p1a: Greggs|Substitute\n|move|p2b: Chien-Pao|Ruination|p1a: Greggs\n|-damage|p1a: Greggs|50\/100\n|move|p1a: Greggs|Body Press|p2a: Scizor\n|-damage|p2a: Scizor|26\/100\n|move|p1b: That Mineral|Salt Cure|p2b: Chien-Pao\n|-damage|p2b: Chien-Pao|24\/100 brn\n|-start|p2b: Chien-Pao|Salt Cure\n|\n|-heal|p1a: Greggs|57\/100|[from] item: Leftovers\n|-damage|p2b: Chien-Pao|18\/100 brn|[from] brn\n|-damage|p2b: Chien-Pao|0 fnt|[from] Salt Cure\n|faint|p2b: Chien-Pao\n|upkeep\n|\n|t:|1681868690\n|switch|p2b: Brute Bonnet|Brute Bonnet, L50|100\/100\n|-enditem|p2b: Brute Bonnet|Booster Energy\n|-activate|p2b: Brute Bonnet|ability: Protosynthesis|[fromitem]\n|-start|p2b: Brute Bonnet|protosynthesisdef\n|turn|6\n|\n|t:|1681868707\n|move|p1a: Greggs|Protect|p1a: Greggs\n|-singleturn|p1a: Greggs|Protect\n|move|p2a: Scizor|Bullet Punch|p1a: Greggs\n|-activate|p1a: Greggs|move: Protect\n|move|p2b: Brute Bonnet|Spore|p1b: That Mineral\n|-immune|p1b: That Mineral|[from] ability: Purifying Salt\n|move|p1b: That Mineral|Salt Cure|p2a: Scizor\n|-damage|p2a: Scizor|9\/100\n|-start|p2a: Scizor|Salt Cure\n|\n|-heal|p1a: Greggs|63\/100|[from] item: Leftovers\n|-damage|p2a: Scizor|0 fnt|[from] Salt Cure\n|faint|p2a: Scizor\n|upkeep\n|turn|7\n|-message|maverickya forfeited.\n|\n|win|SpeedFreak01\n|raw|SpeedFreak01's rating: 1064 → 1094<\/strong> (+30 for winning)\n|raw|maverickya's rating: 1062 → 1043<\/strong> (-19 for losing)\n|l|\u2606maverickya\n|c|\u2606SpeedFreak01|gg!\n","uploadtime":1681868727,"views":15,"p1id":"speedfreak01","p2id":"maverickya","formatid":"gen9vgc2023regulationc","rating":1043,"private":0,"password":""}