{"id":"gen9vgc2023regulationc-1857742947","p1":"davidber_VGC","p2":"yungwasser","format":"[Gen 9] VGC 2023 Regulation C","log":"|j|\u2606davidber_VGC\n|j|\u2606yungwasser\n|t:|1683227514\n|gametype|doubles\n|player|p1|davidber_VGC|steven|1270\n|player|p2|yungwasser|larry|1316\n|teamsize|p1|6\n|teamsize|p2|6\n|gen|9\n|tier|[Gen 9] VGC 2023 Regulation C\n|rated|\n|rule|Species Clause: Limit one of each Pok\u00e9mon\n|rule|Item Clause: Limit one of each item\n|clearpoke\n|poke|p1|Annihilape, L50, F|\n|poke|p1|Chien-Pao, L50|\n|poke|p1|Flutter Mane, L50|\n|poke|p1|Amoonguss, L50, F|\n|poke|p1|Iron Hands, L50|\n|poke|p1|Sableye, L50, F|\n|poke|p2|Ting-Lu, L50|\n|poke|p2|Amoonguss, L50, M|\n|poke|p2|Garganacl, L50, M|\n|poke|p2|Arcanine, L50, F|\n|poke|p2|Roaring Moon, L50|\n|poke|p2|Iron Bundle, L50|\n|teampreview|4\nyungwasser has agreed to open team sheets.\n|\n|t:|1683227565\n|start\n|switch|p1a: Annihilape|Annihilape, L50, F|100\/100\n|switch|p1b: Amoonguss|Amoonguss, L50, F|100\/100\n|switch|p2a: Garganacl|Garganacl, L50, M|100\/100\n|switch|p2b: Arcanine|Arcanine, L50, F|100\/100\n|-ability|p2b: Arcanine|Intimidate|boost\n|-unboost|p1a: Annihilape|atk|1\n|-ability|p1a: Annihilape|Defiant|boost\n|-boost|p1a: Annihilape|atk|2\n|-unboost|p1b: Amoonguss|atk|1\n|turn|1\n|\n|t:|1683227589\n|-terastallize|p1a: Annihilape|Fire\n|move|p1b: Amoonguss|Protect|p1b: Amoonguss\n|-singleturn|p1b: Amoonguss|Protect\n|move|p2b: Arcanine|Flare Blitz|p1b: Amoonguss\n|-activate|p1b: Amoonguss|move: Protect\n|move|p1a: Annihilape|Drain Punch|p2a: Garganacl\n|-supereffective|p2a: Garganacl\n|-damage|p2a: Garganacl|27\/100\n|move|p2a: Garganacl|Salt Cure|p1a: Annihilape\n|-supereffective|p1a: Annihilape\n|-damage|p1a: Annihilape|71\/100\n|-start|p1a: Annihilape|Salt Cure\n|\n|-heal|p2a: Garganacl|33\/100|[from] item: Leftovers\n|-damage|p1a: Annihilape|58\/100|[from] Salt Cure\n|upkeep\n|turn|2\n|\n|t:|1683227619\n|switch|p1b: Iron Hands|Iron Hands, L50|100\/100\n|move|p2a: Garganacl|Protect|p2a: Garganacl\n|-singleturn|p2a: Garganacl|Protect\n|move|p2b: Arcanine|Flare Blitz|p1b: Iron Hands\n|-damage|p1b: Iron Hands|64\/100\n|-damage|p2b: Arcanine|86\/100|[from] Recoil\n|move|p1a: Annihilape|Rage Fist|p2b: Arcanine\n|-damage|p2b: Arcanine|20\/100\n|-enditem|p2b: Arcanine|Iapapa Berry|[eat]\n|-heal|p2b: Arcanine|53\/100|[from] item: Iapapa Berry\n|\n|-heal|p2a: Garganacl|39\/100|[from] item: Leftovers\n|-damage|p1a: Annihilape|46\/100|[from] Salt Cure\n|upkeep\n|turn|3\n|\n|t:|1683227640\n|switch|p2b: Ting-Lu|Ting-Lu, L50|100\/100\n|-ability|p2b: Ting-Lu|Vessel of Ruin\n|-terastallize|p2a: Garganacl|Ghost\n|move|p1b: Iron Hands|Fake Out|p2b: Ting-Lu\n|-damage|p2b: Ting-Lu|92\/100\n|move|p1a: Annihilape|Drain Punch|p2a: Garganacl\n|-immune|p2a: Garganacl\n|move|p2a: Garganacl|Recover|p2a: Garganacl\n|-heal|p2a: Garganacl|89\/100\n|\n|-heal|p2a: Garganacl|95\/100|[from] item: Leftovers\n|-damage|p1a: Annihilape|33\/100|[from] Salt Cure\n|upkeep\n|turn|4\n|\n|t:|1683227660\n|move|p1a: Annihilape|Drain Punch|p2b: Ting-Lu\n|-supereffective|p2b: Ting-Lu\n|-damage|p2b: Ting-Lu|33\/100\n|-heal|p1a: Annihilape|70\/100|[from] drain|[of] p2b: Ting-Lu\n|move|p1b: Iron Hands|Drain Punch|p2b: Ting-Lu\n|-supereffective|p2b: Ting-Lu\n|-damage|p2b: Ting-Lu|0 fnt\n|-heal|p1b: Iron Hands|82\/100|[from] drain|[of] p2b: Ting-Lu\n|faint|p2b: Ting-Lu\n|move|p2a: Garganacl|Stealth Rock|p1b: Iron Hands\n|-sidestart|p1: davidber_VGC|move: Stealth Rock\n|\n|-heal|p2a: Garganacl|100\/100|[from] item: Leftovers\n|-damage|p1a: Annihilape|57\/100|[from] Salt Cure\n|upkeep\n|\n|t:|1683227672\n|switch|p2b: Roaring Moon|Roaring Moon, L50|100\/100\n|-enditem|p2b: Roaring Moon|Booster Energy\n|-activate|p2b: Roaring Moon|ability: Protosynthesis|[fromitem]\n|-start|p2b: Roaring Moon|protosynthesisatk\n|turn|5\n|\n|t:|1683227683\n|move|p2b: Roaring Moon|Protect|p2b: Roaring Moon\n|-singleturn|p2b: Roaring Moon|Protect\n|move|p1a: Annihilape|Rage Fist|p2a: Garganacl\n|-supereffective|p2a: Garganacl\n|-damage|p2a: Garganacl|56\/100\n|move|p1b: Iron Hands|Drain Punch|p2b: Roaring Moon\n|-activate|p2b: Roaring Moon|move: Protect\n|move|p2a: Garganacl|Salt Cure|p1b: Iron Hands\n|-resisted|p1b: Iron Hands\n|-crit|p1b: Iron Hands\n|-damage|p1b: Iron Hands|75\/100\n|-start|p1b: Iron Hands|Salt Cure\n|\n|-heal|p2a: Garganacl|62\/100|[from] item: Leftovers\n|-damage|p1a: Annihilape|45\/100|[from] Salt Cure\n|-damage|p1b: Iron Hands|62\/100|[from] Salt Cure\n|upkeep\n|turn|6\n|\n|t:|1683227705\n|move|p2b: Roaring Moon|Acrobatics|p1a: Annihilape\n|-damage|p1a: Annihilape|0 fnt\n|faint|p1a: Annihilape\n|move|p1b: Iron Hands|Drain Punch|p2b: Roaring Moon\n|-supereffective|p2b: Roaring Moon\n|-damage|p2b: Roaring Moon|14\/100\n|-heal|p1b: Iron Hands|99\/100|[from] drain|[of] p2b: Roaring Moon\n|move|p2a: Garganacl|Recover|p2a: Garganacl\n|-heal|p2a: Garganacl|100\/100\n|\n|-damage|p1b: Iron Hands|87\/100|[from] Salt Cure\n|upkeep\n|\n|t:|1683227718\n|switch|p1a: Flutter Mane|Flutter Mane, L50|100\/100\n|-damage|p1a: Flutter Mane|88\/100|[from] Stealth Rock\n|turn|7\n|\n|t:|1683227735\n|-end|p1b: Iron Hands|Quark Drive|[silent]\n|switch|p1b: Amoonguss|Amoonguss, L50, F|100\/100\n|-damage|p1b: Amoonguss|88\/100|[from] Stealth Rock\n|move|p2b: Roaring Moon|Protect|p2b: Roaring Moon\n|-singleturn|p2b: Roaring Moon|Protect\n|move|p1a: Flutter Mane|Shadow Ball|p2b: Roaring Moon\n|-activate|p2b: Roaring Moon|move: Protect\n|move|p2a: Garganacl|Salt Cure|p1a: Flutter Mane\n|-damage|p1a: Flutter Mane|68\/100\n|-start|p1a: Flutter Mane|Salt Cure\n|\n|-damage|p1a: Flutter Mane|56\/100|[from] Salt Cure\n|upkeep\n|turn|8\n|\n|t:|1683227758\n|switch|p1b: Iron Hands|Iron Hands, L50|87\/100\n|-damage|p1b: Iron Hands|81\/100|[from] Stealth Rock\n|move|p1a: Flutter Mane|Shadow Ball|p2b: Roaring Moon\n|-resisted|p2b: Roaring Moon\n|-damage|p2b: Roaring Moon|0 fnt\n|faint|p2b: Roaring Moon\n|-end|p2b: Roaring Moon|Protosynthesis|[silent]\n|move|p2a: Garganacl|Salt Cure|p1b: Iron Hands\n|-resisted|p1b: Iron Hands\n|-damage|p1b: Iron Hands|76\/100\n|-start|p1b: Iron Hands|Salt Cure\n|\n|-damage|p1a: Flutter Mane|44\/100|[from] Salt Cure\n|-damage|p1b: Iron Hands|64\/100|[from] Salt Cure\n|upkeep\n|\n|t:|1683227765\n|switch|p2b: Arcanine|Arcanine, L50, F|53\/100\n|-ability|p2b: Arcanine|Intimidate|boost\n|-unboost|p1a: Flutter Mane|atk|1\n|-unboost|p1b: Iron Hands|atk|1\n|turn|9\n|\n|t:|1683227778\n|move|p2b: Arcanine|Protect|p2b: Arcanine\n|-singleturn|p2b: Arcanine|Protect\n|move|p1b: Iron Hands|Fake Out|p2b: Arcanine\n|-activate|p2b: Arcanine|move: Protect\n|move|p1a: Flutter Mane|Shadow Ball|p2a: Garganacl\n|-supereffective|p2a: Garganacl\n|-damage|p2a: Garganacl|60\/100\n|move|p2a: Garganacl|Salt Cure|p1a: Flutter Mane\n|-damage|p1a: Flutter Mane|24\/100\n|\n|-heal|p2a: Garganacl|66\/100|[from] item: Leftovers\n|-damage|p1a: Flutter Mane|12\/100|[from] Salt Cure\n|-damage|p1b: Iron Hands|51\/100|[from] Salt Cure\n|upkeep\n|turn|10\n|\n|t:|1683227800\n|move|p1a: Flutter Mane|Shadow Ball|p2a: Garganacl\n|-supereffective|p2a: Garganacl\n|-damage|p2a: Garganacl|24\/100\n|move|p2b: Arcanine|Flare Blitz|p1b: Iron Hands\n|-damage|p1b: Iron Hands|16\/100\n|-status|p1b: Iron Hands|brn\n|-damage|p2b: Arcanine|39\/100|[from] Recoil\n|move|p1b: Iron Hands|Wild Charge|p2a: Garganacl\n|-damage|p2a: Garganacl|14\/100\n|-damage|p1b: Iron Hands|14\/100 brn|[from] Recoil\n|move|p2a: Garganacl|Recover|p2a: Garganacl\n|-heal|p2a: Garganacl|64\/100\n|\n|-heal|p2a: Garganacl|70\/100|[from] item: Leftovers\n|-damage|p1b: Iron Hands|8\/100 brn|[from] brn\n|-damage|p1a: Flutter Mane|0 fnt|[from] Salt Cure\n|faint|p1a: Flutter Mane\n|-end|p1a: Flutter Mane|Protosynthesis|[silent]\n|-damage|p1b: Iron Hands|0 fnt|[from] Salt Cure\n|faint|p1b: Iron Hands\n|-end|p1b: Iron Hands|Quark Drive|[silent]\n|upkeep\n|-message|davidber_VGC forfeited.\n|\n|win|yungwasser\n|raw|davidber_VGC's rating: 1270 → 1248<\/strong> (-22 for losing)\n|raw|yungwasser's rating: 1316 → 1333<\/strong> (+17 for winning)\n|l|\u2606davidber_VGC\n","uploadtime":1683227836,"views":27,"p1id":"davidbervgc","p2id":"yungwasser","formatid":"gen9vgc2023regulationc","rating":1248,"private":0,"password":""}