{"id":"gen9vgc2023regulationc-1846507129","p1":"K_Nishikigoi","p2":"Null022266","format":"[Gen 9] VGC 2023 Regulation C","log":"|j|\u2606K_Nishikigoi\n|j|\u2606Null022266\n|t:|1681846746\n|gametype|doubles\n|player|p1|K_Nishikigoi|2|1254\n|player|p2|Null022266|winona|1218\n|teamsize|p1|6\n|teamsize|p2|6\n|gen|9\n|tier|[Gen 9] VGC 2023 Regulation C\n|rated|\n|rule|Species Clause: Limit one of each Pok\u00e9mon\n|rule|Item Clause: Limit one of each item\n|clearpoke\n|poke|p1|Chien-Pao, L50|\n|poke|p1|Dragapult, L50, F|\n|poke|p1|Azumarill, L50, F|\n|poke|p1|Flutter Mane, L50|\n|poke|p1|Volcarona, L50, M|\n|poke|p1|Gyarados, L50, M|\n|poke|p2|Garchomp, L50, F|\n|poke|p2|Gyarados, L50, M|\n|poke|p2|Corviknight, L50, M|\n|poke|p2|Iron Bundle, L50|\n|poke|p2|Chi-Yu, L50|\n|poke|p2|Wo-Chien, L50|\n|teampreview|4\n|inactive|Battle timer is ON: inactive players will automatically lose when time's up. (requested by Null022266)\n|inactive|K_Nishikigoi has 60 seconds left.\n|inactive|K_Nishikigoi has 30 seconds left.\n|inactive|K_Nishikigoi has 20 seconds left.\n|inactive|K_Nishikigoi has 15 seconds left.\n|inactive|K_Nishikigoi has 10 seconds left.\n|inactive|K_Nishikigoi has 5 seconds left.\n|\n|t:|1681846834\n|start\n|switch|p1a: Volcarona|Volcarona, L50, M, shiny|100\/100\n|switch|p1b: Dragapult|Dragapult, L50, F|100\/100\n|switch|p2a: Chi-Yu|Chi-Yu, L50|100\/100\n|switch|p2b: Wo-Chien|Wo-Chien, L50|100\/100\n|-ability|p2a: Chi-Yu|Beads of Ruin\n|-ability|p2b: Wo-Chien|Tablets of Ruin\n|turn|1\n|inactive|K_Nishikigoi has 30 seconds left.\n|inactive|Null022266 has 30 seconds left.\n|inactive|K_Nishikigoi has 20 seconds left.\n|inactive|Null022266 has 20 seconds left.\n|\n|t:|1681846871\n|-terastallize|p2b: Wo-Chien|Fire\n|move|p1b: Dragapult|U-turn|p2b: Wo-Chien\n|-resisted|p2b: Wo-Chien\n|-damage|p2b: Wo-Chien|91\/100\n|\n|t:|1681846878\n|switch|p1b: Gyarados|Gyarados, L50, M, shiny|100\/100|[from] U-turn\n|-ability|p1b: Gyarados|Intimidate|boost\n|-unboost|p2a: Chi-Yu|atk|1\n|-unboost|p2b: Wo-Chien|atk|1\n|move|p2a: Chi-Yu|Dark Pulse|p1a: Volcarona\n|-damage|p1a: Volcarona|41\/100\n|-damage|p2a: Chi-Yu|91\/100|[from] item: Life Orb\n|move|p1a: Volcarona|Quiver Dance|p1a: Volcarona\n|-boost|p1a: Volcarona|spa|1\n|-boost|p1a: Volcarona|spd|1\n|-boost|p1a: Volcarona|spe|1\n|move|p2b: Wo-Chien|Snarl|p1a: Volcarona|[spread] p1a,p1b\n|-damage|p1a: Volcarona|30\/100\n|-damage|p1b: Gyarados|80\/100\n|-unboost|p1a: Volcarona|spa|1\n|\n|upkeep\n|turn|2\n|inactive|K_Nishikigoi has 30 seconds left.\n|inactive|Null022266 has 30 seconds left.\n|inactive|K_Nishikigoi has 20 seconds left.\n|inactive|Null022266 has 20 seconds left.\n|inactive|K_Nishikigoi has 15 seconds left.\n|inactive|Null022266 has 15 seconds left.\n|\n|t:|1681846922\n|switch|p1a: Chien-Pao|Chien-Pao, L50|100\/100\n|-ability|p1a: Chien-Pao|Sword of Ruin\n|switch|p2a: Gyarados|Gyarados, L50, M|100\/100\n|-ability|p2a: Gyarados|Intimidate|boost\n|-unboost|p1a: Chien-Pao|atk|1\n|-fail|p1b: Gyarados|unboost|[from] item: Clear Amulet|[of] p1b: Gyarados\n|move|p1b: Gyarados|Dragon Dance|p1b: Gyarados\n|-boost|p1b: Gyarados|atk|1\n|-boost|p1b: Gyarados|spe|1\n|move|p2b: Wo-Chien|Snarl|p1a: Chien-Pao|[spread] p1a,p1b\n|-resisted|p1a: Chien-Pao\n|-damage|p1a: Chien-Pao|89\/100\n|-damage|p1b: Gyarados|67\/100\n|-unboost|p1a: Chien-Pao|spa|1\n|\n|upkeep\n|turn|3\n|inactive|K_Nishikigoi has 30 seconds left.\n|inactive|Null022266 has 30 seconds left.\n|\n|t:|1681846953\n|move|p1a: Chien-Pao|Protect|p1a: Chien-Pao\n|-singleturn|p1a: Chien-Pao|Protect\n|move|p1b: Gyarados|Waterfall|p2b: Wo-Chien\n|-supereffective|p2b: Wo-Chien\n|-damage|p2b: Wo-Chien|3\/100\n|move|p2a: Gyarados|Thunder Wave|p1b: Gyarados\n|-status|p1b: Gyarados|par\n|move|p2b: Wo-Chien|Knock Off|p1a: Chien-Pao\n|-activate|p1a: Chien-Pao|move: Protect\n|\n|upkeep\n|turn|4\n|inactive|K_Nishikigoi has 30 seconds left.\n|inactive|Null022266 has 30 seconds left.\n|\n|t:|1681846985\n|move|p1a: Chien-Pao|Sacred Sword|p2b: Wo-Chien\n|-damage|p2b: Wo-Chien|0 fnt\n|faint|p2b: Wo-Chien\n|move|p2a: Gyarados|Waterfall|p1a: Chien-Pao\n|-damage|p1a: Chien-Pao|45\/100\n|move|p1b: Gyarados|Dragon Dance|p1b: Gyarados\n|-boost|p1b: Gyarados|atk|1\n|-boost|p1b: Gyarados|spe|1\n|\n|upkeep\n|\n|t:|1681846997\n|switch|p2b: Iron Bundle|Iron Bundle, L50, shiny|100\/100\n|-enditem|p2b: Iron Bundle|Booster Energy\n|-activate|p2b: Iron Bundle|ability: Quark Drive|[fromitem]\n|-start|p2b: Iron Bundle|quarkdrivespe\n|turn|5\n|inactive|K_Nishikigoi has 30 seconds left.\n|inactive|K_Nishikigoi has 20 seconds left.\n|\n|t:|1681847037\n|move|p2a: Gyarados|Helping Hand|p2b: Iron Bundle\n|-singleturn|p2b: Iron Bundle|Helping Hand|[of] p2a: Gyarados\n|move|p1a: Chien-Pao|Protect|p1a: Chien-Pao\n|-singleturn|p1a: Chien-Pao|Protect\n|move|p2b: Iron Bundle|Freeze-Dry|p1b: Gyarados\n|-supereffective|p1b: Gyarados\n|-damage|p1b: Gyarados|0 fnt\n|faint|p1b: Gyarados\n|\n|upkeep\n|\n|t:|1681847055\n|switch|p1b: Dragapult|Dragapult, L50, F|100\/100\n|turn|6\n|\n|t:|1681847073\n|-terastallize|p1b: Dragapult|Steel\n|move|p2b: Iron Bundle|Protect|p2b: Iron Bundle\n|-singleturn|p2b: Iron Bundle|Protect\n|move|p1a: Chien-Pao|Sucker Punch||[still]\n|-fail|p1a: Chien-Pao\n|move|p1b: Dragapult|Dragon Darts|p2a: Gyarados\n|-damage|p2a: Gyarados|46\/100\n|-anim|p1b: Dragapult|Dragon Darts|p2a: Gyarados\n|-damage|p2a: Gyarados|0 fnt\n|faint|p2a: Gyarados\n|\n|upkeep\n|\n|t:|1681847084\n|switch|p2a: Chi-Yu|Chi-Yu, L50|91\/100\n|-ability|p2a: Chi-Yu|Beads of Ruin\n|turn|7\n|\n|t:|1681847102\n|move|p1a: Chien-Pao|Protect|p1a: Chien-Pao\n|-singleturn|p1a: Chien-Pao|Protect\n|move|p2b: Iron Bundle|Icy Wind|p1b: Dragapult|[spread] p1b\n|-activate|p1a: Chien-Pao|move: Protect\n|-resisted|p1b: Dragapult\n|-damage|p1b: Dragapult|81\/100\n|move|p1b: Dragapult|Dragon Darts|p2b: Iron Bundle\n|-damage|p2b: Iron Bundle|45\/100\n|-anim|p1b: Dragapult|Dragon Darts|p2a: Chi-Yu\n|-damage|p2a: Chi-Yu|33\/100\n|move|p2a: Chi-Yu|Heat Wave|p1b: Dragapult|[spread] p1b\n|-activate|p1a: Chien-Pao|move: Protect\n|-supereffective|p1b: Dragapult\n|-damage|p1b: Dragapult|0 fnt\n|faint|p1b: Dragapult\n|-damage|p2a: Chi-Yu|23\/100|[from] item: Life Orb\n|\n|upkeep\n|\n|t:|1681847120\n|switch|p1b: Volcarona|Volcarona, L50, M, shiny|30\/100\n|turn|8\n|\n|t:|1681847143\n|move|p2a: Chi-Yu|Protect|p2a: Chi-Yu\n|-singleturn|p2a: Chi-Yu|Protect\n|move|p1a: Chien-Pao|Sucker Punch||[still]\n|-fail|p1a: Chien-Pao\n|move|p2b: Iron Bundle|Hydro Pump|p1b: Volcarona\n|-supereffective|p1b: Volcarona\n|-damage|p1b: Volcarona|0 fnt\n|faint|p1b: Volcarona\n|\n|upkeep\n|turn|9\n|\n|t:|1681847158\n|move|p1a: Chien-Pao|Sucker Punch|p2a: Chi-Yu\n|-resisted|p2a: Chi-Yu\n|-damage|p2a: Chi-Yu|3\/100\n|move|p2b: Iron Bundle|Hydro Pump|p1a: Chien-Pao\n|-damage|p1a: Chien-Pao|0 fnt\n|faint|p1a: Chien-Pao\n|\n|win|Null022266\n|raw|K_Nishikigoi's rating: 1254 → 1226<\/strong> (-28 for losing)\n|raw|Null022266's rating: 1218 → 1246<\/strong> (+28 for winning)\n|c|\u2606Null022266|ggs\n","uploadtime":1681847218,"views":10,"p1id":"knishikigoi","p2id":"null022266","formatid":"gen9vgc2023regulationc","rating":1226,"private":0,"password":""}