{"id":"gen9vgc2023regulationc-1850856066","p1":"tedchangsmart","p2":"TehTerminator128","format":"[Gen 9] VGC 2023 Regulation C","log":"|j|\u2606tedchangsmart\n|j|\u2606TehTerminator128\n|t:|1682374853\n|gametype|doubles\n|player|p1|tedchangsmart|norman|1055\n|player|p2|TehTerminator128|1|1011\n|teamsize|p1|6\n|teamsize|p2|6\n|gen|9\n|tier|[Gen 9] VGC 2023 Regulation C\n|rated|\n|rule|Species Clause: Limit one of each Pok\u00e9mon\n|rule|Item Clause: Limit one of each item\n|clearpoke\n|poke|p1|Maushold-Four, L50|\n|poke|p1|Gholdengo, L50|\n|poke|p1|Indeedee-F, L50, F|\n|poke|p1|Armarouge, L50, M|\n|poke|p1|Palafin, L50, M|\n|poke|p1|Meowscarada, L50, M|\n|poke|p2|Palafin, L50, F|\n|poke|p2|Garganacl, L50, M|\n|poke|p2|Grimmsnarl, L50, M|\n|poke|p2|Roaring Moon, L50|\n|poke|p2|Gholdengo, L50|\n|poke|p2|Hydreigon, L50, M|\n|teampreview|4\n|inactive|Battle timer is ON: inactive players will automatically lose when time's up. (requested by tedchangsmart)\ntedchangsmart has agreed to open team sheets.\n|inactive|tedchangsmart has 60 seconds left.\n|\n|t:|1682374886\n|start\n|switch|p1a: Palafin|Palafin, L50, M|100\/100\n|switch|p1b: Gholdengo|Gholdengo, L50|100\/100\n|switch|p2a: Winter|Palafin, L50, F, shiny|100\/100\n|switch|p2b: The Immortal|Garganacl, L50, M, shiny|100\/100\n|turn|1\n|\n|t:|1682374910\n|detailschange|p1a: Palafin|Palafin-Hero, L50, M\n|switch|p1a: Meowscarada|Meowscarada, L50, M|100\/100\n|move|p2a: Winter|Flip Turn|p1a: Meowscarada\n|-resisted|p1a: Meowscarada\n|-damage|p1a: Meowscarada|85\/100\n|-damage|p2a: Winter|84\/100|[from] item: Rocky Helmet|[of] p1a: Meowscarada\n|\n|t:|1682374916\n|detailschange|p2a: Winter|Palafin-Hero, L50, F, shiny\n|switch|p2a: Porky|Grimmsnarl, L50, M, shiny|100\/100|[from] Flip Turn\n|move|p1b: Gholdengo|Thunderbolt|p2a: Porky\n|-damage|p2a: Porky|47\/100\n|move|p2b: The Immortal|Iron Defense|p2b: The Immortal\n|-boost|p2b: The Immortal|def|2\n|\n|upkeep\n|turn|2\n|\n|t:|1682374930\n|move|p2a: Porky|Light Screen|p2a: Porky\n|-sidestart|p2: TehTerminator128|move: Light Screen\n|move|p1a: Meowscarada|Flower Trick|p2b: The Immortal\n|-start|p1a: Meowscarada|typechange|Grass|[from] ability: Protean\n|-supereffective|p2b: The Immortal\n|-crit|p2b: The Immortal\n|-damage|p2b: The Immortal|38\/100\n|move|p1b: Gholdengo|Thunderbolt|p2a: Porky\n|-damage|p2a: Porky|13\/100\n|move|p2b: The Immortal|Body Press|p1a: Meowscarada\n|-damage|p1a: Meowscarada|13\/100\n|-damage|p2b: The Immortal|22\/100|[from] item: Rocky Helmet|[of] p1a: Meowscarada\n|\n|-heal|p2b: The Immortal|28\/100|[from] item: Leftovers\n|upkeep\n|turn|3\n|inactive|TehTerminator128 has 30 seconds left.\n|\n|t:|1682374964\n|-terastallize|p2b: The Immortal|Grass\n|move|p2a: Porky|Parting Shot|p1a: Meowscarada\n|-unboost|p1a: Meowscarada|atk|1\n|-unboost|p1a: Meowscarada|spa|1\n|\n|t:|1682374972\n|switch|p2a: Dreidra|Hydreigon, L50, M|100\/100|[from] Parting Shot\n|move|p1a: Meowscarada|Flower Trick|p2b: The Immortal\n|-resisted|p2b: The Immortal\n|-crit|p2b: The Immortal\n|-damage|p2b: The Immortal|12\/100\n|move|p1b: Gholdengo|Thunderbolt|p2a: Dreidra\n|-resisted|p2a: Dreidra\n|-damage|p2a: Dreidra|82\/100\n|move|p2b: The Immortal|Recover|p2b: The Immortal\n|-heal|p2b: The Immortal|62\/100\n|\n|-heal|p2b: The Immortal|67\/100|[from] item: Leftovers\n|upkeep\n|turn|4\n|inactive|tedchangsmart has 30 seconds left.\n|inactive|TehTerminator128 has 30 seconds left.\n|\n|t:|1682375006\n|switch|p1b: Palafin|Palafin-Hero, L50, M|100\/100\n|-activate|p1b: Palafin|ability: Zero to Hero\n|move|p2a: Dreidra|Dark Pulse|p1a: Meowscarada\n|-damage|p1a: Meowscarada|0 fnt\n|faint|p1a: Meowscarada\n|-damage|p2a: Dreidra|72\/100|[from] item: Life Orb\n|move|p2b: The Immortal|Salt Cure|p1b: Palafin\n|-damage|p1b: Palafin|86\/100\n|-start|p1b: Palafin|Salt Cure\n|\n|-heal|p2b: The Immortal|73\/100|[from] item: Leftovers\n|-damage|p1b: Palafin|62\/100|[from] Salt Cure\n|upkeep\n|\n|t:|1682375020\n|switch|p1a: Armarouge|Armarouge, L50, M|100\/100\n|turn|5\n|\n|t:|1682375042\n|-terastallize|p1b: Palafin|Water\n|move|p1b: Palafin|Jet Punch|p2a: Dreidra\n|-resisted|p2a: Dreidra\n|-damage|p2a: Dreidra|37\/100\n|move|p2a: Dreidra|Dark Pulse|p1a: Armarouge\n|-supereffective|p1a: Armarouge\n|-damage|p1a: Armarouge|0 fnt\n|faint|p1a: Armarouge\n|-damage|p2a: Dreidra|27\/100|[from] item: Life Orb\n|move|p2b: The Immortal|Iron Defense|p2b: The Immortal\n|-boost|p2b: The Immortal|def|2\n|\n|-heal|p2b: The Immortal|79\/100|[from] item: Leftovers\n|-damage|p1b: Palafin|37\/100|[from] Salt Cure\n|upkeep\n|\n|t:|1682375055\n|switch|p1a: Gholdengo|Gholdengo, L50|100\/100\n|turn|6\n|\n|t:|1682375071\n|move|p2a: Dreidra|Protect|p2a: Dreidra\n|-singleturn|p2a: Dreidra|Protect\n|move|p1b: Palafin|Close Combat|p2a: Dreidra\n|-activate|p2a: Dreidra|move: Protect\n|move|p1a: Gholdengo|Make It Rain|p2a: Dreidra|[spread] p2b\n|-activate|p2a: Dreidra|move: Protect\n|-damage|p2b: The Immortal|46\/100\n|-unboost|p1a: Gholdengo|spa|1\n|move|p2b: The Immortal|Salt Cure|p1b: Palafin\n|-damage|p1b: Palafin|24\/100\n|\n|-heal|p2b: The Immortal|52\/100|[from] item: Leftovers\n|-damage|p1b: Palafin|0 fnt|[from] Salt Cure\n|faint|p1b: Palafin\n|upkeep\n|turn|7\n|inactive|TehTerminator128 has 30 seconds left.\n|\n|t:|1682375096\n|move|p2a: Dreidra|Dark Pulse|p1a: Gholdengo\n|-supereffective|p1a: Gholdengo\n|-damage|p1a: Gholdengo|0 fnt\n|faint|p1a: Gholdengo\n|-damage|p2a: Dreidra|18\/100|[from] item: Life Orb\n|\n|win|TehTerminator128\n|raw|tedchangsmart's rating: 1055 → 1034<\/strong> (-21 for losing)\n|raw|TehTerminator128's rating: 1011 → 1054<\/strong> (+43 for winning)\n|l|\u2606tedchangsmart\n","uploadtime":1682375105,"views":19,"p1id":"tedchangsmart","p2id":"tehterminator128","formatid":"gen9vgc2023regulationc","rating":1034,"private":0,"password":""}