{"id":"gen9vgc2023regulationc-1859195325","p1":"Endoxii","p2":"ScrubShadedPurple","format":"[Gen 9] VGC 2023 Regulation C","log":"|j|\u2606Endoxii\n|j|\u2606ScrubShadedPurple\n|t:|1683416378\n|gametype|doubles\n|player|p1|Endoxii|169|1000\n|player|p2|ScrubShadedPurple|170|1071\n|teamsize|p1|4\n|teamsize|p2|6\n|gen|9\n|tier|[Gen 9] VGC 2023 Regulation C\n|rated|\n|rule|Species Clause: Limit one of each Pok\u00e9mon\n|rule|Item Clause: Limit one of each item\n|clearpoke\n|poke|p1|Dragapult, L50, M|\n|poke|p1|Meowscarada, L50, M|\n|poke|p1|Oranguru, L50, F|\n|poke|p1|Ting-Lu, L50|\n|poke|p2|Ceruledge, L50, F|\n|poke|p2|Gyarados, L50, M|\n|poke|p2|Ting-Lu, L50|\n|poke|p2|Baxcalibur, L50, M|\n|poke|p2|Amoonguss, L50, F|\n|poke|p2|Flutter Mane, L50|\n|teampreview|4\n|inactive|Battle timer is ON: inactive players will automatically lose when time's up. (requested by ScrubShadedPurple)\n|\n|t:|1683416406\n|start\n|switch|p1a: Dragapult|Dragapult, L50, M|100\/100\n|switch|p1b: Oranguru|Oranguru, L50, F|100\/100\n|switch|p2a: Baxcalibur|Baxcalibur, L50, M|100\/100\n|switch|p2b: Gyarados|Gyarados, L50, M|100\/100\n|-ability|p2b: Gyarados|Intimidate|boost\n|-unboost|p1a: Dragapult|atk|1\n|-unboost|p1b: Oranguru|atk|1\n|turn|1\n|inactive|Endoxii has 30 seconds left.\n|\n|t:|1683416432\n|move|p2a: Baxcalibur|Protect|p2a: Baxcalibur\n|-singleturn|p2a: Baxcalibur|Protect\n|move|p1b: Oranguru|Protect|p1b: Oranguru\n|-singleturn|p1b: Oranguru|Protect\n|move|p1a: Dragapult|Dragon Darts|p2b: Gyarados\n|-damage|p2b: Gyarados|86\/100\n|-anim|p1a: Dragapult|Dragon Darts|p2b: Gyarados\n|-damage|p2b: Gyarados|72\/100\n|move|p2b: Gyarados|Taunt|p1b: Oranguru\n|-activate|p1b: Oranguru|move: Protect\n|\n|upkeep\n|turn|2\n|inactive|ScrubShadedPurple has 30 seconds left.\n|\n|t:|1683416466\n|switch|p2a: Flutter Mane|Flutter Mane, L50|100\/100\n|-enditem|p2a: Flutter Mane|Booster Energy\n|-activate|p2a: Flutter Mane|ability: Protosynthesis|[fromitem]\n|-start|p2a: Flutter Mane|protosynthesisspa\n|switch|p1b: Ting-Lu|Ting-Lu, L50|100\/100\n|-ability|p1b: Ting-Lu|Vessel of Ruin\n|move|p1a: Dragapult|Dragon Darts|p2b: Gyarados\n|-damage|p2b: Gyarados|58\/100\n|-anim|p1a: Dragapult|Dragon Darts|p2b: Gyarados\n|-damage|p2b: Gyarados|43\/100\n|-enditem|p2b: Gyarados|Sitrus Berry|[eat]\n|-heal|p2b: Gyarados|68\/100|[from] item: Sitrus Berry\n|move|p2b: Gyarados|Thunder Wave|p1a: Dragapult\n|-status|p1a: Dragapult|par\n|\n|upkeep\n|turn|3\n|inactive|Endoxii has 30 seconds left.\n|inactive|ScrubShadedPurple has 30 seconds left.\n|inactive|Endoxii has 20 seconds left.\n|inactive|ScrubShadedPurple has 20 seconds left.\n|inactive|Endoxii has 15 seconds left.\n|inactive|ScrubShadedPurple has 15 seconds left.\n|inactive|ScrubShadedPurple has 10 seconds left.\n|inactive|ScrubShadedPurple has 5 seconds left.\n|\n|t:|1683416516\n|move|p2a: Flutter Mane|Protect|p2a: Flutter Mane\n|-singleturn|p2a: Flutter Mane|Protect\n|move|p2b: Gyarados|Waterfall|p1b: Ting-Lu\n|-supereffective|p1b: Ting-Lu\n|-damage|p1b: Ting-Lu|64\/100\n|cant|p1a: Dragapult|par\n|move|p1b: Ting-Lu|Fissure|p2a: Flutter Mane\n|-activate|p2a: Flutter Mane|move: Protect\n|\n|upkeep\n|turn|4\n|\n|t:|1683416539\n|move|p2a: Flutter Mane|Moonblast|p1a: Dragapult\n|-supereffective|p1a: Dragapult\n|-damage|p1a: Dragapult|2\/100 par\n|move|p1a: Dragapult|Facade|p2b: Gyarados\n|-damage|p2b: Gyarados|41\/100\n|move|p2b: Gyarados|Waterfall|p1b: Ting-Lu\n|-supereffective|p1b: Ting-Lu\n|-damage|p1b: Ting-Lu|24\/100\n|cant|p1b: Ting-Lu|flinch\n|\n|upkeep\n|turn|5\n|inactive|Endoxii has 30 seconds left.\n|inactive|ScrubShadedPurple has 30 seconds left.\n|\n|t:|1683416569\n|switch|p2b: Ceruledge|Ceruledge, L50, F, shiny|100\/100\n|move|p2a: Flutter Mane|Moonblast|p1b: Ting-Lu\n|-supereffective|p1b: Ting-Lu\n|-damage|p1b: Ting-Lu|0 fnt\n|faint|p1b: Ting-Lu\n|move|p1a: Dragapult|Dragon Darts|p2b: Ceruledge\n|-damage|p2b: Ceruledge|82\/100\n|-anim|p1a: Dragapult|Dragon Darts|p2b: Ceruledge\n|-damage|p2b: Ceruledge|64\/100\n|\n|upkeep\n|\n|t:|1683416580\n|switch|p1b: Kovixxx|Meowscarada, L50, M|100\/100\n|turn|6\n|\n|t:|1683416595\n|-terastallize|p2b: Ceruledge|Grass\n|move|p2b: Ceruledge|Shadow Sneak|p1a: Dragapult\n|-supereffective|p1a: Dragapult\n|-damage|p1a: Dragapult|0 fnt\n|faint|p1a: Dragapult\n|-damage|p2b: Ceruledge|54\/100|[from] item: Life Orb\n|move|p2a: Flutter Mane|Moonblast|p1b: Kovixxx\n|-supereffective|p1b: Kovixxx\n|-enditem|p1b: Kovixxx|Focus Sash\n|-damage|p1b: Kovixxx|1\/100\n|-unboost|p1b: Kovixxx|spa|1\n|move|p1b: Kovixxx|Shadow Claw|p2a: Flutter Mane\n|-start|p1b: Kovixxx|typechange|Ghost|[from] ability: Protean\n|-supereffective|p2a: Flutter Mane\n|-damage|p2a: Flutter Mane|0 fnt\n|faint|p2a: Flutter Mane\n|-end|p2a: Flutter Mane|Protosynthesis|[silent]\n|\n|upkeep\n|\n|t:|1683416615\n|switch|p1a: Oranguru|Oranguru, L50, F|100\/100\n|switch|p2a: Gyarados|Gyarados, L50, M|41\/100\n|-ability|p2a: Gyarados|Intimidate|boost\n|-unboost|p1a: Oranguru|atk|1\n|-unboost|p1b: Kovixxx|atk|1\n|turn|7\n|\n|t:|1683416640\n|move|p2b: Ceruledge|Shadow Sneak|p1b: Kovixxx\n|-supereffective|p1b: Kovixxx\n|-damage|p1b: Kovixxx|0 fnt\n|faint|p1b: Kovixxx\n|-damage|p2b: Ceruledge|45\/100|[from] item: Life Orb\n|move|p2a: Gyarados|Thunder Wave|p1a: Oranguru\n|-status|p1a: Oranguru|par\n|move|p1a: Oranguru|Yawn|p2b: Ceruledge\n|-start|p2b: Ceruledge|move: Yawn|[of] p1a: Oranguru\n|\n|upkeep\n|turn|8\n|\n|t:|1683416657\n|move|p2b: Ceruledge|Bitter Blade|p1a: Oranguru\n|-damage|p1a: Oranguru|46\/100 par\n|-heal|p2b: Ceruledge|75\/100|[from] drain|[of] p1a: Oranguru\n|-damage|p2b: Ceruledge|65\/100|[from] item: Life Orb\n|move|p2a: Gyarados|Waterfall|p1a: Oranguru\n|-damage|p1a: Oranguru|15\/100 par\n|move|p1a: Oranguru|Yawn|p2a: Gyarados\n|-start|p2a: Gyarados|move: Yawn|[of] p1a: Oranguru\n|\n|-heal|p1a: Oranguru|21\/100 par|[from] item: Leftovers\n|-end|p2b: Ceruledge|move: Yawn|[silent]\n|-status|p2b: Ceruledge|slp\n|upkeep\n|turn|9\n|\n|t:|1683416674\n|cant|p2b: Ceruledge|slp\n|move|p2a: Gyarados|Waterfall|p1a: Oranguru\n|-damage|p1a: Oranguru|0 fnt\n|faint|p1a: Oranguru\n|\n|win|ScrubShadedPurple\n|raw|Endoxii's rating: 1000 → 1000<\/strong> (+0 for losing)\n|raw|ScrubShadedPurple's rating: 1071 → 1094<\/strong> (+23 for winning)\n","uploadtime":1683416680,"views":9,"p1id":"endoxii","p2id":"scrubshadedpurple","formatid":"gen9vgc2023regulationc","rating":1000,"private":0,"password":""}