{"id":"gen9vgc2023regulationc-1844993666","p1":"CJCUTest","p2":"Capralux","format":"[Gen 9] VGC 2023 Regulation C","log":"|j|\u2606CJCUTest\n|j|\u2606Capralux\n|t:|1681671933\n|gametype|doubles\n|player|p1|CJCUTest|iono|1081\n|player|p2|Capralux|169|1068\n|teamsize|p1|6\n|teamsize|p2|6\n|gen|9\n|tier|[Gen 9] VGC 2023 Regulation C\n|rated|\n|rule|Species Clause: Limit one of each Pok\u00e9mon\n|rule|Item Clause: Limit one of each item\n|clearpoke\n|poke|p1|Dragonite, L50, M|\n|poke|p1|Chi-Yu, L50|\n|poke|p1|Palafin, L50, F|\n|poke|p1|Amoonguss, L50, M|\n|poke|p1|Flutter Mane, L50|\n|poke|p1|Arcanine, L50, F|\n|poke|p2|Pincurchin, L50, F|\n|poke|p2|Sandy Shocks, L50|\n|poke|p2|Iron Hands, L50|\n|poke|p2|Iron Moth, L50|\n|poke|p2|Iron Treads, L50|\n|poke|p2|Rabsca, L50, M|\n|teampreview|4\n|inactive|Battle timer is ON: inactive players will automatically lose when time's up. (requested by Capralux)\nCJCUTest rejected open team sheets.\n|\n|t:|1681671965\n|start\n|switch|p1a: Palafin|Palafin, L50, F|100\/100\n|switch|p1b: Flutter Mane|Flutter Mane, L50|100\/100\n|switch|p2a: Pincurchin|Pincurchin, L50, F|100\/100\n|switch|p2b: Sandy Shocks|Sandy Shocks, L50|100\/100\n|-fieldstart|move: Electric Terrain|[from] ability: Electric Surge|[of] p2a: Pincurchin\n|turn|1\n|inactive|CJCUTest has 30 seconds left.\n|inactive|Capralux has 30 seconds left.\n|inactive|CJCUTest has 20 seconds left.\n|inactive|Capralux has 20 seconds left.\n|inactive|CJCUTest has 15 seconds left.\n|inactive|Capralux has 15 seconds left.\n|inactive|CJCUTest has 10 seconds left.\n|inactive|Capralux has 10 seconds left.\n|inactive|Capralux has 5 seconds left.\n|\n|t:|1681672020\n|-terastallize|p1a: Palafin|Water\n|move|p1a: Palafin|Jet Punch|p2b: Sandy Shocks\n|-supereffective|p2b: Sandy Shocks\n|-damage|p2b: Sandy Shocks|9\/100\n|move|p1b: Flutter Mane|Dazzling Gleam|p2a: Pincurchin|[spread] p2a,p2b\n|-damage|p2a: Pincurchin|50\/100\n|-damage|p2b: Sandy Shocks|0 fnt\n|faint|p2b: Sandy Shocks\n|-end|p2b: Sandy Shocks|Protosynthesis|[silent]\n|-enditem|p2a: Pincurchin|Eject Button\n|\n|t:|1681672028\n|switch|p2a: Iron Treads|Iron Treads, L50|100\/100\n|-activate|p2a: Iron Treads|ability: Quark Drive\n|-start|p2a: Iron Treads|quarkdrivespe\n|\n|upkeep\n|\n|t:|1681672047\n|switch|p2b: Iron Hands|Iron Hands, L50|100\/100\n|-activate|p2b: Iron Hands|ability: Quark Drive\n|-start|p2b: Iron Hands|quarkdriveatk\n|turn|2\n|\n|t:|1681672062\n|detailschange|p1a: Palafin|Palafin-Hero, L50, F, tera:Water\n|switch|p1a: Arcanine|Arcanine, L50, F|100\/100\n|-ability|p1a: Arcanine|Intimidate|boost\n|-unboost|p2a: Iron Treads|atk|1\n|-unboost|p2b: Iron Hands|atk|1\n|move|p2b: Iron Hands|Fake Out|p1a: Arcanine\n|-damage|p1a: Arcanine|90\/100\n|move|p2a: Iron Treads|Iron Head|p1b: Flutter Mane\n|-supereffective|p1b: Flutter Mane\n|-damage|p1b: Flutter Mane|0 fnt\n|faint|p1b: Flutter Mane\n|-end|p1b: Flutter Mane|Protosynthesis|[silent]\n|\n|upkeep\n|\n|t:|1681672075\n|switch|p1b: Amoonguss|Amoonguss, L50, M|100\/100\n|turn|3\n|\n|t:|1681672092\n|-terastallize|p2a: Iron Treads|Ground\n|move|p1a: Arcanine|Protect|p1a: Arcanine\n|-singleturn|p1a: Arcanine|Protect\n|move|p2a: Iron Treads|Iron Head|p1b: Amoonguss\n|-damage|p1b: Amoonguss|69\/100\n|move|p2b: Iron Hands|Wild Charge|p1a: Arcanine\n|-activate|p1a: Arcanine|move: Protect\n|move|p1b: Amoonguss|Spore|p2a: Iron Treads\n|-activate|p2a: Iron Treads|move: Electric Terrain\n|\n|upkeep\n|turn|4\n|inactive|CJCUTest has 30 seconds left.\n|\n|t:|1681672120\n|move|p2a: Iron Treads|Iron Head|p1b: Amoonguss\n|-damage|p1b: Amoonguss|39\/100\n|-enditem|p1b: Amoonguss|Sitrus Berry|[eat]\n|-heal|p1b: Amoonguss|64\/100|[from] item: Sitrus Berry\n|move|p1a: Arcanine|Will-O-Wisp|p2a: Iron Treads\n|-status|p2a: Iron Treads|brn\n|move|p2b: Iron Hands|Wild Charge|p1a: Arcanine\n|-damage|p1a: Arcanine|37\/100\n|-damage|p2b: Iron Hands|91\/100|[from] Recoil\n|move|p1b: Amoonguss|Pollen Puff|p1a: Arcanine\n|-heal|p1a: Arcanine|87\/100\n|\n|-damage|p2a: Iron Treads|94\/100 brn|[from] brn\n|upkeep\n|turn|5\n|inactive|Capralux has 30 seconds left.\n|inactive|Capralux has 20 seconds left.\n|inactive|Capralux has 15 seconds left.\n|inactive|Capralux has 10 seconds left.\n|\n|t:|1681672169\n|-end|p2a: Iron Treads|Quark Drive|[silent]\n|switch|p2a: Pincurchin|Pincurchin, L50, F|50\/100\n|move|p1b: Amoonguss|Rage Powder|p1b: Amoonguss\n|-singleturn|p1b: Amoonguss|move: Rage Powder\n|move|p1a: Arcanine|Will-O-Wisp|p2b: Iron Hands\n|-status|p2b: Iron Hands|brn\n|move|p2b: Iron Hands|Wild Charge|p1b: Amoonguss\n|-resisted|p1b: Amoonguss\n|-damage|p1b: Amoonguss|55\/100\n|-damage|p2b: Iron Hands|89\/100 brn|[from] Recoil\n|\n|-damage|p2b: Iron Hands|82\/100 brn|[from] brn\n|-fieldend|move: Electric Terrain\n|-end|p2b: Iron Hands|Quark Drive\n|upkeep\n|turn|6\n|inactive|CJCUTest has 30 seconds left.\n|inactive|Capralux has 30 seconds left.\n|\n|t:|1681672195\n|switch|p1b: Palafin|Palafin-Hero, L50, F, tera:Water|100\/100\n|-activate|p1b: Palafin|ability: Zero to Hero\n|switch|p2a: Iron Treads|Iron Treads, L50, tera:Ground|94\/100 brn\n|move|p1a: Arcanine|Flare Blitz|p2a: Iron Treads\n|-damage|p2a: Iron Treads|43\/100 brn\n|-damage|p1a: Arcanine|72\/100|[from] Recoil\n|move|p2b: Iron Hands|Wild Charge|p1a: Arcanine\n|-damage|p1a: Arcanine|57\/100\n|-damage|p2b: Iron Hands|80\/100 brn|[from] Recoil\n|\n|-damage|p2a: Iron Treads|37\/100 brn|[from] brn\n|-damage|p2b: Iron Hands|74\/100 brn|[from] brn\n|upkeep\n|turn|7\n|\n|t:|1681672216\n|move|p1b: Palafin|Jet Punch|p2a: Iron Treads\n|-supereffective|p2a: Iron Treads\n|-damage|p2a: Iron Treads|0 fnt\n|faint|p2a: Iron Treads\n|-end|p2a: Iron Treads|Quark Drive|[silent]\n|move|p1a: Arcanine|Howl|p1a: Arcanine|[spread] p1a,p1b\n|-boost|p1a: Arcanine|atk|1\n|-boost|p1b: Palafin|atk|1\n|move|p2b: Iron Hands|Wild Charge|p1b: Palafin\n|-supereffective|p1b: Palafin\n|-damage|p1b: Palafin|75\/100\n|-damage|p2b: Iron Hands|69\/100 brn|[from] Recoil\n|\n|-damage|p2b: Iron Hands|63\/100 brn|[from] brn\n|upkeep\n|\n|t:|1681672228\n|switch|p2a: Pincurchin|Pincurchin, L50, F|50\/100\n|-fieldstart|move: Electric Terrain|[from] ability: Electric Surge|[of] p2a: Pincurchin\n|-activate|p2b: Iron Hands|ability: Quark Drive\n|-start|p2b: Iron Hands|quarkdrivedef\n|turn|8\n|\n|t:|1681672244\n|move|p1b: Palafin|Protect|p1b: Palafin\n|-singleturn|p1b: Palafin|Protect\n|move|p1a: Arcanine|Flare Blitz|p2a: Pincurchin\n|-damage|p2a: Pincurchin|0 fnt\n|faint|p2a: Pincurchin\n|-damage|p1a: Arcanine|45\/100|[from] Recoil\n|move|p2b: Iron Hands|Wild Charge|p1b: Palafin\n|-activate|p1b: Palafin|move: Protect\n|\n|-damage|p2b: Iron Hands|56\/100 brn|[from] brn\n|upkeep\n|turn|9\n|-message|Capralux forfeited.\n|\n|win|CJCUTest\n|raw|CJCUTest's rating: 1081 → 1108<\/strong> (+27 for winning)\n|raw|Capralux's rating: 1068 → 1049<\/strong> (-19 for losing)\n|l|\u2606Capralux\n","uploadtime":1681672259,"views":5,"p1id":"cjcutest","p2id":"capralux","formatid":"gen9vgc2023regulationc","rating":1049,"private":0,"password":""}