{"id":"gen9vgc2023regulationc-1854597084","p1":"pshyco soldier 3","p2":"Felipe.Miller.V","format":"[Gen 9] VGC 2023 Regulation C","log":"|j|\u2606pshyco soldier 3\n|j|\u2606Felipe.Miller.V\n|t:|1682833072\n|gametype|doubles\n|player|p1|pshyco soldier 3|misty-gen1rb|1090\n|player|p2|Felipe.Miller.V|266|1118\n|teamsize|p1|6\n|teamsize|p2|6\n|gen|9\n|tier|[Gen 9] VGC 2023 Regulation C\n|rated|\n|rule|Species Clause: Limit one of each Pok\u00e9mon\n|rule|Item Clause: Limit one of each item\n|clearpoke\n|poke|p1|Mimikyu, L50, M|\n|poke|p1|Garganacl, L50, F|\n|poke|p1|Iron Hands, L50|\n|poke|p1|Roaring Moon, L50|\n|poke|p1|Amoonguss, L50, F|\n|poke|p1|Iron Bundle, L50|\n|poke|p2|Drifblim, L50, M|\n|poke|p2|Forretress, L50, F|\n|poke|p2|Sylveon, L50, M|\n|poke|p2|Hatterene, L50, F|\n|poke|p2|Heracross, L50, F|\n|poke|p2|Oranguru, L50, M|\n|teampreview|4\n|c|\u2606pshyco soldier 3|heraBOSS\n|c|\u2606Felipe.Miller.V|:)\n|\n|t:|1682833114\n|start\n|switch|p1a: Garganacl|Garganacl, L50, F|100\/100\n|switch|p1b: Roaring Moon|Roaring Moon, L50|100\/100\n|switch|p2a: Forretress|Forretress, L50, F, shiny|100\/100\n|switch|p2b: Hatterene|Hatterene, L50, F, shiny|100\/100\n|-enditem|p1b: Roaring Moon|Booster Energy\n|-activate|p1b: Roaring Moon|ability: Protosynthesis|[fromitem]\n|-start|p1b: Roaring Moon|protosynthesisatk\n|turn|1\n|\n|t:|1682833132\n|move|p1b: Roaring Moon|Protect|p1b: Roaring Moon\n|-singleturn|p1b: Roaring Moon|Protect\n|move|p1a: Garganacl|Salt Cure|p2b: Hatterene\n|-damage|p2b: Hatterene|83\/100\n|-start|p2b: Hatterene|Salt Cure\n|move|p2a: Forretress|Curse|p2a: Forretress\n|-unboost|p2a: Forretress|spe|1\n|-boost|p2a: Forretress|atk|1\n|-boost|p2a: Forretress|def|1\n|move|p2b: Hatterene|Trick Room|p2b: Hatterene\n|-fieldstart|move: Trick Room|[of] p2b: Hatterene\n|\n|-damage|p2b: Hatterene|71\/100|[from] Salt Cure\n|upkeep\n|turn|2\n|\n|t:|1682833183\n|move|p1a: Garganacl|Wide Guard|p1a: Garganacl\n|-singleturn|p1a: Garganacl|Wide Guard\n|move|p2a: Forretress|Gyro Ball|p1a: Garganacl\n|-supereffective|p1a: Garganacl\n|-damage|p1a: Garganacl|54\/100\n|move|p2b: Hatterene|Dazzling Gleam|p1a: Garganacl|[spread] \n|-activate|p1a: Garganacl|move: Wide Guard\n|-activate|p1b: Roaring Moon|move: Wide Guard\n|move|p1b: Roaring Moon|Acrobatics|p2b: Hatterene\n|-damage|p2b: Hatterene|18\/100\n|\n|-heal|p1a: Garganacl|60\/100|[from] item: Leftovers\n|-damage|p2b: Hatterene|6\/100|[from] Salt Cure\n|upkeep\n|turn|3\n|\n|t:|1682833207\n|switch|p2b: Sylveon|Sylveon, L50, M, shiny|100\/100\n|-terastallize|p1a: Garganacl|Ghost\n|move|p1b: Roaring Moon|Protect|p1b: Roaring Moon\n|-singleturn|p1b: Roaring Moon|Protect\n|move|p2a: Forretress|Curse|p2a: Forretress\n|-unboost|p2a: Forretress|spe|1\n|-boost|p2a: Forretress|atk|1\n|-boost|p2a: Forretress|def|1\n|move|p1a: Garganacl|Recover|p1a: Garganacl\n|-heal|p1a: Garganacl|100\/100\n|\n|upkeep\n|turn|4\n|\n|t:|1682833230\n|-end|p1b: Roaring Moon|Protosynthesis|[silent]\n|switch|p1b: Iron Bundle|Iron Bundle, L50, shiny|100\/100\n|move|p2a: Forretress|Rock Slide|p1b: Iron Bundle|[spread] p1a,p1b\n|-supereffective|p1b: Iron Bundle\n|-damage|p1a: Garganacl|80\/100\n|-damage|p1b: Iron Bundle|17\/100\n|cant|p1a: Garganacl|flinch\n|move|p2b: Sylveon|Hyper Voice|p1b: Iron Bundle|[spread] p1a,p1b\n|-damage|p1a: Garganacl|35\/100\n|-damage|p1b: Iron Bundle|0 fnt\n|faint|p1b: Iron Bundle\n|-end|p1b: Iron Bundle|Quark Drive|[silent]\n|\n|-heal|p1a: Garganacl|41\/100|[from] item: Leftovers\n|upkeep\n|\n|t:|1682833251\n|switch|p1b: Roaring Moon|Roaring Moon, L50|100\/100\n|turn|5\n|\n|t:|1682833272\n|move|p1b: Roaring Moon|Protect|p1b: Roaring Moon\n|-singleturn|p1b: Roaring Moon|Protect\n|move|p2a: Forretress|Bug Bite|p1a: Garganacl\n|-resisted|p1a: Garganacl\n|-crit|p1a: Garganacl\n|-damage|p1a: Garganacl|15\/100\n|move|p1a: Garganacl|Recover|p1a: Garganacl\n|-heal|p1a: Garganacl|65\/100\n|move|p2b: Sylveon|Hyper Voice|p1b: Roaring Moon|[spread] p1a\n|-activate|p1b: Roaring Moon|move: Protect\n|-damage|p1a: Garganacl|21\/100\n|\n|-heal|p1a: Garganacl|27\/100|[from] item: Leftovers\n|-fieldend|move: Trick Room\n|upkeep\n|turn|6\n|\n|t:|1682833289\n|move|p1b: Roaring Moon|Throat Chop|p2b: Sylveon\n|-resisted|p2b: Sylveon\n|-damage|p2b: Sylveon|75\/100\n|-start|p2b: Sylveon|Throat Chop|[silent]\n|cant|p2b: Sylveon|move: Throat Chop\n|move|p1a: Garganacl|Recover|p1a: Garganacl\n|-heal|p1a: Garganacl|77\/100\n|move|p2a: Forretress|Rock Slide|p1b: Roaring Moon|[spread] p1a,p1b\n|-damage|p1a: Garganacl|56\/100\n|-damage|p1b: Roaring Moon|64\/100\n|\n|-heal|p1a: Garganacl|61\/100|[from] item: Leftovers\n|upkeep\n|turn|7\n|\n|t:|1682833311\n|switch|p2b: Hatterene|Hatterene, L50, F, shiny|6\/100\n|move|p1b: Roaring Moon|Throat Chop|p2b: Hatterene\n|-damage|p2b: Hatterene|0 fnt\n|faint|p2b: Hatterene\n|move|p1a: Garganacl|Recover|p1a: Garganacl\n|-heal|p1a: Garganacl|100\/100\n|move|p2a: Forretress|Curse|p2a: Forretress\n|-unboost|p2a: Forretress|spe|1\n|-boost|p2a: Forretress|atk|1\n|-boost|p2a: Forretress|def|1\n|\n|upkeep\n|\n|t:|1682833327\n|switch|p2b: Sylveon|Sylveon, L50, M, shiny|75\/100\n|turn|8\n|\n|t:|1682833355\n|move|p1b: Roaring Moon|Protect|p1b: Roaring Moon\n|-singleturn|p1b: Roaring Moon|Protect\n|move|p2b: Sylveon|Shadow Ball|p1a: Garganacl\n|-supereffective|p1a: Garganacl\n|-damage|p1a: Garganacl|72\/100\n|move|p1a: Garganacl|Salt Cure|p2b: Sylveon\n|-damage|p2b: Sylveon|59\/100\n|-start|p2b: Sylveon|Salt Cure\n|move|p2a: Forretress|Rock Slide|p1a: Garganacl|[spread] p1a\n|-activate|p1b: Roaring Moon|move: Protect\n|-damage|p1a: Garganacl|44\/100\n|\n|-heal|p1a: Garganacl|50\/100|[from] item: Leftovers\n|-damage|p2b: Sylveon|47\/100|[from] Salt Cure\n|upkeep\n|turn|9\n|\n|t:|1682833373\n|move|p1b: Roaring Moon|Acrobatics|p2b: Sylveon\n|-damage|p2b: Sylveon|0 fnt\n|faint|p2b: Sylveon\n|move|p1a: Garganacl|Recover|p1a: Garganacl\n|-heal|p1a: Garganacl|99\/100\n|move|p2a: Forretress|Curse|p2a: Forretress\n|-unboost|p2a: Forretress|spe|1\n|-boost|p2a: Forretress|atk|1\n|-boost|p2a: Forretress|def|1\n|\n|-heal|p1a: Garganacl|100\/100|[from] item: Leftovers\n|upkeep\n|\n|t:|1682833384\n|switch|p2b: Heracross|Heracross, L50, F, shiny|100\/100\n|turn|10\n|inactive|Battle timer is ON: inactive players will automatically lose when time's up. (requested by pshyco soldier 3)\n|\n|t:|1682833432\n|move|p2b: Heracross|Protect|p2b: Heracross\n|-singleturn|p2b: Heracross|Protect\n|move|p1b: Roaring Moon|Acrobatics|p2b: Heracross\n|-activate|p2b: Heracross|move: Protect\n|move|p1a: Garganacl|Salt Cure|p2a: Forretress\n|-damage|p2a: Forretress|97\/100\n|-start|p2a: Forretress|Salt Cure\n|move|p2a: Forretress|Gyro Ball|p1b: Roaring Moon\n|-crit|p1b: Roaring Moon\n|-damage|p1b: Roaring Moon|0 fnt\n|faint|p1b: Roaring Moon\n|-end|p1b: Roaring Moon|Protosynthesis|[silent]\n|\n|-heal|p2a: Forretress|100\/100|[from] item: Leftovers\n|-damage|p2a: Forretress|76\/100|[from] Salt Cure\n|upkeep\n|\n|t:|1682833443\n|switch|p1b: Mimikyu|Mimikyu, L50, M|100\/100\n|turn|11\n|inactive|Felipe.Miller.V has 30 seconds left.\n|\n|t:|1682833471\n|-terastallize|p2b: Heracross|Grass\n|move|p1b: Mimikyu|Play Rough|p2b: Heracross|[miss]\n|-miss|p1b: Mimikyu|p2b: Heracross\n|move|p2b: Heracross|Bullet Seed|p1b: Mimikyu\n|-activate|p1b: Mimikyu|ability: Disguise\n|-damage|p1b: Mimikyu|100\/100\n|detailschange|p1b: Mimikyu|Mimikyu-Busted, L50, M\n|-damage|p1b: Mimikyu|88\/100|[from] pokemon: Mimikyu-Busted\n|-damage|p1b: Mimikyu|67\/100\n|-damage|p1b: Mimikyu|43\/100\n|-damage|p1b: Mimikyu|21\/100\n|-hitcount|p1b: Mimikyu|4\n|move|p1a: Garganacl|Salt Cure|p2b: Heracross\n|-damage|p2b: Heracross|84\/100\n|-start|p2b: Heracross|Salt Cure\n|move|p2a: Forretress|Gyro Ball|p1a: Garganacl\n|-damage|p1a: Garganacl|15\/100\n|\n|-heal|p1a: Garganacl|20\/100|[from] item: Leftovers\n|-heal|p2a: Forretress|82\/100|[from] item: Leftovers\n|-damage|p2b: Heracross|72\/100|[from] Salt Cure\n|-damage|p2a: Forretress|57\/100|[from] Salt Cure\n|upkeep\n|turn|12\n|inactive|Felipe.Miller.V has 30 seconds left.\n|\n|t:|1682833505\n|move|p2b: Heracross|Protect|p2b: Heracross\n|-singleturn|p2b: Heracross|Protect\n|move|p1a: Garganacl|Protect|p1a: Garganacl\n|-singleturn|p1a: Garganacl|Protect\n|move|p1b: Mimikyu|Curse|p2a: Forretress\n|-start|p2a: Forretress|Curse|[of] p1b: Mimikyu\n|-damage|p1b: Mimikyu|0 fnt\n|faint|p1b: Mimikyu\n|move|p2a: Forretress|Rock Slide|p1a: Garganacl\n|-activate|p1a: Garganacl|move: Protect\n|\n|-heal|p1a: Garganacl|26\/100|[from] item: Leftovers\n|-heal|p2a: Forretress|63\/100|[from] item: Leftovers\n|-damage|p2a: Forretress|38\/100|[from] Curse\n|-damage|p2b: Heracross|59\/100|[from] Salt Cure\n|-damage|p2a: Forretress|14\/100|[from] Salt Cure\n|upkeep\n|turn|13\n|inactive|pshyco soldier 3 has 30 seconds left.\n|\n|t:|1682833534\n|move|p1a: Garganacl|Protect||[still]\n|-fail|p1a: Garganacl\n|move|p2b: Heracross|Bullet Seed|p1a: Garganacl\n|-damage|p1a: Garganacl|16\/100\n|-damage|p1a: Garganacl|7\/100\n|-damage|p1a: Garganacl|0 fnt\n|faint|p1a: Garganacl\n|-hitcount|p1: Garganacl|3\n|\n|win|Felipe.Miller.V\n|raw|pshyco soldier 3's rating: 1070 → 1052<\/strong> (-18 for losing)\n|raw|Felipe.Miller.V's rating: 1118 → 1140<\/strong> (+22 for winning)\n|l|\u2606pshyco soldier 3\n","uploadtime":1682833545,"views":22,"p1id":"pshycosoldier3","p2id":"felipemillerv","formatid":"gen9vgc2023regulationc","rating":1052,"private":0,"password":""}