{"id":"gen9vgc2023regulationc-1847437123","p1":"fashodat","p2":"jick mo","format":"[Gen 9] VGC 2023 Regulation C","log":"|j|\u2606fashodat\n|j|\u2606jick mo\n|t:|1681954993\n|gametype|doubles\n|player|p1|fashodat|hiker-gen4|1190\n|player|p2|jick mo|veteran|1264\n|teamsize|p1|6\n|teamsize|p2|6\n|gen|9\n|tier|[Gen 9] VGC 2023 Regulation C\n|rated|\n|rule|Species Clause: Limit one of each Pok\u00e9mon\n|rule|Item Clause: Limit one of each item\n|clearpoke\n|poke|p1|Breloom, L50, F|\n|poke|p1|Ting-Lu, L50|\n|poke|p1|Kilowattrel, L50, F|\n|poke|p1|Scizor, L50, F|\n|poke|p1|Iron Bundle, L50|\n|poke|p1|Ceruledge, L50, F|\n|poke|p2|Chien-Pao, L50|\n|poke|p2|Flutter Mane, L50|\n|poke|p2|Amoonguss, L50, M|\n|poke|p2|Arcanine, L50, M|\n|poke|p2|Palafin, L50, M|\n|poke|p2|Ting-Lu, L50|\n|teampreview|4\n|\n|t:|1681955014\n|start\n|switch|p1a: Breloom|Breloom, L50, F|100\/100\n|switch|p1b: Ting-Lu|Ting-Lu, L50|100\/100\n|switch|p2a: Manual|Palafin, L50, M|100\/100\n|switch|p2b: Ting-Ling|Ting-Lu, L50|100\/100\n|-ability|p2b: Ting-Ling|Vessel of Ruin\n|-ability|p1b: Ting-Lu|Vessel of Ruin\n|turn|1\n|\n|t:|1681955033\n|detailschange|p2a: Manual|Palafin-Hero, L50, M\n|switch|p2a: Irmao|Amoonguss, L50, M, shiny|100\/100\n|move|p1a: Breloom|Spore|p2b: Ting-Ling\n|-status|p2b: Ting-Ling|slp|[from] move: Spore\n|move|p1b: Ting-Lu|Fissure|p2a: Irmao|[miss]\n|-miss|p1b: Ting-Lu|p2a: Irmao\n|cant|p2b: Ting-Ling|slp\n|\n|upkeep\n|turn|2\n|\n|t:|1681955047\n|move|p1a: Breloom|Bullet Seed|p2b: Ting-Ling\n|-supereffective|p2b: Ting-Ling\n|-crit|p2b: Ting-Ling\n|-damage|p2b: Ting-Ling|66\/100 slp\n|-supereffective|p2b: Ting-Ling\n|-damage|p2b: Ting-Ling|45\/100 slp\n|-supereffective|p2b: Ting-Ling\n|-damage|p2b: Ting-Ling|24\/100 slp\n|-supereffective|p2b: Ting-Ling\n|-damage|p2b: Ting-Ling|1\/100 slp\n|-supereffective|p2b: Ting-Ling\n|-damage|p2b: Ting-Ling|0 fnt\n|faint|p2b: Ting-Ling\n|-hitcount|p2: Ting-Ling|5\n|move|p1b: Ting-Lu|Fissure|p2a: Irmao\n|-damage|p2a: Irmao|0 fnt\n|faint|p2a: Irmao\n|-ohko\n|\n|upkeep\n|\n|t:|1681955061\n|switch|p2b: Magis|Flutter Mane, L50, shiny|100\/100\n|switch|p2a: Manual|Palafin-Hero, L50, M|100\/100\n|-activate|p2a: Manual|ability: Zero to Hero\n|turn|3\n|\n|t:|1681955077\n|-terastallize|p2b: Magis|Fairy\n|move|p2b: Magis|Moonblast|p1a: Breloom\n|-supereffective|p1a: Breloom\n|-damage|p1a: Breloom|0 fnt\n|faint|p1a: Breloom\n|-damage|p2b: Magis|91\/100|[from] item: Life Orb\n|move|p2a: Manual|Wave Crash|p1b: Ting-Lu\n|-supereffective|p1b: Ting-Lu\n|-damage|p1b: Ting-Lu|17\/100\n|-damage|p2a: Manual|61\/100|[from] Recoil\n|move|p1b: Ting-Lu|Heavy Slam|p2b: Magis\n|-supereffective|p2b: Magis\n|-damage|p2b: Magis|0 fnt\n|faint|p2b: Magis\n|-end|p2b: Magis|Protosynthesis|[silent]\n|\n|upkeep\n|\n|t:|1681955096\n|switch|p1a: Ceruledge|Ceruledge, L50, F|100\/100\n|turn|4\n|\n|t:|1681955106\n|move|p1a: Ceruledge|Protect|p1a: Ceruledge\n|-singleturn|p1a: Ceruledge|Protect\n|move|p2a: Manual|Wave Crash|p1a: Ceruledge\n|-activate|p1a: Ceruledge|move: Protect\n|move|p1b: Ting-Lu|Fissure|p2a: Manual|[miss]\n|-miss|p1b: Ting-Lu|p2a: Manual\n|\n|upkeep\n|turn|5\n|\n|t:|1681955117\n|move|p1a: Ceruledge|Shadow Sneak|p2a: Manual\n|-damage|p2a: Manual|40\/100\n|move|p2a: Manual|Wave Crash|p1a: Ceruledge\n|-supereffective|p1a: Ceruledge\n|-damage|p1a: Ceruledge|0 fnt\n|faint|p1a: Ceruledge\n|-damage|p2a: Manual|10\/100|[from] Recoil\n|move|p1b: Ting-Lu|Body Press|p2a: Manual\n|-damage|p2a: Manual|0 fnt\n|faint|p2a: Manual\n|\n|win|fashodat\n|raw|fashodat's rating: 1190 → 1220<\/strong> (+30 for winning)\n|raw|jick mo's rating: 1264 → 1234<\/strong> (-30 for losing)\n|l|\u2606jick mo\n|l|\u2606fashodat\n|j| SweetSerenityGrace\n","uploadtime":1681955377,"views":10,"p1id":"fashodat","p2id":"jickmo","formatid":"gen9vgc2023regulationc","rating":1220,"private":0,"password":""}