{"id":"gen9vgc2023regulationc-1858648512","p1":"SpeedyBlu","p2":"fs4sg8r4777","format":"[Gen 9] VGC 2023 Regulation C","log":"|j|\u2606SpeedyBlu\n|j|\u2606fs4sg8r4777\n|t:|1683337134\n|gametype|doubles\n|player|p1|SpeedyBlu|bea|1049\n|player|p2|fs4sg8r4777|silver|1000\n|teamsize|p1|6\n|teamsize|p2|6\n|gen|9\n|tier|[Gen 9] VGC 2023 Regulation C\n|rated|\n|rule|Species Clause: Limit one of each Pok\u00e9mon\n|rule|Item Clause: Limit one of each item\n|clearpoke\n|poke|p1|Flutter Mane, L50|\n|poke|p1|Amoonguss, L50, M|\n|poke|p1|Arcanine, L50, F|\n|poke|p1|Lucario, L50, F|\n|poke|p1|Gothorita, L50, F|\n|poke|p1|Iron Bundle, L50|\n|poke|p2|Chi-Yu, L50|\n|poke|p2|Hydreigon, L50, M|\n|poke|p2|Gholdengo, L50|\n|poke|p2|Annihilape, L50, M|\n|poke|p2|Indeedee-F, L50, F|\n|poke|p2|Murkrow, L50, F|\n|teampreview|4\n|c|\u2606SpeedyBlu|glhf\nSpeedyBlu rejected open team sheets.\n|inactive|Battle timer is ON: inactive players will automatically lose when time's up. (requested by fs4sg8r4777)\n|inactive|fs4sg8r4777 has 60 seconds left.\n|\n|t:|1683337185\n|start\n|switch|p1a: Flutter Mane|Flutter Mane, L50|100\/100\n|switch|p1b: Amoonguss|Amoonguss, L50, M, shiny|100\/100\n|switch|p2a: Annihilape|Annihilape, L50, M|100\/100\n|switch|p2b: Indeedee|Indeedee-F, L50, F|100\/100\n|-fieldstart|move: Psychic Terrain|[from] ability: Psychic Surge|[of] p2b: Indeedee\n|-enditem|p2b: Indeedee|Psychic Seed\n|-boost|p2b: Indeedee|spd|1|[from] item: Psychic Seed\n|turn|1\n|\n|t:|1683337208\n|-terastallize|p2a: Annihilape|Fire\n|move|p1b: Amoonguss|Protect|p1b: Amoonguss\n|-singleturn|p1b: Amoonguss|Protect\n|move|p2b: Indeedee|Follow Me|p2b: Indeedee\n|-singleturn|p2b: Indeedee|move: Follow Me\n|move|p1a: Flutter Mane|Moonblast|p2b: Indeedee\n|-damage|p2b: Indeedee|68\/100\n|-unboost|p2b: Indeedee|spa|1\n|move|p2a: Annihilape|Bulk Up|p2a: Annihilape\n|-boost|p2a: Annihilape|atk|1\n|-boost|p2a: Annihilape|def|1\n|\n|upkeep\n|turn|2\n|\n|t:|1683337229\n|move|p2b: Indeedee|Follow Me|p2b: Indeedee\n|-singleturn|p2b: Indeedee|move: Follow Me\n|move|p1a: Flutter Mane|Perish Song|p1a: Flutter Mane\n|-start|p1a: Flutter Mane|perish3|[silent]\n|-start|p1b: Amoonguss|perish3|[silent]\n|-start|p2a: Annihilape|perish3|[silent]\n|-start|p2b: Indeedee|perish3|[silent]\n|-fieldactivate|move: Perish Song\n|move|p2a: Annihilape|Rage Fist|p1a: Flutter Mane\n|-supereffective|p1a: Flutter Mane\n|-enditem|p1a: Flutter Mane|Focus Sash\n|-damage|p1a: Flutter Mane|1\/100\n|move|p1b: Amoonguss|Pollen Puff|p2b: Indeedee\n|-supereffective|p2b: Indeedee\n|-damage|p2b: Indeedee|44\/100\n|\n|-start|p1a: Flutter Mane|perish3\n|-start|p2a: Annihilape|perish3\n|-start|p2b: Indeedee|perish3\n|-start|p1b: Amoonguss|perish3\n|upkeep\n|turn|3\n|inactive|fs4sg8r4777 has 30 seconds left.\n|\n|t:|1683337255\n|move|p2b: Indeedee|Helping Hand|p2a: Annihilape\n|-singleturn|p2a: Annihilape|Helping Hand|[of] p2b: Indeedee\n|move|p1a: Flutter Mane|Protect|p1a: Flutter Mane\n|-singleturn|p1a: Flutter Mane|Protect\n|move|p2a: Annihilape|Rage Fist|p1b: Amoonguss\n|-damage|p1b: Amoonguss|62\/100\n|move|p1b: Amoonguss|Spore|p2b: Indeedee\n|-status|p2b: Indeedee|slp|[from] move: Spore\n|\n|-start|p1a: Flutter Mane|perish2\n|-start|p2a: Annihilape|perish2\n|-start|p2b: Indeedee|perish2\n|-start|p1b: Amoonguss|perish2\n|upkeep\n|turn|4\n|inactive|fs4sg8r4777 has 30 seconds left.\n|\n|t:|1683337282\n|switch|p2a: Gholdengo|Gholdengo, L50|100\/100\n|switch|p2b: Murkrow|Murkrow, L50, F|100\/100\n|move|p1a: Flutter Mane|Shadow Ball|p2a: Gholdengo\n|-supereffective|p2a: Gholdengo\n|-damage|p2a: Gholdengo|5\/100\n|move|p1b: Amoonguss|Spore|p2a: Gholdengo\n|-immune|p2a: Gholdengo|[from] ability: Good as Gold\n|\n|-start|p1a: Flutter Mane|perish1\n|-start|p1b: Amoonguss|perish1\n|upkeep\n|turn|5\n|inactive|fs4sg8r4777 has 30 seconds left.\n|\n|t:|1683337310\n|switch|p1b: Lucario|Lucario, L50, F, shiny|100\/100\n|move|p2b: Murkrow|Tailwind|p2b: Murkrow\n|-sidestart|p2: fs4sg8r4777|move: Tailwind\n|move|p2a: Gholdengo|Make It Rain|p1a: Flutter Mane|[spread] p1a,p1b\n|-supereffective|p1a: Flutter Mane\n|-resisted|p1b: Lucario\n|-damage|p1a: Flutter Mane|0 fnt\n|-damage|p1b: Lucario|43\/100\n|-unboost|p2a: Gholdengo|spa|1\n|faint|p1a: Flutter Mane\n|-end|p1a: Flutter Mane|Protosynthesis|[silent]\n|-damage|p2a: Gholdengo|0 fnt|[from] item: Life Orb\n|faint|p2a: Gholdengo\n|\n|-fieldend|move: Psychic Terrain\n|upkeep\n|inactive|SpeedyBlu has 30 seconds left.\n|\n|t:|1683337335\n|switch|p1a: Amoonguss|Amoonguss, L50, M, shiny|95\/100\n|switch|p2a: Annihilape|Annihilape, L50, M, tera:Fire|100\/100\n|turn|6\n|\n|t:|1683337358\n|move|p2a: Annihilape|Protect|p2a: Annihilape\n|-singleturn|p2a: Annihilape|Protect\n|move|p1a: Amoonguss|Rage Powder|p1a: Amoonguss\n|-singleturn|p1a: Amoonguss|move: Rage Powder\n|move|p2b: Murkrow|Foul Play|p1a: Amoonguss\n|-damage|p1a: Amoonguss|74\/100\n|move|p1b: Lucario|Swords Dance|p1b: Lucario\n|-boost|p1b: Lucario|atk|2\n|\n|upkeep\n|turn|7\n|\n|t:|1683337378\n|move|p1b: Lucario|Protect|p1b: Lucario\n|-singleturn|p1b: Lucario|Protect\n|move|p2b: Murkrow|Haze|p2b: Murkrow\n|-clearallboost\n|move|p2a: Annihilape|Rage Fist|p1b: Lucario\n|-activate|p1b: Lucario|move: Protect\n|move|p1a: Amoonguss|Spore|p2a: Annihilape\n|-status|p2a: Annihilape|slp|[from] move: Spore\n|\n|upkeep\n|turn|8\n|\n|t:|1683337392\n|cant|p2a: Annihilape|slp\n|move|p2b: Murkrow|Foul Play|p1b: Lucario\n|-resisted|p1b: Lucario\n|-crit|p1b: Lucario\n|-damage|p1b: Lucario|0 fnt\n|faint|p1b: Lucario\n|move|p1a: Amoonguss|Spore|p2b: Murkrow\n|-status|p2b: Murkrow|slp|[from] move: Spore\n|\n|-sideend|p2: fs4sg8r4777|move: Tailwind\n|upkeep\n|\n|t:|1683337398\n|switch|p1b: Iron Bundle|Iron Bundle, L50|100\/100\n|-enditem|p1b: Iron Bundle|Booster Energy\n|-activate|p1b: Iron Bundle|ability: Quark Drive|[fromitem]\n|-start|p1b: Iron Bundle|quarkdrivespe\n|turn|9\n|\n|t:|1683337417\n|-terastallize|p1b: Iron Bundle|Water\n|cant|p2a: Annihilape|slp\n|cant|p2b: Murkrow|slp\n|move|p1b: Iron Bundle|Hydro Pump|p2a: Annihilape\n|-supereffective|p2a: Annihilape\n|-damage|p2a: Annihilape|0 fnt\n|faint|p2a: Annihilape\n|move|p1a: Amoonguss|Spore|p2b: Murkrow\n|-fail|p2b: Murkrow|slp\n|\n|upkeep\n|-message|fs4sg8r4777 forfeited.\n|\n|win|SpeedyBlu\n|raw|SpeedyBlu's rating: 1080 → 1102<\/strong> (+22 for winning)\n|raw|fs4sg8r4777's rating: 1000 → 1000<\/strong> (+0 for losing)\n|l|\u2606fs4sg8r4777\n","uploadtime":1683337434,"views":16,"p1id":"speedyblu","p2id":"fs4sg8r4777","formatid":"gen9vgc2023regulationc","rating":1000,"private":0,"password":""}