{"id":"gen9vgc2023regulationc-1846608627","p1":"SrGrinch","p2":"mr_moshepit","format":"[Gen 9] VGC 2023 Regulation C","log":"|j|\u2606SrGrinch\n|j|\u2606mr_moshepit\n|t:|1681856801\n|gametype|doubles\n|player|p1|SrGrinch|wattson|1345\n|player|p2|mr_moshepit|hilbert|1365\n|teamsize|p1|6\n|teamsize|p2|6\n|gen|9\n|tier|[Gen 9] VGC 2023 Regulation C\n|rated|\n|rule|Species Clause: Limit one of each Pok\u00e9mon\n|rule|Item Clause: Limit one of each item\n|clearpoke\n|poke|p1|Torkoal, L50, M|\n|poke|p1|Flutter Mane, L50|\n|poke|p1|Chi-Yu, L50|\n|poke|p1|Great Tusk, L50|\n|poke|p1|Rotom-Wash, L50|\n|poke|p1|Chien-Pao, L50|\n|poke|p2|Ting-Lu, L50|\n|poke|p2|Flutter Mane, L50|\n|poke|p2|Palafin, L50, M|\n|poke|p2|Arcanine, L50, M|\n|poke|p2|Iron Hands, L50|\n|poke|p2|Amoonguss, L50, F|\n|teampreview|4\n|\n|t:|1681856861\n|start\n|switch|p1a: Torkoal|Torkoal, L50, M|100\/100\n|switch|p1b: Great Tusk|Great Tusk, L50|100\/100\n|switch|p2a: Arcanine|Arcanine, L50, M|100\/100\n|switch|p2b: Flutter Mane|Flutter Mane, L50|100\/100\n|-ability|p2a: Arcanine|Intimidate|boost\n|-unboost|p1a: Torkoal|atk|1\n|-unboost|p1b: Great Tusk|atk|1\n|-weather|SunnyDay|[from] ability: Drought|[of] p1a: Torkoal\n|-activate|p2b: Flutter Mane|ability: Protosynthesis\n|-start|p2b: Flutter Mane|protosynthesisspa\n|-activate|p1b: Great Tusk|ability: Protosynthesis\n|-start|p1b: Great Tusk|protosynthesisdef\n|turn|1\n|inactive|Battle timer is ON: inactive players will automatically lose when time's up. (requested by mr_moshepit)\n|inactive|SrGrinch has 60 seconds left.\n|inactive|mr_moshepit has 60 seconds left.\n|\n|t:|1681856917\n|-end|p2b: Flutter Mane|Protosynthesis|[silent]\n|switch|p2b: Maine|Ting-Lu, L50|100\/100\n|-ability|p2b: Maine|Vessel of Ruin\n|-end|p1b: Great Tusk|Protosynthesis|[silent]\n|switch|p1b: Flutter Mane|Flutter Mane, L50|100\/100\n|-activate|p1b: Flutter Mane|ability: Protosynthesis\n|-start|p1b: Flutter Mane|protosynthesisspe\n|move|p2a: Arcanine|Will-O-Wisp|p1b: Flutter Mane|[miss]\n|-miss|p2a: Arcanine|p1b: Flutter Mane\n|move|p1a: Torkoal|Yawn|p2a: Arcanine\n|-start|p2a: Arcanine|move: Yawn|[of] p1a: Torkoal\n|\n|-weather|SunnyDay|[upkeep]\n|upkeep\n|turn|2\n|inactive|mr_moshepit has 30 seconds left.\n|\n|t:|1681856943\n|-end|p1b: Flutter Mane|Protosynthesis|[silent]\n|switch|p1b: Great Tusk|Great Tusk, L50|100\/100\n|-activate|p1b: Great Tusk|ability: Protosynthesis\n|-start|p1b: Great Tusk|protosynthesisatk\n|move|p2a: Arcanine|Howl|p2a: Arcanine|[spread] p2a,p2b\n|-boost|p2a: Arcanine|atk|1\n|-boost|p2b: Maine|atk|1\n|move|p2b: Maine|Heavy Slam|p1b: Great Tusk\n|-damage|p1b: Great Tusk|77\/100\n|move|p1a: Torkoal|Yawn|p2b: Maine\n|-start|p2b: Maine|move: Yawn|[of] p1a: Torkoal\n|\n|-weather|SunnyDay|[upkeep]\n|-end|p2a: Arcanine|move: Yawn|[silent]\n|-status|p2a: Arcanine|slp\n|upkeep\n|turn|3\n|inactive|mr_moshepit has 30 seconds left.\n|inactive|mr_moshepit has 20 seconds left.\n|inactive|mr_moshepit has 15 seconds left.\n|\n|t:|1681856985\n|switch|p1a: Rotom|Rotom-Wash, L50|100\/100\n|move|p1b: Great Tusk|Earthquake|p2b: Maine|[spread] p2a,p2b\n|-immune|p1a: Rotom|[from] ability: Levitate\n|-supereffective|p2a: Arcanine\n|-damage|p2a: Arcanine|0 fnt\n|-damage|p2b: Maine|67\/100\n|faint|p2a: Arcanine\n|move|p2b: Maine|Stomping Tantrum|p1b: Great Tusk\n|-damage|p1b: Great Tusk|34\/100\n|\n|-weather|SunnyDay|[upkeep]\n|-heal|p2b: Maine|74\/100|[from] item: Leftovers\n|-end|p2b: Maine|move: Yawn|[silent]\n|-status|p2b: Maine|slp\n|upkeep\n|\n|t:|1681856998\n|switch|p2a: Flutter Mane|Flutter Mane, L50|100\/100\n|-activate|p2a: Flutter Mane|ability: Protosynthesis\n|-start|p2a: Flutter Mane|protosynthesisspa\n|turn|4\n|inactive|mr_moshepit has 30 seconds left.\n|\n|t:|1681857027\n|cant|p2b: Maine|slp\n|move|p2a: Flutter Mane|Shadow Ball|p1b: Great Tusk\n|-damage|p1b: Great Tusk|0 fnt\n|faint|p1b: Great Tusk\n|-end|p1b: Great Tusk|Protosynthesis|[silent]\n|move|p1a: Rotom|Hydro Pump|p2b: Maine\n|-supereffective|p2b: Maine\n|-damage|p2b: Maine|50\/100 slp\n|\n|-weather|SunnyDay|[upkeep]\n|-heal|p2b: Maine|56\/100 slp|[from] item: Leftovers\n|upkeep\n|\n|t:|1681857038\n|switch|p1b: Flutter Mane|Flutter Mane, L50|100\/100\n|-activate|p1b: Flutter Mane|ability: Protosynthesis\n|-start|p1b: Flutter Mane|protosynthesisspe\n|turn|5\n|\n|t:|1681857052\n|switch|p2b: Palafin|Palafin, L50, M|100\/100\n|-terastallize|p2a: Flutter Mane|Grass\n|move|p1b: Flutter Mane|Moonblast|p2b: Palafin\n|-crit|p2b: Palafin\n|-damage|p2b: Palafin|3\/100\n|move|p2a: Flutter Mane|Shadow Ball|p1b: Flutter Mane\n|-supereffective|p1b: Flutter Mane\n|-enditem|p1b: Flutter Mane|Focus Sash\n|-damage|p1b: Flutter Mane|1\/100\n|move|p1a: Rotom|Hydro Pump|p2b: Palafin\n|-resisted|p2b: Palafin\n|-damage|p2b: Palafin|0 fnt\n|faint|p2b: Palafin\n|\n|-weather|none\n|-end|p1b: Flutter Mane|Protosynthesis\n|-end|p2a: Flutter Mane|Protosynthesis\n|upkeep\n|\n|t:|1681857062\n|switch|p2b: Maine|Ting-Lu, L50|56\/100 slp\n|-ability|p2b: Maine|Vessel of Ruin\n|turn|6\n|\n|t:|1681857072\n|-curestatus|p2b: Maine|slp|[msg]\n|move|p2b: Maine|Protect|p2b: Maine\n|-singleturn|p2b: Maine|Protect\n|move|p1b: Flutter Mane|Icy Wind|p2b: Maine|[spread] \n|-activate|p2b: Maine|move: Protect\n|-miss|p1b: Flutter Mane|p2a: Flutter Mane\n|move|p2a: Flutter Mane|Shadow Ball|p1b: Flutter Mane\n|-supereffective|p1b: Flutter Mane\n|-damage|p1b: Flutter Mane|0 fnt\n|faint|p1b: Flutter Mane\n|-end|p1b: Flutter Mane|Protosynthesis|[silent]\n|move|p1a: Rotom|Hydro Pump|p2b: Maine\n|-activate|p2b: Maine|move: Protect\n|\n|-heal|p2b: Maine|62\/100|[from] item: Leftovers\n|upkeep\n|\n|t:|1681857088\n|switch|p1b: Torkoal|Torkoal, L50, M|100\/100\n|-weather|SunnyDay|[from] ability: Drought|[of] p1b: Torkoal\n|-activate|p2a: Flutter Mane|ability: Protosynthesis\n|-start|p2a: Flutter Mane|protosynthesisspa\n|turn|7\n|\n|t:|1681857104\n|move|p2a: Flutter Mane|Shadow Ball|p1b: Torkoal\n|-damage|p1b: Torkoal|19\/100\n|move|p1a: Rotom|Will-O-Wisp|p2b: Maine\n|-status|p2b: Maine|brn\n|move|p2b: Maine|Stomping Tantrum|p1b: Torkoal\n|-supereffective|p1b: Torkoal\n|-damage|p1b: Torkoal|0 fnt\n|faint|p1b: Torkoal\n|\n|-weather|SunnyDay|[upkeep]\n|-heal|p2b: Maine|68\/100 brn|[from] item: Leftovers\n|-damage|p2b: Maine|62\/100 brn|[from] brn\n|upkeep\n|turn|8\n|\n|t:|1681857126\n|-terastallize|p1a: Rotom|Electric\n|move|p2a: Flutter Mane|Shadow Ball|p1a: Rotom\n|-damage|p1a: Rotom|33\/100\n|-enditem|p1a: Rotom|Sitrus Berry|[eat]\n|-heal|p1a: Rotom|58\/100|[from] item: Sitrus Berry\n|move|p1a: Rotom|Thunderbolt|p2a: Flutter Mane\n|-resisted|p2a: Flutter Mane\n|-damage|p2a: Flutter Mane|82\/100\n|move|p2b: Maine|Ruination|p1a: Rotom\n|-damage|p1a: Rotom|29\/100\n|\n|-weather|SunnyDay|[upkeep]\n|-heal|p2b: Maine|68\/100 brn|[from] item: Leftovers\n|-damage|p2b: Maine|62\/100 brn|[from] brn\n|upkeep\n|turn|9\n|-message|SrGrinch forfeited.\n|\n|win|mr_moshepit\n|raw|SrGrinch's rating: 1345 → 1326<\/strong> (-19 for losing)\n|raw|mr_moshepit's rating: 1365 → 1384<\/strong> (+19 for winning)\n|l|\u2606SrGrinch\n","uploadtime":1681857149,"views":8,"p1id":"srgrinch","p2id":"mrmoshepit","formatid":"gen9vgc2023regulationc","rating":1326,"private":0,"password":""}