{"id":"gen9vgc2023regulationc-1860628676","p1":"bpinela","p2":"sgarli74","format":"[Gen 9] VGC 2023 Regulation C","log":"|j|\u2606bpinela\n|j|\u2606sgarli74\n|t:|1683660509\n|gametype|doubles\n|player|p1|bpinela|kimonogirl|\n|player|p2|sgarli74|265|\n|teamsize|p1|6\n|teamsize|p2|6\n|gen|9\n|tier|[Gen 9] VGC 2023 Regulation C\n|rule|Species Clause: Limit one of each Pok\u00e9mon\n|rule|Item Clause: Limit one of each item\n|clearpoke\n|poke|p1|Ting-Lu, L50|\n|poke|p1|Annihilape, L50, M|\n|poke|p1|Corviknight, L50, F|\n|poke|p1|Iron Moth, L50|\n|poke|p1|Grimmsnarl, L50, M|\n|poke|p1|Gholdengo, L50|\n|poke|p2|Talonflame, L50, F|\n|poke|p2|Chi-Yu, L50|\n|poke|p2|Flutter Mane, L50|\n|poke|p2|Rotom-Wash, L50|\n|poke|p2|Baxcalibur, L50, M|\n|poke|p2|Iron Bundle, L50|\n|teampreview|4\n|c|\u2606sgarli74|g2\nbpinela has agreed to open team sheets.\nsgarli74 has agreed to open team sheets.\n|\n|t:|1683660861\n|start\n|switch|p1a: rj|Iron Moth, L50|100\/100\n|switch|p1b: angrybird|Corviknight, L50, F|100\/100\n|switch|p2a: Iron Bundle|Iron Bundle, L50|100\/100\n|switch|p2b: Rotom|Rotom-Wash, L50|100\/100\n|-enditem|p2a: Iron Bundle|Booster Energy\n|-activate|p2a: Iron Bundle|ability: Quark Drive|[fromitem]\n|-start|p2a: Iron Bundle|quarkdrivespe\n|-enditem|p1a: rj|Booster Energy\n|-activate|p1a: rj|ability: Quark Drive|[fromitem]\n|-start|p1a: rj|quarkdrivespa\n|turn|1\n|\n|t:|1683660896\n|-terastallize|p1a: rj|Grass\n|move|p2a: Iron Bundle|Protect|p2a: Iron Bundle\n|-singleturn|p2a: Iron Bundle|Protect\n|move|p1a: rj|Energy Ball|p2a: Iron Bundle\n|-activate|p2a: Iron Bundle|move: Protect\n|move|p2b: Rotom|Nasty Plot|p2b: Rotom\n|-boost|p2b: Rotom|spa|2\n|move|p1b: angrybird|Tailwind|p1b: angrybird\n|-sidestart|p1: bpinela|move: Tailwind\n|\n|upkeep\n|turn|2\n|\n|t:|1683660931\n|-terastallize|p2b: Rotom|Electric\n|move|p1a: rj|Energy Ball|p2a: Iron Bundle\n|-supereffective|p2a: Iron Bundle\n|-damage|p2a: Iron Bundle|0 fnt\n|faint|p2a: Iron Bundle\n|-end|p2a: Iron Bundle|Quark Drive|[silent]\n|move|p1b: angrybird|Brave Bird|p2b: Rotom\n|-resisted|p2b: Rotom\n|-damage|p2b: Rotom|79\/100\n|-damage|p1b: angrybird|95\/100|[from] Recoil\n|move|p2b: Rotom|Thunderbolt|p1b: angrybird\n|-supereffective|p1b: angrybird\n|-damage|p1b: angrybird|0 fnt\n|faint|p1b: angrybird\n|\n|upkeep\n|\n|t:|1683660945\n|switch|p2a: Chi-Yu|Chi-Yu, L50|100\/100\n|switch|p1b: martelo|Ting-Lu, L50|100\/100\n|-ability|p1b: martelo|Vessel of Ruin\n|-ability|p2a: Chi-Yu|Beads of Ruin\n|turn|3\n|\n|t:|1683660962\n|move|p1a: rj|Fiery Dance|p2b: Rotom\n|-damage|p2b: Rotom|20\/100\n|-boost|p1a: rj|spa|1\n|move|p1b: martelo|Stomping Tantrum|p2a: Chi-Yu\n|-supereffective|p2a: Chi-Yu\n|-damage|p2a: Chi-Yu|11\/100\n|move|p2a: Chi-Yu|Heat Wave|p1a: rj|[spread] p1a,p1b\n|-supereffective|p1a: rj\n|-damage|p1a: rj|0 fnt\n|-damage|p1b: martelo|70\/100\n|faint|p1a: rj\n|-end|p1a: rj|Quark Drive|[silent]\n|move|p2b: Rotom|Hydro Pump|p1b: martelo\n|-supereffective|p1b: martelo\n|-damage|p1b: martelo|0 fnt\n|faint|p1b: martelo\n|\n|upkeep\n|\n|t:|1683660971\n|switch|p1b: simba|Annihilape, L50, M|100\/100\n|turn|4\n|\n|t:|1683660986\n|move|p1b: simba|Rage Fist|p2b: Rotom\n|-damage|p2b: Rotom|0 fnt\n|faint|p2b: Rotom\n|move|p2a: Chi-Yu|Heat Wave|p1b: simba\n|-damage|p1b: simba|16\/100\n|-enditem|p1b: simba|Sitrus Berry|[eat]\n|-heal|p1b: simba|41\/100|[from] item: Sitrus Berry\n|\n|-sideend|p1: bpinela|move: Tailwind\n|upkeep\n|\n|t:|1683660988\n|switch|p2b: Flutter Mane|Flutter Mane, L50|100\/100\n|turn|5\n|\n|t:|1683660992\n|move|p2b: Flutter Mane|Moonblast|p1b: simba\n|-supereffective|p1b: simba\n|-damage|p1b: simba|0 fnt\n|faint|p1b: simba\n|\n|win|sgarli74\n|l|\u2606sgarli74\n","uploadtime":1683661489,"views":15,"p1id":"bpinela","p2id":"sgarli74","formatid":"gen9vgc2023regulationc","rating":0,"private":0,"password":""}