{"id":"gen9vgc2023regulationc-1863295312","p1":"sotero23","p2":"Braindeadmeta","format":"[Gen 9] VGC 2023 Regulation C","log":"|j|\u2606sotero23\n|j|\u2606Braindeadmeta\n|t:|1683999090\n|gametype|doubles\n|player|p1|sotero23|veteran|1526\n|player|p2|Braindeadmeta|skierf|1536\n|teamsize|p1|6\n|teamsize|p2|6\n|gen|9\n|tier|[Gen 9] VGC 2023 Regulation C\n|rated|\n|rule|Species Clause: Limit one of each Pok\u00e9mon\n|rule|Item Clause: Limit one of each item\n|clearpoke\n|poke|p1|Gyarados, L50, F|\n|poke|p1|Murkrow, L50, F|\n|poke|p1|Great Tusk, L50|\n|poke|p1|Flutter Mane, L50|\n|poke|p1|Chi-Yu, L50|\n|poke|p1|Gholdengo, L50|\n|poke|p2|Ting-Lu, L50|\n|poke|p2|Sableye, L50, M|\n|poke|p2|Iron Hands, L50|\n|poke|p2|Torkoal, L50, M|\n|poke|p2|Oranguru, L50, M|\n|poke|p2|Annihilape, L50, M|\n|teampreview|4\n|inactive|Battle timer is ON: inactive players will automatically lose when time's up. (requested by Braindeadmeta)\n|inactive|sotero23 has 60 seconds left.\n|\n|t:|1683999134\n|start\n|switch|p1a: Gholdengo|Gholdengo, L50|100\/100\n|switch|p1b: Gyarados|Gyarados, L50, F|100\/100\n|switch|p2a: Annihilape|Annihilape, L50, M, shiny|100\/100\n|switch|p2b: Sableye|Sableye, L50, M|100\/100\n|-ability|p1b: Gyarados|Intimidate|boost\n|-unboost|p2a: Annihilape|atk|1\n|-ability|p2a: Annihilape|Defiant|boost\n|-boost|p2a: Annihilape|atk|2\n|-unboost|p2b: Sableye|atk|1\n|turn|1\n|\n|t:|1683999144\n|move|p1a: Gholdengo|Protect|p1a: Gholdengo\n|-singleturn|p1a: Gholdengo|Protect\n|move|p2b: Sableye|Taunt|p1b: Gyarados\n|-start|p1b: Gyarados|move: Taunt\n|cant|p1b: Gyarados|move: Taunt|Thunder Wave\n|move|p2a: Annihilape|Bulk Up|p2a: Annihilape\n|-boost|p2a: Annihilape|atk|1\n|-boost|p2a: Annihilape|def|1\n|\n|upkeep\n|turn|2\n|c|\u2606sotero23|well\n|c|\u2606sotero23|ups\n|c|\u2606sotero23|xD\n|\n|t:|1683999166\n|-terastallize|p1a: Gholdengo|Water\n|move|p2b: Sableye|Light Screen|p2b: Sableye\n|-sidestart|p2: Braindeadmeta|move: Light Screen\n|move|p1a: Gholdengo|Nasty Plot|p1a: Gholdengo\n|-boost|p1a: Gholdengo|spa|2\n|move|p1b: Gyarados|Waterfall|p2a: Annihilape\n|-damage|p2a: Annihilape|77\/100\n|move|p2a: Annihilape|Rage Fist|p1a: Gholdengo\n|-damage|p1a: Gholdengo|16\/100\n|\n|-heal|p1a: Gholdengo|22\/100|[from] item: Leftovers\n|upkeep\n|turn|3\n|\n|t:|1683999181\n|move|p2a: Annihilape|Protect|p2a: Annihilape\n|-singleturn|p2a: Annihilape|Protect\n|move|p2b: Sableye|Reflect|p2b: Sableye\n|-sidestart|p2: Braindeadmeta|Reflect\n|move|p1a: Gholdengo|Shadow Ball|p2a: Annihilape\n|-activate|p2a: Annihilape|move: Protect\n|move|p1b: Gyarados|Waterfall|p2a: Annihilape\n|-activate|p2a: Annihilape|move: Protect\n|\n|-heal|p1a: Gholdengo|28\/100|[from] item: Leftovers\n|-end|p1b: Gyarados|move: Taunt\n|upkeep\n|turn|4\n|\n|t:|1683999194\n|-terastallize|p2a: Annihilape|Fire\n|move|p2b: Sableye|Taunt|p1b: Gyarados\n|-start|p1b: Gyarados|move: Taunt\n|move|p1a: Gholdengo|Shadow Ball|p2a: Annihilape\n|-damage|p2a: Annihilape|38\/100\n|-unboost|p2a: Annihilape|spd|1\n|-ability|p2a: Annihilape|Defiant|boost\n|-boost|p2a: Annihilape|atk|2\n|move|p1b: Gyarados|Waterfall|p2a: Annihilape\n|-supereffective|p2a: Annihilape\n|-damage|p2a: Annihilape|8\/100\n|move|p2a: Annihilape|Drain Punch|p1a: Gholdengo\n|-damage|p1a: Gholdengo|0 fnt\n|-heal|p2a: Annihilape|21\/100|[from] drain|[of] p1a: Gholdengo\n|faint|p1a: Gholdengo\n|\n|upkeep\n|\n|t:|1683999213\n|switch|p1a: Flutter Mane|Flutter Mane, L50|100\/100\n|turn|5\n|\n|t:|1683999225\n|move|p2a: Annihilape|Protect|p2a: Annihilape\n|-singleturn|p2a: Annihilape|Protect\n|move|p1a: Flutter Mane|Dazzling Gleam|p2a: Annihilape|[spread] p2b\n|-activate|p2a: Annihilape|move: Protect\n|-supereffective|p2b: Sableye\n|-damage|p2b: Sableye|34\/100\n|move|p1b: Gyarados|Waterfall|p2a: Annihilape\n|-activate|p2a: Annihilape|move: Protect\n|move|p2b: Sableye|Foul Play|p1b: Gyarados\n|-damage|p1b: Gyarados|62\/100\n|\n|upkeep\n|turn|6\n|\n|t:|1683999235\n|move|p1a: Flutter Mane|Dazzling Gleam|p2b: Sableye|[spread] p2a,p2b\n|-resisted|p2a: Annihilape\n|-supereffective|p2b: Sableye\n|-damage|p2a: Annihilape|4\/100\n|-damage|p2b: Sableye|0 fnt\n|faint|p2b: Sableye\n|move|p1b: Gyarados|Waterfall|p2a: Annihilape\n|-supereffective|p2a: Annihilape\n|-damage|p2a: Annihilape|0 fnt\n|faint|p2a: Annihilape\n|\n|-end|p1b: Gyarados|move: Taunt\n|upkeep\n|\n|t:|1683999237\n|switch|p2a: Iron Hands|Iron Hands, L50|100\/100\n|switch|p2b: Torkoal|Torkoal, L50, M|100\/100\n|-weather|SunnyDay|[from] ability: Drought|[of] p2b: Torkoal\n|-activate|p1a: Flutter Mane|ability: Protosynthesis\n|-start|p1a: Flutter Mane|protosynthesisspa\n|turn|7\n|\n|t:|1683999258\n|move|p1b: Gyarados|Protect|p1b: Gyarados\n|-singleturn|p1b: Gyarados|Protect\n|move|p2b: Torkoal|Protect|p2b: Torkoal\n|-singleturn|p2b: Torkoal|Protect\n|move|p1a: Flutter Mane|Dazzling Gleam|p2b: Torkoal|[spread] p2a\n|-activate|p2b: Torkoal|move: Protect\n|-supereffective|p2a: Iron Hands\n|-damage|p2a: Iron Hands|43\/100\n|move|p2a: Iron Hands|Heavy Slam|p1a: Flutter Mane\n|-supereffective|p1a: Flutter Mane\n|-damage|p1a: Flutter Mane|0 fnt\n|faint|p1a: Flutter Mane\n|-end|p1a: Flutter Mane|Protosynthesis|[silent]\n|\n|-weather|SunnyDay|[upkeep]\n|upkeep\n|\n|t:|1683999266\n|switch|p1a: Great Tusk|Great Tusk, L50|100\/100\n|-activate|p1a: Great Tusk|ability: Protosynthesis\n|-start|p1a: Great Tusk|protosynthesisatk\n|turn|8\n|\n|t:|1683999284\n|move|p1a: Great Tusk|Earthquake|p2b: Torkoal|[spread] p2a,p2b\n|-immune|p1b: Gyarados\n|-supereffective|p2a: Iron Hands\n|-supereffective|p2b: Torkoal\n|-damage|p2a: Iron Hands|0 fnt\n|-damage|p2b: Torkoal|50\/100\n|faint|p2a: Iron Hands\n|-end|p2a: Iron Hands|Quark Drive|[silent]\n|move|p1b: Gyarados|Waterfall|p2b: Torkoal\n|-supereffective|p2b: Torkoal\n|-damage|p2b: Torkoal|34\/100\n|move|p2b: Torkoal|Heat Wave|p1b: Gyarados|[spread] p1a,p1b\n|-resisted|p1b: Gyarados\n|-damage|p1a: Great Tusk|16\/100\n|-damage|p1b: Gyarados|42\/100\n|-enditem|p1b: Gyarados|Sitrus Berry|[eat]\n|-heal|p1b: Gyarados|67\/100|[from] item: Sitrus Berry\n|\n|-weather|SunnyDay|[upkeep]\n|upkeep\n|turn|9\n|-message|Braindeadmeta forfeited.\n|\n|win|sotero23\n|raw|sotero23's rating: 1526 → 1547<\/strong> (+21 for winning)\n|raw|Braindeadmeta's rating: 1536 → 1515<\/strong> (-21 for losing)\n|l|\u2606Braindeadmeta\n","uploadtime":1683999301,"views":4,"p1id":"sotero23","p2id":"braindeadmeta","formatid":"gen9vgc2023regulationc","rating":1515,"private":0,"password":""}