{"id":"gen9vgc2023regulationc-1845613963","p1":"Giarry","p2":"dreamswgh","format":"[Gen 9] VGC 2023 Regulation C","log":"|j|\u2606Giarry\n|j|\u2606dreamswgh\n|t:|1681749539\n|gametype|doubles\n|player|p1|Giarry|ghetsis-gen5bw|1265\n|player|p2|dreamswgh|nate|1328\n|teamsize|p1|6\n|teamsize|p2|6\n|gen|9\n|tier|[Gen 9] VGC 2023 Regulation C\n|rated|\n|rule|Species Clause: Limit one of each Pok\u00e9mon\n|rule|Item Clause: Limit one of each item\n|clearpoke\n|poke|p1|Chi-Yu, L50|\n|poke|p1|Glimmora, L50, M|\n|poke|p1|Garganacl, L50, M|\n|poke|p1|Wo-Chien, L50|\n|poke|p1|Iron Hands, L50|\n|poke|p1|Amoonguss, L50, M|\n|poke|p2|Torkoal, L50, M|\n|poke|p2|Flutter Mane, L50|\n|poke|p2|Indeedee-F, L50, F|\n|poke|p2|Hatterene, L50, F|\n|poke|p2|Corviknight, L50, M|\n|poke|p2|Mudsdale, L50, F|\n|teampreview|4\n|inactive|Battle timer is ON: inactive players will automatically lose when time's up. (requested by Giarry)\n|inactive|Giarry has 60 seconds left.\n|inactive|dreamswgh has 60 seconds left.\ndreamswgh has agreed to open team sheets.\n|\n|t:|1681749593\n|start\n|switch|p1a: Chi-Yu|Chi-Yu, L50|100\/100\n|switch|p1b: Glimmora|Glimmora, L50, M|100\/100\n|switch|p2a: Nevada|Indeedee-F, L50, F|100\/100\n|switch|p2b: Okalahoma|Corviknight, L50, M|100\/100\n|-ability|p1a: Chi-Yu|Beads of Ruin\n|-fieldstart|move: Psychic Terrain|[from] ability: Psychic Surge|[of] p2a: Nevada\n|-enditem|p2a: Nevada|Psychic Seed\n|-boost|p2a: Nevada|spd|1|[from] item: Psychic Seed\n|turn|1\n|inactive|Giarry has 30 seconds left.\n|inactive|dreamswgh has 30 seconds left.\n|inactive|dreamswgh has 20 seconds left.\n|inactive|dreamswgh has 15 seconds left.\n|inactive|dreamswgh has 10 seconds left.\n|\n|t:|1681749642\n|-terastallize|p2b: Okalahoma|Fire\n|move|p1a: Chi-Yu|Dark Pulse|p2a: Nevada\n|-supereffective|p2a: Nevada\n|-damage|p2a: Nevada|0 fnt\n|faint|p2a: Nevada\n|move|p1b: Glimmora|Mortal Spin|p2b: Okalahoma\n|-damage|p2b: Okalahoma|95\/100\n|-status|p2b: Okalahoma|psn\n|move|p2b: Okalahoma|U-turn|p1a: Chi-Yu\n|-damage|p1a: Chi-Yu|54\/100\n|\n|t:|1681749653\n|switch|p2b: Arizona|Torkoal, L50, M|100\/100|[from] U-turn\n|-weather|SunnyDay|[from] ability: Drought|[of] p2b: Arizona\n|\n|-weather|SunnyDay|[upkeep]\n|upkeep\n|\n|t:|1681749658\n|switch|p2a: Utah|Flutter Mane, L50|100\/100\n|-activate|p2a: Utah|ability: Protosynthesis\n|-start|p2a: Utah|protosynthesisspa\n|turn|2\n|inactive|dreamswgh has 30 seconds left.\n|\n|t:|1681749685\n|-terastallize|p1a: Chi-Yu|Grass\n|move|p2b: Arizona|Protect|p2b: Arizona\n|-singleturn|p2b: Arizona|Protect\n|move|p2a: Utah|Substitute|p2a: Utah\n|-start|p2a: Utah|Substitute\n|-damage|p2a: Utah|76\/100\n|move|p1a: Chi-Yu|Dark Pulse|p2b: Arizona\n|-activate|p2b: Arizona|move: Protect\n|move|p1b: Glimmora|Power Gem|p2b: Arizona\n|-activate|p2b: Arizona|move: Protect\n|\n|-weather|SunnyDay|[upkeep]\n|upkeep\n|turn|3\n|inactive|dreamswgh has 30 seconds left.\n|\n|t:|1681749712\n|switch|p2b: Okalahoma|Corviknight, L50, M, tera:Fire|95\/100 psn\n|move|p2a: Utah|Shadow Ball|p1b: Glimmora\n|-enditem|p1b: Glimmora|Focus Sash\n|-damage|p1b: Glimmora|1\/100\n|move|p1a: Chi-Yu|Dark Pulse|p2b: Okalahoma\n|-damage|p2b: Okalahoma|20\/100 psn\n|move|p1b: Glimmora|Power Gem|p2b: Okalahoma\n|-supereffective|p2b: Okalahoma\n|-damage|p2b: Okalahoma|0 fnt\n|faint|p2b: Okalahoma\n|\n|-weather|SunnyDay|[upkeep]\n|upkeep\n|\n|t:|1681749724\n|switch|p2b: Arizona|Torkoal, L50, M|100\/100\n|turn|4\n|\n|t:|1681749729\n|move|p2b: Arizona|Protect|p2b: Arizona\n|-singleturn|p2b: Arizona|Protect\n|move|p2a: Utah|Dazzling Gleam|p1b: Glimmora|[spread] p1a,p1b\n|-resisted|p1b: Glimmora\n|-damage|p1a: Chi-Yu|4\/100\n|-damage|p1b: Glimmora|0 fnt\n|faint|p1b: Glimmora\n|move|p1a: Chi-Yu|Dark Pulse|p2a: Utah\n|-end|p2a: Utah|Substitute\n|\n|-weather|SunnyDay|[upkeep]\n|upkeep\n|\n|t:|1681749743\n|switch|p1b: Garganacl|Garganacl, L50, M|100\/100\n|turn|5\n|\n|t:|1681749753\n|move|p2a: Utah|Dazzling Gleam|p1a: Chi-Yu|[spread] p1a,p1b\n|-damage|p1a: Chi-Yu|0 fnt\n|-damage|p1b: Garganacl|62\/100\n|faint|p1a: Chi-Yu\n|move|p1b: Garganacl|Salt Cure|p2a: Utah\n|-damage|p2a: Utah|52\/100\n|-start|p2a: Utah|Salt Cure\n|move|p2b: Arizona|Earth Power|p1b: Garganacl\n|-supereffective|p1b: Garganacl\n|-damage|p1b: Garganacl|25\/100\n|\n|-weather|none\n|-end|p2a: Utah|Protosynthesis\n|-heal|p1b: Garganacl|30\/100|[from] item: Leftovers\n|-damage|p2a: Utah|39\/100|[from] Salt Cure\n|-fieldend|move: Psychic Terrain\n|upkeep\n|\n|t:|1681749763\n|switch|p1a: Iron Hands|Iron Hands, L50|100\/100\n|-enditem|p1a: Iron Hands|Booster Energy\n|-activate|p1a: Iron Hands|ability: Quark Drive|[fromitem]\n|-start|p1a: Iron Hands|quarkdriveatk\n|turn|6\n|\n|t:|1681749780\n|move|p2b: Arizona|Protect|p2b: Arizona\n|-singleturn|p2b: Arizona|Protect\n|move|p1a: Iron Hands|Fake Out|p2b: Arizona\n|-activate|p2b: Arizona|move: Protect\n|move|p2a: Utah|Dazzling Gleam|p1b: Garganacl|[spread] p1a,p1b\n|-supereffective|p1a: Iron Hands\n|-crit|p1a: Iron Hands\n|-damage|p1a: Iron Hands|2\/100\n|-damage|p1b: Garganacl|7\/100\n|move|p1b: Garganacl|Recover|p1b: Garganacl\n|-heal|p1b: Garganacl|58\/100\n|\n|-heal|p1b: Garganacl|63\/100|[from] item: Leftovers\n|-damage|p2a: Utah|27\/100|[from] Salt Cure\n|upkeep\n|turn|7\n|inactive|Giarry has 30 seconds left.\n|inactive|Giarry has 20 seconds left.\n|inactive|Giarry has 15 seconds left.\n|inactive|Giarry has 10 seconds left.\n|\n|t:|1681749826\n|move|p1a: Iron Hands|Detect|p1a: Iron Hands\n|-singleturn|p1a: Iron Hands|Protect\n|move|p2a: Utah|Shadow Ball|p1a: Iron Hands\n|-activate|p1a: Iron Hands|move: Protect\n|move|p1b: Garganacl|Salt Cure|p2a: Utah\n|-damage|p2a: Utah|1\/100\n|-enditem|p2a: Utah|Petaya Berry|[eat]\n|-boost|p2a: Utah|spa|1|[from] item: Petaya Berry\n|move|p2b: Arizona|Earth Power|p1b: Garganacl\n|-supereffective|p1b: Garganacl\n|-damage|p1b: Garganacl|23\/100\n|\n|-heal|p1b: Garganacl|29\/100|[from] item: Leftovers\n|-damage|p2a: Utah|0 fnt|[from] Salt Cure\n|faint|p2a: Utah\n|-end|p2a: Utah|Protosynthesis|[silent]\n|upkeep\n|turn|8\n|inactive|dreamswgh has 30 seconds left.\n|\n|t:|1681749858\n|move|p2b: Arizona|Protect|p2b: Arizona\n|-singleturn|p2b: Arizona|Protect\n|move|p1a: Iron Hands|Drain Punch|p2b: Arizona\n|-activate|p2b: Arizona|move: Protect\n|move|p1b: Garganacl|Recover|p1b: Garganacl\n|-heal|p1b: Garganacl|79\/100\n|\n|-heal|p1b: Garganacl|85\/100|[from] item: Leftovers\n|upkeep\n|turn|9\n|\n|t:|1681749879\n|move|p1a: Iron Hands|Drain Punch|p2b: Arizona\n|-damage|p2b: Arizona|53\/100\n|-heal|p1a: Iron Hands|18\/100|[from] drain|[of] p2b: Arizona\n|move|p1b: Garganacl|Recover|p1b: Garganacl\n|-heal|p1b: Garganacl|100\/100\n|move|p2b: Arizona|Eruption|p1b: Garganacl|[spread] p1a,p1b\n|-resisted|p1b: Garganacl\n|-damage|p1a: Iron Hands|0 fnt\n|-damage|p1b: Garganacl|90\/100\n|faint|p1a: Iron Hands\n|-end|p1a: Iron Hands|Quark Drive|[silent]\n|\n|-heal|p1b: Garganacl|96\/100|[from] item: Leftovers\n|upkeep\n|turn|10\n|\n|t:|1681749892\n|move|p1b: Garganacl|Salt Cure|p2b: Arizona\n|-supereffective|p2b: Arizona\n|-damage|p2b: Arizona|29\/100\n|-start|p2b: Arizona|Salt Cure\n|move|p2b: Arizona|Earth Power|p1b: Garganacl\n|-supereffective|p1b: Garganacl\n|-damage|p1b: Garganacl|60\/100\n|\n|-heal|p1b: Garganacl|66\/100|[from] item: Leftovers\n|-damage|p2b: Arizona|17\/100|[from] Salt Cure\n|upkeep\n|turn|11\n|\n|t:|1681749902\n|move|p1b: Garganacl|Salt Cure|p2b: Arizona\n|-supereffective|p2b: Arizona\n|-crit|p2b: Arizona\n|-damage|p2b: Arizona|0 fnt\n|faint|p2b: Arizona\n|\n|win|Giarry\n|raw|Giarry's rating: 1265 → 1294<\/strong> (+29 for winning)\n|raw|dreamswgh's rating: 1328 → 1304<\/strong> (-24 for losing)\n|l|\u2606Giarry\n","uploadtime":1681749913,"views":15,"p1id":"giarry","p2id":"dreamswgh","formatid":"gen9vgc2023regulationc","rating":1294,"private":0,"password":""}