{"id":"gen9vgc2023regulationc-1863311002","p1":"Nibbonzo","p2":"Arcacagne","format":"[Gen 9] VGC 2023 Regulation C","log":"|j|\u2606Nibbonzo\n|j|\u2606Arcacagne\n|t:|1684000989\n|gametype|doubles\n|player|p1|Nibbonzo|workerice|1338\n|player|p2|Arcacagne|169|1326\n|teamsize|p1|6\n|teamsize|p2|6\n|gen|9\n|tier|[Gen 9] VGC 2023 Regulation C\n|rated|\n|rule|Species Clause: Limit one of each Pok\u00e9mon\n|rule|Item Clause: Limit one of each item\n|clearpoke\n|poke|p1|Farigiraf, L50, F|\n|poke|p1|Kingambit, L50, M|\n|poke|p1|Gyarados, L50, F|\n|poke|p1|Ting-Lu, L50|\n|poke|p1|Flutter Mane, L50|\n|poke|p1|Chien-Pao, L50|\n|poke|p2|Chi-Yu, L50|\n|poke|p2|Flutter Mane, L50|\n|poke|p2|Amoonguss, L50, M|\n|poke|p2|Ting-Lu, L50|\n|poke|p2|Iron Hands, L50|\n|poke|p2|Gyarados, L50, F|\n|teampreview|4\n|inactive|Battle timer is ON: inactive players will automatically lose when time's up. (requested by Arcacagne)\nNibbonzo has agreed to open team sheets.\n|\n|t:|1684001031\n|start\n|switch|p1a: Kingambit|Kingambit, L50, M|100\/100\n|switch|p1b: Gyaradosa|Gyarados, L50, F|100\/100\n|switch|p2a: Ting-Lu|Ting-Lu, L50|100\/100\n|switch|p2b: Iron Hands|Iron Hands, L50|100\/100\n|-ability|p1b: Gyaradosa|Intimidate|boost\n|-unboost|p2a: Ting-Lu|atk|1\n|-unboost|p2b: Iron Hands|atk|1\n|-ability|p2a: Ting-Lu|Vessel of Ruin\n|turn|1\n|inactive|Nibbonzo has 30 seconds left.\n|inactive|Arcacagne has 30 seconds left.\n|inactive|Nibbonzo has 20 seconds left.\n|inactive|Nibbonzo has 15 seconds left.\n|inactive|Nibbonzo has 10 seconds left.\n|inactive|Nibbonzo has 5 seconds left.\n|\n|t:|1684001082\n|switch|p1b: Ting-Lettuce|Ting-Lu, L50|100\/100\n|-ability|p1b: Ting-Lettuce|Vessel of Ruin\n|-terastallize|p1a: Kingambit|Fire\n|move|p2a: Ting-Lu|Stomping Tantrum|p1a: Kingambit\n|-supereffective|p1a: Kingambit\n|-damage|p1a: Kingambit|48\/100\n|move|p2b: Iron Hands|Swords Dance|p2b: Iron Hands\n|-boost|p2b: Iron Hands|atk|2\n|move|p1a: Kingambit|Tera Blast|p2b: Iron Hands\n|-damage|p2b: Iron Hands|69\/100\n|\n|upkeep\n|turn|2\n|\n|t:|1684001101\n|switch|p1a: Gyaradosa|Gyarados, L50, F|100\/100\n|-ability|p1a: Gyaradosa|Intimidate|boost\n|-unboost|p2a: Ting-Lu|atk|1\n|-unboost|p2b: Iron Hands|atk|1\n|-terastallize|p2b: Iron Hands|Grass\n|move|p2a: Ting-Lu|Stomping Tantrum|p1a: Gyaradosa\n|-immune|p1a: Gyaradosa\n|move|p2b: Iron Hands|Drain Punch|p1b: Ting-Lettuce\n|-supereffective|p1b: Ting-Lettuce\n|-damage|p1b: Ting-Lettuce|57\/100\n|-heal|p2b: Iron Hands|91\/100|[from] drain|[of] p1b: Ting-Lettuce\n|move|p1b: Ting-Lettuce|Ruination|p2b: Iron Hands\n|-damage|p2b: Iron Hands|46\/100\n|\n|-heal|p1b: Ting-Lettuce|63\/100|[from] item: Leftovers\n|upkeep\n|turn|3\n|inactive|Nibbonzo has 30 seconds left.\n|inactive|Arcacagne has 30 seconds left.\n|inactive|Arcacagne has 20 seconds left.\n|\n|t:|1684001139\n|switch|p2a: Gyarados|Gyarados, L50, F|100\/100\n|-ability|p2a: Gyarados|Intimidate|boost\n|-unboost|p1a: Gyaradosa|atk|1\n|-unboost|p1b: Ting-Lettuce|atk|1\n|move|p1a: Gyaradosa|Thunder Wave|p2b: Iron Hands\n|-status|p2b: Iron Hands|par\n|-enditem|p2b: Iron Hands|Lum Berry|[eat]\n|-curestatus|p2b: Iron Hands|par|[msg]\n|move|p2b: Iron Hands|Drain Punch|p1b: Ting-Lettuce\n|-supereffective|p1b: Ting-Lettuce\n|-damage|p1b: Ting-Lettuce|25\/100\n|-heal|p2b: Iron Hands|65\/100|[from] drain|[of] p1b: Ting-Lettuce\n|move|p1b: Ting-Lettuce|Ruination|p2a: Gyarados\n|-damage|p2a: Gyarados|51\/100\n|\n|-heal|p1b: Ting-Lettuce|31\/100|[from] item: Leftovers\n|upkeep\n|turn|4\n|inactive|Nibbonzo has 30 seconds left.\n|inactive|Arcacagne has 30 seconds left.\n|inactive|Nibbonzo has 20 seconds left.\n|\n|t:|1684001177\n|move|p2a: Gyarados|Waterfall|p1b: Ting-Lettuce\n|-supereffective|p1b: Ting-Lettuce\n|-damage|p1b: Ting-Lettuce|0 fnt\n|faint|p1b: Ting-Lettuce\n|move|p1a: Gyaradosa|Thunder Wave|p2b: Iron Hands\n|-status|p2b: Iron Hands|par\n|move|p2b: Iron Hands|Swords Dance|p2b: Iron Hands\n|-boost|p2b: Iron Hands|atk|2\n|\n|upkeep\n|\n|t:|1684001185\n|switch|p1b: Penny|Farigiraf, L50, F|100\/100\n|turn|5\n|\n|t:|1684001203\n|move|p2a: Gyarados|Taunt|p1b: Penny\n|-start|p1b: Penny|move: Taunt\n|move|p1a: Gyaradosa|Thunder Wave|p2a: Gyarados\n|-status|p2a: Gyarados|par\n|move|p1b: Penny|Psychic|p2b: Iron Hands\n|-crit|p2b: Iron Hands\n|-damage|p2b: Iron Hands|34\/100 par\n|move|p2b: Iron Hands|Thunder Punch|p1a: Gyaradosa\n|-supereffective|p1a: Gyaradosa\n|-damage|p1a: Gyaradosa|0 fnt\n|faint|p1a: Gyaradosa\n|\n|upkeep\n|\n|t:|1684001215\n|switch|p1a: Kingambit|Kingambit, L50, M, tera:Fire|48\/100\n|turn|6\n|\n|t:|1684001226\n|move|p2a: Gyarados|Waterfall|p1a: Kingambit\n|-supereffective|p1a: Kingambit\n|-damage|p1a: Kingambit|1\/100\n|move|p1b: Penny|Psychic|p2a: Gyarados\n|-damage|p2a: Gyarados|25\/100 par\n|move|p1a: Kingambit|Tera Blast|p2b: Iron Hands\n|-supereffective|p2b: Iron Hands\n|-damage|p2b: Iron Hands|0 fnt\n|faint|p2b: Iron Hands\n|-end|p2b: Iron Hands|Quark Drive|[silent]\n|\n|upkeep\n|\n|t:|1684001238\n|switch|p2b: Ting-Lu|Ting-Lu, L50|100\/100\n|-ability|p2b: Ting-Lu|Vessel of Ruin\n|turn|7\n|\n|t:|1684001249\n|move|p1a: Kingambit|Sucker Punch|p2a: Gyarados\n|-damage|p2a: Gyarados|0 fnt\n|faint|p2a: Gyarados\n|move|p2b: Ting-Lu|Earthquake|p1b: Penny|[spread] p1a,p1b\n|-supereffective|p1a: Kingambit\n|-damage|p1a: Kingambit|0 fnt\n|-damage|p1b: Penny|59\/100\n|faint|p1a: Kingambit\n|move|p1b: Penny|Hyper Voice|p2b: Ting-Lu\n|-damage|p2b: Ting-Lu|83\/100\n|\n|-end|p1b: Penny|move: Taunt\n|upkeep\n|-message|Nibbonzo forfeited.\n|\n|win|Arcacagne\n|raw|Nibbonzo's rating: 1338 → 1317<\/strong> (-21 for losing)\n|raw|Arcacagne's rating: 1326 → 1347<\/strong> (+21 for winning)\n|l|\u2606Nibbonzo\n","uploadtime":1684001262,"views":4,"p1id":"nibbonzo","p2id":"arcacagne","formatid":"gen9vgc2023regulationc","rating":1317,"private":0,"password":""}