{"id":"gen9vgc2023regulationc-1849636870","p1":"celso94","p2":"Bartzabel","format":"[Gen 9] VGC 2023 Regulation C","log":"|j|\u2606celso94\n|j|\u2606Bartzabel\n|t:|1682223642\n|gametype|doubles\n|player|p1|celso94|101|\n|player|p2|Bartzabel|medium|\n|teamsize|p1|6\n|teamsize|p2|6\n|gen|9\n|tier|[Gen 9] VGC 2023 Regulation C\n|rule|Species Clause: Limit one of each Pok\u00e9mon\n|rule|Item Clause: Limit one of each item\n|clearpoke\n|poke|p1|Chi-Yu, L50|\n|poke|p1|Lilligant, L50, F|\n|poke|p1|Torkoal, L50, F|\n|poke|p1|Flutter Mane, L50|\n|poke|p1|Kingambit, L50, F|\n|poke|p1|Great Tusk, L50|\n|poke|p2|Glimmora, L50, F|\n|poke|p2|Gholdengo, L50|\n|poke|p2|Ceruledge, L50, F|\n|poke|p2|Gothitelle, L50, F|\n|poke|p2|Flutter Mane, L50|\n|poke|p2|Wo-Chien, L50|\n|teampreview|4\n|\n|t:|1682223655\n|start\n|switch|p1a: Chi-Yu|Chi-Yu, L50|100\/100\n|switch|p1b: Flutter Mane|Flutter Mane, L50, shiny|100\/100\n|switch|p2a: Ceruledge|Ceruledge, L50, F|100\/100\n|switch|p2b: Wo-Chien|Wo-Chien, L50|100\/100\n|-ability|p1a: Chi-Yu|Beads of Ruin\n|-ability|p2b: Wo-Chien|Tablets of Ruin\n|turn|1\n|\n|t:|1682223696\n|-terastallize|p1b: Flutter Mane|Fairy\n|-terastallize|p2b: Wo-Chien|Poison\n|move|p2a: Ceruledge|Shadow Sneak|p1b: Flutter Mane\n|-damage|p1b: Flutter Mane|73\/100\n|move|p1a: Chi-Yu|Snarl|p2a: Ceruledge|[spread] p2a,p2b\n|-supereffective|p2a: Ceruledge\n|-damage|p2a: Ceruledge|27\/100\n|-damage|p2b: Wo-Chien|83\/100\n|-unboost|p2b: Wo-Chien|spa|1\n|move|p1b: Flutter Mane|Shadow Ball|p2a: Ceruledge\n|-supereffective|p2a: Ceruledge\n|-damage|p2a: Ceruledge|0 fnt\n|faint|p2a: Ceruledge\n|move|p2b: Wo-Chien|Leech Seed|p1a: Chi-Yu|[miss]\n|-miss|p2b: Wo-Chien|p1a: Chi-Yu\n|\n|-heal|p2b: Wo-Chien|90\/100|[from] item: Leftovers\n|upkeep\n|\n|t:|1682223715\n|switch|p2a: Flutter Mane|Flutter Mane, L50|100\/100\n|-enditem|p2a: Flutter Mane|Booster Energy\n|-activate|p2a: Flutter Mane|ability: Protosynthesis|[fromitem]\n|-start|p2a: Flutter Mane|protosynthesisspe\n|turn|2\n|\n|t:|1682223764\n|move|p2a: Flutter Mane|Protect|p2a: Flutter Mane\n|-singleturn|p2a: Flutter Mane|Protect\n|move|p1a: Chi-Yu|Snarl|p2b: Wo-Chien|[spread] p2b\n|-activate|p2a: Flutter Mane|move: Protect\n|-damage|p2b: Wo-Chien|74\/100\n|-unboost|p2b: Wo-Chien|spa|1\n|move|p1b: Flutter Mane|Shadow Ball|p2a: Flutter Mane\n|-activate|p2a: Flutter Mane|move: Protect\n|move|p2b: Wo-Chien|Leech Seed|p1b: Flutter Mane\n|-start|p1b: Flutter Mane|move: Leech Seed\n|\n|-heal|p2b: Wo-Chien|80\/100|[from] item: Leftovers\n|-damage|p1b: Flutter Mane|61\/100|[from] Leech Seed|[of] p2b: Wo-Chien\n|-heal|p2b: Wo-Chien|89\/100|[silent]\n|upkeep\n|turn|3\n|\n|t:|1682223813\n|-end|p2a: Flutter Mane|Protosynthesis|[silent]\n|switch|p2a: Glimmora|Glimmora, L50, F, shiny|100\/100\n|move|p1a: Chi-Yu|Snarl|p2a: Glimmora|[spread] p2a,p2b\n|-damage|p2a: Glimmora|59\/100\n|-damage|p2b: Wo-Chien|74\/100\n|-unboost|p2a: Glimmora|spa|1\n|-unboost|p2b: Wo-Chien|spa|1\n|move|p1b: Flutter Mane|Shadow Ball|p2a: Glimmora\n|-damage|p2a: Glimmora|0 fnt\n|faint|p2a: Glimmora\n|move|p2b: Wo-Chien|Foul Play|p1b: Flutter Mane\n|-resisted|p1b: Flutter Mane\n|-damage|p1b: Flutter Mane|47\/100\n|\n|-heal|p2b: Wo-Chien|80\/100|[from] item: Leftovers\n|-damage|p1b: Flutter Mane|35\/100|[from] Leech Seed|[of] p2b: Wo-Chien\n|-heal|p2b: Wo-Chien|89\/100|[silent]\n|upkeep\n|\n|t:|1682223829\n|switch|p2a: Flutter Mane|Flutter Mane, L50|100\/100\n|turn|4\n|\n|t:|1682223876\n|-end|p1b: Flutter Mane|Protosynthesis|[silent]\n|switch|p1b: Kingambit|Kingambit, L50, F, shiny|100\/100\n|move|p2a: Flutter Mane|Protect|p2a: Flutter Mane\n|-singleturn|p2a: Flutter Mane|Protect\n|move|p1a: Chi-Yu|Snarl|p2a: Flutter Mane|[spread] p2b\n|-activate|p2a: Flutter Mane|move: Protect\n|-damage|p2b: Wo-Chien|71\/100\n|-unboost|p2b: Wo-Chien|spa|1\n|move|p2b: Wo-Chien|Foul Play|p1b: Kingambit\n|-resisted|p1b: Kingambit\n|-damage|p1b: Kingambit|82\/100\n|\n|-heal|p2b: Wo-Chien|78\/100|[from] item: Leftovers\n|upkeep\n|turn|5\n|\n|t:|1682223908\n|move|p1a: Chi-Yu|Snarl|p2b: Wo-Chien|[spread] p2a,p2b\n|-damage|p2a: Flutter Mane|70\/100\n|-damage|p2b: Wo-Chien|63\/100\n|-unboost|p2a: Flutter Mane|spa|1\n|-unboost|p2b: Wo-Chien|spa|1\n|move|p2a: Flutter Mane|Moonblast|p1b: Kingambit\n|-damage|p1b: Kingambit|57\/100\n|-unboost|p1b: Kingambit|spa|1\n|-ability|p1b: Kingambit|Defiant|boost\n|-boost|p1b: Kingambit|atk|2\n|move|p2b: Wo-Chien|Leech Seed|p1a: Chi-Yu|[miss]\n|-miss|p2b: Wo-Chien|p1a: Chi-Yu\n|move|p1b: Kingambit|Iron Head|p2a: Flutter Mane\n|-supereffective|p2a: Flutter Mane\n|-damage|p2a: Flutter Mane|0 fnt\n|faint|p2a: Flutter Mane\n|-end|p2a: Flutter Mane|Protosynthesis|[silent]\n|\n|-heal|p2b: Wo-Chien|69\/100|[from] item: Leftovers\n|upkeep\n|turn|6\n|\n|t:|1682223944\n|move|p2b: Wo-Chien|Protect|p2b: Wo-Chien\n|-singleturn|p2b: Wo-Chien|Protect\n|move|p1a: Chi-Yu|Snarl|p2b: Wo-Chien\n|-activate|p2b: Wo-Chien|move: Protect\n|move|p1b: Kingambit|Kowtow Cleave|p2b: Wo-Chien\n|-activate|p2b: Wo-Chien|move: Protect\n|\n|-heal|p2b: Wo-Chien|75\/100|[from] item: Leftovers\n|upkeep\n|turn|7\n|\n|t:|1682223960\n|move|p1a: Chi-Yu|Snarl|p2b: Wo-Chien\n|-damage|p2b: Wo-Chien|55\/100\n|-unboost|p2b: Wo-Chien|spa|1\n|move|p2b: Wo-Chien|Leech Seed|p1a: Chi-Yu\n|-start|p1a: Chi-Yu|move: Leech Seed\n|move|p1b: Kingambit|Kowtow Cleave|p2b: Wo-Chien\n|-damage|p2b: Wo-Chien|0 fnt\n|faint|p2b: Wo-Chien\n|\n|win|celso94\n","uploadtime":1682223970,"views":22,"p1id":"celso94","p2id":"bartzabel","formatid":"gen9vgc2023regulationc","rating":0,"private":0,"password":""}