{"id":"gen9vgc2023regulationc-1847793527","p1":"Mess in Distress","p2":"LacossG","format":"[Gen 9] VGC 2023 Regulation C","log":"|j|\u2606Mess in Distress\n|j|\u2606LacossG\n|t:|1682002472\n|gametype|doubles\n|player|p1|Mess in Distress|iono|1460\n|player|p2|LacossG|265|1457\n|teamsize|p1|6\n|teamsize|p2|6\n|gen|9\n|tier|[Gen 9] VGC 2023 Regulation C\n|rated|\n|rule|Species Clause: Limit one of each Pok\u00e9mon\n|rule|Item Clause: Limit one of each item\n|clearpoke\n|poke|p1|Gholdengo, L50|\n|poke|p1|Dondozo, L50, F|\n|poke|p1|Wo-Chien, L50|\n|poke|p1|Chien-Pao, L50|\n|poke|p1|Arcanine, L50, M|\n|poke|p1|Tatsugiri, L50, M|\n|poke|p2|Tauros-Paldea-Blaze, L50, M|\n|poke|p2|Chi-Yu, L50|\n|poke|p2|Iron Bundle, L50|\n|poke|p2|Garchomp, L50, F|\n|poke|p2|Abomasnow, L50, F|\n|poke|p2|Corviknight, L50, M|\n|teampreview|4\n|\n|t:|1682002500\n|start\n|switch|p1a: Tatsugiri|Tatsugiri, L50, M|100\/100\n|switch|p1b: Gholdengo|Gholdengo, L50|100\/100\n|switch|p2a: Corviknight|Corviknight, L50, M|100\/100\n|switch|p2b: Abomasnow|Abomasnow, L50, F|100\/100\n|-weather|Snow|[from] ability: Snow Warning|[of] p2b: Abomasnow\n|turn|1\n|\n|t:|1682002532\n|move|p1a: Tatsugiri|Muddy Water|p2b: Abomasnow|[spread] p2a,p2b\n|-resisted|p2b: Abomasnow\n|-damage|p2a: Corviknight|74\/100\n|-damage|p2b: Abomasnow|83\/100\n|-unboost|p2b: Abomasnow|accuracy|1\n|move|p1b: Gholdengo|Make It Rain|p2b: Abomasnow|[spread] p2a,p2b\n|-resisted|p2a: Corviknight\n|-supereffective|p2b: Abomasnow\n|-damage|p2a: Corviknight|47\/100\n|-damage|p2b: Abomasnow|0 fnt\n|-unboost|p1b: Gholdengo|spa|1\n|faint|p2b: Abomasnow\n|move|p2a: Corviknight|Tailwind|p2a: Corviknight\n|-sidestart|p2: LacossG|move: Tailwind\n|\n|-weather|Snow|[upkeep]\n|upkeep\n|\n|t:|1682002549\n|switch|p2b: Iron Bundle|Iron Bundle, L50|100\/100\n|turn|2\n|\n|t:|1682002572\n|move|p2b: Iron Bundle|Aurora Veil|p2b: Iron Bundle\n|-sidestart|p2: LacossG|move: Aurora Veil\n|move|p1a: Tatsugiri|Muddy Water|p2a: Corviknight|[spread] p2a,p2b\n|-resisted|p2b: Iron Bundle\n|-damage|p2a: Corviknight|28\/100\n|-damage|p2b: Iron Bundle|77\/100\n|move|p2a: Corviknight|Roost|p2a: Corviknight\n|-heal|p2a: Corviknight|78\/100\n|-singleturn|p2a: Corviknight|move: Roost\n|move|p1b: Gholdengo|Make It Rain|p2a: Corviknight|[spread] p2a,p2b\n|-resisted|p2a: Corviknight\n|-damage|p2a: Corviknight|66\/100\n|-damage|p2b: Iron Bundle|18\/100\n|-unboost|p1b: Gholdengo|spa|1\n|\n|-weather|Snow|[upkeep]\n|upkeep\n|turn|3\n|\n|t:|1682002608\n|switch|p1b: Dondozo|Dondozo, L50, F|100\/100\n|-activate|p1a: Tatsugiri|ability: Commander|[of] p1b: Dondozo\n|-boost|p1b: Dondozo|atk|2\n|-boost|p1b: Dondozo|spa|2\n|-boost|p1b: Dondozo|spe|2\n|-boost|p1b: Dondozo|def|2\n|-boost|p1b: Dondozo|spd|2\n|move|p2b: Iron Bundle|Freeze-Dry|p1a: Tatsugiri|[miss]\n|-miss|p2b: Iron Bundle|p1a: Tatsugiri\n|move|p2a: Corviknight|Iron Head|p1b: Dondozo\n|-resisted|p1b: Dondozo\n|-damage|p1b: Dondozo|96\/100\n|\n|-weather|Snow|[upkeep]\n|upkeep\n|turn|4\n|\n|t:|1682002634\n|-terastallize|p1b: Dondozo|Fire\n|move|p2b: Iron Bundle|Freeze-Dry|p1b: Dondozo\n|-resisted|p1b: Dondozo\n|-damage|p1b: Dondozo|89\/100\n|move|p2a: Corviknight|Brave Bird|p1b: Dondozo\n|-damage|p1b: Dondozo|75\/100\n|-damage|p2a: Corviknight|61\/100|[from] Recoil\n|move|p1b: Dondozo|Rock Slide|p2a: Corviknight|[spread] p2a,p2b\n|-supereffective|p2b: Iron Bundle\n|-damage|p2a: Corviknight|36\/100\n|-damage|p2b: Iron Bundle|0 fnt\n|faint|p2b: Iron Bundle\n|-end|p2b: Iron Bundle|Quark Drive|[silent]\n|-damage|p1b: Dondozo|66\/100|[from] item: Life Orb\n|\n|-weather|Snow|[upkeep]\n|-sideend|p2: LacossG|move: Tailwind\n|upkeep\n|\n|t:|1682002651\n|switch|p2b: Chi-Yu|Chi-Yu, L50|100\/100\n|-ability|p2b: Chi-Yu|Beads of Ruin\n|turn|5\n|\n|t:|1682002686\n|-terastallize|p2b: Chi-Yu|Water\n|move|p2b: Chi-Yu|Dark Pulse|p1b: Dondozo\n|-damage|p1b: Dondozo|26\/100\n|cant|p1b: Dondozo|flinch\n|move|p2a: Corviknight|Roost|p2a: Corviknight\n|-heal|p2a: Corviknight|86\/100\n|-singleturn|p2a: Corviknight|move: Roost\n|\n|-weather|none\n|upkeep\n|turn|6\n|\n|t:|1682002703\n|move|p2b: Chi-Yu|Dark Pulse|p1b: Dondozo\n|-damage|p1b: Dondozo|0 fnt\n|faint|p1b: Dondozo\n|move|p2a: Corviknight|Tailwind|p2a: Corviknight\n|-sidestart|p2: LacossG|move: Tailwind\n|\n|-sideend|p2: LacossG|move: Aurora Veil\n|upkeep\n|\n|t:|1682002711\n|switch|p1b: Gholdengo|Gholdengo, L50|100\/100\n|turn|7\n|\n|t:|1682002720\n|move|p2b: Chi-Yu|Dark Pulse|p1b: Gholdengo\n|-supereffective|p1b: Gholdengo\n|-damage|p1b: Gholdengo|0 fnt\n|faint|p1b: Gholdengo\n|move|p1a: Tatsugiri|Muddy Water|p2a: Corviknight|[spread] p2a\n|-miss|p1a: Tatsugiri|p2b: Chi-Yu\n|-damage|p2a: Corviknight|50\/100\n|-ability|p2a: Corviknight|Mirror Armor\n|-unboost|p1a: Tatsugiri|accuracy|1\n|move|p2a: Corviknight|Brave Bird|p1a: Tatsugiri\n|-damage|p1a: Tatsugiri|27\/100\n|-damage|p2a: Corviknight|32\/100|[from] Recoil\n|\n|upkeep\n|\n|t:|1682002733\n|switch|p1b: Arcanine|Arcanine, L50, M|100\/100\n|-ability|p1b: Arcanine|Intimidate|boost\n|-ability|p2a: Corviknight|Mirror Armor\n|-unboost|p1b: Arcanine|atk|1\n|-unboost|p2b: Chi-Yu|atk|1\n|turn|8\n|\n|t:|1682002745\n|move|p2b: Chi-Yu|Dark Pulse|p1b: Arcanine\n|-damage|p1b: Arcanine|0 fnt\n|faint|p1b: Arcanine\n|move|p1a: Tatsugiri|Muddy Water|p2b: Chi-Yu|[spread] p2a,p2b\n|-resisted|p2b: Chi-Yu\n|-damage|p2a: Corviknight|0 fnt\n|-damage|p2b: Chi-Yu|82\/100\n|faint|p2a: Corviknight\n|\n|upkeep\n|turn|9\n|\n|t:|1682002755\n|move|p2b: Chi-Yu|Dark Pulse|p1a: Tatsugiri\n|-damage|p1a: Tatsugiri|0 fnt\n|faint|p1a: Tatsugiri\n|\n|win|LacossG\n|raw|Mess in Distress's rating: 1460 → 1440<\/strong> (-20 for losing)\n|raw|LacossG's rating: 1457 → 1477<\/strong> (+20 for winning)\n","uploadtime":1682002764,"views":8,"p1id":"messindistress","p2id":"lacossg","formatid":"gen9vgc2023regulationc","rating":1440,"private":0,"password":""}