{"id":"gen9vgc2023regulationc-1845802220","p1":"Chaotic Raos","p2":"arbokiara","format":"[Gen 9] VGC 2023 Regulation C","log":"|j|\u2606Chaotic Raos\n|j|\u2606arbokiara\n|t:|1681766016\n|gametype|doubles\n|player|p1|Chaotic Raos|bellelba|1339\n|player|p2|arbokiara|shadowtriad|1255\n|teamsize|p1|6\n|teamsize|p2|6\n|gen|9\n|tier|[Gen 9] VGC 2023 Regulation C\n|rated|\n|rule|Species Clause: Limit one of each Pok\u00e9mon\n|rule|Item Clause: Limit one of each item\n|clearpoke\n|poke|p1|Iron Moth, L50|\n|poke|p1|Florges, L50, F|\n|poke|p1|Talonflame, L50, F|\n|poke|p1|Azumarill, L50, M|\n|poke|p1|Garchomp, L50, F|\n|poke|p1|Iron Hands, L50|\n|poke|p2|Magnezone, L50|\n|poke|p2|Flutter Mane, L50|\n|poke|p2|Palafin, L50, M|\n|poke|p2|Chi-Yu, L50|\n|poke|p2|Chien-Pao, L50|\n|poke|p2|Dragonite, L50, F|\n|teampreview|4\n|inactive|Battle timer is ON: inactive players will automatically lose when time's up. (requested by arbokiara)\n|inactive|Chaotic Raos has 60 seconds left.\n|inactive|arbokiara has 60 seconds left.\narbokiara has agreed to open team sheets.\nChaotic Raos rejected open team sheets.\n|\n|t:|1681766063\n|start\n|switch|p1a: Brave Bird|Talonflame, L50, F|100\/100\n|switch|p1b: Grandpa|Garchomp, L50, F|100\/100\n|switch|p2a: Palafin|Palafin, L50, M|100\/100\n|switch|p2b: Chien-Pao|Chien-Pao, L50|100\/100\n|-ability|p2b: Chien-Pao|Sword of Ruin\n|turn|1\n|inactive|Chaotic Raos has 30 seconds left.\n|\n|t:|1681766088\n|-terastallize|p1b: Grandpa|Steel\n|move|p2b: Chien-Pao|Protect|p2b: Chien-Pao\n|-singleturn|p2b: Chien-Pao|Protect\n|move|p1a: Brave Bird|Tailwind|p1a: Brave Bird\n|-sidestart|p1: Chaotic Raos|move: Tailwind\n|move|p1b: Grandpa|Iron Head|p2b: Chien-Pao\n|-activate|p2b: Chien-Pao|move: Protect\n|move|p2a: Palafin|Ice Punch|p1b: Grandpa\n|-resisted|p1b: Grandpa\n|-damage|p1b: Grandpa|90\/100\n|-damage|p2a: Palafin|88\/100|[from] ability: Rough Skin|[of] p1b: Grandpa\n|\n|upkeep\n|turn|2\n|inactive|arbokiara has 30 seconds left.\n|\n|t:|1681766120\n|switch|p2b: Dragonite|Dragonite, L50, F|100\/100\n|-terastallize|p2a: Palafin|Water\n|move|p2a: Palafin|Jet Punch|p1a: Brave Bird\n|-supereffective|p1a: Brave Bird\n|-damage|p1a: Brave Bird|31\/100\n|move|p1a: Brave Bird|Will-O-Wisp|p2a: Palafin|[miss]\n|-miss|p1a: Brave Bird|p2a: Palafin\n|move|p1b: Grandpa|Stomping Tantrum|p2b: Dragonite\n|-immune|p2b: Dragonite\n|\n|upkeep\n|turn|3\n|inactive|arbokiara has 30 seconds left.\n|inactive|arbokiara has 20 seconds left.\n|\n|t:|1681766157\n|switch|p1a: Raid Champion|Azumarill, L50, M|100\/100\n|move|p2a: Palafin|Jet Punch|p1a: Raid Champion\n|-resisted|p1a: Raid Champion\n|-damage|p1a: Raid Champion|86\/100\n|move|p1b: Grandpa|Stomping Tantrum|p2a: Palafin\n|-damage|p2a: Palafin|1\/100\n|move|p2b: Dragonite|Stomping Tantrum|p1b: Grandpa\n|-supereffective|p1b: Grandpa\n|-crit|p1b: Grandpa\n|-damage|p1b: Grandpa|0 fnt\n|-damage|p2b: Dragonite|88\/100|[from] ability: Rough Skin|[of] p1b: Grandpa\n|faint|p1b: Grandpa\n|\n|upkeep\n|\n|t:|1681766170\n|switch|p1b: Iron Petals|Florges, L50, F|100\/100\n|turn|4\n|inactive|arbokiara has 30 seconds left.\n|inactive|arbokiara has 20 seconds left.\n|\n|t:|1681766206\n|switch|p2b: Flutter Mane|Flutter Mane, L50|100\/100\n|-enditem|p2b: Flutter Mane|Booster Energy\n|-activate|p2b: Flutter Mane|ability: Protosynthesis|[fromitem]\n|-start|p2b: Flutter Mane|protosynthesisspe\n|move|p2a: Palafin|Jet Punch|p1b: Iron Petals\n|-damage|p1b: Iron Petals|76\/100\n|move|p1b: Iron Petals|Chilling Water|p2a: Palafin\n|-resisted|p2a: Palafin\n|-crit|p2a: Palafin\n|-damage|p2a: Palafin|0 fnt\n|faint|p2a: Palafin\n|-damage|p1b: Iron Petals|66\/100|[from] item: Life Orb\n|move|p1a: Raid Champion|Ice Spinner|p2b: Flutter Mane\n|-damage|p2b: Flutter Mane|36\/100\n|\n|-sideend|p1: Chaotic Raos|move: Tailwind\n|upkeep\n|\n|t:|1681766225\n|switch|p2a: Dragonite|Dragonite, L50, F|88\/100\n|turn|5\n|\n|t:|1681766237\n|move|p2a: Dragonite|Extreme Speed|p1a: Raid Champion\n|-damage|p1a: Raid Champion|34\/100\n|move|p1a: Raid Champion|Aqua Jet|p2b: Flutter Mane\n|-damage|p2b: Flutter Mane|0 fnt\n|faint|p2b: Flutter Mane\n|-end|p2b: Flutter Mane|Protosynthesis|[silent]\n|move|p1b: Iron Petals|Moonblast|p2a: Dragonite\n|-supereffective|p2a: Dragonite\n|-damage|p2a: Dragonite|5\/100\n|-damage|p1b: Iron Petals|56\/100|[from] item: Life Orb\n|\n|upkeep\n|\n|t:|1681766246\n|switch|p2b: Chien-Pao|Chien-Pao, L50|100\/100\n|-ability|p2b: Chien-Pao|Sword of Ruin\n|turn|6\n|\n|t:|1681766268\n|switch|p1a: Brave Bird|Talonflame, L50, F|31\/100\n|move|p2a: Dragonite|Extreme Speed|p1a: Brave Bird\n|-damage|p1a: Brave Bird|0 fnt\n|faint|p1a: Brave Bird\n|move|p2b: Chien-Pao|Ice Spinner|p1b: Iron Petals\n|-damage|p1b: Iron Petals|12\/100\n|move|p1b: Iron Petals|Chilling Water|p2a: Dragonite\n|-resisted|p2a: Dragonite\n|-damage|p2a: Dragonite|0 fnt\n|faint|p2a: Dragonite\n|-damage|p1b: Iron Petals|3\/100|[from] item: Life Orb\n|\n|upkeep\n|\n|t:|1681766279\n|switch|p1a: Raid Champion|Azumarill, L50, M|34\/100\n|turn|7\n|\n|t:|1681766300\n|move|p2b: Chien-Pao|Ice Spinner|p1a: Raid Champion\n|-resisted|p1a: Raid Champion\n|-damage|p1a: Raid Champion|6\/100\n|move|p1b: Iron Petals|Moonblast|p2b: Chien-Pao\n|-supereffective|p2b: Chien-Pao\n|-enditem|p2b: Chien-Pao|Focus Sash\n|-damage|p2b: Chien-Pao|1\/100\n|-unboost|p2b: Chien-Pao|spa|1\n|-damage|p1b: Iron Petals|0 fnt|[from] item: Life Orb\n|faint|p1b: Iron Petals\n|move|p1a: Raid Champion|Play Rough|p2b: Chien-Pao\n|-supereffective|p2b: Chien-Pao\n|-damage|p2b: Chien-Pao|0 fnt\n|faint|p2b: Chien-Pao\n|\n|win|Chaotic Raos\n|raw|Chaotic Raos's rating: 1339 → 1354<\/strong> (+15 for winning)\n|raw|arbokiara's rating: 1255 → 1236<\/strong> (-19 for losing)\n","uploadtime":1681766317,"views":6,"p1id":"chaoticraos","p2id":"arbokiara","formatid":"gen9vgc2023regulationc","rating":1236,"private":0,"password":""}