{"id":"gen9vgc2023regulationc-1845853197","p1":"Sophie Lumina","p2":"dinklebery","format":"[Gen 9] VGC 2023 Regulation C","log":"|j|\u2606Sophie Lumina\n|j|\u2606dinklebery\n|t:|1681771573\n|gametype|doubles\n|player|p1|Sophie Lumina|iono|1007\n|player|p2|dinklebery|102|1071\n|teamsize|p1|6\n|teamsize|p2|6\n|gen|9\n|tier|[Gen 9] VGC 2023 Regulation C\n|rated|\n|rule|Species Clause: Limit one of each Pok\u00e9mon\n|rule|Item Clause: Limit one of each item\n|clearpoke\n|poke|p1|Volcarona, L50, M|\n|poke|p1|Bellibolt, L50, F|\n|poke|p1|Glimmora, L50, M|\n|poke|p1|Orthworm, L50, M|\n|poke|p1|Dragonite, L50, F|\n|poke|p1|Great Tusk, L50|\n|poke|p2|Orthworm, L50, F|\n|poke|p2|Gyarados, L50, F|\n|poke|p2|Ting-Lu, L50|\n|poke|p2|Dragonite, L50, F|\n|poke|p2|Flutter Mane, L50|\n|poke|p2|Amoonguss, L50, M|\n|teampreview|4\n|inactive|Battle timer is ON: inactive players will automatically lose when time's up. (requested by dinklebery)\n|\n|t:|1681771608\n|start\n|switch|p1a: Glimmora|Glimmora, L50, M|100\/100\n|switch|p1b: Dragonite|Dragonite, L50, F|100\/100\n|switch|p2a: Orthworm|Orthworm, L50, F|100\/100\n|switch|p2b: Dragonite|Dragonite, L50, F|100\/100\n|turn|1\n|\n|t:|1681771629\n|switch|p2b: Gyarados|Gyarados, L50, F|100\/100\n|-ability|p2b: Gyarados|Intimidate|boost\n|-unboost|p1a: Glimmora|atk|1\n|-unboost|p1b: Dragonite|atk|1\n|move|p1a: Glimmora|Reflect|p1a: Glimmora\n|-sidestart|p1: Sophie Lumina|Reflect\n|move|p1b: Dragonite|Ice Spinner|p2b: Gyarados\n|-damage|p2b: Gyarados|78\/100\n|move|p2a: Orthworm|Shed Tail|p2a: Orthworm\n|-start|p2a: Orthworm|Substitute|[from] move: Shed Tail\n|-damage|p2a: Orthworm|50\/100\n|-enditem|p2a: Orthworm|Sitrus Berry|[eat]\n|-heal|p2a: Orthworm|75\/100|[from] item: Sitrus Berry\n|\n|t:|1681771643\n|switch|p2a: Dragonite|Dragonite, L50, F|100\/100|[from] Shed Tail\n|\n|upkeep\n|turn|2\n|inactive|dinklebery has 30 seconds left.\n|\n|t:|1681771676\n|move|p1a: Glimmora|Light Screen|p1a: Glimmora\n|-sidestart|p1: Sophie Lumina|move: Light Screen\n|move|p2a: Dragonite|Ice Spinner|p1b: Dragonite\n|-supereffective|p1b: Dragonite\n|-damage|p1b: Dragonite|40\/100\n|move|p2b: Gyarados|Dragon Dance|p2b: Gyarados\n|-boost|p2b: Gyarados|atk|1\n|-boost|p2b: Gyarados|spe|1\n|move|p1b: Dragonite|Ice Spinner|p2a: Dragonite\n|-supereffective|p2a: Dragonite\n|-end|p2a: Dragonite|Substitute\n|\n|upkeep\n|turn|3\n|\n|t:|1681771699\n|switch|p2a: Orthworm|Orthworm, L50, F|75\/100\n|-terastallize|p1b: Dragonite|Normal\n|move|p2b: Gyarados|Waterfall|p1a: Glimmora\n|-supereffective|p1a: Glimmora\n|-damage|p1a: Glimmora|33\/100\n|-activate|p1a: Glimmora|ability: Toxic Debris\n|-sidestart|p2: dinklebery|move: Toxic Spikes\n|move|p1a: Glimmora|Mortal Spin|p2a: Orthworm|[spread] p2b\n|-immune|p2a: Orthworm\n|-damage|p2b: Gyarados|74\/100\n|-status|p2b: Gyarados|psn\n|move|p1b: Dragonite|Ice Spinner|p2a: Orthworm\n|-resisted|p2a: Orthworm\n|-damage|p2a: Orthworm|67\/100\n|\n|-damage|p2b: Gyarados|62\/100 psn|[from] psn\n|upkeep\n|turn|4\n|inactive|Sophie Lumina has 30 seconds left.\n|inactive|dinklebery has 30 seconds left.\n|\n|t:|1681771732\n|switch|p1a: Bellibolt|Bellibolt, L50, F|100\/100\n|move|p2b: Gyarados|Waterfall|p1a: Bellibolt\n|-damage|p1a: Bellibolt|68\/100\n|-start|p1a: Bellibolt|Charge|Waterfall|[from] ability: Electromorphosis\n|move|p1b: Dragonite|Thunder Punch|p2b: Gyarados\n|-supereffective|p2b: Gyarados\n|-damage|p2b: Gyarados|0 fnt\n|faint|p2b: Gyarados\n|move|p2a: Orthworm|Shed Tail|p2a: Orthworm\n|-start|p2a: Orthworm|Substitute|[from] move: Shed Tail\n|-damage|p2a: Orthworm|16\/100\n|\n|t:|1681771746\n|switch|p2a: Dragonite|Dragonite, L50, F|100\/100|[from] Shed Tail\n|\n|upkeep\n|\n|t:|1681771750\n|switch|p2b: Orthworm|Orthworm, L50, F|16\/100\n|turn|5\n|\n|t:|1681771767\n|move|p2a: Dragonite|Earthquake|p1b: Dragonite|[spread] p1a,p1b\n|-heal|p2b: Orthworm|41\/100|[from] ability: Earth Eater|[of] p2a: Dragonite\n|-supereffective|p1a: Bellibolt\n|-damage|p1a: Bellibolt|13\/100\n|-damage|p1b: Dragonite|11\/100\n|-start|p1a: Bellibolt|Charge|Earthquake|[from] ability: Electromorphosis\n|move|p1b: Dragonite|Brick Break|p2b: Orthworm\n|-supereffective|p2b: Orthworm\n|-damage|p2b: Orthworm|11\/100\n|move|p2b: Orthworm|Iron Defense|p2b: Orthworm\n|-boost|p2b: Orthworm|def|2\n|move|p1a: Bellibolt|Parabolic Charge|p2b: Orthworm|[spread] p1b,p2a,p2b\n|-activate|p2a: Dragonite|move: Substitute|[damage]\n|-heal|p1a: Bellibolt|26\/100|[from] drain|[of] p2a: Dragonite\n|-damage|p1b: Dragonite|0 fnt\n|-heal|p1a: Bellibolt|33\/100|[from] drain|[of] p1b: Dragonite\n|-damage|p2b: Orthworm|0 fnt\n|-heal|p1a: Bellibolt|38\/100|[from] drain|[of] p2b: Orthworm\n|faint|p1b: Dragonite\n|faint|p2b: Orthworm\n|-end|p1a: Bellibolt|Charge|[silent]\n|\n|upkeep\n|inactive|Sophie Lumina has 30 seconds left.\n|\n|t:|1681771792\n|switch|p1b: Orthworm|Orthworm, L50, M|100\/100\n|switch|p2b: Ting-Lu|Ting-Lu, L50|100\/100\n|-status|p2b: Ting-Lu|psn\n|-ability|p2b: Ting-Lu|Vessel of Ruin\n|turn|6\n|\n|t:|1681771815\n|move|p1a: Bellibolt|Protect|p1a: Bellibolt\n|-singleturn|p1a: Bellibolt|Protect\n|move|p2a: Dragonite|Earthquake|p1b: Orthworm|[spread] p2b\n|-activate|p1a: Bellibolt|move: Protect\n|-immune|p1b: Orthworm|[from] ability: Earth Eater\n|-damage|p2b: Ting-Lu|76\/100 psn\n|move|p1b: Orthworm|Iron Defense|p1b: Orthworm\n|-boost|p1b: Orthworm|def|2\n|move|p2b: Ting-Lu|Ruination|p1b: Orthworm\n|-damage|p1b: Orthworm|51\/100\n|\n|-damage|p2b: Ting-Lu|64\/100 psn|[from] psn\n|upkeep\n|turn|7\n|inactive|Sophie Lumina has 30 seconds left.\n|\n|t:|1681771842\n|move|p2a: Dragonite|Earthquake|p1a: Bellibolt|[spread] p2b,p1a\n|-heal|p1b: Orthworm|76\/100|[from] ability: Earth Eater|[of] p2a: Dragonite\n|-supereffective|p1a: Bellibolt\n|-crit|p1a: Bellibolt\n|-damage|p2b: Ting-Lu|39\/100 psn\n|-damage|p1a: Bellibolt|0 fnt\n|faint|p1a: Bellibolt\n|move|p1b: Orthworm|Body Press|p2b: Ting-Lu\n|-supereffective|p2b: Ting-Lu\n|-damage|p2b: Ting-Lu|0 fnt\n|faint|p2b: Ting-Lu\n|\n|upkeep\n|\n|t:|1681771854\n|switch|p1a: Glimmora|Glimmora, L50, M|33\/100\n|turn|8\n|\n|t:|1681771862\n|move|p1a: Glimmora|Memento||[still]\n|-fail|p1a: Glimmora\n|move|p2a: Dragonite|Earthquake|p1b: Orthworm|[spread] p1a\n|-heal|p1b: Orthworm|100\/100|[from] ability: Earth Eater|[of] p2a: Dragonite\n|-supereffective|p1a: Glimmora\n|-damage|p1a: Glimmora|0 fnt\n|-activate|p1a: Glimmora|ability: Toxic Debris\n|-sidestart|p2: dinklebery|move: Toxic Spikes\n|faint|p1a: Glimmora\n|move|p1b: Orthworm|Iron Defense|p1b: Orthworm\n|-boost|p1b: Orthworm|def|2\n|\n|-sideend|p1: Sophie Lumina|Reflect\n|upkeep\n|turn|9\n|-message|dinklebery forfeited.\n|\n|win|Sophie Lumina\n|raw|Sophie Lumina's rating: 1007 → 1053<\/strong> (+46 for winning)\n|raw|dinklebery's rating: 1071 → 1047<\/strong> (-24 for losing)\n|l|\u2606dinklebery\n|c|\u2606Sophie Lumina|ok?\n","uploadtime":1681772039,"views":8,"p1id":"sophielumina","p2id":"dinklebery","formatid":"gen9vgc2023regulationc","rating":1047,"private":0,"password":""}