{"id":"gen9vgc2023regulationc-1847798045","p1":"chamo3413","p2":"fizzywizzyglizzy","format":"[Gen 9] VGC 2023 Regulation C","log":"|j|\u2606chamo3413\n|j|\u2606fizzywizzyglizzy\n|t:|1682002855\n|gametype|doubles\n|player|p1|chamo3413|265|1356\n|player|p2|fizzywizzyglizzy|266|1317\n|teamsize|p1|6\n|teamsize|p2|6\n|gen|9\n|tier|[Gen 9] VGC 2023 Regulation C\n|rated|\n|rule|Species Clause: Limit one of each Pok\u00e9mon\n|rule|Item Clause: Limit one of each item\n|clearpoke\n|poke|p1|Flutter Mane, L50|\n|poke|p1|Dondozo, L50, M|\n|poke|p1|Chi-Yu, L50|\n|poke|p1|Tatsugiri, L50, M|\n|poke|p1|Gholdengo, L50|\n|poke|p1|Great Tusk, L50|\n|poke|p2|Arcanine, L50, F|\n|poke|p2|Palafin, L50, M|\n|poke|p2|Kingambit, L50, M|\n|poke|p2|Garganacl, L50, M|\n|poke|p2|Flutter Mane, L50|\n|poke|p2|Amoonguss, L50, M|\n|teampreview|4\n|\n|t:|1682002904\n|start\n|switch|p1a: Tatsugiri|Tatsugiri, L50, M|100\/100\n|switch|p1b: Chi-Yu|Chi-Yu, L50|100\/100\n|switch|p2a: Kingambit|Kingambit, L50, M, shiny|100\/100\n|switch|p2b: Garganacl|Garganacl, L50, M, shiny|100\/100\n|-ability|p1b: Chi-Yu|Beads of Ruin\n|turn|1\n|\n|t:|1682002938\n|-terastallize|p1b: Chi-Yu|Water\n|-terastallize|p2b: Garganacl|Poison\n|move|p2a: Kingambit|Protect|p2a: Kingambit\n|-singleturn|p2a: Kingambit|Protect\n|move|p1b: Chi-Yu|Tera Blast|p1a: Tatsugiri\n|-activate|p1a: Tatsugiri|ability: Storm Drain\n|-ability|p1a: Tatsugiri|Storm Drain|boost\n|-boost|p1a: Tatsugiri|spa|1\n|move|p1a: Tatsugiri|Dragon Pulse|p2b: Garganacl\n|-damage|p2b: Garganacl|6\/100\n|move|p2b: Garganacl|Salt Cure|p1a: Tatsugiri\n|-damage|p1a: Tatsugiri|79\/100\n|-start|p1a: Tatsugiri|Salt Cure\n|\n|-heal|p2b: Garganacl|12\/100|[from] item: Leftovers\n|-damage|p1a: Tatsugiri|55\/100|[from] Salt Cure\n|upkeep\n|turn|2\n|\n|t:|1682002982\n|move|p2b: Garganacl|Protect|p2b: Garganacl\n|-singleturn|p2b: Garganacl|Protect\n|move|p2a: Kingambit|Sucker Punch|p1b: Chi-Yu\n|-damage|p1b: Chi-Yu|27\/100\n|move|p1b: Chi-Yu|Heat Wave|p2a: Kingambit|[spread] p2a\n|-activate|p2b: Garganacl|move: Protect\n|-supereffective|p2a: Kingambit\n|-damage|p2a: Kingambit|0 fnt\n|faint|p2a: Kingambit\n|-damage|p1b: Chi-Yu|18\/100|[from] item: Life Orb\n|move|p1a: Tatsugiri|Dragon Pulse|p2b: Garganacl\n|-activate|p2b: Garganacl|move: Protect\n|\n|-heal|p2b: Garganacl|17\/100|[from] item: Leftovers\n|-damage|p1a: Tatsugiri|30\/100|[from] Salt Cure\n|upkeep\n|\n|t:|1682003003\n|switch|p2a: Flutter Mane|Flutter Mane, L50|100\/100\n|-enditem|p2a: Flutter Mane|Booster Energy\n|-activate|p2a: Flutter Mane|ability: Protosynthesis|[fromitem]\n|-start|p2a: Flutter Mane|protosynthesisspe\n|turn|3\n|\n|t:|1682003024\n|move|p2b: Garganacl|Wide Guard|p2b: Garganacl\n|-singleturn|p2b: Garganacl|Wide Guard\n|move|p2a: Flutter Mane|Moonblast|p1a: Tatsugiri\n|-supereffective|p1a: Tatsugiri\n|-damage|p1a: Tatsugiri|0 fnt\n|faint|p1a: Tatsugiri\n|move|p1b: Chi-Yu|Dark Pulse|p2b: Garganacl\n|-damage|p2b: Garganacl|0 fnt\n|faint|p2b: Garganacl\n|-damage|p1b: Chi-Yu|8\/100|[from] item: Life Orb\n|\n|upkeep\n|\n|t:|1682003042\n|switch|p1a: Gholdengo|Gholdengo, L50|100\/100\n|switch|p2b: Arcanine|Arcanine, L50, F|100\/100\n|-ability|p2b: Arcanine|Intimidate|boost\n|-unboost|p1a: Gholdengo|atk|1\n|-unboost|p1b: Chi-Yu|atk|1\n|turn|4\n|\n|t:|1682003092\n|move|p2a: Flutter Mane|Thunderbolt|p1b: Chi-Yu\n|-supereffective|p1b: Chi-Yu\n|-damage|p1b: Chi-Yu|0 fnt\n|faint|p1b: Chi-Yu\n|move|p2b: Arcanine|Flare Blitz|p1a: Gholdengo\n|-supereffective|p1a: Gholdengo\n|-damage|p1a: Gholdengo|22\/100\n|-damage|p2b: Arcanine|75\/100|[from] Recoil\n|move|p1a: Gholdengo|Make It Rain|p2b: Arcanine|[spread] p2a,p2b\n|-supereffective|p2a: Flutter Mane\n|-resisted|p2b: Arcanine\n|-damage|p2a: Flutter Mane|30\/100\n|-damage|p2b: Arcanine|58\/100\n|-unboost|p1a: Gholdengo|spa|1\n|\n|-heal|p1a: Gholdengo|29\/100|[from] item: Leftovers\n|upkeep\n|\n|t:|1682003108\n|switch|p1b: Great Tusk|Great Tusk, L50|100\/100\n|turn|5\n|\n|t:|1682003146\n|move|p2a: Flutter Mane|Protect|p2a: Flutter Mane\n|-singleturn|p2a: Flutter Mane|Protect\n|move|p2b: Arcanine|Protect|p2b: Arcanine\n|-singleturn|p2b: Arcanine|Protect\n|move|p1b: Great Tusk|Rock Slide|p2a: Flutter Mane|[spread] \n|-activate|p2a: Flutter Mane|move: Protect\n|-activate|p2b: Arcanine|move: Protect\n|move|p1a: Gholdengo|Make It Rain|p2a: Flutter Mane|[spread] \n|-activate|p2a: Flutter Mane|move: Protect\n|-activate|p2b: Arcanine|move: Protect\n|\n|-heal|p1a: Gholdengo|35\/100|[from] item: Leftovers\n|upkeep\n|turn|6\n|\n|t:|1682003167\n|move|p1a: Gholdengo|Protect|p1a: Gholdengo\n|-singleturn|p1a: Gholdengo|Protect\n|move|p2a: Flutter Mane|Moonblast|p1b: Great Tusk\n|-supereffective|p1b: Great Tusk\n|-damage|p1b: Great Tusk|0 fnt\n|faint|p1b: Great Tusk\n|-end|p1b: Great Tusk|Protosynthesis|[silent]\n|move|p2b: Arcanine|Flare Blitz|p1a: Gholdengo\n|-activate|p1a: Gholdengo|move: Protect\n|\n|-heal|p1a: Gholdengo|41\/100|[from] item: Leftovers\n|upkeep\n|turn|7\n|-message|chamo3413 forfeited.\n|\n|win|fizzywizzyglizzy\n|raw|chamo3413's rating: 1356 → 1334<\/strong> (-22 for losing)\n|raw|fizzywizzyglizzy's rating: 1317 → 1339<\/strong> (+22 for winning)\n|l|\u2606chamo3413\n","uploadtime":1682003184,"views":8,"p1id":"chamo3413","p2id":"fizzywizzyglizzy","formatid":"gen9vgc2023regulationc","rating":1334,"private":0,"password":""}