{"id":"gen9vgc2023regulationc-1845901115","p1":"KoramTrainer","p2":"coolsword16","format":"[Gen 9] VGC 2023 Regulation C","log":"|j|\u2606KoramTrainer\n|j|\u2606coolsword16\n|t:|1681777164\n|gametype|doubles\n|player|p1|KoramTrainer|hilbert|1175\n|player|p2|coolsword16|1|1292\n|teamsize|p1|4\n|teamsize|p2|6\n|gen|9\n|tier|[Gen 9] VGC 2023 Regulation C\n|rated|\n|rule|Species Clause: Limit one of each Pok\u00e9mon\n|rule|Item Clause: Limit one of each item\n|clearpoke\n|poke|p1|Corviknight, L50, F|\n|poke|p1|Rotom-Wash, L50|\n|poke|p1|Ting-Lu, L50|\n|poke|p1|Flutter Mane, L50|\n|poke|p2|Tropius, L50, F|\n|poke|p2|Farigiraf, L50, F|\n|poke|p2|Hariyama, L50, F|\n|poke|p2|Dragonite, L50, F|\n|poke|p2|Tinkaton, L50, F|\n|poke|p2|Arcanine, L50, F|\n|teampreview|4\n|inactive|Battle timer is ON: inactive players will automatically lose when time's up. (requested by KoramTrainer)\n|inactive|KoramTrainer has 60 seconds left.\n|inactive|coolsword16 has 60 seconds left.\n|inactive|KoramTrainer has 30 seconds left.\n|inactive|KoramTrainer has 20 seconds left.\n|inactive|KoramTrainer has 15 seconds left.\n|inactive|KoramTrainer has 10 seconds left.\n|\n|t:|1681777251\n|start\n|switch|p1a: Corviknight|Corviknight, L50, F|100\/100\n|switch|p1b: Rotom|Rotom-Wash, L50|100\/100\n|switch|p2a: Lassie|Arcanine, L50, F|100\/100\n|switch|p2b: Bratz|Tinkaton, L50, F|100\/100\n|-ability|p2a: Lassie|Intimidate|boost\n|-ability|p1a: Corviknight|Mirror Armor\n|-unboost|p2a: Lassie|atk|1\n|-unboost|p1b: Rotom|atk|1\n|-ability|p2b: Bratz|Mold Breaker\n|turn|1\n|inactive|KoramTrainer has 30 seconds left.\n|inactive|KoramTrainer has 20 seconds left.\n|inactive|KoramTrainer has 15 seconds left.\n|inactive|KoramTrainer has 10 seconds left.\n|inactive|KoramTrainer has 5 seconds left.\n|\n|t:|1681777307\n|switch|p2a: Lady Kubwa|Farigiraf, L50, F|100\/100\n|switch|p1b: Flutter Mane|Flutter Mane, L50|100\/100\n|-enditem|p1b: Flutter Mane|Booster Energy\n|-activate|p1b: Flutter Mane|ability: Protosynthesis|[fromitem]\n|-start|p1b: Flutter Mane|protosynthesisspe\n|-terastallize|p1a: Corviknight|Water\n|move|p2b: Bratz|Fake Out|p1b: Flutter Mane\n|-immune|p1b: Flutter Mane\n|move|p1a: Corviknight|Brave Bird|p2a: Lady Kubwa\n|-damage|p2a: Lady Kubwa|53\/100\n|-damage|p1a: Corviknight|83\/100|[from] Recoil\n|\n|-heal|p1a: Corviknight|89\/100|[from] item: Leftovers\n|upkeep\n|turn|2\n|inactive|KoramTrainer has 30 seconds left.\n|inactive|coolsword16 has 30 seconds left.\n|\n|t:|1681777337\n|-end|p1b: Flutter Mane|Protosynthesis|[silent]\n|switch|p1b: Ting-Lu|Ting-Lu, L50|100\/100\n|-ability|p1b: Ting-Lu|Vessel of Ruin\n|move|p2b: Bratz|Gigaton Hammer|p1b: Ting-Lu\n|-damage|p1b: Ting-Lu|57\/100\n|move|p1a: Corviknight|Brave Bird|p2a: Lady Kubwa\n|-crit|p2a: Lady Kubwa\n|-damage|p2a: Lady Kubwa|0 fnt\n|faint|p2a: Lady Kubwa\n|-damage|p1a: Corviknight|70\/100|[from] Recoil\n|\n|-heal|p1a: Corviknight|76\/100|[from] item: Leftovers\n|upkeep\n|\n|t:|1681777350\n|switch|p2a: Big Bertha|Dragonite, L50, F|100\/100\n|turn|3\n|\n|t:|1681777361\n|switch|p1b: Flutter Mane|Flutter Mane, L50|100\/100\n|-terastallize|p2a: Big Bertha|Normal\n|move|p2b: Bratz|Helping Hand|p2a: Big Bertha\n|-singleturn|p2a: Big Bertha|Helping Hand|[of] p2b: Bratz\n|move|p2a: Big Bertha|Extreme Speed|p1a: Corviknight\n|-damage|p1a: Corviknight|0 fnt\n|faint|p1a: Corviknight\n|\n|upkeep\n|\n|t:|1681777374\n|switch|p1a: Ting-Lu|Ting-Lu, L50|57\/100\n|-ability|p1a: Ting-Lu|Vessel of Ruin\n|turn|4\n|\n|t:|1681777393\n|move|p1b: Flutter Mane|Protect|p1b: Flutter Mane\n|-singleturn|p1b: Flutter Mane|Protect\n|move|p2a: Big Bertha|Extreme Speed|p1a: Ting-Lu\n|-damage|p1a: Ting-Lu|15\/100\n|move|p2b: Bratz|Gigaton Hammer|p1b: Flutter Mane\n|-activate|p1b: Flutter Mane|move: Protect\n|move|p1a: Ting-Lu|Stomping Tantrum|p2b: Bratz\n|-supereffective|p2b: Bratz\n|-damage|p2b: Bratz|27\/100\n|\n|upkeep\n|turn|5\n|\n|t:|1681777413\n|switch|p2b: Lassie|Arcanine, L50, F|100\/100\n|-ability|p2b: Lassie|Intimidate|boost\n|-unboost|p1a: Ting-Lu|atk|1\n|-unboost|p1b: Flutter Mane|atk|1\n|switch|p1a: Rotom|Rotom-Wash, L50|100\/100\n|move|p2a: Big Bertha|Extreme Speed|p1a: Rotom\n|-damage|p1a: Rotom|17\/100\n|move|p1b: Flutter Mane|Shadow Ball|p2b: Lassie\n|-damage|p2b: Lassie|61\/100\n|\n|upkeep\n|turn|6\n|inactive|KoramTrainer has 30 seconds left.\n|\n|t:|1681777446\n|-end|p1b: Flutter Mane|Protosynthesis|[silent]\n|switch|p1b: Ting-Lu|Ting-Lu, L50|15\/100\n|-ability|p1b: Ting-Lu|Vessel of Ruin\n|move|p2a: Big Bertha|Extreme Speed|p1a: Rotom\n|-damage|p1a: Rotom|0 fnt\n|faint|p1a: Rotom\n|move|p2b: Lassie|Flare Blitz|p1b: Ting-Lu\n|-damage|p1b: Ting-Lu|0 fnt\n|faint|p1b: Ting-Lu\n|-damage|p2b: Lassie|55\/100|[from] Recoil\n|\n|upkeep\n|\n|t:|1681777459\n|switch|p1a: Flutter Mane|Flutter Mane, L50|100\/100\n|turn|7\n|\n|t:|1681777464\n|switch|p2a: Bratz|Tinkaton, L50, F|27\/100\n|-ability|p2a: Bratz|Mold Breaker\n|move|p1a: Flutter Mane|Shadow Ball|p2b: Lassie\n|-damage|p2b: Lassie|17\/100\n|move|p2b: Lassie|Morning Sun|p2b: Lassie\n|-heal|p2b: Lassie|67\/100\n|\n|upkeep\n|turn|8\n|-message|KoramTrainer forfeited.\n|\n|win|coolsword16\n|raw|KoramTrainer's rating: 1175 → 1158<\/strong> (-17 for losing)\n|raw|coolsword16's rating: 1292 → 1309<\/strong> (+17 for winning)\n","uploadtime":1681777480,"views":9,"p1id":"koramtrainer","p2id":"coolsword16","formatid":"gen9vgc2023regulationc","rating":1158,"private":0,"password":""}