{"id":"gen9vgc2023regulationc-1861198036","p1":"ontherun1122","p2":"Ykrach","format":"[Gen 9] VGC 2023 Regulation C","log":"|j|\u2606ontherun1122\n|j|\u2606Ykrach\n|t:|1683735101\n|gametype|doubles\n|player|p1|ontherun1122|265|1102\n|player|p2|Ykrach|acetrainer-gen4dp|1078\n|teamsize|p1|6\n|teamsize|p2|6\n|gen|9\n|tier|[Gen 9] VGC 2023 Regulation C\n|rated|\n|rule|Species Clause: Limit one of each Pok\u00e9mon\n|rule|Item Clause: Limit one of each item\n|clearpoke\n|poke|p1|Chi-Yu, L50|\n|poke|p1|Dachsbun, L50, M|\n|poke|p1|Talonflame, L50, F|\n|poke|p1|Amoonguss, L50, F|\n|poke|p1|Iron Hands, L50|\n|poke|p1|Flutter Mane, L50|\n|poke|p2|Grafaiai, L50, M|\n|poke|p2|Tinkaton, L50, F|\n|poke|p2|Hatterene, L50, F|\n|poke|p2|Iron Bundle, L50|\n|poke|p2|Toedscruel, L50, F|\n|poke|p2|Talonflame, L50, F|\n|teampreview|4\n|inactive|Battle timer is ON: inactive players will automatically lose when time's up. (requested by Ykrach)\n|inactive|ontherun1122 has 60 seconds left.\n|\n|t:|1683735172\n|start\n|switch|p1a: Dachsbun|Dachsbun, L50, M|100\/100\n|switch|p1b: Chi-Yu|Chi-Yu, L50|100\/100\n|switch|p2a: Grafaiai|Grafaiai, L50, M|100\/100\n|switch|p2b: Tinkaton|Tinkaton, L50, F|100\/100\n|-ability|p1b: Chi-Yu|Beads of Ruin\n|turn|1\n|inactive|ontherun1122 has 30 seconds left.\n|inactive|ontherun1122 has 20 seconds left.\n|\n|t:|1683735207\n|-terastallize|p2b: Tinkaton|Ground\n|-terastallize|p1a: Dachsbun|Grass\n|move|p2b: Tinkaton|Fake Out|p1b: Chi-Yu\n|-damage|p1b: Chi-Yu|86\/100\n|move|p2a: Grafaiai|Swagger|p2b: Tinkaton\n|-boost|p2b: Tinkaton|atk|2\n|-immune|p2b: Tinkaton|confusion|[from] ability: Own Tempo\n|cant|p1b: Chi-Yu|flinch\n|move|p1a: Dachsbun|Yawn|p2a: Grafaiai\n|-start|p2a: Grafaiai|move: Yawn|[of] p1a: Dachsbun\n|\n|upkeep\n|turn|2\n|\n|t:|1683735232\n|move|p2a: Grafaiai|Scary Face|p1b: Chi-Yu\n|-hint|Since gen 7, Dark is immune to Prankster moves.\n|-immune|p1b: Chi-Yu\n|move|p1b: Chi-Yu|Lava Plume|p2b: Tinkaton|[spread] p2a,p2b\n|-ability|p1a: Dachsbun|Well-Baked Body|boost\n|-boost|p1a: Dachsbun|def|2\n|-damage|p2a: Grafaiai|43\/100\n|-damage|p2b: Tinkaton|73\/100\n|-status|p2b: Tinkaton|brn\n|move|p2b: Tinkaton|Tera Blast|p1b: Chi-Yu\n|-supereffective|p1b: Chi-Yu\n|-damage|p1b: Chi-Yu|1\/100\n|move|p1a: Dachsbun|Body Press|p2b: Tinkaton\n|-damage|p2b: Tinkaton|32\/100 brn\n|\n|-damage|p2b: Tinkaton|26\/100 brn|[from] brn\n|-end|p2a: Grafaiai|move: Yawn|[silent]\n|-status|p2a: Grafaiai|slp\n|upkeep\n|turn|3\n|inactive|ontherun1122 has 30 seconds left.\n|\n|t:|1683735262\n|move|p1b: Chi-Yu|Lava Plume|p2a: Grafaiai|[spread] p2a,p2b\n|-ability|p1a: Dachsbun|Well-Baked Body|boost\n|-boost|p1a: Dachsbun|def|2\n|-damage|p2a: Grafaiai|0 fnt\n|-damage|p2b: Tinkaton|0 fnt\n|faint|p2a: Grafaiai\n|faint|p2b: Tinkaton\n|move|p1a: Dachsbun|Baton Pass|p1a: Dachsbun\n|\n|t:|1683735274\n|switch|p1a: Iron Hands|Iron Hands, L50|100\/100|[from] Baton Pass\n|\n|upkeep\n|\n|t:|1683735278\n|switch|p2a: Iron Bundle|Iron Bundle, L50|100\/100\n|switch|p2b: Toedscruel|Toedscruel, L50, F, shiny|100\/100\n|-enditem|p2a: Iron Bundle|Booster Energy\n|-activate|p2a: Iron Bundle|ability: Quark Drive|[fromitem]\n|-start|p2a: Iron Bundle|quarkdrivespe\n|turn|4\n|\n|t:|1683735303\n|move|p2a: Iron Bundle|Hydro Pump|p1b: Chi-Yu\n|-supereffective|p1b: Chi-Yu\n|-damage|p1b: Chi-Yu|0 fnt\n|faint|p1b: Chi-Yu\n|move|p1a: Iron Hands|Thunder Punch|p2a: Iron Bundle\n|-supereffective|p2a: Iron Bundle\n|-damage|p2a: Iron Bundle|17\/100\n|move|p2b: Toedscruel|Spore|p1a: Iron Hands\n|-status|p1a: Iron Hands|slp|[from] move: Spore\n|\n|upkeep\n|\n|t:|1683735326\n|switch|p1b: Flutter Mane|Flutter Mane, L50|100\/100\n|turn|5\n|\n|t:|1683735344\n|move|p2a: Iron Bundle|Freeze-Dry|p1b: Flutter Mane\n|-damage|p1b: Flutter Mane|66\/100\n|-status|p1b: Flutter Mane|frz\n|cant|p1b: Flutter Mane|frz\n|move|p2b: Toedscruel|Earth Power|p1a: Iron Hands\n|-supereffective|p1a: Iron Hands\n|-damage|p1a: Iron Hands|69\/100 slp\n|-unboost|p1a: Iron Hands|spd|1\n|cant|p1a: Iron Hands|slp\n|\n|upkeep\n|turn|6\n|\n|t:|1683735358\n|move|p2a: Iron Bundle|Icy Wind|p1b: Flutter Mane|[spread] p1a,p1b\n|-damage|p1a: Iron Hands|55\/100 slp\n|-damage|p1b: Flutter Mane|46\/100 frz\n|-unboost|p1a: Iron Hands|spe|1\n|-unboost|p1b: Flutter Mane|spe|1\n|cant|p1b: Flutter Mane|frz\n|move|p2b: Toedscruel|Earth Power|p1a: Iron Hands\n|-supereffective|p1a: Iron Hands\n|-damage|p1a: Iron Hands|13\/100 slp\n|cant|p1a: Iron Hands|slp\n|\n|upkeep\n|turn|7\n|\n|t:|1683735374\n|move|p2a: Iron Bundle|Icy Wind|p1b: Flutter Mane|[spread] p1b\n|-miss|p2a: Iron Bundle|p1a: Iron Hands\n|-damage|p1b: Flutter Mane|23\/100 frz\n|-unboost|p1b: Flutter Mane|spe|1\n|move|p2b: Toedscruel|Earth Power|p1a: Iron Hands\n|-supereffective|p1a: Iron Hands\n|-damage|p1a: Iron Hands|0 fnt\n|faint|p1a: Iron Hands\n|-end|p1a: Iron Hands|Quark Drive|[silent]\n|cant|p1b: Flutter Mane|frz\n|\n|upkeep\n|\n|t:|1683735384\n|switch|p1a: Dachsbun|Dachsbun, L50, M, tera:Grass|100\/100\n|turn|8\n|\n|t:|1683735390\n|move|p2a: Iron Bundle|Freeze-Dry|p1a: Dachsbun\n|-supereffective|p1a: Dachsbun\n|-damage|p1a: Dachsbun|33\/100\n|-status|p1a: Dachsbun|frz\n|cant|p1a: Dachsbun|frz\n|move|p2b: Toedscruel|Giga Drain|p1b: Flutter Mane\n|-damage|p1b: Flutter Mane|0 fnt\n|faint|p1b: Flutter Mane\n|-end|p1b: Flutter Mane|Protosynthesis|[silent]\n|\n|-heal|p1a: Dachsbun|40\/100 frz|[from] item: Leftovers\n|upkeep\n|turn|9\n|-message|ontherun1122 forfeited.\n|\n|win|Ykrach\n|raw|ontherun1122's rating: 1102 → 1075<\/strong> (-27 for losing)\n|raw|Ykrach's rating: 1078 → 1108<\/strong> (+30 for winning)\n|l|\u2606ontherun1122\n","uploadtime":1683735403,"views":8,"p1id":"ontherun1122","p2id":"ykrach","formatid":"gen9vgc2023regulationc","rating":1075,"private":0,"password":""}