{"id":"gen9vgc2023regulationc-1859952867","p1":"ballin on deez","p2":"DuelLuna","format":"[Gen 9] VGC 2023 Regulation C","log":"|j|\u2606ballin on deez\n|j|\u2606DuelLuna\n|t:|1683578852\n|gametype|doubles\n|player|p1|ballin on deez|psychic-gen4|1512\n|player|p2|DuelLuna|caitlin|1587\n|teamsize|p1|6\n|teamsize|p2|6\n|gen|9\n|tier|[Gen 9] VGC 2023 Regulation C\n|rated|\n|rule|Species Clause: Limit one of each Pok\u00e9mon\n|rule|Item Clause: Limit one of each item\n|clearpoke\n|poke|p1|Tinkaton, L50, F|\n|poke|p1|Gyarados, L50, M|\n|poke|p1|Iron Bundle, L50|\n|poke|p1|Great Tusk, L50|\n|poke|p1|Amoonguss, L50, F|\n|poke|p1|Flutter Mane, L50|\n|poke|p2|Gholdengo, L50|\n|poke|p2|Maushold, L50|\n|poke|p2|Iron Bundle, L50|\n|poke|p2|Garchomp, L50, M|\n|poke|p2|Murkrow, L50, M|\n|poke|p2|Dragonite, L50, F|\n|teampreview|4\nDuelLuna has agreed to open team sheets.\nballin on deez has agreed to open team sheets.\n|c|\u2606DuelLuna|Hf\n|\n|t:|1683578903\n|start\n|switch|p1a: Tinkaton|Tinkaton, L50, F|100\/100\n|switch|p1b: Great Tusk|Great Tusk, L50|100\/100\n|switch|p2a: Gold OS|Gholdengo, L50|100\/100\n|switch|p2b: Maushold|Maushold, L50|100\/100\n|turn|1\n|inactive|Battle timer is ON: inactive players will automatically lose when time's up. (requested by DuelLuna)\n|\n|t:|1683578967\n|move|p2b: Maushold|Protect|p2b: Maushold\n|-singleturn|p2b: Maushold|Protect\n|move|p2a: Gold OS|Protect|p2a: Gold OS\n|-singleturn|p2a: Gold OS|Protect\n|move|p1a: Tinkaton|Feint|p2b: Maushold\n|-activate|p2b: Maushold|move: Feint\n|-damage|p2b: Maushold|89\/100\n|move|p1b: Great Tusk|Headlong Rush|p2b: Maushold\n|-damage|p2b: Maushold|0 fnt\n|-unboost|p1b: Great Tusk|def|1\n|-unboost|p1b: Great Tusk|spd|1\n|faint|p2b: Maushold\n|\n|upkeep\n|\n|t:|1683578976\n|switch|p2b: Iron Bundle|Iron Bundle, L50|100\/100\n|-enditem|p2b: Iron Bundle|Booster Energy\n|-activate|p2b: Iron Bundle|ability: Quark Drive|[fromitem]\n|-start|p2b: Iron Bundle|quarkdrivespe\n|turn|2\n|\n|t:|1683578992\n|-end|p1b: Great Tusk|Protosynthesis|[silent]\n|switch|p1b: Iron Bundle|Iron Bundle, L50|100\/100\n|-enditem|p1b: Iron Bundle|Booster Energy\n|-activate|p1b: Iron Bundle|ability: Quark Drive|[fromitem]\n|-start|p1b: Iron Bundle|quarkdrivespe\n|move|p2b: Iron Bundle|Icy Wind|p1b: Iron Bundle|[spread] p1a\n|-miss|p2b: Iron Bundle|p1b: Iron Bundle\n|-resisted|p1a: Tinkaton\n|-damage|p1a: Tinkaton|94\/100\n|-unboost|p1a: Tinkaton|spe|1\n|move|p2a: Gold OS|Nasty Plot|p2a: Gold OS\n|-boost|p2a: Gold OS|spa|2\n|move|p1a: Tinkaton|Knock Off|p2a: Gold OS\n|-supereffective|p2a: Gold OS\n|-damage|p2a: Gold OS|48\/100\n|-enditem|p2a: Gold OS|Leftovers|[from] move: Knock Off|[of] p1a: Tinkaton\n|\n|upkeep\n|turn|3\n|inactive|ballin on deez has 30 seconds left.\n|inactive|DuelLuna has 30 seconds left.\n|\n|t:|1683579026\n|-terastallize|p2a: Gold OS|Water\n|move|p1b: Iron Bundle|Protect|p1b: Iron Bundle\n|-singleturn|p1b: Iron Bundle|Protect\n|move|p2b: Iron Bundle|Hydro Pump|p1a: Tinkaton\n|-damage|p1a: Tinkaton|64\/100\n|move|p2a: Gold OS|Make It Rain|p1a: Tinkaton|[spread] p1a\n|-activate|p1b: Iron Bundle|move: Protect\n|-damage|p1a: Tinkaton|15\/100\n|-unboost|p2a: Gold OS|spa|1\n|move|p1a: Tinkaton|Gigaton Hammer|p2b: Iron Bundle\n|-damage|p2b: Iron Bundle|19\/100\n|\n|upkeep\n|turn|4\n|\n|t:|1683579048\n|move|p2a: Gold OS|Protect|p2a: Gold OS\n|-singleturn|p2a: Gold OS|Protect\n|move|p1a: Tinkaton|Feint|p2a: Gold OS\n|-activate|p2a: Gold OS|move: Feint\n|-damage|p2a: Gold OS|40\/100\n|move|p2b: Iron Bundle|Icy Wind|p1a: Tinkaton|[spread] p1a,p1b\n|-resisted|p1a: Tinkaton\n|-resisted|p1b: Iron Bundle\n|-damage|p1a: Tinkaton|9\/100\n|-damage|p1b: Iron Bundle|90\/100\n|-unboost|p1a: Tinkaton|spe|1\n|-unboost|p1b: Iron Bundle|spe|1\n|move|p1b: Iron Bundle|Freeze-Dry|p2a: Gold OS\n|-supereffective|p2a: Gold OS\n|-damage|p2a: Gold OS|0 fnt\n|faint|p2a: Gold OS\n|\n|upkeep\n|\n|t:|1683579056\n|switch|p2a: Garchomp|Garchomp, L50, M|100\/100\n|turn|5\n|inactive|ballin on deez has 30 seconds left.\n|inactive|DuelLuna has 30 seconds left.\n|\n|t:|1683579088\n|switch|p1a: Gyarados|Gyarados, L50, M|100\/100\n|-ability|p1a: Gyarados|Intimidate|boost\n|-unboost|p2a: Garchomp|atk|1\n|-unboost|p2b: Iron Bundle|atk|1\n|move|p1b: Iron Bundle|Protect|p1b: Iron Bundle\n|-singleturn|p1b: Iron Bundle|Protect\n|move|p2b: Iron Bundle|Icy Wind|p1a: Gyarados|[spread] p1a\n|-activate|p1b: Iron Bundle|move: Protect\n|-damage|p1a: Gyarados|87\/100\n|-unboost|p1a: Gyarados|spe|1\n|move|p2a: Garchomp|Rock Slide|p1b: Iron Bundle|[spread] p1a\n|-activate|p1b: Iron Bundle|move: Protect\n|-supereffective|p1a: Gyarados\n|-damage|p1a: Gyarados|53\/100\n|-damage|p2a: Garchomp|91\/100|[from] item: Life Orb\n|\n|upkeep\n|turn|6\n|inactive|ballin on deez has 30 seconds left.\n|inactive|ballin on deez has 20 seconds left.\n|\n|t:|1683579124\n|-end|p1b: Iron Bundle|Quark Drive|[silent]\n|switch|p1b: Tinkaton|Tinkaton, L50, F|9\/100\n|-terastallize|p1a: Gyarados|Steel\n|move|p2b: Iron Bundle|Icy Wind|p1b: Tinkaton|[spread] p1a,p1b\n|-resisted|p1a: Gyarados\n|-resisted|p1b: Tinkaton\n|-damage|p1a: Gyarados|47\/100\n|-damage|p1b: Tinkaton|3\/100\n|-unboost|p1a: Gyarados|spe|1\n|-unboost|p1b: Tinkaton|spe|1\n|move|p2a: Garchomp|Rock Slide|p1a: Gyarados|[spread] p1a,p1b\n|-resisted|p1a: Gyarados\n|-resisted|p1b: Tinkaton\n|-damage|p1a: Gyarados|38\/100\n|-damage|p1b: Tinkaton|0 fnt\n|faint|p1b: Tinkaton\n|-damage|p2a: Garchomp|81\/100|[from] item: Life Orb\n|move|p1a: Gyarados|Iron Head|p2b: Iron Bundle\n|-damage|p2b: Iron Bundle|0 fnt\n|faint|p2b: Iron Bundle\n|-end|p2b: Iron Bundle|Quark Drive|[silent]\n|\n|upkeep\n|-message|DuelLuna forfeited.\n|\n|win|ballin on deez\n|raw|ballin on deez's rating: 1512 → 1536<\/strong> (+24 for winning)\n|raw|DuelLuna's rating: 1587 → 1563<\/strong> (-24 for losing)\n|l|\u2606DuelLuna\n","uploadtime":1683579145,"views":9,"p1id":"ballinondeez","p2id":"duelluna","formatid":"gen9vgc2023regulationc","rating":1536,"private":0,"password":""}