{"id":"gen9vgc2023regulationc-1859959866","p1":"TjVGC","p2":"xiaozzz","format":"[Gen 9] VGC 2023 Regulation C","log":"|j|\u2606TjVGC\n|j|\u2606xiaozzz\n|t:|1683579533\n|gametype|doubles\n|player|p1|TjVGC|1|1104\n|player|p2|xiaozzz|skierf|1065\n|teamsize|p1|6\n|teamsize|p2|6\n|gen|9\n|tier|[Gen 9] VGC 2023 Regulation C\n|rated|\n|rule|Species Clause: Limit one of each Pok\u00e9mon\n|rule|Item Clause: Limit one of each item\n|clearpoke\n|poke|p1|Kingambit, L50, F|\n|poke|p1|Abomasnow, L50, M|\n|poke|p1|Iron Bundle, L50|\n|poke|p1|Flutter Mane, L50|\n|poke|p1|Ceruledge, L50, F|\n|poke|p1|Chi-Yu, L50|\n|poke|p2|Tatsugiri, L50, M|\n|poke|p2|Dondozo, L50, M|\n|poke|p2|Arcanine, L50, M|\n|poke|p2|Glimmora, L50, M|\n|poke|p2|Flutter Mane, L50|\n|poke|p2|Garganacl, L50, M|\n|teampreview|4\n|inactive|Battle timer is ON: inactive players will automatically lose when time's up. (requested by TjVGC)\n|inactive|TjVGC has 60 seconds left.\n|inactive|TjVGC has 30 seconds left.\n|\n|t:|1683579595\n|start\n|switch|p1a: Iron Bundle|Iron Bundle, L50, shiny|100\/100\n|switch|p1b: Chi-Yu|Chi-Yu, L50|100\/100\n|switch|p2a: Arcanine|Arcanine, L50, M|100\/100\n|switch|p2b: Garganacl|Garganacl, L50, M|100\/100\n|-ability|p1b: Chi-Yu|Beads of Ruin\n|-ability|p2a: Arcanine|Intimidate|boost\n|-unboost|p1a: Iron Bundle|atk|1\n|-unboost|p1b: Chi-Yu|atk|1\n|-enditem|p1a: Iron Bundle|Booster Energy\n|-activate|p1a: Iron Bundle|ability: Quark Drive|[fromitem]\n|-start|p1a: Iron Bundle|quarkdrivespe\n|turn|1\n|inactive|TjVGC has 30 seconds left.\n|inactive|xiaozzz has 30 seconds left.\n|inactive|TjVGC has 20 seconds left.\n|inactive|TjVGC has 15 seconds left.\n|\n|t:|1683579635\n|move|p2a: Arcanine|Protect|p2a: Arcanine\n|-singleturn|p2a: Arcanine|Protect\n|move|p2b: Garganacl|Protect|p2b: Garganacl\n|-singleturn|p2b: Garganacl|Protect\n|move|p1a: Iron Bundle|Hydro Pump|p2a: Arcanine\n|-activate|p2a: Arcanine|move: Protect\n|move|p1b: Chi-Yu|Heat Wave|p2b: Garganacl|[spread] \n|-activate|p2a: Arcanine|move: Protect\n|-activate|p2b: Garganacl|move: Protect\n|\n|upkeep\n|turn|2\n|inactive|xiaozzz has 30 seconds left.\n|\n|t:|1683579663\n|switch|p1b: Abomasnow|Abomasnow, L50, M|100\/100\n|-weather|Snow|[from] ability: Snow Warning|[of] p1b: Abomasnow\n|move|p2a: Arcanine|Extreme Speed|p1b: Abomasnow\n|-damage|p1b: Abomasnow|82\/100\n|move|p1a: Iron Bundle|Blizzard|p2a: Arcanine|[spread] p2a,p2b\n|-resisted|p2a: Arcanine\n|-crit|p2a: Arcanine\n|-damage|p2a: Arcanine|71\/100\n|-damage|p2b: Garganacl|72\/100\n|move|p2b: Garganacl|Salt Cure|p1a: Iron Bundle\n|-supereffective|p1a: Iron Bundle\n|-damage|p1a: Iron Bundle|76\/100\n|-start|p1a: Iron Bundle|Salt Cure\n|\n|-weather|Snow|[upkeep]\n|-damage|p1a: Iron Bundle|51\/100|[from] Salt Cure\n|upkeep\n|turn|3\n|inactive|xiaozzz has 30 seconds left.\n|inactive|TjVGC has 30 seconds left.\n|inactive|xiaozzz has 20 seconds left.\n|\n|t:|1683579702\n|-terastallize|p1b: Abomasnow|Water\n|move|p2a: Arcanine|Protect|p2a: Arcanine\n|-singleturn|p2a: Arcanine|Protect\n|move|p2b: Garganacl|Protect|p2b: Garganacl\n|-singleturn|p2b: Garganacl|Protect\n|move|p1a: Iron Bundle|Hydro Pump|p2b: Garganacl\n|-activate|p2b: Garganacl|move: Protect\n|move|p1b: Abomasnow|Aurora Veil|p1b: Abomasnow\n|-sidestart|p1: TjVGC|move: Aurora Veil\n|\n|-weather|Snow|[upkeep]\n|-damage|p1a: Iron Bundle|26\/100|[from] Salt Cure\n|upkeep\n|turn|4\n|\n|t:|1683579719\n|-end|p1a: Iron Bundle|Quark Drive|[silent]\n|switch|p1a: Chi-Yu|Chi-Yu, L50|100\/100\n|-ability|p1a: Chi-Yu|Beads of Ruin\n|switch|p2b: Dondozo|Dondozo, L50, M|100\/100\n|move|p2a: Arcanine|Extreme Speed|p1a: Chi-Yu\n|-damage|p1a: Chi-Yu|75\/100\n|move|p1b: Abomasnow|Giga Drain|p2b: Dondozo\n|-supereffective|p2b: Dondozo\n|-damage|p2b: Dondozo|0 fnt\n|-heal|p1b: Abomasnow|100\/100|[from] drain|[of] p2b: Dondozo\n|faint|p2b: Dondozo\n|-damage|p1b: Abomasnow|91\/100|[from] item: Life Orb\n|\n|-weather|Snow|[upkeep]\n|upkeep\n|\n|t:|1683579739\n|switch|p2b: Tatsugiri|Tatsugiri, L50, M|100\/100\n|turn|5\n|\n|t:|1683579759\n|move|p2a: Arcanine|Extreme Speed|p1b: Abomasnow\n|-damage|p1b: Abomasnow|71\/100\n|move|p1a: Chi-Yu|Dark Pulse|p2b: Tatsugiri\n|-damage|p2b: Tatsugiri|17\/100\n|move|p2b: Tatsugiri|Draco Meteor|p1b: Abomasnow\n|-damage|p1b: Abomasnow|9\/100\n|-unboost|p2b: Tatsugiri|spa|2\n|move|p1b: Abomasnow|Giga Drain|p2b: Tatsugiri\n|-damage|p2b: Tatsugiri|0 fnt\n|-heal|p1b: Abomasnow|15\/100|[from] drain|[of] p2b: Tatsugiri\n|faint|p2b: Tatsugiri\n|-damage|p1b: Abomasnow|6\/100|[from] item: Life Orb\n|\n|-weather|Snow|[upkeep]\n|upkeep\n|\n|t:|1683579776\n|switch|p2b: Garganacl|Garganacl, L50, M|72\/100\n|turn|6\n|\n|t:|1683579789\n|move|p1b: Abomasnow|Protect|p1b: Abomasnow\n|-singleturn|p1b: Abomasnow|Protect\n|move|p2a: Arcanine|Extreme Speed|p1b: Abomasnow\n|-activate|p1b: Abomasnow|move: Protect\n|move|p1a: Chi-Yu|Dark Pulse|p2b: Garganacl\n|-damage|p2b: Garganacl|29\/100\n|-enditem|p2b: Garganacl|Sitrus Berry|[eat]\n|-heal|p2b: Garganacl|54\/100|[from] item: Sitrus Berry\n|cant|p2b: Garganacl|flinch\n|\n|-weather|none\n|upkeep\n|turn|7\n|\n|t:|1683579805\n|switch|p1b: Iron Bundle|Iron Bundle, L50, shiny|26\/100\n|move|p2a: Arcanine|Extreme Speed|p1b: Iron Bundle\n|-damage|p1b: Iron Bundle|7\/100\n|move|p1a: Chi-Yu|Dark Pulse|p2b: Garganacl\n|-damage|p2b: Garganacl|5\/100\n|move|p2b: Garganacl|Recover|p2b: Garganacl\n|-heal|p2b: Garganacl|56\/100\n|\n|-sideend|p1: TjVGC|move: Aurora Veil\n|upkeep\n|turn|8\n|\n|t:|1683579824\n|move|p2a: Arcanine|Extreme Speed|p1b: Iron Bundle\n|-damage|p1b: Iron Bundle|0 fnt\n|faint|p1b: Iron Bundle\n|-end|p1b: Iron Bundle|Quark Drive|[silent]\n|move|p1a: Chi-Yu|Dark Pulse|p2b: Garganacl\n|-crit|p2b: Garganacl\n|-damage|p2b: Garganacl|0 fnt\n|faint|p2b: Garganacl\n|\n|upkeep\n|\n|t:|1683579827\n|switch|p1b: Abomasnow|Abomasnow, L50, M, tera:Water|6\/100\n|-weather|Snow|[from] ability: Snow Warning|[of] p1b: Abomasnow\n|turn|9\n|\n|t:|1683579841\n|move|p2a: Arcanine|Extreme Speed|p1b: Abomasnow\n|-damage|p1b: Abomasnow|0 fnt\n|faint|p1b: Abomasnow\n|move|p1a: Chi-Yu|Dark Pulse|p2a: Arcanine\n|-damage|p2a: Arcanine|10\/100\n|-enditem|p2a: Arcanine|Figy Berry|[eat]\n|-heal|p2a: Arcanine|43\/100|[from] item: Figy Berry\n|\n|-weather|Snow|[upkeep]\n|upkeep\n|\n|t:|1683579843\n|switch|p1b: Kingambit|Kingambit, L50, F|100\/100\n|turn|10\n|c|\u2606TjVGC|gg\n|\n|t:|1683579856\n|move|p2a: Arcanine|Extreme Speed|p1a: Chi-Yu\n|-damage|p1a: Chi-Yu|38\/100\n|move|p1b: Kingambit|Sucker Punch||[still]\n|-fail|p1b: Kingambit\n|move|p1a: Chi-Yu|Dark Pulse|p2a: Arcanine\n|-damage|p2a: Arcanine|0 fnt\n|faint|p2a: Arcanine\n|\n|win|TjVGC\n|raw|TjVGC's rating: 1104 → 1126<\/strong> (+22 for winning)\n|raw|xiaozzz's rating: 1065 → 1047<\/strong> (-18 for losing)\n|c|\u2606xiaozzz|lucky\n|l|\u2606xiaozzz\n","uploadtime":1683579871,"views":16,"p1id":"tjvgc","p2id":"xiaozzz","formatid":"gen9vgc2023regulationc","rating":1047,"private":0,"password":""}