{"id":"gen9vgc2023regulationc-1848982282","p1":"Snowblind Px","p2":"lagartolocura","format":"[Gen 9] VGC 2023 Regulation C","log":"|j|\u2606Snowblind Px\n|j|\u2606lagartolocura\n|t:|1682134334\n|gametype|doubles\n|player|p1|Snowblind Px|heroine2-conquest|\n|player|p2|lagartolocura|pokemaniac|\n|teamsize|p1|6\n|teamsize|p2|6\n|gen|9\n|tier|[Gen 9] VGC 2023 Regulation C\n|rule|Species Clause: Limit one of each Pok\u00e9mon\n|rule|Item Clause: Limit one of each item\n|clearpoke\n|poke|p1|Palafin, L50, M|\n|poke|p1|Flutter Mane, L50|\n|poke|p1|Arcanine, L50, M|\n|poke|p1|Amoonguss, L50, M|\n|poke|p1|Ting-Lu, L50|\n|poke|p1|Roaring Moon, L50|\n|poke|p2|Ting-Lu, L50|\n|poke|p2|Flutter Mane, L50|\n|poke|p2|Arcanine, L50, F|\n|poke|p2|Palafin, L50, M|\n|poke|p2|Annihilape, L50, M|\n|poke|p2|Maushold-Four, L50|\n|teampreview|4\nlagartolocura has agreed to open team sheets.\nSnowblind Px has agreed to open team sheets.\n|\n|t:|1682134354\n|start\n|switch|p1a: Arcanine|Arcanine, L50, M, shiny|100\/100\n|switch|p1b: Amoonguss|Amoonguss, L50, M, shiny|100\/100\n|switch|p2a: Arcanine|Arcanine, L50, F|100\/100\n|switch|p2b: Martin|Annihilape, L50, M|100\/100\n|-ability|p2a: Arcanine|Intimidate|boost\n|-unboost|p1a: Arcanine|atk|1\n|-unboost|p1b: Amoonguss|atk|1\n|-ability|p1a: Arcanine|Intimidate|boost\n|-unboost|p2a: Arcanine|atk|1\n|-unboost|p2b: Martin|atk|1\n|-ability|p2b: Martin|Defiant|boost\n|-boost|p2b: Martin|atk|2\n|turn|1\n|\n|t:|1682134368\n|switch|p2b: Michele|Maushold-Four, L50|100\/100\n|move|p2a: Arcanine|Protect|p2a: Arcanine\n|-singleturn|p2a: Arcanine|Protect\n|move|p1a: Arcanine|Will-O-Wisp|p2b: Michele\n|-status|p2b: Michele|brn\n|move|p1b: Amoonguss|Spore|p2b: Michele\n|-activate|p2b: Michele|item: Safety Goggles|Spore\n|\n|-damage|p2b: Michele|94\/100 brn|[from] brn\n|upkeep\n|turn|2\n|\n|t:|1682134385\n|move|p1b: Amoonguss|Protect|p1b: Amoonguss\n|-singleturn|p1b: Amoonguss|Protect\n|move|p2a: Arcanine|Flare Blitz|p1b: Amoonguss\n|-activate|p1b: Amoonguss|move: Protect\n|move|p2b: Michele|Super Fang|p1a: Arcanine\n|-damage|p1a: Arcanine|51\/100\n|move|p1a: Arcanine|Flare Blitz|p2b: Michele\n|-damage|p2b: Michele|54\/100 brn\n|-damage|p1a: Arcanine|39\/100|[from] Recoil\n|\n|-damage|p2b: Michele|48\/100 brn|[from] brn\n|upkeep\n|turn|3\n|\n|t:|1682134402\n|switch|p1b: Flutter Mane|Flutter Mane, L50|100\/100\n|move|p2b: Michele|Protect|p2b: Michele\n|-singleturn|p2b: Michele|Protect\n|move|p1a: Arcanine|Protect|p1a: Arcanine\n|-singleturn|p1a: Arcanine|Protect\n|move|p2a: Arcanine|Flare Blitz|p1b: Flutter Mane\n|-damage|p1b: Flutter Mane|48\/100\n|-damage|p2a: Arcanine|86\/100|[from] Recoil\n|\n|-damage|p2b: Michele|42\/100 brn|[from] brn\n|upkeep\n|turn|4\n|\n|t:|1682134412\n|switch|p2b: Flutter Mane|Flutter Mane, L50, shiny|100\/100\n|move|p1a: Arcanine|Extreme Speed|p2a: Arcanine\n|-damage|p2a: Arcanine|69\/100\n|move|p1b: Flutter Mane|Dazzling Gleam|p2a: Arcanine|[spread] p2a,p2b\n|-resisted|p2a: Arcanine\n|-damage|p2a: Arcanine|44\/100\n|-damage|p2b: Flutter Mane|52\/100\n|-enditem|p2a: Arcanine|Sitrus Berry|[eat]\n|-heal|p2a: Arcanine|68\/100|[from] item: Sitrus Berry\n|move|p2a: Arcanine|Flare Blitz|p1b: Flutter Mane\n|-damage|p1b: Flutter Mane|0 fnt\n|faint|p1b: Flutter Mane\n|-end|p1b: Flutter Mane|Protosynthesis|[silent]\n|-damage|p2a: Arcanine|55\/100|[from] Recoil\n|\n|upkeep\n|\n|t:|1682134416\n|switch|p1b: Roaring Moon|Roaring Moon, L50, shiny|100\/100\n|-enditem|p1b: Roaring Moon|Booster Energy\n|-activate|p1b: Roaring Moon|ability: Protosynthesis|[fromitem]\n|-start|p1b: Roaring Moon|protosynthesisspe\n|turn|5\n|\n|t:|1682134422\n|switch|p1a: Amoonguss|Amoonguss, L50, M, shiny|100\/100\n|move|p1b: Roaring Moon|Protect|p1b: Roaring Moon\n|-singleturn|p1b: Roaring Moon|Protect\n|move|p2b: Flutter Mane|Protect|p2b: Flutter Mane\n|-singleturn|p2b: Flutter Mane|Protect\n|move|p2a: Arcanine|Will-O-Wisp|p1b: Roaring Moon\n|-activate|p1b: Roaring Moon|move: Protect\n|\n|upkeep\n|turn|6\n|\n|t:|1682134436\n|-end|p1b: Roaring Moon|Protosynthesis|[silent]\n|switch|p1b: Arcanine|Arcanine, L50, M, shiny|39\/100\n|-ability|p1b: Arcanine|Intimidate|boost\n|-unboost|p2a: Arcanine|atk|1\n|-unboost|p2b: Flutter Mane|atk|1\n|-end|p2b: Flutter Mane|Protosynthesis|[silent]\n|switch|p2b: Martin|Annihilape, L50, M|100\/100\n|move|p2a: Arcanine|Will-O-Wisp|p1b: Arcanine\n|-immune|p1b: Arcanine\n|move|p1a: Amoonguss|Spore|p2b: Martin\n|-status|p2b: Martin|slp|[from] move: Spore\n|\n|upkeep\n|turn|7\n|\n|t:|1682134445\n|switch|p2a: Michele|Maushold-Four, L50|42\/100 brn\n|move|p1b: Arcanine|Extreme Speed|p2a: Michele\n|-damage|p2a: Michele|18\/100 brn\n|cant|p2b: Martin|slp\n|move|p1a: Amoonguss|Pollen Puff|p1b: Arcanine\n|-heal|p1b: Arcanine|88\/100\n|\n|-damage|p2a: Michele|12\/100 brn|[from] brn\n|upkeep\n|turn|8\n|\n|t:|1682134456\n|move|p1b: Arcanine|Extreme Speed|p2a: Michele\n|-damage|p2a: Michele|0 fnt\n|faint|p2a: Michele\n|move|p1a: Amoonguss|Rage Powder|p1a: Amoonguss\n|-singleturn|p1a: Amoonguss|move: Rage Powder\n|-curestatus|p2b: Martin|slp|[msg]\n|move|p2b: Martin|Bulk Up|p2b: Martin\n|-boost|p2b: Martin|atk|1\n|-boost|p2b: Martin|def|1\n|\n|upkeep\n|\n|t:|1682134461\n|switch|p2a: Arcanine|Arcanine, L50, F|55\/100\n|-ability|p2a: Arcanine|Intimidate|boost\n|-unboost|p1a: Amoonguss|atk|1\n|-unboost|p1b: Arcanine|atk|1\n|turn|9\n|\n|t:|1682134471\n|-terastallize|p2b: Martin|Fire\n|move|p1b: Arcanine|Extreme Speed|p2a: Arcanine\n|-crit|p2a: Arcanine\n|-damage|p2a: Arcanine|19\/100\n|move|p2a: Arcanine|Flare Blitz|p1a: Amoonguss\n|-supereffective|p1a: Amoonguss\n|-damage|p1a: Amoonguss|23\/100\n|-enditem|p1a: Amoonguss|Sitrus Berry|[eat]\n|-heal|p1a: Amoonguss|48\/100|[from] item: Sitrus Berry\n|-damage|p2a: Arcanine|0 fnt|[from] Recoil\n|faint|p2a: Arcanine\n|move|p2b: Martin|Bulk Up|p2b: Martin\n|-boost|p2b: Martin|atk|1\n|-boost|p2b: Martin|def|1\n|move|p1a: Amoonguss|Spore|p2b: Martin\n|-status|p2b: Martin|slp|[from] move: Spore\n|\n|upkeep\n|\n|t:|1682134486\n|switch|p2a: Flutter Mane|Flutter Mane, L50, shiny|52\/100\n|turn|10\n|\n|t:|1682134504\n|move|p2a: Flutter Mane|Shadow Ball|p1a: Amoonguss\n|-damage|p1a: Amoonguss|13\/100\n|-unboost|p1a: Amoonguss|spd|1\n|cant|p2b: Martin|slp\n|move|p1b: Arcanine|Flare Blitz|p2a: Flutter Mane\n|-crit|p2a: Flutter Mane\n|-damage|p2a: Flutter Mane|0 fnt\n|faint|p2a: Flutter Mane\n|-end|p2a: Flutter Mane|Protosynthesis|[silent]\n|-damage|p1b: Arcanine|77\/100|[from] Recoil\n|move|p1a: Amoonguss|Spore|p2b: Martin\n|-fail|p2b: Martin|slp\n|\n|upkeep\n|turn|11\n|\n|t:|1682134509\n|move|p1a: Amoonguss|Protect|p1a: Amoonguss\n|-singleturn|p1a: Amoonguss|Protect\n|move|p1b: Arcanine|Extreme Speed|p2b: Martin\n|-crit|p2b: Martin\n|-damage|p2b: Martin|69\/100 slp\n|-curestatus|p2b: Martin|slp|[msg]\n|move|p2b: Martin|Rage Fist|p1a: Amoonguss\n|-activate|p1a: Amoonguss|move: Protect\n|\n|-heal|p2b: Martin|75\/100|[from] item: Leftovers\n|upkeep\n|turn|12\n|\n|t:|1682134519\n|move|p1b: Arcanine|Extreme Speed|p2b: Martin\n|-crit|p2b: Martin\n|-damage|p2b: Martin|47\/100\n|move|p2b: Martin|Rage Fist|p1a: Amoonguss\n|-damage|p1a: Amoonguss|0 fnt\n|faint|p1a: Amoonguss\n|\n|-heal|p2b: Martin|53\/100|[from] item: Leftovers\n|upkeep\n|\n|t:|1682134521\n|switch|p1a: Roaring Moon|Roaring Moon, L50, shiny|100\/100\n|turn|13\n|\n|t:|1682134528\n|-terastallize|p1a: Roaring Moon|Flying\n|move|p1b: Arcanine|Extreme Speed|p2b: Martin\n|-damage|p2b: Martin|47\/100\n|move|p1a: Roaring Moon|Acrobatics|p2b: Martin\n|-damage|p2b: Martin|15\/100\n|move|p2b: Martin|Drain Punch|p1a: Roaring Moon\n|-resisted|p1a: Roaring Moon\n|-damage|p1a: Roaring Moon|57\/100\n|-heal|p2b: Martin|35\/100|[from] drain|[of] p1a: Roaring Moon\n|\n|-heal|p2b: Martin|41\/100|[from] item: Leftovers\n|upkeep\n|turn|14\n|\n|t:|1682134532\n|move|p1b: Arcanine|Extreme Speed|p2b: Martin\n|-damage|p2b: Martin|34\/100\n|move|p1a: Roaring Moon|Acrobatics|p2b: Martin\n|-damage|p2b: Martin|7\/100\n|move|p2b: Martin|Rage Fist|p1a: Roaring Moon\n|-damage|p1a: Roaring Moon|0 fnt\n|faint|p1a: Roaring Moon\n|-end|p1a: Roaring Moon|Protosynthesis|[silent]\n|\n|-heal|p2b: Martin|13\/100|[from] item: Leftovers\n|upkeep\n|turn|15\n|\n|t:|1682134538\n|move|p2b: Martin|Protect|p2b: Martin\n|-singleturn|p2b: Martin|Protect\n|move|p1b: Arcanine|Flare Blitz|p2b: Martin\n|-activate|p2b: Martin|move: Protect\n|\n|-heal|p2b: Martin|19\/100|[from] item: Leftovers\n|upkeep\n|turn|16\n|\n|t:|1682134544\n|move|p2b: Martin|Rage Fist|p1b: Arcanine\n|-damage|p1b: Arcanine|0 fnt\n|faint|p1b: Arcanine\n|\n|win|lagartolocura\n|l|\u2606Snowblind Px\n|c|\u2606lagartolocura|GG\n","uploadtime":1682134552,"views":11,"p1id":"snowblindpx","p2id":"lagartolocura","formatid":"gen9vgc2023regulationc","rating":0,"private":0,"password":""}