{"id":"gen9vgc2023regulationc-1857268116","p1":"GB Seraphix","p2":"Auraen","format":"[Gen 9] VGC 2023 Regulation C","log":"|j|\u2606GB Seraphix\n|j|\u2606Auraen\n|t:|1683165641\n|gametype|doubles\n|player|p1|GB Seraphix|rosa|1247\n|player|p2|Auraen|flannery|1310\n|teamsize|p1|6\n|teamsize|p2|6\n|gen|9\n|tier|[Gen 9] VGC 2023 Regulation C\n|rated|\n|rule|Species Clause: Limit one of each Pok\u00e9mon\n|rule|Item Clause: Limit one of each item\n|clearpoke\n|poke|p1|Lurantis, L50, F|\n|poke|p1|Hatterene, L50, F|\n|poke|p1|Torkoal, L50, M|\n|poke|p1|Indeedee-F, L50, F|\n|poke|p1|Oranguru, L50, M|\n|poke|p1|Hariyama, L50, M|\n|poke|p2|Kingambit, L50, F|\n|poke|p2|Pelipper, L50, F|\n|poke|p2|Salamence, L50, F|\n|poke|p2|Gothitelle, L50, F|\n|poke|p2|Iron Hands, L50|\n|poke|p2|Magnezone, L50|\n|teampreview|4\n|\n|t:|1683165696\n|start\n|switch|p1a: Sambalilo|Hatterene, L50, F|100\/100\n|switch|p1b: Ganryu|Hariyama, L50, M|100\/100\n|switch|p2a: Kingambit|Kingambit, L50, F|100\/100\n|switch|p2b: Iron Hands|Iron Hands, L50|100\/100\n|turn|1\n|\n|t:|1683165725\n|switch|p1b: Preggy|Indeedee-F, L50, F|100\/100\n|-fieldstart|move: Psychic Terrain|[from] ability: Psychic Surge|[of] p1b: Preggy\n|-enditem|p1b: Preggy|Psychic Seed\n|-boost|p1b: Preggy|spd|1|[from] item: Psychic Seed\n|-terastallize|p1a: Sambalilo|Fire\n|move|p2b: Iron Hands|Swords Dance|p2b: Iron Hands\n|-boost|p2b: Iron Hands|atk|2\n|move|p2a: Kingambit|Iron Head|p1a: Sambalilo\n|-resisted|p1a: Sambalilo\n|-damage|p1a: Sambalilo|78\/100\n|move|p1a: Sambalilo|Trick Room|p1a: Sambalilo\n|-fieldstart|move: Trick Room|[of] p1a: Sambalilo\n|\n|upkeep\n|turn|2\n|\n|t:|1683165754\n|-terastallize|p2b: Iron Hands|Flying\n|move|p1b: Preggy|Helping Hand|p1a: Sambalilo\n|-singleturn|p1a: Sambalilo|Helping Hand|[of] p1b: Preggy\n|move|p1a: Sambalilo|Mystical Fire|p2a: Kingambit\n|-supereffective|p2a: Kingambit\n|-damage|p2a: Kingambit|0 fnt\n|faint|p2a: Kingambit\n|-damage|p1a: Sambalilo|68\/100|[from] item: Life Orb\n|move|p2b: Iron Hands|Drain Punch|p1a: Sambalilo\n|-damage|p1a: Sambalilo|0 fnt\n|faint|p1a: Sambalilo\n|\n|upkeep\n|\n|t:|1683165769\n|switch|p1a: Pawikan|Torkoal, L50, M|100\/100\n|switch|p2a: Magnezone|Magnezone, L50|100\/100\n|-weather|SunnyDay|[from] ability: Drought|[of] p1a: Pawikan\n|turn|3\n|\n|t:|1683165783\n|switch|p2a: Pelipper|Pelipper, L50, F|100\/100\n|-weather|RainDance|[from] ability: Drizzle|[of] p2a: Pelipper\n|move|p1b: Preggy|Helping Hand|p1a: Pawikan\n|-singleturn|p1a: Pawikan|Helping Hand|[of] p1b: Preggy\n|move|p1a: Pawikan|Eruption|p2b: Iron Hands|[spread] p2a,p2b\n|-resisted|p2a: Pelipper\n|-damage|p2a: Pelipper|85\/100\n|-damage|p2b: Iron Hands|77\/100\n|move|p2b: Iron Hands|Drain Punch|p1a: Pawikan\n|-damage|p1a: Pawikan|40\/100\n|-heal|p2b: Iron Hands|99\/100|[from] drain|[of] p1a: Pawikan\n|\n|-weather|RainDance|[upkeep]\n|upkeep\n|turn|4\n|\n|t:|1683165803\n|switch|p1a: Ganryu|Hariyama, L50, M|100\/100\n|move|p2a: Pelipper|Wide Guard|p2a: Pelipper\n|-singleturn|p2a: Pelipper|Wide Guard\n|move|p1b: Preggy|Follow Me|p1b: Preggy\n|-singleturn|p1b: Preggy|move: Follow Me\n|move|p2b: Iron Hands|Drain Punch|p1b: Preggy\n|-damage|p1b: Preggy|27\/100\n|-heal|p2b: Iron Hands|100\/100|[from] drain|[of] p1b: Preggy\n|\n|-weather|RainDance|[upkeep]\n|-status|p1a: Ganryu|brn|[from] item: Flame Orb\n|upkeep\n|turn|5\n|\n|t:|1683165829\n|switch|p2a: Magnezone|Magnezone, L50|100\/100\n|move|p1b: Preggy|Helping Hand|p1a: Ganryu\n|-singleturn|p1a: Ganryu|Helping Hand|[of] p1b: Preggy\n|move|p1a: Ganryu|Knock Off|p2b: Iron Hands\n|-damage|p2b: Iron Hands|46\/100\n|-enditem|p2b: Iron Hands|Sitrus Berry|[from] move: Knock Off|[of] p1a: Ganryu\n|move|p2b: Iron Hands|Drain Punch|p1a: Ganryu\n|-damage|p1a: Ganryu|1\/100 brn\n|-heal|p2b: Iron Hands|91\/100|[from] drain|[of] p1a: Ganryu\n|\n|-weather|RainDance|[upkeep]\n|-damage|p1a: Ganryu|0 fnt|[from] brn\n|faint|p1a: Ganryu\n|-fieldend|move: Trick Room\n|-fieldend|move: Psychic Terrain\n|upkeep\n|\n|t:|1683165843\n|switch|p1a: Pawikan|Torkoal, L50, M|40\/100\n|-weather|SunnyDay|[from] ability: Drought|[of] p1a: Pawikan\n|turn|6\n|\n|t:|1683165851\n|switch|p2a: Pelipper|Pelipper, L50, F|85\/100\n|-weather|RainDance|[from] ability: Drizzle|[of] p2a: Pelipper\n|move|p2b: Iron Hands|Drain Punch|p1a: Pawikan\n|-damage|p1a: Pawikan|0 fnt\n|-heal|p2b: Iron Hands|100\/100|[from] drain|[of] p1a: Pawikan\n|faint|p1a: Pawikan\n|move|p1b: Preggy|Trick Room|p1b: Preggy\n|-fieldstart|move: Trick Room|[of] p1b: Preggy\n|\n|-weather|RainDance|[upkeep]\n|upkeep\n|turn|7\n|-message|GB Seraphix forfeited.\n|\n|win|Auraen\n|raw|GB Seraphix's rating: 1247 → 1226<\/strong> (-21 for losing)\n|raw|Auraen's rating: 1310 → 1326<\/strong> (+16 for winning)\n","uploadtime":1683165874,"views":5,"p1id":"gbseraphix","p2id":"auraen","formatid":"gen9vgc2023regulationc","rating":1226,"private":0,"password":""}