{"id":"gen9vgc2023regulationc-1852310686","p1":"lucaless","p2":"Filoppo03","format":"[Gen 9] VGC 2023 Regulation C","log":"|j|\u2606lucaless\n|j|\u2606Filoppo03\n|t:|1682542629\n|gametype|doubles\n|player|p1|lucaless|101|1078\n|player|p2|Filoppo03|n|1161\n|teamsize|p1|6\n|teamsize|p2|6\n|gen|9\n|tier|[Gen 9] VGC 2023 Regulation C\n|rated|\n|rule|Species Clause: Limit one of each Pok\u00e9mon\n|rule|Item Clause: Limit one of each item\n|clearpoke\n|poke|p1|Scizor, L50, M|\n|poke|p1|Iron Bundle, L50|\n|poke|p1|Dondozo, L50, F|\n|poke|p1|Chien-Pao, L50|\n|poke|p1|Mimikyu, L50, M|\n|poke|p1|Tinkaton, L50, F|\n|poke|p2|Ting-Lu, L50|\n|poke|p2|Arcanine, L50, M|\n|poke|p2|Palafin, L50, M|\n|poke|p2|Amoonguss, L50, F|\n|poke|p2|Flutter Mane, L50|\n|poke|p2|Baxcalibur, L50, M|\n|teampreview|4\n|inactive|Battle timer is ON: inactive players will automatically lose when time's up. (requested by lucaless)\nFiloppo03 has agreed to open team sheets.\nlucaless has agreed to open team sheets.\n|inactive|lucaless has 60 seconds left.\n|inactive|Filoppo03 has 60 seconds left.\n|\n|t:|1682542673\n|start\n|switch|p1a: Mimikyu|Mimikyu, L50, M|100\/100\n|switch|p1b: Iron Bundle|Iron Bundle, L50|100\/100\n|switch|p2a: Arcanine|Arcanine, L50, M, shiny|100\/100\n|switch|p2b: Palafin|Palafin, L50, M, shiny|100\/100\n|-ability|p2a: Arcanine|Intimidate|boost\n|-unboost|p1a: Mimikyu|atk|1\n|-unboost|p1b: Iron Bundle|atk|1\n|-enditem|p1b: Iron Bundle|Booster Energy\n|-activate|p1b: Iron Bundle|ability: Quark Drive|[fromitem]\n|-start|p1b: Iron Bundle|quarkdrivespa\n|turn|1\n|\n|t:|1682542694\n|detailschange|p2b: Palafin|Palafin-Hero, L50, M, shiny\n|switch|p2b: Amoonguss|Amoonguss, L50, F, shiny|100\/100\n|move|p2a: Arcanine|Protect|p2a: Arcanine\n|-singleturn|p2a: Arcanine|Protect\n|move|p1b: Iron Bundle|Hydro Pump|p2a: Arcanine\n|-activate|p2a: Arcanine|move: Protect\n|move|p1a: Mimikyu|Misty Terrain|p1a: Mimikyu\n|-fieldstart|move: Misty Terrain\n|\n|upkeep\n|turn|2\n|inactive|lucaless has 30 seconds left.\n|\n|t:|1682542721\n|switch|p1a: Dondozo|Dondozo, L50, F|100\/100\n|-terastallize|p2a: Arcanine|Normal\n|move|p1b: Iron Bundle|Protect|p1b: Iron Bundle\n|-singleturn|p1b: Iron Bundle|Protect\n|move|p2a: Arcanine|Extreme Speed|p1b: Iron Bundle\n|-activate|p1b: Iron Bundle|move: Protect\n|move|p2b: Amoonguss|Spore|p1a: Dondozo\n|-activate|p1a: Dondozo|move: Misty Terrain\n|\n|upkeep\n|turn|3\n|\n|t:|1682542745\n|-end|p1b: Iron Bundle|Quark Drive|[silent]\n|switch|p1b: Mimikyu|Mimikyu, L50, M|100\/100\n|move|p2b: Amoonguss|Rage Powder|p2b: Amoonguss\n|-singleturn|p2b: Amoonguss|move: Rage Powder\n|move|p2a: Arcanine|Flare Blitz|p1b: Mimikyu\n|-activate|p1b: Mimikyu|ability: Disguise\n|-damage|p1b: Mimikyu|100\/100\n|detailschange|p1b: Mimikyu|Mimikyu-Busted, L50, M\n|-damage|p1b: Mimikyu|88\/100|[from] pokemon: Mimikyu-Busted\n|move|p1a: Dondozo|Body Press|p2b: Amoonguss\n|-resisted|p2b: Amoonguss\n|-damage|p2b: Amoonguss|90\/100\n|-damage|p1a: Dondozo|91\/100|[from] item: Life Orb\n|\n|upkeep\n|turn|4\n|inactive|Filoppo03 has 30 seconds left.\n|\n|t:|1682542774\n|move|p2a: Arcanine|Extreme Speed|p1a: Dondozo\n|-damage|p1a: Dondozo|67\/100\n|move|p2b: Amoonguss|Rage Powder|p2b: Amoonguss\n|-singleturn|p2b: Amoonguss|move: Rage Powder\n|move|p1b: Mimikyu|Curse|p2b: Amoonguss\n|-start|p2b: Amoonguss|Curse|[of] p1b: Mimikyu\n|-damage|p1b: Mimikyu|38\/100\n|move|p1a: Dondozo|Wave Crash|p2b: Amoonguss\n|-resisted|p2b: Amoonguss\n|-damage|p2b: Amoonguss|62\/100\n|-damage|p1a: Dondozo|60\/100|[from] Recoil\n|-damage|p1a: Dondozo|50\/100|[from] item: Life Orb\n|\n|-damage|p2b: Amoonguss|38\/100|[from] Curse\n|upkeep\n|-enditem|p2b: Amoonguss|Sitrus Berry|[eat]\n|-heal|p2b: Amoonguss|62\/100|[from] item: Sitrus Berry\n|turn|5\n|\n|t:|1682542797\n|switch|p2b: Palafin|Palafin-Hero, L50, M, shiny|100\/100\n|-activate|p2b: Palafin|ability: Zero to Hero\n|move|p1a: Dondozo|Protect|p1a: Dondozo\n|-singleturn|p1a: Dondozo|Protect\n|move|p1b: Mimikyu|Shadow Sneak|p2b: Palafin\n|-damage|p2b: Palafin|83\/100\n|move|p2a: Arcanine|Flare Blitz|p1b: Mimikyu\n|-damage|p1b: Mimikyu|0 fnt\n|faint|p1b: Mimikyu\n|-damage|p2a: Arcanine|92\/100|[from] Recoil\n|\n|upkeep\n|\n|t:|1682542809\n|switch|p1b: Iron Bundle|Iron Bundle, L50|100\/100\n|turn|6\n|\n|t:|1682542827\n|switch|p2b: Amoonguss|Amoonguss, L50, F, shiny|96\/100\n|move|p1b: Iron Bundle|Freeze-Dry|p2b: Amoonguss\n|-supereffective|p2b: Amoonguss\n|-damage|p2b: Amoonguss|22\/100\n|move|p2a: Arcanine|Flare Blitz|p1b: Iron Bundle\n|-damage|p1b: Iron Bundle|33\/100\n|-damage|p2a: Arcanine|77\/100|[from] Recoil\n|move|p1a: Dondozo|Body Press|p2a: Arcanine\n|-supereffective|p2a: Arcanine\n|-damage|p2a: Arcanine|15\/100\n|-damage|p1a: Dondozo|40\/100|[from] item: Life Orb\n|\n|upkeep\n|turn|7\n|\n|t:|1682542848\n|move|p1b: Iron Bundle|Protect|p1b: Iron Bundle\n|-singleturn|p1b: Iron Bundle|Protect\n|move|p2b: Amoonguss|Protect|p2b: Amoonguss\n|-singleturn|p2b: Amoonguss|Protect\n|move|p2a: Arcanine|Extreme Speed|p1b: Iron Bundle\n|-activate|p1b: Iron Bundle|move: Protect\n|move|p1a: Dondozo|Wave Crash|p2b: Amoonguss\n|-activate|p2b: Amoonguss|move: Protect\n|\n|upkeep\n|turn|8\n|\n|t:|1682542863\n|-end|p1b: Iron Bundle|Quark Drive|[silent]\n|switch|p1b: Scizor|Scizor, L50, M|100\/100\n|switch|p2b: Palafin|Palafin-Hero, L50, M, shiny|83\/100\n|move|p2a: Arcanine|Extreme Speed|p1b: Scizor\n|-resisted|p1b: Scizor\n|-damage|p1b: Scizor|81\/100\n|move|p1a: Dondozo|Body Press|p2a: Arcanine\n|-supereffective|p2a: Arcanine\n|-damage|p2a: Arcanine|0 fnt\n|faint|p2a: Arcanine\n|-damage|p1a: Dondozo|30\/100|[from] item: Life Orb\n|\n|-fieldend|Misty Terrain\n|upkeep\n|\n|t:|1682542883\n|switch|p2a: Amoonguss|Amoonguss, L50, F, shiny|55\/100\n|turn|9\n|\n|t:|1682542897\n|-terastallize|p1a: Dondozo|Grass\n|move|p2b: Palafin|Wave Crash|p1b: Scizor\n|-damage|p1b: Scizor|0 fnt\n|faint|p1b: Scizor\n|-damage|p2b: Palafin|59\/100|[from] Recoil\n|move|p1a: Dondozo|Tera Blast|p2b: Palafin\n|-supereffective|p2b: Palafin\n|-damage|p2b: Palafin|0 fnt\n|faint|p2b: Palafin\n|-damage|p1a: Dondozo|21\/100|[from] item: Life Orb\n|move|p2a: Amoonguss|Spore|p1a: Dondozo\n|-immune|p1a: Dondozo\n|\n|upkeep\n|\n|t:|1682542910\n|switch|p2b: Flutter Mane|Flutter Mane, L50, shiny|100\/100\n|switch|p1b: Iron Bundle|Iron Bundle, L50|33\/100\n|-enditem|p2b: Flutter Mane|Booster Energy\n|-activate|p2b: Flutter Mane|ability: Protosynthesis|[fromitem]\n|-start|p2b: Flutter Mane|protosynthesisspe\n|turn|10\n|\n|t:|1682542930\n|move|p1b: Iron Bundle|Protect|p1b: Iron Bundle\n|-singleturn|p1b: Iron Bundle|Protect\n|move|p2a: Amoonguss|Protect|p2a: Amoonguss\n|-singleturn|p2a: Amoonguss|Protect\n|move|p2b: Flutter Mane|Thunderbolt|p1b: Iron Bundle\n|-activate|p1b: Iron Bundle|move: Protect\n|move|p1a: Dondozo|Wave Crash|p2b: Flutter Mane\n|-damage|p2b: Flutter Mane|0 fnt\n|faint|p2b: Flutter Mane\n|-end|p2b: Flutter Mane|Protosynthesis|[silent]\n|-damage|p1a: Dondozo|4\/100|[from] Recoil\n|-damage|p1a: Dondozo|0 fnt|[from] item: Life Orb\n|faint|p1a: Dondozo\n|\n|upkeep\n|turn|11\n|\n|t:|1682542950\n|move|p1b: Iron Bundle|Freeze-Dry|p2a: Amoonguss\n|-supereffective|p2a: Amoonguss\n|-damage|p2a: Amoonguss|0 fnt\n|faint|p2a: Amoonguss\n|\n|win|lucaless\n|raw|lucaless's rating: 1078 → 1113<\/strong> (+35 for winning)\n|raw|Filoppo03's rating: 1161 → 1130<\/strong> (-31 for losing)\n|l|\u2606Filoppo03\n|c|\u2606lucaless|gg\n","uploadtime":1682543036,"views":10,"p1id":"lucaless","p2id":"filoppo03","formatid":"gen9vgc2023regulationc","rating":1113,"private":0,"password":""}