{"id":"gen9vgc2023regulationc-1851410834","p1":"jeffman323","p2":"a lonely fart","format":"[Gen 9] VGC 2023 Regulation C","log":"|j|\u2606jeffman323\n|j|\u2606a lonely fart\n|t:|1682442935\n|gametype|doubles\n|player|p1|jeffman323|steven|1522\n|player|p2|a lonely fart|102|1451\n|teamsize|p1|6\n|teamsize|p2|6\n|gen|9\n|tier|[Gen 9] VGC 2023 Regulation C\n|rated|\n|rule|Species Clause: Limit one of each Pok\u00e9mon\n|rule|Item Clause: Limit one of each item\n|clearpoke\n|poke|p1|Hatterene, L50, F|\n|poke|p1|Azumarill, L50, F|\n|poke|p1|Torkoal, L50, M|\n|poke|p1|Kingambit, L50, F|\n|poke|p1|Iron Hands, L50|\n|poke|p1|Brute Bonnet, L50|\n|poke|p2|Gyarados, L50, M|\n|poke|p2|Scizor, L50, F|\n|poke|p2|Amoonguss, L50, M|\n|poke|p2|Chi-Yu, L50|\n|poke|p2|Flutter Mane, L50|\n|poke|p2|Iron Bundle, L50|\n|teampreview|4\njeffman323 has agreed to open team sheets.\n|\n|t:|1682442978\n|start\n|switch|p1a: Iron Hands|Iron Hands, L50|100\/100\n|switch|p1b: Hatterene|Hatterene, L50, F|100\/100\n|switch|p2a: Scizor|Scizor, L50, F|100\/100\n|switch|p2b: Amoonguss|Amoonguss, L50, M|100\/100\n|turn|1\n|\n|t:|1682443003\n|move|p1a: Iron Hands|Fake Out|p2b: Amoonguss\n|-damage|p2b: Amoonguss|87\/100\n|move|p2a: Scizor|Swords Dance|p2a: Scizor\n|-boost|p2a: Scizor|atk|2\n|cant|p2b: Amoonguss|flinch\n|move|p1b: Hatterene|Trick Room|p1b: Hatterene\n|-fieldstart|move: Trick Room|[of] p1b: Hatterene\n|\n|-heal|p2b: Amoonguss|93\/100|[from] item: Leftovers\n|upkeep\n|turn|2\n|j| Dragontamerty9\n|\n|t:|1682443028\n|-end|p1a: Iron Hands|Quark Drive|[silent]\n|switch|p1a: Kingambit|Kingambit, L50, F|100\/100\n|move|p2a: Scizor|Bullet Punch|p1b: Hatterene\n|-supereffective|p1b: Hatterene\n|-crit|p1b: Hatterene\n|-enditem|p1b: Hatterene|Focus Sash\n|-damage|p1b: Hatterene|1\/100\n|move|p1b: Hatterene|Psychic|p2b: Amoonguss\n|-supereffective|p2b: Amoonguss\n|-damage|p2b: Amoonguss|0 fnt\n|faint|p2b: Amoonguss\n|\n|upkeep\n|\n|t:|1682443040\n|switch|p2b: Chi-Yu|Chi-Yu, L50|100\/100\n|-ability|p2b: Chi-Yu|Beads of Ruin\n|turn|3\n|\n|t:|1682443059\n|-terastallize|p1a: Kingambit|Flying\n|move|p2b: Chi-Yu|Protect|p2b: Chi-Yu\n|-singleturn|p2b: Chi-Yu|Protect\n|move|p1b: Hatterene|Dazzling Gleam|p2b: Chi-Yu|[spread] p2a\n|-activate|p2b: Chi-Yu|move: Protect\n|-resisted|p2a: Scizor\n|-crit|p2a: Scizor\n|-damage|p2a: Scizor|59\/100\n|move|p1a: Kingambit|Tera Blast|p2b: Chi-Yu\n|-activate|p2b: Chi-Yu|move: Protect\n|move|p2a: Scizor|Close Combat|p1a: Kingambit\n|-resisted|p1a: Kingambit\n|-damage|p1a: Kingambit|70\/100\n|-unboost|p2a: Scizor|def|1\n|-unboost|p2a: Scizor|spd|1\n|\n|upkeep\n|turn|4\n|\n|t:|1682443089\n|move|p1a: Kingambit|Sucker Punch|p2a: Scizor\n|-damage|p2a: Scizor|0 fnt\n|faint|p2a: Scizor\n|move|p1b: Hatterene|Dazzling Gleam|p2b: Chi-Yu\n|-damage|p2b: Chi-Yu|51\/100\n|move|p2b: Chi-Yu|Heat Wave|p1b: Hatterene|[spread] p1a,p1b\n|-damage|p1a: Kingambit|20\/100\n|-damage|p1b: Hatterene|0 fnt\n|faint|p1b: Hatterene\n|\n|upkeep\n|\n|t:|1682443098\n|switch|p1b: Torkoal|Torkoal, L50, M|100\/100\n|switch|p2a: Gyarados|Gyarados, L50, M|100\/100\n|-weather|SunnyDay|[from] ability: Drought|[of] p1b: Torkoal\n|-ability|p2a: Gyarados|Intimidate|boost\n|-unboost|p1a: Kingambit|atk|1\n|-ability|p1a: Kingambit|Defiant|boost\n|-boost|p1a: Kingambit|atk|2\n|-unboost|p1b: Torkoal|atk|1\n|turn|5\n|\n|t:|1682443115\n|move|p2b: Chi-Yu|Protect|p2b: Chi-Yu\n|-singleturn|p2b: Chi-Yu|Protect\n|move|p1b: Torkoal|Eruption|p2b: Chi-Yu|[spread] p2a\n|-activate|p2b: Chi-Yu|move: Protect\n|-resisted|p2a: Gyarados\n|-damage|p2a: Gyarados|52\/100\n|move|p1a: Kingambit|Kowtow Cleave|p2a: Gyarados\n|-damage|p2a: Gyarados|0 fnt\n|faint|p2a: Gyarados\n|\n|-weather|SunnyDay|[upkeep]\n|-fieldend|move: Trick Room\n|upkeep\n|turn|6\n|\n|t:|1682443128\n|move|p1b: Torkoal|Protect|p1b: Torkoal\n|-singleturn|p1b: Torkoal|Protect\n|move|p1a: Kingambit|Sucker Punch|p2b: Chi-Yu\n|-resisted|p2b: Chi-Yu\n|-damage|p2b: Chi-Yu|12\/100\n|move|p2b: Chi-Yu|Heat Wave|p1b: Torkoal|[spread] p1a\n|-activate|p1b: Torkoal|move: Protect\n|-damage|p1a: Kingambit|0 fnt\n|faint|p1a: Kingambit\n|\n|-weather|SunnyDay|[upkeep]\n|upkeep\n|\n|t:|1682443134\n|switch|p1a: Iron Hands|Iron Hands, L50|100\/100\n|turn|7\n|\n|t:|1682443138\n|move|p2b: Chi-Yu|Protect|p2b: Chi-Yu\n|-singleturn|p2b: Chi-Yu|Protect\n|move|p1a: Iron Hands|Fake Out|p2b: Chi-Yu\n|-activate|p2b: Chi-Yu|move: Protect\n|move|p1b: Torkoal|Earth Power|p2b: Chi-Yu\n|-activate|p2b: Chi-Yu|move: Protect\n|\n|-weather|SunnyDay|[upkeep]\n|upkeep\n|turn|8\n|\n|t:|1682443151\n|move|p2b: Chi-Yu|Heat Wave|p1a: Iron Hands|[spread] p1b\n|-miss|p2b: Chi-Yu|p1a: Iron Hands\n|-resisted|p1b: Torkoal\n|-damage|p1b: Torkoal|47\/100\n|move|p1a: Iron Hands|Thunder Punch|p2b: Chi-Yu\n|-damage|p2b: Chi-Yu|0 fnt\n|faint|p2b: Chi-Yu\n|\n|win|jeffman323\n|raw|jeffman323's rating: 1522 → 1538<\/strong> (+16 for winning)\n|raw|a lonely fart's rating: 1451 → 1435<\/strong> (-16 for losing)\n|l|\u2606a lonely fart\n","uploadtime":1682443155,"views":7,"p1id":"jeffman323","p2id":"alonelyfart","formatid":"gen9vgc2023regulationc","rating":1435,"private":0,"password":""}