{"id":"gen9vgc2023regulationc-1862910731","p1":"wackomarko","p2":"Casperition1","format":"[Gen 9] VGC 2023 Regulation C","log":"|j|\u2606wackomarko\n|j|\u2606Casperition1\n|t:|1683937218\n|gametype|doubles\n|player|p1|wackomarko|hiker-gen4|1138\n|player|p2|Casperition1|170|1001\n|teamsize|p1|6\n|teamsize|p2|6\n|gen|9\n|tier|[Gen 9] VGC 2023 Regulation C\n|rated|\n|rule|Species Clause: Limit one of each Pok\u00e9mon\n|rule|Item Clause: Limit one of each item\n|clearpoke\n|poke|p1|Talonflame, L50, M|\n|poke|p1|Amoonguss, L50, M|\n|poke|p1|Flutter Mane, L50|\n|poke|p1|Chien-Pao, L50|\n|poke|p1|Gyarados, L50, M|\n|poke|p1|Dragapult, L50, F|\n|poke|p2|Kingambit, L50, F|\n|poke|p2|Sableye, L50, F|\n|poke|p2|Iron Moth, L50|\n|poke|p2|Oranguru, L50, F|\n|poke|p2|Palafin, L50, F|\n|poke|p2|Toedscruel, L50, F|\n|teampreview|4\nwackomarko has agreed to open team sheets.\n|inactive|Battle timer is ON: inactive players will automatically lose when time's up. (requested by Casperition1)\n|\n|t:|1683937262\n|start\n|switch|p1a: Talonflame|Talonflame, L50, M, shiny|100\/100\n|switch|p1b: Flutter Mane|Flutter Mane, L50, shiny|100\/100\n|switch|p2a: Palafin|Palafin, L50, F, shiny|100\/100\n|switch|p2b: Sableye|Sableye, L50, F|100\/100\n|turn|1\n|\n|t:|1683937279\n|detailschange|p2a: Palafin|Palafin-Hero, L50, F, shiny\n|switch|p2a: Kingambit|Kingambit, L50, F|100\/100\n|move|p1a: Talonflame|Taunt|p2b: Sableye\n|-start|p2b: Sableye|move: Taunt\n|move|p1b: Flutter Mane|Dazzling Gleam|p2b: Sableye|[spread] p2a,p2b\n|-supereffective|p2b: Sableye\n|-damage|p2a: Kingambit|63\/100\n|-damage|p2b: Sableye|0 fnt\n|faint|p2b: Sableye\n|-damage|p1b: Flutter Mane|91\/100|[from] item: Life Orb\n|\n|upkeep\n|inactive|Casperition1 has 30 seconds left.\n|inactive|Casperition1 has 20 seconds left.\n|inactive|Casperition1 has 15 seconds left.\n|\n|t:|1683937320\n|switch|p2b: Palafin|Palafin-Hero, L50, F, shiny|100\/100\n|-activate|p2b: Palafin|ability: Zero to Hero\n|turn|2\n|\n|t:|1683937330\n|move|p1b: Flutter Mane|Protect|p1b: Flutter Mane\n|-singleturn|p1b: Flutter Mane|Protect\n|move|p2a: Kingambit|Protect|p2a: Kingambit\n|-singleturn|p2a: Kingambit|Protect\n|move|p2b: Palafin|Jet Punch|p1a: Talonflame\n|-supereffective|p1a: Talonflame\n|-damage|p1a: Talonflame|0 fnt\n|faint|p1a: Talonflame\n|-damage|p2b: Palafin|91\/100|[from] item: Life Orb\n|\n|upkeep\n|\n|t:|1683937351\n|switch|p1a: Chien-Pao|Chien-Pao, L50|100\/100\n|-ability|p1a: Chien-Pao|Sword of Ruin\n|turn|3\n|inactive|wackomarko has 30 seconds left.\n|\n|t:|1683937378\n|-end|p1b: Flutter Mane|Protosynthesis|[silent]\n|switch|p1b: Dragapult|Dragapult, L50, F, shiny|100\/100\n|move|p1a: Chien-Pao|Sucker Punch|p2b: Palafin\n|-damage|p2b: Palafin|39\/100\n|move|p2b: Palafin|Drain Punch|p1a: Chien-Pao\n|-supereffective|p1a: Chien-Pao\n|-enditem|p1a: Chien-Pao|Focus Sash\n|-damage|p1a: Chien-Pao|1\/100\n|-heal|p2b: Palafin|83\/100|[from] drain|[of] p1a: Chien-Pao\n|-damage|p2b: Palafin|73\/100|[from] item: Life Orb\n|move|p2a: Kingambit|Iron Head|p1b: Dragapult\n|-damage|p1b: Dragapult|21\/100\n|\n|upkeep\n|turn|4\n|inactive|Casperition1 has 30 seconds left.\n|inactive|Casperition1 has 20 seconds left.\n|\n|t:|1683937414\n|-terastallize|p1b: Dragapult|Dragon\n|move|p1a: Chien-Pao|Sucker Punch|p2b: Palafin\n|-damage|p2b: Palafin|27\/100\n|move|p2b: Palafin|Jet Punch|p1a: Chien-Pao\n|-damage|p1a: Chien-Pao|0 fnt\n|faint|p1a: Chien-Pao\n|-damage|p2b: Palafin|17\/100|[from] item: Life Orb\n|move|p1b: Dragapult|Dragon Darts|p2a: Kingambit\n|-resisted|p2a: Kingambit\n|-damage|p2a: Kingambit|44\/100\n|-anim|p1b: Dragapult|Dragon Darts|p2b: Palafin\n|-damage|p2b: Palafin|0 fnt\n|faint|p2b: Palafin\n|move|p2a: Kingambit|Kowtow Cleave|p1b: Dragapult\n|-damage|p1b: Dragapult|0 fnt\n|faint|p1b: Dragapult\n|\n|upkeep\n|\n|t:|1683937435\n|switch|p1a: Flutter Mane|Flutter Mane, L50, shiny|91\/100\n|switch|p2b: Iron Moth|Iron Moth, L50|100\/100\n|-enditem|p2b: Iron Moth|Booster Energy\n|-activate|p2b: Iron Moth|ability: Quark Drive|[fromitem]\n|-start|p2b: Iron Moth|quarkdrivespa\n|turn|5\n|\n|t:|1683937443\n|move|p1a: Flutter Mane|Shadow Ball|p2a: Kingambit\n|-resisted|p2a: Kingambit\n|-damage|p2a: Kingambit|18\/100\n|-damage|p1a: Flutter Mane|81\/100|[from] item: Life Orb\n|move|p2b: Iron Moth|Sludge Wave|p1a: Flutter Mane|[spread] p1a\n|-immune|p2a: Kingambit\n|-damage|p1a: Flutter Mane|32\/100\n|move|p2a: Kingambit|Iron Head|p1a: Flutter Mane\n|-supereffective|p1a: Flutter Mane\n|-damage|p1a: Flutter Mane|0 fnt\n|faint|p1a: Flutter Mane\n|-end|p1a: Flutter Mane|Protosynthesis|[silent]\n|\n|win|Casperition1\n|raw|wackomarko's rating: 1138 → 1104<\/strong> (-34 for losing)\n|raw|Casperition1's rating: 1001 → 1056<\/strong> (+55 for winning)\n|c|\u2606wackomarko|gg\n","uploadtime":1683937458,"views":6,"p1id":"wackomarko","p2id":"casperition1","formatid":"gen9vgc2023regulationc","rating":1056,"private":0,"password":""}