{"id":"gen9vgc2023regulationc-1847040861","p1":"DARIUS I.B.","p2":"Duck duty","format":"[Gen 9] VGC 2023 Regulation C","log":"|j|\u2606DARIUS I.B.\n|j|\u2606Duck duty\n|t:|1681914101\n|gametype|doubles\n|player|p1|DARIUS I.B.|101|1212\n|player|p2|Duck duty|pokekid|1142\n|teamsize|p1|6\n|teamsize|p2|6\n|gen|9\n|tier|[Gen 9] VGC 2023 Regulation C\n|rated|\n|rule|Species Clause: Limit one of each Pok\u00e9mon\n|rule|Item Clause: Limit one of each item\n|clearpoke\n|poke|p1|Iron Hands, L50|\n|poke|p1|Amoonguss, L50, F|\n|poke|p1|Dragapult, L50, M|\n|poke|p1|Scizor, L50, F|\n|poke|p1|Garchomp, L50, M|\n|poke|p1|Chien-Pao, L50|\n|poke|p2|Glimmora, L50, F|\n|poke|p2|Flutter Mane, L50|\n|poke|p2|Chi-Yu, L50|\n|poke|p2|Annihilape, L50, F|\n|poke|p2|Talonflame, L50, M|\n|poke|p2|Gyarados, L50, M|\n|teampreview|4\n|inactive|Battle timer is ON: inactive players will automatically lose when time's up. (requested by Duck duty)\n|inactive|DARIUS I.B. has 60 seconds left.\n|inactive|Duck duty has 60 seconds left.\n|inactive|Duck duty has 30 seconds left.\n|inactive|Duck duty has 20 seconds left.\n|inactive|Duck duty has 15 seconds left.\n|inactive|Duck duty has 10 seconds left.\n|\n|t:|1681914184\n|start\n|switch|p1a: Dragapult|Dragapult, L50, M|100\/100\n|switch|p1b: Iron Hands|Iron Hands, L50|100\/100\n|switch|p2a: Talonflame|Talonflame, L50, M|100\/100\n|switch|p2b: Flutter Mane|Flutter Mane, L50|100\/100\n|-enditem|p2b: Flutter Mane|Booster Energy\n|-activate|p2b: Flutter Mane|ability: Protosynthesis|[fromitem]\n|-start|p2b: Flutter Mane|protosynthesisspe\n|turn|1\n|\n|t:|1681914209\n|-terastallize|p1a: Dragapult|Steel\n|move|p2a: Talonflame|Tailwind|p2a: Talonflame\n|-sidestart|p2: Duck duty|move: Tailwind\n|move|p2b: Flutter Mane|Moonblast|p1a: Dragapult\n|-resisted|p1a: Dragapult\n|-damage|p1a: Dragapult|68\/100\n|move|p1a: Dragapult|Tera Blast|p2b: Flutter Mane\n|-supereffective|p2b: Flutter Mane\n|-damage|p2b: Flutter Mane|0 fnt\n|faint|p2b: Flutter Mane\n|-end|p2b: Flutter Mane|Protosynthesis|[silent]\n|move|p1b: Iron Hands|Wild Charge|p2a: Talonflame\n|-supereffective|p2a: Talonflame\n|-damage|p2a: Talonflame|0 fnt\n|faint|p2a: Talonflame\n|-damage|p1b: Iron Hands|83\/100|[from] Recoil\n|\n|upkeep\n|\n|t:|1681914223\n|switch|p2b: Chi-Yu|Chi-Yu, L50|100\/100\n|switch|p2a: Annihilape|Annihilape, L50, F|100\/100\n|-ability|p2b: Chi-Yu|Beads of Ruin\n|turn|2\n|inactive|DARIUS I.B. has 30 seconds left.\n|inactive|DARIUS I.B. has 20 seconds left.\n|\n|t:|1681914259\n|switch|p1a: Scizor|Scizor, L50, F, shiny|100\/100\n|move|p2b: Chi-Yu|Flamethrower|p1a: Scizor\n|-supereffective|p1a: Scizor\n|-damage|p1a: Scizor|0 fnt\n|faint|p1a: Scizor\n|move|p2a: Annihilape|Bulk Up|p2a: Annihilape\n|-boost|p2a: Annihilape|atk|1\n|-boost|p2a: Annihilape|def|1\n|move|p1b: Iron Hands|Drain Punch|p2b: Chi-Yu\n|-supereffective|p2b: Chi-Yu\n|-damage|p2b: Chi-Yu|0 fnt\n|-heal|p1b: Iron Hands|100\/100|[from] drain|[of] p2b: Chi-Yu\n|faint|p2b: Chi-Yu\n|\n|upkeep\n|\n|t:|1681914281\n|switch|p1a: Chien-Pao|Chien-Pao, L50|100\/100\n|-ability|p1a: Chien-Pao|Sword of Ruin\n|turn|3\n|\n|t:|1681914289\n|move|p1a: Chien-Pao|Sucker Punch|p2a: Annihilape\n|-damage|p2a: Annihilape|57\/100\n|-damage|p1a: Chien-Pao|91\/100|[from] item: Life Orb\n|move|p2a: Annihilape|Drain Punch|p1a: Chien-Pao\n|-supereffective|p1a: Chien-Pao\n|-damage|p1a: Chien-Pao|0 fnt\n|-heal|p2a: Annihilape|90\/100|[from] drain|[of] p1a: Chien-Pao\n|faint|p1a: Chien-Pao\n|move|p1b: Iron Hands|Volt Switch|p2a: Annihilape\n|-damage|p2a: Annihilape|77\/100\n|\n|t:|1681914300\n|-end|p1b: Iron Hands|Quark Drive|[silent]\n|switch|p1b: Dragapult|Dragapult, L50, M, tera:Steel|68\/100|[from] Volt Switch\n|\n|-heal|p2a: Annihilape|83\/100|[from] item: Leftovers\n|upkeep\n|\n|t:|1681914307\n|switch|p1a: Iron Hands|Iron Hands, L50|100\/100\n|turn|4\n|\n|t:|1681914320\n|move|p2a: Annihilape|Drain Punch|p1b: Dragapult\n|-supereffective|p1b: Dragapult\n|-damage|p1b: Dragapult|0 fnt\n|-heal|p2a: Annihilape|100\/100|[from] drain|[of] p1b: Dragapult\n|faint|p1b: Dragapult\n|move|p1a: Iron Hands|Wild Charge|p2a: Annihilape\n|-damage|p2a: Annihilape|66\/100\n|-damage|p1a: Iron Hands|93\/100|[from] Recoil\n|\n|-heal|p2a: Annihilape|72\/100|[from] item: Leftovers\n|-sideend|p2: Duck duty|move: Tailwind\n|upkeep\n|turn|5\n|-message|DARIUS I.B. forfeited.\n|\n|win|Duck duty\n|raw|DARIUS I.B.'s rating: 1212 → 1182<\/strong> (-30 for losing)\n|raw|Duck duty's rating: 1142 → 1172<\/strong> (+30 for winning)\n|l|\u2606DARIUS I.B.\n","uploadtime":1681914336,"views":4,"p1id":"dariusib","p2id":"duckduty","formatid":"gen9vgc2023regulationc","rating":1172,"private":0,"password":""}