{"id":"gen9vgc2023regulationc-1856587571","p1":"Prometheus756","p2":"emogiraffe","format":"[Gen 9] VGC 2023 Regulation C","log":"|j|\u2606Prometheus756\n|j|\u2606emogiraffe\n|t:|1683079165\n|gametype|doubles\n|player|p1|Prometheus756|pokefan-gen4|1289\n|player|p2|emogiraffe|ninjaboy|1353\n|teamsize|p1|6\n|teamsize|p2|6\n|gen|9\n|tier|[Gen 9] VGC 2023 Regulation C\n|rated|\n|rule|Species Clause: Limit one of each Pok\u00e9mon\n|rule|Item Clause: Limit one of each item\n|clearpoke\n|poke|p1|Grimmsnarl, L50, M|\n|poke|p1|Rotom-Wash, L50|\n|poke|p1|Garganacl, L50, M|\n|poke|p1|Amoonguss, L50, M|\n|poke|p1|Ting-Lu, L50|\n|poke|p1|Wo-Chien, L50|\n|poke|p2|Palafin, L50, F|\n|poke|p2|Flutter Mane, L50|\n|poke|p2|Iron Bundle, L50|\n|poke|p2|Ceruledge, L50, M|\n|poke|p2|Amoonguss, L50, F|\n|poke|p2|Chi-Yu, L50|\n|teampreview|4\n|\n|t:|1683079181\n|start\n|switch|p1a: Grimmsnarl|Grimmsnarl, L50, M|100\/100\n|switch|p1b: Garganacl|Garganacl, L50, M|100\/100\n|switch|p2a: Ceruledge|Ceruledge, L50, M|100\/100\n|switch|p2b: Amoonguss|Amoonguss, L50, F|100\/100\n|turn|1\n|inactive|Battle timer is ON: inactive players will automatically lose when time's up. (requested by Prometheus756)\n|\n|t:|1683079191\n|-terastallize|p2a: Ceruledge|Grass\n|move|p1a: Grimmsnarl|Misty Terrain|p1a: Grimmsnarl\n|-fieldstart|move: Misty Terrain\n|move|p2a: Ceruledge|Tera Blast|p1b: Garganacl\n|-supereffective|p1b: Garganacl\n|-damage|p1b: Garganacl|54\/100\n|move|p1b: Garganacl|Salt Cure|p2a: Ceruledge\n|-damage|p2a: Ceruledge|83\/100\n|-start|p2a: Ceruledge|Salt Cure\n|move|p2b: Amoonguss|Spore|p1a: Grimmsnarl\n|-activate|p1a: Grimmsnarl|move: Misty Terrain\n|\n|-damage|p2a: Ceruledge|71\/100|[from] Salt Cure\n|upkeep\n|turn|2\n|inactive|emogiraffe has 30 seconds left.\n|\n|t:|1683079221\n|move|p1a: Grimmsnarl|Reflect|p1a: Grimmsnarl\n|-sidestart|p1: Prometheus756|Reflect\n|move|p2a: Ceruledge|Bitter Blade|p1a: Grimmsnarl\n|-damage|p1a: Grimmsnarl|62\/100\n|-heal|p2a: Ceruledge|93\/100|[from] drain|[of] p1a: Grimmsnarl\n|move|p1b: Garganacl|Salt Cure|p2b: Amoonguss\n|-damage|p2b: Amoonguss|91\/100\n|-start|p2b: Amoonguss|Salt Cure\n|move|p2b: Amoonguss|Pollen Puff|p2a: Ceruledge\n|-heal|p2a: Ceruledge|100\/100\n|\n|-damage|p2a: Ceruledge|88\/100|[from] Salt Cure\n|-damage|p2b: Amoonguss|79\/100|[from] Salt Cure\n|upkeep\n|turn|3\n|\n|t:|1683079244\n|move|p1a: Grimmsnarl|Parting Shot|p2a: Ceruledge\n|-unboost|p2a: Ceruledge|atk|1\n|-unboost|p2a: Ceruledge|spa|1\n|\n|t:|1683079258\n|switch|p1a: Wo-Chien|Wo-Chien, L50|100\/100|[from] Parting Shot\n|-ability|p1a: Wo-Chien|Tablets of Ruin\n|move|p2a: Ceruledge|Bitter Blade|p1a: Wo-Chien\n|-supereffective|p1a: Wo-Chien\n|-damage|p1a: Wo-Chien|71\/100\n|-heal|p2a: Ceruledge|100\/100|[from] drain|[of] p1a: Wo-Chien\n|move|p1b: Garganacl|Recover|p1b: Garganacl\n|-heal|p1b: Garganacl|100\/100\n|move|p2b: Amoonguss|Pollen Puff|p2a: Ceruledge\n|-immune|p2a: Ceruledge\n|\n|-damage|p2a: Ceruledge|88\/100|[from] Salt Cure\n|-damage|p2b: Amoonguss|67\/100|[from] Salt Cure\n|upkeep\n|turn|4\n|inactive|Prometheus756 has 30 seconds left.\n|\n|t:|1683079288\n|switch|p1b: Ting-Lu|Ting-Lu, L50|100\/100\n|-ability|p1b: Ting-Lu|Vessel of Ruin\n|switch|p2b: Flutter Mane|Flutter Mane, L50|100\/100\n|-terastallize|p1a: Wo-Chien|Fairy\n|move|p2a: Ceruledge|Bitter Blade|p1a: Wo-Chien\n|-damage|p1a: Wo-Chien|53\/100\n|-heal|p2a: Ceruledge|98\/100|[from] drain|[of] p1a: Wo-Chien\n|move|p1a: Wo-Chien|Ingrain|p1a: Wo-Chien\n|-start|p1a: Wo-Chien|move: Ingrain\n|\n|-heal|p1a: Wo-Chien|59\/100|[from] Ingrain\n|-damage|p2a: Ceruledge|86\/100|[from] Salt Cure\n|upkeep\n|turn|5\n|inactive|Prometheus756 has 30 seconds left.\n|\n|t:|1683079324\n|switch|p2a: Amoonguss|Amoonguss, L50, F|99\/100\n|move|p2b: Flutter Mane|Substitute|p2b: Flutter Mane\n|-start|p2b: Flutter Mane|Substitute\n|-damage|p2b: Flutter Mane|76\/100\n|move|p1a: Wo-Chien|Leech Seed||[still]\n|-fail|p1a: Wo-Chien\n|move|p1b: Ting-Lu|Stealth Rock|p2a: Amoonguss\n|-sidestart|p2: emogiraffe|move: Stealth Rock\n|\n|-heal|p2b: Flutter Mane|82\/100|[from] item: Leftovers\n|-heal|p1a: Wo-Chien|64\/100|[from] Ingrain\n|-fieldend|Misty Terrain\n|upkeep\n|turn|6\n|inactive|emogiraffe has 30 seconds left.\n|\n|t:|1683079350\n|move|p1a: Wo-Chien|Protect|p1a: Wo-Chien\n|-singleturn|p1a: Wo-Chien|Protect\n|move|p2b: Flutter Mane|Moonblast|p1b: Ting-Lu\n|-supereffective|p1b: Ting-Lu\n|-damage|p1b: Ting-Lu|55\/100\n|move|p1b: Ting-Lu|Fissure|p2a: Amoonguss|[miss]\n|-miss|p1b: Ting-Lu|p2a: Amoonguss\n|move|p2a: Amoonguss|Spore|p1b: Ting-Lu\n|-status|p1b: Ting-Lu|slp|[from] move: Spore\n|\n|-heal|p2b: Flutter Mane|88\/100|[from] item: Leftovers\n|-heal|p1a: Wo-Chien|70\/100|[from] Ingrain\n|upkeep\n|turn|7\n|\n|t:|1683079369\n|move|p2b: Flutter Mane|Moonblast|p1b: Ting-Lu\n|-supereffective|p1b: Ting-Lu\n|-damage|p1b: Ting-Lu|6\/100 slp\n|-enditem|p1b: Ting-Lu|Aguav Berry|[eat]\n|-heal|p1b: Ting-Lu|39\/100 slp|[from] item: Aguav Berry\n|move|p1a: Wo-Chien|Pollen Puff|p1b: Ting-Lu\n|-heal|p1b: Ting-Lu|89\/100 slp\n|cant|p1b: Ting-Lu|slp\n|move|p2a: Amoonguss|Spore|p1a: Wo-Chien\n|-status|p1a: Wo-Chien|slp|[from] move: Spore\n|\n|-heal|p2b: Flutter Mane|94\/100|[from] item: Leftovers\n|-heal|p1a: Wo-Chien|76\/100 slp|[from] Ingrain\n|upkeep\n|turn|8\n|\n|t:|1683079388\n|switch|p2a: Ceruledge|Ceruledge, L50, M, tera:Grass|86\/100\n|-damage|p2a: Ceruledge|74\/100|[from] Stealth Rock\n|cant|p1a: Wo-Chien|slp\n|move|p2b: Flutter Mane|Moonblast|p1b: Ting-Lu\n|-supereffective|p1b: Ting-Lu\n|-damage|p1b: Ting-Lu|45\/100 slp\n|-curestatus|p1b: Ting-Lu|slp|[msg]\n|move|p1b: Ting-Lu|Fissure|p2a: Ceruledge\n|-damage|p2a: Ceruledge|0 fnt\n|faint|p2a: Ceruledge\n|-ohko\n|\n|-heal|p2b: Flutter Mane|100\/100|[from] item: Leftovers\n|-heal|p1a: Wo-Chien|82\/100 slp|[from] Ingrain\n|upkeep\n|\n|t:|1683079404\n|switch|p2a: Iron Bundle|Iron Bundle, L50|100\/100\n|-damage|p2a: Iron Bundle|76\/100|[from] Stealth Rock\n|-enditem|p2a: Iron Bundle|Booster Energy\n|-activate|p2a: Iron Bundle|ability: Quark Drive|[fromitem]\n|-start|p2a: Iron Bundle|quarkdrivespe\n|turn|9\n|\n|t:|1683079415\n|move|p1b: Ting-Lu|Protect|p1b: Ting-Lu\n|-singleturn|p1b: Ting-Lu|Protect\n|move|p2a: Iron Bundle|Freeze-Dry|p1b: Ting-Lu\n|-activate|p1b: Ting-Lu|move: Protect\n|move|p2b: Flutter Mane|Moonblast|p1b: Ting-Lu\n|-activate|p1b: Ting-Lu|move: Protect\n|-curestatus|p1a: Wo-Chien|slp|[msg]\n|move|p1a: Wo-Chien|Leech Seed|p2a: Iron Bundle\n|-start|p2a: Iron Bundle|move: Leech Seed\n|\n|-heal|p1a: Wo-Chien|87\/100|[from] Ingrain\n|-damage|p2a: Iron Bundle|64\/100|[from] Leech Seed|[of] p1a: Wo-Chien\n|-heal|p1a: Wo-Chien|96\/100|[silent]\n|-sideend|p1: Prometheus756|Reflect\n|upkeep\n|turn|10\n|inactive|Prometheus756 has 30 seconds left.\n|\n|t:|1683079445\n|move|p2a: Iron Bundle|Freeze-Dry|p1b: Ting-Lu\n|-supereffective|p1b: Ting-Lu\n|-damage|p1b: Ting-Lu|15\/100\n|-status|p1b: Ting-Lu|frz\n|move|p2b: Flutter Mane|Moonblast|p1b: Ting-Lu\n|-supereffective|p1b: Ting-Lu\n|-damage|p1b: Ting-Lu|0 fnt\n|faint|p1b: Ting-Lu\n|move|p1a: Wo-Chien|Pollen Puff|p2a: Iron Bundle\n|-damage|p2a: Iron Bundle|23\/100\n|\n|-heal|p1a: Wo-Chien|100\/100|[from] Ingrain\n|-damage|p2a: Iron Bundle|11\/100|[from] Leech Seed|[of] p1a: Wo-Chien\n|upkeep\n|\n|t:|1683079467\n|switch|p1b: Garganacl|Garganacl, L50, M|100\/100\n|turn|11\n|\n|t:|1683079476\n|move|p2a: Iron Bundle|Protect|p2a: Iron Bundle\n|-singleturn|p2a: Iron Bundle|Protect\n|move|p1b: Garganacl|Protect|p1b: Garganacl\n|-singleturn|p1b: Garganacl|Protect\n|move|p2b: Flutter Mane|Moonblast|p1b: Garganacl\n|-activate|p1b: Garganacl|move: Protect\n|move|p1a: Wo-Chien|Pollen Puff|p2b: Flutter Mane\n|-resisted|p2b: Flutter Mane\n|-activate|p2b: Flutter Mane|move: Substitute|[damage]\n|\n|-damage|p2a: Iron Bundle|0 fnt|[from] Leech Seed|[of] p1a: Wo-Chien\n|faint|p2a: Iron Bundle\n|-end|p2a: Iron Bundle|Quark Drive|[silent]\n|upkeep\n|\n|t:|1683079491\n|switch|p2a: Amoonguss|Amoonguss, L50, F|100\/100\n|-damage|p2a: Amoonguss|88\/100|[from] Stealth Rock\n|turn|12\n|\n|t:|1683079505\n|move|p2b: Flutter Mane|Protect|p2b: Flutter Mane\n|-singleturn|p2b: Flutter Mane|Protect\n|move|p1a: Wo-Chien|Pollen Puff|p2b: Flutter Mane\n|-activate|p2b: Flutter Mane|move: Protect\n|move|p1b: Garganacl|Salt Cure|p2b: Flutter Mane\n|-activate|p2b: Flutter Mane|move: Protect\n|move|p2a: Amoonguss|Spore|p1a: Wo-Chien\n|-status|p1a: Wo-Chien|slp|[from] move: Spore\n|\n|upkeep\n|turn|13\n|\n|t:|1683079524\n|move|p1b: Garganacl|Protect|p1b: Garganacl\n|-singleturn|p1b: Garganacl|Protect\n|move|p2b: Flutter Mane|Shadow Ball|p1a: Wo-Chien\n|-damage|p1a: Wo-Chien|72\/100 slp\n|cant|p1a: Wo-Chien|slp\n|move|p2a: Amoonguss|Pollen Puff|p1a: Wo-Chien\n|-resisted|p1a: Wo-Chien\n|-damage|p1a: Wo-Chien|66\/100 slp\n|\n|-heal|p1a: Wo-Chien|72\/100 slp|[from] Ingrain\n|upkeep\n|turn|14\n|\n|t:|1683079547\n|move|p2a: Amoonguss|Rage Powder|p2a: Amoonguss\n|-singleturn|p2a: Amoonguss|move: Rage Powder\n|move|p2b: Flutter Mane|Moonblast|p1b: Garganacl\n|-damage|p1b: Garganacl|44\/100\n|-enditem|p1b: Garganacl|Sitrus Berry|[eat]\n|-heal|p1b: Garganacl|69\/100|[from] item: Sitrus Berry\n|-curestatus|p1a: Wo-Chien|slp|[msg]\n|move|p1a: Wo-Chien|Pollen Puff|p2a: Amoonguss\n|-damage|p2a: Amoonguss|67\/100\n|move|p1b: Garganacl|Salt Cure|p2a: Amoonguss\n|-damage|p2a: Amoonguss|60\/100\n|-start|p2a: Amoonguss|Salt Cure\n|\n|-heal|p1a: Wo-Chien|78\/100|[from] Ingrain\n|-damage|p2a: Amoonguss|48\/100|[from] Salt Cure\n|upkeep\n|-enditem|p2a: Amoonguss|Sitrus Berry|[eat]\n|-heal|p2a: Amoonguss|73\/100|[from] item: Sitrus Berry\n|turn|15\n|\n|t:|1683079571\n|move|p1a: Wo-Chien|Protect|p1a: Wo-Chien\n|-singleturn|p1a: Wo-Chien|Protect\n|move|p1b: Garganacl|Protect|p1b: Garganacl\n|-singleturn|p1b: Garganacl|Protect\n|move|p2b: Flutter Mane|Moonblast|p1b: Garganacl\n|-activate|p1b: Garganacl|move: Protect\n|move|p2a: Amoonguss|Spore|p1a: Wo-Chien\n|-activate|p1a: Wo-Chien|move: Protect\n|\n|-heal|p1a: Wo-Chien|84\/100|[from] Ingrain\n|-damage|p2a: Amoonguss|61\/100|[from] Salt Cure\n|upkeep\n|turn|16\n|\n|t:|1683079593\n|move|p2b: Flutter Mane|Moonblast|p1b: Garganacl\n|-damage|p1b: Garganacl|15\/100\n|move|p1a: Wo-Chien|Pollen Puff|p2a: Amoonguss\n|-damage|p2a: Amoonguss|40\/100\n|move|p1b: Garganacl|Salt Cure|p2a: Amoonguss\n|-damage|p2a: Amoonguss|33\/100\n|move|p2a: Amoonguss|Spore|p1a: Wo-Chien\n|-status|p1a: Wo-Chien|slp|[from] move: Spore\n|\n|-heal|p1a: Wo-Chien|90\/100 slp|[from] Ingrain\n|-damage|p2a: Amoonguss|21\/100|[from] Salt Cure\n|upkeep\n|turn|17\n|\n|t:|1683079613\n|move|p1b: Garganacl|Protect|p1b: Garganacl\n|-singleturn|p1b: Garganacl|Protect\n|move|p2b: Flutter Mane|Moonblast|p1b: Garganacl\n|-activate|p1b: Garganacl|move: Protect\n|cant|p1a: Wo-Chien|slp\n|move|p2a: Amoonguss|Spore|p1a: Wo-Chien\n|-fail|p1a: Wo-Chien|slp\n|\n|-heal|p1a: Wo-Chien|95\/100 slp|[from] Ingrain\n|-damage|p2a: Amoonguss|9\/100|[from] Salt Cure\n|upkeep\n|turn|18\n|\n|t:|1683079635\n|switch|p1b: Grimmsnarl|Grimmsnarl, L50, M|62\/100\n|move|p2b: Flutter Mane|Moonblast|p1b: Grimmsnarl\n|-supereffective|p1b: Grimmsnarl\n|-damage|p1b: Grimmsnarl|0 fnt\n|faint|p1b: Grimmsnarl\n|cant|p1a: Wo-Chien|slp\n|move|p2a: Amoonguss|Spore|p1a: Wo-Chien\n|-fail|p1a: Wo-Chien|slp\n|\n|-heal|p1a: Wo-Chien|100\/100 slp|[from] Ingrain\n|-damage|p2a: Amoonguss|0 fnt|[from] Salt Cure\n|faint|p2a: Amoonguss\n|upkeep\n|\n|t:|1683079645\n|switch|p1b: Garganacl|Garganacl, L50, M|15\/100\n|turn|19\n|\n|t:|1683079651\n|move|p1b: Garganacl|Protect|p1b: Garganacl\n|-singleturn|p1b: Garganacl|Protect\n|move|p2b: Flutter Mane|Moonblast|p1b: Garganacl\n|-activate|p1b: Garganacl|move: Protect\n|-curestatus|p1a: Wo-Chien|slp|[msg]\n|move|p1a: Wo-Chien|Pollen Puff|p2b: Flutter Mane\n|-resisted|p2b: Flutter Mane\n|-activate|p2b: Flutter Mane|move: Substitute|[damage]\n|\n|upkeep\n|turn|20\n|\n|t:|1683079666\n|move|p1b: Garganacl|Protect|p1b: Garganacl\n|-singleturn|p1b: Garganacl|Protect\n|move|p2b: Flutter Mane|Moonblast|p1b: Garganacl\n|-activate|p1b: Garganacl|move: Protect\n|move|p1a: Wo-Chien|Pollen Puff|p2b: Flutter Mane\n|-resisted|p2b: Flutter Mane\n|-activate|p2b: Flutter Mane|move: Substitute|[damage]\n|\n|upkeep\n|turn|21\n|\n|t:|1683079681\n|move|p1b: Garganacl|Protect||[still]\n|-fail|p1b: Garganacl\n|move|p2b: Flutter Mane|Moonblast|p1b: Garganacl\n|-damage|p1b: Garganacl|0 fnt\n|faint|p1b: Garganacl\n|move|p1a: Wo-Chien|Pollen Puff|p2b: Flutter Mane\n|-resisted|p2b: Flutter Mane\n|-activate|p2b: Flutter Mane|move: Substitute|[damage]\n|\n|upkeep\n|turn|22\n|\n|t:|1683079691\n|move|p1a: Wo-Chien|Protect|p1a: Wo-Chien\n|-singleturn|p1a: Wo-Chien|Protect\n|move|p2b: Flutter Mane|Shadow Ball|p1a: Wo-Chien\n|-activate|p1a: Wo-Chien|move: Protect\n|\n|upkeep\n|turn|23\n|\n|t:|1683079700\n|move|p2b: Flutter Mane|Shadow Ball|p1a: Wo-Chien\n|-damage|p1a: Wo-Chien|75\/100\n|move|p1a: Wo-Chien|Pollen Puff|p2b: Flutter Mane\n|-resisted|p2b: Flutter Mane\n|-activate|p2b: Flutter Mane|move: Substitute|[damage]\n|\n|-heal|p1a: Wo-Chien|81\/100|[from] Ingrain\n|upkeep\n|turn|24\n|\n|t:|1683079716\n|move|p1a: Wo-Chien|Protect|p1a: Wo-Chien\n|-singleturn|p1a: Wo-Chien|Protect\n|move|p2b: Flutter Mane|Shadow Ball|p1a: Wo-Chien\n|-activate|p1a: Wo-Chien|move: Protect\n|\n|-heal|p1a: Wo-Chien|86\/100|[from] Ingrain\n|upkeep\n|turn|25\n|\n|t:|1683079720\n|move|p2b: Flutter Mane|Shadow Ball|p1a: Wo-Chien\n|-damage|p1a: Wo-Chien|59\/100\n|move|p1a: Wo-Chien|Pollen Puff|p2b: Flutter Mane\n|-resisted|p2b: Flutter Mane\n|-activate|p2b: Flutter Mane|move: Substitute|[damage]\n|\n|-heal|p1a: Wo-Chien|65\/100|[from] Ingrain\n|upkeep\n|turn|26\n|\n|t:|1683079727\n|move|p1a: Wo-Chien|Protect|p1a: Wo-Chien\n|-singleturn|p1a: Wo-Chien|Protect\n|move|p2b: Flutter Mane|Shadow Ball|p1a: Wo-Chien\n|-activate|p1a: Wo-Chien|move: Protect\n|\n|-heal|p1a: Wo-Chien|71\/100|[from] Ingrain\n|upkeep\n|turn|27\n|\n|t:|1683079732\n|move|p2b: Flutter Mane|Shadow Ball|p1a: Wo-Chien\n|-damage|p1a: Wo-Chien|44\/100\n|move|p1a: Wo-Chien|Pollen Puff|p2b: Flutter Mane\n|-resisted|p2b: Flutter Mane\n|-end|p2b: Flutter Mane|Substitute\n|\n|-heal|p1a: Wo-Chien|50\/100|[from] Ingrain\n|upkeep\n|turn|28\n|\n|t:|1683079739\n|move|p2b: Flutter Mane|Substitute|p2b: Flutter Mane\n|-start|p2b: Flutter Mane|Substitute\n|-damage|p2b: Flutter Mane|76\/100\n|move|p1a: Wo-Chien|Pollen Puff|p2b: Flutter Mane\n|-resisted|p2b: Flutter Mane\n|-activate|p2b: Flutter Mane|move: Substitute|[damage]\n|\n|-heal|p2b: Flutter Mane|82\/100|[from] item: Leftovers\n|-heal|p1a: Wo-Chien|55\/100|[from] Ingrain\n|upkeep\n|turn|29\n|\n|t:|1683079743\n|move|p1a: Wo-Chien|Protect|p1a: Wo-Chien\n|-singleturn|p1a: Wo-Chien|Protect\n|move|p2b: Flutter Mane|Moonblast|p1a: Wo-Chien\n|-activate|p1a: Wo-Chien|move: Protect\n|\n|-heal|p2b: Flutter Mane|88\/100|[from] item: Leftovers\n|-heal|p1a: Wo-Chien|61\/100|[from] Ingrain\n|upkeep\n|turn|30\n|\n|t:|1683079746\n|move|p2b: Flutter Mane|Shadow Ball|p1a: Wo-Chien\n|-damage|p1a: Wo-Chien|37\/100\n|move|p1a: Wo-Chien|Pollen Puff|p2b: Flutter Mane\n|-resisted|p2b: Flutter Mane\n|-activate|p2b: Flutter Mane|move: Substitute|[damage]\n|\n|-heal|p2b: Flutter Mane|94\/100|[from] item: Leftovers\n|-heal|p1a: Wo-Chien|43\/100|[from] Ingrain\n|upkeep\n|turn|31\n|\n|t:|1683079758\n|move|p1a: Wo-Chien|Protect|p1a: Wo-Chien\n|-singleturn|p1a: Wo-Chien|Protect\n|move|p2b: Flutter Mane|Moonblast|p1a: Wo-Chien\n|-activate|p1a: Wo-Chien|move: Protect\n|\n|-heal|p2b: Flutter Mane|100\/100|[from] item: Leftovers\n|-heal|p1a: Wo-Chien|49\/100|[from] Ingrain\n|upkeep\n|turn|32\n|\n|t:|1683079761\n|move|p2b: Flutter Mane|Shadow Ball|p1a: Wo-Chien\n|-damage|p1a: Wo-Chien|23\/100\n|-unboost|p1a: Wo-Chien|spd|1\n|-enditem|p1a: Wo-Chien|Wiki Berry|[eat]\n|-heal|p1a: Wo-Chien|56\/100|[from] item: Wiki Berry\n|move|p1a: Wo-Chien|Pollen Puff|p2b: Flutter Mane\n|-resisted|p2b: Flutter Mane\n|-activate|p2b: Flutter Mane|move: Substitute|[damage]\n|\n|-heal|p1a: Wo-Chien|62\/100|[from] Ingrain\n|upkeep\n|turn|33\n|\n|t:|1683079773\n|move|p1a: Wo-Chien|Protect|p1a: Wo-Chien\n|-singleturn|p1a: Wo-Chien|Protect\n|move|p2b: Flutter Mane|Shadow Ball|p1a: Wo-Chien\n|-activate|p1a: Wo-Chien|move: Protect\n|\n|-heal|p1a: Wo-Chien|68\/100|[from] Ingrain\n|upkeep\n|turn|34\n|\n|t:|1683079776\n|move|p2b: Flutter Mane|Shadow Ball|p1a: Wo-Chien\n|-damage|p1a: Wo-Chien|27\/100\n|move|p1a: Wo-Chien|Pollen Puff|p2b: Flutter Mane\n|-resisted|p2b: Flutter Mane\n|-activate|p2b: Flutter Mane|move: Substitute|[damage]\n|\n|-heal|p1a: Wo-Chien|32\/100|[from] Ingrain\n|upkeep\n|turn|35\n|\n|t:|1683079781\n|move|p1a: Wo-Chien|Protect|p1a: Wo-Chien\n|-singleturn|p1a: Wo-Chien|Protect\n|move|p2b: Flutter Mane|Shadow Ball|p1a: Wo-Chien\n|-activate|p1a: Wo-Chien|move: Protect\n|\n|-heal|p1a: Wo-Chien|38\/100|[from] Ingrain\n|upkeep\n|turn|36\n|\n|t:|1683079786\n|move|p1a: Wo-Chien|Protect|p1a: Wo-Chien\n|-singleturn|p1a: Wo-Chien|Protect\n|move|p2b: Flutter Mane|Shadow Ball|p1a: Wo-Chien\n|-activate|p1a: Wo-Chien|move: Protect\n|\n|-heal|p1a: Wo-Chien|44\/100|[from] Ingrain\n|upkeep\n|turn|37\n|\n|t:|1683079788\n|move|p2b: Flutter Mane|Shadow Ball|p1a: Wo-Chien\n|-damage|p1a: Wo-Chien|3\/100\n|move|p1a: Wo-Chien|Pollen Puff|p2b: Flutter Mane\n|-resisted|p2b: Flutter Mane\n|-activate|p2b: Flutter Mane|move: Substitute|[damage]\n|\n|-heal|p1a: Wo-Chien|9\/100|[from] Ingrain\n|upkeep\n|turn|38\n|\n|t:|1683079793\n|move|p2b: Flutter Mane|Protect|p2b: Flutter Mane\n|-singleturn|p2b: Flutter Mane|Protect\n|move|p1a: Wo-Chien|Protect||[still]\n|-fail|p1a: Wo-Chien\n|\n|-heal|p1a: Wo-Chien|15\/100|[from] Ingrain\n|upkeep\n|turn|39\n|\n|t:|1683079798\n|move|p2b: Flutter Mane|Protect||[still]\n|-fail|p2b: Flutter Mane\n|move|p1a: Wo-Chien|Protect||[still]\n|-fail|p1a: Wo-Chien\n|\n|-heal|p1a: Wo-Chien|20\/100|[from] Ingrain\n|upkeep\n|turn|40\n|\n|t:|1683079801\n|move|p1a: Wo-Chien|Protect|p1a: Wo-Chien\n|-singleturn|p1a: Wo-Chien|Protect\n|move|p2b: Flutter Mane|Shadow Ball|p1a: Wo-Chien\n|-activate|p1a: Wo-Chien|move: Protect\n|\n|-heal|p1a: Wo-Chien|26\/100|[from] Ingrain\n|upkeep\n|turn|41\n|\n|t:|1683079805\n|move|p1a: Wo-Chien|Protect||[still]\n|-fail|p1a: Wo-Chien\n|move|p2b: Flutter Mane|Shadow Ball|p1a: Wo-Chien\n|-damage|p1a: Wo-Chien|0 fnt\n|faint|p1a: Wo-Chien\n|\n|win|emogiraffe\n|raw|Prometheus756's rating: 1289 → 1269<\/strong> (-20 for losing)\n|raw|emogiraffe's rating: 1353 → 1369<\/strong> (+16 for winning)\n|l|\u2606Prometheus756\n","uploadtime":1683079824,"views":15,"p1id":"prometheus756","p2id":"emogiraffe","formatid":"gen9vgc2023regulationc","rating":1269,"private":0,"password":""}