{"id":"gen9vgc2023regulationc-1847254618","p1":"HitFissureThenLose","p2":"Terry kloak","format":"[Gen 9] VGC 2023 Regulation C","log":"|j|\u2606HitFissureThenLose\n|j|\u2606Terry kloak\n|t:|1681931872\n|gametype|doubles\n|player|p1|HitFissureThenLose|169|1666\n|player|p2|Terry kloak|gentleman-gen4|1777\n|teamsize|p1|6\n|teamsize|p2|6\n|gen|9\n|tier|[Gen 9] VGC 2023 Regulation C\n|rated|\n|rule|Species Clause: Limit one of each Pok\u00e9mon\n|rule|Item Clause: Limit one of each item\n|clearpoke\n|poke|p1|Toxapex, L50, M|\n|poke|p1|Wo-Chien, L50|\n|poke|p1|Ting-Lu, L50|\n|poke|p1|Grimmsnarl, L50, M|\n|poke|p1|Corviknight, L50, F|\n|poke|p1|Chi-Yu, L50|\n|poke|p2|Ceruledge, L50, F|\n|poke|p2|Orthworm, L50, M|\n|poke|p2|Ting-Lu, L50|\n|poke|p2|Dragonite, L50, M|\n|poke|p2|Iron Bundle, L50|\n|poke|p2|Grimmsnarl, L50, M|\n|teampreview|4\nHitFissureThenLose has agreed to open team sheets.\nTerry kloak has agreed to open team sheets.\n|inactive|Battle timer is ON: inactive players will automatically lose when time's up. (requested by HitFissureThenLose)\n|j| Poketostorm\n|inactive|HitFissureThenLose has 60 seconds left.\n|inactive|Terry kloak has 60 seconds left.\n|\n|t:|1681931922\n|start\n|switch|p1a: Grimmsnarl|Grimmsnarl, L50, M|100\/100\n|switch|p1b: Toxapex|Toxapex, L50, M|100\/100\n|switch|p2a: Ting-Lu|Ting-Lu, L50|100\/100\n|switch|p2b: Orthworm|Orthworm, L50, M|100\/100\n|-ability|p2a: Ting-Lu|Vessel of Ruin\n|turn|1\n|j| jdarcan\n|inactive|HitFissureThenLose has 30 seconds left.\n|inactive|Terry kloak has 30 seconds left.\n|\n|t:|1681931948\n|-terastallize|p1b: Toxapex|Flying\n|move|p1a: Grimmsnarl|Reflect|p1a: Grimmsnarl\n|-sidestart|p1: HitFissureThenLose|Reflect\n|move|p2a: Ting-Lu|Earthquake|p1a: Grimmsnarl|[spread] p1a\n|-immune|p2b: Orthworm|[from] ability: Earth Eater\n|-immune|p1b: Toxapex\n|-damage|p1a: Grimmsnarl|80\/100\n|move|p2b: Orthworm|Shed Tail|p2b: Orthworm\n|-start|p2b: Orthworm|Substitute|[from] move: Shed Tail\n|-damage|p2b: Orthworm|50\/100\n|-enditem|p2b: Orthworm|Sitrus Berry|[eat]\n|-heal|p2b: Orthworm|75\/100|[from] item: Sitrus Berry\n|\n|t:|1681931961\n|switch|p2b: Iron Bundle|Iron Bundle, L50|100\/100|[from] Shed Tail\n|-enditem|p2b: Iron Bundle|Booster Energy\n|-activate|p2b: Iron Bundle|ability: Quark Drive|[fromitem]\n|-start|p2b: Iron Bundle|quarkdrivespe\n|move|p1b: Toxapex|Toxic|p2a: Ting-Lu\n|-status|p2a: Ting-Lu|tox\n|\n|-damage|p2a: Ting-Lu|94\/100 tox|[from] psn\n|upkeep\n|turn|2\n|\n|t:|1681931974\n|switch|p2a: Orthworm|Orthworm, L50, M|75\/100\n|move|p1a: Grimmsnarl|Light Screen|p1a: Grimmsnarl\n|-sidestart|p1: HitFissureThenLose|move: Light Screen\n|move|p2b: Iron Bundle|Encore|p1a: Grimmsnarl\n|-start|p1a: Grimmsnarl|Encore\n|move|p1b: Toxapex|Infestation|p2a: Orthworm\n|-resisted|p2a: Orthworm\n|-damage|p2a: Orthworm|72\/100\n|-activate|p2a: Orthworm|move: Infestation|[of] p1b: Toxapex\n|\n|-damage|p2a: Orthworm|60\/100|[from] move: Infestation|[partiallytrapped]\n|upkeep\n|turn|3\n|\n|t:|1681931998\n|switch|p1a: Chi-Yu|Chi-Yu, L50|100\/100\n|-ability|p1a: Chi-Yu|Beads of Ruin\n|move|p2b: Iron Bundle|Freeze-Dry|p1a: Chi-Yu\n|-resisted|p1a: Chi-Yu\n|-damage|p1a: Chi-Yu|87\/100\n|move|p2a: Orthworm|Shed Tail|p2a: Orthworm\n|-start|p2a: Orthworm|Substitute|[from] move: Shed Tail\n|-end|p2a: Orthworm|Infestation|[partiallytrapped]|[silent]\n|-damage|p2a: Orthworm|10\/100\n|\n|t:|1681932008\n|switch|p2a: Dragonite|Dragonite, L50, M|100\/100|[from] Shed Tail\n|move|p1b: Toxapex|Infestation|p2b: Iron Bundle\n|-activate|p2b: Iron Bundle|move: Substitute|[damage]\n|\n|upkeep\n|turn|4\n|inactive|HitFissureThenLose has 30 seconds left.\n|\n|t:|1681932038\n|move|p2b: Iron Bundle|Protect|p2b: Iron Bundle\n|-singleturn|p2b: Iron Bundle|Protect\n|move|p1a: Chi-Yu|Snarl|p2b: Iron Bundle|[spread] p2a\n|-activate|p2b: Iron Bundle|move: Protect\n|-damage|p2a: Dragonite|85\/100\n|-unboost|p2a: Dragonite|spa|1\n|move|p2a: Dragonite|Dragon Dance|p2a: Dragonite\n|-boost|p2a: Dragonite|atk|1\n|-boost|p2a: Dragonite|spe|1\n|move|p1b: Toxapex|Infestation|p2a: Dragonite\n|-resisted|p2a: Dragonite\n|-activate|p2a: Dragonite|move: Substitute|[damage]\n|\n|upkeep\n|turn|5\n|\n|t:|1681932059\n|move|p2b: Iron Bundle|Chilling Water|p1a: Chi-Yu\n|-supereffective|p1a: Chi-Yu\n|-damage|p1a: Chi-Yu|47\/100\n|-unboost|p1a: Chi-Yu|atk|1\n|move|p1a: Chi-Yu|Snarl|p2a: Dragonite|[spread] p2a,p2b\n|-damage|p2a: Dragonite|54\/100\n|-damage|p2b: Iron Bundle|36\/100\n|-unboost|p2a: Dragonite|spa|1\n|-unboost|p2b: Iron Bundle|spa|1\n|move|p2a: Dragonite|Dragon Dance|p2a: Dragonite\n|-boost|p2a: Dragonite|atk|1\n|-boost|p2a: Dragonite|spe|1\n|move|p1b: Toxapex|Infestation|p2b: Iron Bundle\n|-activate|p2b: Iron Bundle|move: Substitute|[damage]\n|\n|upkeep\n|turn|6\n|inactive|HitFissureThenLose has 30 seconds left.\n|inactive|Terry kloak has 30 seconds left.\n|\n|t:|1681932091\n|move|p2b: Iron Bundle|Protect|p2b: Iron Bundle\n|-singleturn|p2b: Iron Bundle|Protect\n|move|p2a: Dragonite|Earthquake|p1a: Chi-Yu|[spread] p1a\n|-activate|p2b: Iron Bundle|move: Protect\n|-immune|p1b: Toxapex\n|-supereffective|p1a: Chi-Yu\n|-damage|p1a: Chi-Yu|0 fnt\n|faint|p1a: Chi-Yu\n|move|p1b: Toxapex|Infestation|p2b: Iron Bundle\n|-activate|p2b: Iron Bundle|move: Protect\n|\n|upkeep\n|\n|t:|1681932095\n|switch|p1a: Grimmsnarl|Grimmsnarl, L50, M|80\/100\n|turn|7\n|j| Luckk1011 VGC\n|\n|t:|1681932110\n|-terastallize|p2a: Dragonite|Flying\n|move|p2b: Iron Bundle|Freeze-Dry|p1a: Grimmsnarl\n|-damage|p1a: Grimmsnarl|65\/100\n|move|p2a: Dragonite|Tera Blast|p1a: Grimmsnarl\n|-damage|p1a: Grimmsnarl|0 fnt\n|faint|p1a: Grimmsnarl\n|move|p1b: Toxapex|Infestation|p2a: Dragonite\n|-resisted|p2a: Dragonite\n|-activate|p2a: Dragonite|move: Substitute|[damage]\n|\n|upkeep\n|\n|t:|1681932117\n|switch|p1a: Wo-Chien|Wo-Chien, L50|100\/100\n|-ability|p1a: Wo-Chien|Tablets of Ruin\n|turn|8\n|\n|t:|1681932140\n|move|p2a: Dragonite|Protect|p2a: Dragonite\n|-singleturn|p2a: Dragonite|Protect\n|move|p2b: Iron Bundle|Freeze-Dry|p1a: Wo-Chien\n|-supereffective|p1a: Wo-Chien\n|-damage|p1a: Wo-Chien|78\/100\n|move|p1a: Wo-Chien|Foul Play|p2a: Dragonite\n|-activate|p2a: Dragonite|move: Protect\n|move|p1b: Toxapex|Infestation|p2a: Dragonite\n|-activate|p2a: Dragonite|move: Protect\n|\n|-sideend|p1: HitFissureThenLose|Reflect\n|upkeep\n|turn|9\n|l| Luckk1011 VGC\n|\n|t:|1681932156\n|move|p2b: Iron Bundle|Freeze-Dry|p1a: Wo-Chien\n|-supereffective|p1a: Wo-Chien\n|-damage|p1a: Wo-Chien|59\/100\n|move|p2a: Dragonite|Tera Blast|p1a: Wo-Chien\n|-supereffective|p1a: Wo-Chien\n|-damage|p1a: Wo-Chien|0 fnt\n|faint|p1a: Wo-Chien\n|move|p1b: Toxapex|Infestation|p2a: Dragonite\n|-resisted|p2a: Dragonite\n|-activate|p2a: Dragonite|move: Substitute|[damage]\n|\n|-sideend|p1: HitFissureThenLose|move: Light Screen\n|upkeep\n|turn|10\n|-message|HitFissureThenLose forfeited.\n|\n|win|Terry kloak\n|raw|HitFissureThenLose's rating: 1666 → 1652<\/strong> (-14 for losing)\n|raw|Terry kloak's rating: 1777 → 1791<\/strong> (+14 for winning)\n|l|\u2606HitFissureThenLose\n|l| Poketostorm\n","uploadtime":1681932179,"views":17,"p1id":"hitfissurethenlose","p2id":"terrykloak","formatid":"gen9vgc2023regulationc","rating":1652,"private":0,"password":""}