{"id":"gen9vgc2023regulationc-1848764817","p1":"Tatortot311","p2":"jackkkkkkh02","format":"[Gen 9] VGC 2023 Regulation C","log":"|j|\u2606Tatortot311\n|j|\u2606jackkkkkkh02\n|t:|1682108105\n|gametype|doubles\n|player|p1|Tatortot311|102|1017\n|player|p2|jackkkkkkh02|benga|1028\n|teamsize|p1|6\n|teamsize|p2|6\n|gen|9\n|tier|[Gen 9] VGC 2023 Regulation C\n|rated|\n|rule|Species Clause: Limit one of each Pok\u00e9mon\n|rule|Item Clause: Limit one of each item\n|clearpoke\n|poke|p1|Krookodile, L50, F|\n|poke|p1|Meowscarada, L50, F|\n|poke|p1|Sableye, L50, M|\n|poke|p1|Flamigo, L50, M|\n|poke|p1|Hatterene, L50, F|\n|poke|p1|Indeedee-F, L50, F|\n|poke|p2|Torkoal, L50, F|\n|poke|p2|Flutter Mane, L50|\n|poke|p2|Kingambit, L50, F|\n|poke|p2|Dragonite, L50, F|\n|poke|p2|Great Tusk, L50|\n|poke|p2|Greedent, L50, M|\n|teampreview|4\njackkkkkkh02 rejected open team sheets.\n|\n|t:|1682108119\n|start\n|switch|p1a: Krookodile|Krookodile, L50, F|100\/100\n|switch|p1b: Meowscarada|Meowscarada, L50, F|100\/100\n|switch|p2a: Gree DONT|Greedent, L50, M, shiny|100\/100\n|switch|p2b: Breakthrough|Torkoal, L50, F, shiny|100\/100\n|-weather|SunnyDay|[from] ability: Drought|[of] p2b: Breakthrough\n|turn|1\n|\n|t:|1682108157\n|-terastallize|p1a: Krookodile|Poison\n|move|p1b: Meowscarada|Flower Trick|p1a: Krookodile\n|-start|p1b: Meowscarada|typechange|Grass|[from] ability: Protean\n|-resisted|p1a: Krookodile\n|-crit|p1a: Krookodile\n|-damage|p1a: Krookodile|77\/100\n|-setboost|p1a: Krookodile|atk|6|[from] ability: Anger Point\n|move|p1a: Krookodile|Earthquake|p2b: Breakthrough|[spread] p1b,p2a,p2b\n|-resisted|p1b: Meowscarada\n|-supereffective|p2b: Breakthrough\n|-damage|p1b: Meowscarada|3\/100\n|-damage|p2a: Gree DONT|9\/100\n|-damage|p2b: Breakthrough|0 fnt\n|-enditem|p2a: Gree DONT|Sitrus Berry|[eat]\n|-heal|p2a: Gree DONT|34\/100|[from] item: Sitrus Berry\n|-heal|p2a: Gree DONT|67\/100|[from] ability: Cheek Pouch\n|faint|p2b: Breakthrough\n|-enditem|p1b: Meowscarada|Eject Button\n|\n|t:|1682108176\n|switch|p1b: Flamigo|Flamigo, L50, M|100\/100\n|-copyboost|p1b: Flamigo|p1a: Krookodile|[from] ability: Costar\n|move|p2a: Gree DONT|Body Press|p1a: Krookodile\n|-resisted|p1a: Krookodile\n|-damage|p1a: Krookodile|64\/100\n|\n|-weather|SunnyDay|[upkeep]\n|upkeep\n|\n|t:|1682108194\n|switch|p2b: Trouble|Great Tusk, L50, shiny|100\/100\n|-activate|p2b: Trouble|ability: Protosynthesis\n|-start|p2b: Trouble|protosynthesisatk\n|turn|2\n|\n|t:|1682108253\n|move|p1a: Krookodile|Protect|p1a: Krookodile\n|-singleturn|p1a: Krookodile|Protect\n|move|p2b: Trouble|Headlong Rush|p1a: Krookodile\n|-activate|p1a: Krookodile|move: Protect\n|move|p1b: Flamigo|Close Combat|p2a: Gree DONT\n|-supereffective|p2a: Gree DONT\n|-damage|p2a: Gree DONT|0 fnt\n|-unboost|p1b: Flamigo|def|1\n|-unboost|p1b: Flamigo|spd|1\n|faint|p2a: Gree DONT\n|\n|-weather|SunnyDay|[upkeep]\n|upkeep\n|\n|t:|1682108265\n|switch|p2a: FANCY|Flutter Mane, L50, shiny|100\/100\n|-activate|p2a: FANCY|ability: Protosynthesis\n|-start|p2a: FANCY|protosynthesisspa\n|turn|3\n|\n|t:|1682108301\n|-terastallize|p2a: FANCY|Fairy\n|move|p2b: Trouble|Headlong Rush|p1a: Krookodile\n|-supereffective|p1a: Krookodile\n|-damage|p1a: Krookodile|0 fnt\n|-unboost|p2b: Trouble|def|1\n|-unboost|p2b: Trouble|spd|1\n|faint|p1a: Krookodile\n|move|p2a: FANCY|Dazzling Gleam|p1b: Flamigo\n|-supereffective|p1b: Flamigo\n|-enditem|p1b: Flamigo|Focus Sash\n|-damage|p1b: Flamigo|1\/100\n|move|p1b: Flamigo|Tailwind|p1b: Flamigo\n|-sidestart|p1: Tatortot311|move: Tailwind\n|\n|-weather|SunnyDay|[upkeep]\n|upkeep\n|\n|t:|1682108321\n|switch|p1a: Sableye|Sableye, L50, M|100\/100\n|turn|4\n|\n|t:|1682108334\n|move|p1a: Sableye|Skill Swap|p1b: Flamigo\n|-activate|p1a: Sableye|move: Skill Swap|||[of] p1b: Flamigo\n|-copyboost|p1a: Sableye|p1b: Flamigo|[from] ability: Costar\n|move|p1b: Flamigo|Acrobatics|p2b: Trouble\n|-supereffective|p2b: Trouble\n|-damage|p2b: Trouble|0 fnt\n|faint|p2b: Trouble\n|-end|p2b: Trouble|Protosynthesis|[silent]\n|move|p2a: FANCY|Dazzling Gleam|p1b: Flamigo|[spread] p1a,p1b\n|-supereffective|p1a: Sableye\n|-supereffective|p1b: Flamigo\n|-damage|p1a: Sableye|0 fnt\n|-damage|p1b: Flamigo|0 fnt\n|faint|p1a: Sableye\n|faint|p1b: Flamigo\n|\n|-weather|SunnyDay|[upkeep]\n|upkeep\n|\n|t:|1682108350\n|switch|p1b: Meowscarada|Meowscarada, L50, F|3\/100\n|turn|5\n|\n|t:|1682108357\n|move|p1b: Meowscarada|Flower Trick|p2a: FANCY\n|-start|p1b: Meowscarada|typechange|Grass|[from] ability: Protean\n|-crit|p2a: FANCY\n|-damage|p2a: FANCY|37\/100\n|move|p2a: FANCY|Dazzling Gleam|p1b: Meowscarada\n|-damage|p1b: Meowscarada|0 fnt\n|faint|p1b: Meowscarada\n|\n|win|jackkkkkkh02\n|raw|Tatortot311's rating: 1017 → 1005<\/strong> (-12 for losing)\n|raw|jackkkkkkh02's rating: 1028 → 1063<\/strong> (+35 for winning)\n|l|\u2606Tatortot311\n","uploadtime":1682108376,"views":14,"p1id":"tatortot311","p2id":"jackkkkkkh02","formatid":"gen9vgc2023regulationc","rating":1005,"private":0,"password":""}