{"id":"gen9vgc2023regulationc-1854519604","p1":"Pipis Gaming","p2":"Swizzard","format":"[Gen 9] VGC 2023 Regulation C","log":"|j|\u2606Pipis Gaming\n|j|\u2606Swizzard\n|t:|1682821491\n|gametype|doubles\n|player|p1|Pipis Gaming|darach-caitlin|1279\n|player|p2|Swizzard|2|1345\n|teamsize|p1|6\n|teamsize|p2|6\n|gen|9\n|tier|[Gen 9] VGC 2023 Regulation C\n|rated|\n|rule|Species Clause: Limit one of each Pok\u00e9mon\n|rule|Item Clause: Limit one of each item\n|clearpoke\n|poke|p1|Torkoal, L50, M|\n|poke|p1|Flutter Mane, L50|\n|poke|p1|Talonflame, L50, F|\n|poke|p1|Chi-Yu, L50|\n|poke|p1|Amoonguss, L50, F|\n|poke|p1|Great Tusk, L50|\n|poke|p2|Magnezone, L50|\n|poke|p2|Talonflame, L50, F|\n|poke|p2|Breloom, L50, M|\n|poke|p2|Dragapult, L50, M|\n|poke|p2|Roaring Moon, L50|\n|poke|p2|Gyarados, L50, F|\n|teampreview|4\n|inactive|Battle timer is ON: inactive players will automatically lose when time's up. (requested by Pipis Gaming)\nPipis Gaming rejected open team sheets.\n|\n|t:|1682821517\n|start\n|switch|p1a: Talonflame|Talonflame, L50, F|100\/100\n|switch|p1b: Flutter Mane|Flutter Mane, L50|100\/100\n|switch|p2a: Talonflame|Talonflame, L50, F|100\/100\n|switch|p2b: Magnezone|Magnezone, L50|100\/100\n|turn|1\n|inactive|Pipis Gaming has 30 seconds left.\n|\n|t:|1682821545\n|move|p2a: Talonflame|Tailwind|p2a: Talonflame\n|-sidestart|p2: Swizzard|move: Tailwind\n|move|p1a: Talonflame|Tailwind|p1a: Talonflame\n|-sidestart|p1: Pipis Gaming|move: Tailwind\n|move|p1b: Flutter Mane|Shadow Ball|p2b: Magnezone\n|-damage|p2b: Magnezone|40\/100\n|move|p2b: Magnezone|Electroweb|p1a: Talonflame|[spread] p1a,p1b\n|-supereffective|p1a: Talonflame\n|-crit|p1b: Flutter Mane\n|-damage|p1a: Talonflame|1\/100\n|-damage|p1b: Flutter Mane|52\/100\n|-unboost|p1a: Talonflame|spe|1\n|-unboost|p1b: Flutter Mane|spe|1\n|\n|upkeep\n|turn|2\n|\n|t:|1682821567\n|move|p2a: Talonflame|Brave Bird|p1b: Flutter Mane\n|-damage|p1b: Flutter Mane|0 fnt\n|faint|p1b: Flutter Mane\n|-end|p1b: Flutter Mane|Protosynthesis|[silent]\n|-damage|p2a: Talonflame|89\/100|[from] Recoil\n|move|p1a: Talonflame|Flare Blitz|p2b: Magnezone\n|-supereffective|p2b: Magnezone\n|-damage|p2b: Magnezone|0 fnt\n|faint|p2b: Magnezone\n|-damage|p1a: Talonflame|0 fnt|[from] Recoil\n|faint|p1a: Talonflame\n|\n|upkeep\n|\n|t:|1682821575\n|switch|p1b: Torkoal|Torkoal, L50, M|100\/100\n|switch|p1a: Chi-Yu|Chi-Yu, L50|100\/100\n|switch|p2b: Breloom|Breloom, L50, M|100\/100\n|-ability|p1a: Chi-Yu|Beads of Ruin\n|-weather|SunnyDay|[from] ability: Drought|[of] p1b: Torkoal\n|turn|3\n|\n|t:|1682821597\n|move|p2a: Talonflame|Brave Bird|p1a: Chi-Yu\n|-damage|p1a: Chi-Yu|42\/100\n|-damage|p2a: Talonflame|75\/100|[from] Recoil\n|move|p1a: Chi-Yu|Heat Wave|p2b: Breloom|[spread] p2a,p2b\n|-resisted|p2a: Talonflame\n|-supereffective|p2b: Breloom\n|-damage|p2a: Talonflame|3\/100\n|-enditem|p2b: Breloom|Focus Sash\n|-damage|p2b: Breloom|1\/100\n|-damage|p1a: Chi-Yu|32\/100|[from] item: Life Orb\n|move|p2b: Breloom|Spore|p1a: Chi-Yu\n|-status|p1a: Chi-Yu|slp|[from] move: Spore\n|move|p1b: Torkoal|Eruption|p2a: Talonflame|[spread] p2a,p2b\n|-resisted|p2a: Talonflame\n|-supereffective|p2b: Breloom\n|-crit|p2b: Breloom\n|-damage|p2a: Talonflame|0 fnt\n|-damage|p2b: Breloom|0 fnt\n|faint|p2a: Talonflame\n|faint|p2b: Breloom\n|\n|-weather|SunnyDay|[upkeep]\n|upkeep\n|\n|t:|1682821612\n|switch|p2b: Roaring Moon|Roaring Moon, L50|100\/100\n|-activate|p2b: Roaring Moon|ability: Protosynthesis\n|-start|p2b: Roaring Moon|protosynthesisatk\n|turn|4\n|\n|t:|1682821620\n|-terastallize|p2b: Roaring Moon|Flying\n|cant|p1a: Chi-Yu|slp\n|move|p2b: Roaring Moon|Acrobatics|p1b: Torkoal\n|-damage|p1b: Torkoal|67\/100\n|move|p1b: Torkoal|Will-O-Wisp|p2b: Roaring Moon\n|-status|p2b: Roaring Moon|brn\n|\n|-weather|SunnyDay|[upkeep]\n|-damage|p2b: Roaring Moon|94\/100 brn|[from] brn\n|-sideend|p1: Pipis Gaming|move: Tailwind\n|-sideend|p2: Swizzard|move: Tailwind\n|upkeep\n|turn|5\n|\n|t:|1682821632\n|move|p2b: Roaring Moon|Acrobatics|p1a: Chi-Yu\n|-damage|p1a: Chi-Yu|0 fnt\n|faint|p1a: Chi-Yu\n|move|p1b: Torkoal|Eruption|p2b: Roaring Moon\n|-damage|p2b: Roaring Moon|49\/100 brn\n|\n|-weather|SunnyDay|[upkeep]\n|-damage|p2b: Roaring Moon|43\/100 brn|[from] brn\n|upkeep\n|turn|6\n|\n|t:|1682821640\n|move|p2b: Roaring Moon|Acrobatics|p1b: Torkoal\n|-damage|p1b: Torkoal|50\/100\n|move|p1b: Torkoal|Eruption|p2b: Roaring Moon\n|-damage|p2b: Roaring Moon|13\/100 brn\n|\n|-weather|SunnyDay|[upkeep]\n|-damage|p2b: Roaring Moon|7\/100 brn|[from] brn\n|upkeep\n|turn|7\n|c|\u2606Pipis Gaming|gg\n|\n|t:|1682821653\n|move|p1b: Torkoal|Protect|p1b: Torkoal\n|-singleturn|p1b: Torkoal|Protect\n|move|p2b: Roaring Moon|Acrobatics|p1b: Torkoal\n|-activate|p1b: Torkoal|move: Protect\n|\n|-weather|SunnyDay|[upkeep]\n|-damage|p2b: Roaring Moon|0 fnt|[from] brn\n|faint|p2b: Roaring Moon\n|-end|p2b: Roaring Moon|Protosynthesis|[silent]\n|\n|win|Pipis Gaming\n|upkeep\n|raw|Pipis Gaming's rating: 1279 → 1309<\/strong> (+30 for winning)\n|raw|Swizzard's rating: 1345 → 1321<\/strong> (-24 for losing)\n","uploadtime":1682821669,"views":18,"p1id":"pipisgaming","p2id":"swizzard","formatid":"gen9vgc2023regulationc","rating":1309,"private":0,"password":""}