{"id":"gen9vgc2023regulationc-1852897684","p1":"Orthchomp","p2":"bart34","format":"[Gen 9] VGC 2023 Regulation C","log":"|j|\u2606Orthchomp\n|j|\u2606bart34\n|t:|1682615507\n|gametype|doubles\n|player|p1|Orthchomp|giovanni|1040\n|player|p2|bart34|red|1129\n|teamsize|p1|6\n|teamsize|p2|6\n|gen|9\n|tier|[Gen 9] VGC 2023 Regulation C\n|rated|\n|rule|Species Clause: Limit one of each Pok\u00e9mon\n|rule|Item Clause: Limit one of each item\n|clearpoke\n|poke|p1|Chien-Pao, L50|\n|poke|p1|Garchomp, L50, F|\n|poke|p1|Flutter Mane, L50|\n|poke|p1|Gyarados, L50, F|\n|poke|p1|Orthworm, L50, F|\n|poke|p1|Amoonguss, L50, M|\n|poke|p2|Palafin, L50, M|\n|poke|p2|Dragonite, L50, M|\n|poke|p2|Flutter Mane, L50|\n|poke|p2|Amoonguss, L50, M|\n|poke|p2|Chien-Pao, L50|\n|poke|p2|Arcanine, L50, M|\n|teampreview|4\n|\n|t:|1682615557\n|start\n|switch|p1a: Gyarados|Gyarados, L50, F|100\/100\n|switch|p1b: Orthworm|Orthworm, L50, F|100\/100\n|switch|p2a: Flutter Mane|Flutter Mane, L50|100\/100\n|switch|p2b: Arcanine|Arcanine, L50, M|100\/100\n|-ability|p2b: Arcanine|Intimidate|boost\n|-unboost|p1a: Gyarados|atk|1\n|-unboost|p1b: Orthworm|atk|1\n|-ability|p1a: Gyarados|Intimidate|boost\n|-unboost|p2a: Flutter Mane|atk|1\n|-unboost|p2b: Arcanine|atk|1\n|-enditem|p2a: Flutter Mane|Booster Energy\n|-activate|p2a: Flutter Mane|ability: Protosynthesis|[fromitem]\n|-start|p2a: Flutter Mane|protosynthesisspa\n|turn|1\n|\n|t:|1682615596\n|-terastallize|p1b: Orthworm|Fire\n|move|p2a: Flutter Mane|Shadow Ball|p1b: Orthworm\n|-damage|p1b: Orthworm|23\/100\n|-enditem|p1b: Orthworm|Sitrus Berry|[eat]\n|-heal|p1b: Orthworm|48\/100|[from] item: Sitrus Berry\n|move|p2b: Arcanine|Flare Blitz|p1b: Orthworm\n|-resisted|p1b: Orthworm\n|-damage|p1b: Orthworm|37\/100\n|-damage|p2b: Arcanine|96\/100|[from] Recoil\n|move|p1a: Gyarados|Bulldoze|p2a: Flutter Mane|[spread] p2a,p2b\n|-heal|p1b: Orthworm|62\/100|[from] ability: Earth Eater|[of] p1a: Gyarados\n|-crit|p2a: Flutter Mane\n|-supereffective|p2b: Arcanine\n|-damage|p2a: Flutter Mane|57\/100\n|-damage|p2b: Arcanine|76\/100\n|-unboost|p2a: Flutter Mane|spe|1\n|-unboost|p2b: Arcanine|spe|1\n|move|p1b: Orthworm|Shed Tail|p1b: Orthworm\n|-start|p1b: Orthworm|Substitute|[from] move: Shed Tail\n|-damage|p1b: Orthworm|12\/100\n|\n|t:|1682615613\n|switch|p1b: Garchomp|Garchomp, L50, F|100\/100|[from] Shed Tail\n|\n|upkeep\n|turn|2\n|\n|t:|1682615655\n|switch|p1a: Orthworm|Orthworm, L50, F, tera:Fire|12\/100\n|move|p2b: Arcanine|Extreme Speed|p1b: Garchomp\n|-activate|p1b: Garchomp|move: Substitute|[damage]\n|move|p1b: Garchomp|Earthquake|p2a: Flutter Mane|[spread] p2a,p2b\n|-heal|p1a: Orthworm|37\/100|[from] ability: Earth Eater|[of] p1b: Garchomp\n|-supereffective|p2b: Arcanine\n|-damage|p2a: Flutter Mane|0 fnt\n|-damage|p2b: Arcanine|0 fnt\n|faint|p2a: Flutter Mane\n|-end|p2a: Flutter Mane|Protosynthesis|[silent]\n|faint|p2b: Arcanine\n|-damage|p1b: Garchomp|91\/100|[from] item: Life Orb\n|\n|upkeep\n|inactive|Battle timer is ON: inactive players will automatically lose when time's up. (requested by Orthchomp)\n|inactive|bart34 has 60 seconds left.\n|\n|t:|1682615688\n|switch|p2a: Chien-Pao|Chien-Pao, L50|100\/100\n|switch|p2b: Amoonguss|Amoonguss, L50, M|100\/100\n|-ability|p2a: Chien-Pao|Sword of Ruin\n|turn|3\n|\n|t:|1682615708\n|switch|p1a: Gyarados|Gyarados, L50, F|100\/100\n|-ability|p1a: Gyarados|Intimidate|boost\n|-unboost|p2a: Chien-Pao|atk|1\n|-unboost|p2b: Amoonguss|atk|1\n|move|p2a: Chien-Pao|Protect|p2a: Chien-Pao\n|-singleturn|p2a: Chien-Pao|Protect\n|move|p1b: Garchomp|Protect|p1b: Garchomp\n|-singleturn|p1b: Garchomp|Protect\n|move|p2b: Amoonguss|Pollen Puff|p1b: Garchomp\n|-activate|p1b: Garchomp|move: Protect\n|\n|upkeep\n|turn|4\n|inactive|bart34 has 30 seconds left.\n|\n|t:|1682615736\n|-terastallize|p2a: Chien-Pao|Ghost\n|move|p2a: Chien-Pao|Sucker Punch|p1a: Gyarados\n|-damage|p1a: Gyarados|66\/100\n|move|p1b: Garchomp|Earthquake|p2a: Chien-Pao|[spread] p2a,p2b\n|-immune|p1a: Gyarados\n|-damage|p2a: Chien-Pao|25\/100\n|-damage|p2b: Amoonguss|45\/100\n|-enditem|p2b: Amoonguss|Sitrus Berry|[eat]\n|-heal|p2b: Amoonguss|70\/100|[from] item: Sitrus Berry\n|-damage|p1b: Garchomp|81\/100|[from] item: Life Orb\n|move|p1a: Gyarados|Bulldoze|p2b: Amoonguss|[spread] p1b,p2a,p2b\n|-end|p1b: Garchomp|Substitute\n|-crit|p2b: Amoonguss\n|-damage|p2a: Chien-Pao|7\/100\n|-damage|p2b: Amoonguss|49\/100\n|-unboost|p2a: Chien-Pao|spe|1\n|-unboost|p2b: Amoonguss|spe|1\n|move|p2b: Amoonguss|Pollen Puff|p1b: Garchomp\n|-damage|p1b: Garchomp|58\/100\n|\n|upkeep\n|turn|5\n|\n|t:|1682615758\n|move|p1b: Garchomp|Earthquake|p2a: Chien-Pao|[spread] p2a,p2b\n|-immune|p1a: Gyarados\n|-damage|p2a: Chien-Pao|0 fnt\n|-damage|p2b: Amoonguss|0 fnt\n|faint|p2a: Chien-Pao\n|faint|p2b: Amoonguss\n|-damage|p1b: Garchomp|49\/100|[from] item: Life Orb\n|\n|win|Orthchomp\n|raw|Orthchomp's rating: 1040 → 1083<\/strong> (+43 for winning)\n|raw|bart34's rating: 1129 → 1098<\/strong> (-31 for losing)\n","uploadtime":1682615761,"views":12,"p1id":"orthchomp","p2id":"bart34","formatid":"gen9vgc2023regulationc","rating":1083,"private":0,"password":""}