{"id":"gen9vgc2023regulationc-1853072874","p1":"NoobyNooberton","p2":"rose_zkldin","format":"[Gen 9] VGC 2023 Regulation C","log":"|j|\u2606NoobyNooberton\n|j|\u2606rose_zkldin\n|t:|1682631934\n|gametype|doubles\n|player|p1|NoobyNooberton|1|1079\n|player|p2|rose_zkldin|266|1026\n|teamsize|p1|6\n|teamsize|p2|6\n|gen|9\n|tier|[Gen 9] VGC 2023 Regulation C\n|rated|\n|rule|Species Clause: Limit one of each Pok\u00e9mon\n|rule|Item Clause: Limit one of each item\n|clearpoke\n|poke|p1|Rotom-Wash, L50|\n|poke|p1|Amoonguss, L50, M|\n|poke|p1|Tsareena, L50, F|\n|poke|p1|Arcanine, L50, M|\n|poke|p1|Murkrow, L50, F|\n|poke|p1|Palafin, L50, M|\n|poke|p2|Toxapex, L50, M|\n|poke|p2|Flapple, L50, F|\n|poke|p2|Hydreigon, L50, F|\n|poke|p2|Floette, L50, F|\n|poke|p2|Gallade, L50, M|\n|poke|p2|Noivern, L50, F|\n|teampreview|4\nNoobyNooberton has agreed to open team sheets.\n|\n|t:|1682631987\n|start\n|switch|p1a: Shamu|Palafin, L50, M, shiny|100\/100\n|switch|p1b: Chango|Murkrow, L50, F, shiny|100\/100\n|switch|p2a: Noivern|Noivern, L50, F|100\/100\n|switch|p2b: Gallade|Gallade, L50, M|100\/100\n|turn|1\n|inactive|Battle timer is ON: inactive players will automatically lose when time's up. (requested by NoobyNooberton)\n|inactive|rose_zkldin has 60 seconds left.\n|c|\u2606NoobyNooberton|mam\n|inactive|rose_zkldin has 30 seconds left.\n|inactive|rose_zkldin has 20 seconds left.\n|inactive|rose_zkldin has 15 seconds left.\n|\n|t:|1682632124\n|detailschange|p1a: Shamu|Palafin-Hero, L50, M, shiny\n|switch|p1a: Lavadorita|Rotom-Wash, L50, shiny|100\/100\n|move|p1b: Chango|Tailwind|p1b: Chango\n|-sidestart|p1: NoobyNooberton|move: Tailwind\n|move|p2a: Noivern|Tailwind|p2a: Noivern\n|-sidestart|p2: rose_zkldin|move: Tailwind\n|move|p2b: Gallade|Aqua Cutter|p1b: Chango\n|-damage|p1b: Chango|56\/100\n|\n|upkeep\n|turn|2\n|\n|t:|1682632148\n|move|p1a: Lavadorita|Thunder Wave|p2a: Noivern\n|-status|p2a: Noivern|par\n|move|p2b: Gallade|Slash|p1b: Chango\n|-damage|p1b: Chango|5\/100\n|move|p2a: Noivern|Boomburst|p1b: Chango|[spread] p2b,p1a,p1b\n|-damage|p2b: Gallade|80\/100\n|-damage|p1a: Lavadorita|64\/100\n|-damage|p1b: Chango|0 fnt\n|faint|p1b: Chango\n|-enditem|p2a: Noivern|Throat Spray\n|-boost|p2a: Noivern|spa|1|[from] item: Throat Spray\n|\n|upkeep\n|\n|t:|1682632161\n|switch|p1b: Shamu|Palafin-Hero, L50, M, shiny|100\/100\n|-activate|p1b: Shamu|ability: Zero to Hero\n|turn|3\n|inactive|rose_zkldin has 30 seconds left.\n|\n|t:|1682632187\n|-terastallize|p2b: Gallade|Psychic\n|-terastallize|p1b: Shamu|Water\n|move|p1b: Shamu|Jet Punch|p2a: Noivern\n|-resisted|p2a: Noivern\n|-damage|p2a: Noivern|65\/100 par\n|move|p1a: Lavadorita|Thunder Wave|p2b: Gallade\n|-status|p2b: Gallade|par\n|move|p2a: Noivern|Air Cutter|p1b: Shamu|[spread] p1a,p1b\n|-resisted|p1a: Lavadorita\n|-crit|p1a: Lavadorita\n|-damage|p1a: Lavadorita|37\/100\n|-damage|p1b: Shamu|71\/100\n|move|p2b: Gallade|Psycho Cut|p1a: Lavadorita\n|-damage|p1a: Lavadorita|0 fnt\n|faint|p1a: Lavadorita\n|\n|upkeep\n|\n|t:|1682632201\n|switch|p1a: Gushy|Amoonguss, L50, M|100\/100\n|turn|4\n|inactive|rose_zkldin has 30 seconds left.\n|inactive|NoobyNooberton has 30 seconds left.\n|\n|t:|1682632236\n|move|p1b: Shamu|Wave Crash|p2b: Gallade\n|-crit|p2b: Gallade\n|-damage|p2b: Gallade|0 fnt\n|faint|p2b: Gallade\n|-damage|p1b: Shamu|53\/100|[from] Recoil\n|move|p2a: Noivern|Air Cutter|p1a: Gushy|[spread] p1a\n|-miss|p2a: Noivern|p1b: Shamu\n|-supereffective|p1a: Gushy\n|-damage|p1a: Gushy|62\/100\n|move|p1a: Gushy|Pollen Puff|p1b: Shamu\n|-heal|p1b: Shamu|100\/100\n|\n|-heal|p1a: Gushy|68\/100|[from] item: Black Sludge\n|-sideend|p1: NoobyNooberton|move: Tailwind\n|-sideend|p2: rose_zkldin|move: Tailwind\n|upkeep\n|\n|t:|1682632252\n|switch|p2b: Floette|Floette, L50, F|100\/100\n|turn|5\n|\n|t:|1682632272\n|move|p2b: Floette|Protect|p2b: Floette\n|-singleturn|p2b: Floette|Protect\n|move|p1b: Shamu|Wave Crash|p2a: Noivern\n|-resisted|p2a: Noivern\n|-damage|p2a: Noivern|0 fnt\n|faint|p2a: Noivern\n|-damage|p1b: Shamu|84\/100|[from] Recoil\n|move|p1a: Gushy|Clear Smog|p2b: Floette\n|-activate|p2b: Floette|move: Protect\n|\n|-heal|p1a: Gushy|74\/100|[from] item: Black Sludge\n|upkeep\n|\n|t:|1682632287\n|switch|p2a: Hydreigon|Hydreigon, L50, F|100\/100\n|turn|6\n|\n|t:|1682632306\n|move|p1a: Gushy|Rage Powder|p1a: Gushy\n|-singleturn|p1a: Gushy|move: Rage Powder\n|move|p2a: Hydreigon|Fire Spin|p1a: Gushy\n|-supereffective|p1a: Gushy\n|-damage|p1a: Gushy|57\/100\n|-activate|p1a: Gushy|move: Fire Spin|[of] p2a: Hydreigon\n|move|p1b: Shamu|Wave Crash|p2a: Hydreigon\n|-resisted|p2a: Hydreigon\n|-damage|p2a: Hydreigon|40\/100\n|-damage|p1b: Shamu|68\/100|[from] Recoil\n|move|p2b: Floette|Trick|p1a: Gushy\n|-activate|p2b: Floette|move: Trick|[of] p1a: Gushy\n|-item|p1a: Gushy|Salac Berry|[from] move: Trick\n|-item|p2b: Floette|Black Sludge|[from] move: Trick\n|\n|-damage|p2b: Floette|88\/100|[from] item: Black Sludge\n|-damage|p1a: Gushy|45\/100|[from] move: Fire Spin|[partiallytrapped]\n|upkeep\n|turn|7\n|inactive|NoobyNooberton has 30 seconds left.\n|inactive|NoobyNooberton has 20 seconds left.\n|\n|t:|1682632343\n|move|p2a: Hydreigon|Endure|p2a: Hydreigon\n|-singleturn|p2a: Hydreigon|move: Endure\n|move|p1a: Gushy|Rage Powder|p1a: Gushy\n|-singleturn|p1a: Gushy|move: Rage Powder\n|move|p1b: Shamu|Wave Crash|p2a: Hydreigon\n|-resisted|p2a: Hydreigon\n|-activate|p2a: Hydreigon|move: Endure\n|-damage|p2a: Hydreigon|1\/100\n|-enditem|p2a: Hydreigon|Lansat Berry|[eat]\n|-start|p2a: Hydreigon|move: Focus Energy\n|-activate|p2b: Floette|ability: Symbiosis|Black Sludge|[of] p2a: Hydreigon\n|-damage|p1b: Shamu|58\/100|[from] Recoil\n|move|p2b: Floette|Pollen Puff|p1a: Gushy\n|-damage|p1a: Gushy|34\/100\n|\n|-damage|p2a: Hydreigon|0 fnt|[from] item: Black Sludge\n|faint|p2a: Hydreigon\n|-end|p1a: Gushy|Fire Spin|[partiallytrapped]|[silent]\n|upkeep\n|turn|8\n|-message|rose_zkldin forfeited.\n|\n|win|NoobyNooberton\n|raw|NoobyNooberton's rating: 1079 → 1103<\/strong> (+24 for winning)\n|raw|rose_zkldin's rating: 1026 → 1014<\/strong> (-12 for losing)\n|l|\u2606rose_zkldin\n","uploadtime":1682632412,"views":17,"p1id":"noobynooberton","p2id":"rosezkldin","formatid":"gen9vgc2023regulationc","rating":1014,"private":0,"password":""}