{"id":"gen9vgc2023regulationc-1852158789","p1":"Tmntin","p2":"WillieDangerously","format":"[Gen 9] VGC 2023 Regulation C","log":"|j|\u2606Tmntin\n|j|\u2606WillieDangerously\n|t:|1682528960\n|gametype|doubles\n|player|p1|Tmntin|101|1263\n|player|p2|WillieDangerously|psychic-gen4|1228\n|teamsize|p1|6\n|teamsize|p2|6\n|gen|9\n|tier|[Gen 9] VGC 2023 Regulation C\n|rated|\n|rule|Species Clause: Limit one of each Pok\u00e9mon\n|rule|Item Clause: Limit one of each item\n|clearpoke\n|poke|p1|Murkrow, L50, M|\n|poke|p1|Pawmot, L50, F|\n|poke|p1|Chi-Yu, L50|\n|poke|p1|Flutter Mane, L50|\n|poke|p1|Garchomp, L50, M|\n|poke|p1|Farigiraf, L50, F|\n|poke|p2|Espathra, L50, F|\n|poke|p2|Iron Bundle, L50|\n|poke|p2|Iron Valiant, L50|\n|poke|p2|Salamence, L50, F|\n|poke|p2|Scizor, L50, M|\n|poke|p2|Sandy Shocks, L50|\n|teampreview|4\n|j| observ\n|l|\u2606Tmntin\n|player|p1|\n|j|\u2606Tmntin\n|player|p1|Tmntin|101\n|\n|t:|1682529018\n|start\n|switch|p1a: Chi-Yu|Chi-Yu, L50|100\/100\n|switch|p1b: Flutter Mane|Flutter Mane, L50|100\/100\n|switch|p2a: Scizor|Scizor, L50, M|100\/100\n|switch|p2b: Iron Bundle|Iron Bundle, L50|100\/100\n|-ability|p1a: Chi-Yu|Beads of Ruin\n|-enditem|p1b: Flutter Mane|Booster Energy\n|-activate|p1b: Flutter Mane|ability: Protosynthesis|[fromitem]\n|-start|p1b: Flutter Mane|protosynthesisspe\n|turn|1\n|\n|t:|1682529049\n|-terastallize|p1a: Chi-Yu|Flying\n|-terastallize|p2a: Scizor|Fire\n|move|p1b: Flutter Mane|Protect|p1b: Flutter Mane\n|-singleturn|p1b: Flutter Mane|Protect\n|move|p2b: Iron Bundle|Protect|p2b: Iron Bundle\n|-singleturn|p2b: Iron Bundle|Protect\n|move|p2a: Scizor|Bullet Punch|p1b: Flutter Mane\n|-activate|p1b: Flutter Mane|move: Protect\n|move|p1a: Chi-Yu|Heat Wave|p2a: Scizor|[spread] p2a\n|-activate|p2b: Iron Bundle|move: Protect\n|-resisted|p2a: Scizor\n|-crit|p2a: Scizor\n|-damage|p2a: Scizor|41\/100\n|-damage|p1a: Chi-Yu|90\/100|[from] item: Life Orb\n|\n|upkeep\n|turn|2\n|\n|t:|1682529077\n|-end|p1b: Flutter Mane|Protosynthesis|[silent]\n|switch|p1b: Murkrow|Murkrow, L50, M|100\/100\n|move|p1a: Chi-Yu|Protect|p1a: Chi-Yu\n|-singleturn|p1a: Chi-Yu|Protect\n|move|p2a: Scizor|Bullet Punch|p1b: Murkrow\n|-damage|p1b: Murkrow|55\/100\n|move|p2b: Iron Bundle|Icy Wind|p1b: Murkrow|[spread] p1b\n|-activate|p1a: Chi-Yu|move: Protect\n|-supereffective|p1b: Murkrow\n|-damage|p1b: Murkrow|11\/100\n|-unboost|p1b: Murkrow|spe|1\n|\n|upkeep\n|turn|3\n|\n|t:|1682529103\n|move|p2a: Scizor|Feint|p1b: Murkrow\n|-crit|p1b: Murkrow\n|-damage|p1b: Murkrow|0 fnt\n|faint|p1b: Murkrow\n|move|p2b: Iron Bundle|Blizzard|p1a: Chi-Yu\n|-supereffective|p1a: Chi-Yu\n|-damage|p1a: Chi-Yu|0 fnt\n|faint|p1a: Chi-Yu\n|\n|upkeep\n|\n|t:|1682529112\n|switch|p1a: Flutter Mane|Flutter Mane, L50|100\/100\n|switch|p1b: Garchomp|Garchomp, L50, M|100\/100\n|turn|4\n|\n|t:|1682529135\n|switch|p2a: Iron Valiant|Iron Valiant, L50|100\/100\n|move|p1a: Flutter Mane|Protect|p1a: Flutter Mane\n|-singleturn|p1a: Flutter Mane|Protect\n|move|p2b: Iron Bundle|Icy Wind|p1a: Flutter Mane|[spread] p1b\n|-activate|p1a: Flutter Mane|move: Protect\n|-supereffective|p1b: Garchomp\n|-damage|p1b: Garchomp|7\/100\n|move|p1b: Garchomp|Earthquake|p2a: Iron Valiant|[spread] p2a,p2b\n|-activate|p1a: Flutter Mane|move: Protect\n|-damage|p2a: Iron Valiant|46\/100\n|-damage|p2b: Iron Bundle|49\/100\n|\n|upkeep\n|turn|5\n|\n|t:|1682529163\n|move|p2a: Iron Valiant|Protect|p2a: Iron Valiant\n|-singleturn|p2a: Iron Valiant|Protect\n|move|p2b: Iron Bundle|Icy Wind|p1b: Garchomp|[spread] p1a,p1b\n|-supereffective|p1b: Garchomp\n|-damage|p1a: Flutter Mane|80\/100\n|-damage|p1b: Garchomp|0 fnt\n|-unboost|p1a: Flutter Mane|spe|1\n|faint|p1b: Garchomp\n|move|p1a: Flutter Mane|Icy Wind|p2b: Iron Bundle|[spread] p2b\n|-activate|p2a: Iron Valiant|move: Protect\n|-resisted|p2b: Iron Bundle\n|-damage|p2b: Iron Bundle|42\/100\n|\n|upkeep\n|turn|6\n|-message|Tmntin forfeited.\n|\n|win|WillieDangerously\n|raw|Tmntin's rating: 1263 → 1235<\/strong> (-28 for losing)\n|raw|WillieDangerously's rating: 1228 → 1256<\/strong> (+28 for winning)\n|l|\u2606Tmntin\n","uploadtime":1682529177,"views":19,"p1id":"tmntin","p2id":"williedangerously","formatid":"gen9vgc2023regulationc","rating":1235,"private":0,"password":""}