{"id":"gen9vgc2023regulationc-1847519575","p1":"Echoes630","p2":"Sprye0216","format":"[Gen 9] VGC 2023 Regulation C","log":"|j|\u2606Echoes630\n|j|\u2606Sprye0216\n|t:|1681966302\n|gametype|doubles\n|player|p1|Echoes630|veteran|1165\n|player|p2|Sprye0216|skyla|1176\n|teamsize|p1|6\n|teamsize|p2|6\n|gen|9\n|tier|[Gen 9] VGC 2023 Regulation C\n|rated|\n|rule|Species Clause: Limit one of each Pok\u00e9mon\n|rule|Item Clause: Limit one of each item\n|clearpoke\n|poke|p1|Torkoal, L50, M|\n|poke|p1|Mimikyu, L50, F|\n|poke|p1|Dragonite, L50, F|\n|poke|p1|Brute Bonnet, L50|\n|poke|p1|Arcanine, L50, M|\n|poke|p1|Flutter Mane, L50|\n|poke|p2|Talonflame, L50, F|\n|poke|p2|Garchomp, L50, M|\n|poke|p2|Gholdengo, L50|\n|poke|p2|Palafin, L50, M|\n|poke|p2|Amoonguss, L50, M|\n|poke|p2|Chien-Pao, L50|\n|teampreview|4\nSprye0216 has agreed to open team sheets.\nEchoes630 has agreed to open team sheets.\n|\n|t:|1681966378\n|start\n|switch|p1a: Arcanine|Arcanine, L50, M|100\/100\n|switch|p1b: evil doll:)|Mimikyu, L50, F|100\/100\n|switch|p2a: Talonflame|Talonflame, L50, F|100\/100\n|switch|p2b: Garchomp|Garchomp, L50, M|100\/100\n|-ability|p1a: Arcanine|Intimidate|boost\n|-unboost|p2a: Talonflame|atk|1\n|-fail|p2b: Garchomp|unboost|[from] item: Clear Amulet|[of] p2b: Garchomp\n|turn|1\n|\n|t:|1681966400\n|-terastallize|p2b: Garchomp|Fire\n|move|p2a: Talonflame|Will-O-Wisp|p1b: evil doll:)|[miss]\n|-miss|p2a: Talonflame|p1b: evil doll:)\n|move|p2b: Garchomp|Earthquake|p1a: Arcanine|[spread] p1a,p1b\n|-immune|p2a: Talonflame\n|-supereffective|p1a: Arcanine\n|-damage|p1a: Arcanine|12\/100\n|-activate|p1b: evil doll:)|ability: Disguise\n|-damage|p1b: evil doll:)|100\/100\n|-enditem|p1a: Arcanine|Figy Berry|[eat]\n|-heal|p1a: Arcanine|46\/100|[from] item: Figy Berry\n|detailschange|p1b: evil doll:)|Mimikyu-Busted, L50, F\n|-damage|p1b: evil doll:)|88\/100|[from] pokemon: Mimikyu-Busted\n|move|p1a: Arcanine|Will-O-Wisp|p2b: Garchomp\n|-immune|p2b: Garchomp\n|move|p1b: evil doll:)|Trick Room|p1b: evil doll:)\n|-fieldstart|move: Trick Room|[of] p1b: evil doll:)\n|\n|upkeep\n|turn|2\n|\n|t:|1681966426\n|switch|p1a: Torkoal|Torkoal, L50, M|100\/100\n|-weather|SunnyDay|[from] ability: Drought|[of] p1a: Torkoal\n|move|p1b: evil doll:)|Swords Dance|p1b: evil doll:)\n|-boost|p1b: evil doll:)|atk|2\n|move|p2b: Garchomp|Earthquake|p1b: evil doll:)|[spread] p1a,p1b\n|-immune|p2a: Talonflame\n|-supereffective|p1a: Torkoal\n|-damage|p1a: Torkoal|45\/100\n|-damage|p1b: evil doll:)|33\/100\n|move|p2a: Talonflame|Will-O-Wisp|p1b: evil doll:)\n|-status|p1b: evil doll:)|brn\n|\n|-weather|SunnyDay|[upkeep]\n|-damage|p1b: evil doll:)|27\/100 brn|[from] brn\n|upkeep\n|turn|3\n|\n|t:|1681966449\n|move|p2a: Talonflame|Brave Bird|p1b: evil doll:)\n|-damage|p1b: evil doll:)|0 fnt\n|faint|p1b: evil doll:)\n|-damage|p2a: Talonflame|93\/100|[from] Recoil\n|move|p1a: Torkoal|Earth Power|p2b: Garchomp\n|-supereffective|p2b: Garchomp\n|-damage|p2b: Garchomp|51\/100\n|move|p2b: Garchomp|Earthquake|p1a: Torkoal|[spread] p1a\n|-immune|p2a: Talonflame\n|-supereffective|p1a: Torkoal\n|-damage|p1a: Torkoal|0 fnt\n|faint|p1a: Torkoal\n|\n|-weather|SunnyDay|[upkeep]\n|upkeep\n|\n|t:|1681966455\n|switch|p1a: Arcanine|Arcanine, L50, M|46\/100\n|switch|p1b: Dragonite|Dragonite, L50, F|100\/100\n|-ability|p1a: Arcanine|Intimidate|boost\n|-unboost|p2a: Talonflame|atk|1\n|-fail|p2b: Garchomp|unboost|[from] item: Clear Amulet|[of] p2b: Garchomp\n|turn|4\n|\n|t:|1681966482\n|switch|p2a: Amoonguss|Amoonguss, L50, M|100\/100\n|-terastallize|p1b: Dragonite|Flying\n|move|p1b: Dragonite|Tera Blast|p2b: Garchomp\n|-damage|p2b: Garchomp|0 fnt\n|faint|p2b: Garchomp\n|move|p1a: Arcanine|Morning Sun|p1a: Arcanine\n|-heal|p1a: Arcanine|100\/100\n|\n|-weather|SunnyDay|[upkeep]\n|upkeep\n|\n|t:|1681966495\n|switch|p2b: Chien-Pao|Chien-Pao, L50|100\/100\n|-ability|p2b: Chien-Pao|Sword of Ruin\n|turn|5\n|\n|t:|1681966517\n|move|p1b: Dragonite|Protect|p1b: Dragonite\n|-singleturn|p1b: Dragonite|Protect\n|move|p2b: Chien-Pao|Sucker Punch|p1a: Arcanine\n|-damage|p1a: Arcanine|53\/100\n|move|p2a: Amoonguss|Spore|p1b: Dragonite\n|-activate|p1b: Dragonite|move: Protect\n|move|p1a: Arcanine|Flare Blitz|p2a: Amoonguss\n|-supereffective|p2a: Amoonguss\n|-damage|p2a: Amoonguss|0 fnt\n|faint|p2a: Amoonguss\n|-damage|p1a: Arcanine|16\/100|[from] Recoil\n|\n|-weather|SunnyDay|[upkeep]\n|-fieldend|move: Trick Room\n|upkeep\n|\n|t:|1681966530\n|switch|p2a: Talonflame|Talonflame, L50, F|93\/100\n|turn|6\n|\n|t:|1681966539\n|move|p1a: Arcanine|Protect|p1a: Arcanine\n|-singleturn|p1a: Arcanine|Protect\n|move|p2b: Chien-Pao|Ice Spinner|p1b: Dragonite\n|-supereffective|p1b: Dragonite\n|-damage|p1b: Dragonite|55\/100\n|move|p2a: Talonflame|Brave Bird|p1a: Arcanine\n|-activate|p1a: Arcanine|move: Protect\n|move|p1b: Dragonite|Low Kick|p2b: Chien-Pao\n|-supereffective|p2b: Chien-Pao\n|-enditem|p2b: Chien-Pao|Focus Sash\n|-damage|p2b: Chien-Pao|1\/100\n|\n|-weather|none\n|upkeep\n|turn|7\n|\n|t:|1681966562\n|move|p2b: Chien-Pao|Protect|p2b: Chien-Pao\n|-singleturn|p2b: Chien-Pao|Protect\n|move|p2a: Talonflame|Brave Bird|p1a: Arcanine\n|-damage|p1a: Arcanine|0 fnt\n|faint|p1a: Arcanine\n|-damage|p2a: Talonflame|88\/100|[from] Recoil\n|move|p1b: Dragonite|Tera Blast|p2a: Talonflame\n|-damage|p2a: Talonflame|0 fnt\n|faint|p2a: Talonflame\n|\n|upkeep\n|turn|8\n|\n|t:|1681966583\n|move|p2b: Chien-Pao|Ice Spinner|p1b: Dragonite\n|-supereffective|p1b: Dragonite\n|-damage|p1b: Dragonite|0 fnt\n|faint|p1b: Dragonite\n|\n|win|Sprye0216\n|raw|Echoes630's rating: 1165 → 1141<\/strong> (-24 for losing)\n|raw|Sprye0216's rating: 1176 → 1200<\/strong> (+24 for winning)\n","uploadtime":1681966589,"views":8,"p1id":"echoes630","p2id":"sprye0216","formatid":"gen9vgc2023regulationc","rating":1141,"private":0,"password":""}