{"id":"gen9vgc2023regulationc-1845581411","p1":"haha u rage quit","p2":"waterworld james","format":"[Gen 9] VGC 2023 Regulation C","log":"|j|\u2606haha u rage quit\n|j|\u2606waterworld james\n|t:|1681746832\n|gametype|doubles\n|player|p1|haha u rage quit|pokemaniac|1193\n|player|p2|waterworld james|baker|1192\n|teamsize|p1|6\n|teamsize|p2|6\n|gen|9\n|tier|[Gen 9] VGC 2023 Regulation C\n|rated|\n|rule|Species Clause: Limit one of each Pok\u00e9mon\n|rule|Item Clause: Limit one of each item\n|clearpoke\n|poke|p1|Meowscarada, L50, M|\n|poke|p1|Tatsugiri-Droopy, L50, M|\n|poke|p1|Talonflame, L50, M|\n|poke|p1|Pawmot, L50, M|\n|poke|p1|Dondozo, L50, M|\n|poke|p1|Arcanine, L50, M|\n|poke|p2|Baxcalibur, L50, F|\n|poke|p2|Ting-Lu, L50|\n|poke|p2|Corviknight, L50, M|\n|poke|p2|Glimmora, L50, F|\n|poke|p2|Amoonguss, L50, M|\n|poke|p2|Palafin, L50, F|\n|teampreview|4\n|\n|t:|1681746859\n|start\n|switch|p1a: Meowscarada|Meowscarada, L50, M|100\/100\n|switch|p1b: Arcanine|Arcanine, L50, M|100\/100\n|switch|p2a: Wailad|Palafin, L50, F|100\/100\n|switch|p2b: Corviknight|Corviknight, L50, M|100\/100\n|-ability|p1b: Arcanine|Intimidate|boost\n|-unboost|p2a: Wailad|atk|1\n|-ability|p2b: Corviknight|Mirror Armor\n|-unboost|p1b: Arcanine|atk|1\n|turn|1\n|\n|t:|1681746888\n|detailschange|p2a: Wailad|Palafin-Hero, L50, F\n|switch|p2a: Baxcalibur|Baxcalibur, L50, F|100\/100\n|move|p1a: Meowscarada|Knock Off|p2b: Corviknight\n|-start|p1a: Meowscarada|typechange|Dark|[from] ability: Protean\n|-damage|p2b: Corviknight|64\/100\n|-enditem|p2b: Corviknight|Leftovers|[from] move: Knock Off|[of] p1a: Meowscarada\n|move|p1b: Arcanine|Flare Blitz|p2b: Corviknight\n|-supereffective|p2b: Corviknight\n|-damage|p2b: Corviknight|0 fnt\n|faint|p2b: Corviknight\n|-damage|p1b: Arcanine|75\/100|[from] Recoil\n|-damage|p1b: Arcanine|66\/100|[from] item: Life Orb\n|\n|upkeep\n|\n|t:|1681746900\n|switch|p2b: Wailad|Palafin-Hero, L50, F|100\/100\n|-activate|p2b: Wailad|ability: Zero to Hero\n|turn|2\n|\n|t:|1681746913\n|move|p1b: Arcanine|Protect|p1b: Arcanine\n|-singleturn|p1b: Arcanine|Protect\n|move|p2b: Wailad|Protect|p2b: Wailad\n|-singleturn|p2b: Wailad|Protect\n|move|p1a: Meowscarada|Knock Off|p2b: Wailad\n|-activate|p2b: Wailad|move: Protect\n|move|p2a: Baxcalibur|Icicle Spear|p1a: Meowscarada\n|-damage|p1a: Meowscarada|84\/100\n|-damage|p1a: Meowscarada|66\/100\n|-damage|p1a: Meowscarada|49\/100\n|-damage|p1a: Meowscarada|32\/100\n|-hitcount|p1a: Meowscarada|4\n|\n|upkeep\n|turn|3\n|\n|t:|1681746936\n|switch|p2b: Amoonguss|Amoonguss, L50, M|100\/100\n|move|p2a: Baxcalibur|Ice Shard|p1a: Meowscarada\n|-damage|p1a: Meowscarada|0 fnt\n|faint|p1a: Meowscarada\n|move|p1b: Arcanine|Close Combat|p2a: Baxcalibur\n|-supereffective|p2a: Baxcalibur\n|-damage|p2a: Baxcalibur|44\/100\n|-unboost|p1b: Arcanine|def|1\n|-unboost|p1b: Arcanine|spd|1\n|-damage|p1b: Arcanine|56\/100|[from] item: Life Orb\n|\n|upkeep\n|\n|t:|1681746957\n|switch|p1a: Tatsugiri|Tatsugiri-Droopy, L50, M|100\/100\n|turn|4\n|\n|t:|1681746991\n|switch|p1a: Dondozo|Dondozo, L50, M|100\/100\n|move|p2a: Baxcalibur|Protect|p2a: Baxcalibur\n|-singleturn|p2a: Baxcalibur|Protect\n|move|p1b: Arcanine|Close Combat|p2a: Baxcalibur\n|-activate|p2a: Baxcalibur|move: Protect\n|move|p2b: Amoonguss|Spore|p1b: Arcanine\n|-status|p1b: Arcanine|slp|[from] move: Spore\n|\n|upkeep\n|turn|5\n|\n|t:|1681747009\n|switch|p1b: Tatsugiri|Tatsugiri-Droopy, L50, M|100\/100\n|-activate|p1b: Tatsugiri|ability: Commander|[of] p1a: Dondozo\n|-boost|p1a: Dondozo|atk|2\n|-boost|p1a: Dondozo|spa|2\n|-boost|p1a: Dondozo|spe|2\n|-boost|p1a: Dondozo|def|2\n|-boost|p1a: Dondozo|spd|2\n|switch|p2a: Wailad|Palafin-Hero, L50, F|100\/100\n|-terastallize|p1a: Dondozo|Grass\n|move|p1a: Dondozo|Wave Crash|p2a: Wailad\n|-resisted|p2a: Wailad\n|-damage|p2a: Wailad|55\/100\n|-damage|p1a: Dondozo|88\/100|[from] Recoil\n|move|p2b: Amoonguss|Spore|p1a: Dondozo\n|-immune|p1a: Dondozo\n|\n|upkeep\n|turn|6\n|\n|t:|1681747030\n|move|p1a: Dondozo|Tera Blast|p2a: Wailad\n|-supereffective|p2a: Wailad\n|-damage|p2a: Wailad|0 fnt\n|faint|p2a: Wailad\n|move|p2b: Amoonguss|Pollen Puff|p2: Wailad|[notarget]\n|-fail|p2b: Amoonguss\n|\n|upkeep\n|\n|t:|1681747033\n|switch|p2a: Baxcalibur|Baxcalibur, L50, F|44\/100\n|turn|7\n|inactive|Battle timer is ON: inactive players will automatically lose when time's up. (requested by haha u rage quit)\n|\n|t:|1681747041\n|-terastallize|p2a: Baxcalibur|Poison\n|move|p1a: Dondozo|Wave Crash|p2a: Baxcalibur\n|-damage|p2a: Baxcalibur|0 fnt\n|faint|p2a: Baxcalibur\n|-damage|p1a: Dondozo|74\/100|[from] Recoil\n|move|p2b: Amoonguss|Pollen Puff|p2: Baxcalibur|[notarget]\n|-fail|p2b: Amoonguss\n|\n|upkeep\n|turn|8\n|-message|waterworld james forfeited.\n|\n|win|haha u rage quit\n|raw|haha u rage quit's rating: 1193 → 1218<\/strong> (+25 for winning)\n|raw|waterworld james's rating: 1192 → 1167<\/strong> (-25 for losing)\n|l|\u2606waterworld james\n","uploadtime":1681747058,"views":9,"p1id":"hahauragequit","p2id":"waterworldjames","formatid":"gen9vgc2023regulationc","rating":1167,"private":0,"password":""}