{"id":"gen9vgc2023regulationc-1855707321","p1":"Prince2703","p2":"Slim Reaper 69","format":"[Gen 9] VGC 2023 Regulation C","log":"|j|\u2606Prince2703\n|j|\u2606Slim Reaper 69\n|t:|1682975253\n|gametype|doubles\n|player|p1|Prince2703|steven|\n|player|p2|Slim Reaper 69|rood|\n|teamsize|p1|6\n|teamsize|p2|6\n|gen|9\n|tier|[Gen 9] VGC 2023 Regulation C\n|rule|Species Clause: Limit one of each Pok\u00e9mon\n|rule|Item Clause: Limit one of each item\n|clearpoke\n|poke|p1|Gothitelle, L50, M|\n|poke|p1|Beartic, L50, M|\n|poke|p1|Wooper-Paldea, L50, M|\n|poke|p1|Forretress, L50, F|\n|poke|p1|Scream Tail, L50|\n|poke|p1|Farigiraf, L50, M|\n|poke|p2|Pelipper, L50, F|\n|poke|p2|Palafin, L50, F|\n|poke|p2|Azumarill, L50, M|\n|poke|p2|Barraskewda, L50, M|\n|poke|p2|Dondozo, L50, M|\n|poke|p2|Tatsugiri-Stretchy, L50, F|\n|teampreview|4\n|c|\u2606Slim Reaper 69|best of 1\n|c|\u2606Slim Reaper 69|lmao\n|c|\u2606Prince2703|comedy\n|c|\u2606Slim Reaper 69|whooper\n|c|\u2606Prince2703|I forgot the name\n|c|\u2606Prince2703|of the bigger one when building\n|c|\u2606Prince2703|I am high as a kite rn\n|c|\u2606Slim Reaper 69|clodsire\n|c|\u2606Slim Reaper 69|lmao\n|c|\u2606Prince2703|oh\n|c|\u2606Slim Reaper 69|alright so if I lose it's embarassing\n|c|\u2606Prince2703|well\n|c|\u2606Prince2703|here we are\n|c|\u2606Prince2703|deal\n|\n|t:|1682975341\n|start\n|switch|p1a: Gothitelle|Gothitelle, L50, M|100\/100\n|switch|p1b: Scream Tail|Scream Tail, L50|100\/100\n|switch|p2a: Pelipper|Pelipper, L50, F|100\/100\n|switch|p2b: Barraskewda|Barraskewda, L50, M|100\/100\n|-weather|RainDance|[from] ability: Drizzle|[of] p2a: Pelipper\n|-enditem|p1b: Scream Tail|Booster Energy\n|-activate|p1b: Scream Tail|ability: Protosynthesis|[fromitem]\n|-start|p1b: Scream Tail|protosynthesisspe\n|turn|1\n|j| DJSen\n|\n|t:|1682975353\n|move|p2a: Pelipper|Protect|p2a: Pelipper\n|-singleturn|p2a: Pelipper|Protect\n|move|p1a: Gothitelle|Fake Out|p2b: Barraskewda\n|-damage|p2b: Barraskewda|90\/100\n|cant|p2b: Barraskewda|flinch\n|move|p1b: Scream Tail|Perish Song|p1b: Scream Tail\n|-start|p1a: Gothitelle|perish3|[silent]\n|-start|p1b: Scream Tail|perish3|[silent]\n|-start|p2a: Pelipper|perish3|[silent]\n|-start|p2b: Barraskewda|perish3|[silent]\n|-fieldactivate|move: Perish Song\n|\n|-weather|RainDance|[upkeep]\n|-start|p2b: Barraskewda|perish3\n|-start|p1b: Scream Tail|perish3\n|-start|p2a: Pelipper|perish3\n|-start|p1a: Gothitelle|perish3\n|upkeep\n|turn|2\n|\n|t:|1682975380\n|move|p1a: Gothitelle|Protect|p1a: Gothitelle\n|-singleturn|p1a: Gothitelle|Protect\n|move|p2b: Barraskewda|Liquidation|p1b: Scream Tail\n|-damage|p1b: Scream Tail|15\/100\n|-unboost|p1b: Scream Tail|def|1\n|move|p1b: Scream Tail|Disable|p2b: Barraskewda\n|-start|p2b: Barraskewda|Disable|Liquidation\n|move|p2a: Pelipper|Hydro Pump|p1b: Scream Tail\n|-damage|p1b: Scream Tail|0 fnt\n|faint|p1b: Scream Tail\n|-end|p1b: Scream Tail|Protosynthesis|[silent]\n|\n|-weather|RainDance|[upkeep]\n|-start|p2b: Barraskewda|perish2\n|-start|p2a: Pelipper|perish2\n|-start|p1a: Gothitelle|perish2\n|upkeep\n|\n|t:|1682975387\n|switch|p1b: Forretress|Forretress, L50, F|100\/100\n|turn|3\n|\n|t:|1682975398\n|move|p1b: Forretress|Protect|p1b: Forretress\n|-singleturn|p1b: Forretress|Protect\n|-activate|p2b: Barraskewda|move: Struggle\n|move|p2b: Barraskewda|Struggle|p1a: Gothitelle\n|-damage|p1a: Gothitelle|80\/100\n|-damage|p2b: Barraskewda|64\/100|[from] recoil\n|move|p2a: Pelipper|Hurricane|p1b: Forretress\n|-activate|p1b: Forretress|move: Protect\n|move|p1a: Gothitelle|Thunder Wave|p2a: Pelipper\n|-status|p2a: Pelipper|par\n|\n|-weather|RainDance|[upkeep]\n|-start|p2b: Barraskewda|perish1\n|-start|p1a: Gothitelle|perish1\n|-start|p2a: Pelipper|perish1\n|upkeep\n|turn|4\n|\n|t:|1682975409\n|switch|p1a: Beartic|Beartic, L50, M|100\/100\n|move|p1b: Forretress|Protect||[still]\n|-fail|p1b: Forretress\n|-activate|p2b: Barraskewda|move: Struggle\n|move|p2b: Barraskewda|Struggle|p1a: Beartic\n|-damage|p1a: Beartic|67\/100\n|-damage|p2b: Barraskewda|39\/100|[from] recoil\n|move|p2a: Pelipper|Hurricane|p1b: Forretress\n|-damage|p1b: Forretress|33\/100\n|-start|p1b: Forretress|confusion\n|\n|-weather|RainDance|[upkeep]\n|-start|p2b: Barraskewda|perish0\n|-start|p2a: Pelipper|perish0\n|upkeep\n|faint|p2b: Barraskewda\n|faint|p2a: Pelipper\n|\n|t:|1682975416\n|switch|p2b: Dondozo|Dondozo, L50, M|100\/100\n|switch|p2a: Azumarill|Azumarill, L50, M|100\/100\n|turn|5\n|c|\u2606Prince2703|i wonder if this will happen\n|\n|t:|1682975433\n|-terastallize|p2a: Azumarill|Water\n|move|p1a: Beartic|Sheer Cold|p2b: Dondozo|[miss]\n|-miss|p1a: Beartic|p2b: Dondozo\n|move|p2b: Dondozo|Wave Crash|p1b: Forretress\n|-damage|p1b: Forretress|0 fnt\n|-damage|p2b: Dondozo|84\/100|[from] item: Rocky Helmet|[of] p1b: Forretress\n|faint|p1b: Forretress\n|-damage|p2b: Dondozo|76\/100|[from] Recoil\n|move|p2a: Azumarill|Liquidation|p1a: Beartic\n|-damage|p1a: Beartic|0 fnt\n|faint|p1a: Beartic\n|-damage|p2a: Azumarill|91\/100|[from] item: Life Orb\n|\n|-weather|none\n|-heal|p2b: Dondozo|82\/100|[from] item: Leftovers\n|upkeep\n|c|\u2606Slim Reaper 69|oof\n|c|\u2606Slim Reaper 69|worth a shot\n|c|\u2606Prince2703|this bear\n|\n|t:|1682975448\n|switch|p1b: Gothitelle|Gothitelle, L50, M|80\/100\n|turn|6\n|\n|t:|1682975454\n|move|p1b: Gothitelle|Fake Out|p2a: Azumarill\n|-damage|p2a: Azumarill|84\/100\n|move|p2b: Dondozo|Substitute|p2b: Dondozo\n|-start|p2b: Dondozo|Substitute\n|-damage|p2b: Dondozo|57\/100\n|cant|p2a: Azumarill|flinch\n|\n|-heal|p2b: Dondozo|63\/100|[from] item: Leftovers\n|upkeep\n|turn|7\n|\n|t:|1682975460\n|move|p2b: Dondozo|Protect|p2b: Dondozo\n|-singleturn|p2b: Dondozo|Protect\n|move|p2a: Azumarill|Perish Song|p2a: Azumarill\n|-start|p1b: Gothitelle|perish3|[silent]\n|-start|p2a: Azumarill|perish3|[silent]\n|-start|p2b: Dondozo|perish3|[silent]\n|-fieldactivate|move: Perish Song\n|move|p1b: Gothitelle|Psychic|p2a: Azumarill\n|-damage|p2a: Azumarill|53\/100\n|\n|-heal|p2b: Dondozo|69\/100|[from] item: Leftovers\n|-start|p2b: Dondozo|perish3\n|-start|p2a: Azumarill|perish3\n|-start|p1b: Gothitelle|perish3\n|upkeep\n|turn|8\n|c|\u2606Prince2703|the bear aint doing gods work\n|\n|t:|1682975472\n|move|p2b: Dondozo|Wave Crash|p1b: Gothitelle\n|-damage|p1b: Gothitelle|42\/100\n|-enditem|p1b: Gothitelle|Sitrus Berry|[eat]\n|-heal|p1b: Gothitelle|67\/100|[from] item: Sitrus Berry\n|-damage|p2b: Dondozo|60\/100|[from] Recoil\n|move|p2a: Azumarill|Liquidation|p1b: Gothitelle\n|-damage|p1b: Gothitelle|0 fnt\n|faint|p1b: Gothitelle\n|-damage|p2a: Azumarill|44\/100|[from] item: Life Orb\n|\n|win|Slim Reaper 69\n|c|\u2606Slim Reaper 69|need a new bear\n|c|\u2606Prince2703|I need a horndrill\n|l| DJSen\n|c|\u2606Prince2703|sheer cold aint hitting the same\n|c|\u2606Slim Reaper 69|lol just keep switching ohko moves\n|c|\u2606Slim Reaper 69|gilloutine next\n","uploadtime":1682975509,"views":15,"p1id":"prince2703","p2id":"slimreaper69","formatid":"gen9vgc2023regulationc","rating":0,"private":0,"password":""}