{"id":"gen9vgc2023regulationc-1854915801","p1":"XJ09","p2":"cwhit7","format":"[Gen 9] VGC 2023 Regulation C","log":"|j|\u2606XJ09\n|j|\u2606cwhit7\n|t:|1682880385\n|gametype|doubles\n|player|p1|XJ09|cynthia|1186\n|player|p2|cwhit7|266|1174\n|teamsize|p1|6\n|teamsize|p2|6\n|gen|9\n|tier|[Gen 9] VGC 2023 Regulation C\n|rated|\n|rule|Species Clause: Limit one of each Pok\u00e9mon\n|rule|Item Clause: Limit one of each item\n|clearpoke\n|poke|p1|Roaring Moon, L50|\n|poke|p1|Garganacl, L50, M|\n|poke|p1|Ting-Lu, L50|\n|poke|p1|Arcanine, L50, M|\n|poke|p1|Gyarados, L50, M|\n|poke|p1|Annihilape, L50, F|\n|poke|p2|Scizor, L50, M|\n|poke|p2|Armarouge, L50, F|\n|poke|p2|Flutter Mane, L50|\n|poke|p2|Chi-Yu, L50|\n|poke|p2|Ting-Lu, L50|\n|poke|p2|Baxcalibur, L50, F|\n|teampreview|4\n|inactive|Battle timer is ON: inactive players will automatically lose when time's up. (requested by cwhit7)\n|inactive|cwhit7 has 60 seconds left.\n|\n|t:|1682880430\n|start\n|switch|p1a: Arcanine|Arcanine, L50, M|100\/100\n|switch|p1b: Garganacl|Garganacl, L50, M|100\/100\n|switch|p2a: Ting-Lu|Ting-Lu, L50|100\/100\n|switch|p2b: Armarouge|Armarouge, L50, F|100\/100\n|-ability|p1a: Arcanine|Intimidate|boost\n|-unboost|p2a: Ting-Lu|atk|1\n|-unboost|p2b: Armarouge|atk|1\n|-ability|p2a: Ting-Lu|Vessel of Ruin\n|turn|1\n|inactive|XJ09 has 30 seconds left.\n|inactive|cwhit7 has 30 seconds left.\n|inactive|cwhit7 has 20 seconds left.\n|inactive|cwhit7 has 15 seconds left.\n|\n|t:|1682880470\n|-terastallize|p2b: Armarouge|Grass\n|move|p1a: Arcanine|Protect|p1a: Arcanine\n|-singleturn|p1a: Arcanine|Protect\n|move|p2b: Armarouge|Heat Wave|p1b: Garganacl|[spread] p1b\n|-activate|p1a: Arcanine|move: Protect\n|-resisted|p1b: Garganacl\n|-damage|p1b: Garganacl|90\/100\n|move|p2a: Ting-Lu|Rock Slide|p1a: Arcanine|[spread] p1b\n|-activate|p1a: Arcanine|move: Protect\n|-damage|p1b: Garganacl|83\/100\n|cant|p1b: Garganacl|flinch\n|\n|-heal|p1b: Garganacl|89\/100|[from] item: Leftovers\n|upkeep\n|turn|2\n|\n|t:|1682880494\n|switch|p1a: Gyarados|Gyarados, L50, M|100\/100\n|-ability|p1a: Gyarados|Intimidate|boost\n|-unboost|p2a: Ting-Lu|atk|1\n|-unboost|p2b: Armarouge|atk|1\n|move|p2b: Armarouge|Heat Wave|p1b: Garganacl|[spread] p1a,p1b\n|-resisted|p1a: Gyarados\n|-resisted|p1b: Garganacl\n|-damage|p1a: Gyarados|88\/100\n|-damage|p1b: Garganacl|80\/100\n|move|p2a: Ting-Lu|Stealth Rock|p1a: Gyarados\n|-sidestart|p1: XJ09|move: Stealth Rock\n|move|p1b: Garganacl|Salt Cure|p2b: Armarouge\n|-damage|p2b: Armarouge|89\/100\n|-start|p2b: Armarouge|Salt Cure\n|\n|-heal|p1b: Garganacl|86\/100|[from] item: Leftovers\n|-damage|p2b: Armarouge|77\/100|[from] Salt Cure\n|upkeep\n|turn|3\n|inactive|XJ09 has 30 seconds left.\n|inactive|cwhit7 has 30 seconds left.\n|\n|t:|1682880524\n|switch|p2b: Baxcalibur|Baxcalibur, L50, F|100\/100\n|-terastallize|p1a: Gyarados|Flying\n|move|p1b: Garganacl|Wide Guard|p1b: Garganacl\n|-singleturn|p1b: Garganacl|Wide Guard\n|move|p1a: Gyarados|Tera Blast|p2b: Baxcalibur\n|-damage|p2b: Baxcalibur|46\/100\n|move|p2a: Ting-Lu|Stealth Rock||[still]\n|-fail|p2a: Ting-Lu\n|\n|-heal|p1b: Garganacl|92\/100|[from] item: Leftovers\n|upkeep\n|turn|4\n|\n|t:|1682880544\n|switch|p1b: Arcanine|Arcanine, L50, M|100\/100\n|-damage|p1b: Arcanine|75\/100|[from] Stealth Rock\n|-ability|p1b: Arcanine|Intimidate|boost\n|-unboost|p2a: Ting-Lu|atk|1\n|-unboost|p2b: Baxcalibur|atk|1\n|move|p1a: Gyarados|Tera Blast|p2b: Baxcalibur\n|-damage|p2b: Baxcalibur|0 fnt\n|faint|p2b: Baxcalibur\n|move|p2a: Ting-Lu|Stomping Tantrum|p1b: Arcanine\n|-supereffective|p1b: Arcanine\n|-damage|p1b: Arcanine|7\/100\n|-enditem|p1b: Arcanine|Sitrus Berry|[eat]\n|-heal|p1b: Arcanine|32\/100|[from] item: Sitrus Berry\n|\n|upkeep\n|\n|t:|1682880563\n|switch|p2b: Flutter Mane|Flutter Mane, L50|100\/100\n|-enditem|p2b: Flutter Mane|Booster Energy\n|-activate|p2b: Flutter Mane|ability: Protosynthesis|[fromitem]\n|-start|p2b: Flutter Mane|protosynthesisspe\n|turn|5\n|\n|t:|1682880587\n|switch|p2a: Armarouge|Armarouge, L50, F, tera:Grass|77\/100\n|move|p2b: Flutter Mane|Thunderbolt|p1a: Gyarados\n|-supereffective|p1a: Gyarados\n|-damage|p1a: Gyarados|26\/100\n|-status|p1a: Gyarados|par\n|move|p1b: Arcanine|Will-O-Wisp|p2a: Armarouge\n|-start|p2a: Armarouge|ability: Flash Fire\n|cant|p1a: Gyarados|par\n|\n|upkeep\n|turn|6\n|inactive|cwhit7 has 30 seconds left.\n|\n|t:|1682880617\n|move|p1b: Arcanine|Extreme Speed|p2a: Armarouge\n|-damage|p2a: Armarouge|57\/100\n|move|p2b: Flutter Mane|Dazzling Gleam|p1a: Gyarados|[spread] p1a,p1b\n|-resisted|p1b: Arcanine\n|-damage|p1a: Gyarados|1\/100 par\n|-damage|p1b: Arcanine|19\/100\n|move|p1a: Gyarados|Tera Blast|p2b: Flutter Mane\n|-damage|p2b: Flutter Mane|13\/100\n|move|p2a: Armarouge|Heat Wave|p1b: Arcanine|[spread] p1a,p1b\n|-resisted|p1b: Arcanine\n|-crit|p1b: Arcanine\n|-damage|p1a: Gyarados|0 fnt\n|-damage|p1b: Arcanine|0 fnt\n|faint|p1a: Gyarados\n|faint|p1b: Arcanine\n|\n|upkeep\n|\n|t:|1682880634\n|switch|p1a: Annihilape|Annihilape, L50, F|100\/100\n|switch|p1b: Garganacl|Garganacl, L50, M|92\/100\n|-damage|p1a: Annihilape|94\/100|[from] Stealth Rock\n|-damage|p1b: Garganacl|80\/100|[from] Stealth Rock\n|turn|7\n|\n|t:|1682880651\n|move|p1a: Annihilape|Protect|p1a: Annihilape\n|-singleturn|p1a: Annihilape|Protect\n|move|p2b: Flutter Mane|Dazzling Gleam|p1b: Garganacl|[spread] p1b\n|-activate|p1a: Annihilape|move: Protect\n|-damage|p1b: Garganacl|58\/100\n|move|p2a: Armarouge|Will-O-Wisp|p1a: Annihilape\n|-activate|p1a: Annihilape|move: Protect\n|move|p1b: Garganacl|Salt Cure|p2b: Flutter Mane\n|-damage|p2b: Flutter Mane|0 fnt\n|faint|p2b: Flutter Mane\n|-end|p2b: Flutter Mane|Protosynthesis|[silent]\n|\n|-heal|p1b: Garganacl|64\/100|[from] item: Leftovers\n|upkeep\n|\n|t:|1682880665\n|switch|p2b: Ting-Lu|Ting-Lu, L50|100\/100\n|-ability|p2b: Ting-Lu|Vessel of Ruin\n|turn|8\n|\n|t:|1682880683\n|move|p1a: Annihilape|Rage Fist|p2a: Armarouge\n|-damage|p2a: Armarouge|39\/100\n|-enditem|p2a: Armarouge|Sitrus Berry|[eat]\n|-heal|p2a: Armarouge|64\/100|[from] item: Sitrus Berry\n|move|p2a: Armarouge|Will-O-Wisp|p1a: Annihilape\n|-status|p1a: Annihilape|brn\n|move|p2b: Ting-Lu|Rock Slide|p1a: Annihilape|[spread] p1a\n|-miss|p2b: Ting-Lu|p1b: Garganacl\n|-resisted|p1a: Annihilape\n|-damage|p1a: Annihilape|85\/100 brn\n|move|p1b: Garganacl|Salt Cure|p2a: Armarouge\n|-damage|p2a: Armarouge|51\/100\n|-start|p2a: Armarouge|Salt Cure\n|\n|-heal|p1b: Garganacl|70\/100|[from] item: Leftovers\n|-damage|p1a: Annihilape|79\/100 brn|[from] brn\n|-damage|p2a: Armarouge|39\/100|[from] Salt Cure\n|upkeep\n|turn|9\n|inactive|XJ09 has 30 seconds left.\n|inactive|cwhit7 has 30 seconds left.\n|\n|t:|1682880712\n|move|p1b: Garganacl|Protect|p1b: Garganacl\n|-singleturn|p1b: Garganacl|Protect\n|move|p1a: Annihilape|Bulk Up|p1a: Annihilape\n|-boost|p1a: Annihilape|atk|1\n|-boost|p1a: Annihilape|def|1\n|move|p2a: Armarouge|Heat Wave|p1a: Annihilape|[spread] p1a\n|-activate|p1b: Garganacl|move: Protect\n|-damage|p1a: Annihilape|56\/100 brn\n|move|p2b: Ting-Lu|Stomping Tantrum|p1b: Garganacl\n|-activate|p1b: Garganacl|move: Protect\n|\n|-heal|p1b: Garganacl|75\/100|[from] item: Leftovers\n|-damage|p1a: Annihilape|50\/100 brn|[from] brn\n|-damage|p2a: Armarouge|26\/100|[from] Salt Cure\n|upkeep\n|turn|10\n|\n|t:|1682880734\n|move|p1a: Annihilape|Drain Punch|p2b: Ting-Lu\n|-supereffective|p2b: Ting-Lu\n|-crit|p2b: Ting-Lu\n|-damage|p2b: Ting-Lu|63\/100\n|-heal|p1a: Annihilape|73\/100 brn|[from] drain|[of] p2b: Ting-Lu\n|move|p2a: Armarouge|Heat Wave|p1a: Annihilape|[spread] p1a\n|-miss|p2a: Armarouge|p1b: Garganacl\n|-damage|p1a: Annihilape|48\/100 brn\n|move|p2b: Ting-Lu|Stomping Tantrum|p1b: Garganacl\n|-supereffective|p1b: Garganacl\n|-damage|p1b: Garganacl|32\/100\n|move|p1b: Garganacl|Salt Cure|p2b: Ting-Lu\n|-resisted|p2b: Ting-Lu\n|-damage|p2b: Ting-Lu|59\/100\n|-start|p2b: Ting-Lu|Salt Cure\n|\n|-heal|p1b: Garganacl|38\/100|[from] item: Leftovers\n|-damage|p1a: Annihilape|42\/100 brn|[from] brn\n|-damage|p2a: Armarouge|14\/100|[from] Salt Cure\n|-damage|p2b: Ting-Lu|47\/100|[from] Salt Cure\n|upkeep\n|turn|11\n|inactive|XJ09 has 30 seconds left.\n|inactive|cwhit7 has 30 seconds left.\n|\n|t:|1682880761\n|move|p1a: Annihilape|Drain Punch|p2b: Ting-Lu\n|-supereffective|p2b: Ting-Lu\n|-damage|p2b: Ting-Lu|19\/100\n|-heal|p1a: Annihilape|59\/100 brn|[from] drain|[of] p2b: Ting-Lu\n|-enditem|p2b: Ting-Lu|Mago Berry|[eat]\n|-heal|p2b: Ting-Lu|52\/100|[from] item: Mago Berry\n|move|p2a: Armarouge|Heat Wave|p1b: Garganacl|[spread] p1a\n|-miss|p2a: Armarouge|p1b: Garganacl\n|-damage|p1a: Annihilape|36\/100 brn\n|move|p2b: Ting-Lu|Stomping Tantrum|p1b: Garganacl\n|-supereffective|p1b: Garganacl\n|-damage|p1b: Garganacl|0 fnt\n|faint|p1b: Garganacl\n|\n|-damage|p1a: Annihilape|29\/100 brn|[from] brn\n|-damage|p2a: Armarouge|1\/100|[from] Salt Cure\n|-damage|p2b: Ting-Lu|40\/100|[from] Salt Cure\n|upkeep\n|turn|12\n|\n|t:|1682880783\n|move|p1a: Annihilape|Protect|p1a: Annihilape\n|-singleturn|p1a: Annihilape|Protect\n|move|p2a: Armarouge|Heat Wave|p1a: Annihilape\n|-activate|p1a: Annihilape|move: Protect\n|move|p2b: Ting-Lu|Stomping Tantrum|p1a: Annihilape\n|-activate|p1a: Annihilape|move: Protect\n|\n|-damage|p1a: Annihilape|23\/100 brn|[from] brn\n|-damage|p2a: Armarouge|0 fnt|[from] Salt Cure\n|faint|p2a: Armarouge\n|-damage|p2b: Ting-Lu|28\/100|[from] Salt Cure\n|upkeep\n|-enditem|p1a: Annihilape|Salac Berry|[eat]\n|-boost|p1a: Annihilape|spe|1|[from] item: Salac Berry\n|turn|13\n|\n|t:|1682880802\n|move|p1a: Annihilape|Drain Punch|p2b: Ting-Lu\n|-supereffective|p2b: Ting-Lu\n|-damage|p2b: Ting-Lu|2\/100\n|-heal|p1a: Annihilape|40\/100 brn|[from] drain|[of] p2b: Ting-Lu\n|move|p2b: Ting-Lu|Stomping Tantrum|p1a: Annihilape\n|-damage|p1a: Annihilape|14\/100 brn\n|\n|-damage|p1a: Annihilape|8\/100 brn|[from] brn\n|-damage|p2b: Ting-Lu|0 fnt|[from] Salt Cure\n|faint|p2b: Ting-Lu\n|\n|win|XJ09\n|upkeep\n|raw|XJ09's rating: 1186 → 1210<\/strong> (+24 for winning)\n|raw|cwhit7's rating: 1174 → 1150<\/strong> (-24 for losing)\n|l|\u2606cwhit7\n","uploadtime":1682880817,"views":6,"p1id":"xj09","p2id":"cwhit7","formatid":"gen9vgc2023regulationc","rating":1150,"private":0,"password":""}