{"id":"gen9vgc2023regulationc-1861597461","p1":"revocolombia","p2":"Dual Tip","format":"[Gen 9] VGC 2023 Regulation C","log":"|j|\u2606revocolombia\n|j|\u2606Dual Tip\n|t:|1683778821\n|gametype|doubles\n|player|p1|revocolombia|169|1424\n|player|p2|Dual Tip|skierf|1327\n|teamsize|p1|6\n|teamsize|p2|6\n|gen|9\n|tier|[Gen 9] VGC 2023 Regulation C\n|rated|\n|rule|Species Clause: Limit one of each Pok\u00e9mon\n|rule|Item Clause: Limit one of each item\n|clearpoke\n|poke|p1|Flutter Mane, L50|\n|poke|p1|Great Tusk, L50|\n|poke|p1|Gholdengo, L50|\n|poke|p1|Chien-Pao, L50|\n|poke|p1|Murkrow, L50, F|\n|poke|p1|Baxcalibur, L50, F|\n|poke|p2|Abomasnow, L50, M|\n|poke|p2|Iron Bundle, L50|\n|poke|p2|Chi-Yu, L50|\n|poke|p2|Flutter Mane, L50|\n|poke|p2|Dragonite, L50, F|\n|poke|p2|Scizor, L50, F|\n|teampreview|4\n|\n|t:|1683778842\n|start\n|switch|p1a: Great Tusk|Great Tusk, L50|100\/100\n|switch|p1b: Murkrow|Murkrow, L50, F|100\/100\n|switch|p2a: Dragonite|Dragonite, L50, F|100\/100\n|switch|p2b: Abomasnow|Abomasnow, L50, M|100\/100\n|-weather|Snow|[from] ability: Snow Warning|[of] p2b: Abomasnow\n|turn|1\n|\n|t:|1683778871\n|-terastallize|p2a: Dragonite|Normal\n|-terastallize|p1a: Great Tusk|Fire\n|move|p2a: Dragonite|Extreme Speed|p1b: Murkrow\n|-damage|p1b: Murkrow|44\/100\n|move|p1b: Murkrow|Sunny Day|p1b: Murkrow\n|-weather|SunnyDay\n|-activate|p1a: Great Tusk|ability: Protosynthesis\n|-start|p1a: Great Tusk|protosynthesisatk\n|move|p1a: Great Tusk|Rock Slide|p2a: Dragonite|[spread] p2a,p2b\n|-supereffective|p2b: Abomasnow\n|-crit|p2b: Abomasnow\n|-damage|p2a: Dragonite|84\/100\n|-damage|p2b: Abomasnow|20\/100\n|move|p2b: Abomasnow|Leaf Storm|p1a: Great Tusk\n|-resisted|p1a: Great Tusk\n|-damage|p1a: Great Tusk|64\/100\n|-unboost|p2b: Abomasnow|spa|2\n|\n|-weather|SunnyDay|[upkeep]\n|upkeep\n|turn|2\n|\n|t:|1683778916\n|switch|p1b: Baxcalibur|Baxcalibur, L50, F|100\/100\n|switch|p2b: Iron Bundle|Iron Bundle, L50|100\/100\n|move|p2a: Dragonite|Extreme Speed|p1b: Baxcalibur\n|-damage|p1b: Baxcalibur|56\/100\n|move|p1a: Great Tusk|Rock Slide|p2a: Dragonite|[spread] p2a,p2b\n|-supereffective|p2b: Iron Bundle\n|-damage|p2a: Dragonite|54\/100\n|-damage|p2b: Iron Bundle|33\/100\n|\n|-weather|SunnyDay|[upkeep]\n|upkeep\n|turn|3\n|\n|t:|1683778947\n|switch|p2a: Abomasnow|Abomasnow, L50, M|20\/100\n|-weather|Snow|[from] ability: Snow Warning|[of] p2a: Abomasnow\n|-end|p1a: Great Tusk|Protosynthesis\n|move|p1b: Baxcalibur|Ice Shard|p2a: Abomasnow\n|-damage|p2a: Abomasnow|0 fnt\n|faint|p2a: Abomasnow\n|-damage|p1b: Baxcalibur|46\/100|[from] item: Life Orb\n|move|p2b: Iron Bundle|Blizzard|p1a: Great Tusk|[spread] p1a,p1b\n|-resisted|p1a: Great Tusk\n|-crit|p1b: Baxcalibur\n|-damage|p1a: Great Tusk|23\/100\n|-damage|p1b: Baxcalibur|0 fnt\n|faint|p1b: Baxcalibur\n|move|p1a: Great Tusk|Rock Slide|p2b: Iron Bundle\n|-supereffective|p2b: Iron Bundle\n|-damage|p2b: Iron Bundle|0 fnt\n|faint|p2b: Iron Bundle\n|-end|p2b: Iron Bundle|Quark Drive|[silent]\n|\n|-weather|Snow|[upkeep]\n|upkeep\n|\n|t:|1683778968\n|switch|p2b: Chi-Yu|Chi-Yu, L50|100\/100\n|switch|p1b: Murkrow|Murkrow, L50, F|44\/100\n|switch|p2a: Dragonite|Dragonite, L50, F, tera:Normal|54\/100\n|-ability|p2b: Chi-Yu|Beads of Ruin\n|turn|4\n|\n|t:|1683778988\n|move|p2a: Dragonite|Extreme Speed|p1b: Murkrow\n|-damage|p1b: Murkrow|0 fnt\n|faint|p1b: Murkrow\n|move|p2b: Chi-Yu|Dark Pulse|p1a: Great Tusk\n|-damage|p1a: Great Tusk|0 fnt\n|faint|p1a: Great Tusk\n|-end|p1a: Great Tusk|Protosynthesis|[silent]\n|\n|-weather|Snow|[upkeep]\n|upkeep\n|\n|t:|1683779007\n|switch|p1b: Chien-Pao|Chien-Pao, L50|100\/100\n|-ability|p1b: Chien-Pao|Sword of Ruin\n|turn|5\n|\n|t:|1683779032\n|move|p2a: Dragonite|Extreme Speed|p1b: Chien-Pao\n|-damage|p1b: Chien-Pao|62\/100\n|move|p1b: Chien-Pao|Sacred Sword|p2b: Chi-Yu\n|-supereffective|p2b: Chi-Yu\n|-enditem|p2b: Chi-Yu|Focus Sash\n|-damage|p2b: Chi-Yu|1\/100\n|move|p2b: Chi-Yu|Heat Wave|p1b: Chien-Pao\n|-supereffective|p1b: Chien-Pao\n|-damage|p1b: Chien-Pao|0 fnt\n|faint|p1b: Chien-Pao\n|\n|win|Dual Tip\n|raw|revocolombia's rating: 1424 → 1399<\/strong> (-25 for losing)\n|raw|Dual Tip's rating: 1327 → 1352<\/strong> (+25 for winning)\n|l|\u2606Dual Tip\n","uploadtime":1683779049,"views":14,"p1id":"revocolombia","p2id":"dualtip","formatid":"gen9vgc2023regulationc","rating":1352,"private":0,"password":""}