{"id":"gen9vgc2023regulationc-1859196372","p1":"PkhunterHK","p2":"Neto123","format":"[Gen 9] VGC 2023 Regulation C","log":"|j|\u2606PkhunterHK\n|j|\u2606Neto123\n|t:|1683416521\n|gametype|doubles\n|player|p1|PkhunterHK|maylene|1380\n|player|p2|Neto123|1|1310\n|teamsize|p1|6\n|teamsize|p2|6\n|gen|9\n|tier|[Gen 9] VGC 2023 Regulation C\n|rated|\n|rule|Species Clause: Limit one of each Pok\u00e9mon\n|rule|Item Clause: Limit one of each item\n|clearpoke\n|poke|p1|Azumarill, L50, F|\n|poke|p1|Gothorita, L50, F|\n|poke|p1|Gothitelle, L50, M|\n|poke|p1|Coalossal, L50, F|\n|poke|p1|Dragapult, L50, M|\n|poke|p1|Flutter Mane, L50|\n|poke|p2|Torkoal, L50, F|\n|poke|p2|Iron Hands, L50|\n|poke|p2|Flutter Mane, L50|\n|poke|p2|Barraskewda, L50, M|\n|poke|p2|Maushold, L50|\n|poke|p2|Lilligant, L50, F|\n|teampreview|4\n|inactive|Battle timer is ON: inactive players will automatically lose when time's up. (requested by PkhunterHK)\n|inactive|Neto123 has 60 seconds left.\n|\n|t:|1683416556\n|start\n|switch|p1a: Coalossal|Coalossal, L50, F|100\/100\n|switch|p1b: Dragapult|Dragapult, L50, M|100\/100\n|switch|p2a: Iron Hands|Iron Hands, L50|100\/100\n|switch|p2b: Maushold|Maushold, L50|100\/100\n|turn|1\n|inactive|Neto123 has 30 seconds left.\n|\n|t:|1683416583\n|switch|p2b: Flutter Mane|Flutter Mane, L50|100\/100\n|move|p1a: Coalossal|Protect|p1a: Coalossal\n|-singleturn|p1a: Coalossal|Protect\n|move|p2a: Iron Hands|Fake Out|p1a: Coalossal\n|-activate|p1a: Coalossal|move: Protect\n|move|p1b: Dragapult|Will-O-Wisp|p2a: Iron Hands\n|-status|p2a: Iron Hands|brn\n|\n|-damage|p2a: Iron Hands|94\/100 brn|[from] brn\n|upkeep\n|turn|2\n|inactive|PkhunterHK has 30 seconds left.\n|inactive|PkhunterHK has 20 seconds left.\n|inactive|Neto123 has 30 seconds left.\n|\n|t:|1683416629\n|-terastallize|p1a: Coalossal|Grass\n|move|p1b: Dragapult|Surf|p2b: Flutter Mane|[spread] p1a,p2a,p2b\n|-resisted|p1a: Coalossal\n|-damage|p1a: Coalossal|91\/100\n|-damage|p2a: Iron Hands|81\/100 brn\n|-damage|p2b: Flutter Mane|79\/100\n|-ability|p1a: Coalossal|Steam Engine|boost\n|-boost|p1a: Coalossal|spe|6\n|-enditem|p1a: Coalossal|Absorb Bulb\n|-boost|p1a: Coalossal|spa|1|[from] item: Absorb Bulb\n|move|p1a: Coalossal|Tera Blast|p2b: Flutter Mane\n|-damage|p2b: Flutter Mane|28\/100\n|move|p2b: Flutter Mane|Dazzling Gleam|p1a: Coalossal|[spread] p1a,p1b\n|-supereffective|p1b: Dragapult\n|-damage|p1a: Coalossal|53\/100\n|-enditem|p1b: Dragapult|Focus Sash\n|-damage|p1b: Dragapult|1\/100\n|move|p2a: Iron Hands|Stomping Tantrum|p1a: Coalossal\n|-resisted|p1a: Coalossal\n|-damage|p1a: Coalossal|47\/100\n|\n|-damage|p2a: Iron Hands|75\/100 brn|[from] brn\n|upkeep\n|turn|3\n|inactive|PkhunterHK has 30 seconds left.\n|inactive|Neto123 has 30 seconds left.\n|inactive|Neto123 has 20 seconds left.\n|inactive|Neto123 has 15 seconds left.\n|inactive|Neto123 has 10 seconds left.\n|\n|t:|1683416675\n|move|p2b: Flutter Mane|Protect|p2b: Flutter Mane\n|-singleturn|p2b: Flutter Mane|Protect\n|move|p1a: Coalossal|Heat Wave|p2b: Flutter Mane|[spread] p2a\n|-activate|p2b: Flutter Mane|move: Protect\n|-damage|p2a: Iron Hands|49\/100 brn\n|move|p1b: Dragapult|Shadow Ball|p2b: Flutter Mane\n|-activate|p2b: Flutter Mane|move: Protect\n|move|p2a: Iron Hands|Stomping Tantrum|p1b: Dragapult\n|-damage|p1b: Dragapult|0 fnt\n|faint|p1b: Dragapult\n|\n|-damage|p2a: Iron Hands|43\/100 brn|[from] brn\n|upkeep\n|\n|t:|1683416692\n|switch|p1b: Flutter Mane|Flutter Mane, L50|100\/100\n|-enditem|p1b: Flutter Mane|Booster Energy\n|-activate|p1b: Flutter Mane|ability: Protosynthesis|[fromitem]\n|-start|p1b: Flutter Mane|protosynthesisspe\n|turn|4\n|\n|t:|1683416709\n|-end|p2b: Flutter Mane|Protosynthesis|[silent]\n|switch|p2b: Maushold|Maushold, L50|100\/100\n|move|p1a: Coalossal|Tera Blast|p2b: Maushold\n|-damage|p2b: Maushold|39\/100\n|move|p1b: Flutter Mane|Dazzling Gleam|p2a: Iron Hands|[spread] p2a,p2b\n|-supereffective|p2a: Iron Hands\n|-damage|p2a: Iron Hands|20\/100 brn\n|-damage|p2b: Maushold|9\/100\n|move|p2a: Iron Hands|Wild Charge|p1b: Flutter Mane\n|-damage|p1b: Flutter Mane|71\/100\n|-damage|p2a: Iron Hands|15\/100 brn|[from] Recoil\n|\n|-damage|p2a: Iron Hands|9\/100 brn|[from] brn\n|upkeep\n|turn|5\n|inactive|PkhunterHK has 30 seconds left.\n|inactive|Neto123 has 30 seconds left.\n|inactive|Neto123 has 20 seconds left.\n|inactive|Neto123 has 15 seconds left.\n|inactive|Neto123 has 10 seconds left.\n|inactive|Neto123 has 5 seconds left.\n|\n|t:|1683416760\n|move|p1a: Coalossal|Tera Blast|p2b: Maushold\n|-damage|p2b: Maushold|0 fnt\n|faint|p2b: Maushold\n|move|p1b: Flutter Mane|Dazzling Gleam|p2a: Iron Hands\n|-supereffective|p2a: Iron Hands\n|-damage|p2a: Iron Hands|0 fnt\n|faint|p2a: Iron Hands\n|-end|p2a: Iron Hands|Quark Drive|[silent]\n|\n|upkeep\n|\n|t:|1683416770\n|switch|p2b: Barraskewda|Barraskewda, L50, M|100\/100\n|switch|p2a: Flutter Mane|Flutter Mane, L50|28\/100\n|turn|6\n|\n|t:|1683416791\n|-terastallize|p2b: Barraskewda|Water\n|move|p2b: Barraskewda|Aqua Jet|p1b: Flutter Mane\n|-damage|p1b: Flutter Mane|22\/100\n|move|p1a: Coalossal|Tera Blast|p2b: Barraskewda\n|-supereffective|p2b: Barraskewda\n|-damage|p2b: Barraskewda|0 fnt\n|faint|p2b: Barraskewda\n|move|p1b: Flutter Mane|Shadow Ball|p2a: Flutter Mane\n|-supereffective|p2a: Flutter Mane\n|-damage|p2a: Flutter Mane|0 fnt\n|faint|p2a: Flutter Mane\n|-end|p2a: Flutter Mane|Protosynthesis|[silent]\n|\n|win|PkhunterHK\n|raw|PkhunterHK's rating: 1380 → 1396<\/strong> (+16 for winning)\n|raw|Neto123's rating: 1310 → 1294<\/strong> (-16 for losing)\n|l|\u2606Neto123\n","uploadtime":1683416866,"views":11,"p1id":"pkhunterhk","p2id":"neto123","formatid":"gen9vgc2023regulationc","rating":1294,"private":0,"password":""}