{"id":"gen9vgc2023regulationc-1854164436","p1":"PinoCremaino","p2":"hcsdhbjcs","format":"[Gen 9] VGC 2023 Regulation C","log":"|j|\u2606PinoCremaino\n|j|\u2606hcsdhbjcs\n|t:|1682778567\n|gametype|doubles\n|player|p1|PinoCremaino|1|1075\n|player|p2|hcsdhbjcs|1|1049\n|teamsize|p1|6\n|teamsize|p2|6\n|gen|9\n|tier|[Gen 9] VGC 2023 Regulation C\n|rated|\n|rule|Species Clause: Limit one of each Pok\u00e9mon\n|rule|Item Clause: Limit one of each item\n|clearpoke\n|poke|p1|Kingambit, L50, M|\n|poke|p1|Flutter Mane, L50|\n|poke|p1|Ting-Lu, L50|\n|poke|p1|Arcanine, L50, F|\n|poke|p1|Amoonguss, L50, F|\n|poke|p1|Palafin, L50, M|\n|poke|p2|Garganacl, L50, F|\n|poke|p2|Amoonguss, L50, M|\n|poke|p2|Baxcalibur, L50, F|\n|poke|p2|Talonflame, L50, F|\n|poke|p2|Hydreigon, L50, F|\n|poke|p2|Flutter Mane, L50|\n|teampreview|4\n|inactive|Battle timer is ON: inactive players will automatically lose when time's up. (requested by PinoCremaino)\nPinoCremaino has agreed to open team sheets.\nhcsdhbjcs has agreed to open team sheets.\n|inactive|PinoCremaino has 60 seconds left.\n|inactive|hcsdhbjcs has 60 seconds left.\n|inactive|hcsdhbjcs has 30 seconds left.\n|inactive|hcsdhbjcs has 20 seconds left.\n|inactive|hcsdhbjcs has 15 seconds left.\n|inactive|hcsdhbjcs has 10 seconds left.\n|\n|t:|1682778654\n|start\n|switch|p1a: Flutter Mane|Flutter Mane, L50|100\/100\n|switch|p1b: Palafin|Palafin, L50, M, shiny|100\/100\n|switch|p2a: Amoonguss|Amoonguss, L50, M|100\/100\n|switch|p2b: Baxcalibur|Baxcalibur, L50, F|100\/100\n|turn|1\n|inactive|PinoCremaino has 30 seconds left.\n|inactive|hcsdhbjcs has 30 seconds left.\n|inactive|PinoCremaino has 20 seconds left.\n|inactive|hcsdhbjcs has 20 seconds left.\n|inactive|PinoCremaino has 15 seconds left.\n|inactive|PinoCremaino has 10 seconds left.\n|inactive|PinoCremaino has 5 seconds left.\n|\n|t:|1682778707\n|-end|p1a: Flutter Mane|Protosynthesis|[silent]\n|switch|p1a: Arcanine|Arcanine, L50, F|100\/100\n|-ability|p1a: Arcanine|Intimidate|boost\n|-unboost|p2a: Amoonguss|atk|1\n|-unboost|p2b: Baxcalibur|atk|1\n|detailschange|p1b: Palafin|Palafin-Hero, L50, M, shiny\n|switch|p1b: Ting-Lu|Ting-Lu, L50|100\/100\n|-ability|p1b: Ting-Lu|Vessel of Ruin\n|move|p2b: Baxcalibur|Protect|p2b: Baxcalibur\n|-singleturn|p2b: Baxcalibur|Protect\n|move|p2a: Amoonguss|Spore|p1a: Arcanine\n|-activate|p1a: Arcanine|item: Safety Goggles|Spore\n|\n|upkeep\n|turn|2\n|inactive|hcsdhbjcs has 30 seconds left.\n|\n|t:|1682778732\n|switch|p2b: Talonflame|Talonflame, L50, F|100\/100\n|switch|p2a: Garganacl|Garganacl, L50, F|100\/100\n|move|p1a: Arcanine|Flare Blitz|p2a: Garganacl\n|-resisted|p2a: Garganacl\n|-damage|p2a: Garganacl|87\/100\n|-damage|p1a: Arcanine|96\/100|[from] Recoil\n|move|p1b: Ting-Lu|Heavy Slam|p2b: Talonflame\n|-resisted|p2b: Talonflame\n|-damage|p2b: Talonflame|75\/100\n|\n|-heal|p2a: Garganacl|93\/100|[from] item: Leftovers\n|upkeep\n|turn|3\n|inactive|hcsdhbjcs has 30 seconds left.\n|\n|t:|1682778761\n|move|p1a: Arcanine|Extreme Speed|p2b: Talonflame\n|-damage|p2b: Talonflame|46\/100\n|move|p2b: Talonflame|Will-O-Wisp|p1b: Ting-Lu\n|-status|p1b: Ting-Lu|brn\n|move|p1b: Ting-Lu|Ruination|p2a: Garganacl\n|-damage|p2a: Garganacl|47\/100\n|move|p2a: Garganacl|Salt Cure|p1a: Arcanine\n|-supereffective|p1a: Arcanine\n|-damage|p1a: Arcanine|69\/100\n|-start|p1a: Arcanine|Salt Cure\n|\n|-heal|p2a: Garganacl|53\/100|[from] item: Leftovers\n|-damage|p1b: Ting-Lu|95\/100 brn|[from] brn\n|-damage|p1a: Arcanine|56\/100|[from] Salt Cure\n|upkeep\n|turn|4\n|inactive|PinoCremaino has 30 seconds left.\n|inactive|hcsdhbjcs has 30 seconds left.\n|inactive|hcsdhbjcs has 20 seconds left.\n|\n|t:|1682778796\n|switch|p1a: Flutter Mane|Flutter Mane, L50|100\/100\n|move|p2a: Garganacl|Protect|p2a: Garganacl\n|-singleturn|p2a: Garganacl|Protect\n|move|p2b: Talonflame|Tailwind|p2b: Talonflame\n|-sidestart|p2: hcsdhbjcs|move: Tailwind\n|move|p1b: Ting-Lu|Stomping Tantrum|p2a: Garganacl\n|-activate|p2a: Garganacl|move: Protect\n|\n|-heal|p2a: Garganacl|59\/100|[from] item: Leftovers\n|-damage|p1b: Ting-Lu|89\/100 brn|[from] brn\n|upkeep\n|turn|5\n|\n|t:|1682778819\n|move|p2b: Talonflame|Brave Bird|p1a: Flutter Mane\n|-damage|p1a: Flutter Mane|42\/100\n|-damage|p2b: Talonflame|28\/100|[from] Recoil\n|move|p1a: Flutter Mane|Shadow Ball|p2a: Garganacl\n|-damage|p2a: Garganacl|39\/100\n|move|p2a: Garganacl|Salt Cure|p1a: Flutter Mane\n|-damage|p1a: Flutter Mane|21\/100\n|-start|p1a: Flutter Mane|Salt Cure\n|move|p1b: Ting-Lu|Ruination|p2b: Talonflame\n|-damage|p2b: Talonflame|14\/100\n|\n|-heal|p2a: Garganacl|45\/100|[from] item: Leftovers\n|-damage|p1b: Ting-Lu|83\/100 brn|[from] brn\n|-damage|p1a: Flutter Mane|9\/100|[from] Salt Cure\n|upkeep\n|turn|6\n|inactive|PinoCremaino has 30 seconds left.\n|inactive|hcsdhbjcs has 30 seconds left.\n|\n|t:|1682778851\n|-end|p1a: Flutter Mane|Protosynthesis|[silent]\n|switch|p1a: Arcanine|Arcanine, L50, F|56\/100\n|-ability|p1a: Arcanine|Intimidate|boost\n|-unboost|p2a: Garganacl|atk|1\n|-unboost|p2b: Talonflame|atk|1\n|move|p2b: Talonflame|Brave Bird|p1a: Arcanine\n|-damage|p1a: Arcanine|33\/100\n|-damage|p2b: Talonflame|6\/100|[from] Recoil\n|move|p2a: Garganacl|Salt Cure|p1b: Ting-Lu\n|-resisted|p1b: Ting-Lu\n|-damage|p1b: Ting-Lu|80\/100 brn\n|-start|p1b: Ting-Lu|Salt Cure\n|move|p1b: Ting-Lu|Heavy Slam|p2b: Talonflame\n|-resisted|p2b: Talonflame\n|-damage|p2b: Talonflame|0 fnt\n|faint|p2b: Talonflame\n|\n|-heal|p2a: Garganacl|51\/100|[from] item: Leftovers\n|-damage|p1b: Ting-Lu|74\/100 brn|[from] brn\n|-damage|p1b: Ting-Lu|62\/100 brn|[from] Salt Cure\n|upkeep\n|\n|t:|1682778866\n|switch|p2b: Baxcalibur|Baxcalibur, L50, F|100\/100\n|turn|7\n|\n|t:|1682778879\n|move|p1a: Arcanine|Protect|p1a: Arcanine\n|-singleturn|p1a: Arcanine|Protect\n|move|p2b: Baxcalibur|Dragon Dance|p2b: Baxcalibur\n|-boost|p2b: Baxcalibur|atk|1\n|-boost|p2b: Baxcalibur|spe|1\n|move|p2a: Garganacl|Recover|p2a: Garganacl\n|-heal|p2a: Garganacl|100\/100\n|move|p1b: Ting-Lu|Ruination|p2b: Baxcalibur\n|-damage|p2b: Baxcalibur|51\/100\n|\n|-damage|p1b: Ting-Lu|56\/100 brn|[from] brn\n|-damage|p1b: Ting-Lu|44\/100 brn|[from] Salt Cure\n|-sideend|p2: hcsdhbjcs|move: Tailwind\n|upkeep\n|turn|8\n|\n|t:|1682778902\n|move|p2b: Baxcalibur|Protect|p2b: Baxcalibur\n|-singleturn|p2b: Baxcalibur|Protect\n|move|p1a: Arcanine|Flare Blitz|p2b: Baxcalibur\n|-activate|p2b: Baxcalibur|move: Protect\n|move|p1b: Ting-Lu|Ruination|p2b: Baxcalibur\n|-activate|p2b: Baxcalibur|move: Protect\n|move|p2a: Garganacl|Salt Cure|p1a: Arcanine\n|-supereffective|p1a: Arcanine\n|-damage|p1a: Arcanine|15\/100\n|-start|p1a: Arcanine|Salt Cure\n|\n|-damage|p1b: Ting-Lu|38\/100 brn|[from] brn\n|-damage|p1a: Arcanine|3\/100|[from] Salt Cure\n|-damage|p1b: Ting-Lu|26\/100 brn|[from] Salt Cure\n|upkeep\n|turn|9\n|inactive|hcsdhbjcs has 30 seconds left.\n|\n|t:|1682778932\n|move|p1a: Arcanine|Extreme Speed|p2b: Baxcalibur\n|-damage|p2b: Baxcalibur|31\/100\n|move|p2b: Baxcalibur|Icicle Spear|p1b: Ting-Lu\n|-supereffective|p1b: Ting-Lu\n|-damage|p1b: Ting-Lu|0 fnt\n|faint|p1b: Ting-Lu\n|-hitcount|p1: Ting-Lu|1\n|move|p2a: Garganacl|Salt Cure|p1a: Arcanine\n|-supereffective|p1a: Arcanine\n|-damage|p1a: Arcanine|0 fnt\n|faint|p1a: Arcanine\n|\n|upkeep\n|\n|t:|1682778947\n|switch|p1a: Palafin|Palafin-Hero, L50, M, shiny|100\/100\n|switch|p1b: Flutter Mane|Flutter Mane, L50|9\/100\n|-activate|p1a: Palafin|ability: Zero to Hero\n|turn|10\n|\n|t:|1682778971\n|-terastallize|p1a: Palafin|Water\n|move|p2b: Baxcalibur|Protect|p2b: Baxcalibur\n|-singleturn|p2b: Baxcalibur|Protect\n|move|p1b: Flutter Mane|Dazzling Gleam|p2a: Garganacl|[spread] p2a\n|-activate|p2b: Baxcalibur|move: Protect\n|-damage|p2a: Garganacl|65\/100\n|move|p1a: Palafin|Haze|p1a: Palafin\n|-clearallboost\n|move|p2a: Garganacl|Salt Cure|p1b: Flutter Mane\n|-damage|p1b: Flutter Mane|0 fnt\n|faint|p1b: Flutter Mane\n|-end|p1b: Flutter Mane|Protosynthesis|[silent]\n|\n|-heal|p2a: Garganacl|70\/100|[from] item: Leftovers\n|upkeep\n|turn|11\n|inactive|PinoCremaino has 30 seconds left.\n|\n|t:|1682779004\n|move|p1a: Palafin|Wave Crash|p2a: Garganacl\n|-supereffective|p2a: Garganacl\n|-damage|p2a: Garganacl|0 fnt\n|faint|p2a: Garganacl\n|-damage|p1a: Palafin|78\/100|[from] Recoil\n|move|p2b: Baxcalibur|Glaive Rush|p1a: Palafin\n|-damage|p1a: Palafin|14\/100\n|-singlemove|p2b: Baxcalibur|Glaive Rush|[silent]\n|\n|upkeep\n|\n|t:|1682779012\n|switch|p2a: Amoonguss|Amoonguss, L50, M|100\/100\n|turn|12\n|\n|t:|1682779021\n|move|p2a: Amoonguss|Rage Powder|p2a: Amoonguss\n|-singleturn|p2a: Amoonguss|move: Rage Powder\n|move|p1a: Palafin|Jet Punch|p2a: Amoonguss\n|-resisted|p2a: Amoonguss\n|-crit|p2a: Amoonguss\n|-damage|p2a: Amoonguss|63\/100\n|-damage|p1a: Palafin|0 fnt|[from] item: Rocky Helmet|[of] p2a: Amoonguss\n|faint|p1a: Palafin\n|\n|win|hcsdhbjcs\n|raw|PinoCremaino's rating: 1075 → 1052<\/strong> (-23 for losing)\n|raw|hcsdhbjcs's rating: 1049 → 1084<\/strong> (+35 for winning)\n|l|\u2606PinoCremaino\n","uploadtime":1682779055,"views":20,"p1id":"pinocremaino","p2id":"hcsdhbjcs","formatid":"gen9vgc2023regulationc","rating":1052,"private":0,"password":""}