{"id":"gen9vgc2023regulationc-1852809406","p1":"ShoopDoDeeWap","p2":"Luppus El Lobo","format":"[Gen 9] VGC 2023 Regulation C","log":"|j|\u2606ShoopDoDeeWap\n|j|\u2606Luppus El Lobo\n|t:|1682608130\n|gametype|doubles\n|player|p1|ShoopDoDeeWap|101|1145\n|player|p2|Luppus El Lobo|veteran|1140\n|teamsize|p1|6\n|teamsize|p2|6\n|gen|9\n|tier|[Gen 9] VGC 2023 Regulation C\n|rated|\n|rule|Species Clause: Limit one of each Pok\u00e9mon\n|rule|Item Clause: Limit one of each item\n|clearpoke\n|poke|p1|Baxcalibur, L50, F|\n|poke|p1|Chi-Yu, L50|\n|poke|p1|Flutter Mane, L50|\n|poke|p1|Dachsbun, L50, F|\n|poke|p1|Tauros-Paldea-Aqua, L50, M|\n|poke|p1|Wo-Chien, L50|\n|poke|p2|Chi-Yu, L50|\n|poke|p2|Flutter Mane, L50|\n|poke|p2|Maushold, L50|\n|poke|p2|Annihilape, L50, M|\n|poke|p2|Gyarados, L50, F|\n|poke|p2|Ting-Lu, L50|\n|teampreview|4\n|inactive|Battle timer is ON: inactive players will automatically lose when time's up. (requested by ShoopDoDeeWap)\n|inactive|ShoopDoDeeWap has 60 seconds left.\n|inactive|Luppus El Lobo has 60 seconds left.\n|\n|t:|1682608190\n|start\n|switch|p1a: Chi-Yu|Chi-Yu, L50|100\/100\n|switch|p1b: Dachsbun|Dachsbun, L50, F|100\/100\n|switch|p2a: Maushold|Maushold, L50|100\/100\n|switch|p2b: Gyarados|Gyarados, L50, F|100\/100\n|-ability|p1a: Chi-Yu|Beads of Ruin\n|-ability|p2b: Gyarados|Intimidate|boost\n|-unboost|p1a: Chi-Yu|atk|1\n|-unboost|p1b: Dachsbun|atk|1\n|turn|1\n|\n|t:|1682608213\n|move|p2a: Maushold|Follow Me|p2a: Maushold\n|-singleturn|p2a: Maushold|move: Follow Me\n|move|p1a: Chi-Yu|Lava Plume|p2a: Maushold|[spread] p2a,p2b\n|-ability|p1b: Dachsbun|Well-Baked Body|boost\n|-boost|p1b: Dachsbun|def|2\n|-resisted|p2b: Gyarados\n|-damage|p2a: Maushold|49\/100\n|-damage|p2b: Gyarados|84\/100\n|move|p2b: Gyarados|Dragon Dance|p2b: Gyarados\n|-boost|p2b: Gyarados|atk|1\n|-boost|p2b: Gyarados|spe|1\n|move|p1b: Dachsbun|Body Press|p2a: Maushold\n|-supereffective|p2a: Maushold\n|-damage|p2a: Maushold|0 fnt\n|faint|p2a: Maushold\n|\n|upkeep\n|inactive|Luppus El Lobo has 30 seconds left.\n|\n|t:|1682608242\n|switch|p2a: Annihilape|Annihilape, L50, M|100\/100\n|turn|2\n|\n|t:|1682608255\n|switch|p1a: Wo-Chien|Wo-Chien, L50|100\/100\n|-ability|p1a: Wo-Chien|Tablets of Ruin\n|move|p2a: Annihilape|Protect|p2a: Annihilape\n|-singleturn|p2a: Annihilape|Protect\n|move|p2b: Gyarados|Waterfall|p1a: Wo-Chien\n|-resisted|p1a: Wo-Chien\n|-crit|p1a: Wo-Chien\n|-damage|p1a: Wo-Chien|72\/100\n|move|p1b: Dachsbun|Body Press|p2b: Gyarados\n|-resisted|p2b: Gyarados\n|-damage|p2b: Gyarados|65\/100\n|\n|-heal|p1a: Wo-Chien|79\/100|[from] item: Leftovers\n|upkeep\n|turn|3\n|inactive|Luppus El Lobo has 30 seconds left.\n|inactive|Luppus El Lobo has 20 seconds left.\n|\n|t:|1682608290\n|-terastallize|p2b: Gyarados|Flying\n|move|p2b: Gyarados|Tera Blast|p1a: Wo-Chien\n|-supereffective|p1a: Wo-Chien\n|-damage|p1a: Wo-Chien|0 fnt\n|faint|p1a: Wo-Chien\n|move|p2a: Annihilape|Bulk Up|p2a: Annihilape\n|-boost|p2a: Annihilape|atk|1\n|-boost|p2a: Annihilape|def|1\n|move|p1b: Dachsbun|Body Press|p2b: Gyarados\n|-resisted|p2b: Gyarados\n|-damage|p2b: Gyarados|39\/100\n|\n|upkeep\n|\n|t:|1682608301\n|switch|p1a: Flutter Mane|Flutter Mane, L50|100\/100\n|turn|4\n|\n|t:|1682608321\n|move|p2a: Annihilape|Protect|p2a: Annihilape\n|-singleturn|p2a: Annihilape|Protect\n|move|p2b: Gyarados|Tera Blast|p1a: Flutter Mane\n|-damage|p1a: Flutter Mane|0 fnt\n|faint|p1a: Flutter Mane\n|-end|p1a: Flutter Mane|Protosynthesis|[silent]\n|move|p1b: Dachsbun|Body Press|p2b: Gyarados\n|-resisted|p2b: Gyarados\n|-damage|p2b: Gyarados|14\/100\n|\n|upkeep\n|\n|t:|1682608326\n|switch|p1a: Chi-Yu|Chi-Yu, L50|100\/100\n|-ability|p1a: Chi-Yu|Beads of Ruin\n|turn|5\n|\n|t:|1682608343\n|-terastallize|p1b: Dachsbun|Grass\n|move|p1a: Chi-Yu|Lava Plume|p2a: Annihilape|[spread] p2a,p2b\n|-ability|p1b: Dachsbun|Well-Baked Body|boost\n|-boost|p1b: Dachsbun|def|2\n|-damage|p2a: Annihilape|63\/100\n|-damage|p2b: Gyarados|0 fnt\n|faint|p2b: Gyarados\n|move|p2a: Annihilape|Rage Fist|p1b: Dachsbun\n|-damage|p1b: Dachsbun|80\/100\n|move|p1b: Dachsbun|Play Rough|p2a: Annihilape\n|-supereffective|p2a: Annihilape\n|-damage|p2a: Annihilape|40\/100\n|\n|-heal|p2a: Annihilape|46\/100|[from] item: Leftovers\n|upkeep\n|\n|t:|1682608357\n|switch|p2b: Chi-Yu|Chi-Yu, L50|100\/100\n|-ability|p2b: Chi-Yu|Beads of Ruin\n|turn|6\n|\n|t:|1682608372\n|move|p1a: Chi-Yu|Lava Plume|p2a: Annihilape|[spread] p2a,p2b\n|-ability|p1b: Dachsbun|Well-Baked Body|boost\n|-boost|p1b: Dachsbun|def|2\n|-resisted|p2b: Chi-Yu\n|-damage|p2a: Annihilape|8\/100\n|-damage|p2b: Chi-Yu|83\/100\n|move|p2b: Chi-Yu|Heat Wave|p1b: Dachsbun|[spread] p1a\n|-immune|p1b: Dachsbun|[from] ability: Well-Baked Body\n|-resisted|p1a: Chi-Yu\n|-damage|p1a: Chi-Yu|77\/100\n|move|p2a: Annihilape|Drain Punch|p1a: Chi-Yu\n|-supereffective|p1a: Chi-Yu\n|-damage|p1a: Chi-Yu|0 fnt\n|-heal|p2a: Annihilape|34\/100|[from] drain|[of] p1a: Chi-Yu\n|faint|p1a: Chi-Yu\n|move|p1b: Dachsbun|Body Press|p2b: Chi-Yu\n|-supereffective|p2b: Chi-Yu\n|-damage|p2b: Chi-Yu|0 fnt\n|faint|p2b: Chi-Yu\n|\n|-heal|p2a: Annihilape|40\/100|[from] item: Leftovers\n|upkeep\n|turn|7\n|inactive|Luppus El Lobo has 30 seconds left.\n|\n|t:|1682608400\n|move|p2a: Annihilape|Drain Punch|p1b: Dachsbun\n|-damage|p1b: Dachsbun|69\/100\n|-heal|p2a: Annihilape|44\/100|[from] drain|[of] p1b: Dachsbun\n|move|p1b: Dachsbun|Play Rough|p2a: Annihilape\n|-supereffective|p2a: Annihilape\n|-damage|p2a: Annihilape|20\/100\n|\n|-heal|p2a: Annihilape|26\/100|[from] item: Leftovers\n|upkeep\n|turn|8\n|\n|t:|1682608413\n|move|p2a: Annihilape|Protect|p2a: Annihilape\n|-singleturn|p2a: Annihilape|Protect\n|move|p1b: Dachsbun|Play Rough|p2a: Annihilape\n|-activate|p2a: Annihilape|move: Protect\n|\n|-heal|p2a: Annihilape|33\/100|[from] item: Leftovers\n|upkeep\n|turn|9\n|\n|t:|1682608436\n|move|p2a: Annihilape|Bulk Up|p2a: Annihilape\n|-boost|p2a: Annihilape|atk|1\n|-boost|p2a: Annihilape|def|1\n|move|p1b: Dachsbun|Play Rough|p2a: Annihilape\n|-supereffective|p2a: Annihilape\n|-damage|p2a: Annihilape|15\/100\n|\n|-heal|p2a: Annihilape|22\/100|[from] item: Leftovers\n|upkeep\n|turn|10\n|\n|t:|1682608449\n|move|p2a: Annihilape|Protect|p2a: Annihilape\n|-singleturn|p2a: Annihilape|Protect\n|move|p1b: Dachsbun|Play Rough|p2a: Annihilape\n|-activate|p2a: Annihilape|move: Protect\n|\n|-heal|p2a: Annihilape|28\/100|[from] item: Leftovers\n|upkeep\n|turn|11\n|\n|t:|1682608461\n|move|p2a: Annihilape|Drain Punch|p1b: Dachsbun\n|-damage|p1b: Dachsbun|54\/100\n|-heal|p2a: Annihilape|34\/100|[from] drain|[of] p1b: Dachsbun\n|move|p1b: Dachsbun|Stomping Tantrum|p2a: Annihilape\n|-damage|p2a: Annihilape|29\/100\n|\n|-heal|p2a: Annihilape|36\/100|[from] item: Leftovers\n|upkeep\n|turn|12\n|\n|t:|1682608470\n|move|p2a: Annihilape|Protect|p2a: Annihilape\n|-singleturn|p2a: Annihilape|Protect\n|move|p1b: Dachsbun|Play Rough|p2a: Annihilape\n|-activate|p2a: Annihilape|move: Protect\n|\n|-heal|p2a: Annihilape|42\/100|[from] item: Leftovers\n|upkeep\n|turn|13\n|\n|t:|1682608478\n|move|p2a: Annihilape|Rage Fist|p1b: Dachsbun\n|-damage|p1b: Dachsbun|0 fnt\n|faint|p1b: Dachsbun\n|\n|win|Luppus El Lobo\n|raw|ShoopDoDeeWap's rating: 1145 → 1120<\/strong> (-25 for losing)\n|raw|Luppus El Lobo's rating: 1140 → 1165<\/strong> (+25 for winning)\n|l|\u2606ShoopDoDeeWap\n","uploadtime":1682608486,"views":5,"p1id":"shoopdodeewap","p2id":"luppusellobo","formatid":"gen9vgc2023regulationc","rating":1120,"private":0,"password":""}