{"id":"gen9vgc2023regulationc-1849882887","p1":"Nicholasthepug","p2":"Zyro Pegasi","format":"[Gen 9] VGC 2023 Regulation C","log":"|j|\u2606Nicholasthepug\n|j|\u2606Zyro Pegasi\n|t:|1682264191\n|gametype|doubles\n|player|p1|Nicholasthepug|cheren-gen5bw2|1029\n|player|p2|Zyro Pegasi|red-masters|1039\n|teamsize|p1|6\n|teamsize|p2|6\n|gen|9\n|tier|[Gen 9] VGC 2023 Regulation C\n|rated|\n|rule|Species Clause: Limit one of each Pok\u00e9mon\n|rule|Item Clause: Limit one of each item\n|clearpoke\n|poke|p1|Indeedee-F, L50, F|\n|poke|p1|Flutter Mane, L50|\n|poke|p1|Iron Hands, L50|\n|poke|p1|Iron Bundle, L50|\n|poke|p1|Brute Bonnet, L50|\n|poke|p1|Armarouge, L50, F|\n|poke|p2|Meowscarada, L50, F|\n|poke|p2|Krookodile, L50, M|\n|poke|p2|Indeedee-F, L50, F|\n|poke|p2|Flamigo, L50, M|\n|poke|p2|Dondozo, L50, M|\n|poke|p2|Tatsugiri, L50, M|\n|teampreview|4\n|inactive|Battle timer is ON: inactive players will automatically lose when time's up. (requested by Zyro Pegasi)\nZyro Pegasi rejected open team sheets.\n|inactive|Nicholasthepug has 60 seconds left.\n|\n|t:|1682264238\n|start\n|switch|p1a: Indeedee|Indeedee-F, L50, F|100\/100\n|switch|p1b: Armarouge|Armarouge, L50, F|100\/100\n|switch|p2a: Delta|Tatsugiri, L50, M|100\/100\n|switch|p2b: Riko|Meowscarada, L50, F|100\/100\n|-fieldstart|move: Psychic Terrain|[from] ability: Psychic Surge|[of] p1a: Indeedee\n|-enditem|p1a: Indeedee|Psychic Seed\n|-boost|p1a: Indeedee|spd|1|[from] item: Psychic Seed\n|turn|1\n|inactive|Nicholasthepug has 30 seconds left.\n|inactive|Nicholasthepug has 20 seconds left.\n|inactive|Nicholasthepug has 15 seconds left.\n|inactive|Nicholasthepug has 10 seconds left.\n|inactive|Nicholasthepug has 5 seconds left.\n|\n|t:|1682264291\n|move|p2b: Riko|Taunt|p1a: Indeedee\n|-start|p2b: Riko|typechange|Dark|[from] ability: Protean\n|-start|p1a: Indeedee|move: Taunt\n|move|p2a: Delta|Taunt|p1b: Armarouge\n|-start|p1b: Armarouge|move: Taunt\n|move|p1b: Armarouge|Armor Cannon|p2b: Riko\n|-damage|p2b: Riko|0 fnt\n|-unboost|p1b: Armarouge|def|1\n|-unboost|p1b: Armarouge|spd|1\n|faint|p2b: Riko\n|-damage|p1b: Armarouge|91\/100|[from] item: Life Orb\n|cant|p1a: Indeedee|move: Taunt|Trick Room\n|\n|-status|p2a: Delta|tox|[from] item: Toxic Orb\n|upkeep\n|\n|t:|1682264300\n|switch|p2b: Dino|Dondozo, L50, M|100\/100\n|-activate|p2a: Delta|ability: Commander|[of] p2b: Dino\n|-boost|p2b: Dino|atk|2\n|-boost|p2b: Dino|spa|2\n|-boost|p2b: Dino|spe|2\n|-boost|p2b: Dino|def|2\n|-boost|p2b: Dino|spd|2\n|turn|2\n|inactive|Nicholasthepug has 30 seconds left.\n|inactive|Nicholasthepug has 20 seconds left.\n|\n|t:|1682264337\n|move|p2b: Dino|Yawn|p1a: Indeedee\n|-start|p1a: Indeedee|move: Yawn|[of] p2b: Dino\n|move|p1a: Indeedee|Dazzling Gleam|p2a: Delta|[spread] p2b\n|-miss|p1a: Indeedee|p2a: Delta\n|-damage|p2b: Dino|94\/100\n|move|p1b: Armarouge|Armor Cannon|p2b: Dino\n|-resisted|p2b: Dino\n|-damage|p2b: Dino|72\/100\n|-unboost|p1b: Armarouge|def|1\n|-unboost|p1b: Armarouge|spd|1\n|-damage|p1b: Armarouge|81\/100|[from] item: Life Orb\n|\n|-heal|p2b: Dino|78\/100|[from] item: Leftovers\n|-damage|p2a: Delta|95\/100 tox|[from] psn\n|upkeep\n|turn|3\n|inactive|Nicholasthepug has 30 seconds left.\n|inactive|Nicholasthepug has 20 seconds left.\n|inactive|Nicholasthepug has 15 seconds left.\n|inactive|Nicholasthepug has 10 seconds left.\n|\n|t:|1682264383\n|switch|p1a: Iron Hands|Iron Hands, L50|100\/100\n|move|p2b: Dino|Yawn|p1b: Armarouge\n|-start|p1b: Armarouge|move: Yawn|[of] p2b: Dino\n|move|p1b: Armarouge|Expanding Force|p2b: Dino|[spread] p2b\n|-miss|p1b: Armarouge|p2a: Delta\n|-damage|p2b: Dino|33\/100\n|-damage|p1b: Armarouge|71\/100|[from] item: Life Orb\n|\n|-heal|p2b: Dino|39\/100|[from] item: Leftovers\n|-damage|p2a: Delta|83\/100 tox|[from] psn\n|-end|p1b: Armarouge|move: Taunt\n|upkeep\n|turn|4\n|inactive|Nicholasthepug has 30 seconds left.\n|\n|t:|1682264410\n|move|p2b: Dino|Protect|p2b: Dino\n|-singleturn|p2b: Dino|Protect\n|move|p1b: Armarouge|Expanding Force|p2b: Dino|[spread] \n|-miss|p1b: Armarouge|p2a: Delta\n|-activate|p2b: Dino|move: Protect\n|move|p1a: Iron Hands|Wild Charge|p2a: Delta|[miss]\n|-miss|p1a: Iron Hands|p2a: Delta\n|\n|-heal|p2b: Dino|45\/100|[from] item: Leftovers\n|-damage|p2a: Delta|66\/100 tox|[from] psn\n|-end|p1b: Armarouge|move: Yawn|[silent]\n|-status|p1b: Armarouge|slp\n|upkeep\n|turn|5\n|inactive|Nicholasthepug has 30 seconds left.\n|inactive|Nicholasthepug has 20 seconds left.\n|\n|t:|1682264449\n|move|p2b: Dino|Yawn|p1a: Iron Hands\n|-start|p1a: Iron Hands|move: Yawn|[of] p2b: Dino\n|cant|p1b: Armarouge|slp\n|move|p1a: Iron Hands|Wild Charge|p2b: Dino\n|-supereffective|p2b: Dino\n|-damage|p2b: Dino|19\/100\n|-damage|p1a: Iron Hands|93\/100|[from] Recoil\n|\n|-heal|p2b: Dino|25\/100|[from] item: Leftovers\n|-damage|p2a: Delta|43\/100 tox|[from] psn\n|-fieldend|move: Psychic Terrain\n|upkeep\n|turn|6\n|inactive|Nicholasthepug has 30 seconds left.\n|inactive|Nicholasthepug has 20 seconds left.\n|inactive|Nicholasthepug has 15 seconds left.\n|\n|t:|1682264494\n|move|p2b: Dino|Protect|p2b: Dino\n|-singleturn|p2b: Dino|Protect\n|-curestatus|p1b: Armarouge|slp|[msg]\n|move|p1b: Armarouge|Expanding Force|p2a: Delta|[miss]\n|-miss|p1b: Armarouge|p2a: Delta\n|move|p1a: Iron Hands|Wild Charge|p2b: Dino\n|-activate|p2b: Dino|move: Protect\n|\n|-heal|p2b: Dino|31\/100|[from] item: Leftovers\n|-damage|p2a: Delta|15\/100 tox|[from] psn\n|-end|p1a: Iron Hands|move: Yawn|[silent]\n|-status|p1a: Iron Hands|slp\n|upkeep\n|turn|7\n|inactive|Nicholasthepug has 30 seconds left.\n|\n|t:|1682264521\n|move|p2b: Dino|Yawn|p1b: Armarouge\n|-start|p1b: Armarouge|move: Yawn|[of] p2b: Dino\n|move|p1b: Armarouge|Expanding Force|p2a: Delta|[miss]\n|-miss|p1b: Armarouge|p2a: Delta\n|cant|p1a: Iron Hands|slp\n|\n|-heal|p2b: Dino|37\/100|[from] item: Leftovers\n|-damage|p2a: Delta|0 fnt|[from] psn\n|faint|p2a: Delta\n|upkeep\n|\n|t:|1682264525\n|switch|p2a: Amigo|Flamigo, L50, M|100\/100\n|-copyboost|p2a: Amigo|p2b: Dino|[from] ability: Costar\n|turn|8\n|inactive|Nicholasthepug has 30 seconds left.\n|\n|t:|1682264557\n|move|p2a: Amigo|Brave Bird|p1a: Iron Hands\n|-damage|p1a: Iron Hands|15\/100 slp\n|-damage|p2a: Amigo|61\/100|[from] Recoil\n|move|p2b: Dino|Order Up|p1b: Armarouge\n|-damage|p1b: Armarouge|34\/100\n|-boost|p2b: Dino|atk|1\n|move|p1b: Armarouge|Armor Cannon|p2b: Dino\n|-resisted|p2b: Dino\n|-damage|p2b: Dino|15\/100\n|-unboost|p1b: Armarouge|def|1\n|-unboost|p1b: Armarouge|spd|1\n|-damage|p1b: Armarouge|24\/100|[from] item: Life Orb\n|cant|p1a: Iron Hands|slp\n|\n|-heal|p2b: Dino|22\/100|[from] item: Leftovers\n|-end|p1b: Armarouge|move: Yawn|[silent]\n|-status|p1b: Armarouge|slp\n|upkeep\n|turn|9\n|inactive|Nicholasthepug has 30 seconds left.\n|\n|t:|1682264583\n|-end|p1a: Iron Hands|Quark Drive|[silent]\n|switch|p1a: Indeedee|Indeedee-F, L50, F|100\/100\n|-fieldstart|move: Psychic Terrain|[from] ability: Psychic Surge|[of] p1a: Indeedee\n|cant|p1b: Armarouge|slp\n|move|p2a: Amigo|Throat Chop|p1b: Armarouge\n|-supereffective|p1b: Armarouge\n|-damage|p1b: Armarouge|0 fnt\n|faint|p1b: Armarouge\n|move|p2b: Dino|Order Up|p1a: Indeedee\n|-damage|p1a: Indeedee|51\/100\n|-boost|p2b: Dino|atk|1\n|\n|-heal|p2b: Dino|28\/100|[from] item: Leftovers\n|upkeep\n|\n|t:|1682264600\n|switch|p1b: Iron Bundle|Iron Bundle, L50|100\/100\n|-enditem|p1b: Iron Bundle|Booster Energy\n|-activate|p1b: Iron Bundle|ability: Quark Drive|[fromitem]\n|-start|p1b: Iron Bundle|quarkdrivespe\n|turn|10\n|\n|t:|1682264628\n|move|p1a: Indeedee|Helping Hand|p1b: Iron Bundle\n|-singleturn|p1b: Iron Bundle|Helping Hand|[of] p1a: Indeedee\n|move|p2a: Amigo|Close Combat|p1b: Iron Bundle\n|-supereffective|p1b: Iron Bundle\n|-damage|p1b: Iron Bundle|0 fnt\n|-unboost|p2a: Amigo|def|1\n|-unboost|p2a: Amigo|spd|1\n|faint|p1b: Iron Bundle\n|-end|p1b: Iron Bundle|Quark Drive|[silent]\n|move|p2b: Dino|Order Up|p1a: Indeedee\n|-damage|p1a: Indeedee|0 fnt\n|faint|p1a: Indeedee\n|-boost|p2b: Dino|atk|1\n|\n|-heal|p2b: Dino|34\/100|[from] item: Leftovers\n|upkeep\n|\n|t:|1682264639\n|switch|p1a: Iron Hands|Iron Hands, L50|15\/100 slp\n|turn|11\n|\n|t:|1682264651\n|-terastallize|p1a: Iron Hands|Grass\n|move|p2a: Amigo|Brave Bird|p1a: Iron Hands\n|-supereffective|p1a: Iron Hands\n|-damage|p1a: Iron Hands|0 fnt\n|faint|p1a: Iron Hands\n|-end|p1a: Iron Hands|Quark Drive|[silent]\n|-damage|p2a: Amigo|53\/100|[from] Recoil\n|\n|win|Zyro Pegasi\n|raw|Nicholasthepug's rating: 1029 → 1015<\/strong> (-14 for losing)\n|raw|Zyro Pegasi's rating: 1039 → 1072<\/strong> (+33 for winning)\n|l|\u2606Nicholasthepug\n","uploadtime":1682264679,"views":8,"p1id":"nicholasthepug","p2id":"zyropegasi","formatid":"gen9vgc2023regulationc","rating":1015,"private":0,"password":""}