{"id":"gen9vgc2023regulationc-1861014634","p1":"brutalandathebozz","p2":"D-scNSe","format":"[Gen 9] VGC 2023 Regulation C","log":"|j|\u2606brutalandathebozz\n|j|\u2606D-scNSe\n|t:|1683714569\n|gametype|doubles\n|player|p1|brutalandathebozz|266|1380\n|player|p2|D-scNSe|169|1355\n|teamsize|p1|6\n|teamsize|p2|6\n|gen|9\n|tier|[Gen 9] VGC 2023 Regulation C\n|rated|\n|rule|Species Clause: Limit one of each Pok\u00e9mon\n|rule|Item Clause: Limit one of each item\n|clearpoke\n|poke|p1|Roaring Moon, L50|\n|poke|p1|Gholdengo, L50|\n|poke|p1|Iron Bundle, L50|\n|poke|p1|Arcanine, L50, F|\n|poke|p1|Amoonguss, L50, M|\n|poke|p1|Iron Hands, L50|\n|poke|p2|Flutter Mane, L50|\n|poke|p2|Ting-Lu, L50|\n|poke|p2|Maushold-Four, L50|\n|poke|p2|Annihilape, L50, F|\n|poke|p2|Iron Bundle, L50|\n|poke|p2|Arcanine, L50, M|\n|teampreview|4\n|inactive|Battle timer is ON: inactive players will automatically lose when time's up. (requested by brutalandathebozz)\nbrutalandathebozz has agreed to open team sheets.\n|inactive|brutalandathebozz has 60 seconds left.\n|inactive|D-scNSe has 60 seconds left.\nD-scNSe rejected open team sheets.\n|inactive|brutalandathebozz has 30 seconds left.\n|inactive|brutalandathebozz has 20 seconds left.\n|inactive|brutalandathebozz has 15 seconds left.\n|\n|t:|1683714647\n|start\n|switch|p1a: Gholdengo|Gholdengo, L50|100\/100\n|switch|p1b: Amoonguss|Amoonguss, L50, M|100\/100\n|switch|p2a: Maushold|Maushold-Four, L50|100\/100\n|switch|p2b: Annihilape|Annihilape, L50, F|100\/100\n|turn|1\n|inactive|D-scNSe has 30 seconds left.\n|\n|t:|1683714674\n|-terastallize|p1a: Gholdengo|Water\n|-terastallize|p2b: Annihilape|Fire\n|move|p2a: Maushold|Follow Me|p2a: Maushold\n|-singleturn|p2a: Maushold|move: Follow Me\n|move|p1a: Gholdengo|Nasty Plot|p1a: Gholdengo\n|-boost|p1a: Gholdengo|spa|2\n|move|p2b: Annihilape|Rage Fist|p1b: Amoonguss\n|-damage|p1b: Amoonguss|79\/100\n|move|p1b: Amoonguss|Spore|p2a: Maushold\n|-activate|p2a: Maushold|item: Safety Goggles|Spore\n|\n|upkeep\n|turn|2\n|inactive|brutalandathebozz has 30 seconds left.\n|inactive|brutalandathebozz has 20 seconds left.\n|inactive|brutalandathebozz has 15 seconds left.\n|inactive|brutalandathebozz has 10 seconds left.\n|inactive|brutalandathebozz has 5 seconds left.\n|\n|t:|1683714729\n|move|p2a: Maushold|Beat Up|p2b: Annihilape\n|-damage|p2b: Annihilape|99\/100\n|-damage|p2b: Annihilape|96\/100\n|-damage|p2b: Annihilape|94\/100\n|-damage|p2b: Annihilape|92\/100\n|-hitcount|p2b: Annihilape|4\n|move|p1a: Gholdengo|Make It Rain|p2a: Maushold|[spread] p2a,p2b\n|-resisted|p2b: Annihilape\n|-damage|p2a: Maushold|0 fnt\n|-damage|p2b: Annihilape|46\/100\n|-unboost|p1a: Gholdengo|spa|1\n|faint|p2a: Maushold\n|-damage|p1a: Gholdengo|91\/100|[from] item: Life Orb\n|move|p2b: Annihilape|Rage Fist|p1b: Amoonguss\n|-damage|p1b: Amoonguss|0 fnt\n|faint|p1b: Amoonguss\n|\n|-heal|p2b: Annihilape|52\/100|[from] item: Leftovers\n|upkeep\n|inactive|brutalandathebozz has 30 seconds left.\n|inactive|D-scNSe has 30 seconds left.\n|inactive|brutalandathebozz has 20 seconds left.\n|inactive|brutalandathebozz has 15 seconds left.\n|inactive|brutalandathebozz has 10 seconds left.\n|inactive|brutalandathebozz has 5 seconds left.\n|\n|t:|1683714784\n|switch|p2a: Arcanine|Arcanine, L50, M|100\/100\n|switch|p1b: Arcanine|Arcanine, L50, F|100\/100\n|-ability|p1b: Arcanine|Intimidate|boost\n|-unboost|p2a: Arcanine|atk|1\n|-unboost|p2b: Annihilape|atk|1\n|-ability|p2b: Annihilape|Defiant|boost\n|-boost|p2b: Annihilape|atk|2\n|-ability|p2a: Arcanine|Intimidate|boost\n|-unboost|p1a: Gholdengo|atk|1\n|-unboost|p1b: Arcanine|atk|1\n|turn|3\n|inactive|brutalandathebozz has 30 seconds left.\n|\n|t:|1683714813\n|switch|p1b: Roaring Moon|Roaring Moon, L50|100\/100\n|-enditem|p1b: Roaring Moon|Booster Energy\n|-activate|p1b: Roaring Moon|ability: Protosynthesis|[fromitem]\n|-start|p1b: Roaring Moon|protosynthesisatk\n|move|p1a: Gholdengo|Protect|p1a: Gholdengo\n|-singleturn|p1a: Gholdengo|Protect\n|move|p2b: Annihilape|Protect|p2b: Annihilape\n|-singleturn|p2b: Annihilape|Protect\n|move|p2a: Arcanine|Snarl|p1b: Roaring Moon|[spread] p1b\n|-activate|p1a: Gholdengo|move: Protect\n|-resisted|p1b: Roaring Moon\n|-damage|p1b: Roaring Moon|96\/100\n|-unboost|p1b: Roaring Moon|spa|1\n|\n|-heal|p2b: Annihilape|58\/100|[from] item: Leftovers\n|upkeep\n|turn|4\n|\n|t:|1683714833\n|move|p1b: Roaring Moon|Acrobatics|p2b: Annihilape\n|-damage|p2b: Annihilape|6\/100\n|move|p1a: Gholdengo|Nasty Plot|p1a: Gholdengo\n|-boost|p1a: Gholdengo|spa|2\n|move|p2a: Arcanine|Snarl|p1a: Gholdengo|[spread] p1a,p1b\n|-resisted|p1b: Roaring Moon\n|-damage|p1a: Gholdengo|82\/100\n|-damage|p1b: Roaring Moon|92\/100\n|-unboost|p1a: Gholdengo|spa|1\n|-unboost|p1b: Roaring Moon|spa|1\n|move|p2b: Annihilape|Drain Punch|p1b: Roaring Moon\n|-supereffective|p1b: Roaring Moon\n|-damage|p1b: Roaring Moon|0 fnt\n|-heal|p2b: Annihilape|44\/100|[from] drain|[of] p1b: Roaring Moon\n|faint|p1b: Roaring Moon\n|-end|p1b: Roaring Moon|Protosynthesis|[silent]\n|\n|-heal|p2b: Annihilape|50\/100|[from] item: Leftovers\n|upkeep\n|\n|t:|1683714837\n|switch|p1b: Arcanine|Arcanine, L50, F|100\/100\n|-ability|p1b: Arcanine|Intimidate|boost\n|-unboost|p2a: Arcanine|atk|1\n|-unboost|p2b: Annihilape|atk|1\n|-ability|p2b: Annihilape|Defiant|boost\n|-boost|p2b: Annihilape|atk|2\n|turn|5\n|\n|t:|1683714857\n|move|p1b: Arcanine|Protect|p1b: Arcanine\n|-singleturn|p1b: Arcanine|Protect\n|move|p2b: Annihilape|Protect|p2b: Annihilape\n|-singleturn|p2b: Annihilape|Protect\n|move|p1a: Gholdengo|Make It Rain|p2b: Annihilape|[spread] p2a\n|-activate|p2b: Annihilape|move: Protect\n|-resisted|p2a: Arcanine\n|-damage|p2a: Arcanine|33\/100\n|-unboost|p1a: Gholdengo|spa|1\n|-enditem|p2a: Arcanine|Sitrus Berry|[eat]\n|-heal|p2a: Arcanine|58\/100|[from] item: Sitrus Berry\n|-damage|p1a: Gholdengo|72\/100|[from] item: Life Orb\n|move|p2a: Arcanine|Snarl|p1b: Arcanine|[spread] p1a\n|-activate|p1b: Arcanine|move: Protect\n|-damage|p1a: Gholdengo|63\/100\n|-unboost|p1a: Gholdengo|spa|1\n|\n|-heal|p2b: Annihilape|56\/100|[from] item: Leftovers\n|upkeep\n|turn|6\n|inactive|D-scNSe has 30 seconds left.\n|\n|t:|1683714884\n|move|p1b: Arcanine|Extreme Speed|p2b: Annihilape\n|-damage|p2b: Annihilape|36\/100\n|move|p1a: Gholdengo|Shadow Ball|p2b: Annihilape\n|-crit|p2b: Annihilape\n|-damage|p2b: Annihilape|0 fnt\n|faint|p2b: Annihilape\n|-damage|p1a: Gholdengo|54\/100|[from] item: Life Orb\n|move|p2a: Arcanine|Snarl|p1a: Gholdengo|[spread] p1a,p1b\n|-damage|p1a: Gholdengo|45\/100\n|-damage|p1b: Arcanine|90\/100\n|-unboost|p1a: Gholdengo|spa|1\n|-unboost|p1b: Arcanine|spa|1\n|\n|upkeep\n|\n|t:|1683714896\n|switch|p2b: Flutter Mane|Flutter Mane, L50|100\/100\n|-enditem|p2b: Flutter Mane|Booster Energy\n|-activate|p2b: Flutter Mane|ability: Protosynthesis|[fromitem]\n|-start|p2b: Flutter Mane|protosynthesisspe\n|turn|7\n|\n|t:|1683714907\n|move|p2b: Flutter Mane|Protect|p2b: Flutter Mane\n|-singleturn|p2b: Flutter Mane|Protect\n|move|p1a: Gholdengo|Protect|p1a: Gholdengo\n|-singleturn|p1a: Gholdengo|Protect\n|move|p1b: Arcanine|Flare Blitz|p2b: Flutter Mane\n|-activate|p2b: Flutter Mane|move: Protect\n|move|p2a: Arcanine|Snarl|p1a: Gholdengo|[spread] p1b\n|-activate|p1a: Gholdengo|move: Protect\n|-damage|p1b: Arcanine|80\/100\n|-unboost|p1b: Arcanine|spa|1\n|\n|upkeep\n|turn|8\n|inactive|D-scNSe has 30 seconds left.\n|\n|t:|1683714939\n|move|p2b: Flutter Mane|Thunderbolt|p1a: Gholdengo\n|-supereffective|p1a: Gholdengo\n|-damage|p1a: Gholdengo|0 fnt\n|faint|p1a: Gholdengo\n|move|p1b: Arcanine|Flare Blitz|p2b: Flutter Mane\n|-damage|p2b: Flutter Mane|6\/100\n|-damage|p1b: Arcanine|56\/100|[from] Recoil\n|move|p2a: Arcanine|Snarl|p1b: Arcanine\n|-damage|p1b: Arcanine|43\/100\n|-unboost|p1b: Arcanine|spa|1\n|\n|upkeep\n|turn|9\n|\n|t:|1683714959\n|move|p2b: Flutter Mane|Protect|p2b: Flutter Mane\n|-singleturn|p2b: Flutter Mane|Protect\n|move|p1b: Arcanine|Flare Blitz|p2b: Flutter Mane\n|-activate|p2b: Flutter Mane|move: Protect\n|move|p2a: Arcanine|Snarl|p1b: Arcanine\n|-damage|p1b: Arcanine|30\/100\n|-unboost|p1b: Arcanine|spa|1\n|\n|upkeep\n|turn|10\n|-message|brutalandathebozz forfeited.\n|\n|win|D-scNSe\n|raw|brutalandathebozz's rating: 1380 → 1359<\/strong> (-21 for losing)\n|raw|D-scNSe's rating: 1355 → 1376<\/strong> (+21 for winning)\n|l|\u2606brutalandathebozz\n","uploadtime":1683714975,"views":17,"p1id":"brutalandathebozz","p2id":"dscnse","formatid":"gen9vgc2023regulationc","rating":1359,"private":0,"password":""}