{"id":"gen9vgc2023regulationc-1845356601","p1":"jcjfkrfrfkt","p2":"Steakman5","format":"[Gen 9] VGC 2023 Regulation C","log":"|j|\u2606jcjfkrfrfkt\n|j|\u2606Steakman5\n|t:|1681720871\n|gametype|doubles\n|player|p1|jcjfkrfrfkt|iris-gen5bw2|1148\n|player|p2|Steakman5|swimmer-gen4|1115\n|teamsize|p1|6\n|teamsize|p2|6\n|gen|9\n|tier|[Gen 9] VGC 2023 Regulation C\n|rated|\n|rule|Species Clause: Limit one of each Pok\u00e9mon\n|rule|Item Clause: Limit one of each item\n|clearpoke\n|poke|p1|Orthworm, L50, F|\n|poke|p1|Ting-Lu, L50|\n|poke|p1|Great Tusk, L50|\n|poke|p1|Flutter Mane, L50|\n|poke|p1|Iron Hands, L50|\n|poke|p1|Chi-Yu, L50|\n|poke|p2|Chi-Yu, L50|\n|poke|p2|Palafin, L50, F|\n|poke|p2|Maushold-Four, L50|\n|poke|p2|Annihilape, L50, M|\n|poke|p2|Brute Bonnet, L50|\n|poke|p2|Flutter Mane, L50|\n|teampreview|4\n|inactive|Battle timer is ON: inactive players will automatically lose when time's up. (requested by jcjfkrfrfkt)\njcjfkrfrfkt rejected open team sheets.\n|\n|t:|1681720917\n|start\n|switch|p1a: Great Tusk|Great Tusk, L50|100\/100\n|switch|p1b: Orthworm|Orthworm, L50, F|100\/100\n|switch|p2a: Palafin|Palafin, L50, F|100\/100\n|switch|p2b: Maushold|Maushold-Four, L50|100\/100\n|turn|1\n|\n|t:|1681720930\n|detailschange|p2a: Palafin|Palafin-Hero, L50, F\n|switch|p2a: Annihilape|Annihilape, L50, M|100\/100\n|move|p1a: Great Tusk|Headlong Rush|p2b: Maushold\n|-damage|p2b: Maushold|14\/100\n|-unboost|p1a: Great Tusk|def|1\n|-unboost|p1a: Great Tusk|spd|1\n|move|p2b: Maushold|Beat Up|p2a: Annihilape\n|-damage|p2a: Annihilape|98\/100\n|-damage|p2a: Annihilape|96\/100\n|-damage|p2a: Annihilape|93\/100\n|-damage|p2a: Annihilape|91\/100\n|-hitcount|p2a: Annihilape|4\n|move|p1b: Orthworm|Shed Tail|p1b: Orthworm\n|-start|p1b: Orthworm|Substitute|[from] move: Shed Tail\n|-damage|p1b: Orthworm|50\/100\n|-enditem|p1b: Orthworm|Sitrus Berry|[eat]\n|-heal|p1b: Orthworm|75\/100|[from] item: Sitrus Berry\n|\n|t:|1681720942\n|switch|p1b: Flutter Mane|Flutter Mane, L50|100\/100|[from] Shed Tail\n|\n|upkeep\n|turn|2\n|\n|t:|1681720958\n|-terastallize|p2a: Annihilape|Water\n|move|p2b: Maushold|Follow Me|p2b: Maushold\n|-singleturn|p2b: Maushold|move: Follow Me\n|move|p1a: Great Tusk|Headlong Rush|p2b: Maushold\n|-damage|p2b: Maushold|0 fnt\n|-unboost|p1a: Great Tusk|def|1\n|-unboost|p1a: Great Tusk|spd|1\n|faint|p2b: Maushold\n|move|p1b: Flutter Mane|Calm Mind|p1b: Flutter Mane\n|-boost|p1b: Flutter Mane|spa|1\n|-boost|p1b: Flutter Mane|spd|1\n|move|p2a: Annihilape|Drain Punch|p1a: Great Tusk\n|-damage|p1a: Great Tusk|46\/100\n|-heal|p2a: Annihilape|100\/100|[from] drain|[of] p1a: Great Tusk\n|\n|upkeep\n|\n|t:|1681720973\n|switch|p2b: Palafin|Palafin-Hero, L50, F|100\/100\n|-activate|p2b: Palafin|ability: Zero to Hero\n|turn|3\n|\n|t:|1681720986\n|move|p2b: Palafin|Jet Punch|p1a: Great Tusk\n|-supereffective|p1a: Great Tusk\n|-damage|p1a: Great Tusk|0 fnt\n|faint|p1a: Great Tusk\n|-end|p1a: Great Tusk|Protosynthesis|[silent]\n|move|p1b: Flutter Mane|Shadow Ball|p2a: Annihilape\n|-damage|p2a: Annihilape|44\/100\n|move|p2a: Annihilape|Rage Fist|p1b: Flutter Mane\n|-supereffective|p1b: Flutter Mane\n|-end|p1b: Flutter Mane|Substitute\n|\n|upkeep\n|\n|t:|1681720992\n|switch|p1a: Orthworm|Orthworm, L50, F|75\/100\n|turn|4\n|\n|t:|1681721003\n|switch|p1a: Chi-Yu|Chi-Yu, L50|100\/100\n|-ability|p1a: Chi-Yu|Beads of Ruin\n|-terastallize|p1b: Flutter Mane|Water\n|move|p2a: Annihilape|Protect|p2a: Annihilape\n|-singleturn|p2a: Annihilape|Protect\n|move|p2b: Palafin|Jet Punch|p1b: Flutter Mane\n|-resisted|p1b: Flutter Mane\n|-damage|p1b: Flutter Mane|68\/100\n|move|p1b: Flutter Mane|Shadow Ball|p2a: Annihilape\n|-activate|p2a: Annihilape|move: Protect\n|\n|-heal|p1b: Flutter Mane|74\/100|[from] item: Leftovers\n|upkeep\n|turn|5\n|inactive|jcjfkrfrfkt has 30 seconds left.\n|inactive|Steakman5 has 30 seconds left.\n|\n|t:|1681721038\n|move|p2a: Annihilape|Protect||[still]\n|-fail|p2a: Annihilape\n|move|p2b: Palafin|Jet Punch|p1a: Chi-Yu\n|-supereffective|p1a: Chi-Yu\n|-damage|p1a: Chi-Yu|0 fnt\n|faint|p1a: Chi-Yu\n|move|p1b: Flutter Mane|Shadow Ball|p2a: Annihilape\n|-damage|p2a: Annihilape|0 fnt\n|faint|p2a: Annihilape\n|\n|-heal|p1b: Flutter Mane|79\/100|[from] item: Leftovers\n|upkeep\n|\n|t:|1681721046\n|switch|p1a: Orthworm|Orthworm, L50, F|75\/100\n|switch|p2a: Chi-Yu|Chi-Yu, L50|100\/100\n|-ability|p2a: Chi-Yu|Beads of Ruin\n|turn|6\n|\n|t:|1681721067\n|move|p2a: Chi-Yu|Heat Wave|p1a: Orthworm|[spread] p1b\n|-miss|p2a: Chi-Yu|p1a: Orthworm\n|-resisted|p1b: Flutter Mane\n|-damage|p1b: Flutter Mane|63\/100\n|move|p1b: Flutter Mane|Dazzling Gleam|p2b: Palafin|[spread] p2a,p2b\n|-damage|p2a: Chi-Yu|49\/100\n|-damage|p2b: Palafin|38\/100\n|move|p2b: Palafin|Wave Crash|p1b: Flutter Mane\n|-resisted|p1b: Flutter Mane\n|-damage|p1b: Flutter Mane|4\/100\n|-damage|p2b: Palafin|25\/100|[from] Recoil\n|move|p1a: Orthworm|Shed Tail|p1a: Orthworm\n|-fail|p1a: Orthworm\n|\n|-heal|p1b: Flutter Mane|10\/100|[from] item: Leftovers\n|upkeep\n|turn|7\n|\n|t:|1681721083\n|move|p1b: Flutter Mane|Protect|p1b: Flutter Mane\n|-singleturn|p1b: Flutter Mane|Protect\n|move|p2b: Palafin|Jet Punch|p1b: Flutter Mane\n|-activate|p1b: Flutter Mane|move: Protect\n|move|p2a: Chi-Yu|Heat Wave|p1a: Orthworm|[spread] p1a\n|-activate|p1b: Flutter Mane|move: Protect\n|-supereffective|p1a: Orthworm\n|-damage|p1a: Orthworm|0 fnt\n|faint|p1a: Orthworm\n|\n|-heal|p1b: Flutter Mane|15\/100|[from] item: Leftovers\n|upkeep\n|turn|8\n|-message|jcjfkrfrfkt forfeited.\n|\n|win|Steakman5\n|raw|jcjfkrfrfkt's rating: 1148 → 1121<\/strong> (-27 for losing)\n|raw|Steakman5's rating: 1115 → 1142<\/strong> (+27 for winning)\n|l|\u2606jcjfkrfrfkt\n","uploadtime":1681721100,"views":16,"p1id":"jcjfkrfrfkt","p2id":"steakman5","formatid":"gen9vgc2023regulationc","rating":1121,"private":0,"password":""}