{"id":"gen9vgc2023regulationc-1845207075","p1":"Galahad Excalibur","p2":"Darkskin gawd","format":"[Gen 9] VGC 2023 Regulation C","log":"|j|\u2606Galahad Excalibur\n|j|\u2606Darkskin gawd\n|t:|1681696388\n|gametype|doubles\n|player|p1|Galahad Excalibur|richboy-gen4|\n|player|p2|Darkskin gawd|169|\n|teamsize|p1|6\n|teamsize|p2|6\n|gen|9\n|tier|[Gen 9] VGC 2023 Regulation C\n|rule|Species Clause: Limit one of each Pok\u00e9mon\n|rule|Item Clause: Limit one of each item\n|clearpoke\n|poke|p1|Ting-Lu, L50|\n|poke|p1|Iron Hands, L50|\n|poke|p1|Bronzong, L50|\n|poke|p1|Annihilape, L50, F|\n|poke|p1|Kingambit, L50, M|\n|poke|p1|Amoonguss, L50, F|\n|poke|p2|Iron Hands, L50|\n|poke|p2|Dragonite, L50, F|\n|poke|p2|Iron Bundle, L50|\n|poke|p2|Ting-Lu, L50|\n|poke|p2|Maushold-Four, L50|\n|poke|p2|Dragapult, L50, F|\n|teampreview|4\n|inactive|Battle timer is ON: inactive players will automatically lose when time's up. (requested by Galahad Excalibur)\n|inactive|Darkskin gawd has 60 seconds left.\n|\n|t:|1681696432\n|start\n|switch|p1a: Annihilape|Annihilape, L50, F|100\/100\n|switch|p1b: Bronzong|Bronzong, L50|100\/100\n|switch|p2a: Ting-Lu|Ting-Lu, L50|100\/100\n|switch|p2b: Maushold|Maushold-Four, L50|100\/100\n|-ability|p2a: Ting-Lu|Vessel of Ruin\n|turn|1\n|\n|t:|1681696457\n|move|p1a: Annihilape|Final Gambit|p2b: Maushold\n|-enditem|p2b: Maushold|Focus Sash\n|-damage|p2b: Maushold|1\/100\n|faint|p1a: Annihilape\n|move|p2b: Maushold|Thunder Wave|p1b: Bronzong\n|-status|p1b: Bronzong|par\n|move|p2a: Ting-Lu|Fissure|p1b: Bronzong\n|-immune|p1b: Bronzong|[from] ability: Levitate\n|move|p1b: Bronzong|Trick Room|p1b: Bronzong\n|-fieldstart|move: Trick Room|[of] p1b: Bronzong\n|\n|upkeep\n|\n|t:|1681696473\n|switch|p1a: Kingambit|Kingambit, L50, M|100\/100\n|turn|2\n|\n|t:|1681696487\n|move|p2b: Maushold|Protect|p2b: Maushold\n|-singleturn|p2b: Maushold|Protect\n|move|p1b: Bronzong|Iron Defense|p1b: Bronzong\n|-boost|p1b: Bronzong|def|2\n|move|p1a: Kingambit|Iron Head|p2b: Maushold\n|-activate|p2b: Maushold|move: Protect\n|move|p2a: Ting-Lu|Stomping Tantrum|p1a: Kingambit\n|-supereffective|p1a: Kingambit\n|-damage|p1a: Kingambit|0 fnt\n|faint|p1a: Kingambit\n|\n|upkeep\n|\n|t:|1681696499\n|switch|p1a: Amoonguss|Amoonguss, L50, F|100\/100\n|turn|3\n|inactive|Darkskin gawd has 30 seconds left.\n|\n|t:|1681696526\n|move|p1b: Bronzong|Iron Defense|p1b: Bronzong\n|-boost|p1b: Bronzong|def|2\n|move|p1a: Amoonguss|Spore|p2a: Ting-Lu\n|-status|p2a: Ting-Lu|slp|[from] move: Spore\n|cant|p2a: Ting-Lu|slp\n|move|p2b: Maushold|Super Fang|p1b: Bronzong\n|-damage|p1b: Bronzong|50\/100 par\n|\n|upkeep\n|turn|4\n|inactive|Darkskin gawd has 30 seconds left.\n|inactive|Darkskin gawd has 20 seconds left.\n|inactive|Darkskin gawd has 15 seconds left.\n|inactive|Darkskin gawd has 10 seconds left.\n|\n|t:|1681696572\n|move|p2b: Maushold|Protect|p2b: Maushold\n|-singleturn|p2b: Maushold|Protect\n|move|p1b: Bronzong|Body Press|p2a: Ting-Lu\n|-supereffective|p2a: Ting-Lu\n|-damage|p2a: Ting-Lu|27\/100 slp\n|move|p1a: Amoonguss|Spore|p2b: Maushold\n|-activate|p2b: Maushold|move: Protect\n|cant|p2a: Ting-Lu|slp\n|\n|upkeep\n|turn|5\n|inactive|Darkskin gawd has 30 seconds left.\n|inactive|Darkskin gawd has 20 seconds left.\n|\n|t:|1681696610\n|switch|p2a: Dragonite|Dragonite, L50, F|100\/100\n|move|p2b: Maushold|Follow Me|p2b: Maushold\n|-singleturn|p2b: Maushold|move: Follow Me\n|move|p1b: Bronzong|Body Press|p2b: Maushold\n|-supereffective|p2b: Maushold\n|-damage|p2b: Maushold|0 fnt\n|faint|p2b: Maushold\n|move|p1a: Amoonguss|Pollen Puff|p1b: Bronzong\n|-heal|p1b: Bronzong|100\/100 par\n|\n|-fieldend|move: Trick Room\n|upkeep\n|\n|t:|1681696631\n|switch|p2b: Iron Hands|Iron Hands, L50|100\/100\n|turn|6\n|\n|t:|1681696656\n|move|p2b: Iron Hands|Fake Out|p1a: Amoonguss\n|-damage|p1a: Amoonguss|86\/100\n|move|p1a: Amoonguss|Rage Powder|p1a: Amoonguss\n|-singleturn|p1a: Amoonguss|move: Rage Powder\n|move|p2a: Dragonite|Low Kick|p1a: Amoonguss\n|-resisted|p1a: Amoonguss\n|-damage|p1a: Amoonguss|78\/100\n|move|p1b: Bronzong|Trick Room|p1b: Bronzong\n|-fieldstart|move: Trick Room|[of] p1b: Bronzong\n|\n|upkeep\n|turn|7\n|inactive|Galahad Excalibur has 30 seconds left.\n|inactive|Darkskin gawd has 30 seconds left.\n|\n|t:|1681696690\n|-terastallize|p1b: Bronzong|Electric\n|-terastallize|p2a: Dragonite|Flying\n|move|p1b: Bronzong|Body Press|p2b: Iron Hands\n|-damage|p2b: Iron Hands|51\/100\n|move|p1a: Amoonguss|Spore|p2b: Iron Hands\n|-status|p2b: Iron Hands|slp|[from] move: Spore\n|cant|p2b: Iron Hands|slp\n|move|p2a: Dragonite|Tera Blast|p1a: Amoonguss\n|-supereffective|p1a: Amoonguss\n|-damage|p1a: Amoonguss|0 fnt\n|faint|p1a: Amoonguss\n|\n|upkeep\n|turn|8\n|inactive|Darkskin gawd has 30 seconds left.\n|\n|t:|1681696725\n|move|p2a: Dragonite|Extreme Speed|p1b: Bronzong\n|-damage|p1b: Bronzong|92\/100 par\n|move|p1b: Bronzong|Bulldoze|p2b: Iron Hands|[spread] p2b\n|-immune|p2a: Dragonite\n|-supereffective|p2b: Iron Hands\n|-damage|p2b: Iron Hands|38\/100 slp\n|-unboost|p2b: Iron Hands|spe|1\n|-enditem|p2b: Iron Hands|Sitrus Berry|[eat]\n|-heal|p2b: Iron Hands|63\/100 slp|[from] item: Sitrus Berry\n|cant|p2b: Iron Hands|slp\n|\n|upkeep\n|turn|9\n|inactive|Darkskin gawd has 30 seconds left.\n|\n|t:|1681696759\n|move|p2a: Dragonite|Extreme Speed|p1b: Bronzong\n|-damage|p1b: Bronzong|84\/100 par\n|move|p1b: Bronzong|Body Press|p2b: Iron Hands\n|-damage|p2b: Iron Hands|11\/100 slp\n|cant|p2b: Iron Hands|slp\n|\n|upkeep\n|turn|10\n|\n|t:|1681696782\n|move|p2a: Dragonite|Extreme Speed|p1b: Bronzong\n|-damage|p1b: Bronzong|76\/100 par\n|cant|p1b: Bronzong|flinch\n|-curestatus|p2b: Iron Hands|slp|[msg]\n|move|p2b: Iron Hands|Swords Dance|p2b: Iron Hands\n|-boost|p2b: Iron Hands|atk|2\n|\n|-fieldend|move: Trick Room\n|upkeep\n|turn|11\n|\n|t:|1681696805\n|move|p2a: Dragonite|Extreme Speed|p1b: Bronzong\n|-damage|p1b: Bronzong|69\/100 par\n|move|p2b: Iron Hands|Drain Punch|p1b: Bronzong\n|-damage|p1b: Bronzong|48\/100 par\n|-heal|p2b: Iron Hands|18\/100|[from] drain|[of] p1b: Bronzong\n|move|p1b: Bronzong|Bulldoze|p2a: Dragonite|[spread] p2b\n|-immune|p2a: Dragonite\n|-supereffective|p2b: Iron Hands\n|-damage|p2b: Iron Hands|4\/100\n|-unboost|p2b: Iron Hands|spe|1\n|\n|upkeep\n|turn|12\n|\n|t:|1681696827\n|move|p2a: Dragonite|Extreme Speed|p1b: Bronzong\n|-crit|p1b: Bronzong\n|-damage|p1b: Bronzong|17\/100 par\n|move|p2b: Iron Hands|Drain Punch|p1b: Bronzong\n|-damage|p1b: Bronzong|0 fnt\n|-heal|p2b: Iron Hands|10\/100|[from] drain|[of] p1b: Bronzong\n|faint|p1b: Bronzong\n|\n|win|Darkskin gawd\n","uploadtime":1681696839,"views":13,"p1id":"galahadexcalibur","p2id":"darkskingawd","formatid":"gen9vgc2023regulationc","rating":0,"private":0,"password":""}