{"id":"gen9vgc2023regulationc-1847604889","p1":"cfvygbuhnj","p2":"xdfgdfgh","format":"[Gen 9] VGC 2023 Regulation C","log":"|j|\u2606cfvygbuhnj\n|j|\u2606xdfgdfgh\n|t:|1681980738\n|gametype|doubles\n|player|p1|cfvygbuhnj|hiker-gen4|1082\n|player|p2|xdfgdfgh|2|1092\n|teamsize|p1|6\n|teamsize|p2|6\n|gen|9\n|tier|[Gen 9] VGC 2023 Regulation C\n|rated|\n|rule|Species Clause: Limit one of each Pok\u00e9mon\n|rule|Item Clause: Limit one of each item\n|clearpoke\n|poke|p1|Orthworm, L50, F|\n|poke|p1|Ting-Lu, L50|\n|poke|p1|Flutter Mane, L50|\n|poke|p1|Chien-Pao, L50|\n|poke|p1|Dragonite, L50, M|\n|poke|p1|Gyarados, L50, M|\n|poke|p2|Torkoal, L50, F|\n|poke|p2|Chi-Yu, L50|\n|poke|p2|Bronzong, L50|\n|poke|p2|Gastrodon, L50, F|\n|poke|p2|Grimmsnarl, L50, M|\n|poke|p2|Skeledirge, L50, M|\n|teampreview|4\ncfvygbuhnj has agreed to open team sheets.\n|inactive|Battle timer is ON: inactive players will automatically lose when time's up. (requested by cfvygbuhnj)\n|\n|t:|1681980759\n|start\n|switch|p1a: Orthworm|Orthworm, L50, F|100\/100\n|switch|p1b: Ting-Lu|Ting-Lu, L50|100\/100\n|switch|p2a: Grimmsnarl|Grimmsnarl, L50, M|100\/100\n|switch|p2b: Chi-Yu|Chi-Yu, L50|100\/100\n|-ability|p2b: Chi-Yu|Beads of Ruin\n|-ability|p1b: Ting-Lu|Vessel of Ruin\n|turn|1\n|\n|t:|1681980774\n|-terastallize|p1a: Orthworm|Fire\n|move|p2a: Grimmsnarl|Fake Out|p1b: Ting-Lu\n|-damage|p1b: Ting-Lu|92\/100\n|move|p2b: Chi-Yu|Substitute|p2b: Chi-Yu\n|-start|p2b: Chi-Yu|Substitute\n|-damage|p2b: Chi-Yu|76\/100\n|move|p1a: Orthworm|Body Press|p2b: Chi-Yu\n|-supereffective|p2b: Chi-Yu\n|-end|p2b: Chi-Yu|Substitute\n|cant|p1b: Ting-Lu|flinch\n|\n|upkeep\n|turn|2\n|\n|t:|1681980791\n|move|p2b: Chi-Yu|Protect|p2b: Chi-Yu\n|-singleturn|p2b: Chi-Yu|Protect\n|move|p2a: Grimmsnarl|Trick|p1a: Orthworm\n|-activate|p2a: Grimmsnarl|move: Trick|[of] p1a: Orthworm\n|-item|p1a: Orthworm|Lagging Tail|[from] move: Trick\n|-item|p2a: Grimmsnarl|Sitrus Berry|[from] move: Trick\n|move|p1a: Orthworm|Body Press|p2b: Chi-Yu\n|-activate|p2b: Chi-Yu|move: Protect\n|move|p1b: Ting-Lu|Bulldoze|p2a: Grimmsnarl|[spread] p2a\n|-activate|p2b: Chi-Yu|move: Protect\n|-immune|p1a: Orthworm|[from] ability: Earth Eater\n|-damage|p2a: Grimmsnarl|65\/100\n|-unboost|p2a: Grimmsnarl|spe|1\n|\n|upkeep\n|turn|3\n|\n|t:|1681980806\n|switch|p2b: Bronzong|Bronzong, L50|100\/100\n|move|p1b: Ting-Lu|Bulldoze|p2a: Grimmsnarl|[spread] p2a\n|-immune|p1a: Orthworm|[from] ability: Earth Eater\n|-immune|p2b: Bronzong|[from] ability: Levitate\n|-damage|p2a: Grimmsnarl|26\/100\n|-unboost|p2a: Grimmsnarl|spe|1\n|-enditem|p2a: Grimmsnarl|Sitrus Berry|[eat]\n|-heal|p2a: Grimmsnarl|50\/100|[from] item: Sitrus Berry\n|move|p2a: Grimmsnarl|Spirit Break|p1b: Ting-Lu\n|-supereffective|p1b: Ting-Lu\n|-damage|p1b: Ting-Lu|44\/100\n|-unboost|p1b: Ting-Lu|spa|1\n|move|p1a: Orthworm|Body Press|p2b: Bronzong\n|-damage|p2b: Bronzong|80\/100\n|\n|upkeep\n|turn|4\n|\n|t:|1681980824\n|move|p1b: Ting-Lu|Bulldoze|p2a: Grimmsnarl|[spread] p2a\n|-immune|p1a: Orthworm|[from] ability: Earth Eater\n|-immune|p2b: Bronzong|[from] ability: Levitate\n|-damage|p2a: Grimmsnarl|14\/100\n|-unboost|p2a: Grimmsnarl|spe|1\n|move|p2a: Grimmsnarl|Spirit Break|p1b: Ting-Lu\n|-supereffective|p1b: Ting-Lu\n|-damage|p1b: Ting-Lu|0 fnt\n|faint|p1b: Ting-Lu\n|move|p1a: Orthworm|Shed Tail|p1a: Orthworm\n|-start|p1a: Orthworm|Substitute|[from] move: Shed Tail\n|-damage|p1a: Orthworm|50\/100\n|\n|t:|1681980837\n|switch|p1a: Dragonite|Dragonite, L50, M|100\/100|[from] Shed Tail\n|move|p2b: Bronzong|Trick Room|p2b: Bronzong\n|-fieldstart|move: Trick Room|[of] p2b: Bronzong\n|\n|upkeep\n|\n|t:|1681980843\n|switch|p1b: Orthworm|Orthworm, L50, F, tera:Fire|50\/100\n|turn|5\n|inactive|xdfgdfgh has 30 seconds left.\n|\n|t:|1681980868\n|move|p2a: Grimmsnarl|Sucker Punch|p1a: Dragonite\n|-activate|p1a: Dragonite|move: Substitute|[damage]\n|move|p2b: Bronzong|Iron Head|p1a: Dragonite\n|-end|p1a: Dragonite|Substitute\n|move|p1a: Dragonite|Earthquake|p2a: Grimmsnarl|[spread] p2a\n|-heal|p1b: Orthworm|75\/100|[from] ability: Earth Eater|[of] p1a: Dragonite\n|-immune|p2b: Bronzong|[from] ability: Levitate\n|-damage|p2a: Grimmsnarl|0 fnt\n|faint|p2a: Grimmsnarl\n|move|p1b: Orthworm|Body Press|p2b: Bronzong\n|-damage|p2b: Bronzong|59\/100\n|\n|upkeep\n|\n|t:|1681980877\n|switch|p2a: Skeledirge|Skeledirge, L50, M|100\/100\n|turn|6\n|\n|t:|1681980885\n|-terastallize|p2a: Skeledirge|Fairy\n|move|p2b: Bronzong|Iron Head|p1a: Dragonite\n|-damage|p1a: Dragonite|88\/100\n|move|p2a: Skeledirge|Tera Blast|p1a: Dragonite\n|-supereffective|p1a: Dragonite\n|-damage|p1a: Dragonite|0 fnt\n|faint|p1a: Dragonite\n|move|p1b: Orthworm|Iron Defense|p1b: Orthworm\n|-boost|p1b: Orthworm|def|2\n|\n|upkeep\n|\n|t:|1681980891\n|switch|p1a: Chien-Pao|Chien-Pao, L50|100\/100\n|-ability|p1a: Chien-Pao|Sword of Ruin\n|turn|7\n|\n|t:|1681980898\n|move|p1a: Chien-Pao|Protect|p1a: Chien-Pao\n|-singleturn|p1a: Chien-Pao|Protect\n|move|p2b: Bronzong|Body Press|p1a: Chien-Pao\n|-activate|p1a: Chien-Pao|move: Protect\n|move|p2a: Skeledirge|Encore|p1b: Orthworm\n|-start|p1b: Orthworm|Encore\n|move|p1b: Orthworm|Iron Defense|p1b: Orthworm\n|-boost|p1b: Orthworm|def|2\n|\n|upkeep\n|turn|8\n|-message|cfvygbuhnj forfeited.\n|\n|win|xdfgdfgh\n|raw|cfvygbuhnj's rating: 1082 → 1060<\/strong> (-22 for losing)\n|raw|xdfgdfgh's rating: 1092 → 1117<\/strong> (+25 for winning)\n|l|\u2606cfvygbuhnj\n","uploadtime":1681980909,"views":15,"p1id":"cfvygbuhnj","p2id":"xdfgdfgh","formatid":"gen9vgc2023regulationc","rating":1060,"private":0,"password":""}