{"id":"gen9vgc2023regulationc-1854794687","p1":"thecomplainman","p2":"AceTrainerNite","format":"[Gen 9] VGC 2023 Regulation C","log":"|j|\u2606thecomplainman\n|j|\u2606AceTrainerNite\n|t:|1682866885\n|gametype|doubles\n|player|p1|thecomplainman|unknown|1226\n|player|p2|AceTrainerNite|benga|1196\n|teamsize|p1|6\n|teamsize|p2|6\n|gen|9\n|tier|[Gen 9] VGC 2023 Regulation C\n|rated|\n|rule|Species Clause: Limit one of each Pok\u00e9mon\n|rule|Item Clause: Limit one of each item\n|clearpoke\n|poke|p1|Flutter Mane, L50|\n|poke|p1|Chi-Yu, L50|\n|poke|p1|Maushold-Four, L50|\n|poke|p1|Azumarill, L50, F|\n|poke|p1|Gastrodon, L50, F|\n|poke|p1|Scizor, L50, F|\n|poke|p2|Toxtricity-Low-Key, L50, M|\n|poke|p2|Flutter Mane, L50|\n|poke|p2|Slither Wing, L50|\n|poke|p2|Kingambit, L50, F|\n|poke|p2|Pelipper, L50, M|\n|poke|p2|Drednaw, L50, F|\n|teampreview|4\nAceTrainerNite has agreed to open team sheets.\n|inactive|Battle timer is ON: inactive players will automatically lose when time's up. (requested by AceTrainerNite)\nthecomplainman has agreed to open team sheets.\n|inactive|thecomplainman has 60 seconds left.\n|inactive|AceTrainerNite has 60 seconds left.\n|inactive|thecomplainman has 30 seconds left.\n|inactive|thecomplainman has 20 seconds left.\n|inactive|thecomplainman has 15 seconds left.\n|inactive|thecomplainman has 10 seconds left.\n|inactive|thecomplainman has 5 seconds left.\n|\n|t:|1682866976\n|start\n|switch|p1a: Maushold|Maushold-Four, L50|100\/100\n|switch|p1b: Flutter Mane|Flutter Mane, L50|100\/100\n|switch|p2a: Toxtricity|Toxtricity-Low-Key, L50, M|100\/100\n|switch|p2b: Flutter Mane|Flutter Mane, L50|100\/100\n|-enditem|p2b: Flutter Mane|Booster Energy\n|-activate|p2b: Flutter Mane|ability: Protosynthesis|[fromitem]\n|-start|p2b: Flutter Mane|protosynthesisspe\n|turn|1\n|inactive|AceTrainerNite has 30 seconds left.\n|\n|t:|1682867004\n|move|p1a: Maushold|Follow Me|p1a: Maushold\n|-singleturn|p1a: Maushold|move: Follow Me\n|move|p2b: Flutter Mane|Fake Tears|p1a: Maushold\n|-unboost|p1a: Maushold|spd|2\n|move|p1b: Flutter Mane|Shadow Ball|p2a: Toxtricity\n|-damage|p2a: Toxtricity|6\/100\n|move|p2a: Toxtricity|Overdrive|p1a: Maushold|[spread] p1a,p1b\n|-damage|p1a: Maushold|14\/100\n|-damage|p1b: Flutter Mane|75\/100\n|-enditem|p1a: Maushold|Sitrus Berry|[eat]\n|-heal|p1a: Maushold|39\/100|[from] item: Sitrus Berry\n|-enditem|p2a: Toxtricity|Throat Spray\n|-boost|p2a: Toxtricity|spa|1|[from] item: Throat Spray\n|\n|upkeep\n|turn|2\n|\n|t:|1682867020\n|move|p2a: Toxtricity|Protect|p2a: Toxtricity\n|-singleturn|p2a: Toxtricity|Protect\n|move|p1a: Maushold|Follow Me|p1a: Maushold\n|-singleturn|p1a: Maushold|move: Follow Me\n|move|p2b: Flutter Mane|Icy Wind|p1b: Flutter Mane|[spread] p1a,p1b\n|-crit|p1b: Flutter Mane\n|-damage|p1a: Maushold|13\/100\n|-damage|p1b: Flutter Mane|62\/100\n|-unboost|p1a: Maushold|spe|1\n|-unboost|p1b: Flutter Mane|spe|1\n|move|p1b: Flutter Mane|Shadow Ball|p2a: Toxtricity\n|-activate|p2a: Toxtricity|move: Protect\n|\n|upkeep\n|turn|3\n|\n|t:|1682867033\n|move|p1a: Maushold|Follow Me|p1a: Maushold\n|-singleturn|p1a: Maushold|move: Follow Me\n|move|p2b: Flutter Mane|Icy Wind|p1b: Flutter Mane|[spread] p1a,p1b\n|-damage|p1a: Maushold|0 fnt\n|-damage|p1b: Flutter Mane|54\/100\n|-unboost|p1b: Flutter Mane|spe|1\n|faint|p1a: Maushold\n|move|p2a: Toxtricity|Overdrive|p1b: Flutter Mane\n|-damage|p1b: Flutter Mane|0 fnt\n|faint|p1b: Flutter Mane\n|-end|p1b: Flutter Mane|Protosynthesis|[silent]\n|\n|upkeep\n|\n|t:|1682867039\n|switch|p1b: Azumarill|Azumarill, L50, F|100\/100\n|switch|p1a: Scizor|Scizor, L50, F|100\/100\n|turn|4\n|inactive|AceTrainerNite has 30 seconds left.\n|\n|t:|1682867072\n|move|p2b: Flutter Mane|Protect|p2b: Flutter Mane\n|-singleturn|p2b: Flutter Mane|Protect\n|move|p1a: Scizor|Bullet Punch|p2b: Flutter Mane\n|-activate|p2b: Flutter Mane|move: Protect\n|move|p1b: Azumarill|Aqua Jet|p2a: Toxtricity\n|-damage|p2a: Toxtricity|0 fnt\n|faint|p2a: Toxtricity\n|\n|upkeep\n|inactive|AceTrainerNite has 30 seconds left.\n|inactive|AceTrainerNite has 20 seconds left.\n|\n|t:|1682867109\n|switch|p2a: Drednaw|Drednaw, L50, F|100\/100\n|turn|5\n|\n|t:|1682867126\n|-end|p2b: Flutter Mane|Protosynthesis|[silent]\n|switch|p2b: Pelipper|Pelipper, L50, M|100\/100\n|-weather|RainDance|[from] ability: Drizzle|[of] p2b: Pelipper\n|-terastallize|p2a: Drednaw|Bug\n|-terastallize|p1b: Azumarill|Water\n|move|p1a: Scizor|Bullet Punch|p2b: Pelipper\n|-resisted|p2b: Pelipper\n|-damage|p2b: Pelipper|83\/100\n|move|p2a: Drednaw|Waterfall|p1a: Scizor\n|-damage|p1a: Scizor|24\/100\n|-damage|p2a: Drednaw|91\/100|[from] item: Life Orb\n|move|p1b: Azumarill|Liquidation|p2a: Drednaw\n|-damage|p2a: Drednaw|0 fnt\n|faint|p2a: Drednaw\n|\n|-weather|RainDance|[upkeep]\n|upkeep\n|\n|t:|1682867144\n|switch|p2a: Flutter Mane|Flutter Mane, L50|100\/100\n|turn|6\n|\n|t:|1682867168\n|move|p2a: Flutter Mane|Protect|p2a: Flutter Mane\n|-singleturn|p2a: Flutter Mane|Protect\n|move|p1a: Scizor|Protect|p1a: Scizor\n|-singleturn|p1a: Scizor|Protect\n|move|p2b: Pelipper|Hurricane|p1a: Scizor\n|-activate|p1a: Scizor|move: Protect\n|move|p1b: Azumarill|Play Rough|p2b: Pelipper\n|-damage|p2b: Pelipper|16\/100\n|\n|-weather|RainDance|[upkeep]\n|upkeep\n|turn|7\n|\n|t:|1682867181\n|move|p2a: Flutter Mane|Protect||[still]\n|-fail|p2a: Flutter Mane\n|move|p1a: Scizor|Bullet Punch|p2a: Flutter Mane\n|-supereffective|p2a: Flutter Mane\n|-damage|p2a: Flutter Mane|4\/100\n|move|p1b: Azumarill|Aqua Jet|p2b: Pelipper\n|-resisted|p2b: Pelipper\n|-damage|p2b: Pelipper|0 fnt\n|faint|p2b: Pelipper\n|\n|-weather|RainDance|[upkeep]\n|upkeep\n|turn|8\n|c|\u2606thecomplainman|gg\n|-message|AceTrainerNite forfeited.\n|\n|win|thecomplainman\n|raw|thecomplainman's rating: 1226 → 1249<\/strong> (+23 for winning)\n|raw|AceTrainerNite's rating: 1196 → 1173<\/strong> (-23 for losing)\n|l|\u2606AceTrainerNite\n","uploadtime":1682867199,"views":18,"p1id":"thecomplainman","p2id":"acetrainernite","formatid":"gen9vgc2023regulationc","rating":1173,"private":0,"password":""}