{"id":"gen9vgc2023regulationc-1851742349","p1":"cuvgc","p2":"ballin on deez","format":"[Gen 9] VGC 2023 Regulation C","log":"|j|\u2606cuvgc\n|j|\u2606ballin on deez\n|t:|1682476875\n|gametype|doubles\n|player|p1|cuvgc|red-masters|1103\n|player|p2|ballin on deez|psychic-gen4|1170\n|teamsize|p1|6\n|teamsize|p2|6\n|gen|9\n|tier|[Gen 9] VGC 2023 Regulation C\n|rated|\n|rule|Species Clause: Limit one of each Pok\u00e9mon\n|rule|Item Clause: Limit one of each item\n|clearpoke\n|poke|p1|Drednaw, L50, M|\n|poke|p1|Dragonite, L50, M|\n|poke|p1|Tatsugiri-Droopy, L50, F|\n|poke|p1|Dondozo, L50, M|\n|poke|p1|Pelipper, L50, F|\n|poke|p1|Chien-Pao, L50|\n|poke|p2|Baxcalibur, L50, M|\n|poke|p2|Tinkaton, L50, F|\n|poke|p2|Gyarados, L50, M|\n|poke|p2|Haunter, L50, F|\n|poke|p2|Flutter Mane, L50|\n|poke|p2|Annihilape, L50, F|\n|teampreview|4\n|\n|t:|1682476921\n|start\n|switch|p1a: Pelipper|Pelipper, L50, F|100\/100\n|switch|p1b: Dondozo|Dondozo, L50, M|100\/100\n|switch|p2a: Gyarados|Gyarados, L50, M|100\/100\n|switch|p2b: Flutter Mane|Flutter Mane, L50|100\/100\n|-ability|p2a: Gyarados|Intimidate|boost\n|-unboost|p1a: Pelipper|atk|1\n|-unboost|p1b: Dondozo|atk|1\n|-weather|RainDance|[from] ability: Drizzle|[of] p1a: Pelipper\n|turn|1\n|\n|t:|1682476945\n|switch|p1a: Tatsugiri|Tatsugiri-Droopy, L50, F|100\/100\n|-activate|p1a: Tatsugiri|ability: Commander|[of] p1b: Dondozo\n|-boost|p1b: Dondozo|atk|2\n|-boost|p1b: Dondozo|spa|2\n|-boost|p1b: Dondozo|spe|2\n|-boost|p1b: Dondozo|def|2\n|-boost|p1b: Dondozo|spd|2\n|-terastallize|p1b: Dondozo|Water\n|move|p2b: Flutter Mane|Protect|p2b: Flutter Mane\n|-singleturn|p2b: Flutter Mane|Protect\n|move|p1b: Dondozo|Surf|p2a: Gyarados|[spread] p2a\n|-miss|p1b: Dondozo|p1a: Tatsugiri\n|-activate|p2b: Flutter Mane|move: Protect\n|-resisted|p2a: Gyarados\n|-damage|p2a: Gyarados|49\/100\n|-damage|p1b: Dondozo|91\/100|[from] item: Life Orb\n|move|p2a: Gyarados|Thunder Wave|p1b: Dondozo\n|-status|p1b: Dondozo|par\n|\n|-weather|RainDance|[upkeep]\n|upkeep\n|turn|2\n|c|\u2606cuvgc|i teambuilt with your mom\n|\n|t:|1682476978\n|switch|p2a: Haunter|Haunter, L50, F|100\/100\n|move|p2b: Flutter Mane|Substitute|p2b: Flutter Mane\n|-start|p2b: Flutter Mane|Substitute\n|-damage|p2b: Flutter Mane|76\/100\n|move|p1b: Dondozo|Surf|p2b: Flutter Mane|[spread] p2a,p2b\n|-miss|p1b: Dondozo|p1a: Tatsugiri\n|-end|p2b: Flutter Mane|Substitute\n|-enditem|p2a: Haunter|Focus Sash\n|-damage|p2a: Haunter|1\/100\n|-damage|p1b: Dondozo|81\/100 par|[from] item: Life Orb\n|\n|-weather|RainDance|[upkeep]\n|-heal|p2b: Flutter Mane|82\/100|[from] item: Leftovers\n|upkeep\n|turn|3\n|\n|t:|1682476991\n|move|p2b: Flutter Mane|Protect|p2b: Flutter Mane\n|-singleturn|p2b: Flutter Mane|Protect\n|move|p2a: Haunter|Clear Smog|p1b: Dondozo\n|-damage|p1b: Dondozo|67\/100 par\n|-clearboost|p1b: Dondozo\n|move|p1b: Dondozo|Surf|p2b: Flutter Mane|[spread] p2a\n|-miss|p1b: Dondozo|p1a: Tatsugiri\n|-activate|p2b: Flutter Mane|move: Protect\n|-damage|p2a: Haunter|0 fnt\n|faint|p2a: Haunter\n|-damage|p1b: Dondozo|57\/100 par|[from] item: Life Orb\n|\n|-weather|RainDance|[upkeep]\n|-heal|p2b: Flutter Mane|88\/100|[from] item: Leftovers\n|upkeep\n|c|\u2606ballin on deez|interesting\n|\n|t:|1682477004\n|switch|p2a: Gyarados|Gyarados, L50, M|49\/100\n|-ability|p2a: Gyarados|Intimidate|boost\n|-unboost|p1a: Tatsugiri|atk|1\n|-unboost|p1b: Dondozo|atk|1\n|turn|4\n|\n|t:|1682477016\n|move|p2b: Flutter Mane|Hex|p1b: Dondozo\n|-damage|p1b: Dondozo|0 fnt\n|faint|p1b: Dondozo\n|move|p2a: Gyarados|Waterfall|p1a: Tatsugiri\n|-resisted|p1a: Tatsugiri\n|-damage|p1a: Tatsugiri|74\/100\n|\n|-weather|RainDance|[upkeep]\n|-heal|p2b: Flutter Mane|94\/100|[from] item: Leftovers\n|upkeep\n|c|\u2606cuvgc|your mom is hot\n|c|\u2606cuvgc|like professor sada\n|\n|t:|1682477029\n|switch|p1b: Drednaw|Drednaw, L50, M|100\/100\n|turn|5\n|c|\u2606cuvgc|she got me tera rock\n|\n|t:|1682477061\n|move|p2b: Flutter Mane|Protect|p2b: Flutter Mane\n|-singleturn|p2b: Flutter Mane|Protect\n|move|p2a: Gyarados|Protect|p2a: Gyarados\n|-singleturn|p2a: Gyarados|Protect\n|move|p1b: Drednaw|Rock Slide|p2b: Flutter Mane|[spread] \n|-activate|p2a: Gyarados|move: Protect\n|-activate|p2b: Flutter Mane|move: Protect\n|move|p1a: Tatsugiri|Muddy Water|p2a: Gyarados|[spread] \n|-activate|p2a: Gyarados|move: Protect\n|-activate|p2b: Flutter Mane|move: Protect\n|\n|-weather|RainDance|[upkeep]\n|-heal|p2b: Flutter Mane|99\/100|[from] item: Leftovers\n|upkeep\n|turn|6\n|c|\u2606cuvgc|i be dancin on\n|\n|t:|1682477097\n|move|p1b: Drednaw|Rock Slide|p2b: Flutter Mane|[spread] p2a,p2b\n|-supereffective|p2a: Gyarados\n|-damage|p2a: Gyarados|0 fnt\n|-damage|p2b: Flutter Mane|43\/100\n|faint|p2a: Gyarados\n|move|p1a: Tatsugiri|Muddy Water|p2b: Flutter Mane|[miss]\n|-miss|p1a: Tatsugiri|p2b: Flutter Mane\n|cant|p2b: Flutter Mane|flinch\n|\n|-weather|RainDance|[upkeep]\n|-heal|p2b: Flutter Mane|49\/100|[from] item: Leftovers\n|upkeep\n|\n|t:|1682477106\n|switch|p2a: Annihilape|Annihilape, L50, F|100\/100\n|turn|7\n|\n|t:|1682477131\n|move|p2b: Flutter Mane|Protect|p2b: Flutter Mane\n|-singleturn|p2b: Flutter Mane|Protect\n|move|p1b: Drednaw|Rock Slide|p2a: Annihilape|[spread] p2a\n|-activate|p2b: Flutter Mane|move: Protect\n|-resisted|p2a: Annihilape\n|-damage|p2a: Annihilape|78\/100\n|move|p1a: Tatsugiri|Muddy Water|p2b: Flutter Mane|[spread] p2a\n|-activate|p2b: Flutter Mane|move: Protect\n|-damage|p2a: Annihilape|37\/100\n|cant|p2a: Annihilape|flinch\n|\n|-weather|RainDance|[upkeep]\n|-heal|p2b: Flutter Mane|55\/100|[from] item: Leftovers\n|upkeep\n|turn|8\n|\n|t:|1682477148\n|move|p2b: Flutter Mane|Protect|p2b: Flutter Mane\n|-singleturn|p2b: Flutter Mane|Protect\n|move|p2a: Annihilape|Protect|p2a: Annihilape\n|-singleturn|p2a: Annihilape|Protect\n|move|p1b: Drednaw|Rock Slide|p2b: Flutter Mane|[spread] \n|-activate|p2a: Annihilape|move: Protect\n|-activate|p2b: Flutter Mane|move: Protect\n|move|p1a: Tatsugiri|Muddy Water|p2a: Annihilape|[spread] \n|-activate|p2a: Annihilape|move: Protect\n|-activate|p2b: Flutter Mane|move: Protect\n|\n|-weather|none\n|-heal|p2b: Flutter Mane|61\/100|[from] item: Leftovers\n|upkeep\n|turn|9\n|\n|t:|1682477166\n|switch|p1b: Pelipper|Pelipper, L50, F|100\/100\n|-weather|RainDance|[from] ability: Drizzle|[of] p1b: Pelipper\n|-terastallize|p2b: Flutter Mane|Fairy\n|move|p1a: Tatsugiri|Muddy Water|p2a: Annihilape|[spread] p2a\n|-miss|p1a: Tatsugiri|p2b: Flutter Mane\n|-damage|p2a: Annihilape|0 fnt\n|faint|p2a: Annihilape\n|move|p2b: Flutter Mane|Moonblast|p1b: Pelipper\n|-damage|p1b: Pelipper|5\/100\n|\n|-weather|RainDance|[upkeep]\n|-heal|p2b: Flutter Mane|67\/100|[from] item: Leftovers\n|upkeep\n|turn|10\n|c|\u2606cuvgc|suck ur mom\n|\n|t:|1682477188\n|move|p2b: Flutter Mane|Protect|p2b: Flutter Mane\n|-singleturn|p2b: Flutter Mane|Protect\n|move|p1a: Tatsugiri|Muddy Water|p2b: Flutter Mane\n|-activate|p2b: Flutter Mane|move: Protect\n|move|p1b: Pelipper|Hurricane|p2b: Flutter Mane\n|-activate|p2b: Flutter Mane|move: Protect\n|\n|-weather|RainDance|[upkeep]\n|-heal|p2b: Flutter Mane|73\/100|[from] item: Leftovers\n|upkeep\n|turn|11\n|\n|t:|1682477194\n|move|p1a: Tatsugiri|Muddy Water|p2b: Flutter Mane\n|-damage|p2b: Flutter Mane|10\/100\n|-unboost|p2b: Flutter Mane|accuracy|1\n|move|p2b: Flutter Mane|Moonblast|p1b: Pelipper\n|-damage|p1b: Pelipper|0 fnt\n|faint|p1b: Pelipper\n|\n|-weather|RainDance|[upkeep]\n|-heal|p2b: Flutter Mane|16\/100|[from] item: Leftovers\n|upkeep\n|\n|t:|1682477200\n|switch|p1b: Drednaw|Drednaw, L50, M|100\/100\n|turn|12\n|\n|t:|1682477202\n|move|p1b: Drednaw|Waterfall|p2b: Flutter Mane\n|-damage|p2b: Flutter Mane|0 fnt\n|faint|p2b: Flutter Mane\n|-end|p2b: Flutter Mane|Protosynthesis|[silent]\n|\n|win|cuvgc\n|raw|cuvgc's rating: 1103 → 1133<\/strong> (+30 for winning)\n|raw|ballin on deez's rating: 1170 → 1140<\/strong> (-30 for losing)\n","uploadtime":1682477188,"views":8,"p1id":"cuvgc","p2id":"ballinondeez","formatid":"gen9vgc2023regulationc","rating":1133,"private":0,"password":""}