{"id":"gen9vgc2023regulationc-1847941020","p1":"Snowfly96","p2":"Alexis_student","format":"[Gen 9] VGC 2023 Regulation C","log":"|j|\u2606Snowfly96\n|j|\u2606Alexis_student\n|t:|1682014440\n|gametype|doubles\n|player|p1|Snowfly96|101|1194\n|player|p2|Alexis_student|1|1222\n|teamsize|p1|6\n|teamsize|p2|6\n|gen|9\n|tier|[Gen 9] VGC 2023 Regulation C\n|rated|\n|rule|Species Clause: Limit one of each Pok\u00e9mon\n|rule|Item Clause: Limit one of each item\n|clearpoke\n|poke|p1|Polteageist, L50|\n|poke|p1|Rotom-Wash, L50|\n|poke|p1|Indeedee-F, L50, F|\n|poke|p1|Armarouge, L50, M|\n|poke|p1|Gastrodon, L50, F|\n|poke|p1|Tauros-Paldea-Blaze, L50, M|\n|poke|p2|Dondozo, L50, F|\n|poke|p2|Tatsugiri, L50, M|\n|poke|p2|Glimmora, L50, F|\n|poke|p2|Iron Bundle, L50|\n|poke|p2|Dragonite, L50, M|\n|poke|p2|Chi-Yu, L50|\n|teampreview|4\n|inactive|Battle timer is ON: inactive players will automatically lose when time's up. (requested by Snowfly96)\n|\n|t:|1682014456\n|start\n|switch|p1a: King's Guard|Armarouge, L50, M|100\/100\n|switch|p1b: Carlotta|Indeedee-F, L50, F|100\/100\n|switch|p2a: Chi-Yu|Chi-Yu, L50|100\/100\n|switch|p2b: Glimmora|Glimmora, L50, F|100\/100\n|-ability|p2a: Chi-Yu|Beads of Ruin\n|-fieldstart|move: Psychic Terrain|[from] ability: Psychic Surge|[of] p1b: Carlotta\n|turn|1\n|inactive|Alexis_student has 30 seconds left.\n|\n|t:|1682014482\n|move|p1b: Carlotta|Follow Me|p1b: Carlotta\n|-singleturn|p1b: Carlotta|move: Follow Me\n|move|p2a: Chi-Yu|Dark Pulse|p1b: Carlotta\n|-supereffective|p1b: Carlotta\n|-damage|p1b: Carlotta|0 fnt\n|faint|p1b: Carlotta\n|move|p2b: Glimmora|Power Gem|p1a: King's Guard\n|-supereffective|p1a: King's Guard\n|-damage|p1a: King's Guard|3\/100\n|-enditem|p1a: King's Guard|Weakness Policy\n|-boost|p1a: King's Guard|atk|2|[from] item: Weakness Policy\n|-boost|p1a: King's Guard|spa|2|[from] item: Weakness Policy\n|move|p1a: King's Guard|Expanding Force|p2b: Glimmora|[spread] p2b\n|-immune|p2a: Chi-Yu\n|-supereffective|p2b: Glimmora\n|-damage|p2b: Glimmora|0 fnt\n|faint|p2b: Glimmora\n|\n|upkeep\n|\n|t:|1682014500\n|switch|p2b: Iron Bundle|Iron Bundle, L50|100\/100\n|switch|p1b: Mrs. Potts|Polteageist, L50|100\/100\n|-enditem|p1b: Mrs. Potts|Psychic Seed\n|-boost|p1b: Mrs. Potts|spd|1|[from] item: Psychic Seed\n|-enditem|p2b: Iron Bundle|Booster Energy\n|-activate|p2b: Iron Bundle|ability: Quark Drive|[fromitem]\n|-start|p2b: Iron Bundle|quarkdrivespe\n|turn|2\n|\n|t:|1682014516\n|-terastallize|p1b: Mrs. Potts|Fairy\n|move|p1a: King's Guard|Protect|p1a: King's Guard\n|-singleturn|p1a: King's Guard|Protect\n|move|p2b: Iron Bundle|Icy Wind|p1a: King's Guard|[spread] p1b\n|-activate|p1a: King's Guard|move: Protect\n|-damage|p1b: Mrs. Potts|78\/100\n|-unboost|p1b: Mrs. Potts|spe|1\n|move|p2a: Chi-Yu|Dark Pulse|p1b: Mrs. Potts\n|-resisted|p1b: Mrs. Potts\n|-damage|p1b: Mrs. Potts|56\/100\n|move|p1b: Mrs. Potts|Tera Blast|p2a: Chi-Yu\n|-damage|p2a: Chi-Yu|44\/100\n|\n|upkeep\n|turn|3\n|inactive|Alexis_student has 30 seconds left.\n|\n|t:|1682014543\n|move|p2b: Iron Bundle|Icy Wind|p1a: King's Guard|[spread] p1a,p1b\n|-resisted|p1a: King's Guard\n|-damage|p1a: King's Guard|0 fnt\n|-damage|p1b: Mrs. Potts|35\/100\n|-unboost|p1b: Mrs. Potts|spe|1\n|faint|p1a: King's Guard\n|move|p2a: Chi-Yu|Overheat|p1b: Mrs. Potts|[miss]\n|-miss|p2a: Chi-Yu|p1b: Mrs. Potts\n|move|p1b: Mrs. Potts|Tera Blast|p2a: Chi-Yu\n|-damage|p2a: Chi-Yu|0 fnt\n|faint|p2a: Chi-Yu\n|\n|upkeep\n|\n|t:|1682014556\n|switch|p2a: Dragonite|Dragonite, L50, M|100\/100\n|switch|p1a: Squishy|Gastrodon, L50, F|100\/100\n|turn|4\n|\n|t:|1682014573\n|move|p1b: Mrs. Potts|Protect|p1b: Mrs. Potts\n|-singleturn|p1b: Mrs. Potts|Protect\n|move|p2b: Iron Bundle|Freeze-Dry|p1a: Squishy\n|-supereffective|p1a: Squishy\n|-damage|p1a: Squishy|0 fnt\n|faint|p1a: Squishy\n|move|p2a: Dragonite|Ice Spinner|p1b: Mrs. Potts\n|-activate|p1b: Mrs. Potts|move: Protect\n|\n|upkeep\n|turn|5\n|\n|t:|1682014587\n|-terastallize|p2b: Iron Bundle|Ice\n|move|p2b: Iron Bundle|Freeze-Dry|p1b: Mrs. Potts\n|-damage|p1b: Mrs. Potts|0 fnt\n|faint|p1b: Mrs. Potts\n|\n|win|Alexis_student\n|raw|Snowfly96's rating: 1194 → 1171<\/strong> (-23 for losing)\n|raw|Alexis_student's rating: 1222 → 1245<\/strong> (+23 for winning)\n|l|\u2606Snowfly96\n","uploadtime":1682014599,"views":9,"p1id":"snowfly96","p2id":"alexisstudent","formatid":"gen9vgc2023regulationc","rating":1171,"private":0,"password":""}