{"id":"gen9vgc2023regulationc-1862078373","p1":"NickSapphire","p2":"yvuiom","format":"[Gen 9] VGC 2023 Regulation C","log":"|j|\u2606NickSapphire\n|j|\u2606yvuiom\n|t:|1683834764\n|gametype|doubles\n|player|p1|NickSapphire|emmet|1000\n|player|p2|yvuiom|170|1074\n|teamsize|p1|6\n|teamsize|p2|6\n|gen|9\n|tier|[Gen 9] VGC 2023 Regulation C\n|rated|\n|rule|Species Clause: Limit one of each Pok\u00e9mon\n|rule|Item Clause: Limit one of each item\n|clearpoke\n|poke|p1|Barraskewda, L50, F|\n|poke|p1|Pelipper, L50, F|\n|poke|p1|Chien-Pao, L50|\n|poke|p1|Amoonguss, L50, M|\n|poke|p1|Gholdengo, L50|\n|poke|p1|Iron Hands, L50|\n|poke|p2|Torkoal, L50, M|\n|poke|p2|Chi-Yu, L50|\n|poke|p2|Flutter Mane, L50|\n|poke|p2|Great Tusk, L50|\n|poke|p2|Lilligant, L50, F|\n|poke|p2|Kingambit, L50, M|\n|teampreview|4\nNickSapphire rejected open team sheets.\n|\n|t:|1683834805\n|start\n|switch|p1a: Barraskewda|Barraskewda, L50, F, shiny|100\/100\n|switch|p1b: Chien-Pao|Chien-Pao, L50|100\/100\n|switch|p2a: Flutter Mane|Flutter Mane, L50, shiny|100\/100\n|switch|p2b: Chi-Yu|Chi-Yu, L50|100\/100\n|-ability|p1b: Chien-Pao|Sword of Ruin\n|-ability|p2b: Chi-Yu|Beads of Ruin\n|turn|1\n|inactive|Battle timer is ON: inactive players will automatically lose when time's up. (requested by yvuiom)\n|inactive|yvuiom has 60 seconds left.\n|\n|t:|1683834838\n|switch|p1b: Pelipper|Pelipper, L50, F|100\/100\n|-weather|RainDance|[from] ability: Drizzle|[of] p1b: Pelipper\n|-terastallize|p2a: Flutter Mane|Fairy\n|move|p1a: Barraskewda|Liquidation|p2a: Flutter Mane\n|-damage|p2a: Flutter Mane|0 fnt\n|faint|p2a: Flutter Mane\n|-end|p2a: Flutter Mane|Protosynthesis|[silent]\n|-damage|p1a: Barraskewda|91\/100|[from] item: Life Orb\n|move|p2b: Chi-Yu|Snarl|p1b: Pelipper|[spread] p1a,p1b\n|-damage|p1a: Barraskewda|35\/100\n|-damage|p1b: Pelipper|56\/100\n|-unboost|p1a: Barraskewda|spa|1\n|-unboost|p1b: Pelipper|spa|1\n|\n|-weather|RainDance|[upkeep]\n|upkeep\n|\n|t:|1683834853\n|switch|p2a: Torkoal|Torkoal, L50, M|100\/100\n|-weather|SunnyDay|[from] ability: Drought|[of] p2a: Torkoal\n|turn|2\n|\n|t:|1683834871\n|move|p1b: Pelipper|Wide Guard|p1b: Pelipper\n|-singleturn|p1b: Pelipper|Wide Guard\n|move|p1a: Barraskewda|Liquidation|p2a: Torkoal\n|-supereffective|p2a: Torkoal\n|-damage|p2a: Torkoal|56\/100\n|-damage|p1a: Barraskewda|25\/100|[from] item: Life Orb\n|move|p2b: Chi-Yu|Snarl|p1b: Pelipper|[spread] \n|-activate|p1a: Barraskewda|move: Wide Guard\n|-activate|p1b: Pelipper|move: Wide Guard\n|move|p2a: Torkoal|Heat Wave|p1b: Pelipper|[spread] \n|-activate|p1a: Barraskewda|move: Wide Guard\n|-activate|p1b: Pelipper|move: Wide Guard\n|\n|-weather|SunnyDay|[upkeep]\n|upkeep\n|turn|3\n|inactive|NickSapphire has 30 seconds left.\n|\n|t:|1683834897\n|move|p2a: Torkoal|Protect|p2a: Torkoal\n|-singleturn|p2a: Torkoal|Protect\n|move|p1a: Barraskewda|Liquidation|p2b: Chi-Yu\n|-supereffective|p2b: Chi-Yu\n|-damage|p2b: Chi-Yu|4\/100\n|-damage|p1a: Barraskewda|16\/100|[from] item: Life Orb\n|move|p2b: Chi-Yu|Dark Pulse|p1a: Barraskewda\n|-damage|p1a: Barraskewda|0 fnt\n|faint|p1a: Barraskewda\n|move|p1b: Pelipper|Hydro Pump|p2b: Chi-Yu\n|-supereffective|p2b: Chi-Yu\n|-damage|p2b: Chi-Yu|0 fnt\n|faint|p2b: Chi-Yu\n|\n|-weather|SunnyDay|[upkeep]\n|upkeep\n|\n|t:|1683834916\n|switch|p1a: Gholdengo|Gholdengo, L50|100\/100\n|switch|p2b: Great Tusk|Great Tusk, L50, shiny|100\/100\n|-activate|p2b: Great Tusk|ability: Protosynthesis\n|-start|p2b: Great Tusk|protosynthesisatk\n|turn|4\n|\n|t:|1683834938\n|switch|p1b: Chien-Pao|Chien-Pao, L50|100\/100\n|-ability|p1b: Chien-Pao|Sword of Ruin\n|move|p2b: Great Tusk|Rock Slide|p1a: Gholdengo|[spread] p1a,p1b\n|-resisted|p1a: Gholdengo\n|-supereffective|p1b: Chien-Pao\n|-damage|p1a: Gholdengo|81\/100\n|-damage|p1b: Chien-Pao|35\/100\n|cant|p1a: Gholdengo|flinch\n|move|p2a: Torkoal|Earth Power|p1a: Gholdengo\n|-supereffective|p1a: Gholdengo\n|-damage|p1a: Gholdengo|25\/100\n|\n|-weather|SunnyDay|[upkeep]\n|upkeep\n|turn|5\n|inactive|NickSapphire has 30 seconds left.\n|inactive|NickSapphire has 20 seconds left.\n|\n|t:|1683834974\n|move|p1b: Chien-Pao|Sucker Punch|p2b: Great Tusk\n|-resisted|p2b: Great Tusk\n|-damage|p2b: Great Tusk|83\/100\n|move|p2b: Great Tusk|Rock Slide|p1a: Gholdengo|[spread] p1a\n|-miss|p2b: Great Tusk|p1b: Chien-Pao\n|-resisted|p1a: Gholdengo\n|-damage|p1a: Gholdengo|5\/100\n|move|p1a: Gholdengo|Shadow Ball|p2b: Great Tusk\n|-damage|p2b: Great Tusk|0 fnt\n|faint|p2b: Great Tusk\n|-end|p2b: Great Tusk|Protosynthesis|[silent]\n|move|p2a: Torkoal|Heat Wave|p1a: Gholdengo|[spread] p1a,p1b\n|-supereffective|p1a: Gholdengo\n|-supereffective|p1b: Chien-Pao\n|-damage|p1a: Gholdengo|0 fnt\n|-damage|p1b: Chien-Pao|0 fnt\n|faint|p1a: Gholdengo\n|faint|p1b: Chien-Pao\n|\n|-weather|SunnyDay|[upkeep]\n|upkeep\n|\n|t:|1683834991\n|switch|p1b: Pelipper|Pelipper, L50, F|56\/100\n|-weather|RainDance|[from] ability: Drizzle|[of] p1b: Pelipper\n|turn|6\n|\n|t:|1683834996\n|move|p1b: Pelipper|Hydro Pump|p2a: Torkoal|[miss]\n|-miss|p1b: Pelipper|p2a: Torkoal\n|move|p2a: Torkoal|Heat Wave|p1b: Pelipper\n|-resisted|p1b: Pelipper\n|-damage|p1b: Pelipper|40\/100\n|\n|-weather|RainDance|[upkeep]\n|upkeep\n|turn|7\n|\n|t:|1683835003\n|move|p1b: Pelipper|Hydro Pump|p2a: Torkoal\n|-supereffective|p2a: Torkoal\n|-damage|p2a: Torkoal|0 fnt\n|faint|p2a: Torkoal\n|\n|win|NickSapphire\n|raw|NickSapphire's rating: 1000 → 1048<\/strong> (+48 for winning)\n|raw|yvuiom's rating: 1074 → 1048<\/strong> (-26 for losing)\n|l|\u2606yvuiom\n|c|\u2606NickSapphire|gg\n","uploadtime":1683835010,"views":13,"p1id":"nicksapphire","p2id":"yvuiom","formatid":"gen9vgc2023regulationc","rating":1048,"private":0,"password":""}