{"id":"gen9vgc2023regulationc-1860942504","p1":"kito234","p2":"D-scNSe","format":"[Gen 9] VGC 2023 Regulation C","log":"|j|\u2606kito234\n|j|\u2606D-scNSe\n|t:|1683700263\n|gametype|doubles\n|player|p1|kito234|102|1027\n|player|p2|D-scNSe|266|1057\n|teamsize|p1|6\n|teamsize|p2|6\n|gen|9\n|tier|[Gen 9] VGC 2023 Regulation C\n|rated|\n|rule|Species Clause: Limit one of each Pok\u00e9mon\n|rule|Item Clause: Limit one of each item\n|clearpoke\n|poke|p1|Rabsca, L50, F|\n|poke|p1|Indeedee-F, L50, F|\n|poke|p1|Houndstone, L50, F|\n|poke|p1|Hippowdon, L50, F|\n|poke|p1|Iron Moth, L50|\n|poke|p1|Appletun, L50, F|\n|poke|p2|Flutter Mane, L50|\n|poke|p2|Ting-Lu, L50|\n|poke|p2|Maushold-Four, L50|\n|poke|p2|Annihilape, L50, M|\n|poke|p2|Iron Bundle, L50|\n|poke|p2|Arcanine, L50, F|\n|teampreview|4\n|inactive|Battle timer is ON: inactive players will automatically lose when time's up. (requested by D-scNSe)\n|\n|t:|1683700315\n|start\n|switch|p1a: Appletun|Appletun, L50, F|100\/100\n|switch|p1b: Indeedee|Indeedee-F, L50, F|100\/100\n|switch|p2a: Flutter Mane|Flutter Mane, L50|100\/100\n|switch|p2b: Annihilape|Annihilape, L50, M|100\/100\n|-fieldstart|move: Psychic Terrain|[from] ability: Psychic Surge|[of] p1b: Indeedee\n|-enditem|p2a: Flutter Mane|Booster Energy\n|-activate|p2a: Flutter Mane|ability: Protosynthesis|[fromitem]\n|-start|p2a: Flutter Mane|protosynthesisspe\n|turn|1\n|\n|t:|1683700337\n|switch|p2b: Ting-Lu|Ting-Lu, L50|100\/100\n|-ability|p2b: Ting-Lu|Vessel of Ruin\n|move|p1b: Indeedee|Follow Me|p1b: Indeedee\n|-singleturn|p1b: Indeedee|move: Follow Me\n|move|p2a: Flutter Mane|Moonblast|p1b: Indeedee\n|-damage|p1b: Indeedee|67\/100\n|move|p1a: Appletun|Apple Acid|p2a: Flutter Mane\n|-damage|p2a: Flutter Mane|73\/100\n|-unboost|p2a: Flutter Mane|spd|1\n|\n|-heal|p1b: Indeedee|73\/100|[from] item: Leftovers\n|upkeep\n|turn|2\n|inactive|D-scNSe has 30 seconds left.\n|inactive|D-scNSe has 20 seconds left.\n|\n|t:|1683700375\n|move|p2a: Flutter Mane|Protect|p2a: Flutter Mane\n|-singleturn|p2a: Flutter Mane|Protect\n|move|p1b: Indeedee|Follow Me|p1b: Indeedee\n|-singleturn|p1b: Indeedee|move: Follow Me\n|move|p2b: Ting-Lu|Ruination|p1b: Indeedee\n|-damage|p1b: Indeedee|37\/100\n|move|p1a: Appletun|Dragon Pulse|p2a: Flutter Mane\n|-activate|p2a: Flutter Mane|move: Protect\n|\n|-heal|p1b: Indeedee|43\/100|[from] item: Leftovers\n|upkeep\n|turn|3\n|inactive|D-scNSe has 30 seconds left.\n|\n|t:|1683700404\n|-end|p2a: Flutter Mane|Protosynthesis|[silent]\n|switch|p2a: Arcanine|Arcanine, L50, F|100\/100\n|-ability|p2a: Arcanine|Intimidate|boost\n|-unboost|p1a: Appletun|atk|1\n|-unboost|p1b: Indeedee|atk|1\n|move|p1b: Indeedee|Follow Me|p1b: Indeedee\n|-singleturn|p1b: Indeedee|move: Follow Me\n|move|p2b: Ting-Lu|Heavy Slam|p1b: Indeedee\n|-damage|p1b: Indeedee|3\/100\n|move|p1a: Appletun|Apple Acid|p2a: Arcanine\n|-resisted|p2a: Arcanine\n|-damage|p2a: Arcanine|88\/100\n|-unboost|p2a: Arcanine|spd|1\n|\n|-heal|p1b: Indeedee|10\/100|[from] item: Leftovers\n|upkeep\n|turn|4\n|\n|t:|1683700423\n|move|p1b: Indeedee|Follow Me|p1b: Indeedee\n|-singleturn|p1b: Indeedee|move: Follow Me\n|move|p2a: Arcanine|Snarl|p1a: Appletun|[spread] p1a\n|-miss|p2a: Arcanine|p1b: Indeedee\n|-damage|p1a: Appletun|94\/100\n|-unboost|p1a: Appletun|spa|1\n|move|p2b: Ting-Lu|Ruination|p1b: Indeedee|[miss]\n|-miss|p2b: Ting-Lu|p1b: Indeedee\n|move|p1a: Appletun|Apple Acid|p2b: Ting-Lu\n|-supereffective|p2b: Ting-Lu\n|-damage|p2b: Ting-Lu|77\/100\n|-unboost|p2b: Ting-Lu|spd|1\n|\n|-heal|p1b: Indeedee|16\/100|[from] item: Leftovers\n|upkeep\n|turn|5\n|\n|t:|1683700442\n|switch|p2b: Annihilape|Annihilape, L50, M|100\/100\n|switch|p1a: Iron Moth|Iron Moth, L50|100\/100\n|-enditem|p1a: Iron Moth|Booster Energy\n|-activate|p1a: Iron Moth|ability: Quark Drive|[fromitem]\n|-start|p1a: Iron Moth|quarkdrivespa\n|move|p1b: Indeedee|Follow Me|p1b: Indeedee\n|-singleturn|p1b: Indeedee|move: Follow Me\n|move|p2a: Arcanine|Snarl|p1b: Indeedee|[spread] p1a,p1b\n|-supereffective|p1b: Indeedee\n|-damage|p1a: Iron Moth|91\/100\n|-damage|p1b: Indeedee|0 fnt\n|-unboost|p1a: Iron Moth|spa|1\n|faint|p1b: Indeedee\n|\n|-fieldend|move: Psychic Terrain\n|upkeep\n|\n|t:|1683700457\n|switch|p1b: Appletun|Appletun, L50, F|94\/100\n|turn|6\n|\n|t:|1683700477\n|move|p2b: Annihilape|Protect|p2b: Annihilape\n|-singleturn|p2b: Annihilape|Protect\n|move|p1b: Appletun|Protect|p1b: Appletun\n|-singleturn|p1b: Appletun|Protect\n|move|p1a: Iron Moth|Sludge Wave|p2b: Annihilape|[spread] p2a\n|-activate|p1b: Appletun|move: Protect\n|-activate|p2b: Annihilape|move: Protect\n|-damage|p2a: Arcanine|38\/100\n|-enditem|p2a: Arcanine|Sitrus Berry|[eat]\n|-heal|p2a: Arcanine|62\/100|[from] item: Sitrus Berry\n|move|p2a: Arcanine|Snarl|p1a: Iron Moth|[spread] p1a\n|-activate|p1b: Appletun|move: Protect\n|-damage|p1a: Iron Moth|82\/100\n|-unboost|p1a: Iron Moth|spa|1\n|\n|upkeep\n|turn|7\n|\n|t:|1683700501\n|-end|p1a: Iron Moth|Quark Drive|[silent]\n|switch|p1a: Rabsca|Rabsca, L50, F|100\/100\n|move|p2a: Arcanine|Flare Blitz|p1b: Appletun\n|-damage|p1b: Appletun|44\/100\n|-damage|p2a: Arcanine|44\/100|[from] Recoil\n|move|p2b: Annihilape|Rage Fist|p1a: Rabsca\n|-supereffective|p1a: Rabsca\n|-damage|p1a: Rabsca|47\/100\n|move|p1b: Appletun|Dragon Pulse|p2a: Arcanine\n|-damage|p2a: Arcanine|0 fnt\n|faint|p2a: Arcanine\n|\n|upkeep\n|\n|t:|1683700513\n|switch|p2a: Flutter Mane|Flutter Mane, L50|73\/100\n|turn|8\n|\n|t:|1683700522\n|-terastallize|p1b: Appletun|Grass\n|move|p2a: Flutter Mane|Moonblast|p1b: Appletun\n|-damage|p1b: Appletun|0 fnt\n|faint|p1b: Appletun\n|move|p2b: Annihilape|Rage Fist|p1a: Rabsca\n|-supereffective|p1a: Rabsca\n|-damage|p1a: Rabsca|0 fnt\n|faint|p1a: Rabsca\n|\n|upkeep\n|\n|t:|1683700534\n|switch|p1a: Iron Moth|Iron Moth, L50|82\/100\n|turn|9\n|\n|t:|1683700542\n|-terastallize|p2b: Annihilape|Fire\n|move|p2a: Flutter Mane|Shadow Ball|p1a: Iron Moth\n|-crit|p1a: Iron Moth\n|-damage|p1a: Iron Moth|17\/100\n|-unboost|p1a: Iron Moth|spd|1\n|move|p1a: Iron Moth|Heat Wave|p2a: Flutter Mane|[spread] p2a,p2b\n|-resisted|p2b: Annihilape\n|-damage|p2a: Flutter Mane|36\/100\n|-damage|p2b: Annihilape|83\/100\n|move|p2b: Annihilape|Rage Fist|p1a: Iron Moth\n|-damage|p1a: Iron Moth|0 fnt\n|faint|p1a: Iron Moth\n|-end|p1a: Iron Moth|Quark Drive|[silent]\n|\n|win|D-scNSe\n|raw|kito234's rating: 1027 → 1014<\/strong> (-13 for losing)\n|raw|D-scNSe's rating: 1057 → 1086<\/strong> (+29 for winning)\n|l|\u2606kito234\n","uploadtime":1683700633,"views":15,"p1id":"kito234","p2id":"dscnse","formatid":"gen9vgc2023regulationc","rating":1014,"private":0,"password":""}