{"id":"gen9vgc2023regulationc-1860180677","p1":"L0LZ4N0m4","p2":"omlov","format":"[Gen 9] VGC 2023 Regulation C","log":"|j|\u2606L0LZ4N0m4\n|j|\u2606omlov\n|t:|1683605789\n|gametype|doubles\n|player|p1|L0LZ4N0m4|aromalady|1212\n|player|p2|omlov|lass-gen4dp|1288\n|teamsize|p1|6\n|teamsize|p2|6\n|gen|9\n|tier|[Gen 9] VGC 2023 Regulation C\n|rated|\n|rule|Species Clause: Limit one of each Pok\u00e9mon\n|rule|Item Clause: Limit one of each item\n|clearpoke\n|poke|p1|Tyranitar, L50, F|\n|poke|p1|Palafin, L50, F|\n|poke|p1|Kingambit, L50, F|\n|poke|p1|Flutter Mane, L50|\n|poke|p1|Arcanine, L50, F|\n|poke|p1|Amoonguss, L50, M|\n|poke|p2|Iron Hands, L50|\n|poke|p2|Chi-Yu, L50|\n|poke|p2|Flutter Mane, L50|\n|poke|p2|Gyarados, L50, M|\n|poke|p2|Amoonguss, L50, M|\n|poke|p2|Kingambit, L50, M|\n|teampreview|4\n|inactive|Battle timer is ON: inactive players will automatically lose when time's up. (requested by omlov)\n|inactive|L0LZ4N0m4 also wants the timer to be on.\n|inactive|L0LZ4N0m4 has 60 seconds left.\n|inactive|omlov has 60 seconds left.\n|inactive|omlov has 30 seconds left.\n|inactive|omlov has 20 seconds left.\n|inactive|omlov has 15 seconds left.\n|inactive|omlov has 10 seconds left.\n|inactive|omlov has 5 seconds left.\n|\n|t:|1683605879\n|start\n|switch|p1a: Palafin|Palafin, L50, F|100\/100\n|switch|p1b: Kingambit|Kingambit, L50, F|100\/100\n|switch|p2a: Iron Hands|Iron Hands, L50|100\/100\n|switch|p2b: Chi-Yu|Chi-Yu, L50|100\/100\n|-ability|p2b: Chi-Yu|Beads of Ruin\n|turn|1\n|inactive|L0LZ4N0m4 has 30 seconds left.\n|inactive|omlov has 30 seconds left.\n|inactive|omlov has 20 seconds left.\n|inactive|omlov has 15 seconds left.\n|inactive|omlov has 10 seconds left.\n|inactive|omlov has 5 seconds left.\n|\n|t:|1683605934\n|detailschange|p1a: Palafin|Palafin-Hero, L50, F\n|switch|p1a: Tyranitar|Tyranitar, L50, F|100\/100\n|-weather|Sandstorm|[from] ability: Sand Stream|[of] p1a: Tyranitar\n|move|p1b: Kingambit|Protect|p1b: Kingambit\n|-singleturn|p1b: Kingambit|Protect\n|move|p2a: Iron Hands|Fake Out|p1a: Tyranitar\n|-resisted|p1a: Tyranitar\n|-damage|p1a: Tyranitar|94\/100\n|move|p2b: Chi-Yu|Flamethrower|p1b: Kingambit\n|-activate|p1b: Kingambit|move: Protect\n|\n|-weather|Sandstorm|[upkeep]\n|-damage|p2b: Chi-Yu|94\/100|[from] Sandstorm\n|-damage|p2a: Iron Hands|94\/100|[from] Sandstorm\n|-heal|p2b: Chi-Yu|100\/100|[from] item: Leftovers\n|upkeep\n|turn|2\n|inactive|omlov has 30 seconds left.\n|inactive|omlov has 20 seconds left.\n|inactive|omlov has 15 seconds left.\n|inactive|omlov has 10 seconds left.\n|inactive|omlov has 5 seconds left.\n|\n|t:|1683605989\n|switch|p1b: Palafin|Palafin-Hero, L50, F|100\/100\n|-activate|p1b: Palafin|ability: Zero to Hero\n|-terastallize|p1a: Tyranitar|Grass\n|move|p2a: Iron Hands|Fake Out||[still]\n|-hint|Fake Out only works on your first turn out.\n|-fail|p2a: Iron Hands\n|move|p2b: Chi-Yu|Flamethrower|p1a: Tyranitar\n|-supereffective|p1a: Tyranitar\n|-damage|p1a: Tyranitar|30\/100\n|move|p1a: Tyranitar|Rock Slide|p2b: Chi-Yu|[spread] p2a,p2b\n|-resisted|p2a: Iron Hands\n|-supereffective|p2b: Chi-Yu\n|-damage|p2a: Iron Hands|84\/100\n|-damage|p2b: Chi-Yu|32\/100\n|\n|-weather|Sandstorm|[upkeep]\n|-damage|p1b: Palafin|95\/100|[from] Sandstorm\n|-damage|p2b: Chi-Yu|25\/100|[from] Sandstorm\n|-damage|p1a: Tyranitar|25\/100|[from] Sandstorm\n|-damage|p2a: Iron Hands|78\/100|[from] Sandstorm\n|-heal|p2b: Chi-Yu|32\/100|[from] item: Leftovers\n|upkeep\n|turn|3\n|inactive|L0LZ4N0m4 has 30 seconds left.\n|inactive|omlov has 30 seconds left.\n|inactive|omlov has 20 seconds left.\n|inactive|L0LZ4N0m4 has 20 seconds left.\n|inactive|omlov has 15 seconds left.\n|inactive|omlov has 10 seconds left.\n|inactive|omlov has 5 seconds left.\n|\n|t:|1683606044\n|switch|p1a: Amoonguss|Amoonguss, L50, M|100\/100\n|move|p2a: Iron Hands|Fake Out||[still]\n|-hint|Fake Out only works on your first turn out.\n|-fail|p2a: Iron Hands\n|move|p1b: Palafin|Jet Punch|p2b: Chi-Yu\n|-supereffective|p2b: Chi-Yu\n|-damage|p2b: Chi-Yu|0 fnt\n|faint|p2b: Chi-Yu\n|\n|-weather|Sandstorm|[upkeep]\n|-damage|p1b: Palafin|89\/100|[from] Sandstorm\n|-damage|p2a: Iron Hands|72\/100|[from] Sandstorm\n|-damage|p1a: Amoonguss|95\/100|[from] Sandstorm\n|upkeep\n|inactive|omlov has 30 seconds left.\n|inactive|omlov has 20 seconds left.\n|inactive|omlov has 15 seconds left.\n|inactive|omlov has 10 seconds left.\n|inactive|omlov has 5 seconds left.\n|\n|t:|1683606099\n|switch|p2b: Flutter Mane|Flutter Mane, L50|100\/100\n|turn|4\n|inactive|omlov has 30 seconds left.\n|inactive|omlov has 20 seconds left.\n|inactive|omlov has 15 seconds left.\n|inactive|omlov has 10 seconds left.\n|inactive|omlov has 5 seconds left.\n|\n|t:|1683606154\n|move|p1b: Palafin|Protect|p1b: Palafin\n|-singleturn|p1b: Palafin|Protect\n|move|p2a: Iron Hands|Fake Out||[still]\n|-hint|Fake Out only works on your first turn out.\n|-fail|p2a: Iron Hands\n|move|p2b: Flutter Mane|Moonblast|p1b: Palafin\n|-activate|p1b: Palafin|move: Protect\n|move|p1a: Amoonguss|Spore|p2b: Flutter Mane\n|-status|p2b: Flutter Mane|slp|[from] move: Spore\n|\n|-weather|Sandstorm|[upkeep]\n|-damage|p2b: Flutter Mane|95\/100 slp|[from] Sandstorm\n|-damage|p1b: Palafin|83\/100|[from] Sandstorm\n|-damage|p2a: Iron Hands|66\/100|[from] Sandstorm\n|-damage|p1a: Amoonguss|89\/100|[from] Sandstorm\n|upkeep\n|turn|5\n|inactive|omlov has 30 seconds left.\n|inactive|omlov has 20 seconds left.\n|inactive|omlov has 15 seconds left.\n|inactive|omlov has 10 seconds left.\n|inactive|omlov has 5 seconds left.\n|\n|t:|1683606209\n|switch|p1b: Tyranitar|Tyranitar, L50, F, tera:Grass|25\/100\n|move|p2a: Iron Hands|Fake Out||[still]\n|-hint|Fake Out only works on your first turn out.\n|-fail|p2a: Iron Hands\n|cant|p2b: Flutter Mane|slp\n|move|p1a: Amoonguss|Pollen Puff|p1b: Tyranitar\n|-heal|p1b: Tyranitar|74\/100\n|\n|-weather|none\n|upkeep\n|turn|6\n|inactive|omlov has 30 seconds left.\n|inactive|omlov has 20 seconds left.\n|\n|t:|1683606246\n|-end|p2b: Flutter Mane|Protosynthesis|[silent]\n|switch|p2b: Gyarados|Gyarados, L50, M|100\/100\n|-ability|p2b: Gyarados|Intimidate|boost\n|-unboost|p1a: Amoonguss|atk|1\n|-unboost|p1b: Tyranitar|atk|1\n|move|p1b: Tyranitar|Crunch|p2b: Gyarados\n|-damage|p2b: Gyarados|71\/100\n|move|p2a: Iron Hands|Drain Punch|p1b: Tyranitar\n|-damage|p1b: Tyranitar|40\/100\n|-heal|p2a: Iron Hands|82\/100|[from] drain|[of] p1b: Tyranitar\n|move|p1a: Amoonguss|Pollen Puff|p1b: Tyranitar\n|-heal|p1b: Tyranitar|89\/100\n|\n|upkeep\n|turn|7\n|inactive|L0LZ4N0m4 has 30 seconds left.\n|inactive|L0LZ4N0m4 has 20 seconds left.\n|inactive|L0LZ4N0m4 has 15 seconds left.\n|inactive|L0LZ4N0m4 has 10 seconds left.\n|inactive|L0LZ4N0m4 has 5 seconds left.\n|\n|t:|1683606297\n|-end|p2a: Iron Hands|Quark Drive|[silent]\n|switch|p2a: Flutter Mane|Flutter Mane, L50|95\/100 slp\n|move|p1a: Amoonguss|Rage Powder|p1a: Amoonguss\n|-singleturn|p1a: Amoonguss|move: Rage Powder\n|move|p2b: Gyarados|Taunt|p1a: Amoonguss\n|-start|p1a: Amoonguss|move: Taunt\n|move|p1b: Tyranitar|Rock Slide|p2b: Gyarados|[spread] p2a,p2b\n|-supereffective|p2b: Gyarados\n|-damage|p2a: Flutter Mane|62\/100 slp\n|-damage|p2b: Gyarados|26\/100\n|-enditem|p2b: Gyarados|Sitrus Berry|[eat]\n|-heal|p2b: Gyarados|51\/100|[from] item: Sitrus Berry\n|\n|upkeep\n|turn|8\n|inactive|omlov has 30 seconds left.\n|\n|t:|1683606314\n|cant|p2a: Flutter Mane|slp\n|move|p2b: Gyarados|Thunder Wave|p1b: Tyranitar\n|-status|p1b: Tyranitar|par\n|move|p1a: Amoonguss|Pollen Puff|p1b: Tyranitar\n|-heal|p1b: Tyranitar|100\/100 par\n|move|p1b: Tyranitar|Rock Slide|p2b: Gyarados|[spread] p2a,p2b\n|-crit|p2a: Flutter Mane\n|-supereffective|p2b: Gyarados\n|-damage|p2a: Flutter Mane|0 fnt\n|-damage|p2b: Gyarados|5\/100\n|faint|p2a: Flutter Mane\n|-end|p2a: Flutter Mane|Protosynthesis|[silent]\n|\n|upkeep\n|inactive|omlov has 25 seconds left this turn.\n|inactive|omlov has 20 seconds left.\n|inactive|omlov has 15 seconds left.\n|\n|t:|1683606325\n|switch|p2a: Iron Hands|Iron Hands, L50|82\/100\n|turn|9\n|inactive|omlov has 15 seconds left this turn.\n|inactive|omlov has 10 seconds left.\n|inactive|omlov has 5 seconds left.\n|-message|omlov forfeited.\n|\n|win|L0LZ4N0m4\n|inactive|omlov has 5 seconds left this turn.\n|raw|L0LZ4N0m4's rating: 1212 → 1242<\/strong> (+30 for winning)\n|raw|omlov's rating: 1288 → 1258<\/strong> (-30 for losing)\n|l|\u2606omlov\n","uploadtime":1683606355,"views":11,"p1id":"l0lz4n0m4","p2id":"omlov","formatid":"gen9vgc2023regulationc","rating":1242,"private":0,"password":""}