{"id":"gen9vgc2023regulationc-1847040388","p1":"marotitobeto03","p2":"StVero","format":"[Gen 9] VGC 2023 Regulation C","log":"|j|\u2606marotitobeto03\n|j|\u2606StVero\n|t:|1681914064\n|gametype|doubles\n|player|p1|marotitobeto03|red|1067\n|player|p2|StVero|2|1129\n|teamsize|p1|6\n|teamsize|p2|6\n|gen|9\n|tier|[Gen 9] VGC 2023 Regulation C\n|rated|\n|rule|Species Clause: Limit one of each Pok\u00e9mon\n|rule|Item Clause: Limit one of each item\n|clearpoke\n|poke|p1|Palafin, L50, M|\n|poke|p1|Flutter Mane, L50|\n|poke|p1|Arcanine, L50, M|\n|poke|p1|Amoonguss, L50, M|\n|poke|p1|Ting-Lu, L50|\n|poke|p1|Roaring Moon, L50|\n|poke|p2|Dragonite, L50, F|\n|poke|p2|Chien-Pao, L50|\n|poke|p2|Farigiraf, L50, M|\n|poke|p2|Hariyama, L50, F|\n|poke|p2|Kingambit, L50, M|\n|poke|p2|Amoonguss, L50, M|\n|teampreview|4\n|inactive|Battle timer is ON: inactive players will automatically lose when time's up. (requested by StVero)\nStVero has agreed to open team sheets.\n|\n|t:|1681914095\n|start\n|switch|p1a: Palafin|Palafin, L50, M|100\/100\n|switch|p1b: Arcanine|Arcanine, L50, M|100\/100\n|switch|p2a: Chien-Pao|Chien-Pao, L50|100\/100\n|switch|p2b: Hariyama|Hariyama, L50, F|100\/100\n|-ability|p2a: Chien-Pao|Sword of Ruin\n|-ability|p1b: Arcanine|Intimidate|boost\n|-unboost|p2a: Chien-Pao|atk|1\n|-unboost|p2b: Hariyama|atk|1\n|turn|1\n|\n|t:|1681914113\n|switch|p2a: Dragonite|Dragonite, L50, F|100\/100\n|detailschange|p1a: Palafin|Palafin-Hero, L50, M\n|switch|p1a: Mike Crack|Amoonguss, L50, M, shiny|100\/100\n|move|p2b: Hariyama|Fake Out|p1b: Arcanine\n|-damage|p1b: Arcanine|90\/100\n|cant|p1b: Arcanine|flinch\n|\n|-status|p2b: Hariyama|brn|[from] item: Flame Orb\n|upkeep\n|turn|2\n|\n|t:|1681914136\n|-terastallize|p2a: Dragonite|Normal\n|move|p2a: Dragonite|Extreme Speed|p1b: Arcanine\n|-damage|p1b: Arcanine|9\/100\n|-enditem|p1b: Arcanine|Sitrus Berry|[eat]\n|-heal|p1b: Arcanine|34\/100|[from] item: Sitrus Berry\n|move|p1b: Arcanine|Will-O-Wisp|p2a: Dragonite\n|-status|p2a: Dragonite|brn\n|move|p2b: Hariyama|Close Combat|p1b: Arcanine\n|-damage|p1b: Arcanine|0 fnt\n|-unboost|p2b: Hariyama|def|1\n|-unboost|p2b: Hariyama|spd|1\n|faint|p1b: Arcanine\n|move|p1a: Mike Crack|Spore||[still]\n|-fail|p1a: Mike Crack\n|\n|-damage|p2a: Dragonite|94\/100 brn|[from] brn\n|-damage|p2b: Hariyama|95\/100 brn|[from] brn\n|upkeep\n|\n|t:|1681914157\n|switch|p1b: Palafin|Palafin-Hero, L50, M|100\/100\n|-activate|p1b: Palafin|ability: Zero to Hero\n|turn|3\n|\n|t:|1681914175\n|switch|p2b: Amoonguss|Amoonguss, L50, M|100\/100\n|move|p2a: Dragonite|Extreme Speed|p1b: Palafin\n|-damage|p1b: Palafin|69\/100\n|move|p1b: Palafin|Wave Crash|p2b: Amoonguss\n|-resisted|p2b: Amoonguss\n|-damage|p2b: Amoonguss|61\/100\n|-damage|p1b: Palafin|55\/100|[from] Recoil\n|move|p1a: Mike Crack|Spore||[still]\n|-fail|p1a: Mike Crack\n|\n|-damage|p2a: Dragonite|88\/100 brn|[from] brn\n|upkeep\n|turn|4\n|\n|t:|1681914197\n|move|p2a: Dragonite|Extreme Speed|p1a: Mike Crack\n|-damage|p1a: Mike Crack|67\/100\n|move|p1a: Mike Crack|Rage Powder|p1a: Mike Crack\n|-singleturn|p1a: Mike Crack|move: Rage Powder\n|move|p1b: Palafin|Wave Crash|p2a: Dragonite\n|-damage|p2a: Dragonite|0 fnt\n|faint|p2a: Dragonite\n|-damage|p1b: Palafin|28\/100|[from] Recoil\n|move|p2b: Amoonguss|Spore|p1b: Palafin\n|-status|p1b: Palafin|slp|[from] move: Spore\n|\n|-heal|p1a: Mike Crack|73\/100|[from] item: Leftovers\n|upkeep\n|\n|t:|1681914210\n|switch|p2a: Chien-Pao|Chien-Pao, L50|100\/100\n|-ability|p2a: Chien-Pao|Sword of Ruin\n|turn|5\n|\n|t:|1681914217\n|switch|p2b: Hariyama|Hariyama, L50, F|95\/100 brn\n|cant|p1b: Palafin|slp\n|move|p2a: Chien-Pao|Taunt|p1a: Mike Crack\n|-start|p1a: Mike Crack|move: Taunt\n|move|p1a: Mike Crack|Pollen Puff|p1b: Palafin\n|-heal|p1b: Palafin|77\/100 slp\n|\n|-heal|p1a: Mike Crack|79\/100|[from] item: Leftovers\n|-damage|p2b: Hariyama|89\/100 brn|[from] brn\n|upkeep\n|turn|6\n|\n|t:|1681914239\n|move|p2a: Chien-Pao|Sucker Punch|p1b: Palafin\n|-damage|p1b: Palafin|34\/100 slp\n|cant|p1b: Palafin|slp\n|move|p2b: Hariyama|Close Combat|p1b: Palafin\n|-damage|p1b: Palafin|0 fnt\n|-unboost|p2b: Hariyama|def|1\n|-unboost|p2b: Hariyama|spd|1\n|faint|p1b: Palafin\n|move|p1a: Mike Crack|Pollen Puff|p1: Palafin|[notarget]\n|-fail|p1a: Mike Crack\n|\n|-heal|p1a: Mike Crack|85\/100|[from] item: Leftovers\n|-damage|p2b: Hariyama|83\/100 brn|[from] brn\n|upkeep\n|\n|t:|1681914252\n|switch|p1b: Flutter Mane|Flutter Mane, L50|100\/100\n|turn|7\n|\n|t:|1681914263\n|move|p2a: Chien-Pao|Sucker Punch|p1b: Flutter Mane\n|-damage|p1b: Flutter Mane|7\/100\n|move|p2b: Hariyama|Bullet Punch|p1b: Flutter Mane\n|-supereffective|p1b: Flutter Mane\n|-damage|p1b: Flutter Mane|0 fnt\n|faint|p1b: Flutter Mane\n|-end|p1b: Flutter Mane|Protosynthesis|[silent]\n|move|p1a: Mike Crack|Pollen Puff|p2a: Chien-Pao\n|-supereffective|p2a: Chien-Pao\n|-damage|p2a: Chien-Pao|44\/100\n|\n|-heal|p1a: Mike Crack|91\/100|[from] item: Leftovers\n|-damage|p2b: Hariyama|77\/100 brn|[from] brn\n|-end|p1a: Mike Crack|move: Taunt\n|upkeep\n|turn|8\n|\n|t:|1681914284\n|move|p2a: Chien-Pao|Ice Spinner|p1a: Mike Crack\n|-supereffective|p1a: Mike Crack\n|-damage|p1a: Mike Crack|0 fnt\n|faint|p1a: Mike Crack\n|\n|win|StVero\n|raw|marotitobeto03's rating: 1067 → 1050<\/strong> (-17 for losing)\n|raw|StVero's rating: 1129 → 1150<\/strong> (+21 for winning)\n|l|\u2606marotitobeto03\n","uploadtime":1681914429,"views":10,"p1id":"marotitobeto03","p2id":"stvero","formatid":"gen9vgc2023regulationc","rating":1050,"private":0,"password":""}