{"id":"gen9vgc2023regulationc-1848138159","p1":"ihatesplatoon","p2":"OUDJ flamigo","format":"[Gen 9] VGC 2023 Regulation C","log":"|j|\u2606ihatesplatoon\n|j|\u2606OUDJ flamigo\n|t:|1682034138\n|gametype|doubles\n|player|p1|ihatesplatoon|101|1147\n|player|p2|OUDJ flamigo|unknownf|1053\n|teamsize|p1|6\n|teamsize|p2|6\n|gen|9\n|tier|[Gen 9] VGC 2023 Regulation C\n|rated|\n|rule|Species Clause: Limit one of each Pok\u00e9mon\n|rule|Item Clause: Limit one of each item\n|clearpoke\n|poke|p1|Chien-Pao, L50|\n|poke|p1|Tatsugiri, L50, M|\n|poke|p1|Dondozo, L50, M|\n|poke|p1|Scream Tail, L50|\n|poke|p1|Dragonite, L50, M|\n|poke|p1|Gholdengo, L50|\n|poke|p2|Annihilape, L50, F|\n|poke|p2|Orthworm, L50, F|\n|poke|p2|Sableye, L50, F|\n|poke|p2|Roaring Moon, L50|\n|poke|p2|Flamigo, L50, M|\n|poke|p2|Kingambit, L50, M|\n|teampreview|4\n|inactive|Battle timer is ON: inactive players will automatically lose when time's up. (requested by OUDJ flamigo)\n|inactive|ihatesplatoon has 60 seconds left.\n|\n|t:|1682034192\n|start\n|switch|p1a: Scream Tail|Scream Tail, L50|100\/100\n|switch|p1b: Chien-Pao|Chien-Pao, L50|100\/100\n|switch|p2a: Sableye|Sableye, L50, F|100\/100\n|switch|p2b: Orthworm|Orthworm, L50, F|100\/100\n|-ability|p1b: Chien-Pao|Sword of Ruin\n|-enditem|p1a: Scream Tail|Booster Energy\n|-activate|p1a: Scream Tail|ability: Protosynthesis|[fromitem]\n|-start|p1a: Scream Tail|protosynthesisspe\n|turn|1\n|\n|t:|1682034215\n|-terastallize|p1b: Chien-Pao|Ghost\n|move|p2a: Sableye|Reflect|p2a: Sableye\n|-sidestart|p2: OUDJ flamigo|Reflect\n|move|p1a: Scream Tail|Howl|p1a: Scream Tail|[spread] p1a,p1b\n|-boost|p1a: Scream Tail|atk|1\n|-boost|p1b: Chien-Pao|atk|1\n|move|p1b: Chien-Pao|Sacred Sword|p2b: Orthworm\n|-supereffective|p2b: Orthworm\n|-damage|p2b: Orthworm|38\/100\n|-enditem|p2b: Orthworm|Sitrus Berry|[eat]\n|-heal|p2b: Orthworm|63\/100|[from] item: Sitrus Berry\n|move|p2b: Orthworm|Heavy Slam|p1a: Scream Tail\n|-supereffective|p1a: Scream Tail\n|-damage|p1a: Scream Tail|17\/100\n|\n|upkeep\n|turn|2\n|inactive|ihatesplatoon has 30 seconds left.\n|inactive|OUDJ flamigo has 30 seconds left.\n|\n|t:|1682034241\n|move|p2a: Sableye|Light Screen|p2a: Sableye\n|-sidestart|p2: OUDJ flamigo|move: Light Screen\n|move|p1a: Scream Tail|Play Rough|p2a: Sableye|[miss]\n|-miss|p1a: Scream Tail|p2a: Sableye\n|move|p1b: Chien-Pao|Sacred Sword|p2b: Orthworm\n|-supereffective|p2b: Orthworm\n|-damage|p2b: Orthworm|1\/100\n|move|p2b: Orthworm|Heavy Slam|p1a: Scream Tail\n|-supereffective|p1a: Scream Tail\n|-damage|p1a: Scream Tail|0 fnt\n|faint|p1a: Scream Tail\n|-end|p1a: Scream Tail|Protosynthesis|[silent]\n|\n|upkeep\n|\n|t:|1682034264\n|switch|p1a: Tatsugiri|Tatsugiri, L50, M|100\/100\n|turn|3\n|\n|t:|1682034275\n|switch|p2b: Annihilape|Annihilape, L50, F|100\/100\n|move|p2a: Sableye|Encore|p1b: Chien-Pao\n|-start|p1b: Chien-Pao|Encore\n|move|p1a: Tatsugiri|Icy Wind|p2a: Sableye|[spread] p2a,p2b\n|-damage|p2a: Sableye|87\/100\n|-damage|p2b: Annihilape|92\/100\n|-unboost|p2a: Sableye|spe|1\n|-unboost|p2b: Annihilape|spe|1\n|-ability|p2b: Annihilape|Defiant|boost\n|-boost|p2b: Annihilape|atk|2\n|move|p1b: Chien-Pao|Sacred Sword|p2a: Sableye\n|-immune|p2a: Sableye\n|\n|-heal|p2b: Annihilape|98\/100|[from] item: Leftovers\n|upkeep\n|turn|4\n|inactive|ihatesplatoon has 30 seconds left.\n|\n|t:|1682034303\n|switch|p1b: Dondozo|Dondozo, L50, M|100\/100\n|-activate|p1a: Tatsugiri|ability: Commander|[of] p1b: Dondozo\n|-boost|p1b: Dondozo|atk|2\n|-boost|p1b: Dondozo|spa|2\n|-boost|p1b: Dondozo|spe|2\n|-boost|p1b: Dondozo|def|2\n|-boost|p1b: Dondozo|spd|2\n|move|p2a: Sableye|Encore|p1a: Tatsugiri|[miss]\n|-miss|p2a: Sableye|p1a: Tatsugiri\n|move|p2b: Annihilape|Rage Fist|p1b: Dondozo\n|-damage|p1b: Dondozo|81\/100\n|\n|-heal|p1b: Dondozo|87\/100|[from] item: Leftovers\n|-heal|p2b: Annihilape|100\/100|[from] item: Leftovers\n|upkeep\n|turn|5\n|inactive|ihatesplatoon has 30 seconds left.\n|\n|t:|1682034330\n|switch|p2a: Orthworm|Orthworm, L50, F|1\/100\n|move|p1b: Dondozo|Wave Crash|p2a: Orthworm\n|-damage|p2a: Orthworm|0 fnt\n|faint|p2a: Orthworm\n|-damage|p1b: Dondozo|86\/100|[from] Recoil\n|move|p2b: Annihilape|Taunt|p1b: Dondozo\n|-start|p1b: Dondozo|move: Taunt\n|\n|-heal|p1b: Dondozo|93\/100|[from] item: Leftovers\n|upkeep\n|\n|t:|1682034334\n|switch|p2a: Sableye|Sableye, L50, F|87\/100\n|turn|6\n|\n|t:|1682034348\n|move|p2a: Sableye|Fake Out|p1b: Dondozo\n|-crit|p1b: Dondozo\n|-damage|p1b: Dondozo|85\/100\n|cant|p1b: Dondozo|flinch\n|move|p2b: Annihilape|Rage Fist|p1b: Dondozo\n|-damage|p1b: Dondozo|66\/100\n|\n|-heal|p1b: Dondozo|73\/100|[from] item: Leftovers\n|upkeep\n|turn|7\n|\n|t:|1682034372\n|switch|p2a: Kingambit|Kingambit, L50, M|100\/100\n|move|p1b: Dondozo|Wave Crash|p2a: Kingambit\n|-damage|p2a: Kingambit|49\/100\n|-damage|p1b: Dondozo|57\/100|[from] Recoil\n|move|p2b: Annihilape|Rage Fist|p1b: Dondozo\n|-damage|p1b: Dondozo|39\/100\n|\n|-heal|p1b: Dondozo|45\/100|[from] item: Leftovers\n|upkeep\n|turn|8\n|\n|t:|1682034390\n|move|p1b: Dondozo|Wave Crash|p2a: Kingambit\n|-damage|p2a: Kingambit|0 fnt\n|faint|p2a: Kingambit\n|-damage|p1b: Dondozo|30\/100|[from] Recoil\n|move|p2b: Annihilape|Rage Fist|p1b: Dondozo\n|-damage|p1b: Dondozo|12\/100\n|\n|-heal|p1b: Dondozo|18\/100|[from] item: Leftovers\n|-end|p1b: Dondozo|move: Taunt\n|-sideend|p2: OUDJ flamigo|Reflect\n|upkeep\n|\n|t:|1682034397\n|switch|p2a: Sableye|Sableye, L50, F|87\/100\n|turn|9\n|\n|t:|1682034408\n|move|p1b: Dondozo|Protect|p1b: Dondozo\n|-singleturn|p1b: Dondozo|Protect\n|move|p2a: Sableye|Fake Out|p1b: Dondozo\n|-activate|p1b: Dondozo|move: Protect\n|move|p2b: Annihilape|Rage Fist|p1b: Dondozo\n|-activate|p1b: Dondozo|move: Protect\n|\n|-heal|p1b: Dondozo|24\/100|[from] item: Leftovers\n|-sideend|p2: OUDJ flamigo|move: Light Screen\n|upkeep\n|turn|10\n|\n|t:|1682034431\n|move|p2a: Sableye|Encore|p1b: Dondozo\n|-start|p1b: Dondozo|Encore\n|move|p1b: Dondozo|Protect|p1b: Dondozo\n|-singleturn|p1b: Dondozo|Protect\n|move|p2b: Annihilape|Rage Fist|p1b: Dondozo\n|-activate|p1b: Dondozo|move: Protect\n|\n|-heal|p1b: Dondozo|30\/100|[from] item: Leftovers\n|upkeep\n|turn|11\n|\n|t:|1682034441\n|move|p1b: Dondozo|Protect||[still]\n|-fail|p1b: Dondozo\n|move|p2a: Sableye|Reflect|p2a: Sableye\n|-sidestart|p2: OUDJ flamigo|Reflect\n|move|p2b: Annihilape|Taunt|p1b: Dondozo\n|-start|p1b: Dondozo|move: Taunt\n|\n|-heal|p1b: Dondozo|36\/100|[from] item: Leftovers\n|upkeep\n|turn|12\n|\n|t:|1682034452\n|move|p2a: Sableye|Light Screen|p2a: Sableye\n|-sidestart|p2: OUDJ flamigo|move: Light Screen\n|-activate|p1b: Dondozo|move: Struggle\n|move|p1b: Dondozo|Struggle|p2b: Annihilape\n|-damage|p2b: Annihilape|81\/100\n|-damage|p1b: Dondozo|11\/100|[from] recoil\n|move|p2b: Annihilape|Bulk Up|p2b: Annihilape\n|-boost|p2b: Annihilape|atk|1\n|-boost|p2b: Annihilape|def|1\n|\n|-heal|p1b: Dondozo|17\/100|[from] item: Leftovers\n|-heal|p2b: Annihilape|87\/100|[from] item: Leftovers\n|-end|p1b: Dondozo|Encore\n|upkeep\n|turn|13\n|\n|t:|1682034473\n|move|p2a: Sableye|Encore||[still]\n|-fail|p2a: Sableye\n|move|p1b: Dondozo|Wave Crash|p2a: Sableye\n|-damage|p2a: Sableye|17\/100\n|-damage|p1b: Dondozo|1\/100|[from] Recoil\n|move|p2b: Annihilape|Rage Fist|p1b: Dondozo\n|-damage|p1b: Dondozo|0 fnt\n|faint|p1b: Dondozo\n|\n|-heal|p2b: Annihilape|93\/100|[from] item: Leftovers\n|upkeep\n|\n|t:|1682034486\n|switch|p1b: Chien-Pao|Chien-Pao, L50, tera:Ghost|100\/100\n|-ability|p1b: Chien-Pao|Sword of Ruin\n|turn|14\n|inactive|ihatesplatoon has 30 seconds left.\n|\n|t:|1682034520\n|move|p2a: Sableye|Reflect||[still]\n|-fail|p2a: Sableye\n|move|p1a: Tatsugiri|Icy Wind|p2b: Annihilape|[spread] p2a,p2b\n|-damage|p2a: Sableye|4\/100\n|-damage|p2b: Annihilape|85\/100\n|-unboost|p2a: Sableye|spe|1\n|-unboost|p2b: Annihilape|spe|1\n|-ability|p2b: Annihilape|Defiant|boost\n|-boost|p2b: Annihilape|atk|2\n|move|p1b: Chien-Pao|Ice Spinner|p2b: Annihilape\n|-damage|p2b: Annihilape|61\/100\n|move|p2b: Annihilape|Rage Fist|p1a: Tatsugiri\n|-damage|p1a: Tatsugiri|0 fnt\n|faint|p1a: Tatsugiri\n|\n|-heal|p2b: Annihilape|67\/100|[from] item: Leftovers\n|upkeep\n|turn|15\n|\n|t:|1682034542\n|-terastallize|p2b: Annihilape|Fire\n|move|p2a: Sableye|Encore|p1b: Chien-Pao\n|-start|p1b: Chien-Pao|Encore\n|move|p1b: Chien-Pao|Ice Spinner|p2b: Annihilape\n|-resisted|p2b: Annihilape\n|-damage|p2b: Annihilape|55\/100\n|move|p2b: Annihilape|Rage Fist|p1b: Chien-Pao\n|-supereffective|p1b: Chien-Pao\n|-enditem|p1b: Chien-Pao|Focus Sash\n|-damage|p1b: Chien-Pao|1\/100\n|\n|-heal|p2b: Annihilape|61\/100|[from] item: Leftovers\n|upkeep\n|turn|16\n|c|\u2606ihatesplatoon|ggs\n|-message|ihatesplatoon forfeited.\n|\n|win|OUDJ flamigo\n|raw|ihatesplatoon's rating: 1147 → 1115<\/strong> (-32 for losing)\n|raw|OUDJ flamigo's rating: 1053 → 1094<\/strong> (+41 for winning)\n|l|\u2606ihatesplatoon\n","uploadtime":1682034559,"views":9,"p1id":"ihatesplatoon","p2id":"oudjflamigo","formatid":"gen9vgc2023regulationc","rating":1094,"private":0,"password":""}