{"id":"gen9vgc2023regulationc-1860872523","p1":"afsdgg","p2":"bway","format":"[Gen 9] VGC 2023 Regulation C","log":"|j|\u2606afsdgg\n|j|\u2606bway\n|t:|1683688544\n|gametype|doubles\n|player|p1|afsdgg|101|1068\n|player|p2|bway|hilda|1053\n|teamsize|p1|6\n|teamsize|p2|6\n|gen|9\n|tier|[Gen 9] VGC 2023 Regulation C\n|rated|\n|rule|Species Clause: Limit one of each Pok\u00e9mon\n|rule|Item Clause: Limit one of each item\n|clearpoke\n|poke|p1|Scizor, L50, M|\n|poke|p1|Gyarados, L50, M|\n|poke|p1|Tyranitar, L50, F|\n|poke|p1|Chien-Pao, L50|\n|poke|p1|Flutter Mane, L50|\n|poke|p1|Ceruledge, L50, F|\n|poke|p2|Kingambit, L50, F|\n|poke|p2|Torkoal, L50, M|\n|poke|p2|Flutter Mane, L50|\n|poke|p2|Jumpluff, L50, M|\n|poke|p2|Great Tusk, L50|\n|poke|p2|Chien-Pao, L50|\n|teampreview|4\nbway has agreed to open team sheets.\nafsdgg rejected open team sheets.\n|inactive|Battle timer is ON: inactive players will automatically lose when time's up. (requested by afsdgg)\n|inactive|bway has 60 seconds left.\n|\n|t:|1683688606\n|start\n|switch|p1a: Scizor|Scizor, L50, M|100\/100\n|switch|p1b: Gyarados|Gyarados, L50, M|100\/100\n|switch|p2a: Great Tusk|Great Tusk, L50|100\/100\n|switch|p2b: Chien-Pao|Chien-Pao, L50|100\/100\n|-ability|p2b: Chien-Pao|Sword of Ruin\n|-ability|p1b: Gyarados|Intimidate|boost\n|-unboost|p2a: Great Tusk|atk|1\n|-unboost|p2b: Chien-Pao|atk|1\n|turn|1\n|\n|t:|1683688626\n|switch|p2b: Kingambit|Kingambit, L50, F|100\/100\n|move|p1a: Scizor|Bullet Punch|p2b: Kingambit\n|-resisted|p2b: Kingambit\n|-damage|p2b: Kingambit|85\/100\n|move|p2a: Great Tusk|Rock Slide|p1a: Scizor|[spread] p1a,p1b\n|-supereffective|p1b: Gyarados\n|-damage|p1a: Scizor|86\/100\n|-damage|p1b: Gyarados|64\/100\n|move|p1b: Gyarados|Dragon Dance|p1b: Gyarados\n|-boost|p1b: Gyarados|atk|1\n|-boost|p1b: Gyarados|spe|1\n|\n|-heal|p1b: Gyarados|70\/100|[from] item: Leftovers\n|upkeep\n|turn|2\n|inactive|afsdgg has 30 seconds left.\n|\n|t:|1683688652\n|-terastallize|p1b: Gyarados|Flying\n|-terastallize|p2b: Kingambit|Fire\n|move|p2a: Great Tusk|Rock Slide|p1a: Scizor|[spread] p1a,p1b\n|-crit|p1a: Scizor\n|-supereffective|p1b: Gyarados\n|-damage|p1a: Scizor|55\/100\n|-damage|p1b: Gyarados|33\/100\n|move|p1b: Gyarados|Tera Blast|p2a: Great Tusk\n|-supereffective|p2a: Great Tusk\n|-damage|p2a: Great Tusk|0 fnt\n|faint|p2a: Great Tusk\n|-end|p2a: Great Tusk|Protosynthesis|[silent]\n|move|p1a: Scizor|Close Combat|p2b: Kingambit\n|-damage|p2b: Kingambit|42\/100\n|-unboost|p1a: Scizor|def|1\n|-unboost|p1a: Scizor|spd|1\n|move|p2b: Kingambit|Tera Blast|p1a: Scizor\n|-supereffective|p1a: Scizor\n|-crit|p1a: Scizor\n|-damage|p1a: Scizor|0 fnt\n|faint|p1a: Scizor\n|\n|-heal|p1b: Gyarados|39\/100|[from] item: Leftovers\n|upkeep\n|\n|t:|1683688673\n|switch|p2a: Chien-Pao|Chien-Pao, L50|100\/100\n|switch|p1a: Flutter Mane|Flutter Mane, L50|100\/100\n|-ability|p2a: Chien-Pao|Sword of Ruin\n|-enditem|p1a: Flutter Mane|Booster Energy\n|-activate|p1a: Flutter Mane|ability: Protosynthesis|[fromitem]\n|-start|p1a: Flutter Mane|protosynthesisspe\n|turn|3\n|\n|t:|1683688693\n|move|p1a: Flutter Mane|Moonblast|p2a: Chien-Pao\n|-supereffective|p2a: Chien-Pao\n|-enditem|p2a: Chien-Pao|Focus Sash\n|-damage|p2a: Chien-Pao|1\/100\n|-unboost|p2a: Chien-Pao|spa|1\n|move|p2a: Chien-Pao|Ice Spinner|p1b: Gyarados\n|-supereffective|p1b: Gyarados\n|-damage|p1b: Gyarados|0 fnt\n|faint|p1b: Gyarados\n|move|p2b: Kingambit|Iron Head|p1a: Flutter Mane\n|-supereffective|p1a: Flutter Mane\n|-damage|p1a: Flutter Mane|0 fnt\n|faint|p1a: Flutter Mane\n|-end|p1a: Flutter Mane|Protosynthesis|[silent]\n|\n|upkeep\n|\n|t:|1683688708\n|switch|p1b: Tyranitar|Tyranitar, L50, F|100\/100\n|-weather|Sandstorm|[from] ability: Sand Stream|[of] p1b: Tyranitar\n|turn|4\n|\n|t:|1683688727\n|move|p2a: Chien-Pao|Ice Spinner|p1b: Tyranitar\n|-damage|p1b: Tyranitar|54\/100\n|move|p1b: Tyranitar|Rock Slide|p2a: Chien-Pao|[spread] p2a,p2b\n|-supereffective|p2a: Chien-Pao\n|-supereffective|p2b: Kingambit\n|-damage|p2a: Chien-Pao|0 fnt\n|-damage|p2b: Kingambit|0 fnt\n|faint|p2a: Chien-Pao\n|faint|p2b: Kingambit\n|\n|-weather|Sandstorm|[upkeep]\n|upkeep\n|\n|t:|1683688736\n|switch|p2b: Flutter Mane|Flutter Mane, L50|100\/100\n|turn|5\n|\n|t:|1683688740\n|move|p2b: Flutter Mane|Moonblast|p1b: Tyranitar\n|-supereffective|p1b: Tyranitar\n|-damage|p1b: Tyranitar|0 fnt\n|faint|p1b: Tyranitar\n|\n|win|bway\n|raw|afsdgg's rating: 1068 → 1047<\/strong> (-21 for losing)\n|raw|bway's rating: 1053 → 1086<\/strong> (+33 for winning)\n","uploadtime":1683688746,"views":19,"p1id":"afsdgg","p2id":"bway","formatid":"gen9vgc2023regulationc","rating":1047,"private":0,"password":""}