{"id":"gen9vgc2023regulationc-1855132054","p1":"huoqiushu233","p2":"jeffman323","format":"[Gen 9] VGC 2023 Regulation C","log":"|j|\u2606huoqiushu233\n|j|\u2606jeffman323\n|t:|1682905168\n|gametype|doubles\n|player|p1|huoqiushu233|1|1473\n|player|p2|jeffman323|steven|1518\n|teamsize|p1|6\n|teamsize|p2|6\n|gen|9\n|tier|[Gen 9] VGC 2023 Regulation C\n|rated|\n|rule|Species Clause: Limit one of each Pok\u00e9mon\n|rule|Item Clause: Limit one of each item\n|clearpoke\n|poke|p1|Abomasnow, L50, F|\n|poke|p1|Cetitan, L50, F|\n|poke|p1|Maushold-Four, L50|\n|poke|p1|Glimmora, L50, F|\n|poke|p1|Iron Bundle, L50|\n|poke|p1|Chi-Yu, L50|\n|poke|p2|Hatterene, L50, F|\n|poke|p2|Azumarill, L50, F|\n|poke|p2|Slither Wing, L50|\n|poke|p2|Kingambit, L50, M|\n|poke|p2|Iron Hands, L50|\n|poke|p2|Stantler, L50, F|\n|teampreview|4\njeffman323 has agreed to open team sheets.\n|\n|t:|1682905213\n|start\n|switch|p1a: Maushold|Maushold-Four, L50|100\/100\n|switch|p1b: Chi-Yu|Chi-Yu, L50|100\/100\n|switch|p2a: Iron Hands|Iron Hands, L50|100\/100\n|switch|p2b: Hatterene|Hatterene, L50, F|100\/100\n|-ability|p1b: Chi-Yu|Beads of Ruin\n|turn|1\n|inactive|Battle timer is ON: inactive players will automatically lose when time's up. (requested by huoqiushu233)\n|\n|t:|1682905229\n|-terastallize|p1a: Maushold|Ghost\n|move|p2a: Iron Hands|Fake Out|p1a: Maushold\n|-immune|p1a: Maushold\n|move|p1b: Chi-Yu|Snarl|p2a: Iron Hands|[spread] p2a,p2b\n|-resisted|p2a: Iron Hands\n|-damage|p2a: Iron Hands|90\/100\n|-damage|p2b: Hatterene|69\/100\n|-unboost|p2a: Iron Hands|spa|1\n|-unboost|p2b: Hatterene|spa|1\n|move|p1a: Maushold|Population Bomb|p2b: Hatterene\n|-damage|p2b: Hatterene|61\/100\n|-damage|p2b: Hatterene|54\/100\n|-damage|p2b: Hatterene|46\/100\n|-damage|p2b: Hatterene|39\/100\n|-hitcount|p2b: Hatterene|4\n|move|p2b: Hatterene|Trick Room|p2b: Hatterene\n|-fieldstart|move: Trick Room|[of] p2b: Hatterene\n|\n|upkeep\n|turn|2\n|inactive|jeffman323 has 30 seconds left.\n|\n|t:|1682905254\n|move|p1a: Maushold|Follow Me|p1a: Maushold\n|-singleturn|p1a: Maushold|move: Follow Me\n|move|p2b: Hatterene|Dazzling Gleam|p1a: Maushold|[spread] p1a,p1b\n|-damage|p1a: Maushold|61\/100\n|-damage|p1b: Chi-Yu|83\/100\n|move|p2a: Iron Hands|Thunder Punch|p1a: Maushold\n|-damage|p1a: Maushold|13\/100\n|move|p1b: Chi-Yu|Snarl|p2b: Hatterene|[spread] p2a,p2b\n|-resisted|p2a: Iron Hands\n|-damage|p2a: Iron Hands|80\/100\n|-damage|p2b: Hatterene|4\/100\n|-unboost|p2a: Iron Hands|spa|1\n|-unboost|p2b: Hatterene|spa|1\n|\n|upkeep\n|turn|3\n|\n|t:|1682905270\n|switch|p1b: Glimmora|Glimmora, L50, F|100\/100\n|move|p1a: Maushold|Protect|p1a: Maushold\n|-singleturn|p1a: Maushold|Protect\n|move|p2b: Hatterene|Dazzling Gleam|p1b: Glimmora|[spread] p1b\n|-activate|p1a: Maushold|move: Protect\n|-resisted|p1b: Glimmora\n|-damage|p1b: Glimmora|96\/100\n|move|p2a: Iron Hands|Drain Punch|p1b: Glimmora\n|-crit|p1b: Glimmora\n|-damage|p1b: Glimmora|48\/100\n|-heal|p2a: Iron Hands|97\/100|[from] drain|[of] p1b: Glimmora\n|-activate|p1b: Glimmora|ability: Toxic Debris\n|-sidestart|p2: jeffman323|move: Toxic Spikes\n|\n|upkeep\n|turn|4\n|\n|t:|1682905290\n|switch|p2b: Slither Wing|Slither Wing, L50|100\/100\n|-enditem|p2b: Slither Wing|Booster Energy\n|-activate|p2b: Slither Wing|ability: Protosynthesis|[fromitem]\n|-start|p2b: Slither Wing|protosynthesisatk\n|-status|p2b: Slither Wing|psn\n|move|p1a: Maushold|Follow Me|p1a: Maushold\n|-singleturn|p1a: Maushold|move: Follow Me\n|move|p2a: Iron Hands|Earthquake|p1b: Glimmora|[spread] p2b,p1a,p1b\n|-resisted|p2b: Slither Wing\n|-supereffective|p1b: Glimmora\n|-damage|p2b: Slither Wing|84\/100 psn\n|-damage|p1a: Maushold|0 fnt\n|-damage|p1b: Glimmora|0 fnt\n|-activate|p1b: Glimmora|ability: Toxic Debris\n|-sidestart|p2: jeffman323|move: Toxic Spikes\n|faint|p1a: Maushold\n|faint|p1b: Glimmora\n|\n|-damage|p2b: Slither Wing|72\/100 psn|[from] psn\n|upkeep\n|\n|t:|1682905305\n|switch|p1b: Chi-Yu|Chi-Yu, L50|83\/100\n|switch|p1a: Cetitan|Cetitan, L50, F|100\/100\n|-ability|p1b: Chi-Yu|Beads of Ruin\n|turn|5\n|inactive|jeffman323 has 30 seconds left.\n|\n|t:|1682905332\n|move|p2b: Slither Wing|First Impression|p1b: Chi-Yu\n|-damage|p1b: Chi-Yu|0 fnt\n|faint|p1b: Chi-Yu\n|move|p2a: Iron Hands|Drain Punch|p1a: Cetitan\n|-supereffective|p1a: Cetitan\n|-damage|p1a: Cetitan|26\/100\n|-heal|p2a: Iron Hands|100\/100|[from] drain|[of] p1a: Cetitan\n|-enditem|p1a: Cetitan|Sitrus Berry|[eat]\n|-heal|p1a: Cetitan|51\/100|[from] item: Sitrus Berry\n|move|p1a: Cetitan|Belly Drum|p1a: Cetitan\n|-damage|p1a: Cetitan|1\/100\n|-setboost|p1a: Cetitan|atk|6|[from] move: Belly Drum\n|\n|-damage|p2b: Slither Wing|59\/100 psn|[from] psn\n|-fieldend|move: Trick Room\n|upkeep\n|turn|6\n|\n|t:|1682905346\n|move|p1a: Cetitan|Earthquake|p2b: Slither Wing|[spread] p2a,p2b\n|-supereffective|p2a: Iron Hands\n|-resisted|p2b: Slither Wing\n|-damage|p2a: Iron Hands|0 fnt\n|-damage|p2b: Slither Wing|7\/100 psn\n|faint|p2a: Iron Hands\n|-end|p2a: Iron Hands|Quark Drive|[silent]\n|move|p2b: Slither Wing|Leech Life|p1a: Cetitan\n|-damage|p1a: Cetitan|0 fnt\n|-heal|p2b: Slither Wing|8\/100 psn|[from] drain|[of] p1a: Cetitan\n|faint|p1a: Cetitan\n|\n|win|jeffman323\n|raw|huoqiushu233's rating: 1473 → 1456<\/strong> (-17 for losing)\n|raw|jeffman323's rating: 1518 → 1535<\/strong> (+17 for winning)\n","uploadtime":1682905349,"views":13,"p1id":"huoqiushu233","p2id":"jeffman323","formatid":"gen9vgc2023regulationc","rating":1456,"private":0,"password":""}