{"id":"gen9vgc2023regulationc-1853047971","p1":"EpicRedditor69","p2":"elpiblo","format":"[Gen 9] VGC 2023 Regulation C","log":"|j|\u2606EpicRedditor69\n|j|\u2606elpiblo\n|t:|1682629215\n|gametype|doubles\n|player|p1|EpicRedditor69|101|1168\n|player|p2|elpiblo|dancer|1137\n|teamsize|p1|6\n|teamsize|p2|6\n|gen|9\n|tier|[Gen 9] VGC 2023 Regulation C\n|rated|\n|rule|Species Clause: Limit one of each Pok\u00e9mon\n|rule|Item Clause: Limit one of each item\n|clearpoke\n|poke|p1|Maushold-Four, L50|\n|poke|p1|Annihilape, L50, M|\n|poke|p1|Iron Valiant, L50|\n|poke|p1|Scream Tail, L50|\n|poke|p1|Garganacl, L50, F|\n|poke|p1|Fletchling, L50, F|\n|poke|p2|Indeedee-F, L50, F|\n|poke|p2|Ting-Lu, L50|\n|poke|p2|Brute Bonnet, L50|\n|poke|p2|Annihilape, L50, M|\n|poke|p2|Scream Tail, L50|\n|poke|p2|Gholdengo, L50|\n|teampreview|4\n|inactive|Battle timer is ON: inactive players will automatically lose when time's up. (requested by EpicRedditor69)\n|inactive|elpiblo has 60 seconds left.\n|\n|t:|1682629249\n|start\n|switch|p1a: Monke|Annihilape, L50, M|100\/100\n|switch|p1b: Wholesome|Iron Valiant, L50|100\/100\n|switch|p2a: Indeedee|Indeedee-F, L50, F|100\/100\n|switch|p2b: Gholdengo|Gholdengo, L50|100\/100\n|-fieldstart|move: Psychic Terrain|[from] ability: Psychic Surge|[of] p2a: Indeedee\n|-enditem|p2a: Indeedee|Psychic Seed\n|-boost|p2a: Indeedee|spd|1|[from] item: Psychic Seed\n|-enditem|p1b: Wholesome|Booster Energy\n|-activate|p1b: Wholesome|ability: Quark Drive|[fromitem]\n|-start|p1b: Wholesome|quarkdrivespe\n|turn|1\n|\n|t:|1682629265\n|move|p2b: Gholdengo|Protect|p2b: Gholdengo\n|-singleturn|p2b: Gholdengo|Protect\n|move|p1b: Wholesome|Destiny Bond|p1b: Wholesome\n|-singlemove|p1b: Wholesome|Destiny Bond\n|move|p1a: Monke|Final Gambit|p2a: Indeedee\n|-damage|p2a: Indeedee|0 fnt\n|faint|p1a: Monke\n|faint|p2a: Indeedee\n|\n|upkeep\n|\n|t:|1682629276\n|switch|p1a: Loud|Scream Tail, L50|100\/100\n|switch|p2a: Ting-Lu|Ting-Lu, L50|100\/100\n|-ability|p2a: Ting-Lu|Vessel of Ruin\n|turn|2\n|\n|t:|1682629289\n|move|p1a: Loud|Protect|p1a: Loud\n|-singleturn|p1a: Loud|Protect\n|move|p2b: Gholdengo|Make It Rain|p1a: Loud|[spread] p1b\n|-activate|p1a: Loud|move: Protect\n|-supereffective|p1b: Wholesome\n|-damage|p1b: Wholesome|0 fnt\n|-unboost|p2b: Gholdengo|spa|1\n|faint|p1b: Wholesome\n|-activate|p1b: Wholesome|move: Destiny Bond\n|-end|p1b: Wholesome|Quark Drive|[silent]\n|faint|p2b: Gholdengo\n|move|p2a: Ting-Lu|Fissure|p1a: Loud\n|-activate|p1a: Loud|move: Protect\n|\n|upkeep\n|\n|t:|1682629302\n|switch|p1b: Trollface|Fletchling, L50, F|100\/100\n|switch|p2b: Annihilape|Annihilape, L50, M|100\/100\n|turn|3\n|\n|t:|1682629323\n|move|p1b: Trollface|Protect|p1b: Trollface\n|-singleturn|p1b: Trollface|Protect\n|move|p1a: Loud|Perish Song|p1a: Loud\n|-start|p1a: Loud|perish3|[silent]\n|-start|p1b: Trollface|perish3|[silent]\n|-start|p2a: Ting-Lu|perish3|[silent]\n|-start|p2b: Annihilape|perish3|[silent]\n|-fieldactivate|move: Perish Song\n|move|p2b: Annihilape|Acrobatics|p1b: Trollface\n|-activate|p1b: Trollface|move: Protect\n|move|p2a: Ting-Lu|Fissure|p1a: Loud|[miss]\n|-miss|p2a: Ting-Lu|p1a: Loud\n|\n|-start|p1a: Loud|perish3\n|-start|p2b: Annihilape|perish3\n|-start|p1b: Trollface|perish3\n|-start|p2a: Ting-Lu|perish3\n|-status|p1b: Trollface|tox|[from] item: Toxic Orb\n|upkeep\n|turn|4\n|c|\u2606EpicRedditor69|gg\n|\n|t:|1682629347\n|move|p1b: Trollface|Fly||[still]\n|-prepare|p1b: Trollface|Fly\n|move|p1a: Loud|Dazzling Gleam|p2a: Ting-Lu|[spread] p2a,p2b\n|-supereffective|p2a: Ting-Lu\n|-supereffective|p2b: Annihilape\n|-damage|p2a: Ting-Lu|89\/100\n|-damage|p2b: Annihilape|81\/100\n|move|p2b: Annihilape|Acrobatics|p1b: Trollface|[miss]\n|-miss|p2b: Annihilape|p1b: Trollface\n|move|p2a: Ting-Lu|Fissure|p1a: Loud|[miss]\n|-miss|p2a: Ting-Lu|p1a: Loud\n|\n|-damage|p1b: Trollface|95\/100 tox|[from] psn\n|-start|p1a: Loud|perish2\n|-start|p2b: Annihilape|perish2\n|-start|p1b: Trollface|perish2\n|-start|p2a: Ting-Lu|perish2\n|upkeep\n|turn|5\n|\n|t:|1682629369\n|move|p1a: Loud|Protect|p1a: Loud\n|-singleturn|p1a: Loud|Protect\n|move|p2b: Annihilape|Acrobatics|p1b: Trollface|[miss]\n|-miss|p2b: Annihilape|p1b: Trollface\n|move|p1b: Trollface|Fly|p2a: Ting-Lu|[from]lockedmove\n|-damage|p2a: Ting-Lu|81\/100\n|move|p2a: Ting-Lu|Fissure|p1a: Loud\n|-activate|p1a: Loud|move: Protect\n|\n|-damage|p1b: Trollface|83\/100 tox|[from] psn\n|-start|p1a: Loud|perish1\n|-start|p2b: Annihilape|perish1\n|-start|p1b: Trollface|perish1\n|-start|p2a: Ting-Lu|perish1\n|-fieldend|move: Psychic Terrain\n|upkeep\n|turn|6\n|inactive|elpiblo has 30 seconds left.\n|\n|t:|1682629398\n|move|p1b: Trollface|Protect|p1b: Trollface\n|-singleturn|p1b: Trollface|Protect\n|move|p2b: Annihilape|Acrobatics|p1b: Trollface\n|-activate|p1b: Trollface|move: Protect\n|move|p2a: Ting-Lu|Fissure|p1a: Loud|[miss]\n|-miss|p2a: Ting-Lu|p1a: Loud\n|move|p1a: Loud|Trick Room|p1a: Loud\n|-fieldstart|move: Trick Room|[of] p1a: Loud\n|-enditem|p2b: Annihilape|Room Service\n|-unboost|p2b: Annihilape|spe|1|[from] item: Room Service\n|\n|-damage|p1b: Trollface|65\/100 tox|[from] psn\n|-start|p2b: Annihilape|perish0\n|-start|p2a: Ting-Lu|perish0\n|-start|p1b: Trollface|perish0\n|-start|p1a: Loud|perish0\n|faint|p2b: Annihilape\n|faint|p2a: Ting-Lu\n|faint|p1b: Trollface\n|faint|p1a: Loud\n|-end|p1a: Loud|Protosynthesis|[silent]\n|\n|win|EpicRedditor69\n|upkeep\n|raw|EpicRedditor69's rating: 1168 → 1191<\/strong> (+23 for winning)\n|raw|elpiblo's rating: 1137 → 1114<\/strong> (-23 for losing)\n","uploadtime":1682629434,"views":13,"p1id":"epicredditor69","p2id":"elpiblo","formatid":"gen9vgc2023regulationc","rating":1114,"private":0,"password":""}