{"id":"gen9vgc2023regulationc-1860096741","p1":"Jeilly","p2":"tomciv20","format":"[Gen 9] VGC 2023 Regulation C","log":"|j|\u2606Jeilly\n|j|\u2606tomciv20\n|t:|1683594798\n|gametype|doubles\n|player|p1|Jeilly|rosa|1057\n|player|p2|tomciv20|266|1016\n|teamsize|p1|6\n|teamsize|p2|6\n|gen|9\n|tier|[Gen 9] VGC 2023 Regulation C\n|rated|\n|rule|Species Clause: Limit one of each Pok\u00e9mon\n|rule|Item Clause: Limit one of each item\n|clearpoke\n|poke|p1|Palafin, L50, M|\n|poke|p1|Chien-Pao, L50|\n|poke|p1|Dragapult, L50, M|\n|poke|p1|Amoonguss, L50, F|\n|poke|p1|Arcanine, L50, M|\n|poke|p1|Flutter Mane, L50|\n|poke|p2|Pachirisu, L50, F|\n|poke|p2|Cloyster, L50, F|\n|poke|p2|Flamigo, L50, F|\n|poke|p2|Garganacl, L50, F|\n|poke|p2|Toxicroak, L50, F|\n|poke|p2|Oranguru, L50, F|\n|teampreview|4\n|inactive|Battle timer is ON: inactive players will automatically lose when time's up. (requested by tomciv20)\nJeilly has agreed to open team sheets.\n|inactive|Jeilly has 60 seconds left.\n|\n|t:|1683594840\n|start\n|switch|p1a: Bundle|Chien-Pao, L50|100\/100\n|switch|p1b: Dnite|Dragapult, L50, M|100\/100\n|switch|p2a: Cloyster|Cloyster, L50, F|100\/100\n|switch|p2b: Pachirisu|Pachirisu, L50, F|100\/100\n|-ability|p1a: Bundle|Sword of Ruin\n|turn|1\n|inactive|Jeilly has 30 seconds left.\n|\n|t:|1683594871\n|move|p2b: Pachirisu|Follow Me|p2b: Pachirisu\n|-singleturn|p2b: Pachirisu|move: Follow Me\n|move|p1b: Dnite|U-turn|p2b: Pachirisu\n|-damage|p2b: Pachirisu|54\/100\n|\n|t:|1683594878\n|switch|p1b: ChiYu|Arcanine, L50, M|100\/100|[from] U-turn\n|-ability|p1b: ChiYu|Intimidate|boost\n|-unboost|p2a: Cloyster|atk|1\n|-enditem|p2a: Cloyster|Adrenaline Orb\n|-boost|p2a: Cloyster|spe|1|[from] item: Adrenaline Orb\n|-unboost|p2b: Pachirisu|atk|1\n|move|p1a: Bundle|Sacred Sword|p2b: Pachirisu\n|-damage|p2b: Pachirisu|10\/100\n|-enditem|p2b: Pachirisu|Sitrus Berry|[eat]\n|-heal|p2b: Pachirisu|35\/100|[from] item: Sitrus Berry\n|move|p2a: Cloyster|Icicle Spear|p1b: ChiYu\n|-resisted|p1b: ChiYu\n|-damage|p1b: ChiYu|94\/100\n|-resisted|p1b: ChiYu\n|-damage|p1b: ChiYu|90\/100\n|-resisted|p1b: ChiYu\n|-damage|p1b: ChiYu|85\/100\n|-resisted|p1b: ChiYu\n|-damage|p1b: ChiYu|80\/100\n|-resisted|p1b: ChiYu\n|-damage|p1b: ChiYu|74\/100\n|-hitcount|p1b: ChiYu|5\n|\n|upkeep\n|turn|2\n|inactive|Jeilly has 30 seconds left.\n|\n|t:|1683594911\n|move|p2b: Pachirisu|Follow Me|p2b: Pachirisu\n|-singleturn|p2b: Pachirisu|move: Follow Me\n|move|p1a: Bundle|Sucker Punch||[still]\n|-fail|p1a: Bundle\n|move|p2a: Cloyster|Shell Smash|p2a: Cloyster\n|-unboost|p2a: Cloyster|def|1\n|-unboost|p2a: Cloyster|spd|1\n|-boost|p2a: Cloyster|atk|2\n|-boost|p2a: Cloyster|spa|2\n|-boost|p2a: Cloyster|spe|2\n|move|p1b: ChiYu|Will-O-Wisp|p2b: Pachirisu\n|-status|p2b: Pachirisu|brn\n|\n|-damage|p2b: Pachirisu|29\/100 brn|[from] brn\n|upkeep\n|turn|3\n|inactive|Jeilly has 30 seconds left.\n|inactive|Jeilly has 20 seconds left.\n|inactive|Jeilly has 15 seconds left.\n|inactive|Jeilly has 10 seconds left.\n|\n|t:|1683594956\n|move|p2b: Pachirisu|Follow Me|p2b: Pachirisu\n|-singleturn|p2b: Pachirisu|move: Follow Me\n|move|p2a: Cloyster|Rock Blast|p1a: Bundle\n|-supereffective|p1a: Bundle\n|-damage|p1a: Bundle|71\/100\n|-supereffective|p1a: Bundle\n|-damage|p1a: Bundle|43\/100\n|-supereffective|p1a: Bundle\n|-damage|p1a: Bundle|15\/100\n|-supereffective|p1a: Bundle\n|-damage|p1a: Bundle|0 fnt\n|faint|p1a: Bundle\n|-hitcount|p1: Bundle|4\n|move|p1b: ChiYu|Flare Blitz|p2b: Pachirisu\n|-damage|p2b: Pachirisu|0 fnt\n|faint|p2b: Pachirisu\n|-damage|p1b: ChiYu|66\/100|[from] Recoil\n|\n|upkeep\n|inactive|Jeilly has 30 seconds left.\n|\n|t:|1683594987\n|switch|p1a: Mimi|Flutter Mane, L50|100\/100\n|switch|p2b: Flamigo|Flamigo, L50, F|100\/100\n|-copyboost|p2b: Flamigo|p2a: Cloyster|[from] ability: Costar\n|-enditem|p1a: Mimi|Booster Energy\n|-activate|p1a: Mimi|ability: Protosynthesis|[fromitem]\n|-start|p1a: Mimi|protosynthesisspa\n|turn|4\n|\n|t:|1683595005\n|move|p2b: Flamigo|Sky Attack||[still]\n|-prepare|p2b: Flamigo|Sky Attack\n|-enditem|p2b: Flamigo|Power Herb\n|-anim|p2b: Flamigo|Sky Attack|p1a: Mimi\n|-damage|p1a: Mimi|0 fnt\n|faint|p1a: Mimi\n|-end|p1a: Mimi|Protosynthesis|[silent]\n|move|p2a: Cloyster|Rock Blast|p1b: ChiYu\n|-supereffective|p1b: ChiYu\n|-damage|p1b: ChiYu|43\/100\n|-supereffective|p1b: ChiYu\n|-damage|p1b: ChiYu|19\/100\n|-supereffective|p1b: ChiYu\n|-damage|p1b: ChiYu|0 fnt\n|faint|p1b: ChiYu\n|-hitcount|p1: ChiYu|3\n|\n|upkeep\n|\n|t:|1683595018\n|switch|p1a: Dnite|Dragapult, L50, M|100\/100\n|turn|5\n|\n|t:|1683595037\n|-terastallize|p1a: Dnite|Steel\n|move|p2b: Flamigo|Acrobatics|p1a: Dnite\n|-resisted|p1a: Dnite\n|-damage|p1a: Dnite|44\/100\n|move|p2a: Cloyster|Icicle Spear|p1a: Dnite\n|-resisted|p1a: Dnite\n|-damage|p1a: Dnite|33\/100\n|-resisted|p1a: Dnite\n|-damage|p1a: Dnite|23\/100\n|-resisted|p1a: Dnite\n|-damage|p1a: Dnite|13\/100\n|-resisted|p1a: Dnite\n|-damage|p1a: Dnite|2\/100\n|-resisted|p1a: Dnite\n|-damage|p1a: Dnite|0 fnt\n|faint|p1a: Dnite\n|-hitcount|p1: Dnite|5\n|\n|win|tomciv20\n|raw|Jeilly's rating: 1057 → 1036<\/strong> (-21 for losing)\n|raw|tomciv20's rating: 1016 → 1058<\/strong> (+42 for winning)\n|l|\u2606Jeilly\n","uploadtime":1683595078,"views":11,"p1id":"jeilly","p2id":"tomciv20","formatid":"gen9vgc2023regulationc","rating":1036,"private":0,"password":""}