{"id":"gen9vgc2023regulationc-1846337448","p1":"Treeckoguy1","p2":"DirtyBongWater1420","format":"[Gen 9] VGC 2023 Regulation C","log":"|j|\u2606Treeckoguy1\n|j|\u2606DirtyBongWater1420\n|t:|1681832762\n|gametype|doubles\n|player|p1|Treeckoguy1|265|1316\n|player|p2|DirtyBongWater1420|265|1219\n|teamsize|p1|6\n|teamsize|p2|6\n|gen|9\n|tier|[Gen 9] VGC 2023 Regulation C\n|rated|\n|rule|Species Clause: Limit one of each Pok\u00e9mon\n|rule|Item Clause: Limit one of each item\n|clearpoke\n|poke|p1|Chien-Pao, L50|\n|poke|p1|Abomasnow, L50, M|\n|poke|p1|Avalugg, L50, M|\n|poke|p1|Frosmoth, L50, M|\n|poke|p1|Baxcalibur, L50, F|\n|poke|p1|Iron Bundle, L50|\n|poke|p2|Amoonguss, L50, F|\n|poke|p2|Ting-Lu, L50|\n|poke|p2|Garganacl, L50, M|\n|poke|p2|Grimmsnarl, L50, M|\n|poke|p2|Glimmora, L50, F|\n|poke|p2|Flutter Mane, L50|\n|teampreview|4\n|inactive|Battle timer is ON: inactive players will automatically lose when time's up. (requested by DirtyBongWater1420)\n|\n|t:|1681832802\n|start\n|switch|p1a: Iron Bundle|Iron Bundle, L50|100\/100\n|switch|p1b: Frosmoth|Frosmoth, L50, M|100\/100\n|switch|p2a: Glimmora|Glimmora, L50, F, shiny|100\/100\n|switch|p2b: Grimmsnarl|Grimmsnarl, L50, M, shiny|100\/100\n|-enditem|p1a: Iron Bundle|Booster Energy\n|-activate|p1a: Iron Bundle|ability: Quark Drive|[fromitem]\n|-start|p1a: Iron Bundle|quarkdrivespe\n|turn|1\n|\n|t:|1681832823\n|-terastallize|p1b: Frosmoth|Ground\n|move|p1a: Iron Bundle|Protect|p1a: Iron Bundle\n|-singleturn|p1a: Iron Bundle|Protect\n|move|p2b: Grimmsnarl|Fake Out|p1a: Iron Bundle\n|-activate|p1a: Iron Bundle|move: Protect\n|move|p2a: Glimmora|Stealth Rock|p1a: Iron Bundle\n|-sidestart|p1: Treeckoguy1|move: Stealth Rock\n|move|p1b: Frosmoth|Tera Blast|p2a: Glimmora\n|-supereffective|p2a: Glimmora\n|-damage|p2a: Glimmora|0 fnt\n|faint|p2a: Glimmora\n|\n|upkeep\n|\n|t:|1681832829\n|switch|p2a: Flutter Mane|Flutter Mane, L50, shiny|100\/100\n|turn|2\n|\n|t:|1681832852\n|-terastallize|p2a: Flutter Mane|Fairy\n|move|p2b: Grimmsnarl|Light Screen|p2b: Grimmsnarl\n|-sidestart|p2: DirtyBongWater1420|move: Light Screen\n|move|p1a: Iron Bundle|Encore|p2b: Grimmsnarl\n|-start|p2b: Grimmsnarl|Encore\n|move|p2a: Flutter Mane|Dazzling Gleam|p1a: Iron Bundle|[spread] p1a,p1b\n|-damage|p1a: Iron Bundle|16\/100\n|-damage|p1b: Frosmoth|78\/100\n|move|p1b: Frosmoth|Quiver Dance|p1b: Frosmoth\n|-boost|p1b: Frosmoth|spa|1\n|-boost|p1b: Frosmoth|spd|1\n|-boost|p1b: Frosmoth|spe|1\n|\n|upkeep\n|turn|3\n|\n|t:|1681832868\n|switch|p2b: Garganacl|Garganacl, L50, M, shiny|100\/100\n|move|p1a: Iron Bundle|Freeze-Dry|p2a: Flutter Mane\n|-damage|p2a: Flutter Mane|75\/100\n|move|p2a: Flutter Mane|Dazzling Gleam|p1b: Frosmoth|[spread] p1a,p1b\n|-damage|p1a: Iron Bundle|0 fnt\n|-damage|p1b: Frosmoth|60\/100\n|faint|p1a: Iron Bundle\n|-end|p1a: Iron Bundle|Quark Drive|[silent]\n|move|p1b: Frosmoth|Quiver Dance|p1b: Frosmoth\n|-boost|p1b: Frosmoth|spa|1\n|-boost|p1b: Frosmoth|spd|1\n|-boost|p1b: Frosmoth|spe|1\n|\n|upkeep\n|\n|t:|1681832872\n|switch|p1a: Abomasnow|Abomasnow, L50, M|100\/100\n|-damage|p1a: Abomasnow|76\/100|[from] Stealth Rock\n|-weather|Snow|[from] ability: Snow Warning|[of] p1a: Abomasnow\n|turn|4\n|inactive|Treeckoguy1 has 30 seconds left.\n|\n|t:|1681832905\n|move|p2a: Flutter Mane|Protect|p2a: Flutter Mane\n|-singleturn|p2a: Flutter Mane|Protect\n|move|p1b: Frosmoth|Blizzard|p2b: Garganacl|[spread] p2b\n|-activate|p2a: Flutter Mane|move: Protect\n|-damage|p2b: Garganacl|65\/100\n|move|p1a: Abomasnow|Blizzard|p2b: Garganacl|[spread] p2b\n|-activate|p2a: Flutter Mane|move: Protect\n|-damage|p2b: Garganacl|46\/100\n|move|p2b: Garganacl|Salt Cure|p1b: Frosmoth\n|-resisted|p1b: Frosmoth\n|-damage|p1b: Frosmoth|51\/100\n|\n|-weather|Snow|[upkeep]\n|-heal|p2b: Garganacl|52\/100|[from] item: Leftovers\n|upkeep\n|turn|5\n|\n|t:|1681832915\n|-end|p2a: Flutter Mane|Protosynthesis|[silent]\n|switch|p2a: Grimmsnarl|Grimmsnarl, L50, M, shiny|100\/100\n|move|p1b: Frosmoth|Blizzard|p2b: Garganacl|[spread] p2a,p2b\n|-damage|p2a: Grimmsnarl|55\/100\n|-damage|p2b: Garganacl|15\/100\n|move|p1a: Abomasnow|Blizzard|p2b: Garganacl|[spread] p2a,p2b\n|-damage|p2a: Grimmsnarl|33\/100\n|-damage|p2b: Garganacl|0 fnt\n|faint|p2b: Garganacl\n|\n|-weather|Snow|[upkeep]\n|upkeep\n|\n|t:|1681832918\n|switch|p2b: Flutter Mane|Flutter Mane, L50, shiny, tera:Fairy|75\/100\n|turn|6\n|\n|t:|1681832929\n|move|p2a: Grimmsnarl|Fake Out|p1b: Frosmoth\n|-damage|p1b: Frosmoth|38\/100\n|move|p2b: Flutter Mane|Dazzling Gleam|p1b: Frosmoth|[spread] p1a,p1b\n|-damage|p1a: Abomasnow|34\/100\n|-damage|p1b: Frosmoth|26\/100\n|move|p1b: Frosmoth|Blizzard|p2a: Grimmsnarl|[spread] p2a,p2b\n|-damage|p2a: Grimmsnarl|0 fnt\n|-damage|p2b: Flutter Mane|26\/100\n|faint|p2a: Grimmsnarl\n|move|p1a: Abomasnow|Blizzard|p2b: Flutter Mane\n|-damage|p2b: Flutter Mane|0 fnt\n|faint|p2b: Flutter Mane\n|-end|p2b: Flutter Mane|Protosynthesis|[silent]\n|\n|win|Treeckoguy1\n|raw|Treeckoguy1's rating: 1316 → 1331<\/strong> (+15 for winning)\n|raw|DirtyBongWater1420's rating: 1219 → 1201<\/strong> (-18 for losing)\n|l|\u2606DirtyBongWater1420\n","uploadtime":1681832947,"views":15,"p1id":"treeckoguy1","p2id":"dirtybongwater1420","formatid":"gen9vgc2023regulationc","rating":1201,"private":0,"password":""}