{"id":"gen9vgc2023regulationc-1863399630","p1":"sergio23perez","p2":"kawhicu lennit 29","format":"[Gen 9] VGC 2023 Regulation C","log":"|j|\u2606sergio23perez\n|j|\u2606kawhicu lennit 29\n|t:|1684012077\n|gametype|doubles\n|player|p1|sergio23perez|266|1226\n|player|p2|kawhicu lennit 29|worker|1129\n|teamsize|p1|6\n|teamsize|p2|6\n|gen|9\n|tier|[Gen 9] VGC 2023 Regulation C\n|rated|\n|rule|Species Clause: Limit one of each Pok\u00e9mon\n|rule|Item Clause: Limit one of each item\n|clearpoke\n|poke|p1|Roaring Moon, L50|\n|poke|p1|Amoonguss, L50, M|\n|poke|p1|Ting-Lu, L50|\n|poke|p1|Arcanine, L50, M|\n|poke|p1|Flutter Mane, L50|\n|poke|p1|Palafin, L50, M|\n|poke|p2|Glalie, L50, M|\n|poke|p2|Sableye, L50, F|\n|poke|p2|Flamigo, L50, M|\n|poke|p2|Chansey, L50, F|\n|poke|p2|Farigiraf, L50, F|\n|poke|p2|Arcanine, L50, F|\n|teampreview|4\n|inactive|Battle timer is ON: inactive players will automatically lose when time's up. (requested by sergio23perez)\n|\n|t:|1684012099\n|start\n|switch|p1a: Palafin|Palafin, L50, M|100\/100\n|switch|p1b: Mimi|Flutter Mane, L50|100\/100\n|switch|p2a: Glalie|Glalie, L50, M|100\/100\n|switch|p2b: Sableye|Sableye, L50, F|100\/100\n|turn|1\n|inactive|kawhicu lennit 29 has 30 seconds left.\n|\n|t:|1684012126\n|detailschange|p1a: Palafin|Palafin-Hero, L50, M\n|switch|p1a: Amoonguss|Amoonguss, L50, M, shiny|100\/100\n|switch|p2b: Arcanine|Arcanine, L50, F|100\/100\n|-ability|p2b: Arcanine|Intimidate|boost\n|-unboost|p1a: Amoonguss|atk|1\n|-unboost|p1b: Mimi|atk|1\n|move|p2a: Glalie|Protect|p2a: Glalie\n|-singleturn|p2a: Glalie|Protect\n|move|p1b: Mimi|Dazzling Gleam|p2b: Arcanine|[spread] p2b\n|-activate|p2a: Glalie|move: Protect\n|-resisted|p2b: Arcanine\n|-crit|p2b: Arcanine\n|-damage|p2b: Arcanine|75\/100\n|\n|-ability|p2a: Glalie|Moody|boost\n|-boost|p2a: Glalie|spa|2\n|-unboost|p2a: Glalie|def|1\n|upkeep\n|turn|2\n|\n|t:|1684012145\n|switch|p2a: Chansey|Chansey, L50, F|100\/100\n|move|p1a: Amoonguss|Rage Powder|p1a: Amoonguss\n|-singleturn|p1a: Amoonguss|move: Rage Powder\n|move|p1b: Mimi|Dazzling Gleam|p2b: Arcanine|[spread] p2a,p2b\n|-resisted|p2b: Arcanine\n|-damage|p2a: Chansey|88\/100\n|-damage|p2b: Arcanine|57\/100\n|move|p2b: Arcanine|Snarl|p1a: Amoonguss|[spread] p1a,p1b\n|-crit|p1b: Mimi\n|-damage|p1a: Amoonguss|93\/100\n|-damage|p1b: Mimi|85\/100\n|-unboost|p1a: Amoonguss|spa|1\n|-unboost|p1b: Mimi|spa|1\n|\n|upkeep\n|turn|3\n|\n|t:|1684012166\n|-end|p1b: Mimi|Protosynthesis|[silent]\n|switch|p1b: Roaring Moon|Roaring Moon, L50|100\/100\n|-enditem|p1b: Roaring Moon|Booster Energy\n|-activate|p1b: Roaring Moon|ability: Protosynthesis|[fromitem]\n|-start|p1b: Roaring Moon|protosynthesisatk\n|switch|p2b: Sableye|Sableye, L50, F|100\/100\n|move|p2a: Chansey|Life Dew||[still]|[spread] p2a,p2b\n|-heal|p2a: Chansey|100\/100\n|-fail|p2b: Sableye|heal\n|move|p1a: Amoonguss|Spore|p2a: Chansey\n|-status|p2a: Chansey|slp|[from] move: Spore\n|\n|upkeep\n|turn|4\n|\n|t:|1684012184\n|-curestatus|p2a: Chansey|slp|[from] ability: Natural Cure\n|switch|p2a: Arcanine|Arcanine, L50, F|57\/100\n|-ability|p2a: Arcanine|Intimidate|boost\n|-unboost|p1a: Amoonguss|atk|1\n|-unboost|p1b: Roaring Moon|atk|1\n|-terastallize|p1b: Roaring Moon|Flying\n|move|p2b: Sableye|Fake Out|p1b: Roaring Moon\n|-damage|p1b: Roaring Moon|92\/100\n|move|p1a: Amoonguss|Rage Powder|p1a: Amoonguss\n|-singleturn|p1a: Amoonguss|move: Rage Powder\n|cant|p1b: Roaring Moon|flinch\n|\n|upkeep\n|turn|5\n|\n|t:|1684012203\n|move|p2a: Arcanine|Protect|p2a: Arcanine\n|-singleturn|p2a: Arcanine|Protect\n|move|p1a: Amoonguss|Rage Powder|p1a: Amoonguss\n|-singleturn|p1a: Amoonguss|move: Rage Powder\n|move|p2b: Sableye|Disable|p1a: Amoonguss\n|-start|p1a: Amoonguss|Disable|Rage Powder\n|move|p1b: Roaring Moon|Dragon Dance|p1b: Roaring Moon\n|-boost|p1b: Roaring Moon|atk|1\n|-boost|p1b: Roaring Moon|spe|1\n|\n|upkeep\n|turn|6\n|\n|t:|1684012219\n|switch|p1a: Palafin|Palafin-Hero, L50, M|100\/100\n|-activate|p1a: Palafin|ability: Zero to Hero\n|move|p1b: Roaring Moon|Protect|p1b: Roaring Moon\n|-singleturn|p1b: Roaring Moon|Protect\n|move|p2b: Sableye|Encore|p1b: Roaring Moon\n|-activate|p1b: Roaring Moon|move: Protect\n|move|p2a: Arcanine|Will-O-Wisp|p1b: Roaring Moon\n|-activate|p1b: Roaring Moon|move: Protect\n|\n|upkeep\n|turn|7\n|\n|t:|1684012242\n|-terastallize|p2a: Arcanine|Water\n|move|p1a: Palafin|Jet Punch|p2b: Sableye\n|-damage|p2b: Sableye|52\/100\n|move|p2b: Sableye|Skill Swap|p2a: Arcanine\n|-activate|p2b: Sableye|move: Skill Swap|||[of] p2a: Arcanine\n|-ability|p2b: Sableye|Intimidate|boost\n|-unboost|p1a: Palafin|atk|1\n|-unboost|p1b: Roaring Moon|atk|1\n|move|p2a: Arcanine|Will-O-Wisp|p1b: Roaring Moon|[miss]\n|-miss|p2a: Arcanine|p1b: Roaring Moon\n|move|p1b: Roaring Moon|Acrobatics|p2a: Arcanine\n|-damage|p2a: Arcanine|0 fnt\n|faint|p2a: Arcanine\n|\n|upkeep\n|\n|t:|1684012258\n|switch|p2a: Glalie|Glalie, L50, M|100\/100\n|turn|8\n|n|\u2606kawhicu lennit 29|kawhiculennit29\n|c|\u2606kawhicu lennit 29|ofc\n|c|\u2606kawhicu lennit 29|I get punished for the sickest play ever\n|inactive|kawhicu lennit 29 has 30 seconds left.\n|inactive|kawhicu lennit 29 has 20 seconds left.\n|c|\u2606kawhicu lennit 29|intimidate proc into prankster willo wisp\n|inactive|kawhicu lennit 29 has 15 seconds left.\n|inactive|kawhicu lennit 29 has 10 seconds left.\n|\n|t:|1684012305\n|switch|p1a: Amoonguss|Amoonguss, L50, M, shiny|100\/100\n|switch|p2b: Chansey|Chansey, L50, F|100\/100\n|move|p2a: Glalie|Protect|p2a: Glalie\n|-singleturn|p2a: Glalie|Protect\n|move|p1b: Roaring Moon|Acrobatics|p2b: Chansey\n|-damage|p2b: Chansey|62\/100\n|\n|-ability|p2a: Glalie|Moody|boost\n|-boost|p2a: Glalie|spe|2\n|-unboost|p2a: Glalie|atk|1\n|upkeep\n|turn|9\n|\n|t:|1684012324\n|move|p1b: Roaring Moon|Acrobatics|p2b: Chansey\n|-damage|p2b: Chansey|24\/100\n|move|p2a: Glalie|Substitute|p2a: Glalie\n|-start|p2a: Glalie|Substitute\n|-damage|p2a: Glalie|76\/100\n|move|p2b: Chansey|Life Dew|p2b: Chansey|[spread] p2a,p2b\n|-heal|p2a: Glalie|100\/100\n|-heal|p2b: Chansey|49\/100\n|move|p1a: Amoonguss|Spore|p2b: Chansey\n|-status|p2b: Chansey|slp|[from] move: Spore\n|\n|-ability|p2a: Glalie|Moody|boost\n|-boost|p2a: Glalie|spe|2\n|-unboost|p2a: Glalie|def|1\n|upkeep\n|turn|10\n|\n|t:|1684012339\n|-curestatus|p2b: Chansey|slp|[from] ability: Natural Cure\n|switch|p2b: Sableye|Sableye, L50, F|52\/100\n|move|p2a: Glalie|Protect|p2a: Glalie\n|-singleturn|p2a: Glalie|Protect\n|move|p1a: Amoonguss|Rage Powder|p1a: Amoonguss\n|-singleturn|p1a: Amoonguss|move: Rage Powder\n|move|p1b: Roaring Moon|Throat Chop|p2a: Glalie\n|-activate|p2a: Glalie|move: Protect\n|\n|-ability|p2a: Glalie|Moody|boost\n|-boost|p2a: Glalie|atk|2\n|-unboost|p2a: Glalie|def|1\n|upkeep\n|turn|11\n|\n|t:|1684012358\n|move|p1a: Amoonguss|Rage Powder|p1a: Amoonguss\n|-singleturn|p1a: Amoonguss|move: Rage Powder\n|move|p2b: Sableye|Encore|p1b: Roaring Moon\n|-start|p1b: Roaring Moon|Encore\n|move|p2a: Glalie|Freeze-Dry|p1a: Amoonguss\n|-supereffective|p1a: Amoonguss\n|-damage|p1a: Amoonguss|51\/100\n|move|p1b: Roaring Moon|Throat Chop|p2a: Glalie\n|-end|p2a: Glalie|Substitute\n|\n|-ability|p2a: Glalie|Moody|boost\n|-boost|p2a: Glalie|spa|2\n|-unboost|p2a: Glalie|spe|1\n|upkeep\n|turn|12\n|\n|t:|1684012371\n|move|p1a: Amoonguss|Rage Powder|p1a: Amoonguss\n|-singleturn|p1a: Amoonguss|move: Rage Powder\n|move|p2b: Sableye|Disable|p1b: Roaring Moon\n|-start|p1b: Roaring Moon|Disable|Throat Chop\n|move|p2a: Glalie|Substitute|p2a: Glalie\n|-start|p2a: Glalie|Substitute\n|-damage|p2a: Glalie|76\/100\n|cant|p1b: Roaring Moon|Disable|Throat Chop\n|\n|-heal|p2a: Glalie|82\/100|[from] item: Leftovers\n|-ability|p2a: Glalie|Moody|boost\n|-boost|p2a: Glalie|spe|2\n|-unboost|p2a: Glalie|def|1\n|upkeep\n|turn|13\n|c|\u2606kawhicu lennit 29|if i win this\n|\n|t:|1684012388\n|-end|p1b: Roaring Moon|Protosynthesis|[silent]\n|switch|p1b: Mimi|Flutter Mane, L50|85\/100\n|move|p1a: Amoonguss|Rage Powder|p1a: Amoonguss\n|-singleturn|p1a: Amoonguss|move: Rage Powder\n|move|p2b: Sableye|Encore||[still]\n|-fail|p2b: Sableye\n|move|p2a: Glalie|Freeze-Dry|p1a: Amoonguss\n|-supereffective|p1a: Amoonguss\n|-damage|p1a: Amoonguss|0 fnt\n|faint|p1a: Amoonguss\n|\n|-heal|p2a: Glalie|88\/100|[from] item: Leftovers\n|-ability|p2a: Glalie|Moody|boost\n|-boost|p2a: Glalie|spa|2\n|-unboost|p2a: Glalie|def|1\n|upkeep\n|\n|t:|1684012394\n|switch|p1a: Palafin|Palafin-Hero, L50, M|100\/100\n|turn|14\n|inactive|kawhicu lennit 29 has 30 seconds left.\n|\n|t:|1684012425\n|switch|p2b: Chansey|Chansey, L50, F|49\/100\n|move|p2a: Glalie|Protect|p2a: Glalie\n|-singleturn|p2a: Glalie|Protect\n|move|p1a: Palafin|Jet Punch|p2a: Glalie\n|-activate|p2a: Glalie|move: Protect\n|move|p1b: Mimi|Moonblast|p2a: Glalie\n|-activate|p2a: Glalie|move: Protect\n|\n|-heal|p2a: Glalie|94\/100|[from] item: Leftovers\n|-ability|p2a: Glalie|Moody|boost\n|-boost|p2a: Glalie|atk|2\n|-unboost|p2a: Glalie|spd|1\n|upkeep\n|turn|15\n|inactive|kawhicu lennit 29 has 30 seconds left.\n|\n|t:|1684012450\n|move|p1a: Palafin|Jet Punch|p2a: Glalie\n|-end|p2a: Glalie|Substitute\n|move|p2a: Glalie|Substitute|p2a: Glalie\n|-start|p2a: Glalie|Substitute\n|-damage|p2a: Glalie|69\/100\n|move|p1b: Mimi|Moonblast|p2a: Glalie\n|-end|p2a: Glalie|Substitute\n|move|p2b: Chansey|Life Dew|p2b: Chansey|[spread] p2a,p2b\n|-heal|p2a: Glalie|94\/100\n|-heal|p2b: Chansey|74\/100\n|\n|-heal|p2a: Glalie|99\/100|[from] item: Leftovers\n|-ability|p2a: Glalie|Moody|boost\n|-boost|p2a: Glalie|def|2\n|-unboost|p2a: Glalie|spa|1\n|upkeep\n|turn|16\n|\n|t:|1684012469\n|move|p2a: Glalie|Substitute|p2a: Glalie\n|-start|p2a: Glalie|Substitute\n|-damage|p2a: Glalie|75\/100\n|move|p1b: Mimi|Moonblast|p2b: Chansey\n|-damage|p2b: Chansey|52\/100\n|move|p1a: Palafin|Wave Crash|p2b: Chansey\n|-damage|p2b: Chansey|0 fnt\n|faint|p2b: Chansey\n|-damage|p1a: Palafin|72\/100|[from] Recoil\n|\n|-heal|p2a: Glalie|81\/100|[from] item: Leftovers\n|-ability|p2a: Glalie|Moody|boost\n|-boost|p2a: Glalie|atk|2\n|-unboost|p2a: Glalie|spd|1\n|upkeep\n|c|\u2606kawhicu lennit 29|bro and you're misreading protect\n|\n|t:|1684012485\n|switch|p2b: Sableye|Sableye, L50, F|52\/100\n|turn|17\n|\n|t:|1684012509\n|move|p1a: Palafin|Jet Punch|p2a: Glalie\n|-end|p2a: Glalie|Substitute\n|move|p2b: Sableye|Disable|p1b: Mimi\n|-start|p1b: Mimi|Disable|Moonblast\n|move|p2a: Glalie|Freeze-Dry|p1a: Palafin\n|-supereffective|p1a: Palafin\n|-damage|p1a: Palafin|0 fnt\n|faint|p1a: Palafin\n|cant|p1b: Mimi|Disable|Moonblast\n|\n|-heal|p2a: Glalie|87\/100|[from] item: Leftovers\n|-ability|p2a: Glalie|Moody|boost\n|-boost|p2a: Glalie|atk|1\n|-unboost|p2a: Glalie|spe|1\n|upkeep\n|\n|t:|1684012518\n|switch|p1a: Roaring Moon|Roaring Moon, L50, tera:Flying|92\/100\n|turn|18\n|c|\u2606kawhicu lennit 29|ahahahah\n|\n|t:|1684012537\n|move|p2b: Sableye|Encore|p1b: Mimi\n|-start|p1b: Mimi|Encore\n|move|p2a: Glalie|Freeze-Dry|p1a: Roaring Moon\n|-supereffective|p1a: Roaring Moon\n|-damage|p1a: Roaring Moon|0 fnt\n|faint|p1a: Roaring Moon\n|-end|p1a: Roaring Moon|Protosynthesis|[silent]\n|-activate|p1b: Mimi|move: Struggle\n|move|p1b: Mimi|Struggle|p2a: Glalie\n|-crit|p2a: Glalie\n|-damage|p2a: Glalie|68\/100\n|-damage|p1b: Mimi|60\/100|[from] recoil\n|\n|-heal|p2a: Glalie|74\/100|[from] item: Leftovers\n|-ability|p2a: Glalie|Moody|boost\n|-boost|p2a: Glalie|spd|2\n|-unboost|p2a: Glalie|spa|1\n|upkeep\n|turn|19\n|-message|sergio23perez forfeited.\n|\n|win|kawhicu lennit 29\n|raw|sergio23perez's rating: 1226 → 1194<\/strong> (-32 for losing)\n|raw|kawhicu lennit 29's rating: 1129 → 1161<\/strong> (+32 for winning)\n|l|\u2606sergio23perez\n|j|\u2606sergio23perez\n|player|p1|sergio23perez|266\n|l|\u2606sergio23perez\n|player|p1|\n","uploadtime":1684013000,"views":16,"p1id":"sergio23perez","p2id":"kawhiculennit29","formatid":"gen9vgc2023regulationc","rating":1161,"private":0,"password":""}