{"id":"gen9vgc2023regulationc-1856462377","p1":"PkmnTrainerHotPink","p2":"pr th of","format":"[Gen 9] VGC 2023 Regulation C","log":"|j|\u2606PkmnTrainerHotPink\n|j|\u2606pr th of\n|t:|1683064133\n|gametype|doubles\n|player|p1|PkmnTrainerHotPink|cynthia|1053\n|player|p2|pr th of|volkner|1000\n|teamsize|p1|6\n|teamsize|p2|6\n|gen|9\n|tier|[Gen 9] VGC 2023 Regulation C\n|rated|\n|rule|Species Clause: Limit one of each Pok\u00e9mon\n|rule|Item Clause: Limit one of each item\n|clearpoke\n|poke|p1|Flutter Mane, L50|\n|poke|p1|Abomasnow, L50, F|\n|poke|p1|Iron Bundle, L50|\n|poke|p1|Iron Hands, L50|\n|poke|p1|Bronzong, L50|\n|poke|p1|Arcanine, L50, F|\n|poke|p2|Flutter Mane, L50|\n|poke|p2|Chi-Yu, L50|\n|poke|p2|Gholdengo, L50|\n|poke|p2|Dachsbun, L50, M|\n|poke|p2|Amoonguss, L50, F|\n|poke|p2|Roaring Moon, L50|\n|teampreview|4\n|inactive|Battle timer is ON: inactive players will automatically lose when time's up. (requested by PkmnTrainerHotPink)\nPkmnTrainerHotPink has agreed to open team sheets.\n|inactive|PkmnTrainerHotPink has 60 seconds left.\npr th of has agreed to open team sheets.\n|inactive|pr th of has 60 seconds left.\n|inactive|pr th of has 30 seconds left.\n|inactive|pr th of has 20 seconds left.\n|inactive|pr th of has 15 seconds left.\n|inactive|pr th of has 10 seconds left.\n|\n|t:|1683064236\n|start\n|switch|p1a: Bronzong|Bronzong, L50|100\/100\n|switch|p1b: Iron Hands|Iron Hands, L50|100\/100\n|switch|p2a: Chi-Yu|Chi-Yu, L50|100\/100\n|switch|p2b: Amoonguss|Amoonguss, L50, F, shiny|100\/100\n|-ability|p2a: Chi-Yu|Beads of Ruin\n|turn|1\n|inactive|PkmnTrainerHotPink has 30 seconds left.\n|\n|t:|1683064267\n|switch|p2b: Dachsbun|Dachsbun, L50, M, shiny|100\/100\n|-terastallize|p2a: Chi-Yu|Fire\n|-terastallize|p1a: Bronzong|Fire\n|move|p1b: Iron Hands|Fake Out|p2b: Dachsbun\n|-damage|p2b: Dachsbun|88\/100\n|move|p2a: Chi-Yu|Lava Plume|p1a: Bronzong|[spread] p1a,p1b\n|-ability|p2b: Dachsbun|Well-Baked Body|boost\n|-boost|p2b: Dachsbun|def|2\n|-resisted|p1a: Bronzong\n|-damage|p1a: Bronzong|81\/100\n|-damage|p1b: Iron Hands|70\/100\n|move|p1a: Bronzong|Safeguard|p1a: Bronzong\n|-sidestart|p1: PkmnTrainerHotPink|Safeguard\n|\n|upkeep\n|turn|2\n|inactive|PkmnTrainerHotPink has 30 seconds left.\n|inactive|pr th of has 30 seconds left.\n|inactive|PkmnTrainerHotPink has 20 seconds left.\n|inactive|pr th of has 20 seconds left.\n|inactive|pr th of has 15 seconds left.\n|\n|t:|1683064319\n|switch|p2a: Amoonguss|Amoonguss, L50, F, shiny|100\/100\n|-end|p1b: Iron Hands|Quark Drive|[silent]\n|switch|p1b: Flutter Mane|Flutter Mane, L50|100\/100\n|move|p2b: Dachsbun|Body Press|p1b: Flutter Mane\n|-immune|p1b: Flutter Mane\n|move|p1a: Bronzong|Trick Room|p1a: Bronzong\n|-fieldstart|move: Trick Room|[of] p1a: Bronzong\n|\n|upkeep\n|turn|3\n|inactive|PkmnTrainerHotPink has 30 seconds left.\n|inactive|PkmnTrainerHotPink has 20 seconds left.\n|inactive|PkmnTrainerHotPink has 15 seconds left.\n|\n|t:|1683064360\n|move|p1a: Bronzong|Helping Hand|p1b: Flutter Mane\n|-singleturn|p1b: Flutter Mane|Helping Hand|[of] p1a: Bronzong\n|move|p2a: Amoonguss|Spore|p1b: Flutter Mane\n|-activate|p1b: Flutter Mane|move: Safeguard\n|move|p2b: Dachsbun|Body Press|p1a: Bronzong\n|-damage|p1a: Bronzong|44\/100\n|move|p1b: Flutter Mane|Dazzling Gleam|p2a: Amoonguss|[spread] p2a,p2b\n|-resisted|p2a: Amoonguss\n|-damage|p2a: Amoonguss|72\/100\n|-damage|p2b: Dachsbun|35\/100\n|\n|upkeep\n|turn|4\n|\n|t:|1683064384\n|switch|p1a: Iron Hands|Iron Hands, L50|70\/100\n|move|p2a: Amoonguss|Pollen Puff|p2b: Dachsbun\n|-heal|p2b: Dachsbun|85\/100\n|move|p2b: Dachsbun|Body Press|p1a: Iron Hands\n|-damage|p1a: Iron Hands|41\/100\n|move|p1b: Flutter Mane|Dazzling Gleam|p2b: Dachsbun|[spread] p2a,p2b\n|-resisted|p2a: Amoonguss\n|-damage|p2a: Amoonguss|52\/100\n|-damage|p2b: Dachsbun|49\/100\n|\n|upkeep\n|turn|5\n|inactive|pr th of has 30 seconds left.\n|\n|t:|1683064417\n|move|p2a: Amoonguss|Protect|p2a: Amoonguss\n|-singleturn|p2a: Amoonguss|Protect\n|move|p1a: Iron Hands|Fake Out|p2a: Amoonguss\n|-activate|p2a: Amoonguss|move: Protect\n|move|p2b: Dachsbun|Play Rough|p1b: Flutter Mane\n|-crit|p1b: Flutter Mane\n|-damage|p1b: Flutter Mane|41\/100\n|move|p1b: Flutter Mane|Dazzling Gleam|p2b: Dachsbun|[spread] p2b\n|-activate|p2a: Amoonguss|move: Protect\n|-damage|p2b: Dachsbun|15\/100\n|\n|-sideend|p1: PkmnTrainerHotPink|Safeguard\n|upkeep\n|turn|6\n|inactive|PkmnTrainerHotPink has 30 seconds left.\n|inactive|PkmnTrainerHotPink has 20 seconds left.\n|inactive|PkmnTrainerHotPink has 15 seconds left.\n|\n|t:|1683064459\n|-end|p1b: Flutter Mane|Protosynthesis|[silent]\n|switch|p1b: Bronzong|Bronzong, L50, tera:Fire|44\/100\n|move|p2a: Amoonguss|Pollen Puff|p2b: Dachsbun\n|-heal|p2b: Dachsbun|65\/100\n|move|p1a: Iron Hands|Drain Punch|p2b: Dachsbun\n|-resisted|p2b: Dachsbun\n|-damage|p2b: Dachsbun|55\/100\n|-heal|p1a: Iron Hands|44\/100|[from] drain|[of] p2b: Dachsbun\n|move|p2b: Dachsbun|Crunch|p1b: Bronzong\n|-damage|p1b: Bronzong|33\/100\n|\n|-fieldend|move: Trick Room\n|upkeep\n|turn|7\n|inactive|PkmnTrainerHotPink has 30 seconds left.\n|inactive|pr th of has 30 seconds left.\n|inactive|PkmnTrainerHotPink has 20 seconds left.\n|inactive|PkmnTrainerHotPink has 15 seconds left.\n|inactive|PkmnTrainerHotPink has 10 seconds left.\n|\n|t:|1683064507\n|-end|p1a: Iron Hands|Quark Drive|[silent]\n|switch|p1a: Iron Bundle|Iron Bundle, L50|100\/100\n|-enditem|p1a: Iron Bundle|Booster Energy\n|-activate|p1a: Iron Bundle|ability: Quark Drive|[fromitem]\n|-start|p1a: Iron Bundle|quarkdrivespe\n|move|p2b: Dachsbun|Body Press|p1a: Iron Bundle\n|-supereffective|p1a: Iron Bundle\n|-damage|p1a: Iron Bundle|0 fnt\n|faint|p1a: Iron Bundle\n|-end|p1a: Iron Bundle|Quark Drive|[silent]\n|move|p2a: Amoonguss|Spore|p1b: Bronzong\n|-activate|p1b: Bronzong|item: Safety Goggles|Spore\n|move|p1b: Bronzong|Gyro Ball|p2b: Dachsbun\n|-supereffective|p2b: Dachsbun\n|-damage|p2b: Dachsbun|32\/100\n|\n|upkeep\n|\n|t:|1683064522\n|switch|p1a: Iron Hands|Iron Hands, L50|44\/100\n|turn|8\n|inactive|PkmnTrainerHotPink has 30 seconds left.\n|\n|t:|1683064549\n|move|p2a: Amoonguss|Protect|p2a: Amoonguss\n|-singleturn|p2a: Amoonguss|Protect\n|move|p1a: Iron Hands|Fake Out|p2b: Dachsbun\n|-damage|p2b: Dachsbun|25\/100\n|cant|p2b: Dachsbun|flinch\n|move|p1b: Bronzong|Safeguard|p1b: Bronzong\n|-sidestart|p1: PkmnTrainerHotPink|Safeguard\n|\n|upkeep\n|turn|9\n|\n|t:|1683064571\n|switch|p1b: Flutter Mane|Flutter Mane, L50|41\/100\n|move|p2a: Amoonguss|Rage Powder|p2a: Amoonguss\n|-singleturn|p2a: Amoonguss|move: Rage Powder\n|move|p2b: Dachsbun|Body Press|p1b: Flutter Mane\n|-immune|p1b: Flutter Mane\n|move|p1a: Iron Hands|Wild Charge|p2a: Amoonguss\n|-resisted|p2a: Amoonguss\n|-crit|p2a: Amoonguss\n|-damage|p2a: Amoonguss|20\/100\n|-damage|p1a: Iron Hands|37\/100|[from] Recoil\n|\n|upkeep\n|turn|10\n|inactive|PkmnTrainerHotPink has 30 seconds left.\n|inactive|pr th of has 30 seconds left.\n|\n|t:|1683064605\n|-end|p1a: Iron Hands|Quark Drive|[silent]\n|switch|p1a: Bronzong|Bronzong, L50, tera:Fire|33\/100\n|move|p2a: Amoonguss|Rage Powder|p2a: Amoonguss\n|-singleturn|p2a: Amoonguss|move: Rage Powder\n|move|p1b: Flutter Mane|Dazzling Gleam|p2a: Amoonguss|[spread] p2a,p2b\n|-resisted|p2a: Amoonguss\n|-damage|p2a: Amoonguss|0 fnt\n|-damage|p2b: Dachsbun|0 fnt\n|faint|p2a: Amoonguss\n|faint|p2b: Dachsbun\n|\n|upkeep\n|\n|t:|1683064608\n|switch|p2b: Chi-Yu|Chi-Yu, L50, tera:Fire|100\/100\n|switch|p2a: Flutter Mane|Flutter Mane, L50|100\/100\n|-ability|p2b: Chi-Yu|Beads of Ruin\n|turn|11\n|inactive|PkmnTrainerHotPink has 30 seconds left.\n|\n|t:|1683064636\n|-end|p1b: Flutter Mane|Protosynthesis|[silent]\n|switch|p1b: Iron Hands|Iron Hands, L50|37\/100\n|move|p2a: Flutter Mane|Protect|p2a: Flutter Mane\n|-singleturn|p2a: Flutter Mane|Protect\n|move|p2b: Chi-Yu|Lava Plume|p1a: Bronzong|[spread] p1a,p1b\n|-activate|p2a: Flutter Mane|move: Protect\n|-resisted|p1a: Bronzong\n|-damage|p1a: Bronzong|10\/100\n|-damage|p1b: Iron Hands|5\/100\n|move|p1a: Bronzong|Trick Room|p1a: Bronzong\n|-fieldstart|move: Trick Room|[of] p1a: Bronzong\n|\n|upkeep\n|turn|12\n|\n|t:|1683064656\n|move|p1b: Iron Hands|Fake Out|p2b: Chi-Yu\n|-damage|p2b: Chi-Yu|74\/100\n|move|p1a: Bronzong|Gyro Ball|p2a: Flutter Mane\n|-supereffective|p2a: Flutter Mane\n|-damage|p2a: Flutter Mane|0 fnt\n|faint|p2a: Flutter Mane\n|-end|p2a: Flutter Mane|Protosynthesis|[silent]\n|cant|p2b: Chi-Yu|flinch\n|\n|-sideend|p1: PkmnTrainerHotPink|Safeguard\n|upkeep\n|turn|13\n|inactive|PkmnTrainerHotPink has 30 seconds left.\n|\n|t:|1683064687\n|move|p1a: Bronzong|Gyro Ball|p2b: Chi-Yu\n|-resisted|p2b: Chi-Yu\n|-damage|p2b: Chi-Yu|35\/100\n|move|p1b: Iron Hands|Drain Punch|p2b: Chi-Yu\n|-damage|p2b: Chi-Yu|0 fnt\n|-heal|p1b: Iron Hands|15\/100|[from] drain|[of] p2b: Chi-Yu\n|faint|p2b: Chi-Yu\n|\n|win|PkmnTrainerHotPink\n|raw|PkmnTrainerHotPink's rating: 1053 → 1080<\/strong> (+27 for winning)\n|raw|pr th of's rating: 1000 → 1000<\/strong> (+0 for losing)\n|l|\u2606pr th of\n|c|\u2606PkmnTrainerHotPink|gg\n","uploadtime":1683064701,"views":7,"p1id":"pkmntrainerhotpink","p2id":"prthof","formatid":"gen9vgc2023regulationc","rating":1000,"private":0,"password":""}