{"id":"gen9vgc2023regulationc-1859210996","p1":"reeeeeeloluwuwhi","p2":"rbblade","format":"[Gen 9] VGC 2023 Regulation C","log":"|j|\u2606reeeeeeloluwuwhi\n|j|\u2606rbblade\n|t:|1683418475\n|gametype|doubles\n|player|p1|reeeeeeloluwuwhi|266|1100\n|player|p2|rbblade|101|1083\n|teamsize|p1|6\n|teamsize|p2|6\n|gen|9\n|tier|[Gen 9] VGC 2023 Regulation C\n|rated|\n|rule|Species Clause: Limit one of each Pok\u00e9mon\n|rule|Item Clause: Limit one of each item\n|clearpoke\n|poke|p1|Garchomp, L50, F|\n|poke|p1|Murkrow, L50, F|\n|poke|p1|Palafin, L50, M|\n|poke|p1|Muk, L50, F|\n|poke|p1|Rabsca, L50, M|\n|poke|p1|Chansey, L50, F|\n|poke|p2|Kingambit, L50, F|\n|poke|p2|Arcanine, L50, M|\n|poke|p2|Iron Hands, L50|\n|poke|p2|Dragapult, L50, F|\n|poke|p2|Chi-Yu, L50|\n|poke|p2|Grimmsnarl, L50, M|\n|teampreview|4\n|\n|t:|1683418503\n|start\n|switch|p1a: Muk|Muk, L50, F|100\/100\n|switch|p1b: Matcha|Chansey, L50, F, shiny|100\/100\n|switch|p2a: Chi-Yu|Chi-Yu, L50|100\/100\n|switch|p2b: Grimmsnarl|Grimmsnarl, L50, M|100\/100\n|-ability|p2a: Chi-Yu|Beads of Ruin\n|turn|1\n|\n|t:|1683418526\n|move|p2b: Grimmsnarl|Thunder Wave|p1b: Matcha\n|-status|p1b: Matcha|par\n|move|p2a: Chi-Yu|Overheat|p1a: Muk\n|-damage|p1a: Muk|28\/100\n|-unboost|p2a: Chi-Yu|spa|2\n|move|p1a: Muk|Minimize|p1a: Muk\n|-boost|p1a: Muk|evasion|2\n|move|p1b: Matcha|Life Dew||[still]|[spread] p1a,p1b\n|-heal|p1a: Muk|53\/100\n|-fail|p1b: Matcha|heal\n|\n|-heal|p1a: Muk|59\/100|[from] item: Black Sludge\n|upkeep\n|turn|2\n|\n|t:|1683418556\n|move|p2b: Grimmsnarl|Thunder Wave|p1a: Muk\n|-status|p1a: Muk|par\n|move|p2a: Chi-Yu|Overheat|p1a: Muk\n|-damage|p1a: Muk|21\/100 par\n|-unboost|p2a: Chi-Yu|spa|2\n|move|p1a: Muk|Minimize|p1a: Muk\n|-boost|p1a: Muk|evasion|2\n|cant|p1b: Matcha|par\n|\n|-heal|p1a: Muk|28\/100 par|[from] item: Black Sludge\n|upkeep\n|turn|3\n|\n|t:|1683418577\n|switch|p2a: Kingambit|Kingambit, L50, F|100\/100\n|move|p2b: Grimmsnarl|Draining Kiss|p1b: Matcha\n|-damage|p1b: Matcha|95\/100 par\n|cant|p1a: Muk|par\n|cant|p1b: Matcha|par\n|\n|-activate|p1b: Matcha|ability: Healer\n|-curestatus|p1a: Muk|par|[msg]\n|-heal|p1a: Muk|34\/100|[from] item: Black Sludge\n|upkeep\n|turn|4\n|\n|t:|1683418602\n|move|p1b: Matcha|Helping Hand|p1a: Muk\n|-singleturn|p1a: Muk|Helping Hand|[of] p1b: Matcha\n|move|p2b: Grimmsnarl|Thunder Wave|p1a: Muk|[miss]\n|-miss|p2b: Grimmsnarl|p1a: Muk\n|move|p1a: Muk|Drain Punch|p2a: Kingambit\n|-supereffective|p2a: Kingambit\n|-damage|p2a: Kingambit|39\/100\n|-heal|p1a: Muk|64\/100|[from] drain|[of] p2a: Kingambit\n|move|p2a: Kingambit|Iron Head|p1a: Muk|[miss]\n|-miss|p2a: Kingambit|p1a: Muk\n|\n|-heal|p1a: Muk|70\/100|[from] item: Black Sludge\n|-heal|p2a: Kingambit|44\/100|[from] item: Leftovers\n|upkeep\n|turn|5\n|-message|rbblade forfeited.\n|\n|win|reeeeeeloluwuwhi\n|raw|reeeeeeloluwuwhi's rating: 1100 → 1124<\/strong> (+24 for winning)\n|raw|rbblade's rating: 1083 → 1062<\/strong> (-21 for losing)\n|l|\u2606rbblade\n","uploadtime":1683418618,"views":9,"p1id":"reeeeeeloluwuwhi","p2id":"rbblade","formatid":"gen9vgc2023regulationc","rating":1062,"private":0,"password":""}