{"id":"gen9vgc2023regulationc-1858691227","p1":"Raiu Akimoto","p2":"Ufhufgjfgg","format":"[Gen 9] VGC 2023 Regulation C","log":"|j|\u2606Raiu Akimoto\n|j|\u2606Ufhufgjfgg\n|t:|1683343157\n|gametype|doubles\n|player|p1|Raiu Akimoto|n|1099\n|player|p2|Ufhufgjfgg|266|1000\n|teamsize|p1|6\n|teamsize|p2|6\n|gen|9\n|tier|[Gen 9] VGC 2023 Regulation C\n|rated|\n|rule|Species Clause: Limit one of each Pok\u00e9mon\n|rule|Item Clause: Limit one of each item\n|clearpoke\n|poke|p1|Chien-Pao, L50|\n|poke|p1|Dragapult, L50, M|\n|poke|p1|Pawmot, L50, F|\n|poke|p1|Palafin, L50, M|\n|poke|p1|Pelipper, L50, F|\n|poke|p1|Arcanine, L50, F|\n|poke|p2|Dondozo, L50, M|\n|poke|p2|Tatsugiri, L50, M|\n|poke|p2|Flutter Mane, L50|\n|poke|p2|Chi-Yu, L50|\n|poke|p2|Glimmora, L50, M|\n|poke|p2|Baxcalibur, L50, F|\n|teampreview|4\n|inactive|Battle timer is ON: inactive players will automatically lose when time's up. (requested by Ufhufgjfgg)\n|inactive|Raiu Akimoto also wants the timer to be on.\n|\n|t:|1683343179\n|start\n|switch|p1a: Chien-Pao|Chien-Pao, L50|100\/100\n|switch|p1b: Dragapult|Dragapult, L50, M, shiny|100\/100\n|switch|p2a: Chi-Yu|Chi-Yu, L50|100\/100\n|switch|p2b: Dondozo|Dondozo, L50, M|100\/100\n|-ability|p1a: Chien-Pao|Sword of Ruin\n|-ability|p2a: Chi-Yu|Beads of Ruin\n|turn|1\n|\n|t:|1683343194\n|move|p1a: Chien-Pao|Protect|p1a: Chien-Pao\n|-singleturn|p1a: Chien-Pao|Protect\n|move|p2b: Dondozo|Protect|p2b: Dondozo\n|-singleturn|p2b: Dondozo|Protect\n|move|p1b: Dragapult|Dragon Darts|p2a: Chi-Yu\n|-damage|p2a: Chi-Yu|17\/100\n|-anim|p1b: Dragapult|Dragon Darts|p2a: Chi-Yu\n|-damage|p2a: Chi-Yu|0 fnt\n|faint|p2a: Chi-Yu\n|\n|upkeep\n|\n|t:|1683343205\n|switch|p2a: Baxcalibur|Baxcalibur, L50, F|100\/100\n|turn|2\n|\n|t:|1683343225\n|switch|p2a: Tatsugiri|Tatsugiri, L50, M|100\/100\n|-activate|p2a: Tatsugiri|ability: Commander|[of] p2b: Dondozo\n|-boost|p2b: Dondozo|atk|2\n|-boost|p2b: Dondozo|spa|2\n|-boost|p2b: Dondozo|spe|2\n|-boost|p2b: Dondozo|def|2\n|-boost|p2b: Dondozo|spd|2\n|move|p1b: Dragapult|Dragon Darts|p2b: Dondozo\n|-damage|p2b: Dondozo|85\/100\n|-anim|p1b: Dragapult|Dragon Darts|p2b: Dondozo\n|-damage|p2b: Dondozo|69\/100\n|move|p1a: Chien-Pao|Ice Spinner|p2a: Tatsugiri|[miss]\n|-miss|p1a: Chien-Pao|p2a: Tatsugiri\n|move|p2b: Dondozo|Earthquake|p1a: Chien-Pao|[spread] p1a,p1b\n|-miss|p2b: Dondozo|p2a: Tatsugiri\n|-damage|p1a: Chien-Pao|43\/100\n|-damage|p1b: Dragapult|24\/100\n|\n|-heal|p2b: Dondozo|75\/100|[from] item: Leftovers\n|upkeep\n|turn|3\n|\n|t:|1683343246\n|move|p1b: Dragapult|Dragon Darts|p2b: Dondozo\n|-damage|p2b: Dondozo|61\/100\n|-anim|p1b: Dragapult|Dragon Darts|p2b: Dondozo\n|-damage|p2b: Dondozo|46\/100\n|move|p1a: Chien-Pao|Haze|p1a: Chien-Pao\n|-clearallboost\n|move|p2b: Dondozo|Earthquake|p1a: Chien-Pao|[spread] p1a,p1b\n|-miss|p2b: Dondozo|p2a: Tatsugiri\n|-damage|p1a: Chien-Pao|13\/100\n|-damage|p1b: Dragapult|0 fnt\n|faint|p1b: Dragapult\n|\n|-heal|p2b: Dondozo|52\/100|[from] item: Leftovers\n|upkeep\n|\n|t:|1683343259\n|switch|p1b: Arcanine|Arcanine, L50, F, shiny|100\/100\n|-ability|p1b: Arcanine|Intimidate|boost\n|-unboost|p2a: Tatsugiri|atk|1\n|-unboost|p2b: Dondozo|atk|1\n|turn|4\n|\n|t:|1683343273\n|-terastallize|p1b: Arcanine|Normal\n|move|p1a: Chien-Pao|Protect|p1a: Chien-Pao\n|-singleturn|p1a: Chien-Pao|Protect\n|move|p1b: Arcanine|Extreme Speed|p2b: Dondozo\n|-damage|p2b: Dondozo|16\/100\n|move|p2b: Dondozo|Earthquake|p1b: Arcanine|[spread] p1b\n|-miss|p2b: Dondozo|p2a: Tatsugiri\n|-activate|p1a: Chien-Pao|move: Protect\n|-damage|p1b: Arcanine|79\/100\n|\n|-heal|p2b: Dondozo|22\/100|[from] item: Leftovers\n|upkeep\n|turn|5\n|\n|t:|1683343291\n|move|p1b: Arcanine|Extreme Speed|p2b: Dondozo\n|-damage|p2b: Dondozo|0 fnt\n|faint|p2b: Dondozo\n|move|p1a: Chien-Pao|Ice Spinner|p2a: Tatsugiri\n|-crit|p2a: Tatsugiri\n|-damage|p2a: Tatsugiri|0 fnt\n|faint|p2a: Tatsugiri\n|\n|upkeep\n|\n|t:|1683343294\n|switch|p2b: Baxcalibur|Baxcalibur, L50, F|100\/100\n|turn|6\n|\n|t:|1683343303\n|move|p1b: Arcanine|Extreme Speed|p2b: Baxcalibur\n|-damage|p2b: Baxcalibur|53\/100\n|move|p1a: Chien-Pao|Ice Spinner|p2b: Baxcalibur\n|-damage|p2b: Baxcalibur|11\/100\n|move|p2b: Baxcalibur|Earthquake|p1a: Chien-Pao|[spread] p1a,p1b\n|-damage|p1a: Chien-Pao|0 fnt\n|-damage|p1b: Arcanine|22\/100\n|faint|p1a: Chien-Pao\n|-damage|p2b: Baxcalibur|1\/100|[from] item: Life Orb\n|\n|upkeep\n|-message|Ufhufgjfgg forfeited.\n|\n|win|Raiu Akimoto\n|raw|Raiu Akimoto's rating: 1099 → 1117<\/strong> (+18 for winning)\n|raw|Ufhufgjfgg's rating: 1000 → 1000<\/strong> (+0 for losing)\n|l|\u2606Ufhufgjfgg\n|l|\u2606Raiu Akimoto\n|j|\u2606Raiu Akimoto\n|player|p1|Raiu Akimoto|n\n","uploadtime":1683343392,"views":17,"p1id":"raiuakimoto","p2id":"ufhufgjfgg","formatid":"gen9vgc2023regulationc","rating":1000,"private":0,"password":""}