{"id":"gen9vgc2023regulationc-1850974462","p1":"KAJ12","p2":"Duecal1on","format":"[Gen 9] VGC 2023 Regulation C","log":"|j|\u2606KAJ12\n|j|\u2606Duecal1on\n|t:|1682388949\n|gametype|doubles\n|player|p1|KAJ12|rosa|1238\n|player|p2|Duecal1on|170|1137\n|teamsize|p1|6\n|teamsize|p2|6\n|gen|9\n|tier|[Gen 9] VGC 2023 Regulation C\n|rated|\n|rule|Species Clause: Limit one of each Pok\u00e9mon\n|rule|Item Clause: Limit one of each item\n|clearpoke\n|poke|p1|Talonflame, L50, M|\n|poke|p1|Garchomp, L50, F|\n|poke|p1|Chien-Pao, L50|\n|poke|p1|Gyarados, L50, F|\n|poke|p1|Flutter Mane, L50|\n|poke|p1|Amoonguss, L50, M|\n|poke|p2|Palafin, L50, M|\n|poke|p2|Pelipper, L50, M|\n|poke|p2|Scizor, L50, M|\n|poke|p2|Arcanine, L50, M|\n|poke|p2|Dragonite, L50, F|\n|poke|p2|Chien-Pao, L50|\n|teampreview|4\n|inactive|Battle timer is ON: inactive players will automatically lose when time's up. (requested by KAJ12)\n|\n|t:|1682388995\n|start\n|switch|p1a: Talonflame|Talonflame, L50, M|100\/100\n|switch|p1b: Gyarados|Gyarados, L50, F, shiny|100\/100\n|switch|p2a: Dragonite|Dragonite, L50, F|100\/100\n|switch|p2b: Pelipper|Pelipper, L50, M|100\/100\n|-ability|p1b: Gyarados|Intimidate|boost\n|-unboost|p2a: Dragonite|atk|1\n|-unboost|p2b: Pelipper|atk|1\n|-weather|RainDance|[from] ability: Drizzle|[of] p2b: Pelipper\n|turn|1\n|\n|t:|1682389014\n|move|p1a: Talonflame|Will-O-Wisp|p2a: Dragonite\n|-status|p2a: Dragonite|brn\n|move|p1b: Gyarados|Taunt|p2b: Pelipper\n|-start|p2b: Pelipper|move: Taunt\n|move|p2a: Dragonite|Thunder|p1b: Gyarados\n|-supereffective|p1b: Gyarados\n|-damage|p1b: Gyarados|7\/100\n|-enditem|p1b: Gyarados|Aguav Berry|[eat]\n|-heal|p1b: Gyarados|40\/100|[from] item: Aguav Berry\n|move|p2b: Pelipper|Hurricane|p1a: Talonflame\n|-damage|p1a: Talonflame|51\/100\n|\n|-weather|RainDance|[upkeep]\n|-damage|p2a: Dragonite|94\/100 brn|[from] brn\n|upkeep\n|turn|2\n|inactive|KAJ12 has 30 seconds left.\n|inactive|KAJ12 has 20 seconds left.\n|\n|t:|1682389053\n|switch|p1b: Garchomp|Garchomp, L50, F, shiny|100\/100\n|move|p1a: Talonflame|Tailwind|p1a: Talonflame\n|-sidestart|p1: KAJ12|move: Tailwind\n|move|p2a: Dragonite|Hurricane|p1b: Garchomp\n|-damage|p1b: Garchomp|38\/100\n|move|p2b: Pelipper|Hurricane|p1a: Talonflame\n|-damage|p1a: Talonflame|3\/100\n|\n|-weather|RainDance|[upkeep]\n|-damage|p2a: Dragonite|88\/100 brn|[from] brn\n|upkeep\n|turn|3\n|\n|t:|1682389073\n|switch|p2b: Scizor|Scizor, L50, M|100\/100\n|move|p1b: Garchomp|Protect|p1b: Garchomp\n|-singleturn|p1b: Garchomp|Protect\n|move|p2a: Dragonite|Protect|p2a: Dragonite\n|-singleturn|p2a: Dragonite|Protect\n|move|p1a: Talonflame|Brave Bird|p2b: Scizor\n|-damage|p2b: Scizor|63\/100\n|-damage|p1a: Talonflame|0 fnt|[from] Recoil\n|faint|p1a: Talonflame\n|\n|-weather|RainDance|[upkeep]\n|-damage|p2a: Dragonite|82\/100 brn|[from] brn\n|upkeep\n|\n|t:|1682389089\n|switch|p1a: Gyarados|Gyarados, L50, F, shiny|40\/100\n|-ability|p1a: Gyarados|Intimidate|boost\n|-unboost|p2a: Dragonite|atk|1\n|-fail|p2b: Scizor|unboost|[from] item: Clear Amulet|[of] p2b: Scizor\n|turn|4\n|\n|t:|1682389112\n|switch|p2a: Pelipper|Pelipper, L50, M|100\/100\n|-terastallize|p1b: Garchomp|Steel\n|move|p2b: Scizor|Protect|p2b: Scizor\n|-singleturn|p2b: Scizor|Protect\n|move|p1b: Garchomp|Iron Head|p2a: Pelipper\n|-resisted|p2a: Pelipper\n|-crit|p2a: Pelipper\n|-damage|p2a: Pelipper|73\/100\n|move|p1a: Gyarados|Waterfall|p2b: Scizor\n|-activate|p2b: Scizor|move: Protect\n|\n|-weather|RainDance|[upkeep]\n|upkeep\n|turn|5\n|\n|t:|1682389132\n|switch|p2b: Dragonite|Dragonite, L50, F|82\/100 brn\n|move|p1b: Garchomp|Earthquake|p2a: Pelipper|[spread] \n|-immune|p1a: Gyarados\n|-immune|p2a: Pelipper\n|-immune|p2b: Dragonite\n|move|p1a: Gyarados|Taunt|p2a: Pelipper\n|-start|p2a: Pelipper|move: Taunt\n|cant|p2a: Pelipper|move: Taunt|Tailwind\n|\n|-weather|RainDance|[upkeep]\n|-damage|p2b: Dragonite|76\/100 brn|[from] brn\n|-sideend|p1: KAJ12|move: Tailwind\n|upkeep\n|turn|6\n|\n|t:|1682389156\n|move|p1b: Garchomp|Iron Head|p2b: Dragonite\n|-damage|p2b: Dragonite|35\/100 brn\n|move|p1a: Gyarados|Thunder Wave|p2a: Pelipper\n|-status|p2a: Pelipper|par\n|cant|p2b: Dragonite|flinch\n|move|p2a: Pelipper|Hurricane|p1a: Gyarados\n|-damage|p1a: Gyarados|16\/100\n|\n|-weather|RainDance|[upkeep]\n|-damage|p2b: Dragonite|29\/100 brn|[from] brn\n|upkeep\n|turn|7\n|\n|t:|1682389179\n|move|p1b: Garchomp|Iron Head|p2b: Dragonite\n|-damage|p2b: Dragonite|0 fnt\n|faint|p2b: Dragonite\n|move|p1a: Gyarados|Waterfall|p2a: Pelipper\n|-resisted|p2a: Pelipper\n|-damage|p2a: Pelipper|49\/100 par\n|cant|p2a: Pelipper|par\n|\n|-weather|RainDance|[upkeep]\n|-end|p2a: Pelipper|move: Taunt\n|upkeep\n|\n|t:|1682389191\n|switch|p2b: Chien-Pao|Chien-Pao, L50|100\/100\n|-ability|p2b: Chien-Pao|Sword of Ruin\n|turn|8\n|\n|t:|1682389210\n|move|p1b: Garchomp|Protect|p1b: Garchomp\n|-singleturn|p1b: Garchomp|Protect\n|move|p2b: Chien-Pao|Ice Spinner|p1a: Gyarados\n|-damage|p1a: Gyarados|0 fnt\n|faint|p1a: Gyarados\n|move|p2a: Pelipper|Hurricane|p1b: Garchomp\n|-activate|p1b: Garchomp|move: Protect\n|\n|-weather|none\n|upkeep\n|\n|t:|1682389218\n|switch|p1a: Flutter Mane|Flutter Mane, L50|100\/100\n|-enditem|p1a: Flutter Mane|Booster Energy\n|-activate|p1a: Flutter Mane|ability: Protosynthesis|[fromitem]\n|-start|p1a: Flutter Mane|protosynthesisspe\n|turn|9\n|\n|t:|1682389233\n|move|p1a: Flutter Mane|Dazzling Gleam|p2b: Chien-Pao|[spread] p2a,p2b\n|-supereffective|p2b: Chien-Pao\n|-damage|p2a: Pelipper|13\/100 par\n|-damage|p2b: Chien-Pao|2\/100\n|move|p2b: Chien-Pao|Sacred Sword|p1b: Garchomp\n|-supereffective|p1b: Garchomp\n|-damage|p1b: Garchomp|0 fnt\n|-damage|p2b: Chien-Pao|0 fnt|[from] ability: Rough Skin|[of] p1b: Garchomp\n|faint|p1b: Garchomp\n|faint|p2b: Chien-Pao\n|move|p2a: Pelipper|Tailwind|p2a: Pelipper\n|-sidestart|p2: Duecal1on|move: Tailwind\n|\n|upkeep\n|\n|t:|1682389245\n|switch|p2b: Scizor|Scizor, L50, M|63\/100\n|turn|10\n|-message|KAJ12 forfeited.\n|\n|win|Duecal1on\n|raw|KAJ12's rating: 1238 → 1206<\/strong> (-32 for losing)\n|raw|Duecal1on's rating: 1137 → 1169<\/strong> (+32 for winning)\n|l|\u2606KAJ12\n","uploadtime":1682389252,"views":17,"p1id":"kaj12","p2id":"duecal1on","formatid":"gen9vgc2023regulationc","rating":1169,"private":0,"password":""}