{"id":"gen9vgc2023regulationc-1845956551","p1":"gankyburner","p2":"StarKing544786","format":"[Gen 9] VGC 2023 Regulation C","log":"|j|\u2606gankyburner\n|j|\u2606StarKing544786\n|t:|1681783664\n|gametype|doubles\n|player|p1|gankyburner|169|1231\n|player|p2|StarKing544786|2|1237\n|teamsize|p1|6\n|teamsize|p2|6\n|gen|9\n|tier|[Gen 9] VGC 2023 Regulation C\n|rated|\n|rule|Species Clause: Limit one of each Pok\u00e9mon\n|rule|Item Clause: Limit one of each item\n|clearpoke\n|poke|p1|Murkrow, L50, F|\n|poke|p1|Tyranitar, L50, M|\n|poke|p1|Houndstone, L50, F|\n|poke|p1|Chi-Yu, L50|\n|poke|p1|Corviknight, L50, M|\n|poke|p1|Leafeon, L50, M|\n|poke|p2|Flutter Mane, L50|\n|poke|p2|Torkoal, L50, F|\n|poke|p2|Iron Bundle, L50|\n|poke|p2|Indeedee-F, L50, F|\n|poke|p2|Dragapult, L50, M|\n|poke|p2|Chien-Pao, L50|\n|teampreview|4\n|\n|t:|1681783707\n|start\n|switch|p1a: C'mon C'mon|Murkrow, L50, F|100\/100\n|switch|p1b: Mr. Jones|Corviknight, L50, M|100\/100\n|switch|p2a: Dragapult|Dragapult, L50, M, shiny|100\/100\n|switch|p2b: Indeedee|Indeedee-F, L50, F|100\/100\n|-fieldstart|move: Psychic Terrain|[from] ability: Psychic Surge|[of] p2b: Indeedee\n|turn|1\n|\n|t:|1681783725\n|move|p2b: Indeedee|Follow Me|p2b: Indeedee\n|-singleturn|p2b: Indeedee|move: Follow Me\n|move|p1a: C'mon C'mon|Tailwind|p1a: C'mon C'mon\n|-sidestart|p1: gankyburner|move: Tailwind\n|move|p1b: Mr. Jones|Brave Bird|p2b: Indeedee\n|-damage|p2b: Indeedee|26\/100\n|-damage|p1b: Mr. Jones|75\/100|[from] Recoil\n|move|p2a: Dragapult|Dragon Dance|p2a: Dragapult\n|-boost|p2a: Dragapult|atk|1\n|-boost|p2a: Dragapult|spe|1\n|\n|upkeep\n|turn|2\n|\n|t:|1681783768\n|move|p2b: Indeedee|Follow Me|p2b: Indeedee\n|-singleturn|p2b: Indeedee|move: Follow Me\n|move|p1a: C'mon C'mon|Haze|p1a: C'mon C'mon\n|-clearallboost\n|move|p1b: Mr. Jones|Brave Bird|p2b: Indeedee\n|-damage|p2b: Indeedee|0 fnt\n|faint|p2b: Indeedee\n|-damage|p1b: Mr. Jones|67\/100|[from] Recoil\n|move|p2a: Dragapult|Phantom Force||[still]\n|-prepare|p2a: Dragapult|Phantom Force\n|\n|upkeep\n|\n|t:|1681783779\n|switch|p2b: Chien-Pao|Chien-Pao, L50|100\/100\n|-ability|p2b: Chien-Pao|Sword of Ruin\n|turn|3\n|\n|t:|1681783800\n|switch|p1b: Godzilla|Tyranitar, L50, M, shiny|100\/100\n|-weather|Sandstorm|[from] ability: Sand Stream|[of] p1b: Godzilla\n|move|p1a: C'mon C'mon|Foul Play|p2b: Chien-Pao\n|-resisted|p2b: Chien-Pao\n|-damage|p2b: Chien-Pao|69\/100\n|move|p2a: Dragapult|Phantom Force|p1b: Godzilla|[from]lockedmove\n|-resisted|p1b: Godzilla\n|-damage|p1b: Godzilla|70\/100\n|-damage|p2a: Dragapult|90\/100|[from] item: Life Orb\n|move|p2b: Chien-Pao|Ice Spinner|p1a: C'mon C'mon\n|-supereffective|p1a: C'mon C'mon\n|-damage|p1a: C'mon C'mon|0 fnt\n|-fieldend|move: Psychic Terrain\n|faint|p1a: C'mon C'mon\n|\n|-weather|Sandstorm|[upkeep]\n|-damage|p2a: Dragapult|85\/100|[from] Sandstorm\n|-damage|p2b: Chien-Pao|63\/100|[from] Sandstorm\n|upkeep\n|\n|t:|1681783829\n|switch|p1a: Mr. Jones|Corviknight, L50, M|67\/100\n|turn|4\n|\n|t:|1681783844\n|-terastallize|p1b: Godzilla|Flying\n|move|p2a: Dragapult|Protect|p2a: Dragapult\n|-singleturn|p2a: Dragapult|Protect\n|move|p2b: Chien-Pao|Protect|p2b: Chien-Pao\n|-singleturn|p2b: Chien-Pao|Protect\n|move|p1a: Mr. Jones|Iron Head|p2b: Chien-Pao\n|-activate|p2b: Chien-Pao|move: Protect\n|move|p1b: Godzilla|Rock Slide|p2b: Chien-Pao|[spread] \n|-activate|p2a: Dragapult|move: Protect\n|-activate|p2b: Chien-Pao|move: Protect\n|\n|-weather|Sandstorm|[upkeep]\n|-damage|p2a: Dragapult|79\/100|[from] Sandstorm\n|-damage|p2b: Chien-Pao|58\/100|[from] Sandstorm\n|-damage|p1b: Godzilla|63\/100|[from] Sandstorm\n|-sideend|p1: gankyburner|move: Tailwind\n|upkeep\n|turn|5\n|\n|t:|1681783880\n|move|p2a: Dragapult|Dragon Darts|p1a: Mr. Jones\n|-resisted|p1a: Mr. Jones\n|-damage|p1a: Mr. Jones|46\/100\n|-anim|p2a: Dragapult|Dragon Darts|p1b: Godzilla\n|-damage|p1b: Godzilla|32\/100\n|-damage|p2a: Dragapult|69\/100|[from] item: Life Orb\n|move|p2b: Chien-Pao|Ice Spinner|p1a: Mr. Jones\n|-damage|p1a: Mr. Jones|0 fnt\n|faint|p1a: Mr. Jones\n|move|p1b: Godzilla|Rock Slide|p2a: Dragapult|[spread] p2a,p2b\n|-supereffective|p2b: Chien-Pao\n|-damage|p2a: Dragapult|10\/100\n|-damage|p2b: Chien-Pao|0 fnt\n|faint|p2b: Chien-Pao\n|\n|-weather|Sandstorm|[upkeep]\n|-damage|p2a: Dragapult|5\/100|[from] Sandstorm\n|-damage|p1b: Godzilla|26\/100|[from] Sandstorm\n|upkeep\n|\n|t:|1681783894\n|switch|p2b: Iron Bundle|Iron Bundle, L50|100\/100\n|switch|p1a: B.H. Sun|Chi-Yu, L50|100\/100\n|-ability|p1a: B.H. Sun|Beads of Ruin\n|-enditem|p2b: Iron Bundle|Booster Energy\n|-activate|p2b: Iron Bundle|ability: Quark Drive|[fromitem]\n|-start|p2b: Iron Bundle|quarkdrivespe\n|turn|6\n|\n|t:|1681783913\n|-terastallize|p2a: Dragapult|Steel\n|move|p2b: Iron Bundle|Protect|p2b: Iron Bundle\n|-singleturn|p2b: Iron Bundle|Protect\n|move|p2a: Dragapult|Protect|p2a: Dragapult\n|-singleturn|p2a: Dragapult|Protect\n|move|p1a: B.H. Sun|Snarl|p2b: Iron Bundle|[spread] \n|-activate|p2a: Dragapult|move: Protect\n|-activate|p2b: Iron Bundle|move: Protect\n|move|p1b: Godzilla|Rock Slide|p2b: Iron Bundle|[spread] \n|-activate|p2a: Dragapult|move: Protect\n|-activate|p2b: Iron Bundle|move: Protect\n|\n|-weather|Sandstorm|[upkeep]\n|-damage|p2b: Iron Bundle|94\/100|[from] Sandstorm\n|-damage|p1a: B.H. Sun|94\/100|[from] Sandstorm\n|-damage|p1b: Godzilla|20\/100|[from] Sandstorm\n|upkeep\n|turn|7\n|\n|t:|1681783936\n|move|p2b: Iron Bundle|Hydro Pump|p1a: B.H. Sun\n|-supereffective|p1a: B.H. Sun\n|-damage|p1a: B.H. Sun|0 fnt\n|faint|p1a: B.H. Sun\n|move|p2a: Dragapult|Dragon Darts|p1b: Godzilla\n|-crit|p1b: Godzilla\n|-damage|p1b: Godzilla|0 fnt\n|faint|p1b: Godzilla\n|-damage|p2a: Dragapult|0 fnt|[from] item: Life Orb\n|faint|p2a: Dragapult\n|\n|win|StarKing544786\n|raw|gankyburner's rating: 1231 → 1206<\/strong> (-25 for losing)\n|raw|StarKing544786's rating: 1237 → 1262<\/strong> (+25 for winning)\n|c|\u2606gankyburner|gg!\n","uploadtime":1681783952,"views":3,"p1id":"gankyburner","p2id":"starking544786","formatid":"gen9vgc2023regulationc","rating":1206,"private":0,"password":""}