{"id":"gen9vgc2023regulationc-1850073682","p1":"Jstardude","p2":"jayballester","format":"[Gen 9] VGC 2023 Regulation C","log":"|j|\u2606Jstardude\n|j|\u2606jayballester\n|t:|1682284279\n|gametype|doubles\n|player|p1|Jstardude|265|\n|player|p2|jayballester|riley|\n|teamsize|p1|6\n|teamsize|p2|6\n|gen|9\n|tier|[Gen 9] VGC 2023 Regulation C\n|rule|Species Clause: Limit one of each Pok\u00e9mon\n|rule|Item Clause: Limit one of each item\n|clearpoke\n|poke|p1|Skeledirge, L50, F|\n|poke|p1|Murkrow, L50, M|\n|poke|p1|Hariyama, L50, M|\n|poke|p1|Baxcalibur, L50, M|\n|poke|p1|Gyarados, L50, M|\n|poke|p1|Tyranitar, L50, M|\n|poke|p2|Garganacl, L50, F|\n|poke|p2|Tyranitar, L50, F|\n|poke|p2|Lycanroc, L50, M|\n|poke|p2|Toedscool, L50, F|\n|poke|p2|Palafin, L50, M|\n|poke|p2|Noivern, L50, M|\n|teampreview|4\n|\n|t:|1682284319\n|start\n|switch|p1a: Murkrow|Murkrow, L50, M|100\/100\n|switch|p1b: Gyarados|Gyarados, L50, M|100\/100\n|switch|p2a: overrated asf|Garganacl, L50, F|100\/100\n|switch|p2b: damn so bad|Palafin, L50, M|100\/100\n|-ability|p1b: Gyarados|Intimidate|boost\n|-unboost|p2a: overrated asf|atk|1\n|-unboost|p2b: damn so bad|atk|1\n|turn|1\n|c|\u2606jayballester|so i was meant to have eject pack instead of eject button on noivern\n|\n|t:|1682284347\n|detailschange|p2b: damn so bad|Palafin-Hero, L50, M\n|switch|p2b: guess who's back|Toedscool, L50, F|100\/100\n|-terastallize|p2a: overrated asf|Water\n|move|p1a: Murkrow|Tailwind|p1a: Murkrow\n|-sidestart|p1: Jstardude|move: Tailwind\n|move|p1b: Gyarados|Thunder Wave|p2b: guess who's back\n|-immune|p2b: guess who's back\n|move|p2a: overrated asf|Salt Cure|p1a: Murkrow\n|-supereffective|p1a: Murkrow\n|-damage|p1a: Murkrow|73\/100\n|-start|p1a: Murkrow|Salt Cure\n|\n|-damage|p1a: Murkrow|60\/100|[from] Salt Cure\n|upkeep\n|turn|2\n|j| Tuxmux\n|\n|t:|1682284383\n|switch|p1a: Hariyama|Hariyama, L50, M|100\/100\n|move|p1b: Gyarados|Taunt|p2b: guess who's back\n|-start|p2b: guess who's back|move: Taunt\n|move|p2b: guess who's back|Knock Off|p1b: Gyarados\n|-damage|p1b: Gyarados|91\/100\n|-enditem|p1b: Gyarados|Safety Goggles|[from] move: Knock Off|[of] p2b: guess who's back\n|move|p2a: overrated asf|Iron Defense|p2a: overrated asf\n|-boost|p2a: overrated asf|def|2\n|\n|-status|p1a: Hariyama|brn|[from] item: Flame Orb\n|upkeep\n|turn|3\n|c| Tuxmux|jstar really tryna lose against his own team\n|\n|t:|1682284425\n|move|p1b: Gyarados|Thunder Wave|p2a: overrated asf\n|-immune|p2a: overrated asf|[from] ability: Purifying Salt\n|move|p1a: Hariyama|Drain Punch|p2a: overrated asf\n|-damage|p2a: overrated asf|80\/100\n|move|p2b: guess who's back|Foul Play|p1b: Gyarados\n|-damage|p1b: Gyarados|62\/100\n|move|p2a: overrated asf|Salt Cure|p1b: Gyarados\n|-supereffective|p1b: Gyarados\n|-damage|p1b: Gyarados|47\/100\n|-start|p1b: Gyarados|Salt Cure\n|\n|-heal|p2a: overrated asf|86\/100|[from] item: Leftovers\n|-damage|p1a: Hariyama|95\/100 brn|[from] brn\n|-damage|p1b: Gyarados|23\/100|[from] Salt Cure\n|upkeep\n|turn|4\n|\n|t:|1682284445\n|switch|p1b: Skeledirge|Skeledirge, L50, F|100\/100\n|move|p1a: Hariyama|Ice Punch|p2b: guess who's back\n|-supereffective|p2b: guess who's back\n|-damage|p2b: guess who's back|0 fnt\n|faint|p2b: guess who's back\n|move|p2a: overrated asf|Salt Cure|p1a: Hariyama\n|-resisted|p1a: Hariyama\n|-damage|p1a: Hariyama|89\/100 brn\n|-start|p1a: Hariyama|Salt Cure\n|\n|-heal|p2a: overrated asf|92\/100|[from] item: Leftovers\n|-damage|p1a: Hariyama|84\/100 brn|[from] brn\n|-damage|p1a: Hariyama|71\/100 brn|[from] Salt Cure\n|-sideend|p1: Jstardude|move: Tailwind\n|upkeep\n|\n|t:|1682284457\n|switch|p2b: this team sucks|Tyranitar, L50, F|100\/100\n|-weather|Sandstorm|[from] ability: Sand Stream|[of] p2b: this team sucks\n|turn|5\n|\n|t:|1682284482\n|-terastallize|p1b: Skeledirge|Grass\n|move|p2b: this team sucks|Rock Slide|p1b: Skeledirge|[spread] \n|-miss|p2b: this team sucks|p1a: Hariyama\n|-miss|p2b: this team sucks|p1b: Skeledirge\n|move|p1b: Skeledirge|Tera Blast|p2a: overrated asf\n|-supereffective|p2a: overrated asf\n|-damage|p2a: overrated asf|42\/100\n|move|p1a: Hariyama|Drain Punch|p2b: this team sucks\n|-supereffective|p2b: this team sucks\n|-damage|p2b: this team sucks|0 fnt\n|-heal|p1a: Hariyama|100\/100 brn|[from] drain|[of] p2b: this team sucks\n|faint|p2b: this team sucks\n|move|p2a: overrated asf|Salt Cure|p1b: Skeledirge\n|-damage|p1b: Skeledirge|89\/100\n|-start|p1b: Skeledirge|Salt Cure\n|\n|-weather|Sandstorm|[upkeep]\n|-damage|p1b: Skeledirge|83\/100|[from] Sandstorm\n|-damage|p1a: Hariyama|95\/100 brn|[from] Sandstorm\n|-damage|p2a: overrated asf|36\/100|[from] Sandstorm\n|-heal|p1b: Skeledirge|89\/100|[from] item: Leftovers\n|-heal|p2a: overrated asf|42\/100|[from] item: Leftovers\n|-damage|p1a: Hariyama|89\/100 brn|[from] brn\n|-damage|p1b: Skeledirge|77\/100|[from] Salt Cure\n|-damage|p1a: Hariyama|76\/100 brn|[from] Salt Cure\n|upkeep\n|c|\u2606jayballester|mf\n|c|\u2606Jstardude|Rip ttar\n|\n|t:|1682284500\n|switch|p2b: damn so bad|Palafin-Hero, L50, M|100\/100\n|-activate|p2b: damn so bad|ability: Zero to Hero\n|turn|6\n|\n|t:|1682284518\n|switch|p1a: Gyarados|Gyarados, L50, M|23\/100\n|-ability|p1a: Gyarados|Intimidate|boost\n|-unboost|p2a: overrated asf|atk|1\n|-unboost|p2b: damn so bad|atk|1\n|move|p2b: damn so bad|Wave Crash|p1a: Gyarados\n|-resisted|p1a: Gyarados\n|-damage|p1a: Gyarados|0 fnt\n|faint|p1a: Gyarados\n|-damage|p2b: damn so bad|93\/100|[from] Recoil\n|move|p1b: Skeledirge|Tera Blast|p2a: overrated asf\n|-supereffective|p2a: overrated asf\n|-damage|p2a: overrated asf|0 fnt\n|faint|p2a: overrated asf\n|\n|-weather|Sandstorm|[upkeep]\n|-damage|p2b: damn so bad|87\/100|[from] Sandstorm\n|-damage|p1b: Skeledirge|70\/100|[from] Sandstorm\n|-heal|p1b: Skeledirge|77\/100|[from] item: Leftovers\n|-damage|p1b: Skeledirge|64\/100|[from] Salt Cure\n|upkeep\n|c|\u2606jayballester|ggs\n|\n|t:|1682284553\n|switch|p1a: Hariyama|Hariyama, L50, M|76\/100 brn\n|turn|7\n|\n|t:|1682284557\n|move|p2b: damn so bad|Protect|p2b: damn so bad\n|-singleturn|p2b: damn so bad|Protect\n|move|p1a: Hariyama|Fake Out|p2b: damn so bad\n|-activate|p2b: damn so bad|move: Protect\n|move|p1b: Skeledirge|Tera Blast|p2b: damn so bad\n|-activate|p2b: damn so bad|move: Protect\n|\n|-weather|Sandstorm|[upkeep]\n|-damage|p2b: damn so bad|82\/100|[from] Sandstorm\n|-damage|p1b: Skeledirge|58\/100|[from] Sandstorm\n|-damage|p1a: Hariyama|70\/100 brn|[from] Sandstorm\n|-heal|p1b: Skeledirge|64\/100|[from] item: Leftovers\n|-damage|p1a: Hariyama|64\/100 brn|[from] brn\n|-damage|p1b: Skeledirge|52\/100|[from] Salt Cure\n|upkeep\n|turn|8\n|\n|t:|1682284563\n|move|p2b: damn so bad|Close Combat|p1b: Skeledirge\n|-damage|p1b: Skeledirge|7\/100\n|-unboost|p2b: damn so bad|def|1\n|-unboost|p2b: damn so bad|spd|1\n|move|p1b: Skeledirge|Tera Blast|p2b: damn so bad\n|-supereffective|p2b: damn so bad\n|-damage|p2b: damn so bad|0 fnt\n|faint|p2b: damn so bad\n|\n|win|Jstardude\n","uploadtime":1682284573,"views":13,"p1id":"jstardude","p2id":"jayballester","formatid":"gen9vgc2023regulationc","rating":0,"private":0,"password":""}