{"id":"gen9vgc2023regulationc-1854090392","p1":"kuangfeng","p2":"JFACKE","format":"[Gen 9] VGC 2023 Regulation C","log":"|j|\u2606kuangfeng\n|j|\u2606JFACKE\n|t:|1682767510\n|gametype|doubles\n|player|p1|kuangfeng|caitlin|\n|player|p2|JFACKE|ethan|\n|teamsize|p1|6\n|teamsize|p2|6\n|gen|9\n|tier|[Gen 9] VGC 2023 Regulation C\n|rule|Species Clause: Limit one of each Pok\u00e9mon\n|rule|Item Clause: Limit one of each item\n|clearpoke\n|poke|p1|Arcanine, L50, F|\n|poke|p1|Chien-Pao, L50|\n|poke|p1|Flutter Mane, L50|\n|poke|p1|Rotom-Wash, L50|\n|poke|p1|Amoonguss, L50, M|\n|poke|p1|Great Tusk, L50|\n|poke|p2|Dondozo, L50, F|\n|poke|p2|Tatsugiri-Droopy, L50, M|\n|poke|p2|Abomasnow, L50, M|\n|poke|p2|Iron Bundle, L50|\n|poke|p2|Chien-Pao, L50|\n|poke|p2|Flutter Mane, L50|\n|teampreview|4\nJFACKE has agreed to open team sheets.\nkuangfeng has agreed to open team sheets.\n|l|\u2606kuangfeng\n|player|p1|\n|j|\u2606kuangfeng\n|player|p1|kuangfeng|caitlin\n|\n|t:|1682767636\n|start\n|switch|p1a: Arcanine|Arcanine, L50, F|100\/100\n|switch|p1b: Flutter Mane|Flutter Mane, L50|100\/100\n|switch|p2a: \u9e21\u54e5|Iron Bundle, L50, shiny|100\/100\n|switch|p2b: \u53d1\u59d0|Flutter Mane, L50, shiny|100\/100\n|-ability|p1a: Arcanine|Intimidate|boost\n|-unboost|p2a: \u9e21\u54e5|atk|1\n|-unboost|p2b: \u53d1\u59d0|atk|1\n|-enditem|p2a: \u9e21\u54e5|Booster Energy\n|-activate|p2a: \u9e21\u54e5|ability: Quark Drive|[fromitem]\n|-start|p2a: \u9e21\u54e5|quarkdrivespe\n|-enditem|p1b: Flutter Mane|Booster Energy\n|-activate|p1b: Flutter Mane|ability: Protosynthesis|[fromitem]\n|-start|p1b: Flutter Mane|protosynthesisspe\n|turn|1\n|\n|t:|1682767677\n|move|p2a: \u9e21\u54e5|Protect|p2a: \u9e21\u54e5\n|-singleturn|p2a: \u9e21\u54e5|Protect\n|move|p2b: \u53d1\u59d0|Protect|p2b: \u53d1\u59d0\n|-singleturn|p2b: \u53d1\u59d0|Protect\n|move|p1b: Flutter Mane|Icy Wind|p2b: \u53d1\u59d0|[spread] \n|-activate|p2a: \u9e21\u54e5|move: Protect\n|-activate|p2b: \u53d1\u59d0|move: Protect\n|move|p1a: Arcanine|Snarl|p2b: \u53d1\u59d0|[spread] \n|-activate|p2a: \u9e21\u54e5|move: Protect\n|-activate|p2b: \u53d1\u59d0|move: Protect\n|\n|upkeep\n|turn|2\n|\n|t:|1682767698\n|move|p2a: \u9e21\u54e5|Icy Wind|p1b: Flutter Mane|[spread] p1a,p1b\n|-resisted|p1a: Arcanine\n|-damage|p1a: Arcanine|90\/100\n|-damage|p1b: Flutter Mane|83\/100\n|-unboost|p1a: Arcanine|spe|1\n|-unboost|p1b: Flutter Mane|spe|1\n|move|p1b: Flutter Mane|Icy Wind|p2a: \u9e21\u54e5|[spread] p2a,p2b\n|-resisted|p2a: \u9e21\u54e5\n|-damage|p2a: \u9e21\u54e5|95\/100\n|-damage|p2b: \u53d1\u59d0|88\/100\n|-unboost|p2a: \u9e21\u54e5|spe|1\n|-unboost|p2b: \u53d1\u59d0|spe|1\n|move|p2b: \u53d1\u59d0|Shadow Ball|p1b: Flutter Mane\n|-supereffective|p1b: Flutter Mane\n|-damage|p1b: Flutter Mane|0 fnt\n|faint|p1b: Flutter Mane\n|-end|p1b: Flutter Mane|Protosynthesis|[silent]\n|-damage|p2b: \u53d1\u59d0|79\/100|[from] item: Life Orb\n|move|p1a: Arcanine|Flare Blitz|p2b: \u53d1\u59d0\n|-damage|p2b: \u53d1\u59d0|0 fnt\n|faint|p2b: \u53d1\u59d0\n|-end|p2b: \u53d1\u59d0|Protosynthesis|[silent]\n|-damage|p1a: Arcanine|69\/100|[from] Recoil\n|\n|upkeep\n|l|\u2606JFACKE\n|player|p2|\n|j|\u2606JFACKE\n|player|p2|JFACKE|ethan\n|\n|t:|1682767771\n|switch|p1b: Chien-Pao|Chien-Pao, L50|100\/100\n|switch|p2b: \u53cc\u51b0\u51bb|Abomasnow, L50, M, shiny|100\/100\n|-ability|p1b: Chien-Pao|Sword of Ruin\n|-weather|Snow|[from] ability: Snow Warning|[of] p2b: \u53cc\u51b0\u51bb\n|turn|3\n|\n|t:|1682767792\n|-terastallize|p2b: \u53cc\u51b0\u51bb|Water\n|move|p2a: \u9e21\u54e5|Protect|p2a: \u9e21\u54e5\n|-singleturn|p2a: \u9e21\u54e5|Protect\n|move|p1b: Chien-Pao|Sacred Sword|p2a: \u9e21\u54e5\n|-activate|p2a: \u9e21\u54e5|move: Protect\n|move|p2b: \u53cc\u51b0\u51bb|Earth Power|p1a: Arcanine\n|-supereffective|p1a: Arcanine\n|-damage|p1a: Arcanine|7\/100\n|move|p1a: Arcanine|Flare Blitz|p2b: \u53cc\u51b0\u51bb\n|-resisted|p2b: \u53cc\u51b0\u51bb\n|-damage|p2b: \u53cc\u51b0\u51bb|65\/100\n|-damage|p1a: Arcanine|0 fnt|[from] Recoil\n|faint|p1a: Arcanine\n|\n|-weather|Snow|[upkeep]\n|upkeep\n|\n|t:|1682767805\n|switch|p1a: Amoonguss|Amoonguss, L50, M|100\/100\n|turn|4\n|\n|t:|1682767826\n|-terastallize|p1a: Amoonguss|Water\n|move|p1b: Chien-Pao|Sacred Sword|p2b: \u53cc\u51b0\u51bb\n|-damage|p2b: \u53cc\u51b0\u51bb|18\/100\n|move|p2a: \u9e21\u54e5|Blizzard|p1b: Chien-Pao|[spread] p1a,p1b\n|-resisted|p1a: Amoonguss\n|-resisted|p1b: Chien-Pao\n|-crit|p1b: Chien-Pao\n|-damage|p1a: Amoonguss|84\/100\n|-damage|p1b: Chien-Pao|53\/100\n|-status|p1a: Amoonguss|frz\n|move|p2b: \u53cc\u51b0\u51bb|Giga Drain|p1a: Amoonguss\n|-supereffective|p1a: Amoonguss\n|-crit|p1a: Amoonguss\n|-damage|p1a: Amoonguss|0 fnt\n|-heal|p2b: \u53cc\u51b0\u51bb|68\/100|[from] drain|[of] p1a: Amoonguss\n|faint|p1a: Amoonguss\n|\n|-weather|Snow|[upkeep]\n|upkeep\n|turn|5\n|-message|kuangfeng forfeited.\n|\n|win|JFACKE\n","uploadtime":1682767851,"views":25,"p1id":"kuangfeng","p2id":"jfacke","formatid":"gen9vgc2023regulationc","rating":0,"private":0,"password":""}