{"id":"gen9vgc2023regulationc-1847482727","p1":"The Penguinari","p2":"edhead64","format":"[Gen 9] VGC 2023 Regulation C","log":"|j|\u2606The Penguinari\n|j|\u2606edhead64\n|t:|1681960706\n|gametype|doubles\n|player|p1|The Penguinari|grimsley|\n|player|p2|edhead64|ethan|\n|teamsize|p1|6\n|teamsize|p2|6\n|gen|9\n|tier|[Gen 9] VGC 2023 Regulation C\n|rule|Species Clause: Limit one of each Pok\u00e9mon\n|rule|Item Clause: Limit one of each item\n|clearpoke\n|poke|p1|Iron Bundle, L50|\n|poke|p1|Amoonguss, L50, M|\n|poke|p1|Chi-Yu, L50|\n|poke|p1|Gyarados, L50, F|\n|poke|p1|Dragapult, L50, M|\n|poke|p1|Chien-Pao, L50|\n|poke|p2|Lycanroc, L50, M|\n|poke|p2|Tyranitar, L50, M|\n|poke|p2|Armarouge, L50, M|\n|poke|p2|Indeedee-F, L50, F|\n|poke|p2|Dondozo, L50, F|\n|poke|p2|Tatsugiri-Stretchy, L50, M|\n|teampreview|4\nThe Penguinari has agreed to open team sheets.\nedhead64 has agreed to open team sheets.\n|\n|t:|1681960777\n|start\n|switch|p1a: Iron Bundle|Iron Bundle, L50|100\/100\n|switch|p1b: Chi-Yu|Chi-Yu, L50|100\/100\n|switch|p2a: Lycanroc|Lycanroc, L50, M|100\/100\n|switch|p2b: Tyranitar|Tyranitar, L50, M|100\/100\n|-ability|p1b: Chi-Yu|Beads of Ruin\n|-weather|Sandstorm|[from] ability: Sand Stream|[of] p2b: Tyranitar\n|-enditem|p1a: Iron Bundle|Booster Energy\n|-activate|p1a: Iron Bundle|ability: Quark Drive|[fromitem]\n|-start|p1a: Iron Bundle|quarkdrivespe\n|turn|1\n|\n|t:|1681960815\n|-terastallize|p2a: Lycanroc|Rock\n|move|p1a: Iron Bundle|Protect|p1a: Iron Bundle\n|-singleturn|p1a: Iron Bundle|Protect\n|move|p1b: Chi-Yu|Protect|p1b: Chi-Yu\n|-singleturn|p1b: Chi-Yu|Protect\n|move|p2a: Lycanroc|Rock Slide|p1a: Iron Bundle|[spread] \n|-activate|p1a: Iron Bundle|move: Protect\n|-activate|p1b: Chi-Yu|move: Protect\n|move|p2b: Tyranitar|Ice Punch|p1b: Chi-Yu\n|-activate|p1b: Chi-Yu|move: Protect\n|\n|-weather|Sandstorm|[upkeep]\n|-damage|p1a: Iron Bundle|95\/100|[from] Sandstorm\n|upkeep\n|turn|2\n|\n|t:|1681960846\n|switch|p2b: Tatsugiri|Tatsugiri-Stretchy, L50, M|100\/100\n|move|p2a: Lycanroc|Rock Slide|p1b: Chi-Yu|[spread] p1a,p1b\n|-supereffective|p1a: Iron Bundle\n|-supereffective|p1b: Chi-Yu\n|-damage|p1a: Iron Bundle|11\/100\n|-damage|p1b: Chi-Yu|17\/100\n|move|p1a: Iron Bundle|Hydro Pump|p2a: Lycanroc\n|-supereffective|p2a: Lycanroc\n|-enditem|p2a: Lycanroc|Focus Sash\n|-damage|p2a: Lycanroc|1\/100\n|cant|p1b: Chi-Yu|flinch\n|\n|-weather|Sandstorm|[upkeep]\n|-damage|p1a: Iron Bundle|5\/100|[from] Sandstorm\n|-damage|p2b: Tatsugiri|95\/100|[from] Sandstorm\n|upkeep\n|turn|3\n|\n|t:|1681960897\n|-end|p1a: Iron Bundle|Quark Drive|[silent]\n|switch|p1a: Amoonguss|Amoonguss, L50, M|100\/100\n|move|p1b: Chi-Yu|Protect|p1b: Chi-Yu\n|-singleturn|p1b: Chi-Yu|Protect\n|move|p2a: Lycanroc|Rock Slide|p1b: Chi-Yu|[spread] p1a\n|-activate|p1b: Chi-Yu|move: Protect\n|-damage|p1a: Amoonguss|69\/100\n|move|p2b: Tatsugiri|Draco Meteor|p1a: Amoonguss\n|-damage|p1a: Amoonguss|0 fnt\n|-unboost|p2b: Tatsugiri|spa|2\n|faint|p1a: Amoonguss\n|\n|-weather|Sandstorm|[upkeep]\n|-damage|p2b: Tatsugiri|89\/100|[from] Sandstorm\n|upkeep\n|\n|t:|1681960911\n|switch|p1a: Dragapult|Dragapult, L50, M|100\/100\n|turn|4\n|\n|t:|1681960955\n|-terastallize|p1a: Dragapult|Steel\n|move|p1b: Chi-Yu|Protect||[still]\n|-fail|p1b: Chi-Yu\n|move|p2a: Lycanroc|Rock Slide|p1a: Dragapult|[spread] p1a,p1b\n|-resisted|p1a: Dragapult\n|-supereffective|p1b: Chi-Yu\n|-damage|p1a: Dragapult|74\/100\n|-damage|p1b: Chi-Yu|0 fnt\n|faint|p1b: Chi-Yu\n|move|p1a: Dragapult|Dragon Darts|p2a: Lycanroc\n|-damage|p2a: Lycanroc|0 fnt\n|-anim|p1a: Dragapult|Dragon Darts|p2b: Tatsugiri\n|-supereffective|p2b: Tatsugiri\n|-damage|p2b: Tatsugiri|0 fnt\n|faint|p2a: Lycanroc\n|faint|p2b: Tatsugiri\n|\n|-weather|Sandstorm|[upkeep]\n|upkeep\n|\n|t:|1681960971\n|switch|p2a: Indeedee|Indeedee-F, L50, F|100\/100\n|switch|p2b: Tyranitar|Tyranitar, L50, M|100\/100\n|switch|p1b: Iron Bundle|Iron Bundle, L50|5\/100\n|-fieldstart|move: Psychic Terrain|[from] ability: Psychic Surge|[of] p2a: Indeedee\n|turn|5\n|\n|t:|1681961004\n|move|p2a: Indeedee|Follow Me|p2a: Indeedee\n|-singleturn|p2a: Indeedee|move: Follow Me\n|move|p1a: Dragapult|Dragon Darts|p2a: Indeedee\n|-damage|p2a: Indeedee|57\/100\n|-anim|p1a: Dragapult|Dragon Darts|p2a: Indeedee\n|-damage|p2a: Indeedee|8\/100\n|move|p1b: Iron Bundle|Hydro Pump|p2a: Indeedee\n|-damage|p2a: Indeedee|0 fnt\n|faint|p2a: Indeedee\n|move|p2b: Tyranitar|Low Kick|p1a: Dragapult\n|-supereffective|p1a: Dragapult\n|-damage|p1a: Dragapult|0 fnt\n|faint|p1a: Dragapult\n|\n|-weather|none\n|upkeep\n|turn|6\n|\n|t:|1681961027\n|move|p1b: Iron Bundle|Hydro Pump|p2b: Tyranitar\n|-supereffective|p2b: Tyranitar\n|-damage|p2b: Tyranitar|6\/100\n|move|p2b: Tyranitar|Low Kick|p1b: Iron Bundle\n|-supereffective|p1b: Iron Bundle\n|-damage|p1b: Iron Bundle|0 fnt\n|faint|p1b: Iron Bundle\n|-end|p1b: Iron Bundle|Quark Drive|[silent]\n|\n|win|edhead64\n|l|\u2606The Penguinari\n","uploadtime":1681961036,"views":11,"p1id":"thepenguinari","p2id":"edhead64","formatid":"gen9vgc2023regulationc","rating":0,"private":0,"password":""}