{"id":"gen9vgc2023regulationc-1857643600","p1":"A_Wild_Ymir","p2":"carlosmeza021","format":"[Gen 9] VGC 2023 Regulation C","log":"|j|\u2606A_Wild_Ymir\n|j|\u2606carlosmeza021\n|t:|1683217321\n|gametype|doubles\n|player|p1|A_Wild_Ymir|pokemonbreeder-gen4|1307\n|player|p2|carlosmeza021|veteran|1201\n|teamsize|p1|6\n|teamsize|p2|6\n|gen|9\n|tier|[Gen 9] VGC 2023 Regulation C\n|rated|\n|rule|Species Clause: Limit one of each Pok\u00e9mon\n|rule|Item Clause: Limit one of each item\n|clearpoke\n|poke|p1|Farigiraf, L50, F|\n|poke|p1|Hariyama, L50, M|\n|poke|p1|Wo-Chien, L50|\n|poke|p1|Kingambit, L50, M|\n|poke|p1|Armarouge, L50, F|\n|poke|p1|Indeedee-F, L50, F|\n|poke|p2|Dondozo, L50, M|\n|poke|p2|Tatsugiri, L50, F|\n|poke|p2|Flutter Mane, L50|\n|poke|p2|Murkrow, L50, F|\n|poke|p2|Annihilape, L50, M|\n|poke|p2|Maushold-Four, L50|\n|teampreview|4\n|inactive|Battle timer is ON: inactive players will automatically lose when time's up. (requested by A_Wild_Ymir)\n|inactive|A_Wild_Ymir has 60 seconds left.\n|inactive|carlosmeza021 has 60 seconds left.\n|\n|t:|1683217361\n|start\n|switch|p1a: Farigiraf|Farigiraf, L50, F, shiny|100\/100\n|switch|p1b: Hariyama|Hariyama, L50, M, shiny|100\/100\n|switch|p2a: Tatsugiri|Tatsugiri, L50, F|100\/100\n|switch|p2b: Dondozo|Dondozo, L50, M|100\/100\n|-activate|p2a: Tatsugiri|ability: Commander|[of] p2b: Dondozo\n|-boost|p2b: Dondozo|atk|2\n|-boost|p2b: Dondozo|spa|2\n|-boost|p2b: Dondozo|spe|2\n|-boost|p2b: Dondozo|def|2\n|-boost|p2b: Dondozo|spd|2\n|turn|1\n|inactive|carlosmeza021 has 30 seconds left.\n|inactive|carlosmeza021 has 20 seconds left.\n|inactive|carlosmeza021 has 15 seconds left.\n|inactive|carlosmeza021 has 10 seconds left.\n|inactive|carlosmeza021 has 5 seconds left.\n|\n|t:|1683217412\n|move|p1b: Hariyama|Fake Out|p2b: Dondozo\n|-damage|p2b: Dondozo|95\/100\n|cant|p2b: Dondozo|flinch\n|move|p1a: Farigiraf|Trick Room|p1a: Farigiraf\n|-fieldstart|move: Trick Room|[of] p1a: Farigiraf\n|\n|-heal|p2b: Dondozo|100\/100|[from] item: Leftovers\n|-status|p1b: Hariyama|brn|[from] item: Flame Orb\n|upkeep\n|turn|2\n|\n|t:|1683217429\n|switch|p1a: Wo-Chien|Wo-Chien, L50|100\/100\n|-ability|p1a: Wo-Chien|Tablets of Ruin\n|move|p1b: Hariyama|Wide Guard|p1b: Hariyama\n|-singleturn|p1b: Hariyama|Wide Guard\n|move|p2b: Dondozo|Substitute|p2b: Dondozo\n|-start|p2b: Dondozo|Substitute\n|-damage|p2b: Dondozo|76\/100\n|\n|-heal|p2b: Dondozo|82\/100|[from] item: Leftovers\n|-damage|p1b: Hariyama|95\/100 brn|[from] brn\n|upkeep\n|turn|3\n|inactive|carlosmeza021 has 30 seconds left.\n|inactive|carlosmeza021 has 20 seconds left.\n|\n|t:|1683217466\n|move|p1b: Hariyama|Close Combat|p2b: Dondozo\n|-end|p2b: Dondozo|Substitute\n|-unboost|p1b: Hariyama|def|1\n|-unboost|p1b: Hariyama|spd|1\n|move|p1a: Wo-Chien|Substitute|p1a: Wo-Chien\n|-start|p1a: Wo-Chien|Substitute\n|-damage|p1a: Wo-Chien|76\/100\n|move|p2b: Dondozo|Wave Crash|p1b: Hariyama\n|-damage|p1b: Hariyama|17\/100 brn\n|-damage|p2b: Dondozo|57\/100|[from] Recoil\n|\n|-heal|p1a: Wo-Chien|82\/100|[from] item: Leftovers\n|-heal|p2b: Dondozo|63\/100|[from] item: Leftovers\n|-damage|p1b: Hariyama|11\/100 brn|[from] brn\n|upkeep\n|turn|4\n|\n|t:|1683217478\n|move|p1b: Hariyama|Close Combat|p2b: Dondozo\n|-damage|p2b: Dondozo|36\/100\n|-unboost|p1b: Hariyama|def|1\n|-unboost|p1b: Hariyama|spd|1\n|move|p1a: Wo-Chien|Leech Seed|p2b: Dondozo\n|-start|p2b: Dondozo|move: Leech Seed\n|move|p2b: Dondozo|Earthquake|p1b: Hariyama|[spread] p1a,p1b\n|-miss|p2b: Dondozo|p2a: Tatsugiri\n|-resisted|p1a: Wo-Chien\n|-activate|p1a: Wo-Chien|move: Substitute|[damage]\n|-damage|p1b: Hariyama|0 fnt\n|faint|p1b: Hariyama\n|\n|-heal|p1a: Wo-Chien|87\/100|[from] item: Leftovers\n|-heal|p2b: Dondozo|42\/100|[from] item: Leftovers\n|-damage|p2b: Dondozo|30\/100|[from] Leech Seed|[of] p1a: Wo-Chien\n|-heal|p1a: Wo-Chien|100\/100|[silent]\n|upkeep\n|\n|t:|1683217491\n|switch|p1b: Farigiraf|Farigiraf, L50, F, shiny|100\/100\n|turn|5\n|inactive|carlosmeza021 has 30 seconds left.\n|\n|t:|1683217517\n|move|p1b: Farigiraf|Protect|p1b: Farigiraf\n|-singleturn|p1b: Farigiraf|Protect\n|move|p1a: Wo-Chien|Protect|p1a: Wo-Chien\n|-singleturn|p1a: Wo-Chien|Protect\n|move|p2b: Dondozo|Wave Crash|p1b: Farigiraf\n|-activate|p1b: Farigiraf|move: Protect\n|\n|-heal|p2b: Dondozo|36\/100|[from] item: Leftovers\n|-damage|p2b: Dondozo|24\/100|[from] Leech Seed|[of] p1a: Wo-Chien\n|-fieldend|move: Trick Room\n|upkeep\n|turn|6\n|\n|t:|1683217532\n|move|p2b: Dondozo|Wave Crash|p1b: Farigiraf\n|-damage|p1b: Farigiraf|32\/100\n|-damage|p2b: Dondozo|2\/100|[from] Recoil\n|move|p1a: Wo-Chien|Snarl|p2b: Dondozo|[spread] p2b\n|-miss|p1a: Wo-Chien|p2a: Tatsugiri\n|-damage|p2b: Dondozo|0 fnt\n|faint|p2b: Dondozo\n|move|p1b: Farigiraf|Trick Room|p1b: Farigiraf\n|-fieldstart|move: Trick Room|[of] p1b: Farigiraf\n|\n|upkeep\n|inactive|carlosmeza021 has 30 seconds left.\n|\n|t:|1683217564\n|switch|p2b: Flutter Mane|Flutter Mane, L50, shiny|100\/100\n|-enditem|p2b: Flutter Mane|Booster Energy\n|-activate|p2b: Flutter Mane|ability: Protosynthesis|[fromitem]\n|-start|p2b: Flutter Mane|protosynthesisspa\n|turn|7\n|\n|t:|1683217583\n|move|p1b: Farigiraf|Dazzling Gleam|p2a: Tatsugiri|[spread] p2a,p2b\n|-supereffective|p2a: Tatsugiri\n|-damage|p2a: Tatsugiri|49\/100\n|-damage|p2b: Flutter Mane|82\/100\n|move|p1a: Wo-Chien|Snarl|p2a: Tatsugiri|[spread] p2a,p2b\n|-damage|p2a: Tatsugiri|32\/100\n|-damage|p2b: Flutter Mane|70\/100\n|-unboost|p2a: Tatsugiri|spa|1\n|-unboost|p2b: Flutter Mane|spa|1\n|move|p2a: Tatsugiri|Muddy Water|p1b: Farigiraf|[spread] p1a,p1b\n|-resisted|p1a: Wo-Chien\n|-activate|p1a: Wo-Chien|move: Substitute|[damage]\n|-damage|p1b: Farigiraf|1\/100\n|-damage|p2a: Tatsugiri|22\/100|[from] item: Life Orb\n|move|p2b: Flutter Mane|Dazzling Gleam|p1a: Wo-Chien|[spread] p1a,p1b\n|-supereffective|p1a: Wo-Chien\n|-end|p1a: Wo-Chien|Substitute\n|-damage|p1b: Farigiraf|0 fnt\n|faint|p1b: Farigiraf\n|\n|upkeep\n|\n|t:|1683217599\n|switch|p1b: Kingambit|Kingambit, L50, M, shiny|100\/100\n|turn|8\n|\n|t:|1683217617\n|-terastallize|p1a: Wo-Chien|Fire\n|move|p2a: Tatsugiri|Protect|p2a: Tatsugiri\n|-singleturn|p2a: Tatsugiri|Protect\n|move|p2b: Flutter Mane|Protect|p2b: Flutter Mane\n|-singleturn|p2b: Flutter Mane|Protect\n|move|p1b: Kingambit|Kowtow Cleave|p2a: Tatsugiri\n|-activate|p2a: Tatsugiri|move: Protect\n|move|p1a: Wo-Chien|Snarl|p2b: Flutter Mane|[spread] \n|-activate|p2a: Tatsugiri|move: Protect\n|-activate|p2b: Flutter Mane|move: Protect\n|\n|upkeep\n|turn|9\n|inactive|carlosmeza021 has 30 seconds left.\n|inactive|carlosmeza021 has 20 seconds left.\n|inactive|carlosmeza021 has 15 seconds left.\n|inactive|carlosmeza021 has 10 seconds left.\n|inactive|carlosmeza021 has 5 seconds left.\n|\n|t:|1683217672\n|move|p1b: Kingambit|Kowtow Cleave|p2a: Tatsugiri\n|-damage|p2a: Tatsugiri|0 fnt\n|faint|p2a: Tatsugiri\n|move|p1a: Wo-Chien|Leech Seed|p2b: Flutter Mane\n|-start|p2b: Flutter Mane|move: Leech Seed\n|move|p2b: Flutter Mane|Dazzling Gleam|p1a: Wo-Chien|[spread] p1a,p1b\n|-resisted|p1a: Wo-Chien\n|-damage|p1a: Wo-Chien|93\/100\n|-damage|p1b: Kingambit|74\/100\n|\n|-heal|p1a: Wo-Chien|99\/100|[from] item: Leftovers\n|-damage|p2b: Flutter Mane|58\/100|[from] Leech Seed|[of] p1a: Wo-Chien\n|-heal|p1a: Wo-Chien|100\/100|[silent]\n|upkeep\n|\n|t:|1683217677\n|switch|p2a: Annihilape|Annihilape, L50, M, shiny|100\/100\n|turn|10\n|\n|t:|1683217695\n|-terastallize|p2a: Annihilape|Fire\n|move|p1b: Kingambit|Kowtow Cleave|p2a: Annihilape\n|-damage|p2a: Annihilape|72\/100\n|move|p1a: Wo-Chien|Substitute|p1a: Wo-Chien\n|-start|p1a: Wo-Chien|Substitute\n|-damage|p1a: Wo-Chien|76\/100\n|move|p2a: Annihilape|Bulk Up|p2a: Annihilape\n|-boost|p2a: Annihilape|atk|1\n|-boost|p2a: Annihilape|def|1\n|move|p2b: Flutter Mane|Shadow Ball|p1a: Wo-Chien\n|-activate|p1a: Wo-Chien|move: Substitute|[damage]\n|\n|-heal|p1a: Wo-Chien|82\/100|[from] item: Leftovers\n|-damage|p2b: Flutter Mane|46\/100|[from] Leech Seed|[of] p1a: Wo-Chien\n|-heal|p1a: Wo-Chien|92\/100|[silent]\n|-fieldend|move: Trick Room\n|upkeep\n|turn|11\n|\n|t:|1683217713\n|move|p1b: Kingambit|Sucker Punch|p2a: Annihilape\n|-damage|p2a: Annihilape|55\/100\n|move|p2b: Flutter Mane|Shadow Ball|p1a: Wo-Chien\n|-end|p1a: Wo-Chien|Substitute\n|move|p2a: Annihilape|Drain Punch|p1b: Kingambit\n|-supereffective|p1b: Kingambit\n|-damage|p1b: Kingambit|0 fnt\n|-heal|p2a: Annihilape|90\/100|[from] drain|[of] p1b: Kingambit\n|faint|p1b: Kingambit\n|move|p1a: Wo-Chien|Leech Seed|p2a: Annihilape\n|-start|p2a: Annihilape|move: Leech Seed\n|\n|-heal|p1a: Wo-Chien|97\/100|[from] item: Leftovers\n|-damage|p2b: Flutter Mane|34\/100|[from] Leech Seed|[of] p1a: Wo-Chien\n|-heal|p1a: Wo-Chien|100\/100|[silent]\n|-damage|p2a: Annihilape|78\/100|[from] Leech Seed|[of] p1a: Wo-Chien\n|upkeep\n|turn|12\n|inactive|carlosmeza021 has 30 seconds left.\n|inactive|carlosmeza021 has 20 seconds left.\n|inactive|carlosmeza021 has 15 seconds left.\n|\n|t:|1683217754\n|move|p2b: Flutter Mane|Shadow Ball|p1a: Wo-Chien\n|-damage|p1a: Wo-Chien|80\/100\n|move|p2a: Annihilape|Rage Fist|p1a: Wo-Chien\n|-damage|p1a: Wo-Chien|23\/100\n|move|p1a: Wo-Chien|Substitute|p1a: Wo-Chien\n|-fail|p1a: Wo-Chien|move: Substitute|[weak]\n|\n|-heal|p1a: Wo-Chien|29\/100|[from] item: Leftovers\n|-damage|p2b: Flutter Mane|22\/100|[from] Leech Seed|[of] p1a: Wo-Chien\n|-heal|p1a: Wo-Chien|39\/100|[silent]\n|-damage|p2a: Annihilape|65\/100|[from] Leech Seed|[of] p1a: Wo-Chien\n|-heal|p1a: Wo-Chien|53\/100|[silent]\n|upkeep\n|turn|13\n|\n|t:|1683217764\n|move|p1a: Wo-Chien|Protect|p1a: Wo-Chien\n|-singleturn|p1a: Wo-Chien|Protect\n|move|p2b: Flutter Mane|Shadow Ball|p1a: Wo-Chien\n|-activate|p1a: Wo-Chien|move: Protect\n|move|p2a: Annihilape|Rage Fist|p1a: Wo-Chien\n|-activate|p1a: Wo-Chien|move: Protect\n|\n|-heal|p1a: Wo-Chien|59\/100|[from] item: Leftovers\n|-damage|p2b: Flutter Mane|10\/100|[from] Leech Seed|[of] p1a: Wo-Chien\n|-heal|p1a: Wo-Chien|69\/100|[silent]\n|-damage|p2a: Annihilape|53\/100|[from] Leech Seed|[of] p1a: Wo-Chien\n|-heal|p1a: Wo-Chien|83\/100|[silent]\n|upkeep\n|turn|14\n|\n|t:|1683217776\n|move|p1a: Wo-Chien|Protect|p1a: Wo-Chien\n|-singleturn|p1a: Wo-Chien|Protect\n|move|p2b: Flutter Mane|Shadow Ball|p1a: Wo-Chien\n|-activate|p1a: Wo-Chien|move: Protect\n|move|p2a: Annihilape|Rage Fist|p1a: Wo-Chien\n|-activate|p1a: Wo-Chien|move: Protect\n|\n|-heal|p1a: Wo-Chien|88\/100|[from] item: Leftovers\n|-damage|p2b: Flutter Mane|0 fnt|[from] Leech Seed|[of] p1a: Wo-Chien\n|-heal|p1a: Wo-Chien|96\/100|[silent]\n|faint|p2b: Flutter Mane\n|-end|p2b: Flutter Mane|Protosynthesis|[silent]\n|-damage|p2a: Annihilape|41\/100|[from] Leech Seed|[of] p1a: Wo-Chien\n|-heal|p1a: Wo-Chien|100\/100|[silent]\n|upkeep\n|-enditem|p2a: Annihilape|Sitrus Berry|[eat]\n|-heal|p2a: Annihilape|65\/100|[from] item: Sitrus Berry\n|turn|15\n|c|\u2606carlosmeza021|.-.\n|c|\u2606A_Wild_Ymir|ruin mons are pure skill\n|c|\u2606A_Wild_Ymir|definitely\n|inactive|A_Wild_Ymir has 30 seconds left.\n|c|\u2606A_Wild_Ymir|I feel bad\n|\n|t:|1683217807\n|move|p2a: Annihilape|Rage Fist|p1a: Wo-Chien\n|-damage|p1a: Wo-Chien|42\/100\n|move|p1a: Wo-Chien|Substitute|p1a: Wo-Chien\n|-start|p1a: Wo-Chien|Substitute\n|-damage|p1a: Wo-Chien|18\/100\n|\n|-heal|p1a: Wo-Chien|24\/100|[from] item: Leftovers\n|-damage|p2a: Annihilape|53\/100|[from] Leech Seed|[of] p1a: Wo-Chien\n|-heal|p1a: Wo-Chien|38\/100|[silent]\n|upkeep\n|turn|16\n|\n|t:|1683217819\n|move|p1a: Wo-Chien|Protect|p1a: Wo-Chien\n|-singleturn|p1a: Wo-Chien|Protect\n|move|p2a: Annihilape|Rage Fist|p1a: Wo-Chien\n|-activate|p1a: Wo-Chien|move: Protect\n|\n|-heal|p1a: Wo-Chien|43\/100|[from] item: Leftovers\n|-damage|p2a: Annihilape|41\/100|[from] Leech Seed|[of] p1a: Wo-Chien\n|-heal|p1a: Wo-Chien|58\/100|[silent]\n|upkeep\n|turn|17\n|\n|t:|1683217827\n|move|p2a: Annihilape|Rage Fist|p1a: Wo-Chien\n|-end|p1a: Wo-Chien|Substitute\n|move|p1a: Wo-Chien|Snarl|p2a: Annihilape\n|-damage|p2a: Annihilape|26\/100\n|-unboost|p2a: Annihilape|spa|1\n|\n|-heal|p1a: Wo-Chien|63\/100|[from] item: Leftovers\n|-damage|p2a: Annihilape|14\/100|[from] Leech Seed|[of] p1a: Wo-Chien\n|-heal|p1a: Wo-Chien|77\/100|[silent]\n|upkeep\n|turn|18\n|c|\u2606carlosmeza021|ganando con stall\n|c|\u2606carlosmeza021|asco\n|\n|t:|1683217840\n|move|p1a: Wo-Chien|Protect|p1a: Wo-Chien\n|-singleturn|p1a: Wo-Chien|Protect\n|move|p2a: Annihilape|Drain Punch|p1a: Wo-Chien\n|-activate|p1a: Wo-Chien|move: Protect\n|\n|-heal|p1a: Wo-Chien|83\/100|[from] item: Leftovers\n|-damage|p2a: Annihilape|1\/100|[from] Leech Seed|[of] p1a: Wo-Chien\n|-heal|p1a: Wo-Chien|97\/100|[silent]\n|upkeep\n|turn|19\n|\n|t:|1683217848\n|move|p2a: Annihilape|Drain Punch|p1a: Wo-Chien\n|-damage|p1a: Wo-Chien|70\/100\n|-heal|p2a: Annihilape|13\/100|[from] drain|[of] p1a: Wo-Chien\n|move|p1a: Wo-Chien|Snarl|p2a: Annihilape\n|-damage|p2a: Annihilape|0 fnt\n|faint|p2a: Annihilape\n|\n|win|A_Wild_Ymir\n|raw|A_Wild_Ymir's rating: 1307 → 1321<\/strong> (+14 for winning)\n|raw|carlosmeza021's rating: 1201 → 1183<\/strong> (-18 for losing)\n|c|\u2606A_Wild_Ymir|ggs\n|l|\u2606carlosmeza021\n","uploadtime":1683217926,"views":15,"p1id":"awildymir","p2id":"carlosmeza021","formatid":"gen9vgc2023regulationc","rating":1183,"private":0,"password":""}