{"id":"gen9vgc2023regulationc-1851876122","p1":"thatshuffle42","p2":"mmoom","format":"[Gen 9] VGC 2023 Regulation C","log":"|j|\u2606thatshuffle42\n|j|\u2606mmoom\n|t:|1682499100\n|gametype|doubles\n|player|p1|thatshuffle42|rosa|1144\n|player|p2|mmoom|265|1064\n|teamsize|p1|6\n|teamsize|p2|6\n|gen|9\n|tier|[Gen 9] VGC 2023 Regulation C\n|rated|\n|rule|Species Clause: Limit one of each Pok\u00e9mon\n|rule|Item Clause: Limit one of each item\n|clearpoke\n|poke|p1|Torkoal, L50, M|\n|poke|p1|Flutter Mane, L50|\n|poke|p1|Chien-Pao, L50|\n|poke|p1|Jumpluff, L50, M|\n|poke|p1|Dragapult, L50, F|\n|poke|p1|Kingambit, L50, M|\n|poke|p2|Flutter Mane, L50|\n|poke|p2|Palafin, L50, M|\n|poke|p2|Arcanine, L50, M|\n|poke|p2|Amoonguss, L50, F|\n|poke|p2|Ting-Lu, L50|\n|poke|p2|Dragonite, L50, F|\n|teampreview|4\n|inactive|Battle timer is ON: inactive players will automatically lose when time's up. (requested by thatshuffle42)\n|c|\u2606thatshuffle42|glhf\nthatshuffle42 has agreed to open team sheets.\n|inactive|thatshuffle42 has 60 seconds left.\n|inactive|mmoom has 60 seconds left.\n|\n|t:|1682499141\n|start\n|switch|p1a: Chien-Pao|Chien-Pao, L50|100\/100\n|switch|p1b: Dragapult|Dragapult, L50, F|100\/100\n|switch|p2a: Ting-Lu|Ting-Lu, L50|100\/100\n|switch|p2b: Dragonite|Dragonite, L50, F|100\/100\n|-ability|p1a: Chien-Pao|Sword of Ruin\n|-ability|p2a: Ting-Lu|Vessel of Ruin\n|turn|1\n|inactive|mmoom has 30 seconds left.\n|inactive|mmoom has 20 seconds left.\n|\n|t:|1682499177\n|switch|p2b: Arcanine|Arcanine, L50, M|100\/100\n|-ability|p2b: Arcanine|Intimidate|boost\n|-unboost|p1a: Chien-Pao|atk|1\n|-fail|p1b: Dragapult|unboost|[from] ability: Clear Body|[of] p1b: Dragapult\n|move|p1b: Dragapult|Dragon Darts|p2b: Arcanine\n|-crit|p2b: Arcanine\n|-damage|p2b: Arcanine|19\/100\n|-enditem|p2b: Arcanine|Mago Berry|[eat]\n|-heal|p2b: Arcanine|52\/100|[from] item: Mago Berry\n|-anim|p1b: Dragapult|Dragon Darts|p2a: Ting-Lu\n|-damage|p2a: Ting-Lu|68\/100\n|move|p1a: Chien-Pao|Ice Spinner|p2b: Arcanine\n|-resisted|p2b: Arcanine\n|-damage|p2b: Arcanine|36\/100\n|move|p2a: Ting-Lu|Heavy Slam|p1b: Dragapult\n|-damage|p1b: Dragapult|21\/100\n|\n|upkeep\n|turn|2\n|\n|t:|1682499199\n|switch|p2b: Amoonguss|Amoonguss, L50, F|100\/100\n|move|p1b: Dragapult|Dragon Darts|p2b: Amoonguss\n|-damage|p2b: Amoonguss|57\/100\n|-anim|p1b: Dragapult|Dragon Darts|p2a: Ting-Lu\n|-damage|p2a: Ting-Lu|38\/100\n|move|p1a: Chien-Pao|Sacred Sword|p2b: Amoonguss\n|-resisted|p2b: Amoonguss\n|-damage|p2b: Amoonguss|46\/100\n|-enditem|p2b: Amoonguss|Sitrus Berry|[eat]\n|-heal|p2b: Amoonguss|71\/100|[from] item: Sitrus Berry\n|move|p2a: Ting-Lu|Heavy Slam|p1b: Dragapult\n|-damage|p1b: Dragapult|0 fnt\n|faint|p1b: Dragapult\n|\n|upkeep\n|\n|t:|1682499214\n|switch|p1b: Kingambit|Kingambit, L50, M|100\/100\n|turn|3\n|inactive|mmoom has 30 seconds left.\n|inactive|mmoom has 20 seconds left.\n|\n|t:|1682499253\n|-terastallize|p1b: Kingambit|Fire\n|-terastallize|p2b: Amoonguss|Water\n|move|p2b: Amoonguss|Rage Powder|p2b: Amoonguss\n|-singleturn|p2b: Amoonguss|move: Rage Powder\n|move|p1a: Chien-Pao|Ice Spinner|p2b: Amoonguss\n|-resisted|p2b: Amoonguss\n|-damage|p2b: Amoonguss|58\/100\n|move|p1b: Kingambit|Tera Blast|p2b: Amoonguss\n|-resisted|p2b: Amoonguss\n|-damage|p2b: Amoonguss|34\/100\n|move|p2a: Ting-Lu|Ruination|p1b: Kingambit\n|-damage|p1b: Kingambit|50\/100\n|\n|upkeep\n|turn|4\n|inactive|mmoom has 30 seconds left.\n|\n|t:|1682499279\n|move|p2b: Amoonguss|Rage Powder|p2b: Amoonguss\n|-singleturn|p2b: Amoonguss|move: Rage Powder\n|move|p1a: Chien-Pao|Sacred Sword|p2b: Amoonguss\n|-damage|p2b: Amoonguss|13\/100\n|move|p1b: Kingambit|Assurance|p2b: Amoonguss\n|-damage|p2b: Amoonguss|0 fnt\n|faint|p2b: Amoonguss\n|move|p2a: Ting-Lu|Stomping Tantrum|p1b: Kingambit\n|-supereffective|p1b: Kingambit\n|-damage|p1b: Kingambit|0 fnt\n|faint|p1b: Kingambit\n|\n|upkeep\n|\n|t:|1682499297\n|switch|p1b: Flutter Mane|Flutter Mane, L50|100\/100\n|switch|p2b: Arcanine|Arcanine, L50, M|36\/100\n|-ability|p2b: Arcanine|Intimidate|boost\n|-unboost|p1a: Chien-Pao|atk|1\n|-unboost|p1b: Flutter Mane|atk|1\n|turn|5\n|inactive|thatshuffle42 has 30 seconds left.\n|inactive|mmoom has 30 seconds left.\n|inactive|thatshuffle42 has 20 seconds left.\n|inactive|mmoom has 20 seconds left.\n|\n|t:|1682499335\n|move|p1a: Chien-Pao|Sacred Sword|p2b: Arcanine\n|-damage|p2b: Arcanine|13\/100\n|move|p1b: Flutter Mane|Moonblast|p2a: Ting-Lu\n|-supereffective|p2a: Ting-Lu\n|-damage|p2a: Ting-Lu|0 fnt\n|faint|p2a: Ting-Lu\n|move|p2b: Arcanine|Flare Blitz|p1b: Flutter Mane\n|-damage|p1b: Flutter Mane|0 fnt\n|faint|p1b: Flutter Mane\n|-end|p1b: Flutter Mane|Protosynthesis|[silent]\n|-damage|p2b: Arcanine|0 fnt|[from] Recoil\n|faint|p2b: Arcanine\n|\n|upkeep\n|\n|t:|1682499345\n|switch|p2b: Dragonite|Dragonite, L50, F|100\/100\n|turn|6\n|\n|t:|1682499363\n|move|p2b: Dragonite|Extreme Speed|p1a: Chien-Pao\n|-damage|p1a: Chien-Pao|32\/100\n|move|p1a: Chien-Pao|Ice Spinner|p2b: Dragonite\n|-supereffective|p2b: Dragonite\n|-damage|p2b: Dragonite|10\/100\n|\n|upkeep\n|turn|7\n|\n|t:|1682499378\n|move|p2b: Dragonite|Extreme Speed|p1a: Chien-Pao\n|-damage|p1a: Chien-Pao|0 fnt\n|faint|p1a: Chien-Pao\n|\n|win|mmoom\n|raw|thatshuffle42's rating: 1144 → 1113<\/strong> (-31 for losing)\n|raw|mmoom's rating: 1064 → 1101<\/strong> (+37 for winning)\n","uploadtime":1682499381,"views":14,"p1id":"thatshuffle42","p2id":"mmoom","formatid":"gen9vgc2023regulationc","rating":1101,"private":0,"password":""}