{"id":"gen9vgc2023regulationc-1858988299","p1":"Munchnie","p2":"Lunatrans","format":"[Gen 9] VGC 2023 Regulation C","log":"|j|\u2606Munchnie\n|j|\u2606Lunatrans\n|t:|1683391425\n|gametype|doubles\n|player|p1|Munchnie|maid|\n|player|p2|Lunatrans|beauty-gen4dp|\n|teamsize|p1|6\n|teamsize|p2|6\n|gen|9\n|tier|[Gen 9] VGC 2023 Regulation C\n|rule|Species Clause: Limit one of each Pok\u00e9mon\n|rule|Item Clause: Limit one of each item\n|clearpoke\n|poke|p1|Indeedee-F, L50, F|\n|poke|p1|Armarouge, L50, M|\n|poke|p1|Sunflora, L50, M|\n|poke|p1|Iron Hands, L50|\n|poke|p1|Brute Bonnet, L50|\n|poke|p1|Torkoal, L50, F|\n|poke|p2|Cetitan, L50, F|\n|poke|p2|Ceruledge, L50, M|\n|poke|p2|Altaria, L50, F|\n|poke|p2|Abomasnow, L50, F|\n|poke|p2|Amoonguss, L50, M|\n|poke|p2|Espeon, L50, F|\n|teampreview|4\n|c|\u2606Munchnie|GLHF ^^\n|c|\u2606Lunatrans|scary team you got\n|\n|t:|1683391465\n|start\n|switch|p1a: Nana|Indeedee-F, L50, F, shiny|100\/100\n|switch|p1b: MegaMan|Armarouge, L50, M|100\/100\n|switch|p2a: jeremy|Cetitan, L50, F, shiny|100\/100\n|switch|p2b: <3|Abomasnow, L50, F|100\/100\n|-fieldstart|move: Psychic Terrain|[from] ability: Psychic Surge|[of] p1a: Nana\n|-weather|Snow|[from] ability: Snow Warning|[of] p2b: <3\n|turn|1\n|c|\u2606Munchnie|Looks scary\n|c|\u2606Munchnie|But it's actually trash unfortunately\n|\n|t:|1683391501\n|-terastallize|p2a: jeremy|Ground\n|move|p1a: Nana|Helping Hand|p1b: MegaMan\n|-singleturn|p1b: MegaMan|Helping Hand|[of] p1a: Nana\n|move|p2a: jeremy|Earthquake|p1b: MegaMan|[spread] p2b,p1a,p1b\n|-resisted|p2b: <3\n|-supereffective|p1b: MegaMan\n|-damage|p2b: <3|88\/100\n|-damage|p1a: Nana|73\/100\n|-damage|p1b: MegaMan|38\/100\n|move|p2b: <3|Aurora Veil|p2b: <3\n|-sidestart|p2: Lunatrans|move: Aurora Veil\n|move|p1b: MegaMan|Expanding Force|p2b: <3|[spread] p2a,p2b\n|-damage|p2a: jeremy|47\/100\n|-damage|p2b: <3|27\/100\n|\n|-weather|Snow|[upkeep]\n|upkeep\n|turn|2\n|\n|t:|1683391520\n|move|p2b: <3|Helping Hand|p2a: jeremy\n|-singleturn|p2a: jeremy|Helping Hand|[of] p2b: <3\n|move|p1b: MegaMan|Protect|p1b: MegaMan\n|-singleturn|p1b: MegaMan|Protect\n|move|p2a: jeremy|Earthquake|p1a: Nana|[spread] p2b,p1a\n|-activate|p1b: MegaMan|move: Protect\n|-resisted|p2b: <3\n|-damage|p2b: <3|14\/100\n|-damage|p1a: Nana|29\/100\n|-enditem|p1a: Nana|Sitrus Berry|[eat]\n|-heal|p1a: Nana|54\/100|[from] item: Sitrus Berry\n|move|p1a: Nana|Trick Room|p1a: Nana\n|-fieldstart|move: Trick Room|[of] p1a: Nana\n|\n|-weather|Snow|[upkeep]\n|upkeep\n|turn|3\n|\n|t:|1683391550\n|move|p1a: Nana|Helping Hand|p1b: MegaMan\n|-singleturn|p1b: MegaMan|Helping Hand|[of] p1a: Nana\n|move|p1b: MegaMan|Expanding Force|p2a: jeremy|[spread] p2a,p2b\n|-damage|p2a: jeremy|0 fnt\n|-damage|p2b: <3|0 fnt\n|faint|p2a: jeremy\n|faint|p2b: <3\n|\n|-weather|Snow|[upkeep]\n|upkeep\n|\n|t:|1683391560\n|switch|p2a: olele|Altaria, L50, F|100\/100\n|switch|p2b: Amoonguss|Amoonguss, L50, M|100\/100\n|turn|4\n|c|\u2606Lunatrans|shit i wasnt prepared for that\n|\n|t:|1683391596\n|-terastallize|p1a: Nana|Grass\n|move|p2a: olele|Protect|p2a: olele\n|-singleturn|p2a: olele|Protect\n|move|p1a: Nana|Follow Me|p1a: Nana\n|-singleturn|p1a: Nana|move: Follow Me\n|move|p2b: Amoonguss|Solar Beam||[still]\n|-prepare|p2b: Amoonguss|Solar Beam\n|-enditem|p2b: Amoonguss|Power Herb\n|-anim|p2b: Amoonguss|Solar Beam|p1a: Nana\n|-resisted|p1a: Nana\n|-damage|p1a: Nana|43\/100\n|move|p1b: MegaMan|Expanding Force|p2a: olele|[spread] p2b\n|-activate|p2a: olele|move: Protect\n|-supereffective|p2b: Amoonguss\n|-damage|p2b: Amoonguss|0 fnt\n|faint|p2b: Amoonguss\n|\n|-weather|Snow|[upkeep]\n|upkeep\n|turn|5\n|\n|t:|1683391638\n|move|p1a: Nana|Helping Hand|p1b: MegaMan\n|-singleturn|p1b: MegaMan|Helping Hand|[of] p1a: Nana\n|move|p1b: MegaMan|Expanding Force|p2a: olele\n|-damage|p2a: olele|7\/100\n|move|p2a: olele|Draco Meteor|p1b: MegaMan|[miss]\n|-miss|p2a: olele|p1b: MegaMan\n|\n|-weather|none\n|-heal|p2a: olele|13\/100|[from] item: Leftovers\n|-sideend|p2: Lunatrans|move: Aurora Veil\n|-fieldend|move: Psychic Terrain\n|upkeep\n|turn|6\n|c|\u2606Lunatrans|gg\n|c|\u2606Munchnie|Ggs\n|\n|t:|1683391664\n|move|p1a: Nana|Follow Me|p1a: Nana\n|-singleturn|p1a: Nana|move: Follow Me\n|move|p1b: MegaMan|Expanding Force|p2a: olele\n|-damage|p2a: olele|0 fnt\n|faint|p2a: olele\n|\n|win|Munchnie\n|c|\u2606Munchnie|Ok, I have feedback\n|c|\u2606Lunatrans|tell me\n|c|\u2606Munchnie|Tell you back in chatroom\n","uploadtime":1683391686,"views":8,"p1id":"munchnie","p2id":"lunatrans","formatid":"gen9vgc2023regulationc","rating":0,"private":0,"password":""}