{"id":"gen9vgc2023regulationc-1851338568","p1":"CGballin","p2":"Piccius","format":"[Gen 9] VGC 2023 Regulation C","log":"|j|\u2606CGballin\n|j|\u2606Piccius\n|t:|1682437049\n|gametype|doubles\n|player|p1|CGballin|doubleteam|1466\n|player|p2|Piccius|hiker-gen4|1555\n|teamsize|p1|6\n|teamsize|p2|6\n|gen|9\n|tier|[Gen 9] VGC 2023 Regulation C\n|rated|\n|rule|Species Clause: Limit one of each Pok\u00e9mon\n|rule|Item Clause: Limit one of each item\n|clearpoke\n|poke|p1|Flutter Mane, L50|\n|poke|p1|Murkrow, L50, F|\n|poke|p1|Garchomp, L50, M|\n|poke|p1|Rotom-Heat, L50|\n|poke|p1|Garganacl, L50, M|\n|poke|p1|Tyranitar, L50, F|\n|poke|p2|Chi-Yu, L50|\n|poke|p2|Torkoal, L50, F|\n|poke|p2|Flutter Mane, L50|\n|poke|p2|Baxcalibur, L50, F|\n|poke|p2|Great Tusk, L50|\n|poke|p2|Lilligant, L50, F|\n|teampreview|4\n|inactive|Battle timer is ON: inactive players will automatically lose when time's up. (requested by CGballin)\n|j| Arieha1995\n|inactive|CGballin has 60 seconds left.\n|inactive|Piccius has 60 seconds left.\n|inactive|CGballin has 30 seconds left.\n|inactive|CGballin has 20 seconds left.\n|\n|t:|1682437123\n|start\n|switch|p1a: Garchomp|Garchomp, L50, M|100\/100\n|switch|p1b: Murkrow|Murkrow, L50, F|100\/100\n|switch|p2a: Flutter Mane|Flutter Mane, L50|100\/100\n|switch|p2b: Torkoal|Torkoal, L50, F|100\/100\n|-weather|SunnyDay|[from] ability: Drought|[of] p2b: Torkoal\n|-activate|p2a: Flutter Mane|ability: Protosynthesis\n|-start|p2a: Flutter Mane|protosynthesisspe\n|turn|1\n|inactive|CGballin has 30 seconds left.\n|inactive|CGballin has 20 seconds left.\n|\n|t:|1682437163\n|-terastallize|p2a: Flutter Mane|Fairy\n|move|p2b: Torkoal|Helping Hand|p2a: Flutter Mane\n|-singleturn|p2a: Flutter Mane|Helping Hand|[of] p2b: Torkoal\n|move|p1a: Garchomp|Protect|p1a: Garchomp\n|-singleturn|p1a: Garchomp|Protect\n|move|p1b: Murkrow|Tailwind|p1b: Murkrow\n|-sidestart|p1: CGballin|move: Tailwind\n|move|p2a: Flutter Mane|Dazzling Gleam|p1b: Murkrow|[spread] p1b\n|-activate|p1a: Garchomp|move: Protect\n|-supereffective|p1b: Murkrow\n|-damage|p1b: Murkrow|0 fnt\n|faint|p1b: Murkrow\n|\n|-weather|SunnyDay|[upkeep]\n|upkeep\n|\n|t:|1682437176\n|switch|p1b: Tyranitar|Tyranitar, L50, F|100\/100\n|-weather|Sandstorm|[from] ability: Sand Stream|[of] p1b: Tyranitar\n|-end|p2a: Flutter Mane|Protosynthesis\n|turn|2\n|inactive|CGballin has 30 seconds left.\n|inactive|Piccius has 30 seconds left.\n|\n|t:|1682437208\n|switch|p1a: Garganacl|Garganacl, L50, M|100\/100\n|-terastallize|p1b: Tyranitar|Rock\n|move|p2a: Flutter Mane|Dazzling Gleam|p1a: Garganacl|[spread] p1a,p1b\n|-damage|p1a: Garganacl|72\/100\n|-damage|p1b: Tyranitar|76\/100\n|move|p1b: Tyranitar|Rock Slide|p2b: Torkoal|[spread] p2b\n|-miss|p1b: Tyranitar|p2a: Flutter Mane\n|-supereffective|p2b: Torkoal\n|-damage|p2b: Torkoal|35\/100\n|cant|p2b: Torkoal|flinch\n|\n|-weather|Sandstorm|[upkeep]\n|-damage|p2a: Flutter Mane|94\/100|[from] Sandstorm\n|-damage|p2b: Torkoal|29\/100|[from] Sandstorm\n|-heal|p1a: Garganacl|77\/100|[from] item: Leftovers\n|-heal|p2b: Torkoal|35\/100|[from] item: Leftovers\n|upkeep\n|turn|3\n|\n|t:|1682437232\n|-end|p2a: Flutter Mane|Protosynthesis|[silent]\n|switch|p2a: Great Tusk|Great Tusk, L50|100\/100\n|move|p1a: Garganacl|Wide Guard|p1a: Garganacl\n|-singleturn|p1a: Garganacl|Wide Guard\n|move|p1b: Tyranitar|Bulldoze|p2b: Torkoal|[spread] p2a,p2b\n|-activate|p1a: Garganacl|move: Wide Guard\n|-supereffective|p2b: Torkoal\n|-damage|p2a: Great Tusk|89\/100\n|-damage|p2b: Torkoal|6\/100\n|-unboost|p2a: Great Tusk|spe|1\n|-unboost|p2b: Torkoal|spe|1\n|move|p2b: Torkoal|Yawn|p1b: Tyranitar\n|-start|p1b: Tyranitar|move: Yawn|[of] p2b: Torkoal\n|\n|-weather|Sandstorm|[upkeep]\n|-damage|p2b: Torkoal|0 fnt|[from] Sandstorm\n|faint|p2b: Torkoal\n|-heal|p1a: Garganacl|83\/100|[from] item: Leftovers\n|upkeep\n|\n|t:|1682437245\n|switch|p2b: Flutter Mane|Flutter Mane, L50, tera:Fairy|94\/100\n|turn|4\n|inactive|CGballin has 30 seconds left.\n|inactive|CGballin has 20 seconds left.\n|inactive|CGballin has 15 seconds left.\n|inactive|CGballin has 10 seconds left.\n|\n|t:|1682437292\n|move|p2b: Flutter Mane|Moonblast|p1b: Tyranitar\n|-damage|p1b: Tyranitar|31\/100\n|move|p1b: Tyranitar|Ice Punch|p2a: Great Tusk\n|-supereffective|p2a: Great Tusk\n|-damage|p2a: Great Tusk|51\/100\n|move|p1a: Garganacl|Iron Defense|p1a: Garganacl\n|-boost|p1a: Garganacl|def|2\n|move|p2a: Great Tusk|Close Combat|p1a: Garganacl\n|-supereffective|p1a: Garganacl\n|-damage|p1a: Garganacl|39\/100\n|-unboost|p2a: Great Tusk|def|1\n|-unboost|p2a: Great Tusk|spd|1\n|\n|-weather|Sandstorm|[upkeep]\n|-damage|p2b: Flutter Mane|88\/100|[from] Sandstorm\n|-heal|p1a: Garganacl|44\/100|[from] item: Leftovers\n|-end|p1b: Tyranitar|move: Yawn|[silent]\n|-status|p1b: Tyranitar|slp\n|-sideend|p1: CGballin|move: Tailwind\n|upkeep\n|turn|5\n|inactive|CGballin has 30 seconds left.\n|inactive|Piccius has 30 seconds left.\n|\n|t:|1682437323\n|move|p2b: Flutter Mane|Moonblast|p1a: Garganacl\n|-damage|p1a: Garganacl|0 fnt\n|faint|p1a: Garganacl\n|cant|p1b: Tyranitar|slp\n|move|p2a: Great Tusk|Close Combat|p1b: Tyranitar\n|-supereffective|p1b: Tyranitar\n|-damage|p1b: Tyranitar|0 fnt\n|-unboost|p2a: Great Tusk|def|1\n|-unboost|p2a: Great Tusk|spd|1\n|faint|p1b: Tyranitar\n|\n|-weather|Sandstorm|[upkeep]\n|-damage|p2b: Flutter Mane|82\/100|[from] Sandstorm\n|upkeep\n|\n|t:|1682437335\n|switch|p1b: Garchomp|Garchomp, L50, M|100\/100\n|turn|6\n|-message|CGballin forfeited.\n|\n|win|Piccius\n|raw|CGballin's rating: 1466 → 1451<\/strong> (-15 for losing)\n|raw|Piccius's rating: 1555 → 1570<\/strong> (+15 for winning)\n|l|\u2606CGballin\n|l| Arieha1995\n","uploadtime":1682437345,"views":15,"p1id":"cgballin","p2id":"piccius","formatid":"gen9vgc2023regulationc","rating":1451,"private":0,"password":""}