{"id":"gen9vgc2023regulationc-1848196941","p1":"ShaytheFair","p2":"TooSleeepy","format":"[Gen 9] VGC 2023 Regulation C","log":"|j|\u2606ShaytheFair\n|j|\u2606TooSleeepy\n|t:|1682041239\n|gametype|doubles\n|player|p1|ShaytheFair|veteranf|1087\n|player|p2|TooSleeepy|169|1000\n|teamsize|p1|6\n|teamsize|p2|6\n|gen|9\n|tier|[Gen 9] VGC 2023 Regulation C\n|rated|\n|rule|Species Clause: Limit one of each Pok\u00e9mon\n|rule|Item Clause: Limit one of each item\n|clearpoke\n|poke|p1|Palafin, L50, M|\n|poke|p1|Flutter Mane, L50|\n|poke|p1|Arcanine, L50, F|\n|poke|p1|Ting-Lu, L50|\n|poke|p1|Amoonguss, L50, F|\n|poke|p1|Kingambit, L50, F|\n|poke|p2|Chi-Yu, L50|\n|poke|p2|Gyarados, L50, M|\n|poke|p2|Wo-Chien, L50|\n|poke|p2|Flutter Mane, L50|\n|poke|p2|Dragonite, L50, M|\n|poke|p2|Arcanine, L50, F|\n|teampreview|4\nShaytheFair has agreed to open team sheets.\n|\n|t:|1682041274\n|start\n|switch|p1a: Amoonguss|Amoonguss, L50, F|100\/100\n|switch|p1b: Palafin|Palafin, L50, M|100\/100\n|switch|p2a: Wo-Chien|Wo-Chien, L50|100\/100\n|switch|p2b: Dragonite|Dragonite, L50, M|100\/100\n|-ability|p2a: Wo-Chien|Tablets of Ruin\n|turn|1\n|\n|t:|1682041312\n|move|p1b: Palafin|Protect|p1b: Palafin\n|-singleturn|p1b: Palafin|Protect\n|move|p1a: Amoonguss|Protect|p1a: Amoonguss\n|-singleturn|p1a: Amoonguss|Protect\n|move|p2b: Dragonite|Extreme Speed|p1a: Amoonguss\n|-activate|p1a: Amoonguss|move: Protect\n|move|p2a: Wo-Chien|Foul Play|p1b: Palafin\n|-activate|p1b: Palafin|move: Protect\n|\n|upkeep\n|turn|2\n|\n|t:|1682041339\n|switch|p2b: Chi-Yu|Chi-Yu, L50|100\/100\n|-ability|p2b: Chi-Yu|Beads of Ruin\n|detailschange|p1b: Palafin|Palafin-Hero, L50, M\n|switch|p1b: Arcanine|Arcanine, L50, F|100\/100\n|-ability|p1b: Arcanine|Intimidate|boost\n|-unboost|p2a: Wo-Chien|atk|1\n|-unboost|p2b: Chi-Yu|atk|1\n|move|p2a: Wo-Chien|Protect|p2a: Wo-Chien\n|-singleturn|p2a: Wo-Chien|Protect\n|move|p1a: Amoonguss|Rage Powder|p1a: Amoonguss\n|-singleturn|p1a: Amoonguss|move: Rage Powder\n|\n|upkeep\n|turn|3\n|\n|t:|1682041368\n|switch|p1a: Palafin|Palafin-Hero, L50, M|100\/100\n|-activate|p1a: Palafin|ability: Zero to Hero\n|move|p2b: Chi-Yu|Heat Wave|p1a: Palafin|[spread] p1a,p1b\n|-resisted|p1a: Palafin\n|-resisted|p1b: Arcanine\n|-damage|p1a: Palafin|77\/100\n|-damage|p1b: Arcanine|76\/100\n|move|p1b: Arcanine|Flare Blitz|p2a: Wo-Chien\n|-supereffective|p2a: Wo-Chien\n|-damage|p2a: Wo-Chien|34\/100\n|-damage|p1b: Arcanine|55\/100|[from] Recoil\n|move|p2a: Wo-Chien|Leech Seed|p1b: Arcanine\n|-start|p1b: Arcanine|move: Leech Seed\n|\n|-heal|p2a: Wo-Chien|40\/100|[from] item: Leftovers\n|-damage|p1b: Arcanine|43\/100|[from] Leech Seed|[of] p2a: Wo-Chien\n|-heal|p2a: Wo-Chien|53\/100|[silent]\n|upkeep\n|turn|4\n|\n|t:|1682041422\n|switch|p1b: Amoonguss|Amoonguss, L50, F|100\/100\n|move|p2a: Wo-Chien|Protect|p2a: Wo-Chien\n|-singleturn|p2a: Wo-Chien|Protect\n|move|p2b: Chi-Yu|Heat Wave|p1b: Amoonguss|[spread] p1a,p1b\n|-resisted|p1a: Palafin\n|-supereffective|p1b: Amoonguss\n|-damage|p1a: Palafin|53\/100\n|-damage|p1b: Amoonguss|17\/100\n|move|p1a: Palafin|Wave Crash|p2b: Chi-Yu\n|-supereffective|p2b: Chi-Yu\n|-enditem|p2b: Chi-Yu|Focus Sash\n|-damage|p2b: Chi-Yu|1\/100\n|-damage|p1a: Palafin|32\/100|[from] Recoil\n|\n|-heal|p2a: Wo-Chien|59\/100|[from] item: Leftovers\n|upkeep\n|turn|5\n|\n|t:|1682041449\n|move|p2b: Chi-Yu|Protect|p2b: Chi-Yu\n|-singleturn|p2b: Chi-Yu|Protect\n|move|p1a: Palafin|Jet Punch|p2b: Chi-Yu\n|-activate|p2b: Chi-Yu|move: Protect\n|move|p2a: Wo-Chien|Leech Seed|p1a: Palafin\n|-start|p1a: Palafin|move: Leech Seed\n|move|p1b: Amoonguss|Pollen Puff|p2a: Wo-Chien\n|-supereffective|p2a: Wo-Chien\n|-damage|p2a: Wo-Chien|0 fnt\n|faint|p2a: Wo-Chien\n|\n|upkeep\n|\n|t:|1682041467\n|switch|p2a: Flutter Mane|Flutter Mane, L50|100\/100\n|-enditem|p2a: Flutter Mane|Booster Energy\n|-activate|p2a: Flutter Mane|ability: Protosynthesis|[fromitem]\n|-start|p2a: Flutter Mane|protosynthesisspe\n|turn|6\n|\n|t:|1682041490\n|switch|p2b: Dragonite|Dragonite, L50, M|100\/100\n|-terastallize|p2a: Flutter Mane|Fairy\n|move|p1b: Amoonguss|Rage Powder|p1b: Amoonguss\n|-singleturn|p1b: Amoonguss|move: Rage Powder\n|move|p1a: Palafin|Jet Punch|p2b: Dragonite\n|-resisted|p2b: Dragonite\n|-damage|p2b: Dragonite|88\/100\n|move|p2a: Flutter Mane|Dazzling Gleam|p1a: Palafin|[spread] p1a,p1b\n|-resisted|p1b: Amoonguss\n|-damage|p1a: Palafin|0 fnt\n|-damage|p1b: Amoonguss|0 fnt\n|faint|p1a: Palafin\n|faint|p1b: Amoonguss\n|\n|upkeep\n|\n|t:|1682041506\n|switch|p1a: Arcanine|Arcanine, L50, F|43\/100\n|switch|p1b: Flutter Mane|Flutter Mane, L50|100\/100\n|-ability|p1a: Arcanine|Intimidate|boost\n|-unboost|p2a: Flutter Mane|atk|1\n|-unboost|p2b: Dragonite|atk|1\n|-enditem|p1b: Flutter Mane|Booster Energy\n|-activate|p1b: Flutter Mane|ability: Protosynthesis|[fromitem]\n|-start|p1b: Flutter Mane|protosynthesisspa\n|turn|7\n|\n|t:|1682041549\n|-terastallize|p1b: Flutter Mane|Fairy\n|move|p2b: Dragonite|Extreme Speed|p1a: Arcanine\n|-damage|p1a: Arcanine|14\/100\n|move|p2a: Flutter Mane|Dazzling Gleam|p1a: Arcanine|[spread] p1a,p1b\n|-resisted|p1a: Arcanine\n|-damage|p1a: Arcanine|0 fnt\n|-damage|p1b: Flutter Mane|58\/100\n|faint|p1a: Arcanine\n|move|p1b: Flutter Mane|Dazzling Gleam|p2b: Dragonite|[spread] p2a,p2b\n|-supereffective|p2b: Dragonite\n|-damage|p2a: Flutter Mane|47\/100\n|-damage|p2b: Dragonite|0 fnt\n|faint|p2b: Dragonite\n|\n|upkeep\n|\n|t:|1682041561\n|switch|p2b: Chi-Yu|Chi-Yu, L50|1\/100\n|-ability|p2b: Chi-Yu|Beads of Ruin\n|turn|8\n|\n|t:|1682041581\n|move|p2a: Flutter Mane|Dazzling Gleam|p1b: Flutter Mane\n|-damage|p1b: Flutter Mane|0 fnt\n|faint|p1b: Flutter Mane\n|-end|p1b: Flutter Mane|Protosynthesis|[silent]\n|\n|win|TooSleeepy\n|raw|ShaytheFair's rating: 1087 → 1058<\/strong> (-29 for losing)\n|raw|TooSleeepy's rating: 1000 → 1050<\/strong> (+50 for winning)\n","uploadtime":1682041587,"views":11,"p1id":"shaythefair","p2id":"toosleeepy","formatid":"gen9vgc2023regulationc","rating":1050,"private":0,"password":""}