{"id":"gen9vgc2023regulationc-1860621738","p1":"Ilpiuatteso","p2":"NewToVGCPilo","format":"[Gen 9] VGC 2023 Regulation C","log":"|j|\u2606Ilpiuatteso\n|j|\u2606NewToVGCPilo\n|t:|1683659856\n|gametype|doubles\n|player|p1|Ilpiuatteso|fisherman-gen4|1091\n|player|p2|NewToVGCPilo|lyra|1024\n|teamsize|p1|6\n|teamsize|p2|6\n|gen|9\n|tier|[Gen 9] VGC 2023 Regulation C\n|rated|\n|rule|Species Clause: Limit one of each Pok\u00e9mon\n|rule|Item Clause: Limit one of each item\n|clearpoke\n|poke|p1|Chien-Pao, L50|\n|poke|p1|Zangoose, L50, F|\n|poke|p1|Murkrow, L50, F|\n|poke|p1|Iron Hands, L50|\n|poke|p1|Amoonguss, L50, M|\n|poke|p1|Flutter Mane, L50|\n|poke|p2|Chi-Yu, L50|\n|poke|p2|Grimmsnarl, L50, M|\n|poke|p2|Iron Bundle, L50|\n|poke|p2|Eelektross, L50, F|\n|poke|p2|Slaking, L50, F|\n|poke|p2|Dedenne, L50, F|\n|teampreview|4\n|inactive|Battle timer is ON: inactive players will automatically lose when time's up. (requested by NewToVGCPilo)\n|inactive|Ilpiuatteso has 60 seconds left.\n|\n|t:|1683659933\n|start\n|switch|p1a: Zangoose|Zangoose, L50, F, shiny|100\/100\n|switch|p1b: Amoonguss|Amoonguss, L50, M, shiny|100\/100\n|switch|p2a: Pilo|Dedenne, L50, F|100\/100\n|switch|p2b: Grimmsnarl|Grimmsnarl, L50, M|100\/100\n|turn|1\n|\n|t:|1683659957\n|move|p1a: Zangoose|Protect|p1a: Zangoose\n|-singleturn|p1a: Zangoose|Protect\n|move|p2b: Grimmsnarl|Fake Out|p1a: Zangoose\n|-activate|p1a: Zangoose|move: Protect\n|move|p2a: Pilo|Electric Terrain|p2a: Pilo\n|-fieldstart|move: Electric Terrain\n|move|p1b: Amoonguss|Spore|p2b: Grimmsnarl\n|-activate|p2b: Grimmsnarl|move: Electric Terrain\n|\n|-status|p1a: Zangoose|tox|[from] item: Toxic Orb\n|upkeep\n|turn|2\n|inactive|Ilpiuatteso has 30 seconds left.\n|\n|t:|1683659989\n|-terastallize|p1a: Zangoose|Normal\n|move|p1b: Amoonguss|Rage Powder|p1b: Amoonguss\n|-singleturn|p1b: Amoonguss|move: Rage Powder\n|move|p2b: Grimmsnarl|Reflect|p2b: Grimmsnarl\n|-sidestart|p2: NewToVGCPilo|Reflect\n|move|p2a: Pilo|Nuzzle|p1b: Amoonguss\n|-resisted|p1b: Amoonguss\n|-damage|p1b: Amoonguss|98\/100\n|-status|p1b: Amoonguss|par\n|move|p1a: Zangoose|Facade|p2a: Pilo\n|-enditem|p2a: Pilo|Focus Sash\n|-damage|p2a: Pilo|1\/100\n|\n|-damage|p1a: Zangoose|94\/100 tox|[from] psn\n|upkeep\n|turn|3\n|inactive|Ilpiuatteso has 30 seconds left.\n|inactive|NewToVGCPilo has 30 seconds left.\n|inactive|NewToVGCPilo has 20 seconds left.\n|\n|t:|1683660028\n|move|p1b: Amoonguss|Rage Powder|p1b: Amoonguss\n|-singleturn|p1b: Amoonguss|move: Rage Powder\n|move|p2b: Grimmsnarl|Light Screen|p2b: Grimmsnarl\n|-sidestart|p2: NewToVGCPilo|move: Light Screen\n|move|p2a: Pilo|Super Fang|p1b: Amoonguss\n|-damage|p1b: Amoonguss|49\/100 par\n|-enditem|p1b: Amoonguss|Sitrus Berry|[eat]\n|-heal|p1b: Amoonguss|74\/100 par|[from] item: Sitrus Berry\n|move|p1a: Zangoose|Facade|p2b: Grimmsnarl\n|-damage|p2b: Grimmsnarl|0 fnt\n|faint|p2b: Grimmsnarl\n|\n|-damage|p1a: Zangoose|82\/100 tox|[from] psn\n|upkeep\n|\n|t:|1683660042\n|switch|p2b: Eelektross|Eelektross, L50, F, shiny|100\/100\n|turn|4\n|inactive|Ilpiuatteso has 30 seconds left.\n|\n|t:|1683660068\n|move|p1b: Amoonguss|Rage Powder|p1b: Amoonguss\n|-singleturn|p1b: Amoonguss|move: Rage Powder\n|move|p1a: Zangoose|Quick Attack|p2a: Pilo\n|-damage|p2a: Pilo|0 fnt\n|faint|p2a: Pilo\n|move|p2b: Eelektross|Rock Slide|p1a: Zangoose|[spread] p1a,p1b\n|-damage|p1a: Zangoose|52\/100 tox\n|-damage|p1b: Amoonguss|60\/100 par\n|\n|-damage|p1a: Zangoose|34\/100 tox|[from] psn\n|upkeep\n|\n|t:|1683660079\n|switch|p2a: Slaking|Slaking, L50, F|100\/100\n|turn|5\n|\n|t:|1683660088\n|switch|p1a: Iron Hands|Iron Hands, L50|100\/100\n|-activate|p1a: Iron Hands|ability: Quark Drive\n|-start|p1a: Iron Hands|quarkdriveatk\n|switch|p1b: Murkrow|Murkrow, L50, F|100\/100\n|move|p2a: Slaking|Ice Punch|p1b: Murkrow\n|-supereffective|p1b: Murkrow\n|-damage|p1b: Murkrow|17\/100\n|-damage|p2a: Slaking|91\/100|[from] item: Life Orb\n|move|p2b: Eelektross|Gastro Acid|p2a: Slaking\n|-endability|p2a: Slaking\n|\n|-fieldend|move: Electric Terrain\n|-end|p1a: Iron Hands|Quark Drive\n|upkeep\n|turn|6\n|inactive|Ilpiuatteso has 30 seconds left.\n|\n|t:|1683660114\n|move|p1a: Iron Hands|Fake Out|p2b: Eelektross\n|-damage|p2b: Eelektross|91\/100\n|move|p1b: Murkrow|Thunder Wave|p2a: Slaking\n|-status|p2a: Slaking|par\n|cant|p2b: Eelektross|flinch\n|move|p2a: Slaking|Drain Punch|p1a: Iron Hands\n|-damage|p1a: Iron Hands|73\/100\n|-heal|p2a: Slaking|100\/100 par|[from] drain|[of] p1a: Iron Hands\n|-damage|p2a: Slaking|91\/100 par|[from] item: Life Orb\n|\n|upkeep\n|turn|7\n|\n|t:|1683660136\n|move|p1b: Murkrow|Foul Play|p2a: Slaking\n|-damage|p2a: Slaking|57\/100 par\n|move|p1a: Iron Hands|Drain Punch|p2a: Slaking\n|-supereffective|p2a: Slaking\n|-damage|p2a: Slaking|15\/100 par\n|-heal|p1a: Iron Hands|94\/100|[from] drain|[of] p2a: Slaking\n|move|p2b: Eelektross|Thunder Wave|p1a: Iron Hands\n|-immune|p1a: Iron Hands\n|move|p2a: Slaking|Ice Punch|p1b: Murkrow\n|-supereffective|p1b: Murkrow\n|-damage|p1b: Murkrow|0 fnt\n|faint|p1b: Murkrow\n|-damage|p2a: Slaking|5\/100 par|[from] item: Life Orb\n|\n|upkeep\n|\n|t:|1683660154\n|switch|p1b: Zangoose|Zangoose, L50, F, shiny, tera:Normal|34\/100 tox\n|turn|8\n|\n|t:|1683660168\n|move|p1b: Zangoose|Facade|p2b: Eelektross\n|-damage|p2b: Eelektross|0 fnt\n|faint|p2b: Eelektross\n|move|p1a: Iron Hands|Drain Punch|p2a: Slaking\n|-supereffective|p2a: Slaking\n|-damage|p2a: Slaking|0 fnt\n|-heal|p1a: Iron Hands|97\/100|[from] drain|[of] p2a: Slaking\n|faint|p2a: Slaking\n|\n|win|Ilpiuatteso\n|raw|Ilpiuatteso's rating: 1091 → 1112<\/strong> (+21 for winning)\n|raw|NewToVGCPilo's rating: 1024 → 1013<\/strong> (-11 for losing)\n","uploadtime":1683660180,"views":20,"p1id":"ilpiuatteso","p2id":"newtovgcpilo","formatid":"gen9vgc2023regulationc","rating":1013,"private":0,"password":""}