{"id":"gen9vgc2023regulationc-1854980138","p1":"Yessir2022","p2":"Ricardo Randorez","format":"[Gen 9] VGC 2023 Regulation C","log":"|j|\u2606Yessir2022\n|j|\u2606Ricardo Randorez\n|t:|1682887320\n|gametype|doubles\n|player|p1|Yessir2022|red|1233\n|player|p2|Ricardo Randorez|266|1313\n|teamsize|p1|6\n|teamsize|p2|6\n|gen|9\n|tier|[Gen 9] VGC 2023 Regulation C\n|rated|\n|rule|Species Clause: Limit one of each Pok\u00e9mon\n|rule|Item Clause: Limit one of each item\n|clearpoke\n|poke|p1|Gholdengo, L50|\n|poke|p1|Murkrow, L50, F|\n|poke|p1|Ceruledge, L50, F|\n|poke|p1|Rotom-Wash, L50|\n|poke|p1|Maushold-Four, L50|\n|poke|p1|Dragonite, L50, M|\n|poke|p2|Flamigo, L50, M|\n|poke|p2|Azumarill, L50, M|\n|poke|p2|Maushold-Four, L50|\n|poke|p2|Iron Hands, L50|\n|poke|p2|Volcarona, L50, M|\n|poke|p2|Flutter Mane, L50|\n|teampreview|4\nYessir2022 rejected open team sheets.\n|inactive|Battle timer is ON: inactive players will automatically lose when time's up. (requested by Ricardo Randorez)\n|c|\u2606Ricardo Randorez|Let\u2019s go pal\n|c|\u2606Ricardo Randorez|You went lgbt we get it\n|inactive|Yessir2022 has 60 seconds left.\n|\n|t:|1682887366\n|start\n|switch|p1a: Rotom|Rotom-Wash, L50|100\/100\n|switch|p1b: Gholdengo|Gholdengo, L50|100\/100\n|switch|p2a: Volcarona|Volcarona, L50, M|100\/100\n|switch|p2b: Azumarill|Azumarill, L50, M|100\/100\n|turn|1\n|c|\u2606Yessir2022|wtf does that man\n|c|\u2606Yessir2022|mean\n|inactive|Yessir2022 has 30 seconds left.\n|inactive|Yessir2022 has 20 seconds left.\n|inactive|Yessir2022 has 15 seconds left.\n|\n|t:|1682887407\n|switch|p1b: Dragonite|Dragonite, L50, M, shiny|100\/100\n|move|p2a: Volcarona|Rage Powder|p2a: Volcarona\n|-singleturn|p2a: Volcarona|move: Rage Powder\n|move|p1a: Rotom|Thunderbolt|p2a: Volcarona\n|-damage|p2a: Volcarona|64\/100\n|move|p2b: Azumarill|Belly Drum|p2b: Azumarill\n|-damage|p2b: Azumarill|50\/100\n|-setboost|p2b: Azumarill|atk|6|[from] move: Belly Drum\n|-enditem|p2b: Azumarill|Sitrus Berry|[eat]\n|-heal|p2b: Azumarill|75\/100|[from] item: Sitrus Berry\n|\n|upkeep\n|turn|2\n|inactive|Yessir2022 has 30 seconds left.\n|\n|t:|1682887432\n|-terastallize|p1b: Dragonite|Normal\n|move|p2b: Azumarill|Protect|p2b: Azumarill\n|-singleturn|p2b: Azumarill|Protect\n|move|p2a: Volcarona|Struggle Bug|p1a: Rotom|[spread] p1a,p1b\n|-damage|p1a: Rotom|83\/100\n|-damage|p1b: Dragonite|92\/100\n|move|p1b: Dragonite|Earthquake|p2b: Azumarill|[spread] p2a\n|-activate|p2b: Azumarill|move: Protect\n|-immune|p1a: Rotom|[from] ability: Levitate\n|-damage|p2a: Volcarona|33\/100\n|move|p1a: Rotom|Hydro Pump|p2a: Volcarona\n|-supereffective|p2a: Volcarona\n|-damage|p2a: Volcarona|0 fnt\n|faint|p2a: Volcarona\n|\n|upkeep\n|\n|t:|1682887450\n|switch|p2a: Flamigo|Flamigo, L50, M|100\/100\n|-copyboost|p2a: Flamigo|p2b: Azumarill|[from] ability: Costar\n|turn|3\n|\n|t:|1682887474\n|-terastallize|p2b: Azumarill|Water\n|move|p1b: Dragonite|Extreme Speed|p2b: Azumarill\n|-damage|p2b: Azumarill|27\/100\n|move|p2b: Azumarill|Aqua Jet|p1a: Rotom\n|-resisted|p1a: Rotom\n|-damage|p1a: Rotom|4\/100\n|move|p2a: Flamigo|Close Combat|p1b: Dragonite\n|-supereffective|p1b: Dragonite\n|-damage|p1b: Dragonite|0 fnt\n|-unboost|p2a: Flamigo|def|1\n|-unboost|p2a: Flamigo|spd|1\n|faint|p1b: Dragonite\n|move|p1a: Rotom|Thunderbolt|p2a: Flamigo\n|-supereffective|p2a: Flamigo\n|-damage|p2a: Flamigo|0 fnt\n|faint|p2a: Flamigo\n|\n|upkeep\n|\n|t:|1682887492\n|switch|p2a: Flutter Mane|Flutter Mane, L50|100\/100\n|switch|p1b: Maushold|Maushold-Four, L50|100\/100\n|turn|4\n|inactive|Yessir2022 has 30 seconds left.\n|\n|t:|1682887525\n|move|p2b: Azumarill|Aqua Jet|p1b: Maushold\n|-damage|p1b: Maushold|0 fnt\n|faint|p1b: Maushold\n|move|p2a: Flutter Mane|Dazzling Gleam|p1a: Rotom\n|-damage|p1a: Rotom|0 fnt\n|faint|p1a: Rotom\n|-damage|p2a: Flutter Mane|90\/100|[from] item: Life Orb\n|\n|upkeep\n|\n|t:|1682887533\n|switch|p1b: Gholdengo|Gholdengo, L50|100\/100\n|turn|5\n|inactive|Yessir2022 has 30 seconds left.\n|\n|t:|1682887561\n|move|p2b: Azumarill|Aqua Jet|p1b: Gholdengo\n|-enditem|p1b: Gholdengo|Focus Sash\n|-damage|p1b: Gholdengo|1\/100\n|move|p2a: Flutter Mane|Shadow Ball|p1b: Gholdengo\n|-supereffective|p1b: Gholdengo\n|-damage|p1b: Gholdengo|0 fnt\n|faint|p1b: Gholdengo\n|-damage|p2a: Flutter Mane|80\/100|[from] item: Life Orb\n|\n|win|Ricardo Randorez\n|raw|Yessir2022's rating: 1233 → 1214<\/strong> (-19 for losing)\n|raw|Ricardo Randorez's rating: 1313 → 1328<\/strong> (+15 for winning)\n","uploadtime":1682887573,"views":6,"p1id":"yessir2022","p2id":"ricardorandorez","formatid":"gen9vgc2023regulationc","rating":1214,"private":0,"password":""}