{"id":"gen9vgc2023regulationc-1854230686","p1":"adoroipocket","p2":"Tempest brute","format":"[Gen 9] VGC 2023 Regulation C","log":"|j|\u2606adoroipocket\n|j|\u2606Tempest brute\n|t:|1682786341\n|gametype|doubles\n|player|p1|adoroipocket|sage|\n|player|p2|Tempest brute|veteran|\n|teamsize|p1|6\n|teamsize|p2|5\n|gen|9\n|tier|[Gen 9] VGC 2023 Regulation C\n|rated|Tournament battle\n|rule|Species Clause: Limit one of each Pok\u00e9mon\n|rule|Item Clause: Limit one of each item\n|clearpoke\n|poke|p1|Iron Bundle, L50|\n|poke|p1|Glimmora, L50, F|\n|poke|p1|Dondozo, L50, M|\n|poke|p1|Tatsugiri, L50, F|\n|poke|p1|Flutter Mane, L50|\n|poke|p1|Gholdengo, L50|\n|poke|p2|Ting-Lu, L50|\n|poke|p2|Roaring Moon, L50|\n|poke|p2|Klefki, L50, F|\n|poke|p2|Skeledirge, L50, M|\n|poke|p2|Iron Bundle, L50|\n|teampreview|4\n|raw| Open Team Sheet for adoroipocket<\/summary>Iron Bundle @ Booster Energy Ability: Quark Drive Level: 50 Tera Type: Ghost - Freeze-Dry - Icy Wind - Encore - Protect Glimmora @ Focus Sash Ability: Toxic Debris Level: 50 Tera Type: Grass - Power Gem - Energy Ball - Spiky Shield - Mortal Spin Dondozo @ Leftovers Ability: Unaware Level: 50 Tera Type: Steel - Wave Crash - Order Up - Substitute - Protect Tatsugiri @ Lum Berry Ability: Commander Level: 50 Tera Type: Steel - Icy Wind - Draco Meteor - Muddy Water - Protect Flutter Mane @ Choice Specs Ability: Protosynthesis Level: 50 Tera Type: Fairy - Moonblast - Shadow Ball - Dazzling Gleam - Mystical Fire Gholdengo @ Choice Scarf Ability: Good as Gold Level: 50 Tera Type: Water - Make It Rain - Thunderbolt - Shadow Ball - Trick <\/details><\/div> Open Team Sheet for Tempest brute<\/summary>Ting-Lu @ Leftovers Ability: Vessel of Ruin Level: 50 Tera Type: Water - Body Press - Throat Chop - Whirlwind - Protect Roaring Moon @ Booster Energy Ability: Protosynthesis Level: 50 Tera Type: Flying - Substitute - Acrobatics - Jaw Lock - Protect Klefki @ Light Clay Ability: Prankster Level: 50 Tera Type: Water - Reflect - Light Screen - Thunder Wave - Dazzling Gleam Skeledirge @ Sitrus Berry Ability: Unaware Level: 50 Tera Type: Fairy - Will-O-Wisp - Torch Song - Shadow Ball - Slack Off Iron Bundle @ Safety Goggles Ability: Quark Drive Level: 50 Tera Type: Poison - Hydro Pump - Freeze-Dry - Flip Turn - Protect <\/details><\/div>\n|inactive|Battle timer is ON: inactive players will automatically lose when time's up. (requested by adoroipocket)\n|c|\u2606Tempest brute|no\n|j|+TheEeveeAnimations\n|j| Wyvern129\n|j| bruno the star\n|c|\u2606Tempest brute|my mortal enemy\n|c|\u2606Tempest brute|dondozo\n|c|\u2606adoroipocket|k\n|inactive|adoroipocket has 60 seconds left.\n|inactive|Tempest brute has 60 seconds left.\n|inactive|adoroipocket has 30 seconds left.\n|inactive|adoroipocket has 20 seconds left.\n|inactive|adoroipocket has 15 seconds left.\n|\n|t:|1682786420\n|start\n|switch|p1a: Glimmora|Glimmora, L50, F|100\/100\n|switch|p1b: Iron Bundle|Iron Bundle, L50|100\/100\n|switch|p2a: Roaring Moon|Roaring Moon, L50|100\/100\n|switch|p2b: Iron Bundle|Iron Bundle, L50|100\/100\n|-enditem|p1b: Iron Bundle|Booster Energy\n|-activate|p1b: Iron Bundle|ability: Quark Drive|[fromitem]\n|-start|p1b: Iron Bundle|quarkdrivespe\n|-enditem|p2a: Roaring Moon|Booster Energy\n|-activate|p2a: Roaring Moon|ability: Protosynthesis|[fromitem]\n|-start|p2a: Roaring Moon|protosynthesisspe\n|turn|1\n|inactive|adoroipocket has 30 seconds left.\n|inactive|adoroipocket has 20 seconds left.\n|inactive|adoroipocket has 15 seconds left.\n|\n|t:|1682786461\n|-end|p2a: Roaring Moon|Protosynthesis|[silent]\n|switch|p2a: Klefki|Klefki, L50, F|100\/100\n|move|p2b: Iron Bundle|Protect|p2b: Iron Bundle\n|-singleturn|p2b: Iron Bundle|Protect\n|move|p1b: Iron Bundle|Icy Wind|p2a: Klefki|[spread] p2a\n|-activate|p2b: Iron Bundle|move: Protect\n|-resisted|p2a: Klefki\n|-damage|p2a: Klefki|92\/100\n|-unboost|p2a: Klefki|spe|1\n|move|p1a: Glimmora|Energy Ball|p2b: Iron Bundle\n|-activate|p2b: Iron Bundle|move: Protect\n|\n|upkeep\n|turn|2\n|j| Cogenic\n|\n|t:|1682786482\n|move|p2a: Klefki|Light Screen|p2a: Klefki\n|-sidestart|p2: Tempest brute|move: Light Screen\n|move|p1b: Iron Bundle|Encore|p2b: Iron Bundle\n|-start|p2b: Iron Bundle|Encore\n|move|p2b: Iron Bundle|Protect|p2b: Iron Bundle\n|-singleturn|p2b: Iron Bundle|Protect\n|move|p1a: Glimmora|Energy Ball|p2b: Iron Bundle\n|-activate|p2b: Iron Bundle|move: Protect\n|\n|upkeep\n|turn|3\n|l| Cogenic\n|\n|t:|1682786505\n|-end|p2b: Iron Bundle|Quark Drive|[silent]\n|switch|p2b: Roaring Moon|Roaring Moon, L50|100\/100\n|move|p2a: Klefki|Thunder Wave|p1b: Iron Bundle\n|-status|p1b: Iron Bundle|par\n|move|p1b: Iron Bundle|Encore|p2a: Klefki\n|-start|p2a: Klefki|Encore\n|move|p1a: Glimmora|Mortal Spin|p2a: Klefki|[spread] p2b\n|-immune|p2a: Klefki\n|-damage|p2b: Roaring Moon|96\/100\n|-status|p2b: Roaring Moon|psn\n|\n|-damage|p2b: Roaring Moon|84\/100 psn|[from] psn\n|upkeep\n|turn|4\n|\n|t:|1682786530\n|move|p1a: Glimmora|Spiky Shield|p1a: Glimmora\n|-singleturn|p1a: Glimmora|move: Protect\n|move|p2a: Klefki|Thunder Wave|p1a: Glimmora\n|-activate|p1a: Glimmora|move: Protect\n|move|p2b: Roaring Moon|Jaw Lock|p1b: Iron Bundle\n|-damage|p1b: Iron Bundle|62\/100 par\n|-activate|p2b: Roaring Moon|trapped\n|-activate|p1b: Iron Bundle|trapped\n|move|p1b: Iron Bundle|Icy Wind|p2a: Klefki|[spread] p2a,p2b\n|-resisted|p2a: Klefki\n|-supereffective|p2b: Roaring Moon\n|-damage|p2a: Klefki|86\/100\n|-damage|p2b: Roaring Moon|63\/100 psn\n|-unboost|p2a: Klefki|spe|1\n|-unboost|p2b: Roaring Moon|spe|1\n|\n|-damage|p2b: Roaring Moon|50\/100 psn|[from] psn\n|upkeep\n|turn|5\n|j| FunneeMonkee\n|inactive|adoroipocket has 30 seconds left.\n|\n|t:|1682786556\n|move|p2a: Klefki|Thunder Wave|p1a: Glimmora\n|-status|p1a: Glimmora|par\n|move|p1b: Iron Bundle|Icy Wind|p2a: Klefki|[spread] p2a,p2b\n|-resisted|p2a: Klefki\n|-crit|p2a: Klefki\n|-supereffective|p2b: Roaring Moon\n|-damage|p2a: Klefki|72\/100\n|-damage|p2b: Roaring Moon|31\/100 psn\n|-unboost|p2a: Klefki|spe|1\n|-unboost|p2b: Roaring Moon|spe|1\n|move|p2b: Roaring Moon|Jaw Lock|p1b: Iron Bundle\n|-damage|p1b: Iron Bundle|21\/100 par\n|cant|p1a: Glimmora|par\n|\n|-damage|p2b: Roaring Moon|19\/100 psn|[from] psn\n|upkeep\n|turn|6\n|\n|t:|1682786580\n|switch|p2a: Iron Bundle|Iron Bundle, L50|100\/100\n|move|p1b: Iron Bundle|Freeze-Dry|p2b: Roaring Moon\n|-supereffective|p2b: Roaring Moon\n|-damage|p2b: Roaring Moon|0 fnt\n|faint|p2b: Roaring Moon\n|-end|p2b: Roaring Moon|Protosynthesis|[silent]\n|move|p1a: Glimmora|Energy Ball|p2a: Iron Bundle\n|-supereffective|p2a: Iron Bundle\n|-damage|p2a: Iron Bundle|51\/100\n|\n|upkeep\n|\n|t:|1682786590\n|switch|p2b: Klefki|Klefki, L50, F|72\/100\n|turn|7\n|c| FunneeMonkee|Tempest brute will you ever fill the last spot?\n|c|\u2606Tempest brute|don't know\n|\n|t:|1682786608\n|-terastallize|p1a: Glimmora|Grass\n|move|p2a: Iron Bundle|Protect|p2a: Iron Bundle\n|-singleturn|p2a: Iron Bundle|Protect\n|move|p1b: Iron Bundle|Encore||[still]\n|-fail|p1b: Iron Bundle\n|move|p2b: Klefki|Dazzling Gleam|p1b: Iron Bundle|[spread] p1a,p1b\n|-damage|p1a: Glimmora|76\/100 par\n|-damage|p1b: Iron Bundle|0 fnt\n|faint|p1b: Iron Bundle\n|-end|p1b: Iron Bundle|Quark Drive|[silent]\n|cant|p1a: Glimmora|par\n|\n|upkeep\n|j| babiwi bewey\u2714\ufe0f\n|l| FunneeMonkee\n|\n|t:|1682786621\n|switch|p1b: Dondozo|Dondozo, L50, M|100\/100\n|turn|8\n|c| babiwi bewey\u2714\ufe0f|he doesnt need to\n|inactive|adoroipocket has 30 seconds left.\n|c| babiwi bewey\u2714\ufe0f|he needs to nerf himself otherwise he will win too many games\n|\n|t:|1682786655\n|switch|p1a: Tatsugiri|Tatsugiri, L50, F|100\/100\n|-activate|p1a: Tatsugiri|ability: Commander|[of] p1b: Dondozo\n|-boost|p1b: Dondozo|atk|2\n|-boost|p1b: Dondozo|spa|2\n|-boost|p1b: Dondozo|spe|2\n|-boost|p1b: Dondozo|def|2\n|-boost|p1b: Dondozo|spd|2\n|move|p2a: Iron Bundle|Freeze-Dry|p1a: Tatsugiri|[miss]\n|-miss|p2a: Iron Bundle|p1a: Tatsugiri\n|move|p1b: Dondozo|Wave Crash|p2b: Klefki\n|-damage|p2b: Klefki|0 fnt\n|faint|p2b: Klefki\n|-damage|p1b: Dondozo|85\/100|[from] Recoil\n|\n|-heal|p1b: Dondozo|91\/100|[from] item: Leftovers\n|upkeep\n|\n|t:|1682786659\n|switch|p2b: Skeledirge|Skeledirge, L50, M|100\/100\n|turn|9\n|c|\u2606Tempest brute|i knew i should have reflect\n|\n|t:|1682786672\n|-terastallize|p2b: Skeledirge|Fairy\n|move|p2a: Iron Bundle|Protect|p2a: Iron Bundle\n|-singleturn|p2a: Iron Bundle|Protect\n|move|p1b: Dondozo|Protect|p1b: Dondozo\n|-singleturn|p1b: Dondozo|Protect\n|move|p2b: Skeledirge|Will-O-Wisp|p1b: Dondozo\n|-activate|p1b: Dondozo|move: Protect\n|\n|-heal|p1b: Dondozo|97\/100|[from] item: Leftovers\n|-sideend|p2: Tempest brute|move: Light Screen\n|upkeep\n|turn|10\n|\n|t:|1682786682\n|move|p2a: Iron Bundle|Freeze-Dry|p1b: Dondozo\n|-supereffective|p1b: Dondozo\n|-damage|p1b: Dondozo|66\/100\n|move|p1b: Dondozo|Substitute|p1b: Dondozo\n|-start|p1b: Dondozo|Substitute\n|-damage|p1b: Dondozo|41\/100\n|move|p2b: Skeledirge|Torch Song|p1b: Dondozo\n|-resisted|p1b: Dondozo\n|-damage|p1b: Dondozo|28\/100\n|-boost|p2b: Skeledirge|spa|1\n|\n|-heal|p1b: Dondozo|34\/100|[from] item: Leftovers\n|upkeep\n|turn|11\n|\n|t:|1682786695\n|move|p1b: Dondozo|Protect|p1b: Dondozo\n|-singleturn|p1b: Dondozo|Protect\n|move|p2a: Iron Bundle|Freeze-Dry|p1b: Dondozo\n|-activate|p1b: Dondozo|move: Protect\n|move|p2b: Skeledirge|Will-O-Wisp|p1b: Dondozo\n|-activate|p1b: Dondozo|move: Protect\n|\n|-heal|p1b: Dondozo|40\/100|[from] item: Leftovers\n|upkeep\n|turn|12\n|\n|t:|1682786707\n|move|p2a: Iron Bundle|Protect|p2a: Iron Bundle\n|-singleturn|p2a: Iron Bundle|Protect\n|move|p1b: Dondozo|Wave Crash|p2a: Iron Bundle\n|-activate|p2a: Iron Bundle|move: Protect\n|move|p2b: Skeledirge|Torch Song|p1b: Dondozo\n|-resisted|p1b: Dondozo\n|-damage|p1b: Dondozo|28\/100\n|-boost|p2b: Skeledirge|spa|1\n|\n|-heal|p1b: Dondozo|34\/100|[from] item: Leftovers\n|upkeep\n|turn|13\n|\n|t:|1682786719\n|move|p2a: Iron Bundle|Freeze-Dry|p1b: Dondozo\n|-supereffective|p1b: Dondozo\n|-end|p1b: Dondozo|Substitute\n|move|p1b: Dondozo|Wave Crash|p2a: Iron Bundle\n|-resisted|p2a: Iron Bundle\n|-damage|p2a: Iron Bundle|0 fnt\n|faint|p2a: Iron Bundle\n|-end|p2a: Iron Bundle|Quark Drive|[silent]\n|-damage|p1b: Dondozo|23\/100|[from] Recoil\n|move|p2b: Skeledirge|Will-O-Wisp|p1b: Dondozo\n|-status|p1b: Dondozo|brn\n|\n|-heal|p1b: Dondozo|29\/100 brn|[from] item: Leftovers\n|-damage|p1b: Dondozo|23\/100 brn|[from] brn\n|upkeep\n|turn|14\n|\n|t:|1682786734\n|move|p1b: Dondozo|Wave Crash|p2b: Skeledirge\n|-damage|p2b: Skeledirge|79\/100\n|-damage|p1b: Dondozo|16\/100 brn|[from] Recoil\n|move|p2b: Skeledirge|Torch Song|p1b: Dondozo\n|-resisted|p1b: Dondozo\n|-damage|p1b: Dondozo|4\/100 brn\n|-boost|p2b: Skeledirge|spa|1\n|\n|-heal|p1b: Dondozo|10\/100 brn|[from] item: Leftovers\n|-damage|p1b: Dondozo|4\/100 brn|[from] brn\n|upkeep\n|turn|15\n|j|%Kendrink\n|\n|t:|1682786746\n|move|p1b: Dondozo|Wave Crash|p2b: Skeledirge\n|-crit|p2b: Skeledirge\n|-damage|p2b: Skeledirge|49\/100\n|-enditem|p2b: Skeledirge|Sitrus Berry|[eat]\n|-heal|p2b: Skeledirge|74\/100|[from] item: Sitrus Berry\n|-damage|p1b: Dondozo|0 fnt|[from] Recoil\n|faint|p1b: Dondozo\n|move|p2b: Skeledirge|Shadow Ball|p1a: Tatsugiri\n|-damage|p1a: Tatsugiri|3\/100\n|-unboost|p1a: Tatsugiri|spd|1\n|\n|upkeep\n|\n|t:|1682786750\n|switch|p1b: Glimmora|Glimmora, L50, F, tera:Grass|76\/100 par\n|turn|16\n|\n|t:|1682786771\n|move|p1a: Tatsugiri|Muddy Water|p2b: Skeledirge\n|-damage|p2b: Skeledirge|37\/100\n|move|p2b: Skeledirge|Torch Song|p1b: Glimmora\n|-supereffective|p1b: Glimmora\n|-damage|p1b: Glimmora|0 fnt\n|-boost|p2b: Skeledirge|spa|1\n|faint|p1b: Glimmora\n|\n|upkeep\n|turn|17\n|\n|t:|1682786777\n|move|p1a: Tatsugiri|Muddy Water|p2b: Skeledirge\n|-damage|p2b: Skeledirge|0 fnt\n|faint|p2b: Skeledirge\n|\n|win|adoroipocket\n|n|\u2606adoroipocket|adoroipocket\n|n|\u2606Tempest brute|tempestbrute\n|n| TheEeveeAnimations|theeeveeanimations\n|n| Wyvern129|wyvern129\n|n| bruno the star|brunothestar\n|n| babiwi bewey\u2714\ufe0f|babiwibewey\n|n| Kendrink|kendrink\n","uploadtime":1682786778,"views":18,"p1id":"adoroipocket","p2id":"tempestbrute","formatid":"gen9vgc2023regulationc","rating":0,"private":0,"password":""}