{"id":"gen9vgc2023regulationc-1862245293","p1":"Nehzzy","p2":"Metallicmadness","format":"[Gen 9] VGC 2023 Regulation C","log":"|j|\u2606Nehzzy\n|j|\u2606Metallicmadness\n|t:|1683854374\n|gametype|doubles\n|player|p1|Nehzzy|265|1276\n|player|p2|Metallicmadness|169|1329\n|teamsize|p1|6\n|teamsize|p2|6\n|gen|9\n|tier|[Gen 9] VGC 2023 Regulation C\n|rated|\n|rule|Species Clause: Limit one of each Pok\u00e9mon\n|rule|Item Clause: Limit one of each item\n|clearpoke\n|poke|p1|Amoonguss, L50, M|\n|poke|p1|Gyarados, L50, M|\n|poke|p1|Murkrow, L50, M|\n|poke|p1|Great Tusk, L50|\n|poke|p1|Flutter Mane, L50|\n|poke|p1|Gholdengo, L50|\n|poke|p2|Hariyama, L50, F|\n|poke|p2|Brute Bonnet, L50|\n|poke|p2|Iron Bundle, L50|\n|poke|p2|Great Tusk, L50|\n|poke|p2|Hatterene, L50, F|\n|poke|p2|Torkoal, L50, F|\n|teampreview|4\n|inactive|Battle timer is ON: inactive players will automatically lose when time's up. (requested by Metallicmadness)\nNehzzy has agreed to open team sheets.\nMetallicmadness has agreed to open team sheets.\n|inactive|Nehzzy has 60 seconds left.\n|inactive|Nehzzy has 30 seconds left.\n|\n|t:|1683854439\n|start\n|switch|p1a: Flutter Mane|Flutter Mane, L50|100\/100\n|switch|p1b: Gholdengo|Gholdengo, L50|100\/100\n|switch|p2a: Hariyama|Hariyama, L50, F|100\/100\n|switch|p2b: Hatterene|Hatterene, L50, F|100\/100\n|turn|1\n|\n|t:|1683854456\n|-terastallize|p1a: Flutter Mane|Fairy\n|-terastallize|p2b: Hatterene|Normal\n|move|p2a: Hariyama|Wide Guard|p2a: Hariyama\n|-singleturn|p2a: Hariyama|Wide Guard\n|move|p1a: Flutter Mane|Moonblast|p2b: Hatterene\n|-damage|p2b: Hatterene|0 fnt\n|faint|p2b: Hatterene\n|move|p1b: Gholdengo|Make It Rain|p2a: Hariyama\n|-activate|p2a: Hariyama|move: Wide Guard\n|\n|-status|p2a: Hariyama|brn|[from] item: Flame Orb\n|upkeep\n|\n|t:|1683854471\n|switch|p2b: Great Tusk|Great Tusk, L50|100\/100\n|turn|2\n|\n|t:|1683854488\n|switch|p1b: Amoonguss|Amoonguss, L50, M|100\/100\n|switch|p2a: Torkoal|Torkoal, L50, F|100\/100\n|-weather|SunnyDay|[from] ability: Drought|[of] p2a: Torkoal\n|-activate|p2b: Great Tusk|ability: Protosynthesis\n|-start|p2b: Great Tusk|protosynthesisatk\n|-activate|p1a: Flutter Mane|ability: Protosynthesis\n|-start|p1a: Flutter Mane|protosynthesisspa\n|move|p2b: Great Tusk|Earthquake|p1b: Amoonguss|[spread] p2a,p1a,p1b\n|-supereffective|p2a: Torkoal\n|-damage|p2a: Torkoal|25\/100\n|-damage|p1a: Flutter Mane|18\/100\n|-damage|p1b: Amoonguss|61\/100\n|move|p1a: Flutter Mane|Moonblast|p2a: Torkoal\n|-resisted|p2a: Torkoal\n|-damage|p2a: Torkoal|0 fnt\n|faint|p2a: Torkoal\n|\n|-weather|SunnyDay|[upkeep]\n|upkeep\n|\n|t:|1683854491\n|switch|p2a: Hariyama|Hariyama, L50, F|100\/100 brn\n|turn|3\n|\n|t:|1683854515\n|-end|p1a: Flutter Mane|Protosynthesis|[silent]\n|switch|p1a: Gholdengo|Gholdengo, L50|100\/100\n|move|p2a: Hariyama|Fake Out|p1b: Amoonguss\n|-damage|p1b: Amoonguss|44\/100\n|-enditem|p1b: Amoonguss|Sitrus Berry|[eat]\n|-heal|p1b: Amoonguss|69\/100|[from] item: Sitrus Berry\n|move|p2b: Great Tusk|Earthquake|p1b: Amoonguss|[spread] p2a,p1a,p1b\n|-supereffective|p1a: Gholdengo\n|-damage|p2a: Hariyama|41\/100 brn\n|-damage|p1a: Gholdengo|8\/100\n|-damage|p1b: Amoonguss|29\/100\n|cant|p1b: Amoonguss|flinch\n|\n|-weather|SunnyDay|[upkeep]\n|-heal|p1a: Gholdengo|14\/100|[from] item: Leftovers\n|-damage|p2a: Hariyama|35\/100 brn|[from] brn\n|upkeep\n|turn|4\n|inactive|Nehzzy has 30 seconds left.\n|inactive|Nehzzy has 20 seconds left.\n|inactive|Nehzzy has 15 seconds left.\n|\n|t:|1683854557\n|move|p1b: Amoonguss|Protect|p1b: Amoonguss\n|-singleturn|p1b: Amoonguss|Protect\n|move|p2a: Hariyama|Wide Guard|p2a: Hariyama\n|-singleturn|p2a: Hariyama|Wide Guard\n|move|p2b: Great Tusk|Earthquake|p1a: Gholdengo|[spread] p1a\n|-activate|p2a: Hariyama|move: Wide Guard\n|-activate|p1b: Amoonguss|move: Protect\n|-supereffective|p1a: Gholdengo\n|-damage|p1a: Gholdengo|0 fnt\n|faint|p1a: Gholdengo\n|\n|-weather|SunnyDay|[upkeep]\n|-damage|p2a: Hariyama|29\/100 brn|[from] brn\n|upkeep\n|\n|t:|1683854571\n|switch|p1a: Great Tusk|Great Tusk, L50|100\/100\n|-activate|p1a: Great Tusk|ability: Protosynthesis\n|-start|p1a: Great Tusk|protosynthesisatk\n|turn|5\n|\n|t:|1683854594\n|switch|p1b: Flutter Mane|Flutter Mane, L50, tera:Fairy|18\/100\n|-activate|p1b: Flutter Mane|ability: Protosynthesis\n|-start|p1b: Flutter Mane|protosynthesisspa\n|move|p2a: Hariyama|Wide Guard|p2a: Hariyama\n|-singleturn|p2a: Hariyama|Wide Guard\n|move|p1a: Great Tusk|Headlong Rush|p2b: Great Tusk\n|-damage|p2b: Great Tusk|44\/100\n|-unboost|p1a: Great Tusk|def|1\n|-unboost|p1a: Great Tusk|spd|1\n|move|p2b: Great Tusk|Earthquake|p1b: Flutter Mane|[spread] p1a,p1b\n|-activate|p2a: Hariyama|move: Wide Guard\n|-damage|p1a: Great Tusk|36\/100\n|-damage|p1b: Flutter Mane|0 fnt\n|faint|p1b: Flutter Mane\n|-end|p1b: Flutter Mane|Protosynthesis|[silent]\n|\n|-weather|SunnyDay|[upkeep]\n|-damage|p2a: Hariyama|23\/100 brn|[from] brn\n|upkeep\n|\n|t:|1683854610\n|switch|p1b: Amoonguss|Amoonguss, L50, M|62\/100\n|turn|6\n|\n|t:|1683854625\n|move|p1a: Great Tusk|Headlong Rush|p2b: Great Tusk\n|-damage|p2b: Great Tusk|0 fnt\n|-unboost|p1a: Great Tusk|def|1\n|-unboost|p1a: Great Tusk|spd|1\n|faint|p2b: Great Tusk\n|-end|p2b: Great Tusk|Protosynthesis|[silent]\n|move|p1b: Amoonguss|Spore||[still]\n|-fail|p1b: Amoonguss\n|move|p2a: Hariyama|Brick Break|p1a: Great Tusk\n|-damage|p1a: Great Tusk|0 fnt\n|faint|p1a: Great Tusk\n|-end|p1a: Great Tusk|Protosynthesis|[silent]\n|\n|-weather|none\n|-damage|p2a: Hariyama|17\/100 brn|[from] brn\n|upkeep\n|turn|7\n|\n|t:|1683854637\n|move|p1b: Amoonguss|Pollen Puff|p2a: Hariyama\n|-resisted|p2a: Hariyama\n|-damage|p2a: Hariyama|7\/100 brn\n|move|p2a: Hariyama|Knock Off|p1b: Amoonguss\n|-damage|p1b: Amoonguss|34\/100\n|\n|-damage|p2a: Hariyama|1\/100 brn|[from] brn\n|upkeep\n|turn|8\n|c|\u2606Metallicmadness|Gg\n|c|\u2606Nehzzy|gg\n|-message|Metallicmadness forfeited.\n|\n|win|Nehzzy\n|raw|Nehzzy's rating: 1276 → 1305<\/strong> (+29 for winning)\n|raw|Metallicmadness's rating: 1329 → 1306<\/strong> (-23 for losing)\n|l|\u2606Metallicmadness\n","uploadtime":1683854652,"views":7,"p1id":"nehzzy","p2id":"metallicmadness","formatid":"gen9vgc2023regulationc","rating":1305,"private":0,"password":""}