{"id":"gen9vgc2023regulationc-1849809457","p1":"gorilnx","p2":"iStockphoto","format":"[Gen 9] VGC 2023 Regulation C","log":"|j|\u2606gorilnx\n|j|\u2606iStockphoto\n|t:|1682255096\n|gametype|doubles\n|player|p1|gorilnx|dawn-gen4pt|1096\n|player|p2|iStockphoto|170|1135\n|teamsize|p1|6\n|teamsize|p2|6\n|gen|9\n|tier|[Gen 9] VGC 2023 Regulation C\n|rated|\n|rule|Species Clause: Limit one of each Pok\u00e9mon\n|rule|Item Clause: Limit one of each item\n|clearpoke\n|poke|p1|Abomasnow, L50, F|\n|poke|p1|Iron Bundle, L50|\n|poke|p1|Vivillon-Fancy, L50, M|\n|poke|p1|Ting-Lu, L50|\n|poke|p1|Annihilape, L50, F|\n|poke|p1|Chien-Pao, L50|\n|poke|p2|Tatsugiri, L50, F|\n|poke|p2|Dondozo, L50, F|\n|poke|p2|Pelipper, L50, F|\n|poke|p2|Iron Bundle, L50|\n|poke|p2|Palafin, L50, F|\n|poke|p2|Amoonguss, L50, M|\n|teampreview|4\niStockphoto has agreed to open team sheets.\n|inactive|Battle timer is ON: inactive players will automatically lose when time's up. (requested by iStockphoto)\n|\n|t:|1682255138\n|start\n|switch|p1a: Vivillon|Vivillon-Fancy, L50, M|100\/100\n|switch|p1b: Ting-Lu|Ting-Lu, L50|100\/100\n|switch|p2a: Tatsugiri|Tatsugiri, L50, F|100\/100\n|switch|p2b: Palafin|Palafin, L50, F|100\/100\n|-ability|p1b: Ting-Lu|Vessel of Ruin\n|turn|1\n|\n|t:|1682255159\n|move|p2a: Tatsugiri|Icy Wind|p1b: Ting-Lu|[spread] p1a,p1b\n|-supereffective|p1a: Vivillon\n|-supereffective|p1b: Ting-Lu\n|-damage|p1a: Vivillon|62\/100\n|-damage|p1b: Ting-Lu|88\/100\n|-unboost|p1a: Vivillon|spe|1\n|-unboost|p1b: Ting-Lu|spe|1\n|move|p2b: Palafin|Flip Turn|p1a: Vivillon\n|-damage|p1a: Vivillon|0 fnt\n|faint|p1a: Vivillon\n|\n|t:|1682255168\n|detailschange|p2b: Palafin|Palafin-Hero, L50, F\n|switch|p2b: Dondozo|Dondozo, L50, F|100\/100|[from] Flip Turn\n|-activate|p2a: Tatsugiri|ability: Commander|[of] p2b: Dondozo\n|-boost|p2b: Dondozo|atk|2\n|-boost|p2b: Dondozo|spa|2\n|-boost|p2b: Dondozo|spe|2\n|-boost|p2b: Dondozo|def|2\n|-boost|p2b: Dondozo|spd|2\n|move|p1b: Ting-Lu|Earthquake|p2b: Dondozo|[spread] p2b\n|-miss|p1b: Ting-Lu|p2a: Tatsugiri\n|-damage|p2b: Dondozo|84\/100\n|\n|upkeep\n|\n|t:|1682255185\n|switch|p1a: Chien-Pao|Chien-Pao, L50|100\/100\n|-ability|p1a: Chien-Pao|Sword of Ruin\n|turn|2\n|\n|t:|1682255194\n|switch|p1b: Abomasnow|Abomasnow, L50, F|100\/100\n|-weather|Snow|[from] ability: Snow Warning|[of] p1b: Abomasnow\n|move|p1a: Chien-Pao|Haze|p1a: Chien-Pao\n|-clearallboost\n|move|p2b: Dondozo|Wave Crash|p1b: Abomasnow\n|-resisted|p1b: Abomasnow\n|-crit|p1b: Abomasnow\n|-damage|p1b: Abomasnow|58\/100\n|-damage|p2b: Dondozo|73\/100|[from] Recoil\n|\n|-weather|Snow|[upkeep]\n|upkeep\n|turn|3\n|\n|t:|1682255215\n|-terastallize|p2b: Dondozo|Steel\n|move|p1b: Abomasnow|Helping Hand|p1a: Chien-Pao\n|-singleturn|p1a: Chien-Pao|Helping Hand|[of] p1b: Abomasnow\n|move|p1a: Chien-Pao|Sacred Sword|p2b: Dondozo\n|-supereffective|p2b: Dondozo\n|-damage|p2b: Dondozo|2\/100\n|move|p2b: Dondozo|Order Up|p1a: Chien-Pao\n|-damage|p1a: Chien-Pao|82\/100\n|-boost|p2b: Dondozo|atk|1\n|\n|-weather|Snow|[upkeep]\n|upkeep\n|turn|4\n|inactive|gorilnx has 30 seconds left.\n|\n|t:|1682255240\n|move|p1b: Abomasnow|Ice Shard|p1a: Chien-Pao\n|-resisted|p1a: Chien-Pao\n|-crit|p1a: Chien-Pao\n|-damage|p1a: Chien-Pao|73\/100\n|-damage|p1b: Abomasnow|48\/100|[from] item: Life Orb\n|move|p1a: Chien-Pao|Ice Spinner|p2a: Tatsugiri|[miss]\n|-miss|p1a: Chien-Pao|p2a: Tatsugiri\n|move|p2b: Dondozo|Rest|p2b: Dondozo\n|-status|p2b: Dondozo|slp|[from] move: Rest\n|-heal|p2b: Dondozo|100\/100 slp|[silent]\n|-enditem|p2b: Dondozo|Chesto Berry|[eat]\n|-curestatus|p2b: Dondozo|slp|[msg]\n|\n|-weather|Snow|[upkeep]\n|upkeep\n|turn|5\n|\n|t:|1682255255\n|move|p1b: Abomasnow|Helping Hand|p1a: Chien-Pao\n|-singleturn|p1a: Chien-Pao|Helping Hand|[of] p1b: Abomasnow\n|move|p1a: Chien-Pao|Sacred Sword|p2b: Dondozo\n|-supereffective|p2b: Dondozo\n|-damage|p2b: Dondozo|34\/100\n|move|p2b: Dondozo|Wave Crash|p1a: Chien-Pao\n|-damage|p1a: Chien-Pao|11\/100\n|-enditem|p1a: Chien-Pao|Sitrus Berry|[eat]\n|-heal|p1a: Chien-Pao|36\/100|[from] item: Sitrus Berry\n|-damage|p2b: Dondozo|20\/100|[from] Recoil\n|\n|-weather|Snow|[upkeep]\n|upkeep\n|turn|6\n|\n|t:|1682255271\n|move|p1a: Chien-Pao|Sacred Sword|p2b: Dondozo\n|-supereffective|p2b: Dondozo\n|-damage|p2b: Dondozo|0 fnt\n|faint|p2b: Dondozo\n|move|p1b: Abomasnow|Blizzard|p2a: Tatsugiri\n|-damage|p2a: Tatsugiri|21\/100\n|-damage|p1b: Abomasnow|39\/100|[from] item: Life Orb\n|\n|-weather|none\n|upkeep\n|\n|t:|1682255281\n|switch|p2b: Pelipper|Pelipper, L50, F|100\/100\n|-weather|RainDance|[from] ability: Drizzle|[of] p2b: Pelipper\n|turn|7\n|\n|t:|1682255302\n|move|p1b: Abomasnow|Helping Hand|p1a: Chien-Pao\n|-singleturn|p1a: Chien-Pao|Helping Hand|[of] p1b: Abomasnow\n|move|p2a: Tatsugiri|Icy Wind|p1a: Chien-Pao|[spread] p1a,p1b\n|-resisted|p1a: Chien-Pao\n|-damage|p1a: Chien-Pao|28\/100\n|-damage|p1b: Abomasnow|25\/100\n|-unboost|p1a: Chien-Pao|spe|1\n|-unboost|p1b: Abomasnow|spe|1\n|move|p2b: Pelipper|Hurricane|p1b: Abomasnow\n|-supereffective|p1b: Abomasnow\n|-damage|p1b: Abomasnow|0 fnt\n|faint|p1b: Abomasnow\n|move|p1a: Chien-Pao|Ice Spinner|p2b: Pelipper\n|-damage|p2b: Pelipper|14\/100\n|\n|-weather|RainDance|[upkeep]\n|upkeep\n|\n|t:|1682255319\n|switch|p1b: Ting-Lu|Ting-Lu, L50|88\/100\n|-ability|p1b: Ting-Lu|Vessel of Ruin\n|turn|8\n|\n|t:|1682255339\n|-terastallize|p1b: Ting-Lu|Ground\n|move|p1a: Chien-Pao|Sucker Punch|p2b: Pelipper\n|-damage|p2b: Pelipper|0 fnt\n|faint|p2b: Pelipper\n|move|p2a: Tatsugiri|Icy Wind|p1a: Chien-Pao|[spread] p1a,p1b\n|-resisted|p1a: Chien-Pao\n|-supereffective|p1b: Ting-Lu\n|-damage|p1a: Chien-Pao|22\/100\n|-damage|p1b: Ting-Lu|70\/100\n|-unboost|p1a: Chien-Pao|spe|1\n|-unboost|p1b: Ting-Lu|spe|1\n|move|p1b: Ting-Lu|Stomping Tantrum|p2a: Tatsugiri\n|-damage|p2a: Tatsugiri|0 fnt\n|faint|p2a: Tatsugiri\n|\n|-weather|RainDance|[upkeep]\n|upkeep\n|\n|t:|1682255354\n|switch|p2b: Palafin|Palafin-Hero, L50, F|100\/100\n|-activate|p2b: Palafin|ability: Zero to Hero\n|turn|9\n|\n|t:|1682255367\n|move|p2b: Palafin|Jet Punch|p1a: Chien-Pao\n|-damage|p1a: Chien-Pao|0 fnt\n|faint|p1a: Chien-Pao\n|move|p1b: Ting-Lu|Stomping Tantrum|p2b: Palafin\n|-damage|p2b: Palafin|15\/100\n|\n|-weather|RainDance|[upkeep]\n|upkeep\n|turn|10\n|\n|t:|1682255375\n|move|p2b: Palafin|Jet Punch|p1b: Ting-Lu\n|-supereffective|p1b: Ting-Lu\n|-damage|p1b: Ting-Lu|0 fnt\n|faint|p1b: Ting-Lu\n|\n|win|iStockphoto\n|raw|gorilnx's rating: 1096 → 1074<\/strong> (-22 for losing)\n|raw|iStockphoto's rating: 1135 → 1157<\/strong> (+22 for winning)\n|c|\u2606iStockphoto|gg!\n","uploadtime":1682255382,"views":14,"p1id":"gorilnx","p2id":"istockphoto","formatid":"gen9vgc2023regulationc","rating":1074,"private":0,"password":""}