{"id":"gen9vgc2023regulationc-1860959009","p1":"XInigmaa","p2":"AshVGCMX","format":"[Gen 9] VGC 2023 Regulation C","log":"|j|\u2606XInigmaa\n|j|\u2606AshVGCMX\n|t:|1683703285\n|gametype|doubles\n|player|p1|XInigmaa|juan|1316\n|player|p2|AshVGCMX|ash-capbackward|1331\n|teamsize|p1|6\n|teamsize|p2|6\n|gen|9\n|tier|[Gen 9] VGC 2023 Regulation C\n|rated|\n|rule|Species Clause: Limit one of each Pok\u00e9mon\n|rule|Item Clause: Limit one of each item\n|clearpoke\n|poke|p1|Ceruledge, L50, M|\n|poke|p1|Vaporeon, L50, F|\n|poke|p1|Salamence, L50, M|\n|poke|p1|Tsareena, L50, F|\n|poke|p1|Ting-Lu, L50|\n|poke|p1|Flutter Mane, L50|\n|poke|p2|Pikachu, L50, M|\n|poke|p2|Indeedee-F, L50, F|\n|poke|p2|Armarouge, L50, M|\n|poke|p2|Amoonguss, L50, M|\n|poke|p2|Iron Bundle, L50|\n|poke|p2|Annihilape, L50, M|\n|teampreview|4\n|inactive|Battle timer is ON: inactive players will automatically lose when time's up. (requested by XInigmaa)\nAshVGCMX rejected open team sheets.\n|\n|t:|1683703320\n|start\n|switch|p1a: Ting-Lu|Ting-Lu, L50|100\/100\n|switch|p1b: Tsareena|Tsareena, L50, F|100\/100\n|switch|p2a: Annihilape|Annihilape, L50, M|100\/100\n|switch|p2b: Amoonguss|Amoonguss, L50, M|100\/100\n|-ability|p1a: Ting-Lu|Vessel of Ruin\n|turn|1\n|inactive|XInigmaa has 30 seconds left.\n|\n|t:|1683703347\n|-terastallize|p1a: Ting-Lu|Poison\n|move|p2a: Annihilape|Bulk Up|p2a: Annihilape\n|-boost|p2a: Annihilape|atk|1\n|-boost|p2a: Annihilape|def|1\n|move|p1b: Tsareena|Play Rough|p2a: Annihilape\n|-supereffective|p2a: Annihilape\n|-damage|p2a: Annihilape|64\/100\n|move|p1a: Ting-Lu|Fissure|p2b: Amoonguss|[miss]\n|-miss|p1a: Ting-Lu|p2b: Amoonguss\n|move|p2b: Amoonguss|Spore|p1a: Ting-Lu\n|-status|p1a: Ting-Lu|slp|[from] move: Spore\n|\n|-heal|p2a: Annihilape|70\/100|[from] item: Leftovers\n|upkeep\n|turn|2\n|\n|t:|1683703365\n|move|p2a: Annihilape|Bulk Up|p2a: Annihilape\n|-boost|p2a: Annihilape|atk|1\n|-boost|p2a: Annihilape|def|1\n|move|p1b: Tsareena|Play Rough|p2a: Annihilape\n|-supereffective|p2a: Annihilape\n|-damage|p2a: Annihilape|43\/100\n|cant|p1a: Ting-Lu|slp\n|move|p2b: Amoonguss|Pollen Puff|p2a: Annihilape\n|-heal|p2a: Annihilape|93\/100\n|\n|-heal|p2a: Annihilape|99\/100|[from] item: Leftovers\n|upkeep\n|turn|3\n|\n|t:|1683703382\n|move|p1b: Tsareena|Protect|p1b: Tsareena\n|-singleturn|p1b: Tsareena|Protect\n|move|p2b: Amoonguss|Rage Powder|p2b: Amoonguss\n|-singleturn|p2b: Amoonguss|move: Rage Powder\n|move|p2a: Annihilape|Rage Fist|p1b: Tsareena\n|-activate|p1b: Tsareena|move: Protect\n|cant|p1a: Ting-Lu|slp\n|\n|-heal|p2a: Annihilape|100\/100|[from] item: Leftovers\n|upkeep\n|turn|4\n|\n|t:|1683703402\n|move|p2a: Annihilape|Rage Fist|p1a: Ting-Lu\n|-damage|p1a: Ting-Lu|36\/100 slp\n|move|p1b: Tsareena|Play Rough|p2a: Annihilape\n|-supereffective|p2a: Annihilape\n|-damage|p2a: Annihilape|73\/100\n|cant|p1a: Ting-Lu|slp\n|move|p2b: Amoonguss|Pollen Puff|p1b: Tsareena\n|-supereffective|p1b: Tsareena\n|-damage|p1b: Tsareena|77\/100\n|\n|-heal|p2a: Annihilape|79\/100|[from] item: Leftovers\n|upkeep\n|turn|5\n|\n|t:|1683703423\n|move|p2a: Annihilape|Rage Fist|p1a: Ting-Lu\n|-damage|p1a: Ting-Lu|0 fnt\n|faint|p1a: Ting-Lu\n|move|p1b: Tsareena|Play Rough|p2a: Annihilape\n|-supereffective|p2a: Annihilape\n|-damage|p2a: Annihilape|55\/100\n|move|p2b: Amoonguss|Pollen Puff|p2a: Annihilape\n|-heal|p2a: Annihilape|100\/100\n|\n|upkeep\n|\n|t:|1683703428\n|switch|p1a: Flutter Mane|Flutter Mane, L50|100\/100\n|-enditem|p1a: Flutter Mane|Booster Energy\n|-activate|p1a: Flutter Mane|ability: Protosynthesis|[fromitem]\n|-start|p1a: Flutter Mane|protosynthesisspa\n|turn|6\n|\n|t:|1683703442\n|-terastallize|p2a: Annihilape|Fire\n|move|p1a: Flutter Mane|Shadow Ball|p2a: Annihilape\n|-damage|p2a: Annihilape|57\/100\n|-unboost|p2a: Annihilape|spd|1\n|-ability|p2a: Annihilape|Defiant|boost\n|-boost|p2a: Annihilape|atk|2\n|move|p2a: Annihilape|Rage Fist|p1a: Flutter Mane\n|-supereffective|p1a: Flutter Mane\n|-damage|p1a: Flutter Mane|0 fnt\n|faint|p1a: Flutter Mane\n|-end|p1a: Flutter Mane|Protosynthesis|[silent]\n|move|p1b: Tsareena|Play Rough|p2a: Annihilape|[miss]\n|-miss|p1b: Tsareena|p2a: Annihilape\n|move|p2b: Amoonguss|Pollen Puff|p1b: Tsareena\n|-supereffective|p1b: Tsareena\n|-damage|p1b: Tsareena|45\/100\n|-enditem|p1b: Tsareena|Sitrus Berry|[eat]\n|-heal|p1b: Tsareena|70\/100|[from] item: Sitrus Berry\n|\n|-heal|p2a: Annihilape|63\/100|[from] item: Leftovers\n|upkeep\n|\n|t:|1683703450\n|switch|p1a: Ceruledge|Ceruledge, L50, M|100\/100\n|turn|7\n|\n|t:|1683703463\n|move|p2b: Amoonguss|Rage Powder|p2b: Amoonguss\n|-singleturn|p2b: Amoonguss|move: Rage Powder\n|move|p2a: Annihilape|Drain Punch|p1b: Tsareena\n|-damage|p1b: Tsareena|0 fnt\n|-heal|p2a: Annihilape|93\/100|[from] drain|[of] p1b: Tsareena\n|faint|p1b: Tsareena\n|move|p1a: Ceruledge|Bitter Blade|p2b: Amoonguss\n|-supereffective|p2b: Amoonguss\n|-damage|p2b: Amoonguss|0 fnt\n|-damage|p1a: Ceruledge|84\/100|[from] item: Rocky Helmet|[of] p2b: Amoonguss\n|faint|p2b: Amoonguss\n|-damage|p1a: Ceruledge|75\/100|[from] item: Life Orb\n|\n|-heal|p2a: Annihilape|99\/100|[from] item: Leftovers\n|upkeep\n|\n|t:|1683703472\n|switch|p2b: Qu\u00edmichin|Pikachu, L50, M|100\/100\n|turn|8\n|\n|t:|1683703481\n|move|p1a: Ceruledge|Shadow Sneak|p2a: Annihilape\n|-damage|p2a: Annihilape|86\/100\n|-damage|p1a: Ceruledge|65\/100|[from] item: Life Orb\n|move|p2b: Qu\u00edmichin|Volt Tackle|p1a: Ceruledge\n|-damage|p1a: Ceruledge|0 fnt\n|faint|p1a: Ceruledge\n|-damage|p2b: Qu\u00edmichin|66\/100|[from] Recoil\n|\n|win|AshVGCMX\n|raw|XInigmaa's rating: 1316 → 1297<\/strong> (-19 for losing)\n|raw|AshVGCMX's rating: 1331 → 1350<\/strong> (+19 for winning)\n|l|\u2606XInigmaa\n","uploadtime":1683703493,"views":11,"p1id":"xinigmaa","p2id":"ashvgcmx","formatid":"gen9vgc2023regulationc","rating":1297,"private":0,"password":""}