{"id":"gen9vgc2023regulationc-1855736369","p1":"DJGrooves213","p2":"NicoHaxVGC","format":"[Gen 9] VGC 2023 Regulation C","log":"|j|\u2606DJGrooves213\n|j|\u2606NicoHaxVGC\n|t:|1682978298\n|gametype|doubles\n|player|p1|DJGrooves213|roark|1296\n|player|p2|NicoHaxVGC|red|1326\n|teamsize|p1|6\n|teamsize|p2|6\n|gen|9\n|tier|[Gen 9] VGC 2023 Regulation C\n|rated|\n|rule|Species Clause: Limit one of each Pok\u00e9mon\n|rule|Item Clause: Limit one of each item\n|clearpoke\n|poke|p1|Murkrow, L50, M|\n|poke|p1|Chien-Pao, L50|\n|poke|p1|Amoonguss, L50, M|\n|poke|p1|Meowscarada, L50, M|\n|poke|p1|Quaquaval, L50, M|\n|poke|p1|Skeledirge, L50, M|\n|poke|p2|Corviknight, L50, F|\n|poke|p2|Ting-Lu, L50|\n|poke|p2|Annihilape, L50, M|\n|poke|p2|Amoonguss, L50, F|\n|poke|p2|Iron Bundle, L50|\n|poke|p2|Flutter Mane, L50|\n|teampreview|4\n|inactive|Battle timer is ON: inactive players will automatically lose when time's up. (requested by NicoHaxVGC)\nNicoHaxVGC has agreed to open team sheets.\nDJGrooves213 has agreed to open team sheets.\n|inactive|DJGrooves213 has 60 seconds left.\n|inactive|NicoHaxVGC has 60 seconds left.\n|\n|t:|1682978348\n|start\n|switch|p1a: Murkrow|Murkrow, L50, M, shiny|100\/100\n|switch|p1b: Chien-Pao|Chien-Pao, L50|100\/100\n|switch|p2a: Raven|Corviknight, L50, F|100\/100\n|switch|p2b: Cyborg|Iron Bundle, L50|100\/100\n|-ability|p1b: Chien-Pao|Sword of Ruin\n|-enditem|p2b: Cyborg|Booster Energy\n|-activate|p2b: Cyborg|ability: Quark Drive|[fromitem]\n|-start|p2b: Cyborg|quarkdrivespe\n|turn|1\n|\n|t:|1682978366\n|move|p1b: Chien-Pao|Protect|p1b: Chien-Pao\n|-singleturn|p1b: Chien-Pao|Protect\n|move|p1a: Murkrow|Thunder Wave|p2b: Cyborg\n|-status|p2b: Cyborg|par\n|cant|p2b: Cyborg|par\n|move|p2a: Raven|Tailwind|p2a: Raven\n|-sidestart|p2: NicoHaxVGC|move: Tailwind\n|\n|upkeep\n|turn|2\n|\n|t:|1682978378\n|move|p1a: Murkrow|Thunder Wave|p2a: Raven\n|-status|p2a: Raven|par\n|cant|p2b: Cyborg|par\n|move|p1b: Chien-Pao|Sacred Sword|p2b: Cyborg\n|-supereffective|p2b: Cyborg\n|-damage|p2b: Cyborg|15\/100 par\n|move|p2a: Raven|Iron Head|p1b: Chien-Pao\n|-supereffective|p1b: Chien-Pao\n|-damage|p1b: Chien-Pao|26\/100\n|\n|upkeep\n|turn|3\n|\n|t:|1682978400\n|move|p2b: Cyborg|Protect|p2b: Cyborg\n|-singleturn|p2b: Cyborg|Protect\n|move|p1b: Chien-Pao|Protect|p1b: Chien-Pao\n|-singleturn|p1b: Chien-Pao|Protect\n|move|p1a: Murkrow|Brave Bird|p2b: Cyborg\n|-activate|p2b: Cyborg|move: Protect\n|move|p2a: Raven|Brave Bird|p1a: Murkrow\n|-damage|p1a: Murkrow|0 fnt\n|faint|p1a: Murkrow\n|-damage|p2a: Raven|78\/100 par|[from] Recoil\n|\n|upkeep\n|\n|t:|1682978411\n|switch|p1a: Quaquaval|Quaquaval, L50, M, shiny|100\/100\n|turn|4\n|\n|t:|1682978433\n|move|p2b: Cyborg|Icy Wind|p1b: Chien-Pao|[spread] p1b\n|-miss|p2b: Cyborg|p1a: Quaquaval\n|-resisted|p1b: Chien-Pao\n|-damage|p1b: Chien-Pao|13\/100\n|-unboost|p1b: Chien-Pao|spe|1\n|move|p1a: Quaquaval|Wave Crash|p2a: Raven\n|-damage|p2a: Raven|8\/100 par\n|-damage|p1a: Quaquaval|71\/100|[from] Recoil\n|move|p1b: Chien-Pao|Ice Spinner|p2a: Raven\n|-damage|p2a: Raven|0 fnt\n|faint|p2a: Raven\n|\n|-sideend|p2: NicoHaxVGC|move: Tailwind\n|upkeep\n|\n|t:|1682978453\n|switch|p2a: Star fire|Flutter Mane, L50|100\/100\n|turn|5\n|\n|t:|1682978463\n|-terastallize|p2a: Star fire|Fairy\n|move|p1b: Chien-Pao|Sucker Punch|p2b: Cyborg\n|-damage|p2b: Cyborg|0 fnt\n|faint|p2b: Cyborg\n|-end|p2b: Cyborg|Quark Drive|[silent]\n|move|p1a: Quaquaval|Wave Crash|p2a: Star fire\n|-damage|p2a: Star fire|0 fnt\n|faint|p2a: Star fire\n|-end|p2a: Star fire|Protosynthesis|[silent]\n|-ability|p1a: Quaquaval|Moxie|boost\n|-boost|p1a: Quaquaval|atk|1\n|-damage|p1a: Quaquaval|39\/100|[from] Recoil\n|\n|upkeep\n|\n|t:|1682978474\n|switch|p2b: Robin|Annihilape, L50, M|100\/100\n|turn|6\n|\n|t:|1682978486\n|move|p1b: Chien-Pao|Sucker Punch|p2b: Robin\n|-damage|p2b: Robin|54\/100\n|move|p1a: Quaquaval|Wave Crash|p2b: Robin\n|-damage|p2b: Robin|0 fnt\n|faint|p2b: Robin\n|-damage|p1a: Quaquaval|16\/100|[from] Recoil\n|\n|win|DJGrooves213\n|raw|DJGrooves213's rating: 1296 → 1323<\/strong> (+27 for winning)\n|raw|NicoHaxVGC's rating: 1326 → 1304<\/strong> (-22 for losing)\n","uploadtime":1682978491,"views":14,"p1id":"djgrooves213","p2id":"nicohaxvgc","formatid":"gen9vgc2023regulationc","rating":1304,"private":0,"password":""}