{"id":"gen9vgc2023regulationc-1844899890","p1":"TwiceMeLikey","p2":"ICCR","format":"[Gen 9] VGC 2023 Regulation C","log":"|j|\u2606TwiceMeLikey\n|j|\u2606ICCR\n|t:|1681662009\n|gametype|doubles\n|player|p1|TwiceMeLikey|170|1283\n|player|p2|ICCR|265|1271\n|teamsize|p1|6\n|teamsize|p2|6\n|gen|9\n|tier|[Gen 9] VGC 2023 Regulation C\n|rated|\n|rule|Species Clause: Limit one of each Pok\u00e9mon\n|rule|Item Clause: Limit one of each item\n|clearpoke\n|poke|p1|Kingambit, L50, M|\n|poke|p1|Palafin, L50, F|\n|poke|p1|Arcanine, L50, F|\n|poke|p1|Amoonguss, L50, M|\n|poke|p1|Flutter Mane, L50|\n|poke|p1|Ting-Lu, L50|\n|poke|p2|Arcanine, L50, M|\n|poke|p2|Iron Bundle, L50|\n|poke|p2|Dondozo, L50, F|\n|poke|p2|Tatsugiri, L50, F|\n|poke|p2|Kingambit, L50, M|\n|poke|p2|Flutter Mane, L50|\n|teampreview|4\n|inactive|Battle timer is ON: inactive players will automatically lose when time's up. (requested by ICCR)\n|\n|t:|1681662030\n|start\n|switch|p1a: Palafin|Palafin, L50, F|100\/100\n|switch|p1b: Kingambit|Kingambit, L50, M|100\/100\n|switch|p2a: Iron Bundle|Iron Bundle, L50|100\/100\n|switch|p2b: Kingambit|Kingambit, L50, M|100\/100\n|turn|1\n|inactive|ICCR has 30 seconds left.\n|\n|t:|1681662056\n|detailschange|p1a: Palafin|Palafin-Hero, L50, F\n|switch|p1a: Amoonguss|Amoonguss, L50, M|100\/100\n|move|p2a: Iron Bundle|Freeze-Dry|p1a: Amoonguss\n|-supereffective|p1a: Amoonguss\n|-damage|p1a: Amoonguss|43\/100\n|-enditem|p1a: Amoonguss|Sitrus Berry|[eat]\n|-heal|p1a: Amoonguss|68\/100|[from] item: Sitrus Berry\n|move|p1b: Kingambit|Iron Head|p2a: Iron Bundle\n|-damage|p2a: Iron Bundle|41\/100\n|move|p2b: Kingambit|Kowtow Cleave|p1a: Amoonguss\n|-damage|p1a: Amoonguss|25\/100\n|\n|upkeep\n|turn|2\n|\n|t:|1681662075\n|move|p2a: Iron Bundle|Protect|p2a: Iron Bundle\n|-singleturn|p2a: Iron Bundle|Protect\n|move|p1a: Amoonguss|Protect|p1a: Amoonguss\n|-singleturn|p1a: Amoonguss|Protect\n|move|p1b: Kingambit|Iron Head|p2a: Iron Bundle\n|-activate|p2a: Iron Bundle|move: Protect\n|move|p2b: Kingambit|Kowtow Cleave|p1a: Amoonguss\n|-activate|p1a: Amoonguss|move: Protect\n|\n|upkeep\n|turn|3\n|\n|t:|1681662092\n|-end|p2a: Iron Bundle|Quark Drive|[silent]\n|switch|p2a: Arcanine|Arcanine, L50, M|100\/100\n|-ability|p2a: Arcanine|Intimidate|boost\n|-unboost|p1a: Amoonguss|atk|1\n|-unboost|p1b: Kingambit|atk|1\n|-ability|p1b: Kingambit|Defiant|boost\n|-boost|p1b: Kingambit|atk|2\n|switch|p1a: Palafin|Palafin-Hero, L50, F|100\/100\n|-activate|p1a: Palafin|ability: Zero to Hero\n|move|p1b: Kingambit|Iron Head|p2a: Arcanine\n|-resisted|p2a: Arcanine\n|-damage|p2a: Arcanine|62\/100\n|move|p2b: Kingambit|Kowtow Cleave|p1a: Palafin\n|-damage|p1a: Palafin|58\/100\n|\n|upkeep\n|turn|4\n|inactive|ICCR has 30 seconds left.\n|inactive|ICCR has 20 seconds left.\n|inactive|ICCR has 15 seconds left.\n|\n|t:|1681662135\n|-terastallize|p1a: Palafin|Water\n|move|p2a: Arcanine|Extreme Speed|p1a: Palafin\n|-damage|p1a: Palafin|40\/100\n|move|p2b: Kingambit|Sucker Punch|p1a: Palafin\n|-damage|p1a: Palafin|3\/100\n|move|p1a: Palafin|Wave Crash|p2b: Kingambit\n|-damage|p2b: Kingambit|6\/100\n|-damage|p1a: Palafin|0 fnt|[from] Recoil\n|faint|p1a: Palafin\n|move|p1b: Kingambit|Kowtow Cleave|p2a: Arcanine\n|-damage|p2a: Arcanine|0 fnt\n|faint|p2a: Arcanine\n|\n|upkeep\n|\n|t:|1681662155\n|switch|p2a: Iron Bundle|Iron Bundle, L50|41\/100\n|switch|p1a: Amoonguss|Amoonguss, L50, M|58\/100\n|turn|5\n|\n|t:|1681662164\n|move|p2a: Iron Bundle|Protect|p2a: Iron Bundle\n|-singleturn|p2a: Iron Bundle|Protect\n|move|p1a: Amoonguss|Protect|p1a: Amoonguss\n|-singleturn|p1a: Amoonguss|Protect\n|move|p1b: Kingambit|Sucker Punch||[still]\n|-fail|p1b: Kingambit\n|move|p2b: Kingambit|Kowtow Cleave|p1a: Amoonguss\n|-activate|p1a: Amoonguss|move: Protect\n|\n|upkeep\n|turn|6\n|inactive|ICCR has 30 seconds left.\n|\n|t:|1681662198\n|-end|p2a: Iron Bundle|Quark Drive|[silent]\n|switch|p2a: Mimi|Flutter Mane, L50|100\/100\n|-enditem|p2a: Mimi|Booster Energy\n|-activate|p2a: Mimi|ability: Protosynthesis|[fromitem]\n|-start|p2a: Mimi|protosynthesisspa\n|move|p1b: Kingambit|Sucker Punch||[still]\n|-fail|p1b: Kingambit\n|move|p2b: Kingambit|Kowtow Cleave|p1a: Amoonguss\n|-damage|p1a: Amoonguss|21\/100\n|move|p1a: Amoonguss|Pollen Puff|p2b: Kingambit\n|-damage|p2b: Kingambit|0 fnt\n|faint|p2b: Kingambit\n|\n|upkeep\n|\n|t:|1681662213\n|switch|p2b: Iron Bundle|Iron Bundle, L50|41\/100\n|turn|7\n|\n|t:|1681662234\n|-terastallize|p2a: Mimi|Fairy\n|move|p1a: Amoonguss|Protect|p1a: Amoonguss\n|-singleturn|p1a: Amoonguss|Protect\n|move|p2b: Iron Bundle|Hydro Pump|p1b: Kingambit\n|-damage|p1b: Kingambit|43\/100\n|move|p2a: Mimi|Moonblast|p1b: Kingambit\n|-damage|p1b: Kingambit|0 fnt\n|faint|p1b: Kingambit\n|\n|upkeep\n|\n|t:|1681662243\n|switch|p1b: Arcanine|Arcanine, L50, F|100\/100\n|-ability|p1b: Arcanine|Intimidate|boost\n|-unboost|p2a: Mimi|atk|1\n|-unboost|p2b: Iron Bundle|atk|1\n|turn|8\n|\n|t:|1681662266\n|move|p2b: Iron Bundle|Protect|p2b: Iron Bundle\n|-singleturn|p2b: Iron Bundle|Protect\n|move|p1a: Amoonguss|Rage Powder|p1a: Amoonguss\n|-singleturn|p1a: Amoonguss|move: Rage Powder\n|move|p2a: Mimi|Dazzling Gleam|p1b: Arcanine|[spread] p1a,p1b\n|-resisted|p1a: Amoonguss\n|-resisted|p1b: Arcanine\n|-damage|p1a: Amoonguss|0 fnt\n|-damage|p1b: Arcanine|71\/100\n|faint|p1a: Amoonguss\n|move|p1b: Arcanine|Flare Blitz|p2b: Iron Bundle\n|-activate|p2b: Iron Bundle|move: Protect\n|\n|upkeep\n|turn|9\n|\n|t:|1681662279\n|move|p2b: Iron Bundle|Hydro Pump|p1b: Arcanine\n|-supereffective|p1b: Arcanine\n|-damage|p1b: Arcanine|0 fnt\n|faint|p1b: Arcanine\n|\n|win|ICCR\n|raw|TwiceMeLikey's rating: 1283 → 1257<\/strong> (-26 for losing)\n|raw|ICCR's rating: 1271 → 1297<\/strong> (+26 for winning)\n|l|\u2606TwiceMeLikey\n","uploadtime":1681662286,"views":14,"p1id":"twicemelikey","p2id":"iccr","formatid":"gen9vgc2023regulationc","rating":1257,"private":0,"password":""}