{"id":"gen9vgc2023regulationc-1860877583","p1":"Villbs2","p2":"Mess in Distress","format":"[Gen 9] VGC 2023 Regulation C","log":"|j|\u2606Villbs2\n|j|\u2606Mess in Distress\n|t:|1683689269\n|gametype|doubles\n|player|p1|Villbs2|1|1469\n|player|p2|Mess in Distress|265|1346\n|teamsize|p1|6\n|teamsize|p2|6\n|gen|9\n|tier|[Gen 9] VGC 2023 Regulation C\n|rated|\n|rule|Species Clause: Limit one of each Pok\u00e9mon\n|rule|Item Clause: Limit one of each item\n|clearpoke\n|poke|p1|Flutter Mane, L50|\n|poke|p1|Abomasnow, L50, M|\n|poke|p1|Iron Bundle, L50|\n|poke|p1|Dragonite, L50, F|\n|poke|p1|Great Tusk, L50|\n|poke|p1|Gholdengo, L50|\n|poke|p2|Chien-Pao, L50|\n|poke|p2|Scream Tail, L50|\n|poke|p2|Ceruledge, L50, F|\n|poke|p2|Baxcalibur, L50, F|\n|poke|p2|Amoonguss, L50, F|\n|poke|p2|Gholdengo, L50|\n|teampreview|4\n|inactive|Battle timer is ON: inactive players will automatically lose when time's up. (requested by Mess in Distress)\n|\n|t:|1683689349\n|start\n|switch|p1a: Great Tusk|Great Tusk, L50|100\/100\n|switch|p1b: Flutter Mane|Flutter Mane, L50|100\/100\n|switch|p2a: Scream Tail|Scream Tail, L50|100\/100\n|switch|p2b: Gholdengo|Gholdengo, L50|100\/100\n|-enditem|p2a: Scream Tail|Booster Energy\n|-activate|p2a: Scream Tail|ability: Protosynthesis|[fromitem]\n|-start|p2a: Scream Tail|protosynthesisspe\n|turn|1\n|\n|t:|1683689368\n|-terastallize|p2b: Gholdengo|Water\n|move|p2a: Scream Tail|Protect|p2a: Scream Tail\n|-singleturn|p2a: Scream Tail|Protect\n|move|p1b: Flutter Mane|Shadow Ball|p2b: Gholdengo\n|-crit|p2b: Gholdengo\n|-damage|p2b: Gholdengo|2\/100\n|move|p1a: Great Tusk|Headlong Rush|p2b: Gholdengo\n|-damage|p2b: Gholdengo|0 fnt\n|-unboost|p1a: Great Tusk|def|1\n|-unboost|p1a: Great Tusk|spd|1\n|faint|p2b: Gholdengo\n|\n|upkeep\n|\n|t:|1683689381\n|switch|p2b: Chien-Pao|Chien-Pao, L50|100\/100\n|-ability|p2b: Chien-Pao|Sword of Ruin\n|turn|2\n|\n|t:|1683689401\n|move|p1a: Great Tusk|Protect|p1a: Great Tusk\n|-singleturn|p1a: Great Tusk|Protect\n|move|p2a: Scream Tail|Disable|p1b: Flutter Mane\n|-start|p1b: Flutter Mane|Disable|Shadow Ball\n|move|p2b: Chien-Pao|Ice Spinner|p1a: Great Tusk\n|-activate|p1a: Great Tusk|move: Protect\n|cant|p1b: Flutter Mane|Disable|Shadow Ball\n|\n|upkeep\n|turn|3\n|\n|t:|1683689421\n|-end|p1a: Great Tusk|Protosynthesis|[silent]\n|switch|p1a: Abomasnow|Abomasnow, L50, M|100\/100\n|-weather|Snow|[from] ability: Snow Warning|[of] p1a: Abomasnow\n|move|p2a: Scream Tail|Encore||[still]\n|-fail|p2a: Scream Tail\n|move|p2b: Chien-Pao|Ice Spinner|p1b: Flutter Mane\n|-damage|p1b: Flutter Mane|15\/100\n|-activate|p1b: Flutter Mane|move: Struggle\n|move|p1b: Flutter Mane|Struggle|p2b: Chien-Pao\n|-damage|p2b: Chien-Pao|95\/100\n|-damage|p1b: Flutter Mane|0 fnt|[from] recoil\n|faint|p1b: Flutter Mane\n|-end|p1b: Flutter Mane|Protosynthesis|[silent]\n|\n|-weather|Snow|[upkeep]\n|upkeep\n|\n|t:|1683689437\n|switch|p1b: Dragonite|Dragonite, L50, F|100\/100\n|turn|4\n|\n|t:|1683689447\n|-terastallize|p1b: Dragonite|Normal\n|move|p2a: Scream Tail|Protect|p2a: Scream Tail\n|-singleturn|p2a: Scream Tail|Protect\n|move|p1b: Dragonite|Extreme Speed|p2b: Chien-Pao\n|-damage|p2b: Chien-Pao|31\/100\n|move|p2b: Chien-Pao|Ice Spinner|p1b: Dragonite\n|-damage|p1b: Dragonite|78\/100\n|move|p1a: Abomasnow|Blizzard|p2a: Scream Tail|[spread] p2b\n|-activate|p2a: Scream Tail|move: Protect\n|-resisted|p2b: Chien-Pao\n|-damage|p2b: Chien-Pao|2\/100\n|\n|-weather|Snow|[upkeep]\n|upkeep\n|turn|5\n|inactive|Villbs2 has 30 seconds left.\n|\n|t:|1683689475\n|move|p2b: Chien-Pao|Protect|p2b: Chien-Pao\n|-singleturn|p2b: Chien-Pao|Protect\n|move|p1b: Dragonite|Extreme Speed|p2b: Chien-Pao\n|-activate|p2b: Chien-Pao|move: Protect\n|move|p2a: Scream Tail|Disable|p1b: Dragonite\n|-start|p1b: Dragonite|Disable|Extreme Speed\n|move|p1a: Abomasnow|Blizzard|p2b: Chien-Pao|[spread] p2a\n|-activate|p2b: Chien-Pao|move: Protect\n|-damage|p2a: Scream Tail|74\/100\n|-status|p2a: Scream Tail|frz\n|\n|-weather|Snow|[upkeep]\n|upkeep\n|turn|6\n|\n|t:|1683689498\n|switch|p1b: Great Tusk|Great Tusk, L50|100\/100\n|cant|p2a: Scream Tail|frz\n|move|p2b: Chien-Pao|Ice Spinner|p1b: Great Tusk\n|-supereffective|p1b: Great Tusk\n|-damage|p1b: Great Tusk|18\/100\n|move|p1a: Abomasnow|Blizzard|p2b: Chien-Pao|[spread] p2a,p2b\n|-resisted|p2b: Chien-Pao\n|-damage|p2a: Scream Tail|50\/100 frz\n|-damage|p2b: Chien-Pao|0 fnt\n|faint|p2b: Chien-Pao\n|\n|-weather|Snow|[upkeep]\n|upkeep\n|\n|t:|1683689508\n|switch|p2b: Ceruledge|Ceruledge, L50, F|100\/100\n|turn|7\n|\n|t:|1683689522\n|move|p1b: Great Tusk|Protect|p1b: Great Tusk\n|-singleturn|p1b: Great Tusk|Protect\n|move|p2b: Ceruledge|Shadow Sneak|p1b: Great Tusk\n|-activate|p1b: Great Tusk|move: Protect\n|cant|p2a: Scream Tail|frz\n|move|p1a: Abomasnow|Earth Power|p2b: Ceruledge\n|-supereffective|p2b: Ceruledge\n|-damage|p2b: Ceruledge|53\/100\n|\n|-weather|none\n|-heal|p2b: Ceruledge|59\/100|[from] item: Leftovers\n|upkeep\n|turn|8\n|\n|t:|1683689539\n|cant|p2a: Scream Tail|frz\n|move|p1b: Great Tusk|Earthquake|p2a: Scream Tail|[spread] p1a,p2a,p2b\n|-resisted|p1a: Abomasnow\n|-supereffective|p2b: Ceruledge\n|-damage|p1a: Abomasnow|78\/100\n|-damage|p2a: Scream Tail|20\/100 frz\n|-damage|p2b: Ceruledge|0 fnt\n|faint|p2b: Ceruledge\n|move|p1a: Abomasnow|Earth Power|p2a: Scream Tail\n|-damage|p2a: Scream Tail|2\/100 frz\n|\n|upkeep\n|turn|9\n|l|\u2606Mess in Distress\n|inactive|Mess in Distress disconnected and has a minute to reconnect!\n|player|p2|\n|inactive|Mess in Distress has 30 seconds left.\n|inactive|Mess in Distress has 20 seconds left.\n|inactive|Mess in Distress has 15 seconds left.\n|inactive|Mess in Distress has 10 seconds left.\n|inactive|Mess in Distress has 5 seconds left.\n|-message|Mess in Distress lost due to inactivity.\n|\n|win|Villbs2\n|raw|Villbs2's rating: 1469 → 1482<\/strong> (+13 for winning)\n|raw|Mess in Distress's rating: 1346 → 1333<\/strong> (-13 for losing)\n","uploadtime":1683689606,"views":19,"p1id":"villbs2","p2id":"messindistress","formatid":"gen9vgc2023regulationc","rating":1333,"private":0,"password":""}