{"id":"gen9vgc2023regulationc-1844854271","p1":"zurneus","p2":"FruitJuice148","format":"[Gen 9] VGC 2023 Regulation C","log":"|j|\u2606zurneus\n|j|\u2606FruitJuice148\n|t:|1681656789\n|gametype|doubles\n|player|p1|zurneus|richboy-gen4|\n|player|p2|FruitJuice148|hilbert-wonderlauncher|\n|teamsize|p1|6\n|teamsize|p2|6\n|gen|9\n|tier|[Gen 9] VGC 2023 Regulation C\n|rule|Species Clause: Limit one of each Pok\u00e9mon\n|rule|Item Clause: Limit one of each item\n|clearpoke\n|poke|p1|Arcanine, L50, F|\n|poke|p1|Palafin, L50, F|\n|poke|p1|Chien-Pao, L50|\n|poke|p1|Dragonite, L50, F|\n|poke|p1|Flutter Mane, L50|\n|poke|p1|Amoonguss, L50, M|\n|poke|p2|Flutter Mane, L50|\n|poke|p2|Glimmora, L50, F|\n|poke|p2|Wo-Chien, L50|\n|poke|p2|Ting-Lu, L50|\n|poke|p2|Chi-Yu, L50|\n|poke|p2|Gyarados, L50, F|\n|teampreview|4\nFruitJuice148 has agreed to open team sheets.\nzurneus has agreed to open team sheets.\n|\n|t:|1681656863\n|start\n|switch|p1a: Palafin|Palafin, L50, F|100\/100\n|switch|p1b: Chien-Pao|Chien-Pao, L50|100\/100\n|switch|p2a: Wo-Chien|Wo-Chien, L50|100\/100\n|switch|p2b: Gyarados|Gyarados, L50, F|100\/100\n|-ability|p1b: Chien-Pao|Sword of Ruin\n|-ability|p2b: Gyarados|Intimidate|boost\n|-unboost|p1a: Palafin|atk|1\n|-unboost|p1b: Chien-Pao|atk|1\n|-ability|p2a: Wo-Chien|Tablets of Ruin\n|turn|1\n|\n|t:|1681656906\n|move|p1b: Chien-Pao|Protect|p1b: Chien-Pao\n|-singleturn|p1b: Chien-Pao|Protect\n|move|p1a: Palafin|Haze|p1a: Palafin\n|-clearallboost\n|move|p2b: Gyarados|Thunder Wave|p1b: Chien-Pao\n|-activate|p1b: Chien-Pao|move: Protect\n|move|p2a: Wo-Chien|Leech Seed|p1a: Palafin\n|-start|p1a: Palafin|move: Leech Seed\n|\n|-damage|p1a: Palafin|88\/100|[from] Leech Seed|[of] p2a: Wo-Chien\n|upkeep\n|turn|2\n|\n|t:|1681656939\n|detailschange|p1a: Palafin|Palafin-Hero, L50, F\n|switch|p1a: Dragonite|Dragonite, L50, F|100\/100\n|move|p1b: Chien-Pao|Ice Spinner|p2b: Gyarados\n|-damage|p2b: Gyarados|59\/100\n|move|p2b: Gyarados|Thunder Wave|p1b: Chien-Pao|[miss]\n|-miss|p2b: Gyarados|p1b: Chien-Pao\n|move|p2a: Wo-Chien|Leech Seed|p1b: Chien-Pao\n|-start|p1b: Chien-Pao|move: Leech Seed\n|\n|-damage|p1b: Chien-Pao|88\/100|[from] Leech Seed|[of] p2a: Wo-Chien\n|upkeep\n|turn|3\n|\n|t:|1681656979\n|-terastallize|p1a: Dragonite|Flying\n|-terastallize|p2a: Wo-Chien|Poison\n|move|p1b: Chien-Pao|Ice Spinner|p2a: Wo-Chien\n|-damage|p2a: Wo-Chien|72\/100\n|move|p2b: Gyarados|Iron Head|p1b: Chien-Pao\n|-supereffective|p1b: Chien-Pao\n|-damage|p1b: Chien-Pao|27\/100\n|move|p1a: Dragonite|Tera Blast|p2a: Wo-Chien\n|-damage|p2a: Wo-Chien|31\/100\n|move|p2a: Wo-Chien|Leech Seed|p1a: Dragonite\n|-start|p1a: Dragonite|move: Leech Seed\n|\n|-heal|p2a: Wo-Chien|37\/100|[from] item: Leftovers\n|-damage|p1b: Chien-Pao|15\/100|[from] Leech Seed|[of] p2a: Wo-Chien\n|-heal|p2a: Wo-Chien|47\/100|[silent]\n|-damage|p1a: Dragonite|88\/100|[from] Leech Seed|[of] p2a: Wo-Chien\n|-heal|p2a: Wo-Chien|59\/100|[silent]\n|upkeep\n|turn|4\n|\n|t:|1681657014\n|move|p1b: Chien-Pao|Ice Spinner|p2b: Gyarados\n|-damage|p2b: Gyarados|13\/100\n|-enditem|p2b: Gyarados|Sitrus Berry|[eat]\n|-heal|p2b: Gyarados|38\/100|[from] item: Sitrus Berry\n|move|p2b: Gyarados|Thunder Wave|p1a: Dragonite|[miss]\n|-miss|p2b: Gyarados|p1a: Dragonite\n|move|p1a: Dragonite|Tera Blast|p2b: Gyarados\n|-damage|p2b: Gyarados|0 fnt\n|faint|p2b: Gyarados\n|move|p2a: Wo-Chien|Leech Seed|p2: Gyarados|[notarget]\n|-fail|p2a: Wo-Chien\n|\n|-heal|p2a: Wo-Chien|65\/100|[from] item: Leftovers\n|-damage|p1b: Chien-Pao|2\/100|[from] Leech Seed|[of] p2a: Wo-Chien\n|-heal|p2a: Wo-Chien|75\/100|[silent]\n|-damage|p1a: Dragonite|76\/100|[from] Leech Seed|[of] p2a: Wo-Chien\n|-heal|p2a: Wo-Chien|87\/100|[silent]\n|upkeep\n|\n|t:|1681657039\n|switch|p2b: Flutter Mane|Flutter Mane, L50|100\/100\n|-enditem|p2b: Flutter Mane|Booster Energy\n|-activate|p2b: Flutter Mane|ability: Protosynthesis|[fromitem]\n|-start|p2b: Flutter Mane|protosynthesisspe\n|turn|5\n|\n|t:|1681657071\n|switch|p1b: Flutter Mane|Flutter Mane, L50|100\/100\n|-enditem|p1b: Flutter Mane|Booster Energy\n|-activate|p1b: Flutter Mane|ability: Protosynthesis|[fromitem]\n|-start|p1b: Flutter Mane|protosynthesisspe\n|move|p2b: Flutter Mane|Protect|p2b: Flutter Mane\n|-singleturn|p2b: Flutter Mane|Protect\n|move|p1a: Dragonite|Tera Blast|p2b: Flutter Mane\n|-activate|p2b: Flutter Mane|move: Protect\n|move|p2a: Wo-Chien|Foul Play|p1a: Dragonite\n|-damage|p1a: Dragonite|27\/100\n|\n|-heal|p2a: Wo-Chien|93\/100|[from] item: Leftovers\n|-damage|p1a: Dragonite|15\/100|[from] Leech Seed|[of] p2a: Wo-Chien\n|-heal|p2a: Wo-Chien|100\/100|[silent]\n|upkeep\n|turn|6\n|\n|t:|1681657113\n|-end|p2b: Flutter Mane|Protosynthesis|[silent]\n|switch|p2b: Chi-Yu|Chi-Yu, L50|100\/100\n|-ability|p2b: Chi-Yu|Beads of Ruin\n|move|p1b: Flutter Mane|Shadow Ball|p2b: Chi-Yu\n|-resisted|p2b: Chi-Yu\n|-damage|p2b: Chi-Yu|75\/100\n|-unboost|p2b: Chi-Yu|spd|1\n|move|p1a: Dragonite|Tera Blast|p2a: Wo-Chien\n|-damage|p2a: Wo-Chien|68\/100\n|move|p2a: Wo-Chien|Leech Seed|p1b: Flutter Mane\n|-start|p1b: Flutter Mane|move: Leech Seed\n|\n|-heal|p2a: Wo-Chien|74\/100|[from] item: Leftovers\n|-damage|p1b: Flutter Mane|88\/100|[from] Leech Seed|[of] p2a: Wo-Chien\n|-heal|p2a: Wo-Chien|84\/100|[silent]\n|-damage|p1a: Dragonite|3\/100|[from] Leech Seed|[of] p2a: Wo-Chien\n|-heal|p2a: Wo-Chien|96\/100|[silent]\n|upkeep\n|turn|7\n|\n|t:|1681657159\n|switch|p1a: Palafin|Palafin-Hero, L50, F|88\/100\n|-activate|p1a: Palafin|ability: Zero to Hero\n|move|p1b: Flutter Mane|Moonblast|p2b: Chi-Yu\n|-damage|p2b: Chi-Yu|0 fnt\n|faint|p2b: Chi-Yu\n|move|p2a: Wo-Chien|Foul Play|p1b: Flutter Mane\n|-damage|p1b: Flutter Mane|62\/100\n|\n|-heal|p2a: Wo-Chien|100\/100|[from] item: Leftovers\n|-damage|p1b: Flutter Mane|50\/100|[from] Leech Seed|[of] p2a: Wo-Chien\n|upkeep\n|\n|t:|1681657168\n|switch|p2b: Flutter Mane|Flutter Mane, L50|100\/100\n|turn|8\n|\n|t:|1681657187\n|move|p2b: Flutter Mane|Protect|p2b: Flutter Mane\n|-singleturn|p2b: Flutter Mane|Protect\n|move|p1b: Flutter Mane|Shadow Ball|p2b: Flutter Mane\n|-activate|p2b: Flutter Mane|move: Protect\n|move|p1a: Palafin|Wave Crash|p2a: Wo-Chien\n|-damage|p2a: Wo-Chien|54\/100\n|-damage|p1a: Palafin|71\/100|[from] Recoil\n|move|p2a: Wo-Chien|Leech Seed|p1a: Palafin|[miss]\n|-miss|p2a: Wo-Chien|p1a: Palafin\n|\n|-heal|p2a: Wo-Chien|60\/100|[from] item: Leftovers\n|-damage|p1b: Flutter Mane|37\/100|[from] Leech Seed|[of] p2a: Wo-Chien\n|-heal|p2a: Wo-Chien|69\/100|[silent]\n|upkeep\n|turn|9\n|\n|t:|1681657205\n|move|p1b: Flutter Mane|Shadow Ball|p2b: Flutter Mane\n|-supereffective|p2b: Flutter Mane\n|-damage|p2b: Flutter Mane|4\/100\n|move|p2b: Flutter Mane|Shadow Ball|p1b: Flutter Mane\n|-supereffective|p1b: Flutter Mane\n|-damage|p1b: Flutter Mane|0 fnt\n|faint|p1b: Flutter Mane\n|-end|p1b: Flutter Mane|Protosynthesis|[silent]\n|move|p1a: Palafin|Wave Crash|p2a: Wo-Chien\n|-damage|p2a: Wo-Chien|28\/100\n|-damage|p1a: Palafin|57\/100|[from] Recoil\n|move|p2a: Wo-Chien|Leech Seed|p1a: Palafin\n|-start|p1a: Palafin|move: Leech Seed\n|\n|-heal|p2a: Wo-Chien|34\/100|[from] item: Leftovers\n|-damage|p1a: Palafin|44\/100|[from] Leech Seed|[of] p2a: Wo-Chien\n|-heal|p2a: Wo-Chien|46\/100|[silent]\n|upkeep\n|\n|t:|1681657223\n|switch|p1b: Chien-Pao|Chien-Pao, L50|2\/100\n|-ability|p1b: Chien-Pao|Sword of Ruin\n|turn|10\n|\n|t:|1681657256\n|move|p2b: Flutter Mane|Protect|p2b: Flutter Mane\n|-singleturn|p2b: Flutter Mane|Protect\n|move|p2a: Wo-Chien|Protect|p2a: Wo-Chien\n|-singleturn|p2a: Wo-Chien|Protect\n|move|p1a: Palafin|Jet Punch|p2b: Flutter Mane\n|-activate|p2b: Flutter Mane|move: Protect\n|move|p1b: Chien-Pao|Ice Spinner|p2a: Wo-Chien\n|-activate|p2a: Wo-Chien|move: Protect\n|\n|-heal|p2a: Wo-Chien|52\/100|[from] item: Leftovers\n|-damage|p1a: Palafin|32\/100|[from] Leech Seed|[of] p2a: Wo-Chien\n|-heal|p2a: Wo-Chien|64\/100|[silent]\n|upkeep\n|turn|11\n|\n|t:|1681657278\n|move|p1a: Palafin|Jet Punch|p2b: Flutter Mane\n|-damage|p2b: Flutter Mane|0 fnt\n|faint|p2b: Flutter Mane\n|-end|p2b: Flutter Mane|Protosynthesis|[silent]\n|move|p1b: Chien-Pao|Ice Spinner|p2a: Wo-Chien\n|-damage|p2a: Wo-Chien|37\/100\n|move|p2a: Wo-Chien|Foul Play|p1a: Palafin\n|-damage|p1a: Palafin|0 fnt\n|faint|p1a: Palafin\n|\n|-heal|p2a: Wo-Chien|43\/100|[from] item: Leftovers\n|upkeep\n|\n|t:|1681657288\n|switch|p1a: Dragonite|Dragonite, L50, F, tera:Flying|3\/100\n|turn|12\n|\n|t:|1681657294\n|move|p1b: Chien-Pao|Ice Spinner|p2a: Wo-Chien\n|-damage|p2a: Wo-Chien|15\/100\n|move|p1a: Dragonite|Tera Blast|p2a: Wo-Chien\n|-crit|p2a: Wo-Chien\n|-damage|p2a: Wo-Chien|0 fnt\n|faint|p2a: Wo-Chien\n|\n|win|zurneus\n","uploadtime":1681657297,"views":18,"p1id":"zurneus","p2id":"fruitjuice148","formatid":"gen9vgc2023regulationc","rating":0,"private":0,"password":""}