{"id":"gen9vgc2023regulationc-1847624982","p1":"Atc13","p2":"KEerer1","format":"[Gen 9] VGC 2023 Regulation C","log":"|j|\u2606Atc13\n|j|\u2606KEerer1\n|t:|1681983848\n|gametype|doubles\n|player|p1|Atc13|2|1003\n|player|p2|KEerer1|lance|1063\n|teamsize|p1|6\n|teamsize|p2|6\n|gen|9\n|tier|[Gen 9] VGC 2023 Regulation C\n|rated|\n|rule|Species Clause: Limit one of each Pok\u00e9mon\n|rule|Item Clause: Limit one of each item\n|clearpoke\n|poke|p1|Dragonite, L50, M|\n|poke|p1|Dragapult, L50, M|\n|poke|p1|Ting-Lu, L50|\n|poke|p1|Arcanine, L50, F|\n|poke|p1|Amoonguss, L50, F|\n|poke|p1|Quaquaval, L50, M|\n|poke|p2|Amoonguss, L50, M|\n|poke|p2|Arcanine, L50, M|\n|poke|p2|Palafin, L50, F|\n|poke|p2|Chien-Pao, L50|\n|poke|p2|Flutter Mane, L50|\n|poke|p2|Ting-Lu, L50|\n|teampreview|4\n|\n|t:|1681983887\n|start\n|switch|p1a: Dragapult|Dragapult, L50, M|100\/100\n|switch|p1b: Arcanine|Arcanine, L50, F, shiny|100\/100\n|switch|p2a: \u53d1\u59d0|Flutter Mane, L50|100\/100\n|switch|p2b: \u5730\u88c24\/5|Ting-Lu, L50|100\/100\n|-ability|p1b: Arcanine|Intimidate|boost\n|-unboost|p2a: \u53d1\u59d0|atk|1\n|-unboost|p2b: \u5730\u88c24\/5|atk|1\n|-ability|p2b: \u5730\u88c24\/5|Vessel of Ruin\n|-enditem|p2a: \u53d1\u59d0|Booster Energy\n|-activate|p2a: \u53d1\u59d0|ability: Protosynthesis|[fromitem]\n|-start|p2a: \u53d1\u59d0|protosynthesisspa\n|turn|1\n|\n|t:|1681983924\n|switch|p1b: Ting-Lu|Ting-Lu, L50|100\/100\n|-ability|p1b: Ting-Lu|Vessel of Ruin\n|switch|p2b: \u5c0f\u5486\u54ee\u864e|Arcanine, L50, M|100\/100\n|-ability|p2b: \u5c0f\u5486\u54ee\u864e|Intimidate|boost\n|-fail|p1a: Dragapult|unboost|[from] ability: Clear Body|[of] p1a: Dragapult\n|-unboost|p1b: Ting-Lu|atk|1\n|move|p2a: \u53d1\u59d0|Protect|p2a: \u53d1\u59d0\n|-singleturn|p2a: \u53d1\u59d0|Protect\n|move|p1a: Dragapult|Phantom Force||[still]\n|-prepare|p1a: Dragapult|Phantom Force\n|\n|upkeep\n|turn|2\n|\n|t:|1681983964\n|-terastallize|p2a: \u53d1\u59d0|Fairy\n|move|p1a: Dragapult|Phantom Force|p2a: \u53d1\u59d0|[from]lockedmove\n|-crit|p2a: \u53d1\u59d0\n|-damage|p2a: \u53d1\u59d0|0 fnt\n|faint|p2a: \u53d1\u59d0\n|-end|p2a: \u53d1\u59d0|Protosynthesis|[silent]\n|move|p2b: \u5c0f\u5486\u54ee\u864e|Will-O-Wisp|p1b: Ting-Lu\n|-status|p1b: Ting-Lu|brn\n|move|p1b: Ting-Lu|Fissure|p2b: \u5c0f\u5486\u54ee\u864e\n|-damage|p2b: \u5c0f\u5486\u54ee\u864e|0 fnt\n|faint|p2b: \u5c0f\u5486\u54ee\u864e\n|-ohko\n|\n|-damage|p1b: Ting-Lu|94\/100 brn|[from] brn\n|upkeep\n|\n|t:|1681983986\n|switch|p2a: \u829d\u58eb\u96ea\u8c79|Chien-Pao, L50|100\/100\n|switch|p2b: \u5730\u88c24\/5|Ting-Lu, L50|100\/100\n|-ability|p2a: \u829d\u58eb\u96ea\u8c79|Sword of Ruin\n|-ability|p2b: \u5730\u88c24\/5|Vessel of Ruin\n|turn|3\n|\n|t:|1681984009\n|move|p2a: \u829d\u58eb\u96ea\u8c79|Sacred Sword|p1b: Ting-Lu\n|-supereffective|p1b: Ting-Lu\n|-damage|p1b: Ting-Lu|48\/100 brn\n|-enditem|p1b: Ting-Lu|Weakness Policy\n|-boost|p1b: Ting-Lu|atk|2|[from] item: Weakness Policy\n|-boost|p1b: Ting-Lu|spa|2|[from] item: Weakness Policy\n|move|p1a: Dragapult|Thunder Wave|p2a: \u829d\u58eb\u96ea\u8c79|[miss]\n|-miss|p1a: Dragapult|p2a: \u829d\u58eb\u96ea\u8c79\n|move|p1b: Ting-Lu|Fissure|p2b: \u5730\u88c24\/5|[miss]\n|-miss|p1b: Ting-Lu|p2b: \u5730\u88c24\/5\n|move|p2b: \u5730\u88c24\/5|Stomping Tantrum|p1b: Ting-Lu\n|-damage|p1b: Ting-Lu|9\/100 brn\n|\n|-damage|p1b: Ting-Lu|3\/100 brn|[from] brn\n|upkeep\n|turn|4\n|\n|t:|1681984037\n|move|p2a: \u829d\u58eb\u96ea\u8c79|Protect|p2a: \u829d\u58eb\u96ea\u8c79\n|-singleturn|p2a: \u829d\u58eb\u96ea\u8c79|Protect\n|move|p1a: Dragapult|Sucker Punch||[still]\n|-fail|p1a: Dragapult\n|move|p1b: Ting-Lu|Stealth Rock|p2b: \u5730\u88c24\/5\n|-sidestart|p2: KEerer1|move: Stealth Rock\n|move|p2b: \u5730\u88c24\/5|Stomping Tantrum|p1a: Dragapult\n|-damage|p1a: Dragapult|0 fnt\n|faint|p1a: Dragapult\n|\n|-damage|p1b: Ting-Lu|0 fnt|[from] brn\n|faint|p1b: Ting-Lu\n|upkeep\n|\n|t:|1681984052\n|switch|p1a: Arcanine|Arcanine, L50, F, shiny|100\/100\n|switch|p1b: Quaquaval|Quaquaval, L50, M|100\/100\n|-ability|p1a: Arcanine|Intimidate|boost\n|-unboost|p2a: \u829d\u58eb\u96ea\u8c79|atk|1\n|-unboost|p2b: \u5730\u88c24\/5|atk|1\n|turn|5\n|\n|t:|1681984076\n|-terastallize|p1a: Arcanine|Electric\n|move|p1b: Quaquaval|Protect|p1b: Quaquaval\n|-singleturn|p1b: Quaquaval|Protect\n|move|p2a: \u829d\u58eb\u96ea\u8c79|Sacred Sword|p1a: Arcanine\n|-damage|p1a: Arcanine|70\/100\n|move|p1a: Arcanine|Will-O-Wisp|p2b: \u5730\u88c24\/5\n|-status|p2b: \u5730\u88c24\/5|brn\n|move|p2b: \u5730\u88c24\/5|Stomping Tantrum|p1a: Arcanine\n|-supereffective|p1a: Arcanine\n|-damage|p1a: Arcanine|12\/100\n|\n|-damage|p2b: \u5730\u88c24\/5|94\/100 brn|[from] brn\n|upkeep\n|turn|6\n|\n|t:|1681984101\n|move|p2a: \u829d\u58eb\u96ea\u8c79|Protect|p2a: \u829d\u58eb\u96ea\u8c79\n|-singleturn|p2a: \u829d\u58eb\u96ea\u8c79|Protect\n|move|p1a: Arcanine|Extreme Speed|p2a: \u829d\u58eb\u96ea\u8c79\n|-activate|p2a: \u829d\u58eb\u96ea\u8c79|move: Protect\n|move|p1b: Quaquaval|Aqua Step|p2b: \u5730\u88c24\/5\n|-supereffective|p2b: \u5730\u88c24\/5\n|-damage|p2b: \u5730\u88c24\/5|23\/100 brn\n|-boost|p1b: Quaquaval|spe|1\n|move|p2b: \u5730\u88c24\/5|Stomping Tantrum|p1a: Arcanine\n|-supereffective|p1a: Arcanine\n|-damage|p1a: Arcanine|0 fnt\n|faint|p1a: Arcanine\n|\n|-damage|p2b: \u5730\u88c24\/5|17\/100 brn|[from] brn\n|upkeep\n|turn|7\n|\n|t:|1681984120\n|move|p1b: Quaquaval|Protect|p1b: Quaquaval\n|-singleturn|p1b: Quaquaval|Protect\n|move|p2a: \u829d\u58eb\u96ea\u8c79|Sacred Sword|p1b: Quaquaval\n|-activate|p1b: Quaquaval|move: Protect\n|move|p2b: \u5730\u88c24\/5|Stomping Tantrum|p1b: Quaquaval\n|-activate|p1b: Quaquaval|move: Protect\n|\n|-damage|p2b: \u5730\u88c24\/5|10\/100 brn|[from] brn\n|upkeep\n|turn|8\n|\n|t:|1681984137\n|move|p1b: Quaquaval|Aqua Step|p2b: \u5730\u88c24\/5\n|-supereffective|p2b: \u5730\u88c24\/5\n|-damage|p2b: \u5730\u88c24\/5|0 fnt\n|-boost|p1b: Quaquaval|spe|1\n|faint|p2b: \u5730\u88c24\/5\n|-ability|p1b: Quaquaval|Moxie|boost\n|-boost|p1b: Quaquaval|atk|1\n|move|p2a: \u829d\u58eb\u96ea\u8c79|Sacred Sword|p1b: Quaquaval\n|-damage|p1b: Quaquaval|65\/100\n|\n|upkeep\n|turn|9\n|\n|t:|1681984153\n|move|p1b: Quaquaval|Aqua Step|p2a: \u829d\u58eb\u96ea\u8c79\n|-damage|p2a: \u829d\u58eb\u96ea\u8c79|2\/100\n|-boost|p1b: Quaquaval|spe|1\n|move|p2a: \u829d\u58eb\u96ea\u8c79|Sacred Sword|p1b: Quaquaval\n|-damage|p1b: Quaquaval|27\/100\n|\n|upkeep\n|turn|10\n|\n|t:|1681984167\n|move|p1b: Quaquaval|Protect|p1b: Quaquaval\n|-singleturn|p1b: Quaquaval|Protect\n|move|p2a: \u829d\u58eb\u96ea\u8c79|Sucker Punch||[still]\n|-fail|p2a: \u829d\u58eb\u96ea\u8c79\n|\n|upkeep\n|turn|11\n|\n|t:|1681984178\n|move|p2a: \u829d\u58eb\u96ea\u8c79|Sucker Punch||[still]\n|-fail|p2a: \u829d\u58eb\u96ea\u8c79\n|move|p1b: Quaquaval|Taunt|p2a: \u829d\u58eb\u96ea\u8c79\n|-start|p2a: \u829d\u58eb\u96ea\u8c79|move: Taunt\n|\n|upkeep\n|turn|12\n|\n|t:|1681984191\n|move|p1b: Quaquaval|Protect|p1b: Quaquaval\n|-singleturn|p1b: Quaquaval|Protect\n|move|p2a: \u829d\u58eb\u96ea\u8c79|Sacred Sword|p1b: Quaquaval\n|-activate|p1b: Quaquaval|move: Protect\n|\n|upkeep\n|turn|13\n|\n|t:|1681984201\n|move|p2a: \u829d\u58eb\u96ea\u8c79|Sucker Punch|p1b: Quaquaval\n|-resisted|p1b: Quaquaval\n|-damage|p1b: Quaquaval|4\/100\n|move|p1b: Quaquaval|Aqua Step|p2a: \u829d\u58eb\u96ea\u8c79\n|-damage|p2a: \u829d\u58eb\u96ea\u8c79|0 fnt\n|-boost|p1b: Quaquaval|spe|1\n|faint|p2a: \u829d\u58eb\u96ea\u8c79\n|\n|win|Atc13\n|raw|Atc13's rating: 1003 → 1049<\/strong> (+46 for winning)\n|raw|KEerer1's rating: 1063 → 1040<\/strong> (-23 for losing)\n|l|\u2606Atc13\n","uploadtime":1681984212,"views":11,"p1id":"atc13","p2id":"keerer1","formatid":"gen9vgc2023regulationc","rating":1040,"private":0,"password":""}