{"id":"gen9vgc2023regulationc-1848095713","p1":"ApplinFan773","p2":"metalskarmory","format":"[Gen 9] VGC 2023 Regulation C","log":"|j|\u2606ApplinFan773\n|j|\u2606metalskarmory\n|t:|1682029164\n|gametype|doubles\n|player|p1|ApplinFan773|cilan|1127\n|player|p2|metalskarmory|169|1180\n|teamsize|p1|6\n|teamsize|p2|6\n|gen|9\n|tier|[Gen 9] VGC 2023 Regulation C\n|rated|\n|rule|Species Clause: Limit one of each Pok\u00e9mon\n|rule|Item Clause: Limit one of each item\n|clearpoke\n|poke|p1|Maushold-Four, L50|\n|poke|p1|Flutter Mane, L50|\n|poke|p1|Scream Tail, L50|\n|poke|p1|Arboliva, L50, F|\n|poke|p1|Ceruledge, L50, M|\n|poke|p1|Salamence, L50, M|\n|poke|p2|Maushold, L50|\n|poke|p2|Murkrow, L50, M|\n|poke|p2|Mudsdale, L50, M|\n|poke|p2|Ting-Lu, L50|\n|poke|p2|Ceruledge, L50, F|\n|poke|p2|Gothitelle, L50, M|\n|teampreview|4\n|inactive|Battle timer is ON: inactive players will automatically lose when time's up. (requested by ApplinFan773)\n|c|\u2606ApplinFan773|Glhf\n|c|\u2606metalskarmory|glhf\n|inactive|ApplinFan773 has 60 seconds left.\n|inactive|metalskarmory has 60 seconds left.\n|\n|t:|1682029217\n|start\n|switch|p1a: Salami|Salamence, L50, M, shiny|100\/100\n|switch|p1b: Grim Shady|Ceruledge, L50, M|100\/100\n|switch|p2a: Maushold|Maushold, L50|100\/100\n|switch|p2b: Mudsdale|Mudsdale, L50, M|100\/100\n|-ability|p1a: Salami|Intimidate|boost\n|-unboost|p2a: Maushold|atk|1\n|-unboost|p2b: Mudsdale|atk|1\n|turn|1\n|\n|t:|1682029237\n|-terastallize|p1b: Grim Shady|Grass\n|move|p2a: Maushold|Beat Up|p2b: Mudsdale\n|-damage|p2b: Mudsdale|99\/100\n|-ability|p2b: Mudsdale|Stamina|boost\n|-boost|p2b: Mudsdale|def|1\n|-enditem|p1a: Salami|Mirror Herb\n|-boost|p1a: Salami|def|1|[from] item: Mirror Herb\n|-damage|p2b: Mudsdale|99\/100\n|-ability|p2b: Mudsdale|Stamina|boost\n|-boost|p2b: Mudsdale|def|1\n|-damage|p2b: Mudsdale|98\/100\n|-ability|p2b: Mudsdale|Stamina|boost\n|-boost|p2b: Mudsdale|def|1\n|-damage|p2b: Mudsdale|98\/100\n|-ability|p2b: Mudsdale|Stamina|boost\n|-boost|p2b: Mudsdale|def|1\n|-hitcount|p2b: Mudsdale|4\n|move|p1a: Salami|Brick Break|p2a: Maushold\n|-supereffective|p2a: Maushold\n|-damage|p2a: Maushold|30\/100\n|move|p1b: Grim Shady|Tera Blast|p2b: Mudsdale\n|-supereffective|p2b: Mudsdale\n|-damage|p2b: Mudsdale|83\/100\n|-ability|p2b: Mudsdale|Stamina|boost\n|-boost|p2b: Mudsdale|def|1\n|move|p2b: Mudsdale|High Horsepower|p1b: Grim Shady\n|-resisted|p1b: Grim Shady\n|-damage|p1b: Grim Shady|86\/100\n|\n|upkeep\n|turn|2\n|inactive|metalskarmory has 30 seconds left.\n|\n|t:|1682029268\n|switch|p2a: Ceruledge|Ceruledge, L50, F|100\/100\n|move|p1a: Salami|Dragon Claw|p2a: Ceruledge\n|-damage|p2a: Ceruledge|54\/100\n|move|p1b: Grim Shady|Tera Blast|p2b: Mudsdale\n|-supereffective|p2b: Mudsdale\n|-damage|p2b: Mudsdale|64\/100\n|-ability|p2b: Mudsdale|Stamina|boost\n|-boost|p2b: Mudsdale|def|1\n|move|p2b: Mudsdale|Body Press|p1b: Grim Shady\n|-damage|p1b: Grim Shady|0 fnt\n|faint|p1b: Grim Shady\n|\n|upkeep\n|\n|t:|1682029287\n|switch|p1b: Myrtle|Flutter Mane, L50, shiny|100\/100\n|turn|3\n|\n|t:|1682029297\n|switch|p2a: Ting-Lu|Ting-Lu, L50|100\/100\n|-ability|p2a: Ting-Lu|Vessel of Ruin\n|move|p1b: Myrtle|Protect|p1b: Myrtle\n|-singleturn|p1b: Myrtle|Protect\n|move|p1a: Salami|Dragon Claw|p2a: Ting-Lu\n|-damage|p2a: Ting-Lu|82\/100\n|move|p2b: Mudsdale|Heavy Slam|p1b: Myrtle\n|-activate|p1b: Myrtle|move: Protect\n|\n|-heal|p2a: Ting-Lu|88\/100|[from] item: Leftovers\n|upkeep\n|turn|4\n|inactive|ApplinFan773 has 30 seconds left.\n|inactive|metalskarmory has 30 seconds left.\n|inactive|ApplinFan773 has 20 seconds left.\n|\n|t:|1682029337\n|-terastallize|p2a: Ting-Lu|Poison\n|move|p1b: Myrtle|Moonblast|p2b: Mudsdale\n|-damage|p2b: Mudsdale|25\/100\n|-damage|p1b: Myrtle|91\/100|[from] item: Life Orb\n|move|p1a: Salami|Dragon Claw|p2b: Mudsdale\n|-damage|p2b: Mudsdale|16\/100\n|move|p2a: Ting-Lu|Ruination|p1a: Salami\n|-damage|p1a: Salami|51\/100\n|move|p2b: Mudsdale|Heavy Slam|p1b: Myrtle\n|-supereffective|p1b: Myrtle\n|-damage|p1b: Myrtle|16\/100\n|\n|-heal|p2a: Ting-Lu|94\/100|[from] item: Leftovers\n|upkeep\n|turn|5\n|inactive|ApplinFan773 has 30 seconds left.\n|\n|t:|1682029368\n|move|p2b: Mudsdale|Protect|p2b: Mudsdale\n|-singleturn|p2b: Mudsdale|Protect\n|move|p1b: Myrtle|Moonblast|p2b: Mudsdale\n|-activate|p2b: Mudsdale|move: Protect\n|move|p1a: Salami|Dragon Claw|p2a: Ting-Lu\n|-damage|p2a: Ting-Lu|76\/100\n|move|p2a: Ting-Lu|Earthquake|p1b: Myrtle|[spread] p1b\n|-activate|p2b: Mudsdale|move: Protect\n|-immune|p1a: Salami\n|-damage|p1b: Myrtle|0 fnt\n|faint|p1b: Myrtle\n|-end|p1b: Myrtle|Protosynthesis|[silent]\n|\n|-heal|p2a: Ting-Lu|82\/100|[from] item: Leftovers\n|upkeep\n|\n|t:|1682029370\n|switch|p1b: The Millers|Maushold-Four, L50|100\/100\n|turn|6\n|inactive|metalskarmory has 30 seconds left.\n|\n|t:|1682029396\n|move|p1b: The Millers|Population Bomb|p2b: Mudsdale\n|-crit|p2b: Mudsdale\n|-damage|p2b: Mudsdale|4\/100\n|-damage|p2b: Mudsdale|2\/100\n|-damage|p2b: Mudsdale|0 fnt\n|faint|p2b: Mudsdale\n|-hitcount|p2: Mudsdale|3\n|move|p1a: Salami|Dragon Claw|p2a: Ting-Lu\n|-damage|p2a: Ting-Lu|65\/100\n|move|p2a: Ting-Lu|Ruination|p1b: The Millers|[miss]\n|-miss|p2a: Ting-Lu|p1b: The Millers\n|\n|-heal|p2a: Ting-Lu|71\/100|[from] item: Leftovers\n|upkeep\n|\n|t:|1682029410\n|switch|p2b: Maushold|Maushold, L50|30\/100\n|turn|7\n|\n|t:|1682029422\n|move|p2b: Maushold|Population Bomb|p1a: Salami\n|-damage|p1a: Salami|47\/100\n|-damage|p1a: Salami|43\/100\n|-damage|p1a: Salami|39\/100\n|-damage|p1a: Salami|35\/100\n|-damage|p1a: Salami|31\/100\n|-damage|p1a: Salami|27\/100\n|-damage|p1a: Salami|23\/100\n|-damage|p1a: Salami|19\/100\n|-damage|p1a: Salami|15\/100\n|-damage|p1a: Salami|11\/100\n|-hitcount|p1a: Salami|10\n|move|p1b: The Millers|Population Bomb|p2a: Ting-Lu\n|-damage|p2a: Ting-Lu|67\/100\n|-damage|p2a: Ting-Lu|63\/100\n|-damage|p2a: Ting-Lu|60\/100\n|-damage|p2a: Ting-Lu|56\/100\n|-damage|p2a: Ting-Lu|52\/100\n|-damage|p2a: Ting-Lu|49\/100\n|-damage|p2a: Ting-Lu|45\/100\n|-damage|p2a: Ting-Lu|41\/100\n|-damage|p2a: Ting-Lu|38\/100\n|-damage|p2a: Ting-Lu|34\/100\n|-hitcount|p2a: Ting-Lu|10\n|move|p1a: Salami|Dragon Claw|p2b: Maushold\n|-damage|p2b: Maushold|0 fnt\n|faint|p2b: Maushold\n|move|p2a: Ting-Lu|Earthquake|p1a: Salami|[spread] p1b\n|-immune|p1a: Salami\n|-damage|p1b: The Millers|60\/100\n|\n|-heal|p2a: Ting-Lu|40\/100|[from] item: Leftovers\n|upkeep\n|inactive|metalskarmory has 30 seconds left.\n|\n|t:|1682029455\n|switch|p2b: Ceruledge|Ceruledge, L50, F|54\/100\n|turn|8\n|\n|t:|1682029462\n|move|p1a: Salami|Protect|p1a: Salami\n|-singleturn|p1a: Salami|Protect\n|move|p2b: Ceruledge|Shadow Sneak|p1a: Salami\n|-activate|p1a: Salami|move: Protect\n|move|p1b: The Millers|Bite|p2b: Ceruledge\n|-supereffective|p2b: Ceruledge\n|-damage|p2b: Ceruledge|0 fnt\n|faint|p2b: Ceruledge\n|move|p2a: Ting-Lu|Ruination|p1b: The Millers\n|-damage|p1b: The Millers|30\/100\n|\n|-heal|p2a: Ting-Lu|46\/100|[from] item: Leftovers\n|upkeep\n|turn|9\n|\n|t:|1682029476\n|move|p2a: Ting-Lu|Protect|p2a: Ting-Lu\n|-singleturn|p2a: Ting-Lu|Protect\n|move|p1b: The Millers|Population Bomb|p2a: Ting-Lu\n|-activate|p2a: Ting-Lu|move: Protect\n|move|p1a: Salami|Dragon Claw|p2a: Ting-Lu\n|-activate|p2a: Ting-Lu|move: Protect\n|\n|-heal|p2a: Ting-Lu|52\/100|[from] item: Leftovers\n|upkeep\n|turn|10\n|\n|t:|1682029489\n|move|p1b: The Millers|Population Bomb|p2a: Ting-Lu\n|-damage|p2a: Ting-Lu|46\/100\n|-damage|p2a: Ting-Lu|41\/100\n|-damage|p2a: Ting-Lu|36\/100\n|-damage|p2a: Ting-Lu|32\/100\n|-damage|p2a: Ting-Lu|27\/100\n|-damage|p2a: Ting-Lu|22\/100\n|-damage|p2a: Ting-Lu|17\/100\n|-damage|p2a: Ting-Lu|13\/100\n|-damage|p2a: Ting-Lu|8\/100\n|-damage|p2a: Ting-Lu|3\/100\n|-hitcount|p2a: Ting-Lu|10\n|move|p1a: Salami|Dragon Claw|p2a: Ting-Lu\n|-damage|p2a: Ting-Lu|0 fnt\n|faint|p2a: Ting-Lu\n|\n|win|ApplinFan773\n|raw|ApplinFan773's rating: 1127 → 1156<\/strong> (+29 for winning)\n|raw|metalskarmory's rating: 1180 → 1151<\/strong> (-29 for losing)\n|c|\u2606metalskarmory|gg\n|l|\u2606metalskarmory\n|c|\u2606ApplinFan773|gg wp\n","uploadtime":1682029513,"views":5,"p1id":"applinfan773","p2id":"metalskarmory","formatid":"gen9vgc2023regulationc","rating":1151,"private":0,"password":""}