{"id":"gen9vgc2023regulationc-1863296899","p1":"FuratBang","p2":"Richweav13","format":"[Gen 9] VGC 2023 Regulation C","log":"|j|\u2606FuratBang\n|j|\u2606Richweav13\n|t:|1683999284\n|gametype|doubles\n|player|p1|FuratBang|crasherwake|\n|player|p2|Richweav13|169|\n|teamsize|p1|6\n|teamsize|p2|6\n|gen|9\n|tier|[Gen 9] VGC 2023 Regulation C\n|rule|Species Clause: Limit one of each Pok\u00e9mon\n|rule|Item Clause: Limit one of each item\n|clearpoke\n|poke|p1|Iron Hands, L50|\n|poke|p1|Tauros-Paldea-Blaze, L50, M|\n|poke|p1|Rotom-Wash, L50|\n|poke|p1|Mimikyu, L50, F|\n|poke|p1|Goodra, L50, F|\n|poke|p1|Impidimp, L50, M|\n|poke|p2|Sandy Shocks, L50|\n|poke|p2|Torkoal, L50, F|\n|poke|p2|Espathra, L50, F|\n|poke|p2|Haxorus, L50, F|\n|poke|p2|Gallade, L50, M|\n|poke|p2|Lilligant, L50, F|\n|teampreview|4\n|c|\u2606Richweav13|g3\n|c|\u2606Richweav13|glhf\n|j| KCXII\n|c|\u2606FuratBang|glhf\n|\n|t:|1684000628\n|start\n|switch|p1a: Goodra|Goodra, L50, F|100\/100\n|switch|p1b: Impidimp|Impidimp, L50, M|100\/100\n|switch|p2a: Lilligant|Lilligant, L50, F|100\/100\n|switch|p2b: Torkoal|Torkoal, L50, F|100\/100\n|-weather|SunnyDay|[from] ability: Drought|[of] p2b: Torkoal\n|turn|1\n|\n|t:|1684000657\n|move|p2a: Lilligant|Protect|p2a: Lilligant\n|-singleturn|p2a: Lilligant|Protect\n|move|p2b: Torkoal|Protect|p2b: Torkoal\n|-singleturn|p2b: Torkoal|Protect\n|move|p1b: Impidimp|Fake Out|p2b: Torkoal\n|-activate|p2b: Torkoal|move: Protect\n|move|p1a: Goodra|Flamethrower|p2a: Lilligant\n|-activate|p2a: Lilligant|move: Protect\n|\n|-weather|SunnyDay|[upkeep]\n|upkeep\n|turn|2\n|\n|t:|1684000733\n|move|p1b: Impidimp|Light Screen|p1b: Impidimp\n|-sidestart|p1: FuratBang|move: Light Screen\n|move|p2a: Lilligant|After You|p2b: Torkoal\n|-activate|p2b: Torkoal|move: After You\n|move|p2b: Torkoal|Eruption|p1a: Goodra|[spread] p1a,p1b\n|-resisted|p1a: Goodra\n|-damage|p1a: Goodra|82\/100\n|-damage|p1b: Impidimp|49\/100\n|move|p1a: Goodra|Flamethrower|p2a: Lilligant\n|-supereffective|p2a: Lilligant\n|-enditem|p2a: Lilligant|Focus Sash\n|-damage|p2a: Lilligant|1\/100\n|\n|-weather|SunnyDay|[upkeep]\n|-heal|p1a: Goodra|88\/100|[from] item: Leftovers\n|upkeep\n|turn|3\n|\n|t:|1684000772\n|move|p1b: Impidimp|Taunt|p2a: Lilligant\n|-start|p2a: Lilligant|move: Taunt\n|cant|p2a: Lilligant|move: Taunt|After You\n|move|p1a: Goodra|Draco Meteor|p2b: Torkoal\n|-damage|p2b: Torkoal|19\/100\n|-unboost|p1a: Goodra|spa|2\n|move|p2b: Torkoal|Eruption|p1b: Impidimp|[spread] p1a,p1b\n|-resisted|p1a: Goodra\n|-crit|p1a: Goodra\n|-damage|p1a: Goodra|80\/100\n|-damage|p1b: Impidimp|39\/100\n|\n|-weather|SunnyDay|[upkeep]\n|-heal|p1a: Goodra|87\/100|[from] item: Leftovers\n|upkeep\n|turn|4\n|\n|t:|1684000830\n|switch|p1b: Iron Hands|Iron Hands, L50|100\/100\n|move|p2a: Lilligant|Leaf Storm|p1b: Iron Hands\n|-damage|p1b: Iron Hands|75\/100\n|-unboost|p2a: Lilligant|spa|2\n|move|p1a: Goodra|Draco Meteor|p2b: Torkoal\n|-damage|p2b: Torkoal|0 fnt\n|-unboost|p1a: Goodra|spa|2\n|faint|p2b: Torkoal\n|\n|-weather|SunnyDay|[upkeep]\n|-heal|p1a: Goodra|93\/100|[from] item: Leftovers\n|upkeep\n|\n|t:|1684000845\n|switch|p2b: Espathra|Espathra, L50, F|100\/100\n|turn|5\n|\n|t:|1684000898\n|switch|p1a: Impidimp|Impidimp, L50, M|39\/100\n|move|p1b: Iron Hands|Fake Out|p2a: Lilligant\n|-damage|p2a: Lilligant|0 fnt\n|faint|p2a: Lilligant\n|move|p2b: Espathra|Dazzling Gleam|p1b: Iron Hands|[spread] p1a,p1b\n|-supereffective|p1a: Impidimp\n|-supereffective|p1b: Iron Hands\n|-damage|p1a: Impidimp|12\/100\n|-damage|p1b: Iron Hands|60\/100\n|\n|-weather|none\n|-ability|p2b: Espathra|Speed Boost|boost\n|-boost|p2b: Espathra|spe|1\n|upkeep\n|\n|t:|1684000909\n|switch|p2a: Gallade|Gallade, L50, M|100\/100\n|turn|6\n|j| j4ce\n|\n|t:|1684001016\n|-end|p1b: Iron Hands|Quark Drive|[silent]\n|switch|p1b: Goodra|Goodra, L50, F|93\/100\n|-terastallize|p2b: Espathra|Fairy\n|move|p1a: Impidimp|Fake Out|p2b: Espathra\n|-damage|p2b: Espathra|92\/100\n|cant|p2b: Espathra|flinch\n|move|p2a: Gallade|Psycho Cut|p1b: Goodra\n|-damage|p1b: Goodra|18\/100\n|\n|-heal|p1b: Goodra|24\/100|[from] item: Leftovers\n|-sideend|p1: FuratBang|move: Light Screen\n|-ability|p2b: Espathra|Speed Boost|boost\n|-boost|p2b: Espathra|spe|1\n|upkeep\n|turn|7\n|\n|t:|1684001108\n|move|p1b: Goodra|Protect|p1b: Goodra\n|-singleturn|p1b: Goodra|Protect\n|move|p1a: Impidimp|Light Screen|p1a: Impidimp\n|-sidestart|p1: FuratBang|move: Light Screen\n|move|p2b: Espathra|Dazzling Gleam|p1a: Impidimp|[spread] p1a\n|-activate|p1b: Goodra|move: Protect\n|-supereffective|p1a: Impidimp\n|-damage|p1a: Impidimp|0 fnt\n|faint|p1a: Impidimp\n|move|p2a: Gallade|Psycho Cut|p1b: Goodra\n|-activate|p1b: Goodra|move: Protect\n|\n|-heal|p1b: Goodra|30\/100|[from] item: Leftovers\n|-ability|p2b: Espathra|Speed Boost|boost\n|-boost|p2b: Espathra|spe|1\n|upkeep\n|\n|t:|1684001134\n|switch|p1a: Iron Hands|Iron Hands, L50|60\/100\n|turn|8\n|\n|t:|1684001194\n|-terastallize|p1a: Iron Hands|Water\n|move|p1a: Iron Hands|Fake Out|p2a: Gallade\n|-damage|p2a: Gallade|74\/100\n|move|p2b: Espathra|Dazzling Gleam|p1a: Iron Hands|[spread] p1a,p1b\n|-supereffective|p1b: Goodra\n|-damage|p1a: Iron Hands|48\/100\n|-damage|p1b: Goodra|7\/100\n|cant|p2a: Gallade|flinch\n|move|p1b: Goodra|Draco Meteor|p2a: Gallade\n|-damage|p2a: Gallade|13\/100\n|-unboost|p1b: Goodra|spa|2\n|\n|-heal|p1b: Goodra|13\/100|[from] item: Leftovers\n|-ability|p2b: Espathra|Speed Boost|boost\n|-boost|p2b: Espathra|spe|1\n|upkeep\n|turn|9\n|c|\u2606FuratBang|nooo\n|\n|t:|1684001309\n|move|p1b: Goodra|Protect|p1b: Goodra\n|-singleturn|p1b: Goodra|Protect\n|move|p2b: Espathra|Dazzling Gleam|p1a: Iron Hands|[spread] p1a\n|-activate|p1b: Goodra|move: Protect\n|-damage|p1a: Iron Hands|35\/100\n|move|p2a: Gallade|Psycho Cut|p1a: Iron Hands\n|-damage|p1a: Iron Hands|0 fnt\n|faint|p1a: Iron Hands\n|-end|p1a: Iron Hands|Quark Drive|[silent]\n|\n|-heal|p1b: Goodra|20\/100|[from] item: Leftovers\n|-ability|p2b: Espathra|Speed Boost|boost\n|-boost|p2b: Espathra|spe|1\n|upkeep\n|\n|t:|1684001321\n|switch|p1a: Rotom|Rotom-Wash, L50|100\/100\n|turn|10\n|\n|t:|1684001343\n|move|p2b: Espathra|Dazzling Gleam|p1a: Rotom|[spread] p1a,p1b\n|-supereffective|p1b: Goodra\n|-damage|p1a: Rotom|78\/100\n|-damage|p1b: Goodra|0 fnt\n|faint|p1b: Goodra\n|move|p2a: Gallade|Psycho Cut|p1a: Rotom\n|-damage|p1a: Rotom|20\/100\n|-enditem|p1a: Rotom|Aguav Berry|[eat]\n|-heal|p1a: Rotom|53\/100|[from] item: Aguav Berry\n|move|p1a: Rotom|Thunderbolt|p2a: Gallade\n|-damage|p2a: Gallade|0 fnt\n|faint|p2a: Gallade\n|\n|-ability|p2b: Espathra|Speed Boost|boost\n|-boost|p2b: Espathra|spe|1\n|upkeep\n|turn|11\n|\n|t:|1684001433\n|move|p2b: Espathra|Lumina Crash|p1a: Rotom\n|-damage|p1a: Rotom|23\/100\n|-unboost|p1a: Rotom|spd|2\n|move|p1a: Rotom|Hydro Pump|p2b: Espathra\n|-damage|p2b: Espathra|10\/100\n|\n|-sideend|p1: FuratBang|move: Light Screen\n|upkeep\n|turn|12\n|\n|t:|1684001450\n|move|p2b: Espathra|Lumina Crash|p1a: Rotom\n|-damage|p1a: Rotom|0 fnt\n|faint|p1a: Rotom\n|\n|win|Richweav13\n|c|\u2606Richweav13|gg\n|c|\u2606FuratBang|gg\n|l| j4ce\n|l| KCXII\n","uploadtime":1684001591,"views":14,"p1id":"furatbang","p2id":"richweav13","formatid":"gen9vgc2023regulationc","rating":0,"private":0,"password":""}