{"id":"gen9vgc2023regulationc-1850317543","p1":"Sumo'sWeenusVGC","p2":"Dr.Optimal","format":"[Gen 9] VGC 2023 Regulation C","log":"|j|\u2606Sumo'sWeenusVGC\n|j|\u2606Dr.Optimal\n|t:|1682317040\n|gametype|doubles\n|player|p1|Sumo'sWeenusVGC|colress|1087\n|player|p2|Dr.Optimal|waiter|1107\n|teamsize|p1|6\n|teamsize|p2|6\n|gen|9\n|tier|[Gen 9] VGC 2023 Regulation C\n|rated|\n|rule|Species Clause: Limit one of each Pok\u00e9mon\n|rule|Item Clause: Limit one of each item\n|clearpoke\n|poke|p1|Rotom-Wash, L50|\n|poke|p1|Amoonguss, L50, F|\n|poke|p1|Tauros-Paldea-Blaze, L50, M|\n|poke|p1|Dragonite, L50, F|\n|poke|p1|Gholdengo, L50|\n|poke|p1|Chi-Yu, L50|\n|poke|p2|Chi-Yu, L50|\n|poke|p2|Dachsbun, L50, M|\n|poke|p2|Dragonite, L50, F|\n|poke|p2|Flutter Mane, L50|\n|poke|p2|Tauros-Paldea-Aqua, L50, M|\n|poke|p2|Gholdengo, L50|\n|teampreview|4\n|inactive|Battle timer is ON: inactive players will automatically lose when time's up. (requested by Sumo'sWeenusVGC)\nSumo'sWeenusVGC has agreed to open team sheets.\n|inactive|Sumo'sWeenusVGC has 60 seconds left.\n|\n|t:|1682317089\n|start\n|switch|p1a: Dragonite|Dragonite, L50, F|100\/100\n|switch|p1b: Tauros|Tauros-Paldea-Blaze, L50, M, shiny|100\/100\n|switch|p2a: Chi-Yu|Chi-Yu, L50|100\/100\n|switch|p2b: Dachsbun|Dachsbun, L50, M|100\/100\n|-ability|p2a: Chi-Yu|Beads of Ruin\n|-ability|p1b: Tauros|Intimidate|boost\n|-unboost|p2a: Chi-Yu|atk|1\n|-unboost|p2b: Dachsbun|atk|1\n|turn|1\n|\n|t:|1682317106\n|move|p2a: Chi-Yu|Lava Plume|p1b: Tauros|[spread] p1a,p1b\n|-ability|p2b: Dachsbun|Well-Baked Body|boost\n|-boost|p2b: Dachsbun|def|2\n|-resisted|p1a: Dragonite\n|-resisted|p1b: Tauros\n|-crit|p1b: Tauros\n|-damage|p1a: Dragonite|94\/100\n|-damage|p1b: Tauros|54\/100\n|move|p1b: Tauros|Close Combat|p2a: Chi-Yu\n|-supereffective|p2a: Chi-Yu\n|-damage|p2a: Chi-Yu|0 fnt\n|-unboost|p1b: Tauros|def|1\n|-unboost|p1b: Tauros|spd|1\n|faint|p2a: Chi-Yu\n|move|p1a: Dragonite|Low Kick|p2b: Dachsbun\n|-resisted|p2b: Dachsbun\n|-damage|p2b: Dachsbun|97\/100\n|move|p2b: Dachsbun|Yawn|p1b: Tauros\n|-start|p1b: Tauros|move: Yawn|[of] p2b: Dachsbun\n|\n|-heal|p2b: Dachsbun|100\/100|[from] item: Leftovers\n|upkeep\n|\n|t:|1682317123\n|switch|p2a: Tauros|Tauros-Paldea-Aqua, L50, M|100\/100\n|-ability|p2a: Tauros|Intimidate|boost\n|-unboost|p1a: Dragonite|atk|1\n|-unboost|p1b: Tauros|atk|1\n|turn|2\n|inactive|Dr.Optimal has 30 seconds left.\n|\n|t:|1682317150\n|switch|p1b: Amoonguss|Amoonguss, L50, F, shiny|100\/100\n|-terastallize|p1a: Dragonite|Flying\n|move|p2a: Tauros|Wild Charge|p1a: Dragonite\n|-supereffective|p1a: Dragonite\n|-damage|p1a: Dragonite|20\/100\n|-damage|p2a: Tauros|76\/100|[from] Recoil\n|move|p1a: Dragonite|Tera Blast|p2a: Tauros\n|-supereffective|p2a: Tauros\n|-crit|p2a: Tauros\n|-damage|p2a: Tauros|0 fnt\n|faint|p2a: Tauros\n|move|p2b: Dachsbun|Wish|p2b: Dachsbun\n|\n|upkeep\n|\n|t:|1682317158\n|switch|p2a: Flutter Mane|Flutter Mane, L50|100\/100\n|-enditem|p2a: Flutter Mane|Booster Energy\n|-activate|p2a: Flutter Mane|ability: Protosynthesis|[fromitem]\n|-start|p2a: Flutter Mane|protosynthesisspe\n|turn|3\n|\n|t:|1682317178\n|move|p1b: Amoonguss|Rage Powder|p1b: Amoonguss\n|-singleturn|p1b: Amoonguss|move: Rage Powder\n|move|p2a: Flutter Mane|Dazzling Gleam|p1b: Amoonguss|[spread] p1a,p1b\n|-resisted|p1b: Amoonguss\n|-damage|p1a: Dragonite|0 fnt\n|-damage|p1b: Amoonguss|87\/100\n|faint|p1a: Dragonite\n|move|p2b: Dachsbun|Yawn|p1b: Amoonguss\n|-start|p1b: Amoonguss|move: Yawn|[of] p2b: Dachsbun\n|\n|upkeep\n|\n|t:|1682317190\n|switch|p1a: Gholdengo|Gholdengo, L50|100\/100\n|turn|4\n|\n|t:|1682317199\n|move|p2a: Flutter Mane|Protect|p2a: Flutter Mane\n|-singleturn|p2a: Flutter Mane|Protect\n|move|p2b: Dachsbun|Protect|p2b: Dachsbun\n|-singleturn|p2b: Dachsbun|Protect\n|move|p1a: Gholdengo|Nasty Plot|p1a: Gholdengo\n|-boost|p1a: Gholdengo|spa|2\n|move|p1b: Amoonguss|Spore|p2a: Flutter Mane\n|-activate|p2a: Flutter Mane|move: Protect\n|\n|-end|p1b: Amoonguss|move: Yawn|[silent]\n|-status|p1b: Amoonguss|slp\n|upkeep\n|turn|5\n|\n|t:|1682317222\n|move|p2a: Flutter Mane|Shadow Ball|p1a: Gholdengo\n|-supereffective|p1a: Gholdengo\n|-damage|p1a: Gholdengo|24\/100\n|move|p2b: Dachsbun|Body Press|p1b: Amoonguss\n|-resisted|p1b: Amoonguss\n|-damage|p1b: Amoonguss|72\/100 slp\n|move|p1a: Gholdengo|Shadow Ball|p2a: Flutter Mane\n|-supereffective|p2a: Flutter Mane\n|-crit|p2a: Flutter Mane\n|-damage|p2a: Flutter Mane|0 fnt\n|faint|p2a: Flutter Mane\n|-end|p2a: Flutter Mane|Protosynthesis|[silent]\n|-damage|p1a: Gholdengo|14\/100|[from] item: Life Orb\n|cant|p1b: Amoonguss|slp\n|\n|upkeep\n|turn|6\n|inactive|Dr.Optimal has 30 seconds left.\n|\n|t:|1682317248\n|move|p1a: Gholdengo|Protect|p1a: Gholdengo\n|-singleturn|p1a: Gholdengo|Protect\n|move|p2b: Dachsbun|Body Press|p1b: Amoonguss\n|-resisted|p1b: Amoonguss\n|-damage|p1b: Amoonguss|55\/100 slp\n|cant|p1b: Amoonguss|slp\n|\n|upkeep\n|turn|7\n|\n|t:|1682317260\n|cant|p1b: Amoonguss|slp\n|move|p2b: Dachsbun|Body Press|p1b: Amoonguss\n|-resisted|p1b: Amoonguss\n|-damage|p1b: Amoonguss|38\/100 slp\n|-enditem|p1b: Amoonguss|Sitrus Berry|[eat]\n|-heal|p1b: Amoonguss|63\/100 slp|[from] item: Sitrus Berry\n|move|p1a: Gholdengo|Make It Rain|p2b: Dachsbun\n|-supereffective|p2b: Dachsbun\n|-damage|p2b: Dachsbun|0 fnt\n|-unboost|p1a: Gholdengo|spa|1\n|faint|p2b: Dachsbun\n|-damage|p1a: Gholdengo|5\/100|[from] item: Life Orb\n|\n|win|Sumo'sWeenusVGC\n|raw|Sumo'sWeenusVGC's rating: 1087 → 1115<\/strong> (+28 for winning)\n|raw|Dr.Optimal's rating: 1107 → 1081<\/strong> (-26 for losing)\n|c|\u2606Dr.Optimal|gg\n|l|\u2606Dr.Optimal\n|c|\u2606Sumo'sWeenusVGC|gg\n","uploadtime":1682317276,"views":33,"p1id":"sumosweenusvgc","p2id":"droptimal","formatid":"gen9vgc2023regulationc","rating":1081,"private":0,"password":""}