{"id":"gen9vgc2023regulationc-1848280047","p1":"hysaaron","p2":"Foxtrot.098","format":"[Gen 9] VGC 2023 Regulation C","log":"|j|\u2606hysaaron\n|j|\u2606Foxtrot.098\n|t:|1682052752\n|gametype|doubles\n|player|p1|hysaaron|266|1288\n|player|p2|Foxtrot.098|bruno|1188\n|teamsize|p1|6\n|teamsize|p2|6\n|gen|9\n|tier|[Gen 9] VGC 2023 Regulation C\n|rated|\n|rule|Species Clause: Limit one of each Pok\u00e9mon\n|rule|Item Clause: Limit one of each item\n|clearpoke\n|poke|p1|Flutter Mane, L50|\n|poke|p1|Iron Bundle, L50|\n|poke|p1|Chi-Yu, L50|\n|poke|p1|Amoonguss, L50, F|\n|poke|p1|Talonflame, L50, M|\n|poke|p1|Great Tusk, L50|\n|poke|p2|Palafin, L50, M|\n|poke|p2|Flutter Mane, L50|\n|poke|p2|Arcanine, L50, F|\n|poke|p2|Ting-Lu, L50|\n|poke|p2|Amoonguss, L50, F|\n|poke|p2|Kingambit, L50, M|\n|teampreview|4\n|inactive|Battle timer is ON: inactive players will automatically lose when time's up. (requested by Foxtrot.098)\n|inactive|hysaaron has 60 seconds left.\n|inactive|Foxtrot.098 has 60 seconds left.\nFoxtrot.098 has agreed to open team sheets.\n|inactive|hysaaron has 30 seconds left.\n|\n|t:|1682052823\n|start\n|switch|p1a: Chi-Yu|Chi-Yu, L50|100\/100\n|switch|p1b: Iron Bundle|Iron Bundle, L50|100\/100\n|switch|p2a: Palafin|Palafin, L50, M|100\/100\n|switch|p2b: Ting-Lu|Ting-Lu, L50|100\/100\n|-ability|p1a: Chi-Yu|Beads of Ruin\n|-ability|p2b: Ting-Lu|Vessel of Ruin\n|-enditem|p1b: Iron Bundle|Booster Energy\n|-activate|p1b: Iron Bundle|ability: Quark Drive|[fromitem]\n|-start|p1b: Iron Bundle|quarkdrivespe\n|turn|1\n|inactive|hysaaron has 30 seconds left.\n|inactive|hysaaron has 20 seconds left.\n|inactive|hysaaron has 15 seconds left.\n|inactive|hysaaron has 10 seconds left.\n|\n|t:|1682052870\n|-terastallize|p1a: Chi-Yu|Grass\n|move|p1b: Iron Bundle|Freeze-Dry|p2b: Ting-Lu\n|-supereffective|p2b: Ting-Lu\n|-damage|p2b: Ting-Lu|71\/100\n|move|p1a: Chi-Yu|Tera Blast|p2a: Palafin\n|-supereffective|p2a: Palafin\n|-damage|p2a: Palafin|0 fnt\n|faint|p2a: Palafin\n|move|p2b: Ting-Lu|Heavy Slam|p1b: Iron Bundle\n|-damage|p1b: Iron Bundle|56\/100\n|\n|upkeep\n|\n|t:|1682052885\n|switch|p2a: Kingambit|Kingambit, L50, M|100\/100\n|turn|2\n|inactive|Foxtrot.098 has 30 seconds left.\n|inactive|Foxtrot.098 has 20 seconds left.\n|inactive|Foxtrot.098 has 15 seconds left.\n|\n|t:|1682052929\n|-terastallize|p2a: Kingambit|Dark\n|move|p1b: Iron Bundle|Hydro Pump|p2b: Ting-Lu\n|-supereffective|p2b: Ting-Lu\n|-damage|p2b: Ting-Lu|22\/100\n|move|p1a: Chi-Yu|Heat Wave|p2a: Kingambit|[spread] p2a,p2b\n|-damage|p2a: Kingambit|69\/100\n|-damage|p2b: Ting-Lu|5\/100\n|-status|p2b: Ting-Lu|brn\n|move|p2b: Ting-Lu|Ruination|p1a: Chi-Yu\n|-damage|p1a: Chi-Yu|51\/100\n|move|p2a: Kingambit|Swords Dance|p2a: Kingambit\n|-boost|p2a: Kingambit|atk|2\n|\n|-damage|p2b: Ting-Lu|0 fnt|[from] brn\n|faint|p2b: Ting-Lu\n|upkeep\n|\n|t:|1682052947\n|switch|p2b: Flutter Mane|Flutter Mane, L50|100\/100\n|-enditem|p2b: Flutter Mane|Booster Energy\n|-activate|p2b: Flutter Mane|ability: Protosynthesis|[fromitem]\n|-start|p2b: Flutter Mane|protosynthesisspa\n|turn|3\n|inactive|hysaaron has 30 seconds left.\n|\n|t:|1682052982\n|move|p2a: Kingambit|Sucker Punch|p1b: Iron Bundle\n|-damage|p1b: Iron Bundle|0 fnt\n|faint|p1b: Iron Bundle\n|-end|p1b: Iron Bundle|Quark Drive|[silent]\n|move|p2b: Flutter Mane|Moonblast|p1a: Chi-Yu\n|-damage|p1a: Chi-Yu|11\/100\n|move|p1a: Chi-Yu|Dark Pulse|p2b: Flutter Mane\n|-damage|p2b: Flutter Mane|55\/100\n|\n|upkeep\n|\n|t:|1682052994\n|switch|p1b: Amoonguss|Amoonguss, L50, F|100\/100\n|turn|4\n|\n|t:|1682053011\n|switch|p1a: Flutter Mane|Flutter Mane, L50|100\/100\n|move|p2b: Flutter Mane|Dazzling Gleam|p1b: Amoonguss|[spread] p1a,p1b\n|-resisted|p1b: Amoonguss\n|-damage|p1a: Flutter Mane|66\/100\n|-damage|p1b: Amoonguss|82\/100\n|move|p2a: Kingambit|Swords Dance|p2a: Kingambit\n|-boost|p2a: Kingambit|atk|2\n|move|p1b: Amoonguss|Spore|p2a: Kingambit\n|-status|p2a: Kingambit|slp|[from] move: Spore\n|\n|upkeep\n|turn|5\n|inactive|hysaaron has 30 seconds left.\n|\n|t:|1682053039\n|cant|p2a: Kingambit|slp\n|move|p1b: Amoonguss|Rage Powder|p1b: Amoonguss\n|-singleturn|p1b: Amoonguss|move: Rage Powder\n|move|p1a: Flutter Mane|Moonblast|p2a: Kingambit\n|-supereffective|p2a: Kingambit\n|-damage|p2a: Kingambit|0 fnt\n|faint|p2a: Kingambit\n|-damage|p1a: Flutter Mane|56\/100|[from] item: Life Orb\n|move|p2b: Flutter Mane|Shadow Ball|p1b: Amoonguss\n|-damage|p1b: Amoonguss|35\/100\n|-unboost|p1b: Amoonguss|spd|1\n|-enditem|p1b: Amoonguss|Sitrus Berry|[eat]\n|-heal|p1b: Amoonguss|60\/100|[from] item: Sitrus Berry\n|\n|upkeep\n|turn|6\n|\n|t:|1682053064\n|move|p1b: Amoonguss|Rage Powder|p1b: Amoonguss\n|-singleturn|p1b: Amoonguss|move: Rage Powder\n|move|p1a: Flutter Mane|Shadow Ball|p2b: Flutter Mane\n|-supereffective|p2b: Flutter Mane\n|-damage|p2b: Flutter Mane|0 fnt\n|faint|p2b: Flutter Mane\n|-end|p2b: Flutter Mane|Protosynthesis|[silent]\n|-damage|p1a: Flutter Mane|47\/100|[from] item: Life Orb\n|\n|win|hysaaron\n|raw|hysaaron's rating: 1288 → 1306<\/strong> (+18 for winning)\n|raw|Foxtrot.098's rating: 1188 → 1170<\/strong> (-18 for losing)\n|l|\u2606Foxtrot.098\n","uploadtime":1682053079,"views":11,"p1id":"hysaaron","p2id":"foxtrot098","formatid":"gen9vgc2023regulationc","rating":1170,"private":0,"password":""}