{"id":"gen9vgc2023regulationc-1857993366","p1":"CH4NGE","p2":"LasermanZ111","format":"[Gen 9] VGC 2023 Regulation C","log":"|j|\u2606CH4NGE\n|j|\u2606LasermanZ111\n|t:|1683257152\n|gametype|doubles\n|player|p1|CH4NGE|lady|1363\n|player|p2|LasermanZ111|ash|1481\n|teamsize|p1|6\n|teamsize|p2|6\n|gen|9\n|tier|[Gen 9] VGC 2023 Regulation C\n|rated|\n|rule|Species Clause: Limit one of each Pok\u00e9mon\n|rule|Item Clause: Limit one of each item\n|clearpoke\n|poke|p1|Flutter Mane, L50|\n|poke|p1|Arcanine, L50, M|\n|poke|p1|Palafin, L50, M|\n|poke|p1|Amoonguss, L50, M|\n|poke|p1|Dragonite, L50, F|\n|poke|p1|Ting-Lu, L50|\n|poke|p2|Chi-Yu, L50|\n|poke|p2|Amoonguss, L50, M|\n|poke|p2|Flutter Mane, L50|\n|poke|p2|Corviknight, L50, M|\n|poke|p2|Tauros-Paldea-Aqua, L50, M|\n|poke|p2|Ting-Lu, L50|\n|teampreview|4\nLasermanZ111 has agreed to open team sheets.\nCH4NGE has agreed to open team sheets.\n|\n|t:|1683257267\n|start\n|switch|p1a: Palafin|Palafin, L50, M|100\/100\n|switch|p1b: Ting-Lu|Ting-Lu, L50|100\/100\n|switch|p2a: Chi-Yu|Chi-Yu, L50|100\/100\n|switch|p2b: Corviknight|Corviknight, L50, M|100\/100\n|-ability|p2a: Chi-Yu|Beads of Ruin\n|-ability|p1b: Ting-Lu|Vessel of Ruin\n|turn|1\n|\n|t:|1683257329\n|detailschange|p1a: Palafin|Palafin-Hero, L50, M\n|switch|p1a: Dragonite|Dragonite, L50, F|100\/100\n|move|p2a: Chi-Yu|Protect|p2a: Chi-Yu\n|-singleturn|p2a: Chi-Yu|Protect\n|move|p2b: Corviknight|Tailwind|p2b: Corviknight\n|-sidestart|p2: LasermanZ111|move: Tailwind\n|move|p1b: Ting-Lu|Rock Tomb|p2a: Chi-Yu\n|-activate|p2a: Chi-Yu|move: Protect\n|\n|upkeep\n|turn|2\n|\n|t:|1683257365\n|switch|p2a: Tauros|Tauros-Paldea-Aqua, L50, M|100\/100\n|-ability|p2a: Tauros|Intimidate|boost\n|-unboost|p1a: Dragonite|atk|1\n|-unboost|p1b: Ting-Lu|atk|1\n|move|p2b: Corviknight|Iron Head|p1a: Dragonite\n|-damage|p1a: Dragonite|86\/100\n|move|p1a: Dragonite|Tailwind|p1a: Dragonite\n|-sidestart|p1: CH4NGE|move: Tailwind\n|move|p1b: Ting-Lu|Rock Tomb|p2a: Tauros\n|-resisted|p2a: Tauros\n|-damage|p2a: Tauros|93\/100\n|-unboost|p2a: Tauros|spe|1\n|\n|upkeep\n|turn|3\n|\n|t:|1683257407\n|-terastallize|p1b: Ting-Lu|Poison\n|move|p2a: Tauros|Raging Bull|p1b: Ting-Lu\n|-crit|p1b: Ting-Lu\n|-damage|p1b: Ting-Lu|64\/100\n|move|p1a: Dragonite|Aerial Ace|p2a: Tauros\n|-supereffective|p2a: Tauros\n|-damage|p2a: Tauros|36\/100\n|move|p2b: Corviknight|Brave Bird|p1a: Dragonite\n|-damage|p1a: Dragonite|41\/100\n|-damage|p2b: Corviknight|86\/100|[from] Recoil\n|move|p1b: Ting-Lu|Stomping Tantrum|p2a: Tauros\n|-damage|p2a: Tauros|8\/100\n|\n|upkeep\n|turn|4\n|\n|t:|1683257444\n|move|p1a: Dragonite|Extreme Speed|p2a: Tauros\n|-crit|p2a: Tauros\n|-damage|p2a: Tauros|0 fnt\n|faint|p2a: Tauros\n|move|p2b: Corviknight|Brave Bird|p1a: Dragonite\n|-damage|p1a: Dragonite|0 fnt\n|faint|p1a: Dragonite\n|-damage|p2b: Corviknight|74\/100|[from] Recoil\n|move|p1b: Ting-Lu|Stomping Tantrum|p2b: Corviknight\n|-immune|p2b: Corviknight\n|\n|-sideend|p2: LasermanZ111|move: Tailwind\n|upkeep\n|\n|t:|1683257459\n|switch|p2a: Chi-Yu|Chi-Yu, L50|100\/100\n|switch|p1a: Palafin|Palafin-Hero, L50, M|100\/100\n|-activate|p1a: Palafin|ability: Zero to Hero\n|-ability|p2a: Chi-Yu|Beads of Ruin\n|turn|5\n|\n|t:|1683257478\n|switch|p1b: Flutter Mane|Flutter Mane, L50|100\/100\n|move|p2a: Chi-Yu|Protect|p2a: Chi-Yu\n|-singleturn|p2a: Chi-Yu|Protect\n|move|p1a: Palafin|Substitute|p1a: Palafin\n|-start|p1a: Palafin|Substitute\n|-damage|p1a: Palafin|76\/100\n|move|p2b: Corviknight|Tailwind|p2b: Corviknight\n|-sidestart|p2: LasermanZ111|move: Tailwind\n|\n|-sideend|p1: CH4NGE|move: Tailwind\n|upkeep\n|turn|6\n|\n|t:|1683257528\n|-terastallize|p2a: Chi-Yu|Grass\n|move|p2a: Chi-Yu|Dark Pulse|p1b: Flutter Mane\n|-damage|p1b: Flutter Mane|36\/100\n|move|p2b: Corviknight|Brave Bird|p1b: Flutter Mane\n|-damage|p1b: Flutter Mane|0 fnt\n|faint|p1b: Flutter Mane\n|-end|p1b: Flutter Mane|Protosynthesis|[silent]\n|-damage|p2b: Corviknight|66\/100|[from] Recoil\n|move|p1a: Palafin|Wave Crash|p2a: Chi-Yu\n|-resisted|p2a: Chi-Yu\n|-damage|p2a: Chi-Yu|16\/100\n|-damage|p1a: Palafin|58\/100|[from] Recoil\n|\n|upkeep\n|\n|t:|1683257538\n|switch|p1b: Ting-Lu|Ting-Lu, L50, tera:Poison|64\/100\n|-ability|p1b: Ting-Lu|Vessel of Ruin\n|turn|7\n|\n|t:|1683257564\n|move|p2a: Chi-Yu|Protect|p2a: Chi-Yu\n|-singleturn|p2a: Chi-Yu|Protect\n|move|p1a: Palafin|Protect|p1a: Palafin\n|-singleturn|p1a: Palafin|Protect\n|move|p2b: Corviknight|Brave Bird|p1a: Palafin\n|-activate|p1a: Palafin|move: Protect\n|move|p1b: Ting-Lu|Ruination|p2b: Corviknight\n|-damage|p2b: Corviknight|34\/100\n|\n|upkeep\n|turn|8\n|\n|t:|1683257586\n|move|p1a: Palafin|Jet Punch|p2a: Chi-Yu\n|-resisted|p2a: Chi-Yu\n|-damage|p2a: Chi-Yu|0 fnt\n|faint|p2a: Chi-Yu\n|move|p2b: Corviknight|Brave Bird|p1a: Palafin\n|-end|p1a: Palafin|Substitute\n|-damage|p2b: Corviknight|25\/100|[from] Recoil|[of] p1a: Palafin\n|move|p1b: Ting-Lu|Ruination|p2b: Corviknight\n|-damage|p2b: Corviknight|13\/100\n|\n|-sideend|p2: LasermanZ111|move: Tailwind\n|upkeep\n|\n|t:|1683257596\n|switch|p2a: Flutter Mane|Flutter Mane, L50|100\/100\n|turn|9\n|\n|t:|1683257612\n|move|p1a: Palafin|Jet Punch|p2b: Corviknight\n|-damage|p2b: Corviknight|0 fnt\n|faint|p2b: Corviknight\n|move|p2a: Flutter Mane|Thunderbolt|p1a: Palafin\n|-supereffective|p1a: Palafin\n|-damage|p1a: Palafin|0 fnt\n|faint|p1a: Palafin\n|move|p1b: Ting-Lu|Heavy Slam|p2a: Flutter Mane\n|-supereffective|p2a: Flutter Mane\n|-damage|p2a: Flutter Mane|0 fnt\n|faint|p2a: Flutter Mane\n|-end|p2a: Flutter Mane|Protosynthesis|[silent]\n|\n|win|CH4NGE\n|raw|CH4NGE's rating: 1363 → 1390<\/strong> (+27 for winning)\n|raw|LasermanZ111's rating: 1481 → 1454<\/strong> (-27 for losing)\n","uploadtime":1683257626,"views":14,"p1id":"ch4nge","p2id":"lasermanz111","formatid":"gen9vgc2023regulationc","rating":1390,"private":0,"password":""}