{"id":"gen9vgc2023regulationc-1857041334","p1":"WillieDangerously","p2":"scorpiopower","format":"[Gen 9] VGC 2023 Regulation C","log":"|j|\u2606WillieDangerously\n|j|\u2606scorpiopower\n|t:|1683139839\n|gametype|doubles\n|player|p1|WillieDangerously|psychic-gen4|1151\n|player|p2|scorpiopower|swimmer-gen4|1255\n|teamsize|p1|6\n|teamsize|p2|6\n|gen|9\n|tier|[Gen 9] VGC 2023 Regulation C\n|rated|\n|rule|Species Clause: Limit one of each Pok\u00e9mon\n|rule|Item Clause: Limit one of each item\n|clearpoke\n|poke|p1|Espathra, L50, M|\n|poke|p1|Iron Bundle, L50|\n|poke|p1|Iron Valiant, L50|\n|poke|p1|Salamence, L50, M|\n|poke|p1|Scizor, L50, F|\n|poke|p1|Sandy Shocks, L50|\n|poke|p2|Murkrow, L50, M|\n|poke|p2|Glimmora, L50, M|\n|poke|p2|Wo-Chien, L50|\n|poke|p2|Great Tusk, L50|\n|poke|p2|Volcarona, L50, F|\n|poke|p2|Garganacl, L50, M|\n|teampreview|4\n|\n|t:|1683139868\n|start\n|switch|p1a: Espathra|Espathra, L50, M|100\/100\n|switch|p1b: Sandy Shocks|Sandy Shocks, L50|100\/100\n|switch|p2a: Cat in the Hat|Murkrow, L50, M|100\/100\n|switch|p2b: Pointy Rock|Glimmora, L50, M|100\/100\n|-enditem|p1b: Sandy Shocks|Booster Energy\n|-activate|p1b: Sandy Shocks|ability: Protosynthesis|[fromitem]\n|-start|p1b: Sandy Shocks|protosynthesisspe\n|turn|1\n|\n|t:|1683139902\n|-terastallize|p2b: Pointy Rock|Grass\n|move|p1a: Espathra|Protect|p1a: Espathra\n|-singleturn|p1a: Espathra|Protect\n|move|p2a: Cat in the Hat|Tailwind|p2a: Cat in the Hat\n|-sidestart|p2: scorpiopower|move: Tailwind\n|move|p2b: Pointy Rock|Earth Power|p1b: Sandy Shocks\n|-supereffective|p1b: Sandy Shocks\n|-damage|p1b: Sandy Shocks|22\/100\n|move|p1b: Sandy Shocks|Gravity|p1b: Sandy Shocks\n|-fieldstart|move: Gravity\n|\n|-ability|p1a: Espathra|Speed Boost|boost\n|-boost|p1a: Espathra|spe|1\n|upkeep\n|turn|2\n|\n|t:|1683139932\n|-terastallize|p1a: Espathra|Dark\n|move|p1b: Sandy Shocks|Protect|p1b: Sandy Shocks\n|-singleturn|p1b: Sandy Shocks|Protect\n|move|p2a: Cat in the Hat|Taunt|p1a: Espathra\n|-hint|Since gen 7, Dark is immune to Prankster moves.\n|-immune|p1a: Espathra\n|move|p2b: Pointy Rock|Earth Power|p1b: Sandy Shocks\n|-activate|p1b: Sandy Shocks|move: Protect\n|move|p1a: Espathra|Hypnosis|p2b: Pointy Rock\n|-status|p2b: Pointy Rock|slp|[from] move: Hypnosis\n|\n|-ability|p1a: Espathra|Speed Boost|boost\n|-boost|p1a: Espathra|spe|1\n|upkeep\n|turn|3\n|\n|t:|1683139954\n|move|p2a: Cat in the Hat|Haze|p2a: Cat in the Hat\n|-clearallboost\n|cant|p2b: Pointy Rock|slp\n|move|p1b: Sandy Shocks|Thunder|p2a: Cat in the Hat\n|-supereffective|p2a: Cat in the Hat\n|-damage|p2a: Cat in the Hat|7\/100\n|-status|p2a: Cat in the Hat|par\n|move|p1a: Espathra|Lumina Crash|p2b: Pointy Rock\n|-damage|p2b: Pointy Rock|74\/100 slp\n|-unboost|p2b: Pointy Rock|spd|2\n|\n|-ability|p1a: Espathra|Speed Boost|boost\n|-boost|p1a: Espathra|spe|1\n|upkeep\n|turn|4\n|\n|t:|1683139984\n|move|p1b: Sandy Shocks|Protect|p1b: Sandy Shocks\n|-singleturn|p1b: Sandy Shocks|Protect\n|move|p2a: Cat in the Hat|Haze|p2a: Cat in the Hat\n|-clearallboost\n|-curestatus|p2b: Pointy Rock|slp|[msg]\n|move|p2b: Pointy Rock|Earth Power|p1b: Sandy Shocks\n|-activate|p1b: Sandy Shocks|move: Protect\n|move|p1a: Espathra|Dazzling Gleam|p2b: Pointy Rock|[spread] p2a,p2b\n|-supereffective|p2a: Cat in the Hat\n|-damage|p2a: Cat in the Hat|0 fnt\n|-damage|p2b: Pointy Rock|59\/100\n|faint|p2a: Cat in the Hat\n|\n|-sideend|p2: scorpiopower|move: Tailwind\n|-ability|p1a: Espathra|Speed Boost|boost\n|-boost|p1a: Espathra|spe|1\n|upkeep\n|\n|t:|1683139995\n|switch|p2a: Garganacl|Garganacl, L50, M|100\/100\n|turn|5\n|\n|t:|1683140029\n|move|p1a: Espathra|Lumina Crash|p2a: Garganacl\n|-damage|p2a: Garganacl|80\/100\n|move|p1b: Sandy Shocks|Earth Power|p2a: Garganacl\n|-supereffective|p2a: Garganacl\n|-damage|p2a: Garganacl|25\/100\n|move|p2b: Pointy Rock|Earth Power|p1b: Sandy Shocks\n|-supereffective|p1b: Sandy Shocks\n|-damage|p1b: Sandy Shocks|0 fnt\n|faint|p1b: Sandy Shocks\n|-end|p1b: Sandy Shocks|Protosynthesis|[silent]\n|move|p2a: Garganacl|Salt Cure|p1a: Espathra\n|-damage|p1a: Espathra|80\/100\n|\n|-fieldend|move: Gravity\n|-ability|p1a: Espathra|Speed Boost|boost\n|-boost|p1a: Espathra|spe|1\n|upkeep\n|\n|t:|1683140045\n|switch|p1b: Iron Valiant|Iron Valiant, L50|100\/100\n|turn|6\n|\n|t:|1683140060\n|move|p1a: Espathra|Lumina Crash|p2b: Pointy Rock\n|-damage|p2b: Pointy Rock|31\/100\n|-unboost|p2b: Pointy Rock|spd|2\n|move|p1b: Iron Valiant|Moonblast|p2a: Garganacl\n|-damage|p2a: Garganacl|0 fnt\n|faint|p2a: Garganacl\n|move|p2b: Pointy Rock|Mortal Spin|p1b: Iron Valiant|[spread] p1a,p1b\n|-supereffective|p1b: Iron Valiant\n|-crit|p1b: Iron Valiant\n|-damage|p1a: Espathra|73\/100\n|-damage|p1b: Iron Valiant|84\/100\n|-status|p1b: Iron Valiant|psn\n|\n|-damage|p1b: Iron Valiant|72\/100 psn|[from] psn\n|-ability|p1a: Espathra|Speed Boost|boost\n|-boost|p1a: Espathra|spe|1\n|upkeep\n|\n|t:|1683140067\n|switch|p2a: Volcarona|Volcarona, L50, F|100\/100\n|turn|7\n|\n|t:|1683140088\n|move|p1a: Espathra|Lumina Crash|p2a: Volcarona\n|-damage|p2a: Volcarona|63\/100\n|-unboost|p2a: Volcarona|spd|2\n|move|p1b: Iron Valiant|Moonblast|p2b: Pointy Rock\n|-damage|p2b: Pointy Rock|0 fnt\n|faint|p2b: Pointy Rock\n|move|p2a: Volcarona|Bug Buzz|p1a: Espathra\n|-supereffective|p1a: Espathra\n|-damage|p1a: Espathra|0 fnt\n|faint|p1a: Espathra\n|\n|-damage|p1b: Iron Valiant|60\/100 psn|[from] psn\n|upkeep\n|\n|t:|1683140095\n|switch|p1a: Iron Bundle|Iron Bundle, L50|100\/100\n|turn|8\n|\n|t:|1683140105\n|move|p2a: Volcarona|Protect|p2a: Volcarona\n|-singleturn|p2a: Volcarona|Protect\n|move|p1a: Iron Bundle|Hydro Pump|p2a: Volcarona\n|-activate|p2a: Volcarona|move: Protect\n|move|p1b: Iron Valiant|Moonblast|p2a: Volcarona\n|-activate|p2a: Volcarona|move: Protect\n|\n|-damage|p1b: Iron Valiant|48\/100 psn|[from] psn\n|upkeep\n|turn|9\n|\n|t:|1683140114\n|move|p1a: Iron Bundle|Hydro Pump|p2a: Volcarona\n|-supereffective|p2a: Volcarona\n|-damage|p2a: Volcarona|0 fnt\n|faint|p2a: Volcarona\n|\n|win|WillieDangerously\n|raw|WillieDangerously's rating: 1151 → 1183<\/strong> (+32 for winning)\n|raw|scorpiopower's rating: 1255 → 1223<\/strong> (-32 for losing)\n|l|\u2606scorpiopower\n","uploadtime":1683140140,"views":12,"p1id":"williedangerously","p2id":"scorpiopower","formatid":"gen9vgc2023regulationc","rating":1183,"private":0,"password":""}