{"id":"gen9vgc2023regulationc-1863531717","p1":"coachbryan1.0","p2":"thrillcorner","format":"[Gen 9] VGC 2023 Regulation C","log":"|j|\u2606coachbryan1.0\n|j|\u2606thrillcorner\n|t:|1684030264\n|gametype|doubles\n|player|p1|coachbryan1.0|102|1355\n|player|p2|thrillcorner|red-masters2|1465\n|teamsize|p1|6\n|teamsize|p2|6\n|gen|9\n|tier|[Gen 9] VGC 2023 Regulation C\n|rated|\n|rule|Species Clause: Limit one of each Pok\u00e9mon\n|rule|Item Clause: Limit one of each item\n|clearpoke\n|poke|p1|Jumpluff, L50, F|\n|poke|p1|Torkoal, L50, F|\n|poke|p1|Great Tusk, L50|\n|poke|p1|Chien-Pao, L50|\n|poke|p1|Flutter Mane, L50|\n|poke|p1|Kingambit, L50, M|\n|poke|p2|Arcanine, L50, M|\n|poke|p2|Amoonguss, L50, M|\n|poke|p2|Flutter Mane, L50|\n|poke|p2|Kingambit, L50, M|\n|poke|p2|Iron Bundle, L50|\n|poke|p2|Baxcalibur, L50, M|\n|teampreview|4\nthrillcorner has agreed to open team sheets.\ncoachbryan1.0 has agreed to open team sheets.\n|\n|t:|1684030331\n|start\n|switch|p1a: Waves|Jumpluff, L50, F|100\/100\n|switch|p1b: Elevate|Torkoal, L50, F|100\/100\n|switch|p2a: Iron Bundle|Iron Bundle, L50|100\/100\n|switch|p2b: Spordyceps|Amoonguss, L50, M|100\/100\n|-weather|SunnyDay|[from] ability: Drought|[of] p1b: Elevate\n|-enditem|p2a: Iron Bundle|Booster Energy\n|-activate|p2a: Iron Bundle|ability: Quark Drive|[fromitem]\n|-start|p2a: Iron Bundle|quarkdrivespe\n|turn|1\n|\n|t:|1684030360\n|-end|p2a: Iron Bundle|Quark Drive|[silent]\n|switch|p2a: Ripley|Arcanine, L50, M|100\/100\n|-ability|p2a: Ripley|Intimidate|boost\n|-unboost|p1a: Waves|atk|1\n|-unboost|p1b: Elevate|atk|1\n|-enditem|p1b: Elevate|Eject Pack\n|\n|t:|1684030367\n|switch|p1b: Amazing|Chien-Pao, L50|100\/100\n|-ability|p1b: Amazing|Sword of Ruin\n|move|p1a: Waves|Leaf Storm|p2a: Ripley\n|-resisted|p2a: Ripley\n|-damage|p2a: Ripley|85\/100\n|-unboost|p1a: Waves|spa|2\n|move|p2b: Spordyceps|Spore|p1b: Amazing\n|-status|p1b: Amazing|slp|[from] move: Spore\n|\n|-weather|SunnyDay|[upkeep]\n|upkeep\n|turn|2\n|\n|t:|1684030395\n|cant|p1b: Amazing|slp\n|move|p1a: Waves|Encore|p2b: Spordyceps\n|-start|p2b: Spordyceps|Encore\n|move|p2a: Ripley|Flare Blitz|p1a: Waves\n|-supereffective|p1a: Waves\n|-damage|p1a: Waves|0 fnt\n|faint|p1a: Waves\n|-damage|p2a: Ripley|54\/100|[from] Recoil\n|move|p2b: Spordyceps|Spore|p1b: Amazing\n|-fail|p1b: Amazing|slp\n|\n|-weather|SunnyDay|[upkeep]\n|upkeep\n|\n|t:|1684030414\n|switch|p1a: Elevate|Torkoal, L50, F|100\/100\n|turn|3\n|\n|t:|1684030427\n|switch|p1b: Superstar|Great Tusk, L50|100\/100\n|-activate|p1b: Superstar|ability: Protosynthesis\n|-start|p1b: Superstar|protosynthesisatk\n|-terastallize|p2b: Spordyceps|Water\n|move|p2a: Ripley|Flare Blitz|p1b: Superstar\n|-damage|p1b: Superstar|52\/100\n|-damage|p2a: Ripley|39\/100|[from] Recoil\n|move|p2b: Spordyceps|Spore|p1a: Elevate\n|-status|p1a: Elevate|slp|[from] move: Spore\n|cant|p1a: Elevate|slp\n|\n|-weather|SunnyDay|[upkeep]\n|upkeep\n|turn|4\n|\n|t:|1684030450\n|move|p2a: Ripley|Protect|p2a: Ripley\n|-singleturn|p2a: Ripley|Protect\n|cant|p1a: Elevate|slp\n|move|p1b: Superstar|Rock Slide|p2a: Ripley|[spread] \n|-activate|p2a: Ripley|move: Protect\n|-miss|p1b: Superstar|p2b: Spordyceps\n|move|p2b: Spordyceps|Spore|p1b: Superstar\n|-status|p1b: Superstar|slp|[from] move: Spore\n|\n|-weather|SunnyDay|[upkeep]\n|-end|p2b: Spordyceps|Encore\n|upkeep\n|turn|5\n|\n|t:|1684030470\n|-end|p1b: Superstar|Protosynthesis|[silent]\n|switch|p1b: Amazing|Chien-Pao, L50|100\/100 slp\n|-ability|p1b: Amazing|Sword of Ruin\n|move|p2a: Ripley|Flare Blitz|p1a: Elevate\n|-resisted|p1a: Elevate\n|-damage|p1a: Elevate|69\/100 slp\n|-damage|p2a: Ripley|29\/100|[from] Recoil\n|move|p2b: Spordyceps|Pollen Puff|p2a: Ripley\n|-heal|p2a: Ripley|79\/100\n|-curestatus|p1a: Elevate|slp|[msg]\n|move|p1a: Elevate|Fissure|p2b: Spordyceps|[miss]\n|-miss|p1a: Elevate|p2b: Spordyceps\n|\n|-weather|none\n|upkeep\n|turn|6\n|\n|t:|1684030489\n|move|p1a: Elevate|Protect|p1a: Elevate\n|-singleturn|p1a: Elevate|Protect\n|-curestatus|p1b: Amazing|slp|[msg]\n|move|p1b: Amazing|Taunt|p2b: Spordyceps\n|-start|p2b: Spordyceps|move: Taunt\n|move|p2a: Ripley|Flare Blitz|p1b: Amazing\n|-supereffective|p1b: Amazing\n|-enditem|p1b: Amazing|Focus Sash\n|-damage|p1b: Amazing|1\/100\n|-damage|p2a: Ripley|53\/100|[from] Recoil\n|cant|p2b: Spordyceps|move: Taunt|Spore\n|\n|upkeep\n|turn|7\n|\n|t:|1684030538\n|switch|p1a: Superstar|Great Tusk, L50|52\/100 slp\n|move|p1b: Amazing|Protect|p1b: Amazing\n|-singleturn|p1b: Amazing|Protect\n|move|p2a: Ripley|Flare Blitz|p1b: Amazing\n|-activate|p1b: Amazing|move: Protect\n|move|p2b: Spordyceps|Pollen Puff|p2a: Ripley\n|-heal|p2a: Ripley|100\/100\n|\n|upkeep\n|turn|8\n|\n|t:|1684030591\n|switch|p1b: Elevate|Torkoal, L50, F|69\/100\n|-weather|SunnyDay|[from] ability: Drought|[of] p1b: Elevate\n|-activate|p1a: Superstar|ability: Protosynthesis\n|-start|p1a: Superstar|protosynthesisatk\n|cant|p1a: Superstar|slp\n|move|p2a: Ripley|Flare Blitz|p1a: Superstar\n|-damage|p1a: Superstar|0 fnt\n|faint|p1a: Superstar\n|-end|p1a: Superstar|Protosynthesis|[silent]\n|-damage|p2a: Ripley|84\/100|[from] Recoil\n|move|p2b: Spordyceps|Pollen Puff|p1b: Elevate\n|-resisted|p1b: Elevate\n|-damage|p1b: Elevate|57\/100\n|\n|-weather|SunnyDay|[upkeep]\n|-end|p2b: Spordyceps|move: Taunt\n|upkeep\n|\n|t:|1684030607\n|switch|p1a: Amazing|Chien-Pao, L50|1\/100\n|-ability|p1a: Amazing|Sword of Ruin\n|turn|9\n|\n|t:|1684030630\n|move|p2b: Spordyceps|Protect|p2b: Spordyceps\n|-singleturn|p2b: Spordyceps|Protect\n|move|p1a: Amazing|Sucker Punch|p2a: Ripley\n|-damage|p2a: Ripley|40\/100\n|move|p2a: Ripley|Flare Blitz|p1a: Amazing\n|-supereffective|p1a: Amazing\n|-damage|p1a: Amazing|0 fnt\n|faint|p1a: Amazing\n|-damage|p2a: Ripley|40\/100|[from] Recoil\n|move|p1b: Elevate|Fissure|p2b: Spordyceps\n|-activate|p2b: Spordyceps|move: Protect\n|\n|-weather|SunnyDay|[upkeep]\n|upkeep\n|turn|10\n|\n|t:|1684030649\n|move|p2a: Ripley|Howl|p2a: Ripley|[spread] p2a,p2b\n|-boost|p2a: Ripley|atk|1\n|-boost|p2b: Spordyceps|atk|1\n|move|p2b: Spordyceps|Spore|p1b: Elevate\n|-status|p1b: Elevate|slp|[from] move: Spore\n|cant|p1b: Elevate|slp\n|\n|-weather|SunnyDay|[upkeep]\n|upkeep\n|turn|11\n|c|\u2606thrillcorner|gg\n|c|\u2606coachbryan1.0|gg\n|-message|coachbryan1.0 forfeited.\n|\n|win|thrillcorner\n|raw|coachbryan1.0's rating: 1355 → 1341<\/strong> (-14 for losing)\n|raw|thrillcorner's rating: 1465 → 1479<\/strong> (+14 for winning)\n|l|\u2606coachbryan1.0\n","uploadtime":1684030664,"views":57,"p1id":"coachbryan10","p2id":"thrillcorner","formatid":"gen9vgc2023regulationc","rating":1341,"private":0,"password":""}