{"id":"gen9vgc2023regulationc-1849917622","p1":"riseofkingdomsadd","p2":"Ichiban0","format":"[Gen 9] VGC 2023 Regulation C","log":"|j|\u2606riseofkingdomsadd\n|j|\u2606Ichiban0\n|t:|1682267930\n|gametype|doubles\n|player|p1|riseofkingdomsadd|dragontamer|\n|player|p2|Ichiban0|1|\n|teamsize|p1|6\n|teamsize|p2|6\n|gen|9\n|tier|[Gen 9] VGC 2023 Regulation C\n|rule|Species Clause: Limit one of each Pok\u00e9mon\n|rule|Item Clause: Limit one of each item\n|clearpoke\n|poke|p1|Pachirisu, L50, F|\n|poke|p1|Armarouge, L50, M|\n|poke|p1|Indeedee, L50, M|\n|poke|p1|Ting-Lu, L50|\n|poke|p1|Baxcalibur, L50, F|\n|poke|p1|Kingambit, L50, F|\n|poke|p2|Palafin, L50, F|\n|poke|p2|Pawmot, L50, F|\n|poke|p2|Weavile, L50, F|\n|poke|p2|Gardevoir, L50, F|\n|poke|p2|Arcanine, L50, F|\n|poke|p2|Amoonguss, L50, F|\n|teampreview|4\n|c|\u2606riseofkingdomsadd|glhf\n|j| Jstardude\n|c|\u2606Ichiban0|you too\n|j| jayballester\n|\n|t:|1682267960\n|start\n|switch|p1a: Pachirisu|Pachirisu, L50, F|100\/100\n|switch|p1b: Armarouge|Armarouge, L50, M|100\/100\n|switch|p2a: Weavile|Weavile, L50, F|100\/100\n|switch|p2b: Amoonguss|Amoonguss, L50, F, shiny|100\/100\n|-ability|p2a: Weavile|Pressure\n|turn|1\n|j| F3athers\n|j| 12donau\n|c| 12donau|50\/50 on cheese or no cheese\n|\n|t:|1682268000\n|-terastallize|p1b: Armarouge|Grass\n|-terastallize|p2b: Amoonguss|Dark\n|move|p1a: Pachirisu|Follow Me|p1a: Pachirisu\n|-singleturn|p1a: Pachirisu|move: Follow Me\n|move|p2a: Weavile|Ice Spinner|p1a: Pachirisu\n|-damage|p1a: Pachirisu|48\/100\n|-damage|p2a: Weavile|84\/100|[from] item: Rocky Helmet|[of] p1a: Pachirisu\n|move|p1b: Armarouge|Flamethrower|p2a: Weavile\n|-supereffective|p2a: Weavile\n|-damage|p2a: Weavile|0 fnt\n|faint|p2a: Weavile\n|move|p2b: Amoonguss|Spore|p1a: Pachirisu\n|-status|p1a: Pachirisu|slp|[from] move: Spore\n|\n|upkeep\n|c|\u2606Ichiban0|i got butfucked holy\n|\n|t:|1682268027\n|switch|p2a: Pawmot|Pawmot, L50, F, shiny|100\/100\n|turn|2\n|c| 12donau|twice\n|c|\u2606riseofkingdomsadd|i shouldn\u2019t have terad tbh\n|c| 12donau|why\n|\n|t:|1682268042\n|move|p2a: Pawmot|Close Combat|p1b: Armarouge\n|-damage|p1b: Armarouge|19\/100\n|-unboost|p2a: Pawmot|def|1\n|-unboost|p2a: Pawmot|spd|1\n|-ability|p1b: Armarouge|Weak Armor|boost\n|-unboost|p1b: Armarouge|def|1\n|-boost|p1b: Armarouge|spe|2\n|move|p1b: Armarouge|Expanding Force|p2a: Pawmot\n|-supereffective|p2a: Pawmot\n|-damage|p2a: Pawmot|0 fnt\n|faint|p2a: Pawmot\n|cant|p1a: Pachirisu|slp\n|move|p2b: Amoonguss|Pollen Puff|p1b: Armarouge\n|-supereffective|p1b: Armarouge\n|-damage|p1b: Armarouge|0 fnt\n|faint|p1b: Armarouge\n|\n|upkeep\n|\n|t:|1682268061\n|switch|p2a: Arcanine|Arcanine, L50, F, shiny|100\/100\n|switch|p1b: Ting-Lu|Ting-Lu, L50|100\/100\n|-ability|p2a: Arcanine|Intimidate|boost\n|-unboost|p1a: Pachirisu|atk|1\n|-unboost|p1b: Ting-Lu|atk|1\n|-ability|p1b: Ting-Lu|Vessel of Ruin\n|turn|3\n|c| 12donau|i forget it gets that\n|\n|t:|1682268079\n|cant|p1a: Pachirisu|slp\n|move|p2a: Arcanine|Will-O-Wisp|p1b: Ting-Lu\n|-status|p1b: Ting-Lu|brn\n|move|p1b: Ting-Lu|Fissure|p2b: Amoonguss|[miss]\n|-miss|p1b: Ting-Lu|p2b: Amoonguss\n|move|p2b: Amoonguss|Spore||[still]\n|-fail|p2b: Amoonguss\n|\n|-damage|p1b: Ting-Lu|94\/100 brn|[from] brn\n|upkeep\n|turn|4\n|c| 12donau|bruh\n|\n|t:|1682268100\n|-curestatus|p1a: Pachirisu|slp|[msg]\n|move|p1a: Pachirisu|Nuzzle|p2a: Arcanine\n|-damage|p2a: Arcanine|97\/100\n|-status|p2a: Arcanine|par\n|-enditem|p2a: Arcanine|Red Card|[of] p1a: Pachirisu\n|drag|p1a: Indeedee|Indeedee, L50, M|100\/100\n|-fieldstart|move: Psychic Terrain|[from] ability: Psychic Surge|[of] p1a: Indeedee\n|move|p1b: Ting-Lu|Stomping Tantrum|p2a: Arcanine\n|-supereffective|p2a: Arcanine\n|-damage|p2a: Arcanine|57\/100 par\n|move|p2b: Amoonguss|Pollen Puff|p1b: Ting-Lu\n|-supereffective|p1b: Ting-Lu\n|-damage|p1b: Ting-Lu|83\/100 brn\n|move|p2a: Arcanine|Close Combat|p1b: Ting-Lu\n|-supereffective|p1b: Ting-Lu\n|-damage|p1b: Ting-Lu|42\/100 brn\n|-unboost|p2a: Arcanine|def|1\n|-unboost|p2a: Arcanine|spd|1\n|\n|-damage|p1b: Ting-Lu|36\/100 brn|[from] brn\n|upkeep\n|turn|5\n|c| jayballester|mf went double status\n|c| 12donau|not the offensive pollen puff\n|c| Jstardude|nah it was into pachi probably\n|\n|t:|1682268131\n|move|p1a: Indeedee|Psychic|p2a: Arcanine\n|-damage|p2a: Arcanine|0 fnt\n|faint|p2a: Arcanine\n|-damage|p1a: Indeedee|91\/100|[from] item: Life Orb\n|move|p1b: Ting-Lu|Fissure|p2b: Amoonguss|[miss]\n|-miss|p1b: Ting-Lu|p2b: Amoonguss\n|move|p2b: Amoonguss|Spore|p1a: Indeedee\n|-status|p1a: Indeedee|slp|[from] move: Spore\n|\n|-damage|p1b: Ting-Lu|30\/100 brn|[from] brn\n|upkeep\n|turn|6\n|c| 12donau|yeah but why not heal\n|c|\u2606Ichiban0|gg\n|c| jayballester|the susguy wins\n|c| jayballester|trust\n|c| 12donau|amoonguss sweep\n|c| 12donau|trust\n|\n|t:|1682268161\n|cant|p1a: Indeedee|slp\n|move|p1b: Ting-Lu|Ruination|p2b: Amoonguss|[miss]\n|-miss|p1b: Ting-Lu|p2b: Amoonguss\n|move|p2b: Amoonguss|Pollen Puff|p1b: Ting-Lu\n|-supereffective|p1b: Ting-Lu\n|-damage|p1b: Ting-Lu|17\/100 brn\n|\n|-damage|p1b: Ting-Lu|11\/100 brn|[from] brn\n|upkeep\n|turn|7\n|c| jayballester|just dodge all fissures\n|j| fatw\n|\n|t:|1682268175\n|cant|p1a: Indeedee|slp\n|move|p1b: Ting-Lu|Ruination|p2b: Amoonguss\n|-damage|p2b: Amoonguss|51\/100\n|move|p2b: Amoonguss|Pollen Puff|p1b: Ting-Lu\n|-supereffective|p1b: Ting-Lu\n|-damage|p1b: Ting-Lu|0 fnt\n|faint|p1b: Ting-Lu\n|\n|upkeep\n|\n|t:|1682268187\n|switch|p1b: Pachirisu|Pachirisu, L50, F|48\/100\n|turn|8\n|\n|t:|1682268194\n|-curestatus|p1a: Indeedee|slp|[msg]\n|move|p1a: Indeedee|Hyper Voice|p2b: Amoonguss\n|-damage|p2b: Amoonguss|11\/100\n|-enditem|p2b: Amoonguss|Sitrus Berry|[eat]\n|-heal|p2b: Amoonguss|35\/100|[from] item: Sitrus Berry\n|-damage|p1a: Indeedee|81\/100|[from] item: Life Orb\n|move|p1b: Pachirisu|U-turn|p2b: Amoonguss\n|-supereffective|p2b: Amoonguss\n|-damage|p2b: Amoonguss|19\/100\n|move|p2b: Amoonguss|Pollen Puff|p1b: Pachirisu\n|-damage|p1b: Pachirisu|27\/100\n|\n|-fieldend|move: Psychic Terrain\n|upkeep\n|turn|9\n|c| 12donau|ah too bad\n|c| jayballester|sad\n|\n|t:|1682268212\n|move|p1b: Pachirisu|Protect|p1b: Pachirisu\n|-singleturn|p1b: Pachirisu|Protect\n|move|p2b: Amoonguss|Protect|p2b: Amoonguss\n|-singleturn|p2b: Amoonguss|Protect\n|move|p1a: Indeedee|Hyper Voice|p2b: Amoonguss\n|-activate|p2b: Amoonguss|move: Protect\n|\n|upkeep\n|turn|10\n|c|\u2606Ichiban0|im never hearing the end of this\n|c| 12donau|im not gonna be the worst w1 loss\n|c| jayballester|not the turn stall again\n|\n|t:|1682268231\n|move|p1b: Pachirisu|Follow Me|p1b: Pachirisu\n|-singleturn|p1b: Pachirisu|move: Follow Me\n|move|p1a: Indeedee|Hyper Voice|p2b: Amoonguss\n|-damage|p2b: Amoonguss|0 fnt\n|faint|p2b: Amoonguss\n|-damage|p1a: Indeedee|72\/100|[from] item: Life Orb\n|\n|win|riseofkingdomsadd\n|c|\u2606riseofkingdomsadd|ggs\n|c|\u2606Ichiban0|ggs\n","uploadtime":1682268244,"views":7,"p1id":"riseofkingdomsadd","p2id":"ichiban0","formatid":"gen9vgc2023regulationc","rating":0,"private":0,"password":""}