{"id":"gen9vgc2023regulationc-1854704175","p1":"Matt142718","p2":"th3d3b","format":"[Gen 9] VGC 2023 Regulation C","log":"|j|\u2606Matt142718\n|j|\u2606th3d3b\n|t:|1682853627\n|gametype|doubles\n|player|p1|Matt142718|101|1356\n|player|p2|th3d3b|2|1258\n|teamsize|p1|6\n|teamsize|p2|6\n|gen|9\n|tier|[Gen 9] VGC 2023 Regulation C\n|rated|\n|rule|Species Clause: Limit one of each Pok\u00e9mon\n|rule|Item Clause: Limit one of each item\n|clearpoke\n|poke|p1|Roaring Moon, L50|\n|poke|p1|Flutter Mane, L50|\n|poke|p1|Torkoal, L50, M|\n|poke|p1|Amoonguss, L50, M|\n|poke|p1|Great Tusk, L50|\n|poke|p1|Lilligant, L50, F|\n|poke|p2|Ceruledge, L50, F|\n|poke|p2|Flutter Mane, L50|\n|poke|p2|Ting-Lu, L50|\n|poke|p2|Arcanine, L50, M|\n|poke|p2|Amoonguss, L50, M|\n|poke|p2|Talonflame, L50, F|\n|teampreview|4\nMatt142718 rejected open team sheets.\n|\n|t:|1682853703\n|start\n|switch|p1a: Great Tusk|Great Tusk, L50|100\/100\n|switch|p1b: Torkoal|Torkoal, L50, M|100\/100\n|switch|p2a: Talonflame|Talonflame, L50, F|100\/100\n|switch|p2b: Ceruledge|Ceruledge, L50, F|100\/100\n|-weather|SunnyDay|[from] ability: Drought|[of] p1b: Torkoal\n|-activate|p1a: Great Tusk|ability: Protosynthesis\n|-start|p1a: Great Tusk|protosynthesisatk\n|turn|1\n|\n|t:|1682853753\n|-terastallize|p2b: Ceruledge|Grass\n|move|p2a: Talonflame|Tailwind|p2a: Talonflame\n|-sidestart|p2: th3d3b|move: Tailwind\n|move|p2b: Ceruledge|Bitter Blade|p1a: Great Tusk\n|-damage|p1a: Great Tusk|52\/100\n|move|p1a: Great Tusk|Rock Slide|p2a: Talonflame|[spread] p2a,p2b\n|-supereffective|p2a: Talonflame\n|-damage|p2a: Talonflame|0 fnt\n|-damage|p2b: Ceruledge|74\/100\n|faint|p2a: Talonflame\n|move|p1b: Torkoal|Overheat|p2b: Ceruledge\n|-start|p2b: Ceruledge|ability: Flash Fire\n|\n|-weather|SunnyDay|[upkeep]\n|upkeep\n|inactive|Battle timer is ON: inactive players will automatically lose when time's up. (requested by th3d3b)\n|\n|t:|1682853766\n|switch|p2a: Arcanine|Arcanine, L50, M|100\/100\n|-ability|p2a: Arcanine|Intimidate|boost\n|-unboost|p1a: Great Tusk|atk|1\n|-unboost|p1b: Torkoal|atk|1\n|-enditem|p1b: Torkoal|Eject Pack\n|\n|t:|1682853779\n|switch|p1b: Lilligant|Lilligant, L50, F|100\/100\n|turn|2\n|inactive|Matt142718 has 30 seconds left.\n|\n|t:|1682853805\n|move|p1b: Lilligant|After You|p1a: Great Tusk\n|-activate|p1a: Great Tusk|move: After You\n|move|p1a: Great Tusk|Rock Slide|p2b: Ceruledge|[spread] p2a,p2b\n|-supereffective|p2a: Arcanine\n|-damage|p2a: Arcanine|65\/100\n|-damage|p2b: Ceruledge|55\/100\n|cant|p2a: Arcanine|flinch\n|move|p2b: Ceruledge|Bitter Blade|p1a: Great Tusk\n|-damage|p1a: Great Tusk|0 fnt\n|-heal|p2b: Ceruledge|83\/100|[from] drain|[of] p1a: Great Tusk\n|faint|p1a: Great Tusk\n|-end|p1a: Great Tusk|Protosynthesis|[silent]\n|\n|-weather|SunnyDay|[upkeep]\n|upkeep\n|\n|t:|1682853820\n|switch|p1a: Flutter Mane|Flutter Mane, L50|100\/100\n|-activate|p1a: Flutter Mane|ability: Protosynthesis\n|-start|p1a: Flutter Mane|protosynthesisspe\n|turn|3\n|\n|t:|1682853836\n|switch|p2a: Ting-Lu|Ting-Lu, L50|100\/100\n|-ability|p2a: Ting-Lu|Vessel of Ruin\n|move|p1b: Lilligant|Protect|p1b: Lilligant\n|-singleturn|p1b: Lilligant|Protect\n|move|p1a: Flutter Mane|Protect|p1a: Flutter Mane\n|-singleturn|p1a: Flutter Mane|Protect\n|move|p2b: Ceruledge|Shadow Sneak|p1a: Flutter Mane\n|-activate|p1a: Flutter Mane|move: Protect\n|\n|-weather|SunnyDay|[upkeep]\n|upkeep\n|turn|4\n|inactive|Matt142718 has 30 seconds left.\n|inactive|th3d3b has 30 seconds left.\n|inactive|th3d3b has 20 seconds left.\n|inactive|th3d3b has 15 seconds left.\n|\n|t:|1682853877\n|-end|p1a: Flutter Mane|Protosynthesis|[silent]\n|switch|p1a: Torkoal|Torkoal, L50, M|100\/100\n|move|p1b: Lilligant|Sleep Powder|p2a: Ting-Lu\n|-status|p2a: Ting-Lu|slp|[from] move: Sleep Powder\n|move|p2b: Ceruledge|Bitter Blade|p1b: Lilligant\n|-supereffective|p1b: Lilligant\n|-enditem|p1b: Lilligant|Focus Sash\n|-damage|p1b: Lilligant|1\/100\n|-heal|p2b: Ceruledge|100\/100|[from] drain|[of] p1b: Lilligant\n|cant|p2a: Ting-Lu|slp\n|\n|-weather|SunnyDay|[upkeep]\n|-sideend|p2: th3d3b|move: Tailwind\n|upkeep\n|turn|5\n|\n|t:|1682853896\n|-terastallize|p1a: Torkoal|Fire\n|move|p2b: Ceruledge|Shadow Sneak|p1b: Lilligant\n|-damage|p1b: Lilligant|0 fnt\n|faint|p1b: Lilligant\n|cant|p2a: Ting-Lu|slp\n|move|p1a: Torkoal|Eruption|p2a: Ting-Lu|[spread] p2a\n|-immune|p2b: Ceruledge|[from] ability: Flash Fire\n|-damage|p2a: Ting-Lu|69\/100 slp\n|\n|-weather|none\n|upkeep\n|-message|Matt142718 forfeited.\n|\n|win|th3d3b\n|raw|Matt142718's rating: 1356 → 1331<\/strong> (-25 for losing)\n|raw|th3d3b's rating: 1258 → 1290<\/strong> (+32 for winning)\n|l|\u2606Matt142718\n|c|\u2606th3d3b|gg\n","uploadtime":1682853924,"views":12,"p1id":"matt142718","p2id":"th3d3b","formatid":"gen9vgc2023regulationc","rating":1290,"private":0,"password":""}