{"id":"gen9vgc2023regulationc-1845579508","p1":"Shit tier pro","p2":"SakiVGC","format":"[Gen 9] VGC 2023 Regulation C","log":"|j|\u2606Shit tier pro\n|j|\u2606SakiVGC\n|t:|1681746673\n|gametype|doubles\n|player|p1|Shit tier pro|1|1101\n|player|p2|SakiVGC|rosa|1033\n|teamsize|p1|6\n|teamsize|p2|6\n|gen|9\n|tier|[Gen 9] VGC 2023 Regulation C\n|rated|\n|rule|Species Clause: Limit one of each Pok\u00e9mon\n|rule|Item Clause: Limit one of each item\n|clearpoke\n|poke|p1|Palafin, L50, F|\n|poke|p1|Tauros-Paldea-Blaze, L50, M|\n|poke|p1|Salamence, L50, M|\n|poke|p1|Grimmsnarl, L50, M|\n|poke|p1|Hatterene, L50, F|\n|poke|p1|Farigiraf, L50, F|\n|poke|p2|Gastrodon, L50, M|\n|poke|p2|Dragonite, L50, F|\n|poke|p2|Dondozo, L50, M|\n|poke|p2|Arcanine, L50, M|\n|poke|p2|Chien-Pao, L50|\n|poke|p2|Tatsugiri, L50, F|\n|teampreview|4\n|inactive|Battle timer is ON: inactive players will automatically lose when time's up. (requested by SakiVGC)\nSakiVGC has agreed to open team sheets.\n|inactive|SakiVGC has 60 seconds left.\nShit tier pro rejected open team sheets.\n|inactive|SakiVGC has 30 seconds left.\n|\n|t:|1681746741\n|start\n|switch|p1a: Grimmsnarl|Grimmsnarl, L50, M, shiny|100\/100\n|switch|p1b: Farigiraf|Farigiraf, L50, F|100\/100\n|switch|p2a: Arcanine|Arcanine, L50, M|100\/100\n|switch|p2b: Dondozo|Dondozo, L50, M|100\/100\n|-ability|p2a: Arcanine|Intimidate|boost\n|-unboost|p1a: Grimmsnarl|atk|1\n|-unboost|p1b: Farigiraf|atk|1\n|turn|1\n|\n|t:|1681746766\n|move|p2b: Dondozo|Protect|p2b: Dondozo\n|-singleturn|p2b: Dondozo|Protect\n|move|p1a: Grimmsnarl|Taunt|p2a: Arcanine\n|-start|p2a: Arcanine|move: Taunt\n|cant|p2a: Arcanine|move: Taunt|Will-O-Wisp\n|move|p1b: Farigiraf|Hyper Voice|p2b: Dondozo|[spread] p2a\n|-activate|p2b: Dondozo|move: Protect\n|-enditem|p1b: Farigiraf|Normal Gem|[from] gem\n|-damage|p2a: Arcanine|50\/100\n|\n|upkeep\n|turn|2\n|inactive|SakiVGC has 30 seconds left.\n|inactive|SakiVGC has 20 seconds left.\n|\n|t:|1681746805\n|switch|p2b: Dragonite|Dragonite, L50, F|100\/100\n|move|p1a: Grimmsnarl|Taunt|p2b: Dragonite\n|-start|p2b: Dragonite|move: Taunt\n|move|p2a: Arcanine|Snarl|p1a: Grimmsnarl|[spread] p1a,p1b\n|-resisted|p1a: Grimmsnarl\n|-crit|p1a: Grimmsnarl\n|-supereffective|p1b: Farigiraf\n|-damage|p1a: Grimmsnarl|98\/100\n|-damage|p1b: Farigiraf|80\/100\n|-unboost|p1b: Farigiraf|spa|1\n|move|p1b: Farigiraf|Hyper Voice|p2a: Arcanine|[spread] p2a,p2b\n|-damage|p2a: Arcanine|24\/100\n|-damage|p2b: Dragonite|77\/100\n|\n|upkeep\n|turn|3\n|c|\u2606SakiVGC|covert cloak grimmsnarl?\n|inactive|Shit tier pro has 30 seconds left.\n|inactive|SakiVGC has 30 seconds left.\n|inactive|Shit tier pro has 20 seconds left.\n|inactive|Shit tier pro has 15 seconds left.\n|\n|t:|1681746847\n|-terastallize|p2b: Dragonite|Normal\n|move|p2b: Dragonite|Extreme Speed||[still]\n|cant|p1b: Farigiraf|ability: Armor Tail|Extreme Speed|[of] p2b: Dragonite\n|move|p1a: Grimmsnarl|Parting Shot|p2b: Dragonite\n|-unboost|p2b: Dragonite|atk|1\n|-unboost|p2b: Dragonite|spa|1\n|\n|t:|1681746855\n|switch|p1a: Palafin|Palafin, L50, F|100\/100|[from] Parting Shot\n|move|p2a: Arcanine|Snarl|p1b: Farigiraf|[spread] p1a,p1b\n|-supereffective|p1b: Farigiraf\n|-damage|p1a: Palafin|87\/100\n|-damage|p1b: Farigiraf|59\/100\n|-unboost|p1a: Palafin|spa|1\n|-unboost|p1b: Farigiraf|spa|1\n|move|p1b: Farigiraf|Shadow Ball|p2a: Arcanine\n|-damage|p2a: Arcanine|10\/100\n|\n|-heal|p1a: Palafin|93\/100|[from] item: Leftovers\n|-end|p2a: Arcanine|move: Taunt\n|upkeep\n|turn|4\n|\n|t:|1681746868\n|switch|p2b: Gastrodon|Gastrodon, L50, M|100\/100\n|move|p1b: Farigiraf|Ally Switch|p1b: Farigiraf\n|swap|p1b: Farigiraf|0|[from] move: Ally Switch\n|move|p1b: Palafin|Jet Punch|p2b: Gastrodon\n|-activate|p2b: Gastrodon|ability: Storm Drain\n|-ability|p2b: Gastrodon|Storm Drain|boost\n|-boost|p2b: Gastrodon|spa|1\n|move|p2a: Arcanine|Wild Charge|p1a: Farigiraf\n|-damage|p1a: Farigiraf|33\/100\n|-damage|p2a: Arcanine|2\/100|[from] Recoil\n|\n|-heal|p1b: Palafin|99\/100|[from] item: Leftovers\n|upkeep\n|turn|5\n|inactive|SakiVGC has 30 seconds left.\n|\n|t:|1681746900\n|detailschange|p1b: Palafin|Palafin-Hero, L50, F\n|switch|p1b: Hatterene|Hatterene, L50, F|100\/100\n|move|p2a: Arcanine|Snarl|p1a: Farigiraf|[spread] p1a,p1b\n|-supereffective|p1a: Farigiraf\n|-damage|p1a: Farigiraf|15\/100\n|-damage|p1b: Hatterene|93\/100\n|-unboost|p1a: Farigiraf|spa|1\n|-unboost|p1b: Hatterene|spa|1\n|move|p1a: Farigiraf|Hyper Voice|p2b: Gastrodon|[spread] p2a,p2b\n|-damage|p2a: Arcanine|0 fnt\n|-damage|p2b: Gastrodon|90\/100\n|faint|p2a: Arcanine\n|move|p2b: Gastrodon|Earth Power|p1b: Hatterene\n|-damage|p1b: Hatterene|57\/100\n|-unboost|p1b: Hatterene|spd|1\n|\n|-heal|p2b: Gastrodon|96\/100|[from] item: Leftovers\n|upkeep\n|\n|t:|1681746910\n|switch|p2a: Dondozo|Dondozo, L50, M|100\/100\n|turn|6\n|inactive|Shit tier pro has 30 seconds left.\n|inactive|Shit tier pro has 20 seconds left.\n|\n|t:|1681746950\n|move|p1a: Farigiraf|Ally Switch|p1a: Farigiraf\n|swap|p1a: Farigiraf|1|[from] move: Ally Switch\n|move|p2a: Dondozo|Surf|p1b: Farigiraf|[spread] p1a,p1b\n|-ability|p2b: Gastrodon|Storm Drain|boost\n|-boost|p2b: Gastrodon|spa|1\n|-damage|p1a: Hatterene|37\/100\n|-damage|p1b: Farigiraf|0 fnt\n|-enditem|p1a: Hatterene|Sitrus Berry|[eat]\n|-heal|p1a: Hatterene|62\/100|[from] item: Sitrus Berry\n|faint|p1b: Farigiraf\n|move|p1a: Hatterene|Heal Pulse|null|[notarget]\n|-fail|p1a: Hatterene\n|move|p2b: Gastrodon|Earth Power|p1a: Hatterene\n|-damage|p1a: Hatterene|0 fnt\n|faint|p1a: Hatterene\n|\n|-heal|p2b: Gastrodon|100\/100|[from] item: Leftovers\n|upkeep\n|\n|t:|1681746956\n|switch|p1b: Palafin|Palafin-Hero, L50, F|99\/100\n|switch|p1a: Grimmsnarl|Grimmsnarl, L50, M, shiny|98\/100\n|-activate|p1b: Palafin|ability: Zero to Hero\n|turn|7\n|inactive|Shit tier pro has 30 seconds left.\n|\n|t:|1681746981\n|move|p2a: Dondozo|Protect|p2a: Dondozo\n|-singleturn|p2a: Dondozo|Protect\n|move|p2b: Gastrodon|Protect|p2b: Gastrodon\n|-singleturn|p2b: Gastrodon|Protect\n|move|p1a: Grimmsnarl|Fake Out|p2b: Gastrodon\n|-activate|p2b: Gastrodon|move: Protect\n|move|p1b: Palafin|Haze|p1b: Palafin\n|-clearallboost\n|\n|-heal|p1b: Palafin|100\/100|[from] item: Leftovers\n|upkeep\n|turn|8\n|inactive|Shit tier pro has 30 seconds left.\n|inactive|Shit tier pro has 20 seconds left.\n|\n|t:|1681747017\n|-terastallize|p1b: Palafin|Electric\n|move|p1b: Palafin|Tera Blast|p2a: Dondozo\n|-supereffective|p2a: Dondozo\n|-damage|p2a: Dondozo|28\/100\n|move|p1a: Grimmsnarl|Spirit Break|p2b: Gastrodon\n|-damage|p2b: Gastrodon|70\/100\n|-unboost|p2b: Gastrodon|spa|1\n|move|p2a: Dondozo|Surf|p1a: Grimmsnarl|[spread] p1a,p1b\n|-ability|p2b: Gastrodon|Storm Drain|boost\n|-boost|p2b: Gastrodon|spa|1\n|-damage|p1a: Grimmsnarl|77\/100\n|-damage|p1b: Palafin|77\/100\n|move|p2b: Gastrodon|Earth Power|p1b: Palafin\n|-supereffective|p1b: Palafin\n|-damage|p1b: Palafin|18\/100\n|\n|-heal|p1b: Palafin|24\/100|[from] item: Leftovers\n|-heal|p2b: Gastrodon|76\/100|[from] item: Leftovers\n|upkeep\n|turn|9\n|inactive|Shit tier pro has 30 seconds left.\n|inactive|SakiVGC has 30 seconds left.\n|inactive|Shit tier pro has 20 seconds left.\n|inactive|SakiVGC has 20 seconds left.\n|\n|t:|1681747059\n|move|p1b: Palafin|Close Combat|p2b: Gastrodon\n|-damage|p2b: Gastrodon|26\/100\n|-unboost|p1b: Palafin|def|1\n|-unboost|p1b: Palafin|spd|1\n|move|p1a: Grimmsnarl|Spirit Break|p2b: Gastrodon\n|-damage|p2b: Gastrodon|0 fnt\n|faint|p2b: Gastrodon\n|move|p2a: Dondozo|Rest|p2a: Dondozo\n|-status|p2a: Dondozo|slp|[from] move: Rest\n|-enditem|p2a: Dondozo|Lum Berry|[eat]\n|-curestatus|p2a: Dondozo|slp|[msg]\n|-heal|p2a: Dondozo|100\/100|[silent]\n|\n|-heal|p1b: Palafin|30\/100|[from] item: Leftovers\n|upkeep\n|\n|t:|1681747065\n|switch|p2b: Dragonite|Dragonite, L50, F, tera:Normal|77\/100\n|turn|10\n|\n|t:|1681747084\n|move|p2a: Dondozo|Protect|p2a: Dondozo\n|-singleturn|p2a: Dondozo|Protect\n|move|p2b: Dragonite|Extreme Speed|p1b: Palafin\n|-damage|p1b: Palafin|0 fnt\n|faint|p1b: Palafin\n|move|p1a: Grimmsnarl|Spirit Break|p2b: Dragonite\n|-damage|p2b: Dragonite|44\/100\n|-unboost|p2b: Dragonite|spa|1\n|\n|upkeep\n|turn|11\n|c|\u2606Shit tier pro|Gg\n|\n|t:|1681747098\n|move|p2b: Dragonite|Extreme Speed|p1a: Grimmsnarl\n|-damage|p1a: Grimmsnarl|2\/100\n|move|p1a: Grimmsnarl|Spirit Break|p2b: Dragonite\n|-damage|p2b: Dragonite|11\/100\n|-unboost|p2b: Dragonite|spa|1\n|move|p2a: Dondozo|Rest|p2a: Dondozo\n|-fail|p2a: Dondozo|heal\n|\n|upkeep\n|turn|12\n|\n|t:|1681747104\n|move|p2b: Dragonite|Extreme Speed|p1a: Grimmsnarl\n|-damage|p1a: Grimmsnarl|0 fnt\n|faint|p1a: Grimmsnarl\n|\n|win|SakiVGC\n|raw|Shit tier pro's rating: 1101 → 1071<\/strong> (-30 for losing)\n|raw|SakiVGC's rating: 1033 → 1075<\/strong> (+42 for winning)\n|l|\u2606Shit tier pro\n","uploadtime":1681747124,"views":12,"p1id":"shittierpro","p2id":"sakivgc","formatid":"gen9vgc2023regulationc","rating":1071,"private":0,"password":""}