{"id":"gen9vgc2023regulationc-1850093044","p1":"Kelenar","p2":"Esspecialy","format":"[Gen 9] VGC 2023 Regulation C","log":"|j|\u2606Kelenar\n|j|\u2606Esspecialy\n|t:|1682286427\n|gametype|doubles\n|player|p1|Kelenar|benga|1304\n|player|p2|Esspecialy|burglar|1338\n|teamsize|p1|6\n|teamsize|p2|4\n|gen|9\n|tier|[Gen 9] VGC 2023 Regulation C\n|rated|\n|rule|Species Clause: Limit one of each Pok\u00e9mon\n|rule|Item Clause: Limit one of each item\n|clearpoke\n|poke|p1|Wo-Chien, L50|\n|poke|p1|Arcanine, L50, M|\n|poke|p1|Gastrodon, L50, F|\n|poke|p1|Garganacl, L50, F|\n|poke|p1|Tyranitar, L50, M|\n|poke|p1|Grimmsnarl, L50, M|\n|poke|p2|Lumineon, L50, F|\n|poke|p2|Gogoat, L50, M|\n|poke|p2|Florges-Blue, L50, F|\n|poke|p2|Ceruledge, L50, F|\n|teampreview|4\n|inactive|Battle timer is ON: inactive players will automatically lose when time's up. (requested by Kelenar)\n|\n|t:|1682286463\n|start\n|switch|p1a: Garganacl|Garganacl, L50, F|100\/100\n|switch|p1b: Grimmsnarl|Grimmsnarl, L50, M|100\/100\n|switch|p2a: Lumineon|Lumineon, L50, F, shiny|100\/100\n|switch|p2b: Gogoat|Gogoat, L50, M, shiny|100\/100\n|turn|1\n|inactive|Kelenar has 30 seconds left.\n|\n|t:|1682286496\n|-terastallize|p1a: Garganacl|Ghost\n|move|p1b: Grimmsnarl|Reflect|p1b: Grimmsnarl\n|-sidestart|p1: Kelenar|Reflect\n|move|p2a: Lumineon|Soak|p1b: Grimmsnarl\n|-start|p1b: Grimmsnarl|typechange|Water\n|move|p2b: Gogoat|Bulk Up|p2b: Gogoat\n|-boost|p2b: Gogoat|atk|1\n|-boost|p2b: Gogoat|def|1\n|move|p1a: Garganacl|Salt Cure|p2a: Lumineon\n|-damage|p2a: Lumineon|85\/100\n|\n|upkeep\n|turn|2\n|inactive|Kelenar has 30 seconds left.\n|\n|t:|1682286522\n|move|p1b: Grimmsnarl|Parting Shot|p2b: Gogoat\n|-unboost|p2b: Gogoat|atk|1\n|-unboost|p2b: Gogoat|spa|1\n|\n|t:|1682286528\n|switch|p1b: Tyranitar|Tyranitar, L50, M|100\/100|[from] Parting Shot\n|-weather|Sandstorm|[from] ability: Sand Stream|[of] p1b: Tyranitar\n|move|p2a: Lumineon|Encore||[still]\n|-fail|p2a: Lumineon\n|move|p2b: Gogoat|Bulk Up|p2b: Gogoat\n|-boost|p2b: Gogoat|atk|1\n|-boost|p2b: Gogoat|def|1\n|move|p1a: Garganacl|Salt Cure|p2b: Gogoat\n|-damage|p2b: Gogoat|92\/100\n|-start|p2b: Gogoat|Salt Cure\n|\n|-weather|Sandstorm|[upkeep]\n|-damage|p2a: Lumineon|78\/100|[from] Sandstorm\n|-damage|p2b: Gogoat|86\/100|[from] Sandstorm\n|-damage|p1a: Garganacl|95\/100|[from] Sandstorm\n|-heal|p1a: Garganacl|100\/100|[from] item: Leftovers\n|-damage|p2b: Gogoat|74\/100|[from] Salt Cure\n|upkeep\n|turn|3\n|inactive|Kelenar has 30 seconds left.\n|\n|t:|1682286557\n|move|p2a: Lumineon|Encore|p1a: Garganacl\n|-start|p1a: Garganacl|Encore\n|move|p2b: Gogoat|Horn Leech|p1b: Tyranitar\n|-supereffective|p1b: Tyranitar\n|-damage|p1b: Tyranitar|42\/100\n|-heal|p2b: Gogoat|100\/100|[from] drain|[of] p1b: Tyranitar\n|move|p1b: Tyranitar|Rock Slide|p2b: Gogoat|[spread] p2a,p2b\n|-damage|p2a: Lumineon|39\/100\n|-damage|p2b: Gogoat|80\/100\n|move|p1a: Garganacl|Salt Cure|p2a: Lumineon\n|-damage|p2a: Lumineon|22\/100\n|\n|-weather|Sandstorm|[upkeep]\n|-damage|p2a: Lumineon|15\/100|[from] Sandstorm\n|-damage|p2b: Gogoat|74\/100|[from] Sandstorm\n|-damage|p1a: Garganacl|95\/100|[from] Sandstorm\n|-heal|p1a: Garganacl|100\/100|[from] item: Leftovers\n|-damage|p2b: Gogoat|62\/100|[from] Salt Cure\n|upkeep\n|turn|4\n|inactive|Kelenar has 30 seconds left.\n|\n|t:|1682286588\n|switch|p1b: Grimmsnarl|Grimmsnarl, L50, M|100\/100\n|move|p2b: Gogoat|Protect|p2b: Gogoat\n|-singleturn|p2b: Gogoat|Protect\n|move|p2a: Lumineon|Tailwind|p2a: Lumineon\n|-sidestart|p2: Esspecialy|move: Tailwind\n|move|p1a: Garganacl|Salt Cure|p2a: Lumineon\n|-damage|p2a: Lumineon|0 fnt\n|faint|p2a: Lumineon\n|\n|-weather|Sandstorm|[upkeep]\n|-damage|p2b: Gogoat|56\/100|[from] Sandstorm\n|-damage|p1b: Grimmsnarl|95\/100|[from] Sandstorm\n|-damage|p1a: Garganacl|95\/100|[from] Sandstorm\n|-heal|p1a: Garganacl|100\/100|[from] item: Leftovers\n|-damage|p2b: Gogoat|44\/100|[from] Salt Cure\n|upkeep\n|-enditem|p2b: Gogoat|Sitrus Berry|[eat]\n|-heal|p2b: Gogoat|69\/100|[from] item: Sitrus Berry\n|\n|t:|1682286592\n|switch|p2a: Florges|Florges-Blue, L50, F, shiny|100\/100\n|turn|5\n|inactive|Kelenar has 30 seconds left.\n|\n|t:|1682286617\n|move|p2b: Gogoat|Bulk Up|p2b: Gogoat\n|-boost|p2b: Gogoat|atk|1\n|-boost|p2b: Gogoat|def|1\n|move|p2a: Florges|Petal Blizzard|p1b: Grimmsnarl|[spread] p1a,p1b\n|-ability|p2b: Gogoat|Sap Sipper|boost\n|-boost|p2b: Gogoat|atk|1\n|-damage|p1a: Garganacl|97\/100\n|-damage|p1b: Grimmsnarl|89\/100\n|move|p1b: Grimmsnarl|Spirit Break|p2b: Gogoat\n|-damage|p2b: Gogoat|53\/100\n|-unboost|p2b: Gogoat|spa|1\n|move|p1a: Garganacl|Salt Cure|p2a: Florges\n|-damage|p2a: Florges|88\/100\n|-start|p2a: Florges|Salt Cure\n|\n|-weather|Sandstorm|[upkeep]\n|-damage|p2b: Gogoat|47\/100|[from] Sandstorm\n|-damage|p2a: Florges|82\/100|[from] Sandstorm\n|-damage|p1b: Grimmsnarl|83\/100|[from] Sandstorm\n|-damage|p1a: Garganacl|91\/100|[from] Sandstorm\n|-heal|p2a: Florges|88\/100|[from] item: Leftovers\n|-heal|p1a: Garganacl|97\/100|[from] item: Leftovers\n|-damage|p2b: Gogoat|35\/100|[from] Salt Cure\n|-damage|p2a: Florges|75\/100|[from] Salt Cure\n|-end|p1a: Garganacl|Encore\n|upkeep\n|turn|6\n|inactive|Kelenar has 30 seconds left.\n|inactive|Esspecialy has 30 seconds left.\n|\n|t:|1682286652\n|move|p2b: Gogoat|Horn Leech|p1a: Garganacl\n|-damage|p1a: Garganacl|58\/100\n|-heal|p2b: Gogoat|53\/100|[from] drain|[of] p1a: Garganacl\n|move|p2a: Florges|Petal Blizzard|p1b: Grimmsnarl|[spread] p1a,p1b\n|-ability|p2b: Gogoat|Sap Sipper|boost\n|-boost|p2b: Gogoat|atk|1\n|-damage|p1a: Garganacl|54\/100\n|-damage|p1b: Grimmsnarl|78\/100\n|move|p1b: Grimmsnarl|Spirit Break|p2b: Gogoat\n|-damage|p2b: Gogoat|39\/100\n|-unboost|p2b: Gogoat|spa|1\n|move|p1a: Garganacl|Salt Cure|p2b: Gogoat\n|-damage|p2b: Gogoat|32\/100\n|\n|-weather|none\n|-heal|p2a: Florges|81\/100|[from] item: Leftovers\n|-heal|p1a: Garganacl|59\/100|[from] item: Leftovers\n|-damage|p2b: Gogoat|20\/100|[from] Salt Cure\n|-damage|p2a: Florges|69\/100|[from] Salt Cure\n|upkeep\n|turn|7\n|\n|t:|1682286676\n|move|p1a: Garganacl|Protect|p1a: Garganacl\n|-singleturn|p1a: Garganacl|Protect\n|move|p1b: Grimmsnarl|Parting Shot|p2b: Gogoat\n|-unboost|p2b: Gogoat|atk|1\n|-unboost|p2b: Gogoat|spa|1\n|\n|t:|1682286681\n|switch|p1b: Tyranitar|Tyranitar, L50, M|42\/100|[from] Parting Shot\n|-weather|Sandstorm|[from] ability: Sand Stream|[of] p1b: Tyranitar\n|move|p2b: Gogoat|Horn Leech|p1b: Tyranitar\n|-supereffective|p1b: Tyranitar\n|-damage|p1b: Tyranitar|0 fnt\n|-heal|p2b: Gogoat|40\/100|[from] drain|[of] p1b: Tyranitar\n|faint|p1b: Tyranitar\n|move|p2a: Florges|Pollen Puff|p2b: Gogoat\n|-heal|p2b: Gogoat|90\/100\n|\n|-weather|Sandstorm|[upkeep]\n|-damage|p2b: Gogoat|84\/100|[from] Sandstorm\n|-damage|p2a: Florges|63\/100|[from] Sandstorm\n|-damage|p1a: Garganacl|54\/100|[from] Sandstorm\n|-heal|p2a: Florges|69\/100|[from] item: Leftovers\n|-heal|p1a: Garganacl|59\/100|[from] item: Leftovers\n|-damage|p2b: Gogoat|72\/100|[from] Salt Cure\n|-damage|p2a: Florges|56\/100|[from] Salt Cure\n|-sideend|p2: Esspecialy|move: Tailwind\n|upkeep\n|\n|t:|1682286701\n|switch|p1b: Gastrodon|Gastrodon, L50, F|100\/100\n|turn|8\n|\n|t:|1682286720\n|move|p2b: Gogoat|Horn Leech|p1a: Garganacl\n|-damage|p1a: Garganacl|18\/100\n|-heal|p2b: Gogoat|92\/100|[from] drain|[of] p1a: Garganacl\n|move|p2a: Florges|Petal Blizzard|p1a: Garganacl|[spread] p1a,p1b\n|-ability|p2b: Gogoat|Sap Sipper|boost\n|-boost|p2b: Gogoat|atk|1\n|-supereffective|p1b: Gastrodon\n|-damage|p1a: Garganacl|15\/100\n|-damage|p1b: Gastrodon|76\/100\n|move|p1b: Gastrodon|Yawn|p2b: Gogoat\n|-start|p2b: Gogoat|move: Yawn|[of] p1b: Gastrodon\n|move|p1a: Garganacl|Recover|p1a: Garganacl\n|-heal|p1a: Garganacl|65\/100\n|\n|-weather|Sandstorm|[upkeep]\n|-damage|p2b: Gogoat|86\/100|[from] Sandstorm\n|-damage|p2a: Florges|50\/100|[from] Sandstorm\n|-damage|p1a: Garganacl|59\/100|[from] Sandstorm\n|-heal|p2a: Florges|56\/100|[from] item: Leftovers\n|-heal|p1a: Garganacl|65\/100|[from] item: Leftovers\n|-damage|p2b: Gogoat|73\/100|[from] Salt Cure\n|-damage|p2a: Florges|44\/100|[from] Salt Cure\n|-sideend|p1: Kelenar|Reflect\n|upkeep\n|turn|9\n|inactive|Esspecialy has 30 seconds left.\n|\n|t:|1682286746\n|switch|p1b: Grimmsnarl|Grimmsnarl, L50, M|78\/100\n|move|p1a: Garganacl|Protect|p1a: Garganacl\n|-singleturn|p1a: Garganacl|Protect\n|move|p2b: Gogoat|Horn Leech|p1b: Grimmsnarl\n|-damage|p1b: Grimmsnarl|0 fnt\n|-heal|p2b: Gogoat|100\/100|[from] drain|[of] p1b: Grimmsnarl\n|faint|p1b: Grimmsnarl\n|move|p2a: Florges|Pollen Puff|p2b: Gogoat\n|-immune|p2b: Gogoat\n|\n|-weather|Sandstorm|[upkeep]\n|-damage|p2b: Gogoat|94\/100|[from] Sandstorm\n|-damage|p2a: Florges|38\/100|[from] Sandstorm\n|-damage|p1a: Garganacl|59\/100|[from] Sandstorm\n|-heal|p2a: Florges|44\/100|[from] item: Leftovers\n|-heal|p1a: Garganacl|65\/100|[from] item: Leftovers\n|-damage|p2b: Gogoat|82\/100|[from] Salt Cure\n|-damage|p2a: Florges|31\/100|[from] Salt Cure\n|-end|p2b: Gogoat|move: Yawn|[silent]\n|-status|p2b: Gogoat|slp\n|upkeep\n|\n|t:|1682286765\n|switch|p1b: Gastrodon|Gastrodon, L50, F|76\/100\n|turn|10\n|\n|t:|1682286777\n|cant|p2b: Gogoat|slp\n|move|p2a: Florges|Pollen Puff|p2b: Gogoat\n|-heal|p2b: Gogoat|100\/100 slp\n|move|p1b: Gastrodon|Muddy Water|p2a: Florges|[spread] p2a,p2b\n|-resisted|p2b: Gogoat\n|-damage|p2a: Florges|13\/100\n|-damage|p2b: Gogoat|87\/100 slp\n|-unboost|p2a: Florges|accuracy|1\n|move|p1a: Garganacl|Recover|p1a: Garganacl\n|-heal|p1a: Garganacl|100\/100\n|\n|-weather|Sandstorm|[upkeep]\n|-damage|p2b: Gogoat|81\/100 slp|[from] Sandstorm\n|-damage|p2a: Florges|8\/100|[from] Sandstorm\n|-damage|p1a: Garganacl|95\/100|[from] Sandstorm\n|-heal|p2a: Florges|13\/100|[from] item: Leftovers\n|-heal|p1a: Garganacl|100\/100|[from] item: Leftovers\n|-damage|p2b: Gogoat|69\/100 slp|[from] Salt Cure\n|-damage|p2a: Florges|1\/100|[from] Salt Cure\n|upkeep\n|turn|11\n|inactive|Kelenar has 30 seconds left.\n|\n|t:|1682286805\n|-curestatus|p2b: Gogoat|slp|[msg]\n|move|p2b: Gogoat|Horn Leech|p1b: Gastrodon\n|-supereffective|p1b: Gastrodon\n|-damage|p1b: Gastrodon|0 fnt\n|-heal|p2b: Gogoat|100\/100|[from] drain|[of] p1b: Gastrodon\n|faint|p1b: Gastrodon\n|move|p2a: Florges|Pollen Puff|p2b: Gogoat\n|-immune|p2b: Gogoat\n|move|p1a: Garganacl|Salt Cure|p2b: Gogoat\n|-damage|p2b: Gogoat|93\/100\n|\n|-weather|none\n|-heal|p2a: Florges|7\/100|[from] item: Leftovers\n|-damage|p2b: Gogoat|81\/100|[from] Salt Cure\n|-damage|p2a: Florges|0 fnt|[from] Salt Cure\n|faint|p2a: Florges\n|upkeep\n|\n|t:|1682286809\n|switch|p2a: Ceruledge|Ceruledge, L50, F|100\/100\n|turn|12\n|\n|t:|1682286824\n|move|p2a: Ceruledge|Swords Dance|p2a: Ceruledge\n|-boost|p2a: Ceruledge|atk|2\n|move|p2b: Gogoat|Horn Leech|p1a: Garganacl\n|-damage|p1a: Garganacl|25\/100\n|-heal|p2b: Gogoat|100\/100|[from] drain|[of] p1a: Garganacl\n|move|p1a: Garganacl|Salt Cure|p2a: Ceruledge\n|-supereffective|p2a: Ceruledge\n|-damage|p2a: Ceruledge|63\/100\n|-start|p2a: Ceruledge|Salt Cure\n|\n|-heal|p1a: Garganacl|30\/100|[from] item: Leftovers\n|-damage|p2a: Ceruledge|51\/100|[from] Salt Cure\n|-damage|p2b: Gogoat|88\/100|[from] Salt Cure\n|upkeep\n|turn|13\n|-message|Kelenar forfeited.\n|\n|win|Esspecialy\n|raw|Kelenar's rating: 1304 → 1286<\/strong> (-18 for losing)\n|raw|Esspecialy's rating: 1338 → 1356<\/strong> (+18 for winning)\n|l|\u2606Kelenar\n","uploadtime":1682286838,"views":6,"p1id":"kelenar","p2id":"esspecialy","formatid":"gen9vgc2023regulationc","rating":1286,"private":0,"password":""}