{"id":"gen9vgc2023regulationc-1854383008","p1":"ChorusFruitFarmer","p2":"Abugbog","format":"[Gen 9] VGC 2023 Regulation C","log":"|j|\u2606ChorusFruitFarmer\n|j|\u2606Abugbog\n|t:|1682804009\n|gametype|doubles\n|player|p1|ChorusFruitFarmer|penny|1118\n|player|p2|Abugbog|266|1211\n|teamsize|p1|6\n|teamsize|p2|6\n|gen|9\n|tier|[Gen 9] VGC 2023 Regulation C\n|rated|\n|rule|Species Clause: Limit one of each Pok\u00e9mon\n|rule|Item Clause: Limit one of each item\n|clearpoke\n|poke|p1|Roaring Moon, L50|\n|poke|p1|Kilowattrel, L50, F|\n|poke|p1|Amoonguss, L50, F|\n|poke|p1|Arcanine, L50, F|\n|poke|p1|Iron Hands, L50|\n|poke|p1|Clawitzer, L50, F|\n|poke|p2|Chien-Pao, L50|\n|poke|p2|Dragonite, L50, M|\n|poke|p2|Drednaw, L50, M|\n|poke|p2|Pelipper, L50, M|\n|poke|p2|Dondozo, L50, M|\n|poke|p2|Tatsugiri-Droopy, L50, M|\n|teampreview|4\n|inactive|Battle timer is ON: inactive players will automatically lose when time's up. (requested by ChorusFruitFarmer)\n|c|\u2606ChorusFruitFarmer|Good luck, have fun.\nChorusFruitFarmer rejected open team sheets.\n|inactive|Abugbog has 60 seconds left.\n|\n|t:|1682804051\n|start\n|switch|p1a: Goose|Kilowattrel, L50, F, shiny|100\/100\n|switch|p1b: Clap These Cheeks|Iron Hands, L50|100\/100\n|switch|p2a: Drednaw|Drednaw, L50, M, shiny|100\/100\n|switch|p2b: Pelipper|Pelipper, L50, M|100\/100\n|-weather|RainDance|[from] ability: Drizzle|[of] p2b: Pelipper\n|turn|1\n|inactive|Abugbog has 30 seconds left.\n|\n|t:|1682804082\n|move|p2a: Drednaw|Protect|p2a: Drednaw\n|-singleturn|p2a: Drednaw|Protect\n|move|p1b: Clap These Cheeks|Fake Out|p2a: Drednaw\n|-activate|p2a: Drednaw|move: Protect\n|move|p1a: Goose|Discharge|p2b: Pelipper|[spread] p1b,p2b\n|-activate|p2a: Drednaw|move: Protect\n|-resisted|p1b: Clap These Cheeks\n|-supereffective|p2b: Pelipper\n|-damage|p1b: Clap These Cheeks|89\/100\n|-damage|p2b: Pelipper|0 fnt\n|faint|p2b: Pelipper\n|-damage|p1a: Goose|91\/100|[from] item: Life Orb\n|\n|-weather|RainDance|[upkeep]\n|upkeep\n|\n|t:|1682804104\n|switch|p2b: Dondozo|Dondozo, L50, M|100\/100\n|turn|2\n|\n|t:|1682804129\n|switch|p2a: Tatsugiri|Tatsugiri-Droopy, L50, M|100\/100\n|-activate|p2a: Tatsugiri|ability: Commander|[of] p2b: Dondozo\n|-boost|p2b: Dondozo|atk|2\n|-boost|p2b: Dondozo|spa|2\n|-boost|p2b: Dondozo|spe|2\n|-boost|p2b: Dondozo|def|2\n|-boost|p2b: Dondozo|spd|2\n|-terastallize|p2b: Dondozo|Steel\n|move|p1a: Goose|Discharge|p2a: Tatsugiri|[spread] p1b,p2b\n|-miss|p1a: Goose|p2a: Tatsugiri\n|-resisted|p1b: Clap These Cheeks\n|-damage|p1b: Clap These Cheeks|79\/100\n|-damage|p2b: Dondozo|81\/100\n|-status|p2b: Dondozo|par\n|-damage|p1a: Goose|82\/100|[from] item: Life Orb\n|move|p2b: Dondozo|Order Up|p1a: Goose\n|-damage|p1a: Goose|3\/100\n|-boost|p2b: Dondozo|def|1\n|move|p1b: Clap These Cheeks|Drain Punch|p2b: Dondozo\n|-supereffective|p2b: Dondozo\n|-damage|p2b: Dondozo|56\/100 par\n|-heal|p1b: Clap These Cheeks|92\/100|[from] drain|[of] p2b: Dondozo\n|\n|-weather|RainDance|[upkeep]\n|-heal|p2b: Dondozo|62\/100 par|[from] item: Leftovers\n|upkeep\n|turn|3\n|inactive|Abugbog has 30 seconds left.\n|\n|t:|1682804157\n|move|p1a: Goose|Discharge|p2b: Dondozo|[spread] p1b,p2b\n|-miss|p1a: Goose|p2a: Tatsugiri\n|-resisted|p1b: Clap These Cheeks\n|-damage|p1b: Clap These Cheeks|80\/100\n|-damage|p2b: Dondozo|44\/100 par\n|-damage|p1a: Goose|0 fnt|[from] item: Life Orb\n|faint|p1a: Goose\n|move|p2b: Dondozo|Earthquake|p1b: Clap These Cheeks|[spread] p1b\n|-miss|p2b: Dondozo|p2a: Tatsugiri\n|-supereffective|p1b: Clap These Cheeks\n|-damage|p1b: Clap These Cheeks|24\/100\n|move|p1b: Clap These Cheeks|Drain Punch|p2b: Dondozo\n|-supereffective|p2b: Dondozo\n|-damage|p2b: Dondozo|20\/100 par\n|-heal|p1b: Clap These Cheeks|36\/100|[from] drain|[of] p2b: Dondozo\n|\n|-weather|RainDance|[upkeep]\n|-heal|p2b: Dondozo|27\/100 par|[from] item: Leftovers\n|upkeep\n|\n|t:|1682804166\n|switch|p1a: Rock Lobster!|Clawitzer, L50, F, shiny|100\/100\n|turn|4\n|\n|t:|1682804179\n|-end|p1b: Clap These Cheeks|Quark Drive|[silent]\n|switch|p1b: AmberGoop|Amoonguss, L50, F, shiny|100\/100\n|move|p1a: Rock Lobster!|Muddy Water|p2a: Tatsugiri|[spread] \n|-miss|p1a: Rock Lobster!|p2a: Tatsugiri\n|-miss|p1a: Rock Lobster!|p2b: Dondozo\n|move|p2b: Dondozo|Earthquake|p1b: AmberGoop|[spread] p1a,p1b\n|-miss|p2b: Dondozo|p2a: Tatsugiri\n|-crit|p1a: Rock Lobster!\n|-damage|p1a: Rock Lobster!|30\/100\n|-damage|p1b: AmberGoop|64\/100\n|\n|-weather|RainDance|[upkeep]\n|-heal|p2b: Dondozo|33\/100 par|[from] item: Leftovers\n|upkeep\n|turn|5\n|\n|t:|1682804196\n|move|p1a: Rock Lobster!|Muddy Water|p2a: Tatsugiri|[spread] p2b\n|-miss|p1a: Rock Lobster!|p2a: Tatsugiri\n|-damage|p2b: Dondozo|0 fnt\n|faint|p2b: Dondozo\n|move|p1b: AmberGoop|Pollen Puff|p1a: Rock Lobster!\n|-heal|p1a: Rock Lobster!|79\/100\n|\n|-weather|RainDance|[upkeep]\n|upkeep\n|\n|t:|1682804206\n|switch|p2b: Drednaw|Drednaw, L50, M, shiny|100\/100\n|turn|6\n|inactive|Abugbog has 30 seconds left.\n|\n|t:|1682804234\n|move|p2b: Drednaw|Rock Slide|p1a: Rock Lobster!|[spread] p1a,p1b\n|-crit|p1b: AmberGoop\n|-damage|p1a: Rock Lobster!|36\/100\n|-damage|p1b: AmberGoop|17\/100\n|-damage|p2b: Drednaw|91\/100|[from] item: Life Orb\n|move|p2a: Tatsugiri|Dragon Pulse|p1a: Rock Lobster!\n|-damage|p1a: Rock Lobster!|0 fnt\n|faint|p1a: Rock Lobster!\n|move|p1b: AmberGoop|Spore|p2b: Drednaw\n|-status|p2b: Drednaw|slp|[from] move: Spore\n|\n|-weather|RainDance|[upkeep]\n|upkeep\n|\n|t:|1682804242\n|switch|p1a: Clap These Cheeks|Iron Hands, L50|36\/100\n|turn|7\n|\n|t:|1682804259\n|-terastallize|p1a: Clap These Cheeks|Grass\n|cant|p2b: Drednaw|slp\n|move|p2a: Tatsugiri|Dragon Pulse|p1a: Clap These Cheeks\n|-damage|p1a: Clap These Cheeks|9\/100\n|move|p1a: Clap These Cheeks|Drain Punch|p2b: Drednaw\n|-supereffective|p2b: Drednaw\n|-damage|p2b: Drednaw|0 fnt\n|-heal|p1a: Clap These Cheeks|40\/100|[from] drain|[of] p2b: Drednaw\n|faint|p2b: Drednaw\n|move|p1b: AmberGoop|Pollen Puff|p1a: Clap These Cheeks\n|-heal|p1a: Clap These Cheeks|90\/100\n|\n|-weather|RainDance|[upkeep]\n|upkeep\n|turn|8\n|c|\u2606ChorusFruitFarmer|G.g.w.p.\n|-message|Abugbog forfeited.\n|\n|win|ChorusFruitFarmer\n|raw|ChorusFruitFarmer's rating: 1118 → 1150<\/strong> (+32 for winning)\n|raw|Abugbog's rating: 1211 → 1179<\/strong> (-32 for losing)\n|l|\u2606Abugbog\n","uploadtime":1682804293,"views":18,"p1id":"chorusfruitfarmer","p2id":"abugbog","formatid":"gen9vgc2023regulationc","rating":1150,"private":0,"password":""}