{"id":"gen9vgc2023regulationc-1861495187","p1":"silralisk","p2":"AllCuzOfHax","format":"[Gen 9] VGC 2023 Regulation C","log":"|j|\u2606silralisk\n|j|\u2606AllCuzOfHax\n|t:|1683764900\n|gametype|doubles\n|player|p1|silralisk|2|1350\n|player|p2|AllCuzOfHax|cynthia-masters3|1320\n|teamsize|p1|6\n|teamsize|p2|6\n|gen|9\n|tier|[Gen 9] VGC 2023 Regulation C\n|rated|\n|rule|Species Clause: Limit one of each Pok\u00e9mon\n|rule|Item Clause: Limit one of each item\n|clearpoke\n|poke|p1|Wo-Chien, L50|\n|poke|p1|Grimmsnarl, L50, M|\n|poke|p1|Gholdengo, L50|\n|poke|p1|Arcanine, L50, M|\n|poke|p1|Chien-Pao, L50|\n|poke|p1|Iron Bundle, L50|\n|poke|p2|Ting-Lu, L50|\n|poke|p2|Wo-Chien, L50|\n|poke|p2|Arcanine, L50, M|\n|poke|p2|Gyarados, L50, M|\n|poke|p2|Glimmora, L50, F|\n|poke|p2|Gothitelle, L50, M|\n|teampreview|4\n|inactive|Battle timer is ON: inactive players will automatically lose when time's up. (requested by silralisk)\n|inactive|silralisk has 60 seconds left.\n|inactive|AllCuzOfHax has 60 seconds left.\n|\n|t:|1683764955\n|start\n|switch|p1a: Grimmsnarl|Grimmsnarl, L50, M|100\/100\n|switch|p1b: Wo-Chien|Wo-Chien, L50|100\/100\n|switch|p2a: Gothitelle|Gothitelle, L50, M|100\/100\n|switch|p2b: Ting-Lu|Ting-Lu, L50|100\/100\n|-ability|p1b: Wo-Chien|Tablets of Ruin\n|-ability|p2b: Ting-Lu|Vessel of Ruin\n|turn|1\n|inactive|silralisk has 30 seconds left.\n|\n|t:|1683764988\n|move|p2a: Gothitelle|Fake Out|p1b: Wo-Chien\n|-damage|p1b: Wo-Chien|96\/100\n|move|p1a: Grimmsnarl|Fake Out|p2a: Gothitelle\n|-damage|p2a: Gothitelle|90\/100\n|cant|p1b: Wo-Chien|flinch\n|move|p2b: Ting-Lu|Snarl|p1a: Grimmsnarl|[spread] p1a,p1b\n|-resisted|p1a: Grimmsnarl\n|-resisted|p1b: Wo-Chien\n|-crit|p1b: Wo-Chien\n|-damage|p1a: Grimmsnarl|99\/100\n|-damage|p1b: Wo-Chien|93\/100\n|-unboost|p1a: Grimmsnarl|spa|1\n|-unboost|p1b: Wo-Chien|spa|1\n|\n|-heal|p2a: Gothitelle|96\/100|[from] item: Leftovers\n|upkeep\n|turn|2\n|inactive|silralisk has 30 seconds left.\n|\n|t:|1683765021\n|switch|p2b: Wo-Chien|Wo-Chien, L50|100\/100\n|-ability|p2b: Wo-Chien|Tablets of Ruin\n|move|p2a: Gothitelle|Protect|p2a: Gothitelle\n|-singleturn|p2a: Gothitelle|Protect\n|move|p1a: Grimmsnarl|Fake Tears|p2a: Gothitelle\n|-activate|p2a: Gothitelle|move: Protect\n|move|p1b: Wo-Chien|Dark Pulse|p2a: Gothitelle\n|-activate|p2a: Gothitelle|move: Protect\n|\n|-heal|p2a: Gothitelle|100\/100|[from] item: Leftovers\n|upkeep\n|turn|3\n|inactive|silralisk has 30 seconds left.\n|\n|t:|1683765047\n|switch|p2a: Ting-Lu|Ting-Lu, L50|100\/100\n|-ability|p2a: Ting-Lu|Vessel of Ruin\n|move|p1a: Grimmsnarl|Fake Tears|p2a: Ting-Lu\n|-hint|Since gen 7, Dark is immune to Prankster moves.\n|-immune|p2a: Ting-Lu\n|move|p1b: Wo-Chien|Ruination|p2b: Wo-Chien\n|-damage|p2b: Wo-Chien|50\/100\n|move|p2b: Wo-Chien|Leech Seed|p1a: Grimmsnarl\n|-start|p1a: Grimmsnarl|move: Leech Seed\n|\n|-damage|p1a: Grimmsnarl|86\/100|[from] Leech Seed|[of] p2b: Wo-Chien\n|-heal|p2b: Wo-Chien|67\/100|[silent]\n|upkeep\n|turn|4\n|inactive|AllCuzOfHax has 30 seconds left.\n|\n|t:|1683765081\n|switch|p1a: Gholdengo|Gholdengo, L50|100\/100\n|move|p2b: Wo-Chien|Protect|p2b: Wo-Chien\n|-singleturn|p2b: Wo-Chien|Protect\n|move|p1b: Wo-Chien|Ruination|p2a: Ting-Lu|[miss]\n|-miss|p1b: Wo-Chien|p2a: Ting-Lu\n|move|p2a: Ting-Lu|Snarl|p1b: Wo-Chien|[spread] p1a,p1b\n|-supereffective|p1a: Gholdengo\n|-resisted|p1b: Wo-Chien\n|-damage|p1a: Gholdengo|81\/100\n|-damage|p1b: Wo-Chien|92\/100\n|-unboost|p1a: Gholdengo|spa|1\n|-unboost|p1b: Wo-Chien|spa|1\n|\n|upkeep\n|turn|5\n|\n|t:|1683765104\n|move|p1a: Gholdengo|Dazzling Gleam|p2a: Ting-Lu|[spread] p2a,p2b\n|-supereffective|p2a: Ting-Lu\n|-supereffective|p2b: Wo-Chien\n|-damage|p2a: Ting-Lu|87\/100\n|-damage|p2b: Wo-Chien|47\/100\n|move|p1b: Wo-Chien|Ruination|p2a: Ting-Lu\n|-damage|p2a: Ting-Lu|44\/100\n|move|p2b: Wo-Chien|Leech Seed|p1a: Gholdengo\n|-immune|p1a: Gholdengo|[from] ability: Good as Gold\n|move|p2a: Ting-Lu|Snarl|p1b: Wo-Chien|[spread] p1a,p1b\n|-supereffective|p1a: Gholdengo\n|-resisted|p1b: Wo-Chien\n|-damage|p1a: Gholdengo|62\/100\n|-damage|p1b: Wo-Chien|90\/100\n|-unboost|p1a: Gholdengo|spa|1\n|-unboost|p1b: Wo-Chien|spa|1\n|\n|upkeep\n|turn|6\n|inactive|silralisk has 30 seconds left.\n|inactive|silralisk has 20 seconds left.\n|inactive|silralisk has 15 seconds left.\n|inactive|silralisk has 10 seconds left.\n|\n|t:|1683765149\n|switch|p1a: Grimmsnarl|Grimmsnarl, L50, M|86\/100\n|switch|p2b: Gothitelle|Gothitelle, L50, M|100\/100\n|move|p1b: Wo-Chien|Ruination|p2a: Ting-Lu\n|-damage|p2a: Ting-Lu|22\/100\n|move|p2a: Ting-Lu|Snarl|p1a: Grimmsnarl|[spread] p1a,p1b\n|-resisted|p1a: Grimmsnarl\n|-resisted|p1b: Wo-Chien\n|-damage|p1a: Grimmsnarl|84\/100\n|-damage|p1b: Wo-Chien|88\/100\n|-unboost|p1a: Grimmsnarl|spa|1\n|-unboost|p1b: Wo-Chien|spa|1\n|\n|upkeep\n|turn|7\n|\n|t:|1683765171\n|move|p1b: Wo-Chien|Ruination|p2b: Gothitelle\n|-damage|p2b: Gothitelle|51\/100\n|move|p2b: Gothitelle|Heal Pulse|p2a: Ting-Lu\n|-heal|p2a: Ting-Lu|72\/100\n|move|p1a: Grimmsnarl|Spirit Break|p2a: Ting-Lu\n|-supereffective|p2a: Ting-Lu\n|-damage|p2a: Ting-Lu|39\/100\n|-unboost|p2a: Ting-Lu|spa|1\n|move|p2a: Ting-Lu|Heavy Slam|p1a: Grimmsnarl\n|-supereffective|p1a: Grimmsnarl\n|-damage|p1a: Grimmsnarl|24\/100\n|\n|-heal|p2b: Gothitelle|57\/100|[from] item: Leftovers\n|upkeep\n|turn|8\n|inactive|silralisk has 30 seconds left.\n|\n|t:|1683765198\n|move|p1b: Wo-Chien|Ruination|p2a: Ting-Lu\n|-damage|p2a: Ting-Lu|20\/100\n|move|p2b: Gothitelle|Heal Pulse|p2a: Ting-Lu\n|-heal|p2a: Ting-Lu|70\/100\n|move|p1a: Grimmsnarl|Spirit Break|p2a: Ting-Lu\n|-supereffective|p2a: Ting-Lu\n|-crit|p2a: Ting-Lu\n|-damage|p2a: Ting-Lu|21\/100\n|-unboost|p2a: Ting-Lu|spa|1\n|move|p2a: Ting-Lu|Ruination|p1b: Wo-Chien|[miss]\n|-miss|p2a: Ting-Lu|p1b: Wo-Chien\n|\n|-heal|p2b: Gothitelle|63\/100|[from] item: Leftovers\n|upkeep\n|turn|9\n|inactive|silralisk has 30 seconds left.\n|\n|t:|1683765225\n|move|p1b: Wo-Chien|Ruination|p2b: Gothitelle\n|-damage|p2b: Gothitelle|32\/100\n|move|p2b: Gothitelle|Heal Pulse|p2a: Ting-Lu\n|-heal|p2a: Ting-Lu|71\/100\n|move|p1a: Grimmsnarl|Spirit Break|p2a: Ting-Lu\n|-supereffective|p2a: Ting-Lu\n|-damage|p2a: Ting-Lu|34\/100\n|-unboost|p2a: Ting-Lu|spa|1\n|move|p2a: Ting-Lu|Heavy Slam|p1a: Grimmsnarl\n|-supereffective|p1a: Grimmsnarl\n|-crit|p1a: Grimmsnarl\n|-damage|p1a: Grimmsnarl|0 fnt\n|faint|p1a: Grimmsnarl\n|\n|-heal|p2b: Gothitelle|38\/100|[from] item: Leftovers\n|upkeep\n|\n|t:|1683765245\n|switch|p1a: Gholdengo|Gholdengo, L50|62\/100\n|turn|10\n|\n|t:|1683765266\n|move|p2b: Gothitelle|Protect|p2b: Gothitelle\n|-singleturn|p2b: Gothitelle|Protect\n|move|p1a: Gholdengo|Make It Rain|p2a: Ting-Lu|[spread] p2a\n|-activate|p2b: Gothitelle|move: Protect\n|-damage|p2a: Ting-Lu|12\/100\n|-unboost|p1a: Gholdengo|spa|1\n|move|p1b: Wo-Chien|Ruination|p2a: Ting-Lu\n|-damage|p2a: Ting-Lu|7\/100\n|move|p2a: Ting-Lu|Earthquake|p1b: Wo-Chien|[spread] p1a,p1b\n|-activate|p2b: Gothitelle|move: Protect\n|-supereffective|p1a: Gholdengo\n|-resisted|p1b: Wo-Chien\n|-damage|p1a: Gholdengo|20\/100\n|-damage|p1b: Wo-Chien|79\/100\n|\n|-heal|p2b: Gothitelle|45\/100|[from] item: Leftovers\n|upkeep\n|turn|11\n|inactive|AllCuzOfHax has 30 seconds left.\n|inactive|silralisk has 30 seconds left.\n|inactive|AllCuzOfHax has 20 seconds left.\n|\n|t:|1683765303\n|move|p1a: Gholdengo|Make It Rain|p2a: Ting-Lu|[spread] p2a,p2b\n|-damage|p2a: Ting-Lu|0 fnt\n|-damage|p2b: Gothitelle|19\/100\n|-unboost|p1a: Gholdengo|spa|1\n|faint|p2a: Ting-Lu\n|move|p1b: Wo-Chien|Ruination|p2b: Gothitelle\n|-damage|p2b: Gothitelle|10\/100\n|move|p2b: Gothitelle|Psychic|p1a: Gholdengo\n|-resisted|p1a: Gholdengo\n|-damage|p1a: Gholdengo|2\/100\n|\n|-heal|p2b: Gothitelle|16\/100|[from] item: Leftovers\n|upkeep\n|\n|t:|1683765321\n|switch|p2a: Wo-Chien|Wo-Chien, L50|47\/100\n|-ability|p2a: Wo-Chien|Tablets of Ruin\n|turn|12\n|\n|t:|1683765332\n|move|p1a: Gholdengo|Make It Rain|p2b: Gothitelle|[spread] p2a,p2b\n|-damage|p2a: Wo-Chien|24\/100\n|-damage|p2b: Gothitelle|0 fnt\n|-unboost|p1a: Gholdengo|spa|1\n|faint|p2b: Gothitelle\n|move|p1b: Wo-Chien|Ruination|p2a: Wo-Chien\n|-damage|p2a: Wo-Chien|12\/100\n|move|p2a: Wo-Chien|Pollen Puff|p1b: Wo-Chien\n|-supereffective|p1b: Wo-Chien\n|-damage|p1b: Wo-Chien|39\/100\n|\n|upkeep\n|\n|t:|1683765344\n|switch|p2b: Arcanine|Arcanine, L50, M|100\/100\n|-ability|p2b: Arcanine|Intimidate|boost\n|-unboost|p1a: Gholdengo|atk|1\n|-unboost|p1b: Wo-Chien|atk|1\n|turn|13\n|inactive|AllCuzOfHax has 30 seconds left.\n|inactive|AllCuzOfHax has 20 seconds left.\n|\n|t:|1683765379\n|switch|p1b: Iron Bundle|Iron Bundle, L50|100\/100\n|-enditem|p1b: Iron Bundle|Booster Energy\n|-activate|p1b: Iron Bundle|ability: Quark Drive|[fromitem]\n|-start|p1b: Iron Bundle|quarkdrivespe\n|move|p2a: Wo-Chien|Protect|p2a: Wo-Chien\n|-singleturn|p2a: Wo-Chien|Protect\n|move|p2b: Arcanine|Flare Blitz|p1b: Iron Bundle\n|-damage|p1b: Iron Bundle|57\/100\n|-damage|p2b: Arcanine|91\/100|[from] Recoil\n|move|p1a: Gholdengo|Make It Rain|p2a: Wo-Chien|[spread] p2b\n|-activate|p2a: Wo-Chien|move: Protect\n|-resisted|p2b: Arcanine\n|-damage|p2b: Arcanine|73\/100\n|-unboost|p1a: Gholdengo|spa|1\n|\n|upkeep\n|turn|14\n|inactive|silralisk has 30 seconds left.\n|inactive|AllCuzOfHax has 30 seconds left.\n|inactive|AllCuzOfHax has 20 seconds left.\n|inactive|silralisk has 20 seconds left.\n|\n|t:|1683765421\n|-terastallize|p2b: Arcanine|Water\n|move|p1b: Iron Bundle|Freeze-Dry|p2a: Wo-Chien\n|-supereffective|p2a: Wo-Chien\n|-damage|p2a: Wo-Chien|0 fnt\n|faint|p2a: Wo-Chien\n|move|p2b: Arcanine|Snarl|p1b: Iron Bundle|[spread] p1a,p1b\n|-supereffective|p1a: Gholdengo\n|-damage|p1a: Gholdengo|0 fnt\n|-damage|p1b: Iron Bundle|40\/100\n|-unboost|p1b: Iron Bundle|spa|1\n|faint|p1a: Gholdengo\n|\n|upkeep\n|\n|t:|1683765433\n|switch|p1a: Wo-Chien|Wo-Chien, L50|39\/100\n|-ability|p1a: Wo-Chien|Tablets of Ruin\n|turn|15\n|\n|t:|1683765443\n|-terastallize|p1a: Wo-Chien|Water\n|move|p1b: Iron Bundle|Freeze-Dry|p2b: Arcanine\n|-supereffective|p2b: Arcanine\n|-damage|p2b: Arcanine|20\/100\n|move|p2b: Arcanine|Flare Blitz|p1b: Iron Bundle\n|-damage|p1b: Iron Bundle|0 fnt\n|faint|p1b: Iron Bundle\n|-end|p1b: Iron Bundle|Quark Drive|[silent]\n|-damage|p2b: Arcanine|11\/100|[from] Recoil\n|move|p1a: Wo-Chien|Giga Drain|p2b: Arcanine\n|-supereffective|p2b: Arcanine\n|-damage|p2b: Arcanine|0 fnt\n|-heal|p1a: Wo-Chien|45\/100|[from] drain|[of] p2b: Arcanine\n|faint|p2b: Arcanine\n|\n|win|silralisk\n|raw|silralisk's rating: 1350 → 1368<\/strong> (+18 for winning)\n|raw|AllCuzOfHax's rating: 1320 → 1302<\/strong> (-18 for losing)\n|l|\u2606AllCuzOfHax\n","uploadtime":1683765717,"views":11,"p1id":"silralisk","p2id":"allcuzofhax","formatid":"gen9vgc2023regulationc","rating":1302,"private":0,"password":""}