{"id":"gen9vgc2023regulationc-1858267032","p1":"gorilnx","p2":"drakmoore","format":"[Gen 9] VGC 2023 Regulation C","log":"|j|\u2606gorilnx\n|j|\u2606drakmoore\n|t:|1683296867\n|gametype|doubles\n|player|p1|gorilnx|dawn-gen4pt|1307\n|player|p2|drakmoore|102|1261\n|teamsize|p1|6\n|teamsize|p2|6\n|gen|9\n|tier|[Gen 9] VGC 2023 Regulation C\n|rated|\n|rule|Species Clause: Limit one of each Pok\u00e9mon\n|rule|Item Clause: Limit one of each item\n|clearpoke\n|poke|p1|Palafin, L50, M|\n|poke|p1|Amoonguss, L50, F|\n|poke|p1|Flutter Mane, L50|\n|poke|p1|Arcanine, L50, M|\n|poke|p1|Ting-Lu, L50|\n|poke|p1|Baxcalibur, L50, M|\n|poke|p2|Chi-Yu, L50|\n|poke|p2|Iron Bundle, L50|\n|poke|p2|Great Tusk, L50|\n|poke|p2|Murkrow, L50, M|\n|poke|p2|Dragonite, L50, M|\n|poke|p2|Flutter Mane, L50|\n|teampreview|4\n|inactive|Battle timer is ON: inactive players will automatically lose when time's up. (requested by gorilnx)\n|inactive|gorilnx has 60 seconds left.\n|inactive|drakmoore has 60 seconds left.\n|\n|t:|1683296914\n|start\n|switch|p1a: Palafin|Palafin, L50, M|100\/100\n|switch|p1b: Flutter Mane|Flutter Mane, L50|100\/100\n|switch|p2a: Dragonite|Dragonite, L50, M|100\/100\n|switch|p2b: Murkrow|Murkrow, L50, M|100\/100\n|turn|1\n|\n|t:|1683296935\n|-terastallize|p2a: Dragonite|Flying\n|move|p1a: Palafin|Jet Punch|p2a: Dragonite\n|-damage|p2a: Dragonite|74\/100\n|move|p2b: Murkrow|Tailwind|p2b: Murkrow\n|-sidestart|p2: drakmoore|move: Tailwind\n|move|p1b: Flutter Mane|Dazzling Gleam|p2a: Dragonite|[spread] p2a,p2b\n|-supereffective|p2b: Murkrow\n|-damage|p2a: Dragonite|45\/100\n|-damage|p2b: Murkrow|6\/100\n|move|p2a: Dragonite|Tera Blast|p1b: Flutter Mane\n|-damage|p1b: Flutter Mane|0 fnt\n|faint|p1b: Flutter Mane\n|-end|p1b: Flutter Mane|Protosynthesis|[silent]\n|\n|upkeep\n|\n|t:|1683296948\n|switch|p1b: Arcanine|Arcanine, L50, M|100\/100\n|-ability|p1b: Arcanine|Intimidate|boost\n|-fail|p2a: Dragonite|unboost|Attack|[from] ability: Inner Focus|[of] p2a: Dragonite\n|-unboost|p2b: Murkrow|atk|1\n|turn|2\n|inactive|drakmoore has 30 seconds left.\n|inactive|drakmoore has 20 seconds left.\n|inactive|drakmoore has 15 seconds left.\n|\n|t:|1683296990\n|detailschange|p1a: Palafin|Palafin-Hero, L50, M\n|switch|p1a: Amoonguss|Amoonguss, L50, F|100\/100\n|move|p2a: Dragonite|Extreme Speed|p1a: Amoonguss\n|-damage|p1a: Amoonguss|74\/100\n|move|p2b: Murkrow|Foul Play|p1a: Amoonguss\n|-damage|p1a: Amoonguss|55\/100\n|move|p1b: Arcanine|Flare Blitz|p2a: Dragonite\n|-damage|p2a: Dragonite|0 fnt\n|faint|p2a: Dragonite\n|-damage|p1b: Arcanine|86\/100|[from] Recoil\n|\n|upkeep\n|\n|t:|1683297003\n|switch|p2a: Chi-Yu|Chi-Yu, L50|100\/100\n|-ability|p2a: Chi-Yu|Beads of Ruin\n|turn|3\n|\n|t:|1683297013\n|switch|p2a: Great Tusk|Great Tusk, L50|100\/100\n|move|p1a: Amoonguss|Protect|p1a: Amoonguss\n|-singleturn|p1a: Amoonguss|Protect\n|move|p1b: Arcanine|Extreme Speed|p2b: Murkrow\n|-damage|p2b: Murkrow|0 fnt\n|faint|p2b: Murkrow\n|\n|upkeep\n|\n|t:|1683297021\n|switch|p2b: Chi-Yu|Chi-Yu, L50|100\/100\n|-ability|p2b: Chi-Yu|Beads of Ruin\n|turn|4\n|inactive|gorilnx has 30 seconds left.\n|\n|t:|1683297049\n|move|p1a: Amoonguss|Protect||[still]\n|-fail|p1a: Amoonguss\n|move|p2b: Chi-Yu|Heat Wave|p1b: Arcanine|[spread] p1a\n|-miss|p2b: Chi-Yu|p1b: Arcanine\n|-supereffective|p1a: Amoonguss\n|-damage|p1a: Amoonguss|0 fnt\n|faint|p1a: Amoonguss\n|move|p2a: Great Tusk|Headlong Rush|p1b: Arcanine\n|-supereffective|p1b: Arcanine\n|-damage|p1b: Arcanine|0 fnt\n|-unboost|p2a: Great Tusk|def|1\n|-unboost|p2a: Great Tusk|spd|1\n|faint|p1b: Arcanine\n|-damage|p2a: Great Tusk|91\/100|[from] item: Life Orb\n|\n|-sideend|p2: drakmoore|move: Tailwind\n|upkeep\n|\n|t:|1683297060\n|switch|p1a: Palafin|Palafin-Hero, L50, M|100\/100\n|-activate|p1a: Palafin|ability: Zero to Hero\n|turn|5\n|\n|t:|1683297075\n|-terastallize|p1a: Palafin|Water\n|move|p1a: Palafin|Jet Punch|p2a: Great Tusk\n|-supereffective|p2a: Great Tusk\n|-damage|p2a: Great Tusk|0 fnt\n|faint|p2a: Great Tusk\n|-end|p2a: Great Tusk|Protosynthesis|[silent]\n|move|p2b: Chi-Yu|Dark Pulse|p1a: Palafin\n|-damage|p1a: Palafin|44\/100\n|\n|upkeep\n|turn|6\n|-message|drakmoore forfeited.\n|\n|win|gorilnx\n|raw|gorilnx's rating: 1307 → 1324<\/strong> (+17 for winning)\n|raw|drakmoore's rating: 1261 → 1239<\/strong> (-22 for losing)\n|l|\u2606drakmoore\n","uploadtime":1683297096,"views":5,"p1id":"gorilnx","p2id":"drakmoore","formatid":"gen9vgc2023regulationc","rating":1239,"private":0,"password":""}