{"id":"gen9vgc2023regulationc-1846655979","p1":"Cheeseless","p2":"PTP_VGC","format":"[Gen 9] VGC 2023 Regulation C","log":"|j|\u2606Cheeseless\n|j|\u2606PTP_VGC\n|t:|1681862248\n|gametype|doubles\n|player|p1|Cheeseless|1|\n|player|p2|PTP_VGC|biker-gen4|\n|teamsize|p1|6\n|teamsize|p2|6\n|gen|9\n|tier|[Gen 9] VGC 2023 Regulation C\n|rated|Tournament battle\n|rule|Species Clause: Limit one of each Pok\u00e9mon\n|rule|Item Clause: Limit one of each item\n|clearpoke\n|poke|p1|Palafin, L50, F|\n|poke|p1|Scream Tail, L50|\n|poke|p1|Flutter Mane, L50|\n|poke|p1|Amoonguss, L50, F|\n|poke|p1|Arcanine, L50, F|\n|poke|p1|Gothitelle, L50, M|\n|poke|p2|Chien-Pao, L50|\n|poke|p2|Hawlucha, L50, M|\n|poke|p2|Indeedee-F, L50, F|\n|poke|p2|Dragapult, L50, M|\n|poke|p2|Palafin, L50, M|\n|poke|p2|Sandy Shocks, L50|\n|teampreview|4\n|raw| Open Team Sheet for Cheeseless<\/summary>INEEDAHERO (Palafin) @ Mystic Water Ability: Zero to Hero Level: 50 Tera Type: Water - Protect - Wave Crash - Jet Punch - Close Combat AAAAAAAAAAAA (Scream Tail) @ Booster Energy Ability: Protosynthesis Level: 50 Shiny: Yes Tera Type: Steel - Protect - Perish Song - Disable - Play Rough EEEEEEEEEEEE (Flutter Mane) @ Focus Sash Ability: Protosynthesis Level: 50 Tera Type: Grass - Protect - Perish Song - Moonblast - Shadow Ball AMOGUS (Amoonguss) @ Mental Herb Ability: Regenerator Level: 50 Tera Type: Dark - Protect - Rage Powder - Spore - Pollen Puff AWOOOOOOOOOO (Arcanine) @ Safety Goggles Ability: Intimidate Level: 50 Tera Type: Water - Protect - Flare Blitz - Extreme Speed - Will-O-Wisp GO BIRD (Gothitelle) @ Sitrus Berry Ability: Shadow Tag Level: 50 Tera Type: Water - Protect - Fake Out - Psychic - Heal Pulse <\/details><\/div> Open Team Sheet for PTP_VGC<\/summary>Chien-Pao @ Focus Sash Ability: Sword of Ruin Level: 50 Tera Type: Dark - Throat Chop - Ice Spinner - Haze - Protect Hawlucha @ Psychic Seed Ability: Unburden Level: 50 Tera Type: Steel - Flying Press - Acrobatics - Swords Dance - Detect Indeedee (Indeedee-F) (F) @ Safety Goggles Ability: Psychic Surge Level: 50 Tera Type: Fairy - Follow Me - Psychic - Heal Pulse - Protect Dragapult @ Choice Band Ability: Clear Body Level: 50 Tera Type: Fire - Dragon Darts - Phantom Force - U-turn - Tera Blast Palafin @ Eject Pack Ability: Zero to Hero Level: 50 Tera Type: Water - Wave Crash - Jet Punch - Close Combat - Protect Sandy Shocks @ Booster Energy Ability: Protosynthesis Level: 50 Tera Type: Grass - Thunderbolt - Earth Power - Tera Blast - Protect <\/details><\/div>\n|c|\u2606Cheeseless|glhf\n|inactive|Battle timer is ON: inactive players will automatically lose when time's up. (requested by PTP_VGC)\n|c|\u2606PTP_VGC|you too\n|inactive|Cheeseless has 60 seconds left.\n|inactive|PTP_VGC has 60 seconds left.\n|\n|t:|1681862307\n|start\n|switch|p1a: INEEDAHERO|Palafin, L50, F|100\/100\n|switch|p1b: AAAAAAAAAAAA|Scream Tail, L50, shiny|100\/100\n|switch|p2a: Dragapult|Dragapult, L50, M|100\/100\n|switch|p2b: Chien-Pao|Chien-Pao, L50|100\/100\n|-ability|p2b: Chien-Pao|Sword of Ruin\n|-enditem|p1b: AAAAAAAAAAAA|Booster Energy\n|-activate|p1b: AAAAAAAAAAAA|ability: Protosynthesis|[fromitem]\n|-start|p1b: AAAAAAAAAAAA|protosynthesisspe\n|turn|1\n|inactive|Cheeseless has 30 seconds left.\n|inactive|Cheeseless has 20 seconds left.\n|inactive|Cheeseless has 15 seconds left.\n|\n|t:|1681862350\n|detailschange|p1a: INEEDAHERO|Palafin-Hero, L50, F\n|switch|p1a: AWOOOOOOOOOO|Arcanine, L50, F|100\/100\n|-ability|p1a: AWOOOOOOOOOO|Intimidate|boost\n|-fail|p2a: Dragapult|unboost|[from] ability: Clear Body|[of] p2a: Dragapult\n|-unboost|p2b: Chien-Pao|atk|1\n|move|p2b: Chien-Pao|Protect|p2b: Chien-Pao\n|-singleturn|p2b: Chien-Pao|Protect\n|move|p1b: AAAAAAAAAAAA|Play Rough|p2b: Chien-Pao\n|-activate|p2b: Chien-Pao|move: Protect\n|move|p2a: Dragapult|Phantom Force||[still]\n|-prepare|p2a: Dragapult|Phantom Force\n|\n|upkeep\n|turn|2\n|j| LukPeu\n|inactive|PTP_VGC has 30 seconds left.\n|inactive|PTP_VGC has 20 seconds left.\n|\n|t:|1681862390\n|switch|p2b: Indeedee|Indeedee-F, L50, F|100\/100\n|-fieldstart|move: Psychic Terrain|[from] ability: Psychic Surge|[of] p2b: Indeedee\n|-terastallize|p1b: AAAAAAAAAAAA|Steel\n|move|p1b: AAAAAAAAAAAA|Play Rough|p2b: Indeedee\n|-damage|p2b: Indeedee|78\/100\n|move|p2a: Dragapult|Phantom Force|p1b: AAAAAAAAAAAA|[from]lockedmove\n|-damage|p1b: AAAAAAAAAAAA|52\/100\n|move|p1a: AWOOOOOOOOOO|Flare Blitz|p2b: Indeedee\n|-damage|p2b: Indeedee|25\/100\n|-status|p2b: Indeedee|brn\n|-damage|p1a: AWOOOOOOOOOO|82\/100|[from] Recoil\n|\n|-damage|p2b: Indeedee|19\/100 brn|[from] brn\n|upkeep\n|turn|3\n|l| LukPeu\n|inactive|Cheeseless has 30 seconds left.\n|inactive|PTP_VGC has 30 seconds left.\n|j| LukPeu\n|inactive|PTP_VGC has 20 seconds left.\n|\n|t:|1681862427\n|move|p2b: Indeedee|Protect|p2b: Indeedee\n|-singleturn|p2b: Indeedee|Protect\n|move|p1b: AAAAAAAAAAAA|Disable|p2a: Dragapult\n|-start|p2a: Dragapult|Disable|Phantom Force\n|cant|p2a: Dragapult|Disable|Phantom Force\n|move|p1a: AWOOOOOOOOOO|Flare Blitz|p2b: Indeedee\n|-activate|p2b: Indeedee|move: Protect\n|\n|-damage|p2b: Indeedee|13\/100 brn|[from] brn\n|upkeep\n|turn|4\n|\n|t:|1681862442\n|switch|p2a: Hawlucha|Hawlucha, L50, M|100\/100\n|-enditem|p2a: Hawlucha|Psychic Seed\n|-boost|p2a: Hawlucha|spd|1|[from] item: Psychic Seed\n|move|p2b: Indeedee|Follow Me|p2b: Indeedee\n|-singleturn|p2b: Indeedee|move: Follow Me\n|move|p1b: AAAAAAAAAAAA|Play Rough|p2b: Indeedee\n|-damage|p2b: Indeedee|0 fnt\n|faint|p2b: Indeedee\n|move|p1a: AWOOOOOOOOOO|Flare Blitz|p2a: Hawlucha\n|-damage|p2a: Hawlucha|20\/100\n|-damage|p1a: AWOOOOOOOOOO|57\/100|[from] Recoil\n|\n|upkeep\n|\n|t:|1681862461\n|switch|p2b: Chien-Pao|Chien-Pao, L50|100\/100\n|-ability|p2b: Chien-Pao|Sword of Ruin\n|turn|5\n|\n|t:|1681862482\n|-terastallize|p2a: Hawlucha|Steel\n|move|p1a: AWOOOOOOOOOO|Protect|p1a: AWOOOOOOOOOO\n|-singleturn|p1a: AWOOOOOOOOOO|Protect\n|move|p2a: Hawlucha|Swords Dance|p2a: Hawlucha\n|-boost|p2a: Hawlucha|atk|2\n|move|p1b: AAAAAAAAAAAA|Play Rough|p2b: Chien-Pao\n|-supereffective|p2b: Chien-Pao\n|-damage|p2b: Chien-Pao|34\/100\n|move|p2b: Chien-Pao|Throat Chop|p1a: AWOOOOOOOOOO\n|-activate|p1a: AWOOOOOOOOOO|move: Protect\n|\n|upkeep\n|turn|6\n|\n|t:|1681862507\n|switch|p1a: AMOGUS|Amoonguss, L50, F|100\/100\n|move|p1b: AAAAAAAAAAAA|Protect|p1b: AAAAAAAAAAAA\n|-singleturn|p1b: AAAAAAAAAAAA|Protect\n|move|p2a: Hawlucha|Flying Press|p1b: AAAAAAAAAAAA\n|-activate|p1b: AAAAAAAAAAAA|move: Protect\n|move|p2b: Chien-Pao|Throat Chop|p1a: AMOGUS\n|-damage|p1a: AMOGUS|48\/100\n|-start|p1a: AMOGUS|Throat Chop|[silent]\n|\n|-fieldend|move: Psychic Terrain\n|upkeep\n|turn|7\n|\n|t:|1681862531\n|-end|p1b: AAAAAAAAAAAA|Protosynthesis|[silent]\n|switch|p1b: INEEDAHERO|Palafin-Hero, L50, F|100\/100\n|-activate|p1b: INEEDAHERO|ability: Zero to Hero\n|move|p2b: Chien-Pao|Protect|p2b: Chien-Pao\n|-singleturn|p2b: Chien-Pao|Protect\n|move|p1a: AMOGUS|Rage Powder|p1a: AMOGUS\n|-singleturn|p1a: AMOGUS|move: Rage Powder\n|move|p2a: Hawlucha|Acrobatics|p1a: AMOGUS\n|-supereffective|p1a: AMOGUS\n|-damage|p1a: AMOGUS|0 fnt\n|faint|p1a: AMOGUS\n|\n|upkeep\n|\n|t:|1681862543\n|switch|p1a: AWOOOOOOOOOO|Arcanine, L50, F|57\/100\n|-ability|p1a: AWOOOOOOOOOO|Intimidate|boost\n|-unboost|p2a: Hawlucha|atk|1\n|-unboost|p2b: Chien-Pao|atk|1\n|turn|8\n|\n|t:|1681862564\n|switch|p2b: Dragapult|Dragapult, L50, M|100\/100\n|move|p2a: Hawlucha|Detect|p2a: Hawlucha\n|-singleturn|p2a: Hawlucha|Protect\n|move|p1a: AWOOOOOOOOOO|Extreme Speed|p2b: Dragapult\n|-immune|p2b: Dragapult\n|move|p1b: INEEDAHERO|Jet Punch|p2a: Hawlucha\n|-activate|p2a: Hawlucha|move: Protect\n|\n|upkeep\n|turn|9\n|inactive|Cheeseless has 30 seconds left.\n|inactive|PTP_VGC has 30 seconds left.\n|inactive|PTP_VGC has 20 seconds left.\n|inactive|PTP_VGC has 15 seconds left.\n|inactive|PTP_VGC has 10 seconds left.\n|\n|t:|1681862613\n|move|p1b: INEEDAHERO|Jet Punch|p2b: Dragapult\n|-resisted|p2b: Dragapult\n|-damage|p2b: Dragapult|65\/100\n|move|p2a: Hawlucha|Acrobatics|p1b: INEEDAHERO\n|-damage|p1b: INEEDAHERO|36\/100\n|move|p2b: Dragapult|Phantom Force||[still]\n|-prepare|p2b: Dragapult|Phantom Force\n|move|p1a: AWOOOOOOOOOO|Flare Blitz|p2a: Hawlucha\n|-supereffective|p2a: Hawlucha\n|-damage|p2a: Hawlucha|0 fnt\n|faint|p2a: Hawlucha\n|-damage|p1a: AWOOOOOOOOOO|50\/100|[from] Recoil\n|\n|upkeep\n|\n|t:|1681862621\n|switch|p2a: Chien-Pao|Chien-Pao, L50|34\/100\n|-ability|p2a: Chien-Pao|Sword of Ruin\n|turn|10\n|\n|t:|1681862643\n|move|p1a: AWOOOOOOOOOO|Extreme Speed|p2a: Chien-Pao\n|-damage|p2a: Chien-Pao|1\/100\n|move|p1b: INEEDAHERO|Jet Punch|p2a: Chien-Pao\n|-damage|p2a: Chien-Pao|0 fnt\n|faint|p2a: Chien-Pao\n|move|p2b: Dragapult|Phantom Force|p1a: AWOOOOOOOOOO|[from]lockedmove\n|-damage|p1a: AWOOOOOOOOOO|0 fnt\n|faint|p1a: AWOOOOOOOOOO\n|\n|upkeep\n|\n|t:|1681862652\n|switch|p1a: AAAAAAAAAAAA|Scream Tail, L50, shiny, tera:Steel|52\/100\n|turn|11\n|\n|t:|1681862666\n|move|p1b: INEEDAHERO|Jet Punch|p2b: Dragapult\n|-resisted|p2b: Dragapult\n|-damage|p2b: Dragapult|33\/100\n|move|p2b: Dragapult|Phantom Force||[still]\n|-prepare|p2b: Dragapult|Phantom Force\n|move|p1a: AAAAAAAAAAAA|Perish Song|p1a: AAAAAAAAAAAA\n|-start|p1a: AAAAAAAAAAAA|perish3|[silent]\n|-start|p1b: INEEDAHERO|perish3|[silent]\n|-miss|p1a: AAAAAAAAAAAA|p2b: Dragapult\n|-fieldactivate|move: Perish Song\n|\n|-start|p1a: AAAAAAAAAAAA|perish3\n|-start|p1b: INEEDAHERO|perish3\n|upkeep\n|turn|12\n|\n|t:|1681862684\n|move|p2b: Dragapult|Phantom Force|p1b: INEEDAHERO|[from]lockedmove\n|-damage|p1b: INEEDAHERO|0 fnt\n|faint|p1b: INEEDAHERO\n|move|p1a: AAAAAAAAAAAA|Disable|p2b: Dragapult\n|-start|p2b: Dragapult|Disable|Phantom Force\n|\n|-start|p1a: AAAAAAAAAAAA|perish2\n|upkeep\n|turn|13\n|j| chicagolocaltop16\n|\n|t:|1681862692\n|-activate|p2b: Dragapult|move: Struggle\n|move|p2b: Dragapult|Struggle|p1a: AAAAAAAAAAAA\n|-damage|p1a: AAAAAAAAAAAA|31\/100\n|-damage|p2b: Dragapult|8\/100|[from] recoil\n|move|p1a: AAAAAAAAAAAA|Play Rough|p2b: Dragapult\n|-supereffective|p2b: Dragapult\n|-damage|p2b: Dragapult|0 fnt\n|faint|p2b: Dragapult\n|\n|win|Cheeseless\n|n|\u2606Cheeseless|cheeseless\n|n|\u2606PTP_VGC|ptpvgc\n|n| LukPeu|lukpeu\n|n| chicagolocaltop16|chicagolocaltop16\n|c| chicagolocaltop16|lets go ptp\n|c|\u2606PTP_VGC|gg\n|c|\u2606Cheeseless|gg\n|l| LukPeu\n|l|\u2606PTP_VGC\n","uploadtime":1681863116,"views":10,"p1id":"cheeseless","p2id":"ptpvgc","formatid":"gen9vgc2023regulationc","rating":0,"private":0,"password":""}