{"id":"gen9vgc2023regulationc-1860802935","p1":"phenomsteelers08","p2":"PandaPat75","format":"[Gen 9] VGC 2023 Regulation C","log":"|j|\u2606phenomsteelers08\n|j|\u2606PandaPat75\n|t:|1683679744\n|gametype|doubles\n|player|p1|phenomsteelers08|1|1696\n|player|p2|PandaPat75|crasherwake|1619\n|teamsize|p1|6\n|teamsize|p2|6\n|gen|9\n|tier|[Gen 9] VGC 2023 Regulation C\n|rated|\n|rule|Species Clause: Limit one of each Pok\u00e9mon\n|rule|Item Clause: Limit one of each item\n|clearpoke\n|poke|p1|Indeedee-F, L50, F|\n|poke|p1|Garchomp, L50, F|\n|poke|p1|Flutter Mane, L50|\n|poke|p1|Tyranitar, L50, M|\n|poke|p1|Murkrow, L50, F|\n|poke|p1|Orthworm, L50, M|\n|poke|p2|Palafin, L50, F|\n|poke|p2|Abomasnow, L50, M|\n|poke|p2|Arcanine, L50, F|\n|poke|p2|Ting-Lu, L50|\n|poke|p2|Kingambit, L50, M|\n|poke|p2|Dragonite, L50, M|\n|teampreview|4\n|inactive|Battle timer is ON: inactive players will automatically lose when time's up. (requested by phenomsteelers08)\nphenomsteelers08 has agreed to open team sheets.\n|inactive|phenomsteelers08 has 60 seconds left.\n|inactive|PandaPat75 has 60 seconds left.\n|j| merahmerona\n|\n|t:|1683679789\n|start\n|switch|p1a: Orthworm|Orthworm, L50, M|100\/100\n|switch|p1b: Tyranitar|Tyranitar, L50, M|100\/100\n|switch|p2a: Palafin|Palafin, L50, F|100\/100\n|switch|p2b: Dragonite|Dragonite, L50, M, shiny|100\/100\n|-weather|Sandstorm|[from] ability: Sand Stream|[of] p1b: Tyranitar\n|turn|1\n|\n|t:|1683679801\n|detailschange|p2a: Palafin|Palafin-Hero, L50, F\n|switch|p2a: Abomasnow|Abomasnow, L50, M|100\/100\n|-weather|Snow|[from] ability: Snow Warning|[of] p2a: Abomasnow\n|move|p2b: Dragonite|Low Kick|p1a: Orthworm\n|-supereffective|p1a: Orthworm\n|-damage|p1a: Orthworm|0 fnt\n|faint|p1a: Orthworm\n|move|p1b: Tyranitar|Rock Slide|p2a: Abomasnow|[spread] p2a,p2b\n|-supereffective|p2a: Abomasnow\n|-supereffective|p2b: Dragonite\n|-crit|p2b: Dragonite\n|-damage|p2a: Abomasnow|54\/100\n|-damage|p2b: Dragonite|0 fnt\n|faint|p2b: Dragonite\n|\n|-weather|Snow|[upkeep]\n|upkeep\n|\n|t:|1683679821\n|switch|p2b: Palafin|Palafin-Hero, L50, F|100\/100\n|switch|p1a: Murkrow|Murkrow, L50, F|100\/100\n|-activate|p2b: Palafin|ability: Zero to Hero\n|turn|2\n|\n|t:|1683679841\n|move|p1a: Murkrow|Tailwind|p1a: Murkrow\n|-sidestart|p1: phenomsteelers08|move: Tailwind\n|move|p1b: Tyranitar|Rock Slide|p2a: Abomasnow|[spread] p2a,p2b\n|-supereffective|p2a: Abomasnow\n|-damage|p2a: Abomasnow|5\/100\n|-damage|p2b: Palafin|71\/100\n|move|p2b: Palafin|Bulk Up|p2b: Palafin\n|-boost|p2b: Palafin|atk|1\n|-boost|p2b: Palafin|def|1\n|move|p2a: Abomasnow|Aurora Veil|p2a: Abomasnow\n|-sidestart|p2: PandaPat75|move: Aurora Veil\n|\n|-weather|Snow|[upkeep]\n|upkeep\n|turn|3\n|\n|t:|1683679862\n|move|p1a: Murkrow|Haze|p1a: Murkrow\n|-clearallboost\n|move|p2b: Palafin|Jet Punch|p1b: Tyranitar\n|-supereffective|p1b: Tyranitar\n|-damage|p1b: Tyranitar|21\/100\n|move|p1b: Tyranitar|Rock Slide|p2b: Palafin|[spread] p2a,p2b\n|-supereffective|p2a: Abomasnow\n|-damage|p2a: Abomasnow|0 fnt\n|-damage|p2b: Palafin|51\/100\n|faint|p2a: Abomasnow\n|\n|-weather|Snow|[upkeep]\n|upkeep\n|\n|t:|1683679869\n|switch|p2a: Ting-Lu|Ting-Lu, L50|100\/100\n|-ability|p2a: Ting-Lu|Vessel of Ruin\n|turn|4\n|inactive|phenomsteelers08 has 30 seconds left.\n|inactive|phenomsteelers08 has 20 seconds left.\n|\n|t:|1683679907\n|move|p2b: Palafin|Protect|p2b: Palafin\n|-singleturn|p2b: Palafin|Protect\n|move|p1a: Murkrow|Brave Bird|p2b: Palafin\n|-activate|p2b: Palafin|move: Protect\n|move|p1b: Tyranitar|Rock Slide|p2a: Ting-Lu|[spread] \n|-activate|p2b: Palafin|move: Protect\n|-miss|p1b: Tyranitar|p2a: Ting-Lu\n|move|p2a: Ting-Lu|Heavy Slam|p1a: Murkrow\n|-damage|p1a: Murkrow|18\/100\n|\n|-weather|Snow|[upkeep]\n|upkeep\n|turn|5\n|j| futonkagebunshin\n|\n|t:|1683679930\n|switch|p1a: Garchomp|Garchomp, L50, F|100\/100\n|move|p2b: Palafin|Jet Punch|p1b: Tyranitar\n|-supereffective|p1b: Tyranitar\n|-damage|p1b: Tyranitar|0 fnt\n|faint|p1b: Tyranitar\n|move|p2a: Ting-Lu|Heavy Slam|p1a: Garchomp\n|-damage|p1a: Garchomp|63\/100\n|-damage|p2a: Ting-Lu|88\/100|[from] ability: Rough Skin|[of] p1a: Garchomp\n|\n|-weather|none\n|-sideend|p1: phenomsteelers08|move: Tailwind\n|upkeep\n|\n|t:|1683679940\n|switch|p1b: Murkrow|Murkrow, L50, F|18\/100\n|turn|6\n|\n|t:|1683679948\n|-terastallize|p1a: Garchomp|Water\n|-terastallize|p2b: Palafin|Water\n|move|p2b: Palafin|Jet Punch|p1a: Garchomp\n|-resisted|p1a: Garchomp\n|-damage|p1a: Garchomp|36\/100\n|-damage|p2b: Palafin|39\/100|[from] ability: Rough Skin|[of] p1a: Garchomp\n|move|p1a: Garchomp|Earthquake|p2b: Palafin|[spread] p2a,p2b\n|-immune|p1b: Murkrow\n|-damage|p2a: Ting-Lu|72\/100\n|-damage|p2b: Palafin|15\/100\n|move|p1b: Murkrow|Brave Bird|p2b: Palafin\n|-damage|p2b: Palafin|0 fnt\n|faint|p2b: Palafin\n|-damage|p1b: Murkrow|12\/100|[from] Recoil\n|move|p2a: Ting-Lu|Heavy Slam|p1b: Murkrow\n|-damage|p1b: Murkrow|0 fnt\n|faint|p1b: Murkrow\n|\n|upkeep\n|turn|7\n|\n|t:|1683679967\n|move|p1a: Garchomp|Protect|p1a: Garchomp\n|-singleturn|p1a: Garchomp|Protect\n|move|p2a: Ting-Lu|Throat Chop|p1a: Garchomp\n|-activate|p1a: Garchomp|move: Protect\n|\n|upkeep\n|turn|8\n|\n|t:|1683679973\n|move|p1a: Garchomp|Swords Dance|p1a: Garchomp\n|-boost|p1a: Garchomp|atk|2\n|move|p2a: Ting-Lu|Stomping Tantrum|p1a: Garchomp\n|-damage|p1a: Garchomp|3\/100\n|-damage|p2a: Ting-Lu|60\/100|[from] ability: Rough Skin|[of] p1a: Garchomp\n|\n|upkeep\n|turn|9\n|\n|t:|1683679985\n|move|p1a: Garchomp|Protect|p1a: Garchomp\n|-singleturn|p1a: Garchomp|Protect\n|move|p2a: Ting-Lu|Throat Chop|p1a: Garchomp\n|-activate|p1a: Garchomp|move: Protect\n|\n|-sideend|p2: PandaPat75|move: Aurora Veil\n|upkeep\n|turn|10\n|\n|t:|1683679990\n|move|p1a: Garchomp|Earthquake|p2a: Ting-Lu\n|-damage|p2a: Ting-Lu|3\/100\n|move|p2a: Ting-Lu|Stomping Tantrum|p1a: Garchomp\n|-damage|p1a: Garchomp|0 fnt\n|-damage|p2a: Ting-Lu|0 fnt|[from] ability: Rough Skin|[of] p1a: Garchomp\n|faint|p1a: Garchomp\n|faint|p2a: Ting-Lu\n|\n|win|PandaPat75\n|raw|phenomsteelers08's rating: 1696 → 1672<\/strong> (-24 for losing)\n|raw|PandaPat75's rating: 1619 → 1643<\/strong> (+24 for winning)\n|l|\u2606PandaPat75\n|l|\u2606phenomsteelers08\n|l| futonkagebunshin\n","uploadtime":1683680348,"views":16,"p1id":"phenomsteelers08","p2id":"pandapat75","formatid":"gen9vgc2023regulationc","rating":1643,"private":0,"password":""}