{"id":"gen9vgc2023regulationc-1854429392","p1":"Vengeful potato","p2":"xzymandias","format":"[Gen 9] VGC 2023 Regulation C","log":"|j|\u2606Vengeful potato\n|j|\u2606xzymandias\n|t:|1682809794\n|gametype|doubles\n|player|p1|Vengeful potato|swimmer-gen4|1190\n|player|p2|xzymandias|medium|1257\n|teamsize|p1|6\n|teamsize|p2|6\n|gen|9\n|tier|[Gen 9] VGC 2023 Regulation C\n|rated|\n|rule|Species Clause: Limit one of each Pok\u00e9mon\n|rule|Item Clause: Limit one of each item\n|clearpoke\n|poke|p1|Iron Treads, L50|\n|poke|p1|Gyarados, L50, M|\n|poke|p1|Armarouge, L50, F|\n|poke|p1|Wo-Chien, L50|\n|poke|p1|Flutter Mane, L50|\n|poke|p1|Pawmot, L50, M|\n|poke|p2|Corviknight, L50, M|\n|poke|p2|Garganacl, L50, F|\n|poke|p2|Ting-Lu, L50|\n|poke|p2|Annihilape, L50, F|\n|poke|p2|Arcanine, L50, M|\n|poke|p2|Amoonguss, L50, M|\n|teampreview|4\n|inactive|Battle timer is ON: inactive players will automatically lose when time's up. (requested by xzymandias)\n|inactive|Vengeful potato has 60 seconds left.\n|inactive|xzymandias has 60 seconds left.\n|\n|t:|1682809839\n|start\n|switch|p1a: Iron Treads|Iron Treads, L50|100\/100\n|switch|p1b: Gyarados|Gyarados, L50, M|100\/100\n|switch|p2a: Annihilape|Annihilape, L50, F|100\/100\n|switch|p2b: Ting-Lu|Ting-Lu, L50|100\/100\n|-ability|p1b: Gyarados|Intimidate|boost\n|-unboost|p2a: Annihilape|atk|1\n|-ability|p2a: Annihilape|Defiant|boost\n|-boost|p2a: Annihilape|atk|2\n|-unboost|p2b: Ting-Lu|atk|1\n|-ability|p2b: Ting-Lu|Vessel of Ruin\n|turn|1\n|\n|t:|1682809856\n|-end|p1a: Iron Treads|Quark Drive|[silent]\n|switch|p1a: Wo-Chien|Wo-Chien, L50|100\/100\n|-ability|p1a: Wo-Chien|Tablets of Ruin\n|move|p2a: Annihilape|Low Kick|p1a: Wo-Chien\n|-supereffective|p1a: Wo-Chien\n|-damage|p1a: Wo-Chien|41\/100\n|move|p1b: Gyarados|Thunder Wave|p2a: Annihilape\n|-status|p2a: Annihilape|par\n|move|p2b: Ting-Lu|Ruination|p1b: Gyarados\n|-damage|p1b: Gyarados|51\/100\n|\n|-heal|p1a: Wo-Chien|47\/100|[from] item: Leftovers\n|upkeep\n|turn|2\n|inactive|Vengeful potato has 30 seconds left.\n|\n|t:|1682809885\n|switch|p1a: Armarouge|Armarouge, L50, F, shiny|100\/100\n|move|p2a: Annihilape|Low Kick|p1a: Armarouge\n|-resisted|p1a: Armarouge\n|-damage|p1a: Armarouge|77\/100\n|move|p1b: Gyarados|Waterfall|p2b: Ting-Lu\n|-supereffective|p2b: Ting-Lu\n|-damage|p2b: Ting-Lu|59\/100\n|move|p2b: Ting-Lu|Ruination|p1b: Gyarados|[miss]\n|-miss|p2b: Ting-Lu|p1b: Gyarados\n|\n|upkeep\n|turn|3\n|\n|t:|1682809906\n|switch|p2a: Arcanine|Arcanine, L50, M|100\/100\n|-ability|p2a: Arcanine|Intimidate|boost\n|-unboost|p1a: Armarouge|atk|1\n|-unboost|p1b: Gyarados|atk|1\n|move|p1a: Armarouge|Psyshock|p2a: Arcanine\n|-damage|p2a: Arcanine|75\/100\n|move|p1b: Gyarados|Waterfall|p2a: Arcanine\n|-supereffective|p2a: Arcanine\n|-damage|p2a: Arcanine|32\/100\n|move|p2b: Ting-Lu|Stomping Tantrum|p1a: Armarouge\n|-supereffective|p1a: Armarouge\n|-damage|p1a: Armarouge|4\/100\n|\n|upkeep\n|turn|4\n|inactive|Vengeful potato has 30 seconds left.\n|\n|t:|1682809932\n|switch|p1a: Wo-Chien|Wo-Chien, L50|47\/100\n|-ability|p1a: Wo-Chien|Tablets of Ruin\n|switch|p2a: Annihilape|Annihilape, L50, F|100\/100 par\n|move|p1b: Gyarados|Waterfall|p2a: Annihilape\n|-damage|p2a: Annihilape|84\/100 par\n|move|p2b: Ting-Lu|Ruination|p1b: Gyarados\n|-damage|p1b: Gyarados|26\/100\n|\n|-heal|p1a: Wo-Chien|52\/100|[from] item: Leftovers\n|upkeep\n|turn|5\n|\n|t:|1682809949\n|move|p2a: Annihilape|Rage Fist|p1b: Gyarados\n|-damage|p1b: Gyarados|0 fnt\n|faint|p1b: Gyarados\n|move|p1a: Wo-Chien|Leech Seed|p1: Gyarados|[notarget]\n|-fail|p1a: Wo-Chien\n|move|p2b: Ting-Lu|Stomping Tantrum|p1a: Wo-Chien\n|-resisted|p1a: Wo-Chien\n|-damage|p1a: Wo-Chien|47\/100\n|\n|-heal|p1a: Wo-Chien|52\/100|[from] item: Leftovers\n|upkeep\n|\n|t:|1682809956\n|switch|p1b: Armarouge|Armarouge, L50, F, shiny|4\/100\n|turn|6\n|\n|t:|1682809966\n|move|p1b: Armarouge|Ally Switch|p1b: Armarouge\n|swap|p1b: Armarouge|0|[from] move: Ally Switch\n|cant|p2a: Annihilape|par\n|move|p1b: Wo-Chien|Leech Seed|p2b: Ting-Lu\n|-start|p2b: Ting-Lu|move: Leech Seed\n|move|p2b: Ting-Lu|Ruination|p1a: Armarouge\n|-damage|p1a: Armarouge|3\/100\n|\n|-heal|p1b: Wo-Chien|58\/100|[from] item: Leftovers\n|-damage|p2b: Ting-Lu|47\/100|[from] Leech Seed|[of] p1b: Wo-Chien\n|-heal|p1b: Wo-Chien|74\/100|[silent]\n|upkeep\n|turn|7\n|\n|t:|1682809979\n|switch|p2b: Garganacl|Garganacl, L50, F, shiny|100\/100\n|cant|p2a: Annihilape|par\n|move|p1b: Wo-Chien|Pollen Puff|p1a: Armarouge\n|-heal|p1a: Armarouge|52\/100\n|move|p1a: Armarouge|Psyshock|p2a: Annihilape\n|-supereffective|p2a: Annihilape\n|-damage|p2a: Annihilape|6\/100 par\n|\n|-heal|p1b: Wo-Chien|80\/100|[from] item: Leftovers\n|upkeep\n|turn|8\n|\n|t:|1682809999\n|move|p2a: Annihilape|Rage Fist|p1a: Armarouge\n|-supereffective|p1a: Armarouge\n|-enditem|p1a: Armarouge|Kasib Berry|[eat]\n|-enditem|p1a: Armarouge|Kasib Berry|[weaken]\n|-damage|p1a: Armarouge|13\/100\n|move|p1a: Armarouge|Psyshock|p2a: Annihilape\n|-supereffective|p2a: Annihilape\n|-damage|p2a: Annihilape|0 fnt\n|faint|p2a: Annihilape\n|move|p1b: Wo-Chien|Leech Seed|p2b: Garganacl\n|-start|p2b: Garganacl|move: Leech Seed\n|move|p2b: Garganacl|Salt Cure|p1b: Wo-Chien\n|-damage|p1b: Wo-Chien|71\/100\n|-start|p1b: Wo-Chien|Salt Cure\n|\n|-heal|p1b: Wo-Chien|76\/100|[from] item: Leftovers\n|-damage|p2b: Garganacl|88\/100|[from] Leech Seed|[of] p1b: Wo-Chien\n|-heal|p1b: Wo-Chien|90\/100|[silent]\n|-damage|p1b: Wo-Chien|77\/100|[from] Salt Cure\n|upkeep\n|\n|t:|1682810012\n|switch|p2a: Arcanine|Arcanine, L50, M|32\/100\n|-ability|p2a: Arcanine|Intimidate|boost\n|-unboost|p1a: Armarouge|atk|1\n|-unboost|p1b: Wo-Chien|atk|1\n|turn|9\n|\n|t:|1682810023\n|switch|p2b: Ting-Lu|Ting-Lu, L50|47\/100\n|-ability|p2b: Ting-Lu|Vessel of Ruin\n|move|p2a: Arcanine|Extreme Speed|p1a: Armarouge\n|-damage|p1a: Armarouge|0 fnt\n|faint|p1a: Armarouge\n|move|p1b: Wo-Chien|Leech Seed|p2a: Arcanine\n|-start|p2a: Arcanine|move: Leech Seed\n|\n|-heal|p1b: Wo-Chien|83\/100|[from] item: Leftovers\n|-damage|p2a: Arcanine|20\/100|[from] Leech Seed|[of] p1b: Wo-Chien\n|-heal|p1b: Wo-Chien|95\/100|[silent]\n|-damage|p1b: Wo-Chien|83\/100|[from] Salt Cure\n|upkeep\n|\n|t:|1682810028\n|switch|p1a: Iron Treads|Iron Treads, L50|100\/100\n|turn|10\n|\n|t:|1682810038\n|switch|p2a: Garganacl|Garganacl, L50, F, shiny|88\/100\n|move|p1a: Iron Treads|Ice Spinner|p2b: Ting-Lu\n|-supereffective|p2b: Ting-Lu\n|-damage|p2b: Ting-Lu|27\/100\n|move|p1b: Wo-Chien|Pollen Puff|p2b: Ting-Lu\n|-supereffective|p2b: Ting-Lu\n|-damage|p2b: Ting-Lu|14\/100\n|move|p2b: Ting-Lu|Stomping Tantrum|p1a: Iron Treads\n|-supereffective|p1a: Iron Treads\n|-damage|p1a: Iron Treads|62\/100\n|\n|-heal|p1b: Wo-Chien|89\/100|[from] item: Leftovers\n|-damage|p1b: Wo-Chien|77\/100|[from] Salt Cure\n|upkeep\n|turn|11\n|\n|t:|1682810056\n|switch|p2b: Arcanine|Arcanine, L50, M|20\/100\n|-ability|p2b: Arcanine|Intimidate|boost\n|-unboost|p1a: Iron Treads|atk|1\n|-unboost|p1b: Wo-Chien|atk|1\n|-terastallize|p2a: Garganacl|Ghost\n|move|p1a: Iron Treads|Iron Head|p2a: Garganacl\n|-damage|p2a: Garganacl|75\/100\n|move|p1b: Wo-Chien|Pollen Puff|p2b: Arcanine\n|-resisted|p2b: Arcanine\n|-damage|p2b: Arcanine|10\/100\n|move|p2a: Garganacl|Salt Cure|p1a: Iron Treads\n|-resisted|p1a: Iron Treads\n|-damage|p1a: Iron Treads|60\/100\n|-start|p1a: Iron Treads|Salt Cure\n|\n|-heal|p1b: Wo-Chien|83\/100|[from] item: Leftovers\n|-damage|p1a: Iron Treads|35\/100|[from] Salt Cure\n|-damage|p1b: Wo-Chien|71\/100|[from] Salt Cure\n|upkeep\n|turn|12\n|inactive|xzymandias has 30 seconds left.\n|inactive|Vengeful potato has 30 seconds left.\n|\n|t:|1682810089\n|move|p2a: Garganacl|Protect|p2a: Garganacl\n|-singleturn|p2a: Garganacl|Protect\n|move|p1a: Iron Treads|Iron Head|p2b: Arcanine\n|-resisted|p2b: Arcanine\n|-damage|p2b: Arcanine|2\/100\n|move|p1b: Wo-Chien|Leech Seed|p2a: Garganacl\n|-activate|p2a: Garganacl|move: Protect\n|move|p2b: Arcanine|Flare Blitz|p1b: Wo-Chien\n|-supereffective|p1b: Wo-Chien\n|-damage|p1b: Wo-Chien|11\/100\n|-damage|p2b: Arcanine|0 fnt|[from] Recoil\n|faint|p2b: Arcanine\n|\n|-heal|p1b: Wo-Chien|17\/100|[from] item: Leftovers\n|-damage|p1a: Iron Treads|10\/100|[from] Salt Cure\n|-damage|p1b: Wo-Chien|5\/100|[from] Salt Cure\n|upkeep\n|\n|t:|1682810098\n|switch|p2b: Ting-Lu|Ting-Lu, L50|14\/100\n|-ability|p2b: Ting-Lu|Vessel of Ruin\n|turn|13\n|\n|t:|1682810106\n|move|p1a: Iron Treads|Iron Head|p2b: Ting-Lu\n|-damage|p2b: Ting-Lu|3\/100\n|move|p1b: Wo-Chien|Leech Seed|p2a: Garganacl\n|-start|p2a: Garganacl|move: Leech Seed\n|move|p2a: Garganacl|Recover|p2a: Garganacl\n|-heal|p2a: Garganacl|100\/100\n|move|p2b: Ting-Lu|Stomping Tantrum|p1a: Iron Treads\n|-supereffective|p1a: Iron Treads\n|-damage|p1a: Iron Treads|0 fnt\n|faint|p1a: Iron Treads\n|-end|p1a: Iron Treads|Quark Drive|[silent]\n|\n|-heal|p1b: Wo-Chien|10\/100|[from] item: Leftovers\n|-damage|p2a: Garganacl|88\/100|[from] Leech Seed|[of] p1b: Wo-Chien\n|-heal|p1b: Wo-Chien|24\/100|[silent]\n|-damage|p1b: Wo-Chien|11\/100|[from] Salt Cure\n|upkeep\n|turn|14\n|\n|t:|1682810117\n|move|p1b: Wo-Chien|Protect|p1b: Wo-Chien\n|-singleturn|p1b: Wo-Chien|Protect\n|move|p2a: Garganacl|Salt Cure|p1b: Wo-Chien\n|-activate|p1b: Wo-Chien|move: Protect\n|move|p2b: Ting-Lu|Stomping Tantrum|p1b: Wo-Chien\n|-activate|p1b: Wo-Chien|move: Protect\n|\n|-heal|p1b: Wo-Chien|17\/100|[from] item: Leftovers\n|-damage|p2a: Garganacl|76\/100|[from] Leech Seed|[of] p1b: Wo-Chien\n|-heal|p1b: Wo-Chien|30\/100|[silent]\n|-damage|p1b: Wo-Chien|18\/100|[from] Salt Cure\n|upkeep\n|turn|15\n|\n|t:|1682810126\n|move|p1b: Wo-Chien|Pollen Puff|p2b: Ting-Lu\n|-supereffective|p2b: Ting-Lu\n|-damage|p2b: Ting-Lu|0 fnt\n|faint|p2b: Ting-Lu\n|move|p2a: Garganacl|Salt Cure|p1b: Wo-Chien\n|-damage|p1b: Wo-Chien|10\/100\n|\n|-heal|p1b: Wo-Chien|16\/100|[from] item: Leftovers\n|-damage|p2a: Garganacl|64\/100|[from] Leech Seed|[of] p1b: Wo-Chien\n|-heal|p1b: Wo-Chien|29\/100|[silent]\n|-damage|p1b: Wo-Chien|17\/100|[from] Salt Cure\n|upkeep\n|turn|16\n|\n|t:|1682810135\n|move|p1b: Wo-Chien|Taunt|p2a: Garganacl\n|-start|p2a: Garganacl|move: Taunt\n|move|p2a: Garganacl|Salt Cure|p1b: Wo-Chien\n|-damage|p1b: Wo-Chien|8\/100\n|\n|-heal|p1b: Wo-Chien|14\/100|[from] item: Leftovers\n|-damage|p2a: Garganacl|52\/100|[from] Leech Seed|[of] p1b: Wo-Chien\n|-heal|p1b: Wo-Chien|27\/100|[silent]\n|-damage|p1b: Wo-Chien|15\/100|[from] Salt Cure\n|upkeep\n|turn|17\n|\n|t:|1682810145\n|move|p1b: Wo-Chien|Pollen Puff|p2a: Garganacl\n|-resisted|p2a: Garganacl\n|-damage|p2a: Garganacl|45\/100\n|-enditem|p2a: Garganacl|Sitrus Berry|[eat]\n|-heal|p2a: Garganacl|70\/100|[from] item: Sitrus Berry\n|move|p2a: Garganacl|Salt Cure|p1b: Wo-Chien\n|-damage|p1b: Wo-Chien|6\/100\n|\n|-heal|p1b: Wo-Chien|11\/100|[from] item: Leftovers\n|-damage|p2a: Garganacl|58\/100|[from] Leech Seed|[of] p1b: Wo-Chien\n|-heal|p1b: Wo-Chien|25\/100|[silent]\n|-damage|p1b: Wo-Chien|13\/100|[from] Salt Cure\n|upkeep\n|turn|18\n|\n|t:|1682810158\n|move|p1b: Wo-Chien|Protect|p1b: Wo-Chien\n|-singleturn|p1b: Wo-Chien|Protect\n|move|p2a: Garganacl|Salt Cure|p1b: Wo-Chien\n|-activate|p1b: Wo-Chien|move: Protect\n|\n|-heal|p1b: Wo-Chien|18\/100|[from] item: Leftovers\n|-damage|p2a: Garganacl|46\/100|[from] Leech Seed|[of] p1b: Wo-Chien\n|-heal|p1b: Wo-Chien|31\/100|[silent]\n|-damage|p1b: Wo-Chien|19\/100|[from] Salt Cure\n|-end|p2a: Garganacl|move: Taunt\n|upkeep\n|turn|19\n|\n|t:|1682810168\n|move|p1b: Wo-Chien|Taunt|p2a: Garganacl\n|-start|p2a: Garganacl|move: Taunt\n|cant|p2a: Garganacl|move: Taunt|Recover\n|\n|-heal|p1b: Wo-Chien|25\/100|[from] item: Leftovers\n|-damage|p2a: Garganacl|34\/100|[from] Leech Seed|[of] p1b: Wo-Chien\n|-heal|p1b: Wo-Chien|38\/100|[silent]\n|-damage|p1b: Wo-Chien|26\/100|[from] Salt Cure\n|upkeep\n|turn|20\n|\n|t:|1682810173\n|move|p1b: Wo-Chien|Pollen Puff|p2a: Garganacl\n|-resisted|p2a: Garganacl\n|-damage|p2a: Garganacl|27\/100\n|move|p2a: Garganacl|Salt Cure|p1b: Wo-Chien\n|-damage|p1b: Wo-Chien|18\/100\n|\n|-heal|p1b: Wo-Chien|24\/100|[from] item: Leftovers\n|-damage|p2a: Garganacl|15\/100|[from] Leech Seed|[of] p1b: Wo-Chien\n|-heal|p1b: Wo-Chien|37\/100|[silent]\n|-damage|p1b: Wo-Chien|25\/100|[from] Salt Cure\n|upkeep\n|turn|21\n|\n|t:|1682810183\n|move|p1b: Wo-Chien|Protect|p1b: Wo-Chien\n|-singleturn|p1b: Wo-Chien|Protect\n|move|p2a: Garganacl|Salt Cure|p1b: Wo-Chien\n|-activate|p1b: Wo-Chien|move: Protect\n|\n|-heal|p1b: Wo-Chien|30\/100|[from] item: Leftovers\n|-damage|p2a: Garganacl|3\/100|[from] Leech Seed|[of] p1b: Wo-Chien\n|-heal|p1b: Wo-Chien|43\/100|[silent]\n|-damage|p1b: Wo-Chien|31\/100|[from] Salt Cure\n|-end|p2a: Garganacl|move: Taunt\n|upkeep\n|turn|22\n|\n|t:|1682810186\n|move|p1b: Wo-Chien|Pollen Puff|p2a: Garganacl\n|-resisted|p2a: Garganacl\n|-damage|p2a: Garganacl|0 fnt\n|faint|p2a: Garganacl\n|\n|win|Vengeful potato\n|raw|Vengeful potato's rating: 1190 → 1220<\/strong> (+30 for winning)\n|raw|xzymandias's rating: 1257 → 1227<\/strong> (-30 for losing)\n|l|\u2606xzymandias\n|c|\u2606Vengeful potato|Ggs\n","uploadtime":1682810193,"views":17,"p1id":"vengefulpotato","p2id":"xzymandias","formatid":"gen9vgc2023regulationc","rating":1220,"private":0,"password":""}