{"id":"gen9vgc2023regulationc-1858371086","p1":"taterstotz","p2":"Kianianian","format":"[Gen 9] VGC 2023 Regulation C","log":"|j|\u2606taterstotz\n|j|\u2606Kianianian\n|t:|1683306169\n|gametype|doubles\n|player|p1|taterstotz|2|1162\n|player|p2|Kianianian|lucas|1120\n|teamsize|p1|6\n|teamsize|p2|6\n|gen|9\n|tier|[Gen 9] VGC 2023 Regulation C\n|rated|\n|rule|Species Clause: Limit one of each Pok\u00e9mon\n|rule|Item Clause: Limit one of each item\n|clearpoke\n|poke|p1|Grafaiai, L50, F|\n|poke|p1|Slaking, L50, F|\n|poke|p1|Maushold, L50|\n|poke|p1|Annihilape, L50, M|\n|poke|p1|Ting-Lu, L50|\n|poke|p1|Flutter Mane, L50|\n|poke|p2|Espathra, L50, F|\n|poke|p2|Flutter Mane, L50|\n|poke|p2|Glimmora, L50, M|\n|poke|p2|Sandy Shocks, L50|\n|poke|p2|Maushold, L50|\n|poke|p2|Grimmsnarl, L50, M|\n|teampreview|4\n|inactive|Battle timer is ON: inactive players will automatically lose when time's up. (requested by Kianianian)\ntaterstotz has agreed to open team sheets.\n|\n|t:|1683306195\n|start\n|switch|p1a: Grafaiai|Grafaiai, L50, F|100\/100\n|switch|p1b: Slaking|Slaking, L50, F|100\/100\n|switch|p2a: Sandy Shocks|Sandy Shocks, L50|100\/100\n|switch|p2b: Espathra|Espathra, L50, F|100\/100\n|turn|1\n|\n|t:|1683306213\n|move|p1a: Grafaiai|Doodle|p2b: Espathra\n|-endability|p1a: Grafaiai|Prankster|[from] move: Doodle\n|-ability|p1a: Grafaiai|Speed Boost|[from] move: Doodle\n|-endability|p1b: Slaking|Truant|[from] move: Doodle\n|-ability|p1b: Slaking|Speed Boost|[from] move: Doodle\n|move|p2a: Sandy Shocks|Gravity|p2a: Sandy Shocks\n|-fieldstart|move: Gravity\n|move|p2b: Espathra|Hypnosis|p1b: Slaking\n|-status|p1b: Slaking|slp|[from] move: Hypnosis\n|cant|p1b: Slaking|slp\n|\n|-ability|p2b: Espathra|Speed Boost|boost\n|-boost|p2b: Espathra|spe|1\n|-ability|p1b: Slaking|Speed Boost|boost\n|-boost|p1b: Slaking|spe|1\n|-ability|p1a: Grafaiai|Speed Boost|boost\n|-boost|p1a: Grafaiai|spe|1\n|upkeep\n|turn|2\n|\n|t:|1683306233\n|move|p2b: Espathra|Lumina Crash|p1b: Slaking\n|-damage|p1b: Slaking|74\/100 slp\n|cant|p1b: Slaking|slp\n|move|p2a: Sandy Shocks|Volt Switch|p1b: Slaking\n|-damage|p1b: Slaking|48\/100 slp\n|\n|t:|1683306240\n|-end|p2a: Sandy Shocks|Protosynthesis|[silent]\n|switch|p2a: Flutter Mane|Flutter Mane, L50|100\/100|[from] Volt Switch\n|-enditem|p2a: Flutter Mane|Booster Energy\n|-activate|p2a: Flutter Mane|ability: Protosynthesis|[fromitem]\n|-start|p2a: Flutter Mane|protosynthesisspa\n|move|p1a: Grafaiai|Encore||[still]\n|-fail|p1a: Grafaiai\n|\n|-ability|p2b: Espathra|Speed Boost|boost\n|-boost|p2b: Espathra|spe|1\n|-ability|p1b: Slaking|Speed Boost|boost\n|-boost|p1b: Slaking|spe|1\n|-ability|p1a: Grafaiai|Speed Boost|boost\n|-boost|p1a: Grafaiai|spe|1\n|upkeep\n|turn|3\n|\n|t:|1683306256\n|switch|p1a: Ting-Lu|Ting-Lu, L50|100\/100\n|-ability|p1a: Ting-Lu|Vessel of Ruin\n|-terastallize|p2a: Flutter Mane|Fairy\n|move|p2b: Espathra|Hypnosis|p1a: Ting-Lu\n|-status|p1a: Ting-Lu|slp|[from] move: Hypnosis\n|-curestatus|p1b: Slaking|slp|[msg]\n|move|p1b: Slaking|Heavy Slam|p2a: Flutter Mane\n|-supereffective|p2a: Flutter Mane\n|-damage|p2a: Flutter Mane|0 fnt\n|faint|p2a: Flutter Mane\n|-end|p2a: Flutter Mane|Protosynthesis|[silent]\n|\n|-ability|p2b: Espathra|Speed Boost|boost\n|-boost|p2b: Espathra|spe|1\n|-ability|p1b: Slaking|Speed Boost|boost\n|-boost|p1b: Slaking|spe|1\n|upkeep\n|\n|t:|1683306272\n|switch|p2a: Sandy Shocks|Sandy Shocks, L50|100\/100\n|turn|4\n|\n|t:|1683306283\n|move|p2b: Espathra|Hypnosis|p1b: Slaking\n|-status|p1b: Slaking|slp|[from] move: Hypnosis\n|cant|p1b: Slaking|slp\n|move|p2a: Sandy Shocks|Volt Switch|p1b: Slaking\n|-damage|p1b: Slaking|26\/100 slp\n|\n|t:|1683306290\n|-end|p2a: Sandy Shocks|Protosynthesis|[silent]\n|switch|p2a: Maushold|Maushold, L50|100\/100|[from] Volt Switch\n|cant|p1a: Ting-Lu|slp\n|\n|-ability|p2b: Espathra|Speed Boost|boost\n|-boost|p2b: Espathra|spe|1\n|-ability|p1b: Slaking|Speed Boost|boost\n|-boost|p1b: Slaking|spe|1\n|upkeep\n|turn|5\n|\n|t:|1683306301\n|move|p2b: Espathra|Lumina Crash|p1b: Slaking\n|-damage|p1b: Slaking|7\/100 slp\n|-curestatus|p1b: Slaking|slp|[msg]\n|move|p1b: Slaking|Drain Punch|p2a: Maushold\n|-supereffective|p2a: Maushold\n|-damage|p2a: Maushold|35\/100\n|-heal|p1b: Slaking|27\/100|[from] drain|[of] p2a: Maushold\n|move|p2a: Maushold|Population Bomb|p1a: Ting-Lu\n|-damage|p1a: Ting-Lu|97\/100 slp\n|-damage|p1a: Ting-Lu|94\/100 slp\n|-crit|p1a: Ting-Lu\n|-damage|p1a: Ting-Lu|89\/100 slp\n|-damage|p1a: Ting-Lu|86\/100 slp\n|-damage|p1a: Ting-Lu|82\/100 slp\n|-damage|p1a: Ting-Lu|79\/100 slp\n|-damage|p1a: Ting-Lu|75\/100 slp\n|-damage|p1a: Ting-Lu|73\/100 slp\n|-damage|p1a: Ting-Lu|69\/100 slp\n|-damage|p1a: Ting-Lu|66\/100 slp\n|-hitcount|p1a: Ting-Lu|10\n|cant|p1a: Ting-Lu|slp\n|\n|-fieldend|move: Gravity\n|-ability|p2b: Espathra|Speed Boost|boost\n|-boost|p2b: Espathra|spe|1\n|-ability|p1b: Slaking|Speed Boost|boost\n|-boost|p1b: Slaking|spe|1\n|upkeep\n|turn|6\n|\n|t:|1683306319\n|move|p2b: Espathra|Hypnosis|p1b: Slaking|[miss]\n|-miss|p2b: Espathra|p1b: Slaking\n|move|p1b: Slaking|Drain Punch|p2a: Maushold\n|-supereffective|p2a: Maushold\n|-damage|p2a: Maushold|0 fnt\n|-heal|p1b: Slaking|38\/100|[from] drain|[of] p2a: Maushold\n|faint|p2a: Maushold\n|-curestatus|p1a: Ting-Lu|slp|[msg]\n|move|p1a: Ting-Lu|Earthquake|p2b: Espathra|[spread] p1b,p2b\n|-damage|p1b: Slaking|11\/100\n|-damage|p2b: Espathra|35\/100\n|\n|-ability|p2b: Espathra|Speed Boost|boost\n|-boost|p2b: Espathra|spe|1\n|-ability|p1b: Slaking|Speed Boost|boost\n|-boost|p1b: Slaking|spe|1\n|upkeep\n|\n|t:|1683306329\n|switch|p2a: Sandy Shocks|Sandy Shocks, L50|100\/100\n|turn|7\n|\n|t:|1683306336\n|move|p2b: Espathra|Protect|p2b: Espathra\n|-singleturn|p2b: Espathra|Protect\n|move|p1b: Slaking|Earthquake|p2b: Espathra|[spread] p1a,p2a\n|-activate|p2b: Espathra|move: Protect\n|-supereffective|p2a: Sandy Shocks\n|-crit|p2a: Sandy Shocks\n|-damage|p1a: Ting-Lu|47\/100\n|-damage|p2a: Sandy Shocks|1\/100\n|move|p2a: Sandy Shocks|Earth Power|p1a: Ting-Lu\n|-damage|p1a: Ting-Lu|28\/100\n|move|p1a: Ting-Lu|Earthquake|p2b: Espathra|[spread] p1b,p2a\n|-activate|p2b: Espathra|move: Protect\n|-supereffective|p2a: Sandy Shocks\n|-damage|p1b: Slaking|0 fnt\n|-damage|p2a: Sandy Shocks|0 fnt\n|faint|p1b: Slaking\n|faint|p2a: Sandy Shocks\n|-end|p2a: Sandy Shocks|Protosynthesis|[silent]\n|\n|upkeep\n|\n|t:|1683306348\n|switch|p1b: Maushold|Maushold, L50|100\/100\n|turn|8\n|-message|Kianianian forfeited.\n|\n|win|taterstotz\n|raw|taterstotz's rating: 1162 → 1184<\/strong> (+22 for winning)\n|raw|Kianianian's rating: 1120 → 1098<\/strong> (-22 for losing)\n|l|\u2606Kianianian\n","uploadtime":1683306360,"views":17,"p1id":"taterstotz","p2id":"kianianian","formatid":"gen9vgc2023regulationc","rating":1098,"private":0,"password":""}