{"id":"gen9vgc2023regulationc-1847919156","p1":"Alaskan_fisher","p2":"PokestarL94","format":"[Gen 9] VGC 2023 Regulation C","log":"|j|\u2606Alaskan_fisher\n|j|\u2606PokestarL94\n|t:|1682012669\n|gametype|doubles\n|player|p1|Alaskan_fisher|fisherman-gen4|1180\n|player|p2|PokestarL94|n|1185\n|teamsize|p1|6\n|teamsize|p2|6\n|gen|9\n|tier|[Gen 9] VGC 2023 Regulation C\n|rated|\n|rule|Species Clause: Limit one of each Pok\u00e9mon\n|rule|Item Clause: Limit one of each item\n|clearpoke\n|poke|p1|Palafin, L50, F|\n|poke|p1|Flutter Mane, L50|\n|poke|p1|Arcanine, L50, M|\n|poke|p1|Chien-Pao, L50|\n|poke|p1|Iron Hands, L50|\n|poke|p1|Amoonguss, L50, F|\n|poke|p2|Sableye, L50, M|\n|poke|p2|Flutter Mane, L50|\n|poke|p2|Chien-Pao, L50|\n|poke|p2|Dragonite, L50, M|\n|poke|p2|Arcanine, L50, M|\n|poke|p2|Great Tusk, L50|\n|teampreview|4\n|inactive|Battle timer is ON: inactive players will automatically lose when time's up. (requested by PokestarL94)\nAlaskan_fisher has agreed to open team sheets.\nPokestarL94 has agreed to open team sheets.\n|inactive|Alaskan_fisher has 60 seconds left.\n|inactive|PokestarL94 has 60 seconds left.\n|inactive|Alaskan_fisher has 30 seconds left.\n|inactive|PokestarL94 has 30 seconds left.\n|inactive|Alaskan_fisher has 20 seconds left.\n|inactive|PokestarL94 has 20 seconds left.\n|inactive|Alaskan_fisher has 15 seconds left.\n|\n|t:|1682012747\n|start\n|switch|p1a: Arcanine|Arcanine, L50, M|100\/100\n|switch|p1b: Iron Hands|Iron Hands, L50|100\/100\n|switch|p2a: Chien-Pao|Chien-Pao, L50|100\/100\n|switch|p2b: Dragonite|Dragonite, L50, M|100\/100\n|-ability|p2a: Chien-Pao|Sword of Ruin\n|-ability|p1a: Arcanine|Intimidate|boost\n|-unboost|p2a: Chien-Pao|atk|1\n|-fail|p2b: Dragonite|unboost|Attack|[from] ability: Inner Focus|[of] p2b: Dragonite\n|turn|1\n|inactive|Alaskan_fisher has 30 seconds left.\n|\n|t:|1682012773\n|-terastallize|p2b: Dragonite|Normal\n|move|p2a: Chien-Pao|Protect|p2a: Chien-Pao\n|-singleturn|p2a: Chien-Pao|Protect\n|move|p1b: Iron Hands|Fake Out|p2a: Chien-Pao\n|-activate|p2a: Chien-Pao|move: Protect\n|move|p2b: Dragonite|Extreme Speed|p1a: Arcanine\n|-damage|p1a: Arcanine|0 fnt\n|faint|p1a: Arcanine\n|\n|upkeep\n|\n|t:|1682012785\n|switch|p1a: Melameneo|Flutter Mane, L50|100\/100\n|-enditem|p1a: Melameneo|Booster Energy\n|-activate|p1a: Melameneo|ability: Protosynthesis|[fromitem]\n|-start|p1a: Melameneo|protosynthesisspe\n|turn|2\n|\n|t:|1682012796\n|-end|p1b: Iron Hands|Quark Drive|[silent]\n|switch|p1b: Amoonguss|Amoonguss, L50, F|100\/100\n|-terastallize|p1a: Melameneo|Fairy\n|move|p2b: Dragonite|Extreme Speed|p1b: Amoonguss\n|-damage|p1b: Amoonguss|19\/100\n|-status|p2b: Dragonite|par|[from] ability: Effect Spore|[of] p1b: Amoonguss\n|-enditem|p1b: Amoonguss|Sitrus Berry|[eat]\n|-heal|p1b: Amoonguss|44\/100|[from] item: Sitrus Berry\n|move|p2a: Chien-Pao|Sucker Punch|p1a: Melameneo\n|-resisted|p1a: Melameneo\n|-damage|p1a: Melameneo|73\/100\n|move|p1a: Melameneo|Moonblast|p2a: Chien-Pao\n|-supereffective|p2a: Chien-Pao\n|-enditem|p2a: Chien-Pao|Focus Sash\n|-damage|p2a: Chien-Pao|1\/100\n|-unboost|p2a: Chien-Pao|spa|1\n|\n|upkeep\n|turn|3\n|inactive|Alaskan_fisher has 30 seconds left.\n|\n|t:|1682012821\n|cant|p2b: Dragonite|par\n|move|p1b: Amoonguss|Rage Powder|p1b: Amoonguss\n|-singleturn|p1b: Amoonguss|move: Rage Powder\n|move|p1a: Melameneo|Icy Wind|p2a: Chien-Pao|[spread] p2a,p2b\n|-resisted|p2a: Chien-Pao\n|-damage|p2a: Chien-Pao|0 fnt\n|-damage|p2b: Dragonite|87\/100 par\n|-unboost|p2b: Dragonite|spe|1\n|faint|p2a: Chien-Pao\n|\n|upkeep\n|\n|t:|1682012833\n|switch|p2a: Great Tusk|Great Tusk, L50, shiny|100\/100\n|turn|4\n|\n|t:|1682012842\n|switch|p1b: Iron Hands|Iron Hands, L50|100\/100\n|move|p2b: Dragonite|Extreme Speed|p1b: Iron Hands\n|-damage|p1b: Iron Hands|57\/100\n|move|p1a: Melameneo|Moonblast|p2a: Great Tusk\n|-supereffective|p2a: Great Tusk\n|-damage|p2a: Great Tusk|0 fnt\n|faint|p2a: Great Tusk\n|-end|p2a: Great Tusk|Protosynthesis|[silent]\n|\n|upkeep\n|\n|t:|1682012856\n|switch|p2a: Flutter Mane|Flutter Mane, L50, shiny|100\/100\n|turn|5\n|\n|t:|1682012876\n|move|p2b: Dragonite|Extreme Speed|p1a: Melameneo\n|-damage|p1a: Melameneo|0 fnt\n|faint|p1a: Melameneo\n|-end|p1a: Melameneo|Protosynthesis|[silent]\n|move|p2a: Flutter Mane|Moonblast|p1b: Iron Hands\n|-supereffective|p1b: Iron Hands\n|-damage|p1b: Iron Hands|0 fnt\n|faint|p1b: Iron Hands\n|-end|p1b: Iron Hands|Quark Drive|[silent]\n|\n|upkeep\n|-message|Alaskan_fisher forfeited.\n|\n|win|PokestarL94\n|raw|Alaskan_fisher's rating: 1180 → 1155<\/strong> (-25 for losing)\n|raw|PokestarL94's rating: 1185 → 1210<\/strong> (+25 for winning)\n|l|\u2606Alaskan_fisher\n|l|\u2606PokestarL94\n|j|\u2606Alaskan_fisher\n|player|p1|Alaskan_fisher|fisherman-gen4\n","uploadtime":1682012904,"views":11,"p1id":"alaskanfisher","p2id":"pokestarl94","formatid":"gen9vgc2023regulationc","rating":1155,"private":0,"password":""}