{"id":"gen9vgc2023regulationc-1852489091","p1":"ImIsolde","p2":"aiex72","format":"[Gen 9] VGC 2023 Regulation C","log":"|j|\u2606ImIsolde\n|j|\u2606aiex72\n|t:|1682564246\n|gametype|doubles\n|player|p1|ImIsolde|cynthia-gen4|1096\n|player|p2|aiex72|102|1187\n|teamsize|p1|6\n|teamsize|p2|6\n|gen|9\n|tier|[Gen 9] VGC 2023 Regulation C\n|rated|\n|rule|Species Clause: Limit one of each Pok\u00e9mon\n|rule|Item Clause: Limit one of each item\n|clearpoke\n|poke|p1|Chi-Yu, L50|\n|poke|p1|Espeon, L50, F|\n|poke|p1|Umbreon, L50, F|\n|poke|p1|Vaporeon, L50, F|\n|poke|p1|Leafeon, L50, M|\n|poke|p1|Sylveon, L50, M|\n|poke|p2|Dondozo, L50, M|\n|poke|p2|Tatsugiri, L50, M|\n|poke|p2|Torkoal, L50, F|\n|poke|p2|Brute Bonnet, L50|\n|poke|p2|Hatterene, L50, F|\n|poke|p2|Amoonguss, L50, M|\n|teampreview|4\n|\n|t:|1682564279\n|start\n|switch|p1a: Chi-Yu|Chi-Yu, L50|100\/100\n|switch|p1b: Sylveon|Sylveon, L50, M, shiny|100\/100\n|switch|p2a: Hatterene|Hatterene, L50, F|100\/100\n|switch|p2b: Amoonguss|Amoonguss, L50, M|100\/100\n|-ability|p1a: Chi-Yu|Beads of Ruin\n|turn|1\n|inactive|Battle timer is ON: inactive players will automatically lose when time's up. (requested by aiex72)\n|\n|t:|1682564320\n|move|p2b: Amoonguss|Rage Powder|p2b: Amoonguss\n|-singleturn|p2b: Amoonguss|move: Rage Powder\n|move|p1a: Chi-Yu|Overheat|p2b: Amoonguss\n|-supereffective|p2b: Amoonguss\n|-damage|p2b: Amoonguss|0 fnt\n|-unboost|p1a: Chi-Yu|spa|2\n|faint|p2b: Amoonguss\n|move|p1b: Sylveon|Hyper Voice|p2a: Hatterene\n|-damage|p2a: Hatterene|29\/100\n|-enditem|p1b: Sylveon|Throat Spray\n|-boost|p1b: Sylveon|spa|1|[from] item: Throat Spray\n|move|p2a: Hatterene|Trick Room|p2a: Hatterene\n|-fieldstart|move: Trick Room|[of] p2a: Hatterene\n|\n|upkeep\n|\n|t:|1682564335\n|switch|p2b: Voom|Dondozo, L50, M, shiny|100\/100\n|turn|2\n|\n|t:|1682564345\n|switch|p1a: Vaporeon|Vaporeon, L50, F, shiny|100\/100\n|-terastallize|p2b: Voom|Ground\n|move|p2a: Hatterene|Protect|p2a: Hatterene\n|-singleturn|p2a: Hatterene|Protect\n|move|p2b: Voom|Earthquake|p1b: Sylveon|[spread] p1a,p1b\n|-activate|p2a: Hatterene|move: Protect\n|-damage|p1a: Vaporeon|63\/100\n|-damage|p1b: Sylveon|56\/100\n|move|p1b: Sylveon|Hyper Voice|p2a: Hatterene|[spread] p2b\n|-activate|p2a: Hatterene|move: Protect\n|-damage|p2b: Voom|66\/100\n|\n|-heal|p1a: Vaporeon|68\/100|[from] item: Leftovers\n|upkeep\n|turn|3\n|inactive|ImIsolde has 30 seconds left.\n|inactive|aiex72 has 30 seconds left.\n|inactive|aiex72 has 20 seconds left.\n|inactive|aiex72 has 15 seconds left.\n|\n|t:|1682564387\n|move|p1b: Sylveon|Detect|p1b: Sylveon\n|-singleturn|p1b: Sylveon|Protect\n|move|p2a: Hatterene|Dazzling Gleam|p1a: Vaporeon|[spread] p1a\n|-activate|p1b: Sylveon|move: Protect\n|-damage|p1a: Vaporeon|43\/100\n|move|p2b: Voom|Wave Crash|p1b: Sylveon\n|-activate|p1b: Sylveon|move: Protect\n|move|p1a: Vaporeon|Ice Beam|p2b: Voom\n|-supereffective|p2b: Voom\n|-damage|p2b: Voom|14\/100\n|\n|-heal|p1a: Vaporeon|49\/100|[from] item: Leftovers\n|upkeep\n|turn|4\n|inactive|ImIsolde has 30 seconds left.\n|\n|t:|1682564417\n|move|p1b: Sylveon|Quick Attack|p2b: Voom\n|-damage|p2b: Voom|7\/100\n|move|p2a: Hatterene|Dazzling Gleam|p1a: Vaporeon|[spread] p1a,p1b\n|-damage|p1a: Vaporeon|18\/100\n|-damage|p1b: Sylveon|32\/100\n|move|p2b: Voom|Rest|p2b: Voom\n|-status|p2b: Voom|slp|[from] move: Rest\n|-enditem|p2b: Voom|Lum Berry|[eat]\n|-curestatus|p2b: Voom|slp|[msg]\n|-heal|p2b: Voom|100\/100|[silent]\n|move|p1a: Vaporeon|Yawn|p2a: Hatterene\n|move|p2a: Hatterene|Yawn|p1a: Vaporeon|[from]ability: Magic Bounce\n|-start|p1a: Vaporeon|move: Yawn|[of] p2a: Hatterene\n|\n|-heal|p1a: Vaporeon|24\/100|[from] item: Leftovers\n|upkeep\n|turn|5\n|inactive|aiex72 has 30 seconds left.\n|\n|t:|1682564446\n|switch|p1a: Leafeon|Leafeon, L50, M, shiny|100\/100\n|move|p2a: Hatterene|Protect|p2a: Hatterene\n|-singleturn|p2a: Hatterene|Protect\n|move|p2b: Voom|Earthquake|p1a: Leafeon|[spread] p1a,p1b\n|-activate|p2a: Hatterene|move: Protect\n|-resisted|p1a: Leafeon\n|-crit|p1b: Sylveon\n|-damage|p1a: Leafeon|81\/100\n|-damage|p1b: Sylveon|0 fnt\n|faint|p1b: Sylveon\n|\n|-fieldend|move: Trick Room\n|upkeep\n|\n|t:|1682564457\n|switch|p1b: Chi-Yu|Chi-Yu, L50|100\/100\n|-ability|p1b: Chi-Yu|Beads of Ruin\n|turn|6\n|\n|t:|1682564470\n|move|p1b: Chi-Yu|Dark Pulse|p2a: Hatterene\n|-damage|p2a: Hatterene|0 fnt\n|faint|p2a: Hatterene\n|move|p1a: Leafeon|Leaf Blade|p2b: Voom\n|-supereffective|p2b: Voom\n|-damage|p2b: Voom|10\/100\n|-damage|p1a: Leafeon|71\/100|[from] item: Life Orb\n|move|p2b: Voom|Wave Crash|p1b: Chi-Yu\n|-supereffective|p1b: Chi-Yu\n|-enditem|p1b: Chi-Yu|Focus Sash\n|-damage|p1b: Chi-Yu|1\/100\n|-damage|p2b: Voom|0 fnt|[from] Recoil\n|faint|p2b: Voom\n|\n|upkeep\n|\n|t:|1682564486\n|switch|p2b: Torkoal|Torkoal, L50, F|100\/100\n|-weather|SunnyDay|[from] ability: Drought|[of] p2b: Torkoal\n|turn|7\n|\n|t:|1682564500\n|-terastallize|p1a: Leafeon|Normal\n|move|p1a: Leafeon|Double-Edge|p2b: Torkoal\n|-damage|p2b: Torkoal|43\/100\n|-damage|p1a: Leafeon|48\/100|[from] Recoil\n|-damage|p1a: Leafeon|38\/100|[from] item: Life Orb\n|move|p1b: Chi-Yu|Dark Pulse|p2b: Torkoal\n|-damage|p2b: Torkoal|0 fnt\n|faint|p2b: Torkoal\n|\n|win|ImIsolde\n|raw|ImIsolde's rating: 1096 → 1128<\/strong> (+32 for winning)\n|raw|aiex72's rating: 1187 → 1156<\/strong> (-31 for losing)\n|l|\u2606ImIsolde\n","uploadtime":1682564513,"views":6,"p1id":"imisolde","p2id":"aiex72","formatid":"gen9vgc2023regulationc","rating":1128,"private":0,"password":""}