{"id":"gen9vgc2023regulationc-1847081660","p1":"ivanovix14","p2":"BURANYA","format":"[Gen 9] VGC 2023 Regulation C","log":"|j|\u2606ivanovix14\n|j|\u2606BURANYA\n|t:|1681917555\n|gametype|doubles\n|player|p1|ivanovix14|lucas|1276\n|player|p2|BURANYA|ghetsis|1319\n|teamsize|p1|6\n|teamsize|p2|6\n|gen|9\n|tier|[Gen 9] VGC 2023 Regulation C\n|rated|\n|rule|Species Clause: Limit one of each Pok\u00e9mon\n|rule|Item Clause: Limit one of each item\n|clearpoke\n|poke|p1|Brute Bonnet, L50|\n|poke|p1|Torkoal, L50, M|\n|poke|p1|Indeedee-F, L50, F|\n|poke|p1|Annihilape, L50, M|\n|poke|p1|Hatterene, L50, F|\n|poke|p1|Ceruledge, L50, F|\n|poke|p2|Volcarona, L50, M|\n|poke|p2|Amoonguss, L50, F|\n|poke|p2|Chien-Pao, L50|\n|poke|p2|Dragonite, L50, M|\n|poke|p2|Palafin, L50, M|\n|poke|p2|Tinkaton, L50, F|\n|teampreview|4\n|inactive|Battle timer is ON: inactive players will automatically lose when time's up. (requested by ivanovix14)\n|inactive|BURANYA has 60 seconds left.\n|inactive|BURANYA has 30 seconds left.\n|\n|t:|1681917619\n|start\n|switch|p1a: umberta|Indeedee-F, L50, F|100\/100\n|switch|p1b: pantuflillaS|Hatterene, L50, F|100\/100\n|switch|p2a: Chien-Pao|Chien-Pao, L50|100\/100\n|switch|p2b: Dragonite|Dragonite, L50, M|100\/100\n|-ability|p2a: Chien-Pao|Sword of Ruin\n|-fieldstart|move: Psychic Terrain|[from] ability: Psychic Surge|[of] p1a: umberta\n|-enditem|p1a: umberta|Psychic Seed\n|-boost|p1a: umberta|spd|1|[from] item: Psychic Seed\n|turn|1\n|\n|t:|1681917636\n|-terastallize|p2b: Dragonite|Flying\n|move|p1a: umberta|Follow Me|p1a: umberta\n|-singleturn|p1a: umberta|move: Follow Me\n|move|p2a: Chien-Pao|Ice Spinner|p1a: umberta\n|-damage|p1a: umberta|54\/100\n|-fieldend|move: Psychic Terrain\n|move|p2b: Dragonite|Tera Blast|p1a: umberta\n|-damage|p1a: umberta|0 fnt\n|faint|p1a: umberta\n|move|p1b: pantuflillaS|Trick Room|p1b: pantuflillaS\n|-fieldstart|move: Trick Room|[of] p1b: pantuflillaS\n|\n|upkeep\n|\n|t:|1681917650\n|switch|p1a: antonio|Torkoal, L50, M|100\/100\n|-weather|SunnyDay|[from] ability: Drought|[of] p1a: antonio\n|turn|2\n|\n|t:|1681917664\n|-terastallize|p1a: antonio|Fire\n|move|p2b: Dragonite|Extreme Speed|p1a: antonio\n|-damage|p1a: antonio|61\/100\n|move|p2a: Chien-Pao|Sucker Punch|p1a: antonio\n|-damage|p1a: antonio|19\/100\n|move|p1a: antonio|Eruption|p2a: Chien-Pao|[spread] p2a,p2b\n|-supereffective|p2a: Chien-Pao\n|-damage|p2a: Chien-Pao|39\/100\n|-damage|p2b: Dragonite|89\/100\n|move|p1b: pantuflillaS|Dazzling Gleam|p2a: Chien-Pao|[spread] p2a,p2b\n|-supereffective|p2a: Chien-Pao\n|-damage|p2a: Chien-Pao|0 fnt\n|-damage|p2b: Dragonite|42\/100\n|faint|p2a: Chien-Pao\n|-damage|p1b: pantuflillaS|91\/100|[from] item: Life Orb\n|\n|-weather|SunnyDay|[upkeep]\n|upkeep\n|\n|t:|1681917674\n|switch|p2a: Amoonguss|Amoonguss, L50, F|100\/100\n|turn|3\n|\n|t:|1681917691\n|switch|p1a: Brute Bonnet|Brute Bonnet, L50|100\/100\n|-activate|p1a: Brute Bonnet|ability: Protosynthesis\n|-start|p1a: Brute Bonnet|protosynthesisatk\n|move|p2b: Dragonite|Extreme Speed|p1a: Brute Bonnet\n|-damage|p1a: Brute Bonnet|76\/100\n|move|p2a: Amoonguss|Pollen Puff|p2b: Dragonite\n|-heal|p2b: Dragonite|92\/100\n|move|p1b: pantuflillaS|Psychic|p2a: Amoonguss\n|-supereffective|p2a: Amoonguss\n|-damage|p2a: Amoonguss|0 fnt\n|faint|p2a: Amoonguss\n|-damage|p1b: pantuflillaS|81\/100|[from] item: Life Orb\n|\n|-weather|SunnyDay|[upkeep]\n|upkeep\n|\n|t:|1681917706\n|switch|p2a: Palafin|Palafin, L50, M|100\/100\n|turn|4\n|inactive|ivanovix14 has 30 seconds left.\n|\n|t:|1681917741\n|move|p2a: Palafin|Protect|p2a: Palafin\n|-singleturn|p2a: Palafin|Protect\n|move|p1b: pantuflillaS|Psychic|p2a: Palafin\n|-activate|p2a: Palafin|move: Protect\n|move|p1a: Brute Bonnet|Spore|p2b: Dragonite\n|-status|p2b: Dragonite|slp|[from] move: Spore\n|-enditem|p2b: Dragonite|Lum Berry|[eat]\n|-curestatus|p2b: Dragonite|slp|[msg]\n|move|p2b: Dragonite|Tera Blast|p1a: Brute Bonnet\n|-supereffective|p1a: Brute Bonnet\n|-damage|p1a: Brute Bonnet|0 fnt\n|faint|p1a: Brute Bonnet\n|-end|p1a: Brute Bonnet|Protosynthesis|[silent]\n|\n|-weather|SunnyDay|[upkeep]\n|upkeep\n|\n|t:|1681917745\n|switch|p1a: antonio|Torkoal, L50, M, tera:Fire|19\/100\n|turn|5\n|\n|t:|1681917754\n|move|p2b: Dragonite|Extreme Speed|p1a: antonio\n|-damage|p1a: antonio|0 fnt\n|faint|p1a: antonio\n|move|p1b: pantuflillaS|Psychic|p2b: Dragonite\n|-damage|p2b: Dragonite|17\/100\n|-damage|p1b: pantuflillaS|71\/100|[from] item: Life Orb\n|move|p2a: Palafin|Wave Crash|p1b: pantuflillaS\n|-damage|p1b: pantuflillaS|50\/100\n|-damage|p2a: Palafin|95\/100|[from] Recoil\n|\n|-weather|SunnyDay|[upkeep]\n|-fieldend|move: Trick Room\n|upkeep\n|turn|6\n|\n|t:|1681917759\n|move|p2b: Dragonite|Extreme Speed|p1b: pantuflillaS\n|-damage|p1b: pantuflillaS|17\/100\n|move|p2a: Palafin|Wave Crash|p1b: pantuflillaS\n|-damage|p1b: pantuflillaS|0 fnt\n|faint|p1b: pantuflillaS\n|-damage|p2a: Palafin|91\/100|[from] Recoil\n|\n|win|BURANYA\n|raw|ivanovix14's rating: 1276 → 1254<\/strong> (-22 for losing)\n|raw|BURANYA's rating: 1319 → 1337<\/strong> (+18 for winning)\n","uploadtime":1681917764,"views":4,"p1id":"ivanovix14","p2id":"buranya","formatid":"gen9vgc2023regulationc","rating":1254,"private":0,"password":""}