{"id":"gen9vgc2023regulationc-1858920226","p1":"therealrumpleman","p2":"SDcupl","format":"[Gen 9] VGC 2023 Regulation C","log":"|j|\u2606therealrumpleman\n|j|\u2606SDcupl\n|t:|1683383538\n|gametype|doubles\n|player|p1|therealrumpleman|koga|1363\n|player|p2|SDcupl|dawn-masters|1315\n|teamsize|p1|6\n|teamsize|p2|6\n|gen|9\n|tier|[Gen 9] VGC 2023 Regulation C\n|rated|\n|rule|Species Clause: Limit one of each Pok\u00e9mon\n|rule|Item Clause: Limit one of each item\n|clearpoke\n|poke|p1|Rotom-Wash, L50|\n|poke|p1|Chien-Pao, L50|\n|poke|p1|Flutter Mane, L50|\n|poke|p1|Amoonguss, L50, F|\n|poke|p1|Great Tusk, L50|\n|poke|p1|Talonflame, L50, F|\n|poke|p2|Chi-Yu, L50|\n|poke|p2|Flutter Mane, L50|\n|poke|p2|Gothitelle, L50, M|\n|poke|p2|Iron Hands, L50|\n|poke|p2|Chien-Pao, L50|\n|poke|p2|Dragonite, L50, M|\n|teampreview|4\ntherealrumpleman rejected open team sheets.\n|inactive|Battle timer is ON: inactive players will automatically lose when time's up. (requested by therealrumpleman)\n|inactive|therealrumpleman has 60 seconds left.\n|\n|t:|1683383577\n|start\n|switch|p1a: Talonflame|Talonflame, L50, F, shiny|100\/100\n|switch|p1b: Great Tusk|Great Tusk, L50|100\/100\n|switch|p2a: Flutter Mane|Flutter Mane, L50|100\/100\n|switch|p2b: Gothitelle|Gothitelle, L50, M|100\/100\n|turn|1\n|inactive|therealrumpleman has 30 seconds left.\n|inactive|SDcupl has 30 seconds left.\n|inactive|SDcupl has 20 seconds left.\n|inactive|SDcupl has 15 seconds left.\n|inactive|SDcupl has 10 seconds left.\n|\n|t:|1683383622\n|-terastallize|p1b: Great Tusk|Ground\n|move|p2b: Gothitelle|Fake Out|p1a: Talonflame\n|-damage|p1a: Talonflame|91\/100\n|move|p1b: Great Tusk|Headlong Rush|p2a: Flutter Mane\n|-enditem|p2a: Flutter Mane|Focus Sash\n|-damage|p2a: Flutter Mane|1\/100\n|-unboost|p1b: Great Tusk|def|1\n|-unboost|p1b: Great Tusk|spd|1\n|move|p2a: Flutter Mane|Perish Song|p2a: Flutter Mane\n|-start|p1a: Talonflame|perish3|[silent]\n|-start|p1b: Great Tusk|perish3|[silent]\n|-start|p2a: Flutter Mane|perish3|[silent]\n|-start|p2b: Gothitelle|perish3|[silent]\n|-fieldactivate|move: Perish Song\n|cant|p1a: Talonflame|flinch\n|\n|-start|p1b: Great Tusk|perish3\n|-start|p2a: Flutter Mane|perish3\n|-start|p1a: Talonflame|perish3\n|-start|p2b: Gothitelle|perish3\n|upkeep\n|turn|2\n|inactive|therealrumpleman has 30 seconds left.\n|inactive|SDcupl has 30 seconds left.\n|inactive|SDcupl has 20 seconds left.\n|inactive|SDcupl has 15 seconds left.\n|inactive|SDcupl has 10 seconds left.\n|\n|t:|1683383671\n|move|p2a: Flutter Mane|Protect|p2a: Flutter Mane\n|-singleturn|p2a: Flutter Mane|Protect\n|move|p1b: Great Tusk|Headlong Rush|p2b: Gothitelle\n|-damage|p2b: Gothitelle|20\/100\n|-unboost|p1b: Great Tusk|def|1\n|-unboost|p1b: Great Tusk|spd|1\n|-enditem|p2b: Gothitelle|Sitrus Berry|[eat]\n|-heal|p2b: Gothitelle|45\/100|[from] item: Sitrus Berry\n|move|p1a: Talonflame|Brave Bird|p2b: Gothitelle\n|-damage|p2b: Gothitelle|0 fnt\n|faint|p2b: Gothitelle\n|-damage|p1a: Talonflame|75\/100|[from] Recoil\n|\n|-start|p1b: Great Tusk|perish2\n|-start|p2a: Flutter Mane|perish2\n|-start|p1a: Talonflame|perish2\n|upkeep\n|\n|t:|1683383688\n|switch|p2b: Dragonite|Dragonite, L50, M|100\/100\n|turn|3\n|\n|t:|1683383706\n|-end|p1b: Great Tusk|Protosynthesis|[silent]\n|switch|p1b: Flutter Mane|Flutter Mane, L50|100\/100\n|-terastallize|p2b: Dragonite|Normal\n|move|p2b: Dragonite|Extreme Speed|p1a: Talonflame\n|-damage|p1a: Talonflame|0 fnt\n|faint|p1a: Talonflame\n|move|p2a: Flutter Mane|Dazzling Gleam|p1b: Flutter Mane\n|-damage|p1b: Flutter Mane|61\/100\n|\n|-start|p2a: Flutter Mane|perish1\n|upkeep\n|\n|t:|1683383724\n|switch|p1a: Great Tusk|Great Tusk, L50, tera:Ground|100\/100\n|turn|4\n|inactive|SDcupl has 30 seconds left.\n|inactive|SDcupl has 20 seconds left.\n|\n|t:|1683383762\n|-end|p1b: Flutter Mane|Protosynthesis|[silent]\n|switch|p1b: Chien-Pao|Chien-Pao, L50|100\/100\n|-ability|p1b: Chien-Pao|Sword of Ruin\n|move|p2b: Dragonite|Extreme Speed|p1a: Great Tusk\n|-damage|p1a: Great Tusk|36\/100\n|move|p1a: Great Tusk|Close Combat|p2b: Dragonite\n|-supereffective|p2b: Dragonite\n|-damage|p2b: Dragonite|0 fnt\n|-unboost|p1a: Great Tusk|def|1\n|-unboost|p1a: Great Tusk|spd|1\n|faint|p2b: Dragonite\n|move|p2a: Flutter Mane|Shadow Ball|p1a: Great Tusk\n|-damage|p1a: Great Tusk|0 fnt\n|faint|p1a: Great Tusk\n|-end|p1a: Great Tusk|Protosynthesis|[silent]\n|\n|-start|p2a: Flutter Mane|perish0\n|upkeep\n|faint|p2a: Flutter Mane\n|-end|p2a: Flutter Mane|Protosynthesis|[silent]\n|\n|t:|1683383780\n|switch|p1a: Flutter Mane|Flutter Mane, L50|61\/100\n|switch|p2b: Iron Hands|Iron Hands, L50|100\/100\n|turn|5\n|\n|t:|1683383795\n|move|p1b: Chien-Pao|Protect|p1b: Chien-Pao\n|-singleturn|p1b: Chien-Pao|Protect\n|move|p1a: Flutter Mane|Moonblast|p2b: Iron Hands\n|-supereffective|p2b: Iron Hands\n|-damage|p2b: Iron Hands|28\/100\n|move|p2b: Iron Hands|Wild Charge|p1a: Flutter Mane\n|-damage|p1a: Flutter Mane|0 fnt\n|faint|p1a: Flutter Mane\n|-end|p1a: Flutter Mane|Protosynthesis|[silent]\n|-damage|p2b: Iron Hands|19\/100|[from] Recoil\n|\n|upkeep\n|turn|6\n|\n|t:|1683383808\n|move|p1b: Chien-Pao|Ice Spinner|p2b: Iron Hands\n|-damage|p2b: Iron Hands|0 fnt\n|faint|p2b: Iron Hands\n|-end|p2b: Iron Hands|Quark Drive|[silent]\n|\n|win|therealrumpleman\n|raw|therealrumpleman's rating: 1363 → 1380<\/strong> (+17 for winning)\n|raw|SDcupl's rating: 1315 → 1298<\/strong> (-17 for losing)\n|l|\u2606SDcupl\n","uploadtime":1683383813,"views":7,"p1id":"therealrumpleman","p2id":"sdcupl","formatid":"gen9vgc2023regulationc","rating":1298,"private":0,"password":""}