{"id":"gen9vgc2023regulationc-1863929860","p1":"mathtass","p2":"De ching","format":"[Gen 9] VGC 2023 Regulation C","log":"|j|\u2606mathtass\n|j|\u2606De ching\n|t:|1684094543\n|gametype|doubles\n|player|p1|mathtass|101|1409\n|player|p2|De ching|102|1467\n|teamsize|p1|6\n|teamsize|p2|6\n|gen|9\n|tier|[Gen 9] VGC 2023 Regulation C\n|rated|\n|rule|Species Clause: Limit one of each Pok\u00e9mon\n|rule|Item Clause: Limit one of each item\n|clearpoke\n|poke|p1|Palafin, L50, M|\n|poke|p1|Chien-Pao, L50|\n|poke|p1|Dragapult, L50, F|\n|poke|p1|Amoonguss, L50, F|\n|poke|p1|Arcanine, L50, M|\n|poke|p1|Flutter Mane, L50|\n|poke|p2|Indeedee-F, L50, F|\n|poke|p2|Hatterene, L50, F|\n|poke|p2|Hariyama, L50, F|\n|poke|p2|Chien-Pao, L50|\n|poke|p2|Armarouge, L50, F|\n|poke|p2|Iron Hands, L50|\n|teampreview|4\nmathtass has agreed to open team sheets.\nDe ching has agreed to open team sheets.\n|\n|t:|1684094573\n|start\n|switch|p1a: Blair|Dragapult, L50, F, shiny|100\/100\n|switch|p1b: Dante|Chien-Pao, L50|100\/100\n|switch|p2a: Indeedee|Indeedee-F, L50, F, shiny|100\/100\n|switch|p2b: Hatterene|Hatterene, L50, F|100\/100\n|-ability|p1b: Dante|Sword of Ruin\n|-fieldstart|move: Psychic Terrain|[from] ability: Psychic Surge|[of] p2a: Indeedee\n|-enditem|p2a: Indeedee|Psychic Seed\n|-boost|p2a: Indeedee|spd|1|[from] item: Psychic Seed\n|turn|1\n|\n|t:|1684094586\n|move|p2a: Indeedee|Follow Me|p2a: Indeedee\n|-singleturn|p2a: Indeedee|move: Follow Me\n|move|p1a: Blair|Dragon Darts|p2a: Indeedee\n|-damage|p2a: Indeedee|51\/100\n|-anim|p1a: Blair|Dragon Darts|p2a: Indeedee\n|-damage|p2a: Indeedee|7\/100\n|move|p1b: Dante|Ice Spinner|p2a: Indeedee\n|-damage|p2a: Indeedee|0 fnt\n|-fieldend|move: Psychic Terrain\n|faint|p2a: Indeedee\n|move|p2b: Hatterene|Trick Room|p2b: Hatterene\n|-fieldstart|move: Trick Room|[of] p2b: Hatterene\n|\n|upkeep\n|\n|t:|1684094598\n|switch|p2a: Hariyama|Hariyama, L50, F, shiny|100\/100\n|turn|2\n|\n|t:|1684094611\n|-terastallize|p1a: Blair|Steel\n|move|p1b: Dante|Protect|p1b: Dante\n|-singleturn|p1b: Dante|Protect\n|move|p2b: Hatterene|Dazzling Gleam|p1a: Blair|[spread] p1a\n|-activate|p1b: Dante|move: Protect\n|-resisted|p1a: Blair\n|-damage|p1a: Blair|71\/100\n|-damage|p2b: Hatterene|91\/100|[from] item: Life Orb\n|move|p2a: Hariyama|Drain Punch|p1a: Blair\n|-supereffective|p1a: Blair\n|-damage|p1a: Blair|0 fnt\n|faint|p1a: Blair\n|\n|-status|p2a: Hariyama|brn|[from] item: Flame Orb\n|upkeep\n|\n|t:|1684094624\n|switch|p1a: Leon|Arcanine, L50, M, shiny|100\/100\n|-ability|p1a: Leon|Intimidate|boost\n|-unboost|p2a: Hariyama|atk|1\n|-unboost|p2b: Hatterene|atk|1\n|turn|3\n|\n|t:|1684094639\n|move|p1b: Dante|Sucker Punch|p2b: Hatterene\n|-damage|p2b: Hatterene|38\/100\n|move|p2b: Hatterene|Dazzling Gleam|p1b: Dante|[spread] p1a,p1b\n|-resisted|p1a: Leon\n|-supereffective|p1b: Dante\n|-damage|p1a: Leon|73\/100\n|-enditem|p1b: Dante|Focus Sash\n|-damage|p1b: Dante|1\/100\n|-damage|p2b: Hatterene|28\/100|[from] item: Life Orb\n|move|p2a: Hariyama|Drain Punch|p1b: Dante\n|-supereffective|p1b: Dante\n|-damage|p1b: Dante|0 fnt\n|faint|p1b: Dante\n|move|p1a: Leon|Flare Blitz|p2b: Hatterene\n|-damage|p2b: Hatterene|0 fnt\n|faint|p2b: Hatterene\n|-damage|p1a: Leon|66\/100|[from] Recoil\n|\n|-damage|p2a: Hariyama|95\/100 brn|[from] brn\n|upkeep\n|\n|t:|1684094656\n|switch|p2b: Armarouge|Armarouge, L50, F|100\/100\n|switch|p1b: LadyMane|Flutter Mane, L50, shiny|100\/100\n|-enditem|p1b: LadyMane|Booster Energy\n|-activate|p1b: LadyMane|ability: Protosynthesis|[fromitem]\n|-start|p1b: LadyMane|protosynthesisspa\n|turn|4\n|\n|t:|1684094671\n|move|p1a: Leon|Protect|p1a: Leon\n|-singleturn|p1a: Leon|Protect\n|move|p1b: LadyMane|Protect|p1b: LadyMane\n|-singleturn|p1b: LadyMane|Protect\n|move|p2a: Hariyama|Heavy Slam|p1b: LadyMane\n|-activate|p1b: LadyMane|move: Protect\n|move|p2b: Armarouge|Expanding Force|p1a: Leon\n|-activate|p1a: Leon|move: Protect\n|\n|-damage|p2a: Hariyama|89\/100 brn|[from] brn\n|upkeep\n|turn|5\n|\n|t:|1684094687\n|move|p1b: LadyMane|Protect|p1b: LadyMane\n|-singleturn|p1b: LadyMane|Protect\n|move|p2a: Hariyama|Heavy Slam|p1b: LadyMane\n|-activate|p1b: LadyMane|move: Protect\n|move|p2b: Armarouge|Expanding Force|p1b: LadyMane\n|-activate|p1b: LadyMane|move: Protect\n|move|p1a: Leon|Flare Blitz|p2a: Hariyama\n|-crit|p2a: Hariyama\n|-damage|p2a: Hariyama|0 fnt\n|faint|p2a: Hariyama\n|-damage|p1a: Leon|33\/100|[from] Recoil\n|-enditem|p1a: Leon|Sitrus Berry|[eat]\n|-heal|p1a: Leon|57\/100|[from] item: Sitrus Berry\n|\n|-fieldend|move: Trick Room\n|upkeep\n|turn|6\n|\n|t:|1684094703\n|-terastallize|p2b: Armarouge|Fighting\n|move|p1a: Leon|Extreme Speed|p2b: Armarouge\n|-damage|p2b: Armarouge|81\/100\n|move|p1b: LadyMane|Shadow Ball|p2b: Armarouge\n|-damage|p2b: Armarouge|27\/100\n|move|p2b: Armarouge|Trick Room|p2b: Armarouge\n|-fieldstart|move: Trick Room|[of] p2b: Armarouge\n|\n|upkeep\n|turn|7\n|-message|De ching forfeited.\n|\n|win|mathtass\n|raw|mathtass's rating: 1409 → 1432<\/strong> (+23 for winning)\n|raw|De ching's rating: 1467 → 1444<\/strong> (-23 for losing)\n|l|\u2606De ching\n","uploadtime":1684094714,"views":6,"p1id":"mathtass","p2id":"deching","formatid":"gen9vgc2023regulationc","rating":1432,"private":0,"password":""}