{"id":"gen9vgc2023regulationc-1851955009","p1":"Gholdjunge","p2":"Fiirrreeee!","format":"[Gen 9] VGC 2023 Regulation C","log":"|j|\u2606Gholdjunge\n|j|\u2606Fiirrreeee!\n|t:|1682510657\n|gametype|doubles\n|player|p1|Gholdjunge|youngster-gen2|1531\n|player|p2|Fiirrreeee!|harlequin|1494\n|teamsize|p1|6\n|teamsize|p2|6\n|gen|9\n|tier|[Gen 9] VGC 2023 Regulation C\n|rated|\n|rule|Species Clause: Limit one of each Pok\u00e9mon\n|rule|Item Clause: Limit one of each item\n|clearpoke\n|poke|p1|Azumarill, L50, M|\n|poke|p1|Pelipper, L50, F|\n|poke|p1|Chien-Pao, L50|\n|poke|p1|Amoonguss, L50, F|\n|poke|p1|Iron Hands, L50|\n|poke|p1|Flutter Mane, L50|\n|poke|p2|Chi-Yu, L50|\n|poke|p2|Flutter Mane, L50|\n|poke|p2|Baxcalibur, L50, M|\n|poke|p2|Amoonguss, L50, F|\n|poke|p2|Arcanine, L50, F|\n|poke|p2|Palafin, L50, F|\n|teampreview|4\nFiirrreeee! rejected open team sheets.\n|\n|t:|1682510768\n|start\n|switch|p1a: Azumarill|Azumarill, L50, M|100\/100\n|switch|p1b: Iron Hands|Iron Hands, L50|100\/100\n|switch|p2a: Chi-Yu|Chi-Yu, L50|100\/100\n|switch|p2b: Palafin|Palafin, L50, F|100\/100\n|-ability|p2a: Chi-Yu|Beads of Ruin\n|turn|1\n|\n|t:|1682510791\n|switch|p2a: Amoonguss|Amoonguss, L50, F|100\/100\n|move|p2b: Palafin|Protect|p2b: Palafin\n|-singleturn|p2b: Palafin|Protect\n|move|p1a: Azumarill|Protect|p1a: Azumarill\n|-singleturn|p1a: Azumarill|Protect\n|move|p1b: Iron Hands|Drain Punch|p2a: Amoonguss\n|-resisted|p2a: Amoonguss\n|-damage|p2a: Amoonguss|81\/100\n|\n|upkeep\n|turn|2\n|\n|t:|1682510847\n|detailschange|p2b: Palafin|Palafin-Hero, L50, F\n|switch|p2b: Chi-Yu|Chi-Yu, L50|100\/100\n|-ability|p2b: Chi-Yu|Beads of Ruin\n|move|p1a: Azumarill|Play Rough|p2b: Chi-Yu\n|-crit|p2b: Chi-Yu\n|-damage|p2b: Chi-Yu|0 fnt\n|faint|p2b: Chi-Yu\n|move|p1b: Iron Hands|Swords Dance|p1b: Iron Hands\n|-boost|p1b: Iron Hands|atk|2\n|move|p2a: Amoonguss|Spore|p1a: Azumarill\n|-status|p1a: Azumarill|slp|[from] move: Spore\n|-enditem|p1a: Azumarill|Lum Berry|[eat]\n|-curestatus|p1a: Azumarill|slp|[msg]\n|\n|upkeep\n|\n|t:|1682510870\n|switch|p2b: Palafin|Palafin-Hero, L50, F|100\/100\n|-activate|p2b: Palafin|ability: Zero to Hero\n|turn|3\n|\n|t:|1682510885\n|switch|p1a: Amoonguss|Amoonguss, L50, F|100\/100\n|-terastallize|p2b: Palafin|Water\n|move|p1b: Iron Hands|Detect|p1b: Iron Hands\n|-singleturn|p1b: Iron Hands|Protect\n|move|p2a: Amoonguss|Rage Powder|p2a: Amoonguss\n|-singleturn|p2a: Amoonguss|move: Rage Powder\n|move|p2b: Palafin|Wave Crash|p1b: Iron Hands\n|-activate|p1b: Iron Hands|move: Protect\n|\n|upkeep\n|turn|4\n|\n|t:|1682510903\n|move|p2b: Palafin|Protect|p2b: Palafin\n|-singleturn|p2b: Palafin|Protect\n|move|p1a: Amoonguss|Rage Powder|p1a: Amoonguss\n|-singleturn|p1a: Amoonguss|move: Rage Powder\n|move|p1b: Iron Hands|Wild Charge|p2b: Palafin\n|-activate|p2b: Palafin|move: Protect\n|move|p2a: Amoonguss|Spore|p1b: Iron Hands\n|-activate|p1b: Iron Hands|item: Safety Goggles|Spore\n|\n|upkeep\n|turn|5\n|c|\u2606Gholdjunge|Test\n|\n|t:|1682510947\n|move|p1a: Amoonguss|Rage Powder|p1a: Amoonguss\n|-singleturn|p1a: Amoonguss|move: Rage Powder\n|move|p2b: Palafin|Haze|p2b: Palafin\n|-clearallboost\n|move|p1b: Iron Hands|Wild Charge|p2b: Palafin\n|-supereffective|p2b: Palafin\n|-damage|p2b: Palafin|4\/100\n|-damage|p1b: Iron Hands|79\/100|[from] Recoil\n|move|p2a: Amoonguss|Pollen Puff|p2b: Palafin\n|-heal|p2b: Palafin|54\/100\n|\n|upkeep\n|turn|6\n|\n|t:|1682510972\n|move|p1a: Amoonguss|Rage Powder|p1a: Amoonguss\n|-singleturn|p1a: Amoonguss|move: Rage Powder\n|move|p2b: Palafin|Wave Crash|p1a: Amoonguss\n|-resisted|p1a: Amoonguss\n|-damage|p1a: Amoonguss|50\/100\n|-damage|p2b: Palafin|36\/100|[from] Recoil\n|move|p1b: Iron Hands|Wild Charge|p2b: Palafin\n|-supereffective|p2b: Palafin\n|-damage|p2b: Palafin|0 fnt\n|faint|p2b: Palafin\n|-damage|p1b: Iron Hands|71\/100|[from] Recoil\n|move|p2a: Amoonguss|Pollen Puff|p1a: Amoonguss\n|-damage|p1a: Amoonguss|33\/100\n|\n|upkeep\n|\n|t:|1682510989\n|switch|p2b: Baxcalibur|Baxcalibur, L50, M|100\/100\n|turn|7\n|\n|t:|1682511040\n|move|p1a: Amoonguss|Rage Powder|p1a: Amoonguss\n|-singleturn|p1a: Amoonguss|move: Rage Powder\n|move|p2b: Baxcalibur|Icicle Crash|p1a: Amoonguss\n|-supereffective|p1a: Amoonguss\n|-damage|p1a: Amoonguss|0 fnt\n|faint|p1a: Amoonguss\n|move|p1b: Iron Hands|Drain Punch|p2b: Baxcalibur\n|-supereffective|p2b: Baxcalibur\n|-damage|p2b: Baxcalibur|20\/100\n|-heal|p1b: Iron Hands|100\/100|[from] drain|[of] p2b: Baxcalibur\n|move|p2a: Amoonguss|Pollen Puff|p2b: Baxcalibur\n|-heal|p2b: Baxcalibur|70\/100\n|\n|upkeep\n|\n|t:|1682511057\n|switch|p1a: Azumarill|Azumarill, L50, M|100\/100\n|turn|8\n|\n|t:|1682511069\n|move|p2b: Baxcalibur|Protect|p2b: Baxcalibur\n|-singleturn|p2b: Baxcalibur|Protect\n|move|p1a: Azumarill|Protect|p1a: Azumarill\n|-singleturn|p1a: Azumarill|Protect\n|move|p1b: Iron Hands|Drain Punch|p2b: Baxcalibur\n|-activate|p2b: Baxcalibur|move: Protect\n|move|p2a: Amoonguss|Spore|p1a: Azumarill\n|-activate|p1a: Azumarill|move: Protect\n|\n|upkeep\n|turn|9\n|\n|t:|1682511087\n|move|p2b: Baxcalibur|Protect|p2b: Baxcalibur\n|-singleturn|p2b: Baxcalibur|Protect\n|move|p1a: Azumarill|Play Rough|p2b: Baxcalibur\n|-activate|p2b: Baxcalibur|move: Protect\n|move|p1b: Iron Hands|Drain Punch|p2b: Baxcalibur\n|-activate|p2b: Baxcalibur|move: Protect\n|move|p2a: Amoonguss|Spore|p1a: Azumarill\n|-status|p1a: Azumarill|slp|[from] move: Spore\n|\n|upkeep\n|turn|10\n|\n|t:|1682511105\n|move|p2b: Baxcalibur|Icicle Crash|p1b: Iron Hands\n|-damage|p1b: Iron Hands|67\/100\n|cant|p1a: Azumarill|slp\n|move|p1b: Iron Hands|Drain Punch|p2b: Baxcalibur\n|-supereffective|p2b: Baxcalibur\n|-damage|p2b: Baxcalibur|0 fnt\n|-heal|p1b: Iron Hands|99\/100|[from] drain|[of] p2b: Baxcalibur\n|faint|p2b: Baxcalibur\n|move|p2a: Amoonguss|Pollen Puff|p2: Baxcalibur|[notarget]\n|-fail|p2a: Amoonguss\n|\n|upkeep\n|turn|11\n|-message|Fiirrreeee! forfeited.\n|\n|win|Gholdjunge\n|raw|Gholdjunge's rating: 1531 → 1549<\/strong> (+18 for winning)\n|raw|Fiirrreeee!'s rating: 1494 → 1476<\/strong> (-18 for losing)\n|l|\u2606Fiirrreeee!\n|c|\u2606Gholdjunge|Gg\n","uploadtime":1682511121,"views":11,"p1id":"gholdjunge","p2id":"fiirrreeee","formatid":"gen9vgc2023regulationc","rating":1476,"private":0,"password":""}