{"id":"gen9vgc2023regulationc-1848899460","p1":"SlowHomie","p2":"8 e mezzo","format":"[Gen 9] VGC 2023 Regulation C","log":"|j|\u2606SlowHomie\n|j|\u26068 e mezzo\n|t:|1682123613\n|gametype|doubles\n|player|p1|SlowHomie|lucas|\n|player|p2|8 e mezzo|n|\n|teamsize|p1|6\n|teamsize|p2|6\n|gen|9\n|tier|[Gen 9] VGC 2023 Regulation C\n|rated|Tournament battle\n|rule|Species Clause: Limit one of each Pok\u00e9mon\n|rule|Item Clause: Limit one of each item\n|clearpoke\n|poke|p1|Palafin, L50, M|\n|poke|p1|Arcanine, L50, F|\n|poke|p1|Amoonguss, L50, F|\n|poke|p1|Kingambit, L50, M|\n|poke|p1|Flutter Mane, L50|\n|poke|p1|Dragonite, L50, M|\n|poke|p2|Chi-Yu, L50|\n|poke|p2|Iron Bundle, L50|\n|poke|p2|Gyarados, L50, M|\n|poke|p2|Flutter Mane, L50|\n|poke|p2|Ceruledge, L50, F|\n|poke|p2|Abomasnow, L50, M|\n|teampreview|4\n|raw| Open Team Sheet for SlowHomie<\/summary>Palafin @ Mystic Water Ability: Zero to Hero Level: 50 Tera Type: Water - Wave Crash - Jet Punch - Drain Punch - Protect Arcanine @ Safety Goggles Ability: Intimidate Level: 50 Tera Type: Grass - Flare Blitz - Extreme Speed - Howl - Will-O-Wisp Amoonguss @ Sitrus Berry Ability: Regenerator Level: 50 Tera Type: Water - Spore - Rage Powder - Pollen Puff - Protect Kingambit @ Lum Berry Ability: Defiant Level: 50 Tera Type: Dark - Kowtow Cleave - Sucker Punch - Swords Dance - Protect Flutter Mane @ Booster Energy Ability: Protosynthesis Level: 50 Tera Type: Fairy - Moonblast - Shadow Ball - Dazzling Gleam - Protect Dragonite @ Assault Vest Ability: Multiscale Level: 50 Tera Type: Flying - Tera Blast - Stomping Tantrum - Extreme Speed - Low Kick <\/details><\/div> Open Team Sheet for 8 e mezzo<\/summary>Chi-Yu @ Choice Scarf Ability: Beads of Ruin Level: 50 Tera Type: Water - Tera Blast - Dark Pulse - Snarl - Heat Wave Iron Bundle @ Choice Specs Ability: Quark Drive Level: 50 Tera Type: Ghost - Freeze-Dry - Icy Wind - Hydro Pump - Blizzard Gyarados @ Assault Vest Ability: Intimidate Level: 50 Tera Type: Flying - Waterfall - Iron Head - Earthquake - Tera Blast Flutter Mane @ Booster Energy Ability: Protosynthesis Level: 50 Tera Type: Fairy - Dazzling Gleam - Shadow Ball - Protect - Thunderbolt Ceruledge @ Clear Amulet Ability: Flash Fire Level: 50 Tera Type: Grass - Protect - Bitter Blade - Bulk Up - Shadow Sneak Abomasnow @ Focus Sash Ability: Snow Warning Level: 50 Tera Type: Ghost - Blizzard - Protect - Energy Ball - Helping Hand <\/details><\/div>\n|j| AsaBear\n|c|\u2606SlowHomie|Lol I\u2019m in danger\n|c|\u2606SlowHomie|Glhf\n|inactive|Battle timer is ON: inactive players will automatically lose when time's up. (requested by 8 e mezzo)\n|\n|t:|1682123655\n|start\n|switch|p1a: Amoonguss|Amoonguss, L50, F|100\/100\n|switch|p1b: Kingambit|Kingambit, L50, M|100\/100\n|switch|p2a: Chi-Yu|Chi-Yu, L50|100\/100\n|switch|p2b: Flutter Mane|Flutter Mane, L50|100\/100\n|-ability|p2a: Chi-Yu|Beads of Ruin\n|-enditem|p2b: Flutter Mane|Booster Energy\n|-activate|p2b: Flutter Mane|ability: Protosynthesis|[fromitem]\n|-start|p2b: Flutter Mane|protosynthesisspe\n|turn|1\n|c|\u26068 e mezzo|Gl hf\n|\n|t:|1682123676\n|-terastallize|p2b: Flutter Mane|Fairy\n|-terastallize|p1a: Amoonguss|Water\n|move|p1b: Kingambit|Protect|p1b: Kingambit\n|-singleturn|p1b: Kingambit|Protect\n|move|p2b: Flutter Mane|Dazzling Gleam|p1a: Amoonguss|[spread] p1a\n|-activate|p1b: Kingambit|move: Protect\n|-damage|p1a: Amoonguss|51\/100\n|move|p2a: Chi-Yu|Heat Wave|p1a: Amoonguss|[spread] p1a\n|-activate|p1b: Kingambit|move: Protect\n|-resisted|p1a: Amoonguss\n|-damage|p1a: Amoonguss|27\/100\n|-enditem|p1a: Amoonguss|Sitrus Berry|[eat]\n|-heal|p1a: Amoonguss|52\/100|[from] item: Sitrus Berry\n|move|p1a: Amoonguss|Spore|p2a: Chi-Yu\n|-status|p2a: Chi-Yu|slp|[from] move: Spore\n|\n|upkeep\n|turn|2\n|j| Dat guy In black\n|inactive|8 e mezzo has 30 seconds left.\n|\n|t:|1682123710\n|-end|p2b: Flutter Mane|Protosynthesis|[silent]\n|switch|p2b: Abomasnow|Abomasnow, L50, M|100\/100\n|-weather|Snow|[from] ability: Snow Warning|[of] p2b: Abomasnow\n|switch|p1b: Arcanine|Arcanine, L50, F|100\/100\n|-ability|p1b: Arcanine|Intimidate|boost\n|-unboost|p2a: Chi-Yu|atk|1\n|-unboost|p2b: Abomasnow|atk|1\n|cant|p2a: Chi-Yu|slp\n|move|p1a: Amoonguss|Spore|p2b: Abomasnow\n|-immune|p2b: Abomasnow\n|\n|-weather|Snow|[upkeep]\n|upkeep\n|turn|3\n|inactive|SlowHomie has 30 seconds left.\n|\n|t:|1682123746\n|move|p2b: Abomasnow|Protect|p2b: Abomasnow\n|-singleturn|p2b: Abomasnow|Protect\n|move|p1a: Amoonguss|Protect|p1a: Amoonguss\n|-singleturn|p1a: Amoonguss|Protect\n|cant|p2a: Chi-Yu|slp\n|move|p1b: Arcanine|Flare Blitz|p2b: Abomasnow\n|-activate|p2b: Abomasnow|move: Protect\n|\n|-weather|Snow|[upkeep]\n|upkeep\n|turn|4\n|\n|t:|1682123766\n|switch|p1a: Palafin|Palafin, L50, M|100\/100\n|move|p2b: Abomasnow|Helping Hand|p2a: Chi-Yu\n|-singleturn|p2a: Chi-Yu|Helping Hand|[of] p2b: Abomasnow\n|-curestatus|p2a: Chi-Yu|slp|[msg]\n|move|p2a: Chi-Yu|Heat Wave|p1a: Palafin|[spread] p1a\n|-miss|p2a: Chi-Yu|p1b: Arcanine\n|-resisted|p1a: Palafin\n|-damage|p1a: Palafin|50\/100\n|move|p1b: Arcanine|Flare Blitz|p2a: Chi-Yu\n|-resisted|p2a: Chi-Yu\n|-damage|p2a: Chi-Yu|64\/100\n|-damage|p1b: Arcanine|92\/100|[from] Recoil\n|\n|-weather|Snow|[upkeep]\n|upkeep\n|turn|5\n|j|%Aldrich\n|inactive|8 e mezzo has 30 seconds left.\n|\n|t:|1682123799\n|switch|p2a: Iron Bundle|Iron Bundle, L50|100\/100\n|detailschange|p1a: Palafin|Palafin-Hero, L50, M\n|switch|p1a: Amoonguss|Amoonguss, L50, F, tera:Water|85\/100\n|move|p2b: Abomasnow|Protect|p2b: Abomasnow\n|-singleturn|p2b: Abomasnow|Protect\n|move|p1b: Arcanine|Extreme Speed|p2a: Iron Bundle\n|-damage|p2a: Iron Bundle|84\/100\n|\n|-weather|Snow|[upkeep]\n|upkeep\n|turn|6\n|inactive|SlowHomie has 30 seconds left.\n|inactive|8 e mezzo has 30 seconds left.\n|inactive|8 e mezzo has 20 seconds left.\n|j| TJRaynes\n|inactive|8 e mezzo has 15 seconds left.\n|\n|t:|1682123841\n|switch|p2b: Chi-Yu|Chi-Yu, L50|64\/100\n|-ability|p2b: Chi-Yu|Beads of Ruin\n|move|p2a: Iron Bundle|Freeze-Dry|p1a: Amoonguss\n|-supereffective|p1a: Amoonguss\n|-crit|p1a: Amoonguss\n|-damage|p1a: Amoonguss|0 fnt\n|faint|p1a: Amoonguss\n|move|p1b: Arcanine|Flare Blitz|p2a: Iron Bundle\n|-damage|p2a: Iron Bundle|50\/100\n|-damage|p1b: Arcanine|85\/100|[from] Recoil\n|\n|-weather|none\n|upkeep\n|\n|t:|1682123849\n|switch|p1a: Palafin|Palafin-Hero, L50, M|50\/100\n|-activate|p1a: Palafin|ability: Zero to Hero\n|turn|7\n|inactive|8 e mezzo has 30 seconds left.\n|\n|t:|1682123874\n|move|p1a: Palafin|Protect|p1a: Palafin\n|-singleturn|p1a: Palafin|Protect\n|move|p2b: Chi-Yu|Dark Pulse|p1b: Arcanine\n|-damage|p1b: Arcanine|16\/100\n|move|p2a: Iron Bundle|Freeze-Dry|p1a: Palafin\n|-activate|p1a: Palafin|move: Protect\n|move|p1b: Arcanine|Howl|p1b: Arcanine|[spread] p1a,p1b\n|-boost|p1a: Palafin|atk|1\n|-boost|p1b: Arcanine|atk|1\n|\n|upkeep\n|turn|8\n|inactive|8 e mezzo has 30 seconds left.\n|\n|t:|1682123902\n|switch|p2b: Abomasnow|Abomasnow, L50, M|100\/100\n|-weather|Snow|[from] ability: Snow Warning|[of] p2b: Abomasnow\n|move|p1b: Arcanine|Extreme Speed|p2a: Iron Bundle\n|-damage|p2a: Iron Bundle|24\/100\n|move|p1a: Palafin|Jet Punch|p2b: Abomasnow\n|-resisted|p2b: Abomasnow\n|-damage|p2b: Abomasnow|70\/100\n|move|p2a: Iron Bundle|Freeze-Dry|p1a: Palafin\n|-supereffective|p1a: Palafin\n|-damage|p1a: Palafin|0 fnt\n|faint|p1a: Palafin\n|\n|-weather|Snow|[upkeep]\n|upkeep\n|\n|t:|1682123909\n|switch|p1a: Kingambit|Kingambit, L50, M|100\/100\n|turn|9\n|inactive|8 e mezzo has 30 seconds left.\n|inactive|8 e mezzo has 20 seconds left.\n|inactive|8 e mezzo has 15 seconds left.\n|inactive|8 e mezzo has 10 seconds left.\n|inactive|8 e mezzo has 5 seconds left.\n|\n|t:|1682123961\n|-end|p2a: Iron Bundle|Quark Drive|[silent]\n|switch|p2a: Chi-Yu|Chi-Yu, L50|64\/100\n|-ability|p2a: Chi-Yu|Beads of Ruin\n|move|p2b: Abomasnow|Protect|p2b: Abomasnow\n|-singleturn|p2b: Abomasnow|Protect\n|move|p1a: Kingambit|Sucker Punch||[still]\n|-fail|p1a: Kingambit\n|move|p1b: Arcanine|Flare Blitz|p2b: Abomasnow\n|-activate|p2b: Abomasnow|move: Protect\n|\n|-weather|Snow|[upkeep]\n|upkeep\n|turn|10\n|inactive|8 e mezzo has 30 seconds left.\n|\n|t:|1682123986\n|move|p2b: Abomasnow|Helping Hand|p2a: Chi-Yu\n|-singleturn|p2a: Chi-Yu|Helping Hand|[of] p2b: Abomasnow\n|move|p1b: Arcanine|Extreme Speed|p2a: Chi-Yu\n|-damage|p2a: Chi-Yu|14\/100\n|move|p2a: Chi-Yu|Heat Wave|p1a: Kingambit|[spread] p1a,p1b\n|-supereffective|p1a: Kingambit\n|-resisted|p1b: Arcanine\n|-damage|p1a: Kingambit|0 fnt\n|-damage|p1b: Arcanine|0 fnt\n|faint|p1a: Kingambit\n|faint|p1b: Arcanine\n|\n|win|8 e mezzo\n|n|\u2606SlowHomie|slowhomie\n|n|\u26068 e mezzo|8emezzo\n|n| AsaBear|asabear\n|n| Dat guy In black|datguyinblack\n|n| Aldrich|aldrich\n|n| TJRaynes|tjraynes\n","uploadtime":1682123987,"views":6,"p1id":"slowhomie","p2id":"8emezzo","formatid":"gen9vgc2023regulationc","rating":0,"private":0,"password":""}