{"id":"gen9vgc2023regulationc-1862139503","p1":"DrChocolateMD","p2":"destrucktoo","format":"[Gen 9] VGC 2023 Regulation C","log":"|j|\u2606DrChocolateMD\n|j|\u2606destrucktoo\n|t:|1683841189\n|gametype|doubles\n|player|p1|DrChocolateMD|cyrus|\n|player|p2|destrucktoo|pokekid|\n|teamsize|p1|6\n|teamsize|p2|6\n|gen|9\n|tier|[Gen 9] VGC 2023 Regulation C\n|rule|Species Clause: Limit one of each Pok\u00e9mon\n|rule|Item Clause: Limit one of each item\n|clearpoke\n|poke|p1|Salazzle, L50, F|\n|poke|p1|Iron Bundle, L50|\n|poke|p1|Hydreigon, L50, M|\n|poke|p1|Baxcalibur, L50, F|\n|poke|p1|Gengar, L50, M|\n|poke|p1|Kingambit, L50, F|\n|poke|p2|Abomasnow, L50, F|\n|poke|p2|Cetitan, L50, F|\n|poke|p2|Iron Hands, L50|\n|poke|p2|Arcanine, L50, M|\n|poke|p2|Flamigo, L50, M|\n|poke|p2|Oranguru, L50, F|\n|teampreview|4\nDrChocolateMD rejected open team sheets.\n|j| WindyEng\n|\n|t:|1683841270\n|start\n|switch|p1a: Ghost|Gengar, L50, M|100\/100\n|switch|p1b: NotABird|Iron Bundle, L50|100\/100\n|switch|p2a: Orangeuru|Oranguru, L50, F|100\/100\n|switch|p2b: Thiccc|Iron Hands, L50|100\/100\n|-enditem|p1b: NotABird|Booster Energy\n|-activate|p1b: NotABird|ability: Quark Drive|[fromitem]\n|-start|p1b: NotABird|quarkdrivespe\n|-enditem|p2b: Thiccc|Booster Energy\n|-activate|p2b: Thiccc|ability: Quark Drive|[fromitem]\n|-start|p2b: Thiccc|quarkdriveatk\n|turn|1\n|\n|t:|1683841340\n|-terastallize|p1b: NotABird|Ghost\n|-terastallize|p2a: Orangeuru|Dark\n|move|p1b: NotABird|Hydro Pump|p2b: Thiccc\n|-damage|p2b: Thiccc|61\/100\n|move|p1a: Ghost|Psychic|p2b: Thiccc\n|-supereffective|p2b: Thiccc\n|-damage|p2b: Thiccc|15\/100\n|move|p2b: Thiccc|Wild Charge|p1a: Ghost\n|-enditem|p1a: Ghost|Focus Sash\n|-damage|p1a: Ghost|1\/100\n|-start|p2b: Thiccc|Disable|Wild Charge|[from] ability: Cursed Body|[of] p1a: Ghost\n|-damage|p2b: Thiccc|0 fnt|[from] Recoil\n|faint|p2b: Thiccc\n|-end|p2b: Thiccc|Quark Drive|[silent]\n|move|p2a: Orangeuru|Trick Room|p2a: Orangeuru\n|-fieldstart|move: Trick Room|[of] p2a: Orangeuru\n|\n|upkeep\n|c|\u2606destrucktoo|o no\n|c|\u2606DrChocolateMD|Oranguru gives me bad vibes\n|c| WindyEng|risky doubling into that\n|c|\u2606DrChocolateMD|Tell it to stop\n|c|\u2606destrucktoo|hes my only hope\n|\n|t:|1683841401\n|switch|p2b: Dog|Arcanine, L50, M|100\/100\n|-ability|p2b: Dog|Intimidate|boost\n|-unboost|p1a: Ghost|atk|1\n|-unboost|p1b: NotABird|atk|1\n|turn|2\n|\n|t:|1683841441\n|move|p1a: Ghost|Protect|p1a: Ghost\n|-singleturn|p1a: Ghost|Protect\n|move|p2a: Orangeuru|Psychic|p1b: NotABird\n|-damage|p1b: NotABird|42\/100\n|move|p2b: Dog|Snarl|p1b: NotABird|[spread] p1b\n|-activate|p1a: Ghost|move: Protect\n|-supereffective|p1b: NotABird\n|-damage|p1b: NotABird|0 fnt\n|faint|p1b: NotABird\n|-end|p1b: NotABird|Quark Drive|[silent]\n|-damage|p2b: Dog|91\/100|[from] item: Life Orb\n|\n|upkeep\n|\n|t:|1683841459\n|switch|p1b: ThreeHeadWorm|Hydreigon, L50, M|100\/100\n|turn|3\n|\n|t:|1683841482\n|move|p2a: Orangeuru|Psychic|p1a: Ghost\n|-supereffective|p1a: Ghost\n|-damage|p1a: Ghost|0 fnt\n|faint|p1a: Ghost\n|move|p2b: Dog|Flare Blitz|p1b: ThreeHeadWorm\n|-resisted|p1b: ThreeHeadWorm\n|-damage|p1b: ThreeHeadWorm|62\/100\n|-damage|p2b: Dog|80\/100|[from] Recoil\n|-damage|p2b: Dog|71\/100|[from] item: Life Orb\n|move|p1b: ThreeHeadWorm|Heat Wave|p2b: Dog|[spread] p2a,p2b\n|-resisted|p2b: Dog\n|-damage|p2a: Orangeuru|75\/100\n|-damage|p2b: Dog|55\/100\n|-damage|p1b: ThreeHeadWorm|52\/100|[from] item: Life Orb\n|\n|upkeep\n|j| Pinapplehead\n|\n|t:|1683841494\n|switch|p1a: Worm With Legs|Salazzle, L50, F|100\/100\n|turn|4\n|\n|t:|1683841510\n|move|p1a: Worm With Legs|Fake Out|p2b: Dog\n|-damage|p2b: Dog|49\/100\n|cant|p2b: Dog|flinch\n|move|p2a: Orangeuru|Psychic|p1a: Worm With Legs\n|-supereffective|p1a: Worm With Legs\n|-damage|p1a: Worm With Legs|0 fnt\n|faint|p1a: Worm With Legs\n|move|p1b: ThreeHeadWorm|Heat Wave|p2b: Dog|[spread] p2a,p2b\n|-resisted|p2b: Dog\n|-damage|p2a: Orangeuru|50\/100\n|-damage|p2b: Dog|32\/100\n|-damage|p1b: ThreeHeadWorm|42\/100|[from] item: Life Orb\n|\n|upkeep\n|turn|5\n|c| WindyEng|can Hydreigon pull this off again?\n|\n|t:|1683841526\n|move|p1b: ThreeHeadWorm|Protect|p1b: ThreeHeadWorm\n|-singleturn|p1b: ThreeHeadWorm|Protect\n|move|p2a: Orangeuru|Psychic|p1b: ThreeHeadWorm\n|-activate|p1b: ThreeHeadWorm|move: Protect\n|move|p2b: Dog|Flare Blitz|p1b: ThreeHeadWorm\n|-activate|p1b: ThreeHeadWorm|move: Protect\n|\n|-fieldend|move: Trick Room\n|upkeep\n|turn|6\n|c|\u2606DrChocolateMD|There is no way\n|\n|t:|1683841541\n|move|p1b: ThreeHeadWorm|Heat Wave|p2a: Orangeuru|[spread] p2a,p2b\n|-resisted|p2b: Dog\n|-damage|p2a: Orangeuru|27\/100\n|-damage|p2b: Dog|14\/100\n|-damage|p1b: ThreeHeadWorm|33\/100|[from] item: Life Orb\n|move|p2b: Dog|Flare Blitz|p1b: ThreeHeadWorm\n|-resisted|p1b: ThreeHeadWorm\n|-damage|p1b: ThreeHeadWorm|0 fnt\n|faint|p1b: ThreeHeadWorm\n|-damage|p2b: Dog|5\/100|[from] Recoil\n|-damage|p2b: Dog|0 fnt|[from] item: Life Orb\n|faint|p2b: Dog\n|\n|win|destrucktoo\n|c|\u2606destrucktoo|gg\n|c|\u2606DrChocolateMD|GG!\n","uploadtime":1683841554,"views":13,"p1id":"drchocolatemd","p2id":"destrucktoo","formatid":"gen9vgc2023regulationc","rating":0,"private":0,"password":""}