{"id":"gen9vgc2023regulationc-1863269876","p1":"zLenco","p2":"ninooshawottvgc","format":"[Gen 9] VGC 2023 Regulation C","log":"|j|\u2606zLenco\n|j|\u2606ninooshawottvgc\n|t:|1683996049\n|gametype|doubles\n|player|p1|zLenco|alder|1045\n|player|p2|ninooshawottvgc|101|1000\n|teamsize|p1|6\n|teamsize|p2|6\n|gen|9\n|tier|[Gen 9] VGC 2023 Regulation C\n|rated|\n|rule|Species Clause: Limit one of each Pok\u00e9mon\n|rule|Item Clause: Limit one of each item\n|clearpoke\n|poke|p1|Scream Tail, L50|\n|poke|p1|Gothitelle, L50, M|\n|poke|p1|Iron Hands, L50|\n|poke|p1|Iron Moth, L50|\n|poke|p1|Ceruledge, L50, F|\n|poke|p1|Ampharos, L50, F|\n|poke|p2|Meowscarada, L50, M|\n|poke|p2|Crocalor, L50, F|\n|poke|p2|Quaquaval, L50, M|\n|poke|p2|Chansey, L50, F|\n|poke|p2|Tauros-Paldea-Aqua, L50, M|\n|poke|p2|Gholdengo, L50|\n|teampreview|4\n|\n|t:|1683996055\n|start\n|switch|p1a: Scream Tail|Scream Tail, L50, shiny|100\/100\n|switch|p1b: Iron Moth|Iron Moth, L50|100\/100\n|switch|p2a: Meowscarada|Meowscarada, L50, M|100\/100\n|switch|p2b: Crocalor|Crocalor, L50, F|100\/100\n|-enditem|p1b: Iron Moth|Booster Energy\n|-activate|p1b: Iron Moth|ability: Quark Drive|[fromitem]\n|-start|p1b: Iron Moth|quarkdrivespd\n|turn|1\n|inactive|Battle timer is ON: inactive players will automatically lose when time's up. (requested by zLenco)\n|\n|t:|1683996078\n|move|p2a: Meowscarada|Aura Sphere|p1b: Iron Moth\n|-start|p2a: Meowscarada|typechange|Fighting|[from] ability: Protean\n|-resisted|p1b: Iron Moth\n|-damage|p1b: Iron Moth|94\/100\n|move|p1a: Scream Tail|Perish Song|p1a: Scream Tail\n|-start|p1a: Scream Tail|perish3|[silent]\n|-start|p1b: Iron Moth|perish3|[silent]\n|-start|p2a: Meowscarada|perish3|[silent]\n|-start|p2b: Crocalor|perish3|[silent]\n|-fieldactivate|move: Perish Song\n|move|p1b: Iron Moth|U-turn|p2a: Meowscarada\n|-resisted|p2a: Meowscarada\n|-damage|p2a: Meowscarada|93\/100\n|\n|t:|1683996088\n|-end|p1b: Iron Moth|Quark Drive|[silent]\n|switch|p1b: Gothitelle|Gothitelle, L50, M|100\/100|[from] U-turn\n|move|p2b: Crocalor|Flame Charge|p1a: Scream Tail\n|-damage|p1a: Scream Tail|87\/100\n|-boost|p2b: Crocalor|spe|1\n|\n|-start|p2a: Meowscarada|perish3\n|-start|p1a: Scream Tail|perish3\n|-start|p2b: Crocalor|perish3\n|upkeep\n|turn|2\n|\n|t:|1683996105\n|move|p1b: Gothitelle|Protect|p1b: Gothitelle\n|-singleturn|p1b: Gothitelle|Protect\n|move|p2a: Meowscarada|Energy Ball|p1b: Gothitelle\n|-activate|p1b: Gothitelle|move: Protect\n|move|p1a: Scream Tail|Thunder Wave|p2a: Meowscarada\n|-status|p2a: Meowscarada|par\n|move|p2b: Crocalor|Flame Charge|p1a: Scream Tail\n|-damage|p1a: Scream Tail|76\/100\n|-boost|p2b: Crocalor|spe|1\n|\n|-start|p2b: Crocalor|perish2\n|-start|p1a: Scream Tail|perish2\n|-start|p2a: Meowscarada|perish2\n|upkeep\n|turn|3\n|\n|t:|1683996128\n|move|p1a: Scream Tail|Protect|p1a: Scream Tail\n|-singleturn|p1a: Scream Tail|Protect\n|move|p2b: Crocalor|Flame Charge|p1a: Scream Tail\n|-activate|p1a: Scream Tail|move: Protect\n|move|p2a: Meowscarada|Energy Ball|p1b: Gothitelle\n|-damage|p1b: Gothitelle|88\/100\n|move|p1b: Gothitelle|Trick Room|p1b: Gothitelle\n|-fieldstart|move: Trick Room|[of] p1b: Gothitelle\n|\n|-start|p2a: Meowscarada|perish1\n|-start|p1a: Scream Tail|perish1\n|-start|p2b: Crocalor|perish1\n|upkeep\n|turn|4\n|\n|t:|1683996149\n|-end|p1a: Scream Tail|Protosynthesis|[silent]\n|switch|p1a: Ceruledge|Ceruledge, L50, F|100\/100\n|move|p1b: Gothitelle|Protect|p1b: Gothitelle\n|-singleturn|p1b: Gothitelle|Protect\n|move|p2a: Meowscarada|Aura Sphere|p1b: Gothitelle\n|-activate|p1b: Gothitelle|move: Protect\n|move|p2b: Crocalor|Flame Charge|p1b: Gothitelle\n|-activate|p1b: Gothitelle|move: Protect\n|\n|-start|p2a: Meowscarada|perish0\n|-start|p2b: Crocalor|perish0\n|faint|p2a: Meowscarada\n|faint|p2b: Crocalor\n|upkeep\n|\n|t:|1683996166\n|switch|p2b: Quaquaval|Quaquaval, L50, M|100\/100\n|switch|p2a: Gholdengo|Gholdengo, L50|100\/100\n|turn|5\n|\n|t:|1683996190\n|switch|p1b: Scream Tail|Scream Tail, L50, shiny|76\/100\n|move|p1a: Ceruledge|Endure|p1a: Ceruledge\n|-singleturn|p1a: Ceruledge|move: Endure\n|move|p2a: Gholdengo|Thunder Wave|p1a: Ceruledge\n|-status|p1a: Ceruledge|par\n|move|p2b: Quaquaval|Hurricane|p1b: Scream Tail\n|-damage|p1b: Scream Tail|60\/100\n|-start|p1b: Scream Tail|confusion\n|\n|upkeep\n|turn|6\n|inactive|zLenco has 30 seconds left.\n|\n|t:|1683996221\n|move|p1a: Ceruledge|Protect||[still]\n|-fail|p1a: Ceruledge\n|move|p2a: Gholdengo|Psychic|p1b: Scream Tail\n|-resisted|p1b: Scream Tail\n|-damage|p1b: Scream Tail|50\/100\n|-enditem|p1b: Scream Tail|Sitrus Berry|[eat]\n|-heal|p1b: Scream Tail|75\/100|[from] item: Sitrus Berry\n|-damage|p2a: Gholdengo|91\/100|[from] item: Life Orb\n|-activate|p1b: Scream Tail|confusion\n|-damage|p1b: Scream Tail|70\/100|[from] confusion\n|move|p2b: Quaquaval|Hurricane|p1a: Ceruledge\n|-damage|p1a: Ceruledge|82\/100 par\n|-start|p1a: Ceruledge|confusion\n|\n|-heal|p1a: Ceruledge|88\/100 par|[from] item: Leftovers\n|upkeep\n|turn|7\n|\n|t:|1683996241\n|-activate|p1a: Ceruledge|confusion\n|move|p1a: Ceruledge|Destiny Bond|p1a: Ceruledge\n|-singlemove|p1a: Ceruledge|Destiny Bond\n|move|p2a: Gholdengo|Psychic|p1a: Ceruledge\n|-damage|p1a: Ceruledge|57\/100 par\n|-damage|p2a: Gholdengo|82\/100|[from] item: Life Orb\n|-activate|p1b: Scream Tail|confusion\n|-damage|p1b: Scream Tail|66\/100|[from] confusion\n|move|p2b: Quaquaval|Hurricane|p2a: Gholdengo\n|-resisted|p2a: Gholdengo\n|-damage|p2a: Gholdengo|70\/100\n|\n|-heal|p1a: Ceruledge|63\/100 par|[from] item: Leftovers\n|-fieldend|move: Trick Room\n|upkeep\n|turn|8\n|\n|t:|1683996263\n|-terastallize|p2b: Quaquaval|Water\n|move|p2b: Quaquaval|Hurricane|p1b: Scream Tail|[miss]\n|-miss|p2b: Quaquaval|p1b: Scream Tail\n|-end|p1b: Scream Tail|confusion\n|move|p1b: Scream Tail|Perish Song|p1b: Scream Tail\n|-start|p1a: Ceruledge|perish3|[silent]\n|-start|p1b: Scream Tail|perish3|[silent]\n|-immune|p2a: Gholdengo|[from] ability: Good as Gold\n|-start|p2b: Quaquaval|perish3|[silent]\n|-fieldactivate|move: Perish Song\n|move|p2a: Gholdengo|Memento|p1b: Scream Tail\n|-unboost|p1b: Scream Tail|atk|2\n|-unboost|p1b: Scream Tail|spa|2\n|faint|p2a: Gholdengo\n|-activate|p1a: Ceruledge|confusion\n|move|p1a: Ceruledge|Destiny Bond||[still]\n|-fail|p1a: Ceruledge\n|\n|-heal|p1a: Ceruledge|69\/100 par|[from] item: Leftovers\n|-start|p2b: Quaquaval|perish3\n|-start|p1b: Scream Tail|perish3\n|-start|p1a: Ceruledge|perish3\n|upkeep\n|turn|9\n|inactive|zLenco has 30 seconds left.\n|\n|t:|1683996295\n|move|p1b: Scream Tail|Protect|p1b: Scream Tail\n|-singleturn|p1b: Scream Tail|Protect\n|-activate|p1a: Ceruledge|confusion\n|move|p1a: Ceruledge|Protect|p1a: Ceruledge\n|-singleturn|p1a: Ceruledge|Protect\n|move|p2b: Quaquaval|Hurricane|p1b: Scream Tail\n|-activate|p1b: Scream Tail|move: Protect\n|\n|-heal|p1a: Ceruledge|75\/100 par|[from] item: Leftovers\n|-start|p2b: Quaquaval|perish2\n|-start|p1b: Scream Tail|perish2\n|-start|p1a: Ceruledge|perish2\n|upkeep\n|turn|10\n|\n|t:|1683996311\n|move|p2b: Quaquaval|Hurricane|p1b: Scream Tail\n|-damage|p1b: Scream Tail|51\/100\n|-start|p1b: Scream Tail|confusion\n|-activate|p1b: Scream Tail|confusion\n|-damage|p1b: Scream Tail|49\/100|[from] confusion\n|-activate|p1a: Ceruledge|confusion\n|-damage|p1a: Ceruledge|65\/100 par|[from] confusion\n|\n|-heal|p1a: Ceruledge|71\/100 par|[from] item: Leftovers\n|-start|p2b: Quaquaval|perish1\n|-start|p1b: Scream Tail|perish1\n|-start|p1a: Ceruledge|perish1\n|upkeep\n|turn|11\n|\n|t:|1683996330\n|-activate|p1b: Scream Tail|confusion\n|move|p1b: Scream Tail|Protect|p1b: Scream Tail\n|-singleturn|p1b: Scream Tail|Protect\n|-end|p1a: Ceruledge|confusion\n|move|p1a: Ceruledge|Protect|p1a: Ceruledge\n|-singleturn|p1a: Ceruledge|Protect\n|move|p2b: Quaquaval|Hurricane|p1b: Scream Tail\n|-activate|p1b: Scream Tail|move: Protect\n|\n|-heal|p1a: Ceruledge|77\/100 par|[from] item: Leftovers\n|-start|p2b: Quaquaval|perish0\n|-start|p1b: Scream Tail|perish0\n|-start|p1a: Ceruledge|perish0\n|faint|p2b: Quaquaval\n|faint|p1b: Scream Tail\n|-end|p1b: Scream Tail|Protosynthesis|[silent]\n|faint|p1a: Ceruledge\n|\n|win|zLenco\n|upkeep\n|raw|zLenco's rating: 1045 → 1074<\/strong> (+29 for winning)\n|raw|ninooshawottvgc's rating: 1000 → 1000<\/strong> (+0 for losing)\n|l|\u2606zLenco\n","uploadtime":1683996348,"views":8,"p1id":"zlenco","p2id":"ninooshawottvgc","formatid":"gen9vgc2023regulationc","rating":1000,"private":0,"password":""}