{"id":"gen9vgc2023regulationc-1857941554","p1":"funny lizard","p2":"Revil0","format":"[Gen 9] VGC 2023 Regulation C","log":"|j|\u2606funny lizard\n|j|\u2606Revil0\n|t:|1683250157\n|gametype|doubles\n|player|p1|funny lizard|n-masters|1091\n|player|p2|Revil0|101|1076\n|teamsize|p1|6\n|teamsize|p2|6\n|gen|9\n|tier|[Gen 9] VGC 2023 Regulation C\n|rated|\n|rule|Species Clause: Limit one of each Pok\u00e9mon\n|rule|Item Clause: Limit one of each item\n|clearpoke\n|poke|p1|Ting-Lu, L50|\n|poke|p1|Annihilape, L50, F|\n|poke|p1|Iron Bundle, L50|\n|poke|p1|Iron Hands, L50|\n|poke|p1|Pincurchin, L50, M|\n|poke|p1|Wo-Chien, L50|\n|poke|p2|Goodra, L50, M|\n|poke|p2|Skeledirge, L50, F|\n|poke|p2|Farigiraf, L50, M|\n|poke|p2|Sableye, L50, M|\n|poke|p2|Iron Hands, L50|\n|poke|p2|Palafin, L50, M|\n|teampreview|4\nfunny lizard has agreed to open team sheets.\n|\n|t:|1683250174\n|start\n|switch|p1a: Wo-Chien|Wo-Chien, L50|100\/100\n|switch|p1b: Iron Bundle|Iron Bundle, L50|100\/100\n|switch|p2a: Goodra|Goodra, L50, M|100\/100\n|switch|p2b: Iron Hands|Iron Hands, L50|100\/100\n|-ability|p1a: Wo-Chien|Tablets of Ruin\n|turn|1\n|\n|t:|1683250192\n|move|p2b: Iron Hands|Fake Out|p1b: Iron Bundle\n|-damage|p1b: Iron Bundle|87\/100\n|cant|p1b: Iron Bundle|flinch\n|move|p2a: Goodra|Acid Armor|p2a: Goodra\n|-boost|p2a: Goodra|def|2\n|move|p1a: Wo-Chien|Leech Seed|p2b: Iron Hands\n|-start|p2b: Iron Hands|move: Leech Seed\n|\n|-damage|p2b: Iron Hands|88\/100|[from] Leech Seed|[of] p1a: Wo-Chien\n|upkeep\n|turn|2\n|\n|t:|1683250214\n|-terastallize|p2a: Goodra|Steel\n|move|p1b: Iron Bundle|Ice Beam|p2a: Goodra\n|-resisted|p2a: Goodra\n|-damage|p2a: Goodra|81\/100\n|move|p2a: Goodra|Body Press|p1a: Wo-Chien\n|-supereffective|p1a: Wo-Chien\n|-damage|p1a: Wo-Chien|60\/100\n|move|p1a: Wo-Chien|Leech Seed|p2a: Goodra\n|-ability|p2a: Goodra|Sap Sipper|boost\n|-boost|p2a: Goodra|atk|1\n|move|p2b: Iron Hands|Drain Punch|p1b: Iron Bundle\n|-supereffective|p1b: Iron Bundle\n|-damage|p1b: Iron Bundle|5\/100\n|-heal|p2b: Iron Hands|100\/100|[from] drain|[of] p1b: Iron Bundle\n|\n|-heal|p2a: Goodra|87\/100|[from] item: Leftovers\n|-heal|p1a: Wo-Chien|66\/100|[from] item: Leftovers\n|-damage|p2b: Iron Hands|88\/100|[from] Leech Seed|[of] p1a: Wo-Chien\n|-heal|p1a: Wo-Chien|82\/100|[silent]\n|upkeep\n|turn|3\n|\n|t:|1683250248\n|-end|p1b: Iron Bundle|Quark Drive|[silent]\n|switch|p1b: haha|Ting-Lu, L50|100\/100\n|-ability|p1b: haha|Vessel of Ruin\n|move|p2a: Goodra|Acid Armor|p2a: Goodra\n|-boost|p2a: Goodra|def|2\n|move|p1a: Wo-Chien|Ruination|p2a: Goodra\n|-damage|p2a: Goodra|44\/100\n|move|p2b: Iron Hands|Drain Punch|p1b: haha\n|-supereffective|p1b: haha\n|-damage|p1b: haha|66\/100\n|-heal|p2b: Iron Hands|100\/100|[from] drain|[of] p1b: haha\n|\n|-heal|p2a: Goodra|50\/100|[from] item: Leftovers\n|-heal|p1a: Wo-Chien|88\/100|[from] item: Leftovers\n|-damage|p2b: Iron Hands|88\/100|[from] Leech Seed|[of] p1a: Wo-Chien\n|-heal|p1a: Wo-Chien|100\/100|[silent]\n|upkeep\n|turn|4\n|\n|t:|1683250271\n|move|p1a: Wo-Chien|Protect|p1a: Wo-Chien\n|-singleturn|p1a: Wo-Chien|Protect\n|move|p2a: Goodra|Body Press|p1a: Wo-Chien\n|-activate|p1a: Wo-Chien|move: Protect\n|move|p2b: Iron Hands|Drain Punch|p1a: Wo-Chien\n|-activate|p1a: Wo-Chien|move: Protect\n|move|p1b: haha|Fissure|p2a: Goodra|[miss]\n|-miss|p1b: haha|p2a: Goodra\n|\n|-heal|p2a: Goodra|56\/100|[from] item: Leftovers\n|-damage|p2b: Iron Hands|76\/100|[from] Leech Seed|[of] p1a: Wo-Chien\n|upkeep\n|turn|5\n|\n|t:|1683250286\n|move|p2a: Goodra|Body Press|p1a: Wo-Chien\n|-supereffective|p1a: Wo-Chien\n|-damage|p1a: Wo-Chien|46\/100\n|move|p1a: Wo-Chien|Pollen Puff|p1b: haha\n|-heal|p1b: haha|100\/100\n|move|p2b: Iron Hands|Drain Punch|p1a: Wo-Chien\n|-supereffective|p1a: Wo-Chien\n|-damage|p1a: Wo-Chien|0 fnt\n|-heal|p2b: Iron Hands|94\/100|[from] drain|[of] p1a: Wo-Chien\n|faint|p1a: Wo-Chien\n|move|p1b: haha|Fissure|p2a: Goodra\n|-damage|p2a: Goodra|0 fnt\n|faint|p2a: Goodra\n|-ohko\n|\n|upkeep\n|\n|t:|1683250302\n|switch|p2a: Farigiraf|Farigiraf, L50, M|100\/100\n|switch|p1a: Iron Bundle|Iron Bundle, L50|5\/100\n|turn|6\n|\n|t:|1683250317\n|move|p1a: Iron Bundle|Icy Wind|p2b: Iron Hands|[spread] p2a,p2b\n|-damage|p2a: Farigiraf|79\/100\n|-damage|p2b: Iron Hands|81\/100\n|-unboost|p2a: Farigiraf|spe|1\n|-unboost|p2b: Iron Hands|spe|1\n|move|p1b: haha|Fissure|p2b: Iron Hands|[miss]\n|-miss|p1b: haha|p2b: Iron Hands\n|move|p2b: Iron Hands|Drain Punch|p1a: Iron Bundle\n|-supereffective|p1a: Iron Bundle\n|-damage|p1a: Iron Bundle|0 fnt\n|-heal|p2b: Iron Hands|83\/100|[from] drain|[of] p1a: Iron Bundle\n|faint|p1a: Iron Bundle\n|-end|p1a: Iron Bundle|Quark Drive|[silent]\n|move|p2a: Farigiraf|Trick Room|p2a: Farigiraf\n|-fieldstart|move: Trick Room|[of] p2a: Farigiraf\n|\n|upkeep\n|\n|t:|1683250325\n|switch|p1a: Annihilape|Annihilape, L50, F|100\/100\n|turn|7\n|\n|t:|1683250343\n|-terastallize|p1a: Annihilape|Fire\n|move|p2b: Iron Hands|Wild Charge|p1a: Annihilape\n|-damage|p1a: Annihilape|46\/100\n|-damage|p2b: Iron Hands|71\/100|[from] Recoil\n|move|p2a: Farigiraf|Hyper Voice|p1b: haha|[spread] p1a,p1b\n|-damage|p1a: Annihilape|27\/100\n|-damage|p1b: haha|93\/100\n|-enditem|p2a: Farigiraf|Throat Spray\n|-boost|p2a: Farigiraf|spa|1|[from] item: Throat Spray\n|move|p1b: haha|Stomping Tantrum|p2b: Iron Hands\n|-supereffective|p2b: Iron Hands\n|-damage|p2b: Iron Hands|0 fnt\n|faint|p2b: Iron Hands\n|-end|p2b: Iron Hands|Quark Drive|[silent]\n|move|p1a: Annihilape|Bulk Up|p1a: Annihilape\n|-boost|p1a: Annihilape|atk|1\n|-boost|p1a: Annihilape|def|1\n|\n|upkeep\n|\n|t:|1683250357\n|switch|p2b: Skeledirge|Skeledirge, L50, F|100\/100\n|turn|8\n|\n|t:|1683250369\n|move|p2a: Farigiraf|Hyper Voice|p1b: haha|[spread] p1a,p1b\n|-damage|p1a: Annihilape|0 fnt\n|-damage|p1b: haha|80\/100\n|faint|p1a: Annihilape\n|move|p1b: haha|Fissure|p2a: Farigiraf\n|-damage|p2a: Farigiraf|0 fnt\n|faint|p2a: Farigiraf\n|-ohko\n|move|p2b: Skeledirge|Yawn|p1b: haha\n|-start|p1b: haha|move: Yawn|[of] p2b: Skeledirge\n|\n|upkeep\n|turn|9\n|\n|t:|1683250381\n|move|p2b: Skeledirge|Protect|p2b: Skeledirge\n|-singleturn|p2b: Skeledirge|Protect\n|move|p1b: haha|Fissure|p2b: Skeledirge\n|-activate|p2b: Skeledirge|move: Protect\n|\n|-end|p1b: haha|move: Yawn|[silent]\n|-status|p1b: haha|slp\n|upkeep\n|turn|10\n|\n|t:|1683250387\n|cant|p1b: haha|slp\n|move|p2b: Skeledirge|Torch Song|p1b: haha\n|-damage|p1b: haha|71\/100 slp\n|-boost|p2b: Skeledirge|spa|1\n|\n|-fieldend|move: Trick Room\n|upkeep\n|turn|11\n|\n|t:|1683250394\n|move|p2b: Skeledirge|Torch Song|p1b: haha\n|-damage|p1b: haha|58\/100 slp\n|-boost|p2b: Skeledirge|spa|1\n|cant|p1b: haha|slp\n|\n|upkeep\n|turn|12\n|\n|t:|1683250402\n|move|p2b: Skeledirge|Torch Song|p1b: haha\n|-damage|p1b: haha|41\/100 slp\n|-boost|p2b: Skeledirge|spa|1\n|-curestatus|p1b: haha|slp|[msg]\n|move|p1b: haha|Fissure|p2b: Skeledirge\n|-damage|p2b: Skeledirge|0 fnt\n|faint|p2b: Skeledirge\n|-ohko\n|\n|win|funny lizard\n|raw|funny lizard's rating: 1091 → 1118<\/strong> (+27 for winning)\n|raw|Revil0's rating: 1103 → 1077<\/strong> (-26 for losing)\n|c|\u2606Revil0|nah\n|c|\u2606Revil0|so lucky\n|c|\u2606funny lizard|yeah\n|c|\u2606Revil0|three of them\n|l|\u2606Revil0\n","uploadtime":1683250442,"views":13,"p1id":"funnylizard","p2id":"revil0","formatid":"gen9vgc2023regulationc","rating":1077,"private":0,"password":""}