{"id":"gen9vgc2023regulationc-1857348587","p1":"zessozessozesso","p2":"WispWhimsicott","format":"[Gen 9] VGC 2023 Regulation C","log":"|j|\u2606zessozessozesso\n|j|\u2606WispWhimsicott\n|t:|1683177639\n|gametype|doubles\n|player|p1|zessozessozesso|170|1370\n|player|p2|WispWhimsicott|170|1426\n|teamsize|p1|6\n|teamsize|p2|6\n|gen|9\n|tier|[Gen 9] VGC 2023 Regulation C\n|rated|\n|rule|Species Clause: Limit one of each Pok\u00e9mon\n|rule|Item Clause: Limit one of each item\n|clearpoke\n|poke|p1|Flutter Mane, L50|\n|poke|p1|Ting-Lu, L50|\n|poke|p1|Baxcalibur, L50, F|\n|poke|p1|Palafin, L50, F|\n|poke|p1|Arcanine, L50, M|\n|poke|p1|Amoonguss, L50, F|\n|poke|p2|Chi-Yu, L50|\n|poke|p2|Kingambit, L50, M|\n|poke|p2|Iron Bundle, L50|\n|poke|p2|Dragonite, L50, F|\n|poke|p2|Gyarados, L50, M|\n|poke|p2|Amoonguss, L50, F|\n|teampreview|4\n|inactive|Battle timer is ON: inactive players will automatically lose when time's up. (requested by WispWhimsicott)\n|inactive|zessozessozesso also wants the timer to be on.\n|inactive|zessozessozesso has 60 seconds left.\n|inactive|WispWhimsicott has 60 seconds left.\n|\n|t:|1683177681\n|start\n|switch|p1a: Arcanine|Arcanine, L50, M|100\/100\n|switch|p1b: Palafin|Palafin, L50, F|100\/100\n|switch|p2a: Kingambit|Kingambit, L50, M, shiny|100\/100\n|switch|p2b: Gyarados|Gyarados, L50, M|100\/100\n|-ability|p1a: Arcanine|Intimidate|boost\n|-unboost|p2a: Kingambit|atk|1\n|-ability|p2a: Kingambit|Defiant|boost\n|-boost|p2a: Kingambit|atk|2\n|-unboost|p2b: Gyarados|atk|1\n|-ability|p2b: Gyarados|Intimidate|boost\n|-unboost|p1a: Arcanine|atk|1\n|-unboost|p1b: Palafin|atk|1\n|turn|1\n|inactive|zessozessozesso has 30 seconds left.\n|\n|t:|1683177707\n|move|p1a: Arcanine|Will-O-Wisp|p2a: Kingambit\n|-status|p2a: Kingambit|brn\n|move|p1b: Palafin|Haze|p1b: Palafin\n|-clearallboost\n|move|p2b: Gyarados|Waterfall|p1a: Arcanine\n|-supereffective|p1a: Arcanine\n|-damage|p1a: Arcanine|33\/100\n|move|p2a: Kingambit|Kowtow Cleave|p1b: Palafin\n|-damage|p1b: Palafin|75\/100\n|\n|-damage|p2a: Kingambit|95\/100 brn|[from] brn\n|upkeep\n|turn|2\n|inactive|zessozessozesso has 30 seconds left.\n|inactive|WispWhimsicott has 30 seconds left.\n|\n|t:|1683177742\n|switch|p1a: Baxcalibur|Baxcalibur, L50, F|100\/100\n|detailschange|p1b: Palafin|Palafin-Hero, L50, F\n|switch|p1b: Amoonguss|Amoonguss, L50, F|100\/100\n|move|p2b: Gyarados|Thunder Wave|p1b: Amoonguss\n|-status|p1b: Amoonguss|par\n|move|p2a: Kingambit|Kowtow Cleave|p1a: Baxcalibur\n|-crit|p1a: Baxcalibur\n|-damage|p1a: Baxcalibur|65\/100\n|\n|-damage|p2a: Kingambit|89\/100 brn|[from] brn\n|upkeep\n|turn|3\n|\n|t:|1683177766\n|-terastallize|p1a: Baxcalibur|Poison\n|cant|p1b: Amoonguss|par\n|move|p1a: Baxcalibur|Glaive Rush|p2b: Gyarados\n|-crit|p2b: Gyarados\n|-damage|p2b: Gyarados|3\/100\n|-singlemove|p1a: Baxcalibur|Glaive Rush|[silent]\n|-enditem|p2b: Gyarados|Figy Berry|[eat]\n|-heal|p2b: Gyarados|36\/100|[from] item: Figy Berry\n|move|p2b: Gyarados|Taunt|p1b: Amoonguss\n|-start|p1b: Amoonguss|move: Taunt\n|move|p2a: Kingambit|Iron Head|p1a: Baxcalibur\n|-damage|p1a: Baxcalibur|22\/100\n|\n|-damage|p2a: Kingambit|83\/100 brn|[from] brn\n|upkeep\n|turn|4\n|inactive|zessozessozesso has 30 seconds left.\n|inactive|WispWhimsicott has 30 seconds left.\n|inactive|zessozessozesso has 20 seconds left.\n|inactive|WispWhimsicott has 20 seconds left.\n|inactive|WispWhimsicott has 15 seconds left.\n|\n|t:|1683177806\n|switch|p1a: Arcanine|Arcanine, L50, M|33\/100\n|-ability|p1a: Arcanine|Intimidate|boost\n|-unboost|p2a: Kingambit|atk|1\n|-ability|p2a: Kingambit|Defiant|boost\n|-boost|p2a: Kingambit|atk|2\n|-unboost|p2b: Gyarados|atk|1\n|switch|p2b: Iron Bundle|Iron Bundle, L50|100\/100\n|-enditem|p2b: Iron Bundle|Booster Energy\n|-activate|p2b: Iron Bundle|ability: Quark Drive|[fromitem]\n|-start|p2b: Iron Bundle|quarkdrivespe\n|move|p2a: Kingambit|Kowtow Cleave|p1b: Amoonguss\n|-damage|p1b: Amoonguss|73\/100 par\n|move|p1b: Amoonguss|Pollen Puff|p1a: Arcanine\n|-heal|p1a: Arcanine|83\/100\n|\n|-damage|p2a: Kingambit|77\/100 brn|[from] brn\n|upkeep\n|turn|5\n|inactive|zessozessozesso has 30 seconds left.\n|inactive|zessozessozesso has 20 seconds left.\n|\n|t:|1683177845\n|move|p1a: Arcanine|Protect|p1a: Arcanine\n|-singleturn|p1a: Arcanine|Protect\n|move|p2b: Iron Bundle|Hydro Pump|p1a: Arcanine\n|-activate|p1a: Arcanine|move: Protect\n|move|p2a: Kingambit|Kowtow Cleave|p1b: Amoonguss\n|-damage|p1b: Amoonguss|46\/100 par\n|-enditem|p1b: Amoonguss|Sitrus Berry|[eat]\n|-heal|p1b: Amoonguss|71\/100 par|[from] item: Sitrus Berry\n|cant|p1b: Amoonguss|par\n|\n|-damage|p2a: Kingambit|71\/100 brn|[from] brn\n|upkeep\n|turn|6\n|\n|t:|1683177865\n|switch|p1a: Palafin|Palafin-Hero, L50, F|75\/100\n|-activate|p1a: Palafin|ability: Zero to Hero\n|move|p2b: Iron Bundle|Hydro Pump|p1a: Palafin\n|-resisted|p1a: Palafin\n|-crit|p1a: Palafin\n|-damage|p1a: Palafin|40\/100\n|move|p2a: Kingambit|Kowtow Cleave|p1b: Amoonguss\n|-damage|p1b: Amoonguss|44\/100 par\n|move|p1b: Amoonguss|Pollen Puff|p1a: Palafin\n|-heal|p1a: Palafin|89\/100\n|\n|-damage|p2a: Kingambit|66\/100 brn|[from] brn\n|-end|p1b: Amoonguss|move: Taunt\n|upkeep\n|turn|7\n|inactive|zessozessozesso has 30 seconds left.\n|inactive|WispWhimsicott has 30 seconds left.\n|inactive|zessozessozesso has 20 seconds left.\n|\n|t:|1683177903\n|switch|p2a: Gyarados|Gyarados, L50, M|36\/100\n|-ability|p2a: Gyarados|Intimidate|boost\n|-unboost|p1a: Palafin|atk|1\n|-unboost|p1b: Amoonguss|atk|1\n|move|p1a: Palafin|Protect|p1a: Palafin\n|-singleturn|p1a: Palafin|Protect\n|move|p2b: Iron Bundle|Freeze-Dry|p1b: Amoonguss\n|-supereffective|p1b: Amoonguss\n|-damage|p1b: Amoonguss|0 fnt\n|faint|p1b: Amoonguss\n|\n|upkeep\n|\n|t:|1683177919\n|switch|p1b: Arcanine|Arcanine, L50, M|83\/100\n|-ability|p1b: Arcanine|Intimidate|boost\n|-unboost|p2a: Gyarados|atk|1\n|-unboost|p2b: Iron Bundle|atk|1\n|turn|8\n|inactive|zessozessozesso has 30 seconds left.\n|\n|t:|1683177949\n|switch|p2a: Kingambit|Kingambit, L50, M, shiny|66\/100 brn\n|move|p2b: Iron Bundle|Protect|p2b: Iron Bundle\n|-singleturn|p2b: Iron Bundle|Protect\n|move|p1b: Arcanine|Flare Blitz|p2b: Iron Bundle\n|-activate|p2b: Iron Bundle|move: Protect\n|move|p1a: Palafin|Haze|p1a: Palafin\n|-clearallboost\n|\n|-damage|p2a: Kingambit|60\/100 brn|[from] brn\n|upkeep\n|turn|9\n|inactive|zessozessozesso has 30 seconds left.\n|\n|t:|1683177974\n|switch|p2a: Gyarados|Gyarados, L50, M|36\/100\n|-ability|p2a: Gyarados|Intimidate|boost\n|-unboost|p1a: Palafin|atk|1\n|-unboost|p1b: Arcanine|atk|1\n|move|p1a: Palafin|Jet Punch|p2b: Iron Bundle\n|-resisted|p2b: Iron Bundle\n|-damage|p2b: Iron Bundle|82\/100\n|move|p2b: Iron Bundle|Hydro Pump|p1b: Arcanine\n|-supereffective|p1b: Arcanine\n|-crit|p1b: Arcanine\n|-damage|p1b: Arcanine|0 fnt\n|faint|p1b: Arcanine\n|\n|upkeep\n|\n|t:|1683177984\n|switch|p1b: Baxcalibur|Baxcalibur, L50, F, tera:Poison|22\/100\n|turn|10\n|\n|t:|1683178007\n|switch|p2a: Kingambit|Kingambit, L50, M, shiny|60\/100 brn\n|move|p1b: Baxcalibur|Protect|p1b: Baxcalibur\n|-singleturn|p1b: Baxcalibur|Protect\n|move|p2b: Iron Bundle|Freeze-Dry|p1b: Baxcalibur\n|-activate|p1b: Baxcalibur|move: Protect\n|move|p1a: Palafin|Wave Crash|p2b: Iron Bundle\n|-resisted|p2b: Iron Bundle\n|-damage|p2b: Iron Bundle|51\/100\n|-damage|p1a: Palafin|82\/100|[from] Recoil\n|\n|-damage|p2a: Kingambit|54\/100 brn|[from] brn\n|upkeep\n|turn|11\n|\n|t:|1683178027\n|switch|p2a: Gyarados|Gyarados, L50, M|36\/100\n|-ability|p2a: Gyarados|Intimidate|boost\n|-unboost|p1a: Palafin|atk|1\n|-fail|p1b: Baxcalibur|unboost|[from] item: Clear Amulet|[of] p1b: Baxcalibur\n|move|p1b: Baxcalibur|Protect||[still]\n|-fail|p1b: Baxcalibur\n|move|p2b: Iron Bundle|Freeze-Dry|p1b: Baxcalibur\n|-damage|p1b: Baxcalibur|0 fnt\n|faint|p1b: Baxcalibur\n|move|p1a: Palafin|Wave Crash|p2b: Iron Bundle\n|-resisted|p2b: Iron Bundle\n|-damage|p2b: Iron Bundle|28\/100\n|-damage|p1a: Palafin|77\/100|[from] Recoil\n|\n|upkeep\n|turn|12\n|-message|zessozessozesso forfeited.\n|\n|win|WispWhimsicott\n|raw|zessozessozesso's rating: 1370 → 1353<\/strong> (-17 for losing)\n|raw|WispWhimsicott's rating: 1426 → 1443<\/strong> (+17 for winning)\n|l|\u2606zessozessozesso\n","uploadtime":1683178043,"views":7,"p1id":"zessozessozesso","p2id":"wispwhimsicott","formatid":"gen9vgc2023regulationc","rating":1353,"private":0,"password":""}