{"id":"gen9vgc2023regulationc-1861247993","p1":"Eisenbundel","p2":"Arcacagne","format":"[Gen 9] VGC 2023 Regulation C","log":"|j|\u2606Eisenbundel\n|j|\u2606Arcacagne\n|t:|1683739330\n|gametype|doubles\n|player|p1|Eisenbundel|lucas-gen4pt|1294\n|player|p2|Arcacagne|265|1318\n|teamsize|p1|6\n|teamsize|p2|6\n|gen|9\n|tier|[Gen 9] VGC 2023 Regulation C\n|rated|\n|rule|Species Clause: Limit one of each Pok\u00e9mon\n|rule|Item Clause: Limit one of each item\n|clearpoke\n|poke|p1|Indeedee-F, L50, F|\n|poke|p1|Hatterene, L50, F|\n|poke|p1|Flutter Mane, L50|\n|poke|p1|Torkoal, L50, M|\n|poke|p1|Great Tusk, L50|\n|poke|p1|Murkrow, L50, M|\n|poke|p2|Chi-Yu, L50|\n|poke|p2|Flutter Mane, L50|\n|poke|p2|Amoonguss, L50, F|\n|poke|p2|Palafin, L50, F|\n|poke|p2|Iron Hands, L50|\n|poke|p2|Arcanine, L50, M|\n|teampreview|4\n|inactive|Battle timer is ON: inactive players will automatically lose when time's up. (requested by Arcacagne)\n|inactive|Eisenbundel has 60 seconds left.\n|inactive|Eisenbundel has 30 seconds left.\n|inactive|Eisenbundel has 20 seconds left.\n|inactive|Eisenbundel has 15 seconds left.\n|inactive|Eisenbundel has 10 seconds left.\n|\n|t:|1683739456\n|start\n|switch|p1a: Murkrow|Murkrow, L50, M|100\/100\n|switch|p1b: Great Tusk|Great Tusk, L50|100\/100\n|switch|p2a: Chi-Yu|Chi-Yu, L50|100\/100\n|switch|p2b: Amoonguss|Amoonguss, L50, F|100\/100\n|-ability|p2a: Chi-Yu|Beads of Ruin\n|turn|1\n|inactive|Eisenbundel has 30 seconds left.\n|inactive|Arcacagne has 30 seconds left.\n|\n|t:|1683739489\n|move|p2a: Chi-Yu|Protect|p2a: Chi-Yu\n|-singleturn|p2a: Chi-Yu|Protect\n|move|p1a: Murkrow|Tailwind|p1a: Murkrow\n|-sidestart|p1: Eisenbundel|move: Tailwind\n|move|p1b: Great Tusk|Earthquake|p2b: Amoonguss|[spread] p2b\n|-activate|p2a: Chi-Yu|move: Protect\n|-immune|p1a: Murkrow\n|-damage|p2b: Amoonguss|48\/100\n|-enditem|p2b: Amoonguss|Sitrus Berry|[eat]\n|-heal|p2b: Amoonguss|73\/100|[from] item: Sitrus Berry\n|move|p2b: Amoonguss|Spore|p1b: Great Tusk\n|-status|p1b: Great Tusk|slp|[from] move: Spore\n|\n|upkeep\n|turn|2\n|inactive|Eisenbundel has 30 seconds left.\n|inactive|Arcacagne has 30 seconds left.\n|inactive|Eisenbundel has 20 seconds left.\n|inactive|Eisenbundel has 15 seconds left.\n|inactive|Eisenbundel has 10 seconds left.\n|inactive|Eisenbundel has 5 seconds left.\n|\n|t:|1683739543\n|-end|p1b: Great Tusk|Protosynthesis|[silent]\n|switch|p1b: Indeedee|Indeedee-F, L50, F|100\/100\n|-fieldstart|move: Psychic Terrain|[from] ability: Psychic Surge|[of] p1b: Indeedee\n|move|p1a: Murkrow|Foul Play|p2a: Chi-Yu\n|-resisted|p2a: Chi-Yu\n|-damage|p2a: Chi-Yu|88\/100\n|move|p2a: Chi-Yu|Nasty Plot|p2a: Chi-Yu\n|-boost|p2a: Chi-Yu|spa|2\n|move|p2b: Amoonguss|Spore|p1a: Murkrow\n|-status|p1a: Murkrow|slp|[from] move: Spore\n|\n|upkeep\n|turn|3\n|inactive|Arcacagne has 30 seconds left.\n|\n|t:|1683739571\n|move|p2b: Amoonguss|Protect|p2b: Amoonguss\n|-singleturn|p2b: Amoonguss|Protect\n|cant|p1a: Murkrow|slp\n|move|p1b: Indeedee|Psychic|p2b: Amoonguss\n|-activate|p2b: Amoonguss|move: Protect\n|move|p2a: Chi-Yu|Dark Pulse|p1b: Indeedee\n|-supereffective|p1b: Indeedee\n|-damage|p1b: Indeedee|0 fnt\n|faint|p1b: Indeedee\n|\n|upkeep\n|\n|t:|1683739585\n|switch|p1b: Flutter Mane|Flutter Mane, L50|100\/100\n|turn|4\n|\n|t:|1683739606\n|move|p1b: Flutter Mane|Protect|p1b: Flutter Mane\n|-singleturn|p1b: Flutter Mane|Protect\n|move|p2b: Amoonguss|Rage Powder|p2b: Amoonguss\n|-singleturn|p2b: Amoonguss|move: Rage Powder\n|-curestatus|p1a: Murkrow|slp|[msg]\n|move|p1a: Murkrow|Sunny Day|p1a: Murkrow\n|-weather|SunnyDay\n|-activate|p1b: Flutter Mane|ability: Protosynthesis\n|-start|p1b: Flutter Mane|protosynthesisspa\n|move|p2a: Chi-Yu|Dark Pulse|p1b: Flutter Mane\n|-activate|p1b: Flutter Mane|move: Protect\n|\n|-weather|SunnyDay|[upkeep]\n|-sideend|p1: Eisenbundel|move: Tailwind\n|upkeep\n|turn|5\n|\n|t:|1683739629\n|-terastallize|p1b: Flutter Mane|Fairy\n|move|p2b: Amoonguss|Rage Powder|p2b: Amoonguss\n|-singleturn|p2b: Amoonguss|move: Rage Powder\n|move|p1a: Murkrow|Tailwind|p1a: Murkrow\n|-sidestart|p1: Eisenbundel|move: Tailwind\n|move|p1b: Flutter Mane|Shadow Ball|p2b: Amoonguss\n|-crit|p2b: Amoonguss\n|-damage|p2b: Amoonguss|0 fnt\n|faint|p2b: Amoonguss\n|-damage|p1b: Flutter Mane|91\/100|[from] item: Life Orb\n|move|p2a: Chi-Yu|Heat Wave|p1a: Murkrow|[spread] p1a,p1b\n|-damage|p1a: Murkrow|0 fnt\n|-damage|p1b: Flutter Mane|0 fnt\n|faint|p1a: Murkrow\n|faint|p1b: Flutter Mane\n|-end|p1b: Flutter Mane|Protosynthesis|[silent]\n|\n|-weather|SunnyDay|[upkeep]\n|upkeep\n|\n|t:|1683739646\n|switch|p1b: Great Tusk|Great Tusk, L50|100\/100 slp\n|switch|p2b: Arcanine|Arcanine, L50, M|100\/100\n|-activate|p1b: Great Tusk|ability: Protosynthesis\n|-start|p1b: Great Tusk|protosynthesisatk\n|-ability|p2b: Arcanine|Intimidate|boost\n|-unboost|p1b: Great Tusk|atk|1\n|turn|6\n|\n|t:|1683739660\n|-terastallize|p2b: Arcanine|Grass\n|cant|p1b: Great Tusk|slp\n|move|p2a: Chi-Yu|Heat Wave|p1b: Great Tusk\n|-damage|p1b: Great Tusk|0 fnt\n|faint|p1b: Great Tusk\n|-end|p1b: Great Tusk|Protosynthesis|[silent]\n|\n|win|Arcacagne\n|raw|Eisenbundel's rating: 1294 → 1271<\/strong> (-23 for losing)\n|raw|Arcacagne's rating: 1318 → 1337<\/strong> (+19 for winning)\n|l|\u2606Eisenbundel\n","uploadtime":1683739671,"views":13,"p1id":"eisenbundel","p2id":"arcacagne","formatid":"gen9vgc2023regulationc","rating":1271,"private":0,"password":""}