{"id":"gen9vgc2023regulationc-1862105619","p1":"jaysohm","p2":"adrpen","format":"[Gen 9] VGC 2023 Regulation C","log":"|j|\u2606jaysohm\n|j|\u2606adrpen\n|t:|1683837531\n|gametype|doubles\n|player|p1|jaysohm|266|1127\n|player|p2|adrpen|pokekid|1116\n|teamsize|p1|6\n|teamsize|p2|6\n|gen|9\n|tier|[Gen 9] VGC 2023 Regulation C\n|rated|\n|rule|Species Clause: Limit one of each Pok\u00e9mon\n|rule|Item Clause: Limit one of each item\n|clearpoke\n|poke|p1|Hawlucha, L50, M|\n|poke|p1|Indeedee-F, L50, F|\n|poke|p1|Arboliva, L50, F|\n|poke|p1|Armarouge, L50, F|\n|poke|p1|Iron Valiant, L50|\n|poke|p1|Wo-Chien, L50|\n|poke|p2|Amoonguss, L50, M|\n|poke|p2|Palafin, L50, M|\n|poke|p2|Iron Hands, L50|\n|poke|p2|Arcanine, L50, M|\n|poke|p2|Flutter Mane, L50|\n|poke|p2|Dragonite, L50, M|\n|teampreview|4\n|inactive|Battle timer is ON: inactive players will automatically lose when time's up. (requested by adrpen)\n|inactive|jaysohm also wants the timer to be on.\n|inactive|jaysohm has 60 seconds left.\n|inactive|adrpen has 60 seconds left.\n|\n|t:|1683837569\n|start\n|switch|p1a: Armarouge|Armarouge, L50, F|100\/100\n|switch|p1b: Wo-Chien|Wo-Chien, L50|100\/100\n|switch|p2a: Amoonguss|Amoonguss, L50, M, shiny|100\/100\n|switch|p2b: Flutter Mane|Flutter Mane, L50|100\/100\n|-ability|p1b: Wo-Chien|Tablets of Ruin\n|-enditem|p2b: Flutter Mane|Booster Energy\n|-activate|p2b: Flutter Mane|ability: Protosynthesis|[fromitem]\n|-start|p2b: Flutter Mane|protosynthesisspa\n|turn|1\n|\n|t:|1683837593\n|move|p1a: Armarouge|Protect|p1a: Armarouge\n|-singleturn|p1a: Armarouge|Protect\n|move|p2a: Amoonguss|Protect|p2a: Amoonguss\n|-singleturn|p2a: Amoonguss|Protect\n|move|p2b: Flutter Mane|Substitute|p2b: Flutter Mane\n|-start|p2b: Flutter Mane|Substitute\n|-damage|p2b: Flutter Mane|76\/100\n|move|p1b: Wo-Chien|Leech Seed|p2b: Flutter Mane|[miss]\n|-miss|p1b: Wo-Chien|p2b: Flutter Mane\n|\n|upkeep\n|turn|2\n|inactive|jaysohm has 30 seconds left.\n|inactive|adrpen has 30 seconds left.\n|inactive|adrpen has 20 seconds left.\n|inactive|adrpen has 15 seconds left.\n|inactive|jaysohm has 20 seconds left.\n|inactive|adrpen has 10 seconds left.\n|inactive|jaysohm has 15 seconds left.\n|inactive|adrpen has 5 seconds left.\n|\n|t:|1683837644\n|switch|p1b: Indeedee|Indeedee-F, L50, F|100\/100\n|-fieldstart|move: Psychic Terrain|[from] ability: Psychic Surge|[of] p1b: Indeedee\n|switch|p2a: Dragonite|Dragonite, L50, M|100\/100\n|-terastallize|p1a: Armarouge|Grass\n|move|p2b: Flutter Mane|Moonblast|p1b: Indeedee\n|-damage|p1b: Indeedee|43\/100\n|-unboost|p1b: Indeedee|spa|1\n|move|p1a: Armarouge|Armor Cannon|p2a: Dragonite\n|-resisted|p2a: Dragonite\n|-damage|p2a: Dragonite|80\/100\n|-unboost|p1a: Armarouge|def|1\n|-unboost|p1a: Armarouge|spd|1\n|-damage|p1a: Armarouge|91\/100|[from] item: Life Orb\n|\n|upkeep\n|turn|3\n|inactive|jaysohm has 30 seconds left.\n|inactive|adrpen has 30 seconds left.\n|inactive|jaysohm has 20 seconds left.\n|inactive|adrpen has 20 seconds left.\n|inactive|jaysohm has 15 seconds left.\n|inactive|adrpen has 15 seconds left.\n|inactive|jaysohm has 10 seconds left.\n|inactive|adrpen has 10 seconds left.\n|inactive|jaysohm has 5 seconds left.\n|inactive|adrpen has 5 seconds left.\n|\n|t:|1683837699\n|move|p1b: Indeedee|Follow Me|p1b: Indeedee\n|-singleturn|p1b: Indeedee|move: Follow Me\n|move|p2b: Flutter Mane|Moonblast|p1b: Indeedee\n|-damage|p1b: Indeedee|0 fnt\n|faint|p1b: Indeedee\n|move|p2a: Dragonite|Ice Spinner|p1a: Armarouge\n|-supereffective|p1a: Armarouge\n|-damage|p1a: Armarouge|1\/100\n|-fieldend|move: Psychic Terrain\n|move|p1a: Armarouge|Expanding Force|p2a: Dragonite\n|-damage|p2a: Dragonite|26\/100\n|-damage|p1a: Armarouge|0 fnt|[from] item: Life Orb\n|faint|p1a: Armarouge\n|\n|upkeep\n|\n|t:|1683837711\n|switch|p1b: Wo-Chien|Wo-Chien, L50|100\/100\n|switch|p1a: Arboliva|Arboliva, L50, F|100\/100\n|-ability|p1b: Wo-Chien|Tablets of Ruin\n|turn|4\n|inactive|adrpen has 30 seconds left.\n|inactive|adrpen has 20 seconds left.\n|inactive|adrpen has 15 seconds left.\n|\n|t:|1683837752\n|switch|p2a: Iron Hands|Iron Hands, L50, shiny|100\/100\n|move|p2b: Flutter Mane|Moonblast|p1b: Wo-Chien\n|-supereffective|p1b: Wo-Chien\n|-damage|p1b: Wo-Chien|24\/100\n|move|p1b: Wo-Chien|Foul Play|p2a: Iron Hands\n|-resisted|p2a: Iron Hands\n|-damage|p2a: Iron Hands|81\/100\n|move|p1a: Arboliva|Earth Power|p2b: Flutter Mane\n|-end|p2b: Flutter Mane|Substitute\n|\n|-heal|p1b: Wo-Chien|31\/100|[from] item: Leftovers\n|upkeep\n|turn|5\n|\n|t:|1683837775\n|move|p1b: Wo-Chien|Protect|p1b: Wo-Chien\n|-singleturn|p1b: Wo-Chien|Protect\n|move|p2a: Iron Hands|Fake Out|p1a: Arboliva\n|-damage|p1a: Arboliva|88\/100\n|move|p2b: Flutter Mane|Moonblast|p1b: Wo-Chien\n|-activate|p1b: Wo-Chien|move: Protect\n|cant|p1a: Arboliva|flinch\n|\n|-heal|p1b: Wo-Chien|37\/100|[from] item: Leftovers\n|upkeep\n|turn|6\n|\n|t:|1683837793\n|move|p2b: Flutter Mane|Moonblast|p1b: Wo-Chien\n|-supereffective|p1b: Wo-Chien\n|-damage|p1b: Wo-Chien|0 fnt\n|faint|p1b: Wo-Chien\n|move|p2a: Iron Hands|Drain Punch|p1a: Arboliva\n|-supereffective|p1a: Arboliva\n|-damage|p1a: Arboliva|0 fnt\n|-heal|p2a: Iron Hands|100\/100|[from] drain|[of] p1a: Arboliva\n|faint|p1a: Arboliva\n|\n|win|adrpen\n|raw|jaysohm's rating: 1127 → 1101<\/strong> (-26 for losing)\n|raw|adrpen's rating: 1116 → 1142<\/strong> (+26 for winning)\n|l|\u2606jaysohm\n|c|\u2606adrpen|gg\n","uploadtime":1683837803,"views":20,"p1id":"jaysohm","p2id":"adrpen","formatid":"gen9vgc2023regulationc","rating":1101,"private":0,"password":""}