{"id":"gen9vgc2023regulationc-1857589540","p1":"LasermanZ111","p2":"marchtothebae","format":"[Gen 9] VGC 2023 Regulation C","log":"|j|\u2606LasermanZ111\n|j|\u2606marchtothebae\n|t:|1683210953\n|gametype|doubles\n|player|p1|LasermanZ111|red|1352\n|player|p2|marchtothebae|170|1381\n|teamsize|p1|6\n|teamsize|p2|6\n|gen|9\n|tier|[Gen 9] VGC 2023 Regulation C\n|rated|\n|rule|Species Clause: Limit one of each Pok\u00e9mon\n|rule|Item Clause: Limit one of each item\n|clearpoke\n|poke|p1|Chi-Yu, L50|\n|poke|p1|Amoonguss, L50, M|\n|poke|p1|Flutter Mane, L50|\n|poke|p1|Corviknight, L50, M|\n|poke|p1|Ting-Lu, L50|\n|poke|p1|Tauros-Paldea-Aqua, L50, M|\n|poke|p2|Arcanine, L50, F|\n|poke|p2|Palafin, L50, F|\n|poke|p2|Chien-Pao, L50|\n|poke|p2|Amoonguss, L50, M|\n|poke|p2|Ting-Lu, L50|\n|poke|p2|Sableye, L50, M|\n|teampreview|4\nLasermanZ111 has agreed to open team sheets.\nmarchtothebae has agreed to open team sheets.\n|inactive|Battle timer is ON: inactive players will automatically lose when time's up. (requested by marchtothebae)\n|inactive|LasermanZ111 has 60 seconds left.\n|inactive|marchtothebae has 60 seconds left.\n|inactive|LasermanZ111 has 30 seconds left.\n|inactive|LasermanZ111 has 20 seconds left.\n|\n|t:|1683211071\n|start\n|switch|p1a: Chi-Yu|Chi-Yu, L50|100\/100\n|switch|p1b: Corviknight|Corviknight, L50, M|100\/100\n|switch|p2a: Arcanine|Arcanine, L50, F|100\/100\n|switch|p2b: Sableye|Sableye, L50, M|100\/100\n|-ability|p1a: Chi-Yu|Beads of Ruin\n|-ability|p2a: Arcanine|Intimidate|boost\n|-unboost|p1a: Chi-Yu|atk|1\n|-ability|p1b: Corviknight|Mirror Armor\n|-unboost|p2a: Arcanine|atk|1\n|turn|1\n|inactive|LasermanZ111 has 30 seconds left.\n|inactive|marchtothebae has 30 seconds left.\n|inactive|LasermanZ111 has 20 seconds left.\n|inactive|LasermanZ111 has 15 seconds left.\n|\n|t:|1683211113\n|-terastallize|p1b: Corviknight|Fire\n|move|p1a: Chi-Yu|Protect|p1a: Chi-Yu\n|-singleturn|p1a: Chi-Yu|Protect\n|move|p2b: Sableye|Light Screen|p2b: Sableye\n|-sidestart|p2: marchtothebae|move: Light Screen\n|move|p2a: Arcanine|Snarl|p1b: Corviknight|[spread] p1b\n|-activate|p1a: Chi-Yu|move: Protect\n|-damage|p1b: Corviknight|89\/100\n|-ability|p1b: Corviknight|Mirror Armor\n|-unboost|p2a: Arcanine|spa|1\n|move|p1b: Corviknight|Tailwind|p1b: Corviknight\n|-sidestart|p1: LasermanZ111|move: Tailwind\n|\n|upkeep\n|turn|2\n|inactive|LasermanZ111 has 30 seconds left.\n|\n|t:|1683211143\n|move|p2b: Sableye|Reflect|p2b: Sableye\n|-sidestart|p2: marchtothebae|Reflect\n|move|p1a: Chi-Yu|Heat Wave|p2a: Arcanine|[spread] p2a,p2b\n|-resisted|p2a: Arcanine\n|-damage|p2a: Arcanine|84\/100\n|-damage|p2b: Sableye|50\/100\n|move|p1b: Corviknight|Brave Bird|p2b: Sableye\n|-damage|p2b: Sableye|22\/100\n|-damage|p1b: Corviknight|82\/100|[from] Recoil\n|move|p2a: Arcanine|Snarl|p1b: Corviknight|[spread] p1a,p1b\n|-resisted|p1a: Chi-Yu\n|-damage|p1a: Chi-Yu|97\/100\n|-damage|p1b: Corviknight|75\/100\n|-unboost|p1a: Chi-Yu|spa|1\n|-ability|p1b: Corviknight|Mirror Armor\n|-unboost|p2a: Arcanine|spa|1\n|\n|upkeep\n|turn|3\n|inactive|LasermanZ111 has 30 seconds left.\n|inactive|marchtothebae has 30 seconds left.\n|inactive|LasermanZ111 has 20 seconds left.\n|\n|t:|1683211179\n|switch|p2b: Ting-Lu|Ting-Lu, L50|100\/100\n|-ability|p2b: Ting-Lu|Vessel of Ruin\n|move|p2a: Arcanine|Extreme Speed|p1b: Corviknight\n|-damage|p1b: Corviknight|63\/100\n|move|p1a: Chi-Yu|Dark Pulse|p2a: Arcanine\n|-damage|p2a: Arcanine|66\/100\n|move|p1b: Corviknight|Brave Bird|p2b: Ting-Lu\n|-damage|p2b: Ting-Lu|82\/100\n|-damage|p1b: Corviknight|56\/100|[from] Recoil\n|\n|-heal|p2b: Ting-Lu|88\/100|[from] item: Leftovers\n|upkeep\n|turn|4\n|inactive|LasermanZ111 has 30 seconds left.\n|\n|t:|1683211204\n|switch|p1a: Tauros|Tauros-Paldea-Aqua, L50, M|100\/100\n|-ability|p1a: Tauros|Intimidate|boost\n|-unboost|p2a: Arcanine|atk|1\n|-unboost|p2b: Ting-Lu|atk|1\n|move|p2a: Arcanine|Extreme Speed|p1b: Corviknight\n|-damage|p1b: Corviknight|46\/100\n|move|p1b: Corviknight|Roost|p1b: Corviknight\n|-heal|p1b: Corviknight|97\/100\n|move|p2b: Ting-Lu|Substitute|p2b: Ting-Lu\n|-start|p2b: Ting-Lu|Substitute\n|-damage|p2b: Ting-Lu|63\/100\n|\n|-heal|p2b: Ting-Lu|70\/100|[from] item: Leftovers\n|-sideend|p1: LasermanZ111|move: Tailwind\n|upkeep\n|turn|5\n|inactive|marchtothebae has 30 seconds left.\n|\n|t:|1683211235\n|switch|p2a: Sableye|Sableye, L50, M|22\/100\n|move|p1a: Tauros|Raging Bull|p2a: Sableye\n|-sideend|p2: marchtothebae|Reflect\n|-sideend|p2: marchtothebae|move: Light Screen\n|-damage|p2a: Sableye|0 fnt\n|faint|p2a: Sableye\n|move|p1b: Corviknight|Brave Bird|p2b: Ting-Lu\n|-activate|p2b: Ting-Lu|move: Substitute|[damage]\n|-damage|p1b: Corviknight|86\/100|[from] Recoil|[of] p2b: Ting-Lu\n|move|p2b: Ting-Lu|Fissure|p1a: Tauros|[miss]\n|-miss|p2b: Ting-Lu|p1a: Tauros\n|\n|-heal|p2b: Ting-Lu|76\/100|[from] item: Leftovers\n|upkeep\n|\n|t:|1683211246\n|switch|p2a: Arcanine|Arcanine, L50, F|66\/100\n|-ability|p2a: Arcanine|Intimidate|boost\n|-unboost|p1a: Tauros|atk|1\n|-ability|p1b: Corviknight|Mirror Armor\n|-unboost|p2a: Arcanine|atk|1\n|turn|6\n|\n|t:|1683211264\n|move|p1a: Tauros|Raging Bull|p2a: Arcanine\n|-supereffective|p2a: Arcanine\n|-damage|p2a: Arcanine|5\/100\n|move|p2a: Arcanine|Will-O-Wisp|p1a: Tauros\n|-status|p1a: Tauros|brn\n|move|p1b: Corviknight|Tailwind|p1b: Corviknight\n|-sidestart|p1: LasermanZ111|move: Tailwind\n|move|p2b: Ting-Lu|Fissure|p1b: Corviknight\n|-damage|p1b: Corviknight|0 fnt\n|faint|p1b: Corviknight\n|-ohko\n|\n|-heal|p2b: Ting-Lu|82\/100|[from] item: Leftovers\n|-damage|p1a: Tauros|95\/100 brn|[from] brn\n|upkeep\n|inactive|LasermanZ111 has 30 seconds left.\n|inactive|LasermanZ111 has 20 seconds left.\n|\n|t:|1683211301\n|switch|p1b: Chi-Yu|Chi-Yu, L50|97\/100\n|-ability|p1b: Chi-Yu|Beads of Ruin\n|turn|7\n|\n|t:|1683211311\n|move|p2a: Arcanine|Extreme Speed|p1b: Chi-Yu\n|-damage|p1b: Chi-Yu|73\/100\n|move|p1b: Chi-Yu|Heat Wave|p2a: Arcanine|[spread] \n|-miss|p1b: Chi-Yu|p2a: Arcanine\n|-miss|p1b: Chi-Yu|p2b: Ting-Lu\n|move|p1a: Tauros|Raging Bull|p2b: Ting-Lu\n|-supereffective|p2b: Ting-Lu\n|-end|p2b: Ting-Lu|Substitute\n|move|p2b: Ting-Lu|Fissure|p1b: Chi-Yu|[miss]\n|-miss|p2b: Ting-Lu|p1b: Chi-Yu\n|\n|-heal|p2b: Ting-Lu|88\/100|[from] item: Leftovers\n|-damage|p1a: Tauros|89\/100 brn|[from] brn\n|upkeep\n|turn|8\n|\n|t:|1683211328\n|move|p2a: Arcanine|Extreme Speed|p1b: Chi-Yu\n|-damage|p1b: Chi-Yu|49\/100\n|move|p1a: Tauros|Aqua Jet|p2a: Arcanine\n|-supereffective|p2a: Arcanine\n|-damage|p2a: Arcanine|0 fnt\n|faint|p2a: Arcanine\n|move|p1b: Chi-Yu|Heat Wave|p2b: Ting-Lu\n|-damage|p2b: Ting-Lu|61\/100\n|move|p2b: Ting-Lu|Substitute|p2b: Ting-Lu\n|-start|p2b: Ting-Lu|Substitute\n|-damage|p2b: Ting-Lu|36\/100\n|\n|-heal|p2b: Ting-Lu|42\/100|[from] item: Leftovers\n|-damage|p1a: Tauros|83\/100 brn|[from] brn\n|upkeep\n|\n|t:|1683211338\n|switch|p2a: Chien-Pao|Chien-Pao, L50|100\/100\n|-ability|p2a: Chien-Pao|Sword of Ruin\n|turn|9\n|\n|t:|1683211359\n|move|p2a: Chien-Pao|Protect|p2a: Chien-Pao\n|-singleturn|p2a: Chien-Pao|Protect\n|move|p1b: Chi-Yu|Heat Wave|p2b: Ting-Lu|[spread] p2b\n|-activate|p2a: Chien-Pao|move: Protect\n|-activate|p2b: Ting-Lu|move: Substitute|[damage]\n|move|p1a: Tauros|Close Combat|p2a: Chien-Pao\n|-activate|p2a: Chien-Pao|move: Protect\n|move|p2b: Ting-Lu|Heavy Slam|p1b: Chi-Yu\n|-resisted|p1b: Chi-Yu\n|-damage|p1b: Chi-Yu|29\/100\n|\n|-heal|p2b: Ting-Lu|49\/100|[from] item: Leftovers\n|-damage|p1a: Tauros|77\/100 brn|[from] brn\n|-sideend|p1: LasermanZ111|move: Tailwind\n|upkeep\n|turn|10\n|inactive|LasermanZ111 has 30 seconds left.\n|\n|t:|1683211387\n|switch|p1a: Amoonguss|Amoonguss, L50, M|100\/100\n|move|p1b: Chi-Yu|Protect|p1b: Chi-Yu\n|-singleturn|p1b: Chi-Yu|Protect\n|move|p2a: Chien-Pao|Ice Spinner|p1b: Chi-Yu\n|-activate|p1b: Chi-Yu|move: Protect\n|move|p2b: Ting-Lu|Fissure|p1a: Amoonguss|[miss]\n|-miss|p2b: Ting-Lu|p1a: Amoonguss\n|\n|-heal|p2b: Ting-Lu|55\/100|[from] item: Leftovers\n|upkeep\n|turn|11\n|\n|t:|1683211409\n|-terastallize|p2b: Ting-Lu|Steel\n|move|p1a: Amoonguss|Rage Powder|p1a: Amoonguss\n|-singleturn|p1a: Amoonguss|move: Rage Powder\n|move|p2a: Chien-Pao|Ice Spinner|p1a: Amoonguss\n|-supereffective|p1a: Amoonguss\n|-damage|p1a: Amoonguss|16\/100\n|-enditem|p1a: Amoonguss|Sitrus Berry|[eat]\n|-heal|p1a: Amoonguss|40\/100|[from] item: Sitrus Berry\n|move|p1b: Chi-Yu|Heat Wave|p2a: Chien-Pao|[spread] p2a,p2b\n|-supereffective|p2b: Ting-Lu\n|-end|p2b: Ting-Lu|Substitute\n|-supereffective|p2a: Chien-Pao\n|-enditem|p2a: Chien-Pao|Focus Sash\n|-damage|p2a: Chien-Pao|1\/100\n|move|p2b: Ting-Lu|Heavy Slam|p1a: Amoonguss\n|-damage|p1a: Amoonguss|11\/100\n|\n|-heal|p2b: Ting-Lu|61\/100|[from] item: Leftovers\n|upkeep\n|turn|12\n|inactive|marchtothebae has 30 seconds left.\n|\n|t:|1683211438\n|move|p1a: Amoonguss|Rage Powder|p1a: Amoonguss\n|-singleturn|p1a: Amoonguss|move: Rage Powder\n|move|p2a: Chien-Pao|Ice Spinner|p1a: Amoonguss\n|-supereffective|p1a: Amoonguss\n|-damage|p1a: Amoonguss|0 fnt\n|faint|p1a: Amoonguss\n|move|p1b: Chi-Yu|Heat Wave|p2b: Ting-Lu|[spread] p2a\n|-miss|p1b: Chi-Yu|p2b: Ting-Lu\n|-supereffective|p2a: Chien-Pao\n|-damage|p2a: Chien-Pao|0 fnt\n|faint|p2a: Chien-Pao\n|move|p2b: Ting-Lu|Substitute|p2b: Ting-Lu\n|-start|p2b: Ting-Lu|Substitute\n|-damage|p2b: Ting-Lu|36\/100\n|\n|-heal|p2b: Ting-Lu|42\/100|[from] item: Leftovers\n|upkeep\n|c|\u2606LasermanZ111|oh come on\n|\n|t:|1683211450\n|switch|p1a: Tauros|Tauros-Paldea-Aqua, L50, M|77\/100 brn\n|-ability|p1a: Tauros|Intimidate|boost\n|-immune|p2b: Ting-Lu\n|turn|13\n|\n|t:|1683211457\n|move|p2b: Ting-Lu|Protect|p2b: Ting-Lu\n|-singleturn|p2b: Ting-Lu|Protect\n|move|p1b: Chi-Yu|Heat Wave|p2b: Ting-Lu\n|-activate|p2b: Ting-Lu|move: Protect\n|move|p1a: Tauros|Close Combat|p2b: Ting-Lu\n|-activate|p2b: Ting-Lu|move: Protect\n|\n|-heal|p2b: Ting-Lu|48\/100|[from] item: Leftovers\n|-damage|p1a: Tauros|71\/100 brn|[from] brn\n|upkeep\n|turn|14\n|\n|t:|1683211467\n|move|p1b: Chi-Yu|Heat Wave|p2b: Ting-Lu\n|-supereffective|p2b: Ting-Lu\n|-end|p2b: Ting-Lu|Substitute\n|move|p1a: Tauros|Close Combat|p2b: Ting-Lu\n|-supereffective|p2b: Ting-Lu\n|-damage|p2b: Ting-Lu|18\/100\n|-unboost|p1a: Tauros|def|1\n|-unboost|p1a: Tauros|spd|1\n|move|p2b: Ting-Lu|Heavy Slam|p1b: Chi-Yu\n|-resisted|p1b: Chi-Yu\n|-damage|p1b: Chi-Yu|6\/100\n|\n|-heal|p2b: Ting-Lu|25\/100|[from] item: Leftovers\n|-damage|p1a: Tauros|65\/100 brn|[from] brn\n|upkeep\n|turn|15\n|\n|t:|1683211484\n|move|p2b: Ting-Lu|Protect|p2b: Ting-Lu\n|-singleturn|p2b: Ting-Lu|Protect\n|move|p1b: Chi-Yu|Dark Pulse|p2b: Ting-Lu\n|-activate|p2b: Ting-Lu|move: Protect\n|move|p1a: Tauros|Raging Bull|p2b: Ting-Lu\n|-activate|p2b: Ting-Lu|move: Protect\n|\n|-heal|p2b: Ting-Lu|31\/100|[from] item: Leftovers\n|-damage|p1a: Tauros|59\/100 brn|[from] brn\n|upkeep\n|turn|16\n|\n|t:|1683211492\n|move|p1b: Chi-Yu|Dark Pulse|p2b: Ting-Lu\n|-damage|p2b: Ting-Lu|8\/100\n|move|p1a: Tauros|Close Combat|p2b: Ting-Lu\n|-supereffective|p2b: Ting-Lu\n|-damage|p2b: Ting-Lu|0 fnt\n|-unboost|p1a: Tauros|def|1\n|-unboost|p1a: Tauros|spd|1\n|faint|p2b: Ting-Lu\n|\n|win|LasermanZ111\n|raw|LasermanZ111's rating: 1352 → 1374<\/strong> (+22 for winning)\n|raw|marchtothebae's rating: 1381 → 1359<\/strong> (-22 for losing)\n|l|\u2606marchtothebae\n","uploadtime":1683211502,"views":15,"p1id":"lasermanz111","p2id":"marchtothebae","formatid":"gen9vgc2023regulationc","rating":1359,"private":0,"password":""}