{"id":"gen9vgc2023regulationc-1857302170","p1":"Leuco9","p2":"Kefka2.02","format":"[Gen 9] VGC 2023 Regulation C","log":"|j|\u2606Leuco9\n|j|\u2606Kefka2.02\n|t:|1683170132\n|gametype|doubles\n|player|p1|Leuco9|acetrainer|1088\n|player|p2|Kefka2.02|102|1045\n|teamsize|p1|6\n|teamsize|p2|6\n|gen|9\n|tier|[Gen 9] VGC 2023 Regulation C\n|rated|\n|rule|Species Clause: Limit one of each Pok\u00e9mon\n|rule|Item Clause: Limit one of each item\n|clearpoke\n|poke|p1|Flutter Mane, L50|\n|poke|p1|Garchomp, L50, M|\n|poke|p1|Jumpluff, L50, F|\n|poke|p1|Scizor, L50, M|\n|poke|p1|Rotom-Wash, L50|\n|poke|p1|Skeledirge, L50, F|\n|poke|p2|Brute Bonnet, L50|\n|poke|p2|Ceruledge, L50, M|\n|poke|p2|Grafaiai, L50, M|\n|poke|p2|Annihilape, L50, F|\n|poke|p2|Chien-Pao, L50|\n|poke|p2|Arcanine, L50, M|\n|teampreview|4\n|inactive|Battle timer is ON: inactive players will automatically lose when time's up. (requested by Leuco9)\n|inactive|Leuco9 has 60 seconds left.\nKefka2.02 has agreed to open team sheets.\n|\n|t:|1683170188\n|start\n|switch|p1a: Melenaleteo|Flutter Mane, L50|100\/100\n|switch|p1b: Jumpluff|Jumpluff, L50, F, shiny|100\/100\n|switch|p2a: Ceruledge|Ceruledge, L50, M|100\/100\n|switch|p2b: Grafaiai|Grafaiai, L50, M|100\/100\n|-enditem|p1a: Melenaleteo|Booster Energy\n|-activate|p1a: Melenaleteo|ability: Protosynthesis|[fromitem]\n|-start|p1a: Melenaleteo|protosynthesisspe\n|turn|1\n|\n|t:|1683170210\n|move|p2a: Ceruledge|Endure|p2a: Ceruledge\n|-singleturn|p2a: Ceruledge|move: Endure\n|move|p1b: Jumpluff|Rage Powder|p1b: Jumpluff\n|-singleturn|p1b: Jumpluff|move: Rage Powder\n|move|p1a: Melenaleteo|Substitute|p1a: Melenaleteo\n|-start|p1a: Melenaleteo|Substitute\n|-damage|p1a: Melenaleteo|76\/100\n|move|p2b: Grafaiai|Fling|p1b: Jumpluff\n|-damage|p1b: Jumpluff|96\/100\n|-boost|p1b: Jumpluff|spe|1|[from] item: Salac Berry\n|-enditem|p2b: Grafaiai|Salac Berry|[from] move: Fling\n|\n|upkeep\n|turn|2\n|\n|t:|1683170227\n|switch|p2a: Arcanine|Arcanine, L50, M|100\/100\n|-ability|p2a: Arcanine|Intimidate|boost\n|-immune|p1a: Melenaleteo\n|-unboost|p1b: Jumpluff|atk|1\n|move|p2b: Grafaiai|Gunk Shot|p1b: Jumpluff|[miss]\n|-miss|p2b: Grafaiai|p1b: Jumpluff\n|move|p1a: Melenaleteo|Shadow Ball|p2a: Arcanine\n|-damage|p2a: Arcanine|70\/100\n|-unboost|p2a: Arcanine|spd|1\n|move|p1b: Jumpluff|Sleep Powder|p2a: Arcanine|[miss]\n|-miss|p1b: Jumpluff|p2a: Arcanine\n|\n|upkeep\n|turn|3\n|inactive|Kefka2.02 has 30 seconds left.\n|\n|t:|1683170259\n|move|p2b: Grafaiai|Gunk Shot|p1b: Jumpluff\n|-supereffective|p1b: Jumpluff\n|-damage|p1b: Jumpluff|0 fnt\n|faint|p1b: Jumpluff\n|move|p1a: Melenaleteo|Shadow Ball|p2a: Arcanine\n|-damage|p2a: Arcanine|22\/100\n|-enditem|p2a: Arcanine|Figy Berry|[eat]\n|-heal|p2a: Arcanine|55\/100|[from] item: Figy Berry\n|move|p2a: Arcanine|Flare Blitz|p1a: Melenaleteo\n|-end|p1a: Melenaleteo|Substitute\n|-damage|p2a: Arcanine|49\/100|[from] Recoil|[of] p1a: Melenaleteo\n|\n|upkeep\n|\n|t:|1683170270\n|switch|p1b: Garchomp|Garchomp, L50, M|100\/100\n|turn|4\n|\n|t:|1683170294\n|-terastallize|p1b: Garchomp|Ground\n|move|p1a: Melenaleteo|Protect|p1a: Melenaleteo\n|-singleturn|p1a: Melenaleteo|Protect\n|move|p2b: Grafaiai|Gunk Shot|p1a: Melenaleteo\n|-activate|p1a: Melenaleteo|move: Protect\n|move|p1b: Garchomp|Earthquake|p2b: Grafaiai|[spread] p2a,p2b\n|-activate|p1a: Melenaleteo|move: Protect\n|-supereffective|p2a: Arcanine\n|-supereffective|p2b: Grafaiai\n|-damage|p2a: Arcanine|0 fnt\n|-damage|p2b: Grafaiai|0 fnt\n|faint|p2a: Arcanine\n|faint|p2b: Grafaiai\n|-damage|p1b: Garchomp|91\/100|[from] item: Life Orb\n|\n|upkeep\n|\n|t:|1683170310\n|switch|p2b: Ceruledge|Ceruledge, L50, M|100\/100\n|switch|p2a: Chien-Pao|Chien-Pao, L50|100\/100\n|-ability|p2a: Chien-Pao|Sword of Ruin\n|turn|5\n|\n|t:|1683170320\n|move|p2b: Ceruledge|Endure|p2b: Ceruledge\n|-singleturn|p2b: Ceruledge|move: Endure\n|move|p1a: Melenaleteo|Substitute|p1a: Melenaleteo\n|-start|p1a: Melenaleteo|Substitute\n|-damage|p1a: Melenaleteo|51\/100\n|move|p2a: Chien-Pao|Icy Wind|p1b: Garchomp|[spread] p1a,p1b\n|-activate|p1a: Melenaleteo|move: Substitute|[damage]\n|-supereffective|p1b: Garchomp\n|-damage|p1b: Garchomp|60\/100\n|-unboost|p1b: Garchomp|spe|1\n|move|p1b: Garchomp|Rock Slide|p2b: Ceruledge|[spread] p2a\n|-miss|p1b: Garchomp|p2b: Ceruledge\n|-supereffective|p2a: Chien-Pao\n|-damage|p2a: Chien-Pao|28\/100\n|-damage|p1b: Garchomp|50\/100|[from] item: Life Orb\n|\n|upkeep\n|turn|6\n|inactive|Leuco9 has 30 seconds left.\n|inactive|Kefka2.02 has 30 seconds left.\n|inactive|Kefka2.02 has 20 seconds left.\n|\n|t:|1683170357\n|-terastallize|p2b: Ceruledge|Grass\n|move|p2a: Chien-Pao|Sucker Punch|p1b: Garchomp\n|-damage|p1b: Garchomp|2\/100\n|-damage|p2a: Chien-Pao|16\/100|[from] ability: Rough Skin|[of] p1b: Garchomp\n|move|p1a: Melenaleteo|Dazzling Gleam|p2b: Ceruledge|[spread] p2a,p2b\n|-supereffective|p2a: Chien-Pao\n|-damage|p2a: Chien-Pao|0 fnt\n|-damage|p2b: Ceruledge|60\/100\n|faint|p2a: Chien-Pao\n|move|p2b: Ceruledge|Bitter Blade|p1a: Melenaleteo\n|-end|p1a: Melenaleteo|Substitute\n|-heal|p2b: Ceruledge|64\/100|[from] drain|[of] p1a: Melenaleteo\n|move|p1b: Garchomp|Earthquake|p2b: Ceruledge|[spread] p1a,p2b\n|-resisted|p2b: Ceruledge\n|-damage|p1a: Melenaleteo|0 fnt\n|-damage|p2b: Ceruledge|19\/100\n|-ability|p2b: Ceruledge|Weak Armor|boost\n|-unboost|p2b: Ceruledge|def|1\n|-boost|p2b: Ceruledge|spe|2\n|faint|p1a: Melenaleteo\n|-end|p1a: Melenaleteo|Protosynthesis|[silent]\n|-damage|p1b: Garchomp|0 fnt|[from] item: Life Orb\n|faint|p1b: Garchomp\n|\n|upkeep\n|\n|t:|1683170377\n|switch|p1b: Skeledirge|Skeledirge, L50, F|100\/100\n|turn|7\n|c|\u2606Leuco9|gg\n|\n|t:|1683170386\n|move|p2b: Ceruledge|Phantom Force||[still]\n|-prepare|p2b: Ceruledge|Phantom Force\n|move|p1b: Skeledirge|Torch Song|p2b: Ceruledge|[miss]\n|-miss|p1b: Skeledirge|p2b: Ceruledge\n|\n|upkeep\n|turn|8\n|\n|t:|1683170392\n|move|p2b: Ceruledge|Phantom Force|p1b: Skeledirge|[from]lockedmove\n|-supereffective|p1b: Skeledirge\n|-enditem|p1b: Skeledirge|Kasib Berry|[eat]\n|-enditem|p1b: Skeledirge|Kasib Berry|[weaken]\n|-damage|p1b: Skeledirge|66\/100\n|move|p1b: Skeledirge|Torch Song|p2b: Ceruledge\n|-supereffective|p2b: Ceruledge\n|-damage|p2b: Ceruledge|0 fnt\n|-boost|p1b: Skeledirge|spa|1\n|faint|p2b: Ceruledge\n|\n|win|Leuco9\n|raw|Leuco9's rating: 1088 → 1111<\/strong> (+23 for winning)\n|raw|Kefka2.02's rating: 1045 → 1030<\/strong> (-15 for losing)\n|j| vileplume300\n|c|\u2606Kefka2.02|Same\n|l|\u2606Kefka2.02\n","uploadtime":1683170432,"views":4,"p1id":"leuco9","p2id":"kefka202","formatid":"gen9vgc2023regulationc","rating":1030,"private":0,"password":""}