{"id":"gen9vgc2023regulationc-1850842603","p1":"Dom testes","p2":"captantan","format":"[Gen 9] VGC 2023 Regulation C","log":"|j|\u2606Dom testes\n|j|\u2606captantan\n|t:|1682373381\n|gametype|doubles\n|player|p1|Dom testes|lance|1134\n|player|p2|captantan|2|1127\n|teamsize|p1|6\n|teamsize|p2|6\n|gen|9\n|tier|[Gen 9] VGC 2023 Regulation C\n|rated|\n|rule|Species Clause: Limit one of each Pok\u00e9mon\n|rule|Item Clause: Limit one of each item\n|clearpoke\n|poke|p1|Iron Bundle, L50|\n|poke|p1|Amoonguss, L50, F|\n|poke|p1|Arcanine, L50, M|\n|poke|p1|Dragapult, L50, M|\n|poke|p1|Krookodile, L50, F|\n|poke|p1|Brute Bonnet, L50|\n|poke|p2|Ting-Lu, L50|\n|poke|p2|Roaring Moon, L50|\n|poke|p2|Amoonguss, L50, M|\n|poke|p2|Arcanine, L50, F|\n|poke|p2|Garganacl, L50, M|\n|poke|p2|Iron Bundle, L50|\n|teampreview|4\n|\n|t:|1682373429\n|start\n|switch|p1a: Iron Bundle|Iron Bundle, L50|100\/100\n|switch|p1b: Krookodile|Krookodile, L50, F|100\/100\n|switch|p2a: Roaring Moon|Roaring Moon, L50|100\/100\n|switch|p2b: Amoonguss|Amoonguss, L50, M|100\/100\n|-ability|p1b: Krookodile|Intimidate|boost\n|-unboost|p2a: Roaring Moon|atk|1\n|-unboost|p2b: Amoonguss|atk|1\n|-enditem|p1a: Iron Bundle|Booster Energy\n|-activate|p1a: Iron Bundle|ability: Quark Drive|[fromitem]\n|-start|p1a: Iron Bundle|quarkdrivespe\n|-enditem|p2a: Roaring Moon|Booster Energy\n|-activate|p2a: Roaring Moon|ability: Protosynthesis|[fromitem]\n|-start|p2a: Roaring Moon|protosynthesisatk\n|turn|1\n|inactive|Battle timer is ON: inactive players will automatically lose when time's up. (requested by Dom testes)\n|\n|t:|1682373485\n|-end|p2a: Roaring Moon|Protosynthesis|[silent]\n|switch|p2a: Arcanine|Arcanine, L50, F|100\/100\n|-ability|p2a: Arcanine|Intimidate|boost\n|-unboost|p1a: Iron Bundle|atk|1\n|-unboost|p1b: Krookodile|atk|1\n|move|p1a: Iron Bundle|Icy Wind|p2a: Arcanine|[spread] p2a\n|-miss|p1a: Iron Bundle|p2b: Amoonguss\n|-resisted|p2a: Arcanine\n|-damage|p2a: Arcanine|89\/100\n|-unboost|p2a: Arcanine|spe|1\n|move|p1b: Krookodile|Rock Slide|p2a: Arcanine|[spread] p2a,p2b\n|-supereffective|p2a: Arcanine\n|-damage|p2a: Arcanine|63\/100\n|-damage|p2b: Amoonguss|91\/100\n|move|p2b: Amoonguss|Spore|p1a: Iron Bundle\n|-status|p1a: Iron Bundle|slp|[from] move: Spore\n|\n|upkeep\n|turn|2\n|inactive|captantan has 30 seconds left.\n|inactive|captantan has 20 seconds left.\n|inactive|captantan has 15 seconds left.\n|\n|t:|1682373529\n|cant|p1a: Iron Bundle|slp\n|move|p1b: Krookodile|Rock Slide|p2a: Arcanine|[spread] p2a,p2b\n|-supereffective|p2a: Arcanine\n|-damage|p2a: Arcanine|39\/100\n|-damage|p2b: Amoonguss|83\/100\n|move|p2a: Arcanine|Will-O-Wisp|p1b: Krookodile\n|-status|p1b: Krookodile|brn\n|move|p2b: Amoonguss|Pollen Puff|p2a: Arcanine\n|-heal|p2a: Arcanine|89\/100\n|\n|-damage|p1b: Krookodile|95\/100 brn|[from] brn\n|upkeep\n|turn|3\n|\n|t:|1682373551\n|move|p2a: Arcanine|Extreme Speed|p1a: Iron Bundle\n|-damage|p1a: Iron Bundle|71\/100 slp\n|cant|p1a: Iron Bundle|slp\n|move|p1b: Krookodile|Crunch|p2b: Amoonguss\n|-damage|p2b: Amoonguss|74\/100\n|move|p2b: Amoonguss|Spore|p1a: Iron Bundle\n|-fail|p1a: Iron Bundle|slp\n|\n|-damage|p1b: Krookodile|89\/100 brn|[from] brn\n|upkeep\n|turn|4\n|\n|t:|1682373569\n|move|p2a: Arcanine|Extreme Speed|p1a: Iron Bundle\n|-damage|p1a: Iron Bundle|44\/100 slp\n|cant|p1a: Iron Bundle|slp\n|move|p1b: Krookodile|Rock Slide|p2a: Arcanine|[spread] p2a,p2b\n|-supereffective|p2a: Arcanine\n|-damage|p2a: Arcanine|77\/100\n|-damage|p2b: Amoonguss|69\/100\n|cant|p2b: Amoonguss|flinch\n|\n|-damage|p1b: Krookodile|83\/100 brn|[from] brn\n|upkeep\n|turn|5\n|inactive|captantan has 30 seconds left.\n|\n|t:|1682373595\n|switch|p1b: Brute Bonnet|Brute Bonnet, L50|100\/100\n|-curestatus|p1a: Iron Bundle|slp|[msg]\n|move|p1a: Iron Bundle|Hydro Pump|p2a: Arcanine\n|-supereffective|p2a: Arcanine\n|-damage|p2a: Arcanine|0 fnt\n|faint|p2a: Arcanine\n|move|p2b: Amoonguss|Pollen Puff|p2: Arcanine|[notarget]\n|-fail|p2b: Amoonguss\n|\n|upkeep\n|\n|t:|1682373605\n|switch|p2a: Iron Bundle|Iron Bundle, L50|100\/100\n|turn|6\n|\n|t:|1682373623\n|move|p2b: Amoonguss|Rage Powder|p2b: Amoonguss\n|-singleturn|p2b: Amoonguss|move: Rage Powder\n|move|p1a: Iron Bundle|Icy Wind|p2b: Amoonguss|[spread] p2a,p2b\n|-resisted|p2a: Iron Bundle\n|-supereffective|p2b: Amoonguss\n|-damage|p2a: Iron Bundle|90\/100\n|-damage|p2b: Amoonguss|28\/100\n|-unboost|p2a: Iron Bundle|spe|1\n|-unboost|p2b: Amoonguss|spe|1\n|-enditem|p2b: Amoonguss|Sitrus Berry|[eat]\n|-heal|p2b: Amoonguss|53\/100|[from] item: Sitrus Berry\n|move|p2a: Iron Bundle|Freeze-Dry|p1b: Brute Bonnet\n|-supereffective|p1b: Brute Bonnet\n|-damage|p1b: Brute Bonnet|36\/100\n|move|p1b: Brute Bonnet|Close Combat|p2a: Iron Bundle\n|-supereffective|p2a: Iron Bundle\n|-damage|p2a: Iron Bundle|0 fnt\n|-unboost|p1b: Brute Bonnet|def|1\n|-unboost|p1b: Brute Bonnet|spd|1\n|faint|p2a: Iron Bundle\n|-end|p2a: Iron Bundle|Quark Drive|[silent]\n|\n|upkeep\n|\n|t:|1682373638\n|switch|p2a: Roaring Moon|Roaring Moon, L50|100\/100\n|turn|7\n|inactive|captantan has 30 seconds left.\n|\n|t:|1682373666\n|-end|p1b: Brute Bonnet|Protosynthesis|[silent]\n|switch|p1b: Krookodile|Krookodile, L50, F|83\/100 brn\n|-ability|p1b: Krookodile|Intimidate|boost\n|-unboost|p2a: Roaring Moon|atk|1\n|-unboost|p2b: Amoonguss|atk|1\n|-terastallize|p2a: Roaring Moon|Flying\n|move|p1a: Iron Bundle|Icy Wind|p2b: Amoonguss|[spread] p2a,p2b\n|-supereffective|p2a: Roaring Moon\n|-supereffective|p2b: Amoonguss\n|-damage|p2a: Roaring Moon|62\/100\n|-damage|p2b: Amoonguss|14\/100\n|-unboost|p2a: Roaring Moon|spe|1\n|-unboost|p2b: Amoonguss|spe|1\n|move|p2a: Roaring Moon|Acrobatics|p1a: Iron Bundle\n|-damage|p1a: Iron Bundle|0 fnt\n|faint|p1a: Iron Bundle\n|-end|p1a: Iron Bundle|Quark Drive|[silent]\n|move|p2b: Amoonguss|Spore||[still]\n|-fail|p2b: Amoonguss\n|\n|-damage|p1b: Krookodile|78\/100 brn|[from] brn\n|upkeep\n|\n|t:|1682373687\n|switch|p1a: Brute Bonnet|Brute Bonnet, L50|36\/100\n|turn|8\n|inactive|Dom testes has 30 seconds left.\n|\n|t:|1682373716\n|move|p1a: Brute Bonnet|Sucker Punch|p2b: Amoonguss\n|-damage|p2b: Amoonguss|0 fnt\n|faint|p2b: Amoonguss\n|move|p1b: Krookodile|Rock Slide|p2a: Roaring Moon\n|-supereffective|p2a: Roaring Moon\n|-damage|p2a: Roaring Moon|35\/100\n|move|p2a: Roaring Moon|Acrobatics|p1a: Brute Bonnet\n|-supereffective|p1a: Brute Bonnet\n|-damage|p1a: Brute Bonnet|0 fnt\n|faint|p1a: Brute Bonnet\n|-end|p1a: Brute Bonnet|Protosynthesis|[silent]\n|\n|-damage|p1b: Krookodile|72\/100 brn|[from] brn\n|upkeep\n|\n|t:|1682373730\n|switch|p1a: Dragapult|Dragapult, L50, M|100\/100\n|turn|9\n|\n|t:|1682373742\n|-terastallize|p1a: Dragapult|Steel\n|move|p1a: Dragapult|Dragon Darts|p2a: Roaring Moon\n|-damage|p2a: Roaring Moon|0 fnt\n|faint|p2a: Roaring Moon\n|-end|p2a: Roaring Moon|Protosynthesis|[silent]\n|\n|win|Dom testes\n|raw|Dom testes's rating: 1134 → 1158<\/strong> (+24 for winning)\n|raw|captantan's rating: 1127 → 1103<\/strong> (-24 for losing)\n|l|\u2606Dom testes\n","uploadtime":1682373754,"views":6,"p1id":"domtestes","p2id":"captantan","formatid":"gen9vgc2023regulationc","rating":1103,"private":0,"password":""}