{"id":"gen9vgc2023regulationc-1856158927","p1":"QrdeJegoMac","p2":"Peppeld","format":"[Gen 9] VGC 2023 Regulation C","log":"|j|\u2606QrdeJegoMac\n|j|\u2606Peppeld\n|t:|1683036134\n|gametype|doubles\n|player|p1|QrdeJegoMac|266|1471\n|player|p2|Peppeld|102|1468\n|teamsize|p1|6\n|teamsize|p2|6\n|gen|9\n|tier|[Gen 9] VGC 2023 Regulation C\n|rated|\n|rule|Species Clause: Limit one of each Pok\u00e9mon\n|rule|Item Clause: Limit one of each item\n|clearpoke\n|poke|p1|Murkrow, L50, M|\n|poke|p1|Chi-Yu, L50|\n|poke|p1|Flutter Mane, L50|\n|poke|p1|Great Tusk, L50|\n|poke|p1|Chien-Pao, L50|\n|poke|p1|Corviknight, L50, F|\n|poke|p2|Maushold-Four, L50|\n|poke|p2|Annihilape, L50, M|\n|poke|p2|Arcanine, L50, M|\n|poke|p2|Ting-Lu, L50|\n|poke|p2|Iron Bundle, L50|\n|poke|p2|Flutter Mane, L50|\n|teampreview|4\n|inactive|Battle timer is ON: inactive players will automatically lose when time's up. (requested by QrdeJegoMac)\n|inactive|QrdeJegoMac has 60 seconds left.\n|inactive|Peppeld has 60 seconds left.\n|inactive|Peppeld has 30 seconds left.\n|inactive|Peppeld has 20 seconds left.\n|inactive|Peppeld has 15 seconds left.\n|inactive|Peppeld has 10 seconds left.\n|inactive|Peppeld has 5 seconds left.\n|\n|t:|1683036227\n|start\n|switch|p1a: Great Tusk|Great Tusk, L50|100\/100\n|switch|p1b: Murkrow|Murkrow, L50, M, shiny|100\/100\n|switch|p2a: Ting-Lu|Ting-Lu, L50|100\/100\n|switch|p2b: Arcanine|Arcanine, L50, M|100\/100\n|-ability|p2b: Arcanine|Intimidate|boost\n|-unboost|p1a: Great Tusk|atk|1\n|-unboost|p1b: Murkrow|atk|1\n|-ability|p2a: Ting-Lu|Vessel of Ruin\n|turn|1\n|inactive|Peppeld has 30 seconds left.\n|\n|t:|1683036255\n|move|p2b: Arcanine|Protect|p2b: Arcanine\n|-singleturn|p2b: Arcanine|Protect\n|move|p1b: Murkrow|Haze|p1b: Murkrow\n|-clearallboost\n|move|p1a: Great Tusk|Headlong Rush|p2b: Arcanine\n|-activate|p2b: Arcanine|move: Protect\n|move|p2a: Ting-Lu|Rock Tomb|p1b: Murkrow\n|-supereffective|p1b: Murkrow\n|-damage|p1b: Murkrow|72\/100\n|-unboost|p1b: Murkrow|spe|1\n|\n|upkeep\n|turn|2\n|\n|t:|1683036275\n|-terastallize|p2b: Arcanine|Grass\n|move|p1b: Murkrow|Sunny Day|p1b: Murkrow\n|-weather|SunnyDay\n|-activate|p1a: Great Tusk|ability: Protosynthesis\n|-start|p1a: Great Tusk|protosynthesisatk\n|move|p1a: Great Tusk|Headlong Rush|p2b: Arcanine\n|-resisted|p2b: Arcanine\n|-damage|p2b: Arcanine|55\/100\n|-unboost|p1a: Great Tusk|def|1\n|-unboost|p1a: Great Tusk|spd|1\n|move|p2b: Arcanine|Will-O-Wisp|p1a: Great Tusk\n|-status|p1a: Great Tusk|brn\n|move|p2a: Ting-Lu|Rock Tomb|p1b: Murkrow\n|-supereffective|p1b: Murkrow\n|-damage|p1b: Murkrow|39\/100\n|-unboost|p1b: Murkrow|spe|1\n|\n|-weather|SunnyDay|[upkeep]\n|-damage|p1a: Great Tusk|95\/100 brn|[from] brn\n|upkeep\n|turn|3\n|inactive|Peppeld has 30 seconds left.\n|inactive|Peppeld has 20 seconds left.\n|inactive|Peppeld has 15 seconds left.\n|inactive|Peppeld has 10 seconds left.\n|\n|t:|1683036322\n|-end|p1a: Great Tusk|Protosynthesis|[silent]\n|switch|p1a: Corviknight|Corviknight, L50, F|100\/100\n|move|p2b: Arcanine|Protect|p2b: Arcanine\n|-singleturn|p2b: Arcanine|Protect\n|move|p1b: Murkrow|Tailwind|p1b: Murkrow\n|-sidestart|p1: QrdeJegoMac|move: Tailwind\n|move|p2a: Ting-Lu|Stomping Tantrum|p1a: Corviknight\n|-immune|p1a: Corviknight\n|\n|-weather|SunnyDay|[upkeep]\n|upkeep\n|turn|4\n|inactive|Peppeld has 30 seconds left.\n|inactive|Peppeld has 20 seconds left.\n|inactive|Peppeld has 15 seconds left.\n|inactive|Peppeld has 10 seconds left.\n|\n|t:|1683036372\n|move|p1a: Corviknight|Brave Bird|p2a: Ting-Lu\n|-damage|p2a: Ting-Lu|65\/100\n|-damage|p1a: Corviknight|84\/100|[from] Recoil\n|move|p2b: Arcanine|Flare Blitz|p1b: Murkrow\n|-damage|p1b: Murkrow|0 fnt\n|faint|p1b: Murkrow\n|-damage|p2b: Arcanine|44\/100|[from] Recoil\n|-enditem|p2b: Arcanine|Sitrus Berry|[eat]\n|-heal|p2b: Arcanine|69\/100|[from] item: Sitrus Berry\n|move|p2a: Ting-Lu|Ruination|p1a: Corviknight\n|-damage|p1a: Corviknight|43\/100\n|\n|-weather|SunnyDay|[upkeep]\n|upkeep\n|\n|t:|1683036389\n|switch|p1b: Flutter Mane|Flutter Mane, L50|100\/100\n|-activate|p1b: Flutter Mane|ability: Protosynthesis\n|-start|p1b: Flutter Mane|protosynthesisspa\n|turn|5\n|inactive|Peppeld has 30 seconds left.\n|\n|t:|1683036415\n|-terastallize|p1b: Flutter Mane|Fairy\n|move|p1b: Flutter Mane|Moonblast|p2a: Ting-Lu\n|-supereffective|p2a: Ting-Lu\n|-damage|p2a: Ting-Lu|0 fnt\n|faint|p2a: Ting-Lu\n|move|p1a: Corviknight|Brave Bird|p2b: Arcanine\n|-supereffective|p2b: Arcanine\n|-damage|p2b: Arcanine|0 fnt\n|faint|p2b: Arcanine\n|-damage|p1a: Corviknight|19\/100|[from] Recoil\n|\n|-weather|SunnyDay|[upkeep]\n|upkeep\n|\n|t:|1683036434\n|switch|p2b: Flutter Mane|Flutter Mane, L50|100\/100\n|switch|p2a: Iron Bundle|Iron Bundle, L50, shiny|100\/100\n|-activate|p2b: Flutter Mane|ability: Protosynthesis\n|-start|p2b: Flutter Mane|protosynthesisspa\n|-enditem|p2a: Iron Bundle|Booster Energy\n|-activate|p2a: Iron Bundle|ability: Quark Drive|[fromitem]\n|-start|p2a: Iron Bundle|quarkdrivespe\n|turn|6\n|j| MondayXyz\n|inactive|Peppeld has 30 seconds left.\n|inactive|Peppeld has 20 seconds left.\n|\n|t:|1683036473\n|move|p1b: Flutter Mane|Moonblast|p2a: Iron Bundle\n|-damage|p2a: Iron Bundle|0 fnt\n|faint|p2a: Iron Bundle\n|-end|p2a: Iron Bundle|Quark Drive|[silent]\n|move|p1a: Corviknight|Brave Bird|p2b: Flutter Mane\n|-damage|p2b: Flutter Mane|0 fnt\n|faint|p2b: Flutter Mane\n|-end|p2b: Flutter Mane|Protosynthesis|[silent]\n|-damage|p1a: Corviknight|0 fnt|[from] Recoil\n|faint|p1a: Corviknight\n|\n|win|QrdeJegoMac\n|raw|QrdeJegoMac's rating: 1471 → 1491<\/strong> (+20 for winning)\n|raw|Peppeld's rating: 1468 → 1448<\/strong> (-20 for losing)\n|l|\u2606Peppeld\n","uploadtime":1683036508,"views":6,"p1id":"qrdejegomac","p2id":"peppeld","formatid":"gen9vgc2023regulationc","rating":1448,"private":0,"password":""}