{"id":"gen9vgc2023regulationc-1864388038","p1":"ProtonX","p2":"JK_Jirachi","format":"[Gen 9] VGC 2023 Regulation C","log":"|j|\u2606ProtonX\n|j|\u2606JK_Jirachi\n|t:|1684162083\n|gametype|doubles\n|player|p1|ProtonX|brawly|1164\n|player|p2|JK_Jirachi|rosa|1111\n|teamsize|p1|6\n|teamsize|p2|6\n|gen|9\n|tier|[Gen 9] VGC 2023 Regulation C\n|rated|\n|rule|Species Clause: Limit one of each Pok\u00e9mon\n|rule|Item Clause: Limit one of each item\n|clearpoke\n|poke|p1|Gastrodon-East, L50, F|\n|poke|p1|Tatsugiri, L50, F|\n|poke|p1|Pelipper, L50, M|\n|poke|p1|Kilowattrel, L50, F|\n|poke|p1|Gogoat, L50, F|\n|poke|p1|Azumarill, L50, F|\n|poke|p2|Chi-Yu, L50|\n|poke|p2|Flutter Mane, L50|\n|poke|p2|Tatsugiri-Droopy, L50, M|\n|poke|p2|Iron Valiant, L50|\n|poke|p2|Indeedee-F, L50, F|\n|poke|p2|Armarouge, L50, M|\n|teampreview|4\nJK_Jirachi has agreed to open team sheets.\n|\n|t:|1684162122\n|start\n|switch|p1a: Pelipper|Pelipper, L50, M|100\/100\n|switch|p1b: Azumarill|Azumarill, L50, F|100\/100\n|switch|p2a: Indeedee|Indeedee-F, L50, F|100\/100\n|switch|p2b: Iron Valiant|Iron Valiant, L50, shiny|100\/100\n|-fieldstart|move: Psychic Terrain|[from] ability: Psychic Surge|[of] p2a: Indeedee\n|-enditem|p2a: Indeedee|Psychic Seed\n|-boost|p2a: Indeedee|spd|1|[from] item: Psychic Seed\n|-weather|RainDance|[from] ability: Drizzle|[of] p1a: Pelipper\n|turn|1\n|\n|t:|1684162137\n|move|p2a: Indeedee|Follow Me|p2a: Indeedee\n|-singleturn|p2a: Indeedee|move: Follow Me\n|move|p2b: Iron Valiant|Thunderbolt|p1b: Azumarill\n|-supereffective|p1b: Azumarill\n|-damage|p1b: Azumarill|15\/100\n|move|p1a: Pelipper|Hurricane|p2a: Indeedee\n|-damage|p2a: Indeedee|68\/100\n|move|p1b: Azumarill|Ice Spinner|p2a: Indeedee\n|-damage|p2a: Indeedee|36\/100\n|-fieldend|move: Psychic Terrain\n|\n|-weather|RainDance|[upkeep]\n|upkeep\n|turn|2\n|\n|t:|1684162160\n|switch|p2a: Tatsugiri|Tatsugiri-Droopy, L50, M, shiny|100\/100\n|move|p1b: Azumarill|Aqua Jet|p2a: Tatsugiri\n|-ability|p2a: Tatsugiri|Storm Drain|boost\n|-boost|p2a: Tatsugiri|spa|1\n|move|p2b: Iron Valiant|Thunderbolt|p1a: Pelipper\n|-supereffective|p1a: Pelipper\n|-damage|p1a: Pelipper|0 fnt\n|faint|p1a: Pelipper\n|\n|-weather|RainDance|[upkeep]\n|upkeep\n|\n|t:|1684162170\n|switch|p1a: Gastrodon|Gastrodon-East, L50, F|100\/100\n|turn|3\n|\n|t:|1684162180\n|move|p2b: Iron Valiant|Thunderbolt|p1b: Azumarill\n|-supereffective|p1b: Azumarill\n|-damage|p1b: Azumarill|0 fnt\n|faint|p1b: Azumarill\n|move|p2a: Tatsugiri|Draco Meteor|p1a: Gastrodon|[miss]\n|-miss|p2a: Tatsugiri|p1a: Gastrodon\n|move|p1a: Gastrodon|Icy Wind|p2b: Iron Valiant|[spread] p2a,p2b\n|-damage|p2a: Tatsugiri|85\/100\n|-damage|p2b: Iron Valiant|82\/100\n|-unboost|p2a: Tatsugiri|spe|1\n|-unboost|p2b: Iron Valiant|spe|1\n|-enditem|p2a: Tatsugiri|White Herb\n|-clearnegativeboost|p2a: Tatsugiri|[silent]\n|\n|-weather|RainDance|[upkeep]\n|upkeep\n|\n|t:|1684162182\n|switch|p1b: Gogoat|Gogoat, L50, F|100\/100\n|turn|4\n|\n|t:|1684162197\n|-end|p2b: Iron Valiant|Quark Drive|[silent]\n|switch|p2b: Indeedee|Indeedee-F, L50, F|36\/100\n|-fieldstart|move: Psychic Terrain|[from] ability: Psychic Surge|[of] p2b: Indeedee\n|-terastallize|p2a: Tatsugiri|Fire\n|-terastallize|p1b: Gogoat|Grass\n|move|p2a: Tatsugiri|Draco Meteor|p1b: Gogoat\n|-damage|p1b: Gogoat|0 fnt\n|-unboost|p2a: Tatsugiri|spa|2\n|faint|p1b: Gogoat\n|move|p1a: Gastrodon|Icy Wind|p2b: Indeedee|[spread] p2a,p2b\n|-resisted|p2a: Tatsugiri\n|-damage|p2a: Tatsugiri|78\/100\n|-damage|p2b: Indeedee|24\/100\n|-unboost|p2a: Tatsugiri|spe|1\n|-unboost|p2b: Indeedee|spe|1\n|\n|-weather|RainDance|[upkeep]\n|upkeep\n|turn|5\n|\n|t:|1684162216\n|move|p1a: Gastrodon|Earth Power|p2a: Tatsugiri\n|-supereffective|p2a: Tatsugiri\n|-damage|p2a: Tatsugiri|0 fnt\n|faint|p2a: Tatsugiri\n|move|p2b: Indeedee|Dazzling Gleam|p1a: Gastrodon\n|-damage|p1a: Gastrodon|82\/100\n|\n|-weather|RainDance|[upkeep]\n|-heal|p1a: Gastrodon|88\/100|[from] item: Leftovers\n|upkeep\n|\n|t:|1684162225\n|switch|p2a: Iron Valiant|Iron Valiant, L50, shiny|82\/100\n|turn|6\n|\n|t:|1684162230\n|move|p2b: Indeedee|Helping Hand|p2a: Iron Valiant\n|-singleturn|p2a: Iron Valiant|Helping Hand|[of] p2b: Indeedee\n|move|p2a: Iron Valiant|Moonblast|p1a: Gastrodon\n|-damage|p1a: Gastrodon|0 fnt\n|faint|p1a: Gastrodon\n|\n|win|JK_Jirachi\n|raw|ProtonX's rating: 1164 → 1135<\/strong> (-29 for losing)\n|raw|JK_Jirachi's rating: 1111 → 1140<\/strong> (+29 for winning)\n|l|\u2606ProtonX\n","uploadtime":1684162246,"views":6,"p1id":"protonx","p2id":"jkjirachi","formatid":"gen9vgc2023regulationc","rating":1135,"private":0,"password":""}