{"id":"gen9vgc2023regulationc-1862322428","p1":"yungelghonami","p2":"mousyNhu","format":"[Gen 9] VGC 2023 Regulation C","log":"|j|\u2606yungelghonami\n|j|\u2606mousyNhu\n|t:|1683865551\n|gametype|doubles\n|player|p1|yungelghonami|2|1028\n|player|p2|mousyNhu|steven|1000\n|teamsize|p1|6\n|teamsize|p2|6\n|gen|9\n|tier|[Gen 9] VGC 2023 Regulation C\n|rated|\n|rule|Species Clause: Limit one of each Pok\u00e9mon\n|rule|Item Clause: Limit one of each item\n|clearpoke\n|poke|p1|Abomasnow, L50, M|\n|poke|p1|Scream Tail, L50|\n|poke|p1|Scizor, L50, M|\n|poke|p1|Sandy Shocks, L50|\n|poke|p1|Cetitan, L50, M|\n|poke|p1|Espathra, L50, M|\n|poke|p2|Abomasnow, L50, F|\n|poke|p2|Oranguru, L50, F|\n|poke|p2|Gardevoir, L50, F|\n|poke|p2|Chien-Pao, L50|\n|poke|p2|Gallade, L50, M|\n|poke|p2|Cetitan, L50, M|\n|teampreview|4\n|inactive|Battle timer is ON: inactive players will automatically lose when time's up. (requested by mousyNhu)\n|inactive|yungelghonami has 60 seconds left.\n|inactive|yungelghonami has 30 seconds left.\n|inactive|mousyNhu has 60 seconds left.\n|inactive|yungelghonami has 20 seconds left.\n|\n|t:|1683865627\n|start\n|switch|p1a: Scizor|Scizor, L50, M|100\/100\n|switch|p1b: Abomasnow|Abomasnow, L50, M|100\/100\n|switch|p2a: Abomasnow|Abomasnow, L50, F|100\/100\n|switch|p2b: Gallade|Gallade, L50, M|100\/100\n|-weather|Snow|[from] ability: Snow Warning|[of] p2a: Abomasnow\n|turn|1\n|\n|t:|1683865645\n|-terastallize|p1b: Abomasnow|Water\n|move|p1a: Scizor|Bullet Punch|p2a: Abomasnow\n|-supereffective|p2a: Abomasnow\n|-damage|p2a: Abomasnow|44\/100\n|-damage|p1a: Scizor|91\/100|[from] item: Life Orb\n|move|p2b: Gallade|Sacred Sword|p1a: Scizor\n|-damage|p1a: Scizor|0 fnt\n|faint|p1a: Scizor\n|move|p2a: Abomasnow|Aurora Veil|p2a: Abomasnow\n|-sidestart|p2: mousyNhu|move: Aurora Veil\n|move|p1b: Abomasnow|Aurora Veil|p1b: Abomasnow\n|-sidestart|p1: yungelghonami|move: Aurora Veil\n|\n|-weather|Snow|[upkeep]\n|upkeep\n|\n|t:|1683865658\n|switch|p1a: Sandy Shocks|Sandy Shocks, L50|100\/100\n|-enditem|p1a: Sandy Shocks|Booster Energy\n|-activate|p1a: Sandy Shocks|ability: Protosynthesis|[fromitem]\n|-start|p1a: Sandy Shocks|protosynthesisspa\n|turn|2\n|\n|t:|1683865680\n|move|p1a: Sandy Shocks|Gravity|p1a: Sandy Shocks\n|-fieldstart|move: Gravity\n|move|p2b: Gallade|Sacred Sword|p1a: Sandy Shocks\n|-damage|p1a: Sandy Shocks|25\/100\n|move|p2a: Abomasnow|Blizzard|p1a: Sandy Shocks|[spread] p1a,p1b\n|-supereffective|p1a: Sandy Shocks\n|-resisted|p1b: Abomasnow\n|-damage|p1a: Sandy Shocks|0 fnt\n|-damage|p1b: Abomasnow|92\/100\n|faint|p1a: Sandy Shocks\n|-end|p1a: Sandy Shocks|Protosynthesis|[silent]\n|move|p1b: Abomasnow|Blizzard|p2a: Abomasnow|[spread] p2a,p2b\n|-crit|p2b: Gallade\n|-damage|p2a: Abomasnow|21\/100\n|-damage|p2b: Gallade|43\/100\n|\n|-weather|Snow|[upkeep]\n|upkeep\n|\n|t:|1683865694\n|switch|p1a: Espathra|Espathra, L50, M|100\/100\n|turn|3\n|inactive|yungelghonami has 30 seconds left.\n|inactive|mousyNhu has 30 seconds left.\n|inactive|yungelghonami has 20 seconds left.\n|\n|t:|1683865733\n|switch|p2b: Oranguru|Oranguru, L50, F|100\/100\n|move|p1a: Espathra|Hypnosis|p2b: Oranguru\n|-status|p2b: Oranguru|slp|[from] move: Hypnosis\n|move|p2a: Abomasnow|Blizzard|p1a: Espathra|[spread] p1a,p1b\n|-resisted|p1b: Abomasnow\n|-damage|p1a: Espathra|75\/100\n|-damage|p1b: Abomasnow|81\/100\n|move|p1b: Abomasnow|Blizzard|p2b: Oranguru|[spread] p2a,p2b\n|-damage|p2a: Abomasnow|0 fnt\n|-damage|p2b: Oranguru|88\/100 slp\n|faint|p2a: Abomasnow\n|\n|-weather|Snow|[upkeep]\n|-ability|p1a: Espathra|Speed Boost|boost\n|-boost|p1a: Espathra|spe|1\n|upkeep\n|\n|t:|1683865748\n|switch|p2a: Cetitan|Cetitan, L50, M|100\/100\n|turn|4\n|\n|t:|1683865762\n|move|p2a: Cetitan|Belly Drum|p2a: Cetitan\n|-damage|p2a: Cetitan|50\/100\n|-setboost|p2a: Cetitan|atk|6|[from] move: Belly Drum\n|-enditem|p2a: Cetitan|Sitrus Berry|[eat]\n|-heal|p2a: Cetitan|75\/100|[from] item: Sitrus Berry\n|move|p1a: Espathra|Hypnosis|p2a: Cetitan\n|-status|p2a: Cetitan|slp|[from] move: Hypnosis\n|move|p1b: Abomasnow|Blizzard|p2a: Cetitan|[spread] p2a,p2b\n|-resisted|p2a: Cetitan\n|-damage|p2a: Cetitan|61\/100 slp\n|-damage|p2b: Oranguru|73\/100 slp\n|cant|p2b: Oranguru|slp\n|\n|-weather|Snow|[upkeep]\n|-ability|p1a: Espathra|Speed Boost|boost\n|-boost|p1a: Espathra|spe|1\n|upkeep\n|turn|5\n|inactive|mousyNhu has 30 seconds left.\n|\n|t:|1683865789\n|move|p1a: Espathra|Lumina Crash|p2a: Cetitan\n|-crit|p2a: Cetitan\n|-damage|p2a: Cetitan|14\/100 slp\n|-unboost|p2a: Cetitan|spd|2\n|cant|p2a: Cetitan|slp\n|move|p1b: Abomasnow|Blizzard|p2b: Oranguru|[spread] p2a,p2b\n|-resisted|p2a: Cetitan\n|-crit|p2a: Cetitan\n|-damage|p2a: Cetitan|0 fnt\n|-damage|p2b: Oranguru|60\/100 slp\n|faint|p2a: Cetitan\n|-curestatus|p2b: Oranguru|slp|[msg]\n|move|p2b: Oranguru|Foul Play|p1a: Espathra\n|-supereffective|p1a: Espathra\n|-damage|p1a: Espathra|55\/100\n|\n|-weather|none\n|-sideend|p2: mousyNhu|move: Aurora Veil\n|-ability|p1a: Espathra|Speed Boost|boost\n|-boost|p1a: Espathra|spe|1\n|upkeep\n|\n|t:|1683865799\n|switch|p2a: Gallade|Gallade, L50, M|43\/100\n|turn|6\n|\n|t:|1683865813\n|move|p1a: Espathra|Hypnosis|p2a: Gallade\n|-status|p2a: Gallade|slp|[from] move: Hypnosis\n|cant|p2a: Gallade|slp\n|move|p1b: Abomasnow|Blizzard|p2b: Oranguru|[spread] p2a,p2b\n|-damage|p2a: Gallade|5\/100 slp\n|-damage|p2b: Oranguru|38\/100\n|move|p2b: Oranguru|Trick Room|p2b: Oranguru\n|-fieldstart|move: Trick Room|[of] p2b: Oranguru\n|-enditem|p2b: Oranguru|Room Service\n|-unboost|p2b: Oranguru|spe|1|[from] item: Room Service\n|\n|-fieldend|move: Gravity\n|-ability|p1a: Espathra|Speed Boost|boost\n|-boost|p1a: Espathra|spe|1\n|upkeep\n|turn|7\n|\n|t:|1683865832\n|move|p2b: Oranguru|Foul Play|p1a: Espathra\n|-supereffective|p1a: Espathra\n|-damage|p1a: Espathra|35\/100\n|move|p1b: Abomasnow|Blizzard|p2b: Oranguru|[spread] p2a\n|-miss|p1b: Abomasnow|p2b: Oranguru\n|-damage|p2a: Gallade|0 fnt\n|faint|p2a: Gallade\n|move|p1a: Espathra|Lumina Crash|p2b: Oranguru\n|-resisted|p2b: Oranguru\n|-damage|p2b: Oranguru|30\/100\n|-unboost|p2b: Oranguru|spd|2\n|\n|-ability|p1a: Espathra|Speed Boost|boost\n|-boost|p1a: Espathra|spe|1\n|upkeep\n|turn|8\n|-message|mousyNhu forfeited.\n|\n|win|yungelghonami\n|raw|yungelghonami's rating: 1028 → 1061<\/strong> (+33 for winning)\n|raw|mousyNhu's rating: 1000 → 1000<\/strong> (+0 for losing)\n|l|\u2606mousyNhu\n","uploadtime":1683865848,"views":13,"p1id":"yungelghonami","p2id":"mousynhu","formatid":"gen9vgc2023regulationc","rating":1000,"private":0,"password":""}