{"id":"gen9vgc2023regulationc-1860198634","p1":"Naruseiya","p2":"VGC PhyreQueen","format":"[Gen 9] VGC 2023 Regulation C","log":"|j|\u2606Naruseiya\n|j|\u2606VGC PhyreQueen\n|t:|1683608756\n|gametype|doubles\n|player|p1|Naruseiya|wallace|1040\n|player|p2|VGC PhyreQueen|lucas|1011\n|teamsize|p1|6\n|teamsize|p2|6\n|gen|9\n|tier|[Gen 9] VGC 2023 Regulation C\n|rated|\n|rule|Species Clause: Limit one of each Pok\u00e9mon\n|rule|Item Clause: Limit one of each item\n|clearpoke\n|poke|p1|Gyarados, L50, M|\n|poke|p1|Flutter Mane, L50|\n|poke|p1|Chi-Yu, L50|\n|poke|p1|Ting-Lu, L50|\n|poke|p1|Chien-Pao, L50|\n|poke|p1|Amoonguss, L50, F|\n|poke|p2|Luxray, L50, F|\n|poke|p2|Scizor, L50, F|\n|poke|p2|Armarouge, L50, F|\n|poke|p2|Tinkaton, L50, F|\n|poke|p2|Hydreigon, L50, F|\n|poke|p2|Leafeon, L50, M|\n|teampreview|4\n|\n|t:|1683608792\n|start\n|switch|p1a: Ting-Lu|Ting-Lu, L50|100\/100\n|switch|p1b: Chien-Pao|Chien-Pao, L50|100\/100\n|switch|p2a: Scizor|Scizor, L50, F, shiny|100\/100\n|switch|p2b: Hydreigon|Hydreigon, L50, F|100\/100\n|-ability|p1b: Chien-Pao|Sword of Ruin\n|-ability|p1a: Ting-Lu|Vessel of Ruin\n|turn|1\n|\n|t:|1683608810\n|move|p1b: Chien-Pao|Protect|p1b: Chien-Pao\n|-singleturn|p1b: Chien-Pao|Protect\n|move|p2b: Hydreigon|Tailwind|p2b: Hydreigon\n|-sidestart|p2: VGC PhyreQueen|move: Tailwind\n|move|p2a: Scizor|U-turn|p1b: Chien-Pao\n|-activate|p1b: Chien-Pao|move: Protect\n|move|p1a: Ting-Lu|Earthquake|p2b: Hydreigon|[spread] p2a\n|-activate|p1b: Chien-Pao|move: Protect\n|-immune|p2b: Hydreigon|[from] ability: Levitate\n|-damage|p2a: Scizor|24\/100\n|\n|upkeep\n|turn|2\n|\n|t:|1683608843\n|switch|p2a: Armarouge|Armarouge, L50, F|100\/100\n|switch|p1a: Gyarados|Gyarados, L50, M, shiny|100\/100\n|-ability|p1a: Gyarados|Intimidate|boost\n|-unboost|p2a: Armarouge|atk|1\n|-unboost|p2b: Hydreigon|atk|1\n|move|p1b: Chien-Pao|Sucker Punch||[still]\n|-fail|p1b: Chien-Pao\n|move|p2b: Hydreigon|Dark Pulse|p1a: Gyarados\n|-damage|p1a: Gyarados|61\/100\n|\n|upkeep\n|turn|3\n|\n|t:|1683608871\n|-terastallize|p2a: Armarouge|Grass\n|move|p2b: Hydreigon|Focus Energy|p2b: Hydreigon\n|-start|p2b: Hydreigon|move: Focus Energy\n|move|p2a: Armarouge|Armor Cannon|p1b: Chien-Pao\n|-supereffective|p1b: Chien-Pao\n|-enditem|p1b: Chien-Pao|Focus Sash\n|-damage|p1b: Chien-Pao|1\/100\n|-unboost|p2a: Armarouge|def|1\n|-unboost|p2a: Armarouge|spd|1\n|move|p1b: Chien-Pao|Ice Spinner|p2b: Hydreigon\n|-supereffective|p2b: Hydreigon\n|-damage|p2b: Hydreigon|0 fnt\n|faint|p2b: Hydreigon\n|move|p1a: Gyarados|Waterfall|p2a: Armarouge\n|-resisted|p2a: Armarouge\n|-crit|p2a: Armarouge\n|-damage|p2a: Armarouge|50\/100\n|\n|-heal|p2a: Armarouge|56\/100|[from] item: Leftovers\n|upkeep\n|\n|t:|1683608883\n|switch|p2b: Luxray|Luxray, L50, F, shiny|100\/100\n|turn|4\n|\n|t:|1683608905\n|switch|p2a: Scizor|Scizor, L50, F, shiny|24\/100\n|move|p1a: Gyarados|Protect|p1a: Gyarados\n|-singleturn|p1a: Gyarados|Protect\n|move|p2b: Luxray|Snarl|p1b: Chien-Pao|[spread] p1b\n|-activate|p1a: Gyarados|move: Protect\n|-resisted|p1b: Chien-Pao\n|-damage|p1b: Chien-Pao|0 fnt\n|faint|p1b: Chien-Pao\n|\n|-sideend|p2: VGC PhyreQueen|move: Tailwind\n|-status|p2b: Luxray|brn|[from] item: Flame Orb\n|upkeep\n|\n|t:|1683608918\n|switch|p1b: Ting-Lu|Ting-Lu, L50|100\/100\n|-ability|p1b: Ting-Lu|Vessel of Ruin\n|turn|5\n|\n|t:|1683608934\n|switch|p2a: Armarouge|Armarouge, L50, F, tera:Grass|56\/100\n|-terastallize|p1b: Ting-Lu|Ground\n|move|p2b: Luxray|Ice Fang|p1b: Ting-Lu\n|-supereffective|p1b: Ting-Lu\n|-crit|p1b: Ting-Lu\n|-damage|p1b: Ting-Lu|47\/100\n|move|p1a: Gyarados|Waterfall|p2b: Luxray\n|-damage|p2b: Luxray|40\/100 brn\n|move|p1b: Ting-Lu|Earthquake|p2a: Armarouge|[spread] p2a,p2b\n|-immune|p1a: Gyarados\n|-resisted|p2a: Armarouge\n|-supereffective|p2b: Luxray\n|-damage|p2a: Armarouge|25\/100\n|-damage|p2b: Luxray|0 fnt\n|faint|p2b: Luxray\n|\n|-heal|p2a: Armarouge|30\/100|[from] item: Leftovers\n|upkeep\n|\n|t:|1683608950\n|switch|p2b: Scizor|Scizor, L50, F, shiny|24\/100\n|turn|6\n|\n|t:|1683608979\n|switch|p1b: Chi-Yu|Chi-Yu, L50|100\/100\n|-ability|p1b: Chi-Yu|Beads of Ruin\n|move|p1a: Gyarados|Thunder Wave|p2b: Scizor\n|-status|p2b: Scizor|par\n|move|p2a: Armarouge|Psyshock|p1a: Gyarados\n|-damage|p1a: Gyarados|8\/100\n|-enditem|p1a: Gyarados|Sitrus Berry|[eat]\n|-heal|p1a: Gyarados|32\/100|[from] item: Sitrus Berry\n|cant|p2b: Scizor|par\n|\n|-heal|p2a: Armarouge|36\/100|[from] item: Leftovers\n|upkeep\n|turn|7\n|-message|VGC PhyreQueen forfeited.\n|\n|win|Naruseiya\n|raw|Naruseiya's rating: 1040 → 1071<\/strong> (+31 for winning)\n|raw|VGC PhyreQueen's rating: 1011 → 1000<\/strong> (-11 for losing)\n","uploadtime":1683609005,"views":10,"p1id":"naruseiya","p2id":"vgcphyrequeen","formatid":"gen9vgc2023regulationc","rating":1000,"private":0,"password":""}