{"id":"gen9vgc2023regulationc-1854844467","p1":"Arclor","p2":"Duck_Man104","format":"[Gen 9] VGC 2023 Regulation C","log":"|j|\u2606Arclor\n|j|\u2606Duck_Man104\n|t:|1682872578\n|gametype|doubles\n|player|p1|Arclor|waiter|1139\n|player|p2|Duck_Man104|169|1164\n|teamsize|p1|6\n|teamsize|p2|6\n|gen|9\n|tier|[Gen 9] VGC 2023 Regulation C\n|rated|\n|rule|Species Clause: Limit one of each Pok\u00e9mon\n|rule|Item Clause: Limit one of each item\n|clearpoke\n|poke|p1|Flutter Mane, L50|\n|poke|p1|Wo-Chien, L50|\n|poke|p1|Palafin, L50, M|\n|poke|p1|Glimmora, L50, M|\n|poke|p1|Arcanine, L50, M|\n|poke|p1|Gothitelle, L50, F|\n|poke|p2|Palafin, L50, F|\n|poke|p2|Amoonguss, L50, M|\n|poke|p2|Arcanine, L50, F|\n|poke|p2|Baxcalibur, L50, F|\n|poke|p2|Flutter Mane, L50|\n|poke|p2|Chien-Pao, L50|\n|teampreview|4\n|inactive|Battle timer is ON: inactive players will automatically lose when time's up. (requested by Arclor)\nArclor rejected open team sheets.\n|\n|t:|1682872632\n|start\n|switch|p1a: Palafin|Palafin, L50, M|100\/100\n|switch|p1b: Glimmora|Glimmora, L50, M, shiny|100\/100\n|switch|p2a: The Phantom|Flutter Mane, L50|100\/100\n|switch|p2b: The Saber|Baxcalibur, L50, F|100\/100\n|-enditem|p2a: The Phantom|Booster Energy\n|-activate|p2a: The Phantom|ability: Protosynthesis|[fromitem]\n|-start|p2a: The Phantom|protosynthesisspe\n|turn|1\n|\n|t:|1682872653\n|switch|p2b: The Hellhound|Arcanine, L50, F|100\/100\n|-ability|p2b: The Hellhound|Intimidate|boost\n|-unboost|p1a: Palafin|atk|1\n|-unboost|p1b: Glimmora|atk|1\n|detailschange|p1a: Palafin|Palafin-Hero, L50, M\n|switch|p1a: Wo-Chien|Wo-Chien, L50|100\/100\n|-ability|p1a: Wo-Chien|Tablets of Ruin\n|move|p2a: The Phantom|Moonblast|p1b: Glimmora\n|-resisted|p1b: Glimmora\n|-damage|p1b: Glimmora|83\/100\n|-unboost|p1b: Glimmora|spa|1\n|move|p1b: Glimmora|Mortal Spin|p2a: The Phantom|[spread] p2a,p2b\n|-damage|p2a: The Phantom|96\/100\n|-damage|p2b: The Hellhound|98\/100\n|-status|p2a: The Phantom|psn\n|-status|p2b: The Hellhound|psn\n|\n|-damage|p2a: The Phantom|84\/100 psn|[from] psn\n|-damage|p2b: The Hellhound|86\/100 psn|[from] psn\n|upkeep\n|turn|2\n|inactive|Arclor has 30 seconds left.\n|inactive|Duck_Man104 has 30 seconds left.\n|inactive|Arclor has 20 seconds left.\n|inactive|Duck_Man104 has 20 seconds left.\n|\n|t:|1682872700\n|switch|p2b: The Saber(tooth)|Chien-Pao, L50|100\/100\n|-ability|p2b: The Saber(tooth)|Sword of Ruin\n|-terastallize|p2a: The Phantom|Fairy\n|move|p1a: Wo-Chien|Protect|p1a: Wo-Chien\n|-singleturn|p1a: Wo-Chien|Protect\n|move|p2a: The Phantom|Moonblast|p1a: Wo-Chien\n|-activate|p1a: Wo-Chien|move: Protect\n|move|p1b: Glimmora|Venoshock|p2b: The Saber(tooth)\n|-damage|p2b: The Saber(tooth)|63\/100\n|\n|-damage|p2a: The Phantom|71\/100 psn|[from] psn\n|upkeep\n|turn|3\n|inactive|Arclor has 30 seconds left.\n|inactive|Duck_Man104 has 30 seconds left.\n|inactive|Arclor has 20 seconds left.\n|\n|t:|1682872739\n|move|p2a: The Phantom|Moonblast|p1a: Wo-Chien\n|-supereffective|p1a: Wo-Chien\n|-damage|p1a: Wo-Chien|7\/100\n|move|p2b: The Saber(tooth)|Ice Spinner|p1b: Glimmora\n|-damage|p1b: Glimmora|40\/100\n|move|p1b: Glimmora|Venoshock|p2a: The Phantom\n|-supereffective|p2a: The Phantom\n|-crit|p2a: The Phantom\n|-damage|p2a: The Phantom|0 fnt\n|faint|p2a: The Phantom\n|-end|p2a: The Phantom|Protosynthesis|[silent]\n|move|p1a: Wo-Chien|Leech Seed|p2b: The Saber(tooth)\n|-start|p2b: The Saber(tooth)|move: Leech Seed\n|\n|-heal|p1a: Wo-Chien|13\/100|[from] item: Leftovers\n|-damage|p2b: The Saber(tooth)|51\/100|[from] Leech Seed|[of] p1a: Wo-Chien\n|-heal|p1a: Wo-Chien|23\/100|[silent]\n|upkeep\n|inactive|Duck_Man104 has 30 seconds left.\n|\n|t:|1682872771\n|switch|p2a: The Saber|Baxcalibur, L50, F|100\/100\n|turn|4\n|\n|t:|1682872779\n|switch|p1b: Arcanine|Arcanine, L50, M|100\/100\n|-ability|p1b: Arcanine|Intimidate|boost\n|-unboost|p2a: The Saber|atk|1\n|-unboost|p2b: The Saber(tooth)|atk|1\n|move|p1a: Wo-Chien|Protect|p1a: Wo-Chien\n|-singleturn|p1a: Wo-Chien|Protect\n|move|p2b: The Saber(tooth)|Ice Spinner|p1a: Wo-Chien\n|-activate|p1a: Wo-Chien|move: Protect\n|move|p2a: The Saber|Icicle Spear|p1b: Arcanine\n|-resisted|p1b: Arcanine\n|-damage|p1b: Arcanine|96\/100\n|-resisted|p1b: Arcanine\n|-damage|p1b: Arcanine|91\/100\n|-resisted|p1b: Arcanine\n|-damage|p1b: Arcanine|85\/100\n|-resisted|p1b: Arcanine\n|-crit|p1b: Arcanine\n|-damage|p1b: Arcanine|74\/100\n|-hitcount|p1b: Arcanine|4\n|\n|-heal|p1a: Wo-Chien|29\/100|[from] item: Leftovers\n|-damage|p2b: The Saber(tooth)|39\/100|[from] Leech Seed|[of] p1a: Wo-Chien\n|-heal|p1a: Wo-Chien|39\/100|[silent]\n|upkeep\n|turn|5\n|inactive|Arclor has 30 seconds left.\n|inactive|Arclor has 20 seconds left.\n|inactive|Arclor has 15 seconds left.\n|\n|t:|1682872820\n|switch|p1a: Palafin|Palafin-Hero, L50, M|100\/100\n|-activate|p1a: Palafin|ability: Zero to Hero\n|move|p2b: The Saber(tooth)|Haze|p2b: The Saber(tooth)\n|-clearallboost\n|move|p2a: The Saber|Dragon Dance|p2a: The Saber\n|-boost|p2a: The Saber|atk|1\n|-boost|p2a: The Saber|spe|1\n|move|p1b: Arcanine|Will-O-Wisp|p2a: The Saber\n|-immune|p2a: The Saber|[from] ability: Thermal Exchange\n|\n|-damage|p2b: The Saber(tooth)|26\/100|[from] Leech Seed|[of] p1a: Palafin\n|upkeep\n|turn|6\n|inactive|Arclor has 30 seconds left.\n|inactive|Duck_Man104 has 30 seconds left.\n|\n|t:|1682872849\n|switch|p2b: The Hellhound|Arcanine, L50, F|86\/100 psn\n|-ability|p2b: The Hellhound|Intimidate|boost\n|-unboost|p1a: Palafin|atk|1\n|-unboost|p1b: Arcanine|atk|1\n|switch|p1b: Glimmora|Glimmora, L50, M, shiny|40\/100\n|-terastallize|p1a: Palafin|Water\n|move|p1a: Palafin|Jet Punch|p2b: The Hellhound\n|-supereffective|p2b: The Hellhound\n|-damage|p2b: The Hellhound|21\/100 psn\n|move|p2a: The Saber|Glaive Rush|p1a: Palafin\n|-damage|p1a: Palafin|13\/100\n|-singlemove|p2a: The Saber|Glaive Rush|[silent]\n|\n|-damage|p2b: The Hellhound|9\/100 psn|[from] psn\n|upkeep\n|turn|7\n|inactive|Arclor has 30 seconds left.\n|inactive|Duck_Man104 has 30 seconds left.\n|inactive|Duck_Man104 has 20 seconds left.\n|inactive|Duck_Man104 has 15 seconds left.\n|inactive|Duck_Man104 has 10 seconds left.\n|\n|t:|1682872895\n|move|p2a: The Saber|Protect|p2a: The Saber\n|-singleturn|p2a: The Saber|Protect\n|move|p1a: Palafin|Protect|p1a: Palafin\n|-singleturn|p1a: Palafin|Protect\n|move|p2b: The Hellhound|Protect|p2b: The Hellhound\n|-singleturn|p2b: The Hellhound|Protect\n|move|p1b: Glimmora|Power Gem|p2a: The Saber\n|-activate|p2a: The Saber|move: Protect\n|\n|-damage|p2b: The Hellhound|0 fnt|[from] psn\n|faint|p2b: The Hellhound\n|upkeep\n|\n|t:|1682872908\n|switch|p2b: The Saber(tooth)|Chien-Pao, L50|26\/100\n|-ability|p2b: The Saber(tooth)|Sword of Ruin\n|turn|8\n|\n|t:|1682872920\n|move|p2b: The Saber(tooth)|Sucker Punch|p1a: Palafin\n|-damage|p1a: Palafin|0 fnt\n|faint|p1a: Palafin\n|move|p2a: The Saber|Icicle Spear|p1b: Glimmora\n|-damage|p1b: Glimmora|10\/100\n|-damage|p1b: Glimmora|0 fnt\n|faint|p1b: Glimmora\n|-hitcount|p1: Glimmora|2\n|\n|upkeep\n|\n|t:|1682872930\n|switch|p1a: Arcanine|Arcanine, L50, M|74\/100\n|switch|p1b: Wo-Chien|Wo-Chien, L50|39\/100\n|-ability|p1a: Arcanine|Intimidate|boost\n|-unboost|p2a: The Saber|atk|1\n|-unboost|p2b: The Saber(tooth)|atk|1\n|-ability|p1b: Wo-Chien|Tablets of Ruin\n|turn|9\n|\n|t:|1682872949\n|move|p1b: Wo-Chien|Protect|p1b: Wo-Chien\n|-singleturn|p1b: Wo-Chien|Protect\n|move|p2a: The Saber|Dragon Dance|p2a: The Saber\n|-boost|p2a: The Saber|atk|1\n|-boost|p2a: The Saber|spe|1\n|move|p2b: The Saber(tooth)|Ice Spinner|p1b: Wo-Chien\n|-activate|p1b: Wo-Chien|move: Protect\n|move|p1a: Arcanine|Will-O-Wisp|p2b: The Saber(tooth)|[miss]\n|-miss|p1a: Arcanine|p2b: The Saber(tooth)\n|\n|-heal|p1b: Wo-Chien|45\/100|[from] item: Leftovers\n|upkeep\n|turn|10\n|\n|t:|1682872972\n|move|p2b: The Saber(tooth)|Protect|p2b: The Saber(tooth)\n|-singleturn|p2b: The Saber(tooth)|Protect\n|move|p1a: Arcanine|Extreme Speed|p2b: The Saber(tooth)\n|-activate|p2b: The Saber(tooth)|move: Protect\n|move|p2a: The Saber|Icicle Spear|p1b: Wo-Chien\n|-supereffective|p1b: Wo-Chien\n|-damage|p1b: Wo-Chien|14\/100\n|-supereffective|p1b: Wo-Chien\n|-damage|p1b: Wo-Chien|0 fnt\n|faint|p1b: Wo-Chien\n|-hitcount|p1: Wo-Chien|2\n|\n|upkeep\n|turn|11\n|\n|t:|1682872990\n|move|p1a: Arcanine|Extreme Speed|p2b: The Saber(tooth)\n|-damage|p2b: The Saber(tooth)|0 fnt\n|faint|p2b: The Saber(tooth)\n|move|p2a: The Saber|Glaive Rush|p1a: Arcanine\n|-damage|p1a: Arcanine|0 fnt\n|-singlemove|p2a: The Saber|Glaive Rush|[silent]\n|faint|p1a: Arcanine\n|\n|win|Duck_Man104\n|raw|Arclor's rating: 1112 → 1091<\/strong> (-21 for losing)\n|raw|Duck_Man104's rating: 1164 → 1185<\/strong> (+21 for winning)\n|c|\u2606Duck_Man104|Ggs\n|l|\u2606Arclor\n","uploadtime":1682873001,"views":8,"p1id":"arclor","p2id":"duckman104","formatid":"gen9vgc2023regulationc","rating":1091,"private":0,"password":""}