{"id":"gen9vgc2023regulationc-1859343649","p1":"Saimvgc","p2":"FBomb09","format":"[Gen 9] VGC 2023 Regulation C","log":"|j|\u2606Saimvgc\n|j|\u2606FBomb09\n|t:|1683441412\n|gametype|doubles\n|player|p1|Saimvgc|101|1035\n|player|p2|FBomb09|1|1040\n|teamsize|p1|6\n|teamsize|p2|6\n|gen|9\n|tier|[Gen 9] VGC 2023 Regulation C\n|rated|\n|rule|Species Clause: Limit one of each Pok\u00e9mon\n|rule|Item Clause: Limit one of each item\n|clearpoke\n|poke|p1|Maushold-Four, L50|\n|poke|p1|Flutter Mane, L50|\n|poke|p1|Baxcalibur, L50, M|\n|poke|p1|Palafin, L50, F|\n|poke|p1|Meowscarada, L50, M|\n|poke|p1|Arcanine, L50, M|\n|poke|p2|Armarouge, L50, F|\n|poke|p2|Garchomp, L50, F|\n|poke|p2|Eelektrik, L50, F|\n|poke|p2|Indeedee-F, L50, F|\n|poke|p2|Murkrow, L50, F|\n|poke|p2|Chi-Yu, L50|\n|teampreview|4\n|inactive|Battle timer is ON: inactive players will automatically lose when time's up. (requested by Saimvgc)\n|inactive|FBomb09 has 60 seconds left.\n|inactive|FBomb09 has 30 seconds left.\n|inactive|FBomb09 has 20 seconds left.\n|\n|t:|1683441543\n|start\n|switch|p1a: Maushold|Maushold-Four, L50|100\/100\n|switch|p1b: Palafin|Palafin, L50, F|100\/100\n|switch|p2a: Armarouge|Armarouge, L50, F|100\/100\n|switch|p2b: Indeedee|Indeedee-F, L50, F|100\/100\n|-fieldstart|move: Psychic Terrain|[from] ability: Psychic Surge|[of] p2b: Indeedee\n|turn|1\n|\n|t:|1683441565\n|move|p1a: Maushold|Helping Hand|p1b: Palafin\n|-singleturn|p1b: Palafin|Helping Hand|[of] p1a: Maushold\n|move|p2b: Indeedee|Follow Me|p2b: Indeedee\n|-singleturn|p2b: Indeedee|move: Follow Me\n|move|p1b: Palafin|Flip Turn|p2b: Indeedee\n|-damage|p2b: Indeedee|47\/100\n|\n|t:|1683441574\n|detailschange|p1b: Palafin|Palafin-Hero, L50, F\n|switch|p1b: Meowscarada|Meowscarada, L50, M|100\/100|[from] Flip Turn\n|move|p2a: Armarouge|Expanding Force|p1b: Meowscarada|[spread] p1a\n|-immune|p1b: Meowscarada\n|-damage|p1a: Maushold|0 fnt\n|faint|p1a: Maushold\n|-damage|p2a: Armarouge|91\/100|[from] item: Life Orb\n|\n|upkeep\n|\n|t:|1683441583\n|switch|p1a: Baxcalibur|Baxcalibur, L50, M|100\/100\n|turn|2\n|inactive|FBomb09 has 30 seconds left.\n|inactive|FBomb09 has 20 seconds left.\n|\n|t:|1683441621\n|switch|p2a: Eelektrik|Eelektrik, L50, F|100\/100\n|-terastallize|p2b: Indeedee|Fairy\n|move|p1b: Meowscarada|Sucker Punch||[still]\n|-fail|p1b: Meowscarada\n|move|p1a: Baxcalibur|Dragon Dance|p1a: Baxcalibur\n|-boost|p1a: Baxcalibur|atk|1\n|-boost|p1a: Baxcalibur|spe|1\n|move|p2b: Indeedee|Dazzling Gleam|p1a: Baxcalibur|[spread] p1a,p1b\n|-supereffective|p1a: Baxcalibur\n|-supereffective|p1b: Meowscarada\n|-damage|p1a: Baxcalibur|63\/100\n|-damage|p1b: Meowscarada|36\/100\n|\n|upkeep\n|turn|3\n|inactive|Saimvgc has 30 seconds left.\n|\n|t:|1683441654\n|-terastallize|p1a: Baxcalibur|Steel\n|move|p2b: Indeedee|Protect|p2b: Indeedee\n|-singleturn|p2b: Indeedee|Protect\n|move|p1a: Baxcalibur|Iron Head|p2b: Indeedee\n|-activate|p2b: Indeedee|move: Protect\n|move|p1b: Meowscarada|Flower Trick|p2a: Eelektrik\n|-crit|p2a: Eelektrik\n|-damage|p2a: Eelektrik|57\/100\n|move|p2a: Eelektrik|Discharge|p1a: Baxcalibur|[spread] p1a,p1b\n|-activate|p2b: Indeedee|move: Protect\n|-resisted|p1b: Meowscarada\n|-damage|p1a: Baxcalibur|48\/100\n|-damage|p1b: Meowscarada|22\/100\n|-status|p1a: Baxcalibur|par\n|-status|p1b: Meowscarada|par\n|\n|upkeep\n|turn|4\n|inactive|FBomb09 has 30 seconds left.\n|\n|t:|1683441683\n|move|p2b: Indeedee|Dazzling Gleam|p1b: Meowscarada|[spread] p1a,p1b\n|-resisted|p1a: Baxcalibur\n|-supereffective|p1b: Meowscarada\n|-damage|p1a: Baxcalibur|38\/100 par\n|-damage|p1b: Meowscarada|0 fnt\n|faint|p1b: Meowscarada\n|move|p1a: Baxcalibur|Iron Head|p2a: Eelektrik\n|-resisted|p2a: Eelektrik\n|-damage|p2a: Eelektrik|32\/100\n|move|p2a: Eelektrik|U-turn|p1a: Baxcalibur\n|-resisted|p1a: Baxcalibur\n|-damage|p1a: Baxcalibur|32\/100 par\n|inactive|FBomb09 has 30 seconds left.\n|\n|t:|1683441709\n|switch|p2a: Armarouge|Armarouge, L50, F|91\/100|[from] U-turn\n|\n|upkeep\n|\n|t:|1683441715\n|switch|p1b: Palafin|Palafin-Hero, L50, F|100\/100\n|-activate|p1b: Palafin|ability: Zero to Hero\n|turn|5\n|\n|t:|1683441733\n|move|p2b: Indeedee|Follow Me|p2b: Indeedee\n|-singleturn|p2b: Indeedee|move: Follow Me\n|move|p1b: Palafin|Jet Punch|p2b: Indeedee\n|-activate|p2b: Indeedee|move: Psychic Terrain\n|move|p1a: Baxcalibur|Iron Head|p2b: Indeedee\n|-supereffective|p2b: Indeedee\n|-damage|p2b: Indeedee|0 fnt\n|faint|p2b: Indeedee\n|move|p2a: Armarouge|Expanding Force|p1a: Baxcalibur|[spread] p1a,p1b\n|-resisted|p1a: Baxcalibur\n|-damage|p1a: Baxcalibur|0 fnt\n|-damage|p1b: Palafin|12\/100\n|faint|p1a: Baxcalibur\n|-damage|p2a: Armarouge|81\/100|[from] item: Life Orb\n|\n|-fieldend|move: Psychic Terrain\n|upkeep\n|\n|t:|1683441749\n|switch|p2b: Chi-Yu|Chi-Yu, L50|100\/100\n|-ability|p2b: Chi-Yu|Beads of Ruin\n|turn|6\n|\n|t:|1683441761\n|move|p1b: Palafin|Jet Punch|p2a: Armarouge\n|-supereffective|p2a: Armarouge\n|-damage|p2a: Armarouge|0 fnt\n|faint|p2a: Armarouge\n|move|p2b: Chi-Yu|Dark Pulse|p1b: Palafin\n|-damage|p1b: Palafin|0 fnt\n|faint|p1b: Palafin\n|\n|win|FBomb09\n|raw|Saimvgc's rating: 1035 → 1020<\/strong> (-15 for losing)\n|raw|FBomb09's rating: 1040 → 1074<\/strong> (+34 for winning)\n|l|\u2606Saimvgc\n","uploadtime":1683441902,"views":6,"p1id":"saimvgc","p2id":"fbomb09","formatid":"gen9vgc2023regulationc","rating":1020,"private":0,"password":""}