{"id":"gen9vgc2023regulationc-1844936781","p1":"yuuuuuuuuuj","p2":"Donkk","format":"[Gen 9] VGC 2023 Regulation C","log":"|j|\u2606yuuuuuuuuuj\n|j|\u2606Donkk\n|t:|1681665975\n|gametype|doubles\n|player|p1|yuuuuuuuuuj|265|1157\n|player|p2|Donkk|ethan|1257\n|teamsize|p1|6\n|teamsize|p2|6\n|gen|9\n|tier|[Gen 9] VGC 2023 Regulation C\n|rated|\n|rule|Species Clause: Limit one of each Pok\u00e9mon\n|rule|Item Clause: Limit one of each item\n|clearpoke\n|poke|p1|Arcanine, L50, F|\n|poke|p1|Grimmsnarl, L50, M|\n|poke|p1|Glalie, L50, M|\n|poke|p1|Ting-Lu, L50|\n|poke|p1|Skeledirge, L50, M|\n|poke|p1|Flutter Mane, L50|\n|poke|p2|Chien-Pao, L50|\n|poke|p2|Dragapult, L50, M|\n|poke|p2|Palafin, L50, M|\n|poke|p2|Arcanine, L50, F|\n|poke|p2|Great Tusk, L50|\n|poke|p2|Maushold-Four, L50|\n|teampreview|4\n|inactive|Battle timer is ON: inactive players will automatically lose when time's up. (requested by Donkk)\nDonkk has agreed to open team sheets.\nyuuuuuuuuuj rejected open team sheets.\n|inactive|yuuuuuuuuuj has 60 seconds left.\n|inactive|Donkk has 60 seconds left.\n|\n|t:|1681666016\n|start\n|switch|p1a: Grimmsnarl|Grimmsnarl, L50, M|100\/100\n|switch|p1b: Arcanine|Arcanine, L50, F|100\/100\n|switch|p2a: Miley|Chien-Pao, L50|100\/100\n|switch|p2b: Cannon|Dragapult, L50, M, shiny|100\/100\n|-ability|p2a: Miley|Sword of Ruin\n|-ability|p1b: Arcanine|Intimidate|boost\n|-unboost|p2a: Miley|atk|1\n|-fail|p2b: Cannon|unboost|[from] ability: Clear Body|[of] p2b: Cannon\n|turn|1\n|\n|t:|1681666037\n|move|p2a: Miley|Protect|p2a: Miley\n|-singleturn|p2a: Miley|Protect\n|move|p1a: Grimmsnarl|Thunder Wave|p2b: Cannon\n|-status|p2b: Cannon|par\n|move|p1b: Arcanine|Will-O-Wisp|p2a: Miley\n|-activate|p2a: Miley|move: Protect\n|move|p2b: Cannon|Dragon Darts|p1b: Arcanine\n|-damage|p1b: Arcanine|31\/100\n|-enditem|p1b: Arcanine|Sitrus Berry|[eat]\n|-heal|p1b: Arcanine|56\/100|[from] item: Sitrus Berry\n|-anim|p2b: Cannon|Dragon Darts|p1b: Arcanine\n|-damage|p1b: Arcanine|0 fnt\n|faint|p1b: Arcanine\n|\n|upkeep\n|\n|t:|1681666044\n|switch|p1b: Glalie|Glalie, L50, M|100\/100\n|turn|2\n|\n|t:|1681666056\n|move|p1b: Glalie|Protect|p1b: Glalie\n|-singleturn|p1b: Glalie|Protect\n|move|p1a: Grimmsnarl|Reflect|p1a: Grimmsnarl\n|-sidestart|p1: yuuuuuuuuuj|Reflect\n|move|p2a: Miley|Sacred Sword|p1b: Glalie\n|-activate|p1b: Glalie|move: Protect\n|move|p2b: Cannon|Dragon Darts|p1b: Glalie\n|-immune|p1a: Grimmsnarl\n|\n|-ability|p1b: Glalie|Moody|boost\n|-boost|p1b: Glalie|spa|2\n|-unboost|p1b: Glalie|atk|1\n|upkeep\n|turn|3\n|\n|t:|1681666073\n|-terastallize|p1b: Glalie|Water\n|move|p2a: Miley|Sacred Sword|p1b: Glalie\n|-damage|p1b: Glalie|79\/100\n|move|p1b: Glalie|Chilling Water|p2a: Miley\n|-damage|p2a: Miley|43\/100\n|-unboost|p2a: Miley|atk|1\n|move|p2b: Cannon|Dragon Darts|p1b: Glalie\n|-damage|p1b: Glalie|41\/100\n|-anim|p2b: Cannon|Dragon Darts|p1b: Glalie\n|-damage|p1b: Glalie|2\/100\n|move|p1a: Grimmsnarl|Spirit Break|p2b: Cannon\n|-supereffective|p2b: Cannon\n|-damage|p2b: Cannon|0 fnt\n|faint|p2b: Cannon\n|\n|-heal|p1b: Glalie|8\/100|[from] item: Leftovers\n|-ability|p1b: Glalie|Moody|boost\n|-boost|p1b: Glalie|spa|2\n|-unboost|p1b: Glalie|spd|1\n|upkeep\n|\n|t:|1681666093\n|switch|p2b: Hamada|Palafin, L50, M|100\/100\n|turn|4\n|\n|t:|1681666107\n|detailschange|p2b: Hamada|Palafin-Hero, L50, M\n|switch|p2b: Manny|Great Tusk, L50|100\/100\n|move|p2a: Miley|Sucker Punch|p1b: Glalie\n|-damage|p1b: Glalie|0 fnt\n|faint|p1b: Glalie\n|move|p1a: Grimmsnarl|Thunder Wave|p2b: Manny\n|-immune|p2b: Manny\n|\n|upkeep\n|\n|t:|1681666111\n|switch|p1b: Skeledirge|Skeledirge, L50, M|100\/100\n|turn|5\n|\n|t:|1681666125\n|move|p1a: Grimmsnarl|Thunder Wave|p2a: Miley\n|-hint|Since gen 7, Dark is immune to Prankster moves.\n|-immune|p2a: Miley\n|move|p2a: Miley|Ice Spinner|p1a: Grimmsnarl\n|-damage|p1a: Grimmsnarl|87\/100\n|move|p2b: Manny|Headlong Rush|p1b: Skeledirge\n|-supereffective|p1b: Skeledirge\n|-damage|p1b: Skeledirge|0 fnt\n|-unboost|p2b: Manny|def|1\n|-unboost|p2b: Manny|spd|1\n|faint|p1b: Skeledirge\n|-damage|p2b: Manny|90\/100|[from] item: Life Orb\n|\n|upkeep\n|turn|6\n|-message|yuuuuuuuuuj forfeited.\n|\n|win|Donkk\n|raw|yuuuuuuuuuj's rating: 1157 → 1139<\/strong> (-18 for losing)\n|raw|Donkk's rating: 1257 → 1275<\/strong> (+18 for winning)\n|l|\u2606yuuuuuuuuuj\n","uploadtime":1681666142,"views":20,"p1id":"yuuuuuuuuuj","p2id":"donkk","formatid":"gen9vgc2023regulationc","rating":1139,"private":0,"password":""}