{"id":"gen9vgc2023regulationc-1860680761","p1":"Fastrodon","p2":"Flygon Ram","format":"[Gen 9] VGC 2023 Regulation C","log":"|j|\u2606Fastrodon\n|j|\u2606Flygon Ram\n|t:|1683665613\n|gametype|doubles\n|player|p1|Fastrodon|acetrainer-gen4dp|1164\n|player|p2|Flygon Ram|101|1225\n|teamsize|p1|6\n|teamsize|p2|6\n|gen|9\n|tier|[Gen 9] VGC 2023 Regulation C\n|rated|\n|rule|Species Clause: Limit one of each Pok\u00e9mon\n|rule|Item Clause: Limit one of each item\n|clearpoke\n|poke|p1|Wigglytuff, L50, F|\n|poke|p1|Stantler, L50, M|\n|poke|p1|Torkoal, L50, F|\n|poke|p1|Hariyama, L50, M|\n|poke|p1|Chien-Pao, L50|\n|poke|p1|Dragonite, L50, F|\n|poke|p2|Gholdengo, L50|\n|poke|p2|Iron Bundle, L50|\n|poke|p2|Mimikyu, L50, M|\n|poke|p2|Tauros-Paldea-Blaze, L50, M|\n|poke|p2|Maushold, L50|\n|poke|p2|Dragonite, L50, F|\n|teampreview|4\n|inactive|Battle timer is ON: inactive players will automatically lose when time's up. (requested by Fastrodon)\n|inactive|Fastrodon has 60 seconds left.\n|\n|t:|1683665653\n|start\n|switch|p1a: Wigglytuff|Wigglytuff, L50, F|100\/100\n|switch|p1b: Stantler|Stantler, L50, M|100\/100\n|switch|p2a: Gholdengo|Gholdengo, L50|100\/100\n|switch|p2b: Tauros|Tauros-Paldea-Blaze, L50, M|100\/100\n|-ability|p2b: Tauros|Intimidate|boost\n|-unboost|p1a: Wigglytuff|atk|1\n|-ability|p1a: Wigglytuff|Competitive|boost\n|-boost|p1a: Wigglytuff|spa|2\n|-enditem|p2b: Tauros|Mirror Herb\n|-boost|p2b: Tauros|spa|2|[from] item: Mirror Herb\n|-unboost|p1b: Stantler|atk|1\n|-ability|p1b: Stantler|Intimidate|boost\n|-unboost|p2a: Gholdengo|atk|1\n|-unboost|p2b: Tauros|atk|1\n|turn|1\n|\n|t:|1683665672\n|move|p1a: Wigglytuff|Protect|p1a: Wigglytuff\n|-singleturn|p1a: Wigglytuff|Protect\n|move|p2b: Tauros|Flare Blitz|p1a: Wigglytuff\n|-activate|p1a: Wigglytuff|move: Protect\n|move|p2a: Gholdengo|Make It Rain|p1a: Wigglytuff|[spread] p1b\n|-activate|p1a: Wigglytuff|move: Protect\n|-damage|p1b: Stantler|64\/100\n|-unboost|p2a: Gholdengo|spa|1\n|move|p1b: Stantler|Trick Room|p1b: Stantler\n|-fieldstart|move: Trick Room|[of] p1b: Stantler\n|\n|upkeep\n|turn|2\n|c|\u2606Flygon Ram|!dt skill swap\n|raw| Skill Swap<\/a><\/span> <\/span> Accuracy<\/em> \u2014<\/span> PP<\/em> 16<\/span> The user and the target trade Abilities.<\/span> <\/li> <\/li><\/ul>\n|raw|Priority:<\/font> 0 |  Gen:<\/font> 3 |  ✓ Bypasses Substitutes |  Z-Effect:<\/font> Speed +1 |  Target:<\/font> One Adjacent Pok\u00e9mon<\/font>\n\n|inactive|Fastrodon has 30 seconds left.\n|inactive|Flygon Ram has 30 seconds left.\n|\n|t:|1683665703\n|switch|p2b: Mimikyu|Mimikyu, L50, M|100\/100\n|move|p2a: Gholdengo|Protect|p2a: Gholdengo\n|-singleturn|p2a: Gholdengo|Protect\n|move|p1a: Wigglytuff|Dark Pulse|p2a: Gholdengo\n|-activate|p2a: Gholdengo|move: Protect\n|move|p1b: Stantler|Psyshock|p2b: Mimikyu\n|-activate|p2b: Mimikyu|ability: Disguise\n|-damage|p2b: Mimikyu|100\/100\n|detailschange|p2b: Mimikyu|Mimikyu-Busted, L50, M\n|-damage|p2b: Mimikyu|88\/100|[from] pokemon: Mimikyu-Busted\n|\n|upkeep\n|turn|3\n|inactive|Flygon Ram has 30 seconds left.\n|inactive|Flygon Ram has 20 seconds left.\n|\n|t:|1683665743\n|-terastallize|p1a: Wigglytuff|Fairy\n|move|p1b: Stantler|Helping Hand|p1a: Wigglytuff\n|-singleturn|p1a: Wigglytuff|Helping Hand|[of] p1b: Stantler\n|move|p1a: Wigglytuff|Dazzling Gleam|p2a: Gholdengo|[spread] p2a,p2b\n|-resisted|p2a: Gholdengo\n|-damage|p2a: Gholdengo|54\/100\n|-damage|p2b: Mimikyu|0 fnt\n|faint|p2b: Mimikyu\n|move|p2a: Gholdengo|Make It Rain|p1b: Stantler|[spread] p1a,p1b\n|-supereffective|p1a: Wigglytuff\n|-damage|p1a: Wigglytuff|28\/100\n|-damage|p1b: Stantler|42\/100\n|-unboost|p2a: Gholdengo|spa|1\n|\n|upkeep\n|inactive|Flygon Ram has 30 seconds left.\n|\n|t:|1683665769\n|switch|p2b: Dragonite|Dragonite, L50, F|100\/100\n|turn|4\n|inactive|Flygon Ram has 30 seconds left.\n|\n|t:|1683665800\n|move|p2a: Gholdengo|Protect|p2a: Gholdengo\n|-singleturn|p2a: Gholdengo|Protect\n|move|p1a: Wigglytuff|Dazzling Gleam|p2b: Dragonite|[spread] p2b\n|-activate|p2a: Gholdengo|move: Protect\n|-supereffective|p2b: Dragonite\n|-damage|p2b: Dragonite|5\/100\n|move|p1b: Stantler|Psyshock|p2b: Dragonite\n|-damage|p2b: Dragonite|0 fnt\n|faint|p2b: Dragonite\n|\n|upkeep\n|\n|t:|1683665814\n|switch|p2b: Tauros|Tauros-Paldea-Blaze, L50, M|100\/100\n|-ability|p2b: Tauros|Intimidate|boost\n|-unboost|p1a: Wigglytuff|atk|1\n|-ability|p1a: Wigglytuff|Competitive|boost\n|-boost|p1a: Wigglytuff|spa|2\n|-unboost|p1b: Stantler|atk|1\n|turn|5\n|\n|t:|1683665820\n|move|p2a: Gholdengo|Protect||[still]\n|-fail|p2a: Gholdengo\n|move|p2b: Tauros|Protect|p2b: Tauros\n|-singleturn|p2b: Tauros|Protect\n|move|p1a: Wigglytuff|Dark Pulse|p2a: Gholdengo\n|-supereffective|p2a: Gholdengo\n|-damage|p2a: Gholdengo|0 fnt\n|faint|p2a: Gholdengo\n|move|p1b: Stantler|Psyshock|p2b: Tauros\n|-activate|p2b: Tauros|move: Protect\n|\n|-fieldend|move: Trick Room\n|upkeep\n|turn|6\n|\n|t:|1683665838\n|-terastallize|p2b: Tauros|Water\n|move|p2b: Tauros|Flare Blitz|p1b: Stantler\n|-damage|p1b: Stantler|9\/100\n|-status|p1b: Stantler|brn\n|-damage|p2b: Tauros|90\/100|[from] Recoil\n|move|p1a: Wigglytuff|Dazzling Gleam|p2b: Tauros\n|-damage|p2b: Tauros|0 fnt\n|faint|p2b: Tauros\n|\n|win|Fastrodon\n|raw|Fastrodon's rating: 1164 → 1193<\/strong> (+29 for winning)\n|raw|Flygon Ram's rating: 1225 → 1196<\/strong> (-29 for losing)\n|l|\u2606Flygon Ram\n","uploadtime":1683665851,"views":18,"p1id":"fastrodon","p2id":"flygonram","formatid":"gen9vgc2023regulationc","rating":1193,"private":0,"password":""}