{"id":"gen9vgc2023regulationc-1849314030","p1":"ThePyre","p2":"PSNOfficial","format":"[Gen 9] VGC 2023 Regulation C","log":"|j|\u2606ThePyre\n|j|\u2606PSNOfficial\n|t:|1682184850\n|gametype|doubles\n|player|p1|ThePyre|2|1299\n|player|p2|PSNOfficial|169|1329\n|teamsize|p1|6\n|teamsize|p2|6\n|gen|9\n|tier|[Gen 9] VGC 2023 Regulation C\n|rated|\n|rule|Species Clause: Limit one of each Pok\u00e9mon\n|rule|Item Clause: Limit one of each item\n|clearpoke\n|poke|p1|Lucario, L50, F|\n|poke|p1|Gengar, L50, M|\n|poke|p1|Roaring Moon, L50|\n|poke|p1|Iron Hands, L50|\n|poke|p1|Staraptor, L50, F|\n|poke|p1|Weavile, L50, M|\n|poke|p2|Ting-Lu, L50|\n|poke|p2|Klefki, L50, M|\n|poke|p2|Torkoal, L50, F|\n|poke|p2|Iron Hands, L50|\n|poke|p2|Flutter Mane, L50|\n|poke|p2|Brute Bonnet, L50|\n|teampreview|4\n|inactive|Battle timer is ON: inactive players will automatically lose when time's up. (requested by ThePyre)\n|inactive|PSNOfficial has 60 seconds left.\n|\n|t:|1682184892\n|start\n|switch|p1a: Gengar|Gengar, L50, M|100\/100\n|switch|p1b: Lucario|Lucario, L50, F|100\/100\n|switch|p2a: Shiro|Iron Hands, L50|100\/100\n|switch|p2b: Kile|Klefki, L50, M|100\/100\n|turn|1\n|inactive|ThePyre has 30 seconds left.\n|\n|t:|1682184920\n|move|p1a: Gengar|Shadow Ball|p2a: Shiro\n|-damage|p2a: Shiro|70\/100\n|move|p1b: Lucario|Swords Dance|p1b: Lucario\n|-boost|p1b: Lucario|atk|2\n|move|p2a: Shiro|Swords Dance|p2a: Shiro\n|-boost|p2a: Shiro|atk|2\n|move|p2b: Kile|Trick Room|p2b: Kile\n|-fieldstart|move: Trick Room|[of] p2b: Kile\n|\n|upkeep\n|turn|2\n|\n|t:|1682184939\n|move|p1b: Lucario|Protect|p1b: Lucario\n|-singleturn|p1b: Lucario|Protect\n|move|p2b: Kile|Light Screen|p2b: Kile\n|-sidestart|p2: PSNOfficial|move: Light Screen\n|move|p2a: Shiro|Drain Punch|p1b: Lucario\n|-activate|p1b: Lucario|move: Protect\n|move|p1a: Gengar|Shadow Ball|p2a: Shiro\n|-damage|p2a: Shiro|50\/100\n|\n|upkeep\n|turn|3\n|\n|t:|1682184953\n|-terastallize|p1b: Lucario|Normal\n|move|p1b: Lucario|Extreme Speed|p2a: Shiro\n|-damage|p2a: Shiro|0 fnt\n|faint|p2a: Shiro\n|-end|p2a: Shiro|Quark Drive|[silent]\n|-damage|p1b: Lucario|91\/100|[from] item: Life Orb\n|move|p2b: Kile|Reflect|p2b: Kile\n|-sidestart|p2: PSNOfficial|Reflect\n|move|p1a: Gengar|Shadow Ball|p2b: Kile\n|-damage|p2b: Kile|68\/100\n|\n|upkeep\n|\n|t:|1682184968\n|switch|p2a: Art|Torkoal, L50, F|100\/100\n|-weather|SunnyDay|[from] ability: Drought|[of] p2a: Art\n|turn|4\n|\n|t:|1682184977\n|switch|p1a: Iron Hands|Iron Hands, L50|100\/100\n|move|p1b: Lucario|Extreme Speed|p2a: Art\n|-damage|p2a: Art|38\/100\n|-damage|p1b: Lucario|81\/100|[from] item: Life Orb\n|move|p2a: Art|Will-O-Wisp|p1b: Lucario\n|-status|p1b: Lucario|brn\n|move|p2b: Kile|Dazzling Gleam|p1b: Lucario|[spread] p1a,p1b\n|-supereffective|p1a: Iron Hands\n|-damage|p1a: Iron Hands|82\/100\n|-damage|p1b: Lucario|58\/100 brn\n|\n|-weather|SunnyDay|[upkeep]\n|-damage|p1b: Lucario|51\/100 brn|[from] brn\n|upkeep\n|turn|5\n|\n|t:|1682185001\n|move|p2a: Art|Protect|p2a: Art\n|-singleturn|p2a: Art|Protect\n|move|p1a: Iron Hands|Fake Out|p2b: Kile\n|-resisted|p2b: Kile\n|-damage|p2b: Kile|62\/100\n|move|p1b: Lucario|Extreme Speed|p2a: Art\n|-activate|p2a: Art|move: Protect\n|cant|p2b: Kile|flinch\n|\n|-weather|SunnyDay|[upkeep]\n|-damage|p1b: Lucario|45\/100 brn|[from] brn\n|-fieldend|move: Trick Room\n|upkeep\n|turn|6\n|\n|t:|1682185019\n|move|p1b: Lucario|Extreme Speed|p2a: Art\n|-damage|p2a: Art|10\/100\n|-damage|p1b: Lucario|36\/100 brn|[from] item: Life Orb\n|move|p1a: Iron Hands|Wild Charge|p2b: Kile\n|-damage|p2b: Kile|25\/100\n|-damage|p1a: Iron Hands|76\/100|[from] Recoil\n|move|p2a: Art|Will-O-Wisp|p1a: Iron Hands\n|-status|p1a: Iron Hands|brn\n|move|p2b: Kile|Trick Room|p2b: Kile\n|-fieldstart|move: Trick Room|[of] p2b: Kile\n|\n|-weather|SunnyDay|[upkeep]\n|-damage|p1a: Iron Hands|70\/100 brn|[from] brn\n|-damage|p1b: Lucario|29\/100 brn|[from] brn\n|upkeep\n|turn|7\n|\n|t:|1682185044\n|move|p2a: Art|Helping Hand|p2b: Kile\n|-singleturn|p2b: Kile|Helping Hand|[of] p2a: Art\n|move|p1b: Lucario|Extreme Speed|p2a: Art\n|-damage|p2a: Art|0 fnt\n|faint|p2a: Art\n|-damage|p1b: Lucario|20\/100 brn|[from] item: Life Orb\n|move|p1a: Iron Hands|Wild Charge|p2b: Kile\n|-damage|p2b: Kile|6\/100\n|-damage|p1a: Iron Hands|68\/100 brn|[from] Recoil\n|move|p2b: Kile|Dazzling Gleam|p1a: Iron Hands|[spread] p1a,p1b\n|-supereffective|p1a: Iron Hands\n|-damage|p1a: Iron Hands|39\/100 brn\n|-damage|p1b: Lucario|0 fnt\n|faint|p1b: Lucario\n|\n|-weather|SunnyDay|[upkeep]\n|-damage|p1a: Iron Hands|33\/100 brn|[from] brn\n|upkeep\n|\n|t:|1682185064\n|switch|p2a: Lu Ten|Ting-Lu, L50|100\/100\n|switch|p1b: Gengar|Gengar, L50, M|100\/100\n|-ability|p2a: Lu Ten|Vessel of Ruin\n|turn|8\n|\n|t:|1682185089\n|-end|p1a: Iron Hands|Quark Drive|[silent]\n|switch|p1a: Roaring Moon|Roaring Moon, L50|100\/100\n|-activate|p1a: Roaring Moon|ability: Protosynthesis\n|-start|p1a: Roaring Moon|protosynthesisspe\n|move|p2a: Lu Ten|Stomping Tantrum|p1b: Gengar\n|-supereffective|p1b: Gengar\n|-damage|p1b: Gengar|0 fnt\n|faint|p1b: Gengar\n|move|p2b: Kile|Dazzling Gleam|p1a: Roaring Moon\n|-supereffective|p1a: Roaring Moon\n|-damage|p1a: Roaring Moon|35\/100\n|\n|-weather|SunnyDay|[upkeep]\n|upkeep\n|\n|t:|1682185101\n|switch|p1b: Iron Hands|Iron Hands, L50|33\/100 brn\n|turn|9\n|inactive|ThePyre has 30 seconds left.\n|\n|t:|1682185132\n|move|p1a: Roaring Moon|Protect|p1a: Roaring Moon\n|-singleturn|p1a: Roaring Moon|Protect\n|move|p1b: Iron Hands|Fake Out|p2b: Kile\n|-resisted|p2b: Kile\n|-damage|p2b: Kile|4\/100\n|move|p2a: Lu Ten|Stomping Tantrum|p1a: Roaring Moon\n|-activate|p1a: Roaring Moon|move: Protect\n|cant|p2b: Kile|flinch\n|\n|-weather|SunnyDay|[upkeep]\n|-damage|p1b: Iron Hands|27\/100 brn|[from] brn\n|-sideend|p2: PSNOfficial|move: Light Screen\n|upkeep\n|turn|10\n|inactive|PSNOfficial has 30 seconds left.\n|-message|ThePyre forfeited.\n|\n|win|PSNOfficial\n|raw|ThePyre's rating: 1299 → 1276<\/strong> (-23 for losing)\n|raw|PSNOfficial's rating: 1329 → 1347<\/strong> (+18 for winning)\n|l|\u2606ThePyre\n","uploadtime":1682185166,"views":5,"p1id":"thepyre","p2id":"psnofficial","formatid":"gen9vgc2023regulationc","rating":1276,"private":0,"password":""}