{"id":"gen9vgc2023regulationc-1851622256","p1":"alenesse","p2":"W!2P!N","format":"[Gen 9] VGC 2023 Regulation C","log":"|j|\u2606alenesse\n|j|\u2606W!2P!N\n|t:|1682462289\n|gametype|doubles\n|player|p1|alenesse|blue|1162\n|player|p2|W!2P!N|102|1194\n|teamsize|p1|6\n|teamsize|p2|6\n|gen|9\n|tier|[Gen 9] VGC 2023 Regulation C\n|rated|\n|rule|Species Clause: Limit one of each Pok\u00e9mon\n|rule|Item Clause: Limit one of each item\n|clearpoke\n|poke|p1|Arcanine, L50, F|\n|poke|p1|Amoonguss, L50, M|\n|poke|p1|Wo-Chien, L50|\n|poke|p1|Glimmora, L50, F|\n|poke|p1|Gyarados, L50, F|\n|poke|p1|Dragapult, L50, M|\n|poke|p2|Toxicroak, L50, F|\n|poke|p2|Flutter Mane, L50|\n|poke|p2|Arcanine, L50, F|\n|poke|p2|Dragonite, L50, M|\n|poke|p2|Ting-Lu, L50|\n|poke|p2|Amoonguss, L50, M|\n|teampreview|4\n|inactive|Battle timer is ON: inactive players will automatically lose when time's up. (requested by W!2P!N)\n|\n|t:|1682462306\n|start\n|switch|p1a: Gyarados|Gyarados, L50, F|100\/100\n|switch|p1b: Glimmora|Glimmora, L50, F|100\/100\n|switch|p2a: Flutter Mane|Flutter Mane, L50|100\/100\n|switch|p2b: Eternal|Amoonguss, L50, M, shiny|100\/100\n|-ability|p1a: Gyarados|Intimidate|boost\n|-unboost|p2a: Flutter Mane|atk|1\n|-unboost|p2b: Eternal|atk|1\n|turn|1\n|\n|t:|1682462319\n|switch|p1a: Wo-Chien|Wo-Chien, L50|100\/100\n|-ability|p1a: Wo-Chien|Tablets of Ruin\n|move|p2a: Flutter Mane|Thunderbolt|p1a: Wo-Chien\n|-resisted|p1a: Wo-Chien\n|-damage|p1a: Wo-Chien|89\/100\n|move|p1b: Glimmora|Mortal Spin|p2a: Flutter Mane|[spread] p2a,p2b\n|-damage|p2a: Flutter Mane|94\/100\n|-damage|p2b: Eternal|97\/100\n|-status|p2a: Flutter Mane|psn\n|-status|p2b: Eternal|psn\n|move|p2b: Eternal|Spore|p1b: Glimmora\n|-status|p1b: Glimmora|slp|[from] move: Spore\n|\n|-heal|p1a: Wo-Chien|95\/100|[from] item: Leftovers\n|-damage|p2a: Flutter Mane|82\/100 psn|[from] psn\n|-damage|p2b: Eternal|85\/100 psn|[from] psn\n|upkeep\n|turn|2\n|\n|t:|1682462336\n|-end|p2a: Flutter Mane|Protosynthesis|[silent]\n|switch|p2a: Dragonite|Dragonite, L50, M|100\/100\n|cant|p1b: Glimmora|slp\n|move|p1a: Wo-Chien|Leech Seed|p2a: Dragonite\n|-start|p2a: Dragonite|move: Leech Seed\n|move|p2b: Eternal|Pollen Puff|p1a: Wo-Chien\n|-supereffective|p1a: Wo-Chien\n|-damage|p1a: Wo-Chien|49\/100\n|\n|-heal|p1a: Wo-Chien|55\/100|[from] item: Leftovers\n|-damage|p2a: Dragonite|88\/100|[from] Leech Seed|[of] p1a: Wo-Chien\n|-heal|p1a: Wo-Chien|67\/100|[silent]\n|-damage|p2b: Eternal|73\/100 psn|[from] psn\n|upkeep\n|turn|3\n|\n|t:|1682462352\n|switch|p2b: Flutter Mane|Flutter Mane, L50|82\/100 psn\n|move|p1a: Wo-Chien|Protect|p1a: Wo-Chien\n|-singleturn|p1a: Wo-Chien|Protect\n|cant|p1b: Glimmora|slp\n|move|p2a: Dragonite|Iron Head|p1b: Glimmora\n|-supereffective|p1b: Glimmora\n|-damage|p1b: Glimmora|25\/100 slp\n|-damage|p2a: Dragonite|78\/100|[from] item: Life Orb\n|\n|-heal|p1a: Wo-Chien|73\/100|[from] item: Leftovers\n|-damage|p2a: Dragonite|66\/100|[from] Leech Seed|[of] p1a: Wo-Chien\n|-heal|p1a: Wo-Chien|85\/100|[silent]\n|-damage|p2b: Flutter Mane|70\/100 psn|[from] psn\n|upkeep\n|turn|4\n|\n|t:|1682462368\n|-terastallize|p2a: Dragonite|Flying\n|move|p2b: Flutter Mane|Shadow Ball|p1b: Glimmora\n|-damage|p1b: Glimmora|0 fnt\n|faint|p1b: Glimmora\n|move|p2a: Dragonite|Tera Blast|p1a: Wo-Chien\n|-supereffective|p1a: Wo-Chien\n|-damage|p1a: Wo-Chien|0 fnt\n|faint|p1a: Wo-Chien\n|-damage|p2a: Dragonite|56\/100|[from] item: Life Orb\n|\n|-damage|p2b: Flutter Mane|58\/100 psn|[from] psn\n|upkeep\n|\n|t:|1682462373\n|switch|p1b: Gyarados|Gyarados, L50, F|100\/100\n|switch|p1a: Dragapult|Dragapult, L50, M|100\/100\n|-ability|p1b: Gyarados|Intimidate|boost\n|-fail|p2a: Dragonite|unboost|Attack|[from] ability: Inner Focus|[of] p2a: Dragonite\n|-unboost|p2b: Flutter Mane|atk|1\n|turn|5\n|\n|t:|1682462396\n|-terastallize|p1b: Gyarados|Fire\n|move|p1a: Dragapult|Shadow Ball|p2a: Dragonite\n|-damage|p2a: Dragonite|12\/100\n|move|p2b: Flutter Mane|Shadow Ball|p1a: Dragapult\n|-supereffective|p1a: Dragapult\n|-damage|p1a: Dragapult|0 fnt\n|faint|p1a: Dragapult\n|move|p1b: Gyarados|Dragon Dance|p1b: Gyarados\n|-boost|p1b: Gyarados|atk|1\n|-boost|p1b: Gyarados|spe|1\n|move|p2a: Dragonite|Dragon Claw|p1b: Gyarados\n|-damage|p1b: Gyarados|13\/100\n|-damage|p2a: Dragonite|3\/100|[from] item: Life Orb\n|\n|-damage|p2b: Flutter Mane|46\/100 psn|[from] psn\n|upkeep\n|turn|6\n|\n|t:|1682462410\n|move|p1b: Gyarados|Protect|p1b: Gyarados\n|-singleturn|p1b: Gyarados|Protect\n|move|p2a: Dragonite|Extreme Speed|p1b: Gyarados\n|-activate|p1b: Gyarados|move: Protect\n|move|p2b: Flutter Mane|Shadow Ball|p1b: Gyarados\n|-activate|p1b: Gyarados|move: Protect\n|\n|-damage|p2b: Flutter Mane|34\/100 psn|[from] psn\n|upkeep\n|turn|7\n|c|\u2606W!2P!N|Gg\n|-message|alenesse forfeited.\n|\n|win|W!2P!N\n|raw|alenesse's rating: 1162 → 1139<\/strong> (-23 for losing)\n|raw|W!2P!N's rating: 1194 → 1217<\/strong> (+23 for winning)\n|l|\u2606alenesse\n","uploadtime":1682462426,"views":15,"p1id":"alenesse","p2id":"w2pn","formatid":"gen9vgc2023regulationc","rating":1139,"private":0,"password":""}