{"id":"gen9vgc2023regulationc-1859895697","p1":"feetway","p2":"Dragopult124","format":"[Gen 9] VGC 2023 Regulation C","log":"|j|\u2606feetway\n|j|\u2606Dragopult124\n|t:|1683573658\n|gametype|doubles\n|player|p1|feetway|veteran-gen4|1124\n|player|p2|Dragopult124|266|1231\n|teamsize|p1|6\n|teamsize|p2|5\n|gen|9\n|tier|[Gen 9] VGC 2023 Regulation C\n|rated|\n|rule|Species Clause: Limit one of each Pok\u00e9mon\n|rule|Item Clause: Limit one of each item\n|clearpoke\n|poke|p1|Iron Hands, L50|\n|poke|p1|Amoonguss, L50, F|\n|poke|p1|Pelipper, L50, F|\n|poke|p1|Palafin, L50, F|\n|poke|p1|Baxcalibur, L50, F|\n|poke|p1|Dragonite, L50, F|\n|poke|p2|Volcarona, L50, F|\n|poke|p2|Baxcalibur, L50, M|\n|poke|p2|Flutter Mane, L50|\n|poke|p2|Corviknight, L50, F|\n|poke|p2|Chi-Yu, L50|\n|teampreview|4\nfeetway rejected open team sheets.\n|inactive|Battle timer is ON: inactive players will automatically lose when time's up. (requested by Dragopult124)\n|\n|t:|1683573694\n|start\n|switch|p1a: Shrom41Mor|Amoonguss, L50, F|100\/100\n|switch|p1b: Maradona|Iron Hands, L50, shiny|100\/100\n|switch|p2a: Darwin|Chi-Yu, L50|100\/100\n|switch|p2b: Corviknight|Corviknight, L50, F|100\/100\n|-ability|p2a: Darwin|Beads of Ruin\n|turn|1\n|\n|t:|1683573715\n|move|p2a: Darwin|Protect|p2a: Darwin\n|-singleturn|p2a: Darwin|Protect\n|move|p1a: Shrom41Mor|Rage Powder|p1a: Shrom41Mor\n|-singleturn|p1a: Shrom41Mor|move: Rage Powder\n|move|p2b: Corviknight|Taunt|p1a: Shrom41Mor\n|-start|p1a: Shrom41Mor|move: Taunt\n|move|p1b: Maradona|Wild Charge|p2b: Corviknight\n|-supereffective|p2b: Corviknight\n|-damage|p2b: Corviknight|20\/100\n|-damage|p1b: Maradona|84\/100|[from] Recoil\n|\n|upkeep\n|turn|2\n|\n|t:|1683573736\n|switch|p1a: Torqoise|Palafin, L50, F|100\/100\n|move|p2a: Darwin|Heat Wave|p1b: Maradona|[spread] p1a,p1b\n|-resisted|p1a: Torqoise\n|-damage|p1a: Torqoise|69\/100\n|-damage|p1b: Maradona|61\/100\n|move|p2b: Corviknight|Roost|p2b: Corviknight\n|-heal|p2b: Corviknight|71\/100\n|-singleturn|p2b: Corviknight|move: Roost\n|move|p1b: Maradona|Volt Switch|p2b: Corviknight\n|-damage|p2b: Corviknight|56\/100\n|\n|t:|1683573753\n|-end|p1b: Maradona|Quark Drive|[silent]\n|switch|p1b: BlockBuster|Baxcalibur, L50, F|100\/100|[from] Volt Switch\n|\n|upkeep\n|turn|3\n|inactive|Dragopult124 has 30 seconds left.\n|\n|t:|1683573779\n|detailschange|p1a: Torqoise|Palafin-Hero, L50, F\n|switch|p1a: Maradona|Iron Hands, L50, shiny|61\/100\n|move|p2a: Darwin|Protect|p2a: Darwin\n|-singleturn|p2a: Darwin|Protect\n|move|p1b: BlockBuster|Glaive Rush|p2a: Darwin\n|-activate|p2a: Darwin|move: Protect\n|move|p2b: Corviknight|Tailwind|p2b: Corviknight\n|-sidestart|p2: Dragopult124|move: Tailwind\n|\n|upkeep\n|turn|4\n|\n|t:|1683573802\n|switch|p2a: Flutter Mane|Flutter Mane, L50|100\/100\n|-enditem|p2a: Flutter Mane|Booster Energy\n|-activate|p2a: Flutter Mane|ability: Protosynthesis|[fromitem]\n|-start|p2a: Flutter Mane|protosynthesisspa\n|move|p1a: Maradona|Fake Out|p2b: Corviknight\n|-resisted|p2b: Corviknight\n|-damage|p2b: Corviknight|49\/100\n|cant|p2b: Corviknight|flinch\n|move|p1b: BlockBuster|Glaive Rush|p2a: Flutter Mane\n|-immune|p2a: Flutter Mane\n|\n|upkeep\n|turn|5\n|\n|t:|1683573825\n|-end|p1a: Maradona|Quark Drive|[silent]\n|switch|p1a: Shrom41Mor|Amoonguss, L50, F|100\/100\n|-terastallize|p1b: BlockBuster|Poison\n|move|p2a: Flutter Mane|Dazzling Gleam|p1a: Shrom41Mor|[spread] p1a,p1b\n|-resisted|p1a: Shrom41Mor\n|-resisted|p1b: BlockBuster\n|-damage|p1a: Shrom41Mor|85\/100\n|-damage|p1b: BlockBuster|84\/100\n|move|p2b: Corviknight|Brave Bird|p1a: Shrom41Mor\n|-supereffective|p1a: Shrom41Mor\n|-damage|p1a: Shrom41Mor|8\/100\n|-enditem|p1a: Shrom41Mor|Sitrus Berry|[eat]\n|-heal|p1a: Shrom41Mor|33\/100|[from] item: Sitrus Berry\n|-damage|p2b: Corviknight|22\/100|[from] Recoil\n|move|p1b: BlockBuster|Icicle Crash|p2a: Flutter Mane\n|-damage|p2a: Flutter Mane|31\/100\n|\n|upkeep\n|turn|6\n|inactive|Dragopult124 has 30 seconds left.\n|\n|t:|1683573857\n|switch|p1a: Maradona|Iron Hands, L50, shiny|61\/100\n|move|p2a: Flutter Mane|Protect|p2a: Flutter Mane\n|-singleturn|p2a: Flutter Mane|Protect\n|move|p1b: BlockBuster|Ice Shard|p2a: Flutter Mane\n|-activate|p2a: Flutter Mane|move: Protect\n|move|p2b: Corviknight|Brave Bird|p1a: Maradona\n|-damage|p1a: Maradona|34\/100\n|-damage|p2b: Corviknight|11\/100|[from] Recoil\n|\n|-sideend|p2: Dragopult124|move: Tailwind\n|upkeep\n|turn|7\n|\n|t:|1683573879\n|-end|p2a: Flutter Mane|Protosynthesis|[silent]\n|switch|p2a: Volcarona|Volcarona, L50, F|100\/100\n|move|p1a: Maradona|Fake Out|p2b: Corviknight\n|-resisted|p2b: Corviknight\n|-damage|p2b: Corviknight|5\/100\n|move|p1b: BlockBuster|Ice Shard|p2a: Volcarona\n|-resisted|p2a: Volcarona\n|-crit|p2a: Volcarona\n|-damage|p2a: Volcarona|82\/100\n|cant|p2b: Corviknight|flinch\n|\n|upkeep\n|turn|8\n|\n|t:|1683573899\n|move|p1b: BlockBuster|Ice Shard|p2b: Corviknight\n|-damage|p2b: Corviknight|0 fnt\n|faint|p2b: Corviknight\n|move|p2a: Volcarona|Overheat|p1a: Maradona\n|-damage|p1a: Maradona|4\/100\n|-unboost|p2a: Volcarona|spa|2\n|move|p1a: Maradona|Volt Switch|p2a: Volcarona\n|-damage|p2a: Volcarona|70\/100\n|\n|t:|1683573911\n|-end|p1a: Maradona|Quark Drive|[silent]\n|switch|p1a: Torqoise|Palafin-Hero, L50, F|69\/100|[from] Volt Switch\n|-activate|p1a: Torqoise|ability: Zero to Hero\n|\n|upkeep\n|\n|t:|1683573917\n|switch|p2b: Darwin|Chi-Yu, L50|100\/100\n|-ability|p2b: Darwin|Beads of Ruin\n|turn|9\n|\n|t:|1683573939\n|-terastallize|p2b: Darwin|Grass\n|move|p1b: BlockBuster|Protect|p1b: BlockBuster\n|-singleturn|p1b: BlockBuster|Protect\n|move|p2a: Volcarona|Rage Powder|p2a: Volcarona\n|-singleturn|p2a: Volcarona|move: Rage Powder\n|move|p1a: Torqoise|Jet Punch|p2a: Volcarona\n|-supereffective|p2a: Volcarona\n|-damage|p2a: Volcarona|0 fnt\n|-damage|p1a: Torqoise|52\/100|[from] item: Rocky Helmet|[of] p2a: Volcarona\n|faint|p2a: Volcarona\n|move|p2b: Darwin|Tera Blast|p1a: Torqoise\n|-supereffective|p1a: Torqoise\n|-damage|p1a: Torqoise|0 fnt\n|faint|p1a: Torqoise\n|\n|upkeep\n|\n|t:|1683573956\n|switch|p2a: Flutter Mane|Flutter Mane, L50|31\/100\n|switch|p1a: Maradona|Iron Hands, L50, shiny|4\/100\n|turn|10\n|\n|t:|1683573962\n|move|p2a: Flutter Mane|Protect|p2a: Flutter Mane\n|-singleturn|p2a: Flutter Mane|Protect\n|move|p2b: Darwin|Protect|p2b: Darwin\n|-singleturn|p2b: Darwin|Protect\n|move|p1a: Maradona|Fake Out|p2b: Darwin\n|-activate|p2b: Darwin|move: Protect\n|move|p1b: BlockBuster|Ice Shard|p2a: Flutter Mane\n|-activate|p2a: Flutter Mane|move: Protect\n|\n|upkeep\n|turn|11\n|\n|t:|1683573986\n|-end|p1a: Maradona|Quark Drive|[silent]\n|switch|p1a: Shrom41Mor|Amoonguss, L50, F|66\/100\n|move|p2a: Flutter Mane|Shadow Ball|p1a: Shrom41Mor\n|-crit|p1a: Shrom41Mor\n|-damage|p1a: Shrom41Mor|9\/100\n|move|p2b: Darwin|Dark Pulse|p1b: BlockBuster\n|-damage|p1b: BlockBuster|38\/100\n|move|p1b: BlockBuster|Icicle Crash|p2b: Darwin\n|-supereffective|p2b: Darwin\n|-crit|p2b: Darwin\n|-damage|p2b: Darwin|0 fnt\n|faint|p2b: Darwin\n|\n|upkeep\n|turn|12\n|-message|Dragopult124 forfeited.\n|\n|win|feetway\n|raw|feetway's rating: 1124 → 1156<\/strong> (+32 for winning)\n|raw|Dragopult124's rating: 1231 → 1199<\/strong> (-32 for losing)\n|l|\u2606Dragopult124\n","uploadtime":1683574028,"views":8,"p1id":"feetway","p2id":"dragopult124","formatid":"gen9vgc2023regulationc","rating":1156,"private":0,"password":""}