{"id":"gen9vgc2023regulationc-1856229943","p1":"FlockOfDeagles","p2":"zhongqiu","format":"[Gen 9] VGC 2023 Regulation C","log":"|j|\u2606FlockOfDeagles\n|j|\u2606zhongqiu\n|t:|1683042832\n|gametype|doubles\n|player|p1|FlockOfDeagles|chuck|1073\n|player|p2|zhongqiu|dawn|1142\n|teamsize|p1|6\n|teamsize|p2|6\n|gen|9\n|tier|[Gen 9] VGC 2023 Regulation C\n|rated|\n|rule|Species Clause: Limit one of each Pok\u00e9mon\n|rule|Item Clause: Limit one of each item\n|clearpoke\n|poke|p1|Abomasnow, L50, F|\n|poke|p1|Iron Bundle, L50|\n|poke|p1|Chi-Yu, L50|\n|poke|p1|Flutter Mane, L50|\n|poke|p1|Gyarados, L50, F|\n|poke|p1|Garchomp, L50, M|\n|poke|p2|Pincurchin, L50, F|\n|poke|p2|Iron Treads, L50|\n|poke|p2|Iron Hands, L50|\n|poke|p2|Iron Bundle, L50|\n|poke|p2|Iron Jugulis, L50|\n|poke|p2|Iron Valiant, L50|\n|teampreview|4\n|inactive|Battle timer is ON: inactive players will automatically lose when time's up. (requested by FlockOfDeagles)\n|inactive|zhongqiu also wants the timer to be on.\n|inactive|FlockOfDeagles has 60 seconds left.\n|inactive|zhongqiu has 60 seconds left.\n|\n|t:|1683042875\n|start\n|switch|p1a: OlBamaSnowden|Abomasnow, L50, F|100\/100\n|switch|p1b: MyBallsCold|Iron Bundle, L50|100\/100\n|switch|p2a: Pincurchin|Pincurchin, L50, F|100\/100\n|switch|p2b: Iron Hands|Iron Hands, L50|100\/100\n|-weather|Snow|[from] ability: Snow Warning|[of] p1a: OlBamaSnowden\n|-fieldstart|move: Electric Terrain|[from] ability: Electric Surge|[of] p2a: Pincurchin\n|-activate|p1b: MyBallsCold|ability: Quark Drive\n|-start|p1b: MyBallsCold|quarkdrivespe\n|-activate|p2b: Iron Hands|ability: Quark Drive\n|-start|p2b: Iron Hands|quarkdriveatk\n|turn|1\n|inactive|FlockOfDeagles has 30 seconds left.\n|inactive|zhongqiu has 30 seconds left.\n|\n|t:|1683042903\n|move|p1b: MyBallsCold|Aurora Veil|p1b: MyBallsCold\n|-sidestart|p1: FlockOfDeagles|move: Aurora Veil\n|move|p1a: OlBamaSnowden|Blizzard|p2a: Pincurchin|[spread] p2a,p2b\n|-damage|p2a: Pincurchin|42\/100\n|-damage|p2b: Iron Hands|79\/100\n|-damage|p1a: OlBamaSnowden|91\/100|[from] item: Life Orb\n|move|p2b: Iron Hands|Close Combat|p1b: MyBallsCold\n|-supereffective|p1b: MyBallsCold\n|-damage|p1b: MyBallsCold|0 fnt\n|-unboost|p2b: Iron Hands|def|1\n|-unboost|p2b: Iron Hands|spd|1\n|faint|p1b: MyBallsCold\n|-end|p1b: MyBallsCold|Quark Drive|[silent]\n|move|p2a: Pincurchin|Zing Zap|p1a: OlBamaSnowden\n|-resisted|p1a: OlBamaSnowden\n|-damage|p1a: OlBamaSnowden|79\/100\n|\n|-weather|Snow|[upkeep]\n|upkeep\n|\n|t:|1683042919\n|switch|p1b: Gary Chompers|Garchomp, L50, M|100\/100\n|turn|2\n|\n|t:|1683042943\n|move|p1b: Gary Chompers|Protect|p1b: Gary Chompers\n|-singleturn|p1b: Gary Chompers|Protect\n|move|p2a: Pincurchin|Protect|p2a: Pincurchin\n|-singleturn|p2a: Pincurchin|Protect\n|move|p1a: OlBamaSnowden|Giga Drain|p2b: Iron Hands\n|-damage|p2b: Iron Hands|46\/100\n|-heal|p1a: OlBamaSnowden|99\/100|[from] drain|[of] p2b: Iron Hands\n|-damage|p1a: OlBamaSnowden|90\/100|[from] item: Life Orb\n|move|p2b: Iron Hands|Volt Switch|p1a: OlBamaSnowden\n|-resisted|p1a: OlBamaSnowden\n|-damage|p1a: OlBamaSnowden|84\/100\n|\n|t:|1683042959\n|-end|p2b: Iron Hands|Quark Drive|[silent]\n|switch|p2b: Iron Valiant|Iron Valiant, L50|100\/100|[from] Volt Switch\n|-activate|p2b: Iron Valiant|ability: Quark Drive\n|-start|p2b: Iron Valiant|quarkdrivespe\n|\n|-weather|Snow|[upkeep]\n|upkeep\n|turn|3\n|\n|t:|1683042981\n|-terastallize|p1b: Gary Chompers|Ground\n|move|p1a: OlBamaSnowden|Helping Hand|p1b: Gary Chompers\n|-singleturn|p1b: Gary Chompers|Helping Hand|[of] p1a: OlBamaSnowden\n|move|p2a: Pincurchin|Sucker Punch|p1b: Gary Chompers\n|-damage|p1b: Gary Chompers|84\/100\n|-damage|p2a: Pincurchin|30\/100|[from] ability: Rough Skin|[of] p1b: Gary Chompers\n|move|p2b: Iron Valiant|Dazzling Gleam|p1a: OlBamaSnowden|[spread] p1a,p1b\n|-damage|p1a: OlBamaSnowden|65\/100\n|-damage|p1b: Gary Chompers|62\/100\n|move|p1b: Gary Chompers|Earthquake|p2b: Iron Valiant|[spread] p1a,p2a,p2b\n|-resisted|p1a: OlBamaSnowden\n|-supereffective|p2a: Pincurchin\n|-damage|p1a: OlBamaSnowden|45\/100\n|-damage|p2a: Pincurchin|0 fnt\n|-damage|p2b: Iron Valiant|0 fnt\n|faint|p2a: Pincurchin\n|faint|p2b: Iron Valiant\n|-end|p2b: Iron Valiant|Quark Drive|[silent]\n|\n|-weather|Snow|[upkeep]\n|upkeep\n|\n|t:|1683042998\n|switch|p2b: Iron Hands|Iron Hands, L50|46\/100\n|switch|p2a: Iron Treads|Iron Treads, L50|100\/100\n|-activate|p2a: Iron Treads|ability: Quark Drive\n|-start|p2a: Iron Treads|quarkdrivespe\n|-activate|p2b: Iron Hands|ability: Quark Drive\n|-start|p2b: Iron Hands|quarkdriveatk\n|turn|4\n|\n|t:|1683043018\n|move|p2b: Iron Hands|Fake Out|p1b: Gary Chompers\n|-damage|p1b: Gary Chompers|49\/100\n|-damage|p2b: Iron Hands|34\/100|[from] ability: Rough Skin|[of] p1b: Gary Chompers\n|move|p2a: Iron Treads|Iron Head|p1a: OlBamaSnowden\n|-supereffective|p1a: OlBamaSnowden\n|-damage|p1a: OlBamaSnowden|0 fnt\n|faint|p1a: OlBamaSnowden\n|-damage|p2a: Iron Treads|91\/100|[from] item: Life Orb\n|cant|p1b: Gary Chompers|flinch\n|\n|-weather|Snow|[upkeep]\n|upkeep\n|\n|t:|1683043030\n|switch|p1a: Got In My Eyes|Chi-Yu, L50|100\/100\n|-ability|p1a: Got In My Eyes|Beads of Ruin\n|turn|5\n|\n|t:|1683043050\n|-terastallize|p2a: Iron Treads|Ground\n|move|p1b: Gary Chompers|Protect|p1b: Gary Chompers\n|-singleturn|p1b: Gary Chompers|Protect\n|move|p2a: Iron Treads|Earthquake|p1a: Got In My Eyes|[spread] p2b,p1a\n|-activate|p1b: Gary Chompers|move: Protect\n|-supereffective|p2b: Iron Hands\n|-supereffective|p1a: Got In My Eyes\n|-damage|p2b: Iron Hands|0 fnt\n|-damage|p1a: Got In My Eyes|0 fnt\n|faint|p2b: Iron Hands\n|-end|p2b: Iron Hands|Quark Drive|[silent]\n|faint|p1a: Got In My Eyes\n|-damage|p2a: Iron Treads|81\/100|[from] item: Life Orb\n|\n|-weather|none\n|-sideend|p1: FlockOfDeagles|move: Aurora Veil\n|upkeep\n|turn|6\n|\n|t:|1683043075\n|move|p2a: Iron Treads|Earthquake|p1b: Gary Chompers\n|-damage|p1b: Gary Chompers|0 fnt\n|faint|p1b: Gary Chompers\n|-damage|p2a: Iron Treads|71\/100|[from] item: Life Orb\n|\n|win|zhongqiu\n|raw|FlockOfDeagles's rating: 1073 → 1056<\/strong> (-17 for losing)\n|raw|zhongqiu's rating: 1142 → 1162<\/strong> (+20 for winning)\n|c|\u2606FlockOfDeagles|gg\n|l|\u2606zhongqiu\n","uploadtime":1683043089,"views":23,"p1id":"flockofdeagles","p2id":"zhongqiu","formatid":"gen9vgc2023regulationc","rating":1056,"private":0,"password":""}