{"id":"gen9vgc2023regulationc-1849890072","p1":"MikelMtz","p2":"Kirovz","format":"[Gen 9] VGC 2023 Regulation C","log":"|j|\u2606MikelMtz\n|j|\u2606Kirovz\n|t:|1682264981\n|gametype|doubles\n|player|p1|MikelMtz|102|1167\n|player|p2|Kirovz|lance|1110\n|teamsize|p1|6\n|teamsize|p2|6\n|gen|9\n|tier|[Gen 9] VGC 2023 Regulation C\n|rated|\n|rule|Species Clause: Limit one of each Pok\u00e9mon\n|rule|Item Clause: Limit one of each item\n|clearpoke\n|poke|p1|Pelipper, L50, M|\n|poke|p1|Palafin, L50, F|\n|poke|p1|Gholdengo, L50|\n|poke|p1|Flutter Mane, L50|\n|poke|p1|Amoonguss, L50, F|\n|poke|p1|Iron Hands, L50|\n|poke|p2|Dondozo, L50, M|\n|poke|p2|Tatsugiri-Stretchy, L50, M|\n|poke|p2|Chi-Yu, L50|\n|poke|p2|Flutter Mane, L50|\n|poke|p2|Dragonite, L50, F|\n|poke|p2|Glimmora, L50, M|\n|teampreview|4\n|inactive|Battle timer is ON: inactive players will automatically lose when time's up. (requested by MikelMtz)\n|\n|t:|1682265007\n|start\n|switch|p1a: Aquaman|Palafin, L50, F, shiny|100\/100\n|switch|p1b: Sumo|Iron Hands, L50, shiny|100\/100\n|switch|p2a: Dondozo|Dondozo, L50, M|100\/100\n|switch|p2b: Flutter Mane|Flutter Mane, L50|100\/100\n|-item|p1b: Sumo|Air Balloon\n|-enditem|p2b: Flutter Mane|Booster Energy\n|-activate|p2b: Flutter Mane|ability: Protosynthesis|[fromitem]\n|-start|p2b: Flutter Mane|protosynthesisspe\n|turn|1\n|inactive|MikelMtz has 30 seconds left.\n|inactive|Kirovz has 30 seconds left.\n|inactive|MikelMtz has 20 seconds left.\n|inactive|MikelMtz has 15 seconds left.\n|inactive|MikelMtz has 10 seconds left.\n|\n|t:|1682265055\n|-terastallize|p2b: Flutter Mane|Steel\n|move|p1b: Sumo|Fake Out|p2a: Dondozo\n|-damage|p2a: Dondozo|91\/100\n|move|p2b: Flutter Mane|Substitute|p2b: Flutter Mane\n|-start|p2b: Flutter Mane|Substitute\n|-damage|p2b: Flutter Mane|76\/100\n|move|p1a: Aquaman|Flip Turn|p2b: Flutter Mane\n|-end|p2b: Flutter Mane|Substitute\n|inactive|MikelMtz has 30 seconds left.\n|\n|t:|1682265081\n|detailschange|p1a: Aquaman|Palafin-Hero, L50, F, shiny\n|switch|p1a: Casper|Flutter Mane, L50|100\/100|[from] Flip Turn\n|-enditem|p1a: Casper|Booster Energy\n|-activate|p1a: Casper|ability: Protosynthesis|[fromitem]\n|-start|p1a: Casper|protosynthesisspa\n|cant|p2a: Dondozo|flinch\n|\n|upkeep\n|turn|2\n|\n|t:|1682265089\n|move|p2b: Flutter Mane|Protect|p2b: Flutter Mane\n|-singleturn|p2b: Flutter Mane|Protect\n|move|p1a: Casper|Mystical Fire|p2b: Flutter Mane\n|-activate|p2b: Flutter Mane|move: Protect\n|move|p1b: Sumo|Wild Charge|p2a: Dondozo\n|-supereffective|p2a: Dondozo\n|-damage|p2a: Dondozo|25\/100\n|-enditem|p2a: Dondozo|Sitrus Berry|[eat]\n|-heal|p2a: Dondozo|50\/100|[from] item: Sitrus Berry\n|-damage|p1b: Sumo|83\/100|[from] Recoil\n|move|p2a: Dondozo|Bulldoze|p1a: Casper|[spread] p1a\n|-activate|p2b: Flutter Mane|move: Protect\n|-immune|p1b: Sumo\n|-damage|p1a: Casper|81\/100\n|-unboost|p1a: Casper|spe|1\n|\n|upkeep\n|turn|3\n|\n|t:|1682265109\n|move|p1a: Casper|Protect|p1a: Casper\n|-singleturn|p1a: Casper|Protect\n|move|p2b: Flutter Mane|Moonblast|p1b: Sumo\n|-supereffective|p1b: Sumo\n|-damage|p1b: Sumo|0 fnt\n|-enditem|p1b: Sumo|Air Balloon\n|faint|p1b: Sumo\n|-end|p1b: Sumo|Quark Drive|[silent]\n|move|p2a: Dondozo|Yawn|p1a: Casper\n|-activate|p1a: Casper|move: Protect\n|\n|upkeep\n|\n|t:|1682265128\n|switch|p1b: Aquaman|Palafin-Hero, L50, F, shiny|100\/100\n|-activate|p1b: Aquaman|ability: Zero to Hero\n|turn|4\n|\n|t:|1682265136\n|-end|p1a: Casper|Protosynthesis|[silent]\n|switch|p1a: Amoonguss|Amoonguss, L50, F, shiny|100\/100\n|move|p2b: Flutter Mane|Protect|p2b: Flutter Mane\n|-singleturn|p2b: Flutter Mane|Protect\n|move|p1b: Aquaman|Flip Turn|p2b: Flutter Mane\n|-activate|p2b: Flutter Mane|move: Protect\n|move|p2a: Dondozo|Yawn|p1b: Aquaman\n|-start|p1b: Aquaman|move: Yawn|[of] p2a: Dondozo\n|\n|upkeep\n|turn|5\n|\n|t:|1682265155\n|move|p2b: Flutter Mane|Substitute|p2b: Flutter Mane\n|-start|p2b: Flutter Mane|Substitute\n|-damage|p2b: Flutter Mane|51\/100\n|move|p1b: Aquaman|Flip Turn|p2a: Dondozo\n|-resisted|p2a: Dondozo\n|-damage|p2a: Dondozo|36\/100\n|\n|t:|1682265158\n|switch|p1b: Casper|Flutter Mane, L50|81\/100|[from] Flip Turn\n|move|p2a: Dondozo|Yawn|p1a: Amoonguss\n|-start|p1a: Amoonguss|move: Yawn|[of] p2a: Dondozo\n|move|p1a: Amoonguss|Spore||[still]\n|-fail|p1a: Amoonguss\n|\n|upkeep\n|turn|6\n|\n|t:|1682265171\n|switch|p1a: Aquaman|Palafin-Hero, L50, F, shiny|100\/100\n|move|p2b: Flutter Mane|Protect|p2b: Flutter Mane\n|-singleturn|p2b: Flutter Mane|Protect\n|move|p1b: Casper|Moonblast|p2a: Dondozo\n|-damage|p2a: Dondozo|0 fnt\n|faint|p2a: Dondozo\n|\n|upkeep\n|\n|t:|1682265184\n|switch|p2a: Dragonite|Dragonite, L50, F|100\/100\n|turn|7\n|\n|t:|1682265192\n|move|p1b: Casper|Protect|p1b: Casper\n|-singleturn|p1b: Casper|Protect\n|move|p2a: Dragonite|Protect|p2a: Dragonite\n|-singleturn|p2a: Dragonite|Protect\n|move|p2b: Flutter Mane|Hex|p1b: Casper\n|-activate|p1b: Casper|move: Protect\n|move|p1a: Aquaman|Flip Turn|p2b: Flutter Mane\n|-end|p2b: Flutter Mane|Substitute\n|\n|t:|1682265205\n|switch|p1a: Amoonguss|Amoonguss, L50, F, shiny|100\/100|[from] Flip Turn\n|\n|upkeep\n|turn|8\n|\n|t:|1682265220\n|move|p2b: Flutter Mane|Protect|p2b: Flutter Mane\n|-singleturn|p2b: Flutter Mane|Protect\n|move|p1b: Casper|Moonblast|p2a: Dragonite\n|-supereffective|p2a: Dragonite\n|-damage|p2a: Dragonite|49\/100\n|-unboost|p2a: Dragonite|spa|1\n|move|p2a: Dragonite|Stomping Tantrum|p1b: Casper\n|-damage|p1b: Casper|29\/100\n|move|p1a: Amoonguss|Spore|p2b: Flutter Mane\n|-activate|p2b: Flutter Mane|move: Protect\n|\n|upkeep\n|turn|9\n|\n|t:|1682265241\n|move|p2a: Dragonite|Protect|p2a: Dragonite\n|-singleturn|p2a: Dragonite|Protect\n|move|p2b: Flutter Mane|Substitute|p2b: Flutter Mane\n|-start|p2b: Flutter Mane|Substitute\n|-damage|p2b: Flutter Mane|26\/100\n|move|p1b: Casper|Moonblast|p2a: Dragonite\n|-activate|p2a: Dragonite|move: Protect\n|move|p1a: Amoonguss|Pollen Puff|p1b: Casper\n|-heal|p1b: Casper|79\/100\n|\n|upkeep\n|turn|10\n|\n|t:|1682265261\n|move|p2b: Flutter Mane|Hex|p1b: Casper\n|-supereffective|p1b: Casper\n|-damage|p1b: Casper|14\/100\n|move|p1b: Casper|Moonblast|p2a: Dragonite\n|-supereffective|p2a: Dragonite\n|-damage|p2a: Dragonite|0 fnt\n|faint|p2a: Dragonite\n|move|p1a: Amoonguss|Energy Ball|p2b: Flutter Mane\n|-resisted|p2b: Flutter Mane\n|-activate|p2b: Flutter Mane|move: Substitute|[damage]\n|\n|upkeep\n|\n|t:|1682265266\n|switch|p2a: Chi-Yu|Chi-Yu, L50|100\/100\n|-ability|p2a: Chi-Yu|Beads of Ruin\n|turn|11\n|\n|t:|1682265279\n|move|p1b: Casper|Protect|p1b: Casper\n|-singleturn|p1b: Casper|Protect\n|move|p2a: Chi-Yu|Protect|p2a: Chi-Yu\n|-singleturn|p2a: Chi-Yu|Protect\n|move|p2b: Flutter Mane|Hex|p1b: Casper\n|-activate|p1b: Casper|move: Protect\n|move|p1a: Amoonguss|Sludge Bomb|p2a: Chi-Yu\n|-activate|p2a: Chi-Yu|move: Protect\n|\n|upkeep\n|turn|12\n|\n|t:|1682265299\n|move|p2b: Flutter Mane|Hex|p1b: Casper\n|-supereffective|p1b: Casper\n|-damage|p1b: Casper|0 fnt\n|faint|p1b: Casper\n|-end|p1b: Casper|Protosynthesis|[silent]\n|move|p2a: Chi-Yu|Flamethrower|p1a: Amoonguss\n|-supereffective|p1a: Amoonguss\n|-damage|p1a: Amoonguss|0 fnt\n|faint|p1a: Amoonguss\n|\n|upkeep\n|\n|t:|1682265307\n|switch|p1b: Aquaman|Palafin-Hero, L50, F, shiny|100\/100\n|turn|13\n|\n|t:|1682265313\n|-terastallize|p1b: Aquaman|Water\n|move|p1b: Aquaman|Jet Punch|p2a: Chi-Yu\n|-supereffective|p2a: Chi-Yu\n|-damage|p2a: Chi-Yu|0 fnt\n|faint|p2a: Chi-Yu\n|move|p2b: Flutter Mane|Moonblast|p1b: Aquaman\n|-crit|p1b: Aquaman\n|-damage|p1b: Aquaman|25\/100\n|-unboost|p1b: Aquaman|spa|1\n|\n|upkeep\n|turn|14\n|\n|t:|1682265323\n|move|p1b: Aquaman|Jet Punch|p2b: Flutter Mane\n|-end|p2b: Flutter Mane|Substitute\n|move|p2b: Flutter Mane|Moonblast|p1b: Aquaman\n|-damage|p1b: Aquaman|0 fnt\n|faint|p1b: Aquaman\n|\n|win|Kirovz\n|raw|MikelMtz's rating: 1167 → 1138<\/strong> (-29 for losing)\n|raw|Kirovz's rating: 1110 → 1139<\/strong> (+29 for winning)\n|l|\u2606MikelMtz\n","uploadtime":1682265329,"views":8,"p1id":"mikelmtz","p2id":"kirovz","formatid":"gen9vgc2023regulationc","rating":1138,"private":0,"password":""}