{"id":"gen9vgc2023regulationc-1849447432","p1":"jchemmy","p2":"Royalzug","format":"[Gen 9] VGC 2023 Regulation C","log":"|j|\u2606jchemmy\n|j|\u2606Royalzug\n|t:|1682199533\n|gametype|doubles\n|player|p1|jchemmy|brock|1329\n|player|p2|Royalzug|2|1238\n|teamsize|p1|6\n|teamsize|p2|6\n|gen|9\n|tier|[Gen 9] VGC 2023 Regulation C\n|rated|\n|rule|Species Clause: Limit one of each Pok\u00e9mon\n|rule|Item Clause: Limit one of each item\n|clearpoke\n|poke|p1|Arcanine, L50, M|\n|poke|p1|Palafin, L50, F|\n|poke|p1|Flutter Mane, L50|\n|poke|p1|Ting-Lu, L50|\n|poke|p1|Amoonguss, L50, M|\n|poke|p1|Baxcalibur, L50, F|\n|poke|p2|Baxcalibur, L50, M|\n|poke|p2|Talonflame, L50, F|\n|poke|p2|Flutter Mane, L50|\n|poke|p2|Gyarados, L50, F|\n|poke|p2|Rotom-Mow, L50|\n|poke|p2|Chi-Yu, L50|\n|teampreview|4\n|inactive|Battle timer is ON: inactive players will automatically lose when time's up. (requested by jchemmy)\njchemmy has agreed to open team sheets.\n|inactive|jchemmy has 60 seconds left.\n|inactive|Royalzug has 60 seconds left.\n|\n|t:|1682199572\n|start\n|switch|p1a: Baxcalibur|Baxcalibur, L50, F|100\/100\n|switch|p1b: Ting-Lu|Ting-Lu, L50|100\/100\n|switch|p2a: Talonflame|Talonflame, L50, F|100\/100\n|switch|p2b: Gyarados|Gyarados, L50, F, shiny|100\/100\n|-ability|p2b: Gyarados|Intimidate|boost\n|-fail|p1a: Baxcalibur|unboost|[from] item: Clear Amulet|[of] p1a: Baxcalibur\n|-unboost|p1b: Ting-Lu|atk|1\n|-ability|p1b: Ting-Lu|Vessel of Ruin\n|turn|1\n|inactive|jchemmy has 30 seconds left.\n|inactive|jchemmy has 20 seconds left.\n|inactive|jchemmy has 15 seconds left.\n|inactive|jchemmy has 10 seconds left.\n|\n|t:|1682199622\n|move|p2a: Talonflame|Tailwind|p2a: Talonflame\n|-sidestart|p2: Royalzug|move: Tailwind\n|move|p2b: Gyarados|Waterfall|p1b: Ting-Lu\n|-supereffective|p1b: Ting-Lu\n|-damage|p1b: Ting-Lu|52\/100\n|move|p1a: Baxcalibur|Glaive Rush|p2b: Gyarados\n|-damage|p2b: Gyarados|5\/100\n|-singlemove|p1a: Baxcalibur|Glaive Rush|[silent]\n|-enditem|p2b: Gyarados|Sitrus Berry|[eat]\n|-heal|p2b: Gyarados|30\/100|[from] item: Sitrus Berry\n|cant|p1b: Ting-Lu|flinch\n|\n|upkeep\n|turn|2\n|inactive|Royalzug has 30 seconds left.\n|\n|t:|1682199651\n|switch|p1b: Arcanine|Arcanine, L50, M|100\/100\n|-ability|p1b: Arcanine|Intimidate|boost\n|-unboost|p2a: Talonflame|atk|1\n|-unboost|p2b: Gyarados|atk|1\n|move|p1a: Baxcalibur|Protect|p1a: Baxcalibur\n|-singleturn|p1a: Baxcalibur|Protect\n|move|p2a: Talonflame|Brave Bird|p1b: Arcanine\n|-damage|p1b: Arcanine|74\/100\n|-damage|p2a: Talonflame|91\/100|[from] Recoil\n|move|p2b: Gyarados|Waterfall|p1b: Arcanine\n|-supereffective|p1b: Arcanine\n|-damage|p1b: Arcanine|10\/100\n|\n|upkeep\n|turn|3\n|\n|t:|1682199671\n|switch|p1b: Palafin|Palafin, L50, F|100\/100\n|move|p2a: Talonflame|Brave Bird|p1b: Palafin\n|-damage|p1b: Palafin|76\/100\n|-damage|p2a: Talonflame|82\/100|[from] Recoil\n|move|p2b: Gyarados|Iron Head|p1a: Baxcalibur\n|-supereffective|p1a: Baxcalibur\n|-damage|p1a: Baxcalibur|67\/100\n|move|p1a: Baxcalibur|Glaive Rush|p2a: Talonflame\n|-damage|p2a: Talonflame|0 fnt\n|-singlemove|p1a: Baxcalibur|Glaive Rush|[silent]\n|faint|p2a: Talonflame\n|\n|upkeep\n|\n|t:|1682199693\n|switch|p2a: Baxcalibur|Baxcalibur, L50, M|100\/100\n|turn|4\n|\n|t:|1682199709\n|detailschange|p1b: Palafin|Palafin-Hero, L50, F\n|switch|p1b: Arcanine|Arcanine, L50, M|10\/100\n|-ability|p1b: Arcanine|Intimidate|boost\n|-unboost|p2a: Baxcalibur|atk|1\n|-unboost|p2b: Gyarados|atk|1\n|-terastallize|p2a: Baxcalibur|Electric\n|move|p1a: Baxcalibur|Ice Shard|p2b: Gyarados\n|-damage|p2b: Gyarados|0 fnt\n|faint|p2b: Gyarados\n|move|p2a: Baxcalibur|Icicle Crash|p1b: Arcanine\n|-resisted|p1b: Arcanine\n|-damage|p1b: Arcanine|0 fnt\n|faint|p1b: Arcanine\n|\n|-sideend|p2: Royalzug|move: Tailwind\n|upkeep\n|\n|t:|1682199726\n|switch|p1b: Ting-Lu|Ting-Lu, L50|52\/100\n|switch|p2b: Flutter Mane|Flutter Mane, L50|100\/100\n|-ability|p1b: Ting-Lu|Vessel of Ruin\n|-enditem|p2b: Flutter Mane|Booster Energy\n|-activate|p2b: Flutter Mane|ability: Protosynthesis|[fromitem]\n|-start|p2b: Flutter Mane|protosynthesisspa\n|turn|5\n|inactive|Royalzug has 30 seconds left.\n|\n|t:|1682199753\n|-terastallize|p1b: Ting-Lu|Poison\n|move|p2b: Flutter Mane|Protect|p2b: Flutter Mane\n|-singleturn|p2b: Flutter Mane|Protect\n|move|p1a: Baxcalibur|Protect|p1a: Baxcalibur\n|-singleturn|p1a: Baxcalibur|Protect\n|move|p2a: Baxcalibur|Earthquake|p1a: Baxcalibur|[spread] p1b\n|-activate|p2b: Flutter Mane|move: Protect\n|-activate|p1a: Baxcalibur|move: Protect\n|-supereffective|p1b: Ting-Lu\n|-damage|p1b: Ting-Lu|28\/100\n|move|p1b: Ting-Lu|Heavy Slam|p2b: Flutter Mane\n|-activate|p2b: Flutter Mane|move: Protect\n|\n|upkeep\n|turn|6\n|\n|t:|1682199769\n|move|p2a: Baxcalibur|Ice Shard|p1b: Ting-Lu\n|-damage|p1b: Ting-Lu|18\/100\n|move|p2b: Flutter Mane|Moonblast|p1a: Baxcalibur\n|-supereffective|p1a: Baxcalibur\n|-damage|p1a: Baxcalibur|0 fnt\n|faint|p1a: Baxcalibur\n|move|p1b: Ting-Lu|Heavy Slam|p2b: Flutter Mane\n|-supereffective|p2b: Flutter Mane\n|-damage|p2b: Flutter Mane|0 fnt\n|faint|p2b: Flutter Mane\n|-end|p2b: Flutter Mane|Protosynthesis|[silent]\n|\n|upkeep\n|\n|t:|1682199779\n|switch|p1a: Palafin|Palafin-Hero, L50, F|76\/100\n|-activate|p1a: Palafin|ability: Zero to Hero\n|turn|7\n|\n|t:|1682199795\n|move|p1a: Palafin|Protect|p1a: Palafin\n|-singleturn|p1a: Palafin|Protect\n|move|p2a: Baxcalibur|Tera Blast|p1a: Palafin\n|-activate|p1a: Palafin|move: Protect\n|move|p1b: Ting-Lu|Stomping Tantrum|p2a: Baxcalibur\n|-supereffective|p2a: Baxcalibur\n|-damage|p2a: Baxcalibur|31\/100\n|\n|upkeep\n|turn|8\n|\n|t:|1682199813\n|move|p1a: Palafin|Jet Punch|p2a: Baxcalibur\n|-damage|p2a: Baxcalibur|0 fnt\n|faint|p2a: Baxcalibur\n|\n|win|jchemmy\n|raw|jchemmy's rating: 1329 → 1344<\/strong> (+15 for winning)\n|raw|Royalzug's rating: 1238 → 1219<\/strong> (-19 for losing)\n","uploadtime":1682199819,"views":6,"p1id":"jchemmy","p2id":"royalzug","formatid":"gen9vgc2023regulationc","rating":1219,"private":0,"password":""}