{"id":"gen9vgc2023regulationc-1857846878","p1":"SavannahPandaVGC","p2":"JTechtonic","format":"[Gen 9] VGC 2023 Regulation C","log":"|j|\u2606SavannahPandaVGC\n|j|\u2606JTechtonic\n|t:|1683238270\n|gametype|doubles\n|player|p1|SavannahPandaVGC|1|1317\n|player|p2|JTechtonic|hugh|1300\n|teamsize|p1|6\n|teamsize|p2|6\n|gen|9\n|tier|[Gen 9] VGC 2023 Regulation C\n|rated|\n|rule|Species Clause: Limit one of each Pok\u00e9mon\n|rule|Item Clause: Limit one of each item\n|clearpoke\n|poke|p1|Flutter Mane, L50|\n|poke|p1|Iron Hands, L50|\n|poke|p1|Corviknight, L50, F|\n|poke|p1|Gyarados, L50, M|\n|poke|p1|Chi-Yu, L50|\n|poke|p1|Amoonguss, L50, M|\n|poke|p2|Chi-Yu, L50|\n|poke|p2|Flutter Mane, L50|\n|poke|p2|Chien-Pao, L50|\n|poke|p2|Dragonite, L50, F|\n|poke|p2|Iron Bundle, L50|\n|poke|p2|Amoonguss, L50, M|\n|teampreview|4\n|inactive|Battle timer is ON: inactive players will automatically lose when time's up. (requested by JTechtonic)\nSavannahPandaVGC has agreed to open team sheets.\n|inactive|SavannahPandaVGC has 60 seconds left.\n|inactive|JTechtonic has 60 seconds left.\n|inactive|SavannahPandaVGC has 30 seconds left.\n|inactive|SavannahPandaVGC has 20 seconds left.\n|\n|t:|1683238342\n|start\n|switch|p1a: Iron Hands|Iron Hands, L50|100\/100\n|switch|p1b: Gyarados|Gyarados, L50, M|100\/100\n|switch|p2a: Chisus Christ|Chi-Yu, L50|100\/100\n|switch|p2b: Iron Bundle|Iron Bundle, L50|100\/100\n|-ability|p2a: Chisus Christ|Beads of Ruin\n|-ability|p1b: Gyarados|Intimidate|boost\n|-unboost|p2a: Chisus Christ|atk|1\n|-unboost|p2b: Iron Bundle|atk|1\n|-enditem|p2b: Iron Bundle|Booster Energy\n|-activate|p2b: Iron Bundle|ability: Quark Drive|[fromitem]\n|-start|p2b: Iron Bundle|quarkdrivespe\n|turn|1\n|inactive|SavannahPandaVGC has 30 seconds left.\n|inactive|JTechtonic has 30 seconds left.\n|inactive|SavannahPandaVGC has 20 seconds left.\n|inactive|JTechtonic has 20 seconds left.\n|inactive|SavannahPandaVGC has 15 seconds left.\n|inactive|SavannahPandaVGC has 10 seconds left.\n|inactive|SavannahPandaVGC has 5 seconds left.\n|\n|t:|1683238393\n|move|p2b: Iron Bundle|Protect|p2b: Iron Bundle\n|-singleturn|p2b: Iron Bundle|Protect\n|move|p1b: Gyarados|Protect|p1b: Gyarados\n|-singleturn|p1b: Gyarados|Protect\n|move|p2a: Chisus Christ|Dark Pulse|p1b: Gyarados\n|-activate|p1b: Gyarados|move: Protect\n|move|p1a: Iron Hands|Drain Punch|p2a: Chisus Christ\n|-supereffective|p2a: Chisus Christ\n|-damage|p2a: Chisus Christ|0 fnt\n|faint|p2a: Chisus Christ\n|\n|upkeep\n|\n|t:|1683238403\n|switch|p2a: Amoonguss|Amoonguss, L50, M|100\/100\n|turn|2\n|inactive|SavannahPandaVGC has 30 seconds left.\n|inactive|JTechtonic has 30 seconds left.\n|inactive|SavannahPandaVGC has 20 seconds left.\n|inactive|SavannahPandaVGC has 15 seconds left.\n|\n|t:|1683238446\n|switch|p1b: Corviknight|Corviknight, L50, F|100\/100\n|-terastallize|p2b: Iron Bundle|Grass\n|-terastallize|p1a: Iron Hands|Grass\n|move|p2b: Iron Bundle|Freeze-Dry|p1b: Corviknight\n|-damage|p1b: Corviknight|72\/100\n|move|p1a: Iron Hands|Wild Charge|p2b: Iron Bundle\n|-resisted|p2b: Iron Bundle\n|-damage|p2b: Iron Bundle|72\/100\n|-damage|p1a: Iron Hands|96\/100|[from] Recoil\n|move|p2a: Amoonguss|Spore|p1a: Iron Hands\n|-immune|p1a: Iron Hands\n|\n|-heal|p1b: Corviknight|78\/100|[from] item: Leftovers\n|upkeep\n|turn|3\n|inactive|SavannahPandaVGC has 30 seconds left.\n|inactive|SavannahPandaVGC has 20 seconds left.\n|inactive|SavannahPandaVGC has 15 seconds left.\n|inactive|SavannahPandaVGC has 10 seconds left.\n|inactive|SavannahPandaVGC has 5 seconds left.\n|\n|t:|1683238497\n|move|p2b: Iron Bundle|Protect|p2b: Iron Bundle\n|-singleturn|p2b: Iron Bundle|Protect\n|move|p1b: Corviknight|Brave Bird|p2b: Iron Bundle\n|-activate|p2b: Iron Bundle|move: Protect\n|move|p1a: Iron Hands|Drain Punch|p2b: Iron Bundle\n|-activate|p2b: Iron Bundle|move: Protect\n|move|p2a: Amoonguss|Spore|p1b: Corviknight\n|-status|p1b: Corviknight|slp|[from] move: Spore\n|\n|-heal|p1b: Corviknight|84\/100 slp|[from] item: Leftovers\n|upkeep\n|turn|4\n|\n|t:|1683238512\n|move|p2a: Amoonguss|Rage Powder|p2a: Amoonguss\n|-singleturn|p2a: Amoonguss|move: Rage Powder\n|move|p2b: Iron Bundle|Freeze-Dry|p1a: Iron Hands\n|-supereffective|p1a: Iron Hands\n|-damage|p1a: Iron Hands|59\/100\n|cant|p1b: Corviknight|slp\n|move|p1a: Iron Hands|Drain Punch|p2b: Iron Bundle\n|-damage|p2b: Iron Bundle|19\/100\n|-heal|p1a: Iron Hands|73\/100|[from] drain|[of] p2b: Iron Bundle\n|\n|-heal|p1b: Corviknight|90\/100 slp|[from] item: Leftovers\n|upkeep\n|turn|5\n|\n|t:|1683238532\n|switch|p1b: Gyarados|Gyarados, L50, M|100\/100\n|-ability|p1b: Gyarados|Intimidate|boost\n|-unboost|p2a: Amoonguss|atk|1\n|-unboost|p2b: Iron Bundle|atk|1\n|move|p2b: Iron Bundle|Freeze-Dry|p1a: Iron Hands\n|-supereffective|p1a: Iron Hands\n|-damage|p1a: Iron Hands|35\/100\n|move|p1a: Iron Hands|Drain Punch|p2b: Iron Bundle\n|-damage|p2b: Iron Bundle|0 fnt\n|-heal|p1a: Iron Hands|40\/100|[from] drain|[of] p2b: Iron Bundle\n|faint|p2b: Iron Bundle\n|-end|p2b: Iron Bundle|Quark Drive|[silent]\n|move|p2a: Amoonguss|Pollen Puff|p2: Iron Bundle|[notarget]\n|-fail|p2a: Amoonguss\n|\n|upkeep\n|\n|t:|1683238540\n|switch|p2b: Gucci Mane|Flutter Mane, L50|100\/100\n|turn|6\n|inactive|SavannahPandaVGC has 30 seconds left.\n|inactive|JTechtonic has 30 seconds left.\n|inactive|JTechtonic has 20 seconds left.\n|inactive|JTechtonic has 15 seconds left.\n|inactive|JTechtonic has 10 seconds left.\n|\n|t:|1683238590\n|-end|p1a: Iron Hands|Quark Drive|[silent]\n|switch|p1a: Corviknight|Corviknight, L50, F|90\/100 slp\n|move|p2b: Gucci Mane|Thunderbolt|p1a: Corviknight\n|-supereffective|p1a: Corviknight\n|-damage|p1a: Corviknight|13\/100 slp\n|move|p1b: Gyarados|Taunt|p2a: Amoonguss\n|-start|p2a: Amoonguss|move: Taunt\n|move|p2a: Amoonguss|Pollen Puff|p2b: Gucci Mane\n|-immune|p2b: Gucci Mane\n|\n|-heal|p1a: Corviknight|19\/100 slp|[from] item: Leftovers\n|upkeep\n|turn|7\n|\n|t:|1683238616\n|move|p1b: Gyarados|Protect|p1b: Gyarados\n|-singleturn|p1b: Gyarados|Protect\n|move|p2b: Gucci Mane|Thunderbolt|p1a: Corviknight\n|-supereffective|p1a: Corviknight\n|-damage|p1a: Corviknight|0 fnt\n|faint|p1a: Corviknight\n|move|p2a: Amoonguss|Pollen Puff|p2b: Gucci Mane\n|-immune|p2b: Gucci Mane\n|\n|upkeep\n|\n|t:|1683238627\n|switch|p1a: Iron Hands|Iron Hands, L50, tera:Grass|40\/100\n|turn|8\n|\n|t:|1683238639\n|move|p2b: Gucci Mane|Thunderbolt|p1b: Gyarados\n|-supereffective|p1b: Gyarados\n|-damage|p1b: Gyarados|0 fnt\n|faint|p1b: Gyarados\n|move|p1a: Iron Hands|Wild Charge|p2b: Gucci Mane\n|-crit|p2b: Gucci Mane\n|-damage|p2b: Gucci Mane|0 fnt\n|faint|p2b: Gucci Mane\n|-end|p2b: Gucci Mane|Protosynthesis|[silent]\n|-damage|p1a: Iron Hands|23\/100|[from] Recoil\n|move|p2a: Amoonguss|Pollen Puff|p2: Gucci Mane|[notarget]\n|-fail|p2a: Amoonguss\n|\n|-end|p2a: Amoonguss|move: Taunt\n|upkeep\n|\n|t:|1683238650\n|switch|p1b: Flutter Mane|Flutter Mane, L50|100\/100\n|turn|9\n|inactive|SavannahPandaVGC has 30 seconds left.\n|inactive|SavannahPandaVGC has 20 seconds left.\n|inactive|SavannahPandaVGC has 15 seconds left.\n|\n|t:|1683238703\n|move|p1b: Flutter Mane|Moonblast|p2a: Amoonguss\n|-resisted|p2a: Amoonguss\n|-damage|p2a: Amoonguss|72\/100\n|move|p1a: Iron Hands|Wild Charge|p2a: Amoonguss\n|-resisted|p2a: Amoonguss\n|-damage|p2a: Amoonguss|50\/100\n|-enditem|p2a: Amoonguss|Sitrus Berry|[eat]\n|-heal|p2a: Amoonguss|74\/100|[from] item: Sitrus Berry\n|-damage|p1a: Iron Hands|18\/100|[from] Recoil\n|move|p2a: Amoonguss|Pollen Puff|p1a: Iron Hands\n|-supereffective|p1a: Iron Hands\n|-damage|p1a: Iron Hands|0 fnt\n|faint|p1a: Iron Hands\n|-end|p1a: Iron Hands|Quark Drive|[silent]\n|\n|upkeep\n|turn|10\n|\n|t:|1683238718\n|move|p1b: Flutter Mane|Moonblast|p2a: Amoonguss\n|-resisted|p2a: Amoonguss\n|-damage|p2a: Amoonguss|46\/100\n|move|p2a: Amoonguss|Spore|p1b: Flutter Mane\n|-status|p1b: Flutter Mane|slp|[from] move: Spore\n|\n|upkeep\n|turn|11\n|\n|t:|1683238725\n|cant|p1b: Flutter Mane|slp\n|move|p2a: Amoonguss|Pollen Puff|p1b: Flutter Mane\n|-resisted|p1b: Flutter Mane\n|-damage|p1b: Flutter Mane|97\/100 slp\n|\n|upkeep\n|turn|12\n|\n|t:|1683238737\n|cant|p1b: Flutter Mane|slp\n|move|p2a: Amoonguss|Pollen Puff|p1b: Flutter Mane\n|-resisted|p1b: Flutter Mane\n|-crit|p1b: Flutter Mane\n|-damage|p1b: Flutter Mane|91\/100 slp\n|\n|upkeep\n|turn|13\n|\n|t:|1683238748\n|cant|p1b: Flutter Mane|slp\n|move|p2a: Amoonguss|Pollen Puff|p1b: Flutter Mane\n|-resisted|p1b: Flutter Mane\n|-damage|p1b: Flutter Mane|87\/100 slp\n|\n|upkeep\n|turn|14\n|\n|t:|1683238754\n|-curestatus|p1b: Flutter Mane|slp|[msg]\n|move|p1b: Flutter Mane|Moonblast|p2a: Amoonguss\n|-resisted|p2a: Amoonguss\n|-damage|p2a: Amoonguss|16\/100\n|-unboost|p2a: Amoonguss|spa|1\n|move|p2a: Amoonguss|Spore|p1b: Flutter Mane\n|-status|p1b: Flutter Mane|slp|[from] move: Spore\n|\n|upkeep\n|turn|15\n|\n|t:|1683238763\n|cant|p1b: Flutter Mane|slp\n|move|p2a: Amoonguss|Pollen Puff|p1b: Flutter Mane\n|-resisted|p1b: Flutter Mane\n|-damage|p1b: Flutter Mane|84\/100 slp\n|\n|upkeep\n|turn|16\n|\n|t:|1683238771\n|cant|p1b: Flutter Mane|slp\n|move|p2a: Amoonguss|Pollen Puff|p1b: Flutter Mane\n|-resisted|p1b: Flutter Mane\n|-damage|p1b: Flutter Mane|81\/100 slp\n|\n|upkeep\n|turn|17\n|\n|t:|1683238781\n|-curestatus|p1b: Flutter Mane|slp|[msg]\n|move|p1b: Flutter Mane|Moonblast|p2a: Amoonguss\n|-resisted|p2a: Amoonguss\n|-damage|p2a: Amoonguss|0 fnt\n|faint|p2a: Amoonguss\n|\n|win|SavannahPandaVGC\n|raw|SavannahPandaVGC's rating: 1317 → 1336<\/strong> (+19 for winning)\n|raw|JTechtonic's rating: 1300 → 1276<\/strong> (-24 for losing)\n|l|\u2606JTechtonic\n","uploadtime":1683238864,"views":14,"p1id":"savannahpandavgc","p2id":"jtechtonic","formatid":"gen9vgc2023regulationc","rating":1276,"private":0,"password":""}