{"id":"gen9vgc2023regulationc-1846257222","p1":"olfkosiol","p2":"Disobedient_vgc","format":"[Gen 9] VGC 2023 Regulation C","log":"|j|\u2606olfkosiol\n|j|\u2606Disobedient_vgc\n|t:|1681826084\n|gametype|doubles\n|player|p1|olfkosiol|n|1151\n|player|p2|Disobedient_vgc|palmer|1136\n|teamsize|p1|6\n|teamsize|p2|6\n|gen|9\n|tier|[Gen 9] VGC 2023 Regulation C\n|rated|\n|rule|Species Clause: Limit one of each Pok\u00e9mon\n|rule|Item Clause: Limit one of each item\n|clearpoke\n|poke|p1|Flutter Mane, L50|\n|poke|p1|Chi-Yu, L50|\n|poke|p1|Amoonguss, L50, F|\n|poke|p1|Ting-Lu, L50|\n|poke|p1|Iron Bundle, L50|\n|poke|p1|Iron Hands, L50|\n|poke|p2|Gyarados, L50, M|\n|poke|p2|Ting-Lu, L50|\n|poke|p2|Haxorus, L50, M|\n|poke|p2|Flutter Mane, L50|\n|poke|p2|Amoonguss, L50, F|\n|poke|p2|Chi-Yu, L50|\n|teampreview|4\n|inactive|Battle timer is ON: inactive players will automatically lose when time's up. (requested by olfkosiol)\n|\n|t:|1681826133\n|start\n|switch|p1a: Flutter Mane|Flutter Mane, L50|100\/100\n|switch|p1b: Amoonguss|Amoonguss, L50, F|100\/100\n|switch|p2a: Gyarados|Gyarados, L50, M, shiny|100\/100\n|switch|p2b: Amoonguss|Amoonguss, L50, F, shiny|100\/100\n|-ability|p2a: Gyarados|Intimidate|boost\n|-unboost|p1a: Flutter Mane|atk|1\n|-unboost|p1b: Amoonguss|atk|1\n|turn|1\n|inactive|olfkosiol has 30 seconds left.\n|\n|t:|1681826163\n|move|p1b: Amoonguss|Rage Powder|p1b: Amoonguss\n|-singleturn|p1b: Amoonguss|move: Rage Powder\n|move|p1a: Flutter Mane|Shadow Ball|p2a: Gyarados\n|-damage|p2a: Gyarados|53\/100\n|move|p2a: Gyarados|Dragon Dance|p2a: Gyarados\n|-boost|p2a: Gyarados|atk|1\n|-boost|p2a: Gyarados|spe|1\n|move|p2b: Amoonguss|Spore|p1a: Flutter Mane\n|-status|p1a: Flutter Mane|slp|[from] move: Spore\n|\n|upkeep\n|turn|2\n|inactive|Disobedient_vgc has 30 seconds left.\n|inactive|Disobedient_vgc has 20 seconds left.\n|inactive|Disobedient_vgc has 15 seconds left.\n|\n|t:|1681826208\n|-terastallize|p2a: Gyarados|Flying\n|cant|p1a: Flutter Mane|slp\n|move|p2a: Gyarados|Tera Blast|p1b: Amoonguss\n|-supereffective|p1b: Amoonguss\n|-damage|p1b: Amoonguss|0 fnt\n|faint|p1b: Amoonguss\n|move|p2b: Amoonguss|Pollen Puff|p2a: Gyarados\n|-heal|p2a: Gyarados|100\/100\n|\n|upkeep\n|\n|t:|1681826219\n|switch|p1b: Iron Bundle|Iron Bundle, L50|100\/100\n|-enditem|p1b: Iron Bundle|Booster Energy\n|-activate|p1b: Iron Bundle|ability: Quark Drive|[fromitem]\n|-start|p1b: Iron Bundle|quarkdrivespe\n|turn|3\n|\n|t:|1681826230\n|move|p2b: Amoonguss|Rage Powder|p2b: Amoonguss\n|-singleturn|p2b: Amoonguss|move: Rage Powder\n|move|p1b: Iron Bundle|Icy Wind|p2b: Amoonguss|[spread] p2a\n|-miss|p1b: Iron Bundle|p2b: Amoonguss\n|-supereffective|p2a: Gyarados\n|-damage|p2a: Gyarados|58\/100\n|-unboost|p2a: Gyarados|spe|1\n|-curestatus|p1a: Flutter Mane|slp|[msg]\n|move|p1a: Flutter Mane|Power Gem|p2b: Amoonguss\n|-damage|p2b: Amoonguss|82\/100\n|move|p2a: Gyarados|Tera Blast|p1b: Iron Bundle\n|-damage|p1b: Iron Bundle|0 fnt\n|faint|p1b: Iron Bundle\n|-end|p1b: Iron Bundle|Quark Drive|[silent]\n|\n|upkeep\n|\n|t:|1681826244\n|switch|p1b: Ting-Lu|Ting-Lu, L50|100\/100\n|-ability|p1b: Ting-Lu|Vessel of Ruin\n|turn|4\n|\n|t:|1681826263\n|-terastallize|p1a: Flutter Mane|Fairy\n|move|p2b: Amoonguss|Rage Powder|p2b: Amoonguss\n|-singleturn|p2b: Amoonguss|move: Rage Powder\n|move|p1a: Flutter Mane|Dazzling Gleam|p2b: Amoonguss|[spread] p2a,p2b\n|-resisted|p2b: Amoonguss\n|-damage|p2a: Gyarados|28\/100\n|-damage|p2b: Amoonguss|72\/100\n|move|p2a: Gyarados|Waterfall|p1b: Ting-Lu\n|-supereffective|p1b: Ting-Lu\n|-damage|p1b: Ting-Lu|18\/100\n|move|p1b: Ting-Lu|Heavy Slam|p2b: Amoonguss\n|-damage|p2b: Amoonguss|30\/100\n|-status|p1b: Ting-Lu|slp|[from] ability: Effect Spore|[of] p2b: Amoonguss\n|\n|-heal|p1b: Ting-Lu|24\/100 slp|[from] item: Leftovers\n|upkeep\n|turn|5\n|\n|t:|1681826284\n|move|p2a: Gyarados|Protect|p2a: Gyarados\n|-singleturn|p2a: Gyarados|Protect\n|move|p1a: Flutter Mane|Dazzling Gleam|p2a: Gyarados|[spread] p2b\n|-activate|p2a: Gyarados|move: Protect\n|-resisted|p2b: Amoonguss\n|-damage|p2b: Amoonguss|20\/100\n|-enditem|p2b: Amoonguss|Aguav Berry|[eat]\n|-heal|p2b: Amoonguss|53\/100|[from] item: Aguav Berry\n|cant|p1b: Ting-Lu|slp\n|move|p2b: Amoonguss|Spore|p1a: Flutter Mane\n|-status|p1a: Flutter Mane|slp|[from] move: Spore\n|\n|-heal|p1b: Ting-Lu|29\/100 slp|[from] item: Leftovers\n|upkeep\n|turn|6\n|-message|olfkosiol forfeited.\n|\n|win|Disobedient_vgc\n|raw|olfkosiol's rating: 1132 → 1107<\/strong> (-25 for losing)\n|raw|Disobedient_vgc's rating: 1136 → 1161<\/strong> (+25 for winning)\n|l|\u2606olfkosiol\n","uploadtime":1681826637,"views":7,"p1id":"olfkosiol","p2id":"disobedientvgc","formatid":"gen9vgc2023regulationc","rating":1107,"private":0,"password":""}