{"id":"gen9vgc2023regulationc-1856397458","p1":"GalaxyPx10","p2":"StickFlicks","format":"[Gen 9] VGC 2023 Regulation C","log":"|j|\u2606GalaxyPx10\n|j|\u2606StickFlicks\n|t:|1683057536\n|gametype|doubles\n|player|p1|GalaxyPx10|flannery|1047\n|player|p2|StickFlicks|265|1013\n|teamsize|p1|6\n|teamsize|p2|6\n|gen|9\n|tier|[Gen 9] VGC 2023 Regulation C\n|rated|\n|rule|Species Clause: Limit one of each Pok\u00e9mon\n|rule|Item Clause: Limit one of each item\n|clearpoke\n|poke|p1|Pelipper, L50, M|\n|poke|p1|Meowscarada, L50, F|\n|poke|p1|Drednaw, L50, M|\n|poke|p1|Hydreigon, L50, M|\n|poke|p1|Arcanine, L50, F|\n|poke|p1|Vaporeon, L50, M|\n|poke|p2|Dudunsparce-*, L50, F|\n|poke|p2|Jolteon, L50, F|\n|poke|p2|Meowscarada, L50, M|\n|poke|p2|Murkrow, L50, F|\n|poke|p2|Annihilape, L50, F|\n|poke|p2|Gardevoir, L50, F|\n|teampreview|4\n|\n|t:|1683057568\n|start\n|switch|p1a: Forecast|Pelipper, L50, M|100\/100\n|switch|p1b: Buttercup|Meowscarada, L50, F, shiny|100\/100\n|switch|p2a: Dudunsparce|Dudunsparce-Three-Segment, L50, F|100\/100\n|switch|p2b: Jolteon|Jolteon, L50, F|100\/100\n|-weather|RainDance|[from] ability: Drizzle|[of] p1a: Forecast\n|turn|1\n|\n|t:|1683057600\n|-terastallize|p2a: Dudunsparce|Psychic\n|move|p2b: Jolteon|Pin Missile|p2a: Dudunsparce\n|-supereffective|p2a: Dudunsparce\n|-damage|p2a: Dudunsparce|93\/100\n|-ability|p2a: Dudunsparce|Rattled|boost\n|-boost|p2a: Dudunsparce|spe|1\n|-enditem|p2a: Dudunsparce|Weakness Policy\n|-boost|p2a: Dudunsparce|atk|2|[from] item: Weakness Policy\n|-boost|p2a: Dudunsparce|spa|2|[from] item: Weakness Policy\n|-supereffective|p2a: Dudunsparce\n|-damage|p2a: Dudunsparce|85\/100\n|-ability|p2a: Dudunsparce|Rattled|boost\n|-boost|p2a: Dudunsparce|spe|1\n|-supereffective|p2a: Dudunsparce\n|-damage|p2a: Dudunsparce|76\/100\n|-ability|p2a: Dudunsparce|Rattled|boost\n|-boost|p2a: Dudunsparce|spe|1\n|-supereffective|p2a: Dudunsparce\n|-damage|p2a: Dudunsparce|68\/100\n|-ability|p2a: Dudunsparce|Rattled|boost\n|-boost|p2a: Dudunsparce|spe|1\n|-supereffective|p2a: Dudunsparce\n|-damage|p2a: Dudunsparce|59\/100\n|-ability|p2a: Dudunsparce|Rattled|boost\n|-boost|p2a: Dudunsparce|spe|1\n|-hitcount|p2a: Dudunsparce|5\n|move|p2a: Dudunsparce|Flamethrower|p1b: Buttercup\n|-supereffective|p1b: Buttercup\n|-damage|p1b: Buttercup|22\/100\n|move|p1b: Buttercup|U-turn|p2b: Jolteon\n|-damage|p2b: Jolteon|50\/100\n|\n|t:|1683057614\n|switch|p1b: Did you know?|Vaporeon, L50, M|100\/100|[from] U-turn\n|move|p1a: Forecast|Tailwind|p1a: Forecast\n|-sidestart|p1: GalaxyPx10|move: Tailwind\n|\n|-weather|RainDance|[upkeep]\n|upkeep\n|turn|2\n|\n|t:|1683057636\n|switch|p2b: Gardevoir|Gardevoir, L50, F|100\/100\n|move|p2a: Dudunsparce|Boomburst|p1b: Did you know?|[spread] p1a,p1b\n|-activate|p2b: Gardevoir|ability: Telepathy\n|-enditem|p1a: Forecast|Focus Sash\n|-damage|p1a: Forecast|1\/100\n|-damage|p1b: Did you know?|26\/100\n|-enditem|p1b: Did you know?|Sitrus Berry|[eat]\n|-heal|p1b: Did you know?|51\/100|[from] item: Sitrus Berry\n|move|p1a: Forecast|Hydro Pump|p2b: Gardevoir|[miss]\n|-miss|p1a: Forecast|p2b: Gardevoir\n|move|p1b: Did you know?|Haze|p1b: Did you know?\n|-clearallboost\n|\n|-weather|RainDance|[upkeep]\n|upkeep\n|turn|3\n|\n|t:|1683057677\n|switch|p1a: Buttercup|Meowscarada, L50, F, shiny|22\/100\n|move|p2a: Dudunsparce|Protect|p2a: Dudunsparce\n|-singleturn|p2a: Dudunsparce|Protect\n|move|p2b: Gardevoir|Dazzling Gleam|p1b: Did you know?|[spread] p1a,p1b\n|-supereffective|p1a: Buttercup\n|-damage|p1a: Buttercup|0 fnt\n|-damage|p1b: Did you know?|23\/100\n|faint|p1a: Buttercup\n|move|p1b: Did you know?|Muddy Water|p2a: Dudunsparce|[spread] \n|-activate|p2a: Dudunsparce|move: Protect\n|-miss|p1b: Did you know?|p2b: Gardevoir\n|\n|-weather|RainDance|[upkeep]\n|upkeep\n|\n|t:|1683057688\n|switch|p1a: Snappers|Drednaw, L50, M|100\/100\n|turn|4\n|\n|t:|1683057710\n|-terastallize|p1a: Snappers|Water\n|move|p1a: Snappers|Liquidation|p2a: Dudunsparce\n|-damage|p2a: Dudunsparce|0 fnt\n|faint|p2a: Dudunsparce\n|-damage|p1a: Snappers|91\/100|[from] item: Life Orb\n|move|p2b: Gardevoir|Dazzling Gleam|p1a: Snappers|[spread] p1a,p1b\n|-damage|p1a: Snappers|44\/100\n|-damage|p1b: Did you know?|0 fnt\n|faint|p1b: Did you know?\n|\n|-weather|RainDance|[upkeep]\n|-sideend|p1: GalaxyPx10|move: Tailwind\n|upkeep\n|\n|t:|1683057721\n|switch|p1b: Forecast|Pelipper, L50, M|1\/100\n|switch|p2a: Jolteon|Jolteon, L50, F|50\/100\n|turn|5\n|\n|t:|1683057739\n|move|p1b: Forecast|Wide Guard|p1b: Forecast\n|-singleturn|p1b: Forecast|Wide Guard\n|move|p1a: Snappers|Rock Slide|p2b: Gardevoir|[spread] p2a,p2b\n|-damage|p2a: Jolteon|0 fnt\n|-damage|p2b: Gardevoir|28\/100\n|faint|p2a: Jolteon\n|-damage|p1a: Snappers|34\/100|[from] item: Life Orb\n|move|p2b: Gardevoir|Dazzling Gleam|p1b: Forecast|[spread] \n|-activate|p1a: Snappers|move: Wide Guard\n|-activate|p1b: Forecast|move: Wide Guard\n|\n|-weather|none\n|upkeep\n|\n|t:|1683057752\n|switch|p2a: Meowscarada|Meowscarada, L50, M|100\/100\n|turn|6\n|\n|t:|1683057764\n|move|p1a: Snappers|Protect|p1a: Snappers\n|-singleturn|p1a: Snappers|Protect\n|move|p2b: Gardevoir|Dazzling Gleam|p1a: Snappers|[spread] p1b\n|-activate|p1a: Snappers|move: Protect\n|-damage|p1b: Forecast|0 fnt\n|faint|p1b: Forecast\n|move|p2a: Meowscarada|Flower Trick|p1a: Snappers\n|-start|p2a: Meowscarada|typechange|Grass|[from] ability: Protean\n|-activate|p1a: Snappers|move: Protect\n|\n|upkeep\n|turn|7\n|\n|t:|1683057778\n|move|p2b: Gardevoir|Dazzling Gleam|p1a: Snappers\n|-damage|p1a: Snappers|0 fnt\n|faint|p1a: Snappers\n|\n|win|StickFlicks\n|raw|GalaxyPx10's rating: 1047 → 1028<\/strong> (-19 for losing)\n|raw|StickFlicks's rating: 1013 → 1055<\/strong> (+42 for winning)\n|c|\u2606GalaxyPx10|gg\n","uploadtime":1683057784,"views":8,"p1id":"galaxypx10","p2id":"stickflicks","formatid":"gen9vgc2023regulationc","rating":1028,"private":0,"password":""}