{"id":"gen9vgc2023regulationc-1858413667","p1":"aed96","p2":"Bacon204","format":"[Gen 9] VGC 2023 Regulation C","log":"|j|\u2606aed96\n|j|\u2606Bacon204\n|t:|1683310024\n|gametype|doubles\n|player|p1|aed96|red-masters|\n|player|p2|Bacon204|1|\n|teamsize|p1|6\n|teamsize|p2|6\n|gen|9\n|tier|[Gen 9] VGC 2023 Regulation C\n|rule|Species Clause: Limit one of each Pok\u00e9mon\n|rule|Item Clause: Limit one of each item\n|clearpoke\n|poke|p1|Azumarill, L50, F|\n|poke|p1|Garchomp, L50, F|\n|poke|p1|Kilowattrel, L50, M|\n|poke|p1|Gholdengo, L50|\n|poke|p1|Toedscruel, L50, M|\n|poke|p1|Skuntank, L50, F|\n|poke|p2|Ting-Lu, L50|\n|poke|p2|Florges, L50, F|\n|poke|p2|Gyarados, L50, M|\n|poke|p2|Dudunsparce-*, L50, F|\n|poke|p2|Raichu, L50, F|\n|poke|p2|Tsareena, L50, F|\n|teampreview|4\n|c|\u2606aed96|g3\naed96 rejected open team sheets.\n|j| judevgc\n|l| judevgc\n|c|\u2606aed96|glhf\n|\n|t:|1683310986\n|start\n|switch|p1a: Garchomp|Garchomp, L50, F|100\/100\n|switch|p1b: Gholdengo|Gholdengo, L50|100\/100\n|switch|p2a: Tsareena|Tsareena, L50, F|100\/100\n|switch|p2b: Gyarados|Gyarados, L50, M|100\/100\n|-ability|p2b: Gyarados|Intimidate|boost\n|-fail|p1a: Garchomp|unboost|[from] item: Clear Amulet|[of] p1a: Garchomp\n|-unboost|p1b: Gholdengo|atk|1\n|turn|1\n|\n|t:|1683311021\n|-terastallize|p2b: Gyarados|Grass\n|move|p1a: Garchomp|Protect|p1a: Garchomp\n|-singleturn|p1a: Garchomp|Protect\n|move|p1b: Gholdengo|Power Gem|p2b: Gyarados\n|-damage|p2b: Gyarados|74\/100\n|move|p2b: Gyarados|Dragon Dance|p2b: Gyarados\n|-boost|p2b: Gyarados|atk|1\n|-boost|p2b: Gyarados|spe|1\n|move|p2a: Tsareena|Play Rough|p1a: Garchomp\n|-activate|p1a: Garchomp|move: Protect\n|\n|upkeep\n|turn|2\n|\n|t:|1683311049\n|move|p2b: Gyarados|Crunch|p1b: Gholdengo\n|-supereffective|p1b: Gholdengo\n|-damage|p1b: Gholdengo|7\/100\n|-damage|p2b: Gyarados|64\/100|[from] item: Life Orb\n|move|p1a: Garchomp|Dragon Claw|p2b: Gyarados\n|-damage|p2b: Gyarados|21\/100\n|move|p1b: Gholdengo|Shadow Ball|p2b: Gyarados\n|-damage|p2b: Gyarados|0 fnt\n|faint|p2b: Gyarados\n|move|p2a: Tsareena|Play Rough|p1a: Garchomp\n|-supereffective|p1a: Garchomp\n|-damage|p1a: Garchomp|46\/100\n|-damage|p2a: Tsareena|88\/100|[from] ability: Rough Skin|[of] p1a: Garchomp\n|\n|upkeep\n|\n|t:|1683311073\n|switch|p2b: Dudunsparce|Dudunsparce, L50, F|100\/100\n|turn|3\n|\n|t:|1683311118\n|move|p1a: Garchomp|Dragon Claw|p2a: Tsareena\n|-damage|p2a: Tsareena|44\/100\n|move|p1b: Gholdengo|Shadow Ball|p2a: Tsareena\n|-damage|p2a: Tsareena|16\/100\n|move|p2a: Tsareena|Play Rough|p1a: Garchomp\n|-supereffective|p1a: Garchomp\n|-damage|p1a: Garchomp|0 fnt\n|-damage|p2a: Tsareena|3\/100|[from] ability: Rough Skin|[of] p1a: Garchomp\n|faint|p1a: Garchomp\n|move|p2b: Dudunsparce|Drill Run|p1b: Gholdengo\n|-supereffective|p1b: Gholdengo\n|-damage|p1b: Gholdengo|0 fnt\n|faint|p1b: Gholdengo\n|\n|upkeep\n|\n|t:|1683311125\n|switch|p1a: Azumarill|Azumarill, L50, F|100\/100\n|switch|p1b: Toedscruel|Toedscruel, L50, M|100\/100\n|turn|4\n|\n|t:|1683311149\n|move|p1a: Azumarill|Protect|p1a: Azumarill\n|-singleturn|p1a: Azumarill|Protect\n|move|p1b: Toedscruel|Giga Drain|p2a: Tsareena\n|-resisted|p2a: Tsareena\n|-damage|p2a: Tsareena|0 fnt\n|faint|p2a: Tsareena\n|move|p2b: Dudunsparce|Yawn|p1b: Toedscruel\n|-start|p1b: Toedscruel|move: Yawn|[of] p2b: Dudunsparce\n|\n|upkeep\n|\n|t:|1683311157\n|switch|p2a: Ting-Lu|Ting-Lu, L50|100\/100\n|-ability|p2a: Ting-Lu|Vessel of Ruin\n|turn|5\n|\n|t:|1683311205\n|-terastallize|p1a: Azumarill|Water\n|move|p1b: Toedscruel|Giga Drain|p2a: Ting-Lu\n|-supereffective|p2a: Ting-Lu\n|-damage|p2a: Ting-Lu|66\/100\n|move|p2b: Dudunsparce|Hyper Drill|p1a: Azumarill\n|-damage|p1a: Azumarill|51\/100\n|move|p2a: Ting-Lu|Ruination|p1b: Toedscruel\n|-damage|p1b: Toedscruel|51\/100\n|move|p1a: Azumarill|Liquidation|p2a: Ting-Lu\n|-supereffective|p2a: Ting-Lu\n|-damage|p2a: Ting-Lu|7\/100\n|\n|-end|p1b: Toedscruel|move: Yawn|[silent]\n|-status|p1b: Toedscruel|slp\n|upkeep\n|turn|6\n|\n|t:|1683311241\n|cant|p1b: Toedscruel|slp\n|move|p2b: Dudunsparce|Hyper Drill|p1a: Azumarill\n|-damage|p1a: Azumarill|2\/100\n|move|p1a: Azumarill|Liquidation|p2a: Ting-Lu\n|-supereffective|p2a: Ting-Lu\n|-damage|p2a: Ting-Lu|0 fnt\n|faint|p2a: Ting-Lu\n|\n|upkeep\n|turn|7\n|\n|t:|1683311257\n|move|p1a: Azumarill|Protect|p1a: Azumarill\n|-singleturn|p1a: Azumarill|Protect\n|cant|p1b: Toedscruel|slp\n|move|p2b: Dudunsparce|Hyper Drill|p1a: Azumarill\n|-damage|p1a: Azumarill|0 fnt\n|faint|p1a: Azumarill\n|\n|upkeep\n|turn|8\n|c|\u2606aed96|oh i forgot lol\n|c|\u2606Bacon204|hyper drill babyyy\n|\n|t:|1683311275\n|cant|p1b: Toedscruel|slp\n|move|p2b: Dudunsparce|Hyper Drill|p1b: Toedscruel\n|-damage|p1b: Toedscruel|0 fnt\n|faint|p1b: Toedscruel\n|\n|win|Bacon204\n|c|\u2606aed96|ggs\n|c|\u2606Bacon204|gg\n|l|\u2606aed96\n","uploadtime":1683311492,"views":18,"p1id":"aed96","p2id":"bacon204","formatid":"gen9vgc2023regulationc","rating":0,"private":0,"password":""}