{"id":"gen9vgc2023regulationc-1861206893","p1":"YoungMasterLegend","p2":"megamasters","format":"[Gen 9] VGC 2023 Regulation C","log":"|j|\u2606YoungMasterLegend\n|j|\u2606megamasters\n|t:|1683735859\n|gametype|doubles\n|player|p1|YoungMasterLegend|2|1157\n|player|p2|megamasters|hilda|1089\n|teamsize|p1|6\n|teamsize|p2|6\n|gen|9\n|tier|[Gen 9] VGC 2023 Regulation C\n|rated|\n|rule|Species Clause: Limit one of each Pok\u00e9mon\n|rule|Item Clause: Limit one of each item\n|clearpoke\n|poke|p1|Wo-Chien, L50|\n|poke|p1|Glimmora, L50, M|\n|poke|p1|Flutter Mane, L50|\n|poke|p1|Gyarados, L50, F|\n|poke|p1|Indeedee-F, L50, F|\n|poke|p1|Armarouge, L50, F|\n|poke|p2|Torkoal, L50, F|\n|poke|p2|Flutter Mane, L50|\n|poke|p2|Chien-Pao, L50|\n|poke|p2|Roaring Moon, L50|\n|poke|p2|Annihilape, L50, F|\n|poke|p2|Arcanine, L50, F|\n|teampreview|4\n|\n|t:|1683735915\n|start\n|switch|p1a: Flutter Mane|Flutter Mane, L50|100\/100\n|switch|p1b: Glimmora|Glimmora, L50, M|100\/100\n|switch|p2a: Arcanine|Arcanine, L50, F|100\/100\n|switch|p2b: Chien-Pao|Chien-Pao, L50|100\/100\n|-ability|p2b: Chien-Pao|Sword of Ruin\n|-ability|p2a: Arcanine|Intimidate|boost\n|-unboost|p1a: Flutter Mane|atk|1\n|-unboost|p1b: Glimmora|atk|1\n|-enditem|p1a: Flutter Mane|Booster Energy\n|-activate|p1a: Flutter Mane|ability: Protosynthesis|[fromitem]\n|-start|p1a: Flutter Mane|protosynthesisspe\n|turn|1\n|\n|t:|1683735944\n|move|p2b: Chien-Pao|Protect|p2b: Chien-Pao\n|-singleturn|p2b: Chien-Pao|Protect\n|move|p1b: Glimmora|Spiky Shield|p1b: Glimmora\n|-singleturn|p1b: Glimmora|move: Protect\n|move|p1a: Flutter Mane|Moonblast|p2b: Chien-Pao\n|-activate|p2b: Chien-Pao|move: Protect\n|move|p2a: Arcanine|Bulldoze|p1b: Glimmora|[spread] p1a\n|-activate|p2b: Chien-Pao|move: Protect\n|-activate|p1b: Glimmora|move: Protect\n|-damage|p1a: Flutter Mane|69\/100\n|-unboost|p1a: Flutter Mane|spe|1\n|\n|upkeep\n|turn|2\n|\n|t:|1683735978\n|-end|p1a: Flutter Mane|Protosynthesis|[silent]\n|switch|p1a: Armarouge|Armarouge, L50, F|100\/100\n|-terastallize|p2b: Chien-Pao|Flying\n|-terastallize|p1b: Glimmora|Ground\n|move|p2b: Chien-Pao|Sucker Punch||[still]\n|-fail|p2b: Chien-Pao\n|move|p2a: Arcanine|Bulldoze|p1b: Glimmora|[spread] p1a,p1b\n|-immune|p2b: Chien-Pao\n|-supereffective|p1a: Armarouge\n|-damage|p1a: Armarouge|71\/100\n|-damage|p1b: Glimmora|86\/100\n|-unboost|p1a: Armarouge|spe|1\n|-unboost|p1b: Glimmora|spe|1\n|-activate|p1b: Glimmora|ability: Toxic Debris\n|-sidestart|p2: megamasters|move: Toxic Spikes\n|-enditem|p1a: Armarouge|White Herb\n|-clearnegativeboost|p1a: Armarouge|[silent]\n|move|p1b: Glimmora|Sludge Bomb|p2b: Chien-Pao\n|-damage|p2b: Chien-Pao|19\/100\n|-status|p2b: Chien-Pao|psn\n|\n|-damage|p2b: Chien-Pao|6\/100 psn|[from] psn\n|upkeep\n|turn|3\n|\n|t:|1683736006\n|switch|p1b: Indeedee|Indeedee-F, L50, F|100\/100\n|-fieldstart|move: Psychic Terrain|[from] ability: Psychic Surge|[of] p1b: Indeedee\n|move|p2b: Chien-Pao|Sucker Punch|p1a: Armarouge\n|-activate|p1a: Armarouge|move: Psychic Terrain\n|move|p2a: Arcanine|Snarl|p1b: Indeedee|[spread] p1a,p1b\n|-supereffective|p1a: Armarouge\n|-supereffective|p1b: Indeedee\n|-damage|p1a: Armarouge|50\/100\n|-damage|p1b: Indeedee|82\/100\n|-unboost|p1a: Armarouge|spa|1\n|-unboost|p1b: Indeedee|spa|1\n|move|p1a: Armarouge|Expanding Force|p2a: Arcanine|[spread] p2a,p2b\n|-damage|p2a: Arcanine|62\/100\n|-damage|p2b: Chien-Pao|0 fnt\n|faint|p2b: Chien-Pao\n|\n|upkeep\n|\n|t:|1683736035\n|switch|p2b: Flutter Mane|Flutter Mane, L50|100\/100\n|-status|p2b: Flutter Mane|psn\n|turn|4\n|\n|t:|1683736064\n|move|p2b: Flutter Mane|Dazzling Gleam|p1a: Armarouge|[spread] p1a,p1b\n|-resisted|p1a: Armarouge\n|-damage|p1a: Armarouge|26\/100\n|-damage|p1b: Indeedee|42\/100\n|move|p2a: Arcanine|Snarl|p1a: Armarouge|[spread] p1a,p1b\n|-supereffective|p1a: Armarouge\n|-supereffective|p1b: Indeedee\n|-damage|p1a: Armarouge|4\/100\n|-damage|p1b: Indeedee|21\/100\n|-unboost|p1a: Armarouge|spa|1\n|-unboost|p1b: Indeedee|spa|1\n|move|p1a: Armarouge|Expanding Force|p2a: Arcanine|[spread] p2a,p2b\n|-damage|p2a: Arcanine|30\/100\n|-damage|p2b: Flutter Mane|68\/100 psn\n|move|p1b: Indeedee|Trick Room|p1b: Indeedee\n|-fieldstart|move: Trick Room|[of] p1b: Indeedee\n|\n|-damage|p2b: Flutter Mane|56\/100 psn|[from] psn\n|upkeep\n|turn|5\n|\n|t:|1683736080\n|move|p1b: Indeedee|Helping Hand|p1a: Armarouge\n|-singleturn|p1a: Armarouge|Helping Hand|[of] p1b: Indeedee\n|move|p1a: Armarouge|Expanding Force|p2b: Flutter Mane|[spread] p2a,p2b\n|-crit|p2b: Flutter Mane\n|-damage|p2a: Arcanine|0 fnt\n|-damage|p2b: Flutter Mane|0 fnt\n|faint|p2a: Arcanine\n|faint|p2b: Flutter Mane\n|-end|p2b: Flutter Mane|Protosynthesis|[silent]\n|\n|upkeep\n|\n|t:|1683736090\n|switch|p2b: Annihilape|Annihilape, L50, F|100\/100\n|-status|p2b: Annihilape|psn\n|turn|6\n|\n|t:|1683736097\n|move|p1b: Indeedee|Helping Hand|p1a: Armarouge\n|-singleturn|p1a: Armarouge|Helping Hand|[of] p1b: Indeedee\n|move|p2b: Annihilape|Protect|p2b: Annihilape\n|-singleturn|p2b: Annihilape|Protect\n|move|p1a: Armarouge|Expanding Force|p2b: Annihilape\n|-activate|p2b: Annihilape|move: Protect\n|\n|-damage|p2b: Annihilape|88\/100 psn|[from] psn\n|upkeep\n|turn|7\n|\n|t:|1683736130\n|move|p1b: Indeedee|Helping Hand|p1a: Armarouge\n|-singleturn|p1a: Armarouge|Helping Hand|[of] p1b: Indeedee\n|move|p1a: Armarouge|Expanding Force|p2b: Annihilape\n|-supereffective|p2b: Annihilape\n|-damage|p2b: Annihilape|0 fnt\n|faint|p2b: Annihilape\n|\n|win|YoungMasterLegend\n|raw|YoungMasterLegend's rating: 1157 → 1177<\/strong> (+20 for winning)\n|raw|megamasters's rating: 1089 → 1070<\/strong> (-19 for losing)\n","uploadtime":1683736134,"views":10,"p1id":"youngmasterlegend","p2id":"megamasters","formatid":"gen9vgc2023regulationc","rating":1070,"private":0,"password":""}