{"id":"gen9vgc2023regulationc-1860607505","p1":"TiggelWiggel","p2":"zippLapZapper","format":"[Gen 9] VGC 2023 Regulation C","log":"|j|\u2606TiggelWiggel\n|j|\u2606zippLapZapper\n|t:|1683658550\n|gametype|doubles\n|player|p1|TiggelWiggel|infielder|\n|player|p2|zippLapZapper|hilbert-wonderlauncher|\n|teamsize|p1|6\n|teamsize|p2|6\n|gen|9\n|tier|[Gen 9] VGC 2023 Regulation C\n|rule|Species Clause: Limit one of each Pok\u00e9mon\n|rule|Item Clause: Limit one of each item\n|clearpoke\n|poke|p1|Amoonguss, L50, F|\n|poke|p1|Palafin, L50, F|\n|poke|p1|Gholdengo, L50|\n|poke|p1|Arcanine, L50, F|\n|poke|p1|Iron Hands, L50|\n|poke|p1|Roaring Moon, L50|\n|poke|p2|Garchomp, L50, F|\n|poke|p2|Talonflame, L50, M|\n|poke|p2|Flutter Mane, L50|\n|poke|p2|Iron Bundle, L50|\n|poke|p2|Chien-Pao, L50|\n|poke|p2|Tyranitar, L50, M|\n|teampreview|4\nzippLapZapper has agreed to open team sheets.\n|c|\u2606zippLapZapper|g2\nTiggelWiggel has agreed to open team sheets.\n|c|\u2606zippLapZapper|gl hf\n|c|\u2606TiggelWiggel|u2\n|inactive|Battle timer is ON: inactive players will automatically lose when time's up. (requested by zippLapZapper)\n|inactive|zippLapZapper has 60 seconds left.\n|\n|t:|1683659201\n|start\n|switch|p1a: Gholdengo|Gholdengo, L50|100\/100\n|switch|p1b: Palafin|Palafin, L50, F|100\/100\n|switch|p2a: Iron Bundle|Iron Bundle, L50|100\/100\n|switch|p2b: Tyranitar|Tyranitar, L50, M|100\/100\n|-weather|Sandstorm|[from] ability: Sand Stream|[of] p2b: Tyranitar\n|-enditem|p2a: Iron Bundle|Booster Energy\n|-activate|p2a: Iron Bundle|ability: Quark Drive|[fromitem]\n|-start|p2a: Iron Bundle|quarkdrivespe\n|turn|1\n|inactive|zippLapZapper has 30 seconds left.\n|\n|t:|1683659226\n|detailschange|p1b: Palafin|Palafin-Hero, L50, F\n|switch|p1b: Arcanine|Arcanine, L50, F|100\/100\n|-ability|p1b: Arcanine|Intimidate|boost\n|-unboost|p2a: Iron Bundle|atk|1\n|-unboost|p2b: Tyranitar|atk|1\n|move|p1a: Gholdengo|Protect|p1a: Gholdengo\n|-singleturn|p1a: Gholdengo|Protect\n|move|p2a: Iron Bundle|Freeze-Dry|p1a: Gholdengo\n|-activate|p1a: Gholdengo|move: Protect\n|move|p2b: Tyranitar|Assurance|p1a: Gholdengo\n|-activate|p1a: Gholdengo|move: Protect\n|\n|-weather|Sandstorm|[upkeep]\n|-damage|p2a: Iron Bundle|95\/100|[from] Sandstorm\n|upkeep\n|turn|2\n|inactive|TiggelWiggel has 30 seconds left.\n|\n|t:|1683659257\n|move|p2a: Iron Bundle|Freeze-Dry|p1a: Gholdengo\n|-resisted|p1a: Gholdengo\n|-damage|p1a: Gholdengo|86\/100\n|move|p1b: Arcanine|Will-O-Wisp|p2b: Tyranitar\n|-status|p2b: Tyranitar|brn\n|move|p1a: Gholdengo|Make It Rain|p2b: Tyranitar|[spread] p2a,p2b\n|-supereffective|p2b: Tyranitar\n|-damage|p2a: Iron Bundle|17\/100\n|-damage|p2b: Tyranitar|59\/100 brn\n|-unboost|p1a: Gholdengo|spa|1\n|move|p2b: Tyranitar|Assurance|p1a: Gholdengo\n|-supereffective|p1a: Gholdengo\n|-damage|p1a: Gholdengo|45\/100\n|\n|-weather|Sandstorm|[upkeep]\n|-damage|p2a: Iron Bundle|12\/100|[from] Sandstorm\n|-heal|p1a: Gholdengo|51\/100|[from] item: Leftovers\n|-damage|p2b: Tyranitar|53\/100 brn|[from] brn\n|upkeep\n|turn|3\n|\n|t:|1683659280\n|switch|p1a: Palafin|Palafin-Hero, L50, F|100\/100\n|-activate|p1a: Palafin|ability: Zero to Hero\n|move|p2a: Iron Bundle|Protect|p2a: Iron Bundle\n|-singleturn|p2a: Iron Bundle|Protect\n|move|p1b: Arcanine|Extreme Speed|p2a: Iron Bundle\n|-activate|p2a: Iron Bundle|move: Protect\n|move|p2b: Tyranitar|Rock Slide|p1b: Arcanine|[spread] p1a,p1b\n|-supereffective|p1b: Arcanine\n|-damage|p1a: Palafin|91\/100\n|-damage|p1b: Arcanine|80\/100\n|\n|-weather|Sandstorm|[upkeep]\n|-damage|p2a: Iron Bundle|6\/100|[from] Sandstorm\n|-damage|p1a: Palafin|85\/100|[from] Sandstorm\n|-damage|p2b: Tyranitar|47\/100 brn|[from] brn\n|upkeep\n|turn|4\n|inactive|TiggelWiggel has 30 seconds left.\n|\n|t:|1683659312\n|switch|p1b: Amoonguss|Amoonguss, L50, F|100\/100\n|-terastallize|p2a: Iron Bundle|Ghost\n|move|p1a: Palafin|Jet Punch|p2a: Iron Bundle\n|-damage|p2a: Iron Bundle|0 fnt\n|faint|p2a: Iron Bundle\n|-end|p2a: Iron Bundle|Quark Drive|[silent]\n|move|p2b: Tyranitar|Rock Slide|p1b: Amoonguss|[spread] p1a,p1b\n|-damage|p1a: Palafin|76\/100\n|-damage|p1b: Amoonguss|91\/100\n|\n|-weather|Sandstorm|[upkeep]\n|-damage|p1a: Palafin|70\/100|[from] Sandstorm\n|-damage|p1b: Amoonguss|85\/100|[from] Sandstorm\n|-damage|p2b: Tyranitar|41\/100 brn|[from] brn\n|upkeep\n|inactive|zippLapZapper has 30 seconds left.\n|\n|t:|1683659346\n|switch|p2a: Garchomp|Garchomp, L50, F|100\/100\n|turn|5\n|-message|zippLapZapper forfeited.\n|\n|win|TiggelWiggel\n|c|\u2606zippLapZapper|gg\n","uploadtime":1683659361,"views":25,"p1id":"tiggelwiggel","p2id":"zipplapzapper","formatid":"gen9vgc2023regulationc","rating":0,"private":0,"password":""}