{"id":"gen9vgc2023regulationc-1850489674","p1":"haha u rage quit","p2":"Sonite","format":"[Gen 9] VGC 2023 Regulation C","log":"|j|\u2606haha u rage quit\n|j|\u2606Sonite\n|t:|1682342393\n|gametype|doubles\n|player|p1|haha u rage quit|pokemaniac|1179\n|player|p2|Sonite|cheren-gen5bw2|1218\n|teamsize|p1|6\n|teamsize|p2|6\n|gen|9\n|tier|[Gen 9] VGC 2023 Regulation C\n|rated|\n|rule|Species Clause: Limit one of each Pok\u00e9mon\n|rule|Item Clause: Limit one of each item\n|clearpoke\n|poke|p1|Torkoal, L50, M|\n|poke|p1|Dondozo, L50, M|\n|poke|p1|Indeedee-F, L50, F|\n|poke|p1|Kingambit, L50, M|\n|poke|p1|Hatterene, L50, F|\n|poke|p1|Armarouge, L50, M|\n|poke|p2|Abomasnow, L50, F|\n|poke|p2|Cetitan, L50, F|\n|poke|p2|Slowking, L50, M|\n|poke|p2|Iron Hands, L50|\n|poke|p2|Arcanine, L50, F|\n|poke|p2|Ceruledge, L50, F|\n|teampreview|4\n|inactive|Battle timer is ON: inactive players will automatically lose when time's up. (requested by Sonite)\nSonite has agreed to open team sheets.\n|\n|t:|1682342452\n|start\n|switch|p1a: Indeedee|Indeedee-F, L50, F, shiny|100\/100\n|switch|p1b: Armarouge|Armarouge, L50, M|100\/100\n|switch|p2a: Arcanine|Arcanine, L50, F|100\/100\n|switch|p2b: Slowking|Slowking, L50, M|100\/100\n|-fieldstart|move: Psychic Terrain|[from] ability: Psychic Surge|[of] p1a: Indeedee\n|-enditem|p1a: Indeedee|Psychic Seed\n|-boost|p1a: Indeedee|spd|1|[from] item: Psychic Seed\n|turn|1\n|\n|t:|1682342473\n|move|p1a: Indeedee|Helping Hand|p1b: Armarouge\n|-singleturn|p1b: Armarouge|Helping Hand|[of] p1a: Indeedee\n|move|p2a: Arcanine|Flare Blitz|p1a: Indeedee\n|-damage|p1a: Indeedee|26\/100\n|-damage|p2a: Arcanine|74\/100|[from] Recoil\n|move|p1b: Armarouge|Expanding Force|p2b: Slowking|[spread] p2a,p2b\n|-resisted|p2b: Slowking\n|-damage|p2a: Arcanine|0 fnt\n|-damage|p2b: Slowking|60\/100\n|faint|p2a: Arcanine\n|move|p2b: Slowking|Yawn|p1b: Armarouge\n|-start|p1b: Armarouge|move: Yawn|[of] p2b: Slowking\n|\n|upkeep\n|\n|t:|1682342487\n|switch|p2a: Ceruledge|Ceruledge, L50, F|100\/100\n|turn|2\n|\n|t:|1682342499\n|move|p2a: Ceruledge|Protect|p2a: Ceruledge\n|-singleturn|p2a: Ceruledge|Protect\n|move|p1a: Indeedee|Follow Me|p1a: Indeedee\n|-singleturn|p1a: Indeedee|move: Follow Me\n|move|p2b: Slowking|Chilly Reception|p2b: Slowking\n|-weather|Snow\n|\n|t:|1682342507\n|switch|p2b: Cetitan|Cetitan, L50, F|100\/100|[from] Chilly Reception\n|move|p1b: Armarouge|Trick Room|p1b: Armarouge\n|-fieldstart|move: Trick Room|[of] p1b: Armarouge\n|\n|-weather|Snow|[upkeep]\n|-end|p1b: Armarouge|move: Yawn|[silent]\n|-status|p1b: Armarouge|slp\n|upkeep\n|turn|3\n|\n|t:|1682342531\n|switch|p1b: Hatterene|Hatterene, L50, F|100\/100\n|switch|p1a: Torkoal|Torkoal, L50, M|100\/100\n|-weather|SunnyDay|[from] ability: Drought|[of] p1a: Torkoal\n|move|p2b: Cetitan|Icicle Crash|p1a: Torkoal\n|-resisted|p1a: Torkoal\n|-damage|p1a: Torkoal|84\/100\n|move|p2a: Ceruledge|Bulk Up|p2a: Ceruledge\n|-boost|p2a: Ceruledge|atk|1\n|-boost|p2a: Ceruledge|def|1\n|\n|-weather|SunnyDay|[upkeep]\n|upkeep\n|turn|4\n|inactive|haha u rage quit has 30 seconds left.\n|inactive|haha u rage quit has 20 seconds left.\n|inactive|haha u rage quit has 15 seconds left.\n|\n|t:|1682342573\n|switch|p2b: Slowking|Slowking, L50, M|93\/100\n|-terastallize|p1b: Hatterene|Fire\n|move|p1a: Torkoal|Earth Power|p2a: Ceruledge\n|-supereffective|p2a: Ceruledge\n|-damage|p2a: Ceruledge|53\/100\n|move|p1b: Hatterene|Dazzling Gleam|p2b: Slowking|[spread] p2a,p2b\n|-resisted|p2a: Ceruledge\n|-damage|p2a: Ceruledge|32\/100\n|-damage|p2b: Slowking|56\/100\n|-damage|p1b: Hatterene|91\/100|[from] item: Life Orb\n|move|p2a: Ceruledge|Bitter Blade|p1b: Hatterene\n|-resisted|p1b: Hatterene\n|-damage|p1b: Hatterene|40\/100\n|-heal|p2a: Ceruledge|55\/100|[from] drain|[of] p1b: Hatterene\n|\n|-weather|SunnyDay|[upkeep]\n|-heal|p2a: Ceruledge|61\/100|[from] item: Leftovers\n|upkeep\n|turn|5\n|inactive|Sonite has 30 seconds left.\n|inactive|Sonite has 20 seconds left.\n|inactive|Sonite has 15 seconds left.\n|\n|t:|1682342616\n|-terastallize|p2a: Ceruledge|Grass\n|move|p1a: Torkoal|Eruption|p2a: Ceruledge|[spread] p2b\n|-start|p2a: Ceruledge|ability: Flash Fire\n|-resisted|p2b: Slowking\n|-damage|p2b: Slowking|26\/100\n|move|p1b: Hatterene|Psychic|p2a: Ceruledge\n|-damage|p2a: Ceruledge|0 fnt\n|faint|p2a: Ceruledge\n|-damage|p1b: Hatterene|30\/100|[from] item: Life Orb\n|move|p2b: Slowking|Psyshock|p1b: Hatterene\n|-damage|p1b: Hatterene|0 fnt\n|faint|p1b: Hatterene\n|\n|-weather|SunnyDay|[upkeep]\n|-fieldend|move: Psychic Terrain\n|upkeep\n|\n|t:|1682342634\n|switch|p1b: Armarouge|Armarouge, L50, M|100\/100 slp\n|switch|p2a: Cetitan|Cetitan, L50, F|100\/100\n|turn|6\n|\n|t:|1682342652\n|move|p1a: Torkoal|Eruption|p2b: Slowking|[spread] p2a,p2b\n|-supereffective|p2a: Cetitan\n|-resisted|p2b: Slowking\n|-damage|p2a: Cetitan|1\/100\n|-damage|p2b: Slowking|0 fnt\n|faint|p2b: Slowking\n|cant|p1b: Armarouge|slp\n|move|p2a: Cetitan|Liquidation|p1b: Armarouge\n|-supereffective|p1b: Armarouge\n|-damage|p1b: Armarouge|73\/100 slp\n|-enditem|p1b: Armarouge|Weakness Policy\n|-boost|p1b: Armarouge|atk|2|[from] item: Weakness Policy\n|-boost|p1b: Armarouge|spa|2|[from] item: Weakness Policy\n|\n|-weather|SunnyDay|[upkeep]\n|-fieldend|move: Trick Room\n|upkeep\n|turn|7\n|\n|t:|1682342665\n|move|p2a: Cetitan|Liquidation|p1a: Torkoal\n|-supereffective|p1a: Torkoal\n|-damage|p1a: Torkoal|64\/100\n|-unboost|p1a: Torkoal|def|1\n|cant|p1b: Armarouge|slp\n|move|p1a: Torkoal|Eruption|p2a: Cetitan\n|-supereffective|p2a: Cetitan\n|-damage|p2a: Cetitan|0 fnt\n|faint|p2a: Cetitan\n|\n|win|haha u rage quit\n|raw|haha u rage quit's rating: 1179 → 1207<\/strong> (+28 for winning)\n|raw|Sonite's rating: 1218 → 1190<\/strong> (-28 for losing)\n|l|\u2606Sonite\n","uploadtime":1682342701,"views":25,"p1id":"hahauragequit","p2id":"sonite","formatid":"gen9vgc2023regulationc","rating":1190,"private":0,"password":""}