{"id":"gen9vgc2023regulationc-1855680768","p1":"SeydouVGC","p2":"SerialThrill","format":"[Gen 9] VGC 2023 Regulation C","log":"|j|\u2606SeydouVGC\n|j|\u2606SerialThrill\n|t:|1682972651\n|gametype|doubles\n|player|p1|SeydouVGC|flint|1271\n|player|p2|SerialThrill|swimmerf|1226\n|teamsize|p1|6\n|teamsize|p2|6\n|gen|9\n|tier|[Gen 9] VGC 2023 Regulation C\n|rated|\n|rule|Species Clause: Limit one of each Pok\u00e9mon\n|rule|Item Clause: Limit one of each item\n|clearpoke\n|poke|p1|Ting-Lu, L50|\n|poke|p1|Torkoal, L50, M|\n|poke|p1|Flutter Mane, L50|\n|poke|p1|Iron Hands, L50|\n|poke|p1|Bronzong, L50|\n|poke|p1|Gyarados, L50, M|\n|poke|p2|Pelipper, L50, F|\n|poke|p2|Palafin, L50, M|\n|poke|p2|Dragonite, L50, F|\n|poke|p2|Amoonguss, L50, F|\n|poke|p2|Baxcalibur, L50, M|\n|poke|p2|Iron Hands, L50|\n|teampreview|4\n|\n|t:|1682972695\n|start\n|switch|p1a: Iron Hands|Iron Hands, L50|100\/100\n|switch|p1b: Bronzong|Bronzong, L50|100\/100\n|switch|p2a: Amoonguss|Amoonguss, L50, F|100\/100\n|switch|p2b: Palafin|Palafin, L50, M|100\/100\n|turn|1\n|\n|t:|1682972726\n|detailschange|p2b: Palafin|Palafin-Hero, L50, M\n|switch|p2b: Baxcalibur|Baxcalibur, L50, M|100\/100\n|-terastallize|p1a: Iron Hands|Grass\n|move|p1a: Iron Hands|Wild Charge|p2b: Baxcalibur\n|-resisted|p2b: Baxcalibur\n|-damage|p2b: Baxcalibur|76\/100\n|-damage|p1a: Iron Hands|95\/100|[from] Recoil\n|move|p2a: Amoonguss|Spore|p1b: Bronzong\n|-activate|p1b: Bronzong|item: Safety Goggles|Spore\n|move|p1b: Bronzong|Safeguard|p1b: Bronzong\n|-sidestart|p1: SeydouVGC|Safeguard\n|\n|upkeep\n|turn|2\n|\n|t:|1682972755\n|-end|p1a: Iron Hands|Quark Drive|[silent]\n|switch|p1a: Torkoal|Torkoal, L50, M|100\/100\n|-weather|SunnyDay|[from] ability: Drought|[of] p1a: Torkoal\n|move|p2a: Amoonguss|Rage Powder|p2a: Amoonguss\n|-singleturn|p2a: Amoonguss|move: Rage Powder\n|move|p2b: Baxcalibur|Icicle Crash|p1a: Torkoal|[miss]\n|-miss|p2b: Baxcalibur|p1a: Torkoal\n|move|p1b: Bronzong|Trick Room|p1b: Bronzong\n|-fieldstart|move: Trick Room|[of] p1b: Bronzong\n|\n|-weather|SunnyDay|[upkeep]\n|upkeep\n|turn|3\n|\n|t:|1682972773\n|switch|p1b: Iron Hands|Iron Hands, L50, tera:Grass|95\/100\n|switch|p2a: Pelipper|Pelipper, L50, F|100\/100\n|-weather|RainDance|[from] ability: Drizzle|[of] p2a: Pelipper\n|move|p2b: Baxcalibur|Protect|p2b: Baxcalibur\n|-singleturn|p2b: Baxcalibur|Protect\n|move|p1a: Torkoal|Eruption|p2a: Pelipper|[spread] p2a\n|-activate|p2b: Baxcalibur|move: Protect\n|-resisted|p2a: Pelipper\n|-damage|p2a: Pelipper|82\/100\n|\n|-weather|RainDance|[upkeep]\n|upkeep\n|turn|4\n|\n|t:|1682972804\n|switch|p1a: Gyarados|Gyarados, L50, M|100\/100\n|-ability|p1a: Gyarados|Intimidate|boost\n|-unboost|p2a: Pelipper|atk|1\n|-unboost|p2b: Baxcalibur|atk|1\n|move|p1b: Iron Hands|Volt Switch|p2a: Pelipper\n|-supereffective|p2a: Pelipper\n|-damage|p2a: Pelipper|0 fnt\n|faint|p2a: Pelipper\n|\n|t:|1682972812\n|-end|p1b: Iron Hands|Quark Drive|[silent]\n|switch|p1b: Torkoal|Torkoal, L50, M|100\/100|[from] Volt Switch\n|-weather|SunnyDay|[from] ability: Drought|[of] p1b: Torkoal\n|move|p2b: Baxcalibur|Icicle Crash|p1b: Torkoal\n|-resisted|p1b: Torkoal\n|-damage|p1b: Torkoal|87\/100\n|\n|-weather|SunnyDay|[upkeep]\n|upkeep\n|\n|t:|1682972822\n|switch|p2a: Palafin|Palafin-Hero, L50, M|100\/100\n|-activate|p2a: Palafin|ability: Zero to Hero\n|turn|5\n|\n|t:|1682972836\n|switch|p2b: Amoonguss|Amoonguss, L50, F|100\/100\n|move|p1b: Torkoal|Heat Wave|p2b: Amoonguss|[spread] p2a,p2b\n|-resisted|p2a: Palafin\n|-supereffective|p2b: Amoonguss\n|-damage|p2a: Palafin|76\/100\n|-damage|p2b: Amoonguss|21\/100\n|-enditem|p2b: Amoonguss|Sitrus Berry|[eat]\n|-heal|p2b: Amoonguss|46\/100|[from] item: Sitrus Berry\n|move|p2a: Palafin|Wave Crash|p1b: Torkoal\n|-supereffective|p1b: Torkoal\n|-damage|p1b: Torkoal|18\/100\n|-enditem|p1b: Torkoal|Weakness Policy\n|-boost|p1b: Torkoal|atk|2|[from] item: Weakness Policy\n|-boost|p1b: Torkoal|spa|2|[from] item: Weakness Policy\n|-damage|p2a: Palafin|57\/100|[from] Recoil\n|move|p1a: Gyarados|Thunder Wave|p2a: Palafin|[miss]\n|-miss|p1a: Gyarados|p2a: Palafin\n|\n|-weather|SunnyDay|[upkeep]\n|-sideend|p1: SeydouVGC|Safeguard\n|upkeep\n|turn|6\n|\n|t:|1682972871\n|switch|p1b: Iron Hands|Iron Hands, L50, tera:Grass|95\/100\n|switch|p1a: Bronzong|Bronzong, L50|100\/100\n|move|p2a: Palafin|Jet Punch|p1b: Iron Hands\n|-resisted|p1b: Iron Hands\n|-crit|p1b: Iron Hands\n|-damage|p1b: Iron Hands|83\/100\n|move|p2b: Amoonguss|Spore|p1a: Bronzong\n|-activate|p1a: Bronzong|item: Safety Goggles|Spore\n|\n|-weather|SunnyDay|[upkeep]\n|-fieldend|move: Trick Room\n|upkeep\n|turn|7\n|\n|t:|1682972891\n|move|p1b: Iron Hands|Fake Out|p2a: Palafin\n|-damage|p2a: Palafin|42\/100\n|move|p2b: Amoonguss|Rage Powder|p2b: Amoonguss\n|-singleturn|p2b: Amoonguss|move: Rage Powder\n|cant|p2a: Palafin|flinch\n|move|p1a: Bronzong|Trick Room|p1a: Bronzong\n|-fieldstart|move: Trick Room|[of] p1a: Bronzong\n|\n|-weather|SunnyDay|[upkeep]\n|upkeep\n|turn|8\n|\n|t:|1682972914\n|switch|p2b: Baxcalibur|Baxcalibur, L50, M|76\/100\n|move|p2a: Palafin|Protect|p2a: Palafin\n|-singleturn|p2a: Palafin|Protect\n|move|p1a: Bronzong|Safeguard|p1a: Bronzong\n|-sidestart|p1: SeydouVGC|Safeguard\n|move|p1b: Iron Hands|Wild Charge|p2a: Palafin\n|-activate|p2a: Palafin|move: Protect\n|\n|-weather|none\n|upkeep\n|turn|9\n|\n|t:|1682972930\n|switch|p2a: Amoonguss|Amoonguss, L50, F|80\/100\n|move|p1a: Bronzong|Body Press|p2b: Baxcalibur\n|-supereffective|p2b: Baxcalibur\n|-damage|p2b: Baxcalibur|30\/100\n|move|p1b: Iron Hands|Volt Switch|p2a: Amoonguss\n|-resisted|p2a: Amoonguss\n|-damage|p2a: Amoonguss|74\/100\n|\n|t:|1682972940\n|-end|p1b: Iron Hands|Quark Drive|[silent]\n|switch|p1b: Gyarados|Gyarados, L50, M|100\/100|[from] Volt Switch\n|-ability|p1b: Gyarados|Intimidate|boost\n|-unboost|p2a: Amoonguss|atk|1\n|-unboost|p2b: Baxcalibur|atk|1\n|move|p2b: Baxcalibur|Icicle Crash|p1b: Gyarados\n|-damage|p1b: Gyarados|68\/100\n|\n|upkeep\n|turn|10\n|\n|t:|1682972955\n|move|p2b: Baxcalibur|Protect|p2b: Baxcalibur\n|-singleturn|p2b: Baxcalibur|Protect\n|move|p1a: Bronzong|Body Press|p2b: Baxcalibur\n|-activate|p2b: Baxcalibur|move: Protect\n|move|p2a: Amoonguss|Pollen Puff|p2b: Baxcalibur\n|-activate|p2b: Baxcalibur|move: Protect\n|move|p1b: Gyarados|Taunt|p2a: Amoonguss\n|-start|p2a: Amoonguss|move: Taunt\n|\n|upkeep\n|turn|11\n|\n|t:|1682972979\n|move|p1a: Bronzong|Body Press|p2b: Baxcalibur\n|-supereffective|p2b: Baxcalibur\n|-damage|p2b: Baxcalibur|0 fnt\n|faint|p2b: Baxcalibur\n|move|p2a: Amoonguss|Pollen Puff|p1a: Bronzong\n|-damage|p1a: Bronzong|87\/100\n|move|p1b: Gyarados|Thunder Wave|p2a: Amoonguss\n|-status|p2a: Amoonguss|par\n|\n|-fieldend|move: Trick Room\n|upkeep\n|-message|SerialThrill forfeited.\n|\n|win|SeydouVGC\n|raw|SeydouVGC's rating: 1271 → 1293<\/strong> (+22 for winning)\n|raw|SerialThrill's rating: 1226 → 1204<\/strong> (-22 for losing)\n|l|\u2606SerialThrill\n","uploadtime":1682972992,"views":13,"p1id":"seydouvgc","p2id":"serialthrill","formatid":"gen9vgc2023regulationc","rating":1204,"private":0,"password":""}