{"id":"gen9vgc2023regulationc-1846000120","p1":"shhh6","p2":"TheShuckler69","format":"[Gen 9] VGC 2023 Regulation C","log":"|j|\u2606shhh6\n|j|\u2606TheShuckler69\n|t:|1681789420\n|gametype|doubles\n|player|p1|shhh6|101|1215\n|player|p2|TheShuckler69|harlequin|1217\n|teamsize|p1|6\n|teamsize|p2|6\n|gen|9\n|tier|[Gen 9] VGC 2023 Regulation C\n|rated|\n|rule|Species Clause: Limit one of each Pok\u00e9mon\n|rule|Item Clause: Limit one of each item\n|clearpoke\n|poke|p1|Torkoal, L50, F|\n|poke|p1|Chi-Yu, L50|\n|poke|p1|Bronzong, L50|\n|poke|p1|Gastrodon, L50, M|\n|poke|p1|Grimmsnarl, L50, M|\n|poke|p1|Skeledirge, L50, F|\n|poke|p2|Ting-Lu, L50|\n|poke|p2|Wo-Chien, L50|\n|poke|p2|Flutter Mane, L50|\n|poke|p2|Gholdengo, L50|\n|poke|p2|Palafin, L50, M|\n|poke|p2|Gothitelle, L50, F|\n|teampreview|4\n|inactive|Battle timer is ON: inactive players will automatically lose when time's up. (requested by TheShuckler69)\n|inactive|TheShuckler69 has 60 seconds left.\n|\n|t:|1681789451\n|start\n|switch|p1a: Grimmsnarl|Grimmsnarl, L50, M|100\/100\n|switch|p1b: Skeledirge|Skeledirge, L50, F|100\/100\n|switch|p2a: Palafin|Palafin, L50, M, shiny|100\/100\n|switch|p2b: Ting-Lu|Ting-Lu, L50|100\/100\n|-ability|p2b: Ting-Lu|Vessel of Ruin\n|turn|1\n|\n|t:|1681789476\n|detailschange|p2a: Palafin|Palafin-Hero, L50, M, shiny\n|switch|p2a: Flutter Mane|Flutter Mane, L50|100\/100\n|move|p1a: Grimmsnarl|Fake Out|p2b: Ting-Lu\n|-damage|p2b: Ting-Lu|94\/100\n|move|p1b: Skeledirge|Torch Song|p2b: Ting-Lu\n|-damage|p2b: Ting-Lu|77\/100\n|-boost|p1b: Skeledirge|spa|1\n|cant|p2b: Ting-Lu|flinch\n|\n|upkeep\n|turn|2\n|\n|t:|1681789497\n|move|p1b: Skeledirge|Protect|p1b: Skeledirge\n|-singleturn|p1b: Skeledirge|Protect\n|move|p1a: Grimmsnarl|Trick|p2a: Flutter Mane\n|-activate|p1a: Grimmsnarl|move: Trick|[of] p2a: Flutter Mane\n|-item|p2a: Flutter Mane|Lagging Tail|[from] move: Trick\n|-item|p1a: Grimmsnarl|Focus Sash|[from] move: Trick\n|move|p2a: Flutter Mane|Shadow Ball|p1b: Skeledirge\n|-activate|p1b: Skeledirge|move: Protect\n|move|p2b: Ting-Lu|Fissure|p1b: Skeledirge\n|-activate|p1b: Skeledirge|move: Protect\n|\n|upkeep\n|turn|3\n|\n|t:|1681789518\n|-terastallize|p1b: Skeledirge|Fairy\n|move|p1b: Skeledirge|Tera Blast|p2b: Ting-Lu\n|-supereffective|p2b: Ting-Lu\n|-damage|p2b: Ting-Lu|25\/100\n|move|p1a: Grimmsnarl|Spirit Break|p2b: Ting-Lu\n|-supereffective|p2b: Ting-Lu\n|-damage|p2b: Ting-Lu|0 fnt\n|faint|p2b: Ting-Lu\n|move|p2a: Flutter Mane|Shadow Ball|p1b: Skeledirge\n|-damage|p1b: Skeledirge|57\/100\n|\n|-heal|p1b: Skeledirge|62\/100|[from] item: Leftovers\n|upkeep\n|\n|t:|1681789534\n|switch|p2b: Palafin|Palafin-Hero, L50, M, shiny|100\/100\n|-activate|p2b: Palafin|ability: Zero to Hero\n|turn|4\n|\n|t:|1681789548\n|move|p1b: Skeledirge|Protect|p1b: Skeledirge\n|-singleturn|p1b: Skeledirge|Protect\n|move|p2b: Palafin|Haze|p2b: Palafin\n|-clearallboost\n|move|p1a: Grimmsnarl|Spirit Break|p2a: Flutter Mane\n|-damage|p2a: Flutter Mane|14\/100\n|-unboost|p2a: Flutter Mane|spa|1\n|move|p2a: Flutter Mane|Dazzling Gleam|p1a: Grimmsnarl|[spread] p1a\n|-activate|p1b: Skeledirge|move: Protect\n|-supereffective|p1a: Grimmsnarl\n|-damage|p1a: Grimmsnarl|49\/100\n|\n|-heal|p1b: Skeledirge|68\/100|[from] item: Leftovers\n|upkeep\n|turn|5\n|inactive|TheShuckler69 has 30 seconds left.\n|\n|t:|1681789574\n|switch|p1a: Gastrodon|Gastrodon, L50, M|100\/100\n|move|p2b: Palafin|Wave Crash|p1a: Gastrodon\n|-activate|p1a: Gastrodon|ability: Storm Drain\n|-ability|p1a: Gastrodon|Storm Drain|boost\n|-boost|p1a: Gastrodon|spa|1\n|move|p1b: Skeledirge|Torch Song|p2a: Flutter Mane\n|-damage|p2a: Flutter Mane|0 fnt\n|-boost|p1b: Skeledirge|spa|1\n|faint|p2a: Flutter Mane\n|-end|p2a: Flutter Mane|Protosynthesis|[silent]\n|\n|-heal|p1b: Skeledirge|74\/100|[from] item: Leftovers\n|upkeep\n|\n|t:|1681789585\n|switch|p2a: Gholdengo|Gholdengo, L50|100\/100\n|turn|6\n|\n|t:|1681789595\n|move|p1b: Skeledirge|Protect|p1b: Skeledirge\n|-singleturn|p1b: Skeledirge|Protect\n|move|p2b: Palafin|Haze|p2b: Palafin\n|-clearallboost\n|move|p2a: Gholdengo|Nasty Plot|p2a: Gholdengo\n|-boost|p2a: Gholdengo|spa|2\n|move|p1a: Gastrodon|Earth Power|p2a: Gholdengo\n|-supereffective|p2a: Gholdengo\n|-damage|p2a: Gholdengo|20\/100\n|-unboost|p2a: Gholdengo|spd|1\n|\n|-heal|p1b: Skeledirge|80\/100|[from] item: Leftovers\n|upkeep\n|turn|7\n|\n|t:|1681789614\n|-terastallize|p2a: Gholdengo|Steel\n|move|p2b: Palafin|Protect|p2b: Palafin\n|-singleturn|p2b: Palafin|Protect\n|move|p1a: Gastrodon|Protect|p1a: Gastrodon\n|-singleturn|p1a: Gastrodon|Protect\n|move|p2a: Gholdengo|Make It Rain|p1a: Gastrodon|[spread] p1b\n|-activate|p1a: Gastrodon|move: Protect\n|-supereffective|p1b: Skeledirge\n|-damage|p1b: Skeledirge|0 fnt\n|-unboost|p2a: Gholdengo|spa|1\n|faint|p1b: Skeledirge\n|-damage|p2a: Gholdengo|11\/100|[from] item: Life Orb\n|\n|upkeep\n|\n|t:|1681789621\n|switch|p1b: Grimmsnarl|Grimmsnarl, L50, M|49\/100\n|turn|8\n|\n|t:|1681789639\n|move|p2b: Palafin|Protect|p2b: Palafin\n|-singleturn|p2b: Palafin|Protect\n|move|p1b: Grimmsnarl|Sucker Punch|p2a: Gholdengo\n|-damage|p2a: Gholdengo|0 fnt\n|faint|p2a: Gholdengo\n|move|p1a: Gastrodon|Earth Power|p2b: Palafin\n|-activate|p2b: Palafin|move: Protect\n|\n|upkeep\n|turn|9\n|\n|t:|1681789652\n|move|p1b: Grimmsnarl|Trick|p2b: Palafin\n|-activate|p1b: Grimmsnarl|move: Trick|[of] p2b: Palafin\n|-item|p2b: Palafin|Focus Sash|[from] move: Trick\n|-item|p1b: Grimmsnarl|Mystic Water|[from] move: Trick\n|move|p2b: Palafin|Haze|p2b: Palafin\n|-clearallboost\n|move|p1a: Gastrodon|Earth Power|p2b: Palafin\n|-damage|p2b: Palafin|67\/100\n|\n|upkeep\n|turn|10\n|\n|t:|1681789662\n|move|p1b: Grimmsnarl|Trick|p2b: Palafin\n|-activate|p1b: Grimmsnarl|move: Trick|[of] p2b: Palafin\n|-item|p2b: Palafin|Mystic Water|[from] move: Trick\n|-item|p1b: Grimmsnarl|Focus Sash|[from] move: Trick\n|move|p2b: Palafin|Haze|p2b: Palafin\n|-clearallboost\n|move|p1a: Gastrodon|Earth Power|p2b: Palafin\n|-damage|p2b: Palafin|30\/100\n|-unboost|p2b: Palafin|spd|1\n|\n|upkeep\n|turn|11\n|\n|t:|1681789669\n|move|p2b: Palafin|Haze|p2b: Palafin\n|-clearallboost\n|move|p1b: Grimmsnarl|Spirit Break|p2b: Palafin\n|-damage|p2b: Palafin|0 fnt\n|faint|p2b: Palafin\n|\n|win|shhh6\n|raw|shhh6's rating: 1215 → 1240<\/strong> (+25 for winning)\n|raw|TheShuckler69's rating: 1217 → 1192<\/strong> (-25 for losing)\n","uploadtime":1681789674,"views":5,"p1id":"shhh6","p2id":"theshuckler69","formatid":"gen9vgc2023regulationc","rating":1192,"private":0,"password":""}