{"id":"gen9vgc2023regulationc-1857637145","p1":"Zardycoolers","p2":"SenorNguyen","format":"[Gen 9] VGC 2023 Regulation C","log":"|j|\u2606Zardycoolers\n|j|\u2606SenorNguyen\n|t:|1683216374\n|gametype|doubles\n|player|p1|Zardycoolers|102|1074\n|player|p2|SenorNguyen|pokekid|1062\n|teamsize|p1|6\n|teamsize|p2|6\n|gen|9\n|tier|[Gen 9] VGC 2023 Regulation C\n|rated|\n|rule|Species Clause: Limit one of each Pok\u00e9mon\n|rule|Item Clause: Limit one of each item\n|clearpoke\n|poke|p1|Ceruledge, L50, M|\n|poke|p1|Great Tusk, L50|\n|poke|p1|Iron Bundle, L50|\n|poke|p1|Chien-Pao, L50|\n|poke|p1|Dragonite, L50, F|\n|poke|p1|Maushold-Four, L50|\n|poke|p2|Ting-Lu, L50|\n|poke|p2|Amoonguss, L50, F|\n|poke|p2|Flutter Mane, L50|\n|poke|p2|Toxapex, L50, F|\n|poke|p2|Garganacl, L50, F|\n|poke|p2|Grimmsnarl, L50, M|\n|teampreview|4\nZardycoolers has agreed to open team sheets.\n|inactive|Battle timer is ON: inactive players will automatically lose when time's up. (requested by SenorNguyen)\n|\n|t:|1683216426\n|start\n|switch|p1a: Iron Bundle|Iron Bundle, L50|100\/100\n|switch|p1b: Maushold|Maushold-Four, L50|100\/100\n|switch|p2a: Ting-Lu|Ting-Lu, L50|100\/100\n|switch|p2b: Grimmsnarl|Grimmsnarl, L50, M|100\/100\n|-ability|p2a: Ting-Lu|Vessel of Ruin\n|-enditem|p1a: Iron Bundle|Booster Energy\n|-activate|p1a: Iron Bundle|ability: Quark Drive|[fromitem]\n|-start|p1a: Iron Bundle|quarkdrivespe\n|turn|1\n|inactive|SenorNguyen has 30 seconds left.\n|\n|t:|1683216456\n|-terastallize|p2a: Ting-Lu|Poison\n|move|p1b: Maushold|Protect|p1b: Maushold\n|-singleturn|p1b: Maushold|Protect\n|move|p2b: Grimmsnarl|Trick|p1b: Maushold\n|-activate|p1b: Maushold|move: Protect\n|move|p1a: Iron Bundle|Hydro Pump|p2a: Ting-Lu\n|-damage|p2a: Ting-Lu|68\/100\n|move|p2a: Ting-Lu|Stealth Rock|p1b: Maushold\n|-sidestart|p1: Zardycoolers|move: Stealth Rock\n|\n|upkeep\n|turn|2\n|inactive|Zardycoolers has 30 seconds left.\n|inactive|Zardycoolers has 20 seconds left.\n|inactive|Zardycoolers has 15 seconds left.\n|\n|t:|1683216498\n|move|p1b: Maushold|Follow Me|p1b: Maushold\n|-singleturn|p1b: Maushold|move: Follow Me\n|move|p2b: Grimmsnarl|Trick|p1b: Maushold\n|-activate|p2b: Grimmsnarl|move: Trick|[of] p1b: Maushold\n|-item|p1b: Maushold|Eject Button|[from] move: Trick\n|-item|p2b: Grimmsnarl|Safety Goggles|[from] move: Trick\n|move|p1a: Iron Bundle|Freeze-Dry|p2b: Grimmsnarl\n|-damage|p2b: Grimmsnarl|75\/100\n|move|p2a: Ting-Lu|Spikes|p1b: Maushold\n|-sidestart|p1: Zardycoolers|Spikes\n|\n|upkeep\n|turn|3\n|j| A Borygon\n|inactive|Zardycoolers has 30 seconds left.\n|\n|t:|1683216530\n|move|p1b: Maushold|Follow Me|p1b: Maushold\n|-singleturn|p1b: Maushold|move: Follow Me\n|move|p2b: Grimmsnarl|Light Screen|p2b: Grimmsnarl\n|-sidestart|p2: SenorNguyen|move: Light Screen\n|move|p1a: Iron Bundle|Icy Wind|p2b: Grimmsnarl|[spread] p2a,p2b\n|-damage|p2a: Ting-Lu|60\/100\n|-damage|p2b: Grimmsnarl|65\/100\n|-unboost|p2a: Ting-Lu|spe|1\n|-unboost|p2b: Grimmsnarl|spe|1\n|move|p2a: Ting-Lu|Spikes|p1a: Iron Bundle\n|-sidestart|p1: Zardycoolers|Spikes\n|\n|upkeep\n|turn|4\n|\n|t:|1683216550\n|move|p1b: Maushold|Follow Me|p1b: Maushold\n|-singleturn|p1b: Maushold|move: Follow Me\n|move|p2b: Grimmsnarl|Thunder Wave|p1b: Maushold\n|-status|p1b: Maushold|par\n|move|p1a: Iron Bundle|Hydro Pump|p2a: Ting-Lu\n|-damage|p2a: Ting-Lu|36\/100\n|move|p2a: Ting-Lu|Spikes|p1a: Iron Bundle\n|-sidestart|p1: Zardycoolers|Spikes\n|\n|upkeep\n|turn|5\n|inactive|Zardycoolers has 30 seconds left.\n|\n|t:|1683216580\n|move|p2b: Grimmsnarl|Reflect|p2b: Grimmsnarl\n|-sidestart|p2: SenorNguyen|Reflect\n|move|p1a: Iron Bundle|Hydro Pump|p2a: Ting-Lu|[miss]\n|-miss|p1a: Iron Bundle|p2a: Ting-Lu\n|move|p1b: Maushold|Super Fang|p2b: Grimmsnarl\n|-damage|p2b: Grimmsnarl|33\/100\n|move|p2a: Ting-Lu|Snarl|p1b: Maushold|[spread] p1a,p1b\n|-damage|p1a: Iron Bundle|88\/100\n|-damage|p1b: Maushold|93\/100 par\n|-unboost|p1a: Iron Bundle|spa|1\n|-unboost|p1b: Maushold|spa|1\n|-enditem|p1b: Maushold|Eject Button\n|\n|t:|1683216602\n|switch|p1b: Ceruledge|Ceruledge, L50, M|100\/100\n|-damage|p1b: Ceruledge|76\/100|[from] Stealth Rock\n|-damage|p1b: Ceruledge|51\/100|[from] Spikes\n|\n|upkeep\n|turn|6\n|-message|Zardycoolers forfeited.\n|\n|win|SenorNguyen\n|raw|Zardycoolers's rating: 1074 → 1052<\/strong> (-22 for losing)\n|raw|SenorNguyen's rating: 1062 → 1094<\/strong> (+32 for winning)\n|l|\u2606Zardycoolers\n","uploadtime":1683216617,"views":10,"p1id":"zardycoolers","p2id":"senornguyen","formatid":"gen9vgc2023regulationc","rating":1052,"private":0,"password":""}