{"id":"gen9vgc2023regulationc-1851768592","p1":"Mitsunaga","p2":"Livnlarge27","format":"[Gen 9] VGC 2023 Regulation C","log":"|j|\u2606Mitsunaga\n|j|\u2606Livnlarge27\n|t:|1682480605\n|gametype|doubles\n|player|p1|Mitsunaga|lady-gen4|1294\n|player|p2|Livnlarge27|266|1270\n|teamsize|p1|6\n|teamsize|p2|6\n|gen|9\n|tier|[Gen 9] VGC 2023 Regulation C\n|rated|\n|rule|Species Clause: Limit one of each Pok\u00e9mon\n|rule|Item Clause: Limit one of each item\n|clearpoke\n|poke|p1|Annihilape, L50, F|\n|poke|p1|Sandy Shocks, L50|\n|poke|p1|Flutter Mane, L50|\n|poke|p1|Armarouge, L50, F|\n|poke|p1|Indeedee-F, L50, F|\n|poke|p1|Talonflame, L50, M|\n|poke|p2|Pawmot, L50, F|\n|poke|p2|Meowscarada, L50, F|\n|poke|p2|Dondozo, L50, F|\n|poke|p2|Tatsugiri, L50, M|\n|poke|p2|Garganacl, L50, F|\n|poke|p2|Glimmora, L50, M|\n|teampreview|4\n|inactive|Battle timer is ON: inactive players will automatically lose when time's up. (requested by Livnlarge27)\n|inactive|Mitsunaga has 60 seconds left.\n|inactive|Livnlarge27 has 60 seconds left.\n|\n|t:|1682480646\n|start\n|switch|p1a: Sandy Shocks|Sandy Shocks, L50|100\/100\n|switch|p1b: Armarouge|Armarouge, L50, F|100\/100\n|switch|p2a: Glimmora|Glimmora, L50, M|100\/100\n|switch|p2b: Meowscarada|Meowscarada, L50, F|100\/100\n|-enditem|p1a: Sandy Shocks|Booster Energy\n|-activate|p1a: Sandy Shocks|ability: Protosynthesis|[fromitem]\n|-start|p1a: Sandy Shocks|protosynthesisspe\n|turn|1\n|\n|t:|1682480656\n|-terastallize|p2a: Glimmora|Grass\n|move|p1a: Sandy Shocks|Earthquake|p2b: Meowscarada|[spread] p1b,p2a,p2b\n|-supereffective|p1b: Armarouge\n|-resisted|p2a: Glimmora\n|-resisted|p2b: Meowscarada\n|-damage|p1b: Armarouge|61\/100\n|-damage|p2a: Glimmora|91\/100\n|-damage|p2b: Meowscarada|89\/100\n|-ability|p1b: Armarouge|Weak Armor|boost\n|-unboost|p1b: Armarouge|def|1\n|-boost|p1b: Armarouge|spe|2\n|-enditem|p1b: Armarouge|Weakness Policy\n|-boost|p1b: Armarouge|atk|2|[from] item: Weakness Policy\n|-boost|p1b: Armarouge|spa|2|[from] item: Weakness Policy\n|-activate|p2a: Glimmora|ability: Toxic Debris\n|-sidestart|p1: Mitsunaga|move: Toxic Spikes\n|move|p1b: Armarouge|Heat Wave|p2b: Meowscarada|[spread] p2a,p2b\n|-supereffective|p2a: Glimmora\n|-supereffective|p2b: Meowscarada\n|-damage|p2a: Glimmora|0 fnt\n|-damage|p2b: Meowscarada|0 fnt\n|faint|p2a: Glimmora\n|faint|p2b: Meowscarada\n|\n|upkeep\n|\n|t:|1682480672\n|switch|p2b: Tatsugiri|Tatsugiri, L50, M|100\/100\n|switch|p2a: Dondozo|Dondozo, L50, F|100\/100\n|-activate|p2b: Tatsugiri|ability: Commander|[of] p2a: Dondozo\n|-boost|p2a: Dondozo|atk|2\n|-boost|p2a: Dondozo|spa|2\n|-boost|p2a: Dondozo|spe|2\n|-boost|p2a: Dondozo|def|2\n|-boost|p2a: Dondozo|spd|2\n|turn|2\n|\n|t:|1682480690\n|move|p1b: Armarouge|Protect|p1b: Armarouge\n|-singleturn|p1b: Armarouge|Protect\n|move|p1a: Sandy Shocks|Protect|p1a: Sandy Shocks\n|-singleturn|p1a: Sandy Shocks|Protect\n|move|p2a: Dondozo|Earthquake|p1b: Armarouge|[spread] \n|-miss|p2a: Dondozo|p2b: Tatsugiri\n|-activate|p1a: Sandy Shocks|move: Protect\n|-activate|p1b: Armarouge|move: Protect\n|\n|upkeep\n|turn|3\n|inactive|Mitsunaga has 30 seconds left.\n|\n|t:|1682480719\n|-terastallize|p1b: Armarouge|Dark\n|move|p1b: Armarouge|Expanding Force|p2a: Dondozo\n|-damage|p2a: Dondozo|87\/100\n|move|p1a: Sandy Shocks|Thunderbolt|p2a: Dondozo\n|-supereffective|p2a: Dondozo\n|-damage|p2a: Dondozo|56\/100\n|move|p2a: Dondozo|Order Up|p1b: Armarouge\n|-damage|p1b: Armarouge|21\/100\n|-ability|p1b: Armarouge|Weak Armor|boost\n|-unboost|p1b: Armarouge|def|1\n|-boost|p1b: Armarouge|spe|2\n|-boost|p2a: Dondozo|atk|1\n|\n|upkeep\n|turn|4\n|\n|t:|1682480735\n|move|p1b: Armarouge|Protect|p1b: Armarouge\n|-singleturn|p1b: Armarouge|Protect\n|move|p1a: Sandy Shocks|Thunderbolt|p2a: Dondozo\n|-supereffective|p2a: Dondozo\n|-damage|p2a: Dondozo|27\/100\n|move|p2a: Dondozo|Earthquake|p1a: Sandy Shocks|[spread] p1a\n|-miss|p2a: Dondozo|p2b: Tatsugiri\n|-activate|p1b: Armarouge|move: Protect\n|-supereffective|p1a: Sandy Shocks\n|-damage|p1a: Sandy Shocks|6\/100\n|\n|upkeep\n|turn|5\n|\n|t:|1682480751\n|move|p1b: Armarouge|Expanding Force|p2a: Dondozo\n|-damage|p2a: Dondozo|13\/100\n|move|p1a: Sandy Shocks|Thunderbolt|p2a: Dondozo\n|-supereffective|p2a: Dondozo\n|-damage|p2a: Dondozo|0 fnt\n|faint|p2a: Dondozo\n|\n|upkeep\n|turn|6\n|-message|Livnlarge27 forfeited.\n|\n|win|Mitsunaga\n|raw|Mitsunaga's rating: 1294 → 1317<\/strong> (+23 for winning)\n|raw|Livnlarge27's rating: 1270 → 1247<\/strong> (-23 for losing)\n|l|\u2606Livnlarge27\n","uploadtime":1682480766,"views":10,"p1id":"mitsunaga","p2id":"livnlarge27","formatid":"gen9vgc2023regulationc","rating":1247,"private":0,"password":""}