{"id":"gen9vgc2023regulationc-1852983145","p1":"Hd70","p2":"EGAWalreins","format":"[Gen 9] VGC 2023 Regulation C","log":"|j|\u2606Hd70\n|j|\u2606EGAWalreins\n|t:|1682622831\n|gametype|doubles\n|player|p1|Hd70|266|1339\n|player|p2|EGAWalreins|101|1379\n|teamsize|p1|6\n|teamsize|p2|6\n|gen|9\n|tier|[Gen 9] VGC 2023 Regulation C\n|rated|\n|rule|Species Clause: Limit one of each Pok\u00e9mon\n|rule|Item Clause: Limit one of each item\n|clearpoke\n|poke|p1|Grafaiai, L50, M|\n|poke|p1|Flutter Mane, L50|\n|poke|p1|Scream Tail, L50|\n|poke|p1|Gothitelle, L50, F|\n|poke|p1|Ting-Lu, L50|\n|poke|p1|Wo-Chien, L50|\n|poke|p2|Flutter Mane, L50|\n|poke|p2|Arcanine, L50, F|\n|poke|p2|Amoonguss, L50, F|\n|poke|p2|Palafin, L50, M|\n|poke|p2|Iron Hands, L50|\n|poke|p2|Chien-Pao, L50|\n|teampreview|4\nEGAWalreins has agreed to open team sheets.\nHd70 has agreed to open team sheets.\n|\n|t:|1682622926\n|start\n|switch|p1a: Grafaiai|Grafaiai, L50, M|100\/100\n|switch|p1b: Scream Tail|Scream Tail, L50|100\/100\n|switch|p2a: Flutter Mane|Flutter Mane, L50|100\/100\n|switch|p2b: Amoonguss|Amoonguss, L50, F|100\/100\n|-enditem|p1b: Scream Tail|Booster Energy\n|-activate|p1b: Scream Tail|ability: Protosynthesis|[fromitem]\n|-start|p1b: Scream Tail|protosynthesisspe\n|turn|1\n|\n|t:|1682622963\n|move|p1b: Scream Tail|Protect|p1b: Scream Tail\n|-singleturn|p1b: Scream Tail|Protect\n|move|p2a: Flutter Mane|Shadow Ball|p1b: Scream Tail\n|-activate|p1b: Scream Tail|move: Protect\n|move|p1a: Grafaiai|Super Fang|p2b: Amoonguss\n|-damage|p2b: Amoonguss|50\/100\n|-enditem|p2b: Amoonguss|Sitrus Berry|[eat]\n|-heal|p2b: Amoonguss|75\/100|[from] item: Sitrus Berry\n|move|p2b: Amoonguss|Spore|p1b: Scream Tail\n|-activate|p1b: Scream Tail|move: Protect\n|\n|upkeep\n|turn|2\n|\n|t:|1682622995\n|move|p1b: Scream Tail|Disable|p2a: Flutter Mane\n|-start|p2a: Flutter Mane|Disable|Shadow Ball\n|cant|p2a: Flutter Mane|Disable|Shadow Ball\n|move|p1a: Grafaiai|Super Fang|p2b: Amoonguss\n|-damage|p2b: Amoonguss|38\/100\n|move|p2b: Amoonguss|Spore|p1b: Scream Tail\n|-status|p1b: Scream Tail|slp|[from] move: Spore\n|\n|upkeep\n|turn|3\n|\n|t:|1682623016\n|-end|p2a: Flutter Mane|Protosynthesis|[silent]\n|switch|p2a: Chien-Pao|Chien-Pao, L50|100\/100\n|-ability|p2a: Chien-Pao|Sword of Ruin\n|move|p1a: Grafaiai|Encore|p2b: Amoonguss\n|-start|p2b: Amoonguss|Encore\n|cant|p1b: Scream Tail|slp\n|move|p2b: Amoonguss|Spore|p1b: Scream Tail\n|-fail|p1b: Scream Tail|slp\n|\n|upkeep\n|turn|4\n|\n|t:|1682623034\n|switch|p2b: Flutter Mane|Flutter Mane, L50|100\/100\n|-terastallize|p1b: Scream Tail|Steel\n|cant|p1b: Scream Tail|slp\n|move|p2a: Chien-Pao|Throat Chop|p1a: Grafaiai\n|-damage|p1a: Grafaiai|17\/100\n|-start|p1a: Grafaiai|Throat Chop|[silent]\n|move|p1a: Grafaiai|Super Fang|p2a: Chien-Pao\n|-damage|p2a: Chien-Pao|51\/100\n|\n|upkeep\n|turn|5\n|\n|t:|1682623059\n|move|p1a: Grafaiai|Protect|p1a: Grafaiai\n|-singleturn|p1a: Grafaiai|Protect\n|-curestatus|p1b: Scream Tail|slp|[msg]\n|move|p1b: Scream Tail|Play Rough|p2a: Chien-Pao\n|-supereffective|p2a: Chien-Pao\n|-damage|p2a: Chien-Pao|0 fnt\n|faint|p2a: Chien-Pao\n|move|p2b: Flutter Mane|Shadow Ball|p1b: Scream Tail\n|-damage|p1b: Scream Tail|57\/100\n|-unboost|p1b: Scream Tail|spd|1\n|\n|-end|p1a: Grafaiai|Throat Chop|[silent]\n|upkeep\n|\n|t:|1682623069\n|switch|p2a: Iron Hands|Iron Hands, L50|100\/100\n|turn|6\n|\n|t:|1682623077\n|-end|p2b: Flutter Mane|Protosynthesis|[silent]\n|switch|p2b: Amoonguss|Amoonguss, L50, F|71\/100\n|move|p1b: Scream Tail|Protect|p1b: Scream Tail\n|-singleturn|p1b: Scream Tail|Protect\n|move|p1a: Grafaiai|Super Fang|p2a: Iron Hands\n|-damage|p2a: Iron Hands|51\/100\n|move|p2a: Iron Hands|Drain Punch|p1b: Scream Tail\n|-activate|p1b: Scream Tail|move: Protect\n|\n|upkeep\n|turn|7\n|\n|t:|1682623090\n|-end|p2a: Iron Hands|Quark Drive|[silent]\n|switch|p2a: Flutter Mane|Flutter Mane, L50|100\/100\n|move|p1a: Grafaiai|Encore||[still]\n|-fail|p1a: Grafaiai\n|move|p1b: Scream Tail|Disable||[still]\n|-fail|p1b: Scream Tail\n|move|p2b: Amoonguss|Spore|p1b: Scream Tail\n|-status|p1b: Scream Tail|slp|[from] move: Spore\n|\n|upkeep\n|turn|8\n|\n|t:|1682623105\n|switch|p2b: Iron Hands|Iron Hands, L50|51\/100\n|move|p1a: Grafaiai|Parting Shot|p2a: Flutter Mane\n|-unboost|p2a: Flutter Mane|atk|1\n|-unboost|p2a: Flutter Mane|spa|1\n|\n|t:|1682623110\n|switch|p1a: Ting-Lu|Ting-Lu, L50|100\/100|[from] Parting Shot\n|-ability|p1a: Ting-Lu|Vessel of Ruin\n|cant|p1b: Scream Tail|slp\n|move|p2a: Flutter Mane|Shadow Ball|p1b: Scream Tail\n|-damage|p1b: Scream Tail|23\/100 slp\n|\n|upkeep\n|turn|9\n|\n|t:|1682623133\n|-end|p1b: Scream Tail|Protosynthesis|[silent]\n|switch|p1b: Grafaiai|Grafaiai, L50, M|17\/100\n|-end|p2b: Iron Hands|Quark Drive|[silent]\n|switch|p2b: Amoonguss|Amoonguss, L50, F|100\/100\n|move|p2a: Flutter Mane|Shadow Ball|p1b: Grafaiai\n|-immune|p1b: Grafaiai\n|move|p1a: Ting-Lu|Bulldoze|p2b: Amoonguss|[spread] p1b,p2a,p2b\n|-supereffective|p1b: Grafaiai\n|-damage|p1b: Grafaiai|0 fnt\n|-damage|p2a: Flutter Mane|76\/100\n|-damage|p2b: Amoonguss|85\/100\n|-unboost|p2a: Flutter Mane|spe|1\n|-unboost|p2b: Amoonguss|spe|1\n|faint|p1b: Grafaiai\n|\n|upkeep\n|\n|t:|1682623147\n|switch|p1b: Scream Tail|Scream Tail, L50, tera:Steel|23\/100 slp\n|turn|10\n|\n|t:|1682623161\n|cant|p1b: Scream Tail|slp\n|move|p2a: Flutter Mane|Shadow Ball|p1b: Scream Tail\n|-damage|p1b: Scream Tail|1\/100 slp\n|-unboost|p1b: Scream Tail|spd|1\n|move|p1a: Ting-Lu|Ruination|p2a: Flutter Mane\n|-damage|p2a: Flutter Mane|38\/100\n|move|p2b: Amoonguss|Spore|p1a: Ting-Lu\n|-status|p1a: Ting-Lu|slp|[from] move: Spore\n|\n|upkeep\n|turn|11\n|\n|t:|1682623179\n|-end|p2a: Flutter Mane|Protosynthesis|[silent]\n|switch|p2a: Iron Hands|Iron Hands, L50|51\/100\n|-curestatus|p1b: Scream Tail|slp|[msg]\n|move|p1b: Scream Tail|Disable||[still]\n|-fail|p1b: Scream Tail\n|cant|p1a: Ting-Lu|slp\n|move|p2b: Amoonguss|Pollen Puff|p2a: Iron Hands\n|-heal|p2a: Iron Hands|100\/100\n|\n|upkeep\n|turn|12\n|\n|t:|1682623196\n|move|p1b: Scream Tail|Protect|p1b: Scream Tail\n|-singleturn|p1b: Scream Tail|Protect\n|move|p2a: Iron Hands|Drain Punch|p1a: Ting-Lu\n|-supereffective|p1a: Ting-Lu\n|-damage|p1a: Ting-Lu|62\/100 slp\n|cant|p1a: Ting-Lu|slp\n|move|p2b: Amoonguss|Pollen Puff|p1b: Scream Tail\n|-activate|p1b: Scream Tail|move: Protect\n|\n|upkeep\n|turn|13\n|\n|t:|1682623214\n|switch|p1a: Gothitelle|Gothitelle, L50, F|100\/100\n|move|p2a: Iron Hands|Fake Out||[still]\n|-hint|Fake Out only works on your first turn out.\n|-fail|p2a: Iron Hands\n|move|p1b: Scream Tail|Perish Song|p1b: Scream Tail\n|-start|p1a: Gothitelle|perish3|[silent]\n|-start|p1b: Scream Tail|perish3|[silent]\n|-start|p2a: Iron Hands|perish3|[silent]\n|-start|p2b: Amoonguss|perish3|[silent]\n|-fieldactivate|move: Perish Song\n|move|p2b: Amoonguss|Pollen Puff|p1b: Scream Tail\n|-resisted|p1b: Scream Tail\n|-damage|p1b: Scream Tail|0 fnt\n|faint|p1b: Scream Tail\n|-end|p1b: Scream Tail|Protosynthesis|[silent]\n|\n|-start|p1a: Gothitelle|perish3\n|-start|p2a: Iron Hands|perish3\n|-start|p2b: Amoonguss|perish3\n|upkeep\n|\n|t:|1682623229\n|switch|p1b: Ting-Lu|Ting-Lu, L50|62\/100 slp\n|-ability|p1b: Ting-Lu|Vessel of Ruin\n|turn|14\n|\n|t:|1682623245\n|move|p1a: Gothitelle|Fake Out|p2a: Iron Hands\n|-damage|p2a: Iron Hands|97\/100\n|cant|p2a: Iron Hands|flinch\n|-curestatus|p1b: Ting-Lu|slp|[msg]\n|move|p1b: Ting-Lu|Ruination|p2a: Iron Hands\n|-damage|p2a: Iron Hands|49\/100\n|move|p2b: Amoonguss|Pollen Puff|p1a: Gothitelle\n|-supereffective|p1a: Gothitelle\n|-damage|p1a: Gothitelle|78\/100\n|\n|-start|p1a: Gothitelle|perish2\n|-start|p2a: Iron Hands|perish2\n|-start|p2b: Amoonguss|perish2\n|upkeep\n|turn|15\n|\n|t:|1682623265\n|move|p1a: Gothitelle|Heal Pulse|p1b: Ting-Lu\n|-heal|p1b: Ting-Lu|100\/100\n|move|p2a: Iron Hands|Drain Punch|p1b: Ting-Lu\n|-supereffective|p1b: Ting-Lu\n|-crit|p1b: Ting-Lu\n|-damage|p1b: Ting-Lu|46\/100\n|-heal|p2a: Iron Hands|78\/100|[from] drain|[of] p1b: Ting-Lu\n|-enditem|p1b: Ting-Lu|Sitrus Berry|[eat]\n|-heal|p1b: Ting-Lu|70\/100|[from] item: Sitrus Berry\n|move|p1b: Ting-Lu|Stomping Tantrum|p2a: Iron Hands\n|-supereffective|p2a: Iron Hands\n|-damage|p2a: Iron Hands|40\/100\n|move|p2b: Amoonguss|Spore|p1b: Ting-Lu\n|-status|p1b: Ting-Lu|slp|[from] move: Spore\n|\n|-start|p1a: Gothitelle|perish1\n|-start|p2a: Iron Hands|perish1\n|-start|p2b: Amoonguss|perish1\n|upkeep\n|turn|16\n|\n|t:|1682623284\n|cant|p1b: Ting-Lu|slp\n|move|p1a: Gothitelle|Heal Pulse|p1b: Ting-Lu\n|-heal|p1b: Ting-Lu|100\/100 slp\n|move|p2a: Iron Hands|Drain Punch|p1b: Ting-Lu\n|-supereffective|p1b: Ting-Lu\n|-damage|p1b: Ting-Lu|64\/100 slp\n|-heal|p2a: Iron Hands|60\/100|[from] drain|[of] p1b: Ting-Lu\n|move|p2b: Amoonguss|Pollen Puff|p1b: Ting-Lu\n|-supereffective|p1b: Ting-Lu\n|-damage|p1b: Ting-Lu|44\/100 slp\n|\n|-start|p1a: Gothitelle|perish0\n|-start|p2a: Iron Hands|perish0\n|-start|p2b: Amoonguss|perish0\n|upkeep\n|faint|p1a: Gothitelle\n|faint|p2a: Iron Hands\n|-end|p2a: Iron Hands|Quark Drive|[silent]\n|faint|p2b: Amoonguss\n|\n|t:|1682623292\n|switch|p2b: Flutter Mane|Flutter Mane, L50|38\/100\n|turn|17\n|\n|t:|1682623301\n|-terastallize|p2b: Flutter Mane|Fairy\n|move|p2b: Flutter Mane|Moonblast|p1b: Ting-Lu\n|-supereffective|p1b: Ting-Lu\n|-damage|p1b: Ting-Lu|0 fnt\n|faint|p1b: Ting-Lu\n|\n|win|EGAWalreins\n|raw|Hd70's rating: 1339 → 1321<\/strong> (-18 for losing)\n|raw|EGAWalreins's rating: 1379 → 1397<\/strong> (+18 for winning)\n|c|\u2606EGAWalreins|gg\n|l|\u2606Hd70\n","uploadtime":1682623320,"views":7,"p1id":"hd70","p2id":"egawalreins","formatid":"gen9vgc2023regulationc","rating":1321,"private":0,"password":""}