{"id":"gen9vgc2023regulationc-1854544609","p1":"Bambambi","p2":"Pkfns","format":"[Gen 9] VGC 2023 Regulation C","log":"|j|\u2606Bambambi\n|j|\u2606Pkfns\n|t:|1682824860\n|gametype|doubles\n|player|p1|Bambambi|wallace-gen6|\n|player|p2|Pkfns|pokemaniac|\n|teamsize|p1|6\n|teamsize|p2|6\n|gen|9\n|tier|[Gen 9] VGC 2023 Regulation C\n|rule|Species Clause: Limit one of each Pok\u00e9mon\n|rule|Item Clause: Limit one of each item\n|clearpoke\n|poke|p1|Flutter Mane, L50|\n|poke|p1|Gothitelle, L50, F|\n|poke|p1|Scream Tail, L50|\n|poke|p1|Chi-Yu, L50|\n|poke|p1|Amoonguss, L50, M|\n|poke|p1|Palafin, L50, M|\n|poke|p2|Ting-Lu, L50|\n|poke|p2|Annihilape, L50, F|\n|poke|p2|Maushold, L50|\n|poke|p2|Flutter Mane, L50|\n|poke|p2|Amoonguss, L50, M|\n|poke|p2|Arcanine, L50, M|\n|teampreview|4\nPkfns has agreed to open team sheets.\n|c|\u2606Pkfns|Glhf!\n|c|\u2606Bambambi|Sry on mobile right now lol\n|c|\u2606Bambambi|Ots?\n|\n|t:|1682824891\n|start\n|switch|p1a: SSJ3 Jiggly|Scream Tail, L50, shiny|100\/100\n|switch|p1b: Egirl|Gothitelle, L50, F, shiny|100\/100\n|switch|p2a: Amoonguss|Amoonguss, L50, M|100\/100\n|switch|p2b: Flutter Mane|Flutter Mane, L50|100\/100\n|-enditem|p1a: SSJ3 Jiggly|Booster Energy\n|-activate|p1a: SSJ3 Jiggly|ability: Protosynthesis|[fromitem]\n|-start|p1a: SSJ3 Jiggly|protosynthesisspe\n|turn|1\n|c|\u2606Pkfns|I agreed but I dont actually care either way lmao\n|\n|t:|1682824919\n|-terastallize|p1b: Egirl|Steel\n|move|p1b: Egirl|Fake Out|p2a: Amoonguss\n|-damage|p2a: Amoonguss|95\/100\n|cant|p2a: Amoonguss|flinch\n|move|p1a: SSJ3 Jiggly|Perish Song|p1a: SSJ3 Jiggly\n|-start|p1a: SSJ3 Jiggly|perish3|[silent]\n|-start|p1b: Egirl|perish3|[silent]\n|-start|p2a: Amoonguss|perish3|[silent]\n|-start|p2b: Flutter Mane|perish3|[silent]\n|-fieldactivate|move: Perish Song\n|move|p2b: Flutter Mane|Shadow Ball|p1b: Egirl\n|-damage|p1b: Egirl|52\/100\n|\n|-start|p1a: SSJ3 Jiggly|perish3\n|-start|p2b: Flutter Mane|perish3\n|-start|p1b: Egirl|perish3\n|-start|p2a: Amoonguss|perish3\n|upkeep\n|turn|2\n|\n|t:|1682824938\n|move|p1a: SSJ3 Jiggly|Protect|p1a: SSJ3 Jiggly\n|-singleturn|p1a: SSJ3 Jiggly|Protect\n|move|p2a: Amoonguss|Rage Powder|p2a: Amoonguss\n|-singleturn|p2a: Amoonguss|move: Rage Powder\n|move|p2b: Flutter Mane|Shadow Ball|p1a: SSJ3 Jiggly\n|-activate|p1a: SSJ3 Jiggly|move: Protect\n|move|p1b: Egirl|Light Screen|p1b: Egirl\n|-sidestart|p1: Bambambi|move: Light Screen\n|\n|-start|p1a: SSJ3 Jiggly|perish2\n|-start|p2b: Flutter Mane|perish2\n|-start|p1b: Egirl|perish2\n|-start|p2a: Amoonguss|perish2\n|upkeep\n|turn|3\n|\n|t:|1682824953\n|-end|p1a: SSJ3 Jiggly|Protosynthesis|[silent]\n|switch|p1a: Chi-Yu|Chi-Yu, L50|100\/100\n|-ability|p1a: Chi-Yu|Beads of Ruin\n|-end|p2b: Flutter Mane|Protosynthesis|[silent]\n|switch|p2b: Ting-Lu|Ting-Lu, L50|100\/100\n|-ability|p2b: Ting-Lu|Vessel of Ruin\n|move|p1b: Egirl|Protect|p1b: Egirl\n|-singleturn|p1b: Egirl|Protect\n|move|p2a: Amoonguss|Spore|p1b: Egirl\n|-activate|p1b: Egirl|move: Protect\n|\n|-start|p1b: Egirl|perish1\n|-start|p2a: Amoonguss|perish1\n|upkeep\n|turn|4\n|\n|t:|1682824975\n|switch|p1b: Pearls|Flutter Mane, L50|100\/100\n|move|p1a: Chi-Yu|Protect|p1a: Chi-Yu\n|-singleturn|p1a: Chi-Yu|Protect\n|move|p2b: Ting-Lu|Stomping Tantrum|p1b: Pearls\n|-damage|p1b: Pearls|17\/100\n|move|p2a: Amoonguss|Pollen Puff|p1a: Chi-Yu\n|-activate|p1a: Chi-Yu|move: Protect\n|\n|-start|p2a: Amoonguss|perish0\n|faint|p2a: Amoonguss\n|upkeep\n|\n|t:|1682824991\n|switch|p2a: Flutter Mane|Flutter Mane, L50|100\/100\n|turn|5\n|\n|t:|1682825013\n|-end|p1b: Pearls|Protosynthesis|[silent]\n|switch|p1b: Egirl|Gothitelle, L50, F, shiny, tera:Steel|52\/100\n|-terastallize|p2a: Flutter Mane|Fairy\n|move|p2a: Flutter Mane|Dazzling Gleam|p1b: Egirl|[spread] p1a,p1b\n|-resisted|p1b: Egirl\n|-damage|p1a: Chi-Yu|69\/100\n|-damage|p1b: Egirl|36\/100\n|-enditem|p1b: Egirl|Sitrus Berry|[eat]\n|-heal|p1b: Egirl|61\/100|[from] item: Sitrus Berry\n|move|p1a: Chi-Yu|Nasty Plot|p1a: Chi-Yu\n|-boost|p1a: Chi-Yu|spa|2\n|move|p2b: Ting-Lu|Snarl|p1a: Chi-Yu|[spread] p1a,p1b\n|-resisted|p1a: Chi-Yu\n|-damage|p1a: Chi-Yu|67\/100\n|-damage|p1b: Egirl|54\/100\n|-unboost|p1a: Chi-Yu|spa|1\n|-unboost|p1b: Egirl|spa|1\n|\n|upkeep\n|turn|6\n|\n|t:|1682825035\n|move|p1b: Egirl|Fake Out|p2a: Flutter Mane\n|-crit|p2a: Flutter Mane\n|-damage|p2a: Flutter Mane|84\/100\n|cant|p2a: Flutter Mane|flinch\n|move|p1a: Chi-Yu|Flamethrower|p2a: Flutter Mane\n|-crit|p2a: Flutter Mane\n|-damage|p2a: Flutter Mane|0 fnt\n|faint|p2a: Flutter Mane\n|-end|p2a: Flutter Mane|Protosynthesis|[silent]\n|move|p2b: Ting-Lu|Stomping Tantrum|p1b: Egirl\n|-supereffective|p1b: Egirl\n|-damage|p1b: Egirl|0 fnt\n|faint|p1b: Egirl\n|\n|-sideend|p1: Bambambi|move: Light Screen\n|upkeep\n|c|\u2606Bambambi|Oof\n|\n|t:|1682825065\n|switch|p2a: Annihilape|Annihilape, L50, F|100\/100\n|switch|p1b: Pearls|Flutter Mane, L50|17\/100\n|turn|7\n|\n|t:|1682825085\n|move|p1a: Chi-Yu|Protect|p1a: Chi-Yu\n|-singleturn|p1a: Chi-Yu|Protect\n|move|p1b: Pearls|Perish Song|p1b: Pearls\n|-start|p1a: Chi-Yu|perish3|[silent]\n|-start|p1b: Pearls|perish3|[silent]\n|-start|p2a: Annihilape|perish3|[silent]\n|-start|p2b: Ting-Lu|perish3|[silent]\n|-fieldactivate|move: Perish Song\n|move|p2a: Annihilape|Rage Fist|p1b: Pearls\n|-supereffective|p1b: Pearls\n|-damage|p1b: Pearls|0 fnt\n|faint|p1b: Pearls\n|-end|p1b: Pearls|Protosynthesis|[silent]\n|move|p2b: Ting-Lu|Stone Edge|p1a: Chi-Yu\n|-activate|p1a: Chi-Yu|move: Protect\n|\n|-start|p1a: Chi-Yu|perish3\n|-start|p2a: Annihilape|perish3\n|-start|p2b: Ting-Lu|perish3\n|upkeep\n|\n|t:|1682825092\n|switch|p1b: SSJ3 Jiggly|Scream Tail, L50, shiny|100\/100\n|turn|8\n|\n|t:|1682825107\n|move|p1b: SSJ3 Jiggly|Protect|p1b: SSJ3 Jiggly\n|-singleturn|p1b: SSJ3 Jiggly|Protect\n|move|p1a: Chi-Yu|Flamethrower|p2b: Ting-Lu\n|-damage|p2b: Ting-Lu|68\/100\n|-status|p2b: Ting-Lu|brn\n|move|p2a: Annihilape|Drain Punch|p1a: Chi-Yu\n|-supereffective|p1a: Chi-Yu\n|-damage|p1a: Chi-Yu|0 fnt\n|faint|p1a: Chi-Yu\n|move|p2b: Ting-Lu|Heavy Slam|p1b: SSJ3 Jiggly\n|-activate|p1b: SSJ3 Jiggly|move: Protect\n|\n|-damage|p2b: Ting-Lu|62\/100 brn|[from] brn\n|-start|p2a: Annihilape|perish2\n|-start|p2b: Ting-Lu|perish2\n|upkeep\n|turn|9\n|\n|t:|1682825123\n|move|p1b: SSJ3 Jiggly|Reflect|p1b: SSJ3 Jiggly\n|-sidestart|p1: Bambambi|Reflect\n|move|p2a: Annihilape|Rage Fist|p1b: SSJ3 Jiggly\n|-supereffective|p1b: SSJ3 Jiggly\n|-damage|p1b: SSJ3 Jiggly|71\/100\n|move|p2b: Ting-Lu|Heavy Slam|p1b: SSJ3 Jiggly\n|-supereffective|p1b: SSJ3 Jiggly\n|-damage|p1b: SSJ3 Jiggly|51\/100\n|\n|-damage|p2b: Ting-Lu|56\/100 brn|[from] brn\n|-start|p2a: Annihilape|perish1\n|-start|p2b: Ting-Lu|perish1\n|upkeep\n|turn|10\n|c|\u2606Pkfns|Gg!!\n|c|\u2606Bambambi|Gg\n|\n|t:|1682825139\n|move|p1b: SSJ3 Jiggly|Protect|p1b: SSJ3 Jiggly\n|-singleturn|p1b: SSJ3 Jiggly|Protect\n|move|p2a: Annihilape|Rage Fist|p1b: SSJ3 Jiggly\n|-activate|p1b: SSJ3 Jiggly|move: Protect\n|move|p2b: Ting-Lu|Heavy Slam|p1b: SSJ3 Jiggly\n|-activate|p1b: SSJ3 Jiggly|move: Protect\n|\n|-damage|p2b: Ting-Lu|50\/100 brn|[from] brn\n|-start|p2a: Annihilape|perish0\n|-start|p2b: Ting-Lu|perish0\n|faint|p2a: Annihilape\n|faint|p2b: Ting-Lu\n|\n|win|Bambambi\n|upkeep\n","uploadtime":1682825150,"views":10,"p1id":"bambambi","p2id":"pkfns","formatid":"gen9vgc2023regulationc","rating":0,"private":0,"password":""}