{"id":"gen9vgc2023regulationc-1858948995","p1":"M4tty02","p2":"Tamejo","format":"[Gen 9] VGC 2023 Regulation C","log":"|j|\u2606M4tty02\n|j|\u2606Tamejo\n|t:|1683386912\n|gametype|doubles\n|player|p1|M4tty02|emmet|\n|player|p2|Tamejo|rood|\n|teamsize|p1|6\n|teamsize|p2|6\n|gen|9\n|tier|[Gen 9] VGC 2023 Regulation C\n|rule|Species Clause: Limit one of each Pok\u00e9mon\n|rule|Item Clause: Limit one of each item\n|clearpoke\n|poke|p1|Chi-Yu, L50|\n|poke|p1|Flutter Mane, L50|\n|poke|p1|Amoonguss, L50, F|\n|poke|p1|Iron Hands, L50|\n|poke|p1|Palafin, L50, M|\n|poke|p1|Arcanine, L50, F|\n|poke|p2|Murkrow, L50, F|\n|poke|p2|Great Tusk, L50|\n|poke|p2|Iron Bundle, L50|\n|poke|p2|Chi-Yu, L50|\n|poke|p2|Iron Hands, L50|\n|poke|p2|Amoonguss, L50, M|\n|teampreview|4\nTamejo has agreed to open team sheets.\nM4tty02 has agreed to open team sheets.\n|c|\u2606Tamejo|Eccoci! G1\n|c|\u2606Tamejo|gl hf\n|c|\u2606M4tty02|glhf\n|\n|t:|1683387037\n|start\n|switch|p1a: Chi-Yu|Chi-Yu, L50|100\/100\n|switch|p1b: Iron Hands|Iron Hands, L50|100\/100\n|switch|p2a: Iron Bundle|Iron Bundle, L50|100\/100\n|switch|p2b: Chi-Yu|Chi-Yu, L50|100\/100\n|-ability|p1a: Chi-Yu|Beads of Ruin\n|-ability|p2b: Chi-Yu|Beads of Ruin\n|-enditem|p2a: Iron Bundle|Booster Energy\n|-activate|p2a: Iron Bundle|ability: Quark Drive|[fromitem]\n|-start|p2a: Iron Bundle|quarkdrivespe\n|turn|1\n|\n|t:|1683387074\n|switch|p2b: Iron Hands|Iron Hands, L50|100\/100\n|-terastallize|p1a: Chi-Yu|Grass\n|move|p2a: Iron Bundle|Protect|p2a: Iron Bundle\n|-singleturn|p2a: Iron Bundle|Protect\n|move|p1b: Iron Hands|Fake Out|p2b: Iron Hands\n|-damage|p2b: Iron Hands|91\/100\n|move|p1a: Chi-Yu|Heat Wave|p2b: Iron Hands|[spread] p2b\n|-activate|p2a: Iron Bundle|move: Protect\n|-damage|p2b: Iron Hands|65\/100\n|\n|upkeep\n|turn|2\n|\n|t:|1683387167\n|switch|p1a: Arcanine|Arcanine, L50, F, shiny|100\/100\n|-ability|p1a: Arcanine|Intimidate|boost\n|-unboost|p2a: Iron Bundle|atk|1\n|-unboost|p2b: Iron Hands|atk|1\n|-terastallize|p2a: Iron Bundle|Poison\n|move|p2b: Iron Hands|Fake Out|p1a: Arcanine\n|-damage|p1a: Arcanine|88\/100\n|move|p2a: Iron Bundle|Freeze-Dry|p1a: Arcanine\n|-resisted|p1a: Arcanine\n|-damage|p1a: Arcanine|69\/100\n|move|p1b: Iron Hands|Volt Switch|p2a: Iron Bundle\n|-damage|p2a: Iron Bundle|75\/100\n|\n|t:|1683387182\n|-end|p1b: Iron Hands|Quark Drive|[silent]\n|switch|p1b: Chi-Yu|Chi-Yu, L50, tera:Grass|100\/100|[from] Volt Switch\n|-ability|p1b: Chi-Yu|Beads of Ruin\n|\n|upkeep\n|turn|3\n|\n|t:|1683387213\n|move|p2a: Iron Bundle|Icy Wind|p1b: Chi-Yu|[spread] p1a,p1b\n|-resisted|p1a: Arcanine\n|-supereffective|p1b: Chi-Yu\n|-crit|p1b: Chi-Yu\n|-damage|p1a: Arcanine|55\/100\n|-damage|p1b: Chi-Yu|30\/100\n|-unboost|p1a: Arcanine|spe|1\n|-unboost|p1b: Chi-Yu|spe|1\n|move|p1b: Chi-Yu|Heat Wave|p2b: Iron Hands|[spread] p2b\n|-miss|p1b: Chi-Yu|p2a: Iron Bundle\n|-damage|p2b: Iron Hands|38\/100\n|move|p1a: Arcanine|Will-O-Wisp|p2b: Iron Hands\n|-status|p2b: Iron Hands|brn\n|move|p2b: Iron Hands|Volt Switch|p1b: Chi-Yu\n|-resisted|p1b: Chi-Yu\n|-damage|p1b: Chi-Yu|23\/100\n|\n|t:|1683387227\n|-end|p2b: Iron Hands|Quark Drive|[silent]\n|switch|p2b: Chi-Yu|Chi-Yu, L50|100\/100|[from] Volt Switch\n|-ability|p2b: Chi-Yu|Beads of Ruin\n|\n|upkeep\n|turn|4\n|\n|t:|1683387260\n|switch|p1b: Iron Hands|Iron Hands, L50|100\/100\n|move|p1a: Arcanine|Protect|p1a: Arcanine\n|-singleturn|p1a: Arcanine|Protect\n|move|p2a: Iron Bundle|Hydro Pump|p1a: Arcanine\n|-activate|p1a: Arcanine|move: Protect\n|move|p2b: Chi-Yu|Heat Wave|p1b: Iron Hands|[spread] p1b\n|-activate|p1a: Arcanine|move: Protect\n|-damage|p1b: Iron Hands|62\/100\n|\n|upkeep\n|turn|5\n|\n|t:|1683387293\n|switch|p2b: Iron Hands|Iron Hands, L50|38\/100 brn\n|move|p2a: Iron Bundle|Protect|p2a: Iron Bundle\n|-singleturn|p2a: Iron Bundle|Protect\n|move|p1b: Iron Hands|Fake Out|p2b: Iron Hands\n|-damage|p2b: Iron Hands|29\/100 brn\n|move|p1a: Arcanine|Flare Blitz|p2a: Iron Bundle\n|-activate|p2a: Iron Bundle|move: Protect\n|\n|-damage|p2b: Iron Hands|23\/100 brn|[from] brn\n|upkeep\n|turn|6\n|\n|t:|1683387315\n|move|p2b: Iron Hands|Fake Out|p1b: Iron Hands\n|-damage|p1b: Iron Hands|56\/100\n|move|p2a: Iron Bundle|Hydro Pump|p1a: Arcanine\n|-supereffective|p1a: Arcanine\n|-damage|p1a: Arcanine|0 fnt\n|faint|p1a: Arcanine\n|cant|p1b: Iron Hands|flinch\n|\n|-damage|p2b: Iron Hands|17\/100 brn|[from] brn\n|upkeep\n|\n|t:|1683387336\n|switch|p1a: Flutter Mane|Flutter Mane, L50|100\/100\n|-enditem|p1a: Flutter Mane|Booster Energy\n|-activate|p1a: Flutter Mane|ability: Protosynthesis|[fromitem]\n|-start|p1a: Flutter Mane|protosynthesisspa\n|turn|7\n|\n|t:|1683387355\n|move|p2a: Iron Bundle|Protect|p2a: Iron Bundle\n|-singleturn|p2a: Iron Bundle|Protect\n|move|p1a: Flutter Mane|Protect|p1a: Flutter Mane\n|-singleturn|p1a: Flutter Mane|Protect\n|move|p1b: Iron Hands|Volt Switch|p2b: Iron Hands\n|-resisted|p2b: Iron Hands\n|-damage|p2b: Iron Hands|14\/100 brn\n|\n|t:|1683387361\n|-end|p1b: Iron Hands|Quark Drive|[silent]\n|switch|p1b: Chi-Yu|Chi-Yu, L50, tera:Grass|23\/100|[from] Volt Switch\n|-ability|p1b: Chi-Yu|Beads of Ruin\n|move|p2b: Iron Hands|Volt Switch|p1b: Chi-Yu\n|-resisted|p1b: Chi-Yu\n|-damage|p1b: Chi-Yu|16\/100\n|\n|t:|1683387373\n|-end|p2b: Iron Hands|Quark Drive|[silent]\n|switch|p2b: Great Tusk|Great Tusk, L50|100\/100|[from] Volt Switch\n|\n|upkeep\n|turn|8\n|\n|t:|1683387398\n|switch|p1b: Iron Hands|Iron Hands, L50|56\/100\n|move|p2a: Iron Bundle|Icy Wind|p1a: Flutter Mane|[spread] p1a\n|-miss|p2a: Iron Bundle|p1b: Iron Hands\n|-damage|p1a: Flutter Mane|84\/100\n|-unboost|p1a: Flutter Mane|spe|1\n|move|p2b: Great Tusk|Headlong Rush|p1a: Flutter Mane\n|-damage|p1a: Flutter Mane|0 fnt\n|-unboost|p2b: Great Tusk|def|1\n|-unboost|p2b: Great Tusk|spd|1\n|faint|p1a: Flutter Mane\n|-end|p1a: Flutter Mane|Protosynthesis|[silent]\n|\n|upkeep\n|\n|t:|1683387407\n|switch|p1a: Chi-Yu|Chi-Yu, L50, tera:Grass|16\/100\n|-ability|p1a: Chi-Yu|Beads of Ruin\n|turn|9\n|c|\u2606M4tty02|gg\n|\n|t:|1683387416\n|move|p2a: Iron Bundle|Protect|p2a: Iron Bundle\n|-singleturn|p2a: Iron Bundle|Protect\n|move|p2b: Great Tusk|Protect|p2b: Great Tusk\n|-singleturn|p2b: Great Tusk|Protect\n|move|p1b: Iron Hands|Fake Out|p2b: Great Tusk\n|-activate|p2b: Great Tusk|move: Protect\n|move|p1a: Chi-Yu|Heat Wave|p2a: Iron Bundle|[spread] \n|-activate|p2a: Iron Bundle|move: Protect\n|-activate|p2b: Great Tusk|move: Protect\n|\n|upkeep\n|turn|10\n|\n|t:|1683387440\n|move|p2a: Iron Bundle|Freeze-Dry|p1a: Chi-Yu\n|-supereffective|p1a: Chi-Yu\n|-damage|p1a: Chi-Yu|0 fnt\n|faint|p1a: Chi-Yu\n|move|p2b: Great Tusk|Headlong Rush|p1b: Iron Hands\n|-supereffective|p1b: Iron Hands\n|-damage|p1b: Iron Hands|0 fnt\n|-unboost|p2b: Great Tusk|def|1\n|-unboost|p2b: Great Tusk|spd|1\n|faint|p1b: Iron Hands\n|-end|p1b: Iron Hands|Quark Drive|[silent]\n|\n|win|Tamejo\n|c|\u2606Tamejo|Gg\n|l|\u2606M4tty02\n","uploadtime":1683387497,"views":10,"p1id":"m4tty02","p2id":"tamejo","formatid":"gen9vgc2023regulationc","rating":0,"private":0,"password":""}