{"id":"gen9vgc2023regulationc-1862316454","p1":"jchemmy","p2":"Mega Laatios","format":"[Gen 9] VGC 2023 Regulation C","log":"|j|\u2606jchemmy\n|j|\u2606Mega Laatios\n|t:|1683864510\n|gametype|doubles\n|player|p1|jchemmy|brock|1413\n|player|p2|Mega Laatios|brawly|1362\n|teamsize|p1|6\n|teamsize|p2|6\n|gen|9\n|tier|[Gen 9] VGC 2023 Regulation C\n|rated|\n|rule|Species Clause: Limit one of each Pok\u00e9mon\n|rule|Item Clause: Limit one of each item\n|clearpoke\n|poke|p1|Flutter Mane, L50|\n|poke|p1|Ting-Lu, L50|\n|poke|p1|Baxcalibur, L50, F|\n|poke|p1|Palafin, L50, M|\n|poke|p1|Arcanine, L50, M|\n|poke|p1|Amoonguss, L50, F|\n|poke|p2|Indeedee-F, L50, F|\n|poke|p2|Azumarill, L50, F|\n|poke|p2|Iron Hands, L50|\n|poke|p2|Armarouge, L50, F|\n|poke|p2|Flutter Mane, L50|\n|poke|p2|Pelipper, L50, M|\n|teampreview|4\n|inactive|Battle timer is ON: inactive players will automatically lose when time's up. (requested by jchemmy)\njchemmy has agreed to open team sheets.\n|inactive|jchemmy has 60 seconds left.\n|inactive|Mega Laatios has 60 seconds left.\n|inactive|jchemmy has 30 seconds left.\n|\n|t:|1683864575\n|start\n|switch|p1a: Flutter Mane|Flutter Mane, L50|100\/100\n|switch|p1b: Arcanine|Arcanine, L50, M|100\/100\n|switch|p2a: Iron Hands|Iron Hands, L50|100\/100\n|switch|p2b: Armarouge|Armarouge, L50, F|100\/100\n|-ability|p1b: Arcanine|Intimidate|boost\n|-unboost|p2a: Iron Hands|atk|1\n|-unboost|p2b: Armarouge|atk|1\n|turn|1\n|\n|t:|1683864588\n|move|p2b: Armarouge|Wide Guard|p2b: Armarouge\n|-singleturn|p2b: Armarouge|Wide Guard\n|move|p1a: Flutter Mane|Shadow Ball|p2b: Armarouge\n|-supereffective|p2b: Armarouge\n|-damage|p2b: Armarouge|0 fnt\n|faint|p2b: Armarouge\n|move|p1b: Arcanine|Will-O-Wisp|p2a: Iron Hands\n|-status|p2a: Iron Hands|brn\n|move|p2a: Iron Hands|Belly Drum|p2a: Iron Hands\n|-damage|p2a: Iron Hands|50\/100 brn\n|-setboost|p2a: Iron Hands|atk|6|[from] move: Belly Drum\n|-enditem|p2a: Iron Hands|Sitrus Berry|[eat]\n|-heal|p2a: Iron Hands|75\/100 brn|[from] item: Sitrus Berry\n|\n|-damage|p2a: Iron Hands|69\/100 brn|[from] brn\n|upkeep\n|inactive|Mega Laatios has 30 seconds left.\n|\n|t:|1683864620\n|switch|p2b: Indeedee|Indeedee-F, L50, F|100\/100\n|-fieldstart|move: Psychic Terrain|[from] ability: Psychic Surge|[of] p2b: Indeedee\n|-enditem|p2b: Indeedee|Psychic Seed\n|-boost|p2b: Indeedee|spd|1|[from] item: Psychic Seed\n|turn|2\n|\n|t:|1683864637\n|-end|p1a: Flutter Mane|Protosynthesis|[silent]\n|switch|p1a: Amoonguss|Amoonguss, L50, F|100\/100\n|-terastallize|p2a: Iron Hands|Steel\n|move|p1b: Arcanine|Protect|p1b: Arcanine\n|-singleturn|p1b: Arcanine|Protect\n|move|p2a: Iron Hands|Drain Punch|p1b: Arcanine\n|-activate|p1b: Arcanine|move: Protect\n|move|p2b: Indeedee|Trick Room|p2b: Indeedee\n|-fieldstart|move: Trick Room|[of] p2b: Indeedee\n|\n|-damage|p2a: Iron Hands|63\/100 brn|[from] brn\n|upkeep\n|turn|3\n|inactive|Mega Laatios has 30 seconds left.\n|\n|t:|1683864666\n|switch|p1b: Flutter Mane|Flutter Mane, L50|100\/100\n|move|p1a: Amoonguss|Protect|p1a: Amoonguss\n|-singleturn|p1a: Amoonguss|Protect\n|move|p2a: Iron Hands|Drain Punch|p1b: Flutter Mane\n|-immune|p1b: Flutter Mane\n|move|p2b: Indeedee|Psychic|p1b: Flutter Mane\n|-damage|p1b: Flutter Mane|62\/100\n|\n|-damage|p2a: Iron Hands|57\/100 brn|[from] brn\n|upkeep\n|turn|4\n|\n|t:|1683864681\n|-end|p1b: Flutter Mane|Protosynthesis|[silent]\n|switch|p1b: Arcanine|Arcanine, L50, M|100\/100\n|-ability|p1b: Arcanine|Intimidate|boost\n|-unboost|p2a: Iron Hands|atk|1\n|-unboost|p2b: Indeedee|atk|1\n|move|p1a: Amoonguss|Pollen Puff|p1b: Arcanine\n|-immune|p1b: Arcanine\n|move|p2a: Iron Hands|Thunder Punch|p1b: Arcanine\n|-damage|p1b: Arcanine|33\/100\n|move|p2b: Indeedee|Psychic|p1a: Amoonguss\n|-supereffective|p1a: Amoonguss\n|-damage|p1a: Amoonguss|27\/100\n|-enditem|p1a: Amoonguss|Sitrus Berry|[eat]\n|-heal|p1a: Amoonguss|52\/100|[from] item: Sitrus Berry\n|\n|-damage|p2a: Iron Hands|51\/100 brn|[from] brn\n|upkeep\n|turn|5\n|\n|t:|1683864702\n|move|p1a: Amoonguss|Protect|p1a: Amoonguss\n|-singleturn|p1a: Amoonguss|Protect\n|move|p1b: Arcanine|Protect|p1b: Arcanine\n|-singleturn|p1b: Arcanine|Protect\n|move|p2a: Iron Hands|Thunder Punch|p1b: Arcanine\n|-activate|p1b: Arcanine|move: Protect\n|move|p2b: Indeedee|Psychic|p1a: Amoonguss\n|-activate|p1a: Amoonguss|move: Protect\n|\n|-damage|p2a: Iron Hands|45\/100 brn|[from] brn\n|upkeep\n|turn|6\n|inactive|jchemmy has 30 seconds left.\n|\n|t:|1683864736\n|switch|p1b: Ting-Lu|Ting-Lu, L50|100\/100\n|-ability|p1b: Ting-Lu|Vessel of Ruin\n|-terastallize|p1a: Amoonguss|Water\n|move|p1a: Amoonguss|Spore|p2b: Indeedee\n|-status|p2b: Indeedee|slp|[from] move: Spore\n|move|p2a: Iron Hands|Drain Punch|p1b: Ting-Lu\n|-supereffective|p1b: Ting-Lu\n|-damage|p1b: Ting-Lu|24\/100\n|-heal|p2a: Iron Hands|80\/100 brn|[from] drain|[of] p1b: Ting-Lu\n|cant|p2b: Indeedee|slp\n|\n|-damage|p2a: Iron Hands|74\/100 brn|[from] brn\n|-fieldend|move: Trick Room\n|-fieldend|move: Psychic Terrain\n|upkeep\n|turn|7\n|inactive|Mega Laatios has 30 seconds left.\n|inactive|Mega Laatios has 20 seconds left.\n|inactive|Mega Laatios has 15 seconds left.\n|\n|t:|1683864779\n|switch|p1b: Arcanine|Arcanine, L50, M|33\/100\n|-ability|p1b: Arcanine|Intimidate|boost\n|-unboost|p2a: Iron Hands|atk|1\n|-unboost|p2b: Indeedee|atk|1\n|-curestatus|p2b: Indeedee|slp|[msg]\n|move|p2b: Indeedee|Psychic|p1a: Amoonguss\n|-damage|p1a: Amoonguss|24\/100\n|move|p2a: Iron Hands|Thunder Punch|p1a: Amoonguss\n|-supereffective|p1a: Amoonguss\n|-damage|p1a: Amoonguss|0 fnt\n|faint|p1a: Amoonguss\n|\n|-damage|p2a: Iron Hands|68\/100 brn|[from] brn\n|upkeep\n|\n|t:|1683864796\n|switch|p1a: Ting-Lu|Ting-Lu, L50|24\/100\n|-ability|p1a: Ting-Lu|Vessel of Ruin\n|turn|8\n|\n|t:|1683864805\n|move|p2b: Indeedee|Follow Me|p2b: Indeedee\n|-singleturn|p2b: Indeedee|move: Follow Me\n|move|p1b: Arcanine|Flare Blitz|p2b: Indeedee\n|-crit|p2b: Indeedee\n|-damage|p2b: Indeedee|34\/100\n|-damage|p1b: Arcanine|13\/100|[from] Recoil\n|move|p2a: Iron Hands|Thunder Punch|p1b: Arcanine\n|-damage|p1b: Arcanine|0 fnt\n|faint|p1b: Arcanine\n|move|p1a: Ting-Lu|Stomping Tantrum|p2b: Indeedee\n|-damage|p2b: Indeedee|0 fnt\n|faint|p2b: Indeedee\n|\n|-damage|p2a: Iron Hands|62\/100 brn|[from] brn\n|upkeep\n|\n|t:|1683864817\n|switch|p1b: Flutter Mane|Flutter Mane, L50|62\/100\n|switch|p2b: Flutter Mane|Flutter Mane, L50|100\/100\n|turn|9\n|\n|t:|1683864826\n|move|p2b: Flutter Mane|Dazzling Gleam|p1a: Ting-Lu|[spread] p1a,p1b\n|-supereffective|p1a: Ting-Lu\n|-damage|p1a: Ting-Lu|0 fnt\n|-damage|p1b: Flutter Mane|26\/100\n|faint|p1a: Ting-Lu\n|move|p1b: Flutter Mane|Shadow Ball|p2a: Iron Hands\n|-damage|p2a: Iron Hands|25\/100 brn\n|move|p2a: Iron Hands|Thunder Punch|p1b: Flutter Mane\n|-damage|p1b: Flutter Mane|0 fnt\n|faint|p1b: Flutter Mane\n|-end|p1b: Flutter Mane|Protosynthesis|[silent]\n|\n|win|Mega Laatios\n|raw|jchemmy's rating: 1413 → 1390<\/strong> (-23 for losing)\n|raw|Mega Laatios's rating: 1362 → 1385<\/strong> (+23 for winning)\n","uploadtime":1683864834,"views":18,"p1id":"jchemmy","p2id":"megalaatios","formatid":"gen9vgc2023regulationc","rating":1385,"private":0,"password":""}