{"id":"gen9vgc2023regulationc-1852812123","p1":"Tayekc","p2":"Sereti","format":"[Gen 9] VGC 2023 Regulation C","log":"|j|\u2606Tayekc\n|j|\u2606Sereti\n|t:|1682608356\n|gametype|doubles\n|player|p1|Tayekc|hilbert|1086\n|player|p2|Sereti|265|1078\n|teamsize|p1|6\n|teamsize|p2|6\n|gen|9\n|tier|[Gen 9] VGC 2023 Regulation C\n|rated|\n|rule|Species Clause: Limit one of each Pok\u00e9mon\n|rule|Item Clause: Limit one of each item\n|clearpoke\n|poke|p1|Torkoal, L50, M|\n|poke|p1|Lilligant, L50, F|\n|poke|p1|Flutter Mane, L50|\n|poke|p1|Chi-Yu, L50|\n|poke|p1|Dragonite, L50, M|\n|poke|p1|Chien-Pao, L50|\n|poke|p2|Klefki, L50, F|\n|poke|p2|Mimikyu, L50, F|\n|poke|p2|Ceruledge, L50, M|\n|poke|p2|Gyarados, L50, M|\n|poke|p2|Talonflame, L50, M|\n|poke|p2|Iron Bundle, L50|\n|teampreview|4\n|inactive|Battle timer is ON: inactive players will automatically lose when time's up. (requested by Sereti)\n|\n|t:|1682608402\n|start\n|switch|p1a: Flutter Mane|Flutter Mane, L50|100\/100\n|switch|p1b: Chi-Yu|Chi-Yu, L50|100\/100\n|switch|p2a: Klefki|Klefki, L50, F|100\/100\n|switch|p2b: Mimikyu|Mimikyu, L50, F|100\/100\n|-ability|p1b: Chi-Yu|Beads of Ruin\n|-enditem|p1a: Flutter Mane|Booster Energy\n|-activate|p1a: Flutter Mane|ability: Protosynthesis|[fromitem]\n|-start|p1a: Flutter Mane|protosynthesisspa\n|turn|1\n|inactive|Sereti has 30 seconds left.\n|inactive|Sereti has 20 seconds left.\n|\n|t:|1682608438\n|move|p2a: Klefki|Thunder Wave|p1a: Flutter Mane\n|-status|p1a: Flutter Mane|par\n|move|p1b: Chi-Yu|Heat Wave|p2a: Klefki|[spread] p2a,p2b\n|-supereffective|p2a: Klefki\n|-damage|p2a: Klefki|0 fnt\n|-activate|p2b: Mimikyu|ability: Disguise\n|-damage|p2b: Mimikyu|100\/100\n|detailschange|p2b: Mimikyu|Mimikyu-Busted, L50, F\n|-damage|p2b: Mimikyu|88\/100|[from] pokemon: Mimikyu-Busted\n|faint|p2a: Klefki\n|move|p2b: Mimikyu|Swords Dance|p2b: Mimikyu\n|-boost|p2b: Mimikyu|atk|2\n|move|p1a: Flutter Mane|Shadow Ball|p2b: Mimikyu\n|-supereffective|p2b: Mimikyu\n|-crit|p2b: Mimikyu\n|-damage|p2b: Mimikyu|0 fnt\n|faint|p2b: Mimikyu\n|\n|upkeep\n|\n|t:|1682608459\n|switch|p2b: Iron Bundle|Iron Bundle, L50|100\/100\n|switch|p2a: Gyarados|Gyarados, L50, M|100\/100\n|-ability|p2a: Gyarados|Intimidate|boost\n|-unboost|p1a: Flutter Mane|atk|1\n|-unboost|p1b: Chi-Yu|atk|1\n|-enditem|p2b: Iron Bundle|Booster Energy\n|-activate|p2b: Iron Bundle|ability: Quark Drive|[fromitem]\n|-start|p2b: Iron Bundle|quarkdrivespe\n|turn|2\n|inactive|Tayekc has 30 seconds left.\n|inactive|Sereti has 30 seconds left.\n|inactive|Sereti has 20 seconds left.\n|\n|t:|1682608496\n|-terastallize|p1b: Chi-Yu|Grass\n|move|p2b: Iron Bundle|Icy Wind|p1a: Flutter Mane|[spread] p1a,p1b\n|-supereffective|p1b: Chi-Yu\n|-damage|p1a: Flutter Mane|75\/100 par\n|-damage|p1b: Chi-Yu|55\/100\n|-unboost|p1a: Flutter Mane|spe|1\n|-unboost|p1b: Chi-Yu|spe|1\n|move|p1b: Chi-Yu|Heat Wave|p2a: Gyarados|[spread] p2a,p2b\n|-resisted|p2a: Gyarados\n|-damage|p2a: Gyarados|78\/100\n|-damage|p2b: Iron Bundle|8\/100\n|move|p2a: Gyarados|Waterfall|p1b: Chi-Yu\n|-resisted|p1b: Chi-Yu\n|-damage|p1b: Chi-Yu|23\/100\n|cant|p1a: Flutter Mane|par\n|\n|upkeep\n|turn|3\n|inactive|Sereti has 30 seconds left.\n|\n|t:|1682608521\n|move|p2b: Iron Bundle|Icy Wind|p1b: Chi-Yu|[spread] p1a,p1b\n|-supereffective|p1b: Chi-Yu\n|-damage|p1a: Flutter Mane|54\/100 par\n|-damage|p1b: Chi-Yu|0 fnt\n|-unboost|p1a: Flutter Mane|spe|1\n|faint|p1b: Chi-Yu\n|move|p2a: Gyarados|Dragon Dance|p2a: Gyarados\n|-boost|p2a: Gyarados|atk|1\n|-boost|p2a: Gyarados|spe|1\n|move|p1a: Flutter Mane|Trick Room|p1a: Flutter Mane\n|-fieldstart|move: Trick Room|[of] p1a: Flutter Mane\n|\n|upkeep\n|\n|t:|1682608536\n|switch|p1b: Dragonite|Dragonite, L50, M|100\/100\n|turn|4\n|\n|t:|1682608553\n|move|p2b: Iron Bundle|Protect|p2b: Iron Bundle\n|-singleturn|p2b: Iron Bundle|Protect\n|move|p1b: Dragonite|Extreme Speed|p2b: Iron Bundle\n|-activate|p2b: Iron Bundle|move: Protect\n|move|p1a: Flutter Mane|Moonblast|p2a: Gyarados\n|-damage|p2a: Gyarados|21\/100\n|move|p2a: Gyarados|Waterfall|p1b: Dragonite\n|-resisted|p1b: Dragonite\n|-damage|p1b: Dragonite|86\/100\n|\n|upkeep\n|turn|5\n|\n|t:|1682608571\n|move|p2a: Gyarados|Protect|p2a: Gyarados\n|-singleturn|p2a: Gyarados|Protect\n|move|p1b: Dragonite|Extreme Speed|p2b: Iron Bundle\n|-damage|p2b: Iron Bundle|0 fnt\n|faint|p2b: Iron Bundle\n|-end|p2b: Iron Bundle|Quark Drive|[silent]\n|move|p1a: Flutter Mane|Moonblast|p2a: Gyarados\n|-activate|p2a: Gyarados|move: Protect\n|\n|upkeep\n|turn|6\n|-message|Sereti forfeited.\n|\n|win|Tayekc\n|raw|Tayekc's rating: 1086 → 1112<\/strong> (+26 for winning)\n|raw|Sereti's rating: 1078 → 1057<\/strong> (-21 for losing)\n|l|\u2606Sereti\n","uploadtime":1682608590,"views":8,"p1id":"tayekc","p2id":"sereti","formatid":"gen9vgc2023regulationc","rating":1057,"private":0,"password":""}