{"id":"gen9vgc2023regulationc-1861235786","p1":"jugadorfrustrado","p2":"trolllvin","format":"[Gen 9] VGC 2023 Regulation C","log":"|j|\u2606jugadorfrustrado\n|j|\u2606trolllvin\n|t:|1683738307\n|gametype|doubles\n|player|p1|jugadorfrustrado|unknown|1109\n|player|p2|trolllvin|silver|1013\n|teamsize|p1|6\n|teamsize|p2|6\n|gen|9\n|tier|[Gen 9] VGC 2023 Regulation C\n|rated|\n|rule|Species Clause: Limit one of each Pok\u00e9mon\n|rule|Item Clause: Limit one of each item\n|clearpoke\n|poke|p1|Chi-Yu, L50|\n|poke|p1|Palafin, L50, M|\n|poke|p1|Amoonguss, L50, M|\n|poke|p1|Arcanine, L50, M|\n|poke|p1|Flutter Mane, L50|\n|poke|p1|Murkrow, L50, M|\n|poke|p2|Kilowattrel, L50, F|\n|poke|p2|Murkrow, L50, M|\n|poke|p2|Pincurchin, L50, F|\n|poke|p2|Iron Hands, L50|\n|poke|p2|Flutter Mane, L50|\n|poke|p2|Muk, L50, F|\n|teampreview|4\n|inactive|Battle timer is ON: inactive players will automatically lose when time's up. (requested by trolllvin)\n|inactive|jugadorfrustrado has 60 seconds left.\n|inactive|jugadorfrustrado has 30 seconds left.\n|\n|t:|1683738380\n|start\n|switch|p1a: Murkrow|Murkrow, L50, M|100\/100\n|switch|p1b: Palafin|Palafin, L50, M|100\/100\n|switch|p2a: Muk|Muk, L50, F, shiny|100\/100\n|switch|p2b: Flutter Mane|Flutter Mane, L50|100\/100\n|turn|1\n|\n|t:|1683738393\n|detailschange|p1b: Palafin|Palafin-Hero, L50, M\n|switch|p1b: Amoonguss|Amoonguss, L50, M|100\/100\n|move|p2b: Flutter Mane|Protect|p2b: Flutter Mane\n|-singleturn|p2b: Flutter Mane|Protect\n|move|p1a: Murkrow|Tailwind|p1a: Murkrow\n|-sidestart|p1: jugadorfrustrado|move: Tailwind\n|move|p2a: Muk|Minimize|p2a: Muk\n|-boost|p2a: Muk|evasion|2\n|\n|upkeep\n|turn|2\n|inactive|trolllvin has 30 seconds left.\n|\n|t:|1683738421\n|-terastallize|p2b: Flutter Mane|Fairy\n|move|p1a: Murkrow|Haze|p1a: Murkrow\n|-clearallboost\n|move|p2b: Flutter Mane|Dazzling Gleam|p1a: Murkrow|[spread] p1a,p1b\n|-supereffective|p1a: Murkrow\n|-resisted|p1b: Amoonguss\n|-damage|p1a: Murkrow|0 fnt\n|-damage|p1b: Amoonguss|75\/100\n|faint|p1a: Murkrow\n|-damage|p2b: Flutter Mane|91\/100|[from] item: Life Orb\n|move|p1b: Amoonguss|Spore|p2b: Flutter Mane\n|-status|p2b: Flutter Mane|slp|[from] move: Spore\n|move|p2a: Muk|Minimize|p2a: Muk\n|-boost|p2a: Muk|evasion|2\n|\n|upkeep\n|\n|t:|1683738439\n|switch|p1a: Palafin|Palafin-Hero, L50, M|100\/100\n|-activate|p1a: Palafin|ability: Zero to Hero\n|turn|3\n|\n|t:|1683738452\n|move|p1a: Palafin|Jet Punch|p2b: Flutter Mane\n|-crit|p2b: Flutter Mane\n|-damage|p2b: Flutter Mane|0 fnt\n|faint|p2b: Flutter Mane\n|-end|p2b: Flutter Mane|Protosynthesis|[silent]\n|move|p1b: Amoonguss|Spore|p2a: Muk\n|-status|p2a: Muk|slp|[from] move: Spore\n|cant|p2a: Muk|slp\n|\n|upkeep\n|\n|t:|1683738463\n|switch|p2b: Kilowattrel|Kilowattrel, L50, F|100\/100\n|turn|4\n|\n|t:|1683738476\n|-terastallize|p1a: Palafin|Water\n|move|p2b: Kilowattrel|Protect|p2b: Kilowattrel\n|-singleturn|p2b: Kilowattrel|Protect\n|move|p1b: Amoonguss|Rage Powder|p1b: Amoonguss\n|-singleturn|p1b: Amoonguss|move: Rage Powder\n|move|p1a: Palafin|Jet Punch|p2b: Kilowattrel\n|-activate|p2b: Kilowattrel|move: Protect\n|cant|p2a: Muk|slp\n|\n|-sideend|p1: jugadorfrustrado|move: Tailwind\n|upkeep\n|turn|5\n|\n|t:|1683738496\n|switch|p2b: Pincurchin|Pincurchin, L50, F, shiny|100\/100\n|-fieldstart|move: Electric Terrain|[from] ability: Electric Surge|[of] p2b: Pincurchin\n|move|p1b: Amoonguss|Rage Powder|p1b: Amoonguss\n|-singleturn|p1b: Amoonguss|move: Rage Powder\n|move|p1a: Palafin|Jet Punch|p2b: Pincurchin\n|-damage|p2b: Pincurchin|27\/100\n|-enditem|p2b: Pincurchin|Sitrus Berry|[eat]\n|-heal|p2b: Pincurchin|52\/100|[from] item: Sitrus Berry\n|-curestatus|p2a: Muk|slp|[msg]\n|move|p2a: Muk|Minimize|p2a: Muk\n|-boost|p2a: Muk|evasion|2\n|\n|upkeep\n|turn|6\n|inactive|jugadorfrustrado has 30 seconds left.\n|\n|t:|1683738522\n|move|p2b: Pincurchin|Protect|p2b: Pincurchin\n|-singleturn|p2b: Pincurchin|Protect\n|move|p1b: Amoonguss|Rage Powder|p1b: Amoonguss\n|-singleturn|p1b: Amoonguss|move: Rage Powder\n|move|p1a: Palafin|Wave Crash|p2a: Muk|[miss]\n|-miss|p1a: Palafin|p2a: Muk\n|move|p2a: Muk|Minimize|p2a: Muk\n|-boost|p2a: Muk|evasion|2\n|\n|upkeep\n|turn|7\n|\n|t:|1683738546\n|move|p1b: Amoonguss|Rage Powder|p1b: Amoonguss\n|-singleturn|p1b: Amoonguss|move: Rage Powder\n|move|p1a: Palafin|Wave Crash|p2a: Muk|[miss]\n|-miss|p1a: Palafin|p2a: Muk\n|move|p2a: Muk|Toxic|p1b: Amoonguss\n|-immune|p1b: Amoonguss\n|move|p2b: Pincurchin|Thunder|p1b: Amoonguss\n|-resisted|p1b: Amoonguss\n|-damage|p1b: Amoonguss|50\/100\n|-enditem|p1b: Amoonguss|Sitrus Berry|[eat]\n|-heal|p1b: Amoonguss|75\/100|[from] item: Sitrus Berry\n|\n|upkeep\n|turn|8\n|inactive|trolllvin has 30 seconds left.\n|\n|t:|1683738574\n|move|p1b: Amoonguss|Rage Powder|p1b: Amoonguss\n|-singleturn|p1b: Amoonguss|move: Rage Powder\n|move|p1a: Palafin|Wave Crash|p2a: Muk\n|-damage|p2a: Muk|0 fnt\n|faint|p2a: Muk\n|-damage|p1a: Palafin|60\/100|[from] Recoil\n|move|p2b: Pincurchin|Thunder|p1b: Amoonguss|[miss]\n|-miss|p2b: Pincurchin|p1b: Amoonguss\n|\n|upkeep\n|\n|t:|1683738583\n|switch|p2a: Kilowattrel|Kilowattrel, L50, F|100\/100\n|turn|9\n|\n|t:|1683738591\n|move|p1b: Amoonguss|Rage Powder|p1b: Amoonguss\n|-singleturn|p1b: Amoonguss|move: Rage Powder\n|move|p1a: Palafin|Jet Punch|p2a: Kilowattrel\n|-enditem|p2a: Kilowattrel|Focus Sash\n|-damage|p2a: Kilowattrel|1\/100\n|move|p2a: Kilowattrel|Thunderbolt|p1b: Amoonguss\n|-resisted|p1b: Amoonguss\n|-damage|p1b: Amoonguss|57\/100\n|move|p2b: Pincurchin|Substitute|p2b: Pincurchin\n|-start|p2b: Pincurchin|Substitute\n|-damage|p2b: Pincurchin|27\/100\n|\n|-fieldend|move: Electric Terrain\n|upkeep\n|turn|10\n|\n|t:|1683738615\n|move|p1b: Amoonguss|Rage Powder|p1b: Amoonguss\n|-singleturn|p1b: Amoonguss|move: Rage Powder\n|move|p1a: Palafin|Jet Punch|p2b: Pincurchin\n|-end|p2b: Pincurchin|Substitute\n|move|p2a: Kilowattrel|Hurricane|p1b: Amoonguss\n|-supereffective|p1b: Amoonguss\n|-damage|p1b: Amoonguss|0 fnt\n|faint|p1b: Amoonguss\n|move|p2b: Pincurchin|Thunder|p1a: Palafin|[miss]\n|-miss|p2b: Pincurchin|p1a: Palafin\n|\n|upkeep\n|\n|t:|1683738625\n|switch|p1b: Flutter Mane|Flutter Mane, L50|100\/100\n|turn|11\n|\n|t:|1683738638\n|move|p1a: Palafin|Jet Punch|p2a: Kilowattrel\n|-damage|p2a: Kilowattrel|0 fnt\n|faint|p2a: Kilowattrel\n|move|p1b: Flutter Mane|Dazzling Gleam|p2b: Pincurchin\n|-damage|p2b: Pincurchin|0 fnt\n|faint|p2b: Pincurchin\n|\n|win|jugadorfrustrado\n|raw|jugadorfrustrado's rating: 1109 → 1127<\/strong> (+18 for winning)\n|raw|trolllvin's rating: 1013 → 1004<\/strong> (-9 for losing)\n|c|\u2606trolllvin|gg\n","uploadtime":1683738655,"views":7,"p1id":"jugadorfrustrado","p2id":"trolllvin","formatid":"gen9vgc2023regulationc","rating":1004,"private":0,"password":""}