{"id":"gen9vgc2023regulationc-1862279503","p1":"Mega weison","p2":"RonJohn","format":"[Gen 9] VGC 2023 Regulation C","log":"|j|\u2606Mega weison\n|j|\u2606RonJohn\n|t:|1683858952\n|gametype|doubles\n|player|p1|Mega weison|101|1281\n|player|p2|RonJohn|2|1250\n|teamsize|p1|6\n|teamsize|p2|6\n|gen|9\n|tier|[Gen 9] VGC 2023 Regulation C\n|rated|\n|rule|Species Clause: Limit one of each Pok\u00e9mon\n|rule|Item Clause: Limit one of each item\n|clearpoke\n|poke|p1|Flutter Mane, L50|\n|poke|p1|Amoonguss, L50, M|\n|poke|p1|Arcanine, L50, M|\n|poke|p1|Palafin, L50, M|\n|poke|p1|Chien-Pao, L50|\n|poke|p1|Dragapult, L50, M|\n|poke|p2|Flutter Mane, L50|\n|poke|p2|Orthworm, L50, M|\n|poke|p2|Dragonite, L50, F|\n|poke|p2|Amoonguss, L50, M|\n|poke|p2|Gyarados, L50, M|\n|poke|p2|Ting-Lu, L50|\n|teampreview|4\n|inactive|Battle timer is ON: inactive players will automatically lose when time's up. (requested by Mega weison)\nRonJohn has agreed to open team sheets.\n|l|\u2606Mega weison\n|inactive|Mega weison disconnected and has a minute to reconnect!\n|player|p1|\n|j|\u2606Mega weison\n|inactive|Mega weison reconnected and has 75 seconds left.\n|player|p1|Mega weison|101\n|inactive|Mega weison has 60 seconds left.\n|\n|t:|1683859009\n|start\n|switch|p1a: Arcanine|Arcanine, L50, M|100\/100\n|switch|p1b: Chien-Pao|Chien-Pao, L50|100\/100\n|switch|p2a: Gyarados|Gyarados, L50, M|100\/100\n|switch|p2b: Ting-Lu|Ting-Lu, L50|100\/100\n|-ability|p1b: Chien-Pao|Sword of Ruin\n|-ability|p2a: Gyarados|Intimidate|boost\n|-unboost|p1a: Arcanine|atk|1\n|-unboost|p1b: Chien-Pao|atk|1\n|-ability|p1a: Arcanine|Intimidate|boost\n|-unboost|p2a: Gyarados|atk|1\n|-unboost|p2b: Ting-Lu|atk|1\n|-ability|p2b: Ting-Lu|Vessel of Ruin\n|turn|1\n|\n|t:|1683859033\n|-terastallize|p1a: Arcanine|Flying\n|move|p1b: Chien-Pao|Protect|p1b: Chien-Pao\n|-singleturn|p1b: Chien-Pao|Protect\n|move|p2a: Gyarados|Thunder Wave|p1b: Chien-Pao\n|-activate|p1b: Chien-Pao|move: Protect\n|move|p1a: Arcanine|Will-O-Wisp|p2b: Ting-Lu\n|-status|p2b: Ting-Lu|brn\n|move|p2b: Ting-Lu|Earthquake|p1a: Arcanine|[spread] \n|-activate|p1b: Chien-Pao|move: Protect\n|-immune|p2a: Gyarados\n|-immune|p1a: Arcanine\n|\n|-damage|p2b: Ting-Lu|95\/100 brn|[from] brn\n|upkeep\n|turn|2\n|inactive|Mega weison has 30 seconds left.\n|inactive|RonJohn has 30 seconds left.\n|\n|t:|1683859064\n|switch|p1b: Palafin|Palafin, L50, M|100\/100\n|switch|p2a: Orthworm|Orthworm, L50, M|100\/100\n|move|p1a: Arcanine|Will-O-Wisp|p2a: Orthworm\n|-status|p2a: Orthworm|brn\n|move|p2b: Ting-Lu|Ruination|p1a: Arcanine\n|-damage|p1a: Arcanine|51\/100\n|\n|-damage|p2b: Ting-Lu|89\/100 brn|[from] brn\n|-damage|p2a: Orthworm|94\/100 brn|[from] brn\n|upkeep\n|turn|3\n|inactive|RonJohn has 30 seconds left.\n|\n|t:|1683859094\n|detailschange|p1b: Palafin|Palafin-Hero, L50, M\n|switch|p1b: Chien-Pao|Chien-Pao, L50|100\/100\n|-ability|p1b: Chien-Pao|Sword of Ruin\n|-terastallize|p2a: Orthworm|Poison\n|move|p1a: Arcanine|Flare Blitz|p2a: Orthworm\n|-damage|p2a: Orthworm|60\/100 brn\n|-damage|p1a: Arcanine|40\/100|[from] Recoil\n|move|p2b: Ting-Lu|Ruination|p1b: Chien-Pao\n|-damage|p1b: Chien-Pao|51\/100\n|move|p2a: Orthworm|Shed Tail|p2a: Orthworm\n|-start|p2a: Orthworm|Substitute|[from] move: Shed Tail\n|-damage|p2a: Orthworm|10\/100 brn\n|-enditem|p2a: Orthworm|Sitrus Berry|[eat]\n|-heal|p2a: Orthworm|35\/100 brn|[from] item: Sitrus Berry\n|\n|t:|1683859111\n|switch|p2a: Dragonite|Dragonite, L50, F|100\/100|[from] Shed Tail\n|\n|-damage|p2b: Ting-Lu|83\/100 brn|[from] brn\n|upkeep\n|turn|4\n|\n|t:|1683859127\n|switch|p2b: Gyarados|Gyarados, L50, M|100\/100\n|-ability|p2b: Gyarados|Intimidate|boost\n|-unboost|p1a: Arcanine|atk|1\n|-unboost|p1b: Chien-Pao|atk|1\n|move|p1b: Chien-Pao|Ice Spinner|p2a: Dragonite\n|-supereffective|p2a: Dragonite\n|-end|p2a: Dragonite|Substitute\n|move|p2a: Dragonite|Dragon Dance|p2a: Dragonite\n|-boost|p2a: Dragonite|atk|1\n|-boost|p2a: Dragonite|spe|1\n|move|p1a: Arcanine|Will-O-Wisp|p2a: Dragonite\n|-status|p2a: Dragonite|brn\n|-enditem|p2a: Dragonite|Lum Berry|[eat]\n|-curestatus|p2a: Dragonite|brn|[msg]\n|\n|upkeep\n|turn|5\n|inactive|Mega weison has 30 seconds left.\n|inactive|RonJohn has 30 seconds left.\n|\n|t:|1683859154\n|switch|p1a: Palafin|Palafin-Hero, L50, M|100\/100\n|-activate|p1a: Palafin|ability: Zero to Hero\n|move|p1b: Chien-Pao|Protect|p1b: Chien-Pao\n|-singleturn|p1b: Chien-Pao|Protect\n|move|p2a: Dragonite|Earthquake|p1b: Chien-Pao|[spread] p1a\n|-activate|p1b: Chien-Pao|move: Protect\n|-immune|p2b: Gyarados\n|-damage|p1a: Palafin|46\/100\n|move|p2b: Gyarados|Thunder Wave|p1b: Chien-Pao\n|-activate|p1b: Chien-Pao|move: Protect\n|\n|upkeep\n|turn|6\n|inactive|Mega weison has 30 seconds left.\n|inactive|RonJohn has 30 seconds left.\n|inactive|Mega weison has 20 seconds left.\n|inactive|RonJohn has 20 seconds left.\n|inactive|Mega weison has 15 seconds left.\n|inactive|RonJohn has 15 seconds left.\n|\n|t:|1683859195\n|move|p1a: Palafin|Protect|p1a: Palafin\n|-singleturn|p1a: Palafin|Protect\n|move|p1b: Chien-Pao|Ice Spinner|p2a: Dragonite\n|-supereffective|p2a: Dragonite\n|-damage|p2a: Dragonite|20\/100\n|move|p2a: Dragonite|Earthquake|p1b: Chien-Pao|[spread] p1b\n|-activate|p1a: Palafin|move: Protect\n|-immune|p2b: Gyarados\n|-damage|p1b: Chien-Pao|0 fnt\n|faint|p1b: Chien-Pao\n|move|p2b: Gyarados|Thunder Wave|p1a: Palafin\n|-activate|p1a: Palafin|move: Protect\n|\n|upkeep\n|\n|t:|1683859206\n|switch|p1b: Arcanine|Arcanine, L50, M, tera:Flying|40\/100\n|-ability|p1b: Arcanine|Intimidate|boost\n|-unboost|p2a: Dragonite|atk|1\n|-unboost|p2b: Gyarados|atk|1\n|turn|7\n|inactive|RonJohn has 30 seconds left.\n|\n|t:|1683859233\n|switch|p2b: Ting-Lu|Ting-Lu, L50|83\/100 brn\n|-ability|p2b: Ting-Lu|Vessel of Ruin\n|move|p2a: Dragonite|Extreme Speed|p1b: Arcanine\n|-damage|p1b: Arcanine|3\/100\n|move|p1a: Palafin|Jet Punch|p2a: Dragonite\n|-resisted|p2a: Dragonite\n|-damage|p2a: Dragonite|0 fnt\n|faint|p2a: Dragonite\n|move|p1b: Arcanine|Will-O-Wisp|p2b: Ting-Lu|[miss]\n|-miss|p1b: Arcanine|p2b: Ting-Lu\n|\n|-damage|p2b: Ting-Lu|77\/100 brn|[from] brn\n|upkeep\n|\n|t:|1683859254\n|switch|p2a: Orthworm|Orthworm, L50, M, tera:Poison|35\/100 brn\n|turn|8\n|\n|t:|1683859272\n|move|p1b: Arcanine|Flare Blitz|p2a: Orthworm\n|-damage|p2a: Orthworm|0 fnt\n|faint|p2a: Orthworm\n|-damage|p1b: Arcanine|0 fnt|[from] Recoil\n|faint|p1b: Arcanine\n|move|p1a: Palafin|Wave Crash|p2b: Ting-Lu\n|-supereffective|p2b: Ting-Lu\n|-damage|p2b: Ting-Lu|0 fnt\n|faint|p2b: Ting-Lu\n|-damage|p1a: Palafin|17\/100|[from] Recoil\n|\n|upkeep\n|\n|t:|1683859291\n|switch|p1b: Dragapult|Dragapult, L50, M|100\/100\n|switch|p2b: Gyarados|Gyarados, L50, M|100\/100\n|-ability|p2b: Gyarados|Intimidate|boost\n|-unboost|p1a: Palafin|atk|1\n|-fail|p1b: Dragapult|unboost|[from] ability: Clear Body|[of] p1b: Dragapult\n|turn|9\n|\n|t:|1683859310\n|move|p1a: Palafin|Jet Punch|p2b: Gyarados\n|-resisted|p2b: Gyarados\n|-damage|p2b: Gyarados|84\/100\n|move|p1b: Dragapult|Dragon Darts|p2b: Gyarados\n|-damage|p2b: Gyarados|47\/100\n|-anim|p1b: Dragapult|Dragon Darts|p2b: Gyarados\n|-damage|p2b: Gyarados|8\/100\n|move|p2b: Gyarados|Thunder Wave|p1b: Dragapult\n|-status|p1b: Dragapult|par\n|\n|upkeep\n|turn|10\n|\n|t:|1683859325\n|move|p1a: Palafin|Jet Punch|p2b: Gyarados\n|-resisted|p2b: Gyarados\n|-damage|p2b: Gyarados|0 fnt\n|faint|p2b: Gyarados\n|\n|win|Mega weison\n|raw|Mega weison's rating: 1281 → 1304<\/strong> (+23 for winning)\n|raw|RonJohn's rating: 1250 → 1227<\/strong> (-23 for losing)\n","uploadtime":1683859334,"views":34,"p1id":"megaweison","p2id":"ronjohn","formatid":"gen9vgc2023regulationc","rating":1227,"private":0,"password":""}