{"id":"gen9vgc2023regulationc-1854228372","p1":"VyCanisMajoris3","p2":"derpideous","format":"[Gen 9] VGC 2023 Regulation C","log":"|j|\u2606VyCanisMajoris3\n|j|\u2606derpideous\n|t:|1682786078\n|gametype|doubles\n|player|p1|VyCanisMajoris3|cyrus|1000\n|player|p2|derpideous|drayden|1096\n|teamsize|p1|6\n|teamsize|p2|6\n|gen|9\n|tier|[Gen 9] VGC 2023 Regulation C\n|rated|\n|rule|Species Clause: Limit one of each Pok\u00e9mon\n|rule|Item Clause: Limit one of each item\n|clearpoke\n|poke|p1|Dondozo, L50, F|\n|poke|p1|Tatsugiri, L50, F|\n|poke|p1|Arcanine, L50, F|\n|poke|p1|Annihilape, L50, F|\n|poke|p1|Flamigo, L50, M|\n|poke|p1|Chien-Pao, L50|\n|poke|p2|Annihilape, L50, M|\n|poke|p2|Maushold-Four, L50|\n|poke|p2|Armarouge, L50, F|\n|poke|p2|Iron Jugulis, L50|\n|poke|p2|Baxcalibur, L50, M|\n|poke|p2|Breloom, L50, M|\n|teampreview|4\nderpideous has agreed to open team sheets.\n|\n|t:|1682786096\n|start\n|switch|p1a: Annihilape|Annihilape, L50, F|100\/100\n|switch|p1b: Tatsugiri|Tatsugiri, L50, F|100\/100\n|switch|p2a: Maushold|Maushold-Four, L50|100\/100\n|switch|p2b: Breloom|Breloom, L50, M|100\/100\n|turn|1\n|inactive|Battle timer is ON: inactive players will automatically lose when time's up. (requested by derpideous)\n|\n|t:|1682786110\n|move|p1a: Annihilape|Protect|p1a: Annihilape\n|-singleturn|p1a: Annihilape|Protect\n|move|p2a: Maushold|Follow Me|p2a: Maushold\n|-singleturn|p2a: Maushold|move: Follow Me\n|move|p1b: Tatsugiri|Icy Wind|p2b: Breloom|[spread] p2a\n|-miss|p1b: Tatsugiri|p2b: Breloom\n|-damage|p2a: Maushold|86\/100\n|-unboost|p2a: Maushold|spe|1\n|move|p2b: Breloom|Spore|p1a: Annihilape\n|-activate|p1a: Annihilape|move: Protect\n|\n|-status|p1b: Tatsugiri|tox|[from] item: Toxic Orb\n|upkeep\n|turn|2\n|\n|t:|1682786131\n|move|p1a: Annihilape|Protect||[still]\n|-fail|p1a: Annihilape\n|move|p1b: Tatsugiri|Substitute|p1b: Tatsugiri\n|-start|p1b: Tatsugiri|Substitute\n|-damage|p1b: Tatsugiri|76\/100 tox\n|move|p2b: Breloom|Bullet Seed|p1a: Annihilape\n|-damage|p1a: Annihilape|80\/100\n|-damage|p1a: Annihilape|61\/100\n|-damage|p1a: Annihilape|40\/100\n|-damage|p1a: Annihilape|22\/100\n|-hitcount|p1a: Annihilape|4\n|move|p2a: Maushold|Encore|p1a: Annihilape\n|-start|p1a: Annihilape|Encore\n|\n|-damage|p1b: Tatsugiri|70\/100 tox|[from] psn\n|upkeep\n|turn|3\n|\n|t:|1682786150\n|move|p1a: Annihilape|Protect|p1a: Annihilape\n|-singleturn|p1a: Annihilape|Protect\n|move|p1b: Tatsugiri|Draco Meteor|p2a: Maushold\n|-crit|p2a: Maushold\n|-damage|p2a: Maushold|0 fnt\n|-unboost|p1b: Tatsugiri|spa|2\n|faint|p2a: Maushold\n|move|p2b: Breloom|Spore|p1a: Annihilape\n|-activate|p1a: Annihilape|move: Protect\n|\n|-damage|p1b: Tatsugiri|59\/100 tox|[from] psn\n|upkeep\n|\n|t:|1682786162\n|switch|p2a: Armarouge|Armarouge, L50, F|100\/100\n|turn|4\n|\n|t:|1682786169\n|switch|p1a: Dondozo|Dondozo, L50, F|100\/100\n|-activate|p1b: Tatsugiri|ability: Commander|[of] p1a: Dondozo\n|-boost|p1a: Dondozo|atk|2\n|-boost|p1a: Dondozo|spa|2\n|-boost|p1a: Dondozo|spe|2\n|-boost|p1a: Dondozo|def|2\n|-boost|p1a: Dondozo|spd|2\n|move|p2b: Breloom|Bullet Seed|p1b: Tatsugiri|[miss]\n|-miss|p2b: Breloom|p1b: Tatsugiri\n|move|p2a: Armarouge|Psyshock|p1b: Tatsugiri|[miss]\n|-miss|p2a: Armarouge|p1b: Tatsugiri\n|\n|-damage|p1b: Tatsugiri|42\/100 tox|[from] psn\n|upkeep\n|turn|5\n|-message|derpideous forfeited.\n|\n|win|VyCanisMajoris3\n|raw|VyCanisMajoris3's rating: 1000 → 1051<\/strong> (+51 for winning)\n|raw|derpideous's rating: 1096 → 1065<\/strong> (-31 for losing)\n|l|\u2606derpideous\n","uploadtime":1682786224,"views":16,"p1id":"vycanismajoris3","p2id":"derpideous","formatid":"gen9vgc2023regulationc","rating":1051,"private":0,"password":""}