{"id":"gen9vgc2023regulationc-1861440753","p1":"jugadorfrustrado","p2":"Mike_Lindsay","format":"[Gen 9] VGC 2023 Regulation C","log":"|j|\u2606jugadorfrustrado\n|j|\u2606Mike_Lindsay\n|t:|1683758209\n|gametype|doubles\n|player|p1|jugadorfrustrado|unknown|1129\n|player|p2|Mike_Lindsay|265|1188\n|teamsize|p1|6\n|teamsize|p2|6\n|gen|9\n|tier|[Gen 9] VGC 2023 Regulation C\n|rated|\n|rule|Species Clause: Limit one of each Pok\u00e9mon\n|rule|Item Clause: Limit one of each item\n|clearpoke\n|poke|p1|Chi-Yu, L50|\n|poke|p1|Palafin, L50, M|\n|poke|p1|Amoonguss, L50, M|\n|poke|p1|Arcanine, L50, M|\n|poke|p1|Flutter Mane, L50|\n|poke|p1|Murkrow, L50, M|\n|poke|p2|Iron Bundle, L50|\n|poke|p2|Tyranitar, L50, F|\n|poke|p2|Wo-Chien, L50|\n|poke|p2|Glimmora, L50, M|\n|poke|p2|Gyarados, L50, M|\n|poke|p2|Flutter Mane, L50|\n|teampreview|4\n|inactive|Battle timer is ON: inactive players will automatically lose when time's up. (requested by Mike_Lindsay)\n|l|\u2606Mike_Lindsay\n|inactive|Mike_Lindsay disconnected and has a minute to reconnect!\n|player|p2|\n|j|\u2606Mike_Lindsay\n|inactive|Mike_Lindsay reconnected.\n|player|p2|Mike_Lindsay|265\n|inactiveoff|Battle timer is now OFF.\n|\n|t:|1683758313\n|start\n|switch|p1a: Palafin|Palafin, L50, M|100\/100\n|switch|p1b: Murkrow|Murkrow, L50, M|100\/100\n|switch|p2a: Tyranitar|Tyranitar, L50, F|100\/100\n|switch|p2b: Gyarados|Gyarados, L50, M|100\/100\n|-ability|p2b: Gyarados|Intimidate|boost\n|-unboost|p1a: Palafin|atk|1\n|-unboost|p1b: Murkrow|atk|1\n|-weather|Sandstorm|[from] ability: Sand Stream|[of] p2a: Tyranitar\n|turn|1\n|\n|t:|1683758338\n|detailschange|p1a: Palafin|Palafin-Hero, L50, M\n|switch|p1a: Arcanine|Arcanine, L50, M|100\/100\n|-ability|p1a: Arcanine|Intimidate|boost\n|-unboost|p2a: Tyranitar|atk|1\n|-unboost|p2b: Gyarados|atk|1\n|move|p1b: Murkrow|Sunny Day|p1b: Murkrow\n|-weather|SunnyDay\n|move|p2b: Gyarados|Taunt|p1b: Murkrow\n|-start|p1b: Murkrow|move: Taunt\n|move|p2a: Tyranitar|Rock Slide|p1b: Murkrow|[spread] p1a\n|-miss|p2a: Tyranitar|p1b: Murkrow\n|-supereffective|p1a: Arcanine\n|-damage|p1a: Arcanine|27\/100\n|\n|-weather|SunnyDay|[upkeep]\n|upkeep\n|turn|2\n|\n|t:|1683758360\n|move|p1a: Arcanine|Protect|p1a: Arcanine\n|-singleturn|p1a: Arcanine|Protect\n|move|p2b: Gyarados|Icy Wind|p1a: Arcanine|[spread] p1b\n|-activate|p1a: Arcanine|move: Protect\n|-supereffective|p1b: Murkrow\n|-damage|p1b: Murkrow|87\/100\n|-unboost|p1b: Murkrow|spe|1\n|move|p2a: Tyranitar|Rock Slide|p1a: Arcanine|[spread] p1b\n|-activate|p1a: Arcanine|move: Protect\n|-supereffective|p1b: Murkrow\n|-damage|p1b: Murkrow|18\/100\n|move|p1b: Murkrow|Foul Play|p2b: Gyarados\n|-damage|p2b: Gyarados|74\/100\n|\n|-weather|SunnyDay|[upkeep]\n|upkeep\n|turn|3\n|\n|t:|1683758418\n|switch|p1b: Flutter Mane|Flutter Mane, L50|100\/100\n|-activate|p1b: Flutter Mane|ability: Protosynthesis\n|-start|p1b: Flutter Mane|protosynthesisspa\n|move|p1a: Arcanine|Will-O-Wisp|p2a: Tyranitar\n|-status|p2a: Tyranitar|brn\n|move|p2b: Gyarados|Waterfall|p1a: Arcanine\n|-supereffective|p1a: Arcanine\n|-damage|p1a: Arcanine|2\/100\n|move|p2a: Tyranitar|Rock Slide|p1b: Flutter Mane|[spread] p1b\n|-miss|p2a: Tyranitar|p1a: Arcanine\n|-damage|p1b: Flutter Mane|63\/100\n|\n|-weather|SunnyDay|[upkeep]\n|-damage|p2a: Tyranitar|94\/100 brn|[from] brn\n|upkeep\n|turn|4\n|\n|t:|1683758445\n|move|p1b: Flutter Mane|Moonblast|p2a: Tyranitar\n|-supereffective|p2a: Tyranitar\n|-damage|p2a: Tyranitar|0 fnt\n|faint|p2a: Tyranitar\n|move|p1a: Arcanine|Will-O-Wisp|p2b: Gyarados\n|-status|p2b: Gyarados|brn\n|move|p2b: Gyarados|Icy Wind|p1a: Arcanine|[spread] p1a,p1b\n|-resisted|p1a: Arcanine\n|-damage|p1a: Arcanine|0 fnt\n|-damage|p1b: Flutter Mane|57\/100\n|-unboost|p1b: Flutter Mane|spe|1\n|faint|p1a: Arcanine\n|\n|-weather|SunnyDay|[upkeep]\n|-damage|p2b: Gyarados|68\/100 brn|[from] brn\n|upkeep\n|\n|t:|1683758459\n|switch|p1a: Murkrow|Murkrow, L50, M|18\/100\n|switch|p2a: Glimmora|Glimmora, L50, M|100\/100\n|turn|5\n|\n|t:|1683758477\n|-terastallize|p2a: Glimmora|Water\n|move|p1a: Murkrow|Tailwind|p1a: Murkrow\n|-sidestart|p1: jugadorfrustrado|move: Tailwind\n|move|p1b: Flutter Mane|Moonblast|p2b: Gyarados\n|-damage|p2b: Gyarados|0 fnt\n|faint|p2b: Gyarados\n|move|p2a: Glimmora|Sludge Bomb|p1b: Flutter Mane\n|-damage|p1b: Flutter Mane|4\/100\n|\n|-weather|none\n|-end|p1b: Flutter Mane|Protosynthesis\n|upkeep\n|\n|t:|1683758484\n|switch|p2b: Flutter Mane|Flutter Mane, L50|100\/100\n|-enditem|p2b: Flutter Mane|Booster Energy\n|-activate|p2b: Flutter Mane|ability: Protosynthesis|[fromitem]\n|-start|p2b: Flutter Mane|protosynthesisspe\n|turn|6\n|\n|t:|1683758516\n|move|p2b: Flutter Mane|Protect|p2b: Flutter Mane\n|-singleturn|p2b: Flutter Mane|Protect\n|move|p1a: Murkrow|Haze|p1a: Murkrow\n|-clearallboost\n|move|p1b: Flutter Mane|Moonblast|p2a: Glimmora\n|-damage|p2a: Glimmora|40\/100\n|move|p2a: Glimmora|Mortal Spin|p1a: Murkrow|[spread] p1a,p1b\n|-damage|p1a: Murkrow|12\/100\n|-damage|p1b: Flutter Mane|0 fnt\n|-status|p1a: Murkrow|psn\n|faint|p1b: Flutter Mane\n|-end|p1b: Flutter Mane|Protosynthesis|[silent]\n|\n|-damage|p1a: Murkrow|0 fnt|[from] psn\n|faint|p1a: Murkrow\n|upkeep\n|\n|t:|1683758531\n|switch|p1a: Palafin|Palafin-Hero, L50, M|100\/100\n|-activate|p1a: Palafin|ability: Zero to Hero\n|turn|7\n|\n|t:|1683758549\n|-terastallize|p1a: Palafin|Water\n|move|p1a: Palafin|Jet Punch|p2b: Flutter Mane\n|-damage|p2b: Flutter Mane|0 fnt\n|faint|p2b: Flutter Mane\n|-end|p2b: Flutter Mane|Protosynthesis|[silent]\n|move|p2a: Glimmora|Sludge Bomb|p1a: Palafin\n|-damage|p1a: Palafin|49\/100\n|-status|p1a: Palafin|psn\n|\n|-damage|p1a: Palafin|37\/100 psn|[from] psn\n|upkeep\n|turn|8\n|\n|t:|1683758588\n|move|p1a: Palafin|Close Combat|p2a: Glimmora\n|-damage|p2a: Glimmora|0 fnt\n|-unboost|p1a: Palafin|def|1\n|-unboost|p1a: Palafin|spd|1\n|-activate|p2a: Glimmora|ability: Toxic Debris\n|-sidestart|p1: jugadorfrustrado|move: Toxic Spikes\n|faint|p2a: Glimmora\n|\n|win|jugadorfrustrado\n|raw|jugadorfrustrado's rating: 1129 → 1158<\/strong> (+29 for winning)\n|raw|Mike_Lindsay's rating: 1188 → 1159<\/strong> (-29 for losing)\n|l|\u2606Mike_Lindsay\n","uploadtime":1683758618,"views":9,"p1id":"jugadorfrustrado","p2id":"mikelindsay","formatid":"gen9vgc2023regulationc","rating":1158,"private":0,"password":""}