{"id":"gen9vgc2023regulationc-1856966848","p1":"Inwaves22","p2":"bjvhvb","format":"[Gen 9] VGC 2023 Regulation C","log":"|j|\u2606Inwaves22\n|j|\u2606bjvhvb\n|t:|1683131482\n|gametype|doubles\n|player|p1|Inwaves22|falkner|1138\n|player|p2|bjvhvb|101|1213\n|teamsize|p1|6\n|teamsize|p2|6\n|gen|9\n|tier|[Gen 9] VGC 2023 Regulation C\n|rated|\n|rule|Species Clause: Limit one of each Pok\u00e9mon\n|rule|Item Clause: Limit one of each item\n|clearpoke\n|poke|p1|Annihilape, L50, F|\n|poke|p1|Iron Bundle, L50|\n|poke|p1|Arcanine, L50, F|\n|poke|p1|Roaring Moon, L50|\n|poke|p1|Gholdengo, L50|\n|poke|p1|Maushold-Four, L50|\n|poke|p2|Chi-Yu, L50|\n|poke|p2|Dondozo, L50, M|\n|poke|p2|Tatsugiri, L50, M|\n|poke|p2|Glimmora, L50, M|\n|poke|p2|Flutter Mane, L50|\n|poke|p2|Ceruledge, L50, M|\n|teampreview|4\n|\n|t:|1683131514\n|start\n|switch|p1a: Maushold|Maushold-Four, L50|100\/100\n|switch|p1b: Gholdengo|Gholdengo, L50|100\/100\n|switch|p2a: Glimmora|Glimmora, L50, M|100\/100\n|switch|p2b: Ceruledge|Ceruledge, L50, M|100\/100\n|turn|1\n|\n|t:|1683131550\n|-terastallize|p2b: Ceruledge|Grass\n|move|p1a: Maushold|Follow Me|p1a: Maushold\n|-singleturn|p1a: Maushold|move: Follow Me\n|move|p1b: Gholdengo|Nasty Plot|p1b: Gholdengo\n|-boost|p1b: Gholdengo|spa|2\n|move|p2a: Glimmora|Mortal Spin|p1a: Maushold|[spread] p1a\n|-immune|p1b: Gholdengo\n|-damage|p1a: Maushold|96\/100\n|-status|p1a: Maushold|psn\n|move|p2b: Ceruledge|Bitter Blade|p1a: Maushold\n|-damage|p1a: Maushold|40\/100 psn\n|\n|-damage|p1a: Maushold|28\/100 psn|[from] psn\n|upkeep\n|turn|2\n|\n|t:|1683131572\n|-terastallize|p1b: Gholdengo|Water\n|move|p1a: Maushold|Super Fang|p2b: Ceruledge\n|-damage|p2b: Ceruledge|51\/100\n|move|p1b: Gholdengo|Make It Rain|p2a: Glimmora|[spread] p2a,p2b\n|-supereffective|p2a: Glimmora\n|-crit|p2b: Ceruledge\n|-damage|p2a: Glimmora|0 fnt\n|-damage|p2b: Ceruledge|0 fnt\n|-unboost|p1b: Gholdengo|spa|1\n|faint|p2a: Glimmora\n|faint|p2b: Ceruledge\n|\n|-damage|p1a: Maushold|16\/100 psn|[from] psn\n|upkeep\n|\n|t:|1683131585\n|switch|p2a: Dondozo|Dondozo, L50, M|100\/100\n|switch|p2b: Tatsugiri|Tatsugiri, L50, M|100\/100\n|-activate|p2b: Tatsugiri|ability: Commander|[of] p2a: Dondozo\n|-boost|p2a: Dondozo|atk|2\n|-boost|p2a: Dondozo|spa|2\n|-boost|p2a: Dondozo|spe|2\n|-boost|p2a: Dondozo|def|2\n|-boost|p2a: Dondozo|spd|2\n|turn|3\n|\n|t:|1683131594\n|move|p1a: Maushold|Protect|p1a: Maushold\n|-singleturn|p1a: Maushold|Protect\n|move|p1b: Gholdengo|Protect|p1b: Gholdengo\n|-singleturn|p1b: Gholdengo|Protect\n|move|p2a: Dondozo|Earthquake|p1b: Gholdengo|[spread] \n|-miss|p2a: Dondozo|p2b: Tatsugiri\n|-activate|p1a: Maushold|move: Protect\n|-activate|p1b: Gholdengo|move: Protect\n|\n|-damage|p1a: Maushold|4\/100 psn|[from] psn\n|upkeep\n|turn|4\n|\n|t:|1683131609\n|move|p2a: Dondozo|Earthquake|p1b: Gholdengo|[spread] p1a,p1b\n|-miss|p2a: Dondozo|p2b: Tatsugiri\n|-crit|p1b: Gholdengo\n|-damage|p1a: Maushold|0 fnt\n|-damage|p1b: Gholdengo|62\/100\n|faint|p1a: Maushold\n|move|p1b: Gholdengo|Shadow Ball|p2a: Dondozo\n|-damage|p2a: Dondozo|83\/100\n|\n|-heal|p2a: Dondozo|89\/100|[from] item: Leftovers\n|-heal|p1b: Gholdengo|68\/100|[from] item: Leftovers\n|upkeep\n|\n|t:|1683131621\n|switch|p1a: Arcanine|Arcanine, L50, F|100\/100\n|-ability|p1a: Arcanine|Intimidate|boost\n|-unboost|p2a: Dondozo|atk|1\n|-unboost|p2b: Tatsugiri|atk|1\n|turn|5\n|\n|t:|1683131645\n|switch|p1a: Iron Bundle|Iron Bundle, L50|100\/100\n|move|p1b: Gholdengo|Protect|p1b: Gholdengo\n|-singleturn|p1b: Gholdengo|Protect\n|move|p2a: Dondozo|Wave Crash|p1a: Iron Bundle\n|-resisted|p1a: Iron Bundle\n|-damage|p1a: Iron Bundle|55\/100\n|-damage|p2a: Dondozo|80\/100|[from] Recoil\n|\n|-heal|p2a: Dondozo|86\/100|[from] item: Leftovers\n|-heal|p1b: Gholdengo|75\/100|[from] item: Leftovers\n|upkeep\n|turn|6\n|\n|t:|1683131662\n|move|p1a: Iron Bundle|Freeze-Dry|p2a: Dondozo\n|-supereffective|p2a: Dondozo\n|-damage|p2a: Dondozo|55\/100\n|move|p2a: Dondozo|Earthquake|p1a: Iron Bundle|[spread] p1a,p1b\n|-miss|p2a: Dondozo|p2b: Tatsugiri\n|-damage|p1a: Iron Bundle|14\/100\n|-damage|p1b: Gholdengo|49\/100\n|move|p1b: Gholdengo|Shadow Ball|p2a: Dondozo\n|-damage|p2a: Dondozo|36\/100\n|-unboost|p2a: Dondozo|spd|1\n|\n|-heal|p2a: Dondozo|42\/100|[from] item: Leftovers\n|-heal|p1b: Gholdengo|55\/100|[from] item: Leftovers\n|upkeep\n|turn|7\n|\n|t:|1683131684\n|move|p2a: Dondozo|Protect|p2a: Dondozo\n|-singleturn|p2a: Dondozo|Protect\n|move|p1a: Iron Bundle|Freeze-Dry|p2a: Dondozo\n|-activate|p2a: Dondozo|move: Protect\n|move|p1b: Gholdengo|Make It Rain|p2b: Tatsugiri|[spread] \n|-miss|p1b: Gholdengo|p2b: Tatsugiri\n|-activate|p2a: Dondozo|move: Protect\n|\n|-heal|p2a: Dondozo|48\/100|[from] item: Leftovers\n|-heal|p1b: Gholdengo|62\/100|[from] item: Leftovers\n|upkeep\n|turn|8\n|\n|t:|1683131701\n|move|p1a: Iron Bundle|Encore|p2a: Dondozo\n|-start|p2a: Dondozo|Encore\n|move|p2a: Dondozo|Protect||[still]\n|-fail|p2a: Dondozo\n|move|p1b: Gholdengo|Make It Rain|p2a: Dondozo|[spread] p2a\n|-miss|p1b: Gholdengo|p2b: Tatsugiri\n|-resisted|p2a: Dondozo\n|-damage|p2a: Dondozo|35\/100\n|-unboost|p1b: Gholdengo|spa|1\n|\n|-heal|p2a: Dondozo|41\/100|[from] item: Leftovers\n|-heal|p1b: Gholdengo|68\/100|[from] item: Leftovers\n|upkeep\n|turn|9\n|\n|t:|1683131716\n|move|p2a: Dondozo|Protect|p2a: Dondozo\n|-singleturn|p2a: Dondozo|Protect\n|move|p1a: Iron Bundle|Freeze-Dry|p2a: Dondozo\n|-activate|p2a: Dondozo|move: Protect\n|move|p1b: Gholdengo|Shadow Ball|p2a: Dondozo\n|-activate|p2a: Dondozo|move: Protect\n|\n|-heal|p2a: Dondozo|47\/100|[from] item: Leftovers\n|-heal|p1b: Gholdengo|74\/100|[from] item: Leftovers\n|upkeep\n|turn|10\n|\n|t:|1683131728\n|move|p2a: Dondozo|Protect||[still]\n|-fail|p2a: Dondozo\n|move|p1a: Iron Bundle|Freeze-Dry|p2a: Dondozo\n|-supereffective|p2a: Dondozo\n|-damage|p2a: Dondozo|8\/100\n|move|p1b: Gholdengo|Shadow Ball|p2a: Dondozo\n|-damage|p2a: Dondozo|0 fnt\n|faint|p2a: Dondozo\n|\n|-heal|p1b: Gholdengo|80\/100|[from] item: Leftovers\n|upkeep\n|turn|11\n|\n|t:|1683131740\n|move|p2b: Tatsugiri|Muddy Water|p1a: Iron Bundle|[spread] p1a\n|-miss|p2b: Tatsugiri|p1b: Gholdengo\n|-resisted|p1a: Iron Bundle\n|-damage|p1a: Iron Bundle|0 fnt\n|faint|p1a: Iron Bundle\n|-end|p1a: Iron Bundle|Quark Drive|[silent]\n|move|p1b: Gholdengo|Shadow Ball|p2b: Tatsugiri\n|-damage|p2b: Tatsugiri|48\/100\n|-unboost|p2b: Tatsugiri|spd|1\n|\n|-heal|p1b: Gholdengo|87\/100|[from] item: Leftovers\n|upkeep\n|-message|bjvhvb forfeited.\n|\n|win|Inwaves22\n|raw|Inwaves22's rating: 1138 → 1168<\/strong> (+30 for winning)\n|raw|bjvhvb's rating: 1213 → 1183<\/strong> (-30 for losing)\n|l|\u2606bjvhvb\n","uploadtime":1683131801,"views":13,"p1id":"inwaves22","p2id":"bjvhvb","formatid":"gen9vgc2023regulationc","rating":1168,"private":0,"password":""}