{"id":"gen9vgc2023regulationc-1861333326","p1":"pls be kind to me","p2":"GeorgeBushGaming","format":"[Gen 9] VGC 2023 Regulation C","log":"|j|\u2606pls be kind to me\n|j|\u2606GeorgeBushGaming\n|t:|1683746844\n|gametype|doubles\n|player|p1|pls be kind to me|flannery|1478\n|player|p2|GeorgeBushGaming|colress|1452\n|teamsize|p1|6\n|teamsize|p2|6\n|gen|9\n|tier|[Gen 9] VGC 2023 Regulation C\n|rated|\n|rule|Species Clause: Limit one of each Pok\u00e9mon\n|rule|Item Clause: Limit one of each item\n|clearpoke\n|poke|p1|Scream Tail, L50|\n|poke|p1|Baxcalibur, L50, F|\n|poke|p1|Corviknight, L50, M|\n|poke|p1|Rotom-Wash, L50|\n|poke|p1|Flutter Mane, L50|\n|poke|p1|Tyranitar, L50, M|\n|poke|p2|Tyranitar, L50, F|\n|poke|p2|Amoonguss, L50, M|\n|poke|p2|Talonflame, L50, F|\n|poke|p2|Garchomp, L50, M|\n|poke|p2|Gholdengo, L50|\n|poke|p2|Iron Bundle, L50|\n|teampreview|4\n|inactive|Battle timer is ON: inactive players will automatically lose when time's up. (requested by GeorgeBushGaming)\npls be kind to me has agreed to open team sheets.\nGeorgeBushGaming has agreed to open team sheets.\n|inactive|pls be kind to me has 60 seconds left.\n|inactive|GeorgeBushGaming has 60 seconds left.\n|inactive|pls be kind to me has 30 seconds left.\n|inactive|pls be kind to me has 20 seconds left.\n|inactive|pls be kind to me has 15 seconds left.\n|inactive|pls be kind to me has 10 seconds left.\n|\n|t:|1683746925\n|start\n|switch|p1a: Corviknight|Corviknight, L50, M, shiny|100\/100\n|switch|p1b: Rotom|Rotom-Wash, L50, shiny|100\/100\n|switch|p2a: Talonflame|Talonflame, L50, F|100\/100\n|switch|p2b: Gholdengo|Gholdengo, L50|100\/100\n|turn|1\n|\n|t:|1683746941\n|switch|p1a: Tyranitar|Tyranitar, L50, M|100\/100\n|-weather|Sandstorm|[from] ability: Sand Stream|[of] p1a: Tyranitar\n|move|p2a: Talonflame|Tailwind|p2a: Talonflame\n|-sidestart|p2: GeorgeBushGaming|move: Tailwind\n|move|p2b: Gholdengo|Thunderbolt|p1a: Tyranitar\n|-crit|p1a: Tyranitar\n|-damage|p1a: Tyranitar|70\/100\n|move|p1b: Rotom|Thunderbolt|p2a: Talonflame\n|-supereffective|p2a: Talonflame\n|-damage|p2a: Talonflame|0 fnt\n|faint|p2a: Talonflame\n|\n|-weather|Sandstorm|[upkeep]\n|-damage|p1b: Rotom|95\/100|[from] Sandstorm\n|upkeep\n|\n|t:|1683746945\n|switch|p2a: Tyranitar|Tyranitar, L50, F, shiny|100\/100\n|turn|2\n|inactive|pls be kind to me has 30 seconds left.\n|inactive|pls be kind to me has 20 seconds left.\n|inactive|pls be kind to me has 15 seconds left.\n|\n|t:|1683746987\n|switch|p1b: Corviknight|Corviknight, L50, M, shiny|100\/100\n|move|p2b: Gholdengo|Thunderbolt|p1b: Corviknight\n|-supereffective|p1b: Corviknight\n|-crit|p1b: Corviknight\n|-damage|p1b: Corviknight|0 fnt\n|faint|p1b: Corviknight\n|move|p2a: Tyranitar|Rock Slide|p1a: Tyranitar\n|-damage|p1a: Tyranitar|33\/100\n|move|p1a: Tyranitar|Crunch|p2b: Gholdengo\n|-supereffective|p2b: Gholdengo\n|-damage|p2b: Gholdengo|19\/100\n|\n|-weather|Sandstorm|[upkeep]\n|upkeep\n|\n|t:|1683747000\n|switch|p1b: Rotom|Rotom-Wash, L50, shiny|95\/100\n|turn|3\n|inactive|pls be kind to me has 30 seconds left.\n|inactive|pls be kind to me has 20 seconds left.\n|\n|t:|1683747039\n|-terastallize|p1b: Rotom|Electric\n|move|p2b: Gholdengo|Thunderbolt|p1b: Rotom\n|-resisted|p1b: Rotom\n|-damage|p1b: Rotom|68\/100\n|move|p2a: Tyranitar|Rock Slide|p1b: Rotom|[spread] p1a,p1b\n|-damage|p1a: Tyranitar|7\/100\n|-damage|p1b: Rotom|41\/100\n|-enditem|p1b: Rotom|Sitrus Berry|[eat]\n|-heal|p1b: Rotom|66\/100|[from] item: Sitrus Berry\n|move|p1b: Rotom|Thunderbolt|p2b: Gholdengo\n|-damage|p2b: Gholdengo|0 fnt\n|faint|p2b: Gholdengo\n|move|p1a: Tyranitar|Crunch|p2a: Tyranitar\n|-resisted|p2a: Tyranitar\n|-damage|p2a: Tyranitar|81\/100\n|\n|-weather|Sandstorm|[upkeep]\n|-damage|p1b: Rotom|60\/100|[from] Sandstorm\n|upkeep\n|\n|t:|1683747043\n|switch|p2b: Iron Bundle|Iron Bundle, L50|100\/100\n|-enditem|p2b: Iron Bundle|Booster Energy\n|-activate|p2b: Iron Bundle|ability: Quark Drive|[fromitem]\n|-start|p2b: Iron Bundle|quarkdrivespe\n|turn|4\n|inactive|pls be kind to me has 30 seconds left.\n|inactive|pls be kind to me has 20 seconds left.\n|inactive|pls be kind to me has 15 seconds left.\n|\n|t:|1683747084\n|switch|p1b: Scream Tail|Scream Tail, L50, shiny|100\/100\n|-enditem|p1b: Scream Tail|Booster Energy\n|-activate|p1b: Scream Tail|ability: Protosynthesis|[fromitem]\n|-start|p1b: Scream Tail|protosynthesisspe\n|move|p2b: Iron Bundle|Freeze-Dry|p1b: Scream Tail\n|-damage|p1b: Scream Tail|75\/100\n|move|p2a: Tyranitar|Rock Slide|p1a: Tyranitar|[spread] p1a,p1b\n|-damage|p1a: Tyranitar|0 fnt\n|-damage|p1b: Scream Tail|50\/100\n|faint|p1a: Tyranitar\n|\n|-weather|Sandstorm|[upkeep]\n|-damage|p2b: Iron Bundle|94\/100|[from] Sandstorm\n|-damage|p1b: Scream Tail|45\/100|[from] Sandstorm\n|-sideend|p2: GeorgeBushGaming|move: Tailwind\n|upkeep\n|\n|t:|1683747093\n|switch|p1a: Rotom|Rotom-Wash, L50, shiny, tera:Electric|60\/100\n|turn|5\n|inactive|pls be kind to me has 30 seconds left.\n|\n|t:|1683747121\n|move|p2b: Iron Bundle|Protect|p2b: Iron Bundle\n|-singleturn|p2b: Iron Bundle|Protect\n|move|p1b: Scream Tail|Disable|p2b: Iron Bundle\n|-activate|p2b: Iron Bundle|move: Protect\n|move|p1a: Rotom|Will-O-Wisp|p2a: Tyranitar\n|-status|p2a: Tyranitar|brn\n|move|p2a: Tyranitar|Crunch|p1a: Rotom\n|-damage|p1a: Rotom|41\/100\n|\n|-weather|none\n|-damage|p2a: Tyranitar|75\/100 brn|[from] brn\n|upkeep\n|turn|6\n|inactive|pls be kind to me has 30 seconds left.\n|\n|t:|1683747151\n|move|p2b: Iron Bundle|Freeze-Dry|p1a: Rotom\n|-damage|p1a: Rotom|4\/100\n|move|p1b: Scream Tail|Encore|p2a: Tyranitar\n|-start|p2a: Tyranitar|Encore\n|move|p1a: Rotom|Thunderbolt|p2b: Iron Bundle\n|-supereffective|p2b: Iron Bundle\n|-damage|p2b: Iron Bundle|0 fnt\n|faint|p2b: Iron Bundle\n|-end|p2b: Iron Bundle|Quark Drive|[silent]\n|move|p2a: Tyranitar|Crunch|p1b: Scream Tail\n|-damage|p1b: Scream Tail|26\/100\n|\n|-damage|p2a: Tyranitar|69\/100 brn|[from] brn\n|upkeep\n|turn|7\n|\n|t:|1683747162\n|move|p1b: Scream Tail|Disable|p2a: Tyranitar\n|-start|p2a: Tyranitar|Disable|Crunch\n|move|p1a: Rotom|Thunderbolt|p2a: Tyranitar\n|-damage|p2a: Tyranitar|27\/100 brn\n|cant|p2a: Tyranitar|Disable|Crunch\n|\n|-damage|p2a: Tyranitar|21\/100 brn|[from] brn\n|upkeep\n|turn|8\n|-message|GeorgeBushGaming forfeited.\n|\n|win|pls be kind to me\n|raw|pls be kind to me's rating: 1478 → 1497<\/strong> (+19 for winning)\n|raw|GeorgeBushGaming's rating: 1452 → 1433<\/strong> (-19 for losing)\n|l|\u2606GeorgeBushGaming\n","uploadtime":1683747173,"views":17,"p1id":"plsbekindtome","p2id":"georgebushgaming","formatid":"gen9vgc2023regulationc","rating":1433,"private":0,"password":""}