{"id":"gen9vgc2023regulationc-1861296283","p1":"DariusBWellington","p2":"testinbabylon","format":"[Gen 9] VGC 2023 Regulation C","log":"|j|\u2606DariusBWellington\n|j|\u2606testinbabylon\n|t:|1683743455\n|gametype|doubles\n|player|p1|DariusBWellington|266|1086\n|player|p2|testinbabylon|iris|1046\n|teamsize|p1|6\n|teamsize|p2|6\n|gen|9\n|tier|[Gen 9] VGC 2023 Regulation C\n|rated|\n|rule|Species Clause: Limit one of each Pok\u00e9mon\n|rule|Item Clause: Limit one of each item\n|clearpoke\n|poke|p1|Murkrow, L50, M|\n|poke|p1|Kilowattrel, L50, F|\n|poke|p1|Gyarados, L50, M|\n|poke|p1|Goodra, L50, F|\n|poke|p1|Scizor, L50, F|\n|poke|p1|Skeledirge, L50, F|\n|poke|p2|Scream Tail, L50|\n|poke|p2|Kingambit, L50, M|\n|poke|p2|Chi-Yu, L50|\n|poke|p2|Amoonguss, L50, M|\n|poke|p2|Gyarados, L50, M|\n|poke|p2|Flutter Mane, L50|\n|teampreview|4\ntestinbabylon has agreed to open team sheets.\n|inactive|Battle timer is ON: inactive players will automatically lose when time's up. (requested by DariusBWellington)\n|\n|t:|1683743478\n|start\n|switch|p1a: Scizor|Scizor, L50, F|100\/100\n|switch|p1b: Murkrow|Murkrow, L50, M|100\/100\n|switch|p2a: Scream Tail|Scream Tail, L50|100\/100\n|switch|p2b: Kingambit|Kingambit, L50, M|100\/100\n|-enditem|p2a: Scream Tail|Booster Energy\n|-activate|p2a: Scream Tail|ability: Protosynthesis|[fromitem]\n|-start|p2a: Scream Tail|protosynthesisspe\n|turn|1\n|inactive|testinbabylon has 30 seconds left.\n|\n|t:|1683743504\n|move|p1b: Murkrow|Taunt|p2a: Scream Tail\n|-start|p2a: Scream Tail|move: Taunt\n|move|p1a: Scizor|Bullet Punch|p2a: Scream Tail\n|-supereffective|p2a: Scream Tail\n|-damage|p2a: Scream Tail|46\/100\n|cant|p2a: Scream Tail|move: Taunt|Howl\n|move|p2b: Kingambit|Swords Dance|p2b: Kingambit\n|-boost|p2b: Kingambit|atk|2\n|\n|upkeep\n|turn|2\n|\n|t:|1683743525\n|move|p1a: Scizor|Bullet Punch|p2a: Scream Tail\n|-supereffective|p2a: Scream Tail\n|-damage|p2a: Scream Tail|0 fnt\n|faint|p2a: Scream Tail\n|-end|p2a: Scream Tail|Protosynthesis|[silent]\n|move|p2b: Kingambit|Sucker Punch||[still]\n|-fail|p2b: Kingambit\n|move|p1b: Murkrow|Foul Play|p2b: Kingambit\n|-resisted|p2b: Kingambit\n|-damage|p2b: Kingambit|58\/100\n|\n|upkeep\n|\n|t:|1683743532\n|switch|p2a: Gyarados|Gyarados, L50, M|100\/100\n|-ability|p2a: Gyarados|Intimidate|boost\n|-unboost|p1a: Scizor|atk|1\n|-unboost|p1b: Murkrow|atk|1\n|turn|3\n|\n|t:|1683743552\n|switch|p1a: Gyarados|Gyarados, L50, M|100\/100\n|-ability|p1a: Gyarados|Intimidate|boost\n|-unboost|p2a: Gyarados|atk|1\n|-unboost|p2b: Kingambit|atk|1\n|-ability|p2b: Kingambit|Defiant|boost\n|-boost|p2b: Kingambit|atk|2\n|move|p1b: Murkrow|Foul Play|p2b: Kingambit\n|-resisted|p2b: Kingambit\n|-damage|p2b: Kingambit|8\/100\n|move|p2a: Gyarados|Waterfall|p1b: Murkrow\n|-damage|p1b: Murkrow|69\/100\n|move|p2b: Kingambit|Kowtow Cleave|p1a: Gyarados\n|-damage|p1a: Gyarados|0 fnt\n|faint|p1a: Gyarados\n|\n|upkeep\n|\n|t:|1683743567\n|switch|p1a: Goodra|Goodra, L50, F|100\/100\n|turn|4\n|\n|t:|1683743579\n|move|p2a: Gyarados|Helping Hand|p2b: Kingambit\n|-singleturn|p2b: Kingambit|Helping Hand|[of] p2a: Gyarados\n|move|p2b: Kingambit|Sucker Punch|p1b: Murkrow\n|-resisted|p1b: Murkrow\n|-damage|p1b: Murkrow|0 fnt\n|faint|p1b: Murkrow\n|move|p1a: Goodra|Draco Meteor|p2a: Gyarados\n|-damage|p2a: Gyarados|69\/100\n|-unboost|p1a: Goodra|spa|2\n|\n|upkeep\n|\n|t:|1683743587\n|switch|p1b: Scizor|Scizor, L50, F|100\/100\n|turn|5\n|\n|t:|1683743601\n|move|p2b: Kingambit|Protect|p2b: Kingambit\n|-singleturn|p2b: Kingambit|Protect\n|move|p1b: Scizor|Bullet Punch|p2b: Kingambit\n|-activate|p2b: Kingambit|move: Protect\n|move|p2a: Gyarados|Thunder Wave|p1b: Scizor\n|-status|p1b: Scizor|par\n|move|p1a: Goodra|Rock Slide|p2b: Kingambit|[spread] p2a\n|-activate|p2b: Kingambit|move: Protect\n|-supereffective|p2a: Gyarados\n|-damage|p2a: Gyarados|38\/100\n|\n|upkeep\n|turn|6\n|\n|t:|1683743618\n|move|p2a: Gyarados|Helping Hand|p2b: Kingambit\n|-singleturn|p2b: Kingambit|Helping Hand|[of] p2a: Gyarados\n|move|p2b: Kingambit|Sucker Punch|p1b: Scizor\n|-damage|p1b: Scizor|0 fnt\n|faint|p1b: Scizor\n|move|p1a: Goodra|Rock Slide|p2b: Kingambit|[spread] p2a,p2b\n|-supereffective|p2a: Gyarados\n|-resisted|p2b: Kingambit\n|-damage|p2a: Gyarados|12\/100\n|-damage|p2b: Kingambit|3\/100\n|\n|upkeep\n|turn|7\n|-message|DariusBWellington forfeited.\n|\n|win|testinbabylon\n|raw|DariusBWellington's rating: 1086 → 1060<\/strong> (-26 for losing)\n|raw|testinbabylon's rating: 1046 → 1083<\/strong> (+37 for winning)\n|l|\u2606DariusBWellington\n","uploadtime":1683743631,"views":15,"p1id":"dariusbwellington","p2id":"testinbabylon","formatid":"gen9vgc2023regulationc","rating":1060,"private":0,"password":""}