{"id":"gen9vgc2023regulationc-1864044002","p1":"fangeddragon96","p2":"Texas Landsharks","format":"[Gen 9] VGC 2023 Regulation C","log":"|j|\u2606fangeddragon96\n|j|\u2606Texas Landsharks\n|t:|1684109565\n|gametype|doubles\n|player|p1|fangeddragon96|2|\n|player|p2|Texas Landsharks|cynthia|\n|teamsize|p1|6\n|teamsize|p2|6\n|gen|9\n|tier|[Gen 9] VGC 2023 Regulation C\n|rule|Species Clause: Limit one of each Pok\u00e9mon\n|rule|Item Clause: Limit one of each item\n|clearpoke\n|poke|p1|Iron Hands, L50|\n|poke|p1|Stonjourner, L50, M|\n|poke|p1|Polteageist, L50|\n|poke|p1|Bombirdier, L50, M|\n|poke|p1|Rotom-Heat, L50|\n|poke|p1|Floatzel, L50, F|\n|poke|p2|Torkoal, L50, M|\n|poke|p2|Hariyama, L50, F|\n|poke|p2|Oranguru, L50, M|\n|poke|p2|Sandy Shocks, L50|\n|poke|p2|Cryogonal, L50|\n|poke|p2|Spiritomb, L50, M|\n|teampreview|4\n|c|\u2606fangeddragon96|g3\n|c|\u2606fangeddragon96|glhf\n|\n|t:|1684110240\n|start\n|switch|p1a: AngryMicrowave|Rotom-Heat, L50, shiny|100\/100\n|switch|p1b: SilverSurfer|Floatzel, L50, F, shiny|100\/100\n|switch|p2a: Be Not Afraid|Sandy Shocks, L50, shiny|100\/100\n|switch|p2b: Tenor Gif IRL|Cryogonal, L50, shiny|100\/100\n|turn|1\n|j| Memebasedgod\n|j| SusJingles\n|\n|t:|1684110286\n|switch|p1b: Thunder Thighs|Iron Hands, L50, shiny|100\/100\n|-enditem|p1b: Thunder Thighs|Booster Energy\n|-activate|p1b: Thunder Thighs|ability: Quark Drive|[fromitem]\n|-start|p1b: Thunder Thighs|quarkdriveatk\n|move|p2b: Tenor Gif IRL|Ancient Power|p1a: AngryMicrowave\n|-supereffective|p1a: AngryMicrowave\n|-damage|p1a: AngryMicrowave|56\/100\n|move|p2a: Be Not Afraid|Thunderbolt|p1b: Thunder Thighs\n|-resisted|p1b: Thunder Thighs\n|-damage|p1b: Thunder Thighs|76\/100\n|-damage|p2a: Be Not Afraid|91\/100|[from] item: Life Orb\n|move|p1a: AngryMicrowave|Rain Dance|p1a: AngryMicrowave\n|-weather|RainDance\n|\n|-weather|RainDance|[upkeep]\n|-heal|p1a: AngryMicrowave|61\/100|[from] item: Leftovers\n|upkeep\n|turn|2\n|\n|t:|1684110336\n|move|p2a: Be Not Afraid|Protect|p2a: Be Not Afraid\n|-singleturn|p2a: Be Not Afraid|Protect\n|move|p2b: Tenor Gif IRL|Ancient Power|p1a: AngryMicrowave\n|-supereffective|p1a: AngryMicrowave\n|-damage|p1a: AngryMicrowave|15\/100\n|move|p1a: AngryMicrowave|Thunder|p2b: Tenor Gif IRL\n|-damage|p2b: Tenor Gif IRL|71\/100\n|move|p1b: Thunder Thighs|Earthquake|p2a: Be Not Afraid|[spread] \n|-activate|p2a: Be Not Afraid|move: Protect\n|-immune|p1a: AngryMicrowave|[from] ability: Levitate\n|-immune|p2b: Tenor Gif IRL|[from] ability: Levitate\n|\n|-weather|RainDance|[upkeep]\n|-heal|p1a: AngryMicrowave|20\/100|[from] item: Leftovers\n|upkeep\n|turn|3\n|\n|t:|1684110360\n|switch|p1a: Stumbles|Stonjourner, L50, M, shiny|100\/100\n|move|p2b: Tenor Gif IRL|Ancient Power|p1a: Stumbles\n|-damage|p1a: Stumbles|80\/100\n|move|p2a: Be Not Afraid|Earth Power|p1b: Thunder Thighs\n|-supereffective|p1b: Thunder Thighs\n|-damage|p1b: Thunder Thighs|0 fnt\n|faint|p1b: Thunder Thighs\n|-end|p1b: Thunder Thighs|Quark Drive|[silent]\n|-damage|p2a: Be Not Afraid|81\/100|[from] item: Life Orb\n|\n|-weather|RainDance|[upkeep]\n|upkeep\n|\n|t:|1684110370\n|switch|p1b: SilverSurfer|Floatzel, L50, F, shiny|100\/100\n|turn|4\n|\n|t:|1684110411\n|switch|p2b: Cowabunga Dude|Torkoal, L50, M|100\/100\n|-weather|SunnyDay|[from] ability: Drought|[of] p2b: Cowabunga Dude\n|-activate|p2a: Be Not Afraid|ability: Protosynthesis\n|-start|p2a: Be Not Afraid|protosynthesisspe\n|-terastallize|p1b: SilverSurfer|Water\n|move|p2a: Be Not Afraid|Thunderbolt|p1b: SilverSurfer\n|-supereffective|p1b: SilverSurfer\n|-damage|p1b: SilverSurfer|0 fnt\n|faint|p1b: SilverSurfer\n|-damage|p2a: Be Not Afraid|71\/100|[from] item: Life Orb\n|move|p1a: Stumbles|Rock Slide|p2b: Cowabunga Dude|[spread] p2a,p2b\n|-resisted|p2a: Be Not Afraid\n|-supereffective|p2b: Cowabunga Dude\n|-damage|p2a: Be Not Afraid|56\/100\n|-damage|p2b: Cowabunga Dude|60\/100\n|\n|-weather|SunnyDay|[upkeep]\n|upkeep\n|\n|t:|1684110427\n|switch|p1b: AngryMicrowave|Rotom-Heat, L50, shiny|20\/100\n|turn|5\n|\n|t:|1684110440\n|switch|p2b: Tenor Gif IRL|Cryogonal, L50, shiny|71\/100\n|move|p2a: Be Not Afraid|Earth Power|p1a: Stumbles\n|-supereffective|p1a: Stumbles\n|-damage|p1a: Stumbles|0 fnt\n|faint|p1a: Stumbles\n|-damage|p2a: Be Not Afraid|46\/100|[from] item: Life Orb\n|move|p1b: AngryMicrowave|Rain Dance|p1b: AngryMicrowave\n|-weather|RainDance\n|-end|p2a: Be Not Afraid|Protosynthesis\n|\n|-weather|RainDance|[upkeep]\n|-heal|p1b: AngryMicrowave|26\/100|[from] item: Leftovers\n|upkeep\n|turn|6\n|c|\u2606fangeddragon96|ggs\n|c|\u2606fangeddragon96|wp\n|c|\u2606Texas Landsharks|ggwp\n|l| SusJingles\n|\n|t:|1684110458\n|move|p2b: Tenor Gif IRL|Ancient Power|p1b: AngryMicrowave\n|-supereffective|p1b: AngryMicrowave\n|-damage|p1b: AngryMicrowave|0 fnt\n|faint|p1b: AngryMicrowave\n|\n|win|Texas Landsharks\n|j| RylektVGC\n|l| RylektVGC\n|l| Memebasedgod\n|l|\u2606fangeddragon96\n|j|\u2606fangeddragon96\n|player|p1|fangeddragon96|2\n","uploadtime":1684110463,"views":15,"p1id":"fangeddragon96","p2id":"texaslandsharks","formatid":"gen9vgc2023regulationc","rating":0,"private":0,"password":""}