{"id":"gen9vgc2023regulationc-1846236004","p1":"Pkmushroom","p2":"robo562","format":"[Gen 9] VGC 2023 Regulation C","log":"|j|\u2606Pkmushroom\n|j|\u2606robo562\n|t:|1681824153\n|gametype|doubles\n|player|p1|Pkmushroom|red|1051\n|player|p2|robo562|102|1073\n|teamsize|p1|6\n|teamsize|p2|6\n|gen|9\n|tier|[Gen 9] VGC 2023 Regulation C\n|rated|\n|rule|Species Clause: Limit one of each Pok\u00e9mon\n|rule|Item Clause: Limit one of each item\n|clearpoke\n|poke|p1|Toxapex, L50, M|\n|poke|p1|Garganacl, L50, M|\n|poke|p1|Tinkaton, L50, F|\n|poke|p1|Ting-Lu, L50|\n|poke|p1|Gallade, L50, M|\n|poke|p1|Tauros-Paldea-Blaze, L50, M|\n|poke|p2|Wo-Chien, L50|\n|poke|p2|Iron Bundle, L50|\n|poke|p2|Flutter Mane, L50|\n|poke|p2|Kingambit, L50, M|\n|poke|p2|Talonflame, L50, M|\n|poke|p2|Great Tusk, L50|\n|teampreview|4\n|inactive|Battle timer is ON: inactive players will automatically lose when time's up. (requested by robo562)\n|\n|t:|1681824186\n|start\n|switch|p1a: Toxapex|Toxapex, L50, M, shiny|100\/100\n|switch|p1b: Salty|Garganacl, L50, M|100\/100\n|switch|p2a: Kingambit|Kingambit, L50, M|100\/100\n|switch|p2b: Great Tusk|Great Tusk, L50|100\/100\n|turn|1\n|\n|t:|1681824202\n|switch|p2a: Talonflame|Talonflame, L50, M|100\/100\n|-terastallize|p2b: Great Tusk|Ground\n|-terastallize|p1b: Salty|Flying\n|move|p2b: Great Tusk|Earthquake|p1a: Toxapex|[spread] p1a\n|-immune|p2a: Talonflame\n|-immune|p1b: Salty\n|-supereffective|p1a: Toxapex\n|-damage|p1a: Toxapex|0 fnt\n|faint|p1a: Toxapex\n|move|p1b: Salty|Body Press|p2a: Talonflame\n|-resisted|p2a: Talonflame\n|-damage|p2a: Talonflame|82\/100\n|\n|upkeep\n|\n|t:|1681824221\n|switch|p1a: Tinkatonk|Tinkaton, L50, F|100\/100\n|-ability|p1a: Tinkatonk|Mold Breaker\n|turn|2\n|\n|t:|1681824235\n|switch|p2a: Kingambit|Kingambit, L50, M|100\/100\n|-end|p2b: Great Tusk|Protosynthesis|[silent]\n|switch|p2b: Iron Bundle|Iron Bundle, L50|100\/100\n|-enditem|p2b: Iron Bundle|Booster Energy\n|-activate|p2b: Iron Bundle|ability: Quark Drive|[fromitem]\n|-start|p2b: Iron Bundle|quarkdrivespe\n|move|p1a: Tinkatonk|Fake Out|p2b: Iron Bundle\n|-damage|p2b: Iron Bundle|82\/100\n|-damage|p1a: Tinkatonk|91\/100|[from] item: Life Orb\n|move|p1b: Salty|Salt Cure|p2a: Kingambit\n|-resisted|p2a: Kingambit\n|-damage|p2a: Kingambit|95\/100\n|-start|p2a: Kingambit|Salt Cure\n|\n|-damage|p2a: Kingambit|71\/100|[from] Salt Cure\n|upkeep\n|turn|3\n|\n|t:|1681824260\n|move|p2b: Iron Bundle|Hydro Pump|p1a: Tinkatonk\n|-damage|p1a: Tinkatonk|33\/100\n|move|p1a: Tinkatonk|Gigaton Hammer|p2b: Iron Bundle\n|-damage|p2b: Iron Bundle|0 fnt\n|faint|p2b: Iron Bundle\n|-end|p2b: Iron Bundle|Quark Drive|[silent]\n|-damage|p1a: Tinkatonk|24\/100|[from] item: Life Orb\n|move|p2a: Kingambit|Night Slash|p1a: Tinkatonk\n|-resisted|p1a: Tinkatonk\n|-crit|p1a: Tinkatonk\n|-damage|p1a: Tinkatonk|0 fnt\n|faint|p1a: Tinkatonk\n|move|p1b: Salty|Body Press|p2a: Kingambit\n|-supereffective|p2a: Kingambit\n|-crit|p2a: Kingambit\n|-damage|p2a: Kingambit|0 fnt\n|faint|p2a: Kingambit\n|\n|upkeep\n|\n|t:|1681824276\n|switch|p2b: Talonflame|Talonflame, L50, M|82\/100\n|switch|p1a: Lingu-a|Ting-Lu, L50|100\/100\n|switch|p2a: Great Tusk|Great Tusk, L50, tera:Ground|100\/100\n|-ability|p1a: Lingu-a|Vessel of Ruin\n|turn|4\n|inactive|robo562 has 30 seconds left.\n|\n|t:|1681824311\n|move|p2b: Talonflame|Tailwind|p2b: Talonflame\n|-sidestart|p2: robo562|move: Tailwind\n|move|p2a: Great Tusk|Close Combat|p1a: Lingu-a\n|-supereffective|p1a: Lingu-a\n|-crit|p1a: Lingu-a\n|-damage|p1a: Lingu-a|0 fnt\n|-unboost|p2a: Great Tusk|def|1\n|-unboost|p2a: Great Tusk|spd|1\n|faint|p1a: Lingu-a\n|move|p1b: Salty|Salt Cure|p2b: Talonflame\n|-supereffective|p2b: Talonflame\n|-damage|p2b: Talonflame|0 fnt\n|faint|p2b: Talonflame\n|\n|upkeep\n|turn|5\n|\n|t:|1681824331\n|move|p2a: Great Tusk|Close Combat|p1b: Salty\n|-resisted|p1b: Salty\n|-damage|p1b: Salty|64\/100\n|-unboost|p2a: Great Tusk|def|1\n|-unboost|p2a: Great Tusk|spd|1\n|move|p1b: Salty|Iron Defense|p1b: Salty\n|-boost|p1b: Salty|def|2\n|\n|-heal|p1b: Salty|69\/100|[from] item: Leftovers\n|upkeep\n|turn|6\n|\n|t:|1681824342\n|move|p2a: Great Tusk|Close Combat|p1b: Salty\n|-resisted|p1b: Salty\n|-crit|p1b: Salty\n|-damage|p1b: Salty|14\/100\n|-unboost|p2a: Great Tusk|def|1\n|-unboost|p2a: Great Tusk|spd|1\n|move|p1b: Salty|Recover|p1b: Salty\n|-heal|p1b: Salty|64\/100\n|\n|-heal|p1b: Salty|70\/100|[from] item: Leftovers\n|upkeep\n|turn|7\n|\n|t:|1681824364\n|move|p2a: Great Tusk|Close Combat|p1b: Salty\n|-resisted|p1b: Salty\n|-crit|p1b: Salty\n|-damage|p1b: Salty|22\/100\n|-unboost|p2a: Great Tusk|def|1\n|-unboost|p2a: Great Tusk|spd|1\n|move|p1b: Salty|Salt Cure|p2a: Great Tusk\n|-resisted|p2a: Great Tusk\n|-damage|p2a: Great Tusk|86\/100\n|-start|p2a: Great Tusk|Salt Cure\n|\n|-heal|p1b: Salty|28\/100|[from] item: Leftovers\n|-damage|p2a: Great Tusk|74\/100|[from] Salt Cure\n|-sideend|p2: robo562|move: Tailwind\n|upkeep\n|turn|8\n|\n|t:|1681824377\n|move|p2a: Great Tusk|Close Combat|p1b: Salty\n|-resisted|p1b: Salty\n|-damage|p1b: Salty|11\/100\n|-unboost|p2a: Great Tusk|def|1\n|-unboost|p2a: Great Tusk|spd|1\n|move|p1b: Salty|Recover|p1b: Salty\n|-heal|p1b: Salty|61\/100\n|\n|-heal|p1b: Salty|67\/100|[from] item: Leftovers\n|-damage|p2a: Great Tusk|62\/100|[from] Salt Cure\n|upkeep\n|turn|9\n|\n|t:|1681824387\n|move|p2a: Great Tusk|Close Combat|p1b: Salty\n|-resisted|p1b: Salty\n|-damage|p1b: Salty|49\/100\n|-unboost|p2a: Great Tusk|def|1\n|-unboost|p2a: Great Tusk|spd|1\n|move|p1b: Salty|Recover|p1b: Salty\n|-heal|p1b: Salty|99\/100\n|\n|-heal|p1b: Salty|100\/100|[from] item: Leftovers\n|-damage|p2a: Great Tusk|50\/100|[from] Salt Cure\n|upkeep\n|turn|10\n|inactiveoff|Battle timer is now OFF.\n|\n|t:|1681824399\n|move|p2a: Great Tusk|Close Combat|p1b: Salty\n|-resisted|p1b: Salty\n|-damage|p1b: Salty|82\/100\n|move|p1b: Salty|Body Press|p2a: Great Tusk\n|-damage|p2a: Great Tusk|0 fnt\n|faint|p2a: Great Tusk\n|-end|p2a: Great Tusk|Protosynthesis|[silent]\n|\n|win|Pkmushroom\n|raw|Pkmushroom's rating: 1051 → 1085<\/strong> (+34 for winning)\n|raw|robo562's rating: 1073 → 1051<\/strong> (-22 for losing)\n|c|\u2606robo562|Weak ass stall\n|c|\u2606robo562|Lame player\n","uploadtime":1681824437,"views":4,"p1id":"pkmushroom","p2id":"robo562","formatid":"gen9vgc2023regulationc","rating":1051,"private":0,"password":""}