{"id":"gen9vgc2023regulationc-1858754766","p1":"tealpens1","p2":"aaaaaaaaaer","format":"[Gen 9] VGC 2023 Regulation C","log":"|j|\u2606tealpens1\n|j|\u2606aaaaaaaaaer\n|t:|1683354434\n|gametype|doubles\n|player|p1|tealpens1|265|1166\n|player|p2|aaaaaaaaaer|169|1225\n|teamsize|p1|6\n|teamsize|p2|6\n|gen|9\n|tier|[Gen 9] VGC 2023 Regulation C\n|rated|\n|rule|Species Clause: Limit one of each Pok\u00e9mon\n|rule|Item Clause: Limit one of each item\n|clearpoke\n|poke|p1|Roaring Moon, L50|\n|poke|p1|Gyarados, L50, F|\n|poke|p1|Amoonguss, L50, F|\n|poke|p1|Flutter Mane, L50|\n|poke|p1|Iron Hands, L50|\n|poke|p1|Volcarona, L50, F|\n|poke|p2|Dragapult, L50, M|\n|poke|p2|Arcanine, L50, F|\n|poke|p2|Iron Hands, L50|\n|poke|p2|Scizor, L50, M|\n|poke|p2|Sylveon, L50, F|\n|poke|p2|Gyarados, L50, F|\n|teampreview|4\n|\n|t:|1683354496\n|start\n|switch|p1a: Amoonguss|Amoonguss, L50, F|100\/100\n|switch|p1b: Volcarona|Volcarona, L50, F|100\/100\n|switch|p2a: Sylveon|Sylveon, L50, F|100\/100\n|switch|p2b: Arcanine|Arcanine, L50, F|100\/100\n|-ability|p2b: Arcanine|Intimidate|boost\n|-unboost|p1a: Amoonguss|atk|1\n|-unboost|p1b: Volcarona|atk|1\n|turn|1\n|\n|t:|1683354530\n|move|p1a: Amoonguss|Rage Powder|p1a: Amoonguss\n|-singleturn|p1a: Amoonguss|move: Rage Powder\n|move|p1b: Volcarona|Quiver Dance|p1b: Volcarona\n|-boost|p1b: Volcarona|spa|1\n|-boost|p1b: Volcarona|spd|1\n|-boost|p1b: Volcarona|spe|1\n|move|p2b: Arcanine|Snarl|p1b: Volcarona|[spread] p1a,p1b\n|-damage|p1a: Amoonguss|92\/100\n|-damage|p1b: Volcarona|94\/100\n|-unboost|p1a: Amoonguss|spa|1\n|-unboost|p1b: Volcarona|spa|1\n|move|p2a: Sylveon|Hyper Voice|p1a: Amoonguss|[spread] p1a,p1b\n|-resisted|p1a: Amoonguss\n|-resisted|p1b: Volcarona\n|-damage|p1a: Amoonguss|77\/100\n|-damage|p1b: Volcarona|84\/100\n|\n|upkeep\n|turn|2\n|inactive|Battle timer is ON: inactive players will automatically lose when time's up. (requested by aaaaaaaaaer)\n|\n|t:|1683354567\n|move|p1b: Volcarona|Protect|p1b: Volcarona\n|-singleturn|p1b: Volcarona|Protect\n|move|p2b: Arcanine|Snarl|p1b: Volcarona|[spread] p1a\n|-activate|p1b: Volcarona|move: Protect\n|-damage|p1a: Amoonguss|69\/100\n|-unboost|p1a: Amoonguss|spa|1\n|move|p2a: Sylveon|Hyper Voice|p1a: Amoonguss|[spread] p1a\n|-activate|p1b: Volcarona|move: Protect\n|-resisted|p1a: Amoonguss\n|-damage|p1a: Amoonguss|53\/100\n|move|p1a: Amoonguss|Spore|p2a: Sylveon\n|-status|p2a: Sylveon|slp|[from] move: Spore\n|\n|upkeep\n|turn|3\n|inactive|tealpens1 has 30 seconds left.\n|\n|t:|1683354597\n|switch|p1a: Iron Hands|Iron Hands, L50|100\/100\n|move|p1b: Volcarona|Heat Wave|p2a: Sylveon|[spread] p2a,p2b\n|-resisted|p2b: Arcanine\n|-damage|p2a: Sylveon|74\/100 slp\n|-damage|p2b: Arcanine|84\/100\n|move|p2b: Arcanine|Snarl|p1b: Volcarona|[spread] p1a,p1b\n|-resisted|p1a: Iron Hands\n|-damage|p1a: Iron Hands|98\/100\n|-damage|p1b: Volcarona|78\/100\n|-unboost|p1a: Iron Hands|spa|1\n|-unboost|p1b: Volcarona|spa|1\n|cant|p2a: Sylveon|slp\n|\n|upkeep\n|turn|4\n|inactive|tealpens1 has 30 seconds left.\n|inactive|aaaaaaaaaer has 30 seconds left.\n|\n|t:|1683354625\n|switch|p2a: Gyarados|Gyarados, L50, F|100\/100\n|-ability|p2a: Gyarados|Intimidate|boost\n|-unboost|p1a: Iron Hands|atk|1\n|-unboost|p1b: Volcarona|atk|1\n|move|p1a: Iron Hands|Fake Out|p2b: Arcanine\n|-damage|p2b: Arcanine|74\/100\n|move|p1b: Volcarona|Quiver Dance|p1b: Volcarona\n|-boost|p1b: Volcarona|spa|1\n|-boost|p1b: Volcarona|spd|1\n|-boost|p1b: Volcarona|spe|1\n|cant|p2b: Arcanine|flinch\n|\n|upkeep\n|turn|5\n|inactive|tealpens1 has 30 seconds left.\n|\n|t:|1683354656\n|switch|p2a: Sylveon|Sylveon, L50, F|74\/100 slp\n|move|p1b: Volcarona|Protect|p1b: Volcarona\n|-singleturn|p1b: Volcarona|Protect\n|move|p2b: Arcanine|Will-O-Wisp|p1a: Iron Hands\n|-status|p1a: Iron Hands|brn\n|move|p1a: Iron Hands|Wild Charge|p2a: Sylveon\n|-damage|p2a: Sylveon|53\/100 slp\n|-damage|p1a: Iron Hands|94\/100 brn|[from] Recoil\n|\n|-damage|p1a: Iron Hands|87\/100 brn|[from] brn\n|upkeep\n|turn|6\n|inactive|tealpens1 has 30 seconds left.\n|inactive|tealpens1 has 20 seconds left.\n|\n|t:|1683354692\n|move|p1b: Volcarona|Heat Wave|p2b: Arcanine|[spread] p2a,p2b\n|-resisted|p2b: Arcanine\n|-damage|p2a: Sylveon|25\/100 slp\n|-damage|p2b: Arcanine|56\/100\n|move|p2b: Arcanine|Snarl|p1a: Iron Hands|[spread] p1a,p1b\n|-resisted|p1a: Iron Hands\n|-crit|p1b: Volcarona\n|-damage|p1a: Iron Hands|85\/100 brn\n|-damage|p1b: Volcarona|64\/100\n|-unboost|p1a: Iron Hands|spa|1\n|-unboost|p1b: Volcarona|spa|1\n|-curestatus|p2a: Sylveon|slp|[msg]\n|move|p2a: Sylveon|Hyper Voice|p1a: Iron Hands|[spread] p1a,p1b\n|-supereffective|p1a: Iron Hands\n|-resisted|p1b: Volcarona\n|-damage|p1a: Iron Hands|46\/100 brn\n|-damage|p1b: Volcarona|55\/100\n|move|p1a: Iron Hands|Drain Punch|p2b: Arcanine\n|-crit|p2b: Arcanine\n|-damage|p2b: Arcanine|25\/100\n|-heal|p1a: Iron Hands|59\/100 brn|[from] drain|[of] p2b: Arcanine\n|-enditem|p2b: Arcanine|Sitrus Berry|[eat]\n|-heal|p2b: Arcanine|50\/100|[from] item: Sitrus Berry\n|\n|-damage|p1a: Iron Hands|53\/100 brn|[from] brn\n|upkeep\n|turn|7\n|inactive|tealpens1 has 30 seconds left.\n|inactive|aaaaaaaaaer has 30 seconds left.\n|\n|t:|1683354724\n|switch|p2a: Gyarados|Gyarados, L50, F|100\/100\n|-ability|p2a: Gyarados|Intimidate|boost\n|-unboost|p1a: Iron Hands|atk|1\n|-unboost|p1b: Volcarona|atk|1\n|-end|p1a: Iron Hands|Quark Drive|[silent]\n|switch|p1a: Amoonguss|Amoonguss, L50, F|86\/100\n|move|p1b: Volcarona|Quiver Dance|p1b: Volcarona\n|-boost|p1b: Volcarona|spa|1\n|-boost|p1b: Volcarona|spd|1\n|-boost|p1b: Volcarona|spe|1\n|move|p2b: Arcanine|Snarl|p1a: Amoonguss|[spread] p1a,p1b\n|-damage|p1a: Amoonguss|79\/100\n|-damage|p1b: Volcarona|52\/100\n|-unboost|p1a: Amoonguss|spa|1\n|-unboost|p1b: Volcarona|spa|1\n|\n|upkeep\n|turn|8\n|inactive|tealpens1 has 30 seconds left.\n|inactive|tealpens1 has 20 seconds left.\n|inactive|tealpens1 has 15 seconds left.\n|\n|t:|1683354764\n|move|p1b: Volcarona|Protect|p1b: Volcarona\n|-singleturn|p1b: Volcarona|Protect\n|move|p2a: Gyarados|Dragon Dance|p2a: Gyarados\n|-boost|p2a: Gyarados|atk|1\n|-boost|p2a: Gyarados|spe|1\n|move|p2b: Arcanine|Flare Blitz|p1b: Volcarona\n|-activate|p1b: Volcarona|move: Protect\n|move|p1a: Amoonguss|Spore|p2a: Gyarados\n|-status|p2a: Gyarados|slp|[from] move: Spore\n|\n|upkeep\n|turn|9\n|inactive|tealpens1 has 30 seconds left.\n|\n|t:|1683354792\n|switch|p1b: Flutter Mane|Flutter Mane, L50|100\/100\n|move|p1a: Amoonguss|Rage Powder|p1a: Amoonguss\n|-singleturn|p1a: Amoonguss|move: Rage Powder\n|cant|p2a: Gyarados|slp\n|move|p2b: Arcanine|Snarl|p1b: Flutter Mane|[spread] p1a\n|-miss|p2b: Arcanine|p1b: Flutter Mane\n|-damage|p1a: Amoonguss|70\/100\n|-unboost|p1a: Amoonguss|spa|1\n|\n|upkeep\n|turn|10\n|inactive|tealpens1 has 30 seconds left.\n|\n|t:|1683354818\n|switch|p2a: Sylveon|Sylveon, L50, F|25\/100\n|switch|p1a: Iron Hands|Iron Hands, L50|53\/100 brn\n|move|p1b: Flutter Mane|Power Gem|p2b: Arcanine\n|-supereffective|p2b: Arcanine\n|-damage|p2b: Arcanine|0 fnt\n|faint|p2b: Arcanine\n|-damage|p1b: Flutter Mane|91\/100|[from] item: Life Orb\n|\n|-damage|p1a: Iron Hands|47\/100 brn|[from] brn\n|upkeep\n|\n|t:|1683354832\n|switch|p2b: Iron Hands|Iron Hands, L50|100\/100\n|turn|11\n|\n|t:|1683354852\n|-terastallize|p2b: Iron Hands|Fire\n|move|p1b: Flutter Mane|Protect|p1b: Flutter Mane\n|-singleturn|p1b: Flutter Mane|Protect\n|move|p2a: Sylveon|Hyper Voice|p1b: Flutter Mane|[spread] p1a\n|-activate|p1b: Flutter Mane|move: Protect\n|-supereffective|p1a: Iron Hands\n|-damage|p1a: Iron Hands|5\/100 brn\n|move|p1a: Iron Hands|Heavy Slam|p2a: Sylveon\n|-supereffective|p2a: Sylveon\n|-damage|p2a: Sylveon|0 fnt\n|faint|p2a: Sylveon\n|move|p2b: Iron Hands|Wild Charge|p1b: Flutter Mane\n|-activate|p1b: Flutter Mane|move: Protect\n|\n|-damage|p1a: Iron Hands|0 fnt|[from] brn\n|faint|p1a: Iron Hands\n|-end|p1a: Iron Hands|Quark Drive|[silent]\n|upkeep\n|c|\u2606tealpens1|>=)\n|inactive|tealpens1 has 30 seconds left.\n|\n|t:|1683354884\n|switch|p2a: Gyarados|Gyarados, L50, F|100\/100 slp\n|switch|p1a: Amoonguss|Amoonguss, L50, F|100\/100\n|-ability|p2a: Gyarados|Intimidate|boost\n|-unboost|p1a: Amoonguss|atk|1\n|-unboost|p1b: Flutter Mane|atk|1\n|turn|12\n|\n|t:|1683354896\n|move|p1a: Amoonguss|Rage Powder|p1a: Amoonguss\n|-singleturn|p1a: Amoonguss|move: Rage Powder\n|move|p1b: Flutter Mane|Power Gem|p2b: Iron Hands\n|-supereffective|p2b: Iron Hands\n|-damage|p2b: Iron Hands|52\/100\n|-damage|p1b: Flutter Mane|81\/100|[from] item: Life Orb\n|cant|p2a: Gyarados|slp\n|move|p2b: Iron Hands|Wild Charge|p1a: Amoonguss\n|-resisted|p1a: Amoonguss\n|-damage|p1a: Amoonguss|81\/100\n|-damage|p2b: Iron Hands|35\/100|[from] item: Rocky Helmet|[of] p1a: Amoonguss\n|-damage|p2b: Iron Hands|31\/100|[from] Recoil\n|\n|upkeep\n|turn|13\n|c|\u2606tealpens1|gg\n|c|\u2606tealpens1|too much snarl!\n|\n|t:|1683354919\n|move|p1a: Amoonguss|Rage Powder|p1a: Amoonguss\n|-singleturn|p1a: Amoonguss|move: Rage Powder\n|move|p1b: Flutter Mane|Power Gem|p2b: Iron Hands\n|-supereffective|p2b: Iron Hands\n|-damage|p2b: Iron Hands|0 fnt\n|faint|p2b: Iron Hands\n|-end|p2b: Iron Hands|Quark Drive|[silent]\n|-damage|p1b: Flutter Mane|72\/100|[from] item: Life Orb\n|-curestatus|p2a: Gyarados|slp|[msg]\n|move|p2a: Gyarados|Dragon Dance|p2a: Gyarados\n|-boost|p2a: Gyarados|atk|1\n|-boost|p2a: Gyarados|spe|1\n|\n|upkeep\n|turn|14\n|\n|t:|1683354936\n|move|p1a: Amoonguss|Rage Powder|p1a: Amoonguss\n|-singleturn|p1a: Amoonguss|move: Rage Powder\n|move|p2a: Gyarados|Earthquake|p1a: Amoonguss|[spread] p1a,p1b\n|-damage|p1a: Amoonguss|50\/100\n|-damage|p1b: Flutter Mane|3\/100\n|move|p1b: Flutter Mane|Power Gem|p2a: Gyarados\n|-supereffective|p2a: Gyarados\n|-damage|p2a: Gyarados|27\/100\n|-damage|p1b: Flutter Mane|0 fnt|[from] item: Life Orb\n|faint|p1b: Flutter Mane\n|-end|p1b: Flutter Mane|Protosynthesis|[silent]\n|\n|upkeep\n|c|\u2606tealpens1|WHOAH\n|\n|t:|1683354946\n|switch|p1b: Volcarona|Volcarona, L50, F|52\/100\n|turn|15\n|\n|t:|1683354966\n|-terastallize|p1b: Volcarona|Water\n|move|p2a: Gyarados|Earthquake|p1b: Volcarona|[spread] p1a,p1b\n|-damage|p1a: Amoonguss|19\/100\n|-damage|p1b: Volcarona|6\/100\n|move|p1b: Volcarona|Quiver Dance|p1b: Volcarona\n|-boost|p1b: Volcarona|spa|1\n|-boost|p1b: Volcarona|spd|1\n|-boost|p1b: Volcarona|spe|1\n|move|p1a: Amoonguss|Pollen Puff|p1b: Volcarona\n|-heal|p1b: Volcarona|56\/100\n|\n|upkeep\n|turn|16\n|\n|t:|1683354984\n|move|p2a: Gyarados|Earthquake|p1a: Amoonguss|[spread] p1a,p1b\n|-damage|p1a: Amoonguss|0 fnt\n|-damage|p1b: Volcarona|9\/100\n|faint|p1a: Amoonguss\n|move|p1b: Volcarona|Giga Drain|p2a: Gyarados\n|-damage|p2a: Gyarados|0 fnt\n|-heal|p1b: Volcarona|21\/100|[from] drain|[of] p2a: Gyarados\n|faint|p2a: Gyarados\n|\n|win|tealpens1\n|raw|tealpens1's rating: 1166 → 1195<\/strong> (+29 for winning)\n|raw|aaaaaaaaaer's rating: 1225 → 1196<\/strong> (-29 for losing)\n|c|\u2606tealpens1|gg\n|l|\u2606aaaaaaaaaer\n","uploadtime":1683355000,"views":8,"p1id":"tealpens1","p2id":"aaaaaaaaaer","formatid":"gen9vgc2023regulationc","rating":1195,"private":0,"password":""}