{"id":"gen9vgc2023regulationc-1854096591","p1":"Deadhead Omega","p2":"Alaskan_fisher","format":"[Gen 9] VGC 2023 Regulation C","log":"|j|\u2606Deadhead Omega\n|j|\u2606Alaskan_fisher\n|t:|1682768597\n|gametype|doubles\n|player|p1|Deadhead Omega|benga|1376\n|player|p2|Alaskan_fisher|fisherman-gen4|1295\n|teamsize|p1|6\n|teamsize|p2|6\n|gen|9\n|tier|[Gen 9] VGC 2023 Regulation C\n|rated|\n|rule|Species Clause: Limit one of each Pok\u00e9mon\n|rule|Item Clause: Limit one of each item\n|clearpoke\n|poke|p1|Ting-Lu, L50|\n|poke|p1|Vivillon-Fancy, L50, M|\n|poke|p1|Iron Bundle, L50|\n|poke|p1|Abomasnow, L50, M|\n|poke|p1|Flutter Mane, L50|\n|poke|p1|Arcanine, L50, M|\n|poke|p2|Iron Hands, L50|\n|poke|p2|Palafin, L50, F|\n|poke|p2|Arcanine, L50, M|\n|poke|p2|Flutter Mane, L50|\n|poke|p2|Chi-Yu, L50|\n|poke|p2|Amoonguss, L50, F|\n|teampreview|4\nAlaskan_fisher has agreed to open team sheets.\nDeadhead Omega has agreed to open team sheets.\n|inactive|Battle timer is ON: inactive players will automatically lose when time's up. (requested by Deadhead Omega)\n|\n|t:|1682768647\n|start\n|switch|p1a: Ting-Lu|Ting-Lu, L50|100\/100\n|switch|p1b: Vivillon|Vivillon-Fancy, L50, M|100\/100\n|switch|p2a: Iron Hands|Iron Hands, L50|100\/100\n|switch|p2b: Arcanine|Arcanine, L50, M|100\/100\n|-ability|p2b: Arcanine|Intimidate|boost\n|-unboost|p1a: Ting-Lu|atk|1\n|-unboost|p1b: Vivillon|atk|1\n|-ability|p1a: Ting-Lu|Vessel of Ruin\n|turn|1\n|inactive|Alaskan_fisher has 30 seconds left.\n|\n|t:|1682768676\n|-terastallize|p1a: Ting-Lu|Ground\n|move|p2b: Arcanine|Will-O-Wisp|p1a: Ting-Lu\n|-status|p1a: Ting-Lu|brn\n|move|p1b: Vivillon|Safeguard|p1b: Vivillon\n|-sidestart|p1: Deadhead Omega|Safeguard\n|move|p1a: Ting-Lu|Earthquake|p2a: Iron Hands|[spread] p2a,p2b\n|-immune|p1b: Vivillon\n|-supereffective|p2a: Iron Hands\n|-supereffective|p2b: Arcanine\n|-damage|p2a: Iron Hands|68\/100\n|-damage|p2b: Arcanine|50\/100\n|move|p2a: Iron Hands|Swords Dance|p2a: Iron Hands\n|-boost|p2a: Iron Hands|atk|2\n|\n|-damage|p1a: Ting-Lu|95\/100 brn|[from] brn\n|upkeep\n|turn|2\n|inactive|Alaskan_fisher has 30 seconds left.\n|\n|t:|1682768705\n|switch|p1a: Arcanine|Arcanine, L50, M|100\/100\n|-ability|p1a: Arcanine|Intimidate|boost\n|-unboost|p2a: Iron Hands|atk|1\n|-unboost|p2b: Arcanine|atk|1\n|move|p1b: Vivillon|Protect|p1b: Vivillon\n|-singleturn|p1b: Vivillon|Protect\n|move|p2b: Arcanine|Morning Sun|p2b: Arcanine\n|-heal|p2b: Arcanine|99\/100\n|move|p2a: Iron Hands|Drain Punch|p1a: Arcanine\n|-damage|p1a: Arcanine|48\/100\n|-heal|p2a: Iron Hands|89\/100|[from] drain|[of] p1a: Arcanine\n|\n|upkeep\n|turn|3\n|inactive|Alaskan_fisher has 30 seconds left.\n|inactive|Alaskan_fisher has 20 seconds left.\n|inactive|Alaskan_fisher has 15 seconds left.\n|\n|t:|1682768746\n|switch|p2b: Chi-Yu|Chi-Yu, L50|100\/100\n|-ability|p2b: Chi-Yu|Beads of Ruin\n|move|p2a: Iron Hands|Protect|p2a: Iron Hands\n|-singleturn|p2a: Iron Hands|Protect\n|move|p1b: Vivillon|Pollen Puff|p1a: Arcanine\n|-heal|p1a: Arcanine|98\/100\n|move|p1a: Arcanine|Will-O-Wisp|p2a: Iron Hands\n|-activate|p2a: Iron Hands|move: Protect\n|\n|upkeep\n|turn|4\n|inactive|Deadhead Omega has 30 seconds left.\n|\n|t:|1682768777\n|switch|p1b: Ting-Lu|Ting-Lu, L50, tera:Ground|95\/100 brn\n|-ability|p1b: Ting-Lu|Vessel of Ruin\n|-end|p2a: Iron Hands|Quark Drive|[silent]\n|switch|p2a: Arcanine|Arcanine, L50, M|99\/100\n|-ability|p2a: Arcanine|Intimidate|boost\n|-unboost|p1a: Arcanine|atk|1\n|-unboost|p1b: Ting-Lu|atk|1\n|move|p2b: Chi-Yu|Heat Wave|p1b: Ting-Lu|[spread] p1a,p1b\n|-resisted|p1a: Arcanine\n|-damage|p1a: Arcanine|75\/100\n|-damage|p1b: Ting-Lu|57\/100 brn\n|move|p1a: Arcanine|Will-O-Wisp|p2a: Arcanine\n|-immune|p2a: Arcanine\n|\n|-damage|p1b: Ting-Lu|51\/100 brn|[from] brn\n|upkeep\n|turn|5\n|inactive|Alaskan_fisher has 30 seconds left.\n|\n|t:|1682768811\n|switch|p1a: Vivillon|Vivillon-Fancy, L50, M|100\/100\n|move|p2b: Chi-Yu|Heat Wave|p1a: Vivillon|[spread] p1a,p1b\n|-supereffective|p1a: Vivillon\n|-enditem|p1a: Vivillon|Focus Sash\n|-damage|p1a: Vivillon|1\/100\n|-damage|p1b: Ting-Lu|26\/100 brn\n|move|p2a: Arcanine|Flare Blitz|p1b: Ting-Lu\n|-damage|p1b: Ting-Lu|4\/100 brn\n|-damage|p2a: Arcanine|90\/100|[from] Recoil\n|move|p1b: Ting-Lu|Earthquake|p2b: Chi-Yu|[spread] p2a,p2b\n|-immune|p1a: Vivillon\n|-supereffective|p2a: Arcanine\n|-supereffective|p2b: Chi-Yu\n|-damage|p2a: Arcanine|37\/100\n|-damage|p2b: Chi-Yu|26\/100\n|\n|-damage|p1b: Ting-Lu|0 fnt|[from] brn\n|faint|p1b: Ting-Lu\n|-sideend|p1: Deadhead Omega|Safeguard\n|upkeep\n|\n|t:|1682768832\n|switch|p1b: Flutter Mane|Flutter Mane, L50|100\/100\n|turn|6\n|\n|t:|1682768856\n|switch|p2a: Amoonguss|Amoonguss, L50, F|100\/100\n|move|p1a: Vivillon|Protect|p1a: Vivillon\n|-singleturn|p1a: Vivillon|Protect\n|move|p2b: Chi-Yu|Heat Wave|p1b: Flutter Mane|[spread] p1b\n|-activate|p1a: Vivillon|move: Protect\n|-damage|p1b: Flutter Mane|61\/100\n|move|p1b: Flutter Mane|Dazzling Gleam|p2a: Amoonguss|[spread] p2a,p2b\n|-resisted|p2a: Amoonguss\n|-damage|p2a: Amoonguss|73\/100\n|-damage|p2b: Chi-Yu|0 fnt\n|faint|p2b: Chi-Yu\n|\n|upkeep\n|\n|t:|1682768873\n|switch|p2b: Arcanine|Arcanine, L50, M|37\/100\n|-ability|p2b: Arcanine|Intimidate|boost\n|-unboost|p1a: Vivillon|atk|1\n|-unboost|p1b: Flutter Mane|atk|1\n|turn|7\n|\n|t:|1682768887\n|-end|p1b: Flutter Mane|Protosynthesis|[silent]\n|switch|p1b: Arcanine|Arcanine, L50, M|75\/100\n|-ability|p1b: Arcanine|Intimidate|boost\n|-unboost|p2a: Amoonguss|atk|1\n|-unboost|p2b: Arcanine|atk|1\n|move|p2b: Arcanine|Flare Blitz|p1a: Vivillon\n|-supereffective|p1a: Vivillon\n|-damage|p1a: Vivillon|0 fnt\n|faint|p1a: Vivillon\n|-damage|p2b: Arcanine|36\/100|[from] Recoil\n|move|p2a: Amoonguss|Spore|p1b: Arcanine\n|-activate|p1b: Arcanine|item: Safety Goggles|Spore\n|\n|upkeep\n|\n|t:|1682768899\n|switch|p1a: Flutter Mane|Flutter Mane, L50|61\/100\n|turn|8\n|inactive|Deadhead Omega has 30 seconds left.\n|\n|t:|1682768924\n|switch|p2b: Iron Hands|Iron Hands, L50|89\/100\n|-terastallize|p2a: Amoonguss|Water\n|move|p1a: Flutter Mane|Shadow Ball|p2b: Iron Hands\n|-damage|p2b: Iron Hands|44\/100\n|move|p1b: Arcanine|Flare Blitz|p2a: Amoonguss\n|-resisted|p2a: Amoonguss\n|-damage|p2a: Amoonguss|52\/100\n|-damage|p1b: Arcanine|67\/100|[from] Recoil\n|move|p2a: Amoonguss|Spore|p1a: Flutter Mane\n|-status|p1a: Flutter Mane|slp|[from] move: Spore\n|\n|upkeep\n|turn|9\n|inactive|Deadhead Omega has 30 seconds left.\n|inactive|Alaskan_fisher has 30 seconds left.\n|inactive|Deadhead Omega has 20 seconds left.\n|inactive|Alaskan_fisher has 20 seconds left.\n|inactive|Alaskan_fisher has 15 seconds left.\n|\n|t:|1682768968\n|cant|p1a: Flutter Mane|slp\n|move|p1b: Arcanine|Flare Blitz|p2b: Iron Hands\n|-crit|p2b: Iron Hands\n|-damage|p2b: Iron Hands|0 fnt\n|faint|p2b: Iron Hands\n|-end|p2b: Iron Hands|Quark Drive|[silent]\n|-damage|p1b: Arcanine|49\/100|[from] Recoil\n|move|p2a: Amoonguss|Pollen Puff|p2: Iron Hands|[notarget]\n|-fail|p2a: Amoonguss\n|\n|upkeep\n|\n|t:|1682768972\n|switch|p2b: Arcanine|Arcanine, L50, M|36\/100\n|-ability|p2b: Arcanine|Intimidate|boost\n|-unboost|p1a: Flutter Mane|atk|1\n|-unboost|p1b: Arcanine|atk|1\n|turn|10\n|inactive|Deadhead Omega has 30 seconds left.\n|\n|t:|1682769004\n|move|p1b: Arcanine|Extreme Speed|p2b: Arcanine\n|-damage|p2b: Arcanine|20\/100\n|-enditem|p2b: Arcanine|Figy Berry|[eat]\n|-heal|p2b: Arcanine|53\/100|[from] item: Figy Berry\n|cant|p1a: Flutter Mane|slp\n|move|p2b: Arcanine|Flare Blitz|p1a: Flutter Mane\n|-crit|p1a: Flutter Mane\n|-damage|p1a: Flutter Mane|0 fnt\n|faint|p1a: Flutter Mane\n|-end|p1a: Flutter Mane|Protosynthesis|[silent]\n|-damage|p2b: Arcanine|36\/100|[from] Recoil\n|move|p2a: Amoonguss|Pollen Puff|p2b: Arcanine\n|-heal|p2b: Arcanine|86\/100\n|\n|upkeep\n|turn|11\n|-message|Deadhead Omega forfeited.\n|\n|win|Alaskan_fisher\n|raw|Deadhead Omega's rating: 1376 → 1353<\/strong> (-23 for losing)\n|raw|Alaskan_fisher's rating: 1316 → 1339<\/strong> (+23 for winning)\n|l|\u2606Deadhead Omega\n|l|\u2606Alaskan_fisher\n|j|\u2606Alaskan_fisher\n|player|p2|Alaskan_fisher|fisherman-gen4\n","uploadtime":1682769138,"views":19,"p1id":"deadheadomega","p2id":"alaskanfisher","formatid":"gen9vgc2023regulationc","rating":1339,"private":0,"password":""}