{"id":"gen9vgc2023regulationc-1846754617","p1":"Jasonvk","p2":"AnthonyL","format":"[Gen 9] VGC 2023 Regulation C","log":"|j|\u2606Jasonvk\n|j|\u2606AnthonyL\n|t:|1681874398\n|gametype|doubles\n|player|p1|Jasonvk|265|1273\n|player|p2|AnthonyL|lucas|1312\n|teamsize|p1|6\n|teamsize|p2|6\n|gen|9\n|tier|[Gen 9] VGC 2023 Regulation C\n|rated|\n|rule|Species Clause: Limit one of each Pok\u00e9mon\n|rule|Item Clause: Limit one of each item\n|clearpoke\n|poke|p1|Grimmsnarl, L50, M|\n|poke|p1|Gholdengo, L50|\n|poke|p1|Amoonguss, L50, M|\n|poke|p1|Ting-Lu, L50|\n|poke|p1|Glimmora, L50, M|\n|poke|p1|Gyarados, L50, M|\n|poke|p2|Rotom-Wash, L50|\n|poke|p2|Garchomp, L50, M|\n|poke|p2|Amoonguss, L50, M|\n|poke|p2|Flutter Mane, L50|\n|poke|p2|Chi-Yu, L50|\n|poke|p2|Corviknight, L50, M|\n|teampreview|4\n|inactive|Battle timer is ON: inactive players will automatically lose when time's up. (requested by AnthonyL)\nAnthonyL has agreed to open team sheets.\n|inactive|Jasonvk has 60 seconds left.\n|inactive|AnthonyL has 60 seconds left.\n|\n|t:|1681874444\n|start\n|switch|p1a: Ting-Lu|Ting-Lu, L50|100\/100\n|switch|p1b: Gyarados|Gyarados, L50, M|100\/100\n|switch|p2a: Flutter Mane|Flutter Mane, L50|100\/100\n|switch|p2b: Chi-Yu|Chi-Yu, L50|100\/100\n|-ability|p2b: Chi-Yu|Beads of Ruin\n|-ability|p1b: Gyarados|Intimidate|boost\n|-unboost|p2a: Flutter Mane|atk|1\n|-unboost|p2b: Chi-Yu|atk|1\n|-ability|p1a: Ting-Lu|Vessel of Ruin\n|-enditem|p2a: Flutter Mane|Booster Energy\n|-activate|p2a: Flutter Mane|ability: Protosynthesis|[fromitem]\n|-start|p2a: Flutter Mane|protosynthesisspe\n|turn|1\n|inactive|Jasonvk has 30 seconds left.\n|inactive|AnthonyL has 30 seconds left.\n|inactive|Jasonvk has 20 seconds left.\n|\n|t:|1681874479\n|-terastallize|p2b: Chi-Yu|Fire\n|-terastallize|p1a: Ting-Lu|Fire\n|move|p2a: Flutter Mane|Dazzling Gleam|p1a: Ting-Lu|[spread] p1a,p1b\n|-resisted|p1a: Ting-Lu\n|-damage|p1a: Ting-Lu|88\/100\n|-damage|p1b: Gyarados|68\/100\n|move|p2b: Chi-Yu|Heat Wave|p1b: Gyarados|[spread] p1a\n|-miss|p2b: Chi-Yu|p1b: Gyarados\n|-resisted|p1a: Ting-Lu\n|-damage|p1a: Ting-Lu|67\/100\n|move|p1b: Gyarados|Dragon Dance|p1b: Gyarados\n|-boost|p1b: Gyarados|atk|1\n|-boost|p1b: Gyarados|spe|1\n|move|p1a: Ting-Lu|Earthquake|p2b: Chi-Yu|[spread] p2a,p2b\n|-immune|p1b: Gyarados\n|-supereffective|p2b: Chi-Yu\n|-damage|p2a: Flutter Mane|50\/100\n|-damage|p2b: Chi-Yu|4\/100\n|\n|upkeep\n|turn|2\n|inactive|Jasonvk has 30 seconds left.\n|\n|t:|1681874507\n|move|p2a: Flutter Mane|Moonblast|p1b: Gyarados\n|-damage|p1b: Gyarados|20\/100\n|move|p2b: Chi-Yu|Heat Wave|p1a: Ting-Lu|[spread] p1a,p1b\n|-resisted|p1a: Ting-Lu\n|-resisted|p1b: Gyarados\n|-damage|p1a: Ting-Lu|42\/100\n|-damage|p1b: Gyarados|0 fnt\n|faint|p1b: Gyarados\n|move|p1a: Ting-Lu|Earthquake|p2b: Chi-Yu|[spread] p2a,p2b\n|-supereffective|p2b: Chi-Yu\n|-damage|p2a: Flutter Mane|0 fnt\n|-damage|p2b: Chi-Yu|0 fnt\n|faint|p2a: Flutter Mane\n|-end|p2a: Flutter Mane|Protosynthesis|[silent]\n|faint|p2b: Chi-Yu\n|\n|upkeep\n|\n|t:|1681874524\n|switch|p2a: Rotom|Rotom-Wash, L50, shiny|100\/100\n|switch|p2b: Garchomp|Garchomp, L50, M|100\/100\n|switch|p1b: Amoonguss|Amoonguss, L50, M|100\/100\n|turn|3\n|\n|t:|1681874543\n|move|p2b: Garchomp|Protect|p2b: Garchomp\n|-singleturn|p2b: Garchomp|Protect\n|move|p2a: Rotom|Hydro Pump|p1a: Ting-Lu\n|-supereffective|p1a: Ting-Lu\n|-damage|p1a: Ting-Lu|0 fnt\n|faint|p1a: Ting-Lu\n|move|p1b: Amoonguss|Spore|p2b: Garchomp\n|-activate|p2b: Garchomp|move: Protect\n|\n|upkeep\n|\n|t:|1681874553\n|switch|p1a: Gholdengo|Gholdengo, L50|100\/100\n|turn|4\n|\n|t:|1681874564\n|move|p2a: Rotom|Helping Hand|p2b: Garchomp\n|-singleturn|p2b: Garchomp|Helping Hand|[of] p2a: Rotom\n|move|p2b: Garchomp|Earthquake|p1a: Gholdengo|[spread] p1a,p1b\n|-immune|p2a: Rotom|[from] ability: Levitate\n|-supereffective|p1a: Gholdengo\n|-damage|p1a: Gholdengo|0 fnt\n|-damage|p1b: Amoonguss|24\/100\n|-enditem|p1b: Amoonguss|Sitrus Berry|[eat]\n|-heal|p1b: Amoonguss|49\/100|[from] item: Sitrus Berry\n|faint|p1a: Gholdengo\n|-damage|p2b: Garchomp|91\/100|[from] item: Life Orb\n|move|p1b: Amoonguss|Spore|p2b: Garchomp\n|-status|p2b: Garchomp|slp|[from] move: Spore\n|\n|upkeep\n|turn|5\n|-message|Jasonvk forfeited.\n|\n|win|AnthonyL\n|raw|Jasonvk's rating: 1273 → 1251<\/strong> (-22 for losing)\n|raw|AnthonyL's rating: 1312 → 1330<\/strong> (+18 for winning)\n|l|\u2606Jasonvk\n","uploadtime":1681874591,"views":13,"p1id":"jasonvk","p2id":"anthonyl","formatid":"gen9vgc2023regulationc","rating":1251,"private":0,"password":""}