{"id":"gen9vgc2023regulationc-1852406444","p1":"ghostyboyy97","p2":"CrushRing","format":"[Gen 9] VGC 2023 Regulation C","log":"|j|\u2606ghostyboyy97\n|j|\u2606CrushRing\n|t:|1682553712\n|gametype|doubles\n|player|p1|ghostyboyy97|cameraman|1169\n|player|p2|CrushRing|karen|1114\n|teamsize|p1|6\n|teamsize|p2|6\n|gen|9\n|tier|[Gen 9] VGC 2023 Regulation C\n|rated|\n|rule|Species Clause: Limit one of each Pok\u00e9mon\n|rule|Item Clause: Limit one of each item\n|clearpoke\n|poke|p1|Gastrodon, L50, F|\n|poke|p1|Ceruledge, L50, F|\n|poke|p1|Glimmora, L50, M|\n|poke|p1|Grimmsnarl, L50, M|\n|poke|p1|Iron Hands, L50|\n|poke|p1|Wo-Chien, L50|\n|poke|p2|Dragonite, L50, M|\n|poke|p2|Grimmsnarl, L50, M|\n|poke|p2|Annihilape, L50, M|\n|poke|p2|Gothitelle, L50, M|\n|poke|p2|Grafaiai, L50, F|\n|poke|p2|Arboliva, L50, F|\n|teampreview|4\n|inactive|Battle timer is ON: inactive players will automatically lose when time's up. (requested by ghostyboyy97)\nghostyboyy97 has agreed to open team sheets.\n|c|\u2606ghostyboyy97|glhf\n|c|\u2606CrushRing|glhf\n|inactive|CrushRing has 60 seconds left.\n|\n|t:|1682553768\n|start\n|switch|p1a: Grimmsnarl|Grimmsnarl, L50, M|100\/100\n|switch|p1b: Glimmora|Glimmora, L50, M|100\/100\n|switch|p2a: Annihilape|Annihilape, L50, M|100\/100\n|switch|p2b: Grafaiai|Grafaiai, L50, F|100\/100\n|turn|1\n|inactive|CrushRing has 30 seconds left.\n|\n|t:|1682553802\n|move|p1a: Grimmsnarl|Fake Out|p2b: Grafaiai\n|-damage|p2b: Grafaiai|82\/100\n|cant|p2b: Grafaiai|flinch\n|move|p1b: Glimmora|Mortal Spin|p2a: Annihilape|[spread] p2a,p2b\n|-resisted|p2a: Annihilape\n|-resisted|p2b: Grafaiai\n|-damage|p2a: Annihilape|99\/100\n|-damage|p2b: Grafaiai|78\/100\n|-status|p2a: Annihilape|psn\n|-status|p2b: Grafaiai|psn\n|move|p2a: Annihilape|Focus Energy|p2a: Annihilape\n|-start|p2a: Annihilape|move: Focus Energy\n|\n|-damage|p2b: Grafaiai|66\/100 psn|[from] psn\n|-damage|p2a: Annihilape|87\/100 psn|[from] psn\n|upkeep\n|turn|2\n|\n|t:|1682553824\n|move|p1b: Glimmora|Spiky Shield|p1b: Glimmora\n|-singleturn|p1b: Glimmora|move: Protect\n|move|p1a: Grimmsnarl|Reflect|p1a: Grimmsnarl\n|-sidestart|p1: ghostyboyy97|Reflect\n|move|p2b: Grafaiai|Poison Fang|p1a: Grimmsnarl\n|-supereffective|p1a: Grimmsnarl\n|-damage|p1a: Grimmsnarl|73\/100\n|-status|p1a: Grimmsnarl|tox\n|move|p2a: Annihilape|Metronome|p2a: Annihilape\n|move|p2a: Annihilape|Flip Turn|p1b: Glimmora|[from]move: Metronome\n|-activate|p1b: Glimmora|move: Protect\n|-damage|p2a: Annihilape|74\/100 psn|[from] Spiky Shield|[of] p1b: Glimmora\n|\n|-damage|p2b: Grafaiai|53\/100 psn|[from] psn\n|-damage|p2a: Annihilape|62\/100 psn|[from] psn\n|-damage|p1a: Grimmsnarl|67\/100 tox|[from] psn\n|upkeep\n|turn|3\n|\n|t:|1682553845\n|switch|p2b: Gothitelle|Gothitelle, L50, M|100\/100\n|move|p2a: Annihilape|Protect|p2a: Annihilape\n|-singleturn|p2a: Annihilape|Protect\n|move|p1b: Glimmora|Power Gem|p2a: Annihilape\n|-activate|p2a: Annihilape|move: Protect\n|move|p1a: Grimmsnarl|Spirit Break|p2a: Annihilape\n|-activate|p2a: Annihilape|move: Protect\n|\n|-damage|p2a: Annihilape|49\/100 psn|[from] psn\n|-damage|p1a: Grimmsnarl|55\/100 tox|[from] psn\n|upkeep\n|turn|4\n|\n|t:|1682553864\n|move|p1b: Glimmora|Spiky Shield|p1b: Glimmora\n|-singleturn|p1b: Glimmora|move: Protect\n|move|p2b: Gothitelle|Fake Out|p1a: Grimmsnarl\n|-damage|p1a: Grimmsnarl|51\/100 tox\n|move|p2a: Annihilape|Drain Punch|p1a: Grimmsnarl\n|-crit|p1a: Grimmsnarl\n|-damage|p1a: Grimmsnarl|9\/100 tox\n|-heal|p2a: Annihilape|73\/100 psn|[from] drain|[of] p1a: Grimmsnarl\n|cant|p1a: Grimmsnarl|flinch\n|\n|-damage|p2a: Annihilape|60\/100 psn|[from] psn\n|-damage|p1a: Grimmsnarl|0 fnt|[from] psn\n|faint|p1a: Grimmsnarl\n|upkeep\n|\n|t:|1682553882\n|switch|p1a: Wo-Chien|Wo-Chien, L50|100\/100\n|-ability|p1a: Wo-Chien|Tablets of Ruin\n|turn|5\n|\n|t:|1682553895\n|move|p1a: Wo-Chien|Protect|p1a: Wo-Chien\n|-singleturn|p1a: Wo-Chien|Protect\n|move|p1b: Glimmora|Energy Ball|p2b: Gothitelle\n|-damage|p2b: Gothitelle|72\/100\n|move|p2a: Annihilape|Drain Punch|p1a: Wo-Chien\n|-activate|p1a: Wo-Chien|move: Protect\n|move|p2b: Gothitelle|Psychic|p1b: Glimmora\n|-supereffective|p1b: Glimmora\n|-damage|p1b: Glimmora|8\/100\n|\n|-damage|p2a: Annihilape|48\/100 psn|[from] psn\n|upkeep\n|turn|6\n|inactive|ghostyboyy97 has 30 seconds left.\n|inactive|ghostyboyy97 has 20 seconds left.\n|\n|t:|1682553931\n|-terastallize|p1a: Wo-Chien|Poison\n|move|p1b: Glimmora|Spiky Shield|p1b: Glimmora\n|-singleturn|p1b: Glimmora|move: Protect\n|move|p2a: Annihilape|Drain Punch|p1a: Wo-Chien\n|-resisted|p1a: Wo-Chien\n|-crit|p1a: Wo-Chien\n|-damage|p1a: Wo-Chien|85\/100\n|-heal|p2a: Annihilape|56\/100 psn|[from] drain|[of] p1a: Wo-Chien\n|-damage|p2a: Annihilape|39\/100 psn|[from] item: Rocky Helmet|[of] p1a: Wo-Chien\n|move|p1a: Wo-Chien|Leech Seed|p2a: Annihilape\n|-start|p2a: Annihilape|move: Leech Seed\n|move|p2b: Gothitelle|Psychic|p1b: Glimmora\n|-activate|p1b: Glimmora|move: Protect\n|\n|-damage|p2a: Annihilape|27\/100 psn|[from] Leech Seed|[of] p1a: Wo-Chien\n|-heal|p1a: Wo-Chien|97\/100|[silent]\n|-damage|p2a: Annihilape|14\/100 psn|[from] psn\n|upkeep\n|turn|7\n|inactive|ghostyboyy97 has 30 seconds left.\n|inactive|CrushRing has 30 seconds left.\n|\n|t:|1682553960\n|move|p1a: Wo-Chien|Protect|p1a: Wo-Chien\n|-singleturn|p1a: Wo-Chien|Protect\n|move|p1b: Glimmora|Power Gem|p2b: Gothitelle\n|-damage|p2b: Gothitelle|32\/100\n|move|p2a: Annihilape|Metronome|p2a: Annihilape\n|move|p2a: Annihilape|Aurora Beam|p1a: Wo-Chien|[from]move: Metronome\n|-activate|p1a: Wo-Chien|move: Protect\n|move|p2b: Gothitelle|Psychic|p1a: Wo-Chien\n|-activate|p1a: Wo-Chien|move: Protect\n|\n|-damage|p2a: Annihilape|2\/100 psn|[from] Leech Seed|[of] p1a: Wo-Chien\n|-heal|p1a: Wo-Chien|100\/100|[silent]\n|-damage|p2a: Annihilape|0 fnt|[from] psn\n|faint|p2a: Annihilape\n|upkeep\n|\n|t:|1682553979\n|switch|p2a: Grimmsnarl|Grimmsnarl, L50, M|100\/100\n|turn|8\n|\n|t:|1682554003\n|move|p1b: Glimmora|Spiky Shield|p1b: Glimmora\n|-singleturn|p1b: Glimmora|move: Protect\n|move|p2a: Grimmsnarl|Metronome|p2a: Grimmsnarl\n|move|p2a: Grimmsnarl|Reversal|p1b: Glimmora|[from]move: Metronome\n|-activate|p1b: Glimmora|move: Protect\n|-damage|p2a: Grimmsnarl|88\/100|[from] Spiky Shield|[of] p1b: Glimmora\n|move|p1a: Wo-Chien|Leech Seed|p2a: Grimmsnarl|[miss]\n|-miss|p1a: Wo-Chien|p2a: Grimmsnarl\n|move|p2b: Gothitelle|Psychic|p1a: Wo-Chien\n|-supereffective|p1a: Wo-Chien\n|-damage|p1a: Wo-Chien|68\/100\n|-unboost|p1a: Wo-Chien|spd|1\n|\n|upkeep\n|turn|9\n|inactive|CrushRing has 30 seconds left.\n|\n|t:|1682554031\n|switch|p1a: Ceruledge|Ceruledge, L50, F|100\/100\n|switch|p2a: Grafaiai|Grafaiai, L50, F|53\/100 psn\n|move|p1b: Glimmora|Mortal Spin|p2b: Gothitelle|[spread] p2a,p2b\n|-resisted|p2a: Grafaiai\n|-damage|p2a: Grafaiai|49\/100 psn\n|-damage|p2b: Gothitelle|27\/100\n|-status|p2b: Gothitelle|psn\n|move|p2b: Gothitelle|Psychic|p1a: Ceruledge\n|-damage|p1a: Ceruledge|66\/100\n|\n|-damage|p2a: Grafaiai|37\/100 psn|[from] psn\n|-damage|p2b: Gothitelle|15\/100 psn|[from] psn\n|-sideend|p1: ghostyboyy97|Reflect\n|upkeep\n|turn|10\n|inactive|ghostyboyy97 has 30 seconds left.\n|\n|t:|1682554061\n|move|p2a: Grafaiai|Toxic|p1a: Ceruledge\n|-status|p1a: Ceruledge|tox\n|move|p1a: Ceruledge|Shadow Sneak|p2b: Gothitelle|[miss]\n|-miss|p1a: Ceruledge|p2b: Gothitelle\n|move|p1b: Glimmora|Power Gem|p2a: Grafaiai\n|-damage|p2a: Grafaiai|0 fnt\n|faint|p2a: Grafaiai\n|move|p2b: Gothitelle|Metronome|p2b: Gothitelle\n|move|p2b: Gothitelle|Throat Chop|p1a: Ceruledge|[from]move: Metronome\n|-supereffective|p1a: Ceruledge\n|-damage|p1a: Ceruledge|41\/100 tox\n|-start|p1a: Ceruledge|Throat Chop|[silent]\n|\n|-damage|p1a: Ceruledge|35\/100 tox|[from] psn\n|-damage|p2b: Gothitelle|3\/100 psn|[from] psn\n|upkeep\n|\n|t:|1682554074\n|switch|p2a: Grimmsnarl|Grimmsnarl, L50, M|88\/100\n|turn|11\n|\n|t:|1682554089\n|-terastallize|p2a: Grimmsnarl|Steel\n|move|p1b: Glimmora|Spiky Shield|p1b: Glimmora\n|-singleturn|p1b: Glimmora|move: Protect\n|move|p1a: Ceruledge|Protect|p1a: Ceruledge\n|-singleturn|p1a: Ceruledge|Protect\n|move|p2a: Grimmsnarl|Metronome|p2a: Grimmsnarl\n|move|p2a: Grimmsnarl|Calm Mind|p2a: Grimmsnarl|[from]move: Metronome\n|-boost|p2a: Grimmsnarl|spa|1\n|-boost|p2a: Grimmsnarl|spd|1\n|move|p2b: Gothitelle|Psychic|p1b: Glimmora\n|-activate|p1b: Glimmora|move: Protect\n|\n|-damage|p1a: Ceruledge|23\/100 tox|[from] psn\n|-damage|p2b: Gothitelle|0 fnt|[from] psn\n|faint|p2b: Gothitelle\n|-end|p1a: Ceruledge|Throat Chop|[silent]\n|upkeep\n|turn|12\n|\n|t:|1682554106\n|move|p2a: Grimmsnarl|Metronome|p2a: Grimmsnarl\n|move|p2a: Grimmsnarl|Burning Jealousy|p1a: Ceruledge|[from]move: Metronome|[spread] p1b\n|-start|p1a: Ceruledge|ability: Flash Fire\n|-resisted|p1b: Glimmora\n|-damage|p1b: Glimmora|0 fnt\n|faint|p1b: Glimmora\n|move|p1a: Ceruledge|Bitter Blade|p2a: Grimmsnarl\n|-supereffective|p2a: Grimmsnarl\n|-damage|p2a: Grimmsnarl|0 fnt\n|-heal|p1a: Ceruledge|76\/100 tox|[from] drain|[of] p2a: Grimmsnarl\n|faint|p2a: Grimmsnarl\n|\n|win|ghostyboyy97\n|raw|ghostyboyy97's rating: 1169 → 1190<\/strong> (+21 for winning)\n|raw|CrushRing's rating: 1114 → 1093<\/strong> (-21 for losing)\n|c|\u2606ghostyboyy97|gg\n|c|\u2606CrushRing|gg\n|c|\u2606ghostyboyy97|wild team\n|l|\u2606CrushRing\n|c|\u2606ghostyboyy97|i like it lol\n","uploadtime":1682554121,"views":15,"p1id":"ghostyboyy97","p2id":"crushring","formatid":"gen9vgc2023regulationc","rating":1093,"private":0,"password":""}