{"id":"gen9vgc2023regulationc-1846475403","p1":"riddlingcrib","p2":"Mut-antVGC","format":"[Gen 9] VGC 2023 Regulation C","log":"|j|\u2606riddlingcrib\n|j|\u2606Mut-antVGC\n|t:|1681843937\n|gametype|doubles\n|player|p1|riddlingcrib|2|1441\n|player|p2|Mut-antVGC|psychic-lgpe|1579\n|teamsize|p1|6\n|teamsize|p2|6\n|gen|9\n|tier|[Gen 9] VGC 2023 Regulation C\n|rated|\n|rule|Species Clause: Limit one of each Pok\u00e9mon\n|rule|Item Clause: Limit one of each item\n|clearpoke\n|poke|p1|Palafin, L50, F|\n|poke|p1|Iron Hands, L50|\n|poke|p1|Amoonguss, L50, F|\n|poke|p1|Arcanine, L50, F|\n|poke|p1|Chien-Pao, L50|\n|poke|p1|Dragonite, L50, M|\n|poke|p2|Torkoal, L50, M|\n|poke|p2|Lilligant, L50, F|\n|poke|p2|Great Tusk, L50|\n|poke|p2|Talonflame, L50, F|\n|poke|p2|Flutter Mane, L50|\n|poke|p2|Iron Bundle, L50|\n|teampreview|4\nMut-antVGC has agreed to open team sheets.\nriddlingcrib has agreed to open team sheets.\n|inactive|Battle timer is ON: inactive players will automatically lose when time's up. (requested by riddlingcrib)\n|inactive|Mut-antVGC has 60 seconds left.\n|inactive|Mut-antVGC has 30 seconds left.\n|inactive|Mut-antVGC has 20 seconds left.\n|inactive|Mut-antVGC has 15 seconds left.\n|inactive|Mut-antVGC has 10 seconds left.\n|inactive|Mut-antVGC has 5 seconds left.\n|\n|t:|1681844087\n|start\n|switch|p1a: Iron Hands|Iron Hands, L50|100\/100\n|switch|p1b: Dragonite|Dragonite, L50, M|100\/100\n|switch|p2a: Torkoal|Torkoal, L50, M|100\/100\n|switch|p2b: Lilligant|Lilligant, L50, F|100\/100\n|-weather|SunnyDay|[from] ability: Drought|[of] p2a: Torkoal\n|turn|1\n|c|\u2606Mut-antVGC|what\n|c|\u2606Mut-antVGC|I didn't choose that lead\n|c|\u2606Mut-antVGC|I think i lagged\n|inactive|Mut-antVGC has 30 seconds left.\n|inactive|Mut-antVGC has 20 seconds left.\n|inactive|Mut-antVGC has 15 seconds left.\n|\n|t:|1681844128\n|move|p2b: Lilligant|Protect|p2b: Lilligant\n|-singleturn|p2b: Lilligant|Protect\n|move|p2a: Torkoal|Protect|p2a: Torkoal\n|-singleturn|p2a: Torkoal|Protect\n|move|p1a: Iron Hands|Fake Out|p2a: Torkoal\n|-activate|p2a: Torkoal|move: Protect\n|move|p1b: Dragonite|Dragon Dance|p1b: Dragonite\n|-boost|p1b: Dragonite|atk|1\n|-boost|p1b: Dragonite|spe|1\n|\n|-weather|SunnyDay|[upkeep]\n|upkeep\n|turn|2\n|inactive|Mut-antVGC has 30 seconds left.\n|\n|t:|1681844156\n|-terastallize|p1a: Iron Hands|Fire\n|move|p1b: Dragonite|Extreme Speed|p2a: Torkoal\n|-damage|p2a: Torkoal|69\/100\n|move|p2b: Lilligant|Sleep Powder|p1a: Iron Hands\n|-status|p1a: Iron Hands|slp|[from] move: Sleep Powder\n|cant|p1a: Iron Hands|slp\n|move|p2a: Torkoal|Earth Power|p1a: Iron Hands\n|-supereffective|p1a: Iron Hands\n|-damage|p1a: Iron Hands|73\/100 slp\n|\n|-weather|SunnyDay|[upkeep]\n|upkeep\n|turn|3\n|\n|t:|1681844178\n|move|p2a: Torkoal|Protect|p2a: Torkoal\n|-singleturn|p2a: Torkoal|Protect\n|move|p1b: Dragonite|Extreme Speed|p2b: Lilligant\n|-damage|p2b: Lilligant|32\/100\n|move|p2b: Lilligant|Sleep Powder|p1b: Dragonite\n|-status|p1b: Dragonite|slp|[from] move: Sleep Powder\n|-enditem|p1b: Dragonite|Lum Berry|[eat]\n|-curestatus|p1b: Dragonite|slp|[msg]\n|cant|p1a: Iron Hands|slp\n|\n|-weather|SunnyDay|[upkeep]\n|upkeep\n|turn|4\n|\n|t:|1681844191\n|switch|p2a: Talonflame|Talonflame, L50, F|100\/100\n|move|p2b: Lilligant|Protect|p2b: Lilligant\n|-singleturn|p2b: Lilligant|Protect\n|move|p1b: Dragonite|Stomping Tantrum|p2a: Talonflame\n|-immune|p2a: Talonflame\n|-curestatus|p1a: Iron Hands|slp|[msg]\n|move|p1a: Iron Hands|Drain Punch|p2a: Talonflame\n|-resisted|p2a: Talonflame\n|-damage|p2a: Talonflame|68\/100\n|-heal|p1a: Iron Hands|83\/100|[from] drain|[of] p2a: Talonflame\n|\n|-weather|SunnyDay|[upkeep]\n|upkeep\n|turn|5\n|\n|t:|1681844206\n|move|p2a: Talonflame|Quick Guard|p2a: Talonflame\n|-singleturn|p2a: Talonflame|Quick Guard\n|move|p1b: Dragonite|Extreme Speed|p2b: Lilligant\n|-activate|p2b: Lilligant|move: Quick Guard\n|move|p2b: Lilligant|Sleep Powder|p1b: Dragonite\n|-status|p1b: Dragonite|slp|[from] move: Sleep Powder\n|move|p1a: Iron Hands|Wild Charge|p2a: Talonflame\n|-supereffective|p2a: Talonflame\n|-damage|p2a: Talonflame|0 fnt\n|faint|p2a: Talonflame\n|-damage|p1a: Iron Hands|72\/100|[from] Recoil\n|\n|-weather|none\n|upkeep\n|\n|t:|1681844219\n|switch|p2a: Torkoal|Torkoal, L50, M|69\/100\n|-weather|SunnyDay|[from] ability: Drought|[of] p2a: Torkoal\n|turn|6\n|\n|t:|1681844230\n|-terastallize|p2a: Torkoal|Fire\n|cant|p1b: Dragonite|slp\n|move|p2b: Lilligant|After You|p2a: Torkoal\n|-activate|p2a: Torkoal|move: After You\n|move|p2a: Torkoal|Eruption|p1b: Dragonite|[spread] p1a,p1b\n|-resisted|p1a: Iron Hands\n|-resisted|p1b: Dragonite\n|-damage|p1a: Iron Hands|50\/100\n|-damage|p1b: Dragonite|60\/100 slp\n|move|p1a: Iron Hands|Drain Punch|p2a: Torkoal\n|-damage|p2a: Torkoal|37\/100\n|-heal|p1a: Iron Hands|62\/100|[from] drain|[of] p2a: Torkoal\n|\n|-weather|SunnyDay|[upkeep]\n|upkeep\n|turn|7\n|\n|t:|1681844249\n|cant|p1b: Dragonite|slp\n|move|p2b: Lilligant|Sleep Powder|p1a: Iron Hands|[miss]\n|-miss|p2b: Lilligant|p1a: Iron Hands\n|move|p1a: Iron Hands|Drain Punch|p2a: Torkoal\n|-damage|p2a: Torkoal|7\/100\n|-heal|p1a: Iron Hands|73\/100|[from] drain|[of] p2a: Torkoal\n|move|p2a: Torkoal|Heat Wave|p1a: Iron Hands|[spread] p1a\n|-miss|p2a: Torkoal|p1b: Dragonite\n|-resisted|p1a: Iron Hands\n|-damage|p1a: Iron Hands|54\/100\n|\n|-weather|SunnyDay|[upkeep]\n|upkeep\n|turn|8\n|c|\u2606Mut-antVGC|ye ggs lagged at team select\n|-message|Mut-antVGC forfeited.\n|\n|win|riddlingcrib\n|raw|riddlingcrib's rating: 1441 → 1469<\/strong> (+28 for winning)\n|raw|Mut-antVGC's rating: 1579 → 1551<\/strong> (-28 for losing)\n|l|\u2606Mut-antVGC\n","uploadtime":1681844276,"views":8,"p1id":"riddlingcrib","p2id":"mutantvgc","formatid":"gen9vgc2023regulationc","rating":1469,"private":0,"password":""}