{"id":"gen9vgc2023regulationc-1848995160","p1":"andre (carente)","p2":"Kirizoaro","format":"[Gen 9] VGC 2023 Regulation C","log":"|j|\u2606andre (carente)\n|j|\u2606Kirizoaro\n|t:|1682136178\n|gametype|doubles\n|player|p1|andre (carente)|2|1161\n|player|p2|Kirizoaro|lance|1127\n|teamsize|p1|6\n|teamsize|p2|6\n|gen|9\n|tier|[Gen 9] VGC 2023 Regulation C\n|rated|\n|rule|Species Clause: Limit one of each Pok\u00e9mon\n|rule|Item Clause: Limit one of each item\n|clearpoke\n|poke|p1|Flutter Mane, L50|\n|poke|p1|Iron Hands, L50|\n|poke|p1|Iron Bundle, L50|\n|poke|p1|Amoonguss, L50, M|\n|poke|p1|Arcanine, L50, M|\n|poke|p1|Garchomp, L50, F|\n|poke|p2|Dondozo, L50, M|\n|poke|p2|Tatsugiri-Stretchy, L50, F|\n|poke|p2|Chi-Yu, L50|\n|poke|p2|Flutter Mane, L50|\n|poke|p2|Dragonite, L50, F|\n|poke|p2|Glimmora, L50, M|\n|teampreview|4\n|\n|t:|1682136213\n|start\n|switch|p1a: Flutter Mane|Flutter Mane, L50|100\/100\n|switch|p1b: Iron Hands|Iron Hands, L50|100\/100\n|switch|p2a: Dondozo|Dondozo, L50, M|100\/100\n|switch|p2b: Glimmora|Glimmora, L50, M|100\/100\n|turn|1\n|\n|t:|1682136239\n|move|p2b: Glimmora|Spiky Shield|p2b: Glimmora\n|-singleturn|p2b: Glimmora|move: Protect\n|move|p1a: Flutter Mane|Shadow Ball|p2b: Glimmora\n|-activate|p2b: Glimmora|move: Protect\n|move|p1b: Iron Hands|Stomping Tantrum|p2b: Glimmora\n|-activate|p2b: Glimmora|move: Protect\n|-damage|p1b: Iron Hands|88\/100|[from] Spiky Shield|[of] p2b: Glimmora\n|move|p2a: Dondozo|Bulldoze|p1a: Flutter Mane|[spread] p1a,p1b\n|-activate|p2b: Glimmora|move: Protect\n|-supereffective|p1b: Iron Hands\n|-damage|p1a: Flutter Mane|76\/100\n|-damage|p1b: Iron Hands|72\/100\n|-unboost|p1a: Flutter Mane|spe|1\n|-unboost|p1b: Iron Hands|spe|1\n|\n|upkeep\n|turn|2\n|\n|t:|1682136261\n|-terastallize|p1b: Iron Hands|Grass\n|move|p2b: Glimmora|Earth Power|p1b: Iron Hands\n|-resisted|p1b: Iron Hands\n|-crit|p1b: Iron Hands\n|-damage|p1b: Iron Hands|61\/100\n|move|p1a: Flutter Mane|Shadow Ball|p2b: Glimmora\n|-damage|p2b: Glimmora|47\/100\n|move|p2a: Dondozo|Yawn|p1a: Flutter Mane\n|-start|p1a: Flutter Mane|move: Yawn|[of] p2a: Dondozo\n|move|p1b: Iron Hands|Stomping Tantrum|p2b: Glimmora\n|-supereffective|p2b: Glimmora\n|-damage|p2b: Glimmora|0 fnt\n|-activate|p2b: Glimmora|ability: Toxic Debris\n|-sidestart|p1: andre (carente)|move: Toxic Spikes\n|faint|p2b: Glimmora\n|\n|upkeep\n|\n|t:|1682136273\n|switch|p2b: Flutter Mane|Flutter Mane, L50|100\/100\n|-enditem|p2b: Flutter Mane|Booster Energy\n|-activate|p2b: Flutter Mane|ability: Protosynthesis|[fromitem]\n|-start|p2b: Flutter Mane|protosynthesisspe\n|turn|3\n|\n|t:|1682136283\n|-end|p1a: Flutter Mane|Protosynthesis|[silent]\n|switch|p1a: Amoonguss|Amoonguss, L50, M|100\/100\n|-sideend|p1: andre (carente)|move: Toxic Spikes|[of] p1a: Amoonguss\n|move|p2b: Flutter Mane|Protect|p2b: Flutter Mane\n|-singleturn|p2b: Flutter Mane|Protect\n|move|p2a: Dondozo|Bulldoze|p1b: Iron Hands|[spread] p1a,p1b\n|-activate|p2b: Flutter Mane|move: Protect\n|-crit|p1a: Amoonguss\n|-resisted|p1b: Iron Hands\n|-damage|p1a: Amoonguss|89\/100\n|-damage|p1b: Iron Hands|57\/100\n|-unboost|p1a: Amoonguss|spe|1\n|-unboost|p1b: Iron Hands|spe|1\n|move|p1b: Iron Hands|Wild Charge|p2a: Dondozo\n|-supereffective|p2a: Dondozo\n|-damage|p2a: Dondozo|39\/100\n|-enditem|p2a: Dondozo|Sitrus Berry|[eat]\n|-heal|p2a: Dondozo|64\/100|[from] item: Sitrus Berry\n|-damage|p1b: Iron Hands|41\/100|[from] Recoil\n|\n|upkeep\n|turn|4\n|\n|t:|1682136306\n|move|p2b: Flutter Mane|Substitute|p2b: Flutter Mane\n|-start|p2b: Flutter Mane|Substitute\n|-damage|p2b: Flutter Mane|76\/100\n|move|p2a: Dondozo|Wave Crash|p1b: Iron Hands\n|-resisted|p1b: Iron Hands\n|-damage|p1b: Iron Hands|27\/100\n|-damage|p2a: Dondozo|59\/100|[from] Recoil\n|move|p1b: Iron Hands|Wild Charge|p2a: Dondozo\n|-supereffective|p2a: Dondozo\n|-damage|p2a: Dondozo|0 fnt\n|faint|p2a: Dondozo\n|-damage|p1b: Iron Hands|11\/100|[from] Recoil\n|move|p1a: Amoonguss|Spore||[still]\n|-fail|p1a: Amoonguss\n|\n|upkeep\n|\n|t:|1682136318\n|switch|p2a: Chi-Yu|Chi-Yu, L50|100\/100\n|-ability|p2a: Chi-Yu|Beads of Ruin\n|turn|5\n|\n|t:|1682136356\n|-terastallize|p2a: Chi-Yu|Grass\n|move|p2b: Flutter Mane|Protect|p2b: Flutter Mane\n|-singleturn|p2b: Flutter Mane|Protect\n|move|p2a: Chi-Yu|Flamethrower|p1a: Amoonguss\n|-supereffective|p1a: Amoonguss\n|-damage|p1a: Amoonguss|0 fnt\n|faint|p1a: Amoonguss\n|move|p1b: Iron Hands|Drain Punch|p2a: Chi-Yu\n|-damage|p2a: Chi-Yu|44\/100\n|-heal|p1b: Iron Hands|30\/100|[from] drain|[of] p2a: Chi-Yu\n|\n|upkeep\n|\n|t:|1682136368\n|switch|p1a: Flutter Mane|Flutter Mane, L50|76\/100\n|turn|6\n|\n|t:|1682136379\n|move|p2a: Chi-Yu|Protect|p2a: Chi-Yu\n|-singleturn|p2a: Chi-Yu|Protect\n|move|p2b: Flutter Mane|Moonblast|p1b: Iron Hands\n|-damage|p1b: Iron Hands|0 fnt\n|faint|p1b: Iron Hands\n|-end|p1b: Iron Hands|Quark Drive|[silent]\n|move|p1a: Flutter Mane|Shadow Ball|p2b: Flutter Mane\n|-supereffective|p2b: Flutter Mane\n|-end|p2b: Flutter Mane|Substitute\n|\n|upkeep\n|\n|t:|1682136389\n|switch|p1b: Garchomp|Garchomp, L50, F|100\/100\n|turn|7\n|\n|t:|1682136403\n|move|p2b: Flutter Mane|Hex|p1a: Flutter Mane\n|-supereffective|p1a: Flutter Mane\n|-damage|p1a: Flutter Mane|0 fnt\n|faint|p1a: Flutter Mane\n|-end|p1a: Flutter Mane|Protosynthesis|[silent]\n|move|p1b: Garchomp|Rock Slide|p2b: Flutter Mane|[spread] p2a,p2b\n|-damage|p2a: Chi-Yu|9\/100\n|-damage|p2b: Flutter Mane|23\/100\n|-damage|p1b: Garchomp|91\/100|[from] item: Life Orb\n|move|p2a: Chi-Yu|Tera Blast|p1b: Garchomp\n|-damage|p1b: Garchomp|22\/100\n|\n|upkeep\n|turn|8\n|\n|t:|1682136416\n|move|p2b: Flutter Mane|Moonblast|p1b: Garchomp\n|-supereffective|p1b: Garchomp\n|-damage|p1b: Garchomp|0 fnt\n|faint|p1b: Garchomp\n|\n|win|Kirizoaro\n|raw|andre (carente)'s rating: 1161 → 1134<\/strong> (-27 for losing)\n|raw|Kirizoaro's rating: 1127 → 1154<\/strong> (+27 for winning)\n|l|\u2606andre (carente)\n","uploadtime":1682136421,"views":11,"p1id":"andrecarente","p2id":"kirizoaro","formatid":"gen9vgc2023regulationc","rating":1134,"private":0,"password":""}