{"id":"gen9vgc2023regulationc-1846198723","p1":"keonspy","p2":"LangaBaroloVGC","format":"[Gen 9] VGC 2023 Regulation C","log":"|j|\u2606keonspy\n|j|\u2606LangaBaroloVGC\n|t:|1681820288\n|gametype|doubles\n|player|p1|keonspy|265|1117\n|player|p2|LangaBaroloVGC|1|1135\n|teamsize|p1|6\n|teamsize|p2|6\n|gen|9\n|tier|[Gen 9] VGC 2023 Regulation C\n|rated|\n|rule|Species Clause: Limit one of each Pok\u00e9mon\n|rule|Item Clause: Limit one of each item\n|clearpoke\n|poke|p1|Stantler, L50, F|\n|poke|p1|Annihilape, L50, F|\n|poke|p1|Wigglytuff, L50, M|\n|poke|p1|Maushold-Four, L50|\n|poke|p1|Ting-Lu, L50|\n|poke|p1|Gardevoir, L50, M|\n|poke|p2|Chien-Pao, L50|\n|poke|p2|Flutter Mane, L50|\n|poke|p2|Dragapult, L50, M|\n|poke|p2|Palafin, L50, M|\n|poke|p2|Arcanine, L50, M|\n|poke|p2|Amoonguss, L50, M|\n|teampreview|4\n|inactive|Battle timer is ON: inactive players will automatically lose when time's up. (requested by keonspy)\nLangaBaroloVGC has agreed to open team sheets.\nkeonspy rejected open team sheets.\n|inactive|LangaBaroloVGC has 60 seconds left.\n|\n|t:|1681820327\n|start\n|switch|p1a: Baars|Stantler, L50, F|100\/100\n|switch|p1b: Dura|Annihilape, L50, F|100\/100\n|switch|p2a: Flutter Mane|Flutter Mane, L50|100\/100\n|switch|p2b: Palafin|Palafin, L50, M|100\/100\n|-ability|p1a: Baars|Intimidate|boost\n|-unboost|p2a: Flutter Mane|atk|1\n|-unboost|p2b: Palafin|atk|1\n|-enditem|p2a: Flutter Mane|Booster Energy\n|-activate|p2a: Flutter Mane|ability: Protosynthesis|[fromitem]\n|-start|p2a: Flutter Mane|protosynthesisspa\n|turn|1\n|inactive|LangaBaroloVGC has 30 seconds left.\n|inactive|keonspy has 30 seconds left.\n|inactive|LangaBaroloVGC has 20 seconds left.\n|inactive|LangaBaroloVGC has 15 seconds left.\n|\n|t:|1681820370\n|detailschange|p2b: Palafin|Palafin-Hero, L50, M\n|switch|p2b: Dragapult|Dragapult, L50, M|100\/100\n|-terastallize|p1b: Dura|Fire\n|move|p2a: Flutter Mane|Dazzling Gleam|p1a: Baars|[spread] p1a,p1b\n|-resisted|p1b: Dura\n|-crit|p1b: Dura\n|-damage|p1a: Baars|73\/100\n|-damage|p1b: Dura|75\/100\n|move|p1b: Dura|Rage Fist|p2a: Flutter Mane\n|-supereffective|p2a: Flutter Mane\n|-damage|p2a: Flutter Mane|0 fnt\n|faint|p2a: Flutter Mane\n|-end|p2a: Flutter Mane|Protosynthesis|[silent]\n|move|p1a: Baars|Trick Room|p1a: Baars\n|-fieldstart|move: Trick Room|[of] p1a: Baars\n|\n|-heal|p1b: Dura|81\/100|[from] item: Leftovers\n|upkeep\n|\n|t:|1681820385\n|switch|p2a: Palafin|Palafin-Hero, L50, M|100\/100\n|-activate|p2a: Palafin|ability: Zero to Hero\n|turn|2\n|\n|t:|1681820407\n|-terastallize|p2b: Dragapult|Steel\n|move|p2a: Palafin|Jet Punch|p1b: Dura\n|-supereffective|p1b: Dura\n|-damage|p1b: Dura|0 fnt\n|faint|p1b: Dura\n|move|p1a: Baars|Skill Swap|p2b: Dragapult\n|-activate|p1a: Baars|move: Skill Swap|Clear Body|Intimidate|[of] p2b: Dragapult\n|-ability|p2b: Dragapult|Intimidate|boost\n|-fail|p1a: Baars|unboost|[from] ability: Clear Body|[of] p1a: Baars\n|move|p2b: Dragapult|Dragon Darts|p1a: Baars\n|-damage|p1a: Baars|40\/100\n|-anim|p2b: Dragapult|Dragon Darts|p1a: Baars\n|-damage|p1a: Baars|4\/100\n|\n|upkeep\n|\n|t:|1681820420\n|switch|p1b: Ting-Lu|Ting-Lu, L50|100\/100\n|-ability|p1b: Ting-Lu|Vessel of Ruin\n|turn|3\n|\n|t:|1681820437\n|switch|p2b: Chien-Pao|Chien-Pao, L50|100\/100\n|-ability|p2b: Chien-Pao|Sword of Ruin\n|move|p2a: Palafin|Jet Punch|p1a: Baars\n|-damage|p1a: Baars|0 fnt\n|faint|p1a: Baars\n|move|p1b: Ting-Lu|Earthquake|p2a: Palafin|[spread] p2a,p2b\n|-damage|p2a: Palafin|37\/100\n|-damage|p2b: Chien-Pao|24\/100\n|\n|upkeep\n|\n|t:|1681820446\n|switch|p1a: Gardevoir|Gardevoir, L50, M|100\/100\n|turn|4\n|inactive|LangaBaroloVGC has 30 seconds left.\n|inactive|LangaBaroloVGC has 20 seconds left.\n|inactive|LangaBaroloVGC has 15 seconds left.\n|\n|t:|1681820490\n|move|p1a: Gardevoir|Helping Hand|p1b: Ting-Lu\n|-singleturn|p1b: Ting-Lu|Helping Hand|[of] p1a: Gardevoir\n|move|p2b: Chien-Pao|Protect|p2b: Chien-Pao\n|-singleturn|p2b: Chien-Pao|Protect\n|move|p2a: Palafin|Jet Punch|p1b: Ting-Lu\n|-supereffective|p1b: Ting-Lu\n|-damage|p1b: Ting-Lu|28\/100\n|move|p1b: Ting-Lu|Earthquake|p2a: Palafin|[spread] p2a\n|-activate|p2b: Chien-Pao|move: Protect\n|-activate|p1a: Gardevoir|ability: Telepathy\n|-damage|p2a: Palafin|0 fnt\n|faint|p2a: Palafin\n|\n|upkeep\n|\n|t:|1681820501\n|switch|p2a: Dragapult|Dragapult, L50, M, tera:Steel|100\/100\n|turn|5\n|\n|t:|1681820514\n|move|p2b: Chien-Pao|Sucker Punch|p1b: Ting-Lu\n|-resisted|p1b: Ting-Lu\n|-damage|p1b: Ting-Lu|14\/100\n|move|p1b: Ting-Lu|Earthquake|p2a: Dragapult|[spread] p2a,p2b\n|-activate|p1a: Gardevoir|ability: Telepathy\n|-supereffective|p2a: Dragapult\n|-damage|p2a: Dragapult|0 fnt\n|-damage|p2b: Chien-Pao|0 fnt\n|faint|p2a: Dragapult\n|faint|p2b: Chien-Pao\n|\n|win|keonspy\n|raw|keonspy's rating: 1117 → 1143<\/strong> (+26 for winning)\n|raw|LangaBaroloVGC's rating: 1135 → 1109<\/strong> (-26 for losing)\n|l|\u2606LangaBaroloVGC\n","uploadtime":1681820525,"views":7,"p1id":"keonspy","p2id":"langabarolovgc","formatid":"gen9vgc2023regulationc","rating":1109,"private":0,"password":""}