{"id":"gen9vgc2023regulationc-1852311025","p1":"Alexis_student","p2":"ErPako","format":"[Gen 9] VGC 2023 Regulation C","log":"|j|\u2606Alexis_student\n|j|\u2606ErPako\n|t:|1682542665\n|gametype|doubles\n|player|p1|Alexis_student|2|1257\n|player|p2|ErPako|blaine|1363\n|teamsize|p1|6\n|teamsize|p2|6\n|gen|9\n|tier|[Gen 9] VGC 2023 Regulation C\n|rated|\n|rule|Species Clause: Limit one of each Pok\u00e9mon\n|rule|Item Clause: Limit one of each item\n|clearpoke\n|poke|p1|Dragonite, L50, F|\n|poke|p1|Flutter Mane, L50|\n|poke|p1|Corviknight, L50, F|\n|poke|p1|Amoonguss, L50, M|\n|poke|p1|Iron Bundle, L50|\n|poke|p1|Chi-Yu, L50|\n|poke|p2|Orthworm, L50, F|\n|poke|p2|Ting-Lu, L50|\n|poke|p2|Gyarados, L50, F|\n|poke|p2|Flutter Mane, L50|\n|poke|p2|Dragonite, L50, M|\n|poke|p2|Amoonguss, L50, F|\n|teampreview|4\nErPako has agreed to open team sheets.\n|j| MisterSiringo\n|\n|t:|1682542703\n|start\n|switch|p1a: Captain Holt|Corviknight, L50, F, shiny|100\/100\n|switch|p1b: Iron Bundle|Iron Bundle, L50|100\/100\n|switch|p2a: ErPesceGigante|Gyarados, L50, F, shiny|100\/100\n|switch|p2b: ErCarroArmato|Ting-Lu, L50|100\/100\n|-ability|p2a: ErPesceGigante|Intimidate|boost\n|-ability|p1a: Captain Holt|Mirror Armor\n|-unboost|p2a: ErPesceGigante|atk|1\n|-unboost|p1b: Iron Bundle|atk|1\n|-ability|p2b: ErCarroArmato|Vessel of Ruin\n|-enditem|p1b: Iron Bundle|Booster Energy\n|-activate|p1b: Iron Bundle|ability: Quark Drive|[fromitem]\n|-start|p1b: Iron Bundle|quarkdrivespe\n|turn|1\n|\n|t:|1682542730\n|move|p2a: ErPesceGigante|Protect|p2a: ErPesceGigante\n|-singleturn|p2a: ErPesceGigante|Protect\n|move|p1b: Iron Bundle|Freeze-Dry|p2a: ErPesceGigante\n|-activate|p2a: ErPesceGigante|move: Protect\n|move|p1a: Captain Holt|Bulk Up|p1a: Captain Holt\n|-boost|p1a: Captain Holt|atk|1\n|-boost|p1a: Captain Holt|def|1\n|move|p2b: ErCarroArmato|Heavy Slam|p1b: Iron Bundle\n|-damage|p1b: Iron Bundle|57\/100\n|\n|upkeep\n|turn|2\n|\n|t:|1682542753\n|switch|p2a: MagariShotti|Flutter Mane, L50, shiny|100\/100\n|move|p1b: Iron Bundle|Freeze-Dry|p2a: MagariShotti\n|-damage|p2a: MagariShotti|72\/100\n|move|p1a: Captain Holt|Bulk Up|p1a: Captain Holt\n|-boost|p1a: Captain Holt|atk|1\n|-boost|p1a: Captain Holt|def|1\n|move|p2b: ErCarroArmato|Heavy Slam|p1b: Iron Bundle\n|-damage|p1b: Iron Bundle|11\/100\n|\n|upkeep\n|turn|3\n|\n|t:|1682542787\n|-terastallize|p2b: ErCarroArmato|Poison\n|move|p1b: Iron Bundle|Icy Wind|p2b: ErCarroArmato|[spread] p2a,p2b\n|-damage|p2a: MagariShotti|57\/100\n|-damage|p2b: ErCarroArmato|94\/100\n|-unboost|p2a: MagariShotti|spe|1\n|-unboost|p2b: ErCarroArmato|spe|1\n|move|p2a: MagariShotti|Shadow Ball|p1a: Captain Holt\n|-damage|p1a: Captain Holt|59\/100\n|move|p1a: Captain Holt|Tailwind|p1a: Captain Holt\n|-sidestart|p1: Alexis_student|move: Tailwind\n|move|p2b: ErCarroArmato|Heavy Slam|p1b: Iron Bundle\n|-damage|p1b: Iron Bundle|0 fnt\n|faint|p1b: Iron Bundle\n|-end|p1b: Iron Bundle|Quark Drive|[silent]\n|\n|upkeep\n|\n|t:|1682542818\n|switch|p1b: Amoonguss|Amoonguss, L50, M|100\/100\n|turn|4\n|\n|t:|1682542864\n|-end|p2a: MagariShotti|Protosynthesis|[silent]\n|switch|p2a: Paolo|Dragonite, L50, M|100\/100\n|move|p1a: Captain Holt|Brave Bird|p2a: Paolo\n|-damage|p2a: Paolo|59\/100\n|-damage|p1a: Captain Holt|47\/100|[from] Recoil\n|move|p1b: Amoonguss|Spore|p2b: ErCarroArmato\n|-status|p2b: ErCarroArmato|slp|[from] move: Spore\n|cant|p2b: ErCarroArmato|slp\n|\n|upkeep\n|turn|5\n|\n|t:|1682542887\n|move|p1a: Captain Holt|Roost|p1a: Captain Holt\n|-heal|p1a: Captain Holt|97\/100\n|-singleturn|p1a: Captain Holt|move: Roost\n|move|p2a: Paolo|Rock Slide|p1b: Amoonguss|[spread] \n|-miss|p2a: Paolo|p1a: Captain Holt\n|-miss|p2a: Paolo|p1b: Amoonguss\n|move|p1b: Amoonguss|Spore|p2a: Paolo\n|-status|p2a: Paolo|slp|[from] move: Spore\n|-enditem|p2a: Paolo|Lum Berry|[eat]\n|-curestatus|p2a: Paolo|slp|[msg]\n|-curestatus|p2b: ErCarroArmato|slp|[msg]\n|move|p2b: ErCarroArmato|Ruination|p1a: Captain Holt\n|-damage|p1a: Captain Holt|49\/100\n|\n|upkeep\n|turn|6\n|\n|t:|1682542915\n|move|p1a: Captain Holt|Brave Bird|p2a: Paolo\n|-damage|p2a: Paolo|0 fnt\n|faint|p2a: Paolo\n|-damage|p1a: Captain Holt|32\/100|[from] Recoil\n|move|p1b: Amoonguss|Pollen Puff|p1a: Captain Holt\n|-heal|p1a: Captain Holt|82\/100\n|move|p2b: ErCarroArmato|Ruination|p1a: Captain Holt|[miss]\n|-miss|p2b: ErCarroArmato|p1a: Captain Holt\n|\n|-sideend|p1: Alexis_student|move: Tailwind\n|upkeep\n|-message|ErPako forfeited.\n|\n|win|Alexis_student\n|raw|Alexis_student's rating: 1257 → 1289<\/strong> (+32 for winning)\n|raw|ErPako's rating: 1363 → 1337<\/strong> (-26 for losing)\n|l|\u2606ErPako\n","uploadtime":1682542932,"views":6,"p1id":"alexisstudent","p2id":"erpako","formatid":"gen9vgc2023regulationc","rating":1289,"private":0,"password":""}