{"id":"gen9vgc2023regulationc-1856766352","p1":"Ema23","p2":"TommeeVGC","format":"[Gen 9] VGC 2023 Regulation C","log":"|j|\u2606Ema23\n|j|\u2606TommeeVGC\n|t:|1683108125\n|gametype|doubles\n|player|p1|Ema23|ltsurge|1092\n|player|p2|TommeeVGC|ethan|1144\n|teamsize|p1|6\n|teamsize|p2|6\n|gen|9\n|tier|[Gen 9] VGC 2023 Regulation C\n|rated|\n|rule|Species Clause: Limit one of each Pok\u00e9mon\n|rule|Item Clause: Limit one of each item\n|clearpoke\n|poke|p1|Wo-Chien, L50|\n|poke|p1|Gyarados, L50, F|\n|poke|p1|Volcarona, L50, F|\n|poke|p1|Maushold, L50|\n|poke|p1|Glimmora, L50, F|\n|poke|p1|Kingambit, L50, F|\n|poke|p2|Murkrow, L50, F|\n|poke|p2|Chien-Pao, L50|\n|poke|p2|Great Tusk, L50|\n|poke|p2|Flutter Mane, L50|\n|poke|p2|Kingambit, L50, M|\n|poke|p2|Torkoal, L50, M|\n|teampreview|4\n|inactive|Battle timer is ON: inactive players will automatically lose when time's up. (requested by Ema23)\n|inactive|TommeeVGC has 60 seconds left.\n|\n|t:|1683108169\n|start\n|switch|p1a: Glimmora|Glimmora, L50, F|100\/100\n|switch|p1b: Gyarados|Gyarados, L50, F|100\/100\n|switch|p2a: Kingambit|Kingambit, L50, M|100\/100\n|switch|p2b: Torkoal|Torkoal, L50, M|100\/100\n|-ability|p1b: Gyarados|Intimidate|boost\n|-unboost|p2a: Kingambit|atk|1\n|-ability|p2a: Kingambit|Defiant|boost\n|-boost|p2a: Kingambit|atk|2\n|-unboost|p2b: Torkoal|atk|1\n|-weather|SunnyDay|[from] ability: Drought|[of] p2b: Torkoal\n|turn|1\n|inactive|Ema23 has 30 seconds left.\n|inactive|TommeeVGC has 30 seconds left.\n|\n|t:|1683108204\n|move|p1b: Gyarados|Thunder Wave|p2a: Kingambit|[miss]\n|-miss|p1b: Gyarados|p2a: Kingambit\n|move|p1a: Glimmora|Power Gem|p2b: Torkoal\n|-supereffective|p2b: Torkoal\n|-damage|p2b: Torkoal|15\/100\n|move|p2a: Kingambit|Kowtow Cleave|p1b: Gyarados\n|-damage|p1b: Gyarados|30\/100\n|move|p2b: Torkoal|Earth Power|p1a: Glimmora\n|-supereffective|p1a: Glimmora\n|-damage|p1a: Glimmora|42\/100\n|\n|-weather|SunnyDay|[upkeep]\n|upkeep\n|turn|2\n|inactive|TommeeVGC has 30 seconds left.\n|\n|t:|1683108235\n|switch|p1b: Kingambit|Kingambit, L50, F|100\/100\n|move|p2a: Kingambit|Sucker Punch||[still]\n|-fail|p2a: Kingambit\n|move|p1a: Glimmora|Earth Power|p2a: Kingambit\n|-supereffective|p2a: Kingambit\n|-crit|p2a: Kingambit\n|-damage|p2a: Kingambit|43\/100\n|move|p2b: Torkoal|Heat Wave|p1a: Glimmora|[spread] p1a,p1b\n|-resisted|p1a: Glimmora\n|-supereffective|p1b: Kingambit\n|-damage|p1a: Glimmora|26\/100\n|-damage|p1b: Kingambit|22\/100\n|-status|p1a: Glimmora|brn\n|\n|-weather|SunnyDay|[upkeep]\n|-damage|p1a: Glimmora|20\/100 brn|[from] brn\n|upkeep\n|turn|3\n|\n|t:|1683108259\n|move|p2a: Kingambit|Sucker Punch|p1b: Kingambit\n|-resisted|p1b: Kingambit\n|-damage|p1b: Kingambit|0 fnt\n|faint|p1b: Kingambit\n|move|p1a: Glimmora|Earth Power|p2a: Kingambit\n|-supereffective|p2a: Kingambit\n|-damage|p2a: Kingambit|4\/100\n|move|p2b: Torkoal|Heat Wave|p1a: Glimmora\n|-resisted|p1a: Glimmora\n|-damage|p1a: Glimmora|0 fnt\n|faint|p1a: Glimmora\n|\n|-weather|SunnyDay|[upkeep]\n|upkeep\n|\n|t:|1683108270\n|switch|p1a: Volcarona|Volcarona, L50, F|100\/100\n|switch|p1b: Gyarados|Gyarados, L50, F|30\/100\n|-ability|p1b: Gyarados|Intimidate|boost\n|-unboost|p2a: Kingambit|atk|1\n|-ability|p2a: Kingambit|Defiant|boost\n|-boost|p2a: Kingambit|atk|2\n|-unboost|p2b: Torkoal|atk|1\n|turn|4\n|\n|t:|1683108287\n|move|p2a: Kingambit|Sucker Punch|p1b: Gyarados\n|-damage|p1b: Gyarados|0 fnt\n|faint|p1b: Gyarados\n|move|p1a: Volcarona|Quiver Dance|p1a: Volcarona\n|-boost|p1a: Volcarona|spa|1\n|-boost|p1a: Volcarona|spd|1\n|-boost|p1a: Volcarona|spe|1\n|move|p2b: Torkoal|Heat Wave|p1a: Volcarona\n|-damage|p1a: Volcarona|63\/100\n|\n|-weather|SunnyDay|[upkeep]\n|upkeep\n|turn|5\n|\n|t:|1683108299\n|move|p2a: Kingambit|Sucker Punch|p1a: Volcarona\n|-damage|p1a: Volcarona|0 fnt\n|-status|p2a: Kingambit|brn|[from] ability: Flame Body|[of] p1a: Volcarona\n|faint|p1a: Volcarona\n|\n|win|TommeeVGC\n|raw|Ema23's rating: 1092 → 1072<\/strong> (-20 for losing)\n|raw|TommeeVGC's rating: 1144 → 1165<\/strong> (+21 for winning)\n|c|\u2606TommeeVGC|gg\n|l|\u2606TommeeVGC\n","uploadtime":1683108310,"views":13,"p1id":"ema23","p2id":"tommeevgc","formatid":"gen9vgc2023regulationc","rating":1072,"private":0,"password":""}