{"id":"gen9vgc2023regulationc-1859177648","p1":"Pengueos","p2":"lillbro64","format":"[Gen 9] VGC 2023 Regulation C","log":"|j|\u2606Pengueos\n|j|\u2606lillbro64\n|t:|1683414065\n|gametype|doubles\n|player|p1|Pengueos|101|1180\n|player|p2|lillbro64|gentleman-gen4dp|1123\n|teamsize|p1|6\n|teamsize|p2|6\n|gen|9\n|tier|[Gen 9] VGC 2023 Regulation C\n|rated|\n|rule|Species Clause: Limit one of each Pok\u00e9mon\n|rule|Item Clause: Limit one of each item\n|clearpoke\n|poke|p1|Palossand, L50, M|\n|poke|p1|Slowking, L50, F|\n|poke|p1|Amoonguss, L50, M|\n|poke|p1|Sylveon, L50, F|\n|poke|p1|Chien-Pao, L50|\n|poke|p1|Arcanine, L50, F|\n|poke|p2|Tyranitar, L50, F|\n|poke|p2|Grimmsnarl, L50, M|\n|poke|p2|Iron Bundle, L50|\n|poke|p2|Volcarona, L50, F|\n|poke|p2|Mimikyu, L50, M|\n|poke|p2|Palafin, L50, F|\n|teampreview|4\n|\n|t:|1683414120\n|start\n|switch|p1a: Palossand|Palossand, L50, M, shiny|100\/100\n|switch|p1b: Slowking|Slowking, L50, F|100\/100\n|switch|p2a: Tricky Rick|Grimmsnarl, L50, M|100\/100\n|switch|p2b: Palafin|Palafin, L50, F|100\/100\n|turn|1\n|\n|t:|1683414150\n|detailschange|p2b: Palafin|Palafin-Hero, L50, F\n|switch|p2b: Tyrannis|Tyranitar, L50, F, shiny|100\/100\n|-weather|Sandstorm|[from] ability: Sand Stream|[of] p2b: Tyrannis\n|-terastallize|p1a: Palossand|Water\n|move|p2a: Tricky Rick|Thunder Wave|p1b: Slowking\n|-status|p1b: Slowking|par\n|move|p1a: Palossand|Giga Drain|p2b: Tyrannis\n|-supereffective|p2b: Tyrannis\n|-damage|p2b: Tyrannis|73\/100\n|move|p1b: Slowking|Surf|p2a: Tricky Rick|[spread] p1a,p2a,p2b\n|-resisted|p1a: Palossand\n|-supereffective|p2b: Tyrannis\n|-damage|p1a: Palossand|92\/100\n|-damage|p2a: Tricky Rick|73\/100\n|-damage|p2b: Tyrannis|46\/100\n|-ability|p1a: Palossand|Water Compaction|boost\n|-boost|p1a: Palossand|def|2\n|\n|-weather|Sandstorm|[upkeep]\n|-damage|p2a: Tricky Rick|67\/100|[from] Sandstorm\n|-damage|p1a: Palossand|85\/100|[from] Sandstorm\n|-damage|p1b: Slowking|95\/100 par|[from] Sandstorm\n|upkeep\n|turn|2\n|inactive|Battle timer is ON: inactive players will automatically lose when time's up. (requested by lillbro64)\n|inactive|Pengueos has 60 seconds left.\n|inactive|lillbro64 has 60 seconds left.\n|\n|t:|1683414197\n|move|p2a: Tricky Rick|Metronome|p2a: Tricky Rick\n|move|p2a: Tricky Rick|Shore Up|p2a: Tricky Rick|[from]move: Metronome\n|-heal|p2a: Tricky Rick|100\/100\n|move|p2b: Tyrannis|Crunch|p1b: Slowking\n|-supereffective|p1b: Slowking\n|-damage|p1b: Slowking|0 fnt\n|faint|p1b: Slowking\n|-damage|p2b: Tyrannis|37\/100|[from] item: Life Orb\n|move|p1a: Palossand|Giga Drain|p2b: Tyrannis\n|-supereffective|p2b: Tyrannis\n|-damage|p2b: Tyrannis|10\/100\n|-heal|p1a: Palossand|100\/100|[from] drain|[of] p2b: Tyrannis\n|\n|-weather|Sandstorm|[upkeep]\n|-damage|p2a: Tricky Rick|95\/100|[from] Sandstorm\n|-damage|p1a: Palossand|94\/100|[from] Sandstorm\n|upkeep\n|\n|t:|1683414211\n|switch|p1b: Arcanine|Arcanine, L50, F|100\/100\n|-ability|p1b: Arcanine|Intimidate|boost\n|-unboost|p2a: Tricky Rick|atk|1\n|-unboost|p2b: Tyrannis|atk|1\n|turn|3\n|\n|t:|1683414228\n|move|p2b: Tyrannis|Protect|p2b: Tyrannis\n|-singleturn|p2b: Tyrannis|Protect\n|move|p1b: Arcanine|Extreme Speed|p2b: Tyrannis\n|-activate|p2b: Tyrannis|move: Protect\n|move|p2a: Tricky Rick|Metronome|p2a: Tricky Rick\n|move|p2a: Tricky Rick|Moonlight|p2a: Tricky Rick|[from]move: Metronome\n|-heal|p2a: Tricky Rick|100\/100\n|move|p1a: Palossand|Flash Cannon|p2a: Tricky Rick\n|-supereffective|p2a: Tricky Rick\n|-damage|p2a: Tricky Rick|45\/100\n|\n|-weather|Sandstorm|[upkeep]\n|-damage|p2a: Tricky Rick|39\/100|[from] Sandstorm\n|-damage|p1a: Palossand|88\/100|[from] Sandstorm\n|upkeep\n|turn|4\n|inactive|lillbro64 has 30 seconds left.\n|\n|t:|1683414256\n|move|p1b: Arcanine|Extreme Speed|p2b: Tyrannis\n|-resisted|p2b: Tyrannis\n|-damage|p2b: Tyrannis|0 fnt\n|faint|p2b: Tyrannis\n|move|p2a: Tricky Rick|Thunder Wave|p1a: Palossand\n|-status|p1a: Palossand|par\n|move|p1a: Palossand|Flash Cannon|p2a: Tricky Rick\n|-supereffective|p2a: Tricky Rick\n|-damage|p2a: Tricky Rick|0 fnt\n|faint|p2a: Tricky Rick\n|\n|-weather|Sandstorm|[upkeep]\n|-damage|p1a: Palossand|82\/100 par|[from] Sandstorm\n|upkeep\n|\n|t:|1683414271\n|switch|p2b: Palafin|Palafin-Hero, L50, F|100\/100\n|switch|p2a: King-3D|Iron Bundle, L50|100\/100\n|-activate|p2b: Palafin|ability: Zero to Hero\n|turn|5\n|inactive|Pengueos has 30 seconds left.\n|inactive|lillbro64 has 30 seconds left.\n|\n|t:|1683414299\n|-terastallize|p2a: King-3D|Ice\n|move|p2b: Palafin|Protect|p2b: Palafin\n|-singleturn|p2b: Palafin|Protect\n|move|p1b: Arcanine|Protect|p1b: Arcanine\n|-singleturn|p1b: Arcanine|Protect\n|move|p2a: King-3D|Freeze-Dry|p1a: Palossand\n|-supereffective|p1a: Palossand\n|-damage|p1a: Palossand|0 fnt\n|faint|p1a: Palossand\n|\n|-weather|none\n|upkeep\n|\n|t:|1683414310\n|switch|p1a: Chien-Pao|Chien-Pao, L50|100\/100\n|-ability|p1a: Chien-Pao|Sword of Ruin\n|turn|6\n|inactive|Pengueos has 30 seconds left.\n|\n|t:|1683414339\n|move|p1a: Chien-Pao|Sucker Punch|p2b: Palafin\n|-damage|p2b: Palafin|52\/100\n|move|p2a: King-3D|Hydro Pump|p1b: Arcanine\n|-supereffective|p1b: Arcanine\n|-damage|p1b: Arcanine|0 fnt\n|faint|p1b: Arcanine\n|move|p2b: Palafin|Wave Crash|p1a: Chien-Pao\n|-enditem|p1a: Chien-Pao|Focus Sash\n|-damage|p1a: Chien-Pao|1\/100\n|-damage|p2b: Palafin|23\/100|[from] Recoil\n|\n|upkeep\n|turn|7\n|\n|t:|1683414354\n|move|p1a: Chien-Pao|Sucker Punch|p2a: King-3D\n|-damage|p2a: King-3D|46\/100\n|move|p2b: Palafin|Jet Punch|p1a: Chien-Pao\n|-damage|p1a: Chien-Pao|0 fnt\n|faint|p1a: Chien-Pao\n|\n|win|lillbro64\n|raw|Pengueos's rating: 1180 → 1151<\/strong> (-29 for losing)\n|raw|lillbro64's rating: 1123 → 1152<\/strong> (+29 for winning)\n|c|\u2606lillbro64|Gg\n|c|\u2606Pengueos|gg\n|l|\u2606Pengueos\n|c|\u2606lillbro64|Weird sand castle but I like it\n","uploadtime":1683414382,"views":11,"p1id":"pengueos","p2id":"lillbro64","formatid":"gen9vgc2023regulationc","rating":1151,"private":0,"password":""}