{"id":"gen9vgc2023regulationc-1862860192","p1":"anshar_training","p2":"AlphaWolf67","format":"[Gen 9] VGC 2023 Regulation C","log":"|j|\u2606anshar_training\n|j|\u2606AlphaWolf67\n|t:|1683930370\n|gametype|doubles\n|player|p1|anshar_training|colress|1263\n|player|p2|AlphaWolf67|n|1214\n|teamsize|p1|6\n|teamsize|p2|6\n|gen|9\n|tier|[Gen 9] VGC 2023 Regulation C\n|rated|\n|rule|Species Clause: Limit one of each Pok\u00e9mon\n|rule|Item Clause: Limit one of each item\n|clearpoke\n|poke|p1|Gyarados, L50, M|\n|poke|p1|Flutter Mane, L50|\n|poke|p1|Chi-Yu, L50|\n|poke|p1|Amoonguss, L50, F|\n|poke|p1|Garchomp, L50, F|\n|poke|p1|Kingambit, L50, F|\n|poke|p2|Torkoal, L50, M|\n|poke|p2|Indeedee-F, L50, F|\n|poke|p2|Hatterene, L50, F|\n|poke|p2|Brute Bonnet, L50|\n|poke|p2|Tyranitar, L50, F|\n|poke|p2|Annihilape, L50, F|\n|teampreview|4\n|inactive|Battle timer is ON: inactive players will automatically lose when time's up. (requested by anshar_training)\n|inactive|anshar_training has 60 seconds left.\n|inactive|anshar_training has 30 seconds left.\n|\n|t:|1683930436\n|start\n|switch|p1a: Chi-Yu|Chi-Yu, L50|100\/100\n|switch|p1b: Amoonguss|Amoonguss, L50, F|100\/100\n|switch|p2a: Indeedee|Indeedee-F, L50, F|100\/100\n|switch|p2b: Hatterene|Hatterene, L50, F|100\/100\n|-ability|p1a: Chi-Yu|Beads of Ruin\n|-fieldstart|move: Psychic Terrain|[from] ability: Psychic Surge|[of] p2a: Indeedee\n|turn|1\n|inactive|anshar_training has 30 seconds left.\n|\n|t:|1683930467\n|move|p1b: Amoonguss|Protect|p1b: Amoonguss\n|-singleturn|p1b: Amoonguss|Protect\n|move|p2a: Indeedee|Follow Me|p2a: Indeedee\n|-singleturn|p2a: Indeedee|move: Follow Me\n|move|p1a: Chi-Yu|Nasty Plot|p1a: Chi-Yu\n|-boost|p1a: Chi-Yu|spa|2\n|move|p2b: Hatterene|Trick Room|p2b: Hatterene\n|-fieldstart|move: Trick Room|[of] p2b: Hatterene\n|\n|upkeep\n|turn|2\n|\n|t:|1683930491\n|move|p2a: Indeedee|Helping Hand|p2b: Hatterene\n|-singleturn|p2b: Hatterene|Helping Hand|[of] p2a: Indeedee\n|move|p2b: Hatterene|Mystical Fire|p1b: Amoonguss\n|-supereffective|p1b: Amoonguss\n|-damage|p1b: Amoonguss|0 fnt\n|faint|p1b: Amoonguss\n|-damage|p2b: Hatterene|91\/100|[from] item: Life Orb\n|move|p1a: Chi-Yu|Heat Wave|p2a: Indeedee|[spread] p2a,p2b\n|-damage|p2a: Indeedee|11\/100\n|-damage|p2b: Hatterene|0 fnt\n|faint|p2b: Hatterene\n|\n|upkeep\n|\n|t:|1683930513\n|switch|p2b: Tyranitar|Tyranitar, L50, F|100\/100\n|switch|p1b: Garchomp|Garchomp, L50, F|100\/100\n|-ability|p2b: Tyranitar|Unnerve\n|turn|3\n|\n|t:|1683930522\n|switch|p1b: Kingambit|Kingambit, L50, F|100\/100\n|move|p1a: Chi-Yu|Protect|p1a: Chi-Yu\n|-singleturn|p1a: Chi-Yu|Protect\n|move|p2b: Tyranitar|Rock Slide|p1a: Chi-Yu|[spread] p1b\n|-activate|p1a: Chi-Yu|move: Protect\n|-resisted|p1b: Kingambit\n|-damage|p1b: Kingambit|89\/100\n|move|p2a: Indeedee|Dazzling Gleam|p1a: Chi-Yu|[spread] p1b\n|-activate|p1a: Chi-Yu|move: Protect\n|-damage|p1b: Kingambit|77\/100\n|\n|upkeep\n|turn|4\n|\n|t:|1683930544\n|switch|p1a: Garchomp|Garchomp, L50, F|100\/100\n|move|p2a: Indeedee|Helping Hand|p2b: Tyranitar\n|-singleturn|p2b: Tyranitar|Helping Hand|[of] p2a: Indeedee\n|move|p2b: Tyranitar|Rock Slide|p1b: Kingambit|[spread] p1a,p1b\n|-resisted|p1a: Garchomp\n|-crit|p1a: Garchomp\n|-resisted|p1b: Kingambit\n|-damage|p1a: Garchomp|65\/100\n|-damage|p1b: Kingambit|60\/100\n|cant|p1b: Kingambit|flinch\n|\n|upkeep\n|turn|5\n|inactive|AlphaWolf67 has 30 seconds left.\n|\n|t:|1683930578\n|move|p1a: Garchomp|Protect|p1a: Garchomp\n|-singleturn|p1a: Garchomp|Protect\n|move|p2a: Indeedee|Follow Me|p2a: Indeedee\n|-singleturn|p2a: Indeedee|move: Follow Me\n|move|p2b: Tyranitar|Iron Head|p1a: Garchomp\n|-activate|p1a: Garchomp|move: Protect\n|move|p1b: Kingambit|Low Kick|p2a: Indeedee\n|-damage|p2a: Indeedee|0 fnt\n|faint|p2a: Indeedee\n|\n|-fieldend|move: Trick Room\n|-fieldend|move: Psychic Terrain\n|upkeep\n|\n|t:|1683930581\n|switch|p2a: Torkoal|Torkoal, L50, M|100\/100\n|-weather|SunnyDay|[from] ability: Drought|[of] p2a: Torkoal\n|turn|6\n|inactive|anshar_training has 30 seconds left.\n|inactive|anshar_training has 20 seconds left.\n|inactive|anshar_training has 15 seconds left.\n|inactive|anshar_training has 10 seconds left.\n|inactive|anshar_training has 5 seconds left.\n|\n|t:|1683930634\n|-terastallize|p2a: Torkoal|Fire\n|move|p1a: Garchomp|Stomping Tantrum|p2a: Torkoal\n|-supereffective|p2a: Torkoal\n|-damage|p2a: Torkoal|36\/100\n|move|p1b: Kingambit|Iron Head|p2b: Tyranitar\n|-supereffective|p2b: Tyranitar\n|-damage|p2b: Tyranitar|24\/100\n|move|p2b: Tyranitar|Iron Head|p1a: Garchomp\n|-damage|p1a: Garchomp|33\/100\n|-damage|p2b: Tyranitar|12\/100|[from] ability: Rough Skin|[of] p1a: Garchomp\n|move|p2a: Torkoal|Heat Wave|p1b: Kingambit|[spread] p1b\n|-miss|p2a: Torkoal|p1a: Garchomp\n|-supereffective|p1b: Kingambit\n|-damage|p1b: Kingambit|0 fnt\n|faint|p1b: Kingambit\n|\n|-weather|SunnyDay|[upkeep]\n|upkeep\n|\n|t:|1683930650\n|switch|p1b: Chi-Yu|Chi-Yu, L50|100\/100\n|-ability|p1b: Chi-Yu|Beads of Ruin\n|turn|7\n|\n|t:|1683930656\n|-terastallize|p1b: Chi-Yu|Water\n|move|p1a: Garchomp|Stomping Tantrum|p2b: Tyranitar\n|-supereffective|p2b: Tyranitar\n|-damage|p2b: Tyranitar|0 fnt\n|faint|p2b: Tyranitar\n|move|p1b: Chi-Yu|Heat Wave|p2a: Torkoal\n|-resisted|p2a: Torkoal\n|-crit|p2a: Torkoal\n|-damage|p2a: Torkoal|0 fnt\n|faint|p2a: Torkoal\n|\n|win|anshar_training\n|raw|anshar_training's rating: 1263 → 1284<\/strong> (+21 for winning)\n|raw|AlphaWolf67's rating: 1214 → 1193<\/strong> (-21 for losing)\n|l|\u2606AlphaWolf67\n","uploadtime":1683930668,"views":7,"p1id":"anshartraining","p2id":"alphawolf67","formatid":"gen9vgc2023regulationc","rating":1193,"private":0,"password":""}