{"id":"gen9vgc2023regulationc-1854662240","p1":"K33P CALM","p2":"SisalVT","format":"[Gen 9] VGC 2023 Regulation C","log":"|j|\u2606K33P CALM\n|j|\u2606SisalVT\n|t:|1682845768\n|gametype|doubles\n|player|p1|K33P CALM|dawn|1523\n|player|p2|SisalVT|blue|1794\n|teamsize|p1|6\n|teamsize|p2|6\n|gen|9\n|tier|[Gen 9] VGC 2023 Regulation C\n|rated|\n|rule|Species Clause: Limit one of each Pok\u00e9mon\n|rule|Item Clause: Limit one of each item\n|clearpoke\n|poke|p1|Iron Hands, L50|\n|poke|p1|Flutter Mane, L50|\n|poke|p1|Chi-Yu, L50|\n|poke|p1|Gyarados, L50, M|\n|poke|p1|Amoonguss, L50, F|\n|poke|p1|Ting-Lu, L50|\n|poke|p2|Breloom, L50, F|\n|poke|p2|Chien-Pao, L50|\n|poke|p2|Flutter Mane, L50|\n|poke|p2|Chi-Yu, L50|\n|poke|p2|Dondozo, L50, M|\n|poke|p2|Tatsugiri-Stretchy, L50, M|\n|teampreview|4\nK33P CALM has agreed to open team sheets.\nSisalVT has agreed to open team sheets.\n|\n|t:|1682845799\n|start\n|switch|p1a: Iron Hands|Iron Hands, L50|100\/100\n|switch|p1b: Ting-Lu|Ting-Lu, L50|100\/100\n|switch|p2a: Tattisaurus|Breloom, L50, F|100\/100\n|switch|p2b: Bottas|Flutter Mane, L50|100\/100\n|-ability|p1b: Ting-Lu|Vessel of Ruin\n|-enditem|p2b: Bottas|Booster Energy\n|-activate|p2b: Bottas|ability: Protosynthesis|[fromitem]\n|-start|p2b: Bottas|protosynthesisspa\n|turn|1\n|\n|t:|1682845818\n|switch|p1b: Amoonguss|Amoonguss, L50, F, shiny|100\/100\n|move|p2b: Bottas|Protect|p2b: Bottas\n|-singleturn|p2b: Bottas|Protect\n|move|p2a: Tattisaurus|Protect|p2a: Tattisaurus\n|-singleturn|p2a: Tattisaurus|Protect\n|move|p1a: Iron Hands|Detect||[still]\n|-fail|p1a: Iron Hands\n|\n|upkeep\n|turn|2\n|\n|t:|1682845842\n|switch|p2a: Hanako|Chi-Yu, L50|100\/100\n|-ability|p2a: Hanako|Beads of Ruin\n|move|p1a: Iron Hands|Detect|p1a: Iron Hands\n|-singleturn|p1a: Iron Hands|Protect\n|move|p2b: Bottas|Shadow Ball|p1b: Amoonguss\n|-damage|p1b: Amoonguss|42\/100\n|-enditem|p1b: Amoonguss|Sitrus Berry|[eat]\n|-heal|p1b: Amoonguss|67\/100|[from] item: Sitrus Berry\n|move|p1b: Amoonguss|Spore|p2b: Bottas\n|-status|p2b: Bottas|slp|[from] move: Spore\n|\n|upkeep\n|turn|3\n|\n|t:|1682845855\n|switch|p1b: Ting-Lu|Ting-Lu, L50|100\/100\n|-ability|p1b: Ting-Lu|Vessel of Ruin\n|cant|p2b: Bottas|slp\n|move|p2a: Hanako|Heat Wave|p1a: Iron Hands|[spread] p1a,p1b\n|-damage|p1a: Iron Hands|79\/100\n|-damage|p1b: Ting-Lu|86\/100\n|move|p1a: Iron Hands|Drain Punch|p2a: Hanako\n|-supereffective|p2a: Hanako\n|-damage|p2a: Hanako|14\/100\n|-heal|p1a: Iron Hands|100\/100|[from] drain|[of] p2a: Hanako\n|-enditem|p2a: Hanako|Sitrus Berry|[eat]\n|-heal|p2a: Hanako|39\/100|[from] item: Sitrus Berry\n|\n|upkeep\n|turn|4\n|\n|t:|1682845882\n|move|p2a: Hanako|Protect|p2a: Hanako\n|-singleturn|p2a: Hanako|Protect\n|cant|p2b: Bottas|slp\n|move|p1a: Iron Hands|Drain Punch|p2a: Hanako\n|-activate|p2a: Hanako|move: Protect\n|move|p1b: Ting-Lu|Heavy Slam|p2b: Bottas\n|-supereffective|p2b: Bottas\n|-damage|p2b: Bottas|0 fnt\n|faint|p2b: Bottas\n|-end|p2b: Bottas|Protosynthesis|[silent]\n|\n|upkeep\n|\n|t:|1682845898\n|switch|p2b: Tattisaurus|Breloom, L50, F|100\/100\n|turn|5\n|\n|t:|1682845919\n|move|p2a: Hanako|Heat Wave|p1b: Ting-Lu|[spread] p1a,p1b\n|-damage|p1a: Iron Hands|76\/100\n|-damage|p1b: Ting-Lu|73\/100\n|move|p2b: Tattisaurus|Spore|p1b: Ting-Lu\n|-status|p1b: Ting-Lu|slp|[from] move: Spore\n|move|p1a: Iron Hands|Drain Punch|p2a: Hanako\n|-supereffective|p2a: Hanako\n|-damage|p2a: Hanako|0 fnt\n|-heal|p1a: Iron Hands|89\/100|[from] drain|[of] p2a: Hanako\n|faint|p2a: Hanako\n|cant|p1b: Ting-Lu|slp\n|\n|upkeep\n|\n|t:|1682845940\n|switch|p2a: Nivalis|Chien-Pao, L50|100\/100\n|-ability|p2a: Nivalis|Sword of Ruin\n|turn|6\n|\n|t:|1682845950\n|switch|p1b: Gyarados|Gyarados, L50, M|100\/100\n|-ability|p1b: Gyarados|Intimidate|boost\n|-unboost|p2a: Nivalis|atk|1\n|-unboost|p2b: Tattisaurus|atk|1\n|-terastallize|p2a: Nivalis|Ghost\n|move|p2b: Tattisaurus|Mach Punch|p1a: Iron Hands\n|-damage|p1a: Iron Hands|72\/100\n|move|p2a: Nivalis|Ice Spinner|p1a: Iron Hands\n|-damage|p1a: Iron Hands|44\/100\n|-damage|p2a: Nivalis|91\/100|[from] item: Life Orb\n|move|p1a: Iron Hands|Drain Punch|p2a: Nivalis\n|-immune|p2a: Nivalis\n|\n|upkeep\n|turn|7\n|\n|t:|1682845974\n|switch|p1b: Amoonguss|Amoonguss, L50, F, shiny|99\/100\n|-terastallize|p1a: Iron Hands|Fire\n|move|p2a: Nivalis|Ice Spinner|p1a: Iron Hands\n|-resisted|p1a: Iron Hands\n|-crit|p1a: Iron Hands\n|-damage|p1a: Iron Hands|7\/100\n|-damage|p2a: Nivalis|81\/100|[from] item: Life Orb\n|move|p2b: Tattisaurus|Spore|p1b: Amoonguss\n|-immune|p1b: Amoonguss\n|move|p1a: Iron Hands|Drain Punch|p2b: Tattisaurus\n|-damage|p2b: Tattisaurus|27\/100\n|-heal|p1a: Iron Hands|27\/100|[from] drain|[of] p2b: Tattisaurus\n|\n|upkeep\n|turn|8\n|-message|SisalVT forfeited.\n|\n|win|K33P CALM\n|raw|K33P CALM's rating: 1523 → 1557<\/strong> (+34 for winning)\n|raw|SisalVT's rating: 1813 → 1779<\/strong> (-34 for losing)\n|l|\u2606SisalVT\n","uploadtime":1682846013,"views":15,"p1id":"k33pcalm","p2id":"sisalvt","formatid":"gen9vgc2023regulationc","rating":1557,"private":0,"password":""}