{"id":"gen9vgc2023regulationc-1845725305","p1":"Juliogu10","p2":"BroDontFuckWithMe","format":"[Gen 9] VGC 2023 Regulation C","log":"|j|\u2606Juliogu10\n|j|\u2606BroDontFuckWithMe\n|t:|1681758848\n|gametype|doubles\n|player|p1|Juliogu10|102|1540\n|player|p2|BroDontFuckWithMe|266|1648\n|teamsize|p1|6\n|teamsize|p2|6\n|gen|9\n|tier|[Gen 9] VGC 2023 Regulation C\n|rated|\n|rule|Species Clause: Limit one of each Pok\u00e9mon\n|rule|Item Clause: Limit one of each item\n|clearpoke\n|poke|p1|Great Tusk, L50|\n|poke|p1|Brute Bonnet, L50|\n|poke|p1|Dragonite, L50, F|\n|poke|p1|Flutter Mane, L50|\n|poke|p1|Chien-Pao, L50|\n|poke|p1|Garganacl, L50, F|\n|poke|p2|Great Tusk, L50|\n|poke|p2|Amoonguss, L50, F|\n|poke|p2|Tyranitar, L50, M|\n|poke|p2|Iron Bundle, L50|\n|poke|p2|Talonflame, L50, M|\n|poke|p2|Gholdengo, L50|\n|teampreview|4\n|inactive|Battle timer is ON: inactive players will automatically lose when time's up. (requested by BroDontFuckWithMe)\n|\n|t:|1681758884\n|start\n|switch|p1a: Dragonite|Dragonite, L50, F|100\/100\n|switch|p1b: Chien-Pao|Chien-Pao, L50|100\/100\n|switch|p2a: Iron Bundle|Iron Bundle, L50|100\/100\n|switch|p2b: Great Tusk|Great Tusk, L50|100\/100\n|-ability|p1b: Chien-Pao|Sword of Ruin\n|-enditem|p2a: Iron Bundle|Booster Energy\n|-activate|p2a: Iron Bundle|ability: Quark Drive|[fromitem]\n|-start|p2a: Iron Bundle|quarkdrivespe\n|turn|1\n|inactive|Juliogu10 has 30 seconds left.\n|inactive|BroDontFuckWithMe has 30 seconds left.\n|j| Ruzoc\n|\n|t:|1681758914\n|-end|p2b: Great Tusk|Protosynthesis|[silent]\n|switch|p2b: Gholdengo|Gholdengo, L50|100\/100\n|-terastallize|p2a: Iron Bundle|Ghost\n|-terastallize|p1a: Dragonite|Normal\n|move|p1a: Dragonite|Extreme Speed|p2a: Iron Bundle\n|-immune|p2a: Iron Bundle\n|move|p2a: Iron Bundle|Icy Wind|p1a: Dragonite|[spread] p1a,p1b\n|-resisted|p1b: Chien-Pao\n|-damage|p1a: Dragonite|82\/100\n|-damage|p1b: Chien-Pao|82\/100\n|-unboost|p1a: Dragonite|spe|1\n|-unboost|p1b: Chien-Pao|spe|1\n|move|p1b: Chien-Pao|Ice Spinner|p2b: Gholdengo\n|-resisted|p2b: Gholdengo\n|-damage|p2b: Gholdengo|72\/100\n|\n|-heal|p2b: Gholdengo|78\/100|[from] item: Leftovers\n|upkeep\n|turn|2\n|inactive|Juliogu10 has 30 seconds left.\n|inactive|Juliogu10 has 20 seconds left.\n|inactive|BroDontFuckWithMe has 30 seconds left.\n|inactive|Juliogu10 has 15 seconds left.\n|\n|t:|1681758956\n|-end|p2a: Iron Bundle|Quark Drive|[silent]\n|switch|p2a: Talonflame|Talonflame, L50, M|100\/100\n|switch|p1a: Garganacl|Garganacl, L50, F|100\/100\n|move|p1b: Chien-Pao|Sucker Punch||[still]\n|-fail|p1b: Chien-Pao\n|move|p2b: Gholdengo|Nasty Plot|p2b: Gholdengo\n|-boost|p2b: Gholdengo|spa|2\n|\n|-heal|p2b: Gholdengo|84\/100|[from] item: Leftovers\n|upkeep\n|turn|3\n|\n|t:|1681758972\n|move|p2a: Talonflame|Quick Guard|p2a: Talonflame\n|-singleturn|p2a: Talonflame|Quick Guard\n|move|p1b: Chien-Pao|Sucker Punch|p2b: Gholdengo\n|-activate|p2b: Gholdengo|move: Quick Guard\n|move|p2b: Gholdengo|Make It Rain|p1b: Chien-Pao|[spread] p1a,p1b\n|-supereffective|p1a: Garganacl\n|-supereffective|p1b: Chien-Pao\n|-damage|p1a: Garganacl|0 fnt\n|-damage|p1b: Chien-Pao|0 fnt\n|-unboost|p2b: Gholdengo|spa|1\n|faint|p1a: Garganacl\n|faint|p1b: Chien-Pao\n|\n|-heal|p2b: Gholdengo|89\/100|[from] item: Leftovers\n|upkeep\n|\n|t:|1681758987\n|switch|p1b: Great Tusk|Great Tusk, L50|100\/100\n|switch|p1a: Dragonite|Dragonite, L50, F, tera:Normal|82\/100\n|turn|4\n|\n|t:|1681759000\n|move|p2a: Talonflame|Tailwind|p2a: Talonflame\n|-sidestart|p2: BroDontFuckWithMe|move: Tailwind\n|move|p2b: Gholdengo|Make It Rain|p1a: Dragonite|[spread] p1a,p1b\n|-damage|p1a: Dragonite|10\/100\n|-damage|p1b: Great Tusk|0 fnt\n|-unboost|p2b: Gholdengo|spa|1\n|faint|p1b: Great Tusk\n|-end|p1b: Great Tusk|Protosynthesis|[silent]\n|move|p1a: Dragonite|Rock Slide|p2a: Talonflame|[spread] p2a,p2b\n|-supereffective|p2a: Talonflame\n|-resisted|p2b: Gholdengo\n|-damage|p2a: Talonflame|0 fnt\n|-damage|p2b: Gholdengo|72\/100\n|faint|p2a: Talonflame\n|\n|-heal|p2b: Gholdengo|78\/100|[from] item: Leftovers\n|upkeep\n|\n|t:|1681759005\n|switch|p2a: Iron Bundle|Iron Bundle, L50, tera:Ghost|100\/100\n|turn|5\n|-message|Juliogu10 forfeited.\n|\n|win|BroDontFuckWithMe\n|raw|Juliogu10's rating: 1540 → 1526<\/strong> (-14 for losing)\n|raw|BroDontFuckWithMe's rating: 1648 → 1662<\/strong> (+14 for winning)\n|l|\u2606Juliogu10\n","uploadtime":1681759009,"views":9,"p1id":"juliogu10","p2id":"brodontfuckwithme","formatid":"gen9vgc2023regulationc","rating":1526,"private":0,"password":""}