{"id":"gen9vgc2023regulationc-1863546472","p1":"9winsformepls","p2":"HakuCookie","format":"[Gen 9] VGC 2023 Regulation C","log":"|j|\u26069winsformepls\n|j|\u2606HakuCookie\n|t:|1684032327\n|gametype|doubles\n|player|p1|9winsformepls|bruno-gen1|1123\n|player|p2|HakuCookie|265|1230\n|teamsize|p1|6\n|teamsize|p2|6\n|gen|9\n|tier|[Gen 9] VGC 2023 Regulation C\n|rated|\n|rule|Species Clause: Limit one of each Pok\u00e9mon\n|rule|Item Clause: Limit one of each item\n|clearpoke\n|poke|p1|Flutter Mane, L50|\n|poke|p1|Arcanine, L50, F|\n|poke|p1|Palafin, L50, F|\n|poke|p1|Kingambit, L50, F|\n|poke|p1|Gholdengo, L50|\n|poke|p1|Sylveon, L50, F|\n|poke|p2|Jumpluff, L50, F|\n|poke|p2|Torkoal, L50, M|\n|poke|p2|Chi-Yu, L50|\n|poke|p2|Flutter Mane, L50|\n|poke|p2|Great Tusk, L50|\n|poke|p2|Gyarados, L50, M|\n|teampreview|4\n|inactive|Battle timer is ON: inactive players will automatically lose when time's up. (requested by HakuCookie)\n9winsformepls has agreed to open team sheets.\n|\n|t:|1684032351\n|start\n|switch|p1a: Flutter Mane|Flutter Mane, L50|100\/100\n|switch|p1b: Palafin|Palafin, L50, F|100\/100\n|switch|p2a: Gyarados|Gyarados, L50, M|100\/100\n|switch|p2b: Great Tusk|Great Tusk, L50|100\/100\n|-ability|p2a: Gyarados|Intimidate|boost\n|-unboost|p1a: Flutter Mane|atk|1\n|-unboost|p1b: Palafin|atk|1\n|-enditem|p1a: Flutter Mane|Booster Energy\n|-activate|p1a: Flutter Mane|ability: Protosynthesis|[fromitem]\n|-start|p1a: Flutter Mane|protosynthesisspe\n|turn|1\n|inactive|9winsformepls has 30 seconds left.\n|\n|t:|1684032385\n|detailschange|p1b: Palafin|Palafin-Hero, L50, F\n|switch|p1b: Sylveon|Sylveon, L50, F|100\/100\n|-terastallize|p1a: Flutter Mane|Fairy\n|-terastallize|p2b: Great Tusk|Ground\n|move|p1a: Flutter Mane|Dazzling Gleam|p2b: Great Tusk|[spread] p2a,p2b\n|-damage|p2a: Gyarados|65\/100\n|-damage|p2b: Great Tusk|31\/100\n|move|p2b: Great Tusk|Earthquake|p1b: Sylveon|[spread] p1a,p1b\n|-immune|p2a: Gyarados\n|-damage|p1a: Flutter Mane|0 fnt\n|-damage|p1b: Sylveon|32\/100\n|faint|p1a: Flutter Mane\n|-end|p1a: Flutter Mane|Protosynthesis|[silent]\n|move|p2a: Gyarados|Thunder Wave|p1b: Sylveon\n|-status|p1b: Sylveon|par\n|\n|upkeep\n|\n|t:|1684032397\n|switch|p1a: Palafin|Palafin-Hero, L50, F|100\/100\n|-activate|p1a: Palafin|ability: Zero to Hero\n|turn|2\n|\n|t:|1684032414\n|-end|p2b: Great Tusk|Protosynthesis|[silent]\n|switch|p2b: Torkoal|Torkoal, L50, M|100\/100\n|-weather|SunnyDay|[from] ability: Drought|[of] p2b: Torkoal\n|move|p1b: Sylveon|Protect|p1b: Sylveon\n|-singleturn|p1b: Sylveon|Protect\n|move|p1a: Palafin|Jet Punch|p2b: Torkoal\n|-supereffective|p2b: Torkoal\n|-crit|p2b: Torkoal\n|-damage|p2b: Torkoal|41\/100\n|move|p2a: Gyarados|Thunder Wave|p1a: Palafin|[miss]\n|-miss|p2a: Gyarados|p1a: Palafin\n|\n|-weather|SunnyDay|[upkeep]\n|upkeep\n|turn|3\n|inactive|HakuCookie has 30 seconds left.\n|\n|t:|1684032440\n|move|p2b: Torkoal|Protect|p2b: Torkoal\n|-singleturn|p2b: Torkoal|Protect\n|move|p1a: Palafin|Jet Punch|p2b: Torkoal\n|-activate|p2b: Torkoal|move: Protect\n|move|p2a: Gyarados|Thunder Wave|p1a: Palafin\n|-status|p1a: Palafin|par\n|move|p1b: Sylveon|Hyper Voice|p2b: Torkoal|[spread] p2a\n|-activate|p2b: Torkoal|move: Protect\n|-damage|p2a: Gyarados|21\/100\n|-enditem|p2a: Gyarados|Sitrus Berry|[eat]\n|-heal|p2a: Gyarados|46\/100|[from] item: Sitrus Berry\n|-damage|p1b: Sylveon|22\/100 par|[from] item: Life Orb\n|\n|-weather|SunnyDay|[upkeep]\n|upkeep\n|turn|4\n|\n|t:|1684032455\n|move|p1a: Palafin|Jet Punch|p2b: Torkoal\n|-supereffective|p2b: Torkoal\n|-damage|p2b: Torkoal|1\/100\n|move|p2a: Gyarados|Tera Blast|p1b: Sylveon\n|-damage|p1b: Sylveon|13\/100 par\n|cant|p1b: Sylveon|par\n|move|p2b: Torkoal|Overheat|p1a: Palafin\n|-resisted|p1a: Palafin\n|-damage|p1a: Palafin|58\/100 par\n|-unboost|p2b: Torkoal|spa|2\n|-enditem|p2b: Torkoal|Eject Pack\n|inactive|HakuCookie has 30 seconds left.\n|\n|t:|1684032489\n|switch|p2b: Flutter Mane|Flutter Mane, L50|100\/100\n|-activate|p2b: Flutter Mane|ability: Protosynthesis\n|-start|p2b: Flutter Mane|protosynthesisspe\n|\n|-weather|SunnyDay|[upkeep]\n|upkeep\n|turn|5\n|c|\u26069winsformepls|im still learning how to use this team lol\n|\n|t:|1684032507\n|move|p2b: Flutter Mane|Dazzling Gleam|p1b: Sylveon|[spread] p1a,p1b\n|-damage|p1a: Palafin|12\/100 par\n|-damage|p1b: Sylveon|0 fnt\n|faint|p1b: Sylveon\n|move|p2a: Gyarados|Waterfall|p1a: Palafin\n|-resisted|p1a: Palafin\n|-damage|p1a: Palafin|2\/100 par\n|cant|p1a: Palafin|par\n|\n|-weather|SunnyDay|[upkeep]\n|upkeep\n|\n|t:|1684032519\n|switch|p1b: Kingambit|Kingambit, L50, F|100\/100\n|turn|6\n|\n|t:|1684032535\n|move|p1b: Kingambit|Protect|p1b: Kingambit\n|-singleturn|p1b: Kingambit|Protect\n|move|p1a: Palafin|Jet Punch|p2b: Flutter Mane\n|-damage|p2b: Flutter Mane|51\/100\n|move|p2b: Flutter Mane|Dazzling Gleam|p1a: Palafin|[spread] p1a\n|-activate|p1b: Kingambit|move: Protect\n|-damage|p1a: Palafin|0 fnt\n|faint|p1a: Palafin\n|move|p2a: Gyarados|Waterfall|p1b: Kingambit\n|-activate|p1b: Kingambit|move: Protect\n|\n|-weather|none\n|-end|p2b: Flutter Mane|Protosynthesis\n|upkeep\n|turn|7\n|\n|t:|1684032547\n|move|p1b: Kingambit|Sucker Punch|p2b: Flutter Mane\n|-damage|p2b: Flutter Mane|0 fnt\n|faint|p2b: Flutter Mane\n|-end|p2b: Flutter Mane|Protosynthesis|[silent]\n|move|p2a: Gyarados|Waterfall|p1b: Kingambit\n|-damage|p1b: Kingambit|67\/100\n|\n|upkeep\n|c|\u26069winsformepls|gg\n|\n|t:|1684032558\n|switch|p2b: Great Tusk|Great Tusk, L50, tera:Ground|31\/100\n|turn|8\n|\n|t:|1684032566\n|move|p1b: Kingambit|Sucker Punch|p2b: Great Tusk\n|-damage|p2b: Great Tusk|0 fnt\n|faint|p2b: Great Tusk\n|-end|p2b: Great Tusk|Protosynthesis|[silent]\n|move|p2a: Gyarados|Waterfall|p1b: Kingambit\n|-damage|p1b: Kingambit|35\/100\n|\n|upkeep\n|\n|t:|1684032569\n|switch|p2b: Torkoal|Torkoal, L50, M|1\/100\n|-weather|SunnyDay|[from] ability: Drought|[of] p2b: Torkoal\n|turn|9\n|\n|t:|1684032582\n|move|p2b: Torkoal|Protect|p2b: Torkoal\n|-singleturn|p2b: Torkoal|Protect\n|move|p1b: Kingambit|Sucker Punch||[still]\n|-fail|p1b: Kingambit\n|move|p2a: Gyarados|Thunder Wave|p1b: Kingambit\n|-status|p1b: Kingambit|par\n|\n|-weather|SunnyDay|[upkeep]\n|upkeep\n|turn|10\n|\n|t:|1684032592\n|move|p1b: Kingambit|Sucker Punch|p2b: Torkoal\n|-damage|p2b: Torkoal|0 fnt\n|faint|p2b: Torkoal\n|move|p2a: Gyarados|Waterfall|p1b: Kingambit\n|-damage|p1b: Kingambit|19\/100 par\n|\n|-weather|SunnyDay|[upkeep]\n|upkeep\n|turn|11\n|c|\u26069winsformepls|this depends on what happens\n|\n|t:|1684032612\n|cant|p1b: Kingambit|par\n|move|p2a: Gyarados|Waterfall|p1b: Kingambit\n|-damage|p1b: Kingambit|2\/100 par\n|\n|-weather|SunnyDay|[upkeep]\n|upkeep\n|turn|12\n|\n|t:|1684032618\n|move|p1b: Kingambit|Sucker Punch|p2a: Gyarados\n|-damage|p2a: Gyarados|0 fnt\n|faint|p2a: Gyarados\n|\n|win|9winsformepls\n|raw|9winsformepls's rating: 1123 → 1155<\/strong> (+32 for winning)\n|raw|HakuCookie's rating: 1230 → 1198<\/strong> (-32 for losing)\n","uploadtime":1684032434,"views":12,"p1id":"9winsformepls","p2id":"hakucookie","formatid":"gen9vgc2023regulationc","rating":1155,"private":0,"password":""}