{"id":"gen9vgc2023regulationc-1861425499","p1":"paultheconvincer","p2":"dwalk2196","format":"[Gen 9] VGC 2023 Regulation C","log":"|j|\u2606paultheconvincer\n|j|\u2606dwalk2196\n|t:|1683756394\n|gametype|doubles\n|player|p1|paultheconvincer|170|\n|player|p2|dwalk2196|2|\n|teamsize|p1|6\n|teamsize|p2|6\n|gen|9\n|tier|[Gen 9] VGC 2023 Regulation C\n|rule|Species Clause: Limit one of each Pok\u00e9mon\n|rule|Item Clause: Limit one of each item\n|clearpoke\n|poke|p1|Great Tusk, L50|\n|poke|p1|Noivern, L50, M|\n|poke|p1|Farigiraf, L50, M|\n|poke|p1|Torkoal, L50, M|\n|poke|p1|Eelektross, L50, F|\n|poke|p1|Persian, L50, F|\n|poke|p2|Iron Jugulis, L50|\n|poke|p2|Maushold, L50|\n|poke|p2|Chi-Yu, L50|\n|poke|p2|Gyarados, L50, F|\n|poke|p2|Primeape, L50, M|\n|poke|p2|Glimmora, L50, M|\n|teampreview|4\n|\n|t:|1683756421\n|start\n|switch|p1a: Great Tusk|Great Tusk, L50|100\/100\n|switch|p1b: Noivern|Noivern, L50, M|100\/100\n|switch|p2a: Chi-Yu|Chi-Yu, L50|100\/100\n|switch|p2b: Iron Jugulis|Iron Jugulis, L50|100\/100\n|-ability|p2a: Chi-Yu|Beads of Ruin\n|-enditem|p2b: Iron Jugulis|Booster Energy\n|-activate|p2b: Iron Jugulis|ability: Quark Drive|[fromitem]\n|-start|p2b: Iron Jugulis|quarkdrivespe\n|-enditem|p1a: Great Tusk|Booster Energy\n|-activate|p1a: Great Tusk|ability: Protosynthesis|[fromitem]\n|-start|p1a: Great Tusk|protosynthesisatk\n|turn|1\n|c|\u2606dwalk2196|GLHF\n|\n|t:|1683756476\n|-terastallize|p1a: Great Tusk|Rock\n|move|p2b: Iron Jugulis|Tailwind|p2b: Iron Jugulis\n|-sidestart|p2: dwalk2196|move: Tailwind\n|move|p2a: Chi-Yu|Heat Wave|p1b: Noivern|[spread] p1a,p1b\n|-resisted|p1a: Great Tusk\n|-resisted|p1b: Noivern\n|-damage|p1a: Great Tusk|61\/100\n|-damage|p1b: Noivern|67\/100\n|move|p1b: Noivern|Tailwind|p1b: Noivern\n|-sidestart|p1: paultheconvincer|move: Tailwind\n|move|p1a: Great Tusk|Rock Slide|p2a: Chi-Yu|[spread] p2a\n|-miss|p1a: Great Tusk|p2b: Iron Jugulis\n|-supereffective|p2a: Chi-Yu\n|-enditem|p2a: Chi-Yu|Focus Sash\n|-damage|p2a: Chi-Yu|1\/100\n|\n|upkeep\n|turn|2\n|c|\u2606paultheconvincer|GLHF\n|\n|t:|1683756521\n|switch|p2a: Gyarados|Gyarados, L50, F|100\/100\n|-ability|p2a: Gyarados|Intimidate|boost\n|-unboost|p1a: Great Tusk|atk|1\n|-unboost|p1b: Noivern|atk|1\n|move|p1a: Great Tusk|Protect|p1a: Great Tusk\n|-singleturn|p1a: Great Tusk|Protect\n|move|p2b: Iron Jugulis|Earth Power|p1a: Great Tusk\n|-activate|p1a: Great Tusk|move: Protect\n|move|p1b: Noivern|Air Slash|p2a: Gyarados\n|-damage|p2a: Gyarados|72\/100\n|\n|upkeep\n|turn|3\n|\n|t:|1683756549\n|-end|p1a: Great Tusk|Protosynthesis|[silent]\n|switch|p1a: Eelektross|Eelektross, L50, F|100\/100\n|move|p2b: Iron Jugulis|Earth Power|p1a: Eelektross\n|-immune|p1a: Eelektross|[from] ability: Levitate\n|move|p1b: Noivern|Dragon Pulse|p2a: Gyarados\n|-damage|p2a: Gyarados|37\/100\n|move|p2a: Gyarados|Dragon Dance|p2a: Gyarados\n|-boost|p2a: Gyarados|atk|1\n|-boost|p2a: Gyarados|spe|1\n|\n|upkeep\n|turn|4\n|\n|t:|1683756587\n|move|p2a: Gyarados|Protect|p2a: Gyarados\n|-singleturn|p2a: Gyarados|Protect\n|move|p2b: Iron Jugulis|Hurricane|p1b: Noivern\n|-damage|p1b: Noivern|0 fnt\n|faint|p1b: Noivern\n|move|p1a: Eelektross|Discharge|p2a: Gyarados|[spread] p2b\n|-activate|p2a: Gyarados|move: Protect\n|-supereffective|p2b: Iron Jugulis\n|-damage|p2b: Iron Jugulis|3\/100\n|-damage|p1a: Eelektross|91\/100|[from] item: Life Orb\n|\n|-sideend|p2: dwalk2196|move: Tailwind\n|-sideend|p1: paultheconvincer|move: Tailwind\n|upkeep\n|j| PiuPiuMOOD\n|\n|t:|1683756600\n|switch|p1b: Persian|Persian, L50, F|100\/100\n|turn|5\n|\n|t:|1683756623\n|-terastallize|p2a: Gyarados|Dragon\n|move|p1b: Persian|Fake Out|p2b: Iron Jugulis\n|-damage|p2b: Iron Jugulis|0 fnt\n|faint|p2b: Iron Jugulis\n|-end|p2b: Iron Jugulis|Quark Drive|[silent]\n|move|p2a: Gyarados|Outrage|p1a: Eelektross\n|-damage|p1a: Eelektross|0 fnt\n|faint|p1a: Eelektross\n|\n|upkeep\n|\n|t:|1683756635\n|switch|p2b: Primeape|Primeape, L50, M|100\/100\n|switch|p1a: Great Tusk|Great Tusk, L50, tera:Rock|61\/100\n|turn|6\n|\n|t:|1683756658\n|move|p1b: Persian|Icy Wind|p2b: Primeape|[spread] p2a,p2b\n|-supereffective|p2a: Gyarados\n|-damage|p2a: Gyarados|21\/100\n|-damage|p2b: Primeape|93\/100\n|-unboost|p2a: Gyarados|spe|1\n|-unboost|p2b: Primeape|spe|1\n|-ability|p2b: Primeape|Defiant|boost\n|-boost|p2b: Primeape|atk|2\n|move|p1a: Great Tusk|Close Combat|p2b: Primeape\n|-damage|p2b: Primeape|20\/100\n|-unboost|p1a: Great Tusk|def|1\n|-unboost|p1a: Great Tusk|spd|1\n|move|p2a: Gyarados|Outrage|p1a: Great Tusk|[from]lockedmove\n|-damage|p1a: Great Tusk|0 fnt\n|faint|p1a: Great Tusk\n|-end|p1a: Great Tusk|Protosynthesis|[silent]\n|-start|p2a: Gyarados|confusion|[fatigue]\n|move|p2b: Primeape|Drain Punch|p1b: Persian\n|-supereffective|p1b: Persian\n|-damage|p1b: Persian|0 fnt\n|-heal|p2b: Primeape|75\/100|[from] drain|[of] p1b: Persian\n|faint|p1b: Persian\n|\n|win|dwalk2196\n|c|\u2606dwalk2196|GG\n|c|\u2606paultheconvincer|ggs\n|l|\u2606paultheconvincer\n","uploadtime":1683756682,"views":10,"p1id":"paultheconvincer","p2id":"dwalk2196","formatid":"gen9vgc2023regulationc","rating":0,"private":0,"password":""}