{"id":"gen9vgc2023regulationc-1862825661","p1":"Zephyl","p2":"Bertigo","format":"[Gen 9] VGC 2023 Regulation C","log":"|j|\u2606Zephyl\n|j|\u2606Bertigo\n|t:|1683926201\n|gametype|doubles\n|player|p1|Zephyl|nemona-v|\n|player|p2|Bertigo|#vgcwliikilowattrels|\n|teamsize|p1|6\n|teamsize|p2|6\n|gen|9\n|tier|[Gen 9] VGC 2023 Regulation C\n|rule|Species Clause: Limit one of each Pok\u00e9mon\n|rule|Item Clause: Limit one of each item\n|clearpoke\n|poke|p1|Palafin, L50, M|\n|poke|p1|Flutter Mane, L50|\n|poke|p1|Arcanine, L50, F|\n|poke|p1|Ting-Lu, L50|\n|poke|p1|Amoonguss, L50, F|\n|poke|p1|Kingambit, L50, M|\n|poke|p2|Iron Hands, L50|\n|poke|p2|Flutter Mane, L50|\n|poke|p2|Chi-Yu, L50|\n|poke|p2|Gyarados, L50, F|\n|poke|p2|Amoonguss, L50, M|\n|poke|p2|Ting-Lu, L50|\n|teampreview|4\nBertigo has agreed to open team sheets.\nZephyl has agreed to open team sheets.\n|c|\u2606Bertigo|\/log Bertigo made this room public.\n|j| iluvubb\n|j| SvenVGC\n|j| ceree\n|j| I'm Beamed Up!\n|j| eughe\n|j| Orangex733\n|j| baaaaat_\n|\n|t:|1683927631\n|start\n|switch|p1a: Palafin|Palafin, L50, M|100\/100\n|switch|p1b: Arcanine|Arcanine, L50, F|100\/100\n|switch|p2a: Iron Hands|Iron Hands, L50|100\/100\n|switch|p2b: Amoonguss|Amoonguss, L50, M, shiny|100\/100\n|-ability|p1b: Arcanine|Intimidate|boost\n|-unboost|p2a: Iron Hands|atk|1\n|-unboost|p2b: Amoonguss|atk|1\n|turn|1\n|j| pwny person\n|\n|t:|1683927729\n|-terastallize|p2a: Iron Hands|Fire\n|move|p1a: Palafin|Protect|p1a: Palafin\n|-singleturn|p1a: Palafin|Protect\n|move|p2b: Amoonguss|Rage Powder|p2b: Amoonguss\n|-singleturn|p2b: Amoonguss|move: Rage Powder\n|move|p1b: Arcanine|Howl|p1b: Arcanine|[spread] p1a,p1b\n|-boost|p1a: Palafin|atk|1\n|-boost|p1b: Arcanine|atk|1\n|move|p2a: Iron Hands|Swords Dance|p2a: Iron Hands\n|-boost|p2a: Iron Hands|atk|2\n|\n|upkeep\n|turn|2\n|j| Finabas\n|\n|t:|1683927784\n|switch|p2b: Gyarados|Gyarados, L50, F|100\/100\n|-ability|p2b: Gyarados|Intimidate|boost\n|-unboost|p1a: Palafin|atk|1\n|-unboost|p1b: Arcanine|atk|1\n|-terastallize|p1a: Palafin|Water\n|move|p1b: Arcanine|Flare Blitz|p2b: Gyarados\n|-resisted|p2b: Gyarados\n|-damage|p2b: Gyarados|75\/100\n|-damage|p1b: Arcanine|92\/100|[from] Recoil\n|move|p1a: Palafin|Wave Crash|p2a: Iron Hands\n|-supereffective|p2a: Iron Hands\n|-damage|p2a: Iron Hands|3\/100\n|-damage|p1a: Palafin|61\/100|[from] Recoil\n|move|p2a: Iron Hands|Thunder Punch|p1a: Palafin\n|-supereffective|p1a: Palafin\n|-damage|p1a: Palafin|0 fnt\n|faint|p1a: Palafin\n|\n|upkeep\n|j| pipppo\n|\n|t:|1683927807\n|switch|p1a: Flutter Mane|Flutter Mane, L50|100\/100\n|-enditem|p1a: Flutter Mane|Booster Energy\n|-activate|p1a: Flutter Mane|ability: Protosynthesis|[fromitem]\n|-start|p1a: Flutter Mane|protosynthesisspa\n|turn|3\n|\n|t:|1683927889\n|move|p1a: Flutter Mane|Dazzling Gleam|p2a: Iron Hands|[spread] p2a,p2b\n|-resisted|p2a: Iron Hands\n|-damage|p2a: Iron Hands|0 fnt\n|-damage|p2b: Gyarados|44\/100\n|faint|p2a: Iron Hands\n|-end|p2a: Iron Hands|Quark Drive|[silent]\n|move|p1b: Arcanine|Will-O-Wisp|p2b: Gyarados\n|-status|p2b: Gyarados|brn\n|move|p2b: Gyarados|Thunder Wave|p1a: Flutter Mane\n|-status|p1a: Flutter Mane|par\n|\n|-damage|p2b: Gyarados|38\/100 brn|[from] brn\n|upkeep\n|\n|t:|1683927899\n|switch|p2a: Flutter Mane|Flutter Mane, L50|100\/100\n|-enditem|p2a: Flutter Mane|Booster Energy\n|-activate|p2a: Flutter Mane|ability: Protosynthesis|[fromitem]\n|-start|p2a: Flutter Mane|protosynthesisspe\n|turn|4\n|\n|t:|1683927955\n|-end|p1a: Flutter Mane|Protosynthesis|[silent]\n|switch|p1a: Amoonguss|Amoonguss, L50, F|100\/100\n|move|p2a: Flutter Mane|Protect|p2a: Flutter Mane\n|-singleturn|p2a: Flutter Mane|Protect\n|move|p1b: Arcanine|Howl|p1b: Arcanine|[spread] p1a,p1b\n|-boost|p1a: Amoonguss|atk|1\n|-boost|p1b: Arcanine|atk|1\n|move|p2b: Gyarados|Thunder Wave|p1b: Arcanine\n|-status|p1b: Arcanine|par\n|\n|-damage|p2b: Gyarados|32\/100 brn|[from] brn\n|upkeep\n|turn|5\n|\n|t:|1683927982\n|move|p2a: Flutter Mane|Substitute|p2a: Flutter Mane\n|-start|p2a: Flutter Mane|Substitute\n|-damage|p2a: Flutter Mane|76\/100\n|move|p2b: Gyarados|Taunt|p1a: Amoonguss\n|-start|p1a: Amoonguss|move: Taunt\n|cant|p1b: Arcanine|par\n|move|p1a: Amoonguss|Pollen Puff|p1b: Arcanine\n|-heal|p1b: Arcanine|100\/100 par\n|\n|-damage|p2b: Gyarados|26\/100 brn|[from] brn\n|upkeep\n|turn|6\n|\n|t:|1683928009\n|move|p2a: Flutter Mane|Shadow Ball|p1b: Arcanine\n|-damage|p1b: Arcanine|53\/100 par\n|move|p2b: Gyarados|Waterfall|p1b: Arcanine\n|-supereffective|p1b: Arcanine\n|-damage|p1b: Arcanine|18\/100 par\n|cant|p1b: Arcanine|flinch\n|move|p1a: Amoonguss|Pollen Puff|p1b: Arcanine\n|-heal|p1b: Arcanine|68\/100 par\n|\n|-damage|p2b: Gyarados|20\/100 brn|[from] brn\n|upkeep\n|-enditem|p2b: Gyarados|Aguav Berry|[eat]\n|-heal|p2b: Gyarados|53\/100 brn|[from] item: Aguav Berry\n|turn|7\n|\n|t:|1683928034\n|cant|p1b: Arcanine|par\n|move|p2a: Flutter Mane|Shadow Ball|p1b: Arcanine\n|-damage|p1b: Arcanine|25\/100 par\n|move|p2b: Gyarados|Waterfall|p1b: Arcanine\n|-supereffective|p1b: Arcanine\n|-damage|p1b: Arcanine|0 fnt\n|faint|p1b: Arcanine\n|move|p1a: Amoonguss|Pollen Puff|p2b: Gyarados\n|-resisted|p2b: Gyarados\n|-damage|p2b: Gyarados|46\/100 brn\n|\n|-damage|p2b: Gyarados|40\/100 brn|[from] brn\n|-end|p1a: Amoonguss|move: Taunt\n|upkeep\n|\n|t:|1683928036\n|switch|p1b: Flutter Mane|Flutter Mane, L50|100\/100 par\n|turn|8\n|\n|t:|1683928051\n|move|p1a: Amoonguss|Protect|p1a: Amoonguss\n|-singleturn|p1a: Amoonguss|Protect\n|move|p2a: Flutter Mane|Shadow Ball|p1b: Flutter Mane\n|-supereffective|p1b: Flutter Mane\n|-damage|p1b: Flutter Mane|29\/100 par\n|move|p2b: Gyarados|Taunt|p1a: Amoonguss\n|-activate|p1a: Amoonguss|move: Protect\n|move|p1b: Flutter Mane|Moonblast|p2b: Gyarados\n|-damage|p2b: Gyarados|0 fnt\n|faint|p2b: Gyarados\n|\n|upkeep\n|\n|t:|1683928056\n|switch|p2b: Amoonguss|Amoonguss, L50, M, shiny|100\/100\n|turn|9\n|\n|t:|1683928093\n|move|p1a: Amoonguss|Rage Powder|p1a: Amoonguss\n|-singleturn|p1a: Amoonguss|move: Rage Powder\n|move|p2a: Flutter Mane|Shadow Ball|p1a: Amoonguss\n|-damage|p1a: Amoonguss|62\/100\n|-unboost|p1a: Amoonguss|spd|1\n|cant|p1b: Flutter Mane|par\n|move|p2b: Amoonguss|Clear Smog|p1b: Flutter Mane\n|-damage|p1b: Flutter Mane|15\/100 par\n|-clearboost|p1b: Flutter Mane\n|\n|upkeep\n|turn|10\n|\n|t:|1683928108\n|move|p2a: Flutter Mane|Shadow Ball|p1b: Flutter Mane\n|-supereffective|p1b: Flutter Mane\n|-damage|p1b: Flutter Mane|0 fnt\n|faint|p1b: Flutter Mane\n|-end|p1b: Flutter Mane|Protosynthesis|[silent]\n|move|p1a: Amoonguss|Spore||[still]\n|-fail|p1a: Amoonguss\n|move|p2b: Amoonguss|Clear Smog|p1a: Amoonguss\n|-damage|p1a: Amoonguss|42\/100\n|-clearboost|p1a: Amoonguss\n|\n|upkeep\n|turn|11\n|l| I'm Beamed Up!\n|c|\u2606Zephyl|gg\n|-message|Zephyl forfeited.\n|\n|win|Bertigo\n|l|\u2606Zephyl\n|c|\u2606Bertigo|Gg\n|l| pwny person\n|l| iluvubb\n|l| eughe\n|l| Orangex733\n|l| ceree\n|l| pipppo\n|l|\u2606Bertigo\n|j|\u2606Bertigo\n|player|p2|Bertigo|#vgcwliikilowattrels\n|l| Finabas\n|l|\u2606Bertigo\n|player|p2|\n|l| baaaaat_\n","uploadtime":1683928189,"views":34,"p1id":"zephyl","p2id":"bertigo","formatid":"gen9vgc2023regulationc","rating":0,"private":0,"password":""}