{"id":"gen9vgc2023regulationc-1863649942","p1":"zgrzgr","p2":"AhmedAli09","format":"[Gen 9] VGC 2023 Regulation C","log":"|j|\u2606zgrzgr\n|j|\u2606AhmedAli09\n|t:|1684051797\n|gametype|doubles\n|player|p1|zgrzgr|ethan|\n|player|p2|AhmedAli09|riley|\n|teamsize|p1|6\n|teamsize|p2|6\n|gen|9\n|tier|[Gen 9] VGC 2023 Regulation C\n|rated|Tournament battle\n|rule|Species Clause: Limit one of each Pok\u00e9mon\n|rule|Item Clause: Limit one of each item\n|clearpoke\n|poke|p1|Flutter Mane, L50|\n|poke|p1|Chi-Yu, L50|\n|poke|p1|Murkrow, L50, M|\n|poke|p1|Brute Bonnet, L50|\n|poke|p1|Iron Bundle, L50|\n|poke|p1|Great Tusk, L50|\n|poke|p2|Garchomp, L50, F|\n|poke|p2|Sylveon, L50, F|\n|poke|p2|Tsareena, L50, F|\n|poke|p2|Chien-Pao, L50|\n|poke|p2|Arcanine, L50, F|\n|poke|p2|Palafin, L50, F|\n|teampreview|4\n|raw| Open Team Sheet for zgrzgr<\/summary>Flutter Mane @ Life Orb Ability: Protosynthesis Level: 50 Tera Type: Fairy - Shadow Ball - Dazzling Gleam - Moonblast - Protect Chi-Yu @ Safety Goggles Ability: Beads of Ruin Level: 50 Tera Type: Water - Dark Pulse - Heat Wave - Protect - Tera Blast Murkrow @ Focus Sash Ability: Prankster Level: 50 Tera Type: Ghost - Sunny Day - Tailwind - Quash - Brave Bird Brute Bonnet @ Loaded Dice Ability: Protosynthesis Level: 50 Tera Type: Water - Bullet Seed - Spore - Sucker Punch - Protect Iron Bundle @ Booster Energy Ability: Quark Drive Level: 50 Tera Type: Ghost - Encore - Icy Wind - Freeze-Dry - Protect Great Tusk @ Clear Amulet Ability: Protosynthesis Level: 50 Hidden Power: Fighting Tera Type: Steel - Headlong Rush - Close Combat - Rock Slide - Protect <\/details><\/div> Open Team Sheet for AhmedAli09<\/summary>Garchomp @ Choice Band Ability: Rough Skin Level: 50 Tera Type: Ground - Earthquake - Outrage - Iron Head - Rock Slide Sylveon @ Throat Spray Ability: Pixilate Level: 50 Tera Type: Fire - Hyper Voice - Draining Kiss - Protect - Tera Blast Tsareena (F) @ Aguav Berry Ability: Queenly Majesty Level: 50 Tera Type: Rock - Trop Kick - Rapid Spin - Protect - U-turn Chien-Pao @ Focus Sash Ability: Sword of Ruin Level: 50 Tera Type: Fighting - Crunch - Ice Spinner - Protect - Sacred Sword Arcanine @ Safety Goggles Ability: Intimidate Level: 50 Tera Type: Grass - Flare Blitz - Will-O-Wisp - Extreme Speed - Snarl Palafin @ Life Orb Ability: Zero to Hero Level: 50 Tera Type: Water - Wave Crash - Jet Punch - Protect - Close Combat <\/details><\/div>\n|\n|t:|1684051841\n|start\n|switch|p1a: Iron Bundle|Iron Bundle, L50|100\/100\n|switch|p1b: Great Tusk|Great Tusk, L50|100\/100\n|switch|p2a: Arcanine|Arcanine, L50, F|100\/100\n|switch|p2b: Palafin|Palafin, L50, F|100\/100\n|-ability|p2a: Arcanine|Intimidate|boost\n|-unboost|p1a: Iron Bundle|atk|1\n|-fail|p1b: Great Tusk|unboost|[from] item: Clear Amulet|[of] p1b: Great Tusk\n|-enditem|p1a: Iron Bundle|Booster Energy\n|-activate|p1a: Iron Bundle|ability: Quark Drive|[fromitem]\n|-start|p1a: Iron Bundle|quarkdrivespe\n|turn|1\n|j| Topperlecat\n|\n|t:|1684051872\n|detailschange|p2b: Palafin|Palafin-Hero, L50, F\n|switch|p2b: Chien-Pao|Chien-Pao, L50|100\/100\n|-ability|p2b: Chien-Pao|Sword of Ruin\n|move|p1b: Great Tusk|Protect|p1b: Great Tusk\n|-singleturn|p1b: Great Tusk|Protect\n|move|p1a: Iron Bundle|Icy Wind|p2a: Arcanine|[spread] p2a,p2b\n|-resisted|p2a: Arcanine\n|-resisted|p2b: Chien-Pao\n|-damage|p2a: Arcanine|94\/100\n|-damage|p2b: Chien-Pao|86\/100\n|-unboost|p2a: Arcanine|spe|1\n|-unboost|p2b: Chien-Pao|spe|1\n|move|p2a: Arcanine|Will-O-Wisp|p1b: Great Tusk\n|-activate|p1b: Great Tusk|move: Protect\n|\n|upkeep\n|turn|2\n|\n|t:|1684051908\n|-terastallize|p1b: Great Tusk|Steel\n|move|p1a: Iron Bundle|Freeze-Dry|p2a: Arcanine\n|-resisted|p2a: Arcanine\n|-damage|p2a: Arcanine|80\/100\n|move|p1b: Great Tusk|Close Combat|p2a: Arcanine\n|-damage|p2a: Arcanine|0 fnt\n|-unboost|p1b: Great Tusk|def|1\n|-unboost|p1b: Great Tusk|spd|1\n|faint|p2a: Arcanine\n|move|p2b: Chien-Pao|Sacred Sword|p1a: Iron Bundle\n|-supereffective|p1a: Iron Bundle\n|-damage|p1a: Iron Bundle|1\/100\n|\n|upkeep\n|l| Topperlecat\n|\n|t:|1684051937\n|switch|p2a: Palafin|Palafin-Hero, L50, F|100\/100\n|-activate|p2a: Palafin|ability: Zero to Hero\n|turn|3\n|\n|t:|1684051967\n|move|p1a: Iron Bundle|Protect|p1a: Iron Bundle\n|-singleturn|p1a: Iron Bundle|Protect\n|move|p1b: Great Tusk|Protect|p1b: Great Tusk\n|-singleturn|p1b: Great Tusk|Protect\n|move|p2b: Chien-Pao|Protect|p2b: Chien-Pao\n|-singleturn|p2b: Chien-Pao|Protect\n|move|p2a: Palafin|Jet Punch|p1a: Iron Bundle\n|-activate|p1a: Iron Bundle|move: Protect\n|\n|upkeep\n|turn|4\n|\n|t:|1684051991\n|move|p2a: Palafin|Jet Punch|p1a: Iron Bundle\n|-resisted|p1a: Iron Bundle\n|-damage|p1a: Iron Bundle|0 fnt\n|faint|p1a: Iron Bundle\n|-end|p1a: Iron Bundle|Quark Drive|[silent]\n|-damage|p2a: Palafin|91\/100|[from] item: Life Orb\n|move|p1b: Great Tusk|Close Combat|p2b: Chien-Pao\n|-supereffective|p2b: Chien-Pao\n|-damage|p2b: Chien-Pao|0 fnt\n|-unboost|p1b: Great Tusk|def|1\n|-unboost|p1b: Great Tusk|spd|1\n|faint|p2b: Chien-Pao\n|\n|upkeep\n|\n|t:|1684052007\n|switch|p1a: Flutter Mane|Flutter Mane, L50|100\/100\n|switch|p2b: Sylveon|Sylveon, L50, F|100\/100\n|turn|5\n|j| DarkZPichuZ\n|\n|t:|1684052050\n|-end|p1b: Great Tusk|Protosynthesis|[silent]\n|switch|p1b: Chi-Yu|Chi-Yu, L50|100\/100\n|-ability|p1b: Chi-Yu|Beads of Ruin\n|-terastallize|p2b: Sylveon|Fire\n|move|p2a: Palafin|Jet Punch|p1a: Flutter Mane\n|-damage|p1a: Flutter Mane|22\/100\n|-damage|p2a: Palafin|81\/100|[from] item: Life Orb\n|move|p1a: Flutter Mane|Moonblast|p2a: Palafin\n|-damage|p2a: Palafin|0 fnt\n|faint|p2a: Palafin\n|-damage|p1a: Flutter Mane|12\/100|[from] item: Life Orb\n|move|p2b: Sylveon|Tera Blast|p1b: Chi-Yu\n|-resisted|p1b: Chi-Yu\n|-damage|p1b: Chi-Yu|80\/100\n|\n|upkeep\n|turn|6\n|l| DarkZPichuZ\n|\n|t:|1684052078\n|move|p1a: Flutter Mane|Shadow Ball|p2b: Sylveon\n|-damage|p2b: Sylveon|48\/100\n|-damage|p1a: Flutter Mane|3\/100|[from] item: Life Orb\n|move|p1b: Chi-Yu|Dark Pulse|p2b: Sylveon\n|-damage|p2b: Sylveon|7\/100\n|move|p2b: Sylveon|Hyper Voice|p1a: Flutter Mane|[spread] p1a,p1b\n|-damage|p1a: Flutter Mane|0 fnt\n|-damage|p1b: Chi-Yu|37\/100\n|faint|p1a: Flutter Mane\n|-end|p1a: Flutter Mane|Protosynthesis|[silent]\n|-enditem|p2b: Sylveon|Throat Spray\n|-boost|p2b: Sylveon|spa|1|[from] item: Throat Spray\n|\n|upkeep\n|\n|t:|1684052086\n|switch|p1a: Great Tusk|Great Tusk, L50, tera:Steel|100\/100\n|turn|7\n|\n|t:|1684052093\n|move|p1b: Chi-Yu|Dark Pulse|p2b: Sylveon\n|-damage|p2b: Sylveon|0 fnt\n|faint|p2b: Sylveon\n|\n|win|zgrzgr\n|n|\u2606zgrzgr|zgrzgr\n|n|\u2606AhmedAli09|ahmedali09\n|l|\u2606AhmedAli09\n","uploadtime":1684052108,"views":4,"p1id":"zgrzgr","p2id":"ahmedali09","formatid":"gen9vgc2023regulationc","rating":0,"private":0,"password":""}