{"id":"gen9vgc2023regulationc-1857435643","p1":"Apneic","p2":"CbuttyVGC","format":"[Gen 9] VGC 2023 Regulation C","log":"|j|\u2606Apneic\n|j|\u2606CbuttyVGC\n|t:|1683192794\n|gametype|doubles\n|player|p1|Apneic|102|1345\n|player|p2|CbuttyVGC|acetrainer-gen4dp|1316\n|teamsize|p1|6\n|teamsize|p2|6\n|gen|9\n|tier|[Gen 9] VGC 2023 Regulation C\n|rated|\n|rule|Species Clause: Limit one of each Pok\u00e9mon\n|rule|Item Clause: Limit one of each item\n|clearpoke\n|poke|p1|Scream Tail, L50|\n|poke|p1|Salazzle, L50, F|\n|poke|p1|Bellibolt, L50, F|\n|poke|p1|Chien-Pao, L50|\n|poke|p1|Gyarados, L50, F|\n|poke|p1|Brute Bonnet, L50|\n|poke|p2|Arcanine, L50, M|\n|poke|p2|Palafin, L50, M|\n|poke|p2|Amoonguss, L50, M|\n|poke|p2|Flutter Mane, L50|\n|poke|p2|Ting-Lu, L50|\n|poke|p2|Iron Hands, L50|\n|teampreview|4\n|inactive|Battle timer is ON: inactive players will automatically lose when time's up. (requested by CbuttyVGC)\n|inactive|CbuttyVGC has 60 seconds left.\nCbuttyVGC has agreed to open team sheets.\nApneic rejected open team sheets.\n|\n|t:|1683192837\n|start\n|switch|p1a: Salazzle|Salazzle, L50, F|100\/100\n|switch|p1b: Bellibolt|Bellibolt, L50, F|100\/100\n|switch|p2a: Palafin|Palafin, L50, M|100\/100\n|switch|p2b: Iron Hands|Iron Hands, L50|100\/100\n|turn|1\n|\n|t:|1683192850\n|detailschange|p2a: Palafin|Palafin-Hero, L50, M\n|switch|p2a: Amoonguss|Amoonguss, L50, M|100\/100\n|move|p1a: Salazzle|Fake Out|p2b: Iron Hands\n|-damage|p2b: Iron Hands|96\/100\n|cant|p2b: Iron Hands|flinch\n|move|p1b: Bellibolt|Acid Spray|p2a: Amoonguss\n|-damage|p2a: Amoonguss|91\/100\n|-unboost|p2a: Amoonguss|spd|2\n|\n|upkeep\n|turn|2\n|\n|t:|1683192871\n|switch|p2a: Palafin|Palafin-Hero, L50, M|100\/100\n|-activate|p2a: Palafin|ability: Zero to Hero\n|-terastallize|p2b: Iron Hands|Fire\n|move|p1a: Salazzle|Overheat|p2a: Palafin\n|-resisted|p2a: Palafin\n|-damage|p2a: Palafin|71\/100\n|-unboost|p1a: Salazzle|spa|2\n|-enditem|p1a: Salazzle|Eject Pack\n|\n|t:|1683192887\n|switch|p1a: Brute Bonnet|Brute Bonnet, L50|100\/100\n|move|p2b: Iron Hands|Swords Dance|p2b: Iron Hands\n|-boost|p2b: Iron Hands|atk|2\n|move|p1b: Bellibolt|Acid Spray|p2b: Iron Hands\n|-damage|p2b: Iron Hands|87\/100\n|-unboost|p2b: Iron Hands|spd|2\n|\n|upkeep\n|turn|3\n|\n|t:|1683192910\n|-terastallize|p1b: Bellibolt|Water\n|move|p2a: Palafin|Taunt|p1a: Brute Bonnet\n|-start|p1a: Brute Bonnet|move: Taunt\n|cant|p1a: Brute Bonnet|move: Taunt|Spore\n|move|p2b: Iron Hands|Drain Punch|p1b: Bellibolt\n|-damage|p1b: Bellibolt|32\/100\n|-heal|p2b: Iron Hands|100\/100|[from] drain|[of] p1b: Bellibolt\n|-start|p1b: Bellibolt|Charge|Drain Punch|[from] ability: Electromorphosis\n|move|p1b: Bellibolt|Muddy Water|p2a: Palafin|[spread] p2b\n|-miss|p1b: Bellibolt|p2a: Palafin\n|-supereffective|p2b: Iron Hands\n|-damage|p2b: Iron Hands|8\/100\n|-unboost|p2b: Iron Hands|accuracy|1\n|\n|upkeep\n|turn|4\n|\n|t:|1683192928\n|-end|p2b: Iron Hands|Quark Drive|[silent]\n|switch|p2b: Amoonguss|Amoonguss, L50, M|100\/100\n|move|p1a: Brute Bonnet|Sucker Punch||[still]\n|-fail|p1a: Brute Bonnet\n|move|p2a: Palafin|Wave Crash|p1b: Bellibolt\n|-resisted|p1b: Bellibolt\n|-damage|p1b: Bellibolt|0 fnt\n|faint|p1b: Bellibolt\n|-damage|p2a: Palafin|59\/100|[from] Recoil\n|\n|upkeep\n|\n|t:|1683192940\n|switch|p1b: Salazzle|Salazzle, L50, F|100\/100\n|turn|5\n|\n|t:|1683192963\n|switch|p2a: Iron Hands|Iron Hands, L50, tera:Fire|8\/100\n|-end|p1a: Brute Bonnet|Protosynthesis|[silent]\n|switch|p1a: Gyarados|Gyarados, L50, F|100\/100\n|-ability|p1a: Gyarados|Intimidate|boost\n|-unboost|p2a: Iron Hands|atk|1\n|-unboost|p2b: Amoonguss|atk|1\n|move|p1b: Salazzle|Overheat|p2b: Amoonguss|[miss]\n|-miss|p1b: Salazzle|p2b: Amoonguss\n|move|p2b: Amoonguss|Pollen Puff|p2a: Iron Hands\n|-heal|p2a: Iron Hands|58\/100\n|\n|upkeep\n|turn|6\n|inactive|CbuttyVGC has 30 seconds left.\n|inactive|Apneic has 30 seconds left.\n|\n|t:|1683193005\n|switch|p2b: Palafin|Palafin-Hero, L50, M|59\/100\n|move|p1a: Gyarados|Protect|p1a: Gyarados\n|-singleturn|p1a: Gyarados|Protect\n|move|p2a: Iron Hands|Fake Out|p1a: Gyarados\n|-activate|p1a: Gyarados|move: Protect\n|move|p1b: Salazzle|Acid Spray|p2b: Palafin\n|-damage|p2b: Palafin|39\/100\n|-unboost|p2b: Palafin|spd|2\n|\n|upkeep\n|turn|7\n|\n|t:|1683193026\n|switch|p1a: Brute Bonnet|Brute Bonnet, L50|100\/100\n|move|p1b: Salazzle|Protect|p1b: Salazzle\n|-singleturn|p1b: Salazzle|Protect\n|move|p2b: Palafin|Jet Punch|p1b: Salazzle\n|-activate|p1b: Salazzle|move: Protect\n|move|p2a: Iron Hands|Swords Dance|p2a: Iron Hands\n|-boost|p2a: Iron Hands|atk|2\n|\n|upkeep\n|turn|8\n|\n|t:|1683193039\n|switch|p1b: Gyarados|Gyarados, L50, F|100\/100\n|-ability|p1b: Gyarados|Intimidate|boost\n|-unboost|p2a: Iron Hands|atk|1\n|-unboost|p2b: Palafin|atk|1\n|move|p2b: Palafin|Jet Punch|p1b: Gyarados\n|-resisted|p1b: Gyarados\n|-damage|p1b: Gyarados|84\/100\n|move|p1a: Brute Bonnet|Spore|p2a: Iron Hands\n|-activate|p2a: Iron Hands|item: Safety Goggles|Spore\n|move|p2a: Iron Hands|Swords Dance|p2a: Iron Hands\n|-boost|p2a: Iron Hands|atk|2\n|\n|upkeep\n|turn|9\n|\n|t:|1683193056\n|switch|p2b: Amoonguss|Amoonguss, L50, M|100\/100\n|move|p1a: Brute Bonnet|Sucker Punch|p2a: Iron Hands\n|-damage|p2a: Iron Hands|26\/100\n|-damage|p1a: Brute Bonnet|90\/100|[from] item: Life Orb\n|move|p1b: Gyarados|Waterfall|p2a: Iron Hands\n|-supereffective|p2a: Iron Hands\n|-damage|p2a: Iron Hands|0 fnt\n|faint|p2a: Iron Hands\n|-end|p2a: Iron Hands|Quark Drive|[silent]\n|\n|upkeep\n|\n|t:|1683193065\n|switch|p2a: Flutter Mane|Flutter Mane, L50|100\/100\n|-enditem|p2a: Flutter Mane|Booster Energy\n|-activate|p2a: Flutter Mane|ability: Protosynthesis|[fromitem]\n|-start|p2a: Flutter Mane|protosynthesisspa\n|turn|10\n|\n|t:|1683193085\n|move|p1a: Brute Bonnet|Protect|p1a: Brute Bonnet\n|-singleturn|p1a: Brute Bonnet|Protect\n|move|p2a: Flutter Mane|Moonblast|p1a: Brute Bonnet\n|-activate|p1a: Brute Bonnet|move: Protect\n|move|p1b: Gyarados|Waterfall|p2a: Flutter Mane\n|-damage|p2a: Flutter Mane|45\/100\n|move|p2b: Amoonguss|Spore|p1b: Gyarados\n|-activate|p1b: Gyarados|item: Safety Goggles|Spore\n|\n|upkeep\n|turn|11\n|\n|t:|1683193105\n|-end|p2a: Flutter Mane|Protosynthesis|[silent]\n|switch|p2a: Palafin|Palafin-Hero, L50, M|39\/100\n|switch|p1b: Salazzle|Salazzle, L50, F|100\/100\n|move|p1a: Brute Bonnet|Protect|p1a: Brute Bonnet\n|-singleturn|p1a: Brute Bonnet|Protect\n|move|p2b: Amoonguss|Pollen Puff|p2a: Palafin\n|-heal|p2a: Palafin|89\/100\n|\n|upkeep\n|turn|12\n|inactive|Apneic has 30 seconds left.\n|\n|t:|1683193131\n|-end|p1a: Brute Bonnet|Protosynthesis|[silent]\n|switch|p1a: Gyarados|Gyarados, L50, F|84\/100\n|-ability|p1a: Gyarados|Intimidate|boost\n|-unboost|p2a: Palafin|atk|1\n|-unboost|p2b: Amoonguss|atk|1\n|switch|p2b: Flutter Mane|Flutter Mane, L50|45\/100\n|move|p1b: Salazzle|Overheat|p2b: Flutter Mane\n|-damage|p2b: Flutter Mane|0 fnt\n|-unboost|p1b: Salazzle|spa|2\n|faint|p2b: Flutter Mane\n|-end|p2b: Flutter Mane|Protosynthesis|[silent]\n|move|p2a: Palafin|Taunt|p1a: Gyarados\n|-start|p1a: Gyarados|move: Taunt\n|\n|upkeep\n|\n|t:|1683193135\n|switch|p2b: Amoonguss|Amoonguss, L50, M|100\/100\n|turn|13\n|\n|t:|1683193153\n|move|p1b: Salazzle|Protect|p1b: Salazzle\n|-singleturn|p1b: Salazzle|Protect\n|move|p2a: Palafin|Jet Punch|p1b: Salazzle\n|-activate|p1b: Salazzle|move: Protect\n|move|p1a: Gyarados|Icy Wind|p2a: Palafin|[spread] p2a,p2b\n|-resisted|p2a: Palafin\n|-supereffective|p2b: Amoonguss\n|-damage|p2a: Palafin|86\/100\n|-damage|p2b: Amoonguss|90\/100\n|-unboost|p2a: Palafin|spe|1\n|-unboost|p2b: Amoonguss|spe|1\n|move|p2b: Amoonguss|Clear Smog|p2a: Palafin\n|-damage|p2a: Palafin|71\/100\n|-clearboost|p2a: Palafin\n|\n|upkeep\n|turn|14\n|inactive|Apneic has 30 seconds left.\n|\n|t:|1683193182\n|switch|p1b: Brute Bonnet|Brute Bonnet, L50|90\/100\n|move|p2a: Palafin|Jet Punch|p1b: Brute Bonnet\n|-resisted|p1b: Brute Bonnet\n|-damage|p1b: Brute Bonnet|67\/100\n|move|p1a: Gyarados|Waterfall|p2b: Amoonguss\n|-resisted|p2b: Amoonguss\n|-damage|p2b: Amoonguss|75\/100\n|move|p2b: Amoonguss|Pollen Puff|p2a: Palafin\n|-heal|p2a: Palafin|100\/100\n|\n|-end|p1a: Gyarados|move: Taunt\n|upkeep\n|turn|15\n|\n|t:|1683193190\n|switch|p1a: Salazzle|Salazzle, L50, F|100\/100\n|move|p2a: Palafin|Protect|p2a: Palafin\n|-singleturn|p2a: Palafin|Protect\n|move|p1b: Brute Bonnet|Protect|p1b: Brute Bonnet\n|-singleturn|p1b: Brute Bonnet|Protect\n|move|p2b: Amoonguss|Pollen Puff|p1b: Brute Bonnet\n|-activate|p1b: Brute Bonnet|move: Protect\n|\n|upkeep\n|turn|16\n|\n|t:|1683193207\n|-end|p1b: Brute Bonnet|Protosynthesis|[silent]\n|switch|p1b: Gyarados|Gyarados, L50, F|84\/100\n|-ability|p1b: Gyarados|Intimidate|boost\n|-unboost|p2a: Palafin|atk|1\n|-unboost|p2b: Amoonguss|atk|1\n|move|p2a: Palafin|Jet Punch|p1a: Salazzle\n|-supereffective|p1a: Salazzle\n|-damage|p1a: Salazzle|0 fnt\n|faint|p1a: Salazzle\n|move|p2b: Amoonguss|Pollen Puff|p1b: Gyarados\n|-resisted|p1b: Gyarados\n|-damage|p1b: Gyarados|77\/100\n|\n|upkeep\n|\n|t:|1683193213\n|switch|p1a: Brute Bonnet|Brute Bonnet, L50|67\/100\n|turn|17\n|\n|t:|1683193221\n|move|p2a: Palafin|Protect|p2a: Palafin\n|-singleturn|p2a: Palafin|Protect\n|move|p1b: Gyarados|Waterfall|p2a: Palafin\n|-activate|p2a: Palafin|move: Protect\n|move|p1a: Brute Bonnet|Bullet Seed|p2a: Palafin\n|-activate|p2a: Palafin|move: Protect\n|move|p2b: Amoonguss|Pollen Puff|p1a: Brute Bonnet\n|-supereffective|p1a: Brute Bonnet\n|-damage|p1a: Brute Bonnet|7\/100\n|\n|upkeep\n|turn|18\n|-message|Apneic forfeited.\n|\n|win|CbuttyVGC\n|raw|Apneic's rating: 1345 → 1323<\/strong> (-22 for losing)\n|raw|CbuttyVGC's rating: 1316 → 1338<\/strong> (+22 for winning)\n|l|\u2606Apneic\n","uploadtime":1683193236,"views":14,"p1id":"apneic","p2id":"cbuttyvgc","formatid":"gen9vgc2023regulationc","rating":1323,"private":0,"password":""}