{"id":"gen9vgc2023regulationc-1862635511","p1":"Nehzzy","p2":"Poglo Escobar","format":"[Gen 9] VGC 2023 Regulation C","log":"|j|\u2606Nehzzy\n|j|\u2606Poglo Escobar\n|t:|1683907613\n|gametype|doubles\n|player|p1|Nehzzy|1|1367\n|player|p2|Poglo Escobar|bruno|1284\n|teamsize|p1|6\n|teamsize|p2|6\n|gen|9\n|tier|[Gen 9] VGC 2023 Regulation C\n|rated|\n|rule|Species Clause: Limit one of each Pok\u00e9mon\n|rule|Item Clause: Limit one of each item\n|clearpoke\n|poke|p1|Amoonguss, L50, M|\n|poke|p1|Gyarados, L50, M|\n|poke|p1|Murkrow, L50, M|\n|poke|p1|Great Tusk, L50|\n|poke|p1|Flutter Mane, L50|\n|poke|p1|Gholdengo, L50|\n|poke|p2|Grimmsnarl, L50, M|\n|poke|p2|Flutter Mane, L50|\n|poke|p2|Annihilape, L50, M|\n|poke|p2|Corviknight, L50, M|\n|poke|p2|Ting-Lu, L50|\n|poke|p2|Iron Moth, L50|\n|teampreview|4\nNehzzy has agreed to open team sheets.\n|\n|t:|1683907657\n|start\n|switch|p1a: Murkrow|Murkrow, L50, M|100\/100\n|switch|p1b: Flutter Mane|Flutter Mane, L50|100\/100\n|switch|p2a: Grimmsnarl|Grimmsnarl, L50, M|100\/100\n|switch|p2b: Corviknight|Corviknight, L50, M|100\/100\n|turn|1\n|\n|t:|1683907695\n|-terastallize|p1b: Flutter Mane|Fairy\n|move|p2a: Grimmsnarl|Fake Out|p1a: Murkrow\n|-damage|p1a: Murkrow|88\/100\n|cant|p1a: Murkrow|flinch\n|move|p1b: Flutter Mane|Moonblast|p2a: Grimmsnarl\n|-supereffective|p2a: Grimmsnarl\n|-damage|p2a: Grimmsnarl|0 fnt\n|faint|p2a: Grimmsnarl\n|move|p2b: Corviknight|Iron Head|p1b: Flutter Mane\n|-supereffective|p1b: Flutter Mane\n|-damage|p1b: Flutter Mane|16\/100\n|\n|upkeep\n|\n|t:|1683907709\n|switch|p2a: Iron Moth|Iron Moth, L50|100\/100\n|-enditem|p2a: Iron Moth|Booster Energy\n|-activate|p2a: Iron Moth|ability: Quark Drive|[fromitem]\n|-start|p2a: Iron Moth|quarkdrivespa\n|turn|2\n|\n|t:|1683907728\n|-end|p1b: Flutter Mane|Protosynthesis|[silent]\n|switch|p1b: Great Tusk|Great Tusk, L50|100\/100\n|move|p1a: Murkrow|Sunny Day|p1a: Murkrow\n|-weather|SunnyDay\n|-activate|p1b: Great Tusk|ability: Protosynthesis\n|-start|p1b: Great Tusk|protosynthesisatk\n|move|p2a: Iron Moth|Sludge Wave|p1a: Murkrow|[spread] p1a,p1b\n|-immune|p2b: Corviknight\n|-resisted|p1b: Great Tusk\n|-crit|p1b: Great Tusk\n|-damage|p1a: Murkrow|38\/100\n|-damage|p1b: Great Tusk|47\/100\n|-status|p1a: Murkrow|psn\n|move|p2b: Corviknight|Tailwind|p2b: Corviknight\n|-sidestart|p2: Poglo Escobar|move: Tailwind\n|\n|-weather|SunnyDay|[upkeep]\n|-damage|p1a: Murkrow|26\/100 psn|[from] psn\n|upkeep\n|turn|3\n|\n|t:|1683907770\n|move|p1a: Murkrow|Tailwind|p1a: Murkrow\n|-sidestart|p1: Nehzzy|move: Tailwind\n|move|p1b: Great Tusk|Earthquake|p2a: Iron Moth|[spread] p2a\n|-immune|p1a: Murkrow\n|-immune|p2b: Corviknight\n|-supereffective|p2a: Iron Moth\n|-damage|p2a: Iron Moth|0 fnt\n|faint|p2a: Iron Moth\n|-end|p2a: Iron Moth|Quark Drive|[silent]\n|move|p2b: Corviknight|Brave Bird|p1b: Great Tusk\n|-supereffective|p1b: Great Tusk\n|-damage|p1b: Great Tusk|0 fnt\n|faint|p1b: Great Tusk\n|-end|p1b: Great Tusk|Protosynthesis|[silent]\n|-damage|p2b: Corviknight|86\/100|[from] Recoil\n|\n|-weather|SunnyDay|[upkeep]\n|-damage|p1a: Murkrow|14\/100 psn|[from] psn\n|upkeep\n|\n|t:|1683907785\n|switch|p2a: Annihilape|Annihilape, L50, M|100\/100\n|switch|p1b: Flutter Mane|Flutter Mane, L50, tera:Fairy|16\/100\n|-activate|p1b: Flutter Mane|ability: Protosynthesis\n|-start|p1b: Flutter Mane|protosynthesisspa\n|turn|4\n|\n|t:|1683907801\n|-terastallize|p2a: Annihilape|Fire\n|move|p1b: Flutter Mane|Mystical Fire|p2b: Corviknight\n|-supereffective|p2b: Corviknight\n|-damage|p2b: Corviknight|0 fnt\n|faint|p2b: Corviknight\n|move|p2a: Annihilape|Rage Fist|p1b: Flutter Mane\n|-damage|p1b: Flutter Mane|0 fnt\n|faint|p1b: Flutter Mane\n|-end|p1b: Flutter Mane|Protosynthesis|[silent]\n|move|p1a: Murkrow|Foul Play|p2a: Annihilape\n|-damage|p2a: Annihilape|60\/100\n|\n|-weather|SunnyDay|[upkeep]\n|-heal|p2a: Annihilape|66\/100|[from] item: Leftovers\n|-damage|p1a: Murkrow|2\/100 psn|[from] psn\n|upkeep\n|\n|t:|1683907812\n|switch|p1b: Gyarados|Gyarados, L50, M|100\/100\n|-ability|p1b: Gyarados|Intimidate|boost\n|-unboost|p2a: Annihilape|atk|1\n|-ability|p2a: Annihilape|Defiant|boost\n|-boost|p2a: Annihilape|atk|2\n|turn|5\n|\n|t:|1683907820\n|move|p2a: Annihilape|Protect|p2a: Annihilape\n|-singleturn|p2a: Annihilape|Protect\n|move|p1a: Murkrow|Haze|p1a: Murkrow\n|-clearallboost\n|move|p1b: Gyarados|Waterfall|p2a: Annihilape\n|-activate|p2a: Annihilape|move: Protect\n|\n|-weather|SunnyDay|[upkeep]\n|-heal|p2a: Annihilape|72\/100|[from] item: Leftovers\n|-damage|p1a: Murkrow|0 fnt|[from] psn\n|faint|p1a: Murkrow\n|-sideend|p2: Poglo Escobar|move: Tailwind\n|upkeep\n|turn|6\n|\n|t:|1683907847\n|move|p1b: Gyarados|Thunder Wave|p2a: Annihilape\n|-status|p2a: Annihilape|par\n|move|p2a: Annihilape|Bulk Up|p2a: Annihilape\n|-boost|p2a: Annihilape|atk|1\n|-boost|p2a: Annihilape|def|1\n|\n|-weather|none\n|-heal|p2a: Annihilape|78\/100 par|[from] item: Leftovers\n|-sideend|p1: Nehzzy|move: Tailwind\n|upkeep\n|turn|7\n|\n|t:|1683907860\n|move|p1b: Gyarados|Taunt|p2a: Annihilape\n|-start|p2a: Annihilape|move: Taunt\n|cant|p2a: Annihilape|par\n|\n|-heal|p2a: Annihilape|84\/100 par|[from] item: Leftovers\n|upkeep\n|turn|8\n|\n|t:|1683907869\n|move|p1b: Gyarados|Waterfall|p2a: Annihilape\n|-supereffective|p2a: Annihilape\n|-damage|p2a: Annihilape|29\/100 par\n|move|p2a: Annihilape|Rage Fist|p1b: Gyarados\n|-damage|p1b: Gyarados|7\/100\n|\n|-heal|p2a: Annihilape|35\/100 par|[from] item: Leftovers\n|upkeep\n|turn|9\n|\n|t:|1683907878\n|move|p1b: Gyarados|Waterfall|p2a: Annihilape\n|-supereffective|p2a: Annihilape\n|-damage|p2a: Annihilape|0 fnt\n|faint|p2a: Annihilape\n|\n|win|Nehzzy\n|raw|Nehzzy's rating: 1367 → 1382<\/strong> (+15 for winning)\n|raw|Poglo Escobar's rating: 1284 → 1265<\/strong> (-19 for losing)\n|c|\u2606Nehzzy|gg\n|c|\u2606Nehzzy|close one\n|c|\u2606Poglo Escobar|gg\n|l|\u2606Poglo Escobar\n","uploadtime":1683907890,"views":11,"p1id":"nehzzy","p2id":"pogloescobar","formatid":"gen9vgc2023regulationc","rating":1265,"private":0,"password":""}