{"id":"gen9vgc2023regulationc-1856942133","p1":"LeadTheRise","p2":"betelgeuse","format":"[Gen 9] VGC 2023 Regulation C","log":"|j|\u2606LeadTheRise\n|j|\u2606betelgeuse\n|t:|1683128435\n|gametype|doubles\n|player|p1|LeadTheRise|169|1047\n|player|p2|betelgeuse|janitor|1024\n|teamsize|p1|6\n|teamsize|p2|6\n|gen|9\n|tier|[Gen 9] VGC 2023 Regulation C\n|rated|\n|rule|Species Clause: Limit one of each Pok\u00e9mon\n|rule|Item Clause: Limit one of each item\n|clearpoke\n|poke|p1|Torkoal, L50, F|\n|poke|p1|Lilligant, L50, F|\n|poke|p1|Flutter Mane, L50|\n|poke|p1|Great Tusk, L50|\n|poke|p1|Dragonite, L50, F|\n|poke|p1|Chien-Pao, L50|\n|poke|p2|Vaporeon, L50, M|\n|poke|p2|Jolteon, L50, F|\n|poke|p2|Sylveon, L50, M|\n|poke|p2|Umbreon, L50, M|\n|poke|p2|Espeon, L50, M|\n|poke|p2|Leafeon, L50, M|\n|teampreview|4\nLeadTheRise has agreed to open team sheets.\n|inactive|Battle timer is ON: inactive players will automatically lose when time's up. (requested by LeadTheRise)\n|\n|t:|1683128469\n|start\n|switch|p1a: Torkoal|Torkoal, L50, F|100\/100\n|switch|p1b: Lilligant|Lilligant, L50, F|100\/100\n|switch|p2a: Jolteon|Jolteon, L50, F|100\/100\n|switch|p2b: Umbreon|Umbreon, L50, M|100\/100\n|-weather|SunnyDay|[from] ability: Drought|[of] p1a: Torkoal\n|turn|1\n|inactive|LeadTheRise has 30 seconds left.\n|inactive|betelgeuse has 30 seconds left.\n|c|\u2606betelgeuse|Whats happening ? 3 team today, 3 torkoal sun\n|inactive|betelgeuse has 20 seconds left.\n|c|\u2606LeadTheRise|im just messin around\n|inactive|betelgeuse has 15 seconds left.\n|\n|t:|1683128513\n|-terastallize|p1a: Torkoal|Fire\n|move|p1b: Lilligant|After You|p1a: Torkoal\n|-activate|p1a: Torkoal|move: After You\n|move|p1a: Torkoal|Eruption|p2b: Umbreon|[spread] p2a,p2b\n|-crit|p2a: Jolteon\n|-enditem|p2a: Jolteon|Focus Sash\n|-damage|p2a: Jolteon|1\/100\n|-damage|p2b: Umbreon|26\/100\n|-enditem|p2b: Umbreon|Sitrus Berry|[eat]\n|-heal|p2b: Umbreon|51\/100|[from] item: Sitrus Berry\n|move|p2a: Jolteon|Thunder Wave|p1b: Lilligant\n|-status|p1b: Lilligant|par\n|move|p2b: Umbreon|Snarl|p1a: Torkoal|[spread] p1a,p1b\n|-damage|p1a: Torkoal|87\/100\n|-damage|p1b: Lilligant|84\/100 par\n|-unboost|p1a: Torkoal|spa|1\n|-unboost|p1b: Lilligant|spa|1\n|\n|-weather|SunnyDay|[upkeep]\n|upkeep\n|turn|2\n|inactive|betelgeuse has 30 seconds left.\n|\n|t:|1683128538\n|move|p2a: Jolteon|Detect|p2a: Jolteon\n|-singleturn|p2a: Jolteon|Protect\n|move|p1b: Lilligant|After You|p1a: Torkoal\n|-activate|p1a: Torkoal|move: After You\n|move|p1a: Torkoal|Eruption|p2b: Umbreon|[spread] p2b\n|-activate|p2a: Jolteon|move: Protect\n|-damage|p2b: Umbreon|7\/100\n|move|p2b: Umbreon|Moonlight|p2b: Umbreon\n|-heal|p2b: Umbreon|74\/100\n|\n|-weather|SunnyDay|[upkeep]\n|upkeep\n|turn|3\n|\n|t:|1683128561\n|move|p2a: Jolteon|Thunderbolt|p1a: Torkoal\n|-damage|p1a: Torkoal|29\/100\n|move|p1b: Lilligant|Sleep Powder|p2b: Umbreon|[miss]\n|-miss|p1b: Lilligant|p2b: Umbreon\n|move|p2b: Umbreon|Snarl|p1b: Lilligant|[spread] p1a,p1b\n|-damage|p1a: Torkoal|16\/100\n|-damage|p1b: Lilligant|71\/100 par\n|-unboost|p1a: Torkoal|spa|1\n|-unboost|p1b: Lilligant|spa|1\n|move|p1a: Torkoal|Eruption|p2a: Jolteon|[spread] p2a,p2b\n|-damage|p2a: Jolteon|0 fnt\n|-damage|p2b: Umbreon|68\/100\n|faint|p2a: Jolteon\n|\n|-weather|SunnyDay|[upkeep]\n|upkeep\n|inactive|betelgeuse has 30 seconds left.\n|\n|t:|1683128586\n|switch|p2a: Leafeon|Leafeon, L50, M|100\/100\n|turn|4\n|\n|t:|1683128604\n|move|p2a: Leafeon|X-Scissor|p1b: Lilligant\n|-supereffective|p1b: Lilligant\n|-damage|p1b: Lilligant|0 fnt\n|faint|p1b: Lilligant\n|move|p2b: Umbreon|Snarl|p1a: Torkoal\n|-damage|p1a: Torkoal|0 fnt\n|faint|p1a: Torkoal\n|\n|-weather|SunnyDay|[upkeep]\n|upkeep\n|\n|t:|1683128613\n|switch|p1b: Chien-Pao|Chien-Pao, L50|100\/100\n|switch|p1a: Flutter Mane|Flutter Mane, L50|100\/100\n|-ability|p1b: Chien-Pao|Sword of Ruin\n|-activate|p1a: Flutter Mane|ability: Protosynthesis\n|-start|p1a: Flutter Mane|protosynthesisspa\n|turn|5\n|inactive|LeadTheRise has 30 seconds left.\n|\n|t:|1683128640\n|-terastallize|p2a: Leafeon|Fire\n|move|p2a: Leafeon|Tera Blast|p1b: Chien-Pao\n|-supereffective|p1b: Chien-Pao\n|-damage|p1b: Chien-Pao|0 fnt\n|faint|p1b: Chien-Pao\n|move|p1a: Flutter Mane|Moonblast|p2b: Umbreon\n|-supereffective|p2b: Umbreon\n|-damage|p2b: Umbreon|0 fnt\n|faint|p2b: Umbreon\n|\n|-weather|none\n|-end|p1a: Flutter Mane|Protosynthesis\n|upkeep\n|\n|t:|1683128648\n|switch|p2b: Sylveon|Sylveon, L50, M|100\/100\n|turn|6\n|\n|t:|1683128664\n|move|p1a: Flutter Mane|Moonblast|p2b: Sylveon\n|-damage|p2b: Sylveon|44\/100\n|move|p2a: Leafeon|Leaf Blade|p1a: Flutter Mane\n|-damage|p1a: Flutter Mane|17\/100\n|move|p2b: Sylveon|Hyper Voice|p1a: Flutter Mane\n|-damage|p1a: Flutter Mane|0 fnt\n|faint|p1a: Flutter Mane\n|-end|p1a: Flutter Mane|Protosynthesis|[silent]\n|\n|win|betelgeuse\n|raw|LeadTheRise's rating: 1047 → 1029<\/strong> (-18 for losing)\n|raw|betelgeuse's rating: 1024 → 1063<\/strong> (+39 for winning)\n|c|\u2606LeadTheRise|gg\n|c|\u2606betelgeuse|Gg\n|l|\u2606LeadTheRise\n","uploadtime":1683128705,"views":4,"p1id":"leadtherise","p2id":"betelgeuse","formatid":"gen9vgc2023regulationc","rating":1029,"private":0,"password":""}