{"id":"gen9vgc2023regulationc-1851614150","p1":"avatartest","p2":"MLGmushroom","format":"[Gen 9] VGC 2023 Regulation C","log":"|j|\u2606avatartest\n|j|\u2606MLGmushroom\n|t:|1682461372\n|gametype|doubles\n|player|p1|avatartest|scientist-gen4dp|1134\n|player|p2|MLGmushroom|blue|1218\n|teamsize|p1|6\n|teamsize|p2|6\n|gen|9\n|tier|[Gen 9] VGC 2023 Regulation C\n|rated|\n|rule|Species Clause: Limit one of each Pok\u00e9mon\n|rule|Item Clause: Limit one of each item\n|clearpoke\n|poke|p1|Annihilape, L50, M|\n|poke|p1|Maushold-Four, L50|\n|poke|p1|Gholdengo, L50|\n|poke|p1|Iron Bundle, L50|\n|poke|p1|Arcanine, L50, M|\n|poke|p1|Roaring Moon, L50|\n|poke|p2|Chien-Pao, L50|\n|poke|p2|Roaring Moon, L50|\n|poke|p2|Flutter Mane, L50|\n|poke|p2|Amoonguss, L50, M|\n|poke|p2|Gyarados, L50, M|\n|poke|p2|Scizor, L50, M|\n|teampreview|4\navatartest has agreed to open team sheets.\n|\n|t:|1682461415\n|start\n|switch|p1a: Gholdengo|Gholdengo, L50|100\/100\n|switch|p1b: Arcanine|Arcanine, L50, M|100\/100\n|switch|p2a: Roaring Moon|Roaring Moon, L50|100\/100\n|switch|p2b: Chien-Pao|Chien-Pao, L50|100\/100\n|-ability|p2b: Chien-Pao|Sword of Ruin\n|-ability|p1b: Arcanine|Intimidate|boost\n|-unboost|p2a: Roaring Moon|atk|1\n|-unboost|p2b: Chien-Pao|atk|1\n|-enditem|p2a: Roaring Moon|Booster Energy\n|-activate|p2a: Roaring Moon|ability: Protosynthesis|[fromitem]\n|-start|p2a: Roaring Moon|protosynthesisspe\n|turn|1\n|\n|t:|1682461439\n|move|p2a: Roaring Moon|Protect|p2a: Roaring Moon\n|-singleturn|p2a: Roaring Moon|Protect\n|move|p1a: Gholdengo|Protect|p1a: Gholdengo\n|-singleturn|p1a: Gholdengo|Protect\n|move|p1b: Arcanine|Extreme Speed|p2b: Chien-Pao\n|-damage|p2b: Chien-Pao|68\/100\n|move|p2b: Chien-Pao|Sucker Punch||[still]\n|-fail|p2b: Chien-Pao\n|\n|upkeep\n|turn|2\n|\n|t:|1682461464\n|switch|p2b: Amoonguss|Amoonguss, L50, M|100\/100\n|switch|p1a: Roaring Moon|Roaring Moon, L50|100\/100\n|-enditem|p1a: Roaring Moon|Booster Energy\n|-activate|p1a: Roaring Moon|ability: Protosynthesis|[fromitem]\n|-start|p1a: Roaring Moon|protosynthesisspe\n|move|p2a: Roaring Moon|Breaking Swipe|p1a: Roaring Moon|[spread] p1a,p1b\n|-supereffective|p1a: Roaring Moon\n|-damage|p1a: Roaring Moon|63\/100\n|-damage|p1b: Arcanine|85\/100\n|-unboost|p1a: Roaring Moon|atk|1\n|-unboost|p1b: Arcanine|atk|1\n|move|p1b: Arcanine|Flare Blitz|p2b: Amoonguss\n|-supereffective|p2b: Amoonguss\n|-damage|p2b: Amoonguss|37\/100\n|-damage|p1b: Arcanine|68\/100|[from] item: Rocky Helmet|[of] p2b: Amoonguss\n|-damage|p1b: Arcanine|45\/100|[from] Recoil\n|\n|upkeep\n|turn|3\n|\n|t:|1682461487\n|switch|p1b: Gholdengo|Gholdengo, L50|100\/100\n|move|p2b: Amoonguss|Rage Powder|p2b: Amoonguss\n|-singleturn|p2b: Amoonguss|move: Rage Powder\n|move|p1a: Roaring Moon|Tailwind|p1a: Roaring Moon\n|-sidestart|p1: avatartest|move: Tailwind\n|move|p2a: Roaring Moon|Breaking Swipe|p1a: Roaring Moon|[spread] p1a,p1b\n|-supereffective|p1a: Roaring Moon\n|-resisted|p1b: Gholdengo\n|-damage|p1a: Roaring Moon|26\/100\n|-damage|p1b: Gholdengo|93\/100\n|-unboost|p1a: Roaring Moon|atk|1\n|-unboost|p1b: Gholdengo|atk|1\n|\n|-heal|p1b: Gholdengo|99\/100|[from] item: Leftovers\n|upkeep\n|turn|4\n|\n|t:|1682461503\n|-end|p1a: Roaring Moon|Protosynthesis|[silent]\n|switch|p1a: Arcanine|Arcanine, L50, M|45\/100\n|-ability|p1a: Arcanine|Intimidate|boost\n|-unboost|p2a: Roaring Moon|atk|1\n|-unboost|p2b: Amoonguss|atk|1\n|-terastallize|p2a: Roaring Moon|Flying\n|move|p2b: Amoonguss|Rage Powder|p2b: Amoonguss\n|-singleturn|p2b: Amoonguss|move: Rage Powder\n|move|p1b: Gholdengo|Shadow Ball|p2b: Amoonguss\n|-damage|p2b: Amoonguss|0 fnt\n|faint|p2b: Amoonguss\n|move|p2a: Roaring Moon|Throat Chop|p1b: Gholdengo\n|-supereffective|p1b: Gholdengo\n|-damage|p1b: Gholdengo|59\/100\n|-start|p1b: Gholdengo|Throat Chop|[silent]\n|\n|-heal|p1b: Gholdengo|65\/100|[from] item: Leftovers\n|upkeep\n|\n|t:|1682461516\n|switch|p2b: Flutter Mane|Flutter Mane, L50|100\/100\n|turn|5\n|\n|t:|1682461547\n|-terastallize|p1b: Gholdengo|Water\n|move|p1b: Gholdengo|Make It Rain|p2a: Roaring Moon|[spread] p2a,p2b\n|-supereffective|p2b: Flutter Mane\n|-damage|p2a: Roaring Moon|58\/100\n|-damage|p2b: Flutter Mane|10\/100\n|-unboost|p1b: Gholdengo|spa|1\n|move|p1a: Arcanine|Flare Blitz|p2b: Flutter Mane\n|-damage|p2b: Flutter Mane|0 fnt\n|faint|p2b: Flutter Mane\n|-end|p2b: Flutter Mane|Protosynthesis|[silent]\n|-damage|p1a: Arcanine|42\/100|[from] Recoil\n|move|p2a: Roaring Moon|Breaking Swipe|p1a: Arcanine|[spread] p1a,p1b\n|-damage|p1a: Arcanine|30\/100\n|-damage|p1b: Gholdengo|55\/100\n|-unboost|p1a: Arcanine|atk|1\n|-unboost|p1b: Gholdengo|atk|1\n|\n|-heal|p1b: Gholdengo|62\/100|[from] item: Leftovers\n|-end|p1b: Gholdengo|Throat Chop|[silent]\n|upkeep\n|\n|t:|1682461555\n|switch|p2b: Chien-Pao|Chien-Pao, L50|68\/100\n|-ability|p2b: Chien-Pao|Sword of Ruin\n|turn|6\n|\n|t:|1682461573\n|move|p2b: Chien-Pao|Protect|p2b: Chien-Pao\n|-singleturn|p2b: Chien-Pao|Protect\n|move|p1b: Gholdengo|Make It Rain|p2a: Roaring Moon|[spread] p2a\n|-activate|p2b: Chien-Pao|move: Protect\n|-damage|p2a: Roaring Moon|31\/100\n|-unboost|p1b: Gholdengo|spa|1\n|move|p1a: Arcanine|Flare Blitz|p2b: Chien-Pao\n|-activate|p2b: Chien-Pao|move: Protect\n|move|p2a: Roaring Moon|Acrobatics|p1b: Gholdengo\n|-damage|p1b: Gholdengo|28\/100\n|\n|-heal|p1b: Gholdengo|35\/100|[from] item: Leftovers\n|-sideend|p1: avatartest|move: Tailwind\n|upkeep\n|turn|7\n|\n|t:|1682461594\n|move|p2b: Chien-Pao|Sucker Punch|p1b: Gholdengo\n|-damage|p1b: Gholdengo|0 fnt\n|faint|p1b: Gholdengo\n|move|p2a: Roaring Moon|Acrobatics|p1a: Arcanine\n|-damage|p1a: Arcanine|0 fnt\n|faint|p1a: Arcanine\n|\n|upkeep\n|\n|t:|1682461601\n|switch|p1b: Roaring Moon|Roaring Moon, L50|26\/100\n|switch|p1a: Iron Bundle|Iron Bundle, L50|100\/100\n|turn|8\n|\n|t:|1682461624\n|move|p2a: Roaring Moon|Protect|p2a: Roaring Moon\n|-singleturn|p2a: Roaring Moon|Protect\n|move|p1b: Roaring Moon|Protect|p1b: Roaring Moon\n|-singleturn|p1b: Roaring Moon|Protect\n|move|p1a: Iron Bundle|Icy Wind|p2a: Roaring Moon|[spread] p2b\n|-activate|p2a: Roaring Moon|move: Protect\n|-resisted|p2b: Chien-Pao\n|-damage|p2b: Chien-Pao|52\/100\n|-unboost|p2b: Chien-Pao|spe|1\n|move|p2b: Chien-Pao|Sacred Sword|p1a: Iron Bundle\n|-supereffective|p1a: Iron Bundle\n|-damage|p1a: Iron Bundle|16\/100\n|\n|upkeep\n|turn|9\n|\n|t:|1682461656\n|move|p2b: Chien-Pao|Sucker Punch|p1b: Roaring Moon\n|-resisted|p1b: Roaring Moon\n|-damage|p1b: Roaring Moon|0 fnt\n|faint|p1b: Roaring Moon\n|-end|p1b: Roaring Moon|Protosynthesis|[silent]\n|move|p2a: Roaring Moon|Breaking Swipe|p1a: Iron Bundle\n|-damage|p1a: Iron Bundle|0 fnt\n|faint|p1a: Iron Bundle\n|-end|p1a: Iron Bundle|Quark Drive|[silent]\n|\n|win|MLGmushroom\n|raw|avatartest's rating: 1134 → 1115<\/strong> (-19 for losing)\n|raw|MLGmushroom's rating: 1218 → 1237<\/strong> (+19 for winning)\n","uploadtime":1682461664,"views":15,"p1id":"avatartest","p2id":"mlgmushroom","formatid":"gen9vgc2023regulationc","rating":1115,"private":0,"password":""}