{"id":"gen9vgc2023regulationc-1847696412","p1":"sgsdfadfsd","p2":"DevaIdris","format":"[Gen 9] VGC 2023 Regulation C","log":"|j|\u2606sgsdfadfsd\n|j|\u2606DevaIdris\n|t:|1681993499\n|gametype|doubles\n|player|p1|sgsdfadfsd|102|1111\n|player|p2|DevaIdris|benga|1123\n|teamsize|p1|6\n|teamsize|p2|6\n|gen|9\n|tier|[Gen 9] VGC 2023 Regulation C\n|rated|\n|rule|Species Clause: Limit one of each Pok\u00e9mon\n|rule|Item Clause: Limit one of each item\n|clearpoke\n|poke|p1|Iron Hands, L50|\n|poke|p1|Pincurchin, L50, M|\n|poke|p1|Palafin, L50, M|\n|poke|p1|Indeedee-F, L50, F|\n|poke|p1|Armarouge, L50, M|\n|poke|p1|Sylveon, L50, F|\n|poke|p2|Iron Moth, L50|\n|poke|p2|Great Tusk, L50|\n|poke|p2|Dragapult, L50, F|\n|poke|p2|Flutter Mane, L50|\n|poke|p2|Lilligant, L50, F|\n|poke|p2|Torkoal, L50, F|\n|teampreview|4\nDevaIdris rejected open team sheets.\n|\n|t:|1681993553\n|start\n|switch|p1a: Armarouge|Armarouge, L50, M|100\/100\n|switch|p1b: Iron Hands|Iron Hands, L50|100\/100\n|switch|p2a: Dragapult|Dragapult, L50, F|100\/100\n|switch|p2b: Flutter Mane|Flutter Mane, L50|100\/100\n|turn|1\n|\n|t:|1681993574\n|switch|p1a: Palafin|Palafin, L50, M|100\/100\n|-terastallize|p1b: Iron Hands|Fairy\n|move|p2a: Dragapult|Will-O-Wisp|p1b: Iron Hands|[miss]\n|-miss|p2a: Dragapult|p1b: Iron Hands\n|move|p2b: Flutter Mane|Shadow Ball|p1a: Palafin\n|-damage|p1a: Palafin|31\/100\n|move|p1b: Iron Hands|Play Rough|p2a: Dragapult\n|-supereffective|p2a: Dragapult\n|-damage|p2a: Dragapult|0 fnt\n|faint|p2a: Dragapult\n|\n|upkeep\n|\n|t:|1681993585\n|switch|p2a: Lilligant|Lilligant, L50, F|100\/100\n|turn|2\n|\n|t:|1681993598\n|detailschange|p1a: Palafin|Palafin-Hero, L50, M\n|switch|p1a: Pincurchin|Pincurchin, L50, M|100\/100\n|-fieldstart|move: Electric Terrain|[from] ability: Electric Surge|[of] p1a: Pincurchin\n|-activate|p1b: Iron Hands|ability: Quark Drive\n|-start|p1b: Iron Hands|quarkdriveatk\n|move|p2a: Lilligant|Protect|p2a: Lilligant\n|-singleturn|p2a: Lilligant|Protect\n|move|p2b: Flutter Mane|Dazzling Gleam|p1b: Iron Hands|[spread] p1a,p1b\n|-damage|p1a: Pincurchin|53\/100\n|-damage|p1b: Iron Hands|80\/100\n|move|p1b: Iron Hands|Close Combat|p2a: Lilligant\n|-activate|p2a: Lilligant|move: Protect\n|\n|upkeep\n|turn|3\n|\n|t:|1681993618\n|move|p2a: Lilligant|Helping Hand|p2b: Flutter Mane\n|-singleturn|p2b: Flutter Mane|Helping Hand|[of] p2a: Lilligant\n|move|p2b: Flutter Mane|Dazzling Gleam|p1b: Iron Hands|[spread] p1a,p1b\n|-damage|p1a: Pincurchin|0 fnt\n|-damage|p1b: Iron Hands|50\/100\n|faint|p1a: Pincurchin\n|move|p1b: Iron Hands|Close Combat|p2a: Lilligant\n|-enditem|p2a: Lilligant|Focus Sash\n|-damage|p2a: Lilligant|1\/100\n|-unboost|p1b: Iron Hands|def|1\n|-unboost|p1b: Iron Hands|spd|1\n|\n|upkeep\n|\n|t:|1681993631\n|switch|p1a: Palafin|Palafin-Hero, L50, M|31\/100\n|-activate|p1a: Palafin|ability: Zero to Hero\n|turn|4\n|\n|t:|1681993641\n|-end|p1b: Iron Hands|Quark Drive|[silent]\n|switch|p1b: Armarouge|Armarouge, L50, M|100\/100\n|move|p2a: Lilligant|Protect|p2a: Lilligant\n|-singleturn|p2a: Lilligant|Protect\n|move|p1a: Palafin|Wave Crash|p2b: Flutter Mane\n|-damage|p2b: Flutter Mane|0 fnt\n|faint|p2b: Flutter Mane\n|-end|p2b: Flutter Mane|Protosynthesis|[silent]\n|-damage|p1a: Palafin|7\/100|[from] Recoil\n|\n|upkeep\n|\n|t:|1681993650\n|switch|p2b: Torkoal|Torkoal, L50, F|100\/100\n|-weather|SunnyDay|[from] ability: Drought|[of] p2b: Torkoal\n|turn|5\n|-message|DevaIdris forfeited.\n|\n|win|sgsdfadfsd\n|raw|sgsdfadfsd's rating: 1111 → 1137<\/strong> (+26 for winning)\n|raw|DevaIdris's rating: 1123 → 1097<\/strong> (-26 for losing)\n|l|\u2606DevaIdris\n","uploadtime":1681994117,"views":15,"p1id":"sgsdfadfsd","p2id":"devaidris","formatid":"gen9vgc2023regulationc","rating":1097,"private":0,"password":""}