{"id":"gen9vgc2023regulationc-1864004301","p1":"marioman6444","p2":"esotilin123456789","format":"[Gen 9] VGC 2023 Regulation C","log":"|j|\u2606marioman6444\n|j|\u2606esotilin123456789\n|t:|1684103989\n|gametype|doubles\n|player|p1|marioman6444|hoopster|1034\n|player|p2|esotilin123456789|hilbert-wonderlauncher|1000\n|teamsize|p1|6\n|teamsize|p2|6\n|gen|9\n|tier|[Gen 9] VGC 2023 Regulation C\n|rated|\n|rule|Species Clause: Limit one of each Pok\u00e9mon\n|rule|Item Clause: Limit one of each item\n|clearpoke\n|poke|p1|Kingambit, L50, F|\n|poke|p1|Volcarona, L50, M|\n|poke|p1|Maushold, L50|\n|poke|p1|Iron Bundle, L50|\n|poke|p1|Chien-Pao, L50|\n|poke|p1|Ting-Lu, L50|\n|poke|p2|Tyranitar, L50, M|\n|poke|p2|Corviknight, L50, F|\n|poke|p2|Flutter Mane, L50|\n|poke|p2|Arcanine, L50, M|\n|poke|p2|Gastrodon, L50, F|\n|poke|p2|Rotom-Mow, L50|\n|teampreview|4\n|inactive|Battle timer is ON: inactive players will automatically lose when time's up. (requested by marioman6444)\n|inactive|esotilin123456789 has 60 seconds left.\n|inactive|marioman6444 has 60 seconds left.\n|\n|t:|1684104029\n|start\n|switch|p1a: THE RATS|Maushold, L50, shiny|100\/100\n|switch|p1b: Big-Lu|Ting-Lu, L50|100\/100\n|switch|p2a: Flutter Mane|Flutter Mane, L50|100\/100\n|switch|p2b: GROHAHSHSHSH|Gastrodon, L50, F|100\/100\n|-ability|p1b: Big-Lu|Vessel of Ruin\n|turn|1\n|c|\u2606marioman6444|Nicr gastro name\n|inactive|esotilin123456789 has 30 seconds left.\n|c|\u2606marioman6444|Nice*\n|inactive|esotilin123456789 has 20 seconds left.\n|\n|t:|1684104069\n|-end|p2a: Flutter Mane|Protosynthesis|[silent]\n|switch|p2a: good boi|Arcanine, L50, M|100\/100\n|-ability|p2a: good boi|Intimidate|boost\n|-unboost|p1a: THE RATS|atk|1\n|-unboost|p1b: Big-Lu|atk|1\n|move|p1a: THE RATS|Taunt|p2b: GROHAHSHSHSH\n|-start|p2b: GROHAHSHSHSH|move: Taunt\n|move|p1b: Big-Lu|Heavy Slam|p2a: good boi\n|-resisted|p2a: good boi\n|-damage|p2a: good boi|90\/100\n|move|p2b: GROHAHSHSHSH|Earth Power|p1a: THE RATS\n|-damage|p1a: THE RATS|72\/100\n|\n|upkeep\n|turn|2\n|inactive|esotilin123456789 has 30 seconds left.\n|inactive|esotilin123456789 has 20 seconds left.\n|\n|t:|1684104109\n|move|p1a: THE RATS|Follow Me|p1a: THE RATS\n|-singleturn|p1a: THE RATS|move: Follow Me\n|move|p2a: good boi|Flare Blitz|p1a: THE RATS\n|-damage|p1a: THE RATS|18\/100\n|-damage|p2a: good boi|72\/100|[from] Recoil\n|move|p1b: Big-Lu|Stone Edge|p2a: good boi\n|-supereffective|p2a: good boi\n|-crit|p2a: good boi\n|-damage|p2a: good boi|0 fnt\n|faint|p2a: good boi\n|move|p2b: GROHAHSHSHSH|Earth Power|p1a: THE RATS\n|-damage|p1a: THE RATS|0 fnt\n|faint|p1a: THE RATS\n|\n|upkeep\n|\n|t:|1684104130\n|switch|p1a: Iron Bundle|Iron Bundle, L50, shiny|100\/100\n|switch|p2a: IRON BIRD|Corviknight, L50, F|100\/100\n|-enditem|p1a: Iron Bundle|Booster Energy\n|-activate|p1a: Iron Bundle|ability: Quark Drive|[fromitem]\n|-start|p1a: Iron Bundle|quarkdrivespe\n|turn|3\n|inactive|esotilin123456789 has 30 seconds left.\n|\n|t:|1684104158\n|switch|p2b: Flutter Mane|Flutter Mane, L50|100\/100\n|move|p1a: Iron Bundle|Protect|p1a: Iron Bundle\n|-singleturn|p1a: Iron Bundle|Protect\n|move|p2a: IRON BIRD|Bulk Up|p2a: IRON BIRD\n|-boost|p2a: IRON BIRD|atk|1\n|-boost|p2a: IRON BIRD|def|1\n|move|p1b: Big-Lu|Ruination|p2a: IRON BIRD\n|-damage|p2a: IRON BIRD|50\/100\n|\n|upkeep\n|turn|4\n|\n|t:|1684104179\n|-terastallize|p2b: Flutter Mane|Fairy\n|move|p1a: Iron Bundle|Encore|p2a: IRON BIRD\n|-start|p2a: IRON BIRD|Encore\n|move|p2b: Flutter Mane|Dazzling Gleam|p1a: Iron Bundle|[spread] p1a,p1b\n|-supereffective|p1b: Big-Lu\n|-damage|p1a: Iron Bundle|7\/100\n|-damage|p1b: Big-Lu|38\/100\n|move|p2a: IRON BIRD|Bulk Up|p2a: IRON BIRD\n|-boost|p2a: IRON BIRD|atk|1\n|-boost|p2a: IRON BIRD|def|1\n|move|p1b: Big-Lu|Heavy Slam|p2b: Flutter Mane\n|-supereffective|p2b: Flutter Mane\n|-damage|p2b: Flutter Mane|25\/100\n|\n|upkeep\n|turn|5\n|\n|t:|1684104202\n|switch|p1b: Volcarona|Volcarona, L50, M, shiny|100\/100\n|move|p1a: Iron Bundle|Freeze-Dry|p2b: Flutter Mane\n|-damage|p2b: Flutter Mane|0 fnt\n|faint|p2b: Flutter Mane\n|-end|p2b: Flutter Mane|Protosynthesis|[silent]\n|move|p2a: IRON BIRD|Bulk Up|p2a: IRON BIRD\n|-boost|p2a: IRON BIRD|atk|1\n|-boost|p2a: IRON BIRD|def|1\n|\n|upkeep\n|\n|t:|1684104220\n|switch|p2b: GROHAHSHSHSH|Gastrodon, L50, F|100\/100\n|turn|6\n|-message|esotilin123456789 forfeited.\n|\n|win|marioman6444\n|raw|marioman6444's rating: 1034 → 1070<\/strong> (+36 for winning)\n|raw|esotilin123456789's rating: 1047 → 1029<\/strong> (-18 for losing)\n|l|\u2606esotilin123456789\n|c|\u2606marioman6444|Gg\n","uploadtime":1684104229,"views":3,"p1id":"marioman6444","p2id":"esotilin123456789","formatid":"gen9vgc2023regulationc","rating":1029,"private":0,"password":""}