{"id":"gen9vgc2023regulationc-1855727747","p1":"Granny Bacon","p2":"Benson Dunwoody","format":"[Gen 9] VGC 2023 Regulation C","log":"|j|\u2606Granny Bacon\n|j|\u2606Benson Dunwoody\n|t:|1682977381\n|gametype|doubles\n|player|p1|Granny Bacon|265|1500\n|player|p2|Benson Dunwoody|silver-gen2kanto|1499\n|teamsize|p1|6\n|teamsize|p2|6\n|gen|9\n|tier|[Gen 9] VGC 2023 Regulation C\n|rated|\n|rule|Species Clause: Limit one of each Pok\u00e9mon\n|rule|Item Clause: Limit one of each item\n|clearpoke\n|poke|p1|Pelipper, L50, M|\n|poke|p1|Orthworm, L50, F|\n|poke|p1|Ting-Lu, L50|\n|poke|p1|Flutter Mane, L50|\n|poke|p1|Dragonite, L50, M|\n|poke|p1|Gastrodon, L50, M|\n|poke|p2|Torkoal, L50, F|\n|poke|p2|Mimikyu, L50, F|\n|poke|p2|Hatterene, L50, F|\n|poke|p2|Farigiraf, L50, F|\n|poke|p2|Brute Bonnet, L50|\n|poke|p2|Iron Hands, L50|\n|teampreview|4\n|inactive|Battle timer is ON: inactive players will automatically lose when time's up. (requested by Benson Dunwoody)\nBenson Dunwoody has agreed to open team sheets.\n|inactive|Granny Bacon has 60 seconds left.\n|inactive|Granny Bacon has 30 seconds left.\n|\n|t:|1682977442\n|start\n|switch|p1a: Orthworm|Orthworm, L50, F|100\/100\n|switch|p1b: Ting-Lu|Ting-Lu, L50|100\/100\n|switch|p2a: Iron Hands|Iron Hands, L50|100\/100\n|switch|p2b: Hatterene|Hatterene, L50, F|100\/100\n|-ability|p1b: Ting-Lu|Vessel of Ruin\n|turn|1\n|\n|t:|1682977464\n|-terastallize|p2a: Iron Hands|Grass\n|move|p2a: Iron Hands|Fake Out|p1a: Orthworm\n|-resisted|p1a: Orthworm\n|-damage|p1a: Orthworm|95\/100\n|cant|p1a: Orthworm|flinch\n|move|p1b: Ting-Lu|Earthquake|p2b: Hatterene|[spread] p2a,p2b\n|-heal|p1a: Orthworm|100\/100|[from] ability: Earth Eater|[of] p1b: Ting-Lu\n|-resisted|p2a: Iron Hands\n|-damage|p2a: Iron Hands|88\/100\n|-damage|p2b: Hatterene|55\/100\n|move|p2b: Hatterene|Trick Room|p2b: Hatterene\n|-fieldstart|move: Trick Room|[of] p2b: Hatterene\n|\n|upkeep\n|turn|2\n|inactive|Granny Bacon has 30 seconds left.\n|inactive|Granny Bacon has 20 seconds left.\n|inactive|Granny Bacon has 15 seconds left.\n|inactive|Granny Bacon has 10 seconds left.\n|inactive|Granny Bacon has 5 seconds left.\n|\n|t:|1682977519\n|move|p1a: Orthworm|Protect|p1a: Orthworm\n|-singleturn|p1a: Orthworm|Protect\n|move|p2b: Hatterene|Psychic|p1a: Orthworm\n|-activate|p1a: Orthworm|move: Protect\n|move|p2a: Iron Hands|Drain Punch|p1a: Orthworm\n|-activate|p1a: Orthworm|move: Protect\n|move|p1b: Ting-Lu|Heavy Slam|p2b: Hatterene\n|-supereffective|p2b: Hatterene\n|-damage|p2b: Hatterene|0 fnt\n|faint|p2b: Hatterene\n|\n|upkeep\n|\n|t:|1682977523\n|switch|p2b: Brute Bonnet|Brute Bonnet, L50|100\/100\n|turn|3\n|inactive|Granny Bacon has 30 seconds left.\n|\n|t:|1682977556\n|-terastallize|p1a: Orthworm|Poison\n|move|p2a: Iron Hands|Drain Punch|p1a: Orthworm\n|-resisted|p1a: Orthworm\n|-damage|p1a: Orthworm|84\/100\n|-heal|p2a: Iron Hands|94\/100|[from] drain|[of] p1a: Orthworm\n|move|p2b: Brute Bonnet|Spore|p1b: Ting-Lu\n|-status|p1b: Ting-Lu|slp|[from] move: Spore\n|cant|p1b: Ting-Lu|slp\n|move|p1a: Orthworm|Body Press|p2b: Brute Bonnet\n|-supereffective|p2b: Brute Bonnet\n|-damage|p2b: Brute Bonnet|59\/100\n|\n|-heal|p1a: Orthworm|90\/100|[from] item: Leftovers\n|upkeep\n|turn|4\n|\n|t:|1682977574\n|move|p1a: Orthworm|Protect|p1a: Orthworm\n|-singleturn|p1a: Orthworm|Protect\n|move|p2a: Iron Hands|Drain Punch|p1b: Ting-Lu\n|-supereffective|p1b: Ting-Lu\n|-damage|p1b: Ting-Lu|52\/100 slp\n|-heal|p2a: Iron Hands|100\/100|[from] drain|[of] p1b: Ting-Lu\n|move|p2b: Brute Bonnet|Spore|p1a: Orthworm\n|-activate|p1a: Orthworm|move: Protect\n|-curestatus|p1b: Ting-Lu|slp|[msg]\n|move|p1b: Ting-Lu|Earthquake|p2b: Brute Bonnet|[spread] p2a,p2b\n|-activate|p1a: Orthworm|move: Protect\n|-resisted|p2a: Iron Hands\n|-resisted|p2b: Brute Bonnet\n|-damage|p2a: Iron Hands|89\/100\n|-damage|p2b: Brute Bonnet|44\/100\n|\n|-heal|p1a: Orthworm|96\/100|[from] item: Leftovers\n|upkeep\n|turn|5\n|inactive|Granny Bacon has 30 seconds left.\n|inactive|Granny Bacon has 20 seconds left.\n|inactive|Granny Bacon has 15 seconds left.\n|\n|t:|1682977616\n|-end|p2a: Iron Hands|Quark Drive|[silent]\n|switch|p2a: Farigiraf|Farigiraf, L50, F|100\/100\n|move|p2b: Brute Bonnet|Spore|p1a: Orthworm\n|-status|p1a: Orthworm|slp|[from] move: Spore\n|move|p1b: Ting-Lu|Body Press|p2b: Brute Bonnet\n|-supereffective|p2b: Brute Bonnet\n|-damage|p2b: Brute Bonnet|10\/100\n|cant|p1a: Orthworm|slp\n|\n|-heal|p1a: Orthworm|100\/100 slp|[from] item: Leftovers\n|-fieldend|move: Trick Room\n|upkeep\n|turn|6\n|inactive|Granny Bacon has 30 seconds left.\n|\n|t:|1682977651\n|-end|p2b: Brute Bonnet|Protosynthesis|[silent]\n|switch|p2b: Iron Hands|Iron Hands, L50, tera:Grass|89\/100\n|move|p2a: Farigiraf|Protect|p2a: Farigiraf\n|-singleturn|p2a: Farigiraf|Protect\n|-curestatus|p1a: Orthworm|slp|[msg]\n|move|p1a: Orthworm|Heavy Slam|p2b: Iron Hands\n|-damage|p2b: Iron Hands|81\/100\n|move|p1b: Ting-Lu|Earthquake|p2a: Farigiraf|[spread] p2b\n|-activate|p2a: Farigiraf|move: Protect\n|-immune|p1a: Orthworm|[from] ability: Earth Eater\n|-resisted|p2b: Iron Hands\n|-damage|p2b: Iron Hands|70\/100\n|\n|upkeep\n|turn|7\n|inactive|Granny Bacon has 30 seconds left.\n|\n|t:|1682977678\n|move|p2b: Iron Hands|Fake Out|p1b: Ting-Lu\n|-damage|p1b: Ting-Lu|44\/100\n|move|p1a: Orthworm|Body Press|p2a: Farigiraf\n|-damage|p2a: Farigiraf|78\/100\n|cant|p1b: Ting-Lu|flinch\n|move|p2a: Farigiraf|Trick Room|p2a: Farigiraf\n|-fieldstart|move: Trick Room|[of] p2a: Farigiraf\n|\n|upkeep\n|turn|8\n|\n|t:|1682977698\n|move|p2b: Iron Hands|Drain Punch|p1b: Ting-Lu\n|-supereffective|p1b: Ting-Lu\n|-damage|p1b: Ting-Lu|0 fnt\n|-heal|p2b: Iron Hands|92\/100|[from] drain|[of] p1b: Ting-Lu\n|faint|p1b: Ting-Lu\n|move|p2a: Farigiraf|Hyper Voice|p1a: Orthworm\n|-damage|p1a: Orthworm|67\/100\n|-enditem|p2a: Farigiraf|Throat Spray\n|-boost|p2a: Farigiraf|spa|1|[from] item: Throat Spray\n|move|p1a: Orthworm|Iron Defense|p1a: Orthworm\n|-boost|p1a: Orthworm|def|2\n|\n|-heal|p1a: Orthworm|73\/100|[from] item: Leftovers\n|upkeep\n|\n|t:|1682977718\n|switch|p1b: Pelipper|Pelipper, L50, M|100\/100\n|-weather|RainDance|[from] ability: Drizzle|[of] p1b: Pelipper\n|turn|9\n|\n|t:|1682977743\n|move|p1a: Orthworm|Protect|p1a: Orthworm\n|-singleturn|p1a: Orthworm|Protect\n|move|p2b: Iron Hands|Wild Charge|p1b: Pelipper\n|-supereffective|p1b: Pelipper\n|-enditem|p1b: Pelipper|Focus Sash\n|-damage|p1b: Pelipper|1\/100\n|-damage|p2b: Iron Hands|75\/100|[from] Recoil\n|move|p2a: Farigiraf|Psychic|p1a: Orthworm\n|-activate|p1a: Orthworm|move: Protect\n|move|p1b: Pelipper|Hurricane|p2b: Iron Hands\n|-supereffective|p2b: Iron Hands\n|-damage|p2b: Iron Hands|0 fnt\n|faint|p2b: Iron Hands\n|-end|p2b: Iron Hands|Quark Drive|[silent]\n|\n|-weather|RainDance|[upkeep]\n|-heal|p1a: Orthworm|79\/100|[from] item: Leftovers\n|upkeep\n|\n|t:|1682977758\n|switch|p2b: Brute Bonnet|Brute Bonnet, L50|10\/100\n|turn|10\n|inactive|Granny Bacon has 30 seconds left.\n|\n|t:|1682977786\n|move|p1b: Pelipper|Protect|p1b: Pelipper\n|-singleturn|p1b: Pelipper|Protect\n|move|p2b: Brute Bonnet|Spore|p1a: Orthworm\n|-status|p1a: Orthworm|slp|[from] move: Spore\n|move|p2a: Farigiraf|Hyper Voice|p1b: Pelipper|[spread] p1a\n|-activate|p1b: Pelipper|move: Protect\n|-damage|p1a: Orthworm|40\/100 slp\n|cant|p1a: Orthworm|slp\n|\n|-weather|RainDance|[upkeep]\n|-heal|p1a: Orthworm|46\/100 slp|[from] item: Leftovers\n|upkeep\n|turn|11\n|inactive|Granny Bacon has 30 seconds left.\n|inactive|Granny Bacon has 20 seconds left.\n|inactive|Granny Bacon has 15 seconds left.\n|\n|t:|1682977827\n|move|p1b: Pelipper|Protect||[still]\n|-fail|p1b: Pelipper\n|move|p2b: Brute Bonnet|Bullet Seed|p1b: Pelipper\n|-damage|p1b: Pelipper|0 fnt\n|faint|p1b: Pelipper\n|-hitcount|p1: Pelipper|1\n|move|p2a: Farigiraf|Psychic|p1a: Orthworm\n|-supereffective|p1a: Orthworm\n|-damage|p1a: Orthworm|0 fnt\n|faint|p1a: Orthworm\n|\n|-weather|RainDance|[upkeep]\n|-fieldend|move: Trick Room\n|upkeep\n|\n|t:|1682977842\n|switch|p1b: Flutter Mane|Flutter Mane, L50|100\/100\n|-enditem|p1b: Flutter Mane|Booster Energy\n|-activate|p1b: Flutter Mane|ability: Protosynthesis|[fromitem]\n|-start|p1b: Flutter Mane|protosynthesisspe\n|turn|12\n|\n|t:|1682977852\n|move|p2b: Brute Bonnet|Protect|p2b: Brute Bonnet\n|-singleturn|p2b: Brute Bonnet|Protect\n|move|p1b: Flutter Mane|Dazzling Gleam|p2b: Brute Bonnet|[spread] p2a\n|-activate|p2b: Brute Bonnet|move: Protect\n|-crit|p2a: Farigiraf\n|-damage|p2a: Farigiraf|36\/100\n|move|p2a: Farigiraf|Trick Room|p2a: Farigiraf\n|-fieldstart|move: Trick Room|[of] p2a: Farigiraf\n|\n|-weather|RainDance|[upkeep]\n|upkeep\n|turn|13\n|\n|t:|1682977868\n|move|p2b: Brute Bonnet|Bullet Seed|p1b: Flutter Mane\n|-damage|p1b: Flutter Mane|70\/100\n|-damage|p1b: Flutter Mane|37\/100\n|-damage|p1b: Flutter Mane|5\/100\n|-damage|p1b: Flutter Mane|0 fnt\n|faint|p1b: Flutter Mane\n|-end|p1b: Flutter Mane|Protosynthesis|[silent]\n|-hitcount|p1: Flutter Mane|4\n|\n|win|Benson Dunwoody\n|raw|Granny Bacon's rating: 1500 → 1480<\/strong> (-20 for losing)\n|raw|Benson Dunwoody's rating: 1499 → 1519<\/strong> (+20 for winning)\n|c|\u2606Benson Dunwoody|gg wp\n|c|\u2606Granny Bacon|Gg\n","uploadtime":1682977883,"views":14,"p1id":"grannybacon","p2id":"bensondunwoody","formatid":"gen9vgc2023regulationc","rating":1480,"private":0,"password":""}