{"id":"gen9vgc2023regulationc-1861998563","p1":"ITSFrankoGG","p2":"samyjaviop","format":"[Gen 9] VGC 2023 Regulation C","log":"|j|\u2606ITSFrankoGG\n|j|\u2606samyjaviop\n|t:|1683827563\n|gametype|doubles\n|player|p1|ITSFrankoGG|lance|1086\n|player|p2|samyjaviop|101|1014\n|teamsize|p1|6\n|teamsize|p2|6\n|gen|9\n|tier|[Gen 9] VGC 2023 Regulation C\n|rated|\n|rule|Species Clause: Limit one of each Pok\u00e9mon\n|rule|Item Clause: Limit one of each item\n|clearpoke\n|poke|p1|Talonflame, L50, M|\n|poke|p1|Iron Bundle, L50|\n|poke|p1|Iron Hands, L50|\n|poke|p1|Gholdengo, L50|\n|poke|p1|Garchomp, L50, M|\n|poke|p1|Chien-Pao, L50|\n|poke|p2|Bronzong, L50|\n|poke|p2|Houndstone, L50, M|\n|poke|p2|Dachsbun, L50, M|\n|poke|p2|Rotom-Wash, L50|\n|poke|p2|Volcarona, L50, M|\n|poke|p2|Tyranitar, L50, M|\n|teampreview|4\n|\n|t:|1683827594\n|start\n|switch|p1a: Iron Hands|Iron Hands, L50|100\/100\n|switch|p1b: Talonflame|Talonflame, L50, M|100\/100\n|switch|p2a: Tyranitar|Tyranitar, L50, M|100\/100\n|switch|p2b: Houndstone|Houndstone, L50, M|100\/100\n|-weather|Sandstorm|[from] ability: Sand Stream|[of] p2a: Tyranitar\n|turn|1\n|\n|t:|1683827614\n|switch|p2a: Rotom|Rotom-Wash, L50|100\/100\n|move|p1a: Iron Hands|Fake Out|p2a: Rotom\n|-damage|p2a: Rotom|80\/100\n|move|p1b: Talonflame|Tailwind|p1b: Talonflame\n|-sidestart|p1: ITSFrankoGG|move: Tailwind\n|move|p2b: Houndstone|Will-O-Wisp|p1a: Iron Hands|[miss]\n|-miss|p2b: Houndstone|p1a: Iron Hands\n|\n|-weather|Sandstorm|[upkeep]\n|-damage|p1a: Iron Hands|94\/100|[from] Sandstorm\n|upkeep\n|turn|2\n|\n|t:|1683827634\n|move|p1b: Talonflame|Taunt|p2a: Rotom\n|-start|p2a: Rotom|move: Taunt\n|move|p2b: Houndstone|Howl|p2b: Houndstone|[spread] p2a,p2b\n|-boost|p2a: Rotom|atk|1\n|-boost|p2b: Houndstone|atk|1\n|move|p1a: Iron Hands|Wild Charge|p2a: Rotom\n|-damage|p2a: Rotom|12\/100\n|-damage|p1a: Iron Hands|86\/100|[from] Recoil\n|cant|p2a: Rotom|move: Taunt|Will-O-Wisp\n|\n|-weather|Sandstorm|[upkeep]\n|-damage|p1a: Iron Hands|79\/100|[from] Sandstorm\n|upkeep\n|turn|3\n|\n|t:|1683827656\n|move|p1b: Talonflame|Taunt|p2b: Houndstone\n|-start|p2b: Houndstone|move: Taunt\n|cant|p2b: Houndstone|move: Taunt|Will-O-Wisp\n|move|p1a: Iron Hands|Wild Charge|p2a: Rotom\n|-damage|p2a: Rotom|0 fnt\n|faint|p2a: Rotom\n|-damage|p1a: Iron Hands|78\/100|[from] Recoil\n|\n|-weather|Sandstorm|[upkeep]\n|-damage|p1a: Iron Hands|72\/100|[from] Sandstorm\n|upkeep\n|\n|t:|1683827668\n|switch|p2a: Volcarona|Volcarona, L50, M|100\/100\n|turn|4\n|\n|t:|1683827684\n|move|p1b: Talonflame|Taunt|p2a: Volcarona\n|-start|p2a: Volcarona|move: Taunt\n|move|p2b: Houndstone|Snarl|p1a: Iron Hands|[spread] p1a,p1b\n|-resisted|p1a: Iron Hands\n|-damage|p1a: Iron Hands|71\/100\n|-damage|p1b: Talonflame|95\/100\n|-unboost|p1a: Iron Hands|spa|1\n|-unboost|p1b: Talonflame|spa|1\n|cant|p2a: Volcarona|move: Taunt|Quiver Dance\n|move|p1a: Iron Hands|Wild Charge|p2b: Houndstone\n|-damage|p2b: Houndstone|52\/100\n|-damage|p1a: Iron Hands|62\/100|[from] Recoil\n|\n|-weather|Sandstorm|[upkeep]\n|-damage|p2a: Volcarona|94\/100|[from] Sandstorm\n|-damage|p1a: Iron Hands|55\/100|[from] Sandstorm\n|-sideend|p1: ITSFrankoGG|move: Tailwind\n|upkeep\n|turn|5\n|-message|samyjaviop forfeited.\n|\n|win|ITSFrankoGG\n|raw|ITSFrankoGG's rating: 1086 → 1108<\/strong> (+22 for winning)\n|raw|samyjaviop's rating: 1014 → 1004<\/strong> (-10 for losing)\n|l|\u2606samyjaviop\n|c|\u2606ITSFrankoGG|GG\n","uploadtime":1683827703,"views":10,"p1id":"itsfrankogg","p2id":"samyjaviop","formatid":"gen9vgc2023regulationc","rating":1004,"private":0,"password":""}