{"id":"gen9vgc2023regulationc-1859518632","p1":"Cakestering","p2":"erhfgn","format":"[Gen 9] VGC 2023 Regulation C","log":"|j|\u2606Cakestering\n|j|\u2606erhfgn\n|t:|1683534539\n|gametype|doubles\n|player|p1|Cakestering|pokekid|1151\n|player|p2|erhfgn|101|1049\n|teamsize|p1|6\n|teamsize|p2|6\n|gen|9\n|tier|[Gen 9] VGC 2023 Regulation C\n|rated|\n|rule|Species Clause: Limit one of each Pok\u00e9mon\n|rule|Item Clause: Limit one of each item\n|clearpoke\n|poke|p1|Chi-Yu, L50|\n|poke|p1|Flutter Mane, L50|\n|poke|p1|Ceruledge, L50, F|\n|poke|p1|Chien-Pao, L50|\n|poke|p1|Dachsbun, L50, M|\n|poke|p1|Dragonite, L50, M|\n|poke|p2|Revavroom, L50, M|\n|poke|p2|Flutter Mane, L50|\n|poke|p2|Gholdengo, L50|\n|poke|p2|Annihilape, L50, M|\n|poke|p2|Murkrow, L50, F|\n|poke|p2|Tatsugiri, L50, M|\n|teampreview|4\n|inactive|Battle timer is ON: inactive players will automatically lose when time's up. (requested by erhfgn)\n|\n|t:|1683534550\n|start\n|switch|p1a: Chien-Pao|Chien-Pao, L50|100\/100\n|switch|p1b: Dragonite|Dragonite, L50, M|100\/100\n|switch|p2a: Revavroom|Revavroom, L50, M|100\/100\n|switch|p2b: Murkrow|Murkrow, L50, F|100\/100\n|-ability|p1a: Chien-Pao|Sword of Ruin\n|turn|1\n|inactive|erhfgn has 30 seconds left.\n|inactive|erhfgn has 20 seconds left.\n|inactive|erhfgn has 15 seconds left.\n|inactive|erhfgn has 10 seconds left.\n|inactive|erhfgn has 5 seconds left.\n|\n|t:|1683534605\n|move|p2b: Murkrow|Tailwind|p2b: Murkrow\n|-sidestart|p2: erhfgn|move: Tailwind\n|move|p2a: Revavroom|Self-Destruct|p1b: Dragonite|[spread] p2b,p1a,p1b\n|-damage|p2b: Murkrow|0 fnt\n|-damage|p1a: Chien-Pao|0 fnt\n|-damage|p1b: Dragonite|0 fnt\n|faint|p2a: Revavroom\n|faint|p2b: Murkrow\n|faint|p1a: Chien-Pao\n|faint|p1b: Dragonite\n|\n|upkeep\n|c|\u2606Cakestering|...\n|c|\u2606Cakestering|..................\n|c|\u2606Cakestering|well\n|\n|t:|1683534623\n|switch|p1a: Ceruledge|Ceruledge, L50, F|100\/100\n|switch|p2a: Gholdengo|Gholdengo, L50|100\/100\n|switch|p1b: Flutter Mane|Flutter Mane, L50|100\/100\n|switch|p2b: Flutter Man|Flutter Mane, L50, shiny|100\/100\n|-enditem|p2b: Flutter Man|Booster Energy\n|-activate|p2b: Flutter Man|ability: Protosynthesis|[fromitem]\n|-start|p2b: Flutter Man|protosynthesisspa\n|-enditem|p1b: Flutter Mane|Booster Energy\n|-activate|p1b: Flutter Mane|ability: Protosynthesis|[fromitem]\n|-start|p1b: Flutter Mane|protosynthesisspe\n|turn|2\n|inactive|Cakestering has 30 seconds left.\n|inactive|erhfgn has 30 seconds left.\n|\n|t:|1683534648\n|-terastallize|p1b: Flutter Mane|Fairy\n|move|p2b: Flutter Man|Protect|p2b: Flutter Man\n|-singleturn|p2b: Flutter Man|Protect\n|move|p1a: Ceruledge|Shadow Sneak|p2b: Flutter Man\n|-activate|p2b: Flutter Man|move: Protect\n|move|p1b: Flutter Mane|Shadow Ball|p2a: Gholdengo\n|-supereffective|p2a: Gholdengo\n|-damage|p2a: Gholdengo|20\/100\n|move|p2a: Gholdengo|Trick|p1a: Ceruledge\n|-activate|p2a: Gholdengo|move: Trick|[of] p1a: Ceruledge\n|-item|p1a: Ceruledge|Choice Specs|[from] move: Trick\n|-item|p2a: Gholdengo|Assault Vest|[from] move: Trick\n|\n|upkeep\n|turn|3\n|inactive|erhfgn has 30 seconds left.\n|inactive|erhfgn has 20 seconds left.\n|\n|t:|1683534683\n|-terastallize|p2b: Flutter Man|Grass\n|move|p1a: Ceruledge|Shadow Sneak|p2a: Gholdengo\n|-supereffective|p2a: Gholdengo\n|-damage|p2a: Gholdengo|0 fnt\n|faint|p2a: Gholdengo\n|move|p2b: Flutter Man|Moonblast|p1b: Flutter Mane\n|-damage|p1b: Flutter Mane|21\/100\n|move|p1b: Flutter Mane|Shadow Ball|p2b: Flutter Man\n|-damage|p2b: Flutter Man|53\/100\n|\n|upkeep\n|turn|4\n|\n|t:|1683534705\n|move|p1a: Ceruledge|Shadow Sneak|p2b: Flutter Man\n|-damage|p2b: Flutter Man|20\/100\n|move|p2b: Flutter Man|Moonblast|p1b: Flutter Mane\n|-damage|p1b: Flutter Mane|0 fnt\n|faint|p1b: Flutter Mane\n|-end|p1b: Flutter Mane|Protosynthesis|[silent]\n|\n|-sideend|p2: erhfgn|move: Tailwind\n|upkeep\n|turn|5\n|\n|t:|1683534709\n|move|p2b: Flutter Man|Protect|p2b: Flutter Man\n|-singleturn|p2b: Flutter Man|Protect\n|move|p1a: Ceruledge|Shadow Sneak|p2b: Flutter Man\n|-activate|p2b: Flutter Man|move: Protect\n|\n|upkeep\n|turn|6\n|\n|t:|1683534712\n|move|p1a: Ceruledge|Shadow Sneak|p2b: Flutter Man\n|-damage|p2b: Flutter Man|0 fnt\n|faint|p2b: Flutter Man\n|-end|p2b: Flutter Man|Protosynthesis|[silent]\n|\n|win|Cakestering\n|raw|Cakestering's rating: 1151 → 1169<\/strong> (+18 for winning)\n|raw|erhfgn's rating: 1049 → 1037<\/strong> (-12 for losing)\n|c|\u2606Cakestering|gg\n|l|\u2606erhfgn\n","uploadtime":1683534720,"views":11,"p1id":"cakestering","p2id":"erhfgn","formatid":"gen9vgc2023regulationc","rating":1037,"private":0,"password":""}