{"id":"gen9vgc2023regulationc-1850324587","p1":"maku83199","p2":"XinBluQAQ","format":"[Gen 9] VGC 2023 Regulation C","log":"|j|\u2606maku83199\n|j|\u2606XinBluQAQ\n|t:|1682318324\n|gametype|doubles\n|player|p1|maku83199|1|\n|player|p2|XinBluQAQ|shadowtriad|\n|teamsize|p1|6\n|teamsize|p2|6\n|gen|9\n|tier|[Gen 9] VGC 2023 Regulation C\n|rule|Species Clause: Limit one of each Pok\u00e9mon\n|rule|Item Clause: Limit one of each item\n|clearpoke\n|poke|p1|Klefki, L50, F|\n|poke|p1|Corviknight, L50, M|\n|poke|p1|Ting-Lu, L50|\n|poke|p1|Iron Hands, L50|\n|poke|p1|Flutter Mane, L50|\n|poke|p1|Dragonite, L50, M|\n|poke|p2|Amoonguss, L50, F|\n|poke|p2|Iron Hands, L50|\n|poke|p2|Dondozo, L50, F|\n|poke|p2|Ting-Lu, L50|\n|poke|p2|Flutter Mane, L50|\n|poke|p2|Chi-Yu, L50|\n|teampreview|4\nXinBluQAQ has agreed to open team sheets.\nmaku83199 has agreed to open team sheets.\n|\n|t:|1682318433\n|start\n|switch|p1a: Klefki|Klefki, L50, F|100\/100\n|switch|p1b: Ting-Lu|Ting-Lu, L50|100\/100\n|switch|p2a: Iron Hands|Iron Hands, L50, shiny|100\/100\n|switch|p2b: Flutter Mane|Flutter Mane, L50|100\/100\n|-ability|p1b: Ting-Lu|Vessel of Ruin\n|-enditem|p2b: Flutter Mane|Booster Energy\n|-activate|p2b: Flutter Mane|ability: Protosynthesis|[fromitem]\n|-start|p2b: Flutter Mane|protosynthesisspe\n|turn|1\n|\n|t:|1682318481\n|-terastallize|p1b: Ting-Lu|Poison\n|move|p2a: Iron Hands|Fake Out|p1b: Ting-Lu\n|-damage|p1b: Ting-Lu|91\/100\n|move|p1a: Klefki|Light Screen|p1a: Klefki\n|-sidestart|p1: maku83199|move: Light Screen\n|move|p2b: Flutter Mane|Dazzling Gleam|p1a: Klefki|[spread] p1a,p1b\n|-resisted|p1a: Klefki\n|-resisted|p1b: Ting-Lu\n|-damage|p1a: Klefki|93\/100\n|-damage|p1b: Ting-Lu|88\/100\n|cant|p1b: Ting-Lu|flinch\n|\n|upkeep\n|turn|2\n|\n|t:|1682318506\n|-end|p2a: Iron Hands|Quark Drive|[silent]\n|switch|p2a: Ting-Lu|Ting-Lu, L50|100\/100\n|-ability|p2a: Ting-Lu|Vessel of Ruin\n|move|p1a: Klefki|Reflect|p1a: Klefki\n|-sidestart|p1: maku83199|Reflect\n|move|p2b: Flutter Mane|Substitute|p2b: Flutter Mane\n|-start|p2b: Flutter Mane|Substitute\n|-damage|p2b: Flutter Mane|76\/100\n|move|p1b: Ting-Lu|Stomping Tantrum|p2b: Flutter Mane\n|-end|p2b: Flutter Mane|Substitute\n|\n|upkeep\n|turn|3\n|\n|t:|1682318536\n|switch|p1a: Iron Hands|Iron Hands, L50, shiny|100\/100\n|move|p2b: Flutter Mane|Protect|p2b: Flutter Mane\n|-singleturn|p2b: Flutter Mane|Protect\n|move|p1b: Ting-Lu|Heavy Slam|p2b: Flutter Mane\n|-activate|p2b: Flutter Mane|move: Protect\n|move|p2a: Ting-Lu|Earthquake|p1b: Ting-Lu|[spread] p1a,p1b\n|-activate|p2b: Flutter Mane|move: Protect\n|-supereffective|p1a: Iron Hands\n|-supereffective|p1b: Ting-Lu\n|-damage|p1a: Iron Hands|65\/100\n|-damage|p1b: Ting-Lu|54\/100\n|\n|upkeep\n|turn|4\n|\n|t:|1682318574\n|-end|p2b: Flutter Mane|Protosynthesis|[silent]\n|switch|p2b: Iron Hands|Iron Hands, L50, shiny|100\/100\n|-end|p1a: Iron Hands|Quark Drive|[silent]\n|switch|p1a: Klefki|Klefki, L50, F|93\/100\n|move|p2a: Ting-Lu|Protect|p2a: Ting-Lu\n|-singleturn|p2a: Ting-Lu|Protect\n|move|p1b: Ting-Lu|Heavy Slam|p2b: Iron Hands\n|-resisted|p2b: Iron Hands\n|-damage|p2b: Iron Hands|96\/100\n|\n|upkeep\n|turn|5\n|\n|t:|1682318621\n|switch|p1a: Dragonite|Dragonite, L50, M|100\/100\n|switch|p1b: Iron Hands|Iron Hands, L50, shiny|65\/100\n|-terastallize|p2b: Iron Hands|Flying\n|move|p2b: Iron Hands|Tera Blast|p1b: Iron Hands\n|-damage|p1b: Iron Hands|45\/100\n|-enditem|p1b: Iron Hands|Sitrus Berry|[eat]\n|-heal|p1b: Iron Hands|70\/100|[from] item: Sitrus Berry\n|move|p2a: Ting-Lu|Earthquake|p1a: Dragonite|[spread] p1b\n|-immune|p2b: Iron Hands\n|-immune|p1a: Dragonite\n|-supereffective|p1b: Iron Hands\n|-damage|p1b: Iron Hands|40\/100\n|\n|upkeep\n|turn|6\n|\n|t:|1682318655\n|-end|p2b: Iron Hands|Quark Drive|[silent]\n|switch|p2b: Flutter Mane|Flutter Mane, L50|76\/100\n|move|p1a: Dragonite|Tailwind|p1a: Dragonite\n|-sidestart|p1: maku83199|move: Tailwind\n|move|p1b: Iron Hands|Drain Punch|p2a: Ting-Lu\n|-supereffective|p2a: Ting-Lu\n|-damage|p2a: Ting-Lu|56\/100\n|-heal|p1b: Iron Hands|63\/100|[from] drain|[of] p2a: Ting-Lu\n|move|p2a: Ting-Lu|Rock Slide|p1a: Dragonite|[spread] p1a,p1b\n|-supereffective|p1a: Dragonite\n|-resisted|p1b: Iron Hands\n|-damage|p1a: Dragonite|89\/100\n|-damage|p1b: Iron Hands|59\/100\n|\n|upkeep\n|turn|7\n|\n|t:|1682318699\n|move|p2a: Ting-Lu|Protect|p2a: Ting-Lu\n|-singleturn|p2a: Ting-Lu|Protect\n|move|p2b: Flutter Mane|Substitute|p2b: Flutter Mane\n|-start|p2b: Flutter Mane|Substitute\n|-damage|p2b: Flutter Mane|52\/100\n|move|p1a: Dragonite|Dragon Claw|p2a: Ting-Lu\n|-activate|p2a: Ting-Lu|move: Protect\n|move|p1b: Iron Hands|Wild Charge|p2b: Flutter Mane\n|-end|p2b: Flutter Mane|Substitute\n|-damage|p1b: Iron Hands|56\/100|[from] Recoil|[of] p2b: Flutter Mane\n|\n|upkeep\n|turn|8\n|\n|t:|1682318721\n|switch|p2a: Iron Hands|Iron Hands, L50, shiny, tera:Flying|96\/100\n|move|p2b: Flutter Mane|Dazzling Gleam|p1b: Iron Hands|[spread] p1a,p1b\n|-supereffective|p1a: Dragonite\n|-supereffective|p1b: Iron Hands\n|-damage|p1a: Dragonite|55\/100\n|-damage|p1b: Iron Hands|23\/100\n|move|p1a: Dragonite|Dragon Claw|p2a: Iron Hands\n|-damage|p2a: Iron Hands|62\/100\n|move|p1b: Iron Hands|Wild Charge|p2b: Flutter Mane\n|-crit|p2b: Flutter Mane\n|-damage|p2b: Flutter Mane|0 fnt\n|faint|p2b: Flutter Mane\n|-end|p2b: Flutter Mane|Protosynthesis|[silent]\n|-damage|p1b: Iron Hands|16\/100|[from] Recoil\n|\n|-sideend|p1: maku83199|move: Light Screen\n|upkeep\n|\n|t:|1682318733\n|switch|p2b: Chi-Yu|Chi-Yu, L50|100\/100\n|-ability|p2b: Chi-Yu|Beads of Ruin\n|turn|9\n|\n|t:|1682318788\n|-end|p1b: Iron Hands|Quark Drive|[silent]\n|switch|p1b: Klefki|Klefki, L50, F|93\/100\n|move|p2b: Chi-Yu|Protect|p2b: Chi-Yu\n|-singleturn|p2b: Chi-Yu|Protect\n|move|p2a: Iron Hands|Fake Out|p1b: Klefki\n|-resisted|p1b: Klefki\n|-damage|p1b: Klefki|87\/100\n|move|p1a: Dragonite|Dragon Claw|p2b: Chi-Yu\n|-activate|p2b: Chi-Yu|move: Protect\n|\n|-sideend|p1: maku83199|Reflect\n|-sideend|p1: maku83199|move: Tailwind\n|upkeep\n|turn|10\n|\n|t:|1682318817\n|switch|p1a: Ting-Lu|Ting-Lu, L50, tera:Poison|54\/100\n|-ability|p1a: Ting-Lu|Vessel of Ruin\n|move|p1b: Klefki|Light Screen|p1b: Klefki\n|-sidestart|p1: maku83199|move: Light Screen\n|move|p2b: Chi-Yu|Heat Wave|p1a: Ting-Lu|[spread] p1a,p1b\n|-supereffective|p1b: Klefki\n|-damage|p1a: Ting-Lu|38\/100\n|-damage|p1b: Klefki|19\/100\n|-damage|p2b: Chi-Yu|91\/100|[from] item: Life Orb\n|move|p2a: Iron Hands|Tera Blast|p1a: Ting-Lu\n|-damage|p1a: Ting-Lu|11\/100\n|\n|upkeep\n|turn|11\n|\n|t:|1682318848\n|switch|p1a: Iron Hands|Iron Hands, L50, shiny|16\/100\n|move|p1b: Klefki|Reflect|p1b: Klefki\n|-sidestart|p1: maku83199|Reflect\n|move|p2b: Chi-Yu|Heat Wave|p1b: Klefki|[spread] p1b\n|-miss|p2b: Chi-Yu|p1a: Iron Hands\n|-supereffective|p1b: Klefki\n|-damage|p1b: Klefki|0 fnt\n|faint|p1b: Klefki\n|-damage|p2b: Chi-Yu|81\/100|[from] item: Life Orb\n|move|p2a: Iron Hands|Wild Charge|p1a: Iron Hands\n|-resisted|p1a: Iron Hands\n|-damage|p1a: Iron Hands|4\/100\n|-damage|p2a: Iron Hands|59\/100|[from] Recoil\n|\n|upkeep\n|\n|t:|1682318866\n|switch|p1b: Dragonite|Dragonite, L50, M|55\/100\n|turn|12\n|\n|t:|1682318903\n|move|p2b: Chi-Yu|Protect|p2b: Chi-Yu\n|-singleturn|p2b: Chi-Yu|Protect\n|move|p1a: Iron Hands|Fake Out|p2a: Iron Hands\n|-crit|p2a: Iron Hands\n|-damage|p2a: Iron Hands|44\/100\n|move|p1b: Dragonite|Tailwind|p1b: Dragonite\n|-sidestart|p1: maku83199|move: Tailwind\n|cant|p2a: Iron Hands|flinch\n|\n|upkeep\n|turn|13\n|\n|t:|1682318917\n|move|p1b: Dragonite|Dragon Claw|p2b: Chi-Yu\n|-damage|p2b: Chi-Yu|0 fnt\n|faint|p2b: Chi-Yu\n|move|p1a: Iron Hands|Wild Charge|p2a: Iron Hands\n|-supereffective|p2a: Iron Hands\n|-damage|p2a: Iron Hands|0 fnt\n|faint|p2a: Iron Hands\n|-end|p2a: Iron Hands|Quark Drive|[silent]\n|-damage|p1a: Iron Hands|0 fnt|[from] Recoil\n|faint|p1a: Iron Hands\n|-end|p1a: Iron Hands|Quark Drive|[silent]\n|\n|upkeep\n|\n|t:|1682318929\n|switch|p1a: Ting-Lu|Ting-Lu, L50, tera:Poison|11\/100\n|switch|p2a: Ting-Lu|Ting-Lu, L50|56\/100\n|-ability|p1a: Ting-Lu|Vessel of Ruin\n|-ability|p2a: Ting-Lu|Vessel of Ruin\n|turn|14\n|\n|t:|1682318942\n|move|p1b: Dragonite|Dragon Claw|p2a: Ting-Lu\n|-damage|p2a: Ting-Lu|28\/100\n|move|p1a: Ting-Lu|Stomping Tantrum|p2a: Ting-Lu\n|-damage|p2a: Ting-Lu|7\/100\n|move|p2a: Ting-Lu|Rock Slide|p1b: Dragonite|[spread] p1a,p1b\n|-supereffective|p1b: Dragonite\n|-damage|p1a: Ting-Lu|4\/100\n|-damage|p1b: Dragonite|28\/100\n|\n|upkeep\n|turn|15\n|\n|t:|1682318954\n|move|p1b: Dragonite|Dragon Claw|p2a: Ting-Lu\n|-damage|p2a: Ting-Lu|0 fnt\n|faint|p2a: Ting-Lu\n|\n|win|maku83199\n|l|\u2606XinBluQAQ\n|l|\u2606maku83199\n|j|\u2606XinBluQAQ\n|player|p2|XinBluQAQ|shadowtriad\n|l|\u2606XinBluQAQ\n|player|p2|\n|j|\u2606XinBluQAQ\n|player|p2|XinBluQAQ|shadowtriad\n","uploadtime":1682319505,"views":33,"p1id":"maku83199","p2id":"xinbluqaq","formatid":"gen9vgc2023regulationc","rating":0,"private":0,"password":""}