{"id":"gen9vgc2023regulationc-1854813029","p1":"Kirzok","p2":"isnaoso","format":"[Gen 9] VGC 2023 Regulation C","log":"|j|\u2606Kirzok\n|j|\u2606isnaoso\n|t:|1682869048\n|gametype|doubles\n|player|p1|Kirzok|lance|1000\n|player|p2|isnaoso|2|1000\n|teamsize|p1|6\n|teamsize|p2|6\n|gen|9\n|tier|[Gen 9] VGC 2023 Regulation C\n|rated|\n|rule|Species Clause: Limit one of each Pok\u00e9mon\n|rule|Item Clause: Limit one of each item\n|clearpoke\n|poke|p1|Dondozo, L50, M|\n|poke|p1|Tatsugiri-Stretchy, L50, M|\n|poke|p1|Chi-Yu, L50|\n|poke|p1|Flutter Mane, L50|\n|poke|p1|Dragonite, L50, M|\n|poke|p1|Glimmora, L50, M|\n|poke|p2|Talonflame, L50, F|\n|poke|p2|Iron Treads, L50|\n|poke|p2|Flutter Mane, L50|\n|poke|p2|Dragonite, L50, M|\n|poke|p2|Chien-Pao, L50|\n|poke|p2|Iron Moth, L50|\n|teampreview|4\n|\n|t:|1682869090\n|start\n|switch|p1a: Tatsugiri|Tatsugiri-Stretchy, L50, M|100\/100\n|switch|p1b: Chi-Yu|Chi-Yu, L50|100\/100\n|switch|p2a: Talonflame|Talonflame, L50, F|100\/100\n|switch|p2b: Iron Treads|Iron Treads, L50|100\/100\n|-ability|p1b: Chi-Yu|Beads of Ruin\n|turn|1\n|\n|t:|1682869115\n|move|p1b: Chi-Yu|Protect|p1b: Chi-Yu\n|-singleturn|p1b: Chi-Yu|Protect\n|move|p2a: Talonflame|Tailwind|p2a: Talonflame\n|-sidestart|p2: isnaoso|move: Tailwind\n|move|p2b: Iron Treads|Earthquake|p1a: Tatsugiri|[spread] p1a\n|-activate|p1b: Chi-Yu|move: Protect\n|-immune|p2a: Talonflame\n|-damage|p1a: Tatsugiri|52\/100\n|move|p1a: Tatsugiri|Muddy Water|p2b: Iron Treads|[spread] p2a,p2b\n|-supereffective|p2a: Talonflame\n|-supereffective|p2b: Iron Treads\n|-damage|p2a: Talonflame|0 fnt\n|-damage|p2b: Iron Treads|0 fnt\n|faint|p2a: Talonflame\n|faint|p2b: Iron Treads\n|-end|p2b: Iron Treads|Quark Drive|[silent]\n|\n|upkeep\n|\n|t:|1682869131\n|switch|p2a: Flutter Mane|Flutter Mane, L50|100\/100\n|switch|p2b: Chien-Pao|Chien-Pao, L50|100\/100\n|-ability|p2b: Chien-Pao|Sword of Ruin\n|-enditem|p2a: Flutter Mane|Booster Energy\n|-activate|p2a: Flutter Mane|ability: Protosynthesis|[fromitem]\n|-start|p2a: Flutter Mane|protosynthesisspa\n|turn|2\n|\n|t:|1682869147\n|move|p2b: Chien-Pao|Sacred Sword|p1b: Chi-Yu\n|-supereffective|p1b: Chi-Yu\n|-damage|p1b: Chi-Yu|0 fnt\n|faint|p1b: Chi-Yu\n|move|p2a: Flutter Mane|Dazzling Gleam|p1a: Tatsugiri\n|-supereffective|p1a: Tatsugiri\n|-damage|p1a: Tatsugiri|0 fnt\n|faint|p1a: Tatsugiri\n|\n|upkeep\n|\n|t:|1682869153\n|switch|p1b: Flutter Mane|Flutter Mane, L50|100\/100\n|switch|p1a: Dondozo|Dondozo, L50, M|100\/100\n|-enditem|p1b: Flutter Mane|Booster Energy\n|-activate|p1b: Flutter Mane|ability: Protosynthesis|[fromitem]\n|-start|p1b: Flutter Mane|protosynthesisspe\n|turn|3\n|\n|t:|1682869169\n|move|p1b: Flutter Mane|Protect|p1b: Flutter Mane\n|-singleturn|p1b: Flutter Mane|Protect\n|move|p2b: Chien-Pao|Ice Spinner|p1a: Dondozo\n|-resisted|p1a: Dondozo\n|-damage|p1a: Dondozo|85\/100\n|move|p2a: Flutter Mane|Shadow Ball|p1b: Flutter Mane\n|-activate|p1b: Flutter Mane|move: Protect\n|move|p1a: Dondozo|Bulldoze|p2a: Flutter Mane|[spread] p2a,p2b\n|-activate|p1b: Flutter Mane|move: Protect\n|-damage|p2a: Flutter Mane|79\/100\n|-damage|p2b: Chien-Pao|86\/100\n|-unboost|p2a: Flutter Mane|spe|1\n|-unboost|p2b: Chien-Pao|spe|1\n|\n|upkeep\n|turn|4\n|\n|t:|1682869189\n|-terastallize|p1b: Flutter Mane|Steel\n|move|p2a: Flutter Mane|Protect|p2a: Flutter Mane\n|-singleturn|p2a: Flutter Mane|Protect\n|move|p1b: Flutter Mane|Substitute|p1b: Flutter Mane\n|-start|p1b: Flutter Mane|Substitute\n|-damage|p1b: Flutter Mane|76\/100\n|move|p2b: Chien-Pao|Ice Spinner|p1b: Flutter Mane\n|-resisted|p1b: Flutter Mane\n|-end|p1b: Flutter Mane|Substitute\n|move|p1a: Dondozo|Wave Crash|p2b: Chien-Pao\n|-damage|p2b: Chien-Pao|26\/100\n|-damage|p1a: Dondozo|73\/100|[from] Recoil\n|\n|-sideend|p2: isnaoso|move: Tailwind\n|upkeep\n|turn|5\n|\n|t:|1682869210\n|move|p1b: Flutter Mane|Protect|p1b: Flutter Mane\n|-singleturn|p1b: Flutter Mane|Protect\n|move|p2b: Chien-Pao|Sacred Sword|p1b: Flutter Mane\n|-activate|p1b: Flutter Mane|move: Protect\n|move|p2a: Flutter Mane|Moonblast|p1a: Dondozo\n|-damage|p1a: Dondozo|29\/100\n|-enditem|p1a: Dondozo|Sitrus Berry|[eat]\n|-heal|p1a: Dondozo|54\/100|[from] item: Sitrus Berry\n|move|p1a: Dondozo|Bulldoze|p2a: Flutter Mane|[spread] p2a,p2b\n|-activate|p1b: Flutter Mane|move: Protect\n|-damage|p2a: Flutter Mane|59\/100\n|-damage|p2b: Chien-Pao|10\/100\n|-unboost|p2a: Flutter Mane|spe|1\n|-unboost|p2b: Chien-Pao|spe|1\n|\n|upkeep\n|turn|6\n|\n|t:|1682869239\n|move|p2b: Chien-Pao|Protect|p2b: Chien-Pao\n|-singleturn|p2b: Chien-Pao|Protect\n|move|p1b: Flutter Mane|Hex|p2b: Chien-Pao\n|-activate|p2b: Chien-Pao|move: Protect\n|move|p2a: Flutter Mane|Moonblast|p1a: Dondozo\n|-damage|p1a: Dondozo|13\/100\n|move|p1a: Dondozo|Wave Crash|p2a: Flutter Mane\n|-damage|p2a: Flutter Mane|0 fnt\n|faint|p2a: Flutter Mane\n|-end|p2a: Flutter Mane|Protosynthesis|[silent]\n|-damage|p1a: Dondozo|2\/100|[from] Recoil\n|\n|upkeep\n|turn|7\n|-message|isnaoso forfeited.\n|\n|win|Kirzok\n|raw|Kirzok's rating: 1000 → 1040<\/strong> (+40 for winning)\n|raw|isnaoso's rating: 1000 → 1000<\/strong> (+0 for losing)\n|l|\u2606isnaoso\n","uploadtime":1682869254,"views":14,"p1id":"kirzok","p2id":"isnaoso","formatid":"gen9vgc2023regulationc","rating":1000,"private":0,"password":""}