{"id":"gen9vgc2023regulationc-1860191577","p1":"marioman6444","p2":"VivixVGC","format":"[Gen 9] VGC 2023 Regulation C","log":"|j|\u2606marioman6444\n|j|\u2606VivixVGC\n|t:|1683607564\n|gametype|doubles\n|player|p1|marioman6444|hoopster|1260\n|player|p2|VivixVGC|interviewers|1251\n|teamsize|p1|6\n|teamsize|p2|6\n|gen|9\n|tier|[Gen 9] VGC 2023 Regulation C\n|rated|\n|rule|Species Clause: Limit one of each Pok\u00e9mon\n|rule|Item Clause: Limit one of each item\n|clearpoke\n|poke|p1|Flutter Mane, L50|\n|poke|p1|Chi-Yu, L50|\n|poke|p1|Torkoal, L50, M|\n|poke|p1|Jumpluff, L50, F|\n|poke|p1|Talonflame, L50, M|\n|poke|p1|Great Tusk, L50|\n|poke|p2|Dondozo, L50, M|\n|poke|p2|Tatsugiri, L50, F|\n|poke|p2|Glimmora, L50, M|\n|poke|p2|Arcanine, L50, M|\n|poke|p2|Wo-Chien, L50|\n|poke|p2|Ting-Lu, L50|\n|teampreview|4\n|inactive|Battle timer is ON: inactive players will automatically lose when time's up. (requested by VivixVGC)\n|inactive|marioman6444 also wants the timer to be on.\n|inactive|marioman6444 has 60 seconds left.\n|inactive|VivixVGC has 60 seconds left.\nVivixVGC has agreed to open team sheets.\n|j| SurfSweeper\n|c|\u2606marioman6444|Glhf\n|inactive|VivixVGC has 30 seconds left.\n|inactive|VivixVGC has 20 seconds left.\n|inactive|VivixVGC has 15 seconds left.\nmarioman6444 rejected open team sheets.\n|inactive|VivixVGC has 10 seconds left.\n|inactive|VivixVGC has 5 seconds left.\n|\n|t:|1683607650\n|start\n|switch|p1a: Dog|Torkoal, L50, M, shiny|100\/100\n|switch|p1b: Pinky&Brain|Jumpluff, L50, F, shiny|100\/100\n|switch|p2a: Arcanine|Arcanine, L50, M|100\/100\n|switch|p2b: Glimmora|Glimmora, L50, M|100\/100\n|-ability|p2a: Arcanine|Intimidate|boost\n|-unboost|p1a: Dog|atk|1\n|-unboost|p1b: Pinky&Brain|atk|1\n|-weather|SunnyDay|[from] ability: Drought|[of] p1a: Dog\n|turn|1\n|inactive|marioman6444 has 30 seconds left.\n|\n|t:|1683607679\n|move|p1b: Pinky&Brain|Sleep Powder|p2b: Glimmora\n|-status|p2b: Glimmora|slp|[from] move: Sleep Powder\n|move|p2a: Arcanine|Flare Blitz|p1b: Pinky&Brain\n|-supereffective|p1b: Pinky&Brain\n|-enditem|p1b: Pinky&Brain|Focus Sash\n|-damage|p1b: Pinky&Brain|1\/100\n|-damage|p2a: Arcanine|69\/100|[from] Recoil\n|cant|p2b: Glimmora|slp\n|move|p1a: Dog|Eruption|p2b: Glimmora|[spread] p2a,p2b\n|-resisted|p2a: Arcanine\n|-resisted|p2b: Glimmora\n|-damage|p2a: Arcanine|41\/100\n|-damage|p2b: Glimmora|78\/100 slp\n|\n|-weather|SunnyDay|[upkeep]\n|upkeep\n|turn|2\n|inactive|marioman6444 has 30 seconds left.\n|inactive|VivixVGC has 30 seconds left.\n|inactive|VivixVGC has 20 seconds left.\n|inactive|marioman6444 has 20 seconds left.\n|inactive|VivixVGC has 15 seconds left.\n|inactive|VivixVGC has 10 seconds left.\n|\n|t:|1683607724\n|move|p2a: Arcanine|Extreme Speed|p1b: Pinky&Brain\n|-damage|p1b: Pinky&Brain|0 fnt\n|faint|p1b: Pinky&Brain\n|-curestatus|p2b: Glimmora|slp|[msg]\n|move|p2b: Glimmora|Power Gem|p1a: Dog\n|-supereffective|p1a: Dog\n|-damage|p1a: Dog|29\/100\n|move|p1a: Dog|Solar Beam||[still]\n|-prepare|p1a: Dog|Solar Beam\n|-anim|p1a: Dog|Solar Beam|p2b: Glimmora\n|-damage|p2b: Glimmora|56\/100\n|\n|-weather|SunnyDay|[upkeep]\n|upkeep\n|inactive|marioman6444 has 30 seconds left.\n|inactive|marioman6444 has 20 seconds left.\n|\n|t:|1683607761\n|switch|p1b: Mutter Flane|Flutter Mane, L50, shiny|100\/100\n|-activate|p1b: Mutter Flane|ability: Protosynthesis\n|-start|p1b: Mutter Flane|protosynthesisspa\n|turn|3\n|inactive|marioman6444 has 30 seconds left.\n|inactive|marioman6444 has 20 seconds left.\n|\n|t:|1683607801\n|move|p2a: Arcanine|Protect|p2a: Arcanine\n|-singleturn|p2a: Arcanine|Protect\n|move|p1b: Mutter Flane|Shadow Ball|p2b: Glimmora\n|-damage|p2b: Glimmora|12\/100\n|-enditem|p2b: Glimmora|Sitrus Berry|[eat]\n|-heal|p2b: Glimmora|37\/100|[from] item: Sitrus Berry\n|move|p2b: Glimmora|Mortal Spin|p1b: Mutter Flane|[spread] p1a,p1b\n|-damage|p1a: Dog|26\/100\n|-damage|p1b: Mutter Flane|95\/100\n|-status|p1a: Dog|psn\n|-status|p1b: Mutter Flane|psn\n|move|p1a: Dog|Eruption|p2a: Arcanine|[spread] p2b\n|-activate|p2a: Arcanine|move: Protect\n|-resisted|p2b: Glimmora\n|-damage|p2b: Glimmora|32\/100\n|\n|-weather|SunnyDay|[upkeep]\n|-damage|p1b: Mutter Flane|82\/100 psn|[from] psn\n|-damage|p1a: Dog|13\/100 psn|[from] psn\n|upkeep\n|turn|4\n|inactive|VivixVGC has 30 seconds left.\n|inactive|VivixVGC has 20 seconds left.\n|inactive|VivixVGC has 15 seconds left.\n|inactive|VivixVGC has 10 seconds left.\n|\n|t:|1683607849\n|switch|p1a: GoldFish :D|Chi-Yu, L50|100\/100\n|-ability|p1a: GoldFish :D|Beads of Ruin\n|move|p1b: Mutter Flane|Shadow Ball|p2a: Arcanine\n|-damage|p2a: Arcanine|0 fnt\n|faint|p2a: Arcanine\n|move|p2b: Glimmora|Power Gem|p1b: Mutter Flane\n|-damage|p1b: Mutter Flane|52\/100 psn\n|\n|-weather|SunnyDay|[upkeep]\n|-damage|p1b: Mutter Flane|40\/100 psn|[from] psn\n|upkeep\n|\n|t:|1683607868\n|switch|p2a: Dondozo|Dondozo, L50, M|100\/100\n|turn|5\n|\n|t:|1683607892\n|-terastallize|p1a: GoldFish :D|Water\n|move|p2a: Dondozo|Protect|p2a: Dondozo\n|-singleturn|p2a: Dondozo|Protect\n|move|p1b: Mutter Flane|Shadow Ball|p2b: Glimmora\n|-damage|p2b: Glimmora|0 fnt\n|faint|p2b: Glimmora\n|move|p1a: GoldFish :D|Nasty Plot|p1a: GoldFish :D\n|-boost|p1a: GoldFish :D|spa|2\n|\n|-weather|none\n|-end|p1b: Mutter Flane|Protosynthesis\n|-damage|p1b: Mutter Flane|27\/100 psn|[from] psn\n|upkeep\n|\n|t:|1683607898\n|switch|p2b: Tatsugiri|Tatsugiri, L50, F|100\/100\n|-activate|p2b: Tatsugiri|ability: Commander|[of] p2a: Dondozo\n|-boost|p2a: Dondozo|atk|2\n|-boost|p2a: Dondozo|spa|2\n|-boost|p2a: Dondozo|spe|2\n|-boost|p2a: Dondozo|def|2\n|-boost|p2a: Dondozo|spd|2\n|turn|6\n|\n|t:|1683607922\n|-end|p1b: Mutter Flane|Protosynthesis|[silent]\n|switch|p1b: Dog|Torkoal, L50, M, shiny|13\/100 psn\n|-weather|SunnyDay|[from] ability: Drought|[of] p1b: Dog\n|move|p1a: GoldFish :D|Protect|p1a: GoldFish :D\n|-singleturn|p1a: GoldFish :D|Protect\n|move|p2a: Dondozo|Wave Crash|p1b: Dog\n|-supereffective|p1b: Dog\n|-damage|p1b: Dog|0 fnt\n|faint|p1b: Dog\n|-damage|p2a: Dondozo|97\/100|[from] Recoil\n|\n|-weather|SunnyDay|[upkeep]\n|-heal|p2a: Dondozo|100\/100|[from] item: Leftovers\n|upkeep\n|\n|t:|1683607925\n|switch|p1b: Mutter Flane|Flutter Mane, L50, shiny|27\/100 psn\n|-activate|p1b: Mutter Flane|ability: Protosynthesis\n|-start|p1b: Mutter Flane|protosynthesisspa\n|turn|7\n|\n|t:|1683607949\n|move|p2a: Dondozo|Wave Crash|p1b: Mutter Flane\n|-damage|p1b: Mutter Flane|0 fnt\n|faint|p1b: Mutter Flane\n|-end|p1b: Mutter Flane|Protosynthesis|[silent]\n|-damage|p2a: Dondozo|94\/100|[from] Recoil\n|move|p1a: GoldFish :D|Lava Plume|p2a: Dondozo|[spread] p2a\n|-miss|p1a: GoldFish :D|p2b: Tatsugiri\n|-resisted|p2a: Dondozo\n|-damage|p2a: Dondozo|83\/100\n|\n|-weather|SunnyDay|[upkeep]\n|-heal|p2a: Dondozo|89\/100|[from] item: Leftovers\n|upkeep\n|turn|8\n|\n|t:|1683607957\n|move|p2a: Dondozo|Substitute|p2a: Dondozo\n|-start|p2a: Dondozo|Substitute\n|-damage|p2a: Dondozo|64\/100\n|move|p1a: GoldFish :D|Dark Pulse|p2a: Dondozo\n|-activate|p2a: Dondozo|move: Substitute|[damage]\n|\n|-weather|SunnyDay|[upkeep]\n|-heal|p2a: Dondozo|70\/100|[from] item: Leftovers\n|upkeep\n|turn|9\n|\n|t:|1683607960\n|move|p2a: Dondozo|Protect|p2a: Dondozo\n|-singleturn|p2a: Dondozo|Protect\n|move|p1a: GoldFish :D|Dark Pulse|p2a: Dondozo\n|-activate|p2a: Dondozo|move: Protect\n|\n|-weather|SunnyDay|[upkeep]\n|-heal|p2a: Dondozo|76\/100|[from] item: Leftovers\n|upkeep\n|turn|10\n|\n|t:|1683607965\n|move|p2a: Dondozo|Order Up|p1a: GoldFish :D\n|-damage|p1a: GoldFish :D|54\/100\n|-boost|p2a: Dondozo|atk|1\n|move|p1a: GoldFish :D|Dark Pulse|p2a: Dondozo\n|-end|p2a: Dondozo|Substitute\n|\n|-weather|none\n|-heal|p2a: Dondozo|82\/100|[from] item: Leftovers\n|upkeep\n|turn|11\n|\n|t:|1683607974\n|move|p2a: Dondozo|Substitute|p2a: Dondozo\n|-start|p2a: Dondozo|Substitute\n|-damage|p2a: Dondozo|57\/100\n|move|p1a: GoldFish :D|Dark Pulse|p2a: Dondozo\n|-activate|p2a: Dondozo|move: Substitute|[damage]\n|\n|-heal|p2a: Dondozo|63\/100|[from] item: Leftovers\n|upkeep\n|turn|12\n|-message|marioman6444 forfeited.\n|\n|win|VivixVGC\n|raw|marioman6444's rating: 1260 → 1234<\/strong> (-26 for losing)\n|raw|VivixVGC's rating: 1251 → 1277<\/strong> (+26 for winning)\n|l|\u2606marioman6444\n|l|\u2606VivixVGC\n","uploadtime":1683607984,"views":11,"p1id":"marioman6444","p2id":"vivixvgc","formatid":"gen9vgc2023regulationc","rating":1234,"private":0,"password":""}