{"id":"gen9vgc2023regulationc-1859683780","p1":"WillieDangerously","p2":"xb4d_pokemonx","format":"[Gen 9] VGC 2023 Regulation C","log":"|j|\u2606WillieDangerously\n|j|\u2606xb4d_pokemonx\n|t:|1683555825\n|gametype|doubles\n|player|p1|WillieDangerously|psychic-gen4|1088\n|player|p2|xb4d_pokemonx|266|1021\n|teamsize|p1|6\n|teamsize|p2|6\n|gen|9\n|tier|[Gen 9] VGC 2023 Regulation C\n|rated|\n|rule|Species Clause: Limit one of each Pok\u00e9mon\n|rule|Item Clause: Limit one of each item\n|clearpoke\n|poke|p1|Espathra, L50, F|\n|poke|p1|Iron Bundle, L50|\n|poke|p1|Iron Valiant, L50|\n|poke|p1|Salamence, L50, M|\n|poke|p1|Scizor, L50, M|\n|poke|p1|Sandy Shocks, L50|\n|poke|p2|Dragapult, L50, M|\n|poke|p2|Murkrow, L50, M|\n|poke|p2|Iron Moth, L50|\n|poke|p2|Maushold, L50|\n|poke|p2|Baxcalibur, L50, M|\n|poke|p2|Rotom-Wash, L50|\n|teampreview|4\n|inactive|Battle timer is ON: inactive players will automatically lose when time's up. (requested by xb4d_pokemonx)\n|\n|t:|1683555898\n|start\n|switch|p1a: Sandy Shocks|Sandy Shocks, L50|100\/100\n|switch|p1b: Scizor|Scizor, L50, M|100\/100\n|switch|p2a: 2 for 1|Dragapult, L50, M, shiny|100\/100\n|switch|p2b: Perchance|Murkrow, L50, M, shiny|100\/100\n|-enditem|p1a: Sandy Shocks|Booster Energy\n|-activate|p1a: Sandy Shocks|ability: Protosynthesis|[fromitem]\n|-start|p1a: Sandy Shocks|protosynthesisspe\n|turn|1\n|inactive|WillieDangerously has 30 seconds left.\n|\n|t:|1683555931\n|switch|p1b: Iron Bundle|Iron Bundle, L50|100\/100\n|move|p2b: Perchance|Taunt|p1a: Sandy Shocks\n|-start|p1a: Sandy Shocks|move: Taunt\n|cant|p1a: Sandy Shocks|move: Taunt|Gravity\n|move|p2a: 2 for 1|Dragon Dance|p2a: 2 for 1\n|-boost|p2a: 2 for 1|atk|1\n|-boost|p2a: 2 for 1|spe|1\n|\n|upkeep\n|turn|2\n|inactive|xb4d_pokemonx has 30 seconds left.\n|\n|t:|1683555965\n|move|p2b: Perchance|Tailwind|p2b: Perchance\n|-sidestart|p2: xb4d_pokemonx|move: Tailwind\n|move|p2a: 2 for 1|Dragon Darts|p1b: Iron Bundle\n|-damage|p1b: Iron Bundle|43\/100\n|-anim|p2a: 2 for 1|Dragon Darts|p1a: Sandy Shocks\n|-damage|p1a: Sandy Shocks|43\/100\n|-damage|p2a: 2 for 1|91\/100|[from] item: Life Orb\n|move|p1a: Sandy Shocks|Thunder|p2b: Perchance\n|-supereffective|p2b: Perchance\n|-damage|p2b: Perchance|9\/100\n|move|p1b: Iron Bundle|Blizzard|p2a: 2 for 1|[spread] p2a,p2b\n|-supereffective|p2a: 2 for 1\n|-supereffective|p2b: Perchance\n|-damage|p2a: 2 for 1|0 fnt\n|-damage|p2b: Perchance|0 fnt\n|-start|p1b: Iron Bundle|Disable|Blizzard|[from] ability: Cursed Body|[of] p2a: 2 for 1\n|faint|p2a: 2 for 1\n|faint|p2b: Perchance\n|\n|upkeep\n|\n|t:|1683555972\n|switch|p2a: Sol|Iron Moth, L50|100\/100\n|switch|p2b: Mousecarriage|Maushold, L50, shiny|100\/100\n|-enditem|p2a: Sol|Booster Energy\n|-activate|p2a: Sol|ability: Quark Drive|[fromitem]\n|-start|p2a: Sol|quarkdrivespa\n|turn|3\n|inactive|WillieDangerously has 30 seconds left.\n|inactive|WillieDangerously has 20 seconds left.\n|inactive|WillieDangerously has 15 seconds left.\n|\n|t:|1683556013\n|-end|p1a: Sandy Shocks|Protosynthesis|[silent]\n|switch|p1a: Iron Valiant|Iron Valiant, L50|100\/100\n|move|p2b: Mousecarriage|Helping Hand|p2a: Sol\n|-singleturn|p2a: Sol|Helping Hand|[of] p2b: Mousecarriage\n|move|p1b: Iron Bundle|Protect|p1b: Iron Bundle\n|-singleturn|p1b: Iron Bundle|Protect\n|move|p2a: Sol|Heat Wave|p1a: Iron Valiant|[spread] p1a\n|-activate|p1b: Iron Bundle|move: Protect\n|-crit|p1a: Iron Valiant\n|-enditem|p1a: Iron Valiant|Focus Sash\n|-damage|p1a: Iron Valiant|1\/100\n|\n|upkeep\n|turn|4\n|\n|t:|1683556034\n|move|p2b: Mousecarriage|Helping Hand|p2a: Sol\n|-singleturn|p2a: Sol|Helping Hand|[of] p2b: Mousecarriage\n|move|p1a: Iron Valiant|Protect|p1a: Iron Valiant\n|-singleturn|p1a: Iron Valiant|Protect\n|move|p2a: Sol|Heat Wave|p1b: Iron Bundle|[spread] p1b\n|-activate|p1a: Iron Valiant|move: Protect\n|-damage|p1b: Iron Bundle|0 fnt\n|faint|p1b: Iron Bundle\n|-end|p1b: Iron Bundle|Quark Drive|[silent]\n|\n|upkeep\n|\n|t:|1683556057\n|switch|p1b: Scizor|Scizor, L50, M|100\/100\n|turn|5\n|\n|t:|1683556065\n|-terastallize|p1b: Scizor|Fire\n|move|p2b: Mousecarriage|Helping Hand|p2a: Sol\n|-singleturn|p2a: Sol|Helping Hand|[of] p2b: Mousecarriage\n|move|p2a: Sol|Heat Wave|p1a: Iron Valiant|[spread] p1a,p1b\n|-resisted|p1b: Scizor\n|-damage|p1a: Iron Valiant|0 fnt\n|-damage|p1b: Scizor|50\/100\n|faint|p1a: Iron Valiant\n|-end|p1a: Iron Valiant|Quark Drive|[silent]\n|move|p1b: Scizor|Swords Dance|p1b: Scizor\n|-boost|p1b: Scizor|atk|2\n|\n|-sideend|p2: xb4d_pokemonx|move: Tailwind\n|upkeep\n|\n|t:|1683556078\n|switch|p1a: Sandy Shocks|Sandy Shocks, L50|43\/100\n|turn|6\n|c|\u2606xb4d_pokemonx|Lol\n|\n|t:|1683556089\n|move|p2b: Mousecarriage|Helping Hand|p2a: Sol\n|-singleturn|p2a: Sol|Helping Hand|[of] p2b: Mousecarriage\n|move|p1b: Scizor|Feint|p2a: Sol\n|-damage|p2a: Sol|59\/100\n|move|p2a: Sol|Heat Wave|p1b: Scizor|[spread] p1a,p1b\n|-resisted|p1b: Scizor\n|-damage|p1a: Sandy Shocks|0 fnt\n|-damage|p1b: Scizor|2\/100\n|faint|p1a: Sandy Shocks\n|-end|p1a: Sandy Shocks|Protosynthesis|[silent]\n|\n|upkeep\n|turn|7\n|c|\u2606xb4d_pokemonx|Helping hand go brr\n|-message|WillieDangerously forfeited.\n|\n|win|xb4d_pokemonx\n|raw|WillieDangerously's rating: 1088 → 1060<\/strong> (-28 for losing)\n|raw|xb4d_pokemonx's rating: 1021 → 1065<\/strong> (+44 for winning)\n","uploadtime":1683556103,"views":5,"p1id":"williedangerously","p2id":"xb4dpokemonx","formatid":"gen9vgc2023regulationc","rating":1060,"private":0,"password":""}