{"id":"gen9vgc2023regulationc-1846674992","p1":"Sprye0216","p2":"onesatoshi","format":"[Gen 9] VGC 2023 Regulation C","log":"|j|\u2606Sprye0216\n|j|\u2606onesatoshi\n|t:|1681864470\n|gametype|doubles\n|player|p1|Sprye0216|skyla|1168\n|player|p2|onesatoshi|unknown|1094\n|teamsize|p1|6\n|teamsize|p2|6\n|gen|9\n|tier|[Gen 9] VGC 2023 Regulation C\n|rated|\n|rule|Species Clause: Limit one of each Pok\u00e9mon\n|rule|Item Clause: Limit one of each item\n|clearpoke\n|poke|p1|Kingambit, L50, M|\n|poke|p1|Gyarados, L50, F|\n|poke|p1|Amoonguss, L50, F|\n|poke|p1|Flutter Mane, L50|\n|poke|p1|Chi-Yu, L50|\n|poke|p1|Iron Hands, L50|\n|poke|p2|Mimikyu, L50, M|\n|poke|p2|Iron Hands, L50|\n|poke|p2|Palafin, L50, M|\n|poke|p2|Amoonguss, L50, M|\n|poke|p2|Gastrodon-East, L50, M|\n|poke|p2|Orthworm, L50, M|\n|teampreview|4\n|inactive|Battle timer is ON: inactive players will automatically lose when time's up. (requested by onesatoshi)\n|\n|t:|1681864499\n|start\n|switch|p1a: Chi-Yu|Chi-Yu, L50|100\/100\n|switch|p1b: Flutter Mane|Flutter Mane, L50|100\/100\n|switch|p2a: Mimikyu|Mimikyu, L50, M, shiny|100\/100\n|switch|p2b: Iron Hands|Iron Hands, L50, shiny|100\/100\n|-ability|p1a: Chi-Yu|Beads of Ruin\n|-enditem|p1b: Flutter Mane|Booster Energy\n|-activate|p1b: Flutter Mane|ability: Protosynthesis|[fromitem]\n|-start|p1b: Flutter Mane|protosynthesisspe\n|turn|1\n|inactive|Sprye0216 has 30 seconds left.\n|\n|t:|1681864525\n|move|p2b: Iron Hands|Fake Out|p1a: Chi-Yu\n|-damage|p1a: Chi-Yu|72\/100\n|move|p1b: Flutter Mane|Shadow Ball|p2a: Mimikyu\n|-activate|p2a: Mimikyu|ability: Disguise\n|-damage|p2a: Mimikyu|100\/100\n|-unboost|p2a: Mimikyu|spd|1\n|detailschange|p2a: Mimikyu|Mimikyu-Busted, L50, M, shiny\n|-damage|p2a: Mimikyu|88\/100|[from] pokemon: Mimikyu-Busted\n|cant|p1a: Chi-Yu|flinch\n|move|p2a: Mimikyu|Trick Room|p2a: Mimikyu\n|-fieldstart|move: Trick Room|[of] p2a: Mimikyu\n|\n|upkeep\n|turn|2\n|\n|t:|1681864546\n|switch|p2a: Amoonguss|Amoonguss, L50, M, shiny|100\/100\n|move|p2b: Iron Hands|Rock Slide|p1a: Chi-Yu|[spread] p1a,p1b\n|-supereffective|p1a: Chi-Yu\n|-damage|p1a: Chi-Yu|4\/100\n|-damage|p1b: Flutter Mane|48\/100\n|move|p1a: Chi-Yu|Dark Pulse|p2a: Amoonguss\n|-damage|p2a: Amoonguss|54\/100\n|cant|p1b: Flutter Mane|flinch\n|\n|upkeep\n|turn|3\n|\n|t:|1681864566\n|switch|p1a: Iron Hands|Iron Hands, L50|100\/100\n|move|p2a: Amoonguss|Spore|p1b: Flutter Mane\n|-status|p1b: Flutter Mane|slp|[from] move: Spore\n|move|p2b: Iron Hands|Rock Slide|p1b: Flutter Mane|[spread] p1a,p1b\n|-resisted|p1a: Iron Hands\n|-damage|p1a: Iron Hands|93\/100\n|-damage|p1b: Flutter Mane|0 fnt\n|faint|p1b: Flutter Mane\n|-end|p1b: Flutter Mane|Protosynthesis|[silent]\n|\n|upkeep\n|\n|t:|1681864576\n|switch|p1b: Kingambit|Kingambit, L50, M|100\/100\n|turn|4\n|\n|t:|1681864590\n|-terastallize|p1b: Kingambit|Flying\n|move|p1a: Iron Hands|Fake Out|p2a: Amoonguss\n|-damage|p2a: Amoonguss|40\/100\n|cant|p2a: Amoonguss|flinch\n|move|p1b: Kingambit|Swords Dance|p1b: Kingambit\n|-boost|p1b: Kingambit|atk|2\n|move|p2b: Iron Hands|Drain Punch|p1b: Kingambit\n|-resisted|p1b: Kingambit\n|-damage|p1b: Kingambit|83\/100\n|\n|-heal|p1b: Kingambit|88\/100|[from] item: Leftovers\n|upkeep\n|turn|5\n|\n|t:|1681864614\n|-terastallize|p2b: Iron Hands|Electric\n|move|p2a: Amoonguss|Spore|p1a: Iron Hands\n|-status|p1a: Iron Hands|slp|[from] move: Spore\n|move|p1b: Kingambit|Kowtow Cleave|p2b: Iron Hands\n|-damage|p2b: Iron Hands|25\/100\n|cant|p1a: Iron Hands|slp\n|move|p2b: Iron Hands|Wild Charge|p1b: Kingambit\n|-supereffective|p1b: Kingambit\n|-damage|p1b: Kingambit|0 fnt\n|faint|p1b: Kingambit\n|-damage|p2b: Iron Hands|5\/100|[from] Recoil\n|\n|-fieldend|move: Trick Room\n|upkeep\n|\n|t:|1681864627\n|switch|p1b: Chi-Yu|Chi-Yu, L50|4\/100\n|-ability|p1b: Chi-Yu|Beads of Ruin\n|turn|6\n|\n|t:|1681864641\n|move|p2a: Amoonguss|Protect|p2a: Amoonguss\n|-singleturn|p2a: Amoonguss|Protect\n|move|p1b: Chi-Yu|Heat Wave|p2b: Iron Hands|[spread] p2b\n|-activate|p2a: Amoonguss|move: Protect\n|-damage|p2b: Iron Hands|0 fnt\n|faint|p2b: Iron Hands\n|-end|p2b: Iron Hands|Quark Drive|[silent]\n|-curestatus|p1a: Iron Hands|slp|[msg]\n|move|p1a: Iron Hands|Drain Punch|p2a: Amoonguss\n|-activate|p2a: Amoonguss|move: Protect\n|\n|upkeep\n|\n|t:|1681864653\n|switch|p2b: Mimikyu|Mimikyu-Busted, L50, M, shiny|88\/100\n|turn|7\n|\n|t:|1681864664\n|move|p1b: Chi-Yu|Heat Wave|p2b: Mimikyu|[spread] p2a,p2b\n|-supereffective|p2a: Amoonguss\n|-crit|p2a: Amoonguss\n|-damage|p2a: Amoonguss|0 fnt\n|-damage|p2b: Mimikyu|14\/100\n|faint|p2a: Amoonguss\n|move|p1a: Iron Hands|Drain Punch|p2b: Mimikyu\n|-immune|p2b: Mimikyu\n|move|p2b: Mimikyu|Trick Room|p2b: Mimikyu\n|-fieldstart|move: Trick Room|[of] p2b: Mimikyu\n|\n|upkeep\n|\n|t:|1681864672\n|switch|p2a: Gastrodon|Gastrodon-East, L50, M, shiny|100\/100\n|turn|8\n|\n|t:|1681864680\n|move|p2b: Mimikyu|Protect|p2b: Mimikyu\n|-singleturn|p2b: Mimikyu|Protect\n|move|p2a: Gastrodon|Muddy Water|p1b: Chi-Yu|[spread] p1a,p1b\n|-supereffective|p1b: Chi-Yu\n|-damage|p1a: Iron Hands|72\/100\n|-damage|p1b: Chi-Yu|0 fnt\n|faint|p1b: Chi-Yu\n|move|p1a: Iron Hands|Drain Punch|p2a: Gastrodon\n|-damage|p2a: Gastrodon|40\/100\n|-heal|p1a: Iron Hands|95\/100|[from] drain|[of] p2a: Gastrodon\n|\n|upkeep\n|turn|9\n|\n|t:|1681864703\n|move|p2a: Gastrodon|Yawn|p1a: Iron Hands\n|-start|p1a: Iron Hands|move: Yawn|[of] p2a: Gastrodon\n|move|p1a: Iron Hands|Wild Charge|p2b: Mimikyu\n|-damage|p2b: Mimikyu|0 fnt\n|faint|p2b: Mimikyu\n|-damage|p1a: Iron Hands|93\/100|[from] Recoil\n|\n|upkeep\n|turn|10\n|\n|t:|1681864711\n|move|p2a: Gastrodon|Protect|p2a: Gastrodon\n|-singleturn|p2a: Gastrodon|Protect\n|move|p1a: Iron Hands|Drain Punch|p2a: Gastrodon\n|-activate|p2a: Gastrodon|move: Protect\n|\n|-end|p1a: Iron Hands|move: Yawn|[silent]\n|-status|p1a: Iron Hands|slp\n|upkeep\n|turn|11\n|\n|t:|1681864718\n|move|p2a: Gastrodon|Earth Power|p1a: Iron Hands\n|-supereffective|p1a: Iron Hands\n|-damage|p1a: Iron Hands|51\/100 slp\n|cant|p1a: Iron Hands|slp\n|\n|-fieldend|move: Trick Room\n|upkeep\n|turn|12\n|\n|t:|1681864726\n|cant|p1a: Iron Hands|slp\n|move|p2a: Gastrodon|Earth Power|p1a: Iron Hands\n|-supereffective|p1a: Iron Hands\n|-damage|p1a: Iron Hands|5\/100 slp\n|\n|upkeep\n|turn|13\n|\n|t:|1681864732\n|cant|p1a: Iron Hands|slp\n|move|p2a: Gastrodon|Earth Power|p1a: Iron Hands\n|-supereffective|p1a: Iron Hands\n|-damage|p1a: Iron Hands|0 fnt\n|faint|p1a: Iron Hands\n|-end|p1a: Iron Hands|Quark Drive|[silent]\n|\n|win|onesatoshi\n|raw|Sprye0216's rating: 1168 → 1138<\/strong> (-30 for losing)\n|raw|onesatoshi's rating: 1094 → 1125<\/strong> (+31 for winning)\n|l|\u2606onesatoshi\n","uploadtime":1681864739,"views":9,"p1id":"sprye0216","p2id":"onesatoshi","formatid":"gen9vgc2023regulationc","rating":1125,"private":0,"password":""}