{"id":"gen9vgc2023regulationc-1846622548","p1":"Mackar_8","p2":"oswuidhvoi","format":"[Gen 9] VGC 2023 Regulation C","log":"|j|\u2606Mackar_8\n|j|\u2606oswuidhvoi\n|t:|1681858354\n|gametype|doubles\n|player|p1|Mackar_8|265|1091\n|player|p2|oswuidhvoi|170|1000\n|teamsize|p1|6\n|teamsize|p2|6\n|gen|9\n|tier|[Gen 9] VGC 2023 Regulation C\n|rated|\n|rule|Species Clause: Limit one of each Pok\u00e9mon\n|rule|Item Clause: Limit one of each item\n|clearpoke\n|poke|p1|Sylveon, L50, M|\n|poke|p1|Amoonguss, L50, M|\n|poke|p1|Garchomp, L50, F|\n|poke|p1|Kingambit, L50, F|\n|poke|p1|Slowbro, L50, M|\n|poke|p1|Arcanine, L50, F|\n|poke|p2|Flutter Mane, L50|\n|poke|p2|Iron Hands, L50|\n|poke|p2|Iron Bundle, L50|\n|poke|p2|Tsareena, L50, F|\n|poke|p2|Murkrow, L50, M|\n|poke|p2|Salamence, L50, F|\n|teampreview|4\noswuidhvoi rejected open team sheets.\n|\n|t:|1681858392\n|start\n|switch|p1a: Amoonguss|Amoonguss, L50, M|100\/100\n|switch|p1b: Kingambit|Kingambit, L50, F|100\/100\n|switch|p2a: Iron Bundle|Iron Bundle, L50|100\/100\n|switch|p2b: Flutter Mane|Flutter Mane, L50|100\/100\n|-item|p1b: Kingambit|Air Balloon\n|-enditem|p2a: Iron Bundle|Booster Energy\n|-activate|p2a: Iron Bundle|ability: Quark Drive|[fromitem]\n|-start|p2a: Iron Bundle|quarkdrivespe\n|turn|1\n|\n|t:|1681858411\n|-end|p2a: Iron Bundle|Quark Drive|[silent]\n|switch|p2a: Iron Hands|Iron Hands, L50|100\/100\n|-terastallize|p2b: Flutter Mane|Normal\n|move|p2b: Flutter Mane|Hyper Voice|p1b: Kingambit|[spread] p1a,p1b\n|-resisted|p1b: Kingambit\n|-damage|p1a: Amoonguss|75\/100\n|-damage|p1b: Kingambit|88\/100\n|-enditem|p1b: Kingambit|Air Balloon\n|-enditem|p2b: Flutter Mane|Throat Spray\n|-boost|p2b: Flutter Mane|spa|1|[from] item: Throat Spray\n|move|p1b: Kingambit|Iron Head|p2b: Flutter Mane\n|-damage|p2b: Flutter Mane|33\/100\n|move|p1a: Amoonguss|Spore|p2a: Iron Hands\n|-status|p2a: Iron Hands|slp|[from] move: Spore\n|-enditem|p2a: Iron Hands|Lum Berry|[eat]\n|-curestatus|p2a: Iron Hands|slp|[msg]\n|\n|-heal|p1a: Amoonguss|81\/100|[from] item: Black Sludge\n|upkeep\n|turn|2\n|\n|t:|1681858430\n|move|p1b: Kingambit|Sucker Punch|p2b: Flutter Mane\n|-damage|p2b: Flutter Mane|0 fnt\n|faint|p2b: Flutter Mane\n|-end|p2b: Flutter Mane|Protosynthesis|[silent]\n|move|p2a: Iron Hands|Drain Punch|p1b: Kingambit\n|-supereffective|p1b: Kingambit\n|-damage|p1b: Kingambit|0 fnt\n|faint|p1b: Kingambit\n|move|p1a: Amoonguss|Spore|p2a: Iron Hands\n|-status|p2a: Iron Hands|slp|[from] move: Spore\n|\n|-heal|p1a: Amoonguss|86\/100|[from] item: Black Sludge\n|upkeep\n|\n|t:|1681858442\n|switch|p2b: Iron Bundle|Iron Bundle, L50|100\/100\n|switch|p1b: Sylveon|Sylveon, L50, M|100\/100\n|turn|3\n|inactive|Battle timer is ON: inactive players will automatically lose when time's up. (requested by oswuidhvoi)\n|\n|t:|1681858463\n|-end|p2a: Iron Hands|Quark Drive|[silent]\n|switch|p2a: Salamence|Salamence, L50, F|100\/100\n|-ability|p2a: Salamence|Intimidate|boost\n|-unboost|p1a: Amoonguss|atk|1\n|-unboost|p1b: Sylveon|atk|1\n|-terastallize|p1b: Sylveon|Fairy\n|move|p2b: Iron Bundle|Protect|p2b: Iron Bundle\n|-singleturn|p2b: Iron Bundle|Protect\n|move|p1b: Sylveon|Hyper Voice|p2a: Salamence|[spread] p2a\n|-activate|p2b: Iron Bundle|move: Protect\n|-supereffective|p2a: Salamence\n|-crit|p2a: Salamence\n|-damage|p2a: Salamence|1\/100\n|-enditem|p1b: Sylveon|Throat Spray\n|-boost|p1b: Sylveon|spa|1|[from] item: Throat Spray\n|move|p1a: Amoonguss|Spore|p2b: Iron Bundle\n|-activate|p2b: Iron Bundle|move: Protect\n|\n|-heal|p1a: Amoonguss|92\/100|[from] item: Black Sludge\n|upkeep\n|turn|4\n|\n|t:|1681858486\n|move|p2b: Iron Bundle|Freeze-Dry|p1a: Amoonguss\n|-supereffective|p1a: Amoonguss\n|-damage|p1a: Amoonguss|27\/100\n|move|p2a: Salamence|Rock Slide|p1a: Amoonguss|[spread] p1a,p1b\n|-damage|p1a: Amoonguss|8\/100\n|-damage|p1b: Sylveon|77\/100\n|cant|p1b: Sylveon|flinch\n|move|p1a: Amoonguss|Spore|p2b: Iron Bundle\n|-status|p2b: Iron Bundle|slp|[from] move: Spore\n|\n|-heal|p1a: Amoonguss|14\/100|[from] item: Black Sludge\n|upkeep\n|turn|5\n|\n|t:|1681858503\n|cant|p2b: Iron Bundle|slp\n|move|p2a: Salamence|Rock Slide|p1b: Sylveon|[spread] p1a,p1b\n|-damage|p1a: Amoonguss|0 fnt\n|-damage|p1b: Sylveon|50\/100\n|faint|p1a: Amoonguss\n|cant|p1b: Sylveon|flinch\n|\n|upkeep\n|\n|t:|1681858512\n|switch|p1a: Slowbro|Slowbro, L50, M|100\/100\n|turn|6\n|\n|t:|1681858523\n|-curestatus|p2b: Iron Bundle|slp|[msg]\n|move|p2b: Iron Bundle|Freeze-Dry|p1a: Slowbro\n|-supereffective|p1a: Slowbro\n|-damage|p1a: Slowbro|38\/100\n|move|p2a: Salamence|Rock Slide|p1a: Slowbro|[spread] p1a,p1b\n|-damage|p1a: Slowbro|22\/100\n|-damage|p1b: Sylveon|25\/100\n|move|p1b: Sylveon|Hyper Voice|p2b: Iron Bundle|[spread] p2a,p2b\n|-supereffective|p2a: Salamence\n|-damage|p2a: Salamence|0 fnt\n|-damage|p2b: Iron Bundle|0 fnt\n|faint|p2a: Salamence\n|faint|p2b: Iron Bundle\n|-end|p2b: Iron Bundle|Quark Drive|[silent]\n|move|p1a: Slowbro|Heal Pulse|p1b: Sylveon\n|-heal|p1b: Sylveon|75\/100\n|\n|-heal|p1a: Slowbro|28\/100|[from] item: Leftovers\n|upkeep\n|\n|t:|1681858537\n|switch|p2b: Iron Hands|Iron Hands, L50|100\/100 slp\n|turn|7\n|\n|t:|1681858554\n|cant|p2b: Iron Hands|slp\n|move|p1b: Sylveon|Hyper Beam|p2b: Iron Hands|[miss]\n|-miss|p1b: Sylveon|p2b: Iron Hands\n|move|p1a: Slowbro|Hydro Pump|p2b: Iron Hands\n|-damage|p2b: Iron Hands|67\/100 slp\n|\n|-heal|p1a: Slowbro|34\/100|[from] item: Leftovers\n|upkeep\n|turn|8\n|\n|t:|1681858569\n|move|p1b: Sylveon|Hyper Beam|p2b: Iron Hands\n|-supereffective|p2b: Iron Hands\n|-damage|p2b: Iron Hands|0 fnt\n|-mustrecharge|p1b: Sylveon\n|faint|p2b: Iron Hands\n|-end|p2b: Iron Hands|Quark Drive|[silent]\n|\n|win|Mackar_8\n|raw|Mackar_8's rating: 1091 → 1111<\/strong> (+20 for winning)\n|raw|oswuidhvoi's rating: 1000 → 1000<\/strong> (+0 for losing)\n","uploadtime":1681858574,"views":14,"p1id":"mackar8","p2id":"oswuidhvoi","formatid":"gen9vgc2023regulationc","rating":1000,"private":0,"password":""}