{"id":"gen9vgc2023regulationc-1852301199","p1":"idolhunter28273","p2":"Eminercy","format":"[Gen 9] VGC 2023 Regulation C","log":"|j|\u2606idolhunter28273\n|j|\u2606Eminercy\n|t:|1682541664\n|gametype|doubles\n|player|p1|idolhunter28273|101|1137\n|player|p2|Eminercy|2|1178\n|teamsize|p1|6\n|teamsize|p2|6\n|gen|9\n|tier|[Gen 9] VGC 2023 Regulation C\n|rated|\n|rule|Species Clause: Limit one of each Pok\u00e9mon\n|rule|Item Clause: Limit one of each item\n|clearpoke\n|poke|p1|Maushold, L50|\n|poke|p1|Annihilape, L50, M|\n|poke|p1|Iron Bundle, L50|\n|poke|p1|Kingambit, L50, F|\n|poke|p1|Amoonguss, L50, F|\n|poke|p1|Arcanine, L50, F|\n|poke|p2|Chi-Yu, L50|\n|poke|p2|Iron Bundle, L50|\n|poke|p2|Great Tusk, L50|\n|poke|p2|Murkrow, L50, M|\n|poke|p2|Dragonite, L50, M|\n|poke|p2|Flutter Mane, L50|\n|teampreview|4\n|inactive|Battle timer is ON: inactive players will automatically lose when time's up. (requested by idolhunter28273)\n|\n|t:|1682541692\n|start\n|switch|p1a: Maushold|Maushold, L50|100\/100\n|switch|p1b: Annihilape|Annihilape, L50, M|100\/100\n|switch|p2a: Murkrow|Murkrow, L50, M|100\/100\n|switch|p2b: Great Tusk|Great Tusk, L50|100\/100\n|turn|1\n|\n|t:|1682541711\n|-terastallize|p2b: Great Tusk|Ground\n|move|p1a: Maushold|Protect|p1a: Maushold\n|-singleturn|p1a: Maushold|Protect\n|move|p2a: Murkrow|Sunny Day|p2a: Murkrow\n|-weather|SunnyDay\n|-activate|p2b: Great Tusk|ability: Protosynthesis\n|-start|p2b: Great Tusk|protosynthesisatk\n|move|p1b: Annihilape|Bulk Up|p1b: Annihilape\n|-boost|p1b: Annihilape|atk|1\n|-boost|p1b: Annihilape|def|1\n|move|p2b: Great Tusk|Earthquake|p1a: Maushold|[spread] p1b\n|-activate|p1a: Maushold|move: Protect\n|-immune|p2a: Murkrow\n|-damage|p1b: Annihilape|54\/100\n|-damage|p2b: Great Tusk|91\/100|[from] item: Life Orb\n|\n|-weather|SunnyDay|[upkeep]\n|-heal|p1b: Annihilape|60\/100|[from] item: Leftovers\n|upkeep\n|turn|2\n|inactive|idolhunter28273 has 30 seconds left.\n|inactive|idolhunter28273 has 20 seconds left.\n|\n|t:|1682541746\n|move|p1b: Annihilape|Protect|p1b: Annihilape\n|-singleturn|p1b: Annihilape|Protect\n|move|p2a: Murkrow|Haze|p2a: Murkrow\n|-clearallboost\n|move|p1a: Maushold|Super Fang|p2b: Great Tusk\n|-damage|p2b: Great Tusk|46\/100\n|move|p2b: Great Tusk|Headlong Rush|p1b: Annihilape\n|-activate|p1b: Annihilape|move: Protect\n|\n|-weather|SunnyDay|[upkeep]\n|-heal|p1b: Annihilape|66\/100|[from] item: Leftovers\n|upkeep\n|turn|3\n|\n|t:|1682541763\n|move|p1a: Maushold|Follow Me|p1a: Maushold\n|-singleturn|p1a: Maushold|move: Follow Me\n|move|p2a: Murkrow|Tailwind|p2a: Murkrow\n|-sidestart|p2: Eminercy|move: Tailwind\n|move|p2b: Great Tusk|Headlong Rush|p1a: Maushold\n|-damage|p1a: Maushold|0 fnt\n|-unboost|p2b: Great Tusk|def|1\n|-unboost|p2b: Great Tusk|spd|1\n|faint|p1a: Maushold\n|-damage|p2b: Great Tusk|36\/100|[from] item: Life Orb\n|move|p1b: Annihilape|Rage Fist|p2b: Great Tusk\n|-damage|p2b: Great Tusk|0 fnt\n|faint|p2b: Great Tusk\n|-end|p2b: Great Tusk|Protosynthesis|[silent]\n|\n|-weather|SunnyDay|[upkeep]\n|-heal|p1b: Annihilape|73\/100|[from] item: Leftovers\n|upkeep\n|\n|t:|1682541784\n|switch|p1a: Iron Bundle|Iron Bundle, L50|100\/100\n|switch|p2b: Iron Bundle|Iron Bundle, L50|100\/100\n|-enditem|p2b: Iron Bundle|Booster Energy\n|-activate|p2b: Iron Bundle|ability: Quark Drive|[fromitem]\n|-start|p2b: Iron Bundle|quarkdrivespe\n|-enditem|p1a: Iron Bundle|Booster Energy\n|-activate|p1a: Iron Bundle|ability: Quark Drive|[fromitem]\n|-start|p1a: Iron Bundle|quarkdrivespe\n|turn|4\n|\n|t:|1682541808\n|move|p1b: Annihilape|Protect|p1b: Annihilape\n|-singleturn|p1b: Annihilape|Protect\n|move|p2b: Iron Bundle|Freeze-Dry|p1a: Iron Bundle\n|-damage|p1a: Iron Bundle|32\/100\n|move|p1a: Iron Bundle|Encore|p2a: Murkrow\n|-start|p2a: Murkrow|Encore\n|move|p2a: Murkrow|Tailwind||[still]\n|-fail|p2a: Murkrow\n|\n|-weather|SunnyDay|[upkeep]\n|-heal|p1b: Annihilape|79\/100|[from] item: Leftovers\n|upkeep\n|turn|5\n|\n|t:|1682541821\n|-end|p1a: Iron Bundle|Quark Drive|[silent]\n|switch|p1a: Arcanine|Arcanine, L50, F|100\/100\n|-ability|p1a: Arcanine|Intimidate|boost\n|-unboost|p2a: Murkrow|atk|1\n|-unboost|p2b: Iron Bundle|atk|1\n|move|p2a: Murkrow|Tailwind||[still]\n|-fail|p2a: Murkrow\n|move|p2b: Iron Bundle|Freeze-Dry|p1a: Arcanine\n|-resisted|p1a: Arcanine\n|-damage|p1a: Arcanine|84\/100\n|move|p1b: Annihilape|Drain Punch|p2b: Iron Bundle\n|-supereffective|p2b: Iron Bundle\n|-damage|p2b: Iron Bundle|26\/100\n|-heal|p1b: Annihilape|100\/100|[from] drain|[of] p2b: Iron Bundle\n|\n|-weather|none\n|upkeep\n|turn|6\n|\n|t:|1682541839\n|move|p1a: Arcanine|Extreme Speed|p2b: Iron Bundle\n|-damage|p2b: Iron Bundle|0 fnt\n|faint|p2b: Iron Bundle\n|-end|p2b: Iron Bundle|Quark Drive|[silent]\n|move|p2a: Murkrow|Tailwind||[still]\n|-fail|p2a: Murkrow\n|move|p1b: Annihilape|Rage Fist|p2a: Murkrow\n|-resisted|p2a: Murkrow\n|-crit|p2a: Murkrow\n|-damage|p2a: Murkrow|65\/100\n|\n|-end|p2a: Murkrow|Encore\n|-sideend|p2: Eminercy|move: Tailwind\n|upkeep\n|\n|t:|1682541849\n|switch|p2b: Dragonite|Dragonite, L50, M|100\/100\n|turn|7\n|\n|t:|1682541857\n|move|p1b: Annihilape|Protect|p1b: Annihilape\n|-singleturn|p1b: Annihilape|Protect\n|move|p2b: Dragonite|Extreme Speed|p1a: Arcanine\n|-damage|p1a: Arcanine|52\/100\n|move|p1a: Arcanine|Will-O-Wisp|p2b: Dragonite\n|-status|p2b: Dragonite|brn\n|move|p2a: Murkrow|Foul Play|p1a: Arcanine\n|-damage|p1a: Arcanine|8\/100\n|-enditem|p1a: Arcanine|Iapapa Berry|[eat]\n|-heal|p1a: Arcanine|41\/100|[from] item: Iapapa Berry\n|\n|-damage|p2b: Dragonite|94\/100 brn|[from] brn\n|upkeep\n|turn|8\n|\n|t:|1682541879\n|move|p1a: Arcanine|Extreme Speed|p2a: Murkrow\n|-damage|p2a: Murkrow|39\/100\n|move|p2b: Dragonite|Extreme Speed|p1a: Arcanine\n|-damage|p1a: Arcanine|26\/100\n|move|p1b: Annihilape|Bulk Up|p1b: Annihilape\n|-boost|p1b: Annihilape|atk|1\n|-boost|p1b: Annihilape|def|1\n|move|p2a: Murkrow|Foul Play|p1a: Arcanine\n|-damage|p1a: Arcanine|0 fnt\n|faint|p1a: Arcanine\n|\n|-damage|p2b: Dragonite|88\/100 brn|[from] brn\n|upkeep\n|\n|t:|1682541889\n|switch|p1a: Iron Bundle|Iron Bundle, L50|32\/100\n|turn|9\n|\n|t:|1682541905\n|move|p1a: Iron Bundle|Protect|p1a: Iron Bundle\n|-singleturn|p1a: Iron Bundle|Protect\n|move|p2a: Murkrow|Haze|p2a: Murkrow\n|-clearallboost\n|move|p1b: Annihilape|Rage Fist|p2b: Dragonite\n|-damage|p2b: Dragonite|52\/100 brn\n|move|p2b: Dragonite|Tera Blast|p1a: Iron Bundle\n|-activate|p1a: Iron Bundle|move: Protect\n|\n|-damage|p2b: Dragonite|46\/100 brn|[from] brn\n|upkeep\n|turn|10\n|\n|t:|1682541927\n|move|p2a: Murkrow|Tailwind|p2a: Murkrow\n|-sidestart|p2: Eminercy|move: Tailwind\n|move|p1a: Iron Bundle|Icy Wind|p2b: Dragonite|[spread] p2a,p2b\n|-supereffective|p2a: Murkrow\n|-supereffective|p2b: Dragonite\n|-damage|p2a: Murkrow|0 fnt\n|-damage|p2b: Dragonite|0 fnt\n|faint|p2a: Murkrow\n|faint|p2b: Dragonite\n|\n|win|idolhunter28273\n|raw|idolhunter28273's rating: 1137 → 1165<\/strong> (+28 for winning)\n|raw|Eminercy's rating: 1178 → 1150<\/strong> (-28 for losing)\n|l|\u2606Eminercy\n","uploadtime":1682541940,"views":13,"p1id":"idolhunter28273","p2id":"eminercy","formatid":"gen9vgc2023regulationc","rating":1150,"private":0,"password":""}