{"id":"gen9vgc2023regulationc-1862525658","p1":"aqueterobo","p2":"EmilyFloof728","format":"[Gen 9] VGC 2023 Regulation C","log":"|j|\u2606aqueterobo\n|j|\u2606EmilyFloof728\n|t:|1683897488\n|gametype|doubles\n|player|p1|aqueterobo|byron|1187\n|player|p2|EmilyFloof728|hilda|1088\n|teamsize|p1|6\n|teamsize|p2|6\n|gen|9\n|tier|[Gen 9] VGC 2023 Regulation C\n|rated|\n|rule|Species Clause: Limit one of each Pok\u00e9mon\n|rule|Item Clause: Limit one of each item\n|clearpoke\n|poke|p1|Wo-Chien, L50|\n|poke|p1|Ting-Lu, L50|\n|poke|p1|Tyranitar, L50, F|\n|poke|p1|Glimmora, L50, F|\n|poke|p1|Gyarados, L50, F|\n|poke|p1|Dragapult, L50, F|\n|poke|p2|Gengar, L50, F|\n|poke|p2|Iron Valiant, L50|\n|poke|p2|Bellibolt, L50, M|\n|poke|p2|Wo-Chien, L50|\n|poke|p2|Chi-Yu, L50|\n|poke|p2|Farigiraf, L50, F|\n|teampreview|4\n|inactive|Battle timer is ON: inactive players will automatically lose when time's up. (requested by EmilyFloof728)\n|inactive|aqueterobo also wants the timer to be on.\n|j| A Borygon\n|inactive|aqueterobo has 60 seconds left.\n|\n|t:|1683897519\n|start\n|switch|p1a: Dragapult|Dragapult, L50, F|100\/100\n|switch|p1b: Wo-Chien|Wo-Chien, L50|100\/100\n|switch|p2a: Chi-Yu|Chi-Yu, L50|100\/100\n|switch|p2b: Wo-Chien|Wo-Chien, L50|100\/100\n|-ability|p2a: Chi-Yu|Beads of Ruin\n|-ability|p2b: Wo-Chien|Tablets of Ruin\n|-ability|p1b: Wo-Chien|Tablets of Ruin\n|turn|1\n|\n|t:|1683897534\n|-terastallize|p2b: Wo-Chien|Poison\n|move|p1b: Wo-Chien|Protect|p1b: Wo-Chien\n|-singleturn|p1b: Wo-Chien|Protect\n|move|p1a: Dragapult|Fire Blast|p2b: Wo-Chien\n|-damage|p2b: Wo-Chien|75\/100\n|move|p2a: Chi-Yu|Heat Wave|p1a: Dragapult|[spread] p1a\n|-activate|p1b: Wo-Chien|move: Protect\n|-resisted|p1a: Dragapult\n|-damage|p1a: Dragapult|50\/100\n|move|p2b: Wo-Chien|Leech Seed|p1a: Dragapult\n|-start|p1a: Dragapult|move: Leech Seed\n|\n|-heal|p2b: Wo-Chien|81\/100|[from] item: Leftovers\n|-damage|p1a: Dragapult|38\/100|[from] Leech Seed|[of] p2b: Wo-Chien\n|-heal|p2b: Wo-Chien|92\/100|[silent]\n|upkeep\n|turn|2\n|l| A Borygon\n|\n|t:|1683897551\n|switch|p1a: Ting-Lu|Ting-Lu, L50|100\/100\n|-ability|p1a: Ting-Lu|Vessel of Ruin\n|-terastallize|p1b: Wo-Chien|Water\n|move|p2b: Wo-Chien|Protect|p2b: Wo-Chien\n|-singleturn|p2b: Wo-Chien|Protect\n|move|p2a: Chi-Yu|Heat Wave|p1b: Wo-Chien|[spread] p1a,p1b\n|-resisted|p1b: Wo-Chien\n|-damage|p1a: Ting-Lu|57\/100\n|-damage|p1b: Wo-Chien|85\/100\n|move|p1b: Wo-Chien|Leech Seed|p2b: Wo-Chien\n|-activate|p2b: Wo-Chien|move: Protect\n|\n|-heal|p2b: Wo-Chien|98\/100|[from] item: Leftovers\n|-heal|p1b: Wo-Chien|91\/100|[from] item: Leftovers\n|upkeep\n|turn|3\n|\n|t:|1683897568\n|move|p2a: Chi-Yu|Heat Wave|p1b: Wo-Chien|[spread] p1a,p1b\n|-resisted|p1b: Wo-Chien\n|-crit|p1b: Wo-Chien\n|-damage|p1a: Ting-Lu|7\/100\n|-damage|p1b: Wo-Chien|69\/100\n|-enditem|p1a: Ting-Lu|Sitrus Berry|[eat]\n|-heal|p1a: Ting-Lu|32\/100|[from] item: Sitrus Berry\n|move|p2b: Wo-Chien|Leech Seed|p1b: Wo-Chien\n|-start|p1b: Wo-Chien|move: Leech Seed\n|move|p1b: Wo-Chien|Leech Seed|p2b: Wo-Chien\n|-start|p2b: Wo-Chien|move: Leech Seed\n|move|p1a: Ting-Lu|Stomping Tantrum|p2a: Chi-Yu\n|-supereffective|p2a: Chi-Yu\n|-damage|p2a: Chi-Yu|27\/100\n|\n|-heal|p2b: Wo-Chien|100\/100|[from] item: Leftovers\n|-heal|p1b: Wo-Chien|75\/100|[from] item: Leftovers\n|-damage|p2b: Wo-Chien|88\/100|[from] Leech Seed|[of] p1b: Wo-Chien\n|-heal|p1b: Wo-Chien|87\/100|[silent]\n|-damage|p1b: Wo-Chien|75\/100|[from] Leech Seed|[of] p2b: Wo-Chien\n|-heal|p2b: Wo-Chien|99\/100|[silent]\n|upkeep\n|turn|4\n|inactive|aqueterobo has 30 seconds left.\n|\n|t:|1683897602\n|move|p2a: Chi-Yu|Heat Wave|p1a: Ting-Lu|[spread] p1a,p1b\n|-resisted|p1b: Wo-Chien\n|-damage|p1a: Ting-Lu|0 fnt\n|-damage|p1b: Wo-Chien|58\/100\n|faint|p1a: Ting-Lu\n|move|p2b: Wo-Chien|Giga Drain|p1b: Wo-Chien\n|-supereffective|p1b: Wo-Chien\n|-damage|p1b: Wo-Chien|19\/100\n|-heal|p2b: Wo-Chien|100\/100|[from] drain|[of] p1b: Wo-Chien\n|move|p1b: Wo-Chien|Leech Seed|p2a: Chi-Yu\n|-start|p2a: Chi-Yu|move: Leech Seed\n|\n|-heal|p1b: Wo-Chien|25\/100|[from] item: Leftovers\n|-damage|p2a: Chi-Yu|14\/100|[from] Leech Seed|[of] p1b: Wo-Chien\n|-heal|p1b: Wo-Chien|33\/100|[silent]\n|-damage|p2b: Wo-Chien|88\/100|[from] Leech Seed|[of] p1b: Wo-Chien\n|-heal|p1b: Wo-Chien|46\/100|[silent]\n|-damage|p1b: Wo-Chien|34\/100|[from] Leech Seed|[of] p2b: Wo-Chien\n|-heal|p2b: Wo-Chien|99\/100|[silent]\n|upkeep\n|\n|t:|1683897615\n|switch|p1a: Dragapult|Dragapult, L50, F|38\/100\n|turn|5\n|\n|t:|1683897622\n|move|p1b: Wo-Chien|Protect|p1b: Wo-Chien\n|-singleturn|p1b: Wo-Chien|Protect\n|move|p1a: Dragapult|Shadow Ball|p2a: Chi-Yu\n|-resisted|p2a: Chi-Yu\n|-damage|p2a: Chi-Yu|0 fnt\n|faint|p2a: Chi-Yu\n|move|p2b: Wo-Chien|Giga Drain|p1b: Wo-Chien\n|-activate|p1b: Wo-Chien|move: Protect\n|\n|-heal|p2b: Wo-Chien|100\/100|[from] item: Leftovers\n|-heal|p1b: Wo-Chien|40\/100|[from] item: Leftovers\n|-damage|p2b: Wo-Chien|88\/100|[from] Leech Seed|[of] p1b: Wo-Chien\n|-heal|p1b: Wo-Chien|52\/100|[silent]\n|-damage|p1b: Wo-Chien|40\/100|[from] Leech Seed|[of] p2b: Wo-Chien\n|-heal|p2b: Wo-Chien|99\/100|[silent]\n|upkeep\n|\n|t:|1683897626\n|switch|p2a: Alexander|Bellibolt, L50, M|100\/100\n|turn|6\n|\n|t:|1683897639\n|move|p1a: Dragapult|Shadow Ball|p2a: Alexander\n|-damage|p2a: Alexander|80\/100\n|-unboost|p2a: Alexander|spd|1\n|-start|p2a: Alexander|Charge|Shadow Ball|[from] ability: Electromorphosis\n|move|p2b: Wo-Chien|Leech Seed|p1a: Dragapult\n|-start|p1a: Dragapult|move: Leech Seed\n|move|p1b: Wo-Chien|Knock Off|p2b: Wo-Chien\n|-damage|p2b: Wo-Chien|72\/100\n|-enditem|p2b: Wo-Chien|Leftovers|[from] move: Knock Off|[of] p1b: Wo-Chien\n|move|p2a: Alexander|Parabolic Charge|p1a: Dragapult|[spread] p2b,p1a,p1b\n|-resisted|p1a: Dragapult\n|-supereffective|p1b: Wo-Chien\n|-damage|p2b: Wo-Chien|45\/100\n|-heal|p2a: Alexander|92\/100|[from] drain|[of] p2b: Wo-Chien\n|-damage|p1a: Dragapult|6\/100\n|-heal|p2a: Alexander|100\/100|[from] drain|[of] p1a: Dragapult\n|-damage|p1b: Wo-Chien|0 fnt\n|faint|p1b: Wo-Chien\n|-end|p2a: Alexander|Charge|[silent]\n|\n|-damage|p1a: Dragapult|0 fnt|[from] Leech Seed|[of] p2b: Wo-Chien\n|-heal|p2b: Wo-Chien|50\/100|[silent]\n|faint|p1a: Dragapult\n|upkeep\n|-message|aqueterobo forfeited.\n|\n|win|EmilyFloof728\n|raw|aqueterobo's rating: 1187 → 1155<\/strong> (-32 for losing)\n|raw|EmilyFloof728's rating: 1088 → 1122<\/strong> (+34 for winning)\n|l|\u2606aqueterobo\n","uploadtime":1683897662,"views":11,"p1id":"aqueterobo","p2id":"emilyfloof728","formatid":"gen9vgc2023regulationc","rating":1122,"private":0,"password":""}