{"id":"gen9vgc2023regulationc-1857512691","p1":"AlexIannoneVGC","p2":"r3gCt3st","format":"[Gen 9] VGC 2023 Regulation C","log":"|j|\u2606AlexIannoneVGC\n|j|\u2606r3gCt3st\n|t:|1683203507\n|gametype|doubles\n|player|p1|AlexIannoneVGC|colress|1228\n|player|p2|r3gCt3st|harlequin|1259\n|teamsize|p1|6\n|teamsize|p2|6\n|gen|9\n|tier|[Gen 9] VGC 2023 Regulation C\n|rated|\n|rule|Species Clause: Limit one of each Pok\u00e9mon\n|rule|Item Clause: Limit one of each item\n|clearpoke\n|poke|p1|Roaring Moon, L50|\n|poke|p1|Baxcalibur, L50, F|\n|poke|p1|Arcanine, L50, M|\n|poke|p1|Kingambit, L50, M|\n|poke|p1|Palafin, L50, M|\n|poke|p1|Iron Hands, L50|\n|poke|p2|Annihilape, L50, M|\n|poke|p2|Glimmora, L50, M|\n|poke|p2|Arcanine, L50, M|\n|poke|p2|Palafin, L50, M|\n|poke|p2|Amoonguss, L50, F|\n|poke|p2|Ting-Lu, L50|\n|teampreview|4\n|inactive|Battle timer is ON: inactive players will automatically lose when time's up. (requested by AlexIannoneVGC)\n|inactive|r3gCt3st has 60 seconds left.\n|\n|t:|1683203546\n|start\n|switch|p1a: Roaring Moon|Roaring Moon, L50|100\/100\n|switch|p1b: Palafin|Palafin, L50, M|100\/100\n|switch|p2a: Glimmora|Glimmora, L50, M|100\/100\n|switch|p2b: Annihilape|Annihilape, L50, M|100\/100\n|-enditem|p1a: Roaring Moon|Booster Energy\n|-activate|p1a: Roaring Moon|ability: Protosynthesis|[fromitem]\n|-start|p1a: Roaring Moon|protosynthesisspe\n|turn|1\n|\n|t:|1683203562\n|-terastallize|p1a: Roaring Moon|Flying\n|move|p2b: Annihilape|Protect|p2b: Annihilape\n|-singleturn|p2b: Annihilape|Protect\n|move|p2a: Glimmora|Spiky Shield|p2a: Glimmora\n|-singleturn|p2a: Glimmora|move: Protect\n|move|p1b: Palafin|Jet Punch|p2b: Annihilape\n|-activate|p2b: Annihilape|move: Protect\n|move|p1a: Roaring Moon|Acrobatics|p2b: Annihilape\n|-activate|p2b: Annihilape|move: Protect\n|\n|upkeep\n|turn|2\n|\n|t:|1683203586\n|-terastallize|p2b: Annihilape|Fire\n|move|p1a: Roaring Moon|Acrobatics|p2b: Annihilape\n|-crit|p2b: Annihilape\n|-damage|p2b: Annihilape|30\/100\n|move|p1b: Palafin|Wave Crash|p2a: Glimmora\n|-supereffective|p2a: Glimmora\n|-damage|p2a: Glimmora|8\/100\n|-activate|p2a: Glimmora|ability: Toxic Debris\n|-sidestart|p1: AlexIannoneVGC|move: Toxic Spikes\n|-enditem|p2a: Glimmora|Sitrus Berry|[eat]\n|-heal|p2a: Glimmora|33\/100|[from] item: Sitrus Berry\n|-damage|p1b: Palafin|72\/100|[from] Recoil\n|move|p2a: Glimmora|Power Gem|p1a: Roaring Moon\n|-supereffective|p1a: Roaring Moon\n|-damage|p1a: Roaring Moon|15\/100\n|move|p2b: Annihilape|Bulk Up|p2b: Annihilape\n|-boost|p2b: Annihilape|atk|1\n|-boost|p2b: Annihilape|def|1\n|\n|-heal|p2b: Annihilape|36\/100|[from] item: Leftovers\n|upkeep\n|turn|3\n|c|\u2606r3gCt3st|that crit costs me big\n|inactive|AlexIannoneVGC has 30 seconds left.\n|inactive|r3gCt3st has 30 seconds left.\n|inactive|r3gCt3st has 20 seconds left.\n|inactive|r3gCt3st has 15 seconds left.\n|\n|t:|1683203628\n|move|p1a: Roaring Moon|Protect|p1a: Roaring Moon\n|-singleturn|p1a: Roaring Moon|Protect\n|move|p2b: Annihilape|Protect|p2b: Annihilape\n|-singleturn|p2b: Annihilape|Protect\n|move|p2a: Glimmora|Spiky Shield|p2a: Glimmora\n|-singleturn|p2a: Glimmora|move: Protect\n|move|p1b: Palafin|Wave Crash|p2b: Annihilape\n|-activate|p2b: Annihilape|move: Protect\n|\n|-heal|p2b: Annihilape|42\/100|[from] item: Leftovers\n|upkeep\n|turn|4\n|\n|t:|1683203645\n|switch|p2b: Arcanine|Arcanine, L50, M|100\/100\n|-ability|p2b: Arcanine|Intimidate|boost\n|-unboost|p1a: Roaring Moon|atk|1\n|-unboost|p1b: Palafin|atk|1\n|move|p1a: Roaring Moon|Tailwind|p1a: Roaring Moon\n|-sidestart|p1: AlexIannoneVGC|move: Tailwind\n|move|p1b: Palafin|Wave Crash|p2b: Arcanine\n|-supereffective|p2b: Arcanine\n|-damage|p2b: Arcanine|17\/100\n|-enditem|p2b: Arcanine|Aguav Berry|[eat]\n|-heal|p2b: Arcanine|50\/100|[from] item: Aguav Berry\n|-damage|p1b: Palafin|50\/100|[from] Recoil\n|move|p2a: Glimmora|Energy Ball|p1b: Palafin\n|-supereffective|p1b: Palafin\n|-damage|p1b: Palafin|0 fnt\n|faint|p1b: Palafin\n|\n|upkeep\n|\n|t:|1683203664\n|switch|p1b: Arcanine|Arcanine, L50, M|100\/100\n|-status|p1b: Arcanine|psn\n|-ability|p1b: Arcanine|Intimidate|boost\n|-unboost|p2a: Glimmora|atk|1\n|-unboost|p2b: Arcanine|atk|1\n|turn|5\n|\n|t:|1683203676\n|switch|p2b: Annihilape|Annihilape, L50, M, tera:Fire|42\/100\n|move|p1a: Roaring Moon|Acrobatics|p2b: Annihilape\n|-damage|p2b: Annihilape|6\/100\n|move|p1b: Arcanine|Howl|p1b: Arcanine|[spread] p1a,p1b\n|-boost|p1a: Roaring Moon|atk|1\n|-boost|p1b: Arcanine|atk|1\n|move|p2a: Glimmora|Power Gem|p1a: Roaring Moon\n|-supereffective|p1a: Roaring Moon\n|-damage|p1a: Roaring Moon|0 fnt\n|faint|p1a: Roaring Moon\n|-end|p1a: Roaring Moon|Protosynthesis|[silent]\n|\n|-heal|p2b: Annihilape|12\/100|[from] item: Leftovers\n|-damage|p1b: Arcanine|88\/100 psn|[from] psn\n|upkeep\n|\n|t:|1683203692\n|switch|p1a: Baxcalibur|Baxcalibur, L50, F|100\/100\n|-status|p1a: Baxcalibur|psn\n|turn|6\n|\n|t:|1683203713\n|switch|p2a: Arcanine|Arcanine, L50, M|50\/100\n|-ability|p2a: Arcanine|Intimidate|boost\n|-unboost|p1a: Baxcalibur|atk|1\n|-unboost|p1b: Arcanine|atk|1\n|move|p1a: Baxcalibur|Glaive Rush|p2a: Arcanine\n|-damage|p2a: Arcanine|0 fnt\n|-singlemove|p1a: Baxcalibur|Glaive Rush|[silent]\n|faint|p2a: Arcanine\n|move|p1b: Arcanine|Flare Blitz|p2b: Annihilape\n|-resisted|p2b: Annihilape\n|-damage|p2b: Annihilape|0 fnt\n|faint|p2b: Annihilape\n|-damage|p1b: Arcanine|84\/100 psn|[from] Recoil\n|\n|-damage|p1a: Baxcalibur|88\/100 psn|[from] psn\n|-damage|p1b: Arcanine|72\/100 psn|[from] psn\n|upkeep\n|\n|t:|1683203721\n|switch|p2a: Glimmora|Glimmora, L50, M|33\/100\n|switch|p2b: Ting-Lu|Ting-Lu, L50|100\/100\n|-ability|p2b: Ting-Lu|Vessel of Ruin\n|turn|7\n|\n|t:|1683203739\n|move|p1a: Baxcalibur|Protect|p1a: Baxcalibur\n|-singleturn|p1a: Baxcalibur|Protect\n|move|p2a: Glimmora|Spiky Shield|p2a: Glimmora\n|-singleturn|p2a: Glimmora|move: Protect\n|move|p1b: Arcanine|Howl|p1b: Arcanine|[spread] p1a,p1b\n|-boost|p1a: Baxcalibur|atk|1\n|-boost|p1b: Arcanine|atk|1\n|move|p2b: Ting-Lu|Stomping Tantrum|p1b: Arcanine\n|-supereffective|p1b: Arcanine\n|-damage|p1b: Arcanine|0 fnt\n|faint|p1b: Arcanine\n|\n|-damage|p1a: Baxcalibur|76\/100 psn|[from] psn\n|-sideend|p1: AlexIannoneVGC|move: Tailwind\n|upkeep\n|turn|8\n|\n|t:|1683203757\n|move|p1a: Baxcalibur|Icicle Crash|p2a: Glimmora|[miss]\n|-miss|p1a: Baxcalibur|p2a: Glimmora\n|move|p2a: Glimmora|Power Gem|p1a: Baxcalibur\n|-supereffective|p1a: Baxcalibur\n|-damage|p1a: Baxcalibur|21\/100 psn\n|move|p2b: Ting-Lu|Fissure|p1a: Baxcalibur|[miss]\n|-miss|p2b: Ting-Lu|p1a: Baxcalibur\n|\n|-damage|p1a: Baxcalibur|9\/100 psn|[from] psn\n|upkeep\n|turn|9\n|l|\u2606AlexIannoneVGC\n|inactive|AlexIannoneVGC disconnected and has a minute to reconnect!\n|player|p1|\n|c|\u2606r3gCt3st|oh come now\n|inactive|AlexIannoneVGC has 30 seconds left.\n|inactive|AlexIannoneVGC has 20 seconds left.\n|inactive|AlexIannoneVGC has 15 seconds left.\n|inactive|AlexIannoneVGC has 10 seconds left.\n|inactive|AlexIannoneVGC has 5 seconds left.\n|c|\u2606r3gCt3st|you got the huge crit at the beginning that put the game in your favor the miss there evens us up\n|-message|AlexIannoneVGC lost due to inactivity.\n|\n|win|r3gCt3st\n|raw|AlexIannoneVGC's rating: 1228 → 1205<\/strong> (-23 for losing)\n|raw|r3gCt3st's rating: 1259 → 1282<\/strong> (+23 for winning)\n","uploadtime":1683203816,"views":9,"p1id":"alexiannonevgc","p2id":"r3gct3st","formatid":"gen9vgc2023regulationc","rating":1205,"private":0,"password":""}