{"id":"gen9vgc2023regulationc-1850885491","p1":"Jcool15008","p2":"torterrnite","format":"[Gen 9] VGC 2023 Regulation C","log":"|j|\u2606Jcool15008\n|j|\u2606torterrnite\n|t:|1682378278\n|gametype|doubles\n|player|p1|Jcool15008|170|1071\n|player|p2|torterrnite|steven|1080\n|teamsize|p1|6\n|teamsize|p2|6\n|gen|9\n|tier|[Gen 9] VGC 2023 Regulation C\n|rated|\n|rule|Species Clause: Limit one of each Pok\u00e9mon\n|rule|Item Clause: Limit one of each item\n|clearpoke\n|poke|p1|Scizor, L50, M|\n|poke|p1|Arcanine, L50, M|\n|poke|p1|Breloom, L50, F|\n|poke|p1|Grimmsnarl, L50, M|\n|poke|p1|Rotom-Wash, L50|\n|poke|p1|Roaring Moon, L50|\n|poke|p2|Ting-Lu, L50|\n|poke|p2|Murkrow, L50, M|\n|poke|p2|Noivern, L50, F|\n|poke|p2|Amoonguss, L50, M|\n|poke|p2|Chien-Pao, L50|\n|poke|p2|Scizor, L50, M|\n|teampreview|4\n|inactive|Battle timer is ON: inactive players will automatically lose when time's up. (requested by torterrnite)\n|\n|t:|1682378337\n|start\n|switch|p1a: Grimmsnarl|Grimmsnarl, L50, M|100\/100\n|switch|p1b: Rotom|Rotom-Wash, L50|100\/100\n|switch|p2a: Murkrow|Murkrow, L50, M|100\/100\n|switch|p2b: Noivern|Noivern, L50, F|100\/100\n|turn|1\n|\n|t:|1682378354\n|-terastallize|p2b: Noivern|Normal\n|move|p1a: Grimmsnarl|Fake Out|p2a: Murkrow\n|-damage|p2a: Murkrow|89\/100\n|cant|p2a: Murkrow|flinch\n|move|p2b: Noivern|Boomburst|p1b: Rotom|[spread] p2a,p1a,p1b\n|-damage|p2a: Murkrow|13\/100\n|-damage|p1a: Grimmsnarl|31\/100\n|-damage|p1b: Rotom|47\/100\n|-enditem|p1b: Rotom|Sitrus Berry|[eat]\n|-heal|p1b: Rotom|72\/100|[from] item: Sitrus Berry\n|move|p1b: Rotom|Volt Switch|p2a: Murkrow\n|-supereffective|p2a: Murkrow\n|-damage|p2a: Murkrow|0 fnt\n|faint|p2a: Murkrow\n|\n|t:|1682378379\n|switch|p1b: Roaring Moon|Roaring Moon, L50|100\/100|[from] Volt Switch\n|-enditem|p1b: Roaring Moon|Booster Energy\n|-activate|p1b: Roaring Moon|ability: Protosynthesis|[fromitem]\n|-start|p1b: Roaring Moon|protosynthesisatk\n|\n|upkeep\n|\n|t:|1682378399\n|switch|p2a: Scizor|Scizor, L50, M|100\/100\n|turn|2\n|\n|t:|1682378413\n|move|p1a: Grimmsnarl|Parting Shot|p2b: Noivern\n|-unboost|p2b: Noivern|atk|1\n|-unboost|p2b: Noivern|spa|1\n|\n|t:|1682378418\n|switch|p1a: Rotom|Rotom-Wash, L50|72\/100|[from] Parting Shot\n|move|p1b: Roaring Moon|Tailwind|p1b: Roaring Moon\n|-sidestart|p1: Jcool15008|move: Tailwind\n|move|p2b: Noivern|Boomburst|p1a: Rotom|[spread] p2a,p1a,p1b\n|-resisted|p2a: Scizor\n|-damage|p2a: Scizor|72\/100\n|-damage|p1a: Rotom|34\/100\n|-damage|p1b: Roaring Moon|52\/100\n|move|p2a: Scizor|Close Combat|p1b: Roaring Moon\n|-supereffective|p1b: Roaring Moon\n|-damage|p1b: Roaring Moon|0 fnt\n|-unboost|p2a: Scizor|def|1\n|-unboost|p2a: Scizor|spd|1\n|faint|p1b: Roaring Moon\n|-end|p1b: Roaring Moon|Protosynthesis|[silent]\n|\n|upkeep\n|\n|t:|1682378431\n|switch|p1b: Breloom|Breloom, L50, F|100\/100\n|turn|3\n|inactive|Jcool15008 has 30 seconds left.\n|\n|t:|1682378470\n|switch|p2b: Ting-Lu|Ting-Lu, L50|100\/100\n|-ability|p2b: Ting-Lu|Vessel of Ruin\n|move|p1b: Breloom|Spore|p2b: Ting-Lu\n|-status|p2b: Ting-Lu|slp|[from] move: Spore\n|move|p1a: Rotom|Will-O-Wisp|p2a: Scizor|[miss]\n|-miss|p1a: Rotom|p2a: Scizor\n|move|p2a: Scizor|U-turn|p1a: Rotom\n|-damage|p1a: Rotom|0 fnt\n|faint|p1a: Rotom\n|\n|t:|1682378481\n|switch|p2a: Noivern|Noivern, L50, F, tera:Normal|100\/100|[from] U-turn\n|\n|upkeep\n|\n|t:|1682378484\n|switch|p1a: Grimmsnarl|Grimmsnarl, L50, M|31\/100\n|turn|4\n|\n|t:|1682378494\n|switch|p2a: Scizor|Scizor, L50, M|72\/100\n|move|p1b: Breloom|Spore|p2a: Scizor\n|-status|p2a: Scizor|slp|[from] move: Spore\n|move|p1a: Grimmsnarl|Spirit Break|p2a: Scizor\n|-resisted|p2a: Scizor\n|-damage|p2a: Scizor|57\/100 slp\n|-unboost|p2a: Scizor|spa|1\n|cant|p2b: Ting-Lu|slp\n|\n|upkeep\n|turn|5\n|\n|t:|1682378515\n|move|p1b: Breloom|Bullet Seed|p2b: Ting-Lu\n|-supereffective|p2b: Ting-Lu\n|-damage|p2b: Ting-Lu|77\/100 slp\n|-supereffective|p2b: Ting-Lu\n|-damage|p2b: Ting-Lu|54\/100 slp\n|-supereffective|p2b: Ting-Lu\n|-damage|p2b: Ting-Lu|30\/100 slp\n|-supereffective|p2b: Ting-Lu\n|-damage|p2b: Ting-Lu|5\/100 slp\n|-hitcount|p2b: Ting-Lu|4\n|move|p1a: Grimmsnarl|Spirit Break|p2b: Ting-Lu\n|-supereffective|p2b: Ting-Lu\n|-damage|p2b: Ting-Lu|0 fnt\n|faint|p2b: Ting-Lu\n|cant|p2a: Scizor|slp\n|\n|-sideend|p1: Jcool15008|move: Tailwind\n|upkeep\n|\n|t:|1682378519\n|switch|p2b: Noivern|Noivern, L50, F, tera:Normal|100\/100\n|turn|6\n|\n|t:|1682378543\n|-curestatus|p2a: Scizor|slp|[msg]\n|move|p2a: Scizor|Bullet Punch|p1a: Grimmsnarl\n|-supereffective|p1a: Grimmsnarl\n|-damage|p1a: Grimmsnarl|0 fnt\n|faint|p1a: Grimmsnarl\n|move|p2b: Noivern|Boomburst|p1b: Breloom|[spread] p2a,p1b\n|-resisted|p2a: Scizor\n|-damage|p2a: Scizor|12\/100\n|-damage|p1b: Breloom|0 fnt\n|faint|p1b: Breloom\n|\n|win|torterrnite\n|raw|Jcool15008's rating: 1071 → 1051<\/strong> (-20 for losing)\n|raw|torterrnite's rating: 1080 → 1107<\/strong> (+27 for winning)\n|l|\u2606Jcool15008\n|c|\u2606torterrnite|gg\n","uploadtime":1682378559,"views":20,"p1id":"jcool15008","p2id":"torterrnite","formatid":"gen9vgc2023regulationc","rating":1051,"private":0,"password":""}