{"id":"gen9vgc2023regulationc-1848937594","p1":"Kammala","p2":"Supersuperhero","format":"[Gen 9] VGC 2023 Regulation C","log":"|j|\u2606Kammala\n|j|\u2606Supersuperhero\n|t:|1682128482\n|gametype|doubles\n|player|p1|Kammala|102|1361\n|player|p2|Supersuperhero|265|1353\n|teamsize|p1|6\n|teamsize|p2|6\n|gen|9\n|tier|[Gen 9] VGC 2023 Regulation C\n|rated|\n|rule|Species Clause: Limit one of each Pok\u00e9mon\n|rule|Item Clause: Limit one of each item\n|clearpoke\n|poke|p1|Azumarill, L50, M|\n|poke|p1|Amoonguss, L50, M|\n|poke|p1|Tauros-Paldea-Blaze, L50, M|\n|poke|p1|Ting-Lu, L50|\n|poke|p1|Baxcalibur, L50, M|\n|poke|p1|Flutter Mane, L50|\n|poke|p2|Flutter Mane, L50|\n|poke|p2|Palafin, L50, F|\n|poke|p2|Abomasnow, L50, F|\n|poke|p2|Cetitan, L50, F|\n|poke|p2|Ting-Lu, L50|\n|poke|p2|Arcanine, L50, F|\n|teampreview|4\n|inactive|Battle timer is ON: inactive players will automatically lose when time's up. (requested by Kammala)\nKammala has agreed to open team sheets.\n|inactive|Kammala has 60 seconds left.\n|inactive|Supersuperhero has 60 seconds left.\nSupersuperhero has agreed to open team sheets.\n|inactive|Supersuperhero has 30 seconds left.\n|inactive|Supersuperhero has 20 seconds left.\n|inactive|Supersuperhero has 15 seconds left.\n|inactive|Supersuperhero has 10 seconds left.\n|\n|t:|1682128567\n|start\n|switch|p1a: Tauros|Tauros-Paldea-Blaze, L50, M|100\/100\n|switch|p1b: Flutter Mane|Flutter Mane, L50|100\/100\n|switch|p2a: Arcanine|Arcanine, L50, F|100\/100\n|switch|p2b: Palafin|Palafin, L50, F|100\/100\n|-ability|p1a: Tauros|Intimidate|boost\n|-unboost|p2a: Arcanine|atk|1\n|-unboost|p2b: Palafin|atk|1\n|-ability|p2a: Arcanine|Intimidate|boost\n|-unboost|p1a: Tauros|atk|1\n|-unboost|p1b: Flutter Mane|atk|1\n|-enditem|p1b: Flutter Mane|Booster Energy\n|-activate|p1b: Flutter Mane|ability: Protosynthesis|[fromitem]\n|-start|p1b: Flutter Mane|protosynthesisspa\n|turn|1\n|inactive|Kammala has 30 seconds left.\n|\n|t:|1682128600\n|switch|p2a: Abomasnow|Abomasnow, L50, F|100\/100\n|-weather|Snow|[from] ability: Snow Warning|[of] p2a: Abomasnow\n|move|p2b: Palafin|Protect|p2b: Palafin\n|-singleturn|p2b: Palafin|Protect\n|move|p1b: Flutter Mane|Shadow Ball|p2a: Abomasnow\n|-damage|p2a: Abomasnow|38\/100\n|move|p1a: Tauros|Close Combat|p2a: Abomasnow\n|-supereffective|p2a: Abomasnow\n|-damage|p2a: Abomasnow|0 fnt\n|-unboost|p1a: Tauros|def|1\n|-unboost|p1a: Tauros|spd|1\n|faint|p2a: Abomasnow\n|\n|-weather|Snow|[upkeep]\n|upkeep\n|\n|t:|1682128612\n|switch|p2a: Cetitan|Cetitan, L50, F|100\/100\n|turn|2\n|inactive|Kammala has 30 seconds left.\n|inactive|Kammala has 20 seconds left.\n|\n|t:|1682128649\n|-end|p1b: Flutter Mane|Protosynthesis|[silent]\n|switch|p1b: Azumarill|Azumarill, L50, M|100\/100\n|detailschange|p2b: Palafin|Palafin-Hero, L50, F\n|switch|p2b: Arcanine|Arcanine, L50, F|100\/100\n|-ability|p2b: Arcanine|Intimidate|boost\n|-unboost|p1a: Tauros|atk|1\n|-unboost|p1b: Azumarill|atk|1\n|move|p2a: Cetitan|Heavy Slam|p1b: Azumarill\n|-damage|p1b: Azumarill|55\/100\n|move|p1a: Tauros|Will-O-Wisp|p2a: Cetitan|[miss]\n|-miss|p1a: Tauros|p2a: Cetitan\n|\n|-weather|Snow|[upkeep]\n|upkeep\n|turn|3\n|\n|t:|1682128675\n|-terastallize|p2b: Arcanine|Water\n|move|p2a: Cetitan|Protect|p2a: Cetitan\n|-singleturn|p2a: Cetitan|Protect\n|move|p1a: Tauros|Protect|p1a: Tauros\n|-singleturn|p1a: Tauros|Protect\n|move|p1b: Azumarill|Aqua Jet|p2b: Arcanine\n|-resisted|p2b: Arcanine\n|-damage|p2b: Arcanine|91\/100\n|move|p2b: Arcanine|Howl|p2b: Arcanine|[spread] p2a,p2b\n|-boost|p2a: Cetitan|atk|1\n|-boost|p2b: Arcanine|atk|1\n|\n|-weather|Snow|[upkeep]\n|upkeep\n|turn|4\n|\n|t:|1682128698\n|switch|p1a: Flutter Mane|Flutter Mane, L50|100\/100\n|move|p1b: Azumarill|Aqua Jet|p2a: Cetitan\n|-damage|p2a: Cetitan|88\/100\n|move|p2a: Cetitan|Liquidation|p1a: Flutter Mane\n|-damage|p1a: Flutter Mane|3\/100\n|-unboost|p1a: Flutter Mane|def|1\n|move|p2b: Arcanine|Will-O-Wisp|p1b: Azumarill\n|-status|p1b: Azumarill|brn\n|\n|-weather|Snow|[upkeep]\n|-damage|p1b: Azumarill|49\/100 brn|[from] brn\n|upkeep\n|turn|5\n|inactive|Supersuperhero has 30 seconds left.\n|\n|t:|1682128726\n|move|p1a: Flutter Mane|Protect|p1a: Flutter Mane\n|-singleturn|p1a: Flutter Mane|Protect\n|move|p2b: Arcanine|Extreme Speed|p1b: Azumarill\n|-damage|p1b: Azumarill|12\/100 brn\n|move|p1b: Azumarill|Aqua Jet|p2a: Cetitan\n|-damage|p2a: Cetitan|82\/100\n|move|p2a: Cetitan|Liquidation|p1a: Flutter Mane\n|-activate|p1a: Flutter Mane|move: Protect\n|\n|-weather|none\n|-damage|p1b: Azumarill|6\/100 brn|[from] brn\n|upkeep\n|turn|6\n|\n|t:|1682128744\n|move|p2b: Arcanine|Extreme Speed|p1b: Azumarill\n|-damage|p1b: Azumarill|0 fnt\n|faint|p1b: Azumarill\n|move|p1a: Flutter Mane|Moonblast|p2a: Cetitan\n|-damage|p2a: Cetitan|33\/100\n|move|p2a: Cetitan|Heavy Slam|p1a: Flutter Mane\n|-supereffective|p1a: Flutter Mane\n|-damage|p1a: Flutter Mane|0 fnt\n|faint|p1a: Flutter Mane\n|-end|p1a: Flutter Mane|Protosynthesis|[silent]\n|\n|upkeep\n|\n|t:|1682128753\n|switch|p1a: Baxcalibur|Baxcalibur, L50, M|100\/100\n|switch|p1b: Tauros|Tauros-Paldea-Blaze, L50, M|100\/100\n|-ability|p1b: Tauros|Intimidate|boost\n|-fail|p2a: Cetitan|unboost|[from] item: Clear Amulet|[of] p2a: Cetitan\n|-unboost|p2b: Arcanine|atk|1\n|turn|7\n|inactive|Supersuperhero has 30 seconds left.\n|\n|t:|1682128781\n|-terastallize|p1a: Baxcalibur|Electric\n|move|p2b: Arcanine|Extreme Speed|p1b: Tauros\n|-damage|p1b: Tauros|78\/100\n|move|p1b: Tauros|Flare Blitz|p2a: Cetitan\n|-supereffective|p2a: Cetitan\n|-damage|p2a: Cetitan|0 fnt\n|faint|p2a: Cetitan\n|-damage|p1b: Tauros|64\/100|[from] Recoil\n|move|p1a: Baxcalibur|Tera Blast|p2b: Arcanine\n|-supereffective|p2b: Arcanine\n|-damage|p2b: Arcanine|0 fnt\n|faint|p2b: Arcanine\n|\n|upkeep\n|-message|Supersuperhero forfeited.\n|\n|win|Kammala\n|raw|Kammala's rating: 1361 → 1381<\/strong> (+20 for winning)\n|raw|Supersuperhero's rating: 1353 → 1333<\/strong> (-20 for losing)\n|l|\u2606Supersuperhero\n","uploadtime":1682128802,"views":29,"p1id":"kammala","p2id":"supersuperhero","formatid":"gen9vgc2023regulationc","rating":1333,"private":0,"password":""}