{"id":"gen9vgc2023regulationc-1858975465","p1":"Capitanaustria","p2":"KiranSnorlax","format":"[Gen 9] VGC 2023 Regulation C","log":"|j|\u2606Capitanaustria\n|j|\u2606KiranSnorlax\n|t:|1683389965\n|gametype|doubles\n|player|p1|Capitanaustria|wallace|1106\n|player|p2|KiranSnorlax|skier|1000\n|teamsize|p1|6\n|teamsize|p2|6\n|gen|9\n|tier|[Gen 9] VGC 2023 Regulation C\n|rated|\n|rule|Species Clause: Limit one of each Pok\u00e9mon\n|rule|Item Clause: Limit one of each item\n|clearpoke\n|poke|p1|Ting-Lu, L50|\n|poke|p1|Abomasnow, L50, M|\n|poke|p1|Bisharp, L50, M|\n|poke|p1|Haxorus, L50, F|\n|poke|p1|Glalie, L50, F|\n|poke|p1|Camerupt, L50, F|\n|poke|p2|Flamigo, L50, M|\n|poke|p2|Veluza, L50, M|\n|poke|p2|Sylveon, L50, F|\n|poke|p2|Oranguru, L50, F|\n|poke|p2|Annihilape, L50, M|\n|poke|p2|Drifblim, L50, F|\n|teampreview|4\n|inactive|Battle timer is ON: inactive players will automatically lose when time's up. (requested by KiranSnorlax)\n|inactive|Capitanaustria also wants the timer to be on.\n|inactive|KiranSnorlax has 60 seconds left.\n|\n|t:|1683390018\n|start\n|switch|p1a: Bisharp|Bisharp, L50, M, shiny|100\/100\n|switch|p1b: Ting-Lu|Ting-Lu, L50|100\/100\n|switch|p2a: Veluza|Veluza, L50, M, shiny|100\/100\n|switch|p2b: Sylveon|Sylveon, L50, F, shiny|100\/100\n|-ability|p1b: Ting-Lu|Vessel of Ruin\n|-ability|p2a: Veluza|Mold Breaker\n|turn|1\n|\n|t:|1683390038\n|move|p1a: Bisharp|Guillotine|p2a: Veluza|[miss]\n|-miss|p1a: Bisharp|p2a: Veluza\n|move|p1b: Ting-Lu|Fissure|p2a: Veluza|[miss]\n|-miss|p1b: Ting-Lu|p2a: Veluza\n|move|p2a: Veluza|Fillet Away|p2a: Veluza\n|-boost|p2a: Veluza|atk|2\n|-boost|p2a: Veluza|spa|2\n|-boost|p2a: Veluza|spe|2\n|-damage|p2a: Veluza|51\/100\n|move|p2b: Sylveon|Psych Up|p2a: Veluza\n|-copyboost|p2b: Sylveon|p2a: Veluza|[from] move: Psych Up\n|\n|upkeep\n|turn|2\n|inactive|KiranSnorlax has 30 seconds left.\n|inactive|KiranSnorlax has 20 seconds left.\n|inactive|KiranSnorlax has 15 seconds left.\n|\n|t:|1683390081\n|switch|p2a: Oranguru|Oranguru, L50, F, shiny|100\/100\n|move|p2b: Sylveon|Protect|p2b: Sylveon\n|-singleturn|p2b: Sylveon|Protect\n|move|p1a: Bisharp|Guillotine|p2a: Oranguru|[miss]\n|-miss|p1a: Bisharp|p2a: Oranguru\n|move|p1b: Ting-Lu|Fissure|p2a: Oranguru\n|-damage|p2a: Oranguru|0 fnt\n|faint|p2a: Oranguru\n|-ohko\n|\n|upkeep\n|\n|t:|1683390093\n|switch|p2a: Flamigo|Flamigo, L50, M, shiny|100\/100\n|-copyboost|p2a: Flamigo|p2b: Sylveon|[from] ability: Costar\n|turn|3\n|\n|t:|1683390106\n|-terastallize|p1a: Bisharp|Flying\n|move|p2a: Flamigo|Close Combat|p1a: Bisharp\n|-resisted|p1a: Bisharp\n|-damage|p1a: Bisharp|60\/100\n|-unboost|p2a: Flamigo|def|1\n|-unboost|p2a: Flamigo|spd|1\n|move|p1a: Bisharp|Guillotine|p2a: Flamigo\n|-enditem|p2a: Flamigo|Focus Sash\n|-damage|p2a: Flamigo|1\/100\n|move|p2b: Sylveon|Hyper Voice|p1a: Bisharp|[spread] p1a,p1b\n|-supereffective|p1b: Ting-Lu\n|-damage|p1a: Bisharp|20\/100\n|-damage|p1b: Ting-Lu|65\/100\n|move|p1b: Ting-Lu|Fissure|p2b: Sylveon|[miss]\n|-miss|p1b: Ting-Lu|p2b: Sylveon\n|\n|upkeep\n|turn|4\n|inactive|Capitanaustria has 30 seconds left.\n|inactive|KiranSnorlax has 30 seconds left.\n|\n|t:|1683390136\n|move|p2a: Flamigo|Acrobatics|p1b: Ting-Lu\n|-damage|p1b: Ting-Lu|10\/100\n|move|p1a: Bisharp|Iron Head|p2a: Flamigo\n|-damage|p2a: Flamigo|0 fnt\n|faint|p2a: Flamigo\n|move|p2b: Sylveon|Hyper Voice|p1a: Bisharp|[spread] p1a,p1b\n|-supereffective|p1b: Ting-Lu\n|-damage|p1a: Bisharp|0 fnt\n|-damage|p1b: Ting-Lu|0 fnt\n|faint|p1a: Bisharp\n|faint|p1b: Ting-Lu\n|\n|upkeep\n|\n|t:|1683390158\n|switch|p2a: Veluza|Veluza, L50, M, shiny|51\/100\n|switch|p1a: Haxorus|Haxorus, L50, F, shiny|100\/100\n|switch|p1b: Glalie|Glalie, L50, F, shiny|100\/100\n|-ability|p1a: Haxorus|Unnerve\n|-ability|p2a: Veluza|Mold Breaker\n|turn|5\n|inactive|KiranSnorlax has 30 seconds left.\n|inactive|KiranSnorlax has 20 seconds left.\n|inactive|KiranSnorlax has 15 seconds left.\n|\n|t:|1683390199\n|move|p1a: Haxorus|Protect|p1a: Haxorus\n|-singleturn|p1a: Haxorus|Protect\n|move|p2a: Veluza|Protect|p2a: Veluza\n|-singleturn|p2a: Veluza|Protect\n|move|p1b: Glalie|Sheer Cold|p2b: Sylveon\n|-damage|p2b: Sylveon|0 fnt\n|faint|p2b: Sylveon\n|-ohko\n|\n|-ability|p1b: Glalie|Moody|boost\n|-boost|p1b: Glalie|spe|2\n|-unboost|p1b: Glalie|spd|1\n|upkeep\n|turn|6\n|\n|t:|1683390216\n|move|p1b: Glalie|Sheer Cold|p2a: Veluza|[miss]\n|-miss|p1b: Glalie|p2a: Veluza\n|move|p1a: Haxorus|Guillotine|p2a: Veluza\n|-damage|p2a: Veluza|0 fnt\n|faint|p2a: Veluza\n|-ohko\n|\n|win|Capitanaustria\n|raw|Capitanaustria's rating: 1106 → 1124<\/strong> (+18 for winning)\n|raw|KiranSnorlax's rating: 1000 → 1000<\/strong> (+0 for losing)\n|c|\u2606Capitanaustria|gg\n|c|\u2606KiranSnorlax|i hate u\n|l|\u2606KiranSnorlax\n","uploadtime":1683390275,"views":10,"p1id":"capitanaustria","p2id":"kiransnorlax","formatid":"gen9vgc2023regulationc","rating":1000,"private":0,"password":""}