{"id":"gen9vgc2023regulationc-1861351687","p1":"fakuwhale","p2":"Jurassicpig44","format":"[Gen 9] VGC 2023 Regulation C","log":"|j|\u2606fakuwhale\n|j|\u2606Jurassicpig44\n|t:|1683748623\n|gametype|doubles\n|player|p1|fakuwhale|169|\n|player|p2|Jurassicpig44|2|\n|teamsize|p1|6\n|teamsize|p2|6\n|gen|9\n|tier|[Gen 9] VGC 2023 Regulation C\n|rule|Tera Type Preview: Tera Types are shown at Team Preview\n|rule|Species Clause: Limit one of each Pok\u00e9mon\n|rule|Item Clause: Limit one of each item\n|clearpoke\n|poke|p1|Gyarados, L50, M|\n|poke|p1|Flutter Mane, L50|\n|poke|p1|Talonflame, L50, M|\n|poke|p1|Iron Hands, L50|\n|poke|p1|Kingambit, L50, M|\n|poke|p1|Garchomp, L50, F|\n|poke|p2|Great Tusk, L50|\n|poke|p2|Annihilape, L50, M|\n|poke|p2|Palafin, L50, M|\n|poke|p2|Houndstone, L50, F|\n|poke|p2|Sylveon, L50, F|\n|poke|p2|Alomomola, L50, M|\n|teampreview|4\n|raw|fakuwhale's Tera Types: \/ \/ \/ \/ \/ \n|raw|Jurassicpig44's Tera Types: \/ \/ \/ \/ \/ \n|c|\u2606Jurassicpig44|ready?\n|c|\u2606fakuwhale|yeah im ready start timer when youre good\n|\n|t:|1683748933\n|start\n|switch|p1a: Talonflame|Talonflame, L50, M|100\/100\n|switch|p1b: Flutter Mane|Flutter Mane, L50|100\/100\n|switch|p2a: Annihilape|Annihilape, L50, M|100\/100\n|switch|p2b: Palafin|Palafin, L50, M|100\/100\n|turn|1\n|inactive|Battle timer is ON: inactive players will automatically lose when time's up. (requested by fakuwhale)\n|inactive|fakuwhale has 60 seconds left.\n|\n|t:|1683748967\n|move|p1a: Talonflame|Brave Bird|p2b: Palafin\n|-damage|p2b: Palafin|52\/100\n|-damage|p1a: Talonflame|85\/100|[from] Recoil\n|move|p1b: Flutter Mane|Moonblast|p2a: Annihilape\n|-supereffective|p2a: Annihilape\n|-damage|p2a: Annihilape|0 fnt\n|faint|p2a: Annihilape\n|move|p2b: Palafin|Surf|p1a: Talonflame|[spread] p1a,p1b\n|-supereffective|p1a: Talonflame\n|-damage|p1a: Talonflame|10\/100\n|-damage|p1b: Flutter Mane|75\/100\n|\n|upkeep\n|\n|t:|1683748976\n|switch|p2a: Alomomola|Alomomola, L50, M|100\/100\n|turn|2\n|\n|t:|1683748989\n|move|p1a: Talonflame|Taunt|p2a: Alomomola\n|-start|p2a: Alomomola|move: Taunt\n|move|p1b: Flutter Mane|Moonblast|p2b: Palafin\n|-damage|p2b: Palafin|0 fnt\n|faint|p2b: Palafin\n|move|p2a: Alomomola|Liquidation|p1b: Flutter Mane\n|-damage|p1b: Flutter Mane|39\/100\n|\n|upkeep\n|\n|t:|1683748995\n|switch|p2b: Great Tusk|Great Tusk, L50|100\/100\n|turn|3\n|\n|t:|1683749009\n|move|p1a: Talonflame|Will-O-Wisp|p2b: Great Tusk\n|-status|p2b: Great Tusk|brn\n|move|p1b: Flutter Mane|Moonblast|p2b: Great Tusk\n|-supereffective|p2b: Great Tusk\n|-enditem|p2b: Great Tusk|Roseli Berry|[eat]\n|-enditem|p2b: Great Tusk|Roseli Berry|[weaken]\n|-damage|p2b: Great Tusk|20\/100 brn\n|-unboost|p2b: Great Tusk|spa|1\n|move|p2b: Great Tusk|Knock Off|p1b: Flutter Mane\n|-damage|p1b: Flutter Mane|9\/100\n|-enditem|p1b: Flutter Mane|Choice Specs|[from] move: Knock Off|[of] p2b: Great Tusk\n|move|p2a: Alomomola|Liquidation|p1a: Talonflame\n|-supereffective|p1a: Talonflame\n|-damage|p1a: Talonflame|0 fnt\n|faint|p1a: Talonflame\n|\n|-damage|p2b: Great Tusk|14\/100 brn|[from] brn\n|upkeep\n|\n|t:|1683749025\n|switch|p1a: Iron Hands|Iron Hands, L50|100\/100\n|turn|4\n|\n|t:|1683749034\n|move|p1b: Flutter Mane|Dazzling Gleam|p2b: Great Tusk|[spread] p2a,p2b\n|-supereffective|p2b: Great Tusk\n|-damage|p2a: Alomomola|64\/100\n|-damage|p2b: Great Tusk|0 fnt\n|faint|p2b: Great Tusk\n|-end|p2b: Great Tusk|Protosynthesis|[silent]\n|move|p2a: Alomomola|Liquidation|p1b: Flutter Mane\n|-damage|p1b: Flutter Mane|0 fnt\n|faint|p1b: Flutter Mane\n|-end|p1b: Flutter Mane|Protosynthesis|[silent]\n|move|p1a: Iron Hands|Wild Charge|p2a: Alomomola\n|-supereffective|p2a: Alomomola\n|-damage|p2a: Alomomola|2\/100\n|-damage|p1a: Iron Hands|83\/100|[from] Recoil\n|\n|-heal|p2a: Alomomola|9\/100|[from] item: Leftovers\n|-end|p2a: Alomomola|move: Taunt\n|upkeep\n|\n|t:|1683749048\n|switch|p1b: Kingambit|Kingambit, L50, M|100\/100\n|turn|5\n|\n|t:|1683749058\n|move|p2a: Alomomola|Protect|p2a: Alomomola\n|-singleturn|p2a: Alomomola|Protect\n|move|p1b: Kingambit|Sucker Punch||[still]\n|-fail|p1b: Kingambit\n|move|p1a: Iron Hands|Wild Charge|p2a: Alomomola\n|-activate|p2a: Alomomola|move: Protect\n|\n|-heal|p2a: Alomomola|15\/100|[from] item: Leftovers\n|upkeep\n|turn|6\n|\n|t:|1683749069\n|move|p1b: Kingambit|Sucker Punch||[still]\n|-fail|p1b: Kingambit\n|move|p2a: Alomomola|Wish|p2a: Alomomola\n|move|p1a: Iron Hands|Wild Charge|p2a: Alomomola\n|-supereffective|p2a: Alomomola\n|-damage|p2a: Alomomola|0 fnt\n|faint|p2a: Alomomola\n|-damage|p1a: Iron Hands|79\/100|[from] Recoil\n|\n|win|fakuwhale\n|c|\u2606fakuwhale|gg!\n|l|\u2606Jurassicpig44\n|j|\u2606Jurassicpig44\n|player|p2|Jurassicpig44|2\n|c|\u2606Jurassicpig44|gg\n|c|\u2606Jurassicpig44|r we done?\n|c|\u2606fakuwhale|yep, we just have to post the results in the thread now\n|l|\u2606fakuwhale\n","uploadtime":1683749262,"views":22,"p1id":"fakuwhale","p2id":"jurassicpig44","formatid":"gen9vgc2023regulationc","rating":0,"private":0,"password":""}