{"id":"gen9vgc2023regulationc-1845246346","p1":"gengargastly","p2":"Dioxide8","format":"[Gen 9] VGC 2023 Regulation C","log":"|j|\u2606gengargastly\n|j|\u2606Dioxide8\n|t:|1681701551\n|gametype|doubles\n|player|p1|gengargastly|sabrina-masters|1465\n|player|p2|Dioxide8|youngster-gen4dp|1452\n|teamsize|p1|6\n|teamsize|p2|6\n|gen|9\n|tier|[Gen 9] VGC 2023 Regulation C\n|rated|\n|rule|Species Clause: Limit one of each Pok\u00e9mon\n|rule|Item Clause: Limit one of each item\n|clearpoke\n|poke|p1|Flutter Mane, L50|\n|poke|p1|Rotom-Wash, L50|\n|poke|p1|Garchomp, L50, M|\n|poke|p1|Scizor, L50, M|\n|poke|p1|Baxcalibur, L50, M|\n|poke|p1|Talonflame, L50, F|\n|poke|p2|Dragonite, L50, M|\n|poke|p2|Chien-Pao, L50|\n|poke|p2|Chi-Yu, L50|\n|poke|p2|Iron Hands, L50|\n|poke|p2|Flutter Mane, L50|\n|poke|p2|Scizor, L50, M|\n|teampreview|4\n|inactive|Battle timer is ON: inactive players will automatically lose when time's up. (requested by Dioxide8)\n|inactive|gengargastly also wants the timer to be on.\n|inactive|gengargastly has 60 seconds left.\n|\n|t:|1681701583\n|start\n|switch|p1a: Scizor|Scizor, L50, M|100\/100\n|switch|p1b: Flutter Mane|Flutter Mane, L50|100\/100\n|switch|p2a: Scizor|Scizor, L50, M, shiny|100\/100\n|switch|p2b: Flutter Mane|Flutter Mane, L50, shiny|100\/100\n|-enditem|p1b: Flutter Mane|Booster Energy\n|-activate|p1b: Flutter Mane|ability: Protosynthesis|[fromitem]\n|-start|p1b: Flutter Mane|protosynthesisspe\n|turn|1\n|inactive|Dioxide8 has 30 seconds left.\n|\n|t:|1681701613\n|-end|p2b: Flutter Mane|Protosynthesis|[silent]\n|switch|p2b: Dragonite|Dragonite, L50, M, shiny|100\/100\n|-terastallize|p1a: Scizor|Rock\n|move|p1b: Flutter Mane|Protect|p1b: Flutter Mane\n|-singleturn|p1b: Flutter Mane|Protect\n|move|p2a: Scizor|Bullet Punch|p1b: Flutter Mane\n|-activate|p1b: Flutter Mane|move: Protect\n|move|p1a: Scizor|Swords Dance|p1a: Scizor\n|-boost|p1a: Scizor|atk|2\n|\n|upkeep\n|turn|2\n|inactive|Dioxide8 has 30 seconds left.\n|\n|t:|1681701648\n|-end|p1b: Flutter Mane|Protosynthesis|[silent]\n|switch|p1b: Rotom|Rotom-Wash, L50|100\/100\n|move|p2b: Dragonite|Aqua Jet|p1a: Scizor\n|-supereffective|p1a: Scizor\n|-damage|p1a: Scizor|53\/100\n|move|p2a: Scizor|Bullet Punch|p1b: Rotom\n|-resisted|p1b: Rotom\n|-damage|p1b: Rotom|92\/100\n|move|p1a: Scizor|Tera Blast|p2b: Dragonite\n|-supereffective|p2b: Dragonite\n|-damage|p2b: Dragonite|0 fnt\n|faint|p2b: Dragonite\n|-damage|p1a: Scizor|43\/100|[from] item: Life Orb\n|\n|upkeep\n|inactive|Dioxide8 has 30 seconds left.\n|\n|t:|1681701674\n|switch|p2b: Flutter Mane|Flutter Mane, L50, shiny|100\/100\n|turn|3\n|j| syachilove0408\n|\n|t:|1681701691\n|move|p1a: Scizor|Protect|p1a: Scizor\n|-singleturn|p1a: Scizor|Protect\n|move|p2a: Scizor|Bullet Punch|p1a: Scizor\n|-activate|p1a: Scizor|move: Protect\n|move|p2b: Flutter Mane|Moonblast|p1b: Rotom\n|-damage|p1b: Rotom|4\/100\n|move|p1b: Rotom|Will-O-Wisp|p2a: Scizor\n|-status|p2a: Scizor|brn\n|\n|-damage|p2a: Scizor|94\/100 brn|[from] brn\n|upkeep\n|turn|4\n|inactive|gengargastly has 30 seconds left.\n|inactive|Dioxide8 has 30 seconds left.\n|\n|t:|1681701724\n|-end|p2b: Flutter Mane|Protosynthesis|[silent]\n|switch|p2b: Chien-Pao|Chien-Pao, L50|100\/100\n|-ability|p2b: Chien-Pao|Sword of Ruin\n|move|p2a: Scizor|Bullet Punch|p1a: Scizor\n|-supereffective|p1a: Scizor\n|-damage|p1a: Scizor|0 fnt\n|faint|p1a: Scizor\n|move|p1b: Rotom|Hydro Pump|p2b: Chien-Pao\n|-damage|p2b: Chien-Pao|17\/100\n|\n|-damage|p2a: Scizor|88\/100 brn|[from] brn\n|upkeep\n|\n|t:|1681701735\n|switch|p1a: Flutter Mane|Flutter Mane, L50|100\/100\n|turn|5\n|\n|t:|1681701757\n|move|p2b: Chien-Pao|Protect|p2b: Chien-Pao\n|-singleturn|p2b: Chien-Pao|Protect\n|move|p2a: Scizor|Feint|p1b: Rotom\n|-damage|p1b: Rotom|0 fnt\n|faint|p1b: Rotom\n|move|p1a: Flutter Mane|Dazzling Gleam|p2b: Chien-Pao|[spread] p2a\n|-activate|p2b: Chien-Pao|move: Protect\n|-resisted|p2a: Scizor\n|-crit|p2a: Scizor\n|-damage|p2a: Scizor|58\/100 brn\n|\n|-damage|p2a: Scizor|51\/100 brn|[from] brn\n|upkeep\n|\n|t:|1681701762\n|switch|p1b: Garchomp|Garchomp, L50, M|100\/100\n|turn|6\n|inactive|gengargastly has 30 seconds left.\n|\n|t:|1681701798\n|move|p2a: Scizor|Bullet Punch|p1a: Flutter Mane\n|-supereffective|p1a: Flutter Mane\n|-damage|p1a: Flutter Mane|5\/100\n|move|p1a: Flutter Mane|Dazzling Gleam|p2b: Chien-Pao|[spread] p2a,p2b\n|-resisted|p2a: Scizor\n|-crit|p2a: Scizor\n|-supereffective|p2b: Chien-Pao\n|-damage|p2a: Scizor|20\/100 brn\n|-damage|p2b: Chien-Pao|0 fnt\n|faint|p2b: Chien-Pao\n|move|p1b: Garchomp|Dragon Claw|p2a: Scizor\n|-resisted|p2a: Scizor\n|-damage|p2a: Scizor|0 fnt\n|faint|p2a: Scizor\n|\n|upkeep\n|\n|t:|1681701810\n|switch|p2b: Flutter Mane|Flutter Mane, L50, shiny|100\/100\n|turn|7\n|\n|t:|1681701823\n|-terastallize|p2b: Flutter Mane|Fairy\n|move|p1a: Flutter Mane|Shadow Ball|p2b: Flutter Mane\n|-damage|p2b: Flutter Mane|54\/100\n|move|p2b: Flutter Mane|Dazzling Gleam|p1a: Flutter Mane|[spread] p1a,p1b\n|-supereffective|p1b: Garchomp\n|-damage|p1a: Flutter Mane|0 fnt\n|-damage|p1b: Garchomp|17\/100\n|faint|p1a: Flutter Mane\n|-end|p1a: Flutter Mane|Protosynthesis|[silent]\n|move|p1b: Garchomp|Iron Head|p2b: Flutter Mane\n|-supereffective|p2b: Flutter Mane\n|-damage|p2b: Flutter Mane|0 fnt\n|faint|p2b: Flutter Mane\n|-end|p2b: Flutter Mane|Protosynthesis|[silent]\n|\n|win|gengargastly\n|raw|gengargastly's rating: 1465 → 1484<\/strong> (+19 for winning)\n|raw|Dioxide8's rating: 1452 → 1433<\/strong> (-19 for losing)\n","uploadtime":1681701837,"views":8,"p1id":"gengargastly","p2id":"dioxide8","formatid":"gen9vgc2023regulationc","rating":1433,"private":0,"password":""}