{"id":"gen9vgc2023regulationc-1859313335","p1":"BassedNuggz","p2":"SnowballSH","format":"[Gen 9] VGC 2023 Regulation C","log":"|j|\u2606BassedNuggz\n|j|\u2606SnowballSH\n|t:|1683432888\n|gametype|doubles\n|player|p1|BassedNuggz|guitarist-gen4|1078\n|player|p2|SnowballSH|bellepa|1004\n|teamsize|p1|6\n|teamsize|p2|6\n|gen|9\n|tier|[Gen 9] VGC 2023 Regulation C\n|rated|\n|rule|Species Clause: Limit one of each Pok\u00e9mon\n|rule|Item Clause: Limit one of each item\n|clearpoke\n|poke|p1|Gastrodon-East, L50, F|\n|poke|p1|Gallade, L50, M|\n|poke|p1|Ceruledge, L50, M|\n|poke|p1|Bruxish, L50, F|\n|poke|p1|Brute Bonnet, L50|\n|poke|p1|Great Tusk, L50|\n|poke|p2|Jumpluff, L50, F|\n|poke|p2|Torkoal, L50, M|\n|poke|p2|Garchomp, L50, F|\n|poke|p2|Flutter Mane, L50|\n|poke|p2|Chien-Pao, L50|\n|poke|p2|Flamigo, L50, F|\n|teampreview|4\n|\n|t:|1683432908\n|start\n|switch|p1a: Slay|Bruxish, L50, F|100\/100\n|switch|p1b: Blue Protoman|Ceruledge, L50, M|100\/100\n|switch|p2a: Jumpluff|Jumpluff, L50, F|100\/100\n|switch|p2b: Garchomp|Garchomp, L50, F|100\/100\n|turn|1\n|\n|t:|1683432924\n|-terastallize|p2b: Garchomp|Ground\n|move|p2a: Jumpluff|Absorb|p2b: Garchomp\n|-supereffective|p2b: Garchomp\n|-damage|p2b: Garchomp|91\/100\n|-enditem|p2b: Garchomp|Weakness Policy\n|-boost|p2b: Garchomp|atk|2|[from] item: Weakness Policy\n|-boost|p2b: Garchomp|spa|2|[from] item: Weakness Policy\n|move|p2b: Garchomp|Earthquake|p1a: Slay|[spread] p1a,p1b\n|-immune|p2a: Jumpluff\n|-supereffective|p1b: Blue Protoman\n|-damage|p1a: Slay|0 fnt\n|-damage|p1b: Blue Protoman|0 fnt\n|faint|p1a: Slay\n|faint|p1b: Blue Protoman\n|\n|upkeep\n|\n|t:|1683432938\n|switch|p1a: Sl\u00fcg|Gastrodon-East, L50, F|100\/100\n|switch|p1b: Clyde|Brute Bonnet, L50|100\/100\n|turn|2\n|\n|t:|1683432990\n|move|p1b: Clyde|Sucker Punch|p2b: Garchomp\n|-damage|p2b: Garchomp|60\/100\n|-damage|p1b: Clyde|88\/100|[from] ability: Rough Skin|[of] p2b: Garchomp\n|move|p2a: Jumpluff|Worry Seed|p2b: Garchomp\n|-endability|p2b: Garchomp|Rough Skin|[from] move: Worry Seed\n|-ability|p2b: Garchomp|Insomnia|[from] move: Worry Seed\n|move|p2b: Garchomp|Earthquake|p1b: Clyde|[spread] p1a,p1b\n|-immune|p2a: Jumpluff\n|-resisted|p1b: Clyde\n|-damage|p1a: Sl\u00fcg|11\/100\n|-damage|p1b: Clyde|57\/100\n|move|p1a: Sl\u00fcg|Clear Smog|p2b: Garchomp\n|-resisted|p2b: Garchomp\n|-damage|p2b: Garchomp|54\/100\n|-clearboost|p2b: Garchomp\n|\n|-heal|p1a: Sl\u00fcg|17\/100|[from] item: Leftovers\n|upkeep\n|turn|3\n|\n|t:|1683433052\n|move|p1b: Clyde|Sucker Punch||[still]\n|-fail|p1b: Clyde\n|move|p2a: Jumpluff|Encore|p1b: Clyde\n|-start|p1b: Clyde|Encore\n|move|p2b: Garchomp|Swords Dance|p2b: Garchomp\n|-boost|p2b: Garchomp|atk|2\n|move|p1a: Sl\u00fcg|Recover|p1a: Sl\u00fcg\n|-heal|p1a: Sl\u00fcg|67\/100\n|\n|-heal|p1a: Sl\u00fcg|73\/100|[from] item: Leftovers\n|upkeep\n|turn|4\n|\n|t:|1683433070\n|move|p1b: Clyde|Sucker Punch|p2b: Garchomp\n|-damage|p2b: Garchomp|24\/100\n|move|p2a: Jumpluff|Encore|p1a: Sl\u00fcg\n|-start|p1a: Sl\u00fcg|Encore\n|move|p2b: Garchomp|Earthquake|p1b: Clyde|[spread] p1a,p1b\n|-immune|p2a: Jumpluff\n|-resisted|p1b: Clyde\n|-damage|p1a: Sl\u00fcg|0 fnt\n|-damage|p1b: Clyde|27\/100\n|faint|p1a: Sl\u00fcg\n|\n|upkeep\n|turn|5\n|\n|t:|1683433084\n|move|p1b: Clyde|Sucker Punch||[still]\n|-fail|p1b: Clyde\n|move|p2a: Jumpluff|Sleep Powder|p1b: Clyde\n|-immune|p1b: Clyde\n|move|p2b: Garchomp|Swords Dance|p2b: Garchomp\n|-boost|p2b: Garchomp|atk|2\n|\n|upkeep\n|turn|6\n|\n|t:|1683433095\n|switch|p2a: Flamigo|Flamigo, L50, F|100\/100\n|-copyboost|p2a: Flamigo|p2b: Garchomp|[from] ability: Costar\n|move|p1b: Clyde|Sucker Punch||[still]\n|-fail|p1b: Clyde\n|move|p2b: Garchomp|Swords Dance|p2b: Garchomp\n|-boost|p2b: Garchomp|atk|2\n|\n|-end|p1b: Clyde|Encore\n|upkeep\n|turn|7\n|\n|t:|1683433108\n|move|p1b: Clyde|Sucker Punch|p2b: Garchomp\n|-damage|p2b: Garchomp|0 fnt\n|faint|p2b: Garchomp\n|move|p2a: Flamigo|Close Combat|p1b: Clyde\n|-supereffective|p1b: Clyde\n|-damage|p1b: Clyde|0 fnt\n|-unboost|p2a: Flamigo|def|1\n|-unboost|p2a: Flamigo|spd|1\n|faint|p1b: Clyde\n|-end|p1b: Clyde|Protosynthesis|[silent]\n|\n|win|SnowballSH\n|raw|BassedNuggz's rating: 1078 → 1052<\/strong> (-26 for losing)\n|raw|SnowballSH's rating: 1004 → 1052<\/strong> (+48 for winning)\n|l|\u2606BassedNuggz\n","uploadtime":1683433126,"views":15,"p1id":"bassednuggz","p2id":"snowballsh","formatid":"gen9vgc2023regulationc","rating":1052,"private":0,"password":""}