{"id":"gen9vgc2023regulationc-1850021743","p1":"penny my beloved","p2":"stev998","format":"[Gen 9] VGC 2023 Regulation C","log":"|j|\u2606penny my beloved\n|j|\u2606stev998\n|t:|1682278839\n|gametype|doubles\n|player|p1|penny my beloved|penny|1188\n|player|p2|stev998|169|1152\n|teamsize|p1|6\n|teamsize|p2|6\n|gen|9\n|tier|[Gen 9] VGC 2023 Regulation C\n|rated|\n|rule|Species Clause: Limit one of each Pok\u00e9mon\n|rule|Item Clause: Limit one of each item\n|clearpoke\n|poke|p1|Palafin, L50, M|\n|poke|p1|Amoonguss, L50, F|\n|poke|p1|Arcanine, L50, F|\n|poke|p1|Flutter Mane, L50|\n|poke|p1|Dragapult, L50, M|\n|poke|p1|Ting-Lu, L50|\n|poke|p2|Dondozo, L50, M|\n|poke|p2|Tatsugiri, L50, F|\n|poke|p2|Gholdengo, L50|\n|poke|p2|Murkrow, L50, M|\n|poke|p2|Pawmot, L50, M|\n|poke|p2|Dragonite, L50, F|\n|teampreview|4\n|\n|t:|1682278855\n|start\n|switch|p1a: Flutter Mane|Flutter Mane, L50, shiny|100\/100\n|switch|p1b: Dragapult|Dragapult, L50, M, shiny|100\/100\n|switch|p2a: Dondozo|Dondozo, L50, M|100\/100\n|switch|p2b: Tatsugiri|Tatsugiri, L50, F|100\/100\n|-activate|p2b: Tatsugiri|ability: Commander|[of] p2a: Dondozo\n|-boost|p2a: Dondozo|atk|2\n|-boost|p2a: Dondozo|spa|2\n|-boost|p2a: Dondozo|spe|2\n|-boost|p2a: Dondozo|def|2\n|-boost|p2a: Dondozo|spd|2\n|-enditem|p1a: Flutter Mane|Booster Energy\n|-activate|p1a: Flutter Mane|ability: Protosynthesis|[fromitem]\n|-start|p1a: Flutter Mane|protosynthesisspa\n|turn|1\n|\n|t:|1682278875\n|-end|p1a: Flutter Mane|Protosynthesis|[silent]\n|switch|p1a: Amoonguss|Amoonguss, L50, F|100\/100\n|-terastallize|p2a: Dondozo|Dragon\n|move|p1b: Dragapult|U-turn|p2a: Dondozo\n|-damage|p2a: Dondozo|91\/100\n|-damage|p1b: Dragapult|91\/100|[from] item: Life Orb\n|\n|t:|1682278882\n|switch|p1b: Palafin|Palafin, L50, M|100\/100|[from] U-turn\n|move|p2a: Dondozo|Order Up|p1b: Palafin\n|-damage|p1b: Palafin|18\/100\n|-boost|p2a: Dondozo|atk|1\n|\n|-heal|p2a: Dondozo|97\/100|[from] item: Leftovers\n|upkeep\n|turn|2\n|\n|t:|1682278895\n|move|p1a: Amoonguss|Rage Powder|p1a: Amoonguss\n|-singleturn|p1a: Amoonguss|move: Rage Powder\n|move|p2a: Dondozo|Substitute|p2a: Dondozo\n|-start|p2a: Dondozo|Substitute\n|-damage|p2a: Dondozo|72\/100\n|move|p1b: Palafin|Haze|p1b: Palafin\n|-clearallboost\n|\n|-heal|p2a: Dondozo|78\/100|[from] item: Leftovers\n|upkeep\n|turn|3\n|\n|t:|1682278918\n|detailschange|p1b: Palafin|Palafin-Hero, L50, M\n|switch|p1b: Flutter Mane|Flutter Mane, L50, shiny|100\/100\n|move|p2a: Dondozo|Order Up|p1b: Flutter Mane\n|-immune|p1b: Flutter Mane\n|move|p1a: Amoonguss|Pollen Puff|p2a: Dondozo\n|-activate|p2a: Dondozo|move: Substitute|[damage]\n|\n|-heal|p2a: Dondozo|85\/100|[from] item: Leftovers\n|upkeep\n|turn|4\n|\n|t:|1682278936\n|move|p1b: Flutter Mane|Moonblast|p2a: Dondozo\n|-supereffective|p2a: Dondozo\n|-end|p2a: Dondozo|Substitute\n|move|p2a: Dondozo|Wave Crash|p1b: Flutter Mane\n|-damage|p1b: Flutter Mane|6\/100\n|-damage|p2a: Dondozo|64\/100|[from] Recoil\n|move|p1a: Amoonguss|Spore|p2a: Dondozo\n|-status|p2a: Dondozo|slp|[from] move: Spore\n|\n|-heal|p2a: Dondozo|70\/100 slp|[from] item: Leftovers\n|upkeep\n|turn|5\n|\n|t:|1682278955\n|cant|p2a: Dondozo|slp\n|move|p1b: Flutter Mane|Moonblast|p2a: Dondozo\n|-supereffective|p2a: Dondozo\n|-damage|p2a: Dondozo|0 fnt\n|faint|p2a: Dondozo\n|move|p1a: Amoonguss|Pollen Puff|p1b: Flutter Mane\n|-heal|p1b: Flutter Mane|56\/100\n|\n|upkeep\n|\n|t:|1682278966\n|switch|p2a: Pawmot|Pawmot, L50, M|100\/100\n|turn|6\n|\n|t:|1682278992\n|move|p1a: Amoonguss|Rage Powder|p1a: Amoonguss\n|-singleturn|p1a: Amoonguss|move: Rage Powder\n|move|p2b: Tatsugiri|Draco Meteor|p1a: Amoonguss\n|-damage|p1a: Amoonguss|43\/100\n|-unboost|p2b: Tatsugiri|spa|2\n|move|p1b: Flutter Mane|Moonblast|p2a: Pawmot\n|-supereffective|p2a: Pawmot\n|-enditem|p2a: Pawmot|Focus Sash\n|-damage|p2a: Pawmot|1\/100\n|move|p2a: Pawmot|Revival Blessing|p2a: Pawmot\n|\n|t:|1682279002\n|-heal|p2: Dondozo|50\/100|[from] move: Revival Blessing\n|\n|upkeep\n|turn|7\n|\n|t:|1682279022\n|move|p1a: Amoonguss|Protect|p1a: Amoonguss\n|-singleturn|p1a: Amoonguss|Protect\n|move|p2b: Tatsugiri|Draco Meteor|p1b: Flutter Mane\n|-immune|p1b: Flutter Mane\n|move|p1b: Flutter Mane|Thunderbolt|p2a: Pawmot\n|-resisted|p2a: Pawmot\n|-damage|p2a: Pawmot|0 fnt\n|faint|p2a: Pawmot\n|\n|upkeep\n|\n|t:|1682279031\n|switch|p2a: Dondozo|Dondozo, L50, M|50\/100\n|-activate|p2b: Tatsugiri|ability: Commander|[of] p2a: Dondozo\n|-boost|p2a: Dondozo|atk|2\n|-boost|p2a: Dondozo|spa|2\n|-boost|p2a: Dondozo|spe|2\n|-boost|p2a: Dondozo|def|2\n|-boost|p2a: Dondozo|spd|2\n|turn|8\n|\n|t:|1682279051\n|-terastallize|p1a: Amoonguss|Water\n|move|p1a: Amoonguss|Rage Powder|p1a: Amoonguss\n|-singleturn|p1a: Amoonguss|move: Rage Powder\n|move|p1b: Flutter Mane|Thunderbolt|p2a: Dondozo\n|-supereffective|p2a: Dondozo\n|-damage|p2a: Dondozo|12\/100\n|move|p2a: Dondozo|Substitute|p2a: Dondozo\n|-fail|p2a: Dondozo|move: Substitute|[weak]\n|\n|-heal|p2a: Dondozo|19\/100|[from] item: Leftovers\n|upkeep\n|turn|9\n|\n|t:|1682279067\n|move|p1b: Flutter Mane|Thunderbolt|p2a: Dondozo\n|-supereffective|p2a: Dondozo\n|-damage|p2a: Dondozo|0 fnt\n|faint|p2a: Dondozo\n|move|p1a: Amoonguss|Spore|p2b: Tatsugiri\n|-status|p2b: Tatsugiri|slp|[from] move: Spore\n|\n|upkeep\n|\n|t:|1682279073\n|switch|p2a: Murkrow|Murkrow, L50, M|100\/100\n|turn|10\n|\n|t:|1682279089\n|move|p1a: Amoonguss|Rage Powder|p1a: Amoonguss\n|-singleturn|p1a: Amoonguss|move: Rage Powder\n|move|p2a: Murkrow|Tailwind|p2a: Murkrow\n|-sidestart|p2: stev998|move: Tailwind\n|cant|p2b: Tatsugiri|slp\n|move|p1b: Flutter Mane|Moonblast|p2b: Tatsugiri\n|-supereffective|p2b: Tatsugiri\n|-damage|p2b: Tatsugiri|0 fnt\n|faint|p2b: Tatsugiri\n|\n|upkeep\n|turn|11\n|\n|t:|1682279100\n|move|p1a: Amoonguss|Rage Powder|p1a: Amoonguss\n|-singleturn|p1a: Amoonguss|move: Rage Powder\n|move|p2a: Murkrow|Foul Play|p1a: Amoonguss\n|-damage|p1a: Amoonguss|21\/100\n|-damage|p2a: Murkrow|84\/100|[from] item: Rocky Helmet|[of] p1a: Amoonguss\n|move|p1b: Flutter Mane|Moonblast|p2a: Murkrow\n|-supereffective|p2a: Murkrow\n|-damage|p2a: Murkrow|0 fnt\n|faint|p2a: Murkrow\n|\n|win|penny my beloved\n|raw|penny my beloved's rating: 1188 → 1210<\/strong> (+22 for winning)\n|raw|stev998's rating: 1152 → 1130<\/strong> (-22 for losing)\n|l|\u2606stev998\n","uploadtime":1682279114,"views":14,"p1id":"pennymybeloved","p2id":"stev998","formatid":"gen9vgc2023regulationc","rating":1130,"private":0,"password":""}