{"id":"gen9vgc2023regulationc-1846436321","p1":"Cesare","p2":"Jimmynutron1","format":"[Gen 9] VGC 2023 Regulation C","log":"|j|\u2606Cesare\n|j|\u2606Jimmynutron1\n|t:|1681840717\n|gametype|doubles\n|player|p1|Cesare|2|1242\n|player|p2|Jimmynutron1|169|1193\n|teamsize|p1|6\n|teamsize|p2|6\n|gen|9\n|tier|[Gen 9] VGC 2023 Regulation C\n|rated|\n|rule|Species Clause: Limit one of each Pok\u00e9mon\n|rule|Item Clause: Limit one of each item\n|clearpoke\n|poke|p1|Gyarados, L50, M|\n|poke|p1|Chi-Yu, L50|\n|poke|p1|Ceruledge, L50, M|\n|poke|p1|Gastrodon, L50, F|\n|poke|p1|Scizor, L50, F|\n|poke|p1|Glimmora, L50, M|\n|poke|p2|Palafin, L50, F|\n|poke|p2|Arcanine, L50, M|\n|poke|p2|Orthworm, L50, M|\n|poke|p2|Altaria, L50, M|\n|poke|p2|Wo-Chien, L50|\n|poke|p2|Ting-Lu, L50|\n|teampreview|4\nCesare has agreed to open team sheets.\n|j| prematurewalrus\n|inactive|Battle timer is ON: inactive players will automatically lose when time's up. (requested by Jimmynutron1)\nJimmynutron1 rejected open team sheets.\n|l| prematurewalrus\n|\n|t:|1681840761\n|start\n|switch|p1a: Chi-Yu|Chi-Yu, L50|100\/100\n|switch|p1b: Ceruledge|Ceruledge, L50, M|100\/100\n|switch|p2a: Altaria|Altaria, L50, M|100\/100\n|switch|p2b: Orthworm|Orthworm, L50, M|100\/100\n|-ability|p1a: Chi-Yu|Beads of Ruin\n|-ability|p2a: Altaria|Cloud Nine\n|turn|1\n|inactive|Cesare has 30 seconds left.\n|inactive|Jimmynutron1 has 30 seconds left.\n|\n|t:|1681840791\n|-terastallize|p1b: Ceruledge|Grass\n|-terastallize|p2b: Orthworm|Fire\n|move|p1a: Chi-Yu|Lava Plume|p2b: Orthworm|[spread] p2a,p2b\n|-start|p1b: Ceruledge|ability: Flash Fire\n|-resisted|p2a: Altaria\n|-resisted|p2b: Orthworm\n|-damage|p2a: Altaria|85\/100\n|-damage|p2b: Orthworm|78\/100\n|move|p1b: Ceruledge|Bulk Up|p1b: Ceruledge\n|-boost|p1b: Ceruledge|atk|1\n|-boost|p1b: Ceruledge|def|1\n|move|p2a: Altaria|Perish Song|p2a: Altaria\n|-start|p1a: Chi-Yu|perish3|[silent]\n|-start|p1b: Ceruledge|perish3|[silent]\n|-start|p2a: Altaria|perish3|[silent]\n|-start|p2b: Orthworm|perish3|[silent]\n|-fieldactivate|move: Perish Song\n|move|p2b: Orthworm|Wrap|p1a: Chi-Yu\n|-damage|p1a: Chi-Yu|95\/100\n|-activate|p1a: Chi-Yu|move: Wrap|[of] p2b: Orthworm\n|\n|-damage|p1a: Chi-Yu|83\/100|[from] move: Wrap|[partiallytrapped]\n|-start|p1a: Chi-Yu|perish3\n|-start|p1b: Ceruledge|perish3\n|-start|p2a: Altaria|perish3\n|-start|p2b: Orthworm|perish3\n|upkeep\n|turn|2\n|inactive|Cesare has 30 seconds left.\n|inactive|Cesare has 20 seconds left.\n|\n|t:|1681840832\n|move|p1b: Ceruledge|Protect|p1b: Ceruledge\n|-singleturn|p1b: Ceruledge|Protect\n|move|p1a: Chi-Yu|Lava Plume|p2a: Altaria|[spread] p2a,p2b\n|-activate|p1b: Ceruledge|move: Protect\n|-resisted|p2a: Altaria\n|-resisted|p2b: Orthworm\n|-damage|p2a: Altaria|68\/100\n|-damage|p2b: Orthworm|55\/100\n|-status|p2a: Altaria|brn\n|move|p2a: Altaria|Cotton Guard|p2a: Altaria\n|-boost|p2a: Altaria|def|3\n|move|p2b: Orthworm|Wrap|p1b: Ceruledge\n|-activate|p1b: Ceruledge|move: Protect\n|\n|-damage|p2a: Altaria|61\/100 brn|[from] brn\n|-damage|p1a: Chi-Yu|70\/100|[from] move: Wrap|[partiallytrapped]\n|-start|p1a: Chi-Yu|perish2\n|-start|p1b: Ceruledge|perish2\n|-start|p2a: Altaria|perish2\n|-start|p2b: Orthworm|perish2\n|upkeep\n|turn|3\n|\n|t:|1681840855\n|-end|p1b: Ceruledge|ability: Flash Fire|[silent]\n|switch|p1b: Gastrodon|Gastrodon, L50, F|100\/100\n|switch|p2a: Ting-Lu|Ting-Lu, L50|100\/100\n|-ability|p2a: Ting-Lu|Vessel of Ruin\n|move|p1a: Chi-Yu|Lava Plume|p2b: Orthworm|[spread] p1b,p2a,p2b\n|-resisted|p1b: Gastrodon\n|-resisted|p2b: Orthworm\n|-damage|p1b: Gastrodon|83\/100\n|-damage|p2a: Ting-Lu|85\/100\n|-damage|p2b: Orthworm|36\/100\n|-enditem|p2b: Orthworm|Sitrus Berry|[eat]\n|-heal|p2b: Orthworm|61\/100|[from] item: Sitrus Berry\n|move|p2b: Orthworm|Wrap|p1b: Gastrodon\n|-damage|p1b: Gastrodon|80\/100\n|-activate|p1b: Gastrodon|move: Wrap|[of] p2b: Orthworm\n|\n|-damage|p1a: Chi-Yu|58\/100|[from] move: Wrap|[partiallytrapped]\n|-damage|p1b: Gastrodon|67\/100|[from] move: Wrap|[partiallytrapped]\n|-start|p1a: Chi-Yu|perish1\n|-start|p2b: Orthworm|perish1\n|upkeep\n|turn|4\n|inactive|Jimmynutron1 has 30 seconds left.\n|\n|t:|1681840881\n|switch|p2b: Altaria|Altaria, L50, M|61\/100 brn\n|-ability|p2b: Altaria|Cloud Nine\n|move|p1b: Gastrodon|Protect|p1b: Gastrodon\n|-singleturn|p1b: Gastrodon|Protect\n|move|p1a: Chi-Yu|Lava Plume|p2b: Altaria|[spread] p2a,p2b\n|-activate|p1b: Gastrodon|move: Protect\n|-resisted|p2b: Altaria\n|-damage|p2a: Ting-Lu|69\/100\n|-damage|p2b: Altaria|50\/100 brn\n|move|p2a: Ting-Lu|Earthquake|p1a: Chi-Yu|[spread] p1a\n|-activate|p1b: Gastrodon|move: Protect\n|-immune|p2b: Altaria\n|-supereffective|p1a: Chi-Yu\n|-damage|p1a: Chi-Yu|0 fnt\n|faint|p1a: Chi-Yu\n|\n|-damage|p2b: Altaria|44\/100 brn|[from] brn\n|-end|p1b: Gastrodon|Wrap|[partiallytrapped]|[silent]\n|upkeep\n|\n|t:|1681840898\n|switch|p1a: Scizor|Scizor, L50, F|100\/100\n|turn|5\n|\n|t:|1681840917\n|switch|p2b: Orthworm|Orthworm, L50, M, tera:Fire|61\/100\n|move|p1a: Scizor|U-turn|p2a: Ting-Lu\n|-supereffective|p2a: Ting-Lu\n|-damage|p2a: Ting-Lu|6\/100\n|-damage|p1a: Scizor|91\/100|[from] item: Life Orb\n|\n|t:|1681840924\n|switch|p1a: Ceruledge|Ceruledge, L50, M, tera:Grass|100\/100|[from] U-turn\n|move|p2a: Ting-Lu|Earthquake|p1a: Ceruledge|[spread] p1a,p1b\n|-heal|p2b: Orthworm|86\/100|[from] ability: Earth Eater|[of] p2a: Ting-Lu\n|-resisted|p1a: Ceruledge\n|-damage|p1a: Ceruledge|79\/100\n|-damage|p1b: Gastrodon|34\/100\n|move|p1b: Gastrodon|Muddy Water|p2b: Orthworm|[spread] p2a,p2b\n|-supereffective|p2a: Ting-Lu\n|-supereffective|p2b: Orthworm\n|-damage|p2a: Ting-Lu|0 fnt\n|-damage|p2b: Orthworm|42\/100\n|faint|p2a: Ting-Lu\n|\n|upkeep\n|\n|t:|1681840935\n|switch|p2a: Altaria|Altaria, L50, M|44\/100 brn\n|-ability|p2a: Altaria|Cloud Nine\n|turn|6\n|\n|t:|1681840951\n|move|p1a: Ceruledge|Shadow Sneak|p2a: Altaria\n|-crit|p2a: Altaria\n|-damage|p2a: Altaria|9\/100 brn\n|-damage|p1a: Ceruledge|63\/100|[from] item: Rocky Helmet|[of] p2a: Altaria\n|move|p2a: Altaria|Perish Song|p2a: Altaria\n|-start|p1a: Ceruledge|perish3|[silent]\n|-start|p1b: Gastrodon|perish3|[silent]\n|-start|p2a: Altaria|perish3|[silent]\n|-start|p2b: Orthworm|perish3|[silent]\n|-fieldactivate|move: Perish Song\n|move|p2b: Orthworm|Wrap|p1a: Ceruledge\n|-damage|p1a: Ceruledge|59\/100\n|-activate|p1a: Ceruledge|move: Wrap|[of] p2b: Orthworm\n|move|p1b: Gastrodon|Muddy Water|p2b: Orthworm|[spread] p2a,p2b\n|-resisted|p2a: Altaria\n|-supereffective|p2b: Orthworm\n|-damage|p2a: Altaria|0 fnt\n|-damage|p2b: Orthworm|0 fnt\n|faint|p2a: Altaria\n|faint|p2b: Orthworm\n|\n|-end|p1a: Ceruledge|Wrap|[partiallytrapped]|[silent]\n|-start|p1a: Ceruledge|perish3\n|-start|p1b: Gastrodon|perish3\n|upkeep\n|\n|t:|1681840968\n|switch|p2b: Wo-Chien|Wo-Chien, L50|100\/100\n|-ability|p2b: Wo-Chien|Tablets of Ruin\n|turn|7\n|\n|t:|1681840973\n|switch|p1a: Scizor|Scizor, L50, F|91\/100\n|move|p2b: Wo-Chien|Protect|p2b: Wo-Chien\n|-singleturn|p2b: Wo-Chien|Protect\n|move|p1b: Gastrodon|Protect||[still]\n|-fail|p1b: Gastrodon\n|\n|-start|p1b: Gastrodon|perish2\n|upkeep\n|turn|8\n|\n|t:|1681840984\n|switch|p1b: Ceruledge|Ceruledge, L50, M, tera:Grass|59\/100\n|move|p2b: Wo-Chien|Knock Off|p1a: Scizor\n|-damage|p1a: Scizor|62\/100\n|-enditem|p1a: Scizor|Life Orb|[from] move: Knock Off|[of] p2b: Wo-Chien\n|move|p1a: Scizor|U-turn|p2b: Wo-Chien\n|-supereffective|p2b: Wo-Chien\n|-damage|p2b: Wo-Chien|0 fnt\n|faint|p2b: Wo-Chien\n|\n|win|Cesare\n|raw|Cesare's rating: 1242 → 1263<\/strong> (+21 for winning)\n|raw|Jimmynutron1's rating: 1193 → 1172<\/strong> (-21 for losing)\n","uploadtime":1681840988,"views":14,"p1id":"cesare","p2id":"jimmynutron1","formatid":"gen9vgc2023regulationc","rating":1172,"private":0,"password":""}