{"id":"gen9vgc2023regulationc-1848669948","p1":"Lowquality29","p2":"kpopdark","format":"[Gen 9] VGC 2023 Regulation C","log":"|j|\u2606Lowquality29\n|j|\u2606kpopdark\n|t:|1682099358\n|gametype|doubles\n|player|p1|Lowquality29|rocketgruntf|1097\n|player|p2|kpopdark|rocketgrunt|1106\n|teamsize|p1|6\n|teamsize|p2|6\n|gen|9\n|tier|[Gen 9] VGC 2023 Regulation C\n|rated|\n|rule|Species Clause: Limit one of each Pok\u00e9mon\n|rule|Item Clause: Limit one of each item\n|clearpoke\n|poke|p1|Corviknight, L50, M|\n|poke|p1|Palafin, L50, M|\n|poke|p1|Pelipper, L50, F|\n|poke|p1|Gholdengo, L50|\n|poke|p1|Slither Wing, L50|\n|poke|p1|Tauros-Paldea-Blaze, L50, M|\n|poke|p2|Chi-Yu, L50|\n|poke|p2|Flutter Mane, L50|\n|poke|p2|Farigiraf, L50, F|\n|poke|p2|Stonjourner, L50, M|\n|poke|p2|Arcanine, L50, M|\n|poke|p2|Iron Bundle, L50|\n|teampreview|4\nLowquality29 has agreed to open team sheets.\n|inactive|Battle timer is ON: inactive players will automatically lose when time's up. (requested by Lowquality29)\n|\n|t:|1682099378\n|start\n|switch|p1a: blue|Pelipper, L50, F|100\/100\n|switch|p1b: hero|Palafin, L50, M|100\/100\n|switch|p2a: Chi-Yu|Chi-Yu, L50|100\/100\n|switch|p2b: Stonjourner|Stonjourner, L50, M|100\/100\n|-ability|p2a: Chi-Yu|Beads of Ruin\n|-weather|RainDance|[from] ability: Drizzle|[of] p1a: blue\n|turn|1\n|\n|t:|1682099392\n|detailschange|p1b: hero|Palafin-Hero, L50, M\n|switch|p1b: bank|Gholdengo, L50|100\/100\n|move|p2a: Chi-Yu|Protect|p2a: Chi-Yu\n|-singleturn|p2a: Chi-Yu|Protect\n|move|p2b: Stonjourner|Bulldoze|p1b: bank|[spread] p1b\n|-activate|p2a: Chi-Yu|move: Protect\n|-immune|p1a: blue\n|-supereffective|p1b: bank\n|-damage|p1b: bank|72\/100\n|-unboost|p1b: bank|spe|1\n|move|p1a: blue|Hydro Pump|p2a: Chi-Yu\n|-activate|p2a: Chi-Yu|move: Protect\n|\n|-weather|RainDance|[upkeep]\n|upkeep\n|turn|2\n|\n|t:|1682099416\n|-terastallize|p2a: Chi-Yu|Grass\n|-terastallize|p1b: bank|Water\n|move|p2b: Stonjourner|Wide Guard|p2b: Stonjourner\n|-singleturn|p2b: Stonjourner|Wide Guard\n|move|p2a: Chi-Yu|Dark Pulse|p1a: blue\n|-enditem|p1a: blue|Focus Sash\n|-damage|p1a: blue|1\/100\n|move|p1b: bank|Make It Rain|p2b: Stonjourner|[spread] \n|-activate|p2a: Chi-Yu|move: Wide Guard\n|-activate|p2b: Stonjourner|move: Wide Guard\n|move|p1a: blue|Hydro Pump|p2a: Chi-Yu\n|-resisted|p2a: Chi-Yu\n|-damage|p2a: Chi-Yu|54\/100\n|\n|-weather|RainDance|[upkeep]\n|upkeep\n|turn|3\n|inactive|Lowquality29 has 30 seconds left.\n|\n|t:|1682099442\n|move|p2a: Chi-Yu|Tera Blast|p1b: bank\n|-supereffective|p1b: bank\n|-damage|p1b: bank|0 fnt\n|faint|p1b: bank\n|move|p2b: Stonjourner|Rock Slide|p1a: blue\n|-supereffective|p1a: blue\n|-damage|p1a: blue|0 fnt\n|faint|p1a: blue\n|\n|-weather|RainDance|[upkeep]\n|upkeep\n|\n|t:|1682099449\n|switch|p1b: bird|Corviknight, L50, M|100\/100\n|switch|p1a: hero|Palafin-Hero, L50, M|100\/100\n|-activate|p1a: hero|ability: Zero to Hero\n|turn|4\n|\n|t:|1682099459\n|switch|p2b: Arcanine|Arcanine, L50, M|100\/100\n|-ability|p2b: Arcanine|Intimidate|boost\n|-unboost|p1a: hero|atk|1\n|-ability|p1b: bird|Mirror Armor\n|-unboost|p2b: Arcanine|atk|1\n|move|p2a: Chi-Yu|Protect|p2a: Chi-Yu\n|-singleturn|p2a: Chi-Yu|Protect\n|move|p1a: hero|Wave Crash|p2b: Arcanine\n|-supereffective|p2b: Arcanine\n|-damage|p2b: Arcanine|0 fnt\n|faint|p2b: Arcanine\n|-damage|p1a: hero|71\/100|[from] Recoil\n|move|p1b: bird|Brave Bird|p2a: Chi-Yu\n|-activate|p2a: Chi-Yu|move: Protect\n|\n|-weather|RainDance|[upkeep]\n|upkeep\n|\n|t:|1682099470\n|switch|p2b: Stonjourner|Stonjourner, L50, M|100\/100\n|turn|5\n|\n|t:|1682099486\n|move|p2a: Chi-Yu|Tera Blast|p1a: hero\n|-supereffective|p1a: hero\n|-crit|p1a: hero\n|-damage|p1a: hero|0 fnt\n|faint|p1a: hero\n|move|p1b: bird|Iron Head|p2a: Chi-Yu\n|-damage|p2a: Chi-Yu|10\/100\n|move|p2b: Stonjourner|Rock Slide|p1b: bird\n|-damage|p1b: bird|75\/100\n|\n|-weather|none\n|upkeep\n|turn|6\n|\n|t:|1682099500\n|move|p2a: Chi-Yu|Heat Wave|p1b: bird|[miss]\n|-miss|p2a: Chi-Yu|p1b: bird\n|move|p1b: bird|Brave Bird|p2a: Chi-Yu\n|-supereffective|p2a: Chi-Yu\n|-damage|p2a: Chi-Yu|0 fnt\n|faint|p2a: Chi-Yu\n|-damage|p1b: bird|73\/100|[from] Recoil\n|move|p2b: Stonjourner|Rock Slide|p1b: bird|[miss]\n|-miss|p2b: Stonjourner|p1b: bird\n|\n|upkeep\n|\n|t:|1682099509\n|switch|p2a: Iron Bundle|Iron Bundle, L50|100\/100\n|-enditem|p2a: Iron Bundle|Booster Energy\n|-activate|p2a: Iron Bundle|ability: Quark Drive|[fromitem]\n|-start|p2a: Iron Bundle|quarkdrivespe\n|turn|7\n|\n|t:|1682099515\n|move|p2a: Iron Bundle|Freeze-Dry|p1b: bird\n|-damage|p1b: bird|26\/100\n|move|p1b: bird|Brave Bird|p2a: Iron Bundle\n|-damage|p2a: Iron Bundle|52\/100\n|-damage|p1b: bird|15\/100|[from] Recoil\n|-enditem|p1b: bird|Iapapa Berry|[eat]\n|-heal|p1b: bird|48\/100|[from] item: Iapapa Berry\n|move|p2b: Stonjourner|Rock Slide|p1b: bird\n|-damage|p1b: bird|24\/100\n|\n|upkeep\n|turn|8\n|\n|t:|1682099528\n|move|p2a: Iron Bundle|Freeze-Dry|p1b: bird\n|-damage|p1b: bird|0 fnt\n|faint|p1b: bird\n|\n|win|kpopdark\n|raw|Lowquality29's rating: 1097 → 1073<\/strong> (-24 for losing)\n|raw|kpopdark's rating: 1106 → 1130<\/strong> (+24 for winning)\n|l|\u2606Lowquality29\n","uploadtime":1682099535,"views":8,"p1id":"lowquality29","p2id":"kpopdark","formatid":"gen9vgc2023regulationc","rating":1073,"private":0,"password":""}