{"id":"gen9vgc2023regulationc-1849092344","p1":"VGCmenxinya","p2":"BenzHopes","format":"[Gen 9] VGC 2023 Regulation C","log":"|j|\u2606VGCmenxinya\n|j|\u2606BenzHopes\n|t:|1682153813\n|gametype|doubles\n|player|p1|VGCmenxinya|hilbert-wonderlauncher|1000\n|player|p2|BenzHopes|1|1000\n|teamsize|p1|6\n|teamsize|p2|6\n|gen|9\n|tier|[Gen 9] VGC 2023 Regulation C\n|rated|\n|rule|Species Clause: Limit one of each Pok\u00e9mon\n|rule|Item Clause: Limit one of each item\n|clearpoke\n|poke|p1|Amoonguss, L50, M|\n|poke|p1|Arcanine, L50, F|\n|poke|p1|Palafin, L50, M|\n|poke|p1|Flutter Mane, L50|\n|poke|p1|Ting-Lu, L50|\n|poke|p1|Baxcalibur, L50, M|\n|poke|p2|Torkoal, L50, M|\n|poke|p2|Armarouge, L50, F|\n|poke|p2|Indeedee-F, L50, F|\n|poke|p2|Garganacl, L50, F|\n|poke|p2|Arboliva, L50, M|\n|poke|p2|Kingambit, L50, F|\n|teampreview|4\n|inactive|Battle timer is ON: inactive players will automatically lose when time's up. (requested by BenzHopes)\n|inactive|VGCmenxinya has 60 seconds left.\n|\n|t:|1682153884\n|start\n|switch|p1a: Flutter Mane|Flutter Mane, L50|100\/100\n|switch|p1b: Ting-Lu|Ting-Lu, L50|100\/100\n|switch|p2a: Indeedee|Indeedee-F, L50, F|100\/100\n|switch|p2b: Torkoal|Torkoal, L50, M|100\/100\n|-fieldstart|move: Psychic Terrain|[from] ability: Psychic Surge|[of] p2a: Indeedee\n|-enditem|p2a: Indeedee|Psychic Seed\n|-boost|p2a: Indeedee|spd|1|[from] item: Psychic Seed\n|-ability|p1b: Ting-Lu|Vessel of Ruin\n|-weather|SunnyDay|[from] ability: Drought|[of] p2b: Torkoal\n|-activate|p1a: Flutter Mane|ability: Protosynthesis\n|-start|p1a: Flutter Mane|protosynthesisspe\n|turn|1\n|inactive|VGCmenxinya has 30 seconds left.\n|inactive|BenzHopes has 30 seconds left.\n|inactive|VGCmenxinya has 20 seconds left.\n|inactive|BenzHopes has 20 seconds left.\n|\n|t:|1682153921\n|-terastallize|p1a: Flutter Mane|Fairy\n|move|p1a: Flutter Mane|Dazzling Gleam|p2b: Torkoal|[spread] p2a,p2b\n|-resisted|p2b: Torkoal\n|-damage|p2a: Indeedee|79\/100\n|-damage|p2b: Torkoal|71\/100\n|move|p1b: Ting-Lu|Stomping Tantrum|p2b: Torkoal\n|-supereffective|p2b: Torkoal\n|-damage|p2b: Torkoal|29\/100\n|move|p2b: Torkoal|Overheat|p1a: Flutter Mane\n|-damage|p1a: Flutter Mane|30\/100\n|-unboost|p2b: Torkoal|spa|2\n|-enditem|p2b: Torkoal|Eject Pack\n|\n|t:|1682153935\n|switch|p2b: Kingambit|Kingambit, L50, F|100\/100\n|move|p2a: Indeedee|Trick Room|p2a: Indeedee\n|-fieldstart|move: Trick Room|[of] p2a: Indeedee\n|\n|-weather|SunnyDay|[upkeep]\n|upkeep\n|turn|2\n|inactive|VGCmenxinya has 30 seconds left.\n|\n|t:|1682153963\n|-end|p1a: Flutter Mane|Protosynthesis|[silent]\n|switch|p1a: Amoonguss|Amoonguss, L50, M|100\/100\n|move|p2a: Indeedee|Follow Me|p2a: Indeedee\n|-singleturn|p2a: Indeedee|move: Follow Me\n|move|p1b: Ting-Lu|Stomping Tantrum|p2a: Indeedee\n|-damage|p2a: Indeedee|42\/100\n|move|p2b: Kingambit|Iron Head|p1b: Ting-Lu\n|-damage|p1b: Ting-Lu|69\/100\n|-damage|p2b: Kingambit|91\/100|[from] item: Life Orb\n|\n|-weather|SunnyDay|[upkeep]\n|-heal|p1b: Ting-Lu|75\/100|[from] item: Leftovers\n|upkeep\n|turn|3\n|inactive|VGCmenxinya has 30 seconds left.\n|inactive|BenzHopes has 30 seconds left.\n|inactive|VGCmenxinya has 20 seconds left.\n|\n|t:|1682154002\n|switch|p2a: Arboliva|Arboliva, L50, M|100\/100\n|move|p1a: Amoonguss|Spore|p2b: Kingambit\n|-status|p2b: Kingambit|slp|[from] move: Spore\n|move|p1b: Ting-Lu|Stomping Tantrum|p2b: Kingambit\n|-supereffective|p2b: Kingambit\n|-damage|p2b: Kingambit|49\/100 slp\n|cant|p2b: Kingambit|slp\n|\n|-weather|SunnyDay|[upkeep]\n|-heal|p1b: Ting-Lu|81\/100|[from] item: Leftovers\n|upkeep\n|turn|4\n|inactive|BenzHopes has 30 seconds left.\n|\n|t:|1682154031\n|move|p1a: Amoonguss|Rage Powder|p1a: Amoonguss\n|-singleturn|p1a: Amoonguss|move: Rage Powder\n|move|p2a: Arboliva|Weather Ball|p1a: Amoonguss\n|-supereffective|p1a: Amoonguss\n|-damage|p1a: Amoonguss|40\/100\n|-enditem|p1a: Amoonguss|Sitrus Berry|[eat]\n|-heal|p1a: Amoonguss|65\/100|[from] item: Sitrus Berry\n|move|p1b: Ting-Lu|Stomping Tantrum|p2b: Kingambit\n|-supereffective|p2b: Kingambit\n|-damage|p2b: Kingambit|11\/100 slp\n|cant|p2b: Kingambit|slp\n|\n|-weather|SunnyDay|[upkeep]\n|-heal|p1b: Ting-Lu|87\/100|[from] item: Leftovers\n|upkeep\n|turn|5\n|\n|t:|1682154052\n|move|p1a: Amoonguss|Protect|p1a: Amoonguss\n|-singleturn|p1a: Amoonguss|Protect\n|move|p2a: Arboliva|Solar Beam||[still]\n|-prepare|p2a: Arboliva|Solar Beam\n|-anim|p2a: Arboliva|Solar Beam|p1b: Ting-Lu\n|-supereffective|p1b: Ting-Lu\n|-damage|p1b: Ting-Lu|34\/100\n|move|p1b: Ting-Lu|Stomping Tantrum|p2b: Kingambit\n|-supereffective|p2b: Kingambit\n|-damage|p2b: Kingambit|0 fnt\n|faint|p2b: Kingambit\n|\n|-weather|none\n|-heal|p1b: Ting-Lu|40\/100|[from] item: Leftovers\n|-fieldend|move: Trick Room\n|-fieldend|move: Psychic Terrain\n|upkeep\n|\n|t:|1682154064\n|switch|p2b: Torkoal|Torkoal, L50, M|29\/100\n|-weather|SunnyDay|[from] ability: Drought|[of] p2b: Torkoal\n|turn|6\n|inactive|VGCmenxinya has 30 seconds left.\n|inactive|VGCmenxinya has 20 seconds left.\n|\n|t:|1682154102\n|move|p1a: Amoonguss|Rage Powder|p1a: Amoonguss\n|-singleturn|p1a: Amoonguss|move: Rage Powder\n|move|p1b: Ting-Lu|Stomping Tantrum|p2b: Torkoal\n|-supereffective|p2b: Torkoal\n|-crit|p2b: Torkoal\n|-damage|p2b: Torkoal|0 fnt\n|faint|p2b: Torkoal\n|move|p2a: Arboliva|Solar Beam||[still]\n|-prepare|p2a: Arboliva|Solar Beam\n|-anim|p2a: Arboliva|Solar Beam|p1b: Ting-Lu\n|-supereffective|p1b: Ting-Lu\n|-damage|p1b: Ting-Lu|0 fnt\n|faint|p1b: Ting-Lu\n|\n|-weather|SunnyDay|[upkeep]\n|upkeep\n|\n|t:|1682154118\n|switch|p1b: Baxcalibur|Baxcalibur, L50, M, shiny|100\/100\n|switch|p2b: Indeedee|Indeedee-F, L50, F|42\/100\n|-fieldstart|move: Psychic Terrain|[from] ability: Psychic Surge|[of] p2b: Indeedee\n|turn|7\n|\n|t:|1682154136\n|move|p2b: Indeedee|Fake Out|p1b: Baxcalibur\n|-activate|p1b: Baxcalibur|move: Psychic Terrain\n|move|p1b: Baxcalibur|Icicle Crash|p2a: Arboliva\n|-supereffective|p2a: Arboliva\n|-damage|p2a: Arboliva|0 fnt\n|faint|p2a: Arboliva\n|move|p1a: Amoonguss|Pollen Puff|p1b: Baxcalibur\n|-immune|p1b: Baxcalibur\n|\n|-weather|SunnyDay|[upkeep]\n|upkeep\n|turn|8\n|-message|BenzHopes forfeited.\n|\n|win|VGCmenxinya\n|raw|VGCmenxinya's rating: 1000 → 1040<\/strong> (+40 for winning)\n|raw|BenzHopes's rating: 1000 → 1000<\/strong> (+0 for losing)\n|l|\u2606BenzHopes\n","uploadtime":1682154152,"views":12,"p1id":"vgcmenxinya","p2id":"benzhopes","formatid":"gen9vgc2023regulationc","rating":1000,"private":0,"password":""}