{"id":"gen9vgc2023regulationc-1860649640","p1":"WillieDangerously","p2":"pazzoscassato","format":"[Gen 9] VGC 2023 Regulation C","log":"|j|\u2606WillieDangerously\n|j|\u2606pazzoscassato\n|t:|1683662491\n|gametype|doubles\n|player|p1|WillieDangerously|psychic-gen4|1218\n|player|p2|pazzoscassato|biker|1203\n|teamsize|p1|6\n|teamsize|p2|6\n|gen|9\n|tier|[Gen 9] VGC 2023 Regulation C\n|rated|\n|rule|Species Clause: Limit one of each Pok\u00e9mon\n|rule|Item Clause: Limit one of each item\n|clearpoke\n|poke|p1|Gholdengo, L50|\n|poke|p1|Wo-Chien, L50|\n|poke|p1|Iron Bundle, L50|\n|poke|p1|Dragapult, L50, F|\n|poke|p1|Hippowdon, L50, M|\n|poke|p1|Glimmora, L50, F|\n|poke|p2|Chi-Yu, L50|\n|poke|p2|Flutter Mane, L50|\n|poke|p2|Talonflame, L50, F|\n|poke|p2|Arcanine, L50, M|\n|poke|p2|Great Tusk, L50|\n|poke|p2|Palafin, L50, M|\n|teampreview|4\n|inactive|Battle timer is ON: inactive players will automatically lose when time's up. (requested by pazzoscassato)\n|inactive|WillieDangerously has 60 seconds left.\n|inactive|pazzoscassato has 60 seconds left.\n|\n|t:|1683662538\n|start\n|switch|p1a: Glimmora|Glimmora, L50, F|100\/100\n|switch|p1b: Iron Bundle|Iron Bundle, L50|100\/100\n|switch|p2a: Avdol|Talonflame, L50, F, shiny|100\/100\n|switch|p2b: Joseph|Great Tusk, L50, shiny|100\/100\n|-enditem|p1b: Iron Bundle|Booster Energy\n|-activate|p1b: Iron Bundle|ability: Quark Drive|[fromitem]\n|-start|p1b: Iron Bundle|quarkdrivespe\n|turn|1\n|inactive|pazzoscassato has 30 seconds left.\n|inactive|WillieDangerously has 30 seconds left.\n|\n|t:|1683662576\n|-terastallize|p2b: Joseph|Ground\n|-terastallize|p1a: Glimmora|Grass\n|move|p2a: Avdol|Tailwind|p2a: Avdol\n|-sidestart|p2: pazzoscassato|move: Tailwind\n|move|p2b: Joseph|Earthquake|p1a: Glimmora|[spread] p1a,p1b\n|-immune|p2a: Avdol\n|-resisted|p1a: Glimmora\n|-crit|p1a: Glimmora\n|-damage|p1a: Glimmora|39\/100\n|-damage|p1b: Iron Bundle|16\/100\n|-activate|p1a: Glimmora|ability: Toxic Debris\n|-sidestart|p2: pazzoscassato|move: Toxic Spikes\n|move|p1b: Iron Bundle|Icy Wind|p2a: Avdol|[spread] p2a,p2b\n|-supereffective|p2b: Joseph\n|-damage|p2a: Avdol|73\/100\n|-damage|p2b: Joseph|43\/100\n|-unboost|p2b: Joseph|spe|1\n|move|p1a: Glimmora|Mortal Spin|p2a: Avdol|[spread] p2a,p2b\n|-resisted|p2b: Joseph\n|-damage|p2a: Avdol|67\/100\n|-damage|p2b: Joseph|41\/100\n|-status|p2b: Joseph|psn\n|\n|-damage|p2b: Joseph|29\/100 psn|[from] psn\n|upkeep\n|turn|2\n|inactive|WillieDangerously has 30 seconds left.\n|inactive|pazzoscassato has 30 seconds left.\n|inactive|WillieDangerously has 20 seconds left.\n|inactive|WillieDangerously has 15 seconds left.\n|inactive|WillieDangerously has 10 seconds left.\n|\n|t:|1683662625\n|move|p1b: Iron Bundle|Protect|p1b: Iron Bundle\n|-singleturn|p1b: Iron Bundle|Protect\n|move|p2a: Avdol|Brave Bird|p1b: Iron Bundle\n|-activate|p1b: Iron Bundle|move: Protect\n|move|p2b: Joseph|Earthquake|p1a: Glimmora|[spread] p1a\n|-activate|p1b: Iron Bundle|move: Protect\n|-immune|p2a: Avdol\n|-resisted|p1a: Glimmora\n|-damage|p1a: Glimmora|0 fnt\n|-activate|p1a: Glimmora|ability: Toxic Debris\n|-sidestart|p2: pazzoscassato|move: Toxic Spikes\n|faint|p1a: Glimmora\n|\n|-damage|p2b: Joseph|17\/100 psn|[from] psn\n|upkeep\n|\n|t:|1683662645\n|switch|p1a: Hippowdon|Hippowdon, L50, M|100\/100\n|-weather|Sandstorm|[from] ability: Sand Stream|[of] p1a: Hippowdon\n|turn|3\n|inactive|pazzoscassato has 30 seconds left.\n|\n|t:|1683662674\n|-end|p2b: Joseph|Protosynthesis|[silent]\n|switch|p2b: Iggy|Arcanine, L50, M|100\/100\n|-status|p2b: Iggy|tox\n|-ability|p2b: Iggy|Intimidate|boost\n|-unboost|p1a: Hippowdon|atk|1\n|-unboost|p1b: Iron Bundle|atk|1\n|move|p2a: Avdol|Brave Bird|p1b: Iron Bundle\n|-damage|p1b: Iron Bundle|0 fnt\n|faint|p1b: Iron Bundle\n|-end|p1b: Iron Bundle|Quark Drive|[silent]\n|-damage|p2a: Avdol|62\/100|[from] Recoil\n|move|p1a: Hippowdon|Yawn|p2a: Avdol\n|-start|p2a: Avdol|move: Yawn|[of] p1a: Hippowdon\n|\n|-weather|Sandstorm|[upkeep]\n|-damage|p2a: Avdol|56\/100|[from] Sandstorm\n|-damage|p2b: Iggy|94\/100 tox|[from] psn\n|upkeep\n|\n|t:|1683662693\n|switch|p1b: Gholdengo|Gholdengo, L50|100\/100\n|turn|4\n|\n|t:|1683662710\n|move|p1b: Gholdengo|Protect|p1b: Gholdengo\n|-singleturn|p1b: Gholdengo|Protect\n|move|p2a: Avdol|Taunt|p1a: Hippowdon\n|-start|p1a: Hippowdon|move: Taunt\n|move|p2b: Iggy|Flare Blitz|p1b: Gholdengo\n|-activate|p1b: Gholdengo|move: Protect\n|cant|p1a: Hippowdon|move: Taunt|Stealth Rock\n|\n|-weather|Sandstorm|[upkeep]\n|-damage|p2a: Avdol|50\/100|[from] Sandstorm\n|-damage|p2b: Iggy|82\/100 tox|[from] psn\n|-end|p2a: Avdol|move: Yawn|[silent]\n|-status|p2a: Avdol|slp\n|-sideend|p2: pazzoscassato|move: Tailwind\n|upkeep\n|turn|5\n|\n|t:|1683662733\n|cant|p2a: Avdol|slp\n|move|p1b: Gholdengo|Nasty Plot|p1b: Gholdengo\n|-boost|p1b: Gholdengo|spa|2\n|move|p2b: Iggy|Flare Blitz|p1b: Gholdengo\n|-supereffective|p1b: Gholdengo\n|-damage|p1b: Gholdengo|0 fnt\n|faint|p1b: Gholdengo\n|-damage|p2b: Iggy|51\/100 tox|[from] Recoil\n|move|p1a: Hippowdon|Sand Tomb|p2b: Iggy\n|-supereffective|p2b: Iggy\n|-damage|p2b: Iggy|32\/100 tox\n|-activate|p2b: Iggy|move: Sand Tomb|[of] p1a: Hippowdon\n|\n|-weather|Sandstorm|[upkeep]\n|-damage|p2a: Avdol|44\/100 slp|[from] Sandstorm\n|-damage|p2b: Iggy|14\/100 tox|[from] psn\n|-damage|p2b: Iggy|2\/100 tox|[from] move: Sand Tomb|[partiallytrapped]\n|upkeep\n|turn|6\n|inactive|WillieDangerously has 30 seconds left.\n|inactive|pazzoscassato has 30 seconds left.\n|\n|t:|1683662761\n|cant|p2a: Avdol|slp\n|move|p2b: Iggy|Flare Blitz|p1a: Hippowdon\n|-damage|p1a: Hippowdon|68\/100\n|-damage|p2b: Iggy|0 fnt|[from] Recoil\n|faint|p2b: Iggy\n|move|p1a: Hippowdon|Sand Tomb|p2a: Avdol\n|-immune|p2a: Avdol\n|\n|-weather|Sandstorm|[upkeep]\n|-damage|p2a: Avdol|38\/100 slp|[from] Sandstorm\n|-end|p1a: Hippowdon|move: Taunt\n|upkeep\n|\n|t:|1683662783\n|switch|p2b: Jotaro|Palafin, L50, M, shiny|100\/100\n|-status|p2b: Jotaro|tox\n|turn|7\n|\n|t:|1683662797\n|-curestatus|p2a: Avdol|slp|[msg]\n|move|p2a: Avdol|Tailwind|p2a: Avdol\n|-sidestart|p2: pazzoscassato|move: Tailwind\n|move|p2b: Jotaro|Wave Crash|p1a: Hippowdon\n|-supereffective|p1a: Hippowdon\n|-damage|p1a: Hippowdon|0 fnt\n|faint|p1a: Hippowdon\n|-damage|p2b: Jotaro|77\/100 tox|[from] Recoil\n|\n|win|pazzoscassato\n|raw|WillieDangerously's rating: 1218 → 1192<\/strong> (-26 for losing)\n|raw|pazzoscassato's rating: 1203 → 1229<\/strong> (+26 for winning)\n","uploadtime":1683662803,"views":12,"p1id":"williedangerously","p2id":"pazzoscassato","formatid":"gen9vgc2023regulationc","rating":1192,"private":0,"password":""}