{"id":"gen9vgc2023regulationc-1848580457","p1":"BMDL_Champ_Phenix","p2":"Brawlicjon","format":"[Gen 9] VGC 2023 Regulation C","log":"|j|\u2606BMDL_Champ_Phenix\n|j|\u2606Brawlicjon\n|t:|1682091739\n|gametype|doubles\n|player|p1|BMDL_Champ_Phenix|steven|\n|player|p2|Brawlicjon|101|\n|teamsize|p1|6\n|teamsize|p2|6\n|gen|9\n|tier|[Gen 9] VGC 2023 Regulation C\n|rule|Species Clause: Limit one of each Pok\u00e9mon\n|rule|Item Clause: Limit one of each item\n|clearpoke\n|poke|p1|Iron Valiant, L50|\n|poke|p1|Skeledirge, L50, M|\n|poke|p1|Farigiraf, L50, M|\n|poke|p1|Tinkaton, L50, F|\n|poke|p1|Mudsdale, L50, F|\n|poke|p1|Morgrem, L50, M|\n|poke|p2|Maushold-Four, L50|\n|poke|p2|Annihilape, L50, M|\n|poke|p2|Flutter Mane, L50|\n|poke|p2|Amoonguss, L50, F|\n|poke|p2|Palossand, L50, M|\n|poke|p2|Scizor, L50, M|\n|teampreview|4\n|c|\u2606Brawlicjon|ok we make like 3 rooms?\n|c|\u2606BMDL_Champ_Phenix|yep\n|c|\u2606BMDL_Champ_Phenix|Game 1\n|c|\u2606BMDL_Champ_Phenix|Okay Glhf\n|c|\u2606Brawlicjon|lmaoo ok so we go here\n|c|\u2606BMDL_Champ_Phenix|yep\n|c|\u2606BMDL_Champ_Phenix|this is the game 1 game\n|c|\u2606Brawlicjon|yess u too glhf\n|\n|t:|1682091854\n|start\n|switch|p1a: Melman|Farigiraf, L50, M|100\/100\n|switch|p1b: YOLO|Morgrem, L50, M|100\/100\n|switch|p2a: HE HOLDS|Maushold-Four, L50|100\/100\n|switch|p2b: #7 lol|Flutter Mane, L50|100\/100\n|turn|1\n|\n|t:|1682091889\n|-terastallize|p2a: HE HOLDS|Ghost\n|move|p1b: YOLO|Reflect|p1b: YOLO\n|-sidestart|p1: BMDL_Champ_Phenix|Reflect\n|move|p2b: #7 lol|Dazzling Gleam|p1b: YOLO|[spread] p1a,p1b\n|-supereffective|p1b: YOLO\n|-damage|p1a: Melman|62\/100\n|-damage|p1b: YOLO|50\/100\n|move|p2a: HE HOLDS|Population Bomb|p1a: Melman\n|-damage|p1a: Melman|56\/100\n|-damage|p1a: Melman|50\/100\n|-damage|p1a: Melman|45\/100\n|-damage|p1a: Melman|38\/100\n|-damage|p1a: Melman|32\/100\n|-damage|p1a: Melman|26\/100\n|-damage|p1a: Melman|20\/100\n|-damage|p1a: Melman|15\/100\n|-damage|p1a: Melman|9\/100\n|-damage|p1a: Melman|3\/100\n|-hitcount|p1a: Melman|10\n|move|p1a: Melman|Trick Room|p1a: Melman\n|-fieldstart|move: Trick Room|[of] p1a: Melman\n|\n|upkeep\n|turn|2\n|c|\u2606Brawlicjon|wow lmaoo\n|\n|t:|1682091921\n|move|p2a: HE HOLDS|Follow Me|p2a: HE HOLDS\n|-singleturn|p2a: HE HOLDS|move: Follow Me\n|move|p1a: Melman|Dazzling Gleam|p2b: #7 lol|[spread] p2a,p2b\n|-damage|p2a: HE HOLDS|75\/100\n|-damage|p2b: #7 lol|83\/100\n|move|p1b: YOLO|Dark Pulse|p2a: HE HOLDS\n|-supereffective|p2a: HE HOLDS\n|-damage|p2a: HE HOLDS|19\/100\n|move|p2b: #7 lol|Dazzling Gleam|p1a: Melman|[spread] p1a,p1b\n|-supereffective|p1b: YOLO\n|-damage|p1a: Melman|0 fnt\n|-damage|p1b: YOLO|4\/100\n|faint|p1a: Melman\n|\n|upkeep\n|\n|t:|1682091933\n|switch|p1a: Applejack|Mudsdale, L50, F|100\/100\n|turn|3\n|\n|t:|1682091944\n|-end|p2b: #7 lol|Protosynthesis|[silent]\n|switch|p2b: Puff Puff Pass|Amoonguss, L50, F|100\/100\n|-terastallize|p1a: Applejack|Steel\n|move|p2a: HE HOLDS|Protect|p2a: HE HOLDS\n|-singleturn|p2a: HE HOLDS|Protect\n|move|p1b: YOLO|Light Screen|p1b: YOLO\n|-sidestart|p1: BMDL_Champ_Phenix|move: Light Screen\n|move|p1a: Applejack|Heavy Slam|p2b: Puff Puff Pass\n|-damage|p2b: Puff Puff Pass|56\/100\n|\n|upkeep\n|turn|4\n|\n|t:|1682091961\n|move|p2a: HE HOLDS|Follow Me|p2a: HE HOLDS\n|-singleturn|p2a: HE HOLDS|move: Follow Me\n|move|p1a: Applejack|Heavy Slam|p2a: HE HOLDS\n|-damage|p2a: HE HOLDS|0 fnt\n|faint|p2a: HE HOLDS\n|move|p2b: Puff Puff Pass|Spore|p1a: Applejack\n|-status|p1a: Applejack|slp|[from] move: Spore\n|move|p1b: YOLO|Dark Pulse|p2b: Puff Puff Pass\n|-damage|p2b: Puff Puff Pass|38\/100\n|-enditem|p2b: Puff Puff Pass|Sitrus Berry|[eat]\n|-heal|p2b: Puff Puff Pass|62\/100|[from] item: Sitrus Berry\n|\n|upkeep\n|\n|t:|1682091978\n|switch|p2a: Shore Thing|Palossand, L50, M|100\/100\n|turn|5\n|\n|t:|1682091996\n|cant|p1a: Applejack|slp\n|move|p2b: Puff Puff Pass|Pollen Puff|p1b: YOLO\n|-damage|p1b: YOLO|0 fnt\n|faint|p1b: YOLO\n|move|p2a: Shore Thing|Earth Power|p1a: Applejack\n|-supereffective|p1a: Applejack\n|-damage|p1a: Applejack|69\/100 slp\n|-ability|p1a: Applejack|Stamina|boost\n|-boost|p1a: Applejack|def|1\n|\n|-sideend|p1: BMDL_Champ_Phenix|Reflect\n|-fieldend|move: Trick Room\n|upkeep\n|\n|t:|1682092007\n|switch|p1b: Sans|Skeledirge, L50, M|100\/100\n|turn|6\n|\n|t:|1682092041\n|move|p1b: Sans|Protect|p1b: Sans\n|-singleturn|p1b: Sans|Protect\n|move|p2b: Puff Puff Pass|Protect|p2b: Puff Puff Pass\n|-singleturn|p2b: Puff Puff Pass|Protect\n|move|p2a: Shore Thing|Shadow Ball|p1b: Sans\n|-activate|p1b: Sans|move: Protect\n|-curestatus|p1a: Applejack|slp|[msg]\n|move|p1a: Applejack|Heavy Slam|p2b: Puff Puff Pass\n|-activate|p2b: Puff Puff Pass|move: Protect\n|\n|upkeep\n|turn|7\n|\n|t:|1682092071\n|move|p1b: Sans|Shadow Ball|p2a: Shore Thing\n|-supereffective|p2a: Shore Thing\n|-damage|p2a: Shore Thing|35\/100\n|move|p2a: Shore Thing|Earth Power|p1a: Applejack\n|-supereffective|p1a: Applejack\n|-damage|p1a: Applejack|32\/100\n|-unboost|p1a: Applejack|spd|1\n|-ability|p1a: Applejack|Stamina|boost\n|-boost|p1a: Applejack|def|1\n|move|p2b: Puff Puff Pass|Spore|p1b: Sans\n|-status|p1b: Sans|slp|[from] move: Spore\n|move|p1a: Applejack|Heavy Slam|p2b: Puff Puff Pass\n|-damage|p2b: Puff Puff Pass|2\/100\n|\n|-sideend|p1: BMDL_Champ_Phenix|move: Light Screen\n|upkeep\n|turn|8\n|\n|t:|1682092095\n|cant|p1b: Sans|slp\n|move|p2a: Shore Thing|Earth Power|p1b: Sans\n|-supereffective|p1b: Sans\n|-damage|p1b: Sans|23\/100 slp\n|move|p2b: Puff Puff Pass|Spore|p1a: Applejack\n|-status|p1a: Applejack|slp|[from] move: Spore\n|cant|p1a: Applejack|slp\n|\n|upkeep\n|turn|9\n|c|\u2606BMDL_Champ_Phenix|Jon theres a sleep clause XD\n|\n|t:|1682092130\n|move|p2b: Puff Puff Pass|Rage Powder|p2b: Puff Puff Pass\n|-singleturn|p2b: Puff Puff Pass|move: Rage Powder\n|-curestatus|p1b: Sans|slp|[msg]\n|move|p1b: Sans|Shadow Ball|p2b: Puff Puff Pass\n|-damage|p2b: Puff Puff Pass|0 fnt\n|faint|p2b: Puff Puff Pass\n|move|p2a: Shore Thing|Earth Power|p1b: Sans\n|-supereffective|p1b: Sans\n|-crit|p1b: Sans\n|-damage|p1b: Sans|0 fnt\n|faint|p1b: Sans\n|-curestatus|p1a: Applejack|slp|[msg]\n|move|p1a: Applejack|High Horsepower|p2a: Shore Thing\n|-damage|p2a: Shore Thing|0 fnt\n|faint|p2a: Shore Thing\n|\n|upkeep\n|c|\u2606Brawlicjon|wait wha\n|c|\u2606BMDL_Champ_Phenix|yeah\n|c|\u2606BMDL_Champ_Phenix|theres a SLeep clause XD\n|\n|t:|1682092157\n|switch|p2b: #7 lol|Flutter Mane, L50|83\/100\n|turn|10\n|c|\u2606Brawlicjon|what does that mean lmaoo i cant use spore?\n|\n|t:|1682092180\n|move|p2b: #7 lol|Shadow Ball|p1a: Applejack\n|-damage|p1a: Applejack|0 fnt\n|faint|p1a: Applejack\n|\n|win|Brawlicjon\n|c|\u2606BMDL_Champ_Phenix|you can use spore but you can only put 1 mon to sleep\n|c|\u2606BMDL_Champ_Phenix|you put both dirge and sdale to sleep\n|c|\u2606Brawlicjon|ohh , so what happens? i mean horse was 2nd one asleep i wud have just pollen puffed the sand then\n|c|\u2606Brawlicjon|i didnt know\n|c|\u2606Brawlicjon|i do have puff tho if u want to see\n|c|\u2606BMDL_Champ_Phenix|I'll message fate now if hes on and see what he says\n","uploadtime":1682092365,"views":10,"p1id":"bmdlchampphenix","p2id":"brawlicjon","formatid":"gen9vgc2023regulationc","rating":0,"private":0,"password":""}