{"id":"gen9vgc2023regulationc-1854532159","p1":"NicoHaxVGC","p2":"mazyvgc","format":"[Gen 9] VGC 2023 Regulation C","log":"|j|\u2606NicoHaxVGC\n|j|\u2606mazyvgc\n|t:|1682823168\n|gametype|doubles\n|player|p1|NicoHaxVGC|red|1380\n|player|p2|mazyvgc|acetrainerf-gen4dp|1357\n|teamsize|p1|6\n|teamsize|p2|6\n|gen|9\n|tier|[Gen 9] VGC 2023 Regulation C\n|rated|\n|rule|Species Clause: Limit one of each Pok\u00e9mon\n|rule|Item Clause: Limit one of each item\n|clearpoke\n|poke|p1|Corviknight, L50, F|\n|poke|p1|Ting-Lu, L50|\n|poke|p1|Annihilape, L50, M|\n|poke|p1|Amoonguss, L50, F|\n|poke|p1|Iron Bundle, L50|\n|poke|p1|Flutter Mane, L50|\n|poke|p2|Rotom-Wash, L50|\n|poke|p2|Garchomp, L50, M|\n|poke|p2|Flutter Mane, L50|\n|poke|p2|Arcanine, L50, F|\n|poke|p2|Amoonguss, L50, M|\n|poke|p2|Corviknight, L50, F|\n|teampreview|4\n|inactive|Battle timer is ON: inactive players will automatically lose when time's up. (requested by NicoHaxVGC)\n|inactive|NicoHaxVGC has 60 seconds left.\n|\n|t:|1682823208\n|start\n|switch|p1a: Star fire|Flutter Mane, L50|100\/100\n|switch|p1b: Cyborg|Iron Bundle, L50|100\/100\n|switch|p2a: Rotom|Rotom-Wash, L50, shiny|100\/100\n|switch|p2b: Garchomp|Garchomp, L50, M|100\/100\n|-enditem|p1b: Cyborg|Booster Energy\n|-activate|p1b: Cyborg|ability: Quark Drive|[fromitem]\n|-start|p1b: Cyborg|quarkdrivespe\n|turn|1\n|inactive|mazyvgc has 30 seconds left.\n|\n|t:|1682823235\n|-terastallize|p1a: Star fire|Fairy\n|move|p1b: Cyborg|Icy Wind|p2b: Garchomp|[spread] p2a,p2b\n|-resisted|p2a: Rotom\n|-supereffective|p2b: Garchomp\n|-damage|p2a: Rotom|93\/100\n|-damage|p2b: Garchomp|26\/100\n|-unboost|p2a: Rotom|spe|1\n|-unboost|p2b: Garchomp|spe|1\n|move|p1a: Star fire|Dazzling Gleam|p2a: Rotom|[spread] p2a,p2b\n|-supereffective|p2b: Garchomp\n|-damage|p2a: Rotom|44\/100\n|-damage|p2b: Garchomp|0 fnt\n|-enditem|p2a: Rotom|Sitrus Berry|[eat]\n|-heal|p2a: Rotom|69\/100|[from] item: Sitrus Berry\n|faint|p2b: Garchomp\n|move|p2a: Rotom|Discharge|p1b: Cyborg|[spread] p1a,p1b\n|-supereffective|p1b: Cyborg\n|-damage|p1a: Star fire|81\/100\n|-damage|p1b: Cyborg|17\/100\n|\n|upkeep\n|\n|t:|1682823245\n|switch|p2b: Flutter Mane|Flutter Mane, L50|100\/100\n|turn|2\n|\n|t:|1682823261\n|-terastallize|p2b: Flutter Mane|Fairy\n|move|p1b: Cyborg|Icy Wind|p2a: Rotom|[spread] p2a,p2b\n|-resisted|p2a: Rotom\n|-damage|p2a: Rotom|61\/100\n|-damage|p2b: Flutter Mane|81\/100\n|-unboost|p2a: Rotom|spe|1\n|-unboost|p2b: Flutter Mane|spe|1\n|move|p1a: Star fire|Dazzling Gleam|p2b: Flutter Mane|[spread] p2a,p2b\n|-damage|p2a: Rotom|11\/100\n|-damage|p2b: Flutter Mane|18\/100\n|move|p2b: Flutter Mane|Dazzling Gleam|p1a: Star fire|[spread] p1a,p1b\n|-damage|p1a: Star fire|46\/100\n|-damage|p1b: Cyborg|0 fnt\n|faint|p1b: Cyborg\n|-end|p1b: Cyborg|Quark Drive|[silent]\n|move|p2a: Rotom|Hydro Pump|p1a: Star fire|[miss]\n|-miss|p2a: Rotom|p1a: Star fire\n|\n|upkeep\n|\n|t:|1682823283\n|switch|p1b: Robin|Annihilape, L50, M|100\/100\n|turn|3\n|\n|t:|1682823290\n|move|p1a: Star fire|Dazzling Gleam|p2a: Rotom|[spread] p2a,p2b\n|-damage|p2a: Rotom|0 fnt\n|-damage|p2b: Flutter Mane|0 fnt\n|faint|p2a: Rotom\n|faint|p2b: Flutter Mane\n|-end|p2b: Flutter Mane|Protosynthesis|[silent]\n|move|p1b: Robin|Bulk Up|p1b: Robin\n|-boost|p1b: Robin|atk|1\n|-boost|p1b: Robin|def|1\n|\n|upkeep\n|\n|t:|1682823293\n|switch|p2b: Corviknight|Corviknight, L50, F, shiny|100\/100\n|turn|4\n|\n|t:|1682823304\n|-end|p1a: Star fire|Protosynthesis|[silent]\n|switch|p1a: Raven|Corviknight, L50, F|100\/100\n|move|p1b: Robin|Bulk Up|p1b: Robin\n|-boost|p1b: Robin|atk|1\n|-boost|p1b: Robin|def|1\n|move|p2b: Corviknight|Brave Bird|p1a: Raven\n|-resisted|p1a: Raven\n|-damage|p1a: Raven|86\/100\n|-damage|p2b: Corviknight|96\/100|[from] Recoil\n|\n|upkeep\n|turn|5\n|\n|t:|1682823319\n|move|p1b: Robin|Bulk Up|p1b: Robin\n|-boost|p1b: Robin|atk|1\n|-boost|p1b: Robin|def|1\n|move|p1a: Raven|Iron Head|p2b: Corviknight\n|-resisted|p2b: Corviknight\n|-damage|p2b: Corviknight|87\/100\n|move|p2b: Corviknight|Brave Bird|p1b: Robin\n|-supereffective|p1b: Robin\n|-damage|p1b: Robin|69\/100\n|-damage|p2b: Corviknight|76\/100|[from] Recoil\n|\n|-heal|p1b: Robin|75\/100|[from] item: Leftovers\n|upkeep\n|turn|6\n|-message|mazyvgc forfeited.\n|\n|win|NicoHaxVGC\n|raw|NicoHaxVGC's rating: 1380 → 1399<\/strong> (+19 for winning)\n|raw|mazyvgc's rating: 1357 → 1338<\/strong> (-19 for losing)\n|l|\u2606mazyvgc\n","uploadtime":1682823334,"views":21,"p1id":"nicohaxvgc","p2id":"mazyvgc","formatid":"gen9vgc2023regulationc","rating":1338,"private":0,"password":""}