{"id":"gen9vgc2023regulationc-1862740549","p1":"bambambi","p2":"garfieldslaya","format":"[Gen 9] VGC 2023 Regulation C","log":"|j|\u2606bambambi\n|j|\u2606garfieldslaya\n|t:|1683917140\n|gametype|doubles\n|player|p1|bambambi|wallace-gen6|\n|player|p2|garfieldslaya|jasmine|\n|teamsize|p1|6\n|teamsize|p2|6\n|gen|9\n|tier|[Gen 9] VGC 2023 Regulation C\n|rule|Species Clause: Limit one of each Pok\u00e9mon\n|rule|Item Clause: Limit one of each item\n|clearpoke\n|poke|p1|Flutter Mane, L50|\n|poke|p1|Gothitelle, L50, F|\n|poke|p1|Scream Tail, L50|\n|poke|p1|Chi-Yu, L50|\n|poke|p1|Murkrow, L50, M|\n|poke|p1|Great Tusk, L50|\n|poke|p2|Amoonguss, L50, M|\n|poke|p2|Flutter Mane, L50|\n|poke|p2|Arcanine, L50, M|\n|poke|p2|Baxcalibur, L50, F|\n|poke|p2|Ting-Lu, L50|\n|poke|p2|Palafin, L50, F|\n|teampreview|4\ngarfieldslaya has agreed to open team sheets.\nbambambi has agreed to open team sheets.\n|inactive|Battle timer is ON: inactive players will automatically lose when time's up. (requested by bambambi)\n|c|\u2606bambambi|GL HF\n|inactive|garfieldslaya has 60 seconds left.\n|inactive|garfieldslaya has 30 seconds left.\n|\n|t:|1683917225\n|start\n|switch|p1a: Mr. God|Murkrow, L50, M, shiny|100\/100\n|switch|p1b: Great Tusk|Great Tusk, L50|100\/100\n|switch|p2a: Flutter Mane|Flutter Mane, L50|100\/100\n|switch|p2b: Palafin|Palafin, L50, F|100\/100\n|-enditem|p2a: Flutter Mane|Booster Energy\n|-activate|p2a: Flutter Mane|ability: Protosynthesis|[fromitem]\n|-start|p2a: Flutter Mane|protosynthesisspa\n|turn|1\n|c|\u2606garfieldslaya|u2\n|inactive|bambambi has 30 seconds left.\n|inactive|garfieldslaya has 30 seconds left.\n|inactive|bambambi has 20 seconds left.\n|inactive|garfieldslaya has 20 seconds left.\n|inactive|bambambi has 15 seconds left.\n|inactive|garfieldslaya has 15 seconds left.\n|inactive|bambambi has 10 seconds left.\n|\n|t:|1683917274\n|-terastallize|p2b: Palafin|Water\n|move|p1a: Mr. God|Sunny Day|p1a: Mr. God\n|-weather|SunnyDay\n|-activate|p1b: Great Tusk|ability: Protosynthesis\n|-start|p1b: Great Tusk|protosynthesisatk\n|move|p2b: Palafin|Jet Punch|p1b: Great Tusk\n|-supereffective|p1b: Great Tusk\n|-damage|p1b: Great Tusk|75\/100\n|move|p1b: Great Tusk|Earthquake|p2b: Palafin|[spread] p2a,p2b\n|-immune|p1a: Mr. God\n|-damage|p2a: Flutter Mane|0 fnt\n|-damage|p2b: Palafin|47\/100\n|faint|p2a: Flutter Mane\n|-end|p2a: Flutter Mane|Protosynthesis|[silent]\n|\n|-weather|SunnyDay|[upkeep]\n|upkeep\n|\n|t:|1683917287\n|switch|p2a: Baxcalibur|Baxcalibur, L50, F|100\/100\n|turn|2\n|\n|t:|1683917307\n|detailschange|p2b: Palafin|Palafin-Hero, L50, F, tera:Water\n|switch|p2b: Ting-Lu|Ting-Lu, L50|100\/100\n|-ability|p2b: Ting-Lu|Vessel of Ruin\n|-terastallize|p1b: Great Tusk|Fire\n|move|p1b: Great Tusk|Earthquake|p2a: Baxcalibur|[spread] p2a,p2b\n|-immune|p1a: Mr. God\n|-damage|p2a: Baxcalibur|59\/100\n|-damage|p2b: Ting-Lu|74\/100\n|move|p1a: Mr. God|Foul Play|p2a: Baxcalibur\n|-damage|p2a: Baxcalibur|7\/100\n|move|p2a: Baxcalibur|Icicle Crash|p1b: Great Tusk\n|-resisted|p1b: Great Tusk\n|-damage|p1b: Great Tusk|56\/100\n|\n|-weather|SunnyDay|[upkeep]\n|-heal|p2b: Ting-Lu|80\/100|[from] item: Leftovers\n|upkeep\n|turn|3\n|\n|t:|1683917325\n|move|p2a: Baxcalibur|Protect|p2a: Baxcalibur\n|-singleturn|p2a: Baxcalibur|Protect\n|move|p1b: Great Tusk|Earthquake|p2b: Ting-Lu|[spread] p2b\n|-activate|p2a: Baxcalibur|move: Protect\n|-immune|p1a: Mr. God\n|-damage|p2b: Ting-Lu|51\/100\n|move|p1a: Mr. God|Foul Play|p2b: Ting-Lu\n|-resisted|p2b: Ting-Lu\n|-damage|p2b: Ting-Lu|40\/100\n|move|p2b: Ting-Lu|Stomping Tantrum|p1b: Great Tusk\n|-supereffective|p1b: Great Tusk\n|-damage|p1b: Great Tusk|7\/100\n|\n|-weather|SunnyDay|[upkeep]\n|-heal|p2b: Ting-Lu|47\/100|[from] item: Leftovers\n|upkeep\n|turn|4\n|\n|t:|1683917347\n|move|p2a: Baxcalibur|Ice Shard|p1b: Great Tusk\n|-resisted|p1b: Great Tusk\n|-damage|p1b: Great Tusk|0 fnt\n|faint|p1b: Great Tusk\n|-end|p1b: Great Tusk|Protosynthesis|[silent]\n|move|p1a: Mr. God|Foul Play|p2b: Ting-Lu\n|-resisted|p2b: Ting-Lu\n|-damage|p2b: Ting-Lu|37\/100\n|move|p2b: Ting-Lu|Heavy Slam|p1a: Mr. God\n|-damage|p1a: Mr. God|56\/100\n|\n|-weather|SunnyDay|[upkeep]\n|-heal|p2b: Ting-Lu|43\/100|[from] item: Leftovers\n|upkeep\n|\n|t:|1683917354\n|switch|p1b: Pearls|Flutter Mane, L50, shiny|100\/100\n|-activate|p1b: Pearls|ability: Protosynthesis\n|-start|p1b: Pearls|protosynthesisspe\n|turn|5\n|inactive|garfieldslaya has 30 seconds left.\n|\n|t:|1683917379\n|move|p2b: Ting-Lu|Protect|p2b: Ting-Lu\n|-singleturn|p2b: Ting-Lu|Protect\n|move|p1a: Mr. God|Tailwind|p1a: Mr. God\n|-sidestart|p1: bambambi|move: Tailwind\n|move|p2a: Baxcalibur|Ice Shard|p1b: Pearls\n|-damage|p1b: Pearls|42\/100\n|move|p1b: Pearls|Dazzling Gleam|p2b: Ting-Lu|[spread] p2a\n|-activate|p2b: Ting-Lu|move: Protect\n|-supereffective|p2a: Baxcalibur\n|-damage|p2a: Baxcalibur|0 fnt\n|faint|p2a: Baxcalibur\n|\n|-weather|none\n|-end|p1b: Pearls|Protosynthesis\n|-heal|p2b: Ting-Lu|49\/100|[from] item: Leftovers\n|upkeep\n|\n|t:|1683917387\n|switch|p2a: Palafin|Palafin-Hero, L50, F, tera:Water|47\/100\n|-activate|p2a: Palafin|ability: Zero to Hero\n|turn|6\n|\n|t:|1683917396\n|move|p1a: Mr. God|Sunny Day|p1a: Mr. God\n|-weather|SunnyDay\n|-activate|p1b: Pearls|ability: Protosynthesis\n|-start|p1b: Pearls|protosynthesisspe\n|move|p2a: Palafin|Jet Punch|p1b: Pearls\n|-damage|p1b: Pearls|0 fnt\n|faint|p1b: Pearls\n|-end|p1b: Pearls|Protosynthesis|[silent]\n|move|p2b: Ting-Lu|Heavy Slam|p1a: Mr. God\n|-damage|p1a: Mr. God|10\/100\n|\n|-weather|SunnyDay|[upkeep]\n|-heal|p2b: Ting-Lu|56\/100|[from] item: Leftovers\n|upkeep\n|\n|t:|1683917403\n|switch|p1b: Chi-Chi|Chi-Yu, L50|100\/100\n|-ability|p1b: Chi-Chi|Beads of Ruin\n|turn|7\n|c|\u2606bambambi|oops\n|c|\u2606bambambi|wrong chi yu\n|inactive|garfieldslaya has 30 seconds left.\n|c|\u2606bambambi|this isnt the one i had in mind\n|inactive|garfieldslaya has 20 seconds left.\n|inactive|garfieldslaya has 15 seconds left.\n|\n|t:|1683917448\n|move|p2a: Palafin|Jet Punch|p1b: Chi-Chi\n|-supereffective|p1b: Chi-Chi\n|-damage|p1b: Chi-Chi|24\/100\n|move|p1b: Chi-Chi|Flamethrower|p2a: Palafin\n|-resisted|p2a: Palafin\n|-damage|p2a: Palafin|20\/100\n|move|p1a: Mr. God|Foul Play|p2a: Palafin\n|-damage|p2a: Palafin|0 fnt\n|faint|p2a: Palafin\n|move|p2b: Ting-Lu|Heavy Slam|p1a: Mr. God\n|-damage|p1a: Mr. God|0 fnt\n|faint|p1a: Mr. God\n|\n|-weather|SunnyDay|[upkeep]\n|-heal|p2b: Ting-Lu|62\/100|[from] item: Leftovers\n|upkeep\n|turn|8\n|c|\u2606bambambi|i need to look for the one i got the 1400 with really quick\n|\n|t:|1683917462\n|move|p1b: Chi-Chi|Flamethrower|p2b: Ting-Lu\n|-damage|p2b: Ting-Lu|27\/100\n|move|p2b: Ting-Lu|Stomping Tantrum|p1b: Chi-Chi\n|-supereffective|p1b: Chi-Chi\n|-damage|p1b: Chi-Chi|0 fnt\n|faint|p1b: Chi-Chi\n|\n|win|garfieldslaya\n|c|\u2606garfieldslaya|gg\n|c|\u2606bambambi|gg\n|l|\u2606bambambi\n","uploadtime":1683917487,"views":11,"p1id":"bambambi","p2id":"garfieldslaya","formatid":"gen9vgc2023regulationc","rating":0,"private":0,"password":""}