{"id":"gen9vgc2023regulationc-1850772568","p1":"ryanogiggs11","p2":"Gemstone Bandits","format":"[Gen 9] VGC 2023 Regulation C","log":"|j|\u2606ryanogiggs11\n|j|\u2606Gemstone Bandits\n|t:|1682366450\n|gametype|doubles\n|player|p1|ryanogiggs11|dawn|\n|player|p2|Gemstone Bandits|shadowtriad|\n|teamsize|p1|6\n|teamsize|p2|6\n|gen|9\n|tier|[Gen 9] VGC 2023 Regulation C\n|rule|Species Clause: Limit one of each Pok\u00e9mon\n|rule|Item Clause: Limit one of each item\n|clearpoke\n|poke|p1|Annihilape, L50, F|\n|poke|p1|Vivillon-Icy Snow, L50, M|\n|poke|p1|Dondozo, L50, M|\n|poke|p1|Tatsugiri, L50, F|\n|poke|p1|Flamigo, L50, M|\n|poke|p1|Weavile, L50, M|\n|poke|p2|Tyranitar, L50, F|\n|poke|p2|Garchomp, L50, F|\n|poke|p2|Gengar, L50, M|\n|poke|p2|Sandy Shocks, L50|\n|poke|p2|Orthworm, L50, M|\n|poke|p2|Jumpluff, L50, M|\n|teampreview|4\n|c|\u2606Gemstone Bandits|G3\n|inactive|Battle timer is ON: inactive players will automatically lose when time's up. (requested by Gemstone Bandits)\n|\n|t:|1682367076\n|start\n|switch|p1a: Annihilape|Annihilape, L50, F|100\/100\n|switch|p1b: Weavile|Weavile, L50, M|100\/100\n|switch|p2a: Tyranitar|Tyranitar, L50, F|100\/100\n|switch|p2b: Garchomp|Garchomp, L50, F|100\/100\n|-weather|Sandstorm|[from] ability: Sand Stream|[of] p2a: Tyranitar\n|turn|1\n|inactive|ryanogiggs11 has 30 seconds left.\n|inactive|Gemstone Bandits has 30 seconds left.\n|inactive|ryanogiggs11 has 20 seconds left.\n|inactive|ryanogiggs11 has 15 seconds left.\n|inactive|ryanogiggs11 has 10 seconds left.\n|\n|t:|1682367121\n|-terastallize|p2a: Tyranitar|Flying\n|move|p1b: Weavile|Fake Out|p2a: Tyranitar\n|-damage|p2a: Tyranitar|90\/100\n|move|p2b: Garchomp|Earthquake|p1a: Annihilape|[spread] p1a,p1b\n|-immune|p2a: Tyranitar\n|-damage|p1a: Annihilape|71\/100\n|-damage|p1b: Weavile|53\/100\n|move|p1a: Annihilape|Drain Punch|p2a: Tyranitar\n|-resisted|p2a: Tyranitar\n|-damage|p2a: Tyranitar|75\/100\n|-heal|p1a: Annihilape|78\/100|[from] drain|[of] p2a: Tyranitar\n|cant|p2a: Tyranitar|flinch\n|\n|-weather|Sandstorm|[upkeep]\n|-damage|p1b: Weavile|48\/100|[from] Sandstorm\n|-damage|p1a: Annihilape|72\/100|[from] Sandstorm\n|-damage|p2a: Tyranitar|70\/100|[from] Sandstorm\n|upkeep\n|turn|2\n|inactive|ryanogiggs11 has 30 seconds left.\n|inactive|Gemstone Bandits has 30 seconds left.\n|inactive|ryanogiggs11 has 20 seconds left.\n|\n|t:|1682367161\n|-terastallize|p1a: Annihilape|Fairy\n|move|p2a: Tyranitar|Protect|p2a: Tyranitar\n|-singleturn|p2a: Tyranitar|Protect\n|move|p1b: Weavile|Ice Spinner|p2a: Tyranitar\n|-activate|p2a: Tyranitar|move: Protect\n|move|p2b: Garchomp|Earthquake|p1a: Annihilape|[spread] p1a,p1b\n|-activate|p2a: Tyranitar|move: Protect\n|-damage|p1a: Annihilape|44\/100\n|-damage|p1b: Weavile|0 fnt\n|faint|p1b: Weavile\n|move|p1a: Annihilape|Rest|p1a: Annihilape\n|-status|p1a: Annihilape|slp|[from] move: Rest\n|-heal|p1a: Annihilape|100\/100 slp|[silent]\n|-enditem|p1a: Annihilape|Chesto Berry|[eat]\n|-curestatus|p1a: Annihilape|slp|[msg]\n|\n|-weather|Sandstorm|[upkeep]\n|-damage|p1a: Annihilape|94\/100|[from] Sandstorm\n|-damage|p2a: Tyranitar|64\/100|[from] Sandstorm\n|upkeep\n|\n|t:|1682367176\n|switch|p1b: Dondozo|Dondozo, L50, M|100\/100\n|turn|3\n|inactive|Gemstone Bandits has 30 seconds left.\n|inactive|Gemstone Bandits has 20 seconds left.\n|inactive|Gemstone Bandits has 15 seconds left.\n|inactive|Gemstone Bandits has 10 seconds left.\n|\n|t:|1682367221\n|move|p1b: Dondozo|Protect|p1b: Dondozo\n|-singleturn|p1b: Dondozo|Protect\n|move|p2b: Garchomp|Outrage|p1b: Dondozo\n|-activate|p1b: Dondozo|move: Protect\n|move|p1a: Annihilape|Rage Fist|p2a: Tyranitar\n|-damage|p2a: Tyranitar|6\/100\n|move|p2a: Tyranitar|Thunder Wave|p1a: Annihilape\n|-status|p1a: Annihilape|par\n|\n|-weather|Sandstorm|[upkeep]\n|-damage|p2a: Tyranitar|0 fnt|[from] Sandstorm\n|-damage|p1a: Annihilape|88\/100 par|[from] Sandstorm\n|-damage|p1b: Dondozo|94\/100|[from] Sandstorm\n|faint|p2a: Tyranitar\n|-heal|p1b: Dondozo|100\/100|[from] item: Leftovers\n|upkeep\n|\n|t:|1682367239\n|switch|p2a: Gengar|Gengar, L50, M|100\/100\n|turn|4\n|inactive|ryanogiggs11 has 30 seconds left.\n|inactive|ryanogiggs11 has 20 seconds left.\n|inactive|ryanogiggs11 has 15 seconds left.\n|inactive|ryanogiggs11 has 10 seconds left.\n|\n|t:|1682367288\n|switch|p1a: Tatsugiri|Tatsugiri, L50, F|100\/100\n|-activate|p1a: Tatsugiri|ability: Commander|[of] p1b: Dondozo\n|-boost|p1b: Dondozo|atk|2\n|-boost|p1b: Dondozo|spa|2\n|-boost|p1b: Dondozo|spe|2\n|-boost|p1b: Dondozo|def|2\n|-boost|p1b: Dondozo|spd|2\n|move|p2a: Gengar|Sludge Bomb|p1a: Tatsugiri|[miss]\n|-miss|p2a: Gengar|p1a: Tatsugiri\n|move|p2b: Garchomp|Outrage|p1a: Tatsugiri|[miss]\n|-miss|p2b: Garchomp|p1a: Tatsugiri\n|move|p1b: Dondozo|Wave Crash|p2a: Gengar\n|-damage|p2a: Gengar|0 fnt\n|faint|p2a: Gengar\n|-damage|p1b: Dondozo|78\/100|[from] Recoil\n|\n|-weather|Sandstorm|[upkeep]\n|-damage|p1a: Tatsugiri|95\/100|[from] Sandstorm\n|-damage|p1b: Dondozo|72\/100|[from] Sandstorm\n|-heal|p1b: Dondozo|78\/100|[from] item: Leftovers\n|upkeep\n|\n|t:|1682367302\n|switch|p2a: Sandy Shocks|Sandy Shocks, L50|100\/100\n|turn|5\n|\n|t:|1682367315\n|move|p2a: Sandy Shocks|Discharge|p1b: Dondozo|[spread] p1b\n|-miss|p2a: Sandy Shocks|p1a: Tatsugiri\n|-immune|p2b: Garchomp\n|-supereffective|p1b: Dondozo\n|-damage|p1b: Dondozo|42\/100\n|move|p2b: Garchomp|Outrage|p1a: Tatsugiri|[miss]\n|-miss|p2b: Garchomp|p1a: Tatsugiri\n|move|p1b: Dondozo|Wave Crash|p2a: Sandy Shocks\n|-supereffective|p2a: Sandy Shocks\n|-crit|p2a: Sandy Shocks\n|-damage|p2a: Sandy Shocks|0 fnt\n|faint|p2a: Sandy Shocks\n|-end|p2a: Sandy Shocks|Protosynthesis|[silent]\n|-damage|p1b: Dondozo|17\/100|[from] Recoil\n|\n|-weather|none\n|-heal|p1b: Dondozo|24\/100|[from] item: Leftovers\n|upkeep\n|turn|6\n|\n|t:|1682367331\n|move|p1b: Dondozo|Protect|p1b: Dondozo\n|-singleturn|p1b: Dondozo|Protect\n|move|p2b: Garchomp|Outrage|p1a: Tatsugiri|[miss]\n|-miss|p2b: Garchomp|p1a: Tatsugiri\n|\n|-heal|p1b: Dondozo|30\/100|[from] item: Leftovers\n|upkeep\n|turn|7\n|\n|t:|1682367342\n|move|p2b: Garchomp|Outrage|p1b: Dondozo\n|-damage|p1b: Dondozo|11\/100\n|move|p1b: Dondozo|Order Up|p2b: Garchomp\n|-supereffective|p2b: Garchomp\n|-damage|p2b: Garchomp|14\/100\n|-boost|p1b: Dondozo|atk|1\n|\n|-heal|p1b: Dondozo|17\/100|[from] item: Leftovers\n|upkeep\n|turn|8\n|\n|t:|1682367356\n|move|p1b: Dondozo|Protect|p1b: Dondozo\n|-singleturn|p1b: Dondozo|Protect\n|move|p2b: Garchomp|Outrage|p1b: Dondozo|[from]lockedmove\n|-activate|p1b: Dondozo|move: Protect\n|\n|-heal|p1b: Dondozo|24\/100|[from] item: Leftovers\n|upkeep\n|turn|9\n|\n|t:|1682367365\n|move|p2b: Garchomp|Outrage|p1b: Dondozo\n|-damage|p1b: Dondozo|5\/100\n|move|p1b: Dondozo|Order Up|p2b: Garchomp\n|-supereffective|p2b: Garchomp\n|-damage|p2b: Garchomp|0 fnt\n|faint|p2b: Garchomp\n|\n|win|ryanogiggs11\n|c|\u2606ryanogiggs11|gg man\n|c|\u2606Gemstone Bandits|gg\n|l|\u2606Gemstone Bandits\n","uploadtime":1682367496,"views":40,"p1id":"ryanogiggs11","p2id":"gemstonebandits","formatid":"gen9vgc2023regulationc","rating":0,"private":0,"password":""}