{"id":"gen9vgc2023regulationc-1854867413","p1":"entitysardo992","p2":"Kenepa21","format":"[Gen 9] VGC 2023 Regulation C","log":"|j|\u2606entitysardo992\n|j|\u2606Kenepa21\n|t:|1682875059\n|gametype|doubles\n|player|p1|entitysardo992|169|1352\n|player|p2|Kenepa21|lucas|1427\n|teamsize|p1|6\n|teamsize|p2|6\n|gen|9\n|tier|[Gen 9] VGC 2023 Regulation C\n|rated|\n|rule|Species Clause: Limit one of each Pok\u00e9mon\n|rule|Item Clause: Limit one of each item\n|clearpoke\n|poke|p1|Chien-Pao, L50|\n|poke|p1|Dragapult, L50, M|\n|poke|p1|Volcarona, L50, F|\n|poke|p1|Flutter Mane, L50|\n|poke|p1|Azumarill, L50, M|\n|poke|p1|Amoonguss, L50, F|\n|poke|p2|Skeledirge, L50, M|\n|poke|p2|Maushold-Four, L50|\n|poke|p2|Palafin, L50, F|\n|poke|p2|Roaring Moon, L50|\n|poke|p2|Florges-Blue, L50, F|\n|poke|p2|Corviknight, L50, M|\n|teampreview|4\nKenepa21 has agreed to open team sheets.\n|\n|t:|1682875097\n|start\n|switch|p1a: Chien-Pao|Chien-Pao, L50|100\/100\n|switch|p1b: Dragapult|Dragapult, L50, M|100\/100\n|switch|p2a: Skeledirge|Skeledirge, L50, M|100\/100\n|switch|p2b: Maushold|Maushold-Four, L50|100\/100\n|-ability|p1a: Chien-Pao|Sword of Ruin\n|turn|1\n|\n|t:|1682875119\n|move|p1a: Chien-Pao|Protect|p1a: Chien-Pao\n|-singleturn|p1a: Chien-Pao|Protect\n|move|p2b: Maushold|Follow Me|p2b: Maushold\n|-singleturn|p2b: Maushold|move: Follow Me\n|move|p1b: Dragapult|Phantom Force||[still]\n|-prepare|p1b: Dragapult|Phantom Force\n|move|p2a: Skeledirge|Torch Song|p1b: Dragapult|[miss]\n|-miss|p2a: Skeledirge|p1b: Dragapult\n|\n|upkeep\n|turn|2\n|\n|t:|1682875140\n|move|p2b: Maushold|Follow Me|p2b: Maushold\n|-singleturn|p2b: Maushold|move: Follow Me\n|move|p1b: Dragapult|Phantom Force|p2b: Maushold|[from]lockedmove\n|-immune|p2b: Maushold\n|move|p1a: Chien-Pao|Sacred Sword|p2b: Maushold\n|-supereffective|p2b: Maushold\n|-damage|p2b: Maushold|0 fnt\n|faint|p2b: Maushold\n|move|p2a: Skeledirge|Shadow Ball|p1b: Dragapult\n|-supereffective|p1b: Dragapult\n|-damage|p1b: Dragapult|0 fnt\n|faint|p1b: Dragapult\n|\n|upkeep\n|\n|t:|1682875153\n|switch|p1b: Azumarill|Azumarill, L50, M|100\/100\n|switch|p2b: Roaring Moon|Roaring Moon, L50|100\/100\n|-enditem|p2b: Roaring Moon|Booster Energy\n|-activate|p2b: Roaring Moon|ability: Protosynthesis|[fromitem]\n|-start|p2b: Roaring Moon|protosynthesisspe\n|turn|3\n|\n|t:|1682875169\n|-terastallize|p2a: Skeledirge|Water\n|move|p2b: Roaring Moon|Protect|p2b: Roaring Moon\n|-singleturn|p2b: Roaring Moon|Protect\n|move|p1a: Chien-Pao|Ice Spinner|p2b: Roaring Moon\n|-activate|p2b: Roaring Moon|move: Protect\n|move|p2a: Skeledirge|Torch Song|p1a: Chien-Pao\n|-supereffective|p1a: Chien-Pao\n|-enditem|p1a: Chien-Pao|Focus Sash\n|-damage|p1a: Chien-Pao|1\/100\n|-boost|p2a: Skeledirge|spa|1\n|-enditem|p2a: Skeledirge|Throat Spray\n|-boost|p2a: Skeledirge|spa|1|[from] item: Throat Spray\n|move|p1b: Azumarill|Liquidation|p2a: Skeledirge\n|-resisted|p2a: Skeledirge\n|-damage|p2a: Skeledirge|67\/100\n|\n|upkeep\n|turn|4\n|\n|t:|1682875209\n|move|p1a: Chien-Pao|Sucker Punch|p2a: Skeledirge\n|-damage|p2a: Skeledirge|29\/100\n|move|p2b: Roaring Moon|Tailwind|p2b: Roaring Moon\n|-sidestart|p2: Kenepa21|move: Tailwind\n|move|p2a: Skeledirge|Shadow Ball|p1b: Azumarill\n|-damage|p1b: Azumarill|49\/100\n|-unboost|p1b: Azumarill|spd|1\n|move|p1b: Azumarill|Play Rough|p2b: Roaring Moon\n|-supereffective|p2b: Roaring Moon\n|-damage|p2b: Roaring Moon|0 fnt\n|faint|p2b: Roaring Moon\n|-end|p2b: Roaring Moon|Protosynthesis|[silent]\n|\n|upkeep\n|\n|t:|1682875216\n|switch|p2b: Corviknight|Corviknight, L50, M|100\/100\n|turn|5\n|\n|t:|1682875236\n|move|p1a: Chien-Pao|Protect|p1a: Chien-Pao\n|-singleturn|p1a: Chien-Pao|Protect\n|move|p2b: Corviknight|Brave Bird|p1a: Chien-Pao\n|-activate|p1a: Chien-Pao|move: Protect\n|move|p2a: Skeledirge|Slack Off|p2a: Skeledirge\n|-heal|p2a: Skeledirge|80\/100\n|move|p1b: Azumarill|Liquidation|p2b: Corviknight\n|-damage|p2b: Corviknight|40\/100\n|\n|upkeep\n|turn|6\n|\n|t:|1682875250\n|move|p1a: Chien-Pao|Sucker Punch|p2a: Skeledirge\n|-damage|p2a: Skeledirge|41\/100\n|move|p2b: Corviknight|Brave Bird|p1a: Chien-Pao\n|-damage|p1a: Chien-Pao|0 fnt\n|faint|p1a: Chien-Pao\n|-damage|p2b: Corviknight|40\/100|[from] Recoil\n|move|p2a: Skeledirge|Shadow Ball|p1b: Azumarill\n|-damage|p1b: Azumarill|4\/100\n|move|p1b: Azumarill|Liquidation|p2b: Corviknight\n|-damage|p2b: Corviknight|0 fnt\n|faint|p2b: Corviknight\n|\n|upkeep\n|\n|t:|1682875261\n|switch|p1a: Volcarona|Volcarona, L50, F|100\/100\n|turn|7\n|\n|t:|1682875274\n|-terastallize|p1a: Volcarona|Water\n|move|p2a: Skeledirge|Torch Song|p1b: Azumarill\n|-resisted|p1b: Azumarill\n|-damage|p1b: Azumarill|0 fnt\n|-boost|p2a: Skeledirge|spa|1\n|faint|p1b: Azumarill\n|move|p1a: Volcarona|Quiver Dance|p1a: Volcarona\n|-boost|p1a: Volcarona|spa|1\n|-boost|p1a: Volcarona|spd|1\n|-boost|p1a: Volcarona|spe|1\n|\n|-sideend|p2: Kenepa21|move: Tailwind\n|upkeep\n|turn|8\n|\n|t:|1682875282\n|move|p1a: Volcarona|Bug Buzz|p2a: Skeledirge\n|-damage|p2a: Skeledirge|1\/100\n|move|p2a: Skeledirge|Slack Off|p2a: Skeledirge\n|-heal|p2a: Skeledirge|51\/100\n|\n|upkeep\n|turn|9\n|\n|t:|1682875290\n|move|p1a: Volcarona|Bug Buzz|p2a: Skeledirge\n|-damage|p2a: Skeledirge|15\/100\n|move|p2a: Skeledirge|Slack Off|p2a: Skeledirge\n|-heal|p2a: Skeledirge|65\/100\n|\n|upkeep\n|turn|10\n|\n|t:|1682875295\n|move|p1a: Volcarona|Quiver Dance|p1a: Volcarona\n|-boost|p1a: Volcarona|spa|1\n|-boost|p1a: Volcarona|spd|1\n|-boost|p1a: Volcarona|spe|1\n|move|p2a: Skeledirge|Slack Off|p2a: Skeledirge\n|-heal|p2a: Skeledirge|100\/100\n|\n|upkeep\n|turn|11\n|\n|t:|1682875306\n|move|p1a: Volcarona|Quiver Dance|p1a: Volcarona\n|-boost|p1a: Volcarona|spa|1\n|-boost|p1a: Volcarona|spd|1\n|-boost|p1a: Volcarona|spe|1\n|move|p2a: Skeledirge|Shadow Ball|p1a: Volcarona\n|-damage|p1a: Volcarona|22\/100\n|-unboost|p1a: Volcarona|spd|1\n|\n|-heal|p1a: Volcarona|29\/100|[from] item: Leftovers\n|upkeep\n|turn|12\n|\n|t:|1682875314\n|move|p1a: Volcarona|Protect|p1a: Volcarona\n|-singleturn|p1a: Volcarona|Protect\n|move|p2a: Skeledirge|Shadow Ball|p1a: Volcarona\n|-activate|p1a: Volcarona|move: Protect\n|\n|-heal|p1a: Volcarona|35\/100|[from] item: Leftovers\n|upkeep\n|turn|13\n|\n|t:|1682875321\n|move|p1a: Volcarona|Bug Buzz|p2a: Skeledirge\n|-damage|p2a: Skeledirge|61\/100\n|move|p2a: Skeledirge|Shadow Ball|p1a: Volcarona\n|-damage|p1a: Volcarona|0 fnt\n|faint|p1a: Volcarona\n|\n|win|Kenepa21\n|raw|entitysardo992's rating: 1352 → 1336<\/strong> (-16 for losing)\n|raw|Kenepa21's rating: 1427 → 1443<\/strong> (+16 for winning)\n|l|\u2606entitysardo992\n","uploadtime":1682875329,"views":12,"p1id":"entitysardo992","p2id":"kenepa21","formatid":"gen9vgc2023regulationc","rating":1336,"private":0,"password":""}