{"id":"gen9vgc2023regulationc-1853044169","p1":"toribird21","p2":"blazikenmask97","format":"[Gen 9] VGC 2023 Regulation C","log":"|j|\u2606toribird21\n|j|\u2606blazikenmask97\n|t:|1682628813\n|gametype|doubles\n|player|p1|toribird21|169|1688\n|player|p2|blazikenmask97|101|1642\n|teamsize|p1|6\n|teamsize|p2|6\n|gen|9\n|tier|[Gen 9] VGC 2023 Regulation C\n|rated|\n|rule|Species Clause: Limit one of each Pok\u00e9mon\n|rule|Item Clause: Limit one of each item\n|clearpoke\n|poke|p1|Dragonite, L50, M|\n|poke|p1|Flutter Mane, L50|\n|poke|p1|Annihilape, L50, M|\n|poke|p1|Maushold, L50|\n|poke|p1|Ting-Lu, L50|\n|poke|p1|Amoonguss, L50, F|\n|poke|p2|Flutter Mane, L50|\n|poke|p2|Chi-Yu, L50|\n|poke|p2|Murkrow, L50, M|\n|poke|p2|Iron Bundle, L50|\n|poke|p2|Great Tusk, L50|\n|poke|p2|Amoonguss, L50, F|\n|teampreview|4\n|\n|t:|1682628879\n|start\n|switch|p1a: Dragonite|Dragonite, L50, M|100\/100\n|switch|p1b: Ting-Lu|Ting-Lu, L50|100\/100\n|switch|p2a: Murkrow|Murkrow, L50, M|100\/100\n|switch|p2b: Flutter Mane|Flutter Mane, L50|100\/100\n|-ability|p1b: Ting-Lu|Vessel of Ruin\n|turn|1\n|\n|t:|1682628933\n|-terastallize|p1a: Dragonite|Flying\n|move|p2a: Murkrow|Sunny Day|p2a: Murkrow\n|-weather|SunnyDay\n|-activate|p2b: Flutter Mane|ability: Protosynthesis\n|-start|p2b: Flutter Mane|protosynthesisspa\n|move|p2b: Flutter Mane|Dazzling Gleam|p1a: Dragonite|[spread] p1a,p1b\n|-supereffective|p1b: Ting-Lu\n|-damage|p1a: Dragonite|79\/100\n|-damage|p1b: Ting-Lu|61\/100\n|-damage|p2b: Flutter Mane|91\/100|[from] item: Life Orb\n|move|p1a: Dragonite|Tera Blast|p2a: Murkrow\n|-crit|p2a: Murkrow\n|-enditem|p2a: Murkrow|Focus Sash\n|-damage|p2a: Murkrow|1\/100\n|move|p1b: Ting-Lu|Heavy Slam|p2b: Flutter Mane\n|-supereffective|p2b: Flutter Mane\n|-damage|p2b: Flutter Mane|0 fnt\n|faint|p2b: Flutter Mane\n|-end|p2b: Flutter Mane|Protosynthesis|[silent]\n|\n|-weather|SunnyDay|[upkeep]\n|upkeep\n|\n|t:|1682628954\n|switch|p2b: Chi-Yu|Chi-Yu, L50|100\/100\n|-ability|p2b: Chi-Yu|Beads of Ruin\n|turn|2\n|\n|t:|1682628971\n|move|p2b: Chi-Yu|Protect|p2b: Chi-Yu\n|-singleturn|p2b: Chi-Yu|Protect\n|move|p1a: Dragonite|Extreme Speed|p2a: Murkrow\n|-damage|p2a: Murkrow|0 fnt\n|faint|p2a: Murkrow\n|move|p1b: Ting-Lu|Rock Tomb|p2b: Chi-Yu\n|-activate|p2b: Chi-Yu|move: Protect\n|\n|-weather|SunnyDay|[upkeep]\n|upkeep\n|j| Withoutexcuse\n|\n|t:|1682628998\n|switch|p2a: Great Tusk|Great Tusk, L50|100\/100\n|-activate|p2a: Great Tusk|ability: Protosynthesis\n|-start|p2a: Great Tusk|protosynthesisatk\n|turn|3\n|\n|t:|1682629031\n|move|p1a: Dragonite|Extreme Speed|p2b: Chi-Yu\n|-damage|p2b: Chi-Yu|60\/100\n|move|p2b: Chi-Yu|Heat Wave|p1a: Dragonite|[spread] p1a,p1b\n|-damage|p1a: Dragonite|28\/100\n|-damage|p1b: Ting-Lu|35\/100\n|move|p2a: Great Tusk|Close Combat|p1b: Ting-Lu\n|-supereffective|p1b: Ting-Lu\n|-damage|p1b: Ting-Lu|0 fnt\n|-unboost|p2a: Great Tusk|def|1\n|-unboost|p2a: Great Tusk|spd|1\n|faint|p1b: Ting-Lu\n|\n|-weather|SunnyDay|[upkeep]\n|upkeep\n|\n|t:|1682629043\n|switch|p1b: Flutter Mane|Flutter Mane, L50|100\/100\n|-activate|p1b: Flutter Mane|ability: Protosynthesis\n|-start|p1b: Flutter Mane|protosynthesisspe\n|turn|4\n|\n|t:|1682629055\n|-terastallize|p2a: Great Tusk|Steel\n|move|p2b: Chi-Yu|Protect|p2b: Chi-Yu\n|-singleturn|p2b: Chi-Yu|Protect\n|move|p1a: Dragonite|Extreme Speed|p2b: Chi-Yu\n|-activate|p2b: Chi-Yu|move: Protect\n|move|p1b: Flutter Mane|Dazzling Gleam|p2b: Chi-Yu|[spread] p2a\n|-activate|p2b: Chi-Yu|move: Protect\n|-resisted|p2a: Great Tusk\n|-damage|p2a: Great Tusk|37\/100\n|move|p2a: Great Tusk|Headlong Rush|p1b: Flutter Mane\n|-damage|p1b: Flutter Mane|0 fnt\n|-unboost|p2a: Great Tusk|def|1\n|-unboost|p2a: Great Tusk|spd|1\n|faint|p1b: Flutter Mane\n|-end|p1b: Flutter Mane|Protosynthesis|[silent]\n|\n|-weather|SunnyDay|[upkeep]\n|upkeep\n|\n|t:|1682629070\n|switch|p1b: Amoonguss|Amoonguss, L50, F|100\/100\n|turn|5\n|\n|t:|1682629091\n|move|p1b: Amoonguss|Protect|p1b: Amoonguss\n|-singleturn|p1b: Amoonguss|Protect\n|move|p1a: Dragonite|Extreme Speed|p2b: Chi-Yu\n|-damage|p2b: Chi-Yu|17\/100\n|-enditem|p2b: Chi-Yu|Sitrus Berry|[eat]\n|-heal|p2b: Chi-Yu|42\/100|[from] item: Sitrus Berry\n|move|p2b: Chi-Yu|Heat Wave|p1a: Dragonite|[spread] p1a\n|-activate|p1b: Amoonguss|move: Protect\n|-damage|p1a: Dragonite|0 fnt\n|faint|p1a: Dragonite\n|move|p2a: Great Tusk|Headlong Rush|p1b: Amoonguss\n|-activate|p1b: Amoonguss|move: Protect\n|\n|-weather|none\n|-end|p2a: Great Tusk|Protosynthesis\n|upkeep\n|turn|6\n|\n|t:|1682629112\n|move|p2b: Chi-Yu|Heat Wave|p1b: Amoonguss\n|-supereffective|p1b: Amoonguss\n|-damage|p1b: Amoonguss|0 fnt\n|faint|p1b: Amoonguss\n|\n|win|blazikenmask97\n|raw|toribird21's rating: 1688 → 1665<\/strong> (-23 for losing)\n|raw|blazikenmask97's rating: 1642 → 1665<\/strong> (+23 for winning)\n|l|\u2606toribird21\n|l|\u2606blazikenmask97\n","uploadtime":1682629636,"views":12,"p1id":"toribird21","p2id":"blazikenmask97","formatid":"gen9vgc2023regulationc","rating":1665,"private":0,"password":""}