{"id":"gen9vgc2023regulationc-1849966897","p1":"Fatedgabo","p2":"ErPaoletto","format":"[Gen 9] VGC 2023 Regulation C","log":"|j|\u2606Fatedgabo\n|j|\u2606ErPaoletto\n|t:|1682273158\n|gametype|doubles\n|player|p1|Fatedgabo|102|1119\n|player|p2|ErPaoletto|102|1035\n|teamsize|p1|6\n|teamsize|p2|6\n|gen|9\n|tier|[Gen 9] VGC 2023 Regulation C\n|rated|\n|rule|Species Clause: Limit one of each Pok\u00e9mon\n|rule|Item Clause: Limit one of each item\n|clearpoke\n|poke|p1|Lycanroc-Dusk, L50, M|\n|poke|p1|Tyranitar, L50, M|\n|poke|p1|Glimmora, L50, F|\n|poke|p1|Coalossal, L50, F|\n|poke|p1|Iron Thorns, L50|\n|poke|p1|Garganacl, L50, F|\n|poke|p2|Abomasnow, L50, F|\n|poke|p2|Cetitan, L50, F|\n|poke|p2|Tauros-Paldea-Aqua, L50, M|\n|poke|p2|Gothorita, L50, M|\n|poke|p2|Rotom-Heat, L50|\n|poke|p2|Dragonite, L50, M|\n|teampreview|4\n|inactive|Battle timer is ON: inactive players will automatically lose when time's up. (requested by ErPaoletto)\n|inactive|ErPaoletto has 60 seconds left.\n|inactive|Fatedgabo has 60 seconds left.\n|inactive|ErPaoletto has 30 seconds left.\n|\n|t:|1682273226\n|start\n|switch|p1a: Coalossal|Coalossal, L50, F|100\/100\n|switch|p1b: Garganacl|Garganacl, L50, F|100\/100\n|switch|p2a: Gothorita|Gothorita, L50, M|100\/100\n|switch|p2b: Tauros|Tauros-Paldea-Aqua, L50, M|100\/100\n|-ability|p2b: Tauros|Intimidate|boost\n|-unboost|p1a: Coalossal|atk|1\n|-unboost|p1b: Garganacl|atk|1\n|turn|1\n|\n|t:|1682273250\n|move|p2a: Gothorita|Fake Out|p1b: Garganacl\n|-resisted|p1b: Garganacl\n|-damage|p1b: Garganacl|99\/100\n|move|p2b: Tauros|Raging Bull|p1a: Coalossal\n|-supereffective|p1a: Coalossal\n|-damage|p1a: Coalossal|0 fnt\n|-damage|p2b: Tauros|84\/100|[from] item: Rocky Helmet|[of] p1a: Coalossal\n|faint|p1a: Coalossal\n|cant|p1b: Garganacl|flinch\n|\n|-heal|p1b: Garganacl|100\/100|[from] item: Leftovers\n|upkeep\n|\n|t:|1682273261\n|switch|p1a: Lycanroc|Lycanroc-Dusk, L50, M|100\/100\n|turn|2\n|\n|t:|1682273278\n|move|p2a: Gothorita|Helping Hand|p2b: Tauros\n|-singleturn|p2b: Tauros|Helping Hand|[of] p2a: Gothorita\n|move|p1a: Lycanroc|Protect|p1a: Lycanroc\n|-singleturn|p1a: Lycanroc|Protect\n|move|p2b: Tauros|Raging Bull|p1b: Garganacl\n|-supereffective|p1b: Garganacl\n|-damage|p1b: Garganacl|24\/100\n|move|p1b: Garganacl|Salt Cure|p2a: Gothorita\n|-damage|p2a: Gothorita|93\/100\n|-start|p2a: Gothorita|Salt Cure\n|\n|-heal|p1b: Garganacl|30\/100|[from] item: Leftovers\n|-damage|p2a: Gothorita|80\/100|[from] Salt Cure\n|upkeep\n|turn|3\n|\n|t:|1682273296\n|-terastallize|p1a: Lycanroc|Psychic\n|move|p1b: Garganacl|Protect|p1b: Garganacl\n|-singleturn|p1b: Garganacl|Protect\n|move|p2b: Tauros|Raging Bull|p1a: Lycanroc\n|-damage|p1a: Lycanroc|56\/100\n|move|p1a: Lycanroc|Psychic Fangs|p2b: Tauros\n|-supereffective|p2b: Tauros\n|-damage|p2b: Tauros|0 fnt\n|faint|p2b: Tauros\n|move|p2a: Gothorita|Shadow Ball|p1a: Lycanroc\n|-supereffective|p1a: Lycanroc\n|-damage|p1a: Lycanroc|7\/100\n|\n|-heal|p1b: Garganacl|36\/100|[from] item: Leftovers\n|-damage|p2a: Gothorita|68\/100|[from] Salt Cure\n|upkeep\n|\n|t:|1682273311\n|switch|p2b: Abomasnow|Abomasnow, L50, F|100\/100\n|-weather|Snow|[from] ability: Snow Warning|[of] p2b: Abomasnow\n|turn|4\n|\n|t:|1682273323\n|-terastallize|p2b: Abomasnow|Water\n|move|p2a: Gothorita|Helping Hand|p2b: Abomasnow\n|-singleturn|p2b: Abomasnow|Helping Hand|[of] p2a: Gothorita\n|move|p1a: Lycanroc|Rock Tomb|p2b: Abomasnow\n|-damage|p2b: Abomasnow|67\/100\n|-unboost|p2b: Abomasnow|spe|1\n|move|p2b: Abomasnow|Blizzard|p1b: Garganacl|[spread] p1a,p1b\n|-damage|p1a: Lycanroc|0 fnt\n|-damage|p1b: Garganacl|0 fnt\n|faint|p1a: Lycanroc\n|faint|p1b: Garganacl\n|\n|-weather|Snow|[upkeep]\n|-damage|p2a: Gothorita|56\/100|[from] Salt Cure\n|upkeep\n|\n|t:|1682273338\n|switch|p1b: Tyranitar|Tyranitar, L50, M, shiny|100\/100\n|-weather|Sandstorm|[from] ability: Sand Stream|[of] p1b: Tyranitar\n|turn|5\n|\n|t:|1682273355\n|switch|p2b: Cetitan|Cetitan, L50, F|100\/100\n|move|p1b: Tyranitar|Dark Pulse|p2b: Cetitan\n|-damage|p2b: Cetitan|76\/100\n|move|p2a: Gothorita|Shadow Ball|p1b: Tyranitar\n|-resisted|p1b: Tyranitar\n|-damage|p1b: Tyranitar|95\/100\n|\n|-weather|Sandstorm|[upkeep]\n|-damage|p2b: Cetitan|70\/100|[from] Sandstorm\n|-damage|p2a: Gothorita|50\/100|[from] Sandstorm\n|-damage|p2a: Gothorita|37\/100|[from] Salt Cure\n|upkeep\n|turn|6\n|inactive|Fatedgabo has 30 seconds left.\n|inactive|ErPaoletto has 30 seconds left.\n|inactive|Fatedgabo has 20 seconds left.\n|inactive|ErPaoletto has 20 seconds left.\n|inactive|Fatedgabo has 15 seconds left.\n|inactive|ErPaoletto has 15 seconds left.\n|inactive|ErPaoletto has 10 seconds left.\n|inactive|ErPaoletto has 5 seconds left.\n|\n|t:|1682273405\n|move|p2a: Gothorita|Helping Hand|p2b: Cetitan\n|-singleturn|p2b: Cetitan|Helping Hand|[of] p2a: Gothorita\n|move|p2b: Cetitan|Liquidation|p1b: Tyranitar\n|-supereffective|p1b: Tyranitar\n|-damage|p1b: Tyranitar|23\/100\n|-unboost|p1b: Tyranitar|def|1\n|-enditem|p1b: Tyranitar|Iapapa Berry|[eat]\n|-heal|p1b: Tyranitar|56\/100|[from] item: Iapapa Berry\n|move|p1b: Tyranitar|Dark Pulse|p2b: Cetitan\n|-damage|p2b: Cetitan|45\/100\n|\n|-weather|Sandstorm|[upkeep]\n|-damage|p2b: Cetitan|39\/100|[from] Sandstorm\n|-damage|p2a: Gothorita|31\/100|[from] Sandstorm\n|-damage|p2a: Gothorita|19\/100|[from] Salt Cure\n|upkeep\n|turn|7\n|-message|Fatedgabo forfeited.\n|\n|win|ErPaoletto\n|raw|Fatedgabo's rating: 1119 → 1088<\/strong> (-31 for losing)\n|raw|ErPaoletto's rating: 1035 → 1078<\/strong> (+43 for winning)\n|l|\u2606Fatedgabo\n","uploadtime":1682273549,"views":8,"p1id":"fatedgabo","p2id":"erpaoletto","formatid":"gen9vgc2023regulationc","rating":1078,"private":0,"password":""}