{"id":"gen9vgc2023regulationc-1846571185","p1":"give a naynay","p2":"snowscapers","format":"[Gen 9] VGC 2023 Regulation C","log":"|j|\u2606give a naynay\n|j|\u2606snowscapers\n|t:|1681852823\n|gametype|doubles\n|player|p1|give a naynay|ghetsis|1240\n|player|p2|snowscapers|clown|1316\n|teamsize|p1|6\n|teamsize|p2|6\n|gen|9\n|tier|[Gen 9] VGC 2023 Regulation C\n|rated|\n|rule|Species Clause: Limit one of each Pok\u00e9mon\n|rule|Item Clause: Limit one of each item\n|clearpoke\n|poke|p1|Armarouge, L50, M|\n|poke|p1|Indeedee-F, L50, F|\n|poke|p1|Dondozo, L50, M|\n|poke|p1|Tatsugiri, L50, M|\n|poke|p1|Palafin, L50, M|\n|poke|p1|Amoonguss, L50, M|\n|poke|p2|Klefki, L50, F|\n|poke|p2|Annihilape, L50, F|\n|poke|p2|Squawkabilly, L50, M|\n|poke|p2|Dudunsparce-*, L50, F|\n|poke|p2|Ting-Lu, L50|\n|poke|p2|Tyranitar, L50, F|\n|teampreview|4\n|inactive|Battle timer is ON: inactive players will automatically lose when time's up. (requested by snowscapers)\n|\n|t:|1681852842\n|start\n|switch|p1a: Palafin|Palafin, L50, M|100\/100\n|switch|p1b: Amoonguss|Amoonguss, L50, M|100\/100\n|switch|p2a: Klefki|Klefki, L50, F|100\/100\n|switch|p2b: Dudunsparce|Dudunsparce-Three-Segment, L50, F|100\/100\n|turn|1\n|\n|t:|1681852857\n|move|p1b: Amoonguss|Protect|p1b: Amoonguss\n|-singleturn|p1b: Amoonguss|Protect\n|move|p2a: Klefki|Thunder Wave|p1a: Palafin\n|-status|p1a: Palafin|par\n|move|p2b: Dudunsparce|Glare|p1b: Amoonguss\n|-activate|p1b: Amoonguss|move: Protect\n|move|p1a: Palafin|Flip Turn|p2b: Dudunsparce\n|-damage|p2b: Dudunsparce|76\/100\n|\n|t:|1681852870\n|detailschange|p1a: Palafin|Palafin-Hero, L50, M\n|switch|p1a: Tatsugiri|Tatsugiri, L50, M|100\/100|[from] Flip Turn\n|\n|upkeep\n|turn|2\n|\n|t:|1681852877\n|move|p2a: Klefki|Thunder Wave|p1a: Tatsugiri\n|-status|p1a: Tatsugiri|par\n|move|p2b: Dudunsparce|Glare|p1b: Amoonguss\n|-status|p1b: Amoonguss|par\n|cant|p1a: Tatsugiri|par\n|move|p1b: Amoonguss|Spore|p2a: Klefki\n|-status|p2a: Klefki|slp|[from] move: Spore\n|\n|upkeep\n|turn|3\n|\n|t:|1681852893\n|move|p1b: Amoonguss|Protect|p1b: Amoonguss\n|-singleturn|p1b: Amoonguss|Protect\n|cant|p2a: Klefki|slp\n|move|p2b: Dudunsparce|Rock Slide|p1b: Amoonguss|[spread] p1a\n|-activate|p1b: Amoonguss|move: Protect\n|-damage|p1a: Tatsugiri|77\/100 par\n|cant|p1a: Tatsugiri|flinch\n|\n|upkeep\n|turn|4\n|\n|t:|1681852914\n|cant|p2a: Klefki|slp\n|move|p2b: Dudunsparce|Rock Slide|p1b: Amoonguss|[spread] p1a,p1b\n|-damage|p1a: Tatsugiri|52\/100 par\n|-damage|p1b: Amoonguss|86\/100 par\n|cant|p1a: Tatsugiri|par\n|cant|p1b: Amoonguss|flinch\n|\n|-heal|p1b: Amoonguss|91\/100 par|[from] item: Leftovers\n|upkeep\n|turn|5\n|inactive|give a naynay has 30 seconds left.\n|inactive|give a naynay has 20 seconds left.\n|inactive|give a naynay has 15 seconds left.\n|inactive|give a naynay has 10 seconds left.\n|inactive|give a naynay has 5 seconds left.\n|\n|t:|1681852969\n|-curestatus|p2a: Klefki|slp|[msg]\n|move|p2a: Klefki|Light Screen|p2a: Klefki\n|-sidestart|p2: snowscapers|move: Light Screen\n|move|p2b: Dudunsparce|Rock Slide|p1b: Amoonguss|[spread] p1a,p1b\n|-damage|p1a: Tatsugiri|27\/100 par\n|-damage|p1b: Amoonguss|78\/100 par\n|cant|p1a: Tatsugiri|flinch\n|cant|p1b: Amoonguss|flinch\n|\n|-heal|p1b: Amoonguss|84\/100 par|[from] item: Leftovers\n|upkeep\n|turn|6\n|inactive|give a naynay has 30 seconds left.\n|inactive|give a naynay has 20 seconds left.\n|inactive|give a naynay has 15 seconds left.\n|inactive|give a naynay has 10 seconds left.\n|inactive|give a naynay has 5 seconds left.\n|\n|t:|1681853024\n|switch|p2a: Annihilape|Annihilape, L50, F|100\/100\n|move|p2b: Dudunsparce|Rock Slide|p1a: Tatsugiri|[spread] p1a,p1b\n|-damage|p1a: Tatsugiri|5\/100 par\n|-damage|p1b: Amoonguss|71\/100 par\n|cant|p1a: Tatsugiri|flinch\n|cant|p1b: Amoonguss|flinch\n|\n|-heal|p1b: Amoonguss|77\/100 par|[from] item: Leftovers\n|upkeep\n|turn|7\n|inactive|give a naynay has 30 seconds left.\n|inactive|give a naynay has 20 seconds left.\n|inactive|give a naynay has 15 seconds left.\n|inactive|give a naynay has 10 seconds left.\n|inactive|give a naynay has 5 seconds left.\n|\n|t:|1681853079\n|move|p2b: Dudunsparce|Rock Slide|p1a: Tatsugiri|[spread] p1a,p1b\n|-damage|p1a: Tatsugiri|0 fnt\n|-damage|p1b: Amoonguss|62\/100 par\n|faint|p1a: Tatsugiri\n|move|p2a: Annihilape|Bulk Up|p2a: Annihilape\n|-boost|p2a: Annihilape|atk|1\n|-boost|p2a: Annihilape|def|1\n|cant|p1b: Amoonguss|flinch\n|\n|-heal|p1b: Amoonguss|68\/100 par|[from] item: Leftovers\n|upkeep\n|inactive|give a naynay has 30 seconds left.\n|inactive|give a naynay has 20 seconds left.\n|inactive|give a naynay has 15 seconds left.\n|inactive|give a naynay has 10 seconds left.\n|inactive|give a naynay has 5 seconds left.\n|\n|t:|1681853134\n|switch|p1a: Dondozo|Dondozo, L50, M|100\/100\n|turn|8\n|inactive|give a naynay has 30 seconds left.\n|inactive|give a naynay has 20 seconds left.\n|inactive|give a naynay has 15 seconds left.\n|inactive|give a naynay has 10 seconds left.\n|inactive|give a naynay has 5 seconds left.\n|\n|t:|1681853189\n|move|p2b: Dudunsparce|Glare|p1a: Dondozo\n|-status|p1a: Dondozo|par\n|move|p2a: Annihilape|Bulk Up|p2a: Annihilape\n|-boost|p2a: Annihilape|atk|1\n|-boost|p2a: Annihilape|def|1\n|cant|p1a: Dondozo|par\n|move|p1b: Amoonguss|Spore|p2b: Dudunsparce\n|-status|p2b: Dudunsparce|slp|[from] move: Spore\n|\n|-heal|p1b: Amoonguss|74\/100 par|[from] item: Leftovers\n|upkeep\n|turn|9\n|inactive|give a naynay has 30 seconds left.\n|inactive|give a naynay has 20 seconds left.\n|inactive|give a naynay has 15 seconds left.\n|inactive|give a naynay has 10 seconds left.\n|inactive|give a naynay has 5 seconds left.\n|\n|t:|1681853244\n|switch|p2b: Squawkabilly|Squawkabilly, L50, M|100\/100\n|-ability|p2b: Squawkabilly|Intimidate|boost\n|-unboost|p1a: Dondozo|atk|1\n|-unboost|p1b: Amoonguss|atk|1\n|move|p2a: Annihilape|Protect|p2a: Annihilape\n|-singleturn|p2a: Annihilape|Protect\n|move|p1a: Dondozo|Order Up|p2b: Squawkabilly\n|-damage|p2b: Squawkabilly|70\/100\n|move|p1b: Amoonguss|Spore|p2a: Annihilape\n|-activate|p2a: Annihilape|move: Protect\n|\n|-heal|p1b: Amoonguss|80\/100 par|[from] item: Leftovers\n|upkeep\n|turn|10\n|inactive|give a naynay has 25 seconds left this turn.\n|inactive|give a naynay has 20 seconds left.\n|inactive|give a naynay has 15 seconds left.\n|inactive|give a naynay has 10 seconds left.\n|inactive|give a naynay has 5 seconds left.\n|l|\u2606give a naynay\n|inactive|give a naynay disconnected and has a minute to reconnect!\n|player|p1|\n|-message|give a naynay lost due to inactivity.\n|\n|win|snowscapers\n|raw|give a naynay's rating: 1217 → 1199<\/strong> (-18 for losing)\n|raw|snowscapers's rating: 1316 → 1330<\/strong> (+14 for winning)\n","uploadtime":1681853285,"views":13,"p1id":"giveanaynay","p2id":"snowscapers","formatid":"gen9vgc2023regulationc","rating":1199,"private":0,"password":""}