{"id":"gen9vgc2023regulationc-1846079295","p1":"MarcusLin_0130","p2":"tghdfgh","format":"[Gen 9] VGC 2023 Regulation C","log":"|j|\u2606MarcusLin_0130\n|j|\u2606tghdfgh\n|t:|1681802786\n|gametype|doubles\n|player|p1|MarcusLin_0130|gentleman-gen4|1000\n|player|p2|tghdfgh|1|1072\n|teamsize|p1|6\n|teamsize|p2|6\n|gen|9\n|tier|[Gen 9] VGC 2023 Regulation C\n|rated|\n|rule|Species Clause: Limit one of each Pok\u00e9mon\n|rule|Item Clause: Limit one of each item\n|clearpoke\n|poke|p1|Tatsugiri, L50, F|\n|poke|p1|Flutter Mane, L50|\n|poke|p1|Gothitelle, L50, F|\n|poke|p1|Dondozo, L50, M|\n|poke|p1|Gyarados, L50, M|\n|poke|p1|Salamence, L50, M|\n|poke|p2|Torkoal, L50, M|\n|poke|p2|Chi-Yu, L50|\n|poke|p2|Bronzong, L50|\n|poke|p2|Gastrodon, L50, F|\n|poke|p2|Grimmsnarl, L50, M|\n|poke|p2|Skeledirge, L50, F|\n|teampreview|4\n|\n|t:|1681802806\n|start\n|switch|p1a: Tatsugiri|Tatsugiri, L50, F|100\/100\n|switch|p1b: Flutter Mane|Flutter Mane, L50|100\/100\n|switch|p2a: Grimmsnarl|Grimmsnarl, L50, M|100\/100\n|switch|p2b: Skeledirge|Skeledirge, L50, F|100\/100\n|-enditem|p1b: Flutter Mane|Booster Energy\n|-activate|p1b: Flutter Mane|ability: Protosynthesis|[fromitem]\n|-start|p1b: Flutter Mane|protosynthesisspe\n|turn|1\n|inactive|Battle timer is ON: inactive players will automatically lose when time's up. (requested by tghdfgh)\n|inactive|MarcusLin_0130 has 60 seconds left.\n|\n|t:|1681802842\n|move|p2b: Skeledirge|Protect|p2b: Skeledirge\n|-singleturn|p2b: Skeledirge|Protect\n|move|p2a: Grimmsnarl|Trick|p1b: Flutter Mane\n|-activate|p2a: Grimmsnarl|move: Trick|[of] p1b: Flutter Mane\n|-item|p1b: Flutter Mane|Lagging Tail|[from] move: Trick\n|-enditem|p2a: Grimmsnarl|Lagging Tail|[silent]|[from] move: Trick\n|move|p1b: Flutter Mane|Shadow Ball|p2b: Skeledirge\n|-activate|p2b: Skeledirge|move: Protect\n|move|p1a: Tatsugiri|Muddy Water|p2b: Skeledirge|[spread] p2a\n|-activate|p2b: Skeledirge|move: Protect\n|-damage|p2a: Grimmsnarl|62\/100\n|\n|upkeep\n|turn|2\n|\n|t:|1681802860\n|-terastallize|p2b: Skeledirge|Fairy\n|move|p1a: Tatsugiri|Muddy Water|p2a: Grimmsnarl|[spread] p2a,p2b\n|-damage|p2a: Grimmsnarl|25\/100\n|-damage|p2b: Skeledirge|64\/100\n|-unboost|p2b: Skeledirge|accuracy|1\n|move|p2b: Skeledirge|Tera Blast|p1a: Tatsugiri|[miss]\n|-miss|p2b: Skeledirge|p1a: Tatsugiri\n|move|p2a: Grimmsnarl|Spirit Break|p1a: Tatsugiri\n|-supereffective|p1a: Tatsugiri\n|-damage|p1a: Tatsugiri|0 fnt\n|faint|p1a: Tatsugiri\n|move|p1b: Flutter Mane|Shadow Ball|p2b: Skeledirge\n|-damage|p2b: Skeledirge|13\/100\n|\n|-heal|p2b: Skeledirge|19\/100|[from] item: Leftovers\n|upkeep\n|\n|t:|1681802878\n|switch|p1a: Gothitelle|Gothitelle, L50, F|100\/100\n|turn|3\n|\n|t:|1681802891\n|move|p2b: Skeledirge|Protect|p2b: Skeledirge\n|-singleturn|p2b: Skeledirge|Protect\n|move|p1a: Gothitelle|Fake Out|p2a: Grimmsnarl\n|-damage|p2a: Grimmsnarl|18\/100\n|cant|p2a: Grimmsnarl|flinch\n|move|p1b: Flutter Mane|Memento|p2b: Skeledirge\n|-activate|p2b: Skeledirge|move: Protect\n|\n|-heal|p2b: Skeledirge|25\/100|[from] item: Leftovers\n|upkeep\n|turn|4\n|\n|t:|1681802903\n|move|p1a: Gothitelle|Protect|p1a: Gothitelle\n|-singleturn|p1a: Gothitelle|Protect\n|move|p2b: Skeledirge|Encore|p1a: Gothitelle\n|-activate|p1a: Gothitelle|move: Protect\n|move|p2a: Grimmsnarl|Spirit Break|p1b: Flutter Mane\n|-damage|p1b: Flutter Mane|12\/100\n|-unboost|p1b: Flutter Mane|spa|1\n|move|p1b: Flutter Mane|Memento|p2b: Skeledirge\n|-unboost|p2b: Skeledirge|atk|2\n|-unboost|p2b: Skeledirge|spa|2\n|faint|p1b: Flutter Mane\n|-end|p1b: Flutter Mane|Protosynthesis|[silent]\n|\n|-heal|p2b: Skeledirge|30\/100|[from] item: Leftovers\n|upkeep\n|\n|t:|1681802916\n|switch|p1b: Gyarados|Gyarados, L50, M, shiny|100\/100\n|turn|5\n|\n|t:|1681802934\n|move|p1b: Gyarados|Dragon Dance|p1b: Gyarados\n|-boost|p1b: Gyarados|atk|1\n|-boost|p1b: Gyarados|spe|1\n|move|p2b: Skeledirge|Encore|p1a: Gothitelle\n|-start|p1a: Gothitelle|Encore\n|move|p1a: Gothitelle|Protect|p1a: Gothitelle\n|-singleturn|p1a: Gothitelle|Protect\n|move|p2a: Grimmsnarl|Spirit Break|p1b: Gyarados\n|-damage|p1b: Gyarados|54\/100\n|-unboost|p1b: Gyarados|spa|1\n|\n|-heal|p2b: Skeledirge|36\/100|[from] item: Leftovers\n|upkeep\n|turn|6\n|\n|t:|1681802957\n|-terastallize|p1b: Gyarados|Ground\n|move|p2b: Skeledirge|Protect|p2b: Skeledirge\n|-singleturn|p2b: Skeledirge|Protect\n|move|p1a: Gothitelle|Protect||[still]\n|-fail|p1a: Gothitelle\n|move|p2a: Grimmsnarl|Sucker Punch|p1b: Gyarados\n|-damage|p1b: Gyarados|8\/100\n|move|p1b: Gyarados|Earthquake|p2a: Grimmsnarl|[spread] p1a,p2a\n|-activate|p2b: Skeledirge|move: Protect\n|-damage|p1a: Gothitelle|39\/100\n|-damage|p2a: Grimmsnarl|0 fnt\n|-enditem|p1a: Gothitelle|Sitrus Berry|[eat]\n|-heal|p1a: Gothitelle|64\/100|[from] item: Sitrus Berry\n|faint|p2a: Grimmsnarl\n|-ability|p1b: Gyarados|Moxie|boost\n|-boost|p1b: Gyarados|atk|1\n|\n|-heal|p2b: Skeledirge|42\/100|[from] item: Leftovers\n|upkeep\n|\n|t:|1681802975\n|switch|p2a: Bronzong|Bronzong, L50|100\/100\n|turn|7\n|\n|t:|1681802984\n|move|p1a: Gothitelle|Protect|p1a: Gothitelle\n|-singleturn|p1a: Gothitelle|Protect\n|move|p1b: Gyarados|Earthquake|p2a: Bronzong|[spread] p2b\n|-activate|p1a: Gothitelle|move: Protect\n|-immune|p2a: Bronzong|[from] ability: Levitate\n|-damage|p2b: Skeledirge|0 fnt\n|faint|p2b: Skeledirge\n|-ability|p1b: Gyarados|Moxie|boost\n|-boost|p1b: Gyarados|atk|1\n|move|p2a: Bronzong|Trick Room|p2a: Bronzong\n|-fieldstart|move: Trick Room|[of] p2a: Bronzong\n|\n|-end|p1a: Gothitelle|Encore\n|upkeep\n|\n|t:|1681802990\n|switch|p2b: Gastrodon|Gastrodon, L50, F|100\/100\n|turn|8\n|\n|t:|1681803004\n|move|p2b: Gastrodon|Protect|p2b: Gastrodon\n|-singleturn|p2b: Gastrodon|Protect\n|move|p2a: Bronzong|Body Press|p1b: Gyarados\n|-damage|p1b: Gyarados|0 fnt\n|faint|p1b: Gyarados\n|move|p1a: Gothitelle|Heal Pulse|p1: Gyarados|[notarget]\n|-fail|p1a: Gothitelle\n|\n|upkeep\n|turn|9\n|-message|MarcusLin_0130 forfeited.\n|\n|win|tghdfgh\n|raw|MarcusLin_0130's rating: 1000 → 1000<\/strong> (+0 for losing)\n|raw|tghdfgh's rating: 1072 → 1095<\/strong> (+23 for winning)\n|l|\u2606MarcusLin_0130\n","uploadtime":1681803013,"views":8,"p1id":"marcuslin0130","p2id":"tghdfgh","formatid":"gen9vgc2023regulationc","rating":1000,"private":0,"password":""}