{"id":"gen9vgc2023regulationc-1860049376","p1":"MoboyPlaysPokemon","p2":"reinii","format":"[Gen 9] VGC 2023 Regulation C","log":"|j|\u2606MoboyPlaysPokemon\n|j|\u2606reinii\n|t:|1683589255\n|gametype|doubles\n|player|p1|MoboyPlaysPokemon|170|\n|player|p2|reinii|265|\n|teamsize|p1|6\n|teamsize|p2|6\n|gen|9\n|tier|[Gen 9] VGC 2023 Regulation C\n|rule|Species Clause: Limit one of each Pok\u00e9mon\n|rule|Item Clause: Limit one of each item\n|clearpoke\n|poke|p1|Meowscarada, L50, F|\n|poke|p1|Iron Thorns, L50|\n|poke|p1|Indeedee-F, L50, F|\n|poke|p1|Bruxish, L50, M|\n|poke|p1|Toxapex, L50, M|\n|poke|p1|Kingambit, L50, M|\n|poke|p2|Annihilape, L50, F|\n|poke|p2|Venomoth, L50, F|\n|poke|p2|Florges-Yellow, L50, F|\n|poke|p2|Arcanine, L50, M|\n|poke|p2|Palafin, L50, M|\n|poke|p2|Ting-Lu, L50|\n|teampreview|4\n|\n|t:|1683589296\n|start\n|switch|p1a: Muffin Baker|Indeedee-F, L50, F|100\/100\n|switch|p1b: Ambuscade|Toxapex, L50, M, shiny|100\/100\n|switch|p2a: Palafin|Palafin, L50, M|100\/100\n|switch|p2b: Annihilape|Annihilape, L50, F|100\/100\n|-fieldstart|move: Psychic Terrain|[from] ability: Psychic Surge|[of] p1a: Muffin Baker\n|-enditem|p1a: Muffin Baker|Psychic Seed\n|-boost|p1a: Muffin Baker|spd|1|[from] item: Psychic Seed\n|turn|1\n|\n|t:|1683589325\n|detailschange|p2a: Palafin|Palafin-Hero, L50, M\n|switch|p2a: Ting-Lu|Ting-Lu, L50|100\/100\n|-ability|p2a: Ting-Lu|Vessel of Ruin\n|-enditem|p2a: Ting-Lu|Psychic Seed\n|-boost|p2a: Ting-Lu|spd|1|[from] item: Psychic Seed\n|move|p1a: Muffin Baker|Protect|p1a: Muffin Baker\n|-singleturn|p1a: Muffin Baker|Protect\n|move|p1b: Ambuscade|Baneful Bunker|p1b: Ambuscade\n|-singleturn|p1b: Ambuscade|move: Protect\n|move|p2b: Annihilape|Final Gambit|p1b: Ambuscade\n|-activate|p1b: Ambuscade|move: Protect\n|\n|upkeep\n|turn|2\n|\n|t:|1683589352\n|move|p1a: Muffin Baker|Follow Me|p1a: Muffin Baker\n|-singleturn|p1a: Muffin Baker|move: Follow Me\n|move|p2b: Annihilape|Final Gambit|p1a: Muffin Baker\n|-damage|p1a: Muffin Baker|0 fnt\n|faint|p2b: Annihilape\n|faint|p1a: Muffin Baker\n|move|p2a: Ting-Lu|Ruination|p1b: Ambuscade\n|-damage|p1b: Ambuscade|51\/100\n|move|p1b: Ambuscade|Toxic Spikes|p2a: Ting-Lu\n|-sidestart|p2: reinii|move: Toxic Spikes\n|\n|-heal|p1b: Ambuscade|57\/100|[from] item: Black Sludge\n|upkeep\n|\n|t:|1683589369\n|switch|p2b: Palafin|Palafin-Hero, L50, M|100\/100\n|switch|p1a: Fallacious Feline|Meowscarada, L50, F|100\/100\n|-status|p2b: Palafin|psn\n|-activate|p2b: Palafin|ability: Zero to Hero\n|turn|3\n|j| judevgc\n|\n|t:|1683589390\n|switch|p2b: Arcanine|Arcanine, L50, M, shiny|100\/100\n|-status|p2b: Arcanine|psn\n|-ability|p2b: Arcanine|Intimidate|boost\n|-unboost|p1a: Fallacious Feline|atk|1\n|-unboost|p1b: Ambuscade|atk|1\n|move|p1a: Fallacious Feline|Flower Trick|p2a: Ting-Lu\n|-start|p1a: Fallacious Feline|typechange|Grass|[from] ability: Protean\n|-supereffective|p2a: Ting-Lu\n|-crit|p2a: Ting-Lu\n|-damage|p2a: Ting-Lu|44\/100\n|-damage|p1a: Fallacious Feline|91\/100|[from] item: Life Orb\n|move|p2a: Ting-Lu|Body Press|p1a: Fallacious Feline\n|-damage|p1a: Fallacious Feline|58\/100\n|move|p1b: Ambuscade|Recover|p1b: Ambuscade\n|-heal|p1b: Ambuscade|100\/100\n|\n|-damage|p2b: Arcanine|88\/100 psn|[from] psn\n|upkeep\n|turn|4\n|\n|t:|1683589417\n|move|p2a: Ting-Lu|Protect|p2a: Ting-Lu\n|-singleturn|p2a: Ting-Lu|Protect\n|move|p2b: Arcanine|Flare Blitz|p1a: Fallacious Feline\n|-supereffective|p1a: Fallacious Feline\n|-damage|p1a: Fallacious Feline|0 fnt\n|faint|p1a: Fallacious Feline\n|-damage|p2b: Arcanine|72\/100 psn|[from] Recoil\n|-damage|p2b: Arcanine|62\/100 psn|[from] item: Life Orb\n|move|p1b: Ambuscade|Hydro Pump|p2b: Arcanine|[miss]\n|-miss|p1b: Ambuscade|p2b: Arcanine\n|\n|-damage|p2b: Arcanine|50\/100 psn|[from] psn\n|upkeep\n|\n|t:|1683589429\n|switch|p1a: Jade Colossus|Iron Thorns, L50|100\/100\n|turn|5\n|\n|t:|1683589455\n|-terastallize|p2b: Arcanine|Steel\n|-terastallize|p1a: Jade Colossus|Electric\n|move|p1a: Jade Colossus|Protect|p1a: Jade Colossus\n|-singleturn|p1a: Jade Colossus|Protect\n|move|p2b: Arcanine|Crunch|p1b: Ambuscade\n|-damage|p1b: Ambuscade|81\/100\n|-damage|p2b: Arcanine|40\/100 psn|[from] item: Life Orb\n|move|p2a: Ting-Lu|Body Press|p1a: Jade Colossus\n|-activate|p1a: Jade Colossus|move: Protect\n|move|p1b: Ambuscade|Toxic Spikes|p2b: Arcanine\n|-sidestart|p2: reinii|move: Toxic Spikes\n|\n|-heal|p1b: Ambuscade|86\/100|[from] item: Black Sludge\n|-damage|p2b: Arcanine|28\/100 psn|[from] psn\n|-fieldend|move: Psychic Terrain\n|upkeep\n|turn|6\n|\n|t:|1683589480\n|move|p2b: Arcanine|Flare Blitz|p1a: Jade Colossus\n|-damage|p1a: Jade Colossus|50\/100\n|-damage|p2b: Arcanine|8\/100 psn|[from] Recoil\n|-damage|p2b: Arcanine|0 fnt|[from] item: Life Orb\n|faint|p2b: Arcanine\n|move|p1a: Jade Colossus|Thunder Punch|p2a: Ting-Lu\n|-immune|p2a: Ting-Lu\n|move|p2a: Ting-Lu|Ruination|p1a: Jade Colossus\n|-damage|p1a: Jade Colossus|25\/100\n|move|p1b: Ambuscade|Hydro Pump|p2a: Ting-Lu\n|-supereffective|p2a: Ting-Lu\n|-damage|p2a: Ting-Lu|23\/100\n|\n|-heal|p1b: Ambuscade|92\/100|[from] item: Black Sludge\n|upkeep\n|\n|t:|1683589492\n|switch|p2b: Palafin|Palafin-Hero, L50, M|100\/100 psn\n|turn|7\n|\n|t:|1683589555\n|move|p1a: Jade Colossus|Protect|p1a: Jade Colossus\n|-singleturn|p1a: Jade Colossus|Protect\n|move|p2a: Ting-Lu|Protect|p2a: Ting-Lu\n|-singleturn|p2a: Ting-Lu|Protect\n|move|p2b: Palafin|Iron Head|p1a: Jade Colossus\n|-activate|p1a: Jade Colossus|move: Protect\n|move|p1b: Ambuscade|Hydro Pump|p2a: Ting-Lu\n|-activate|p2a: Ting-Lu|move: Protect\n|\n|-heal|p1b: Ambuscade|98\/100|[from] item: Black Sludge\n|-damage|p2b: Palafin|88\/100 psn|[from] psn\n|upkeep\n|turn|8\n|\n|t:|1683589575\n|move|p2b: Palafin|Iron Head|p1a: Jade Colossus\n|-resisted|p1a: Jade Colossus\n|-damage|p1a: Jade Colossus|12\/100\n|cant|p1a: Jade Colossus|flinch\n|move|p2a: Ting-Lu|Ruination|p1b: Ambuscade\n|-damage|p1b: Ambuscade|50\/100\n|move|p1b: Ambuscade|Hydro Pump|p2a: Ting-Lu|[miss]\n|-miss|p1b: Ambuscade|p2a: Ting-Lu\n|\n|-heal|p1b: Ambuscade|55\/100|[from] item: Black Sludge\n|-damage|p2b: Palafin|76\/100 psn|[from] psn\n|upkeep\n|turn|9\n|\n|t:|1683589609\n|move|p2a: Ting-Lu|Protect|p2a: Ting-Lu\n|-singleturn|p2a: Ting-Lu|Protect\n|move|p2b: Palafin|Ice Punch|p1a: Jade Colossus\n|-crit|p1a: Jade Colossus\n|-damage|p1a: Jade Colossus|0 fnt\n|faint|p1a: Jade Colossus\n|-end|p1a: Jade Colossus|Quark Drive|[silent]\n|move|p1b: Ambuscade|Hydro Pump|p2a: Ting-Lu\n|-activate|p2a: Ting-Lu|move: Protect\n|\n|-heal|p1b: Ambuscade|61\/100|[from] item: Black Sludge\n|-damage|p2b: Palafin|64\/100 psn|[from] psn\n|upkeep\n|turn|10\n|\n|t:|1683589625\n|move|p2b: Palafin|Iron Head|p1b: Ambuscade\n|-resisted|p1b: Ambuscade\n|-damage|p1b: Ambuscade|51\/100\n|move|p2a: Ting-Lu|Ruination|p1b: Ambuscade\n|-damage|p1b: Ambuscade|26\/100\n|cant|p1b: Ambuscade|flinch\n|\n|-heal|p1b: Ambuscade|32\/100|[from] item: Black Sludge\n|-damage|p2b: Palafin|52\/100 psn|[from] psn\n|upkeep\n|turn|11\n|\n|t:|1683589647\n|move|p2a: Ting-Lu|Protect|p2a: Ting-Lu\n|-singleturn|p2a: Ting-Lu|Protect\n|move|p2b: Palafin|Drain Punch|p1b: Ambuscade\n|-resisted|p1b: Ambuscade\n|-damage|p1b: Ambuscade|22\/100\n|-heal|p2b: Palafin|57\/100 psn|[from] drain|[of] p1b: Ambuscade\n|move|p1b: Ambuscade|Hydro Pump|p2a: Ting-Lu\n|-activate|p2a: Ting-Lu|move: Protect\n|\n|-heal|p1b: Ambuscade|28\/100|[from] item: Black Sludge\n|-damage|p2b: Palafin|45\/100 psn|[from] psn\n|upkeep\n|turn|12\n|\n|t:|1683589676\n|move|p1b: Ambuscade|Baneful Bunker|p1b: Ambuscade\n|-singleturn|p1b: Ambuscade|move: Protect\n|move|p2b: Palafin|Wave Crash|p1b: Ambuscade\n|-activate|p1b: Ambuscade|move: Protect\n|move|p2a: Ting-Lu|Body Press|p1b: Ambuscade\n|-activate|p1b: Ambuscade|move: Protect\n|-status|p2a: Ting-Lu|psn\n|\n|-heal|p1b: Ambuscade|34\/100|[from] item: Black Sludge\n|-damage|p2b: Palafin|33\/100 psn|[from] psn\n|-damage|p2a: Ting-Lu|11\/100 psn|[from] psn\n|upkeep\n|turn|13\n|\n|t:|1683589726\n|move|p2b: Palafin|Wave Crash|p1b: Ambuscade\n|-resisted|p1b: Ambuscade\n|-damage|p1b: Ambuscade|11\/100\n|-damage|p2b: Palafin|26\/100 psn|[from] Recoil\n|move|p2a: Ting-Lu|Body Press|p1b: Ambuscade\n|-resisted|p1b: Ambuscade\n|-damage|p1b: Ambuscade|2\/100\n|move|p1b: Ambuscade|Recover|p1b: Ambuscade\n|-heal|p1b: Ambuscade|53\/100\n|\n|-heal|p1b: Ambuscade|58\/100|[from] item: Black Sludge\n|-damage|p2b: Palafin|14\/100 psn|[from] psn\n|-damage|p2a: Ting-Lu|0 fnt|[from] psn\n|faint|p2a: Ting-Lu\n|upkeep\n|turn|14\n|\n|t:|1683589742\n|move|p1b: Ambuscade|Baneful Bunker|p1b: Ambuscade\n|-singleturn|p1b: Ambuscade|move: Protect\n|move|p2b: Palafin|Wave Crash|p1b: Ambuscade\n|-activate|p1b: Ambuscade|move: Protect\n|\n|-heal|p1b: Ambuscade|64\/100|[from] item: Black Sludge\n|-damage|p2b: Palafin|2\/100 psn|[from] psn\n|upkeep\n|turn|15\n|\n|t:|1683589753\n|move|p2b: Palafin|Wave Crash|p1b: Ambuscade\n|-resisted|p1b: Ambuscade\n|-damage|p1b: Ambuscade|43\/100\n|-damage|p2b: Palafin|0 fnt|[from] Recoil\n|faint|p2b: Palafin\n|\n|win|MoboyPlaysPokemon\n|c|\u2606reinii|gg\n|l| judevgc\n|j| judevgc\n","uploadtime":1683590483,"views":13,"p1id":"moboyplayspokemon","p2id":"reinii","formatid":"gen9vgc2023regulationc","rating":0,"private":0,"password":""}