{"id":"gen9vgc2023regulationc-1852351655","p1":"paradoxarena","p2":"ghostyboyy97","format":"[Gen 9] VGC 2023 Regulation C","log":"|j|\u2606paradoxarena\n|j|\u2606ghostyboyy97\n|t:|1682547109\n|gametype|doubles\n|player|p1|paradoxarena|red|1195\n|player|p2|ghostyboyy97|cameraman|1168\n|teamsize|p1|6\n|teamsize|p2|6\n|gen|9\n|tier|[Gen 9] VGC 2023 Regulation C\n|rated|\n|rule|Species Clause: Limit one of each Pok\u00e9mon\n|rule|Item Clause: Limit one of each item\n|clearpoke\n|poke|p1|Chi-Yu, L50|\n|poke|p1|Flutter Mane, L50|\n|poke|p1|Iron Bundle, L50|\n|poke|p1|Dragonite, L50, M|\n|poke|p1|Amoonguss, L50, M|\n|poke|p1|Gyarados, L50, F|\n|poke|p2|Gastrodon, L50, F|\n|poke|p2|Ceruledge, L50, M|\n|poke|p2|Glimmora, L50, M|\n|poke|p2|Grimmsnarl, L50, M|\n|poke|p2|Iron Hands, L50|\n|poke|p2|Wo-Chien, L50|\n|teampreview|4\n|inactive|Battle timer is ON: inactive players will automatically lose when time's up. (requested by ghostyboyy97)\nghostyboyy97 has agreed to open team sheets.\n|c|\u2606ghostyboyy97|glhf\n|c|\u2606paradoxarena|same\n|inactive|ghostyboyy97 has 60 seconds left.\n|inactive|ghostyboyy97 has 30 seconds left.\n|inactive|ghostyboyy97 has 20 seconds left.\n|\n|t:|1682547185\n|start\n|switch|p1a: Scarlett|Flutter Mane, L50|100\/100\n|switch|p1b: Ta-Da!|Chi-Yu, L50|100\/100\n|switch|p2a: Grimmsnarl|Grimmsnarl, L50, M|100\/100\n|switch|p2b: Wo-Chien|Wo-Chien, L50|100\/100\n|-ability|p1b: Ta-Da!|Beads of Ruin\n|-ability|p2b: Wo-Chien|Tablets of Ruin\n|turn|1\n|inactive|ghostyboyy97 has 30 seconds left.\n|\n|t:|1682547212\n|-terastallize|p2b: Wo-Chien|Poison\n|move|p2a: Grimmsnarl|Light Screen|p2a: Grimmsnarl\n|-sidestart|p2: ghostyboyy97|move: Light Screen\n|move|p1a: Scarlett|Dazzling Gleam|p2b: Wo-Chien|[spread] p2a,p2b\n|-supereffective|p2a: Grimmsnarl\n|-crit|p2a: Grimmsnarl\n|-resisted|p2b: Wo-Chien\n|-damage|p2a: Grimmsnarl|0 fnt\n|-damage|p2b: Wo-Chien|88\/100\n|faint|p2a: Grimmsnarl\n|move|p1b: Ta-Da!|Heat Wave|p2b: Wo-Chien|[miss]\n|-miss|p1b: Ta-Da!|p2b: Wo-Chien\n|move|p2b: Wo-Chien|Leech Seed|p1b: Ta-Da!\n|-start|p1b: Ta-Da!|move: Leech Seed\n|\n|-damage|p1b: Ta-Da!|88\/100|[from] Leech Seed|[of] p2b: Wo-Chien\n|-heal|p2b: Wo-Chien|97\/100|[silent]\n|upkeep\n|\n|t:|1682547234\n|switch|p2a: Ceruledge|Ceruledge, L50, M|100\/100\n|turn|2\n|\n|t:|1682547247\n|switch|p1b: The World|Gyarados, L50, F, shiny|100\/100\n|-ability|p1b: The World|Intimidate|boost\n|-fail|p2a: Ceruledge|unboost|[from] item: Clear Amulet|[of] p2a: Ceruledge\n|-unboost|p2b: Wo-Chien|atk|1\n|-terastallize|p1a: Scarlett|Rock\n|move|p2a: Ceruledge|Protect|p2a: Ceruledge\n|-singleturn|p2a: Ceruledge|Protect\n|move|p1a: Scarlett|Dazzling Gleam|p2b: Wo-Chien|[spread] p2b\n|-activate|p2a: Ceruledge|move: Protect\n|-resisted|p2b: Wo-Chien\n|-damage|p2b: Wo-Chien|87\/100\n|move|p2b: Wo-Chien|Leech Seed|p1a: Scarlett\n|-start|p1a: Scarlett|move: Leech Seed\n|\n|-damage|p1a: Scarlett|88\/100|[from] Leech Seed|[of] p2b: Wo-Chien\n|-heal|p2b: Wo-Chien|96\/100|[silent]\n|upkeep\n|turn|3\n|inactive|paradoxarena has 30 seconds left.\n|inactive|ghostyboyy97 has 30 seconds left.\n|inactive|ghostyboyy97 has 20 seconds left.\n|\n|t:|1682547283\n|-end|p1a: Scarlett|Protosynthesis|[silent]\n|switch|p1a: Ta-Da!|Chi-Yu, L50|88\/100\n|-ability|p1a: Ta-Da!|Beads of Ruin\n|switch|p2a: Iron Hands|Iron Hands, L50|100\/100\n|move|p1b: The World|Waterfall|p2a: Iron Hands\n|-damage|p2a: Iron Hands|84\/100\n|move|p2b: Wo-Chien|Giga Drain|p1a: Ta-Da!\n|-resisted|p1a: Ta-Da!\n|-damage|p1a: Ta-Da!|73\/100\n|-heal|p2b: Wo-Chien|100\/100|[from] drain|[of] p1a: Ta-Da!\n|\n|upkeep\n|turn|4\n|inactive|ghostyboyy97 has 30 seconds left.\n|\n|t:|1682547310\n|move|p1b: The World|Protect|p1b: The World\n|-singleturn|p1b: The World|Protect\n|move|p2a: Iron Hands|Fake Out|p1a: Ta-Da!\n|-damage|p1a: Ta-Da!|54\/100\n|cant|p1a: Ta-Da!|flinch\n|move|p2b: Wo-Chien|Leech Seed|p1b: The World\n|-activate|p1b: The World|move: Protect\n|\n|upkeep\n|turn|5\n|\n|t:|1682547325\n|move|p1a: Ta-Da!|Heat Wave|p2b: Wo-Chien|[spread] p2a,p2b\n|-damage|p2a: Iron Hands|67\/100\n|-damage|p2b: Wo-Chien|82\/100\n|move|p1b: The World|Waterfall|p2b: Wo-Chien\n|-damage|p2b: Wo-Chien|60\/100\n|-damage|p1b: The World|84\/100|[from] item: Rocky Helmet|[of] p2b: Wo-Chien\n|move|p2b: Wo-Chien|Leech Seed|p1b: The World\n|-start|p1b: The World|move: Leech Seed\n|move|p2a: Iron Hands|Drain Punch|p1a: Ta-Da!\n|-supereffective|p1a: Ta-Da!\n|-damage|p1a: Ta-Da!|0 fnt\n|-heal|p2a: Iron Hands|81\/100|[from] drain|[of] p1a: Ta-Da!\n|faint|p1a: Ta-Da!\n|\n|-damage|p1b: The World|72\/100|[from] Leech Seed|[of] p2b: Wo-Chien\n|-heal|p2b: Wo-Chien|73\/100|[silent]\n|upkeep\n|\n|t:|1682547342\n|switch|p1a: Scarlett|Flutter Mane, L50, tera:Rock|88\/100\n|turn|6\n|\n|t:|1682547354\n|move|p1a: Scarlett|Dazzling Gleam|p2b: Wo-Chien|[spread] p2a,p2b\n|-supereffective|p2a: Iron Hands\n|-resisted|p2b: Wo-Chien\n|-damage|p2a: Iron Hands|50\/100\n|-damage|p2b: Wo-Chien|65\/100\n|move|p1b: The World|Waterfall|p2b: Wo-Chien\n|-damage|p2b: Wo-Chien|43\/100\n|-damage|p1b: The World|55\/100|[from] item: Rocky Helmet|[of] p2b: Wo-Chien\n|move|p2b: Wo-Chien|Giga Drain|p1a: Scarlett\n|-supereffective|p1a: Scarlett\n|-damage|p1a: Scarlett|31\/100\n|-heal|p2b: Wo-Chien|62\/100|[from] drain|[of] p1a: Scarlett\n|move|p2a: Iron Hands|Wild Charge|p1b: The World\n|-supereffective|p1b: The World\n|-damage|p1b: The World|0 fnt\n|faint|p1b: The World\n|-damage|p2a: Iron Hands|39\/100|[from] Recoil\n|\n|upkeep\n|\n|t:|1682547370\n|switch|p1b: Hot Pants|Iron Bundle, L50|100\/100\n|-enditem|p1b: Hot Pants|Booster Energy\n|-activate|p1b: Hot Pants|ability: Quark Drive|[fromitem]\n|-start|p1b: Hot Pants|quarkdrivespe\n|turn|7\n|\n|t:|1682547388\n|-end|p2a: Iron Hands|Quark Drive|[silent]\n|switch|p2a: Ceruledge|Ceruledge, L50, M|100\/100\n|move|p1b: Hot Pants|Freeze-Dry|p2a: Ceruledge\n|-resisted|p2a: Ceruledge\n|-damage|p2a: Ceruledge|89\/100\n|move|p1a: Scarlett|Dazzling Gleam|p2b: Wo-Chien|[spread] p2a,p2b\n|-resisted|p2a: Ceruledge\n|-resisted|p2b: Wo-Chien\n|-damage|p2a: Ceruledge|72\/100\n|-damage|p2b: Wo-Chien|54\/100\n|move|p2b: Wo-Chien|Leech Seed|p1a: Scarlett\n|-start|p1a: Scarlett|move: Leech Seed\n|\n|-damage|p1a: Scarlett|19\/100|[from] Leech Seed|[of] p2b: Wo-Chien\n|-heal|p2b: Wo-Chien|63\/100|[silent]\n|upkeep\n|turn|8\n|\n|t:|1682547405\n|move|p2a: Ceruledge|Protect|p2a: Ceruledge\n|-singleturn|p2a: Ceruledge|Protect\n|move|p2b: Wo-Chien|Protect|p2b: Wo-Chien\n|-singleturn|p2b: Wo-Chien|Protect\n|move|p1b: Hot Pants|Hydro Pump|p2a: Ceruledge\n|-activate|p2a: Ceruledge|move: Protect\n|move|p1a: Scarlett|Dazzling Gleam|p2a: Ceruledge|[spread] \n|-activate|p2a: Ceruledge|move: Protect\n|-activate|p2b: Wo-Chien|move: Protect\n|\n|-damage|p1a: Scarlett|7\/100|[from] Leech Seed|[of] p2b: Wo-Chien\n|-heal|p2b: Wo-Chien|71\/100|[silent]\n|-sideend|p2: ghostyboyy97|move: Light Screen\n|upkeep\n|turn|9\n|\n|t:|1682547426\n|move|p2a: Ceruledge|Shadow Sneak|p1a: Scarlett\n|-damage|p1a: Scarlett|0 fnt\n|faint|p1a: Scarlett\n|-end|p1a: Scarlett|Protosynthesis|[silent]\n|move|p1b: Hot Pants|Hydro Pump|p2a: Ceruledge\n|-supereffective|p2a: Ceruledge\n|-damage|p2a: Ceruledge|0 fnt\n|faint|p2a: Ceruledge\n|move|p2b: Wo-Chien|Leech Seed|p1b: Hot Pants\n|-start|p1b: Hot Pants|move: Leech Seed\n|\n|-damage|p1b: Hot Pants|88\/100|[from] Leech Seed|[of] p2b: Wo-Chien\n|-heal|p2b: Wo-Chien|80\/100|[silent]\n|upkeep\n|\n|t:|1682547435\n|switch|p2a: Iron Hands|Iron Hands, L50|39\/100\n|turn|10\n|\n|t:|1682547440\n|move|p1b: Hot Pants|Protect|p1b: Hot Pants\n|-singleturn|p1b: Hot Pants|Protect\n|move|p2a: Iron Hands|Fake Out|p1b: Hot Pants\n|-activate|p1b: Hot Pants|move: Protect\n|move|p2b: Wo-Chien|Giga Drain|p1b: Hot Pants\n|-activate|p1b: Hot Pants|move: Protect\n|\n|-damage|p1b: Hot Pants|76\/100|[from] Leech Seed|[of] p2b: Wo-Chien\n|-heal|p2b: Wo-Chien|88\/100|[silent]\n|upkeep\n|turn|11\n|\n|t:|1682547452\n|move|p1b: Hot Pants|Hydro Pump|p2a: Iron Hands\n|-damage|p2a: Iron Hands|8\/100\n|move|p2b: Wo-Chien|Giga Drain|p1b: Hot Pants\n|-supereffective|p1b: Hot Pants\n|-damage|p1b: Hot Pants|0 fnt\n|-heal|p2b: Wo-Chien|100\/100|[from] drain|[of] p1b: Hot Pants\n|faint|p1b: Hot Pants\n|-end|p1b: Hot Pants|Quark Drive|[silent]\n|\n|win|ghostyboyy97\n|raw|paradoxarena's rating: 1195 → 1168<\/strong> (-27 for losing)\n|raw|ghostyboyy97's rating: 1168 → 1195<\/strong> (+27 for winning)\n|c|\u2606ghostyboyy97|gg\n","uploadtime":1682547462,"views":9,"p1id":"paradoxarena","p2id":"ghostyboyy97","formatid":"gen9vgc2023regulationc","rating":1168,"private":0,"password":""}