{"id":"gen9vgc2023regulationc-1848218476","p1":"gGusto","p2":"Tairasan","format":"[Gen 9] VGC 2023 Regulation C","log":"|j|\u2606gGusto\n|j|\u2606Tairasan\n|t:|1682043908\n|gametype|doubles\n|player|p1|gGusto|169|\n|player|p2|Tairasan|roxie|\n|teamsize|p1|6\n|teamsize|p2|6\n|gen|9\n|tier|[Gen 9] VGC 2023 Regulation C\n|rule|Species Clause: Limit one of each Pok\u00e9mon\n|rule|Item Clause: Limit one of each item\n|clearpoke\n|poke|p1|Arboliva, L50, M|\n|poke|p1|Azumarill, L50, M|\n|poke|p1|Arcanine, L50, M|\n|poke|p1|Ting-Lu, L50|\n|poke|p1|Raichu, L50, M|\n|poke|p1|Noivern, L50, F|\n|poke|p2|Vivillon, L50, F|\n|poke|p2|Bellibolt, L50, M|\n|poke|p2|Mudsdale, L50, F|\n|poke|p2|Tauros-Paldea-Combat, L50, M|\n|poke|p2|Scream Tail, L50|\n|poke|p2|Chi-Yu, L50|\n|teampreview|4\n|inactive|Battle timer is ON: inactive players will automatically lose when time's up. (requested by gGusto)\n|inactiveoff|Battle timer is now OFF.\n|j| TheMismatcher\n|c|\u2606gGusto|game 3\n|c|\u2606gGusto|game 2 oops\n|\n|t:|1682044274\n|start\n|switch|p1a: Azumarill|Azumarill, L50, M|100\/100\n|switch|p1b: Ting-Lu|Ting-Lu, L50|100\/100\n|switch|p2a: Scream Tail|Scream Tail, L50|100\/100\n|switch|p2b: Tauros|Tauros-Paldea-Combat, L50, M|100\/100\n|-ability|p2b: Tauros|Intimidate|boost\n|-unboost|p1a: Azumarill|atk|1\n|-unboost|p1b: Ting-Lu|atk|1\n|-ability|p1b: Ting-Lu|Vessel of Ruin\n|-enditem|p2a: Scream Tail|Booster Energy\n|-activate|p2a: Scream Tail|ability: Protosynthesis|[fromitem]\n|-start|p2a: Scream Tail|protosynthesisspe\n|turn|1\n|\n|t:|1682044308\n|switch|p1b: Arcanine|Arcanine, L50, M|100\/100\n|-ability|p1b: Arcanine|Intimidate|boost\n|-unboost|p2a: Scream Tail|atk|1\n|-unboost|p2b: Tauros|atk|1\n|move|p2b: Tauros|Protect|p2b: Tauros\n|-singleturn|p2b: Tauros|Protect\n|move|p2a: Scream Tail|Howl|p2a: Scream Tail|[spread] p2a,p2b\n|-boost|p2a: Scream Tail|atk|1\n|-boost|p2b: Tauros|atk|1\n|move|p1a: Azumarill|Play Rough|p2b: Tauros\n|-activate|p2b: Tauros|move: Protect\n|\n|upkeep\n|turn|2\n|\n|t:|1682044331\n|move|p2a: Scream Tail|Helping Hand|p2b: Tauros\n|-singleturn|p2b: Tauros|Helping Hand|[of] p2a: Scream Tail\n|move|p2b: Tauros|Iron Head|p1a: Azumarill\n|-damage|p1a: Azumarill|51\/100\n|-damage|p2b: Tauros|91\/100|[from] item: Life Orb\n|move|p1b: Arcanine|Flare Blitz|p2b: Tauros\n|-damage|p2b: Tauros|28\/100\n|-damage|p1b: Arcanine|84\/100|[from] Recoil\n|cant|p1a: Azumarill|flinch\n|\n|upkeep\n|turn|3\n|\n|t:|1682044359\n|switch|p1b: Arboliva|Arboliva, L50, M|100\/100\n|-terastallize|p2b: Tauros|Psychic\n|move|p2a: Scream Tail|Helping Hand|p2b: Tauros\n|-singleturn|p2b: Tauros|Helping Hand|[of] p2a: Scream Tail\n|move|p2b: Tauros|Zen Headbutt|p1a: Azumarill\n|-damage|p1a: Azumarill|0 fnt\n|faint|p1a: Azumarill\n|-damage|p2b: Tauros|18\/100|[from] item: Life Orb\n|\n|upkeep\n|\n|t:|1682044368\n|switch|p1a: Arcanine|Arcanine, L50, M|84\/100\n|-ability|p1a: Arcanine|Intimidate|boost\n|-unboost|p2a: Scream Tail|atk|1\n|-unboost|p2b: Tauros|atk|1\n|turn|4\n|\n|t:|1682044387\n|-terastallize|p1b: Arboliva|Water\n|move|p2b: Tauros|Protect|p2b: Tauros\n|-singleturn|p2b: Tauros|Protect\n|move|p1a: Arcanine|Protect|p1a: Arcanine\n|-singleturn|p1a: Arcanine|Protect\n|move|p2a: Scream Tail|Howl|p2a: Scream Tail|[spread] p2a,p2b\n|-boost|p2a: Scream Tail|atk|1\n|-boost|p2b: Tauros|atk|1\n|move|p1b: Arboliva|Leech Seed|p2a: Scream Tail\n|-start|p2a: Scream Tail|move: Leech Seed\n|\n|-damage|p2a: Scream Tail|88\/100|[from] Leech Seed|[of] p1b: Arboliva\n|upkeep\n|turn|5\n|\n|t:|1682044415\n|switch|p1a: Ting-Lu|Ting-Lu, L50|100\/100\n|-ability|p1a: Ting-Lu|Vessel of Ruin\n|move|p2a: Scream Tail|Play Rough|p1a: Ting-Lu\n|-supereffective|p1a: Ting-Lu\n|-damage|p1a: Ting-Lu|66\/100\n|move|p2b: Tauros|Zen Headbutt|p1b: Arboliva\n|-damage|p1b: Arboliva|58\/100\n|-fieldstart|move: Grassy Terrain|[from] ability: Seed Sower|[of] p1b: Arboliva\n|-damage|p2b: Tauros|8\/100|[from] item: Life Orb\n|move|p1b: Arboliva|Giga Drain|p2b: Tauros\n|-damage|p2b: Tauros|0 fnt\n|-heal|p1b: Arboliva|62\/100|[from] drain|[of] p2b: Tauros\n|faint|p2b: Tauros\n|\n|-heal|p2a: Scream Tail|94\/100|[from] Grassy Terrain\n|-heal|p1a: Ting-Lu|72\/100|[from] Grassy Terrain\n|-heal|p1b: Arboliva|68\/100|[from] Grassy Terrain\n|-heal|p1b: Arboliva|73\/100|[from] item: Leftovers\n|-damage|p2a: Scream Tail|82\/100|[from] Leech Seed|[of] p1b: Arboliva\n|-heal|p1b: Arboliva|87\/100|[silent]\n|upkeep\n|\n|t:|1682044440\n|switch|p2b: Chi-Yu|Chi-Yu, L50|100\/100\n|-ability|p2b: Chi-Yu|Beads of Ruin\n|turn|6\n|\n|t:|1682044464\n|move|p2a: Scream Tail|Helping Hand|p2b: Chi-Yu\n|-singleturn|p2b: Chi-Yu|Helping Hand|[of] p2a: Scream Tail\n|move|p2b: Chi-Yu|Overheat|p1a: Ting-Lu\n|-damage|p1a: Ting-Lu|0 fnt\n|-unboost|p2b: Chi-Yu|spa|2\n|faint|p1a: Ting-Lu\n|move|p1b: Arboliva|Leech Seed|p2b: Chi-Yu\n|-start|p2b: Chi-Yu|move: Leech Seed\n|\n|-heal|p2a: Scream Tail|88\/100|[from] Grassy Terrain\n|-heal|p1b: Arboliva|93\/100|[from] Grassy Terrain\n|-heal|p1b: Arboliva|99\/100|[from] item: Leftovers\n|-damage|p2a: Scream Tail|75\/100|[from] Leech Seed|[of] p1b: Arboliva\n|-heal|p1b: Arboliva|100\/100|[silent]\n|-damage|p2b: Chi-Yu|88\/100|[from] Leech Seed|[of] p1b: Arboliva\n|upkeep\n|\n|t:|1682044468\n|switch|p1a: Arcanine|Arcanine, L50, M|84\/100\n|-ability|p1a: Arcanine|Intimidate|boost\n|-unboost|p2a: Scream Tail|atk|1\n|-unboost|p2b: Chi-Yu|atk|1\n|turn|7\n|\n|t:|1682044488\n|move|p2a: Scream Tail|Helping Hand|p2b: Chi-Yu\n|-singleturn|p2b: Chi-Yu|Helping Hand|[of] p2a: Scream Tail\n|move|p2b: Chi-Yu|Overheat|p1a: Arcanine\n|-resisted|p1a: Arcanine\n|-damage|p1a: Arcanine|32\/100\n|-unboost|p2b: Chi-Yu|spa|2\n|-enditem|p1a: Arcanine|Sitrus Berry|[eat]\n|-heal|p1a: Arcanine|57\/100|[from] item: Sitrus Berry\n|move|p1a: Arcanine|Close Combat|p2b: Chi-Yu\n|-supereffective|p2b: Chi-Yu\n|-damage|p2b: Chi-Yu|0 fnt\n|-unboost|p1a: Arcanine|def|1\n|-unboost|p1a: Arcanine|spd|1\n|faint|p2b: Chi-Yu\n|move|p1b: Arboliva|Strength Sap|p2a: Scream Tail\n|-unboost|p2a: Scream Tail|atk|1\n|\n|-heal|p2a: Scream Tail|81\/100|[from] Grassy Terrain\n|-heal|p1a: Arcanine|63\/100|[from] Grassy Terrain\n|-damage|p2a: Scream Tail|69\/100|[from] Leech Seed|[of] p1b: Arboliva\n|upkeep\n|\n|t:|1682044507\n|switch|p2b: Bellibolt|Bellibolt, L50, M|100\/100\n|turn|8\n|\n|t:|1682044517\n|move|p2a: Scream Tail|Helping Hand|p2b: Bellibolt\n|-singleturn|p2b: Bellibolt|Helping Hand|[of] p2a: Scream Tail\n|move|p1a: Arcanine|Protect|p1a: Arcanine\n|-singleturn|p1a: Arcanine|Protect\n|move|p1b: Arboliva|Leech Seed|p2b: Bellibolt\n|-start|p2b: Bellibolt|move: Leech Seed\n|move|p2b: Bellibolt|Parabolic Charge|p1a: Arcanine|[spread] p2a,p1b\n|-activate|p1a: Arcanine|move: Protect\n|-supereffective|p1b: Arboliva\n|-damage|p2a: Scream Tail|49\/100\n|-damage|p1b: Arboliva|62\/100\n|\n|-heal|p2a: Scream Tail|55\/100|[from] Grassy Terrain\n|-heal|p1a: Arcanine|69\/100|[from] Grassy Terrain\n|-heal|p1b: Arboliva|68\/100|[from] Grassy Terrain\n|-heal|p1b: Arboliva|73\/100|[from] item: Leftovers\n|-damage|p2a: Scream Tail|43\/100|[from] Leech Seed|[of] p1b: Arboliva\n|-heal|p1b: Arboliva|87\/100|[silent]\n|-damage|p2b: Bellibolt|88\/100|[from] Leech Seed|[of] p1b: Arboliva\n|-heal|p1b: Arboliva|100\/100|[silent]\n|upkeep\n|turn|9\n|\n|t:|1682044557\n|move|p2a: Scream Tail|Helping Hand|p2b: Bellibolt\n|-singleturn|p2b: Bellibolt|Helping Hand|[of] p2a: Scream Tail\n|move|p1b: Arboliva|Protect|p1b: Arboliva\n|-singleturn|p1b: Arboliva|Protect\n|move|p1a: Arcanine|Flare Blitz|p2a: Scream Tail\n|-damage|p2a: Scream Tail|4\/100\n|-damage|p1a: Arcanine|55\/100|[from] Recoil\n|move|p2b: Bellibolt|Parabolic Charge|p1b: Arboliva|[spread] p2a,p1a\n|-activate|p1b: Arboliva|move: Protect\n|-damage|p2a: Scream Tail|0 fnt\n|-heal|p2b: Bellibolt|90\/100|[from] drain|[of] p2a: Scream Tail\n|-damage|p1a: Arcanine|19\/100\n|-heal|p2b: Bellibolt|100\/100|[from] drain|[of] p1a: Arcanine\n|faint|p2a: Scream Tail\n|-end|p2a: Scream Tail|Protosynthesis|[silent]\n|\n|-heal|p1a: Arcanine|25\/100|[from] Grassy Terrain\n|-damage|p2b: Bellibolt|88\/100|[from] Leech Seed|[of] p1b: Arboliva\n|-fieldend|move: Grassy Terrain\n|upkeep\n|turn|10\n|\n|t:|1682044578\n|move|p1a: Arcanine|Will-O-Wisp|p2b: Bellibolt\n|-status|p2b: Bellibolt|brn\n|move|p1b: Arboliva|Strength Sap|p2b: Bellibolt\n|-unboost|p2b: Bellibolt|atk|1\n|move|p2b: Bellibolt|Parabolic Charge|p1a: Arcanine|[spread] p1a,p1b\n|-supereffective|p1b: Arboliva\n|-damage|p1a: Arcanine|0 fnt\n|-heal|p2b: Bellibolt|99\/100 brn|[from] drain|[of] p1a: Arcanine\n|-damage|p1b: Arboliva|73\/100\n|-heal|p2b: Bellibolt|100\/100 brn|[from] drain|[of] p1b: Arboliva\n|-fieldstart|move: Grassy Terrain|[from] ability: Seed Sower|[of] p1b: Arboliva\n|faint|p1a: Arcanine\n|\n|-heal|p1b: Arboliva|79\/100|[from] Grassy Terrain\n|-heal|p1b: Arboliva|85\/100|[from] item: Leftovers\n|-damage|p2b: Bellibolt|88\/100 brn|[from] Leech Seed|[of] p1b: Arboliva\n|-heal|p1b: Arboliva|99\/100|[silent]\n|-damage|p2b: Bellibolt|82\/100 brn|[from] brn\n|upkeep\n|turn|11\n|\n|t:|1682044600\n|move|p1b: Arboliva|Protect|p1b: Arboliva\n|-singleturn|p1b: Arboliva|Protect\n|move|p2b: Bellibolt|Parabolic Charge|p1b: Arboliva\n|-activate|p1b: Arboliva|move: Protect\n|\n|-heal|p1b: Arboliva|100\/100|[from] Grassy Terrain\n|-heal|p2b: Bellibolt|88\/100 brn|[from] Grassy Terrain\n|-damage|p2b: Bellibolt|75\/100 brn|[from] Leech Seed|[of] p1b: Arboliva\n|-damage|p2b: Bellibolt|69\/100 brn|[from] brn\n|upkeep\n|turn|12\n|\n|t:|1682044610\n|move|p1b: Arboliva|Strength Sap|p2b: Bellibolt\n|-unboost|p2b: Bellibolt|atk|1\n|move|p2b: Bellibolt|Parabolic Charge|p1b: Arboliva\n|-supereffective|p1b: Arboliva\n|-damage|p1b: Arboliva|67\/100\n|-heal|p2b: Bellibolt|84\/100 brn|[from] drain|[of] p1b: Arboliva\n|\n|-heal|p1b: Arboliva|73\/100|[from] Grassy Terrain\n|-heal|p1b: Arboliva|79\/100|[from] item: Leftovers\n|-heal|p2b: Bellibolt|90\/100 brn|[from] Grassy Terrain\n|-damage|p2b: Bellibolt|77\/100 brn|[from] Leech Seed|[of] p1b: Arboliva\n|-heal|p1b: Arboliva|93\/100|[silent]\n|-damage|p2b: Bellibolt|71\/100 brn|[from] brn\n|upkeep\n|turn|13\n|\n|t:|1682044624\n|move|p1b: Arboliva|Protect|p1b: Arboliva\n|-singleturn|p1b: Arboliva|Protect\n|move|p2b: Bellibolt|Parabolic Charge|p1b: Arboliva\n|-activate|p1b: Arboliva|move: Protect\n|\n|-heal|p1b: Arboliva|99\/100|[from] Grassy Terrain\n|-heal|p1b: Arboliva|100\/100|[from] item: Leftovers\n|-heal|p2b: Bellibolt|77\/100 brn|[from] Grassy Terrain\n|-damage|p2b: Bellibolt|65\/100 brn|[from] Leech Seed|[of] p1b: Arboliva\n|-damage|p2b: Bellibolt|59\/100 brn|[from] brn\n|upkeep\n|turn|14\n|\n|t:|1682044638\n|move|p1b: Arboliva|Protect|p1b: Arboliva\n|-singleturn|p1b: Arboliva|Protect\n|move|p2b: Bellibolt|Parabolic Charge|p1b: Arboliva\n|-activate|p1b: Arboliva|move: Protect\n|\n|-heal|p2b: Bellibolt|65\/100 brn|[from] Grassy Terrain\n|-damage|p2b: Bellibolt|52\/100 brn|[from] Leech Seed|[of] p1b: Arboliva\n|-damage|p2b: Bellibolt|46\/100 brn|[from] brn\n|-fieldend|move: Grassy Terrain\n|upkeep\n|turn|15\n|\n|t:|1682044655\n|move|p1b: Arboliva|Leech Seed||[still]\n|-fail|p1b: Arboliva\n|move|p2b: Bellibolt|Parabolic Charge|p1b: Arboliva\n|-supereffective|p1b: Arboliva\n|-damage|p1b: Arboliva|64\/100\n|-heal|p2b: Bellibolt|62\/100 brn|[from] drain|[of] p1b: Arboliva\n|-fieldstart|move: Grassy Terrain|[from] ability: Seed Sower|[of] p1b: Arboliva\n|\n|-heal|p1b: Arboliva|70\/100|[from] Grassy Terrain\n|-heal|p1b: Arboliva|76\/100|[from] item: Leftovers\n|-heal|p2b: Bellibolt|68\/100 brn|[from] Grassy Terrain\n|-damage|p2b: Bellibolt|56\/100 brn|[from] Leech Seed|[of] p1b: Arboliva\n|-heal|p1b: Arboliva|90\/100|[silent]\n|-damage|p2b: Bellibolt|50\/100 brn|[from] brn\n|upkeep\n|turn|16\n|\n|t:|1682044673\n|move|p1b: Arboliva|Protect|p1b: Arboliva\n|-singleturn|p1b: Arboliva|Protect\n|move|p2b: Bellibolt|Parabolic Charge|p1b: Arboliva\n|-activate|p1b: Arboliva|move: Protect\n|\n|-heal|p1b: Arboliva|96\/100|[from] Grassy Terrain\n|-heal|p1b: Arboliva|100\/100|[from] item: Leftovers\n|-heal|p2b: Bellibolt|56\/100 brn|[from] Grassy Terrain\n|-damage|p2b: Bellibolt|43\/100 brn|[from] Leech Seed|[of] p1b: Arboliva\n|-damage|p2b: Bellibolt|37\/100 brn|[from] brn\n|upkeep\n|turn|17\n|\n|t:|1682044690\n|move|p1b: Arboliva|Protect||[still]\n|-fail|p1b: Arboliva\n|move|p2b: Bellibolt|Parabolic Charge|p1b: Arboliva\n|-supereffective|p1b: Arboliva\n|-damage|p1b: Arboliva|62\/100\n|-heal|p2b: Bellibolt|54\/100 brn|[from] drain|[of] p1b: Arboliva\n|\n|-heal|p1b: Arboliva|68\/100|[from] Grassy Terrain\n|-heal|p1b: Arboliva|73\/100|[from] item: Leftovers\n|-heal|p2b: Bellibolt|60\/100 brn|[from] Grassy Terrain\n|-damage|p2b: Bellibolt|47\/100 brn|[from] Leech Seed|[of] p1b: Arboliva\n|-heal|p1b: Arboliva|88\/100|[silent]\n|-damage|p2b: Bellibolt|41\/100 brn|[from] brn\n|upkeep\n|turn|18\n|\n|t:|1682044705\n|move|p1b: Arboliva|Protect|p1b: Arboliva\n|-singleturn|p1b: Arboliva|Protect\n|move|p2b: Bellibolt|Parabolic Charge|p1b: Arboliva\n|-activate|p1b: Arboliva|move: Protect\n|\n|-heal|p1b: Arboliva|94\/100|[from] Grassy Terrain\n|-heal|p1b: Arboliva|99\/100|[from] item: Leftovers\n|-heal|p2b: Bellibolt|47\/100 brn|[from] Grassy Terrain\n|-damage|p2b: Bellibolt|35\/100 brn|[from] Leech Seed|[of] p1b: Arboliva\n|-heal|p1b: Arboliva|100\/100|[silent]\n|-damage|p2b: Bellibolt|29\/100 brn|[from] brn\n|upkeep\n|turn|19\n|\n|t:|1682044717\n|move|p1b: Arboliva|Protect|p1b: Arboliva\n|-singleturn|p1b: Arboliva|Protect\n|move|p2b: Bellibolt|Parabolic Charge|p1b: Arboliva\n|-activate|p1b: Arboliva|move: Protect\n|\n|-heal|p2b: Bellibolt|35\/100 brn|[from] Grassy Terrain\n|-damage|p2b: Bellibolt|22\/100 brn|[from] Leech Seed|[of] p1b: Arboliva\n|-damage|p2b: Bellibolt|16\/100 brn|[from] brn\n|-fieldend|move: Grassy Terrain\n|upkeep\n|-enditem|p2b: Bellibolt|Wiki Berry|[eat]\n|-heal|p2b: Bellibolt|50\/100 brn|[from] item: Wiki Berry\n|turn|20\n|\n|t:|1682044729\n|move|p1b: Arboliva|Leech Seed||[still]\n|-fail|p1b: Arboliva\n|move|p2b: Bellibolt|Parabolic Charge|p1b: Arboliva\n|-supereffective|p1b: Arboliva\n|-damage|p1b: Arboliva|64\/100\n|-heal|p2b: Bellibolt|65\/100 brn|[from] drain|[of] p1b: Arboliva\n|-fieldstart|move: Grassy Terrain|[from] ability: Seed Sower|[of] p1b: Arboliva\n|\n|-heal|p1b: Arboliva|70\/100|[from] Grassy Terrain\n|-heal|p1b: Arboliva|76\/100|[from] item: Leftovers\n|-heal|p2b: Bellibolt|71\/100 brn|[from] Grassy Terrain\n|-damage|p2b: Bellibolt|59\/100 brn|[from] Leech Seed|[of] p1b: Arboliva\n|-heal|p1b: Arboliva|90\/100|[silent]\n|-damage|p2b: Bellibolt|53\/100 brn|[from] brn\n|upkeep\n|turn|21\n|\n|t:|1682044749\n|move|p1b: Arboliva|Protect|p1b: Arboliva\n|-singleturn|p1b: Arboliva|Protect\n|move|p2b: Bellibolt|Parabolic Charge|p1b: Arboliva\n|-activate|p1b: Arboliva|move: Protect\n|\n|-heal|p1b: Arboliva|96\/100|[from] Grassy Terrain\n|-heal|p1b: Arboliva|100\/100|[from] item: Leftovers\n|-heal|p2b: Bellibolt|59\/100 brn|[from] Grassy Terrain\n|-damage|p2b: Bellibolt|46\/100 brn|[from] Leech Seed|[of] p1b: Arboliva\n|-damage|p2b: Bellibolt|40\/100 brn|[from] brn\n|upkeep\n|turn|22\n|\n|t:|1682044766\n|move|p1b: Arboliva|Protect||[still]\n|-fail|p1b: Arboliva\n|move|p2b: Bellibolt|Parabolic Charge|p1b: Arboliva\n|-supereffective|p1b: Arboliva\n|-damage|p1b: Arboliva|65\/100\n|-heal|p2b: Bellibolt|56\/100 brn|[from] drain|[of] p1b: Arboliva\n|\n|-heal|p1b: Arboliva|71\/100|[from] Grassy Terrain\n|-heal|p1b: Arboliva|77\/100|[from] item: Leftovers\n|-heal|p2b: Bellibolt|62\/100 brn|[from] Grassy Terrain\n|-damage|p2b: Bellibolt|49\/100 brn|[from] Leech Seed|[of] p1b: Arboliva\n|-heal|p1b: Arboliva|91\/100|[silent]\n|-damage|p2b: Bellibolt|43\/100 brn|[from] brn\n|upkeep\n|turn|23\n|\n|t:|1682044783\n|move|p1b: Arboliva|Strength Sap|p2b: Bellibolt\n|-unboost|p2b: Bellibolt|atk|1\n|-heal|p1b: Arboliva|100\/100\n|move|p2b: Bellibolt|Parabolic Charge|p1b: Arboliva\n|-supereffective|p1b: Arboliva\n|-damage|p1b: Arboliva|65\/100\n|-heal|p2b: Bellibolt|58\/100 brn|[from] drain|[of] p1b: Arboliva\n|\n|-heal|p1b: Arboliva|71\/100|[from] Grassy Terrain\n|-heal|p1b: Arboliva|77\/100|[from] item: Leftovers\n|-heal|p2b: Bellibolt|64\/100 brn|[from] Grassy Terrain\n|-damage|p2b: Bellibolt|52\/100 brn|[from] Leech Seed|[of] p1b: Arboliva\n|-heal|p1b: Arboliva|91\/100|[silent]\n|-damage|p2b: Bellibolt|46\/100 brn|[from] brn\n|upkeep\n|turn|24\n|\n|t:|1682044802\n|move|p1b: Arboliva|Protect|p1b: Arboliva\n|-singleturn|p1b: Arboliva|Protect\n|move|p2b: Bellibolt|Parabolic Charge|p1b: Arboliva\n|-activate|p1b: Arboliva|move: Protect\n|\n|-heal|p1b: Arboliva|97\/100|[from] Grassy Terrain\n|-heal|p1b: Arboliva|100\/100|[from] item: Leftovers\n|-heal|p2b: Bellibolt|52\/100 brn|[from] Grassy Terrain\n|-damage|p2b: Bellibolt|39\/100 brn|[from] Leech Seed|[of] p1b: Arboliva\n|-damage|p2b: Bellibolt|33\/100 brn|[from] brn\n|-fieldend|move: Grassy Terrain\n|upkeep\n|turn|25\n|\n|t:|1682044823\n|move|p1b: Arboliva|Protect||[still]\n|-fail|p1b: Arboliva\n|move|p2b: Bellibolt|Parabolic Charge|p1b: Arboliva\n|-supereffective|p1b: Arboliva\n|-damage|p1b: Arboliva|67\/100\n|-heal|p2b: Bellibolt|48\/100 brn|[from] drain|[of] p1b: Arboliva\n|-fieldstart|move: Grassy Terrain|[from] ability: Seed Sower|[of] p1b: Arboliva\n|\n|-heal|p1b: Arboliva|73\/100|[from] Grassy Terrain\n|-heal|p1b: Arboliva|79\/100|[from] item: Leftovers\n|-heal|p2b: Bellibolt|54\/100 brn|[from] Grassy Terrain\n|-damage|p2b: Bellibolt|41\/100 brn|[from] Leech Seed|[of] p1b: Arboliva\n|-heal|p1b: Arboliva|93\/100|[silent]\n|-damage|p2b: Bellibolt|35\/100 brn|[from] brn\n|upkeep\n|turn|26\n|\n|t:|1682044837\n|move|p1b: Arboliva|Protect|p1b: Arboliva\n|-singleturn|p1b: Arboliva|Protect\n|move|p2b: Bellibolt|Parabolic Charge|p1b: Arboliva\n|-activate|p1b: Arboliva|move: Protect\n|\n|-heal|p1b: Arboliva|99\/100|[from] Grassy Terrain\n|-heal|p1b: Arboliva|100\/100|[from] item: Leftovers\n|-heal|p2b: Bellibolt|41\/100 brn|[from] Grassy Terrain\n|-damage|p2b: Bellibolt|29\/100 brn|[from] Leech Seed|[of] p1b: Arboliva\n|-damage|p2b: Bellibolt|23\/100 brn|[from] brn\n|upkeep\n|turn|27\n|\n|t:|1682044873\n|move|p1b: Arboliva|Giga Drain|p2b: Bellibolt\n|-damage|p2b: Bellibolt|0 fnt\n|faint|p2b: Bellibolt\n|\n|win|gGusto\n","uploadtime":1682044891,"views":18,"p1id":"ggusto","p2id":"tairasan","formatid":"gen9vgc2023regulationc","rating":0,"private":0,"password":""}