{"id":"gen9vgc2023regulationc-1862583286","p1":"trace","p2":"sahabatgomba","format":"[Gen 9] VGC 2023 Regulation C","log":"|j|\u2606trace\n|j|\u2606sahabatgomba\n|t:|1683902902\n|gametype|doubles\n|player|p1|trace|#trace|\n|player|p2|sahabatgomba|tuber|\n|teamsize|p1|6\n|teamsize|p2|6\n|gen|9\n|tier|[Gen 9] VGC 2023 Regulation C\n|rule|Species Clause: Limit one of each Pok\u00e9mon\n|rule|Item Clause: Limit one of each item\n|clearpoke\n|poke|p1|Tinkaton, L50, F|\n|poke|p1|Rotom-Wash, L50|\n|poke|p1|Annihilape, L50, F|\n|poke|p1|Corviknight, L50, M|\n|poke|p1|Espathra, L50, F|\n|poke|p1|Amoonguss, L50, F|\n|poke|p2|Gholdengo, L50|\n|poke|p2|Azumarill, L50, F|\n|poke|p2|Armarouge, L50, M|\n|poke|p2|Ceruledge, L50, F|\n|poke|p2|Arcanine, L50, F|\n|poke|p2|Indeedee-F, L50, F|\n|teampreview|4\n|c|\u2606sahabatgomba|DUEL\nsahabatgomba has agreed to open team sheets.\ntrace has agreed to open team sheets.\n|c|\u2606sahabatgomba|game atu\n|c|\u2606sahabatgomba|udah bisa main?\n|c|\u2606trace|y\n|inactive|Battle timer is ON: inactive players will automatically lose when time's up. (requested by sahabatgomba)\n|\n|t:|1683903036\n|start\n|switch|p1a: LEVEL|Amoonguss, L50, F|100\/100\n|switch|p1b: White Spell|Tinkaton, L50, F|100\/100\n|switch|p2a: Indeedee|Indeedee-F, L50, F|100\/100\n|switch|p2b: Gholdengo|Gholdengo, L50|100\/100\n|-ability|p1b: White Spell|Mold Breaker\n|-fieldstart|move: Psychic Terrain|[from] ability: Psychic Surge|[of] p2a: Indeedee\n|-enditem|p2a: Indeedee|Psychic Seed\n|-boost|p2a: Indeedee|spd|1|[from] item: Psychic Seed\n|turn|1\n|inactive|sahabatgomba has 30 seconds left.\n|inactive|sahabatgomba has 20 seconds left.\n|inactive|sahabatgomba has 15 seconds left.\n|\n|t:|1683903077\n|-terastallize|p2b: Gholdengo|Steel\n|move|p2a: Indeedee|Protect|p2a: Indeedee\n|-singleturn|p2a: Indeedee|Protect\n|move|p1b: White Spell|Knock Off|p2b: Gholdengo\n|-damage|p2b: Gholdengo|84\/100\n|-enditem|p2b: Gholdengo|Life Orb|[from] move: Knock Off|[of] p1b: White Spell\n|move|p2b: Gholdengo|Nasty Plot|p2b: Gholdengo\n|-boost|p2b: Gholdengo|spa|2\n|move|p1a: LEVEL|Spore|p2a: Indeedee\n|-activate|p2a: Indeedee|move: Protect\n|\n|upkeep\n|turn|2\n|inactive|sahabatgomba has 30 seconds left.\n|\n|t:|1683903106\n|switch|p1a: Zoetrope|Rotom-Wash, L50|100\/100\n|move|p1b: White Spell|Gigaton Hammer|p2a: Indeedee\n|-damage|p2a: Indeedee|58\/100\n|move|p2b: Gholdengo|Make It Rain|p1b: White Spell|[spread] p1a,p1b\n|-resisted|p1a: Zoetrope\n|-damage|p1a: Zoetrope|69\/100\n|-damage|p1b: White Spell|45\/100\n|-unboost|p2b: Gholdengo|spa|1\n|move|p2a: Indeedee|Psyshock|p1a: Zoetrope\n|-damage|p1a: Zoetrope|29\/100\n|-enditem|p1a: Zoetrope|Sitrus Berry|[eat]\n|-heal|p1a: Zoetrope|53\/100|[from] item: Sitrus Berry\n|\n|upkeep\n|turn|3\n|inactive|sahabatgomba has 30 seconds left.\n|inactive|sahabatgomba has 20 seconds left.\n|inactive|sahabatgomba has 15 seconds left.\n|inactive|sahabatgomba has 10 seconds left.\n|inactive|sahabatgomba has 5 seconds left.\n|\n|t:|1683903158\n|move|p2b: Gholdengo|Protect|p2b: Gholdengo\n|-singleturn|p2b: Gholdengo|Protect\n|move|p1a: Zoetrope|Nasty Plot|p1a: Zoetrope\n|-boost|p1a: Zoetrope|spa|2\n|move|p1b: White Spell|Knock Off|p2a: Indeedee\n|-supereffective|p2a: Indeedee\n|-damage|p2a: Indeedee|36\/100\n|move|p2a: Indeedee|Psyshock|p1a: Zoetrope\n|-damage|p1a: Zoetrope|16\/100\n|\n|upkeep\n|turn|4\n|\n|t:|1683903173\n|move|p1a: Zoetrope|Protect|p1a: Zoetrope\n|-singleturn|p1a: Zoetrope|Protect\n|move|p2a: Indeedee|Follow Me|p2a: Indeedee\n|-singleturn|p2a: Indeedee|move: Follow Me\n|move|p1b: White Spell|Gigaton Hammer|p2a: Indeedee\n|-damage|p2a: Indeedee|0 fnt\n|faint|p2a: Indeedee\n|move|p2b: Gholdengo|Make It Rain|p1b: White Spell|[spread] p1b\n|-activate|p1a: Zoetrope|move: Protect\n|-damage|p1b: White Spell|0 fnt\n|-unboost|p2b: Gholdengo|spa|1\n|faint|p1b: White Spell\n|\n|upkeep\n|\n|t:|1683903183\n|switch|p1b: ODDS&ENDS|Annihilape, L50, F|100\/100\n|switch|p2a: Ceruledge|Ceruledge, L50, F|100\/100\n|turn|5\n|\n|t:|1683903206\n|-terastallize|p1b: ODDS&ENDS|Steel\n|move|p2a: Ceruledge|Shadow Sneak|p1a: Zoetrope\n|-hint|Psychic Terrain doesn't affect Pok\u00e9mon immune to Ground.\n|-damage|p1a: Zoetrope|0 fnt\n|faint|p1a: Zoetrope\n|move|p1b: ODDS&ENDS|Bulk Up|p1b: ODDS&ENDS\n|-boost|p1b: ODDS&ENDS|atk|1\n|-boost|p1b: ODDS&ENDS|def|1\n|move|p2b: Gholdengo|Shadow Ball|p1b: ODDS&ENDS\n|-damage|p1b: ODDS&ENDS|71\/100\n|\n|-heal|p1b: ODDS&ENDS|78\/100|[from] item: Leftovers\n|-fieldend|move: Psychic Terrain\n|upkeep\n|\n|t:|1683903211\n|switch|p1a: LEVEL|Amoonguss, L50, F|100\/100\n|turn|6\n|inactive|sahabatgomba has 30 seconds left.\n|inactive|sahabatgomba has 20 seconds left.\n|inactive|trace has 30 seconds left.\n|inactive|sahabatgomba has 15 seconds left.\n|\n|t:|1683903252\n|move|p1b: ODDS&ENDS|Drain Punch|p2b: Gholdengo\n|-supereffective|p2b: Gholdengo\n|-damage|p2b: Gholdengo|0 fnt\n|-heal|p1b: ODDS&ENDS|100\/100|[from] drain|[of] p2b: Gholdengo\n|faint|p2b: Gholdengo\n|move|p2a: Ceruledge|Bitter Blade|p1a: LEVEL\n|-supereffective|p1a: LEVEL\n|-damage|p1a: LEVEL|39\/100\n|-damage|p2a: Ceruledge|84\/100|[from] item: Rocky Helmet|[of] p1a: LEVEL\n|move|p1a: LEVEL|Spore|p2a: Ceruledge\n|-status|p2a: Ceruledge|slp|[from] move: Spore\n|\n|upkeep\n|\n|t:|1683903260\n|switch|p2b: Armarouge|Armarouge, L50, M|100\/100\n|turn|7\n|\n|t:|1683903279\n|move|p2b: Armarouge|Protect|p2b: Armarouge\n|-singleturn|p2b: Armarouge|Protect\n|cant|p2a: Ceruledge|slp\n|move|p1a: LEVEL|Rage Powder|p1a: LEVEL\n|-singleturn|p1a: LEVEL|move: Rage Powder\n|move|p1b: ODDS&ENDS|Rage Fist|p2b: Armarouge\n|-activate|p2b: Armarouge|move: Protect\n|\n|upkeep\n|turn|8\n|inactive|sahabatgomba has 30 seconds left.\n|\n|t:|1683903309\n|move|p1a: LEVEL|Rage Powder|p1a: LEVEL\n|-singleturn|p1a: LEVEL|move: Rage Powder\n|move|p2b: Armarouge|Heat Wave|p1a: LEVEL|[spread] p1a,p1b\n|-supereffective|p1a: LEVEL\n|-supereffective|p1b: ODDS&ENDS\n|-damage|p1a: LEVEL|0 fnt\n|-damage|p1b: ODDS&ENDS|45\/100\n|-status|p1b: ODDS&ENDS|brn\n|faint|p1a: LEVEL\n|move|p1b: ODDS&ENDS|Rage Fist|p2b: Armarouge\n|-supereffective|p2b: Armarouge\n|-damage|p2b: Armarouge|3\/100\n|-ability|p2b: Armarouge|Weak Armor|boost\n|-unboost|p2b: Armarouge|def|1\n|-boost|p2b: Armarouge|spe|2\n|-enditem|p2b: Armarouge|Weakness Policy\n|-boost|p2b: Armarouge|atk|2|[from] item: Weakness Policy\n|-boost|p2b: Armarouge|spa|2|[from] item: Weakness Policy\n|cant|p2a: Ceruledge|slp\n|\n|-heal|p1b: ODDS&ENDS|51\/100 brn|[from] item: Leftovers\n|-damage|p1b: ODDS&ENDS|45\/100 brn|[from] brn\n|upkeep\n|turn|9\n|c|\u2606trace|dfghjk\n|-message|trace forfeited.\n|\n|win|sahabatgomba\n|c|\u2606sahabatgomba|hoki\n|c|\u2606sahabatgomba|lanjut\n|l|\u2606trace\n","uploadtime":1683903478,"views":9,"p1id":"trace","p2id":"sahabatgomba","formatid":"gen9vgc2023regulationc","rating":0,"private":0,"password":""}