{"id":"gen9vgc2023regulationc-1847781374","p1":"PastorSalt","p2":"HildaisViscous","format":"[Gen 9] VGC 2023 Regulation C","log":"|j|\u2606PastorSalt\n|j|\u203dHildaisViscous\n|t:|1682001455\n|gametype|doubles\n|player|p1|PastorSalt|265|1091\n|player|p2|HildaisViscous|hilda-wonderlauncher|1064\n|teamsize|p1|6\n|teamsize|p2|6\n|gen|9\n|tier|[Gen 9] VGC 2023 Regulation C\n|rated|\n|rule|Species Clause: Limit one of each Pok\u00e9mon\n|rule|Item Clause: Limit one of each item\n|clearpoke\n|poke|p1|Dragonite, L50, F|\n|poke|p1|Chien-Pao, L50|\n|poke|p1|Arcanine, L50, F|\n|poke|p1|Corviknight, L50, M|\n|poke|p1|Amoonguss, L50, M|\n|poke|p1|Grimmsnarl, L50, M|\n|poke|p2|Garchomp, L50, F|\n|poke|p2|Salamence, L50, M|\n|poke|p2|Revavroom, L50, F|\n|poke|p2|Gyarados, L50, F|\n|poke|p2|Iron Valiant, L50|\n|poke|p2|Tinkaton, L50, F|\n|teampreview|4\n|c|\u2606PastorSalt|gl hf\n|inactive|Battle timer is ON: inactive players will automatically lose when time's up. (requested by PastorSalt)\n|\n|t:|1682001513\n|start\n|switch|p1a: Corviknight|Corviknight, L50, M|100\/100\n|switch|p1b: Arcanine|Arcanine, L50, F|100\/100\n|switch|p2a: Garchomp|Garchomp, L50, F|100\/100\n|switch|p2b: Revavroom|Revavroom, L50, F|100\/100\n|-ability|p1b: Arcanine|Intimidate|boost\n|-unboost|p2a: Garchomp|atk|1\n|-unboost|p2b: Revavroom|atk|1\n|turn|1\n|inactive|PastorSalt has 30 seconds left.\n|inactive|HildaisViscous has 30 seconds left.\n|inactive|HildaisViscous has 20 seconds left.\n|inactive|HildaisViscous has 15 seconds left.\n|inactive|HildaisViscous has 10 seconds left.\n|\n|t:|1682001567\n|switch|p1b: Grimmsnarl|Grimmsnarl, L50, M|100\/100\n|move|p2a: Garchomp|Protect|p2a: Garchomp\n|-singleturn|p2a: Garchomp|Protect\n|move|p2b: Revavroom|Self-Destruct|p1b: Grimmsnarl|[spread] p1a,p1b\n|-activate|p2a: Garchomp|move: Protect\n|-enditem|p2b: Revavroom|Normal Gem|[from] gem\n|-resisted|p1a: Corviknight\n|-crit|p1a: Corviknight\n|-damage|p1a: Corviknight|65\/100\n|-damage|p1b: Grimmsnarl|45\/100\n|faint|p2b: Revavroom\n|move|p1a: Corviknight|Bulk Up|p1a: Corviknight\n|-boost|p1a: Corviknight|atk|1\n|-boost|p1a: Corviknight|def|1\n|\n|-heal|p1a: Corviknight|71\/100|[from] item: Leftovers\n|upkeep\n|\n|t:|1682001581\n|switch|p2b: Iron Valiant|Iron Valiant, L50|100\/100\n|-enditem|p2b: Iron Valiant|Booster Energy\n|-activate|p2b: Iron Valiant|ability: Quark Drive|[fromitem]\n|-start|p2b: Iron Valiant|quarkdrivespe\n|turn|2\n|\n|t:|1682001597\n|move|p1b: Grimmsnarl|Parting Shot|p2b: Iron Valiant\n|-unboost|p2b: Iron Valiant|atk|1\n|-unboost|p2b: Iron Valiant|spa|1\n|\n|t:|1682001600\n|switch|p1b: Arcanine|Arcanine, L50, F|100\/100|[from] Parting Shot\n|-ability|p1b: Arcanine|Intimidate|boost\n|-unboost|p2a: Garchomp|atk|1\n|-unboost|p2b: Iron Valiant|atk|1\n|move|p2b: Iron Valiant|Thunderbolt|p1a: Corviknight\n|-supereffective|p1a: Corviknight\n|-damage|p1a: Corviknight|40\/100\n|move|p2a: Garchomp|Swords Dance|p2a: Garchomp\n|-boost|p2a: Garchomp|atk|2\n|move|p1a: Corviknight|Bulk Up|p1a: Corviknight\n|-boost|p1a: Corviknight|atk|1\n|-boost|p1a: Corviknight|def|1\n|\n|-heal|p1a: Corviknight|46\/100|[from] item: Leftovers\n|upkeep\n|turn|3\n|inactive|HildaisViscous has 30 seconds left.\n|\n|t:|1682001627\n|move|p1b: Arcanine|Extreme Speed|p2a: Garchomp\n|-damage|p2a: Garchomp|79\/100\n|move|p2b: Iron Valiant|Thunderbolt|p1a: Corviknight\n|-supereffective|p1a: Corviknight\n|-damage|p1a: Corviknight|13\/100\n|move|p2a: Garchomp|Rock Slide|p1b: Arcanine|[spread] p1a,p1b\n|-supereffective|p1b: Arcanine\n|-damage|p1a: Corviknight|5\/100\n|-damage|p1b: Arcanine|57\/100\n|cant|p1a: Corviknight|flinch\n|\n|-heal|p1a: Corviknight|11\/100|[from] item: Leftovers\n|upkeep\n|turn|4\n|inactive|PastorSalt has 30 seconds left.\n|inactive|HildaisViscous has 30 seconds left.\n|\n|t:|1682001657\n|switch|p1b: Grimmsnarl|Grimmsnarl, L50, M|45\/100\n|move|p2b: Iron Valiant|Moonblast|p1a: Corviknight\n|-resisted|p1a: Corviknight\n|-damage|p1a: Corviknight|0 fnt\n|faint|p1a: Corviknight\n|move|p2a: Garchomp|Rock Slide|p1b: Grimmsnarl|[miss]\n|-miss|p2a: Garchomp|p1b: Grimmsnarl\n|\n|upkeep\n|\n|t:|1682001659\n|switch|p1a: Arcanine|Arcanine, L50, F|57\/100\n|-ability|p1a: Arcanine|Intimidate|boost\n|-unboost|p2a: Garchomp|atk|1\n|-unboost|p2b: Iron Valiant|atk|1\n|turn|5\n|inactive|PastorSalt has 30 seconds left.\n|inactive|HildaisViscous has 30 seconds left.\n|\n|t:|1682001689\n|-end|p2b: Iron Valiant|Quark Drive|[silent]\n|switch|p2b: Gyarados|Gyarados, L50, F|100\/100\n|-ability|p2b: Gyarados|Intimidate|boost\n|-unboost|p1a: Arcanine|atk|1\n|-unboost|p1b: Grimmsnarl|atk|1\n|-terastallize|p2a: Garchomp|Ground\n|move|p1b: Grimmsnarl|Fake Out|p2b: Gyarados\n|-damage|p2b: Gyarados|90\/100\n|move|p2a: Garchomp|Earthquake|p1a: Arcanine|[spread] p1a,p1b\n|-immune|p2b: Gyarados\n|-supereffective|p1a: Arcanine\n|-damage|p1a: Arcanine|0 fnt\n|-damage|p1b: Grimmsnarl|3\/100\n|faint|p1a: Arcanine\n|\n|upkeep\n|\n|t:|1682001691\n|switch|p1a: Dragonite|Dragonite, L50, F|100\/100\n|turn|6\n|\n|t:|1682001719\n|-terastallize|p1a: Dragonite|Normal\n|move|p1a: Dragonite|Extreme Speed|p2b: Gyarados\n|-damage|p2b: Gyarados|15\/100\n|-enditem|p2b: Gyarados|Sitrus Berry|[eat]\n|-heal|p2b: Gyarados|40\/100|[from] item: Sitrus Berry\n|move|p1b: Grimmsnarl|Parting Shot|p2a: Garchomp\n|-unboost|p2a: Garchomp|atk|1\n|-unboost|p2a: Garchomp|spa|1\n|move|p2a: Garchomp|Rock Slide|p1a: Dragonite|[spread] p1a,p1b\n|-crit|p1b: Grimmsnarl\n|-damage|p1a: Dragonite|95\/100\n|-damage|p1b: Grimmsnarl|0 fnt\n|faint|p1b: Grimmsnarl\n|move|p2b: Gyarados|Thunder Wave|p1a: Dragonite|[miss]\n|-miss|p2b: Gyarados|p1a: Dragonite\n|\n|upkeep\n|turn|7\n|inactive|HildaisViscous has 30 seconds left.\n|\n|t:|1682001750\n|move|p1a: Dragonite|Extreme Speed|p2b: Gyarados\n|-damage|p2b: Gyarados|0 fnt\n|faint|p2b: Gyarados\n|move|p2a: Garchomp|Swords Dance|p2a: Garchomp\n|-boost|p2a: Garchomp|atk|2\n|\n|upkeep\n|\n|t:|1682001753\n|switch|p2b: Iron Valiant|Iron Valiant, L50|100\/100\n|turn|8\n|\n|t:|1682001768\n|move|p2b: Iron Valiant|Protect|p2b: Iron Valiant\n|-singleturn|p2b: Iron Valiant|Protect\n|move|p1a: Dragonite|Extreme Speed|p2a: Garchomp\n|-damage|p2a: Garchomp|13\/100\n|move|p2a: Garchomp|Earthquake|p1a: Dragonite|[spread] p1a\n|-activate|p2b: Iron Valiant|move: Protect\n|-damage|p1a: Dragonite|40\/100\n|\n|upkeep\n|turn|9\n|\n|t:|1682001784\n|move|p1a: Dragonite|Extreme Speed|p2a: Garchomp\n|-damage|p2a: Garchomp|0 fnt\n|faint|p2a: Garchomp\n|move|p2b: Iron Valiant|Moonblast|p1a: Dragonite\n|-damage|p1a: Dragonite|0 fnt\n|faint|p1a: Dragonite\n|\n|win|HildaisViscous\n|raw|PastorSalt's rating: 1091 → 1066<\/strong> (-25 for losing)\n|raw|HildaisViscous's rating: 1064 → 1097<\/strong> (+33 for winning)\n|c|\u2606PastorSalt|gg wp\n|l|\u2606PastorSalt\n","uploadtime":1682001794,"views":10,"p1id":"pastorsalt","p2id":"hildaisviscous","formatid":"gen9vgc2023regulationc","rating":1066,"private":0,"password":""}