{"id":"gen9vgc2023regulationc-1857258206","p1":"StridenVGC","p2":"test subject 2946N","format":"[Gen 9] VGC 2023 Regulation C","log":"|j|\u2606StridenVGC\n|j|\u2606test subject 2946N\n|t:|1683164424\n|gametype|doubles\n|player|p1|StridenVGC|skier|1098\n|player|p2|test subject 2946N|170|1000\n|teamsize|p1|6\n|teamsize|p2|6\n|gen|9\n|tier|[Gen 9] VGC 2023 Regulation C\n|rated|\n|rule|Species Clause: Limit one of each Pok\u00e9mon\n|rule|Item Clause: Limit one of each item\n|clearpoke\n|poke|p1|Toxtricity-Low-Key, L50, M|\n|poke|p1|Iron Treads, L50|\n|poke|p1|Chien-Pao, L50|\n|poke|p1|Arcanine, L50, M|\n|poke|p1|Breloom, L50, F|\n|poke|p1|Gastrodon, L50, M|\n|poke|p2|Wo-Chien, L50|\n|poke|p2|Grafaiai, L50, F|\n|poke|p2|Gyarados, L50, F|\n|poke|p2|Garganacl, L50, F|\n|poke|p2|Avalugg, L50, M|\n|poke|p2|Gengar, L50, M|\n|teampreview|4\n|\n|t:|1683164444\n|start\n|switch|p1a: Gumyun|Toxtricity-Low-Key, L50, M, shiny|100\/100\n|switch|p1b: Arcanine|Arcanine, L50, M|100\/100\n|switch|p2a: Live reaction|Wo-Chien, L50|100\/100\n|switch|p2b: recorded reaction|Grafaiai, L50, F, shiny|100\/100\n|-item|p2b: recorded reaction|Air Balloon\n|-ability|p1b: Arcanine|Intimidate|boost\n|-unboost|p2a: Live reaction|atk|1\n|-unboost|p2b: recorded reaction|atk|1\n|-ability|p2a: Live reaction|Tablets of Ruin\n|turn|1\n|\n|t:|1683164492\n|move|p1b: Arcanine|Helping Hand|p1a: Gumyun\n|-singleturn|p1a: Gumyun|Helping Hand|[of] p1b: Arcanine\n|move|p2b: recorded reaction|Doodle|p1b: Arcanine\n|-endability|p2a: Live reaction|Tablets of Ruin|[from] move: Doodle\n|-ability|p2a: Live reaction|Intimidate|boost\n|-unboost|p1a: Gumyun|atk|1\n|-unboost|p1b: Arcanine|atk|1\n|-ability|p2a: Live reaction|Intimidate|[from] move: Doodle\n|-endability|p2b: recorded reaction|Prankster|[from] move: Doodle\n|-ability|p2b: recorded reaction|Intimidate|boost\n|-unboost|p1a: Gumyun|atk|1\n|-unboost|p1b: Arcanine|atk|1\n|-ability|p2b: recorded reaction|Intimidate|[from] move: Doodle\n|move|p1a: Gumyun|Boomburst|p2a: Live reaction|[spread] p1b,p2a,p2b\n|-crit|p2b: recorded reaction\n|-damage|p1b: Arcanine|29\/100\n|-damage|p2a: Live reaction|25\/100\n|-damage|p2b: recorded reaction|0 fnt\n|-enditem|p2b: recorded reaction|Air Balloon\n|faint|p2b: recorded reaction\n|move|p2a: Live reaction|Leech Seed|p1a: Gumyun\n|-start|p1a: Gumyun|move: Leech Seed\n|\n|-heal|p1b: Arcanine|35\/100|[from] item: Leftovers\n|-heal|p2a: Live reaction|31\/100|[from] item: Leftovers\n|-damage|p1a: Gumyun|88\/100|[from] Leech Seed|[of] p2a: Live reaction\n|-heal|p2a: Live reaction|45\/100|[silent]\n|upkeep\n|\n|t:|1683164518\n|switch|p2b: Gengar|Gengar, L50, M|100\/100\n|turn|2\n|\n|t:|1683164531\n|switch|p1a: Chien-Pao|Chien-Pao, L50|100\/100\n|-ability|p1a: Chien-Pao|Sword of Ruin\n|move|p1b: Arcanine|Protect|p1b: Arcanine\n|-singleturn|p1b: Arcanine|Protect\n|move|p2a: Live reaction|Protect|p2a: Live reaction\n|-singleturn|p2a: Live reaction|Protect\n|move|p2b: Gengar|Shadow Ball|p1a: Chien-Pao\n|-resisted|p1a: Chien-Pao\n|-damage|p1a: Chien-Pao|47\/100\n|\n|-heal|p1b: Arcanine|41\/100|[from] item: Leftovers\n|-heal|p2a: Live reaction|51\/100|[from] item: Leftovers\n|upkeep\n|turn|3\n|\n|t:|1683164564\n|-terastallize|p2a: Live reaction|Electric\n|move|p1b: Arcanine|Helping Hand|p1a: Chien-Pao\n|-singleturn|p1a: Chien-Pao|Helping Hand|[of] p1b: Arcanine\n|move|p1a: Chien-Pao|Sucker Punch|p2b: Gengar\n|-supereffective|p2b: Gengar\n|-damage|p2b: Gengar|0 fnt\n|faint|p2b: Gengar\n|move|p2a: Live reaction|Leech Seed|p1b: Arcanine\n|-start|p1b: Arcanine|move: Leech Seed\n|\n|-heal|p1b: Arcanine|47\/100|[from] item: Leftovers\n|-heal|p2a: Live reaction|57\/100|[from] item: Leftovers\n|-damage|p1b: Arcanine|35\/100|[from] Leech Seed|[of] p2a: Live reaction\n|-heal|p2a: Live reaction|72\/100|[silent]\n|upkeep\n|\n|t:|1683164578\n|switch|p2b: Garganacl|Garganacl, L50, F|100\/100\n|turn|4\n|\n|t:|1683164587\n|move|p1b: Arcanine|Helping Hand|p1a: Chien-Pao\n|-singleturn|p1a: Chien-Pao|Helping Hand|[of] p1b: Arcanine\n|move|p1a: Chien-Pao|Sacred Sword|p2b: Garganacl\n|-supereffective|p2b: Garganacl\n|-damage|p2b: Garganacl|43\/100\n|-damage|p1a: Chien-Pao|31\/100|[from] item: Rocky Helmet|[of] p2b: Garganacl\n|move|p2a: Live reaction|Leech Seed|p1a: Chien-Pao\n|-start|p1a: Chien-Pao|move: Leech Seed\n|move|p2b: Garganacl|Salt Cure|p1a: Chien-Pao\n|-supereffective|p1a: Chien-Pao\n|-damage|p1a: Chien-Pao|0 fnt\n|faint|p1a: Chien-Pao\n|\n|-heal|p1b: Arcanine|41\/100|[from] item: Leftovers\n|-heal|p2a: Live reaction|78\/100|[from] item: Leftovers\n|-damage|p1b: Arcanine|29\/100|[from] Leech Seed|[of] p2a: Live reaction\n|-heal|p2a: Live reaction|93\/100|[silent]\n|upkeep\n|\n|t:|1683164593\n|switch|p1a: Iron Treads|Iron Treads, L50|100\/100\n|-enditem|p1a: Iron Treads|Booster Energy\n|-activate|p1a: Iron Treads|ability: Quark Drive|[fromitem]\n|-start|p1a: Iron Treads|quarkdrivespe\n|turn|5\n|\n|t:|1683164619\n|move|p1b: Arcanine|Helping Hand|p1a: Iron Treads\n|-singleturn|p1a: Iron Treads|Helping Hand|[of] p1b: Arcanine\n|move|p2b: Garganacl|Protect|p2b: Garganacl\n|-singleturn|p2b: Garganacl|Protect\n|move|p1a: Iron Treads|Earthquake|p2b: Garganacl|[spread] p1b,p2a\n|-activate|p2b: Garganacl|move: Protect\n|-supereffective|p1b: Arcanine\n|-supereffective|p2a: Live reaction\n|-damage|p1b: Arcanine|0 fnt\n|-damage|p2a: Live reaction|11\/100\n|faint|p1b: Arcanine\n|move|p2a: Live reaction|Leech Seed|p1a: Iron Treads\n|-start|p1a: Iron Treads|move: Leech Seed\n|\n|-heal|p2a: Live reaction|17\/100|[from] item: Leftovers\n|-damage|p1a: Iron Treads|88\/100|[from] Leech Seed|[of] p2a: Live reaction\n|-heal|p2a: Live reaction|30\/100|[silent]\n|upkeep\n|\n|t:|1683164632\n|switch|p1b: Gumyun|Toxtricity-Low-Key, L50, M, shiny|88\/100\n|turn|6\n|\n|t:|1683164648\n|-terastallize|p1b: Gumyun|Ice\n|move|p2b: Garganacl|Wide Guard|p2b: Garganacl\n|-singleturn|p2b: Garganacl|Wide Guard\n|move|p1a: Iron Treads|Heavy Slam|p2a: Live reaction\n|-resisted|p2a: Live reaction\n|-damage|p2a: Live reaction|14\/100\n|move|p1b: Gumyun|Tera Blast|p2b: Garganacl\n|-damage|p2b: Garganacl|0 fnt\n|faint|p2b: Garganacl\n|move|p2a: Live reaction|Leech Seed|p1b: Gumyun\n|-start|p1b: Gumyun|move: Leech Seed\n|\n|-heal|p2a: Live reaction|20\/100|[from] item: Leftovers\n|-damage|p1a: Iron Treads|76\/100|[from] Leech Seed|[of] p2a: Live reaction\n|-heal|p2a: Live reaction|33\/100|[silent]\n|-damage|p1b: Gumyun|75\/100|[from] Leech Seed|[of] p2a: Live reaction\n|-heal|p2a: Live reaction|46\/100|[silent]\n|upkeep\n|turn|7\n|\n|t:|1683164668\n|move|p2a: Live reaction|Protect|p2a: Live reaction\n|-singleturn|p2a: Live reaction|Protect\n|move|p1a: Iron Treads|Heavy Slam|p2a: Live reaction\n|-activate|p2a: Live reaction|move: Protect\n|move|p1b: Gumyun|Tera Blast|p2a: Live reaction\n|-activate|p2a: Live reaction|move: Protect\n|\n|-heal|p2a: Live reaction|53\/100|[from] item: Leftovers\n|-damage|p1a: Iron Treads|64\/100|[from] Leech Seed|[of] p2a: Live reaction\n|-heal|p2a: Live reaction|65\/100|[silent]\n|-damage|p1b: Gumyun|63\/100|[from] Leech Seed|[of] p2a: Live reaction\n|-heal|p2a: Live reaction|79\/100|[silent]\n|upkeep\n|turn|8\n|\n|t:|1683164684\n|move|p1a: Iron Treads|Earthquake|p2a: Live reaction|[spread] p1b,p2a\n|-supereffective|p2a: Live reaction\n|-damage|p1b: Gumyun|15\/100\n|-damage|p2a: Live reaction|23\/100\n|move|p1b: Gumyun|Tera Blast|p2a: Live reaction\n|-damage|p2a: Live reaction|0 fnt\n|faint|p2a: Live reaction\n|\n|win|StridenVGC\n|raw|StridenVGC's rating: 1098 → 1116<\/strong> (+18 for winning)\n|raw|test subject 2946N's rating: 1000 → 1000<\/strong> (+0 for losing)\n|l|\u2606test subject 2946N\n","uploadtime":1683164744,"views":14,"p1id":"stridenvgc","p2id":"testsubject2946n","formatid":"gen9vgc2023regulationc","rating":1000,"private":0,"password":""}