{"id":"gen9vgc2023regulationc-1847739235","p1":"Cody XCX","p2":"ether21","format":"[Gen 9] VGC 2023 Regulation C","log":"|j|\u2606Cody XCX\n|j|\u2606ether21\n|t:|1681997810\n|gametype|doubles\n|player|p1|Cody XCX|guitarist|1219\n|player|p2|ether21|twins-gen4dp|1321\n|teamsize|p1|6\n|teamsize|p2|6\n|gen|9\n|tier|[Gen 9] VGC 2023 Regulation C\n|rated|\n|rule|Species Clause: Limit one of each Pok\u00e9mon\n|rule|Item Clause: Limit one of each item\n|clearpoke\n|poke|p1|Orthworm, L50, M|\n|poke|p1|Ting-Lu, L50|\n|poke|p1|Flutter Mane, L50|\n|poke|p1|Dragonite, L50, M|\n|poke|p1|Gyarados, L50, M|\n|poke|p1|Chi-Yu, L50|\n|poke|p2|Torkoal, L50, F|\n|poke|p2|Kingambit, L50, F|\n|poke|p2|Lilligant, L50, F|\n|poke|p2|Chi-Yu, L50|\n|poke|p2|Dachsbun, L50, M|\n|poke|p2|Flutter Mane, L50|\n|teampreview|4\n|inactive|Battle timer is ON: inactive players will automatically lose when time's up. (requested by Cody XCX)\nCody XCX has agreed to open team sheets.\n|inactive|Cody XCX has 60 seconds left.\nether21 rejected open team sheets.\n|\n|t:|1681997849\n|start\n|switch|p1a: Dragonite|Dragonite, L50, M|100\/100\n|switch|p1b: Orthworm|Orthworm, L50, M|100\/100\n|switch|p2a: GroudonJr|Torkoal, L50, F|100\/100\n|switch|p2b: PresserOfBodies|Dachsbun, L50, M|100\/100\n|-weather|SunnyDay|[from] ability: Drought|[of] p2a: GroudonJr\n|turn|1\n|c|\u2606Cody XCX|whats the point of rejecting team sheets LOOOOOL\n|c|\u2606Cody XCX|ive seen the video\n|inactive|Cody XCX has 30 seconds left.\n|c|\u2606Cody XCX|youre not fooling anyone\n|inactive|Cody XCX has 20 seconds left.\n|inactive|Cody XCX has 15 seconds left.\n|inactive|Cody XCX has 10 seconds left.\n|\n|t:|1681997896\n|-terastallize|p1b: Orthworm|Fire\n|move|p2b: PresserOfBodies|Wish|p2b: PresserOfBodies\n|move|p1a: Dragonite|Earthquake|p2a: GroudonJr|[spread] p2a,p2b\n|-immune|p1b: Orthworm|[from] ability: Earth Eater\n|-supereffective|p2a: GroudonJr\n|-damage|p2a: GroudonJr|58\/100\n|-damage|p2b: PresserOfBodies|73\/100\n|move|p1b: Orthworm|Iron Head|p2b: PresserOfBodies\n|-supereffective|p2b: PresserOfBodies\n|-damage|p2b: PresserOfBodies|18\/100\n|move|p2a: GroudonJr|Lava Plume|p1a: Dragonite|[spread] p1a,p1b\n|-ability|p2b: PresserOfBodies|Well-Baked Body|boost\n|-boost|p2b: PresserOfBodies|def|2\n|-resisted|p1a: Dragonite\n|-resisted|p1b: Orthworm\n|-damage|p1a: Dragonite|75\/100\n|-damage|p1b: Orthworm|68\/100\n|\n|-weather|SunnyDay|[upkeep]\n|-heal|p2b: PresserOfBodies|24\/100|[from] item: Leftovers\n|upkeep\n|turn|2\n|inactive|Cody XCX has 30 seconds left.\n|inactive|ether21 has 30 seconds left.\n|\n|t:|1681997929\n|move|p2b: PresserOfBodies|Protect|p2b: PresserOfBodies\n|-singleturn|p2b: PresserOfBodies|Protect\n|move|p1a: Dragonite|Earthquake|p2b: PresserOfBodies|[spread] p2a\n|-activate|p2b: PresserOfBodies|move: Protect\n|-heal|p1b: Orthworm|92\/100|[from] ability: Earth Eater|[of] p1a: Dragonite\n|-supereffective|p2a: GroudonJr\n|-damage|p2a: GroudonJr|13\/100\n|move|p1b: Orthworm|Iron Defense|p1b: Orthworm\n|-boost|p1b: Orthworm|def|2\n|move|p2a: GroudonJr|Lava Plume|p1a: Dragonite|[spread] p1a,p1b\n|-activate|p2b: PresserOfBodies|move: Protect\n|-resisted|p1a: Dragonite\n|-resisted|p1b: Orthworm\n|-damage|p1a: Dragonite|51\/100\n|-damage|p1b: Orthworm|58\/100\n|\n|-weather|SunnyDay|[upkeep]\n|-heal|p2b: PresserOfBodies|74\/100|[from] move: Wish|[wisher] PresserOfBodies\n|-heal|p2b: PresserOfBodies|80\/100|[from] item: Leftovers\n|upkeep\n|turn|3\n|\n|t:|1681997951\n|move|p2b: PresserOfBodies|Wish|p2b: PresserOfBodies\n|move|p1a: Dragonite|Earthquake|p2b: PresserOfBodies|[spread] p2a,p2b\n|-heal|p1b: Orthworm|83\/100|[from] ability: Earth Eater|[of] p1a: Dragonite\n|-supereffective|p2a: GroudonJr\n|-damage|p2a: GroudonJr|0 fnt\n|-damage|p2b: PresserOfBodies|66\/100\n|faint|p2a: GroudonJr\n|move|p1b: Orthworm|Iron Head|p2b: PresserOfBodies\n|-supereffective|p2b: PresserOfBodies\n|-damage|p2b: PresserOfBodies|36\/100\n|\n|-weather|SunnyDay|[upkeep]\n|-heal|p2b: PresserOfBodies|42\/100|[from] item: Leftovers\n|upkeep\n|\n|t:|1681997961\n|switch|p2a: SuperSpecs|Flutter Mane, L50|100\/100\n|-activate|p2a: SuperSpecs|ability: Protosynthesis\n|-start|p2a: SuperSpecs|protosynthesisspe\n|turn|4\n|\n|t:|1681997980\n|move|p2b: PresserOfBodies|Protect|p2b: PresserOfBodies\n|-singleturn|p2b: PresserOfBodies|Protect\n|move|p2a: SuperSpecs|Shadow Ball|p1b: Orthworm\n|-damage|p1b: Orthworm|8\/100\n|-enditem|p1b: Orthworm|Sitrus Berry|[eat]\n|-heal|p1b: Orthworm|33\/100|[from] item: Sitrus Berry\n|-damage|p2a: SuperSpecs|90\/100|[from] item: Life Orb\n|move|p1a: Dragonite|Earthquake|p2b: PresserOfBodies|[spread] p2a\n|-activate|p2b: PresserOfBodies|move: Protect\n|-heal|p1b: Orthworm|58\/100|[from] ability: Earth Eater|[of] p1a: Dragonite\n|-damage|p2a: SuperSpecs|27\/100\n|move|p1b: Orthworm|Iron Head|p2a: SuperSpecs\n|-supereffective|p2a: SuperSpecs\n|-damage|p2a: SuperSpecs|0 fnt\n|faint|p2a: SuperSpecs\n|-end|p2a: SuperSpecs|Protosynthesis|[silent]\n|\n|-weather|SunnyDay|[upkeep]\n|-heal|p2b: PresserOfBodies|92\/100|[from] move: Wish|[wisher] PresserOfBodies\n|-heal|p2b: PresserOfBodies|98\/100|[from] item: Leftovers\n|upkeep\n|\n|t:|1681997987\n|switch|p2a: IfOmlyYveltal|Kingambit, L50, F|100\/100\n|turn|5\n|\n|t:|1681998008\n|-terastallize|p2a: IfOmlyYveltal|Dark\n|move|p2a: IfOmlyYveltal|Sucker Punch|p1a: Dragonite\n|-damage|p1a: Dragonite|0 fnt\n|faint|p1a: Dragonite\n|move|p2b: PresserOfBodies|Body Press|p1b: Orthworm\n|-damage|p1b: Orthworm|43\/100\n|move|p1b: Orthworm|Body Press|p2a: IfOmlyYveltal\n|-supereffective|p2a: IfOmlyYveltal\n|-damage|p2a: IfOmlyYveltal|20\/100\n|\n|-weather|none\n|-heal|p2b: PresserOfBodies|100\/100|[from] item: Leftovers\n|upkeep\n|\n|t:|1681998025\n|switch|p1a: Flutter Mane|Flutter Mane, L50|100\/100\n|turn|6\n|\n|t:|1681998047\n|move|p2a: IfOmlyYveltal|Sucker Punch|p1a: Flutter Mane\n|-damage|p1a: Flutter Mane|0 fnt\n|faint|p1a: Flutter Mane\n|-end|p1a: Flutter Mane|Protosynthesis|[silent]\n|move|p2b: PresserOfBodies|Yawn|p1b: Orthworm\n|-start|p1b: Orthworm|move: Yawn|[of] p2b: PresserOfBodies\n|move|p1b: Orthworm|Body Press|p2a: IfOmlyYveltal\n|-supereffective|p2a: IfOmlyYveltal\n|-damage|p2a: IfOmlyYveltal|0 fnt\n|faint|p2a: IfOmlyYveltal\n|\n|upkeep\n|\n|t:|1681998057\n|switch|p1a: Ting-Lu|Ting-Lu, L50|100\/100\n|-ability|p1a: Ting-Lu|Vessel of Ruin\n|turn|7\n|\n|t:|1681998079\n|move|p2b: PresserOfBodies|Body Press|p1a: Ting-Lu\n|-supereffective|p1a: Ting-Lu\n|-damage|p1a: Ting-Lu|55\/100\n|move|p1b: Orthworm|Iron Head|p2b: PresserOfBodies\n|-supereffective|p2b: PresserOfBodies\n|-damage|p2b: PresserOfBodies|74\/100\n|move|p1a: Ting-Lu|Heavy Slam|p2b: PresserOfBodies\n|-supereffective|p2b: PresserOfBodies\n|-damage|p2b: PresserOfBodies|41\/100\n|\n|-heal|p2b: PresserOfBodies|47\/100|[from] item: Leftovers\n|-end|p1b: Orthworm|move: Yawn|[silent]\n|-status|p1b: Orthworm|slp\n|upkeep\n|turn|8\n|\n|t:|1681998097\n|move|p2b: PresserOfBodies|Wish|p2b: PresserOfBodies\n|cant|p1b: Orthworm|slp\n|move|p1a: Ting-Lu|Earthquake|p2b: PresserOfBodies|[spread] p2b\n|-heal|p1b: Orthworm|67\/100 slp|[from] ability: Earth Eater|[of] p1a: Ting-Lu\n|-damage|p2b: PresserOfBodies|30\/100\n|\n|-heal|p2b: PresserOfBodies|36\/100|[from] item: Leftovers\n|upkeep\n|turn|9\n|\n|t:|1681998121\n|move|p2b: PresserOfBodies|Body Press|p1a: Ting-Lu\n|-supereffective|p1a: Ting-Lu\n|-damage|p1a: Ting-Lu|8\/100\n|-curestatus|p1b: Orthworm|slp|[msg]\n|move|p1b: Orthworm|Iron Defense|p1b: Orthworm\n|-boost|p1b: Orthworm|def|2\n|move|p1a: Ting-Lu|Earthquake|p2b: PresserOfBodies|[spread] p2b\n|-heal|p1b: Orthworm|92\/100|[from] ability: Earth Eater|[of] p1a: Ting-Lu\n|-damage|p2b: PresserOfBodies|20\/100\n|\n|-heal|p2b: PresserOfBodies|70\/100|[from] move: Wish|[wisher] PresserOfBodies\n|-heal|p2b: PresserOfBodies|76\/100|[from] item: Leftovers\n|upkeep\n|turn|10\n|c|\u2606Cody XCX|first game with this team btw\n|inactive|Cody XCX has 30 seconds left.\n|\n|t:|1681998152\n|move|p2b: PresserOfBodies|Body Press|p1a: Ting-Lu\n|-supereffective|p1a: Ting-Lu\n|-damage|p1a: Ting-Lu|0 fnt\n|faint|p1a: Ting-Lu\n|move|p1b: Orthworm|Iron Defense|p1b: Orthworm\n|-boost|p1b: Orthworm|def|2\n|\n|-heal|p2b: PresserOfBodies|82\/100|[from] item: Leftovers\n|upkeep\n|turn|11\n|\n|t:|1681998163\n|move|p2b: PresserOfBodies|Wish|p2b: PresserOfBodies\n|move|p1b: Orthworm|Iron Head|p2b: PresserOfBodies\n|-supereffective|p2b: PresserOfBodies\n|-damage|p2b: PresserOfBodies|55\/100\n|\n|-heal|p2b: PresserOfBodies|61\/100|[from] item: Leftovers\n|upkeep\n|turn|12\n|\n|t:|1681998172\n|move|p2b: PresserOfBodies|Body Press|p1b: Orthworm\n|-damage|p1b: Orthworm|84\/100\n|move|p1b: Orthworm|Body Press|p2b: PresserOfBodies\n|-resisted|p2b: PresserOfBodies\n|-damage|p2b: PresserOfBodies|38\/100\n|\n|-heal|p2b: PresserOfBodies|88\/100|[from] move: Wish|[wisher] PresserOfBodies\n|-heal|p2b: PresserOfBodies|94\/100|[from] item: Leftovers\n|upkeep\n|turn|13\n|\n|t:|1681998189\n|move|p2b: PresserOfBodies|Body Press|p1b: Orthworm\n|-damage|p1b: Orthworm|77\/100\n|move|p1b: Orthworm|Iron Head|p2b: PresserOfBodies\n|-supereffective|p2b: PresserOfBodies\n|-damage|p2b: PresserOfBodies|61\/100\n|\n|-heal|p2b: PresserOfBodies|68\/100|[from] item: Leftovers\n|upkeep\n|turn|14\n|\n|t:|1681998199\n|move|p2b: PresserOfBodies|Wish|p2b: PresserOfBodies\n|move|p1b: Orthworm|Iron Head|p2b: PresserOfBodies\n|-supereffective|p2b: PresserOfBodies\n|-damage|p2b: PresserOfBodies|37\/100\n|\n|-heal|p2b: PresserOfBodies|43\/100|[from] item: Leftovers\n|upkeep\n|turn|15\n|\n|t:|1681998208\n|move|p2b: PresserOfBodies|Yawn|p1b: Orthworm\n|-start|p1b: Orthworm|move: Yawn|[of] p2b: PresserOfBodies\n|move|p1b: Orthworm|Iron Head|p2b: PresserOfBodies\n|-supereffective|p2b: PresserOfBodies\n|-damage|p2b: PresserOfBodies|13\/100\n|\n|-heal|p2b: PresserOfBodies|63\/100|[from] move: Wish|[wisher] PresserOfBodies\n|-heal|p2b: PresserOfBodies|69\/100|[from] item: Leftovers\n|upkeep\n|turn|16\n|\n|t:|1681998220\n|move|p2b: PresserOfBodies|Wish|p2b: PresserOfBodies\n|move|p1b: Orthworm|Iron Head|p2b: PresserOfBodies\n|-supereffective|p2b: PresserOfBodies\n|-damage|p2b: PresserOfBodies|42\/100\n|\n|-heal|p2b: PresserOfBodies|48\/100|[from] item: Leftovers\n|-end|p1b: Orthworm|move: Yawn|[silent]\n|-status|p1b: Orthworm|slp\n|upkeep\n|turn|17\n|\n|t:|1681998227\n|move|p2b: PresserOfBodies|Body Press|p1b: Orthworm\n|-damage|p1b: Orthworm|68\/100 slp\n|cant|p1b: Orthworm|slp\n|\n|-heal|p2b: PresserOfBodies|98\/100|[from] move: Wish|[wisher] PresserOfBodies\n|-heal|p2b: PresserOfBodies|100\/100|[from] item: Leftovers\n|upkeep\n|turn|18\n|\n|t:|1681998236\n|move|p2b: PresserOfBodies|Body Press|p1b: Orthworm\n|-damage|p1b: Orthworm|60\/100 slp\n|cant|p1b: Orthworm|slp\n|\n|upkeep\n|turn|19\n|\n|t:|1681998242\n|move|p2b: PresserOfBodies|Body Press|p1b: Orthworm\n|-damage|p1b: Orthworm|52\/100 slp\n|cant|p1b: Orthworm|slp\n|\n|upkeep\n|turn|20\n|\n|t:|1681998247\n|move|p2b: PresserOfBodies|Body Press|p1b: Orthworm\n|-damage|p1b: Orthworm|43\/100 slp\n|-curestatus|p1b: Orthworm|slp|[msg]\n|move|p1b: Orthworm|Iron Head|p2b: PresserOfBodies\n|-supereffective|p2b: PresserOfBodies\n|-damage|p2b: PresserOfBodies|70\/100\n|\n|-heal|p2b: PresserOfBodies|76\/100|[from] item: Leftovers\n|upkeep\n|turn|21\n|c|\u2606Cody XCX|first game with this team btw\n|\n|t:|1681998260\n|move|p2b: PresserOfBodies|Yawn|p1b: Orthworm\n|-start|p1b: Orthworm|move: Yawn|[of] p2b: PresserOfBodies\n|move|p1b: Orthworm|Iron Head|p2b: PresserOfBodies\n|-supereffective|p2b: PresserOfBodies\n|-damage|p2b: PresserOfBodies|46\/100\n|\n|-heal|p2b: PresserOfBodies|52\/100|[from] item: Leftovers\n|upkeep\n|turn|22\n|\n|t:|1681998268\n|move|p2b: PresserOfBodies|Wish|p2b: PresserOfBodies\n|move|p1b: Orthworm|Iron Head|p2b: PresserOfBodies\n|-supereffective|p2b: PresserOfBodies\n|-damage|p2b: PresserOfBodies|22\/100\n|\n|-heal|p2b: PresserOfBodies|29\/100|[from] item: Leftovers\n|-end|p1b: Orthworm|move: Yawn|[silent]\n|-status|p1b: Orthworm|slp\n|upkeep\n|turn|23\n|c|\u2606Cody XCX|ur just mad you almost lost to someone who doesnt play this game LOOOOOOL\n|inactive|ether21 has 30 seconds left.\n|\n|t:|1681998294\n|move|p2b: PresserOfBodies|Body Press|p1b: Orthworm\n|-damage|p1b: Orthworm|35\/100 slp\n|cant|p1b: Orthworm|slp\n|\n|-heal|p2b: PresserOfBodies|79\/100|[from] move: Wish|[wisher] PresserOfBodies\n|-heal|p2b: PresserOfBodies|85\/100|[from] item: Leftovers\n|upkeep\n|turn|24\n|\n|t:|1681998303\n|move|p2b: PresserOfBodies|Body Press|p1b: Orthworm\n|-damage|p1b: Orthworm|26\/100 slp\n|cant|p1b: Orthworm|slp\n|\n|-heal|p2b: PresserOfBodies|91\/100|[from] item: Leftovers\n|upkeep\n|turn|25\n|inactiveoff|Battle timer is now OFF.\n|inactive|Battle timer is ON: inactive players will automatically lose when time's up. (requested by ether21)\n|c|\u2606ether21|Wait so you watched the video but dont play the game\n|c|\u2606ether21|Damn\n|c|\u2606ether21|Well gg\n|inactive|Cody XCX has 30 seconds left.\n|inactive|Cody XCX has 20 seconds left.\n|c|\u2606Cody XCX|hahaha ur soooo mad\n|inactive|Cody XCX has 15 seconds left.\n|inactive|Cody XCX has 10 seconds left.\n|c|\u2606ether21|I wish I could get mad\n|inactive|Cody XCX has 5 seconds left.\n|c|\u2606ether21|Too bad ramadhan\n|\n|t:|1681998412\n|move|p2b: PresserOfBodies|Body Press|p1b: Orthworm\n|-damage|p1b: Orthworm|19\/100 slp\n|-curestatus|p1b: Orthworm|slp|[msg]\n|move|p1b: Orthworm|Body Press|p2b: PresserOfBodies\n|-resisted|p2b: PresserOfBodies\n|-damage|p2b: PresserOfBodies|69\/100\n|\n|-heal|p2b: PresserOfBodies|75\/100|[from] item: Leftovers\n|upkeep\n|turn|26\n|inactive|Cody XCX has 5 seconds left this turn.\n|-message|Cody XCX lost due to inactivity.\n|\n|win|ether21\n|raw|Cody XCX's rating: 1219 → 1201<\/strong> (-18 for losing)\n|raw|ether21's rating: 1321 → 1335<\/strong> (+14 for winning)\n|c|\u2606ether21|HAHAHAHAHAHAHA\n|c|\u2606Cody XCX|bro is fuming hahahaha\n|c|\u2606ether21|Lol\n|c|\u2606ether21|Ur team was good tjo I admit that\n|l|\u2606ether21\n|c|\u2606Cody XCX|i stole it from the last guy i played\n|l|\u2606Cody XCX\n|j|\u2606ether21\n|player|p2|ether21|twins-gen4dp\n","uploadtime":1681998490,"views":9,"p1id":"codyxcx","p2id":"ether21","formatid":"gen9vgc2023regulationc","rating":1201,"private":0,"password":""}