{"id":"gen9vgc2023regulationc-1859947951","p1":"XD VIRGO","p2":"racczilla","format":"[Gen 9] VGC 2023 Regulation C","log":"|j|\u2606XD VIRGO\n|j|\u2606racczilla\n|t:|1683578389\n|gametype|doubles\n|player|p1|XD VIRGO|depotagent|\n|player|p2|racczilla|bugcatcher-gen4dp|\n|teamsize|p1|6\n|teamsize|p2|6\n|gen|9\n|tier|[Gen 9] VGC 2023 Regulation C\n|rated|Tournament battle\n|rule|Species Clause: Limit one of each Pok\u00e9mon\n|rule|Item Clause: Limit one of each item\n|clearpoke\n|poke|p1|Flutter Mane, L50|\n|poke|p1|Torkoal, L50, M|\n|poke|p1|Amoonguss, L50, M|\n|poke|p1|Chien-Pao, L50|\n|poke|p1|Dragonite, L50, F|\n|poke|p1|Arcanine, L50, M|\n|poke|p2|Talonflame, L50, F|\n|poke|p2|Tinkaton, L50, F|\n|poke|p2|Roaring Moon, L50|\n|poke|p2|Amoonguss, L50, F|\n|poke|p2|Flutter Mane, L50|\n|poke|p2|Tauros-Paldea-Aqua, L50, M|\n|teampreview|4\n|raw| Open Team Sheet for XD VIRGO<\/summary>Flutter Mane @ Leftovers Ability: Protosynthesis Level: 50 Tera Type: Water - Dazzling Gleam - Shadow Ball - Substitute - Protect Torkoal (M) @ Eject Pack Ability: Drought Level: 50 Shiny: Yes Tera Type: Water - Stealth Rock - Overheat - Protect Amoonguss @ Sitrus Berry Ability: Regenerator Level: 50 Tera Type: Grass - Pollen Puff - Rage Powder - Spore - Protect Chien-Pao @ Focus Sash Ability: Sword of Ruin Level: 50 Tera Type: Ghost - Sacred Sword - Ice Spinner - Haze - Protect Dragonite (F) @ Assault Vest Ability: Inner Focus Level: 50 Tera Type: Normal - Extreme Speed - Aerial Ace - Ice Spinner - Facade Arcanine (M) @ Safety Goggles Ability: Intimidate Level: 50 Tera Type: Water - Flare Blitz - Extreme Speed - Helping Hand - Protect <\/details><\/div> Open Team Sheet for racczilla<\/summary>Talonflame @ Sharp Beak Ability: Gale Wings Level: 50 Tera Type: Ghost - Brave Bird - Will-O-Wisp - Tailwind - Quick Guard Tinkaton (F) @ Sitrus Berry Ability: Mold Breaker Level: 50 Tera Type: Water - Gigaton Hammer - Fake Out - Feint - Thunder Wave Roaring Moon @ Booster Energy Ability: Protosynthesis Level: 50 Tera Type: Flying - Throat Chop - Acrobatics - Dragon Dance - Protect Amoonguss @ Rocky Helmet Ability: Regenerator Level: 50 Tera Type: Water - Clear Smog - Pollen Puff - Spore - Rage Powder Flutter Mane @ Life Orb Ability: Protosynthesis Level: 50 Tera Type: Fairy - Shadow Ball - Moonblast - Dazzling Gleam - Protect Tauros (Tauros-Paldea-Aqua) (M) @ Assault Vest Ability: Intimidate Level: 50 Tera Type: Fire - Close Combat - Wave Crash - Raging Bull - Aqua Jet <\/details><\/div>\n|\n|t:|1683578519\n|start\n|switch|p1a: Chien-Pao|Chien-Pao, L50|100\/100\n|switch|p1b: Dragonite|Dragonite, L50, F|100\/100\n|switch|p2a: Tinkaton|Tinkaton, L50, F|100\/100\n|switch|p2b: Talonflame|Talonflame, L50, F|100\/100\n|-ability|p1a: Chien-Pao|Sword of Ruin\n|-ability|p2a: Tinkaton|Mold Breaker\n|turn|1\n|\n|t:|1683578534\n|switch|p1b: Arcanine|Arcanine, L50, M|100\/100\n|-ability|p1b: Arcanine|Intimidate|boost\n|-unboost|p2a: Tinkaton|atk|1\n|-unboost|p2b: Talonflame|atk|1\n|move|p1a: Chien-Pao|Protect|p1a: Chien-Pao\n|-singleturn|p1a: Chien-Pao|Protect\n|move|p2a: Tinkaton|Fake Out|p1b: Arcanine\n|-damage|p1b: Arcanine|92\/100\n|move|p2b: Talonflame|Tailwind|p2b: Talonflame\n|-sidestart|p2: racczilla|move: Tailwind\n|\n|upkeep\n|turn|2\n|\n|t:|1683578559\n|move|p2b: Talonflame|Brave Bird|p1a: Chien-Pao\n|-damage|p1a: Chien-Pao|58\/100\n|-damage|p2b: Talonflame|88\/100|[from] Recoil\n|move|p2a: Tinkaton|Gigaton Hammer|p1a: Chien-Pao\n|-supereffective|p1a: Chien-Pao\n|-damage|p1a: Chien-Pao|0 fnt\n|faint|p1a: Chien-Pao\n|move|p1b: Arcanine|Flare Blitz|p2a: Tinkaton\n|-supereffective|p2a: Tinkaton\n|-damage|p2a: Tinkaton|5\/100\n|-enditem|p2a: Tinkaton|Sitrus Berry|[eat]\n|-heal|p2a: Tinkaton|30\/100|[from] item: Sitrus Berry\n|-damage|p1b: Arcanine|61\/100|[from] Recoil\n|\n|upkeep\n|\n|t:|1683578577\n|switch|p1a: Dragonite|Dragonite, L50, F|100\/100\n|turn|3\n|\n|t:|1683578599\n|-terastallize|p1a: Dragonite|Normal\n|move|p2a: Tinkaton|Feint|p1a: Dragonite\n|-damage|p1a: Dragonite|96\/100\n|move|p1b: Arcanine|Extreme Speed|p2b: Talonflame\n|-damage|p2b: Talonflame|59\/100\n|move|p1a: Dragonite|Extreme Speed|p2b: Talonflame\n|-damage|p2b: Talonflame|0 fnt\n|faint|p2b: Talonflame\n|\n|upkeep\n|\n|t:|1683578608\n|switch|p2b: Tauros|Tauros-Paldea-Aqua, L50, M|100\/100\n|-ability|p2b: Tauros|Intimidate|boost\n|-fail|p1a: Dragonite|unboost|Attack|[from] ability: Inner Focus|[of] p1a: Dragonite\n|-unboost|p1b: Arcanine|atk|1\n|turn|4\n|\n|t:|1683578626\n|move|p1b: Arcanine|Helping Hand|p1a: Dragonite\n|-singleturn|p1a: Dragonite|Helping Hand|[of] p1b: Arcanine\n|move|p2b: Tauros|Wave Crash|p1a: Dragonite\n|-damage|p1a: Dragonite|38\/100\n|-damage|p2b: Tauros|77\/100|[from] Recoil\n|move|p2a: Tinkaton|Gigaton Hammer|p1a: Dragonite\n|-damage|p1a: Dragonite|0 fnt\n|faint|p1a: Dragonite\n|\n|-sideend|p2: racczilla|move: Tailwind\n|upkeep\n|\n|t:|1683578637\n|switch|p1a: Amoonguss|Amoonguss, L50, M|100\/100\n|turn|5\n|\n|t:|1683578652\n|move|p1a: Amoonguss|Rage Powder|p1a: Amoonguss\n|-singleturn|p1a: Amoonguss|move: Rage Powder\n|move|p2b: Tauros|Wave Crash|p1a: Amoonguss\n|-resisted|p1a: Amoonguss\n|-damage|p1a: Amoonguss|77\/100\n|-damage|p2b: Tauros|67\/100|[from] Recoil\n|move|p2a: Tinkaton|Thunder Wave|p1a: Amoonguss\n|-status|p1a: Amoonguss|par\n|move|p1b: Arcanine|Flare Blitz|p2a: Tinkaton\n|-supereffective|p2a: Tinkaton\n|-damage|p2a: Tinkaton|0 fnt\n|faint|p2a: Tinkaton\n|-damage|p1b: Arcanine|52\/100|[from] Recoil\n|\n|upkeep\n|\n|t:|1683578656\n|switch|p2a: Roaring Moon|Roaring Moon, L50|100\/100\n|-enditem|p2a: Roaring Moon|Booster Energy\n|-activate|p2a: Roaring Moon|ability: Protosynthesis|[fromitem]\n|-start|p2a: Roaring Moon|protosynthesisatk\n|turn|6\n|\n|t:|1683578680\n|move|p1a: Amoonguss|Protect|p1a: Amoonguss\n|-singleturn|p1a: Amoonguss|Protect\n|move|p1b: Arcanine|Extreme Speed|p2a: Roaring Moon\n|-damage|p2a: Roaring Moon|85\/100\n|move|p2b: Tauros|Wave Crash|p1b: Arcanine\n|-supereffective|p1b: Arcanine\n|-damage|p1b: Arcanine|0 fnt\n|faint|p1b: Arcanine\n|-damage|p2b: Tauros|45\/100|[from] Recoil\n|move|p2a: Roaring Moon|Acrobatics|p1a: Amoonguss\n|-activate|p1a: Amoonguss|move: Protect\n|\n|upkeep\n|turn|7\n|-message|XD VIRGO forfeited.\n|\n|win|racczilla\n|n|\u2606XD VIRGO|xdvirgo\n|n|\u2606racczilla|racczilla\n|l|\u2606XD VIRGO\n|c|\u2606racczilla|gg\n","uploadtime":1683579156,"views":9,"p1id":"xdvirgo","p2id":"racczilla","formatid":"gen9vgc2023regulationc","rating":0,"private":0,"password":""}