{"id":"gen9vgc2023regulationc-1854865373","p1":"RNG cant stop me","p2":"unimulticorn","format":"[Gen 9] VGC 2023 Regulation C","log":"|j|\u2606RNG cant stop me\n|j|\u2606unimulticorn\n|t:|1682874835\n|gametype|doubles\n|player|p1|RNG cant stop me|n|1094\n|player|p2|unimulticorn|caitlin|1049\n|teamsize|p1|6\n|teamsize|p2|6\n|gen|9\n|tier|[Gen 9] VGC 2023 Regulation C\n|rated|\n|rule|Species Clause: Limit one of each Pok\u00e9mon\n|rule|Item Clause: Limit one of each item\n|clearpoke\n|poke|p1|Ting-Lu, L50|\n|poke|p1|Chien-Pao, L50|\n|poke|p1|Palafin, L50, F|\n|poke|p1|Amoonguss, L50, F|\n|poke|p1|Arcanine, L50, M|\n|poke|p1|Dragapult, L50, M|\n|poke|p2|Sableye, L50, M|\n|poke|p2|Amoonguss, L50, F|\n|poke|p2|Baxcalibur, L50, F|\n|poke|p2|Chien-Pao, L50|\n|poke|p2|Armarouge, L50, F|\n|poke|p2|Gyarados, L50, M|\n|teampreview|4\n|inactive|Battle timer is ON: inactive players will automatically lose when time's up. (requested by unimulticorn)\nRNG cant stop me has agreed to open team sheets.\n|c|\u2606RNG cant stop me|gl hf\n|inactive|RNG cant stop me has 60 seconds left.\n|\n|t:|1682874869\n|start\n|switch|p1a: Envy|Dragapult, L50, M, shiny|100\/100\n|switch|p1b: R K 9|Arcanine, L50, M, shiny|100\/100\n|switch|p2a: Sableye|Sableye, L50, M|100\/100\n|switch|p2b: Armarouge|Armarouge, L50, F|100\/100\n|-ability|p1b: R K 9|Intimidate|boost\n|-unboost|p2a: Sableye|atk|1\n|-unboost|p2b: Armarouge|atk|1\n|turn|1\n|\n|t:|1682874891\n|-terastallize|p1a: Envy|Dragon\n|move|p1b: R K 9|Extreme Speed|p2b: Armarouge\n|-damage|p2b: Armarouge|74\/100\n|-ability|p2b: Armarouge|Weak Armor|boost\n|-unboost|p2b: Armarouge|def|1\n|-boost|p2b: Armarouge|spe|2\n|move|p2b: Armarouge|Psychic|p1b: R K 9\n|-crit|p1b: R K 9\n|-damage|p1b: R K 9|10\/100\n|move|p1a: Envy|Dragon Darts|p2b: Armarouge\n|-damage|p2b: Armarouge|0 fnt\n|-anim|p1a: Envy|Dragon Darts|p2a: Sableye\n|-damage|p2a: Sableye|50\/100\n|faint|p2b: Armarouge\n|move|p2a: Sableye|Foul Play|p1a: Envy\n|-damage|p1a: Envy|30\/100\n|\n|upkeep\n|\n|t:|1682874907\n|switch|p2b: Amoonguss|Amoonguss, L50, F|100\/100\n|turn|2\n|\n|t:|1682874931\n|-terastallize|p2b: Amoonguss|Dark\n|move|p2a: Sableye|Skill Swap|p2b: Amoonguss\n|-activate|p2a: Sableye|move: Skill Swap|||[of] p2b: Amoonguss\n|move|p2b: Amoonguss|Spore|p1a: Envy\n|-status|p1a: Envy|slp|[from] move: Spore\n|cant|p1a: Envy|slp\n|move|p1b: R K 9|Flare Blitz|p2b: Amoonguss\n|-damage|p2b: Amoonguss|41\/100\n|-damage|p1b: R K 9|0 fnt|[from] Recoil\n|faint|p1b: R K 9\n|\n|-heal|p2b: Amoonguss|47\/100|[from] item: Leftovers\n|upkeep\n|\n|t:|1682874945\n|switch|p1b: nayeli|Amoonguss, L50, F|100\/100\n|turn|3\n|\n|t:|1682874975\n|switch|p1a: Rarw:3|Chien-Pao, L50|100\/100\n|-ability|p1a: Rarw:3|Sword of Ruin\n|switch|p2a: Gyarados|Gyarados, L50, M|100\/100\n|-ability|p2a: Gyarados|Intimidate|boost\n|-unboost|p1a: Rarw:3|atk|1\n|-unboost|p1b: nayeli|atk|1\n|move|p2b: Amoonguss|Synthesis|p2b: Amoonguss\n|-heal|p2b: Amoonguss|96\/100\n|move|p1b: nayeli|Spore|p2b: Amoonguss\n|-status|p2b: Amoonguss|slp|[from] move: Spore\n|\n|-heal|p2b: Amoonguss|100\/100 slp|[from] item: Leftovers\n|upkeep\n|turn|4\n|\n|t:|1682874999\n|move|p1a: Rarw:3|Protect|p1a: Rarw:3\n|-singleturn|p1a: Rarw:3|Protect\n|cant|p2b: Amoonguss|slp\n|move|p2a: Gyarados|Ice Fang|p1b: nayeli\n|-supereffective|p1b: nayeli\n|-damage|p1b: nayeli|42\/100\n|move|p1b: nayeli|Spore|p2a: Gyarados\n|-status|p2a: Gyarados|slp|[from] move: Spore\n|-enditem|p2a: Gyarados|Lum Berry|[eat]\n|-curestatus|p2a: Gyarados|slp|[msg]\n|\n|-heal|p1b: nayeli|48\/100|[from] item: Leftovers\n|upkeep\n|turn|5\n|\n|t:|1682875012\n|move|p1b: nayeli|Protect|p1b: nayeli\n|-singleturn|p1b: nayeli|Protect\n|cant|p2b: Amoonguss|slp\n|move|p1a: Rarw:3|Sacred Sword|p2b: Amoonguss\n|-supereffective|p2b: Amoonguss\n|-damage|p2b: Amoonguss|40\/100 slp\n|move|p2a: Gyarados|Ice Fang|p1b: nayeli\n|-activate|p1b: nayeli|move: Protect\n|\n|-heal|p2b: Amoonguss|46\/100 slp|[from] item: Leftovers\n|-heal|p1b: nayeli|53\/100|[from] item: Leftovers\n|upkeep\n|turn|6\n|\n|t:|1682875032\n|move|p1b: nayeli|Protect|p1b: nayeli\n|-singleturn|p1b: nayeli|Protect\n|-curestatus|p2b: Amoonguss|slp|[msg]\n|move|p2b: Amoonguss|Synthesis|p2b: Amoonguss\n|-heal|p2b: Amoonguss|96\/100\n|move|p1a: Rarw:3|Sacred Sword|p2b: Amoonguss\n|-supereffective|p2b: Amoonguss\n|-damage|p2b: Amoonguss|39\/100\n|move|p2a: Gyarados|Ice Fang|p1b: nayeli\n|-activate|p1b: nayeli|move: Protect\n|\n|-heal|p2b: Amoonguss|45\/100|[from] item: Leftovers\n|-heal|p1b: nayeli|59\/100|[from] item: Leftovers\n|upkeep\n|turn|7\n|\n|t:|1682875049\n|move|p1b: nayeli|Rage Powder|p1b: nayeli\n|-singleturn|p1b: nayeli|move: Rage Powder\n|move|p2b: Amoonguss|Spore|p1b: nayeli\n|-immune|p1b: nayeli\n|move|p1a: Rarw:3|Sacred Sword|p2b: Amoonguss\n|-supereffective|p2b: Amoonguss\n|-damage|p2b: Amoonguss|0 fnt\n|faint|p2b: Amoonguss\n|move|p2a: Gyarados|Ice Fang|p1b: nayeli\n|-supereffective|p1b: nayeli\n|-damage|p1b: nayeli|0 fnt\n|faint|p1b: nayeli\n|\n|upkeep\n|\n|t:|1682875058\n|switch|p2b: Sableye|Sableye, L50, M|50\/100\n|switch|p1b: Envy|Dragapult, L50, M, shiny, tera:Dragon|30\/100 slp\n|turn|8\n|\n|t:|1682875080\n|move|p2b: Sableye|Skill Swap|p2a: Gyarados\n|-activate|p2b: Sableye|move: Skill Swap|||[of] p2a: Gyarados\n|-ability|p2b: Sableye|Intimidate|boost\n|-unboost|p1a: Rarw:3|atk|1\n|-fail|p1b: Envy|unboost|[from] ability: Clear Body|[of] p1b: Envy\n|cant|p1b: Envy|slp\n|move|p1a: Rarw:3|Ice Spinner|p2a: Gyarados\n|-damage|p2a: Gyarados|65\/100\n|move|p2a: Gyarados|Outrage|p1b: Envy\n|-supereffective|p1b: Envy\n|-damage|p1b: Envy|0 fnt\n|faint|p1b: Envy\n|\n|upkeep\n|turn|9\n|inactive|RNG cant stop me has 30 seconds left.\n|\n|t:|1682875106\n|move|p1a: Rarw:3|Sucker Punch|p2a: Gyarados\n|-damage|p2a: Gyarados|35\/100\n|move|p2a: Gyarados|Outrage|p1a: Rarw:3|[from]lockedmove\n|-damage|p1a: Rarw:3|44\/100\n|move|p2b: Sableye|Skill Swap|p2a: Gyarados\n|-activate|p2b: Sableye|move: Skill Swap|||[of] p2a: Gyarados\n|-ability|p2a: Gyarados|Intimidate|boost\n|-unboost|p1a: Rarw:3|atk|1\n|\n|upkeep\n|turn|10\n|inactive|unimulticorn has 30 seconds left.\n|inactive|unimulticorn has 20 seconds left.\n|\n|t:|1682875144\n|move|p1a: Rarw:3|Protect|p1a: Rarw:3\n|-singleturn|p1a: Rarw:3|Protect\n|move|p2b: Sableye|Skill Swap|p2a: Gyarados\n|-activate|p2b: Sableye|move: Skill Swap|||[of] p2a: Gyarados\n|-ability|p2b: Sableye|Intimidate|boost\n|-unboost|p1a: Rarw:3|atk|1\n|move|p2a: Gyarados|Outrage|p1a: Rarw:3|[from]lockedmove\n|-activate|p1a: Rarw:3|move: Protect\n|-start|p2a: Gyarados|confusion|[fatigue]\n|\n|upkeep\n|turn|11\n|\n|t:|1682875158\n|move|p1a: Rarw:3|Ice Spinner|p2a: Gyarados\n|-damage|p2a: Gyarados|10\/100\n|-activate|p2a: Gyarados|confusion\n|move|p2a: Gyarados|Ice Fang|p1a: Rarw:3\n|-resisted|p1a: Rarw:3\n|-damage|p1a: Rarw:3|26\/100\n|move|p2b: Sableye|Skill Swap|p2a: Gyarados\n|-activate|p2b: Sableye|move: Skill Swap|||[of] p2a: Gyarados\n|-ability|p2a: Gyarados|Intimidate|boost\n|-unboost|p1a: Rarw:3|atk|1\n|\n|upkeep\n|turn|12\n|\n|t:|1682875174\n|move|p1a: Rarw:3|Ice Spinner|p2a: Gyarados\n|-damage|p2a: Gyarados|0 fnt\n|faint|p2a: Gyarados\n|move|p2b: Sableye|Foul Play|p1a: Rarw:3\n|-resisted|p1a: Rarw:3\n|-damage|p1a: Rarw:3|17\/100\n|\n|upkeep\n|turn|13\n|\n|t:|1682875178\n|move|p1a: Rarw:3|Ice Spinner|p2b: Sableye\n|-damage|p2b: Sableye|34\/100\n|move|p2b: Sableye|Foul Play|p1a: Rarw:3\n|-resisted|p1a: Rarw:3\n|-damage|p1a: Rarw:3|8\/100\n|\n|upkeep\n|turn|14\n|\n|t:|1682875185\n|move|p1a: Rarw:3|Ice Spinner|p2b: Sableye\n|-damage|p2b: Sableye|19\/100\n|-enditem|p2b: Sableye|Mago Berry|[eat]\n|-heal|p2b: Sableye|52\/100|[from] item: Mago Berry\n|move|p2b: Sableye|Foul Play|p1a: Rarw:3\n|-resisted|p1a: Rarw:3\n|-damage|p1a: Rarw:3|0 fnt\n|faint|p1a: Rarw:3\n|\n|win|unimulticorn\n|raw|RNG cant stop me's rating: 1094 → 1067<\/strong> (-27 for losing)\n|raw|unimulticorn's rating: 1049 → 1086<\/strong> (+37 for winning)\n|c|\u2606RNG cant stop me|gg\n|l|\u2606RNG cant stop me\n","uploadtime":1682875210,"views":12,"p1id":"rngcantstopme","p2id":"unimulticorn","formatid":"gen9vgc2023regulationc","rating":1067,"private":0,"password":""}