{"id":"gen9vgc2023regulationc-1862524583","p1":"mfDOOMvmax","p2":"tomachovgc","format":"[Gen 9] VGC 2023 Regulation C","log":"|j|\u2606mfDOOMvmax\n|j|\u2606tomachovgc\n|t:|1683897379\n|gametype|doubles\n|player|p1|mfDOOMvmax|ingo|1225\n|player|p2|tomachovgc|169|1145\n|teamsize|p1|6\n|teamsize|p2|6\n|gen|9\n|tier|[Gen 9] VGC 2023 Regulation C\n|rated|\n|rule|Species Clause: Limit one of each Pok\u00e9mon\n|rule|Item Clause: Limit one of each item\n|clearpoke\n|poke|p1|Orthworm, L50, F|\n|poke|p1|Ceruledge, L50, F|\n|poke|p1|Kingambit, L50, F|\n|poke|p1|Flutter Mane, L50|\n|poke|p1|Tyranitar, L50, M|\n|poke|p1|Wo-Chien, L50|\n|poke|p2|Murkrow, L50, F|\n|poke|p2|Amoonguss, L50, F|\n|poke|p2|Flutter Mane, L50|\n|poke|p2|Arcanine, L50, M|\n|poke|p2|Roaring Moon, L50|\n|poke|p2|Iron Bundle, L50|\n|teampreview|4\n|inactive|Battle timer is ON: inactive players will automatically lose when time's up. (requested by mfDOOMvmax)\n|inactive|mfDOOMvmax has 60 seconds left.\n|inactive|tomachovgc has 60 seconds left.\n|inactive|tomachovgc has 30 seconds left.\n|inactive|tomachovgc has 20 seconds left.\n|inactive|tomachovgc has 15 seconds left.\n|c|\u2606mfDOOMvmax|gl\n|\n|t:|1683897457\n|start\n|switch|p1a: Kingambit|Kingambit, L50, F, shiny|100\/100\n|switch|p1b: Flutter Mane|Flutter Mane, L50|100\/100\n|switch|p2a: Iron Bundle|Iron Bundle, L50|100\/100\n|switch|p2b: Arcanine|Arcanine, L50, M|100\/100\n|-ability|p2b: Arcanine|Intimidate|boost\n|-unboost|p1a: Kingambit|atk|1\n|-ability|p1a: Kingambit|Defiant|boost\n|-boost|p1a: Kingambit|atk|2\n|-unboost|p1b: Flutter Mane|atk|1\n|-enditem|p2a: Iron Bundle|Booster Energy\n|-activate|p2a: Iron Bundle|ability: Quark Drive|[fromitem]\n|-start|p2a: Iron Bundle|quarkdrivespe\n|-enditem|p1b: Flutter Mane|Booster Energy\n|-activate|p1b: Flutter Mane|ability: Protosynthesis|[fromitem]\n|-start|p1b: Flutter Mane|protosynthesisspe\n|turn|1\n|c|\u2606tomachovgc|u2\n|inactive|mfDOOMvmax has 30 seconds left.\n|\n|t:|1683897491\n|move|p2a: Iron Bundle|Protect|p2a: Iron Bundle\n|-singleturn|p2a: Iron Bundle|Protect\n|move|p1b: Flutter Mane|Protect|p1b: Flutter Mane\n|-singleturn|p1b: Flutter Mane|Protect\n|move|p1a: Kingambit|Sucker Punch||[still]\n|-fail|p1a: Kingambit\n|move|p2b: Arcanine|Will-O-Wisp|p1a: Kingambit\n|-status|p1a: Kingambit|brn\n|\n|-damage|p1a: Kingambit|95\/100 brn|[from] brn\n|upkeep\n|turn|2\n|inactive|mfDOOMvmax has 30 seconds left.\n|\n|t:|1683897523\n|move|p1a: Kingambit|Sucker Punch|p2b: Arcanine\n|-damage|p2b: Arcanine|69\/100\n|move|p2a: Iron Bundle|Encore|p1a: Kingambit\n|-start|p1a: Kingambit|Encore\n|move|p1b: Flutter Mane|Substitute|p1b: Flutter Mane\n|-start|p1b: Flutter Mane|Substitute\n|-damage|p1b: Flutter Mane|76\/100\n|move|p2b: Arcanine|Flare Blitz|p1b: Flutter Mane\n|-end|p1b: Flutter Mane|Substitute\n|-damage|p2b: Arcanine|63\/100|[from] Recoil|[of] p1b: Flutter Mane\n|\n|-damage|p1a: Kingambit|89\/100 brn|[from] brn\n|upkeep\n|turn|3\n|inactive|mfDOOMvmax has 30 seconds left.\n|\n|t:|1683897550\n|move|p1a: Kingambit|Sucker Punch|p2b: Arcanine\n|-damage|p2b: Arcanine|29\/100\n|-enditem|p2b: Arcanine|Sitrus Berry|[eat]\n|-heal|p2b: Arcanine|54\/100|[from] item: Sitrus Berry\n|move|p2a: Iron Bundle|Hydro Pump|p1b: Flutter Mane|[miss]\n|-miss|p2a: Iron Bundle|p1b: Flutter Mane\n|move|p1b: Flutter Mane|Dazzling Gleam|p2b: Arcanine|[spread] p2a,p2b\n|-resisted|p2b: Arcanine\n|-crit|p2b: Arcanine\n|-damage|p2a: Iron Bundle|40\/100\n|-damage|p2b: Arcanine|33\/100\n|move|p2b: Arcanine|Flare Blitz|p1a: Kingambit\n|-supereffective|p1a: Kingambit\n|-damage|p1a: Kingambit|11\/100 brn\n|-damage|p2b: Arcanine|6\/100|[from] Recoil\n|\n|-damage|p1a: Kingambit|5\/100 brn|[from] brn\n|upkeep\n|turn|4\n|inactive|mfDOOMvmax has 30 seconds left.\n|inactive|tomachovgc has 30 seconds left.\n|inactive|tomachovgc has 20 seconds left.\n|inactive|tomachovgc has 15 seconds left.\n|\n|t:|1683897595\n|move|p2a: Iron Bundle|Protect|p2a: Iron Bundle\n|-singleturn|p2a: Iron Bundle|Protect\n|move|p1b: Flutter Mane|Protect|p1b: Flutter Mane\n|-singleturn|p1b: Flutter Mane|Protect\n|move|p1a: Kingambit|Sucker Punch||[still]\n|-fail|p1a: Kingambit\n|move|p2b: Arcanine|Will-O-Wisp|p1b: Flutter Mane\n|-activate|p1b: Flutter Mane|move: Protect\n|\n|-damage|p1a: Kingambit|0 fnt|[from] brn\n|faint|p1a: Kingambit\n|upkeep\n|\n|t:|1683897605\n|switch|p1a: Tyranitar|Tyranitar, L50, M, shiny|100\/100\n|-weather|Sandstorm|[from] ability: Sand Stream|[of] p1a: Tyranitar\n|turn|5\n|\n|t:|1683897621\n|switch|p1a: Ceruledge|Ceruledge, L50, F|100\/100\n|move|p2a: Iron Bundle|Hydro Pump|p1b: Flutter Mane\n|-damage|p1b: Flutter Mane|20\/100\n|move|p1b: Flutter Mane|Dazzling Gleam|p2a: Iron Bundle|[spread] p2a,p2b\n|-resisted|p2b: Arcanine\n|-damage|p2a: Iron Bundle|0 fnt\n|-damage|p2b: Arcanine|0 fnt\n|faint|p2a: Iron Bundle\n|-end|p2a: Iron Bundle|Quark Drive|[silent]\n|faint|p2b: Arcanine\n|\n|-weather|Sandstorm|[upkeep]\n|-damage|p1b: Flutter Mane|14\/100|[from] Sandstorm\n|upkeep\n|\n|t:|1683897626\n|switch|p2a: Murkrow|Murkrow, L50, F|100\/100\n|switch|p2b: Roaring Moon|Roaring Moon, L50|100\/100\n|turn|6\n|inactive|mfDOOMvmax has 30 seconds left.\n|inactive|tomachovgc has 30 seconds left.\n|\n|t:|1683897658\n|move|p1a: Ceruledge|Protect|p1a: Ceruledge\n|-singleturn|p1a: Ceruledge|Protect\n|move|p2a: Murkrow|Tailwind|p2a: Murkrow\n|-sidestart|p2: tomachovgc|move: Tailwind\n|move|p2b: Roaring Moon|Throat Chop|p1b: Flutter Mane\n|-damage|p1b: Flutter Mane|0 fnt\n|faint|p1b: Flutter Mane\n|-end|p1b: Flutter Mane|Protosynthesis|[silent]\n|\n|-weather|Sandstorm|[upkeep]\n|-damage|p2b: Roaring Moon|94\/100|[from] Sandstorm\n|-damage|p2a: Murkrow|95\/100|[from] Sandstorm\n|upkeep\n|\n|t:|1683897664\n|switch|p1b: Tyranitar|Tyranitar, L50, M, shiny|100\/100\n|turn|7\n|\n|t:|1683897686\n|move|p2a: Murkrow|Taunt|p1a: Ceruledge\n|-start|p1a: Ceruledge|move: Taunt\n|move|p2b: Roaring Moon|Throat Chop|p1a: Ceruledge\n|-supereffective|p1a: Ceruledge\n|-damage|p1a: Ceruledge|8\/100\n|-start|p1a: Ceruledge|Throat Chop|[silent]\n|move|p1a: Ceruledge|Bitter Blade|p2a: Murkrow\n|-damage|p2a: Murkrow|44\/100\n|-heal|p1a: Ceruledge|31\/100|[from] drain|[of] p2a: Murkrow\n|move|p1b: Tyranitar|Rock Slide|p2a: Murkrow|[spread] p2a,p2b\n|-supereffective|p2a: Murkrow\n|-damage|p2a: Murkrow|0 fnt\n|-damage|p2b: Roaring Moon|35\/100\n|faint|p2a: Murkrow\n|\n|-weather|Sandstorm|[upkeep]\n|-damage|p2b: Roaring Moon|29\/100|[from] Sandstorm\n|upkeep\n|turn|8\n|\n|t:|1683897709\n|-terastallize|p2b: Roaring Moon|Steel\n|move|p2b: Roaring Moon|Throat Chop|p1a: Ceruledge\n|-supereffective|p1a: Ceruledge\n|-damage|p1a: Ceruledge|0 fnt\n|faint|p1a: Ceruledge\n|move|p1b: Tyranitar|Rock Slide|p2b: Roaring Moon|[miss]\n|-miss|p1b: Tyranitar|p2b: Roaring Moon\n|\n|-weather|Sandstorm|[upkeep]\n|upkeep\n|turn|9\n|\n|t:|1683897718\n|move|p2b: Roaring Moon|Iron Head|p1b: Tyranitar\n|-supereffective|p1b: Tyranitar\n|-damage|p1b: Tyranitar|25\/100\n|move|p1b: Tyranitar|Rock Slide|p2b: Roaring Moon\n|-resisted|p2b: Roaring Moon\n|-damage|p2b: Roaring Moon|0 fnt\n|faint|p2b: Roaring Moon\n|-end|p2b: Roaring Moon|Protosynthesis|[silent]\n|\n|win|mfDOOMvmax\n|raw|mfDOOMvmax's rating: 1225 → 1244<\/strong> (+19 for winning)\n|raw|tomachovgc's rating: 1145 → 1126<\/strong> (-19 for losing)\n|l|\u2606tomachovgc\n","uploadtime":1683897727,"views":10,"p1id":"mfdoomvmax","p2id":"tomachovgc","formatid":"gen9vgc2023regulationc","rating":1126,"private":0,"password":""}