{"id":"gen9vgc2023regulationc-1845116971","p1":"RogueWings167581","p2":"Flame023","format":"[Gen 9] VGC 2023 Regulation C","log":"|j|\u2606RogueWings167581\n|j|\u2606Flame023\n|t:|1681685511\n|gametype|doubles\n|player|p1|RogueWings167581|2|1212\n|player|p2|Flame023|red|1233\n|teamsize|p1|6\n|teamsize|p2|6\n|gen|9\n|tier|[Gen 9] VGC 2023 Regulation C\n|rated|\n|rule|Species Clause: Limit one of each Pok\u00e9mon\n|rule|Item Clause: Limit one of each item\n|clearpoke\n|poke|p1|Dondozo, L50, M|\n|poke|p1|Tatsugiri-Stretchy, L50, M|\n|poke|p1|Glimmora, L50, F|\n|poke|p1|Dragonite, L50, M|\n|poke|p1|Chien-Pao, L50|\n|poke|p1|Ceruledge, L50, F|\n|poke|p2|Lucario, L50, F|\n|poke|p2|Gyarados, L50, F|\n|poke|p2|Garchomp, L50, M|\n|poke|p2|Rotom-Heat, L50|\n|poke|p2|Flutter Mane, L50|\n|poke|p2|Kingambit, L50, M|\n|teampreview|4\nFlame023 has agreed to open team sheets.\n|\n|t:|1681685573\n|start\n|switch|p1a: Chien-Pao|Chien-Pao, L50|100\/100\n|switch|p1b: Ceruledge|Ceruledge, L50, F|100\/100\n|switch|p2a: Garchomp|Garchomp, L50, M|100\/100\n|switch|p2b: Gyarados|Gyarados, L50, F|100\/100\n|-ability|p2b: Gyarados|Intimidate|boost\n|-unboost|p1a: Chien-Pao|atk|1\n|-fail|p1b: Ceruledge|unboost|[from] item: Clear Amulet|[of] p1b: Ceruledge\n|-ability|p1a: Chien-Pao|Sword of Ruin\n|turn|1\n|\n|t:|1681685611\n|switch|p1a: Tatsugiri|Tatsugiri-Stretchy, L50, M|100\/100\n|-terastallize|p2a: Garchomp|Fire\n|move|p1b: Ceruledge|Protect|p1b: Ceruledge\n|-singleturn|p1b: Ceruledge|Protect\n|move|p2b: Gyarados|Waterfall|p1a: Tatsugiri\n|-resisted|p1a: Tatsugiri\n|-damage|p1a: Tatsugiri|82\/100\n|move|p2a: Garchomp|Earthquake|p1b: Ceruledge|[spread] p1a\n|-activate|p1b: Ceruledge|move: Protect\n|-immune|p2b: Gyarados\n|-damage|p1a: Tatsugiri|0 fnt\n|faint|p1a: Tatsugiri\n|\n|upkeep\n|\n|t:|1681685636\n|switch|p1a: Dondozo|Dondozo, L50, M|100\/100\n|turn|2\n|\n|t:|1681685668\n|move|p2b: Gyarados|Waterfall|p1b: Ceruledge\n|-supereffective|p1b: Ceruledge\n|-damage|p1b: Ceruledge|0 fnt\n|faint|p1b: Ceruledge\n|move|p2a: Garchomp|Stomping Tantrum|p1a: Dondozo\n|-damage|p1a: Dondozo|70\/100\n|move|p1a: Dondozo|Wave Crash|p2a: Garchomp\n|-supereffective|p2a: Garchomp\n|-crit|p2a: Garchomp\n|-damage|p2a: Garchomp|0 fnt\n|-damage|p1a: Dondozo|58\/100|[from] ability: Rough Skin|[of] p2a: Garchomp\n|faint|p2a: Garchomp\n|-damage|p1a: Dondozo|28\/100|[from] Recoil\n|\n|-heal|p1a: Dondozo|34\/100|[from] item: Leftovers\n|upkeep\n|\n|t:|1681685690\n|switch|p2a: Kingambit|Kingambit, L50, M|100\/100\n|switch|p1b: Chien-Pao|Chien-Pao, L50|100\/100\n|-ability|p1b: Chien-Pao|Sword of Ruin\n|turn|3\n|\n|t:|1681685716\n|move|p1a: Dondozo|Protect|p1a: Dondozo\n|-singleturn|p1a: Dondozo|Protect\n|move|p2a: Kingambit|Protect|p2a: Kingambit\n|-singleturn|p2a: Kingambit|Protect\n|move|p2b: Gyarados|Waterfall|p1b: Chien-Pao\n|-damage|p1b: Chien-Pao|45\/100\n|move|p1b: Chien-Pao|Sacred Sword|p2a: Kingambit\n|-activate|p2a: Kingambit|move: Protect\n|\n|-heal|p1a: Dondozo|40\/100|[from] item: Leftovers\n|upkeep\n|turn|4\n|\n|t:|1681685742\n|-terastallize|p1a: Dondozo|Grass\n|move|p2b: Gyarados|Waterfall|p1b: Chien-Pao\n|-damage|p1b: Chien-Pao|0 fnt\n|faint|p1b: Chien-Pao\n|move|p1a: Dondozo|Tera Blast|p2b: Gyarados\n|-damage|p2b: Gyarados|58\/100\n|move|p2a: Kingambit|Kowtow Cleave|p1a: Dondozo\n|-damage|p1a: Dondozo|8\/100\n|\n|-heal|p1a: Dondozo|14\/100|[from] item: Leftovers\n|upkeep\n|turn|5\n|-message|RogueWings167581 forfeited.\n|\n|win|Flame023\n|raw|RogueWings167581's rating: 1212 → 1189<\/strong> (-23 for losing)\n|raw|Flame023's rating: 1233 → 1256<\/strong> (+23 for winning)\n|l|\u2606RogueWings167581\n","uploadtime":1681685765,"views":15,"p1id":"roguewings167581","p2id":"flame023","formatid":"gen9vgc2023regulationc","rating":1189,"private":0,"password":""}