{"id":"gen9vgc2023regulationc-1859801708","p1":"justincl19","p2":"5wamp","format":"[Gen 9] VGC 2023 Regulation C","log":"|j|\u2606justincl19\n|j|\u26065wamp\n|t:|1683565714\n|gametype|doubles\n|player|p1|justincl19|2|\n|player|p2|5wamp|boarder|\n|teamsize|p1|6\n|teamsize|p2|6\n|gen|9\n|tier|[Gen 9] VGC 2023 Regulation C\n|rule|Species Clause: Limit one of each Pok\u00e9mon\n|rule|Item Clause: Limit one of each item\n|clearpoke\n|poke|p1|Morgrem, L50, M|\n|poke|p1|Glalie, L50, M|\n|poke|p1|Toedscruel, L50, F|\n|poke|p1|Rabsca, L50, F|\n|poke|p1|Rotom-Mow, L50|\n|poke|p1|Grafaiai, L50, F|\n|poke|p2|Foongus, L50, M|\n|poke|p2|Camerupt, L50, M|\n|poke|p2|Crabominable, L50, F|\n|poke|p2|Rabsca, L50, F|\n|poke|p2|Toedscruel, L50, M|\n|poke|p2|Stantler, L50, F|\n|teampreview|4\n|c|\u26065wamp|glhf\n|c|\u2606justincl19|glhf\n|j| Griffin07\n|\n|t:|1683565736\n|start\n|switch|p1a: Toedscruel|Toedscruel, L50, F|100\/100\n|switch|p1b: Glalie|Glalie, L50, M|100\/100\n|switch|p2a: Stantler|Stantler, L50, F|100\/100\n|switch|p2b: Camerupt|Camerupt, L50, M|100\/100\n|-ability|p2a: Stantler|Intimidate|boost\n|-unboost|p1a: Toedscruel|atk|1\n|-unboost|p1b: Glalie|atk|1\n|turn|1\n|c|\u2606justincl19|im just happy i got a point out of this strat\n|c|\u2606justincl19|cause none of these mons were on my original team\n|\n|t:|1683565804\n|-terastallize|p2b: Camerupt|Fire\n|move|p1b: Glalie|Protect|p1b: Glalie\n|-singleturn|p1b: Glalie|Protect\n|move|p1a: Toedscruel|Protect|p1a: Toedscruel\n|-singleturn|p1a: Toedscruel|Protect\n|move|p2a: Stantler|Skill Swap|p1b: Glalie\n|-activate|p1b: Glalie|move: Protect\n|move|p2b: Camerupt|Eruption|p1b: Glalie|[spread] \n|-activate|p1a: Toedscruel|move: Protect\n|-activate|p1b: Glalie|move: Protect\n|\n|-ability|p1b: Glalie|Moody|boost\n|-boost|p1b: Glalie|spd|2\n|-unboost|p1b: Glalie|def|1\n|upkeep\n|turn|2\n|\n|t:|1683565842\n|-terastallize|p1b: Glalie|Water\n|move|p1a: Toedscruel|Rage Powder|p1a: Toedscruel\n|-singleturn|p1a: Toedscruel|move: Rage Powder\n|move|p1b: Glalie|Substitute|p1b: Glalie\n|-start|p1b: Glalie|Substitute\n|-damage|p1b: Glalie|75\/100\n|move|p2a: Stantler|Double-Edge|p1a: Toedscruel\n|-damage|p1a: Toedscruel|50\/100\n|-damage|p2a: Stantler|86\/100|[from] Recoil\n|move|p2b: Camerupt|Heat Wave|p1b: Glalie|[spread] p1a,p1b\n|-resisted|p1b: Glalie\n|-activate|p1b: Glalie|move: Substitute|[damage]\n|-supereffective|p1a: Toedscruel\n|-damage|p1a: Toedscruel|0 fnt\n|faint|p1a: Toedscruel\n|\n|-heal|p1b: Glalie|81\/100|[from] item: Leftovers\n|-ability|p1b: Glalie|Moody|boost\n|-boost|p1b: Glalie|spa|2\n|-unboost|p1b: Glalie|spe|1\n|upkeep\n|\n|t:|1683565856\n|switch|p1a: Morgrem|Morgrem, L50, M|100\/100\n|turn|3\n|\n|t:|1683565881\n|move|p1a: Morgrem|Light Screen|p1a: Morgrem\n|-sidestart|p1: justincl19|move: Light Screen\n|move|p1b: Glalie|Freeze-Dry|p2a: Stantler\n|-damage|p2a: Stantler|52\/100\n|move|p2b: Camerupt|Eruption|p1a: Morgrem|[spread] p1a,p1b\n|-resisted|p1b: Glalie\n|-end|p1b: Glalie|Substitute\n|-damage|p1a: Morgrem|9\/100\n|move|p2a: Stantler|Trick Room|p2a: Stantler\n|-fieldstart|move: Trick Room|[of] p2a: Stantler\n|\n|-heal|p1b: Glalie|87\/100|[from] item: Leftovers\n|-ability|p1b: Glalie|Moody|boost\n|-boost|p1b: Glalie|atk|2\n|-unboost|p1b: Glalie|spd|1\n|upkeep\n|turn|4\n|\n|t:|1683565913\n|move|p1b: Glalie|Protect|p1b: Glalie\n|-singleturn|p1b: Glalie|Protect\n|move|p1a: Morgrem|Reflect|p1a: Morgrem\n|-sidestart|p1: justincl19|Reflect\n|move|p2b: Camerupt|Eruption|p1a: Morgrem|[spread] p1a\n|-activate|p1b: Glalie|move: Protect\n|-damage|p1a: Morgrem|0 fnt\n|faint|p1a: Morgrem\n|move|p2a: Stantler|Double-Edge|p1b: Glalie\n|-activate|p1b: Glalie|move: Protect\n|\n|-heal|p1b: Glalie|93\/100|[from] item: Leftovers\n|-ability|p1b: Glalie|Moody|boost\n|-boost|p1b: Glalie|spe|2\n|-unboost|p1b: Glalie|spd|1\n|upkeep\n|\n|t:|1683565922\n|switch|p1a: Grafaiai|Grafaiai, L50, F|100\/100\n|turn|5\n|\n|t:|1683565947\n|move|p1a: Grafaiai|Taunt|p2a: Stantler\n|-start|p2a: Stantler|move: Taunt\n|move|p2b: Camerupt|Eruption|p1a: Grafaiai|[spread] p1a,p1b\n|-resisted|p1b: Glalie\n|-damage|p1a: Grafaiai|31\/100\n|-damage|p1b: Glalie|61\/100\n|move|p2a: Stantler|Double-Edge|p1b: Glalie\n|-damage|p1b: Glalie|25\/100\n|-damage|p2a: Stantler|42\/100|[from] Recoil\n|move|p1b: Glalie|Foul Play|p2b: Camerupt\n|-damage|p2b: Camerupt|75\/100\n|\n|-heal|p1b: Glalie|31\/100|[from] item: Leftovers\n|-ability|p1b: Glalie|Moody|boost\n|-boost|p1b: Glalie|spa|2\n|-unboost|p1b: Glalie|atk|1\n|upkeep\n|turn|6\n|\n|t:|1683565964\n|move|p1b: Glalie|Protect|p1b: Glalie\n|-singleturn|p1b: Glalie|Protect\n|move|p1a: Grafaiai|Parting Shot|p2b: Camerupt\n|-unboost|p2b: Camerupt|atk|1\n|-unboost|p2b: Camerupt|spa|1\n|move|p2b: Camerupt|Eruption|p1a: Grafaiai|[spread] p1a\n|-activate|p1b: Glalie|move: Protect\n|-damage|p1a: Grafaiai|0 fnt\n|faint|p1a: Grafaiai\n|move|p2a: Stantler|Double-Edge|p1b: Glalie\n|-activate|p1b: Glalie|move: Protect\n|\n|-heal|p1b: Glalie|36\/100|[from] item: Leftovers\n|-ability|p1b: Glalie|Moody|boost\n|-boost|p1b: Glalie|atk|2\n|-unboost|p1b: Glalie|spa|1\n|upkeep\n|turn|7\n|\n|t:|1683565988\n|move|p1b: Glalie|Protect||[still]\n|-fail|p1b: Glalie\n|move|p2b: Camerupt|Earth Power|p1b: Glalie\n|-damage|p1b: Glalie|15\/100\n|move|p2a: Stantler|Double-Edge|p1b: Glalie\n|-damage|p1b: Glalie|0 fnt\n|faint|p1b: Glalie\n|-damage|p2a: Stantler|38\/100|[from] Recoil\n|\n|win|5wamp\n|c|\u26065wamp|gg\n|c|\u2606justincl19|ggs\n|l| Griffin07\n|l|\u2606justincl19\n|j| NormyNorm1\n","uploadtime":1683565998,"views":12,"p1id":"justincl19","p2id":"5wamp","formatid":"gen9vgc2023regulationc","rating":0,"private":0,"password":""}