{"id":"gen9vgc2023regulationc-1849760649","p1":"dusty_quello_faigo","p2":"Token1","format":"[Gen 9] VGC 2023 Regulation C","log":"|j|\u2606dusty_quello_faigo\n|j|\u2606Token1\n|t:|1682246959\n|gametype|doubles\n|player|p1|dusty_quello_faigo|clair|1185\n|player|p2|Token1|102|1130\n|teamsize|p1|6\n|teamsize|p2|6\n|gen|9\n|tier|[Gen 9] VGC 2023 Regulation C\n|rated|\n|rule|Species Clause: Limit one of each Pok\u00e9mon\n|rule|Item Clause: Limit one of each item\n|clearpoke\n|poke|p1|Flutter Mane, L50|\n|poke|p1|Chi-Yu, L50|\n|poke|p1|Garchomp, L50, F|\n|poke|p1|Brute Bonnet, L50|\n|poke|p1|Palafin, L50, F|\n|poke|p1|Talonflame, L50, F|\n|poke|p2|Ting-Lu, L50|\n|poke|p2|Great Tusk, L50|\n|poke|p2|Armarouge, L50, M|\n|poke|p2|Indeedee-F, L50, F|\n|poke|p2|Gholdengo, L50|\n|poke|p2|Gyarados, L50, M|\n|teampreview|4\n|inactive|Battle timer is ON: inactive players will automatically lose when time's up. (requested by Token1)\n|inactive|dusty_quello_faigo has 60 seconds left.\n|\n|t:|1682246996\n|start\n|switch|p1a: Flutter Mane|Flutter Mane, L50|100\/100\n|switch|p1b: Brute Bonnet|Brute Bonnet, L50|100\/100\n|switch|p2a: Indeedee|Indeedee-F, L50, F|100\/100\n|switch|p2b: Armarouge|Armarouge, L50, M|100\/100\n|-fieldstart|move: Psychic Terrain|[from] ability: Psychic Surge|[of] p2a: Indeedee\n|turn|1\n|inactive|dusty_quello_faigo has 30 seconds left.\n|inactive|dusty_quello_faigo has 20 seconds left.\n|\n|t:|1682247032\n|move|p2a: Indeedee|Follow Me|p2a: Indeedee\n|-singleturn|p2a: Indeedee|move: Follow Me\n|move|p1a: Flutter Mane|Moonblast|p2a: Indeedee\n|-damage|p2a: Indeedee|49\/100\n|-damage|p1a: Flutter Mane|90\/100|[from] item: Life Orb\n|move|p1b: Brute Bonnet|Bullet Seed|p2a: Indeedee\n|-damage|p2a: Indeedee|35\/100\n|-damage|p2a: Indeedee|19\/100\n|-damage|p2a: Indeedee|4\/100\n|-damage|p2a: Indeedee|0 fnt\n|faint|p2a: Indeedee\n|-hitcount|p2: Indeedee|4\n|move|p2b: Armarouge|Armor Cannon|p1b: Brute Bonnet\n|-supereffective|p1b: Brute Bonnet\n|-damage|p1b: Brute Bonnet|0 fnt\n|-unboost|p2b: Armarouge|def|1\n|-unboost|p2b: Armarouge|spd|1\n|faint|p1b: Brute Bonnet\n|-end|p1b: Brute Bonnet|Protosynthesis|[silent]\n|-damage|p2b: Armarouge|91\/100|[from] item: Life Orb\n|\n|upkeep\n|\n|t:|1682247057\n|switch|p2a: Ting-Lu|Ting-Lu, L50|100\/100\n|switch|p1b: Talonflame|Talonflame, L50, F|100\/100\n|-ability|p2a: Ting-Lu|Vessel of Ruin\n|turn|2\n|\n|t:|1682247072\n|move|p2b: Armarouge|Protect|p2b: Armarouge\n|-singleturn|p2b: Armarouge|Protect\n|move|p1a: Flutter Mane|Shadow Ball|p2b: Armarouge\n|-activate|p2b: Armarouge|move: Protect\n|move|p1b: Talonflame|Will-O-Wisp|p2a: Ting-Lu\n|-status|p2a: Ting-Lu|brn\n|move|p2a: Ting-Lu|Heavy Slam|p1a: Flutter Mane\n|-supereffective|p1a: Flutter Mane\n|-damage|p1a: Flutter Mane|24\/100\n|\n|-damage|p2a: Ting-Lu|94\/100 brn|[from] brn\n|upkeep\n|turn|3\n|inactive|dusty_quello_faigo has 30 seconds left.\n|inactive|Token1 has 30 seconds left.\n|inactive|dusty_quello_faigo has 20 seconds left.\n|inactive|Token1 has 20 seconds left.\n|\n|t:|1682247109\n|switch|p1b: Garchomp|Garchomp, L50, F, shiny|100\/100\n|switch|p2b: Gyarados|Gyarados, L50, M|100\/100\n|-ability|p2b: Gyarados|Intimidate|boost\n|-unboost|p1a: Flutter Mane|atk|1\n|-unboost|p1b: Garchomp|atk|1\n|move|p1a: Flutter Mane|Shadow Ball|p2b: Gyarados\n|-damage|p2b: Gyarados|75\/100\n|-unboost|p2b: Gyarados|spd|1\n|-damage|p1a: Flutter Mane|14\/100|[from] item: Life Orb\n|move|p2a: Ting-Lu|Heavy Slam|p1a: Flutter Mane\n|-supereffective|p1a: Flutter Mane\n|-damage|p1a: Flutter Mane|0 fnt\n|faint|p1a: Flutter Mane\n|-end|p1a: Flutter Mane|Protosynthesis|[silent]\n|\n|-damage|p2a: Ting-Lu|88\/100 brn|[from] brn\n|upkeep\n|\n|t:|1682247125\n|switch|p1a: Talonflame|Talonflame, L50, F|100\/100\n|turn|4\n|\n|t:|1682247147\n|switch|p2b: Armarouge|Armarouge, L50, M|91\/100\n|move|p1a: Talonflame|Taunt|p2b: Armarouge\n|-start|p2b: Armarouge|move: Taunt\n|move|p1b: Garchomp|Swords Dance|p1b: Garchomp\n|-boost|p1b: Garchomp|atk|2\n|move|p2a: Ting-Lu|Fissure|p1b: Garchomp|[miss]\n|-miss|p2a: Ting-Lu|p1b: Garchomp\n|\n|-damage|p2a: Ting-Lu|82\/100 brn|[from] brn\n|upkeep\n|turn|5\n|inactive|dusty_quello_faigo has 30 seconds left.\n|\n|t:|1682247176\n|move|p1a: Talonflame|Brave Bird|p2b: Armarouge\n|-activate|p2b: Armarouge|move: Psychic Terrain\n|move|p1b: Garchomp|Swords Dance|p1b: Garchomp\n|-boost|p1b: Garchomp|atk|2\n|move|p2b: Armarouge|Expanding Force|p1b: Garchomp|[spread] p1a,p1b\n|-damage|p1a: Talonflame|18\/100\n|-damage|p1b: Garchomp|38\/100\n|-damage|p2b: Armarouge|81\/100|[from] item: Life Orb\n|move|p2a: Ting-Lu|Stomping Tantrum|p1b: Garchomp\n|-damage|p1b: Garchomp|8\/100\n|-damage|p2a: Ting-Lu|70\/100 brn|[from] ability: Rough Skin|[of] p1b: Garchomp\n|\n|-damage|p2a: Ting-Lu|64\/100 brn|[from] brn\n|-fieldend|move: Psychic Terrain\n|upkeep\n|turn|6\n|\n|t:|1682247199\n|switch|p2b: Gyarados|Gyarados, L50, M|75\/100\n|-ability|p2b: Gyarados|Intimidate|boost\n|-unboost|p1a: Talonflame|atk|1\n|-unboost|p1b: Garchomp|atk|1\n|move|p1a: Talonflame|Brave Bird|p2a: Ting-Lu\n|-damage|p2a: Ting-Lu|50\/100 brn\n|-damage|p1a: Talonflame|11\/100|[from] Recoil\n|move|p1b: Garchomp|Earthquake|p2b: Gyarados|[spread] p2a\n|-immune|p1a: Talonflame\n|-immune|p2b: Gyarados\n|-damage|p2a: Ting-Lu|4\/100 brn\n|move|p2a: Ting-Lu|Stomping Tantrum|p1b: Garchomp\n|-damage|p1b: Garchomp|0 fnt\n|-damage|p2a: Ting-Lu|0 fnt|[from] ability: Rough Skin|[of] p1b: Garchomp\n|faint|p1b: Garchomp\n|faint|p2a: Ting-Lu\n|\n|upkeep\n|\n|t:|1682247216\n|switch|p2a: Armarouge|Armarouge, L50, M|81\/100\n|turn|7\n|-message|dusty_quello_faigo forfeited.\n|\n|win|Token1\n|raw|dusty_quello_faigo's rating: 1185 → 1156<\/strong> (-29 for losing)\n|raw|Token1's rating: 1130 → 1159<\/strong> (+29 for winning)\n|l|\u2606dusty_quello_faigo\n","uploadtime":1682247226,"views":16,"p1id":"dustyquellofaigo","p2id":"token1","formatid":"gen9vgc2023regulationc","rating":1156,"private":0,"password":""}