{"id":"gen9vgc2023regulationc-1855196466","p1":"nightamara","p2":"Devz0424","format":"[Gen 9] VGC 2023 Regulation C","log":"|j|\u2606nightamara\n|j|\u2606Devz0424\n|t:|1682913591\n|gametype|doubles\n|player|p1|nightamara|greta-gen3|1290\n|player|p2|Devz0424|palmer|1252\n|teamsize|p1|6\n|teamsize|p2|6\n|gen|9\n|tier|[Gen 9] VGC 2023 Regulation C\n|rated|\n|rule|Species Clause: Limit one of each Pok\u00e9mon\n|rule|Item Clause: Limit one of each item\n|clearpoke\n|poke|p1|Scream Tail, L50|\n|poke|p1|Flutter Mane, L50|\n|poke|p1|Ting-Lu, L50|\n|poke|p1|Gothitelle, L50, F|\n|poke|p1|Arcanine, L50, F|\n|poke|p1|Scizor, L50, M|\n|poke|p2|Arcanine, L50, F|\n|poke|p2|Amoonguss, L50, F|\n|poke|p2|Great Tusk, L50|\n|poke|p2|Iron Bundle, L50|\n|poke|p2|Ceruledge, L50, F|\n|poke|p2|Gholdengo, L50|\n|teampreview|4\nnightamara has agreed to open team sheets.\n|\n|t:|1682913632\n|start\n|switch|p1a: Cha Hae In|Flutter Mane, L50|100\/100\n|switch|p1b: Sung Jinah|Gothitelle, L50, F|100\/100\n|switch|p2a: Ceruledge|Ceruledge, L50, F|100\/100\n|switch|p2b: Gholdengo|Gholdengo, L50|100\/100\n|turn|1\n|\n|t:|1682913656\n|switch|p1b: Go Gunhee|Ting-Lu, L50|100\/100\n|-ability|p1b: Go Gunhee|Vessel of Ruin\n|move|p2b: Gholdengo|Protect|p2b: Gholdengo\n|-singleturn|p2b: Gholdengo|Protect\n|move|p1a: Cha Hae In|Shadow Ball|p2a: Ceruledge\n|-supereffective|p2a: Ceruledge\n|-damage|p2a: Ceruledge|20\/100\n|move|p2a: Ceruledge|Bulk Up|p2a: Ceruledge\n|-boost|p2a: Ceruledge|atk|1\n|-boost|p2a: Ceruledge|def|1\n|\n|upkeep\n|turn|2\n|\n|t:|1682913687\n|switch|p2b: Arcanine|Arcanine, L50, F|100\/100\n|-ability|p2b: Arcanine|Intimidate|boost\n|-unboost|p1a: Cha Hae In|atk|1\n|-unboost|p1b: Go Gunhee|atk|1\n|move|p1a: Cha Hae In|Protect|p1a: Cha Hae In\n|-singleturn|p1a: Cha Hae In|Protect\n|move|p2a: Ceruledge|Shadow Sneak|p1a: Cha Hae In\n|-activate|p1a: Cha Hae In|move: Protect\n|move|p1b: Go Gunhee|Stomping Tantrum|p2a: Ceruledge\n|-supereffective|p2a: Ceruledge\n|-damage|p2a: Ceruledge|0 fnt\n|faint|p2a: Ceruledge\n|\n|upkeep\n|\n|t:|1682913702\n|switch|p2a: Great Tusk|Great Tusk, L50|100\/100\n|turn|3\n|\n|t:|1682913709\n|switch|p1b: Sung Jinah|Gothitelle, L50, F|100\/100\n|move|p2a: Great Tusk|Headlong Rush|p1a: Cha Hae In\n|-enditem|p1a: Cha Hae In|Focus Sash\n|-damage|p1a: Cha Hae In|1\/100\n|-unboost|p2a: Great Tusk|def|1\n|-unboost|p2a: Great Tusk|spd|1\n|move|p1a: Cha Hae In|Perish Song|p1a: Cha Hae In\n|-start|p1a: Cha Hae In|perish3|[silent]\n|-start|p1b: Sung Jinah|perish3|[silent]\n|-start|p2a: Great Tusk|perish3|[silent]\n|-start|p2b: Arcanine|perish3|[silent]\n|-fieldactivate|move: Perish Song\n|move|p2b: Arcanine|Howl|p2b: Arcanine|[spread] p2a,p2b\n|-boost|p2a: Great Tusk|atk|1\n|-boost|p2b: Arcanine|atk|1\n|\n|-start|p2a: Great Tusk|perish3\n|-start|p1a: Cha Hae In|perish3\n|-start|p2b: Arcanine|perish3\n|-start|p1b: Sung Jinah|perish3\n|upkeep\n|turn|4\n|\n|t:|1682913743\n|-terastallize|p2b: Arcanine|Normal\n|move|p1a: Cha Hae In|Protect|p1a: Cha Hae In\n|-singleturn|p1a: Cha Hae In|Protect\n|move|p1b: Sung Jinah|Fake Out|p2a: Great Tusk\n|-damage|p2a: Great Tusk|94\/100\n|move|p2b: Arcanine|Extreme Speed|p1b: Sung Jinah\n|-damage|p1b: Sung Jinah|41\/100\n|-enditem|p1b: Sung Jinah|Sitrus Berry|[eat]\n|-heal|p1b: Sung Jinah|66\/100|[from] item: Sitrus Berry\n|cant|p2a: Great Tusk|flinch\n|\n|-start|p2a: Great Tusk|perish2\n|-start|p1a: Cha Hae In|perish2\n|-start|p2b: Arcanine|perish2\n|-start|p1b: Sung Jinah|perish2\n|upkeep\n|turn|5\n|\n|t:|1682913773\n|move|p1b: Sung Jinah|Protect|p1b: Sung Jinah\n|-singleturn|p1b: Sung Jinah|Protect\n|move|p2a: Great Tusk|Headlong Rush|p1b: Sung Jinah\n|-activate|p1b: Sung Jinah|move: Protect\n|move|p1a: Cha Hae In|Moonblast|p2a: Great Tusk\n|-supereffective|p2a: Great Tusk\n|-damage|p2a: Great Tusk|0 fnt\n|faint|p2a: Great Tusk\n|-end|p2a: Great Tusk|Protosynthesis|[silent]\n|move|p2b: Arcanine|Flare Blitz|p1a: Cha Hae In\n|-damage|p1a: Cha Hae In|0 fnt\n|faint|p1a: Cha Hae In\n|-end|p1a: Cha Hae In|Protosynthesis|[silent]\n|-damage|p2b: Arcanine|99\/100|[from] Recoil\n|\n|-start|p2b: Arcanine|perish1\n|-start|p1b: Sung Jinah|perish1\n|upkeep\n|\n|t:|1682913798\n|switch|p1a: Go Gunhee|Ting-Lu, L50|100\/100\n|switch|p2a: Gholdengo|Gholdengo, L50|100\/100\n|-ability|p1a: Go Gunhee|Vessel of Ruin\n|turn|6\n|\n|t:|1682913811\n|move|p1a: Go Gunhee|Protect|p1a: Go Gunhee\n|-singleturn|p1a: Go Gunhee|Protect\n|move|p2a: Gholdengo|Nasty Plot|p2a: Gholdengo\n|-boost|p2a: Gholdengo|spa|2\n|move|p2b: Arcanine|Flare Blitz|p1a: Go Gunhee\n|-activate|p1a: Go Gunhee|move: Protect\n|move|p1b: Sung Jinah|Psychic|p2a: Gholdengo\n|-resisted|p2a: Gholdengo\n|-damage|p2a: Gholdengo|88\/100\n|\n|-start|p2b: Arcanine|perish0\n|-start|p1b: Sung Jinah|perish0\n|faint|p2b: Arcanine\n|faint|p1b: Sung Jinah\n|upkeep\n|\n|t:|1682913818\n|switch|p1b: Scizor|Scizor, L50, M, shiny|100\/100\n|turn|7\n|\n|t:|1682913830\n|move|p2a: Gholdengo|Make It Rain|p1a: Go Gunhee|[spread] p1a,p1b\n|-resisted|p1b: Scizor\n|-damage|p1a: Go Gunhee|39\/100\n|-damage|p1b: Scizor|45\/100\n|-unboost|p2a: Gholdengo|spa|1\n|move|p1b: Scizor|X-Scissor|p2a: Gholdengo\n|-resisted|p2a: Gholdengo\n|-damage|p2a: Gholdengo|71\/100\n|-damage|p1b: Scizor|35\/100|[from] item: Life Orb\n|move|p1a: Go Gunhee|Stomping Tantrum|p2a: Gholdengo\n|-supereffective|p2a: Gholdengo\n|-damage|p2a: Gholdengo|0 fnt\n|faint|p2a: Gholdengo\n|\n|win|nightamara\n|raw|nightamara's rating: 1290 → 1312<\/strong> (+22 for winning)\n|raw|Devz0424's rating: 1252 → 1230<\/strong> (-22 for losing)\n|l|\u2606Devz0424\n","uploadtime":1682913846,"views":14,"p1id":"nightamara","p2id":"devz0424","formatid":"gen9vgc2023regulationc","rating":1230,"private":0,"password":""}