{"id":"gen9vgc2023regulationc-1854637971","p1":"roykeenkennedy","p2":"We_Love_The_Gong","format":"[Gen 9] VGC 2023 Regulation C","log":"|j|\u2606roykeenkennedy\n|j|\u2606We_Love_The_Gong\n|t:|1682840955\n|gametype|doubles\n|player|p1|roykeenkennedy|alder|1422\n|player|p2|We_Love_The_Gong|fantina|1429\n|teamsize|p1|6\n|teamsize|p2|6\n|gen|9\n|tier|[Gen 9] VGC 2023 Regulation C\n|rated|\n|rule|Species Clause: Limit one of each Pok\u00e9mon\n|rule|Item Clause: Limit one of each item\n|clearpoke\n|poke|p1|Garganacl, L50, F|\n|poke|p1|Glimmora, L50, F|\n|poke|p1|Abomasnow, L50, M|\n|poke|p1|Chi-Yu, L50|\n|poke|p1|Ting-Lu, L50|\n|poke|p1|Gyarados, L50, F|\n|poke|p2|Gholdengo, L50|\n|poke|p2|Ting-Lu, L50|\n|poke|p2|Gyarados, L50, F|\n|poke|p2|Flutter Mane, L50|\n|poke|p2|Amoonguss, L50, F|\n|poke|p2|Baxcalibur, L50, M|\n|teampreview|4\nWe_Love_The_Gong has agreed to open team sheets.\n|\n|t:|1682840983\n|start\n|switch|p1a: Abomasnow|Abomasnow, L50, M|100\/100\n|switch|p1b: Ting-Lu|Ting-Lu, L50|100\/100\n|switch|p2a: Flutter Mane|Flutter Mane, L50|100\/100\n|switch|p2b: Ting-Lu|Ting-Lu, L50|100\/100\n|-weather|Snow|[from] ability: Snow Warning|[of] p1a: Abomasnow\n|-ability|p2b: Ting-Lu|Vessel of Ruin\n|-ability|p1b: Ting-Lu|Vessel of Ruin\n|turn|1\n|\n|t:|1682841007\n|-end|p2a: Flutter Mane|Protosynthesis|[silent]\n|switch|p2a: Gyarados|Gyarados, L50, F|100\/100\n|-ability|p2a: Gyarados|Intimidate|boost\n|-unboost|p1a: Abomasnow|atk|1\n|-unboost|p1b: Ting-Lu|atk|1\n|move|p1a: Abomasnow|Aurora Veil|p1a: Abomasnow\n|-sidestart|p1: roykeenkennedy|move: Aurora Veil\n|move|p2b: Ting-Lu|Ruination|p1b: Ting-Lu\n|-damage|p1b: Ting-Lu|50\/100\n|move|p1b: Ting-Lu|Sand Tomb|p2a: Gyarados\n|-immune|p2a: Gyarados\n|\n|-weather|Snow|[upkeep]\n|upkeep\n|turn|2\n|\n|t:|1682841040\n|move|p2a: Gyarados|Waterfall|p1b: Ting-Lu\n|-supereffective|p1b: Ting-Lu\n|-damage|p1b: Ting-Lu|29\/100\n|move|p1a: Abomasnow|Leech Seed|p2b: Ting-Lu\n|-start|p2b: Ting-Lu|move: Leech Seed\n|move|p2b: Ting-Lu|Ruination|p1a: Abomasnow\n|-damage|p1a: Abomasnow|51\/100\n|move|p1b: Ting-Lu|Sand Tomb|p2b: Ting-Lu\n|-damage|p2b: Ting-Lu|94\/100\n|-activate|p2b: Ting-Lu|move: Sand Tomb|[of] p1b: Ting-Lu\n|\n|-weather|Snow|[upkeep]\n|-damage|p2b: Ting-Lu|82\/100|[from] Leech Seed|[of] p1a: Abomasnow\n|-heal|p1a: Abomasnow|65\/100|[silent]\n|-damage|p2b: Ting-Lu|70\/100|[from] move: Sand Tomb|[partiallytrapped]\n|upkeep\n|turn|3\n|\n|t:|1682841060\n|move|p2a: Gyarados|Waterfall|p1b: Ting-Lu\n|-supereffective|p1b: Ting-Lu\n|-crit|p1b: Ting-Lu\n|-damage|p1b: Ting-Lu|0 fnt\n|faint|p1b: Ting-Lu\n|move|p1a: Abomasnow|Leech Seed|p2a: Gyarados\n|-start|p2a: Gyarados|move: Leech Seed\n|move|p2b: Ting-Lu|Stomping Tantrum|p1a: Abomasnow\n|-resisted|p1a: Abomasnow\n|-damage|p1a: Abomasnow|58\/100\n|\n|-weather|Snow|[upkeep]\n|-damage|p2a: Gyarados|88\/100|[from] Leech Seed|[of] p1a: Abomasnow\n|-heal|p1a: Abomasnow|71\/100|[silent]\n|-damage|p2b: Ting-Lu|58\/100|[from] Leech Seed|[of] p1a: Abomasnow\n|-heal|p1a: Abomasnow|86\/100|[silent]\n|-end|p2b: Ting-Lu|Sand Tomb|[partiallytrapped]|[silent]\n|upkeep\n|\n|t:|1682841074\n|switch|p1b: Garganacl|Garganacl, L50, F|100\/100\n|turn|4\n|\n|t:|1682841119\n|-terastallize|p1b: Garganacl|Ghost\n|move|p2a: Gyarados|Taunt|p1b: Garganacl\n|-start|p1b: Garganacl|move: Taunt\n|move|p1a: Abomasnow|Blizzard|p2b: Ting-Lu|[spread] p2a,p2b\n|-supereffective|p2b: Ting-Lu\n|-damage|p2a: Gyarados|73\/100\n|-damage|p2b: Ting-Lu|40\/100\n|move|p2b: Ting-Lu|Ruination|p1b: Garganacl\n|-damage|p1b: Garganacl|51\/100\n|move|p1b: Garganacl|Salt Cure|p2a: Gyarados\n|-supereffective|p2a: Gyarados\n|-damage|p2a: Gyarados|46\/100\n|-start|p2a: Gyarados|Salt Cure\n|\n|-weather|Snow|[upkeep]\n|-damage|p2a: Gyarados|33\/100|[from] Leech Seed|[of] p1a: Abomasnow\n|-heal|p1a: Abomasnow|98\/100|[silent]\n|-damage|p2b: Ting-Lu|28\/100|[from] Leech Seed|[of] p1a: Abomasnow\n|-heal|p1a: Abomasnow|100\/100|[silent]\n|-damage|p2a: Gyarados|8\/100|[from] Salt Cure\n|upkeep\n|turn|5\n|\n|t:|1682841146\n|move|p2a: Gyarados|Thunder Wave|p1a: Abomasnow\n|-status|p1a: Abomasnow|par\n|move|p2b: Ting-Lu|Ruination|p1a: Abomasnow\n|-damage|p1a: Abomasnow|51\/100 par\n|move|p1b: Garganacl|Salt Cure|p2b: Ting-Lu\n|-resisted|p2b: Ting-Lu\n|-damage|p2b: Ting-Lu|24\/100\n|-start|p2b: Ting-Lu|Salt Cure\n|cant|p1a: Abomasnow|par\n|\n|-weather|none\n|-damage|p2a: Gyarados|0 fnt|[from] Leech Seed|[of] p1a: Abomasnow\n|-heal|p1a: Abomasnow|59\/100 par|[silent]\n|faint|p2a: Gyarados\n|-damage|p2b: Ting-Lu|12\/100|[from] Leech Seed|[of] p1a: Abomasnow\n|-heal|p1a: Abomasnow|74\/100 par|[silent]\n|-damage|p2b: Ting-Lu|0 fnt|[from] Salt Cure\n|faint|p2b: Ting-Lu\n|upkeep\n|\n|t:|1682841155\n|switch|p2a: Flutter Mane|Flutter Mane, L50|100\/100\n|switch|p2b: Baxcalibur|Baxcalibur, L50, M|100\/100\n|turn|6\n|\n|t:|1682841191\n|move|p2a: Flutter Mane|Moonblast|p1b: Garganacl\n|-damage|p1b: Garganacl|16\/100\n|move|p2b: Baxcalibur|Icicle Spear|p1b: Garganacl\n|-damage|p1b: Garganacl|9\/100\n|-damage|p1b: Garganacl|2\/100\n|-damage|p1b: Garganacl|0 fnt\n|faint|p1b: Garganacl\n|-hitcount|p1: Garganacl|3\n|move|p1a: Abomasnow|Leech Seed|p2b: Baxcalibur\n|-start|p2b: Baxcalibur|move: Leech Seed\n|\n|-damage|p2b: Baxcalibur|88\/100|[from] Leech Seed|[of] p1a: Abomasnow\n|-heal|p1a: Abomasnow|86\/100 par|[silent]\n|upkeep\n|\n|t:|1682841206\n|switch|p1b: Chi-Yu|Chi-Yu, L50|100\/100\n|-ability|p1b: Chi-Yu|Beads of Ruin\n|turn|7\n|\n|t:|1682841220\n|move|p2b: Baxcalibur|Protect|p2b: Baxcalibur\n|-singleturn|p2b: Baxcalibur|Protect\n|move|p1b: Chi-Yu|Dark Pulse|p2b: Baxcalibur\n|-activate|p2b: Baxcalibur|move: Protect\n|move|p2a: Flutter Mane|Moonblast|p1b: Chi-Yu\n|-damage|p1b: Chi-Yu|37\/100\n|-unboost|p1b: Chi-Yu|spa|1\n|move|p1a: Abomasnow|Leech Seed|p2a: Flutter Mane\n|-start|p2a: Flutter Mane|move: Leech Seed\n|\n|-damage|p2a: Flutter Mane|89\/100|[from] Leech Seed|[of] p1a: Abomasnow\n|-heal|p1a: Abomasnow|96\/100 par|[silent]\n|-damage|p2b: Baxcalibur|76\/100|[from] Leech Seed|[of] p1a: Abomasnow\n|-heal|p1a: Abomasnow|100\/100 par|[silent]\n|upkeep\n|turn|8\n|\n|t:|1682841240\n|move|p1b: Chi-Yu|Dark Pulse|p2b: Baxcalibur\n|-damage|p2b: Baxcalibur|40\/100\n|move|p2a: Flutter Mane|Moonblast|p1b: Chi-Yu\n|-damage|p1b: Chi-Yu|0 fnt\n|faint|p1b: Chi-Yu\n|move|p2b: Baxcalibur|Icicle Spear|p1a: Abomasnow\n|-damage|p1a: Abomasnow|92\/100 par\n|-damage|p1a: Abomasnow|82\/100 par\n|-damage|p1a: Abomasnow|74\/100 par\n|-damage|p1a: Abomasnow|65\/100 par\n|-damage|p1a: Abomasnow|55\/100 par\n|-hitcount|p1a: Abomasnow|5\n|move|p1a: Abomasnow|Blizzard|p2a: Flutter Mane|[spread] p2a\n|-miss|p1a: Abomasnow|p2b: Baxcalibur\n|-damage|p2a: Flutter Mane|65\/100\n|\n|-damage|p2a: Flutter Mane|53\/100|[from] Leech Seed|[of] p1a: Abomasnow\n|-heal|p1a: Abomasnow|65\/100 par|[silent]\n|-damage|p2b: Baxcalibur|27\/100|[from] Leech Seed|[of] p1a: Abomasnow\n|-heal|p1a: Abomasnow|78\/100 par|[silent]\n|-sideend|p1: roykeenkennedy|move: Aurora Veil\n|upkeep\n|turn|9\n|\n|t:|1682841262\n|-terastallize|p2a: Flutter Mane|Fairy\n|cant|p1a: Abomasnow|par\n|move|p2a: Flutter Mane|Moonblast|p1a: Abomasnow\n|-damage|p1a: Abomasnow|0 fnt\n|faint|p1a: Abomasnow\n|\n|win|We_Love_The_Gong\n|raw|roykeenkennedy's rating: 1422 → 1402<\/strong> (-20 for losing)\n|raw|We_Love_The_Gong's rating: 1429 → 1449<\/strong> (+20 for winning)\n|c|\u2606We_Love_The_Gong|gg\n","uploadtime":1682841271,"views":22,"p1id":"roykeenkennedy","p2id":"welovethegong","formatid":"gen9vgc2023regulationc","rating":1402,"private":0,"password":""}