{"id":"gen9vgc2023regulationc-1862407128","p1":"Roopydoopy","p2":"ethan06","format":"[Gen 9] VGC 2023 Regulation C","log":"|j|\u2606Roopydoopy\n|j|\u2606ethan06\n|t:|1683880974\n|gametype|doubles\n|player|p1|Roopydoopy|102|\n|player|p2|ethan06|ninjaboy|\n|teamsize|p1|6\n|teamsize|p2|6\n|gen|9\n|tier|[Gen 9] VGC 2023 Regulation C\n|rule|Species Clause: Limit one of each Pok\u00e9mon\n|rule|Item Clause: Limit one of each item\n|clearpoke\n|poke|p1|Muk, L50, F|\n|poke|p1|Pawmot, L50, M|\n|poke|p1|Wigglytuff, L50, M|\n|poke|p1|Wo-Chien, L50|\n|poke|p1|Arcanine, L50, F|\n|poke|p1|Gothorita, L50, F|\n|poke|p2|Dondozo, L50, F|\n|poke|p2|Tatsugiri, L50, F|\n|poke|p2|Salamence, L50, M|\n|poke|p2|Kingambit, L50, F|\n|poke|p2|Iron Valiant, L50|\n|poke|p2|Persian, L50, M|\n|teampreview|4\n|j| tonsoffamage\nRoopydoopy has agreed to open team sheets.\nethan06 has agreed to open team sheets.\n|\n|t:|1683881014\n|start\n|switch|p1a: Pawmot|Pawmot, L50, M|100\/100\n|switch|p1b: Wo-Chien|Wo-Chien, L50|100\/100\n|switch|p2a: Iron Valiant|Iron Valiant, L50|100\/100\n|switch|p2b: Persian|Persian, L50, M|100\/100\n|-ability|p2b: Persian|Unnerve\n|-ability|p1b: Wo-Chien|Tablets of Ruin\n|turn|1\n|\n|t:|1683881043\n|switch|p1a: Arcanine|Arcanine, L50, F|100\/100\n|-ability|p1a: Arcanine|Intimidate|boost\n|-fail|p2a: Iron Valiant|unboost|[from] item: Clear Amulet|[of] p2a: Iron Valiant\n|-unboost|p2b: Persian|atk|1\n|move|p2b: Persian|Feint|p1a: Arcanine\n|-damage|p1a: Arcanine|96\/100\n|move|p2a: Iron Valiant|Psyshock|p1a: Arcanine\n|-damage|p1a: Arcanine|76\/100\n|move|p1b: Wo-Chien|Leech Seed|p2b: Persian|[miss]\n|-miss|p1b: Wo-Chien|p2b: Persian\n|\n|upkeep\n|turn|2\n|\n|t:|1683881071\n|-end|p2a: Iron Valiant|Quark Drive|[silent]\n|switch|p2a: Salamence|Salamence, L50, M|100\/100\n|-ability|p2a: Salamence|Intimidate|boost\n|-unboost|p1a: Arcanine|atk|1\n|-unboost|p1b: Wo-Chien|atk|1\n|move|p1b: Wo-Chien|Protect|p1b: Wo-Chien\n|-singleturn|p1b: Wo-Chien|Protect\n|move|p2b: Persian|Taunt|p1b: Wo-Chien\n|-activate|p1b: Wo-Chien|move: Protect\n|move|p1a: Arcanine|Flare Blitz|p2b: Persian\n|-damage|p2b: Persian|48\/100\n|-status|p2b: Persian|brn\n|-damage|p1a: Arcanine|60\/100|[from] Recoil\n|-damage|p1a: Arcanine|51\/100|[from] item: Life Orb\n|\n|-damage|p2b: Persian|42\/100 brn|[from] brn\n|upkeep\n|turn|3\n|\n|t:|1683881110\n|switch|p1a: Gothorita|Gothorita, L50, F|100\/100\n|-terastallize|p1b: Wo-Chien|Fairy\n|move|p2b: Persian|Taunt|p1b: Wo-Chien\n|-start|p1b: Wo-Chien|move: Taunt\n|move|p2a: Salamence|Draco Meteor|p1a: Gothorita\n|-damage|p1a: Gothorita|37\/100\n|-unboost|p2a: Salamence|spa|2\n|move|p1b: Wo-Chien|Knock Off|p2b: Persian\n|-damage|p2b: Persian|23\/100 brn\n|\n|-damage|p2b: Persian|17\/100 brn|[from] brn\n|upkeep\n|turn|4\n|\n|t:|1683881146\n|move|p1a: Gothorita|Fake Out|p2b: Persian\n|-damage|p2b: Persian|12\/100 brn\n|cant|p2b: Persian|flinch\n|move|p2a: Salamence|Draco Meteor|p1a: Gothorita\n|-damage|p1a: Gothorita|7\/100\n|-unboost|p2a: Salamence|spa|2\n|move|p1b: Wo-Chien|Pollen Puff|p1a: Gothorita\n|-heal|p1a: Gothorita|57\/100\n|\n|-damage|p2b: Persian|6\/100 brn|[from] brn\n|upkeep\n|turn|5\n|\n|t:|1683881164\n|switch|p1b: Arcanine|Arcanine, L50, F|51\/100\n|-ability|p1b: Arcanine|Intimidate|boost\n|-unboost|p2a: Salamence|atk|1\n|-unboost|p2b: Persian|atk|1\n|move|p2b: Persian|Fake Tears|p1a: Gothorita\n|-unboost|p1a: Gothorita|spd|2\n|move|p2a: Salamence|Draco Meteor|p1a: Gothorita\n|-damage|p1a: Gothorita|13\/100\n|-unboost|p2a: Salamence|spa|2\n|move|p1a: Gothorita|Thunderbolt|p2a: Salamence\n|-damage|p2a: Salamence|79\/100\n|\n|-damage|p2b: Persian|0 fnt|[from] brn\n|faint|p2b: Persian\n|upkeep\n|\n|t:|1683881178\n|switch|p2b: Tatsugiri|Tatsugiri, L50, F|100\/100\n|turn|6\n|\n|t:|1683881191\n|switch|p1b: Pawmot|Pawmot, L50, M|100\/100\n|switch|p1a: Wo-Chien|Wo-Chien, L50, tera:Fairy|100\/100\n|-ability|p1a: Wo-Chien|Tablets of Ruin\n|move|p2a: Salamence|Draco Meteor|p1b: Pawmot\n|-damage|p1b: Pawmot|63\/100\n|move|p2b: Tatsugiri|Muddy Water|p1a: Wo-Chien|[spread] p1a,p1b\n|-damage|p1a: Wo-Chien|80\/100\n|-damage|p1b: Pawmot|2\/100\n|\n|-heal|p1a: Wo-Chien|86\/100|[from] item: Leftovers\n|upkeep\n|turn|7\n|\n|t:|1683881218\n|switch|p2a: Iron Valiant|Iron Valiant, L50|100\/100\n|move|p1b: Pawmot|Ice Punch|p2a: Iron Valiant\n|-damage|p2a: Iron Valiant|73\/100\n|-status|p2a: Iron Valiant|frz\n|move|p2b: Tatsugiri|Muddy Water|p1a: Wo-Chien|[spread] p1a,p1b\n|-damage|p1a: Wo-Chien|68\/100\n|-damage|p1b: Pawmot|0 fnt\n|faint|p1b: Pawmot\n|move|p1a: Wo-Chien|Leech Seed|p2a: Iron Valiant\n|-start|p2a: Iron Valiant|move: Leech Seed\n|\n|-heal|p1a: Wo-Chien|74\/100|[from] item: Leftovers\n|-damage|p2a: Iron Valiant|61\/100 frz|[from] Leech Seed|[of] p1a: Wo-Chien\n|-heal|p1a: Wo-Chien|83\/100|[silent]\n|upkeep\n|\n|t:|1683881232\n|switch|p1b: Gothorita|Gothorita, L50, F|13\/100\n|turn|8\n|\n|t:|1683881247\n|move|p2b: Tatsugiri|Protect|p2b: Tatsugiri\n|-singleturn|p2b: Tatsugiri|Protect\n|move|p1b: Gothorita|Fake Out|p2b: Tatsugiri\n|-activate|p2b: Tatsugiri|move: Protect\n|-curestatus|p2a: Iron Valiant|frz|[msg]\n|move|p2a: Iron Valiant|Thunderbolt|p1b: Gothorita\n|-damage|p1b: Gothorita|0 fnt\n|faint|p1b: Gothorita\n|move|p1a: Wo-Chien|Leech Seed|p2b: Tatsugiri\n|-activate|p2b: Tatsugiri|move: Protect\n|\n|-heal|p1a: Wo-Chien|90\/100|[from] item: Leftovers\n|-damage|p2a: Iron Valiant|49\/100|[from] Leech Seed|[of] p1a: Wo-Chien\n|-heal|p1a: Wo-Chien|99\/100|[silent]\n|upkeep\n|\n|t:|1683881260\n|switch|p1b: Arcanine|Arcanine, L50, F|51\/100\n|-ability|p1b: Arcanine|Intimidate|boost\n|-fail|p2a: Iron Valiant|unboost|[from] item: Clear Amulet|[of] p2a: Iron Valiant\n|-unboost|p2b: Tatsugiri|atk|1\n|turn|9\n|\n|t:|1683881275\n|move|p1a: Wo-Chien|Protect|p1a: Wo-Chien\n|-singleturn|p1a: Wo-Chien|Protect\n|move|p2a: Iron Valiant|Aura Sphere|p1b: Arcanine\n|-damage|p1b: Arcanine|18\/100\n|move|p2b: Tatsugiri|Nasty Plot|p2b: Tatsugiri\n|-boost|p2b: Tatsugiri|spa|2\n|move|p1b: Arcanine|Will-O-Wisp|p2a: Iron Valiant\n|-status|p2a: Iron Valiant|brn\n|\n|-heal|p1a: Wo-Chien|100\/100|[from] item: Leftovers\n|-damage|p2a: Iron Valiant|37\/100 brn|[from] Leech Seed|[of] p1a: Wo-Chien\n|-damage|p2a: Iron Valiant|31\/100 brn|[from] brn\n|upkeep\n|turn|10\n|\n|t:|1683881297\n|move|p1b: Arcanine|Protect|p1b: Arcanine\n|-singleturn|p1b: Arcanine|Protect\n|move|p2a: Iron Valiant|Psyshock|p1a: Wo-Chien\n|-damage|p1a: Wo-Chien|83\/100\n|move|p2b: Tatsugiri|Muddy Water|p1a: Wo-Chien|[spread] p1a\n|-activate|p1b: Arcanine|move: Protect\n|-damage|p1a: Wo-Chien|46\/100\n|move|p1a: Wo-Chien|Leech Seed|p2b: Tatsugiri\n|-start|p2b: Tatsugiri|move: Leech Seed\n|\n|-heal|p1a: Wo-Chien|52\/100|[from] item: Leftovers\n|-damage|p2a: Iron Valiant|19\/100 brn|[from] Leech Seed|[of] p1a: Wo-Chien\n|-heal|p1a: Wo-Chien|61\/100|[silent]\n|-damage|p2b: Tatsugiri|89\/100|[from] Leech Seed|[of] p1a: Wo-Chien\n|-heal|p1a: Wo-Chien|70\/100|[silent]\n|-damage|p2a: Iron Valiant|13\/100 brn|[from] brn\n|upkeep\n|turn|11\n|\n|t:|1683881319\n|move|p2a: Iron Valiant|Aura Sphere|p1b: Arcanine\n|-damage|p1b: Arcanine|0 fnt\n|faint|p1b: Arcanine\n|move|p2b: Tatsugiri|Nasty Plot|p2b: Tatsugiri\n|-boost|p2b: Tatsugiri|spa|2\n|move|p1a: Wo-Chien|Pollen Puff|p1: Arcanine|[notarget]\n|-fail|p1a: Wo-Chien\n|\n|-heal|p1a: Wo-Chien|77\/100|[from] item: Leftovers\n|-damage|p2a: Iron Valiant|0 fnt|[from] Leech Seed|[of] p1a: Wo-Chien\n|-heal|p1a: Wo-Chien|86\/100|[silent]\n|faint|p2a: Iron Valiant\n|-end|p2a: Iron Valiant|Quark Drive|[silent]\n|-damage|p2b: Tatsugiri|77\/100|[from] Leech Seed|[of] p1a: Wo-Chien\n|-heal|p1a: Wo-Chien|95\/100|[silent]\n|upkeep\n|\n|t:|1683881332\n|switch|p2a: Salamence|Salamence, L50, M|79\/100\n|-ability|p2a: Salamence|Intimidate|boost\n|-unboost|p1a: Wo-Chien|atk|1\n|turn|12\n|\n|t:|1683881340\n|-terastallize|p2a: Salamence|Steel\n|move|p2a: Salamence|Tera Blast|p1a: Wo-Chien\n|-supereffective|p1a: Wo-Chien\n|-damage|p1a: Wo-Chien|29\/100\n|move|p2b: Tatsugiri|Muddy Water|p1a: Wo-Chien\n|-damage|p1a: Wo-Chien|0 fnt\n|faint|p1a: Wo-Chien\n|\n|win|ethan06\n|c|\u2606ethan06|gg\n","uploadtime":1683881350,"views":6,"p1id":"roopydoopy","p2id":"ethan06","formatid":"gen9vgc2023regulationc","rating":0,"private":0,"password":""}