{"id":"gen9vgc2023regulationc-1848660773","p1":"KChiefs7","p2":"Alaskan_fisher","format":"[Gen 9] VGC 2023 Regulation C","log":"|j|\u2606KChiefs7\n|j|\u2606Alaskan_fisher\n|t:|1682098569\n|gametype|doubles\n|player|p1|KChiefs7|swimmer-gen4|1196\n|player|p2|Alaskan_fisher|fisherman-gen4|1197\n|teamsize|p1|6\n|teamsize|p2|6\n|gen|9\n|tier|[Gen 9] VGC 2023 Regulation C\n|rated|\n|rule|Species Clause: Limit one of each Pok\u00e9mon\n|rule|Item Clause: Limit one of each item\n|clearpoke\n|poke|p1|Palafin, L50, M|\n|poke|p1|Garchomp, L50, F|\n|poke|p1|Scizor, L50, F|\n|poke|p1|Iron Hands, L50|\n|poke|p1|Vivillon-Monsoon, L50, M|\n|poke|p1|Flutter Mane, L50|\n|poke|p2|Baxcalibur, L50, M|\n|poke|p2|Palafin, L50, F|\n|poke|p2|Arcanine, L50, M|\n|poke|p2|Flutter Mane, L50|\n|poke|p2|Ting-Lu, L50|\n|poke|p2|Amoonguss, L50, F|\n|teampreview|4\n|inactive|Battle timer is ON: inactive players will automatically lose when time's up. (requested by KChiefs7)\nAlaskan_fisher has agreed to open team sheets.\n|inactive|KChiefs7 has 60 seconds left.\n|inactive|Alaskan_fisher has 60 seconds left.\n|\n|t:|1682098623\n|start\n|switch|p1a: Scizor|Scizor, L50, F|100\/100\n|switch|p1b: Vivillon|Vivillon-Monsoon, L50, M|100\/100\n|switch|p2a: Arcanine|Arcanine, L50, M|100\/100\n|switch|p2b: Baxcalibur|Baxcalibur, L50, M|100\/100\n|-ability|p2a: Arcanine|Intimidate|boost\n|-unboost|p1a: Scizor|atk|1\n|-unboost|p1b: Vivillon|atk|1\n|turn|1\n|inactive|KChiefs7 has 30 seconds left.\n|inactive|Alaskan_fisher has 30 seconds left.\n|\n|t:|1682098651\n|switch|p2a: Amoonguss|Amoonguss, L50, F|100\/100\n|move|p2b: Baxcalibur|Protect|p2b: Baxcalibur\n|-singleturn|p2b: Baxcalibur|Protect\n|move|p1a: Scizor|Bullet Punch|p2b: Baxcalibur\n|-activate|p2b: Baxcalibur|move: Protect\n|move|p1b: Vivillon|Safeguard|p1b: Vivillon\n|-sidestart|p1: KChiefs7|Safeguard\n|\n|upkeep\n|turn|2\n|\n|t:|1682098673\n|move|p2a: Amoonguss|Rage Powder|p2a: Amoonguss\n|-singleturn|p2a: Amoonguss|move: Rage Powder\n|move|p1a: Scizor|Bullet Punch|p2a: Amoonguss\n|-damage|p2a: Amoonguss|79\/100\n|-damage|p1a: Scizor|91\/100|[from] item: Life Orb\n|move|p1b: Vivillon|Pollen Puff|p2a: Amoonguss\n|-damage|p2a: Amoonguss|43\/100\n|-enditem|p2a: Amoonguss|Sitrus Berry|[eat]\n|-heal|p2a: Amoonguss|68\/100|[from] item: Sitrus Berry\n|move|p2b: Baxcalibur|Icicle Crash|p1b: Vivillon\n|-supereffective|p1b: Vivillon\n|-enditem|p1b: Vivillon|Focus Sash\n|-damage|p1b: Vivillon|1\/100\n|\n|upkeep\n|turn|3\n|inactive|KChiefs7 has 30 seconds left.\n|inactive|Alaskan_fisher has 30 seconds left.\n|inactive|Alaskan_fisher has 20 seconds left.\n|inactive|Alaskan_fisher has 15 seconds left.\n|inactive|Alaskan_fisher has 10 seconds left.\n|\n|t:|1682098719\n|switch|p2a: Arcanine|Arcanine, L50, M|100\/100\n|-ability|p2a: Arcanine|Intimidate|boost\n|-unboost|p1a: Scizor|atk|1\n|-unboost|p1b: Vivillon|atk|1\n|move|p2b: Baxcalibur|Protect|p2b: Baxcalibur\n|-singleturn|p2b: Baxcalibur|Protect\n|move|p1b: Vivillon|Pollen Puff|p2a: Arcanine\n|-resisted|p2a: Arcanine\n|-damage|p2a: Arcanine|78\/100\n|move|p1a: Scizor|U-turn|p2a: Arcanine\n|-resisted|p2a: Arcanine\n|-damage|p2a: Arcanine|66\/100\n|-damage|p1a: Scizor|81\/100|[from] item: Life Orb\n|\n|t:|1682098742\n|switch|p1a: Garchomp|Garchomp, L50, F, shiny|100\/100|[from] U-turn\n|\n|upkeep\n|turn|4\n|inactive|KChiefs7 has 30 seconds left.\n|inactive|KChiefs7 has 20 seconds left.\n|inactive|Alaskan_fisher has 30 seconds left.\n|\n|t:|1682098787\n|switch|p2a: Amoonguss|Amoonguss, L50, F|100\/100\n|move|p1a: Garchomp|Rock Slide|p2a: Amoonguss|[spread] p2a,p2b\n|-supereffective|p2b: Baxcalibur\n|-damage|p2a: Amoonguss|84\/100\n|-damage|p2b: Baxcalibur|62\/100\n|move|p1b: Vivillon|Tailwind|p1b: Vivillon\n|-sidestart|p1: KChiefs7|move: Tailwind\n|cant|p2b: Baxcalibur|flinch\n|\n|upkeep\n|turn|5\n|inactive|KChiefs7 has 30 seconds left.\n|inactive|Alaskan_fisher has 30 seconds left.\n|\n|t:|1682098814\n|-terastallize|p2b: Baxcalibur|Poison\n|move|p1a: Garchomp|Rock Slide|p2a: Amoonguss|[spread] p2a,p2b\n|-damage|p2a: Amoonguss|68\/100\n|-damage|p2b: Baxcalibur|41\/100\n|move|p1b: Vivillon|Pollen Puff|p2a: Amoonguss\n|-damage|p2a: Amoonguss|33\/100\n|cant|p2b: Baxcalibur|flinch\n|cant|p2a: Amoonguss|flinch\n|\n|-sideend|p1: KChiefs7|Safeguard\n|upkeep\n|turn|6\n|\n|t:|1682098831\n|move|p2b: Baxcalibur|Protect|p2b: Baxcalibur\n|-singleturn|p2b: Baxcalibur|Protect\n|move|p1a: Garchomp|Rock Slide|p2b: Baxcalibur|[spread] p2a\n|-activate|p2b: Baxcalibur|move: Protect\n|-damage|p2a: Amoonguss|18\/100\n|move|p1b: Vivillon|Safeguard|p1b: Vivillon\n|-sidestart|p1: KChiefs7|Safeguard\n|move|p2a: Amoonguss|Spore|p1b: Vivillon\n|-activate|p1b: Vivillon|move: Safeguard\n|\n|upkeep\n|turn|7\n|\n|t:|1682098850\n|switch|p2a: Arcanine|Arcanine, L50, M|66\/100\n|-ability|p2a: Arcanine|Intimidate|boost\n|-unboost|p1a: Garchomp|atk|1\n|-unboost|p1b: Vivillon|atk|1\n|move|p1a: Garchomp|Rock Slide|p2a: Arcanine|[spread] p2a,p2b\n|-supereffective|p2a: Arcanine\n|-damage|p2a: Arcanine|37\/100\n|-damage|p2b: Baxcalibur|29\/100\n|move|p1b: Vivillon|Pollen Puff|p2b: Baxcalibur\n|-resisted|p2b: Baxcalibur\n|-damage|p2b: Baxcalibur|11\/100\n|move|p2b: Baxcalibur|Dragon Dance|p2b: Baxcalibur\n|-boost|p2b: Baxcalibur|atk|1\n|-boost|p2b: Baxcalibur|spe|1\n|\n|-sideend|p1: KChiefs7|move: Tailwind\n|upkeep\n|turn|8\n|inactive|KChiefs7 has 30 seconds left.\n|inactive|Alaskan_fisher has 30 seconds left.\n|\n|t:|1682098875\n|move|p1a: Garchomp|Rock Slide|p2a: Arcanine|[spread] p2a\n|-miss|p1a: Garchomp|p2b: Baxcalibur\n|-supereffective|p2a: Arcanine\n|-crit|p2a: Arcanine\n|-damage|p2a: Arcanine|0 fnt\n|faint|p2a: Arcanine\n|move|p2b: Baxcalibur|Icicle Crash|p1b: Vivillon\n|-supereffective|p1b: Vivillon\n|-damage|p1b: Vivillon|0 fnt\n|faint|p1b: Vivillon\n|\n|upkeep\n|\n|t:|1682098889\n|switch|p2a: Flutter Mane|Flutter Mane, L50|100\/100\n|switch|p1b: Iron Hands|Iron Hands, L50|100\/100\n|turn|9\n|inactive|KChiefs7 has 30 seconds left.\n|\n|t:|1682098923\n|-terastallize|p1b: Iron Hands|Grass\n|move|p2b: Baxcalibur|Protect|p2b: Baxcalibur\n|-singleturn|p2b: Baxcalibur|Protect\n|move|p1a: Garchomp|Rock Slide|p2a: Flutter Mane|[spread] p2a\n|-activate|p2b: Baxcalibur|move: Protect\n|-damage|p2a: Flutter Mane|75\/100\n|move|p2a: Flutter Mane|Moonblast|p1a: Garchomp\n|-supereffective|p1a: Garchomp\n|-damage|p1a: Garchomp|0 fnt\n|faint|p1a: Garchomp\n|move|p1b: Iron Hands|Thunder Punch|p2a: Flutter Mane\n|-damage|p2a: Flutter Mane|0 fnt\n|faint|p2a: Flutter Mane\n|-end|p2a: Flutter Mane|Protosynthesis|[silent]\n|\n|upkeep\n|\n|t:|1682098939\n|switch|p2a: Amoonguss|Amoonguss, L50, F|51\/100\n|switch|p1a: Scizor|Scizor, L50, F|81\/100\n|turn|10\n|\n|t:|1682098961\n|move|p2a: Amoonguss|Rage Powder|p2a: Amoonguss\n|-singleturn|p2a: Amoonguss|move: Rage Powder\n|move|p2b: Baxcalibur|Icicle Crash|p1b: Iron Hands\n|-supereffective|p1b: Iron Hands\n|-damage|p1b: Iron Hands|0 fnt\n|faint|p1b: Iron Hands\n|-end|p1b: Iron Hands|Quark Drive|[silent]\n|move|p1a: Scizor|U-turn|p2a: Amoonguss\n|-damage|p2a: Amoonguss|15\/100\n|-damage|p1a: Scizor|72\/100|[from] item: Life Orb\n|\n|-sideend|p1: KChiefs7|Safeguard\n|upkeep\n|turn|11\n|inactive|KChiefs7 has 30 seconds left.\n|\n|t:|1682098989\n|move|p2a: Amoonguss|Rage Powder|p2a: Amoonguss\n|-singleturn|p2a: Amoonguss|move: Rage Powder\n|move|p1a: Scizor|Bullet Punch|p2a: Amoonguss\n|-damage|p2a: Amoonguss|0 fnt\n|faint|p2a: Amoonguss\n|-damage|p1a: Scizor|62\/100|[from] item: Life Orb\n|move|p2b: Baxcalibur|Glaive Rush|p1a: Scizor\n|-resisted|p1a: Scizor\n|-damage|p1a: Scizor|10\/100\n|-singlemove|p2b: Baxcalibur|Glaive Rush|[silent]\n|\n|upkeep\n|turn|12\n|inactive|KChiefs7 has 30 seconds left.\n|l|\u2606KChiefs7\n|inactive|KChiefs7 disconnected and has a minute to reconnect!\n|player|p1|\n|inactive|KChiefs7 has 20 seconds left.\n|inactive|KChiefs7 has 15 seconds left.\n|inactive|KChiefs7 has 10 seconds left.\n|inactive|KChiefs7 has 5 seconds left.\n|-message|KChiefs7 lost due to inactivity.\n|\n|win|Alaskan_fisher\n|raw|KChiefs7's rating: 1196 → 1171<\/strong> (-25 for losing)\n|raw|Alaskan_fisher's rating: 1197 → 1222<\/strong> (+25 for winning)\n","uploadtime":1682099214,"views":17,"p1id":"kchiefs7","p2id":"alaskanfisher","formatid":"gen9vgc2023regulationc","rating":1171,"private":0,"password":""}