{"id":"gen9vgc2023regulationc-1856970041","p1":"Inwaves22","p2":"Fufo04","format":"[Gen 9] VGC 2023 Regulation C","log":"|j|\u2606Inwaves22\n|j|\u2606Fufo04\n|t:|1683131850\n|gametype|doubles\n|player|p1|Inwaves22|falkner|1168\n|player|p2|Fufo04|2|1084\n|teamsize|p1|6\n|teamsize|p2|6\n|gen|9\n|tier|[Gen 9] VGC 2023 Regulation C\n|rated|\n|rule|Species Clause: Limit one of each Pok\u00e9mon\n|rule|Item Clause: Limit one of each item\n|clearpoke\n|poke|p1|Annihilape, L50, M|\n|poke|p1|Iron Bundle, L50|\n|poke|p1|Arcanine, L50, F|\n|poke|p1|Roaring Moon, L50|\n|poke|p1|Gholdengo, L50|\n|poke|p1|Maushold-Four, L50|\n|poke|p2|Ceruledge, L50, F|\n|poke|p2|Cryogonal, L50|\n|poke|p2|Tauros-Paldea-Aqua, L50, M|\n|poke|p2|Abomasnow, L50, M|\n|poke|p2|Baxcalibur, L50, M|\n|poke|p2|Camerupt, L50, M|\n|teampreview|4\n|inactive|Battle timer is ON: inactive players will automatically lose when time's up. (requested by Fufo04)\n|\n|t:|1683131881\n|start\n|switch|p1a: Maushold|Maushold-Four, L50|100\/100\n|switch|p1b: Annihilape|Annihilape, L50, M|100\/100\n|switch|p2a: Abomasnow|Abomasnow, L50, M, shiny|100\/100\n|switch|p2b: Cryogonal|Cryogonal, L50, shiny|100\/100\n|-weather|Snow|[from] ability: Snow Warning|[of] p2a: Abomasnow\n|turn|1\n|inactive|Fufo04 has 30 seconds left.\n|inactive|Fufo04 has 20 seconds left.\n|\n|t:|1683131917\n|switch|p2a: Tauros|Tauros-Paldea-Aqua, L50, M|100\/100\n|move|p2b: Cryogonal|Frost Breath|p2a: Tauros\n|-resisted|p2a: Tauros\n|-crit|p2a: Tauros\n|-damage|p2a: Tauros|83\/100\n|-setboost|p2a: Tauros|atk|6|[from] ability: Anger Point\n|move|p1a: Maushold|Beat Up|p1b: Annihilape\n|-damage|p1b: Annihilape|99\/100\n|-damage|p1b: Annihilape|96\/100\n|-damage|p1b: Annihilape|94\/100\n|-damage|p1b: Annihilape|92\/100\n|-hitcount|p1b: Annihilape|4\n|move|p1b: Annihilape|Drain Punch|p2b: Cryogonal\n|-supereffective|p2b: Cryogonal\n|-damage|p2b: Cryogonal|32\/100\n|-heal|p1b: Annihilape|100\/100|[from] drain|[of] p2b: Cryogonal\n|\n|-weather|Snow|[upkeep]\n|upkeep\n|turn|2\n|inactive|Inwaves22 has 30 seconds left.\n|\n|t:|1683131948\n|move|p1a: Maushold|Follow Me|p1a: Maushold\n|-singleturn|p1a: Maushold|move: Follow Me\n|move|p2a: Tauros|Earthquake|p1b: Annihilape|[spread] p1a,p1b\n|-immune|p2b: Cryogonal|[from] ability: Levitate\n|-damage|p1a: Maushold|12\/100\n|-damage|p1b: Annihilape|41\/100\n|-enditem|p1b: Annihilape|Sitrus Berry|[eat]\n|-heal|p1b: Annihilape|66\/100|[from] item: Sitrus Berry\n|move|p2b: Cryogonal|Aurora Veil|p2b: Cryogonal\n|-sidestart|p2: Fufo04|move: Aurora Veil\n|move|p1b: Annihilape|Bulk Up|p1b: Annihilape\n|-boost|p1b: Annihilape|atk|1\n|-boost|p1b: Annihilape|def|1\n|\n|-weather|Snow|[upkeep]\n|upkeep\n|turn|3\n|inactive|Inwaves22 has 30 seconds left.\n|inactive|Inwaves22 has 20 seconds left.\n|\n|t:|1683131988\n|move|p1a: Maushold|Protect|p1a: Maushold\n|-singleturn|p1a: Maushold|Protect\n|move|p2a: Tauros|Earthquake|p1b: Annihilape|[spread] p1b\n|-activate|p1a: Maushold|move: Protect\n|-immune|p2b: Cryogonal|[from] ability: Levitate\n|-damage|p1b: Annihilape|25\/100\n|move|p2b: Cryogonal|Freeze-Dry|p1b: Annihilape\n|-damage|p1b: Annihilape|10\/100\n|move|p1b: Annihilape|Rage Fist|p2a: Tauros\n|-damage|p2a: Tauros|0 fnt\n|faint|p2a: Tauros\n|\n|-weather|Snow|[upkeep]\n|upkeep\n|\n|t:|1683132002\n|switch|p2a: Abomasnow|Abomasnow, L50, M, shiny|100\/100\n|turn|4\n|\n|t:|1683132021\n|move|p2b: Cryogonal|Icy Wind|p1b: Annihilape|[spread] p1a,p1b\n|-damage|p1a: Maushold|0 fnt\n|-damage|p1b: Annihilape|1\/100\n|-unboost|p1b: Annihilape|spe|1\n|-ability|p1b: Annihilape|Defiant|boost\n|-boost|p1b: Annihilape|atk|2\n|faint|p1a: Maushold\n|move|p2a: Abomasnow|Blizzard|p1b: Annihilape\n|-damage|p1b: Annihilape|0 fnt\n|faint|p1b: Annihilape\n|\n|-weather|Snow|[upkeep]\n|upkeep\n|\n|t:|1683132031\n|switch|p1a: Iron Bundle|Iron Bundle, L50|100\/100\n|switch|p1b: Arcanine|Arcanine, L50, F|100\/100\n|-ability|p1b: Arcanine|Intimidate|boost\n|-unboost|p2a: Abomasnow|atk|1\n|-unboost|p2b: Cryogonal|atk|1\n|turn|5\n|inactive|Fufo04 has 30 seconds left.\n|\n|t:|1683132065\n|-terastallize|p2a: Abomasnow|Water\n|move|p1a: Iron Bundle|Protect|p1a: Iron Bundle\n|-singleturn|p1a: Iron Bundle|Protect\n|move|p2b: Cryogonal|Icy Wind|p1b: Arcanine|[spread] p1b\n|-activate|p1a: Iron Bundle|move: Protect\n|-resisted|p1b: Arcanine\n|-damage|p1b: Arcanine|95\/100\n|-unboost|p1b: Arcanine|spe|1\n|move|p1b: Arcanine|Flare Blitz|p2a: Abomasnow\n|-resisted|p2a: Abomasnow\n|-damage|p2a: Abomasnow|76\/100\n|-damage|p1b: Arcanine|86\/100|[from] Recoil\n|move|p2a: Abomasnow|Earth Power|p1b: Arcanine\n|-supereffective|p1b: Arcanine\n|-damage|p1b: Arcanine|42\/100\n|\n|-weather|none\n|upkeep\n|turn|6\n|inactive|Fufo04 has 30 seconds left.\n|inactive|Fufo04 has 20 seconds left.\n|\n|t:|1683132102\n|switch|p2a: Ceruledge|Ceruledge, L50, F|100\/100\n|move|p1b: Arcanine|Extreme Speed|p2b: Cryogonal\n|-damage|p2b: Cryogonal|6\/100\n|move|p1a: Iron Bundle|Freeze-Dry|p2a: Ceruledge\n|-resisted|p2a: Ceruledge\n|-damage|p2a: Ceruledge|90\/100\n|-status|p2a: Ceruledge|frz\n|move|p2b: Cryogonal|Icy Wind|p1b: Arcanine|[spread] p1a,p1b\n|-resisted|p1a: Iron Bundle\n|-resisted|p1b: Arcanine\n|-damage|p1a: Iron Bundle|94\/100\n|-damage|p1b: Arcanine|37\/100\n|-unboost|p1b: Arcanine|spe|1\n|\n|-sideend|p2: Fufo04|move: Aurora Veil\n|upkeep\n|turn|7\n|inactive|Inwaves22 has 30 seconds left.\n|\n|t:|1683132130\n|switch|p2a: Abomasnow|Abomasnow, L50, M, shiny, tera:Water|76\/100\n|-weather|Snow|[from] ability: Snow Warning|[of] p2a: Abomasnow\n|move|p1a: Iron Bundle|Protect|p1a: Iron Bundle\n|-singleturn|p1a: Iron Bundle|Protect\n|move|p1b: Arcanine|Extreme Speed|p2b: Cryogonal\n|-damage|p2b: Cryogonal|0 fnt\n|faint|p2b: Cryogonal\n|\n|-weather|Snow|[upkeep]\n|upkeep\n|\n|t:|1683132140\n|switch|p2b: Ceruledge|Ceruledge, L50, F|90\/100 frz\n|turn|8\n|\n|t:|1683132155\n|move|p1a: Iron Bundle|Freeze-Dry|p2a: Abomasnow\n|-supereffective|p2a: Abomasnow\n|-damage|p2a: Abomasnow|0 fnt\n|faint|p2a: Abomasnow\n|cant|p2b: Ceruledge|frz\n|move|p1b: Arcanine|Snarl|p2b: Ceruledge\n|-supereffective|p2b: Ceruledge\n|-damage|p2b: Ceruledge|68\/100 frz\n|\n|-weather|Snow|[upkeep]\n|upkeep\n|turn|9\n|\n|t:|1683132167\n|move|p1a: Iron Bundle|Freeze-Dry|p2b: Ceruledge\n|-resisted|p2b: Ceruledge\n|-damage|p2b: Ceruledge|52\/100 frz\n|cant|p2b: Ceruledge|frz\n|move|p1b: Arcanine|Snarl|p2b: Ceruledge\n|-supereffective|p2b: Ceruledge\n|-damage|p2b: Ceruledge|30\/100 frz\n|\n|-weather|Snow|[upkeep]\n|upkeep\n|turn|10\n|\n|t:|1683132183\n|-terastallize|p1a: Iron Bundle|Ghost\n|move|p1a: Iron Bundle|Freeze-Dry|p2b: Ceruledge\n|-resisted|p2b: Ceruledge\n|-damage|p2b: Ceruledge|13\/100 frz\n|cant|p2b: Ceruledge|frz\n|move|p1b: Arcanine|Snarl|p2b: Ceruledge\n|-supereffective|p2b: Ceruledge\n|-crit|p2b: Ceruledge\n|-damage|p2b: Ceruledge|0 fnt\n|faint|p2b: Ceruledge\n|\n|win|Inwaves22\n|raw|Inwaves22's rating: 1168 → 1187<\/strong> (+19 for winning)\n|raw|Fufo04's rating: 1084 → 1067<\/strong> (-17 for losing)\n|l|\u2606Fufo04\n","uploadtime":1683132216,"views":10,"p1id":"inwaves22","p2id":"fufo04","formatid":"gen9vgc2023regulationc","rating":1067,"private":0,"password":""}