{"id":"gen9vgc2023regulationc-1853040151","p1":"NoobyNooberton","p2":"Ndlsoddjdj","format":"[Gen 9] VGC 2023 Regulation C","log":"|j|\u2606NoobyNooberton\n|j|\u2606Ndlsoddjdj\n|t:|1682628395\n|gametype|doubles\n|player|p1|NoobyNooberton|1|1094\n|player|p2|Ndlsoddjdj|170|1177\n|teamsize|p1|6\n|teamsize|p2|6\n|gen|9\n|tier|[Gen 9] VGC 2023 Regulation C\n|rated|\n|rule|Species Clause: Limit one of each Pok\u00e9mon\n|rule|Item Clause: Limit one of each item\n|clearpoke\n|poke|p1|Rotom-Wash, L50|\n|poke|p1|Amoonguss, L50, M|\n|poke|p1|Tsareena, L50, F|\n|poke|p1|Arcanine, L50, M|\n|poke|p1|Murkrow, L50, F|\n|poke|p1|Palafin, L50, M|\n|poke|p2|Arcanine, L50, M|\n|poke|p2|Ting-Lu, L50|\n|poke|p2|Palafin, L50, F|\n|poke|p2|Flutter Mane, L50|\n|poke|p2|Corviknight, L50, F|\n|poke|p2|Amoonguss, L50, M|\n|teampreview|4\n|\n|t:|1682628411\n|start\n|switch|p1a: Lavadorita|Rotom-Wash, L50, shiny|100\/100\n|switch|p1b: Shamu|Palafin, L50, M, shiny|100\/100\n|switch|p2a: Flutter Mane|Flutter Mane, L50|100\/100\n|switch|p2b: Palafin|Palafin, L50, F|100\/100\n|turn|1\n|\n|t:|1682628444\n|detailschange|p2b: Palafin|Palafin-Hero, L50, F\n|switch|p2b: Amoonguss|Amoonguss, L50, M|100\/100\n|detailschange|p1b: Shamu|Palafin-Hero, L50, M, shiny\n|switch|p1b: Gushy|Amoonguss, L50, M|100\/100\n|move|p2a: Flutter Mane|Dazzling Gleam|p1a: Lavadorita|[spread] p1a,p1b\n|-resisted|p1b: Gushy\n|-damage|p1a: Lavadorita|46\/100\n|-damage|p1b: Gushy|84\/100\n|move|p1a: Lavadorita|Thunder Wave|p2a: Flutter Mane\n|-status|p2a: Flutter Mane|par\n|\n|-heal|p1a: Lavadorita|52\/100|[from] item: Leftovers\n|-heal|p1b: Gushy|90\/100|[from] item: Black Sludge\n|upkeep\n|turn|2\n|\n|t:|1682628489\n|switch|p2b: Palafin|Palafin-Hero, L50, F|100\/100\n|-activate|p2b: Palafin|ability: Zero to Hero\n|move|p1a: Lavadorita|Hydro Pump|p2a: Flutter Mane\n|-damage|p2a: Flutter Mane|50\/100 par\n|move|p2a: Flutter Mane|Dazzling Gleam|p1a: Lavadorita|[spread] p1a,p1b\n|-resisted|p1b: Gushy\n|-damage|p1a: Lavadorita|0 fnt\n|-damage|p1b: Gushy|74\/100\n|faint|p1a: Lavadorita\n|move|p1b: Gushy|Pollen Puff|p1: Lavadorita|[notarget]\n|-fail|p1b: Gushy\n|\n|-heal|p1b: Gushy|80\/100|[from] item: Black Sludge\n|upkeep\n|\n|t:|1682628505\n|switch|p1a: Mami|Tsareena, L50, F, shiny|100\/100\n|turn|3\n|\n|t:|1682628537\n|-terastallize|p1a: Mami|Steel\n|move|p2b: Palafin|Protect|p2b: Palafin\n|-singleturn|p2b: Palafin|Protect\n|move|p1b: Gushy|Protect|p1b: Gushy\n|-singleturn|p1b: Gushy|Protect\n|move|p2a: Flutter Mane|Dazzling Gleam|p1b: Gushy|[spread] p1a\n|-activate|p1b: Gushy|move: Protect\n|-resisted|p1a: Mami\n|-damage|p1a: Mami|76\/100\n|move|p1a: Mami|Power Whip|p2a: Flutter Mane\n|-damage|p2a: Flutter Mane|0 fnt\n|faint|p2a: Flutter Mane\n|-end|p2a: Flutter Mane|Protosynthesis|[silent]\n|\n|-heal|p1b: Gushy|86\/100|[from] item: Black Sludge\n|upkeep\n|\n|t:|1682628556\n|switch|p2a: Arcanine|Arcanine, L50, M|100\/100\n|-ability|p2a: Arcanine|Intimidate|boost\n|-unboost|p1a: Mami|atk|1\n|-unboost|p1b: Gushy|atk|1\n|turn|4\n|\n|t:|1682628574\n|switch|p2b: Amoonguss|Amoonguss, L50, M|100\/100\n|move|p1a: Mami|Protect|p1a: Mami\n|-singleturn|p1a: Mami|Protect\n|move|p2a: Arcanine|Flare Blitz|p1b: Gushy\n|-supereffective|p1b: Gushy\n|-damage|p1b: Gushy|0 fnt\n|faint|p1b: Gushy\n|-damage|p2a: Arcanine|67\/100|[from] Recoil\n|\n|upkeep\n|\n|t:|1682628583\n|switch|p1b: Shamu|Palafin-Hero, L50, M, shiny|100\/100\n|-activate|p1b: Shamu|ability: Zero to Hero\n|turn|5\n|\n|t:|1682628596\n|move|p2a: Arcanine|Protect|p2a: Arcanine\n|-singleturn|p2a: Arcanine|Protect\n|move|p1b: Shamu|Jet Punch|p2a: Arcanine\n|-activate|p2a: Arcanine|move: Protect\n|move|p1a: Mami|High Jump Kick|p2a: Arcanine\n|-activate|p2a: Arcanine|move: Protect\n|-damage|p1a: Mami|27\/100|[from] highjumpkick\n|move|p2b: Amoonguss|Spore|p1a: Mami\n|-status|p1a: Mami|slp|[from] move: Spore\n|\n|upkeep\n|turn|6\n|\n|t:|1682628622\n|switch|p2a: Palafin|Palafin-Hero, L50, F|100\/100\n|move|p1b: Shamu|Bulk Up|p1b: Shamu\n|-boost|p1b: Shamu|atk|1\n|-boost|p1b: Shamu|def|1\n|cant|p1a: Mami|slp\n|move|p2b: Amoonguss|Spore|p1b: Shamu\n|-activate|p1b: Shamu|item: Safety Goggles|Spore\n|\n|upkeep\n|turn|7\n|\n|t:|1682628645\n|move|p1b: Shamu|Drain Punch|p2a: Palafin\n|-damage|p2a: Palafin|54\/100\n|move|p2a: Palafin|Bulk Up|p2a: Palafin\n|-boost|p2a: Palafin|atk|1\n|-boost|p2a: Palafin|def|1\n|-curestatus|p1a: Mami|slp|[msg]\n|move|p1a: Mami|Power Whip|p2a: Palafin\n|-supereffective|p2a: Palafin\n|-damage|p2a: Palafin|0 fnt\n|faint|p2a: Palafin\n|move|p2b: Amoonguss|Clear Smog|p1b: Shamu\n|-damage|p1b: Shamu|84\/100\n|-clearboost|p1b: Shamu\n|\n|upkeep\n|\n|t:|1682628661\n|switch|p2a: Arcanine|Arcanine, L50, M|67\/100\n|-ability|p2a: Arcanine|Intimidate|boost\n|-unboost|p1a: Mami|atk|1\n|-unboost|p1b: Shamu|atk|1\n|turn|8\n|\n|t:|1682628691\n|move|p1a: Mami|Protect|p1a: Mami\n|-singleturn|p1a: Mami|Protect\n|move|p2b: Amoonguss|Rage Powder|p2b: Amoonguss\n|-singleturn|p2b: Amoonguss|move: Rage Powder\n|move|p1b: Shamu|Bulk Up|p1b: Shamu\n|-boost|p1b: Shamu|atk|1\n|-boost|p1b: Shamu|def|1\n|move|p2a: Arcanine|Flare Blitz|p1a: Mami\n|-activate|p1a: Mami|move: Protect\n|\n|upkeep\n|turn|9\n|\n|t:|1682628716\n|move|p2a: Arcanine|Protect|p2a: Arcanine\n|-singleturn|p2a: Arcanine|Protect\n|move|p1b: Shamu|Jet Punch|p2a: Arcanine\n|-activate|p2a: Arcanine|move: Protect\n|move|p1a: Mami|Power Whip|p2a: Arcanine\n|-activate|p2a: Arcanine|move: Protect\n|move|p2b: Amoonguss|Spore|p1a: Mami\n|-status|p1a: Mami|slp|[from] move: Spore\n|\n|upkeep\n|turn|10\n|inactive|Battle timer is ON: inactive players will automatically lose when time's up. (requested by Ndlsoddjdj)\n|inactive|Ndlsoddjdj has 60 seconds left.\n|\n|t:|1682628749\n|move|p2b: Amoonguss|Rage Powder|p2b: Amoonguss\n|-singleturn|p2b: Amoonguss|move: Rage Powder\n|move|p1b: Shamu|Jet Punch|p2a: Arcanine\n|-supereffective|p2a: Arcanine\n|-damage|p2a: Arcanine|0 fnt\n|faint|p2a: Arcanine\n|cant|p1a: Mami|slp\n|\n|upkeep\n|turn|11\n|-message|Ndlsoddjdj forfeited.\n|\n|win|NoobyNooberton\n|raw|NoobyNooberton's rating: 1094 → 1126<\/strong> (+32 for winning)\n|raw|Ndlsoddjdj's rating: 1177 → 1146<\/strong> (-31 for losing)\n|l|\u2606Ndlsoddjdj\n","uploadtime":1682628764,"views":17,"p1id":"noobynooberton","p2id":"ndlsoddjdj","formatid":"gen9vgc2023regulationc","rating":1126,"private":0,"password":""}