{"id":"gen9vgc2023regulationc-1851131388","p1":"SisalVT","p2":"Sharpievgc","format":"[Gen 9] VGC 2023 Regulation C","log":"|j|\u2606SisalVT\n|j|\u2606Sharpievgc\n|t:|1682414409\n|gametype|doubles\n|player|p1|SisalVT|blue|1636\n|player|p2|Sharpievgc|nate|1720\n|teamsize|p1|6\n|teamsize|p2|6\n|gen|9\n|tier|[Gen 9] VGC 2023 Regulation C\n|rated|\n|rule|Species Clause: Limit one of each Pok\u00e9mon\n|rule|Item Clause: Limit one of each item\n|clearpoke\n|poke|p1|Breloom, L50, M|\n|poke|p1|Chien-Pao, L50|\n|poke|p1|Flutter Mane, L50|\n|poke|p1|Chi-Yu, L50|\n|poke|p1|Dondozo, L50, M|\n|poke|p1|Tatsugiri-Stretchy, L50, M|\n|poke|p2|Armarouge, L50, M|\n|poke|p2|Iron Hands, L50|\n|poke|p2|Indeedee-F, L50, F|\n|poke|p2|Annihilape, L50, M|\n|poke|p2|Torkoal, L50, F|\n|poke|p2|Dragapult, L50, F|\n|teampreview|4\nSisalVT has agreed to open team sheets.\nSharpievgc has agreed to open team sheets.\n|j| bombart\n|inactive|Battle timer is ON: inactive players will automatically lose when time's up. (requested by Sharpievgc)\n|\n|t:|1682414430\n|start\n|switch|p1a: Bottas|Flutter Mane, L50|100\/100\n|switch|p1b: Hanako|Chi-Yu, L50|100\/100\n|switch|p2a: Indeedee|Indeedee-F, L50, F|100\/100\n|switch|p2b: Armarouge|Armarouge, L50, M|100\/100\n|-ability|p1b: Hanako|Beads of Ruin\n|-fieldstart|move: Psychic Terrain|[from] ability: Psychic Surge|[of] p2a: Indeedee\n|-enditem|p1a: Bottas|Booster Energy\n|-activate|p1a: Bottas|ability: Protosynthesis|[fromitem]\n|-start|p1a: Bottas|protosynthesisspa\n|turn|1\n|inactive|Sharpievgc has 30 seconds left.\n|\n|t:|1682414462\n|move|p2a: Indeedee|Follow Me|p2a: Indeedee\n|-singleturn|p2a: Indeedee|move: Follow Me\n|move|p1a: Bottas|Dazzling Gleam|p2b: Armarouge|[spread] p2a,p2b\n|-resisted|p2b: Armarouge\n|-damage|p2a: Indeedee|63\/100\n|-damage|p2b: Armarouge|74\/100\n|move|p1b: Hanako|Dark Pulse|p2a: Indeedee\n|-supereffective|p2a: Indeedee\n|-damage|p2a: Indeedee|0 fnt\n|faint|p2a: Indeedee\n|move|p2b: Armarouge|Trick Room|p2b: Armarouge\n|-fieldstart|move: Trick Room|[of] p2b: Armarouge\n|\n|upkeep\n|\n|t:|1682414470\n|switch|p2a: Torkoal|Torkoal, L50, F|100\/100\n|-weather|SunnyDay|[from] ability: Drought|[of] p2a: Torkoal\n|turn|2\n|inactive|Sharpievgc has 30 seconds left.\n|inactive|Sharpievgc has 20 seconds left.\n|inactive|Sharpievgc has 15 seconds left.\n|\n|t:|1682414514\n|-terastallize|p2a: Torkoal|Fire\n|move|p1a: Bottas|Protect|p1a: Bottas\n|-singleturn|p1a: Bottas|Protect\n|move|p2a: Torkoal|Eruption|p1a: Bottas|[spread] p1b\n|-activate|p1a: Bottas|move: Protect\n|-resisted|p1b: Hanako\n|-damage|p1b: Hanako|45\/100\n|-enditem|p1b: Hanako|Sitrus Berry|[eat]\n|-heal|p1b: Hanako|70\/100|[from] item: Sitrus Berry\n|move|p2b: Armarouge|Armor Cannon|p1b: Hanako\n|-resisted|p1b: Hanako\n|-damage|p1b: Hanako|26\/100\n|-unboost|p2b: Armarouge|def|1\n|-unboost|p2b: Armarouge|spd|1\n|move|p1b: Hanako|Dark Pulse|p2a: Torkoal\n|-crit|p2a: Torkoal\n|-damage|p2a: Torkoal|2\/100\n|\n|-weather|SunnyDay|[upkeep]\n|upkeep\n|turn|3\n|\n|t:|1682414537\n|move|p2a: Torkoal|Heat Wave|p1b: Hanako|[spread] p1a,p1b\n|-resisted|p1b: Hanako\n|-damage|p1a: Bottas|14\/100\n|-damage|p1b: Hanako|0 fnt\n|faint|p1b: Hanako\n|move|p2b: Armarouge|Expanding Force|p1a: Bottas\n|-damage|p1a: Bottas|0 fnt\n|faint|p1a: Bottas\n|-end|p1a: Bottas|Protosynthesis|[silent]\n|\n|-weather|SunnyDay|[upkeep]\n|upkeep\n|\n|t:|1682414541\n|switch|p1b: Pogsukiri|Tatsugiri-Stretchy, L50, M, shiny|100\/100\n|switch|p1a: Chonkster|Dondozo, L50, M|100\/100\n|-activate|p1b: Pogsukiri|ability: Commander|[of] p1a: Chonkster\n|-boost|p1a: Chonkster|atk|2\n|-boost|p1a: Chonkster|spa|2\n|-boost|p1a: Chonkster|spe|2\n|-boost|p1a: Chonkster|def|2\n|-boost|p1a: Chonkster|spd|2\n|turn|4\n|\n|t:|1682414565\n|move|p2a: Torkoal|Clear Smog|p1a: Chonkster\n|-damage|p1a: Chonkster|93\/100\n|-clearboost|p1a: Chonkster\n|move|p2b: Armarouge|Expanding Force|p1b: Pogsukiri|[spread] p1a\n|-miss|p2b: Armarouge|p1b: Pogsukiri\n|-damage|p1a: Chonkster|20\/100\n|move|p1a: Chonkster|Rock Slide|p2b: Armarouge|[spread] p2a,p2b\n|-supereffective|p2a: Torkoal\n|-supereffective|p2b: Armarouge\n|-damage|p2a: Torkoal|0 fnt\n|-damage|p2b: Armarouge|43\/100\n|faint|p2a: Torkoal\n|\n|-weather|SunnyDay|[upkeep]\n|-heal|p1a: Chonkster|26\/100|[from] item: Leftovers\n|upkeep\n|\n|t:|1682414575\n|switch|p2a: Iron Hands|Iron Hands, L50|100\/100\n|-enditem|p2a: Iron Hands|Booster Energy\n|-activate|p2a: Iron Hands|ability: Quark Drive|[fromitem]\n|-start|p2a: Iron Hands|quarkdriveatk\n|turn|5\n|inactive|Sharpievgc has 30 seconds left.\n|\n|t:|1682414602\n|move|p1a: Chonkster|Protect|p1a: Chonkster\n|-singleturn|p1a: Chonkster|Protect\n|move|p2a: Iron Hands|Drain Punch|p1a: Chonkster\n|-activate|p1a: Chonkster|move: Protect\n|move|p2b: Armarouge|Expanding Force|p1b: Pogsukiri|[spread] \n|-miss|p2b: Armarouge|p1b: Pogsukiri\n|-activate|p1a: Chonkster|move: Protect\n|\n|-weather|SunnyDay|[upkeep]\n|-heal|p1a: Chonkster|33\/100|[from] item: Leftovers\n|-fieldend|move: Trick Room\n|-fieldend|move: Psychic Terrain\n|upkeep\n|turn|6\n|inactive|SisalVT has 30 seconds left.\n|\n|t:|1682414632\n|-terastallize|p1a: Chonkster|Grass\n|move|p1a: Chonkster|Wave Crash|p2b: Armarouge\n|-supereffective|p2b: Armarouge\n|-damage|p2b: Armarouge|0 fnt\n|faint|p2b: Armarouge\n|-damage|p1a: Chonkster|21\/100|[from] Recoil\n|move|p2a: Iron Hands|Drain Punch|p1a: Chonkster\n|-damage|p1a: Chonkster|0 fnt\n|faint|p1a: Chonkster\n|\n|-weather|none\n|upkeep\n|turn|7\n|j| Method Tester\n|\n|t:|1682414642\n|move|p2a: Iron Hands|Protect|p2a: Iron Hands\n|-singleturn|p2a: Iron Hands|Protect\n|move|p1b: Pogsukiri|Draco Meteor|p2a: Iron Hands\n|-activate|p2a: Iron Hands|move: Protect\n|\n|upkeep\n|turn|8\n|\n|t:|1682414654\n|move|p1b: Pogsukiri|Draco Meteor|p2a: Iron Hands\n|-damage|p2a: Iron Hands|40\/100\n|-unboost|p1b: Pogsukiri|spa|2\n|move|p2a: Iron Hands|Wild Charge|p1b: Pogsukiri\n|-damage|p1b: Pogsukiri|0 fnt\n|faint|p1b: Pogsukiri\n|-damage|p2a: Iron Hands|26\/100|[from] Recoil\n|\n|win|Sharpievgc\n|raw|SisalVT's rating: 1636 → 1621<\/strong> (-15 for losing)\n|raw|Sharpievgc's rating: 1720 → 1735<\/strong> (+15 for winning)\n|l|\u2606SisalVT\n","uploadtime":1682414665,"views":12,"p1id":"sisalvt","p2id":"sharpievgc","formatid":"gen9vgc2023regulationc","rating":1621,"private":0,"password":""}