{"id":"gen9vgc2023regulationc-1850404363","p1":"Zyros Phade","p2":"makizzang","format":"[Gen 9] VGC 2023 Regulation C","log":"|j|\u2606Zyros Phade\n|j|\u2606makizzang\n|t:|1682331830\n|gametype|doubles\n|player|p1|Zyros Phade|169|1440\n|player|p2|makizzang|dawn|1418\n|teamsize|p1|6\n|teamsize|p2|6\n|gen|9\n|tier|[Gen 9] VGC 2023 Regulation C\n|rated|\n|rule|Species Clause: Limit one of each Pok\u00e9mon\n|rule|Item Clause: Limit one of each item\n|clearpoke\n|poke|p1|Vivillon, L50, F|\n|poke|p1|Gyarados, L50, M|\n|poke|p1|Flutter Mane, L50|\n|poke|p1|Hydreigon, L50, F|\n|poke|p1|Grimmsnarl, L50, M|\n|poke|p1|Garchomp, L50, F|\n|poke|p2|Flutter Mane, L50|\n|poke|p2|Ting-Lu, L50|\n|poke|p2|Arcanine, L50, M|\n|poke|p2|Amoonguss, L50, M|\n|poke|p2|Baxcalibur, L50, M|\n|poke|p2|Palafin, L50, F|\n|teampreview|4\n|inactive|Battle timer is ON: inactive players will automatically lose when time's up. (requested by Zyros Phade)\n|\n|t:|1682331847\n|start\n|switch|p1a: Viola|Vivillon, L50, F|100\/100\n|switch|p1b: Cynthia|Garchomp, L50, F|100\/100\n|switch|p2a: Flutter Mane|Flutter Mane, L50|100\/100\n|switch|p2b: Amoonguss|Amoonguss, L50, M, shiny|100\/100\n|turn|1\n|inactive|makizzang has 30 seconds left.\n|\n|t:|1682331872\n|-end|p2a: Flutter Mane|Protosynthesis|[silent]\n|switch|p2a: Arcanine|Arcanine, L50, M|100\/100\n|-ability|p2a: Arcanine|Intimidate|boost\n|-unboost|p1a: Viola|atk|1\n|-fail|p1b: Cynthia|unboost|[from] item: Clear Amulet|[of] p1b: Cynthia\n|-terastallize|p1b: Cynthia|Steel\n|move|p1b: Cynthia|Swords Dance|p1b: Cynthia\n|-boost|p1b: Cynthia|atk|2\n|move|p1a: Viola|Safeguard|p1a: Viola\n|-sidestart|p1: Zyros Phade|Safeguard\n|move|p2b: Amoonguss|Spore|p1a: Viola\n|-activate|p1a: Viola|move: Safeguard\n|\n|upkeep\n|turn|2\n|\n|t:|1682331890\n|-terastallize|p2a: Arcanine|Flying\n|move|p2b: Amoonguss|Protect|p2b: Amoonguss\n|-singleturn|p2b: Amoonguss|Protect\n|move|p1b: Cynthia|Swords Dance|p1b: Cynthia\n|-boost|p1b: Cynthia|atk|2\n|move|p1a: Viola|Tailwind|p1a: Viola\n|-sidestart|p1: Zyros Phade|move: Tailwind\n|move|p2a: Arcanine|Flare Blitz|p1b: Cynthia\n|-supereffective|p1b: Cynthia\n|-damage|p1b: Cynthia|40\/100\n|-damage|p2a: Arcanine|88\/100|[from] ability: Rough Skin|[of] p1b: Cynthia\n|-damage|p2a: Arcanine|67\/100|[from] Recoil\n|\n|upkeep\n|turn|3\n|\n|t:|1682331905\n|move|p2a: Arcanine|Protect|p2a: Arcanine\n|-singleturn|p2a: Arcanine|Protect\n|move|p1b: Cynthia|Dragon Claw|p2a: Arcanine\n|-activate|p2a: Arcanine|move: Protect\n|move|p1a: Viola|Pollen Puff|p1b: Cynthia\n|-heal|p1b: Cynthia|90\/100\n|move|p2b: Amoonguss|Pollen Puff|p1a: Viola\n|-resisted|p1a: Viola\n|-damage|p1a: Viola|87\/100\n|\n|upkeep\n|turn|4\n|\n|t:|1682331930\n|move|p1a: Viola|Protect|p1a: Viola\n|-singleturn|p1a: Viola|Protect\n|move|p2b: Amoonguss|Rage Powder|p2b: Amoonguss\n|-singleturn|p2b: Amoonguss|move: Rage Powder\n|move|p1b: Cynthia|Earthquake|p2b: Amoonguss|[spread] p2b\n|-activate|p1a: Viola|move: Protect\n|-immune|p2a: Arcanine\n|-damage|p2b: Amoonguss|24\/100\n|-enditem|p2b: Amoonguss|Sitrus Berry|[eat]\n|-heal|p2b: Amoonguss|49\/100|[from] item: Sitrus Berry\n|move|p2a: Arcanine|Flare Blitz|p1b: Cynthia\n|-supereffective|p1b: Cynthia\n|-damage|p1b: Cynthia|21\/100\n|-damage|p2a: Arcanine|54\/100|[from] ability: Rough Skin|[of] p1b: Cynthia\n|-damage|p2a: Arcanine|30\/100|[from] Recoil\n|\n|upkeep\n|turn|5\n|inactive|Zyros Phade has 30 seconds left.\n|inactive|makizzang has 30 seconds left.\n|inactive|Zyros Phade has 20 seconds left.\n|inactive|makizzang has 20 seconds left.\n|inactive|makizzang has 15 seconds left.\n|\n|t:|1682331971\n|move|p2b: Amoonguss|Rage Powder|p2b: Amoonguss\n|-singleturn|p2b: Amoonguss|move: Rage Powder\n|move|p1b: Cynthia|Dragon Claw|p2b: Amoonguss\n|-damage|p2b: Amoonguss|0 fnt\n|faint|p2b: Amoonguss\n|move|p1a: Viola|Pollen Puff|p1b: Cynthia\n|-heal|p1b: Cynthia|71\/100\n|move|p2a: Arcanine|Flare Blitz|p1a: Viola\n|-supereffective|p1a: Viola\n|-damage|p1a: Viola|0 fnt\n|faint|p1a: Viola\n|-damage|p2a: Arcanine|2\/100|[from] Recoil\n|\n|-sideend|p1: Zyros Phade|Safeguard\n|-sideend|p1: Zyros Phade|move: Tailwind\n|upkeep\n|inactive|Zyros Phade has 30 seconds left.\n|inactive|Zyros Phade has 20 seconds left.\n|\n|t:|1682332008\n|switch|p1a: Lance|Gyarados, L50, M, shiny|100\/100\n|switch|p2b: Flutter Mane|Flutter Mane, L50|100\/100\n|-ability|p1a: Lance|Intimidate|boost\n|-unboost|p2a: Arcanine|atk|1\n|-unboost|p2b: Flutter Mane|atk|1\n|turn|6\n|\n|t:|1682332028\n|switch|p2a: Baxcalibur|Baxcalibur, L50, M|100\/100\n|move|p1b: Cynthia|Protect|p1b: Cynthia\n|-singleturn|p1b: Cynthia|Protect\n|move|p2b: Flutter Mane|Thunderbolt|p1a: Lance\n|-supereffective|p1a: Lance\n|-crit|p1a: Lance\n|-damage|p1a: Lance|0 fnt\n|faint|p1a: Lance\n|\n|upkeep\n|\n|t:|1682332030\n|switch|p1a: Marnie|Grimmsnarl, L50, M|100\/100\n|turn|7\n|inactive|makizzang has 30 seconds left.\n|\n|t:|1682332059\n|-end|p2b: Flutter Mane|Protosynthesis|[silent]\n|switch|p2b: Arcanine|Arcanine, L50, M, tera:Flying|2\/100\n|-ability|p2b: Arcanine|Intimidate|boost\n|-unboost|p1a: Marnie|atk|1\n|-fail|p1b: Cynthia|unboost|[from] item: Clear Amulet|[of] p1b: Cynthia\n|move|p1a: Marnie|Light Screen|p1a: Marnie\n|-sidestart|p1: Zyros Phade|move: Light Screen\n|move|p1b: Cynthia|Dragon Claw|p2a: Baxcalibur\n|-supereffective|p2a: Baxcalibur\n|-damage|p2a: Baxcalibur|0 fnt\n|faint|p2a: Baxcalibur\n|\n|upkeep\n|\n|t:|1682332064\n|switch|p2a: Flutter Mane|Flutter Mane, L50|100\/100\n|turn|8\n|\n|t:|1682332077\n|move|p1a: Marnie|Thunder Wave|p2a: Flutter Mane\n|-status|p2a: Flutter Mane|par\n|move|p1b: Cynthia|Dragon Claw|p2b: Arcanine\n|-crit|p2b: Arcanine\n|-damage|p2b: Arcanine|0 fnt\n|faint|p2b: Arcanine\n|cant|p2a: Flutter Mane|par\n|\n|upkeep\n|turn|9\n|-message|makizzang forfeited.\n|\n|win|Zyros Phade\n|raw|Zyros Phade's rating: 1440 → 1459<\/strong> (+19 for winning)\n|raw|makizzang's rating: 1418 → 1399<\/strong> (-19 for losing)\n|l|\u2606makizzang\n","uploadtime":1682332090,"views":23,"p1id":"zyrosphade","p2id":"makizzang","formatid":"gen9vgc2023regulationc","rating":1399,"private":0,"password":""}