{"id":"gen9vgc2023regulationc-1845864614","p1":"nik993","p2":"CicadaSyrup","format":"[Gen 9] VGC 2023 Regulation C","log":"|j|\u2606nik993\n|j|\u2606CicadaSyrup\n|t:|1681772889\n|gametype|doubles\n|player|p1|nik993|102|1311\n|player|p2|CicadaSyrup|bellelba|1265\n|teamsize|p1|6\n|teamsize|p2|6\n|gen|9\n|tier|[Gen 9] VGC 2023 Regulation C\n|rated|\n|rule|Species Clause: Limit one of each Pok\u00e9mon\n|rule|Item Clause: Limit one of each item\n|clearpoke\n|poke|p1|Palafin, L50, F|\n|poke|p1|Iron Hands, L50|\n|poke|p1|Amoonguss, L50, F|\n|poke|p1|Arcanine, L50, M|\n|poke|p1|Chien-Pao, L50|\n|poke|p1|Dragonite, L50, M|\n|poke|p2|Chi-Yu, L50|\n|poke|p2|Talonflame, L50, F|\n|poke|p2|Maushold, L50|\n|poke|p2|Flutter Mane, L50|\n|poke|p2|Breloom, L50, F|\n|poke|p2|Chien-Pao, L50|\n|teampreview|4\nnik993 has agreed to open team sheets.\n|inactive|Battle timer is ON: inactive players will automatically lose when time's up. (requested by CicadaSyrup)\n|inactive|CicadaSyrup has 60 seconds left.\n|\n|t:|1681772941\n|start\n|switch|p1a: Palafin|Palafin, L50, F|100\/100\n|switch|p1b: Iron Hands|Iron Hands, L50|100\/100\n|switch|p2a: Maureece|Maushold, L50|100\/100\n|switch|p2b: Lucy|Chi-Yu, L50|100\/100\n|-ability|p2b: Lucy|Beads of Ruin\n|turn|1\n|inactive|CicadaSyrup has 30 seconds left.\n|inactive|nik993 has 30 seconds left.\n|\n|t:|1681772972\n|detailschange|p1a: Palafin|Palafin-Hero, L50, F\n|switch|p1a: Arcanine|Arcanine, L50, M|100\/100\n|-ability|p1a: Arcanine|Intimidate|boost\n|-unboost|p2a: Maureece|atk|1\n|-unboost|p2b: Lucy|atk|1\n|-terastallize|p2a: Maureece|Ghost\n|move|p1b: Iron Hands|Fake Out|p2a: Maureece\n|-immune|p2a: Maureece\n|move|p2a: Maureece|Follow Me|p2a: Maureece\n|-singleturn|p2a: Maureece|move: Follow Me\n|move|p2b: Lucy|Nasty Plot|p2b: Lucy\n|-boost|p2b: Lucy|spa|2\n|\n|upkeep\n|turn|2\n|inactive|nik993 has 30 seconds left.\n|inactive|CicadaSyrup has 30 seconds left.\n|inactive|nik993 has 20 seconds left.\n|\n|t:|1681773008\n|move|p2b: Lucy|Heat Wave|p1a: Arcanine|[spread] p1a\n|-miss|p2b: Lucy|p1b: Iron Hands\n|-resisted|p1a: Arcanine\n|-damage|p1a: Arcanine|65\/100\n|move|p2a: Maureece|Encore|p1b: Iron Hands\n|-start|p1b: Iron Hands|Encore\n|move|p1a: Arcanine|Howl|p1a: Arcanine|[spread] p1a,p1b\n|-boost|p1a: Arcanine|atk|1\n|-boost|p1b: Iron Hands|atk|1\n|move|p1b: Iron Hands|Fake Out||[still]\n|-hint|Fake Out only works on your first turn out.\n|-fail|p1b: Iron Hands\n|\n|upkeep\n|turn|3\n|inactive|nik993 has 30 seconds left.\n|\n|t:|1681773035\n|-end|p1b: Iron Hands|Quark Drive|[silent]\n|switch|p1b: Chien-Pao|Chien-Pao, L50|100\/100\n|-ability|p1b: Chien-Pao|Sword of Ruin\n|move|p2b: Lucy|Dark Pulse|p1b: Chien-Pao\n|-resisted|p1b: Chien-Pao\n|-damage|p1b: Chien-Pao|18\/100\n|move|p2a: Maureece|Encore|p1a: Arcanine\n|-start|p1a: Arcanine|Encore\n|move|p1a: Arcanine|Howl|p1a: Arcanine|[spread] p1a,p1b\n|-boost|p1a: Arcanine|atk|1\n|-boost|p1b: Chien-Pao|atk|1\n|\n|upkeep\n|turn|4\n|inactive|CicadaSyrup has 30 seconds left.\n|inactive|CicadaSyrup has 20 seconds left.\n|inactive|CicadaSyrup has 15 seconds left.\n|\n|t:|1681773079\n|switch|p2a: Papago|Breloom, L50, F|100\/100\n|move|p1b: Chien-Pao|Protect|p1b: Chien-Pao\n|-singleturn|p1b: Chien-Pao|Protect\n|move|p2b: Lucy|Protect|p2b: Lucy\n|-singleturn|p2b: Lucy|Protect\n|move|p1a: Arcanine|Howl|p1a: Arcanine|[spread] p1a,p1b\n|-boost|p1a: Arcanine|atk|1\n|-boost|p1b: Chien-Pao|atk|1\n|\n|upkeep\n|turn|5\n|\n|t:|1681773104\n|switch|p1a: Iron Hands|Iron Hands, L50|100\/100\n|-terastallize|p1b: Chien-Pao|Ghost\n|move|p2a: Papago|Mach Punch|p1b: Chien-Pao\n|-immune|p1b: Chien-Pao\n|move|p1b: Chien-Pao|Sacred Sword|p2b: Lucy\n|-supereffective|p2b: Lucy\n|-damage|p2b: Lucy|0 fnt\n|faint|p2b: Lucy\n|\n|upkeep\n|\n|t:|1681773127\n|switch|p2b: Chaff|Chien-Pao, L50|100\/100\n|-ability|p2b: Chaff|Sword of Ruin\n|turn|6\n|\n|t:|1681773146\n|move|p2b: Chaff|Protect|p2b: Chaff\n|-singleturn|p2b: Chaff|Protect\n|move|p1a: Iron Hands|Fake Out|p2a: Papago\n|-damage|p2a: Papago|66\/100\n|move|p1b: Chien-Pao|Ice Spinner|p2a: Papago\n|-supereffective|p2a: Papago\n|-damage|p2a: Papago|0 fnt\n|faint|p2a: Papago\n|\n|upkeep\n|\n|t:|1681773156\n|switch|p2a: Maureece|Maushold, L50, tera:Ghost|100\/100\n|turn|7\n|\n|t:|1681773170\n|move|p1b: Chien-Pao|Protect|p1b: Chien-Pao\n|-singleturn|p1b: Chien-Pao|Protect\n|move|p2b: Chaff|Sucker Punch||[still]\n|-fail|p2b: Chaff\n|move|p2a: Maureece|Encore|p1a: Iron Hands\n|-start|p1a: Iron Hands|Encore\n|move|p1a: Iron Hands|Fake Out||[still]\n|-hint|Fake Out only works on your first turn out.\n|-fail|p1a: Iron Hands\n|\n|upkeep\n|turn|8\n|inactive|nik993 has 30 seconds left.\n|inactive|CicadaSyrup has 30 seconds left.\n|\n|t:|1681773196\n|-end|p1a: Iron Hands|Quark Drive|[silent]\n|switch|p1a: Arcanine|Arcanine, L50, M|65\/100\n|-ability|p1a: Arcanine|Intimidate|boost\n|-unboost|p2a: Maureece|atk|1\n|-unboost|p2b: Chaff|atk|1\n|move|p2b: Chaff|Sucker Punch|p1b: Chien-Pao\n|-supereffective|p1b: Chien-Pao\n|-damage|p1b: Chien-Pao|0 fnt\n|faint|p1b: Chien-Pao\n|-damage|p2b: Chaff|91\/100|[from] item: Life Orb\n|move|p2a: Maureece|Population Bomb|p1a: Arcanine\n|-damage|p1a: Arcanine|59\/100\n|-crit|p1a: Arcanine\n|-damage|p1a: Arcanine|46\/100\n|-damage|p1a: Arcanine|40\/100\n|-damage|p1a: Arcanine|33\/100\n|-damage|p1a: Arcanine|28\/100\n|-hitcount|p1a: Arcanine|5\n|\n|upkeep\n|inactive|nik993 has 30 seconds left.\n|\n|t:|1681773225\n|switch|p1b: Iron Hands|Iron Hands, L50|100\/100\n|turn|9\n|\n|t:|1681773245\n|move|p2b: Chaff|Protect|p2b: Chaff\n|-singleturn|p2b: Chaff|Protect\n|move|p1b: Iron Hands|Fake Out|p2b: Chaff\n|-activate|p2b: Chaff|move: Protect\n|move|p2a: Maureece|Population Bomb|p1a: Arcanine|[miss]\n|-miss|p2a: Maureece|p1a: Arcanine\n|move|p1a: Arcanine|Flare Blitz|p2a: Maureece\n|-damage|p2a: Maureece|20\/100\n|-damage|p1a: Arcanine|5\/100|[from] Recoil\n|\n|upkeep\n|turn|10\n|\n|t:|1681773270\n|-end|p1b: Iron Hands|Quark Drive|[silent]\n|switch|p1b: Palafin|Palafin-Hero, L50, F|100\/100\n|-activate|p1b: Palafin|ability: Zero to Hero\n|move|p2b: Chaff|Icicle Crash|p1a: Arcanine\n|-resisted|p1a: Arcanine\n|-damage|p1a: Arcanine|0 fnt\n|faint|p1a: Arcanine\n|-damage|p2b: Chaff|81\/100|[from] item: Life Orb\n|move|p2a: Maureece|Encore||[still]\n|-fail|p2a: Maureece\n|\n|upkeep\n|\n|t:|1681773279\n|switch|p1a: Iron Hands|Iron Hands, L50|100\/100\n|turn|11\n|\n|t:|1681773291\n|move|p2b: Chaff|Protect|p2b: Chaff\n|-singleturn|p2b: Chaff|Protect\n|move|p1a: Iron Hands|Fake Out|p2b: Chaff\n|-activate|p2b: Chaff|move: Protect\n|move|p1b: Palafin|Jet Punch|p2a: Maureece\n|-damage|p2a: Maureece|0 fnt\n|faint|p2a: Maureece\n|\n|upkeep\n|turn|12\n|\n|t:|1681773304\n|move|p2b: Chaff|Sucker Punch|p1b: Palafin\n|-damage|p1b: Palafin|66\/100\n|-damage|p2b: Chaff|71\/100|[from] item: Life Orb\n|move|p1b: Palafin|Wave Crash|p2b: Chaff\n|-damage|p2b: Chaff|0 fnt\n|faint|p2b: Chaff\n|-damage|p1b: Palafin|49\/100|[from] Recoil\n|\n|win|nik993\n|raw|nik993's rating: 1311 → 1328<\/strong> (+17 for winning)\n|raw|CicadaSyrup's rating: 1265 → 1243<\/strong> (-22 for losing)\n|l|\u2606CicadaSyrup\n","uploadtime":1681773323,"views":4,"p1id":"nik993","p2id":"cicadasyrup","formatid":"gen9vgc2023regulationc","rating":1243,"private":0,"password":""}