{"id":"gen9vgc2023regulationc-1857304626","p1":"Borghi","p2":"tatsugirl i~","format":"[Gen 9] VGC 2023 Regulation C","log":"|j|\u2606Borghi\n|j|\u2606tatsugirl i~\n|t:|1683170470\n|gametype|doubles\n|player|p1|Borghi|blue-masters|\n|player|p2|tatsugirl i~|may-masters|\n|teamsize|p1|6\n|teamsize|p2|6\n|gen|9\n|tier|[Gen 9] VGC 2023 Regulation C\n|rated|Tournament battle\n|rule|Species Clause: Limit one of each Pok\u00e9mon\n|rule|Item Clause: Limit one of each item\n|clearpoke\n|poke|p1|Talonflame, L50, M|\n|poke|p1|Flutter Mane, L50|\n|poke|p1|Indeedee-F, L50, F|\n|poke|p1|Iron Hands, L50|\n|poke|p1|Armarouge, L50, F|\n|poke|p1|Chien-Pao, L50|\n|poke|p2|Corviknight, L50, M|\n|poke|p2|Rotom-Wash, L50|\n|poke|p2|Dragapult, L50, F|\n|poke|p2|Flutter Mane, L50|\n|poke|p2|Chi-Yu, L50|\n|poke|p2|Dachsbun, L50, M|\n|teampreview|4\n|inactive|Battle timer is ON: inactive players will automatically lose when time's up. (requested by Borghi)\n|j| jf168\ntatsugirl i~ has agreed to open team sheets.\n|inactiveoff|Battle timer is now OFF.\n|c|\u2606Borghi|gimmie 1 sec\n|j| jmiel_29\n|j| Toastest\n|c|\u2606Borghi|my dinner is done\n|j| Radio Free C-Side\n|c|\u2606tatsugirl i~|sure\n|j|+TheEeveeAnimations\n|j| Snowstorm brute\n|j| Wottl3y\n|c| Radio Free C-Side|man begged for a timer in the last match and borghi said no\n|c| Snowstorm brute|TRUE\n|c|\u2606tatsugirl i~|no mercy\n|c|\u2606tatsugirl i~|except for food\n|c|+TheEeveeAnimations|turn on timer\n|j|%Bright Size\n|c| jmiel_29|dachbun ooo\n|c| Radio Free C-Side|dq borghi\nBorghi rejected open team sheets.\n|c|\u2606Borghi|back\n|c| Radio Free C-Side|its for the greater good\n|j| bdogplatinum\n|\n|t:|1683170553\n|start\n|switch|p1a: Talonflame|Talonflame, L50, M|100\/100\n|switch|p1b: Armarouge|Armarouge, L50, F|100\/100\n|switch|p2a: Dragapult|Dragapult, L50, F|100\/100\n|switch|p2b: Corviknight|Corviknight, L50, M|100\/100\n|turn|1\n|\n|t:|1683170575\n|switch|p2b: Dachsbun|Dachsbun, L50, M|100\/100\n|move|p1b: Armarouge|Protect|p1b: Armarouge\n|-singleturn|p1b: Armarouge|Protect\n|move|p1a: Talonflame|Tailwind|p1a: Talonflame\n|-sidestart|p1: Borghi|move: Tailwind\n|move|p2a: Dragapult|Phantom Force||[still]\n|-prepare|p2a: Dragapult|Phantom Force\n|\n|upkeep\n|turn|2\n|j|+HobbitVGC\n|j| Tuqueque\n|\n|t:|1683170589\n|switch|p1b: Indeedee|Indeedee-F, L50, F|100\/100\n|-fieldstart|move: Psychic Terrain|[from] ability: Psychic Surge|[of] p1b: Indeedee\n|move|p1a: Talonflame|Taunt|p2b: Dachsbun\n|-start|p2b: Dachsbun|move: Taunt\n|move|p2a: Dragapult|Phantom Force|p1b: Indeedee|[from]lockedmove\n|-immune|p1b: Indeedee\n|cant|p2b: Dachsbun|move: Taunt|Yawn\n|\n|upkeep\n|turn|3\n|c| jmiel_29|dachsbun is under rated\n|l|%Bright Size\n|j| OneofthePizzaGuys\n|\n|t:|1683170630\n|switch|p1b: Flutter Mane|Flutter Mane, L50|100\/100\n|switch|p2b: Chi-Yu|Chi-Yu, L50|100\/100\n|-ability|p2b: Chi-Yu|Beads of Ruin\n|move|p2a: Dragapult|Protect|p2a: Dragapult\n|-singleturn|p2a: Dragapult|Protect\n|move|p1a: Talonflame|U-turn|p2a: Dragapult\n|-activate|p2a: Dragapult|move: Protect\n|\n|upkeep\n|turn|4\n|j|%Bright Size\n|\n|t:|1683170657\n|switch|p2a: Corviknight|Corviknight, L50, M|100\/100\n|-terastallize|p1b: Flutter Mane|Fairy\n|move|p1a: Talonflame|U-turn|p2b: Chi-Yu\n|-damage|p2b: Chi-Yu|85\/100\n|c| Snowstorm brute|i rooting for borghi\n|\n|t:|1683170661\n|switch|p1a: Indeedee|Indeedee-F, L50, F|100\/100|[from] U-turn\n|move|p1b: Flutter Mane|Dazzling Gleam|p2b: Chi-Yu|[spread] p2a,p2b\n|-resisted|p2a: Corviknight\n|-damage|p2a: Corviknight|66\/100\n|-damage|p2b: Chi-Yu|28\/100\n|move|p2b: Chi-Yu|Dark Pulse|p1a: Indeedee\n|-supereffective|p1a: Indeedee\n|-damage|p1a: Indeedee|29\/100\n|\n|-sideend|p1: Borghi|move: Tailwind\n|upkeep\n|turn|5\n|l|%Bright Size\n|j| leafyarrow\n|\n|t:|1683170682\n|switch|p1a: Talonflame|Talonflame, L50, M|100\/100\n|move|p2b: Chi-Yu|Protect|p2b: Chi-Yu\n|-singleturn|p2b: Chi-Yu|Protect\n|move|p1b: Flutter Mane|Dazzling Gleam|p2b: Chi-Yu|[spread] p2a\n|-activate|p2b: Chi-Yu|move: Protect\n|-resisted|p2a: Corviknight\n|-damage|p2a: Corviknight|34\/100\n|move|p2a: Corviknight|Tailwind|p2a: Corviknight\n|-sidestart|p2: tatsugirl i~|move: Tailwind\n|\n|upkeep\n|turn|6\n|j| Gizball\n|c| Radio Free C-Side|I'm rooting for ots\n|c| Snowstorm brute|i liked cts anyway\n|\n|t:|1683170714\n|switch|p2b: Dachsbun|Dachsbun, L50, M|100\/100\n|move|p1a: Talonflame|Tailwind|p1a: Talonflame\n|-sidestart|p1: Borghi|move: Tailwind\n|move|p1b: Flutter Mane|Dazzling Gleam|p2a: Corviknight|[spread] p2a,p2b\n|-resisted|p2a: Corviknight\n|-damage|p2a: Corviknight|9\/100\n|-damage|p2b: Dachsbun|28\/100\n|move|p2a: Corviknight|Roost|p2a: Corviknight\n|-heal|p2a: Corviknight|59\/100\n|-singleturn|p2a: Corviknight|move: Roost\n|\n|-heal|p2b: Dachsbun|34\/100|[from] item: Leftovers\n|-fieldend|move: Psychic Terrain\n|upkeep\n|turn|7\n|l|+TheEeveeAnimations\n|\n|t:|1683170766\n|move|p2b: Dachsbun|Protect|p2b: Dachsbun\n|-singleturn|p2b: Dachsbun|Protect\n|move|p1a: Talonflame|Taunt|p2a: Corviknight\n|-start|p2a: Corviknight|move: Taunt\n|move|p1b: Flutter Mane|Dazzling Gleam|p2a: Corviknight|[spread] p2a\n|-activate|p2b: Dachsbun|move: Protect\n|-resisted|p2a: Corviknight\n|-damage|p2a: Corviknight|34\/100\n|cant|p2a: Corviknight|move: Taunt|Roost\n|\n|-heal|p2b: Dachsbun|40\/100|[from] item: Leftovers\n|upkeep\n|turn|8\n|j| SparkySign\n|\n|t:|1683170802\n|move|p1a: Talonflame|U-turn|p2a: Corviknight\n|-resisted|p2a: Corviknight\n|-damage|p2a: Corviknight|31\/100\n|\n|t:|1683170810\n|switch|p1a: Indeedee|Indeedee-F, L50, F|29\/100|[from] U-turn\n|-fieldstart|move: Psychic Terrain|[from] ability: Psychic Surge|[of] p1a: Indeedee\n|move|p1b: Flutter Mane|Dazzling Gleam|p2b: Dachsbun|[spread] p2a,p2b\n|-resisted|p2a: Corviknight\n|-damage|p2a: Corviknight|7\/100\n|-damage|p2b: Dachsbun|0 fnt\n|faint|p2b: Dachsbun\n|move|p2a: Corviknight|Iron Head|p1b: Flutter Mane\n|-supereffective|p1b: Flutter Mane\n|-damage|p1b: Flutter Mane|20\/100\n|\n|-sideend|p2: tatsugirl i~|move: Tailwind\n|upkeep\n|j| SlowHomie\n|\n|t:|1683170827\n|switch|p2b: Dragapult|Dragapult, L50, F|100\/100\n|turn|9\n|\n|t:|1683170841\n|switch|p1a: Talonflame|Talonflame, L50, M|100\/100\n|-terastallize|p2b: Dragapult|Steel\n|move|p1b: Flutter Mane|Dazzling Gleam|p2b: Dragapult|[spread] p2a,p2b\n|-resisted|p2a: Corviknight\n|-resisted|p2b: Dragapult\n|-damage|p2a: Corviknight|0 fnt\n|-damage|p2b: Dragapult|59\/100\n|faint|p2a: Corviknight\n|move|p2b: Dragapult|Dragon Darts|p1a: Talonflame\n|-damage|p1a: Talonflame|58\/100\n|-anim|p2b: Dragapult|Dragon Darts|p1a: Talonflame\n|-damage|p1a: Talonflame|19\/100\n|-damage|p2b: Dragapult|50\/100|[from] item: Life Orb\n|\n|-sideend|p1: Borghi|move: Tailwind\n|upkeep\n|\n|t:|1683170854\n|switch|p2a: Chi-Yu|Chi-Yu, L50|28\/100\n|-ability|p2a: Chi-Yu|Beads of Ruin\n|turn|10\n|\n|t:|1683170891\n|move|p2a: Chi-Yu|Protect|p2a: Chi-Yu\n|-singleturn|p2a: Chi-Yu|Protect\n|move|p2b: Dragapult|Phantom Force||[still]\n|-prepare|p2b: Dragapult|Phantom Force\n|move|p1a: Talonflame|Tailwind|p1a: Talonflame\n|-sidestart|p1: Borghi|move: Tailwind\n|move|p1b: Flutter Mane|Dazzling Gleam|p2b: Dragapult|[spread] \n|-miss|p1b: Flutter Mane|p2b: Dragapult\n|-activate|p2a: Chi-Yu|move: Protect\n|\n|upkeep\n|turn|11\n|l| SparkySign\n|\n|t:|1683170918\n|move|p2a: Chi-Yu|Protect|p2a: Chi-Yu\n|-singleturn|p2a: Chi-Yu|Protect\n|move|p1a: Talonflame|Taunt|p2b: Dragapult|[miss]\n|-miss|p1a: Talonflame|p2b: Dragapult\n|move|p1b: Flutter Mane|Dazzling Gleam|p2b: Dragapult|[spread] \n|-miss|p1b: Flutter Mane|p2b: Dragapult\n|-activate|p2a: Chi-Yu|move: Protect\n|move|p2b: Dragapult|Phantom Force|p1b: Flutter Mane|[from]lockedmove\n|-damage|p1b: Flutter Mane|0 fnt\n|faint|p1b: Flutter Mane\n|-end|p1b: Flutter Mane|Protosynthesis|[silent]\n|-damage|p2b: Dragapult|40\/100|[from] item: Life Orb\n|\n|upkeep\n|\n|t:|1683170921\n|switch|p1b: Armarouge|Armarouge, L50, F|100\/100\n|turn|12\n|l|+HobbitVGC\n|\n|t:|1683170954\n|move|p2b: Dragapult|Protect|p2b: Dragapult\n|-singleturn|p2b: Dragapult|Protect\n|move|p1a: Talonflame|Brave Bird|p2a: Chi-Yu\n|-damage|p2a: Chi-Yu|0 fnt\n|faint|p2a: Chi-Yu\n|-damage|p1a: Talonflame|11\/100|[from] Recoil\n|move|p1b: Armarouge|Aura Sphere|p2b: Dragapult\n|-activate|p2b: Dragapult|move: Protect\n|\n|-fieldend|move: Psychic Terrain\n|upkeep\n|turn|13\n|\n|t:|1683170965\n|switch|p1a: Indeedee|Indeedee-F, L50, F|29\/100\n|-fieldstart|move: Psychic Terrain|[from] ability: Psychic Surge|[of] p1a: Indeedee\n|move|p1b: Armarouge|Aura Sphere|p2b: Dragapult\n|-supereffective|p2b: Dragapult\n|-damage|p2b: Dragapult|0 fnt\n|faint|p2b: Dragapult\n|\n|win|Borghi\n|n|\u2606Borghi|borghi\n|n|\u2606tatsugirl i~|tatsugirli\n|n| jf168|jf168\n|n| jmiel_29|jmiel29\n|n| Toastest|toastest\n|n| Radio Free C-Side|radiofreecside\n|n| Snowstorm brute|snowstormbrute\n|n| Wottl3y|wottl3y\n|n| bdogplatinum|bdogplatinum\n|n| Tuqueque|tuqueque\n|n| OneofthePizzaGuys|oneofthepizzaguys\n|n| leafyarrow|leafyarrow\n|n| Gizball|gizball\n|n| SlowHomie|slowhomie\n|l|\u2606tatsugirl i~\n|c|\u2606Borghi|gg\n|l| Tuqueque\n|l| jmiel_29\n|l| bdogplatinum\n|l| Wottl3y\n|l| Gizball\n|l| Toastest\n|l| OneofthePizzaGuys\n|l| Radio Free C-Side\n|l| leafyarrow\n|j| teraghostisbad\n|l| SlowHomie\n","uploadtime":1683171143,"views":7,"p1id":"borghi","p2id":"tatsugirli","formatid":"gen9vgc2023regulationc","rating":0,"private":0,"password":""}