{"id":"gen9vgc2023regulationc-1857370947","p1":"AngelilloVGC","p2":"Joxhann25","format":"[Gen 9] VGC 2023 Regulation C","log":"|j|\u2606AngelilloVGC\n|j|\u2606Joxhann25\n|t:|1683181875\n|gametype|doubles\n|player|p1|AngelilloVGC|roughneck-gen4|1057\n|player|p2|Joxhann25|youngster-gen4dp|1052\n|teamsize|p1|6\n|teamsize|p2|6\n|gen|9\n|tier|[Gen 9] VGC 2023 Regulation C\n|rated|\n|rule|Species Clause: Limit one of each Pok\u00e9mon\n|rule|Item Clause: Limit one of each item\n|clearpoke\n|poke|p1|Amoonguss, L50, F|\n|poke|p1|Arcanine, L50, M|\n|poke|p1|Iron Hands, L50|\n|poke|p1|Tyranitar, L50, F|\n|poke|p1|Roaring Moon, L50|\n|poke|p1|Grimmsnarl, L50, M|\n|poke|p2|Gholdengo, L50|\n|poke|p2|Dragonite, L50, M|\n|poke|p2|Dondozo, L50, M|\n|poke|p2|Tatsugiri, L50, F|\n|poke|p2|Amoonguss, L50, M|\n|poke|p2|Arcanine, L50, M|\n|teampreview|4\n|inactive|Battle timer is ON: inactive players will automatically lose when time's up. (requested by AngelilloVGC)\n|\n|t:|1683181896\n|start\n|switch|p1a: Grimmsnarl|Grimmsnarl, L50, M, shiny|100\/100\n|switch|p1b: Roaring Moon|Roaring Moon, L50, shiny|100\/100\n|switch|p2a: Arcanine|Arcanine, L50, M|100\/100\n|switch|p2b: Dragonite|Dragonite, L50, M|100\/100\n|-ability|p2a: Arcanine|Intimidate|boost\n|-unboost|p1a: Grimmsnarl|atk|1\n|-unboost|p1b: Roaring Moon|atk|1\n|-enditem|p1b: Roaring Moon|Booster Energy\n|-activate|p1b: Roaring Moon|ability: Protosynthesis|[fromitem]\n|-start|p1b: Roaring Moon|protosynthesisspe\n|turn|1\n|inactive|AngelilloVGC has 30 seconds left.\n|inactive|Joxhann25 has 30 seconds left.\n|\n|t:|1683181923\n|move|p1a: Grimmsnarl|Reflect|p1a: Grimmsnarl\n|-sidestart|p1: AngelilloVGC|Reflect\n|move|p1b: Roaring Moon|Dragon Dance|p1b: Roaring Moon\n|-boost|p1b: Roaring Moon|atk|1\n|-boost|p1b: Roaring Moon|spe|1\n|move|p2b: Dragonite|Ice Spinner|p1b: Roaring Moon\n|-supereffective|p1b: Roaring Moon\n|-damage|p1b: Roaring Moon|31\/100\n|-damage|p2b: Dragonite|91\/100|[from] item: Life Orb\n|move|p2a: Arcanine|Will-O-Wisp|p1a: Grimmsnarl\n|-status|p1a: Grimmsnarl|brn\n|\n|-damage|p1a: Grimmsnarl|95\/100 brn|[from] brn\n|upkeep\n|turn|2\n|inactive|Joxhann25 has 30 seconds left.\n|\n|t:|1683181952\n|move|p1b: Roaring Moon|Protect|p1b: Roaring Moon\n|-singleturn|p1b: Roaring Moon|Protect\n|move|p1a: Grimmsnarl|Parting Shot|p2b: Dragonite\n|-unboost|p2b: Dragonite|atk|1\n|-unboost|p2b: Dragonite|spa|1\n|\n|t:|1683181958\n|switch|p1a: Amoonguss|Amoonguss, L50, F, shiny|100\/100|[from] Parting Shot\n|move|p2b: Dragonite|Fire Punch|p1a: Amoonguss\n|-supereffective|p1a: Amoonguss\n|-damage|p1a: Amoonguss|79\/100\n|-damage|p2b: Dragonite|81\/100|[from] item: Life Orb\n|move|p2a: Arcanine|Flare Blitz|p1b: Roaring Moon\n|-activate|p1b: Roaring Moon|move: Protect\n|\n|-heal|p1a: Amoonguss|85\/100|[from] item: Black Sludge\n|upkeep\n|turn|3\n|\n|t:|1683181977\n|-terastallize|p1b: Roaring Moon|Flying\n|move|p1b: Roaring Moon|Acrobatics|p2b: Dragonite\n|-damage|p2b: Dragonite|12\/100\n|move|p2b: Dragonite|Ice Spinner|p1b: Roaring Moon\n|-supereffective|p1b: Roaring Moon\n|-damage|p1b: Roaring Moon|0 fnt\n|faint|p1b: Roaring Moon\n|-end|p1b: Roaring Moon|Protosynthesis|[silent]\n|-damage|p2b: Dragonite|2\/100|[from] item: Life Orb\n|move|p2a: Arcanine|Flare Blitz|p1a: Amoonguss\n|-supereffective|p1a: Amoonguss\n|-damage|p1a: Amoonguss|43\/100\n|-damage|p2a: Arcanine|85\/100|[from] Recoil\n|move|p1a: Amoonguss|Pollen Puff|p1: Roaring Moon|[notarget]\n|-fail|p1a: Amoonguss\n|\n|-heal|p1a: Amoonguss|49\/100|[from] item: Black Sludge\n|upkeep\n|\n|t:|1683181985\n|switch|p1b: Iron Hands|Iron Hands, L50|100\/100\n|turn|4\n|inactive|Joxhann25 has 30 seconds left.\n|\n|t:|1683182017\n|move|p2b: Dragonite|Extreme Speed|p1a: Amoonguss\n|-damage|p1a: Amoonguss|37\/100\n|-damage|p2b: Dragonite|0 fnt|[from] item: Life Orb\n|faint|p2b: Dragonite\n|move|p2a: Arcanine|Flare Blitz|p1a: Amoonguss\n|-supereffective|p1a: Amoonguss\n|-damage|p1a: Amoonguss|0 fnt\n|faint|p1a: Amoonguss\n|-damage|p2a: Arcanine|72\/100|[from] Recoil\n|move|p1b: Iron Hands|Belly Drum|p1b: Iron Hands\n|-damage|p1b: Iron Hands|50\/100\n|-setboost|p1b: Iron Hands|atk|6|[from] move: Belly Drum\n|-enditem|p1b: Iron Hands|Sitrus Berry|[eat]\n|-heal|p1b: Iron Hands|75\/100|[from] item: Sitrus Berry\n|\n|upkeep\n|\n|t:|1683182036\n|switch|p2b: Tatsugiri|Tatsugiri, L50, F|100\/100\n|switch|p1a: Grimmsnarl|Grimmsnarl, L50, M, shiny|95\/100 brn\n|turn|5\n|\n|t:|1683182049\n|move|p1b: Iron Hands|Protect|p1b: Iron Hands\n|-singleturn|p1b: Iron Hands|Protect\n|move|p1a: Grimmsnarl|Thunder Wave|p2a: Arcanine\n|-status|p2a: Arcanine|par\n|move|p2b: Tatsugiri|Draco Meteor|p1b: Iron Hands\n|-activate|p1b: Iron Hands|move: Protect\n|cant|p2a: Arcanine|par\n|\n|-damage|p1a: Grimmsnarl|89\/100 brn|[from] brn\n|upkeep\n|turn|6\n|inactive|AngelilloVGC has 30 seconds left.\n|inactive|AngelilloVGC has 20 seconds left.\n|inactive|AngelilloVGC has 15 seconds left.\n|inactive|AngelilloVGC has 10 seconds left.\n|inactive|AngelilloVGC has 5 seconds left.\n|\n|t:|1683182102\n|move|p1a: Grimmsnarl|Thunder Wave|p2b: Tatsugiri\n|-status|p2b: Tatsugiri|par\n|cant|p2b: Tatsugiri|par\n|move|p1b: Iron Hands|Drain Punch|p2a: Arcanine\n|-damage|p2a: Arcanine|0 fnt\n|-heal|p1b: Iron Hands|100\/100|[from] drain|[of] p2a: Arcanine\n|faint|p2a: Arcanine\n|\n|-damage|p1a: Grimmsnarl|83\/100 brn|[from] brn\n|upkeep\n|\n|t:|1683182115\n|switch|p2a: Dondozo|Dondozo, L50, M|100\/100\n|-activate|p2b: Tatsugiri|ability: Commander|[of] p2a: Dondozo\n|-boost|p2a: Dondozo|atk|2\n|-boost|p2a: Dondozo|spa|2\n|-boost|p2a: Dondozo|spe|2\n|-boost|p2a: Dondozo|def|2\n|-boost|p2a: Dondozo|spd|2\n|turn|7\n|\n|t:|1683182131\n|move|p1b: Iron Hands|Protect|p1b: Iron Hands\n|-singleturn|p1b: Iron Hands|Protect\n|move|p1a: Grimmsnarl|Thunder Wave|p2a: Dondozo\n|-status|p2a: Dondozo|par\n|cant|p2a: Dondozo|par\n|\n|-damage|p1a: Grimmsnarl|77\/100 brn|[from] brn\n|upkeep\n|turn|8\n|\n|t:|1683182145\n|move|p1a: Grimmsnarl|Light Screen|p1a: Grimmsnarl\n|-sidestart|p1: AngelilloVGC|move: Light Screen\n|move|p1b: Iron Hands|Wild Charge|p2a: Dondozo\n|-supereffective|p2a: Dondozo\n|-damage|p2a: Dondozo|77\/100 par\n|-damage|p1b: Iron Hands|95\/100|[from] Recoil\n|move|p2a: Dondozo|Order Up|p1a: Grimmsnarl\n|-immune|p1a: Grimmsnarl\n|\n|-heal|p2a: Dondozo|83\/100 par|[from] item: Leftovers\n|-damage|p1a: Grimmsnarl|71\/100 brn|[from] brn\n|-sideend|p1: AngelilloVGC|Reflect\n|upkeep\n|turn|9\n|\n|t:|1683182161\n|move|p1a: Grimmsnarl|Parting Shot|p2a: Dondozo\n|-unboost|p2a: Dondozo|atk|1\n|-unboost|p2a: Dondozo|spa|1\n|move|p1b: Iron Hands|Wild Charge|p2a: Dondozo\n|-supereffective|p2a: Dondozo\n|-damage|p2a: Dondozo|59\/100 par\n|-damage|p1b: Iron Hands|89\/100|[from] Recoil\n|move|p2a: Dondozo|Earthquake|p1a: Grimmsnarl|[spread] p1a,p1b\n|-miss|p2a: Dondozo|p2b: Tatsugiri\n|-supereffective|p1b: Iron Hands\n|-damage|p1a: Grimmsnarl|41\/100 brn\n|-damage|p1b: Iron Hands|56\/100\n|\n|-heal|p2a: Dondozo|65\/100 par|[from] item: Leftovers\n|-damage|p1a: Grimmsnarl|35\/100 brn|[from] brn\n|upkeep\n|turn|10\n|\n|t:|1683182178\n|move|p1a: Grimmsnarl|Reflect|p1a: Grimmsnarl\n|-sidestart|p1: AngelilloVGC|Reflect\n|move|p1b: Iron Hands|Drain Punch|p2a: Dondozo\n|-damage|p2a: Dondozo|55\/100 par\n|-heal|p1b: Iron Hands|61\/100|[from] drain|[of] p2a: Dondozo\n|move|p2a: Dondozo|Earthquake|p1b: Iron Hands|[spread] p1a,p1b\n|-miss|p2a: Dondozo|p2b: Tatsugiri\n|-supereffective|p1b: Iron Hands\n|-damage|p1a: Grimmsnarl|15\/100 brn\n|-damage|p1b: Iron Hands|37\/100\n|\n|-heal|p2a: Dondozo|61\/100 par|[from] item: Leftovers\n|-damage|p1a: Grimmsnarl|9\/100 brn|[from] brn\n|upkeep\n|turn|11\n|\n|t:|1683182194\n|move|p2a: Dondozo|Protect|p2a: Dondozo\n|-singleturn|p2a: Dondozo|Protect\n|move|p1a: Grimmsnarl|Parting Shot|p2a: Dondozo\n|-activate|p2a: Dondozo|move: Protect\n|move|p1b: Iron Hands|Drain Punch|p2a: Dondozo\n|-activate|p2a: Dondozo|move: Protect\n|\n|-heal|p2a: Dondozo|67\/100 par|[from] item: Leftovers\n|-damage|p1a: Grimmsnarl|3\/100 brn|[from] brn\n|upkeep\n|turn|12\n|\n|t:|1683182208\n|move|p1a: Grimmsnarl|Parting Shot|p2a: Dondozo\n|-unboost|p2a: Dondozo|atk|1\n|-unboost|p2a: Dondozo|spa|1\n|move|p1b: Iron Hands|Wild Charge|p2a: Dondozo\n|-supereffective|p2a: Dondozo\n|-damage|p2a: Dondozo|44\/100 par\n|-damage|p1b: Iron Hands|31\/100|[from] Recoil\n|move|p2a: Dondozo|Earthquake|p1a: Grimmsnarl|[spread] p1a,p1b\n|-miss|p2a: Dondozo|p2b: Tatsugiri\n|-supereffective|p1b: Iron Hands\n|-damage|p1a: Grimmsnarl|0 fnt\n|-damage|p1b: Iron Hands|15\/100\n|faint|p1a: Grimmsnarl\n|\n|-heal|p2a: Dondozo|50\/100 par|[from] item: Leftovers\n|upkeep\n|turn|13\n|\n|t:|1683182227\n|move|p1b: Iron Hands|Drain Punch|p2a: Dondozo\n|-damage|p2a: Dondozo|39\/100 par\n|-heal|p1b: Iron Hands|21\/100|[from] drain|[of] p2a: Dondozo\n|cant|p2a: Dondozo|par\n|\n|-heal|p2a: Dondozo|45\/100 par|[from] item: Leftovers\n|upkeep\n|turn|14\n|\n|t:|1683182238\n|move|p1b: Iron Hands|Wild Charge|p2a: Dondozo\n|-supereffective|p2a: Dondozo\n|-damage|p2a: Dondozo|20\/100 par\n|-damage|p1b: Iron Hands|14\/100|[from] Recoil\n|cant|p2a: Dondozo|par\n|\n|-heal|p2a: Dondozo|26\/100 par|[from] item: Leftovers\n|upkeep\n|turn|15\n|\n|t:|1683182249\n|move|p1b: Iron Hands|Wild Charge|p2a: Dondozo\n|-supereffective|p2a: Dondozo\n|-damage|p2a: Dondozo|2\/100 par\n|-damage|p1b: Iron Hands|9\/100|[from] Recoil\n|cant|p2a: Dondozo|par\n|\n|-heal|p2a: Dondozo|9\/100 par|[from] item: Leftovers\n|-sideend|p1: AngelilloVGC|move: Light Screen\n|upkeep\n|turn|16\n|\n|t:|1683182260\n|move|p2a: Dondozo|Protect|p2a: Dondozo\n|-singleturn|p2a: Dondozo|Protect\n|move|p1b: Iron Hands|Drain Punch|p2a: Dondozo\n|-activate|p2a: Dondozo|move: Protect\n|\n|-heal|p2a: Dondozo|15\/100 par|[from] item: Leftovers\n|upkeep\n|turn|17\n|\n|t:|1683182270\n|move|p1b: Iron Hands|Drain Punch|p2a: Dondozo\n|-damage|p2a: Dondozo|3\/100 par\n|-heal|p1b: Iron Hands|15\/100|[from] drain|[of] p2a: Dondozo\n|move|p2a: Dondozo|Order Up|p1b: Iron Hands\n|-damage|p1b: Iron Hands|7\/100\n|-boost|p2a: Dondozo|atk|1\n|\n|-heal|p2a: Dondozo|9\/100 par|[from] item: Leftovers\n|-sideend|p1: AngelilloVGC|Reflect\n|upkeep\n|turn|18\n|\n|t:|1683182283\n|move|p2a: Dondozo|Protect|p2a: Dondozo\n|-singleturn|p2a: Dondozo|Protect\n|move|p1b: Iron Hands|Drain Punch|p2a: Dondozo\n|-activate|p2a: Dondozo|move: Protect\n|\n|-heal|p2a: Dondozo|15\/100 par|[from] item: Leftovers\n|upkeep\n|turn|19\n|\n|t:|1683182293\n|move|p1b: Iron Hands|Drain Punch|p2a: Dondozo\n|-damage|p2a: Dondozo|5\/100 par\n|-heal|p1b: Iron Hands|12\/100|[from] drain|[of] p2a: Dondozo\n|move|p2a: Dondozo|Earthquake|p1b: Iron Hands|[spread] p1b\n|-miss|p2a: Dondozo|p2b: Tatsugiri\n|-supereffective|p1b: Iron Hands\n|-crit|p1b: Iron Hands\n|-damage|p1b: Iron Hands|0 fnt\n|faint|p1b: Iron Hands\n|-end|p1b: Iron Hands|Quark Drive|[silent]\n|\n|win|Joxhann25\n|raw|AngelilloVGC's rating: 1057 → 1038<\/strong> (-19 for losing)\n|raw|Joxhann25's rating: 1052 → 1085<\/strong> (+33 for winning)\n|l|\u2606AngelilloVGC\n","uploadtime":1683182308,"views":8,"p1id":"angelillovgc","p2id":"joxhann25","formatid":"gen9vgc2023regulationc","rating":1038,"private":0,"password":""}