{"id":"gen9vgc2023regulationc-1852456758","p1":"Steakman5","p2":"gorbyjorby","format":"[Gen 9] VGC 2023 Regulation C","log":"|j|\u2606Steakman5\n|j|\u2606gorbyjorby\n|t:|1682559945\n|gametype|doubles\n|player|p1|Steakman5|swimmer-gen4|1132\n|player|p2|gorbyjorby|hoopster|1034\n|teamsize|p1|6\n|teamsize|p2|6\n|gen|9\n|tier|[Gen 9] VGC 2023 Regulation C\n|rated|\n|rule|Species Clause: Limit one of each Pok\u00e9mon\n|rule|Item Clause: Limit one of each item\n|clearpoke\n|poke|p1|Murkrow, L50, M|\n|poke|p1|Dondozo, L50, F|\n|poke|p1|Tatsugiri-Droopy, L50, M|\n|poke|p1|Amoonguss, L50, F|\n|poke|p1|Chien-Pao, L50|\n|poke|p1|Palafin, L50, M|\n|poke|p2|Klefki, L50, M|\n|poke|p2|Bronzong, L50|\n|poke|p2|Gastrodon, L50, F|\n|poke|p2|Stonjourner, L50, M|\n|poke|p2|Iron Jugulis, L50|\n|poke|p2|Wo-Chien, L50|\n|teampreview|4\n|inactive|Battle timer is ON: inactive players will automatically lose when time's up. (requested by Steakman5)\n|inactive|gorbyjorby has 60 seconds left.\n|\n|t:|1682560015\n|start\n|switch|p1a: Murkrow|Murkrow, L50, M|100\/100\n|switch|p1b: Palafin|Palafin, L50, M|100\/100\n|switch|p2a: Wo-Chien|Wo-Chien, L50|100\/100\n|switch|p2b: Klefki|Klefki, L50, M|100\/100\n|-ability|p2a: Wo-Chien|Tablets of Ruin\n|turn|1\n|\n|t:|1682560038\n|detailschange|p1b: Palafin|Palafin-Hero, L50, M\n|switch|p1b: Amoonguss|Amoonguss, L50, F|100\/100\n|move|p1a: Murkrow|Tailwind|p1a: Murkrow\n|-sidestart|p1: Steakman5|move: Tailwind\n|move|p2b: Klefki|Thunder Wave|p1b: Amoonguss|[miss]\n|-miss|p2b: Klefki|p1b: Amoonguss\n|move|p2a: Wo-Chien|Leech Seed|p1a: Murkrow|[miss]\n|-miss|p2a: Wo-Chien|p1a: Murkrow\n|\n|upkeep\n|turn|2\n|inactive|gorbyjorby has 30 seconds left.\n|inactive|gorbyjorby has 20 seconds left.\n|inactive|gorbyjorby has 15 seconds left.\n|\n|t:|1682560080\n|move|p1a: Murkrow|Rain Dance|p1a: Murkrow\n|-weather|RainDance\n|move|p1b: Amoonguss|Spore|p2b: Klefki\n|-status|p2b: Klefki|slp|[from] move: Spore\n|cant|p2b: Klefki|slp\n|move|p2a: Wo-Chien|Taunt|p1b: Amoonguss\n|-start|p1b: Amoonguss|move: Taunt\n|\n|-weather|RainDance|[upkeep]\n|upkeep\n|turn|3\n|inactive|gorbyjorby has 30 seconds left.\n|\n|t:|1682560115\n|switch|p1b: Palafin|Palafin-Hero, L50, M|100\/100\n|-activate|p1b: Palafin|ability: Zero to Hero\n|switch|p2b: Gastrodon|Gastrodon, L50, F|100\/100\n|move|p1a: Murkrow|Foul Play|p2a: Wo-Chien\n|-resisted|p2a: Wo-Chien\n|-damage|p2a: Wo-Chien|92\/100\n|move|p2a: Wo-Chien|Leech Seed|p1a: Murkrow\n|-start|p1a: Murkrow|move: Leech Seed\n|\n|-weather|RainDance|[upkeep]\n|-heal|p2a: Wo-Chien|98\/100|[from] item: Leftovers\n|-damage|p1a: Murkrow|88\/100|[from] Leech Seed|[of] p2a: Wo-Chien\n|-heal|p2a: Wo-Chien|100\/100|[silent]\n|upkeep\n|turn|4\n|inactive|gorbyjorby has 30 seconds left.\n|\n|t:|1682560144\n|switch|p1a: Amoonguss|Amoonguss, L50, F|100\/100\n|move|p1b: Palafin|Drain Punch|p2a: Wo-Chien\n|-supereffective|p2a: Wo-Chien\n|-damage|p2a: Wo-Chien|45\/100\n|move|p2a: Wo-Chien|Leech Seed|p1b: Palafin\n|-start|p1b: Palafin|move: Leech Seed\n|move|p2b: Gastrodon|Earth Power|p1b: Palafin\n|-damage|p1b: Palafin|60\/100\n|\n|-weather|RainDance|[upkeep]\n|-heal|p2a: Wo-Chien|52\/100|[from] item: Leftovers\n|-damage|p1b: Palafin|48\/100|[from] Leech Seed|[of] p2a: Wo-Chien\n|-heal|p2a: Wo-Chien|65\/100|[silent]\n|-sideend|p1: Steakman5|move: Tailwind\n|upkeep\n|turn|5\n|inactive|gorbyjorby has 30 seconds left.\n|inactive|gorbyjorby has 20 seconds left.\n|\n|t:|1682560182\n|-terastallize|p2a: Wo-Chien|Poison\n|move|p1a: Amoonguss|Rage Powder|p1a: Amoonguss\n|-singleturn|p1a: Amoonguss|move: Rage Powder\n|move|p1b: Palafin|Drain Punch|p2a: Wo-Chien\n|-resisted|p2a: Wo-Chien\n|-damage|p2a: Wo-Chien|53\/100\n|-heal|p1b: Palafin|54\/100|[from] drain|[of] p2a: Wo-Chien\n|move|p2a: Wo-Chien|Taunt|p1a: Amoonguss\n|-start|p1a: Amoonguss|move: Taunt\n|move|p2b: Gastrodon|Ice Beam|p1a: Amoonguss\n|-supereffective|p1a: Amoonguss\n|-damage|p1a: Amoonguss|57\/100\n|\n|-weather|RainDance|[upkeep]\n|-heal|p2a: Wo-Chien|59\/100|[from] item: Leftovers\n|-damage|p1b: Palafin|42\/100|[from] Leech Seed|[of] p2a: Wo-Chien\n|-heal|p2a: Wo-Chien|72\/100|[silent]\n|upkeep\n|turn|6\n|inactive|gorbyjorby has 30 seconds left.\n|inactive|gorbyjorby has 20 seconds left.\n|inactive|gorbyjorby has 15 seconds left.\n|inactive|gorbyjorby has 10 seconds left.\n|inactive|gorbyjorby has 5 seconds left.\n|\n|t:|1682560237\n|switch|p1b: Murkrow|Murkrow, L50, M|88\/100\n|switch|p1a: Chien-Pao|Chien-Pao, L50|100\/100\n|-ability|p1a: Chien-Pao|Sword of Ruin\n|move|p2a: Wo-Chien|Leech Seed|p1b: Murkrow\n|-start|p1b: Murkrow|move: Leech Seed\n|move|p2b: Gastrodon|Clear Smog|p1b: Murkrow\n|-damage|p1b: Murkrow|76\/100\n|-clearboost|p1b: Murkrow\n|\n|-weather|none\n|-heal|p2a: Wo-Chien|78\/100|[from] item: Leftovers\n|-damage|p1b: Murkrow|64\/100|[from] Leech Seed|[of] p2a: Wo-Chien\n|-heal|p2a: Wo-Chien|89\/100|[silent]\n|upkeep\n|turn|7\n|inactive|Steakman5 has 30 seconds left.\n|inactive|gorbyjorby has 30 seconds left.\n|\n|t:|1682560266\n|switch|p2b: Bronzong|Bronzong, L50|100\/100\n|move|p1b: Murkrow|Tailwind|p1b: Murkrow\n|-sidestart|p1: Steakman5|move: Tailwind\n|move|p1a: Chien-Pao|Ice Spinner|p2a: Wo-Chien\n|-damage|p2a: Wo-Chien|49\/100\n|move|p2a: Wo-Chien|Leech Seed|p1a: Chien-Pao\n|-start|p1a: Chien-Pao|move: Leech Seed\n|\n|-heal|p2a: Wo-Chien|56\/100|[from] item: Leftovers\n|-damage|p1a: Chien-Pao|88\/100|[from] Leech Seed|[of] p2a: Wo-Chien\n|-heal|p2a: Wo-Chien|66\/100|[silent]\n|-damage|p1b: Murkrow|52\/100|[from] Leech Seed|[of] p2a: Wo-Chien\n|-heal|p2a: Wo-Chien|76\/100|[silent]\n|upkeep\n|turn|8\n|inactive|gorbyjorby has 30 seconds left.\n|\n|t:|1682560296\n|move|p1a: Chien-Pao|Ice Spinner|p2a: Wo-Chien\n|-damage|p2a: Wo-Chien|42\/100\n|move|p1b: Murkrow|Foul Play|p2b: Bronzong\n|-supereffective|p2b: Bronzong\n|-damage|p2b: Bronzong|58\/100\n|move|p2a: Wo-Chien|Pollen Puff|p1b: Murkrow\n|-damage|p1b: Murkrow|35\/100\n|move|p2b: Bronzong|Flash Cannon|p1a: Chien-Pao\n|-supereffective|p1a: Chien-Pao\n|-damage|p1a: Chien-Pao|0 fnt\n|faint|p1a: Chien-Pao\n|\n|-heal|p2a: Wo-Chien|48\/100|[from] item: Leftovers\n|-damage|p1b: Murkrow|23\/100|[from] Leech Seed|[of] p2a: Wo-Chien\n|-heal|p2a: Wo-Chien|58\/100|[silent]\n|upkeep\n|inactive|Steakman5 has 30 seconds left.\n|\n|t:|1682560330\n|switch|p1a: Palafin|Palafin-Hero, L50, M|42\/100\n|turn|9\n|\n|t:|1682560352\n|switch|p2b: Klefki|Klefki, L50, M|100\/100 slp\n|-terastallize|p1a: Palafin|Water\n|move|p1a: Palafin|Jet Punch|p2a: Wo-Chien\n|-damage|p2a: Wo-Chien|19\/100\n|move|p1b: Murkrow|Rain Dance|p1b: Murkrow\n|-weather|RainDance\n|move|p2a: Wo-Chien|Leech Seed|p1a: Palafin|[miss]\n|-miss|p2a: Wo-Chien|p1a: Palafin\n|\n|-weather|RainDance|[upkeep]\n|-heal|p2a: Wo-Chien|25\/100|[from] item: Leftovers\n|-damage|p1b: Murkrow|11\/100|[from] Leech Seed|[of] p2a: Wo-Chien\n|-heal|p2a: Wo-Chien|35\/100|[silent]\n|upkeep\n|turn|10\n|\n|t:|1682560376\n|switch|p1b: Amoonguss|Amoonguss, L50, F|90\/100\n|move|p2a: Wo-Chien|Protect|p2a: Wo-Chien\n|-singleturn|p2a: Wo-Chien|Protect\n|cant|p2b: Klefki|slp\n|move|p1a: Palafin|Drain Punch|p2b: Klefki\n|-damage|p2b: Klefki|77\/100 slp\n|-heal|p1a: Palafin|51\/100|[from] drain|[of] p2b: Klefki\n|\n|-weather|RainDance|[upkeep]\n|-heal|p2a: Wo-Chien|42\/100|[from] item: Leftovers\n|-sideend|p1: Steakman5|move: Tailwind\n|upkeep\n|turn|11\n|inactive|gorbyjorby has 30 seconds left.\n|inactive|gorbyjorby has 20 seconds left.\n|inactive|gorbyjorby has 15 seconds left.\n|\n|t:|1682560417\n|switch|p2a: Gastrodon|Gastrodon, L50, F|100\/100\n|-curestatus|p2b: Klefki|slp|[msg]\n|move|p2b: Klefki|Thunder Wave|p1b: Amoonguss\n|-status|p1b: Amoonguss|par\n|move|p1a: Palafin|Drain Punch|p2b: Klefki\n|-crit|p2b: Klefki\n|-damage|p2b: Klefki|31\/100\n|-heal|p1a: Palafin|70\/100|[from] drain|[of] p2b: Klefki\n|move|p1b: Amoonguss|Spore|p2b: Klefki\n|-status|p2b: Klefki|slp|[from] move: Spore\n|\n|-weather|RainDance|[upkeep]\n|upkeep\n|turn|12\n|inactive|Steakman5 has 30 seconds left.\n|inactive|gorbyjorby has 30 seconds left.\n|inactive|gorbyjorby has 20 seconds left.\n|inactive|gorbyjorby has 15 seconds left.\n|inactive|gorbyjorby has 10 seconds left.\n|\n|t:|1682560466\n|cant|p2b: Klefki|slp\n|move|p1a: Palafin|Drain Punch|p2b: Klefki\n|-damage|p2b: Klefki|0 fnt\n|-heal|p1a: Palafin|82\/100|[from] drain|[of] p2b: Klefki\n|faint|p2b: Klefki\n|move|p2a: Gastrodon|Ice Beam|p1b: Amoonguss\n|-supereffective|p1b: Amoonguss\n|-crit|p1b: Amoonguss\n|-damage|p1b: Amoonguss|31\/100 par\n|move|p1b: Amoonguss|Spore|p2a: Gastrodon\n|-status|p2a: Gastrodon|slp|[from] move: Spore\n|\n|-weather|RainDance|[upkeep]\n|upkeep\n|inactive|gorbyjorby has 30 seconds left.\n|\n|t:|1682560480\n|switch|p2b: Bronzong|Bronzong, L50|58\/100\n|turn|13\n|inactive|gorbyjorby has 25 seconds left this turn.\n|inactive|gorbyjorby has 20 seconds left.\n|inactive|gorbyjorby has 15 seconds left.\n|inactive|gorbyjorby has 10 seconds left.\n|\n|t:|1682560497\n|move|p1a: Palafin|Drain Punch|p2b: Bronzong\n|-damage|p2b: Bronzong|25\/100\n|-heal|p1a: Palafin|96\/100|[from] drain|[of] p2b: Bronzong\n|cant|p2a: Gastrodon|slp\n|move|p2b: Bronzong|Psychic|p1b: Amoonguss\n|-supereffective|p1b: Amoonguss\n|-damage|p1b: Amoonguss|0 fnt\n|faint|p1b: Amoonguss\n|\n|-weather|none\n|upkeep\n|inactive|gorbyjorby has 10 seconds left this turn.\n|\n|t:|1682560505\n|switch|p1b: Murkrow|Murkrow, L50, M|11\/100\n|turn|14\n|inactive|gorbyjorby has 10 seconds left this turn.\n|inactive|gorbyjorby has 5 seconds left.\n|\n|t:|1682560513\n|move|p2b: Bronzong|Protect|p2b: Bronzong\n|-singleturn|p2b: Bronzong|Protect\n|move|p1b: Murkrow|Tailwind|p1b: Murkrow\n|-sidestart|p1: Steakman5|move: Tailwind\n|move|p1a: Palafin|Drain Punch|p2b: Bronzong\n|-activate|p2b: Bronzong|move: Protect\n|cant|p2a: Gastrodon|slp\n|\n|upkeep\n|turn|15\n|inactive|gorbyjorby has 5 seconds left this turn.\n|-message|gorbyjorby lost due to inactivity.\n|\n|win|Steakman5\n|raw|Steakman5's rating: 1132 → 1150<\/strong> (+18 for winning)\n|raw|gorbyjorby's rating: 1034 → 1023<\/strong> (-11 for losing)\n","uploadtime":1682560530,"views":7,"p1id":"steakman5","p2id":"gorbyjorby","formatid":"gen9vgc2023regulationc","rating":1023,"private":0,"password":""}