{"id":"gen9vgc2023regulationc-1863986297","p1":"Aox93","p2":"Munjah10","format":"[Gen 9] VGC 2023 Regulation C","log":"|j|\u2606Aox93\n|j|\u2606Munjah10\n|t:|1684101573\n|gametype|doubles\n|player|p1|Aox93|102|1286\n|player|p2|Munjah10|1|1319\n|teamsize|p1|6\n|teamsize|p2|6\n|gen|9\n|tier|[Gen 9] VGC 2023 Regulation C\n|rated|\n|rule|Species Clause: Limit one of each Pok\u00e9mon\n|rule|Item Clause: Limit one of each item\n|clearpoke\n|poke|p1|Torkoal, L50, M|\n|poke|p1|Jumpluff, L50, M|\n|poke|p1|Great Tusk, L50|\n|poke|p1|Flutter Mane, L50|\n|poke|p1|Chien-Pao, L50|\n|poke|p1|Dragonite, L50, M|\n|poke|p2|Talonflame, L50, F|\n|poke|p2|Chien-Pao, L50|\n|poke|p2|Baxcalibur, L50, M|\n|poke|p2|Brute Bonnet, L50|\n|poke|p2|Gyarados, L50, F|\n|poke|p2|Flutter Mane, L50|\n|teampreview|4\n|inactive|Battle timer is ON: inactive players will automatically lose when time's up. (requested by Munjah10)\n|inactive|Aox93 has 60 seconds left.\n|\n|t:|1684101643\n|start\n|switch|p1a: Dragonite|Dragonite, L50, M|100\/100\n|switch|p1b: Chien-Pao|Chien-Pao, L50|100\/100\n|switch|p2a: Talonflame|Talonflame, L50, F, shiny|100\/100\n|switch|p2b: Chien-Pao|Chien-Pao, L50|100\/100\n|-ability|p1b: Chien-Pao|Sword of Ruin\n|-ability|p2b: Chien-Pao|Sword of Ruin\n|turn|1\n|inactive|Aox93 has 30 seconds left.\n|inactive|Aox93 has 20 seconds left.\n|inactive|Aox93 has 15 seconds left.\n|\n|t:|1684101688\n|move|p1a: Dragonite|Extreme Speed|p2a: Talonflame\n|-damage|p2a: Talonflame|42\/100\n|move|p1b: Chien-Pao|Icy Wind|p2a: Talonflame|[spread] p2a,p2b\n|-resisted|p2b: Chien-Pao\n|-damage|p2a: Talonflame|23\/100\n|-damage|p2b: Chien-Pao|92\/100\n|-unboost|p2b: Chien-Pao|spe|1\n|move|p2a: Talonflame|Flare Blitz|p1b: Chien-Pao\n|-supereffective|p1b: Chien-Pao\n|-enditem|p1b: Chien-Pao|Focus Sash\n|-damage|p1b: Chien-Pao|1\/100\n|-damage|p2a: Talonflame|0 fnt|[from] Recoil\n|faint|p2a: Talonflame\n|move|p2b: Chien-Pao|Ice Spinner|p1a: Dragonite\n|-supereffective|p1a: Dragonite\n|-damage|p1a: Dragonite|0 fnt\n|faint|p1a: Dragonite\n|\n|upkeep\n|\n|t:|1684101709\n|switch|p2a: Gyarados|Gyarados, L50, F, shiny|100\/100\n|switch|p1a: Torkoal|Torkoal, L50, M, shiny|100\/100\n|-ability|p2a: Gyarados|Intimidate|boost\n|-unboost|p1a: Torkoal|atk|1\n|-enditem|p1a: Torkoal|Eject Pack\n|-unboost|p1b: Chien-Pao|atk|1\n|\n|t:|1684101716\n|switch|p1a: Great Tusk|Great Tusk, L50, shiny|100\/100\n|turn|2\n|\n|t:|1684101736\n|switch|p1b: Torkoal|Torkoal, L50, M, shiny|100\/100\n|-weather|SunnyDay|[from] ability: Drought|[of] p1b: Torkoal\n|-activate|p1a: Great Tusk|ability: Protosynthesis\n|-start|p1a: Great Tusk|protosynthesisatk\n|-terastallize|p1a: Great Tusk|Steel\n|move|p2b: Chien-Pao|Protect|p2b: Chien-Pao\n|-singleturn|p2b: Chien-Pao|Protect\n|move|p1a: Great Tusk|Rock Slide|p2b: Chien-Pao|[spread] p2a\n|-activate|p2b: Chien-Pao|move: Protect\n|-supereffective|p2a: Gyarados\n|-damage|p2a: Gyarados|8\/100\n|move|p2a: Gyarados|Dragon Dance|p2a: Gyarados\n|-boost|p2a: Gyarados|atk|1\n|-boost|p2a: Gyarados|spe|1\n|\n|-weather|SunnyDay|[upkeep]\n|upkeep\n|turn|3\n|inactive|Aox93 has 30 seconds left.\n|inactive|Munjah10 has 30 seconds left.\n|\n|t:|1684101764\n|move|p1a: Great Tusk|Rock Slide|p2a: Gyarados|[spread] p2a,p2b\n|-supereffective|p2a: Gyarados\n|-supereffective|p2b: Chien-Pao\n|-damage|p2a: Gyarados|0 fnt\n|-damage|p2b: Chien-Pao|21\/100\n|faint|p2a: Gyarados\n|move|p2b: Chien-Pao|Throat Chop|p1b: Torkoal\n|-damage|p1b: Torkoal|58\/100\n|-start|p1b: Torkoal|Throat Chop|[silent]\n|move|p1b: Torkoal|Overheat|p2b: Chien-Pao\n|-supereffective|p2b: Chien-Pao\n|-damage|p2b: Chien-Pao|0 fnt\n|-unboost|p1b: Torkoal|spa|2\n|faint|p2b: Chien-Pao\n|\n|-weather|SunnyDay|[upkeep]\n|upkeep\n|\n|t:|1684101768\n|switch|p2b: Flutter Mane|Flutter Mane, L50, shiny|100\/100\n|-activate|p2b: Flutter Mane|ability: Protosynthesis\n|-start|p2b: Flutter Mane|protosynthesisspa\n|turn|4\n|\n|t:|1684101789\n|-terastallize|p2b: Flutter Mane|Ground\n|move|p1a: Great Tusk|Rock Slide|p2b: Flutter Mane\n|-resisted|p2b: Flutter Mane\n|-damage|p2b: Flutter Mane|64\/100\n|move|p2b: Flutter Mane|Tera Blast|p1a: Great Tusk\n|-supereffective|p1a: Great Tusk\n|-damage|p1a: Great Tusk|0 fnt\n|faint|p1a: Great Tusk\n|-end|p1a: Great Tusk|Protosynthesis|[silent]\n|move|p1b: Torkoal|Yawn|p2b: Flutter Mane\n|-start|p2b: Flutter Mane|move: Yawn|[of] p1b: Torkoal\n|\n|-weather|SunnyDay|[upkeep]\n|-end|p1b: Torkoal|Throat Chop|[silent]\n|upkeep\n|\n|t:|1684101808\n|switch|p1a: Chien-Pao|Chien-Pao, L50|1\/100\n|-ability|p1a: Chien-Pao|Sword of Ruin\n|turn|5\n|\n|t:|1684101816\n|move|p1a: Chien-Pao|Protect|p1a: Chien-Pao\n|-singleturn|p1a: Chien-Pao|Protect\n|move|p1b: Torkoal|Protect|p1b: Torkoal\n|-singleturn|p1b: Torkoal|Protect\n|move|p2b: Flutter Mane|Tera Blast|p1b: Torkoal\n|-activate|p1b: Torkoal|move: Protect\n|\n|-weather|SunnyDay|[upkeep]\n|-end|p2b: Flutter Mane|move: Yawn|[silent]\n|-status|p2b: Flutter Mane|slp\n|upkeep\n|turn|6\n|-message|Munjah10 forfeited.\n|\n|win|Aox93\n|raw|Aox93's rating: 1286 → 1313<\/strong> (+27 for winning)\n|raw|Munjah10's rating: 1319 → 1297<\/strong> (-22 for losing)\n|l|\u2606Munjah10\n","uploadtime":1684101846,"views":11,"p1id":"aox93","p2id":"munjah10","formatid":"gen9vgc2023regulationc","rating":1297,"private":0,"password":""}