{"id":"gen9vgc2023regulationc-1851650539","p1":"FIGHT ON STARMAN","p2":"BlazeRuby0","format":"[Gen 9] VGC 2023 Regulation C","log":"|j|\u2606FIGHT ON STARMAN\n|j|\u2606BlazeRuby0\n|t:|1682465609\n|gametype|doubles\n|player|p1|FIGHT ON STARMAN|may-masters|1264\n|player|p2|BlazeRuby0|265|1195\n|teamsize|p1|6\n|teamsize|p2|6\n|gen|9\n|tier|[Gen 9] VGC 2023 Regulation C\n|rated|\n|rule|Species Clause: Limit one of each Pok\u00e9mon\n|rule|Item Clause: Limit one of each item\n|clearpoke\n|poke|p1|Pincurchin, L50, F|\n|poke|p1|Iron Hands, L50|\n|poke|p1|Palafin, L50, F|\n|poke|p1|Ting-Lu, L50|\n|poke|p1|Amoonguss, L50, M|\n|poke|p1|Flutter Mane, L50|\n|poke|p2|Rotom-Heat, L50|\n|poke|p2|Ting-Lu, L50|\n|poke|p2|Dondozo, L50, M|\n|poke|p2|Tatsugiri-Stretchy, L50, M|\n|poke|p2|Annihilape, L50, F|\n|poke|p2|Flutter Mane, L50|\n|teampreview|4\nBlazeRuby0 has agreed to open team sheets.\nFIGHT ON STARMAN has agreed to open team sheets.\n|inactive|Battle timer is ON: inactive players will automatically lose when time's up. (requested by BlazeRuby0)\n|inactive|FIGHT ON STARMAN has 60 seconds left.\n|\n|t:|1682465710\n|start\n|switch|p1a: SIDEKICK|Amoonguss, L50, M, shiny|100\/100\n|switch|p1b: BLAST|Palafin, L50, F, shiny|100\/100\n|switch|p2a: Rotom|Rotom-Heat, L50|100\/100\n|switch|p2b: Tatsugiri|Tatsugiri-Stretchy, L50, M|100\/100\n|turn|1\n|inactive|FIGHT ON STARMAN has 30 seconds left.\n|inactive|BlazeRuby0 has 30 seconds left.\n|inactive|FIGHT ON STARMAN has 20 seconds left.\n|\n|t:|1682465748\n|detailschange|p1b: BLAST|Palafin-Hero, L50, F, shiny\n|switch|p1b: MISTRESS|Flutter Mane, L50, shiny|100\/100\n|-terastallize|p2a: Rotom|Grass\n|move|p1a: SIDEKICK|Protect|p1a: SIDEKICK\n|-singleturn|p1a: SIDEKICK|Protect\n|move|p2b: Tatsugiri|Draco Meteor|p1a: SIDEKICK\n|-activate|p1a: SIDEKICK|move: Protect\n|move|p2a: Rotom|Overheat|p1a: SIDEKICK\n|-activate|p1a: SIDEKICK|move: Protect\n|\n|upkeep\n|turn|2\n|inactive|FIGHT ON STARMAN has 30 seconds left.\n|\n|t:|1682465779\n|switch|p1a: STARMAN|Iron Hands, L50, shiny|100\/100\n|move|p1b: MISTRESS|Dazzling Gleam|p2b: Tatsugiri|[spread] p2a,p2b\n|-supereffective|p2b: Tatsugiri\n|-damage|p2a: Rotom|48\/100\n|-enditem|p2b: Tatsugiri|Focus Sash\n|-damage|p2b: Tatsugiri|1\/100\n|-enditem|p2a: Rotom|Sitrus Berry|[eat]\n|-heal|p2a: Rotom|73\/100|[from] item: Sitrus Berry\n|move|p2b: Tatsugiri|Muddy Water|p1a: STARMAN|[spread] p1a,p1b\n|-damage|p1a: STARMAN|79\/100\n|-damage|p1b: MISTRESS|68\/100\n|move|p2a: Rotom|Thunderbolt|p1b: MISTRESS\n|-damage|p1b: MISTRESS|23\/100\n|\n|upkeep\n|turn|3\n|inactive|FIGHT ON STARMAN has 30 seconds left.\n|inactive|BlazeRuby0 has 30 seconds left.\n|\n|t:|1682465808\n|switch|p2a: Dondozo|Dondozo, L50, M|100\/100\n|-activate|p2b: Tatsugiri|ability: Commander|[of] p2a: Dondozo\n|-boost|p2a: Dondozo|atk|2\n|-boost|p2a: Dondozo|spa|2\n|-boost|p2a: Dondozo|spe|2\n|-boost|p2a: Dondozo|def|2\n|-boost|p2a: Dondozo|spd|2\n|move|p1a: STARMAN|Fake Out|p2a: Dondozo\n|-damage|p2a: Dondozo|95\/100\n|move|p1b: MISTRESS|Dazzling Gleam|p2a: Dondozo|[spread] p2a\n|-miss|p1b: MISTRESS|p2b: Tatsugiri\n|-damage|p2a: Dondozo|73\/100\n|\n|-heal|p2a: Dondozo|79\/100|[from] item: Leftovers\n|upkeep\n|turn|4\n|inactive|BlazeRuby0 has 30 seconds left.\n|\n|t:|1682465843\n|-end|p1b: MISTRESS|Protosynthesis|[silent]\n|switch|p1b: SIDEKICK|Amoonguss, L50, M, shiny|100\/100\n|-terastallize|p1a: STARMAN|Water\n|move|p2a: Dondozo|Wave Crash|p1b: SIDEKICK\n|-resisted|p1b: SIDEKICK\n|-damage|p1b: SIDEKICK|68\/100\n|-damage|p2a: Dondozo|70\/100|[from] Recoil\n|move|p1a: STARMAN|Wild Charge|p2a: Dondozo\n|-supereffective|p2a: Dondozo\n|-damage|p2a: Dondozo|36\/100\n|-damage|p1a: STARMAN|70\/100|[from] Recoil\n|\n|-heal|p2a: Dondozo|43\/100|[from] item: Leftovers\n|upkeep\n|turn|5\n|inactive|FIGHT ON STARMAN has 30 seconds left.\n|\n|t:|1682465871\n|move|p2a: Dondozo|Protect|p2a: Dondozo\n|-singleturn|p2a: Dondozo|Protect\n|move|p1a: STARMAN|Wild Charge|p2a: Dondozo\n|-activate|p2a: Dondozo|move: Protect\n|move|p1b: SIDEKICK|Spore|p2a: Dondozo\n|-activate|p2a: Dondozo|move: Protect\n|\n|-heal|p2a: Dondozo|49\/100|[from] item: Leftovers\n|upkeep\n|turn|6\n|\n|t:|1682465891\n|move|p2a: Dondozo|Order Up|p1a: STARMAN\n|-damage|p1a: STARMAN|45\/100\n|-boost|p2a: Dondozo|spe|1\n|move|p1a: STARMAN|Drain Punch|p2a: Dondozo\n|-damage|p2a: Dondozo|35\/100\n|-heal|p1a: STARMAN|52\/100|[from] drain|[of] p2a: Dondozo\n|move|p1b: SIDEKICK|Spore|p2a: Dondozo\n|-status|p2a: Dondozo|slp|[from] move: Spore\n|\n|-heal|p2a: Dondozo|41\/100 slp|[from] item: Leftovers\n|upkeep\n|turn|7\n|\n|t:|1682465908\n|cant|p2a: Dondozo|slp\n|move|p1a: STARMAN|Wild Charge|p2a: Dondozo\n|-supereffective|p2a: Dondozo\n|-damage|p2a: Dondozo|8\/100 slp\n|-damage|p1a: STARMAN|44\/100|[from] Recoil\n|move|p1b: SIDEKICK|Pollen Puff|p1a: STARMAN\n|-heal|p1a: STARMAN|94\/100\n|\n|-heal|p2a: Dondozo|14\/100 slp|[from] item: Leftovers\n|upkeep\n|turn|8\n|inactive|FIGHT ON STARMAN has 30 seconds left.\n|\n|t:|1682465941\n|-curestatus|p2a: Dondozo|slp|[msg]\n|move|p2a: Dondozo|Protect|p2a: Dondozo\n|-singleturn|p2a: Dondozo|Protect\n|move|p1a: STARMAN|Wild Charge|p2a: Dondozo\n|-activate|p2a: Dondozo|move: Protect\n|move|p1b: SIDEKICK|Pollen Puff|p2a: Dondozo\n|-activate|p2a: Dondozo|move: Protect\n|\n|-heal|p2a: Dondozo|20\/100|[from] item: Leftovers\n|upkeep\n|turn|9\n|\n|t:|1682465964\n|move|p2a: Dondozo|Wave Crash|p1b: SIDEKICK\n|-resisted|p1b: SIDEKICK\n|-damage|p1b: SIDEKICK|30\/100\n|-enditem|p1b: SIDEKICK|Sitrus Berry|[eat]\n|-heal|p1b: SIDEKICK|55\/100|[from] item: Sitrus Berry\n|-damage|p2a: Dondozo|9\/100|[from] Recoil\n|move|p1a: STARMAN|Wild Charge|p2a: Dondozo\n|-supereffective|p2a: Dondozo\n|-crit|p2a: Dondozo\n|-damage|p2a: Dondozo|0 fnt\n|faint|p2a: Dondozo\n|-damage|p1a: STARMAN|92\/100|[from] Recoil\n|move|p1b: SIDEKICK|Pollen Puff|p2b: Tatsugiri\n|-damage|p2b: Tatsugiri|0 fnt\n|faint|p2b: Tatsugiri\n|\n|upkeep\n|\n|t:|1682465974\n|switch|p2b: Ting-Lu|Ting-Lu, L50|100\/100\n|switch|p2a: Rotom|Rotom-Heat, L50, tera:Grass|73\/100\n|-ability|p2b: Ting-Lu|Vessel of Ruin\n|turn|10\n|\n|t:|1682465996\n|move|p1b: SIDEKICK|Rage Powder|p1b: SIDEKICK\n|-singleturn|p1b: SIDEKICK|move: Rage Powder\n|move|p2a: Rotom|Overheat|p1b: SIDEKICK\n|-supereffective|p1b: SIDEKICK\n|-damage|p1b: SIDEKICK|0 fnt\n|-unboost|p2a: Rotom|spa|2\n|faint|p1b: SIDEKICK\n|move|p1a: STARMAN|Drain Punch|p2a: Rotom\n|-damage|p2a: Rotom|26\/100\n|-heal|p1a: STARMAN|100\/100|[from] drain|[of] p2a: Rotom\n|move|p2b: Ting-Lu|Fissure|p1a: STARMAN\n|-damage|p1a: STARMAN|0 fnt\n|faint|p1a: STARMAN\n|-end|p1a: STARMAN|Quark Drive|[silent]\n|-ohko\n|\n|upkeep\n|\n|t:|1682466001\n|switch|p1a: BLAST|Palafin-Hero, L50, F, shiny|100\/100\n|switch|p1b: MISTRESS|Flutter Mane, L50, shiny|23\/100\n|-activate|p1a: BLAST|ability: Zero to Hero\n|turn|11\n|\n|t:|1682466020\n|move|p2a: Rotom|Protect|p2a: Rotom\n|-singleturn|p2a: Rotom|Protect\n|move|p1b: MISTRESS|Dazzling Gleam|p2b: Ting-Lu|[spread] p2b\n|-activate|p2a: Rotom|move: Protect\n|-supereffective|p2b: Ting-Lu\n|-damage|p2b: Ting-Lu|63\/100\n|move|p1a: BLAST|Wave Crash|p2b: Ting-Lu\n|-supereffective|p2b: Ting-Lu\n|-damage|p2b: Ting-Lu|0 fnt\n|faint|p2b: Ting-Lu\n|-damage|p1a: BLAST|72\/100|[from] Recoil\n|\n|upkeep\n|turn|12\n|-message|BlazeRuby0 forfeited.\n|\n|win|FIGHT ON STARMAN\n|raw|FIGHT ON STARMAN's rating: 1264 → 1284<\/strong> (+20 for winning)\n|raw|BlazeRuby0's rating: 1195 → 1175<\/strong> (-20 for losing)\n|l|\u2606BlazeRuby0\n","uploadtime":1682466038,"views":16,"p1id":"fightonstarman","p2id":"blazeruby0","formatid":"gen9vgc2023regulationc","rating":1175,"private":0,"password":""}