{"id":"gen9vgc2023regulationc-1847187865","p1":"BobDylansWoChien","p2":"haha u rage quit","format":"[Gen 9] VGC 2023 Regulation C","log":"|j|\u2606BobDylansWoChien\n|j|\u2606haha u rage quit\n|t:|1681926257\n|gametype|doubles\n|player|p1|BobDylansWoChien|fennel|1142\n|player|p2|haha u rage quit|pokemaniac|1115\n|teamsize|p1|6\n|teamsize|p2|6\n|gen|9\n|tier|[Gen 9] VGC 2023 Regulation C\n|rated|\n|rule|Species Clause: Limit one of each Pok\u00e9mon\n|rule|Item Clause: Limit one of each item\n|clearpoke\n|poke|p1|Revavroom, L50, F|\n|poke|p1|Ting-Lu, L50|\n|poke|p1|Amoonguss, L50, M|\n|poke|p1|Flutter Mane, L50|\n|poke|p1|Grimmsnarl, L50, M|\n|poke|p1|Dragonite, L50, M|\n|poke|p2|Garganacl, L50, M|\n|poke|p2|Wo-Chien, L50|\n|poke|p2|Amoonguss, L50, M|\n|poke|p2|Ting-Lu, L50|\n|poke|p2|Dondozo, L50, M|\n|poke|p2|Arcanine, L50, M|\n|teampreview|4\nBobDylansWoChien has agreed to open team sheets.\n|inactive|Battle timer is ON: inactive players will automatically lose when time's up. (requested by BobDylansWoChien)\n|\n|t:|1681926305\n|start\n|switch|p1a: Dragonite|Dragonite, L50, M|100\/100\n|switch|p1b: Grimmsnarl|Grimmsnarl, L50, M|100\/100\n|switch|p2a: Arcanine|Arcanine, L50, M|100\/100\n|switch|p2b: Garganacl|Garganacl, L50, M|100\/100\n|-ability|p2a: Arcanine|Intimidate|boost\n|-unboost|p1a: Dragonite|atk|1\n|-unboost|p1b: Grimmsnarl|atk|1\n|turn|1\n|\n|t:|1681926327\n|switch|p2a: Dondozo|Dondozo, L50, M|100\/100\n|switch|p1a: Revavroom|Revavroom, L50, F|100\/100\n|move|p1b: Grimmsnarl|Reflect|p1b: Grimmsnarl\n|-sidestart|p1: BobDylansWoChien|Reflect\n|move|p2b: Garganacl|Salt Cure|p1a: Revavroom\n|-resisted|p1a: Revavroom\n|-damage|p1a: Revavroom|96\/100\n|-start|p1a: Revavroom|Salt Cure\n|\n|-damage|p1a: Revavroom|71\/100|[from] Salt Cure\n|upkeep\n|turn|2\n|\n|t:|1681926342\n|switch|p1a: Dragonite|Dragonite, L50, M|100\/100\n|move|p2b: Garganacl|Protect|p2b: Garganacl\n|-singleturn|p2b: Garganacl|Protect\n|move|p1b: Grimmsnarl|Parting Shot|p2a: Dondozo\n|-unboost|p2a: Dondozo|atk|1\n|-unboost|p2a: Dondozo|spa|1\n|\n|t:|1681926346\n|switch|p1b: Revavroom|Revavroom, L50, F|71\/100|[from] Parting Shot\n|move|p2a: Dondozo|Fissure|p1b: Revavroom|[miss]\n|-miss|p2a: Dondozo|p1b: Revavroom\n|\n|upkeep\n|turn|3\n|\n|t:|1681926362\n|switch|p2b: Arcanine|Arcanine, L50, M|100\/100\n|-ability|p2b: Arcanine|Intimidate|boost\n|-unboost|p1a: Dragonite|atk|1\n|-unboost|p1b: Revavroom|atk|1\n|move|p1b: Revavroom|Iron Head|p2b: Arcanine\n|-resisted|p2b: Arcanine\n|-damage|p2b: Arcanine|86\/100\n|move|p1a: Dragonite|Outrage|p2b: Arcanine\n|-damage|p2b: Arcanine|0 fnt\n|faint|p2b: Arcanine\n|move|p2a: Dondozo|Fissure|p1b: Revavroom|[miss]\n|-miss|p2a: Dondozo|p1b: Revavroom\n|\n|upkeep\n|c|\u2606BobDylansWoChien|Lol\n|\n|t:|1681926376\n|switch|p2b: Garganacl|Garganacl, L50, M|100\/100\n|turn|4\n|\n|t:|1681926385\n|switch|p1b: Grimmsnarl|Grimmsnarl, L50, M|100\/100\n|-terastallize|p2b: Garganacl|Poison\n|move|p1a: Dragonite|Outrage|p2b: Garganacl|[from]lockedmove\n|-damage|p2b: Garganacl|53\/100\n|move|p2b: Garganacl|Salt Cure|p1a: Dragonite\n|-supereffective|p1a: Dragonite\n|-damage|p1a: Dragonite|90\/100\n|-start|p1a: Dragonite|Salt Cure\n|move|p2a: Dondozo|Yawn|p1a: Dragonite\n|-start|p1a: Dragonite|move: Yawn|[of] p2a: Dondozo\n|\n|-heal|p2b: Garganacl|58\/100|[from] item: Leftovers\n|-damage|p1a: Dragonite|78\/100|[from] Salt Cure\n|upkeep\n|turn|5\n|inactive|haha u rage quit has 30 seconds left.\n|\n|t:|1681926412\n|move|p1a: Dragonite|Outrage|p2a: Dondozo|[from]lockedmove\n|-damage|p2a: Dondozo|41\/100\n|-start|p1a: Dragonite|confusion|[fatigue]\n|move|p1b: Grimmsnarl|Spirit Break|p2a: Dondozo\n|-damage|p2a: Dondozo|22\/100\n|-unboost|p2a: Dondozo|spa|1\n|-enditem|p2a: Dondozo|Aguav Berry|[eat]\n|-heal|p2a: Dondozo|55\/100|[from] item: Aguav Berry\n|move|p2a: Dondozo|Yawn||[still]\n|-fail|p2a: Dondozo\n|move|p2b: Garganacl|Fissure|p1a: Dragonite\n|-immune|p1a: Dragonite\n|\n|-heal|p2b: Garganacl|64\/100|[from] item: Leftovers\n|-damage|p1a: Dragonite|66\/100|[from] Salt Cure\n|-end|p1a: Dragonite|move: Yawn|[silent]\n|-status|p1a: Dragonite|slp\n|upkeep\n|turn|6\n|\n|t:|1681926436\n|switch|p1a: Flutter Mane|Flutter Mane, L50|100\/100\n|-enditem|p1a: Flutter Mane|Booster Energy\n|-activate|p1a: Flutter Mane|ability: Protosynthesis|[fromitem]\n|-start|p1a: Flutter Mane|protosynthesisspa\n|move|p1b: Grimmsnarl|Parting Shot|p2a: Dondozo\n|-unboost|p2a: Dondozo|atk|1\n|-unboost|p2a: Dondozo|spa|1\n|\n|t:|1681926440\n|switch|p1b: Revavroom|Revavroom, L50, F|71\/100|[from] Parting Shot\n|move|p2a: Dondozo|Yawn|p1b: Revavroom\n|-start|p1b: Revavroom|move: Yawn|[of] p2a: Dondozo\n|move|p2b: Garganacl|Salt Cure|p1a: Flutter Mane\n|-damage|p1a: Flutter Mane|88\/100\n|-start|p1a: Flutter Mane|Salt Cure\n|\n|-heal|p2b: Garganacl|70\/100|[from] item: Leftovers\n|-damage|p1a: Flutter Mane|75\/100|[from] Salt Cure\n|upkeep\n|turn|7\n|\n|t:|1681926456\n|switch|p1b: Dragonite|Dragonite, L50, M|66\/100 slp\n|move|p2a: Dondozo|Protect|p2a: Dondozo\n|-singleturn|p2a: Dondozo|Protect\n|move|p2b: Garganacl|Protect|p2b: Garganacl\n|-singleturn|p2b: Garganacl|Protect\n|move|p1a: Flutter Mane|Substitute|p1a: Flutter Mane\n|-start|p1a: Flutter Mane|Substitute\n|-damage|p1a: Flutter Mane|50\/100\n|\n|-heal|p2b: Garganacl|76\/100|[from] item: Leftovers\n|-damage|p1a: Flutter Mane|38\/100|[from] Salt Cure\n|upkeep\n|turn|8\n|inactive|haha u rage quit has 30 seconds left.\n|\n|t:|1681926482\n|move|p1a: Flutter Mane|Moonblast|p2a: Dondozo\n|-damage|p2a: Dondozo|13\/100\n|cant|p1b: Dragonite|slp\n|move|p2a: Dondozo|Yawn||[still]\n|-fail|p2a: Dondozo\n|move|p2b: Garganacl|Salt Cure|p1b: Dragonite\n|-supereffective|p1b: Dragonite\n|-damage|p1b: Dragonite|44\/100 slp\n|-start|p1b: Dragonite|Salt Cure\n|\n|-heal|p2b: Garganacl|82\/100|[from] item: Leftovers\n|-damage|p1a: Flutter Mane|25\/100|[from] Salt Cure\n|-damage|p1b: Dragonite|32\/100 slp|[from] Salt Cure\n|-sideend|p1: BobDylansWoChien|Reflect\n|upkeep\n|turn|9\n|\n|t:|1681926499\n|move|p2b: Garganacl|Protect|p2b: Garganacl\n|-singleturn|p2b: Garganacl|Protect\n|move|p2a: Dondozo|Protect|p2a: Dondozo\n|-singleturn|p2a: Dondozo|Protect\n|move|p1a: Flutter Mane|Moonblast|p2a: Dondozo\n|-activate|p2a: Dondozo|move: Protect\n|cant|p1b: Dragonite|slp\n|\n|-heal|p2b: Garganacl|87\/100|[from] item: Leftovers\n|-damage|p1a: Flutter Mane|13\/100|[from] Salt Cure\n|-damage|p1b: Dragonite|20\/100 slp|[from] Salt Cure\n|upkeep\n|turn|10\n|\n|t:|1681926520\n|move|p1a: Flutter Mane|Moonblast|p2a: Dondozo\n|-damage|p2a: Dondozo|0 fnt\n|faint|p2a: Dondozo\n|cant|p1b: Dragonite|slp\n|move|p2b: Garganacl|Salt Cure|p1b: Dragonite\n|-supereffective|p1b: Dragonite\n|-damage|p1b: Dragonite|0 fnt\n|faint|p1b: Dragonite\n|\n|-heal|p2b: Garganacl|93\/100|[from] item: Leftovers\n|-damage|p1a: Flutter Mane|0 fnt|[from] Salt Cure\n|faint|p1a: Flutter Mane\n|-end|p1a: Flutter Mane|Protosynthesis|[silent]\n|upkeep\n|\n|t:|1681926527\n|switch|p1a: Grimmsnarl|Grimmsnarl, L50, M|100\/100\n|switch|p1b: Revavroom|Revavroom, L50, F|71\/100\n|switch|p2a: Amoonguss|Amoonguss, L50, M|100\/100\n|turn|11\n|\n|t:|1681926543\n|move|p1b: Revavroom|Protect|p1b: Revavroom\n|-singleturn|p1b: Revavroom|Protect\n|move|p2b: Garganacl|Protect|p2b: Garganacl\n|-singleturn|p2b: Garganacl|Protect\n|move|p1a: Grimmsnarl|Spirit Break|p2b: Garganacl\n|-activate|p2b: Garganacl|move: Protect\n|move|p2a: Amoonguss|Spore|p1b: Revavroom\n|-activate|p1b: Revavroom|move: Protect\n|\n|-heal|p2b: Garganacl|99\/100|[from] item: Leftovers\n|upkeep\n|turn|12\n|\n|t:|1681926555\n|move|p2a: Amoonguss|Rage Powder|p2a: Amoonguss\n|-singleturn|p2a: Amoonguss|move: Rage Powder\n|move|p1b: Revavroom|Shift Gear|p1b: Revavroom\n|-boost|p1b: Revavroom|spe|2\n|-boost|p1b: Revavroom|atk|1\n|move|p1a: Grimmsnarl|Spirit Break|p2a: Amoonguss\n|-resisted|p2a: Amoonguss\n|-damage|p2a: Amoonguss|85\/100\n|-unboost|p2a: Amoonguss|spa|1\n|move|p2b: Garganacl|Salt Cure|p1b: Revavroom\n|-resisted|p1b: Revavroom\n|-damage|p1b: Revavroom|64\/100\n|-start|p1b: Revavroom|Salt Cure\n|\n|-heal|p2b: Garganacl|100\/100|[from] item: Leftovers\n|-heal|p2a: Amoonguss|91\/100|[from] item: Black Sludge\n|-damage|p1b: Revavroom|40\/100|[from] Salt Cure\n|upkeep\n|turn|13\n|\n|t:|1681926568\n|move|p2a: Amoonguss|Rage Powder|p2a: Amoonguss\n|-singleturn|p2a: Amoonguss|move: Rage Powder\n|move|p1a: Grimmsnarl|Reflect|p1a: Grimmsnarl\n|-sidestart|p1: BobDylansWoChien|Reflect\n|move|p1b: Revavroom|Shift Gear|p1b: Revavroom\n|-boost|p1b: Revavroom|spe|2\n|-boost|p1b: Revavroom|atk|1\n|move|p2b: Garganacl|Salt Cure|p1a: Grimmsnarl\n|-damage|p1a: Grimmsnarl|90\/100\n|-start|p1a: Grimmsnarl|Salt Cure\n|\n|-heal|p2a: Amoonguss|97\/100|[from] item: Black Sludge\n|-damage|p1b: Revavroom|15\/100|[from] Salt Cure\n|-damage|p1a: Grimmsnarl|78\/100|[from] Salt Cure\n|upkeep\n|turn|14\n|\n|t:|1681926576\n|move|p2b: Garganacl|Protect|p2b: Garganacl\n|-singleturn|p2b: Garganacl|Protect\n|move|p2a: Amoonguss|Protect|p2a: Amoonguss\n|-singleturn|p2a: Amoonguss|Protect\n|move|p1a: Grimmsnarl|Light Screen|p1a: Grimmsnarl\n|-sidestart|p1: BobDylansWoChien|move: Light Screen\n|move|p1b: Revavroom|Iron Head|p2b: Garganacl\n|-activate|p2b: Garganacl|move: Protect\n|\n|-heal|p2a: Amoonguss|100\/100|[from] item: Black Sludge\n|-damage|p1b: Revavroom|0 fnt|[from] Salt Cure\n|faint|p1b: Revavroom\n|-damage|p1a: Grimmsnarl|65\/100|[from] Salt Cure\n|upkeep\n|turn|15\n|-message|BobDylansWoChien forfeited.\n|\n|win|haha u rage quit\n|raw|BobDylansWoChien's rating: 1142 → 1115<\/strong> (-27 for losing)\n|raw|haha u rage quit's rating: 1115 → 1142<\/strong> (+27 for winning)\n|c|\u2606BobDylansWoChien|Gg\n|l|\u2606BobDylansWoChien\n|c|\u2606haha u rage quit|savereplay\n","uploadtime":1681926605,"views":12,"p1id":"bobdylanswochien","p2id":"hahauragequit","formatid":"gen9vgc2023regulationc","rating":1115,"private":0,"password":""}