{"id":"gen9vgc2023regulationc-1852911144","p1":"Donut0727","p2":"Edro360","format":"[Gen 9] VGC 2023 Regulation C","log":"|j|\u2606Donut0727\n|j|\u2606Edro360\n|t:|1682616630\n|gametype|doubles\n|player|p1|Donut0727|ninjaboy|1000\n|player|p2|Edro360|170|1035\n|teamsize|p1|4\n|teamsize|p2|6\n|gen|9\n|tier|[Gen 9] VGC 2023 Regulation C\n|rated|\n|rule|Species Clause: Limit one of each Pok\u00e9mon\n|rule|Item Clause: Limit one of each item\n|clearpoke\n|poke|p1|Wo-Chien, L50|\n|poke|p1|Ting-Lu, L50|\n|poke|p1|Squawkabilly, L50, M|\n|poke|p1|Glimmora, L50, M|\n|poke|p2|Chi-Yu, L50|\n|poke|p2|Ceruledge, L50, M|\n|poke|p2|Dachsbun, L50, M|\n|poke|p2|Iron Hands, L50|\n|poke|p2|Maushold-Four, L50|\n|poke|p2|Baxcalibur, L50, F|\n|teampreview|4\n|\n|t:|1682616662\n|start\n|switch|p1a: Wo-Chien|Wo-Chien, L50|100\/100\n|switch|p1b: Squawkabilly|Squawkabilly, L50, M|100\/100\n|switch|p2a: Chi-Yu|Chi-Yu, L50|100\/100\n|switch|p2b: Dachsbun|Dachsbun, L50, M|100\/100\n|-ability|p1b: Squawkabilly|Intimidate|boost\n|-unboost|p2a: Chi-Yu|atk|1\n|-unboost|p2b: Dachsbun|atk|1\n|-ability|p2a: Chi-Yu|Beads of Ruin\n|-ability|p1a: Wo-Chien|Tablets of Ruin\n|turn|1\n|inactive|Battle timer is ON: inactive players will automatically lose when time's up. (requested by Edro360)\n|\n|t:|1682616687\n|move|p2b: Dachsbun|Body Press|p1a: Wo-Chien\n|-supereffective|p1a: Wo-Chien\n|-damage|p1a: Wo-Chien|69\/100\n|move|p1b: Squawkabilly|Parting Shot|p2a: Chi-Yu\n|-unboost|p2a: Chi-Yu|atk|1\n|-unboost|p2a: Chi-Yu|spa|1\n|\n|t:|1682616695\n|switch|p1b: Ting-Lu|Ting-Lu, L50|100\/100|[from] Parting Shot\n|-ability|p1b: Ting-Lu|Vessel of Ruin\n|move|p2a: Chi-Yu|Lava Plume|p1b: Ting-Lu|[spread] p1a,p1b\n|-ability|p2b: Dachsbun|Well-Baked Body|boost\n|-boost|p2b: Dachsbun|def|2\n|-supereffective|p1a: Wo-Chien\n|-damage|p1a: Wo-Chien|50\/100\n|-damage|p1b: Ting-Lu|86\/100\n|move|p1a: Wo-Chien|Leech Seed|p2b: Dachsbun\n|-start|p2b: Dachsbun|move: Leech Seed\n|\n|-damage|p2b: Dachsbun|88\/100|[from] Leech Seed|[of] p1a: Wo-Chien\n|-heal|p1a: Wo-Chien|61\/100|[silent]\n|upkeep\n|turn|2\n|inactive|Donut0727 has 30 seconds left.\n|inactive|Edro360 has 30 seconds left.\n|\n|t:|1682616727\n|move|p2b: Dachsbun|Body Press|p1b: Ting-Lu\n|-supereffective|p1b: Ting-Lu\n|-damage|p1b: Ting-Lu|57\/100\n|move|p2a: Chi-Yu|Lava Plume|p1b: Ting-Lu|[spread] p1a,p1b\n|-ability|p2b: Dachsbun|Well-Baked Body|boost\n|-boost|p2b: Dachsbun|def|2\n|-supereffective|p1a: Wo-Chien\n|-crit|p1b: Ting-Lu\n|-damage|p1a: Wo-Chien|41\/100\n|-damage|p1b: Ting-Lu|22\/100\n|-status|p1b: Ting-Lu|brn\n|-enditem|p1b: Ting-Lu|Iapapa Berry|[eat]\n|-heal|p1b: Ting-Lu|55\/100 brn|[from] item: Iapapa Berry\n|move|p1a: Wo-Chien|Leech Seed|p2a: Chi-Yu\n|-start|p2a: Chi-Yu|move: Leech Seed\n|move|p1b: Ting-Lu|Spikes|p2a: Chi-Yu\n|-sidestart|p2: Edro360|Spikes\n|\n|-damage|p2b: Dachsbun|76\/100|[from] Leech Seed|[of] p1a: Wo-Chien\n|-heal|p1a: Wo-Chien|51\/100|[silent]\n|-damage|p2a: Chi-Yu|88\/100|[from] Leech Seed|[of] p1a: Wo-Chien\n|-heal|p1a: Wo-Chien|62\/100|[silent]\n|-damage|p1b: Ting-Lu|49\/100 brn|[from] brn\n|upkeep\n|turn|3\n|inactive|Donut0727 has 30 seconds left.\n|inactive|Edro360 has 30 seconds left.\n|\n|t:|1682616756\n|switch|p1b: Glimmora|Glimmora, L50, M|100\/100\n|move|p2b: Dachsbun|Body Press|p1b: Glimmora\n|-damage|p1b: Glimmora|51\/100\n|-activate|p1b: Glimmora|ability: Toxic Debris\n|-sidestart|p2: Edro360|move: Toxic Spikes\n|move|p2a: Chi-Yu|Lava Plume|p1b: Glimmora|[spread] p1a,p1b\n|-ability|p2b: Dachsbun|Well-Baked Body|boost\n|-boost|p2b: Dachsbun|def|2\n|-supereffective|p1a: Wo-Chien\n|-resisted|p1b: Glimmora\n|-damage|p1a: Wo-Chien|37\/100\n|-damage|p1b: Glimmora|37\/100\n|move|p1a: Wo-Chien|Ruination|p2a: Chi-Yu\n|-damage|p2a: Chi-Yu|44\/100\n|\n|-heal|p1b: Glimmora|43\/100|[from] item: Leftovers\n|-damage|p2b: Dachsbun|64\/100|[from] Leech Seed|[of] p1a: Wo-Chien\n|-heal|p1a: Wo-Chien|47\/100|[silent]\n|-damage|p2a: Chi-Yu|32\/100|[from] Leech Seed|[of] p1a: Wo-Chien\n|-heal|p1a: Wo-Chien|58\/100|[silent]\n|upkeep\n|turn|4\n|inactive|Donut0727 has 30 seconds left.\n|inactive|Edro360 has 30 seconds left.\n|inactive|Edro360 has 20 seconds left.\n|inactive|Edro360 has 15 seconds left.\n|inactive|Edro360 has 10 seconds left.\n|\n|t:|1682616804\n|move|p2b: Dachsbun|Draining Kiss|p1a: Wo-Chien\n|-supereffective|p1a: Wo-Chien\n|-damage|p1a: Wo-Chien|42\/100\n|-heal|p2b: Dachsbun|78\/100|[from] drain|[of] p1a: Wo-Chien\n|move|p1b: Glimmora|Mortal Spin|p2b: Dachsbun|[spread] p2a,p2b\n|-supereffective|p2b: Dachsbun\n|-damage|p2a: Chi-Yu|26\/100\n|-damage|p2b: Dachsbun|77\/100\n|-status|p2a: Chi-Yu|psn\n|-status|p2b: Dachsbun|psn\n|move|p2a: Chi-Yu|Dark Pulse|p1b: Glimmora\n|-crit|p1b: Glimmora\n|-damage|p1b: Glimmora|0 fnt\n|faint|p1b: Glimmora\n|move|p1a: Wo-Chien|Pollen Puff|p1: Glimmora|[notarget]\n|-fail|p1a: Wo-Chien\n|\n|-damage|p2b: Dachsbun|65\/100 psn|[from] Leech Seed|[of] p1a: Wo-Chien\n|-heal|p1a: Wo-Chien|52\/100|[silent]\n|-damage|p2a: Chi-Yu|13\/100 psn|[from] Leech Seed|[of] p1a: Wo-Chien\n|-heal|p1a: Wo-Chien|63\/100|[silent]\n|-damage|p2b: Dachsbun|52\/100 psn|[from] psn\n|-damage|p2a: Chi-Yu|1\/100 psn|[from] psn\n|upkeep\n|\n|t:|1682616828\n|switch|p1b: Squawkabilly|Squawkabilly, L50, M|100\/100\n|-ability|p1b: Squawkabilly|Intimidate|boost\n|-unboost|p2a: Chi-Yu|atk|1\n|-unboost|p2b: Dachsbun|atk|1\n|turn|5\n|\n|t:|1682616844\n|move|p2b: Dachsbun|Body Press|p1a: Wo-Chien\n|-supereffective|p1a: Wo-Chien\n|-damage|p1a: Wo-Chien|0 fnt\n|faint|p1a: Wo-Chien\n|move|p1b: Squawkabilly|Tailwind|p1b: Squawkabilly\n|-sidestart|p1: Donut0727|move: Tailwind\n|move|p2a: Chi-Yu|Lava Plume|p1b: Squawkabilly|[spread] p1b\n|-immune|p2b: Dachsbun|[from] ability: Well-Baked Body\n|-damage|p1b: Squawkabilly|70\/100\n|-status|p1b: Squawkabilly|brn\n|\n|-damage|p2b: Dachsbun|40\/100 psn|[from] psn\n|-damage|p2a: Chi-Yu|0 fnt|[from] psn\n|faint|p2a: Chi-Yu\n|-damage|p1b: Squawkabilly|64\/100 brn|[from] brn\n|upkeep\n|\n|t:|1682616861\n|switch|p2a: Iron Hands|Iron Hands, L50|100\/100\n|switch|p1a: Ting-Lu|Ting-Lu, L50|49\/100 brn\n|-ability|p1a: Ting-Lu|Vessel of Ruin\n|-damage|p2a: Iron Hands|88\/100|[from] Spikes\n|-status|p2a: Iron Hands|psn\n|turn|6\n|inactive|Donut0727 has 30 seconds left.\n|inactive|Edro360 has 30 seconds left.\n|\n|t:|1682616890\n|move|p2a: Iron Hands|Fake Out|p1b: Squawkabilly\n|-damage|p1b: Squawkabilly|30\/100 brn\n|cant|p1b: Squawkabilly|flinch\n|move|p2b: Dachsbun|Body Press|p1a: Ting-Lu\n|-supereffective|p1a: Ting-Lu\n|-damage|p1a: Ting-Lu|0 fnt\n|faint|p1a: Ting-Lu\n|\n|-damage|p2b: Dachsbun|28\/100 psn|[from] psn\n|-damage|p2a: Iron Hands|76\/100 psn|[from] psn\n|-damage|p1b: Squawkabilly|25\/100 brn|[from] brn\n|upkeep\n|turn|7\n|\n|t:|1682616911\n|move|p1b: Squawkabilly|Roost|p1b: Squawkabilly\n|-heal|p1b: Squawkabilly|75\/100 brn\n|-singleturn|p1b: Squawkabilly|move: Roost\n|move|p2b: Dachsbun|Draining Kiss|p1b: Squawkabilly\n|-damage|p1b: Squawkabilly|63\/100 brn\n|-heal|p2b: Dachsbun|36\/100 psn|[from] drain|[of] p1b: Squawkabilly\n|move|p2a: Iron Hands|Wild Charge|p1b: Squawkabilly\n|-damage|p1b: Squawkabilly|0 fnt\n|faint|p1b: Squawkabilly\n|-damage|p2a: Iron Hands|66\/100 psn|[from] Recoil\n|\n|win|Edro360\n|raw|Donut0727's rating: 1000 → 1000<\/strong> (+0 for losing)\n|raw|Edro360's rating: 1035 → 1066<\/strong> (+31 for winning)\n|l|\u2606Donut0727\n","uploadtime":1682616926,"views":4,"p1id":"donut0727","p2id":"edro360","formatid":"gen9vgc2023regulationc","rating":1000,"private":0,"password":""}