{"id":"gen9vgc2023regulationc-1848711356","p1":"aiden0226","p2":"Enroclets","format":"[Gen 9] VGC 2023 Regulation C","log":"|j|\u2606aiden0226\n|j|\u2606Enroclets\n|t:|1682102972\n|gametype|doubles\n|player|p1|aiden0226|1|1041\n|player|p2|Enroclets|265|1000\n|teamsize|p1|6\n|teamsize|p2|6\n|gen|9\n|tier|[Gen 9] VGC 2023 Regulation C\n|rated|\n|rule|Species Clause: Limit one of each Pok\u00e9mon\n|rule|Item Clause: Limit one of each item\n|clearpoke\n|poke|p1|Gholdengo, L50|\n|poke|p1|Murkrow, L50, M|\n|poke|p1|Indeedee, L50, M|\n|poke|p1|Armarouge, L50, M|\n|poke|p1|Ting-Lu, L50|\n|poke|p1|Maushold, L50|\n|poke|p2|Toxtricity, L50, F|\n|poke|p2|Palafin, L50, F|\n|poke|p2|Maushold, L50|\n|poke|p2|Great Tusk, L50|\n|poke|p2|Toedscruel, L50, M|\n|poke|p2|Flutter Mane, L50|\n|teampreview|4\n|inactive|Battle timer is ON: inactive players will automatically lose when time's up. (requested by Enroclets)\n|inactive|aiden0226 has 60 seconds left.\n|inactive|aiden0226 has 30 seconds left.\n|\n|t:|1682103038\n|start\n|switch|p1a: Gholdengo|Gholdengo, L50|100\/100\n|switch|p1b: Murkrow|Murkrow, L50, M|100\/100\n|switch|p2a: CapiPutazo|Palafin, L50, F|100\/100\n|switch|p2b: Lo\u2019Bunquer|Toxtricity, L50, F|100\/100\n|turn|1\n|inactive|Enroclets has 30 seconds left.\n|inactive|Enroclets has 20 seconds left.\n|\n|t:|1682103074\n|move|p1b: Murkrow|Tailwind|p1b: Murkrow\n|-sidestart|p1: aiden0226|move: Tailwind\n|move|p1a: Gholdengo|Shadow Ball|p2b: Lo\u2019Bunquer\n|-damage|p2b: Lo\u2019Bunquer|14\/100\n|-damage|p1a: Gholdengo|91\/100|[from] item: Life Orb\n|move|p2a: CapiPutazo|Flip Turn|p1b: Murkrow\n|-damage|p1b: Murkrow|44\/100\n|-damage|p2a: CapiPutazo|91\/100|[from] item: Life Orb\n|\n|t:|1682103084\n|detailschange|p2a: CapiPutazo|Palafin-Hero, L50, F\n|switch|p2a: Callampa|Toedscruel, L50, M|100\/100|[from] Flip Turn\n|move|p2b: Lo\u2019Bunquer|Shift Gear|p2b: Lo\u2019Bunquer\n|-boost|p2b: Lo\u2019Bunquer|spe|2\n|-boost|p2b: Lo\u2019Bunquer|atk|1\n|\n|upkeep\n|turn|2\n|\n|t:|1682103100\n|move|p2a: Callampa|Rage Powder|p2a: Callampa\n|-singleturn|p2a: Callampa|move: Rage Powder\n|move|p1a: Gholdengo|Make It Rain|p2b: Lo\u2019Bunquer|[spread] p2a,p2b\n|-resisted|p2b: Lo\u2019Bunquer\n|-damage|p2a: Callampa|65\/100\n|-damage|p2b: Lo\u2019Bunquer|0 fnt\n|-unboost|p1a: Gholdengo|spa|1\n|faint|p2b: Lo\u2019Bunquer\n|-damage|p1a: Gholdengo|81\/100|[from] item: Life Orb\n|move|p1b: Murkrow|Icy Wind|p2a: Callampa\n|-supereffective|p2a: Callampa\n|-damage|p2a: Callampa|37\/100\n|-unboost|p2a: Callampa|spe|1\n|\n|-heal|p2a: Callampa|43\/100|[from] item: Leftovers\n|upkeep\n|\n|t:|1682103121\n|switch|p2b: Great Tusk|Great Tusk, L50|100\/100\n|-enditem|p2b: Great Tusk|Booster Energy\n|-activate|p2b: Great Tusk|ability: Protosynthesis|[fromitem]\n|-start|p2b: Great Tusk|protosynthesisatk\n|turn|3\n|c|\u2606aiden0226|!wEak great tusk\n|c| aiden0226|\/raw Great Tusk (ignoring abilities): Weaknesses<\/span>: Fairy, Flying, Grass, Ice, Psychic, Water Resistances<\/span>: Bug, Dark, Poison, Rock<\/b> Immunities<\/span>: Electric, Sandstorm damage<\/div>\n|\n|t:|1682103136\n|move|p1b: Murkrow|Haze|p1b: Murkrow\n|-clearallboost\n|move|p1a: Gholdengo|Make It Rain|p2a: Callampa|[spread] p2a,p2b\n|-damage|p2a: Callampa|6\/100\n|-damage|p2b: Great Tusk|0 fnt\n|-unboost|p1a: Gholdengo|spa|1\n|faint|p2b: Great Tusk\n|-end|p2b: Great Tusk|Protosynthesis|[silent]\n|-damage|p1a: Gholdengo|71\/100|[from] item: Life Orb\n|move|p2a: Callampa|Leech Seed|p1b: Murkrow\n|-start|p1b: Murkrow|move: Leech Seed\n|\n|-heal|p2a: Callampa|12\/100|[from] item: Leftovers\n|-damage|p1b: Murkrow|32\/100|[from] Leech Seed|[of] p2a: Callampa\n|-heal|p2a: Callampa|22\/100|[silent]\n|upkeep\n|\n|t:|1682103153\n|switch|p2b: CapiPutazo|Palafin-Hero, L50, F|91\/100\n|-activate|p2b: CapiPutazo|ability: Zero to Hero\n|turn|4\n|\n|t:|1682103160\n|move|p1b: Murkrow|Haze|p1b: Murkrow\n|-clearallboost\n|move|p2b: CapiPutazo|Jet Punch|p1b: Murkrow\n|-damage|p1b: Murkrow|0 fnt\n|faint|p1b: Murkrow\n|-damage|p2b: CapiPutazo|81\/100|[from] item: Life Orb\n|move|p1a: Gholdengo|Make It Rain|p2a: Callampa|[spread] p2a,p2b\n|-resisted|p2b: CapiPutazo\n|-damage|p2a: Callampa|0 fnt\n|-damage|p2b: CapiPutazo|44\/100\n|-unboost|p1a: Gholdengo|spa|1\n|faint|p2a: Callampa\n|-damage|p1a: Gholdengo|61\/100|[from] item: Life Orb\n|\n|-sideend|p1: aiden0226|move: Tailwind\n|upkeep\n|\n|t:|1682103170\n|switch|p1b: Maushold|Maushold, L50|100\/100\n|turn|5\n|\n|t:|1682103182\n|-terastallize|p2b: CapiPutazo|Water\n|move|p2b: CapiPutazo|Jet Punch|p1a: Gholdengo\n|-damage|p1a: Gholdengo|0 fnt\n|faint|p1a: Gholdengo\n|-damage|p2b: CapiPutazo|34\/100|[from] item: Life Orb\n|move|p1b: Maushold|Population Bomb|p2b: CapiPutazo\n|-damage|p2b: CapiPutazo|22\/100\n|-damage|p2b: CapiPutazo|9\/100\n|-damage|p2b: CapiPutazo|0 fnt\n|faint|p2b: CapiPutazo\n|-hitcount|p2: CapiPutazo|3\n|\n|win|aiden0226\n|raw|aiden0226's rating: 1041 → 1071<\/strong> (+30 for winning)\n|raw|Enroclets's rating: 1000 → 1000<\/strong> (+0 for losing)\n|l|\u2606Enroclets\n|c|\u2606aiden0226|gg\n","uploadtime":1682103197,"views":10,"p1id":"aiden0226","p2id":"enroclets","formatid":"gen9vgc2023regulationc","rating":1000,"private":0,"password":""}