{"id":"gen9vgc2023regulationc-1851922449","p1":"Seal00","p2":"becrazeh","format":"[Gen 9] VGC 2023 Regulation C","log":"|j|\u2606Seal00\n|j|\u2606becrazeh\n|t:|1682506323\n|gametype|doubles\n|player|p1|Seal00|170|1222\n|player|p2|becrazeh|clown|1184\n|teamsize|p1|6\n|teamsize|p2|6\n|gen|9\n|tier|[Gen 9] VGC 2023 Regulation C\n|rated|\n|rule|Species Clause: Limit one of each Pok\u00e9mon\n|rule|Item Clause: Limit one of each item\n|clearpoke\n|poke|p1|Talonflame, L50, F|\n|poke|p1|Slither Wing, L50|\n|poke|p1|Gyarados, L50, F|\n|poke|p1|Flutter Mane, L50|\n|poke|p1|Ting-Lu, L50|\n|poke|p1|Chi-Yu, L50|\n|poke|p2|Scream Tail, L50|\n|poke|p2|Dragapult, L50, M|\n|poke|p2|Gyarados, L50, F|\n|poke|p2|Amoonguss, L50, M|\n|poke|p2|Sandy Shocks, L50|\n|poke|p2|Chi-Yu, L50|\n|teampreview|4\nbecrazeh rejected open team sheets.\n|\n|t:|1682506370\n|start\n|switch|p1a: The biggest Bird|Talonflame, L50, F|100\/100\n|switch|p1b: Mi madre|Flutter Mane, L50|100\/100\n|switch|p2a: Scream Tail|Scream Tail, L50|100\/100\n|switch|p2b: Dragapult|Dragapult, L50, M|100\/100\n|-enditem|p2a: Scream Tail|Booster Energy\n|-activate|p2a: Scream Tail|ability: Protosynthesis|[fromitem]\n|-start|p2a: Scream Tail|protosynthesisspe\n|turn|1\n|\n|t:|1682506408\n|-terastallize|p2b: Dragapult|Dragon\n|move|p2b: Dragapult|Dragon Darts|p1a: The biggest Bird\n|-damage|p1a: The biggest Bird|40\/100\n|-anim|p2b: Dragapult|Dragon Darts|p1a: The biggest Bird\n|-damage|p1a: The biggest Bird|0 fnt\n|faint|p1a: The biggest Bird\n|move|p1b: Mi madre|Moonblast|p2b: Dragapult\n|-supereffective|p2b: Dragapult\n|-damage|p2b: Dragapult|0 fnt\n|faint|p2b: Dragapult\n|move|p2a: Scream Tail|Trick Room|p2a: Scream Tail\n|-fieldstart|move: Trick Room|[of] p2a: Scream Tail\n|\n|upkeep\n|\n|t:|1682506421\n|switch|p1a: Mi zio|Ting-Lu, L50|100\/100\n|switch|p2b: Amoonguss|Amoonguss, L50, M|100\/100\n|-ability|p1a: Mi zio|Vessel of Ruin\n|turn|2\n|\n|t:|1682506439\n|-terastallize|p1a: Mi zio|Grass\n|move|p2b: Amoonguss|Spore|p1b: Mi madre\n|-status|p1b: Mi madre|slp|[from] move: Spore\n|move|p1a: Mi zio|Stomping Tantrum|p2b: Amoonguss\n|-damage|p2b: Amoonguss|55\/100\n|-damage|p1a: Mi zio|84\/100|[from] item: Rocky Helmet|[of] p2b: Amoonguss\n|cant|p1b: Mi madre|slp\n|move|p2a: Scream Tail|Encore|p1a: Mi zio\n|-start|p1a: Mi zio|Encore\n|\n|upkeep\n|turn|3\n|inactive|Battle timer is ON: inactive players will automatically lose when time's up. (requested by Seal00)\n|\n|t:|1682506458\n|move|p2b: Amoonguss|Pollen Puff|p1a: Mi zio\n|-supereffective|p1a: Mi zio\n|-damage|p1a: Mi zio|67\/100\n|move|p1a: Mi zio|Stomping Tantrum|p2b: Amoonguss\n|-damage|p2b: Amoonguss|10\/100\n|-damage|p1a: Mi zio|50\/100|[from] item: Rocky Helmet|[of] p2b: Amoonguss\n|cant|p1b: Mi madre|slp\n|move|p2a: Scream Tail|Disable|p1a: Mi zio\n|-start|p1a: Mi zio|Disable|Stomping Tantrum\n|\n|upkeep\n|turn|4\n|\n|t:|1682506479\n|switch|p2b: Gyarados|Gyarados, L50, F|100\/100\n|-ability|p2b: Gyarados|Intimidate|boost\n|-unboost|p1a: Mi zio|atk|1\n|-unboost|p1b: Mi madre|atk|1\n|switch|p1a: Chi-Yu|Chi-Yu, L50|100\/100\n|-ability|p1a: Chi-Yu|Beads of Ruin\n|cant|p1b: Mi madre|slp\n|move|p2a: Scream Tail|Howl|p2a: Scream Tail|[spread] p2a,p2b\n|-boost|p2a: Scream Tail|atk|1\n|-boost|p2b: Gyarados|atk|1\n|\n|upkeep\n|turn|5\n|\n|t:|1682506503\n|move|p1a: Chi-Yu|Protect|p1a: Chi-Yu\n|-singleturn|p1a: Chi-Yu|Protect\n|move|p2b: Gyarados|Waterfall|p1b: Mi madre\n|-damage|p1b: Mi madre|0 fnt\n|faint|p1b: Mi madre\n|-end|p1b: Mi madre|Protosynthesis|[silent]\n|move|p2a: Scream Tail|Howl|p2a: Scream Tail|[spread] p2a,p2b\n|-boost|p2a: Scream Tail|atk|1\n|-boost|p2b: Gyarados|atk|1\n|\n|-fieldend|move: Trick Room\n|upkeep\n|\n|t:|1682506506\n|switch|p1b: Mi zio|Ting-Lu, L50, tera:Grass|50\/100\n|-ability|p1b: Mi zio|Vessel of Ruin\n|turn|6\n|\n|t:|1682506526\n|move|p2a: Scream Tail|Encore|p1a: Chi-Yu\n|-start|p1a: Chi-Yu|Encore\n|move|p1a: Chi-Yu|Protect|p1a: Chi-Yu\n|-singleturn|p1a: Chi-Yu|Protect\n|move|p2b: Gyarados|Waterfall|p1b: Mi zio\n|-resisted|p1b: Mi zio\n|-damage|p1b: Mi zio|26\/100\n|move|p1b: Mi zio|Rock Slide|p2b: Gyarados|[spread] p2b\n|-miss|p1b: Mi zio|p2a: Scream Tail\n|-supereffective|p2b: Gyarados\n|-damage|p2b: Gyarados|47\/100\n|-enditem|p2b: Gyarados|Sitrus Berry|[eat]\n|-heal|p2b: Gyarados|72\/100|[from] item: Sitrus Berry\n|\n|upkeep\n|turn|7\n|-message|Seal00 forfeited.\n|\n|win|becrazeh\n|raw|Seal00's rating: 1222 → 1194<\/strong> (-28 for losing)\n|raw|becrazeh's rating: 1184 → 1212<\/strong> (+28 for winning)\n|l|\u2606Seal00\n","uploadtime":1682506538,"views":13,"p1id":"seal00","p2id":"becrazeh","formatid":"gen9vgc2023regulationc","rating":1194,"private":0,"password":""}