{"id":"gen9vgc2023regulationc-1846410907","p1":"nik993","p2":"shown8520","format":"[Gen 9] VGC 2023 Regulation C","log":"|j|\u2606nik993\n|j|\u2606shown8520\n|t:|1681838694\n|gametype|doubles\n|player|p1|nik993|169|1378\n|player|p2|shown8520|2|1365\n|teamsize|p1|6\n|teamsize|p2|6\n|gen|9\n|tier|[Gen 9] VGC 2023 Regulation C\n|rated|\n|rule|Species Clause: Limit one of each Pok\u00e9mon\n|rule|Item Clause: Limit one of each item\n|clearpoke\n|poke|p1|Palafin, L50, M|\n|poke|p1|Iron Hands, L50|\n|poke|p1|Amoonguss, L50, M|\n|poke|p1|Arcanine, L50, M|\n|poke|p1|Chien-Pao, L50|\n|poke|p1|Dragonite, L50, M|\n|poke|p2|Dragonite, L50, F|\n|poke|p2|Gyarados, L50, F|\n|poke|p2|Amoonguss, L50, F|\n|poke|p2|Chien-Pao, L50|\n|poke|p2|Ting-Lu, L50|\n|poke|p2|Flutter Mane, L50|\n|teampreview|4\nnik993 has agreed to open team sheets.\n|\n|t:|1681838739\n|start\n|switch|p1a: Iron Hands|Iron Hands, L50|100\/100\n|switch|p1b: Dragonite|Dragonite, L50, M|100\/100\n|switch|p2a: Ting-Lu|Ting-Lu, L50|100\/100\n|switch|p2b: Gyarados|Gyarados, L50, F|100\/100\n|-ability|p2b: Gyarados|Intimidate|boost\n|-unboost|p1a: Iron Hands|atk|1\n|-fail|p1b: Dragonite|unboost|Attack|[from] ability: Inner Focus|[of] p1b: Dragonite\n|-ability|p2a: Ting-Lu|Vessel of Ruin\n|turn|1\n|\n|t:|1681838758\n|move|p2b: Gyarados|Protect|p2b: Gyarados\n|-singleturn|p2b: Gyarados|Protect\n|move|p1a: Iron Hands|Fake Out|p2b: Gyarados\n|-activate|p2b: Gyarados|move: Protect\n|move|p1b: Dragonite|Dragon Dance|p1b: Dragonite\n|-boost|p1b: Dragonite|atk|1\n|-boost|p1b: Dragonite|spe|1\n|move|p2a: Ting-Lu|Earthquake|p1a: Iron Hands|[spread] p1a\n|-activate|p2b: Gyarados|move: Protect\n|-immune|p1b: Dragonite\n|-supereffective|p1a: Iron Hands\n|-damage|p1a: Iron Hands|61\/100\n|\n|upkeep\n|turn|2\n|\n|t:|1681838802\n|switch|p2b: Flutter Mane|Flutter Mane, L50|100\/100\n|move|p1b: Dragonite|Dragon Dance|p1b: Dragonite\n|-boost|p1b: Dragonite|atk|1\n|-boost|p1b: Dragonite|spe|1\n|move|p1a: Iron Hands|Wild Charge|p2b: Flutter Mane\n|-damage|p2b: Flutter Mane|40\/100\n|-damage|p1a: Iron Hands|52\/100|[from] Recoil\n|move|p2a: Ting-Lu|Throat Chop|p1b: Dragonite\n|-crit|p1b: Dragonite\n|-damage|p1b: Dragonite|55\/100\n|-start|p1b: Dragonite|Throat Chop|[silent]\n|\n|upkeep\n|turn|3\n|\n|t:|1681838825\n|-end|p1a: Iron Hands|Quark Drive|[silent]\n|switch|p1a: Arcanine|Arcanine, L50, M|100\/100\n|-ability|p1a: Arcanine|Intimidate|boost\n|-unboost|p2a: Ting-Lu|atk|1\n|-unboost|p2b: Flutter Mane|atk|1\n|move|p1b: Dragonite|Stomping Tantrum|p2b: Flutter Mane\n|-damage|p2b: Flutter Mane|0 fnt\n|faint|p2b: Flutter Mane\n|-end|p2b: Flutter Mane|Protosynthesis|[silent]\n|move|p2a: Ting-Lu|Throat Chop|p1b: Dragonite\n|-damage|p1b: Dragonite|34\/100\n|\n|-end|p1b: Dragonite|Throat Chop|[silent]\n|upkeep\n|\n|t:|1681838837\n|switch|p2b: Gyarados|Gyarados, L50, F|100\/100\n|-ability|p2b: Gyarados|Intimidate|boost\n|-unboost|p1a: Arcanine|atk|1\n|-fail|p1b: Dragonite|unboost|Attack|[from] ability: Inner Focus|[of] p1b: Dragonite\n|turn|4\n|\n|t:|1681838856\n|-terastallize|p1b: Dragonite|Flying\n|move|p1b: Dragonite|Tera Blast|p2b: Gyarados\n|-damage|p2b: Gyarados|0 fnt\n|faint|p2b: Gyarados\n|move|p1a: Arcanine|Will-O-Wisp|p2a: Ting-Lu\n|-status|p2a: Ting-Lu|brn\n|move|p2a: Ting-Lu|Earthquake|p1a: Arcanine|[spread] p1a\n|-immune|p1b: Dragonite\n|-supereffective|p1a: Arcanine\n|-damage|p1a: Arcanine|80\/100\n|\n|-damage|p2a: Ting-Lu|94\/100 brn|[from] brn\n|upkeep\n|\n|t:|1681838870\n|switch|p2b: Dragonite|Dragonite, L50, F|100\/100\n|turn|5\n|\n|t:|1681838895\n|-terastallize|p2b: Dragonite|Normal\n|move|p2b: Dragonite|Extreme Speed|p1b: Dragonite\n|-damage|p1b: Dragonite|0 fnt\n|faint|p1b: Dragonite\n|move|p1a: Arcanine|Will-O-Wisp|p2b: Dragonite\n|-status|p2b: Dragonite|brn\n|move|p2a: Ting-Lu|Throat Chop|p1a: Arcanine\n|-damage|p1a: Arcanine|70\/100\n|-start|p1a: Arcanine|Throat Chop|[silent]\n|\n|-damage|p2b: Dragonite|95\/100 brn|[from] brn\n|-damage|p2a: Ting-Lu|88\/100 brn|[from] brn\n|upkeep\n|\n|t:|1681838919\n|switch|p1b: Iron Hands|Iron Hands, L50|52\/100\n|turn|6\n|-message|shown8520 forfeited.\n|\n|win|nik993\n|raw|nik993's rating: 1378 → 1397<\/strong> (+19 for winning)\n|raw|shown8520's rating: 1365 → 1346<\/strong> (-19 for losing)\n|l|\u2606shown8520\n","uploadtime":1681838929,"views":12,"p1id":"nik993","p2id":"shown8520","formatid":"gen9vgc2023regulationc","rating":1346,"private":0,"password":""}