{"id":"gen9vgc2023regulationc-1862626678","p1":"FLYMOUSEQAQ","p2":"Testingcositas","format":"[Gen 9] VGC 2023 Regulation C","log":"|j|\u2606FLYMOUSEQAQ\n|j|\u2606Testingcositas\n|t:|1683906818\n|gametype|doubles\n|player|p1|FLYMOUSEQAQ|pokemonrangerf-gen4|1423\n|player|p2|Testingcositas|lance|1476\n|teamsize|p1|6\n|teamsize|p2|6\n|gen|9\n|tier|[Gen 9] VGC 2023 Regulation C\n|rated|\n|rule|Species Clause: Limit one of each Pok\u00e9mon\n|rule|Item Clause: Limit one of each item\n|clearpoke\n|poke|p1|Iron Bundle, L50|\n|poke|p1|Flutter Mane, L50|\n|poke|p1|Chi-Yu, L50|\n|poke|p1|Glimmora, L50, F|\n|poke|p1|Tatsugiri, L50, F|\n|poke|p1|Dondozo, L50, F|\n|poke|p2|Ting-Lu, L50|\n|poke|p2|Iron Bundle, L50|\n|poke|p2|Chi-Yu, L50|\n|poke|p2|Dragonite, L50, F|\n|poke|p2|Kingambit, L50, M|\n|poke|p2|Flutter Mane, L50|\n|teampreview|4\n|inactive|Battle timer is ON: inactive players will automatically lose when time's up. (requested by FLYMOUSEQAQ)\n|\n|t:|1683906834\n|start\n|switch|p1a: Iron Bundle|Iron Bundle, L50|100\/100\n|switch|p1b: Chi-Yu|Chi-Yu, L50|100\/100\n|switch|p2a: Iron Bundle|Iron Bundle, L50|100\/100\n|switch|p2b: Chi-Yu|Chi-Yu, L50|100\/100\n|-ability|p1b: Chi-Yu|Beads of Ruin\n|-ability|p2b: Chi-Yu|Beads of Ruin\n|-enditem|p1a: Iron Bundle|Booster Energy\n|-activate|p1a: Iron Bundle|ability: Quark Drive|[fromitem]\n|-start|p1a: Iron Bundle|quarkdrivespe\n|-enditem|p2a: Iron Bundle|Booster Energy\n|-activate|p2a: Iron Bundle|ability: Quark Drive|[fromitem]\n|-start|p2a: Iron Bundle|quarkdrivespe\n|turn|1\n|inactive|Testingcositas has 30 seconds left.\n|\n|t:|1683906869\n|-terastallize|p1a: Iron Bundle|Ghost\n|-terastallize|p2b: Chi-Yu|Water\n|move|p1a: Iron Bundle|Icy Wind|p2a: Iron Bundle|[spread] p2a,p2b\n|-resisted|p2a: Iron Bundle\n|-resisted|p2b: Chi-Yu\n|-damage|p2a: Iron Bundle|89\/100\n|-damage|p2b: Chi-Yu|89\/100\n|-unboost|p2a: Iron Bundle|spe|1\n|-unboost|p2b: Chi-Yu|spe|1\n|move|p2a: Iron Bundle|Hydro Pump|p1b: Chi-Yu|[miss]\n|-miss|p2a: Iron Bundle|p1b: Chi-Yu\n|move|p1b: Chi-Yu|Heat Wave|p2a: Iron Bundle|[spread] p2a\n|-miss|p1b: Chi-Yu|p2b: Chi-Yu\n|-damage|p2a: Iron Bundle|0 fnt\n|faint|p2a: Iron Bundle\n|-end|p2a: Iron Bundle|Quark Drive|[silent]\n|-damage|p1b: Chi-Yu|91\/100|[from] item: Life Orb\n|move|p2b: Chi-Yu|Overheat|p1a: Iron Bundle\n|-damage|p1a: Iron Bundle|0 fnt\n|-unboost|p2b: Chi-Yu|spa|2\n|faint|p1a: Iron Bundle\n|-end|p1a: Iron Bundle|Quark Drive|[silent]\n|\n|upkeep\n|\n|t:|1683906892\n|switch|p2a: Dragonite|Dragonite, L50, F|100\/100\n|switch|p1a: Dondozo|Dondozo, L50, F|100\/100\n|turn|2\n|\n|t:|1683906901\n|switch|p1b: Tatsugiri|Tatsugiri, L50, F|100\/100\n|-activate|p1b: Tatsugiri|ability: Commander|[of] p1a: Dondozo\n|-boost|p1a: Dondozo|atk|2\n|-boost|p1a: Dondozo|spa|2\n|-boost|p1a: Dondozo|spe|2\n|-boost|p1a: Dondozo|def|2\n|-boost|p1a: Dondozo|spd|2\n|move|p2b: Chi-Yu|Protect|p2b: Chi-Yu\n|-singleturn|p2b: Chi-Yu|Protect\n|move|p1a: Dondozo|Order Up|p2b: Chi-Yu\n|-activate|p2b: Chi-Yu|move: Protect\n|move|p2a: Dragonite|Earthquake|p1b: Tatsugiri|[spread] p1a\n|-miss|p2a: Dragonite|p1b: Tatsugiri\n|-activate|p2b: Chi-Yu|move: Protect\n|-crit|p1a: Dondozo\n|-damage|p1a: Dondozo|50\/100\n|\n|-heal|p1a: Dondozo|56\/100|[from] item: Leftovers\n|upkeep\n|turn|3\n|\n|t:|1683906917\n|switch|p2a: Flutter Mane|Flutter Mane, L50|100\/100\n|move|p1a: Dondozo|Order Up|p2b: Chi-Yu\n|-damage|p2b: Chi-Yu|21\/100\n|-boost|p1a: Dondozo|atk|1\n|move|p2b: Chi-Yu|Dark Pulse|p1a: Dondozo\n|-damage|p1a: Dondozo|31\/100\n|\n|-heal|p1a: Dondozo|37\/100|[from] item: Leftovers\n|upkeep\n|turn|4\n|\n|t:|1683906933\n|switch|p2b: Dragonite|Dragonite, L50, F|100\/100\n|move|p1a: Dondozo|Protect|p1a: Dondozo\n|-singleturn|p1a: Dondozo|Protect\n|move|p2a: Flutter Mane|Moonblast|p1a: Dondozo\n|-activate|p1a: Dondozo|move: Protect\n|\n|-heal|p1a: Dondozo|43\/100|[from] item: Leftovers\n|upkeep\n|turn|5\n|inactive|Testingcositas has 30 seconds left.\n|\n|t:|1683906964\n|switch|p2b: Chi-Yu|Chi-Yu, L50, tera:Water|21\/100\n|-ability|p2b: Chi-Yu|Beads of Ruin\n|move|p2a: Flutter Mane|Moonblast|p1a: Dondozo\n|-damage|p1a: Dondozo|0 fnt\n|faint|p1a: Dondozo\n|\n|upkeep\n|\n|t:|1683906972\n|switch|p1a: Chi-Yu|Chi-Yu, L50|91\/100\n|-ability|p1a: Chi-Yu|Beads of Ruin\n|turn|6\n|\n|t:|1683906984\n|move|p2b: Chi-Yu|Protect|p2b: Chi-Yu\n|-singleturn|p2b: Chi-Yu|Protect\n|move|p1b: Tatsugiri|Icy Wind|p2a: Flutter Mane|[spread] p2a\n|-activate|p2b: Chi-Yu|move: Protect\n|-damage|p2a: Flutter Mane|82\/100\n|-unboost|p2a: Flutter Mane|spe|1\n|move|p1a: Chi-Yu|Heat Wave|p2b: Chi-Yu|[spread] p2a\n|-activate|p2b: Chi-Yu|move: Protect\n|-damage|p2a: Flutter Mane|15\/100\n|-damage|p1a: Chi-Yu|81\/100|[from] item: Life Orb\n|move|p2a: Flutter Mane|Moonblast|p1b: Tatsugiri\n|-supereffective|p1b: Tatsugiri\n|-damage|p1b: Tatsugiri|0 fnt\n|faint|p1b: Tatsugiri\n|\n|upkeep\n|turn|7\n|\n|t:|1683906993\n|move|p2b: Chi-Yu|Overheat|p1a: Chi-Yu\n|-resisted|p1a: Chi-Yu\n|-crit|p1a: Chi-Yu\n|-damage|p1a: Chi-Yu|20\/100\n|-unboost|p2b: Chi-Yu|spa|2\n|move|p1a: Chi-Yu|Heat Wave|p2a: Flutter Mane|[spread] p2a,p2b\n|-resisted|p2b: Chi-Yu\n|-crit|p2b: Chi-Yu\n|-damage|p2a: Flutter Mane|0 fnt\n|-damage|p2b: Chi-Yu|0 fnt\n|faint|p2a: Flutter Mane\n|-end|p2a: Flutter Mane|Protosynthesis|[silent]\n|faint|p2b: Chi-Yu\n|-damage|p1a: Chi-Yu|10\/100|[from] item: Life Orb\n|\n|upkeep\n|\n|t:|1683906999\n|switch|p2b: Dragonite|Dragonite, L50, F|100\/100\n|turn|8\n|\n|t:|1683907008\n|move|p1a: Chi-Yu|Heat Wave|p2b: Dragonite\n|-resisted|p2b: Dragonite\n|-damage|p2b: Dragonite|77\/100\n|-damage|p1a: Chi-Yu|0 fnt|[from] item: Life Orb\n|faint|p1a: Chi-Yu\n|\n|win|Testingcositas\n|raw|FLYMOUSEQAQ's rating: 1423 → 1406<\/strong> (-17 for losing)\n|raw|Testingcositas's rating: 1476 → 1493<\/strong> (+17 for winning)\n|l|\u2606FLYMOUSEQAQ\n","uploadtime":1683907025,"views":8,"p1id":"flymouseqaq","p2id":"testingcositas","formatid":"gen9vgc2023regulationc","rating":1406,"private":0,"password":""}