{"id":"gen9vgc2023regulationc-1846100212","p1":"VGC_ale","p2":"DDKK5943","format":"[Gen 9] VGC 2023 Regulation C","log":"|j|\u2606VGC_ale\n|j|\u2606DDKK5943\n|t:|1681806222\n|gametype|doubles\n|player|p1|VGC_ale|ninjaboy|1534\n|player|p2|DDKK5943|102|1585\n|teamsize|p1|6\n|teamsize|p2|6\n|gen|9\n|tier|[Gen 9] VGC 2023 Regulation C\n|rated|\n|rule|Species Clause: Limit one of each Pok\u00e9mon\n|rule|Item Clause: Limit one of each item\n|clearpoke\n|poke|p1|Great Tusk, L50|\n|poke|p1|Dragonite, L50, M|\n|poke|p1|Chien-Pao, L50|\n|poke|p1|Flutter Mane, L50|\n|poke|p1|Corviknight, L50, M|\n|poke|p1|Rotom-Wash, L50|\n|poke|p2|Dondozo, L50, M|\n|poke|p2|Tatsugiri, L50, M|\n|poke|p2|Iron Bundle, L50|\n|poke|p2|Chi-Yu, L50|\n|poke|p2|Dragonite, L50, F|\n|poke|p2|Glimmora, L50, F|\n|teampreview|4\n|\n|t:|1681806273\n|start\n|switch|p1a: Dragonite|Dragonite, L50, M|100\/100\n|switch|p1b: Chien-Pao|Chien-Pao, L50|100\/100\n|switch|p2a: Chi-Yu|Chi-Yu, L50|100\/100\n|switch|p2b: Iron Bundle|Iron Bundle, L50|100\/100\n|-ability|p1b: Chien-Pao|Sword of Ruin\n|-ability|p2a: Chi-Yu|Beads of Ruin\n|-enditem|p2b: Iron Bundle|Booster Energy\n|-activate|p2b: Iron Bundle|ability: Quark Drive|[fromitem]\n|-start|p2b: Iron Bundle|quarkdrivespe\n|turn|1\n|j| wkx5678\n|\n|t:|1681806296\n|-terastallize|p2a: Chi-Yu|Ghost\n|-terastallize|p1a: Dragonite|Normal\n|move|p1a: Dragonite|Extreme Speed|p2a: Chi-Yu\n|-immune|p2a: Chi-Yu\n|move|p1b: Chien-Pao|Sucker Punch|p2a: Chi-Yu\n|-supereffective|p2a: Chi-Yu\n|-enditem|p2a: Chi-Yu|Focus Sash\n|-damage|p2a: Chi-Yu|1\/100\n|move|p2b: Iron Bundle|Freeze-Dry|p1a: Dragonite\n|-damage|p1a: Dragonite|80\/100\n|move|p2a: Chi-Yu|Heat Wave|p1b: Chien-Pao|[spread] p1a\n|-miss|p2a: Chi-Yu|p1b: Chien-Pao\n|-damage|p1a: Dragonite|33\/100\n|\n|upkeep\n|turn|2\n|\n|t:|1681806315\n|switch|p2a: Dondozo|Dondozo, L50, M|100\/100\n|move|p2b: Iron Bundle|Protect|p2b: Iron Bundle\n|-singleturn|p2b: Iron Bundle|Protect\n|move|p1a: Dragonite|Extreme Speed|p2b: Iron Bundle\n|-activate|p2b: Iron Bundle|move: Protect\n|move|p1b: Chien-Pao|Sucker Punch||[still]\n|-fail|p1b: Chien-Pao\n|\n|upkeep\n|turn|3\n|\n|t:|1681806352\n|-end|p2b: Iron Bundle|Quark Drive|[silent]\n|switch|p2b: Chi-Yu|Chi-Yu, L50, tera:Ghost|1\/100\n|-ability|p2b: Chi-Yu|Beads of Ruin\n|switch|p1a: Rotom|Rotom-Wash, L50|100\/100\n|move|p1b: Chien-Pao|Protect|p1b: Chien-Pao\n|-singleturn|p1b: Chien-Pao|Protect\n|move|p2a: Dondozo|Wave Crash|p1b: Chien-Pao\n|-activate|p1b: Chien-Pao|move: Protect\n|\n|upkeep\n|turn|4\n|\n|t:|1681806386\n|switch|p2b: Tatsugiri|Tatsugiri, L50, M|100\/100\n|-activate|p2b: Tatsugiri|ability: Commander|[of] p2a: Dondozo\n|-boost|p2a: Dondozo|atk|2\n|-boost|p2a: Dondozo|spa|2\n|-boost|p2a: Dondozo|spe|2\n|-boost|p2a: Dondozo|def|2\n|-boost|p2a: Dondozo|spd|2\n|move|p1b: Chien-Pao|Sucker Punch||[still]\n|-fail|p1b: Chien-Pao\n|move|p2a: Dondozo|Rock Slide|p1b: Chien-Pao|[spread] p1a\n|-miss|p2a: Dondozo|p1b: Chien-Pao\n|-damage|p1a: Rotom|46\/100\n|-enditem|p1a: Rotom|Sitrus Berry|[eat]\n|-heal|p1a: Rotom|71\/100|[from] item: Sitrus Berry\n|cant|p1a: Rotom|flinch\n|\n|upkeep\n|turn|5\n|inactive|Battle timer is ON: inactive players will automatically lose when time's up. (requested by DDKK5943)\n|l|\u2606DDKK5943\n|inactive|DDKK5943 disconnected and has a minute to reconnect!\n|player|p2|\n|j|\u2606DDKK5943\n|inactive|DDKK5943 reconnected.\n|player|p2|DDKK5943|102\n|inactive|VGC_ale has 60 seconds left.\n|l|\u2606VGC_ale\n|inactive|VGC_ale disconnected and has a minute to reconnect!\n|player|p1|\n|inactive|VGC_ale has 30 seconds left.\n|inactive|VGC_ale has 20 seconds left.\n|inactive|VGC_ale has 15 seconds left.\n|j|\u2606VGC_ale\n|inactive|VGC_ale reconnected and has 15 seconds left.\n|player|p1|VGC_ale|ninjaboy\n|inactive|VGC_ale has 10 seconds left.\n|\n|t:|1681806522\n|move|p1b: Chien-Pao|Haze|p1b: Chien-Pao\n|-clearallboost\n|move|p1a: Rotom|Thunderbolt|p2a: Dondozo\n|-supereffective|p2a: Dondozo\n|-damage|p2a: Dondozo|7\/100\n|move|p2a: Dondozo|Rock Slide|p1b: Chien-Pao|[spread] p1a,p1b\n|-supereffective|p1b: Chien-Pao\n|-damage|p1a: Rotom|43\/100\n|-damage|p1b: Chien-Pao|50\/100\n|\n|upkeep\n|turn|6\n|inactive|VGC_ale has 30 seconds left.\n|j| Jake Epping\n|l| Jake Epping\n|inactive|VGC_ale has 20 seconds left.\n|j| UltimoRyu\n|inactive|VGC_ale has 15 seconds left.\n|\n|t:|1681806566\n|move|p1b: Chien-Pao|Ice Spinner|p2a: Dondozo\n|-resisted|p2a: Dondozo\n|-damage|p2a: Dondozo|0 fnt\n|faint|p2a: Dondozo\n|move|p1a: Rotom|Thunderbolt|p2b: Tatsugiri\n|-damage|p2b: Tatsugiri|47\/100\n|\n|upkeep\n|\n|t:|1681806590\n|switch|p2a: Iron Bundle|Iron Bundle, L50|100\/100\n|turn|7\n|j| testing606\n|inactive|VGC_ale has 30 seconds left.\n|\n|t:|1681806625\n|switch|p2b: Chi-Yu|Chi-Yu, L50, tera:Ghost|1\/100\n|-ability|p2b: Chi-Yu|Beads of Ruin\n|move|p1a: Rotom|Protect|p1a: Rotom\n|-singleturn|p1a: Rotom|Protect\n|move|p1b: Chien-Pao|Sucker Punch||[still]\n|-fail|p1b: Chien-Pao\n|move|p2a: Iron Bundle|Freeze-Dry|p1a: Rotom\n|-activate|p1a: Rotom|move: Protect\n|\n|upkeep\n|turn|8\n|j| mpudi\n|inactive|VGC_ale has 30 seconds left.\n|inactive|DDKK5943 has 30 seconds left.\n|inactive|DDKK5943 has 20 seconds left.\n|\n|t:|1681806663\n|move|p2b: Chi-Yu|Protect|p2b: Chi-Yu\n|-singleturn|p2b: Chi-Yu|Protect\n|move|p1b: Chien-Pao|Sucker Punch||[still]\n|-fail|p1b: Chien-Pao\n|move|p2a: Iron Bundle|Freeze-Dry|p1a: Rotom\n|-supereffective|p1a: Rotom\n|-damage|p1a: Rotom|0 fnt\n|faint|p1a: Rotom\n|\n|upkeep\n|\n|t:|1681806671\n|switch|p1a: Corviknight|Corviknight, L50, M, shiny|100\/100\n|turn|9\n|\n|t:|1681806693\n|move|p1b: Chien-Pao|Sucker Punch|p2b: Chi-Yu\n|-supereffective|p2b: Chi-Yu\n|-damage|p2b: Chi-Yu|0 fnt\n|faint|p2b: Chi-Yu\n|move|p2a: Iron Bundle|Icy Wind|p1b: Chien-Pao|[spread] p1a,p1b\n|-resisted|p1b: Chien-Pao\n|-damage|p1a: Corviknight|83\/100\n|-damage|p1b: Chien-Pao|33\/100\n|-ability|p1a: Corviknight|Mirror Armor\n|-unboost|p2a: Iron Bundle|spe|1\n|-unboost|p1b: Chien-Pao|spe|1\n|move|p1a: Corviknight|Tailwind|p1a: Corviknight\n|-sidestart|p1: VGC_ale|move: Tailwind\n|\n|upkeep\n|-message|DDKK5943 forfeited.\n|\n|win|VGC_ale\n|raw|VGC_ale's rating: 1534 → 1557<\/strong> (+23 for winning)\n|raw|DDKK5943's rating: 1585 → 1562<\/strong> (-23 for losing)\n|l|\u2606DDKK5943\n|j| Jake Epping\n|l| UltimoRyu\n|l| wkx5678\n|l| Jake Epping\n|l| testing606\n|l| mpudi\n","uploadtime":1681806735,"views":14,"p1id":"vgcale","p2id":"ddkk5943","formatid":"gen9vgc2023regulationc","rating":1557,"private":0,"password":""}