{"id":"gen9vgc2023regulationc-1862765970","p1":"oeuf breaddd","p2":"vivixification","format":"[Gen 9] VGC 2023 Regulation C","log":"|j|\u2606oeuf breaddd\n|j|\u2606vivixification\n|t:|1683919682\n|gametype|doubles\n|player|p1|oeuf breaddd|1|1303\n|player|p2|vivixification|backersf|1371\n|teamsize|p1|6\n|teamsize|p2|6\n|gen|9\n|tier|[Gen 9] VGC 2023 Regulation C\n|rated|\n|rule|Species Clause: Limit one of each Pok\u00e9mon\n|rule|Item Clause: Limit one of each item\n|clearpoke\n|poke|p1|Palafin, L50, F|\n|poke|p1|Chien-Pao, L50|\n|poke|p1|Dragapult, L50, F|\n|poke|p1|Amoonguss, L50, M|\n|poke|p1|Arcanine, L50, F|\n|poke|p1|Flutter Mane, L50|\n|poke|p2|Dondozo, L50, F|\n|poke|p2|Tatsugiri-Stretchy, L50, M|\n|poke|p2|Glimmora, L50, F|\n|poke|p2|Pelipper, L50, M|\n|poke|p2|Scizor, L50, M|\n|poke|p2|Flutter Mane, L50|\n|teampreview|4\n|inactive|Battle timer is ON: inactive players will automatically lose when time's up. (requested by vivixification)\nvivixification has agreed to open team sheets.\n|inactive|oeuf breaddd has 60 seconds left.\n|inactive|vivixification has 60 seconds left.\noeuf breaddd has agreed to open team sheets.\n|\n|t:|1683919740\n|start\n|switch|p1a: Dozo|Palafin, L50, F|100\/100\n|switch|p1b: Dnite|Dragapult, L50, F|100\/100\n|switch|p2a: Pelipper|Pelipper, L50, M|100\/100\n|switch|p2b: Scizor|Scizor, L50, M|100\/100\n|-weather|RainDance|[from] ability: Drizzle|[of] p2a: Pelipper\n|turn|1\n|\n|t:|1683919764\n|detailschange|p1a: Dozo|Palafin-Hero, L50, F\n|switch|p1a: WoChien|Amoonguss, L50, M|100\/100\n|move|p2b: Scizor|Bullet Punch|p1a: WoChien\n|-damage|p1a: WoChien|73\/100\n|move|p1b: Dnite|U-turn|p2b: Scizor\n|-resisted|p2b: Scizor\n|-damage|p2b: Scizor|84\/100\n|\n|t:|1683919770\n|switch|p1b: Dozo|Palafin-Hero, L50, F|100\/100|[from] U-turn\n|-activate|p1b: Dozo|ability: Zero to Hero\n|move|p2a: Pelipper|Hurricane|p1a: WoChien\n|-supereffective|p1a: WoChien\n|-damage|p1a: WoChien|0 fnt\n|faint|p1a: WoChien\n|\n|-weather|RainDance|[upkeep]\n|upkeep\n|\n|t:|1683919776\n|switch|p1a: Dnite|Dragapult, L50, F|100\/100\n|turn|2\n|\n|t:|1683919786\n|-terastallize|p2b: Scizor|Water\n|move|p1b: Dozo|Jet Punch|p2b: Scizor\n|-resisted|p2b: Scizor\n|-damage|p2b: Scizor|46\/100\n|move|p1a: Dnite|Dragon Darts|p2a: Pelipper\n|-damage|p2a: Pelipper|52\/100\n|-anim|p1a: Dnite|Dragon Darts|p2b: Scizor\n|-damage|p2b: Scizor|11\/100\n|move|p2a: Pelipper|Hurricane|p1b: Dozo\n|-damage|p1b: Dozo|58\/100\n|move|p2b: Scizor|Trailblaze|p1b: Dozo\n|-supereffective|p1b: Dozo\n|-damage|p1b: Dozo|15\/100\n|-boost|p2b: Scizor|spe|1\n|\n|-weather|RainDance|[upkeep]\n|upkeep\n|turn|3\n|inactive|vivixification has 30 seconds left.\n|\n|t:|1683919819\n|move|p1b: Dozo|Protect|p1b: Dozo\n|-singleturn|p1b: Dozo|Protect\n|move|p2b: Scizor|Bullet Punch|p1b: Dozo\n|-activate|p1b: Dozo|move: Protect\n|move|p2a: Pelipper|Quick Attack|p1b: Dozo\n|-activate|p1b: Dozo|move: Protect\n|move|p1a: Dnite|Dragon Darts|p2a: Pelipper\n|-damage|p2a: Pelipper|4\/100\n|-anim|p1a: Dnite|Dragon Darts|p2b: Scizor\n|-damage|p2b: Scizor|0 fnt\n|faint|p2b: Scizor\n|\n|-weather|RainDance|[upkeep]\n|upkeep\n|\n|t:|1683919821\n|switch|p2b: Dondozo|Dondozo, L50, F|100\/100\n|turn|4\n|\n|t:|1683919838\n|switch|p2a: Tatsugiri|Tatsugiri-Stretchy, L50, M|100\/100\n|-activate|p2a: Tatsugiri|ability: Commander|[of] p2b: Dondozo\n|-boost|p2b: Dondozo|atk|2\n|-boost|p2b: Dondozo|spa|2\n|-boost|p2b: Dondozo|spe|2\n|-boost|p2b: Dondozo|def|2\n|-boost|p2b: Dondozo|spd|2\n|switch|p1b: Bundle|Chien-Pao, L50|100\/100\n|-ability|p1b: Bundle|Sword of Ruin\n|move|p1a: Dnite|Dragon Darts|p2b: Dondozo\n|-damage|p2b: Dondozo|80\/100\n|-anim|p1a: Dnite|Dragon Darts|p2b: Dondozo\n|-damage|p2b: Dondozo|61\/100\n|move|p2b: Dondozo|Surf|p1a: Dnite|[spread] p1a,p1b\n|-miss|p2b: Dondozo|p2a: Tatsugiri\n|-resisted|p1a: Dnite\n|-damage|p1a: Dnite|41\/100\n|-enditem|p1b: Bundle|Focus Sash\n|-damage|p1b: Bundle|1\/100\n|-damage|p2b: Dondozo|52\/100|[from] item: Life Orb\n|\n|-weather|RainDance|[upkeep]\n|upkeep\n|turn|5\n|inactive|oeuf breaddd has 30 seconds left.\n|\n|t:|1683919866\n|move|p1a: Dnite|Dragon Darts|p2b: Dondozo\n|-damage|p2b: Dondozo|30\/100\n|-anim|p1a: Dnite|Dragon Darts|p2b: Dondozo\n|-damage|p2b: Dondozo|10\/100\n|move|p1b: Bundle|Sacred Sword|p2b: Dondozo\n|-damage|p2b: Dondozo|0 fnt\n|faint|p2b: Dondozo\n|\n|-weather|none\n|upkeep\n|\n|t:|1683919872\n|switch|p2b: Pelipper|Pelipper, L50, M|4\/100\n|-weather|RainDance|[from] ability: Drizzle|[of] p2b: Pelipper\n|turn|6\n|\n|t:|1683919884\n|move|p1b: Bundle|Sucker Punch|p2a: Tatsugiri\n|-damage|p2a: Tatsugiri|8\/100\n|move|p2b: Pelipper|Quick Attack|p1b: Bundle\n|-damage|p1b: Bundle|0 fnt\n|faint|p1b: Bundle\n|move|p2a: Tatsugiri|Dragon Pulse|p1a: Dnite\n|-supereffective|p1a: Dnite\n|-damage|p1a: Dnite|0 fnt\n|faint|p1a: Dnite\n|\n|-weather|RainDance|[upkeep]\n|upkeep\n|\n|t:|1683919889\n|switch|p1b: Dozo|Palafin-Hero, L50, F|15\/100\n|turn|7\n|\n|t:|1683919898\n|move|p1b: Dozo|Jet Punch|p2a: Tatsugiri\n|-resisted|p2a: Tatsugiri\n|-damage|p2a: Tatsugiri|0 fnt\n|faint|p2a: Tatsugiri\n|move|p2b: Pelipper|Hurricane|p1b: Dozo\n|-damage|p1b: Dozo|0 fnt\n|faint|p1b: Dozo\n|\n|win|vivixification\n|raw|oeuf breaddd's rating: 1303 → 1287<\/strong> (-16 for losing)\n|raw|vivixification's rating: 1371 → 1387<\/strong> (+16 for winning)\n|l|\u2606oeuf breaddd\n","uploadtime":1683919904,"views":11,"p1id":"oeufbreaddd","p2id":"vivixification","formatid":"gen9vgc2023regulationc","rating":1287,"private":0,"password":""}