{"id":"gen9vgc2023regulationc-1851629880","p1":"Albright4","p2":"Tas87","format":"[Gen 9] VGC 2023 Regulation C","log":"|j|\u2606Albright4\n|j|\u2606Tas87\n|t:|1682463168\n|gametype|doubles\n|player|p1|Albright4|swimmer|1351\n|player|p2|Tas87|170|1261\n|teamsize|p1|6\n|teamsize|p2|6\n|gen|9\n|tier|[Gen 9] VGC 2023 Regulation C\n|rated|\n|rule|Species Clause: Limit one of each Pok\u00e9mon\n|rule|Item Clause: Limit one of each item\n|clearpoke\n|poke|p1|Amoonguss, L50, F|\n|poke|p1|Arcanine, L50, M|\n|poke|p1|Palafin, L50, F|\n|poke|p1|Flutter Mane, L50|\n|poke|p1|Baxcalibur, L50, F|\n|poke|p1|Ting-Lu, L50|\n|poke|p2|Kilowattrel, L50, M|\n|poke|p2|Garchomp, L50, M|\n|poke|p2|Tyranitar, L50, M|\n|poke|p2|Medicham, L50, M|\n|poke|p2|Orthworm, L50, F|\n|poke|p2|Lycanroc-Midnight, L50, F|\n|teampreview|4\n|inactive|Battle timer is ON: inactive players will automatically lose when time's up. (requested by Tas87)\n|\n|t:|1682463206\n|start\n|switch|p1a: Baxcalibur|Baxcalibur, L50, F|100\/100\n|switch|p1b: Palafin|Palafin, L50, F, shiny|100\/100\n|switch|p2a: Lycanroc|Lycanroc-Midnight, L50, F|100\/100\n|switch|p2b: Kilowattrel|Kilowattrel, L50, M|100\/100\n|turn|1\n|\n|t:|1682463227\n|detailschange|p1b: Palafin|Palafin-Hero, L50, F, shiny\n|switch|p1b: Ting-Lu|Ting-Lu, L50|100\/100\n|-ability|p1b: Ting-Lu|Vessel of Ruin\n|-terastallize|p2a: Lycanroc|Water\n|-terastallize|p1a: Baxcalibur|Poison\n|move|p2b: Kilowattrel|Tailwind|p2b: Kilowattrel\n|-sidestart|p2: Tas87|move: Tailwind\n|move|p2a: Lycanroc|Rock Slide|p1a: Baxcalibur|[spread] p1a,p1b\n|-resisted|p1b: Ting-Lu\n|-damage|p1a: Baxcalibur|76\/100\n|-damage|p1b: Ting-Lu|91\/100\n|cant|p1a: Baxcalibur|flinch\n|\n|upkeep\n|turn|2\n|inactive|Tas87 has 30 seconds left.\n|\n|t:|1682463261\n|switch|p2b: Tyranitar|Tyranitar, L50, M|100\/100\n|-weather|Sandstorm|[from] ability: Sand Stream|[of] p2b: Tyranitar\n|move|p2a: Lycanroc|Stone Edge|p1a: Baxcalibur\n|-crit|p1a: Baxcalibur\n|-damage|p1a: Baxcalibur|8\/100\n|move|p1a: Baxcalibur|Glaive Rush|p2a: Lycanroc\n|-damage|p2a: Lycanroc|5\/100\n|-singlemove|p1a: Baxcalibur|Glaive Rush|[silent]\n|move|p1b: Ting-Lu|Rock Slide|p2b: Tyranitar|[spread] p2a,p2b\n|-damage|p2a: Lycanroc|0 fnt\n|-damage|p2b: Tyranitar|86\/100\n|faint|p2a: Lycanroc\n|\n|-weather|Sandstorm|[upkeep]\n|-damage|p1a: Baxcalibur|2\/100|[from] Sandstorm\n|upkeep\n|\n|t:|1682463284\n|switch|p2a: Kilowattrel|Kilowattrel, L50, M|100\/100\n|turn|3\n|\n|t:|1682463295\n|move|p1a: Baxcalibur|Ice Shard|p2a: Kilowattrel\n|-supereffective|p2a: Kilowattrel\n|-damage|p2a: Kilowattrel|14\/100\n|move|p2a: Kilowattrel|Air Slash|p1b: Ting-Lu\n|-damage|p1b: Ting-Lu|80\/100\n|move|p2b: Tyranitar|Brick Break|p1b: Ting-Lu\n|-supereffective|p1b: Ting-Lu\n|-damage|p1b: Ting-Lu|44\/100\n|move|p1b: Ting-Lu|Rock Slide|p2b: Tyranitar|[spread] p2a,p2b\n|-supereffective|p2a: Kilowattrel\n|-damage|p2a: Kilowattrel|0 fnt\n|-damage|p2b: Tyranitar|70\/100\n|faint|p2a: Kilowattrel\n|\n|-weather|Sandstorm|[upkeep]\n|-damage|p1a: Baxcalibur|0 fnt|[from] Sandstorm\n|faint|p1a: Baxcalibur\n|upkeep\n|\n|t:|1682463309\n|switch|p2a: Garchomp|Garchomp, L50, M|100\/100\n|switch|p1a: Arcanine|Arcanine, L50, M|100\/100\n|-ability|p1a: Arcanine|Intimidate|boost\n|-unboost|p2a: Garchomp|atk|1\n|-unboost|p2b: Tyranitar|atk|1\n|turn|4\n|\n|t:|1682463328\n|move|p1a: Arcanine|Protect|p1a: Arcanine\n|-singleturn|p1a: Arcanine|Protect\n|move|p2a: Garchomp|Swords Dance|p2a: Garchomp\n|-boost|p2a: Garchomp|atk|2\n|move|p2b: Tyranitar|Brick Break|p1b: Ting-Lu\n|-supereffective|p1b: Ting-Lu\n|-damage|p1b: Ting-Lu|21\/100\n|move|p1b: Ting-Lu|Earthquake|p2a: Garchomp|[spread] p2a,p2b\n|-activate|p1a: Arcanine|move: Protect\n|-supereffective|p2b: Tyranitar\n|-damage|p2a: Garchomp|65\/100\n|-damage|p2b: Tyranitar|9\/100\n|-enditem|p2b: Tyranitar|Weakness Policy\n|-boost|p2b: Tyranitar|atk|2|[from] item: Weakness Policy\n|-boost|p2b: Tyranitar|spa|2|[from] item: Weakness Policy\n|\n|-weather|Sandstorm|[upkeep]\n|-sideend|p2: Tas87|move: Tailwind\n|upkeep\n|turn|5\n|inactive|Albright4 has 30 seconds left.\n|inactive|Tas87 has 30 seconds left.\n|\n|t:|1682463357\n|move|p2a: Garchomp|Earthquake|p1a: Arcanine|[spread] p2b,p1a,p1b\n|-supereffective|p2b: Tyranitar\n|-supereffective|p1a: Arcanine\n|-damage|p2b: Tyranitar|0 fnt\n|-damage|p1a: Arcanine|0 fnt\n|-damage|p1b: Ting-Lu|0 fnt\n|faint|p2b: Tyranitar\n|faint|p1a: Arcanine\n|faint|p1b: Ting-Lu\n|\n|-weather|Sandstorm|[upkeep]\n|upkeep\n|\n|t:|1682463365\n|switch|p1b: Palafin|Palafin-Hero, L50, F, shiny|100\/100\n|-activate|p1b: Palafin|ability: Zero to Hero\n|turn|6\n|\n|t:|1682463369\n|move|p1b: Palafin|Protect|p1b: Palafin\n|-singleturn|p1b: Palafin|Protect\n|move|p2a: Garchomp|Earthquake|p1b: Palafin\n|-activate|p1b: Palafin|move: Protect\n|\n|-weather|none\n|upkeep\n|turn|7\n|\n|t:|1682463384\n|move|p2a: Garchomp|Earthquake|p1b: Palafin\n|-damage|p1b: Palafin|30\/100\n|move|p1b: Palafin|Wave Crash|p2a: Garchomp|[miss]\n|-miss|p1b: Palafin|p2a: Garchomp\n|\n|upkeep\n|turn|8\n|c|\u2606Albright4|bright powder?\n|\n|t:|1682463398\n|move|p1b: Palafin|Protect|p1b: Palafin\n|-singleturn|p1b: Palafin|Protect\n|move|p2a: Garchomp|Earthquake|p1b: Palafin\n|-activate|p1b: Palafin|move: Protect\n|\n|upkeep\n|turn|9\n|c|\u2606Albright4|insane\n|c|\u2606Albright4|ggs\n|\n|t:|1682463407\n|move|p1b: Palafin|Jet Punch|p2a: Garchomp\n|-damage|p2a: Garchomp|16\/100\n|move|p2a: Garchomp|Earthquake|p1b: Palafin\n|-damage|p1b: Palafin|0 fnt\n|faint|p1b: Palafin\n|\n|win|Tas87\n|raw|Albright4's rating: 1351 → 1326<\/strong> (-25 for losing)\n|raw|Tas87's rating: 1261 → 1292<\/strong> (+31 for winning)\n|l|\u2606Tas87\n","uploadtime":1682463512,"views":19,"p1id":"albright4","p2id":"tas87","formatid":"gen9vgc2023regulationc","rating":1292,"private":0,"password":""}