{"id":"gen9vgc2023regulationc-1860666229","p1":"tezminator","p2":"Rezzy350","format":"[Gen 9] VGC 2023 Regulation C","log":"|j|\u2606tezminator\n|j|\u2606Rezzy350\n|t:|1683664108\n|gametype|doubles\n|player|p1|tezminator|170|1172\n|player|p2|Rezzy350|cynthia|1214\n|teamsize|p1|6\n|teamsize|p2|6\n|gen|9\n|tier|[Gen 9] VGC 2023 Regulation C\n|rated|\n|rule|Species Clause: Limit one of each Pok\u00e9mon\n|rule|Item Clause: Limit one of each item\n|clearpoke\n|poke|p1|Volcarona, L50, M|\n|poke|p1|Golduck, L50, M|\n|poke|p1|Scream Tail, L50|\n|poke|p1|Maushold, L50|\n|poke|p1|Tsareena, L50, F|\n|poke|p1|Mudsdale, L50, M|\n|poke|p2|Tyranitar, L50, F|\n|poke|p2|Lycanroc, L50, M|\n|poke|p2|Flutter Mane, L50|\n|poke|p2|Volcarona, L50, M|\n|poke|p2|Gastrodon-East, L50, F|\n|poke|p2|Scizor, L50, M|\n|teampreview|4\n|inactive|Battle timer is ON: inactive players will automatically lose when time's up. (requested by Rezzy350)\n|inactive|tezminator also wants the timer to be on.\ntezminator has agreed to open team sheets.\n|j| Metal_390\n|\n|t:|1683664135\n|start\n|switch|p1a: Scream Tail|Scream Tail, L50|100\/100\n|switch|p1b: Ian Anderson|Mudsdale, L50, M|100\/100\n|switch|p2a: Tyranitar|Tyranitar, L50, F, shiny|100\/100\n|switch|p2b: Scizor|Scizor, L50, M, shiny|100\/100\n|-weather|Sandstorm|[from] ability: Sand Stream|[of] p2a: Tyranitar\n|turn|1\n|inactive|Rezzy350 has 30 seconds left.\n|\n|t:|1683664161\n|-end|p1a: Scream Tail|Protosynthesis|[silent]\n|switch|p1a: Tsareena|Tsareena, L50, F|100\/100\n|-terastallize|p2a: Tyranitar|Flying\n|move|p2b: Scizor|Bullet Punch||[still]\n|cant|p1a: Tsareena|ability: Queenly Majesty|Bullet Punch|[of] p2b: Scizor\n|move|p2a: Tyranitar|Low Kick|p1b: Ian Anderson\n|-damage|p1b: Ian Anderson|61\/100\n|-ability|p1b: Ian Anderson|Stamina|boost\n|-boost|p1b: Ian Anderson|def|1\n|move|p1b: Ian Anderson|Body Press|p2a: Tyranitar\n|-resisted|p2a: Tyranitar\n|-damage|p2a: Tyranitar|88\/100\n|\n|-weather|Sandstorm|[upkeep]\n|-damage|p1a: Tsareena|94\/100|[from] Sandstorm\n|-damage|p2a: Tyranitar|82\/100|[from] Sandstorm\n|upkeep\n|turn|2\n|inactive|Rezzy350 has 30 seconds left.\n|\n|t:|1683664186\n|switch|p2b: Lycanroc|Lycanroc, L50, M, shiny|100\/100\n|move|p1a: Tsareena|Protect|p1a: Tsareena\n|-singleturn|p1a: Tsareena|Protect\n|move|p2a: Tyranitar|Tera Blast|p1a: Tsareena\n|-activate|p1a: Tsareena|move: Protect\n|move|p1b: Ian Anderson|Stone Edge|p2a: Tyranitar\n|-supereffective|p2a: Tyranitar\n|-damage|p2a: Tyranitar|39\/100\n|\n|-weather|Sandstorm|[upkeep]\n|-damage|p1a: Tsareena|88\/100|[from] Sandstorm\n|-damage|p2a: Tyranitar|33\/100|[from] Sandstorm\n|upkeep\n|turn|3\n|inactive|Rezzy350 has 30 seconds left.\n|\n|t:|1683664212\n|switch|p1a: Scream Tail|Scream Tail, L50|100\/100\n|move|p2b: Lycanroc|Rock Slide|p1b: Ian Anderson|[spread] \n|-miss|p2b: Lycanroc|p1a: Scream Tail\n|-miss|p2b: Lycanroc|p1b: Ian Anderson\n|move|p2a: Tyranitar|Tera Blast|p1a: Scream Tail\n|-damage|p1a: Scream Tail|66\/100\n|move|p1b: Ian Anderson|Stone Edge|p2a: Tyranitar\n|-supereffective|p2a: Tyranitar\n|-crit|p2a: Tyranitar\n|-damage|p2a: Tyranitar|0 fnt\n|faint|p2a: Tyranitar\n|\n|-weather|Sandstorm|[upkeep]\n|-damage|p1a: Scream Tail|60\/100|[from] Sandstorm\n|upkeep\n|\n|t:|1683664230\n|switch|p2a: Gastrodon|Gastrodon-East, L50, F, shiny|100\/100\n|turn|4\n|\n|t:|1683664242\n|switch|p1b: Tsareena|Tsareena, L50, F|88\/100\n|move|p2b: Lycanroc|Protect|p2b: Lycanroc\n|-singleturn|p2b: Lycanroc|Protect\n|move|p1a: Scream Tail|Rock Tomb|p2b: Lycanroc\n|-activate|p2b: Lycanroc|move: Protect\n|move|p2a: Gastrodon|Ice Beam|p1b: Tsareena\n|-supereffective|p1b: Tsareena\n|-damage|p1b: Tsareena|45\/100\n|\n|-weather|Sandstorm|[upkeep]\n|-damage|p1a: Scream Tail|54\/100|[from] Sandstorm\n|-damage|p1b: Tsareena|39\/100|[from] Sandstorm\n|upkeep\n|turn|5\n|\n|t:|1683664260\n|move|p2b: Lycanroc|Rock Slide|p1a: Scream Tail|[spread] p1a,p1b\n|-damage|p1a: Scream Tail|31\/100\n|-damage|p1b: Tsareena|15\/100\n|move|p1a: Scream Tail|Disable|p2a: Gastrodon\n|-start|p2a: Gastrodon|Disable|Ice Beam\n|cant|p1b: Tsareena|flinch\n|cant|p2a: Gastrodon|Disable|Ice Beam\n|\n|-weather|none\n|upkeep\n|turn|6\n|\n|t:|1683664283\n|switch|p1b: Golduck|Golduck, L50, M|100\/100\n|-ability|p1b: Golduck|Cloud Nine\n|move|p2b: Lycanroc|Rock Slide|p1a: Scream Tail|[spread] p1a,p1b\n|-damage|p1a: Scream Tail|11\/100\n|-damage|p1b: Golduck|70\/100\n|move|p1a: Scream Tail|Disable|p2b: Lycanroc\n|-start|p2b: Lycanroc|Disable|Rock Slide\n|move|p2a: Gastrodon|Muddy Water|p1a: Scream Tail|[spread] p1a,p1b\n|-resisted|p1b: Golduck\n|-damage|p1a: Scream Tail|0 fnt\n|-damage|p1b: Golduck|54\/100\n|-unboost|p1b: Golduck|accuracy|1\n|faint|p1a: Scream Tail\n|-end|p1a: Scream Tail|Protosynthesis|[silent]\n|\n|upkeep\n|\n|t:|1683664297\n|switch|p1a: Ian Anderson|Mudsdale, L50, M|61\/100\n|turn|7\n|\n|t:|1683664309\n|switch|p2b: Scizor|Scizor, L50, M, shiny|100\/100\n|-terastallize|p1a: Ian Anderson|Water\n|move|p1b: Golduck|Ice Beam|p2b: Scizor\n|-resisted|p2b: Scizor\n|-damage|p2b: Scizor|85\/100\n|move|p2a: Gastrodon|Muddy Water|p1b: Golduck|[spread] p1a,p1b\n|-resisted|p1a: Ian Anderson\n|-resisted|p1b: Golduck\n|-damage|p1a: Ian Anderson|54\/100\n|-damage|p1b: Golduck|40\/100\n|-ability|p1a: Ian Anderson|Stamina|boost\n|-boost|p1a: Ian Anderson|def|1\n|move|p1a: Ian Anderson|Body Press|p2b: Scizor\n|-damage|p2b: Scizor|51\/100\n|\n|upkeep\n|turn|8\n|inactive|Rezzy350 has 30 seconds left.\n|\n|t:|1683664336\n|move|p1b: Golduck|Ice Beam|p2a: Gastrodon\n|-damage|p2a: Gastrodon|78\/100\n|move|p2b: Scizor|Trailblaze|p1a: Ian Anderson\n|-supereffective|p1a: Ian Anderson\n|-crit|p1a: Ian Anderson\n|-damage|p1a: Ian Anderson|0 fnt\n|-boost|p2b: Scizor|spe|1\n|faint|p1a: Ian Anderson\n|move|p2a: Gastrodon|Earth Power|p1b: Golduck\n|-damage|p1b: Golduck|0 fnt\n|faint|p1b: Golduck\n|\n|-heal|p2a: Gastrodon|84\/100|[from] item: Leftovers\n|-end|p2a: Gastrodon|Disable\n|upkeep\n|c|\u2606tezminator|crit for the win\n|-message|tezminator forfeited.\n|\n|win|Rezzy350\n|raw|tezminator's rating: 1172 → 1150<\/strong> (-22 for losing)\n|raw|Rezzy350's rating: 1214 → 1236<\/strong> (+22 for winning)\n|l|\u2606tezminator\n|c|\u2606Rezzy350|Well played\n|c|\u2606Rezzy350|Crit didnt matter\n|l|\u2606Rezzy350\n","uploadtime":1683664372,"views":8,"p1id":"tezminator","p2id":"rezzy350","formatid":"gen9vgc2023regulationc","rating":1150,"private":0,"password":""}