{"id":"gen9vgc2023regulationc-1862937094","p1":"wackomarko","p2":"beetle the bard","format":"[Gen 9] VGC 2023 Regulation C","log":"|j|\u2606wackomarko\n|j|\u2606beetle the bard\n|t:|1683940895\n|gametype|doubles\n|player|p1|wackomarko|hiker-gen4|1099\n|player|p2|beetle the bard|palmer|1085\n|teamsize|p1|6\n|teamsize|p2|6\n|gen|9\n|tier|[Gen 9] VGC 2023 Regulation C\n|rated|\n|rule|Species Clause: Limit one of each Pok\u00e9mon\n|rule|Item Clause: Limit one of each item\n|clearpoke\n|poke|p1|Talonflame, L50, M|\n|poke|p1|Amoonguss, L50, M|\n|poke|p1|Flutter Mane, L50|\n|poke|p1|Chien-Pao, L50|\n|poke|p1|Gyarados, L50, M|\n|poke|p1|Dragapult, L50, M|\n|poke|p2|Glimmora, L50, F|\n|poke|p2|Grimmsnarl, L50, M|\n|poke|p2|Ting-Lu, L50|\n|poke|p2|Wo-Chien, L50|\n|poke|p2|Garganacl, L50, M|\n|poke|p2|Volcarona, L50, F|\n|teampreview|4\n|inactive|Battle timer is ON: inactive players will automatically lose when time's up. (requested by beetle the bard)\nwackomarko has agreed to open team sheets.\n|c|\u2606wackomarko|this looks evil LOL\n|c|\u2606wackomarko|GL\n|inactive|wackomarko has 60 seconds left.\n|\n|t:|1683940954\n|start\n|switch|p1a: Flutter Mane|Flutter Mane, L50, shiny|100\/100\n|switch|p1b: Chien-Pao|Chien-Pao, L50|100\/100\n|switch|p2a: Glimmora|Glimmora, L50, F|100\/100\n|switch|p2b: Volcarona|Volcarona, L50, F|100\/100\n|-ability|p1b: Chien-Pao|Sword of Ruin\n|turn|1\n|inactive|wackomarko has 30 seconds left.\n|inactive|wackomarko has 20 seconds left.\n|inactive|wackomarko has 15 seconds left.\n|inactive|wackomarko has 10 seconds left.\n|\n|t:|1683941000\n|-terastallize|p1b: Chien-Pao|Ghost\n|move|p1b: Chien-Pao|Ice Spinner|p2b: Volcarona\n|-resisted|p2b: Volcarona\n|-damage|p2b: Volcarona|75\/100\n|move|p1a: Flutter Mane|Shadow Ball|p2a: Glimmora\n|-damage|p2a: Glimmora|32\/100\n|-damage|p1a: Flutter Mane|91\/100|[from] item: Life Orb\n|move|p2a: Glimmora|Toxic Spikes|p1b: Chien-Pao\n|-sidestart|p1: wackomarko|move: Toxic Spikes\n|move|p2b: Volcarona|Will-O-Wisp|p1b: Chien-Pao\n|-status|p1b: Chien-Pao|brn\n|\n|-damage|p1b: Chien-Pao|95\/100 brn|[from] brn\n|upkeep\n|turn|2\n|inactive|wackomarko has 30 seconds left.\n|inactive|beetle the bard has 30 seconds left.\n|\n|t:|1683941031\n|move|p1a: Flutter Mane|Protect|p1a: Flutter Mane\n|-singleturn|p1a: Flutter Mane|Protect\n|move|p2a: Glimmora|Spiky Shield|p2a: Glimmora\n|-singleturn|p2a: Glimmora|move: Protect\n|move|p1b: Chien-Pao|Ice Spinner|p2b: Volcarona\n|-resisted|p2b: Volcarona\n|-damage|p2b: Volcarona|63\/100\n|move|p2b: Volcarona|Will-O-Wisp|p1a: Flutter Mane\n|-activate|p1a: Flutter Mane|move: Protect\n|\n|-damage|p1b: Chien-Pao|89\/100 brn|[from] brn\n|upkeep\n|turn|3\n|\n|t:|1683941049\n|move|p1b: Chien-Pao|Ice Shard|p2b: Volcarona\n|-resisted|p2b: Volcarona\n|-damage|p2b: Volcarona|58\/100\n|move|p1a: Flutter Mane|Shadow Ball|p2b: Volcarona\n|-damage|p2b: Volcarona|11\/100\n|-enditem|p2b: Volcarona|Aguav Berry|[eat]\n|-heal|p2b: Volcarona|44\/100|[from] item: Aguav Berry\n|-damage|p1a: Flutter Mane|81\/100|[from] item: Life Orb\n|move|p2a: Glimmora|Stealth Rock|p1b: Chien-Pao\n|-sidestart|p1: wackomarko|move: Stealth Rock\n|move|p2b: Volcarona|Will-O-Wisp|p1a: Flutter Mane\n|-status|p1a: Flutter Mane|brn\n|\n|-damage|p1b: Chien-Pao|83\/100 brn|[from] brn\n|-damage|p1a: Flutter Mane|75\/100 brn|[from] brn\n|upkeep\n|turn|4\n|\n|t:|1683941069\n|move|p2a: Glimmora|Spiky Shield|p2a: Glimmora\n|-singleturn|p2a: Glimmora|move: Protect\n|move|p2b: Volcarona|Protect|p2b: Volcarona\n|-singleturn|p2b: Volcarona|Protect\n|move|p1b: Chien-Pao|Sucker Punch||[still]\n|-fail|p1b: Chien-Pao\n|move|p1a: Flutter Mane|Shadow Ball|p2a: Glimmora\n|-activate|p2a: Glimmora|move: Protect\n|\n|-damage|p1b: Chien-Pao|77\/100 brn|[from] brn\n|-damage|p1a: Flutter Mane|69\/100 brn|[from] brn\n|upkeep\n|turn|5\n|\n|t:|1683941086\n|move|p1b: Chien-Pao|Sucker Punch|p2b: Volcarona\n|-damage|p2b: Volcarona|23\/100\n|move|p1a: Flutter Mane|Shadow Ball|p2a: Glimmora\n|-damage|p2a: Glimmora|0 fnt\n|faint|p2a: Glimmora\n|-damage|p1a: Flutter Mane|60\/100 brn|[from] item: Life Orb\n|move|p2b: Volcarona|Fire Spin|p1a: Flutter Mane\n|-damage|p1a: Flutter Mane|45\/100 brn\n|-activate|p1a: Flutter Mane|move: Fire Spin|[of] p2b: Volcarona\n|\n|-damage|p1b: Chien-Pao|71\/100 brn|[from] brn\n|-damage|p1a: Flutter Mane|39\/100 brn|[from] brn\n|-damage|p1a: Flutter Mane|26\/100 brn|[from] move: Fire Spin|[partiallytrapped]\n|upkeep\n|\n|t:|1683941098\n|switch|p2a: Garganacl|Garganacl, L50, M|100\/100\n|turn|6\n|\n|t:|1683941116\n|move|p2b: Volcarona|Rage Powder|p2b: Volcarona\n|-singleturn|p2b: Volcarona|move: Rage Powder\n|move|p1b: Chien-Pao|Ice Spinner|p2b: Volcarona\n|-resisted|p2b: Volcarona\n|-damage|p2b: Volcarona|10\/100\n|move|p1a: Flutter Mane|Shadow Ball|p2b: Volcarona\n|-damage|p2b: Volcarona|0 fnt\n|faint|p2b: Volcarona\n|-damage|p1a: Flutter Mane|17\/100 brn|[from] item: Life Orb\n|move|p2a: Garganacl|Salt Cure|p1b: Chien-Pao\n|-damage|p1b: Chien-Pao|51\/100 brn\n|-start|p1b: Chien-Pao|Salt Cure\n|\n|-damage|p1b: Chien-Pao|46\/100 brn|[from] brn\n|-damage|p1a: Flutter Mane|11\/100 brn|[from] brn\n|-damage|p1b: Chien-Pao|33\/100 brn|[from] Salt Cure\n|-end|p1a: Flutter Mane|Fire Spin|[partiallytrapped]|[silent]\n|upkeep\n|\n|t:|1683941130\n|switch|p2b: Wo-Chien|Wo-Chien, L50|100\/100\n|-ability|p2b: Wo-Chien|Tablets of Ruin\n|turn|7\n|\n|t:|1683941139\n|move|p2b: Wo-Chien|Protect|p2b: Wo-Chien\n|-singleturn|p2b: Wo-Chien|Protect\n|move|p2a: Garganacl|Protect|p2a: Garganacl\n|-singleturn|p2a: Garganacl|Protect\n|move|p1b: Chien-Pao|Ice Spinner|p2b: Wo-Chien\n|-activate|p2b: Wo-Chien|move: Protect\n|move|p1a: Flutter Mane|Dazzling Gleam|p2a: Garganacl|[spread] \n|-activate|p2a: Garganacl|move: Protect\n|-activate|p2b: Wo-Chien|move: Protect\n|\n|-damage|p1b: Chien-Pao|28\/100 brn|[from] brn\n|-damage|p1a: Flutter Mane|5\/100 brn|[from] brn\n|-damage|p1b: Chien-Pao|15\/100 brn|[from] Salt Cure\n|upkeep\n|turn|8\n|inactive|beetle the bard has 30 seconds left.\n|\n|t:|1683941164\n|-terastallize|p2b: Wo-Chien|Water\n|move|p2a: Garganacl|Wide Guard|p2a: Garganacl\n|-singleturn|p2a: Garganacl|Wide Guard\n|move|p1b: Chien-Pao|Ice Spinner|p2b: Wo-Chien\n|-resisted|p2b: Wo-Chien\n|-damage|p2b: Wo-Chien|93\/100\n|move|p1a: Flutter Mane|Dazzling Gleam|p2b: Wo-Chien|[spread] \n|-activate|p2a: Garganacl|move: Wide Guard\n|-activate|p2b: Wo-Chien|move: Wide Guard\n|move|p2b: Wo-Chien|Ingrain|p2b: Wo-Chien\n|-start|p2b: Wo-Chien|move: Ingrain\n|\n|-heal|p2b: Wo-Chien|100\/100|[from] Ingrain\n|-damage|p1b: Chien-Pao|10\/100 brn|[from] brn\n|-damage|p1a: Flutter Mane|0 fnt|[from] brn\n|faint|p1a: Flutter Mane\n|-end|p1a: Flutter Mane|Protosynthesis|[silent]\n|-damage|p1b: Chien-Pao|0 fnt|[from] Salt Cure\n|faint|p1b: Chien-Pao\n|upkeep\n|\n|t:|1683941181\n|switch|p1b: Dragapult|Dragapult, L50, M, shiny|100\/100\n|switch|p1a: Gyarados|Gyarados, L50, M, shiny|100\/100\n|-status|p1b: Dragapult|psn\n|-damage|p1b: Dragapult|88\/100 psn|[from] Stealth Rock\n|-damage|p1a: Gyarados|76\/100|[from] Stealth Rock\n|-ability|p1a: Gyarados|Intimidate|boost\n|-unboost|p2a: Garganacl|atk|1\n|-unboost|p2b: Wo-Chien|atk|1\n|turn|9\n|inactive|wackomarko has 30 seconds left.\n|\n|t:|1683941210\n|move|p1b: Dragapult|Phantom Force||[still]\n|-prepare|p1b: Dragapult|Phantom Force\n|move|p1a: Gyarados|Dragon Dance|p1a: Gyarados\n|-boost|p1a: Gyarados|atk|1\n|-boost|p1a: Gyarados|spe|1\n|move|p2b: Wo-Chien|Leech Seed|p1b: Dragapult|[miss]\n|-miss|p2b: Wo-Chien|p1b: Dragapult\n|move|p2a: Garganacl|Salt Cure|p1a: Gyarados\n|-supereffective|p1a: Gyarados\n|-damage|p1a: Gyarados|60\/100\n|-start|p1a: Gyarados|Salt Cure\n|\n|-damage|p1b: Dragapult|76\/100 psn|[from] psn\n|-damage|p1a: Gyarados|35\/100|[from] Salt Cure\n|upkeep\n|turn|10\n|\n|t:|1683941234\n|move|p1b: Dragapult|Phantom Force|p2a: Garganacl|[from]lockedmove\n|-damage|p2a: Garganacl|86\/100\n|move|p1a: Gyarados|Dragon Dance|p1a: Gyarados\n|-boost|p1a: Gyarados|atk|1\n|-boost|p1a: Gyarados|spe|1\n|move|p2b: Wo-Chien|Pollen Puff|p2a: Garganacl\n|-heal|p2a: Garganacl|100\/100\n|move|p2a: Garganacl|Salt Cure|p1b: Dragapult\n|-damage|p1b: Dragapult|65\/100 psn\n|-start|p1b: Dragapult|Salt Cure\n|\n|-damage|p1b: Dragapult|53\/100 psn|[from] psn\n|-damage|p1a: Gyarados|10\/100|[from] Salt Cure\n|-damage|p1b: Dragapult|41\/100 psn|[from] Salt Cure\n|upkeep\n|turn|11\n|c|\u2606wackomarko|gg all you\n|c|\u2606beetle the bard|gg bro\n|\n|t:|1683941253\n|move|p2b: Wo-Chien|Protect|p2b: Wo-Chien\n|-singleturn|p2b: Wo-Chien|Protect\n|move|p2a: Garganacl|Protect|p2a: Garganacl\n|-singleturn|p2a: Garganacl|Protect\n|move|p1a: Gyarados|Waterfall|p2a: Garganacl\n|-activate|p2a: Garganacl|move: Protect\n|move|p1b: Dragapult|Phantom Force||[still]\n|-prepare|p1b: Dragapult|Phantom Force\n|\n|-damage|p1b: Dragapult|29\/100 psn|[from] psn\n|-damage|p1a: Gyarados|0 fnt|[from] Salt Cure\n|faint|p1a: Gyarados\n|-damage|p1b: Dragapult|16\/100 psn|[from] Salt Cure\n|upkeep\n|turn|12\n|\n|t:|1683941267\n|move|p1b: Dragapult|Phantom Force|p2a: Garganacl|[from]lockedmove\n|-crit|p2a: Garganacl\n|-damage|p2a: Garganacl|80\/100\n|move|p2b: Wo-Chien|Pollen Puff|p1b: Dragapult\n|-resisted|p1b: Dragapult\n|-damage|p1b: Dragapult|2\/100 psn\n|move|p2a: Garganacl|Salt Cure|p1b: Dragapult\n|-damage|p1b: Dragapult|0 fnt\n|faint|p1b: Dragapult\n|\n|win|beetle the bard\n|raw|wackomarko's rating: 1099 → 1073<\/strong> (-26 for losing)\n|raw|beetle the bard's rating: 1085 → 1113<\/strong> (+28 for winning)\n|c|\u2606wackomarko|such an evil team LOL\n|c|\u2606beetle the bard|ye\n","uploadtime":1683941281,"views":6,"p1id":"wackomarko","p2id":"beetlethebard","formatid":"gen9vgc2023regulationc","rating":1073,"private":0,"password":""}