{"id":"gen9vgc2023regulationc-1856105467","p1":"Hinokami ascension","p2":"pokemetti1","format":"[Gen 9] VGC 2023 Regulation C","log":"|j|\u2606Hinokami ascension\n|j|\u2606pokemetti1\n|t:|1683030705\n|gametype|doubles\n|player|p1|Hinokami ascension|hilbert-wonderlauncher|1384\n|player|p2|pokemetti1|169|1404\n|teamsize|p1|6\n|teamsize|p2|6\n|gen|9\n|tier|[Gen 9] VGC 2023 Regulation C\n|rated|\n|rule|Species Clause: Limit one of each Pok\u00e9mon\n|rule|Item Clause: Limit one of each item\n|clearpoke\n|poke|p1|Talonflame, L50, F|\n|poke|p1|Iron Bundle, L50|\n|poke|p1|Torkoal, L50, M|\n|poke|p1|Flutter Mane, L50|\n|poke|p1|Great Tusk, L50|\n|poke|p1|Chi-Yu, L50|\n|poke|p2|Maushold, L50|\n|poke|p2|Annihilape, L50, M|\n|poke|p2|Grimmsnarl, L50, M|\n|poke|p2|Ting-Lu, L50|\n|poke|p2|Flutter Mane, L50|\n|poke|p2|Chien-Pao, L50|\n|teampreview|4\n|inactive|Battle timer is ON: inactive players will automatically lose when time's up. (requested by pokemetti1)\n|inactive|pokemetti1 has 60 seconds left.\n|\n|t:|1683030744\n|start\n|switch|p1a: Daki|Flutter Mane, L50, shiny|100\/100\n|switch|p1b: Tomioka|Iron Bundle, L50, shiny|100\/100\n|switch|p2a: Grimmsnarl|Grimmsnarl, L50, M|100\/100\n|switch|p2b: Ting-Lu|Ting-Lu, L50|100\/100\n|-ability|p2b: Ting-Lu|Vessel of Ruin\n|-enditem|p1b: Tomioka|Booster Energy\n|-activate|p1b: Tomioka|ability: Quark Drive|[fromitem]\n|-start|p1b: Tomioka|quarkdrivespe\n|turn|1\n|\n|t:|1683030763\n|-end|p1a: Daki|Protosynthesis|[silent]\n|switch|p1a: Inosuke|Great Tusk, L50, shiny|100\/100\n|move|p2a: Grimmsnarl|Light Screen|p2a: Grimmsnarl\n|-sidestart|p2: pokemetti1|move: Light Screen\n|move|p1b: Tomioka|Hydro Pump|p2b: Ting-Lu\n|-supereffective|p2b: Ting-Lu\n|-damage|p2b: Ting-Lu|76\/100\n|move|p2b: Ting-Lu|Heavy Slam|p1a: Inosuke\n|-damage|p1a: Inosuke|87\/100\n|\n|upkeep\n|turn|2\n|\n|t:|1683030782\n|move|p2a: Grimmsnarl|Reflect|p2a: Grimmsnarl\n|-sidestart|p2: pokemetti1|Reflect\n|move|p1b: Tomioka|Freeze-Dry|p2b: Ting-Lu\n|-supereffective|p2b: Ting-Lu\n|-damage|p2b: Ting-Lu|61\/100\n|move|p1a: Inosuke|Close Combat|p2b: Ting-Lu\n|-supereffective|p2b: Ting-Lu\n|-damage|p2b: Ting-Lu|15\/100\n|-unboost|p1a: Inosuke|def|1\n|-unboost|p1a: Inosuke|spd|1\n|move|p2b: Ting-Lu|Stomping Tantrum|p1b: Tomioka\n|-damage|p1b: Tomioka|64\/100\n|\n|upkeep\n|turn|3\n|\n|t:|1683030805\n|-end|p1a: Inosuke|Protosynthesis|[silent]\n|switch|p1a: Daki|Flutter Mane, L50, shiny|100\/100\n|switch|p2b: Annihilape|Annihilape, L50, M|100\/100\n|move|p2a: Grimmsnarl|Sucker Punch||[still]\n|-fail|p2a: Grimmsnarl\n|move|p1b: Tomioka|Freeze-Dry|p2b: Annihilape\n|-damage|p2b: Annihilape|82\/100\n|\n|upkeep\n|turn|4\n|\n|t:|1683030825\n|-terastallize|p1a: Daki|Fairy\n|-terastallize|p2b: Annihilape|Water\n|move|p2a: Grimmsnarl|Sucker Punch|p1a: Daki\n|-resisted|p1a: Daki\n|-damage|p1a: Daki|77\/100\n|move|p1b: Tomioka|Hydro Pump|p2b: Annihilape\n|-resisted|p2b: Annihilape\n|-damage|p2b: Annihilape|68\/100\n|move|p1a: Daki|Dazzling Gleam|p2b: Annihilape|[spread] p2a,p2b\n|-supereffective|p2a: Grimmsnarl\n|-damage|p2a: Grimmsnarl|31\/100\n|-damage|p2b: Annihilape|32\/100\n|-enditem|p2b: Annihilape|Sitrus Berry|[eat]\n|-heal|p2b: Annihilape|57\/100|[from] item: Sitrus Berry\n|move|p2b: Annihilape|Drain Punch|p1b: Tomioka\n|-supereffective|p1b: Tomioka\n|-damage|p1b: Tomioka|0 fnt\n|-heal|p2b: Annihilape|81\/100|[from] drain|[of] p1b: Tomioka\n|faint|p1b: Tomioka\n|-end|p1b: Tomioka|Quark Drive|[silent]\n|\n|upkeep\n|\n|t:|1683030832\n|switch|p1b: Inosuke|Great Tusk, L50, shiny|87\/100\n|turn|5\n|\n|t:|1683030853\n|move|p2a: Grimmsnarl|Sucker Punch|p1b: Inosuke\n|-resisted|p1b: Inosuke\n|-damage|p1b: Inosuke|76\/100\n|move|p1b: Inosuke|Headlong Rush|p2b: Annihilape\n|-damage|p2b: Annihilape|36\/100\n|-unboost|p1b: Inosuke|def|1\n|-unboost|p1b: Inosuke|spd|1\n|move|p1a: Daki|Dazzling Gleam|p2a: Grimmsnarl|[spread] p2a,p2b\n|-supereffective|p2a: Grimmsnarl\n|-damage|p2a: Grimmsnarl|0 fnt\n|-damage|p2b: Annihilape|1\/100\n|faint|p2a: Grimmsnarl\n|move|p2b: Annihilape|Rage Fist|p1b: Inosuke\n|-damage|p1b: Inosuke|0 fnt\n|faint|p1b: Inosuke\n|-end|p1b: Inosuke|Protosynthesis|[silent]\n|\n|upkeep\n|\n|t:|1683030876\n|switch|p1b: Yoriichi|Chi-Yu, L50|100\/100\n|switch|p2a: Ting-Lu|Ting-Lu, L50|15\/100\n|-ability|p1b: Yoriichi|Beads of Ruin\n|-ability|p2a: Ting-Lu|Vessel of Ruin\n|turn|6\n|\n|t:|1683030895\n|move|p2b: Annihilape|Protect|p2b: Annihilape\n|-singleturn|p2b: Annihilape|Protect\n|move|p1a: Daki|Dazzling Gleam|p2a: Ting-Lu|[spread] p2a\n|-activate|p2b: Annihilape|move: Protect\n|-supereffective|p2a: Ting-Lu\n|-damage|p2a: Ting-Lu|0 fnt\n|faint|p2a: Ting-Lu\n|move|p1b: Yoriichi|Heat Wave|p2b: Annihilape\n|-activate|p2b: Annihilape|move: Protect\n|\n|upkeep\n|\n|t:|1683030898\n|switch|p2a: Chien-Pao|Chien-Pao, L50|100\/100\n|-ability|p2a: Chien-Pao|Sword of Ruin\n|turn|7\n|\n|t:|1683030916\n|move|p2a: Chien-Pao|Ice Spinner|p1a: Daki\n|-damage|p1a: Daki|0 fnt\n|faint|p1a: Daki\n|-end|p1a: Daki|Protosynthesis|[silent]\n|move|p1b: Yoriichi|Heat Wave|p2b: Annihilape|[spread] p2a,p2b\n|-supereffective|p2a: Chien-Pao\n|-resisted|p2b: Annihilape\n|-crit|p2b: Annihilape\n|-enditem|p2a: Chien-Pao|Focus Sash\n|-damage|p2a: Chien-Pao|1\/100\n|-damage|p2b: Annihilape|0 fnt\n|faint|p2b: Annihilape\n|-damage|p1b: Yoriichi|91\/100|[from] item: Life Orb\n|\n|upkeep\n|turn|8\n|\n|t:|1683030931\n|move|p2a: Chien-Pao|Protect|p2a: Chien-Pao\n|-singleturn|p2a: Chien-Pao|Protect\n|move|p1b: Yoriichi|Heat Wave|p2a: Chien-Pao\n|-activate|p2a: Chien-Pao|move: Protect\n|\n|-sideend|p2: pokemetti1|move: Light Screen\n|upkeep\n|turn|9\n|\n|t:|1683030941\n|move|p2a: Chien-Pao|Sucker Punch|p1b: Yoriichi\n|-resisted|p1b: Yoriichi\n|-damage|p1b: Yoriichi|54\/100\n|move|p1b: Yoriichi|Dark Pulse|p2a: Chien-Pao\n|-resisted|p2a: Chien-Pao\n|-damage|p2a: Chien-Pao|0 fnt\n|faint|p2a: Chien-Pao\n|-damage|p1b: Yoriichi|45\/100|[from] item: Life Orb\n|\n|win|Hinokami ascension\n|raw|Hinokami ascension's rating: 1384 → 1405<\/strong> (+21 for winning)\n|raw|pokemetti1's rating: 1404 → 1383<\/strong> (-21 for losing)\n|l|\u2606pokemetti1\n","uploadtime":1683030950,"views":6,"p1id":"hinokamiascension","p2id":"pokemetti1","formatid":"gen9vgc2023regulationc","rating":1383,"private":0,"password":""}