{"id":"gen9vgc2023regulationc-1847664112","p1":"JavoNieto","p2":"Giuliotrobb","format":"[Gen 9] VGC 2023 Regulation C","log":"|j|\u2606JavoNieto\n|j|\u2606Giuliotrobb\n|t:|1681989590\n|gametype|doubles\n|player|p1|JavoNieto|lance|1364\n|player|p2|Giuliotrobb|roughneck-gen4|1357\n|teamsize|p1|6\n|teamsize|p2|6\n|gen|9\n|tier|[Gen 9] VGC 2023 Regulation C\n|rated|\n|rule|Species Clause: Limit one of each Pok\u00e9mon\n|rule|Item Clause: Limit one of each item\n|clearpoke\n|poke|p1|Iron Hands, L50|\n|poke|p1|Gyarados, L50, F|\n|poke|p1|Ting-Lu, L50|\n|poke|p1|Flutter Mane, L50|\n|poke|p1|Amoonguss, L50, F|\n|poke|p1|Chi-Yu, L50|\n|poke|p2|Pelipper, L50, F|\n|poke|p2|Gholdengo, L50|\n|poke|p2|Palafin, L50, F|\n|poke|p2|Chien-Pao, L50|\n|poke|p2|Iron Hands, L50|\n|poke|p2|Amoonguss, L50, F|\n|teampreview|4\n|j| chacaad\n|inactive|Battle timer is ON: inactive players will automatically lose when time's up. (requested by JavoNieto)\n|inactive|Giuliotrobb has 60 seconds left.\n|\n|t:|1681989729\n|start\n|switch|p1a: Iron Hands|Iron Hands, L50, shiny|100\/100\n|switch|p1b: Amoonguss|Amoonguss, L50, F, shiny|100\/100\n|switch|p2a: Iron Hands|Iron Hands, L50|100\/100\n|switch|p2b: Palafin|Palafin, L50, F|100\/100\n|turn|1\n|\n|t:|1681989744\n|detailschange|p2b: Palafin|Palafin-Hero, L50, F\n|switch|p2b: Amoonguss|Amoonguss, L50, F|100\/100\n|move|p2a: Iron Hands|Fake Out|p1b: Amoonguss\n|-damage|p1b: Amoonguss|87\/100\n|move|p1a: Iron Hands|Swords Dance|p1a: Iron Hands\n|-boost|p1a: Iron Hands|atk|2\n|cant|p1b: Amoonguss|flinch\n|\n|upkeep\n|turn|2\n|inactive|Giuliotrobb has 30 seconds left.\n|inactive|Giuliotrobb has 20 seconds left.\n|\n|t:|1681989781\n|move|p1a: Iron Hands|Drain Punch|p2a: Iron Hands\n|-damage|p2a: Iron Hands|46\/100\n|move|p2a: Iron Hands|Volt Switch|p1a: Iron Hands\n|-resisted|p1a: Iron Hands\n|-damage|p1a: Iron Hands|96\/100\n|\n|t:|1681989793\n|-end|p2a: Iron Hands|Quark Drive|[silent]\n|switch|p2a: Pelipper|Pelipper, L50, F|100\/100|[from] Volt Switch\n|-weather|RainDance|[from] ability: Drizzle|[of] p2a: Pelipper\n|move|p1b: Amoonguss|Pollen Puff|p1a: Iron Hands\n|-heal|p1a: Iron Hands|100\/100\n|move|p2b: Amoonguss|Leaf Storm|p1a: Iron Hands\n|-damage|p1a: Iron Hands|71\/100\n|-unboost|p2b: Amoonguss|spa|2\n|\n|-weather|RainDance|[upkeep]\n|upkeep\n|turn|3\n|inactive|JavoNieto has 30 seconds left.\n|inactive|Giuliotrobb has 30 seconds left.\n|\n|t:|1681989827\n|switch|p2b: Palafin|Palafin-Hero, L50, F|100\/100\n|-activate|p2b: Palafin|ability: Zero to Hero\n|move|p2a: Pelipper|Protect|p2a: Pelipper\n|-singleturn|p2a: Pelipper|Protect\n|move|p1b: Amoonguss|Rage Powder|p1b: Amoonguss\n|-singleturn|p1b: Amoonguss|move: Rage Powder\n|move|p1a: Iron Hands|Wild Charge|p2a: Pelipper\n|-activate|p2a: Pelipper|move: Protect\n|\n|-weather|RainDance|[upkeep]\n|upkeep\n|turn|4\n|\n|t:|1681989846\n|-terastallize|p2a: Pelipper|Steel\n|move|p1b: Amoonguss|Protect|p1b: Amoonguss\n|-singleturn|p1b: Amoonguss|Protect\n|move|p2b: Palafin|Wave Crash|p1a: Iron Hands\n|-damage|p1a: Iron Hands|0 fnt\n|faint|p1a: Iron Hands\n|-end|p1a: Iron Hands|Quark Drive|[silent]\n|-damage|p2b: Palafin|72\/100|[from] Recoil\n|move|p2a: Pelipper|Hurricane|p1b: Amoonguss\n|-activate|p1b: Amoonguss|move: Protect\n|\n|-weather|RainDance|[upkeep]\n|upkeep\n|\n|t:|1681989858\n|switch|p1a: Gyarados|Gyarados, L50, F, shiny|100\/100\n|-ability|p1a: Gyarados|Intimidate|boost\n|-unboost|p2a: Pelipper|atk|1\n|-unboost|p2b: Palafin|atk|1\n|turn|5\n|\n|t:|1681989875\n|switch|p2b: Amoonguss|Amoonguss, L50, F|100\/100\n|-terastallize|p1b: Amoonguss|Water\n|move|p1a: Gyarados|Thunder Wave|p2a: Pelipper\n|-status|p2a: Pelipper|par\n|move|p1b: Amoonguss|Spore|p2b: Amoonguss\n|-immune|p2b: Amoonguss\n|cant|p2a: Pelipper|par\n|\n|-weather|RainDance|[upkeep]\n|upkeep\n|turn|6\n|\n|t:|1681989897\n|switch|p1b: Flutter Mane|Flutter Mane, L50, shiny|100\/100\n|-enditem|p1b: Flutter Mane|Booster Energy\n|-activate|p1b: Flutter Mane|ability: Protosynthesis|[fromitem]\n|-start|p1b: Flutter Mane|protosynthesisspa\n|switch|p2b: Iron Hands|Iron Hands, L50|46\/100\n|move|p1a: Gyarados|Taunt|p2b: Iron Hands\n|-start|p2b: Iron Hands|move: Taunt\n|move|p2a: Pelipper|Tailwind|p2a: Pelipper\n|-sidestart|p2: Giuliotrobb|move: Tailwind\n|\n|-weather|RainDance|[upkeep]\n|upkeep\n|turn|7\n|inactive|JavoNieto has 30 seconds left.\n|inactive|Giuliotrobb has 30 seconds left.\n|inactive|Giuliotrobb has 20 seconds left.\n|\n|t:|1681989933\n|-end|p2b: Iron Hands|Quark Drive|[silent]\n|switch|p2b: Amoonguss|Amoonguss, L50, F|100\/100\n|switch|p1a: Amoonguss|Amoonguss, L50, F, shiny, tera:Water|100\/100\n|switch|p2a: Palafin|Palafin-Hero, L50, F|72\/100\n|move|p1b: Flutter Mane|Substitute|p1b: Flutter Mane\n|-start|p1b: Flutter Mane|Substitute\n|-damage|p1b: Flutter Mane|76\/100\n|\n|-weather|RainDance|[upkeep]\n|upkeep\n|turn|8\n|\n|t:|1681989957\n|move|p2a: Palafin|Protect|p2a: Palafin\n|-singleturn|p2a: Palafin|Protect\n|move|p1a: Amoonguss|Rage Powder|p1a: Amoonguss\n|-singleturn|p1a: Amoonguss|move: Rage Powder\n|move|p1b: Flutter Mane|Moonblast|p2a: Palafin\n|-activate|p2a: Palafin|move: Protect\n|move|p2b: Amoonguss|Spore|p1a: Amoonguss\n|-status|p1a: Amoonguss|slp|[from] move: Spore\n|\n|-weather|RainDance|[upkeep]\n|upkeep\n|turn|9\n|\n|t:|1681989969\n|move|p1b: Flutter Mane|Protect|p1b: Flutter Mane\n|-singleturn|p1b: Flutter Mane|Protect\n|move|p2a: Palafin|Jet Punch|p1b: Flutter Mane\n|-activate|p1b: Flutter Mane|move: Protect\n|move|p2b: Amoonguss|Spore|p1b: Flutter Mane\n|-activate|p1b: Flutter Mane|move: Protect\n|cant|p1a: Amoonguss|slp\n|\n|-weather|none\n|-sideend|p2: Giuliotrobb|move: Tailwind\n|upkeep\n|turn|10\n|\n|t:|1681989994\n|move|p2a: Palafin|Jet Punch|p1b: Flutter Mane\n|-end|p1b: Flutter Mane|Substitute\n|move|p1b: Flutter Mane|Substitute|p1b: Flutter Mane\n|-start|p1b: Flutter Mane|Substitute\n|-damage|p1b: Flutter Mane|52\/100\n|cant|p1a: Amoonguss|slp\n|move|p2b: Amoonguss|Spore||[still]\n|-fail|p2b: Amoonguss\n|\n|upkeep\n|turn|11\n|\n|t:|1681990006\n|move|p1b: Flutter Mane|Substitute|p1b: Flutter Mane\n|-fail|p1b: Flutter Mane|move: Substitute\n|move|p2a: Palafin|Wave Crash|p1a: Amoonguss\n|-resisted|p1a: Amoonguss\n|-damage|p1a: Amoonguss|65\/100 slp\n|-damage|p2a: Palafin|59\/100|[from] Recoil\n|cant|p1a: Amoonguss|slp\n|move|p2b: Amoonguss|Leaf Storm|p1a: Amoonguss\n|-supereffective|p1a: Amoonguss\n|-damage|p1a: Amoonguss|0 fnt\n|-unboost|p2b: Amoonguss|spa|2\n|faint|p1a: Amoonguss\n|\n|upkeep\n|\n|t:|1681990014\n|switch|p1a: Gyarados|Gyarados, L50, F, shiny|100\/100\n|-ability|p1a: Gyarados|Intimidate|boost\n|-unboost|p2a: Palafin|atk|1\n|-unboost|p2b: Amoonguss|atk|1\n|turn|12\n|inactive|Giuliotrobb has 30 seconds left.\n|inactive|Giuliotrobb has 20 seconds left.\n|inactive|Giuliotrobb has 15 seconds left.\n|inactive|Giuliotrobb has 10 seconds left.\n|\n|t:|1681990061\n|switch|p2a: Pelipper|Pelipper, L50, F, tera:Steel|100\/100 par\n|-weather|RainDance|[from] ability: Drizzle|[of] p2a: Pelipper\n|switch|p2b: Iron Hands|Iron Hands, L50|46\/100\n|move|p1b: Flutter Mane|Moonblast|p2a: Pelipper\n|-resisted|p2a: Pelipper\n|-damage|p2a: Pelipper|45\/100 par\n|move|p1a: Gyarados|Waterfall|p2b: Iron Hands\n|-damage|p2b: Iron Hands|7\/100\n|\n|-weather|RainDance|[upkeep]\n|upkeep\n|turn|13\n|\n|t:|1681990082\n|move|p2b: Iron Hands|Fake Out|p1a: Gyarados\n|-damage|p1a: Gyarados|86\/100\n|move|p1b: Flutter Mane|Shadow Ball|p2a: Pelipper\n|-damage|p2a: Pelipper|0 fnt\n|faint|p2a: Pelipper\n|cant|p1a: Gyarados|flinch\n|\n|-weather|RainDance|[upkeep]\n|upkeep\n|\n|t:|1681990097\n|switch|p2a: Palafin|Palafin-Hero, L50, F|59\/100\n|turn|14\n|\n|t:|1681990112\n|move|p2a: Palafin|Protect|p2a: Palafin\n|-singleturn|p2a: Palafin|Protect\n|move|p1b: Flutter Mane|Moonblast|p2a: Palafin\n|-activate|p2a: Palafin|move: Protect\n|move|p1a: Gyarados|Waterfall|p2b: Iron Hands\n|-damage|p2b: Iron Hands|0 fnt\n|faint|p2b: Iron Hands\n|-end|p2b: Iron Hands|Quark Drive|[silent]\n|\n|-weather|RainDance|[upkeep]\n|upkeep\n|\n|t:|1681990119\n|switch|p2b: Amoonguss|Amoonguss, L50, F|100\/100\n|turn|15\n|\n|t:|1681990140\n|move|p2b: Amoonguss|Rage Powder|p2b: Amoonguss\n|-singleturn|p2b: Amoonguss|move: Rage Powder\n|move|p1b: Flutter Mane|Moonblast|p2b: Amoonguss\n|-resisted|p2b: Amoonguss\n|-damage|p2b: Amoonguss|73\/100\n|move|p2a: Palafin|Wave Crash|p1b: Flutter Mane\n|-end|p1b: Flutter Mane|Substitute\n|-damage|p2a: Palafin|54\/100|[from] Recoil|[of] p1b: Flutter Mane\n|move|p1a: Gyarados|Taunt|p2b: Amoonguss\n|-start|p2b: Amoonguss|move: Taunt\n|\n|-weather|RainDance|[upkeep]\n|upkeep\n|turn|16\n|\n|t:|1681990157\n|move|p1b: Flutter Mane|Protect|p1b: Flutter Mane\n|-singleturn|p1b: Flutter Mane|Protect\n|move|p2a: Palafin|Wave Crash|p1a: Gyarados\n|-resisted|p1a: Gyarados\n|-damage|p1a: Gyarados|15\/100\n|-enditem|p1a: Gyarados|Aguav Berry|[eat]\n|-heal|p1a: Gyarados|48\/100|[from] item: Aguav Berry\n|-damage|p2a: Palafin|32\/100|[from] Recoil\n|move|p1a: Gyarados|Thunder Wave|p2a: Palafin\n|-status|p2a: Palafin|par\n|move|p2b: Amoonguss|Leaf Storm|p1a: Gyarados\n|-damage|p1a: Gyarados|18\/100\n|-unboost|p2b: Amoonguss|spa|2\n|\n|-weather|RainDance|[upkeep]\n|upkeep\n|turn|17\n|inactive|JavoNieto has 30 seconds left.\n|\n|t:|1681990186\n|move|p2a: Palafin|Jet Punch|p1b: Flutter Mane\n|-damage|p1b: Flutter Mane|0 fnt\n|faint|p1b: Flutter Mane\n|-end|p1b: Flutter Mane|Protosynthesis|[silent]\n|move|p1a: Gyarados|Waterfall|p2a: Palafin\n|-resisted|p2a: Palafin\n|-damage|p2a: Palafin|11\/100 par\n|move|p2b: Amoonguss|Leaf Storm|p1a: Gyarados\n|-damage|p1a: Gyarados|3\/100\n|-unboost|p2b: Amoonguss|spa|2\n|\n|-weather|RainDance|[upkeep]\n|upkeep\n|turn|18\n|-message|JavoNieto forfeited.\n|\n|win|Giuliotrobb\n|raw|JavoNieto's rating: 1364 → 1344<\/strong> (-20 for losing)\n|raw|Giuliotrobb's rating: 1357 → 1377<\/strong> (+20 for winning)\n|l|\u2606JavoNieto\n|l| chacaad\n","uploadtime":1681990446,"views":14,"p1id":"javonieto","p2id":"giuliotrobb","formatid":"gen9vgc2023regulationc","rating":1344,"private":0,"password":""}