{"id":"gen9vgc2023regulationc-1857048715","p1":"Tyruntula","p2":"bryenw","format":"[Gen 9] VGC 2023 Regulation C","log":"|j|\u2606Tyruntula\n|j|\u2606bryenw\n|t:|1683140687\n|gametype|doubles\n|player|p1|Tyruntula|crasherwake|1477\n|player|p2|bryenw|102|1498\n|teamsize|p1|6\n|teamsize|p2|6\n|gen|9\n|tier|[Gen 9] VGC 2023 Regulation C\n|rated|\n|rule|Species Clause: Limit one of each Pok\u00e9mon\n|rule|Item Clause: Limit one of each item\n|clearpoke\n|poke|p1|Amoonguss, L50, F|\n|poke|p1|Flutter Mane, L50|\n|poke|p1|Iron Hands, L50|\n|poke|p1|Gyarados, L50, M|\n|poke|p1|Chi-Yu, L50|\n|poke|p1|Baxcalibur, L50, M|\n|poke|p2|Chi-Yu, L50|\n|poke|p2|Amoonguss, L50, M|\n|poke|p2|Flutter Mane, L50|\n|poke|p2|Dondozo, L50, F|\n|poke|p2|Tatsugiri-Droopy, L50, M|\n|poke|p2|Grimmsnarl, L50, M|\n|teampreview|4\n|inactive|Battle timer is ON: inactive players will automatically lose when time's up. (requested by bryenw)\n|inactive|Tyruntula has 60 seconds left.\n|\n|t:|1683140718\n|start\n|switch|p1a: Iron Hands|Iron Hands, L50|100\/100\n|switch|p1b: \ud83e\udd71\ud83c\udf46|Flutter Mane, L50|100\/100\n|switch|p2a: Chi-Yu|Chi-Yu, L50|100\/100\n|switch|p2b: Grimmsnarl|Grimmsnarl, L50, M|100\/100\n|-ability|p2a: Chi-Yu|Beads of Ruin\n|turn|1\n|\n|t:|1683140740\n|-end|p1b: \ud83e\udd71\ud83c\udf46|Protosynthesis|[silent]\n|switch|p1b: Gyarados|Gyarados, L50, M|100\/100\n|-ability|p1b: Gyarados|Intimidate|boost\n|-unboost|p2a: Chi-Yu|atk|1\n|-unboost|p2b: Grimmsnarl|atk|1\n|-terastallize|p2a: Chi-Yu|Fire\n|move|p2b: Grimmsnarl|Fake Out|p1a: Iron Hands\n|-damage|p1a: Iron Hands|93\/100\n|move|p2a: Chi-Yu|Heat Wave|p1b: Gyarados|[spread] p1a,p1b\n|-resisted|p1b: Gyarados\n|-damage|p1a: Iron Hands|43\/100\n|-damage|p1b: Gyarados|61\/100\n|cant|p1a: Iron Hands|flinch\n|\n|upkeep\n|turn|2\n|inactive|Tyruntula has 30 seconds left.\n|\n|t:|1683140768\n|move|p2b: Grimmsnarl|Fake Tears|p1b: Gyarados\n|-unboost|p1b: Gyarados|spd|2\n|move|p2a: Chi-Yu|Heat Wave|p1a: Iron Hands|[spread] p1a,p1b\n|-resisted|p1b: Gyarados\n|-damage|p1a: Iron Hands|0 fnt\n|-damage|p1b: Gyarados|0 fnt\n|faint|p1a: Iron Hands\n|-end|p1a: Iron Hands|Quark Drive|[silent]\n|faint|p1b: Gyarados\n|\n|upkeep\n|\n|t:|1683140775\n|switch|p1b: Amoonguss|Amoonguss, L50, F|100\/100\n|switch|p1a: \ud83e\udd71\ud83c\udf46|Flutter Mane, L50|100\/100\n|turn|3\n|\n|t:|1683140786\n|move|p2b: Grimmsnarl|Taunt|p1b: Amoonguss\n|-start|p1b: Amoonguss|move: Taunt\n|move|p1a: \ud83e\udd71\ud83c\udf46|Power Gem|p2a: Chi-Yu\n|-supereffective|p2a: Chi-Yu\n|-damage|p2a: Chi-Yu|0 fnt\n|faint|p2a: Chi-Yu\n|cant|p1b: Amoonguss|move: Taunt|Spore\n|\n|upkeep\n|\n|t:|1683140795\n|switch|p2a: Dondozo|Dondozo, L50, F|100\/100\n|turn|4\n|\n|t:|1683140805\n|move|p2a: Dondozo|Protect|p2a: Dondozo\n|-singleturn|p2a: Dondozo|Protect\n|move|p1a: \ud83e\udd71\ud83c\udf46|Power Gem|p2a: Dondozo\n|-activate|p2a: Dondozo|move: Protect\n|move|p2b: Grimmsnarl|Spirit Break|p1a: \ud83e\udd71\ud83c\udf46\n|-damage|p1a: \ud83e\udd71\ud83c\udf46|56\/100\n|-unboost|p1a: \ud83e\udd71\ud83c\udf46|spa|1\n|move|p1b: Amoonguss|Pollen Puff|p1a: \ud83e\udd71\ud83c\udf46\n|-heal|p1a: \ud83e\udd71\ud83c\udf46|100\/100\n|\n|upkeep\n|turn|5\n|\n|t:|1683140826\n|move|p1a: \ud83e\udd71\ud83c\udf46|Power Gem|p2a: Dondozo\n|-damage|p2a: Dondozo|53\/100\n|move|p2b: Grimmsnarl|Spirit Break|p1a: \ud83e\udd71\ud83c\udf46\n|-damage|p1a: \ud83e\udd71\ud83c\udf46|54\/100\n|-unboost|p1a: \ud83e\udd71\ud83c\udf46|spa|1\n|move|p2a: Dondozo|Substitute|p2a: Dondozo\n|-start|p2a: Dondozo|Substitute\n|-damage|p2a: Dondozo|28\/100\n|move|p1b: Amoonguss|Pollen Puff|p1a: \ud83e\udd71\ud83c\udf46\n|-heal|p1a: \ud83e\udd71\ud83c\udf46|100\/100\n|\n|-heal|p2a: Dondozo|34\/100|[from] item: Leftovers\n|-end|p1b: Amoonguss|move: Taunt\n|upkeep\n|turn|6\n|\n|t:|1683140850\n|move|p2a: Dondozo|Protect|p2a: Dondozo\n|-singleturn|p2a: Dondozo|Protect\n|move|p1b: Amoonguss|Rage Powder|p1b: Amoonguss\n|-singleturn|p1b: Amoonguss|move: Rage Powder\n|move|p2b: Grimmsnarl|Taunt|p1b: Amoonguss\n|-start|p1b: Amoonguss|move: Taunt\n|move|p1a: \ud83e\udd71\ud83c\udf46|Power Gem|p2a: Dondozo\n|-activate|p2a: Dondozo|move: Protect\n|\n|-heal|p2a: Dondozo|40\/100|[from] item: Leftovers\n|upkeep\n|turn|7\n|\n|t:|1683140873\n|move|p1a: \ud83e\udd71\ud83c\udf46|Power Gem|p2a: Dondozo\n|-end|p2a: Dondozo|Substitute\n|move|p2b: Grimmsnarl|Spirit Break|p1a: \ud83e\udd71\ud83c\udf46\n|-crit|p1a: \ud83e\udd71\ud83c\udf46\n|-damage|p1a: \ud83e\udd71\ud83c\udf46|3\/100\n|-unboost|p1a: \ud83e\udd71\ud83c\udf46|spa|1\n|move|p2a: Dondozo|Order Up|p1b: Amoonguss\n|-damage|p1b: Amoonguss|81\/100\n|move|p1b: Amoonguss|Pollen Puff|p2a: Dondozo\n|-damage|p2a: Dondozo|22\/100\n|\n|-heal|p2a: Dondozo|28\/100|[from] item: Leftovers\n|upkeep\n|turn|8\n|\n|t:|1683140894\n|move|p2a: Dondozo|Protect|p2a: Dondozo\n|-singleturn|p2a: Dondozo|Protect\n|move|p1a: \ud83e\udd71\ud83c\udf46|Power Gem|p2b: Grimmsnarl\n|-damage|p2b: Grimmsnarl|76\/100\n|move|p2b: Grimmsnarl|Spirit Break|p1a: \ud83e\udd71\ud83c\udf46\n|-damage|p1a: \ud83e\udd71\ud83c\udf46|0 fnt\n|faint|p1a: \ud83e\udd71\ud83c\udf46\n|-end|p1a: \ud83e\udd71\ud83c\udf46|Protosynthesis|[silent]\n|move|p1b: Amoonguss|Pollen Puff|p2b: Grimmsnarl\n|-damage|p2b: Grimmsnarl|50\/100\n|\n|-heal|p2a: Dondozo|34\/100|[from] item: Leftovers\n|upkeep\n|turn|9\n|-message|Tyruntula forfeited.\n|\n|win|bryenw\n|raw|Tyruntula's rating: 1477 → 1458<\/strong> (-19 for losing)\n|raw|bryenw's rating: 1498 → 1517<\/strong> (+19 for winning)\n|l|\u2606Tyruntula\n|l|\u2606bryenw\n|j|\u2606bryenw\n|player|p2|bryenw|102\n","uploadtime":1683140929,"views":11,"p1id":"tyruntula","p2id":"bryenw","formatid":"gen9vgc2023regulationc","rating":1458,"private":0,"password":""}