{"id":"gen9vgc2023regulationc-1852434077","p1":"DEADMAN100","p2":"AhaKingler","format":"[Gen 9] VGC 2023 Regulation C","log":"|j|\u2606DEADMAN100\n|j|\u2606AhaKingler\n|t:|1682557109\n|gametype|doubles\n|player|p1|DEADMAN100|gambler|1038\n|player|p2|AhaKingler|1|1090\n|teamsize|p1|6\n|teamsize|p2|6\n|gen|9\n|tier|[Gen 9] VGC 2023 Regulation C\n|rated|\n|rule|Species Clause: Limit one of each Pok\u00e9mon\n|rule|Item Clause: Limit one of each item\n|clearpoke\n|poke|p1|Amoonguss, L50, F|\n|poke|p1|Kingambit, L50, M|\n|poke|p1|Talonflame, L50, F|\n|poke|p1|Flutter Mane, L50|\n|poke|p1|Iron Bundle, L50|\n|poke|p1|Garchomp, L50, M|\n|poke|p2|Torkoal, L50, F|\n|poke|p2|Stantler, L50, F|\n|poke|p2|Scovillain, L50, F|\n|poke|p2|Great Tusk, L50|\n|poke|p2|Noivern, L50, F|\n|poke|p2|Electrode, L50|\n|teampreview|4\n|inactive|Battle timer is ON: inactive players will automatically lose when time's up. (requested by AhaKingler)\n|\n|t:|1682557145\n|start\n|switch|p1a: Garchomp|Garchomp, L50, M|100\/100\n|switch|p1b: Talonflame|Talonflame, L50, F|100\/100\n|switch|p2a: Torkoal|Torkoal, L50, F|100\/100\n|switch|p2b: Scovillain|Scovillain, L50, F|100\/100\n|-weather|SunnyDay|[from] ability: Drought|[of] p2a: Torkoal\n|turn|1\n|inactive|AhaKingler has 30 seconds left.\n|\n|t:|1682557171\n|switch|p2a: Electrode|Electrode, L50|100\/100\n|-item|p2a: Electrode|Air Balloon\n|move|p2b: Scovillain|Protect|p2b: Scovillain\n|-singleturn|p2b: Scovillain|Protect\n|move|p1b: Talonflame|Brave Bird|p2b: Scovillain\n|-activate|p2b: Scovillain|move: Protect\n|move|p1a: Garchomp|Earthquake|p2b: Scovillain|[spread] \n|-activate|p2b: Scovillain|move: Protect\n|-immune|p1b: Talonflame\n|-immune|p2a: Electrode\n|\n|-weather|SunnyDay|[upkeep]\n|upkeep\n|turn|2\n|inactive|DEADMAN100 has 30 seconds left.\n|inactive|DEADMAN100 has 20 seconds left.\n|inactive|DEADMAN100 has 15 seconds left.\n|\n|t:|1682557212\n|-terastallize|p1b: Talonflame|Ghost\n|move|p2b: Scovillain|Spicy Extract|p1a: Garchomp\n|-boost|p1a: Garchomp|atk|2\n|-unboost|p1a: Garchomp|def|2\n|move|p2a: Electrode|Foul Play|p1a: Garchomp\n|-damage|p1a: Garchomp|0 fnt\n|faint|p1a: Garchomp\n|move|p1b: Talonflame|Brave Bird|p2b: Scovillain\n|-supereffective|p2b: Scovillain\n|-enditem|p2b: Scovillain|Focus Sash\n|-damage|p2b: Scovillain|1\/100\n|-damage|p1b: Talonflame|70\/100|[from] Recoil\n|\n|-weather|SunnyDay|[upkeep]\n|upkeep\n|\n|t:|1682557228\n|switch|p1a: Iron Bundle|Iron Bundle, L50|100\/100\n|-enditem|p1a: Iron Bundle|Booster Energy\n|-activate|p1a: Iron Bundle|ability: Quark Drive|[fromitem]\n|-start|p1a: Iron Bundle|quarkdrivespa\n|turn|3\n|\n|t:|1682557249\n|move|p2a: Electrode|Helping Hand|p2b: Scovillain\n|-singleturn|p2b: Scovillain|Helping Hand|[of] p2a: Electrode\n|move|p2b: Scovillain|Solar Beam||[still]\n|-prepare|p2b: Scovillain|Solar Beam\n|-anim|p2b: Scovillain|Solar Beam|p1a: Iron Bundle\n|-supereffective|p1a: Iron Bundle\n|-damage|p1a: Iron Bundle|0 fnt\n|faint|p1a: Iron Bundle\n|-end|p1a: Iron Bundle|Quark Drive|[silent]\n|move|p1b: Talonflame|Will-O-Wisp|p2a: Electrode\n|-status|p2a: Electrode|brn\n|\n|-weather|SunnyDay|[upkeep]\n|-damage|p2a: Electrode|95\/100 brn|[from] brn\n|upkeep\n|\n|t:|1682557256\n|switch|p1a: Amoonguss|Amoonguss, L50, F|100\/100\n|turn|4\n|inactive|DEADMAN100 has 30 seconds left.\n|inactive|DEADMAN100 has 20 seconds left.\n|\n|t:|1682557295\n|move|p1a: Amoonguss|Protect|p1a: Amoonguss\n|-singleturn|p1a: Amoonguss|Protect\n|move|p2b: Scovillain|Spicy Extract|p1a: Amoonguss\n|-activate|p1a: Amoonguss|move: Protect\n|move|p2a: Electrode|Taunt|p1a: Amoonguss\n|-activate|p1a: Amoonguss|move: Protect\n|move|p1b: Talonflame|Brave Bird|p2b: Scovillain\n|-supereffective|p2b: Scovillain\n|-crit|p2b: Scovillain\n|-damage|p2b: Scovillain|0 fnt\n|faint|p2b: Scovillain\n|-damage|p1b: Talonflame|70\/100|[from] Recoil\n|\n|-weather|SunnyDay|[upkeep]\n|-damage|p2a: Electrode|89\/100 brn|[from] brn\n|upkeep\n|\n|t:|1682557313\n|switch|p2b: Noivern|Noivern, L50, F|100\/100\n|turn|5\n|\n|t:|1682557330\n|move|p2a: Electrode|Taunt|p1a: Amoonguss\n|-start|p1a: Amoonguss|move: Taunt\n|move|p1b: Talonflame|Will-O-Wisp|p2b: Noivern\n|-status|p2b: Noivern|brn\n|move|p2b: Noivern|Draco Meteor|p1b: Talonflame\n|-damage|p1b: Talonflame|0 fnt\n|-unboost|p2b: Noivern|spa|2\n|faint|p1b: Talonflame\n|move|p1a: Amoonguss|Pollen Puff|p1: Talonflame|[notarget]\n|-fail|p1a: Amoonguss\n|\n|-weather|SunnyDay|[upkeep]\n|-damage|p2a: Electrode|83\/100 brn|[from] brn\n|-damage|p2b: Noivern|94\/100 brn|[from] brn\n|upkeep\n|turn|6\n|-message|DEADMAN100 forfeited.\n|\n|win|AhaKingler\n|raw|DEADMAN100's rating: 1038 → 1025<\/strong> (-13 for losing)\n|raw|AhaKingler's rating: 1090 → 1113<\/strong> (+23 for winning)\n|l|\u2606DEADMAN100\n","uploadtime":1682557349,"views":15,"p1id":"deadman100","p2id":"ahakingler","formatid":"gen9vgc2023regulationc","rating":1025,"private":0,"password":""}