{"id":"gen9vgc2023regulationc-1854849342","p1":"WarlogFV","p2":"99jiuli","format":"[Gen 9] VGC 2023 Regulation C","log":"|j|\u2606WarlogFV\n|j|\u260699jiuli\n|t:|1682873110\n|gametype|doubles\n|player|p1|WarlogFV|erika|1253\n|player|p2|99jiuli|169|1225\n|teamsize|p1|6\n|teamsize|p2|6\n|gen|9\n|tier|[Gen 9] VGC 2023 Regulation C\n|rated|\n|rule|Species Clause: Limit one of each Pok\u00e9mon\n|rule|Item Clause: Limit one of each item\n|clearpoke\n|poke|p1|Dondozo, L50, F|\n|poke|p1|Flutter Mane, L50|\n|poke|p1|Greedent, L50, M|\n|poke|p1|Tatsugiri-Droopy, L50, M|\n|poke|p1|Torkoal, L50, F|\n|poke|p1|Hatterene, L50, F|\n|poke|p2|Klefki, L50, F|\n|poke|p2|Corviknight, L50, F|\n|poke|p2|Chi-Yu, L50|\n|poke|p2|Flutter Mane, L50|\n|poke|p2|Roaring Moon, L50|\n|poke|p2|Annihilape, L50, F|\n|teampreview|4\n|inactive|Battle timer is ON: inactive players will automatically lose when time's up. (requested by WarlogFV)\n|inactive|99jiuli has 60 seconds left.\n|\n|t:|1682873143\n|start\n|switch|p1a: Dondozo|Dondozo, L50, F|100\/100\n|switch|p1b: Flutter Mane|Flutter Mane, L50|100\/100\n|switch|p2a: Klefki|Klefki, L50, F|100\/100\n|switch|p2b: Chi-Yu|Chi-Yu, L50|100\/100\n|-ability|p2b: Chi-Yu|Beads of Ruin\n|-enditem|p1b: Flutter Mane|Booster Energy\n|-activate|p1b: Flutter Mane|ability: Protosynthesis|[fromitem]\n|-start|p1b: Flutter Mane|protosynthesisspe\n|turn|1\n|\n|t:|1682873161\n|move|p1b: Flutter Mane|Protect|p1b: Flutter Mane\n|-singleturn|p1b: Flutter Mane|Protect\n|move|p2b: Chi-Yu|Protect|p2b: Chi-Yu\n|-singleturn|p2b: Chi-Yu|Protect\n|move|p2a: Klefki|Thunder Wave|p1a: Dondozo|[miss]\n|-miss|p2a: Klefki|p1a: Dondozo\n|move|p1a: Dondozo|Earthquake|p2b: Chi-Yu|[spread] p2a\n|-activate|p1b: Flutter Mane|move: Protect\n|-activate|p2b: Chi-Yu|move: Protect\n|-supereffective|p2a: Klefki\n|-damage|p2a: Klefki|53\/100\n|\n|upkeep\n|turn|2\n|inactive|WarlogFV has 30 seconds left.\n|\n|t:|1682873188\n|-end|p1b: Flutter Mane|Protosynthesis|[silent]\n|switch|p1b: Tatsugiri|Tatsugiri-Droopy, L50, M|100\/100\n|-activate|p1b: Tatsugiri|ability: Commander|[of] p1a: Dondozo\n|-boost|p1a: Dondozo|atk|2\n|-boost|p1a: Dondozo|spa|2\n|-boost|p1a: Dondozo|spe|2\n|-boost|p1a: Dondozo|def|2\n|-boost|p1a: Dondozo|spd|2\n|move|p2a: Klefki|Thunder Wave|p1a: Dondozo\n|-status|p1a: Dondozo|par\n|move|p2b: Chi-Yu|Heat Wave|p1b: Tatsugiri|[spread] p1a\n|-miss|p2b: Chi-Yu|p1b: Tatsugiri\n|-resisted|p1a: Dondozo\n|-damage|p1a: Dondozo|85\/100 par\n|-damage|p2b: Chi-Yu|91\/100|[from] item: Life Orb\n|move|p1a: Dondozo|Earthquake|p2a: Klefki|[spread] p2a,p2b\n|-miss|p1a: Dondozo|p1b: Tatsugiri\n|-supereffective|p2a: Klefki\n|-supereffective|p2b: Chi-Yu\n|-damage|p2a: Klefki|0 fnt\n|-damage|p2b: Chi-Yu|0 fnt\n|faint|p2a: Klefki\n|faint|p2b: Chi-Yu\n|\n|-heal|p1a: Dondozo|91\/100 par|[from] item: Leftovers\n|upkeep\n|\n|t:|1682873209\n|switch|p2b: Flutter Mane|Flutter Mane, L50|100\/100\n|switch|p2a: Corviknight|Corviknight, L50, F|100\/100\n|turn|3\n|inactive|99jiuli has 30 seconds left.\n|\n|t:|1682873235\n|move|p1a: Dondozo|Protect|p1a: Dondozo\n|-singleturn|p1a: Dondozo|Protect\n|move|p2b: Flutter Mane|Thunderbolt|p1a: Dondozo\n|-activate|p1a: Dondozo|move: Protect\n|move|p2a: Corviknight|Bulk Up|p2a: Corviknight\n|-boost|p2a: Corviknight|atk|1\n|-boost|p2a: Corviknight|def|1\n|\n|-heal|p1a: Dondozo|97\/100 par|[from] item: Leftovers\n|upkeep\n|turn|4\n|\n|t:|1682873246\n|-terastallize|p1a: Dondozo|Grass\n|move|p1a: Dondozo|Protect||[still]\n|-fail|p1a: Dondozo\n|move|p2b: Flutter Mane|Thunderbolt|p1a: Dondozo\n|-resisted|p1a: Dondozo\n|-damage|p1a: Dondozo|86\/100 par\n|move|p2a: Corviknight|Bulk Up|p2a: Corviknight\n|-boost|p2a: Corviknight|atk|1\n|-boost|p2a: Corviknight|def|1\n|\n|-heal|p1a: Dondozo|93\/100 par|[from] item: Leftovers\n|upkeep\n|turn|5\n|\n|t:|1682873264\n|move|p2b: Flutter Mane|Thunderbolt|p1a: Dondozo\n|-resisted|p1a: Dondozo\n|-damage|p1a: Dondozo|81\/100 par\n|move|p2a: Corviknight|Bulk Up|p2a: Corviknight\n|-boost|p2a: Corviknight|atk|1\n|-boost|p2a: Corviknight|def|1\n|cant|p1a: Dondozo|par\n|\n|-heal|p1a: Dondozo|88\/100 par|[from] item: Leftovers\n|upkeep\n|turn|6\n|\n|t:|1682873277\n|move|p2b: Flutter Mane|Thunderbolt|p1a: Dondozo\n|-resisted|p1a: Dondozo\n|-damage|p1a: Dondozo|76\/100 par\n|move|p2a: Corviknight|Bulk Up|p2a: Corviknight\n|-boost|p2a: Corviknight|atk|1\n|-boost|p2a: Corviknight|def|1\n|move|p1a: Dondozo|Wave Crash|p2b: Flutter Mane\n|-damage|p2b: Flutter Mane|0 fnt\n|faint|p2b: Flutter Mane\n|-end|p2b: Flutter Mane|Protosynthesis|[silent]\n|-damage|p1a: Dondozo|57\/100 par|[from] Recoil\n|\n|-heal|p1a: Dondozo|63\/100 par|[from] item: Leftovers\n|upkeep\n|turn|7\n|inactive|99jiuli has 30 seconds left.\n|\n|t:|1682873302\n|move|p2a: Corviknight|Brave Bird|p1a: Dondozo\n|-supereffective|p1a: Dondozo\n|-damage|p1a: Dondozo|27\/100 par\n|-damage|p2a: Corviknight|88\/100|[from] Recoil\n|cant|p1a: Dondozo|par\n|\n|-heal|p1a: Dondozo|34\/100 par|[from] item: Leftovers\n|upkeep\n|turn|8\n|\n|t:|1682873314\n|move|p1a: Dondozo|Protect|p1a: Dondozo\n|-singleturn|p1a: Dondozo|Protect\n|move|p2a: Corviknight|Bulk Up|p2a: Corviknight\n|-boost|p2a: Corviknight|atk|1\n|-boost|p2a: Corviknight|def|1\n|\n|-heal|p1a: Dondozo|40\/100 par|[from] item: Leftovers\n|upkeep\n|turn|9\n|\n|t:|1682873324\n|move|p2a: Corviknight|Brave Bird|p1a: Dondozo\n|-supereffective|p1a: Dondozo\n|-damage|p1a: Dondozo|8\/100 par\n|-damage|p2a: Corviknight|76\/100|[from] Recoil\n|move|p1a: Dondozo|Wave Crash|p2a: Corviknight\n|-damage|p2a: Corviknight|0 fnt\n|faint|p2a: Corviknight\n|-damage|p1a: Dondozo|0 fnt|[from] Recoil\n|faint|p1a: Dondozo\n|\n|win|WarlogFV\n|raw|WarlogFV's rating: 1253 → 1276<\/strong> (+23 for winning)\n|raw|99jiuli's rating: 1225 → 1202<\/strong> (-23 for losing)\n|l|\u2606WarlogFV\n","uploadtime":1682873343,"views":13,"p1id":"warlogfv","p2id":"99jiuli","formatid":"gen9vgc2023regulationc","rating":1202,"private":0,"password":""}