{"id":"gen9vgc2023regulationc-1856385812","p1":"manilovebo1cts","p2":"Kojay","format":"[Gen 9] VGC 2023 Regulation C","log":"|j|\u2606manilovebo1cts\n|j|\u2606Kojay\n|t:|1683056449\n|gametype|doubles\n|player|p1|manilovebo1cts|schoolboy-gen2|1531\n|player|p2|Kojay|morty-gen2|1428\n|teamsize|p1|6\n|teamsize|p2|6\n|gen|9\n|tier|[Gen 9] VGC 2023 Regulation C\n|rated|\n|rule|Species Clause: Limit one of each Pok\u00e9mon\n|rule|Item Clause: Limit one of each item\n|clearpoke\n|poke|p1|Iron Hands, L50|\n|poke|p1|Amoonguss, L50, M|\n|poke|p1|Palafin, L50, M|\n|poke|p1|Arcanine, L50, F|\n|poke|p1|Flutter Mane, L50|\n|poke|p1|Ting-Lu, L50|\n|poke|p2|Lycanroc, L50, M|\n|poke|p2|Tyranitar, L50, M|\n|poke|p2|Flutter Mane, L50|\n|poke|p2|Amoonguss, L50, F|\n|poke|p2|Annihilape, L50, M|\n|poke|p2|Gyarados, L50, M|\n|teampreview|4\n|inactive|Battle timer is ON: inactive players will automatically lose when time's up. (requested by Kojay)\n|inactive|Kojay has 60 seconds left.\n|\n|t:|1683056490\n|start\n|switch|p1a: Palafin|Palafin, L50, M|100\/100\n|switch|p1b: Iron Hands|Iron Hands, L50|100\/100\n|switch|p2a: Gyarados|Gyarados, L50, M|100\/100\n|switch|p2b: Annihilape|Annihilape, L50, M|100\/100\n|-ability|p2a: Gyarados|Intimidate|boost\n|-unboost|p1a: Palafin|atk|1\n|-unboost|p1b: Iron Hands|atk|1\n|turn|1\n|\n|t:|1683056507\n|detailschange|p1a: Palafin|Palafin-Hero, L50, M\n|switch|p1a: Amoonguss|Amoonguss, L50, M|100\/100\n|move|p2a: Gyarados|Protect|p2a: Gyarados\n|-singleturn|p2a: Gyarados|Protect\n|move|p2b: Annihilape|Bulk Up|p2b: Annihilape\n|-boost|p2b: Annihilape|atk|1\n|-boost|p2b: Annihilape|def|1\n|move|p1b: Iron Hands|Iron Defense|p1b: Iron Hands\n|-boost|p1b: Iron Hands|def|2\n|\n|upkeep\n|turn|2\n|inactive|Kojay has 30 seconds left.\n|\n|t:|1683056537\n|move|p2a: Gyarados|Taunt|p1a: Amoonguss\n|-start|p1a: Amoonguss|move: Taunt\n|move|p2b: Annihilape|Bulk Up|p2b: Annihilape\n|-boost|p2b: Annihilape|atk|1\n|-boost|p2b: Annihilape|def|1\n|move|p1b: Iron Hands|Iron Defense|p1b: Iron Hands\n|-boost|p1b: Iron Hands|def|2\n|cant|p1a: Amoonguss|move: Taunt|Spore\n|\n|upkeep\n|turn|3\n|inactive|manilovebo1cts has 30 seconds left.\n|inactive|Kojay has 30 seconds left.\n|inactive|Kojay has 20 seconds left.\n|\n|t:|1683056576\n|switch|p2a: Amoonguss|Amoonguss, L50, F|100\/100\n|move|p2b: Annihilape|Bulk Up|p2b: Annihilape\n|-boost|p2b: Annihilape|atk|1\n|-boost|p2b: Annihilape|def|1\n|move|p1b: Iron Hands|Body Press|p2a: Amoonguss\n|-resisted|p2a: Amoonguss\n|-damage|p2a: Amoonguss|64\/100\n|move|p1a: Amoonguss|Pollen Puff|p2a: Amoonguss\n|-damage|p2a: Amoonguss|48\/100\n|-enditem|p2a: Amoonguss|Sitrus Berry|[eat]\n|-heal|p2a: Amoonguss|73\/100|[from] item: Sitrus Berry\n|\n|upkeep\n|turn|4\n|\n|t:|1683056598\n|move|p2b: Annihilape|Bulk Up|p2b: Annihilape\n|-boost|p2b: Annihilape|atk|1\n|-boost|p2b: Annihilape|def|1\n|move|p1b: Iron Hands|Substitute|p1b: Iron Hands\n|-start|p1b: Iron Hands|Substitute\n|-damage|p1b: Iron Hands|75\/100\n|move|p1a: Amoonguss|Clear Smog|p2b: Annihilape\n|-resisted|p2b: Annihilape\n|-damage|p2b: Annihilape|94\/100\n|-clearboost|p2b: Annihilape\n|move|p2a: Amoonguss|Clear Smog|p1b: Iron Hands\n|-activate|p1b: Iron Hands|move: Substitute|[damage]\n|\n|-heal|p2b: Annihilape|99\/100|[from] item: Leftovers\n|-heal|p1b: Iron Hands|82\/100|[from] item: Leftovers\n|-end|p1a: Amoonguss|move: Taunt\n|upkeep\n|turn|5\n|\n|t:|1683056622\n|switch|p2a: Gyarados|Gyarados, L50, M|100\/100\n|-ability|p2a: Gyarados|Intimidate|boost\n|-unboost|p1a: Amoonguss|atk|1\n|-immune|p1b: Iron Hands\n|move|p2b: Annihilape|Rage Fist|p1a: Amoonguss\n|-damage|p1a: Amoonguss|66\/100\n|move|p1b: Iron Hands|Iron Defense|p1b: Iron Hands\n|-boost|p1b: Iron Hands|def|2\n|move|p1a: Amoonguss|Spore|p2b: Annihilape\n|-status|p2b: Annihilape|slp|[from] move: Spore\n|\n|-heal|p2b: Annihilape|100\/100 slp|[from] item: Leftovers\n|-heal|p1b: Iron Hands|88\/100|[from] item: Leftovers\n|upkeep\n|turn|6\n|\n|t:|1683056646\n|switch|p1a: Palafin|Palafin-Hero, L50, M|100\/100\n|-activate|p1a: Palafin|ability: Zero to Hero\n|move|p2a: Gyarados|Protect|p2a: Gyarados\n|-singleturn|p2a: Gyarados|Protect\n|cant|p2b: Annihilape|slp\n|move|p1b: Iron Hands|Body Press|p2a: Gyarados\n|-activate|p2a: Gyarados|move: Protect\n|\n|-heal|p1b: Iron Hands|94\/100|[from] item: Leftovers\n|upkeep\n|turn|7\n|inactive|manilovebo1cts has 30 seconds left.\n|\n|t:|1683056674\n|switch|p2a: Amoonguss|Amoonguss, L50, F|100\/100\n|move|p1a: Palafin|Substitute|p1a: Palafin\n|-start|p1a: Palafin|Substitute\n|-damage|p1a: Palafin|76\/100\n|cant|p2b: Annihilape|slp\n|move|p1b: Iron Hands|Body Press|p2a: Amoonguss\n|-resisted|p2a: Amoonguss\n|-damage|p2a: Amoonguss|49\/100\n|\n|-heal|p1b: Iron Hands|100\/100|[from] item: Leftovers\n|upkeep\n|turn|8\n|-message|Kojay forfeited.\n|\n|win|manilovebo1cts\n|raw|manilovebo1cts's rating: 1531 → 1545<\/strong> (+14 for winning)\n|raw|Kojay's rating: 1428 → 1414<\/strong> (-14 for losing)\n","uploadtime":1683056685,"views":9,"p1id":"manilovebo1cts","p2id":"kojay","formatid":"gen9vgc2023regulationc","rating":1414,"private":0,"password":""}