{"id":"gen9vgc2023regulationc-1858556081","p1":"Maxonater","p2":"LumiShen","format":"[Gen 9] VGC 2023 Regulation C","log":"|j|\u2606Maxonater\n|j|\u2606LumiShen\n|t:|1683324921\n|gametype|doubles\n|player|p1|Maxonater|101|1129\n|player|p2|LumiShen|170|1035\n|teamsize|p1|6\n|teamsize|p2|6\n|gen|9\n|tier|[Gen 9] VGC 2023 Regulation C\n|rated|\n|rule|Species Clause: Limit one of each Pok\u00e9mon\n|rule|Item Clause: Limit one of each item\n|clearpoke\n|poke|p1|Flutter Mane, L50|\n|poke|p1|Chien-Pao, L50|\n|poke|p1|Roaring Moon, L50|\n|poke|p1|Dragonite, L50, M|\n|poke|p1|Dragapult, L50, M|\n|poke|p1|Talonflame, L50, M|\n|poke|p2|Abomasnow, L50, M|\n|poke|p2|Iron Bundle, L50|\n|poke|p2|Chi-Yu, L50|\n|poke|p2|Wo-Chien, L50|\n|poke|p2|Azumarill, L50, F|\n|poke|p2|Scizor, L50, M|\n|teampreview|4\n|\n|t:|1683324949\n|start\n|switch|p1a: Flutter Mane|Flutter Mane, L50|100\/100\n|switch|p1b: Chien-Pao|Chien-Pao, L50|100\/100\n|switch|p2a: Abomasnow|Abomasnow, L50, M|100\/100\n|switch|p2b: Iron Bundle|Iron Bundle, L50|100\/100\n|-ability|p1b: Chien-Pao|Sword of Ruin\n|-weather|Snow|[from] ability: Snow Warning|[of] p2a: Abomasnow\n|-enditem|p2b: Iron Bundle|Booster Energy\n|-activate|p2b: Iron Bundle|ability: Quark Drive|[fromitem]\n|-start|p2b: Iron Bundle|quarkdrivespe\n|turn|1\n|c|\u2606LumiShen|glhf\n|\n|t:|1683324983\n|switch|p2a: Azumarill|Azumarill, L50, F|100\/100\n|move|p2b: Iron Bundle|Aurora Veil|p2b: Iron Bundle\n|-sidestart|p2: LumiShen|move: Aurora Veil\n|move|p1b: Chien-Pao|Sacred Sword|p2b: Iron Bundle\n|-supereffective|p2b: Iron Bundle\n|-damage|p2b: Iron Bundle|41\/100\n|-damage|p1b: Chien-Pao|91\/100|[from] item: Life Orb\n|move|p1a: Flutter Mane|Mystical Fire|p2a: Azumarill\n|-resisted|p2a: Azumarill\n|-damage|p2a: Azumarill|91\/100\n|-unboost|p2a: Azumarill|spa|1\n|\n|-weather|Snow|[upkeep]\n|upkeep\n|turn|2\n|\n|t:|1683325018\n|-end|p1a: Flutter Mane|Protosynthesis|[silent]\n|switch|p1a: Dragonite|Dragonite, L50, M|100\/100\n|move|p2b: Iron Bundle|Protect|p2b: Iron Bundle\n|-singleturn|p2b: Iron Bundle|Protect\n|move|p1b: Chien-Pao|Sacred Sword|p2b: Iron Bundle\n|-activate|p2b: Iron Bundle|move: Protect\n|move|p2a: Azumarill|Liquidation|p1a: Dragonite\n|-resisted|p1a: Dragonite\n|-damage|p1a: Dragonite|82\/100\n|\n|-weather|Snow|[upkeep]\n|upkeep\n|turn|3\n|\n|t:|1683325048\n|-terastallize|p1a: Dragonite|Normal\n|-terastallize|p2a: Azumarill|Fairy\n|move|p1a: Dragonite|Extreme Speed|p2a: Azumarill\n|-damage|p2a: Azumarill|45\/100\n|move|p2b: Iron Bundle|Freeze-Dry|p1a: Dragonite\n|-damage|p1a: Dragonite|47\/100\n|move|p1b: Chien-Pao|Sacred Sword|p2b: Iron Bundle\n|-supereffective|p2b: Iron Bundle\n|-damage|p2b: Iron Bundle|0 fnt\n|faint|p2b: Iron Bundle\n|-end|p2b: Iron Bundle|Quark Drive|[silent]\n|-damage|p1b: Chien-Pao|81\/100|[from] item: Life Orb\n|move|p2a: Azumarill|Play Rough|p1b: Chien-Pao\n|-supereffective|p1b: Chien-Pao\n|-damage|p1b: Chien-Pao|0 fnt\n|faint|p1b: Chien-Pao\n|\n|-weather|Snow|[upkeep]\n|upkeep\n|\n|t:|1683325071\n|switch|p1b: Flutter Mane|Flutter Mane, L50|100\/100\n|switch|p2b: Abomasnow|Abomasnow, L50, M|100\/100\n|turn|4\n|\n|t:|1683325084\n|move|p2b: Abomasnow|Protect|p2b: Abomasnow\n|-singleturn|p2b: Abomasnow|Protect\n|move|p1a: Dragonite|Extreme Speed|p2a: Azumarill\n|-damage|p2a: Azumarill|10\/100\n|move|p1b: Flutter Mane|Mystical Fire|p2b: Abomasnow\n|-activate|p2b: Abomasnow|move: Protect\n|move|p2a: Azumarill|Liquidation|p1b: Flutter Mane\n|-damage|p1b: Flutter Mane|0 fnt\n|faint|p1b: Flutter Mane\n|-end|p1b: Flutter Mane|Protosynthesis|[silent]\n|\n|-weather|Snow|[upkeep]\n|upkeep\n|\n|t:|1683325100\n|switch|p1b: Roaring Moon|Roaring Moon, L50|100\/100\n|-enditem|p1b: Roaring Moon|Booster Energy\n|-activate|p1b: Roaring Moon|ability: Protosynthesis|[fromitem]\n|-start|p1b: Roaring Moon|protosynthesisatk\n|turn|5\n|\n|t:|1683325110\n|move|p1a: Dragonite|Extreme Speed|p2a: Azumarill\n|-damage|p2a: Azumarill|0 fnt\n|faint|p2a: Azumarill\n|move|p1b: Roaring Moon|Acrobatics|p2b: Abomasnow\n|-supereffective|p2b: Abomasnow\n|-damage|p2b: Abomasnow|44\/100\n|move|p2b: Abomasnow|Blizzard|p1a: Dragonite|[spread] p1a,p1b\n|-supereffective|p1b: Roaring Moon\n|-crit|p1b: Roaring Moon\n|-damage|p1a: Dragonite|13\/100\n|-damage|p1b: Roaring Moon|0 fnt\n|faint|p1b: Roaring Moon\n|-end|p1b: Roaring Moon|Protosynthesis|[silent]\n|\n|-weather|none\n|-sideend|p2: LumiShen|move: Aurora Veil\n|upkeep\n|\n|t:|1683325121\n|switch|p2a: Wo-Chien|Wo-Chien, L50|100\/100\n|-ability|p2a: Wo-Chien|Tablets of Ruin\n|turn|6\n|\n|t:|1683325140\n|move|p2b: Abomasnow|Protect|p2b: Abomasnow\n|-singleturn|p2b: Abomasnow|Protect\n|move|p1a: Dragonite|Ice Spinner|p2a: Wo-Chien\n|-supereffective|p2a: Wo-Chien\n|-damage|p2a: Wo-Chien|56\/100\n|move|p2a: Wo-Chien|Leech Seed|p1a: Dragonite\n|-start|p1a: Dragonite|move: Leech Seed\n|\n|-heal|p2a: Wo-Chien|62\/100|[from] item: Leftovers\n|-damage|p1a: Dragonite|0 fnt|[from] Leech Seed|[of] p2a: Wo-Chien\n|-heal|p2a: Wo-Chien|72\/100|[silent]\n|faint|p1a: Dragonite\n|\n|win|LumiShen\n|upkeep\n|raw|Maxonater's rating: 1129 → 1097<\/strong> (-32 for losing)\n|raw|LumiShen's rating: 1035 → 1079<\/strong> (+44 for winning)\n|c|\u2606LumiShen|gg\n|l|\u2606Maxonater\n","uploadtime":1683325220,"views":5,"p1id":"maxonater","p2id":"lumishen","formatid":"gen9vgc2023regulationc","rating":1079,"private":0,"password":""}