{"id":"gen9vgc2023regulationc-1852050293","p1":"DingyDing","p2":"Tinymaus","format":"[Gen 9] VGC 2023 Regulation C","log":"|j|\u2606DingyDing\n|j|\u2606Tinymaus\n|t:|1682519990\n|gametype|doubles\n|player|p1|DingyDing|swimmer-gen4|1098\n|player|p2|Tinymaus|hilbert|1142\n|teamsize|p1|6\n|teamsize|p2|6\n|gen|9\n|tier|[Gen 9] VGC 2023 Regulation C\n|rated|\n|rule|Species Clause: Limit one of each Pok\u00e9mon\n|rule|Item Clause: Limit one of each item\n|clearpoke\n|poke|p1|Ting-Lu, L50|\n|poke|p1|Roaring Moon, L50|\n|poke|p1|Great Tusk, L50|\n|poke|p1|Iron Bundle, L50|\n|poke|p1|Indeedee-F, L50, F|\n|poke|p1|Armarouge, L50, M|\n|poke|p2|Palafin, L50, M|\n|poke|p2|Chien-Pao, L50|\n|poke|p2|Scizor, L50, M|\n|poke|p2|Great Tusk, L50|\n|poke|p2|Flutter Mane, L50|\n|poke|p2|Dragapult, L50, F|\n|teampreview|4\n|inactive|Battle timer is ON: inactive players will automatically lose when time's up. (requested by DingyDing)\n|\n|t:|1682520010\n|start\n|switch|p1a: Indeedee|Indeedee-F, L50, F|100\/100\n|switch|p1b: Armarouge|Armarouge, L50, M|100\/100\n|switch|p2a: Palafin|Palafin, L50, M|100\/100\n|switch|p2b: Great Tusk|Great Tusk, L50|100\/100\n|-fieldstart|move: Psychic Terrain|[from] ability: Psychic Surge|[of] p1a: Indeedee\n|turn|1\n|inactive|Tinymaus has 30 seconds left.\n|\n|t:|1682520037\n|move|p2a: Palafin|Jet Punch|p1b: Armarouge\n|-activate|p1b: Armarouge|move: Psychic Terrain\n|move|p2b: Great Tusk|Headlong Rush|p1b: Armarouge\n|-supereffective|p1b: Armarouge\n|-damage|p1b: Armarouge|0 fnt\n|-unboost|p2b: Great Tusk|def|1\n|-unboost|p2b: Great Tusk|spd|1\n|faint|p1b: Armarouge\n|move|p1a: Indeedee|Reflect|p1a: Indeedee\n|-sidestart|p1: DingyDing|Reflect\n|\n|upkeep\n|\n|t:|1682520059\n|switch|p1b: Great Tusk|Great Tusk, L50|100\/100\n|turn|2\n|\n|t:|1682520075\n|-end|p2b: Great Tusk|Protosynthesis|[silent]\n|switch|p2b: Dragapult|Dragapult, L50, F, shiny|100\/100\n|move|p1a: Indeedee|Helping Hand|p1b: Great Tusk\n|-singleturn|p1b: Great Tusk|Helping Hand|[of] p1a: Indeedee\n|move|p2a: Palafin|Flip Turn|p1b: Great Tusk\n|-supereffective|p1b: Great Tusk\n|-damage|p1b: Great Tusk|77\/100\n|\n|t:|1682520084\n|detailschange|p2a: Palafin|Palafin-Hero, L50, M\n|switch|p2a: Great Tusk|Great Tusk, L50|100\/100|[from] Flip Turn\n|move|p1b: Great Tusk|Rock Slide|p2b: Dragapult|[spread] p2a,p2b\n|-resisted|p2a: Great Tusk\n|-damage|p2a: Great Tusk|92\/100\n|-damage|p2b: Dragapult|30\/100\n|-start|p1b: Great Tusk|Disable|Rock Slide|[from] ability: Cursed Body|[of] p2b: Dragapult\n|\n|upkeep\n|turn|3\n|\n|t:|1682520101\n|-end|p1b: Great Tusk|Protosynthesis|[silent]\n|switch|p1b: Iron Bundle|Iron Bundle, L50|100\/100\n|-enditem|p1b: Iron Bundle|Booster Energy\n|-activate|p1b: Iron Bundle|ability: Quark Drive|[fromitem]\n|-start|p1b: Iron Bundle|quarkdrivespe\n|move|p2b: Dragapult|Phantom Force||[still]\n|-prepare|p2b: Dragapult|Phantom Force\n|move|p2a: Great Tusk|Rock Slide|p1a: Indeedee|[spread] p1a,p1b\n|-supereffective|p1b: Iron Bundle\n|-damage|p1a: Indeedee|82\/100\n|-damage|p1b: Iron Bundle|66\/100\n|move|p1a: Indeedee|Light Screen|p1a: Indeedee\n|-sidestart|p1: DingyDing|move: Light Screen\n|\n|upkeep\n|turn|4\n|\n|t:|1682520116\n|move|p1a: Indeedee|Helping Hand|p1b: Iron Bundle\n|-singleturn|p1b: Iron Bundle|Helping Hand|[of] p1a: Indeedee\n|move|p1b: Iron Bundle|Icy Wind|p2a: Great Tusk|[spread] p2a\n|-miss|p1b: Iron Bundle|p2b: Dragapult\n|-supereffective|p2a: Great Tusk\n|-damage|p2a: Great Tusk|21\/100\n|-unboost|p2a: Great Tusk|spe|1\n|move|p2b: Dragapult|Phantom Force|p1b: Iron Bundle|[from]lockedmove\n|-damage|p1b: Iron Bundle|7\/100\n|move|p2a: Great Tusk|Close Combat|p1b: Iron Bundle\n|-supereffective|p1b: Iron Bundle\n|-damage|p1b: Iron Bundle|0 fnt\n|-unboost|p2a: Great Tusk|def|1\n|-unboost|p2a: Great Tusk|spd|1\n|faint|p1b: Iron Bundle\n|-end|p1b: Iron Bundle|Quark Drive|[silent]\n|\n|upkeep\n|\n|t:|1682520132\n|switch|p1b: Great Tusk|Great Tusk, L50|77\/100\n|turn|5\n|\n|t:|1682520147\n|-end|p2a: Great Tusk|Protosynthesis|[silent]\n|switch|p2a: Scizor|Scizor, L50, M|100\/100\n|move|p1a: Indeedee|Helping Hand|p1b: Great Tusk\n|-singleturn|p1b: Great Tusk|Helping Hand|[of] p1a: Indeedee\n|move|p2b: Dragapult|Phantom Force||[still]\n|-prepare|p2b: Dragapult|Phantom Force\n|move|p1b: Great Tusk|Rock Slide|p2a: Scizor|[spread] p2a\n|-miss|p1b: Great Tusk|p2b: Dragapult\n|-damage|p2a: Scizor|43\/100\n|\n|-fieldend|move: Psychic Terrain\n|upkeep\n|turn|6\n|\n|t:|1682520165\n|move|p1a: Indeedee|Helping Hand|p1b: Great Tusk\n|-singleturn|p1b: Great Tusk|Helping Hand|[of] p1a: Indeedee\n|move|p2a: Scizor|Bullet Punch|p1a: Indeedee\n|-damage|p1a: Indeedee|37\/100\n|-damage|p2a: Scizor|33\/100|[from] item: Life Orb\n|move|p2b: Dragapult|Phantom Force|p1b: Great Tusk|[from]lockedmove\n|-damage|p1b: Great Tusk|46\/100\n|move|p1b: Great Tusk|Rock Slide|p2b: Dragapult|[spread] p2a\n|-miss|p1b: Great Tusk|p2b: Dragapult\n|-damage|p2a: Scizor|0 fnt\n|faint|p2a: Scizor\n|\n|upkeep\n|\n|t:|1682520177\n|switch|p2a: Palafin|Palafin-Hero, L50, M|100\/100\n|-activate|p2a: Palafin|ability: Zero to Hero\n|turn|7\n|\n|t:|1682520190\n|switch|p2b: Great Tusk|Great Tusk, L50|21\/100\n|-terastallize|p2a: Palafin|Water\n|-terastallize|p1b: Great Tusk|Rock\n|move|p1a: Indeedee|Follow Me|p1a: Indeedee\n|-singleturn|p1a: Indeedee|move: Follow Me\n|move|p2a: Palafin|Jet Punch|p1a: Indeedee\n|-damage|p1a: Indeedee|0 fnt\n|faint|p1a: Indeedee\n|move|p1b: Great Tusk|Rock Slide|p2b: Great Tusk|[spread] p2a,p2b\n|-resisted|p2b: Great Tusk\n|-damage|p2a: Palafin|48\/100\n|-damage|p2b: Great Tusk|12\/100\n|\n|upkeep\n|turn|8\n|inactive|DingyDing has 30 seconds left.\n|\n|t:|1682520220\n|move|p2a: Palafin|Jet Punch|p1b: Great Tusk\n|-supereffective|p1b: Great Tusk\n|-damage|p1b: Great Tusk|0 fnt\n|faint|p1b: Great Tusk\n|-end|p1b: Great Tusk|Protosynthesis|[silent]\n|\n|win|Tinymaus\n|raw|DingyDing's rating: 1098 → 1076<\/strong> (-22 for losing)\n|raw|Tinymaus's rating: 1142 → 1164<\/strong> (+22 for winning)\n|l|\u2606DingyDing\n","uploadtime":1682520241,"views":8,"p1id":"dingyding","p2id":"tinymaus","formatid":"gen9vgc2023regulationc","rating":1076,"private":0,"password":""}