{"id":"gen9vgc2023regulationc-1847879910","p1":"Innho2","p2":"De98","format":"[Gen 9] VGC 2023 Regulation C","log":"|j|\u2606Innho2\n|j|\u2606De98\n|t:|1682009480\n|gametype|doubles\n|player|p1|Innho2|hilbert|1121\n|player|p2|De98|pokemonbreeder|1203\n|teamsize|p1|6\n|teamsize|p2|6\n|gen|9\n|tier|[Gen 9] VGC 2023 Regulation C\n|rated|\n|rule|Species Clause: Limit one of each Pok\u00e9mon\n|rule|Item Clause: Limit one of each item\n|clearpoke\n|poke|p1|Arcanine, L50, F|\n|poke|p1|Iron Bundle, L50|\n|poke|p1|Amoonguss, L50, F|\n|poke|p1|Ceruledge, L50, M|\n|poke|p1|Dragapult, L50, M|\n|poke|p1|Chien-Pao, L50|\n|poke|p2|Palafin, L50, M|\n|poke|p2|Arcanine, L50, F|\n|poke|p2|Amoonguss, L50, M|\n|poke|p2|Ting-Lu, L50|\n|poke|p2|Kingambit, L50, M|\n|poke|p2|Flutter Mane, L50|\n|teampreview|4\n|inactive|Battle timer is ON: inactive players will automatically lose when time's up. (requested by De98)\n|\n|t:|1682009505\n|start\n|switch|p1a: Iron Bundle|Iron Bundle, L50|100\/100\n|switch|p1b: Amoonguss|Amoonguss, L50, F|100\/100\n|switch|p2a: Flutter Mane|Flutter Mane, L50|100\/100\n|switch|p2b: Kingambit|Kingambit, L50, M|100\/100\n|-enditem|p1a: Iron Bundle|Booster Energy\n|-activate|p1a: Iron Bundle|ability: Quark Drive|[fromitem]\n|-start|p1a: Iron Bundle|quarkdrivespe\n|turn|1\n|\n|t:|1682009514\n|move|p1a: Iron Bundle|Icy Wind|p2b: Kingambit|[spread] p2a,p2b\n|-resisted|p2b: Kingambit\n|-crit|p2b: Kingambit\n|-damage|p2a: Flutter Mane|84\/100\n|-damage|p2b: Kingambit|86\/100\n|-unboost|p2a: Flutter Mane|spe|1\n|-unboost|p2b: Kingambit|spe|1\n|-ability|p2b: Kingambit|Defiant|boost\n|-boost|p2b: Kingambit|atk|2\n|move|p2a: Flutter Mane|Dazzling Gleam|p1b: Amoonguss|[spread] p1a,p1b\n|-resisted|p1b: Amoonguss\n|-damage|p1a: Iron Bundle|4\/100\n|-damage|p1b: Amoonguss|80\/100\n|move|p2b: Kingambit|Swords Dance|p2b: Kingambit\n|-boost|p2b: Kingambit|atk|2\n|move|p1b: Amoonguss|Spore|p2b: Kingambit\n|-status|p2b: Kingambit|slp|[from] move: Spore\n|-enditem|p2b: Kingambit|Lum Berry|[eat]\n|-curestatus|p2b: Kingambit|slp|[msg]\n|\n|upkeep\n|turn|2\n|inactive|Innho2 has 30 seconds left.\n|inactive|De98 has 30 seconds left.\n|\n|t:|1682009547\n|move|p2b: Kingambit|Protect|p2b: Kingambit\n|-singleturn|p2b: Kingambit|Protect\n|move|p1a: Iron Bundle|Icy Wind|p2b: Kingambit|[spread] \n|-activate|p2b: Kingambit|move: Protect\n|-miss|p1a: Iron Bundle|p2a: Flutter Mane\n|move|p2a: Flutter Mane|Dazzling Gleam|p1b: Amoonguss|[spread] p1a,p1b\n|-resisted|p1b: Amoonguss\n|-damage|p1a: Iron Bundle|0 fnt\n|-damage|p1b: Amoonguss|58\/100\n|faint|p1a: Iron Bundle\n|-end|p1a: Iron Bundle|Quark Drive|[silent]\n|move|p1b: Amoonguss|Spore|p2b: Kingambit\n|-activate|p2b: Kingambit|move: Protect\n|\n|upkeep\n|\n|t:|1682009554\n|switch|p1a: Chien-Pao|Chien-Pao, L50|100\/100\n|-ability|p1a: Chien-Pao|Sword of Ruin\n|turn|3\n|\n|t:|1682009577\n|-end|p2a: Flutter Mane|Protosynthesis|[silent]\n|switch|p2a: Arcanine|Arcanine, L50, F, shiny|100\/100\n|-ability|p2a: Arcanine|Intimidate|boost\n|-unboost|p1a: Chien-Pao|atk|1\n|-unboost|p1b: Amoonguss|atk|1\n|switch|p2b: Amoonguss|Amoonguss, L50, M|100\/100\n|move|p1a: Chien-Pao|Protect|p1a: Chien-Pao\n|-singleturn|p1a: Chien-Pao|Protect\n|move|p1b: Amoonguss|Spore|p2b: Amoonguss\n|-immune|p2b: Amoonguss\n|\n|upkeep\n|turn|4\n|\n|t:|1682009599\n|switch|p1b: Ceruledge|Ceruledge, L50, M|100\/100\n|move|p1a: Chien-Pao|Ice Spinner|p2b: Amoonguss\n|-supereffective|p2b: Amoonguss\n|-damage|p2b: Amoonguss|39\/100\n|-enditem|p2b: Amoonguss|Sitrus Berry|[eat]\n|-heal|p2b: Amoonguss|64\/100|[from] item: Sitrus Berry\n|move|p2a: Arcanine|Will-O-Wisp|p1a: Chien-Pao\n|-status|p1a: Chien-Pao|brn\n|move|p2b: Amoonguss|Pollen Puff|p2a: Arcanine\n|-immune|p2a: Arcanine\n|\n|-damage|p1a: Chien-Pao|95\/100 brn|[from] brn\n|upkeep\n|turn|5\n|inactive|De98 has 30 seconds left.\n|inactive|De98 has 20 seconds left.\n|\n|t:|1682009635\n|-terastallize|p1b: Ceruledge|Grass\n|-terastallize|p2b: Amoonguss|Water\n|move|p1a: Chien-Pao|Ice Spinner|p2b: Amoonguss\n|-resisted|p2b: Amoonguss\n|-damage|p2b: Amoonguss|56\/100\n|move|p2a: Arcanine|Flare Blitz|p1a: Chien-Pao\n|-supereffective|p1a: Chien-Pao\n|-damage|p1a: Chien-Pao|0 fnt\n|faint|p1a: Chien-Pao\n|-damage|p2a: Arcanine|73\/100|[from] Recoil\n|move|p1b: Ceruledge|Swords Dance|p1b: Ceruledge\n|-boost|p1b: Ceruledge|atk|2\n|move|p2b: Amoonguss|Spore|p1b: Ceruledge\n|-immune|p1b: Ceruledge\n|\n|upkeep\n|\n|t:|1682009644\n|switch|p1a: Amoonguss|Amoonguss, L50, F|91\/100\n|turn|6\n|inactive|De98 has 30 seconds left.\n|\n|t:|1682009670\n|move|p2a: Arcanine|Flare Blitz|p1a: Amoonguss\n|-supereffective|p1a: Amoonguss\n|-damage|p1a: Amoonguss|0 fnt\n|faint|p1a: Amoonguss\n|-damage|p2a: Arcanine|37\/100|[from] Recoil\n|move|p1b: Ceruledge|Swords Dance|p1b: Ceruledge\n|-boost|p1b: Ceruledge|atk|2\n|move|p2b: Amoonguss|Pollen Puff|p2a: Arcanine\n|-heal|p2a: Arcanine|87\/100\n|\n|upkeep\n|turn|7\n|\n|t:|1682009693\n|switch|p2b: Flutter Mane|Flutter Mane, L50|84\/100\n|move|p2a: Arcanine|Extreme Speed|p1b: Ceruledge\n|-damage|p1b: Ceruledge|67\/100\n|move|p1b: Ceruledge|Bitter Blade|p2a: Arcanine\n|-resisted|p2a: Arcanine\n|-damage|p2a: Arcanine|8\/100\n|-heal|p1b: Ceruledge|100\/100|[from] drain|[of] p2a: Arcanine\n|\n|upkeep\n|turn|8\n|\n|t:|1682009710\n|move|p2a: Arcanine|Extreme Speed|p1b: Ceruledge\n|-damage|p1b: Ceruledge|67\/100\n|move|p1b: Ceruledge|Shadow Sneak|p2b: Flutter Mane\n|-supereffective|p2b: Flutter Mane\n|-damage|p2b: Flutter Mane|0 fnt\n|faint|p2b: Flutter Mane\n|-end|p2b: Flutter Mane|Protosynthesis|[silent]\n|\n|upkeep\n|\n|t:|1682009719\n|switch|p2b: Kingambit|Kingambit, L50, M|86\/100\n|turn|9\n|\n|t:|1682009728\n|move|p2a: Arcanine|Extreme Speed|p1b: Ceruledge\n|-damage|p1b: Ceruledge|34\/100\n|move|p1b: Ceruledge|Bitter Blade|p2b: Kingambit\n|-supereffective|p2b: Kingambit\n|-damage|p2b: Kingambit|0 fnt\n|-heal|p1b: Ceruledge|92\/100|[from] drain|[of] p2b: Kingambit\n|faint|p2b: Kingambit\n|\n|upkeep\n|\n|t:|1682009737\n|switch|p2b: Amoonguss|Amoonguss, L50, M, tera:Water|89\/100\n|turn|10\n|\n|t:|1682009752\n|move|p2a: Arcanine|Extreme Speed|p1b: Ceruledge\n|-damage|p1b: Ceruledge|57\/100\n|move|p2b: Amoonguss|Rage Powder|p2b: Amoonguss\n|-singleturn|p2b: Amoonguss|move: Rage Powder\n|move|p1b: Ceruledge|Shadow Sneak|p2a: Arcanine\n|-damage|p2a: Arcanine|0 fnt\n|faint|p2a: Arcanine\n|\n|upkeep\n|turn|11\n|\n|t:|1682009762\n|move|p1b: Ceruledge|Bitter Blade|p2b: Amoonguss\n|-resisted|p2b: Amoonguss\n|-damage|p2b: Amoonguss|21\/100\n|-heal|p1b: Ceruledge|100\/100|[from] drain|[of] p2b: Amoonguss\n|move|p2b: Amoonguss|Pollen Puff|p1b: Ceruledge\n|-supereffective|p1b: Ceruledge\n|-damage|p1b: Ceruledge|55\/100\n|\n|upkeep\n|turn|12\n|\n|t:|1682009774\n|move|p1b: Ceruledge|Shadow Sneak|p2b: Amoonguss\n|-damage|p2b: Amoonguss|0 fnt\n|faint|p2b: Amoonguss\n|\n|win|Innho2\n|raw|Innho2's rating: 1121 → 1152<\/strong> (+31 for winning)\n|raw|De98's rating: 1203 → 1172<\/strong> (-31 for losing)\n|l|\u2606De98\n","uploadtime":1682009786,"views":9,"p1id":"innho2","p2id":"de98","formatid":"gen9vgc2023regulationc","rating":1152,"private":0,"password":""}