{"id":"gen9vgc2023regulationc-1852246399","p1":"Scrandrew","p2":"sonicspartan95","format":"[Gen 9] VGC 2023 Regulation C","log":"|j|\u2606Scrandrew\n|j|\u2606sonicspartan95\n|t:|1682536365\n|gametype|doubles\n|player|p1|Scrandrew|170|\n|player|p2|sonicspartan95|1|\n|teamsize|p1|6\n|teamsize|p2|6\n|gen|9\n|tier|[Gen 9] VGC 2023 Regulation C\n|rule|Species Clause: Limit one of each Pok\u00e9mon\n|rule|Item Clause: Limit one of each item\n|clearpoke\n|poke|p1|Drifloon, L5, M|\n|poke|p1|Wingull, L5, F|\n|poke|p1|Snover, L5, M|\n|poke|p1|Diglett, L5, F|\n|poke|p1|Gulpin, L5, F|\n|poke|p1|Swablu, L5, F|\n|poke|p2|Bronzor, L5|\n|poke|p2|Drowzee, L5, M|\n|poke|p2|Sinistea, L5|\n|poke|p2|Nacli, L5, M|\n|poke|p2|Fuecoco, L5, M|\n|poke|p2|Wooper-Paldea, L5, M|\n|teampreview|4\n|j| mharidain\n|\n|t:|1682536423\n|start\n|switch|p1a: Wingull|Wingull, L5, F|100\/100\n|switch|p1b: Diglett|Diglett, L5, F|100\/100\n|switch|p2a: Bronzor|Bronzor, L5|100\/100\n|switch|p2b: Wooper|Wooper-Paldea, L5, M|100\/100\n|turn|1\n|j| Cerpin T\n|c| Cerpin T|e\n|j| haydyg\n|\n|t:|1682536467\n|switch|p1a: Drifloon|Drifloon, L5, M|100\/100\n|move|p1b: Diglett|Sucker Punch||[still]\n|-fail|p1b: Diglett\n|move|p2b: Wooper|Liquidation|p1b: Diglett\n|-supereffective|p1b: Diglett\n|-enditem|p1b: Diglett|Focus Sash\n|-damage|p1b: Diglett|6\/100\n|move|p2a: Bronzor|Trick Room|p2a: Bronzor\n|-fieldstart|move: Trick Room|[of] p2a: Bronzor\n|\n|upkeep\n|turn|2\n|j| ZenN16\n|\n|t:|1682536498\n|switch|p1b: Wingull|Wingull, L5, F|100\/100\n|move|p2a: Bronzor|Light Screen|p2a: Bronzor\n|-sidestart|p2: sonicspartan95|move: Light Screen\n|move|p2b: Wooper|Rock Slide|p1a: Drifloon|[spread] p1a,p1b\n|-supereffective|p1a: Drifloon\n|-supereffective|p1b: Wingull\n|-damage|p1a: Drifloon|50\/100\n|-damage|p1b: Wingull|31\/100\n|cant|p1a: Drifloon|flinch\n|\n|upkeep\n|turn|3\n|c| Cerpin T|FLINCH BIG\n|\n|t:|1682536524\n|move|p2b: Wooper|Rock Slide|p1b: Wingull|[spread] p1a,p1b\n|-supereffective|p1a: Drifloon\n|-supereffective|p1b: Wingull\n|-damage|p1a: Drifloon|0 fnt\n|-damage|p1b: Wingull|0 fnt\n|faint|p1a: Drifloon\n|faint|p1b: Wingull\n|move|p2a: Bronzor|Reflect|p2a: Bronzor\n|-sidestart|p2: sonicspartan95|Reflect\n|\n|upkeep\n|c|\u2606sonicspartan95|wooper doing work\n|\n|t:|1682536532\n|switch|p1b: Snover|Snover, L5, M|100\/100\n|switch|p1a: Diglett|Diglett, L5, F|6\/100\n|-weather|Snow|[from] ability: Snow Warning|[of] p1b: Snover\n|turn|4\n|c| Cerpin T|WOOPER SWEEP\n|c|\u2606Scrandrew|well\n|\n|t:|1682536546\n|move|p2a: Bronzor|Protect|p2a: Bronzor\n|-singleturn|p2a: Bronzor|Protect\n|move|p2b: Wooper|Earthquake|p1a: Diglett|[spread] p1a,p1b\n|-activate|p2a: Bronzor|move: Protect\n|-resisted|p1b: Snover\n|-damage|p1a: Diglett|0 fnt\n|-damage|p1b: Snover|82\/100\n|faint|p1a: Diglett\n|move|p1b: Snover|Giga Drain|p2b: Wooper\n|-damage|p2b: Wooper|64\/100\n|-heal|p1b: Snover|100\/100|[from] drain|[of] p2b: Wooper\n|-damage|p1b: Snover|91\/100|[from] item: Life Orb\n|\n|-weather|Snow|[upkeep]\n|upkeep\n|turn|5\n|j| BFO Ethanol\n|\n|t:|1682536573\n|move|p2a: Bronzor|Protect|p2a: Bronzor\n|-singleturn|p2a: Bronzor|Protect\n|move|p2b: Wooper|Poison Jab|p1b: Snover\n|-supereffective|p1b: Snover\n|-damage|p1b: Snover|10\/100\n|move|p1b: Snover|Giga Drain|p2b: Wooper\n|-damage|p2b: Wooper|28\/100\n|-heal|p1b: Snover|28\/100|[from] drain|[of] p2b: Wooper\n|-damage|p1b: Snover|19\/100|[from] item: Life Orb\n|\n|-weather|Snow|[upkeep]\n|-fieldend|move: Trick Room\n|upkeep\n|turn|6\n|\n|t:|1682536586\n|move|p1b: Snover|Energy Ball|p2b: Wooper\n|-damage|p2b: Wooper|0 fnt\n|faint|p2b: Wooper\n|-damage|p1b: Snover|10\/100|[from] item: Life Orb\n|move|p2a: Bronzor|Trick Room|p2a: Bronzor\n|-fieldstart|move: Trick Room|[of] p2a: Bronzor\n|\n|-weather|Snow|[upkeep]\n|-sideend|p2: sonicspartan95|move: Light Screen\n|upkeep\n|c| Cerpin T|BIG\n|\n|t:|1682536594\n|switch|p2b: Fuecoco|Fuecoco, L5, M|100\/100\n|turn|7\n|c| haydyg|They think it's snover\n|c| haydyg|it is now\n|c| Cerpin T|gg wp\n|\n|t:|1682536603\n|move|p2a: Bronzor|Light Screen|p2a: Bronzor\n|-sidestart|p2: sonicspartan95|move: Light Screen\n|move|p2b: Fuecoco|Flamethrower|p1b: Snover\n|-supereffective|p1b: Snover\n|-damage|p1b: Snover|0 fnt\n|faint|p1b: Snover\n|\n|win|sonicspartan95\n|c| ZenN16|gg\n|c|\u2606sonicspartan95|gg\n|c|\u2606Scrandrew|gg\n|c| haydyg|gg!\n","uploadtime":1682536610,"views":12,"p1id":"scrandrew","p2id":"sonicspartan95","formatid":"gen9vgc2023regulationc","rating":0,"private":0,"password":""}