{"id":"gen9vgc2023regulationc-1864327793","p1":"ambatunut","p2":"ShaytheFair","format":"[Gen 9] VGC 2023 Regulation C","log":"|j|\u2606ambatunut\n|j|\u2606ShaytheFair\n|t:|1684155849\n|gametype|doubles\n|player|p1|ambatunut|dancer|\n|player|p2|ShaytheFair|veteranf|\n|teamsize|p1|6\n|teamsize|p2|6\n|gen|9\n|tier|[Gen 9] VGC 2023 Regulation C\n|rule|Species Clause: Limit one of each Pok\u00e9mon\n|rule|Item Clause: Limit one of each item\n|clearpoke\n|poke|p1|Garchomp, L50, M|\n|poke|p1|Talonflame, L50, F|\n|poke|p1|Chien-Pao, L50|\n|poke|p1|Flutter Mane, L50|\n|poke|p1|Tyranitar, L50, F|\n|poke|p1|Iron Bundle, L50|\n|poke|p2|Palafin, L50, M|\n|poke|p2|Flutter Mane, L50|\n|poke|p2|Arcanine, L50, F|\n|poke|p2|Ting-Lu, L50|\n|poke|p2|Amoonguss, L50, F|\n|poke|p2|Kingambit, L50, M|\n|teampreview|4\nShaytheFair has agreed to open team sheets.\nambatunut has agreed to open team sheets.\n|c|\u2606ambatunut|glhf\n|c|\u2606ShaytheFair|Glhf\n|c|\u2606ShaytheFair|Solid team btw\n|c|\u2606ambatunut|ty\n|c|\u2606ambatunut|you too\n|c|\u2606ambatunut|you ready?\n|\n|t:|1684156172\n|start\n|switch|p1a: Mrs Doubt PK-FIRE|Talonflame, L50, F, shiny|100\/100\n|switch|p1b: Chompasaurus Rex|Garchomp, L50, M|100\/100\n|switch|p2a: Phish Food|Palafin, L50, M|100\/100\n|switch|p2b: Moose Tracks|Ting-Lu, L50|100\/100\n|-ability|p2b: Moose Tracks|Vessel of Ruin\n|turn|1\n|\n|t:|1684156239\n|detailschange|p2a: Phish Food|Palafin-Hero, L50, M\n|switch|p2a: Cookies n Cream|Amoonguss, L50, F|100\/100\n|-terastallize|p2b: Moose Tracks|Water\n|move|p1a: Mrs Doubt PK-FIRE|Will-O-Wisp|p2a: Cookies n Cream\n|-status|p2a: Cookies n Cream|brn\n|move|p1b: Chompasaurus Rex|Earthquake|p2a: Cookies n Cream|[spread] p2a,p2b\n|-immune|p1a: Mrs Doubt PK-FIRE\n|-damage|p2a: Cookies n Cream|70\/100 brn\n|-damage|p2b: Moose Tracks|74\/100\n|move|p2b: Moose Tracks|Ruination|p1b: Chompasaurus Rex\n|-damage|p1b: Chompasaurus Rex|50\/100\n|\n|-damage|p2a: Cookies n Cream|64\/100 brn|[from] brn\n|upkeep\n|turn|2\n|\n|t:|1684156290\n|move|p1b: Chompasaurus Rex|Protect|p1b: Chompasaurus Rex\n|-singleturn|p1b: Chompasaurus Rex|Protect\n|move|p1a: Mrs Doubt PK-FIRE|Brave Bird|p2a: Cookies n Cream\n|-supereffective|p2a: Cookies n Cream\n|-crit|p2a: Cookies n Cream\n|-damage|p2a: Cookies n Cream|0 fnt\n|-damage|p1a: Mrs Doubt PK-FIRE|84\/100|[from] item: Rocky Helmet|[of] p2a: Cookies n Cream\n|faint|p2a: Cookies n Cream\n|-damage|p1a: Mrs Doubt PK-FIRE|59\/100|[from] Recoil\n|move|p2b: Moose Tracks|Heavy Slam|p1a: Mrs Doubt PK-FIRE\n|-resisted|p1a: Mrs Doubt PK-FIRE\n|-damage|p1a: Mrs Doubt PK-FIRE|32\/100\n|\n|upkeep\n|\n|t:|1684156306\n|switch|p2a: Phish Food|Palafin-Hero, L50, M|100\/100\n|-activate|p2a: Phish Food|ability: Zero to Hero\n|turn|3\n|\n|t:|1684156333\n|move|p2a: Phish Food|Jet Punch|p1a: Mrs Doubt PK-FIRE\n|-supereffective|p1a: Mrs Doubt PK-FIRE\n|-damage|p1a: Mrs Doubt PK-FIRE|0 fnt\n|faint|p1a: Mrs Doubt PK-FIRE\n|move|p1b: Chompasaurus Rex|Earthquake|p2a: Phish Food|[spread] p2a,p2b\n|-damage|p2a: Phish Food|67\/100\n|-damage|p2b: Moose Tracks|51\/100\n|move|p2b: Moose Tracks|Stomping Tantrum|p1b: Chompasaurus Rex\n|-damage|p1b: Chompasaurus Rex|13\/100\n|-damage|p2b: Moose Tracks|39\/100|[from] ability: Rough Skin|[of] p1b: Chompasaurus Rex\n|\n|upkeep\n|\n|t:|1684156348\n|switch|p1a: Pokimane|Flutter Mane, L50|100\/100\n|turn|4\n|\n|t:|1684156425\n|-terastallize|p1a: Pokimane|Fairy\n|move|p2a: Phish Food|Jet Punch|p1b: Chompasaurus Rex\n|-damage|p1b: Chompasaurus Rex|0 fnt\n|-damage|p2a: Phish Food|55\/100|[from] ability: Rough Skin|[of] p1b: Chompasaurus Rex\n|faint|p1b: Chompasaurus Rex\n|move|p1a: Pokimane|Dazzling Gleam|p2b: Moose Tracks|[spread] p2a,p2b\n|-damage|p2a: Phish Food|11\/100\n|-damage|p2b: Moose Tracks|16\/100\n|move|p2b: Moose Tracks|Heavy Slam|p1a: Pokimane\n|-supereffective|p1a: Pokimane\n|-damage|p1a: Pokimane|0 fnt\n|faint|p1a: Pokimane\n|-end|p1a: Pokimane|Protosynthesis|[silent]\n|\n|upkeep\n|\n|t:|1684156439\n|switch|p1b: Ni-Hao|Chien-Pao, L50|100\/100\n|-ability|p1b: Ni-Hao|Sword of Ruin\n|turn|5\n|\n|t:|1684156474\n|move|p1b: Ni-Hao|Sucker Punch|p2b: Moose Tracks\n|-damage|p2b: Moose Tracks|0 fnt\n|faint|p2b: Moose Tracks\n|move|p2a: Phish Food|Jet Punch|p1b: Ni-Hao\n|-damage|p1b: Ni-Hao|35\/100\n|\n|upkeep\n|\n|t:|1684156479\n|switch|p2b: Butter Pecan|Arcanine, L50, F|100\/100\n|-ability|p2b: Butter Pecan|Intimidate|boost\n|-unboost|p1b: Ni-Hao|atk|1\n|turn|6\n|\n|t:|1684156498\n|move|p1b: Ni-Hao|Sucker Punch|p2a: Phish Food\n|-damage|p2a: Phish Food|0 fnt\n|faint|p2a: Phish Food\n|move|p2b: Butter Pecan|Flare Blitz|p1b: Ni-Hao\n|-supereffective|p1b: Ni-Hao\n|-damage|p1b: Ni-Hao|0 fnt\n|faint|p1b: Ni-Hao\n|-damage|p2b: Butter Pecan|91\/100|[from] Recoil\n|\n|win|ShaytheFair\n|c|\u2606ambatunut|nice\n|c|\u2606ambatunut|gg\n|c|\u2606ShaytheFair|Gg\n|l|\u2606ambatunut\n|j|\u2606ambatunut\n|player|p1|ambatunut|dancer\n","uploadtime":1684156531,"views":25,"p1id":"ambatunut","p2id":"shaythefair","formatid":"gen9vgc2023regulationc","rating":0,"private":0,"password":""}