{"id":"gen9vgc2023regulationc-1845988169","p1":"gankyburner","p2":"Villbs2","format":"[Gen 9] VGC 2023 Regulation C","log":"|j|\u2606gankyburner\n|j|\u2606Villbs2\n|t:|1681787798\n|gametype|doubles\n|player|p1|gankyburner|169|1215\n|player|p2|Villbs2|101|1304\n|teamsize|p1|6\n|teamsize|p2|6\n|gen|9\n|tier|[Gen 9] VGC 2023 Regulation C\n|rated|\n|rule|Species Clause: Limit one of each Pok\u00e9mon\n|rule|Item Clause: Limit one of each item\n|clearpoke\n|poke|p1|Murkrow, L50, F|\n|poke|p1|Tyranitar, L50, M|\n|poke|p1|Houndstone, L50, F|\n|poke|p1|Chi-Yu, L50|\n|poke|p1|Corviknight, L50, M|\n|poke|p1|Orthworm, L50, M|\n|poke|p2|Amoonguss, L50, F|\n|poke|p2|Palafin, L50, F|\n|poke|p2|Arcanine, L50, M|\n|poke|p2|Gholdengo, L50|\n|poke|p2|Ting-Lu, L50|\n|poke|p2|Roaring Moon, L50|\n|teampreview|4\n|\n|t:|1681787835\n|start\n|switch|p1a: C'mon C'mon|Murkrow, L50, F|100\/100\n|switch|p1b: B.H. Sun|Chi-Yu, L50|100\/100\n|switch|p2a: Gholdengo|Gholdengo, L50|100\/100\n|switch|p2b: Ting-Lu|Ting-Lu, L50|100\/100\n|-ability|p1b: B.H. Sun|Beads of Ruin\n|-ability|p2b: Ting-Lu|Vessel of Ruin\n|turn|1\n|\n|t:|1681787867\n|-terastallize|p1b: B.H. Sun|Water\n|move|p2a: Gholdengo|Protect|p2a: Gholdengo\n|-singleturn|p2a: Gholdengo|Protect\n|move|p1a: C'mon C'mon|Sunny Day|p1a: C'mon C'mon\n|-weather|SunnyDay\n|move|p1b: B.H. Sun|Heat Wave|p2b: Ting-Lu|[spread] p2b\n|-activate|p2a: Gholdengo|move: Protect\n|-damage|p2b: Ting-Lu|66\/100\n|-damage|p1b: B.H. Sun|90\/100|[from] item: Life Orb\n|move|p2b: Ting-Lu|Snarl|p1b: B.H. Sun|[spread] p1a,p1b\n|-resisted|p1a: C'mon C'mon\n|-damage|p1a: C'mon C'mon|94\/100\n|-damage|p1b: B.H. Sun|80\/100\n|-unboost|p1a: C'mon C'mon|spa|1\n|-unboost|p1b: B.H. Sun|spa|1\n|\n|-weather|SunnyDay|[upkeep]\n|upkeep\n|turn|2\n|\n|t:|1681787896\n|switch|p2a: Arcanine|Arcanine, L50, M|100\/100\n|-ability|p2a: Arcanine|Intimidate|boost\n|-unboost|p1a: C'mon C'mon|atk|1\n|-unboost|p1b: B.H. Sun|atk|1\n|move|p1a: C'mon C'mon|Haze|p1a: C'mon C'mon\n|-clearallboost\n|move|p1b: B.H. Sun|Heat Wave|p2a: Arcanine|[spread] p2a\n|-miss|p1b: B.H. Sun|p2b: Ting-Lu\n|-resisted|p2a: Arcanine\n|-damage|p2a: Arcanine|67\/100\n|-damage|p1b: B.H. Sun|70\/100|[from] item: Life Orb\n|move|p2b: Ting-Lu|Snarl|p1b: B.H. Sun|[spread] p1a,p1b\n|-resisted|p1a: C'mon C'mon\n|-damage|p1a: C'mon C'mon|88\/100\n|-damage|p1b: B.H. Sun|61\/100\n|-unboost|p1a: C'mon C'mon|spa|1\n|-unboost|p1b: B.H. Sun|spa|1\n|\n|-weather|SunnyDay|[upkeep]\n|upkeep\n|turn|3\n|\n|t:|1681787943\n|move|p1a: C'mon C'mon|Haze|p1a: C'mon C'mon\n|-clearallboost\n|move|p1b: B.H. Sun|Snarl|p2b: Ting-Lu|[spread] p2a,p2b\n|-resisted|p2b: Ting-Lu\n|-damage|p2a: Arcanine|37\/100\n|-damage|p2b: Ting-Lu|60\/100\n|-unboost|p2a: Arcanine|spa|1\n|-unboost|p2b: Ting-Lu|spa|1\n|-damage|p1b: B.H. Sun|51\/100|[from] item: Life Orb\n|move|p2a: Arcanine|Howl|p2a: Arcanine|[spread] p2a,p2b\n|-boost|p2a: Arcanine|atk|1\n|-boost|p2b: Ting-Lu|atk|1\n|move|p2b: Ting-Lu|Stone Edge|p1a: C'mon C'mon\n|-supereffective|p1a: C'mon C'mon\n|-damage|p1a: C'mon C'mon|4\/100\n|\n|-weather|SunnyDay|[upkeep]\n|upkeep\n|turn|4\n|\n|t:|1681787968\n|move|p2a: Arcanine|Extreme Speed|p1b: B.H. Sun\n|-damage|p1b: B.H. Sun|3\/100\n|move|p1a: C'mon C'mon|Haze|p1a: C'mon C'mon\n|-clearallboost\n|move|p1b: B.H. Sun|Snarl|p2a: Arcanine|[spread] p2a,p2b\n|-resisted|p2b: Ting-Lu\n|-damage|p2a: Arcanine|9\/100\n|-damage|p2b: Ting-Lu|53\/100\n|-unboost|p2a: Arcanine|spa|1\n|-unboost|p2b: Ting-Lu|spa|1\n|-damage|p1b: B.H. Sun|0 fnt|[from] item: Life Orb\n|faint|p1b: B.H. Sun\n|move|p2b: Ting-Lu|Stone Edge|p1a: C'mon C'mon\n|-supereffective|p1a: C'mon C'mon\n|-crit|p1a: C'mon C'mon\n|-damage|p1a: C'mon C'mon|0 fnt\n|faint|p1a: C'mon C'mon\n|\n|-weather|SunnyDay|[upkeep]\n|upkeep\n|\n|t:|1681787984\n|switch|p1b: Godzilla|Tyranitar, L50, M, shiny|100\/100\n|switch|p1a: Dr. Worm|Orthworm, L50, M|100\/100\n|-weather|Sandstorm|[from] ability: Sand Stream|[of] p1b: Godzilla\n|turn|5\n|\n|t:|1681788000\n|move|p2a: Arcanine|Flare Blitz|p1a: Dr. Worm\n|-supereffective|p1a: Dr. Worm\n|-damage|p1a: Dr. Worm|33\/100\n|-damage|p2a: Arcanine|0 fnt|[from] Recoil\n|faint|p2a: Arcanine\n|move|p1a: Dr. Worm|Body Press|p2b: Ting-Lu\n|-supereffective|p2b: Ting-Lu\n|-damage|p2b: Ting-Lu|23\/100\n|move|p1b: Godzilla|Earthquake|p2b: Ting-Lu|[spread] p2b\n|-heal|p1a: Dr. Worm|58\/100|[from] ability: Earth Eater|[of] p1b: Godzilla\n|-damage|p2b: Ting-Lu|8\/100\n|move|p2b: Ting-Lu|Ruination|p1b: Godzilla\n|-damage|p1b: Godzilla|51\/100\n|\n|-weather|Sandstorm|[upkeep]\n|-heal|p1a: Dr. Worm|64\/100|[from] item: Leftovers\n|upkeep\n|\n|t:|1681788023\n|switch|p2a: Gholdengo|Gholdengo, L50|100\/100\n|turn|6\n|\n|t:|1681788037\n|switch|p2b: Palafin|Palafin, L50, F, shiny|100\/100\n|-terastallize|p2a: Gholdengo|Water\n|move|p1a: Dr. Worm|Helping Hand|p1b: Godzilla\n|-singleturn|p1b: Godzilla|Helping Hand|[of] p1a: Dr. Worm\n|move|p2a: Gholdengo|Make It Rain|p1a: Dr. Worm|[spread] p1a,p1b\n|-resisted|p1a: Dr. Worm\n|-supereffective|p1b: Godzilla\n|-damage|p1a: Dr. Worm|38\/100\n|-damage|p1b: Godzilla|11\/100\n|-unboost|p2a: Gholdengo|spa|1\n|move|p1b: Godzilla|Earthquake|p2b: Palafin|[spread] p2a,p2b\n|-heal|p1a: Dr. Worm|63\/100|[from] ability: Earth Eater|[of] p1b: Godzilla\n|-damage|p2a: Gholdengo|60\/100\n|-damage|p2b: Palafin|49\/100\n|\n|-weather|Sandstorm|[upkeep]\n|-damage|p2b: Palafin|43\/100|[from] Sandstorm\n|-damage|p2a: Gholdengo|54\/100|[from] Sandstorm\n|-heal|p2a: Gholdengo|60\/100|[from] item: Leftovers\n|-heal|p1a: Dr. Worm|69\/100|[from] item: Leftovers\n|upkeep\n|turn|7\n|\n|t:|1681788073\n|detailschange|p2b: Palafin|Palafin-Hero, L50, F, shiny\n|switch|p2b: Ting-Lu|Ting-Lu, L50|8\/100\n|-ability|p2b: Ting-Lu|Vessel of Ruin\n|move|p2a: Gholdengo|Protect|p2a: Gholdengo\n|-singleturn|p2a: Gholdengo|Protect\n|move|p1a: Dr. Worm|Iron Defense|p1a: Dr. Worm\n|-boost|p1a: Dr. Worm|def|2\n|move|p1b: Godzilla|Earthquake|p2a: Gholdengo|[spread] p2b\n|-activate|p2a: Gholdengo|move: Protect\n|-heal|p1a: Dr. Worm|94\/100|[from] ability: Earth Eater|[of] p1b: Godzilla\n|-damage|p2b: Ting-Lu|0 fnt\n|faint|p2b: Ting-Lu\n|\n|-weather|Sandstorm|[upkeep]\n|-damage|p2a: Gholdengo|54\/100|[from] Sandstorm\n|-heal|p2a: Gholdengo|60\/100|[from] item: Leftovers\n|-heal|p1a: Dr. Worm|99\/100|[from] item: Leftovers\n|upkeep\n|\n|t:|1681788092\n|switch|p2b: Palafin|Palafin-Hero, L50, F, shiny|43\/100\n|-activate|p2b: Palafin|ability: Zero to Hero\n|turn|8\n|\n|t:|1681788108\n|move|p2b: Palafin|Wave Crash|p1a: Dr. Worm\n|-damage|p1a: Dr. Worm|66\/100\n|-damage|p2b: Palafin|32\/100|[from] Recoil\n|move|p2a: Gholdengo|Make It Rain|p1a: Dr. Worm|[spread] p1a,p1b\n|-resisted|p1a: Dr. Worm\n|-supereffective|p1b: Godzilla\n|-damage|p1a: Dr. Worm|51\/100\n|-damage|p1b: Godzilla|0 fnt\n|-unboost|p2a: Gholdengo|spa|1\n|faint|p1b: Godzilla\n|move|p1a: Dr. Worm|Body Press|p2a: Gholdengo\n|-damage|p2a: Gholdengo|12\/100\n|\n|-weather|Sandstorm|[upkeep]\n|-damage|p2b: Palafin|26\/100|[from] Sandstorm\n|-damage|p2a: Gholdengo|6\/100|[from] Sandstorm\n|-heal|p2a: Gholdengo|12\/100|[from] item: Leftovers\n|-heal|p1a: Dr. Worm|57\/100|[from] item: Leftovers\n|upkeep\n|turn|9\n|\n|t:|1681788138\n|move|p2a: Gholdengo|Protect|p2a: Gholdengo\n|-singleturn|p2a: Gholdengo|Protect\n|move|p2b: Palafin|Wave Crash|p1a: Dr. Worm\n|-damage|p1a: Dr. Worm|23\/100\n|-damage|p2b: Palafin|15\/100|[from] Recoil\n|move|p1a: Dr. Worm|Body Press|p2b: Palafin\n|-damage|p2b: Palafin|0 fnt\n|faint|p2b: Palafin\n|\n|-weather|none\n|-heal|p2a: Gholdengo|19\/100|[from] item: Leftovers\n|-heal|p1a: Dr. Worm|29\/100|[from] item: Leftovers\n|upkeep\n|turn|10\n|\n|t:|1681788155\n|move|p2a: Gholdengo|Shadow Ball|p1a: Dr. Worm\n|-damage|p1a: Dr. Worm|6\/100\n|-unboost|p1a: Dr. Worm|spd|1\n|move|p1a: Dr. Worm|Body Press|p2a: Gholdengo\n|-crit|p2a: Gholdengo\n|-damage|p2a: Gholdengo|0 fnt\n|faint|p2a: Gholdengo\n|\n|win|gankyburner\n|raw|gankyburner's rating: 1215 → 1246<\/strong> (+31 for winning)\n|raw|Villbs2's rating: 1304 → 1279<\/strong> (-25 for losing)\n|c|\u2606gankyburner|hooh\n|c|\u2606gankyburner|close\n|c|\u2606gankyburner|gg\n","uploadtime":1681788167,"views":3,"p1id":"gankyburner","p2id":"villbs2","formatid":"gen9vgc2023regulationc","rating":1246,"private":0,"password":""}