{"id":"gen9vgc2023regulationc-1851323582","p1":"HakunaMatata0002","p2":"Hyanryu","format":"[Gen 9] VGC 2023 Regulation C","log":"|j|\u2606HakunaMatata0002\n|j|\u2606Hyanryu\n|t:|1682435818\n|gametype|doubles\n|player|p1|HakunaMatata0002|dawn|1469\n|player|p2|Hyanryu|n|1460\n|teamsize|p1|6\n|teamsize|p2|6\n|gen|9\n|tier|[Gen 9] VGC 2023 Regulation C\n|rated|\n|rule|Species Clause: Limit one of each Pok\u00e9mon\n|rule|Item Clause: Limit one of each item\n|clearpoke\n|poke|p1|Dragonite, L50, F|\n|poke|p1|Chien-Pao, L50|\n|poke|p1|Ting-Lu, L50|\n|poke|p1|Arcanine, L50, M|\n|poke|p1|Flutter Mane, L50|\n|poke|p1|Chi-Yu, L50|\n|poke|p2|Dondozo, L50, M|\n|poke|p2|Tatsugiri-Droopy, L50, M|\n|poke|p2|Glimmora, L50, F|\n|poke|p2|Ting-Lu, L50|\n|poke|p2|Wo-Chien, L50|\n|poke|p2|Baxcalibur, L50, M|\n|teampreview|4\n|inactive|Battle timer is ON: inactive players will automatically lose when time's up. (requested by Hyanryu)\n|\n|t:|1682435840\n|start\n|switch|p1a: Ting-Lu|Ting-Lu, L50|100\/100\n|switch|p1b: Arcanine|Arcanine, L50, M|100\/100\n|switch|p2a: Sulfera|Glimmora, L50, F, shiny|100\/100\n|switch|p2b: King Arthur|Baxcalibur, L50, M, shiny|100\/100\n|-ability|p1b: Arcanine|Intimidate|boost\n|-unboost|p2a: Sulfera|atk|1\n|-unboost|p2b: King Arthur|atk|1\n|-ability|p1a: Ting-Lu|Vessel of Ruin\n|turn|1\n|\n|t:|1682435858\n|move|p2a: Sulfera|Spiky Shield|p2a: Sulfera\n|-singleturn|p2a: Sulfera|move: Protect\n|move|p2b: King Arthur|Protect|p2b: King Arthur\n|-singleturn|p2b: King Arthur|Protect\n|move|p1b: Arcanine|Flare Blitz|p2b: King Arthur\n|-activate|p2b: King Arthur|move: Protect\n|move|p1a: Ting-Lu|Stomping Tantrum|p2a: Sulfera\n|-activate|p2a: Sulfera|move: Protect\n|-damage|p1a: Ting-Lu|88\/100|[from] Spiky Shield|[of] p2a: Sulfera\n|\n|upkeep\n|turn|2\n|\n|t:|1682435879\n|move|p1b: Arcanine|Flare Blitz|p2b: King Arthur\n|-damage|p2b: King Arthur|63\/100\n|-ability|p2b: King Arthur|Thermal Exchange|boost\n|-boost|p2b: King Arthur|atk|1\n|-damage|p1b: Arcanine|84\/100|[from] Recoil\n|move|p2a: Sulfera|Power Gem|p1b: Arcanine\n|-supereffective|p1b: Arcanine\n|-damage|p1b: Arcanine|7\/100\n|-enditem|p1b: Arcanine|Sitrus Berry|[eat]\n|-heal|p1b: Arcanine|32\/100|[from] item: Sitrus Berry\n|move|p2b: King Arthur|Icicle Spear|p1a: Ting-Lu\n|-supereffective|p1a: Ting-Lu\n|-damage|p1a: Ting-Lu|72\/100\n|-supereffective|p1a: Ting-Lu\n|-damage|p1a: Ting-Lu|58\/100\n|-supereffective|p1a: Ting-Lu\n|-damage|p1a: Ting-Lu|42\/100\n|-supereffective|p1a: Ting-Lu\n|-damage|p1a: Ting-Lu|27\/100\n|-hitcount|p1a: Ting-Lu|4\n|move|p1a: Ting-Lu|Heavy Slam|p2b: King Arthur\n|-supereffective|p2b: King Arthur\n|-damage|p2b: King Arthur|31\/100\n|\n|upkeep\n|turn|3\n|inactive|Hyanryu has 30 seconds left.\n|\n|t:|1682435905\n|move|p2b: King Arthur|Protect|p2b: King Arthur\n|-singleturn|p2b: King Arthur|Protect\n|move|p1b: Arcanine|Flare Blitz|p2b: King Arthur\n|-activate|p2b: King Arthur|move: Protect\n|move|p2a: Sulfera|Power Gem|p1b: Arcanine\n|-supereffective|p1b: Arcanine\n|-damage|p1b: Arcanine|0 fnt\n|faint|p1b: Arcanine\n|move|p1a: Ting-Lu|Stomping Tantrum|p2a: Sulfera\n|-supereffective|p2a: Sulfera\n|-enditem|p2a: Sulfera|Focus Sash\n|-damage|p2a: Sulfera|1\/100\n|-activate|p2a: Sulfera|ability: Toxic Debris\n|-sidestart|p1: HakunaMatata0002|move: Toxic Spikes\n|\n|upkeep\n|\n|t:|1682435923\n|switch|p1b: Flutter Mane|Flutter Mane, L50|100\/100\n|-status|p1b: Flutter Mane|psn\n|turn|4\n|\n|t:|1682435942\n|switch|p1a: Chi-Yu|Chi-Yu, L50|100\/100\n|-status|p1a: Chi-Yu|psn\n|-ability|p1a: Chi-Yu|Beads of Ruin\n|-terastallize|p2b: King Arthur|Poison\n|move|p2a: Sulfera|Spiky Shield|p2a: Sulfera\n|-singleturn|p2a: Sulfera|move: Protect\n|move|p1b: Flutter Mane|Dazzling Gleam|p2a: Sulfera|[spread] p2b\n|-activate|p2a: Sulfera|move: Protect\n|-resisted|p2b: King Arthur\n|-damage|p2b: King Arthur|5\/100\n|move|p2b: King Arthur|Icicle Spear|p1b: Flutter Mane\n|-damage|p1b: Flutter Mane|73\/100 psn\n|-damage|p1b: Flutter Mane|42\/100 psn\n|-damage|p1b: Flutter Mane|15\/100 psn\n|-damage|p1b: Flutter Mane|0 fnt\n|faint|p1b: Flutter Mane\n|-end|p1b: Flutter Mane|Protosynthesis|[silent]\n|-hitcount|p1: Flutter Mane|4\n|\n|-damage|p1a: Chi-Yu|88\/100 psn|[from] psn\n|upkeep\n|\n|t:|1682435953\n|switch|p1b: Ting-Lu|Ting-Lu, L50|27\/100\n|-status|p1b: Ting-Lu|psn\n|-ability|p1b: Ting-Lu|Vessel of Ruin\n|turn|5\n|-message|HakunaMatata0002 forfeited.\n|\n|win|Hyanryu\n|raw|HakunaMatata0002's rating: 1469 → 1448<\/strong> (-21 for losing)\n|raw|Hyanryu's rating: 1460 → 1481<\/strong> (+21 for winning)\n|l|\u2606HakunaMatata0002\n","uploadtime":1682435972,"views":13,"p1id":"hakunamatata0002","p2id":"hyanryu","formatid":"gen9vgc2023regulationc","rating":1448,"private":0,"password":""}