{"id":"gen9vgc2023regulationc-1845785039","p1":"RyanIsAPokeMaster","p2":"OmegaAlpha01","format":"[Gen 9] VGC 2023 Regulation C","log":"|j|\u2606RyanIsAPokeMaster\n|j|\u2606OmegaAlpha01\n|t:|1681764324\n|gametype|doubles\n|player|p1|RyanIsAPokeMaster|101|1364\n|player|p2|OmegaAlpha01|rosa|1377\n|teamsize|p1|6\n|teamsize|p2|6\n|gen|9\n|tier|[Gen 9] VGC 2023 Regulation C\n|rated|\n|rule|Species Clause: Limit one of each Pok\u00e9mon\n|rule|Item Clause: Limit one of each item\n|clearpoke\n|poke|p1|Lycanroc, L50, F|\n|poke|p1|Tyranitar, L50, F|\n|poke|p1|Flutter Mane, L50|\n|poke|p1|Palafin, L50, M|\n|poke|p1|Corviknight, L50, F|\n|poke|p1|Arcanine, L50, M|\n|poke|p2|Azumarill, L50, F|\n|poke|p2|Arcanine, L50, M|\n|poke|p2|Flutter Mane, L50|\n|poke|p2|Slither Wing, L50|\n|poke|p2|Scream Tail, L50|\n|poke|p2|Kingambit, L50, M|\n|teampreview|4\n|\n|t:|1681764366\n|start\n|switch|p1a: i need a hero|Palafin, L50, M|100\/100\n|switch|p1b: bulldog|Lycanroc, L50, F, shiny|100\/100\n|switch|p2a: Its Joever|Kingambit, L50, M|100\/100\n|switch|p2b: You Jokester?|Scream Tail, L50|100\/100\n|-enditem|p2b: You Jokester?|Booster Energy\n|-activate|p2b: You Jokester?|ability: Protosynthesis|[fromitem]\n|-start|p2b: You Jokester?|protosynthesisspe\n|turn|1\n|\n|t:|1681764379\n|detailschange|p1a: i need a hero|Palafin-Hero, L50, M\n|switch|p1a: Corviknight|Corviknight, L50, F|100\/100\n|move|p2b: You Jokester?|Reflect|p2b: You Jokester?\n|-sidestart|p2: OmegaAlpha01|Reflect\n|move|p1b: bulldog|Rock Slide|p2b: You Jokester?|[spread] p2a,p2b\n|-resisted|p2a: Its Joever\n|-damage|p2a: Its Joever|93\/100\n|-damage|p2b: You Jokester?|86\/100\n|move|p2a: Its Joever|Swords Dance|p2a: Its Joever\n|-boost|p2a: Its Joever|atk|2\n|\n|upkeep\n|turn|2\n|\n|t:|1681764401\n|move|p2b: You Jokester?|Howl|p2b: You Jokester?|[spread] p2a,p2b\n|-boost|p2a: Its Joever|atk|1\n|-boost|p2b: You Jokester?|atk|1\n|move|p1b: bulldog|Rock Slide|p2b: You Jokester?|[spread] p2a,p2b\n|-resisted|p2a: Its Joever\n|-damage|p2a: Its Joever|86\/100\n|-damage|p2b: You Jokester?|70\/100\n|move|p1a: Corviknight|Iron Head|p2b: You Jokester?\n|-supereffective|p2b: You Jokester?\n|-damage|p2b: You Jokester?|30\/100\n|-damage|p1a: Corviknight|91\/100|[from] item: Life Orb\n|move|p2a: Its Joever|Kowtow Cleave|p1a: Corviknight\n|-damage|p1a: Corviknight|0 fnt\n|faint|p1a: Corviknight\n|\n|upkeep\n|\n|t:|1681764416\n|switch|p1a: pug|Arcanine, L50, M|100\/100\n|-ability|p1a: pug|Intimidate|boost\n|-unboost|p2a: Its Joever|atk|1\n|-ability|p2a: Its Joever|Defiant|boost\n|-boost|p2a: Its Joever|atk|2\n|-unboost|p2b: You Jokester?|atk|1\n|turn|3\n|\n|t:|1681764431\n|move|p2a: Its Joever|Protect|p2a: Its Joever\n|-singleturn|p2a: Its Joever|Protect\n|move|p2b: You Jokester?|Play Rough|p1b: bulldog|[miss]\n|-miss|p2b: You Jokester?|p1b: bulldog\n|move|p1b: bulldog|Rock Slide|p2a: Its Joever|[spread] p2b\n|-activate|p2a: Its Joever|move: Protect\n|-damage|p2b: You Jokester?|14\/100\n|move|p1a: pug|Flare Blitz|p2a: Its Joever\n|-activate|p2a: Its Joever|move: Protect\n|\n|upkeep\n|turn|4\n|\n|t:|1681764448\n|-terastallize|p2a: Its Joever|Dark\n|move|p2a: Its Joever|Sucker Punch|p1b: bulldog\n|-enditem|p1b: bulldog|Focus Sash\n|-damage|p1b: bulldog|1\/100\n|move|p2b: You Jokester?|Play Rough|p1b: bulldog\n|-damage|p1b: bulldog|0 fnt\n|faint|p1b: bulldog\n|move|p1a: pug|Will-O-Wisp|p2a: Its Joever\n|-status|p2a: Its Joever|brn\n|\n|-damage|p2a: Its Joever|80\/100 brn|[from] brn\n|upkeep\n|\n|t:|1681764463\n|switch|p1b: i need a hero|Palafin-Hero, L50, M|100\/100\n|-activate|p1b: i need a hero|ability: Zero to Hero\n|turn|5\n|\n|t:|1681764481\n|-terastallize|p1b: i need a hero|Water\n|move|p1a: pug|Extreme Speed|p2b: You Jokester?\n|-damage|p2b: You Jokester?|1\/100\n|move|p2b: You Jokester?|Play Rough|p1b: i need a hero\n|-damage|p1b: i need a hero|80\/100\n|move|p1b: i need a hero|Wave Crash|p2a: Its Joever\n|-damage|p2a: Its Joever|19\/100 brn\n|-damage|p1b: i need a hero|60\/100|[from] Recoil\n|move|p2a: Its Joever|Kowtow Cleave|p1b: i need a hero\n|-damage|p1b: i need a hero|0 fnt\n|faint|p1b: i need a hero\n|\n|-damage|p2a: Its Joever|13\/100 brn|[from] brn\n|-sideend|p2: OmegaAlpha01|Reflect\n|upkeep\n|turn|6\n|l|\u2606RyanIsAPokeMaster\n|player|p1|\n|inactive|Battle timer is ON: inactive players will automatically lose when time's up. (requested by OmegaAlpha01)\n|inactive|RyanIsAPokeMaster has 30 seconds to reconnect!\n|inactive|RyanIsAPokeMaster has 20 seconds to reconnect!\n|inactive|RyanIsAPokeMaster has 15 seconds to reconnect!\n|inactive|RyanIsAPokeMaster has 10 seconds to reconnect!\n|inactive|RyanIsAPokeMaster has 5 seconds to reconnect!\n|-message|RyanIsAPokeMaster lost due to inactivity.\n|\n|win|OmegaAlpha01\n|raw|RyanIsAPokeMaster's rating: 1364 → 1345<\/strong> (-19 for losing)\n|raw|OmegaAlpha01's rating: 1377 → 1396<\/strong> (+19 for winning)\n","uploadtime":1681764585,"views":14,"p1id":"ryanisapokemaster","p2id":"omegaalpha01","formatid":"gen9vgc2023regulationc","rating":1345,"private":0,"password":""}