{"id":"gen9vgc2023regulationc-1855150393","p1":"thrillcorner","p2":"lucasmh","format":"[Gen 9] VGC 2023 Regulation C","log":"|j|\u2606thrillcorner\n|j|\u2606lucasmh\n|t:|1682907459\n|gametype|doubles\n|player|p1|thrillcorner|red-masters2|1214\n|player|p2|lucasmh|drayden|1144\n|teamsize|p1|6\n|teamsize|p2|6\n|gen|9\n|tier|[Gen 9] VGC 2023 Regulation C\n|rated|\n|rule|Species Clause: Limit one of each Pok\u00e9mon\n|rule|Item Clause: Limit one of each item\n|clearpoke\n|poke|p1|Arcanine, L50, F|\n|poke|p1|Amoonguss, L50, M|\n|poke|p1|Kingambit, L50, F|\n|poke|p1|Flutter Mane, L50|\n|poke|p1|Ting-Lu, L50|\n|poke|p1|Palafin, L50, M|\n|poke|p2|Amoonguss, L50, F|\n|poke|p2|Garganacl, L50, F|\n|poke|p2|Hippowdon, L50, M|\n|poke|p2|Lycanroc, L50, F|\n|poke|p2|Iron Bundle, L50|\n|poke|p2|Gholdengo, L50|\n|teampreview|4\nthrillcorner has agreed to open team sheets.\n|\n|t:|1682907499\n|start\n|switch|p1a: Pal-El|Palafin, L50, M|100\/100\n|switch|p1b: Blueshido|Kingambit, L50, F, shiny|100\/100\n|switch|p2a: Hippowdon|Hippowdon, L50, M|100\/100\n|switch|p2b: Gains|Garganacl, L50, F|100\/100\n|-weather|Sandstorm|[from] ability: Sand Stream|[of] p2a: Hippowdon\n|turn|1\n|\n|t:|1682907520\n|detailschange|p1a: Pal-El|Palafin-Hero, L50, M\n|switch|p1a: Ripley|Arcanine, L50, F|100\/100\n|-ability|p1a: Ripley|Intimidate|boost\n|-unboost|p2a: Hippowdon|atk|1\n|-unboost|p2b: Gains|atk|1\n|-terastallize|p1b: Blueshido|Dark\n|move|p1b: Blueshido|Swords Dance|p1b: Blueshido\n|-boost|p1b: Blueshido|atk|2\n|move|p2a: Hippowdon|Sand Tomb|p1b: Blueshido\n|-damage|p1b: Blueshido|93\/100\n|-activate|p1b: Blueshido|move: Sand Tomb|[of] p2a: Hippowdon\n|move|p2b: Gains|Salt Cure|p1b: Blueshido\n|-damage|p1b: Blueshido|86\/100\n|-start|p1b: Blueshido|Salt Cure\n|\n|-weather|Sandstorm|[upkeep]\n|-damage|p1b: Blueshido|80\/100|[from] Sandstorm\n|-damage|p1b: Blueshido|64\/100|[from] move: Sand Tomb|[partiallytrapped]\n|-damage|p1b: Blueshido|52\/100|[from] Salt Cure\n|upkeep\n|turn|2\n|\n|t:|1682907550\n|switch|p1a: Pal-El|Palafin-Hero, L50, M|100\/100\n|-activate|p1a: Pal-El|ability: Zero to Hero\n|move|p2a: Hippowdon|Protect|p2a: Hippowdon\n|-singleturn|p2a: Hippowdon|Protect\n|move|p2b: Gains|Protect|p2b: Gains\n|-singleturn|p2b: Gains|Protect\n|move|p1b: Blueshido|Kowtow Cleave|p2a: Hippowdon\n|-activate|p2a: Hippowdon|move: Protect\n|\n|-weather|Sandstorm|[upkeep]\n|-damage|p1a: Pal-El|94\/100|[from] Sandstorm\n|-damage|p1b: Blueshido|46\/100|[from] Sandstorm\n|-damage|p1b: Blueshido|34\/100|[from] Salt Cure\n|-damage|p1b: Blueshido|17\/100|[from] move: Sand Tomb|[partiallytrapped]\n|upkeep\n|turn|3\n|\n|t:|1682907580\n|move|p1a: Pal-El|Wave Crash|p2a: Hippowdon\n|-supereffective|p2a: Hippowdon\n|-damage|p2a: Hippowdon|0 fnt\n|faint|p2a: Hippowdon\n|-damage|p1a: Pal-El|58\/100|[from] Recoil\n|move|p1b: Blueshido|Kowtow Cleave|p2b: Gains\n|-damage|p2b: Gains|0 fnt\n|faint|p2b: Gains\n|\n|-weather|Sandstorm|[upkeep]\n|-damage|p1a: Pal-El|52\/100|[from] Sandstorm\n|-damage|p1b: Blueshido|12\/100|[from] Sandstorm\n|-end|p1b: Blueshido|Sand Tomb|[partiallytrapped]|[silent]\n|-damage|p1b: Blueshido|0 fnt|[from] Salt Cure\n|faint|p1b: Blueshido\n|upkeep\n|\n|t:|1682907595\n|switch|p1b: Ripley|Arcanine, L50, F|100\/100\n|switch|p2a: Lycanroc|Lycanroc, L50, F|100\/100\n|switch|p2b: Gholdengo|Gholdengo, L50|100\/100\n|-ability|p1b: Ripley|Intimidate|boost\n|-unboost|p2a: Lycanroc|atk|1\n|-unboost|p2b: Gholdengo|atk|1\n|turn|4\n|\n|t:|1682907606\n|-terastallize|p2b: Gholdengo|Water\n|move|p2a: Lycanroc|Protect|p2a: Lycanroc\n|-singleturn|p2a: Lycanroc|Protect\n|move|p1a: Pal-El|Protect|p1a: Pal-El\n|-singleturn|p1a: Pal-El|Protect\n|move|p2b: Gholdengo|Shadow Ball|p1a: Pal-El\n|-activate|p1a: Pal-El|move: Protect\n|move|p1b: Ripley|Howl|p1b: Ripley|[spread] p1a,p1b\n|-boost|p1a: Pal-El|atk|1\n|-boost|p1b: Ripley|atk|1\n|\n|-weather|Sandstorm|[upkeep]\n|-damage|p2b: Gholdengo|94\/100|[from] Sandstorm\n|-damage|p1a: Pal-El|46\/100|[from] Sandstorm\n|upkeep\n|turn|5\n|\n|t:|1682907631\n|move|p1b: Ripley|Extreme Speed|p2b: Gholdengo\n|-damage|p2b: Gholdengo|64\/100\n|move|p1a: Pal-El|Jet Punch|p2a: Lycanroc\n|-supereffective|p2a: Lycanroc\n|-enditem|p2a: Lycanroc|Focus Sash\n|-damage|p2a: Lycanroc|1\/100\n|move|p2a: Lycanroc|Rock Slide|p1b: Ripley|[spread] p1a,p1b\n|-supereffective|p1b: Ripley\n|-damage|p1a: Pal-El|28\/100\n|-damage|p1b: Ripley|66\/100\n|move|p2b: Gholdengo|Shadow Ball|p1a: Pal-El\n|-damage|p1a: Pal-El|0 fnt\n|faint|p1a: Pal-El\n|\n|-weather|none\n|upkeep\n|\n|t:|1682907645\n|switch|p1a: Willow|Flutter Mane, L50|100\/100\n|turn|6\n|\n|t:|1682907652\n|move|p2a: Lycanroc|Protect|p2a: Lycanroc\n|-singleturn|p2a: Lycanroc|Protect\n|move|p1b: Ripley|Extreme Speed|p2a: Lycanroc\n|-activate|p2a: Lycanroc|move: Protect\n|move|p1a: Willow|Thunderbolt|p2b: Gholdengo\n|-supereffective|p2b: Gholdengo\n|-damage|p2b: Gholdengo|0 fnt\n|faint|p2b: Gholdengo\n|\n|upkeep\n|turn|7\n|-message|lucasmh forfeited.\n|\n|win|thrillcorner\n|raw|thrillcorner's rating: 1214 → 1234<\/strong> (+20 for winning)\n|raw|lucasmh's rating: 1144 → 1124<\/strong> (-20 for losing)\n|l|\u2606lucasmh\n|c|\u2606thrillcorner|gg\n","uploadtime":1682907666,"views":44,"p1id":"thrillcorner","p2id":"lucasmh","formatid":"gen9vgc2023regulationc","rating":1124,"private":0,"password":""}