{"id":"gen9vgc2023regulationc-1850259519","p1":"ChandosH","p2":"bloopblop2","format":"[Gen 9] VGC 2023 Regulation C","log":"|j|\u2606ChandosH\n|j|\u2606bloopblop2\n|t:|1682307080\n|gametype|doubles\n|player|p1|ChandosH|n-masters|1285\n|player|p2|bloopblop2|unknown|1258\n|teamsize|p1|6\n|teamsize|p2|6\n|gen|9\n|tier|[Gen 9] VGC 2023 Regulation C\n|rated|\n|rule|Species Clause: Limit one of each Pok\u00e9mon\n|rule|Item Clause: Limit one of each item\n|clearpoke\n|poke|p1|Garganacl, L50, F|\n|poke|p1|Amoonguss, L50, F|\n|poke|p1|Ting-Lu, L50|\n|poke|p1|Iron Bundle, L50|\n|poke|p1|Arcanine, L50, F|\n|poke|p1|Flutter Mane, L50|\n|poke|p2|Iron Bundle, L50|\n|poke|p2|Chi-Yu, L50|\n|poke|p2|Flutter Mane, L50|\n|poke|p2|Dachsbun, L50, M|\n|poke|p2|Wo-Chien, L50|\n|poke|p2|Glimmora, L50, M|\n|teampreview|4\n|inactive|Battle timer is ON: inactive players will automatically lose when time's up. (requested by bloopblop2)\n|inactive|ChandosH has 60 seconds left.\n|inactive|bloopblop2 has 60 seconds left.\n|\n|t:|1682307139\n|start\n|switch|p1a: Garganacl|Garganacl, L50, F|100\/100\n|switch|p1b: Ting-Lu|Ting-Lu, L50|100\/100\n|switch|p2a: Dachsbun|Dachsbun, L50, M|100\/100\n|switch|p2b: Chi-Yu|Chi-Yu, L50|100\/100\n|-ability|p2b: Chi-Yu|Beads of Ruin\n|-ability|p1b: Ting-Lu|Vessel of Ruin\n|turn|1\n|\n|t:|1682307163\n|move|p2b: Chi-Yu|Lava Plume|p1b: Ting-Lu|[spread] p1a,p1b\n|-ability|p2a: Dachsbun|Well-Baked Body|boost\n|-boost|p2a: Dachsbun|def|2\n|-resisted|p1a: Garganacl\n|-damage|p1a: Garganacl|86\/100\n|-damage|p1b: Ting-Lu|87\/100\n|move|p2a: Dachsbun|Body Press|p1a: Garganacl\n|-supereffective|p1a: Garganacl\n|-damage|p1a: Garganacl|28\/100\n|move|p1b: Ting-Lu|Fissure|p2a: Dachsbun\n|-damage|p2a: Dachsbun|0 fnt\n|faint|p2a: Dachsbun\n|-ohko\n|move|p1a: Garganacl|Salt Cure|p2b: Chi-Yu\n|-supereffective|p2b: Chi-Yu\n|-damage|p2b: Chi-Yu|50\/100\n|-start|p2b: Chi-Yu|Salt Cure\n|\n|-heal|p1a: Garganacl|34\/100|[from] item: Leftovers\n|-damage|p2b: Chi-Yu|38\/100|[from] Salt Cure\n|upkeep\n|\n|t:|1682307173\n|switch|p2a: Wo-Chien|Wo-Chien, L50|100\/100\n|-ability|p2a: Wo-Chien|Tablets of Ruin\n|turn|2\n|inactive|bloopblop2 has 30 seconds left.\n|\n|t:|1682307203\n|switch|p2b: Iron Bundle|Iron Bundle, L50|100\/100\n|move|p1a: Garganacl|Protect|p1a: Garganacl\n|-singleturn|p1a: Garganacl|Protect\n|move|p2a: Wo-Chien|Pollen Puff|p1b: Ting-Lu\n|-supereffective|p1b: Ting-Lu\n|-damage|p1b: Ting-Lu|74\/100\n|move|p1b: Ting-Lu|Stomping Tantrum|p2b: Iron Bundle\n|-damage|p2b: Iron Bundle|69\/100\n|\n|-heal|p1a: Garganacl|41\/100|[from] item: Leftovers\n|upkeep\n|turn|3\n|inactive|ChandosH has 30 seconds left.\n|inactive|bloopblop2 has 30 seconds left.\n|inactive|ChandosH has 20 seconds left.\n|\n|t:|1682307242\n|switch|p1a: Amoonguss|Amoonguss, L50, F|100\/100\n|move|p2b: Iron Bundle|Hydro Pump|p1a: Amoonguss\n|-resisted|p1a: Amoonguss\n|-damage|p1a: Amoonguss|84\/100\n|move|p2a: Wo-Chien|Leech Seed|p1b: Ting-Lu\n|-start|p1b: Ting-Lu|move: Leech Seed\n|move|p1b: Ting-Lu|Ruination|p2a: Wo-Chien\n|-damage|p2a: Wo-Chien|50\/100\n|-enditem|p2a: Wo-Chien|Sitrus Berry|[eat]\n|-heal|p2a: Wo-Chien|75\/100|[from] item: Sitrus Berry\n|\n|-damage|p1b: Ting-Lu|61\/100|[from] Leech Seed|[of] p2a: Wo-Chien\n|-heal|p2a: Wo-Chien|92\/100|[silent]\n|upkeep\n|turn|4\n|inactive|bloopblop2 has 30 seconds left.\n|\n|t:|1682307276\n|move|p2b: Iron Bundle|Freeze-Dry|p1a: Amoonguss\n|-supereffective|p1a: Amoonguss\n|-damage|p1a: Amoonguss|38\/100\n|-enditem|p1a: Amoonguss|Sitrus Berry|[eat]\n|-heal|p1a: Amoonguss|62\/100|[from] item: Sitrus Berry\n|move|p2a: Wo-Chien|Pollen Puff|p1a: Amoonguss\n|-damage|p1a: Amoonguss|49\/100\n|move|p1b: Ting-Lu|Ruination|p2a: Wo-Chien\n|-damage|p2a: Wo-Chien|46\/100\n|move|p1a: Amoonguss|Spore|p2b: Iron Bundle\n|-status|p2b: Iron Bundle|slp|[from] move: Spore\n|\n|-damage|p1b: Ting-Lu|49\/100|[from] Leech Seed|[of] p2a: Wo-Chien\n|-heal|p2a: Wo-Chien|63\/100|[silent]\n|upkeep\n|turn|5\n|inactive|bloopblop2 has 30 seconds left.\n|inactive|bloopblop2 has 20 seconds left.\n|inactive|bloopblop2 has 15 seconds left.\n|-message|bloopblop2 forfeited.\n|\n|win|ChandosH\n|raw|ChandosH's rating: 1285 → 1308<\/strong> (+23 for winning)\n|raw|bloopblop2's rating: 1258 → 1235<\/strong> (-23 for losing)\n|l|\u2606bloopblop2\n","uploadtime":1682307324,"views":22,"p1id":"chandosh","p2id":"bloopblop2","formatid":"gen9vgc2023regulationc","rating":1235,"private":0,"password":""}