{"id":"gen9vgc2023regulationc-1861345121","p1":"dashrekawanobi","p2":"KKKKkingsy","format":"[Gen 9] VGC 2023 Regulation C","log":"|j|\u2606dashrekawanobi\n|j|\u2606KKKKkingsy\n|t:|1683747987\n|gametype|doubles\n|player|p1|dashrekawanobi|elesa-gen5bw2|1060\n|player|p2|KKKKkingsy|2|1114\n|teamsize|p1|6\n|teamsize|p2|6\n|gen|9\n|tier|[Gen 9] VGC 2023 Regulation C\n|rated|\n|rule|Species Clause: Limit one of each Pok\u00e9mon\n|rule|Item Clause: Limit one of each item\n|clearpoke\n|poke|p1|Stantler, L50, M|\n|poke|p1|Kingambit, L50, F|\n|poke|p1|Hatterene, L50, F|\n|poke|p1|Indeedee-F, L50, F|\n|poke|p1|Iron Hands, L50|\n|poke|p1|Amoonguss, L50, F|\n|poke|p2|Annihilape, L50, F|\n|poke|p2|Klefki, L50, F|\n|poke|p2|Flutter Mane, L50|\n|poke|p2|Arcanine, L50, F|\n|poke|p2|Maushold, L50|\n|poke|p2|Rotom-Wash, L50|\n|teampreview|4\n|inactive|Battle timer is ON: inactive players will automatically lose when time's up. (requested by dashrekawanobi)\n|c|\u2606dashrekawanobi|glhf\ndashrekawanobi rejected open team sheets.\n|inactive|KKKKkingsy has 60 seconds left.\n|\n|t:|1683748022\n|start\n|switch|p1a: Indeedee|Indeedee-F, L50, F|100\/100\n|switch|p1b: Amoonguss|Amoonguss, L50, F|100\/100\n|switch|p2a: Rotom|Rotom-Wash, L50|100\/100\n|switch|p2b: Flutter Mane|Flutter Mane, L50|100\/100\n|-fieldstart|move: Psychic Terrain|[from] ability: Psychic Surge|[of] p1a: Indeedee\n|-enditem|p1a: Indeedee|Psychic Seed\n|-boost|p1a: Indeedee|spd|1|[from] item: Psychic Seed\n|-enditem|p2b: Flutter Mane|Booster Energy\n|-activate|p2b: Flutter Mane|ability: Protosynthesis|[fromitem]\n|-start|p2b: Flutter Mane|protosynthesisspa\n|turn|1\n|inactive|KKKKkingsy has 30 seconds left.\n|inactive|KKKKkingsy has 20 seconds left.\n|\n|t:|1683748059\n|move|p1b: Amoonguss|Rage Powder|p1b: Amoonguss\n|-singleturn|p1b: Amoonguss|move: Rage Powder\n|move|p2a: Rotom|Trick|p1b: Amoonguss\n|-activate|p2a: Rotom|move: Trick|[of] p1b: Amoonguss\n|-item|p1b: Amoonguss|Choice Scarf|[from] move: Trick\n|-item|p2a: Rotom|Sitrus Berry|[from] move: Trick\n|move|p2b: Flutter Mane|Shadow Ball|p1b: Amoonguss\n|-damage|p1b: Amoonguss|54\/100\n|move|p1a: Indeedee|Trick Room|p1a: Indeedee\n|-fieldstart|move: Trick Room|[of] p1a: Indeedee\n|\n|upkeep\n|turn|2\n|\n|t:|1683748076\n|switch|p1b: Stantler|Stantler, L50, M|100\/100\n|-ability|p1b: Stantler|Intimidate|boost\n|-unboost|p2a: Rotom|atk|1\n|-unboost|p2b: Flutter Mane|atk|1\n|-terastallize|p2b: Flutter Mane|Fairy\n|move|p1a: Indeedee|Follow Me|p1a: Indeedee\n|-singleturn|p1a: Indeedee|move: Follow Me\n|move|p2a: Rotom|Thunderbolt|p1a: Indeedee\n|-damage|p1a: Indeedee|78\/100\n|move|p2b: Flutter Mane|Dazzling Gleam|p1b: Stantler|[spread] p1a,p1b\n|-damage|p1a: Indeedee|44\/100\n|-damage|p1b: Stantler|60\/100\n|\n|upkeep\n|turn|3\n|\n|t:|1683748099\n|switch|p1a: Kingambit|Kingambit, L50, F|100\/100\n|move|p1b: Stantler|Bulldoze|p2b: Flutter Mane|[spread] p1a,p2b\n|-immune|p2a: Rotom|[from] ability: Levitate\n|-supereffective|p1a: Kingambit\n|-damage|p1a: Kingambit|89\/100\n|-damage|p2b: Flutter Mane|90\/100\n|-unboost|p1a: Kingambit|spe|1\n|-unboost|p2b: Flutter Mane|spe|1\n|-enditem|p1a: Kingambit|Weakness Policy\n|-boost|p1a: Kingambit|atk|2|[from] item: Weakness Policy\n|-boost|p1a: Kingambit|spa|2|[from] item: Weakness Policy\n|move|p2b: Flutter Mane|Dazzling Gleam|p1a: Kingambit|[spread] p1a,p1b\n|-damage|p1a: Kingambit|33\/100\n|-damage|p1b: Stantler|17\/100\n|move|p2a: Rotom|Thunderbolt|p1b: Stantler\n|-damage|p1b: Stantler|0 fnt\n|faint|p1b: Stantler\n|\n|upkeep\n|\n|t:|1683748113\n|switch|p1b: Indeedee|Indeedee-F, L50, F|44\/100\n|turn|4\n|\n|t:|1683748126\n|move|p2b: Flutter Mane|Protect|p2b: Flutter Mane\n|-singleturn|p2b: Flutter Mane|Protect\n|move|p1b: Indeedee|Follow Me|p1b: Indeedee\n|-singleturn|p1b: Indeedee|move: Follow Me\n|move|p1a: Kingambit|Kowtow Cleave|p2b: Flutter Mane\n|-activate|p2b: Flutter Mane|move: Protect\n|move|p2a: Rotom|Thunderbolt|p1b: Indeedee\n|-damage|p1b: Indeedee|13\/100\n|\n|upkeep\n|turn|5\n|\n|t:|1683748141\n|-end|p2b: Flutter Mane|Protosynthesis|[silent]\n|switch|p2b: Annihilape|Annihilape, L50, F|100\/100\n|move|p1b: Indeedee|Follow Me|p1b: Indeedee\n|-singleturn|p1b: Indeedee|move: Follow Me\n|move|p1a: Kingambit|Kowtow Cleave|p2b: Annihilape\n|-damage|p2b: Annihilape|7\/100\n|move|p2a: Rotom|Volt Switch|p1b: Indeedee\n|-damage|p1b: Indeedee|0 fnt\n|faint|p1b: Indeedee\n|\n|t:|1683748152\n|switch|p2a: Maushold|Maushold, L50|100\/100|[from] Volt Switch\n|\n|-heal|p2b: Annihilape|13\/100|[from] item: Leftovers\n|-fieldend|move: Trick Room\n|-fieldend|move: Psychic Terrain\n|upkeep\n|\n|t:|1683748158\n|switch|p1b: Amoonguss|Amoonguss, L50, F|87\/100\n|turn|6\n|\n|t:|1683748172\n|-terastallize|p1a: Kingambit|Flying\n|move|p2b: Annihilape|Protect|p2b: Annihilape\n|-singleturn|p2b: Annihilape|Protect\n|move|p1b: Amoonguss|Rage Powder|p1b: Amoonguss\n|-singleturn|p1b: Amoonguss|move: Rage Powder\n|move|p2a: Maushold|Taunt|p1b: Amoonguss\n|-start|p1b: Amoonguss|move: Taunt\n|move|p1a: Kingambit|Tera Blast|p2a: Maushold\n|-damage|p2a: Maushold|0 fnt\n|faint|p2a: Maushold\n|\n|-heal|p2b: Annihilape|19\/100|[from] item: Leftovers\n|upkeep\n|\n|t:|1683748189\n|switch|p2a: Rotom|Rotom-Wash, L50|100\/100\n|turn|7\n|\n|t:|1683748199\n|move|p1a: Kingambit|Sucker Punch|p2a: Rotom\n|-damage|p2a: Rotom|25\/100\n|-enditem|p2a: Rotom|Sitrus Berry|[eat]\n|-heal|p2a: Rotom|50\/100|[from] item: Sitrus Berry\n|move|p2a: Rotom|Thunderbolt|p1a: Kingambit\n|-supereffective|p1a: Kingambit\n|-damage|p1a: Kingambit|0 fnt\n|faint|p1a: Kingambit\n|move|p2b: Annihilape|Bulk Up|p2b: Annihilape\n|-boost|p2b: Annihilape|atk|1\n|-boost|p2b: Annihilape|def|1\n|-activate|p1b: Amoonguss|move: Struggle\n|move|p1b: Amoonguss|Struggle|p2a: Rotom\n|-damage|p2a: Rotom|42\/100\n|-damage|p1b: Amoonguss|62\/100|[from] recoil\n|\n|-heal|p2b: Annihilape|25\/100|[from] item: Leftovers\n|upkeep\n|turn|8\n|-message|dashrekawanobi forfeited.\n|\n|win|KKKKkingsy\n|raw|dashrekawanobi's rating: 1060 → 1044<\/strong> (-16 for losing)\n|raw|KKKKkingsy's rating: 1114 → 1135<\/strong> (+21 for winning)\n|l|\u2606dashrekawanobi\n","uploadtime":1683748226,"views":11,"p1id":"dashrekawanobi","p2id":"kkkkkingsy","formatid":"gen9vgc2023regulationc","rating":1044,"private":0,"password":""}