{"id":"gen9vgc2023regulationc-1845917244","p1":"spacepirate279","p2":"addyson789","format":"[Gen 9] VGC 2023 Regulation C","log":"|j|\u2606spacepirate279\n|j|\u2606addyson789\n|t:|1681779022\n|gametype|doubles\n|player|p1|spacepirate279|rocketgruntf|1141\n|player|p2|addyson789|ninjaboy|1256\n|teamsize|p1|6\n|teamsize|p2|6\n|gen|9\n|tier|[Gen 9] VGC 2023 Regulation C\n|rated|\n|rule|Species Clause: Limit one of each Pok\u00e9mon\n|rule|Item Clause: Limit one of each item\n|clearpoke\n|poke|p1|Baxcalibur, L50, M|\n|poke|p1|Flutter Mane, L50|\n|poke|p1|Gyarados, L50, M|\n|poke|p1|Talonflame, L50, M|\n|poke|p1|Ting-Lu, L50|\n|poke|p1|Amoonguss, L50, F|\n|poke|p2|Flutter Mane, L50|\n|poke|p2|Kingambit, L50, F|\n|poke|p2|Garchomp, L50, F|\n|poke|p2|Chien-Pao, L50|\n|poke|p2|Dragonite, L50, M|\n|poke|p2|Gyarados, L50, M|\n|teampreview|4\n|inactive|Battle timer is ON: inactive players will automatically lose when time's up. (requested by spacepirate279)\n|inactive|spacepirate279 has 60 seconds left.\n|inactive|addyson789 has 60 seconds left.\n|\n|t:|1681779082\n|start\n|switch|p1a: Talonflame|Talonflame, L50, M|100\/100\n|switch|p1b: Gyarados|Gyarados, L50, M|100\/100\n|switch|p2a: Gyarados|Gyarados, L50, M, shiny|100\/100\n|switch|p2b: Chien-Pao|Chien-Pao, L50|100\/100\n|-ability|p2b: Chien-Pao|Sword of Ruin\n|-ability|p2a: Gyarados|Intimidate|boost\n|-unboost|p1a: Talonflame|atk|1\n|-unboost|p1b: Gyarados|atk|1\n|-ability|p1b: Gyarados|Intimidate|boost\n|-unboost|p2a: Gyarados|atk|1\n|-unboost|p2b: Chien-Pao|atk|1\n|turn|1\n|inactive|spacepirate279 has 30 seconds left.\n|\n|t:|1681779108\n|move|p2b: Chien-Pao|Protect|p2b: Chien-Pao\n|-singleturn|p2b: Chien-Pao|Protect\n|move|p1a: Talonflame|Tailwind|p1a: Talonflame\n|-sidestart|p1: spacepirate279|move: Tailwind\n|move|p1b: Gyarados|Taunt|p2a: Gyarados\n|-start|p2a: Gyarados|move: Taunt\n|cant|p2a: Gyarados|move: Taunt|Thunder Wave\n|\n|upkeep\n|turn|2\n|inactive|addyson789 has 30 seconds left.\n|\n|t:|1681779138\n|move|p2b: Chien-Pao|Sucker Punch||[still]\n|-fail|p2b: Chien-Pao\n|move|p1a: Talonflame|Will-O-Wisp|p2b: Chien-Pao\n|-status|p2b: Chien-Pao|brn\n|move|p1b: Gyarados|Thunder Wave|p2a: Gyarados\n|-status|p2a: Gyarados|par\n|move|p2a: Gyarados|Waterfall|p1a: Talonflame\n|-supereffective|p1a: Talonflame\n|-damage|p1a: Talonflame|2\/100\n|\n|-damage|p2b: Chien-Pao|95\/100 brn|[from] brn\n|upkeep\n|turn|3\n|inactive|addyson789 has 30 seconds left.\n|\n|t:|1681779164\n|move|p1a: Talonflame|Protect|p1a: Talonflame\n|-singleturn|p1a: Talonflame|Protect\n|move|p2b: Chien-Pao|Sucker Punch||[still]\n|-fail|p2b: Chien-Pao\n|move|p1b: Gyarados|Waterfall|p2b: Chien-Pao\n|-damage|p2b: Chien-Pao|61\/100 brn\n|move|p2a: Gyarados|Iron Head|p1b: Gyarados\n|-resisted|p1b: Gyarados\n|-damage|p1b: Gyarados|89\/100\n|\n|-damage|p2b: Chien-Pao|55\/100 brn|[from] brn\n|-end|p2a: Gyarados|move: Taunt\n|upkeep\n|turn|4\n|inactive|spacepirate279 has 30 seconds left.\n|\n|t:|1681779194\n|move|p1a: Talonflame|Protect||[still]\n|-fail|p1a: Talonflame\n|move|p2b: Chien-Pao|Protect|p2b: Chien-Pao\n|-singleturn|p2b: Chien-Pao|Protect\n|move|p1b: Gyarados|Taunt|p2a: Gyarados\n|-start|p2a: Gyarados|move: Taunt\n|cant|p2a: Gyarados|move: Taunt|Thunder Wave\n|\n|-damage|p2b: Chien-Pao|50\/100 brn|[from] brn\n|-sideend|p1: spacepirate279|move: Tailwind\n|upkeep\n|turn|5\n|\n|t:|1681779211\n|move|p2b: Chien-Pao|Sacred Sword|p1b: Gyarados\n|-resisted|p1b: Gyarados\n|-damage|p1b: Gyarados|81\/100\n|move|p1a: Talonflame|Tailwind|p1a: Talonflame\n|-sidestart|p1: spacepirate279|move: Tailwind\n|move|p1b: Gyarados|Waterfall|p2b: Chien-Pao\n|-damage|p2b: Chien-Pao|19\/100 brn\n|move|p2a: Gyarados|Waterfall|p1a: Talonflame\n|-supereffective|p1a: Talonflame\n|-damage|p1a: Talonflame|0 fnt\n|faint|p1a: Talonflame\n|\n|-damage|p2b: Chien-Pao|13\/100 brn|[from] brn\n|upkeep\n|\n|t:|1681779226\n|switch|p1a: Flutter Mane|Flutter Mane, L50|100\/100\n|turn|6\n|\n|t:|1681779238\n|move|p2b: Chien-Pao|Sucker Punch||[still]\n|-fail|p2b: Chien-Pao\n|move|p1a: Flutter Mane|Substitute|p1a: Flutter Mane\n|-start|p1a: Flutter Mane|Substitute\n|-damage|p1a: Flutter Mane|75\/100\n|move|p1b: Gyarados|Waterfall|p2b: Chien-Pao\n|-damage|p2b: Chien-Pao|0 fnt\n|faint|p2b: Chien-Pao\n|move|p2a: Gyarados|Iron Head|p1a: Flutter Mane\n|-supereffective|p1a: Flutter Mane\n|-end|p1a: Flutter Mane|Substitute\n|\n|-heal|p1a: Flutter Mane|82\/100|[from] item: Leftovers\n|-end|p2a: Gyarados|move: Taunt\n|upkeep\n|\n|t:|1681779255\n|switch|p2b: Garchomp|Garchomp, L50, F, shiny|100\/100\n|turn|7\n|\n|t:|1681779274\n|switch|p2a: Flutter Mane|Flutter Mane, L50|100\/100\n|-enditem|p2a: Flutter Mane|Booster Energy\n|-activate|p2a: Flutter Mane|ability: Protosynthesis|[fromitem]\n|-start|p2a: Flutter Mane|protosynthesisspa\n|-terastallize|p2b: Garchomp|Ground\n|move|p1a: Flutter Mane|Substitute|p1a: Flutter Mane\n|-start|p1a: Flutter Mane|Substitute\n|-damage|p1a: Flutter Mane|57\/100\n|move|p1b: Gyarados|Taunt|p2a: Flutter Mane\n|-start|p2a: Flutter Mane|move: Taunt\n|move|p2b: Garchomp|Rock Slide|p1b: Gyarados|[spread] p1a,p1b\n|-end|p1a: Flutter Mane|Substitute\n|-supereffective|p1b: Gyarados\n|-crit|p1b: Gyarados\n|-damage|p1b: Gyarados|4\/100\n|-damage|p2b: Garchomp|91\/100|[from] item: Life Orb\n|\n|-heal|p1a: Flutter Mane|63\/100|[from] item: Leftovers\n|upkeep\n|turn|8\n|inactive|spacepirate279 has 30 seconds left.\n|inactive|addyson789 has 30 seconds left.\n|\n|t:|1681779302\n|-end|p2a: Flutter Mane|Protosynthesis|[silent]\n|switch|p2a: Gyarados|Gyarados, L50, M, shiny|100\/100 par\n|-ability|p2a: Gyarados|Intimidate|boost\n|-unboost|p1a: Flutter Mane|atk|1\n|-unboost|p1b: Gyarados|atk|1\n|move|p2b: Garchomp|Protect|p2b: Garchomp\n|-singleturn|p2b: Garchomp|Protect\n|move|p1a: Flutter Mane|Shadow Ball|p2a: Gyarados\n|-damage|p2a: Gyarados|68\/100 par\n|move|p1b: Gyarados|Waterfall|p2b: Garchomp\n|-activate|p2b: Garchomp|move: Protect\n|\n|-heal|p1a: Flutter Mane|69\/100|[from] item: Leftovers\n|-sideend|p1: spacepirate279|move: Tailwind\n|upkeep\n|turn|9\n|\n|t:|1681779321\n|move|p1a: Flutter Mane|Thunderbolt|p2a: Gyarados\n|-supereffective|p2a: Gyarados\n|-damage|p2a: Gyarados|0 fnt\n|faint|p2a: Gyarados\n|move|p2b: Garchomp|Rock Slide|p1b: Gyarados|[spread] p1a,p1b\n|-supereffective|p1b: Gyarados\n|-damage|p1a: Flutter Mane|29\/100\n|-damage|p1b: Gyarados|0 fnt\n|faint|p1b: Gyarados\n|-damage|p2b: Garchomp|81\/100|[from] item: Life Orb\n|\n|-heal|p1a: Flutter Mane|35\/100|[from] item: Leftovers\n|upkeep\n|\n|t:|1681779331\n|switch|p2a: Flutter Mane|Flutter Mane, L50|100\/100\n|switch|p1b: Baxcalibur|Baxcalibur, L50, M|100\/100\n|turn|10\n|inactive|spacepirate279 has 30 seconds left.\n|inactive|spacepirate279 has 20 seconds left.\n|inactive|spacepirate279 has 15 seconds left.\n|\n|t:|1681779375\n|-terastallize|p1b: Baxcalibur|Poison\n|move|p2a: Flutter Mane|Protect|p2a: Flutter Mane\n|-singleturn|p2a: Flutter Mane|Protect\n|move|p1a: Flutter Mane|Shadow Ball|p2a: Flutter Mane\n|-activate|p2a: Flutter Mane|move: Protect\n|move|p2b: Garchomp|Earthquake|p1a: Flutter Mane|[spread] p1a,p1b\n|-activate|p2a: Flutter Mane|move: Protect\n|-supereffective|p1b: Baxcalibur\n|-damage|p1a: Flutter Mane|0 fnt\n|-damage|p1b: Baxcalibur|0 fnt\n|faint|p1a: Flutter Mane\n|-end|p1a: Flutter Mane|Protosynthesis|[silent]\n|faint|p1b: Baxcalibur\n|-damage|p2b: Garchomp|71\/100|[from] item: Life Orb\n|\n|win|addyson789\n|raw|spacepirate279's rating: 1141 → 1124<\/strong> (-17 for losing)\n|raw|addyson789's rating: 1256 → 1273<\/strong> (+17 for winning)\n|l|\u2606spacepirate279\n","uploadtime":1681780429,"views":8,"p1id":"spacepirate279","p2id":"addyson789","formatid":"gen9vgc2023regulationc","rating":1124,"private":0,"password":""}