{"id":"gen9vgc2023regulationc-1845312482","p1":"yungwasser","p2":"a12351","format":"[Gen 9] VGC 2023 Regulation C","log":"|j|\u2606yungwasser\n|j|\u2606a12351\n|t:|1681712816\n|gametype|doubles\n|player|p1|yungwasser|170|\n|player|p2|a12351|brycenman|\n|teamsize|p1|6\n|teamsize|p2|6\n|gen|9\n|tier|[Gen 9] VGC 2023 Regulation C\n|rule|Species Clause: Limit one of each Pok\u00e9mon\n|rule|Item Clause: Limit one of each item\n|clearpoke\n|poke|p1|Amoonguss, L50, M|\n|poke|p1|Palafin, L50, M|\n|poke|p1|Flutter Mane, L50|\n|poke|p1|Arcanine, L50, F|\n|poke|p1|Dragonite, L50, F|\n|poke|p1|Kingambit, L50, M|\n|poke|p2|Scream Tail, L50|\n|poke|p2|Gothitelle, L50, M|\n|poke|p2|Wo-Chien, L50|\n|poke|p2|Meowscarada, L50, F|\n|poke|p2|Dondozo, L50, M|\n|poke|p2|Tatsugiri, L50, M|\n|teampreview|4\nyungwasser has agreed to open team sheets.\n|c|\u2606a12351|Glhf\n|c|\u2606yungwasser|same to u\n|c|\u2606a12351|My team is weird right\n|c|\u2606yungwasser|i already fear the match yeah\n|\n|t:|1681712894\n|start\n|switch|p1a: Amoonguss|Amoonguss, L50, M|100\/100\n|switch|p1b: Flutter Mane|Flutter Mane, L50|100\/100\n|switch|p2a: Scream Tail|Scream Tail, L50|100\/100\n|switch|p2b: Meowscarada|Meowscarada, L50, F|100\/100\n|-enditem|p1b: Flutter Mane|Booster Energy\n|-activate|p1b: Flutter Mane|ability: Protosynthesis|[fromitem]\n|-start|p1b: Flutter Mane|protosynthesisspa\n|-enditem|p2a: Scream Tail|Booster Energy\n|-activate|p2a: Scream Tail|ability: Protosynthesis|[fromitem]\n|-start|p2a: Scream Tail|protosynthesisspe\n|turn|1\n|\n|t:|1681712934\n|move|p1b: Flutter Mane|Protect|p1b: Flutter Mane\n|-singleturn|p1b: Flutter Mane|Protect\n|move|p2a: Scream Tail|Perish Song|p2a: Scream Tail\n|-start|p1a: Amoonguss|perish3|[silent]\n|-start|p1b: Flutter Mane|perish3|[silent]\n|-start|p2a: Scream Tail|perish3|[silent]\n|-start|p2b: Meowscarada|perish3|[silent]\n|-fieldactivate|move: Perish Song\n|move|p2b: Meowscarada|U-turn|p1a: Amoonguss\n|-crit|p1a: Amoonguss\n|-damage|p1a: Amoonguss|71\/100\n|\n|t:|1681712948\n|switch|p2b: Gothitelle|Gothitelle, L50, M|100\/100|[from] U-turn\n|move|p1a: Amoonguss|Pollen Puff|p2b: Gothitelle\n|-supereffective|p2b: Gothitelle\n|-damage|p2b: Gothitelle|70\/100\n|\n|-start|p2a: Scream Tail|perish3\n|-start|p1b: Flutter Mane|perish3\n|-start|p1a: Amoonguss|perish3\n|upkeep\n|turn|2\n|c|\u2606a12351|2 pokemon i want to tera\n|c|\u2606a12351|And i cant\n|\n|t:|1681712999\n|-terastallize|p2b: Gothitelle|Grass\n|move|p2b: Gothitelle|Fake Out|p1a: Amoonguss\n|-damage|p1a: Amoonguss|67\/100\n|move|p2a: Scream Tail|Thunder Wave|p1b: Flutter Mane\n|-status|p1b: Flutter Mane|par\n|move|p1b: Flutter Mane|Shadow Ball|p2b: Gothitelle\n|-damage|p2b: Gothitelle|22\/100\n|-enditem|p2b: Gothitelle|Sitrus Berry|[eat]\n|-heal|p2b: Gothitelle|47\/100|[from] item: Sitrus Berry\n|cant|p1a: Amoonguss|flinch\n|\n|-start|p2a: Scream Tail|perish2\n|-start|p1b: Flutter Mane|perish2\n|-start|p1a: Amoonguss|perish2\n|upkeep\n|turn|3\n|\n|t:|1681713028\n|move|p2a: Scream Tail|Protect|p2a: Scream Tail\n|-singleturn|p2a: Scream Tail|Protect\n|move|p2b: Gothitelle|Protect|p2b: Gothitelle\n|-singleturn|p2b: Gothitelle|Protect\n|move|p1b: Flutter Mane|Shadow Ball|p2b: Gothitelle\n|-activate|p2b: Gothitelle|move: Protect\n|move|p1a: Amoonguss|Pollen Puff|p2a: Scream Tail\n|-activate|p2a: Scream Tail|move: Protect\n|\n|-start|p2a: Scream Tail|perish1\n|-start|p1b: Flutter Mane|perish1\n|-start|p1a: Amoonguss|perish1\n|upkeep\n|turn|4\n|\n|t:|1681713046\n|-end|p2a: Scream Tail|Protosynthesis|[silent]\n|switch|p2a: Wo-Chien|Wo-Chien, L50|100\/100\n|-ability|p2a: Wo-Chien|Tablets of Ruin\n|switch|p2b: Meowscarada|Meowscarada, L50, F|100\/100\n|-end|p1b: Flutter Mane|Protosynthesis|[silent]\n|switch|p1b: Palafin|Palafin, L50, M|100\/100\n|move|p1a: Amoonguss|Pollen Puff|p2a: Wo-Chien\n|-supereffective|p2a: Wo-Chien\n|-damage|p2a: Wo-Chien|50\/100\n|\n|-start|p1a: Amoonguss|perish0\n|upkeep\n|faint|p1a: Amoonguss\n|\n|t:|1681713058\n|switch|p1a: Arcanine|Arcanine, L50, F|100\/100\n|-ability|p1a: Arcanine|Intimidate|boost\n|-unboost|p2a: Wo-Chien|atk|1\n|-unboost|p2b: Meowscarada|atk|1\n|turn|5\n|\n|t:|1681713081\n|detailschange|p1b: Palafin|Palafin-Hero, L50, M\n|switch|p1b: Flutter Mane|Flutter Mane, L50|100\/100 par\n|move|p2b: Meowscarada|Flower Trick|p1b: Flutter Mane\n|-crit|p1b: Flutter Mane\n|-damage|p1b: Flutter Mane|36\/100 par\n|move|p1a: Arcanine|Flare Blitz|p2a: Wo-Chien\n|-supereffective|p2a: Wo-Chien\n|-damage|p2a: Wo-Chien|0 fnt\n|-damage|p1a: Arcanine|84\/100|[from] item: Rocky Helmet|[of] p2a: Wo-Chien\n|faint|p2a: Wo-Chien\n|-damage|p1a: Arcanine|68\/100|[from] Recoil\n|\n|upkeep\n|c|\u2606a12351|Gg\n|c|\u2606a12351|To who wins\n|c|\u2606yungwasser|hahaha\n|\n|t:|1681713105\n|switch|p2a: Scream Tail|Scream Tail, L50|100\/100\n|turn|6\n|c|\u2606yungwasser|its not over yet\n|\n|t:|1681713124\n|move|p1b: Flutter Mane|Protect|p1b: Flutter Mane\n|-singleturn|p1b: Flutter Mane|Protect\n|move|p2b: Meowscarada|Knock Off|p1a: Arcanine\n|-damage|p1a: Arcanine|35\/100\n|-enditem|p1a: Arcanine|Safety Goggles|[from] move: Knock Off|[of] p2b: Meowscarada\n|move|p2a: Scream Tail|Play Rough|p1b: Flutter Mane\n|-activate|p1b: Flutter Mane|move: Protect\n|move|p1a: Arcanine|Flare Blitz|p2b: Meowscarada\n|-supereffective|p2b: Meowscarada\n|-enditem|p2b: Meowscarada|Focus Sash\n|-damage|p2b: Meowscarada|1\/100\n|-damage|p1a: Arcanine|10\/100|[from] Recoil\n|\n|upkeep\n|turn|7\n|\n|t:|1681713142\n|move|p1a: Arcanine|Protect|p1a: Arcanine\n|-singleturn|p1a: Arcanine|Protect\n|move|p2b: Meowscarada|Sucker Punch||[still]\n|-fail|p2b: Meowscarada\n|move|p2a: Scream Tail|Play Rough|p1b: Flutter Mane\n|-damage|p1b: Flutter Mane|0 fnt\n|faint|p1b: Flutter Mane\n|-end|p1b: Flutter Mane|Protosynthesis|[silent]\n|\n|upkeep\n|\n|t:|1681713149\n|switch|p1b: Palafin|Palafin-Hero, L50, M|100\/100\n|-activate|p1b: Palafin|ability: Zero to Hero\n|turn|8\n|c|\u2606a12351|Will i win\n|c|\u2606yungwasser|not sure tbh\n|\n|t:|1681713169\n|switch|p2b: Gothitelle|Gothitelle, L50, M, tera:Grass|47\/100\n|-terastallize|p1b: Palafin|Water\n|move|p1a: Arcanine|Extreme Speed|p2b: Gothitelle\n|-damage|p2b: Gothitelle|24\/100\n|move|p2a: Scream Tail|Perish Song|p2a: Scream Tail\n|-start|p1a: Arcanine|perish3|[silent]\n|-start|p1b: Palafin|perish3|[silent]\n|-start|p2a: Scream Tail|perish3|[silent]\n|-start|p2b: Gothitelle|perish3|[silent]\n|-fieldactivate|move: Perish Song\n|move|p1b: Palafin|Wave Crash|p2a: Scream Tail\n|-crit|p2a: Scream Tail\n|-damage|p2a: Scream Tail|0 fnt\n|faint|p2a: Scream Tail\n|-end|p2a: Scream Tail|Protosynthesis|[silent]\n|-damage|p1b: Palafin|64\/100|[from] Recoil\n|\n|-start|p1a: Arcanine|perish3\n|-start|p1b: Palafin|perish3\n|-start|p2b: Gothitelle|perish3\n|upkeep\n|c|\u2606yungwasser|the grass tera is good\n|\n|t:|1681713175\n|switch|p2a: Meowscarada|Meowscarada, L50, F|1\/100\n|turn|9\n|c|\u2606yungwasser|oop\n|c|\u2606a12351|I know someone said use grass not saftey goggles\n|\n|t:|1681713207\n|move|p2b: Gothitelle|Fake Out|p1a: Arcanine\n|-damage|p1a: Arcanine|4\/100\n|cant|p1a: Arcanine|flinch\n|move|p1b: Palafin|Jet Punch|p2a: Meowscarada\n|-resisted|p2a: Meowscarada\n|-damage|p2a: Meowscarada|0 fnt\n|faint|p2a: Meowscarada\n|\n|-start|p1a: Arcanine|perish2\n|-start|p1b: Palafin|perish2\n|-start|p2b: Gothitelle|perish2\n|upkeep\n|turn|10\n|c|\u2606a12351|Gg\n|\n|t:|1681713226\n|move|p2b: Gothitelle|Protect|p2b: Gothitelle\n|-singleturn|p2b: Gothitelle|Protect\n|move|p1a: Arcanine|Extreme Speed|p2b: Gothitelle\n|-activate|p2b: Gothitelle|move: Protect\n|move|p1b: Palafin|Wave Crash|p2b: Gothitelle\n|-activate|p2b: Gothitelle|move: Protect\n|\n|-start|p1a: Arcanine|perish1\n|-start|p1b: Palafin|perish1\n|-start|p2b: Gothitelle|perish1\n|upkeep\n|turn|11\n|c|\u2606yungwasser|maybe u get double tect\n|c|\u2606yungwasser|50\/50\n|c|\u2606a12351|I will dieto perish\n|c|\u2606yungwasser|slowest mon wins\n|c|\u2606yungwasser|what speed is it\n|c|\u2606a12351|Why when i use scream tail its always or lando\n|c|\u2606a12351|Orlando\n|\n|t:|1681713291\n|move|p2b: Gothitelle|Protect|p2b: Gothitelle\n|-singleturn|p2b: Gothitelle|Protect\n|move|p1a: Arcanine|Extreme Speed|p2b: Gothitelle\n|-activate|p2b: Gothitelle|move: Protect\n|move|p1b: Palafin|Wave Crash|p2b: Gothitelle\n|-activate|p2b: Gothitelle|move: Protect\n|\n|-start|p1a: Arcanine|perish0\n|-start|p1b: Palafin|perish0\n|-start|p2b: Gothitelle|perish0\n|faint|p1a: Arcanine\n|faint|p1b: Palafin\n|faint|p2b: Gothitelle\n|\n|win|a12351\n|upkeep\n|c|\u2606a12351|Yes\n|c|\u2606yungwasser|gg\n|c|\u2606yungwasser|loool\n|c|\u2606a12351|What was that\n|c|\u2606a12351|Gg\n|c|\u2606yungwasser|what speed is it?\n","uploadtime":1681713314,"views":15,"p1id":"yungwasser","p2id":"a12351","formatid":"gen9vgc2023regulationc","rating":0,"private":0,"password":""}