{"id":"gen9vgc2023regulationc-1855160266","p1":"As-fly-as-sly","p2":"BigStall2.0","format":"[Gen 9] VGC 2023 Regulation C","log":"|j|\u2606As-fly-as-sly\n|j|\u2606BigStall2.0\n|t:|1682908698\n|gametype|doubles\n|player|p1|As-fly-as-sly|palmer|\n|player|p2|BigStall2.0|grimsley-masters|\n|teamsize|p1|6\n|teamsize|p2|6\n|gen|9\n|tier|[Gen 9] VGC 2023 Regulation C\n|rule|Species Clause: Limit one of each Pok\u00e9mon\n|rule|Item Clause: Limit one of each item\n|clearpoke\n|poke|p1|Kilowattrel, L50, M|\n|poke|p1|Garchomp, L50, M|\n|poke|p1|Orthworm, L50, M|\n|poke|p1|Maushold, L50|\n|poke|p1|Annihilape, L50, F|\n|poke|p1|Gastrodon, L50, M|\n|poke|p2|Bronzong, L50|\n|poke|p2|Murkrow, L50, F|\n|poke|p2|Chi-Yu, L50|\n|poke|p2|Iron Valiant, L50|\n|poke|p2|Ampharos, L50, F|\n|poke|p2|Garchomp, L50, F|\n|teampreview|4\n|c|\u2606As-fly-as-sly|g3\nAs-fly-as-sly rejected open team sheets.\n|j| Lifetouches\n|l| Lifetouches\n|c|\u2606BigStall2.0|Glhf\n|c|\u2606As-fly-as-sly|hf\n|\n|t:|1682909183\n|start\n|switch|p1a: Annihilape|Annihilape, L50, F|100\/100\n|switch|p1b: Maushold|Maushold, L50|100\/100\n|switch|p2a: Murkrow|Murkrow, L50, F|100\/100\n|switch|p2b: Iron Valiant|Iron Valiant, L50|100\/100\n|-enditem|p2b: Iron Valiant|Booster Energy\n|-activate|p2b: Iron Valiant|ability: Quark Drive|[fromitem]\n|-start|p2b: Iron Valiant|quarkdrivespe\n|turn|1\n|j| Hiiya Papaya\n|\n|t:|1682909234\n|move|p2a: Murkrow|Tailwind|p2a: Murkrow\n|-sidestart|p2: BigStall2.0|move: Tailwind\n|move|p2b: Iron Valiant|Close Combat|p1b: Maushold\n|-supereffective|p1b: Maushold\n|-enditem|p1b: Maushold|Chople Berry|[eat]\n|-enditem|p1b: Maushold|Chople Berry|[weaken]\n|-damage|p1b: Maushold|29\/100\n|-unboost|p2b: Iron Valiant|def|1\n|-unboost|p2b: Iron Valiant|spd|1\n|move|p1b: Maushold|Population Bomb|p2a: Murkrow\n|-damage|p2a: Murkrow|85\/100\n|-damage|p2a: Murkrow|71\/100\n|-damage|p2a: Murkrow|56\/100\n|-damage|p2a: Murkrow|40\/100\n|-damage|p2a: Murkrow|26\/100\n|-damage|p2a: Murkrow|11\/100\n|-hitcount|p2a: Murkrow|6\n|move|p1a: Annihilape|Gunk Shot|p2b: Iron Valiant\n|-supereffective|p2b: Iron Valiant\n|-damage|p2b: Iron Valiant|0 fnt\n|faint|p2b: Iron Valiant\n|-end|p2b: Iron Valiant|Quark Drive|[silent]\n|\n|upkeep\n|\n|t:|1682909257\n|switch|p2b: Ampharos|Ampharos, L50, F|100\/100\n|turn|2\n|\n|t:|1682909280\n|switch|p2a: Bronzong|Bronzong, L50|100\/100\n|move|p1b: Maushold|Follow Me|p1b: Maushold\n|-singleturn|p1b: Maushold|move: Follow Me\n|move|p2b: Ampharos|Trailblaze|p1b: Maushold\n|-damage|p1b: Maushold|10\/100\n|-boost|p2b: Ampharos|spe|1\n|move|p1a: Annihilape|Drain Punch|p2b: Ampharos\n|-damage|p2b: Ampharos|49\/100\n|\n|upkeep\n|turn|3\n|\n|t:|1682909297\n|move|p2b: Ampharos|Trailblaze|p1b: Maushold\n|-damage|p1b: Maushold|0 fnt\n|-boost|p2b: Ampharos|spe|1\n|faint|p1b: Maushold\n|move|p2a: Bronzong|Zen Headbutt|p1a: Annihilape\n|-supereffective|p1a: Annihilape\n|-damage|p1a: Annihilape|27\/100\n|move|p1a: Annihilape|Drain Punch|p2b: Ampharos\n|-damage|p2b: Ampharos|0 fnt\n|-heal|p1a: Annihilape|46\/100|[from] drain|[of] p2b: Ampharos\n|faint|p2b: Ampharos\n|\n|upkeep\n|\n|t:|1682909310\n|switch|p1b: Gastrodon|Gastrodon, L50, M|100\/100\n|switch|p2b: Murkrow|Murkrow, L50, F|11\/100\n|turn|4\n|\n|t:|1682909329\n|switch|p1a: Garchomp|Garchomp, L50, M|100\/100\n|move|p2b: Murkrow|Brave Bird|p1a: Garchomp\n|-damage|p1a: Garchomp|40\/100\n|-damage|p2b: Murkrow|0 fnt|[from] ability: Rough Skin|[of] p1a: Garchomp\n|faint|p2b: Murkrow\n|move|p2a: Bronzong|Zen Headbutt|p1b: Gastrodon\n|-damage|p1b: Gastrodon|63\/100\n|move|p1b: Gastrodon|Ice Beam|p2a: Bronzong\n|-resisted|p2a: Bronzong\n|-damage|p2a: Bronzong|90\/100\n|\n|-sideend|p2: BigStall2.0|move: Tailwind\n|upkeep\n|turn|5\n|\n|t:|1682909346\n|move|p1a: Garchomp|Fire Fang|p2a: Bronzong\n|-supereffective|p2a: Bronzong\n|-crit|p2a: Bronzong\n|-damage|p2a: Bronzong|0 fnt\n|faint|p2a: Bronzong\n|-damage|p1a: Garchomp|31\/100|[from] item: Life Orb\n|\n|win|As-fly-as-sly\n|c|\u2606As-fly-as-sly|gg\n|c|\u2606BigStall2.0|Gg\n","uploadtime":1682909357,"views":22,"p1id":"asflyassly","p2id":"bigstall20","formatid":"gen9vgc2023regulationc","rating":0,"private":0,"password":""}