{"id":"gen9vgc2023regulationc-1847157842","p1":"Kohbalt","p2":"riseofkingdomsadd","format":"[Gen 9] VGC 2023 Regulation C","log":"|j|\u2606Kohbalt\n|j|\u2606riseofkingdomsadd\n|t:|1681923809\n|gametype|doubles\n|player|p1|Kohbalt|steven|1106\n|player|p2|riseofkingdomsadd|dragontamer|1202\n|teamsize|p1|6\n|teamsize|p2|6\n|gen|9\n|tier|[Gen 9] VGC 2023 Regulation C\n|rated|\n|rule|Species Clause: Limit one of each Pok\u00e9mon\n|rule|Item Clause: Limit one of each item\n|clearpoke\n|poke|p1|Flutter Mane, L50|\n|poke|p1|Palafin, L50, F|\n|poke|p1|Amoonguss, L50, F|\n|poke|p1|Arcanine, L50, M|\n|poke|p1|Chi-Yu, L50|\n|poke|p1|Glimmora, L50, M|\n|poke|p2|Ceruledge, L50, M|\n|poke|p2|Flutter Mane, L50|\n|poke|p2|Gastrodon, L50, M|\n|poke|p2|Dragonite, L50, M|\n|poke|p2|Chien-Pao, L50|\n|poke|p2|Amoonguss, L50, F|\n|teampreview|4\nKohbalt has agreed to open team sheets.\n|\n|t:|1681923832\n|start\n|switch|p1a: Glimmora|Glimmora, L50, M, shiny|100\/100\n|switch|p1b: Chi-Yu|Chi-Yu, L50|100\/100\n|switch|p2a: Ceruledge|Ceruledge, L50, M|100\/100\n|switch|p2b: Flutter Mane|Flutter Mane, L50|100\/100\n|-ability|p1b: Chi-Yu|Beads of Ruin\n|-enditem|p2b: Flutter Mane|Booster Energy\n|-activate|p2b: Flutter Mane|ability: Protosynthesis|[fromitem]\n|-start|p2b: Flutter Mane|protosynthesisspe\n|turn|1\n|\n|t:|1681923870\n|-terastallize|p2a: Ceruledge|Grass\n|move|p1b: Chi-Yu|Protect|p1b: Chi-Yu\n|-singleturn|p1b: Chi-Yu|Protect\n|move|p2b: Flutter Mane|Shadow Ball|p1a: Glimmora\n|-damage|p1a: Glimmora|62\/100\n|move|p1a: Glimmora|Power Gem|p2b: Flutter Mane\n|-damage|p2b: Flutter Mane|44\/100\n|move|p2a: Ceruledge|Close Combat|p1b: Chi-Yu\n|-activate|p1b: Chi-Yu|move: Protect\n|\n|upkeep\n|turn|2\n|\n|t:|1681923902\n|-terastallize|p1b: Chi-Yu|Ghost\n|move|p2b: Flutter Mane|Dazzling Gleam|p1a: Glimmora|[spread] p1a,p1b\n|-resisted|p1a: Glimmora\n|-damage|p1a: Glimmora|48\/100\n|-damage|p1b: Chi-Yu|65\/100\n|move|p1b: Chi-Yu|Overheat|p2a: Ceruledge\n|-start|p2a: Ceruledge|ability: Flash Fire\n|move|p1a: Glimmora|Mortal Spin|p2a: Ceruledge|[spread] p2a,p2b\n|-supereffective|p2a: Ceruledge\n|-damage|p2a: Ceruledge|90\/100\n|-damage|p2b: Flutter Mane|35\/100\n|-status|p2a: Ceruledge|psn\n|-status|p2b: Flutter Mane|psn\n|move|p2a: Ceruledge|Tera Blast|p1a: Glimmora\n|-damage|p1a: Glimmora|1\/100\n|-activate|p1a: Glimmora|ability: Toxic Debris\n|-sidestart|p2: riseofkingdomsadd|move: Toxic Spikes\n|\n|-damage|p2b: Flutter Mane|23\/100 psn|[from] psn\n|-damage|p2a: Ceruledge|77\/100 psn|[from] psn\n|upkeep\n|turn|3\n|\n|t:|1681923928\n|switch|p1a: Arcanine|Arcanine, L50, M|100\/100\n|-ability|p1a: Arcanine|Intimidate|boost\n|-unboost|p2a: Ceruledge|atk|1\n|-unboost|p2b: Flutter Mane|atk|1\n|move|p1b: Chi-Yu|Protect|p1b: Chi-Yu\n|-singleturn|p1b: Chi-Yu|Protect\n|move|p2a: Ceruledge|Shadow Sneak|p1b: Chi-Yu\n|-activate|p1b: Chi-Yu|move: Protect\n|move|p2b: Flutter Mane|Moonblast|p1a: Arcanine\n|-resisted|p1a: Arcanine\n|-damage|p1a: Arcanine|73\/100\n|-unboost|p1a: Arcanine|spa|1\n|\n|-damage|p2b: Flutter Mane|10\/100 psn|[from] psn\n|-damage|p2a: Ceruledge|65\/100 psn|[from] psn\n|upkeep\n|turn|4\n|\n|t:|1681923950\n|-end|p2b: Flutter Mane|Protosynthesis|[silent]\n|switch|p2b: Gastrodon|Gastrodon, L50, M|100\/100\n|-status|p2b: Gastrodon|psn\n|switch|p1b: Amoonguss|Amoonguss, L50, F|100\/100\n|move|p1a: Arcanine|Extreme Speed|p2a: Ceruledge\n|-crit|p2a: Ceruledge\n|-damage|p2a: Ceruledge|34\/100 psn\n|move|p2a: Ceruledge|Shadow Sneak|p1b: Amoonguss\n|-damage|p1b: Amoonguss|88\/100\n|\n|-damage|p2a: Ceruledge|21\/100 psn|[from] psn\n|-damage|p2b: Gastrodon|88\/100 psn|[from] psn\n|upkeep\n|turn|5\n|\n|t:|1681923969\n|move|p1a: Arcanine|Protect|p1a: Arcanine\n|-singleturn|p1a: Arcanine|Protect\n|move|p2a: Ceruledge|Bitter Blade|p1b: Amoonguss\n|-supereffective|p1b: Amoonguss\n|-damage|p1b: Amoonguss|16\/100\n|-heal|p2a: Ceruledge|68\/100 psn|[from] drain|[of] p1b: Amoonguss\n|-enditem|p1b: Amoonguss|Sitrus Berry|[eat]\n|-heal|p1b: Amoonguss|41\/100|[from] item: Sitrus Berry\n|move|p2b: Gastrodon|Muddy Water|p1b: Amoonguss|[spread] p1b\n|-activate|p1a: Arcanine|move: Protect\n|-resisted|p1b: Amoonguss\n|-damage|p1b: Amoonguss|31\/100\n|-unboost|p1b: Amoonguss|accuracy|1\n|move|p1b: Amoonguss|Pollen Puff|p2a: Ceruledge\n|-supereffective|p2a: Ceruledge\n|-damage|p2a: Ceruledge|40\/100 psn\n|\n|-damage|p2a: Ceruledge|27\/100 psn|[from] psn\n|-damage|p2b: Gastrodon|76\/100 psn|[from] psn\n|upkeep\n|turn|6\n|\n|t:|1681923993\n|move|p1b: Amoonguss|Protect|p1b: Amoonguss\n|-singleturn|p1b: Amoonguss|Protect\n|move|p1a: Arcanine|Extreme Speed|p2a: Ceruledge\n|-damage|p2a: Ceruledge|5\/100 psn\n|move|p2a: Ceruledge|Bitter Blade|p1b: Amoonguss\n|-activate|p1b: Amoonguss|move: Protect\n|move|p2b: Gastrodon|Muddy Water|p1a: Arcanine|[spread] p1a\n|-activate|p1b: Amoonguss|move: Protect\n|-supereffective|p1a: Arcanine\n|-damage|p1a: Arcanine|30\/100\n|\n|-damage|p2a: Ceruledge|0 fnt|[from] psn\n|faint|p2a: Ceruledge\n|-damage|p2b: Gastrodon|63\/100 psn|[from] psn\n|upkeep\n|\n|t:|1681924015\n|switch|p2a: Flutter Mane|Flutter Mane, L50|10\/100 psn\n|turn|7\n|\n|t:|1681924027\n|move|p1a: Arcanine|Protect|p1a: Arcanine\n|-singleturn|p1a: Arcanine|Protect\n|move|p1b: Amoonguss|Protect||[still]\n|-fail|p1b: Amoonguss\n|move|p2a: Flutter Mane|Shadow Ball|p1a: Arcanine\n|-activate|p1a: Arcanine|move: Protect\n|move|p2b: Gastrodon|Icy Wind|p1b: Amoonguss|[spread] p1b\n|-activate|p1a: Arcanine|move: Protect\n|-supereffective|p1b: Amoonguss\n|-damage|p1b: Amoonguss|13\/100\n|-unboost|p1b: Amoonguss|spe|1\n|\n|-damage|p2a: Flutter Mane|0 fnt|[from] psn\n|faint|p2a: Flutter Mane\n|-end|p2a: Flutter Mane|Protosynthesis|[silent]\n|-damage|p2b: Gastrodon|51\/100 psn|[from] psn\n|upkeep\n|\n|t:|1681924045\n|switch|p2a: Chien-Pao|Chien-Pao, L50|100\/100\n|-status|p2a: Chien-Pao|psn\n|-ability|p2a: Chien-Pao|Sword of Ruin\n|turn|8\n|\n|t:|1681924057\n|switch|p1b: Chi-Yu|Chi-Yu, L50, tera:Ghost|65\/100\n|-ability|p1b: Chi-Yu|Beads of Ruin\n|move|p2a: Chien-Pao|Sucker Punch|p1a: Arcanine\n|-crit|p1a: Arcanine\n|-damage|p1a: Arcanine|0 fnt\n|faint|p1a: Arcanine\n|move|p2b: Gastrodon|Icy Wind|p1b: Chi-Yu\n|-damage|p1b: Chi-Yu|50\/100\n|-unboost|p1b: Chi-Yu|spe|1\n|\n|-damage|p2a: Chien-Pao|88\/100 psn|[from] psn\n|-damage|p2b: Gastrodon|39\/100 psn|[from] psn\n|upkeep\n|-enditem|p2b: Gastrodon|Sitrus Berry|[eat]\n|-heal|p2b: Gastrodon|63\/100 psn|[from] item: Sitrus Berry\n|\n|t:|1681924076\n|switch|p1a: Amoonguss|Amoonguss, L50, F|47\/100\n|turn|9\n|\n|t:|1681924119\n|move|p1a: Amoonguss|Rage Powder|p1a: Amoonguss\n|-singleturn|p1a: Amoonguss|move: Rage Powder\n|move|p2a: Chien-Pao|Sucker Punch||[still]\n|-fail|p2a: Chien-Pao\n|move|p1b: Chi-Yu|Heat Wave|p2a: Chien-Pao|[spread] p2a,p2b\n|-supereffective|p2a: Chien-Pao\n|-resisted|p2b: Gastrodon\n|-damage|p2a: Chien-Pao|0 fnt\n|-damage|p2b: Gastrodon|31\/100 psn\n|faint|p2a: Chien-Pao\n|-damage|p1b: Chi-Yu|40\/100|[from] item: Life Orb\n|move|p2b: Gastrodon|Yawn|p1a: Amoonguss\n|-start|p1a: Amoonguss|move: Yawn|[of] p2b: Gastrodon\n|\n|-damage|p2b: Gastrodon|19\/100 psn|[from] psn\n|upkeep\n|turn|10\n|-message|riseofkingdomsadd forfeited.\n|\n|win|Kohbalt\n|raw|Kohbalt's rating: 1106 → 1138<\/strong> (+32 for winning)\n|raw|riseofkingdomsadd's rating: 1202 → 1170<\/strong> (-32 for losing)\n|l|\u2606riseofkingdomsadd\n","uploadtime":1681924136,"views":13,"p1id":"kohbalt","p2id":"riseofkingdomsadd","formatid":"gen9vgc2023regulationc","rating":1138,"private":0,"password":""}