{"id":"gen9vgc2023regulationc-1855614391","p1":"subnori","p2":"Lewlo","format":"[Gen 9] VGC 2023 Regulation C","log":"|j|\u2606subnori\n|j|\u2606Lewlo\n|t:|1682966640\n|gametype|doubles\n|player|p1|subnori|youngcouple-gen4dp|1142\n|player|p2|Lewlo|pokemonbreeder-gen4|1223\n|teamsize|p1|6\n|teamsize|p2|6\n|gen|9\n|tier|[Gen 9] VGC 2023 Regulation C\n|rated|\n|rule|Species Clause: Limit one of each Pok\u00e9mon\n|rule|Item Clause: Limit one of each item\n|clearpoke\n|poke|p1|Abomasnow, L50, M|\n|poke|p1|Cetitan, L50, F|\n|poke|p1|Altaria, L50, F|\n|poke|p1|Amoonguss, L50, F|\n|poke|p1|Salamence, L50, F|\n|poke|p1|Iron Bundle, L50|\n|poke|p2|Chien-Pao, L50|\n|poke|p2|Dragonite, L50, F|\n|poke|p2|Amoonguss, L50, F|\n|poke|p2|Arcanine, L50, M|\n|poke|p2|Flutter Mane, L50|\n|poke|p2|Azumarill, L50, M|\n|teampreview|4\n|inactive|Battle timer is ON: inactive players will automatically lose when time's up. (requested by Lewlo)\nLewlo has agreed to open team sheets.\nsubnori has agreed to open team sheets.\n|inactive|Lewlo has 60 seconds left.\n|\n|t:|1682966671\n|start\n|switch|p1a: Abomasnow|Abomasnow, L50, M|100\/100\n|switch|p1b: Salamence|Salamence, L50, F|100\/100\n|switch|p2a: Arcanine|Arcanine, L50, M|100\/100\n|switch|p2b: Azumarill|Azumarill, L50, M|100\/100\n|-ability|p1b: Salamence|Intimidate|boost\n|-unboost|p2a: Arcanine|atk|1\n|-unboost|p2b: Azumarill|atk|1\n|-ability|p2a: Arcanine|Intimidate|boost\n|-unboost|p1a: Abomasnow|atk|1\n|-unboost|p1b: Salamence|atk|1\n|-weather|Snow|[from] ability: Snow Warning|[of] p1a: Abomasnow\n|turn|1\n|\n|t:|1682966684\n|move|p1b: Salamence|Tailwind|p1b: Salamence\n|-sidestart|p1: subnori|move: Tailwind\n|move|p1a: Abomasnow|Aurora Veil|p1a: Abomasnow\n|-sidestart|p1: subnori|move: Aurora Veil\n|move|p2a: Arcanine|Howl|p2a: Arcanine|[spread] p2a,p2b\n|-boost|p2a: Arcanine|atk|1\n|-boost|p2b: Azumarill|atk|1\n|move|p2b: Azumarill|Play Rough|p1b: Salamence\n|-supereffective|p1b: Salamence\n|-damage|p1b: Salamence|15\/100\n|-unboost|p1b: Salamence|atk|1\n|\n|-weather|Snow|[upkeep]\n|-heal|p1b: Salamence|21\/100|[from] item: Leftovers\n|upkeep\n|turn|2\n|\n|t:|1682966701\n|switch|p1b: Iron Bundle|Iron Bundle, L50|100\/100\n|-enditem|p1b: Iron Bundle|Booster Energy\n|-activate|p1b: Iron Bundle|ability: Quark Drive|[fromitem]\n|-start|p1b: Iron Bundle|quarkdrivespe\n|move|p2b: Azumarill|Aqua Jet|p1b: Iron Bundle\n|-resisted|p1b: Iron Bundle\n|-crit|p1b: Iron Bundle\n|-damage|p1b: Iron Bundle|86\/100\n|move|p1a: Abomasnow|Leech Seed|p2b: Azumarill\n|-start|p2b: Azumarill|move: Leech Seed\n|move|p2a: Arcanine|Howl|p2a: Arcanine|[spread] p2a,p2b\n|-boost|p2a: Arcanine|atk|1\n|-boost|p2b: Azumarill|atk|1\n|\n|-weather|Snow|[upkeep]\n|-damage|p2b: Azumarill|88\/100|[from] Leech Seed|[of] p1a: Abomasnow\n|upkeep\n|turn|3\n|\n|t:|1682966721\n|move|p1b: Iron Bundle|Freeze-Dry|p2b: Azumarill\n|-supereffective|p2b: Azumarill\n|-damage|p2b: Azumarill|38\/100\n|move|p1a: Abomasnow|Blizzard|p2b: Azumarill|[spread] p2a,p2b\n|-resisted|p2a: Arcanine\n|-resisted|p2b: Azumarill\n|-damage|p2a: Arcanine|88\/100\n|-damage|p2b: Azumarill|28\/100\n|move|p2a: Arcanine|Flare Blitz|p1a: Abomasnow\n|-supereffective|p1a: Abomasnow\n|-enditem|p1a: Abomasnow|Occa Berry|[eat]\n|-enditem|p1a: Abomasnow|Occa Berry|[weaken]\n|-damage|p1a: Abomasnow|33\/100\n|-damage|p2a: Arcanine|65\/100|[from] Recoil\n|move|p2b: Azumarill|Play Rough|p1b: Iron Bundle\n|-damage|p1b: Iron Bundle|36\/100\n|\n|-weather|Snow|[upkeep]\n|-damage|p2b: Azumarill|16\/100|[from] Leech Seed|[of] p1a: Abomasnow\n|-heal|p1a: Abomasnow|46\/100|[silent]\n|upkeep\n|turn|4\n|\n|t:|1682966744\n|switch|p1a: Salamence|Salamence, L50, F|21\/100\n|-ability|p1a: Salamence|Intimidate|boost\n|-unboost|p2a: Arcanine|atk|1\n|-unboost|p2b: Azumarill|atk|1\n|switch|p2b: Chien-Pao|Chien-Pao, L50|100\/100\n|-ability|p2b: Chien-Pao|Sword of Ruin\n|move|p1b: Iron Bundle|Blizzard|p2a: Arcanine|[spread] p2a,p2b\n|-resisted|p2a: Arcanine\n|-resisted|p2b: Chien-Pao\n|-damage|p2a: Arcanine|45\/100\n|-damage|p2b: Chien-Pao|64\/100\n|move|p2a: Arcanine|Flare Blitz|p1a: Salamence\n|-resisted|p1a: Salamence\n|-damage|p1a: Salamence|0 fnt\n|faint|p1a: Salamence\n|-damage|p2a: Arcanine|38\/100|[from] Recoil\n|\n|-weather|Snow|[upkeep]\n|-sideend|p1: subnori|move: Tailwind\n|upkeep\n|\n|t:|1682966757\n|switch|p1a: Cetitan|Cetitan, L50, F|100\/100\n|turn|5\n|\n|t:|1682966766\n|switch|p2b: Azumarill|Azumarill, L50, M|16\/100\n|move|p2a: Arcanine|Protect|p2a: Arcanine\n|-singleturn|p2a: Arcanine|Protect\n|move|p1b: Iron Bundle|Blizzard|p2a: Arcanine|[spread] p2b\n|-activate|p2a: Arcanine|move: Protect\n|-resisted|p2b: Azumarill\n|-damage|p2b: Azumarill|2\/100\n|move|p1a: Cetitan|Earthquake|p2a: Arcanine|[spread] p1b,p2b\n|-activate|p2a: Arcanine|move: Protect\n|-damage|p1b: Iron Bundle|16\/100\n|-damage|p2b: Azumarill|0 fnt\n|faint|p2b: Azumarill\n|\n|-weather|none\n|-sideend|p1: subnori|move: Aurora Veil\n|upkeep\n|\n|t:|1682966777\n|switch|p2b: Flutter Mane|Flutter Mane, L50|100\/100\n|-enditem|p2b: Flutter Mane|Booster Energy\n|-activate|p2b: Flutter Mane|ability: Protosynthesis|[fromitem]\n|-start|p2b: Flutter Mane|protosynthesisspa\n|turn|6\n|\n|t:|1682966793\n|-end|p1b: Iron Bundle|Quark Drive|[silent]\n|switch|p1b: Abomasnow|Abomasnow, L50, M|46\/100\n|-weather|Snow|[from] ability: Snow Warning|[of] p1b: Abomasnow\n|move|p1a: Cetitan|Earthquake|p2b: Flutter Mane|[spread] p1b,p2a,p2b\n|-resisted|p1b: Abomasnow\n|-supereffective|p2a: Arcanine\n|-damage|p1b: Abomasnow|32\/100\n|-damage|p2a: Arcanine|0 fnt\n|-damage|p2b: Flutter Mane|41\/100\n|faint|p2a: Arcanine\n|move|p2b: Flutter Mane|Dazzling Gleam|p1a: Cetitan|[spread] p1a,p1b\n|-damage|p1a: Cetitan|55\/100\n|-damage|p1b: Abomasnow|2\/100\n|\n|-weather|Snow|[upkeep]\n|upkeep\n|\n|t:|1682966801\n|switch|p2a: Chien-Pao|Chien-Pao, L50|64\/100\n|-ability|p2a: Chien-Pao|Sword of Ruin\n|turn|7\n|\n|t:|1682966815\n|move|p2a: Chien-Pao|Sucker Punch|p1a: Cetitan\n|-damage|p1a: Cetitan|22\/100\n|move|p1b: Abomasnow|Ice Shard|p2a: Chien-Pao\n|-resisted|p2a: Chien-Pao\n|-damage|p2a: Chien-Pao|58\/100\n|move|p1a: Cetitan|Earthquake|p2a: Chien-Pao|[spread] p1b,p2a,p2b\n|-resisted|p1b: Abomasnow\n|-damage|p1b: Abomasnow|0 fnt\n|-damage|p2a: Chien-Pao|19\/100\n|-damage|p2b: Flutter Mane|0 fnt\n|faint|p1b: Abomasnow\n|faint|p2b: Flutter Mane\n|-end|p2b: Flutter Mane|Protosynthesis|[silent]\n|\n|-weather|Snow|[upkeep]\n|upkeep\n|\n|t:|1682966824\n|switch|p1b: Iron Bundle|Iron Bundle, L50|16\/100\n|turn|8\n|\n|t:|1682966831\n|move|p2a: Chien-Pao|Sucker Punch|p1a: Cetitan\n|-damage|p1a: Cetitan|0 fnt\n|faint|p1a: Cetitan\n|move|p1b: Iron Bundle|Acrobatics|p2a: Chien-Pao\n|-damage|p2a: Chien-Pao|0 fnt\n|faint|p2a: Chien-Pao\n|\n|win|subnori\n|raw|subnori's rating: 1142 → 1173<\/strong> (+31 for winning)\n|raw|Lewlo's rating: 1223 → 1192<\/strong> (-31 for losing)\n|c|\u2606Lewlo|gg\n|l|\u2606Lewlo\n|c|\u2606subnori|gg\n","uploadtime":1682966966,"views":15,"p1id":"subnori","p2id":"lewlo","formatid":"gen9vgc2023regulationc","rating":1173,"private":0,"password":""}