{"id":"gen9vgc2023regulationc-1860906167","p1":"jchemmy","p2":"saltydolphin69420","format":"[Gen 9] VGC 2023 Regulation C","log":"|j|\u2606jchemmy\n|j|\u2606saltydolphin69420\n|t:|1683693659\n|gametype|doubles\n|player|p1|jchemmy|brock|1431\n|player|p2|saltydolphin69420|hilda|1337\n|teamsize|p1|6\n|teamsize|p2|6\n|gen|9\n|tier|[Gen 9] VGC 2023 Regulation C\n|rated|\n|rule|Species Clause: Limit one of each Pok\u00e9mon\n|rule|Item Clause: Limit one of each item\n|clearpoke\n|poke|p1|Flutter Mane, L50|\n|poke|p1|Ting-Lu, L50|\n|poke|p1|Baxcalibur, L50, F|\n|poke|p1|Palafin, L50, F|\n|poke|p1|Arcanine, L50, F|\n|poke|p1|Amoonguss, L50, M|\n|poke|p2|Tyranitar, L50, F|\n|poke|p2|Lycanroc, L50, F|\n|poke|p2|Corviknight, L50, F|\n|poke|p2|Flutter Mane, L50|\n|poke|p2|Indeedee-F, L50, F|\n|poke|p2|Garchomp, L50, F|\n|teampreview|4\n|inactive|Battle timer is ON: inactive players will automatically lose when time's up. (requested by jchemmy)\njchemmy has agreed to open team sheets.\n|\n|t:|1683693689\n|start\n|switch|p1a: Palafin|Palafin, L50, F|100\/100\n|switch|p1b: Ting-Lu|Ting-Lu, L50|100\/100\n|switch|p2a: Tyranitar|Tyranitar, L50, F|100\/100\n|switch|p2b: Lycanroc|Lycanroc, L50, F|100\/100\n|-weather|Sandstorm|[from] ability: Sand Stream|[of] p2a: Tyranitar\n|-ability|p1b: Ting-Lu|Vessel of Ruin\n|turn|1\n|inactive|saltydolphin69420 has 30 seconds left.\n|\n|t:|1683693719\n|-terastallize|p2a: Tyranitar|Grass\n|-terastallize|p1b: Ting-Lu|Poison\n|move|p1a: Palafin|Protect|p1a: Palafin\n|-singleturn|p1a: Palafin|Protect\n|move|p2b: Lycanroc|Rock Slide|p1b: Ting-Lu|[spread] p1b\n|-activate|p1a: Palafin|move: Protect\n|-damage|p1b: Ting-Lu|82\/100\n|move|p2a: Tyranitar|Tera Blast|p1b: Ting-Lu\n|-resisted|p1b: Ting-Lu\n|-damage|p1b: Ting-Lu|68\/100\n|move|p1b: Ting-Lu|Stomping Tantrum|p2b: Lycanroc\n|-supereffective|p2b: Lycanroc\n|-enditem|p2b: Lycanroc|Focus Sash\n|-damage|p2b: Lycanroc|1\/100\n|\n|-weather|Sandstorm|[upkeep]\n|-damage|p1a: Palafin|95\/100|[from] Sandstorm\n|-damage|p2a: Tyranitar|95\/100|[from] Sandstorm\n|-damage|p1b: Ting-Lu|62\/100|[from] Sandstorm\n|upkeep\n|turn|2\n|inactive|jchemmy has 30 seconds left.\n|inactive|saltydolphin69420 has 30 seconds left.\n|\n|t:|1683693748\n|detailschange|p1a: Palafin|Palafin-Hero, L50, F\n|switch|p1a: Amoonguss|Amoonguss, L50, M|100\/100\n|switch|p2a: Indeedee|Indeedee-F, L50, F|100\/100\n|-fieldstart|move: Psychic Terrain|[from] ability: Psychic Surge|[of] p2a: Indeedee\n|move|p2b: Lycanroc|Endeavor|p1b: Ting-Lu\n|-damage|p1b: Ting-Lu|1\/100\n|move|p1b: Ting-Lu|Ruination|p2a: Indeedee\n|-damage|p2a: Indeedee|51\/100\n|\n|-weather|Sandstorm|[upkeep]\n|-damage|p1b: Ting-Lu|0 fnt|[from] Sandstorm\n|-damage|p1a: Amoonguss|95\/100|[from] Sandstorm\n|faint|p1b: Ting-Lu\n|upkeep\n|\n|t:|1683693767\n|switch|p1b: Flutter Mane|Flutter Mane, L50|100\/100\n|turn|3\n|\n|t:|1683693782\n|move|p2b: Lycanroc|Endure|p2b: Lycanroc\n|-singleturn|p2b: Lycanroc|move: Endure\n|move|p1a: Amoonguss|Rage Powder|p1a: Amoonguss\n|-singleturn|p1a: Amoonguss|move: Rage Powder\n|move|p1b: Flutter Mane|Dazzling Gleam|p2b: Lycanroc|[spread] p2a,p2b\n|-damage|p2a: Indeedee|10\/100\n|-activate|p2b: Lycanroc|move: Endure\n|-damage|p2b: Lycanroc|1\/100\n|move|p2a: Indeedee|Psychic|p1a: Amoonguss\n|-supereffective|p1a: Amoonguss\n|-damage|p1a: Amoonguss|31\/100\n|-enditem|p1a: Amoonguss|Sitrus Berry|[eat]\n|-heal|p1a: Amoonguss|56\/100|[from] item: Sitrus Berry\n|\n|-weather|Sandstorm|[upkeep]\n|-damage|p1b: Flutter Mane|95\/100|[from] Sandstorm\n|-damage|p1a: Amoonguss|50\/100|[from] Sandstorm\n|upkeep\n|turn|4\n|\n|t:|1683693798\n|move|p2a: Indeedee|Helping Hand|p2b: Lycanroc\n|-singleturn|p2b: Lycanroc|Helping Hand|[of] p2a: Indeedee\n|move|p1a: Amoonguss|Rage Powder|p1a: Amoonguss\n|-singleturn|p1a: Amoonguss|move: Rage Powder\n|move|p2b: Lycanroc|Rock Slide|p1a: Amoonguss|[spread] p1a,p1b\n|-damage|p1a: Amoonguss|17\/100\n|-damage|p1b: Flutter Mane|32\/100\n|cant|p1b: Flutter Mane|flinch\n|\n|-weather|Sandstorm|[upkeep]\n|-damage|p1b: Flutter Mane|26\/100|[from] Sandstorm\n|-damage|p1a: Amoonguss|11\/100|[from] Sandstorm\n|upkeep\n|turn|5\n|\n|t:|1683693816\n|move|p2a: Indeedee|Helping Hand|p2b: Lycanroc\n|-singleturn|p2b: Lycanroc|Helping Hand|[of] p2a: Indeedee\n|move|p1a: Amoonguss|Protect|p1a: Amoonguss\n|-singleturn|p1a: Amoonguss|Protect\n|move|p2b: Lycanroc|Rock Slide|p1a: Amoonguss|[spread] p1b\n|-activate|p1a: Amoonguss|move: Protect\n|-damage|p1b: Flutter Mane|0 fnt\n|faint|p1b: Flutter Mane\n|-end|p1b: Flutter Mane|Protosynthesis|[silent]\n|\n|-weather|none\n|upkeep\n|\n|t:|1683693818\n|switch|p1b: Palafin|Palafin-Hero, L50, F|95\/100\n|-activate|p1b: Palafin|ability: Zero to Hero\n|turn|6\n|\n|t:|1683693842\n|move|p1a: Amoonguss|Protect|p1a: Amoonguss\n|-singleturn|p1a: Amoonguss|Protect\n|move|p2a: Indeedee|Follow Me|p2a: Indeedee\n|-singleturn|p2a: Indeedee|move: Follow Me\n|move|p2b: Lycanroc|Endeavor|p1b: Palafin\n|-damage|p1b: Palafin|1\/100\n|move|p1b: Palafin|Wave Crash|p2a: Indeedee\n|-damage|p2a: Indeedee|0 fnt\n|faint|p2a: Indeedee\n|-damage|p1b: Palafin|0 fnt|[from] Recoil\n|faint|p1b: Palafin\n|\n|-fieldend|move: Psychic Terrain\n|upkeep\n|-message|jchemmy forfeited.\n|\n|win|saltydolphin69420\n|raw|jchemmy's rating: 1431 → 1406<\/strong> (-25 for losing)\n|raw|saltydolphin69420's rating: 1337 → 1362<\/strong> (+25 for winning)\n","uploadtime":1683693855,"views":23,"p1id":"jchemmy","p2id":"saltydolphin69420","formatid":"gen9vgc2023regulationc","rating":1362,"private":0,"password":""}