{"id":"gen9vgc2023regulationc-1859225085","p1":"Pasodoble","p2":"PureNeutral","format":"[Gen 9] VGC 2023 Regulation C","log":"|j|\u2606Pasodoble\n|j|\u2606PureNeutral\n|t:|1683420439\n|gametype|doubles\n|player|p1|Pasodoble|2|1634\n|player|p2|PureNeutral|elesa|1605\n|teamsize|p1|6\n|teamsize|p2|6\n|gen|9\n|tier|[Gen 9] VGC 2023 Regulation C\n|rated|\n|rule|Species Clause: Limit one of each Pok\u00e9mon\n|rule|Item Clause: Limit one of each item\n|clearpoke\n|poke|p1|Ceruledge, L50, F|\n|poke|p1|Gyarados, L50, F|\n|poke|p1|Ting-Lu, L50|\n|poke|p1|Flutter Mane, L50|\n|poke|p1|Amoonguss, L50, F|\n|poke|p1|Dragapult, L50, M|\n|poke|p2|Maushold-Four, L50|\n|poke|p2|Annihilape, L50, M|\n|poke|p2|Flutter Mane, L50|\n|poke|p2|Talonflame, L50, M|\n|poke|p2|Chien-Pao, L50|\n|poke|p2|Dragapult, L50, F|\n|teampreview|4\nPasodoble has agreed to open team sheets.\n|j| xerntest\n|j| merah merona\nPureNeutral has agreed to open team sheets.\n|j| Villa Manin\n|\n|t:|1683420508\n|start\n|switch|p1a: Bountyhunter|Flutter Mane, L50|100\/100\n|switch|p1b: Amogus|Amoonguss, L50, F|100\/100\n|switch|p2a: Maushold|Maushold-Four, L50|100\/100\n|switch|p2b: Annihilape|Annihilape, L50, M|100\/100\n|turn|1\n|l| Villa Manin\n|\n|t:|1683420556\n|-terastallize|p1a: Bountyhunter|Fairy\n|-terastallize|p2b: Annihilape|Water\n|move|p2a: Maushold|Follow Me|p2a: Maushold\n|-singleturn|p2a: Maushold|move: Follow Me\n|move|p1a: Bountyhunter|Moonblast|p2a: Maushold\n|-damage|p2a: Maushold|0 fnt\n|faint|p2a: Maushold\n|move|p2b: Annihilape|Bulk Up|p2b: Annihilape\n|-boost|p2b: Annihilape|atk|1\n|-boost|p2b: Annihilape|def|1\n|move|p1b: Amogus|Spore|p2b: Annihilape\n|-status|p2b: Annihilape|slp|[from] move: Spore\n|\n|upkeep\n|\n|t:|1683420567\n|switch|p2a: Talonflame|Talonflame, L50, M|100\/100\n|turn|2\n|\n|t:|1683420579\n|-end|p1a: Bountyhunter|Protosynthesis|[silent]\n|switch|p1a: Leviathan|Gyarados, L50, F, shiny|100\/100\n|-ability|p1a: Leviathan|Intimidate|boost\n|-unboost|p2a: Talonflame|atk|1\n|-unboost|p2b: Annihilape|atk|1\n|-ability|p2b: Annihilape|Defiant|boost\n|-boost|p2b: Annihilape|atk|2\n|move|p2a: Talonflame|Brave Bird|p1a: Leviathan\n|-damage|p1a: Leviathan|62\/100\n|-damage|p2a: Talonflame|84\/100|[from] Recoil\n|cant|p2b: Annihilape|slp\n|move|p1b: Amogus|Clear Smog|p2b: Annihilape\n|-damage|p2b: Annihilape|88\/100 slp\n|-clearboost|p2b: Annihilape\n|\n|-heal|p2b: Annihilape|94\/100 slp|[from] item: Leftovers\n|upkeep\n|turn|3\n|\n|t:|1683420607\n|move|p2a: Talonflame|Will-O-Wisp|p1a: Leviathan\n|-status|p1a: Leviathan|brn\n|cant|p2b: Annihilape|slp\n|move|p1a: Leviathan|Waterfall|p2a: Talonflame\n|-supereffective|p2a: Talonflame\n|-damage|p2a: Talonflame|30\/100\n|move|p1b: Amogus|Pollen Puff|p1a: Leviathan\n|-heal|p1a: Leviathan|100\/100 brn\n|\n|-heal|p2b: Annihilape|99\/100 slp|[from] item: Leftovers\n|-damage|p1a: Leviathan|95\/100 brn|[from] brn\n|upkeep\n|turn|4\n|\n|t:|1683420630\n|switch|p2a: Chien-Pao|Chien-Pao, L50|100\/100\n|-ability|p2a: Chien-Pao|Sword of Ruin\n|-curestatus|p2b: Annihilape|slp|[msg]\n|move|p2b: Annihilape|Rage Fist|p1b: Amogus\n|-damage|p1b: Amogus|42\/100\n|-enditem|p1b: Amogus|Sitrus Berry|[eat]\n|-heal|p1b: Amogus|67\/100|[from] item: Sitrus Berry\n|move|p1a: Leviathan|Waterfall|p2a: Chien-Pao\n|-damage|p2a: Chien-Pao|79\/100\n|move|p1b: Amogus|Spore|p2b: Annihilape\n|-status|p2b: Annihilape|slp|[from] move: Spore\n|\n|-heal|p2b: Annihilape|100\/100 slp|[from] item: Leftovers\n|-damage|p1a: Leviathan|89\/100 brn|[from] brn\n|upkeep\n|turn|5\n|\n|t:|1683420671\n|move|p2a: Chien-Pao|Ice Spinner|p1b: Amogus\n|-supereffective|p1b: Amogus\n|-damage|p1b: Amogus|0 fnt\n|faint|p1b: Amogus\n|cant|p2b: Annihilape|slp\n|move|p1a: Leviathan|Thunder Wave|p2a: Chien-Pao\n|-status|p2a: Chien-Pao|par\n|\n|-damage|p1a: Leviathan|83\/100 brn|[from] brn\n|upkeep\n|\n|t:|1683420674\n|switch|p1b: Bountyhunter|Flutter Mane, L50, tera:Fairy|100\/100\n|turn|6\n|\n|t:|1683420694\n|move|p1a: Leviathan|Helping Hand|p1b: Bountyhunter\n|-singleturn|p1b: Bountyhunter|Helping Hand|[of] p1a: Leviathan\n|cant|p2a: Chien-Pao|par\n|move|p1b: Bountyhunter|Dazzling Gleam|p2b: Annihilape|[spread] p2a,p2b\n|-supereffective|p2a: Chien-Pao\n|-damage|p2a: Chien-Pao|0 fnt\n|-damage|p2b: Annihilape|10\/100 slp\n|faint|p2a: Chien-Pao\n|cant|p2b: Annihilape|slp\n|\n|-heal|p2b: Annihilape|16\/100 slp|[from] item: Leftovers\n|-damage|p1a: Leviathan|77\/100 brn|[from] brn\n|upkeep\n|\n|t:|1683420704\n|switch|p2a: Talonflame|Talonflame, L50, M|30\/100\n|turn|7\n|\n|t:|1683420717\n|-end|p1b: Bountyhunter|Protosynthesis|[silent]\n|switch|p1b: Frootloops|Ting-Lu, L50|100\/100\n|-ability|p1b: Frootloops|Vessel of Ruin\n|move|p2a: Talonflame|Tailwind|p2a: Talonflame\n|-sidestart|p2: PureNeutral|move: Tailwind\n|cant|p2b: Annihilape|slp\n|move|p1a: Leviathan|Waterfall|p2a: Talonflame\n|-supereffective|p2a: Talonflame\n|-crit|p2a: Talonflame\n|-damage|p2a: Talonflame|0 fnt\n|faint|p2a: Talonflame\n|\n|-heal|p2b: Annihilape|22\/100 slp|[from] item: Leftovers\n|-damage|p1a: Leviathan|71\/100 brn|[from] brn\n|upkeep\n|turn|8\n|\n|t:|1683420737\n|-curestatus|p2b: Annihilape|slp|[msg]\n|move|p2b: Annihilape|Drain Punch|p1b: Frootloops\n|-supereffective|p1b: Frootloops\n|-damage|p1b: Frootloops|56\/100\n|-heal|p2b: Annihilape|46\/100|[from] drain|[of] p1b: Frootloops\n|move|p1a: Leviathan|Thunder Wave|p2b: Annihilape\n|-status|p2b: Annihilape|par\n|move|p1b: Frootloops|Payback|p2b: Annihilape\n|-damage|p2b: Annihilape|0 fnt\n|faint|p2b: Annihilape\n|\n|win|Pasodoble\n|raw|Pasodoble's rating: 1634 → 1652<\/strong> (+18 for winning)\n|raw|PureNeutral's rating: 1605 → 1587<\/strong> (-18 for losing)\n","uploadtime":1683420751,"views":6,"p1id":"pasodoble","p2id":"pureneutral","formatid":"gen9vgc2023regulationc","rating":1587,"private":0,"password":""}