{"id":"gen9vgc2023regulationc-1862347645","p1":"phenomsteelers08","p2":"VGCTrainerisback","format":"[Gen 9] VGC 2023 Regulation C","log":"|j|\u2606phenomsteelers08\n|j|\u2606VGCTrainerisback\n|t:|1683870330\n|gametype|doubles\n|player|p1|phenomsteelers08|169|1623\n|player|p2|VGCTrainerisback|266|1550\n|teamsize|p1|6\n|teamsize|p2|6\n|gen|9\n|tier|[Gen 9] VGC 2023 Regulation C\n|rated|\n|rule|Species Clause: Limit one of each Pok\u00e9mon\n|rule|Item Clause: Limit one of each item\n|clearpoke\n|poke|p1|Indeedee-F, L50, F|\n|poke|p1|Garchomp, L50, M|\n|poke|p1|Flutter Mane, L50|\n|poke|p1|Tyranitar, L50, F|\n|poke|p1|Murkrow, L50, M|\n|poke|p1|Orthworm, L50, M|\n|poke|p2|Azumarill, L50, M|\n|poke|p2|Flutter Mane, L50|\n|poke|p2|Iron Bundle, L50|\n|poke|p2|Maushold, L50|\n|poke|p2|Ting-Lu, L50|\n|poke|p2|Arcanine, L50, F|\n|teampreview|4\n|inactive|Battle timer is ON: inactive players will automatically lose when time's up. (requested by phenomsteelers08)\nphenomsteelers08 has agreed to open team sheets.\nVGCTrainerisback has agreed to open team sheets.\n|inactive|phenomsteelers08 has 60 seconds left.\n|inactive|VGCTrainerisback has 60 seconds left.\n|inactive|phenomsteelers08 has 30 seconds left.\n|inactive|VGCTrainerisback has 30 seconds left.\n|inactive|phenomsteelers08 has 20 seconds left.\n|inactive|phenomsteelers08 has 15 seconds left.\n|inactive|phenomsteelers08 has 10 seconds left.\n|inactive|phenomsteelers08 has 5 seconds left.\n|\n|t:|1683870415\n|start\n|switch|p1a: Flutter Mane|Flutter Mane, L50|100\/100\n|switch|p1b: Orthworm|Orthworm, L50, M|100\/100\n|switch|p2a: Flutter Mane|Flutter Mane, L50, shiny|100\/100\n|switch|p2b: Maushold|Maushold, L50|100\/100\n|-enditem|p1a: Flutter Mane|Booster Energy\n|-activate|p1a: Flutter Mane|ability: Protosynthesis|[fromitem]\n|-start|p1a: Flutter Mane|protosynthesisspa\n|turn|1\n|\n|t:|1683870438\n|-terastallize|p2a: Flutter Mane|Fairy\n|move|p2a: Flutter Mane|Shadow Ball|p1b: Orthworm\n|-damage|p1b: Orthworm|24\/100\n|move|p2b: Maushold|Population Bomb|p1a: Flutter Mane\n|-immune|p1a: Flutter Mane\n|move|p1a: Flutter Mane|Dazzling Gleam|p2a: Flutter Mane|[spread] p2a,p2b\n|-damage|p2a: Flutter Mane|60\/100\n|-damage|p2b: Maushold|32\/100\n|move|p1b: Orthworm|Heavy Slam|p2a: Flutter Mane\n|-supereffective|p2a: Flutter Mane\n|-damage|p2a: Flutter Mane|0 fnt\n|faint|p2a: Flutter Mane\n|-end|p2a: Flutter Mane|Protosynthesis|[silent]\n|\n|-heal|p1b: Orthworm|30\/100|[from] item: Leftovers\n|upkeep\n|\n|t:|1683870448\n|switch|p2a: Azumarill|Azumarill, L50, M, shiny|100\/100\n|turn|2\n|\n|t:|1683870468\n|move|p2b: Maushold|Population Bomb|p1b: Orthworm\n|-resisted|p1b: Orthworm\n|-damage|p1b: Orthworm|25\/100\n|-resisted|p1b: Orthworm\n|-damage|p1b: Orthworm|21\/100\n|-resisted|p1b: Orthworm\n|-damage|p1b: Orthworm|16\/100\n|-resisted|p1b: Orthworm\n|-damage|p1b: Orthworm|11\/100\n|-resisted|p1b: Orthworm\n|-damage|p1b: Orthworm|7\/100\n|-resisted|p1b: Orthworm\n|-damage|p1b: Orthworm|2\/100\n|-resisted|p1b: Orthworm\n|-damage|p1b: Orthworm|0 fnt\n|faint|p1b: Orthworm\n|-hitcount|p1: Orthworm|7\n|move|p1a: Flutter Mane|Dazzling Gleam|p2a: Azumarill|[spread] p2a,p2b\n|-damage|p2a: Azumarill|54\/100\n|-damage|p2b: Maushold|0 fnt\n|faint|p2b: Maushold\n|move|p2a: Azumarill|Play Rough|p1a: Flutter Mane\n|-damage|p1a: Flutter Mane|9\/100\n|\n|upkeep\n|\n|t:|1683870489\n|switch|p2b: Iron Bundle|Iron Bundle, L50, shiny|100\/100\n|switch|p1b: Murkrow|Murkrow, L50, M|100\/100\n|-enditem|p2b: Iron Bundle|Booster Energy\n|-activate|p2b: Iron Bundle|ability: Quark Drive|[fromitem]\n|-start|p2b: Iron Bundle|quarkdrivespe\n|turn|3\n|inactive|phenomsteelers08 has 30 seconds left.\n|inactive|phenomsteelers08 has 20 seconds left.\n|inactive|phenomsteelers08 has 15 seconds left.\n|\n|t:|1683870533\n|move|p1b: Murkrow|Tailwind|p1b: Murkrow\n|-sidestart|p1: phenomsteelers08|move: Tailwind\n|move|p2a: Azumarill|Aqua Jet|p1a: Flutter Mane\n|-crit|p1a: Flutter Mane\n|-damage|p1a: Flutter Mane|0 fnt\n|faint|p1a: Flutter Mane\n|-end|p1a: Flutter Mane|Protosynthesis|[silent]\n|move|p2b: Iron Bundle|Freeze-Dry|p1b: Murkrow\n|-supereffective|p1b: Murkrow\n|-enditem|p1b: Murkrow|Focus Sash\n|-damage|p1b: Murkrow|1\/100\n|\n|upkeep\n|\n|t:|1683870542\n|switch|p1a: Garchomp|Garchomp, L50, M|100\/100\n|turn|4\n|\n|t:|1683870553\n|-terastallize|p1a: Garchomp|Water\n|move|p1b: Murkrow|Protect|p1b: Murkrow\n|-singleturn|p1b: Murkrow|Protect\n|move|p2a: Azumarill|Aqua Jet|p1b: Murkrow\n|-activate|p1b: Murkrow|move: Protect\n|move|p1a: Garchomp|Earthquake|p2b: Iron Bundle|[spread] p2a,p2b\n|-activate|p1b: Murkrow|move: Protect\n|-damage|p2a: Azumarill|15\/100\n|-damage|p2b: Iron Bundle|62\/100\n|-enditem|p2a: Azumarill|Sitrus Berry|[eat]\n|-heal|p2a: Azumarill|40\/100|[from] item: Sitrus Berry\n|move|p2b: Iron Bundle|Freeze-Dry|p1a: Garchomp\n|-supereffective|p1a: Garchomp\n|-damage|p1a: Garchomp|26\/100\n|\n|upkeep\n|turn|5\n|inactive|phenomsteelers08 has 30 seconds left.\n|\n|t:|1683870581\n|move|p2a: Azumarill|Aqua Jet|p1b: Murkrow\n|-damage|p1b: Murkrow|0 fnt\n|faint|p1b: Murkrow\n|move|p1a: Garchomp|Earthquake|p2b: Iron Bundle|[spread] p2a,p2b\n|-damage|p2a: Azumarill|2\/100\n|-damage|p2b: Iron Bundle|21\/100\n|move|p2b: Iron Bundle|Freeze-Dry|p1a: Garchomp\n|-supereffective|p1a: Garchomp\n|-damage|p1a: Garchomp|0 fnt\n|faint|p1a: Garchomp\n|\n|win|VGCTrainerisback\n|raw|phenomsteelers08's rating: 1623 → 1599<\/strong> (-24 for losing)\n|raw|VGCTrainerisback's rating: 1550 → 1574<\/strong> (+24 for winning)\n|l|\u2606phenomsteelers08\n","uploadtime":1683870594,"views":5,"p1id":"phenomsteelers08","p2id":"vgctrainerisback","formatid":"gen9vgc2023regulationc","rating":1574,"private":0,"password":""}