{"id":"gen9vgc2023regulationc-1852130473","p1":"donpapa22","p2":"QuackwGluack","format":"[Gen 9] VGC 2023 Regulation C","log":"|j|\u2606donpapa22\n|j|\u2606QuackwGluack\n|t:|1682526632\n|gametype|doubles\n|player|p1|donpapa22|266|1104\n|player|p2|QuackwGluack|hiker-gen4|1155\n|teamsize|p1|6\n|teamsize|p2|4\n|gen|9\n|tier|[Gen 9] VGC 2023 Regulation C\n|rated|\n|rule|Species Clause: Limit one of each Pok\u00e9mon\n|rule|Item Clause: Limit one of each item\n|clearpoke\n|poke|p1|Dachsbun, L50, F|\n|poke|p1|Chi-Yu, L50|\n|poke|p1|Palafin, L50, M|\n|poke|p1|Farigiraf, L50, M|\n|poke|p1|Ting-Lu, L50|\n|poke|p1|Amoonguss, L50, M|\n|poke|p2|Dragapult, L50, F|\n|poke|p2|Scizor, L50, F|\n|poke|p2|Chien-Pao, L50|\n|poke|p2|Dragonite, L50, F|\n|teampreview|4\nQuackwGluack has agreed to open team sheets.\ndonpapa22 rejected open team sheets.\n|\n|t:|1682526678\n|start\n|switch|p1a: Chi-Yu|Chi-Yu, L50|100\/100\n|switch|p1b: Farigiraf|Farigiraf, L50, M|100\/100\n|switch|p2a: Dragapult|Dragapult, L50, F|100\/100\n|switch|p2b: Scizor|Scizor, L50, F|100\/100\n|-ability|p1a: Chi-Yu|Beads of Ruin\n|turn|1\n|\n|t:|1682526701\n|-terastallize|p2b: Scizor|Steel\n|move|p1b: Farigiraf|Helping Hand|p1a: Chi-Yu\n|-singleturn|p1a: Chi-Yu|Helping Hand|[of] p1b: Farigiraf\n|move|p1a: Chi-Yu|Dark Pulse|p2a: Dragapult\n|-supereffective|p2a: Dragapult\n|-damage|p2a: Dragapult|0 fnt\n|faint|p2a: Dragapult\n|move|p2b: Scizor|Close Combat|p1a: Chi-Yu\n|-supereffective|p1a: Chi-Yu\n|-damage|p1a: Chi-Yu|0 fnt\n|-unboost|p2b: Scizor|def|1\n|-unboost|p2b: Scizor|spd|1\n|faint|p1a: Chi-Yu\n|\n|upkeep\n|\n|t:|1682526716\n|switch|p2a: Chien-Pao|Chien-Pao, L50|100\/100\n|switch|p1a: Dachsbun|Dachsbun, L50, F|100\/100\n|-ability|p2a: Chien-Pao|Sword of Ruin\n|turn|2\n|\n|t:|1682526728\n|switch|p1b: Palafin|Palafin, L50, M|100\/100\n|move|p2a: Chien-Pao|Ice Spinner|p1a: Dachsbun\n|-damage|p1a: Dachsbun|60\/100\n|move|p1a: Dachsbun|Body Press|p2a: Chien-Pao\n|-supereffective|p2a: Chien-Pao\n|-enditem|p2a: Chien-Pao|Focus Sash\n|-damage|p2a: Chien-Pao|1\/100\n|move|p2b: Scizor|Swords Dance|p2b: Scizor\n|-boost|p2b: Scizor|atk|2\n|\n|-heal|p1a: Dachsbun|66\/100|[from] item: Leftovers\n|upkeep\n|turn|3\n|\n|t:|1682526751\n|detailschange|p1b: Palafin|Palafin-Hero, L50, M\n|switch|p1b: Farigiraf|Farigiraf, L50, M|100\/100\n|move|p2b: Scizor|Bullet Punch||[still]\n|cant|p1b: Farigiraf|ability: Armor Tail|Bullet Punch|[of] p2b: Scizor\n|move|p2a: Chien-Pao|Ice Spinner|p1b: Farigiraf\n|-damage|p1b: Farigiraf|49\/100\n|-damage|p2a: Chien-Pao|0 fnt|[from] item: Rocky Helmet|[of] p1b: Farigiraf\n|faint|p2a: Chien-Pao\n|move|p1a: Dachsbun|Body Press|p2b: Scizor\n|-supereffective|p2b: Scizor\n|-damage|p2b: Scizor|20\/100\n|\n|-heal|p1a: Dachsbun|72\/100|[from] item: Leftovers\n|upkeep\n|\n|t:|1682526764\n|switch|p2a: Dragonite|Dragonite, L50, F|100\/100\n|turn|4\n|\n|t:|1682526784\n|move|p1a: Dachsbun|Helping Hand|p1b: Farigiraf\n|-singleturn|p1b: Farigiraf|Helping Hand|[of] p1a: Dachsbun\n|move|p2b: Scizor|Protect|p2b: Scizor\n|-singleturn|p2b: Scizor|Protect\n|move|p2a: Dragonite|Outrage|p1b: Farigiraf\n|-damage|p1b: Farigiraf|0 fnt\n|-damage|p2a: Dragonite|84\/100|[from] item: Rocky Helmet|[of] p1b: Farigiraf\n|faint|p1b: Farigiraf\n|\n|-heal|p1a: Dachsbun|78\/100|[from] item: Leftovers\n|upkeep\n|\n|t:|1682526794\n|switch|p1b: Palafin|Palafin-Hero, L50, M|100\/100\n|-activate|p1b: Palafin|ability: Zero to Hero\n|turn|5\n|\n|t:|1682526805\n|move|p1b: Palafin|Protect|p1b: Palafin\n|-singleturn|p1b: Palafin|Protect\n|move|p2b: Scizor|Bullet Punch|p1a: Dachsbun\n|-supereffective|p1a: Dachsbun\n|-damage|p1a: Dachsbun|0 fnt\n|faint|p1a: Dachsbun\n|move|p2a: Dragonite|Outrage|p1b: Palafin|[from]lockedmove\n|-activate|p1b: Palafin|move: Protect\n|\n|upkeep\n|turn|6\n|\n|t:|1682526823\n|-terastallize|p1b: Palafin|Water\n|move|p1b: Palafin|Jet Punch|p2b: Scizor\n|-crit|p2b: Scizor\n|-damage|p2b: Scizor|0 fnt\n|faint|p2b: Scizor\n|move|p2a: Dragonite|Outrage|p1b: Palafin\n|-damage|p1b: Palafin|37\/100\n|\n|upkeep\n|turn|7\n|\n|t:|1682526838\n|move|p1b: Palafin|Wave Crash|p2a: Dragonite\n|-resisted|p2a: Dragonite\n|-damage|p2a: Dragonite|37\/100\n|-damage|p1b: Palafin|21\/100|[from] Recoil\n|move|p2a: Dragonite|Outrage|p1b: Palafin|[from]lockedmove\n|-damage|p1b: Palafin|0 fnt\n|faint|p1b: Palafin\n|-start|p2a: Dragonite|confusion|[fatigue]\n|\n|win|QuackwGluack\n|raw|donpapa22's rating: 1104 → 1083<\/strong> (-21 for losing)\n|raw|QuackwGluack's rating: 1155 → 1176<\/strong> (+21 for winning)\n|l|\u2606donpapa22\n","uploadtime":1682526854,"views":18,"p1id":"donpapa22","p2id":"quackwgluack","formatid":"gen9vgc2023regulationc","rating":1083,"private":0,"password":""}