{"id":"gen9vgc2023regulationc-1858531822","p1":"pokealex","p2":"LiakosVGC","format":"[Gen 9] VGC 2023 Regulation C","log":"|j|\u2606pokealex\n|j|\u2606LiakosVGC\n|t:|1683322091\n|gametype|doubles\n|player|p1|pokealex|ruinmaniac-gen6|\n|player|p2|LiakosVGC|byron|\n|teamsize|p1|6\n|teamsize|p2|6\n|gen|9\n|tier|[Gen 9] VGC 2023 Regulation C\n|rule|Species Clause: Limit one of each Pok\u00e9mon\n|rule|Item Clause: Limit one of each item\n|clearpoke\n|poke|p1|Chi-Yu, L50|\n|poke|p1|Flutter Mane, L50|\n|poke|p1|Iron Hands, L50|\n|poke|p1|Kingambit, L50, M|\n|poke|p1|Gyarados, L50, M|\n|poke|p1|Amoonguss, L50, F|\n|poke|p2|Amoonguss, L50, M|\n|poke|p2|Chi-Yu, L50|\n|poke|p2|Flutter Mane, L50|\n|poke|p2|Gyarados, L50, M|\n|poke|p2|Garganacl, L50, F|\n|poke|p2|Iron Bundle, L50|\n|teampreview|4\n|inactive|Battle timer is ON: inactive players will automatically lose when time's up. (requested by LiakosVGC)\n|inactiveoff|Battle timer is now OFF.\nLiakosVGC has agreed to open team sheets.\n|j| sdfgsdfgsfgsdf\npokealex has agreed to open team sheets.\n|j| UberVylit\n|c| UberVylit|can we make the rooms public?\n|c|\u2606LiakosVGC|it is from my side\n|j| SteelPupa\n|j| baaaaat_\n|inactive|Battle timer is ON: inactive players will automatically lose when time's up. (requested by pokealex)\n|j| Polpolpo\n|\n|t:|1683322316\n|start\n|switch|p1a: Flutter Mane|Flutter Mane, L50|100\/100\n|switch|p1b: Kingambit|Kingambit, L50, M, shiny|100\/100\n|switch|p2a: Iron Bundle|Iron Bundle, L50, shiny|100\/100\n|switch|p2b: Flutter Mane|Flutter Mane, L50|100\/100\n|-enditem|p2a: Iron Bundle|Booster Energy\n|-activate|p2a: Iron Bundle|ability: Quark Drive|[fromitem]\n|-start|p2a: Iron Bundle|quarkdrivespe\n|-enditem|p1a: Flutter Mane|Booster Energy\n|-activate|p1a: Flutter Mane|ability: Protosynthesis|[fromitem]\n|-start|p1a: Flutter Mane|protosynthesisspa\n|turn|1\n|j| PqlarBear\n|inactive|LiakosVGC has 30 seconds left.\n|j| Yoshiandlugia\n|inactive|LiakosVGC has 20 seconds left.\n|inactive|LiakosVGC has 15 seconds left.\n|inactive|LiakosVGC has 10 seconds left.\n|j| TabuVGC\n|\n|t:|1683322362\n|-terastallize|p2b: Flutter Mane|Water\n|move|p2a: Iron Bundle|Hydro Pump|p1b: Kingambit\n|-damage|p1b: Kingambit|68\/100\n|move|p1a: Flutter Mane|Moonblast|p2a: Iron Bundle\n|-damage|p2a: Iron Bundle|0 fnt\n|faint|p2a: Iron Bundle\n|-end|p2a: Iron Bundle|Quark Drive|[silent]\n|move|p2b: Flutter Mane|Shadow Ball|p1a: Flutter Mane\n|-supereffective|p1a: Flutter Mane\n|-crit|p1a: Flutter Mane\n|-damage|p1a: Flutter Mane|0 fnt\n|faint|p1a: Flutter Mane\n|-end|p1a: Flutter Mane|Protosynthesis|[silent]\n|move|p1b: Kingambit|Iron Head|p2b: Flutter Mane\n|-resisted|p2b: Flutter Mane\n|-damage|p2b: Flutter Mane|61\/100\n|\n|upkeep\n|inactive|pokealex has 30 seconds left.\n|\n|t:|1683322389\n|switch|p2a: Chi-Yu|Chi-Yu, L50|100\/100\n|switch|p1a: Iron Hands|Iron Hands, L50|100\/100\n|-ability|p2a: Chi-Yu|Beads of Ruin\n|turn|2\n|j| mmaelstorm\n|j| sempr9\n|inactive|pokealex has 30 seconds left.\n|inactive|pokealex has 20 seconds left.\n|inactive|LiakosVGC has 30 seconds left.\n|inactive|pokealex has 15 seconds left.\n|inactive|pokealex has 10 seconds left.\n|inactive|pokealex has 5 seconds left.\n|\n|t:|1683322440\n|-end|p2b: Flutter Mane|Protosynthesis|[silent]\n|switch|p2b: Garganacl|Garganacl, L50, F|100\/100\n|-terastallize|p1a: Iron Hands|Fire\n|move|p2a: Chi-Yu|Protect|p2a: Chi-Yu\n|-singleturn|p2a: Chi-Yu|Protect\n|move|p1b: Kingambit|Sucker Punch||[still]\n|-fail|p1b: Kingambit\n|move|p1a: Iron Hands|Drain Punch|p2a: Chi-Yu\n|-activate|p2a: Chi-Yu|move: Protect\n|\n|upkeep\n|turn|3\n|\n|t:|1683322459\n|switch|p1b: Chi-Yu|Chi-Yu, L50|100\/100\n|-ability|p1b: Chi-Yu|Beads of Ruin\n|move|p2a: Chi-Yu|Heat Wave|p1a: Iron Hands|[spread] p1a,p1b\n|-resisted|p1a: Iron Hands\n|-resisted|p1b: Chi-Yu\n|-damage|p1a: Iron Hands|73\/100\n|-damage|p1b: Chi-Yu|73\/100\n|-damage|p2a: Chi-Yu|91\/100|[from] item: Life Orb\n|move|p1a: Iron Hands|Drain Punch|p2a: Chi-Yu\n|-supereffective|p2a: Chi-Yu\n|-damage|p2a: Chi-Yu|0 fnt\n|-heal|p1a: Iron Hands|100\/100|[from] drain|[of] p2a: Chi-Yu\n|faint|p2a: Chi-Yu\n|move|p2b: Garganacl|Salt Cure|p1a: Iron Hands\n|-supereffective|p1a: Iron Hands\n|-damage|p1a: Iron Hands|80\/100\n|-start|p1a: Iron Hands|Salt Cure\n|\n|-damage|p1a: Iron Hands|68\/100|[from] Salt Cure\n|upkeep\n|j| Bertigo\n|\n|t:|1683322476\n|switch|p2a: Flutter Mane|Flutter Mane, L50, tera:Water|61\/100\n|turn|4\n|j| eughe\n|inactive|pokealex has 30 seconds left.\n|inactive|pokealex has 20 seconds left.\n|inactive|pokealex has 15 seconds left.\n|\n|t:|1683322517\n|move|p1b: Chi-Yu|Protect|p1b: Chi-Yu\n|-singleturn|p1b: Chi-Yu|Protect\n|move|p2a: Flutter Mane|Shadow Ball|p1a: Iron Hands\n|-damage|p1a: Iron Hands|5\/100\n|move|p1a: Iron Hands|Wild Charge|p2a: Flutter Mane\n|-supereffective|p2a: Flutter Mane\n|-damage|p2a: Flutter Mane|0 fnt\n|faint|p2a: Flutter Mane\n|-end|p2a: Flutter Mane|Protosynthesis|[silent]\n|-damage|p1a: Iron Hands|0 fnt|[from] Recoil\n|faint|p1a: Iron Hands\n|-end|p1a: Iron Hands|Quark Drive|[silent]\n|move|p2b: Garganacl|Salt Cure|p1b: Chi-Yu\n|-activate|p1b: Chi-Yu|move: Protect\n|\n|upkeep\n|\n|t:|1683322523\n|switch|p1a: Kingambit|Kingambit, L50, M, shiny|68\/100\n|turn|5\n|l| Bertigo\n|\n|t:|1683322532\n|move|p1b: Chi-Yu|Dark Pulse|p2b: Garganacl\n|-damage|p2b: Garganacl|61\/100\n|move|p1a: Kingambit|Low Kick|p2b: Garganacl\n|-supereffective|p2b: Garganacl\n|-damage|p2b: Garganacl|6\/100\n|move|p2b: Garganacl|Salt Cure|p1b: Chi-Yu\n|-supereffective|p1b: Chi-Yu\n|-damage|p1b: Chi-Yu|26\/100\n|-start|p1b: Chi-Yu|Salt Cure\n|\n|-heal|p2b: Garganacl|12\/100|[from] item: Leftovers\n|-damage|p1b: Chi-Yu|13\/100|[from] Salt Cure\n|upkeep\n|turn|6\n|-message|LiakosVGC forfeited.\n|\n|win|pokealex\n|c|\u2606LiakosVGC|gg\n|c| baaaaat_|alex can u public the games pls\n|c| baaaaat_|.\/public room\n|l| mmaelstorm\n|c|\u2606pokealex|\/log pokealex made this room public.\n|l| SteelPupa\n|c| baaaaat_|ty\n|j| Muted xd\n|l| eughe\n|j| Serena\n|j| Finabas\n|l| Finabas\n|l| Serena\n|j| ceree\n|j| SvenVGC\n|l| SvenVGC\n|j| Finabas\n|j| SvenVGC\n|l| ceree\n|l| SvenVGC\n|l| UberVylit\n|j| UberVylit\n|j| holy rats\n|l| Muted xd\n|l| holy rats\n|l| UberVylit\n|l| Finabas\n|j| ZekromZeke\n|l| Yoshiandlugia\n|l|\u2606pokealex\n","uploadtime":1683322903,"views":27,"p1id":"pokealex","p2id":"liakosvgc","formatid":"gen9vgc2023regulationc","rating":0,"private":0,"password":""}