{"id":"gen9vgc2023regulationc-1850491981","p1":"linmou","p2":"Kiwigal","format":"[Gen 9] VGC 2023 Regulation C","log":"|j|\u2606linmou\n|j|\u2606Kiwigal\n|t:|1682342620\n|gametype|doubles\n|player|p1|linmou|caitlin|1363\n|player|p2|Kiwigal|emma|1360\n|teamsize|p1|6\n|teamsize|p2|6\n|gen|9\n|tier|[Gen 9] VGC 2023 Regulation C\n|rated|\n|rule|Species Clause: Limit one of each Pok\u00e9mon\n|rule|Item Clause: Limit one of each item\n|clearpoke\n|poke|p1|Amoonguss, L50, F|\n|poke|p1|Palafin, L50, F|\n|poke|p1|Arcanine, L50, F|\n|poke|p1|Flutter Mane, L50|\n|poke|p1|Baxcalibur, L50, F|\n|poke|p1|Ting-Lu, L50|\n|poke|p2|Wo-Chien, L50|\n|poke|p2|Chi-Yu, L50|\n|poke|p2|Scizor, L50, M|\n|poke|p2|Glimmora, L50, M|\n|poke|p2|Vaporeon, L50, M|\n|poke|p2|Ting-Lu, L50|\n|teampreview|4\nKiwigal has agreed to open team sheets.\n|c|\u2606Kiwigal|gl hf\n|\n|t:|1682342661\n|start\n|switch|p1a: Arcanine|Arcanine, L50, F, shiny|100\/100\n|switch|p1b: Ting-Lu|Ting-Lu, L50|100\/100\n|switch|p2a: Glimmora|Glimmora, L50, M|100\/100\n|switch|p2b: Chi-Yu|Chi-Yu, L50|100\/100\n|-ability|p2b: Chi-Yu|Beads of Ruin\n|-ability|p1a: Arcanine|Intimidate|boost\n|-unboost|p2a: Glimmora|atk|1\n|-unboost|p2b: Chi-Yu|atk|1\n|-ability|p1b: Ting-Lu|Vessel of Ruin\n|turn|1\n|inactive|Battle timer is ON: inactive players will automatically lose when time's up. (requested by linmou)\n|\n|t:|1682342684\n|-terastallize|p2b: Chi-Yu|Grass\n|move|p2a: Glimmora|Power Gem|p1a: Arcanine\n|-supereffective|p1a: Arcanine\n|-damage|p1a: Arcanine|17\/100\n|move|p2b: Chi-Yu|Dark Pulse|p1a: Arcanine\n|-damage|p1a: Arcanine|0 fnt\n|faint|p1a: Arcanine\n|move|p1b: Ting-Lu|Stomping Tantrum|p2a: Glimmora\n|-supereffective|p2a: Glimmora\n|-enditem|p2a: Glimmora|Focus Sash\n|-damage|p2a: Glimmora|1\/100\n|-activate|p2a: Glimmora|ability: Toxic Debris\n|-sidestart|p1: linmou|move: Toxic Spikes\n|\n|upkeep\n|\n|t:|1682342694\n|switch|p1a: Baxcalibur|Baxcalibur, L50, F, shiny|100\/100\n|-status|p1a: Baxcalibur|psn\n|turn|2\n|\n|t:|1682342715\n|switch|p2b: Scizor|Scizor, L50, M|100\/100\n|move|p2a: Glimmora|Spiky Shield|p2a: Glimmora\n|-singleturn|p2a: Glimmora|move: Protect\n|move|p1a: Baxcalibur|Glaive Rush|p2a: Glimmora\n|-activate|p2a: Glimmora|move: Protect\n|-damage|p1a: Baxcalibur|88\/100 psn|[from] Spiky Shield|[of] p2a: Glimmora\n|move|p1b: Ting-Lu|Ruination|p2b: Scizor\n|-damage|p2b: Scizor|50\/100\n|\n|-damage|p1a: Baxcalibur|76\/100 psn|[from] psn\n|upkeep\n|turn|3\n|inactive|linmou has 30 seconds left.\n|\n|t:|1682342743\n|-terastallize|p1a: Baxcalibur|Poison\n|move|p2b: Scizor|Bullet Punch|p1a: Baxcalibur\n|-damage|p1a: Baxcalibur|45\/100 psn\n|move|p2a: Glimmora|Mortal Spin|p1a: Baxcalibur|[spread] p1a,p1b\n|-resisted|p1a: Baxcalibur\n|-resisted|p1b: Ting-Lu\n|-damage|p1a: Baxcalibur|43\/100 psn\n|-damage|p1b: Ting-Lu|99\/100\n|-status|p1b: Ting-Lu|psn\n|move|p1a: Baxcalibur|Glaive Rush|p2a: Glimmora\n|-damage|p2a: Glimmora|0 fnt\n|-singlemove|p1a: Baxcalibur|Glaive Rush|[silent]\n|-activate|p2a: Glimmora|ability: Toxic Debris\n|-sidestart|p1: linmou|move: Toxic Spikes\n|faint|p2a: Glimmora\n|move|p1b: Ting-Lu|Stomping Tantrum|p2b: Scizor\n|-damage|p2b: Scizor|21\/100\n|\n|-damage|p1a: Baxcalibur|31\/100 psn|[from] psn\n|-damage|p1b: Ting-Lu|87\/100 psn|[from] psn\n|upkeep\n|\n|t:|1682342763\n|switch|p2a: Vaporeon|Vaporeon, L50, M|100\/100\n|turn|4\n|\n|t:|1682342782\n|switch|p1a: Amoonguss|Amoonguss, L50, F, shiny|100\/100\n|-sideend|p1: linmou|move: Toxic Spikes|[of] p1a: Amoonguss\n|move|p2b: Scizor|Bullet Punch|p1a: Amoonguss\n|-damage|p1a: Amoonguss|69\/100\n|move|p2a: Vaporeon|Muddy Water|p1a: Amoonguss|[spread] p1a,p1b\n|-resisted|p1a: Amoonguss\n|-supereffective|p1b: Ting-Lu\n|-damage|p1a: Amoonguss|60\/100\n|-damage|p1b: Ting-Lu|69\/100 psn\n|-unboost|p1b: Ting-Lu|accuracy|1\n|move|p1b: Ting-Lu|Stomping Tantrum|p2b: Scizor\n|-damage|p2b: Scizor|0 fnt\n|faint|p2b: Scizor\n|\n|-damage|p1b: Ting-Lu|56\/100 psn|[from] psn\n|upkeep\n|\n|t:|1682342789\n|switch|p2b: Chi-Yu|Chi-Yu, L50, tera:Grass|100\/100\n|-ability|p2b: Chi-Yu|Beads of Ruin\n|turn|5\n|\n|t:|1682342806\n|switch|p1b: Baxcalibur|Baxcalibur, L50, F, shiny, tera:Poison|31\/100 psn\n|move|p2b: Chi-Yu|Flamethrower|p1a: Amoonguss\n|-supereffective|p1a: Amoonguss\n|-damage|p1a: Amoonguss|0 fnt\n|faint|p1a: Amoonguss\n|move|p2a: Vaporeon|Muddy Water|p1b: Baxcalibur|[miss]\n|-miss|p2a: Vaporeon|p1b: Baxcalibur\n|\n|-damage|p1b: Baxcalibur|19\/100 psn|[from] psn\n|upkeep\n|\n|t:|1682342808\n|switch|p1a: Ting-Lu|Ting-Lu, L50|56\/100 psn\n|-ability|p1a: Ting-Lu|Vessel of Ruin\n|turn|6\n|\n|t:|1682342831\n|move|p1b: Baxcalibur|Ice Shard|p2b: Chi-Yu\n|-supereffective|p2b: Chi-Yu\n|-damage|p2b: Chi-Yu|25\/100\n|move|p2b: Chi-Yu|Tera Blast|p1a: Ting-Lu\n|-supereffective|p1a: Ting-Lu\n|-damage|p1a: Ting-Lu|20\/100 psn\n|move|p2a: Vaporeon|Muddy Water|p1a: Ting-Lu|[spread] p1a,p1b\n|-supereffective|p1a: Ting-Lu\n|-damage|p1a: Ting-Lu|0 fnt\n|-damage|p1b: Baxcalibur|0 fnt\n|faint|p1a: Ting-Lu\n|faint|p1b: Baxcalibur\n|\n|win|Kiwigal\n|raw|linmou's rating: 1363 → 1343<\/strong> (-20 for losing)\n|raw|Kiwigal's rating: 1360 → 1380<\/strong> (+20 for winning)\n|c|\u2606Kiwigal|gg\n|l|\u2606linmou\n","uploadtime":1682342971,"views":24,"p1id":"linmou","p2id":"kiwigal","formatid":"gen9vgc2023regulationc","rating":1343,"private":0,"password":""}