{"id":"gen9vgc2023regulationc-1860264379","p1":"Yolothom","p2":"Loweswe","format":"[Gen 9] VGC 2023 Regulation C","log":"|j|\u2606Yolothom\n|j|\u2606Loweswe\n|t:|1683621666\n|gametype|doubles\n|player|p1|Yolothom|nemona-v|1109\n|player|p2|Loweswe|1|1019\n|teamsize|p1|6\n|teamsize|p2|6\n|gen|9\n|tier|[Gen 9] VGC 2023 Regulation C\n|rated|\n|rule|Species Clause: Limit one of each Pok\u00e9mon\n|rule|Item Clause: Limit one of each item\n|clearpoke\n|poke|p1|Roaring Moon, L50|\n|poke|p1|Amoonguss, L50, F|\n|poke|p1|Ting-Lu, L50|\n|poke|p1|Annihilape, L50, F|\n|poke|p1|Palafin, L50, M|\n|poke|p1|Flutter Mane, L50|\n|poke|p2|Appletun, L50, M|\n|poke|p2|Drednaw, L50, M|\n|poke|p2|Amoonguss, L50, F|\n|poke|p2|Avalugg, L50, M|\n|poke|p2|Gengar, L50, F|\n|poke|p2|Coalossal, L50, F|\n|teampreview|4\n|c|\u2606Yolothom|glhf\n|inactive|Battle timer is ON: inactive players will automatically lose when time's up. (requested by Yolothom)\n|c|\u2606Loweswe|same to you\n|inactive|Yolothom has 60 seconds left.\n|c|\u2606Yolothom|thx\n|\n|t:|1683621707\n|start\n|switch|p1a: Ting-Lu|Ting-Lu, L50|100\/100\n|switch|p1b: Palafin|Palafin, L50, M, shiny|100\/100\n|switch|p2a: Gengar|Gengar, L50, F|100\/100\n|switch|p2b: Drednaw|Drednaw, L50, M|100\/100\n|-ability|p1a: Ting-Lu|Vessel of Ruin\n|turn|1\n|inactive|Loweswe has 30 seconds left.\n|\n|t:|1683621738\n|detailschange|p1b: Palafin|Palafin-Hero, L50, M, shiny\n|switch|p1b: Amoonguss|Amoonguss, L50, F, shiny|100\/100\n|move|p2b: Drednaw|Stone Edge|p1a: Ting-Lu\n|-resisted|p1a: Ting-Lu\n|-damage|p1a: Ting-Lu|85\/100\n|move|p1a: Ting-Lu|Fissure|p2b: Drednaw|[miss]\n|-miss|p1a: Ting-Lu|p2b: Drednaw\n|move|p2a: Gengar|Trick Room|p2a: Gengar\n|-fieldstart|move: Trick Room|[of] p2a: Gengar\n|\n|upkeep\n|turn|2\n|inactive|Yolothom has 30 seconds left.\n|inactive|Loweswe has 30 seconds left.\n|\n|t:|1683621766\n|switch|p2a: Coalossal|Coalossal, L50, F|100\/100\n|move|p1b: Amoonguss|Rage Powder|p1b: Amoonguss\n|-singleturn|p1b: Amoonguss|move: Rage Powder\n|move|p1a: Ting-Lu|Stomping Tantrum|p2a: Coalossal\n|-supereffective|p2a: Coalossal\n|-damage|p2a: Coalossal|0 fnt\n|faint|p2a: Coalossal\n|move|p2b: Drednaw|Ice Fang|p1b: Amoonguss\n|-supereffective|p1b: Amoonguss\n|-damage|p1b: Amoonguss|48\/100\n|-enditem|p1b: Amoonguss|Sitrus Berry|[eat]\n|-heal|p1b: Amoonguss|73\/100|[from] item: Sitrus Berry\n|\n|upkeep\n|\n|t:|1683621779\n|switch|p2a: Appletun|Appletun, L50, M|100\/100\n|turn|3\n|\n|t:|1683621799\n|move|p2a: Appletun|Dragon Pulse|p1b: Amoonguss\n|-damage|p1b: Amoonguss|43\/100\n|move|p1b: Amoonguss|Spore|p2b: Drednaw\n|-status|p2b: Drednaw|slp|[from] move: Spore\n|move|p1a: Ting-Lu|Fissure|p2a: Appletun|[miss]\n|-miss|p1a: Ting-Lu|p2a: Appletun\n|cant|p2b: Drednaw|slp\n|\n|upkeep\n|turn|4\n|inactive|Loweswe has 30 seconds left.\n|\n|t:|1683621826\n|move|p1b: Amoonguss|Protect|p1b: Amoonguss\n|-singleturn|p1b: Amoonguss|Protect\n|move|p2a: Appletun|Dragon Pulse|p1b: Amoonguss\n|-activate|p1b: Amoonguss|move: Protect\n|move|p1a: Ting-Lu|Stomping Tantrum|p2b: Drednaw\n|-supereffective|p2b: Drednaw\n|-damage|p2b: Drednaw|0 fnt\n|faint|p2b: Drednaw\n|\n|upkeep\n|\n|t:|1683621838\n|switch|p2b: Gengar|Gengar, L50, F|100\/100\n|turn|5\n|inactive|Loweswe has 30 seconds left.\n|inactive|Loweswe has 20 seconds left.\n|inactive|Loweswe has 15 seconds left.\n|inactive|Loweswe has 10 seconds left.\n|inactive|Loweswe has 5 seconds left.\n|\n|t:|1683621893\n|move|p1b: Amoonguss|Spore|p2b: Gengar\n|-status|p2b: Gengar|slp|[from] move: Spore\n|move|p2a: Appletun|Dragon Pulse|p1a: Ting-Lu\n|-damage|p1a: Ting-Lu|69\/100\n|move|p1a: Ting-Lu|Fissure|p2a: Appletun|[miss]\n|-miss|p1a: Ting-Lu|p2a: Appletun\n|cant|p2b: Gengar|slp\n|\n|-fieldend|move: Trick Room\n|upkeep\n|turn|6\n|inactive|Loweswe has 30 seconds left.\n|\n|t:|1683621919\n|move|p1b: Amoonguss|Protect|p1b: Amoonguss\n|-singleturn|p1b: Amoonguss|Protect\n|cant|p2b: Gengar|slp\n|move|p1a: Ting-Lu|Stomping Tantrum|p2b: Gengar\n|-supereffective|p2b: Gengar\n|-enditem|p2b: Gengar|Focus Sash\n|-damage|p2b: Gengar|1\/100 slp\n|move|p2a: Appletun|Dragon Pulse|p1b: Amoonguss\n|-activate|p1b: Amoonguss|move: Protect\n|\n|upkeep\n|turn|7\n|\n|t:|1683621933\n|cant|p2b: Gengar|slp\n|move|p1a: Ting-Lu|Fissure|p2a: Appletun\n|-damage|p2a: Appletun|0 fnt\n|faint|p2a: Appletun\n|-ohko\n|move|p1b: Amoonguss|Pollen Puff|p2b: Gengar\n|-resisted|p2b: Gengar\n|-damage|p2b: Gengar|0 fnt\n|faint|p2b: Gengar\n|\n|win|Yolothom\n|raw|Yolothom's rating: 1109 → 1128<\/strong> (+19 for winning)\n|raw|Loweswe's rating: 1019 → 1009<\/strong> (-10 for losing)\n|c|\u2606Yolothom|gg\n|c|\u2606Loweswe|gg\n|l|\u2606Loweswe\n","uploadtime":1683621948,"views":7,"p1id":"yolothom","p2id":"loweswe","formatid":"gen9vgc2023regulationc","rating":1009,"private":0,"password":""}