{"id":"gen9vgc2023regulationc-1845432576","p1":"GB Seraphix","p2":"Elm22","format":"[Gen 9] VGC 2023 Regulation C","log":"|j|\u2606GB Seraphix\n|j|\u2606Elm22\n|t:|1681732559\n|gametype|doubles\n|player|p1|GB Seraphix|rosa|1240\n|player|p2|Elm22|fisherman-gen4|1182\n|teamsize|p1|6\n|teamsize|p2|6\n|gen|9\n|tier|[Gen 9] VGC 2023 Regulation C\n|rated|\n|rule|Species Clause: Limit one of each Pok\u00e9mon\n|rule|Item Clause: Limit one of each item\n|clearpoke\n|poke|p1|Maushold, L50|\n|poke|p1|Annihilape, L50, M|\n|poke|p1|Lurantis, L50, F|\n|poke|p1|Amoonguss, L50, F|\n|poke|p1|Gholdengo, L50|\n|poke|p1|Chi-Yu, L50|\n|poke|p2|Bronzong, L50|\n|poke|p2|Ting-Lu, L50|\n|poke|p2|Iron Hands, L50|\n|poke|p2|Arcanine, L50, M|\n|poke|p2|Flutter Mane, L50|\n|poke|p2|Amoonguss, L50, F|\n|teampreview|4\nElm22 has agreed to open team sheets.\nGB Seraphix has agreed to open team sheets.\n|inactive|Battle timer is ON: inactive players will automatically lose when time's up. (requested by GB Seraphix)\n|inactive|Elm22 has 60 seconds left.\n|\n|t:|1681732696\n|start\n|switch|p1a: Maushold|Maushold, L50|100\/100\n|switch|p1b: Gholdengo|Gholdengo, L50|100\/100\n|switch|p2a: Bronzong|Bronzong, L50|100\/100\n|switch|p2b: Flutter Mane|Flutter Mane, L50|100\/100\n|turn|1\n|inactive|GB Seraphix has 30 seconds left.\n|inactive|GB Seraphix has 20 seconds left.\n|inactive|GB Seraphix has 15 seconds left.\n|\n|t:|1681732738\n|switch|p2a: Ting-Lu|Ting-Lu, L50|100\/100\n|-ability|p2a: Ting-Lu|Vessel of Ruin\n|move|p2b: Flutter Mane|Protect|p2b: Flutter Mane\n|-singleturn|p2b: Flutter Mane|Protect\n|move|p1a: Maushold|Follow Me|p1a: Maushold\n|-singleturn|p1a: Maushold|move: Follow Me\n|move|p1b: Gholdengo|Trick|p2a: Ting-Lu\n|-activate|p1b: Gholdengo|move: Trick|[of] p2a: Ting-Lu\n|-item|p2a: Ting-Lu|Choice Specs|[from] move: Trick\n|-item|p1b: Gholdengo|Choice Band|[from] move: Trick\n|\n|upkeep\n|turn|2\n|inactive|Elm22 has 30 seconds left.\n|\n|t:|1681732764\n|-end|p2b: Flutter Mane|Protosynthesis|[silent]\n|switch|p2b: Bronzong|Bronzong, L50|100\/100\n|move|p1a: Maushold|Follow Me|p1a: Maushold\n|-singleturn|p1a: Maushold|move: Follow Me\n|move|p1b: Gholdengo|Trick|p2b: Bronzong\n|-activate|p1b: Gholdengo|move: Trick|[of] p2b: Bronzong\n|-item|p2b: Bronzong|Choice Band|[from] move: Trick\n|-item|p1b: Gholdengo|Covert Cloak|[from] move: Trick\n|move|p2a: Ting-Lu|Earthquake|p1b: Gholdengo|[spread] p1a,p1b\n|-immune|p2b: Bronzong|[from] ability: Levitate\n|-supereffective|p1b: Gholdengo\n|-damage|p1a: Maushold|61\/100\n|-damage|p1b: Gholdengo|51\/100\n|\n|upkeep\n|turn|3\n|\n|t:|1681732788\n|switch|p1b: Annihilape|Annihilape, L50, M|100\/100\n|move|p1a: Maushold|Super Fang|p2a: Ting-Lu\n|-damage|p2a: Ting-Lu|50\/100\n|move|p2a: Ting-Lu|Earthquake|p1a: Maushold|[spread] p1a,p1b\n|-immune|p2b: Bronzong|[from] ability: Levitate\n|-damage|p1a: Maushold|22\/100\n|-damage|p1b: Annihilape|78\/100\n|move|p2b: Bronzong|Gyro Ball|p1b: Annihilape\n|-damage|p1b: Annihilape|56\/100\n|\n|-heal|p1b: Annihilape|62\/100|[from] item: Leftovers\n|upkeep\n|turn|4\n|inactive|Elm22 has 30 seconds left.\n|\n|t:|1681732814\n|move|p1a: Maushold|Protect|p1a: Maushold\n|-singleturn|p1a: Maushold|Protect\n|move|p1b: Annihilape|Bulk Up|p1b: Annihilape\n|-boost|p1b: Annihilape|atk|1\n|-boost|p1b: Annihilape|def|1\n|move|p2a: Ting-Lu|Earthquake|p1a: Maushold|[spread] p1b\n|-activate|p1a: Maushold|move: Protect\n|-immune|p2b: Bronzong|[from] ability: Levitate\n|-damage|p1b: Annihilape|46\/100\n|move|p2b: Bronzong|Gyro Ball|p1a: Maushold\n|-activate|p1a: Maushold|move: Protect\n|\n|-heal|p1b: Annihilape|52\/100|[from] item: Leftovers\n|upkeep\n|turn|5\n|\n|t:|1681732836\n|switch|p1a: Gholdengo|Gholdengo, L50|51\/100\n|move|p1b: Annihilape|Drain Punch|p2a: Ting-Lu\n|-supereffective|p2a: Ting-Lu\n|-damage|p2a: Ting-Lu|0 fnt\n|-heal|p1b: Annihilape|83\/100|[from] drain|[of] p2a: Ting-Lu\n|faint|p2a: Ting-Lu\n|move|p2b: Bronzong|Gyro Ball|p1a: Gholdengo\n|-resisted|p1a: Gholdengo\n|-damage|p1a: Gholdengo|32\/100\n|\n|-heal|p1b: Annihilape|89\/100|[from] item: Leftovers\n|upkeep\n|\n|t:|1681732844\n|switch|p2a: Flutter Mane|Flutter Mane, L50|100\/100\n|turn|6\n|inactive|GB Seraphix has 30 seconds left.\n|inactive|GB Seraphix has 20 seconds left.\n|inactive|GB Seraphix has 15 seconds left.\n|\n|t:|1681732887\n|switch|p1a: Maushold|Maushold, L50|22\/100\n|-terastallize|p1b: Annihilape|Fire\n|move|p2a: Flutter Mane|Protect|p2a: Flutter Mane\n|-singleturn|p2a: Flutter Mane|Protect\n|move|p1b: Annihilape|Rage Fist|p2a: Flutter Mane\n|-activate|p2a: Flutter Mane|move: Protect\n|move|p2b: Bronzong|Gyro Ball|p1a: Maushold\n|-damage|p1a: Maushold|0 fnt\n|faint|p1a: Maushold\n|\n|-heal|p1b: Annihilape|95\/100|[from] item: Leftovers\n|upkeep\n|l|\u2606Elm22\n|inactive|Elm22 disconnected and has a minute to reconnect!\n|player|p2|\n|\n|t:|1681732900\n|switch|p1a: Amoonguss|Amoonguss, L50, F|100\/100\n|turn|7\n|j|\u2606Elm22\n|inactive|Elm22 reconnected and has 55 seconds left.\n|player|p2|Elm22|fisherman-gen4\n|-message|Elm22 forfeited.\n|\n|win|GB Seraphix\n|raw|GB Seraphix's rating: 1240 → 1261<\/strong> (+21 for winning)\n|raw|Elm22's rating: 1182 → 1161<\/strong> (-21 for losing)\n|l|\u2606Elm22\n","uploadtime":1681733060,"views":12,"p1id":"gbseraphix","p2id":"elm22","formatid":"gen9vgc2023regulationc","rating":1161,"private":0,"password":""}