{"id":"gen9vgc2023regulationc-1848043324","p1":"enelson5","p2":"Tinglu69","format":"[Gen 9] VGC 2023 Regulation C","log":"|j|\u2606enelson5\n|j|\u2606Tinglu69\n|t:|1682023551\n|gametype|doubles\n|player|p1|enelson5|169|1178\n|player|p2|Tinglu69|roughneck-gen4|1235\n|teamsize|p1|6\n|teamsize|p2|6\n|gen|9\n|tier|[Gen 9] VGC 2023 Regulation C\n|rated|\n|rule|Species Clause: Limit one of each Pok\u00e9mon\n|rule|Item Clause: Limit one of each item\n|clearpoke\n|poke|p1|Gyarados, L50, F|\n|poke|p1|Flutter Mane, L50|\n|poke|p1|Amoonguss, L50, M|\n|poke|p1|Garchomp, L50, F|\n|poke|p1|Corviknight, L50, M|\n|poke|p1|Chien-Pao, L50|\n|poke|p2|Flutter Mane, L50|\n|poke|p2|Dragonite, L50, F|\n|poke|p2|Arcanine, L50, M|\n|poke|p2|Amoonguss, L50, F|\n|poke|p2|Ting-Lu, L50|\n|poke|p2|Kingambit, L50, M|\n|teampreview|4\n|inactive|Battle timer is ON: inactive players will automatically lose when time's up. (requested by Tinglu69)\n|inactive|Tinglu69 has 60 seconds left.\n|\n|t:|1682023592\n|start\n|switch|p1a: Corviknight|Corviknight, L50, M|100\/100\n|switch|p1b: Gyarados|Gyarados, L50, F|100\/100\n|switch|p2a: Kingambit|Kingambit, L50, M, shiny|100\/100\n|switch|p2b: Flutter Mane|Flutter Mane, L50, shiny|100\/100\n|-ability|p1b: Gyarados|Intimidate|boost\n|-unboost|p2a: Kingambit|atk|1\n|-ability|p2a: Kingambit|Defiant|boost\n|-boost|p2a: Kingambit|atk|2\n|-unboost|p2b: Flutter Mane|atk|1\n|-enditem|p2b: Flutter Mane|Booster Energy\n|-activate|p2b: Flutter Mane|ability: Protosynthesis|[fromitem]\n|-start|p2b: Flutter Mane|protosynthesisspa\n|turn|1\n|\n|t:|1682023611\n|move|p2b: Flutter Mane|Protect|p2b: Flutter Mane\n|-singleturn|p2b: Flutter Mane|Protect\n|move|p1b: Gyarados|Thunder Wave|p2a: Kingambit\n|-status|p2a: Kingambit|par\n|-enditem|p2a: Kingambit|Lum Berry|[eat]\n|-curestatus|p2a: Kingambit|par|[msg]\n|move|p1a: Corviknight|Iron Head|p2b: Flutter Mane\n|-activate|p2b: Flutter Mane|move: Protect\n|move|p2a: Kingambit|Kowtow Cleave|p1a: Corviknight\n|-damage|p1a: Corviknight|49\/100\n|\n|upkeep\n|turn|2\n|\n|t:|1682023630\n|move|p2b: Flutter Mane|Shadow Ball|p1a: Corviknight\n|-damage|p1a: Corviknight|0 fnt\n|faint|p1a: Corviknight\n|move|p1b: Gyarados|Thunder Wave|p2a: Kingambit\n|-status|p2a: Kingambit|par\n|cant|p2a: Kingambit|par\n|\n|upkeep\n|\n|t:|1682023640\n|switch|p1a: Garchomp|Garchomp, L50, F|100\/100\n|turn|3\n|\n|t:|1682023656\n|-terastallize|p1a: Garchomp|Ground\n|-terastallize|p2a: Kingambit|Water\n|move|p2b: Flutter Mane|Moonblast|p1a: Garchomp\n|-damage|p1a: Garchomp|25\/100\n|move|p1a: Garchomp|Earthquake|p2b: Flutter Mane|[spread] p2a,p2b\n|-immune|p1b: Gyarados\n|-damage|p2a: Kingambit|61\/100 par\n|-damage|p2b: Flutter Mane|12\/100\n|move|p1b: Gyarados|Waterfall|p2b: Flutter Mane\n|-damage|p2b: Flutter Mane|0 fnt\n|faint|p2b: Flutter Mane\n|-end|p2b: Flutter Mane|Protosynthesis|[silent]\n|cant|p2a: Kingambit|par\n|\n|upkeep\n|c|\u2606Tinglu69|more hax plz\n|\n|t:|1682023669\n|switch|p2b: Arcanine|Arcanine, L50, M, shiny|100\/100\n|-ability|p2b: Arcanine|Intimidate|boost\n|-fail|p1a: Garchomp|unboost|[from] item: Clear Amulet|[of] p1a: Garchomp\n|-unboost|p1b: Gyarados|atk|1\n|turn|4\n|\n|t:|1682023679\n|move|p1b: Gyarados|Protect|p1b: Gyarados\n|-singleturn|p1b: Gyarados|Protect\n|move|p2a: Kingambit|Sucker Punch|p1a: Garchomp\n|-damage|p1a: Garchomp|0 fnt\n|-damage|p2a: Kingambit|49\/100 par|[from] ability: Rough Skin|[of] p1a: Garchomp\n|faint|p1a: Garchomp\n|move|p2b: Arcanine|Will-O-Wisp|p1b: Gyarados\n|-activate|p1b: Gyarados|move: Protect\n|\n|upkeep\n|\n|t:|1682023689\n|switch|p1a: Chien-Pao|Chien-Pao, L50|100\/100\n|-ability|p1a: Chien-Pao|Sword of Ruin\n|turn|5\n|\n|t:|1682023698\n|move|p1a: Chien-Pao|Protect|p1a: Chien-Pao\n|-singleturn|p1a: Chien-Pao|Protect\n|move|p2a: Kingambit|Sucker Punch||[still]\n|-fail|p2a: Kingambit\n|move|p2b: Arcanine|Flare Blitz|p1a: Chien-Pao\n|-activate|p1a: Chien-Pao|move: Protect\n|move|p1b: Gyarados|Taunt|p2b: Arcanine\n|-start|p2b: Arcanine|move: Taunt\n|\n|upkeep\n|turn|6\n|\n|t:|1682023717\n|move|p1a: Chien-Pao|Sucker Punch|p2a: Kingambit\n|-damage|p2a: Kingambit|9\/100 par\n|move|p2a: Kingambit|Sucker Punch||[still]\n|-fail|p2a: Kingambit\n|move|p2b: Arcanine|Flare Blitz|p1a: Chien-Pao\n|-supereffective|p1a: Chien-Pao\n|-enditem|p1a: Chien-Pao|Focus Sash\n|-damage|p1a: Chien-Pao|1\/100\n|-damage|p2b: Arcanine|74\/100|[from] Recoil\n|move|p1b: Gyarados|Waterfall|p2b: Arcanine\n|-supereffective|p2b: Arcanine\n|-damage|p2b: Arcanine|13\/100\n|-enditem|p2b: Arcanine|Sitrus Berry|[eat]\n|-heal|p2b: Arcanine|37\/100|[from] item: Sitrus Berry\n|\n|upkeep\n|turn|7\n|inactive|Tinglu69 has 30 seconds left.\n|\n|t:|1682023743\n|switch|p2a: Ting-Lu|Ting-Lu, L50|100\/100\n|-ability|p2a: Ting-Lu|Vessel of Ruin\n|move|p1a: Chien-Pao|Sucker Punch||[still]\n|-fail|p1a: Chien-Pao\n|move|p2b: Arcanine|Flare Blitz|p1a: Chien-Pao\n|-supereffective|p1a: Chien-Pao\n|-damage|p1a: Chien-Pao|0 fnt\n|faint|p1a: Chien-Pao\n|-damage|p2b: Arcanine|37\/100|[from] Recoil\n|move|p1b: Gyarados|Waterfall|p2b: Arcanine\n|-supereffective|p2b: Arcanine\n|-damage|p2b: Arcanine|0 fnt\n|faint|p2b: Arcanine\n|\n|upkeep\n|\n|t:|1682023744\n|switch|p2b: Kingambit|Kingambit, L50, M, shiny, tera:Water|9\/100 par\n|turn|8\n|c|\u2606Tinglu69|more hax plz\n|\n|t:|1682023767\n|cant|p2b: Kingambit|par\n|move|p1b: Gyarados|Waterfall|p2b: Kingambit\n|-resisted|p2b: Kingambit\n|-damage|p2b: Kingambit|0 fnt\n|faint|p2b: Kingambit\n|move|p2a: Ting-Lu|Ruination|p1b: Gyarados\n|-damage|p1b: Gyarados|50\/100\n|\n|upkeep\n|turn|9\n|\n|t:|1682023778\n|move|p1b: Gyarados|Waterfall|p2a: Ting-Lu\n|-supereffective|p2a: Ting-Lu\n|-damage|p2a: Ting-Lu|77\/100\n|move|p2a: Ting-Lu|Heavy Slam|p1b: Gyarados\n|-resisted|p1b: Gyarados\n|-damage|p1b: Gyarados|44\/100\n|\n|upkeep\n|turn|10\n|c|\u2606Tinglu69|more hax for the fucking noob copy past player\n|-message|Tinglu69 forfeited.\n|\n|win|enelson5\n|raw|enelson5's rating: 1178 → 1207<\/strong> (+29 for winning)\n|raw|Tinglu69's rating: 1235 → 1206<\/strong> (-29 for losing)\n|l|\u2606Tinglu69\n","uploadtime":1682023794,"views":11,"p1id":"enelson5","p2id":"tinglu69","formatid":"gen9vgc2023regulationc","rating":1206,"private":0,"password":""}