{"id":"gen9vgc2023regulationc-1862530521","p1":"1GoldenBoy","p2":"Prompto88","format":"[Gen 9] VGC 2023 Regulation C","log":"|j|\u26061GoldenBoy\n|j|\u2606Prompto88\n|t:|1683897965\n|gametype|doubles\n|player|p1|1GoldenBoy|pokemonranger-gen4|1268\n|player|p2|Prompto88|265|1178\n|teamsize|p1|6\n|teamsize|p2|6\n|gen|9\n|tier|[Gen 9] VGC 2023 Regulation C\n|rated|\n|rule|Species Clause: Limit one of each Pok\u00e9mon\n|rule|Item Clause: Limit one of each item\n|clearpoke\n|poke|p1|Barraskewda, L50, M|\n|poke|p1|Pelipper, L50, M|\n|poke|p1|Amoonguss, L50, F|\n|poke|p1|Palafin, L50, F|\n|poke|p1|Dragapult, L50, M|\n|poke|p1|Scizor, L50, M|\n|poke|p2|Gothitelle, L50, F|\n|poke|p2|Arcanine, L50, M|\n|poke|p2|Garganacl, L50, M|\n|poke|p2|Ting-Lu, L50|\n|poke|p2|Wo-Chien, L50|\n|poke|p2|Glimmora, L50, M|\n|teampreview|4\n|inactive|Battle timer is ON: inactive players will automatically lose when time's up. (requested by Prompto88)\n|inactive|1GoldenBoy also wants the timer to be on.\n|inactive|1GoldenBoy has 60 seconds left.\n|inactive|1GoldenBoy has 30 seconds left.\n|inactive|1GoldenBoy has 20 seconds left.\n|\n|t:|1683898035\n|start\n|switch|p1a: Pelipper|Pelipper, L50, M, shiny|100\/100\n|switch|p1b: Palafin|Palafin, L50, F, shiny|100\/100\n|switch|p2a: Arcanine|Arcanine, L50, M|100\/100\n|switch|p2b: Gothitelle|Gothitelle, L50, F|100\/100\n|-ability|p2a: Arcanine|Intimidate|boost\n|-unboost|p1a: Pelipper|atk|1\n|-unboost|p1b: Palafin|atk|1\n|-weather|RainDance|[from] ability: Drizzle|[of] p1a: Pelipper\n|turn|1\n|inactive|1GoldenBoy has 30 seconds left.\n|inactive|1GoldenBoy has 20 seconds left.\n|inactive|1GoldenBoy has 15 seconds left.\n|inactive|1GoldenBoy has 10 seconds left.\n|\n|t:|1683898083\n|-terastallize|p1b: Palafin|Water\n|move|p1b: Palafin|Wave Crash|p2a: Arcanine\n|-supereffective|p2a: Arcanine\n|-damage|p2a: Arcanine|0 fnt\n|faint|p2a: Arcanine\n|-damage|p1b: Palafin|70\/100|[from] Recoil\n|move|p1a: Pelipper|Hurricane|p2b: Gothitelle\n|-damage|p2b: Gothitelle|60\/100\n|move|p2b: Gothitelle|Trick Room|p2b: Gothitelle\n|-fieldstart|move: Trick Room|[of] p2b: Gothitelle\n|\n|-weather|RainDance|[upkeep]\n|upkeep\n|\n|t:|1683898097\n|switch|p2a: Garganacl|Garganacl, L50, M|100\/100\n|turn|2\n|inactive|1GoldenBoy has 30 seconds left.\n|inactive|1GoldenBoy has 20 seconds left.\n|\n|t:|1683898134\n|switch|p2b: Wo-Chien|Wo-Chien, L50|100\/100\n|-ability|p2b: Wo-Chien|Tablets of Ruin\n|move|p1b: Palafin|Jet Punch|p2a: Garganacl\n|-supereffective|p2a: Garganacl\n|-damage|p2a: Garganacl|66\/100\n|move|p2a: Garganacl|Salt Cure|p1a: Pelipper\n|-supereffective|p1a: Pelipper\n|-damage|p1a: Pelipper|78\/100\n|-start|p1a: Pelipper|Salt Cure\n|move|p1a: Pelipper|Surf|p2b: Wo-Chien|[spread] p1b,p2a,p2b\n|-resisted|p1b: Palafin\n|-supereffective|p2a: Garganacl\n|-resisted|p2b: Wo-Chien\n|-damage|p1b: Palafin|42\/100\n|-damage|p2a: Garganacl|1\/100\n|-damage|p2b: Wo-Chien|87\/100\n|\n|-weather|RainDance|[upkeep]\n|-heal|p2a: Garganacl|7\/100|[from] item: Leftovers\n|-damage|p1a: Pelipper|53\/100|[from] Salt Cure\n|upkeep\n|turn|3\n|\n|t:|1683898158\n|-terastallize|p2b: Wo-Chien|Poison\n|move|p2a: Garganacl|Protect|p2a: Garganacl\n|-singleturn|p2a: Garganacl|Protect\n|move|p1b: Palafin|Jet Punch|p2a: Garganacl\n|-activate|p2a: Garganacl|move: Protect\n|move|p1a: Pelipper|Hurricane|p2b: Wo-Chien\n|-damage|p2b: Wo-Chien|57\/100\n|move|p2b: Wo-Chien|Leech Seed|p1b: Palafin\n|-start|p1b: Palafin|move: Leech Seed\n|\n|-weather|RainDance|[upkeep]\n|-heal|p2a: Garganacl|13\/100|[from] item: Leftovers\n|-damage|p1b: Palafin|30\/100|[from] Leech Seed|[of] p2b: Wo-Chien\n|-heal|p2b: Wo-Chien|74\/100|[silent]\n|-damage|p1a: Pelipper|29\/100|[from] Salt Cure\n|upkeep\n|turn|4\n|inactive|1GoldenBoy has 30 seconds left.\n|inactive|1GoldenBoy has 20 seconds left.\n|inactive|1GoldenBoy has 15 seconds left.\n|inactive|1GoldenBoy has 10 seconds left.\n|\n|t:|1683898203\n|switch|p2a: Gothitelle|Gothitelle, L50, F|60\/100\n|move|p1b: Palafin|Jet Punch|p2a: Gothitelle\n|-damage|p2a: Gothitelle|33\/100\n|move|p1a: Pelipper|Hurricane|p2b: Wo-Chien\n|-damage|p2b: Wo-Chien|41\/100\n|-start|p2b: Wo-Chien|confusion\n|-activate|p2b: Wo-Chien|confusion\n|move|p2b: Wo-Chien|Leech Seed|p1a: Pelipper\n|-start|p1a: Pelipper|move: Leech Seed\n|\n|-weather|RainDance|[upkeep]\n|-damage|p1a: Pelipper|17\/100|[from] Leech Seed|[of] p2b: Wo-Chien\n|-heal|p2b: Wo-Chien|55\/100|[silent]\n|-damage|p1b: Palafin|18\/100|[from] Leech Seed|[of] p2b: Wo-Chien\n|-heal|p2b: Wo-Chien|71\/100|[silent]\n|-damage|p1a: Pelipper|0 fnt|[from] Salt Cure\n|faint|p1a: Pelipper\n|upkeep\n|\n|t:|1683898220\n|switch|p1a: Scizor|Scizor, L50, M, shiny|100\/100\n|turn|5\n|inactive|1GoldenBoy has 30 seconds left.\n|\n|t:|1683898247\n|move|p2a: Gothitelle|Fake Out|p1a: Scizor\n|-resisted|p1a: Scizor\n|-crit|p1a: Scizor\n|-damage|p1a: Scizor|97\/100\n|move|p1b: Palafin|Jet Punch|p2a: Gothitelle\n|-damage|p2a: Gothitelle|3\/100\n|cant|p1a: Scizor|flinch\n|-activate|p2b: Wo-Chien|confusion\n|move|p2b: Wo-Chien|Pollen Puff|p2a: Gothitelle\n|-heal|p2a: Gothitelle|53\/100\n|\n|-weather|RainDance|[upkeep]\n|-heal|p1a: Scizor|100\/100|[from] item: Leftovers\n|-damage|p1b: Palafin|6\/100|[from] Leech Seed|[of] p2b: Wo-Chien\n|-heal|p2b: Wo-Chien|88\/100|[silent]\n|-fieldend|move: Trick Room\n|upkeep\n|turn|6\n|inactive|1GoldenBoy has 30 seconds left.\n|\n|t:|1683898274\n|move|p1b: Palafin|Jet Punch|p2b: Wo-Chien\n|-damage|p2b: Wo-Chien|64\/100\n|move|p1a: Scizor|Bullet Punch|p2b: Wo-Chien\n|-damage|p2b: Wo-Chien|43\/100\n|-end|p2b: Wo-Chien|confusion\n|move|p2b: Wo-Chien|Leech Seed|p1a: Scizor\n|-start|p1a: Scizor|move: Leech Seed\n|move|p2a: Gothitelle|Trick Room|p2a: Gothitelle\n|-fieldstart|move: Trick Room|[of] p2a: Gothitelle\n|\n|-weather|RainDance|[upkeep]\n|-damage|p1a: Scizor|88\/100|[from] Leech Seed|[of] p2b: Wo-Chien\n|-heal|p2b: Wo-Chien|58\/100|[silent]\n|-damage|p1b: Palafin|0 fnt|[from] Leech Seed|[of] p2b: Wo-Chien\n|-heal|p2b: Wo-Chien|66\/100|[silent]\n|faint|p1b: Palafin\n|upkeep\n|\n|t:|1683898284\n|switch|p1b: Barraskewda|Barraskewda, L50, M, shiny|100\/100\n|turn|7\n|\n|t:|1683898304\n|move|p2a: Gothitelle|Heal Pulse|p2b: Wo-Chien\n|-heal|p2b: Wo-Chien|100\/100\n|move|p1a: Scizor|Swords Dance|p1a: Scizor\n|-boost|p1a: Scizor|atk|2\n|move|p2b: Wo-Chien|Pollen Puff|p2a: Gothitelle\n|-heal|p2a: Gothitelle|100\/100\n|move|p1b: Barraskewda|Psychic Fangs|p2b: Wo-Chien\n|-supereffective|p2b: Wo-Chien\n|-damage|p2b: Wo-Chien|63\/100\n|\n|-weather|RainDance|[upkeep]\n|-heal|p1a: Scizor|94\/100|[from] item: Leftovers\n|-damage|p1a: Scizor|82\/100|[from] Leech Seed|[of] p2b: Wo-Chien\n|-heal|p2b: Wo-Chien|78\/100|[silent]\n|upkeep\n|turn|8\n|\n|t:|1683898322\n|move|p1a: Scizor|Bullet Punch|p2b: Wo-Chien\n|-crit|p2b: Wo-Chien\n|-damage|p2b: Wo-Chien|16\/100\n|move|p2a: Gothitelle|Taunt|p1a: Scizor\n|-start|p1a: Scizor|move: Taunt\n|move|p2b: Wo-Chien|Leech Seed|p1b: Barraskewda|[miss]\n|-miss|p2b: Wo-Chien|p1b: Barraskewda\n|move|p1b: Barraskewda|Psychic Fangs|p2b: Wo-Chien\n|-supereffective|p2b: Wo-Chien\n|-damage|p2b: Wo-Chien|0 fnt\n|faint|p2b: Wo-Chien\n|\n|-weather|none\n|-heal|p1a: Scizor|88\/100|[from] item: Leftovers\n|upkeep\n|\n|t:|1683898335\n|switch|p2b: Garganacl|Garganacl, L50, M|13\/100\n|turn|9\n|inactive|1GoldenBoy has 30 seconds left.\n|inactive|Prompto88 has 30 seconds left.\n|\n|t:|1683898387\n|move|p2b: Garganacl|Protect|p2b: Garganacl\n|-singleturn|p2b: Garganacl|Protect\n|move|p1a: Scizor|Bullet Punch|p2b: Garganacl\n|-activate|p2b: Garganacl|move: Protect\n|move|p2a: Gothitelle|Taunt|p1b: Barraskewda\n|-start|p1b: Barraskewda|move: Taunt\n|move|p1b: Barraskewda|Liquidation|p2a: Gothitelle\n|-damage|p2a: Gothitelle|62\/100\n|\n|-heal|p2b: Garganacl|18\/100|[from] item: Leftovers\n|-heal|p1a: Scizor|94\/100|[from] item: Leftovers\n|-damage|p1a: Scizor|82\/100|[from] Leech Seed|[of] p2b: Garganacl\n|-heal|p2b: Garganacl|29\/100|[silent]\n|upkeep\n|turn|10\n|\n|t:|1683898408\n|move|p1a: Scizor|Bullet Punch|p2b: Garganacl\n|-supereffective|p2b: Garganacl\n|-damage|p2b: Garganacl|0 fnt\n|faint|p2b: Garganacl\n|move|p2a: Gothitelle|Heal Pulse|p2: Garganacl|[notarget]\n|-fail|p2a: Gothitelle\n|move|p1b: Barraskewda|Liquidation|p2a: Gothitelle\n|-damage|p2a: Gothitelle|19\/100\n|\n|-heal|p1a: Scizor|88\/100|[from] item: Leftovers\n|-fieldend|move: Trick Room\n|upkeep\n|turn|11\n|\n|t:|1683898423\n|move|p1a: Scizor|Bullet Punch|p2a: Gothitelle\n|-damage|p2a: Gothitelle|0 fnt\n|faint|p2a: Gothitelle\n|\n|win|1GoldenBoy\n|raw|1GoldenBoy's rating: 1268 → 1287<\/strong> (+19 for winning)\n|raw|Prompto88's rating: 1178 → 1159<\/strong> (-19 for losing)\n","uploadtime":1683898428,"views":6,"p1id":"1goldenboy","p2id":"prompto88","formatid":"gen9vgc2023regulationc","rating":1159,"private":0,"password":""}