{"id":"gen9vgc2023regulationc-1860028920","p1":"iraqanid","p2":"agentyphlosion","format":"[Gen 9] VGC 2023 Regulation C","log":"|j|\u2606iraqanid\n|j|\u2606agentyphlosion\n|t:|1683586893\n|gametype|doubles\n|player|p1|iraqanid|biker|1330\n|player|p2|agentyphlosion|101|1306\n|teamsize|p1|6\n|teamsize|p2|6\n|gen|9\n|tier|[Gen 9] VGC 2023 Regulation C\n|rated|\n|rule|Species Clause: Limit one of each Pok\u00e9mon\n|rule|Item Clause: Limit one of each item\n|clearpoke\n|poke|p1|Chien-Pao, L50|\n|poke|p1|Breloom, L50, M|\n|poke|p1|Garganacl, L50, F|\n|poke|p1|Dondozo, L50, F|\n|poke|p1|Arcanine, L50, M|\n|poke|p1|Iron Bundle, L50|\n|poke|p2|Iron Thorns, L50|\n|poke|p2|Iron Bundle, L50|\n|poke|p2|Dragonite, L50, F|\n|poke|p2|Chi-Yu, L50|\n|poke|p2|Flutter Mane, L50|\n|poke|p2|Azumarill, L50, F|\n|teampreview|4\niraqanid has agreed to open team sheets.\n|\n|t:|1683586927\n|start\n|switch|p1a: Chien-Pao|Chien-Pao, L50|100\/100\n|switch|p1b: Breloom|Breloom, L50, M|100\/100\n|switch|p2a: Dragonite|Dragonite, L50, F|100\/100\n|switch|p2b: Iron Bundle|Iron Bundle, L50|100\/100\n|-ability|p1a: Chien-Pao|Sword of Ruin\n|-enditem|p2b: Iron Bundle|Booster Energy\n|-activate|p2b: Iron Bundle|ability: Quark Drive|[fromitem]\n|-start|p2b: Iron Bundle|quarkdrivespe\n|turn|1\n|\n|t:|1683586950\n|-terastallize|p2a: Dragonite|Steel\n|move|p2b: Iron Bundle|Protect|p2b: Iron Bundle\n|-singleturn|p2b: Iron Bundle|Protect\n|move|p1a: Chien-Pao|Protect|p1a: Chien-Pao\n|-singleturn|p1a: Chien-Pao|Protect\n|move|p1b: Breloom|Mach Punch|p2b: Iron Bundle\n|-activate|p2b: Iron Bundle|move: Protect\n|move|p2a: Dragonite|Tailwind|p2a: Dragonite\n|-sidestart|p2: agentyphlosion|move: Tailwind\n|\n|upkeep\n|turn|2\n|\n|t:|1683586971\n|move|p2a: Dragonite|Extreme Speed|p1b: Breloom\n|-damage|p1b: Breloom|35\/100\n|move|p1a: Chien-Pao|Sucker Punch|p2b: Iron Bundle\n|-damage|p2b: Iron Bundle|43\/100\n|-damage|p1a: Chien-Pao|91\/100|[from] item: Life Orb\n|move|p1b: Breloom|Mach Punch|p2b: Iron Bundle\n|-supereffective|p2b: Iron Bundle\n|-damage|p2b: Iron Bundle|0 fnt\n|faint|p2b: Iron Bundle\n|-end|p2b: Iron Bundle|Quark Drive|[silent]\n|\n|upkeep\n|\n|t:|1683586983\n|switch|p2b: Azumarill|Azumarill, L50, F|100\/100\n|turn|3\n|\n|t:|1683587007\n|switch|p1b: Dondozo|Dondozo, L50, F|100\/100\n|move|p2a: Dragonite|Low Kick|p1a: Chien-Pao\n|-supereffective|p1a: Chien-Pao\n|-damage|p1a: Chien-Pao|0 fnt\n|faint|p1a: Chien-Pao\n|move|p2b: Azumarill|Ice Spinner|p1b: Dondozo\n|-resisted|p1b: Dondozo\n|-damage|p1b: Dondozo|91\/100\n|\n|-heal|p1b: Dondozo|97\/100|[from] item: Leftovers\n|upkeep\n|\n|t:|1683587018\n|switch|p1a: Garganacl|Garganacl, L50, F|100\/100\n|turn|4\n|\n|t:|1683587030\n|-terastallize|p1a: Garganacl|Water\n|move|p2a: Dragonite|Low Kick|p1b: Dondozo\n|-damage|p1b: Dondozo|68\/100\n|move|p2b: Azumarill|Play Rough|p1b: Dondozo\n|-damage|p1b: Dondozo|34\/100\n|move|p1b: Dondozo|Yawn|p2b: Azumarill\n|-start|p2b: Azumarill|move: Yawn|[of] p1b: Dondozo\n|move|p1a: Garganacl|Salt Cure|p2a: Dragonite\n|-resisted|p2a: Dragonite\n|-damage|p2a: Dragonite|94\/100\n|-start|p2a: Dragonite|Salt Cure\n|\n|-heal|p1b: Dondozo|40\/100|[from] item: Leftovers\n|-damage|p2a: Dragonite|69\/100|[from] Salt Cure\n|-sideend|p2: agentyphlosion|move: Tailwind\n|upkeep\n|turn|5\n|\n|t:|1683587053\n|move|p1b: Dondozo|Protect|p1b: Dondozo\n|-singleturn|p1b: Dondozo|Protect\n|move|p2a: Dragonite|Low Kick|p1a: Garganacl\n|-damage|p1a: Garganacl|70\/100\n|move|p2b: Azumarill|Play Rough|p1a: Garganacl|[miss]\n|-miss|p2b: Azumarill|p1a: Garganacl\n|move|p1a: Garganacl|Stealth Rock|p2b: Azumarill\n|-sidestart|p2: agentyphlosion|move: Stealth Rock\n|\n|-heal|p1b: Dondozo|46\/100|[from] item: Leftovers\n|-damage|p2a: Dragonite|44\/100|[from] Salt Cure\n|-end|p2b: Azumarill|move: Yawn|[silent]\n|-status|p2b: Azumarill|slp\n|upkeep\n|turn|6\n|\n|t:|1683587083\n|switch|p2b: Iron Thorns|Iron Thorns, L50, shiny|100\/100\n|-damage|p2b: Iron Thorns|88\/100|[from] Stealth Rock\n|move|p2a: Dragonite|Low Kick|p1b: Dondozo\n|-damage|p1b: Dondozo|16\/100\n|move|p1b: Dondozo|Yawn|p2a: Dragonite\n|-start|p2a: Dragonite|move: Yawn|[of] p1b: Dondozo\n|move|p1a: Garganacl|Salt Cure|p2b: Iron Thorns\n|-damage|p2b: Iron Thorns|76\/100\n|-start|p2b: Iron Thorns|Salt Cure\n|\n|-heal|p1b: Dondozo|22\/100|[from] item: Leftovers\n|-damage|p2b: Iron Thorns|64\/100|[from] Salt Cure\n|-damage|p2a: Dragonite|19\/100|[from] Salt Cure\n|upkeep\n|turn|7\n|\n|t:|1683587108\n|switch|p2a: Azumarill|Azumarill, L50, F|100\/100 slp\n|-damage|p2a: Azumarill|88\/100 slp|[from] Stealth Rock\n|move|p1a: Garganacl|Protect|p1a: Garganacl\n|-singleturn|p1a: Garganacl|Protect\n|move|p2b: Iron Thorns|Dragon Dance|p2b: Iron Thorns\n|-boost|p2b: Iron Thorns|atk|1\n|-boost|p2b: Iron Thorns|spe|1\n|move|p1b: Dondozo|Liquidation|p2b: Iron Thorns\n|-supereffective|p2b: Iron Thorns\n|-damage|p2b: Iron Thorns|9\/100\n|\n|-heal|p1b: Dondozo|28\/100|[from] item: Leftovers\n|-damage|p2b: Iron Thorns|0 fnt|[from] Salt Cure\n|faint|p2b: Iron Thorns\n|-end|p2b: Iron Thorns|Quark Drive|[silent]\n|upkeep\n|\n|t:|1683587120\n|switch|p2b: Dragonite|Dragonite, L50, F, tera:Steel|19\/100\n|-damage|p2b: Dragonite|13\/100|[from] Stealth Rock\n|turn|8\n|\n|t:|1683587134\n|move|p2b: Dragonite|Low Kick|p1a: Garganacl\n|-damage|p1a: Garganacl|38\/100\n|-enditem|p1a: Garganacl|Sitrus Berry|[eat]\n|-heal|p1a: Garganacl|63\/100|[from] item: Sitrus Berry\n|cant|p2a: Azumarill|slp\n|move|p1b: Dondozo|Liquidation|p2a: Azumarill\n|-resisted|p2a: Azumarill\n|-damage|p2a: Azumarill|69\/100 slp\n|move|p1a: Garganacl|Salt Cure|p2b: Dragonite\n|-resisted|p2b: Dragonite\n|-damage|p2b: Dragonite|6\/100\n|-start|p2b: Dragonite|Salt Cure\n|\n|-heal|p1b: Dondozo|34\/100|[from] item: Leftovers\n|-damage|p2b: Dragonite|0 fnt|[from] Salt Cure\n|faint|p2b: Dragonite\n|upkeep\n|turn|9\n|-message|agentyphlosion forfeited.\n|\n|win|iraqanid\n|raw|iraqanid's rating: 1330 → 1349<\/strong> (+19 for winning)\n|raw|agentyphlosion's rating: 1306 → 1287<\/strong> (-19 for losing)\n|l|\u2606agentyphlosion\n","uploadtime":1683587147,"views":9,"p1id":"iraqanid","p2id":"agentyphlosion","formatid":"gen9vgc2023regulationc","rating":1287,"private":0,"password":""}