{"id":"gen9vgc2023regulationc-1848970030","p1":"Royalpooppi","p2":"Emberbloom","format":"[Gen 9] VGC 2023 Regulation C","log":"|j|\u2606Royalpooppi\n|j|\u2606Emberbloom\n|t:|1682132673\n|gametype|doubles\n|player|p1|Royalpooppi|2|1335\n|player|p2|Emberbloom|flannery|1388\n|teamsize|p1|6\n|teamsize|p2|6\n|gen|9\n|tier|[Gen 9] VGC 2023 Regulation C\n|rated|\n|rule|Species Clause: Limit one of each Pok\u00e9mon\n|rule|Item Clause: Limit one of each item\n|clearpoke\n|poke|p1|Frosmoth, L50, M|\n|poke|p1|Abomasnow, L50, M|\n|poke|p1|Arcanine, L50, M|\n|poke|p1|Azumarill, L50, M|\n|poke|p1|Chien-Pao, L50|\n|poke|p1|Flutter Mane, L50|\n|poke|p2|Corviknight, L50, M|\n|poke|p2|Tyranitar, L50, F|\n|poke|p2|Garchomp, L50, M|\n|poke|p2|Amoonguss, L50, F|\n|poke|p2|Arcanine, L50, F|\n|poke|p2|Iron Bundle, L50|\n|teampreview|4\n|\n|t:|1682132720\n|start\n|switch|p1a: Flutter Mane|Flutter Mane, L50, shiny|100\/100\n|switch|p1b: Azumarill|Azumarill, L50, M, shiny|100\/100\n|switch|p2a: Corviknight|Corviknight, L50, M|100\/100\n|switch|p2b: Garchomp|Garchomp, L50, M|100\/100\n|turn|1\n|inactive|Battle timer is ON: inactive players will automatically lose when time's up. (requested by Royalpooppi)\n|\n|t:|1682132745\n|move|p2b: Garchomp|Protect|p2b: Garchomp\n|-singleturn|p2b: Garchomp|Protect\n|move|p1b: Azumarill|Aqua Jet|p2b: Garchomp\n|-activate|p2b: Garchomp|move: Protect\n|move|p1a: Flutter Mane|Power Gem|p2b: Garchomp\n|-activate|p2b: Garchomp|move: Protect\n|move|p2a: Corviknight|Tailwind|p2a: Corviknight\n|-sidestart|p2: Emberbloom|move: Tailwind\n|\n|upkeep\n|turn|2\n|\n|t:|1682132769\n|switch|p2b: Tyranitar|Tyranitar, L50, F, shiny|100\/100\n|-weather|Sandstorm|[from] ability: Sand Stream|[of] p2b: Tyranitar\n|-end|p1a: Flutter Mane|Protosynthesis|[silent]\n|switch|p1a: Abomasnow|Abomasnow, L50, M, shiny|100\/100\n|-weather|Snow|[from] ability: Snow Warning|[of] p1a: Abomasnow\n|move|p2a: Corviknight|Iron Head|p1a: Abomasnow\n|-supereffective|p1a: Abomasnow\n|-damage|p1a: Abomasnow|64\/100\n|move|p1b: Azumarill|Play Rough|p2b: Tyranitar\n|-supereffective|p2b: Tyranitar\n|-damage|p2b: Tyranitar|0 fnt\n|faint|p2b: Tyranitar\n|-damage|p1b: Azumarill|91\/100|[from] item: Life Orb\n|\n|-weather|Snow|[upkeep]\n|upkeep\n|\n|t:|1682132778\n|switch|p2b: Arcanine|Arcanine, L50, F|100\/100\n|-ability|p2b: Arcanine|Intimidate|boost\n|-unboost|p1a: Abomasnow|atk|1\n|-unboost|p1b: Azumarill|atk|1\n|turn|3\n|\n|t:|1682132799\n|move|p2b: Arcanine|Howl|p2b: Arcanine|[spread] p2a,p2b\n|-boost|p2a: Corviknight|atk|1\n|-boost|p2b: Arcanine|atk|1\n|move|p2a: Corviknight|Brave Bird|p1b: Azumarill\n|-damage|p1b: Azumarill|26\/100\n|-damage|p2a: Corviknight|79\/100|[from] Recoil\n|move|p1a: Abomasnow|Blizzard|p2a: Corviknight|[spread] p2a,p2b\n|-resisted|p2b: Arcanine\n|-damage|p2a: Corviknight|44\/100\n|-damage|p2b: Arcanine|85\/100\n|move|p1b: Azumarill|Liquidation|p2b: Arcanine\n|-supereffective|p2b: Arcanine\n|-damage|p2b: Arcanine|0 fnt\n|faint|p2b: Arcanine\n|-damage|p1b: Azumarill|16\/100|[from] item: Life Orb\n|\n|-weather|Snow|[upkeep]\n|upkeep\n|\n|t:|1682132802\n|switch|p2b: Garchomp|Garchomp, L50, M|100\/100\n|turn|4\n|\n|t:|1682132811\n|move|p1b: Azumarill|Aqua Jet|p2b: Garchomp\n|-damage|p2b: Garchomp|79\/100\n|-damage|p1b: Azumarill|6\/100|[from] item: Life Orb\n|move|p2b: Garchomp|Earthquake|p1a: Abomasnow|[spread] p1a,p1b\n|-immune|p2a: Corviknight\n|-resisted|p1a: Abomasnow\n|-damage|p1a: Abomasnow|50\/100\n|-damage|p1b: Azumarill|0 fnt\n|faint|p1b: Azumarill\n|move|p2a: Corviknight|Brave Bird|p1a: Abomasnow\n|-supereffective|p1a: Abomasnow\n|-damage|p1a: Abomasnow|0 fnt\n|faint|p1a: Abomasnow\n|-damage|p2a: Corviknight|28\/100|[from] Recoil\n|\n|-weather|Snow|[upkeep]\n|-sideend|p2: Emberbloom|move: Tailwind\n|upkeep\n|\n|t:|1682132815\n|switch|p1a: Flutter Mane|Flutter Mane, L50, shiny|100\/100\n|switch|p1b: Frosmoth|Frosmoth, L50, M, shiny|100\/100\n|turn|5\n|\n|t:|1682132835\n|-terastallize|p1a: Flutter Mane|Fairy\n|-terastallize|p2b: Garchomp|Fire\n|move|p1a: Flutter Mane|Dazzling Gleam|p2a: Corviknight|[spread] p2a,p2b\n|-resisted|p2a: Corviknight\n|-resisted|p2b: Garchomp\n|-damage|p2a: Corviknight|0 fnt\n|-damage|p2b: Garchomp|47\/100\n|faint|p2a: Corviknight\n|move|p2b: Garchomp|Rock Slide|p1b: Frosmoth|[spread] p1b\n|-miss|p2b: Garchomp|p1a: Flutter Mane\n|-supereffective|p1b: Frosmoth\n|-damage|p1b: Frosmoth|17\/100\n|cant|p1b: Frosmoth|flinch\n|\n|-weather|Snow|[upkeep]\n|upkeep\n|turn|6\n|\n|t:|1682132848\n|move|p1a: Flutter Mane|Dazzling Gleam|p2b: Garchomp\n|-resisted|p2b: Garchomp\n|-damage|p2b: Garchomp|3\/100\n|move|p2b: Garchomp|Earthquake|p1a: Flutter Mane|[spread] p1a,p1b\n|-resisted|p1b: Frosmoth\n|-damage|p1a: Flutter Mane|10\/100\n|-damage|p1b: Frosmoth|0 fnt\n|faint|p1b: Frosmoth\n|\n|-weather|none\n|upkeep\n|turn|7\n|\n|t:|1682132860\n|move|p2b: Garchomp|Protect|p2b: Garchomp\n|-singleturn|p2b: Garchomp|Protect\n|move|p1a: Flutter Mane|Dazzling Gleam|p2b: Garchomp\n|-activate|p2b: Garchomp|move: Protect\n|\n|upkeep\n|turn|8\n|\n|t:|1682132863\n|move|p1a: Flutter Mane|Dazzling Gleam|p2b: Garchomp\n|-resisted|p2b: Garchomp\n|-crit|p2b: Garchomp\n|-damage|p2b: Garchomp|0 fnt\n|faint|p2b: Garchomp\n|\n|win|Royalpooppi\n|raw|Royalpooppi's rating: 1335 → 1358<\/strong> (+23 for winning)\n|raw|Emberbloom's rating: 1388 → 1365<\/strong> (-23 for losing)\n|l|\u2606Royalpooppi\n","uploadtime":1682132874,"views":11,"p1id":"royalpooppi","p2id":"emberbloom","formatid":"gen9vgc2023regulationc","rating":1358,"private":0,"password":""}