{"id":"gen9vgc2023regulationc-1847542658","p1":"GB Seraphix","p2":"Pikareem","format":"[Gen 9] VGC 2023 Regulation C","log":"|j|\u2606GB Seraphix\n|j|\u2606Pikareem\n|t:|1681970343\n|gametype|doubles\n|player|p1|GB Seraphix|rosa|1231\n|player|p2|Pikareem|steven|1129\n|teamsize|p1|6\n|teamsize|p2|6\n|gen|9\n|tier|[Gen 9] VGC 2023 Regulation C\n|rated|\n|rule|Species Clause: Limit one of each Pok\u00e9mon\n|rule|Item Clause: Limit one of each item\n|clearpoke\n|poke|p1|Chi-Yu, L50|\n|poke|p1|Dachsbun, L50, F|\n|poke|p1|Flutter Mane, L50|\n|poke|p1|Baxcalibur, L50, M|\n|poke|p1|Amoonguss, L50, M|\n|poke|p1|Rotom-Wash, L50|\n|poke|p2|Chi-Yu, L50|\n|poke|p2|Dachsbun, L50, M|\n|poke|p2|Dragonite, L50, F|\n|poke|p2|Flutter Mane, L50|\n|poke|p2|Azumarill, L50, F|\n|poke|p2|Chien-Pao, L50|\n|teampreview|4\n|c|\u2606Pikareem|Yo let\u2019s both lead chi you dachshun to get infinite defense\n|c|\u2606GB Seraphix|haha\n|\n|t:|1681970406\n|start\n|switch|p1a: Nemo|Chi-Yu, L50|100\/100\n|switch|p1b: Hanabishi|Rotom-Wash, L50|100\/100\n|switch|p2a: Chi-Yu|Chi-Yu, L50|100\/100\n|switch|p2b: Dachsbun|Dachsbun, L50, M|100\/100\n|-ability|p1a: Nemo|Beads of Ruin\n|-ability|p2a: Chi-Yu|Beads of Ruin\n|turn|1\n|l|\u2606GB Seraphix\n|player|p1|\n|inactive|Battle timer is ON: inactive players will automatically lose when time's up. (requested by Pikareem)\n|c|\u2606Pikareem|Bitch\n|j|\u2606GB Seraphix\n|inactive|GB Seraphix reconnected and has 65 seconds left.\n|player|p1|GB Seraphix|rosa\n|inactive|GB Seraphix has 60 seconds left.\n|\n|t:|1681970471\n|move|p1a: Nemo|Snarl|p2a: Chi-Yu|[spread] p2a,p2b\n|-resisted|p2a: Chi-Yu\n|-resisted|p2b: Dachsbun\n|-damage|p2a: Chi-Yu|88\/100\n|-damage|p2b: Dachsbun|88\/100\n|-unboost|p2a: Chi-Yu|spa|1\n|-unboost|p2b: Dachsbun|spa|1\n|move|p2a: Chi-Yu|Lava Plume|p1a: Nemo|[spread] p1a,p1b\n|-ability|p2b: Dachsbun|Well-Baked Body|boost\n|-boost|p2b: Dachsbun|def|2\n|-resisted|p1a: Nemo\n|-resisted|p1b: Hanabishi\n|-damage|p1a: Nemo|88\/100\n|-damage|p1b: Hanabishi|85\/100\n|move|p1b: Hanabishi|Hydro Pump|p2a: Chi-Yu\n|-supereffective|p2a: Chi-Yu\n|-damage|p2a: Chi-Yu|0 fnt\n|faint|p2a: Chi-Yu\n|move|p2b: Dachsbun|Body Press|p1a: Nemo\n|-supereffective|p1a: Nemo\n|-damage|p1a: Nemo|0 fnt\n|faint|p1a: Nemo\n|\n|-heal|p2b: Dachsbun|94\/100|[from] item: Leftovers\n|upkeep\n|inactive|GB Seraphix has 30 seconds left.\n|inactive|GB Seraphix has 20 seconds left.\n|inactive|GB Seraphix has 15 seconds left.\n|inactive|GB Seraphix has 10 seconds left.\n|\n|t:|1681970516\n|switch|p1a: BB|Flutter Mane, L50|100\/100\n|switch|p2a: Dragonite|Dragonite, L50, F|100\/100\n|-enditem|p1a: BB|Booster Energy\n|-activate|p1a: BB|ability: Protosynthesis|[fromitem]\n|-start|p1a: BB|protosynthesisspe\n|turn|2\n|\n|t:|1681970535\n|-terastallize|p2a: Dragonite|Flying\n|move|p1a: BB|Moonblast|p2a: Dragonite\n|-damage|p2a: Dragonite|75\/100\n|move|p1b: Hanabishi|Will-O-Wisp|p2a: Dragonite\n|-status|p2a: Dragonite|brn\n|move|p2b: Dachsbun|Body Press|p1b: Hanabishi\n|-damage|p1b: Hanabishi|37\/100\n|-enditem|p1b: Hanabishi|Sitrus Berry|[eat]\n|-heal|p1b: Hanabishi|62\/100|[from] item: Sitrus Berry\n|move|p2a: Dragonite|Iron Head|p1a: BB\n|-supereffective|p1a: BB\n|-damage|p1a: BB|43\/100\n|\n|-heal|p2b: Dachsbun|99\/100|[from] item: Leftovers\n|-damage|p2a: Dragonite|70\/100 brn|[from] brn\n|upkeep\n|turn|3\n|inactive|GB Seraphix has 30 seconds left.\n|inactive|Pikareem has 30 seconds left.\n|inactive|GB Seraphix has 20 seconds left.\n|\n|t:|1681970572\n|move|p1b: Hanabishi|Protect|p1b: Hanabishi\n|-singleturn|p1b: Hanabishi|Protect\n|move|p1a: BB|Shadow Ball|p2a: Dragonite\n|-damage|p2a: Dragonite|29\/100 brn\n|move|p2b: Dachsbun|Body Press|p1b: Hanabishi\n|-activate|p1b: Hanabishi|move: Protect\n|move|p2a: Dragonite|Iron Head|p1a: BB\n|-supereffective|p1a: BB\n|-damage|p1a: BB|0 fnt\n|faint|p1a: BB\n|-end|p1a: BB|Protosynthesis|[silent]\n|\n|-heal|p2b: Dachsbun|100\/100|[from] item: Leftovers\n|-damage|p2a: Dragonite|23\/100 brn|[from] brn\n|upkeep\n|\n|t:|1681970585\n|switch|p1a: Gardenia|Dachsbun, L50, F|100\/100\n|turn|4\n|\n|t:|1681970607\n|-terastallize|p1a: Gardenia|Steel\n|move|p1a: Gardenia|Yawn|p2b: Dachsbun\n|-start|p2b: Dachsbun|move: Yawn|[of] p1a: Gardenia\n|move|p1b: Hanabishi|Hydro Pump|p2a: Dragonite\n|-crit|p2a: Dragonite\n|-damage|p2a: Dragonite|0 fnt\n|faint|p2a: Dragonite\n|move|p2b: Dachsbun|Body Press|p1b: Hanabishi\n|-damage|p1b: Hanabishi|21\/100\n|\n|upkeep\n|\n|t:|1681970613\n|switch|p2a: Flutter Mane|Flutter Mane, L50|100\/100\n|-enditem|p2a: Flutter Mane|Booster Energy\n|-activate|p2a: Flutter Mane|ability: Protosynthesis|[fromitem]\n|-start|p2a: Flutter Mane|protosynthesisspe\n|turn|5\n|\n|t:|1681970623\n|move|p1b: Hanabishi|Protect|p1b: Hanabishi\n|-singleturn|p1b: Hanabishi|Protect\n|move|p2a: Flutter Mane|Shadow Ball|p1a: Gardenia\n|-damage|p1a: Gardenia|58\/100\n|move|p1a: Gardenia|Yawn|p2a: Flutter Mane\n|-start|p2a: Flutter Mane|move: Yawn|[of] p1a: Gardenia\n|move|p2b: Dachsbun|Body Press|p1b: Hanabishi\n|-activate|p1b: Hanabishi|move: Protect\n|\n|-heal|p1a: Gardenia|65\/100|[from] item: Leftovers\n|-end|p2b: Dachsbun|move: Yawn|[silent]\n|-status|p2b: Dachsbun|slp\n|upkeep\n|turn|6\n|\n|t:|1681970648\n|move|p2a: Flutter Mane|Shadow Ball|p1b: Hanabishi\n|-damage|p1b: Hanabishi|0 fnt\n|faint|p1b: Hanabishi\n|move|p1a: Gardenia|Substitute|p1a: Gardenia\n|-start|p1a: Gardenia|Substitute\n|-damage|p1a: Gardenia|40\/100\n|cant|p2b: Dachsbun|slp\n|\n|-heal|p1a: Gardenia|46\/100|[from] item: Leftovers\n|-end|p2a: Flutter Mane|move: Yawn|[silent]\n|-status|p2a: Flutter Mane|slp\n|upkeep\n|turn|7\n|\n|t:|1681970669\n|cant|p2a: Flutter Mane|slp\n|move|p1a: Gardenia|Body Press|p2b: Dachsbun\n|-resisted|p2b: Dachsbun\n|-damage|p2b: Dachsbun|96\/100 slp\n|-curestatus|p2b: Dachsbun|slp|[msg]\n|move|p2b: Dachsbun|Body Press|p1a: Gardenia\n|-supereffective|p1a: Gardenia\n|-end|p1a: Gardenia|Substitute\n|\n|-heal|p1a: Gardenia|52\/100|[from] item: Leftovers\n|-heal|p2b: Dachsbun|100\/100|[from] item: Leftovers\n|upkeep\n|turn|8\n|inactive|GB Seraphix has 30 seconds left.\n|-message|GB Seraphix forfeited.\n|\n|win|Pikareem\n|raw|GB Seraphix's rating: 1231 → 1199<\/strong> (-32 for losing)\n|raw|Pikareem's rating: 1129 → 1161<\/strong> (+32 for winning)\n|c|\u2606Pikareem|That\u2019s what you get\n|c|\u2606GB Seraphix|then\n|c|\u2606Pikareem|?\n","uploadtime":1681970701,"views":11,"p1id":"gbseraphix","p2id":"pikareem","formatid":"gen9vgc2023regulationc","rating":1161,"private":0,"password":""}