{"id":"gen9vgc2023regulationc-1848852577","p1":"Kiriziaro","p2":"VGC-Ramen","format":"[Gen 9] VGC 2023 Regulation C","log":"|j|\u2606Kiriziaro\n|j|\u2606VGC-Ramen\n|t:|1682117638\n|gametype|doubles\n|player|p1|Kiriziaro|lance|1044\n|player|p2|VGC-Ramen|gambler|1088\n|teamsize|p1|6\n|teamsize|p2|6\n|gen|9\n|tier|[Gen 9] VGC 2023 Regulation C\n|rated|\n|rule|Species Clause: Limit one of each Pok\u00e9mon\n|rule|Item Clause: Limit one of each item\n|clearpoke\n|poke|p1|Dondozo, L50, F|\n|poke|p1|Tatsugiri-Stretchy, L50, F|\n|poke|p1|Chi-Yu, L50|\n|poke|p1|Flutter Mane, L50|\n|poke|p1|Dragonite, L50, F|\n|poke|p1|Glimmora, L50, F|\n|poke|p2|Scizor, L50, M|\n|poke|p2|Maushold-Four, L50|\n|poke|p2|Annihilape, L50, F|\n|poke|p2|Garchomp, L50, M|\n|poke|p2|Meowscarada, L50, M|\n|poke|p2|Sylveon, L50, F|\n|teampreview|4\n|inactive|Battle timer is ON: inactive players will automatically lose when time's up. (requested by VGC-Ramen)\n|\n|t:|1682117661\n|start\n|switch|p1a: Glimmora|Glimmora, L50, F|100\/100\n|switch|p1b: Tatsugiri|Tatsugiri-Stretchy, L50, F|100\/100\n|switch|p2a: Meowscarada|Meowscarada, L50, M, shiny|100\/100\n|switch|p2b: Maushold|Maushold-Four, L50, shiny|100\/100\n|turn|1\n|inactive|VGC-Ramen has 30 seconds left.\n|\n|t:|1682117690\n|-terastallize|p2a: Meowscarada|Grass\n|move|p2a: Meowscarada|Brick Break|p1a: Glimmora\n|-damage|p1a: Glimmora|72\/100\n|-activate|p1a: Glimmora|ability: Toxic Debris\n|-sidestart|p2: VGC-Ramen|move: Toxic Spikes\n|move|p2b: Maushold|Play Rough|p1a: Glimmora\n|-resisted|p1a: Glimmora\n|-damage|p1a: Glimmora|60\/100\n|-activate|p1a: Glimmora|ability: Toxic Debris\n|-sidestart|p2: VGC-Ramen|move: Toxic Spikes\n|move|p1a: Glimmora|Earth Power|p2b: Maushold\n|-damage|p2b: Maushold|52\/100\n|move|p1b: Tatsugiri|Muddy Water|p2a: Meowscarada|[spread] p2a,p2b\n|-resisted|p2a: Meowscarada\n|-damage|p2a: Meowscarada|61\/100\n|-damage|p2b: Maushold|0 fnt\n|-unboost|p2a: Meowscarada|accuracy|1\n|faint|p2b: Maushold\n|\n|upkeep\n|\n|t:|1682117710\n|switch|p2b: Annihilape|Annihilape, L50, F|100\/100\n|-status|p2b: Annihilape|tox\n|turn|2\n|\n|t:|1682117723\n|move|p1a: Glimmora|Spiky Shield|p1a: Glimmora\n|-singleturn|p1a: Glimmora|move: Protect\n|move|p2a: Meowscarada|Flower Trick|p1b: Tatsugiri\n|-crit|p1b: Tatsugiri\n|-damage|p1b: Tatsugiri|0 fnt\n|faint|p1b: Tatsugiri\n|move|p2b: Annihilape|Rage Fist|p1a: Glimmora\n|-activate|p1a: Glimmora|move: Protect\n|-damage|p2b: Annihilape|88\/100 tox|[from] Spiky Shield|[of] p1a: Glimmora\n|\n|-damage|p2b: Annihilape|82\/100 tox|[from] psn\n|upkeep\n|\n|t:|1682117734\n|switch|p1b: Dondozo|Dondozo, L50, F|100\/100\n|turn|3\n|\n|t:|1682117750\n|move|p1b: Dondozo|Protect|p1b: Dondozo\n|-singleturn|p1b: Dondozo|Protect\n|move|p2a: Meowscarada|Flower Trick|p1b: Dondozo\n|-activate|p1b: Dondozo|move: Protect\n|move|p2b: Annihilape|Rage Fist|p1a: Glimmora\n|-damage|p1a: Glimmora|19\/100\n|-damage|p2b: Annihilape|72\/100 tox|[from] item: Life Orb\n|move|p1a: Glimmora|Toxic|p2a: Meowscarada\n|-status|p2a: Meowscarada|tox\n|\n|-damage|p2a: Meowscarada|55\/100 tox|[from] psn\n|-damage|p2b: Annihilape|60\/100 tox|[from] psn\n|upkeep\n|turn|4\n|inactive|VGC-Ramen has 30 seconds left.\n|\n|t:|1682117775\n|-terastallize|p1b: Dondozo|Grass\n|move|p1a: Glimmora|Spiky Shield|p1a: Glimmora\n|-singleturn|p1a: Glimmora|move: Protect\n|move|p2a: Meowscarada|Flower Trick|p1b: Dondozo\n|-resisted|p1b: Dondozo\n|-crit|p1b: Dondozo\n|-damage|p1b: Dondozo|75\/100\n|move|p2b: Annihilape|Rage Fist|p1a: Glimmora\n|-activate|p1a: Glimmora|move: Protect\n|-damage|p2b: Annihilape|48\/100 tox|[from] Spiky Shield|[of] p1a: Glimmora\n|move|p1b: Dondozo|Wave Crash|p2b: Annihilape\n|-damage|p2b: Annihilape|1\/100 tox\n|-damage|p1b: Dondozo|64\/100|[from] Recoil\n|\n|-damage|p2a: Meowscarada|44\/100 tox|[from] psn\n|-damage|p2b: Annihilape|0 fnt|[from] psn\n|faint|p2b: Annihilape\n|upkeep\n|\n|t:|1682117796\n|switch|p2b: Sylveon|Sylveon, L50, F, shiny|100\/100\n|-status|p2b: Sylveon|tox\n|turn|5\n|inactive|VGC-Ramen has 30 seconds left.\n|inactive|VGC-Ramen has 20 seconds left.\n|\n|t:|1682117834\n|move|p2a: Meowscarada|Play Rough|p1b: Dondozo\n|-damage|p1b: Dondozo|47\/100\n|-enditem|p1b: Dondozo|Sitrus Berry|[eat]\n|-heal|p1b: Dondozo|72\/100|[from] item: Sitrus Berry\n|move|p1a: Glimmora|Power Gem|p2b: Sylveon\n|-damage|p2b: Sylveon|71\/100 tox\n|move|p2b: Sylveon|Calm Mind|p2b: Sylveon\n|-boost|p2b: Sylveon|spa|1\n|-boost|p2b: Sylveon|spd|1\n|move|p1b: Dondozo|Bulldoze|p2b: Sylveon|[spread] p1a,p2a,p2b\n|-supereffective|p1a: Glimmora\n|-resisted|p2a: Meowscarada\n|-damage|p1a: Glimmora|0 fnt\n|-damage|p2a: Meowscarada|36\/100 tox\n|-damage|p2b: Sylveon|57\/100 tox\n|-unboost|p2a: Meowscarada|spe|1\n|-unboost|p2b: Sylveon|spe|1\n|faint|p1a: Glimmora\n|\n|-damage|p2a: Meowscarada|18\/100 tox|[from] psn\n|-damage|p2b: Sylveon|51\/100 tox|[from] psn\n|upkeep\n|\n|t:|1682117849\n|switch|p1a: Flutter Mane|Flutter Mane, L50|100\/100\n|-enditem|p1a: Flutter Mane|Booster Energy\n|-activate|p1a: Flutter Mane|ability: Protosynthesis|[fromitem]\n|-start|p1a: Flutter Mane|protosynthesisspe\n|turn|6\n|\n|t:|1682117861\n|move|p1a: Flutter Mane|Protect|p1a: Flutter Mane\n|-singleturn|p1a: Flutter Mane|Protect\n|move|p2a: Meowscarada|Flower Trick|p1a: Flutter Mane\n|-activate|p1a: Flutter Mane|move: Protect\n|move|p1b: Dondozo|Bulldoze|p2a: Meowscarada|[spread] p2a,p2b\n|-activate|p1a: Flutter Mane|move: Protect\n|-resisted|p2a: Meowscarada\n|-damage|p2a: Meowscarada|10\/100 tox\n|-damage|p2b: Sylveon|40\/100 tox\n|-unboost|p2a: Meowscarada|spe|1\n|-unboost|p2b: Sylveon|spe|1\n|move|p2b: Sylveon|Hyper Voice|p1b: Dondozo|[spread] p1b\n|-activate|p1a: Flutter Mane|move: Protect\n|-damage|p1b: Dondozo|44\/100\n|-enditem|p2b: Sylveon|Throat Spray\n|-boost|p2b: Sylveon|spa|1|[from] item: Throat Spray\n|\n|-damage|p2a: Meowscarada|0 fnt|[from] psn\n|faint|p2a: Meowscarada\n|-damage|p2b: Sylveon|28\/100 tox|[from] psn\n|upkeep\n|turn|7\n|\n|t:|1682117883\n|move|p1a: Flutter Mane|Hex|p2b: Sylveon\n|-damage|p2b: Sylveon|0 fnt\n|faint|p2b: Sylveon\n|\n|win|Kiriziaro\n|raw|Kiriziaro's rating: 1044 → 1082<\/strong> (+38 for winning)\n|raw|VGC-Ramen's rating: 1088 → 1062<\/strong> (-26 for losing)\n","uploadtime":1682117889,"views":6,"p1id":"kiriziaro","p2id":"vgcramen","formatid":"gen9vgc2023regulationc","rating":1062,"private":0,"password":""}