{"id":"gen9vgc2023regulationc-1859191001","p1":"BrianJortVGC","p2":"Atrix MJ","format":"[Gen 9] VGC 2023 Regulation C","log":"|j|\u2606BrianJortVGC\n|j|\u2606Atrix MJ\n|t:|1683415816\n|gametype|doubles\n|player|p1|BrianJortVGC|fennel|1398\n|player|p2|Atrix MJ|adaman|1330\n|teamsize|p1|6\n|teamsize|p2|6\n|gen|9\n|tier|[Gen 9] VGC 2023 Regulation C\n|rated|\n|rule|Species Clause: Limit one of each Pok\u00e9mon\n|rule|Item Clause: Limit one of each item\n|clearpoke\n|poke|p1|Abomasnow, L50, F|\n|poke|p1|Iron Bundle, L50|\n|poke|p1|Bellibolt, L50, F|\n|poke|p1|Gyarados, L50, M|\n|poke|p1|Great Tusk, L50|\n|poke|p1|Kingambit, L50, M|\n|poke|p2|Chi-Yu, L50|\n|poke|p2|Amoonguss, L50, M|\n|poke|p2|Gyarados, L50, F|\n|poke|p2|Flutter Mane, L50|\n|poke|p2|Gothitelle, L50, F|\n|poke|p2|Roaring Moon, L50|\n|teampreview|4\nBrianJortVGC has agreed to open team sheets.\n|inactive|Battle timer is ON: inactive players will automatically lose when time's up. (requested by Atrix MJ)\n|inactive|BrianJortVGC has 60 seconds left.\n|\n|t:|1683415860\n|start\n|switch|p1a: Gyarados|Gyarados, L50, M|100\/100\n|switch|p1b: Iron Bundle|Iron Bundle, L50|100\/100\n|switch|p2a: Chi-Yu|Chi-Yu, L50|100\/100\n|switch|p2b: Gothitelle|Gothitelle, L50, F|100\/100\n|-ability|p2a: Chi-Yu|Beads of Ruin\n|-ability|p1a: Gyarados|Intimidate|boost\n|-unboost|p2a: Chi-Yu|atk|1\n|-unboost|p2b: Gothitelle|atk|1\n|-enditem|p1b: Iron Bundle|Booster Energy\n|-activate|p1b: Iron Bundle|ability: Quark Drive|[fromitem]\n|-start|p1b: Iron Bundle|quarkdrivespe\n|turn|1\n|\n|t:|1683415876\n|-terastallize|p2a: Chi-Yu|Water\n|move|p1b: Iron Bundle|Protect|p1b: Iron Bundle\n|-singleturn|p1b: Iron Bundle|Protect\n|move|p2a: Chi-Yu|Nasty Plot|p2a: Chi-Yu\n|-boost|p2a: Chi-Yu|spa|2\n|move|p1a: Gyarados|Taunt|p2b: Gothitelle\n|-start|p2b: Gothitelle|move: Taunt\n|cant|p2b: Gothitelle|move: Taunt|Trick Room\n|\n|upkeep\n|turn|2\n|\n|t:|1683415895\n|move|p1b: Iron Bundle|Blizzard|p2a: Chi-Yu|[spread] p2a,p2b\n|-resisted|p2a: Chi-Yu\n|-damage|p2a: Chi-Yu|80\/100\n|-damage|p2b: Gothitelle|62\/100\n|move|p2a: Chi-Yu|Heat Wave|p1b: Iron Bundle|[spread] p1a,p1b\n|-resisted|p1a: Gyarados\n|-damage|p1a: Gyarados|59\/100\n|-damage|p1b: Iron Bundle|0 fnt\n|faint|p1b: Iron Bundle\n|-end|p1b: Iron Bundle|Quark Drive|[silent]\n|move|p1a: Gyarados|Thunder Wave|p2a: Chi-Yu\n|-status|p2a: Chi-Yu|par\n|move|p2b: Gothitelle|Psychic|p1a: Gyarados\n|-damage|p1a: Gyarados|25\/100\n|\n|-heal|p2a: Chi-Yu|86\/100 par|[from] item: Leftovers\n|upkeep\n|\n|t:|1683415902\n|switch|p1b: Bellibolt|Bellibolt, L50, F|100\/100\n|turn|3\n|\n|t:|1683415926\n|switch|p2b: Amoonguss|Amoonguss, L50, M|100\/100\n|-terastallize|p1a: Gyarados|Ground\n|cant|p2a: Chi-Yu|par\n|move|p1a: Gyarados|Waterfall|p2b: Amoonguss\n|-resisted|p2b: Amoonguss\n|-damage|p2b: Amoonguss|82\/100\n|move|p1b: Bellibolt|Parabolic Charge|p2b: Amoonguss|[spread] p2a,p2b\n|-immune|p1a: Gyarados\n|-supereffective|p2a: Chi-Yu\n|-resisted|p2b: Amoonguss\n|-damage|p2a: Chi-Yu|46\/100 par\n|-damage|p2b: Amoonguss|71\/100\n|\n|-heal|p2a: Chi-Yu|52\/100 par|[from] item: Leftovers\n|upkeep\n|turn|4\n|\n|t:|1683415947\n|move|p2b: Amoonguss|Rage Powder|p2b: Amoonguss\n|-singleturn|p2b: Amoonguss|move: Rage Powder\n|move|p1a: Gyarados|Taunt|p2b: Amoonguss\n|-start|p2b: Amoonguss|move: Taunt\n|move|p1b: Bellibolt|Parabolic Charge|p2a: Chi-Yu|[spread] p2a,p2b\n|-immune|p1a: Gyarados\n|-supereffective|p2a: Chi-Yu\n|-resisted|p2b: Amoonguss\n|-damage|p2a: Chi-Yu|13\/100 par\n|-damage|p2b: Amoonguss|60\/100\n|move|p2a: Chi-Yu|Dark Pulse|p1b: Bellibolt\n|-damage|p1b: Bellibolt|38\/100\n|-start|p1b: Bellibolt|Charge|Dark Pulse|[from] ability: Electromorphosis\n|\n|-heal|p2a: Chi-Yu|20\/100 par|[from] item: Leftovers\n|upkeep\n|turn|5\n|\n|t:|1683415963\n|switch|p2b: Gothitelle|Gothitelle, L50, F|62\/100\n|cant|p2a: Chi-Yu|par\n|move|p1a: Gyarados|Thunder Wave|p2b: Gothitelle\n|-status|p2b: Gothitelle|par\n|move|p1b: Bellibolt|Parabolic Charge|p2b: Gothitelle|[spread] p2a,p2b\n|-immune|p1a: Gyarados\n|-supereffective|p2a: Chi-Yu\n|-damage|p2a: Chi-Yu|0 fnt\n|-heal|p1b: Bellibolt|45\/100|[from] drain|[of] p2a: Chi-Yu\n|-damage|p2b: Gothitelle|17\/100 par\n|-heal|p1b: Bellibolt|64\/100|[from] drain|[of] p2b: Gothitelle\n|faint|p2a: Chi-Yu\n|-end|p1b: Bellibolt|Charge|[silent]\n|\n|upkeep\n|\n|t:|1683415969\n|switch|p2a: Flutter Mane|Flutter Mane, L50|100\/100\n|turn|6\n|\n|t:|1683415978\n|move|p2b: Gothitelle|Fake Out|p1b: Bellibolt\n|-damage|p1b: Bellibolt|59\/100\n|-start|p1b: Bellibolt|Charge|Fake Out|[from] ability: Electromorphosis\n|move|p2a: Flutter Mane|Dazzling Gleam|p1a: Gyarados|[spread] p1a,p1b\n|-damage|p1a: Gyarados|0 fnt\n|-damage|p1b: Bellibolt|39\/100\n|-start|p1b: Bellibolt|Charge|Dazzling Gleam|[from] ability: Electromorphosis\n|faint|p1a: Gyarados\n|cant|p1b: Bellibolt|flinch\n|-end|p1b: Bellibolt|Charge|[silent]\n|\n|upkeep\n|\n|t:|1683415980\n|switch|p1a: Abomasnow|Abomasnow, L50, F|100\/100\n|-weather|Snow|[from] ability: Snow Warning|[of] p1a: Abomasnow\n|turn|7\n|\n|t:|1683415986\n|move|p2b: Gothitelle|Protect|p2b: Gothitelle\n|-singleturn|p2b: Gothitelle|Protect\n|move|p2a: Flutter Mane|Perish Song|p2a: Flutter Mane\n|-start|p1a: Abomasnow|perish3|[silent]\n|-start|p1b: Bellibolt|perish3|[silent]\n|-start|p2a: Flutter Mane|perish3|[silent]\n|-start|p2b: Gothitelle|perish3|[silent]\n|-fieldactivate|move: Perish Song\n|move|p1a: Abomasnow|Blizzard|p2b: Gothitelle|[spread] p2a\n|-activate|p2b: Gothitelle|move: Protect\n|-damage|p2a: Flutter Mane|64\/100\n|-damage|p1a: Abomasnow|90\/100|[from] item: Life Orb\n|move|p1b: Bellibolt|Thunderbolt|p2a: Flutter Mane\n|-damage|p2a: Flutter Mane|24\/100\n|\n|-weather|Snow|[upkeep]\n|-start|p2a: Flutter Mane|perish3\n|-start|p1a: Abomasnow|perish3\n|-start|p1b: Bellibolt|perish3\n|-start|p2b: Gothitelle|perish3\n|upkeep\n|turn|8\n|\n|t:|1683416002\n|switch|p2b: Amoonguss|Amoonguss, L50, M|93\/100\n|move|p2a: Flutter Mane|Protect|p2a: Flutter Mane\n|-singleturn|p2a: Flutter Mane|Protect\n|move|p1a: Abomasnow|Blizzard|p2a: Flutter Mane|[spread] p2b\n|-activate|p2a: Flutter Mane|move: Protect\n|-supereffective|p2b: Amoonguss\n|-damage|p2b: Amoonguss|35\/100\n|-status|p2b: Amoonguss|frz\n|-enditem|p2b: Amoonguss|Sitrus Berry|[eat]\n|-heal|p2b: Amoonguss|60\/100 frz|[from] item: Sitrus Berry\n|-damage|p1a: Abomasnow|80\/100|[from] item: Life Orb\n|move|p1b: Bellibolt|Thunderbolt|p2a: Flutter Mane\n|-activate|p2a: Flutter Mane|move: Protect\n|\n|-weather|Snow|[upkeep]\n|-start|p2a: Flutter Mane|perish2\n|-start|p1a: Abomasnow|perish2\n|-start|p1b: Bellibolt|perish2\n|upkeep\n|turn|9\n|\n|t:|1683416010\n|-end|p2a: Flutter Mane|Protosynthesis|[silent]\n|switch|p2a: Gothitelle|Gothitelle, L50, F|17\/100 par\n|cant|p2b: Amoonguss|frz\n|move|p1a: Abomasnow|Blizzard|p2a: Gothitelle|[spread] p2a,p2b\n|-supereffective|p2b: Amoonguss\n|-damage|p2a: Gothitelle|0 fnt\n|-damage|p2b: Amoonguss|0 fnt\n|faint|p2a: Gothitelle\n|faint|p2b: Amoonguss\n|-damage|p1a: Abomasnow|70\/100|[from] item: Life Orb\n|move|p1b: Bellibolt|Thunderbolt|p2: Gothitelle|[notarget]\n|-fail|p1b: Bellibolt\n|\n|-weather|Snow|[upkeep]\n|-start|p1a: Abomasnow|perish1\n|-start|p1b: Bellibolt|perish1\n|upkeep\n|\n|t:|1683416012\n|switch|p2b: Flutter Mane|Flutter Mane, L50|24\/100\n|turn|10\n|\n|t:|1683416020\n|move|p2b: Flutter Mane|Protect|p2b: Flutter Mane\n|-singleturn|p2b: Flutter Mane|Protect\n|move|p1a: Abomasnow|Blizzard|p2b: Flutter Mane\n|-activate|p2b: Flutter Mane|move: Protect\n|move|p1b: Bellibolt|Thunderbolt|p2b: Flutter Mane\n|-activate|p2b: Flutter Mane|move: Protect\n|\n|-weather|Snow|[upkeep]\n|-start|p1a: Abomasnow|perish0\n|-start|p1b: Bellibolt|perish0\n|faint|p1a: Abomasnow\n|faint|p1b: Bellibolt\n|\n|win|Atrix MJ\n|upkeep\n|raw|BrianJortVGC's rating: 1398 → 1374<\/strong> (-24 for losing)\n|raw|Atrix MJ's rating: 1330 → 1354<\/strong> (+24 for winning)\n","uploadtime":1683416025,"views":20,"p1id":"brianjortvgc","p2id":"atrixmj","formatid":"gen9vgc2023regulationc","rating":1354,"private":0,"password":""}