{"id":"gen9vgc2023regulationc-1863996690","p1":"pguzmav","p2":"The_AG_Is_Real","format":"[Gen 9] VGC 2023 Regulation C","log":"|j|\u2606pguzmav\n|j|\u2606The_AG_Is_Real\n|t:|1684102959\n|gametype|doubles\n|player|p1|pguzmav|beauty-gen4dp|1283\n|player|p2|The_AG_Is_Real|candice|1292\n|teamsize|p1|6\n|teamsize|p2|6\n|gen|9\n|tier|[Gen 9] VGC 2023 Regulation C\n|rated|\n|rule|Species Clause: Limit one of each Pok\u00e9mon\n|rule|Item Clause: Limit one of each item\n|clearpoke\n|poke|p1|Scizor, L50, M|\n|poke|p1|Indeedee-F, L50, F|\n|poke|p1|Eelektross, L50, F|\n|poke|p1|Chi-Yu, L50|\n|poke|p1|Great Tusk, L50|\n|poke|p1|Azumarill, L50, F|\n|poke|p2|Staraptor, L50, M|\n|poke|p2|Iron Bundle, L50|\n|poke|p2|Arcanine, L50, F|\n|poke|p2|Ceruledge, L50, F|\n|poke|p2|Noivern, L50, F|\n|poke|p2|Gastrodon, L50, F|\n|teampreview|4\n|inactive|Battle timer is ON: inactive players will automatically lose when time's up. (requested by The_AG_Is_Real)\n|inactive|The_AG_Is_Real has 60 seconds left.\n|c|\u2606The_AG_Is_Real|glhf!\npguzmav has agreed to open team sheets.\n|inactive|The_AG_Is_Real has 30 seconds left.\n|\n|t:|1684103020\n|start\n|switch|p1a: Scizor|Scizor, L50, M|100\/100\n|switch|p1b: Great Tusk|Great Tusk, L50|100\/100\n|switch|p2a: Iron Bundle|Iron Bundle, L50|100\/100\n|switch|p2b: Staraptor|Staraptor, L50, M|100\/100\n|-enditem|p2a: Iron Bundle|Booster Energy\n|-activate|p2a: Iron Bundle|ability: Quark Drive|[fromitem]\n|-start|p2a: Iron Bundle|quarkdrivespe\n|turn|1\n|inactive|pguzmav has 30 seconds left.\n|\n|t:|1684103047\n|move|p1b: Great Tusk|Protect|p1b: Great Tusk\n|-singleturn|p1b: Great Tusk|Protect\n|move|p2a: Iron Bundle|Icy Wind|p1b: Great Tusk|[spread] p1a\n|-activate|p1b: Great Tusk|move: Protect\n|-resisted|p1a: Scizor\n|-damage|p1a: Scizor|87\/100\n|move|p2b: Staraptor|Brave Bird|p1b: Great Tusk\n|-activate|p1b: Great Tusk|move: Protect\n|move|p1a: Scizor|Close Combat|p2a: Iron Bundle\n|-supereffective|p2a: Iron Bundle\n|-damage|p2a: Iron Bundle|0 fnt\n|-unboost|p1a: Scizor|def|1\n|-unboost|p1a: Scizor|spd|1\n|faint|p2a: Iron Bundle\n|-end|p2a: Iron Bundle|Quark Drive|[silent]\n|\n|upkeep\n|\n|t:|1684103069\n|switch|p2a: Arcanine|Arcanine, L50, F|100\/100\n|-ability|p2a: Arcanine|Intimidate|boost\n|-fail|p1a: Scizor|unboost|[from] item: Clear Amulet|[of] p1a: Scizor\n|-unboost|p1b: Great Tusk|atk|1\n|turn|2\n|\n|t:|1684103085\n|-end|p1b: Great Tusk|Protosynthesis|[silent]\n|switch|p1b: Azumarill|Azumarill, L50, F|100\/100\n|-terastallize|p1a: Scizor|Water\n|move|p2b: Staraptor|Brave Bird|p1b: Azumarill\n|-damage|p1b: Azumarill|0 fnt\n|faint|p1b: Azumarill\n|-damage|p2b: Staraptor|58\/100|[from] Recoil\n|move|p2a: Arcanine|Will-O-Wisp|p1a: Scizor\n|-status|p1a: Scizor|brn\n|move|p1a: Scizor|U-turn|p2a: Arcanine\n|-resisted|p2a: Arcanine\n|-damage|p2a: Arcanine|89\/100\n|\n|t:|1684103098\n|switch|p1a: Great Tusk|Great Tusk, L50|100\/100|[from] U-turn\n|\n|upkeep\n|\n|t:|1684103101\n|switch|p1b: Chi-Yu|Chi-Yu, L50|100\/100\n|-ability|p1b: Chi-Yu|Beads of Ruin\n|turn|3\n|\n|t:|1684103126\n|move|p1b: Chi-Yu|Dark Pulse|p2b: Staraptor\n|-damage|p2b: Staraptor|0 fnt\n|faint|p2b: Staraptor\n|move|p1a: Great Tusk|Headlong Rush|p2a: Arcanine\n|-supereffective|p2a: Arcanine\n|-damage|p2a: Arcanine|0 fnt\n|-unboost|p1a: Great Tusk|def|1\n|-unboost|p1a: Great Tusk|spd|1\n|faint|p2a: Arcanine\n|\n|upkeep\n|\n|t:|1684103130\n|switch|p2b: Ceruledge|Ceruledge, L50, F|100\/100\n|turn|4\n|\n|t:|1684103147\n|-terastallize|p2b: Ceruledge|Grass\n|move|p1b: Chi-Yu|Dark Pulse|p2b: Ceruledge\n|-damage|p2b: Ceruledge|44\/100\n|move|p1a: Great Tusk|Headlong Rush|p2b: Ceruledge\n|-resisted|p2b: Ceruledge\n|-damage|p2b: Ceruledge|8\/100\n|-unboost|p1a: Great Tusk|def|1\n|-unboost|p1a: Great Tusk|spd|1\n|move|p2b: Ceruledge|Bitter Blade|p1a: Great Tusk\n|-damage|p1a: Great Tusk|29\/100\n|-heal|p2b: Ceruledge|47\/100|[from] drain|[of] p1a: Great Tusk\n|\n|upkeep\n|turn|5\n|\n|t:|1684103162\n|move|p1b: Chi-Yu|Dark Pulse|p2b: Ceruledge\n|-damage|p2b: Ceruledge|0 fnt\n|faint|p2b: Ceruledge\n|\n|win|pguzmav\n|raw|pguzmav's rating: 1283 → 1309<\/strong> (+26 for winning)\n|raw|The_AG_Is_Real's rating: 1292 → 1266<\/strong> (-26 for losing)\n|l|\u2606The_AG_Is_Real\n","uploadtime":1684103201,"views":5,"p1id":"pguzmav","p2id":"theagisreal","formatid":"gen9vgc2023regulationc","rating":1266,"private":0,"password":""}