{"id":"gen9vgc2023regulationc-1854992354","p1":"edghhg","p2":"Thossq","format":"[Gen 9] VGC 2023 Regulation C","log":"|j|\u2606edghhg\n|j|\u2606Thossq\n|t:|1682888661\n|gametype|doubles\n|player|p1|edghhg|lucas|1051\n|player|p2|Thossq|sabrina|1045\n|teamsize|p1|6\n|teamsize|p2|6\n|gen|9\n|tier|[Gen 9] VGC 2023 Regulation C\n|rated|\n|rule|Species Clause: Limit one of each Pok\u00e9mon\n|rule|Item Clause: Limit one of each item\n|clearpoke\n|poke|p1|Arcanine, L50, F|\n|poke|p1|Breloom, L50, F|\n|poke|p1|Dragapult, L50, M|\n|poke|p1|Corviknight, L50, F|\n|poke|p1|Umbreon, L50, F|\n|poke|p1|Gallade, L50, M|\n|poke|p2|Cetitan, L50, M|\n|poke|p2|Kingambit, L50, M|\n|poke|p2|Indeedee-F, L50, F|\n|poke|p2|Abomasnow, L50, F|\n|poke|p2|Armarouge, L50, F|\n|poke|p2|Maushold, L50|\n|teampreview|4\nThossq has agreed to open team sheets.\n|\n|t:|1682888713\n|start\n|switch|p1a: Arcanine|Arcanine, L50, F|100\/100\n|switch|p1b: Breloom|Breloom, L50, F|100\/100\n|switch|p2a: Indeedee|Indeedee-F, L50, F|100\/100\n|switch|p2b: Abomasnow|Abomasnow, L50, F|100\/100\n|-ability|p1a: Arcanine|Intimidate|boost\n|-unboost|p2a: Indeedee|atk|1\n|-unboost|p2b: Abomasnow|atk|1\n|-item|p1a: Arcanine|Air Balloon\n|-fieldstart|move: Psychic Terrain|[from] ability: Psychic Surge|[of] p2a: Indeedee\n|-weather|Snow|[from] ability: Snow Warning|[of] p2b: Abomasnow\n|turn|1\n|\n|t:|1682888742\n|move|p2a: Indeedee|Follow Me|p2a: Indeedee\n|-singleturn|p2a: Indeedee|move: Follow Me\n|move|p1a: Arcanine|Flare Blitz|p2a: Indeedee\n|-damage|p2a: Indeedee|17\/100\n|-damage|p1a: Arcanine|71\/100|[from] Recoil\n|move|p1b: Breloom|Spore|p2a: Indeedee\n|-status|p2a: Indeedee|slp|[from] move: Spore\n|move|p2b: Abomasnow|Aurora Veil|p2b: Abomasnow\n|-sidestart|p2: Thossq|move: Aurora Veil\n|\n|-weather|Snow|[upkeep]\n|upkeep\n|turn|2\n|\n|t:|1682888767\n|move|p1a: Arcanine|Flare Blitz|p2b: Abomasnow\n|-supereffective|p2b: Abomasnow\n|-damage|p2b: Abomasnow|0 fnt\n|faint|p2b: Abomasnow\n|-damage|p1a: Arcanine|31\/100|[from] Recoil\n|move|p1b: Breloom|Thunder Punch|p2a: Indeedee\n|-damage|p2a: Indeedee|0 fnt\n|faint|p2a: Indeedee\n|\n|-weather|Snow|[upkeep]\n|upkeep\n|\n|t:|1682888776\n|switch|p2a: Armarouge|Armarouge, L50, F|100\/100\n|switch|p2b: Cetitan|Cetitan, L50, M|100\/100\n|turn|3\n|\n|t:|1682888792\n|-terastallize|p2a: Armarouge|Grass\n|move|p2b: Cetitan|Protect|p2b: Cetitan\n|-singleturn|p2b: Cetitan|Protect\n|move|p1a: Arcanine|Flare Blitz|p2b: Cetitan\n|-activate|p2b: Cetitan|move: Protect\n|move|p1b: Breloom|Spore|p2a: Armarouge\n|-immune|p2a: Armarouge\n|move|p2a: Armarouge|Expanding Force|p1b: Breloom|[spread] p1a,p1b\n|-supereffective|p1b: Breloom\n|-damage|p1a: Arcanine|0 fnt\n|-enditem|p1b: Breloom|Focus Sash\n|-damage|p1b: Breloom|1\/100\n|-enditem|p1a: Arcanine|Air Balloon\n|faint|p1a: Arcanine\n|-damage|p2a: Armarouge|91\/100|[from] item: Life Orb\n|\n|-weather|Snow|[upkeep]\n|upkeep\n|\n|t:|1682888817\n|switch|p1a: Umbreon|Umbreon, L50, F, shiny|100\/100\n|turn|4\n|\n|t:|1682888861\n|move|p1b: Breloom|Drain Punch|p2b: Cetitan\n|-supereffective|p2b: Cetitan\n|-damage|p2b: Cetitan|73\/100\n|-heal|p1b: Breloom|26\/100|[from] drain|[of] p2b: Cetitan\n|move|p1a: Umbreon|Substitute|p1a: Umbreon\n|-start|p1a: Umbreon|Substitute\n|-damage|p1a: Umbreon|76\/100\n|move|p2b: Cetitan|Liquidation|p1a: Umbreon\n|-end|p1a: Umbreon|Substitute\n|move|p2a: Armarouge|Armor Cannon|p1a: Umbreon\n|-damage|p1a: Umbreon|19\/100\n|-unboost|p2a: Armarouge|def|1\n|-unboost|p2a: Armarouge|spd|1\n|-damage|p2a: Armarouge|81\/100|[from] item: Life Orb\n|\n|-weather|Snow|[upkeep]\n|-heal|p1a: Umbreon|25\/100|[from] item: Leftovers\n|upkeep\n|turn|5\n|\n|t:|1682888900\n|move|p2b: Cetitan|Protect|p2b: Cetitan\n|-singleturn|p2b: Cetitan|Protect\n|move|p2a: Armarouge|Protect|p2a: Armarouge\n|-singleturn|p2a: Armarouge|Protect\n|move|p1b: Breloom|Spore|p2b: Cetitan\n|-activate|p2b: Cetitan|move: Protect\n|move|p1a: Umbreon|Dark Pulse|p2a: Armarouge\n|-activate|p2a: Armarouge|move: Protect\n|\n|-weather|Snow|[upkeep]\n|-heal|p1a: Umbreon|30\/100|[from] item: Leftovers\n|-sideend|p2: Thossq|move: Aurora Veil\n|-fieldend|move: Psychic Terrain\n|upkeep\n|turn|6\n|\n|t:|1682888926\n|move|p2b: Cetitan|Ice Shard|p1b: Breloom\n|-supereffective|p1b: Breloom\n|-damage|p1b: Breloom|0 fnt\n|faint|p1b: Breloom\n|move|p1a: Umbreon|Dark Pulse|p2a: Armarouge\n|-damage|p2a: Armarouge|31\/100\n|move|p2a: Armarouge|Armor Cannon|p1a: Umbreon\n|-damage|p1a: Umbreon|0 fnt\n|-unboost|p2a: Armarouge|def|1\n|-unboost|p2a: Armarouge|spd|1\n|faint|p1a: Umbreon\n|-damage|p2a: Armarouge|21\/100|[from] item: Life Orb\n|\n|-weather|Snow|[upkeep]\n|upkeep\n|\n|t:|1682888943\n|switch|p1b: Dragapult|Dragapult, L50, M|100\/100\n|turn|7\n|\n|t:|1682888968\n|-terastallize|p1b: Dragapult|Dark\n|move|p2b: Cetitan|Ice Shard|p1b: Dragapult\n|-damage|p1b: Dragapult|77\/100\n|move|p1b: Dragapult|Phantom Force||[still]\n|-prepare|p1b: Dragapult|Phantom Force\n|move|p2a: Armarouge|Armor Cannon|p1b: Dragapult|[miss]\n|-miss|p2a: Armarouge|p1b: Dragapult\n|\n|-weather|Snow|[upkeep]\n|upkeep\n|turn|8\n|\n|t:|1682888979\n|move|p2b: Cetitan|Protect|p2b: Cetitan\n|-singleturn|p2b: Cetitan|Protect\n|move|p2a: Armarouge|Protect|p2a: Armarouge\n|-singleturn|p2a: Armarouge|Protect\n|move|p1b: Dragapult|Phantom Force|p2a: Armarouge|[from]lockedmove\n|-activate|p2a: Armarouge|move: Phantom Force|[broken]\n|-damage|p2a: Armarouge|0 fnt\n|faint|p2a: Armarouge\n|\n|-weather|none\n|upkeep\n|turn|9\n|\n|t:|1682889006\n|move|p2b: Cetitan|Ice Shard|p1b: Dragapult\n|-damage|p1b: Dragapult|52\/100\n|move|p1b: Dragapult|Phantom Force||[still]\n|-prepare|p1b: Dragapult|Phantom Force\n|\n|upkeep\n|turn|10\n|\n|t:|1682889012\n|move|p1b: Dragapult|Phantom Force|p2b: Cetitan|[from]lockedmove\n|-damage|p2b: Cetitan|36\/100\n|-enditem|p2b: Cetitan|Sitrus Berry|[eat]\n|-heal|p2b: Cetitan|61\/100|[from] item: Sitrus Berry\n|move|p2b: Cetitan|Liquidation|p1b: Dragapult\n|-damage|p1b: Dragapult|19\/100\n|-enditem|p1b: Dragapult|Iapapa Berry|[eat]\n|-heal|p1b: Dragapult|53\/100|[from] item: Iapapa Berry\n|\n|upkeep\n|turn|11\n|\n|t:|1682889038\n|move|p2b: Cetitan|Ice Shard|p1b: Dragapult\n|-damage|p1b: Dragapult|28\/100\n|move|p1b: Dragapult|Phantom Force||[still]\n|-prepare|p1b: Dragapult|Phantom Force\n|\n|upkeep\n|turn|12\n|\n|t:|1682889044\n|move|p1b: Dragapult|Phantom Force|p2b: Cetitan|[from]lockedmove\n|-damage|p2b: Cetitan|24\/100\n|move|p2b: Cetitan|Liquidation|p1b: Dragapult\n|-damage|p1b: Dragapult|0 fnt\n|faint|p1b: Dragapult\n|\n|win|Thossq\n|raw|edghhg's rating: 1051 → 1033<\/strong> (-18 for losing)\n|raw|Thossq's rating: 1045 → 1079<\/strong> (+34 for winning)\n|l|\u2606edghhg\n","uploadtime":1682889056,"views":6,"p1id":"edghhg","p2id":"thossq","formatid":"gen9vgc2023regulationc","rating":1033,"private":0,"password":""}