{"id":"gen9vgc2023regulationc-1861250586","p1":"Roundlew","p2":"RamonTheKiller","format":"[Gen 9] VGC 2023 Regulation C","log":"|j|\u2606Roundlew\n|j|\u2606RamonTheKiller\n|t:|1683739543\n|gametype|doubles\n|player|p1|Roundlew|266|1170\n|player|p2|RamonTheKiller|palmer|1131\n|teamsize|p1|6\n|teamsize|p2|6\n|gen|9\n|tier|[Gen 9] VGC 2023 Regulation C\n|rated|\n|rule|Species Clause: Limit one of each Pok\u00e9mon\n|rule|Item Clause: Limit one of each item\n|clearpoke\n|poke|p1|Ting-Lu, L50|\n|poke|p1|Orthworm, L50, F|\n|poke|p1|Gyarados, L50, M|\n|poke|p1|Dragonite, L50, M|\n|poke|p1|Chien-Pao, L50|\n|poke|p1|Flutter Mane, L50|\n|poke|p2|Ting-Lu, L50|\n|poke|p2|Orthworm, L50, F|\n|poke|p2|Flutter Mane, L50|\n|poke|p2|Gyarados, L50, M|\n|poke|p2|Iron Hands, L50|\n|poke|p2|Amoonguss, L50, F|\n|teampreview|4\nRoundlew has agreed to open team sheets.\n|c|\u2606Roundlew|Worm gang\n|\n|t:|1683739575\n|start\n|switch|p1a: Gyarados|Gyarados, L50, M|100\/100\n|switch|p1b: Orthworm|Orthworm, L50, F|100\/100\n|switch|p2a: Iron Hands|Iron Hands, L50, shiny|100\/100\n|switch|p2b: Amoonguss|Amoonguss, L50, F|100\/100\n|-ability|p1a: Gyarados|Intimidate|boost\n|-unboost|p2a: Iron Hands|atk|1\n|-unboost|p2b: Amoonguss|atk|1\n|turn|1\n|\n|t:|1683739591\n|-terastallize|p1a: Gyarados|Steel\n|move|p2a: Iron Hands|Fake Out|p1a: Gyarados\n|-resisted|p1a: Gyarados\n|-damage|p1a: Gyarados|96\/100\n|cant|p1a: Gyarados|flinch\n|move|p1b: Orthworm|Iron Defense|p1b: Orthworm\n|-boost|p1b: Orthworm|def|2\n|move|p2b: Amoonguss|Spore|p1b: Orthworm\n|-status|p1b: Orthworm|slp|[from] move: Spore\n|\n|upkeep\n|turn|2\n|\n|t:|1683739612\n|-end|p2a: Iron Hands|Quark Drive|[silent]\n|switch|p2a: Gyarados|Gyarados, L50, M, shiny|100\/100\n|-ability|p2a: Gyarados|Intimidate|boost\n|-unboost|p1a: Gyarados|atk|1\n|-unboost|p1b: Orthworm|atk|1\n|move|p2b: Amoonguss|Rage Powder|p2b: Amoonguss\n|-singleturn|p2b: Amoonguss|move: Rage Powder\n|move|p1a: Gyarados|Bulldoze|p2b: Amoonguss|[spread] p2b\n|-immune|p1b: Orthworm|[from] ability: Earth Eater\n|-immune|p2a: Gyarados\n|-damage|p2b: Amoonguss|93\/100\n|-unboost|p2b: Amoonguss|spe|1\n|cant|p1b: Orthworm|slp\n|\n|upkeep\n|turn|3\n|\n|t:|1683739634\n|switch|p2b: Iron Hands|Iron Hands, L50, shiny|100\/100\n|move|p2a: Gyarados|Thunder Wave|p1a: Gyarados\n|-status|p1a: Gyarados|par\n|cant|p1b: Orthworm|slp\n|cant|p1a: Gyarados|par\n|\n|upkeep\n|turn|4\n|\n|t:|1683739648\n|move|p2a: Gyarados|Waterfall|p1b: Orthworm\n|-damage|p1b: Orthworm|84\/100 slp\n|-curestatus|p1b: Orthworm|slp|[msg]\n|move|p1b: Orthworm|Iron Defense|p1b: Orthworm\n|-boost|p1b: Orthworm|def|2\n|move|p2b: Iron Hands|Swords Dance|p2b: Iron Hands\n|-boost|p2b: Iron Hands|atk|2\n|move|p1a: Gyarados|Thunder Wave|p2a: Gyarados\n|-status|p2a: Gyarados|par\n|\n|upkeep\n|turn|5\n|\n|t:|1683739665\n|move|p1b: Orthworm|Body Press|p2b: Iron Hands\n|-damage|p2b: Iron Hands|52\/100\n|move|p2a: Gyarados|Waterfall|p1b: Orthworm\n|-damage|p1b: Orthworm|73\/100\n|move|p2b: Iron Hands|Drain Punch|p1b: Orthworm\n|-supereffective|p1b: Orthworm\n|-damage|p1b: Orthworm|34\/100\n|-heal|p2b: Iron Hands|67\/100|[from] drain|[of] p1b: Orthworm\n|-enditem|p1b: Orthworm|Sitrus Berry|[eat]\n|-heal|p1b: Orthworm|59\/100|[from] item: Sitrus Berry\n|move|p1a: Gyarados|Bulldoze|p2b: Iron Hands|[spread] p2b\n|-heal|p1b: Orthworm|84\/100|[from] ability: Earth Eater|[of] p1a: Gyarados\n|-immune|p2a: Gyarados\n|-supereffective|p2b: Iron Hands\n|-damage|p2b: Iron Hands|56\/100\n|-unboost|p2b: Iron Hands|spe|1\n|\n|upkeep\n|turn|6\n|\n|t:|1683739689\n|move|p1b: Orthworm|Body Press|p2b: Iron Hands\n|-damage|p2b: Iron Hands|11\/100\n|move|p2a: Gyarados|Thunder Wave|p1b: Orthworm\n|-status|p1b: Orthworm|par\n|move|p1a: Gyarados|Bulldoze|p2b: Iron Hands|[spread] p2b\n|-heal|p1b: Orthworm|100\/100 par|[from] ability: Earth Eater|[of] p1a: Gyarados\n|-immune|p2a: Gyarados\n|-supereffective|p2b: Iron Hands\n|-damage|p2b: Iron Hands|2\/100\n|-unboost|p2b: Iron Hands|spe|1\n|move|p2b: Iron Hands|Drain Punch|p1b: Orthworm\n|-supereffective|p1b: Orthworm\n|-damage|p1b: Orthworm|59\/100 par\n|-heal|p2b: Iron Hands|17\/100|[from] drain|[of] p1b: Orthworm\n|\n|upkeep\n|turn|7\n|\n|t:|1683739717\n|move|p2a: Gyarados|Waterfall|p1b: Orthworm\n|-damage|p1b: Orthworm|48\/100 par\n|cant|p1a: Gyarados|par\n|move|p1b: Orthworm|Iron Defense|p1b: Orthworm\n|-boost|p1b: Orthworm|def|2\n|move|p2b: Iron Hands|Drain Punch|p1b: Orthworm\n|-supereffective|p1b: Orthworm\n|-damage|p1b: Orthworm|16\/100 par\n|-heal|p2b: Iron Hands|30\/100|[from] drain|[of] p1b: Orthworm\n|\n|upkeep\n|turn|8\n|\n|t:|1683739733\n|move|p2a: Gyarados|Waterfall|p1b: Orthworm\n|-damage|p1b: Orthworm|8\/100 par\n|cant|p1a: Gyarados|par\n|move|p1b: Orthworm|Body Press|p2b: Iron Hands\n|-damage|p2b: Iron Hands|0 fnt\n|faint|p2b: Iron Hands\n|-end|p2b: Iron Hands|Quark Drive|[silent]\n|\n|upkeep\n|\n|t:|1683739741\n|switch|p2b: Flutter Mane|Flutter Mane, L50|100\/100\n|turn|9\n|\n|t:|1683739769\n|-terastallize|p2b: Flutter Mane|Fairy\n|move|p2b: Flutter Mane|Hex|p1a: Gyarados\n|-damage|p1a: Gyarados|26\/100 par\n|move|p2a: Gyarados|Waterfall|p1b: Orthworm\n|-damage|p1b: Orthworm|0 fnt\n|faint|p1b: Orthworm\n|move|p1a: Gyarados|Thunder Wave|p2b: Flutter Mane\n|-status|p2b: Flutter Mane|par\n|\n|upkeep\n|\n|t:|1683739785\n|switch|p1b: Dragonite|Dragonite, L50, M|100\/100\n|turn|10\n|\n|t:|1683739797\n|-end|p2b: Flutter Mane|Protosynthesis|[silent]\n|switch|p2b: Amoonguss|Amoonguss, L50, F|100\/100\n|switch|p1a: Ting-Lu|Ting-Lu, L50|100\/100\n|-ability|p1a: Ting-Lu|Vessel of Ruin\n|move|p1b: Dragonite|Dragon Dance|p1b: Dragonite\n|-boost|p1b: Dragonite|atk|1\n|-boost|p1b: Dragonite|spe|1\n|move|p2a: Gyarados|Thunder Wave|p1b: Dragonite\n|-status|p1b: Dragonite|par\n|-enditem|p1b: Dragonite|Lum Berry|[eat]\n|-curestatus|p1b: Dragonite|par|[msg]\n|\n|upkeep\n|turn|11\n|\n|t:|1683739832\n|move|p1b: Dragonite|Extreme Speed|p2b: Amoonguss\n|-damage|p2b: Amoonguss|66\/100\n|-damage|p1b: Dragonite|84\/100|[from] item: Rocky Helmet|[of] p2b: Amoonguss\n|move|p2a: Gyarados|Thunder Wave|p1b: Dragonite\n|-status|p1b: Dragonite|par\n|move|p1a: Ting-Lu|Earthquake|p2b: Amoonguss|[spread] p2b\n|-immune|p1b: Dragonite\n|-immune|p2a: Gyarados\n|-damage|p2b: Amoonguss|39\/100\n|move|p2b: Amoonguss|Clear Smog|p1b: Dragonite\n|-damage|p1b: Dragonite|72\/100 par\n|-clearboost|p1b: Dragonite\n|\n|upkeep\n|turn|12\n|\n|t:|1683739851\n|switch|p2b: Flutter Mane|Flutter Mane, L50, tera:Fairy|100\/100 par\n|move|p1b: Dragonite|Extreme Speed|p2b: Flutter Mane\n|-damage|p2b: Flutter Mane|41\/100 par\n|move|p2a: Gyarados|Waterfall|p1a: Ting-Lu\n|-supereffective|p1a: Ting-Lu\n|-damage|p1a: Ting-Lu|54\/100\n|move|p1a: Ting-Lu|Ruination|p2a: Gyarados\n|-damage|p2a: Gyarados|50\/100 par\n|\n|upkeep\n|turn|13\n|\n|t:|1683739866\n|-end|p2b: Flutter Mane|Protosynthesis|[silent]\n|switch|p2b: Amoonguss|Amoonguss, L50, F|73\/100\n|move|p1b: Dragonite|Extreme Speed|p2a: Gyarados\n|-damage|p2a: Gyarados|15\/100 par\n|move|p2a: Gyarados|Waterfall|p1a: Ting-Lu\n|-supereffective|p1a: Ting-Lu\n|-damage|p1a: Ting-Lu|9\/100\n|move|p1a: Ting-Lu|Heavy Slam|p2b: Amoonguss\n|-damage|p2b: Amoonguss|44\/100\n|-damage|p1a: Ting-Lu|0 fnt|[from] item: Rocky Helmet|[of] p2b: Amoonguss\n|faint|p1a: Ting-Lu\n|\n|upkeep\n|\n|t:|1683739879\n|switch|p1a: Gyarados|Gyarados, L50, M, tera:Steel|26\/100 par\n|-ability|p1a: Gyarados|Intimidate|boost\n|-unboost|p2a: Gyarados|atk|1\n|-unboost|p2b: Amoonguss|atk|1\n|turn|14\n|\n|t:|1683739897\n|cant|p1b: Dragonite|par\n|move|p2b: Amoonguss|Rage Powder|p2b: Amoonguss\n|-singleturn|p2b: Amoonguss|move: Rage Powder\n|cant|p2a: Gyarados|par\n|move|p1a: Gyarados|Waterfall|p2a: Gyarados\n|-resisted|p2a: Gyarados\n|-crit|p2a: Gyarados\n|-damage|p2a: Gyarados|0 fnt\n|faint|p2a: Gyarados\n|\n|upkeep\n|\n|t:|1683739906\n|switch|p2a: Flutter Mane|Flutter Mane, L50, tera:Fairy|41\/100 par\n|turn|15\n|\n|t:|1683739928\n|cant|p1b: Dragonite|par\n|move|p2b: Amoonguss|Rage Powder|p2b: Amoonguss\n|-singleturn|p2b: Amoonguss|move: Rage Powder\n|move|p2a: Flutter Mane|Dazzling Gleam|p1a: Gyarados|[spread] p1a,p1b\n|-resisted|p1a: Gyarados\n|-supereffective|p1b: Dragonite\n|-damage|p1a: Gyarados|3\/100 par\n|-damage|p1b: Dragonite|0 fnt\n|faint|p1b: Dragonite\n|move|p1a: Gyarados|Waterfall|p2a: Flutter Mane\n|-damage|p2a: Flutter Mane|0 fnt\n|faint|p2a: Flutter Mane\n|-end|p2a: Flutter Mane|Protosynthesis|[silent]\n|\n|upkeep\n|turn|16\n|c|\u2606RamonTheKiller|gg\n|c|\u2606Roundlew|Gg\n|\n|t:|1683739948\n|move|p2b: Amoonguss|Rage Powder|p2b: Amoonguss\n|-singleturn|p2b: Amoonguss|move: Rage Powder\n|move|p1a: Gyarados|Bulldoze|p2b: Amoonguss\n|-damage|p2b: Amoonguss|29\/100\n|-unboost|p2b: Amoonguss|spe|1\n|\n|upkeep\n|turn|17\n|c|\u2606Roundlew|that para man:,(\n|\n|t:|1683739966\n|move|p1a: Gyarados|Waterfall|p2b: Amoonguss\n|-resisted|p2b: Amoonguss\n|-damage|p2b: Amoonguss|16\/100\n|-damage|p1a: Gyarados|0 fnt|[from] item: Rocky Helmet|[of] p2b: Amoonguss\n|faint|p1a: Gyarados\n|\n|win|RamonTheKiller\n|raw|Roundlew's rating: 1170 → 1142<\/strong> (-28 for losing)\n|raw|RamonTheKiller's rating: 1131 → 1159<\/strong> (+28 for winning)\n","uploadtime":1683739974,"views":11,"p1id":"roundlew","p2id":"ramonthekiller","formatid":"gen9vgc2023regulationc","rating":1142,"private":0,"password":""}