{"id":"gen9vgc2023regulationc-1860873314","p1":"Reaper976","p2":"poketechnician","format":"[Gen 9] VGC 2023 Regulation C","log":"|j|\u2606Reaper976\n|j|\u2606poketechnician\n|t:|1683688658\n|gametype|doubles\n|player|p1|Reaper976|cyrus|\n|player|p2|poketechnician|170|\n|teamsize|p1|6\n|teamsize|p2|6\n|gen|9\n|tier|[Gen 9] VGC 2023 Regulation C\n|rule|Species Clause: Limit one of each Pok\u00e9mon\n|rule|Item Clause: Limit one of each item\n|clearpoke\n|poke|p1|Kingambit, L50, M|\n|poke|p1|Iron Valiant, L50|\n|poke|p1|Baxcalibur, L50, F|\n|poke|p1|Amoonguss, L50, M|\n|poke|p1|Morgrem, L50, M|\n|poke|p1|Ceruledge, L50, M|\n|poke|p2|Talonflame, L50, F|\n|poke|p2|Flutter Mane, L50|\n|poke|p2|Hydreigon, L50, F|\n|poke|p2|Gastrodon-East, L50, F|\n|poke|p2|Raichu, L50, M|\n|poke|p2|Haxorus, L50, F|\n|teampreview|4\npoketechnician rejected open team sheets.\n|c|\u2606Reaper976|Glhf\n|c|\u2606poketechnician|glhf\n|j| paultg\n|\n|t:|1683688746\n|start\n|switch|p1a: Morgrem|Morgrem, L50, M, shiny|100\/100\n|switch|p1b: Iron Valiant|Iron Valiant, L50|100\/100\n|switch|p2a: Talonflame|Talonflame, L50, F, shiny|100\/100\n|switch|p2b: Hydreigon|Hydreigon, L50, F, shiny|100\/100\n|turn|1\n|\n|t:|1683688806\n|-terastallize|p2b: Hydreigon|Poison\n|move|p2a: Talonflame|Protect|p2a: Talonflame\n|-singleturn|p2a: Talonflame|Protect\n|move|p1a: Morgrem|Fake Out|p2a: Talonflame\n|-activate|p2a: Talonflame|move: Protect\n|move|p2b: Hydreigon|Taunt|p1a: Morgrem\n|-start|p1a: Morgrem|move: Taunt\n|move|p1b: Iron Valiant|Trick Room|p1b: Iron Valiant\n|-fieldstart|move: Trick Room|[of] p1b: Iron Valiant\n|\n|upkeep\n|turn|2\n|\n|t:|1683688826\n|switch|p1a: Ceruledge|Ceruledge, L50, M|100\/100\n|move|p2a: Talonflame|Brave Bird|p1b: Iron Valiant\n|-supereffective|p1b: Iron Valiant\n|-damage|p1b: Iron Valiant|28\/100\n|-damage|p2a: Talonflame|72\/100|[from] Recoil\n|move|p1b: Iron Valiant|Knock Off|p2a: Talonflame\n|-damage|p2a: Talonflame|25\/100\n|-enditem|p2a: Talonflame|Focus Sash|[from] move: Knock Off|[of] p1b: Iron Valiant\n|move|p2b: Hydreigon|Dark Pulse|p1b: Iron Valiant\n|-resisted|p1b: Iron Valiant\n|-damage|p1b: Iron Valiant|14\/100\n|\n|upkeep\n|turn|3\n|\n|t:|1683688866\n|switch|p2a: Gastrodon|Gastrodon-East, L50, F, shiny|100\/100\n|move|p1a: Ceruledge|Swords Dance|p1a: Ceruledge\n|-boost|p1a: Ceruledge|atk|2\n|move|p1b: Iron Valiant|Spirit Break|p2b: Hydreigon\n|-resisted|p2b: Hydreigon\n|-damage|p2b: Hydreigon|82\/100\n|-unboost|p2b: Hydreigon|spa|1\n|move|p2b: Hydreigon|Taunt|p1a: Ceruledge\n|-start|p1a: Ceruledge|move: Taunt\n|\n|upkeep\n|turn|4\n|\n|t:|1683688889\n|-terastallize|p1a: Ceruledge|Fairy\n|move|p2b: Hydreigon|Protect|p2b: Hydreigon\n|-singleturn|p2b: Hydreigon|Protect\n|move|p2a: Gastrodon|Yawn|p1a: Ceruledge\n|-start|p1a: Ceruledge|move: Yawn|[of] p2a: Gastrodon\n|move|p1a: Ceruledge|Tera Blast|p2b: Hydreigon\n|-activate|p2b: Hydreigon|move: Protect\n|move|p1b: Iron Valiant|Knock Off|p2a: Gastrodon\n|-damage|p2a: Gastrodon|75\/100\n|-enditem|p2a: Gastrodon|Leftovers|[from] move: Knock Off|[of] p1b: Iron Valiant\n|\n|upkeep\n|turn|5\n|\n|t:|1683688917\n|switch|p2b: Talonflame|Talonflame, L50, F, shiny|25\/100\n|move|p2a: Gastrodon|Earth Power|p1b: Iron Valiant\n|-damage|p1b: Iron Valiant|0 fnt\n|faint|p1b: Iron Valiant\n|-end|p1b: Iron Valiant|Quark Drive|[silent]\n|move|p1a: Ceruledge|Bitter Blade|p2b: Talonflame\n|-resisted|p2b: Talonflame\n|-damage|p2b: Talonflame|0 fnt\n|faint|p2b: Talonflame\n|\n|-end|p1a: Ceruledge|move: Yawn|[silent]\n|-status|p1a: Ceruledge|slp\n|-fieldend|move: Trick Room\n|upkeep\n|\n|t:|1683688934\n|switch|p2b: Haxorus|Haxorus, L50, F, shiny|100\/100\n|switch|p1b: Morgrem|Morgrem, L50, M, shiny|100\/100\n|-ability|p2b: Haxorus|Mold Breaker\n|turn|6\n|\n|t:|1683688951\n|switch|p1a: Amoonguss|Amoonguss, L50, M, shiny|100\/100\n|move|p1b: Morgrem|Fake Out|p2b: Haxorus\n|-damage|p2b: Haxorus|93\/100\n|cant|p2b: Haxorus|flinch\n|move|p2a: Gastrodon|Yawn|p1b: Morgrem\n|-start|p1b: Morgrem|move: Yawn|[of] p2a: Gastrodon\n|\n|upkeep\n|turn|7\n|\n|t:|1683688986\n|switch|p2a: Hydreigon|Hydreigon, L50, F, shiny, tera:Poison|82\/100\n|move|p1b: Morgrem|Light Screen|p1b: Morgrem\n|-sidestart|p1: Reaper976|move: Light Screen\n|move|p2b: Haxorus|Poison Jab|p1a: Amoonguss\n|-damage|p1a: Amoonguss|70\/100\n|-damage|p2b: Haxorus|77\/100|[from] item: Rocky Helmet|[of] p1a: Amoonguss\n|move|p1a: Amoonguss|Giga Drain|p2a: Hydreigon\n|-resisted|p2a: Hydreigon\n|-damage|p2a: Hydreigon|68\/100\n|-heal|p1a: Amoonguss|76\/100|[from] drain|[of] p2a: Hydreigon\n|\n|-end|p1b: Morgrem|move: Yawn|[silent]\n|-status|p1b: Morgrem|slp\n|upkeep\n|turn|8\n|\n|t:|1683689008\n|move|p1a: Amoonguss|Rage Powder|p1a: Amoonguss\n|-singleturn|p1a: Amoonguss|move: Rage Powder\n|cant|p1b: Morgrem|slp\n|move|p2a: Hydreigon|Flamethrower|p1b: Morgrem\n|-damage|p1b: Morgrem|64\/100 slp\n|move|p2b: Haxorus|Poison Jab|p1a: Amoonguss\n|-damage|p1a: Amoonguss|45\/100\n|-damage|p2b: Haxorus|61\/100|[from] item: Rocky Helmet|[of] p1a: Amoonguss\n|\n|upkeep\n|turn|9\n|\n|t:|1683689036\n|cant|p1b: Morgrem|slp\n|move|p2a: Hydreigon|Flamethrower|p1a: Amoonguss\n|-supereffective|p1a: Amoonguss\n|-damage|p1a: Amoonguss|15\/100\n|move|p2b: Haxorus|Poison Jab|p1a: Amoonguss\n|-damage|p1a: Amoonguss|0 fnt\n|-damage|p2b: Haxorus|45\/100|[from] item: Rocky Helmet|[of] p1a: Amoonguss\n|faint|p1a: Amoonguss\n|\n|upkeep\n|\n|t:|1683689047\n|switch|p1a: Ceruledge|Ceruledge, L50, M, tera:Fairy|100\/100 slp\n|turn|10\n|\n|t:|1683689055\n|move|p2b: Haxorus|Poison Jab|p1a: Ceruledge\n|-supereffective|p1a: Ceruledge\n|-damage|p1a: Ceruledge|28\/100 slp\n|-enditem|p1a: Ceruledge|Sitrus Berry|[eat]\n|-heal|p1a: Ceruledge|53\/100 slp|[from] item: Sitrus Berry\n|move|p2a: Hydreigon|Dark Pulse|p1a: Ceruledge\n|-resisted|p1a: Ceruledge\n|-damage|p1a: Ceruledge|39\/100 slp\n|cant|p1a: Ceruledge|slp\n|-curestatus|p1b: Morgrem|slp|[msg]\n|move|p1b: Morgrem|Foul Play|p2b: Haxorus\n|-damage|p2b: Haxorus|0 fnt\n|faint|p2b: Haxorus\n|\n|upkeep\n|\n|t:|1683689060\n|switch|p2b: Gastrodon|Gastrodon-East, L50, F, shiny|75\/100\n|turn|11\n|\n|t:|1683689091\n|move|p2a: Hydreigon|Dark Pulse|p1a: Ceruledge\n|-resisted|p1a: Ceruledge\n|-damage|p1a: Ceruledge|26\/100 slp\n|cant|p1a: Ceruledge|slp\n|move|p1b: Morgrem|Foul Play|p2b: Gastrodon\n|-damage|p2b: Gastrodon|56\/100\n|move|p2b: Gastrodon|Earth Power|p1a: Ceruledge\n|-damage|p1a: Ceruledge|7\/100 slp\n|-unboost|p1a: Ceruledge|spd|1\n|\n|upkeep\n|turn|12\n|\n|t:|1683689110\n|move|p2a: Hydreigon|Dark Pulse|p1a: Ceruledge\n|-resisted|p1a: Ceruledge\n|-damage|p1a: Ceruledge|0 fnt\n|faint|p1a: Ceruledge\n|move|p1b: Morgrem|Foul Play|p2a: Hydreigon\n|-crit|p2a: Hydreigon\n|-damage|p2a: Hydreigon|24\/100\n|move|p2b: Gastrodon|Yawn|p1b: Morgrem\n|-start|p1b: Morgrem|move: Yawn|[of] p2b: Gastrodon\n|\n|upkeep\n|turn|13\n|c|\u2606Reaper976|Ggd\n|\n|t:|1683689120\n|move|p2a: Hydreigon|Protect|p2a: Hydreigon\n|-singleturn|p2a: Hydreigon|Protect\n|move|p1b: Morgrem|Foul Play|p2a: Hydreigon\n|-activate|p2a: Hydreigon|move: Protect\n|move|p2b: Gastrodon|Earth Power|p1b: Morgrem\n|-damage|p1b: Morgrem|34\/100\n|\n|-end|p1b: Morgrem|move: Yawn|[silent]\n|-status|p1b: Morgrem|slp\n|upkeep\n|turn|14\n|c|\u2606poketechnician|gg!\n|\n|t:|1683689138\n|move|p2a: Hydreigon|Flamethrower|p1b: Morgrem\n|-damage|p1b: Morgrem|1\/100 slp\n|cant|p1b: Morgrem|slp\n|move|p2b: Gastrodon|Earth Power|p1b: Morgrem\n|-damage|p1b: Morgrem|0 fnt\n|faint|p1b: Morgrem\n|\n|win|poketechnician\n|l|\u2606Reaper976\n","uploadtime":1683689148,"views":28,"p1id":"reaper976","p2id":"poketechnician","formatid":"gen9vgc2023regulationc","rating":0,"private":0,"password":""}