{"id":"gen9vgc2023regulationc-1845997111","p1":"Lancers2433","p2":"shhh6","format":"[Gen 9] VGC 2023 Regulation C","log":"|j|\u2606Lancers2433\n|j|\u2606shhh6\n|t:|1681789001\n|gametype|doubles\n|player|p1|Lancers2433|265|1262\n|player|p2|shhh6|101|1185\n|teamsize|p1|6\n|teamsize|p2|6\n|gen|9\n|tier|[Gen 9] VGC 2023 Regulation C\n|rated|\n|rule|Species Clause: Limit one of each Pok\u00e9mon\n|rule|Item Clause: Limit one of each item\n|clearpoke\n|poke|p1|Chi-Yu, L50|\n|poke|p1|Flutter Mane, L50|\n|poke|p1|Azumarill, L50, F|\n|poke|p1|Arcanine, L50, M|\n|poke|p1|Maushold, L50|\n|poke|p1|Dragonite, L50, M|\n|poke|p2|Torkoal, L50, F|\n|poke|p2|Chi-Yu, L50|\n|poke|p2|Bronzong, L50|\n|poke|p2|Gastrodon, L50, M|\n|poke|p2|Grimmsnarl, L50, M|\n|poke|p2|Skeledirge, L50, F|\n|teampreview|4\n|inactive|Battle timer is ON: inactive players will automatically lose when time's up. (requested by shhh6)\n|\n|t:|1681789024\n|start\n|switch|p1a: Maushold|Maushold, L50|100\/100\n|switch|p1b: Dragonite|Dragonite, L50, M|100\/100\n|switch|p2a: Grimmsnarl|Grimmsnarl, L50, M|100\/100\n|switch|p2b: Gastrodon|Gastrodon, L50, M|100\/100\n|turn|1\n|\n|t:|1681789044\n|-terastallize|p1b: Dragonite|Flying\n|move|p2b: Gastrodon|Protect|p2b: Gastrodon\n|-singleturn|p2b: Gastrodon|Protect\n|move|p2a: Grimmsnarl|Trick|p1b: Dragonite\n|-activate|p2a: Grimmsnarl|move: Trick|[of] p1b: Dragonite\n|-item|p1b: Dragonite|Lagging Tail|[from] move: Trick\n|-item|p2a: Grimmsnarl|Clear Amulet|[from] move: Trick\n|move|p1a: Maushold|Super Fang|p2b: Gastrodon\n|-activate|p2b: Gastrodon|move: Protect\n|move|p1b: Dragonite|Tera Blast|p2b: Gastrodon\n|-activate|p2b: Gastrodon|move: Protect\n|\n|upkeep\n|turn|2\n|\n|t:|1681789062\n|switch|p2b: Bronzong|Bronzong, L50|100\/100\n|move|p1a: Maushold|Follow Me|p1a: Maushold\n|-singleturn|p1a: Maushold|move: Follow Me\n|move|p2a: Grimmsnarl|Spirit Break|p1a: Maushold\n|-damage|p1a: Maushold|51\/100\n|-unboost|p1a: Maushold|spa|1\n|move|p1b: Dragonite|Dragon Dance|p1b: Dragonite\n|-boost|p1b: Dragonite|atk|1\n|-boost|p1b: Dragonite|spe|1\n|\n|upkeep\n|turn|3\n|inactive|Lancers2433 has 30 seconds left.\n|\n|t:|1681789097\n|move|p2a: Grimmsnarl|Sucker Punch||[still]\n|-fail|p2a: Grimmsnarl\n|move|p1a: Maushold|Thunder Wave|p2b: Bronzong\n|-status|p2b: Bronzong|par\n|move|p1b: Dragonite|Iron Head|p2b: Bronzong\n|-resisted|p2b: Bronzong\n|-damage|p2b: Bronzong|87\/100 par\n|move|p2b: Bronzong|Trick Room|p2b: Bronzong\n|-fieldstart|move: Trick Room|[of] p2b: Bronzong\n|\n|upkeep\n|turn|4\n|\n|t:|1681789112\n|move|p1a: Maushold|Follow Me|p1a: Maushold\n|-singleturn|p1a: Maushold|move: Follow Me\n|move|p2b: Bronzong|Body Press|p1a: Maushold\n|-supereffective|p1a: Maushold\n|-damage|p1a: Maushold|0 fnt\n|faint|p1a: Maushold\n|move|p2a: Grimmsnarl|Spirit Break|p1b: Dragonite\n|-damage|p1b: Dragonite|79\/100\n|-unboost|p1b: Dragonite|spa|1\n|move|p1b: Dragonite|Iron Head|p2a: Grimmsnarl\n|-supereffective|p2a: Grimmsnarl\n|-damage|p2a: Grimmsnarl|9\/100\n|\n|upkeep\n|\n|t:|1681789128\n|switch|p1a: Chi-Yu|Chi-Yu, L50|100\/100\n|-ability|p1a: Chi-Yu|Beads of Ruin\n|turn|5\n|\n|t:|1681789137\n|move|p1b: Dragonite|Extreme Speed|p2a: Grimmsnarl\n|-damage|p2a: Grimmsnarl|0 fnt\n|faint|p2a: Grimmsnarl\n|move|p2b: Bronzong|Body Press|p1a: Chi-Yu\n|-supereffective|p1a: Chi-Yu\n|-damage|p1a: Chi-Yu|0 fnt\n|faint|p1a: Chi-Yu\n|\n|upkeep\n|\n|t:|1681789145\n|switch|p2a: Skeledirge|Skeledirge, L50, F|100\/100\n|switch|p1a: Flutter Mane|Flutter Mane, L50|100\/100\n|-enditem|p1a: Flutter Mane|Booster Energy\n|-activate|p1a: Flutter Mane|ability: Protosynthesis|[fromitem]\n|-start|p1a: Flutter Mane|protosynthesisspe\n|turn|6\n|\n|t:|1681789159\n|move|p2b: Bronzong|Iron Head|p1a: Flutter Mane\n|-supereffective|p1a: Flutter Mane\n|-damage|p1a: Flutter Mane|0 fnt\n|faint|p1a: Flutter Mane\n|-end|p1a: Flutter Mane|Protosynthesis|[silent]\n|move|p2a: Skeledirge|Encore|p1b: Dragonite\n|-start|p1b: Dragonite|Encore\n|move|p1b: Dragonite|Extreme Speed|p2a: Skeledirge\n|-immune|p2a: Skeledirge\n|\n|upkeep\n|turn|7\n|-message|Lancers2433 forfeited.\n|\n|win|shhh6\n|raw|Lancers2433's rating: 1262 → 1232<\/strong> (-30 for losing)\n|raw|shhh6's rating: 1185 → 1215<\/strong> (+30 for winning)\n|l|\u2606Lancers2433\n","uploadtime":1681789183,"views":8,"p1id":"lancers2433","p2id":"shhh6","formatid":"gen9vgc2023regulationc","rating":1215,"private":0,"password":""}