{"id":"gen9vgc2023regulationc-1855852497","p1":"ClockworkToad","p2":"rsingh1","format":"[Gen 9] VGC 2023 Regulation C","log":"|j|\u2606ClockworkToad\n|j|\u2606rsingh1\n|t:|1682991916\n|gametype|doubles\n|player|p1|ClockworkToad|janine|1341\n|player|p2|rsingh1|169|1368\n|teamsize|p1|6\n|teamsize|p2|6\n|gen|9\n|tier|[Gen 9] VGC 2023 Regulation C\n|rated|\n|rule|Species Clause: Limit one of each Pok\u00e9mon\n|rule|Item Clause: Limit one of each item\n|clearpoke\n|poke|p1|Sunflora, L50, M|\n|poke|p1|Torkoal, L50, M|\n|poke|p1|Hatterene, L50, F|\n|poke|p1|Hariyama, L50, M|\n|poke|p1|Flamigo, L50, M|\n|poke|p1|Luxray, L50, M|\n|poke|p2|Flutter Mane, L50|\n|poke|p2|Dragapult, L50, M|\n|poke|p2|Iron Hands, L50|\n|poke|p2|Chi-Yu, L50|\n|poke|p2|Chien-Pao, L50|\n|poke|p2|Gastrodon, L50, M|\n|teampreview|4\n|inactive|Battle timer is ON: inactive players will automatically lose when time's up. (requested by ClockworkToad)\n|\n|t:|1682991956\n|start\n|switch|p1a: Hari Yo-Ya Ma|Hariyama, L50, M|100\/100\n|switch|p1b: HattIrene Cara|Hatterene, L50, F|100\/100\n|switch|p2a: Gastrodon|Gastrodon, L50, M|100\/100\n|switch|p2b: Chi-Yu|Chi-Yu, L50|100\/100\n|-ability|p2b: Chi-Yu|Beads of Ruin\n|turn|1\n|\n|t:|1682991970\n|move|p2b: Chi-Yu|Protect|p2b: Chi-Yu\n|-singleturn|p2b: Chi-Yu|Protect\n|move|p1a: Hari Yo-Ya Ma|Fake Out|p2a: Gastrodon\n|-damage|p2a: Gastrodon|83\/100\n|-damage|p1a: Hari Yo-Ya Ma|84\/100|[from] item: Rocky Helmet|[of] p2a: Gastrodon\n|cant|p2a: Gastrodon|flinch\n|move|p1b: HattIrene Cara|Trick Room|p1b: HattIrene Cara\n|-fieldstart|move: Trick Room|[of] p1b: HattIrene Cara\n|\n|-status|p1a: Hari Yo-Ya Ma|brn|[from] item: Flame Orb\n|upkeep\n|turn|2\n|\n|t:|1682991992\n|switch|p2b: Flutter Mane|Flutter Mane, L50|100\/100\n|-enditem|p2b: Flutter Mane|Booster Energy\n|-activate|p2b: Flutter Mane|ability: Protosynthesis|[fromitem]\n|-start|p2b: Flutter Mane|protosynthesisspe\n|move|p1b: HattIrene Cara|Psychic|p2a: Gastrodon\n|-damage|p2a: Gastrodon|31\/100\n|move|p1a: Hari Yo-Ya Ma|Headlong Rush|p2b: Flutter Mane\n|-damage|p2b: Flutter Mane|0 fnt\n|-unboost|p1a: Hari Yo-Ya Ma|def|1\n|-unboost|p1a: Hari Yo-Ya Ma|spd|1\n|faint|p2b: Flutter Mane\n|-end|p2b: Flutter Mane|Protosynthesis|[silent]\n|move|p2a: Gastrodon|Muddy Water|p1b: HattIrene Cara|[spread] p1a,p1b\n|-damage|p1a: Hari Yo-Ya Ma|40\/100 brn\n|-damage|p1b: HattIrene Cara|69\/100\n|\n|-damage|p1a: Hari Yo-Ya Ma|34\/100 brn|[from] brn\n|upkeep\n|\n|t:|1682992013\n|switch|p2b: Chi-Yu|Chi-Yu, L50|100\/100\n|-ability|p2b: Chi-Yu|Beads of Ruin\n|turn|3\n|\n|t:|1682992033\n|switch|p1a: Nat King TorKoal|Torkoal, L50, M|100\/100\n|-weather|SunnyDay|[from] ability: Drought|[of] p1a: Nat King TorKoal\n|move|p2b: Chi-Yu|Protect|p2b: Chi-Yu\n|-singleturn|p2b: Chi-Yu|Protect\n|move|p1b: HattIrene Cara|Psychic|p2a: Gastrodon\n|-damage|p2a: Gastrodon|0 fnt\n|faint|p2a: Gastrodon\n|\n|-weather|SunnyDay|[upkeep]\n|upkeep\n|\n|t:|1682992040\n|switch|p2a: Chien-Pao|Chien-Pao, L50|100\/100\n|-ability|p2a: Chien-Pao|Sword of Ruin\n|turn|4\n|\n|t:|1682992056\n|-terastallize|p2a: Chien-Pao|Dark\n|move|p2a: Chien-Pao|Sucker Punch|p1a: Nat King TorKoal\n|-damage|p1a: Nat King TorKoal|36\/100\n|move|p1a: Nat King TorKoal|Eruption|p2b: Chi-Yu|[spread] p2a,p2b\n|-resisted|p2b: Chi-Yu\n|-damage|p2a: Chien-Pao|48\/100\n|-damage|p2b: Chi-Yu|86\/100\n|move|p1b: HattIrene Cara|Draining Kiss|p2b: Chi-Yu\n|-damage|p2b: Chi-Yu|49\/100\n|-heal|p1b: HattIrene Cara|91\/100|[from] drain|[of] p2b: Chi-Yu\n|move|p2b: Chi-Yu|Dark Pulse|p1b: HattIrene Cara\n|-damage|p1b: HattIrene Cara|32\/100\n|\n|-weather|SunnyDay|[upkeep]\n|upkeep\n|turn|5\n|inactive|ClockworkToad has 30 seconds left.\n|inactive|rsingh1 has 30 seconds left.\n|\n|t:|1682992088\n|switch|p1a: Hari Yo-Ya Ma|Hariyama, L50, M|34\/100 brn\n|move|p2a: Chien-Pao|Sucker Punch||[still]\n|-fail|p2a: Chien-Pao\n|move|p1b: HattIrene Cara|Draining Kiss|p2a: Chien-Pao\n|-supereffective|p2a: Chien-Pao\n|-damage|p2a: Chien-Pao|0 fnt\n|-heal|p1b: HattIrene Cara|66\/100|[from] drain|[of] p2a: Chien-Pao\n|faint|p2a: Chien-Pao\n|move|p2b: Chi-Yu|Dark Pulse|p1b: HattIrene Cara\n|-damage|p1b: HattIrene Cara|8\/100\n|\n|-weather|SunnyDay|[upkeep]\n|-damage|p1a: Hari Yo-Ya Ma|28\/100 brn|[from] brn\n|-fieldend|move: Trick Room\n|upkeep\n|turn|6\n|\n|t:|1682992108\n|move|p1a: Hari Yo-Ya Ma|Fake Out|p2b: Chi-Yu\n|-damage|p2b: Chi-Yu|13\/100\n|cant|p2b: Chi-Yu|flinch\n|move|p1b: HattIrene Cara|Trick Room|p1b: HattIrene Cara\n|-fieldstart|move: Trick Room|[of] p1b: HattIrene Cara\n|\n|-weather|SunnyDay|[upkeep]\n|-damage|p1a: Hari Yo-Ya Ma|22\/100 brn|[from] brn\n|upkeep\n|turn|7\n|-message|rsingh1 forfeited.\n|\n|win|ClockworkToad\n|raw|ClockworkToad's rating: 1341 → 1363<\/strong> (+22 for winning)\n|raw|rsingh1's rating: 1368 → 1346<\/strong> (-22 for losing)\n|l|\u2606rsingh1\n","uploadtime":1682992126,"views":18,"p1id":"clockworktoad","p2id":"rsingh1","formatid":"gen9vgc2023regulationc","rating":1346,"private":0,"password":""}