{"id":"gen9vgc2023regulationc-1851824691","p1":"DDKK5943","p2":"PruebasNabil","format":"[Gen 9] VGC 2023 Regulation C","log":"|j|\u2606DDKK5943\n|j|\u2606PruebasNabil\n|t:|1682490485\n|gametype|doubles\n|player|p1|DDKK5943|101|1803\n|player|p2|PruebasNabil|ethan|1677\n|teamsize|p1|6\n|teamsize|p2|6\n|gen|9\n|tier|[Gen 9] VGC 2023 Regulation C\n|rated|\n|rule|Species Clause: Limit one of each Pok\u00e9mon\n|rule|Item Clause: Limit one of each item\n|clearpoke\n|poke|p1|Maushold, L50|\n|poke|p1|Annihilape, L50, F|\n|poke|p1|Iron Bundle, L50|\n|poke|p1|Corviknight, L50, M|\n|poke|p1|Ting-Lu, L50|\n|poke|p1|Flutter Mane, L50|\n|poke|p2|Great Tusk, L50|\n|poke|p2|Chien-Pao, L50|\n|poke|p2|Dragonite, L50, F|\n|poke|p2|Iron Bundle, L50|\n|poke|p2|Flutter Mane, L50|\n|poke|p2|Chi-Yu, L50|\n|teampreview|4\n|inactive|Battle timer is ON: inactive players will automatically lose when time's up. (requested by DDKK5943)\n|inactive|PruebasNabil has 60 seconds left.\n|\n|t:|1682490539\n|start\n|switch|p1a: Ting-Lu|Ting-Lu, L50|100\/100\n|switch|p1b: Corviknight|Corviknight, L50, M|100\/100\n|switch|p2a: Iron Bundle|Iron Bundle, L50, shiny|100\/100\n|switch|p2b: Chi-Yu|Chi-Yu, L50|100\/100\n|-ability|p2b: Chi-Yu|Beads of Ruin\n|-ability|p1a: Ting-Lu|Vessel of Ruin\n|-enditem|p2a: Iron Bundle|Booster Energy\n|-activate|p2a: Iron Bundle|ability: Quark Drive|[fromitem]\n|-start|p2a: Iron Bundle|quarkdrivespe\n|turn|1\n|\n|t:|1682490547\n|move|p2b: Chi-Yu|Protect|p2b: Chi-Yu\n|-singleturn|p2b: Chi-Yu|Protect\n|move|p2a: Iron Bundle|Hydro Pump|p1a: Ting-Lu\n|-supereffective|p1a: Ting-Lu\n|-damage|p1a: Ting-Lu|39\/100\n|move|p1b: Corviknight|Tailwind|p1b: Corviknight\n|-sidestart|p1: DDKK5943|move: Tailwind\n|move|p1a: Ting-Lu|Earthquake|p2b: Chi-Yu|[spread] p2a\n|-activate|p2b: Chi-Yu|move: Protect\n|-immune|p1b: Corviknight\n|-damage|p2a: Iron Bundle|55\/100\n|\n|upkeep\n|turn|2\n|j| poolsideguy\n|\n|t:|1682490576\n|move|p2a: Iron Bundle|Hydro Pump|p1a: Ting-Lu\n|-supereffective|p1a: Ting-Lu\n|-damage|p1a: Ting-Lu|0 fnt\n|faint|p1a: Ting-Lu\n|move|p1b: Corviknight|Brave Bird|p2b: Chi-Yu\n|-damage|p2b: Chi-Yu|53\/100\n|-damage|p1b: Corviknight|88\/100|[from] Recoil\n|move|p2b: Chi-Yu|Will-O-Wisp|p1b: Corviknight\n|-status|p1b: Corviknight|brn\n|\n|-damage|p1b: Corviknight|82\/100 brn|[from] brn\n|upkeep\n|\n|t:|1682490581\n|switch|p1a: Flutter Mane|Flutter Mane, L50|100\/100\n|turn|3\n|\n|t:|1682490592\n|switch|p1b: Iron Bundle|Iron Bundle, L50|100\/100\n|-enditem|p1b: Iron Bundle|Booster Energy\n|-activate|p1b: Iron Bundle|ability: Quark Drive|[fromitem]\n|-start|p1b: Iron Bundle|quarkdrivespe\n|move|p2a: Iron Bundle|Protect|p2a: Iron Bundle\n|-singleturn|p2a: Iron Bundle|Protect\n|move|p2b: Chi-Yu|Protect|p2b: Chi-Yu\n|-singleturn|p2b: Chi-Yu|Protect\n|move|p1a: Flutter Mane|Dazzling Gleam|p2a: Iron Bundle|[spread] \n|-activate|p2a: Iron Bundle|move: Protect\n|-activate|p2b: Chi-Yu|move: Protect\n|\n|upkeep\n|turn|4\n|inactive|PruebasNabil has 30 seconds left.\n|\n|t:|1682490622\n|-terastallize|p2b: Chi-Yu|Ghost\n|move|p2a: Iron Bundle|Protect|p2a: Iron Bundle\n|-singleturn|p2a: Iron Bundle|Protect\n|move|p1b: Iron Bundle|Encore|p2b: Chi-Yu\n|-start|p2b: Chi-Yu|Encore\n|move|p1a: Flutter Mane|Dazzling Gleam|p2b: Chi-Yu|[spread] p2b\n|-activate|p2a: Iron Bundle|move: Protect\n|-damage|p2b: Chi-Yu|14\/100\n|-enditem|p2b: Chi-Yu|Sitrus Berry|[eat]\n|-heal|p2b: Chi-Yu|39\/100|[from] item: Sitrus Berry\n|move|p2b: Chi-Yu|Protect||[still]\n|-fail|p2b: Chi-Yu\n|\n|-sideend|p1: DDKK5943|move: Tailwind\n|upkeep\n|turn|5\n|\n|t:|1682490641\n|move|p2b: Chi-Yu|Protect|p2b: Chi-Yu\n|-singleturn|p2b: Chi-Yu|Protect\n|move|p1b: Iron Bundle|Encore|p2a: Iron Bundle\n|-start|p2a: Iron Bundle|Encore\n|move|p2a: Iron Bundle|Protect||[still]\n|-fail|p2a: Iron Bundle\n|move|p1a: Flutter Mane|Dazzling Gleam|p2b: Chi-Yu|[spread] p2a\n|-activate|p2b: Chi-Yu|move: Protect\n|-damage|p2a: Iron Bundle|0 fnt\n|faint|p2a: Iron Bundle\n|-end|p2a: Iron Bundle|Quark Drive|[silent]\n|\n|upkeep\n|\n|t:|1682490649\n|switch|p2a: Dragonite|Dragonite, L50, F, shiny|100\/100\n|turn|6\n|\n|t:|1682490664\n|switch|p2b: Chien-Pao|Chien-Pao, L50|100\/100\n|-ability|p2b: Chien-Pao|Sword of Ruin\n|move|p2a: Dragonite|Extreme Speed|p1b: Iron Bundle\n|-damage|p1b: Iron Bundle|25\/100\n|move|p1b: Iron Bundle|Freeze-Dry|p2a: Dragonite\n|-supereffective|p2a: Dragonite\n|-damage|p2a: Dragonite|39\/100\n|move|p1a: Flutter Mane|Dazzling Gleam|p2a: Dragonite|[spread] p2a,p2b\n|-supereffective|p2a: Dragonite\n|-supereffective|p2b: Chien-Pao\n|-damage|p2a: Dragonite|0 fnt\n|-enditem|p2b: Chien-Pao|Focus Sash\n|-damage|p2b: Chien-Pao|1\/100\n|faint|p2a: Dragonite\n|\n|upkeep\n|\n|t:|1682490672\n|switch|p2a: Chi-Yu|Chi-Yu, L50, tera:Ghost|39\/100\n|-ability|p2a: Chi-Yu|Beads of Ruin\n|turn|7\n|\n|t:|1682490687\n|move|p2b: Chien-Pao|Sucker Punch|p1a: Flutter Mane\n|-damage|p1a: Flutter Mane|8\/100\n|move|p1b: Iron Bundle|Icy Wind|p2b: Chien-Pao|[spread] p2a,p2b\n|-resisted|p2b: Chien-Pao\n|-damage|p2a: Chi-Yu|18\/100\n|-damage|p2b: Chien-Pao|0 fnt\n|-unboost|p2a: Chi-Yu|spe|1\n|faint|p2b: Chien-Pao\n|move|p1a: Flutter Mane|Dazzling Gleam|p2a: Chi-Yu\n|-damage|p2a: Chi-Yu|0 fnt\n|faint|p2a: Chi-Yu\n|\n|win|DDKK5943\n|raw|DDKK5943's rating: 1803 → 1816<\/strong> (+13 for winning)\n|raw|PruebasNabil's rating: 1677 → 1664<\/strong> (-13 for losing)\n|l|\u2606PruebasNabil\n|l|\u2606DDKK5943\n","uploadtime":1682490711,"views":24,"p1id":"ddkk5943","p2id":"pruebasnabil","formatid":"gen9vgc2023regulationc","rating":1664,"private":0,"password":""}