{"id":"gen9vgc2023regulationc-1849501718","p1":"tealpens1","p2":"VicWeby","format":"[Gen 9] VGC 2023 Regulation C","log":"|j|\u2606tealpens1\n|j|\u2606VicWeby\n|t:|1682206028\n|gametype|doubles\n|player|p1|tealpens1|170|\n|player|p2|VicWeby|2|\n|teamsize|p1|6\n|teamsize|p2|6\n|gen|9\n|tier|[Gen 9] VGC 2023 Regulation C\n|rule|Species Clause: Limit one of each Pok\u00e9mon\n|rule|Item Clause: Limit one of each item\n|clearpoke\n|poke|p1|Tyranitar, L50, M|\n|poke|p1|Lycanroc, L50, M|\n|poke|p1|Maushold-Four, L50|\n|poke|p1|Annihilape, L50, F|\n|poke|p1|Ting-Lu, L50|\n|poke|p1|Flutter Mane, L50|\n|poke|p2|Arcanine, L50, F|\n|poke|p2|Palafin, L50, F|\n|poke|p2|Flutter Mane, L50|\n|poke|p2|Roaring Moon, L50|\n|poke|p2|Amoonguss, L50, M|\n|poke|p2|Ting-Lu, L50|\n|teampreview|4\n|\n|t:|1682206054\n|start\n|switch|p1a: Lycanroc|Lycanroc, L50, M|100\/100\n|switch|p1b: Tyranitar|Tyranitar, L50, M|100\/100\n|switch|p2a: Roaring Moon|Roaring Moon, L50|100\/100\n|switch|p2b: Palafin|Palafin, L50, F, shiny|100\/100\n|-weather|Sandstorm|[from] ability: Sand Stream|[of] p1b: Tyranitar\n|-enditem|p2a: Roaring Moon|Booster Energy\n|-activate|p2a: Roaring Moon|ability: Protosynthesis|[fromitem]\n|-start|p2a: Roaring Moon|protosynthesisspe\n|turn|1\n|\n|t:|1682206114\n|switch|p1b: Annihilape|Annihilape, L50, F|100\/100\n|move|p2b: Palafin|Protect|p2b: Palafin\n|-singleturn|p2b: Palafin|Protect\n|move|p1a: Lycanroc|Howl|p1a: Lycanroc|[spread] p1a,p1b\n|-boost|p1a: Lycanroc|atk|1\n|-boost|p1b: Annihilape|atk|1\n|move|p2a: Roaring Moon|Tailwind|p2a: Roaring Moon\n|-sidestart|p2: VicWeby|move: Tailwind\n|\n|-weather|Sandstorm|[upkeep]\n|-damage|p2a: Roaring Moon|94\/100|[from] Sandstorm\n|-damage|p2b: Palafin|95\/100|[from] Sandstorm\n|-damage|p1b: Annihilape|94\/100|[from] Sandstorm\n|-heal|p1b: Annihilape|100\/100|[from] item: Leftovers\n|upkeep\n|turn|2\n|\n|t:|1682206159\n|-terastallize|p2a: Roaring Moon|Flying\n|move|p1b: Annihilape|Protect|p1b: Annihilape\n|-singleturn|p1b: Annihilape|Protect\n|move|p2b: Palafin|Jet Punch|p1a: Lycanroc\n|-supereffective|p1a: Lycanroc\n|-damage|p1a: Lycanroc|8\/100\n|move|p2a: Roaring Moon|Acrobatics|p1b: Annihilape\n|-activate|p1b: Annihilape|move: Protect\n|move|p1a: Lycanroc|Rock Slide|p2a: Roaring Moon|[spread] p2a,p2b\n|-supereffective|p2a: Roaring Moon\n|-damage|p2a: Roaring Moon|0 fnt\n|-damage|p2b: Palafin|50\/100\n|faint|p2a: Roaring Moon\n|-end|p2a: Roaring Moon|Protosynthesis|[silent]\n|\n|-weather|Sandstorm|[upkeep]\n|-damage|p2b: Palafin|44\/100|[from] Sandstorm\n|-damage|p1b: Annihilape|94\/100|[from] Sandstorm\n|-heal|p1b: Annihilape|100\/100|[from] item: Leftovers\n|upkeep\n|\n|t:|1682206183\n|switch|p2a: Amoonguss|Amoonguss, L50, M|100\/100\n|turn|3\n|\n|t:|1682206216\n|detailschange|p2b: Palafin|Palafin-Hero, L50, F, shiny\n|switch|p2b: Flutter Mane|Flutter Mane, L50|100\/100\n|move|p1a: Lycanroc|Endeavor|p2a: Amoonguss\n|-damage|p2a: Amoonguss|6\/100\n|-enditem|p2a: Amoonguss|Sitrus Berry|[eat]\n|-heal|p2a: Amoonguss|31\/100|[from] item: Sitrus Berry\n|move|p1b: Annihilape|Rage Fist|p2a: Amoonguss\n|-damage|p2a: Amoonguss|6\/100\n|move|p2a: Amoonguss|Spore|p1b: Annihilape\n|-status|p1b: Annihilape|slp|[from] move: Spore\n|\n|-weather|Sandstorm|[upkeep]\n|-damage|p2b: Flutter Mane|94\/100|[from] Sandstorm\n|-damage|p1b: Annihilape|94\/100 slp|[from] Sandstorm\n|-damage|p2a: Amoonguss|0 fnt|[from] Sandstorm\n|faint|p2a: Amoonguss\n|-heal|p1b: Annihilape|100\/100 slp|[from] item: Leftovers\n|upkeep\n|\n|t:|1682206235\n|switch|p2a: Palafin|Palafin-Hero, L50, F, shiny|44\/100\n|-activate|p2a: Palafin|ability: Zero to Hero\n|turn|4\n|\n|t:|1682206283\n|move|p1a: Lycanroc|Protect|p1a: Lycanroc\n|-singleturn|p1a: Lycanroc|Protect\n|cant|p1b: Annihilape|slp\n|move|p2b: Flutter Mane|Moonblast|p1a: Lycanroc\n|-activate|p1a: Lycanroc|move: Protect\n|move|p2a: Palafin|Wave Crash|p1b: Annihilape\n|-damage|p1b: Annihilape|10\/100 slp\n|-damage|p2a: Palafin|13\/100|[from] Recoil\n|\n|-weather|Sandstorm|[upkeep]\n|-damage|p2b: Flutter Mane|88\/100|[from] Sandstorm\n|-damage|p2a: Palafin|7\/100|[from] Sandstorm\n|-damage|p1b: Annihilape|3\/100 slp|[from] Sandstorm\n|-heal|p1b: Annihilape|10\/100 slp|[from] item: Leftovers\n|-sideend|p2: VicWeby|move: Tailwind\n|upkeep\n|turn|5\n|\n|t:|1682206320\n|move|p2a: Palafin|Jet Punch|p1a: Lycanroc\n|-supereffective|p1a: Lycanroc\n|-damage|p1a: Lycanroc|0 fnt\n|faint|p1a: Lycanroc\n|move|p2b: Flutter Mane|Moonblast|p1b: Annihilape\n|-supereffective|p1b: Annihilape\n|-damage|p1b: Annihilape|0 fnt\n|faint|p1b: Annihilape\n|-damage|p2b: Flutter Mane|78\/100|[from] item: Life Orb\n|\n|-weather|none\n|upkeep\n|\n|t:|1682206329\n|switch|p1a: Tyranitar|Tyranitar, L50, M|100\/100\n|switch|p1b: Maushold|Maushold-Four, L50|100\/100\n|-weather|Sandstorm|[from] ability: Sand Stream|[of] p1a: Tyranitar\n|turn|6\n|\n|t:|1682206404\n|-terastallize|p1a: Tyranitar|Flying\n|move|p1b: Maushold|Follow Me|p1b: Maushold\n|-singleturn|p1b: Maushold|move: Follow Me\n|move|p2a: Palafin|Jet Punch|p1b: Maushold\n|-damage|p1b: Maushold|51\/100\n|move|p2b: Flutter Mane|Moonblast|p1b: Maushold\n|-damage|p1b: Maushold|0 fnt\n|faint|p1b: Maushold\n|-damage|p2b: Flutter Mane|69\/100|[from] item: Life Orb\n|move|p1a: Tyranitar|Tera Blast|p2b: Flutter Mane\n|-damage|p2b: Flutter Mane|0 fnt\n|faint|p2b: Flutter Mane\n|-end|p2b: Flutter Mane|Protosynthesis|[silent]\n|\n|-weather|Sandstorm|[upkeep]\n|-damage|p2a: Palafin|1\/100|[from] Sandstorm\n|-damage|p1a: Tyranitar|94\/100|[from] Sandstorm\n|upkeep\n|turn|7\n|\n|t:|1682206428\n|move|p2a: Palafin|Wave Crash|p1a: Tyranitar\n|-damage|p1a: Tyranitar|21\/100\n|-damage|p2a: Palafin|0 fnt|[from] Recoil\n|faint|p2a: Palafin\n|\n|win|tealpens1\n","uploadtime":1682206435,"views":5,"p1id":"tealpens1","p2id":"vicweby","formatid":"gen9vgc2023regulationc","rating":0,"private":0,"password":""}