{"id":"gen9vgc2023regulationc-1846700954","p1":"cadenguy","p2":"Howdy04","format":"[Gen 9] VGC 2023 Regulation C","log":"|j|\u2606cadenguy\n|j|\u2606Howdy04\n|t:|1681867560\n|gametype|doubles\n|player|p1|cadenguy|clair|\n|player|p2|Howdy04|169|\n|teamsize|p1|6\n|teamsize|p2|6\n|gen|9\n|tier|[Gen 9] VGC 2023 Regulation C\n|rule|Species Clause: Limit one of each Pok\u00e9mon\n|rule|Item Clause: Limit one of each item\n|clearpoke\n|poke|p1|Bronzong, L50|\n|poke|p1|Flutter Mane, L50|\n|poke|p1|Hydreigon, L50, M|\n|poke|p1|Meowscarada, L50, F|\n|poke|p1|Clodsire, L50, M|\n|poke|p1|Breloom, L50, M|\n|poke|p2|Armarouge, L50, M|\n|poke|p2|Indeedee-F, L50, F|\n|poke|p2|Garganacl, L50, F|\n|poke|p2|Azumarill, L50, M|\n|poke|p2|Torkoal, L50, F|\n|poke|p2|Lilligant, L50, F|\n|teampreview|4\n|j| vFrostii\n|j| elyk1987\n|inactive|Battle timer is ON: inactive players will automatically lose when time's up. (requested by Howdy04)\n|\n|t:|1681867622\n|start\n|switch|p1a: Meowscarada|Meowscarada, L50, F|100\/100\n|switch|p1b: Ding Dong|Bronzong, L50|100\/100\n|switch|p2a: Lilligant|Lilligant, L50, F|100\/100\n|switch|p2b: Torkoal|Torkoal, L50, F|100\/100\n|-weather|SunnyDay|[from] ability: Drought|[of] p2b: Torkoal\n|turn|1\n|j| GoldenKurama\n|\n|t:|1681867646\n|move|p1a: Meowscarada|Sucker Punch|p2b: Torkoal\n|-damage|p2b: Torkoal|71\/100\n|move|p2a: Lilligant|After You|p2b: Torkoal\n|-activate|p2b: Torkoal|move: After You\n|move|p2b: Torkoal|Eruption|p1b: Ding Dong|[spread] p1a,p1b\n|-supereffective|p1a: Meowscarada\n|-supereffective|p1b: Ding Dong\n|-enditem|p1a: Meowscarada|Focus Sash\n|-damage|p1a: Meowscarada|1\/100\n|-damage|p1b: Ding Dong|61\/100\n|move|p1b: Ding Dong|Light Screen|p1b: Ding Dong\n|-sidestart|p1: cadenguy|move: Light Screen\n|\n|-weather|SunnyDay|[upkeep]\n|upkeep\n|turn|2\n|inactive|cadenguy has 30 seconds left.\n|inactive|Howdy04 has 30 seconds left.\n|j| Kevin1012\n|\n|t:|1681867679\n|move|p2a: Lilligant|Sleep Powder|p1b: Ding Dong\n|-status|p1b: Ding Dong|slp|[from] move: Sleep Powder\n|move|p1a: Meowscarada|Knock Off|p2b: Torkoal\n|-damage|p2b: Torkoal|28\/100\n|-enditem|p2b: Torkoal|Charcoal|[from] move: Knock Off|[of] p1a: Meowscarada\n|cant|p1b: Ding Dong|slp\n|move|p2b: Torkoal|Eruption|p1a: Meowscarada|[spread] p1a,p1b\n|-supereffective|p1a: Meowscarada\n|-supereffective|p1b: Ding Dong\n|-damage|p1a: Meowscarada|0 fnt\n|-damage|p1b: Ding Dong|52\/100 slp\n|faint|p1a: Meowscarada\n|\n|-weather|SunnyDay|[upkeep]\n|upkeep\n|inactive|cadenguy has 30 seconds left.\n|\n|t:|1681867704\n|switch|p1a: Flutter Maine|Flutter Mane, L50|100\/100\n|-activate|p1a: Flutter Maine|ability: Protosynthesis\n|-start|p1a: Flutter Maine|protosynthesisspa\n|turn|3\n|inactive|Howdy04 has 30 seconds left.\n|inactive|Howdy04 has 20 seconds left.\n|inactive|Howdy04 has 15 seconds left.\n|\n|t:|1681867744\n|switch|p1b: Hydrogen|Hydreigon, L50, M|100\/100\n|move|p2a: Lilligant|Sleep Powder|p1a: Flutter Maine\n|-status|p1a: Flutter Maine|slp|[from] move: Sleep Powder\n|cant|p1a: Flutter Maine|slp\n|move|p2b: Torkoal|Flamethrower|p1b: Hydrogen\n|-resisted|p1b: Hydrogen\n|-damage|p1b: Hydrogen|78\/100\n|\n|-weather|SunnyDay|[upkeep]\n|upkeep\n|turn|4\n|\n|t:|1681867764\n|switch|p2b: Indeedee|Indeedee-F, L50, F|100\/100\n|-fieldstart|move: Psychic Terrain|[from] ability: Psychic Surge|[of] p2b: Indeedee\n|-enditem|p2b: Indeedee|Psychic Seed\n|-boost|p2b: Indeedee|spd|1|[from] item: Psychic Seed\n|move|p2a: Lilligant|Sleep Powder|p1b: Hydrogen\n|-status|p1b: Hydrogen|slp|[from] move: Sleep Powder\n|-curestatus|p1a: Flutter Maine|slp|[msg]\n|move|p1a: Flutter Maine|Dark Pulse|p2b: Indeedee\n|-supereffective|p2b: Indeedee\n|-damage|p2b: Indeedee|32\/100\n|cant|p1b: Hydrogen|slp\n|\n|-weather|SunnyDay|[upkeep]\n|upkeep\n|turn|5\n|\n|t:|1681867789\n|switch|p1b: Ding Dong|Bronzong, L50|52\/100 slp\n|move|p2a: Lilligant|Sleep Powder|p1a: Flutter Maine\n|-status|p1a: Flutter Maine|slp|[from] move: Sleep Powder\n|cant|p1a: Flutter Maine|slp\n|move|p2b: Indeedee|Trick Room|p2b: Indeedee\n|-fieldstart|move: Trick Room|[of] p2b: Indeedee\n|\n|-weather|none\n|-end|p1a: Flutter Maine|Protosynthesis\n|upkeep\n|turn|6\n|j| Lint623\n|inactive|Howdy04 has 30 seconds left.\n|inactive|Howdy04 has 20 seconds left.\n|inactive|Howdy04 has 15 seconds left.\n|inactive|Howdy04 has 10 seconds left.\n|\n|t:|1681867836\n|switch|p2b: Torkoal|Torkoal, L50, F|28\/100\n|-weather|SunnyDay|[from] ability: Drought|[of] p2b: Torkoal\n|-activate|p1a: Flutter Maine|ability: Protosynthesis\n|-start|p1a: Flutter Maine|protosynthesisspa\n|switch|p2a: Armarouge|Armarouge, L50, M|100\/100\n|cant|p1b: Ding Dong|slp\n|-curestatus|p1a: Flutter Maine|slp|[msg]\n|move|p1a: Flutter Maine|Dark Pulse|p2b: Torkoal\n|-crit|p2b: Torkoal\n|-damage|p2b: Torkoal|0 fnt\n|faint|p2b: Torkoal\n|\n|-weather|SunnyDay|[upkeep]\n|upkeep\n|\n|t:|1681867850\n|switch|p2b: Indeedee|Indeedee-F, L50, F|32\/100\n|turn|7\n|inactive|Howdy04 has 30 seconds left.\n|inactive|Howdy04 has 20 seconds left.\n|\n|t:|1681867887\n|-terastallize|p2a: Armarouge|Dark\n|move|p2b: Indeedee|Helping Hand|p2a: Armarouge\n|-singleturn|p2a: Armarouge|Helping Hand|[of] p2b: Indeedee\n|-curestatus|p1b: Ding Dong|slp|[msg]\n|move|p1b: Ding Dong|Ice Spinner|p2a: Armarouge\n|-damage|p2a: Armarouge|82\/100\n|-fieldend|move: Psychic Terrain\n|-ability|p2a: Armarouge|Weak Armor|boost\n|-unboost|p2a: Armarouge|def|1\n|-boost|p2a: Armarouge|spe|2\n|move|p1a: Flutter Maine|Dark Pulse|p2a: Armarouge\n|-resisted|p2a: Armarouge\n|-damage|p2a: Armarouge|52\/100\n|move|p2a: Armarouge|Shadow Ball|p1a: Flutter Maine\n|-supereffective|p1a: Flutter Maine\n|-damage|p1a: Flutter Maine|42\/100\n|\n|-weather|SunnyDay|[upkeep]\n|upkeep\n|turn|8\n|inactive|cadenguy has 30 seconds left.\n|inactive|cadenguy has 20 seconds left.\n|\n|t:|1681867925\n|-end|p1a: Flutter Maine|Protosynthesis|[silent]\n|switch|p1a: Hydrogen|Hydreigon, L50, M|78\/100 slp\n|move|p2b: Indeedee|Follow Me|p2b: Indeedee\n|-singleturn|p2b: Indeedee|move: Follow Me\n|move|p1b: Ding Dong|Heavy Slam|p2b: Indeedee\n|-damage|p2b: Indeedee|0 fnt\n|faint|p2b: Indeedee\n|move|p2a: Armarouge|Armor Cannon|p1b: Ding Dong\n|-supereffective|p1b: Ding Dong\n|-damage|p1b: Ding Dong|8\/100\n|-unboost|p2a: Armarouge|def|1\n|-unboost|p2a: Armarouge|spd|1\n|\n|-weather|SunnyDay|[upkeep]\n|-sideend|p1: cadenguy|move: Light Screen\n|upkeep\n|\n|t:|1681867931\n|switch|p2b: Lilligant|Lilligant, L50, F|100\/100\n|turn|9\n|inactive|cadenguy has 30 seconds left.\n|inactive|cadenguy has 20 seconds left.\n|\n|t:|1681867968\n|move|p1b: Ding Dong|Ice Spinner|p2b: Lilligant\n|-supereffective|p2b: Lilligant\n|-damage|p2b: Lilligant|55\/100\n|-curestatus|p1a: Hydrogen|slp|[msg]\n|move|p1a: Hydrogen|Flash Cannon|p2a: Armarouge\n|-damage|p2a: Armarouge|0 fnt\n|faint|p2a: Armarouge\n|-damage|p1a: Hydrogen|69\/100|[from] item: Life Orb\n|move|p2b: Lilligant|Leaf Storm|p1b: Ding Dong\n|-resisted|p1b: Ding Dong\n|-damage|p1b: Ding Dong|0 fnt\n|-unboost|p2b: Lilligant|spa|2\n|faint|p1b: Ding Dong\n|\n|-weather|SunnyDay|[upkeep]\n|-fieldend|move: Trick Room\n|upkeep\n|\n|t:|1681867982\n|switch|p1b: Flutter Maine|Flutter Mane, L50|42\/100\n|-activate|p1b: Flutter Maine|ability: Protosynthesis\n|-start|p1b: Flutter Maine|protosynthesisspa\n|turn|10\n|\n|t:|1681867991\n|move|p2b: Lilligant|Leaf Storm|p1b: Flutter Maine\n|-damage|p1b: Flutter Maine|18\/100\n|-unboost|p2b: Lilligant|spa|2\n|move|p1b: Flutter Maine|Mystical Fire|p2b: Lilligant\n|-supereffective|p2b: Lilligant\n|-damage|p2b: Lilligant|0 fnt\n|faint|p2b: Lilligant\n|\n|win|cadenguy\n|l|\u2606Howdy04\n|l| vFrostii\n","uploadtime":1681868004,"views":17,"p1id":"cadenguy","p2id":"howdy04","formatid":"gen9vgc2023regulationc","rating":0,"private":0,"password":""}