{"id":"gen9vgc2023regulationc-1855874569","p1":"Kendoo2607","p2":"Gfazzo","format":"[Gen 9] VGC 2023 Regulation C","log":"|j|\u2606Kendoo2607\n|j|\u2606Gfazzo\n|t:|1682994616\n|gametype|doubles\n|player|p1|Kendoo2607|pokemonranger-gen4|\n|player|p2|Gfazzo|n-masters2|\n|teamsize|p1|6\n|teamsize|p2|6\n|gen|9\n|tier|[Gen 9] VGC 2023 Regulation C\n|rated|Tournament battle\n|rule|Species Clause: Limit one of each Pok\u00e9mon\n|rule|Item Clause: Limit one of each item\n|clearpoke\n|poke|p1|Annihilape, L50, M|\n|poke|p1|Torkoal, L50, M|\n|poke|p1|Hariyama, L50, F|\n|poke|p1|Farigiraf, L50, F|\n|poke|p1|Meowscarada, L50, M|\n|poke|p1|Maushold, L50|\n|poke|p2|Magnezone, L50|\n|poke|p2|Dondozo, L50, F|\n|poke|p2|Amoonguss, L50, F|\n|poke|p2|Ting-Lu, L50|\n|poke|p2|Flutter Mane, L50|\n|poke|p2|Arcanine, L50, F|\n|teampreview|4\n|raw| Open Team Sheet for Kendoo2607<\/summary>Annihilape @ Choice Scarf Ability: Defiant Level: 50 Tera Type: Steel - Close Combat - U-turn - Shadow Claw - Rock Slide Torkoal @ Charcoal Ability: Drought Level: 50 Tera Type: Fire - Eruption - Earth Power - Heat Wave - Protect Hariyama @ Flame Orb Ability: Guts Level: 50 Tera Type: Steel - Fake Out - Wide Guard - Drain Punch - Knock Off Farigiraf @ Mental Herb Ability: Armor Tail Level: 50 Tera Type: Steel - Helping Hand - Trick Room - Protect - Dazzling Gleam Meowscarada @ Focus Sash Ability: Overgrow Level: 50 Tera Type: Grass - Trick Room - Flower Trick - Knock Off - Protect Maushold @ Wide Lens Ability: Technician Level: 50 Tera Type: Normal - Population Bomb - Follow Me - Encore - Protect <\/details><\/div> Open Team Sheet for Gfazzo<\/summary>Magnezone @ Assault Vest Ability: Analytic Level: 50 Tera Type: Flying - Volt Switch - Tera Blast - Thunderbolt - Flash Cannon Dondozo @ Leftovers Ability: Oblivious Level: 50 Tera Type: Water - Substitute - Earthquake - Protect - Wave Crash Amoonguss @ Rocky Helmet Ability: Regenerator Level: 50 Tera Type: Water - Protect - Rage Powder - Spore - Leaf Storm Ting-Lu @ Sitrus Berry Ability: Vessel of Ruin Level: 50 Tera Type: Poison - Heavy Slam - Ruination - Stomping Tantrum - Rock Slide Flutter Mane @ Booster Energy Ability: Protosynthesis Level: 50 Tera Type: Ghost - Dazzling Gleam - Shadow Ball - Protect - Power Gem Arcanine @ Safety Goggles Ability: Intimidate Level: 50 Tera Type: Grass - Snarl - Protect - Flare Blitz - Extreme Speed <\/details><\/div>\n|c|\u2606Gfazzo|hf\n|j|%Bright Size\n|j| echohevy5555\n|c|\u2606Kendoo2607|gl hf\n|l|%Bright Size\n|j| Radio Free C-Side\n|c|\u2606Gfazzo|oops i didnt change my dozos tera type\n|c| Radio Free C-Side|left the gastro behind, sad\n|c|\u2606Gfazzo|brought the dozo tho\n|\n|t:|1682994695\n|start\n|switch|p1a: Farigiraf|Farigiraf, L50, F|100\/100\n|switch|p1b: Hariyama|Hariyama, L50, F|100\/100\n|switch|p2a: Flutter Mane|Flutter Mane, L50|100\/100\n|switch|p2b: Dondozo|Dondozo, L50, F|100\/100\n|-enditem|p2a: Flutter Mane|Booster Energy\n|-activate|p2a: Flutter Mane|ability: Protosynthesis|[fromitem]\n|-start|p2a: Flutter Mane|protosynthesisspe\n|turn|1\n|\n|t:|1682994709\n|move|p1b: Hariyama|Fake Out|p2b: Dondozo\n|-damage|p2b: Dondozo|92\/100\n|move|p2a: Flutter Mane|Dazzling Gleam|p1b: Hariyama|[spread] p1a,p1b\n|-supereffective|p1b: Hariyama\n|-damage|p1a: Farigiraf|77\/100\n|-damage|p1b: Hariyama|46\/100\n|cant|p2b: Dondozo|flinch\n|move|p1a: Farigiraf|Trick Room|p1a: Farigiraf\n|-fieldstart|move: Trick Room|[of] p1a: Farigiraf\n|\n|-heal|p2b: Dondozo|98\/100|[from] item: Leftovers\n|-status|p1b: Hariyama|brn|[from] item: Flame Orb\n|upkeep\n|turn|2\n|j|%Bright Size\n|l|%Bright Size\n|\n|t:|1682994735\n|move|p1a: Farigiraf|Helping Hand|p1b: Hariyama\n|-singleturn|p1b: Hariyama|Helping Hand|[of] p1a: Farigiraf\n|move|p1b: Hariyama|Knock Off|p2a: Flutter Mane\n|-damage|p2a: Flutter Mane|0 fnt\n|faint|p2a: Flutter Mane\n|-end|p2a: Flutter Mane|Protosynthesis|[silent]\n|move|p2b: Dondozo|Substitute|p2b: Dondozo\n|-start|p2b: Dondozo|Substitute\n|-damage|p2b: Dondozo|73\/100\n|\n|-heal|p2b: Dondozo|79\/100|[from] item: Leftovers\n|-damage|p1b: Hariyama|40\/100 brn|[from] brn\n|upkeep\n|j|+TheEeveeAnimations\n|\n|t:|1682994765\n|switch|p2a: Ting-Lu|Ting-Lu, L50|100\/100\n|-ability|p2a: Ting-Lu|Vessel of Ruin\n|turn|3\n|\n|t:|1682994780\n|-terastallize|p2a: Ting-Lu|Poison\n|move|p1a: Farigiraf|Helping Hand|p1b: Hariyama\n|-singleturn|p1b: Hariyama|Helping Hand|[of] p1a: Farigiraf\n|move|p1b: Hariyama|Drain Punch|p2b: Dondozo\n|-end|p2b: Dondozo|Substitute\n|-heal|p1b: Hariyama|54\/100 brn|[from] drain|[of] p2b: Dondozo\n|move|p2b: Dondozo|Wave Crash|p1b: Hariyama\n|-damage|p1b: Hariyama|0 fnt\n|faint|p1b: Hariyama\n|-damage|p2b: Dondozo|63\/100|[from] Recoil\n|move|p2a: Ting-Lu|Ruination|p1a: Farigiraf\n|-damage|p1a: Farigiraf|39\/100\n|\n|-heal|p2b: Dondozo|69\/100|[from] item: Leftovers\n|upkeep\n|\n|t:|1682994797\n|switch|p1b: Torkoal|Torkoal, L50, M|100\/100\n|-weather|SunnyDay|[from] ability: Drought|[of] p1b: Torkoal\n|turn|4\n|\n|t:|1682994816\n|-terastallize|p1b: Torkoal|Fire\n|move|p1a: Farigiraf|Helping Hand|p1b: Torkoal\n|-singleturn|p1b: Torkoal|Helping Hand|[of] p1a: Farigiraf\n|move|p1b: Torkoal|Eruption|p2b: Dondozo|[spread] p2a,p2b\n|-resisted|p2b: Dondozo\n|-damage|p2a: Ting-Lu|5\/100\n|-damage|p2b: Dondozo|13\/100\n|-enditem|p2a: Ting-Lu|Sitrus Berry|[eat]\n|-heal|p2a: Ting-Lu|30\/100|[from] item: Sitrus Berry\n|move|p2b: Dondozo|Earthquake|p1a: Farigiraf|[spread] p2a,p1a,p1b\n|-supereffective|p2a: Ting-Lu\n|-crit|p1a: Farigiraf\n|-supereffective|p1b: Torkoal\n|-damage|p2a: Ting-Lu|4\/100\n|-damage|p1a: Farigiraf|2\/100\n|-damage|p1b: Torkoal|67\/100\n|move|p2a: Ting-Lu|Stomping Tantrum|p1b: Torkoal\n|-supereffective|p1b: Torkoal\n|-damage|p1b: Torkoal|9\/100\n|\n|-weather|SunnyDay|[upkeep]\n|-heal|p2b: Dondozo|19\/100|[from] item: Leftovers\n|upkeep\n|turn|5\n|\n|t:|1682994837\n|move|p1a: Farigiraf|Helping Hand|p1b: Torkoal\n|-singleturn|p1b: Torkoal|Helping Hand|[of] p1a: Farigiraf\n|move|p2b: Dondozo|Protect|p2b: Dondozo\n|-singleturn|p2b: Dondozo|Protect\n|move|p1b: Torkoal|Heat Wave|p2b: Dondozo|[spread] p2a\n|-activate|p2b: Dondozo|move: Protect\n|-damage|p2a: Ting-Lu|0 fnt\n|faint|p2a: Ting-Lu\n|\n|-weather|SunnyDay|[upkeep]\n|-heal|p2b: Dondozo|25\/100|[from] item: Leftovers\n|-fieldend|move: Trick Room\n|upkeep\n|\n|t:|1682994846\n|switch|p2a: Magnezone|Magnezone, L50|100\/100\n|turn|6\n|j| Duck-Monke VGC\n|\n|t:|1682994857\n|move|p1b: Torkoal|Protect|p1b: Torkoal\n|-singleturn|p1b: Torkoal|Protect\n|move|p2a: Magnezone|Thunderbolt|p1a: Farigiraf\n|-crit|p1a: Farigiraf\n|-damage|p1a: Farigiraf|0 fnt\n|faint|p1a: Farigiraf\n|move|p2b: Dondozo|Wave Crash|p1b: Torkoal\n|-activate|p1b: Torkoal|move: Protect\n|\n|-weather|SunnyDay|[upkeep]\n|-heal|p2b: Dondozo|31\/100|[from] item: Leftovers\n|upkeep\n|\n|t:|1682994867\n|switch|p1a: Annihilape|Annihilape, L50, M|100\/100\n|turn|7\n|\n|t:|1682994888\n|move|p1a: Annihilape|Close Combat|p2b: Dondozo\n|-damage|p2b: Dondozo|1\/100\n|-unboost|p1a: Annihilape|def|1\n|-unboost|p1a: Annihilape|spd|1\n|move|p2a: Magnezone|Thunderbolt|p1b: Torkoal\n|-damage|p1b: Torkoal|0 fnt\n|faint|p1b: Torkoal\n|move|p2b: Dondozo|Wave Crash|p1a: Annihilape\n|-damage|p1a: Annihilape|58\/100\n|-damage|p2b: Dondozo|0 fnt|[from] Recoil\n|faint|p2b: Dondozo\n|\n|-weather|SunnyDay|[upkeep]\n|upkeep\n|turn|8\n|\n|t:|1682994904\n|move|p1a: Annihilape|Close Combat|p2a: Magnezone\n|-supereffective|p2a: Magnezone\n|-damage|p2a: Magnezone|15\/100\n|-unboost|p1a: Annihilape|def|1\n|-unboost|p1a: Annihilape|spd|1\n|move|p2a: Magnezone|Thunderbolt|p1a: Annihilape\n|-damage|p1a: Annihilape|0 fnt\n|faint|p1a: Annihilape\n|\n|win|Gfazzo\n|n|\u2606Kendoo2607|kendoo2607\n|n|\u2606Gfazzo|gfazzo\n|n| echohevy5555|echohevy5555\n|n| Radio Free C-Side|radiofreecside\n|n| TheEeveeAnimations|theeeveeanimations\n|n| Duck-Monke VGC|duckmonkevgc\n","uploadtime":1682994905,"views":11,"p1id":"kendoo2607","p2id":"gfazzo","formatid":"gen9vgc2023regulationc","rating":0,"private":0,"password":""}