{"id":"gen9vgc2023regulationc-1859562356","p1":"al24088","p2":"Jscoot12","format":"[Gen 9] VGC 2023 Regulation C","log":"|j|\u2606al24088\n|j|\u2606Jscoot12\n|t:|1683542160\n|gametype|doubles\n|player|p1|al24088|pilot|1351\n|player|p2|Jscoot12|102|1316\n|teamsize|p1|6\n|teamsize|p2|6\n|gen|9\n|tier|[Gen 9] VGC 2023 Regulation C\n|rated|\n|rule|Species Clause: Limit one of each Pok\u00e9mon\n|rule|Item Clause: Limit one of each item\n|clearpoke\n|poke|p1|Palafin, L50, F|\n|poke|p1|Dragapult, L50, M|\n|poke|p1|Amoonguss, L50, M|\n|poke|p1|Flutter Mane, L50|\n|poke|p1|Chien-Pao, L50|\n|poke|p1|Arcanine, L50, F|\n|poke|p2|Orthworm, L50, M|\n|poke|p2|Dragonite, L50, F|\n|poke|p2|Flutter Mane, L50|\n|poke|p2|Chi-Yu, L50|\n|poke|p2|Gyarados, L50, M|\n|poke|p2|Dondozo, L50, F|\n|teampreview|4\nJscoot12 has agreed to open team sheets.\n|\n|t:|1683542186\n|start\n|switch|p1a: Flutter Mane|Flutter Mane, L50, shiny|100\/100\n|switch|p1b: Amoonguss|Amoonguss, L50, M|100\/100\n|switch|p2a: Flutter Mane|Flutter Mane, L50|100\/100\n|switch|p2b: Chi-Yu|Chi-Yu, L50|100\/100\n|-ability|p2b: Chi-Yu|Beads of Ruin\n|-enditem|p2a: Flutter Mane|Booster Energy\n|-activate|p2a: Flutter Mane|ability: Protosynthesis|[fromitem]\n|-start|p2a: Flutter Mane|protosynthesisspe\n|turn|1\n|\n|t:|1683542205\n|-terastallize|p2b: Chi-Yu|Grass\n|-terastallize|p1b: Amoonguss|Water\n|move|p1b: Amoonguss|Rage Powder|p1b: Amoonguss\n|-singleturn|p1b: Amoonguss|move: Rage Powder\n|move|p2a: Flutter Mane|Shadow Ball|p1b: Amoonguss\n|-damage|p1b: Amoonguss|59\/100\n|move|p1a: Flutter Mane|Dazzling Gleam|p2b: Chi-Yu|[spread] p2a,p2b\n|-damage|p2a: Flutter Mane|40\/100\n|-damage|p2b: Chi-Yu|56\/100\n|move|p2b: Chi-Yu|Tera Blast|p1b: Amoonguss\n|-supereffective|p1b: Amoonguss\n|-damage|p1b: Amoonguss|0 fnt\n|faint|p1b: Amoonguss\n|-damage|p2b: Chi-Yu|46\/100|[from] item: Life Orb\n|\n|upkeep\n|\n|t:|1683542229\n|switch|p1b: Chien-Pao|Chien-Pao, L50|100\/100\n|-ability|p1b: Chien-Pao|Sword of Ruin\n|turn|2\n|\n|t:|1683542238\n|move|p2a: Flutter Mane|Protect|p2a: Flutter Mane\n|-singleturn|p2a: Flutter Mane|Protect\n|move|p1b: Chien-Pao|Sucker Punch||[still]\n|-fail|p1b: Chien-Pao\n|move|p1a: Flutter Mane|Dazzling Gleam|p2b: Chi-Yu|[spread] p2b\n|-activate|p2a: Flutter Mane|move: Protect\n|-damage|p2b: Chi-Yu|1\/100\n|move|p2b: Chi-Yu|Flamethrower|p1b: Chien-Pao\n|-supereffective|p1b: Chien-Pao\n|-enditem|p1b: Chien-Pao|Focus Sash\n|-damage|p1b: Chien-Pao|1\/100\n|-damage|p2b: Chi-Yu|0 fnt|[from] item: Life Orb\n|faint|p2b: Chi-Yu\n|\n|upkeep\n|\n|t:|1683542255\n|switch|p2b: Dondozo|Dondozo, L50, F|100\/100\n|turn|3\n|\n|t:|1683542270\n|-end|p2a: Flutter Mane|Protosynthesis|[silent]\n|switch|p2a: Orthworm|Orthworm, L50, M|100\/100\n|-end|p1a: Flutter Mane|Protosynthesis|[silent]\n|switch|p1a: Arcanine|Arcanine, L50, F|100\/100\n|-ability|p1a: Arcanine|Intimidate|boost\n|-unboost|p2a: Orthworm|atk|1\n|-fail|p2b: Dondozo|unboost|Attack|[from] ability: Oblivious|[of] p2b: Dondozo\n|move|p1b: Chien-Pao|Protect|p1b: Chien-Pao\n|-singleturn|p1b: Chien-Pao|Protect\n|move|p2b: Dondozo|Earthquake|p1b: Chien-Pao|[spread] p1a\n|-activate|p1b: Chien-Pao|move: Protect\n|-immune|p2a: Orthworm|[from] ability: Earth Eater\n|-supereffective|p1a: Arcanine\n|-damage|p1a: Arcanine|55\/100\n|\n|upkeep\n|turn|4\n|\n|t:|1683542293\n|move|p1b: Chien-Pao|Sacred Sword|p2a: Orthworm\n|-supereffective|p2a: Orthworm\n|-damage|p2a: Orthworm|42\/100\n|-enditem|p2a: Orthworm|Sitrus Berry|[eat]\n|-heal|p2a: Orthworm|67\/100|[from] item: Sitrus Berry\n|move|p1a: Arcanine|Flare Blitz|p2a: Orthworm\n|-supereffective|p2a: Orthworm\n|-crit|p2a: Orthworm\n|-damage|p2a: Orthworm|0 fnt\n|faint|p2a: Orthworm\n|-damage|p1a: Arcanine|35\/100|[from] Recoil\n|move|p2b: Dondozo|Earthquake|p1b: Chien-Pao|[spread] p1a,p1b\n|-supereffective|p1a: Arcanine\n|-damage|p1a: Arcanine|0 fnt\n|-damage|p1b: Chien-Pao|0 fnt\n|faint|p1a: Arcanine\n|faint|p1b: Chien-Pao\n|\n|upkeep\n|\n|t:|1683542309\n|switch|p1b: Flutter Mane|Flutter Mane, L50, shiny|100\/100\n|switch|p2a: Flutter Mane|Flutter Mane, L50|40\/100\n|turn|5\n|\n|t:|1683542319\n|move|p2a: Flutter Mane|Shadow Ball|p1b: Flutter Mane\n|-supereffective|p1b: Flutter Mane\n|-damage|p1b: Flutter Mane|25\/100\n|move|p1b: Flutter Mane|Dazzling Gleam|p2a: Flutter Mane|[spread] p2a,p2b\n|-damage|p2a: Flutter Mane|0 fnt\n|-damage|p2b: Dondozo|51\/100\n|faint|p2a: Flutter Mane\n|-end|p2a: Flutter Mane|Protosynthesis|[silent]\n|move|p2b: Dondozo|Yawn|p1b: Flutter Mane\n|-start|p1b: Flutter Mane|move: Yawn|[of] p2b: Dondozo\n|\n|-heal|p2b: Dondozo|57\/100|[from] item: Leftovers\n|upkeep\n|turn|6\n|\n|t:|1683542333\n|move|p2b: Dondozo|Protect|p2b: Dondozo\n|-singleturn|p2b: Dondozo|Protect\n|move|p1b: Flutter Mane|Dazzling Gleam|p2b: Dondozo\n|-activate|p2b: Dondozo|move: Protect\n|\n|-heal|p2b: Dondozo|64\/100|[from] item: Leftovers\n|-end|p1b: Flutter Mane|move: Yawn|[silent]\n|-status|p1b: Flutter Mane|slp\n|upkeep\n|turn|7\n|-message|al24088 forfeited.\n|\n|win|Jscoot12\n|raw|al24088's rating: 1351 → 1329<\/strong> (-22 for losing)\n|raw|Jscoot12's rating: 1316 → 1338<\/strong> (+22 for winning)\n|l|\u2606al24088\n","uploadtime":1683542355,"views":6,"p1id":"al24088","p2id":"jscoot12","formatid":"gen9vgc2023regulationc","rating":1329,"private":0,"password":""}