{"id":"gen9vgc2023regulationc-1857517195","p1":"Chaddyfootball","p2":"usuallyze","format":"[Gen 9] VGC 2023 Regulation C","log":"|j|\u2606Chaddyfootball\n|j|\u2606usuallyze\n|t:|1683203997\n|gametype|doubles\n|player|p1|Chaddyfootball|red|1100\n|player|p2|usuallyze|blackbelt-gen4dp|1072\n|teamsize|p1|6\n|teamsize|p2|6\n|gen|9\n|tier|[Gen 9] VGC 2023 Regulation C\n|rated|\n|rule|Species Clause: Limit one of each Pok\u00e9mon\n|rule|Item Clause: Limit one of each item\n|clearpoke\n|poke|p1|Arcanine, L50, F|\n|poke|p1|Abomasnow, L50, M|\n|poke|p1|Annihilape, L50, F|\n|poke|p1|Amoonguss, L50, M|\n|poke|p1|Palafin, L50, F|\n|poke|p1|Ceruledge, L50, M|\n|poke|p2|Meowscarada, L50, M|\n|poke|p2|Tauros-Paldea-Blaze, L50, M|\n|poke|p2|Amoonguss, L50, M|\n|poke|p2|Krookodile, L50, M|\n|poke|p2|Ceruledge, L50, M|\n|poke|p2|Annihilape, L50, M|\n|teampreview|4\n|inactive|Battle timer is ON: inactive players will automatically lose when time's up. (requested by usuallyze)\n|inactive|Chaddyfootball has 60 seconds left.\n|\n|t:|1683204046\n|start\n|switch|p1a: Abomasnow|Abomasnow, L50, M|100\/100\n|switch|p1b: Palafin|Palafin, L50, F|100\/100\n|switch|p2a: Meowscarada|Meowscarada, L50, M|100\/100\n|switch|p2b: Tauros|Tauros-Paldea-Blaze, L50, M, shiny|100\/100\n|-weather|Snow|[from] ability: Snow Warning|[of] p1a: Abomasnow\n|turn|1\n|\n|t:|1683204063\n|move|p1a: Abomasnow|Protect|p1a: Abomasnow\n|-singleturn|p1a: Abomasnow|Protect\n|move|p2a: Meowscarada|Flower Trick|p2b: Tauros\n|-resisted|p2b: Tauros\n|-crit|p2b: Tauros\n|-damage|p2b: Tauros|73\/100\n|-setboost|p2b: Tauros|atk|6|[from] ability: Anger Point\n|move|p2b: Tauros|Flame Charge|p1a: Abomasnow\n|-activate|p1a: Abomasnow|move: Protect\n|move|p1b: Palafin|Haze|p1b: Palafin\n|-clearallboost\n|\n|-weather|Snow|[upkeep]\n|upkeep\n|turn|2\n|inactive|Chaddyfootball has 30 seconds left.\n|inactive|Chaddyfootball has 20 seconds left.\n|inactive|Chaddyfootball has 15 seconds left.\n|\n|t:|1683204106\n|detailschange|p1b: Palafin|Palafin-Hero, L50, F\n|switch|p1b: Arcanine|Arcanine, L50, F|100\/100\n|-ability|p1b: Arcanine|Intimidate|boost\n|-unboost|p2a: Meowscarada|atk|1\n|-unboost|p2b: Tauros|atk|1\n|switch|p1a: Ceruledge|Ceruledge, L50, M|100\/100\n|-terastallize|p2b: Tauros|Psychic\n|move|p2a: Meowscarada|Flower Trick|p2b: Tauros\n|-crit|p2b: Tauros\n|-damage|p2b: Tauros|22\/100\n|-setboost|p2b: Tauros|atk|6|[from] ability: Anger Point\n|-enditem|p2b: Tauros|Apicot Berry|[eat]\n|-boost|p2b: Tauros|spd|1|[from] item: Apicot Berry\n|move|p2b: Tauros|Zen Headbutt|p1b: Arcanine\n|-damage|p1b: Arcanine|0 fnt\n|faint|p1b: Arcanine\n|\n|-weather|Snow|[upkeep]\n|upkeep\n|\n|t:|1683204128\n|switch|p1b: Palafin|Palafin-Hero, L50, F|100\/100\n|-activate|p1b: Palafin|ability: Zero to Hero\n|turn|3\n|\n|t:|1683204140\n|-terastallize|p1a: Ceruledge|Ghost\n|move|p1b: Palafin|Protect|p1b: Palafin\n|-singleturn|p1b: Palafin|Protect\n|move|p2a: Meowscarada|Ally Switch|p2a: Meowscarada\n|swap|p2a: Meowscarada|1|[from] move: Ally Switch\n|move|p1a: Ceruledge|Shadow Sneak|p2b: Meowscarada\n|-resisted|p2b: Meowscarada\n|-damage|p2b: Meowscarada|74\/100\n|-enditem|p2b: Meowscarada|Eject Button\n|\n|t:|1683204152\n|switch|p2b: Annihilape|Annihilape, L50, M|100\/100\n|move|p2a: Tauros|Earthquake|p1a: Ceruledge|[spread] p2b,p1a\n|-activate|p1b: Palafin|move: Protect\n|-damage|p2b: Annihilape|0 fnt\n|-damage|p1a: Ceruledge|0 fnt\n|faint|p2b: Annihilape\n|faint|p1a: Ceruledge\n|\n|-weather|Snow|[upkeep]\n|upkeep\n|\n|t:|1683204165\n|switch|p2b: Meowscarada|Meowscarada, L50, M|74\/100\n|switch|p1a: Abomasnow|Abomasnow, L50, M|100\/100\n|turn|4\n|\n|t:|1683204187\n|move|p1b: Palafin|Jet Punch|p2b: Meowscarada\n|-resisted|p2b: Meowscarada\n|-damage|p2b: Meowscarada|34\/100\n|move|p2b: Meowscarada|Flower Trick|p1b: Palafin\n|-supereffective|p1b: Palafin\n|-crit|p1b: Palafin\n|-damage|p1b: Palafin|16\/100\n|move|p2a: Tauros|Flame Charge|p1a: Abomasnow\n|-supereffective|p1a: Abomasnow\n|-damage|p1a: Abomasnow|0 fnt\n|-boost|p2a: Tauros|spe|1\n|faint|p1a: Abomasnow\n|\n|-weather|Snow|[upkeep]\n|upkeep\n|turn|5\n|\n|t:|1683204206\n|move|p2b: Meowscarada|Sucker Punch|p1b: Palafin\n|-damage|p1b: Palafin|0 fnt\n|faint|p1b: Palafin\n|\n|win|usuallyze\n|raw|Chaddyfootball's rating: 1100 → 1073<\/strong> (-27 for losing)\n|raw|usuallyze's rating: 1072 → 1104<\/strong> (+32 for winning)\n|l|\u2606Chaddyfootball\n","uploadtime":1683204222,"views":6,"p1id":"chaddyfootball","p2id":"usuallyze","formatid":"gen9vgc2023regulationc","rating":1073,"private":0,"password":""}