{"id":"gen9vgc2023regulationc-1852497876","p1":"ysarkis","p2":"RushXCalibur","format":"[Gen 9] VGC 2023 Regulation C","log":"|j|\u2606ysarkis\n|j|\u2606RushXCalibur\n|t:|1682565514\n|gametype|doubles\n|player|p1|ysarkis|clair|1341\n|player|p2|RushXCalibur|drayden|1249\n|teamsize|p1|6\n|teamsize|p2|6\n|gen|9\n|tier|[Gen 9] VGC 2023 Regulation C\n|rated|\n|rule|Species Clause: Limit one of each Pok\u00e9mon\n|rule|Item Clause: Limit one of each item\n|clearpoke\n|poke|p1|Iron Bundle, L50|\n|poke|p1|Iron Hands, L50|\n|poke|p1|Gholdengo, L50|\n|poke|p1|Garchomp, L50, F|\n|poke|p1|Chien-Pao, L50|\n|poke|p1|Talonflame, L50, F|\n|poke|p2|Palafin, L50, F|\n|poke|p2|Scizor, L50, M|\n|poke|p2|Pelipper, L50, M|\n|poke|p2|Iron Jugulis, L50|\n|poke|p2|Kingambit, L50, M|\n|poke|p2|Brute Bonnet, L50|\n|teampreview|4\n|\n|t:|1682565574\n|start\n|switch|p1a: Iron Bundle|Iron Bundle, L50|100\/100\n|switch|p1b: Gholdengo|Gholdengo, L50|100\/100\n|switch|p2a: Pelipper|Pelipper, L50, M|100\/100\n|switch|p2b: Kingambit|Kingambit, L50, M|100\/100\n|-weather|RainDance|[from] ability: Drizzle|[of] p2a: Pelipper\n|-enditem|p1a: Iron Bundle|Booster Energy\n|-activate|p1a: Iron Bundle|ability: Quark Drive|[fromitem]\n|-start|p1a: Iron Bundle|quarkdrivespe\n|turn|1\n|\n|t:|1682565598\n|switch|p1b: Iron Hands|Iron Hands, L50|100\/100\n|switch|p2a: Scizor|Scizor, L50, M|100\/100\n|move|p1a: Iron Bundle|Freeze-Dry|p2a: Scizor\n|-resisted|p2a: Scizor\n|-damage|p2a: Scizor|81\/100\n|move|p2b: Kingambit|Assurance|p1b: Iron Hands\n|-resisted|p1b: Iron Hands\n|-damage|p1b: Iron Hands|89\/100\n|\n|-weather|RainDance|[upkeep]\n|upkeep\n|turn|2\n|\n|t:|1682565622\n|-terastallize|p2b: Kingambit|Flying\n|move|p1a: Iron Bundle|Protect|p1a: Iron Bundle\n|-singleturn|p1a: Iron Bundle|Protect\n|move|p2a: Scizor|Quick Guard|p2a: Scizor\n|-singleturn|p2a: Scizor|Quick Guard\n|move|p1b: Iron Hands|Fake Out|p2b: Kingambit\n|-activate|p2b: Kingambit|move: Quick Guard\n|move|p2b: Kingambit|Tera Blast|p1b: Iron Hands\n|-damage|p1b: Iron Hands|52\/100\n|\n|-weather|RainDance|[upkeep]\n|upkeep\n|turn|3\n|\n|t:|1682565651\n|move|p2a: Scizor|Bullet Punch|p1a: Iron Bundle\n|-damage|p1a: Iron Bundle|47\/100\n|-damage|p2a: Scizor|71\/100|[from] item: Life Orb\n|move|p2b: Kingambit|Sucker Punch|p1a: Iron Bundle\n|-damage|p1a: Iron Bundle|0 fnt\n|faint|p1a: Iron Bundle\n|-end|p1a: Iron Bundle|Quark Drive|[silent]\n|move|p1b: Iron Hands|Drain Punch|p2a: Scizor\n|-damage|p2a: Scizor|33\/100\n|-heal|p1b: Iron Hands|67\/100|[from] drain|[of] p2a: Scizor\n|\n|-weather|RainDance|[upkeep]\n|upkeep\n|\n|t:|1682565667\n|switch|p1a: Gholdengo|Gholdengo, L50|100\/100\n|turn|4\n|\n|t:|1682565687\n|switch|p2a: Pelipper|Pelipper, L50, M|100\/100\n|move|p1a: Gholdengo|Trick|p2b: Kingambit\n|-activate|p1a: Gholdengo|move: Trick|[of] p2b: Kingambit\n|-item|p2b: Kingambit|Choice Specs|[from] move: Trick\n|-item|p1a: Gholdengo|Assault Vest|[from] move: Trick\n|move|p2b: Kingambit|Tera Blast|p1b: Iron Hands\n|-damage|p1b: Iron Hands|31\/100\n|move|p1b: Iron Hands|Drain Punch|p2a: Pelipper\n|-resisted|p2a: Pelipper\n|-damage|p2a: Pelipper|80\/100\n|-heal|p1b: Iron Hands|39\/100|[from] drain|[of] p2a: Pelipper\n|\n|-weather|RainDance|[upkeep]\n|upkeep\n|turn|5\n|\n|t:|1682565723\n|move|p1a: Gholdengo|Thunderbolt|p2b: Kingambit\n|-supereffective|p2b: Kingambit\n|-damage|p2b: Kingambit|34\/100\n|-status|p2b: Kingambit|par\n|move|p2a: Pelipper|Hurricane|p1b: Iron Hands\n|-damage|p1b: Iron Hands|19\/100\n|move|p1b: Iron Hands|Wild Charge|p2a: Pelipper\n|-supereffective|p2a: Pelipper\n|-damage|p2a: Pelipper|0 fnt\n|faint|p2a: Pelipper\n|-damage|p1b: Iron Hands|4\/100|[from] Recoil\n|cant|p2b: Kingambit|par\n|\n|-weather|none\n|upkeep\n|\n|t:|1682565740\n|switch|p2a: Brute Bonnet|Brute Bonnet, L50|100\/100\n|turn|6\n|\n|t:|1682565767\n|switch|p2b: Scizor|Scizor, L50, M|33\/100\n|-terastallize|p1a: Gholdengo|Steel\n|move|p2a: Brute Bonnet|Sucker Punch|p1b: Iron Hands\n|-resisted|p1b: Iron Hands\n|-damage|p1b: Iron Hands|0 fnt\n|faint|p1b: Iron Hands\n|-end|p1b: Iron Hands|Quark Drive|[silent]\n|move|p1a: Gholdengo|Shadow Ball|p2b: Scizor\n|-damage|p2b: Scizor|0 fnt\n|faint|p2b: Scizor\n|\n|upkeep\n|\n|t:|1682565778\n|switch|p2b: Kingambit|Kingambit, L50, M, tera:Flying|34\/100 par\n|switch|p1b: Chien-Pao|Chien-Pao, L50|100\/100\n|-ability|p1b: Chien-Pao|Sword of Ruin\n|turn|7\n|\n|t:|1682565812\n|move|p2a: Brute Bonnet|Sucker Punch|p1a: Gholdengo\n|-damage|p1a: Gholdengo|44\/100\n|move|p2b: Kingambit|Sucker Punch|p1a: Gholdengo\n|-damage|p1a: Gholdengo|0 fnt\n|faint|p1a: Gholdengo\n|move|p1b: Chien-Pao|Ice Spinner|p2a: Brute Bonnet\n|-supereffective|p2a: Brute Bonnet\n|-damage|p2a: Brute Bonnet|6\/100\n|\n|upkeep\n|turn|8\n|\n|t:|1682565833\n|move|p1b: Chien-Pao|Sucker Punch||[still]\n|-fail|p1b: Chien-Pao\n|move|p2b: Kingambit|Sucker Punch||[still]\n|-fail|p2b: Kingambit\n|move|p2a: Brute Bonnet|Spore|p1b: Chien-Pao\n|-status|p1b: Chien-Pao|slp|[from] move: Spore\n|\n|upkeep\n|turn|9\n|\n|t:|1682565843\n|cant|p1b: Chien-Pao|slp\n|move|p2b: Kingambit|Sucker Punch||[still]\n|-fail|p2b: Kingambit\n|move|p2a: Brute Bonnet|Bullet Seed|p1b: Chien-Pao\n|-damage|p1b: Chien-Pao|81\/100 slp\n|-damage|p1b: Chien-Pao|59\/100 slp\n|-damage|p1b: Chien-Pao|41\/100 slp\n|-damage|p1b: Chien-Pao|20\/100 slp\n|-hitcount|p1b: Chien-Pao|4\n|\n|upkeep\n|turn|10\n|\n|t:|1682565856\n|cant|p1b: Chien-Pao|slp\n|cant|p2b: Kingambit|par\n|move|p2a: Brute Bonnet|Bullet Seed|p1b: Chien-Pao\n|-damage|p1b: Chien-Pao|0 fnt\n|faint|p1b: Chien-Pao\n|-hitcount|p1: Chien-Pao|1\n|\n|win|RushXCalibur\n|raw|ysarkis's rating: 1341 → 1316<\/strong> (-25 for losing)\n|raw|RushXCalibur's rating: 1249 → 1280<\/strong> (+31 for winning)\n|c|\u2606ysarkis|gg\n|c|\u2606ysarkis|wp\n|c|\u2606RushXCalibur|gg\n|l|\u2606ysarkis\n","uploadtime":1682565878,"views":8,"p1id":"ysarkis","p2id":"rushxcalibur","formatid":"gen9vgc2023regulationc","rating":1280,"private":0,"password":""}