{"id":"gen9vgc2023regulationc-1857387440","p1":"LazY2401","p2":"marioman6444","format":"[Gen 9] VGC 2023 Regulation C","log":"|j|\u2606LazY2401\n|j|\u2606marioman6444\n|t:|1683184758\n|gametype|doubles\n|player|p1|LazY2401|170|1066\n|player|p2|marioman6444|hoopster|1144\n|teamsize|p1|6\n|teamsize|p2|6\n|gen|9\n|tier|[Gen 9] VGC 2023 Regulation C\n|rated|\n|rule|Species Clause: Limit one of each Pok\u00e9mon\n|rule|Item Clause: Limit one of each item\n|clearpoke\n|poke|p1|Farigiraf, L50, F|\n|poke|p1|Oranguru, L50, F|\n|poke|p1|Hatterene, L50, F|\n|poke|p1|Hariyama, L50, F|\n|poke|p1|Tyranitar, L50, F|\n|poke|p1|Slowking, L50, F|\n|poke|p2|Chi-Yu, L50|\n|poke|p2|Annihilape, L50, F|\n|poke|p2|Flutter Mane, L50|\n|poke|p2|Iron Bundle, L50|\n|poke|p2|Murkrow, L50, M|\n|poke|p2|Great Tusk, L50|\n|teampreview|4\n|inactive|Battle timer is ON: inactive players will automatically lose when time's up. (requested by marioman6444)\n|inactive|LazY2401 has 60 seconds left.\n|inactive|marioman6444 has 60 seconds left.\n|\n|t:|1683184825\n|start\n|switch|p1a: Farigiraf|Farigiraf, L50, F, shiny|100\/100\n|switch|p1b: Hariyama|Hariyama, L50, F|100\/100\n|switch|p2a: Annihilape|Annihilape, L50, F|100\/100\n|switch|p2b: Flutter Mane|Flutter Mane, L50|100\/100\n|turn|1\n|\n|t:|1683184845\n|move|p1b: Hariyama|Bullet Punch|p2b: Flutter Mane\n|-supereffective|p2b: Flutter Mane\n|-damage|p2b: Flutter Mane|34\/100\n|move|p2b: Flutter Mane|Moonblast|p1b: Hariyama\n|-supereffective|p1b: Hariyama\n|-damage|p1b: Hariyama|0 fnt\n|faint|p1b: Hariyama\n|move|p2a: Annihilape|Bulk Up|p2a: Annihilape\n|-boost|p2a: Annihilape|atk|1\n|-boost|p2a: Annihilape|def|1\n|move|p1a: Farigiraf|Trick Room|p1a: Farigiraf\n|-fieldstart|move: Trick Room|[of] p1a: Farigiraf\n|\n|upkeep\n|\n|t:|1683184858\n|switch|p1b: Tyranitar|Tyranitar, L50, F|100\/100\n|-weather|Sandstorm|[from] ability: Sand Stream|[of] p1b: Tyranitar\n|turn|2\n|\n|t:|1683184871\n|-end|p2b: Flutter Mane|Protosynthesis|[silent]\n|switch|p2b: Pawn|Murkrow, L50, M, shiny|100\/100\n|-terastallize|p1b: Tyranitar|Rock\n|move|p1a: Farigiraf|Helping Hand|p1b: Tyranitar\n|-singleturn|p1b: Tyranitar|Helping Hand|[of] p1a: Farigiraf\n|move|p1b: Tyranitar|Rock Slide|p2b: Pawn|[spread] p2a,p2b\n|-resisted|p2a: Annihilape\n|-supereffective|p2b: Pawn\n|-damage|p2a: Annihilape|75\/100\n|-damage|p2b: Pawn|0 fnt\n|faint|p2b: Pawn\n|-damage|p1b: Tyranitar|91\/100|[from] item: Life Orb\n|move|p2a: Annihilape|Bulk Up|p2a: Annihilape\n|-boost|p2a: Annihilape|atk|1\n|-boost|p2a: Annihilape|def|1\n|\n|-weather|Sandstorm|[upkeep]\n|-damage|p1a: Farigiraf|94\/100|[from] Sandstorm\n|-damage|p2a: Annihilape|69\/100|[from] Sandstorm\n|-heal|p2a: Annihilape|75\/100|[from] item: Leftovers\n|upkeep\n|\n|t:|1683184884\n|switch|p2b: Great Tusk|Great Tusk, L50|100\/100\n|turn|3\n|\n|t:|1683184900\n|-terastallize|p2b: Great Tusk|Ground\n|move|p1b: Tyranitar|Protect|p1b: Tyranitar\n|-singleturn|p1b: Tyranitar|Protect\n|move|p2a: Annihilape|Protect|p2a: Annihilape\n|-singleturn|p2a: Annihilape|Protect\n|move|p1a: Farigiraf|Dazzling Gleam|p2a: Annihilape|[spread] p2b\n|-activate|p2a: Annihilape|move: Protect\n|-damage|p2b: Great Tusk|76\/100\n|move|p2b: Great Tusk|Earthquake|p1b: Tyranitar|[spread] p1a\n|-activate|p2a: Annihilape|move: Protect\n|-activate|p1b: Tyranitar|move: Protect\n|-damage|p1a: Farigiraf|49\/100\n|\n|-weather|Sandstorm|[upkeep]\n|-damage|p1a: Farigiraf|43\/100|[from] Sandstorm\n|-damage|p2a: Annihilape|69\/100|[from] Sandstorm\n|-heal|p2a: Annihilape|75\/100|[from] item: Leftovers\n|upkeep\n|turn|4\n|inactive|LazY2401 has 30 seconds left.\n|inactive|marioman6444 has 30 seconds left.\n|\n|t:|1683184934\n|-end|p2b: Great Tusk|Protosynthesis|[silent]\n|switch|p2b: Flutter Mane|Flutter Mane, L50|34\/100\n|move|p1a: Farigiraf|Dazzling Gleam|p2a: Annihilape|[spread] p2a,p2b\n|-supereffective|p2a: Annihilape\n|-damage|p2a: Annihilape|53\/100\n|-damage|p2b: Flutter Mane|17\/100\n|move|p1b: Tyranitar|Earthquake|p2b: Flutter Mane|[spread] p1a,p2a,p2b\n|-damage|p1a: Farigiraf|9\/100\n|-damage|p2a: Annihilape|35\/100\n|-damage|p2b: Flutter Mane|0 fnt\n|faint|p2b: Flutter Mane\n|-end|p2b: Flutter Mane|Protosynthesis|[silent]\n|-damage|p1b: Tyranitar|81\/100|[from] item: Life Orb\n|move|p2a: Annihilape|Drain Punch|p1a: Farigiraf\n|-damage|p1a: Farigiraf|0 fnt\n|-heal|p2a: Annihilape|40\/100|[from] drain|[of] p1a: Farigiraf\n|faint|p1a: Farigiraf\n|\n|-weather|Sandstorm|[upkeep]\n|-damage|p2a: Annihilape|34\/100|[from] Sandstorm\n|-heal|p2a: Annihilape|40\/100|[from] item: Leftovers\n|upkeep\n|\n|t:|1683184955\n|switch|p1a: Oranguru|Oranguru, L50, F|100\/100\n|switch|p2b: Great Tusk|Great Tusk, L50, tera:Ground|76\/100\n|turn|5\n|\n|t:|1683184977\n|move|p1b: Tyranitar|Protect|p1b: Tyranitar\n|-singleturn|p1b: Tyranitar|Protect\n|move|p2a: Annihilape|Protect|p2a: Annihilape\n|-singleturn|p2a: Annihilape|Protect\n|move|p1a: Oranguru|Foul Play|p2a: Annihilape\n|-activate|p2a: Annihilape|move: Protect\n|move|p2b: Great Tusk|Earthquake|p1a: Oranguru|[spread] p1a\n|-activate|p2a: Annihilape|move: Protect\n|-activate|p1b: Tyranitar|move: Protect\n|-damage|p1a: Oranguru|51\/100\n|\n|-weather|Sandstorm|[upkeep]\n|-damage|p1a: Oranguru|45\/100|[from] Sandstorm\n|-damage|p2a: Annihilape|34\/100|[from] Sandstorm\n|-heal|p2a: Annihilape|40\/100|[from] item: Leftovers\n|-fieldend|move: Trick Room\n|upkeep\n|turn|6\n|inactive|LazY2401 has 30 seconds left.\n|\n|t:|1683185007\n|move|p2b: Great Tusk|Earthquake|p1b: Tyranitar|[spread] p2a,p1a,p1b\n|-supereffective|p1b: Tyranitar\n|-damage|p2a: Annihilape|17\/100\n|-damage|p1a: Oranguru|0 fnt\n|-damage|p1b: Tyranitar|0 fnt\n|faint|p1a: Oranguru\n|faint|p1b: Tyranitar\n|\n|win|marioman6444\n|raw|LazY2401's rating: 1066 → 1050<\/strong> (-16 for losing)\n|raw|marioman6444's rating: 1144 → 1163<\/strong> (+19 for winning)\n|c|\u2606marioman6444|Gg\n","uploadtime":1683185017,"views":8,"p1id":"lazy2401","p2id":"marioman6444","formatid":"gen9vgc2023regulationc","rating":1050,"private":0,"password":""}