{"id":"gen9vgc2023regulationc-1863987663","p1":"nickfang6","p2":"TKOWL","format":"[Gen 9] VGC 2023 Regulation C","log":"|j|\u2606nickfang6\n|j|\u2606TKOWL\n|t:|1684101755\n|gametype|doubles\n|player|p1|nickfang6|101|1523\n|player|p2|TKOWL|roxie|1708\n|teamsize|p1|6\n|teamsize|p2|6\n|gen|9\n|tier|[Gen 9] VGC 2023 Regulation C\n|rated|\n|rule|Species Clause: Limit one of each Pok\u00e9mon\n|rule|Item Clause: Limit one of each item\n|clearpoke\n|poke|p1|Iron Bundle, L50|\n|poke|p1|Flutter Mane, L50|\n|poke|p1|Chien-Pao, L50|\n|poke|p1|Kingambit, L50, F|\n|poke|p1|Scizor, L50, M|\n|poke|p1|Great Tusk, L50|\n|poke|p2|Chi-Yu, L50|\n|poke|p2|Farigiraf, L50, F|\n|poke|p2|Gyarados, L50, M|\n|poke|p2|Flutter Mane, L50|\n|poke|p2|Iron Hands, L50|\n|poke|p2|Amoonguss, L50, F|\n|teampreview|4\n|inactive|Battle timer is ON: inactive players will automatically lose when time's up. (requested by nickfang6)\nTKOWL has agreed to open team sheets.\nnickfang6 has agreed to open team sheets.\n|inactive|nickfang6 has 60 seconds left.\n|inactive|TKOWL has 60 seconds left.\n|inactive|nickfang6 has 30 seconds left.\n|inactive|TKOWL has 30 seconds left.\n|\n|t:|1684101816\n|start\n|switch|p1a: Chien-Pao|Chien-Pao, L50|100\/100\n|switch|p1b: Kingambit|Kingambit, L50, F|100\/100\n|switch|p2a: Bubungus|Amoonguss, L50, F, shiny|100\/100\n|switch|p2b: Giraffe|Farigiraf, L50, F|100\/100\n|-ability|p1a: Chien-Pao|Sword of Ruin\n|turn|1\n|\n|t:|1684101834\n|-terastallize|p2a: Bubungus|Water\n|move|p2a: Bubungus|Rage Powder|p2a: Bubungus\n|-singleturn|p2a: Bubungus|move: Rage Powder\n|move|p1a: Chien-Pao|Ice Spinner|p2a: Bubungus\n|-resisted|p2a: Bubungus\n|-damage|p2a: Bubungus|77\/100\n|move|p1b: Kingambit|Iron Head|p2a: Bubungus\n|-resisted|p2a: Bubungus\n|-damage|p2a: Bubungus|50\/100\n|-enditem|p2a: Bubungus|Sitrus Berry|[eat]\n|-heal|p2a: Bubungus|75\/100|[from] item: Sitrus Berry\n|move|p2b: Giraffe|Trick Room|p2b: Giraffe\n|-fieldstart|move: Trick Room|[of] p2b: Giraffe\n|\n|upkeep\n|turn|2\n|\n|t:|1684101849\n|move|p1a: Chien-Pao|Protect|p1a: Chien-Pao\n|-singleturn|p1a: Chien-Pao|Protect\n|move|p2a: Bubungus|Spore|p1b: Kingambit\n|-status|p1b: Kingambit|slp|[from] move: Spore\n|move|p2b: Giraffe|Hyper Voice|p1a: Chien-Pao|[spread] p1b\n|-activate|p1a: Chien-Pao|move: Protect\n|-resisted|p1b: Kingambit\n|-damage|p1b: Kingambit|89\/100 slp\n|-enditem|p2b: Giraffe|Throat Spray\n|-boost|p2b: Giraffe|spa|1|[from] item: Throat Spray\n|cant|p1b: Kingambit|slp\n|\n|upkeep\n|turn|3\n|\n|t:|1684101863\n|switch|p1a: Flutter Mane|Flutter Mane, L50|100\/100\n|move|p2a: Bubungus|Spore|p1a: Flutter Mane\n|-status|p1a: Flutter Mane|slp|[from] move: Spore\n|move|p2b: Giraffe|Hyper Voice|p1a: Flutter Mane|[spread] p1b\n|-immune|p1a: Flutter Mane\n|-resisted|p1b: Kingambit\n|-damage|p1b: Kingambit|73\/100 slp\n|-curestatus|p1b: Kingambit|slp|[msg]\n|move|p1b: Kingambit|Kowtow Cleave|p2b: Giraffe\n|-supereffective|p2b: Giraffe\n|-damage|p2b: Giraffe|0 fnt\n|faint|p2b: Giraffe\n|\n|upkeep\n|\n|t:|1684101868\n|switch|p2b: Gutsman|Iron Hands, L50|100\/100\n|turn|4\n|inactive|nickfang6 has 30 seconds left.\n|\n|t:|1684101899\n|switch|p2a: Feyesh|Chi-Yu, L50|100\/100\n|-ability|p2a: Feyesh|Beads of Ruin\n|switch|p1b: Great Tusk|Great Tusk, L50|100\/100\n|move|p2b: Gutsman|Heavy Slam|p1a: Flutter Mane\n|-supereffective|p1a: Flutter Mane\n|-damage|p1a: Flutter Mane|0 fnt\n|faint|p1a: Flutter Mane\n|-end|p1a: Flutter Mane|Protosynthesis|[silent]\n|\n|upkeep\n|inactive|nickfang6 has 30 seconds left.\n|inactive|nickfang6 has 20 seconds left.\n|\n|t:|1684101936\n|switch|p1a: Kingambit|Kingambit, L50, F|73\/100\n|turn|5\n|\n|t:|1684101954\n|-terastallize|p1a: Kingambit|Fire\n|move|p2b: Gutsman|Drain Punch|p1b: Great Tusk\n|-damage|p1b: Great Tusk|65\/100\n|move|p1a: Kingambit|Brick Break|p2a: Feyesh\n|-supereffective|p2a: Feyesh\n|-damage|p2a: Feyesh|31\/100\n|move|p2a: Feyesh|Heat Wave|p1b: Great Tusk|[spread] p1b\n|-miss|p2a: Feyesh|p1a: Kingambit\n|-damage|p1b: Great Tusk|0 fnt\n|faint|p1b: Great Tusk\n|-end|p1b: Great Tusk|Protosynthesis|[silent]\n|\n|-fieldend|move: Trick Room\n|upkeep\n|\n|t:|1684101964\n|switch|p1b: Chien-Pao|Chien-Pao, L50|100\/100\n|-ability|p1b: Chien-Pao|Sword of Ruin\n|turn|6\n|\n|t:|1684101988\n|switch|p2a: Bubungus|Amoonguss, L50, F, shiny, tera:Water|100\/100\n|move|p1b: Chien-Pao|Sacred Sword|p2a: Bubungus\n|-damage|p2a: Bubungus|67\/100\n|move|p1a: Kingambit|Iron Head|p2b: Gutsman\n|-resisted|p2b: Gutsman\n|-damage|p2b: Gutsman|80\/100\n|move|p2b: Gutsman|Drain Punch|p1a: Kingambit\n|-damage|p1a: Kingambit|25\/100\n|-heal|p2b: Gutsman|100\/100|[from] drain|[of] p1a: Kingambit\n|\n|upkeep\n|turn|7\n|\n|t:|1684102009\n|move|p1b: Chien-Pao|Ice Spinner|p2b: Gutsman\n|-damage|p2b: Gutsman|59\/100\n|move|p1a: Kingambit|Iron Head|p2b: Gutsman\n|-resisted|p2b: Gutsman\n|-damage|p2b: Gutsman|39\/100\n|move|p2b: Gutsman|Drain Punch|p1a: Kingambit\n|-damage|p1a: Kingambit|0 fnt\n|-heal|p2b: Gutsman|50\/100|[from] drain|[of] p1a: Kingambit\n|faint|p1a: Kingambit\n|move|p2a: Bubungus|Spore|p1b: Chien-Pao\n|-status|p1b: Chien-Pao|slp|[from] move: Spore\n|\n|upkeep\n|turn|8\n|\n|t:|1684102021\n|cant|p1b: Chien-Pao|slp\n|move|p2b: Gutsman|Drain Punch|p1b: Chien-Pao\n|-supereffective|p1b: Chien-Pao\n|-crit|p1b: Chien-Pao\n|-enditem|p1b: Chien-Pao|Focus Sash\n|-damage|p1b: Chien-Pao|1\/100 slp\n|-heal|p2b: Gutsman|84\/100|[from] drain|[of] p1b: Chien-Pao\n|move|p2a: Bubungus|Pollen Puff|p1b: Chien-Pao\n|-supereffective|p1b: Chien-Pao\n|-damage|p1b: Chien-Pao|0 fnt\n|faint|p1b: Chien-Pao\n|\n|win|TKOWL\n|raw|nickfang6's rating: 1523 → 1513<\/strong> (-10 for losing)\n|raw|TKOWL's rating: 1708 → 1718<\/strong> (+10 for winning)\n","uploadtime":1684102026,"views":12,"p1id":"nickfang6","p2id":"tkowl","formatid":"gen9vgc2023regulationc","rating":1513,"private":0,"password":""}