{"id":"gen9vgc2023regulationc-1849312470","p1":"memeshe","p2":"DeoxysHugger","format":"[Gen 9] VGC 2023 Regulation C","log":"|j|\u2606memeshe\n|j|\u2606DeoxysHugger\n|t:|1682184680\n|gametype|doubles\n|player|p1|memeshe|102|1047\n|player|p2|DeoxysHugger|byron|1128\n|teamsize|p1|6\n|teamsize|p2|6\n|gen|9\n|tier|[Gen 9] VGC 2023 Regulation C\n|rated|\n|rule|Species Clause: Limit one of each Pok\u00e9mon\n|rule|Item Clause: Limit one of each item\n|clearpoke\n|poke|p1|Drifblim, L50, M|\n|poke|p1|Squawkabilly, L50, M|\n|poke|p1|Gothitelle, L50, F|\n|poke|p1|Klefki, L50, F|\n|poke|p1|Magnezone, L50|\n|poke|p1|Flutter Mane, L50|\n|poke|p2|Ting-Lu, L50|\n|poke|p2|Palafin, L50, F|\n|poke|p2|Flutter Mane, L50|\n|poke|p2|Arcanine, L50, M|\n|poke|p2|Scizor, L50, F|\n|poke|p2|Annihilape, L50, F|\n|teampreview|4\n|inactive|Battle timer is ON: inactive players will automatically lose when time's up. (requested by DeoxysHugger)\n|inactive|memeshe also wants the timer to be on.\n|\n|t:|1682184708\n|start\n|switch|p1a: Squawkabilly|Squawkabilly, L50, M, shiny|100\/100\n|switch|p1b: Klefki|Klefki, L50, F, shiny|100\/100\n|switch|p2a: Annihilape|Annihilape, L50, F|100\/100\n|switch|p2b: Ting-Lu|Ting-Lu, L50|100\/100\n|-ability|p1a: Squawkabilly|Intimidate|boost\n|-unboost|p2a: Annihilape|atk|1\n|-ability|p2a: Annihilape|Defiant|boost\n|-boost|p2a: Annihilape|atk|2\n|-unboost|p2b: Ting-Lu|atk|1\n|-ability|p2b: Ting-Lu|Vessel of Ruin\n|turn|1\n|\n|t:|1682184731\n|move|p1b: Klefki|Thunder Wave|p2a: Annihilape\n|-status|p2a: Annihilape|par\n|move|p1a: Squawkabilly|U-turn|p2b: Ting-Lu\n|-supereffective|p2b: Ting-Lu\n|-damage|p2b: Ting-Lu|83\/100\n|\n|t:|1682184738\n|switch|p1a: Drifblim|Drifblim, L50, M|100\/100|[from] U-turn\n|move|p2a: Annihilape|Phantom Force||[still]\n|-prepare|p2a: Annihilape|Phantom Force\n|move|p2b: Ting-Lu|Ruination|p1b: Klefki|[miss]\n|-miss|p2b: Ting-Lu|p1b: Klefki\n|\n|upkeep\n|turn|2\n|\n|t:|1682184761\n|switch|p1b: Squawkabilly|Squawkabilly, L50, M, shiny|100\/100\n|-ability|p1b: Squawkabilly|Intimidate|boost\n|-unboost|p2a: Annihilape|atk|1\n|-ability|p2a: Annihilape|Defiant|boost\n|-boost|p2a: Annihilape|atk|2\n|-unboost|p2b: Ting-Lu|atk|1\n|cant|p2a: Annihilape|par\n|move|p1a: Drifblim|Acrobatics|p2a: Annihilape\n|-supereffective|p2a: Annihilape\n|-damage|p2a: Annihilape|62\/100 par\n|move|p2b: Ting-Lu|Rock Slide|p1a: Drifblim|[spread] p1a,p1b\n|-supereffective|p1a: Drifblim\n|-supereffective|p1b: Squawkabilly\n|-damage|p1a: Drifblim|79\/100\n|-damage|p1b: Squawkabilly|77\/100\n|-enditem|p1a: Drifblim|Weakness Policy\n|-boost|p1a: Drifblim|atk|2|[from] item: Weakness Policy\n|-boost|p1a: Drifblim|spa|2|[from] item: Weakness Policy\n|\n|upkeep\n|turn|3\n|\n|t:|1682184783\n|move|p1b: Squawkabilly|Parting Shot|p2b: Ting-Lu\n|-unboost|p2b: Ting-Lu|atk|1\n|-unboost|p2b: Ting-Lu|spa|1\n|\n|t:|1682184787\n|switch|p1b: Klefki|Klefki, L50, F, shiny|100\/100|[from] Parting Shot\n|move|p1a: Drifblim|Hex|p2a: Annihilape\n|-supereffective|p2a: Annihilape\n|-damage|p2a: Annihilape|0 fnt\n|faint|p2a: Annihilape\n|move|p2b: Ting-Lu|Ruination|p1b: Klefki\n|-damage|p1b: Klefki|50\/100\n|-enditem|p1b: Klefki|Eject Button\n|\n|t:|1682184797\n|switch|p1b: Squawkabilly|Squawkabilly, L50, M, shiny|77\/100\n|-ability|p1b: Squawkabilly|Intimidate|boost\n|-unboost|p2b: Ting-Lu|atk|1\n|\n|upkeep\n|\n|t:|1682184803\n|switch|p2a: Flutter Mane|Flutter Mane, L50|100\/100\n|turn|4\n|\n|t:|1682184814\n|move|p1b: Squawkabilly|Brave Bird|p2a: Flutter Mane\n|-damage|p2a: Flutter Mane|10\/100\n|-damage|p1b: Squawkabilly|57\/100|[from] Recoil\n|move|p1a: Drifblim|Acrobatics|p2a: Flutter Mane\n|-damage|p2a: Flutter Mane|0 fnt\n|faint|p2a: Flutter Mane\n|-end|p2a: Flutter Mane|Protosynthesis|[silent]\n|move|p2b: Ting-Lu|Ruination|p1b: Squawkabilly\n|-damage|p1b: Squawkabilly|29\/100\n|\n|upkeep\n|\n|t:|1682184828\n|switch|p2a: Scizor|Scizor, L50, F|100\/100\n|turn|5\n|\n|t:|1682184845\n|move|p1a: Drifblim|Protect|p1a: Drifblim\n|-singleturn|p1a: Drifblim|Protect\n|move|p2a: Scizor|Bullet Punch|p1b: Squawkabilly\n|-damage|p1b: Squawkabilly|0 fnt\n|faint|p1b: Squawkabilly\n|move|p2b: Ting-Lu|Ruination|p1a: Drifblim\n|-activate|p1a: Drifblim|move: Protect\n|\n|upkeep\n|\n|t:|1682184853\n|switch|p1b: Klefki|Klefki, L50, F, shiny|50\/100\n|turn|6\n|\n|t:|1682184875\n|move|p1b: Klefki|Thunder Wave|p2a: Scizor\n|-status|p2a: Scizor|par\n|move|p1a: Drifblim|Hex|p2a: Scizor\n|-damage|p2a: Scizor|20\/100 par\n|move|p2b: Ting-Lu|Ruination|p1a: Drifblim\n|-damage|p1a: Drifblim|40\/100\n|move|p2a: Scizor|Close Combat|p1b: Klefki\n|-damage|p1b: Klefki|5\/100\n|-unboost|p2a: Scizor|def|1\n|-unboost|p2a: Scizor|spd|1\n|\n|upkeep\n|turn|7\n|\n|t:|1682184896\n|move|p1b: Klefki|Reflect|p1b: Klefki\n|-sidestart|p1: memeshe|Reflect\n|move|p2a: Scizor|Bullet Punch|p1b: Klefki\n|-damage|p1b: Klefki|0 fnt\n|faint|p1b: Klefki\n|move|p1a: Drifblim|Strength Sap|p2a: Scizor\n|-fail|p2a: Scizor|unboost|[from] item: Clear Amulet|[of] p2a: Scizor\n|-heal|p1a: Drifblim|100\/100\n|move|p2b: Ting-Lu|Rock Slide|p1a: Drifblim|[miss]\n|-miss|p2b: Ting-Lu|p1a: Drifblim\n|\n|upkeep\n|\n|t:|1682184907\n|switch|p1b: Magnezone|Magnezone, L50, shiny|100\/100\n|turn|8\n|\n|t:|1682184925\n|-terastallize|p1b: Magnezone|Ground\n|move|p2a: Scizor|Bullet Punch|p1a: Drifblim\n|-damage|p1a: Drifblim|64\/100\n|move|p1a: Drifblim|Hex|p2a: Scizor\n|-damage|p2a: Scizor|0 fnt\n|faint|p2a: Scizor\n|move|p1b: Magnezone|Flash Cannon|p2b: Ting-Lu\n|-damage|p2b: Ting-Lu|61\/100\n|move|p2b: Ting-Lu|Rock Slide|p1b: Magnezone|[spread] p1a,p1b\n|-supereffective|p1a: Drifblim\n|-resisted|p1b: Magnezone\n|-damage|p1a: Drifblim|55\/100\n|-damage|p1b: Magnezone|99\/100\n|\n|upkeep\n|turn|9\n|\n|t:|1682184941\n|move|p1a: Drifblim|Acrobatics|p2b: Ting-Lu\n|-damage|p2b: Ting-Lu|15\/100\n|move|p1b: Magnezone|Flash Cannon|p2b: Ting-Lu\n|-damage|p2b: Ting-Lu|0 fnt\n|faint|p2b: Ting-Lu\n|\n|win|memeshe\n|raw|memeshe's rating: 1047 → 1087<\/strong> (+40 for winning)\n|raw|DeoxysHugger's rating: 1128 → 1097<\/strong> (-31 for losing)\n|l|\u2606DeoxysHugger\n","uploadtime":1682184992,"views":3,"p1id":"memeshe","p2id":"deoxyshugger","formatid":"gen9vgc2023regulationc","rating":1087,"private":0,"password":""}