{"id":"gen9vgc2023regulationc-1851908937","p1":"DeclanB53","p2":"andyhurricane","format":"[Gen 9] VGC 2023 Regulation C","log":"|j|\u2606DeclanB53\n|j|\u2606andyhurricane\n|t:|1682504309\n|gametype|doubles\n|player|p1|DeclanB53|shadowtriad|1017\n|player|p2|andyhurricane|n|1036\n|teamsize|p1|6\n|teamsize|p2|6\n|gen|9\n|tier|[Gen 9] VGC 2023 Regulation C\n|rated|\n|rule|Species Clause: Limit one of each Pok\u00e9mon\n|rule|Item Clause: Limit one of each item\n|clearpoke\n|poke|p1|Arcanine, L50, F|\n|poke|p1|Baxcalibur, L50, M|\n|poke|p1|Flutter Mane, L50|\n|poke|p1|Palafin, L50, F|\n|poke|p1|Amoonguss, L50, M|\n|poke|p1|Ting-Lu, L50|\n|poke|p2|Talonflame, L50, M|\n|poke|p2|Baxcalibur, L50, M|\n|poke|p2|Gyarados, L50, F|\n|poke|p2|Ting-Lu, L50|\n|poke|p2|Chien-Pao, L50|\n|poke|p2|Amoonguss, L50, F|\n|teampreview|4\n|inactive|Battle timer is ON: inactive players will automatically lose when time's up. (requested by DeclanB53)\nandyhurricane has agreed to open team sheets.\n|inactive|DeclanB53 has 60 seconds left.\n|inactive|andyhurricane has 60 seconds left.\n|inactive|DeclanB53 has 30 seconds left.\n|inactive|DeclanB53 has 20 seconds left.\n|inactive|DeclanB53 has 15 seconds left.\n|inactive|DeclanB53 has 10 seconds left.\n|\n|t:|1682504390\n|start\n|switch|p1a: Palafin|Palafin, L50, F|100\/100\n|switch|p1b: Arcanine|Arcanine, L50, F|100\/100\n|switch|p2a: Talonflame|Talonflame, L50, M|100\/100\n|switch|p2b: Gyarados|Gyarados, L50, F, shiny|100\/100\n|-ability|p2b: Gyarados|Intimidate|boost\n|-unboost|p1a: Palafin|atk|1\n|-unboost|p1b: Arcanine|atk|1\n|-ability|p1b: Arcanine|Intimidate|boost\n|-unboost|p2a: Talonflame|atk|1\n|-unboost|p2b: Gyarados|atk|1\n|turn|1\n|inactive|andyhurricane has 30 seconds left.\n|\n|t:|1682504420\n|move|p1b: Arcanine|Extreme Speed|p2a: Talonflame\n|-damage|p2a: Talonflame|84\/100\n|move|p1a: Palafin|Jet Punch|p2a: Talonflame\n|-supereffective|p2a: Talonflame\n|-damage|p2a: Talonflame|42\/100\n|move|p2a: Talonflame|Tailwind|p2a: Talonflame\n|-sidestart|p2: andyhurricane|move: Tailwind\n|move|p2b: Gyarados|Thunder Wave|p1a: Palafin\n|-status|p1a: Palafin|par\n|\n|upkeep\n|turn|2\n|inactive|DeclanB53 has 30 seconds left.\n|inactive|andyhurricane has 30 seconds left.\n|\n|t:|1682504446\n|switch|p2a: Amoonguss|Amoonguss, L50, F|100\/100\n|switch|p1b: Baxcalibur|Baxcalibur, L50, M|100\/100\n|cant|p1a: Palafin|par\n|move|p2b: Gyarados|Waterfall|p1b: Baxcalibur\n|-resisted|p1b: Baxcalibur\n|-damage|p1b: Baxcalibur|90\/100\n|\n|upkeep\n|turn|3\n|inactive|DeclanB53 has 30 seconds left.\n|inactive|andyhurricane has 30 seconds left.\n|\n|t:|1682504479\n|detailschange|p1a: Palafin|Palafin-Hero, L50, F\n|switch|p1a: Arcanine|Arcanine, L50, F|100\/100\n|-ability|p1a: Arcanine|Intimidate|boost\n|-unboost|p2a: Amoonguss|atk|1\n|-unboost|p2b: Gyarados|atk|1\n|-terastallize|p2a: Amoonguss|Water\n|move|p1b: Baxcalibur|Ice Shard|p2b: Gyarados\n|-damage|p2b: Gyarados|72\/100\n|move|p2b: Gyarados|Waterfall|p1b: Baxcalibur\n|-resisted|p1b: Baxcalibur\n|-damage|p1b: Baxcalibur|82\/100\n|move|p2a: Amoonguss|Spore|p1b: Baxcalibur\n|-status|p1b: Baxcalibur|slp|[from] move: Spore\n|\n|upkeep\n|turn|4\n|\n|t:|1682504501\n|switch|p2b: Talonflame|Talonflame, L50, M|42\/100\n|cant|p1b: Baxcalibur|slp\n|move|p1a: Arcanine|Will-O-Wisp|p2b: Talonflame\n|-immune|p2b: Talonflame\n|move|p2a: Amoonguss|Pollen Puff|p2b: Talonflame\n|-heal|p2b: Talonflame|92\/100\n|\n|-sideend|p2: andyhurricane|move: Tailwind\n|upkeep\n|turn|5\n|inactive|andyhurricane has 30 seconds left.\n|inactive|andyhurricane has 20 seconds left.\n|\n|t:|1682504537\n|move|p1a: Arcanine|Protect|p1a: Arcanine\n|-singleturn|p1a: Arcanine|Protect\n|move|p2b: Talonflame|Tailwind|p2b: Talonflame\n|-sidestart|p2: andyhurricane|move: Tailwind\n|-curestatus|p1b: Baxcalibur|slp|[msg]\n|move|p1b: Baxcalibur|Glaive Rush|p2a: Amoonguss\n|-damage|p2a: Amoonguss|45\/100\n|-singlemove|p1b: Baxcalibur|Glaive Rush|[silent]\n|-enditem|p2a: Amoonguss|Sitrus Berry|[eat]\n|-heal|p2a: Amoonguss|70\/100|[from] item: Sitrus Berry\n|move|p2a: Amoonguss|Pollen Puff|p1b: Baxcalibur\n|-damage|p1b: Baxcalibur|48\/100\n|\n|upkeep\n|turn|6\n|inactive|DeclanB53 has 30 seconds left.\n|inactive|andyhurricane has 30 seconds left.\n|inactive|andyhurricane has 20 seconds left.\n|inactive|andyhurricane has 15 seconds left.\n|\n|t:|1682504577\n|switch|p2a: Gyarados|Gyarados, L50, F, shiny|72\/100\n|-ability|p2a: Gyarados|Intimidate|boost\n|-unboost|p1a: Arcanine|atk|1\n|-unboost|p1b: Baxcalibur|atk|1\n|move|p1b: Baxcalibur|Protect|p1b: Baxcalibur\n|-singleturn|p1b: Baxcalibur|Protect\n|move|p2b: Talonflame|Brave Bird|p1a: Arcanine\n|-crit|p1a: Arcanine\n|-damage|p1a: Arcanine|44\/100\n|-damage|p2b: Talonflame|71\/100|[from] Recoil\n|move|p1a: Arcanine|Flare Blitz|p2a: Gyarados\n|-resisted|p2a: Gyarados\n|-damage|p2a: Gyarados|55\/100\n|-damage|p1a: Arcanine|38\/100|[from] Recoil\n|\n|upkeep\n|turn|7\n|inactive|DeclanB53 has 30 seconds left.\n|inactive|andyhurricane has 30 seconds left.\n|inactive|andyhurricane has 20 seconds left.\n|inactive|andyhurricane has 15 seconds left.\n|inactive|andyhurricane has 10 seconds left.\n|\n|t:|1682504623\n|switch|p1b: Palafin|Palafin-Hero, L50, F|100\/100 par\n|-activate|p1b: Palafin|ability: Zero to Hero\n|move|p1a: Arcanine|Protect|p1a: Arcanine\n|-singleturn|p1a: Arcanine|Protect\n|move|p2b: Talonflame|Brave Bird|p1b: Palafin\n|-damage|p1b: Palafin|59\/100 par\n|-damage|p2b: Talonflame|58\/100|[from] Recoil\n|move|p2a: Gyarados|Waterfall|p1a: Arcanine\n|-activate|p1a: Arcanine|move: Protect\n|\n|upkeep\n|turn|8\n|inactive|DeclanB53 has 30 seconds left.\n|inactive|andyhurricane has 30 seconds left.\n|inactive|DeclanB53 has 20 seconds left.\n|inactive|DeclanB53 has 15 seconds left.\n|inactive|DeclanB53 has 10 seconds left.\n|\n|t:|1682504669\n|switch|p2b: Amoonguss|Amoonguss, L50, F, tera:Water|100\/100\n|switch|p2a: Baxcalibur|Baxcalibur, L50, M|100\/100\n|-terastallize|p1b: Palafin|Water\n|move|p1b: Palafin|Jet Punch|p2b: Amoonguss\n|-resisted|p2b: Amoonguss\n|-damage|p2b: Amoonguss|76\/100\n|move|p1a: Arcanine|Will-O-Wisp|p2a: Baxcalibur\n|-immune|p2a: Baxcalibur|[from] ability: Thermal Exchange\n|\n|-sideend|p2: andyhurricane|move: Tailwind\n|upkeep\n|turn|9\n|-message|DeclanB53 forfeited.\n|\n|win|andyhurricane\n|raw|DeclanB53's rating: 1017 → 1005<\/strong> (-12 for losing)\n|raw|andyhurricane's rating: 1036 → 1069<\/strong> (+33 for winning)\n|l|\u2606DeclanB53\n","uploadtime":1682504730,"views":9,"p1id":"declanb53","p2id":"andyhurricane","formatid":"gen9vgc2023regulationc","rating":1005,"private":0,"password":""}