{"id":"gen9vgc2023regulationc-1847044300","p1":"MatRod","p2":"Babdjfif","format":"[Gen 9] VGC 2023 Regulation C","log":"|j|\u2606MatRod\n|j|\u2606Babdjfif\n|t:|1681914399\n|gametype|doubles\n|player|p1|MatRod|veteran|1186\n|player|p2|Babdjfif|265|1077\n|teamsize|p1|6\n|teamsize|p2|6\n|gen|9\n|tier|[Gen 9] VGC 2023 Regulation C\n|rated|\n|rule|Species Clause: Limit one of each Pok\u00e9mon\n|rule|Item Clause: Limit one of each item\n|clearpoke\n|poke|p1|Torkoal, L50, M|\n|poke|p1|Amoonguss, L50, M|\n|poke|p1|Ceruledge, L50, M|\n|poke|p1|Gallade, L50, M|\n|poke|p1|Palafin, L50, F|\n|poke|p1|Mimikyu, L50, F|\n|poke|p2|Maushold-Four, L50|\n|poke|p2|Annihilape, L50, M|\n|poke|p2|Gholdengo, L50|\n|poke|p2|Roaring Moon, L50|\n|poke|p2|Gyarados, L50, F|\n|poke|p2|Ting-Lu, L50|\n|teampreview|4\n|inactive|Battle timer is ON: inactive players will automatically lose when time's up. (requested by Babdjfif)\n|inactive|MatRod has 60 seconds left.\n|\n|t:|1681914464\n|start\n|switch|p1a: Torkoal|Torkoal, L50, M|100\/100\n|switch|p1b: Mimikyu|Mimikyu, L50, F|100\/100\n|switch|p2a: Maushold|Maushold-Four, L50|100\/100\n|switch|p2b: Annihilape|Annihilape, L50, M|100\/100\n|-weather|SunnyDay|[from] ability: Drought|[of] p1a: Torkoal\n|turn|1\n|c|\u2606MatRod|I messed up\n|c|\u2606MatRod|Wrong pokemon\n|c|\u2606MatRod|Fk\n|inactive|MatRod has 30 seconds left.\n|\n|t:|1681914490\n|move|p2b: Annihilape|Protect|p2b: Annihilape\n|-singleturn|p2b: Annihilape|Protect\n|move|p2a: Maushold|Beat Up|p1b: Mimikyu\n|-activate|p1b: Mimikyu|ability: Disguise\n|-damage|p1b: Mimikyu|100\/100\n|detailschange|p1b: Mimikyu|Mimikyu-Busted, L50, F\n|-damage|p1b: Mimikyu|88\/100|[from] pokemon: Mimikyu-Busted\n|-damage|p1b: Mimikyu|84\/100\n|-damage|p1b: Mimikyu|79\/100\n|-damage|p1b: Mimikyu|74\/100\n|-hitcount|p1b: Mimikyu|4\n|move|p1a: Torkoal|Iron Defense|p1a: Torkoal\n|-boost|p1a: Torkoal|def|2\n|move|p1b: Mimikyu|Trick Room|p1b: Mimikyu\n|-fieldstart|move: Trick Room|[of] p1b: Mimikyu\n|\n|-weather|SunnyDay|[upkeep]\n|upkeep\n|turn|2\n|inactive|Babdjfif has 30 seconds left.\n|\n|t:|1681914519\n|move|p2a: Maushold|Follow Me|p2a: Maushold\n|-singleturn|p2a: Maushold|move: Follow Me\n|move|p1a: Torkoal|Eruption|p2b: Annihilape|[spread] p2a,p2b\n|-damage|p2a: Maushold|31\/100\n|-damage|p2b: Annihilape|66\/100\n|move|p1b: Mimikyu|Will-O-Wisp|p2a: Maushold\n|-status|p2a: Maushold|brn\n|move|p2b: Annihilape|Rage Fist|p1b: Mimikyu\n|-supereffective|p1b: Mimikyu\n|-damage|p1b: Mimikyu|0 fnt\n|faint|p1b: Mimikyu\n|\n|-weather|SunnyDay|[upkeep]\n|-damage|p2a: Maushold|25\/100 brn|[from] brn\n|upkeep\n|\n|t:|1681914536\n|switch|p1b: Amoonguss|Amoonguss, L50, M, shiny|100\/100\n|turn|3\n|\n|t:|1681914546\n|move|p1b: Amoonguss|Rage Powder|p1b: Amoonguss\n|-singleturn|p1b: Amoonguss|move: Rage Powder\n|move|p2a: Maushold|Follow Me|p2a: Maushold\n|-singleturn|p2a: Maushold|move: Follow Me\n|move|p1a: Torkoal|Iron Defense|p1a: Torkoal\n|-boost|p1a: Torkoal|def|2\n|move|p2b: Annihilape|Rage Fist|p1b: Amoonguss\n|-damage|p1b: Amoonguss|69\/100\n|-status|p2b: Annihilape|par|[from] ability: Effect Spore|[of] p1b: Amoonguss\n|\n|-weather|SunnyDay|[upkeep]\n|-damage|p2a: Maushold|19\/100 brn|[from] brn\n|upkeep\n|turn|4\n|inactive|MatRod has 30 seconds left.\n|\n|t:|1681914577\n|move|p2a: Maushold|Follow Me|p2a: Maushold\n|-singleturn|p2a: Maushold|move: Follow Me\n|move|p1a: Torkoal|Eruption|p2b: Annihilape|[spread] p2a,p2b\n|-crit|p2a: Maushold\n|-damage|p2a: Maushold|0 fnt\n|-damage|p2b: Annihilape|35\/100 par\n|-enditem|p2b: Annihilape|Sitrus Berry|[eat]\n|-heal|p2b: Annihilape|60\/100 par|[from] item: Sitrus Berry\n|faint|p2a: Maushold\n|move|p1b: Amoonguss|Foul Play|p2b: Annihilape\n|-damage|p2b: Annihilape|35\/100 par\n|cant|p2b: Annihilape|par\n|\n|-weather|SunnyDay|[upkeep]\n|upkeep\n|\n|t:|1681914593\n|switch|p2a: Roaring Moon|Roaring Moon, L50|100\/100\n|-activate|p2a: Roaring Moon|ability: Protosynthesis\n|-start|p2a: Roaring Moon|protosynthesisspe\n|turn|5\n|inactive|MatRod has 30 seconds left.\n|inactive|MatRod has 20 seconds left.\n|inactive|MatRod has 15 seconds left.\n|inactive|MatRod has 10 seconds left.\n|inactive|MatRod has 5 seconds left.\n|\n|t:|1681914645\n|move|p2b: Annihilape|Protect|p2b: Annihilape\n|-singleturn|p2b: Annihilape|Protect\n|move|p2a: Roaring Moon|Protect|p2a: Roaring Moon\n|-singleturn|p2a: Roaring Moon|Protect\n|move|p1a: Torkoal|Body Press|p2a: Roaring Moon\n|-activate|p2a: Roaring Moon|move: Protect\n|move|p1b: Amoonguss|Foul Play|p2b: Annihilape\n|-activate|p2b: Annihilape|move: Protect\n|\n|-weather|none\n|-end|p2a: Roaring Moon|Protosynthesis\n|-fieldend|move: Trick Room\n|upkeep\n|-enditem|p2a: Roaring Moon|Booster Energy\n|-activate|p2a: Roaring Moon|ability: Protosynthesis|[fromitem]\n|-start|p2a: Roaring Moon|protosynthesisspe\n|turn|6\n|\n|t:|1681914661\n|-terastallize|p2a: Roaring Moon|Flying\n|move|p1b: Amoonguss|Rage Powder|p1b: Amoonguss\n|-singleturn|p1b: Amoonguss|move: Rage Powder\n|move|p2a: Roaring Moon|Acrobatics|p1b: Amoonguss\n|-supereffective|p1b: Amoonguss\n|-damage|p1b: Amoonguss|0 fnt\n|-status|p2a: Roaring Moon|slp|[from] ability: Effect Spore|[of] p1b: Amoonguss\n|faint|p1b: Amoonguss\n|move|p2b: Annihilape|Rage Fist|p1a: Torkoal\n|-damage|p1a: Torkoal|78\/100\n|move|p1a: Torkoal|Eruption|p2b: Annihilape|[spread] p2a,p2b\n|-damage|p2a: Roaring Moon|73\/100 slp\n|-damage|p2b: Annihilape|14\/100 par\n|\n|upkeep\n|\n|t:|1681914677\n|switch|p1b: Gallade|Gallade, L50, M|100\/100\n|turn|7\n|\n|t:|1681914698\n|-terastallize|p1b: Gallade|Steel\n|cant|p2a: Roaring Moon|slp\n|move|p1b: Gallade|Psycho Cut|p2a: Roaring Moon\n|-crit|p2a: Roaring Moon\n|-damage|p2a: Roaring Moon|0 fnt\n|faint|p2a: Roaring Moon\n|-end|p2a: Roaring Moon|Protosynthesis|[silent]\n|move|p2b: Annihilape|Rage Fist|p1b: Gallade\n|-damage|p1b: Gallade|0 fnt\n|faint|p1b: Gallade\n|move|p1a: Torkoal|Eruption|p2b: Annihilape\n|-damage|p2b: Annihilape|0 fnt\n|faint|p2b: Annihilape\n|\n|upkeep\n|\n|t:|1681914713\n|switch|p2a: Gyarados|Gyarados, L50, F|100\/100\n|-ability|p2a: Gyarados|Intimidate|boost\n|-unboost|p1a: Torkoal|atk|1\n|turn|8\n|\n|t:|1681914725\n|move|p2a: Gyarados|Thunder Wave|p1a: Torkoal\n|-status|p1a: Torkoal|par\n|move|p1a: Torkoal|Body Press|p2a: Gyarados\n|-resisted|p2a: Gyarados\n|-damage|p2a: Gyarados|66\/100\n|\n|upkeep\n|turn|9\n|\n|t:|1681914733\n|move|p2a: Gyarados|Waterfall|p1a: Torkoal\n|-supereffective|p1a: Torkoal\n|-damage|p1a: Torkoal|56\/100 par\n|move|p1a: Torkoal|Body Press|p2a: Gyarados\n|-resisted|p2a: Gyarados\n|-damage|p2a: Gyarados|29\/100\n|\n|upkeep\n|turn|10\n|\n|t:|1681914740\n|move|p2a: Gyarados|Waterfall|p1a: Torkoal\n|-supereffective|p1a: Torkoal\n|-crit|p1a: Torkoal\n|-damage|p1a: Torkoal|0 fnt\n|faint|p1a: Torkoal\n|\n|win|Babdjfif\n|raw|MatRod's rating: 1186 → 1153<\/strong> (-33 for losing)\n|raw|Babdjfif's rating: 1077 → 1114<\/strong> (+37 for winning)\n","uploadtime":1681914749,"views":16,"p1id":"matrod","p2id":"babdjfif","formatid":"gen9vgc2023regulationc","rating":1114,"private":0,"password":""}