{"id":"gen9vgc2023regulationc-1850053374","p1":"Heaven64","p2":"PurpleStyle","format":"[Gen 9] VGC 2023 Regulation C","log":"|j|\u2606Heaven64\n|j|\u2606PurpleStyle\n|t:|1682282132\n|gametype|doubles\n|player|p1|Heaven64|leaf-masters|\n|player|p2|PurpleStyle|pokefan|\n|teamsize|p1|6\n|teamsize|p2|6\n|gen|9\n|tier|[Gen 9] VGC 2023 Regulation C\n|rule|Species Clause: Limit one of each Pok\u00e9mon\n|rule|Item Clause: Limit one of each item\n|clearpoke\n|poke|p1|Iron Jugulis, L50|\n|poke|p1|Klefki, L50, F|\n|poke|p1|Iron Thorns, L50|\n|poke|p1|Cryogonal, L50|\n|poke|p1|Muk, L50, M|\n|poke|p1|Crocalor, L50, M|\n|poke|p2|Gastrodon, L50, M|\n|poke|p2|Wo-Chien, L50|\n|poke|p2|Grimmsnarl, L50, M|\n|poke|p2|Tauros-Paldea-Combat, L50, M|\n|poke|p2|Glimmora, L50, M|\n|poke|p2|Rotom-Fan, L50|\n|teampreview|4\nPurpleStyle rejected open team sheets.\n|c|\u2606PurpleStyle|g1\n|c|\u2606Heaven64|g1\n|\n|t:|1682282246\n|start\n|switch|p1a: Vault-TEC|Klefki, L50, F|100\/100\n|switch|p1b: Shinra|Iron Thorns, L50|100\/100\n|switch|p2a: Grimmsnarl|Grimmsnarl, L50, M|100\/100\n|switch|p2b: Rotom|Rotom-Fan, L50|100\/100\n|turn|1\n|\n|t:|1682282268\n|move|p1a: Vault-TEC|Imprison|p1a: Vault-TEC\n|-start|p1a: Vault-TEC|move: Imprison\n|cant|p2a: Grimmsnarl|move: Imprison|Reflect\n|move|p2b: Rotom|Trick|p1a: Vault-TEC\n|-activate|p2b: Rotom|move: Trick|[of] p1a: Vault-TEC\n|-item|p1a: Vault-TEC|Choice Scarf|[from] move: Trick\n|-item|p2b: Rotom|Covert Cloak|[from] move: Trick\n|move|p1b: Shinra|Rock Blast|p2b: Rotom\n|-supereffective|p2b: Rotom\n|-crit|p2b: Rotom\n|-damage|p2b: Rotom|54\/100\n|-supereffective|p2b: Rotom\n|-damage|p2b: Rotom|20\/100\n|-supereffective|p2b: Rotom\n|-damage|p2b: Rotom|0 fnt\n|faint|p2b: Rotom\n|-hitcount|p2: Rotom|3\n|\n|upkeep\n|\n|t:|1682282284\n|switch|p2b: Tauros|Tauros-Paldea-Combat, L50, M|100\/100\n|-ability|p2b: Tauros|Intimidate|boost\n|-unboost|p1a: Vault-TEC|atk|1\n|-unboost|p1b: Shinra|atk|1\n|turn|2\n|\n|t:|1682282306\n|-terastallize|p1b: Shinra|Bug\n|move|p1a: Vault-TEC|Reflect|p1a: Vault-TEC\n|-sidestart|p1: Heaven64|Reflect\n|move|p2a: Grimmsnarl|Parting Shot|p1b: Shinra\n|-unboost|p1b: Shinra|atk|1\n|-unboost|p1b: Shinra|spa|1\n|\n|t:|1682282311\n|switch|p2a: Gastrodon|Gastrodon, L50, M|100\/100|[from] Parting Shot\n|move|p2b: Tauros|Stomping Tantrum|p1a: Vault-TEC\n|-supereffective|p1a: Vault-TEC\n|-damage|p1a: Vault-TEC|56\/100\n|move|p1b: Shinra|Pin Missile|p2a: Gastrodon\n|-damage|p2a: Gastrodon|93\/100\n|-damage|p2a: Gastrodon|85\/100\n|-damage|p2a: Gastrodon|77\/100\n|-damage|p2a: Gastrodon|69\/100\n|-damage|p2a: Gastrodon|62\/100\n|-hitcount|p2a: Gastrodon|5\n|\n|-heal|p2a: Gastrodon|68\/100|[from] item: Leftovers\n|upkeep\n|turn|3\n|\n|t:|1682282329\n|switch|p1a: SCP-3799|Cryogonal, L50|100\/100\n|-end|p1b: Shinra|Quark Drive|[silent]\n|switch|p1b: Wario Ware|Crocalor, L50, M|100\/100\n|move|p2b: Tauros|Stomping Tantrum|p1a: SCP-3799\n|-immune|p1a: SCP-3799|[from] ability: Levitate\n|move|p2a: Gastrodon|Yawn|p1b: Wario Ware\n|-start|p1b: Wario Ware|move: Yawn|[of] p2a: Gastrodon\n|\n|-heal|p2a: Gastrodon|74\/100|[from] item: Leftovers\n|upkeep\n|turn|4\n|\n|t:|1682282414\n|move|p1a: SCP-3799|Protect|p1a: SCP-3799\n|-singleturn|p1a: SCP-3799|Protect\n|move|p2a: Gastrodon|Protect|p2a: Gastrodon\n|-singleturn|p2a: Gastrodon|Protect\n|move|p2b: Tauros|Raging Bull|p1a: SCP-3799\n|-activate|p1a: SCP-3799|move: Protect\n|move|p1b: Wario Ware|Seed Bomb|p2a: Gastrodon\n|-activate|p2a: Gastrodon|move: Protect\n|\n|-heal|p2a: Gastrodon|80\/100|[from] item: Leftovers\n|-end|p1b: Wario Ware|move: Yawn|[silent]\n|-status|p1b: Wario Ware|slp\n|upkeep\n|turn|5\n|c|\u2606PurpleStyle|wtf\n|c|\u2606PurpleStyle|croc gets seed bomb?\n|c|\u2606Heaven64|it seems\n|c|\u2606PurpleStyle|I didn't know that, thats crazy cool\n|\n|t:|1682282452\n|switch|p2a: Grimmsnarl|Grimmsnarl, L50, M|100\/100\n|move|p1a: SCP-3799|Freeze-Dry|p2a: Grimmsnarl\n|-damage|p2a: Grimmsnarl|61\/100\n|-damage|p1a: SCP-3799|90\/100|[from] item: Life Orb\n|move|p2b: Tauros|Raging Bull|p1a: SCP-3799\n|-sideend|p1: Heaven64|Reflect\n|-supereffective|p1a: SCP-3799\n|-damage|p1a: SCP-3799|0 fnt\n|faint|p1a: SCP-3799\n|cant|p1b: Wario Ware|slp\n|\n|upkeep\n|c|\u2606Heaven64|yea\n|\n|t:|1682282482\n|switch|p1a: Shinra|Iron Thorns, L50, tera:Bug|100\/100\n|turn|6\n|\n|t:|1682282492\n|move|p2a: Grimmsnarl|Reflect|p2a: Grimmsnarl\n|-sidestart|p2: PurpleStyle|Reflect\n|move|p2b: Tauros|Rock Slide|p1a: Shinra|[spread] p1a,p1b\n|-supereffective|p1a: Shinra\n|-supereffective|p1b: Wario Ware\n|-damage|p1a: Shinra|70\/100\n|-damage|p1b: Wario Ware|76\/100 slp\n|cant|p1a: Shinra|flinch\n|cant|p1b: Wario Ware|slp\n|\n|upkeep\n|turn|7\n|\n|t:|1682282521\n|move|p1a: Shinra|Protect|p1a: Shinra\n|-singleturn|p1a: Shinra|Protect\n|move|p2b: Tauros|Rock Slide|p1a: Shinra|[spread] p1b\n|-activate|p1a: Shinra|move: Protect\n|-supereffective|p1b: Wario Ware\n|-damage|p1b: Wario Ware|49\/100 slp\n|move|p2a: Grimmsnarl|Spirit Break|p1b: Wario Ware\n|-resisted|p1b: Wario Ware\n|-damage|p1b: Wario Ware|38\/100 slp\n|-unboost|p1b: Wario Ware|spa|1\n|cant|p1b: Wario Ware|slp\n|\n|upkeep\n|turn|8\n|\n|t:|1682282547\n|move|p2b: Tauros|Rock Slide|p1a: Shinra|[spread] p1a\n|-miss|p2b: Tauros|p1b: Wario Ware\n|-supereffective|p1a: Shinra\n|-damage|p1a: Shinra|43\/100\n|cant|p1a: Shinra|flinch\n|move|p2a: Grimmsnarl|Spirit Break|p1b: Wario Ware\n|-resisted|p1b: Wario Ware\n|-damage|p1b: Wario Ware|27\/100 slp\n|-unboost|p1b: Wario Ware|spa|1\n|-curestatus|p1b: Wario Ware|slp|[msg]\n|move|p1b: Wario Ware|Slack Off|p1b: Wario Ware\n|-heal|p1b: Wario Ware|77\/100\n|\n|upkeep\n|turn|9\n|\n|t:|1682282595\n|move|p1a: Shinra|Protect|p1a: Shinra\n|-singleturn|p1a: Shinra|Protect\n|move|p2b: Tauros|Rock Slide|p1b: Wario Ware|[spread] p1b\n|-activate|p1a: Shinra|move: Protect\n|-supereffective|p1b: Wario Ware\n|-damage|p1b: Wario Ware|51\/100\n|move|p2a: Grimmsnarl|Spirit Break|p1b: Wario Ware\n|-resisted|p1b: Wario Ware\n|-damage|p1b: Wario Ware|39\/100\n|-unboost|p1b: Wario Ware|spa|1\n|cant|p1b: Wario Ware|flinch\n|\n|upkeep\n|turn|10\n|c|\u2606Heaven64|can i move plz\n|\n|t:|1682282634\n|move|p2b: Tauros|Rock Slide|p1b: Wario Ware|[spread] p1a,p1b\n|-supereffective|p1a: Shinra\n|-supereffective|p1b: Wario Ware\n|-damage|p1a: Shinra|13\/100\n|-damage|p1b: Wario Ware|11\/100\n|move|p1a: Shinra|Pin Missile|p2a: Grimmsnarl\n|-damage|p2a: Grimmsnarl|51\/100\n|-crit|p2a: Grimmsnarl\n|-damage|p2a: Grimmsnarl|28\/100\n|-damage|p2a: Grimmsnarl|18\/100\n|-damage|p2a: Grimmsnarl|8\/100\n|-hitcount|p2a: Grimmsnarl|4\n|move|p2a: Grimmsnarl|Spirit Break|p1b: Wario Ware\n|-resisted|p1b: Wario Ware\n|-damage|p1b: Wario Ware|0 fnt\n|faint|p1b: Wario Ware\n|\n|upkeep\n|\n|t:|1682282647\n|switch|p1b: Vault-TEC|Klefki, L50, F|56\/100\n|turn|11\n|\n|t:|1682282667\n|move|p2a: Grimmsnarl|Parting Shot|p1a: Shinra\n|-unboost|p1a: Shinra|atk|1\n|-unboost|p1a: Shinra|spa|1\n|\n|t:|1682282670\n|switch|p2a: Gastrodon|Gastrodon, L50, M|80\/100|[from] Parting Shot\n|move|p1b: Vault-TEC|Play Rough|p2b: Tauros\n|-supereffective|p2b: Tauros\n|-damage|p2b: Tauros|59\/100\n|move|p2b: Tauros|Rock Slide|p1b: Vault-TEC|[spread] p1a,p1b\n|-supereffective|p1a: Shinra\n|-resisted|p1b: Vault-TEC\n|-damage|p1a: Shinra|0 fnt\n|-damage|p1b: Vault-TEC|45\/100\n|faint|p1a: Shinra\n|-end|p1a: Shinra|Quark Drive|[silent]\n|\n|-heal|p2a: Gastrodon|86\/100|[from] item: Leftovers\n|upkeep\n|turn|12\n|\n|t:|1682282684\n|move|p1b: Vault-TEC|Play Rough|p2b: Tauros\n|-supereffective|p2b: Tauros\n|-damage|p2b: Tauros|17\/100\n|move|p2b: Tauros|Stomping Tantrum|p1b: Vault-TEC\n|-supereffective|p1b: Vault-TEC\n|-damage|p1b: Vault-TEC|0 fnt\n|faint|p1b: Vault-TEC\n|\n|win|PurpleStyle\n|c|\u2606Heaven64|gg\n|c|\u2606PurpleStyle|gg\n","uploadtime":1682283133,"views":16,"p1id":"heaven64","p2id":"purplestyle","formatid":"gen9vgc2023regulationc","rating":0,"private":0,"password":""}