{"id":"gen9vgc2023regulationc-1844962779","p1":"Yuri Downham","p2":"SpooBear","format":"[Gen 9] VGC 2023 Regulation C","log":"|j|\u203dYuri Downham\n|j|\u2606SpooBear\n|t:|1681668658\n|gametype|doubles\n|player|p1|Yuri Downham|hilbert|1143\n|player|p2|SpooBear|hiker-gen4|1053\n|teamsize|p1|6\n|teamsize|p2|6\n|gen|9\n|tier|[Gen 9] VGC 2023 Regulation C\n|rated|\n|rule|Species Clause: Limit one of each Pok\u00e9mon\n|rule|Item Clause: Limit one of each item\n|clearpoke\n|poke|p1|Palafin, L50, F|\n|poke|p1|Chien-Pao, L50|\n|poke|p1|Flutter Mane, L50|\n|poke|p1|Amoonguss, L50, F|\n|poke|p1|Chi-Yu, L50|\n|poke|p1|Iron Hands, L50|\n|poke|p2|Murkrow, L50, F|\n|poke|p2|Leafeon, L50, M|\n|poke|p2|Flutter Mane, L50|\n|poke|p2|Great Tusk, L50|\n|poke|p2|Arcanine, L50, F|\n|poke|p2|Baxcalibur, L50, M|\n|teampreview|4\n|\n|t:|1681668715\n|start\n|switch|p1a: Palafin|Palafin, L50, F|100\/100\n|switch|p1b: Iron Hands|Iron Hands, L50|100\/100\n|switch|p2a: Murkrow|Murkrow, L50, F, shiny|100\/100\n|switch|p2b: Arcanine|Arcanine, L50, F, shiny|100\/100\n|-ability|p2b: Arcanine|Intimidate|boost\n|-unboost|p1a: Palafin|atk|1\n|-unboost|p1b: Iron Hands|atk|1\n|turn|1\n|inactive|Battle timer is ON: inactive players will automatically lose when time's up. (requested by Yuri Downham)\n|\n|t:|1681668735\n|-terastallize|p1a: Palafin|Water\n|move|p2a: Murkrow|Protect|p2a: Murkrow\n|-singleturn|p2a: Murkrow|Protect\n|move|p1b: Iron Hands|Fake Out|p2a: Murkrow\n|-activate|p2a: Murkrow|move: Protect\n|move|p1a: Palafin|Wave Crash|p2a: Murkrow\n|-activate|p2a: Murkrow|move: Protect\n|move|p2b: Arcanine|Will-O-Wisp|p1b: Iron Hands\n|-status|p1b: Iron Hands|brn\n|\n|-damage|p1b: Iron Hands|94\/100 brn|[from] brn\n|upkeep\n|turn|2\n|\n|t:|1681668753\n|detailschange|p1a: Palafin|Palafin-Hero, L50, F, tera:Water\n|switch|p1a: Amoonguss|Amoonguss, L50, F|100\/100\n|move|p2a: Murkrow|Tailwind|p2a: Murkrow\n|-sidestart|p2: SpooBear|move: Tailwind\n|move|p2b: Arcanine|Flare Blitz|p1b: Iron Hands\n|-damage|p1b: Iron Hands|62\/100 brn\n|-damage|p2b: Arcanine|88\/100|[from] Recoil\n|move|p1b: Iron Hands|Volt Switch|p2a: Murkrow\n|-supereffective|p2a: Murkrow\n|-damage|p2a: Murkrow|63\/100\n|\n|t:|1681668764\n|-end|p1b: Iron Hands|Quark Drive|[silent]\n|switch|p1b: Palafin|Palafin-Hero, L50, F, tera:Water|100\/100|[from] Volt Switch\n|-activate|p1b: Palafin|ability: Zero to Hero\n|\n|upkeep\n|turn|3\n|\n|t:|1681668775\n|-terastallize|p2b: Arcanine|Water\n|move|p2a: Murkrow|Sunny Day|p2a: Murkrow\n|-weather|SunnyDay\n|move|p1b: Palafin|Jet Punch|p2b: Arcanine\n|-resisted|p2b: Arcanine\n|-damage|p2b: Arcanine|72\/100\n|move|p2b: Arcanine|Flare Blitz|p1a: Amoonguss\n|-supereffective|p1a: Amoonguss\n|-damage|p1a: Amoonguss|0 fnt\n|faint|p1a: Amoonguss\n|-damage|p2b: Arcanine|35\/100|[from] Recoil\n|\n|-weather|SunnyDay|[upkeep]\n|upkeep\n|\n|t:|1681668781\n|switch|p1a: Iron Hands|Iron Hands, L50|62\/100 brn\n|turn|4\n|\n|t:|1681668793\n|move|p2a: Murkrow|Protect|p2a: Murkrow\n|-singleturn|p2a: Murkrow|Protect\n|move|p2b: Arcanine|Protect|p2b: Arcanine\n|-singleturn|p2b: Arcanine|Protect\n|move|p1a: Iron Hands|Fake Out|p2b: Arcanine\n|-activate|p2b: Arcanine|move: Protect\n|move|p1b: Palafin|Jet Punch|p2a: Murkrow\n|-activate|p2a: Murkrow|move: Protect\n|\n|-weather|SunnyDay|[upkeep]\n|-damage|p1a: Iron Hands|56\/100 brn|[from] brn\n|upkeep\n|turn|5\n|\n|t:|1681668808\n|move|p1b: Palafin|Protect|p1b: Palafin\n|-singleturn|p1b: Palafin|Protect\n|move|p2b: Arcanine|Morning Sun|p2b: Arcanine\n|-heal|p2b: Arcanine|100\/100\n|move|p2a: Murkrow|Foul Play|p1a: Iron Hands\n|-resisted|p1a: Iron Hands\n|-damage|p1a: Iron Hands|37\/100 brn\n|move|p1a: Iron Hands|Wild Charge|p2a: Murkrow\n|-supereffective|p2a: Murkrow\n|-damage|p2a: Murkrow|0 fnt\n|faint|p2a: Murkrow\n|-damage|p1a: Iron Hands|26\/100 brn|[from] Recoil\n|\n|-weather|SunnyDay|[upkeep]\n|-damage|p1a: Iron Hands|20\/100 brn|[from] brn\n|-sideend|p2: SpooBear|move: Tailwind\n|upkeep\n|\n|t:|1681668822\n|switch|p2a: Leafeon|Leafeon, L50, M, shiny|100\/100\n|turn|6\n|\n|t:|1681668833\n|move|p1b: Palafin|Jet Punch|p2b: Arcanine\n|-resisted|p2b: Arcanine\n|-crit|p2b: Arcanine\n|-damage|p2b: Arcanine|77\/100\n|move|p2a: Leafeon|Leaf Blade|p1b: Palafin\n|-supereffective|p1b: Palafin\n|-damage|p1b: Palafin|0 fnt\n|faint|p1b: Palafin\n|-damage|p2a: Leafeon|91\/100|[from] item: Life Orb\n|move|p2b: Arcanine|Flare Blitz|p1a: Iron Hands\n|-damage|p1a: Iron Hands|0 fnt\n|faint|p1a: Iron Hands\n|-end|p1a: Iron Hands|Quark Drive|[silent]\n|-damage|p2b: Arcanine|69\/100|[from] Recoil\n|\n|-weather|SunnyDay|[upkeep]\n|upkeep\n|\n|t:|1681668840\n|switch|p1b: Chien-Pao|Chien-Pao, L50|100\/100\n|-ability|p1b: Chien-Pao|Sword of Ruin\n|turn|7\n|\n|t:|1681668852\n|move|p2a: Leafeon|Protect|p2a: Leafeon\n|-singleturn|p2a: Leafeon|Protect\n|move|p1b: Chien-Pao|Crunch|p2b: Arcanine\n|-damage|p2b: Arcanine|15\/100\n|move|p2b: Arcanine|Will-O-Wisp|p1b: Chien-Pao|[miss]\n|-miss|p2b: Arcanine|p1b: Chien-Pao\n|\n|-weather|SunnyDay|[upkeep]\n|upkeep\n|turn|8\n|\n|t:|1681668867\n|move|p2a: Leafeon|Leaf Blade|p1b: Chien-Pao\n|-damage|p1b: Chien-Pao|27\/100\n|-damage|p2a: Leafeon|81\/100|[from] item: Life Orb\n|move|p1b: Chien-Pao|Crunch|p2b: Arcanine\n|-damage|p2b: Arcanine|0 fnt\n|faint|p2b: Arcanine\n|\n|-weather|SunnyDay|[upkeep]\n|upkeep\n|\n|t:|1681668876\n|switch|p2b: Great Tusk|Great Tusk, L50, shiny|100\/100\n|-activate|p2b: Great Tusk|ability: Protosynthesis\n|-start|p2b: Great Tusk|protosynthesisatk\n|turn|9\n|\n|t:|1681668891\n|move|p1b: Chien-Pao|Ice Shard|p2a: Leafeon\n|-supereffective|p2a: Leafeon\n|-damage|p2a: Leafeon|41\/100\n|move|p2a: Leafeon|Leaf Blade|p1b: Chien-Pao\n|-damage|p1b: Chien-Pao|0 fnt\n|faint|p1b: Chien-Pao\n|-damage|p2a: Leafeon|31\/100|[from] item: Life Orb\n|\n|win|SpooBear\n|raw|Yuri Downham's rating: 1143 → 1112<\/strong> (-31 for losing)\n|raw|SpooBear's rating: 1053 → 1093<\/strong> (+40 for winning)\n|l|\u203dYuri Downham\n","uploadtime":1681668901,"views":11,"p1id":"yuridownham","p2id":"spoobear","formatid":"gen9vgc2023regulationc","rating":1093,"private":0,"password":""}