{"id":"gen9vgc2023regulationc-1853139072","p1":"subjectbttn0","p2":"Luppus El Lobo","format":"[Gen 9] VGC 2023 Regulation C","log":"|j|\u2606subjectbttn0\n|j|\u2606Luppus El Lobo\n|t:|1682639916\n|gametype|doubles\n|player|p1|subjectbttn0|hilbert|1160\n|player|p2|Luppus El Lobo|veteran|1272\n|teamsize|p1|6\n|teamsize|p2|6\n|gen|9\n|tier|[Gen 9] VGC 2023 Regulation C\n|rated|\n|rule|Species Clause: Limit one of each Pok\u00e9mon\n|rule|Item Clause: Limit one of each item\n|clearpoke\n|poke|p1|Hatterene, L50, F|\n|poke|p1|Farigiraf, L50, M|\n|poke|p1|Iron Hands, L50|\n|poke|p1|Dragalge, L50, M|\n|poke|p1|Kingambit, L50, F|\n|poke|p1|Amoonguss, L50, F|\n|poke|p2|Chi-Yu, L50|\n|poke|p2|Flutter Mane, L50|\n|poke|p2|Maushold, L50|\n|poke|p2|Annihilape, L50, F|\n|poke|p2|Gyarados, L50, M|\n|poke|p2|Ting-Lu, L50|\n|teampreview|4\nsubjectbttn0 has agreed to open team sheets.\n|\n|t:|1682639936\n|start\n|switch|p1a: Farigiraf|Farigiraf, L50, M|100\/100\n|switch|p1b: Amoonguss|Amoonguss, L50, F|100\/100\n|switch|p2a: Maushold|Maushold, L50|100\/100\n|switch|p2b: Annihilape|Annihilape, L50, F|100\/100\n|turn|1\n|\n|t:|1682639957\n|move|p2a: Maushold|Follow Me|p2a: Maushold\n|-singleturn|p2a: Maushold|move: Follow Me\n|move|p2b: Annihilape|Bulk Up|p2b: Annihilape\n|-boost|p2b: Annihilape|atk|1\n|-boost|p2b: Annihilape|def|1\n|move|p1b: Amoonguss|Spore|p2a: Maushold\n|-activate|p2a: Maushold|item: Safety Goggles|Spore\n|move|p1a: Farigiraf|Trick Room|p1a: Farigiraf\n|-fieldstart|move: Trick Room|[of] p1a: Farigiraf\n|\n|upkeep\n|turn|2\n|\n|t:|1682639989\n|move|p1b: Amoonguss|Rage Powder|p1b: Amoonguss\n|-singleturn|p1b: Amoonguss|move: Rage Powder\n|move|p2a: Maushold|Follow Me|p2a: Maushold\n|-singleturn|p2a: Maushold|move: Follow Me\n|move|p1a: Farigiraf|Psyshock|p2a: Maushold\n|-damage|p2a: Maushold|56\/100\n|move|p2b: Annihilape|Drain Punch|p1b: Amoonguss\n|-resisted|p1b: Amoonguss\n|-damage|p1b: Amoonguss|81\/100\n|\n|-heal|p1b: Amoonguss|87\/100|[from] item: Black Sludge\n|upkeep\n|turn|3\n|\n|t:|1682640012\n|move|p1b: Amoonguss|Rage Powder|p1b: Amoonguss\n|-singleturn|p1b: Amoonguss|move: Rage Powder\n|move|p1a: Farigiraf|Psyshock|p2a: Maushold\n|-damage|p2a: Maushold|8\/100\n|move|p2b: Annihilape|Drain Punch|p1b: Amoonguss\n|-resisted|p1b: Amoonguss\n|-damage|p1b: Amoonguss|68\/100\n|move|p2a: Maushold|Super Fang|p1b: Amoonguss\n|-damage|p1b: Amoonguss|34\/100\n|\n|-heal|p1b: Amoonguss|40\/100|[from] item: Black Sludge\n|upkeep\n|turn|4\n|\n|t:|1682640030\n|move|p1b: Amoonguss|Protect|p1b: Amoonguss\n|-singleturn|p1b: Amoonguss|Protect\n|move|p2a: Maushold|Protect|p2a: Maushold\n|-singleturn|p2a: Maushold|Protect\n|move|p1a: Farigiraf|Psyshock|p2a: Maushold\n|-activate|p2a: Maushold|move: Protect\n|move|p2b: Annihilape|Drain Punch|p1a: Farigiraf\n|-damage|p1a: Farigiraf|53\/100\n|\n|-heal|p1b: Amoonguss|46\/100|[from] item: Black Sludge\n|upkeep\n|turn|5\n|\n|t:|1682640052\n|switch|p1a: Iron Hands|Iron Hands, L50|100\/100\n|switch|p2a: Chi-Yu|Chi-Yu, L50|100\/100\n|-ability|p2a: Chi-Yu|Beads of Ruin\n|move|p2b: Annihilape|Protect|p2b: Annihilape\n|-singleturn|p2b: Annihilape|Protect\n|move|p1b: Amoonguss|Rage Powder|p1b: Amoonguss\n|-singleturn|p1b: Amoonguss|move: Rage Powder\n|\n|-heal|p1b: Amoonguss|52\/100|[from] item: Black Sludge\n|-fieldend|move: Trick Room\n|upkeep\n|turn|6\n|\n|t:|1682640074\n|move|p1a: Iron Hands|Fake Out|p2a: Chi-Yu\n|-damage|p2a: Chi-Yu|77\/100\n|cant|p2a: Chi-Yu|flinch\n|move|p2b: Annihilape|Bulk Up|p2b: Annihilape\n|-boost|p2b: Annihilape|atk|1\n|-boost|p2b: Annihilape|def|1\n|move|p1b: Amoonguss|Spore|p2b: Annihilape\n|-status|p2b: Annihilape|slp|[from] move: Spore\n|\n|-heal|p1b: Amoonguss|58\/100|[from] item: Black Sludge\n|upkeep\n|turn|7\n|\n|t:|1682640089\n|switch|p1b: Dragalge|Dragalge, L50, M|100\/100\n|move|p2a: Chi-Yu|Heat Wave|p1a: Iron Hands|[spread] p1a\n|-miss|p2a: Chi-Yu|p1b: Dragalge\n|-damage|p1a: Iron Hands|71\/100\n|cant|p2b: Annihilape|slp\n|move|p1a: Iron Hands|Drain Punch|p2a: Chi-Yu\n|-supereffective|p2a: Chi-Yu\n|-damage|p2a: Chi-Yu|0 fnt\n|-heal|p1a: Iron Hands|96\/100|[from] drain|[of] p2a: Chi-Yu\n|faint|p2a: Chi-Yu\n|\n|upkeep\n|\n|t:|1682640104\n|switch|p2a: Flutter Mane|Flutter Mane, L50|100\/100\n|turn|8\n|\n|t:|1682640115\n|-terastallize|p2a: Flutter Mane|Fairy\n|-terastallize|p1a: Iron Hands|Electric\n|move|p2a: Flutter Mane|Dazzling Gleam|p1b: Dragalge|[spread] p1a,p1b\n|-damage|p1a: Iron Hands|61\/100\n|-damage|p1b: Dragalge|40\/100\n|cant|p2b: Annihilape|slp\n|move|p1a: Iron Hands|Thunder Punch|p2a: Flutter Mane\n|-damage|p2a: Flutter Mane|19\/100\n|move|p1b: Dragalge|Sludge Bomb|p2a: Flutter Mane\n|-supereffective|p2a: Flutter Mane\n|-damage|p2a: Flutter Mane|0 fnt\n|faint|p2a: Flutter Mane\n|-end|p2a: Flutter Mane|Protosynthesis|[silent]\n|\n|upkeep\n|\n|t:|1682640131\n|switch|p2a: Maushold|Maushold, L50|8\/100\n|turn|9\n|\n|t:|1682640143\n|move|p2a: Maushold|Protect|p2a: Maushold\n|-singleturn|p2a: Maushold|Protect\n|-curestatus|p2b: Annihilape|slp|[msg]\n|move|p2b: Annihilape|Drain Punch|p1a: Iron Hands\n|-damage|p1a: Iron Hands|14\/100\n|move|p1a: Iron Hands|Thunder Punch|p2b: Annihilape\n|-damage|p2b: Annihilape|78\/100\n|move|p1b: Dragalge|Draco Meteor|p2a: Maushold\n|-activate|p2a: Maushold|move: Protect\n|\n|-heal|p2b: Annihilape|85\/100|[from] item: Leftovers\n|upkeep\n|turn|10\n|\n|t:|1682640172\n|-end|p1a: Iron Hands|Quark Drive|[silent]\n|switch|p1a: Amoonguss|Amoonguss, L50, F|91\/100\n|move|p2a: Maushold|Beat Up|p1a: Amoonguss\n|-damage|p1a: Amoonguss|90\/100\n|-damage|p1a: Amoonguss|87\/100\n|-hitcount|p1a: Amoonguss|2\n|move|p2b: Annihilape|Rage Fist|p1b: Dragalge\n|-damage|p1b: Dragalge|0 fnt\n|faint|p1b: Dragalge\n|\n|-heal|p2b: Annihilape|91\/100|[from] item: Leftovers\n|-heal|p1a: Amoonguss|93\/100|[from] item: Black Sludge\n|upkeep\n|\n|t:|1682640183\n|switch|p1b: Iron Hands|Iron Hands, L50, tera:Electric|14\/100\n|turn|11\n|\n|t:|1682640189\n|move|p2a: Maushold|Protect|p2a: Maushold\n|-singleturn|p2a: Maushold|Protect\n|move|p2b: Annihilape|Protect|p2b: Annihilape\n|-singleturn|p2b: Annihilape|Protect\n|move|p1b: Iron Hands|Fake Out|p2a: Maushold\n|-activate|p2a: Maushold|move: Protect\n|move|p1a: Amoonguss|Spore|p2b: Annihilape\n|-activate|p2b: Annihilape|move: Protect\n|\n|-heal|p2b: Annihilape|97\/100|[from] item: Leftovers\n|-heal|p1a: Amoonguss|99\/100|[from] item: Black Sludge\n|upkeep\n|turn|12\n|\n|t:|1682640205\n|-end|p1b: Iron Hands|Quark Drive|[silent]\n|switch|p1b: Farigiraf|Farigiraf, L50, M|53\/100\n|move|p2a: Maushold|Follow Me|p2a: Maushold\n|-singleturn|p2a: Maushold|move: Follow Me\n|move|p2b: Annihilape|Rage Fist|p1b: Farigiraf\n|-immune|p1b: Farigiraf\n|move|p1a: Amoonguss|Spore|p2a: Maushold\n|-activate|p2a: Maushold|item: Safety Goggles|Spore\n|\n|-heal|p2b: Annihilape|100\/100|[from] item: Leftovers\n|-heal|p1a: Amoonguss|100\/100|[from] item: Black Sludge\n|upkeep\n|turn|13\n|\n|t:|1682640219\n|move|p2a: Maushold|Follow Me|p2a: Maushold\n|-singleturn|p2a: Maushold|move: Follow Me\n|move|p1a: Amoonguss|Rage Powder|p1a: Amoonguss\n|-singleturn|p1a: Amoonguss|move: Rage Powder\n|move|p2b: Annihilape|Drain Punch|p1a: Amoonguss\n|-resisted|p1a: Amoonguss\n|-damage|p1a: Amoonguss|75\/100\n|move|p1b: Farigiraf|Trick Room|p1b: Farigiraf\n|-fieldstart|move: Trick Room|[of] p1b: Farigiraf\n|\n|-heal|p1a: Amoonguss|81\/100|[from] item: Black Sludge\n|upkeep\n|turn|14\n|\n|t:|1682640241\n|move|p2a: Maushold|Follow Me|p2a: Maushold\n|-singleturn|p2a: Maushold|move: Follow Me\n|move|p1a: Amoonguss|Pollen Puff|p2a: Maushold\n|-damage|p2a: Maushold|0 fnt\n|faint|p2a: Maushold\n|move|p1b: Farigiraf|Psyshock|p2b: Annihilape\n|-supereffective|p2b: Annihilape\n|-damage|p2b: Annihilape|66\/100\n|move|p2b: Annihilape|Rage Fist|p1a: Amoonguss\n|-damage|p1a: Amoonguss|0 fnt\n|faint|p1a: Amoonguss\n|\n|-heal|p2b: Annihilape|72\/100|[from] item: Leftovers\n|upkeep\n|\n|t:|1682640253\n|switch|p1a: Iron Hands|Iron Hands, L50, tera:Electric|14\/100\n|turn|15\n|\n|t:|1682640261\n|move|p2b: Annihilape|Protect|p2b: Annihilape\n|-singleturn|p2b: Annihilape|Protect\n|move|p1a: Iron Hands|Thunder Punch|p2b: Annihilape\n|-activate|p2b: Annihilape|move: Protect\n|move|p1b: Farigiraf|Psyshock|p2b: Annihilape\n|-activate|p2b: Annihilape|move: Protect\n|\n|-heal|p2b: Annihilape|78\/100|[from] item: Leftovers\n|upkeep\n|turn|16\n|\n|t:|1682640272\n|move|p1a: Iron Hands|Thunder Punch|p2b: Annihilape\n|-damage|p2b: Annihilape|50\/100\n|move|p1b: Farigiraf|Psyshock|p2b: Annihilape\n|-supereffective|p2b: Annihilape\n|-crit|p2b: Annihilape\n|-damage|p2b: Annihilape|0 fnt\n|faint|p2b: Annihilape\n|\n|win|subjectbttn0\n|raw|subjectbttn0's rating: 1160 → 1193<\/strong> (+33 for winning)\n|raw|Luppus El Lobo's rating: 1272 → 1239<\/strong> (-33 for losing)\n|c|\u2606Luppus El Lobo|Come on\n|l|\u2606subjectbttn0\n","uploadtime":1682640358,"views":4,"p1id":"subjectbttn0","p2id":"luppusellobo","formatid":"gen9vgc2023regulationc","rating":1193,"private":0,"password":""}