{"id":"gen9vgc2023regulationc-1854283711","p1":"Terry kloak","p2":"Bloom 13","format":"[Gen 9] VGC 2023 Regulation C","log":"|j|\u2606Terry kloak\n|j|\u2606Bloom 13\n|t:|1682792415\n|gametype|doubles\n|player|p1|Terry kloak|gentleman-gen4|1415\n|player|p2|Bloom 13|169|1407\n|teamsize|p1|6\n|teamsize|p2|6\n|gen|9\n|tier|[Gen 9] VGC 2023 Regulation C\n|rated|\n|rule|Species Clause: Limit one of each Pok\u00e9mon\n|rule|Item Clause: Limit one of each item\n|clearpoke\n|poke|p1|Ceruledge, L50, M|\n|poke|p1|Orthworm, L50, M|\n|poke|p1|Ting-Lu, L50|\n|poke|p1|Dragonite, L50, M|\n|poke|p1|Iron Bundle, L50|\n|poke|p1|Gothitelle, L50, F|\n|poke|p2|Flutter Mane, L50|\n|poke|p2|Chi-Yu, L50|\n|poke|p2|Glimmora, L50, M|\n|poke|p2|Gyarados, L50, M|\n|poke|p2|Dragonite, L50, F|\n|poke|p2|Gholdengo, L50|\n|teampreview|4\n|inactive|Battle timer is ON: inactive players will automatically lose when time's up. (requested by Bloom 13)\n|j| Braindeadmeta\n|inactive|Terry kloak has 60 seconds left.\n|inactive|Bloom 13 has 60 seconds left.\n|\n|t:|1682792475\n|start\n|switch|p1a: Dragonite|Dragonite, L50, M|100\/100\n|switch|p1b: Gothitelle|Gothitelle, L50, F|100\/100\n|switch|p2a: Glimmora|Glimmora, L50, M|100\/100\n|switch|p2b: Gyarados|Gyarados, L50, M|100\/100\n|-ability|p2b: Gyarados|Intimidate|boost\n|-unboost|p1a: Dragonite|atk|1\n|-unboost|p1b: Gothitelle|atk|1\n|turn|1\n|inactive|Terry kloak has 30 seconds left.\n|\n|t:|1682792509\n|switch|p1a: Iron Bundle|Iron Bundle, L50|100\/100\n|-enditem|p1a: Iron Bundle|Booster Energy\n|-activate|p1a: Iron Bundle|ability: Quark Drive|[fromitem]\n|-start|p1a: Iron Bundle|quarkdrivespe\n|move|p1b: Gothitelle|Fake Out|p2a: Glimmora\n|-resisted|p2a: Glimmora\n|-damage|p2a: Glimmora|99\/100\n|cant|p2a: Glimmora|flinch\n|move|p2b: Gyarados|Taunt|p1b: Gothitelle\n|-start|p1b: Gothitelle|move: Taunt\n|\n|upkeep\n|turn|2\n|inactive|Bloom 13 has 30 seconds left.\n|\n|t:|1682792538\n|-terastallize|p2a: Glimmora|Grass\n|move|p1a: Iron Bundle|Protect|p1a: Iron Bundle\n|-singleturn|p1a: Iron Bundle|Protect\n|move|p2a: Glimmora|Mortal Spin|p1b: Gothitelle|[spread] p1b\n|-activate|p1a: Iron Bundle|move: Protect\n|-damage|p1b: Gothitelle|95\/100\n|-status|p1b: Gothitelle|psn\n|move|p2b: Gyarados|Waterfall|p1b: Gothitelle\n|-damage|p1b: Gothitelle|60\/100 psn\n|move|p1b: Gothitelle|Psychic|p2a: Glimmora\n|-damage|p2a: Glimmora|78\/100\n|\n|-damage|p1b: Gothitelle|47\/100 psn|[from] psn\n|upkeep\n|turn|3\n|inactive|Terry kloak has 30 seconds left.\n|inactive|Terry kloak has 20 seconds left.\n|inactive|Terry kloak has 15 seconds left.\n|\n|t:|1682792580\n|move|p1a: Iron Bundle|Encore|p2a: Glimmora\n|-start|p2a: Glimmora|Encore\n|move|p2a: Glimmora|Mortal Spin|p1b: Gothitelle|[spread] p1a,p1b\n|-damage|p1a: Iron Bundle|95\/100\n|-damage|p1b: Gothitelle|42\/100 psn\n|-status|p1a: Iron Bundle|psn\n|move|p2b: Gyarados|Iron Head|p1a: Iron Bundle\n|-damage|p1a: Iron Bundle|65\/100 psn\n|move|p1b: Gothitelle|Psychic|p2b: Gyarados\n|-damage|p2b: Gyarados|72\/100\n|\n|-damage|p1a: Iron Bundle|52\/100 psn|[from] psn\n|-damage|p1b: Gothitelle|30\/100 psn|[from] psn\n|upkeep\n|turn|4\n|\n|t:|1682792599\n|move|p1a: Iron Bundle|Freeze-Dry|p2b: Gyarados\n|-supereffective|p2b: Gyarados\n|-damage|p2b: Gyarados|0 fnt\n|faint|p2b: Gyarados\n|move|p2a: Glimmora|Mortal Spin|p1a: Iron Bundle|[spread] p1a,p1b\n|-damage|p1a: Iron Bundle|47\/100 psn\n|-damage|p1b: Gothitelle|25\/100 psn\n|-enditem|p1b: Gothitelle|Iapapa Berry|[eat]\n|-heal|p1b: Gothitelle|58\/100 psn|[from] item: Iapapa Berry\n|move|p1b: Gothitelle|Psychic|p2a: Glimmora\n|-damage|p2a: Glimmora|56\/100\n|\n|-damage|p1a: Iron Bundle|35\/100 psn|[from] psn\n|-damage|p1b: Gothitelle|46\/100 psn|[from] psn\n|-end|p1b: Gothitelle|move: Taunt\n|upkeep\n|\n|t:|1682792612\n|switch|p2b: Flutter Mane|Flutter Mane, L50|100\/100\n|-enditem|p2b: Flutter Mane|Booster Energy\n|-activate|p2b: Flutter Mane|ability: Protosynthesis|[fromitem]\n|-start|p2b: Flutter Mane|protosynthesisspa\n|turn|5\n|\n|t:|1682792636\n|move|p1a: Iron Bundle|Protect|p1a: Iron Bundle\n|-singleturn|p1a: Iron Bundle|Protect\n|move|p2b: Flutter Mane|Moonblast|p1b: Gothitelle\n|-damage|p1b: Gothitelle|0 fnt\n|faint|p1b: Gothitelle\n|move|p2a: Glimmora|Mortal Spin|p1a: Iron Bundle\n|-activate|p1a: Iron Bundle|move: Protect\n|\n|-damage|p1a: Iron Bundle|23\/100 psn|[from] psn\n|-end|p2a: Glimmora|Encore\n|upkeep\n|\n|t:|1682792648\n|switch|p1b: Dragonite|Dragonite, L50, M|100\/100\n|turn|6\n|\n|t:|1682792660\n|-terastallize|p1b: Dragonite|Flying\n|move|p2b: Flutter Mane|Protect|p2b: Flutter Mane\n|-singleturn|p2b: Flutter Mane|Protect\n|move|p1a: Iron Bundle|Freeze-Dry|p2a: Glimmora\n|-supereffective|p2a: Glimmora\n|-damage|p2a: Glimmora|2\/100\n|move|p1b: Dragonite|Dragon Dance|p1b: Dragonite\n|-boost|p1b: Dragonite|atk|1\n|-boost|p1b: Dragonite|spe|1\n|move|p2a: Glimmora|Mortal Spin|p1a: Iron Bundle|[spread] p1a,p1b\n|-damage|p1a: Iron Bundle|17\/100 psn\n|-damage|p1b: Dragonite|98\/100\n|-status|p1b: Dragonite|psn\n|-enditem|p1b: Dragonite|Lum Berry|[eat]\n|-curestatus|p1b: Dragonite|psn|[msg]\n|\n|-damage|p1a: Iron Bundle|5\/100 psn|[from] psn\n|upkeep\n|turn|7\n|\n|t:|1682792683\n|-end|p2b: Flutter Mane|Protosynthesis|[silent]\n|switch|p2b: Chi-Yu|Chi-Yu, L50|100\/100\n|-ability|p2b: Chi-Yu|Beads of Ruin\n|move|p1a: Iron Bundle|Freeze-Dry|p2a: Glimmora\n|-supereffective|p2a: Glimmora\n|-damage|p2a: Glimmora|0 fnt\n|faint|p2a: Glimmora\n|move|p1b: Dragonite|Tera Blast|p2b: Chi-Yu\n|-damage|p2b: Chi-Yu|0 fnt\n|faint|p2b: Chi-Yu\n|\n|-damage|p1a: Iron Bundle|0 fnt|[from] psn\n|faint|p1a: Iron Bundle\n|-end|p1a: Iron Bundle|Quark Drive|[silent]\n|upkeep\n|-message|Bloom 13 forfeited.\n|\n|win|Terry kloak\n|raw|Terry kloak's rating: 1415 → 1435<\/strong> (+20 for winning)\n|raw|Bloom 13's rating: 1407 → 1387<\/strong> (-20 for losing)\n|l|\u2606Bloom 13\n|l| Braindeadmeta\n","uploadtime":1682792702,"views":18,"p1id":"terrykloak","p2id":"bloom13","formatid":"gen9vgc2023regulationc","rating":1387,"private":0,"password":""}