{"id":"gen9vgc2023regulationc-1862837784","p1":"LightningLucario","p2":"JJ22FTW","format":"[Gen 9] VGC 2023 Regulation C","log":"|j|\u2606LightningLucario\n|j|\u2606JJ22FTW\n|t:|1683927620\n|gametype|doubles\n|player|p1|LightningLucario|170|\n|player|p2|JJ22FTW|guitarist|\n|teamsize|p1|6\n|teamsize|p2|6\n|gen|9\n|tier|[Gen 9] VGC 2023 Regulation C\n|rule|Species Clause: Limit one of each Pok\u00e9mon\n|rule|Item Clause: Limit one of each item\n|clearpoke\n|poke|p1|Azumarill, L50, M|\n|poke|p1|Flutter Mane, L50|\n|poke|p1|Dragapult, L50, M|\n|poke|p1|Lucario, L50, F|\n|poke|p1|Rotom-Wash, L50|\n|poke|p1|Tyranitar, L50, F|\n|poke|p2|Garchomp, L50, M|\n|poke|p2|Talonflame, L50, M|\n|poke|p2|Scizor, L50, M|\n|poke|p2|Abomasnow, L50, M|\n|poke|p2|Gardevoir, L50, F|\n|poke|p2|Iron Valiant, L50|\n|teampreview|4\n|\n|t:|1683927654\n|start\n|switch|p1a: Whirlpool|Rotom-Wash, L50, shiny|100\/100\n|switch|p1b: Flup Moom|Flutter Mane, L50|100\/100\n|switch|p2a: Gardelladevior|Iron Valiant, L50|100\/100\n|switch|p2b: Have Mercy...|Gardevoir, L50, F|100\/100\n|-ability|p2b: Have Mercy...|Levitate|[from] ability: Trace|[of] p1a: Whirlpool\n|turn|1\n|\n|t:|1683927686\n|-terastallize|p2b: Have Mercy...|Dark\n|move|p1b: Flup Moom|Protect|p1b: Flup Moom\n|-singleturn|p1b: Flup Moom|Protect\n|move|p2a: Gardelladevior|Dazzling Gleam|p1b: Flup Moom|[spread] p1a\n|-activate|p1b: Flup Moom|move: Protect\n|-damage|p1a: Whirlpool|57\/100\n|move|p2b: Have Mercy...|Dazzling Gleam|p1b: Flup Moom|[spread] p1a\n|-activate|p1b: Flup Moom|move: Protect\n|-damage|p1a: Whirlpool|25\/100\n|move|p1a: Whirlpool|Light Screen|p1a: Whirlpool\n|-sidestart|p1: LightningLucario|move: Light Screen\n|\n|upkeep\n|turn|2\n|\n|t:|1683927717\n|move|p1b: Flup Moom|Moonblast|p2a: Gardelladevior\n|-supereffective|p2a: Gardelladevior\n|-damage|p2a: Gardelladevior|0 fnt\n|faint|p2a: Gardelladevior\n|-end|p2a: Gardelladevior|Quark Drive|[silent]\n|move|p2b: Have Mercy...|Shadow Ball|p1b: Flup Moom\n|-supereffective|p1b: Flup Moom\n|-damage|p1b: Flup Moom|63\/100\n|move|p1a: Whirlpool|Reflect|p1a: Whirlpool\n|-sidestart|p1: LightningLucario|Reflect\n|\n|upkeep\n|\n|t:|1683927738\n|switch|p2a: HungLikeAMoose|Talonflame, L50, M, shiny|100\/100\n|turn|3\n|\n|t:|1683927762\n|move|p2a: HungLikeAMoose|Tailwind|p2a: HungLikeAMoose\n|-sidestart|p2: JJ22FTW|move: Tailwind\n|move|p2b: Have Mercy...|Dazzling Gleam|p1b: Flup Moom|[spread] p1a,p1b\n|-damage|p1a: Whirlpool|5\/100\n|-damage|p1b: Flup Moom|42\/100\n|move|p1b: Flup Moom|Moonblast|p2b: Have Mercy...\n|-supereffective|p2b: Have Mercy...\n|-damage|p2b: Have Mercy...|17\/100\n|move|p1a: Whirlpool|Will-O-Wisp|p2a: HungLikeAMoose\n|-immune|p2a: HungLikeAMoose\n|\n|upkeep\n|turn|4\n|\n|t:|1683927799\n|move|p2a: HungLikeAMoose|Flare Blitz|p1b: Flup Moom\n|-damage|p1b: Flup Moom|0 fnt\n|faint|p1b: Flup Moom\n|-end|p1b: Flup Moom|Protosynthesis|[silent]\n|-damage|p2a: HungLikeAMoose|91\/100|[from] Recoil\n|move|p2b: Have Mercy...|Dazzling Gleam|p1a: Whirlpool\n|-damage|p1a: Whirlpool|0 fnt\n|faint|p1a: Whirlpool\n|\n|upkeep\n|\n|t:|1683927811\n|switch|p1b: Magazine|Dragapult, L50, M, shiny|100\/100\n|switch|p1a: Lu|Lucario, L50, F|100\/100\n|turn|5\n|\n|t:|1683927847\n|-terastallize|p1a: Lu|Normal\n|move|p1a: Lu|Extreme Speed|p2b: Have Mercy...\n|-damage|p2b: Have Mercy...|0 fnt\n|faint|p2b: Have Mercy...\n|move|p2a: HungLikeAMoose|Flare Blitz|p1a: Lu\n|-damage|p1a: Lu|69\/100\n|-damage|p2a: HungLikeAMoose|81\/100|[from] Recoil\n|move|p1b: Magazine|Draco Meteor|p2a: HungLikeAMoose\n|-damage|p2a: HungLikeAMoose|0 fnt\n|-unboost|p1b: Magazine|spa|2\n|faint|p2a: HungLikeAMoose\n|-damage|p1b: Magazine|91\/100|[from] item: Life Orb\n|\n|upkeep\n|\n|t:|1683927864\n|switch|p2b: IGarTheWaySheChomp|Garchomp, L50, M|100\/100\n|turn|6\n|\n|t:|1683927890\n|move|p1a: Lu|Extreme Speed|p2b: IGarTheWaySheChomp\n|-damage|p2b: IGarTheWaySheChomp|43\/100\n|-damage|p1a: Lu|56\/100|[from] ability: Rough Skin|[of] p2b: IGarTheWaySheChomp\n|move|p2b: IGarTheWaySheChomp|Earthquake|p1b: Magazine|[spread] p1a,p1b\n|-damage|p1a: Lu|24\/100\n|-damage|p1b: Magazine|54\/100\n|move|p1b: Magazine|Draco Meteor|p2b: IGarTheWaySheChomp\n|-supereffective|p2b: IGarTheWaySheChomp\n|-damage|p2b: IGarTheWaySheChomp|0 fnt\n|-unboost|p1b: Magazine|spa|2\n|faint|p2b: IGarTheWaySheChomp\n|-damage|p1b: Magazine|44\/100|[from] item: Life Orb\n|\n|win|LightningLucario\n|l|\u2606LightningLucario\n|j| lethalpilot\n|l| lethalpilot\n","uploadtime":1683928467,"views":17,"p1id":"lightninglucario","p2id":"jj22ftw","formatid":"gen9vgc2023regulationc","rating":0,"private":0,"password":""}