{"id":"gen9vgc2023regulationc-1852885778","p1":"pjpacker","p2":"icedragonkid105","format":"[Gen 9] VGC 2023 Regulation C","log":"|j|\u2606pjpacker\n|j|\u2606icedragonkid105\n|t:|1682614499\n|gametype|doubles\n|player|p1|pjpacker|skyla|1160\n|player|p2|icedragonkid105|1|1170\n|teamsize|p1|6\n|teamsize|p2|6\n|gen|9\n|tier|[Gen 9] VGC 2023 Regulation C\n|rated|\n|rule|Species Clause: Limit one of each Pok\u00e9mon\n|rule|Item Clause: Limit one of each item\n|clearpoke\n|poke|p1|Garchomp, L50, F|\n|poke|p1|Talonflame, L50, F|\n|poke|p1|Chien-Pao, L50|\n|poke|p1|Iron Hands, L50|\n|poke|p1|Flutter Mane, L50|\n|poke|p1|Amoonguss, L50, F|\n|poke|p2|Baxcalibur, L50, M|\n|poke|p2|Flutter Mane, L50|\n|poke|p2|Chi-Yu, L50|\n|poke|p2|Iron Hands, L50|\n|poke|p2|Iron Bundle, L50|\n|poke|p2|Arcanine, L50, M|\n|teampreview|4\n|inactive|Battle timer is ON: inactive players will automatically lose when time's up. (requested by pjpacker)\npjpacker has agreed to open team sheets.\n|inactive|pjpacker has 60 seconds left.\n|\n|t:|1682614548\n|start\n|switch|p1a: Talonflame|Talonflame, L50, F, shiny|100\/100\n|switch|p1b: Flutter Mane|Flutter Mane, L50, shiny|100\/100\n|switch|p2a: Dom|Iron Hands, L50|100\/100\n|switch|p2b: Glacius|Baxcalibur, L50, M|100\/100\n|-enditem|p1b: Flutter Mane|Booster Energy\n|-activate|p1b: Flutter Mane|ability: Protosynthesis|[fromitem]\n|-start|p1b: Flutter Mane|protosynthesisspa\n|turn|1\n|inactive|icedragonkid105 has 30 seconds left.\n|\n|t:|1682614581\n|-terastallize|p1a: Talonflame|Ghost\n|move|p1b: Flutter Mane|Protect|p1b: Flutter Mane\n|-singleturn|p1b: Flutter Mane|Protect\n|move|p2b: Glacius|Protect|p2b: Glacius\n|-singleturn|p2b: Glacius|Protect\n|move|p1a: Talonflame|Tailwind|p1a: Talonflame\n|-sidestart|p1: pjpacker|move: Tailwind\n|move|p2a: Dom|Wild Charge|p1b: Flutter Mane\n|-activate|p1b: Flutter Mane|move: Protect\n|\n|upkeep\n|turn|2\n|inactive|pjpacker has 30 seconds left.\n|\n|t:|1682614607\n|switch|p2b: K-9|Arcanine, L50, M|100\/100\n|-ability|p2b: K-9|Intimidate|boost\n|-unboost|p1a: Talonflame|atk|1\n|-unboost|p1b: Flutter Mane|atk|1\n|move|p1b: Flutter Mane|Moonblast|p2b: K-9\n|-resisted|p2b: K-9\n|-damage|p2b: K-9|51\/100\n|-unboost|p2b: K-9|spa|1\n|move|p1a: Talonflame|Will-O-Wisp|p2a: Dom\n|-status|p2a: Dom|brn\n|move|p2a: Dom|Wild Charge|p1b: Flutter Mane\n|-damage|p1b: Flutter Mane|39\/100\n|-damage|p2a: Dom|93\/100 brn|[from] Recoil\n|\n|-damage|p2a: Dom|87\/100 brn|[from] brn\n|upkeep\n|turn|3\n|inactive|pjpacker has 30 seconds left.\n|inactive|icedragonkid105 has 30 seconds left.\n|inactive|pjpacker has 20 seconds left.\n|\n|t:|1682614643\n|move|p1b: Flutter Mane|Shadow Ball|p2b: K-9\n|-damage|p2b: K-9|0 fnt\n|faint|p2b: K-9\n|move|p1a: Talonflame|Taunt|p2a: Dom\n|-start|p2a: Dom|move: Taunt\n|move|p2a: Dom|Volt Switch|p1a: Talonflame\n|-crit|p1a: Talonflame\n|-damage|p1a: Talonflame|75\/100\n|\n|t:|1682614653\n|-end|p2a: Dom|Quark Drive|[silent]\n|switch|p2a: Glacius|Baxcalibur, L50, M|100\/100|[from] Volt Switch\n|\n|upkeep\n|\n|t:|1682614657\n|switch|p2b: Glitch|Iron Bundle, L50, shiny|100\/100\n|turn|4\n|inactive|pjpacker has 30 seconds left.\n|inactive|icedragonkid105 has 30 seconds left.\n|\n|t:|1682614689\n|-terastallize|p2a: Glacius|Poison\n|move|p2b: Glitch|Protect|p2b: Glitch\n|-singleturn|p2b: Glitch|Protect\n|move|p2a: Glacius|Ice Shard|p1b: Flutter Mane\n|-damage|p1b: Flutter Mane|0 fnt\n|faint|p1b: Flutter Mane\n|-end|p1b: Flutter Mane|Protosynthesis|[silent]\n|move|p1a: Talonflame|Brave Bird|p2b: Glitch\n|-activate|p2b: Glitch|move: Protect\n|\n|-sideend|p1: pjpacker|move: Tailwind\n|upkeep\n|\n|t:|1682614702\n|switch|p1b: Chien-Pao|Chien-Pao, L50|100\/100\n|-ability|p1b: Chien-Pao|Sword of Ruin\n|turn|5\n|\n|t:|1682614718\n|-end|p2b: Glitch|Quark Drive|[silent]\n|switch|p2b: Dom|Iron Hands, L50|87\/100 brn\n|move|p1b: Chien-Pao|Sacred Sword|p2b: Dom\n|-damage|p2b: Dom|63\/100 brn\n|move|p1a: Talonflame|Tailwind|p1a: Talonflame\n|-sidestart|p1: pjpacker|move: Tailwind\n|move|p2a: Glacius|Icicle Crash|p1a: Talonflame\n|-damage|p1a: Talonflame|0 fnt\n|faint|p1a: Talonflame\n|\n|-damage|p2b: Dom|57\/100 brn|[from] brn\n|upkeep\n|\n|t:|1682614727\n|switch|p1a: Garchomp|Garchomp, L50, F|100\/100\n|turn|6\n|\n|t:|1682614749\n|move|p1b: Chien-Pao|Protect|p1b: Chien-Pao\n|-singleturn|p1b: Chien-Pao|Protect\n|move|p2b: Dom|Fake Out|p1b: Chien-Pao\n|-activate|p1b: Chien-Pao|move: Protect\n|move|p1a: Garchomp|Earthquake|p2a: Glacius|[spread] p2a,p2b\n|-activate|p1b: Chien-Pao|move: Protect\n|-supereffective|p2a: Glacius\n|-supereffective|p2b: Dom\n|-damage|p2a: Glacius|4\/100\n|-damage|p2b: Dom|0 fnt\n|faint|p2b: Dom\n|-end|p2b: Dom|Quark Drive|[silent]\n|move|p2a: Glacius|Icicle Crash|p1a: Garchomp\n|-supereffective|p1a: Garchomp\n|-damage|p1a: Garchomp|0 fnt\n|faint|p1a: Garchomp\n|\n|upkeep\n|\n|t:|1682614766\n|switch|p2b: Glitch|Iron Bundle, L50, shiny|100\/100\n|turn|7\n|\n|t:|1682614779\n|move|p2a: Glacius|Protect|p2a: Glacius\n|-singleturn|p2a: Glacius|Protect\n|move|p1b: Chien-Pao|Sucker Punch||[still]\n|-fail|p1b: Chien-Pao\n|move|p2b: Glitch|Encore|p1b: Chien-Pao\n|-start|p1b: Chien-Pao|Encore\n|\n|upkeep\n|turn|8\n|\n|t:|1682614793\n|move|p2b: Glitch|Protect|p2b: Glitch\n|-singleturn|p2b: Glitch|Protect\n|move|p2a: Glacius|Protect||[still]\n|-fail|p2a: Glacius\n|move|p1b: Chien-Pao|Sucker Punch||[still]\n|-fail|p1b: Chien-Pao\n|\n|-sideend|p1: pjpacker|move: Tailwind\n|upkeep\n|turn|9\n|\n|t:|1682614810\n|move|p2b: Glitch|Protect||[still]\n|-fail|p2b: Glitch\n|move|p2a: Glacius|Protect|p2a: Glacius\n|-singleturn|p2a: Glacius|Protect\n|move|p1b: Chien-Pao|Sucker Punch||[still]\n|-fail|p1b: Chien-Pao\n|\n|upkeep\n|turn|10\n|inactive|pjpacker has 30 seconds left.\n|\n|t:|1682614838\n|move|p2a: Glacius|Protect||[still]\n|-fail|p2a: Glacius\n|move|p1b: Chien-Pao|Sucker Punch||[still]\n|-fail|p1b: Chien-Pao\n|move|p2b: Glitch|Encore||[still]\n|-fail|p2b: Glitch\n|\n|-end|p1b: Chien-Pao|Encore\n|upkeep\n|turn|11\n|\n|t:|1682614860\n|move|p2a: Glacius|Ice Shard|p1b: Chien-Pao\n|-resisted|p1b: Chien-Pao\n|-damage|p1b: Chien-Pao|83\/100\n|move|p2b: Glitch|Freeze-Dry|p1b: Chien-Pao\n|-resisted|p1b: Chien-Pao\n|-damage|p1b: Chien-Pao|55\/100\n|move|p1b: Chien-Pao|Sacred Sword|p2b: Glitch\n|-supereffective|p2b: Glitch\n|-enditem|p2b: Glitch|Focus Sash\n|-damage|p2b: Glitch|1\/100\n|\n|upkeep\n|turn|12\n|\n|t:|1682614875\n|move|p2b: Glitch|Protect|p2b: Glitch\n|-singleturn|p2b: Glitch|Protect\n|move|p2a: Glacius|Protect|p2a: Glacius\n|-singleturn|p2a: Glacius|Protect\n|move|p1b: Chien-Pao|Sacred Sword|p2a: Glacius\n|-activate|p2a: Glacius|move: Protect\n|\n|upkeep\n|turn|13\n|\n|t:|1682614890\n|move|p2a: Glacius|Ice Shard|p1b: Chien-Pao\n|-resisted|p1b: Chien-Pao\n|-damage|p1b: Chien-Pao|38\/100\n|move|p2b: Glitch|Hydro Pump|p1b: Chien-Pao\n|-damage|p1b: Chien-Pao|0 fnt\n|faint|p1b: Chien-Pao\n|\n|win|icedragonkid105\n|raw|pjpacker's rating: 1160 → 1136<\/strong> (-24 for losing)\n|raw|icedragonkid105's rating: 1170 → 1194<\/strong> (+24 for winning)\n","uploadtime":1682614900,"views":12,"p1id":"pjpacker","p2id":"icedragonkid105","formatid":"gen9vgc2023regulationc","rating":1136,"private":0,"password":""}