{"id":"gen9vgc2023regulationc-1854566726","p1":"Kshshsgsgsgdgdh","p2":"SquishBeak","format":"[Gen 9] VGC 2023 Regulation C","log":"|j|\u2606Kshshsgsgsgdgdh\n|j|\u2606SquishBeak\n|t:|1682828039\n|gametype|doubles\n|player|p1|Kshshsgsgsgdgdh|dawn|1000\n|player|p2|SquishBeak|darach-caitlin|1074\n|teamsize|p1|6\n|teamsize|p2|6\n|gen|9\n|tier|[Gen 9] VGC 2023 Regulation C\n|rated|\n|rule|Species Clause: Limit one of each Pok\u00e9mon\n|rule|Item Clause: Limit one of each item\n|clearpoke\n|poke|p1|Flutter Mane, L50|\n|poke|p1|Amoonguss, L50, F|\n|poke|p1|Slaking, L50, F|\n|poke|p1|Arcanine, L50, M|\n|poke|p1|Grafaiai, L50, M|\n|poke|p1|Palafin, L50, M|\n|poke|p2|Oranguru, L50, M|\n|poke|p2|Gholdengo, L50|\n|poke|p2|Arboliva, L50, M|\n|poke|p2|Bronzong, L50|\n|poke|p2|Iron Hands, L50|\n|poke|p2|Hatterene, L50, F|\n|teampreview|4\n|inactive|Battle timer is ON: inactive players will automatically lose when time's up. (requested by SquishBeak)\n|\n|t:|1682828087\n|start\n|switch|p1a: Grafaiai|Grafaiai, L50, M|100\/100\n|switch|p1b: Palafin|Palafin, L50, M|100\/100\n|switch|p2a: Oranguru|Oranguru, L50, M|100\/100\n|switch|p2b: Iron Hands|Iron Hands, L50|100\/100\n|-item|p1a: Grafaiai|Air Balloon\n|turn|1\n|\n|t:|1682828105\n|detailschange|p1b: Palafin|Palafin-Hero, L50, M\n|switch|p1b: Slaking|Slaking, L50, F|100\/100\n|move|p2b: Iron Hands|Fake Out|p1a: Grafaiai\n|-damage|p1a: Grafaiai|78\/100\n|-enditem|p1a: Grafaiai|Air Balloon\n|cant|p1a: Grafaiai|flinch\n|move|p2a: Oranguru|Trick Room|p2a: Oranguru\n|-fieldstart|move: Trick Room|[of] p2a: Oranguru\n|\n|upkeep\n|turn|2\n|inactive|SquishBeak has 30 seconds left.\n|\n|t:|1682828133\n|-terastallize|p2a: Oranguru|Dark\n|move|p1a: Grafaiai|Doodle|p2a: Oranguru\n|-hint|Since gen 7, Dark is immune to Prankster moves.\n|-immune|p2a: Oranguru\n|move|p2b: Iron Hands|Drain Punch|p1b: Slaking\n|-supereffective|p1b: Slaking\n|-damage|p1b: Slaking|37\/100\n|move|p2a: Oranguru|Fling|p2b: Iron Hands\n|-resisted|p2b: Iron Hands\n|-damage|p2b: Iron Hands|96\/100\n|-start|p2b: Iron Hands|move: Focus Energy\n|-enditem|p2a: Oranguru|Lansat Berry|[from] move: Fling\n|move|p1b: Slaking|Body Slam|p2b: Iron Hands\n|-damage|p2b: Iron Hands|59\/100\n|\n|-heal|p1b: Slaking|43\/100|[from] item: Leftovers\n|upkeep\n|turn|3\n|inactive|Kshshsgsgsgdgdh has 30 seconds left.\n|inactive|Kshshsgsgsgdgdh has 20 seconds left.\n|inactive|Kshshsgsgsgdgdh has 15 seconds left.\n|\n|t:|1682828174\n|cant|p1b: Slaking|ability: Truant\n|move|p1a: Grafaiai|Doodle||[still]\n|-fail|p1a: Grafaiai\n|move|p2b: Iron Hands|Drain Punch|p1b: Slaking\n|-supereffective|p1b: Slaking\n|-crit|p1b: Slaking\n|-damage|p1b: Slaking|0 fnt\n|-heal|p2b: Iron Hands|81\/100|[from] drain|[of] p1b: Slaking\n|faint|p1b: Slaking\n|move|p2a: Oranguru|Instruct|p2b: Iron Hands\n|-singleturn|p2b: Iron Hands|move: Instruct|[of] p2a: Oranguru\n|move|p2b: Iron Hands|Drain Punch|p1a: Grafaiai\n|-crit|p1a: Grafaiai\n|-damage|p1a: Grafaiai|0 fnt\n|-heal|p2b: Iron Hands|100\/100|[from] drain|[of] p1a: Grafaiai\n|faint|p1a: Grafaiai\n|\n|upkeep\n|\n|t:|1682828193\n|switch|p1b: Arcanine|Arcanine, L50, M|100\/100\n|switch|p1a: Palafin|Palafin-Hero, L50, M|100\/100\n|-ability|p1b: Arcanine|Intimidate|boost\n|-fail|p2a: Oranguru|unboost|Attack|[from] ability: Inner Focus|[of] p2a: Oranguru\n|-unboost|p2b: Iron Hands|atk|1\n|-activate|p1a: Palafin|ability: Zero to Hero\n|turn|4\n|\n|t:|1682828215\n|move|p1a: Palafin|Protect|p1a: Palafin\n|-singleturn|p1a: Palafin|Protect\n|move|p2b: Iron Hands|Wild Charge|p1a: Palafin\n|-activate|p1a: Palafin|move: Protect\n|move|p2a: Oranguru|Instruct|p2b: Iron Hands\n|-singleturn|p2b: Iron Hands|move: Instruct|[of] p2a: Oranguru\n|move|p2b: Iron Hands|Wild Charge|p1a: Palafin\n|-activate|p1a: Palafin|move: Protect\n|move|p1b: Arcanine|Will-O-Wisp|p2b: Iron Hands\n|-status|p2b: Iron Hands|brn\n|\n|-damage|p2b: Iron Hands|94\/100 brn|[from] brn\n|upkeep\n|turn|5\n|inactive|Kshshsgsgsgdgdh has 30 seconds left.\n|inactive|Kshshsgsgsgdgdh has 20 seconds left.\n|\n|t:|1682828253\n|-terastallize|p1a: Palafin|Water\n|move|p2b: Iron Hands|Wild Charge|p1a: Palafin\n|-supereffective|p1a: Palafin\n|-crit|p1a: Palafin\n|-damage|p1a: Palafin|16\/100\n|-damage|p2b: Iron Hands|80\/100 brn|[from] Recoil\n|move|p2a: Oranguru|Instruct|p2b: Iron Hands\n|-singleturn|p2b: Iron Hands|move: Instruct|[of] p2a: Oranguru\n|move|p2b: Iron Hands|Wild Charge|p1a: Palafin\n|-supereffective|p1a: Palafin\n|-crit|p1a: Palafin\n|-damage|p1a: Palafin|0 fnt\n|faint|p1a: Palafin\n|-damage|p2b: Iron Hands|77\/100 brn|[from] Recoil\n|move|p1b: Arcanine|Flare Blitz|p2b: Iron Hands\n|-crit|p2b: Iron Hands\n|-damage|p2b: Iron Hands|32\/100 brn\n|-damage|p1b: Arcanine|82\/100|[from] Recoil\n|\n|-damage|p2b: Iron Hands|26\/100 brn|[from] brn\n|-fieldend|move: Trick Room\n|upkeep\n|turn|6\n|inactive|SquishBeak has 30 seconds left.\n|\n|t:|1682828278\n|-end|p2b: Iron Hands|Quark Drive|[silent]\n|switch|p2b: Hatterene|Hatterene, L50, F|100\/100\n|move|p1b: Arcanine|Flare Blitz|p2b: Hatterene\n|-damage|p2b: Hatterene|53\/100\n|-damage|p1b: Arcanine|69\/100|[from] Recoil\n|move|p2a: Oranguru|Trick Room|p2a: Oranguru\n|-fieldstart|move: Trick Room|[of] p2a: Oranguru\n|\n|upkeep\n|turn|7\n|\n|t:|1682828290\n|move|p2b: Hatterene|Psychic|p1b: Arcanine\n|-damage|p1b: Arcanine|32\/100\n|move|p2a: Oranguru|Instruct|p2b: Hatterene\n|-singleturn|p2b: Hatterene|move: Instruct|[of] p2a: Oranguru\n|move|p2b: Hatterene|Psychic|p1b: Arcanine\n|-damage|p1b: Arcanine|0 fnt\n|faint|p1b: Arcanine\n|\n|win|SquishBeak\n|raw|Kshshsgsgsgdgdh's rating: 1000 → 1000<\/strong> (+0 for losing)\n|raw|SquishBeak's rating: 1074 → 1097<\/strong> (+23 for winning)\n","uploadtime":1682828302,"views":14,"p1id":"kshshsgsgsgdgdh","p2id":"squishbeak","formatid":"gen9vgc2023regulationc","rating":1000,"private":0,"password":""}