{"id":"gen9vgc2023regulationc-1853202616","p1":"NovaLaFlame","p2":"Fimmmion","format":"[Gen 9] VGC 2023 Regulation C","log":"|j|\u2606NovaLaFlame\n|j|\u2606Fimmmion\n|t:|1682648025\n|gametype|doubles\n|player|p1|NovaLaFlame|170|1091\n|player|p2|Fimmmion|266|1063\n|teamsize|p1|6\n|teamsize|p2|6\n|gen|9\n|tier|[Gen 9] VGC 2023 Regulation C\n|rated|\n|rule|Species Clause: Limit one of each Pok\u00e9mon\n|rule|Item Clause: Limit one of each item\n|clearpoke\n|poke|p1|Palafin, L50, M|\n|poke|p1|Kilowattrel, L50, M|\n|poke|p1|Pelipper, L50, M|\n|poke|p1|Baxcalibur, L50, F|\n|poke|p1|Grimmsnarl, L50, M|\n|poke|p1|Gholdengo, L50|\n|poke|p2|Chien-Pao, L50|\n|poke|p2|Dragonite, L50, M|\n|poke|p2|Gyarados, L50, M|\n|poke|p2|Flutter Mane, L50|\n|poke|p2|Scream Tail, L50|\n|poke|p2|Kingambit, L50, F|\n|teampreview|4\n|\n|t:|1682648075\n|start\n|switch|p1a: Baxcalibur|Baxcalibur, L50, F|100\/100\n|switch|p1b: Gholdengo|Gholdengo, L50|100\/100\n|switch|p2a: Chien-Pao|Chien-Pao, L50|100\/100\n|switch|p2b: Gyarados|Gyarados, L50, M|100\/100\n|-ability|p2a: Chien-Pao|Sword of Ruin\n|-ability|p2b: Gyarados|Intimidate|boost\n|-unboost|p1a: Baxcalibur|atk|1\n|-unboost|p1b: Gholdengo|atk|1\n|turn|1\n|\n|t:|1682648113\n|switch|p2b: Scream Tail|Scream Tail, L50|100\/100\n|switch|p1a: Pelipper|Pelipper, L50, M|100\/100\n|-weather|RainDance|[from] ability: Drizzle|[of] p1a: Pelipper\n|-terastallize|p2a: Chien-Pao|Dark\n|move|p1b: Gholdengo|Thunderbolt|p2b: Scream Tail\n|-damage|p2b: Scream Tail|81\/100\n|move|p2a: Chien-Pao|Crunch|p1b: Gholdengo\n|-supereffective|p1b: Gholdengo\n|-damage|p1b: Gholdengo|0 fnt\n|faint|p1b: Gholdengo\n|\n|-weather|RainDance|[upkeep]\n|upkeep\n|\n|t:|1682648163\n|switch|p1b: Baxcalibur|Baxcalibur, L50, F|100\/100\n|turn|2\n|\n|t:|1682648201\n|switch|p2a: Gyarados|Gyarados, L50, M|100\/100\n|-ability|p2a: Gyarados|Intimidate|boost\n|-unboost|p1a: Pelipper|atk|1\n|-unboost|p1b: Baxcalibur|atk|1\n|-terastallize|p1b: Baxcalibur|Fairy\n|move|p1a: Pelipper|Helping Hand|p1b: Baxcalibur\n|-singleturn|p1b: Baxcalibur|Helping Hand|[of] p1a: Pelipper\n|move|p2b: Scream Tail|Thunder Wave|p1b: Baxcalibur\n|-status|p1b: Baxcalibur|par\n|move|p1b: Baxcalibur|Icicle Spear|p2a: Gyarados\n|-damage|p2a: Gyarados|79\/100\n|-damage|p2a: Gyarados|60\/100\n|-damage|p2a: Gyarados|42\/100\n|-damage|p2a: Gyarados|20\/100\n|-damage|p2a: Gyarados|1\/100\n|-hitcount|p2a: Gyarados|5\n|\n|-weather|RainDance|[upkeep]\n|-heal|p2a: Gyarados|7\/100|[from] item: Leftovers\n|upkeep\n|turn|3\n|\n|t:|1682648249\n|switch|p1b: Kilowattrel|Kilowattrel, L50, M|100\/100\n|move|p2a: Gyarados|Ice Fang|p1a: Pelipper|[miss]\n|-miss|p2a: Gyarados|p1a: Pelipper\n|move|p2b: Scream Tail|Play Rough|p1a: Pelipper\n|-damage|p1a: Pelipper|84\/100\n|-unboost|p1a: Pelipper|atk|1\n|move|p1a: Pelipper|Chilling Water|p2a: Gyarados\n|-resisted|p2a: Gyarados\n|-damage|p2a: Gyarados|0 fnt\n|faint|p2a: Gyarados\n|\n|-weather|RainDance|[upkeep]\n|upkeep\n|\n|t:|1682648268\n|switch|p2a: Flutter Mane|Flutter Mane, L50|100\/100\n|turn|4\n|\n|t:|1682648287\n|move|p1a: Pelipper|Wide Guard|p1a: Pelipper\n|-singleturn|p1a: Pelipper|Wide Guard\n|move|p1b: Kilowattrel|Thunder|p2a: Flutter Mane\n|-damage|p2a: Flutter Mane|47\/100\n|move|p2a: Flutter Mane|Shadow Ball|p1b: Kilowattrel\n|-enditem|p1b: Kilowattrel|Focus Sash\n|-damage|p1b: Kilowattrel|1\/100\n|-unboost|p1b: Kilowattrel|spd|1\n|move|p2b: Scream Tail|Light Screen|p2b: Scream Tail\n|-sidestart|p2: Fimmmion|move: Light Screen\n|\n|-weather|RainDance|[upkeep]\n|upkeep\n|turn|5\n|\n|t:|1682648309\n|move|p1a: Pelipper|Helping Hand|p1b: Kilowattrel\n|-singleturn|p1b: Kilowattrel|Helping Hand|[of] p1a: Pelipper\n|move|p1b: Kilowattrel|Thunder|p2a: Flutter Mane\n|-damage|p2a: Flutter Mane|0 fnt\n|faint|p2a: Flutter Mane\n|-end|p2a: Flutter Mane|Protosynthesis|[silent]\n|move|p2b: Scream Tail|Thunder Wave|p1a: Pelipper\n|-status|p1a: Pelipper|par\n|\n|-weather|RainDance|[upkeep]\n|upkeep\n|\n|t:|1682648321\n|switch|p2a: Chien-Pao|Chien-Pao, L50, tera:Dark|100\/100\n|-ability|p2a: Chien-Pao|Sword of Ruin\n|turn|6\n|\n|t:|1682648339\n|cant|p1a: Pelipper|par\n|move|p1b: Kilowattrel|Thunder|p2a: Chien-Pao\n|-damage|p2a: Chien-Pao|42\/100\n|move|p2a: Chien-Pao|Sacred Sword|p1b: Kilowattrel\n|-resisted|p1b: Kilowattrel\n|-damage|p1b: Kilowattrel|0 fnt\n|faint|p1b: Kilowattrel\n|move|p2b: Scream Tail|Howl|p2b: Scream Tail|[spread] p2a,p2b\n|-boost|p2a: Chien-Pao|atk|1\n|-boost|p2b: Scream Tail|atk|1\n|\n|-weather|RainDance|[upkeep]\n|upkeep\n|\n|t:|1682648354\n|switch|p1b: Baxcalibur|Baxcalibur, L50, F, tera:Fairy|100\/100 par\n|turn|7\n|\n|t:|1682648366\n|move|p1a: Pelipper|Helping Hand|p1b: Baxcalibur\n|-singleturn|p1b: Baxcalibur|Helping Hand|[of] p1a: Pelipper\n|move|p2a: Chien-Pao|Sacred Sword|p1b: Baxcalibur\n|-resisted|p1b: Baxcalibur\n|-damage|p1b: Baxcalibur|58\/100 par\n|move|p2b: Scream Tail|Play Rough|p1b: Baxcalibur\n|-damage|p1b: Baxcalibur|17\/100 par\n|move|p1b: Baxcalibur|Icicle Spear|p2a: Chien-Pao\n|-damage|p2a: Chien-Pao|10\/100\n|-damage|p2a: Chien-Pao|0 fnt\n|faint|p2a: Chien-Pao\n|-hitcount|p2: Chien-Pao|2\n|\n|-weather|RainDance|[upkeep]\n|upkeep\n|turn|8\n|\n|t:|1682648383\n|cant|p1b: Baxcalibur|par\n|move|p2b: Scream Tail|Play Rough|p1b: Baxcalibur\n|-damage|p1b: Baxcalibur|0 fnt\n|faint|p1b: Baxcalibur\n|move|p1a: Pelipper|Chilling Water|p2b: Scream Tail\n|-damage|p2b: Scream Tail|68\/100\n|-unboost|p2b: Scream Tail|atk|1\n|\n|-weather|none\n|upkeep\n|turn|9\n|\n|t:|1682648400\n|move|p2b: Scream Tail|Howl|p2b: Scream Tail\n|-boost|p2b: Scream Tail|atk|1\n|move|p1a: Pelipper|Chilling Water|p2b: Scream Tail\n|-damage|p2b: Scream Tail|61\/100\n|-unboost|p2b: Scream Tail|atk|1\n|\n|upkeep\n|turn|10\n|\n|t:|1682648410\n|move|p2b: Scream Tail|Howl|p2b: Scream Tail\n|-boost|p2b: Scream Tail|atk|1\n|move|p1a: Pelipper|Chilling Water|p2b: Scream Tail\n|-damage|p2b: Scream Tail|52\/100\n|-unboost|p2b: Scream Tail|atk|1\n|\n|upkeep\n|turn|11\n|\n|t:|1682648416\n|move|p2b: Scream Tail|Howl|p2b: Scream Tail\n|-boost|p2b: Scream Tail|atk|1\n|move|p1a: Pelipper|Chilling Water|p2b: Scream Tail\n|-damage|p2b: Scream Tail|44\/100\n|-unboost|p2b: Scream Tail|atk|1\n|\n|-sideend|p2: Fimmmion|move: Light Screen\n|upkeep\n|turn|12\n|\n|t:|1682648429\n|move|p2b: Scream Tail|Play Rough|p1a: Pelipper\n|-damage|p1a: Pelipper|68\/100 par\n|move|p1a: Pelipper|Chilling Water|p2b: Scream Tail\n|-damage|p2b: Scream Tail|32\/100\n|-unboost|p2b: Scream Tail|atk|1\n|\n|upkeep\n|turn|13\n|\n|t:|1682648444\n|move|p2b: Scream Tail|Light Screen|p2b: Scream Tail\n|-sidestart|p2: Fimmmion|move: Light Screen\n|move|p1a: Pelipper|Chilling Water|p2b: Scream Tail\n|-damage|p2b: Scream Tail|24\/100\n|-unboost|p2b: Scream Tail|atk|1\n|\n|upkeep\n|turn|14\n|\n|t:|1682648450\n|move|p2b: Scream Tail|Play Rough|p1a: Pelipper\n|-damage|p1a: Pelipper|59\/100 par\n|cant|p1a: Pelipper|par\n|\n|upkeep\n|turn|15\n|c|\u2606NovaLaFlame|Your hax shan't save you from this bird\n|\n|t:|1682648469\n|move|p2b: Scream Tail|Play Rough|p1a: Pelipper\n|-damage|p1a: Pelipper|50\/100 par\n|-unboost|p1a: Pelipper|atk|1\n|move|p1a: Pelipper|Chilling Water|p2b: Scream Tail\n|-damage|p2b: Scream Tail|17\/100\n|-unboost|p2b: Scream Tail|atk|1\n|\n|upkeep\n|turn|16\n|\n|t:|1682648480\n|move|p2b: Scream Tail|Play Rough|p1a: Pelipper\n|-damage|p1a: Pelipper|41\/100 par\n|move|p1a: Pelipper|Chilling Water|p2b: Scream Tail\n|-damage|p2b: Scream Tail|9\/100\n|-unboost|p2b: Scream Tail|atk|1\n|\n|upkeep\n|turn|17\n|\n|t:|1682648491\n|move|p2b: Scream Tail|Play Rough|p1a: Pelipper\n|-damage|p1a: Pelipper|35\/100 par\n|move|p1a: Pelipper|Chilling Water|p2b: Scream Tail\n|-damage|p2b: Scream Tail|0 fnt\n|faint|p2b: Scream Tail\n|-end|p2b: Scream Tail|Protosynthesis|[silent]\n|\n|win|NovaLaFlame\n|raw|NovaLaFlame's rating: 1091 → 1115<\/strong> (+24 for winning)\n|raw|Fimmmion's rating: 1063 → 1045<\/strong> (-18 for losing)\n|c|\u2606NovaLaFlame|BIIIIIIIIRRRRRRD\n|c|\u2606Fimmmion|gg\n|c|\u2606NovaLaFlame|Ggwp!\n|l|\u2606Fimmmion\n","uploadtime":1682648519,"views":7,"p1id":"novalaflame","p2id":"fimmmion","formatid":"gen9vgc2023regulationc","rating":1045,"private":0,"password":""}