{"id":"gen9vgc2023regulationc-1846032956","p1":"Tachipoyo","p2":"EFRAINZUNIGA","format":"[Gen 9] VGC 2023 Regulation C","log":"|j|\u2606Tachipoyo\n|j|\u2606EFRAINZUNIGA\n|t:|1681794703\n|gametype|doubles\n|player|p1|Tachipoyo|tate|1233\n|player|p2|EFRAINZUNIGA|psychic|1226\n|teamsize|p1|6\n|teamsize|p2|6\n|gen|9\n|tier|[Gen 9] VGC 2023 Regulation C\n|rated|\n|rule|Species Clause: Limit one of each Pok\u00e9mon\n|rule|Item Clause: Limit one of each item\n|clearpoke\n|poke|p1|Dondozo, L50, F|\n|poke|p1|Tatsugiri, L50, F|\n|poke|p1|Scovillain, L50, M|\n|poke|p1|Kingambit, L50, F|\n|poke|p1|Gothitelle, L50, M|\n|poke|p1|Flutter Mane, L50|\n|poke|p2|Pelipper, L50, F|\n|poke|p2|Amoonguss, L50, F|\n|poke|p2|Azumarill, L50, F|\n|poke|p2|Kingambit, L50, M|\n|poke|p2|Farigiraf, L50, M|\n|poke|p2|Iron Hands, L50|\n|teampreview|4\n|inactive|Battle timer is ON: inactive players will automatically lose when time's up. (requested by Tachipoyo)\n|inactive|EFRAINZUNIGA has 60 seconds left.\n|inactive|EFRAINZUNIGA has 30 seconds left.\n|\n|t:|1681794768\n|start\n|switch|p1a: Gothitelle|Gothitelle, L50, M|100\/100\n|switch|p1b: Dondozo|Dondozo, L50, F|100\/100\n|switch|p2a: Kingambit|Kingambit, L50, M|100\/100\n|switch|p2b: Azumarill|Azumarill, L50, F|100\/100\n|turn|1\n|inactive|Tachipoyo has 30 seconds left.\n|\n|t:|1681794800\n|move|p2b: Azumarill|Protect|p2b: Azumarill\n|-singleturn|p2b: Azumarill|Protect\n|move|p1a: Gothitelle|Fake Out|p2b: Azumarill\n|-activate|p2b: Azumarill|move: Protect\n|move|p1b: Dondozo|Earthquake|p2b: Azumarill|[spread] p1a,p2a\n|-activate|p2b: Azumarill|move: Protect\n|-supereffective|p2a: Kingambit\n|-damage|p1a: Gothitelle|80\/100\n|-damage|p2a: Kingambit|68\/100\n|move|p2a: Kingambit|Kowtow Cleave|p1a: Gothitelle\n|-supereffective|p1a: Gothitelle\n|-damage|p1a: Gothitelle|0 fnt\n|-damage|p2a: Kingambit|51\/100|[from] item: Rocky Helmet|[of] p1a: Gothitelle\n|faint|p1a: Gothitelle\n|\n|upkeep\n|\n|t:|1681794821\n|switch|p1a: Tatsugiri|Tatsugiri, L50, F|100\/100\n|-activate|p1a: Tatsugiri|ability: Commander|[of] p1b: Dondozo\n|-boost|p1b: Dondozo|atk|2\n|-boost|p1b: Dondozo|spa|2\n|-boost|p1b: Dondozo|spe|2\n|-boost|p1b: Dondozo|def|2\n|-boost|p1b: Dondozo|spd|2\n|turn|2\n|\n|t:|1681794834\n|switch|p2b: Amoonguss|Amoonguss, L50, F, shiny|100\/100\n|-terastallize|p2a: Kingambit|Flying\n|move|p1b: Dondozo|Earthquake|p2a: Kingambit|[spread] p2b\n|-miss|p1b: Dondozo|p1a: Tatsugiri\n|-immune|p2a: Kingambit\n|-damage|p2b: Amoonguss|63\/100\n|move|p2a: Kingambit|Kowtow Cleave|p1b: Dondozo\n|-damage|p1b: Dondozo|80\/100\n|\n|-heal|p1b: Dondozo|87\/100|[from] item: Leftovers\n|upkeep\n|turn|3\n|\n|t:|1681794853\n|move|p1b: Dondozo|Protect|p1b: Dondozo\n|-singleturn|p1b: Dondozo|Protect\n|move|p2a: Kingambit|Protect|p2a: Kingambit\n|-singleturn|p2a: Kingambit|Protect\n|move|p2b: Amoonguss|Spore|p1b: Dondozo\n|-activate|p1b: Dondozo|move: Protect\n|\n|-heal|p1b: Dondozo|93\/100|[from] item: Leftovers\n|upkeep\n|turn|4\n|\n|t:|1681794870\n|switch|p2a: Azumarill|Azumarill, L50, F|100\/100\n|move|p1b: Dondozo|Substitute|p1b: Dondozo\n|-start|p1b: Dondozo|Substitute\n|-damage|p1b: Dondozo|68\/100\n|move|p2b: Amoonguss|Spore||[still]\n|-fail|p2b: Amoonguss\n|\n|-heal|p1b: Dondozo|74\/100|[from] item: Leftovers\n|upkeep\n|turn|5\n|\n|t:|1681794887\n|move|p1b: Dondozo|Order Up|p2b: Amoonguss\n|-damage|p2b: Amoonguss|22\/100\n|-enditem|p2b: Amoonguss|Aguav Berry|[eat]\n|-heal|p2b: Amoonguss|55\/100|[from] item: Aguav Berry\n|-boost|p1b: Dondozo|atk|1\n|move|p2a: Azumarill|Play Rough|p1b: Dondozo\n|-activate|p1b: Dondozo|move: Substitute|[damage]\n|-damage|p2a: Azumarill|90\/100|[from] item: Life Orb\n|move|p2b: Amoonguss|Spore||[still]\n|-fail|p2b: Amoonguss\n|\n|-heal|p1b: Dondozo|80\/100|[from] item: Leftovers\n|upkeep\n|turn|6\n|\n|t:|1681794906\n|move|p1b: Dondozo|Protect|p1b: Dondozo\n|-singleturn|p1b: Dondozo|Protect\n|move|p2a: Azumarill|Play Rough|p1b: Dondozo\n|-activate|p1b: Dondozo|move: Protect\n|move|p2b: Amoonguss|Spore|p1b: Dondozo\n|-activate|p1b: Dondozo|move: Protect\n|\n|-heal|p1b: Dondozo|87\/100|[from] item: Leftovers\n|upkeep\n|turn|7\n|\n|t:|1681794921\n|move|p1b: Dondozo|Earthquake|p2a: Azumarill|[spread] p2a,p2b\n|-miss|p1b: Dondozo|p1a: Tatsugiri\n|-damage|p2a: Azumarill|29\/100\n|-damage|p2b: Amoonguss|7\/100\n|move|p2a: Azumarill|Play Rough|p1b: Dondozo\n|-end|p1b: Dondozo|Substitute\n|-damage|p2a: Azumarill|18\/100|[from] item: Life Orb\n|move|p2b: Amoonguss|Spore|p1b: Dondozo\n|-status|p1b: Dondozo|slp|[from] move: Spore\n|\n|-heal|p1b: Dondozo|93\/100 slp|[from] item: Leftovers\n|upkeep\n|turn|8\n|\n|t:|1681794940\n|cant|p1b: Dondozo|slp\n|move|p2a: Azumarill|Play Rough|p1b: Dondozo\n|-damage|p1b: Dondozo|67\/100 slp\n|-damage|p2a: Azumarill|8\/100|[from] item: Life Orb\n|move|p2b: Amoonguss|Pollen Puff|p2a: Azumarill\n|-heal|p2a: Azumarill|58\/100\n|\n|-heal|p1b: Dondozo|73\/100 slp|[from] item: Leftovers\n|upkeep\n|turn|9\n|\n|t:|1681794959\n|switch|p2b: Kingambit|Kingambit, L50, M, tera:Flying|51\/100\n|cant|p1b: Dondozo|slp\n|move|p2a: Azumarill|Play Rough|p1b: Dondozo\n|-damage|p1b: Dondozo|48\/100 slp\n|-damage|p2a: Azumarill|48\/100|[from] item: Life Orb\n|\n|-heal|p1b: Dondozo|54\/100 slp|[from] item: Leftovers\n|upkeep\n|turn|10\n|\n|t:|1681794973\n|-curestatus|p1b: Dondozo|slp|[msg]\n|move|p1b: Dondozo|Order Up|p2b: Kingambit\n|-damage|p2b: Kingambit|7\/100\n|-boost|p1b: Dondozo|atk|1\n|move|p2a: Azumarill|Play Rough|p1b: Dondozo\n|-damage|p1b: Dondozo|31\/100\n|-damage|p2a: Azumarill|38\/100|[from] item: Life Orb\n|move|p2b: Kingambit|Kowtow Cleave|p1b: Dondozo\n|-crit|p1b: Dondozo\n|-damage|p1b: Dondozo|0 fnt\n|faint|p1b: Dondozo\n|\n|upkeep\n|\n|t:|1681794978\n|switch|p1b: Scovillain|Scovillain, L50, M|100\/100\n|turn|11\n|\n|t:|1681794997\n|move|p2a: Azumarill|Protect|p2a: Azumarill\n|-singleturn|p2a: Azumarill|Protect\n|move|p2b: Kingambit|Sucker Punch|p1a: Tatsugiri\n|-damage|p1a: Tatsugiri|5\/100\n|move|p1a: Tatsugiri|Muddy Water|p2b: Kingambit|[spread] p2b\n|-activate|p2a: Azumarill|move: Protect\n|-damage|p2b: Kingambit|0 fnt\n|faint|p2b: Kingambit\n|move|p1b: Scovillain|Bullet Seed|p2a: Azumarill\n|-activate|p2a: Azumarill|move: Protect\n|\n|-ability|p1b: Scovillain|Moody|boost\n|-boost|p1b: Scovillain|spa|2\n|-unboost|p1b: Scovillain|atk|1\n|upkeep\n|\n|t:|1681795015\n|switch|p2b: Pelipper|Pelipper, L50, F|100\/100\n|-weather|RainDance|[from] ability: Drizzle|[of] p2b: Pelipper\n|turn|12\n|\n|t:|1681795026\n|move|p2a: Azumarill|Aqua Jet|p1a: Tatsugiri\n|-resisted|p1a: Tatsugiri\n|-damage|p1a: Tatsugiri|0 fnt\n|faint|p1a: Tatsugiri\n|-damage|p2a: Azumarill|29\/100|[from] item: Life Orb\n|move|p1b: Scovillain|Bullet Seed|p2a: Azumarill\n|-supereffective|p2a: Azumarill\n|-crit|p2a: Azumarill\n|-damage|p2a: Azumarill|0 fnt\n|faint|p2a: Azumarill\n|-hitcount|p2: Azumarill|1\n|move|p2b: Pelipper|Hurricane|p1b: Scovillain\n|-supereffective|p1b: Scovillain\n|-enditem|p1b: Scovillain|Focus Sash\n|-damage|p1b: Scovillain|1\/100\n|\n|-weather|RainDance|[upkeep]\n|-ability|p1b: Scovillain|Moody|boost\n|-boost|p1b: Scovillain|def|2\n|-unboost|p1b: Scovillain|spe|1\n|upkeep\n|\n|t:|1681795042\n|switch|p2a: Amoonguss|Amoonguss, L50, F, shiny|40\/100\n|turn|13\n|\n|t:|1681795055\n|move|p1b: Scovillain|Protect|p1b: Scovillain\n|-singleturn|p1b: Scovillain|Protect\n|move|p2a: Amoonguss|Protect|p2a: Amoonguss\n|-singleturn|p2a: Amoonguss|Protect\n|move|p2b: Pelipper|Hurricane|p1b: Scovillain\n|-activate|p1b: Scovillain|move: Protect\n|\n|-weather|RainDance|[upkeep]\n|-ability|p1b: Scovillain|Moody|boost\n|-boost|p1b: Scovillain|atk|2\n|-unboost|p1b: Scovillain|spe|1\n|upkeep\n|turn|14\n|\n|t:|1681795073\n|move|p2b: Pelipper|Hurricane|p1b: Scovillain\n|-supereffective|p1b: Scovillain\n|-damage|p1b: Scovillain|0 fnt\n|faint|p1b: Scovillain\n|\n|win|EFRAINZUNIGA\n|raw|Tachipoyo's rating: 1233 → 1207<\/strong> (-26 for losing)\n|raw|EFRAINZUNIGA's rating: 1226 → 1252<\/strong> (+26 for winning)\n","uploadtime":1681795081,"views":9,"p1id":"tachipoyo","p2id":"efrainzuniga","formatid":"gen9vgc2023regulationc","rating":1207,"private":0,"password":""}