{"id":"gen9vgc2023regulationc-1849472613","p1":"ButtBuster","p2":"Crest of Thunders","format":"[Gen 9] VGC 2023 Regulation C","log":"|j|\u2606ButtBuster\n|j|\u2606Crest of Thunders\n|t:|1682202484\n|gametype|doubles\n|player|p1|ButtBuster|169|1195\n|player|p2|Crest of Thunders|barry|1284\n|teamsize|p1|6\n|teamsize|p2|6\n|gen|9\n|tier|[Gen 9] VGC 2023 Regulation C\n|rated|\n|rule|Species Clause: Limit one of each Pok\u00e9mon\n|rule|Item Clause: Limit one of each item\n|clearpoke\n|poke|p1|Annihilape, L50, M|\n|poke|p1|Arcanine, L50, M|\n|poke|p1|Dondozo, L50, F|\n|poke|p1|Tatsugiri, L50, F|\n|poke|p1|Flutter Mane, L50|\n|poke|p1|Baxcalibur, L50, M|\n|poke|p2|Iron Hands, L50|\n|poke|p2|Arcanine, L50, M|\n|poke|p2|Ting-Lu, L50|\n|poke|p2|Flutter Mane, L50|\n|poke|p2|Iron Bundle, L50|\n|poke|p2|Amoonguss, L50, F|\n|teampreview|4\n|inactive|Battle timer is ON: inactive players will automatically lose when time's up. (requested by ButtBuster)\n|c|\u2606Crest of Thunders|glhf\nCrest of Thunders has agreed to open team sheets.\n|inactive|Crest of Thunders has 60 seconds left.\n|\n|t:|1682202525\n|start\n|switch|p1a: Baxcalibur|Baxcalibur, L50, M|100\/100\n|switch|p1b: Arcanine|Arcanine, L50, M|100\/100\n|switch|p2a: Gravestone|Flutter Mane, L50, shiny|100\/100\n|switch|p2b: 5A1NT_N1K|Iron Bundle, L50|100\/100\n|-ability|p1b: Arcanine|Intimidate|boost\n|-unboost|p2a: Gravestone|atk|1\n|-unboost|p2b: 5A1NT_N1K|atk|1\n|-enditem|p2b: 5A1NT_N1K|Booster Energy\n|-activate|p2b: 5A1NT_N1K|ability: Quark Drive|[fromitem]\n|-start|p2b: 5A1NT_N1K|quarkdrivespe\n|turn|1\n|inactive|ButtBuster has 30 seconds left.\n|inactive|ButtBuster has 20 seconds left.\n|\n|t:|1682202566\n|-terastallize|p1a: Baxcalibur|Steel\n|move|p2a: Gravestone|Protect|p2a: Gravestone\n|-singleturn|p2a: Gravestone|Protect\n|move|p2b: 5A1NT_N1K|Hydro Pump|p1b: Arcanine|[miss]\n|-miss|p2b: 5A1NT_N1K|p1b: Arcanine\n|move|p1b: Arcanine|Howl|p1b: Arcanine|[spread] p1a,p1b\n|-boost|p1a: Baxcalibur|atk|1\n|-boost|p1b: Arcanine|atk|1\n|move|p1a: Baxcalibur|Icicle Spear|p2a: Gravestone\n|-activate|p2a: Gravestone|move: Protect\n|\n|upkeep\n|turn|2\n|\n|t:|1682202586\n|-terastallize|p2a: Gravestone|Water\n|move|p1b: Arcanine|Protect|p1b: Arcanine\n|-singleturn|p1b: Arcanine|Protect\n|move|p2b: 5A1NT_N1K|Hydro Pump|p1a: Baxcalibur\n|-damage|p1a: Baxcalibur|55\/100\n|move|p2a: Gravestone|Shadow Ball|p1a: Baxcalibur\n|-damage|p1a: Baxcalibur|10\/100\n|-damage|p2a: Gravestone|91\/100|[from] item: Life Orb\n|move|p1a: Baxcalibur|Glaive Rush|p2b: 5A1NT_N1K\n|-damage|p2b: 5A1NT_N1K|0 fnt\n|-singlemove|p1a: Baxcalibur|Glaive Rush|[silent]\n|faint|p2b: 5A1NT_N1K\n|-end|p2b: 5A1NT_N1K|Quark Drive|[silent]\n|\n|upkeep\n|\n|t:|1682202596\n|switch|p2b: 5UM0|Iron Hands, L50|100\/100\n|turn|3\n|\n|t:|1682202607\n|move|p2b: 5UM0|Fake Out|p1a: Baxcalibur\n|-resisted|p1a: Baxcalibur\n|-crit|p1a: Baxcalibur\n|-damage|p1a: Baxcalibur|0 fnt\n|faint|p1a: Baxcalibur\n|move|p2a: Gravestone|Taunt|p1b: Arcanine\n|-start|p1b: Arcanine|move: Taunt\n|cant|p1b: Arcanine|move: Taunt|Will-O-Wisp\n|\n|upkeep\n|\n|t:|1682202616\n|switch|p1a: Flutter Mane|Flutter Mane, L50|100\/100\n|turn|4\n|\n|t:|1682202633\n|-end|p2b: 5UM0|Quark Drive|[silent]\n|switch|p2b: Claude|Ting-Lu, L50|100\/100\n|-ability|p2b: Claude|Vessel of Ruin\n|move|p1a: Flutter Mane|Thunderbolt|p2a: Gravestone\n|-supereffective|p2a: Gravestone\n|-damage|p2a: Gravestone|27\/100\n|-status|p2a: Gravestone|par\n|move|p1b: Arcanine|Flare Blitz|p2b: Claude\n|-damage|p2b: Claude|66\/100\n|-damage|p1b: Arcanine|86\/100|[from] Recoil\n|cant|p2a: Gravestone|par\n|\n|upkeep\n|turn|5\n|\n|t:|1682202648\n|cant|p2a: Gravestone|par\n|move|p1a: Flutter Mane|Thunderbolt|p2a: Gravestone\n|-supereffective|p2a: Gravestone\n|-damage|p2a: Gravestone|0 fnt\n|faint|p2a: Gravestone\n|-end|p2a: Gravestone|Protosynthesis|[silent]\n|move|p1b: Arcanine|Flare Blitz|p2b: Claude\n|-damage|p2b: Claude|26\/100\n|-damage|p1b: Arcanine|69\/100|[from] Recoil\n|move|p2b: Claude|Heavy Slam|p1a: Flutter Mane\n|-supereffective|p1a: Flutter Mane\n|-damage|p1a: Flutter Mane|0 fnt\n|faint|p1a: Flutter Mane\n|-end|p1a: Flutter Mane|Protosynthesis|[silent]\n|\n|-end|p1b: Arcanine|move: Taunt\n|upkeep\n|\n|t:|1682202656\n|switch|p1a: Annihilape|Annihilape, L50, M|100\/100\n|switch|p2a: 5UM0|Iron Hands, L50|100\/100\n|turn|6\n|\n|t:|1682202681\n|move|p1a: Annihilape|Final Gambit|p2a: 5UM0\n|-damage|p2a: 5UM0|27\/100\n|-enditem|p2a: 5UM0|Sitrus Berry|[eat]\n|-heal|p2a: 5UM0|52\/100|[from] item: Sitrus Berry\n|faint|p1a: Annihilape\n|move|p1b: Arcanine|Flare Blitz|p2b: Claude\n|-damage|p2b: Claude|0 fnt\n|faint|p2b: Claude\n|-damage|p1b: Arcanine|58\/100|[from] Recoil\n|move|p2a: 5UM0|Swords Dance|p2a: 5UM0\n|-boost|p2a: 5UM0|atk|2\n|\n|upkeep\n|turn|7\n|\n|t:|1682202691\n|move|p1b: Arcanine|Will-O-Wisp|p2a: 5UM0\n|-status|p2a: 5UM0|brn\n|move|p2a: 5UM0|Drain Punch|p1b: Arcanine\n|-damage|p1b: Arcanine|12\/100\n|-heal|p2a: 5UM0|70\/100 brn|[from] drain|[of] p1b: Arcanine\n|\n|-damage|p2a: 5UM0|64\/100 brn|[from] brn\n|upkeep\n|turn|8\n|\n|t:|1682202702\n|move|p1b: Arcanine|Flare Blitz|p2a: 5UM0\n|-damage|p2a: 5UM0|25\/100 brn\n|-damage|p1b: Arcanine|0 fnt|[from] Recoil\n|faint|p1b: Arcanine\n|\n|win|Crest of Thunders\n|raw|ButtBuster's rating: 1195 → 1176<\/strong> (-19 for losing)\n|raw|Crest of Thunders's rating: 1284 → 1303<\/strong> (+19 for winning)\n|c|\u2606Crest of Thunders|gg\n|l|\u2606ButtBuster\n","uploadtime":1682202712,"views":7,"p1id":"buttbuster","p2id":"crestofthunders","formatid":"gen9vgc2023regulationc","rating":1176,"private":0,"password":""}