{"id":"gen9vgc2023regulationc-1852158542","p1":"Doof7","p2":"Reuselation","format":"[Gen 9] VGC 2023 Regulation C","log":"|j|\u2606Doof7\n|j|\u2606Reuselation\n|t:|1682528939\n|gametype|doubles\n|player|p1|Doof7|red|1075\n|player|p2|Reuselation|red|1146\n|teamsize|p1|6\n|teamsize|p2|6\n|gen|9\n|tier|[Gen 9] VGC 2023 Regulation C\n|rated|\n|rule|Species Clause: Limit one of each Pok\u00e9mon\n|rule|Item Clause: Limit one of each item\n|clearpoke\n|poke|p1|Chi-Yu, L50|\n|poke|p1|Bronzong, L50|\n|poke|p1|Tsareena, L50, F|\n|poke|p1|Iron Hands, L50|\n|poke|p1|Rotom-Wash, L50|\n|poke|p1|Kingambit, L50, M|\n|poke|p2|Pelipper, L50, F|\n|poke|p2|Palafin, L50, M|\n|poke|p2|Amoonguss, L50, F|\n|poke|p2|Iron Hands, L50|\n|poke|p2|Salamence, L50, M|\n|poke|p2|Chien-Pao, L50|\n|teampreview|4\n|inactive|Battle timer is ON: inactive players will automatically lose when time's up. (requested by Doof7)\nDoof7 has agreed to open team sheets.\n|inactive|Doof7 has 60 seconds left.\n|\n|t:|1682528983\n|start\n|switch|p1a: Iron Hands|Iron Hands, L50|100\/100\n|switch|p1b: Bronzong|Bronzong, L50|100\/100\n|switch|p2a: Iron Hands|Iron Hands, L50|100\/100\n|switch|p2b: Palafin|Palafin, L50, M|100\/100\n|turn|1\n|inactive|Reuselation has 30 seconds left.\n|\n|t:|1682529009\n|switch|p1b: Tsareena|Tsareena, L50, F|100\/100\n|move|p2b: Palafin|Protect|p2b: Palafin\n|-singleturn|p2b: Palafin|Protect\n|move|p2a: Iron Hands|Fake Out||[still]\n|cant|p1b: Tsareena|ability: Queenly Majesty|Fake Out|[of] p2a: Iron Hands\n|move|p1a: Iron Hands|Thunder Punch|p2b: Palafin\n|-activate|p2b: Palafin|move: Protect\n|\n|upkeep\n|turn|2\n|\n|t:|1682529034\n|detailschange|p2b: Palafin|Palafin-Hero, L50, M\n|switch|p2b: Amoonguss|Amoonguss, L50, F|100\/100\n|-end|p1a: Iron Hands|Quark Drive|[silent]\n|switch|p1a: Bronzong|Bronzong, L50|100\/100\n|move|p1b: Tsareena|Play Rough|p2a: Iron Hands\n|-supereffective|p2a: Iron Hands\n|-damage|p2a: Iron Hands|34\/100\n|move|p2a: Iron Hands|Drain Punch|p1a: Bronzong\n|-damage|p1a: Bronzong|69\/100\n|-heal|p2a: Iron Hands|45\/100|[from] drain|[of] p1a: Bronzong\n|\n|-heal|p1a: Bronzong|75\/100|[from] item: Leftovers\n|upkeep\n|turn|3\n|\n|t:|1682529056\n|switch|p1a: Iron Hands|Iron Hands, L50|100\/100\n|-terastallize|p2a: Iron Hands|Grass\n|move|p1b: Tsareena|Play Rough|p2a: Iron Hands\n|-damage|p2a: Iron Hands|15\/100\n|move|p2a: Iron Hands|Drain Punch|p1a: Iron Hands\n|-damage|p1a: Iron Hands|68\/100\n|-heal|p2a: Iron Hands|31\/100|[from] drain|[of] p1a: Iron Hands\n|move|p2b: Amoonguss|Pollen Puff|p2a: Iron Hands\n|-heal|p2a: Iron Hands|81\/100\n|\n|upkeep\n|turn|4\n|inactive|Doof7 has 30 seconds left.\n|inactive|Reuselation has 30 seconds left.\n|\n|t:|1682529084\n|switch|p1b: Bronzong|Bronzong, L50|75\/100\n|move|p1a: Iron Hands|Fake Out|p2a: Iron Hands\n|-damage|p2a: Iron Hands|70\/100\n|cant|p2a: Iron Hands|flinch\n|move|p2b: Amoonguss|Spore|p1a: Iron Hands\n|-activate|p1a: Iron Hands|item: Safety Goggles|Spore\n|\n|-heal|p1b: Bronzong|81\/100|[from] item: Leftovers\n|upkeep\n|turn|5\n|\n|t:|1682529106\n|switch|p1b: Tsareena|Tsareena, L50, F|100\/100\n|move|p2a: Iron Hands|Drain Punch|p1a: Iron Hands\n|-crit|p1a: Iron Hands\n|-damage|p1a: Iron Hands|18\/100\n|-heal|p2a: Iron Hands|94\/100|[from] drain|[of] p1a: Iron Hands\n|move|p1a: Iron Hands|Drain Punch|p2a: Iron Hands\n|-damage|p2a: Iron Hands|69\/100\n|-heal|p1a: Iron Hands|31\/100|[from] drain|[of] p2a: Iron Hands\n|move|p2b: Amoonguss|Spore|p1b: Tsareena\n|-immune|p1b: Tsareena\n|\n|upkeep\n|turn|6\n|inactive|Reuselation has 30 seconds left.\n|inactive|Reuselation has 20 seconds left.\n|\n|t:|1682529145\n|move|p1a: Iron Hands|Protect|p1a: Iron Hands\n|-singleturn|p1a: Iron Hands|Protect\n|move|p1b: Tsareena|U-turn|p2a: Iron Hands\n|-supereffective|p2a: Iron Hands\n|-damage|p2a: Iron Hands|18\/100\n|\n|t:|1682529155\n|switch|p1b: Kingambit|Kingambit, L50, M|100\/100|[from] U-turn\n|move|p2a: Iron Hands|Drain Punch|p1a: Iron Hands\n|-activate|p1a: Iron Hands|move: Protect\n|move|p2b: Amoonguss|Pollen Puff|p1b: Kingambit\n|-damage|p1b: Kingambit|82\/100\n|\n|upkeep\n|turn|7\n|\n|t:|1682529178\n|switch|p1b: Tsareena|Tsareena, L50, F|100\/100\n|move|p2a: Iron Hands|Drain Punch|p1b: Tsareena\n|-damage|p1b: Tsareena|54\/100\n|-heal|p2a: Iron Hands|35\/100|[from] drain|[of] p1b: Tsareena\n|move|p1a: Iron Hands|Drain Punch|p2a: Iron Hands\n|-damage|p2a: Iron Hands|6\/100\n|-heal|p1a: Iron Hands|47\/100|[from] drain|[of] p2a: Iron Hands\n|move|p2b: Amoonguss|Pollen Puff|p2a: Iron Hands\n|-heal|p2a: Iron Hands|56\/100\n|\n|upkeep\n|turn|8\n|-message|Doof7 forfeited.\n|\n|win|Reuselation\n|raw|Doof7's rating: 1075 → 1058<\/strong> (-17 for losing)\n|raw|Reuselation's rating: 1146 → 1166<\/strong> (+20 for winning)\n|l|\u2606Doof7\n","uploadtime":1682529213,"views":16,"p1id":"doof7","p2id":"reuselation","formatid":"gen9vgc2023regulationc","rating":1058,"private":0,"password":""}