{"id":"gen9vgc2023regulationc-1859670955","p1":"Elpan0","p2":"LasermanZ111","format":"[Gen 9] VGC 2023 Regulation C","log":"|j|\u2606Elpan0\n|j|\u2606LasermanZ111\n|t:|1683554672\n|gametype|doubles\n|player|p1|Elpan0|266|1375\n|player|p2|LasermanZ111|red|1428\n|teamsize|p1|6\n|teamsize|p2|6\n|gen|9\n|tier|[Gen 9] VGC 2023 Regulation C\n|rated|\n|rule|Species Clause: Limit one of each Pok\u00e9mon\n|rule|Item Clause: Limit one of each item\n|clearpoke\n|poke|p1|Volcarona, L50, F|\n|poke|p1|Amoonguss, L50, F|\n|poke|p1|Flutter Mane, L50|\n|poke|p1|Iron Hands, L50|\n|poke|p1|Gyarados, L50, F|\n|poke|p1|Ting-Lu, L50|\n|poke|p2|Chi-Yu, L50|\n|poke|p2|Flutter Mane, L50|\n|poke|p2|Corviknight, L50, M|\n|poke|p2|Abomasnow, L50, M|\n|poke|p2|Iron Hands, L50|\n|poke|p2|Gyarados, L50, M|\n|teampreview|4\nLasermanZ111 has agreed to open team sheets.\n|inactive|Battle timer is ON: inactive players will automatically lose when time's up. (requested by Elpan0)\nElpan0 rejected open team sheets.\n|inactive|LasermanZ111 has 60 seconds left.\n|inactive|LasermanZ111 has 30 seconds left.\n|inactive|LasermanZ111 has 20 seconds left.\n|inactive|LasermanZ111 has 15 seconds left.\n|inactive|LasermanZ111 has 10 seconds left.\n|\n|t:|1683554788\n|start\n|switch|p1a: Gyarados|Gyarados, L50, F|100\/100\n|switch|p1b: Flutter Mane|Flutter Mane, L50|100\/100\n|switch|p2a: Iron Hands|Iron Hands, L50|100\/100\n|switch|p2b: Corviknight|Corviknight, L50, M|100\/100\n|-ability|p1a: Gyarados|Intimidate|boost\n|-unboost|p2a: Iron Hands|atk|1\n|-ability|p2b: Corviknight|Mirror Armor\n|-unboost|p1a: Gyarados|atk|1\n|turn|1\n|inactive|LasermanZ111 has 30 seconds left.\n|inactive|LasermanZ111 has 20 seconds left.\n|inactive|LasermanZ111 has 15 seconds left.\n|\n|t:|1683554829\n|-terastallize|p2a: Iron Hands|Grass\n|move|p1a: Gyarados|Helping Hand|p1b: Flutter Mane\n|-singleturn|p1b: Flutter Mane|Helping Hand|[of] p1a: Gyarados\n|move|p2a: Iron Hands|Fake Out|p1a: Gyarados\n|-damage|p1a: Gyarados|91\/100\n|move|p1b: Flutter Mane|Thunderbolt|p2b: Corviknight\n|-supereffective|p2b: Corviknight\n|-crit|p2b: Corviknight\n|-damage|p2b: Corviknight|0 fnt\n|faint|p2b: Corviknight\n|\n|upkeep\n|\n|t:|1683554842\n|switch|p2b: Flutter Mane|Flutter Mane, L50|100\/100\n|-enditem|p2b: Flutter Mane|Booster Energy\n|-activate|p2b: Flutter Mane|ability: Protosynthesis|[fromitem]\n|-start|p2b: Flutter Mane|protosynthesisspa\n|turn|2\n|c|\u2606LasermanZ111|well, if I saw that coming\n|c|\u2606LasermanZ111|maybe if there was a sheet or something\n|inactive|LasermanZ111 has 30 seconds left.\n|inactive|LasermanZ111 has 20 seconds left.\n|inactive|LasermanZ111 has 15 seconds left.\n|\n|t:|1683554884\n|-end|p1b: Flutter Mane|Protosynthesis|[silent]\n|switch|p1b: Amoonguss|Amoonguss, L50, F|100\/100\n|switch|p1a: Ting-Lu|Ting-Lu, L50|100\/100\n|-ability|p1a: Ting-Lu|Vessel of Ruin\n|-end|p2a: Iron Hands|Quark Drive|[silent]\n|switch|p2a: Gyarados|Gyarados, L50, M|100\/100\n|-ability|p2a: Gyarados|Intimidate|boost\n|-unboost|p1a: Ting-Lu|atk|1\n|-unboost|p1b: Amoonguss|atk|1\n|move|p2b: Flutter Mane|Shadow Ball|p1b: Amoonguss\n|-damage|p1b: Amoonguss|66\/100\n|-unboost|p1b: Amoonguss|spd|1\n|\n|upkeep\n|turn|3\n|inactive|Elpan0 has 30 seconds left.\n|inactive|LasermanZ111 has 30 seconds left.\n|inactive|LasermanZ111 has 20 seconds left.\n|\n|t:|1683554920\n|switch|p1b: Gyarados|Gyarados, L50, F|91\/100\n|-ability|p1b: Gyarados|Intimidate|boost\n|-unboost|p2a: Gyarados|atk|1\n|-unboost|p2b: Flutter Mane|atk|1\n|move|p2b: Flutter Mane|Protect|p2b: Flutter Mane\n|-singleturn|p2b: Flutter Mane|Protect\n|move|p2a: Gyarados|Taunt|p1b: Gyarados\n|-start|p1b: Gyarados|move: Taunt\n|move|p1a: Ting-Lu|Heavy Slam|p2b: Flutter Mane\n|-activate|p2b: Flutter Mane|move: Protect\n|\n|upkeep\n|turn|4\n|inactive|LasermanZ111 has 30 seconds left.\n|\n|t:|1683554948\n|-end|p2b: Flutter Mane|Protosynthesis|[silent]\n|switch|p2b: Iron Hands|Iron Hands, L50, tera:Grass|100\/100\n|move|p2a: Gyarados|Thunder Wave|p1b: Gyarados\n|-status|p1b: Gyarados|par\n|move|p1a: Ting-Lu|Heavy Slam|p2b: Iron Hands\n|-damage|p2b: Iron Hands|95\/100\n|move|p1b: Gyarados|Waterfall|p2b: Iron Hands\n|-resisted|p2b: Iron Hands\n|-damage|p2b: Iron Hands|84\/100\n|\n|upkeep\n|turn|5\n|\n|t:|1683554967\n|switch|p1a: Flutter Mane|Flutter Mane, L50|100\/100\n|switch|p1b: Amoonguss|Amoonguss, L50, F|99\/100\n|move|p2a: Gyarados|Waterfall|p1a: Flutter Mane\n|-damage|p1a: Flutter Mane|48\/100\n|move|p2b: Iron Hands|Drain Punch|p1a: Flutter Mane\n|-immune|p1a: Flutter Mane\n|\n|upkeep\n|turn|6\n|inactive|Elpan0 has 30 seconds left.\n|inactive|LasermanZ111 has 30 seconds left.\n|\n|t:|1683554996\n|-end|p1a: Flutter Mane|Protosynthesis|[silent]\n|switch|p1a: Gyarados|Gyarados, L50, F|91\/100 par\n|-ability|p1a: Gyarados|Intimidate|boost\n|-unboost|p2a: Gyarados|atk|1\n|-unboost|p2b: Iron Hands|atk|1\n|move|p1b: Amoonguss|Protect|p1b: Amoonguss\n|-singleturn|p1b: Amoonguss|Protect\n|move|p2a: Gyarados|Taunt|p1b: Amoonguss\n|-activate|p1b: Amoonguss|move: Protect\n|move|p2b: Iron Hands|Drain Punch|p1a: Gyarados\n|-resisted|p1a: Gyarados\n|-damage|p1a: Gyarados|76\/100 par\n|-heal|p2b: Iron Hands|91\/100|[from] drain|[of] p1a: Gyarados\n|\n|upkeep\n|turn|7\n|inactive|Elpan0 has 30 seconds left.\n|inactive|LasermanZ111 has 30 seconds left.\n|inactive|LasermanZ111 has 20 seconds left.\n|inactive|LasermanZ111 has 15 seconds left.\n|\n|t:|1683555038\n|switch|p1a: Ting-Lu|Ting-Lu, L50|100\/100\n|-ability|p1a: Ting-Lu|Vessel of Ruin\n|move|p2a: Gyarados|Taunt|p1b: Amoonguss\n|-start|p1b: Amoonguss|move: Taunt\n|move|p2b: Iron Hands|Drain Punch|p1a: Ting-Lu\n|-supereffective|p1a: Ting-Lu\n|-damage|p1a: Ting-Lu|68\/100\n|-heal|p2b: Iron Hands|100\/100|[from] drain|[of] p1a: Ting-Lu\n|move|p1b: Amoonguss|Pollen Puff|p2b: Iron Hands\n|-supereffective|p2b: Iron Hands\n|-damage|p2b: Iron Hands|86\/100\n|\n|upkeep\n|turn|8\n|inactive|Elpan0 has 30 seconds left.\n|\n|t:|1683555065\n|move|p2a: Gyarados|Waterfall|p1a: Ting-Lu\n|-supereffective|p1a: Ting-Lu\n|-damage|p1a: Ting-Lu|47\/100\n|move|p2b: Iron Hands|Wild Charge|p1a: Ting-Lu\n|-immune|p1a: Ting-Lu\n|cant|p1a: Ting-Lu|flinch\n|move|p1b: Amoonguss|Pollen Puff|p1a: Ting-Lu\n|-heal|p1a: Ting-Lu|97\/100\n|\n|upkeep\n|turn|9\n|\n|t:|1683555090\n|switch|p2a: Flutter Mane|Flutter Mane, L50|100\/100\n|switch|p1a: Gyarados|Gyarados, L50, F|76\/100 par\n|-ability|p1a: Gyarados|Intimidate|boost\n|-unboost|p2a: Flutter Mane|atk|1\n|-unboost|p2b: Iron Hands|atk|1\n|move|p2b: Iron Hands|Drain Punch|p1a: Gyarados\n|-resisted|p1a: Gyarados\n|-damage|p1a: Gyarados|64\/100 par\n|-heal|p2b: Iron Hands|91\/100|[from] drain|[of] p1a: Gyarados\n|move|p1b: Amoonguss|Pollen Puff|p1a: Gyarados\n|-heal|p1a: Gyarados|100\/100 par\n|\n|-end|p1b: Amoonguss|move: Taunt\n|upkeep\n|turn|10\n|inactive|LasermanZ111 has 30 seconds left.\n|\n|t:|1683555118\n|move|p2a: Flutter Mane|Protect|p2a: Flutter Mane\n|-singleturn|p2a: Flutter Mane|Protect\n|move|p1b: Amoonguss|Rage Powder|p1b: Amoonguss\n|-singleturn|p1b: Amoonguss|move: Rage Powder\n|move|p2b: Iron Hands|Wild Charge|p1a: Gyarados\n|-supereffective|p1a: Gyarados\n|-damage|p1a: Gyarados|0 fnt\n|faint|p1a: Gyarados\n|-damage|p2b: Iron Hands|70\/100|[from] Recoil\n|\n|upkeep\n|\n|t:|1683555127\n|switch|p1a: Flutter Mane|Flutter Mane, L50|48\/100\n|turn|11\n|\n|t:|1683555141\n|move|p2a: Flutter Mane|Protect|p2a: Flutter Mane\n|-singleturn|p2a: Flutter Mane|Protect\n|move|p1a: Flutter Mane|Shadow Ball|p2a: Flutter Mane\n|-activate|p2a: Flutter Mane|move: Protect\n|move|p2b: Iron Hands|Wild Charge|p1a: Flutter Mane\n|-damage|p1a: Flutter Mane|0 fnt\n|faint|p1a: Flutter Mane\n|-end|p1a: Flutter Mane|Protosynthesis|[silent]\n|-damage|p2b: Iron Hands|63\/100|[from] Recoil\n|move|p1b: Amoonguss|Pollen Puff|p2a: Flutter Mane\n|-activate|p2a: Flutter Mane|move: Protect\n|\n|upkeep\n|\n|t:|1683555145\n|switch|p1a: Ting-Lu|Ting-Lu, L50|97\/100\n|-ability|p1a: Ting-Lu|Vessel of Ruin\n|turn|12\n|inactive|LasermanZ111 has 30 seconds left.\n|inactive|LasermanZ111 has 20 seconds left.\n|inactive|LasermanZ111 has 15 seconds left.\n|\n|t:|1683555189\n|-end|p2a: Flutter Mane|Protosynthesis|[silent]\n|switch|p2a: Gyarados|Gyarados, L50, M|100\/100\n|-ability|p2a: Gyarados|Intimidate|boost\n|-unboost|p1a: Ting-Lu|atk|1\n|-unboost|p1b: Amoonguss|atk|1\n|-terastallize|p1a: Ting-Lu|Water\n|move|p2b: Iron Hands|Drain Punch|p1a: Ting-Lu\n|-damage|p1a: Ting-Lu|83\/100\n|-heal|p2b: Iron Hands|70\/100|[from] drain|[of] p1a: Ting-Lu\n|move|p1a: Ting-Lu|Fissure|p2b: Iron Hands|[miss]\n|-miss|p1a: Ting-Lu|p2b: Iron Hands\n|move|p1b: Amoonguss|Spore|p2a: Gyarados\n|-status|p2a: Gyarados|slp|[from] move: Spore\n|\n|upkeep\n|turn|13\n|inactive|LasermanZ111 has 30 seconds left.\n|\n|t:|1683555219\n|cant|p2a: Gyarados|slp\n|move|p2b: Iron Hands|Wild Charge|p1a: Ting-Lu\n|-supereffective|p1a: Ting-Lu\n|-damage|p1a: Ting-Lu|51\/100\n|-damage|p2b: Iron Hands|62\/100|[from] Recoil\n|move|p1a: Ting-Lu|Fissure|p2b: Iron Hands|[miss]\n|-miss|p1a: Ting-Lu|p2b: Iron Hands\n|move|p1b: Amoonguss|Pollen Puff|p1a: Ting-Lu\n|-heal|p1a: Ting-Lu|100\/100\n|\n|upkeep\n|turn|14\n|inactive|LasermanZ111 has 30 seconds left.\n|\n|t:|1683555236\n|-end|p2b: Iron Hands|Quark Drive|[silent]\n|switch|p2b: Flutter Mane|Flutter Mane, L50|100\/100\n|cant|p2a: Gyarados|slp\n|move|p1a: Ting-Lu|Fissure|p2b: Flutter Mane|[miss]\n|-miss|p1a: Ting-Lu|p2b: Flutter Mane\n|move|p1b: Amoonguss|Pollen Puff|p1a: Ting-Lu\n|-immune|p1a: Ting-Lu\n|\n|upkeep\n|turn|15\n|inactive|LasermanZ111 has 30 seconds left this turn.\n|inactive|LasermanZ111 has 20 seconds left.\n|\n|t:|1683555248\n|move|p2b: Flutter Mane|Shadow Ball|p1b: Amoonguss\n|-damage|p1b: Amoonguss|72\/100\n|-unboost|p1b: Amoonguss|spd|1\n|-curestatus|p2a: Gyarados|slp|[msg]\n|move|p2a: Gyarados|Taunt|p1b: Amoonguss\n|-start|p1b: Amoonguss|move: Taunt\n|move|p1a: Ting-Lu|Fissure|p2b: Flutter Mane|[miss]\n|-miss|p1a: Ting-Lu|p2b: Flutter Mane\n|cant|p1b: Amoonguss|move: Taunt|Spore\n|\n|upkeep\n|turn|16\n|inactive|LasermanZ111 has 20 seconds left this turn.\n|inactive|LasermanZ111 has 15 seconds left.\n|inactive|LasermanZ111 has 10 seconds left.\n|inactive|LasermanZ111 has 5 seconds left.\n|\n|t:|1683555266\n|move|p2b: Flutter Mane|Shadow Ball|p1b: Amoonguss\n|-damage|p1b: Amoonguss|34\/100\n|-enditem|p1b: Amoonguss|Sitrus Berry|[eat]\n|-heal|p1b: Amoonguss|59\/100|[from] item: Sitrus Berry\n|move|p2a: Gyarados|Thunder Wave|p1a: Ting-Lu|[miss]\n|-miss|p2a: Gyarados|p1a: Ting-Lu\n|move|p1a: Ting-Lu|Fissure|p2b: Flutter Mane\n|-damage|p2b: Flutter Mane|0 fnt\n|faint|p2b: Flutter Mane\n|-end|p2b: Flutter Mane|Protosynthesis|[silent]\n|-ohko\n|move|p1b: Amoonguss|Pollen Puff|p2a: Gyarados\n|-resisted|p2a: Gyarados\n|-damage|p2a: Gyarados|95\/100\n|\n|upkeep\n|inactive|LasermanZ111 has 5 seconds left this turn.\n|\n|t:|1683555269\n|switch|p2b: Iron Hands|Iron Hands, L50, tera:Grass|62\/100\n|turn|17\n|inactive|LasermanZ111 has 5 seconds left this turn.\n|-message|LasermanZ111 lost due to inactivity.\n|\n|win|Elpan0\n|raw|Elpan0's rating: 1375 → 1398<\/strong> (+23 for winning)\n|raw|LasermanZ111's rating: 1428 → 1405<\/strong> (-23 for losing)\n|c|\u2606LasermanZ111|what\n|c|\u2606LasermanZ111|freaking showdown\n|c|\u2606LasermanZ111|I win this on cart then\n|c|\u2606Elpan0|man you are so lucky\n","uploadtime":1683555297,"views":7,"p1id":"elpan0","p2id":"lasermanz111","formatid":"gen9vgc2023regulationc","rating":1398,"private":0,"password":""}