{"id":"gen9vgc2023regulationc-1845142327","p1":"PinoBlack89","p2":"PokemonPesticide","format":"[Gen 9] VGC 2023 Regulation C","log":"|j|\u2606PinoBlack89\n|j|\u2606PokemonPesticide\n|t:|1681688580\n|gametype|doubles\n|player|p1|PinoBlack89|265|1070\n|player|p2|PokemonPesticide|rocketgrunt|1066\n|teamsize|p1|6\n|teamsize|p2|6\n|gen|9\n|tier|[Gen 9] VGC 2023 Regulation C\n|rated|\n|rule|Species Clause: Limit one of each Pok\u00e9mon\n|rule|Item Clause: Limit one of each item\n|clearpoke\n|poke|p1|Vaporeon, L50, M|\n|poke|p1|Hydreigon, L50, F|\n|poke|p1|Clodsire, L50, M|\n|poke|p1|Slowbro, L50, M|\n|poke|p1|Raichu, L50, F|\n|poke|p1|Pelipper, L50, F|\n|poke|p2|Seviper, L50, M|\n|poke|p2|Wo-Chien, L50|\n|poke|p2|Flutter Mane, L50|\n|poke|p2|Gyarados, L50, M|\n|poke|p2|Rabsca, L50, M|\n|poke|p2|Klefki, L50, M|\n|teampreview|4\n|inactive|Battle timer is ON: inactive players will automatically lose when time's up. (requested by PinoBlack89)\n|inactive|PinoBlack89 has 60 seconds left.\n|\n|t:|1681688628\n|start\n|switch|p1a: Pelipper|Pelipper, L50, F|100\/100\n|switch|p1b: Clodsire|Clodsire, L50, M|100\/100\n|switch|p2a: Seviper|Seviper, L50, M|100\/100\n|switch|p2b: Wo-Chien|Wo-Chien, L50|100\/100\n|-weather|RainDance|[from] ability: Drizzle|[of] p1a: Pelipper\n|-ability|p2b: Wo-Chien|Tablets of Ruin\n|turn|1\n|inactive|PinoBlack89 has 30 seconds left.\n|inactive|PokemonPesticide has 30 seconds left.\n|\n|t:|1681688658\n|-terastallize|p2a: Seviper|Dark\n|-terastallize|p1b: Clodsire|Poison\n|move|p1a: Pelipper|Tailwind|p1a: Pelipper\n|-sidestart|p1: PinoBlack89|move: Tailwind\n|move|p2b: Wo-Chien|Leech Seed|p1a: Pelipper\n|-start|p1a: Pelipper|move: Leech Seed\n|move|p2a: Seviper|Wrap|p1a: Pelipper\n|-damage|p1a: Pelipper|98\/100\n|-activate|p1a: Pelipper|move: Wrap|[of] p2a: Seviper\n|move|p1b: Clodsire|Poison Jab|p2b: Wo-Chien\n|-supereffective|p2b: Wo-Chien\n|-damage|p2b: Wo-Chien|57\/100\n|\n|-weather|RainDance|[upkeep]\n|-heal|p2b: Wo-Chien|63\/100|[from] item: Leftovers\n|-damage|p1a: Pelipper|86\/100|[from] Leech Seed|[of] p2b: Wo-Chien\n|-heal|p2b: Wo-Chien|73\/100|[silent]\n|-damage|p1a: Pelipper|74\/100|[from] move: Wrap|[partiallytrapped]\n|upkeep\n|turn|2\n|inactive|PinoBlack89 has 30 seconds left.\n|inactive|PokemonPesticide has 30 seconds left.\n|inactive|PinoBlack89 has 20 seconds left.\n|inactive|PinoBlack89 has 15 seconds left.\n|inactive|PinoBlack89 has 10 seconds left.\n|inactive|PokemonPesticide has 20 seconds left.\n|\n|t:|1681688710\n|move|p1a: Pelipper|Hurricane|p2a: Seviper\n|-damage|p2a: Seviper|69\/100\n|move|p2b: Wo-Chien|Snarl|p1b: Clodsire|[spread] p1a,p1b\n|-crit|p1b: Clodsire\n|-damage|p1a: Pelipper|56\/100\n|-damage|p1b: Clodsire|89\/100\n|-unboost|p1a: Pelipper|spa|1\n|-unboost|p1b: Clodsire|spa|1\n|move|p2a: Seviper|Dig||[still]\n|-prepare|p2a: Seviper|Dig\n|move|p1b: Clodsire|Rock Slide|p2b: Wo-Chien|[spread] p2b\n|-miss|p1b: Clodsire|p2a: Seviper\n|-crit|p2b: Wo-Chien\n|-damage|p2b: Wo-Chien|62\/100\n|\n|-weather|RainDance|[upkeep]\n|-heal|p2b: Wo-Chien|68\/100|[from] item: Leftovers\n|-damage|p1a: Pelipper|44\/100|[from] Leech Seed|[of] p2b: Wo-Chien\n|-heal|p2b: Wo-Chien|79\/100|[silent]\n|-damage|p1a: Pelipper|32\/100|[from] move: Wrap|[partiallytrapped]\n|upkeep\n|turn|3\n|inactive|PinoBlack89 has 30 seconds left.\n|\n|t:|1681688736\n|switch|p1b: Hydreigon|Hydreigon, L50, F|100\/100\n|move|p2b: Wo-Chien|Protect|p2b: Wo-Chien\n|-singleturn|p2b: Wo-Chien|Protect\n|move|p1a: Pelipper|Surf|p2a: Seviper|[spread] p1b\n|-miss|p1a: Pelipper|p2a: Seviper\n|-activate|p2b: Wo-Chien|move: Protect\n|-resisted|p1b: Hydreigon\n|-damage|p1b: Hydreigon|83\/100\n|move|p2a: Seviper|Dig|p1b: Hydreigon|[from]lockedmove\n|-immune|p1b: Hydreigon|[from] ability: Levitate\n|\n|-weather|RainDance|[upkeep]\n|-heal|p2b: Wo-Chien|85\/100|[from] item: Leftovers\n|-damage|p1a: Pelipper|20\/100|[from] Leech Seed|[of] p2b: Wo-Chien\n|-heal|p2b: Wo-Chien|95\/100|[silent]\n|-damage|p1a: Pelipper|8\/100|[from] move: Wrap|[partiallytrapped]\n|upkeep\n|turn|4\n|inactive|PinoBlack89 has 30 seconds left.\n|inactive|PokemonPesticide has 30 seconds left.\n|\n|t:|1681688772\n|move|p1b: Hydreigon|Protect|p1b: Hydreigon\n|-singleturn|p1b: Hydreigon|Protect\n|move|p1a: Pelipper|Hurricane|p2b: Wo-Chien\n|-supereffective|p2b: Wo-Chien\n|-damage|p2b: Wo-Chien|57\/100\n|-start|p2b: Wo-Chien|confusion\n|-activate|p2b: Wo-Chien|confusion\n|move|p2b: Wo-Chien|Pollen Puff|p1b: Hydreigon\n|-activate|p1b: Hydreigon|move: Protect\n|move|p2a: Seviper|Poison Fang|p1b: Hydreigon\n|-activate|p1b: Hydreigon|move: Protect\n|\n|-weather|RainDance|[upkeep]\n|-heal|p2b: Wo-Chien|63\/100|[from] item: Leftovers\n|-damage|p1a: Pelipper|0 fnt|[from] Leech Seed|[of] p2b: Wo-Chien\n|-heal|p2b: Wo-Chien|69\/100|[silent]\n|faint|p1a: Pelipper\n|-sideend|p1: PinoBlack89|move: Tailwind\n|upkeep\n|\n|t:|1681688796\n|switch|p1a: Clodsire|Clodsire, L50, M, tera:Poison|89\/100\n|turn|5\n|\n|t:|1681688808\n|move|p1b: Hydreigon|Surf|p2b: Wo-Chien|[spread] p2a,p2b\n|-heal|p1a: Clodsire|100\/100|[from] ability: Water Absorb|[of] p1b: Hydreigon\n|-resisted|p2b: Wo-Chien\n|-damage|p2a: Seviper|37\/100\n|-damage|p2b: Wo-Chien|54\/100\n|-damage|p1b: Hydreigon|74\/100|[from] item: Life Orb\n|-activate|p2b: Wo-Chien|confusion\n|move|p2b: Wo-Chien|Pollen Puff|p2a: Seviper\n|-heal|p2a: Seviper|87\/100\n|move|p2a: Seviper|Poison Fang|p1b: Hydreigon\n|-damage|p1b: Hydreigon|57\/100\n|-status|p1b: Hydreigon|tox\n|move|p1a: Clodsire|Poison Jab|p2b: Wo-Chien\n|-supereffective|p2b: Wo-Chien\n|-damage|p2b: Wo-Chien|17\/100\n|\n|-weather|RainDance|[upkeep]\n|-heal|p2b: Wo-Chien|23\/100|[from] item: Leftovers\n|-damage|p1b: Hydreigon|51\/100 tox|[from] psn\n|upkeep\n|turn|6\n|inactive|PinoBlack89 has 30 seconds left.\n|inactive|PokemonPesticide has 30 seconds left.\n|inactive|PinoBlack89 has 20 seconds left.\n|\n|t:|1681688845\n|-activate|p2b: Wo-Chien|confusion\n|-damage|p2b: Wo-Chien|17\/100|[from] confusion\n|move|p1b: Hydreigon|Surf|p2a: Seviper|[spread] p2a,p2b\n|-immune|p1a: Clodsire|[from] ability: Water Absorb\n|-resisted|p2b: Wo-Chien\n|-damage|p2a: Seviper|57\/100\n|-damage|p2b: Wo-Chien|1\/100\n|-damage|p1b: Hydreigon|41\/100 tox|[from] item: Life Orb\n|move|p2a: Seviper|Wrap|p1a: Clodsire\n|-damage|p1a: Clodsire|98\/100\n|-activate|p1a: Clodsire|move: Wrap|[of] p2a: Seviper\n|move|p1a: Clodsire|Waterfall|p2a: Seviper\n|-damage|p2a: Seviper|35\/100\n|\n|-weather|RainDance|[upkeep]\n|-heal|p2b: Wo-Chien|7\/100|[from] item: Leftovers\n|-damage|p1b: Hydreigon|29\/100 tox|[from] psn\n|-damage|p1a: Clodsire|86\/100|[from] move: Wrap|[partiallytrapped]\n|upkeep\n|turn|7\n|inactive|PinoBlack89 has 30 seconds left.\n|inactive|PokemonPesticide has 30 seconds left.\n|\n|t:|1681688877\n|-end|p2b: Wo-Chien|confusion\n|move|p2b: Wo-Chien|Protect|p2b: Wo-Chien\n|-singleturn|p2b: Wo-Chien|Protect\n|move|p1b: Hydreigon|Surf|p2b: Wo-Chien|[spread] p2a\n|-activate|p2b: Wo-Chien|move: Protect\n|-heal|p1a: Clodsire|100\/100|[from] ability: Water Absorb|[of] p1b: Hydreigon\n|-damage|p2a: Seviper|3\/100\n|-damage|p1b: Hydreigon|20\/100 tox|[from] item: Life Orb\n|move|p2a: Seviper|Dig||[still]\n|-prepare|p2a: Seviper|Dig\n|move|p1a: Clodsire|Waterfall|p2a: Seviper|[miss]\n|-miss|p1a: Clodsire|p2a: Seviper\n|\n|-weather|RainDance|[upkeep]\n|-heal|p2b: Wo-Chien|14\/100|[from] item: Leftovers\n|-damage|p1b: Hydreigon|2\/100 tox|[from] psn\n|-damage|p1a: Clodsire|88\/100|[from] move: Wrap|[partiallytrapped]\n|upkeep\n|turn|8\n|inactive|PokemonPesticide has 30 seconds left.\n|inactive|PokemonPesticide has 20 seconds left.\n|inactive|PokemonPesticide has 15 seconds left.\n|inactive|PokemonPesticide has 10 seconds left.\n|\n|t:|1681688924\n|move|p1b: Hydreigon|Surf|p2b: Wo-Chien|[spread] p2b\n|-miss|p1b: Hydreigon|p2a: Seviper\n|-heal|p1a: Clodsire|100\/100|[from] ability: Water Absorb|[of] p1b: Hydreigon\n|-resisted|p2b: Wo-Chien\n|-damage|p2b: Wo-Chien|0 fnt\n|faint|p2b: Wo-Chien\n|-damage|p1b: Hydreigon|0 fnt|[from] item: Life Orb\n|faint|p1b: Hydreigon\n|move|p2a: Seviper|Dig|p1a: Clodsire|[from]lockedmove\n|-supereffective|p1a: Clodsire\n|-damage|p1a: Clodsire|68\/100\n|move|p1a: Clodsire|Waterfall|p2a: Seviper\n|-damage|p2a: Seviper|0 fnt\n|faint|p2a: Seviper\n|\n|-weather|none\n|-end|p1a: Clodsire|Wrap|[partiallytrapped]|[silent]\n|upkeep\n|\n|t:|1681688941\n|switch|p1b: Raichu|Raichu, L50, F|100\/100\n|switch|p2b: Flutter Mane|Flutter Mane, L50|100\/100\n|switch|p2a: Gyarados|Gyarados, L50, M|100\/100\n|-ability|p2a: Gyarados|Intimidate|boost\n|-unboost|p1a: Clodsire|atk|1\n|-unboost|p1b: Raichu|atk|1\n|-enditem|p2b: Flutter Mane|Booster Energy\n|-activate|p2b: Flutter Mane|ability: Protosynthesis|[fromitem]\n|-start|p2b: Flutter Mane|protosynthesisspa\n|turn|9\n|inactive|PokemonPesticide has 30 seconds left.\n|\n|t:|1681688969\n|move|p1b: Raichu|Volt Switch|p2a: Gyarados\n|-supereffective|p2a: Gyarados\n|-damage|p2a: Gyarados|10\/100\n|move|p2b: Flutter Mane|Mystical Fire|p1b: Raichu\n|-damage|p1b: Raichu|39\/100\n|-unboost|p1b: Raichu|spa|1\n|move|p2a: Gyarados|Earthquake|p1a: Clodsire|[spread] p2b,p1a,p1b\n|-supereffective|p1a: Clodsire\n|-supereffective|p1b: Raichu\n|-damage|p2b: Flutter Mane|41\/100\n|-damage|p1a: Clodsire|21\/100\n|-damage|p1b: Raichu|0 fnt\n|faint|p1b: Raichu\n|move|p1a: Clodsire|Poison Jab|p2b: Flutter Mane\n|-damage|p2b: Flutter Mane|3\/100\n|\n|upkeep\n|turn|10\n|\n|t:|1681688992\n|move|p2b: Flutter Mane|Shadow Ball|p1a: Clodsire\n|-damage|p1a: Clodsire|0 fnt\n|faint|p1a: Clodsire\n|\n|win|PokemonPesticide\n|raw|PinoBlack89's rating: 1070 → 1049<\/strong> (-21 for losing)\n|raw|PokemonPesticide's rating: 1066 → 1096<\/strong> (+30 for winning)\n|l|\u2606PinoBlack89\n","uploadtime":1681689000,"views":14,"p1id":"pinoblack89","p2id":"pokemonpesticide","formatid":"gen9vgc2023regulationc","rating":1049,"private":0,"password":""}