{"id":"gen9vgc2023regulationc-1854324055","p1":"mysafewordisharder","p2":"PicklePlop12","format":"[Gen 9] VGC 2023 Regulation C","log":"|j|\u2606mysafewordisharder\n|j|\u2606PicklePlop12\n|t:|1682797067\n|gametype|doubles\n|player|p1|mysafewordisharder|milo|1279\n|player|p2|PicklePlop12|2|1220\n|teamsize|p1|6\n|teamsize|p2|6\n|gen|9\n|tier|[Gen 9] VGC 2023 Regulation C\n|rated|\n|rule|Species Clause: Limit one of each Pok\u00e9mon\n|rule|Item Clause: Limit one of each item\n|clearpoke\n|poke|p1|Garganacl, L50, M|\n|poke|p1|Arcanine, L50, M|\n|poke|p1|Amoonguss, L50, F|\n|poke|p1|Palafin, L50, F|\n|poke|p1|Flutter Mane, L50|\n|poke|p1|Baxcalibur, L50, M|\n|poke|p2|Flutter Mane, L50|\n|poke|p2|Great Tusk, L50|\n|poke|p2|Dragonite, L50, F|\n|poke|p2|Kingambit, L50, M|\n|poke|p2|Brute Bonnet, L50|\n|poke|p2|Gyarados, L50, F|\n|teampreview|4\n|c|\u2606mysafewordisharder|glhf\nmysafewordisharder has agreed to open team sheets.\n|\n|t:|1682797095\n|start\n|switch|p1a: Chest Day|Palafin, L50, F|100\/100\n|switch|p1b: It's not a phase|Flutter Mane, L50|100\/100\n|switch|p2a: Not a Horse?|Flutter Mane, L50|100\/100\n|switch|p2b: Tera?|Kingambit, L50, M|100\/100\n|-enditem|p1b: It's not a phase|Booster Energy\n|-activate|p1b: It's not a phase|ability: Protosynthesis|[fromitem]\n|-start|p1b: It's not a phase|protosynthesisspa\n|turn|1\n|\n|t:|1682797122\n|detailschange|p1a: Chest Day|Palafin-Hero, L50, F\n|switch|p1a: Sus|Amoonguss, L50, F|100\/100\n|-terastallize|p2a: Not a Horse?|Fairy\n|move|p1b: It's not a phase|Protect|p1b: It's not a phase\n|-singleturn|p1b: It's not a phase|Protect\n|move|p2a: Not a Horse?|Dazzling Gleam|p1b: It's not a phase|[spread] p1a\n|-activate|p1b: It's not a phase|move: Protect\n|-resisted|p1a: Sus\n|-damage|p1a: Sus|80\/100\n|move|p2b: Tera?|Kowtow Cleave|p1b: It's not a phase\n|-activate|p1b: It's not a phase|move: Protect\n|\n|upkeep\n|turn|2\n|\n|t:|1682797147\n|move|p1a: Sus|Rage Powder|p1a: Sus\n|-singleturn|p1a: Sus|move: Rage Powder\n|move|p2a: Not a Horse?|Shadow Ball|p1a: Sus\n|-damage|p1a: Sus|38\/100\n|-enditem|p1a: Sus|Sitrus Berry|[eat]\n|-heal|p1a: Sus|62\/100|[from] item: Sitrus Berry\n|move|p1b: It's not a phase|Substitute|p1b: It's not a phase\n|-start|p1b: It's not a phase|Substitute\n|-damage|p1b: It's not a phase|76\/100\n|move|p2b: Tera?|Kowtow Cleave|p1a: Sus\n|-damage|p1a: Sus|24\/100\n|\n|upkeep\n|turn|3\n|\n|t:|1682797166\n|switch|p1a: Salt me Bae|Garganacl, L50, M|100\/100\n|move|p2a: Not a Horse?|Dazzling Gleam|p1b: It's not a phase|[spread] p1a,p1b\n|-end|p1b: It's not a phase|Substitute\n|-damage|p1a: Salt me Bae|66\/100\n|move|p1b: It's not a phase|Moonblast|p2a: Not a Horse?\n|-damage|p2a: Not a Horse?|30\/100\n|-unboost|p2a: Not a Horse?|spa|1\n|move|p2b: Tera?|Kowtow Cleave|p1a: Salt me Bae\n|-damage|p1a: Salt me Bae|34\/100\n|\n|-heal|p1a: Salt me Bae|40\/100|[from] item: Leftovers\n|upkeep\n|turn|4\n|\n|t:|1682797191\n|move|p1b: It's not a phase|Protect|p1b: It's not a phase\n|-singleturn|p1b: It's not a phase|Protect\n|move|p1a: Salt me Bae|Protect|p1a: Salt me Bae\n|-singleturn|p1a: Salt me Bae|Protect\n|move|p2b: Tera?|Sucker Punch||[still]\n|-fail|p2b: Tera?\n|move|p2a: Not a Horse?|Moonblast|p1a: Salt me Bae\n|-activate|p1a: Salt me Bae|move: Protect\n|\n|-heal|p1a: Salt me Bae|46\/100|[from] item: Leftovers\n|upkeep\n|turn|5\n|\n|t:|1682797210\n|-terastallize|p1a: Salt me Bae|Grass\n|move|p2b: Tera?|Sucker Punch|p1b: It's not a phase\n|-damage|p1b: It's not a phase|8\/100\n|move|p2a: Not a Horse?|Moonblast|p1a: Salt me Bae\n|-damage|p1a: Salt me Bae|10\/100\n|move|p1b: It's not a phase|Moonblast|p2a: Not a Horse?\n|-damage|p2a: Not a Horse?|0 fnt\n|faint|p2a: Not a Horse?\n|-end|p2a: Not a Horse?|Protosynthesis|[silent]\n|move|p1a: Salt me Bae|Salt Cure|p2b: Tera?\n|-resisted|p2b: Tera?\n|-damage|p2b: Tera?|96\/100\n|-start|p2b: Tera?|Salt Cure\n|\n|-heal|p1a: Salt me Bae|15\/100|[from] item: Leftovers\n|-damage|p2b: Tera?|71\/100|[from] Salt Cure\n|upkeep\n|\n|t:|1682797226\n|switch|p2a: Don?|Great Tusk, L50|100\/100\n|turn|6\n|\n|t:|1682797256\n|switch|p1a: Sus|Amoonguss, L50, F|57\/100\n|move|p1b: It's not a phase|Protect|p1b: It's not a phase\n|-singleturn|p1b: It's not a phase|Protect\n|move|p2a: Don?|Rock Slide|p1b: It's not a phase|[spread] p1a\n|-activate|p1b: It's not a phase|move: Protect\n|-damage|p1a: Sus|40\/100\n|move|p2b: Tera?|Kowtow Cleave|p1b: It's not a phase\n|-activate|p1b: It's not a phase|move: Protect\n|\n|-damage|p2b: Tera?|46\/100|[from] Salt Cure\n|upkeep\n|turn|7\n|\n|t:|1682797273\n|move|p1a: Sus|Rage Powder|p1a: Sus\n|-singleturn|p1a: Sus|move: Rage Powder\n|move|p2a: Don?|Rock Slide|p1b: It's not a phase|[spread] p1a,p1b\n|-damage|p1a: Sus|25\/100\n|-damage|p1b: It's not a phase|0 fnt\n|faint|p1b: It's not a phase\n|-end|p1b: It's not a phase|Protosynthesis|[silent]\n|move|p2b: Tera?|Kowtow Cleave|p1a: Sus\n|-damage|p1a: Sus|0 fnt\n|faint|p1a: Sus\n|\n|-damage|p2b: Tera?|22\/100|[from] Salt Cure\n|upkeep\n|\n|t:|1682797284\n|switch|p1b: Salt me Bae|Garganacl, L50, M, tera:Grass|15\/100\n|switch|p1a: Chest Day|Palafin-Hero, L50, F|100\/100\n|-activate|p1a: Chest Day|ability: Zero to Hero\n|turn|8\n|\n|t:|1682797291\n|move|p1b: Salt me Bae|Wide Guard|p1b: Salt me Bae\n|-singleturn|p1b: Salt me Bae|Wide Guard\n|move|p2b: Tera?|Sucker Punch|p1a: Chest Day\n|-damage|p1a: Chest Day|61\/100\n|move|p2a: Don?|Rock Slide|p1b: Salt me Bae|[spread] \n|-activate|p1a: Chest Day|move: Wide Guard\n|-activate|p1b: Salt me Bae|move: Wide Guard\n|move|p1a: Chest Day|Drain Punch|p2b: Tera?\n|-supereffective|p2b: Tera?\n|-damage|p2b: Tera?|0 fnt\n|-heal|p1a: Chest Day|72\/100|[from] drain|[of] p2b: Tera?\n|faint|p2b: Tera?\n|\n|-heal|p1b: Salt me Bae|21\/100|[from] item: Leftovers\n|upkeep\n|\n|t:|1682797305\n|switch|p2b: Bonk?|Brute Bonnet, L50|100\/100\n|turn|9\n|\n|t:|1682797315\n|move|p1b: Salt me Bae|Wide Guard|p1b: Salt me Bae\n|-singleturn|p1b: Salt me Bae|Wide Guard\n|move|p2a: Don?|Rock Slide|p1b: Salt me Bae|[spread] \n|-activate|p1a: Chest Day|move: Wide Guard\n|-activate|p1b: Salt me Bae|move: Wide Guard\n|move|p1a: Chest Day|Drain Punch|p2b: Bonk?\n|-supereffective|p2b: Bonk?\n|-damage|p2b: Bonk?|39\/100\n|-heal|p1a: Chest Day|100\/100|[from] drain|[of] p2b: Bonk?\n|move|p2b: Bonk?|Bullet Seed|p1a: Chest Day\n|-supereffective|p1a: Chest Day\n|-damage|p1a: Chest Day|72\/100\n|-supereffective|p1a: Chest Day\n|-damage|p1a: Chest Day|47\/100\n|-supereffective|p1a: Chest Day\n|-crit|p1a: Chest Day\n|-damage|p1a: Chest Day|8\/100\n|-supereffective|p1a: Chest Day\n|-damage|p1a: Chest Day|0 fnt\n|faint|p1a: Chest Day\n|-hitcount|p1: Chest Day|4\n|\n|-heal|p1b: Salt me Bae|27\/100|[from] item: Leftovers\n|upkeep\n|turn|10\n|\n|t:|1682797343\n|move|p1b: Salt me Bae|Protect|p1b: Salt me Bae\n|-singleturn|p1b: Salt me Bae|Protect\n|move|p2a: Don?|Rock Slide|p1b: Salt me Bae\n|-activate|p1b: Salt me Bae|move: Protect\n|move|p2b: Bonk?|Spore|p1b: Salt me Bae\n|-activate|p1b: Salt me Bae|move: Protect\n|\n|-heal|p1b: Salt me Bae|33\/100|[from] item: Leftovers\n|upkeep\n|turn|11\n|\n|t:|1682797362\n|move|p2a: Don?|Rock Slide|p1b: Salt me Bae\n|-damage|p1b: Salt me Bae|15\/100\n|move|p2b: Bonk?|Spore|p1b: Salt me Bae\n|-immune|p1b: Salt me Bae\n|cant|p1b: Salt me Bae|flinch\n|\n|-heal|p1b: Salt me Bae|21\/100|[from] item: Leftovers\n|upkeep\n|turn|12\n|\n|t:|1682797373\n|move|p1b: Salt me Bae|Protect|p1b: Salt me Bae\n|-singleturn|p1b: Salt me Bae|Protect\n|move|p2a: Don?|Rock Slide|p1b: Salt me Bae\n|-activate|p1b: Salt me Bae|move: Protect\n|move|p2b: Bonk?|Bullet Seed|p1b: Salt me Bae\n|-activate|p1b: Salt me Bae|move: Protect\n|\n|-heal|p1b: Salt me Bae|27\/100|[from] item: Leftovers\n|upkeep\n|turn|13\n|\n|t:|1682797384\n|move|p2a: Don?|Rock Slide|p1b: Salt me Bae\n|-damage|p1b: Salt me Bae|9\/100\n|move|p2b: Bonk?|Bullet Seed|p1b: Salt me Bae\n|-resisted|p1b: Salt me Bae\n|-damage|p1b: Salt me Bae|4\/100\n|-resisted|p1b: Salt me Bae\n|-damage|p1b: Salt me Bae|0 fnt\n|faint|p1b: Salt me Bae\n|-hitcount|p1: Salt me Bae|2\n|\n|win|PicklePlop12\n|raw|mysafewordisharder's rating: 1279 → 1250<\/strong> (-29 for losing)\n|raw|PicklePlop12's rating: 1220 → 1249<\/strong> (+29 for winning)\n","uploadtime":1682797394,"views":17,"p1id":"mysafewordisharder","p2id":"pickleplop12","formatid":"gen9vgc2023regulationc","rating":1249,"private":0,"password":""}