{"id":"gen9vgc2023regulationc-1854941679","p1":"Puttriq","p2":"Vgc2024Training","format":"[Gen 9] VGC 2023 Regulation C","log":"|j|\u2606Puttriq\n|j|\u2606Vgc2024Training\n|t:|1682883206\n|gametype|doubles\n|player|p1|Puttriq|102|1163\n|player|p2|Vgc2024Training|2|1163\n|teamsize|p1|6\n|teamsize|p2|6\n|gen|9\n|tier|[Gen 9] VGC 2023 Regulation C\n|rated|\n|rule|Species Clause: Limit one of each Pok\u00e9mon\n|rule|Item Clause: Limit one of each item\n|clearpoke\n|poke|p1|Ceruledge, L50, M|\n|poke|p1|Iron Bundle, L50|\n|poke|p1|Ting-Lu, L50|\n|poke|p1|Flutter Mane, L50|\n|poke|p1|Tyranitar, L50, M|\n|poke|p1|Maushold, L50|\n|poke|p2|Palafin, L50, F|\n|poke|p2|Baxcalibur, L50, F|\n|poke|p2|Arcanine, L50, M|\n|poke|p2|Flutter Mane, L50|\n|poke|p2|Corviknight, L50, M|\n|poke|p2|Amoonguss, L50, M|\n|teampreview|4\n|inactive|Battle timer is ON: inactive players will automatically lose when time's up. (requested by Puttriq)\nVgc2024Training has agreed to open team sheets.\n|inactive|Vgc2024Training has 60 seconds left.\nPuttriq has agreed to open team sheets.\n|inactive|Vgc2024Training has 30 seconds left.\n|inactive|Vgc2024Training has 20 seconds left.\n|inactive|Vgc2024Training has 15 seconds left.\n|inactive|Vgc2024Training has 10 seconds left.\n|inactive|Vgc2024Training has 5 seconds left.\n|\n|t:|1682883295\n|start\n|switch|p1a: Maushold|Maushold, L50|100\/100\n|switch|p1b: Ceruledge|Ceruledge, L50, M|100\/100\n|switch|p2a: Palafin|Palafin, L50, F|100\/100\n|switch|p2b: Baxcalibur|Baxcalibur, L50, F|100\/100\n|turn|1\n|inactive|Vgc2024Training has 30 seconds left.\n|inactive|Vgc2024Training has 20 seconds left.\n|inactive|Vgc2024Training has 15 seconds left.\n|\n|t:|1682883340\n|detailschange|p2a: Palafin|Palafin-Hero, L50, F\n|switch|p2a: Amoonguss|Amoonguss, L50, M|100\/100\n|-terastallize|p1b: Ceruledge|Grass\n|move|p1a: Maushold|Follow Me|p1a: Maushold\n|-singleturn|p1a: Maushold|move: Follow Me\n|move|p2b: Baxcalibur|Glaive Rush|p1a: Maushold\n|-damage|p1a: Maushold|21\/100\n|-singlemove|p2b: Baxcalibur|Glaive Rush|[silent]\n|move|p1b: Ceruledge|Bulk Up|p1b: Ceruledge\n|-boost|p1b: Ceruledge|atk|1\n|-boost|p1b: Ceruledge|def|1\n|\n|upkeep\n|turn|2\n|inactive|Puttriq has 30 seconds left.\n|inactive|Vgc2024Training has 30 seconds left.\n|inactive|Vgc2024Training has 20 seconds left.\n|inactive|Vgc2024Training has 15 seconds left.\n|inactive|Vgc2024Training has 10 seconds left.\n|\n|t:|1682883389\n|-terastallize|p2a: Amoonguss|Water\n|move|p1a: Maushold|Protect|p1a: Maushold\n|-singleturn|p1a: Maushold|Protect\n|move|p2b: Baxcalibur|Protect|p2b: Baxcalibur\n|-singleturn|p2b: Baxcalibur|Protect\n|move|p1b: Ceruledge|Bulk Up|p1b: Ceruledge\n|-boost|p1b: Ceruledge|atk|1\n|-boost|p1b: Ceruledge|def|1\n|move|p2a: Amoonguss|Pollen Puff|p1a: Maushold\n|-activate|p1a: Maushold|move: Protect\n|\n|upkeep\n|turn|3\n|inactive|Puttriq has 30 seconds left.\n|\n|t:|1682883423\n|move|p1a: Maushold|Helping Hand|p1b: Ceruledge\n|-singleturn|p1b: Ceruledge|Helping Hand|[of] p1a: Maushold\n|move|p1b: Ceruledge|Shadow Sneak|p2b: Baxcalibur\n|-damage|p2b: Baxcalibur|43\/100\n|move|p2b: Baxcalibur|Icicle Crash|p1b: Ceruledge\n|-supereffective|p1b: Ceruledge\n|-damage|p1b: Ceruledge|56\/100\n|move|p2a: Amoonguss|Pollen Puff|p2b: Baxcalibur\n|-heal|p2b: Baxcalibur|93\/100\n|\n|upkeep\n|turn|4\n|inactive|Vgc2024Training has 30 seconds left.\n|inactive|Vgc2024Training has 20 seconds left.\n|\n|t:|1682883461\n|move|p1a: Maushold|Follow Me|p1a: Maushold\n|-singleturn|p1a: Maushold|move: Follow Me\n|move|p2b: Baxcalibur|Glaive Rush|p1a: Maushold\n|-damage|p1a: Maushold|0 fnt\n|-singlemove|p2b: Baxcalibur|Glaive Rush|[silent]\n|faint|p1a: Maushold\n|move|p1b: Ceruledge|Bulk Up|p1b: Ceruledge\n|-boost|p1b: Ceruledge|atk|1\n|-boost|p1b: Ceruledge|def|1\n|move|p2a: Amoonguss|Pollen Puff|p2b: Baxcalibur\n|-heal|p2b: Baxcalibur|100\/100\n|\n|upkeep\n|\n|t:|1682883473\n|switch|p1a: Flutter Mane|Flutter Mane, L50|100\/100\n|turn|5\n|\n|t:|1682883488\n|move|p2b: Baxcalibur|Protect|p2b: Baxcalibur\n|-singleturn|p2b: Baxcalibur|Protect\n|move|p1b: Ceruledge|Shadow Sneak|p2b: Baxcalibur\n|-activate|p2b: Baxcalibur|move: Protect\n|move|p1a: Flutter Mane|Dazzling Gleam|p2a: Amoonguss|[spread] p2a\n|-activate|p2b: Baxcalibur|move: Protect\n|-damage|p2a: Amoonguss|73\/100\n|move|p2a: Amoonguss|Spore|p1a: Flutter Mane\n|-status|p1a: Flutter Mane|slp|[from] move: Spore\n|\n|upkeep\n|turn|6\n|inactive|Puttriq has 30 seconds left.\n|inactive|Vgc2024Training has 30 seconds left.\n|\n|t:|1682883516\n|switch|p2a: Palafin|Palafin-Hero, L50, F|100\/100\n|-activate|p2a: Palafin|ability: Zero to Hero\n|cant|p1a: Flutter Mane|slp\n|move|p2b: Baxcalibur|Icicle Crash|p1b: Ceruledge|[miss]\n|-miss|p2b: Baxcalibur|p1b: Ceruledge\n|move|p1b: Ceruledge|Bulk Up|p1b: Ceruledge\n|-boost|p1b: Ceruledge|atk|1\n|-boost|p1b: Ceruledge|def|1\n|\n|upkeep\n|turn|7\n|\n|t:|1682883540\n|move|p1b: Ceruledge|Shadow Sneak|p2a: Palafin\n|-damage|p2a: Palafin|35\/100\n|cant|p1a: Flutter Mane|slp\n|move|p2a: Palafin|Haze|p2a: Palafin\n|-clearallboost\n|move|p2b: Baxcalibur|Icicle Crash|p1a: Flutter Mane|[miss]\n|-miss|p2b: Baxcalibur|p1a: Flutter Mane\n|\n|upkeep\n|turn|8\n|\n|t:|1682883563\n|move|p1b: Ceruledge|Protect|p1b: Ceruledge\n|-singleturn|p1b: Ceruledge|Protect\n|move|p2a: Palafin|Jet Punch|p1a: Flutter Mane\n|-damage|p1a: Flutter Mane|2\/100 slp\n|move|p2b: Baxcalibur|Ice Shard|p1a: Flutter Mane\n|-damage|p1a: Flutter Mane|0 fnt\n|faint|p1a: Flutter Mane\n|-end|p1a: Flutter Mane|Protosynthesis|[silent]\n|\n|upkeep\n|\n|t:|1682883571\n|switch|p1a: Iron Bundle|Iron Bundle, L50|100\/100\n|-enditem|p1a: Iron Bundle|Booster Energy\n|-activate|p1a: Iron Bundle|ability: Quark Drive|[fromitem]\n|-start|p1a: Iron Bundle|quarkdrivespe\n|turn|9\n|\n|t:|1682883587\n|move|p2a: Palafin|Jet Punch|p1b: Ceruledge\n|-resisted|p1b: Ceruledge\n|-crit|p1b: Ceruledge\n|-damage|p1b: Ceruledge|15\/100\n|move|p2b: Baxcalibur|Ice Shard|p1b: Ceruledge\n|-supereffective|p1b: Ceruledge\n|-damage|p1b: Ceruledge|0 fnt\n|faint|p1b: Ceruledge\n|move|p1a: Iron Bundle|Freeze-Dry|p2a: Palafin\n|-supereffective|p2a: Palafin\n|-damage|p2a: Palafin|0 fnt\n|faint|p2a: Palafin\n|\n|upkeep\n|\n|t:|1682883598\n|switch|p2a: Flutter Mane|Flutter Mane, L50|100\/100\n|-enditem|p2a: Flutter Mane|Booster Energy\n|-activate|p2a: Flutter Mane|ability: Protosynthesis|[fromitem]\n|-start|p2a: Flutter Mane|protosynthesisspe\n|turn|10\n|\n|t:|1682883605\n|move|p1a: Iron Bundle|Freeze-Dry|p2a: Flutter Mane\n|-damage|p2a: Flutter Mane|68\/100\n|move|p2a: Flutter Mane|Moonblast|p1a: Iron Bundle\n|-damage|p1a: Iron Bundle|10\/100\n|move|p2b: Baxcalibur|Glaive Rush|p1a: Iron Bundle\n|-damage|p1a: Iron Bundle|0 fnt\n|-singlemove|p2b: Baxcalibur|Glaive Rush|[silent]\n|faint|p1a: Iron Bundle\n|-end|p1a: Iron Bundle|Quark Drive|[silent]\n|\n|win|Vgc2024Training\n|raw|Puttriq's rating: 1163 → 1138<\/strong> (-25 for losing)\n|raw|Vgc2024Training's rating: 1163 → 1188<\/strong> (+25 for winning)\n|l|\u2606Puttriq\n","uploadtime":1682883626,"views":8,"p1id":"puttriq","p2id":"vgc2024training","formatid":"gen9vgc2023regulationc","rating":1138,"private":0,"password":""}