{"id":"gen9vgc2023regulationc-1853152085","p1":"Aydsss","p2":"Beastyshadow13","format":"[Gen 9] VGC 2023 Regulation C","log":"|j|\u2606Aydsss\n|j|\u2606Beastyshadow13\n|t:|1682641526\n|gametype|doubles\n|player|p1|Aydsss|170|1047\n|player|p2|Beastyshadow13|n|1130\n|teamsize|p1|6\n|teamsize|p2|6\n|gen|9\n|tier|[Gen 9] VGC 2023 Regulation C\n|rated|\n|rule|Species Clause: Limit one of each Pok\u00e9mon\n|rule|Item Clause: Limit one of each item\n|clearpoke\n|poke|p1|Iron Moth, L50|\n|poke|p1|Amoonguss, L50, M|\n|poke|p1|Tauros-Paldea-Aqua, L50, M|\n|poke|p1|Orthworm, L50, F|\n|poke|p1|Ting-Lu, L50|\n|poke|p1|Rotom-Mow, L50|\n|poke|p2|Pelipper, L50, M|\n|poke|p2|Kilowattrel, L50, F|\n|poke|p2|Floatzel, L50, F|\n|poke|p2|Goodra, L50, F|\n|poke|p2|Pincurchin, L50, F|\n|poke|p2|Iron Bundle, L50|\n|teampreview|4\n|\n|t:|1682641561\n|start\n|switch|p1a: Rotom|Rotom-Mow, L50|100\/100\n|switch|p1b: Amoonguss|Amoonguss, L50, M|100\/100\n|switch|p2a: Pelipper|Pelipper, L50, M|100\/100\n|switch|p2b: Kilowattrel|Kilowattrel, L50, F|100\/100\n|-weather|RainDance|[from] ability: Drizzle|[of] p2a: Pelipper\n|turn|1\n|\n|t:|1682641588\n|move|p2a: Pelipper|Protect|p2a: Pelipper\n|-singleturn|p2a: Pelipper|Protect\n|move|p2b: Kilowattrel|Hurricane|p1a: Rotom\n|-damage|p1a: Rotom|37\/100\n|move|p1a: Rotom|Leaf Storm|p2a: Pelipper\n|-activate|p2a: Pelipper|move: Protect\n|move|p1b: Amoonguss|Spore|p2b: Kilowattrel\n|-status|p2b: Kilowattrel|slp|[from] move: Spore\n|\n|-weather|RainDance|[upkeep]\n|upkeep\n|turn|2\n|\n|t:|1682641605\n|move|p1b: Amoonguss|Rage Powder|p1b: Amoonguss\n|-singleturn|p1b: Amoonguss|move: Rage Powder\n|cant|p2b: Kilowattrel|slp\n|move|p1a: Rotom|Leaf Storm|p2a: Pelipper\n|-damage|p2a: Pelipper|0 fnt\n|-unboost|p1a: Rotom|spa|2\n|faint|p2a: Pelipper\n|\n|-weather|RainDance|[upkeep]\n|upkeep\n|\n|t:|1682641613\n|switch|p2a: Iron Bundle|Iron Bundle, L50|100\/100\n|turn|3\n|\n|t:|1682641630\n|switch|p1a: Tauros|Tauros-Paldea-Aqua, L50, M|100\/100\n|-ability|p1a: Tauros|Intimidate|boost\n|-unboost|p2a: Iron Bundle|atk|1\n|-unboost|p2b: Kilowattrel|atk|1\n|move|p1b: Amoonguss|Rage Powder|p1b: Amoonguss\n|-singleturn|p1b: Amoonguss|move: Rage Powder\n|move|p2a: Iron Bundle|Substitute|p2a: Iron Bundle\n|-start|p2a: Iron Bundle|Substitute\n|-damage|p2a: Iron Bundle|76\/100\n|cant|p2b: Kilowattrel|slp\n|\n|-weather|RainDance|[upkeep]\n|upkeep\n|turn|4\n|\n|t:|1682641662\n|-terastallize|p1a: Tauros|Fighting\n|move|p1b: Amoonguss|Rage Powder|p1b: Amoonguss\n|-singleturn|p1b: Amoonguss|move: Rage Powder\n|move|p1a: Tauros|Close Combat|p2b: Kilowattrel\n|-resisted|p2b: Kilowattrel\n|-damage|p2b: Kilowattrel|30\/100 slp\n|-unboost|p1a: Tauros|def|1\n|-unboost|p1a: Tauros|spd|1\n|move|p2a: Iron Bundle|Ice Beam|p1b: Amoonguss\n|-supereffective|p1b: Amoonguss\n|-damage|p1b: Amoonguss|28\/100\n|-curestatus|p2b: Kilowattrel|slp|[msg]\n|move|p2b: Kilowattrel|Hurricane|p1b: Amoonguss\n|-supereffective|p1b: Amoonguss\n|-damage|p1b: Amoonguss|0 fnt\n|faint|p1b: Amoonguss\n|\n|-weather|RainDance|[upkeep]\n|upkeep\n|\n|t:|1682641679\n|switch|p1b: Rotom|Rotom-Mow, L50|37\/100\n|turn|5\n|\n|t:|1682641688\n|move|p1a: Tauros|Close Combat|p2b: Kilowattrel\n|-resisted|p2b: Kilowattrel\n|-damage|p2b: Kilowattrel|0 fnt\n|-unboost|p1a: Tauros|def|1\n|-unboost|p1a: Tauros|spd|1\n|faint|p2b: Kilowattrel\n|move|p2a: Iron Bundle|Ice Beam|p1b: Rotom\n|-supereffective|p1b: Rotom\n|-damage|p1b: Rotom|0 fnt\n|faint|p1b: Rotom\n|\n|-weather|RainDance|[upkeep]\n|upkeep\n|\n|t:|1682641696\n|switch|p2b: Floatzel|Floatzel, L50, F|100\/100\n|switch|p1b: Ting-Lu|Ting-Lu, L50|100\/100\n|-ability|p1b: Ting-Lu|Vessel of Ruin\n|turn|6\n|\n|t:|1682641726\n|move|p2b: Floatzel|Protect|p2b: Floatzel\n|-singleturn|p2b: Floatzel|Protect\n|move|p1a: Tauros|Close Combat|p2b: Floatzel\n|-activate|p2b: Floatzel|move: Protect\n|move|p2a: Iron Bundle|Hydro Pump|p1a: Tauros\n|-damage|p1a: Tauros|0 fnt\n|faint|p1a: Tauros\n|move|p1b: Ting-Lu|Rock Tomb|p2a: Iron Bundle\n|-supereffective|p2a: Iron Bundle\n|-crit|p2a: Iron Bundle\n|-end|p2a: Iron Bundle|Substitute\n|\n|-weather|RainDance|[upkeep]\n|upkeep\n|turn|7\n|\n|t:|1682641742\n|-terastallize|p2b: Floatzel|Water\n|move|p2b: Floatzel|Wave Crash|p1b: Ting-Lu\n|-supereffective|p1b: Ting-Lu\n|-damage|p1b: Ting-Lu|0 fnt\n|faint|p1b: Ting-Lu\n|-damage|p2b: Floatzel|53\/100|[from] Recoil\n|-damage|p2b: Floatzel|43\/100|[from] item: Life Orb\n|\n|win|Beastyshadow13\n|raw|Aydsss's rating: 1047 → 1034<\/strong> (-13 for losing)\n|raw|Beastyshadow13's rating: 1130 → 1149<\/strong> (+19 for winning)\n|l|\u2606Aydsss\n","uploadtime":1682641764,"views":11,"p1id":"aydsss","p2id":"beastyshadow13","formatid":"gen9vgc2023regulationc","rating":1034,"private":0,"password":""}