{"id":"gen9vgc2023regulationc-1855326488","p1":"evil Yarrack","p2":"CyperthonVGC","format":"[Gen 9] VGC 2023 Regulation C","log":"|j|\u2606evil Yarrack\n|j|\u2606CyperthonVGC\n|t:|1682937536\n|gametype|doubles\n|player|p1|evil Yarrack|youngster-gen4dp|1101\n|player|p2|CyperthonVGC|rosa|1088\n|teamsize|p1|6\n|teamsize|p2|6\n|gen|9\n|tier|[Gen 9] VGC 2023 Regulation C\n|rated|\n|rule|Species Clause: Limit one of each Pok\u00e9mon\n|rule|Item Clause: Limit one of each item\n|clearpoke\n|poke|p1|Corviknight, L50, M|\n|poke|p1|Avalugg, L50, F|\n|poke|p1|Gyarados, L50, F|\n|poke|p1|Iron Hands, L50|\n|poke|p1|Flutter Mane, L50|\n|poke|p1|Vivillon-Polar, L50, M|\n|poke|p2|Iron Bundle, L50|\n|poke|p2|Flutter Mane, L50|\n|poke|p2|Chi-Yu, L50|\n|poke|p2|Glimmora, L50, F|\n|poke|p2|Tatsugiri, L50, F|\n|poke|p2|Dondozo, L50, F|\n|teampreview|4\n|inactive|Battle timer is ON: inactive players will automatically lose when time's up. (requested by evil Yarrack)\n|c|\u2606evil Yarrack|Aaron?\n|inactive|evil Yarrack has 60 seconds left.\n|inactive|evil Yarrack has 30 seconds left.\n|inactive|evil Yarrack has 20 seconds left.\n|inactive|evil Yarrack has 15 seconds left.\n|inactive|evil Yarrack has 10 seconds left.\n|\n|t:|1682937619\n|start\n|switch|p1a: Corviknight|Corviknight, L50, M|100\/100\n|switch|p1b: Iron Hands|Iron Hands, L50|100\/100\n|switch|p2a: Chi-Yu|Chi-Yu, L50|100\/100\n|switch|p2b: Iron Bundle|Iron Bundle, L50|100\/100\n|-ability|p2a: Chi-Yu|Beads of Ruin\n|-enditem|p2b: Iron Bundle|Booster Energy\n|-activate|p2b: Iron Bundle|ability: Quark Drive|[fromitem]\n|-start|p2b: Iron Bundle|quarkdrivespe\n|-enditem|p1b: Iron Hands|Booster Energy\n|-activate|p1b: Iron Hands|ability: Quark Drive|[fromitem]\n|-start|p1b: Iron Hands|quarkdriveatk\n|turn|1\n|inactive|CyperthonVGC has 30 seconds left.\n|\n|t:|1682937645\n|-terastallize|p1b: Iron Hands|Ground\n|move|p2b: Iron Bundle|Protect|p2b: Iron Bundle\n|-singleturn|p2b: Iron Bundle|Protect\n|move|p2a: Chi-Yu|Protect|p2a: Chi-Yu\n|-singleturn|p2a: Chi-Yu|Protect\n|move|p1a: Corviknight|Brave Bird|p2b: Iron Bundle\n|-activate|p2b: Iron Bundle|move: Protect\n|move|p1b: Iron Hands|Earthquake|p2b: Iron Bundle|[spread] \n|-activate|p2a: Chi-Yu|move: Protect\n|-activate|p2b: Iron Bundle|move: Protect\n|-immune|p1a: Corviknight\n|\n|upkeep\n|turn|2\n|\n|t:|1682937668\n|move|p2b: Iron Bundle|Freeze-Dry|p1b: Iron Hands\n|-supereffective|p1b: Iron Hands\n|-damage|p1b: Iron Hands|14\/100\n|-status|p1b: Iron Hands|frz\n|move|p2a: Chi-Yu|Overheat|p1a: Corviknight\n|-supereffective|p1a: Corviknight\n|-damage|p1a: Corviknight|0 fnt\n|-unboost|p2a: Chi-Yu|spa|2\n|faint|p1a: Corviknight\n|-damage|p2a: Chi-Yu|91\/100|[from] item: Life Orb\n|cant|p1b: Iron Hands|frz\n|\n|upkeep\n|\n|t:|1682937681\n|switch|p1a: Avalugg|Avalugg, L50, F|100\/100\n|turn|3\n|\n|t:|1682937688\n|move|p2b: Iron Bundle|Icy Wind|p1b: Iron Hands|[spread] p1a,p1b\n|-resisted|p1a: Avalugg\n|-supereffective|p1b: Iron Hands\n|-damage|p1a: Avalugg|88\/100\n|-damage|p1b: Iron Hands|0 fnt\n|-unboost|p1a: Avalugg|spe|1\n|faint|p1b: Iron Hands\n|-end|p1b: Iron Hands|Quark Drive|[silent]\n|move|p2a: Chi-Yu|Overheat|p1a: Avalugg\n|-supereffective|p1a: Avalugg\n|-damage|p1a: Avalugg|0 fnt\n|-unboost|p2a: Chi-Yu|spa|2\n|faint|p1a: Avalugg\n|-damage|p2a: Chi-Yu|81\/100|[from] item: Life Orb\n|\n|upkeep\n|\n|t:|1682937693\n|switch|p1b: Flutter Mane|Flutter Mane, L50|100\/100\n|turn|4\n|c|\u2606evil Yarrack|gg lol\n|\n|t:|1682937708\n|switch|p2a: Glimmora|Glimmora, L50, F|100\/100\n|move|p2b: Iron Bundle|Protect|p2b: Iron Bundle\n|-singleturn|p2b: Iron Bundle|Protect\n|move|p1b: Flutter Mane|Moonblast|p2b: Iron Bundle\n|-activate|p2b: Iron Bundle|move: Protect\n|\n|upkeep\n|turn|5\n|\n|t:|1682937720\n|move|p2b: Iron Bundle|Icy Wind|p1b: Flutter Mane\n|-damage|p1b: Flutter Mane|69\/100\n|-unboost|p1b: Flutter Mane|spe|1\n|move|p1b: Flutter Mane|Moonblast|p2b: Iron Bundle\n|-damage|p2b: Iron Bundle|0 fnt\n|faint|p2b: Iron Bundle\n|-end|p2b: Iron Bundle|Quark Drive|[silent]\n|-damage|p1b: Flutter Mane|60\/100|[from] item: Life Orb\n|move|p2a: Glimmora|Sludge Bomb|p1b: Flutter Mane\n|-damage|p1b: Flutter Mane|8\/100\n|\n|upkeep\n|\n|t:|1682937734\n|switch|p2b: Flutter Mane|Flutter Mane, L50|100\/100\n|turn|6\n|\n|t:|1682937743\n|move|p2b: Flutter Mane|Shadow Ball|p1b: Flutter Mane\n|-supereffective|p1b: Flutter Mane\n|-damage|p1b: Flutter Mane|0 fnt\n|faint|p1b: Flutter Mane\n|-end|p1b: Flutter Mane|Protosynthesis|[silent]\n|\n|win|CyperthonVGC\n|raw|evil Yarrack's rating: 1119 → 1092<\/strong> (-27 for losing)\n|raw|CyperthonVGC's rating: 1088 → 1117<\/strong> (+29 for winning)\n","uploadtime":1682937761,"views":21,"p1id":"evilyarrack","p2id":"cyperthonvgc","formatid":"gen9vgc2023regulationc","rating":1092,"private":0,"password":""}