{"id":"gen9vgc2023regulationc-1846229066","p1":"Suzy22","p2":"haha u rage quit","format":"[Gen 9] VGC 2023 Regulation C","log":"|j|\u2606Suzy22\n|j|\u2606haha u rage quit\n|t:|1681823487\n|gametype|doubles\n|player|p1|Suzy22|juan|1200\n|player|p2|haha u rage quit|pokemaniac|1233\n|teamsize|p1|6\n|teamsize|p2|6\n|gen|9\n|tier|[Gen 9] VGC 2023 Regulation C\n|rated|\n|rule|Species Clause: Limit one of each Pok\u00e9mon\n|rule|Item Clause: Limit one of each item\n|clearpoke\n|poke|p1|Arcanine, L50, F|\n|poke|p1|Dragonite, L50, M|\n|poke|p1|Amoonguss, L50, M|\n|poke|p1|Palafin, L50, F|\n|poke|p1|Flutter Mane, L50|\n|poke|p1|Chien-Pao, L50|\n|poke|p2|Amoonguss, L50, M|\n|poke|p2|Flutter Mane, L50|\n|poke|p2|Great Tusk, L50|\n|poke|p2|Iron Bundle, L50|\n|poke|p2|Baxcalibur, L50, M|\n|poke|p2|Palafin, L50, M|\n|teampreview|4\n|inactive|Battle timer is ON: inactive players will automatically lose when time's up. (requested by Suzy22)\n|\n|t:|1681823512\n|start\n|switch|p1a: Shishi|Arcanine, L50, F, shiny|100\/100\n|switch|p1b: Among Us|Amoonguss, L50, M, shiny|100\/100\n|switch|p2a: Iron Bundle|Iron Bundle, L50, shiny|100\/100\n|switch|p2b: Flutter Mane|Flutter Mane, L50|100\/100\n|-ability|p1a: Shishi|Intimidate|boost\n|-unboost|p2a: Iron Bundle|atk|1\n|-unboost|p2b: Flutter Mane|atk|1\n|-enditem|p2b: Flutter Mane|Booster Energy\n|-activate|p2b: Flutter Mane|ability: Protosynthesis|[fromitem]\n|-start|p2b: Flutter Mane|protosynthesisspe\n|turn|1\n|inactive|haha u rage quit has 30 seconds left.\n|\n|t:|1681823545\n|-terastallize|p2a: Iron Bundle|Grass\n|-terastallize|p1a: Shishi|Flying\n|move|p1b: Among Us|Protect|p1b: Among Us\n|-singleturn|p1b: Among Us|Protect\n|move|p2b: Flutter Mane|Shadow Ball|p1b: Among Us\n|-activate|p1b: Among Us|move: Protect\n|move|p2a: Iron Bundle|Freeze-Dry|p1b: Among Us\n|-activate|p1b: Among Us|move: Protect\n|move|p1a: Shishi|Snarl|p2b: Flutter Mane|[spread] p2a,p2b\n|-damage|p2a: Iron Bundle|84\/100\n|-damage|p2b: Flutter Mane|91\/100\n|-unboost|p2a: Iron Bundle|spa|1\n|-unboost|p2b: Flutter Mane|spa|1\n|\n|upkeep\n|turn|2\n|inactive|Suzy22 has 30 seconds left.\n|inactive|haha u rage quit has 30 seconds left.\n|inactive|Suzy22 has 20 seconds left.\n|\n|t:|1681823582\n|switch|p1b: Tai Lung|Chien-Pao, L50|100\/100\n|-ability|p1b: Tai Lung|Sword of Ruin\n|move|p2b: Flutter Mane|Moonblast|p1a: Shishi\n|-damage|p1a: Shishi|73\/100\n|move|p2a: Iron Bundle|Freeze-Dry|p1a: Shishi\n|-supereffective|p1a: Shishi\n|-damage|p1a: Shishi|32\/100\n|move|p1a: Shishi|Flare Blitz|p2a: Iron Bundle\n|-supereffective|p2a: Iron Bundle\n|-damage|p2a: Iron Bundle|0 fnt\n|faint|p2a: Iron Bundle\n|-end|p2a: Iron Bundle|Quark Drive|[silent]\n|-damage|p1a: Shishi|14\/100|[from] Recoil\n|\n|upkeep\n|\n|t:|1681823596\n|switch|p2a: Amoonguss|Amoonguss, L50, M|100\/100\n|turn|3\n|\n|t:|1681823610\n|switch|p1b: Among Us|Amoonguss, L50, M, shiny|100\/100\n|move|p2b: Flutter Mane|Dazzling Gleam|p1b: Among Us|[spread] p1a,p1b\n|-resisted|p1b: Among Us\n|-damage|p1a: Shishi|0 fnt\n|-damage|p1b: Among Us|91\/100\n|faint|p1a: Shishi\n|move|p2a: Amoonguss|Pollen Puff|p1b: Among Us\n|-damage|p1b: Among Us|74\/100\n|\n|upkeep\n|\n|t:|1681823625\n|switch|p1a: Tai Lung|Chien-Pao, L50|100\/100\n|-ability|p1a: Tai Lung|Sword of Ruin\n|turn|4\n|\n|t:|1681823635\n|move|p2b: Flutter Mane|Protect|p2b: Flutter Mane\n|-singleturn|p2b: Flutter Mane|Protect\n|move|p1b: Among Us|Rage Powder|p1b: Among Us\n|-singleturn|p1b: Among Us|move: Rage Powder\n|move|p1a: Tai Lung|Ice Spinner|p2a: Amoonguss\n|-supereffective|p2a: Amoonguss\n|-damage|p2a: Amoonguss|2\/100\n|-enditem|p2a: Amoonguss|Sitrus Berry|[eat]\n|-heal|p2a: Amoonguss|27\/100|[from] item: Sitrus Berry\n|move|p2a: Amoonguss|Pollen Puff|p1a: Tai Lung\n|-supereffective|p1a: Tai Lung\n|-damage|p1a: Tai Lung|44\/100\n|\n|upkeep\n|turn|5\n|inactive|Suzy22 has 30 seconds left.\n|inactive|haha u rage quit has 30 seconds left.\n|\n|t:|1681823664\n|switch|p2a: Baxcalibur|Baxcalibur, L50, M|100\/100\n|move|p2b: Flutter Mane|Dazzling Gleam|p1a: Tai Lung|[spread] p1a,p1b\n|-supereffective|p1a: Tai Lung\n|-resisted|p1b: Among Us\n|-damage|p1a: Tai Lung|0 fnt\n|-damage|p1b: Among Us|63\/100\n|faint|p1a: Tai Lung\n|move|p1b: Among Us|Pollen Puff|p1: Tai Lung|[notarget]\n|-fail|p1b: Among Us\n|\n|upkeep\n|\n|t:|1681823674\n|switch|p1a: Nukekubi|Flutter Mane, L50, shiny|100\/100\n|-enditem|p1a: Nukekubi|Booster Energy\n|-activate|p1a: Nukekubi|ability: Protosynthesis|[fromitem]\n|-start|p1a: Nukekubi|protosynthesisspe\n|turn|6\n|\n|t:|1681823695\n|move|p2b: Flutter Mane|Protect|p2b: Flutter Mane\n|-singleturn|p2b: Flutter Mane|Protect\n|move|p1a: Nukekubi|Protect|p1a: Nukekubi\n|-singleturn|p1a: Nukekubi|Protect\n|move|p2a: Baxcalibur|Protect|p2a: Baxcalibur\n|-singleturn|p2a: Baxcalibur|Protect\n|move|p1b: Among Us|Spore|p2a: Baxcalibur\n|-activate|p2a: Baxcalibur|move: Protect\n|\n|upkeep\n|turn|7\n|inactive|haha u rage quit has 30 seconds left.\n|inactive|haha u rage quit has 20 seconds left.\n|inactive|haha u rage quit has 15 seconds left.\n|\n|t:|1681823738\n|switch|p2a: Amoonguss|Amoonguss, L50, M|60\/100\n|move|p1b: Among Us|Protect|p1b: Among Us\n|-singleturn|p1b: Among Us|Protect\n|move|p2b: Flutter Mane|Shadow Ball|p1a: Nukekubi\n|-supereffective|p1a: Nukekubi\n|-damage|p1a: Nukekubi|44\/100\n|move|p1a: Nukekubi|Shadow Ball|p2b: Flutter Mane\n|-supereffective|p2b: Flutter Mane\n|-damage|p2b: Flutter Mane|0 fnt\n|faint|p2b: Flutter Mane\n|-end|p2b: Flutter Mane|Protosynthesis|[silent]\n|\n|upkeep\n|\n|t:|1681823750\n|switch|p2b: Baxcalibur|Baxcalibur, L50, M|100\/100\n|turn|8\n|inactive|haha u rage quit has 30 seconds left.\n|\n|t:|1681823781\n|move|p2b: Baxcalibur|Protect|p2b: Baxcalibur\n|-singleturn|p2b: Baxcalibur|Protect\n|move|p1b: Among Us|Rage Powder|p1b: Among Us\n|-singleturn|p1b: Among Us|move: Rage Powder\n|move|p1a: Nukekubi|Moonblast|p2b: Baxcalibur\n|-activate|p2b: Baxcalibur|move: Protect\n|move|p2a: Amoonguss|Spore|p1a: Nukekubi\n|-status|p1a: Nukekubi|slp|[from] move: Spore\n|\n|upkeep\n|turn|9\n|\n|t:|1681823798\n|cant|p1a: Nukekubi|slp\n|move|p2b: Baxcalibur|Icicle Spear|p1a: Nukekubi\n|-damage|p1a: Nukekubi|10\/100 slp\n|-damage|p1a: Nukekubi|0 fnt\n|faint|p1a: Nukekubi\n|-end|p1a: Nukekubi|Protosynthesis|[silent]\n|-hitcount|p1: Nukekubi|2\n|move|p1b: Among Us|Spore|p2b: Baxcalibur\n|-status|p2b: Baxcalibur|slp|[from] move: Spore\n|move|p2a: Amoonguss|Pollen Puff|p1b: Among Us\n|-damage|p1b: Among Us|45\/100\n|-enditem|p1b: Among Us|Sitrus Berry|[eat]\n|-heal|p1b: Among Us|70\/100|[from] item: Sitrus Berry\n|\n|upkeep\n|turn|10\n|-message|Suzy22 forfeited.\n|\n|win|haha u rage quit\n|raw|Suzy22's rating: 1200 → 1177<\/strong> (-23 for losing)\n|raw|haha u rage quit's rating: 1233 → 1256<\/strong> (+23 for winning)\n|l|\u2606Suzy22\n","uploadtime":1681823833,"views":6,"p1id":"suzy22","p2id":"hahauragequit","formatid":"gen9vgc2023regulationc","rating":1177,"private":0,"password":""}