{"id":"gen9vgc2023regulationc-1846029314","p1":"Sk1tt3n","p2":"taka9842","format":"[Gen 9] VGC 2023 Regulation C","log":"|j|\u2606Sk1tt3n\n|j|\u2606taka9842\n|t:|1681794079\n|gametype|doubles\n|player|p1|Sk1tt3n|hexmaniac-gen6|1317\n|player|p2|taka9842|hiker-gen4|1301\n|teamsize|p1|6\n|teamsize|p2|6\n|gen|9\n|tier|[Gen 9] VGC 2023 Regulation C\n|rated|\n|rule|Species Clause: Limit one of each Pok\u00e9mon\n|rule|Item Clause: Limit one of each item\n|clearpoke\n|poke|p1|Iron Hands, L50|\n|poke|p1|Bronzong, L50|\n|poke|p1|Arboliva, L50, F|\n|poke|p1|Farigiraf, L50, M|\n|poke|p1|Flutter Mane, L50|\n|poke|p1|Ting-Lu, L50|\n|poke|p2|Dondozo, L50, M|\n|poke|p2|Tatsugiri, L50, F|\n|poke|p2|Flutter Mane, L50|\n|poke|p2|Glimmora, L50, F|\n|poke|p2|Chien-Pao, L50|\n|poke|p2|Arcanine, L50, M|\n|teampreview|4\n|inactive|Battle timer is ON: inactive players will automatically lose when time's up. (requested by taka9842)\ntaka9842 has agreed to open team sheets.\n|\n|t:|1681794116\n|start\n|switch|p1a: Arboliva|Arboliva, L50, F|100\/100\n|switch|p1b: Farigiraf|Farigiraf, L50, M|100\/100\n|switch|p2a: Glimmora|Glimmora, L50, F|100\/100\n|switch|p2b: Chien-Pao|Chien-Pao, L50|100\/100\n|-ability|p2b: Chien-Pao|Sword of Ruin\n|turn|1\n|inactive|taka9842 has 30 seconds left.\n|\n|t:|1681794142\n|-terastallize|p1b: Farigiraf|Fairy\n|move|p1a: Arboliva|Protect|p1a: Arboliva\n|-singleturn|p1a: Arboliva|Protect\n|move|p2b: Chien-Pao|Ice Spinner|p1a: Arboliva\n|-activate|p1a: Arboliva|move: Protect\n|move|p2a: Glimmora|Sludge Bomb|p1a: Arboliva\n|-activate|p1a: Arboliva|move: Protect\n|move|p1b: Farigiraf|Trick Room|p1b: Farigiraf\n|-fieldstart|move: Trick Room|[of] p1b: Farigiraf\n|\n|upkeep\n|turn|2\n|\n|t:|1681794153\n|move|p2b: Chien-Pao|Protect|p2b: Chien-Pao\n|-singleturn|p2b: Chien-Pao|Protect\n|move|p1a: Arboliva|Earth Power|p2a: Glimmora\n|-supereffective|p2a: Glimmora\n|-damage|p2a: Glimmora|0 fnt\n|faint|p2a: Glimmora\n|move|p1b: Farigiraf|Dazzling Gleam|p2b: Chien-Pao\n|-activate|p2b: Chien-Pao|move: Protect\n|\n|upkeep\n|\n|t:|1681794164\n|switch|p2a: Dondozo|Dondozo, L50, M|100\/100\n|turn|3\n|\n|t:|1681794182\n|switch|p2b: Tatsugiri|Tatsugiri, L50, F|100\/100\n|-activate|p2b: Tatsugiri|ability: Commander|[of] p2a: Dondozo\n|-boost|p2a: Dondozo|atk|2\n|-boost|p2a: Dondozo|spa|2\n|-boost|p2a: Dondozo|spe|2\n|-boost|p2a: Dondozo|def|2\n|-boost|p2a: Dondozo|spd|2\n|-terastallize|p2a: Dondozo|Flying\n|move|p1a: Arboliva|Energy Ball|p2a: Dondozo\n|-resisted|p2a: Dondozo\n|-damage|p2a: Dondozo|88\/100\n|move|p1b: Farigiraf|Dazzling Gleam|p2b: Tatsugiri|[spread] p2a\n|-miss|p1b: Farigiraf|p2b: Tatsugiri\n|-damage|p2a: Dondozo|74\/100\n|move|p2a: Dondozo|Tera Blast|p1a: Arboliva\n|-supereffective|p1a: Arboliva\n|-damage|p1a: Arboliva|0 fnt\n|faint|p1a: Arboliva\n|-damage|p2a: Dondozo|64\/100|[from] item: Life Orb\n|\n|upkeep\n|inactive|Sk1tt3n has 30 seconds left.\n|inactive|Sk1tt3n has 20 seconds left.\n|\n|t:|1681794217\n|switch|p1a: Ting-Lu|Ting-Lu, L50|100\/100\n|-ability|p1a: Ting-Lu|Vessel of Ruin\n|turn|4\n|\n|t:|1681794226\n|move|p1a: Ting-Lu|Ruination|p2a: Dondozo|[miss]\n|-miss|p1a: Ting-Lu|p2a: Dondozo\n|move|p1b: Farigiraf|Psychic|p2a: Dondozo\n|-damage|p2a: Dondozo|48\/100\n|move|p2a: Dondozo|Tera Blast|p1b: Farigiraf\n|-damage|p1b: Farigiraf|13\/100\n|-enditem|p1b: Farigiraf|Aguav Berry|[eat]\n|-heal|p1b: Farigiraf|46\/100|[from] item: Aguav Berry\n|-damage|p2a: Dondozo|38\/100|[from] item: Life Orb\n|\n|upkeep\n|turn|5\n|\n|t:|1681794236\n|move|p1a: Ting-Lu|Ruination|p2a: Dondozo\n|-damage|p2a: Dondozo|19\/100\n|move|p1b: Farigiraf|Psychic|p2a: Dondozo\n|-damage|p2a: Dondozo|2\/100\n|-unboost|p2a: Dondozo|spd|1\n|move|p2a: Dondozo|Wave Crash|p1b: Farigiraf\n|-damage|p1b: Farigiraf|0 fnt\n|faint|p1b: Farigiraf\n|-damage|p2a: Dondozo|0 fnt|[from] Recoil\n|faint|p2a: Dondozo\n|\n|-fieldend|move: Trick Room\n|upkeep\n|\n|t:|1681794241\n|switch|p2a: Chien-Pao|Chien-Pao, L50|100\/100\n|switch|p1b: Flutter Mane|Flutter Mane, L50|100\/100\n|-ability|p2a: Chien-Pao|Sword of Ruin\n|turn|6\n|inactive|Sk1tt3n has 30 seconds left.\n|\n|t:|1681794276\n|move|p2b: Tatsugiri|Icy Wind|p1a: Ting-Lu|[spread] p1a,p1b\n|-supereffective|p1a: Ting-Lu\n|-damage|p1a: Ting-Lu|90\/100\n|-damage|p1b: Flutter Mane|89\/100\n|-unboost|p1a: Ting-Lu|spe|1\n|-unboost|p1b: Flutter Mane|spe|1\n|move|p2a: Chien-Pao|Ice Spinner|p1b: Flutter Mane\n|-damage|p1b: Flutter Mane|0 fnt\n|faint|p1b: Flutter Mane\n|-end|p1b: Flutter Mane|Protosynthesis|[silent]\n|move|p1a: Ting-Lu|Heavy Slam|p2a: Chien-Pao\n|-supereffective|p2a: Chien-Pao\n|-damage|p2a: Chien-Pao|26\/100\n|\n|upkeep\n|turn|7\n|\n|t:|1681794290\n|move|p2b: Tatsugiri|Icy Wind|p1a: Ting-Lu\n|-supereffective|p1a: Ting-Lu\n|-damage|p1a: Ting-Lu|77\/100\n|-unboost|p1a: Ting-Lu|spe|1\n|move|p2a: Chien-Pao|Ice Spinner|p1a: Ting-Lu\n|-supereffective|p1a: Ting-Lu\n|-damage|p1a: Ting-Lu|28\/100\n|move|p1a: Ting-Lu|Heavy Slam|p2a: Chien-Pao\n|-supereffective|p2a: Chien-Pao\n|-damage|p2a: Chien-Pao|0 fnt\n|faint|p2a: Chien-Pao\n|\n|upkeep\n|turn|8\n|\n|t:|1681794300\n|move|p2b: Tatsugiri|Icy Wind|p1a: Ting-Lu\n|-supereffective|p1a: Ting-Lu\n|-damage|p1a: Ting-Lu|14\/100\n|-unboost|p1a: Ting-Lu|spe|1\n|move|p1a: Ting-Lu|Fissure|p2b: Tatsugiri|[miss]\n|-miss|p1a: Ting-Lu|p2b: Tatsugiri\n|\n|upkeep\n|turn|9\n|\n|t:|1681794302\n|move|p2b: Tatsugiri|Icy Wind|p1a: Ting-Lu\n|-supereffective|p1a: Ting-Lu\n|-damage|p1a: Ting-Lu|1\/100\n|-unboost|p1a: Ting-Lu|spe|1\n|move|p1a: Ting-Lu|Fissure|p2b: Tatsugiri|[miss]\n|-miss|p1a: Ting-Lu|p2b: Tatsugiri\n|\n|upkeep\n|turn|10\n|\n|t:|1681794305\n|move|p2b: Tatsugiri|Icy Wind|p1a: Ting-Lu|[miss]\n|-miss|p2b: Tatsugiri|p1a: Ting-Lu\n|move|p1a: Ting-Lu|Fissure|p2b: Tatsugiri|[miss]\n|-miss|p1a: Ting-Lu|p2b: Tatsugiri\n|\n|upkeep\n|turn|11\n|\n|t:|1681794309\n|move|p2b: Tatsugiri|Icy Wind|p1a: Ting-Lu\n|-supereffective|p1a: Ting-Lu\n|-damage|p1a: Ting-Lu|0 fnt\n|faint|p1a: Ting-Lu\n|\n|win|taka9842\n|raw|Sk1tt3n's rating: 1317 → 1296<\/strong> (-21 for losing)\n|raw|taka9842's rating: 1301 → 1322<\/strong> (+21 for winning)\n","uploadtime":1681794312,"views":6,"p1id":"sk1tt3n","p2id":"taka9842","formatid":"gen9vgc2023regulationc","rating":1296,"private":0,"password":""}