{"id":"gen9vgc2023regulationc-1845106252","p1":"Xenizen","p2":"barba18","format":"[Gen 9] VGC 2023 Regulation C","log":"|j|\u2606Xenizen\n|j|\u2606barba18\n|t:|1681684244\n|gametype|doubles\n|player|p1|Xenizen|bruno|1093\n|player|p2|barba18|n|1137\n|teamsize|p1|6\n|teamsize|p2|6\n|gen|9\n|tier|[Gen 9] VGC 2023 Regulation C\n|rated|\n|rule|Species Clause: Limit one of each Pok\u00e9mon\n|rule|Item Clause: Limit one of each item\n|clearpoke\n|poke|p1|Skeledirge, L50, M|\n|poke|p1|Kingambit, L50, M|\n|poke|p1|Amoonguss, L50, M|\n|poke|p1|Palafin, L50, M|\n|poke|p1|Hatterene, L50, F|\n|poke|p1|Garchomp, L50, M|\n|poke|p2|Eelektross, L50, F|\n|poke|p2|Amoonguss, L50, M|\n|poke|p2|Ting-Lu, L50|\n|poke|p2|Azumarill, L50, M|\n|poke|p2|Arcanine, L50, F|\n|poke|p2|Braviary, L50, M|\n|teampreview|4\n|inactive|Battle timer is ON: inactive players will automatically lose when time's up. (requested by barba18)\n|\n|t:|1681684274\n|start\n|switch|p1a: Palafin|Palafin, L50, M, shiny|100\/100\n|switch|p1b: Hatterene|Hatterene, L50, F, shiny|100\/100\n|switch|p2a: Ting-Lu|Ting-Lu, L50|100\/100\n|switch|p2b: Eelektross|Eelektross, L50, F|100\/100\n|-ability|p2a: Ting-Lu|Vessel of Ruin\n|turn|1\n|\n|t:|1681684286\n|detailschange|p1a: Palafin|Palafin-Hero, L50, M, shiny\n|switch|p1a: Skeledirge|Skeledirge, L50, M, shiny|100\/100\n|move|p1b: Hatterene|Protect|p1b: Hatterene\n|-singleturn|p1b: Hatterene|Protect\n|move|p2b: Eelektross|Coil|p2b: Eelektross\n|-boost|p2b: Eelektross|atk|1\n|-boost|p2b: Eelektross|def|1\n|-boost|p2b: Eelektross|accuracy|1\n|move|p2a: Ting-Lu|Heavy Slam|p1b: Hatterene\n|-activate|p1b: Hatterene|move: Protect\n|\n|upkeep\n|turn|2\n|\n|t:|1681684299\n|-terastallize|p1a: Skeledirge|Fairy\n|move|p1a: Skeledirge|Tera Blast|p2a: Ting-Lu\n|-supereffective|p2a: Ting-Lu\n|-damage|p2a: Ting-Lu|68\/100\n|move|p2b: Eelektross|Wild Charge|p1a: Skeledirge\n|-damage|p1a: Skeledirge|71\/100\n|-damage|p2b: Eelektross|93\/100|[from] Recoil\n|move|p2a: Ting-Lu|Heavy Slam|p1b: Hatterene\n|-supereffective|p1b: Hatterene\n|-damage|p1b: Hatterene|0 fnt\n|faint|p1b: Hatterene\n|\n|-heal|p1a: Skeledirge|77\/100|[from] item: Leftovers\n|upkeep\n|\n|t:|1681684313\n|switch|p1b: Palafin|Palafin-Hero, L50, M, shiny|100\/100\n|-activate|p1b: Palafin|ability: Zero to Hero\n|turn|3\n|inactive|barba18 has 30 seconds left.\n|\n|t:|1681684348\n|switch|p2a: Azumarill|Azumarill, L50, M|100\/100\n|move|p1b: Palafin|Protect|p1b: Palafin\n|-singleturn|p1b: Palafin|Protect\n|move|p1a: Skeledirge|Will-O-Wisp|p2b: Eelektross\n|-status|p2b: Eelektross|brn\n|move|p2b: Eelektross|Coil|p2b: Eelektross\n|-boost|p2b: Eelektross|atk|1\n|-boost|p2b: Eelektross|def|1\n|-boost|p2b: Eelektross|accuracy|1\n|\n|-heal|p1a: Skeledirge|84\/100|[from] item: Leftovers\n|-damage|p2b: Eelektross|86\/100 brn|[from] brn\n|upkeep\n|turn|4\n|\n|t:|1681684368\n|switch|p1b: Garchomp|Garchomp, L50, M, shiny|100\/100\n|move|p2a: Azumarill|Aqua Jet|p1a: Skeledirge\n|-damage|p1a: Skeledirge|69\/100\n|move|p1a: Skeledirge|Will-O-Wisp|p2a: Azumarill\n|-status|p2a: Azumarill|brn\n|move|p2b: Eelektross|Wild Charge|p1b: Garchomp\n|-immune|p1b: Garchomp\n|\n|-heal|p1a: Skeledirge|75\/100|[from] item: Leftovers\n|-damage|p2b: Eelektross|80\/100 brn|[from] brn\n|-damage|p2a: Azumarill|95\/100 brn|[from] brn\n|upkeep\n|turn|5\n|\n|t:|1681684386\n|move|p1b: Garchomp|Rock Slide|p2b: Eelektross|[spread] p2a,p2b\n|-damage|p2a: Azumarill|77\/100 brn\n|-damage|p2b: Eelektross|69\/100 brn\n|move|p1a: Skeledirge|Torch Song|p2b: Eelektross\n|-damage|p2b: Eelektross|39\/100 brn\n|-boost|p1a: Skeledirge|spa|1\n|-enditem|p2b: Eelektross|Sitrus Berry|[eat]\n|-heal|p2b: Eelektross|64\/100 brn|[from] item: Sitrus Berry\n|cant|p2a: Azumarill|flinch\n|move|p2b: Eelektross|Wild Charge|p1a: Skeledirge\n|-damage|p1a: Skeledirge|61\/100\n|-damage|p2b: Eelektross|60\/100 brn|[from] Recoil\n|\n|-heal|p1a: Skeledirge|67\/100|[from] item: Leftovers\n|-damage|p2a: Azumarill|71\/100 brn|[from] brn\n|-damage|p2b: Eelektross|54\/100 brn|[from] brn\n|upkeep\n|turn|6\n|\n|t:|1681684403\n|move|p1b: Garchomp|Rock Slide|p2b: Eelektross|[spread] p2a,p2b\n|-damage|p2a: Azumarill|54\/100 brn\n|-damage|p2b: Eelektross|42\/100 brn\n|move|p1a: Skeledirge|Torch Song|p2b: Eelektross\n|-damage|p2b: Eelektross|0 fnt\n|-boost|p1a: Skeledirge|spa|1\n|faint|p2b: Eelektross\n|move|p2a: Azumarill|Play Rough|p1b: Garchomp\n|-supereffective|p1b: Garchomp\n|-damage|p1b: Garchomp|43\/100\n|-damage|p2a: Azumarill|42\/100 brn|[from] ability: Rough Skin|[of] p1b: Garchomp\n|\n|-heal|p1a: Skeledirge|73\/100|[from] item: Leftovers\n|-damage|p2a: Azumarill|36\/100 brn|[from] brn\n|upkeep\n|\n|t:|1681684420\n|switch|p2b: Ting-Lu|Ting-Lu, L50|68\/100\n|-ability|p2b: Ting-Lu|Vessel of Ruin\n|turn|7\n|inactive|barba18 has 30 seconds left.\n|inactive|barba18 has 20 seconds left.\n|inactive|barba18 has 15 seconds left.\n|\n|t:|1681684460\n|-terastallize|p2b: Ting-Lu|Fire\n|move|p2a: Azumarill|Protect|p2a: Azumarill\n|-singleturn|p2a: Azumarill|Protect\n|move|p1b: Garchomp|Earthquake|p2a: Azumarill|[spread] p1a,p2b\n|-activate|p2a: Azumarill|move: Protect\n|-supereffective|p2b: Ting-Lu\n|-damage|p1a: Skeledirge|47\/100\n|-damage|p2b: Ting-Lu|20\/100\n|move|p1a: Skeledirge|Tera Blast|p2b: Ting-Lu\n|-resisted|p2b: Ting-Lu\n|-damage|p2b: Ting-Lu|3\/100\n|move|p2b: Ting-Lu|Heavy Slam|p1b: Garchomp\n|-damage|p1b: Garchomp|0 fnt\n|-damage|p2b: Ting-Lu|0 fnt|[from] ability: Rough Skin|[of] p1b: Garchomp\n|faint|p1b: Garchomp\n|faint|p2b: Ting-Lu\n|\n|-heal|p1a: Skeledirge|53\/100|[from] item: Leftovers\n|-damage|p2a: Azumarill|30\/100 brn|[from] brn\n|upkeep\n|\n|t:|1681684477\n|switch|p1b: Palafin|Palafin-Hero, L50, M, shiny|100\/100\n|switch|p2b: Amoonguss|Amoonguss, L50, M|100\/100\n|turn|8\n|\n|t:|1681684491\n|move|p2a: Azumarill|Aqua Jet|p1a: Skeledirge\n|-damage|p1a: Skeledirge|46\/100\n|move|p1b: Palafin|Wave Crash|p2b: Amoonguss\n|-resisted|p2b: Amoonguss\n|-damage|p2b: Amoonguss|61\/100\n|-damage|p1b: Palafin|84\/100|[from] item: Rocky Helmet|[of] p2b: Amoonguss\n|-damage|p1b: Palafin|70\/100|[from] Recoil\n|move|p1a: Skeledirge|Torch Song|p2b: Amoonguss\n|-supereffective|p2b: Amoonguss\n|-damage|p2b: Amoonguss|0 fnt\n|-boost|p1a: Skeledirge|spa|1\n|faint|p2b: Amoonguss\n|\n|-heal|p1a: Skeledirge|52\/100|[from] item: Leftovers\n|-damage|p2a: Azumarill|25\/100 brn|[from] brn\n|upkeep\n|turn|9\n|-message|barba18 forfeited.\n|\n|win|Xenizen\n|raw|Xenizen's rating: 1093 → 1122<\/strong> (+29 for winning)\n|raw|barba18's rating: 1137 → 1109<\/strong> (-28 for losing)\n|l|\u2606barba18\n","uploadtime":1681684520,"views":6,"p1id":"xenizen","p2id":"barba18","formatid":"gen9vgc2023regulationc","rating":1109,"private":0,"password":""}