{"id":"gen9vgc2023regulationc-1851704138","p1":"ShinyBlast","p2":"Dick Vanderclief","format":"[Gen 9] VGC 2023 Regulation C","log":"|j|\u2606ShinyBlast\n|j|\u2606Dick Vanderclief\n|t:|1682472054\n|gametype|doubles\n|player|p1|ShinyBlast|blue|1243\n|player|p2|Dick Vanderclief|red-masters|1248\n|teamsize|p1|6\n|teamsize|p2|6\n|gen|9\n|tier|[Gen 9] VGC 2023 Regulation C\n|rated|\n|rule|Species Clause: Limit one of each Pok\u00e9mon\n|rule|Item Clause: Limit one of each item\n|clearpoke\n|poke|p1|Arcanine, L50, M|\n|poke|p1|Gyarados, L50, M|\n|poke|p1|Amoonguss, L50, M|\n|poke|p1|Ting-Lu, L50|\n|poke|p1|Chien-Pao, L50|\n|poke|p1|Flutter Mane, L50|\n|poke|p2|Palafin, L50, M|\n|poke|p2|Amoonguss, L50, M|\n|poke|p2|Dragonite, L50, M|\n|poke|p2|Chien-Pao, L50|\n|poke|p2|Chi-Yu, L50|\n|poke|p2|Iron Bundle, L50|\n|teampreview|4\nShinyBlast has agreed to open team sheets.\n|inactive|Battle timer is ON: inactive players will automatically lose when time's up. (requested by ShinyBlast)\nDick Vanderclief has agreed to open team sheets.\n|inactive|Dick Vanderclief has 60 seconds left.\n|\n|t:|1682472109\n|start\n|switch|p1a: Arcanine|Arcanine, L50, M|100\/100\n|switch|p1b: Flutter Mane|Flutter Mane, L50|100\/100\n|switch|p2a: Chien-Pao|Chien-Pao, L50|100\/100\n|switch|p2b: Dragonite|Dragonite, L50, M|100\/100\n|-ability|p2a: Chien-Pao|Sword of Ruin\n|-ability|p1a: Arcanine|Intimidate|boost\n|-unboost|p2a: Chien-Pao|atk|1\n|-fail|p2b: Dragonite|unboost|Attack|[from] ability: Inner Focus|[of] p2b: Dragonite\n|turn|1\n|inactive|ShinyBlast has 30 seconds left.\n|\n|t:|1682472134\n|-terastallize|p2b: Dragonite|Normal\n|move|p1b: Flutter Mane|Dazzling Gleam|p2b: Dragonite|[spread] p2a,p2b\n|-supereffective|p2a: Chien-Pao\n|-crit|p2a: Chien-Pao\n|-enditem|p2a: Chien-Pao|Focus Sash\n|-damage|p2a: Chien-Pao|1\/100\n|-damage|p2b: Dragonite|58\/100\n|move|p2a: Chien-Pao|Sacred Sword|p1a: Arcanine\n|-damage|p1a: Arcanine|75\/100\n|move|p1a: Arcanine|Will-O-Wisp|p2a: Chien-Pao\n|-status|p2a: Chien-Pao|brn\n|move|p2b: Dragonite|Iron Head|p1b: Flutter Mane\n|-supereffective|p1b: Flutter Mane\n|-damage|p1b: Flutter Mane|0 fnt\n|faint|p1b: Flutter Mane\n|-end|p1b: Flutter Mane|Protosynthesis|[silent]\n|\n|-damage|p2a: Chien-Pao|0 fnt|[from] brn\n|faint|p2a: Chien-Pao\n|upkeep\n|\n|t:|1682472151\n|switch|p2a: Iron Bundle|Iron Bundle, L50|100\/100\n|switch|p1b: Gyarados|Gyarados, L50, M|100\/100\n|-ability|p1b: Gyarados|Intimidate|boost\n|-unboost|p2a: Iron Bundle|atk|1\n|-fail|p2b: Dragonite|unboost|Attack|[from] ability: Inner Focus|[of] p2b: Dragonite\n|-enditem|p2a: Iron Bundle|Booster Energy\n|-activate|p2a: Iron Bundle|ability: Quark Drive|[fromitem]\n|-start|p2a: Iron Bundle|quarkdrivespe\n|turn|2\n|\n|t:|1682472163\n|switch|p2b: Chi-Yu|Chi-Yu, L50|100\/100\n|-ability|p2b: Chi-Yu|Beads of Ruin\n|move|p1a: Arcanine|Protect|p1a: Arcanine\n|-singleturn|p1a: Arcanine|Protect\n|move|p2a: Iron Bundle|Freeze-Dry|p1b: Gyarados\n|-supereffective|p1b: Gyarados\n|-damage|p1b: Gyarados|0 fnt\n|faint|p1b: Gyarados\n|\n|upkeep\n|\n|t:|1682472173\n|switch|p1b: Ting-Lu|Ting-Lu, L50|100\/100\n|-ability|p1b: Ting-Lu|Vessel of Ruin\n|turn|3\n|\n|t:|1682472185\n|-terastallize|p1b: Ting-Lu|Poison\n|move|p1a: Arcanine|Extreme Speed|p2b: Chi-Yu\n|-damage|p2b: Chi-Yu|67\/100\n|move|p2a: Iron Bundle|Hydro Pump|p1a: Arcanine|[miss]\n|-miss|p2a: Iron Bundle|p1a: Arcanine\n|move|p2b: Chi-Yu|Heat Wave|p1b: Ting-Lu|[spread] p1a\n|-miss|p2b: Chi-Yu|p1b: Ting-Lu\n|-resisted|p1a: Arcanine\n|-damage|p1a: Arcanine|48\/100\n|move|p1b: Ting-Lu|Stomping Tantrum|p2b: Chi-Yu\n|-supereffective|p2b: Chi-Yu\n|-damage|p2b: Chi-Yu|0 fnt\n|faint|p2b: Chi-Yu\n|\n|upkeep\n|\n|t:|1682472196\n|switch|p2b: Dragonite|Dragonite, L50, M, tera:Normal|58\/100\n|turn|4\n|\n|t:|1682472210\n|move|p2a: Iron Bundle|Helping Hand|p2b: Dragonite\n|-singleturn|p2b: Dragonite|Helping Hand|[of] p2a: Iron Bundle\n|move|p1a: Arcanine|Protect|p1a: Arcanine\n|-singleturn|p1a: Arcanine|Protect\n|move|p2b: Dragonite|Extreme Speed|p1b: Ting-Lu\n|-damage|p1b: Ting-Lu|38\/100\n|move|p1b: Ting-Lu|Throat Chop|p2a: Iron Bundle\n|-damage|p2a: Iron Bundle|57\/100\n|-start|p2a: Iron Bundle|Throat Chop|[silent]\n|\n|-heal|p1b: Ting-Lu|44\/100|[from] item: Leftovers\n|upkeep\n|turn|5\n|\n|t:|1682472229\n|move|p1a: Arcanine|Extreme Speed|p2b: Dragonite\n|-damage|p2b: Dragonite|37\/100\n|move|p2b: Dragonite|Extreme Speed|p1b: Ting-Lu\n|-damage|p1b: Ting-Lu|1\/100\n|move|p2a: Iron Bundle|Hydro Pump|p1a: Arcanine|[miss]\n|-miss|p2a: Iron Bundle|p1a: Arcanine\n|move|p1b: Ting-Lu|Stomping Tantrum|p2b: Dragonite\n|-damage|p2b: Dragonite|8\/100\n|\n|-heal|p1b: Ting-Lu|7\/100|[from] item: Leftovers\n|-end|p2a: Iron Bundle|Throat Chop|[silent]\n|upkeep\n|turn|6\n|\n|t:|1682472246\n|move|p1a: Arcanine|Extreme Speed|p2b: Dragonite\n|-damage|p2b: Dragonite|0 fnt\n|faint|p2b: Dragonite\n|move|p2a: Iron Bundle|Hydro Pump|p1a: Arcanine\n|-supereffective|p1a: Arcanine\n|-damage|p1a: Arcanine|0 fnt\n|faint|p1a: Arcanine\n|move|p1b: Ting-Lu|Throat Chop|p2a: Iron Bundle\n|-damage|p2a: Iron Bundle|15\/100\n|-start|p2a: Iron Bundle|Throat Chop|[silent]\n|\n|-heal|p1b: Ting-Lu|13\/100|[from] item: Leftovers\n|upkeep\n|turn|7\n|\n|t:|1682472258\n|move|p2a: Iron Bundle|Freeze-Dry|p1b: Ting-Lu\n|-damage|p1b: Ting-Lu|0 fnt\n|faint|p1b: Ting-Lu\n|\n|win|Dick Vanderclief\n|raw|ShinyBlast's rating: 1243 → 1218<\/strong> (-25 for losing)\n|raw|Dick Vanderclief's rating: 1248 → 1273<\/strong> (+25 for winning)\n|l|\u2606ShinyBlast\n","uploadtime":1682472264,"views":21,"p1id":"shinyblast","p2id":"dickvanderclief","formatid":"gen9vgc2023regulationc","rating":1218,"private":0,"password":""}