{"id":"gen9vgc2023regulationc-1846595279","p1":"OOOOOOOOkay","p2":"BigPapiKiryae","format":"[Gen 9] VGC 2023 Regulation C","log":"|j|\u2606OOOOOOOOkay\n|j|\u2606BigPapiKiryae\n|t:|1681855354\n|gametype|doubles\n|player|p1|OOOOOOOOkay|pokemonbreeder-gen4|1373\n|player|p2|BigPapiKiryae|170|1474\n|teamsize|p1|6\n|teamsize|p2|6\n|gen|9\n|tier|[Gen 9] VGC 2023 Regulation C\n|rated|\n|rule|Species Clause: Limit one of each Pok\u00e9mon\n|rule|Item Clause: Limit one of each item\n|clearpoke\n|poke|p1|Toxtricity, L50, M|\n|poke|p1|Gholdengo, L50|\n|poke|p1|Chi-Yu, L50|\n|poke|p1|Iron Hands, L50|\n|poke|p1|Great Tusk, L50|\n|poke|p1|Scizor, L50, F|\n|poke|p2|Chi-Yu, L50|\n|poke|p2|Iron Bundle, L50|\n|poke|p2|Flutter Mane, L50|\n|poke|p2|Maushold-Four, L50|\n|poke|p2|Dragonite, L50, F|\n|poke|p2|Great Tusk, L50|\n|teampreview|4\n|c|\u2606OOOOOOOOkay|gl hf bro\n|inactive|Battle timer is ON: inactive players will automatically lose when time's up. (requested by BigPapiKiryae)\n|\n|t:|1681855425\n|start\n|switch|p1a: Great Tusk|Great Tusk, L50|100\/100\n|switch|p1b: Gholdengo|Gholdengo, L50|100\/100\n|switch|p2a: Dragonite|Dragonite, L50, F|100\/100\n|switch|p2b: Great Tusk|Great Tusk, L50|100\/100\n|turn|1\n|\n|t:|1681855442\n|-terastallize|p1b: Gholdengo|Flying\n|move|p2b: Great Tusk|Protect|p2b: Great Tusk\n|-singleturn|p2b: Great Tusk|Protect\n|move|p1a: Great Tusk|Ice Spinner|p2a: Dragonite\n|-supereffective|p2a: Dragonite\n|-damage|p2a: Dragonite|47\/100\n|move|p1b: Gholdengo|Tera Blast|p2b: Great Tusk\n|-activate|p2b: Great Tusk|move: Protect\n|move|p2a: Dragonite|Tailwind|p2a: Dragonite\n|-sidestart|p2: BigPapiKiryae|move: Tailwind\n|\n|upkeep\n|turn|2\n|inactive|BigPapiKiryae has 30 seconds left.\n|inactive|BigPapiKiryae has 20 seconds left.\n|inactive|BigPapiKiryae has 15 seconds left.\n|inactive|BigPapiKiryae has 10 seconds left.\n|inactive|BigPapiKiryae has 5 seconds left.\n|\n|t:|1681855493\n|-terastallize|p2a: Dragonite|Flying\n|move|p1b: Gholdengo|Protect|p1b: Gholdengo\n|-singleturn|p1b: Gholdengo|Protect\n|move|p2b: Great Tusk|Close Combat|p1b: Gholdengo\n|-activate|p1b: Gholdengo|move: Protect\n|move|p1a: Great Tusk|Ice Spinner|p2a: Dragonite\n|-supereffective|p2a: Dragonite\n|-crit|p2a: Dragonite\n|-damage|p2a: Dragonite|0 fnt\n|faint|p2a: Dragonite\n|\n|upkeep\n|\n|t:|1681855506\n|switch|p2a: Iron Bundle|Iron Bundle, L50|100\/100\n|-enditem|p2a: Iron Bundle|Booster Energy\n|-activate|p2a: Iron Bundle|ability: Quark Drive|[fromitem]\n|-start|p2a: Iron Bundle|quarkdrivespe\n|turn|3\n|inactive|OOOOOOOOkay has 30 seconds left.\n|\n|t:|1681855532\n|-end|p1a: Great Tusk|Protosynthesis|[silent]\n|switch|p1a: Scizor|Scizor, L50, F|100\/100\n|move|p2a: Iron Bundle|Freeze-Dry|p1a: Scizor\n|-resisted|p1a: Scizor\n|-damage|p1a: Scizor|77\/100\n|move|p2b: Great Tusk|Headlong Rush|p1a: Scizor\n|-damage|p1a: Scizor|19\/100\n|-unboost|p2b: Great Tusk|def|1\n|-unboost|p2b: Great Tusk|spd|1\n|move|p1b: Gholdengo|Tera Blast|p2b: Great Tusk\n|-supereffective|p2b: Great Tusk\n|-enditem|p2b: Great Tusk|Focus Sash\n|-damage|p2b: Great Tusk|1\/100\n|-damage|p1b: Gholdengo|91\/100|[from] item: Life Orb\n|\n|upkeep\n|turn|4\n|c|\u2606OOOOOOOOkay|wow, nice match bro\n|inactive|BigPapiKiryae has 30 seconds left.\n|\n|t:|1681855560\n|move|p2b: Great Tusk|Protect|p2b: Great Tusk\n|-singleturn|p2b: Great Tusk|Protect\n|move|p1b: Gholdengo|Protect|p1b: Gholdengo\n|-singleturn|p1b: Gholdengo|Protect\n|move|p1a: Scizor|Bullet Punch|p2b: Great Tusk\n|-activate|p2b: Great Tusk|move: Protect\n|move|p2a: Iron Bundle|Freeze-Dry|p1b: Gholdengo\n|-activate|p1b: Gholdengo|move: Protect\n|\n|-sideend|p2: BigPapiKiryae|move: Tailwind\n|upkeep\n|turn|5\n|\n|t:|1681855576\n|-end|p2b: Great Tusk|Protosynthesis|[silent]\n|switch|p2b: Chi-Yu|Chi-Yu, L50|100\/100\n|-ability|p2b: Chi-Yu|Beads of Ruin\n|move|p1a: Scizor|Bullet Punch|p2a: Iron Bundle\n|-damage|p2a: Iron Bundle|62\/100\n|move|p2a: Iron Bundle|Freeze-Dry|p1b: Gholdengo\n|-supereffective|p1b: Gholdengo\n|-damage|p1b: Gholdengo|0 fnt\n|faint|p1b: Gholdengo\n|\n|upkeep\n|\n|t:|1681855591\n|switch|p1b: Iron Hands|Iron Hands, L50|100\/100\n|-enditem|p1b: Iron Hands|Booster Energy\n|-activate|p1b: Iron Hands|ability: Quark Drive|[fromitem]\n|-start|p1b: Iron Hands|quarkdriveatk\n|turn|6\n|\n|t:|1681855611\n|switch|p2b: Great Tusk|Great Tusk, L50|1\/100\n|move|p1b: Iron Hands|Fake Out|p2b: Great Tusk\n|-damage|p2b: Great Tusk|0 fnt\n|faint|p2b: Great Tusk\n|-end|p2b: Great Tusk|Protosynthesis|[silent]\n|move|p1a: Scizor|Bullet Punch|p2a: Iron Bundle\n|-damage|p2a: Iron Bundle|18\/100\n|move|p2a: Iron Bundle|Freeze-Dry|p1a: Scizor\n|-resisted|p1a: Scizor\n|-damage|p1a: Scizor|0 fnt\n|faint|p1a: Scizor\n|\n|upkeep\n|\n|t:|1681855625\n|switch|p2b: Chi-Yu|Chi-Yu, L50|100\/100\n|switch|p1a: Great Tusk|Great Tusk, L50|100\/100\n|-ability|p2b: Chi-Yu|Beads of Ruin\n|turn|7\n|\n|t:|1681855640\n|move|p2a: Iron Bundle|Icy Wind|p1a: Great Tusk|[spread] p1a,p1b\n|-supereffective|p1a: Great Tusk\n|-damage|p1a: Great Tusk|14\/100\n|-damage|p1b: Iron Hands|74\/100\n|-unboost|p1a: Great Tusk|spe|1\n|-unboost|p1b: Iron Hands|spe|1\n|move|p2b: Chi-Yu|Heat Wave|p1b: Iron Hands|[spread] p1a,p1b\n|-crit|p1a: Great Tusk\n|-damage|p1a: Great Tusk|0 fnt\n|-damage|p1b: Iron Hands|21\/100\n|faint|p1a: Great Tusk\n|-end|p1a: Great Tusk|Protosynthesis|[silent]\n|move|p1b: Iron Hands|Drain Punch|p2b: Chi-Yu\n|-supereffective|p2b: Chi-Yu\n|-damage|p2b: Chi-Yu|0 fnt\n|-heal|p1b: Iron Hands|46\/100|[from] drain|[of] p2b: Chi-Yu\n|faint|p2b: Chi-Yu\n|\n|upkeep\n|turn|8\n|c|\u2606OOOOOOOOkay|like I said, awesome match\n|inactive|BigPapiKiryae has 30 seconds left.\n|c|\u2606BigPapiKiryae|Yeah man\n|inactive|BigPapiKiryae has 20 seconds left.\n|c|\u2606OOOOOOOOkay|a lot of good turns\n|inactive|BigPapiKiryae has 15 seconds left.\n|\n|t:|1681855681\n|move|p2a: Iron Bundle|Hydro Pump|p1b: Iron Hands\n|-damage|p1b: Iron Hands|0 fnt\n|faint|p1b: Iron Hands\n|-end|p1b: Iron Hands|Quark Drive|[silent]\n|\n|win|BigPapiKiryae\n|raw|OOOOOOOOkay's rating: 1373 → 1359<\/strong> (-14 for losing)\n|raw|BigPapiKiryae's rating: 1474 → 1488<\/strong> (+14 for winning)\n|c|\u2606OOOOOOOOkay|deserved\n|c|\u2606OOOOOOOOkay|gg\n|c|\u2606BigPapiKiryae|Great game\n|c|\u2606OOOOOOOOkay|indeed\n","uploadtime":1681855694,"views":8,"p1id":"ooooooookay","p2id":"bigpapikiryae","formatid":"gen9vgc2023regulationc","rating":1359,"private":0,"password":""}