{"id":"gen9vgc2023regulationc-1852815371","p1":"knight8512","p2":"ScapegoatSkunk","format":"[Gen 9] VGC 2023 Regulation C","log":"|j|\u2606knight8512\n|j|\u2606ScapegoatSkunk\n|t:|1682608623\n|gametype|doubles\n|player|p1|knight8512|boarder|1189\n|player|p2|ScapegoatSkunk|102|1195\n|teamsize|p1|6\n|teamsize|p2|6\n|gen|9\n|tier|[Gen 9] VGC 2023 Regulation C\n|rated|\n|rule|Species Clause: Limit one of each Pok\u00e9mon\n|rule|Item Clause: Limit one of each item\n|clearpoke\n|poke|p1|Baxcalibur, L50, F|\n|poke|p1|Flutter Mane, L50|\n|poke|p1|Chi-Yu, L50|\n|poke|p1|Gyarados, L50, M|\n|poke|p1|Ting-Lu, L50|\n|poke|p1|Amoonguss, L50, M|\n|poke|p2|Flutter Mane, L50|\n|poke|p2|Arcanine, L50, M|\n|poke|p2|Dragapult, L50, F|\n|poke|p2|Chien-Pao, L50|\n|poke|p2|Iron Jugulis, L50|\n|poke|p2|Farigiraf, L50, F|\n|teampreview|4\n|inactive|Battle timer is ON: inactive players will automatically lose when time's up. (requested by ScapegoatSkunk)\n|inactive|knight8512 has 60 seconds left.\n|\n|t:|1682608681\n|start\n|switch|p1a: Flutter Mane|Flutter Mane, L50|100\/100\n|switch|p1b: Chi-Yu|Chi-Yu, L50|100\/100\n|switch|p2a: Flutter Mane|Flutter Mane, L50|100\/100\n|switch|p2b: Iron Jugulis|Iron Jugulis, L50|100\/100\n|-ability|p1b: Chi-Yu|Beads of Ruin\n|-enditem|p1a: Flutter Mane|Booster Energy\n|-activate|p1a: Flutter Mane|ability: Protosynthesis|[fromitem]\n|-start|p1a: Flutter Mane|protosynthesisspe\n|-enditem|p2b: Iron Jugulis|Booster Energy\n|-activate|p2b: Iron Jugulis|ability: Quark Drive|[fromitem]\n|-start|p2b: Iron Jugulis|quarkdrivespe\n|turn|1\n|inactive|knight8512 has 30 seconds left.\n|inactive|ScapegoatSkunk has 30 seconds left.\n|\n|t:|1682608715\n|-terastallize|p2a: Flutter Mane|Fairy\n|move|p1a: Flutter Mane|Protect|p1a: Flutter Mane\n|-singleturn|p1a: Flutter Mane|Protect\n|move|p2b: Iron Jugulis|Tailwind|p2b: Iron Jugulis\n|-sidestart|p2: ScapegoatSkunk|move: Tailwind\n|move|p2a: Flutter Mane|Dazzling Gleam|p1a: Flutter Mane|[spread] p1b\n|-activate|p1a: Flutter Mane|move: Protect\n|-damage|p1b: Chi-Yu|35\/100\n|move|p1b: Chi-Yu|Snarl|p2a: Flutter Mane|[spread] p2a,p2b\n|-resisted|p2a: Flutter Mane\n|-resisted|p2b: Iron Jugulis\n|-damage|p2a: Flutter Mane|86\/100\n|-damage|p2b: Iron Jugulis|80\/100\n|-unboost|p2a: Flutter Mane|spa|1\n|-unboost|p2b: Iron Jugulis|spa|1\n|\n|upkeep\n|turn|2\n|inactive|knight8512 has 30 seconds left.\n|\n|t:|1682608747\n|switch|p1b: Ting-Lu|Ting-Lu, L50|100\/100\n|-ability|p1b: Ting-Lu|Vessel of Ruin\n|move|p2b: Iron Jugulis|Air Slash|p1a: Flutter Mane\n|-damage|p1a: Flutter Mane|85\/100\n|move|p2a: Flutter Mane|Dazzling Gleam|p1a: Flutter Mane|[spread] p1a,p1b\n|-supereffective|p1b: Ting-Lu\n|-damage|p1a: Flutter Mane|57\/100\n|-damage|p1b: Ting-Lu|75\/100\n|move|p1a: Flutter Mane|Moonblast|p2b: Iron Jugulis\n|-supereffective|p2b: Iron Jugulis\n|-damage|p2b: Iron Jugulis|0 fnt\n|faint|p2b: Iron Jugulis\n|-end|p2b: Iron Jugulis|Quark Drive|[silent]\n|\n|upkeep\n|inactive|ScapegoatSkunk has 30 seconds left.\n|\n|t:|1682608774\n|switch|p2b: Arcanine|Arcanine, L50, M|100\/100\n|-ability|p2b: Arcanine|Intimidate|boost\n|-unboost|p1a: Flutter Mane|atk|1\n|-unboost|p1b: Ting-Lu|atk|1\n|turn|3\n|\n|t:|1682608792\n|move|p2a: Flutter Mane|Dazzling Gleam|p1a: Flutter Mane|[spread] p1a,p1b\n|-supereffective|p1b: Ting-Lu\n|-damage|p1a: Flutter Mane|26\/100\n|-damage|p1b: Ting-Lu|49\/100\n|move|p1a: Flutter Mane|Shadow Ball|p2b: Arcanine\n|-crit|p2b: Arcanine\n|-damage|p2b: Arcanine|47\/100\n|move|p2b: Arcanine|Flare Blitz|p1a: Flutter Mane\n|-damage|p1a: Flutter Mane|0 fnt\n|faint|p1a: Flutter Mane\n|-end|p1a: Flutter Mane|Protosynthesis|[silent]\n|-damage|p2b: Arcanine|40\/100|[from] Recoil\n|move|p1b: Ting-Lu|Heavy Slam|p2a: Flutter Mane\n|-supereffective|p2a: Flutter Mane\n|-damage|p2a: Flutter Mane|0 fnt\n|faint|p2a: Flutter Mane\n|-end|p2a: Flutter Mane|Protosynthesis|[silent]\n|\n|upkeep\n|\n|t:|1682608811\n|switch|p2a: Dragapult|Dragapult, L50, F|100\/100\n|switch|p1a: Gyarados|Gyarados, L50, M|100\/100\n|-ability|p1a: Gyarados|Intimidate|boost\n|-fail|p2a: Dragapult|unboost|[from] ability: Clear Body|[of] p2a: Dragapult\n|-unboost|p2b: Arcanine|atk|1\n|turn|4\n|inactive|knight8512 has 30 seconds left.\n|inactive|ScapegoatSkunk has 30 seconds left.\n|\n|t:|1682608837\n|move|p2a: Dragapult|Dragon Darts|p1b: Ting-Lu\n|-damage|p1b: Ting-Lu|29\/100\n|-anim|p2a: Dragapult|Dragon Darts|p1a: Gyarados\n|-damage|p1a: Gyarados|72\/100\n|-damage|p2a: Dragapult|91\/100|[from] item: Life Orb\n|move|p2b: Arcanine|Will-O-Wisp|p1b: Ting-Lu\n|-status|p1b: Ting-Lu|brn\n|move|p1a: Gyarados|Waterfall|p2b: Arcanine\n|-supereffective|p2b: Arcanine\n|-damage|p2b: Arcanine|0 fnt\n|faint|p2b: Arcanine\n|move|p1b: Ting-Lu|Ruination|p2a: Dragapult\n|-damage|p2a: Dragapult|46\/100\n|\n|-damage|p1b: Ting-Lu|23\/100 brn|[from] brn\n|-sideend|p2: ScapegoatSkunk|move: Tailwind\n|upkeep\n|turn|5\n|\n|t:|1682608862\n|move|p2a: Dragapult|Protect|p2a: Dragapult\n|-singleturn|p2a: Dragapult|Protect\n|move|p1a: Gyarados|Thunder Wave|p2a: Dragapult\n|-activate|p2a: Dragapult|move: Protect\n|move|p1b: Ting-Lu|Ruination|p2a: Dragapult\n|-activate|p2a: Dragapult|move: Protect\n|\n|-damage|p1b: Ting-Lu|17\/100 brn|[from] brn\n|upkeep\n|turn|6\n|\n|t:|1682608886\n|move|p2a: Dragapult|Dragon Darts|p1b: Ting-Lu\n|-damage|p1b: Ting-Lu|0 fnt\n|-anim|p2a: Dragapult|Dragon Darts|p1a: Gyarados\n|-damage|p1a: Gyarados|44\/100\n|faint|p1b: Ting-Lu\n|-damage|p2a: Dragapult|36\/100|[from] item: Life Orb\n|move|p1a: Gyarados|Thunder Wave|p2a: Dragapult\n|-status|p2a: Dragapult|par\n|\n|upkeep\n|\n|t:|1682608896\n|switch|p1b: Chi-Yu|Chi-Yu, L50|35\/100\n|-ability|p1b: Chi-Yu|Beads of Ruin\n|turn|7\n|\n|t:|1682608905\n|move|p1b: Chi-Yu|Dark Pulse|p2a: Dragapult\n|-supereffective|p2a: Dragapult\n|-damage|p2a: Dragapult|0 fnt\n|faint|p2a: Dragapult\n|\n|win|knight8512\n|raw|knight8512's rating: 1189 → 1214<\/strong> (+25 for winning)\n|raw|ScapegoatSkunk's rating: 1195 → 1170<\/strong> (-25 for losing)\n|l|\u2606ScapegoatSkunk\n","uploadtime":1682608922,"views":5,"p1id":"knight8512","p2id":"scapegoatskunk","formatid":"gen9vgc2023regulationc","rating":1170,"private":0,"password":""}