{"id":"gen9vgc2023regulationc-1860183636","p1":"Sutadasuto","p2":"Gabomedinaz","format":"[Gen 9] VGC 2023 Regulation C","log":"|j|\u2606Sutadasuto\n|j|\u2606Gabomedinaz\n|t:|1683606260\n|gametype|doubles\n|player|p1|Sutadasuto|266|1368\n|player|p2|Gabomedinaz|170|1348\n|teamsize|p1|6\n|teamsize|p2|6\n|gen|9\n|tier|[Gen 9] VGC 2023 Regulation C\n|rated|\n|rule|Species Clause: Limit one of each Pok\u00e9mon\n|rule|Item Clause: Limit one of each item\n|clearpoke\n|poke|p1|Garganacl, L50, M|\n|poke|p1|Wo-Chien, L50|\n|poke|p1|Gyarados, L50, M|\n|poke|p1|Ting-Lu, L50|\n|poke|p1|Glimmora, L50, M|\n|poke|p1|Iron Hands, L50|\n|poke|p2|Chi-Yu, L50|\n|poke|p2|Annihilape, L50, M|\n|poke|p2|Dragonite, L50, M|\n|poke|p2|Amoonguss, L50, M|\n|poke|p2|Iron Bundle, L50|\n|poke|p2|Maushold-Four, L50|\n|teampreview|4\nSutadasuto has agreed to open team sheets.\n|inactive|Battle timer is ON: inactive players will automatically lose when time's up. (requested by Gabomedinaz)\n|\n|t:|1683606316\n|start\n|switch|p1a: Glimmora|Glimmora, L50, M, shiny|100\/100\n|switch|p1b: Garganacl|Garganacl, L50, M, shiny|100\/100\n|switch|p2a: Chi-Yu|Chi-Yu, L50|100\/100\n|switch|p2b: Iron Bundle|Iron Bundle, L50|100\/100\n|-ability|p2a: Chi-Yu|Beads of Ruin\n|-enditem|p2b: Iron Bundle|Booster Energy\n|-activate|p2b: Iron Bundle|ability: Quark Drive|[fromitem]\n|-start|p2b: Iron Bundle|quarkdrivespe\n|turn|1\n|inactive|Sutadasuto has 30 seconds left.\n|inactive|Sutadasuto has 20 seconds left.\n|\n|t:|1683606351\n|-terastallize|p1b: Garganacl|Water\n|move|p2b: Iron Bundle|Protect|p2b: Iron Bundle\n|-singleturn|p2b: Iron Bundle|Protect\n|move|p2a: Chi-Yu|Protect|p2a: Chi-Yu\n|-singleturn|p2a: Chi-Yu|Protect\n|move|p1a: Glimmora|Power Gem|p2b: Iron Bundle\n|-activate|p2b: Iron Bundle|move: Protect\n|move|p1b: Garganacl|Salt Cure|p2a: Chi-Yu\n|-activate|p2a: Chi-Yu|move: Protect\n|\n|upkeep\n|turn|2\n|inactive|Gabomedinaz has 30 seconds left.\n|inactive|Gabomedinaz has 20 seconds left.\n|\n|t:|1683606388\n|move|p1b: Garganacl|Protect|p1b: Garganacl\n|-singleturn|p1b: Garganacl|Protect\n|move|p2b: Iron Bundle|Freeze-Dry|p1b: Garganacl\n|-activate|p1b: Garganacl|move: Protect\n|move|p2a: Chi-Yu|Dark Pulse|p1a: Glimmora\n|-damage|p1a: Glimmora|51\/100\n|move|p1a: Glimmora|Power Gem|p2b: Iron Bundle\n|-supereffective|p2b: Iron Bundle\n|-damage|p2b: Iron Bundle|0 fnt\n|faint|p2b: Iron Bundle\n|-end|p2b: Iron Bundle|Quark Drive|[silent]\n|\n|upkeep\n|\n|t:|1683606400\n|switch|p2b: Annihilape|Annihilape, L50, M|100\/100\n|turn|3\n|\n|t:|1683606411\n|move|p2a: Chi-Yu|Dark Pulse|p1b: Garganacl\n|-damage|p1b: Garganacl|67\/100\n|move|p2b: Annihilape|Bulk Up|p2b: Annihilape\n|-boost|p2b: Annihilape|atk|1\n|-boost|p2b: Annihilape|def|1\n|move|p1a: Glimmora|Mortal Spin|p2b: Annihilape|[spread] p2a,p2b\n|-resisted|p2b: Annihilape\n|-damage|p2a: Chi-Yu|96\/100\n|-damage|p2b: Annihilape|99\/100\n|-status|p2a: Chi-Yu|psn\n|-status|p2b: Annihilape|psn\n|-enditem|p2b: Annihilape|Lum Berry|[eat]\n|-curestatus|p2b: Annihilape|psn|[msg]\n|move|p1b: Garganacl|Salt Cure|p2b: Annihilape\n|-resisted|p2b: Annihilape\n|-damage|p2b: Annihilape|95\/100\n|-start|p2b: Annihilape|Salt Cure\n|\n|-damage|p2a: Chi-Yu|84\/100 psn|[from] psn\n|-damage|p2b: Annihilape|83\/100|[from] Salt Cure\n|upkeep\n|turn|4\n|inactive|Sutadasuto has 30 seconds left.\n|inactive|Gabomedinaz has 30 seconds left.\n|inactive|Gabomedinaz has 20 seconds left.\n|inactive|Gabomedinaz has 15 seconds left.\n|\n|t:|1683606455\n|move|p1a: Glimmora|Spiky Shield|p1a: Glimmora\n|-singleturn|p1a: Glimmora|move: Protect\n|move|p2a: Chi-Yu|Dark Pulse|p1a: Glimmora\n|-activate|p1a: Glimmora|move: Protect\n|move|p2b: Annihilape|Drain Punch|p1a: Glimmora\n|-activate|p1a: Glimmora|move: Protect\n|-damage|p2b: Annihilape|71\/100|[from] Spiky Shield|[of] p1a: Glimmora\n|move|p1b: Garganacl|Recover|p1b: Garganacl\n|-heal|p1b: Garganacl|100\/100\n|\n|-damage|p2a: Chi-Yu|72\/100 psn|[from] psn\n|-damage|p2b: Annihilape|59\/100|[from] Salt Cure\n|upkeep\n|turn|5\n|inactive|Sutadasuto has 30 seconds left.\n|\n|t:|1683606484\n|move|p2a: Chi-Yu|Dark Pulse|p1a: Glimmora\n|-damage|p1a: Glimmora|0 fnt\n|faint|p1a: Glimmora\n|move|p2b: Annihilape|Drain Punch|p1b: Garganacl\n|-damage|p1b: Garganacl|62\/100\n|-heal|p2b: Annihilape|80\/100|[from] drain|[of] p1b: Garganacl\n|-damage|p2b: Annihilape|64\/100|[from] item: Rocky Helmet|[of] p1b: Garganacl\n|move|p1b: Garganacl|Body Press|p2a: Chi-Yu\n|-supereffective|p2a: Chi-Yu\n|-damage|p2a: Chi-Yu|20\/100 psn\n|\n|-damage|p2a: Chi-Yu|8\/100 psn|[from] psn\n|-damage|p2b: Annihilape|52\/100|[from] Salt Cure\n|upkeep\n|\n|t:|1683606499\n|switch|p1a: Iron Hands|Iron Hands, L50|100\/100\n|turn|6\n|\n|t:|1683606510\n|move|p2b: Annihilape|Protect|p2b: Annihilape\n|-singleturn|p2b: Annihilape|Protect\n|move|p1a: Iron Hands|Fake Out|p2a: Chi-Yu\n|-damage|p2a: Chi-Yu|0 fnt\n|faint|p2a: Chi-Yu\n|move|p1b: Garganacl|Recover|p1b: Garganacl\n|-heal|p1b: Garganacl|100\/100\n|\n|-damage|p2b: Annihilape|40\/100|[from] Salt Cure\n|upkeep\n|\n|t:|1683606520\n|switch|p2a: Amoonguss|Amoonguss, L50, M|100\/100\n|turn|7\n|\n|t:|1683606537\n|move|p1b: Garganacl|Protect|p1b: Garganacl\n|-singleturn|p1b: Garganacl|Protect\n|move|p2b: Annihilape|Drain Punch|p1a: Iron Hands\n|-damage|p1a: Iron Hands|70\/100\n|-heal|p2b: Annihilape|58\/100|[from] drain|[of] p1a: Iron Hands\n|move|p1a: Iron Hands|Volt Switch|p2b: Annihilape\n|-damage|p2b: Annihilape|47\/100\n|\n|t:|1683606547\n|-end|p1a: Iron Hands|Quark Drive|[silent]\n|switch|p1a: Gyarados|Gyarados, L50, M, shiny|100\/100|[from] Volt Switch\n|-ability|p1a: Gyarados|Intimidate|boost\n|-unboost|p2a: Amoonguss|atk|1\n|-unboost|p2b: Annihilape|atk|1\n|-ability|p2b: Annihilape|Defiant|boost\n|-boost|p2b: Annihilape|atk|2\n|move|p2a: Amoonguss|Pollen Puff|p2b: Annihilape\n|-heal|p2b: Annihilape|97\/100\n|\n|-damage|p2b: Annihilape|85\/100|[from] Salt Cure\n|upkeep\n|turn|8\n|inactive|Gabomedinaz has 30 seconds left.\n|\n|t:|1683606574\n|move|p2a: Amoonguss|Rage Powder|p2a: Amoonguss\n|-singleturn|p2a: Amoonguss|move: Rage Powder\n|move|p1a: Gyarados|Waterfall|p2b: Annihilape\n|-damage|p2b: Annihilape|61\/100\n|move|p2b: Annihilape|Rage Fist|p1b: Garganacl\n|-damage|p1b: Garganacl|25\/100\n|-damage|p2b: Annihilape|44\/100|[from] item: Rocky Helmet|[of] p1b: Garganacl\n|move|p1b: Garganacl|Salt Cure|p2a: Amoonguss\n|-damage|p2a: Amoonguss|89\/100\n|-start|p2a: Amoonguss|Salt Cure\n|\n|-damage|p2b: Annihilape|32\/100|[from] Salt Cure\n|-damage|p2a: Amoonguss|77\/100|[from] Salt Cure\n|upkeep\n|turn|9\n|inactive|Sutadasuto has 30 seconds left.\n|inactive|Sutadasuto has 20 seconds left.\n|inactive|Gabomedinaz has 30 seconds left.\n|\n|t:|1683606614\n|move|p1a: Gyarados|Waterfall|p2b: Annihilape\n|-damage|p2b: Annihilape|10\/100\n|cant|p2b: Annihilape|flinch\n|move|p1b: Garganacl|Recover|p1b: Garganacl\n|-heal|p1b: Garganacl|75\/100\n|move|p2a: Amoonguss|Pollen Puff|p2b: Annihilape\n|-heal|p2b: Annihilape|60\/100\n|\n|-damage|p2b: Annihilape|48\/100|[from] Salt Cure\n|-damage|p2a: Amoonguss|65\/100|[from] Salt Cure\n|upkeep\n|turn|10\n|inactive|Sutadasuto has 30 seconds left.\n|\n|t:|1683606640\n|switch|p1b: Iron Hands|Iron Hands, L50|70\/100\n|move|p1a: Gyarados|Waterfall|p2b: Annihilape\n|-damage|p2b: Annihilape|27\/100\n|move|p2b: Annihilape|Rage Fist|p1a: Gyarados\n|-damage|p1a: Gyarados|0 fnt\n|faint|p1a: Gyarados\n|move|p2a: Amoonguss|Pollen Puff|p2b: Annihilape\n|-heal|p2b: Annihilape|76\/100\n|\n|-damage|p2b: Annihilape|64\/100|[from] Salt Cure\n|-damage|p2a: Amoonguss|52\/100|[from] Salt Cure\n|upkeep\n|\n|t:|1683606654\n|switch|p1a: Garganacl|Garganacl, L50, M, shiny, tera:Water|75\/100\n|turn|11\n|inactive|Gabomedinaz has 30 seconds left.\n|\n|t:|1683606681\n|move|p1b: Iron Hands|Fake Out|p2a: Amoonguss\n|-damage|p2a: Amoonguss|40\/100\n|-enditem|p2a: Amoonguss|Sitrus Berry|[eat]\n|-heal|p2a: Amoonguss|65\/100|[from] item: Sitrus Berry\n|move|p2b: Annihilape|Drain Punch|p1b: Iron Hands\n|-damage|p1b: Iron Hands|35\/100\n|-heal|p2b: Annihilape|86\/100|[from] drain|[of] p1b: Iron Hands\n|move|p1a: Garganacl|Salt Cure|p2a: Amoonguss\n|-damage|p2a: Amoonguss|53\/100\n|cant|p2a: Amoonguss|flinch\n|\n|-damage|p2b: Annihilape|74\/100|[from] Salt Cure\n|-damage|p2a: Amoonguss|40\/100|[from] Salt Cure\n|upkeep\n|turn|12\n|inactive|Sutadasuto has 30 seconds left.\n|inactive|Sutadasuto has 20 seconds left.\n|inactive|Sutadasuto has 15 seconds left.\n|inactive|Sutadasuto has 10 seconds left.\n|\n|t:|1683606728\n|move|p2b: Annihilape|Rage Fist|p1b: Iron Hands\n|-damage|p1b: Iron Hands|0 fnt\n|faint|p1b: Iron Hands\n|-end|p1b: Iron Hands|Quark Drive|[silent]\n|move|p1a: Garganacl|Salt Cure|p2b: Annihilape\n|-resisted|p2b: Annihilape\n|-damage|p2b: Annihilape|70\/100\n|move|p2a: Amoonguss|Pollen Puff|p2b: Annihilape\n|-heal|p2b: Annihilape|100\/100\n|\n|-damage|p2b: Annihilape|88\/100|[from] Salt Cure\n|-damage|p2a: Amoonguss|28\/100|[from] Salt Cure\n|upkeep\n|turn|13\n|\n|t:|1683606750\n|move|p2b: Annihilape|Rage Fist|p1a: Garganacl\n|-damage|p1a: Garganacl|0 fnt\n|-damage|p2b: Annihilape|72\/100|[from] item: Rocky Helmet|[of] p1a: Garganacl\n|faint|p1a: Garganacl\n|\n|win|Gabomedinaz\n|raw|Sutadasuto's rating: 1368 → 1347<\/strong> (-21 for losing)\n|raw|Gabomedinaz's rating: 1348 → 1369<\/strong> (+21 for winning)\n|c|\u2606Gabomedinaz|go do that nasty game to another\n|c|\u2606Sutadasuto|gg\n|l|\u2606Sutadasuto\n","uploadtime":1683606904,"views":9,"p1id":"sutadasuto","p2id":"gabomedinaz","formatid":"gen9vgc2023regulationc","rating":1347,"private":0,"password":""}