{"id":"gen9vgc2023regulationc-1862175875","p1":"finiro","p2":"pikallo1995","format":"[Gen 9] VGC 2023 Regulation C","log":"|j|\u2606finiro\n|j|\u2606pikallo1995\n|t:|1683845532\n|gametype|doubles\n|player|p1|finiro|gambler|\n|player|p2|pikallo1995|benga|\n|teamsize|p1|6\n|teamsize|p2|6\n|gen|9\n|tier|[Gen 9] VGC 2023 Regulation C\n|rule|Species Clause: Limit one of each Pok\u00e9mon\n|rule|Item Clause: Limit one of each item\n|clearpoke\n|poke|p1|Lurantis, L50, F|\n|poke|p1|Iron Bundle, L50|\n|poke|p1|Arcanine, L50, F|\n|poke|p1|Klefki, L50, M|\n|poke|p1|Scizor, L50, M|\n|poke|p1|Kingambit, L50, M|\n|poke|p2|Gastrodon, L50, F|\n|poke|p2|Lucario, L50, F|\n|poke|p2|Magnezone, L50|\n|poke|p2|Azumarill, L50, F|\n|poke|p2|Clodsire, L50, F|\n|poke|p2|Chien-Pao, L50|\n|teampreview|4\n|inactive|Battle timer is ON: inactive players will automatically lose when time's up. (requested by pikallo1995)\n|inactive|finiro has 60 seconds left.\n|inactive|pikallo1995 has 60 seconds left.\n|inactiveoff|Battle timer is now OFF.\n|c|\u2606finiro|G2\n|\n|t:|1683846057\n|start\n|switch|p1a: Arcanine|Arcanine, L50, F|100\/100\n|switch|p1b: Klefki|Klefki, L50, M|100\/100\n|switch|p2a: Gastrodon|Gastrodon, L50, F, shiny|100\/100\n|switch|p2b: Clodsire|Clodsire, L50, F, shiny|100\/100\n|-ability|p1a: Arcanine|Intimidate|boost\n|-unboost|p2a: Gastrodon|atk|1\n|-unboost|p2b: Clodsire|atk|1\n|-item|p2b: Clodsire|Air Balloon\n|turn|1\n|\n|t:|1683846110\n|switch|p1b: Lurantis|Lurantis, L50, F|100\/100\n|move|p1a: Arcanine|Protect|p1a: Arcanine\n|-singleturn|p1a: Arcanine|Protect\n|move|p2a: Gastrodon|Protect|p2a: Gastrodon\n|-singleturn|p2a: Gastrodon|Protect\n|move|p2b: Clodsire|Gunk Shot|p1a: Arcanine\n|-activate|p1a: Arcanine|move: Protect\n|\n|upkeep\n|turn|2\n|\n|t:|1683846157\n|switch|p2a: Azumarill|Azumarill, L50, F, shiny|100\/100\n|move|p1a: Arcanine|Will-O-Wisp|p2a: Azumarill\n|-status|p2a: Azumarill|brn\n|move|p1b: Lurantis|Leaf Storm|p2a: Azumarill\n|-supereffective|p2a: Azumarill\n|-damage|p2a: Azumarill|22\/100 brn\n|-boost|p1b: Lurantis|spa|2\n|move|p2b: Clodsire|Gunk Shot|p1b: Lurantis\n|-supereffective|p1b: Lurantis\n|-damage|p1b: Lurantis|55\/100\n|-status|p1b: Lurantis|psn\n|\n|-damage|p1b: Lurantis|43\/100 psn|[from] psn\n|-damage|p2a: Azumarill|16\/100 brn|[from] brn\n|upkeep\n|turn|3\n|\n|t:|1683846186\n|move|p2b: Clodsire|Protect|p2b: Clodsire\n|-singleturn|p2b: Clodsire|Protect\n|move|p2a: Azumarill|Aqua Jet|p1a: Arcanine\n|-supereffective|p1a: Arcanine\n|-damage|p1a: Arcanine|62\/100\n|move|p1a: Arcanine|Tera Blast|p2a: Azumarill\n|-damage|p2a: Azumarill|0 fnt\n|faint|p2a: Azumarill\n|move|p1b: Lurantis|Leaf Storm|p2b: Clodsire\n|-activate|p2b: Clodsire|move: Protect\n|\n|-heal|p1a: Arcanine|69\/100|[from] item: Leftovers\n|-damage|p1b: Lurantis|30\/100 psn|[from] psn\n|upkeep\n|\n|t:|1683846203\n|switch|p2a: Magnezone|Magnezone, L50, shiny|100\/100\n|turn|4\n|\n|t:|1683846230\n|-terastallize|p2a: Magnezone|Fire\n|move|p1a: Arcanine|Close Combat|p2a: Magnezone\n|-damage|p2a: Magnezone|75\/100\n|-unboost|p1a: Arcanine|def|1\n|-unboost|p1a: Arcanine|spd|1\n|move|p2a: Magnezone|Volt Switch|p1a: Arcanine\n|-damage|p1a: Arcanine|4\/100\n|\n|t:|1683846238\n|switch|p2a: Gastrodon|Gastrodon, L50, F, shiny|100\/100|[from] Volt Switch\n|move|p1b: Lurantis|Leaf Storm|p2b: Clodsire\n|-damage|p2b: Clodsire|65\/100\n|-boost|p1b: Lurantis|spa|2\n|-enditem|p2b: Clodsire|Air Balloon\n|move|p2b: Clodsire|Gunk Shot|p1b: Lurantis\n|-supereffective|p1b: Lurantis\n|-damage|p1b: Lurantis|0 fnt\n|faint|p1b: Lurantis\n|\n|-heal|p1a: Arcanine|10\/100|[from] item: Leftovers\n|upkeep\n|\n|t:|1683846253\n|switch|p1b: Iron Bundle|Iron Bundle, L50|100\/100\n|-enditem|p1b: Iron Bundle|Booster Energy\n|-activate|p1b: Iron Bundle|ability: Quark Drive|[fromitem]\n|-start|p1b: Iron Bundle|quarkdrivespe\n|turn|5\n|\n|t:|1683846277\n|move|p1a: Arcanine|Protect|p1a: Arcanine\n|-singleturn|p1a: Arcanine|Protect\n|move|p2a: Gastrodon|Protect|p2a: Gastrodon\n|-singleturn|p2a: Gastrodon|Protect\n|move|p1b: Iron Bundle|Hydro Pump|p2a: Gastrodon\n|-activate|p2a: Gastrodon|ability: Storm Drain\n|-activate|p2a: Gastrodon|move: Protect\n|move|p2b: Clodsire|Earthquake|p1b: Iron Bundle|[spread] p1b\n|-activate|p2a: Gastrodon|move: Protect\n|-activate|p1a: Arcanine|move: Protect\n|-damage|p1b: Iron Bundle|84\/100\n|\n|-heal|p1a: Arcanine|16\/100|[from] item: Leftovers\n|upkeep\n|turn|6\n|\n|t:|1683846317\n|switch|p1a: Klefki|Klefki, L50, M|100\/100\n|move|p1b: Iron Bundle|Hydro Pump|p2a: Gastrodon\n|-activate|p2a: Gastrodon|ability: Storm Drain\n|-ability|p2a: Gastrodon|Storm Drain|boost\n|-boost|p2a: Gastrodon|spa|1\n|move|p2a: Gastrodon|Muddy Water|p1b: Iron Bundle|[spread] p1a\n|-miss|p2a: Gastrodon|p1b: Iron Bundle\n|-damage|p1a: Klefki|47\/100\n|move|p2b: Clodsire|Gunk Shot|p1b: Iron Bundle\n|-damage|p1b: Iron Bundle|56\/100\n|-status|p1b: Iron Bundle|psn\n|\n|-damage|p1b: Iron Bundle|44\/100 psn|[from] psn\n|upkeep\n|turn|7\n|\n|t:|1683846343\n|move|p2b: Clodsire|Protect|p2b: Clodsire\n|-singleturn|p2b: Clodsire|Protect\n|move|p1b: Iron Bundle|Freeze-Dry|p2a: Gastrodon\n|-supereffective|p2a: Gastrodon\n|-damage|p2a: Gastrodon|0 fnt\n|faint|p2a: Gastrodon\n|move|p1a: Klefki|Dazzling Gleam|p2b: Clodsire\n|-activate|p2b: Clodsire|move: Protect\n|\n|-damage|p1b: Iron Bundle|32\/100 psn|[from] psn\n|upkeep\n|\n|t:|1683846353\n|switch|p2a: Magnezone|Magnezone, L50, shiny, tera:Fire|75\/100\n|turn|8\n|\n|t:|1683846387\n|move|p1b: Iron Bundle|Hydro Pump|p2a: Magnezone\n|-supereffective|p2a: Magnezone\n|-damage|p2a: Magnezone|0 fnt\n|faint|p2a: Magnezone\n|move|p1a: Klefki|Dazzling Gleam|p2b: Clodsire\n|-resisted|p2b: Clodsire\n|-damage|p2b: Clodsire|53\/100\n|move|p2b: Clodsire|Gunk Shot|p1b: Iron Bundle\n|-damage|p1b: Iron Bundle|1\/100 psn\n|\n|-damage|p1b: Iron Bundle|0 fnt|[from] psn\n|faint|p1b: Iron Bundle\n|-end|p1b: Iron Bundle|Quark Drive|[silent]\n|upkeep\n|\n|t:|1683846398\n|switch|p1b: Arcanine|Arcanine, L50, F|16\/100\n|-ability|p1b: Arcanine|Intimidate|boost\n|-unboost|p2b: Clodsire|atk|1\n|turn|9\n|\n|t:|1683846414\n|-terastallize|p1a: Klefki|Flying\n|move|p1b: Arcanine|Protect|p1b: Arcanine\n|-singleturn|p1b: Arcanine|Protect\n|move|p2b: Clodsire|Protect|p2b: Clodsire\n|-singleturn|p2b: Clodsire|Protect\n|move|p1a: Klefki|Dazzling Gleam|p2b: Clodsire\n|-activate|p2b: Clodsire|move: Protect\n|\n|-heal|p1b: Arcanine|22\/100|[from] item: Leftovers\n|upkeep\n|turn|10\n|\n|t:|1683846426\n|move|p1b: Arcanine|Will-O-Wisp|p2b: Clodsire\n|-status|p2b: Clodsire|brn\n|move|p1a: Klefki|Dazzling Gleam|p2b: Clodsire\n|-resisted|p2b: Clodsire\n|-damage|p2b: Clodsire|42\/100 brn\n|move|p2b: Clodsire|Earthquake|p1b: Arcanine|[spread] p1b\n|-immune|p1a: Klefki\n|-supereffective|p1b: Arcanine\n|-damage|p1b: Arcanine|11\/100\n|\n|-heal|p1b: Arcanine|17\/100|[from] item: Leftovers\n|-damage|p2b: Clodsire|36\/100 brn|[from] brn\n|upkeep\n|turn|11\n|\n|t:|1683846450\n|move|p1b: Arcanine|Protect|p1b: Arcanine\n|-singleturn|p1b: Arcanine|Protect\n|move|p1a: Klefki|Dazzling Gleam|p2b: Clodsire\n|-resisted|p2b: Clodsire\n|-damage|p2b: Clodsire|23\/100 brn\n|move|p2b: Clodsire|Gunk Shot|p1b: Arcanine\n|-activate|p1b: Arcanine|move: Protect\n|\n|-heal|p1b: Arcanine|23\/100|[from] item: Leftovers\n|-damage|p2b: Clodsire|17\/100 brn|[from] brn\n|upkeep\n|turn|12\n|\n|t:|1683846468\n|move|p1b: Arcanine|Close Combat|p2b: Clodsire\n|-resisted|p2b: Clodsire\n|-damage|p2b: Clodsire|0 fnt\n|-unboost|p1b: Arcanine|def|1\n|-unboost|p1b: Arcanine|spd|1\n|faint|p2b: Clodsire\n|\n|win|finiro\n|c|\u2606pikallo1995|GG\n|c|\u2606finiro|GG\n","uploadtime":1683846523,"views":15,"p1id":"finiro","p2id":"pikallo1995","formatid":"gen9vgc2023regulationc","rating":0,"private":0,"password":""}