{"id":"gen9vgc2023regulationc-1861311872","p1":"wackomarko","p2":"Atlasshrugged_00","format":"[Gen 9] VGC 2023 Regulation C","log":"|j|\u2606wackomarko\n|j|\u2606Atlasshrugged_00\n|t:|1683744822\n|gametype|doubles\n|player|p1|wackomarko|hiker-gen4|1157\n|player|p2|Atlasshrugged_00|colress|1093\n|teamsize|p1|6\n|teamsize|p2|6\n|gen|9\n|tier|[Gen 9] VGC 2023 Regulation C\n|rated|\n|rule|Species Clause: Limit one of each Pok\u00e9mon\n|rule|Item Clause: Limit one of each item\n|clearpoke\n|poke|p1|Talonflame, L50, M|\n|poke|p1|Amoonguss, L50, F|\n|poke|p1|Flutter Mane, L50|\n|poke|p1|Chien-Pao, L50|\n|poke|p1|Gyarados, L50, M|\n|poke|p1|Dragapult, L50, F|\n|poke|p2|Dondozo, L50, M|\n|poke|p2|Tatsugiri, L50, M|\n|poke|p2|Cyclizar, L50, M|\n|poke|p2|Tauros-Paldea-Blaze, L50, M|\n|poke|p2|Chi-Yu, L50|\n|poke|p2|Flutter Mane, L50|\n|teampreview|4\nwackomarko has agreed to open team sheets.\n|\n|t:|1683744883\n|start\n|switch|p1a: Talonflame|Talonflame, L50, M, shiny|100\/100\n|switch|p1b: Amoonguss|Amoonguss, L50, F|100\/100\n|switch|p2a: Tauros|Tauros-Paldea-Blaze, L50, M|100\/100\n|switch|p2b: Cyclizar|Cyclizar, L50, M|100\/100\n|-ability|p2a: Tauros|Intimidate|boost\n|-unboost|p1a: Talonflame|atk|1\n|-unboost|p1b: Amoonguss|atk|1\n|turn|1\n|\n|t:|1683744908\n|-terastallize|p1b: Amoonguss|Water\n|move|p2a: Tauros|Protect|p2a: Tauros\n|-singleturn|p2a: Tauros|Protect\n|move|p1a: Talonflame|Tailwind|p1a: Talonflame\n|-sidestart|p1: wackomarko|move: Tailwind\n|move|p2b: Cyclizar|Shed Tail|p2b: Cyclizar\n|-start|p2b: Cyclizar|Substitute|[from] move: Shed Tail\n|-damage|p2b: Cyclizar|50\/100\n|\n|t:|1683744927\n|switch|p2b: Chi-Yu|Chi-Yu, L50|100\/100|[from] Shed Tail\n|-ability|p2b: Chi-Yu|Beads of Ruin\n|move|p1b: Amoonguss|Spore|p2a: Tauros\n|-activate|p2a: Tauros|move: Protect\n|\n|upkeep\n|turn|2\n|\n|t:|1683744971\n|switch|p1a: Dragapult|Dragapult, L50, F, shiny|100\/100\n|move|p2b: Chi-Yu|Dark Pulse|p1a: Dragapult\n|-supereffective|p1a: Dragapult\n|-damage|p1a: Dragapult|0 fnt\n|faint|p1a: Dragapult\n|move|p2a: Tauros|Close Combat|p1b: Amoonguss\n|-damage|p1b: Amoonguss|33\/100\n|-unboost|p2a: Tauros|def|1\n|-unboost|p2a: Tauros|spd|1\n|-enditem|p1b: Amoonguss|Sitrus Berry|[eat]\n|-heal|p1b: Amoonguss|58\/100|[from] item: Sitrus Berry\n|-damage|p2a: Tauros|90\/100|[from] item: Life Orb\n|move|p1b: Amoonguss|Spore|p2a: Tauros\n|-status|p2a: Tauros|slp|[from] move: Spore\n|\n|upkeep\n|\n|t:|1683744989\n|switch|p1a: Chien-Pao|Chien-Pao, L50|100\/100\n|-ability|p1a: Chien-Pao|Sword of Ruin\n|turn|3\n|\n|t:|1683745009\n|cant|p2a: Tauros|slp\n|move|p1b: Amoonguss|Rage Powder|p1b: Amoonguss\n|-singleturn|p1b: Amoonguss|move: Rage Powder\n|move|p1a: Chien-Pao|Sucker Punch||[still]\n|-fail|p1a: Chien-Pao\n|move|p2b: Chi-Yu|Dark Pulse|p1b: Amoonguss\n|-damage|p1b: Amoonguss|0 fnt\n|faint|p1b: Amoonguss\n|\n|upkeep\n|\n|t:|1683745019\n|switch|p1b: Talonflame|Talonflame, L50, M, shiny|100\/100\n|turn|4\n|\n|t:|1683745032\n|switch|p2a: Cyclizar|Cyclizar, L50, M|84\/100\n|move|p1b: Talonflame|Brave Bird|p2b: Chi-Yu\n|-end|p2b: Chi-Yu|Substitute\n|-damage|p1b: Talonflame|92\/100|[from] Recoil|[of] p2b: Chi-Yu\n|move|p1a: Chien-Pao|Ice Spinner|p2b: Chi-Yu\n|-resisted|p2b: Chi-Yu\n|-damage|p2b: Chi-Yu|55\/100\n|move|p2b: Chi-Yu|Dark Pulse|p1b: Talonflame\n|-damage|p1b: Talonflame|0 fnt\n|faint|p1b: Talonflame\n|\n|-sideend|p1: wackomarko|move: Tailwind\n|upkeep\n|turn|5\n|\n|t:|1683745056\n|-terastallize|p2a: Cyclizar|Steel\n|move|p1a: Chien-Pao|Ice Spinner|p2a: Cyclizar\n|-resisted|p2a: Cyclizar\n|-damage|p2a: Cyclizar|46\/100\n|move|p2a: Cyclizar|Breaking Swipe|p1a: Chien-Pao\n|-damage|p1a: Chien-Pao|71\/100\n|-unboost|p1a: Chien-Pao|atk|1\n|move|p2b: Chi-Yu|Dark Pulse|p1a: Chien-Pao\n|-resisted|p1a: Chien-Pao\n|-damage|p1a: Chien-Pao|0 fnt\n|faint|p1a: Chien-Pao\n|\n|win|Atlasshrugged_00\n|raw|wackomarko's rating: 1157 → 1127<\/strong> (-30 for losing)\n|raw|Atlasshrugged_00's rating: 1093 → 1124<\/strong> (+31 for winning)\n|c|\u2606Atlasshrugged_00|gg\n|l|\u2606Atlasshrugged_00\n","uploadtime":1683745077,"views":9,"p1id":"wackomarko","p2id":"atlasshrugged00","formatid":"gen9vgc2023regulationc","rating":1124,"private":0,"password":""}