{"id":"gen9vgc2023regulationc-1854171846","p1":"Sbradyb","p2":"Fastjon4444","format":"[Gen 9] VGC 2023 Regulation C","log":"|j|\u2606Sbradyb\n|j|\u2606Fastjon4444\n|t:|1682779490\n|gametype|doubles\n|player|p1|Sbradyb|2|1403\n|player|p2|Fastjon4444|hilbert|1426\n|teamsize|p1|6\n|teamsize|p2|6\n|gen|9\n|tier|[Gen 9] VGC 2023 Regulation C\n|rated|\n|rule|Species Clause: Limit one of each Pok\u00e9mon\n|rule|Item Clause: Limit one of each item\n|clearpoke\n|poke|p1|Grimmsnarl, L50, M|\n|poke|p1|Maushold, L50|\n|poke|p1|Annihilape, L50, M|\n|poke|p1|Gholdengo, L50|\n|poke|p1|Flutter Mane, L50|\n|poke|p1|Chi-Yu, L50|\n|poke|p2|Chi-Yu, L50|\n|poke|p2|Iron Bundle, L50|\n|poke|p2|Flutter Mane, L50|\n|poke|p2|Arcanine, L50, F|\n|poke|p2|Great Tusk, L50|\n|poke|p2|Amoonguss, L50, F|\n|teampreview|4\n|inactive|Battle timer is ON: inactive players will automatically lose when time's up. (requested by Sbradyb)\nFastjon4444 has agreed to open team sheets.\nSbradyb has agreed to open team sheets.\n|inactive|Sbradyb has 60 seconds left.\n|inactive|Fastjon4444 has 60 seconds left.\n|\n|t:|1682779530\n|start\n|switch|p1a: Grimmsnarl|Grimmsnarl, L50, M, shiny|100\/100\n|switch|p1b: Maushold|Maushold, L50|100\/100\n|switch|p2a: Flutter Mane|Flutter Mane, L50|100\/100\n|switch|p2b: Amoonguss|Amoonguss, L50, F|100\/100\n|-enditem|p2a: Flutter Mane|Booster Energy\n|-activate|p2a: Flutter Mane|ability: Protosynthesis|[fromitem]\n|-start|p2a: Flutter Mane|protosynthesisspe\n|turn|1\n|j| Judang\n|inactive|Sbradyb has 30 seconds left.\n|inactive|Fastjon4444 has 30 seconds left.\n|\n|t:|1682779563\n|switch|p2b: Great Tusk|Great Tusk, L50|100\/100\n|move|p1b: Maushold|Follow Me|p1b: Maushold\n|-singleturn|p1b: Maushold|move: Follow Me\n|move|p2a: Flutter Mane|Substitute|p2a: Flutter Mane\n|-start|p2a: Flutter Mane|Substitute\n|-damage|p2a: Flutter Mane|76\/100\n|move|p1a: Grimmsnarl|Spirit Break|p2a: Flutter Mane\n|-end|p2a: Flutter Mane|Substitute\n|\n|upkeep\n|turn|2\n|inactive|Sbradyb has 30 seconds left.\n|inactive|Fastjon4444 has 30 seconds left.\n|inactive|Fastjon4444 has 20 seconds left.\n|\n|t:|1682779598\n|move|p2a: Flutter Mane|Protect|p2a: Flutter Mane\n|-singleturn|p2a: Flutter Mane|Protect\n|move|p1b: Maushold|Protect|p1b: Maushold\n|-singleturn|p1b: Maushold|Protect\n|move|p1a: Grimmsnarl|Light Screen|p1a: Grimmsnarl\n|-sidestart|p1: Sbradyb|move: Light Screen\n|move|p2b: Great Tusk|Close Combat|p1b: Maushold\n|-activate|p1b: Maushold|move: Protect\n|\n|upkeep\n|turn|3\n|inactive|Sbradyb has 30 seconds left.\n|inactive|Fastjon4444 has 30 seconds left.\n|inactive|Sbradyb has 20 seconds left.\n|inactive|Sbradyb has 15 seconds left.\n|inactive|Sbradyb has 10 seconds left.\n|\n|t:|1682779645\n|move|p1a: Grimmsnarl|Parting Shot|p2a: Flutter Mane\n|-unboost|p2a: Flutter Mane|atk|1\n|-unboost|p2a: Flutter Mane|spa|1\n|\n|t:|1682779648\n|switch|p1a: Flutter Mane|Flutter Mane, L50|100\/100|[from] Parting Shot\n|-enditem|p1a: Flutter Mane|Booster Energy\n|-activate|p1a: Flutter Mane|ability: Protosynthesis|[fromitem]\n|-start|p1a: Flutter Mane|protosynthesisspe\n|move|p2a: Flutter Mane|Moonblast|p1a: Flutter Mane\n|-damage|p1a: Flutter Mane|84\/100\n|move|p2b: Great Tusk|Headlong Rush|p1a: Flutter Mane\n|-damage|p1a: Flutter Mane|0 fnt\n|-unboost|p2b: Great Tusk|def|1\n|-unboost|p2b: Great Tusk|spd|1\n|faint|p1a: Flutter Mane\n|-end|p1a: Flutter Mane|Protosynthesis|[silent]\n|move|p1b: Maushold|Beat Up|p1: Flutter Mane|[notarget]\n|-fail|p1b: Maushold\n|\n|upkeep\n|\n|t:|1682779661\n|switch|p1a: Annihilape|Annihilape, L50, M, shiny|100\/100\n|turn|4\n|inactive|Fastjon4444 has 30 seconds left.\n|inactive|Fastjon4444 has 20 seconds left.\n|inactive|Fastjon4444 has 15 seconds left.\n|inactive|Fastjon4444 has 10 seconds left.\n|\n|t:|1682779709\n|-end|p2a: Flutter Mane|Protosynthesis|[silent]\n|switch|p2a: Chi-Yu|Chi-Yu, L50|100\/100\n|-ability|p2a: Chi-Yu|Beads of Ruin\n|move|p1a: Annihilape|Rage Fist|p2b: Great Tusk\n|-damage|p2b: Great Tusk|80\/100\n|move|p2b: Great Tusk|Close Combat|p1b: Maushold\n|-supereffective|p1b: Maushold\n|-damage|p1b: Maushold|0 fnt\n|-unboost|p2b: Great Tusk|def|1\n|-unboost|p2b: Great Tusk|spd|1\n|faint|p1b: Maushold\n|\n|upkeep\n|\n|t:|1682779719\n|switch|p1b: Grimmsnarl|Grimmsnarl, L50, M, shiny|100\/100\n|turn|5\n|inactive|Sbradyb has 30 seconds left.\n|inactive|Fastjon4444 has 30 seconds left.\n|\n|t:|1682779748\n|move|p1b: Grimmsnarl|Reflect|p1b: Grimmsnarl\n|-sidestart|p1: Sbradyb|Reflect\n|move|p1a: Annihilape|Bulk Up|p1a: Annihilape\n|-boost|p1a: Annihilape|atk|1\n|-boost|p1a: Annihilape|def|1\n|move|p2a: Chi-Yu|Flamethrower|p1b: Grimmsnarl\n|-damage|p1b: Grimmsnarl|63\/100\n|move|p2b: Great Tusk|Headlong Rush|p1b: Grimmsnarl\n|-damage|p1b: Grimmsnarl|13\/100\n|-unboost|p2b: Great Tusk|def|1\n|-unboost|p2b: Great Tusk|spd|1\n|\n|upkeep\n|turn|6\n|\n|t:|1682779770\n|move|p2a: Chi-Yu|Protect|p2a: Chi-Yu\n|-singleturn|p2a: Chi-Yu|Protect\n|move|p1a: Annihilape|Drain Punch|p2a: Chi-Yu\n|-activate|p2a: Chi-Yu|move: Protect\n|move|p2b: Great Tusk|Headlong Rush|p1b: Grimmsnarl\n|-damage|p1b: Grimmsnarl|0 fnt\n|-unboost|p2b: Great Tusk|def|1\n|-unboost|p2b: Great Tusk|spd|1\n|faint|p1b: Grimmsnarl\n|\n|upkeep\n|turn|7\n|\n|t:|1682779788\n|switch|p2a: Amoonguss|Amoonguss, L50, F|100\/100\n|-end|p2b: Great Tusk|Protosynthesis|[silent]\n|switch|p2b: Flutter Mane|Flutter Mane, L50|76\/100\n|move|p1a: Annihilape|Rage Fist|p2a: Amoonguss\n|-damage|p2a: Amoonguss|78\/100\n|\n|upkeep\n|turn|8\n|\n|t:|1682779806\n|move|p2b: Flutter Mane|Protect|p2b: Flutter Mane\n|-singleturn|p2b: Flutter Mane|Protect\n|move|p1a: Annihilape|Protect|p1a: Annihilape\n|-singleturn|p1a: Annihilape|Protect\n|move|p2a: Amoonguss|Spore|p1a: Annihilape\n|-activate|p1a: Annihilape|move: Protect\n|\n|upkeep\n|turn|9\n|\n|t:|1682779820\n|move|p2b: Flutter Mane|Substitute|p2b: Flutter Mane\n|-start|p2b: Flutter Mane|Substitute\n|-damage|p2b: Flutter Mane|51\/100\n|move|p1a: Annihilape|Rage Fist|p2b: Flutter Mane\n|-supereffective|p2b: Flutter Mane\n|-end|p2b: Flutter Mane|Substitute\n|move|p2a: Amoonguss|Spore|p1a: Annihilape\n|-status|p1a: Annihilape|slp|[from] move: Spore\n|\n|-sideend|p1: Sbradyb|move: Light Screen\n|upkeep\n|turn|10\n|\n|t:|1682779834\n|-terastallize|p1a: Annihilape|Fire\n|move|p2b: Flutter Mane|Hex|p1a: Annihilape\n|-damage|p1a: Annihilape|36\/100 slp\n|-enditem|p1a: Annihilape|Sitrus Berry|[eat]\n|-heal|p1a: Annihilape|61\/100 slp|[from] item: Sitrus Berry\n|cant|p1a: Annihilape|slp\n|move|p2a: Amoonguss|Pollen Puff|p2b: Flutter Mane\n|-heal|p2b: Flutter Mane|100\/100\n|\n|upkeep\n|turn|11\n|\n|t:|1682779848\n|move|p2b: Flutter Mane|Hex|p1a: Annihilape\n|-damage|p1a: Annihilape|0 fnt\n|faint|p1a: Annihilape\n|\n|win|Fastjon4444\n|raw|Sbradyb's rating: 1403 → 1384<\/strong> (-19 for losing)\n|raw|Fastjon4444's rating: 1426 → 1445<\/strong> (+19 for winning)\n|l|\u2606Sbradyb\n","uploadtime":1682779861,"views":22,"p1id":"sbradyb","p2id":"fastjon4444","formatid":"gen9vgc2023regulationc","rating":1384,"private":0,"password":""}