{"id":"gen9vgc2023regulationc-1847440754","p1":"DreadedWard08","p2":"TrainerRYSA","format":"[Gen 9] VGC 2023 Regulation C","log":"|j|\u2606DreadedWard08\n|j|\u2606TrainerRYSA\n|t:|1681955425\n|gametype|doubles\n|player|p1|DreadedWard08|102|1109\n|player|p2|TrainerRYSA|169|1207\n|teamsize|p1|6\n|teamsize|p2|6\n|gen|9\n|tier|[Gen 9] VGC 2023 Regulation C\n|rated|\n|rule|Species Clause: Limit one of each Pok\u00e9mon\n|rule|Item Clause: Limit one of each item\n|clearpoke\n|poke|p1|Dragonite, L50, F|\n|poke|p1|Amoonguss, L50, F|\n|poke|p1|Iron Hands, L50|\n|poke|p1|Sableye, L50, F|\n|poke|p1|Scizor, L50, F|\n|poke|p1|Iron Bundle, L50|\n|poke|p2|Flutter Mane, L50|\n|poke|p2|Iron Hands, L50|\n|poke|p2|Dragonite, L50, M|\n|poke|p2|Umbreon, L50, M|\n|poke|p2|Gyarados, L50, F|\n|poke|p2|Palafin, L50, F|\n|teampreview|4\n|\n|t:|1681955460\n|start\n|switch|p1a: Iron Hands|Iron Hands, L50|100\/100\n|switch|p1b: Iron Bundle|Iron Bundle, L50|100\/100\n|switch|p2a: Gyarados|Gyarados, L50, F, shiny|100\/100\n|switch|p2b: Iron Hands|Iron Hands, L50|100\/100\n|-ability|p2a: Gyarados|Intimidate|boost\n|-unboost|p1a: Iron Hands|atk|1\n|-unboost|p1b: Iron Bundle|atk|1\n|-enditem|p1b: Iron Bundle|Booster Energy\n|-activate|p1b: Iron Bundle|ability: Quark Drive|[fromitem]\n|-start|p1b: Iron Bundle|quarkdrivespe\n|turn|1\n|\n|t:|1681955478\n|-end|p1b: Iron Bundle|Quark Drive|[silent]\n|switch|p1b: Dragonite|Dragonite, L50, F|100\/100\n|-terastallize|p2a: Gyarados|Poison\n|move|p2a: Gyarados|Dragon Dance|p2a: Gyarados\n|-boost|p2a: Gyarados|atk|1\n|-boost|p2a: Gyarados|spe|1\n|move|p2b: Iron Hands|Drain Punch|p1b: Dragonite\n|-resisted|p1b: Dragonite\n|-damage|p1b: Dragonite|90\/100\n|move|p1a: Iron Hands|Wild Charge|p2a: Gyarados\n|-damage|p2a: Gyarados|56\/100\n|-damage|p1a: Iron Hands|93\/100|[from] Recoil\n|\n|upkeep\n|turn|2\n|\n|t:|1681955506\n|switch|p1b: Scizor|Scizor, L50, F|100\/100\n|move|p2a: Gyarados|Waterfall|p1b: Scizor\n|-damage|p1b: Scizor|39\/100\n|move|p2b: Iron Hands|Wild Charge|p1b: Scizor\n|-damage|p1b: Scizor|0 fnt\n|faint|p1b: Scizor\n|-damage|p2b: Iron Hands|94\/100|[from] Recoil\n|move|p1a: Iron Hands|Volt Switch|p2a: Gyarados\n|-damage|p2a: Gyarados|42\/100\n|-enditem|p2a: Gyarados|Sitrus Berry|[eat]\n|-heal|p2a: Gyarados|66\/100|[from] item: Sitrus Berry\n|\n|t:|1681955518\n|-end|p1a: Iron Hands|Quark Drive|[silent]\n|switch|p1a: Dragonite|Dragonite, L50, F|90\/100|[from] Volt Switch\n|\n|upkeep\n|\n|t:|1681955522\n|switch|p1b: Iron Hands|Iron Hands, L50|93\/100\n|turn|3\n|\n|t:|1681955530\n|move|p1b: Iron Hands|Fake Out|p2b: Iron Hands\n|-damage|p2b: Iron Hands|83\/100\n|move|p2a: Gyarados|Waterfall|p1a: Dragonite\n|-resisted|p1a: Dragonite\n|-damage|p1a: Dragonite|56\/100\n|move|p1a: Dragonite|Dragon Dance|p1a: Dragonite\n|-boost|p1a: Dragonite|atk|1\n|-boost|p1a: Dragonite|spe|1\n|cant|p2b: Iron Hands|flinch\n|\n|upkeep\n|turn|4\n|\n|t:|1681955549\n|move|p2a: Gyarados|Waterfall|p1a: Dragonite\n|-resisted|p1a: Dragonite\n|-damage|p1a: Dragonite|22\/100\n|move|p1a: Dragonite|Roost|p1a: Dragonite\n|-heal|p1a: Dragonite|72\/100\n|-singleturn|p1a: Dragonite|move: Roost\n|move|p2b: Iron Hands|Wild Charge|p1a: Dragonite\n|-resisted|p1a: Dragonite\n|-damage|p1a: Dragonite|47\/100\n|-damage|p2b: Iron Hands|78\/100|[from] Recoil\n|move|p1b: Iron Hands|Drain Punch|p2b: Iron Hands\n|-damage|p2b: Iron Hands|50\/100\n|-heal|p1b: Iron Hands|100\/100|[from] drain|[of] p2b: Iron Hands\n|\n|upkeep\n|turn|5\n|\n|t:|1681955572\n|-end|p2b: Iron Hands|Quark Drive|[silent]\n|switch|p2b: Sasuke|Umbreon, L50, M, shiny|100\/100\n|move|p2a: Gyarados|Dragon Dance|p2a: Gyarados\n|-boost|p2a: Gyarados|atk|1\n|-boost|p2a: Gyarados|spe|1\n|move|p1a: Dragonite|Roost|p1a: Dragonite\n|-heal|p1a: Dragonite|97\/100\n|-singleturn|p1a: Dragonite|move: Roost\n|move|p1b: Iron Hands|Drain Punch|p2b: Sasuke\n|-supereffective|p2b: Sasuke\n|-damage|p2b: Sasuke|41\/100\n|\n|upkeep\n|turn|6\n|\n|t:|1681955599\n|move|p2a: Gyarados|Waterfall|p1a: Dragonite\n|-resisted|p1a: Dragonite\n|-damage|p1a: Dragonite|50\/100\n|move|p1a: Dragonite|Earthquake|p2a: Gyarados|[spread] p1b,p2a,p2b\n|-supereffective|p1b: Iron Hands\n|-supereffective|p2a: Gyarados\n|-damage|p1b: Iron Hands|23\/100\n|-damage|p2a: Gyarados|0 fnt\n|-damage|p2b: Sasuke|6\/100\n|faint|p2a: Gyarados\n|-damage|p1a: Dragonite|40\/100|[from] item: Life Orb\n|move|p2b: Sasuke|Moonlight|p2b: Sasuke\n|-heal|p2b: Sasuke|56\/100\n|move|p1b: Iron Hands|Drain Punch|p2b: Sasuke\n|-supereffective|p2b: Sasuke\n|-damage|p2b: Sasuke|0 fnt\n|-heal|p1b: Iron Hands|44\/100|[from] drain|[of] p2b: Sasuke\n|faint|p2b: Sasuke\n|\n|upkeep\n|\n|t:|1681955615\n|switch|p2a: Flutter Mane|Flutter Mane, L50|100\/100\n|switch|p2b: Iron Hands|Iron Hands, L50|50\/100\n|-enditem|p2a: Flutter Mane|Booster Energy\n|-activate|p2a: Flutter Mane|ability: Protosynthesis|[fromitem]\n|-start|p2a: Flutter Mane|protosynthesisspa\n|turn|7\n|\n|t:|1681955637\n|-end|p1b: Iron Hands|Quark Drive|[silent]\n|switch|p1b: Iron Bundle|Iron Bundle, L50|100\/100\n|move|p2b: Iron Hands|Fake Out|p1b: Iron Bundle\n|-damage|p1b: Iron Bundle|83\/100\n|move|p1a: Dragonite|Roost|p1a: Dragonite\n|-heal|p1a: Dragonite|90\/100\n|-singleturn|p1a: Dragonite|move: Roost\n|move|p2a: Flutter Mane|Dazzling Gleam|p1a: Dragonite|[spread] p1a,p1b\n|-supereffective|p1a: Dragonite\n|-damage|p1a: Dragonite|11\/100\n|-damage|p1b: Iron Bundle|0 fnt\n|faint|p1b: Iron Bundle\n|-end|p1b: Iron Bundle|Quark Drive|[silent]\n|\n|upkeep\n|\n|t:|1681955648\n|switch|p1b: Iron Hands|Iron Hands, L50|44\/100\n|turn|8\n|\n|t:|1681955677\n|move|p1b: Iron Hands|Fake Out|p2b: Iron Hands\n|-damage|p2b: Iron Hands|39\/100\n|move|p1a: Dragonite|Earthquake|p2b: Iron Hands|[spread] p1b,p2a,p2b\n|-supereffective|p1b: Iron Hands\n|-supereffective|p2b: Iron Hands\n|-damage|p1b: Iron Hands|0 fnt\n|-damage|p2a: Flutter Mane|14\/100\n|-damage|p2b: Iron Hands|0 fnt\n|faint|p1b: Iron Hands\n|-end|p1b: Iron Hands|Quark Drive|[silent]\n|faint|p2b: Iron Hands\n|-end|p2b: Iron Hands|Quark Drive|[silent]\n|-damage|p1a: Dragonite|2\/100|[from] item: Life Orb\n|move|p2a: Flutter Mane|Dazzling Gleam|p1a: Dragonite\n|-supereffective|p1a: Dragonite\n|-damage|p1a: Dragonite|0 fnt\n|faint|p1a: Dragonite\n|\n|win|TrainerRYSA\n|raw|DreadedWard08's rating: 1109 → 1091<\/strong> (-18 for losing)\n|raw|TrainerRYSA's rating: 1207 → 1225<\/strong> (+18 for winning)\n","uploadtime":1681955692,"views":10,"p1id":"dreadedward08","p2id":"trainerrysa","formatid":"gen9vgc2023regulationc","rating":1091,"private":0,"password":""}