{"id":"gen9vgc2023regulationc-1848758958","p1":"noidentification","p2":"actuary97","format":"[Gen 9] VGC 2023 Regulation C","log":"|j|\u2606noidentification\n|j|\u2606actuary97\n|t:|1682107523\n|gametype|doubles\n|player|p1|noidentification|rosa|1585\n|player|p2|actuary97|sabrina-lgpe|1594\n|teamsize|p1|6\n|teamsize|p2|6\n|gen|9\n|tier|[Gen 9] VGC 2023 Regulation C\n|rated|\n|rule|Species Clause: Limit one of each Pok\u00e9mon\n|rule|Item Clause: Limit one of each item\n|clearpoke\n|poke|p1|Dondozo, L50, F|\n|poke|p1|Tatsugiri-Stretchy, L50, M|\n|poke|p1|Pelipper, L50, M|\n|poke|p1|Drednaw, L50, F|\n|poke|p1|Chien-Pao, L50|\n|poke|p1|Dragonite, L50, M|\n|poke|p2|Tauros-Paldea-Blaze, L50, M|\n|poke|p2|Kingambit, L50, M|\n|poke|p2|Armarouge, L50, M|\n|poke|p2|Gallade, L50, M|\n|poke|p2|Indeedee, L50, M|\n|poke|p2|Drifblim, L50, M|\n|teampreview|4\n|j| Gharkarven\n|\n|t:|1682107551\n|start\n|switch|p1a: Pelipper|Pelipper, L50, M|100\/100\n|switch|p1b: Drednaw|Drednaw, L50, F|100\/100\n|switch|p2a: Tauros|Tauros-Paldea-Blaze, L50, M|100\/100\n|switch|p2b: Indeedee|Indeedee, L50, M, shiny|100\/100\n|-ability|p2a: Tauros|Intimidate|boost\n|-unboost|p1a: Pelipper|atk|1\n|-unboost|p1b: Drednaw|atk|1\n|-fieldstart|move: Psychic Terrain|[from] ability: Psychic Surge|[of] p2b: Indeedee\n|-weather|RainDance|[from] ability: Drizzle|[of] p1a: Pelipper\n|turn|1\n|\n|t:|1682107568\n|move|p2a: Tauros|Close Combat|p1b: Drednaw\n|-supereffective|p1b: Drednaw\n|-damage|p1b: Drednaw|0 fnt\n|-unboost|p2a: Tauros|def|1\n|-unboost|p2a: Tauros|spd|1\n|faint|p1b: Drednaw\n|move|p2b: Indeedee|Psychic|p1a: Pelipper\n|-damage|p1a: Pelipper|19\/100\n|move|p1a: Pelipper|Hurricane|p2a: Tauros\n|-supereffective|p2a: Tauros\n|-crit|p2a: Tauros\n|-damage|p2a: Tauros|0 fnt\n|faint|p2a: Tauros\n|\n|-weather|RainDance|[upkeep]\n|upkeep\n|\n|t:|1682107583\n|switch|p2a: Balloon Boi|Drifblim, L50, M, shiny|100\/100\n|switch|p1b: Dondozo|Dondozo, L50, F|100\/100\n|-enditem|p2a: Balloon Boi|Psychic Seed\n|-boost|p2a: Balloon Boi|spd|1|[from] item: Psychic Seed\n|turn|2\n|j| jdarcan\n|\n|t:|1682107597\n|move|p1b: Dondozo|Protect|p1b: Dondozo\n|-singleturn|p1b: Dondozo|Protect\n|move|p2a: Balloon Boi|Tailwind|p2a: Balloon Boi\n|-sidestart|p2: actuary97|move: Tailwind\n|move|p2b: Indeedee|Psychic|p1b: Dondozo\n|-activate|p1b: Dondozo|move: Protect\n|move|p1a: Pelipper|Hurricane|p2a: Balloon Boi\n|-damage|p2a: Balloon Boi|73\/100\n|\n|-weather|RainDance|[upkeep]\n|upkeep\n|turn|3\n|\n|t:|1682107613\n|switch|p1a: Tatsugiri|Tatsugiri-Stretchy, L50, M|100\/100\n|-activate|p1a: Tatsugiri|ability: Commander|[of] p1b: Dondozo\n|-boost|p1b: Dondozo|atk|2\n|-boost|p1b: Dondozo|spa|2\n|-boost|p1b: Dondozo|spe|2\n|-boost|p1b: Dondozo|def|2\n|-boost|p1b: Dondozo|spd|2\n|-terastallize|p1b: Dondozo|Water\n|move|p2a: Balloon Boi|Destiny Bond|p2a: Balloon Boi\n|-singlemove|p2a: Balloon Boi|Destiny Bond\n|move|p2b: Indeedee|Psychic|p1b: Dondozo\n|-damage|p1b: Dondozo|56\/100\n|move|p1b: Dondozo|Surf|p2a: Balloon Boi|[spread] p2a,p2b\n|-miss|p1b: Dondozo|p1a: Tatsugiri\n|-damage|p2a: Balloon Boi|0 fnt\n|-damage|p2b: Indeedee|0 fnt\n|faint|p2a: Balloon Boi\n|-activate|p2a: Balloon Boi|move: Destiny Bond\n|faint|p2b: Indeedee\n|faint|p1b: Dondozo\n|\n|-weather|RainDance|[upkeep]\n|upkeep\n|\n|t:|1682107635\n|switch|p2b: King|Gallade, L50, M, shiny|100\/100\n|switch|p1b: Pelipper|Pelipper, L50, M|19\/100\n|turn|4\n|\n|t:|1682107646\n|-terastallize|p2b: King|Water\n|move|p2b: King|Psycho Cut|p1a: Tatsugiri\n|-damage|p1a: Tatsugiri|0 fnt\n|faint|p1a: Tatsugiri\n|move|p1b: Pelipper|Hurricane|p2b: King\n|-damage|p2b: King|59\/100\n|\n|-weather|RainDance|[upkeep]\n|upkeep\n|turn|5\n|\n|t:|1682107656\n|move|p1b: Pelipper|Protect|p1b: Pelipper\n|-singleturn|p1b: Pelipper|Protect\n|move|p2b: King|Psycho Cut|p1b: Pelipper\n|-activate|p1b: Pelipper|move: Protect\n|\n|-weather|RainDance|[upkeep]\n|-sideend|p2: actuary97|move: Tailwind\n|-fieldend|move: Psychic Terrain\n|upkeep\n|turn|6\n|\n|t:|1682107665\n|move|p2b: King|Psycho Cut|p1b: Pelipper\n|-damage|p1b: Pelipper|0 fnt\n|faint|p1b: Pelipper\n|\n|win|actuary97\n|raw|noidentification's rating: 1585 → 1566<\/strong> (-19 for losing)\n|raw|actuary97's rating: 1594 → 1613<\/strong> (+19 for winning)\n|l|\u2606noidentification\n|c|\u2606actuary97|gg\n|l| jdarcan\n|l|\u2606actuary97\n","uploadtime":1682107748,"views":13,"p1id":"noidentification","p2id":"actuary97","formatid":"gen9vgc2023regulationc","rating":1566,"private":0,"password":""}