{"id":"gen9vgc2023regulationc-1864153055","p1":"revocolombia","p2":"PureNeutral","format":"[Gen 9] VGC 2023 Regulation C","log":"|j|\u2606revocolombia\n|j|\u2606PureNeutral\n|t:|1684125879\n|gametype|doubles\n|player|p1|revocolombia|pokemonranger-gen4|1510\n|player|p2|PureNeutral|elesa|1525\n|teamsize|p1|6\n|teamsize|p2|6\n|gen|9\n|tier|[Gen 9] VGC 2023 Regulation C\n|rated|\n|rule|Species Clause: Limit one of each Pok\u00e9mon\n|rule|Item Clause: Limit one of each item\n|clearpoke\n|poke|p1|Flutter Mane, L50|\n|poke|p1|Annihilape, L50, M|\n|poke|p1|Dragonite, L50, M|\n|poke|p1|Chien-Pao, L50|\n|poke|p1|Murkrow, L50, M|\n|poke|p1|Gholdengo, L50|\n|poke|p2|Maushold-Four, L50|\n|poke|p2|Annihilape, L50, F|\n|poke|p2|Gholdengo, L50|\n|poke|p2|Talonflame, L50, F|\n|poke|p2|Flutter Mane, L50|\n|poke|p2|Arcanine, L50, M|\n|teampreview|4\n|\n|t:|1684125916\n|start\n|switch|p1a: Murkrow|Murkrow, L50, M|100\/100\n|switch|p1b: Annihilape|Annihilape, L50, M, shiny|100\/100\n|switch|p2a: Maushold|Maushold-Four, L50|100\/100\n|switch|p2b: Gholdilocks|Gholdengo, L50|100\/100\n|turn|1\n|\n|t:|1684125933\n|-terastallize|p1b: Annihilape|Fire\n|-terastallize|p2b: Gholdilocks|Water\n|move|p2a: Maushold|Protect|p2a: Maushold\n|-singleturn|p2a: Maushold|Protect\n|move|p1a: Murkrow|Tailwind|p1a: Murkrow\n|-sidestart|p1: revocolombia|move: Tailwind\n|move|p1b: Annihilape|Bulk Up|p1b: Annihilape\n|-boost|p1b: Annihilape|atk|1\n|-boost|p1b: Annihilape|def|1\n|move|p2b: Gholdilocks|Nasty Plot|p2b: Gholdilocks\n|-boost|p2b: Gholdilocks|spa|2\n|\n|upkeep\n|turn|2\n|\n|t:|1684125952\n|move|p1a: Murkrow|Haze|p1a: Murkrow\n|-clearallboost\n|move|p1b: Annihilape|Drain Punch|p2a: Maushold\n|-supereffective|p2a: Maushold\n|-damage|p2a: Maushold|24\/100\n|move|p2a: Maushold|Super Fang|p1b: Annihilape\n|-damage|p1b: Annihilape|50\/100\n|move|p2b: Gholdilocks|Shadow Ball|p1b: Annihilape\n|-damage|p1b: Annihilape|13\/100\n|-unboost|p1b: Annihilape|spd|1\n|-ability|p1b: Annihilape|Defiant|boost\n|-boost|p1b: Annihilape|atk|2\n|\n|-heal|p1b: Annihilape|19\/100|[from] item: Leftovers\n|upkeep\n|turn|3\n|\n|t:|1684125993\n|move|p1b: Annihilape|Protect|p1b: Annihilape\n|-singleturn|p1b: Annihilape|Protect\n|move|p2a: Maushold|Protect|p2a: Maushold\n|-singleturn|p2a: Maushold|Protect\n|move|p1a: Murkrow|Foul Play|p2a: Maushold\n|-activate|p2a: Maushold|move: Protect\n|move|p2b: Gholdilocks|Shadow Ball|p1b: Annihilape\n|-activate|p1b: Annihilape|move: Protect\n|\n|-heal|p1b: Annihilape|25\/100|[from] item: Leftovers\n|upkeep\n|turn|4\n|\n|t:|1684126025\n|move|p2a: Maushold|Follow Me|p2a: Maushold\n|-singleturn|p2a: Maushold|move: Follow Me\n|move|p1b: Annihilape|Rage Fist|p2a: Maushold\n|-immune|p2a: Maushold\n|move|p1a: Murkrow|Foul Play|p2a: Maushold\n|-damage|p2a: Maushold|0 fnt\n|faint|p2a: Maushold\n|move|p2b: Gholdilocks|Shadow Ball|p1b: Annihilape\n|-damage|p1b: Annihilape|0 fnt\n|faint|p1b: Annihilape\n|\n|-sideend|p1: revocolombia|move: Tailwind\n|upkeep\n|\n|t:|1684126041\n|switch|p2a: Flutter Mane|Flutter Mane, L50|100\/100\n|switch|p1b: Flutter Mane|Flutter Mane, L50|100\/100\n|-enditem|p1b: Flutter Mane|Booster Energy\n|-activate|p1b: Flutter Mane|ability: Protosynthesis|[fromitem]\n|-start|p1b: Flutter Mane|protosynthesisspe\n|turn|5\n|\n|t:|1684126053\n|move|p2b: Gholdilocks|Protect|p2b: Gholdilocks\n|-singleturn|p2b: Gholdilocks|Protect\n|move|p1a: Murkrow|Tailwind|p1a: Murkrow\n|-sidestart|p1: revocolombia|move: Tailwind\n|move|p1b: Flutter Mane|Shadow Ball|p2a: Flutter Mane\n|-supereffective|p2a: Flutter Mane\n|-damage|p2a: Flutter Mane|20\/100\n|move|p2a: Flutter Mane|Dazzling Gleam|p1b: Flutter Mane|[spread] p1a,p1b\n|-supereffective|p1a: Murkrow\n|-damage|p1a: Murkrow|9\/100\n|-damage|p1b: Flutter Mane|54\/100\n|\n|upkeep\n|turn|6\n|\n|t:|1684126072\n|move|p1b: Flutter Mane|Dazzling Gleam|p2a: Flutter Mane|[spread] p2a,p2b\n|-damage|p2a: Flutter Mane|0 fnt\n|-damage|p2b: Gholdilocks|68\/100\n|faint|p2a: Flutter Mane\n|-end|p2a: Flutter Mane|Protosynthesis|[silent]\n|move|p1a: Murkrow|Foul Play|p2b: Gholdilocks\n|-damage|p2b: Gholdilocks|53\/100\n|move|p2b: Gholdilocks|Make It Rain|p1a: Murkrow|[spread] p1a,p1b\n|-supereffective|p1b: Flutter Mane\n|-damage|p1a: Murkrow|0 fnt\n|-damage|p1b: Flutter Mane|0 fnt\n|-unboost|p2b: Gholdilocks|spa|1\n|faint|p1a: Murkrow\n|faint|p1b: Flutter Mane\n|-end|p1b: Flutter Mane|Protosynthesis|[silent]\n|\n|-heal|p2b: Gholdilocks|59\/100|[from] item: Leftovers\n|upkeep\n|\n|t:|1684126091\n|switch|p1b: Dragonite|Dragonite, L50, M|100\/100\n|switch|p2a: Talonflame|Talonflame, L50, F|100\/100\n|turn|7\n|\n|t:|1684126107\n|move|p1b: Dragonite|Dragon Dance|p1b: Dragonite\n|-boost|p1b: Dragonite|atk|1\n|-boost|p1b: Dragonite|spe|1\n|move|p2a: Talonflame|Will-O-Wisp|p1b: Dragonite\n|-status|p1b: Dragonite|brn\n|-enditem|p1b: Dragonite|Lum Berry|[eat]\n|-curestatus|p1b: Dragonite|brn|[msg]\n|move|p2b: Gholdilocks|Nasty Plot|p2b: Gholdilocks\n|-boost|p2b: Gholdilocks|spa|2\n|\n|-heal|p2b: Gholdilocks|65\/100|[from] item: Leftovers\n|upkeep\n|turn|8\n|\n|t:|1684126121\n|move|p2a: Talonflame|Tailwind|p2a: Talonflame\n|-sidestart|p2: PureNeutral|move: Tailwind\n|move|p1b: Dragonite|Thunder Punch|p2a: Talonflame\n|-supereffective|p2a: Talonflame\n|-damage|p2a: Talonflame|0 fnt\n|faint|p2a: Talonflame\n|move|p2b: Gholdilocks|Shadow Ball|p1b: Dragonite\n|-damage|p1b: Dragonite|69\/100\n|-unboost|p1b: Dragonite|spd|1\n|\n|-heal|p2b: Gholdilocks|72\/100|[from] item: Leftovers\n|-sideend|p1: revocolombia|move: Tailwind\n|upkeep\n|turn|9\n|\n|t:|1684126135\n|move|p2b: Gholdilocks|Make It Rain|p1b: Dragonite\n|-damage|p1b: Dragonite|0 fnt\n|-unboost|p2b: Gholdilocks|spa|1\n|faint|p1b: Dragonite\n|\n|win|PureNeutral\n|raw|revocolombia's rating: 1510 → 1491<\/strong> (-19 for losing)\n|raw|PureNeutral's rating: 1525 → 1544<\/strong> (+19 for winning)\n|l|\u2606PureNeutral\n","uploadtime":1684126143,"views":5,"p1id":"revocolombia","p2id":"pureneutral","formatid":"gen9vgc2023regulationc","rating":1491,"private":0,"password":""}