{"id":"gen9vgc2023regulationc-1850431474","p1":"Vuclump","p2":"haha u rage quit","format":"[Gen 9] VGC 2023 Regulation C","log":"|j|\u2606Vuclump\n|j|\u2606haha u rage quit\n|t:|1682335861\n|gametype|doubles\n|player|p1|Vuclump|hiker-gen4|1159\n|player|p2|haha u rage quit|pokemaniac|1207\n|teamsize|p1|6\n|teamsize|p2|6\n|gen|9\n|tier|[Gen 9] VGC 2023 Regulation C\n|rated|\n|rule|Species Clause: Limit one of each Pok\u00e9mon\n|rule|Item Clause: Limit one of each item\n|clearpoke\n|poke|p1|Chi-Yu, L50|\n|poke|p1|Dachsbun, L50, F|\n|poke|p1|Kingambit, L50, M|\n|poke|p1|Maushold-Four, L50|\n|poke|p1|Dondozo, L50, M|\n|poke|p1|Amoonguss, L50, F|\n|poke|p2|Torkoal, L50, M|\n|poke|p2|Dondozo, L50, M|\n|poke|p2|Indeedee-F, L50, F|\n|poke|p2|Kingambit, L50, M|\n|poke|p2|Hatterene, L50, F|\n|poke|p2|Armarouge, L50, M|\n|teampreview|4\n|\n|t:|1682335882\n|start\n|switch|p1a: Chi-Yu|Chi-Yu, L50|100\/100\n|switch|p1b: Dachsbun|Dachsbun, L50, F|100\/100\n|switch|p2a: Indeedee|Indeedee-F, L50, F, shiny|100\/100\n|switch|p2b: Armarouge|Armarouge, L50, M|100\/100\n|-ability|p1a: Chi-Yu|Beads of Ruin\n|-fieldstart|move: Psychic Terrain|[from] ability: Psychic Surge|[of] p2a: Indeedee\n|-enditem|p2a: Indeedee|Psychic Seed\n|-boost|p2a: Indeedee|spd|1|[from] item: Psychic Seed\n|turn|1\n|\n|t:|1682335909\n|move|p2a: Indeedee|Follow Me|p2a: Indeedee\n|-singleturn|p2a: Indeedee|move: Follow Me\n|move|p1a: Chi-Yu|Dark Pulse|p2a: Indeedee\n|-supereffective|p2a: Indeedee\n|-damage|p2a: Indeedee|45\/100\n|move|p1b: Dachsbun|Yawn|p2a: Indeedee\n|-start|p2a: Indeedee|move: Yawn|[of] p1b: Dachsbun\n|move|p2b: Armarouge|Trick Room|p2b: Armarouge\n|-fieldstart|move: Trick Room|[of] p2b: Armarouge\n|-enditem|p2b: Armarouge|Room Service\n|-unboost|p2b: Armarouge|spe|1|[from] item: Room Service\n|\n|upkeep\n|turn|2\n|\n|t:|1682335939\n|switch|p2a: Torkoal|Torkoal, L50, M|100\/100\n|-weather|SunnyDay|[from] ability: Drought|[of] p2a: Torkoal\n|move|p1a: Chi-Yu|Protect|p1a: Chi-Yu\n|-singleturn|p1a: Chi-Yu|Protect\n|move|p2b: Armarouge|Expanding Force|p1a: Chi-Yu|[spread] p1b\n|-activate|p1a: Chi-Yu|move: Protect\n|-damage|p1b: Dachsbun|16\/100\n|move|p1b: Dachsbun|Yawn|p2b: Armarouge\n|-start|p2b: Armarouge|move: Yawn|[of] p1b: Dachsbun\n|\n|-weather|SunnyDay|[upkeep]\n|-heal|p1b: Dachsbun|22\/100|[from] item: Leftovers\n|upkeep\n|turn|3\n|\n|t:|1682335966\n|switch|p2b: Indeedee|Indeedee-F, L50, F, shiny|45\/100\n|-terastallize|p2a: Torkoal|Fire\n|move|p2a: Torkoal|Eruption|p1a: Chi-Yu|[spread] p1a\n|-ability|p1b: Dachsbun|Well-Baked Body|boost\n|-boost|p1b: Dachsbun|def|2\n|-resisted|p1a: Chi-Yu\n|-crit|p1a: Chi-Yu\n|-damage|p1a: Chi-Yu|0 fnt\n|faint|p1a: Chi-Yu\n|move|p1b: Dachsbun|Play Rough|p2b: Indeedee\n|-damage|p2b: Indeedee|10\/100\n|-unboost|p2b: Indeedee|atk|1\n|\n|-weather|SunnyDay|[upkeep]\n|-heal|p1b: Dachsbun|29\/100|[from] item: Leftovers\n|upkeep\n|\n|t:|1682335987\n|switch|p1a: Kingambit|Kingambit, L50, M|100\/100\n|turn|4\n|\n|t:|1682336003\n|move|p2b: Indeedee|Helping Hand|p2a: Torkoal\n|-singleturn|p2a: Torkoal|Helping Hand|[of] p2b: Indeedee\n|move|p1a: Kingambit|Protect|p1a: Kingambit\n|-singleturn|p1a: Kingambit|Protect\n|move|p2a: Torkoal|Eruption|p1b: Dachsbun|[spread] \n|-activate|p1a: Kingambit|move: Protect\n|-ability|p1b: Dachsbun|Well-Baked Body|boost\n|-boost|p1b: Dachsbun|def|2\n|move|p1b: Dachsbun|Play Rough|p2b: Indeedee\n|-damage|p2b: Indeedee|0 fnt\n|faint|p2b: Indeedee\n|\n|-weather|SunnyDay|[upkeep]\n|-heal|p1b: Dachsbun|35\/100|[from] item: Leftovers\n|upkeep\n|\n|t:|1682336011\n|switch|p2b: Kingambit|Kingambit, L50, M, shiny|100\/100\n|turn|5\n|\n|t:|1682336039\n|-terastallize|p1a: Kingambit|Flying\n|move|p1b: Dachsbun|Helping Hand|p1a: Kingambit\n|-singleturn|p1a: Kingambit|Helping Hand|[of] p1b: Dachsbun\n|move|p2a: Torkoal|Eruption|p1b: Dachsbun|[spread] p1a\n|-ability|p1b: Dachsbun|Well-Baked Body|boost\n|-boost|p1b: Dachsbun|def|2\n|-damage|p1a: Kingambit|0 fnt\n|faint|p1a: Kingambit\n|move|p2b: Kingambit|Kowtow Cleave|p1b: Dachsbun\n|-resisted|p1b: Dachsbun\n|-damage|p1b: Dachsbun|29\/100\n|\n|-weather|SunnyDay|[upkeep]\n|-heal|p1b: Dachsbun|35\/100|[from] item: Leftovers\n|-fieldend|move: Trick Room\n|-fieldend|move: Psychic Terrain\n|upkeep\n|\n|t:|1682336050\n|switch|p1a: Maushold|Maushold-Four, L50|100\/100\n|turn|6\n|\n|t:|1682336073\n|move|p1a: Maushold|Protect|p1a: Maushold\n|-singleturn|p1a: Maushold|Protect\n|move|p1b: Dachsbun|Play Rough|p2a: Torkoal\n|-resisted|p2a: Torkoal\n|-damage|p2a: Torkoal|90\/100\n|move|p2b: Kingambit|Swords Dance|p2b: Kingambit\n|-boost|p2b: Kingambit|atk|2\n|move|p2a: Torkoal|Heat Wave|p1a: Maushold|[spread] \n|-activate|p1a: Maushold|move: Protect\n|-immune|p1b: Dachsbun|[from] ability: Well-Baked Body\n|\n|-weather|none\n|-heal|p1b: Dachsbun|41\/100|[from] item: Leftovers\n|upkeep\n|turn|7\n|\n|t:|1682336093\n|move|p1a: Maushold|Encore|p2b: Kingambit\n|-start|p2b: Kingambit|Encore\n|move|p1b: Dachsbun|Yawn|p2a: Torkoal\n|-start|p2a: Torkoal|move: Yawn|[of] p1b: Dachsbun\n|move|p2b: Kingambit|Swords Dance|p2b: Kingambit\n|-boost|p2b: Kingambit|atk|2\n|move|p2a: Torkoal|Heat Wave|p1b: Dachsbun|[spread] p1a\n|-immune|p1b: Dachsbun|[from] ability: Well-Baked Body\n|-damage|p1a: Maushold|35\/100\n|-status|p1a: Maushold|brn\n|\n|-heal|p1b: Dachsbun|47\/100|[from] item: Leftovers\n|-damage|p1a: Maushold|29\/100 brn|[from] brn\n|upkeep\n|turn|8\n|\n|t:|1682336115\n|switch|p2a: Armarouge|Armarouge, L50, M|100\/100\n|move|p1a: Maushold|Protect|p1a: Maushold\n|-singleturn|p1a: Maushold|Protect\n|move|p1b: Dachsbun|Play Rough|p2a: Armarouge\n|-resisted|p2a: Armarouge\n|-crit|p2a: Armarouge\n|-damage|p2a: Armarouge|81\/100\n|move|p2b: Kingambit|Swords Dance|p2b: Kingambit\n|-boost|p2b: Kingambit|atk|2\n|\n|-heal|p1b: Dachsbun|54\/100|[from] item: Leftovers\n|-damage|p1a: Maushold|23\/100 brn|[from] brn\n|upkeep\n|turn|9\n|\n|t:|1682336131\n|move|p1a: Maushold|Population Bomb|p2a: Armarouge\n|-damage|p2a: Armarouge|78\/100\n|-damage|p2a: Armarouge|75\/100\n|-damage|p2a: Armarouge|72\/100\n|-damage|p2a: Armarouge|69\/100\n|-damage|p2a: Armarouge|65\/100\n|-damage|p2a: Armarouge|63\/100\n|-damage|p2a: Armarouge|60\/100\n|-hitcount|p2a: Armarouge|7\n|move|p1b: Dachsbun|Yawn|p2a: Armarouge\n|-start|p2a: Armarouge|move: Yawn|[of] p1b: Dachsbun\n|move|p2a: Armarouge|Expanding Force|p1b: Dachsbun\n|-damage|p1b: Dachsbun|19\/100\n|move|p2b: Kingambit|Swords Dance|p2b: Kingambit\n|-boost|p2b: Kingambit|atk|0\n|\n|-heal|p1b: Dachsbun|25\/100|[from] item: Leftovers\n|-damage|p1a: Maushold|17\/100 brn|[from] brn\n|-end|p2b: Kingambit|Encore\n|upkeep\n|turn|10\n|-message|Vuclump forfeited.\n|\n|win|haha u rage quit\n|raw|Vuclump's rating: 1159 → 1137<\/strong> (-22 for losing)\n|raw|haha u rage quit's rating: 1207 → 1229<\/strong> (+22 for winning)\n|l|\u2606Vuclump\n","uploadtime":1682336161,"views":24,"p1id":"vuclump","p2id":"hahauragequit","formatid":"gen9vgc2023regulationc","rating":1137,"private":0,"password":""}