{"id":"gen9vgc2023regulationc-1855202600","p1":"nightamara","p2":"Myshirtisdirty","format":"[Gen 9] VGC 2023 Regulation C","log":"|j|\u2606nightamara\n|j|\u2606Myshirtisdirty\n|t:|1682914478\n|gametype|doubles\n|player|p1|nightamara|greta-gen3|1316\n|player|p2|Myshirtisdirty|266|1224\n|teamsize|p1|6\n|teamsize|p2|6\n|gen|9\n|tier|[Gen 9] VGC 2023 Regulation C\n|rated|\n|rule|Species Clause: Limit one of each Pok\u00e9mon\n|rule|Item Clause: Limit one of each item\n|clearpoke\n|poke|p1|Scream Tail, L50|\n|poke|p1|Flutter Mane, L50|\n|poke|p1|Ting-Lu, L50|\n|poke|p1|Gothitelle, L50, F|\n|poke|p1|Arcanine, L50, F|\n|poke|p1|Scizor, L50, F|\n|poke|p2|Iron Bundle, L50|\n|poke|p2|Abomasnow, L50, F|\n|poke|p2|Annihilape, L50, M|\n|poke|p2|Talonflame, L50, M|\n|poke|p2|Arcanine, L50, M|\n|poke|p2|Garchomp, L50, M|\n|teampreview|4\nnightamara has agreed to open team sheets.\n|inactive|Battle timer is ON: inactive players will automatically lose when time's up. (requested by nightamara)\n|inactive|Myshirtisdirty has 60 seconds left.\n|\n|t:|1682914533\n|start\n|switch|p1a: Cha Hae In|Flutter Mane, L50|100\/100\n|switch|p1b: Go Gunhee|Ting-Lu, L50|100\/100\n|switch|p2a: Talonflame|Talonflame, L50, M|100\/100\n|switch|p2b: Garchomp|Garchomp, L50, M|100\/100\n|-ability|p1b: Go Gunhee|Vessel of Ruin\n|turn|1\n|\n|t:|1682914548\n|switch|p1b: Sung Jinah|Gothitelle, L50, F|100\/100\n|move|p2a: Talonflame|Tailwind|p2a: Talonflame\n|-sidestart|p2: Myshirtisdirty|move: Tailwind\n|move|p2b: Garchomp|Earthquake|p1b: Sung Jinah|[spread] p1a,p1b\n|-immune|p2a: Talonflame\n|-crit|p1a: Cha Hae In\n|-enditem|p1a: Cha Hae In|Focus Sash\n|-damage|p1a: Cha Hae In|1\/100\n|-damage|p1b: Sung Jinah|45\/100\n|-enditem|p1b: Sung Jinah|Sitrus Berry|[eat]\n|-heal|p1b: Sung Jinah|69\/100|[from] item: Sitrus Berry\n|move|p1a: Cha Hae In|Perish Song|p1a: Cha Hae In\n|-start|p1a: Cha Hae In|perish3|[silent]\n|-start|p1b: Sung Jinah|perish3|[silent]\n|-start|p2a: Talonflame|perish3|[silent]\n|-start|p2b: Garchomp|perish3|[silent]\n|-fieldactivate|move: Perish Song\n|\n|-start|p2a: Talonflame|perish3\n|-start|p2b: Garchomp|perish3\n|-start|p1a: Cha Hae In|perish3\n|-start|p1b: Sung Jinah|perish3\n|upkeep\n|turn|2\n|inactive|nightamara has 30 seconds left.\n|inactive|Myshirtisdirty has 30 seconds left.\n|inactive|nightamara has 20 seconds left.\n|inactive|nightamara has 15 seconds left.\n|inactive|nightamara has 10 seconds left.\n|\n|t:|1682914598\n|-end|p1a: Cha Hae In|Protosynthesis|[silent]\n|switch|p1a: Yoo Jinho|Arcanine, L50, F|100\/100\n|-ability|p1a: Yoo Jinho|Intimidate|boost\n|-unboost|p2a: Talonflame|atk|1\n|-unboost|p2b: Garchomp|atk|1\n|move|p1b: Sung Jinah|Fake Out|p2b: Garchomp\n|-damage|p2b: Garchomp|95\/100\n|-damage|p1b: Sung Jinah|57\/100|[from] ability: Rough Skin|[of] p2b: Garchomp\n|move|p2a: Talonflame|Brave Bird|p1b: Sung Jinah\n|-damage|p1b: Sung Jinah|28\/100\n|-damage|p2a: Talonflame|91\/100|[from] Recoil\n|cant|p2b: Garchomp|flinch\n|\n|-start|p2a: Talonflame|perish2\n|-start|p2b: Garchomp|perish2\n|-start|p1b: Sung Jinah|perish2\n|upkeep\n|turn|3\n|inactive|Myshirtisdirty has 30 seconds left.\n|inactive|Myshirtisdirty has 20 seconds left.\n|inactive|Myshirtisdirty has 15 seconds left.\n|inactive|Myshirtisdirty has 10 seconds left.\n|inactive|Myshirtisdirty has 5 seconds left.\n|\n|t:|1682914653\n|move|p2a: Talonflame|Protect|p2a: Talonflame\n|-singleturn|p2a: Talonflame|Protect\n|move|p1a: Yoo Jinho|Protect|p1a: Yoo Jinho\n|-singleturn|p1a: Yoo Jinho|Protect\n|move|p1b: Sung Jinah|Protect|p1b: Sung Jinah\n|-singleturn|p1b: Sung Jinah|Protect\n|move|p2b: Garchomp|Earthquake|p1a: Yoo Jinho|[spread] \n|-activate|p2a: Talonflame|move: Protect\n|-activate|p1a: Yoo Jinho|move: Protect\n|-activate|p1b: Sung Jinah|move: Protect\n|\n|-start|p2a: Talonflame|perish1\n|-start|p2b: Garchomp|perish1\n|-start|p1b: Sung Jinah|perish1\n|upkeep\n|turn|4\n|inactive|nightamara has 30 seconds left.\n|inactive|Myshirtisdirty has 30 seconds left.\n|inactive|nightamara has 20 seconds left.\n|inactive|nightamara has 15 seconds left.\n|\n|t:|1682914693\n|switch|p1a: Go Gunhee|Ting-Lu, L50|100\/100\n|-ability|p1a: Go Gunhee|Vessel of Ruin\n|move|p2a: Talonflame|Brave Bird|p1a: Go Gunhee\n|-damage|p1a: Go Gunhee|83\/100\n|-damage|p2a: Talonflame|83\/100|[from] Recoil\n|move|p2b: Garchomp|Earthquake|p1b: Sung Jinah|[spread] p1a,p1b\n|-immune|p2a: Talonflame\n|-damage|p1a: Go Gunhee|59\/100\n|-damage|p1b: Sung Jinah|0 fnt\n|faint|p1b: Sung Jinah\n|\n|-heal|p1a: Go Gunhee|65\/100|[from] item: Leftovers\n|-start|p2a: Talonflame|perish0\n|-start|p2b: Garchomp|perish0\n|-sideend|p2: Myshirtisdirty|move: Tailwind\n|upkeep\n|faint|p2a: Talonflame\n|faint|p2b: Garchomp\n|inactive|Myshirtisdirty has 30 seconds left.\n|\n|t:|1682914726\n|switch|p2a: Annihilape|Annihilape, L50, M|100\/100\n|switch|p2b: Arcanine|Arcanine, L50, M|100\/100\n|switch|p1b: Cha Hae In|Flutter Mane, L50|1\/100\n|-ability|p2b: Arcanine|Intimidate|boost\n|-unboost|p1a: Go Gunhee|atk|1\n|-unboost|p1b: Cha Hae In|atk|1\n|turn|5\n|inactive|nightamara has 30 seconds left.\n|\n|t:|1682914754\n|-terastallize|p2a: Annihilape|Fire\n|move|p1b: Cha Hae In|Perish Song|p1b: Cha Hae In\n|-start|p1a: Go Gunhee|perish3|[silent]\n|-start|p1b: Cha Hae In|perish3|[silent]\n|-start|p2a: Annihilape|perish3|[silent]\n|-start|p2b: Arcanine|perish3|[silent]\n|-fieldactivate|move: Perish Song\n|move|p2b: Arcanine|Flare Blitz|p1b: Cha Hae In\n|-damage|p1b: Cha Hae In|0 fnt\n|faint|p1b: Cha Hae In\n|-end|p1b: Cha Hae In|Protosynthesis|[silent]\n|-damage|p2b: Arcanine|99\/100|[from] Recoil\n|move|p2a: Annihilape|Bulk Up|p2a: Annihilape\n|-boost|p2a: Annihilape|atk|1\n|-boost|p2a: Annihilape|def|1\n|move|p1a: Go Gunhee|Sand Tomb|p2a: Annihilape\n|-supereffective|p2a: Annihilape\n|-damage|p2a: Annihilape|88\/100\n|-activate|p2a: Annihilape|move: Sand Tomb|[of] p1a: Go Gunhee\n|\n|-heal|p2a: Annihilape|94\/100|[from] item: Leftovers\n|-heal|p1a: Go Gunhee|71\/100|[from] item: Leftovers\n|-damage|p2a: Annihilape|82\/100|[from] move: Sand Tomb|[partiallytrapped]\n|-start|p2b: Arcanine|perish3\n|-start|p2a: Annihilape|perish3\n|-start|p1a: Go Gunhee|perish3\n|upkeep\n|\n|t:|1682914764\n|switch|p1b: Yoo Jinho|Arcanine, L50, F|100\/100\n|-ability|p1b: Yoo Jinho|Intimidate|boost\n|-unboost|p2a: Annihilape|atk|1\n|-ability|p2a: Annihilape|Defiant|boost\n|-boost|p2a: Annihilape|atk|2\n|-unboost|p2b: Arcanine|atk|1\n|turn|6\n|inactive|nightamara has 30 seconds left.\n|\n|t:|1682914791\n|move|p1b: Yoo Jinho|Extreme Speed|p2a: Annihilape\n|-damage|p2a: Annihilape|67\/100\n|move|p2b: Arcanine|Flare Blitz|p1b: Yoo Jinho\n|-resisted|p1b: Yoo Jinho\n|-damage|p1b: Yoo Jinho|84\/100\n|-damage|p2b: Arcanine|94\/100|[from] Recoil\n|move|p2a: Annihilape|Rage Fist|p1b: Yoo Jinho\n|-damage|p1b: Yoo Jinho|0 fnt\n|faint|p1b: Yoo Jinho\n|move|p1a: Go Gunhee|Stomping Tantrum|p2a: Annihilape\n|-supereffective|p2a: Annihilape\n|-damage|p2a: Annihilape|39\/100\n|\n|-heal|p2a: Annihilape|45\/100|[from] item: Leftovers\n|-heal|p1a: Go Gunhee|77\/100|[from] item: Leftovers\n|-damage|p2a: Annihilape|33\/100|[from] move: Sand Tomb|[partiallytrapped]\n|-start|p2b: Arcanine|perish2\n|-start|p2a: Annihilape|perish2\n|-start|p1a: Go Gunhee|perish2\n|upkeep\n|turn|7\n|\n|t:|1682914812\n|move|p1a: Go Gunhee|Protect|p1a: Go Gunhee\n|-singleturn|p1a: Go Gunhee|Protect\n|move|p2b: Arcanine|Will-O-Wisp|p1a: Go Gunhee\n|-activate|p1a: Go Gunhee|move: Protect\n|move|p2a: Annihilape|Drain Punch|p1a: Go Gunhee\n|-activate|p1a: Go Gunhee|move: Protect\n|\n|-heal|p2a: Annihilape|39\/100|[from] item: Leftovers\n|-heal|p1a: Go Gunhee|83\/100|[from] item: Leftovers\n|-damage|p2a: Annihilape|26\/100|[from] move: Sand Tomb|[partiallytrapped]\n|-start|p2b: Arcanine|perish1\n|-start|p2a: Annihilape|perish1\n|-start|p1a: Go Gunhee|perish1\n|upkeep\n|turn|8\n|\n|t:|1682914821\n|move|p1a: Go Gunhee|Protect||[still]\n|-fail|p1a: Go Gunhee\n|move|p2b: Arcanine|Flare Blitz|p1a: Go Gunhee\n|-damage|p1a: Go Gunhee|62\/100\n|-damage|p2b: Arcanine|86\/100|[from] Recoil\n|move|p2a: Annihilape|Drain Punch|p1a: Go Gunhee\n|-supereffective|p1a: Go Gunhee\n|-damage|p1a: Go Gunhee|0 fnt\n|-heal|p2a: Annihilape|61\/100|[from] drain|[of] p1a: Go Gunhee\n|faint|p1a: Go Gunhee\n|\n|win|Myshirtisdirty\n|raw|nightamara's rating: 1316 → 1291<\/strong> (-25 for losing)\n|raw|Myshirtisdirty's rating: 1224 → 1255<\/strong> (+31 for winning)\n","uploadtime":1682914833,"views":13,"p1id":"nightamara","p2id":"myshirtisdirty","formatid":"gen9vgc2023regulationc","rating":1255,"private":0,"password":""}