{"id":"gen9vgc2023regulationc-1847404805","p1":"Watched30wolfeyvgc","p2":"redstonejesus","format":"[Gen 9] VGC 2023 Regulation C","log":"|j|\u2606Watched30wolfeyvgc\n|j|\u2606redstonejesus\n|t:|1681951208\n|gametype|doubles\n|player|p1|Watched30wolfeyvgc|266|1134\n|player|p2|redstonejesus|170|1093\n|teamsize|p1|6\n|teamsize|p2|6\n|gen|9\n|tier|[Gen 9] VGC 2023 Regulation C\n|rated|\n|rule|Species Clause: Limit one of each Pok\u00e9mon\n|rule|Item Clause: Limit one of each item\n|clearpoke\n|poke|p1|Chien-Pao, L50|\n|poke|p1|Gholdengo, L50|\n|poke|p1|Tyranitar, L50, M|\n|poke|p1|Quaquaval, L50, F|\n|poke|p1|Amoonguss, L50, F|\n|poke|p1|Iron Treads, L50|\n|poke|p2|Flutter Mane, L50|\n|poke|p2|Arcanine, L50, F|\n|poke|p2|Amoonguss, L50, F|\n|poke|p2|Palafin, L50, F|\n|poke|p2|Kingambit, L50, F|\n|poke|p2|Garchomp, L50, M|\n|teampreview|4\nredstonejesus has agreed to open team sheets.\n|\n|t:|1681951230\n|start\n|switch|p1a: Iron Treads|Iron Treads, L50|100\/100\n|switch|p1b: Quaquaval|Quaquaval, L50, F|100\/100\n|switch|p2a: Garchomp|Garchomp, L50, M|100\/100\n|switch|p2b: Palafin|Palafin, L50, F|100\/100\n|turn|1\n|\n|t:|1681951260\n|-terastallize|p2b: Palafin|Water\n|move|p2b: Palafin|Protect|p2b: Palafin\n|-singleturn|p2b: Palafin|Protect\n|move|p2a: Garchomp|Earthquake|p1a: Iron Treads|[spread] p1a,p1b\n|-activate|p2b: Palafin|move: Protect\n|-supereffective|p1a: Iron Treads\n|-damage|p1a: Iron Treads|52\/100\n|-damage|p1b: Quaquaval|57\/100\n|move|p1a: Iron Treads|Heavy Slam|p2b: Palafin\n|-activate|p2b: Palafin|move: Protect\n|move|p1b: Quaquaval|Aqua Step|p2a: Garchomp\n|-damage|p2a: Garchomp|59\/100\n|-boost|p1b: Quaquaval|spe|1\n|-damage|p1b: Quaquaval|45\/100|[from] ability: Rough Skin|[of] p2a: Garchomp\n|\n|upkeep\n|turn|2\n|\n|t:|1681951281\n|move|p2a: Garchomp|Protect|p2a: Garchomp\n|-singleturn|p2a: Garchomp|Protect\n|move|p1b: Quaquaval|Close Combat|p2b: Palafin\n|-damage|p2b: Palafin|25\/100\n|-unboost|p1b: Quaquaval|def|1\n|-unboost|p1b: Quaquaval|spd|1\n|move|p1a: Iron Treads|Heavy Slam|p2a: Garchomp\n|-activate|p2a: Garchomp|move: Protect\n|move|p2b: Palafin|Haze|p2b: Palafin\n|-clearallboost\n|\n|upkeep\n|turn|3\n|\n|t:|1681951315\n|switch|p1b: Chien-Pao|Chien-Pao, L50|100\/100\n|-ability|p1b: Chien-Pao|Sword of Ruin\n|move|p2b: Palafin|Protect|p2b: Palafin\n|-singleturn|p2b: Palafin|Protect\n|move|p2a: Garchomp|Earthquake|p1a: Iron Treads|[spread] p1a,p1b\n|-activate|p2b: Palafin|move: Protect\n|-supereffective|p1a: Iron Treads\n|-damage|p1a: Iron Treads|0 fnt\n|-damage|p1b: Chien-Pao|46\/100\n|faint|p1a: Iron Treads\n|-end|p1a: Iron Treads|Quark Drive|[silent]\n|\n|upkeep\n|\n|t:|1681951328\n|switch|p1a: Gholdengo|Gholdengo, L50|100\/100\n|turn|4\n|\n|t:|1681951334\n|move|p2b: Palafin|Jet Punch|p1b: Chien-Pao\n|-damage|p1b: Chien-Pao|0 fnt\n|faint|p1b: Chien-Pao\n|move|p2a: Garchomp|Earthquake|p1a: Gholdengo|[spread] p2b,p1a\n|-supereffective|p1a: Gholdengo\n|-damage|p2b: Palafin|0 fnt\n|-damage|p1a: Gholdengo|22\/100\n|faint|p2b: Palafin\n|move|p1a: Gholdengo|Make It Rain|p2a: Garchomp\n|-damage|p2a: Garchomp|0 fnt\n|-unboost|p1a: Gholdengo|spa|1\n|faint|p2a: Garchomp\n|\n|-heal|p1a: Gholdengo|28\/100|[from] item: Leftovers\n|upkeep\n|\n|t:|1681951348\n|switch|p1b: Quaquaval|Quaquaval, L50, F|45\/100\n|switch|p2a: Arcanine|Arcanine, L50, F|100\/100\n|switch|p2b: Amoonguss|Amoonguss, L50, F|100\/100\n|-ability|p2a: Arcanine|Intimidate|boost\n|-unboost|p1a: Gholdengo|atk|1\n|-unboost|p1b: Quaquaval|atk|1\n|turn|5\n|\n|t:|1681951360\n|move|p2b: Amoonguss|Rage Powder|p2b: Amoonguss\n|-singleturn|p2b: Amoonguss|move: Rage Powder\n|move|p2a: Arcanine|Flare Blitz|p1a: Gholdengo\n|-supereffective|p1a: Gholdengo\n|-damage|p1a: Gholdengo|0 fnt\n|faint|p1a: Gholdengo\n|-damage|p2a: Arcanine|90\/100|[from] Recoil\n|move|p1b: Quaquaval|Roost|p1b: Quaquaval\n|-heal|p1b: Quaquaval|95\/100\n|-singleturn|p1b: Quaquaval|move: Roost\n|\n|upkeep\n|turn|6\n|\n|t:|1681951371\n|move|p2a: Arcanine|Howl|p2a: Arcanine|[spread] p2a,p2b\n|-boost|p2a: Arcanine|atk|1\n|-boost|p2b: Amoonguss|atk|1\n|move|p1b: Quaquaval|Aqua Step|p2a: Arcanine\n|-supereffective|p2a: Arcanine\n|-damage|p2a: Arcanine|2\/100\n|-boost|p1b: Quaquaval|spe|1\n|move|p2b: Amoonguss|Spore|p1b: Quaquaval\n|-status|p1b: Quaquaval|slp|[from] move: Spore\n|\n|upkeep\n|turn|7\n|\n|t:|1681951388\n|cant|p1b: Quaquaval|slp\n|move|p2a: Arcanine|Howl|p2a: Arcanine|[spread] p2a,p2b\n|-boost|p2a: Arcanine|atk|1\n|-boost|p2b: Amoonguss|atk|1\n|move|p2b: Amoonguss|Pollen Puff|p2a: Arcanine\n|-heal|p2a: Arcanine|52\/100\n|\n|upkeep\n|turn|8\n|\n|t:|1681951409\n|move|p2b: Amoonguss|Rage Powder|p2b: Amoonguss\n|-singleturn|p2b: Amoonguss|move: Rage Powder\n|-curestatus|p1b: Quaquaval|slp|[msg]\n|move|p1b: Quaquaval|Aqua Step|p2b: Amoonguss\n|-resisted|p2b: Amoonguss\n|-damage|p2b: Amoonguss|89\/100\n|-boost|p1b: Quaquaval|spe|1\n|move|p2a: Arcanine|Howl|p2a: Arcanine|[spread] p2a,p2b\n|-boost|p2a: Arcanine|atk|1\n|-boost|p2b: Amoonguss|atk|1\n|\n|upkeep\n|turn|9\n|\n|t:|1681951420\n|move|p2b: Amoonguss|Rage Powder|p2b: Amoonguss\n|-singleturn|p2b: Amoonguss|move: Rage Powder\n|move|p1b: Quaquaval|Aqua Step|p2b: Amoonguss\n|-resisted|p2b: Amoonguss\n|-damage|p2b: Amoonguss|76\/100\n|-boost|p1b: Quaquaval|spe|1\n|move|p2a: Arcanine|Howl|p2a: Arcanine|[spread] p2a,p2b\n|-boost|p2a: Arcanine|atk|1\n|-boost|p2b: Amoonguss|atk|1\n|\n|upkeep\n|turn|10\n|\n|t:|1681951430\n|move|p2b: Amoonguss|Rage Powder|p2b: Amoonguss\n|-singleturn|p2b: Amoonguss|move: Rage Powder\n|move|p1b: Quaquaval|Aqua Step|p2b: Amoonguss\n|-resisted|p2b: Amoonguss\n|-damage|p2b: Amoonguss|65\/100\n|-boost|p1b: Quaquaval|spe|1\n|move|p2a: Arcanine|Howl|p2a: Arcanine|[spread] p2a,p2b\n|-boost|p2a: Arcanine|atk|1\n|-boost|p2b: Amoonguss|atk|1\n|\n|upkeep\n|turn|11\n|\n|t:|1681951440\n|move|p2b: Amoonguss|Rage Powder|p2b: Amoonguss\n|-singleturn|p2b: Amoonguss|move: Rage Powder\n|move|p1b: Quaquaval|Aqua Step|p2b: Amoonguss\n|-resisted|p2b: Amoonguss\n|-damage|p2b: Amoonguss|54\/100\n|-boost|p1b: Quaquaval|spe|1\n|move|p2a: Arcanine|Howl|p2a: Arcanine|[spread] p2a,p2b\n|-boost|p2a: Arcanine|atk|1\n|-boost|p2b: Amoonguss|atk|1\n|\n|upkeep\n|turn|12\n|\n|t:|1681951450\n|move|p2a: Arcanine|Extreme Speed|p1b: Quaquaval\n|-damage|p1b: Quaquaval|0 fnt\n|faint|p1b: Quaquaval\n|\n|win|redstonejesus\n|raw|Watched30wolfeyvgc's rating: 1134 → 1106<\/strong> (-28 for losing)\n|raw|redstonejesus's rating: 1093 → 1122<\/strong> (+29 for winning)\n|l|\u2606Watched30wolfeyvgc\n","uploadtime":1681951458,"views":10,"p1id":"watched30wolfeyvgc","p2id":"redstonejesus","formatid":"gen9vgc2023regulationc","rating":1106,"private":0,"password":""}