{"id":"gen9vgc2023regulationc-1857658844","p1":"z0mog","p2":"MichaelderBeste2","format":"[Gen 9] VGC 2023 Regulation C","log":"|j|\u2606z0mog\n|j|\u2606MichaelderBeste2\n|t:|1683219097\n|gametype|doubles\n|player|p1|z0mog|#splxiiibigs|\n|player|p2|MichaelderBeste2|#uuplxiidols|\n|teamsize|p1|6\n|teamsize|p2|6\n|gen|9\n|tier|[Gen 9] VGC 2023 Regulation C\n|rule|Species Clause: Limit one of each Pok\u00e9mon\n|rule|Item Clause: Limit one of each item\n|clearpoke\n|poke|p1|Arcanine, L50, M|\n|poke|p1|Amoonguss, L50, F|\n|poke|p1|Garganacl, L50, M|\n|poke|p1|Palafin, L50, F|\n|poke|p1|Flutter Mane, L50|\n|poke|p1|Ting-Lu, L50|\n|poke|p2|Garchomp, L50, F|\n|poke|p2|Flutter Mane, L50|\n|poke|p2|Iron Bundle, L50|\n|poke|p2|Tyranitar, L50, M|\n|poke|p2|Talonflame, L50, M|\n|poke|p2|Chien-Pao, L50|\n|teampreview|4\n|c|\u2606MichaelderBeste2|g1\nz0mog has agreed to open team sheets.\n|c|\u2606z0mog|hf\n|j| Borghi\nMichaelderBeste2 has agreed to open team sheets.\n|c|\u2606MichaelderBeste2|hf\n|inactive|Battle timer is ON: inactive players will automatically lose when time's up. (requested by MichaelderBeste2)\n|j| abhayfive\n|j| Pansear's Kitchen\n|j| Matteopez\n|j| Finabas\n|inactive|MichaelderBeste2 has 60 seconds left.\n|inactive|MichaelderBeste2 has 30 seconds left.\n|inactive|MichaelderBeste2 has 20 seconds left.\n|\n|t:|1683219231\n|start\n|switch|p1a: Garganacl|Garganacl, L50, M|100\/100\n|switch|p1b: Palafin|Palafin, L50, F, shiny|100\/100\n|switch|p2a: Chien-Pao|Chien-Pao, L50|100\/100\n|switch|p2b: Garchomp|Garchomp, L50, F|100\/100\n|-ability|p2a: Chien-Pao|Sword of Ruin\n|turn|1\n|inactive|z0mog has 30 seconds left.\n|inactive|MichaelderBeste2 has 30 seconds left.\n|inactive|z0mog has 20 seconds left.\n|inactive|z0mog has 15 seconds left.\n|inactive|MichaelderBeste2 has 20 seconds left.\n|inactive|z0mog has 10 seconds left.\n|\n|t:|1683219277\n|detailschange|p1b: Palafin|Palafin-Hero, L50, F, shiny\n|switch|p1b: Ting-Lu|Ting-Lu, L50|100\/100\n|-ability|p1b: Ting-Lu|Vessel of Ruin\n|-terastallize|p1a: Garganacl|Water\n|move|p2a: Chien-Pao|Protect|p2a: Chien-Pao\n|-singleturn|p2a: Chien-Pao|Protect\n|move|p2b: Garchomp|Earthquake|p1a: Garganacl|[spread] p1a,p1b\n|-activate|p2a: Chien-Pao|move: Protect\n|-crit|p1a: Garganacl\n|-damage|p1a: Garganacl|48\/100\n|-damage|p1b: Ting-Lu|70\/100\n|move|p1a: Garganacl|Salt Cure|p2b: Garchomp\n|-resisted|p2b: Garchomp\n|-damage|p2b: Garchomp|91\/100\n|-start|p2b: Garchomp|Salt Cure\n|\n|-heal|p1a: Garganacl|54\/100|[from] item: Leftovers\n|-damage|p2b: Garchomp|78\/100|[from] Salt Cure\n|upkeep\n|turn|2\n|inactive|z0mog has 30 seconds left.\n|inactive|z0mog has 20 seconds left.\n|inactive|z0mog has 15 seconds left.\n|inactive|MichaelderBeste2 has 30 seconds left.\n|\n|t:|1683219320\n|-terastallize|p2a: Chien-Pao|Flying\n|move|p2a: Chien-Pao|Sacred Sword|p1a: Garganacl\n|-damage|p1a: Garganacl|29\/100\n|move|p2b: Garchomp|Earthquake|p1a: Garganacl|[spread] p1a,p1b\n|-immune|p2a: Chien-Pao\n|-damage|p1a: Garganacl|0 fnt\n|-damage|p1b: Ting-Lu|36\/100\n|faint|p1a: Garganacl\n|move|p1b: Ting-Lu|Heavy Slam|p2a: Chien-Pao\n|-crit|p2a: Chien-Pao\n|-damage|p2a: Chien-Pao|38\/100\n|\n|-damage|p2b: Garchomp|66\/100|[from] Salt Cure\n|upkeep\n|\n|t:|1683219331\n|switch|p1a: Palafin|Palafin-Hero, L50, F, shiny|100\/100\n|-activate|p1a: Palafin|ability: Zero to Hero\n|turn|3\n|\n|t:|1683219347\n|move|p2a: Chien-Pao|Protect|p2a: Chien-Pao\n|-singleturn|p2a: Chien-Pao|Protect\n|move|p1a: Palafin|Protect|p1a: Palafin\n|-singleturn|p1a: Palafin|Protect\n|move|p2b: Garchomp|Earthquake|p1b: Ting-Lu|[spread] p1b\n|-activate|p2a: Chien-Pao|move: Protect\n|-activate|p1a: Palafin|move: Protect\n|-crit|p1b: Ting-Lu\n|-damage|p1b: Ting-Lu|0 fnt\n|faint|p1b: Ting-Lu\n|\n|-damage|p2b: Garchomp|53\/100|[from] Salt Cure\n|upkeep\n|\n|t:|1683219357\n|switch|p1b: Amoonguss|Amoonguss, L50, F|100\/100\n|turn|4\n|\n|t:|1683219374\n|move|p2a: Chien-Pao|Sucker Punch||[still]\n|-fail|p2a: Chien-Pao\n|move|p2b: Garchomp|Earthquake|p1a: Palafin|[spread] p1a,p1b\n|-immune|p2a: Chien-Pao\n|-damage|p1a: Palafin|56\/100\n|-damage|p1b: Amoonguss|56\/100\n|move|p1a: Palafin|Substitute|p1a: Palafin\n|-start|p1a: Palafin|Substitute\n|-damage|p1a: Palafin|32\/100\n|move|p1b: Amoonguss|Spore|p2b: Garchomp\n|-status|p2b: Garchomp|slp|[from] move: Spore\n|\n|-damage|p2b: Garchomp|41\/100 slp|[from] Salt Cure\n|upkeep\n|turn|5\n|\n|t:|1683219391\n|switch|p2b: Iron Bundle|Iron Bundle, L50|100\/100\n|-enditem|p2b: Iron Bundle|Booster Energy\n|-activate|p2b: Iron Bundle|ability: Quark Drive|[fromitem]\n|-start|p2b: Iron Bundle|quarkdrivespe\n|move|p2a: Chien-Pao|Protect|p2a: Chien-Pao\n|-singleturn|p2a: Chien-Pao|Protect\n|move|p1a: Palafin|Jet Punch|p2a: Chien-Pao\n|-activate|p2a: Chien-Pao|move: Protect\n|move|p1b: Amoonguss|Pollen Puff|p1a: Palafin\n|-heal|p1a: Palafin|81\/100\n|\n|upkeep\n|turn|6\n|\n|t:|1683219404\n|move|p1b: Amoonguss|Protect|p1b: Amoonguss\n|-singleturn|p1b: Amoonguss|Protect\n|move|p2a: Chien-Pao|Sucker Punch|p1a: Palafin\n|-end|p1a: Palafin|Substitute\n|move|p1a: Palafin|Jet Punch|p2a: Chien-Pao\n|-damage|p2a: Chien-Pao|0 fnt\n|faint|p2a: Chien-Pao\n|move|p2b: Iron Bundle|Freeze-Dry|p1b: Amoonguss\n|-activate|p1b: Amoonguss|move: Protect\n|\n|upkeep\n|\n|t:|1683219414\n|switch|p2a: Tyranitar|Tyranitar, L50, M|100\/100\n|-weather|Sandstorm|[from] ability: Sand Stream|[of] p2a: Tyranitar\n|turn|7\n|\n|t:|1683219434\n|move|p2b: Iron Bundle|Freeze-Dry|p1b: Amoonguss\n|-supereffective|p1b: Amoonguss\n|-damage|p1b: Amoonguss|0 fnt\n|faint|p1b: Amoonguss\n|move|p1a: Palafin|Wave Crash|p2a: Tyranitar\n|-supereffective|p2a: Tyranitar\n|-damage|p2a: Tyranitar|0 fnt\n|faint|p2a: Tyranitar\n|-damage|p1a: Palafin|51\/100|[from] Recoil\n|\n|-weather|Sandstorm|[upkeep]\n|-damage|p2b: Iron Bundle|95\/100|[from] Sandstorm\n|-damage|p1a: Palafin|45\/100|[from] Sandstorm\n|upkeep\n|\n|t:|1683219440\n|switch|p2a: Garchomp|Garchomp, L50, F|41\/100 slp\n|turn|8\n|\n|t:|1683219444\n|move|p1a: Palafin|Jet Punch|p2b: Iron Bundle\n|-resisted|p2b: Iron Bundle\n|-damage|p2b: Iron Bundle|68\/100\n|move|p2b: Iron Bundle|Freeze-Dry|p1a: Palafin\n|-supereffective|p1a: Palafin\n|-damage|p1a: Palafin|0 fnt\n|faint|p1a: Palafin\n|\n|win|MichaelderBeste2\n|j| ILuvUBB\n|c|\u2606z0mog|gg\n|c|\u2606MichaelderBeste2|gg\n","uploadtime":1683219450,"views":60,"p1id":"z0mog","p2id":"michaelderbeste2","formatid":"gen9vgc2023regulationc","rating":0,"private":0,"password":""}