{"id":"gen9vgc2023regulationc-1863421387","p1":"Paschar","p2":"Reaper976b","format":"[Gen 9] VGC 2023 Regulation C","log":"|j|\u2606Paschar\n|j|\u2606Reaper976b\n|t:|1684014899\n|gametype|doubles\n|player|p1|Paschar|265|\n|player|p2|Reaper976b|cyrus|\n|teamsize|p1|6\n|teamsize|p2|6\n|gen|9\n|tier|[Gen 9] VGC 2023 Regulation C\n|rule|Species Clause: Limit one of each Pok\u00e9mon\n|rule|Item Clause: Limit one of each item\n|clearpoke\n|poke|p1|Volcarona, L50, M|\n|poke|p1|Dragonite, L50, M|\n|poke|p1|Chien-Pao, L50|\n|poke|p1|Iron Thorns, L50|\n|poke|p1|Gardevoir, L50, M|\n|poke|p1|Toedscruel, L50, M|\n|poke|p2|Kingambit, L50, F|\n|poke|p2|Iron Valiant, L50|\n|poke|p2|Baxcalibur, L50, M|\n|poke|p2|Amoonguss, L50, F|\n|poke|p2|Corviknight, L50, F|\n|poke|p2|Vaporeon, L50, M|\n|teampreview|4\n|\n|t:|1684014918\n|start\n|switch|p1a: Volcarona|Volcarona, L50, M|100\/100\n|switch|p1b: Gardevoir|Gardevoir, L50, M|100\/100\n|switch|p2a: Corviknight|Corviknight, L50, F|100\/100\n|switch|p2b: Vaporeon|Vaporeon, L50, M|100\/100\n|-ability|p2a: Corviknight|Pressure\n|turn|1\n|\n|t:|1684014941\n|move|p1b: Gardevoir|Energy Ball|p2b: Vaporeon\n|-supereffective|p2b: Vaporeon\n|-damage|p2b: Vaporeon|63\/100\n|move|p1a: Volcarona|Fiery Dance|p2a: Corviknight\n|-supereffective|p2a: Corviknight\n|-damage|p2a: Corviknight|0 fnt\n|faint|p2a: Corviknight\n|move|p2b: Vaporeon|Chilling Water|p1a: Volcarona\n|-supereffective|p1a: Volcarona\n|-damage|p1a: Volcarona|63\/100\n|-unboost|p1a: Volcarona|atk|1\n|\n|upkeep\n|\n|t:|1684014955\n|switch|p2a: Baxcalibur|Baxcalibur, L50, M, shiny|100\/100\n|turn|2\n|\n|t:|1684014975\n|switch|p1b: Chien-Pao|Chien-Pao, L50|100\/100\n|-ability|p1b: Chien-Pao|Sword of Ruin\n|-terastallize|p2a: Baxcalibur|Water\n|move|p2b: Vaporeon|Helping Hand|p2a: Baxcalibur\n|-singleturn|p2a: Baxcalibur|Helping Hand|[of] p2b: Vaporeon\n|move|p1a: Volcarona|Protect|p1a: Volcarona\n|-singleturn|p1a: Volcarona|Protect\n|move|p2a: Baxcalibur|Icicle Spear|p1b: Chien-Pao\n|-resisted|p1b: Chien-Pao\n|-damage|p1b: Chien-Pao|86\/100\n|-resisted|p1b: Chien-Pao\n|-damage|p1b: Chien-Pao|72\/100\n|-resisted|p1b: Chien-Pao\n|-damage|p1b: Chien-Pao|59\/100\n|-resisted|p1b: Chien-Pao\n|-damage|p1b: Chien-Pao|46\/100\n|-hitcount|p1b: Chien-Pao|4\n|\n|upkeep\n|turn|3\n|\n|t:|1684015013\n|move|p1b: Chien-Pao|Sucker Punch|p2a: Baxcalibur\n|-damage|p2a: Baxcalibur|55\/100\n|move|p2a: Baxcalibur|Aqua Tail|p1a: Volcarona\n|-supereffective|p1a: Volcarona\n|-damage|p1a: Volcarona|0 fnt\n|faint|p1a: Volcarona\n|move|p2b: Vaporeon|Chilling Water|p1b: Chien-Pao\n|-damage|p1b: Chien-Pao|16\/100\n|\n|upkeep\n|\n|t:|1684015023\n|switch|p1a: Dragonite|Dragonite, L50, M|100\/100\n|turn|4\n|\n|t:|1684015034\n|-terastallize|p1a: Dragonite|Normal\n|move|p2a: Baxcalibur|Protect|p2a: Baxcalibur\n|-singleturn|p2a: Baxcalibur|Protect\n|move|p1a: Dragonite|Extreme Speed|p2b: Vaporeon\n|-damage|p2b: Vaporeon|0 fnt\n|faint|p2b: Vaporeon\n|move|p1b: Chien-Pao|Sucker Punch||[still]\n|-fail|p1b: Chien-Pao\n|\n|upkeep\n|\n|t:|1684015041\n|switch|p2b: Kingambit|Kingambit, L50, F, shiny|100\/100\n|turn|5\n|\n|t:|1684015055\n|move|p1a: Dragonite|Extreme Speed|p2a: Baxcalibur\n|-damage|p2a: Baxcalibur|0 fnt\n|faint|p2a: Baxcalibur\n|move|p1b: Chien-Pao|Brick Break|p2b: Kingambit\n|-supereffective|p2b: Kingambit\n|-damage|p2b: Kingambit|6\/100\n|move|p2b: Kingambit|Brick Break|p1b: Chien-Pao\n|-supereffective|p1b: Chien-Pao\n|-damage|p1b: Chien-Pao|0 fnt\n|faint|p1b: Chien-Pao\n|\n|upkeep\n|\n|t:|1684015066\n|switch|p1b: Gardevoir|Gardevoir, L50, M|100\/100\n|turn|6\n|n|\u2606Reaper976b|reaper976b\n|c|\u2606Reaper976b|Ggs\n|c|\u2606Paschar|Gg\n|\n|t:|1684015096\n|move|p2b: Kingambit|Protect|p2b: Kingambit\n|-singleturn|p2b: Kingambit|Protect\n|move|p1a: Dragonite|Extreme Speed|p2b: Kingambit\n|-activate|p2b: Kingambit|move: Protect\n|move|p1b: Gardevoir|Dazzling Gleam|p2b: Kingambit\n|-activate|p2b: Kingambit|move: Protect\n|\n|upkeep\n|turn|7\n|\n|t:|1684015106\n|move|p1a: Dragonite|Extreme Speed|p2b: Kingambit\n|-resisted|p2b: Kingambit\n|-damage|p2b: Kingambit|0 fnt\n|faint|p2b: Kingambit\n|\n|win|Paschar\n|l|\u2606Reaper976b\n","uploadtime":1684015115,"views":13,"p1id":"paschar","p2id":"reaper976b","formatid":"gen9vgc2023regulationc","rating":0,"private":0,"password":""}