{"id":"gen9vgc2023regulationc-1846730340","p1":"xielinzhan","p2":"Splash1234567","format":"[Gen 9] VGC 2023 Regulation C","log":"|j|\u2606xielinzhan\n|j|\u2606Splash1234567\n|t:|1681871201\n|gametype|doubles\n|player|p1|xielinzhan|265|1158\n|player|p2|Splash1234567|102|1147\n|teamsize|p1|6\n|teamsize|p2|6\n|gen|9\n|tier|[Gen 9] VGC 2023 Regulation C\n|rated|\n|rule|Species Clause: Limit one of each Pok\u00e9mon\n|rule|Item Clause: Limit one of each item\n|clearpoke\n|poke|p1|Palafin, L50, M|\n|poke|p1|Amoonguss, L50, M|\n|poke|p1|Baxcalibur, L50, F|\n|poke|p1|Flutter Mane, L50|\n|poke|p1|Arcanine, L50, F|\n|poke|p1|Ting-Lu, L50|\n|poke|p2|Amoonguss, L50, F|\n|poke|p2|Pelipper, L50, F|\n|poke|p2|Palafin, L50, F|\n|poke|p2|Barraskewda, L50, F|\n|poke|p2|Chien-Pao, L50|\n|poke|p2|Gholdengo, L50|\n|teampreview|4\n|\n|t:|1681871232\n|start\n|switch|p1a: Palafin|Palafin, L50, M|100\/100\n|switch|p1b: Amoonguss|Amoonguss, L50, M|100\/100\n|switch|p2a: Gholdengo|Gholdengo, L50|100\/100\n|switch|p2b: Palafin|Palafin, L50, F|100\/100\n|turn|1\n|\n|t:|1681871257\n|detailschange|p2b: Palafin|Palafin-Hero, L50, F\n|switch|p2b: Amoonguss|Amoonguss, L50, F|100\/100\n|detailschange|p1a: Palafin|Palafin-Hero, L50, M\n|switch|p1a: Ting-Lu|Ting-Lu, L50|100\/100\n|-ability|p1a: Ting-Lu|Vessel of Ruin\n|-terastallize|p1b: Amoonguss|Water\n|move|p2a: Gholdengo|Trick|p1b: Amoonguss\n|-activate|p2a: Gholdengo|move: Trick|[of] p1b: Amoonguss\n|-item|p1b: Amoonguss|Choice Specs|[from] move: Trick\n|-item|p2a: Gholdengo|Sitrus Berry|[from] move: Trick\n|move|p1b: Amoonguss|Spore|p2b: Amoonguss\n|-immune|p2b: Amoonguss\n|\n|upkeep\n|turn|2\n|\n|t:|1681871299\n|switch|p1b: Arcanine|Arcanine, L50, F|100\/100\n|-ability|p1b: Arcanine|Intimidate|boost\n|-unboost|p2a: Gholdengo|atk|1\n|-unboost|p2b: Amoonguss|atk|1\n|move|p2b: Amoonguss|Rage Powder|p2b: Amoonguss\n|-singleturn|p2b: Amoonguss|move: Rage Powder\n|move|p2a: Gholdengo|Thunder|p1b: Arcanine|[miss]\n|-miss|p2a: Gholdengo|p1b: Arcanine\n|move|p1a: Ting-Lu|Payback|p2b: Amoonguss\n|-damage|p2b: Amoonguss|63\/100\n|-damage|p1a: Ting-Lu|84\/100|[from] item: Rocky Helmet|[of] p2b: Amoonguss\n|\n|upkeep\n|turn|3\n|\n|t:|1681871333\n|switch|p2a: Palafin|Palafin-Hero, L50, F|100\/100\n|-activate|p2a: Palafin|ability: Zero to Hero\n|move|p1b: Arcanine|Protect|p1b: Arcanine\n|-singleturn|p1b: Arcanine|Protect\n|move|p2b: Amoonguss|Protect|p2b: Amoonguss\n|-singleturn|p2b: Amoonguss|Protect\n|move|p1a: Ting-Lu|Fissure|p2b: Amoonguss\n|-activate|p2b: Amoonguss|move: Protect\n|\n|upkeep\n|turn|4\n|\n|t:|1681871364\n|switch|p1b: Amoonguss|Amoonguss, L50, M, tera:Water|100\/100\n|-terastallize|p2a: Palafin|Water\n|move|p2a: Palafin|Jet Punch|p1b: Amoonguss\n|-resisted|p1b: Amoonguss\n|-damage|p1b: Amoonguss|75\/100\n|move|p1a: Ting-Lu|Stomping Tantrum|p2a: Palafin\n|-damage|p2a: Palafin|68\/100\n|move|p2b: Amoonguss|Spore|p1b: Amoonguss\n|-status|p1b: Amoonguss|slp|[from] move: Spore\n|\n|upkeep\n|turn|5\n|\n|t:|1681871396\n|switch|p1b: Arcanine|Arcanine, L50, F|100\/100\n|-ability|p1b: Arcanine|Intimidate|boost\n|-unboost|p2a: Palafin|atk|1\n|-unboost|p2b: Amoonguss|atk|1\n|move|p2a: Palafin|Wave Crash|p1a: Ting-Lu\n|-supereffective|p1a: Ting-Lu\n|-damage|p1a: Ting-Lu|0 fnt\n|faint|p1a: Ting-Lu\n|-damage|p2a: Palafin|34\/100|[from] Recoil\n|move|p2b: Amoonguss|Pollen Puff|p2a: Palafin\n|-heal|p2a: Palafin|84\/100\n|\n|upkeep\n|\n|t:|1681871414\n|switch|p1a: Amoonguss|Amoonguss, L50, M, tera:Water|100\/100 slp\n|turn|6\n|\n|t:|1681871436\n|switch|p1b: Palafin|Palafin-Hero, L50, M|100\/100\n|-activate|p1b: Palafin|ability: Zero to Hero\n|cant|p1a: Amoonguss|slp\n|move|p2a: Palafin|Wave Crash|p1b: Palafin\n|-resisted|p1b: Palafin\n|-damage|p1b: Palafin|60\/100\n|-damage|p2a: Palafin|70\/100|[from] Recoil\n|move|p2b: Amoonguss|Pollen Puff|p2a: Palafin\n|-heal|p2a: Palafin|100\/100\n|\n|upkeep\n|turn|7\n|\n|t:|1681871466\n|switch|p1b: Arcanine|Arcanine, L50, F|100\/100\n|-ability|p1b: Arcanine|Intimidate|boost\n|-unboost|p2a: Palafin|atk|1\n|-unboost|p2b: Amoonguss|atk|1\n|move|p2a: Palafin|Protect|p2a: Palafin\n|-singleturn|p2a: Palafin|Protect\n|-curestatus|p1a: Amoonguss|slp|[msg]\n|move|p1a: Amoonguss|Spore|p2a: Palafin\n|-activate|p2a: Palafin|move: Protect\n|move|p2b: Amoonguss|Spore|p1b: Arcanine\n|-activate|p1b: Arcanine|item: Safety Goggles|Spore\n|\n|upkeep\n|turn|8\n|\n|t:|1681871498\n|switch|p2a: Gholdengo|Gholdengo, L50|100\/100\n|move|p1b: Arcanine|Flare Blitz|p2b: Amoonguss\n|-supereffective|p2b: Amoonguss\n|-damage|p2b: Amoonguss|0 fnt\n|-damage|p1b: Arcanine|84\/100|[from] item: Rocky Helmet|[of] p2b: Amoonguss\n|faint|p2b: Amoonguss\n|-damage|p1b: Arcanine|61\/100|[from] Recoil\n|move|p1a: Amoonguss|Spore|p2a: Gholdengo\n|-immune|p2a: Gholdengo|[from] ability: Good as Gold\n|\n|upkeep\n|\n|t:|1681871515\n|switch|p2b: Palafin|Palafin-Hero, L50, F, tera:Water|100\/100\n|turn|9\n|\n|t:|1681871538\n|switch|p2a: Chien-Pao|Chien-Pao, L50|100\/100\n|-ability|p2a: Chien-Pao|Sword of Ruin\n|move|p2b: Palafin|Wave Crash|p1b: Arcanine\n|-supereffective|p1b: Arcanine\n|-damage|p1b: Arcanine|0 fnt\n|faint|p1b: Arcanine\n|-damage|p2b: Palafin|81\/100|[from] Recoil\n|move|p1a: Amoonguss|Spore|p2b: Palafin\n|-status|p2b: Palafin|slp|[from] move: Spore\n|\n|upkeep\n|\n|t:|1681871551\n|switch|p1b: Palafin|Palafin-Hero, L50, M|60\/100\n|turn|10\n|\n|t:|1681871573\n|switch|p2a: Gholdengo|Gholdengo, L50|100\/100\n|cant|p2b: Palafin|slp\n|move|p1b: Palafin|Protect|p1b: Palafin\n|-singleturn|p1b: Palafin|Protect\n|move|p1a: Amoonguss|Spore|p2a: Gholdengo\n|-immune|p2a: Gholdengo|[from] ability: Good as Gold\n|\n|upkeep\n|turn|11\n|\n|t:|1681871589\n|move|p2a: Gholdengo|Thunder|p1b: Palafin|[miss]\n|-miss|p2a: Gholdengo|p1b: Palafin\n|cant|p2b: Palafin|slp\n|move|p1b: Palafin|Wave Crash|p2a: Gholdengo\n|-damage|p2a: Gholdengo|3\/100\n|-enditem|p2a: Gholdengo|Sitrus Berry|[eat]\n|-heal|p2a: Gholdengo|27\/100|[from] item: Sitrus Berry\n|-damage|p1b: Palafin|33\/100|[from] Recoil\n|move|p1a: Amoonguss|Spore|p2b: Palafin\n|-fail|p2b: Palafin|slp\n|\n|upkeep\n|turn|12\n|\n|t:|1681871606\n|move|p1b: Palafin|Jet Punch|p2a: Gholdengo\n|-damage|p2a: Gholdengo|0 fnt\n|faint|p2a: Gholdengo\n|cant|p2b: Palafin|slp\n|move|p1a: Amoonguss|Spore|p2b: Palafin\n|-fail|p2b: Palafin|slp\n|\n|upkeep\n|\n|t:|1681871614\n|switch|p2a: Chien-Pao|Chien-Pao, L50|100\/100\n|-ability|p2a: Chien-Pao|Sword of Ruin\n|turn|13\n|\n|t:|1681871645\n|move|p2a: Chien-Pao|Protect|p2a: Chien-Pao\n|-singleturn|p2a: Chien-Pao|Protect\n|move|p1b: Palafin|Protect|p1b: Palafin\n|-singleturn|p1b: Palafin|Protect\n|-curestatus|p2b: Palafin|slp|[msg]\n|move|p2b: Palafin|Wave Crash|p1b: Palafin\n|-activate|p1b: Palafin|move: Protect\n|move|p1a: Amoonguss|Spore|p2a: Chien-Pao\n|-activate|p2a: Chien-Pao|move: Protect\n|\n|upkeep\n|turn|14\n|\n|t:|1681871668\n|move|p1b: Palafin|Jet Punch|p2a: Chien-Pao\n|-damage|p2a: Chien-Pao|35\/100\n|move|p2a: Chien-Pao|Sacred Sword|p1b: Palafin\n|-crit|p1b: Palafin\n|-damage|p1b: Palafin|0 fnt\n|faint|p1b: Palafin\n|-damage|p2a: Chien-Pao|25\/100|[from] item: Life Orb\n|move|p2b: Palafin|Wave Crash|p1a: Amoonguss\n|-resisted|p1a: Amoonguss\n|-damage|p1a: Amoonguss|41\/100\n|-damage|p2b: Palafin|59\/100|[from] Recoil\n|move|p1a: Amoonguss|Spore|p2b: Palafin\n|-status|p2b: Palafin|slp|[from] move: Spore\n|\n|upkeep\n|turn|15\n|l|\u2606Splash1234567\n|player|p2|\n|j|\u2606Splash1234567\n|player|p2|Splash1234567|102\n|inactive|Battle timer is ON: inactive players will automatically lose when time's up. (requested by Splash1234567)\n|inactive|xielinzhan has 60 seconds left.\n|inactive|xielinzhan has 30 seconds left.\n|inactive|xielinzhan has 20 seconds left.\n|inactive|xielinzhan has 15 seconds left.\n|inactive|xielinzhan has 10 seconds left.\n|inactive|xielinzhan has 5 seconds left.\n|\n|t:|1681871858\n|move|p2a: Chien-Pao|Sacred Sword|p1a: Amoonguss\n|-damage|p1a: Amoonguss|2\/100\n|-damage|p2a: Chien-Pao|16\/100|[from] item: Life Orb\n|cant|p2b: Palafin|slp\n|move|p1a: Amoonguss|Spore|p2a: Chien-Pao\n|-status|p2a: Chien-Pao|slp|[from] move: Spore\n|\n|upkeep\n|turn|16\n|inactive|xielinzhan has 30 seconds left.\n|inactive|xielinzhan has 20 seconds left.\n|inactive|xielinzhan has 15 seconds left.\n|inactive|xielinzhan has 10 seconds left.\n|inactive|xielinzhan has 5 seconds left.\n|\n|t:|1681871913\n|cant|p2a: Chien-Pao|slp\n|-curestatus|p2b: Palafin|slp|[msg]\n|move|p2b: Palafin|Jet Punch|p1a: Amoonguss\n|-resisted|p1a: Amoonguss\n|-damage|p1a: Amoonguss|0 fnt\n|faint|p1a: Amoonguss\n|\n|win|Splash1234567\n|raw|xielinzhan's rating: 1158 → 1132<\/strong> (-26 for losing)\n|raw|Splash1234567's rating: 1147 → 1173<\/strong> (+26 for winning)\n","uploadtime":1681871930,"views":16,"p1id":"xielinzhan","p2id":"splash1234567","formatid":"gen9vgc2023regulationc","rating":1132,"private":0,"password":""}