{"id":"gen9vgc2023regulationc-1852836710","p1":"DjPr1me","p2":"StalllPlayer","format":"[Gen 9] VGC 2023 Regulation C","log":"|j|\u2606DjPr1me\n|j|\u2606StalllPlayer\n|t:|1682610384\n|gametype|doubles\n|player|p1|DjPr1me|acetrainer|1100\n|player|p2|StalllPlayer|265|1092\n|teamsize|p1|6\n|teamsize|p2|6\n|gen|9\n|tier|[Gen 9] VGC 2023 Regulation C\n|rated|\n|rule|Species Clause: Limit one of each Pok\u00e9mon\n|rule|Item Clause: Limit one of each item\n|clearpoke\n|poke|p1|Hawlucha, L50, F|\n|poke|p1|Indeedee-F, L50, F|\n|poke|p1|Sylveon, L50, F|\n|poke|p1|Amoonguss, L50, F|\n|poke|p1|Arcanine, L50, M|\n|poke|p1|Dragonite, L50, F|\n|poke|p2|Pelipper, L50, M|\n|poke|p2|Palafin, L50, M|\n|poke|p2|Floatzel, L50, M|\n|poke|p2|Iron Bundle, L50|\n|poke|p2|Amoonguss, L50, M|\n|poke|p2|Kingambit, L50, F|\n|teampreview|4\n|inactive|Battle timer is ON: inactive players will automatically lose when time's up. (requested by DjPr1me)\n|\n|t:|1682610407\n|start\n|switch|p1a: Sylveon|Sylveon, L50, F|100\/100\n|switch|p1b: Amoonguss|Amoonguss, L50, F|100\/100\n|switch|p2a: Pelipper|Pelipper, L50, M|100\/100\n|switch|p2b: Floatzel|Floatzel, L50, M|100\/100\n|-weather|RainDance|[from] ability: Drizzle|[of] p2a: Pelipper\n|turn|1\n|\n|t:|1682610422\n|switch|p2b: Amoonguss|Amoonguss, L50, M|100\/100\n|-terastallize|p1b: Amoonguss|Water\n|move|p1b: Amoonguss|Rage Powder|p1b: Amoonguss\n|-singleturn|p1b: Amoonguss|move: Rage Powder\n|move|p2a: Pelipper|Hurricane|p1b: Amoonguss\n|-damage|p1b: Amoonguss|58\/100\n|move|p1a: Sylveon|Calm Mind|p1a: Sylveon\n|-boost|p1a: Sylveon|spa|1\n|-boost|p1a: Sylveon|spd|1\n|\n|-weather|RainDance|[upkeep]\n|upkeep\n|turn|2\n|\n|t:|1682610441\n|move|p1a: Sylveon|Protect|p1a: Sylveon\n|-singleturn|p1a: Sylveon|Protect\n|move|p2a: Pelipper|Hydro Pump|p1a: Sylveon\n|-activate|p1a: Sylveon|move: Protect\n|move|p2b: Amoonguss|Spore|p1a: Sylveon\n|-activate|p1a: Sylveon|move: Protect\n|move|p1b: Amoonguss|Spore|p2a: Pelipper\n|-status|p2a: Pelipper|slp|[from] move: Spore\n|\n|-weather|RainDance|[upkeep]\n|upkeep\n|turn|3\n|\n|t:|1682610460\n|switch|p2a: Iron Bundle|Iron Bundle, L50|100\/100\n|switch|p1b: Indeedee|Indeedee-F, L50, F|100\/100\n|-fieldstart|move: Psychic Terrain|[from] ability: Psychic Surge|[of] p1b: Indeedee\n|move|p1a: Sylveon|Hyper Voice|p2a: Iron Bundle|[spread] p2a,p2b\n|-resisted|p2b: Amoonguss\n|-damage|p2a: Iron Bundle|2\/100\n|-damage|p2b: Amoonguss|86\/100\n|move|p2b: Amoonguss|Spore|p1a: Sylveon\n|-status|p1a: Sylveon|slp|[from] move: Spore\n|\n|-weather|RainDance|[upkeep]\n|-heal|p2b: Amoonguss|91\/100|[from] item: Black Sludge\n|upkeep\n|turn|4\n|\n|t:|1682610481\n|-terastallize|p2a: Iron Bundle|Water\n|move|p2a: Iron Bundle|Hydro Pump|p1b: Indeedee\n|-damage|p1b: Indeedee|0 fnt\n|faint|p1b: Indeedee\n|cant|p1a: Sylveon|slp\n|move|p2b: Amoonguss|Pollen Puff|p2a: Iron Bundle\n|-heal|p2a: Iron Bundle|52\/100\n|\n|-weather|RainDance|[upkeep]\n|-heal|p2b: Amoonguss|97\/100|[from] item: Black Sludge\n|upkeep\n|\n|t:|1682610498\n|switch|p1b: Hawlucha|Hawlucha, L50, F|100\/100\n|-enditem|p1b: Hawlucha|Psychic Seed\n|-boost|p1b: Hawlucha|spd|1|[from] item: Psychic Seed\n|turn|5\n|\n|t:|1682610506\n|move|p1b: Hawlucha|Protect|p1b: Hawlucha\n|-singleturn|p1b: Hawlucha|Protect\n|move|p2b: Amoonguss|Rage Powder|p2b: Amoonguss\n|-singleturn|p2b: Amoonguss|move: Rage Powder\n|move|p2a: Iron Bundle|Hydro Pump|p1b: Hawlucha\n|-activate|p1b: Hawlucha|move: Protect\n|cant|p1a: Sylveon|slp\n|\n|-weather|RainDance|[upkeep]\n|-heal|p2b: Amoonguss|100\/100|[from] item: Black Sludge\n|upkeep\n|turn|6\n|inactive|DjPr1me has 30 seconds left.\n|\n|t:|1682610535\n|switch|p1b: Amoonguss|Amoonguss, L50, F, tera:Water|91\/100\n|move|p2b: Amoonguss|Rage Powder|p2b: Amoonguss\n|-singleturn|p2b: Amoonguss|move: Rage Powder\n|move|p2a: Iron Bundle|Hydro Pump|p1a: Sylveon\n|-damage|p1a: Sylveon|22\/100 slp\n|cant|p1a: Sylveon|slp\n|\n|-weather|RainDance|[upkeep]\n|-heal|p1a: Sylveon|28\/100 slp|[from] item: Leftovers\n|upkeep\n|turn|7\n|\n|t:|1682610558\n|-end|p2a: Iron Bundle|Quark Drive|[silent]\n|switch|p2a: Pelipper|Pelipper, L50, M|100\/100 slp\n|move|p2b: Amoonguss|Protect|p2b: Amoonguss\n|-singleturn|p2b: Amoonguss|Protect\n|move|p1b: Amoonguss|Rage Powder|p1b: Amoonguss\n|-singleturn|p1b: Amoonguss|move: Rage Powder\n|-curestatus|p1a: Sylveon|slp|[msg]\n|move|p1a: Sylveon|Hyper Voice|p2a: Pelipper|[spread] p2a\n|-activate|p2b: Amoonguss|move: Protect\n|-damage|p2a: Pelipper|38\/100 slp\n|\n|-weather|RainDance|[upkeep]\n|-heal|p1a: Sylveon|34\/100|[from] item: Leftovers\n|-fieldend|move: Psychic Terrain\n|upkeep\n|turn|8\n|\n|t:|1682610580\n|cant|p2a: Pelipper|slp\n|move|p1a: Sylveon|Hyper Voice|p2b: Amoonguss|[spread] p2a,p2b\n|-resisted|p2b: Amoonguss\n|-damage|p2a: Pelipper|0 fnt\n|-damage|p2b: Amoonguss|86\/100\n|faint|p2a: Pelipper\n|move|p2b: Amoonguss|Spore|p1a: Sylveon\n|-status|p1a: Sylveon|slp|[from] move: Spore\n|move|p1b: Amoonguss|Pollen Puff|p1a: Sylveon\n|-heal|p1a: Sylveon|84\/100 slp\n|\n|-weather|none\n|-heal|p1a: Sylveon|90\/100 slp|[from] item: Leftovers\n|-heal|p2b: Amoonguss|91\/100|[from] item: Black Sludge\n|upkeep\n|\n|t:|1682610592\n|switch|p2a: Floatzel|Floatzel, L50, M|100\/100\n|turn|9\n|\n|t:|1682610605\n|move|p1b: Amoonguss|Rage Powder|p1b: Amoonguss\n|-singleturn|p1b: Amoonguss|move: Rage Powder\n|move|p2a: Floatzel|Wave Crash|p1b: Amoonguss\n|-resisted|p1b: Amoonguss\n|-damage|p1b: Amoonguss|55\/100\n|-damage|p2a: Floatzel|84\/100|[from] item: Rocky Helmet|[of] p1b: Amoonguss\n|-damage|p2a: Floatzel|68\/100|[from] Recoil\n|cant|p1a: Sylveon|slp\n|move|p2b: Amoonguss|Spore|p1b: Amoonguss\n|-status|p1b: Amoonguss|slp|[from] move: Spore\n|\n|-heal|p1a: Sylveon|96\/100 slp|[from] item: Leftovers\n|-heal|p2b: Amoonguss|97\/100|[from] item: Black Sludge\n|upkeep\n|turn|10\n|\n|t:|1682610628\n|move|p2a: Floatzel|Wave Crash|p1a: Sylveon\n|-crit|p1a: Sylveon\n|-damage|p1a: Sylveon|0 fnt\n|faint|p1a: Sylveon\n|-damage|p2a: Floatzel|28\/100|[from] Recoil\n|cant|p1b: Amoonguss|slp\n|move|p2b: Amoonguss|Pollen Puff|p2a: Floatzel\n|-heal|p2a: Floatzel|78\/100\n|\n|-heal|p2b: Amoonguss|100\/100|[from] item: Black Sludge\n|upkeep\n|c|\u2606DjPr1me|Son of a fucking bitch\n|-message|DjPr1me forfeited.\n|\n|win|StalllPlayer\n|raw|DjPr1me's rating: 1100 → 1074<\/strong> (-26 for losing)\n|raw|StalllPlayer's rating: 1092 → 1119<\/strong> (+27 for winning)\n|l|\u2606DjPr1me\n","uploadtime":1682610641,"views":4,"p1id":"djpr1me","p2id":"stalllplayer","formatid":"gen9vgc2023regulationc","rating":1074,"private":0,"password":""}