{"id":"gen9vgc2023regulationc-1861605917","p1":"Mei Nagano","p2":"paicer96","format":"[Gen 9] VGC 2023 Regulation C","log":"|j|\u2606Mei Nagano\n|j|\u2606paicer96\n|t:|1683780264\n|gametype|doubles\n|player|p1|Mei Nagano|102|1622\n|player|p2|paicer96|265|1623\n|teamsize|p1|6\n|teamsize|p2|6\n|gen|9\n|tier|[Gen 9] VGC 2023 Regulation C\n|rated|\n|rule|Species Clause: Limit one of each Pok\u00e9mon\n|rule|Item Clause: Limit one of each item\n|clearpoke\n|poke|p1|Gholdengo, L50|\n|poke|p1|Sableye, L50, F|\n|poke|p1|Arcanine, L50, M|\n|poke|p1|Roaring Moon, L50|\n|poke|p1|Amoonguss, L50, F|\n|poke|p1|Iron Hands, L50|\n|poke|p2|Maushold, L50|\n|poke|p2|Annihilape, L50, M|\n|poke|p2|Flutter Mane, L50|\n|poke|p2|Chien-Pao, L50|\n|poke|p2|Dragapult, L50, M|\n|poke|p2|Gyarados, L50, M|\n|teampreview|4\n|inactive|Battle timer is ON: inactive players will automatically lose when time's up. (requested by paicer96)\n|\n|t:|1683780311\n|start\n|switch|p1a: Gholdengo|Gholdengo, L50|100\/100\n|switch|p1b: Sableye|Sableye, L50, F|100\/100\n|switch|p2a: Maushold|Maushold, L50, shiny|100\/100\n|switch|p2b: Annihilape|Annihilape, L50, M, shiny|100\/100\n|turn|1\n|\n|t:|1683780334\n|-terastallize|p1a: Gholdengo|Water\n|move|p2b: Annihilape|Protect|p2b: Annihilape\n|-singleturn|p2b: Annihilape|Protect\n|move|p1b: Sableye|Reflect|p1b: Sableye\n|-sidestart|p1: Mei Nagano|Reflect\n|move|p2a: Maushold|Taunt|p1b: Sableye\n|-start|p1b: Sableye|move: Taunt\n|move|p1a: Gholdengo|Nasty Plot|p1a: Gholdengo\n|-boost|p1a: Gholdengo|spa|2\n|\n|upkeep\n|turn|2\n|inactive|paicer96 has 30 seconds left.\n|j| shanehuang99\n|inactive|Mei Nagano has 30 seconds left.\n|\n|t:|1683780374\n|switch|p1b: Amoonguss|Amoonguss, L50, F|100\/100\n|-terastallize|p2b: Annihilape|Water\n|move|p2a: Maushold|Beat Up|p2b: Annihilape\n|-damage|p2b: Annihilape|98\/100\n|-damage|p2b: Annihilape|96\/100\n|-damage|p2b: Annihilape|93\/100\n|-crit|p2b: Annihilape\n|-damage|p2b: Annihilape|89\/100\n|-hitcount|p2b: Annihilape|4\n|move|p2b: Annihilape|Rage Fist|p1a: Gholdengo\n|-damage|p1a: Gholdengo|45\/100\n|move|p1a: Gholdengo|Nasty Plot|p1a: Gholdengo\n|-boost|p1a: Gholdengo|spa|2\n|\n|-heal|p1a: Gholdengo|51\/100|[from] item: Leftovers\n|upkeep\n|turn|3\n|inactive|paicer96 has 30 seconds left.\n|\n|t:|1683780400\n|move|p2b: Annihilape|Protect|p2b: Annihilape\n|-singleturn|p2b: Annihilape|Protect\n|move|p1b: Amoonguss|Rage Powder|p1b: Amoonguss\n|-singleturn|p1b: Amoonguss|move: Rage Powder\n|move|p2a: Maushold|Taunt|p1b: Amoonguss\n|-start|p1b: Amoonguss|move: Taunt\n|move|p1a: Gholdengo|Make It Rain|p2a: Maushold|[spread] p2a\n|-activate|p2b: Annihilape|move: Protect\n|-damage|p2a: Maushold|0 fnt\n|-unboost|p1a: Gholdengo|spa|1\n|faint|p2a: Maushold\n|\n|-heal|p1a: Gholdengo|57\/100|[from] item: Leftovers\n|upkeep\n|j| Shot_Caller064\n|\n|t:|1683780412\n|switch|p2a: Chien-Pao|Chien-Pao, L50|100\/100\n|-ability|p2a: Chien-Pao|Sword of Ruin\n|turn|4\n|\n|t:|1683780426\n|switch|p1b: Sableye|Sableye, L50, F|100\/100\n|move|p1a: Gholdengo|Protect|p1a: Gholdengo\n|-singleturn|p1a: Gholdengo|Protect\n|move|p2a: Chien-Pao|Ice Spinner|p1a: Gholdengo\n|-activate|p1a: Gholdengo|move: Protect\n|move|p2b: Annihilape|Rage Fist|p1a: Gholdengo\n|-activate|p1a: Gholdengo|move: Protect\n|\n|-heal|p1a: Gholdengo|63\/100|[from] item: Leftovers\n|upkeep\n|turn|5\n|\n|t:|1683780443\n|move|p1b: Sableye|Disable|p2b: Annihilape\n|-start|p2b: Annihilape|Disable|Rage Fist\n|move|p2a: Chien-Pao|Ice Spinner|p1a: Gholdengo\n|-resisted|p1a: Gholdengo\n|-damage|p1a: Gholdengo|52\/100\n|cant|p2b: Annihilape|Disable|Rage Fist\n|move|p1a: Gholdengo|Nasty Plot|p1a: Gholdengo\n|-boost|p1a: Gholdengo|spa|2\n|\n|-heal|p1a: Gholdengo|58\/100|[from] item: Leftovers\n|upkeep\n|turn|6\n|inactive|paicer96 has 30 seconds left.\n|\n|t:|1683780472\n|switch|p2b: Gyarados|Gyarados, L50, M, shiny|100\/100\n|-ability|p2b: Gyarados|Intimidate|boost\n|-unboost|p1a: Gholdengo|atk|1\n|-unboost|p1b: Sableye|atk|1\n|move|p1b: Sableye|Encore||[still]\n|-fail|p1b: Sableye\n|move|p2a: Chien-Pao|Ice Spinner|p1b: Sableye\n|-damage|p1b: Sableye|62\/100\n|move|p1a: Gholdengo|Recover|p1a: Gholdengo\n|-heal|p1a: Gholdengo|100\/100\n|\n|upkeep\n|turn|7\n|inactive|Mei Nagano has 30 seconds left.\n|\n|t:|1683780500\n|move|p1b: Sableye|Light Screen|p1b: Sableye\n|-sidestart|p1: Mei Nagano|move: Light Screen\n|move|p2a: Chien-Pao|Ice Spinner|p1b: Sableye\n|-damage|p1b: Sableye|24\/100\n|move|p1a: Gholdengo|Make It Rain|p2a: Chien-Pao|[spread] p2a,p2b\n|-supereffective|p2a: Chien-Pao\n|-crit|p2a: Chien-Pao\n|-resisted|p2b: Gyarados\n|-enditem|p2a: Chien-Pao|Focus Sash\n|-damage|p2a: Chien-Pao|1\/100\n|-damage|p2b: Gyarados|37\/100\n|-unboost|p1a: Gholdengo|spa|1\n|move|p2b: Gyarados|Taunt|p1b: Sableye\n|-start|p1b: Sableye|move: Taunt\n|\n|upkeep\n|turn|8\n|inactive|paicer96 has 30 seconds left.\n|inactive|Mei Nagano has 30 seconds left.\n|\n|t:|1683780533\n|switch|p1b: Amoonguss|Amoonguss, L50, F|100\/100\n|move|p2a: Chien-Pao|Protect|p2a: Chien-Pao\n|-singleturn|p2a: Chien-Pao|Protect\n|move|p1a: Gholdengo|Make It Rain|p2a: Chien-Pao|[spread] p2b\n|-activate|p2a: Chien-Pao|move: Protect\n|-resisted|p2b: Gyarados\n|-damage|p2b: Gyarados|0 fnt\n|-unboost|p1a: Gholdengo|spa|1\n|faint|p2b: Gyarados\n|\n|-sideend|p1: Mei Nagano|Reflect\n|upkeep\n|j| LC77777\n|\n|t:|1683780540\n|switch|p2b: Annihilape|Annihilape, L50, M, shiny, tera:Water|89\/100\n|turn|9\n|\n|t:|1683780557\n|move|p1b: Amoonguss|Rage Powder|p1b: Amoonguss\n|-singleturn|p1b: Amoonguss|move: Rage Powder\n|move|p2a: Chien-Pao|Ice Spinner|p1b: Amoonguss\n|-supereffective|p1b: Amoonguss\n|-damage|p1b: Amoonguss|4\/100\n|-enditem|p1b: Amoonguss|Sitrus Berry|[eat]\n|-heal|p1b: Amoonguss|29\/100|[from] item: Sitrus Berry\n|move|p2b: Annihilape|Rage Fist|p1b: Amoonguss\n|-damage|p1b: Amoonguss|0 fnt\n|faint|p1b: Amoonguss\n|move|p1a: Gholdengo|Make It Rain|p2a: Chien-Pao|[spread] p2a,p2b\n|-supereffective|p2a: Chien-Pao\n|-resisted|p2b: Annihilape\n|-damage|p2a: Chien-Pao|0 fnt\n|-damage|p2b: Annihilape|37\/100\n|-unboost|p1a: Gholdengo|spa|1\n|-enditem|p2b: Annihilape|Sitrus Berry|[eat]\n|-heal|p2b: Annihilape|62\/100|[from] item: Sitrus Berry\n|faint|p2a: Chien-Pao\n|\n|upkeep\n|\n|t:|1683780564\n|switch|p1b: Sableye|Sableye, L50, F|24\/100\n|turn|10\n|\n|t:|1683780577\n|move|p2b: Annihilape|Protect|p2b: Annihilape\n|-singleturn|p2b: Annihilape|Protect\n|move|p1b: Sableye|Disable|p2b: Annihilape\n|-activate|p2b: Annihilape|move: Protect\n|move|p1a: Gholdengo|Nasty Plot|p1a: Gholdengo\n|-boost|p1a: Gholdengo|spa|2\n|\n|upkeep\n|turn|11\n|\n|t:|1683780582\n|move|p1b: Sableye|Encore|p2b: Annihilape\n|-start|p2b: Annihilape|Encore\n|move|p2b: Annihilape|Protect||[still]\n|-fail|p2b: Annihilape\n|move|p1a: Gholdengo|Nasty Plot|p1a: Gholdengo\n|-boost|p1a: Gholdengo|spa|2\n|\n|upkeep\n|turn|12\n|\n|t:|1683780586\n|move|p2b: Annihilape|Protect|p2b: Annihilape\n|-singleturn|p2b: Annihilape|Protect\n|move|p1b: Sableye|Disable|p2b: Annihilape\n|-activate|p2b: Annihilape|move: Protect\n|move|p1a: Gholdengo|Make It Rain|p2b: Annihilape\n|-activate|p2b: Annihilape|move: Protect\n|\n|upkeep\n|turn|13\n|\n|t:|1683780590\n|move|p2b: Annihilape|Protect||[still]\n|-fail|p2b: Annihilape\n|move|p1b: Sableye|Disable|p2b: Annihilape\n|-start|p2b: Annihilape|Disable|Protect\n|move|p1a: Gholdengo|Make It Rain|p2b: Annihilape\n|-resisted|p2b: Annihilape\n|-damage|p2b: Annihilape|0 fnt\n|-unboost|p1a: Gholdengo|spa|1\n|faint|p2b: Annihilape\n|\n|win|Mei Nagano\n|raw|Mei Nagano's rating: 1622 → 1642<\/strong> (+20 for winning)\n|raw|paicer96's rating: 1623 → 1603<\/strong> (-20 for losing)\n|l|\u2606paicer96\n","uploadtime":1683780593,"views":25,"p1id":"meinagano","p2id":"paicer96","formatid":"gen9vgc2023regulationc","rating":1603,"private":0,"password":""}