{"id":"gen9vgc2023regulationc-1855813113","p1":"Count Sliggoo","p2":"leafeonthegoat","format":"[Gen 9] VGC 2023 Regulation C","log":"|j|\u2606Count Sliggoo\n|j|\u2606leafeonthegoat\n|t:|1682987170\n|gametype|doubles\n|player|p1|Count Sliggoo|ruinmaniac-gen3rs|1199\n|player|p2|leafeonthegoat|palmer|1320\n|teamsize|p1|6\n|teamsize|p2|6\n|gen|9\n|tier|[Gen 9] VGC 2023 Regulation C\n|rated|\n|rule|Species Clause: Limit one of each Pok\u00e9mon\n|rule|Item Clause: Limit one of each item\n|clearpoke\n|poke|p1|Gallade, L50, M|\n|poke|p1|Garganacl, L50, M|\n|poke|p1|Flutter Mane, L50|\n|poke|p1|Indeedee-F, L50, F|\n|poke|p1|Armarouge, L50, F|\n|poke|p1|Dragonite, L50, M|\n|poke|p2|Gholdengo, L50|\n|poke|p2|Dragapult, L50, F|\n|poke|p2|Flutter Mane, L50|\n|poke|p2|Ceruledge, L50, M|\n|poke|p2|Iron Hands, L50|\n|poke|p2|Mimikyu, L50, F|\n|teampreview|4\n|inactive|Battle timer is ON: inactive players will automatically lose when time's up. (requested by leafeonthegoat)\nleafeonthegoat has agreed to open team sheets.\nCount Sliggoo rejected open team sheets.\n|inactive|leafeonthegoat has 60 seconds left.\n|\n|t:|1682987213\n|start\n|switch|p1a: Elre Olaric|Gallade, L50, M, shiny|100\/100\n|switch|p1b: Loki|Indeedee-F, L50, F, shiny|100\/100\n|switch|p2a: Gholdengo|Gholdengo, L50|100\/100\n|switch|p2b: Mimikyu|Mimikyu, L50, F|100\/100\n|-fieldstart|move: Psychic Terrain|[from] ability: Psychic Surge|[of] p1b: Loki\n|-enditem|p1b: Loki|Psychic Seed\n|-boost|p1b: Loki|spd|1|[from] item: Psychic Seed\n|turn|1\n|inactive|Count Sliggoo has 30 seconds left.\n|inactive|Count Sliggoo has 20 seconds left.\n|\n|t:|1682987252\n|switch|p1a: Heatman|Armarouge, L50, F|100\/100\n|move|p1b: Loki|Protect|p1b: Loki\n|-singleturn|p1b: Loki|Protect\n|move|p2a: Gholdengo|Nasty Plot|p2a: Gholdengo\n|-boost|p2a: Gholdengo|spa|2\n|move|p2b: Mimikyu|Trick Room|p2b: Mimikyu\n|-fieldstart|move: Trick Room|[of] p2b: Mimikyu\n|\n|upkeep\n|turn|2\n|inactive|Count Sliggoo has 30 seconds left.\n|inactive|leafeonthegoat has 30 seconds left.\n|inactive|Count Sliggoo has 20 seconds left.\n|inactive|leafeonthegoat has 20 seconds left.\n|\n|t:|1682987290\n|-terastallize|p2a: Gholdengo|Water\n|move|p1b: Loki|Follow Me|p1b: Loki\n|-singleturn|p1b: Loki|move: Follow Me\n|move|p2a: Gholdengo|Make It Rain|p1a: Heatman|[spread] p1a,p1b\n|-resisted|p1a: Heatman\n|-damage|p1a: Heatman|43\/100\n|-damage|p1b: Loki|42\/100\n|-unboost|p2a: Gholdengo|spa|1\n|move|p1a: Heatman|Expanding Force|p2b: Mimikyu|[spread] p2a,p2b\n|-damage|p2a: Gholdengo|41\/100\n|-activate|p2b: Mimikyu|ability: Disguise\n|-damage|p2b: Mimikyu|100\/100\n|detailschange|p2b: Mimikyu|Mimikyu-Busted, L50, F\n|-damage|p2b: Mimikyu|88\/100|[from] pokemon: Mimikyu-Busted\n|move|p2b: Mimikyu|Trick Room|p2b: Mimikyu\n|-fieldend|move: Trick Room\n|\n|-heal|p2a: Gholdengo|47\/100|[from] item: Leftovers\n|upkeep\n|turn|3\n|inactive|Count Sliggoo has 30 seconds left.\n|inactive|leafeonthegoat has 30 seconds left.\n|\n|t:|1682987324\n|move|p1b: Loki|Helping Hand|p1a: Heatman\n|-singleturn|p1a: Heatman|Helping Hand|[of] p1b: Loki\n|move|p1a: Heatman|Expanding Force|p2b: Mimikyu|[spread] p2a,p2b\n|-damage|p2a: Gholdengo|0 fnt\n|-damage|p2b: Mimikyu|0 fnt\n|faint|p2a: Gholdengo\n|faint|p2b: Mimikyu\n|\n|upkeep\n|\n|t:|1682987328\n|switch|p2b: Ceruledge|Ceruledge, L50, M|100\/100\n|switch|p2a: Flutter Mane|Flutter Mane, L50|100\/100\n|turn|4\n|inactive|Count Sliggoo has 30 seconds left.\n|inactive|leafeonthegoat has 30 seconds left.\n|\n|t:|1682987355\n|move|p1b: Loki|Follow Me|p1b: Loki\n|-singleturn|p1b: Loki|move: Follow Me\n|move|p2a: Flutter Mane|Moonblast|p1b: Loki\n|-damage|p1b: Loki|0 fnt\n|faint|p1b: Loki\n|move|p1a: Heatman|Expanding Force|p2a: Flutter Mane|[spread] p2a,p2b\n|-crit|p2a: Flutter Mane\n|-crit|p2b: Ceruledge\n|-damage|p2a: Flutter Mane|14\/100\n|-damage|p2b: Ceruledge|4\/100\n|move|p2b: Ceruledge|Bulk Up|p2b: Ceruledge\n|-boost|p2b: Ceruledge|atk|1\n|-boost|p2b: Ceruledge|def|1\n|\n|upkeep\n|\n|t:|1682987368\n|switch|p1b: Baelnorn|Flutter Mane, L50|100\/100\n|-enditem|p1b: Baelnorn|Booster Energy\n|-activate|p1b: Baelnorn|ability: Protosynthesis|[fromitem]\n|-start|p1b: Baelnorn|protosynthesisspa\n|turn|5\n|\n|t:|1682987389\n|move|p1b: Baelnorn|Dazzling Gleam|p2a: Flutter Mane|[spread] p2a,p2b\n|-resisted|p2b: Ceruledge\n|-damage|p2a: Flutter Mane|0 fnt\n|-damage|p2b: Ceruledge|0 fnt\n|faint|p2a: Flutter Mane\n|-end|p2a: Flutter Mane|Protosynthesis|[silent]\n|faint|p2b: Ceruledge\n|\n|win|Count Sliggoo\n|raw|Count Sliggoo's rating: 1199 → 1232<\/strong> (+33 for winning)\n|raw|leafeonthegoat's rating: 1320 → 1293<\/strong> (-27 for losing)\n|l|\u2606leafeonthegoat\n","uploadtime":1682987403,"views":10,"p1id":"countsliggoo","p2id":"leafeonthegoat","formatid":"gen9vgc2023regulationc","rating":1232,"private":0,"password":""}