{"id":"gen9vgc2023regulationc-1851568859","p1":"Duecal1on","p2":"mickeyb6","format":"[Gen 9] VGC 2023 Regulation C","log":"|j|\u2606Duecal1on\n|j|\u2606mickeyb6\n|t:|1682456587\n|gametype|doubles\n|player|p1|Duecal1on|pokefan|1118\n|player|p2|mickeyb6|102|1137\n|teamsize|p1|6\n|teamsize|p2|6\n|gen|9\n|tier|[Gen 9] VGC 2023 Regulation C\n|rated|\n|rule|Species Clause: Limit one of each Pok\u00e9mon\n|rule|Item Clause: Limit one of each item\n|clearpoke\n|poke|p1|Ting-Lu, L50|\n|poke|p1|Rotom-Wash, L50|\n|poke|p1|Scizor, L50, M|\n|poke|p1|Dondozo, L50, M|\n|poke|p1|Tatsugiri-Stretchy, L50, M|\n|poke|p1|Iron Bundle, L50|\n|poke|p2|Annihilape, L50, F|\n|poke|p2|Goodra, L50, F|\n|poke|p2|Skeledirge, L50, F|\n|poke|p2|Gastrodon, L50, F|\n|poke|p2|Pincurchin, L50, F|\n|poke|p2|Ditto, L50|\n|teampreview|4\n|\n|t:|1682456603\n|start\n|switch|p1a: Rotom|Rotom-Wash, L50|100\/100\n|switch|p1b: Scizor|Scizor, L50, M|100\/100\n|switch|p2a: Skeledirge|Skeledirge, L50, F|100\/100\n|switch|p2b: Gastrodon|Gastrodon, L50, F|100\/100\n|turn|1\n|\n|t:|1682456640\n|switch|p1a: Ting-Lu|Ting-Lu, L50|100\/100\n|-ability|p1a: Ting-Lu|Vessel of Ruin\n|-terastallize|p2a: Skeledirge|Grass\n|-terastallize|p1b: Scizor|Fire\n|move|p2a: Skeledirge|Tera Blast|p1a: Ting-Lu\n|-supereffective|p1a: Ting-Lu\n|-damage|p1a: Ting-Lu|65\/100\n|-damage|p2a: Skeledirge|91\/100|[from] item: Life Orb\n|move|p1b: Scizor|Swords Dance|p1b: Scizor\n|-boost|p1b: Scizor|atk|2\n|move|p2b: Gastrodon|Icy Wind|p1a: Ting-Lu|[spread] p1a,p1b\n|-supereffective|p1a: Ting-Lu\n|-resisted|p1b: Scizor\n|-damage|p1a: Ting-Lu|58\/100\n|-damage|p1b: Scizor|97\/100\n|-unboost|p1a: Ting-Lu|spe|1\n|\n|upkeep\n|turn|2\n|\n|t:|1682456668\n|move|p2b: Gastrodon|Helping Hand|p2a: Skeledirge\n|-singleturn|p2a: Skeledirge|Helping Hand|[of] p2b: Gastrodon\n|move|p1b: Scizor|Protect|p1b: Scizor\n|-singleturn|p1b: Scizor|Protect\n|move|p2a: Skeledirge|Heat Wave|p1a: Ting-Lu|[spread] p1a\n|-activate|p1b: Scizor|move: Protect\n|-damage|p1a: Ting-Lu|34\/100\n|-damage|p2a: Skeledirge|82\/100|[from] item: Life Orb\n|move|p1a: Ting-Lu|Snarl|p2a: Skeledirge|[spread] p2a,p2b\n|-damage|p2a: Skeledirge|71\/100\n|-damage|p2b: Gastrodon|92\/100\n|-unboost|p2a: Skeledirge|spa|1\n|-unboost|p2b: Gastrodon|spa|1\n|\n|-heal|p2b: Gastrodon|98\/100|[from] item: Leftovers\n|upkeep\n|turn|3\n|\n|t:|1682456695\n|move|p2b: Gastrodon|Helping Hand|p2a: Skeledirge\n|-singleturn|p2a: Skeledirge|Helping Hand|[of] p2b: Gastrodon\n|move|p1b: Scizor|Bullet Punch|p2a: Skeledirge\n|-crit|p2a: Skeledirge\n|-damage|p2a: Skeledirge|21\/100\n|move|p2a: Skeledirge|Heat Wave|p1a: Ting-Lu|[spread] p1a,p1b\n|-resisted|p1b: Scizor\n|-damage|p1a: Ting-Lu|18\/100\n|-damage|p1b: Scizor|76\/100\n|-damage|p2a: Skeledirge|11\/100|[from] item: Life Orb\n|move|p1a: Ting-Lu|Ruination|p2b: Gastrodon\n|-damage|p2b: Gastrodon|49\/100\n|\n|-heal|p2b: Gastrodon|56\/100|[from] item: Leftovers\n|upkeep\n|turn|4\n|\n|t:|1682456721\n|move|p1b: Scizor|Feint|p2a: Skeledirge\n|-damage|p2a: Skeledirge|0 fnt\n|faint|p2a: Skeledirge\n|move|p2b: Gastrodon|Clear Smog|p1b: Scizor\n|-damage|p1b: Scizor|68\/100\n|-clearboost|p1b: Scizor\n|move|p1a: Ting-Lu|Snarl|p2b: Gastrodon\n|-damage|p2b: Gastrodon|43\/100\n|-unboost|p2b: Gastrodon|spa|1\n|\n|-heal|p2b: Gastrodon|49\/100|[from] item: Leftovers\n|upkeep\n|\n|t:|1682456725\n|switch|p2a: Annihilape|Annihilape, L50, F|100\/100\n|turn|5\n|\n|t:|1682456750\n|switch|p2b: Goodra|Goodra, L50, F|100\/100\n|switch|p1a: Rotom|Rotom-Wash, L50|100\/100\n|move|p2a: Annihilape|Drain Punch|p1a: Rotom\n|-damage|p1a: Rotom|67\/100\n|move|p1b: Scizor|Swords Dance|p1b: Scizor\n|-boost|p1b: Scizor|atk|2\n|\n|upkeep\n|turn|6\n|\n|t:|1682456779\n|move|p1b: Scizor|Protect|p1b: Scizor\n|-singleturn|p1b: Scizor|Protect\n|move|p2b: Goodra|Muddy Water|p1a: Rotom|[spread] p1a\n|-activate|p1b: Scizor|move: Protect\n|-resisted|p1a: Rotom\n|-damage|p1a: Rotom|58\/100\n|move|p2a: Annihilape|Encore|p1b: Scizor\n|-activate|p1b: Scizor|move: Protect\n|move|p1a: Rotom|Will-O-Wisp|p2a: Annihilape\n|-status|p2a: Annihilape|brn\n|\n|-damage|p2a: Annihilape|95\/100 brn|[from] brn\n|upkeep\n|turn|7\n|\n|t:|1682456808\n|move|p1b: Scizor|Bullet Punch|p2b: Goodra\n|-damage|p2b: Goodra|12\/100\n|move|p2b: Goodra|Muddy Water|p1a: Rotom|[spread] p1a,p1b\n|-resisted|p1a: Rotom\n|-supereffective|p1b: Scizor\n|-damage|p1a: Rotom|49\/100\n|-damage|p1b: Scizor|28\/100\n|-enditem|p1a: Rotom|Sitrus Berry|[eat]\n|-heal|p1a: Rotom|74\/100|[from] item: Sitrus Berry\n|move|p1a: Rotom|Thunderbolt|p2b: Goodra\n|-resisted|p2b: Goodra\n|-damage|p2b: Goodra|0 fnt\n|faint|p2b: Goodra\n|move|p2a: Annihilape|Counter||[still]\n|-fail|p2a: Annihilape\n|\n|-damage|p2a: Annihilape|89\/100 brn|[from] brn\n|upkeep\n|\n|t:|1682456821\n|switch|p2b: Gastrodon|Gastrodon, L50, F|49\/100\n|turn|8\n|c|\u2606mickeyb6|lucky ducky\n|-message|mickeyb6 forfeited.\n|\n|win|Duecal1on\n|raw|Duecal1on's rating: 1118 → 1141<\/strong> (+23 for winning)\n|raw|mickeyb6's rating: 1089 → 1068<\/strong> (-21 for losing)\n|l|\u2606mickeyb6\n","uploadtime":1682456834,"views":7,"p1id":"duecal1on","p2id":"mickeyb6","formatid":"gen9vgc2023regulationc","rating":1068,"private":0,"password":""}