{"id":"gen9vgc2023regulationc-1852377106","p1":"b(R)2","p2":"Rofus10","format":"[Gen 9] VGC 2023 Regulation C","log":"|j|\u2606b(R)2\n|j|\u2606Rofus10\n|t:|1682550103\n|gametype|doubles\n|player|p1|b(R)2|266|1191\n|player|p2|Rofus10|169|1217\n|teamsize|p1|6\n|teamsize|p2|6\n|gen|9\n|tier|[Gen 9] VGC 2023 Regulation C\n|rated|\n|rule|Species Clause: Limit one of each Pok\u00e9mon\n|rule|Item Clause: Limit one of each item\n|clearpoke\n|poke|p1|Ting-Lu, L50|\n|poke|p1|Amoonguss, L50, F|\n|poke|p1|Garganacl, L50, M|\n|poke|p1|Arcanine, L50, F|\n|poke|p1|Roaring Moon, L50|\n|poke|p1|Iron Bundle, L50|\n|poke|p2|Maushold-Four, L50|\n|poke|p2|Annihilape, L50, M|\n|poke|p2|Palafin, L50, M|\n|poke|p2|Tatsugiri, L50, M|\n|poke|p2|Dondozo, L50, F|\n|poke|p2|Flutter Mane, L50|\n|teampreview|4\nb(R)2 has agreed to open team sheets.\n|inactive|Battle timer is ON: inactive players will automatically lose when time's up. (requested by Rofus10)\n|inactive|b(R)2 has 60 seconds left.\n|\n|t:|1682550163\n|start\n|switch|p1a: Iron Bundle|Iron Bundle, L50|100\/100\n|switch|p1b: Amoonguss|Amoonguss, L50, F|100\/100\n|switch|p2a: Maushold|Maushold-Four, L50|100\/100\n|switch|p2b: Annihilape|Annihilape, L50, M|100\/100\n|turn|1\n|inactive|b(R)2 has 30 seconds left.\n|\n|t:|1682550196\n|move|p1b: Amoonguss|Rage Powder|p1b: Amoonguss\n|-singleturn|p1b: Amoonguss|move: Rage Powder\n|move|p1a: Iron Bundle|Hydro Pump|p2a: Maushold\n|-damage|p2a: Maushold|26\/100\n|move|p2a: Maushold|Beat Up|p1b: Amoonguss\n|-damage|p1b: Amoonguss|99\/100\n|-damage|p1b: Amoonguss|97\/100\n|-damage|p1b: Amoonguss|96\/100\n|-damage|p1b: Amoonguss|94\/100\n|-hitcount|p1b: Amoonguss|4\n|move|p2b: Annihilape|Substitute|p2b: Annihilape\n|-start|p2b: Annihilape|Substitute\n|-damage|p2b: Annihilape|76\/100\n|\n|-heal|p2b: Annihilape|82\/100|[from] item: Leftovers\n|upkeep\n|turn|2\n|\n|t:|1682550212\n|move|p2a: Maushold|Protect|p2a: Maushold\n|-singleturn|p2a: Maushold|Protect\n|move|p1b: Amoonguss|Rage Powder|p1b: Amoonguss\n|-singleturn|p1b: Amoonguss|move: Rage Powder\n|move|p1a: Iron Bundle|Freeze-Dry|p2a: Maushold\n|-activate|p2a: Maushold|move: Protect\n|move|p2b: Annihilape|Bulk Up|p2b: Annihilape\n|-boost|p2b: Annihilape|atk|1\n|-boost|p2b: Annihilape|def|1\n|\n|-heal|p2b: Annihilape|88\/100|[from] item: Leftovers\n|upkeep\n|turn|3\n|\n|t:|1682550229\n|move|p1b: Amoonguss|Rage Powder|p1b: Amoonguss\n|-singleturn|p1b: Amoonguss|move: Rage Powder\n|move|p1a: Iron Bundle|Freeze-Dry|p2a: Maushold\n|-damage|p2a: Maushold|0 fnt\n|faint|p2a: Maushold\n|move|p2b: Annihilape|Bulk Up|p2b: Annihilape\n|-boost|p2b: Annihilape|atk|1\n|-boost|p2b: Annihilape|def|1\n|\n|-heal|p2b: Annihilape|94\/100|[from] item: Leftovers\n|upkeep\n|\n|t:|1682550233\n|switch|p2a: Tatsugiri|Tatsugiri, L50, M|100\/100\n|turn|4\n|\n|t:|1682550251\n|switch|p2a: Dondozo|Dondozo, L50, F|100\/100\n|move|p1b: Amoonguss|Rage Powder|p1b: Amoonguss\n|-singleturn|p1b: Amoonguss|move: Rage Powder\n|move|p1a: Iron Bundle|Freeze-Dry|p2a: Dondozo\n|-supereffective|p2a: Dondozo\n|-damage|p2a: Dondozo|42\/100\n|move|p2b: Annihilape|Bulk Up|p2b: Annihilape\n|-boost|p2b: Annihilape|atk|1\n|-boost|p2b: Annihilape|def|1\n|\n|-heal|p2b: Annihilape|99\/100|[from] item: Leftovers\n|upkeep\n|turn|5\n|inactive|b(R)2 has 30 seconds left.\n|\n|t:|1682550280\n|switch|p2a: Tatsugiri|Tatsugiri, L50, M|100\/100\n|move|p1b: Amoonguss|Rage Powder|p1b: Amoonguss\n|-singleturn|p1b: Amoonguss|move: Rage Powder\n|move|p1a: Iron Bundle|Freeze-Dry|p2b: Annihilape\n|-activate|p2b: Annihilape|move: Substitute|[damage]\n|move|p2b: Annihilape|Bulk Up|p2b: Annihilape\n|-boost|p2b: Annihilape|atk|1\n|-boost|p2b: Annihilape|def|1\n|\n|-heal|p2b: Annihilape|100\/100|[from] item: Leftovers\n|upkeep\n|turn|6\n|\n|t:|1682550297\n|move|p1b: Amoonguss|Rage Powder|p1b: Amoonguss\n|-singleturn|p1b: Amoonguss|move: Rage Powder\n|move|p1a: Iron Bundle|Freeze-Dry|p2b: Annihilape\n|-end|p2b: Annihilape|Substitute\n|move|p2a: Tatsugiri|Icy Wind|p1a: Iron Bundle|[spread] p1a,p1b\n|-resisted|p1a: Iron Bundle\n|-supereffective|p1b: Amoonguss\n|-damage|p1a: Iron Bundle|94\/100\n|-damage|p1b: Amoonguss|65\/100\n|-unboost|p1a: Iron Bundle|spe|1\n|-unboost|p1b: Amoonguss|spe|1\n|move|p2b: Annihilape|Drain Punch|p1b: Amoonguss\n|-resisted|p1b: Amoonguss\n|-damage|p1b: Amoonguss|31\/100\n|-enditem|p1b: Amoonguss|Sitrus Berry|[eat]\n|-heal|p1b: Amoonguss|56\/100|[from] item: Sitrus Berry\n|\n|upkeep\n|turn|7\n|inactive|b(R)2 has 30 seconds left.\n|inactive|b(R)2 has 20 seconds left.\n|\n|t:|1682550333\n|move|p1b: Amoonguss|Rage Powder|p1b: Amoonguss\n|-singleturn|p1b: Amoonguss|move: Rage Powder\n|move|p1a: Iron Bundle|Freeze-Dry|p2a: Tatsugiri\n|-supereffective|p2a: Tatsugiri\n|-damage|p2a: Tatsugiri|0 fnt\n|faint|p2a: Tatsugiri\n|move|p2b: Annihilape|Substitute|p2b: Annihilape\n|-start|p2b: Annihilape|Substitute\n|-damage|p2b: Annihilape|76\/100\n|\n|-heal|p2b: Annihilape|82\/100|[from] item: Leftovers\n|upkeep\n|\n|t:|1682550340\n|switch|p2a: Dondozo|Dondozo, L50, F|42\/100\n|turn|8\n|\n|t:|1682550358\n|move|p1b: Amoonguss|Rage Powder|p1b: Amoonguss\n|-singleturn|p1b: Amoonguss|move: Rage Powder\n|move|p1a: Iron Bundle|Encore|p2b: Annihilape\n|-start|p2b: Annihilape|Encore\n|move|p2b: Annihilape|Substitute|p2b: Annihilape\n|-fail|p2b: Annihilape|move: Substitute\n|move|p2a: Dondozo|Order Up|p1b: Amoonguss\n|-damage|p1b: Amoonguss|43\/100\n|\n|-heal|p2b: Annihilape|88\/100|[from] item: Leftovers\n|upkeep\n|turn|9\n|\n|t:|1682550375\n|switch|p1b: Roaring Moon|Roaring Moon, L50|100\/100\n|-enditem|p1b: Roaring Moon|Booster Energy\n|-activate|p1b: Roaring Moon|ability: Protosynthesis|[fromitem]\n|-start|p1b: Roaring Moon|protosynthesisatk\n|move|p1a: Iron Bundle|Freeze-Dry|p2a: Dondozo\n|-supereffective|p2a: Dondozo\n|-damage|p2a: Dondozo|0 fnt\n|faint|p2a: Dondozo\n|move|p2b: Annihilape|Substitute|p2b: Annihilape\n|-fail|p2b: Annihilape|move: Substitute\n|\n|-heal|p2b: Annihilape|94\/100|[from] item: Leftovers\n|upkeep\n|turn|10\n|\n|t:|1682550390\n|-terastallize|p1b: Roaring Moon|Flying\n|move|p1b: Roaring Moon|Acrobatics|p2b: Annihilape\n|-supereffective|p2b: Annihilape\n|-end|p2b: Annihilape|Substitute\n|move|p1a: Iron Bundle|Hydro Pump|p2b: Annihilape\n|-damage|p2b: Annihilape|59\/100\n|move|p2b: Annihilape|Substitute|p2b: Annihilape\n|-start|p2b: Annihilape|Substitute\n|-damage|p2b: Annihilape|34\/100\n|\n|-heal|p2b: Annihilape|40\/100|[from] item: Leftovers\n|-end|p2b: Annihilape|Encore\n|upkeep\n|turn|11\n|\n|t:|1682550406\n|move|p1b: Roaring Moon|Acrobatics|p2b: Annihilape\n|-supereffective|p2b: Annihilape\n|-end|p2b: Annihilape|Substitute\n|move|p1a: Iron Bundle|Encore|p2b: Annihilape\n|-start|p2b: Annihilape|Encore\n|move|p2b: Annihilape|Substitute|p2b: Annihilape\n|-start|p2b: Annihilape|Substitute\n|-damage|p2b: Annihilape|15\/100\n|\n|-heal|p2b: Annihilape|21\/100|[from] item: Leftovers\n|upkeep\n|turn|12\n|l|\u2606Rofus10\n|inactive|Rofus10 disconnected and has a minute to reconnect!\n|player|p2|\n|inactive|Rofus10 has 30 seconds left.\n|inactive|Rofus10 has 20 seconds left.\n|inactive|Rofus10 has 15 seconds left.\n|inactive|Rofus10 has 10 seconds left.\n|inactive|Rofus10 has 5 seconds left.\n|-message|Rofus10 lost due to inactivity.\n|\n|win|b(R)2\n|raw|b(R)2's rating: 1191 → 1218<\/strong> (+27 for winning)\n|raw|Rofus10's rating: 1217 → 1190<\/strong> (-27 for losing)\n","uploadtime":1682550468,"views":21,"p1id":"br2","p2id":"rofus10","formatid":"gen9vgc2023regulationc","rating":1190,"private":0,"password":""}