{"id":"gen9vgc2023regulationc-1860239976","p1":"Luknight","p2":"Elpirulas666","format":"[Gen 9] VGC 2023 Regulation C","log":"|j|\u2606Luknight\n|j|\u2606Elpirulas666\n|t:|1683616685\n|gametype|doubles\n|player|p1|Luknight|idol|1248\n|player|p2|Elpirulas666|roxie|1285\n|teamsize|p1|6\n|teamsize|p2|6\n|gen|9\n|tier|[Gen 9] VGC 2023 Regulation C\n|rated|\n|rule|Species Clause: Limit one of each Pok\u00e9mon\n|rule|Item Clause: Limit one of each item\n|clearpoke\n|poke|p1|Baxcalibur, L50, M|\n|poke|p1|Ting-Lu, L50|\n|poke|p1|Amoonguss, L50, M|\n|poke|p1|Arcanine, L50, F|\n|poke|p1|Palafin, L50, M|\n|poke|p1|Flutter Mane, L50|\n|poke|p2|Orthworm, L50, F|\n|poke|p2|Ting-Lu, L50|\n|poke|p2|Flutter Mane, L50|\n|poke|p2|Chien-Pao, L50|\n|poke|p2|Gyarados, L50, F|\n|poke|p2|Dragonite, L50, F|\n|teampreview|4\n|inactive|Battle timer is ON: inactive players will automatically lose when time's up. (requested by Luknight)\n|inactive|Luknight has 60 seconds left.\n|\n|t:|1683616748\n|start\n|switch|p1a: Ting-Lu|Ting-Lu, L50|100\/100\n|switch|p1b: Arcanine|Arcanine, L50, F|100\/100\n|switch|p2a: Orthworm|Orthworm, L50, F|100\/100\n|switch|p2b: Ting-Lu|Ting-Lu, L50|100\/100\n|-ability|p1b: Arcanine|Intimidate|boost\n|-unboost|p2a: Orthworm|atk|1\n|-unboost|p2b: Ting-Lu|atk|1\n|-ability|p2b: Ting-Lu|Vessel of Ruin\n|-ability|p1a: Ting-Lu|Vessel of Ruin\n|turn|1\n|inactive|Luknight has 30 seconds left.\n|inactive|Luknight has 20 seconds left.\n|inactive|Luknight has 15 seconds left.\n|\n|t:|1683616789\n|-terastallize|p1b: Arcanine|Grass\n|-terastallize|p2a: Orthworm|Fire\n|move|p1b: Arcanine|Flare Blitz|p2a: Orthworm\n|-resisted|p2a: Orthworm\n|-damage|p2a: Orthworm|78\/100\n|-damage|p1b: Arcanine|93\/100|[from] Recoil\n|move|p2a: Orthworm|Iron Defense|p2a: Orthworm\n|-boost|p2a: Orthworm|def|2\n|move|p2b: Ting-Lu|Earthquake|p1a: Ting-Lu|[spread] p1a,p1b\n|-heal|p2a: Orthworm|100\/100|[from] ability: Earth Eater|[of] p2b: Ting-Lu\n|-resisted|p1b: Arcanine\n|-damage|p1a: Ting-Lu|83\/100\n|-damage|p1b: Arcanine|76\/100\n|move|p1a: Ting-Lu|Ruination|p2b: Ting-Lu\n|-damage|p2b: Ting-Lu|50\/100\n|\n|upkeep\n|turn|2\n|inactive|Luknight has 30 seconds left.\n|inactive|Luknight has 20 seconds left.\n|inactive|Luknight has 15 seconds left.\n|\n|t:|1683616833\n|move|p1b: Arcanine|Flare Blitz|p2b: Ting-Lu\n|-damage|p2b: Ting-Lu|19\/100\n|-damage|p1b: Arcanine|62\/100|[from] Recoil\n|move|p2a: Orthworm|Body Press|p1a: Ting-Lu\n|-supereffective|p1a: Ting-Lu\n|-damage|p1a: Ting-Lu|37\/100\n|move|p2b: Ting-Lu|Earthquake|p1b: Arcanine|[spread] p1a,p1b\n|-immune|p2a: Orthworm|[from] ability: Earth Eater\n|-resisted|p1b: Arcanine\n|-damage|p1a: Ting-Lu|19\/100\n|-damage|p1b: Arcanine|43\/100\n|move|p1a: Ting-Lu|Ruination|p2a: Orthworm\n|-damage|p2a: Orthworm|51\/100\n|\n|-heal|p2a: Orthworm|57\/100|[from] item: Leftovers\n|upkeep\n|turn|3\n|inactive|Luknight has 30 seconds left.\n|inactive|Luknight has 20 seconds left.\n|\n|t:|1683616871\n|move|p1b: Arcanine|Flare Blitz|p2b: Ting-Lu\n|-damage|p2b: Ting-Lu|0 fnt\n|faint|p2b: Ting-Lu\n|-damage|p1b: Arcanine|35\/100|[from] Recoil\n|move|p2a: Orthworm|Body Press|p1a: Ting-Lu\n|-supereffective|p1a: Ting-Lu\n|-damage|p1a: Ting-Lu|0 fnt\n|faint|p1a: Ting-Lu\n|\n|-heal|p2a: Orthworm|63\/100|[from] item: Leftovers\n|upkeep\n|\n|t:|1683616885\n|switch|p1a: Amoonguss|Amoonguss, L50, M|100\/100\n|switch|p2b: Gyarados|Gyarados, L50, F|100\/100\n|-ability|p2b: Gyarados|Intimidate|boost\n|-unboost|p1a: Amoonguss|atk|1\n|-unboost|p1b: Arcanine|atk|1\n|turn|4\n|inactive|Luknight has 30 seconds left.\n|\n|t:|1683616914\n|move|p1b: Arcanine|Protect|p1b: Arcanine\n|-singleturn|p1b: Arcanine|Protect\n|move|p2b: Gyarados|Taunt|p1a: Amoonguss\n|-start|p1a: Amoonguss|move: Taunt\n|move|p2a: Orthworm|Body Press|p1b: Arcanine\n|-activate|p1b: Arcanine|move: Protect\n|cant|p1a: Amoonguss|move: Taunt|Spore\n|\n|-heal|p2a: Orthworm|69\/100|[from] item: Leftovers\n|upkeep\n|turn|5\n|inactive|Luknight has 30 seconds left.\n|\n|t:|1683616941\n|move|p2b: Gyarados|Bulldoze|p1b: Arcanine|[spread] p1a,p1b\n|-heal|p2a: Orthworm|94\/100|[from] ability: Earth Eater|[of] p2b: Gyarados\n|-resisted|p1b: Arcanine\n|-damage|p1a: Amoonguss|91\/100\n|-damage|p1b: Arcanine|29\/100\n|-unboost|p1a: Amoonguss|spe|1\n|-unboost|p1b: Arcanine|spe|1\n|move|p2a: Orthworm|Body Press|p1b: Arcanine\n|-damage|p1b: Arcanine|0 fnt\n|faint|p1b: Arcanine\n|move|p1a: Amoonguss|Pollen Puff|p1: Arcanine|[notarget]\n|-fail|p1a: Amoonguss\n|\n|-heal|p2a: Orthworm|100\/100|[from] item: Leftovers\n|upkeep\n|\n|t:|1683616952\n|switch|p1b: Flutter Mane|Flutter Mane, L50|100\/100\n|turn|6\n|inactive|Luknight has 30 seconds left.\n|inactive|Luknight has 20 seconds left.\n|\n|t:|1683616990\n|move|p1b: Flutter Mane|Shadow Ball|p2a: Orthworm\n|-damage|p2a: Orthworm|46\/100\n|move|p2b: Gyarados|Waterfall|p1b: Flutter Mane\n|-crit|p1b: Flutter Mane\n|-damage|p1b: Flutter Mane|5\/100\n|move|p2a: Orthworm|Heavy Slam|p1b: Flutter Mane\n|-supereffective|p1b: Flutter Mane\n|-damage|p1b: Flutter Mane|0 fnt\n|faint|p1b: Flutter Mane\n|-end|p1b: Flutter Mane|Protosynthesis|[silent]\n|move|p1a: Amoonguss|Pollen Puff|p1: Flutter Mane|[notarget]\n|-fail|p1a: Amoonguss\n|\n|-heal|p2a: Orthworm|52\/100|[from] item: Leftovers\n|-end|p1a: Amoonguss|move: Taunt\n|upkeep\n|turn|7\n|inactive|Elpirulas666 has 30 seconds left.\n|\n|t:|1683617017\n|move|p2b: Gyarados|Bulldoze|p1a: Amoonguss|[spread] p1a\n|-heal|p2a: Orthworm|77\/100|[from] ability: Earth Eater|[of] p2b: Gyarados\n|-damage|p1a: Amoonguss|82\/100\n|-unboost|p1a: Amoonguss|spe|1\n|move|p2a: Orthworm|Body Press|p1a: Amoonguss\n|-resisted|p1a: Amoonguss\n|-damage|p1a: Amoonguss|65\/100\n|move|p1a: Amoonguss|Pollen Puff|p2b: Gyarados\n|-resisted|p2b: Gyarados\n|-damage|p2b: Gyarados|92\/100\n|\n|-heal|p2a: Orthworm|83\/100|[from] item: Leftovers\n|upkeep\n|turn|8\n|inactive|Elpirulas666 has 30 seconds left.\n|\n|t:|1683617051\n|switch|p2a: Chien-Pao|Chien-Pao, L50|100\/100\n|-ability|p2a: Chien-Pao|Sword of Ruin\n|move|p2b: Gyarados|Bulldoze|p1a: Amoonguss|[spread] p2a,p1a\n|-damage|p2a: Chien-Pao|83\/100\n|-damage|p1a: Amoonguss|52\/100\n|-unboost|p2a: Chien-Pao|spe|1\n|-unboost|p1a: Amoonguss|spe|1\n|move|p1a: Amoonguss|Pollen Puff|p2b: Gyarados\n|-resisted|p2b: Gyarados\n|-damage|p2b: Gyarados|85\/100\n|\n|upkeep\n|turn|9\n|\n|t:|1683617069\n|move|p2a: Chien-Pao|Ice Spinner|p1a: Amoonguss\n|-supereffective|p1a: Amoonguss\n|-damage|p1a: Amoonguss|0 fnt\n|faint|p1a: Amoonguss\n|\n|win|Elpirulas666\n|raw|Luknight's rating: 1248 → 1226<\/strong> (-22 for losing)\n|raw|Elpirulas666's rating: 1285 → 1307<\/strong> (+22 for winning)\n","uploadtime":1683617082,"views":10,"p1id":"luknight","p2id":"elpirulas666","formatid":"gen9vgc2023regulationc","rating":1226,"private":0,"password":""}