{"id":"gen9vgc2023regulationc-1856661882","p1":"DoctorTW","p2":"pxzr","format":"[Gen 9] VGC 2023 Regulation C","log":"|j|\u2606DoctorTW\n|j|\u2606pxzr\n|t:|1683090028\n|gametype|doubles\n|player|p1|DoctorTW|scientist-gen4dp|1228\n|player|p2|pxzr|hugh|1319\n|teamsize|p1|6\n|teamsize|p2|6\n|gen|9\n|tier|[Gen 9] VGC 2023 Regulation C\n|rated|\n|rule|Species Clause: Limit one of each Pok\u00e9mon\n|rule|Item Clause: Limit one of each item\n|clearpoke\n|poke|p1|Glimmora, L50, F|\n|poke|p1|Iron Hands, L50|\n|poke|p1|Palafin, L50, M|\n|poke|p1|Skeledirge, L50, F|\n|poke|p1|Ting-Lu, L50|\n|poke|p1|Wo-Chien, L50|\n|poke|p2|Flutter Mane, L50|\n|poke|p2|Amoonguss, L50, M|\n|poke|p2|Chien-Pao, L50|\n|poke|p2|Dragonite, L50, F|\n|poke|p2|Palafin, L50, F|\n|poke|p2|Arcanine, L50, F|\n|teampreview|4\n|inactive|Battle timer is ON: inactive players will automatically lose when time's up. (requested by pxzr)\n|\n|t:|1683090061\n|start\n|switch|p1a: Glimmora|Glimmora, L50, F|100\/100\n|switch|p1b: Iron Hands|Iron Hands, L50|100\/100\n|switch|p2a: Palafin|Palafin, L50, F, shiny|100\/100\n|switch|p2b: Dragonite|Dragonite, L50, F|100\/100\n|turn|1\n|\n|t:|1683090072\n|move|p2a: Palafin|Protect|p2a: Palafin\n|-singleturn|p2a: Palafin|Protect\n|move|p2b: Dragonite|Protect|p2b: Dragonite\n|-singleturn|p2b: Dragonite|Protect\n|move|p1b: Iron Hands|Fake Out|p2b: Dragonite\n|-activate|p2b: Dragonite|move: Protect\n|move|p1a: Glimmora|Mortal Spin|p2b: Dragonite|[spread] \n|-activate|p2a: Palafin|move: Protect\n|-activate|p2b: Dragonite|move: Protect\n|\n|upkeep\n|turn|2\n|inactive|pxzr has 30 seconds left.\n|inactive|pxzr has 20 seconds left.\n|\n|t:|1683090111\n|detailschange|p2a: Palafin|Palafin-Hero, L50, F, shiny\n|switch|p2a: Chien-Pao|Chien-Pao, L50|100\/100\n|-ability|p2a: Chien-Pao|Sword of Ruin\n|-terastallize|p2b: Dragonite|Normal\n|move|p2b: Dragonite|Extreme Speed|p1b: Iron Hands\n|-damage|p1b: Iron Hands|52\/100\n|move|p1a: Glimmora|Mortal Spin|p2b: Dragonite|[spread] p2a,p2b\n|-damage|p2a: Chien-Pao|95\/100\n|-damage|p2b: Dragonite|97\/100\n|-status|p2a: Chien-Pao|psn\n|-status|p2b: Dragonite|psn\n|move|p1b: Iron Hands|Volt Switch|p2b: Dragonite\n|-damage|p2b: Dragonite|86\/100 psn\n|\n|t:|1683090127\n|-end|p1b: Iron Hands|Quark Drive|[silent]\n|switch|p1b: Skeledirge|Skeledirge, L50, F|100\/100|[from] Volt Switch\n|\n|-damage|p2a: Chien-Pao|82\/100 psn|[from] psn\n|-damage|p2b: Dragonite|74\/100 psn|[from] psn\n|upkeep\n|turn|3\n|\n|t:|1683090150\n|move|p1a: Glimmora|Spiky Shield|p1a: Glimmora\n|-singleturn|p1a: Glimmora|move: Protect\n|move|p2a: Chien-Pao|Sucker Punch|p1b: Skeledirge\n|-supereffective|p1b: Skeledirge\n|-damage|p1b: Skeledirge|33\/100\n|-enditem|p1b: Skeledirge|Sitrus Berry|[eat]\n|-heal|p1b: Skeledirge|58\/100|[from] item: Sitrus Berry\n|move|p2b: Dragonite|Aerial Ace|p1b: Skeledirge\n|-damage|p1b: Skeledirge|21\/100\n|move|p1b: Skeledirge|Torch Song|p2a: Chien-Pao\n|-supereffective|p2a: Chien-Pao\n|-damage|p2a: Chien-Pao|0 fnt\n|-boost|p1b: Skeledirge|spa|1\n|faint|p2a: Chien-Pao\n|\n|-damage|p2b: Dragonite|62\/100 psn|[from] psn\n|upkeep\n|\n|t:|1683090165\n|switch|p2a: Palafin|Palafin-Hero, L50, F, shiny|100\/100\n|-activate|p2a: Palafin|ability: Zero to Hero\n|turn|4\n|\n|t:|1683090189\n|switch|p1b: Iron Hands|Iron Hands, L50|52\/100\n|-terastallize|p1a: Glimmora|Grass\n|move|p2a: Palafin|Jet Punch|p1a: Glimmora\n|-resisted|p1a: Glimmora\n|-damage|p1a: Glimmora|78\/100\n|-activate|p1a: Glimmora|ability: Toxic Debris\n|-sidestart|p2: pxzr|move: Toxic Spikes\n|move|p2b: Dragonite|Aerial Ace|p1b: Iron Hands\n|-damage|p1b: Iron Hands|28\/100\n|move|p1a: Glimmora|Venoshock|p2b: Dragonite\n|-damage|p2b: Dragonite|0 fnt\n|faint|p2b: Dragonite\n|\n|upkeep\n|\n|t:|1683090204\n|switch|p2b: Flutter Mane|Flutter Mane, L50|100\/100\n|-status|p2b: Flutter Mane|psn\n|-enditem|p2b: Flutter Mane|Booster Energy\n|-activate|p2b: Flutter Mane|ability: Protosynthesis|[fromitem]\n|-start|p2b: Flutter Mane|protosynthesisspa\n|turn|5\n|\n|t:|1683090216\n|move|p2a: Palafin|Protect|p2a: Palafin\n|-singleturn|p2a: Palafin|Protect\n|move|p1b: Iron Hands|Fake Out|p2a: Palafin\n|-activate|p2a: Palafin|move: Protect\n|move|p2b: Flutter Mane|Dazzling Gleam|p1b: Iron Hands|[spread] p1a,p1b\n|-supereffective|p1b: Iron Hands\n|-damage|p1a: Glimmora|27\/100\n|-damage|p1b: Iron Hands|0 fnt\n|faint|p1b: Iron Hands\n|-end|p1b: Iron Hands|Quark Drive|[silent]\n|move|p1a: Glimmora|Venoshock|p2b: Flutter Mane\n|-damage|p2b: Flutter Mane|20\/100 psn\n|\n|-damage|p2b: Flutter Mane|7\/100 psn|[from] psn\n|upkeep\n|\n|t:|1683090228\n|switch|p1b: Ting-Lu|Ting-Lu, L50|100\/100\n|-ability|p1b: Ting-Lu|Vessel of Ruin\n|turn|6\n|\n|t:|1683090238\n|move|p1a: Glimmora|Spiky Shield|p1a: Glimmora\n|-singleturn|p1a: Glimmora|move: Protect\n|move|p1b: Ting-Lu|Protect|p1b: Ting-Lu\n|-singleturn|p1b: Ting-Lu|Protect\n|move|p2b: Flutter Mane|Dazzling Gleam|p1a: Glimmora|[spread] \n|-activate|p1a: Glimmora|move: Protect\n|-activate|p1b: Ting-Lu|move: Protect\n|move|p2a: Palafin|Wave Crash|p1b: Ting-Lu\n|-activate|p1b: Ting-Lu|move: Protect\n|\n|-damage|p2b: Flutter Mane|0 fnt|[from] psn\n|faint|p2b: Flutter Mane\n|-end|p2b: Flutter Mane|Protosynthesis|[silent]\n|upkeep\n|turn|7\n|\n|t:|1683090256\n|move|p2a: Palafin|Wave Crash|p1b: Ting-Lu\n|-supereffective|p1b: Ting-Lu\n|-damage|p1b: Ting-Lu|0 fnt\n|faint|p1b: Ting-Lu\n|-damage|p2a: Palafin|53\/100|[from] Recoil\n|move|p1a: Glimmora|Power Gem|p2a: Palafin\n|-damage|p2a: Palafin|5\/100\n|\n|upkeep\n|\n|t:|1683090263\n|switch|p1b: Skeledirge|Skeledirge, L50, F|21\/100\n|turn|8\n|\n|t:|1683090278\n|move|p2a: Palafin|Jet Punch|p1b: Skeledirge\n|-supereffective|p1b: Skeledirge\n|-damage|p1b: Skeledirge|0 fnt\n|faint|p1b: Skeledirge\n|move|p1a: Glimmora|Venoshock|p2a: Palafin\n|-damage|p2a: Palafin|0 fnt\n|faint|p2a: Palafin\n|\n|win|DoctorTW\n|raw|DoctorTW's rating: 1228 → 1259<\/strong> (+31 for winning)\n|raw|pxzr's rating: 1319 → 1294<\/strong> (-25 for losing)\n|l|\u2606pxzr\n","uploadtime":1683090293,"views":6,"p1id":"doctortw","p2id":"pxzr","formatid":"gen9vgc2023regulationc","rating":1259,"private":0,"password":""}