{"id":"gen9vgc2023regulationc-1849211617","p1":"TharoksVGC","p2":"BrodaxVGC","format":"[Gen 9] VGC 2023 Regulation C","log":"|j|\u2606TharoksVGC\n|j|\u2606BrodaxVGC\n|t:|1682173315\n|gametype|doubles\n|player|p1|TharoksVGC|hoopster|1302\n|player|p2|BrodaxVGC|169|1351\n|teamsize|p1|6\n|teamsize|p2|6\n|gen|9\n|tier|[Gen 9] VGC 2023 Regulation C\n|rated|\n|rule|Species Clause: Limit one of each Pok\u00e9mon\n|rule|Item Clause: Limit one of each item\n|clearpoke\n|poke|p1|Forretress, L50, M|\n|poke|p1|Chien-Pao, L50|\n|poke|p1|Gastrodon-East, L50, F|\n|poke|p1|Ting-Lu, L50|\n|poke|p1|Talonflame, L50, F|\n|poke|p1|Arcanine, L50, M|\n|poke|p2|Chi-Yu, L50|\n|poke|p2|Flutter Mane, L50|\n|poke|p2|Iron Bundle, L50|\n|poke|p2|Amoonguss, L50, F|\n|poke|p2|Great Tusk, L50|\n|poke|p2|Talonflame, L50, F|\n|teampreview|4\n|inactive|Battle timer is ON: inactive players will automatically lose when time's up. (requested by BrodaxVGC)\n|inactive|TharoksVGC has 60 seconds left.\n|\n|t:|1682173370\n|start\n|switch|p1a: Talonflame|Talonflame, L50, F|100\/100\n|switch|p1b: Forretress|Forretress, L50, M|100\/100\n|switch|p2a: Talonflame|Talonflame, L50, F, shiny|100\/100\n|switch|p2b: Iron Bundle|Iron Bundle, L50|100\/100\n|-enditem|p2b: Iron Bundle|Booster Energy\n|-activate|p2b: Iron Bundle|ability: Quark Drive|[fromitem]\n|-start|p2b: Iron Bundle|quarkdrivespe\n|turn|1\n|inactive|TharoksVGC has 30 seconds left.\n|inactive|BrodaxVGC has 30 seconds left.\n|inactive|TharoksVGC has 20 seconds left.\n|inactive|TharoksVGC has 15 seconds left.\n|inactive|TharoksVGC has 10 seconds left.\n|\n|t:|1682173417\n|move|p2a: Talonflame|Brave Bird|p1a: Talonflame\n|-damage|p1a: Talonflame|53\/100\n|-damage|p2a: Talonflame|84\/100|[from] Recoil\n|move|p2b: Iron Bundle|Hydro Pump|p1a: Talonflame\n|-supereffective|p1a: Talonflame\n|-damage|p1a: Talonflame|0 fnt\n|faint|p1a: Talonflame\n|move|p1b: Forretress|Rock Blast|p2b: Iron Bundle\n|-supereffective|p2b: Iron Bundle\n|-damage|p2b: Iron Bundle|82\/100\n|-supereffective|p2b: Iron Bundle\n|-damage|p2b: Iron Bundle|64\/100\n|-supereffective|p2b: Iron Bundle\n|-damage|p2b: Iron Bundle|44\/100\n|-supereffective|p2b: Iron Bundle\n|-damage|p2b: Iron Bundle|26\/100\n|-hitcount|p2b: Iron Bundle|4\n|\n|upkeep\n|\n|t:|1682173435\n|switch|p1a: Chien-Pao|Chien-Pao, L50|100\/100\n|-ability|p1a: Chien-Pao|Sword of Ruin\n|turn|2\n|\n|t:|1682173448\n|move|p1a: Chien-Pao|Sucker Punch|p2b: Iron Bundle\n|-damage|p2b: Iron Bundle|0 fnt\n|faint|p2b: Iron Bundle\n|-end|p2b: Iron Bundle|Quark Drive|[silent]\n|move|p2a: Talonflame|Tailwind|p2a: Talonflame\n|-sidestart|p2: BrodaxVGC|move: Tailwind\n|move|p1b: Forretress|Rock Blast|p2a: Talonflame|[miss]\n|-miss|p1b: Forretress|p2a: Talonflame\n|\n|upkeep\n|\n|t:|1682173466\n|switch|p2b: Great Tusk|Great Tusk, L50, shiny|100\/100\n|turn|3\n|\n|t:|1682173486\n|-terastallize|p2b: Great Tusk|Steel\n|move|p2a: Talonflame|Brave Bird|p1a: Chien-Pao\n|-damage|p1a: Chien-Pao|48\/100\n|-damage|p2a: Talonflame|69\/100|[from] Recoil\n|move|p2b: Great Tusk|Iron Head|p1a: Chien-Pao\n|-supereffective|p1a: Chien-Pao\n|-damage|p1a: Chien-Pao|0 fnt\n|faint|p1a: Chien-Pao\n|move|p1b: Forretress|Rock Blast|p2a: Talonflame\n|-supereffective|p2a: Talonflame\n|-damage|p2a: Talonflame|25\/100\n|-supereffective|p2a: Talonflame\n|-damage|p2a: Talonflame|0 fnt\n|faint|p2a: Talonflame\n|-hitcount|p2: Talonflame|2\n|\n|upkeep\n|\n|t:|1682173502\n|switch|p1a: Gastrodon|Gastrodon-East, L50, F|100\/100\n|switch|p2a: Flutter Mane|Flutter Mane, L50|100\/100\n|turn|4\n|\n|t:|1682173523\n|-terastallize|p1a: Gastrodon|Poison\n|move|p2a: Flutter Mane|Sunny Day|p2a: Flutter Mane\n|-weather|SunnyDay\n|-activate|p2a: Flutter Mane|ability: Protosynthesis\n|-start|p2a: Flutter Mane|protosynthesisspa\n|-activate|p2b: Great Tusk|ability: Protosynthesis\n|-start|p2b: Great Tusk|protosynthesisatk\n|move|p2b: Great Tusk|Headlong Rush|p1b: Forretress\n|-damage|p1b: Forretress|33\/100\n|-unboost|p2b: Great Tusk|def|1\n|-unboost|p2b: Great Tusk|spd|1\n|move|p1b: Forretress|Heavy Slam|p2a: Flutter Mane\n|-supereffective|p2a: Flutter Mane\n|-enditem|p2a: Flutter Mane|Focus Sash\n|-damage|p2a: Flutter Mane|1\/100\n|move|p1a: Gastrodon|Earth Power|p2b: Great Tusk\n|-supereffective|p2b: Great Tusk\n|-damage|p2b: Great Tusk|0 fnt\n|faint|p2b: Great Tusk\n|-end|p2b: Great Tusk|Protosynthesis|[silent]\n|\n|-weather|SunnyDay|[upkeep]\n|upkeep\n|turn|5\n|inactive|TharoksVGC has 30 seconds left.\n|l|\u2606BrodaxVGC\n|inactive|BrodaxVGC disconnected and has a minute to reconnect!\n|player|p2|\n|\n|t:|1682173551\n|move|p2a: Flutter Mane|Dazzling Gleam|p1b: Forretress|[spread] p1a,p1b\n|-resisted|p1a: Gastrodon\n|-resisted|p1b: Forretress\n|-crit|p1b: Forretress\n|-damage|p1a: Gastrodon|77\/100\n|-damage|p1b: Forretress|0 fnt\n|faint|p1b: Forretress\n|move|p1a: Gastrodon|Clear Smog|p2a: Flutter Mane\n|-damage|p2a: Flutter Mane|0 fnt\n|-clearboost|p2a: Flutter Mane\n|faint|p2a: Flutter Mane\n|-end|p2a: Flutter Mane|Protosynthesis|[silent]\n|\n|win|TharoksVGC\n|raw|TharoksVGC's rating: 1302 → 1325<\/strong> (+23 for winning)\n|raw|BrodaxVGC's rating: 1351 → 1328<\/strong> (-23 for losing)\n|c|\u2606TharoksVGC|gg\n","uploadtime":1682173573,"views":4,"p1id":"tharoksvgc","p2id":"brodaxvgc","formatid":"gen9vgc2023regulationc","rating":1325,"private":0,"password":""}