{"id":"gen9vgc2023regulationc-1851038631","p1":"Azun","p2":"wesleihas","format":"[Gen 9] VGC 2023 Regulation C","log":"|j|\u2606Azun\n|j|\u2606wesleihas\n|t:|1682398043\n|gametype|doubles\n|player|p1|Azun|266|1552\n|player|p2|wesleihas|102|1569\n|teamsize|p1|6\n|teamsize|p2|6\n|gen|9\n|tier|[Gen 9] VGC 2023 Regulation C\n|rated|\n|rule|Species Clause: Limit one of each Pok\u00e9mon\n|rule|Item Clause: Limit one of each item\n|clearpoke\n|poke|p1|Annihilape, L50, F|\n|poke|p1|Chien-Pao, L50|\n|poke|p1|Farigiraf, L50, M|\n|poke|p1|Amoonguss, L50, F|\n|poke|p1|Palafin, L50, M|\n|poke|p1|Arcanine, L50, F|\n|poke|p2|Murkrow, L50, F|\n|poke|p2|Flutter Mane, L50|\n|poke|p2|Amoonguss, L50, F|\n|poke|p2|Chi-Yu, L50|\n|poke|p2|Annihilape, L50, F|\n|poke|p2|Maushold-Four, L50|\n|teampreview|4\n|inactive|Battle timer is ON: inactive players will automatically lose when time's up. (requested by Azun)\n|j| haoran zhou\n|\n|t:|1682398073\n|start\n|switch|p1a: Arcanine|Arcanine, L50, F|100\/100\n|switch|p1b: Chien-Pao|Chien-Pao, L50|100\/100\n|switch|p2a: Flutter Mane|Flutter Mane, L50|100\/100\n|switch|p2b: Chi-Yu|Chi-Yu, L50|100\/100\n|-ability|p1b: Chien-Pao|Sword of Ruin\n|-ability|p2b: Chi-Yu|Beads of Ruin\n|-ability|p1a: Arcanine|Intimidate|boost\n|-unboost|p2a: Flutter Mane|atk|1\n|-unboost|p2b: Chi-Yu|atk|1\n|turn|1\n|\n|t:|1682398093\n|-end|p2a: Flutter Mane|Protosynthesis|[silent]\n|switch|p2a: Murkrow|Murkrow, L50, F, shiny|100\/100\n|move|p1b: Chien-Pao|Protect|p1b: Chien-Pao\n|-singleturn|p1b: Chien-Pao|Protect\n|move|p1a: Arcanine|Protect|p1a: Arcanine\n|-singleturn|p1a: Arcanine|Protect\n|move|p2b: Chi-Yu|Heat Wave|p1b: Chien-Pao|[spread] \n|-activate|p1a: Arcanine|move: Protect\n|-activate|p1b: Chien-Pao|move: Protect\n|\n|upkeep\n|turn|2\n|j| Rabbihorn\n|\n|t:|1682398117\n|-terastallize|p1a: Arcanine|Normal\n|move|p1a: Arcanine|Extreme Speed|p2b: Chi-Yu\n|-damage|p2b: Chi-Yu|17\/100\n|move|p1b: Chien-Pao|Sucker Punch|p2b: Chi-Yu\n|-resisted|p2b: Chi-Yu\n|-damage|p2b: Chi-Yu|0 fnt\n|faint|p2b: Chi-Yu\n|move|p2a: Murkrow|Tailwind|p2a: Murkrow\n|-sidestart|p2: wesleihas|move: Tailwind\n|\n|upkeep\n|\n|t:|1682398136\n|switch|p2b: Annihilape|Annihilape, L50, F, shiny|100\/100\n|turn|3\n|inactive|Azun has 30 seconds left.\n|inactive|Azun has 20 seconds left.\n|\n|t:|1682398175\n|switch|p1a: Annihilape|Annihilape, L50, F|100\/100\n|move|p1b: Chien-Pao|Protect|p1b: Chien-Pao\n|-singleturn|p1b: Chien-Pao|Protect\n|move|p2a: Murkrow|Taunt|p1a: Annihilape\n|-start|p1a: Annihilape|move: Taunt\n|move|p2b: Annihilape|Drain Punch|p1a: Annihilape\n|-immune|p1a: Annihilape\n|\n|upkeep\n|turn|4\n|j| jcjfjfjfkfn\n|\n|t:|1682398194\n|switch|p1a: Farigiraf|Farigiraf, L50, M|100\/100\n|move|p2b: Annihilape|Drain Punch|p1b: Chien-Pao\n|-supereffective|p1b: Chien-Pao\n|-enditem|p1b: Chien-Pao|Focus Sash\n|-damage|p1b: Chien-Pao|1\/100\n|move|p2a: Murkrow|Foul Play|p1b: Chien-Pao\n|-resisted|p1b: Chien-Pao\n|-damage|p1b: Chien-Pao|0 fnt\n|faint|p1b: Chien-Pao\n|\n|upkeep\n|\n|t:|1682398208\n|switch|p1b: Arcanine|Arcanine, L50, F, tera:Normal|100\/100\n|-ability|p1b: Arcanine|Intimidate|boost\n|-unboost|p2a: Murkrow|atk|1\n|-unboost|p2b: Annihilape|atk|1\n|-ability|p2b: Annihilape|Defiant|boost\n|-boost|p2b: Annihilape|atk|2\n|-enditem|p1b: Arcanine|Mirror Herb\n|-boost|p1b: Arcanine|atk|2|[from] item: Mirror Herb\n|turn|5\n|inactive|wesleihas has 30 seconds left.\n|\n|t:|1682398239\n|-terastallize|p2b: Annihilape|Water\n|move|p1a: Farigiraf|Ally Switch|p1a: Farigiraf\n|swap|p1a: Farigiraf|1|[from] move: Ally Switch\n|move|p2a: Murkrow|Taunt||[still]\n|cant|p1b: Farigiraf|ability: Armor Tail|Taunt|[of] p2a: Murkrow\n|move|p2b: Annihilape|Rage Fist|p1a: Arcanine\n|-immune|p1a: Arcanine\n|move|p1a: Arcanine|Flare Blitz|p2a: Murkrow\n|-damage|p2a: Murkrow|0 fnt\n|faint|p2a: Murkrow\n|-damage|p1a: Arcanine|69\/100|[from] Recoil\n|\n|-sideend|p2: wesleihas|move: Tailwind\n|upkeep\n|\n|t:|1682398251\n|switch|p2a: Flutter Mane|Flutter Mane, L50|100\/100\n|turn|6\n|\n|t:|1682398272\n|move|p1a: Arcanine|Protect|p1a: Arcanine\n|-singleturn|p1a: Arcanine|Protect\n|move|p2a: Flutter Mane|Dazzling Gleam|p1a: Arcanine|[spread] p1b\n|-activate|p1a: Arcanine|move: Protect\n|-damage|p1b: Farigiraf|47\/100\n|move|p2b: Annihilape|Drain Punch|p1a: Arcanine\n|-activate|p1a: Arcanine|move: Protect\n|move|p1b: Farigiraf|Psychic|p2b: Annihilape\n|-damage|p2b: Annihilape|72\/100\n|\n|-heal|p2b: Annihilape|78\/100|[from] item: Leftovers\n|upkeep\n|turn|7\n|\n|t:|1682398291\n|move|p1a: Arcanine|Extreme Speed|p2b: Annihilape\n|-damage|p2b: Annihilape|0 fnt\n|faint|p2b: Annihilape\n|move|p2a: Flutter Mane|Dazzling Gleam|p1a: Arcanine|[spread] p1a,p1b\n|-damage|p1a: Arcanine|7\/100\n|-damage|p1b: Farigiraf|0 fnt\n|faint|p1b: Farigiraf\n|\n|upkeep\n|\n|t:|1682398299\n|switch|p1b: Annihilape|Annihilape, L50, F|100\/100\n|turn|8\n|\n|t:|1682398312\n|move|p1b: Annihilape|Endure|p1b: Annihilape\n|-singleturn|p1b: Annihilape|move: Endure\n|move|p2a: Flutter Mane|Dazzling Gleam|p1a: Arcanine|[spread] p1a,p1b\n|-supereffective|p1b: Annihilape\n|-damage|p1a: Arcanine|0 fnt\n|-activate|p1b: Annihilape|move: Endure\n|-damage|p1b: Annihilape|1\/100\n|-enditem|p1b: Annihilape|Salac Berry|[eat]\n|-boost|p1b: Annihilape|spe|1|[from] item: Salac Berry\n|faint|p1a: Arcanine\n|\n|upkeep\n|turn|9\n|\n|t:|1682398322\n|move|p1b: Annihilape|Rage Fist|p2a: Flutter Mane\n|-supereffective|p2a: Flutter Mane\n|-damage|p2a: Flutter Mane|0 fnt\n|faint|p2a: Flutter Mane\n|-end|p2a: Flutter Mane|Protosynthesis|[silent]\n|\n|win|Azun\n|raw|Azun's rating: 1552 → 1573<\/strong> (+21 for winning)\n|raw|wesleihas's rating: 1569 → 1548<\/strong> (-21 for losing)\n|l|\u2606Azun\n","uploadtime":1682398345,"views":14,"p1id":"azun","p2id":"wesleihas","formatid":"gen9vgc2023regulationc","rating":1548,"private":0,"password":""}