{"id":"gen9vgc2023regulationc-1848885782","p1":"tealpens1","p2":"metalskarmory","format":"[Gen 9] VGC 2023 Regulation C","log":"|j|\u2606tealpens1\n|j|\u2606metalskarmory\n|t:|1682121843\n|gametype|doubles\n|player|p1|tealpens1|102|1174\n|player|p2|metalskarmory|101|1183\n|teamsize|p1|6\n|teamsize|p2|6\n|gen|9\n|tier|[Gen 9] VGC 2023 Regulation C\n|rated|\n|rule|Species Clause: Limit one of each Pok\u00e9mon\n|rule|Item Clause: Limit one of each item\n|clearpoke\n|poke|p1|Tyranitar, L50, M|\n|poke|p1|Lycanroc, L50, F|\n|poke|p1|Maushold-Four, L50|\n|poke|p1|Annihilape, L50, F|\n|poke|p1|Ting-Lu, L50|\n|poke|p1|Flutter Mane, L50|\n|poke|p2|Maushold, L50|\n|poke|p2|Murkrow, L50, F|\n|poke|p2|Mudsdale, L50, F|\n|poke|p2|Arcanine, L50, M|\n|poke|p2|Ceruledge, L50, M|\n|poke|p2|Gothitelle, L50, M|\n|teampreview|4\n|\n|t:|1682121880\n|start\n|switch|p1a: Tyranitar|Tyranitar, L50, M|100\/100\n|switch|p1b: Lycanroc|Lycanroc, L50, F|100\/100\n|switch|p2a: Maushold|Maushold, L50|100\/100\n|switch|p2b: Mudsdale|Mudsdale, L50, F|100\/100\n|-weather|Sandstorm|[from] ability: Sand Stream|[of] p1a: Tyranitar\n|turn|1\n|\n|t:|1682121922\n|move|p1b: Lycanroc|Rock Slide|p2b: Mudsdale|[spread] p2a,p2b\n|-resisted|p2b: Mudsdale\n|-damage|p2a: Maushold|67\/100\n|-damage|p2b: Mudsdale|94\/100\n|-ability|p2b: Mudsdale|Stamina|boost\n|-boost|p2b: Mudsdale|def|1\n|cant|p2a: Maushold|flinch\n|move|p1a: Tyranitar|Crunch|p2a: Maushold\n|-damage|p2a: Maushold|4\/100\n|cant|p2b: Mudsdale|flinch\n|\n|-weather|Sandstorm|[upkeep]\n|-damage|p2a: Maushold|0 fnt|[from] Sandstorm\n|faint|p2a: Maushold\n|upkeep\n|\n|t:|1682121940\n|switch|p2a: Murkrow|Murkrow, L50, F|100\/100\n|turn|2\n|\n|t:|1682121958\n|move|p2a: Murkrow|Quash|p1b: Lycanroc\n|-activate|p1b: Lycanroc|move: Quash\n|move|p1a: Tyranitar|Rock Slide|p2a: Murkrow|[spread] p2a,p2b\n|-supereffective|p2a: Murkrow\n|-resisted|p2b: Mudsdale\n|-damage|p2a: Murkrow|31\/100\n|-damage|p2b: Mudsdale|86\/100\n|-ability|p2b: Mudsdale|Stamina|boost\n|-boost|p2b: Mudsdale|def|1\n|move|p2b: Mudsdale|Body Press|p1b: Lycanroc\n|-supereffective|p1b: Lycanroc\n|-enditem|p1b: Lycanroc|Focus Sash\n|-damage|p1b: Lycanroc|1\/100\n|move|p1b: Lycanroc|Rock Slide|p2a: Murkrow|[spread] p2a,p2b\n|-supereffective|p2a: Murkrow\n|-resisted|p2b: Mudsdale\n|-damage|p2a: Murkrow|0 fnt\n|-damage|p2b: Mudsdale|81\/100\n|-ability|p2b: Mudsdale|Stamina|boost\n|-boost|p2b: Mudsdale|def|1\n|faint|p2a: Murkrow\n|\n|-weather|Sandstorm|[upkeep]\n|upkeep\n|\n|t:|1682121976\n|switch|p2a: Gothitelle|Gothitelle, L50, M|100\/100\n|turn|3\n|\n|t:|1682121991\n|move|p1b: Lycanroc|Protect|p1b: Lycanroc\n|-singleturn|p1b: Lycanroc|Protect\n|move|p2a: Gothitelle|Fake Out|p1b: Lycanroc\n|-activate|p1b: Lycanroc|move: Protect\n|move|p1a: Tyranitar|Crunch|p2a: Gothitelle\n|-supereffective|p2a: Gothitelle\n|-damage|p2a: Gothitelle|35\/100\n|-unboost|p2a: Gothitelle|def|1\n|-enditem|p2a: Gothitelle|Sitrus Berry|[eat]\n|-heal|p2a: Gothitelle|60\/100|[from] item: Sitrus Berry\n|move|p2b: Mudsdale|Body Press|p1a: Tyranitar\n|-supereffective|p1a: Tyranitar\n|-damage|p1a: Tyranitar|0 fnt\n|faint|p1a: Tyranitar\n|\n|-weather|Sandstorm|[upkeep]\n|-damage|p2a: Gothitelle|54\/100|[from] Sandstorm\n|upkeep\n|\n|t:|1682122018\n|switch|p1a: Flutter Mane|Flutter Mane, L50|100\/100\n|turn|4\n|\n|t:|1682122032\n|-terastallize|p2b: Mudsdale|Steel\n|move|p1b: Lycanroc|Endeavor|p2b: Mudsdale\n|-damage|p2b: Mudsdale|1\/100\n|-ability|p2b: Mudsdale|Stamina|boost\n|-boost|p2b: Mudsdale|def|1\n|move|p1a: Flutter Mane|Shadow Ball|p2a: Gothitelle\n|-supereffective|p2a: Gothitelle\n|-damage|p2a: Gothitelle|0 fnt\n|faint|p2a: Gothitelle\n|-damage|p1a: Flutter Mane|91\/100|[from] item: Life Orb\n|move|p2b: Mudsdale|Heavy Slam|p1a: Flutter Mane\n|-supereffective|p1a: Flutter Mane\n|-damage|p1a: Flutter Mane|0 fnt\n|faint|p1a: Flutter Mane\n|-end|p1a: Flutter Mane|Protosynthesis|[silent]\n|\n|-weather|Sandstorm|[upkeep]\n|upkeep\n|c|\u2606tealpens1|gg\n|\n|t:|1682122047\n|switch|p1a: Ting-Lu|Ting-Lu, L50|100\/100\n|-ability|p1a: Ting-Lu|Vessel of Ruin\n|turn|5\n|c|\u2606metalskarmory|gg\n|\n|t:|1682122054\n|move|p2b: Mudsdale|Endure|p2b: Mudsdale\n|-singleturn|p2b: Mudsdale|move: Endure\n|move|p1b: Lycanroc|Howl|p1b: Lycanroc|[spread] p1a,p1b\n|-boost|p1a: Ting-Lu|atk|1\n|-boost|p1b: Lycanroc|atk|1\n|move|p1a: Ting-Lu|Heavy Slam|p2b: Mudsdale\n|-resisted|p2b: Mudsdale\n|-activate|p2b: Mudsdale|move: Endure\n|-damage|p2b: Mudsdale|1\/100\n|-ability|p2b: Mudsdale|Stamina|boost\n|-boost|p2b: Mudsdale|def|1\n|\n|-weather|none\n|upkeep\n|turn|6\n|c|\u2606tealpens1|howl!\n|c|\u2606tealpens1|the tech!\n|c|\u2606metalskarmory|that double flinch was rough\n|c|\u2606tealpens1|xD\n|c|\u2606tealpens1|yes it was\n|c|\u2606tealpens1|but you gotta go for it\n|c|\u2606metalskarmory|I love howl people don't use it often enough\n|\n|t:|1682122088\n|-terastallize|p1a: Ting-Lu|Grass\n|move|p1b: Lycanroc|Rock Slide|p2b: Mudsdale\n|-resisted|p2b: Mudsdale\n|-crit|p2b: Mudsdale\n|-damage|p2b: Mudsdale|0 fnt\n|faint|p2b: Mudsdale\n|\n|win|tealpens1\n|raw|tealpens1's rating: 1174 → 1200<\/strong> (+26 for winning)\n|raw|metalskarmory's rating: 1183 → 1157<\/strong> (-26 for losing)\n|c|\u2606metalskarmory|yeah it was wp nontheless tho\n|c|\u2606metalskarmory|gg\n|c|\u2606tealpens1|gg\n|l|\u2606metalskarmory\n","uploadtime":1682122101,"views":10,"p1id":"tealpens1","p2id":"metalskarmory","formatid":"gen9vgc2023regulationc","rating":1157,"private":0,"password":""}