{"id":"gen9vgc2023regulationc-1847463124","p1":"Kirizizio","p2":"battlerealm","format":"[Gen 9] VGC 2023 Regulation C","log":"|j|\u2606Kirizizio\n|j|\u2606battlerealm\n|t:|1681958177\n|gametype|doubles\n|player|p1|Kirizizio|lance|1158\n|player|p2|battlerealm|102|1173\n|teamsize|p1|6\n|teamsize|p2|6\n|gen|9\n|tier|[Gen 9] VGC 2023 Regulation C\n|rated|\n|rule|Species Clause: Limit one of each Pok\u00e9mon\n|rule|Item Clause: Limit one of each item\n|clearpoke\n|poke|p1|Dondozo, L50, F|\n|poke|p1|Tatsugiri-Stretchy, L50, F|\n|poke|p1|Chi-Yu, L50|\n|poke|p1|Flutter Mane, L50|\n|poke|p1|Dragonite, L50, M|\n|poke|p1|Glimmora, L50, F|\n|poke|p2|Garchomp, L50, M|\n|poke|p2|Tyranitar, L50, M|\n|poke|p2|Corviknight, L50, M|\n|poke|p2|Tatsugiri, L50, F|\n|poke|p2|Iron Hands, L50|\n|poke|p2|Ting-Lu, L50|\n|teampreview|4\n|\n|t:|1681958208\n|start\n|switch|p1a: Glimmora|Glimmora, L50, F|100\/100\n|switch|p1b: Dondozo|Dondozo, L50, F|100\/100\n|switch|p2a: Corviknight|Corviknight, L50, M|100\/100\n|switch|p2b: Garchomp|Garchomp, L50, M|100\/100\n|turn|1\n|\n|t:|1681958224\n|move|p2b: Garchomp|Protect|p2b: Garchomp\n|-singleturn|p2b: Garchomp|Protect\n|move|p1a: Glimmora|Spiky Shield|p1a: Glimmora\n|-singleturn|p1a: Glimmora|move: Protect\n|move|p2a: Corviknight|Tailwind|p2a: Corviknight\n|-sidestart|p2: battlerealm|move: Tailwind\n|move|p1b: Dondozo|Yawn|p2b: Garchomp\n|-activate|p2b: Garchomp|move: Protect\n|\n|upkeep\n|turn|2\n|\n|t:|1681958242\n|move|p2b: Garchomp|Swords Dance|p2b: Garchomp\n|-boost|p2b: Garchomp|atk|2\n|move|p2a: Corviknight|Taunt|p1b: Dondozo\n|-start|p1b: Dondozo|move: Taunt\n|move|p1a: Glimmora|Toxic|p2b: Garchomp\n|-status|p2b: Garchomp|tox\n|move|p1b: Dondozo|Wave Crash|p2b: Garchomp\n|-damage|p2b: Garchomp|64\/100 tox\n|-damage|p1b: Dondozo|88\/100|[from] ability: Rough Skin|[of] p2b: Garchomp\n|-damage|p1b: Dondozo|79\/100|[from] Recoil\n|\n|-damage|p2b: Garchomp|58\/100 tox|[from] psn\n|upkeep\n|turn|3\n|\n|t:|1681958274\n|switch|p2a: Tatsugiri|Tatsugiri, L50, F|100\/100\n|move|p1a: Glimmora|Spiky Shield|p1a: Glimmora\n|-singleturn|p1a: Glimmora|move: Protect\n|move|p2b: Garchomp|Swords Dance|p2b: Garchomp\n|-boost|p2b: Garchomp|atk|2\n|move|p1b: Dondozo|Wave Crash|p2a: Tatsugiri\n|-activate|p2a: Tatsugiri|ability: Storm Drain\n|-ability|p2a: Tatsugiri|Storm Drain|boost\n|-boost|p2a: Tatsugiri|spa|1\n|\n|-damage|p2b: Garchomp|46\/100 tox|[from] psn\n|upkeep\n|turn|4\n|\n|t:|1681958295\n|move|p2a: Tatsugiri|Protect|p2a: Tatsugiri\n|-singleturn|p2a: Tatsugiri|Protect\n|move|p2b: Garchomp|Earthquake|p1b: Dondozo|[spread] p1a,p1b\n|-activate|p2a: Tatsugiri|move: Protect\n|-supereffective|p1a: Glimmora\n|-enditem|p1a: Glimmora|Focus Sash\n|-damage|p1a: Glimmora|1\/100\n|-damage|p1b: Dondozo|56\/100\n|-activate|p1a: Glimmora|ability: Toxic Debris\n|-sidestart|p2: battlerealm|move: Toxic Spikes\n|move|p1a: Glimmora|Earth Power|p2a: Tatsugiri\n|-activate|p2a: Tatsugiri|move: Protect\n|move|p1b: Dondozo|Bulldoze|p2a: Tatsugiri|[spread] p1a,p2b\n|-activate|p2a: Tatsugiri|move: Protect\n|-supereffective|p1a: Glimmora\n|-damage|p1a: Glimmora|0 fnt\n|-damage|p2b: Garchomp|36\/100 tox\n|-activate|p1a: Glimmora|ability: Toxic Debris\n|-sidestart|p2: battlerealm|move: Toxic Spikes\n|faint|p1a: Glimmora\n|\n|-damage|p2b: Garchomp|18\/100 tox|[from] psn\n|-end|p1b: Dondozo|move: Taunt\n|-sideend|p2: battlerealm|move: Tailwind\n|upkeep\n|\n|t:|1681958316\n|switch|p1a: Flutter Mane|Flutter Mane, L50|100\/100\n|-enditem|p1a: Flutter Mane|Booster Energy\n|-activate|p1a: Flutter Mane|ability: Protosynthesis|[fromitem]\n|-start|p1a: Flutter Mane|protosynthesisspe\n|turn|5\n|\n|t:|1681958327\n|switch|p2b: Corviknight|Corviknight, L50, M|100\/100\n|move|p1a: Flutter Mane|Protect|p1a: Flutter Mane\n|-singleturn|p1a: Flutter Mane|Protect\n|move|p2a: Tatsugiri|Protect||[still]\n|-fail|p2a: Tatsugiri\n|move|p1b: Dondozo|Protect||[still]\n|-fail|p1b: Dondozo\n|\n|upkeep\n|turn|6\n|\n|t:|1681958348\n|-terastallize|p1a: Flutter Mane|Steel\n|move|p2a: Tatsugiri|Protect|p2a: Tatsugiri\n|-singleturn|p2a: Tatsugiri|Protect\n|move|p1a: Flutter Mane|Moonblast|p2a: Tatsugiri\n|-activate|p2a: Tatsugiri|move: Protect\n|move|p2b: Corviknight|Tailwind|p2b: Corviknight\n|-sidestart|p2: battlerealm|move: Tailwind\n|move|p1b: Dondozo|Yawn|p2b: Corviknight\n|-start|p2b: Corviknight|move: Yawn|[of] p1b: Dondozo\n|\n|upkeep\n|turn|7\n|\n|t:|1681958377\n|switch|p2b: Garchomp|Garchomp, L50, M|18\/100 tox\n|-terastallize|p2a: Tatsugiri|Water\n|move|p1a: Flutter Mane|Substitute|p1a: Flutter Mane\n|-start|p1a: Flutter Mane|Substitute\n|-damage|p1a: Flutter Mane|76\/100\n|move|p2a: Tatsugiri|Icy Wind|p1b: Dondozo|[spread] p1a,p1b\n|-resisted|p1a: Flutter Mane\n|-activate|p1a: Flutter Mane|move: Substitute|[damage]\n|-resisted|p1b: Dondozo\n|-damage|p1b: Dondozo|52\/100\n|-unboost|p1b: Dondozo|spe|1\n|move|p1b: Dondozo|Yawn||[still]\n|-fail|p1b: Dondozo\n|\n|-damage|p2b: Garchomp|13\/100 tox|[from] psn\n|upkeep\n|turn|8\n|\n|t:|1681958406\n|move|p1a: Flutter Mane|Protect|p1a: Flutter Mane\n|-singleturn|p1a: Flutter Mane|Protect\n|move|p2b: Garchomp|Rock Slide|p1a: Flutter Mane|[spread] p1b\n|-activate|p1a: Flutter Mane|move: Protect\n|-damage|p1b: Dondozo|41\/100\n|-enditem|p1b: Dondozo|Sitrus Berry|[eat]\n|-heal|p1b: Dondozo|66\/100|[from] item: Sitrus Berry\n|move|p2a: Tatsugiri|Muddy Water|p1a: Flutter Mane|[spread] p1b\n|-activate|p1a: Flutter Mane|move: Protect\n|-resisted|p1b: Dondozo\n|-damage|p1b: Dondozo|55\/100\n|cant|p1b: Dondozo|flinch\n|\n|-damage|p2b: Garchomp|1\/100 tox|[from] psn\n|upkeep\n|turn|9\n|\n|t:|1681958437\n|move|p2b: Garchomp|Rock Slide|p1a: Flutter Mane|[spread] p1a,p1b\n|-resisted|p1a: Flutter Mane\n|-activate|p1a: Flutter Mane|move: Substitute|[damage]\n|-damage|p1b: Dondozo|43\/100\n|move|p1a: Flutter Mane|Moonblast|p2a: Tatsugiri\n|-damage|p2a: Tatsugiri|51\/100\n|-unboost|p2a: Tatsugiri|spa|1\n|move|p2a: Tatsugiri|Muddy Water|p1a: Flutter Mane|[spread] p1a,p1b\n|-end|p1a: Flutter Mane|Substitute\n|-resisted|p1b: Dondozo\n|-damage|p1b: Dondozo|30\/100\n|cant|p1b: Dondozo|flinch\n|\n|-damage|p2b: Garchomp|0 fnt|[from] psn\n|faint|p2b: Garchomp\n|-sideend|p2: battlerealm|move: Tailwind\n|upkeep\n|\n|t:|1681958460\n|switch|p2b: Corviknight|Corviknight, L50, M|100\/100\n|turn|10\n|\n|t:|1681958468\n|move|p1a: Flutter Mane|Protect|p1a: Flutter Mane\n|-singleturn|p1a: Flutter Mane|Protect\n|move|p2a: Tatsugiri|Dragon Pulse|p1b: Dondozo\n|-damage|p1b: Dondozo|6\/100\n|move|p2b: Corviknight|Brave Bird|p1b: Dondozo\n|-damage|p1b: Dondozo|0 fnt\n|faint|p1b: Dondozo\n|-damage|p2b: Corviknight|98\/100|[from] Recoil\n|\n|upkeep\n|\n|t:|1681958478\n|switch|p1b: Chi-Yu|Chi-Yu, L50|100\/100\n|-ability|p1b: Chi-Yu|Beads of Ruin\n|turn|11\n|\n|t:|1681958496\n|move|p2a: Tatsugiri|Protect|p2a: Tatsugiri\n|-singleturn|p2a: Tatsugiri|Protect\n|move|p1a: Flutter Mane|Substitute|p1a: Flutter Mane\n|-start|p1a: Flutter Mane|Substitute\n|-damage|p1a: Flutter Mane|51\/100\n|move|p1b: Chi-Yu|Flamethrower|p2b: Corviknight\n|-supereffective|p2b: Corviknight\n|-damage|p2b: Corviknight|0 fnt\n|faint|p2b: Corviknight\n|\n|upkeep\n|\n|t:|1681958504\n|switch|p2b: Ting-Lu|Ting-Lu, L50|100\/100\n|-status|p2b: Ting-Lu|tox\n|-ability|p2b: Ting-Lu|Vessel of Ruin\n|turn|12\n|\n|t:|1681958521\n|move|p1a: Flutter Mane|Protect|p1a: Flutter Mane\n|-singleturn|p1a: Flutter Mane|Protect\n|move|p1b: Chi-Yu|Protect|p1b: Chi-Yu\n|-singleturn|p1b: Chi-Yu|Protect\n|move|p2a: Tatsugiri|Muddy Water|p1a: Flutter Mane|[spread] \n|-activate|p1a: Flutter Mane|move: Protect\n|-activate|p1b: Chi-Yu|move: Protect\n|move|p2b: Ting-Lu|Earthquake|p1b: Chi-Yu|[spread] p2a\n|-activate|p1a: Flutter Mane|move: Protect\n|-activate|p1b: Chi-Yu|move: Protect\n|-damage|p2a: Tatsugiri|6\/100\n|-enditem|p2a: Tatsugiri|Sitrus Berry|[eat]\n|-heal|p2a: Tatsugiri|30\/100|[from] item: Sitrus Berry\n|\n|-damage|p2b: Ting-Lu|94\/100 tox|[from] psn\n|upkeep\n|turn|13\n|\n|t:|1681958545\n|move|p2a: Tatsugiri|Protect|p2a: Tatsugiri\n|-singleturn|p2a: Tatsugiri|Protect\n|move|p1a: Flutter Mane|Moonblast|p2a: Tatsugiri\n|-activate|p2a: Tatsugiri|move: Protect\n|move|p1b: Chi-Yu|Flamethrower|p2b: Ting-Lu\n|-damage|p2b: Ting-Lu|70\/100 tox\n|move|p2b: Ting-Lu|Earthquake|p1a: Flutter Mane|[spread] p1a,p1b\n|-activate|p2a: Tatsugiri|move: Protect\n|-supereffective|p1a: Flutter Mane\n|-end|p1a: Flutter Mane|Substitute\n|-supereffective|p1b: Chi-Yu\n|-damage|p1b: Chi-Yu|2\/100\n|\n|-damage|p2b: Ting-Lu|58\/100 tox|[from] psn\n|upkeep\n|turn|14\n|\n|t:|1681958584\n|move|p1a: Flutter Mane|Protect|p1a: Flutter Mane\n|-singleturn|p1a: Flutter Mane|Protect\n|move|p1b: Chi-Yu|Protect|p1b: Chi-Yu\n|-singleturn|p1b: Chi-Yu|Protect\n|move|p2a: Tatsugiri|Muddy Water|p1b: Chi-Yu|[spread] \n|-activate|p1a: Flutter Mane|move: Protect\n|-activate|p1b: Chi-Yu|move: Protect\n|move|p2b: Ting-Lu|Rock Slide|p1a: Flutter Mane|[spread] \n|-activate|p1a: Flutter Mane|move: Protect\n|-activate|p1b: Chi-Yu|move: Protect\n|\n|-damage|p2b: Ting-Lu|39\/100 tox|[from] psn\n|upkeep\n|turn|15\n|\n|t:|1681958602\n|move|p1a: Flutter Mane|Moonblast|p2b: Ting-Lu\n|-supereffective|p2b: Ting-Lu\n|-damage|p2b: Ting-Lu|0 fnt\n|faint|p2b: Ting-Lu\n|move|p1b: Chi-Yu|Flamethrower|p2a: Tatsugiri\n|-resisted|p2a: Tatsugiri\n|-damage|p2a: Tatsugiri|0 fnt\n|faint|p2a: Tatsugiri\n|\n|win|Kirizizio\n|raw|Kirizizio's rating: 1158 → 1184<\/strong> (+26 for winning)\n|raw|battlerealm's rating: 1173 → 1147<\/strong> (-26 for losing)\n","uploadtime":1681958609,"views":4,"p1id":"kirizizio","p2id":"battlerealm","formatid":"gen9vgc2023regulationc","rating":1147,"private":0,"password":""}