{"id":"gen9vgc2023regulationc-1857061213","p1":"tarkus474","p2":"dacm_14","format":"[Gen 9] VGC 2023 Regulation C","log":"|j|\u2606tarkus474\n|j|\u2606dacm_14\n|t:|1683141988\n|gametype|doubles\n|player|p1|tarkus474|chuck|1235\n|player|p2|dacm_14|169|1132\n|teamsize|p1|6\n|teamsize|p2|6\n|gen|9\n|tier|[Gen 9] VGC 2023 Regulation C\n|rated|\n|rule|Species Clause: Limit one of each Pok\u00e9mon\n|rule|Item Clause: Limit one of each item\n|clearpoke\n|poke|p1|Greedent, L50, F|\n|poke|p1|Vaporeon, L50, F|\n|poke|p1|Great Tusk, L50|\n|poke|p1|Murkrow, L50, M|\n|poke|p1|Iron Hands, L50|\n|poke|p1|Flutter Mane, L50|\n|poke|p2|Mimikyu, L50, M|\n|poke|p2|Flutter Mane, L50|\n|poke|p2|Brute Bonnet, L50|\n|poke|p2|Hatterene, L50, F|\n|poke|p2|Kingambit, L50, M|\n|poke|p2|Torkoal, L50, M|\n|teampreview|4\ntarkus474 rejected open team sheets.\n|\n|t:|1683142034\n|start\n|switch|p1a: Vaporeon|Vaporeon, L50, F|100\/100\n|switch|p1b: Iron Hands|Iron Hands, L50|100\/100\n|switch|p2a: Flutter Mane|Flutter Mane, L50|100\/100\n|switch|p2b: Hatterene|Hatterene, L50, F|100\/100\n|turn|1\n|\n|t:|1683142055\n|move|p2b: Hatterene|Protect|p2b: Hatterene\n|-singleturn|p2b: Hatterene|Protect\n|move|p1a: Vaporeon|Muddy Water|p2a: Flutter Mane|[spread] p2a\n|-activate|p2b: Hatterene|move: Protect\n|-damage|p2a: Flutter Mane|73\/100\n|move|p1b: Iron Hands|Rock Slide|p2a: Flutter Mane|[spread] p2a\n|-activate|p2b: Hatterene|move: Protect\n|-damage|p2a: Flutter Mane|26\/100\n|move|p2a: Flutter Mane|Trick Room|p2a: Flutter Mane\n|-fieldstart|move: Trick Room|[of] p2a: Flutter Mane\n|\n|upkeep\n|turn|2\n|\n|t:|1683142101\n|-end|p2a: Flutter Mane|Protosynthesis|[silent]\n|switch|p2a: Brute Bonnet|Brute Bonnet, L50|100\/100\n|move|p2b: Hatterene|Dazzling Gleam|p1b: Iron Hands|[spread] p1a,p1b\n|-supereffective|p1b: Iron Hands\n|-damage|p1a: Vaporeon|65\/100\n|-damage|p1b: Iron Hands|46\/100\n|-damage|p2b: Hatterene|91\/100|[from] item: Life Orb\n|move|p1b: Iron Hands|Rock Slide|p2a: Brute Bonnet|[spread] p2a,p2b\n|-damage|p2a: Brute Bonnet|83\/100\n|-damage|p2b: Hatterene|66\/100\n|move|p1a: Vaporeon|Muddy Water|p2b: Hatterene|[spread] p2a,p2b\n|-resisted|p2a: Brute Bonnet\n|-damage|p2a: Brute Bonnet|72\/100\n|-damage|p2b: Hatterene|38\/100\n|-unboost|p2a: Brute Bonnet|accuracy|1\n|\n|upkeep\n|turn|3\n|\n|t:|1683142129\n|move|p2b: Hatterene|Dazzling Gleam|p1b: Iron Hands|[spread] p1a,p1b\n|-supereffective|p1b: Iron Hands\n|-damage|p1a: Vaporeon|32\/100\n|-damage|p1b: Iron Hands|0 fnt\n|faint|p1b: Iron Hands\n|-end|p1b: Iron Hands|Quark Drive|[silent]\n|-damage|p2b: Hatterene|28\/100|[from] item: Life Orb\n|move|p2a: Brute Bonnet|Bullet Seed|p1a: Vaporeon\n|-supereffective|p1a: Vaporeon\n|-damage|p1a: Vaporeon|10\/100\n|-supereffective|p1a: Vaporeon\n|-damage|p1a: Vaporeon|0 fnt\n|faint|p1a: Vaporeon\n|-hitcount|p1: Vaporeon|2\n|\n|upkeep\n|\n|t:|1683142140\n|switch|p1b: Murkrow|Murkrow, L50, M|100\/100\n|switch|p1a: Great Tusk|Great Tusk, L50|100\/100\n|turn|4\n|\n|t:|1683142152\n|move|p1a: Great Tusk|Protect|p1a: Great Tusk\n|-singleturn|p1a: Great Tusk|Protect\n|move|p1b: Murkrow|Tailwind|p1b: Murkrow\n|-sidestart|p1: tarkus474|move: Tailwind\n|move|p2b: Hatterene|Dazzling Gleam|p1b: Murkrow|[spread] p1b\n|-activate|p1a: Great Tusk|move: Protect\n|-supereffective|p1b: Murkrow\n|-damage|p1b: Murkrow|20\/100\n|-damage|p2b: Hatterene|18\/100|[from] item: Life Orb\n|move|p2a: Brute Bonnet|Spore|p1a: Great Tusk\n|-activate|p1a: Great Tusk|move: Protect\n|\n|upkeep\n|turn|5\n|\n|t:|1683142169\n|move|p1a: Great Tusk|Protect|p1a: Great Tusk\n|-singleturn|p1a: Great Tusk|Protect\n|move|p1b: Murkrow|Sunny Day|p1b: Murkrow\n|-weather|SunnyDay\n|-activate|p2a: Brute Bonnet|ability: Protosynthesis\n|-start|p2a: Brute Bonnet|protosynthesisatk\n|-activate|p1a: Great Tusk|ability: Protosynthesis\n|-start|p1a: Great Tusk|protosynthesisatk\n|move|p2b: Hatterene|Dazzling Gleam|p1b: Murkrow|[spread] p1b\n|-activate|p1a: Great Tusk|move: Protect\n|-supereffective|p1b: Murkrow\n|-damage|p1b: Murkrow|0 fnt\n|faint|p1b: Murkrow\n|-damage|p2b: Hatterene|8\/100|[from] item: Life Orb\n|move|p2a: Brute Bonnet|Bullet Seed|p1a: Great Tusk\n|-activate|p1a: Great Tusk|move: Protect\n|\n|-weather|SunnyDay|[upkeep]\n|-fieldend|move: Trick Room\n|upkeep\n|turn|6\n|\n|t:|1683142186\n|-terastallize|p1a: Great Tusk|Ground\n|move|p2b: Hatterene|Protect|p2b: Hatterene\n|-singleturn|p2b: Hatterene|Protect\n|move|p1a: Great Tusk|Earthquake|p2a: Brute Bonnet|[spread] p2a\n|-activate|p2b: Hatterene|move: Protect\n|-resisted|p2a: Brute Bonnet\n|-damage|p2a: Brute Bonnet|38\/100\n|-damage|p1a: Great Tusk|91\/100|[from] item: Life Orb\n|move|p2a: Brute Bonnet|Bullet Seed|p1a: Great Tusk\n|-supereffective|p1a: Great Tusk\n|-damage|p1a: Great Tusk|66\/100\n|-supereffective|p1a: Great Tusk\n|-damage|p1a: Great Tusk|41\/100\n|-supereffective|p1a: Great Tusk\n|-damage|p1a: Great Tusk|17\/100\n|-supereffective|p1a: Great Tusk\n|-damage|p1a: Great Tusk|0 fnt\n|faint|p1a: Great Tusk\n|-end|p1a: Great Tusk|Protosynthesis|[silent]\n|-hitcount|p1: Great Tusk|4\n|\n|win|dacm_14\n|raw|tarkus474's rating: 1235 → 1203<\/strong> (-32 for losing)\n|raw|dacm_14's rating: 1132 → 1164<\/strong> (+32 for winning)\n|l|\u2606tarkus474\n","uploadtime":1683142207,"views":17,"p1id":"tarkus474","p2id":"dacm14","formatid":"gen9vgc2023regulationc","rating":1164,"private":0,"password":""}