{"id":"gen9vgc2023regulationc-1861659183","p1":"PuuLovesChaewon","p2":"hkings234","format":"[Gen 9] VGC 2023 Regulation C","log":"|j|\u2606PuuLovesChaewon\n|j|\u2606hkings234\n|t:|1683789731\n|gametype|doubles\n|player|p1|PuuLovesChaewon|flannery|1052\n|player|p2|hkings234|clay|1106\n|teamsize|p1|6\n|teamsize|p2|6\n|gen|9\n|tier|[Gen 9] VGC 2023 Regulation C\n|rated|\n|rule|Species Clause: Limit one of each Pok\u00e9mon\n|rule|Item Clause: Limit one of each item\n|clearpoke\n|poke|p1|Iron Bundle, L50|\n|poke|p1|Flutter Mane, L50|\n|poke|p1|Torkoal, L50, F|\n|poke|p1|Jumpluff, L50, F|\n|poke|p1|Roaring Moon, L50|\n|poke|p1|Chi-Yu, L50|\n|poke|p2|Flutter Mane, L50|\n|poke|p2|Arcanine, L50, M|\n|poke|p2|Chien-Pao, L50|\n|poke|p2|Iron Hands, L50|\n|poke|p2|Baxcalibur, L50, M|\n|poke|p2|Amoonguss, L50, F|\n|teampreview|4\nPuuLovesChaewon has agreed to open team sheets.\n|\n|t:|1683789758\n|start\n|switch|p1a: Zuha ily|Jumpluff, L50, F|100\/100\n|switch|p1b: Too Spicy|Torkoal, L50, F|100\/100\n|switch|p2a: Arcanine|Arcanine, L50, M, shiny|100\/100\n|switch|p2b: Iron Hands|Iron Hands, L50|100\/100\n|-ability|p2a: Arcanine|Intimidate|boost\n|-unboost|p1a: Zuha ily|atk|1\n|-unboost|p1b: Too Spicy|atk|1\n|-item|p2a: Arcanine|Air Balloon\n|-weather|SunnyDay|[from] ability: Drought|[of] p1b: Too Spicy\n|turn|1\n|inactive|Battle timer is ON: inactive players will automatically lose when time's up. (requested by PuuLovesChaewon)\n|inactiveoff|Battle timer is now OFF.\n|\n|t:|1683789785\n|switch|p2a: Flutter Mane|Flutter Mane, L50, shiny|100\/100\n|-activate|p2a: Flutter Mane|ability: Protosynthesis\n|-start|p2a: Flutter Mane|protosynthesisspe\n|move|p2b: Iron Hands|Fake Out|p1b: Too Spicy\n|-damage|p1b: Too Spicy|89\/100\n|move|p1a: Zuha ily|Tailwind|p1a: Zuha ily\n|-sidestart|p1: PuuLovesChaewon|move: Tailwind\n|cant|p1b: Too Spicy|flinch\n|\n|-weather|SunnyDay|[upkeep]\n|upkeep\n|turn|2\n|\n|t:|1683789802\n|move|p1a: Zuha ily|Sleep Powder|p2a: Flutter Mane\n|-status|p2a: Flutter Mane|slp|[from] move: Sleep Powder\n|cant|p2a: Flutter Mane|slp\n|move|p1b: Too Spicy|Eruption|p2a: Flutter Mane|[spread] p2a,p2b\n|-damage|p2a: Flutter Mane|31\/100 slp\n|-damage|p2b: Iron Hands|59\/100\n|move|p2b: Iron Hands|Drain Punch|p1b: Too Spicy\n|-damage|p1b: Too Spicy|58\/100\n|-heal|p2b: Iron Hands|70\/100|[from] drain|[of] p1b: Too Spicy\n|\n|-weather|SunnyDay|[upkeep]\n|upkeep\n|turn|3\n|\n|t:|1683789819\n|-terastallize|p2b: Iron Hands|Grass\n|move|p1a: Zuha ily|Pollen Puff|p1b: Too Spicy\n|-heal|p1b: Too Spicy|100\/100\n|cant|p2a: Flutter Mane|slp\n|move|p1b: Too Spicy|Eruption|p2a: Flutter Mane|[spread] p2a,p2b\n|-crit|p2a: Flutter Mane\n|-supereffective|p2b: Iron Hands\n|-damage|p2a: Flutter Mane|0 fnt\n|-damage|p2b: Iron Hands|0 fnt\n|faint|p2a: Flutter Mane\n|-end|p2a: Flutter Mane|Protosynthesis|[silent]\n|faint|p2b: Iron Hands\n|-end|p2b: Iron Hands|Quark Drive|[silent]\n|\n|-weather|SunnyDay|[upkeep]\n|upkeep\n|\n|t:|1683789824\n|switch|p2a: Arcanine|Arcanine, L50, M, shiny|100\/100\n|switch|p2b: Baxcalibur|Baxcalibur, L50, M|100\/100\n|-ability|p2a: Arcanine|Intimidate|boost\n|-unboost|p1a: Zuha ily|atk|1\n|-unboost|p1b: Too Spicy|atk|1\n|-item|p2a: Arcanine|Air Balloon\n|turn|4\n|c|\u2606PuuLovesChaewon|why\n|c|\u2606hkings234|sleep powder\n|c|\u2606PuuLovesChaewon|oh mb\n|\n|t:|1683789860\n|switch|p1b: ChaewonSoPupu|Iron Bundle, L50|100\/100\n|-enditem|p1b: ChaewonSoPupu|Booster Energy\n|-activate|p1b: ChaewonSoPupu|ability: Quark Drive|[fromitem]\n|-start|p1b: ChaewonSoPupu|quarkdrivespa\n|move|p2a: Arcanine|Extreme Speed|p1b: ChaewonSoPupu\n|-damage|p1b: ChaewonSoPupu|77\/100\n|move|p1a: Zuha ily|Sleep Powder|p2b: Baxcalibur\n|-status|p2b: Baxcalibur|slp|[from] move: Sleep Powder\n|cant|p2b: Baxcalibur|slp\n|\n|-weather|SunnyDay|[upkeep]\n|-sideend|p1: PuuLovesChaewon|move: Tailwind\n|upkeep\n|turn|5\n|c|\u2606hkings234|i faced a torkoal and jumpluff user who spammed sleep powder and fissure\n|c|\u2606PuuLovesChaewon|that annyingg\n|c|\u2606PuuLovesChaewon|mb annoying*\n|\n|t:|1683789894\n|-terastallize|p1b: ChaewonSoPupu|Water\n|move|p1a: Zuha ily|Tailwind|p1a: Zuha ily\n|-sidestart|p1: PuuLovesChaewon|move: Tailwind\n|move|p1b: ChaewonSoPupu|Hydro Pump|p2a: Arcanine\n|-supereffective|p2a: Arcanine\n|-damage|p2a: Arcanine|27\/100\n|-enditem|p2a: Arcanine|Air Balloon\n|cant|p2b: Baxcalibur|slp\n|move|p2a: Arcanine|Flare Blitz|p1b: ChaewonSoPupu\n|-resisted|p1b: ChaewonSoPupu\n|-damage|p1b: ChaewonSoPupu|33\/100\n|-damage|p2a: Arcanine|18\/100|[from] Recoil\n|\n|-weather|SunnyDay|[upkeep]\n|upkeep\n|turn|6\n|c|\u2606hkings234|i won but i made a mistake this game cos i assumed the same\n|\n|t:|1683789916\n|move|p2a: Arcanine|Extreme Speed|p1b: ChaewonSoPupu\n|-damage|p1b: ChaewonSoPupu|7\/100\n|cant|p2b: Baxcalibur|slp\n|move|p1a: Zuha ily|Pollen Puff|p1b: ChaewonSoPupu\n|-heal|p1b: ChaewonSoPupu|56\/100\n|move|p1b: ChaewonSoPupu|Icy Wind|p2a: Arcanine|[spread] p2a\n|-miss|p1b: ChaewonSoPupu|p2b: Baxcalibur\n|-resisted|p2a: Arcanine\n|-damage|p2a: Arcanine|7\/100\n|-unboost|p2a: Arcanine|spe|1\n|\n|-weather|SunnyDay|[upkeep]\n|upkeep\n|turn|7\n|c|\u2606PuuLovesChaewon|nicee\n|\n|t:|1683789933\n|move|p2a: Arcanine|Extreme Speed|p1b: ChaewonSoPupu\n|-damage|p1b: ChaewonSoPupu|30\/100\n|-curestatus|p2b: Baxcalibur|slp|[msg]\n|move|p2b: Baxcalibur|Ice Shard|p1b: ChaewonSoPupu\n|-resisted|p1b: ChaewonSoPupu\n|-damage|p1b: ChaewonSoPupu|8\/100\n|-damage|p2b: Baxcalibur|90\/100|[from] item: Life Orb\n|move|p1a: Zuha ily|Pollen Puff|p1b: ChaewonSoPupu\n|-heal|p1b: ChaewonSoPupu|58\/100\n|move|p1b: ChaewonSoPupu|Icy Wind|p2b: Baxcalibur|[spread] p2a,p2b\n|-resisted|p2a: Arcanine\n|-damage|p2a: Arcanine|0 fnt\n|-damage|p2b: Baxcalibur|57\/100\n|-unboost|p2b: Baxcalibur|spe|1\n|faint|p2a: Arcanine\n|\n|-weather|SunnyDay|[upkeep]\n|upkeep\n|turn|8\n|c|\u2606hkings234|gg\n|c|\u2606PuuLovesChaewon|gg\n|\n|t:|1683789963\n|move|p1a: Zuha ily|Helping Hand|p1b: ChaewonSoPupu\n|-singleturn|p1b: ChaewonSoPupu|Helping Hand|[of] p1a: Zuha ily\n|move|p1b: ChaewonSoPupu|Freeze-Dry|p2b: Baxcalibur\n|-damage|p2b: Baxcalibur|0 fnt\n|faint|p2b: Baxcalibur\n|\n|win|PuuLovesChaewon\n|raw|PuuLovesChaewon's rating: 1052 → 1089<\/strong> (+37 for winning)\n|raw|hkings234's rating: 1106 → 1077<\/strong> (-29 for losing)\n|l|\u2606hkings234\n","uploadtime":1683789980,"views":12,"p1id":"puuloveschaewon","p2id":"hkings234","formatid":"gen9vgc2023regulationc","rating":1077,"private":0,"password":""}