{"id":"gen9vgc2023regulationc-1850368712","p1":"not_avu","p2":"gvcnhx","format":"[Gen 9] VGC 2023 Regulation C","log":"|j|\u2606not_avu\n|j|\u2606gvcnhx\n|t:|1682326042\n|gametype|doubles\n|player|p1|not_avu|roxie|1050\n|player|p2|gvcnhx|1|1000\n|teamsize|p1|6\n|teamsize|p2|6\n|gen|9\n|tier|[Gen 9] VGC 2023 Regulation C\n|rated|\n|rule|Species Clause: Limit one of each Pok\u00e9mon\n|rule|Item Clause: Limit one of each item\n|clearpoke\n|poke|p1|Ceruledge, L50, F|\n|poke|p1|Chien-Pao, L50|\n|poke|p1|Grimmsnarl, L50, M|\n|poke|p1|Pelipper, L50, M|\n|poke|p1|Palafin, L50, F|\n|poke|p1|Iron Hands, L50|\n|poke|p2|Flutter Mane, L50|\n|poke|p2|Palafin, L50, M|\n|poke|p2|Arcanine, L50, M|\n|poke|p2|Amoonguss, L50, F|\n|poke|p2|Ting-Lu, L50|\n|poke|p2|Dragonite, L50, F|\n|teampreview|4\n|inactive|Battle timer is ON: inactive players will automatically lose when time's up. (requested by not_avu)\n|inactive|gvcnhx has 60 seconds left.\n|\n|t:|1682326073\n|start\n|switch|p1a: Silvera|Palafin, L50, F|100\/100\n|switch|p1b: Got the life|Iron Hands, L50|100\/100\n|switch|p2a: Palafin|Palafin, L50, M|100\/100\n|switch|p2b: Flutter Mane|Flutter Mane, L50|100\/100\n|-enditem|p2b: Flutter Mane|Booster Energy\n|-activate|p2b: Flutter Mane|ability: Protosynthesis|[fromitem]\n|-start|p2b: Flutter Mane|protosynthesisspa\n|turn|1\n|inactive|not_avu has 30 seconds left.\n|\n|t:|1682326101\n|detailschange|p2a: Palafin|Palafin-Hero, L50, M\n|switch|p2a: Arcanine|Arcanine, L50, M|100\/100\n|-ability|p2a: Arcanine|Intimidate|boost\n|-unboost|p1a: Silvera|atk|1\n|-unboost|p1b: Got the life|atk|1\n|move|p1a: Silvera|Protect|p1a: Silvera\n|-singleturn|p1a: Silvera|Protect\n|move|p2b: Flutter Mane|Dazzling Gleam|p1a: Silvera|[spread] p1b\n|-activate|p1a: Silvera|move: Protect\n|-supereffective|p1b: Got the life\n|-damage|p1b: Got the life|62\/100\n|move|p1b: Got the life|Iron Head|p2b: Flutter Mane\n|-supereffective|p2b: Flutter Mane\n|-damage|p2b: Flutter Mane|52\/100\n|\n|upkeep\n|turn|2\n|\n|t:|1682326121\n|detailschange|p1a: Silvera|Palafin-Hero, L50, F\n|switch|p1a: Teardrops|Pelipper, L50, M|100\/100\n|-weather|RainDance|[from] ability: Drizzle|[of] p1a: Teardrops\n|move|p2b: Flutter Mane|Dazzling Gleam|p1b: Got the life|[spread] p1a,p1b\n|-supereffective|p1b: Got the life\n|-damage|p1a: Teardrops|37\/100\n|-damage|p1b: Got the life|24\/100\n|-enditem|p1a: Teardrops|Sitrus Berry|[eat]\n|-heal|p1a: Teardrops|62\/100|[from] item: Sitrus Berry\n|move|p2a: Arcanine|Will-O-Wisp|p1b: Got the life\n|-status|p1b: Got the life|brn\n|move|p1b: Got the life|Iron Head|p2b: Flutter Mane\n|-supereffective|p2b: Flutter Mane\n|-damage|p2b: Flutter Mane|27\/100\n|\n|-weather|RainDance|[upkeep]\n|-damage|p1b: Got the life|18\/100 brn|[from] brn\n|upkeep\n|turn|3\n|inactive|gvcnhx has 30 seconds left.\n|\n|t:|1682326149\n|-end|p1b: Got the life|Quark Drive|[silent]\n|switch|p1b: Silvera|Palafin-Hero, L50, F|100\/100\n|-activate|p1b: Silvera|ability: Zero to Hero\n|-terastallize|p2a: Arcanine|Water\n|move|p2b: Flutter Mane|Moonblast|p1a: Teardrops\n|-damage|p1a: Teardrops|0 fnt\n|faint|p1a: Teardrops\n|move|p2a: Arcanine|Flare Blitz|p1b: Silvera\n|-resisted|p1b: Silvera\n|-damage|p1b: Silvera|91\/100\n|-damage|p2a: Arcanine|97\/100|[from] Recoil\n|\n|-weather|RainDance|[upkeep]\n|upkeep\n|\n|t:|1682326165\n|switch|p1a: Got the life|Iron Hands, L50|18\/100 brn\n|turn|4\n|\n|t:|1682326178\n|-end|p2b: Flutter Mane|Protosynthesis|[silent]\n|switch|p2b: Amoonguss|Amoonguss, L50, F|100\/100\n|-terastallize|p1b: Silvera|Water\n|move|p1a: Got the life|Fake Out|p2a: Arcanine\n|-damage|p2a: Arcanine|89\/100\n|move|p1b: Silvera|Jet Punch|p2b: Amoonguss\n|-resisted|p2b: Amoonguss\n|-damage|p2b: Amoonguss|62\/100\n|cant|p2a: Arcanine|flinch\n|\n|-weather|RainDance|[upkeep]\n|-damage|p1a: Got the life|12\/100 brn|[from] brn\n|upkeep\n|turn|5\n|\n|t:|1682326194\n|move|p1b: Silvera|Protect|p1b: Silvera\n|-singleturn|p1b: Silvera|Protect\n|move|p2b: Amoonguss|Rage Powder|p2b: Amoonguss\n|-singleturn|p2b: Amoonguss|move: Rage Powder\n|move|p2a: Arcanine|Will-O-Wisp|p1b: Silvera\n|-activate|p1b: Silvera|move: Protect\n|move|p1a: Got the life|Thunder Punch|p2b: Amoonguss\n|-resisted|p2b: Amoonguss\n|-damage|p2b: Amoonguss|54\/100\n|\n|-weather|RainDance|[upkeep]\n|-damage|p1a: Got the life|6\/100 brn|[from] brn\n|upkeep\n|turn|6\n|\n|t:|1682326218\n|switch|p1b: Unholy confessions|Chien-Pao, L50|100\/100\n|-ability|p1b: Unholy confessions|Sword of Ruin\n|move|p2b: Amoonguss|Rage Powder|p2b: Amoonguss\n|-singleturn|p2b: Amoonguss|move: Rage Powder\n|move|p2a: Arcanine|Will-O-Wisp|p1b: Unholy confessions\n|-status|p1b: Unholy confessions|brn\n|move|p1a: Got the life|Thunder Punch|p2b: Amoonguss\n|-resisted|p2b: Amoonguss\n|-damage|p2b: Amoonguss|43\/100\n|-enditem|p2b: Amoonguss|Sitrus Berry|[eat]\n|-heal|p2b: Amoonguss|68\/100|[from] item: Sitrus Berry\n|\n|-weather|none\n|-damage|p1b: Unholy confessions|95\/100 brn|[from] brn\n|-damage|p1a: Got the life|0 fnt|[from] brn\n|faint|p1a: Got the life\n|-end|p1a: Got the life|Quark Drive|[silent]\n|upkeep\n|\n|t:|1682326233\n|switch|p1a: Silvera|Palafin-Hero, L50, F, tera:Water|91\/100\n|turn|7\n|\n|t:|1682326243\n|move|p2b: Amoonguss|Rage Powder|p2b: Amoonguss\n|-singleturn|p2b: Amoonguss|move: Rage Powder\n|move|p1b: Unholy confessions|Ice Spinner|p2b: Amoonguss\n|-supereffective|p2b: Amoonguss\n|-damage|p2b: Amoonguss|26\/100\n|move|p2a: Arcanine|Flare Blitz|p1b: Unholy confessions\n|-supereffective|p1b: Unholy confessions\n|-damage|p1b: Unholy confessions|0 fnt\n|faint|p1b: Unholy confessions\n|-damage|p2a: Arcanine|65\/100|[from] Recoil\n|move|p1a: Silvera|Wave Crash|p2b: Amoonguss\n|-resisted|p2b: Amoonguss\n|-damage|p2b: Amoonguss|0 fnt\n|faint|p2b: Amoonguss\n|-damage|p1a: Silvera|82\/100|[from] Recoil\n|\n|upkeep\n|\n|t:|1682326254\n|switch|p2b: Palafin|Palafin-Hero, L50, M|100\/100\n|-activate|p2b: Palafin|ability: Zero to Hero\n|turn|8\n|\n|t:|1682326260\n|move|p2a: Arcanine|Will-O-Wisp|p1a: Silvera|[miss]\n|-miss|p2a: Arcanine|p1a: Silvera\n|move|p2b: Palafin|Wave Crash|p1a: Silvera\n|-resisted|p1a: Silvera\n|-damage|p1a: Silvera|40\/100\n|-damage|p2b: Palafin|87\/100|[from] Recoil\n|move|p1a: Silvera|Wave Crash|p2b: Palafin\n|-resisted|p2b: Palafin\n|-damage|p2b: Palafin|31\/100\n|-damage|p1a: Silvera|22\/100|[from] Recoil\n|\n|upkeep\n|turn|9\n|\n|t:|1682326272\n|move|p2a: Arcanine|Extreme Speed|p1a: Silvera\n|-damage|p1a: Silvera|5\/100\n|move|p2b: Palafin|Jet Punch|p1a: Silvera\n|-resisted|p1a: Silvera\n|-damage|p1a: Silvera|0 fnt\n|faint|p1a: Silvera\n|\n|win|gvcnhx\n|raw|not_avu's rating: 1050 → 1030<\/strong> (-20 for losing)\n|raw|gvcnhx's rating: 1000 → 1046<\/strong> (+46 for winning)\n|l|\u2606not_avu\n","uploadtime":1682326290,"views":24,"p1id":"notavu","p2id":"gvcnhx","formatid":"gen9vgc2023regulationc","rating":1030,"private":0,"password":""}