{"id":"gen9vgc2023regulationc-1852873404","p1":"Missed Ledgedash","p2":"1100rainteamabuser","format":"[Gen 9] VGC 2023 Regulation C","log":"|j|\u2606Missed Ledgedash\n|j|\u26061100rainteamabuser\n|t:|1682613458\n|gametype|doubles\n|player|p1|Missed Ledgedash|juan-gen3|1322\n|player|p2|1100rainteamabuser|265|1367\n|teamsize|p1|6\n|teamsize|p2|6\n|gen|9\n|tier|[Gen 9] VGC 2023 Regulation C\n|rated|\n|rule|Species Clause: Limit one of each Pok\u00e9mon\n|rule|Item Clause: Limit one of each item\n|clearpoke\n|poke|p1|Flutter Mane, L50|\n|poke|p1|Arcanine, L50, F|\n|poke|p1|Amoonguss, L50, M|\n|poke|p1|Palafin, L50, M|\n|poke|p1|Corviknight, L50, M|\n|poke|p1|Iron Hands, L50|\n|poke|p2|Indeedee-F, L50, F|\n|poke|p2|Hatterene, L50, F|\n|poke|p2|Torkoal, L50, M|\n|poke|p2|Kingambit, L50, M|\n|poke|p2|Oranguru, L50, F|\n|poke|p2|Hariyama, L50, M|\n|teampreview|4\n|inactive|Battle timer is ON: inactive players will automatically lose when time's up. (requested by 1100rainteamabuser)\nMissed Ledgedash has agreed to open team sheets.\n|inactive|Missed Ledgedash has 60 seconds left.\n|\n|t:|1682613499\n|start\n|switch|p1a: Iron Hands|Iron Hands, L50|100\/100\n|switch|p1b: Palafin|Palafin, L50, M|100\/100\n|switch|p2a: Indeedee|Indeedee-F, L50, F|100\/100\n|switch|p2b: Hatterene|Hatterene, L50, F|100\/100\n|-fieldstart|move: Psychic Terrain|[from] ability: Psychic Surge|[of] p2a: Indeedee\n|-enditem|p2a: Indeedee|Psychic Seed\n|-boost|p2a: Indeedee|spd|1|[from] item: Psychic Seed\n|turn|1\n|\n|t:|1682613517\n|detailschange|p1b: Palafin|Palafin-Hero, L50, M\n|switch|p1b: Corviknight|Corviknight, L50, M|100\/100\n|move|p2b: Hatterene|Protect|p2b: Hatterene\n|-singleturn|p2b: Hatterene|Protect\n|move|p1a: Iron Hands|Heavy Slam|p2b: Hatterene\n|-activate|p2b: Hatterene|move: Protect\n|move|p2a: Indeedee|Trick Room|p2a: Indeedee\n|-fieldstart|move: Trick Room|[of] p2a: Indeedee\n|\n|upkeep\n|turn|2\n|\n|t:|1682613540\n|switch|p2b: Torkoal|Torkoal, L50, M|100\/100\n|-weather|SunnyDay|[from] ability: Drought|[of] p2b: Torkoal\n|move|p2a: Indeedee|Follow Me|p2a: Indeedee\n|-singleturn|p2a: Indeedee|move: Follow Me\n|move|p1a: Iron Hands|Heavy Slam|p2a: Indeedee\n|-damage|p2a: Indeedee|62\/100\n|move|p1b: Corviknight|Substitute|p1b: Corviknight\n|-start|p1b: Corviknight|Substitute\n|-damage|p1b: Corviknight|76\/100\n|\n|-weather|SunnyDay|[upkeep]\n|-heal|p1b: Corviknight|82\/100|[from] item: Leftovers\n|upkeep\n|turn|3\n|\n|t:|1682613562\n|move|p2a: Indeedee|Follow Me|p2a: Indeedee\n|-singleturn|p2a: Indeedee|move: Follow Me\n|move|p2b: Torkoal|Eruption|p1a: Iron Hands|[spread] p1a,p1b\n|-supereffective|p1b: Corviknight\n|-end|p1b: Corviknight|Substitute\n|-damage|p1a: Iron Hands|61\/100\n|move|p1a: Iron Hands|Drain Punch|p2a: Indeedee\n|-damage|p2a: Indeedee|26\/100\n|-heal|p1a: Iron Hands|74\/100|[from] drain|[of] p2a: Indeedee\n|move|p1b: Corviknight|Brave Bird|p2a: Indeedee\n|-damage|p2a: Indeedee|0 fnt\n|faint|p2a: Indeedee\n|-damage|p1b: Corviknight|74\/100|[from] Recoil\n|\n|-weather|SunnyDay|[upkeep]\n|-heal|p1b: Corviknight|80\/100|[from] item: Leftovers\n|upkeep\n|\n|t:|1682613577\n|switch|p2a: Hatterene|Hatterene, L50, F|100\/100\n|turn|4\n|\n|t:|1682613584\n|-terastallize|p1b: Corviknight|Fire\n|move|p2b: Torkoal|Eruption|p1a: Iron Hands|[spread] p1a,p1b\n|-resisted|p1b: Corviknight\n|-damage|p1a: Iron Hands|34\/100\n|-damage|p1b: Corviknight|34\/100\n|move|p2a: Hatterene|Psychic|p1a: Iron Hands\n|-supereffective|p1a: Iron Hands\n|-crit|p1a: Iron Hands\n|-damage|p1a: Iron Hands|0 fnt\n|faint|p1a: Iron Hands\n|-end|p1a: Iron Hands|Quark Drive|[silent]\n|-damage|p2a: Hatterene|91\/100|[from] item: Life Orb\n|move|p1b: Corviknight|Roost|p1b: Corviknight\n|-heal|p1b: Corviknight|84\/100\n|\n|-weather|SunnyDay|[upkeep]\n|-heal|p1b: Corviknight|90\/100|[from] item: Leftovers\n|upkeep\n|\n|t:|1682613596\n|switch|p1a: Palafin|Palafin-Hero, L50, M|100\/100\n|-activate|p1a: Palafin|ability: Zero to Hero\n|turn|5\n|\n|t:|1682613606\n|move|p1a: Palafin|Protect|p1a: Palafin\n|-singleturn|p1a: Palafin|Protect\n|move|p2b: Torkoal|Eruption|p1b: Corviknight|[spread] p1b\n|-activate|p1a: Palafin|move: Protect\n|-resisted|p1b: Corviknight\n|-damage|p1b: Corviknight|47\/100\n|move|p2a: Hatterene|Psychic|p1b: Corviknight\n|-damage|p1b: Corviknight|0 fnt\n|faint|p1b: Corviknight\n|-damage|p2a: Hatterene|82\/100|[from] item: Life Orb\n|\n|-weather|SunnyDay|[upkeep]\n|-fieldend|move: Trick Room\n|-fieldend|move: Psychic Terrain\n|upkeep\n|\n|t:|1682613615\n|switch|p1b: Flutter Mane|Flutter Mane, L50|100\/100\n|-activate|p1b: Flutter Mane|ability: Protosynthesis\n|-start|p1b: Flutter Mane|protosynthesisspe\n|turn|6\n|\n|t:|1682613627\n|move|p1b: Flutter Mane|Dazzling Gleam|p2a: Hatterene|[spread] p2a,p2b\n|-resisted|p2b: Torkoal\n|-damage|p2a: Hatterene|40\/100\n|-damage|p2b: Torkoal|75\/100\n|move|p1a: Palafin|Wave Crash|p2b: Torkoal\n|-supereffective|p2b: Torkoal\n|-damage|p2b: Torkoal|6\/100\n|-damage|p1a: Palafin|81\/100|[from] Recoil\n|move|p2b: Torkoal|Eruption|p1a: Palafin|[spread] p1a,p1b\n|-resisted|p1a: Palafin\n|-damage|p1a: Palafin|78\/100\n|-damage|p1b: Flutter Mane|95\/100\n|move|p2a: Hatterene|Trick Room|p2a: Hatterene\n|-fieldstart|move: Trick Room|[of] p2a: Hatterene\n|\n|-weather|none\n|-end|p1b: Flutter Mane|Protosynthesis\n|upkeep\n|turn|7\n|inactive|1100rainteamabuser has 30 seconds left.\n|\n|t:|1682613654\n|move|p1a: Palafin|Jet Punch|p2a: Hatterene\n|-damage|p2a: Hatterene|0 fnt\n|faint|p2a: Hatterene\n|move|p2b: Torkoal|Earth Power|p1a: Palafin\n|-damage|p1a: Palafin|56\/100\n|move|p1b: Flutter Mane|Dazzling Gleam|p2b: Torkoal\n|-resisted|p2b: Torkoal\n|-damage|p2b: Torkoal|0 fnt\n|faint|p2b: Torkoal\n|\n|upkeep\n|\n|t:|1682613661\n|switch|p2b: Kingambit|Kingambit, L50, M|100\/100\n|turn|8\n|\n|t:|1682613668\n|move|p1a: Palafin|Protect|p1a: Palafin\n|-singleturn|p1a: Palafin|Protect\n|move|p2b: Kingambit|Kowtow Cleave|p1b: Flutter Mane\n|-damage|p1b: Flutter Mane|17\/100\n|move|p1b: Flutter Mane|Dazzling Gleam|p2b: Kingambit\n|-damage|p2b: Kingambit|51\/100\n|\n|upkeep\n|turn|9\n|\n|t:|1682613678\n|move|p2b: Kingambit|Kowtow Cleave|p1b: Flutter Mane\n|-damage|p1b: Flutter Mane|0 fnt\n|faint|p1b: Flutter Mane\n|-end|p1b: Flutter Mane|Protosynthesis|[silent]\n|move|p1a: Palafin|Wave Crash|p2b: Kingambit\n|-damage|p2b: Kingambit|0 fnt\n|faint|p2b: Kingambit\n|-damage|p1a: Palafin|39\/100|[from] Recoil\n|\n|win|Missed Ledgedash\n|raw|Missed Ledgedash's rating: 1322 → 1345<\/strong> (+23 for winning)\n|raw|1100rainteamabuser's rating: 1367 → 1344<\/strong> (-23 for losing)\n|l|\u26061100rainteamabuser\n","uploadtime":1682613690,"views":9,"p1id":"missedledgedash","p2id":"1100rainteamabuser","formatid":"gen9vgc2023regulationc","rating":1344,"private":0,"password":""}