{"id":"gen9vgc2023regulationc-1845560558","p1":"KB1107","p2":"anboxing","format":"[Gen 9] VGC 2023 Regulation C","log":"|j|\u2606KB1107\n|j|\u2606anboxing\n|t:|1681745082\n|gametype|doubles\n|player|p1|KB1107|102|1048\n|player|p2|anboxing|fisherman-gen4|1030\n|teamsize|p1|6\n|teamsize|p2|6\n|gen|9\n|tier|[Gen 9] VGC 2023 Regulation C\n|rated|\n|rule|Species Clause: Limit one of each Pok\u00e9mon\n|rule|Item Clause: Limit one of each item\n|clearpoke\n|poke|p1|Dragonite, L50, M|\n|poke|p1|Pelipper, L50, F|\n|poke|p1|Tinkaton, L50, F|\n|poke|p1|Garchomp, L50, F|\n|poke|p1|Raichu, L50, F|\n|poke|p1|Palafin, L50, F|\n|poke|p2|Kingambit, L50, M|\n|poke|p2|Amoonguss, L50, F|\n|poke|p2|Indeedee-F, L50, F|\n|poke|p2|Sudowoodo, L50, F|\n|poke|p2|Bronzong, L50|\n|poke|p2|Toxapex, L50, F|\n|teampreview|4\nanboxing has agreed to open team sheets.\n|inactive|Battle timer is ON: inactive players will automatically lose when time's up. (requested by anboxing)\n|inactive|KB1107 has 60 seconds left.\n|inactive|anboxing has 60 seconds left.\n|\n|t:|1681745141\n|start\n|switch|p1a: Raichu|Raichu, L50, F|100\/100\n|switch|p1b: Palafin|Palafin, L50, F, shiny|100\/100\n|switch|p2a: Indeedee|Indeedee-F, L50, F|100\/100\n|switch|p2b: Bronzong|Bronzong, L50|100\/100\n|-fieldstart|move: Psychic Terrain|[from] ability: Psychic Surge|[of] p2a: Indeedee\n|-enditem|p2a: Indeedee|Psychic Seed\n|-boost|p2a: Indeedee|spd|1|[from] item: Psychic Seed\n|turn|1\n|inactive|KB1107 has 30 seconds left.\n|\n|t:|1681745172\n|detailschange|p1b: Palafin|Palafin-Hero, L50, F, shiny\n|switch|p1b: Dragonite|Dragonite, L50, M|100\/100\n|move|p1a: Raichu|Fake Out|p2a: Indeedee\n|-activate|p2a: Indeedee|move: Psychic Terrain\n|move|p2a: Indeedee|Follow Me|p2a: Indeedee\n|-singleturn|p2a: Indeedee|move: Follow Me\n|move|p2b: Bronzong|Trick Room|p2b: Bronzong\n|-fieldstart|move: Trick Room|[of] p2b: Bronzong\n|\n|upkeep\n|turn|2\n|\n|t:|1681745195\n|move|p2a: Indeedee|Follow Me|p2a: Indeedee\n|-singleturn|p2a: Indeedee|move: Follow Me\n|move|p2b: Bronzong|Iron Defense|p2b: Bronzong\n|-boost|p2b: Bronzong|def|2\n|move|p1b: Dragonite|Earthquake|p2b: Bronzong|[spread] p1a,p2a\n|-immune|p2b: Bronzong|[from] ability: Levitate\n|-supereffective|p1a: Raichu\n|-enditem|p1a: Raichu|Focus Sash\n|-damage|p1a: Raichu|1\/100\n|-damage|p2a: Indeedee|73\/100\n|move|p1a: Raichu|Volt Switch|p2a: Indeedee\n|-damage|p2a: Indeedee|52\/100\n|\n|t:|1681745210\n|switch|p1a: Palafin|Palafin-Hero, L50, F, shiny|100\/100|[from] Volt Switch\n|-activate|p1a: Palafin|ability: Zero to Hero\n|\n|upkeep\n|turn|3\n|\n|t:|1681745234\n|-terastallize|p1a: Palafin|Fire\n|move|p2a: Indeedee|Follow Me|p2a: Indeedee\n|-singleturn|p2a: Indeedee|move: Follow Me\n|move|p2b: Bronzong|Iron Defense|p2b: Bronzong\n|-boost|p2b: Bronzong|def|2\n|move|p1b: Dragonite|Outrage|p2a: Indeedee\n|-damage|p2a: Indeedee|0 fnt\n|faint|p2a: Indeedee\n|move|p1a: Palafin|Tera Blast|p2b: Bronzong\n|-supereffective|p2b: Bronzong\n|-damage|p2b: Bronzong|59\/100\n|-damage|p1a: Palafin|91\/100|[from] item: Life Orb\n|\n|upkeep\n|\n|t:|1681745251\n|switch|p2a: Kingambit|Kingambit, L50, M|100\/100\n|turn|4\n|\n|t:|1681745267\n|-terastallize|p2a: Kingambit|Flying\n|move|p2b: Bronzong|Body Press|p1a: Palafin\n|-damage|p1a: Palafin|27\/100\n|move|p2a: Kingambit|Kowtow Cleave|p1b: Dragonite\n|-damage|p1b: Dragonite|73\/100\n|move|p1b: Dragonite|Outrage|p2b: Bronzong|[from]lockedmove\n|-resisted|p2b: Bronzong\n|-damage|p2b: Bronzong|49\/100\n|move|p1a: Palafin|Tera Blast|p2a: Kingambit\n|-damage|p2a: Kingambit|50\/100\n|-damage|p1a: Palafin|17\/100|[from] item: Life Orb\n|\n|upkeep\n|turn|5\n|\n|t:|1681745287\n|move|p1a: Palafin|Protect|p1a: Palafin\n|-singleturn|p1a: Palafin|Protect\n|move|p2a: Kingambit|Sucker Punch||[still]\n|-fail|p2a: Kingambit\n|move|p2b: Bronzong|Body Press|p1b: Dragonite\n|-resisted|p1b: Dragonite\n|-damage|p1b: Dragonite|35\/100\n|move|p1b: Dragonite|Outrage|p2b: Bronzong|[from]lockedmove\n|-resisted|p2b: Bronzong\n|-damage|p2b: Bronzong|41\/100\n|-start|p1b: Dragonite|confusion|[fatigue]\n|\n|-fieldend|move: Trick Room\n|-fieldend|move: Psychic Terrain\n|upkeep\n|turn|6\n|inactive|KB1107 has 30 seconds left.\n|\n|t:|1681745319\n|move|p1a: Palafin|Tera Blast|p2a: Kingambit\n|-damage|p2a: Kingambit|0 fnt\n|faint|p2a: Kingambit\n|-damage|p1a: Palafin|7\/100|[from] item: Life Orb\n|-activate|p1b: Dragonite|confusion\n|move|p1b: Dragonite|Hurricane|p2b: Bronzong\n|-resisted|p2b: Bronzong\n|-damage|p2b: Bronzong|29\/100\n|move|p2b: Bronzong|Body Press|p1b: Dragonite\n|-resisted|p1b: Dragonite\n|-damage|p1b: Dragonite|0 fnt\n|faint|p1b: Dragonite\n|\n|upkeep\n|\n|t:|1681745335\n|switch|p1b: Raichu|Raichu, L50, F|1\/100\n|switch|p2a: Sudowoodo|Sudowoodo, L50, F|100\/100\n|turn|7\n|inactive|KB1107 has 30 seconds left.\n|\n|t:|1681745360\n|move|p1b: Raichu|Fake Out|p2a: Sudowoodo\n|-resisted|p2a: Sudowoodo\n|-damage|p2a: Sudowoodo|97\/100\n|move|p1a: Palafin|Tera Blast|p2b: Bronzong\n|-supereffective|p2b: Bronzong\n|-damage|p2b: Bronzong|0 fnt\n|faint|p2b: Bronzong\n|-damage|p1a: Palafin|0 fnt|[from] item: Life Orb\n|faint|p1a: Palafin\n|cant|p2a: Sudowoodo|flinch\n|\n|upkeep\n|\n|t:|1681745371\n|switch|p1a: Garchomp|Garchomp, L50, F|100\/100\n|turn|8\n|inactive|anboxing has 30 seconds left.\n|inactive|anboxing has 20 seconds left.\n|inactive|anboxing has 15 seconds left.\n|inactive|anboxing has 10 seconds left.\n|\n|t:|1681745417\n|move|p1a: Garchomp|Liquidation|p2a: Sudowoodo\n|-supereffective|p2a: Sudowoodo\n|-damage|p2a: Sudowoodo|45\/100\n|move|p1b: Raichu|Surf|p2a: Sudowoodo|[spread] p1a,p2a\n|-supereffective|p2a: Sudowoodo\n|-crit|p2a: Sudowoodo\n|-damage|p1a: Garchomp|78\/100\n|-damage|p2a: Sudowoodo|0 fnt\n|faint|p2a: Sudowoodo\n|\n|win|KB1107\n|raw|KB1107's rating: 1048 → 1079<\/strong> (+31 for winning)\n|raw|anboxing's rating: 1030 → 1016<\/strong> (-14 for losing)\n|c|\u2606anboxing|gg\n|l|\u2606anboxing\n","uploadtime":1681745434,"views":15,"p1id":"kb1107","p2id":"anboxing","formatid":"gen9vgc2023regulationc","rating":1016,"private":0,"password":""}