{"id":"gen9vgc2023regulationc-1859253275","p1":"bokessj","p2":"Fififjfjffifj","format":"[Gen 9] VGC 2023 Regulation C","log":"|j|\u2606bokessj\n|j|\u2606Fififjfjffifj\n|t:|1683424241\n|gametype|doubles\n|player|p1|bokessj|cynthia-gen4|1094\n|player|p2|Fififjfjffifj|1|1000\n|teamsize|p1|6\n|teamsize|p2|6\n|gen|9\n|tier|[Gen 9] VGC 2023 Regulation C\n|rated|\n|rule|Species Clause: Limit one of each Pok\u00e9mon\n|rule|Item Clause: Limit one of each item\n|clearpoke\n|poke|p1|Indeedee-F, L50, F|\n|poke|p1|Armarouge, L50, F|\n|poke|p1|Torkoal, L50, M|\n|poke|p1|Hatterene, L50, F|\n|poke|p1|Kingambit, L50, M|\n|poke|p1|Annihilape, L50, M|\n|poke|p2|Bronzong, L50|\n|poke|p2|Spiritomb, L50, M|\n|poke|p2|Hariyama, L50, M|\n|poke|p2|Amoonguss, L50, M|\n|poke|p2|Sandy Shocks, L50|\n|poke|p2|Iron Valiant, L50|\n|teampreview|4\n|inactive|Battle timer is ON: inactive players will automatically lose when time's up. (requested by bokessj)\n|\n|t:|1683424267\n|start\n|switch|p1a: Indeedee|Indeedee-F, L50, F|100\/100\n|switch|p1b: Armarouge|Armarouge, L50, F|100\/100\n|switch|p2a: Bronzong|Bronzong, L50|100\/100\n|switch|p2b: Iron Valiant|Iron Valiant, L50|100\/100\n|-fieldstart|move: Psychic Terrain|[from] ability: Psychic Surge|[of] p1a: Indeedee\n|-enditem|p1a: Indeedee|Psychic Seed\n|-boost|p1a: Indeedee|spd|1|[from] item: Psychic Seed\n|-enditem|p2b: Iron Valiant|Booster Energy\n|-activate|p2b: Iron Valiant|ability: Quark Drive|[fromitem]\n|-start|p2b: Iron Valiant|quarkdrivespe\n|turn|1\n|inactive|bokessj has 30 seconds left.\n|inactive|bokessj has 20 seconds left.\n|\n|t:|1683424303\n|-end|p2b: Iron Valiant|Quark Drive|[silent]\n|switch|p2b: Spiritomb|Spiritomb, L50, M|100\/100\n|move|p1b: Armarouge|Expanding Force|p2b: Spiritomb|[spread] p2a\n|-immune|p2b: Spiritomb\n|-resisted|p2a: Bronzong\n|-damage|p2a: Bronzong|84\/100\n|move|p2a: Bronzong|Gravity|p2a: Bronzong\n|-fieldstart|move: Gravity\n|move|p1a: Indeedee|Trick Room|p1a: Indeedee\n|-fieldstart|move: Trick Room|[of] p1a: Indeedee\n|\n|upkeep\n|turn|2\n|\n|t:|1683424323\n|move|p2a: Bronzong|Hypnosis|p1a: Indeedee\n|-status|p1a: Indeedee|slp|[from] move: Hypnosis\n|move|p2b: Spiritomb|Hypnosis|p1b: Armarouge\n|-status|p1b: Armarouge|slp|[from] move: Hypnosis\n|cant|p1b: Armarouge|slp\n|cant|p1a: Indeedee|slp\n|\n|upkeep\n|turn|3\n|\n|t:|1683424342\n|move|p2a: Bronzong|Gyro Ball|p1a: Indeedee\n|-damage|p1a: Indeedee|81\/100 slp\n|move|p2b: Spiritomb|Hex|p1b: Armarouge\n|-supereffective|p1b: Armarouge\n|-damage|p1b: Armarouge|0 fnt\n|faint|p1b: Armarouge\n|cant|p1a: Indeedee|slp\n|\n|upkeep\n|\n|t:|1683424351\n|switch|p1b: Torkoal|Torkoal, L50, M|100\/100\n|-weather|SunnyDay|[from] ability: Drought|[of] p1b: Torkoal\n|turn|4\n|\n|t:|1683424366\n|-terastallize|p2a: Bronzong|Water\n|move|p1b: Torkoal|Eruption|p2b: Spiritomb|[spread] p2a,p2b\n|-resisted|p2a: Bronzong\n|-damage|p2a: Bronzong|64\/100\n|-damage|p2b: Spiritomb|15\/100\n|move|p2a: Bronzong|Hypnosis|p1b: Torkoal\n|-status|p1b: Torkoal|slp|[from] move: Hypnosis\n|move|p2b: Spiritomb|Hex|p1b: Torkoal\n|-damage|p1b: Torkoal|17\/100 slp\n|cant|p1a: Indeedee|slp\n|\n|-weather|SunnyDay|[upkeep]\n|upkeep\n|turn|5\n|\n|t:|1683424385\n|cant|p1b: Torkoal|slp\n|move|p2a: Bronzong|Gyro Ball|p1a: Indeedee\n|-damage|p1a: Indeedee|62\/100 slp\n|move|p2b: Spiritomb|Dream Eater|p1b: Torkoal\n|-damage|p1b: Torkoal|0 fnt\n|-heal|p2b: Spiritomb|24\/100|[from] drain|[of] p1b: Torkoal\n|faint|p1b: Torkoal\n|-curestatus|p1a: Indeedee|slp|[msg]\n|move|p1a: Indeedee|Dazzling Gleam|p2b: Spiritomb|[spread] p2a,p2b\n|-supereffective|p2b: Spiritomb\n|-crit|p2b: Spiritomb\n|-damage|p2a: Bronzong|53\/100\n|-damage|p2b: Spiritomb|0 fnt\n|faint|p2b: Spiritomb\n|\n|-weather|SunnyDay|[upkeep]\n|-fieldend|move: Trick Room\n|-fieldend|move: Gravity\n|-fieldend|move: Psychic Terrain\n|upkeep\n|\n|t:|1683424407\n|switch|p2b: Iron Valiant|Iron Valiant, L50|100\/100\n|switch|p1b: Hatterene|Hatterene, L50, F|100\/100\n|turn|6\n|inactive|bokessj has 30 seconds left.\n|\n|t:|1683424432\n|move|p2b: Iron Valiant|Hypnosis|p1b: Hatterene\n|move|p1b: Hatterene|Hypnosis|p2b: Iron Valiant|[from]ability: Magic Bounce\n|-status|p2b: Iron Valiant|slp|[from] move: Hypnosis\n|move|p1a: Indeedee|Dazzling Gleam|p2b: Iron Valiant|[spread] p2a,p2b\n|-supereffective|p2b: Iron Valiant\n|-damage|p2a: Bronzong|40\/100\n|-damage|p2b: Iron Valiant|51\/100 slp\n|move|p2a: Bronzong|Gravity|p2a: Bronzong\n|-fieldstart|move: Gravity\n|move|p1b: Hatterene|Psychic|p2b: Iron Valiant\n|-supereffective|p2b: Iron Valiant\n|-damage|p2b: Iron Valiant|0 fnt\n|faint|p2b: Iron Valiant\n|-end|p2b: Iron Valiant|Quark Drive|[silent]\n|-damage|p1b: Hatterene|91\/100|[from] item: Life Orb\n|\n|-weather|SunnyDay|[upkeep]\n|upkeep\n|\n|t:|1683424443\n|switch|p2b: Sandy Shocks|Sandy Shocks, L50|100\/100\n|-activate|p2b: Sandy Shocks|ability: Protosynthesis\n|-start|p2b: Sandy Shocks|protosynthesisspa\n|turn|7\n|\n|t:|1683424461\n|move|p2b: Sandy Shocks|Zap Cannon|p1b: Hatterene\n|-damage|p1b: Hatterene|11\/100\n|-status|p1b: Hatterene|par\n|move|p2a: Bronzong|Hypnosis|p1a: Indeedee\n|-status|p1a: Indeedee|slp|[from] move: Hypnosis\n|cant|p1b: Hatterene|par\n|cant|p1a: Indeedee|slp\n|\n|-weather|SunnyDay|[upkeep]\n|upkeep\n|turn|8\n|\n|t:|1683424480\n|move|p2b: Sandy Shocks|Zap Cannon|p1a: Indeedee\n|-damage|p1a: Indeedee|16\/100 slp\n|-curestatus|p1a: Indeedee|slp|[msg]\n|move|p1a: Indeedee|Dazzling Gleam|p2a: Bronzong|[spread] p2a,p2b\n|-damage|p2a: Bronzong|28\/100\n|-damage|p2b: Sandy Shocks|84\/100\n|move|p2a: Bronzong|Gyro Ball|p1b: Hatterene\n|-supereffective|p1b: Hatterene\n|-damage|p1b: Hatterene|2\/100 par\n|cant|p1b: Hatterene|par\n|\n|-weather|none\n|-end|p2b: Sandy Shocks|Protosynthesis\n|upkeep\n|turn|9\n|\n|t:|1683424503\n|move|p2b: Sandy Shocks|Discharge|p1a: Indeedee|[spread] p2a,p1a,p1b\n|-supereffective|p2a: Bronzong\n|-damage|p2a: Bronzong|0 fnt\n|-damage|p1a: Indeedee|0 fnt\n|-damage|p1b: Hatterene|0 fnt\n|faint|p2a: Bronzong\n|faint|p1a: Indeedee\n|faint|p1b: Hatterene\n|\n|win|Fififjfjffifj\n|raw|bokessj's rating: 1094 → 1064<\/strong> (-30 for losing)\n|raw|Fififjfjffifj's rating: 1000 → 1051<\/strong> (+51 for winning)\n|l|\u2606bokessj\n|l|\u2606Fififjfjffifj\n","uploadtime":1683424513,"views":19,"p1id":"bokessj","p2id":"fififjfjffifj","formatid":"gen9vgc2023regulationc","rating":1051,"private":0,"password":""}