{"id":"gen9vgc2023regulationc-1852549060","p1":"Milothedog2020","p2":"Duecal1on","format":"[Gen 9] VGC 2023 Regulation C","log":"|j|\u2606Milothedog2020\n|j|\u2606Duecal1on\n|t:|1682574128\n|gametype|doubles\n|player|p1|Milothedog2020|102|1255\n|player|p2|Duecal1on|pokefan|1199\n|teamsize|p1|6\n|teamsize|p2|6\n|gen|9\n|tier|[Gen 9] VGC 2023 Regulation C\n|rated|\n|rule|Species Clause: Limit one of each Pok\u00e9mon\n|rule|Item Clause: Limit one of each item\n|clearpoke\n|poke|p1|Chien-Pao, L50|\n|poke|p1|Palafin, L50, F|\n|poke|p1|Iron Hands, L50|\n|poke|p1|Gothitelle, L50, M|\n|poke|p1|Amoonguss, L50, M|\n|poke|p1|Arcanine, L50, F|\n|poke|p2|Palafin, L50, M|\n|poke|p2|Rotom-Wash, L50|\n|poke|p2|Arcanine, L50, M|\n|poke|p2|Amoonguss, L50, M|\n|poke|p2|Chien-Pao, L50|\n|poke|p2|Scizor, L50, M|\n|teampreview|4\n|inactive|Battle timer is ON: inactive players will automatically lose when time's up. (requested by Milothedog2020)\n|\n|t:|1682574161\n|start\n|switch|p1a: Palafin|Palafin, L50, F|100\/100\n|switch|p1b: Iron Hands|Iron Hands, L50|100\/100\n|switch|p2a: Scizor|Scizor, L50, M|100\/100\n|switch|p2b: Chien-Pao|Chien-Pao, L50|100\/100\n|-ability|p2b: Chien-Pao|Sword of Ruin\n|turn|1\n|inactive|Milothedog2020 has 30 seconds left.\n|\n|t:|1682574191\n|detailschange|p1a: Palafin|Palafin-Hero, L50, F\n|switch|p1a: Gothitelle|Gothitelle, L50, M|100\/100\n|move|p2b: Chien-Pao|Protect|p2b: Chien-Pao\n|-singleturn|p2b: Chien-Pao|Protect\n|move|p2a: Scizor|Swords Dance|p2a: Scizor\n|-boost|p2a: Scizor|atk|2\n|move|p1b: Iron Hands|Belly Drum|p1b: Iron Hands\n|-damage|p1b: Iron Hands|50\/100\n|-setboost|p1b: Iron Hands|atk|6|[from] move: Belly Drum\n|-enditem|p1b: Iron Hands|Sitrus Berry|[eat]\n|-heal|p1b: Iron Hands|75\/100|[from] item: Sitrus Berry\n|\n|upkeep\n|turn|2\n|inactive|Duecal1on has 30 seconds left.\n|inactive|Duecal1on has 20 seconds left.\n|\n|t:|1682574226\n|-terastallize|p2b: Chien-Pao|Ghost\n|move|p2a: Scizor|Protect|p2a: Scizor\n|-singleturn|p2a: Scizor|Protect\n|move|p1a: Gothitelle|Fake Out|p2b: Chien-Pao\n|-immune|p2b: Chien-Pao\n|move|p2b: Chien-Pao|Sacred Sword|p1b: Iron Hands\n|-damage|p1b: Iron Hands|52\/100\n|move|p1b: Iron Hands|Drain Punch|p2a: Scizor\n|-activate|p2a: Scizor|move: Protect\n|\n|upkeep\n|turn|3\n|\n|t:|1682574250\n|move|p2a: Scizor|Feint|p1b: Iron Hands\n|-damage|p1b: Iron Hands|24\/100\n|move|p2b: Chien-Pao|Sacred Sword|p1b: Iron Hands\n|-damage|p1b: Iron Hands|0 fnt\n|faint|p1b: Iron Hands\n|-end|p1b: Iron Hands|Quark Drive|[silent]\n|move|p1a: Gothitelle|Trick Room|p1a: Gothitelle\n|-fieldstart|move: Trick Room|[of] p1a: Gothitelle\n|\n|upkeep\n|\n|t:|1682574257\n|switch|p1b: Amoonguss|Amoonguss, L50, M|100\/100\n|turn|4\n|\n|t:|1682574270\n|switch|p1a: Palafin|Palafin-Hero, L50, F|100\/100\n|-activate|p1a: Palafin|ability: Zero to Hero\n|move|p2b: Chien-Pao|Protect|p2b: Chien-Pao\n|-singleturn|p2b: Chien-Pao|Protect\n|move|p2a: Scizor|Bullet Punch|p1b: Amoonguss\n|-damage|p1b: Amoonguss|14\/100\n|-enditem|p1b: Amoonguss|Iapapa Berry|[eat]\n|-heal|p1b: Amoonguss|47\/100|[from] item: Iapapa Berry\n|move|p1b: Amoonguss|Spore|p2b: Chien-Pao\n|-activate|p2b: Chien-Pao|move: Protect\n|\n|upkeep\n|turn|5\n|\n|t:|1682574284\n|-terastallize|p1a: Palafin|Water\n|move|p2a: Scizor|Bullet Punch|p1b: Amoonguss\n|-damage|p1b: Amoonguss|0 fnt\n|faint|p1b: Amoonguss\n|move|p1a: Palafin|Jet Punch|p2b: Chien-Pao\n|-damage|p2b: Chien-Pao|13\/100\n|move|p2b: Chien-Pao|Ice Spinner|p1a: Palafin\n|-resisted|p1a: Palafin\n|-damage|p1a: Palafin|79\/100\n|\n|upkeep\n|\n|t:|1682574291\n|switch|p1b: Gothitelle|Gothitelle, L50, M|100\/100\n|turn|6\n|inactive|Milothedog2020 has 30 seconds left.\n|\n|t:|1682574318\n|move|p2a: Scizor|Protect|p2a: Scizor\n|-singleturn|p2a: Scizor|Protect\n|move|p2b: Chien-Pao|Protect|p2b: Chien-Pao\n|-singleturn|p2b: Chien-Pao|Protect\n|move|p1b: Gothitelle|Fake Out|p2a: Scizor\n|-activate|p2a: Scizor|move: Protect\n|move|p1a: Palafin|Jet Punch|p2a: Scizor\n|-activate|p2a: Scizor|move: Protect\n|\n|upkeep\n|turn|7\n|\n|t:|1682574337\n|move|p2a: Scizor|Feint|p1a: Palafin\n|-damage|p1a: Palafin|35\/100\n|move|p1a: Palafin|Jet Punch|p2b: Chien-Pao\n|-damage|p2b: Chien-Pao|0 fnt\n|faint|p2b: Chien-Pao\n|move|p1b: Gothitelle|Psychic|p2a: Scizor\n|-resisted|p2a: Scizor\n|-damage|p2a: Scizor|83\/100\n|\n|-fieldend|move: Trick Room\n|upkeep\n|\n|t:|1682574346\n|switch|p2b: Arcanine|Arcanine, L50, M, shiny|100\/100\n|-ability|p2b: Arcanine|Intimidate|boost\n|-unboost|p1a: Palafin|atk|1\n|-unboost|p1b: Gothitelle|atk|1\n|turn|8\n|\n|t:|1682574363\n|move|p2b: Arcanine|Extreme Speed|p1a: Palafin\n|-damage|p1a: Palafin|11\/100\n|move|p2a: Scizor|Feint|p1a: Palafin\n|-damage|p1a: Palafin|0 fnt\n|faint|p1a: Palafin\n|move|p1b: Gothitelle|Psychic|p2b: Arcanine\n|-damage|p2b: Arcanine|62\/100\n|\n|upkeep\n|turn|9\n|-message|Milothedog2020 forfeited.\n|\n|win|Duecal1on\n|raw|Milothedog2020's rating: 1255 → 1226<\/strong> (-29 for losing)\n|raw|Duecal1on's rating: 1199 → 1228<\/strong> (+29 for winning)\n|l|\u2606Milothedog2020\n","uploadtime":1682574376,"views":12,"p1id":"milothedog2020","p2id":"duecal1on","formatid":"gen9vgc2023regulationc","rating":1226,"private":0,"password":""}