{"id":"gen9vgc2023regulationc-1855853342","p1":"kljkghjf","p2":"andretsai0706","format":"[Gen 9] VGC 2023 Regulation C","log":"|j|\u2606kljkghjf\n|j|\u2606andretsai0706\n|t:|1682992018\n|gametype|doubles\n|player|p1|kljkghjf|cynthia|1490\n|player|p2|andretsai0706|youngster-gen4dp|1532\n|teamsize|p1|6\n|teamsize|p2|6\n|gen|9\n|tier|[Gen 9] VGC 2023 Regulation C\n|rated|\n|rule|Species Clause: Limit one of each Pok\u00e9mon\n|rule|Item Clause: Limit one of each item\n|clearpoke\n|poke|p1|Dondozo, L50, M|\n|poke|p1|Tatsugiri, L50, M|\n|poke|p1|Glimmora, L50, M|\n|poke|p1|Ting-Lu, L50|\n|poke|p1|Wo-Chien, L50|\n|poke|p1|Flutter Mane, L50|\n|poke|p2|Gyarados, L50, M|\n|poke|p2|Ting-Lu, L50|\n|poke|p2|Chi-Yu, L50|\n|poke|p2|Flutter Mane, L50|\n|poke|p2|Bronzong, L50|\n|poke|p2|Amoonguss, L50, M|\n|teampreview|4\n|inactive|Battle timer is ON: inactive players will automatically lose when time's up. (requested by kljkghjf)\nkljkghjf rejected open team sheets.\n|j| 0hMaGawd\n|inactive|andretsai0706 has 60 seconds left.\n|\n|t:|1682992063\n|start\n|switch|p1a: Ting-Lu|Ting-Lu, L50|100\/100\n|switch|p1b: Dondozo|Dondozo, L50, M, shiny|100\/100\n|switch|p2a: \u8a50\u9818\u963f\u7f75\u4fdd\u96aa|Ting-Lu, L50|100\/100\n|switch|p2b: \u85cd\u5fc3\u9b5a|Gyarados, L50, M|100\/100\n|-ability|p2b: \u85cd\u5fc3\u9b5a|Intimidate|boost\n|-unboost|p1a: Ting-Lu|atk|1\n|-unboost|p1b: Dondozo|atk|1\n|-ability|p1a: Ting-Lu|Vessel of Ruin\n|-ability|p2a: \u8a50\u9818\u963f\u7f75\u4fdd\u96aa|Vessel of Ruin\n|turn|1\n|\n|t:|1682992081\n|switch|p2a: \u8aa0\u5be6\u9418|Bronzong, L50, shiny|100\/100\n|move|p2b: \u85cd\u5fc3\u9b5a|Taunt|p1b: Dondozo\n|-start|p1b: Dondozo|move: Taunt\n|move|p1a: Ting-Lu|Stealth Rock|p2b: \u85cd\u5fc3\u9b5a\n|-sidestart|p2: andretsai0706|move: Stealth Rock\n|cant|p1b: Dondozo|move: Taunt|Yawn\n|\n|upkeep\n|turn|2\n|inactive|kljkghjf has 30 seconds left.\n|inactive|andretsai0706 has 30 seconds left.\n|inactive|kljkghjf has 20 seconds left.\n|inactive|kljkghjf has 15 seconds left.\n|\n|t:|1682992121\n|switch|p1a: Wo-Chien|Wo-Chien, L50|100\/100\n|-ability|p1a: Wo-Chien|Tablets of Ruin\n|move|p2b: \u85cd\u5fc3\u9b5a|Waterfall|p1a: Wo-Chien\n|-resisted|p1a: Wo-Chien\n|-damage|p1a: Wo-Chien|90\/100\n|move|p1b: Dondozo|Wave Crash|p2a: \u8aa0\u5be6\u9418\n|-damage|p2a: \u8aa0\u5be6\u9418|84\/100\n|-damage|p1b: Dondozo|97\/100|[from] Recoil\n|move|p2a: \u8aa0\u5be6\u9418|Body Press|p1a: Wo-Chien\n|-supereffective|p1a: Wo-Chien\n|-damage|p1a: Wo-Chien|52\/100\n|\n|-heal|p1a: Wo-Chien|58\/100|[from] item: Leftovers\n|upkeep\n|turn|3\n|inactive|kljkghjf has 30 seconds left.\n|inactive|andretsai0706 has 30 seconds left.\n|inactive|kljkghjf has 20 seconds left.\n|inactive|kljkghjf has 15 seconds left.\n|j| Withoutexcuse\n|inactive|kljkghjf has 10 seconds left.\n|\n|t:|1682992167\n|switch|p1b: Flutter Mane|Flutter Mane, L50|100\/100\n|-enditem|p1b: Flutter Mane|Booster Energy\n|-activate|p1b: Flutter Mane|ability: Protosynthesis|[fromitem]\n|-start|p1b: Flutter Mane|protosynthesisspa\n|move|p2b: \u85cd\u5fc3\u9b5a|Taunt|p1a: Wo-Chien\n|-start|p1a: Wo-Chien|move: Taunt\n|cant|p1a: Wo-Chien|move: Taunt|Leech Seed\n|move|p2a: \u8aa0\u5be6\u9418|Iron Defense|p2a: \u8aa0\u5be6\u9418\n|-boost|p2a: \u8aa0\u5be6\u9418|def|2\n|\n|-heal|p1a: Wo-Chien|64\/100|[from] item: Leftovers\n|upkeep\n|turn|4\n|inactive|kljkghjf has 30 seconds left.\n|inactive|andretsai0706 has 30 seconds left.\n|inactive|kljkghjf has 20 seconds left.\n|inactive|andretsai0706 has 20 seconds left.\n|inactive|kljkghjf has 15 seconds left.\n|\n|t:|1682992211\n|switch|p2b: \u8a50\u9818\u963f\u7f75\u4fdd\u96aa|Ting-Lu, L50|100\/100\n|-damage|p2b: \u8a50\u9818\u963f\u7f75\u4fdd\u96aa|95\/100|[from] Stealth Rock\n|-ability|p2b: \u8a50\u9818\u963f\u7f75\u4fdd\u96aa|Vessel of Ruin\n|switch|p1a: Dondozo|Dondozo, L50, M, shiny|97\/100\n|move|p1b: Flutter Mane|Substitute|p1b: Flutter Mane\n|-start|p1b: Flutter Mane|Substitute\n|-damage|p1b: Flutter Mane|76\/100\n|move|p2a: \u8aa0\u5be6\u9418|Trick Room|p2a: \u8aa0\u5be6\u9418\n|-fieldstart|move: Trick Room|[of] p2a: \u8aa0\u5be6\u9418\n|\n|upkeep\n|turn|5\n|inactive|kljkghjf has 30 seconds left.\n|inactive|andretsai0706 has 30 seconds left.\n|\n|t:|1682992240\n|-terastallize|p2b: \u8a50\u9818\u963f\u7f75\u4fdd\u96aa|Fairy\n|move|p1b: Flutter Mane|Protect|p1b: Flutter Mane\n|-singleturn|p1b: Flutter Mane|Protect\n|move|p2a: \u8aa0\u5be6\u9418|Gyro Ball|p2b: \u8a50\u9818\u963f\u7f75\u4fdd\u96aa\n|-supereffective|p2b: \u8a50\u9818\u963f\u7f75\u4fdd\u96aa\n|-damage|p2b: \u8a50\u9818\u963f\u7f75\u4fdd\u96aa|82\/100\n|-enditem|p2b: \u8a50\u9818\u963f\u7f75\u4fdd\u96aa|Weakness Policy\n|-boost|p2b: \u8a50\u9818\u963f\u7f75\u4fdd\u96aa|atk|2|[from] item: Weakness Policy\n|-boost|p2b: \u8a50\u9818\u963f\u7f75\u4fdd\u96aa|spa|2|[from] item: Weakness Policy\n|move|p2b: \u8a50\u9818\u963f\u7f75\u4fdd\u96aa|Earthquake|p1b: Flutter Mane|[spread] p1a\n|-activate|p1b: Flutter Mane|move: Protect\n|-immune|p2a: \u8aa0\u5be6\u9418|[from] ability: Levitate\n|-damage|p1a: Dondozo|74\/100\n|move|p1a: Dondozo|Yawn|p2a: \u8aa0\u5be6\u9418\n|-start|p2a: \u8aa0\u5be6\u9418|move: Yawn|[of] p1a: Dondozo\n|\n|upkeep\n|turn|6\n|inactive|kljkghjf has 30 seconds left.\n|inactive|andretsai0706 has 30 seconds left.\n|inactive|kljkghjf has 20 seconds left.\n|inactive|kljkghjf has 15 seconds left.\n|inactive|kljkghjf has 10 seconds left.\n|\n|t:|1682992286\n|-end|p1b: Flutter Mane|Protosynthesis|[silent]\n|switch|p1b: Wo-Chien|Wo-Chien, L50|64\/100\n|-ability|p1b: Wo-Chien|Tablets of Ruin\n|move|p2a: \u8aa0\u5be6\u9418|Gyro Ball|p1b: Wo-Chien\n|-crit|p1b: Wo-Chien\n|-damage|p1b: Wo-Chien|43\/100\n|move|p2b: \u8a50\u9818\u963f\u7f75\u4fdd\u96aa|Earthquake|p1b: Wo-Chien|[spread] p1a,p1b\n|-immune|p2a: \u8aa0\u5be6\u9418|[from] ability: Levitate\n|-resisted|p1b: Wo-Chien\n|-damage|p1a: Dondozo|57\/100\n|-damage|p1b: Wo-Chien|21\/100\n|move|p1a: Dondozo|Yawn|p2b: \u8a50\u9818\u963f\u7f75\u4fdd\u96aa\n|-start|p2b: \u8a50\u9818\u963f\u7f75\u4fdd\u96aa|move: Yawn|[of] p1a: Dondozo\n|\n|-heal|p1b: Wo-Chien|27\/100|[from] item: Leftovers\n|-end|p2a: \u8aa0\u5be6\u9418|move: Yawn|[silent]\n|-status|p2a: \u8aa0\u5be6\u9418|slp\n|upkeep\n|turn|7\n|inactive|andretsai0706 has 30 seconds left.\n|inactive|kljkghjf has 30 seconds left.\n|inactive|andretsai0706 has 20 seconds left.\n|inactive|andretsai0706 has 15 seconds left.\n|\n|t:|1682992329\n|switch|p2a: \u672a\u4f86\u731b\u60e1\u6bcd\u96de|Amoonguss, L50, M|100\/100\n|-damage|p2a: \u672a\u4f86\u731b\u60e1\u6bcd\u96de|88\/100|[from] Stealth Rock\n|move|p1b: Wo-Chien|Protect|p1b: Wo-Chien\n|-singleturn|p1b: Wo-Chien|Protect\n|move|p2b: \u8a50\u9818\u963f\u7f75\u4fdd\u96aa|Rock Slide|p1b: Wo-Chien|[spread] p1a\n|-activate|p1b: Wo-Chien|move: Protect\n|-damage|p1a: Dondozo|50\/100\n|-enditem|p1a: Dondozo|Sitrus Berry|[eat]\n|-heal|p1a: Dondozo|75\/100|[from] item: Sitrus Berry\n|move|p1a: Dondozo|Yawn||[still]\n|-fail|p1a: Dondozo\n|\n|-heal|p1b: Wo-Chien|33\/100|[from] item: Leftovers\n|-end|p2b: \u8a50\u9818\u963f\u7f75\u4fdd\u96aa|move: Yawn|[silent]\n|-status|p2b: \u8a50\u9818\u963f\u7f75\u4fdd\u96aa|slp\n|upkeep\n|turn|8\n|inactive|kljkghjf has 30 seconds left.\n|inactive|andretsai0706 has 30 seconds left.\n|inactive|kljkghjf has 20 seconds left.\n|inactive|andretsai0706 has 20 seconds left.\n|\n|t:|1682992366\n|-terastallize|p1b: Wo-Chien|Poison\n|move|p2a: \u672a\u4f86\u731b\u60e1\u6bcd\u96de|Spore|p1a: Dondozo\n|-status|p1a: Dondozo|slp|[from] move: Spore\n|cant|p2b: \u8a50\u9818\u963f\u7f75\u4fdd\u96aa|slp\n|cant|p1a: Dondozo|slp\n|move|p1b: Wo-Chien|Leech Seed|p2b: \u8a50\u9818\u963f\u7f75\u4fdd\u96aa\n|-start|p2b: \u8a50\u9818\u963f\u7f75\u4fdd\u96aa|move: Leech Seed\n|\n|-heal|p1b: Wo-Chien|39\/100|[from] item: Leftovers\n|-damage|p2b: \u8a50\u9818\u963f\u7f75\u4fdd\u96aa|70\/100 slp|[from] Leech Seed|[of] p1b: Wo-Chien\n|-heal|p1b: Wo-Chien|55\/100|[silent]\n|-fieldend|move: Trick Room\n|upkeep\n|turn|9\n|inactive|kljkghjf has 30 seconds left.\n|inactive|andretsai0706 has 30 seconds left.\n|inactive|kljkghjf has 20 seconds left.\n|inactive|andretsai0706 has 20 seconds left.\n|\n|t:|1682992404\n|move|p1b: Wo-Chien|Pollen Puff|p1a: Dondozo\n|-heal|p1a: Dondozo|100\/100 slp\n|cant|p1a: Dondozo|slp\n|-curestatus|p2b: \u8a50\u9818\u963f\u7f75\u4fdd\u96aa|slp|[msg]\n|move|p2b: \u8a50\u9818\u963f\u7f75\u4fdd\u96aa|Earthquake|p1a: Dondozo|[spread] p2a,p1a,p1b\n|-supereffective|p1b: Wo-Chien\n|-damage|p2a: \u672a\u4f86\u731b\u60e1\u6bcd\u96de|46\/100\n|-damage|p1a: Dondozo|83\/100 slp\n|-damage|p1b: Wo-Chien|0 fnt\n|-enditem|p2a: \u672a\u4f86\u731b\u60e1\u6bcd\u96de|Sitrus Berry|[eat]\n|-heal|p2a: \u672a\u4f86\u731b\u60e1\u6bcd\u96de|70\/100|[from] item: Sitrus Berry\n|faint|p1b: Wo-Chien\n|move|p2a: \u672a\u4f86\u731b\u60e1\u6bcd\u96de|Spore|p1a: Dondozo\n|-fail|p1a: Dondozo|slp\n|\n|upkeep\n|\n|t:|1682992419\n|switch|p1b: Flutter Mane|Flutter Mane, L50|76\/100\n|turn|10\n|\n|t:|1682992440\n|move|p1b: Flutter Mane|Protect|p1b: Flutter Mane\n|-singleturn|p1b: Flutter Mane|Protect\n|cant|p1a: Dondozo|slp\n|move|p2b: \u8a50\u9818\u963f\u7f75\u4fdd\u96aa|Stomping Tantrum|p1b: Flutter Mane\n|-activate|p1b: Flutter Mane|move: Protect\n|move|p2a: \u672a\u4f86\u731b\u60e1\u6bcd\u96de|Spore|p1a: Dondozo\n|-fail|p1a: Dondozo|slp\n|\n|-damage|p2b: \u8a50\u9818\u963f\u7f75\u4fdd\u96aa|58\/100|[from] Leech Seed|[of] p1b: Flutter Mane\n|-heal|p1b: Flutter Mane|97\/100|[silent]\n|upkeep\n|turn|11\n|inactive|andretsai0706 has 30 seconds left.\n|inactive|kljkghjf has 30 seconds left.\n|\n|t:|1682992477\n|move|p1b: Flutter Mane|Protect|p1b: Flutter Mane\n|-singleturn|p1b: Flutter Mane|Protect\n|-curestatus|p1a: Dondozo|slp|[msg]\n|move|p1a: Dondozo|Protect|p1a: Dondozo\n|-singleturn|p1a: Dondozo|Protect\n|move|p2b: \u8a50\u9818\u963f\u7f75\u4fdd\u96aa|Throat Chop|p1b: Flutter Mane\n|-activate|p1b: Flutter Mane|move: Protect\n|move|p2a: \u672a\u4f86\u731b\u60e1\u6bcd\u96de|Spore|p1a: Dondozo\n|-activate|p1a: Dondozo|move: Protect\n|\n|-damage|p2b: \u8a50\u9818\u963f\u7f75\u4fdd\u96aa|46\/100|[from] Leech Seed|[of] p1b: Flutter Mane\n|-heal|p1b: Flutter Mane|100\/100|[silent]\n|upkeep\n|turn|12\n|\n|t:|1682992497\n|-end|p1b: Flutter Mane|Protosynthesis|[silent]\n|switch|p1b: Ting-Lu|Ting-Lu, L50|100\/100\n|-ability|p1b: Ting-Lu|Vessel of Ruin\n|move|p1a: Dondozo|Yawn|p2b: \u8a50\u9818\u963f\u7f75\u4fdd\u96aa\n|-start|p2b: \u8a50\u9818\u963f\u7f75\u4fdd\u96aa|move: Yawn|[of] p1a: Dondozo\n|move|p2b: \u8a50\u9818\u963f\u7f75\u4fdd\u96aa|Throat Chop|p1b: Ting-Lu\n|-resisted|p1b: Ting-Lu\n|-damage|p1b: Ting-Lu|83\/100\n|-start|p1b: Ting-Lu|Throat Chop|[silent]\n|move|p2a: \u672a\u4f86\u731b\u60e1\u6bcd\u96de|Spore|p1a: Dondozo\n|-status|p1a: Dondozo|slp|[from] move: Spore\n|\n|-damage|p2b: \u8a50\u9818\u963f\u7f75\u4fdd\u96aa|34\/100|[from] Leech Seed|[of] p1b: Ting-Lu\n|-heal|p1b: Ting-Lu|95\/100|[silent]\n|upkeep\n|turn|13\n|inactive|kljkghjf has 30 seconds left.\n|inactive|andretsai0706 has 30 seconds left.\n|inactive|andretsai0706 has 20 seconds left.\n|inactive|andretsai0706 has 15 seconds left.\n|inactive|andretsai0706 has 10 seconds left.\n|\n|t:|1682992543\n|switch|p2b: \u85cd\u5fc3\u9b5a|Gyarados, L50, M|100\/100\n|-damage|p2b: \u85cd\u5fc3\u9b5a|76\/100|[from] Stealth Rock\n|-ability|p2b: \u85cd\u5fc3\u9b5a|Intimidate|boost\n|-unboost|p1a: Dondozo|atk|1\n|-unboost|p1b: Ting-Lu|atk|1\n|move|p1b: Ting-Lu|Fissure|p2a: \u672a\u4f86\u731b\u60e1\u6bcd\u96de|[miss]\n|-miss|p1b: Ting-Lu|p2a: \u672a\u4f86\u731b\u60e1\u6bcd\u96de\n|cant|p1a: Dondozo|slp\n|move|p2a: \u672a\u4f86\u731b\u60e1\u6bcd\u96de|Spore|p1b: Ting-Lu\n|-status|p1b: Ting-Lu|slp|[from] move: Spore\n|\n|-end|p1b: Ting-Lu|Throat Chop|[silent]\n|upkeep\n|turn|14\n|inactive|kljkghjf has 30 seconds left this turn.\n|inactive|kljkghjf has 20 seconds left.\n|inactive|kljkghjf has 15 seconds left.\n|-message|kljkghjf forfeited.\n|\n|win|andretsai0706\n|inactive|kljkghjf has 15 seconds left this turn.\n|raw|kljkghjf's rating: 1490 → 1472<\/strong> (-18 for losing)\n|raw|andretsai0706's rating: 1532 → 1550<\/strong> (+18 for winning)\n|l|\u2606kljkghjf\n|l|\u2606andretsai0706\n|l| 0hMaGawd\n","uploadtime":1682993092,"views":11,"p1id":"kljkghjf","p2id":"andretsai0706","formatid":"gen9vgc2023regulationc","rating":1472,"private":0,"password":""}