{"id":"gen9vgc2023regulationc-1862103629","p1":"Goldjunge1994","p2":"gohan92","format":"[Gen 9] VGC 2023 Regulation C","log":"|j|\u2606Goldjunge1994\n|j|\u2606gohan92\n|t:|1683837327\n|gametype|doubles\n|player|p1|Goldjunge1994|101|\n|player|p2|gohan92|170|\n|teamsize|p1|6\n|teamsize|p2|6\n|gen|9\n|tier|[Gen 9] VGC 2023 Regulation C\n|rule|Species Clause: Limit one of each Pok\u00e9mon\n|rule|Item Clause: Limit one of each item\n|clearpoke\n|poke|p1|Palafin, L50, F|\n|poke|p1|Chi-Yu, L50|\n|poke|p1|Flutter Mane, L50|\n|poke|p1|Amoonguss, L50, M|\n|poke|p1|Iron Hands, L50|\n|poke|p1|Dragonite, L50, F|\n|poke|p2|Chi-Yu, L50|\n|poke|p2|Flutter Mane, L50|\n|poke|p2|Glimmora, L50, F|\n|poke|p2|Ting-Lu, L50|\n|poke|p2|Gyarados, L50, F|\n|poke|p2|Amoonguss, L50, F|\n|teampreview|4\n|\n|t:|1683837364\n|start\n|switch|p1a: TheTerminat|Iron Hands, L50|100\/100\n|switch|p1b: Floa|Palafin, L50, F|100\/100\n|switch|p2a: Glimmora|Glimmora, L50, F|100\/100\n|switch|p2b: Gyarados|Gyarados, L50, F|100\/100\n|-ability|p2b: Gyarados|Intimidate|boost\n|-unboost|p1a: TheTerminat|atk|1\n|-unboost|p1b: Floa|atk|1\n|turn|1\n|\n|t:|1683837388\n|switch|p2b: Ting-Lu|Ting-Lu, L50|100\/100\n|-ability|p2b: Ting-Lu|Vessel of Ruin\n|move|p2a: Glimmora|Spiky Shield|p2a: Glimmora\n|-singleturn|p2a: Glimmora|move: Protect\n|move|p1b: Floa|Wave Crash|p2b: Ting-Lu\n|-supereffective|p2b: Ting-Lu\n|-damage|p2b: Ting-Lu|53\/100\n|-damage|p1b: Floa|83\/100|[from] Recoil\n|move|p1a: TheTerminat|Drain Punch|p2b: Ting-Lu\n|-supereffective|p2b: Ting-Lu\n|-damage|p2b: Ting-Lu|19\/100\n|\n|upkeep\n|turn|2\n|\n|t:|1683837411\n|detailschange|p1b: Floa|Palafin-Hero, L50, F\n|switch|p1b: Skarm|Amoonguss, L50, M|100\/100\n|move|p2a: Glimmora|Mortal Spin|p1b: Skarm|[spread] p1a,p1b\n|-damage|p1a: TheTerminat|98\/100\n|-damage|p1b: Skarm|96\/100\n|-status|p1a: TheTerminat|psn\n|-status|p1b: Skarm|psn\n|move|p1a: TheTerminat|Volt Switch|p2a: Glimmora\n|-damage|p2a: Glimmora|87\/100\n|\n|t:|1683837427\n|-end|p1a: TheTerminat|Quark Drive|[silent]\n|switch|p1a: Vhagar|Dragonite, L50, F|100\/100|[from] Volt Switch\n|move|p2b: Ting-Lu|Ruination|p1a: Vhagar\n|-damage|p1a: Vhagar|51\/100\n|\n|-damage|p1b: Skarm|84\/100 psn|[from] psn\n|upkeep\n|turn|3\n|\n|t:|1683837472\n|switch|p1a: TheTerminat|Iron Hands, L50|98\/100 psn\n|-terastallize|p2a: Glimmora|Grass\n|move|p2a: Glimmora|Power Gem|p1a: TheTerminat\n|-resisted|p1a: TheTerminat\n|-damage|p1a: TheTerminat|90\/100 psn\n|move|p2b: Ting-Lu|Ruination|p1a: TheTerminat\n|-damage|p1a: TheTerminat|45\/100 psn\n|move|p1b: Skarm|Pollen Puff|p1a: TheTerminat\n|-heal|p1a: TheTerminat|95\/100 psn\n|\n|-damage|p1a: TheTerminat|83\/100 psn|[from] psn\n|-damage|p1b: Skarm|72\/100 psn|[from] psn\n|upkeep\n|turn|4\n|\n|t:|1683837501\n|move|p2a: Glimmora|Venoshock|p1b: Skarm\n|-damage|p1b: Skarm|30\/100 psn\n|-enditem|p1b: Skarm|Sitrus Berry|[eat]\n|-heal|p1b: Skarm|56\/100 psn|[from] item: Sitrus Berry\n|move|p1a: TheTerminat|Drain Punch|p2b: Ting-Lu\n|-supereffective|p2b: Ting-Lu\n|-damage|p2b: Ting-Lu|0 fnt\n|-heal|p1a: TheTerminat|92\/100 psn|[from] drain|[of] p2b: Ting-Lu\n|faint|p2b: Ting-Lu\n|move|p1b: Skarm|Pollen Puff|p1a: TheTerminat\n|-heal|p1a: TheTerminat|100\/100 psn\n|\n|-damage|p1a: TheTerminat|88\/100 psn|[from] psn\n|-damage|p1b: Skarm|43\/100 psn|[from] psn\n|upkeep\n|\n|t:|1683837514\n|switch|p2b: Gyarados|Gyarados, L50, F|100\/100\n|-ability|p2b: Gyarados|Intimidate|boost\n|-unboost|p1a: TheTerminat|atk|1\n|-unboost|p1b: Skarm|atk|1\n|turn|5\n|\n|t:|1683837535\n|switch|p2b: Chi-Yu|Chi-Yu, L50|100\/100\n|-ability|p2b: Chi-Yu|Beads of Ruin\n|switch|p1b: Floa|Palafin-Hero, L50, F|83\/100\n|-activate|p1b: Floa|ability: Zero to Hero\n|move|p2a: Glimmora|Venoshock|p1b: Floa\n|-damage|p1b: Floa|41\/100\n|move|p1a: TheTerminat|Volt Switch|p2b: Chi-Yu\n|-damage|p2b: Chi-Yu|88\/100\n|\n|t:|1683837550\n|-end|p1a: TheTerminat|Quark Drive|[silent]\n|switch|p1a: Skarm|Amoonguss, L50, M|76\/100 psn|[from] Volt Switch\n|\n|-damage|p1a: Skarm|64\/100 psn|[from] psn\n|upkeep\n|turn|6\n|\n|t:|1683837579\n|switch|p2b: Gyarados|Gyarados, L50, F|100\/100\n|-ability|p2b: Gyarados|Intimidate|boost\n|-unboost|p1a: Skarm|atk|1\n|-unboost|p1b: Floa|atk|1\n|switch|p1b: TheTerminat|Iron Hands, L50|88\/100 psn\n|move|p2a: Glimmora|Power Gem|p1b: TheTerminat\n|-resisted|p1b: TheTerminat\n|-damage|p1b: TheTerminat|78\/100 psn\n|move|p1a: Skarm|Pollen Puff|p2a: Glimmora\n|-supereffective|p2a: Glimmora\n|-damage|p2a: Glimmora|36\/100\n|\n|-damage|p1b: TheTerminat|66\/100 psn|[from] psn\n|-damage|p1a: Skarm|52\/100 psn|[from] psn\n|upkeep\n|turn|7\n|\n|t:|1683837615\n|move|p2a: Glimmora|Spiky Shield|p2a: Glimmora\n|-singleturn|p2a: Glimmora|move: Protect\n|move|p2b: Gyarados|Iron Head|p1a: Skarm\n|-damage|p1a: Skarm|31\/100 psn\n|move|p1b: TheTerminat|Volt Switch|p2b: Gyarados\n|-supereffective|p2b: Gyarados\n|-crit|p2b: Gyarados\n|-damage|p2b: Gyarados|35\/100\n|\n|t:|1683837627\n|-end|p1b: TheTerminat|Quark Drive|[silent]\n|switch|p1b: Vhagar|Dragonite, L50, F|51\/100|[from] Volt Switch\n|move|p1a: Skarm|Pollen Puff|p2a: Glimmora\n|-activate|p2a: Glimmora|move: Protect\n|\n|-damage|p1a: Skarm|19\/100 psn|[from] psn\n|upkeep\n|turn|8\n|\n|t:|1683837645\n|switch|p1a: Floa|Palafin-Hero, L50, F|41\/100\n|move|p1b: Vhagar|Extreme Speed|p2a: Glimmora\n|-damage|p2a: Glimmora|1\/100\n|move|p2a: Glimmora|Power Gem|p1b: Vhagar\n|-supereffective|p1b: Vhagar\n|-damage|p1b: Vhagar|0 fnt\n|faint|p1b: Vhagar\n|move|p2b: Gyarados|Iron Head|p1a: Floa\n|-resisted|p1a: Floa\n|-crit|p1a: Floa\n|-damage|p1a: Floa|26\/100\n|\n|upkeep\n|\n|t:|1683837658\n|switch|p1b: TheTerminat|Iron Hands, L50|66\/100 psn\n|turn|9\n|j| fheopjgaoijfaofjo\n|\n|t:|1683837680\n|switch|p2b: Chi-Yu|Chi-Yu, L50|88\/100\n|-ability|p2b: Chi-Yu|Beads of Ruin\n|move|p1a: Floa|Protect|p1a: Floa\n|-singleturn|p1a: Floa|Protect\n|move|p2a: Glimmora|Venoshock|p1b: TheTerminat\n|-damage|p1b: TheTerminat|23\/100 psn\n|move|p1b: TheTerminat|Wild Charge|p2b: Chi-Yu\n|-damage|p2b: Chi-Yu|24\/100\n|-damage|p1b: TheTerminat|13\/100 psn|[from] Recoil\n|\n|-damage|p1b: TheTerminat|1\/100 psn|[from] psn\n|upkeep\n|turn|10\n|\n|t:|1683837715\n|-end|p1b: TheTerminat|Quark Drive|[silent]\n|switch|p1b: Skarm|Amoonguss, L50, M|52\/100 psn\n|move|p2b: Chi-Yu|Protect|p2b: Chi-Yu\n|-singleturn|p2b: Chi-Yu|Protect\n|move|p2a: Glimmora|Spiky Shield|p2a: Glimmora\n|-singleturn|p2a: Glimmora|move: Protect\n|move|p1a: Floa|Jet Punch|p2b: Chi-Yu\n|-activate|p2b: Chi-Yu|move: Protect\n|\n|-damage|p1b: Skarm|40\/100 psn|[from] psn\n|upkeep\n|turn|11\n|\n|t:|1683837746\n|move|p1a: Floa|Jet Punch|p2b: Chi-Yu\n|-supereffective|p2b: Chi-Yu\n|-damage|p2b: Chi-Yu|0 fnt\n|faint|p2b: Chi-Yu\n|move|p2a: Glimmora|Mortal Spin|p1a: Floa|[spread] p1a,p1b\n|-damage|p1a: Floa|21\/100\n|-damage|p1b: Skarm|36\/100 psn\n|-status|p1a: Floa|psn\n|move|p1b: Skarm|Pollen Puff|p2a: Glimmora\n|-supereffective|p2a: Glimmora\n|-damage|p2a: Glimmora|0 fnt\n|faint|p2a: Glimmora\n|\n|-damage|p1a: Floa|9\/100 psn|[from] psn\n|-damage|p1b: Skarm|24\/100 psn|[from] psn\n|upkeep\n|\n|t:|1683837761\n|switch|p2a: Gyarados|Gyarados, L50, F|35\/100\n|-ability|p2a: Gyarados|Intimidate|boost\n|-unboost|p1a: Floa|atk|1\n|-unboost|p1b: Skarm|atk|1\n|turn|12\n|\n|t:|1683837800\n|switch|p1a: TheTerminat|Iron Hands, L50|1\/100 psn\n|move|p2a: Gyarados|Iron Head|p1b: Skarm\n|-damage|p1b: Skarm|2\/100 psn\n|move|p1b: Skarm|Pollen Puff|p2a: Gyarados\n|-resisted|p2a: Gyarados\n|-damage|p2a: Gyarados|28\/100\n|\n|-damage|p1a: TheTerminat|0 fnt|[from] psn\n|faint|p1a: TheTerminat\n|-end|p1a: TheTerminat|Quark Drive|[silent]\n|-damage|p1b: Skarm|0 fnt|[from] psn\n|faint|p1b: Skarm\n|upkeep\n|\n|t:|1683837816\n|switch|p1b: Floa|Palafin-Hero, L50, F|9\/100 psn\n|turn|13\n|c|\u2606gohan92|missclick?\n|c|\u2606Goldjunge1994|War nicht so clever\n|c|\u2606Goldjunge1994|jetzt wei\u00df ich nicht wer schneller ist :D\n|c|\u2606gohan92|ich auch nicht :D\n|c|\u2606gohan92|aber glaube du\n|c|\u2606Goldjunge1994|Ich verlasse mich mal drauf\n|c|\u2606gohan92|102 speed\n|c|\u2606Goldjunge1994|Jet Punch traue ich nicht\n|c|\u2606Goldjunge1994|ok ich habe 127\n|\n|t:|1683837894\n|move|p1b: Floa|Wave Crash|p2a: Gyarados\n|-resisted|p2a: Gyarados\n|-damage|p2a: Gyarados|0 fnt\n|faint|p2a: Gyarados\n|-damage|p1b: Floa|0 fnt|[from] Recoil\n|faint|p1b: Floa\n|\n|win|Goldjunge1994\n|c|\u2606gohan92|ja easy\n|c|\u2606Goldjunge1994|gg\n|c|\u2606gohan92|ggwp\n","uploadtime":1683837908,"views":13,"p1id":"goldjunge1994","p2id":"gohan92","formatid":"gen9vgc2023regulationc","rating":0,"private":0,"password":""}