{"id":"gen9vgc2023regulationc-1861153201","p1":"Sokolata Florou","p2":"devilakos","format":"[Gen 9] VGC 2023 Regulation C","log":"|j|\u2606Sokolata Florou\n|j|\u2606devilakos\n|t:|1683731241\n|gametype|doubles\n|player|p1|Sokolata Florou|baker|\n|player|p2|devilakos|170|\n|teamsize|p1|6\n|teamsize|p2|6\n|gen|9\n|tier|[Gen 9] VGC 2023 Regulation C\n|rule|Species Clause: Limit one of each Pok\u00e9mon\n|rule|Item Clause: Limit one of each item\n|clearpoke\n|poke|p1|Flutter Mane, L50|\n|poke|p1|Arcanine, L50, M|\n|poke|p1|Palafin, L50, M|\n|poke|p1|Amoonguss, L50, F|\n|poke|p1|Iron Hands, L50|\n|poke|p1|Ting-Lu, L50|\n|poke|p2|Arcanine, L50, F|\n|poke|p2|Palafin, L50, M|\n|poke|p2|Chien-Pao, L50|\n|poke|p2|Flutter Mane, L50|\n|poke|p2|Dragonite, L50, M|\n|poke|p2|Amoonguss, L50, M|\n|teampreview|4\n|inactive|Battle timer is ON: inactive players will automatically lose when time's up. (requested by Sokolata Florou)\ndevilakos has agreed to open team sheets.\n|inactive|Sokolata Florou has 60 seconds left.\n|inactive|Sokolata Florou has 30 seconds left.\n|\n|t:|1683731310\n|start\n|switch|p1a: Super Dad|Palafin, L50, M, shiny|100\/100\n|switch|p1b: Mr.Hug|Iron Hands, L50|100\/100\n|switch|p2a: Flutter Mane|Flutter Mane, L50|100\/100\n|switch|p2b: Palafin|Palafin, L50, M|100\/100\n|-enditem|p2a: Flutter Mane|Booster Energy\n|-activate|p2a: Flutter Mane|ability: Protosynthesis|[fromitem]\n|-start|p2a: Flutter Mane|protosynthesisspa\n|turn|1\n|inactive|Sokolata Florou has 30 seconds left.\n|\n|t:|1683731336\n|detailschange|p2b: Palafin|Palafin-Hero, L50, M\n|switch|p2b: Arcanine|Arcanine, L50, F|100\/100\n|-ability|p2b: Arcanine|Intimidate|boost\n|-unboost|p1a: Super Dad|atk|1\n|-unboost|p1b: Mr.Hug|atk|1\n|-terastallize|p1a: Super Dad|Water\n|move|p1a: Super Dad|Jet Punch|p2a: Flutter Mane\n|-damage|p2a: Flutter Mane|60\/100\n|move|p2a: Flutter Mane|Dazzling Gleam|p1a: Super Dad|[spread] p1a,p1b\n|-supereffective|p1b: Mr.Hug\n|-damage|p1a: Super Dad|49\/100\n|-damage|p1b: Mr.Hug|62\/100\n|move|p1b: Mr.Hug|Volt Switch|p2a: Flutter Mane\n|-damage|p2a: Flutter Mane|48\/100\n|\n|t:|1683731351\n|-end|p1b: Mr.Hug|Quark Drive|[silent]\n|switch|p1b: Good boy|Arcanine, L50, M|100\/100|[from] Volt Switch\n|-ability|p1b: Good boy|Intimidate|boost\n|-unboost|p2a: Flutter Mane|atk|1\n|-unboost|p2b: Arcanine|atk|1\n|\n|upkeep\n|turn|2\n|\n|t:|1683731372\n|move|p2a: Flutter Mane|Protect|p2a: Flutter Mane\n|-singleturn|p2a: Flutter Mane|Protect\n|move|p1a: Super Dad|Protect|p1a: Super Dad\n|-singleturn|p1a: Super Dad|Protect\n|move|p2b: Arcanine|Wild Charge|p1a: Super Dad\n|-activate|p1a: Super Dad|move: Protect\n|move|p1b: Good boy|Flare Blitz|p2a: Flutter Mane\n|-activate|p2a: Flutter Mane|move: Protect\n|\n|upkeep\n|turn|3\n|inactive|Sokolata Florou has 30 seconds left.\n|\n|t:|1683731399\n|-end|p2a: Flutter Mane|Protosynthesis|[silent]\n|switch|p2a: Dragonite|Dragonite, L50, M|100\/100\n|detailschange|p1a: Super Dad|Palafin-Hero, L50, M, shiny, tera:Water\n|switch|p1a: Mr.Hug|Iron Hands, L50|62\/100\n|move|p2b: Arcanine|Wild Charge|p1a: Mr.Hug\n|-resisted|p1a: Mr.Hug\n|-damage|p1a: Mr.Hug|55\/100\n|-damage|p2b: Arcanine|98\/100|[from] Recoil\n|move|p1b: Good boy|Flare Blitz|p2a: Dragonite\n|-resisted|p2a: Dragonite\n|-damage|p2a: Dragonite|89\/100\n|-damage|p1b: Good boy|97\/100|[from] Recoil\n|\n|upkeep\n|turn|4\n|inactive|devilakos has 30 seconds left.\n|inactive|Sokolata Florou has 30 seconds left.\n|inactive|devilakos has 20 seconds left.\n|\n|t:|1683731437\n|-terastallize|p2a: Dragonite|Normal\n|move|p1a: Mr.Hug|Fake Out|p2a: Dragonite\n|-damage|p2a: Dragonite|76\/100\n|cant|p2a: Dragonite|flinch\n|move|p2b: Arcanine|Flare Blitz|p1a: Mr.Hug\n|-damage|p1a: Mr.Hug|33\/100\n|-damage|p2b: Arcanine|89\/100|[from] Recoil\n|move|p1b: Good boy|Will-O-Wisp|p2a: Dragonite\n|-status|p2a: Dragonite|brn\n|\n|-damage|p2a: Dragonite|70\/100 brn|[from] brn\n|upkeep\n|turn|5\n|\n|t:|1683731457\n|move|p1b: Good boy|Helping Hand|p1a: Mr.Hug\n|-singleturn|p1a: Mr.Hug|Helping Hand|[of] p1b: Good boy\n|move|p2a: Dragonite|Extreme Speed|p1a: Mr.Hug\n|-damage|p1a: Mr.Hug|9\/100\n|move|p2b: Arcanine|Wild Charge|p1b: Good boy\n|-damage|p1b: Good boy|79\/100\n|-damage|p2b: Arcanine|84\/100|[from] Recoil\n|move|p1a: Mr.Hug|Drain Punch|p2a: Dragonite\n|-supereffective|p2a: Dragonite\n|-damage|p2a: Dragonite|0 fnt\n|-heal|p1a: Mr.Hug|36\/100|[from] drain|[of] p2a: Dragonite\n|faint|p2a: Dragonite\n|\n|upkeep\n|\n|t:|1683731474\n|switch|p2a: Flutter Mane|Flutter Mane, L50|48\/100\n|turn|6\n|inactive|Sokolata Florou has 30 seconds left.\n|inactive|Sokolata Florou has 20 seconds left.\n|\n|t:|1683731512\n|move|p2b: Arcanine|Extreme Speed|p1a: Mr.Hug\n|-damage|p1a: Mr.Hug|26\/100\n|move|p2a: Flutter Mane|Dazzling Gleam|p1b: Good boy|[spread] p1a,p1b\n|-supereffective|p1a: Mr.Hug\n|-resisted|p1b: Good boy\n|-damage|p1a: Mr.Hug|0 fnt\n|-damage|p1b: Good boy|63\/100\n|faint|p1a: Mr.Hug\n|-end|p1a: Mr.Hug|Quark Drive|[silent]\n|move|p1b: Good boy|Flare Blitz|p2a: Flutter Mane\n|-damage|p2a: Flutter Mane|0 fnt\n|faint|p2a: Flutter Mane\n|-end|p2a: Flutter Mane|Protosynthesis|[silent]\n|-damage|p1b: Good boy|52\/100|[from] Recoil\n|\n|upkeep\n|\n|t:|1683731530\n|switch|p2a: Palafin|Palafin-Hero, L50, M|100\/100\n|switch|p1a: Super Dad|Palafin-Hero, L50, M, shiny, tera:Water|49\/100\n|-activate|p1a: Super Dad|ability: Zero to Hero\n|-activate|p2a: Palafin|ability: Zero to Hero\n|turn|7\n|\n|t:|1683731548\n|move|p1a: Super Dad|Protect|p1a: Super Dad\n|-singleturn|p1a: Super Dad|Protect\n|move|p2a: Palafin|Protect|p2a: Palafin\n|-singleturn|p2a: Palafin|Protect\n|move|p2b: Arcanine|Wild Charge|p1a: Super Dad\n|-activate|p1a: Super Dad|move: Protect\n|move|p1b: Good boy|Will-O-Wisp|p2a: Palafin\n|-activate|p2a: Palafin|move: Protect\n|\n|upkeep\n|turn|8\n|\n|t:|1683731569\n|switch|p1b: Misery|Flutter Mane, L50|100\/100\n|-enditem|p1b: Misery|Booster Energy\n|-activate|p1b: Misery|ability: Protosynthesis|[fromitem]\n|-start|p1b: Misery|protosynthesisspa\n|move|p2a: Palafin|Jet Punch|p1b: Misery\n|-damage|p1b: Misery|25\/100\n|move|p2b: Arcanine|Wild Charge|p1a: Super Dad\n|-supereffective|p1a: Super Dad\n|-damage|p1a: Super Dad|17\/100\n|-damage|p2b: Arcanine|76\/100|[from] Recoil\n|move|p1a: Super Dad|Wave Crash|p2b: Arcanine\n|-supereffective|p2b: Arcanine\n|-damage|p2b: Arcanine|0 fnt\n|faint|p2b: Arcanine\n|-damage|p1a: Super Dad|0 fnt|[from] Recoil\n|faint|p1a: Super Dad\n|\n|upkeep\n|\n|t:|1683731579\n|switch|p1a: Good boy|Arcanine, L50, M|52\/100\n|-ability|p1a: Good boy|Intimidate|boost\n|-unboost|p2a: Palafin|atk|1\n|turn|9\n|\n|t:|1683731594\n|move|p1b: Misery|Moonblast|p2a: Palafin\n|-damage|p2a: Palafin|45\/100\n|move|p1a: Good boy|Will-O-Wisp|p2a: Palafin\n|-status|p2a: Palafin|brn\n|move|p2a: Palafin|Haze|p2a: Palafin\n|-clearallboost\n|\n|-damage|p2a: Palafin|39\/100 brn|[from] brn\n|upkeep\n|turn|10\n|inactive|Sokolata Florou has 30 seconds left.\n|inactive|Sokolata Florou has 20 seconds left.\n|inactive|Sokolata Florou has 15 seconds left.\n|\n|t:|1683731638\n|move|p2a: Palafin|Jet Punch|p1b: Misery\n|-damage|p1b: Misery|0 fnt\n|faint|p1b: Misery\n|-end|p1b: Misery|Protosynthesis|[silent]\n|move|p1a: Good boy|Flare Blitz|p2a: Palafin\n|-resisted|p2a: Palafin\n|-damage|p2a: Palafin|18\/100 brn\n|-damage|p1a: Good boy|45\/100|[from] Recoil\n|\n|-damage|p2a: Palafin|13\/100 brn|[from] brn\n|upkeep\n|turn|11\n|\n|t:|1683731656\n|move|p1a: Good boy|Protect|p1a: Good boy\n|-singleturn|p1a: Good boy|Protect\n|move|p2a: Palafin|Jet Punch|p1a: Good boy\n|-activate|p1a: Good boy|move: Protect\n|\n|-damage|p2a: Palafin|7\/100 brn|[from] brn\n|upkeep\n|turn|12\n|\n|t:|1683731668\n|move|p1a: Good boy|Protect||[still]\n|-fail|p1a: Good boy\n|move|p2a: Palafin|Jet Punch|p1a: Good boy\n|-supereffective|p1a: Good boy\n|-damage|p1a: Good boy|3\/100\n|\n|-damage|p2a: Palafin|1\/100 brn|[from] brn\n|upkeep\n|turn|13\n|c|\u2606devilakos|\u039b\u03bf\u03bb gg\n|c|\u2606Sokolata Florou|Lol gg\n|\n|t:|1683731686\n|move|p1a: Good boy|Protect|p1a: Good boy\n|-singleturn|p1a: Good boy|Protect\n|move|p2a: Palafin|Protect||[still]\n|-fail|p2a: Palafin\n|\n|-damage|p2a: Palafin|0 fnt|[from] brn\n|faint|p2a: Palafin\n|\n|win|Sokolata Florou\n|upkeep\n|l|\u2606devilakos\n","uploadtime":1683731707,"views":8,"p1id":"sokolataflorou","p2id":"devilakos","formatid":"gen9vgc2023regulationc","rating":0,"private":0,"password":""}