{"id":"gen9vgc2023regulationc-1852503671","p1":"lamp114514","p2":"Stansfield2158","format":"[Gen 9] VGC 2023 Regulation C","log":"|j|\u2606lamp114514\n|j|\u2606Stansfield2158\n|t:|1682566361\n|gametype|doubles\n|player|p1|lamp114514|266|1275\n|player|p2|Stansfield2158|ethan|1246\n|teamsize|p1|6\n|teamsize|p2|6\n|gen|9\n|tier|[Gen 9] VGC 2023 Regulation C\n|rated|\n|rule|Species Clause: Limit one of each Pok\u00e9mon\n|rule|Item Clause: Limit one of each item\n|clearpoke\n|poke|p1|Scizor, L50, M|\n|poke|p1|Flutter Mane, L50|\n|poke|p1|Rotom-Wash, L50|\n|poke|p1|Great Tusk, L50|\n|poke|p1|Arcanine, L50, F|\n|poke|p1|Chien-Pao, L50|\n|poke|p2|Pelipper, L50, F|\n|poke|p2|Palafin, L50, F|\n|poke|p2|Scizor, L50, F|\n|poke|p2|Chien-Pao, L50|\n|poke|p2|Iron Valiant, L50|\n|poke|p2|Sandy Shocks, L50|\n|teampreview|4\n|inactive|Battle timer is ON: inactive players will automatically lose when time's up. (requested by Stansfield2158)\n|inactive|Stansfield2158 has 60 seconds left.\n|inactive|Stansfield2158 has 30 seconds left.\n|inactive|Stansfield2158 has 20 seconds left.\n|inactive|Stansfield2158 has 15 seconds left.\n|\n|t:|1682566437\n|start\n|switch|p1a: Arcanine|Arcanine, L50, F|100\/100\n|switch|p1b: Great Tusk|Great Tusk, L50|100\/100\n|switch|p2a: Pelipper|Pelipper, L50, F|100\/100\n|switch|p2b: Palafin|Palafin, L50, F|100\/100\n|-ability|p1a: Arcanine|Intimidate|boost\n|-unboost|p2a: Pelipper|atk|1\n|-unboost|p2b: Palafin|atk|1\n|-weather|RainDance|[from] ability: Drizzle|[of] p2a: Pelipper\n|turn|1\n|\n|t:|1682566458\n|switch|p1a: dont miss|Rotom-Wash, L50|100\/100\n|-terastallize|p1b: Great Tusk|Steel\n|move|p1b: Great Tusk|Headlong Rush|p2b: Palafin\n|-damage|p2b: Palafin|24\/100\n|-unboost|p1b: Great Tusk|def|1\n|-unboost|p1b: Great Tusk|spd|1\n|move|p2b: Palafin|Flip Turn|p1a: dont miss\n|-resisted|p1a: dont miss\n|-crit|p1a: dont miss\n|-damage|p1a: dont miss|72\/100\n|\n|t:|1682566468\n|detailschange|p2b: Palafin|Palafin-Hero, L50, F\n|switch|p2b: Iron Valiant|Iron Valiant, L50|100\/100|[from] Flip Turn\n|move|p2a: Pelipper|Hurricane|p1a: dont miss\n|-resisted|p1a: dont miss\n|-damage|p1a: dont miss|55\/100\n|\n|-weather|RainDance|[upkeep]\n|upkeep\n|turn|2\n|inactive|Stansfield2158 has 30 seconds left.\n|inactive|Stansfield2158 has 20 seconds left.\n|inactive|Stansfield2158 has 15 seconds left.\n|\n|t:|1682566511\n|-end|p1b: Great Tusk|Protosynthesis|[silent]\n|switch|p1b: Arcanine|Arcanine, L50, F|100\/100\n|-ability|p1b: Arcanine|Intimidate|boost\n|-unboost|p2a: Pelipper|atk|1\n|-unboost|p2b: Iron Valiant|atk|1\n|move|p2b: Iron Valiant|Leaf Blade|p1a: dont miss\n|-supereffective|p1a: dont miss\n|-damage|p1a: dont miss|19\/100\n|-enditem|p1a: dont miss|Sitrus Berry|[eat]\n|-heal|p1a: dont miss|44\/100|[from] item: Sitrus Berry\n|move|p1a: dont miss|Thunderbolt|p2a: Pelipper\n|-supereffective|p2a: Pelipper\n|-damage|p2a: Pelipper|0 fnt\n|faint|p2a: Pelipper\n|\n|-weather|RainDance|[upkeep]\n|upkeep\n|\n|t:|1682566524\n|switch|p2a: Palafin|Palafin-Hero, L50, F|24\/100\n|-activate|p2a: Palafin|ability: Zero to Hero\n|turn|3\n|\n|t:|1682566544\n|move|p1a: dont miss|Protect|p1a: dont miss\n|-singleturn|p1a: dont miss|Protect\n|move|p1b: Arcanine|Extreme Speed|p2a: Palafin\n|-damage|p2a: Palafin|0 fnt\n|faint|p2a: Palafin\n|move|p2b: Iron Valiant|Close Combat|p1a: dont miss\n|-activate|p1a: dont miss|move: Protect\n|\n|-weather|RainDance|[upkeep]\n|upkeep\n|\n|t:|1682566547\n|switch|p2a: Scizor|Scizor, L50, F|100\/100\n|turn|4\n|inactive|Stansfield2158 has 30 seconds left.\n|inactive|Stansfield2158 has 20 seconds left.\n|inactive|Stansfield2158 has 15 seconds left.\n|\n|t:|1682566588\n|switch|p1b: Scizor|Scizor, L50, M|100\/100\n|-terastallize|p2a: Scizor|Fire\n|move|p2b: Iron Valiant|Leaf Blade|p1a: dont miss\n|-supereffective|p1a: dont miss\n|-damage|p1a: dont miss|8\/100\n|move|p1a: dont miss|Will-O-Wisp|p2a: Scizor\n|-immune|p2a: Scizor\n|move|p2a: Scizor|Swords Dance|p2a: Scizor\n|-boost|p2a: Scizor|atk|2\n|\n|-weather|RainDance|[upkeep]\n|upkeep\n|turn|5\n|inactive|lamp114514 has 30 seconds left.\n|inactive|Stansfield2158 has 30 seconds left.\n|\n|t:|1682566628\n|switch|p1a: Arcanine|Arcanine, L50, F|100\/100\n|-ability|p1a: Arcanine|Intimidate|boost\n|-fail|p2a: Scizor|unboost|[from] item: Clear Amulet|[of] p2a: Scizor\n|-unboost|p2b: Iron Valiant|atk|1\n|move|p2b: Iron Valiant|Close Combat|p1a: Arcanine\n|-damage|p1a: Arcanine|64\/100\n|-unboost|p2b: Iron Valiant|def|1\n|-unboost|p2b: Iron Valiant|spd|1\n|move|p1b: Scizor|U-turn|p2b: Iron Valiant\n|-resisted|p2b: Iron Valiant\n|-damage|p2b: Iron Valiant|80\/100\n|\n|t:|1682566640\n|switch|p1b: dont miss|Rotom-Wash, L50|8\/100|[from] U-turn\n|move|p2a: Scizor|Swords Dance|p2a: Scizor\n|-boost|p2a: Scizor|atk|2\n|\n|-weather|none\n|upkeep\n|turn|6\n|\n|t:|1682566661\n|move|p1a: Arcanine|Extreme Speed|p2b: Iron Valiant\n|-damage|p2b: Iron Valiant|32\/100\n|move|p2a: Scizor|Bullet Punch|p1a: Arcanine\n|-resisted|p1a: Arcanine\n|-damage|p1a: Arcanine|9\/100\n|move|p2b: Iron Valiant|Leaf Blade|p1b: dont miss\n|-supereffective|p1b: dont miss\n|-damage|p1b: dont miss|0 fnt\n|faint|p1b: dont miss\n|\n|upkeep\n|\n|t:|1682566671\n|switch|p1b: Great Tusk|Great Tusk, L50, tera:Steel|100\/100\n|turn|7\n|\n|t:|1682566686\n|move|p1a: Arcanine|Extreme Speed|p2b: Iron Valiant\n|-damage|p2b: Iron Valiant|0 fnt\n|faint|p2b: Iron Valiant\n|-end|p2b: Iron Valiant|Quark Drive|[silent]\n|move|p2a: Scizor|Bullet Punch|p1b: Great Tusk\n|-resisted|p1b: Great Tusk\n|-damage|p1b: Great Tusk|59\/100\n|move|p1b: Great Tusk|Headlong Rush|p2a: Scizor\n|-supereffective|p2a: Scizor\n|-damage|p2a: Scizor|0 fnt\n|-unboost|p1b: Great Tusk|def|1\n|-unboost|p1b: Great Tusk|spd|1\n|faint|p2a: Scizor\n|\n|win|lamp114514\n|raw|lamp114514's rating: 1275 → 1298<\/strong> (+23 for winning)\n|raw|Stansfield2158's rating: 1246 → 1223<\/strong> (-23 for losing)\n|l|\u2606Stansfield2158\n","uploadtime":1682566709,"views":19,"p1id":"lamp114514","p2id":"stansfield2158","formatid":"gen9vgc2023regulationc","rating":1223,"private":0,"password":""}