{"id":"gen9vgc2023regulationc-1852086739","p1":"Haxxson","p2":"catsue","format":"[Gen 9] VGC 2023 Regulation C","log":"|j|\u2606Haxxson\n|j|\u2606catsue\n|t:|1682523030\n|gametype|doubles\n|player|p1|Haxxson|marshal|1167\n|player|p2|catsue|dahlia|1166\n|teamsize|p1|6\n|teamsize|p2|6\n|gen|9\n|tier|[Gen 9] VGC 2023 Regulation C\n|rated|\n|rule|Species Clause: Limit one of each Pok\u00e9mon\n|rule|Item Clause: Limit one of each item\n|clearpoke\n|poke|p1|Jumpluff, L50, M|\n|poke|p1|Volcarona, L50, F|\n|poke|p1|Krookodile, L50, M|\n|poke|p1|Annihilape, L50, M|\n|poke|p1|Rabsca, L50, M|\n|poke|p1|Jolteon, L50, M|\n|poke|p2|Grimmsnarl, L50, M|\n|poke|p2|Clawitzer, L50, M|\n|poke|p2|Wo-Chien, L50|\n|poke|p2|Iron Jugulis, L50|\n|poke|p2|Arcanine, L50, F|\n|poke|p2|Corviknight, L50, M|\n|teampreview|4\n|inactive|Battle timer is ON: inactive players will automatically lose when time's up. (requested by Haxxson)\nHaxxson has agreed to open team sheets.\n|inactive|catsue has 60 seconds left.\n|\n|t:|1682523063\n|start\n|switch|p1a: Krookodile|Krookodile, L50, M|100\/100\n|switch|p1b: Rabsca|Rabsca, L50, M|100\/100\n|switch|p2a: Grimmsnarl|Grimmsnarl, L50, M|100\/100\n|switch|p2b: Clawitzer|Clawitzer, L50, M|100\/100\n|-ability|p1a: Krookodile|Intimidate|boost\n|-unboost|p2a: Grimmsnarl|atk|1\n|-unboost|p2b: Clawitzer|atk|1\n|turn|1\n|inactive|Haxxson has 30 seconds left.\n|\n|t:|1682523092\n|move|p2a: Grimmsnarl|Fake Out|p1b: Rabsca\n|-damage|p1b: Rabsca|93\/100\n|move|p1a: Krookodile|Fling|p1b: Rabsca\n|-supereffective|p1b: Rabsca\n|-damage|p1b: Rabsca|86\/100\n|-boost|p1b: Rabsca|spa|2|[from] item: Starf Berry\n|-enditem|p1b: Rabsca|Weakness Policy\n|-boost|p1b: Rabsca|atk|2|[from] item: Weakness Policy\n|-boost|p1b: Rabsca|spa|2|[from] item: Weakness Policy\n|-enditem|p1a: Krookodile|Starf Berry|[from] move: Fling\n|move|p2b: Clawitzer|Hydro Pump|p1a: Krookodile\n|-supereffective|p1a: Krookodile\n|-damage|p1a: Krookodile|0 fnt\n|faint|p1a: Krookodile\n|-damage|p2b: Clawitzer|91\/100|[from] item: Life Orb\n|cant|p1b: Rabsca|flinch\n|\n|upkeep\n|\n|t:|1682523108\n|switch|p1a: Jolteon|Jolteon, L50, M|100\/100\n|turn|2\n|\n|t:|1682523125\n|move|p2a: Grimmsnarl|Parting Shot|p1b: Rabsca\n|-unboost|p1b: Rabsca|atk|1\n|-unboost|p1b: Rabsca|spa|1\n|\n|t:|1682523129\n|switch|p2a: Wo-Chien|Wo-Chien, L50|100\/100|[from] Parting Shot\n|-ability|p2a: Wo-Chien|Tablets of Ruin\n|move|p1a: Jolteon|Thunderbolt|p2b: Clawitzer\n|-supereffective|p2b: Clawitzer\n|-damage|p2b: Clawitzer|0 fnt\n|faint|p2b: Clawitzer\n|move|p1b: Rabsca|Dazzling Gleam|p2a: Wo-Chien\n|-supereffective|p2a: Wo-Chien\n|-damage|p2a: Wo-Chien|24\/100\n|\n|-heal|p2a: Wo-Chien|31\/100|[from] item: Leftovers\n|upkeep\n|\n|t:|1682523141\n|switch|p2b: Grimmsnarl|Grimmsnarl, L50, M|100\/100\n|turn|3\n|\n|t:|1682523163\n|move|p2a: Wo-Chien|Protect|p2a: Wo-Chien\n|-singleturn|p2a: Wo-Chien|Protect\n|move|p1b: Rabsca|Protect|p1b: Rabsca\n|-singleturn|p1b: Rabsca|Protect\n|move|p2b: Grimmsnarl|Light Screen|p2b: Grimmsnarl\n|-sidestart|p2: catsue|move: Light Screen\n|move|p1a: Jolteon|Thunder Wave|p2b: Grimmsnarl\n|-status|p2b: Grimmsnarl|par\n|\n|-heal|p2a: Wo-Chien|37\/100|[from] item: Leftovers\n|upkeep\n|turn|4\n|\n|t:|1682523188\n|-terastallize|p2a: Wo-Chien|Poison\n|move|p2b: Grimmsnarl|Parting Shot|p1b: Rabsca\n|-unboost|p1b: Rabsca|atk|1\n|-unboost|p1b: Rabsca|spa|1\n|\n|t:|1682523193\n|switch|p2b: Corviknight|Corviknight, L50, M|100\/100|[from] Parting Shot\n|move|p1a: Jolteon|Light Screen|p1a: Jolteon\n|-sidestart|p1: Haxxson|move: Light Screen\n|move|p2a: Wo-Chien|Leech Seed|p1b: Rabsca\n|-start|p1b: Rabsca|move: Leech Seed\n|move|p1b: Rabsca|Dazzling Gleam|p2b: Corviknight|[spread] p2a,p2b\n|-resisted|p2a: Wo-Chien\n|-resisted|p2b: Corviknight\n|-damage|p2a: Wo-Chien|29\/100\n|-damage|p2b: Corviknight|88\/100\n|\n|-heal|p2a: Wo-Chien|35\/100|[from] item: Leftovers\n|-damage|p1b: Rabsca|74\/100|[from] Leech Seed|[of] p2a: Wo-Chien\n|-heal|p2a: Wo-Chien|47\/100|[silent]\n|upkeep\n|turn|5\n|inactive|Haxxson has 30 seconds left.\n|\n|t:|1682523219\n|switch|p2b: Grimmsnarl|Grimmsnarl, L50, M|100\/100 par\n|switch|p1b: Hamlet's Dad|Annihilape, L50, M|100\/100\n|-terastallize|p1a: Jolteon|Electric\n|move|p1a: Jolteon|Thunderbolt|p2b: Grimmsnarl\n|-crit|p2b: Grimmsnarl\n|-damage|p2b: Grimmsnarl|13\/100 par\n|move|p2a: Wo-Chien|Leech Seed|p1a: Jolteon\n|-start|p1a: Jolteon|move: Leech Seed\n|\n|-heal|p2a: Wo-Chien|53\/100|[from] item: Leftovers\n|-damage|p1a: Jolteon|88\/100|[from] Leech Seed|[of] p2a: Wo-Chien\n|-heal|p2a: Wo-Chien|62\/100|[silent]\n|upkeep\n|turn|6\n|inactive|Haxxson has 30 seconds left.\n|inactive|Haxxson has 20 seconds left.\n|inactive|Haxxson has 15 seconds left.\n|inactive|Haxxson has 10 seconds left.\n|\n|t:|1682523265\n|move|p2b: Grimmsnarl|Parting Shot|p1b: Hamlet's Dad\n|-unboost|p1b: Hamlet's Dad|atk|1\n|-unboost|p1b: Hamlet's Dad|spa|1\n|\n|t:|1682523268\n|switch|p2b: Corviknight|Corviknight, L50, M|88\/100|[from] Parting Shot\n|move|p1a: Jolteon|Thunderbolt|p2a: Wo-Chien\n|-damage|p2a: Wo-Chien|35\/100\n|move|p1b: Hamlet's Dad|Drain Punch|p2b: Corviknight\n|-damage|p2b: Corviknight|78\/100\n|move|p2a: Wo-Chien|Foul Play|p1b: Hamlet's Dad\n|-damage|p1b: Hamlet's Dad|77\/100\n|\n|-heal|p1b: Hamlet's Dad|83\/100|[from] item: Leftovers\n|-heal|p2a: Wo-Chien|42\/100|[from] item: Leftovers\n|-damage|p1a: Jolteon|76\/100|[from] Leech Seed|[of] p2a: Wo-Chien\n|-heal|p2a: Wo-Chien|51\/100|[silent]\n|upkeep\n|turn|7\n|inactive|Haxxson has 30 seconds left.\n|inactive|Haxxson has 20 seconds left.\n|\n|t:|1682523306\n|switch|p1b: Rabsca|Rabsca, L50, M|74\/100\n|switch|p2b: Grimmsnarl|Grimmsnarl, L50, M|13\/100 par\n|move|p1a: Jolteon|Thunderbolt|p2b: Grimmsnarl\n|-damage|p2b: Grimmsnarl|0 fnt\n|faint|p2b: Grimmsnarl\n|move|p2a: Wo-Chien|Leech Seed|p1b: Rabsca\n|-start|p1b: Rabsca|move: Leech Seed\n|\n|-heal|p2a: Wo-Chien|57\/100|[from] item: Leftovers\n|-damage|p1a: Jolteon|64\/100|[from] Leech Seed|[of] p2a: Wo-Chien\n|-heal|p2a: Wo-Chien|67\/100|[silent]\n|-damage|p1b: Rabsca|61\/100|[from] Leech Seed|[of] p2a: Wo-Chien\n|-heal|p2a: Wo-Chien|78\/100|[silent]\n|upkeep\n|\n|t:|1682523321\n|switch|p2b: Corviknight|Corviknight, L50, M|78\/100\n|turn|8\n|\n|t:|1682523339\n|move|p1a: Jolteon|Thunderbolt|p2b: Corviknight\n|-supereffective|p2b: Corviknight\n|-damage|p2b: Corviknight|0 fnt\n|faint|p2b: Corviknight\n|move|p2a: Wo-Chien|Foul Play|p1b: Rabsca\n|-supereffective|p1b: Rabsca\n|-damage|p1b: Rabsca|35\/100\n|move|p1b: Rabsca|Calm Mind|p1b: Rabsca\n|-boost|p1b: Rabsca|spa|1\n|-boost|p1b: Rabsca|spd|1\n|\n|-heal|p2a: Wo-Chien|84\/100|[from] item: Leftovers\n|-damage|p1a: Jolteon|52\/100|[from] Leech Seed|[of] p2a: Wo-Chien\n|-heal|p2a: Wo-Chien|94\/100|[silent]\n|-damage|p1b: Rabsca|23\/100|[from] Leech Seed|[of] p2a: Wo-Chien\n|-heal|p2a: Wo-Chien|100\/100|[silent]\n|-sideend|p1: Haxxson|move: Light Screen\n|upkeep\n|turn|9\n|inactive|Haxxson has 30 seconds left.\n|\n|t:|1682523364\n|switch|p1a: Hamlet's Dad|Annihilape, L50, M|83\/100\n|move|p2a: Wo-Chien|Foul Play|p1b: Rabsca\n|-supereffective|p1b: Rabsca\n|-damage|p1b: Rabsca|0 fnt\n|faint|p1b: Rabsca\n|\n|-heal|p1a: Hamlet's Dad|89\/100|[from] item: Leftovers\n|upkeep\n|\n|t:|1682523374\n|switch|p1b: Jolteon|Jolteon, L50, M, tera:Electric|52\/100\n|turn|10\n|\n|t:|1682523380\n|move|p1b: Jolteon|Pin Missile|p1a: Hamlet's Dad\n|-resisted|p1a: Hamlet's Dad\n|-damage|p1a: Hamlet's Dad|89\/100\n|-resisted|p1a: Hamlet's Dad\n|-damage|p1a: Hamlet's Dad|88\/100\n|-resisted|p1a: Hamlet's Dad\n|-damage|p1a: Hamlet's Dad|88\/100\n|-resisted|p1a: Hamlet's Dad\n|-damage|p1a: Hamlet's Dad|88\/100\n|-resisted|p1a: Hamlet's Dad\n|-damage|p1a: Hamlet's Dad|87\/100\n|-hitcount|p1a: Hamlet's Dad|5\n|move|p1a: Hamlet's Dad|Rage Fist|p2a: Wo-Chien\n|-damage|p2a: Wo-Chien|16\/100\n|move|p2a: Wo-Chien|Leech Seed|p1a: Hamlet's Dad|[miss]\n|-miss|p2a: Wo-Chien|p1a: Hamlet's Dad\n|\n|-heal|p1a: Hamlet's Dad|93\/100|[from] item: Leftovers\n|-heal|p2a: Wo-Chien|22\/100|[from] item: Leftovers\n|-sideend|p2: catsue|move: Light Screen\n|upkeep\n|turn|11\n|-message|catsue forfeited.\n|\n|win|Haxxson\n|raw|Haxxson's rating: 1167 → 1192<\/strong> (+25 for winning)\n|raw|catsue's rating: 1166 → 1141<\/strong> (-25 for losing)\n|l|\u2606catsue\n","uploadtime":1682523415,"views":23,"p1id":"haxxson","p2id":"catsue","formatid":"gen9vgc2023regulationc","rating":1141,"private":0,"password":""}