{"id":"gen9vgc2023regulationc-1861632486","p1":"Fhoii","p2":"XxKillGore642xX","format":"[Gen 9] VGC 2023 Regulation C","log":"|j|\u2606Fhoii\n|j|\u2606XxKillGore642xX\n|t:|1683785055\n|gametype|doubles\n|player|p1|Fhoii|acetrainersnow|1000\n|player|p2|XxKillGore642xX|101|1001\n|teamsize|p1|6\n|teamsize|p2|6\n|gen|9\n|tier|[Gen 9] VGC 2023 Regulation C\n|rated|\n|rule|Species Clause: Limit one of each Pok\u00e9mon\n|rule|Item Clause: Limit one of each item\n|clearpoke\n|poke|p1|Flutter Mane, L50|\n|poke|p1|Kingambit, L50, M|\n|poke|p1|Iron Bundle, L50|\n|poke|p1|Arcanine, L50, M|\n|poke|p1|Great Tusk, L50|\n|poke|p1|Corviknight, L50, M|\n|poke|p2|Torkoal, L50, F|\n|poke|p2|Arcanine, L50, M|\n|poke|p2|Sandy Shocks, L50|\n|poke|p2|Dachsbun, L50, M|\n|poke|p2|Arboliva, L50, M|\n|poke|p2|Chi-Yu, L50|\n|teampreview|4\n|\n|t:|1683785095\n|start\n|switch|p1a: Peele|Iron Bundle, L50|100\/100\n|switch|p1b: Tic-tac|Great Tusk, L50|100\/100\n|switch|p2a: Chi-Yu|Chi-Yu, L50|100\/100\n|switch|p2b: Torkoal|Torkoal, L50, F|100\/100\n|-ability|p2a: Chi-Yu|Beads of Ruin\n|-weather|SunnyDay|[from] ability: Drought|[of] p2b: Torkoal\n|-activate|p1b: Tic-tac|ability: Protosynthesis\n|-start|p1b: Tic-tac|protosynthesisatk\n|-enditem|p1a: Peele|Booster Energy\n|-activate|p1a: Peele|ability: Quark Drive|[fromitem]\n|-start|p1a: Peele|quarkdrivespe\n|turn|1\n|\n|t:|1683785144\n|move|p1a: Peele|Protect|p1a: Peele\n|-singleturn|p1a: Peele|Protect\n|move|p1b: Tic-tac|Earthquake|p2a: Chi-Yu|[spread] p2a,p2b\n|-activate|p1a: Peele|move: Protect\n|-supereffective|p2a: Chi-Yu\n|-supereffective|p2b: Torkoal\n|-damage|p2a: Chi-Yu|0 fnt\n|-damage|p2b: Torkoal|28\/100\n|faint|p2a: Chi-Yu\n|move|p2b: Torkoal|Lava Plume|p1b: Tic-tac|[spread] p1b\n|-activate|p1a: Peele|move: Protect\n|-damage|p1b: Tic-tac|28\/100\n|\n|-weather|SunnyDay|[upkeep]\n|upkeep\n|\n|t:|1683785160\n|switch|p2a: Arboliva|Arboliva, L50, M|100\/100\n|turn|2\n|\n|t:|1683785173\n|-terastallize|p2a: Arboliva|Fairy\n|move|p1a: Peele|Icy Wind|p2a: Arboliva|[spread] p2a,p2b\n|-resisted|p2b: Torkoal\n|-damage|p2a: Arboliva|82\/100\n|-damage|p2b: Torkoal|14\/100\n|-unboost|p2a: Arboliva|spe|1\n|-unboost|p2b: Torkoal|spe|1\n|move|p1b: Tic-tac|Close Combat|p2b: Torkoal\n|-damage|p2b: Torkoal|0 fnt\n|-unboost|p1b: Tic-tac|def|1\n|-unboost|p1b: Tic-tac|spd|1\n|faint|p2b: Torkoal\n|move|p2a: Arboliva|Dazzling Gleam|p1a: Peele|[spread] p1a,p1b\n|-supereffective|p1b: Tic-tac\n|-damage|p1a: Peele|50\/100\n|-damage|p1b: Tic-tac|0 fnt\n|faint|p1b: Tic-tac\n|-end|p1b: Tic-tac|Protosynthesis|[silent]\n|\n|-weather|SunnyDay|[upkeep]\n|upkeep\n|\n|t:|1683785197\n|switch|p1b: Arcanine|Arcanine, L50, M|100\/100\n|switch|p2b: Arcanine|Arcanine, L50, M|100\/100\n|-ability|p1b: Arcanine|Intimidate|boost\n|-unboost|p2a: Arboliva|atk|1\n|-unboost|p2b: Arcanine|atk|1\n|turn|3\n|\n|t:|1683785223\n|move|p1a: Peele|Hydro Pump|p2b: Arcanine\n|-supereffective|p2b: Arcanine\n|-damage|p2b: Arcanine|37\/100\n|move|p2b: Arcanine|Morning Sun|p2b: Arcanine\n|-heal|p2b: Arcanine|100\/100\n|move|p1b: Arcanine|Flare Blitz|p2a: Arboliva\n|-damage|p2a: Arboliva|12\/100\n|-status|p2a: Arboliva|brn\n|-enditem|p2a: Arboliva|Sitrus Berry|[eat]\n|-heal|p2a: Arboliva|36\/100 brn|[from] item: Sitrus Berry\n|-damage|p1b: Arcanine|81\/100|[from] Recoil\n|move|p2a: Arboliva|Giga Drain|p1a: Peele\n|-supereffective|p1a: Peele\n|-damage|p1a: Peele|0 fnt\n|-heal|p2a: Arboliva|57\/100 brn|[from] drain|[of] p1a: Peele\n|faint|p1a: Peele\n|-end|p1a: Peele|Quark Drive|[silent]\n|\n|-weather|SunnyDay|[upkeep]\n|-damage|p2a: Arboliva|50\/100 brn|[from] brn\n|-item|p2a: Arboliva|Sitrus Berry|[from] ability: Harvest\n|upkeep\n|-enditem|p2a: Arboliva|Sitrus Berry|[eat]\n|-heal|p2a: Arboliva|75\/100 brn|[from] item: Sitrus Berry\n|\n|t:|1683785247\n|switch|p1a: Smith-Any|Flutter Mane, L50|100\/100\n|-activate|p1a: Smith-Any|ability: Protosynthesis\n|-start|p1a: Smith-Any|protosynthesisspa\n|turn|4\n|\n|t:|1683785267\n|move|p1a: Smith-Any|Dazzling Gleam|p2a: Arboliva|[spread] p2a,p2b\n|-resisted|p2b: Arcanine\n|-damage|p2a: Arboliva|18\/100 brn\n|-damage|p2b: Arcanine|65\/100\n|move|p2b: Arcanine|Flare Blitz|p1a: Smith-Any\n|-damage|p1a: Smith-Any|0 fnt\n|faint|p1a: Smith-Any\n|-end|p1a: Smith-Any|Protosynthesis|[silent]\n|-damage|p2b: Arcanine|42\/100|[from] Recoil\n|-damage|p2b: Arcanine|32\/100|[from] item: Life Orb\n|move|p1b: Arcanine|Flare Blitz|p2a: Arboliva\n|-damage|p2a: Arboliva|0 fnt\n|faint|p2a: Arboliva\n|-damage|p1b: Arcanine|76\/100|[from] Recoil\n|\n|-weather|SunnyDay|[upkeep]\n|upkeep\n|turn|5\n|\n|t:|1683785291\n|move|p1b: Arcanine|Extreme Speed|p2b: Arcanine\n|-damage|p2b: Arcanine|7\/100\n|move|p2b: Arcanine|Morning Sun|p2b: Arcanine\n|-heal|p2b: Arcanine|73\/100\n|\n|-weather|none\n|upkeep\n|turn|6\n|\n|t:|1683785302\n|move|p2b: Arcanine|Morning Sun|p2b: Arcanine\n|-heal|p2b: Arcanine|100\/100\n|move|p1b: Arcanine|Psychic Fangs|p2b: Arcanine\n|-damage|p2b: Arcanine|71\/100\n|\n|upkeep\n|turn|7\n|\n|t:|1683785313\n|move|p2b: Arcanine|Wild Charge|p1b: Arcanine\n|-damage|p1b: Arcanine|52\/100\n|-damage|p2b: Arcanine|64\/100|[from] Recoil\n|-damage|p2b: Arcanine|55\/100|[from] item: Life Orb\n|move|p1b: Arcanine|Psychic Fangs|p2b: Arcanine\n|-damage|p2b: Arcanine|25\/100\n|\n|upkeep\n|turn|8\n|\n|t:|1683785324\n|move|p1b: Arcanine|Extreme Speed|p2b: Arcanine\n|-damage|p2b: Arcanine|1\/100\n|move|p2b: Arcanine|Morning Sun|p2b: Arcanine\n|-heal|p2b: Arcanine|51\/100\n|\n|upkeep\n|turn|9\n|\n|t:|1683785333\n|move|p2b: Arcanine|Morning Sun|p2b: Arcanine\n|-heal|p2b: Arcanine|100\/100\n|move|p1b: Arcanine|Psychic Fangs|p2b: Arcanine\n|-damage|p2b: Arcanine|71\/100\n|\n|upkeep\n|turn|10\n|\n|t:|1683785341\n|move|p2b: Arcanine|Flare Blitz|p1b: Arcanine\n|-resisted|p1b: Arcanine\n|-damage|p1b: Arcanine|30\/100\n|-damage|p2b: Arcanine|63\/100|[from] Recoil\n|-damage|p2b: Arcanine|54\/100|[from] item: Life Orb\n|move|p1b: Arcanine|Psychic Fangs|p2b: Arcanine\n|-damage|p2b: Arcanine|28\/100\n|\n|upkeep\n|turn|11\n|\n|t:|1683785352\n|move|p2b: Arcanine|Morning Sun|p2b: Arcanine\n|-heal|p2b: Arcanine|78\/100\n|move|p1b: Arcanine|Psychic Fangs|p2b: Arcanine\n|-damage|p2b: Arcanine|49\/100\n|\n|upkeep\n|turn|12\n|\n|t:|1683785363\n|move|p2b: Arcanine|Morning Sun|p2b: Arcanine\n|-heal|p2b: Arcanine|98\/100\n|move|p1b: Arcanine|Psychic Fangs|p2b: Arcanine\n|-damage|p2b: Arcanine|71\/100\n|\n|upkeep\n|turn|13\n|\n|t:|1683785375\n|move|p2b: Arcanine|Tera Blast|p1b: Arcanine\n|-damage|p1b: Arcanine|5\/100\n|-enditem|p1b: Arcanine|Aguav Berry|[eat]\n|-heal|p1b: Arcanine|38\/100|[from] item: Aguav Berry\n|-damage|p2b: Arcanine|61\/100|[from] item: Life Orb\n|move|p1b: Arcanine|Psychic Fangs|p2b: Arcanine\n|-damage|p2b: Arcanine|36\/100\n|\n|upkeep\n|turn|14\n|\n|t:|1683785387\n|move|p2b: Arcanine|Tera Blast|p1b: Arcanine\n|-damage|p1b: Arcanine|14\/100\n|-damage|p2b: Arcanine|26\/100|[from] item: Life Orb\n|move|p1b: Arcanine|Psychic Fangs|p2b: Arcanine\n|-damage|p2b: Arcanine|0 fnt\n|faint|p2b: Arcanine\n|\n|win|Fhoii\n|raw|Fhoii's rating: 1000 → 1040<\/strong> (+40 for winning)\n|raw|XxKillGore642xX's rating: 1001 → 1000<\/strong> (-1 for losing)\n|c|\u2606XxKillGore642xX|Gg\n","uploadtime":1683785405,"views":11,"p1id":"fhoii","p2id":"xxkillgore642xx","formatid":"gen9vgc2023regulationc","rating":1000,"private":0,"password":""}