{"id":"gen9vgc2023regulationc-1855660935","p1":"previouslyunnamed","p2":"Bolo01","format":"[Gen 9] VGC 2023 Regulation C","log":"|j|\u2606previouslyunnamed\n|j|\u2606Bolo01\n|t:|1682970798\n|gametype|doubles\n|player|p1|previouslyunnamed|swimmerf-gen4|1299\n|player|p2|Bolo01|265|1363\n|teamsize|p1|6\n|teamsize|p2|6\n|gen|9\n|tier|[Gen 9] VGC 2023 Regulation C\n|rated|\n|rule|Species Clause: Limit one of each Pok\u00e9mon\n|rule|Item Clause: Limit one of each item\n|clearpoke\n|poke|p1|Indeedee-F, L50, F|\n|poke|p1|Hariyama, L50, M|\n|poke|p1|Hatterene, L50, F|\n|poke|p1|Torkoal, L50, M|\n|poke|p1|Oranguru, L50, M|\n|poke|p1|Kingambit, L50, F|\n|poke|p2|Chien-Pao, L50|\n|poke|p2|Garchomp, L50, M|\n|poke|p2|Annihilape, L50, F|\n|poke|p2|Tinkaton, L50, F|\n|poke|p2|Kingambit, L50, F|\n|poke|p2|Honchkrow, L50, M|\n|teampreview|4\n|inactive|Battle timer is ON: inactive players will automatically lose when time's up. (requested by previouslyunnamed)\nBolo01 has agreed to open team sheets.\n|\n|t:|1682970825\n|start\n|switch|p1a: Indeedee|Indeedee-F, L50, F|100\/100\n|switch|p1b: Oranguru|Oranguru, L50, M|100\/100\n|switch|p2a: Garchomp|Garchomp, L50, M|100\/100\n|switch|p2b: Honchkrow|Honchkrow, L50, M|100\/100\n|-fieldstart|move: Psychic Terrain|[from] ability: Psychic Surge|[of] p1a: Indeedee\n|turn|1\n|\n|t:|1682970836\n|move|p1a: Indeedee|Follow Me|p1a: Indeedee\n|-singleturn|p1a: Indeedee|move: Follow Me\n|move|p2a: Garchomp|Earthquake|p1a: Indeedee|[spread] p1a,p1b\n|-immune|p2b: Honchkrow\n|-damage|p1a: Indeedee|47\/100\n|-damage|p1b: Oranguru|50\/100\n|-enditem|p1b: Oranguru|Sitrus Berry|[eat]\n|-heal|p1b: Oranguru|74\/100|[from] item: Sitrus Berry\n|-enditem|p1a: Indeedee|Eject Button\n|-damage|p2a: Garchomp|91\/100|[from] item: Life Orb\n|\n|t:|1682970846\n|switch|p1a: Torkoal|Torkoal, L50, M|100\/100\n|-weather|SunnyDay|[from] ability: Drought|[of] p1a: Torkoal\n|move|p2b: Honchkrow|Night Slash|p1b: Oranguru\n|-supereffective|p1b: Oranguru\n|-crit|p1b: Oranguru\n|-damage|p1b: Oranguru|0 fnt\n|faint|p1b: Oranguru\n|\n|-weather|SunnyDay|[upkeep]\n|upkeep\n|\n|t:|1682970856\n|switch|p1b: Indeedee|Indeedee-F, L50, F|47\/100\n|turn|2\n|\n|t:|1682970872\n|-terastallize|p1b: Indeedee|Grass\n|move|p1a: Torkoal|Protect|p1a: Torkoal\n|-singleturn|p1a: Torkoal|Protect\n|move|p2a: Garchomp|Earthquake|p1a: Torkoal|[spread] p1b\n|-activate|p1a: Torkoal|move: Protect\n|-immune|p2b: Honchkrow\n|-resisted|p1b: Indeedee\n|-crit|p1b: Indeedee\n|-damage|p1b: Indeedee|10\/100\n|-damage|p2a: Garchomp|81\/100|[from] item: Life Orb\n|move|p2b: Honchkrow|Night Slash|p1a: Torkoal\n|-activate|p1a: Torkoal|move: Protect\n|move|p1b: Indeedee|Trick Room|p1b: Indeedee\n|-fieldstart|move: Trick Room|[of] p1b: Indeedee\n|\n|-weather|SunnyDay|[upkeep]\n|upkeep\n|turn|3\n|\n|t:|1682970888\n|move|p2b: Honchkrow|Protect|p2b: Honchkrow\n|-singleturn|p2b: Honchkrow|Protect\n|move|p1a: Torkoal|Eruption|p2a: Garchomp|[spread] p2a\n|-activate|p2b: Honchkrow|move: Protect\n|-resisted|p2a: Garchomp\n|-damage|p2a: Garchomp|30\/100\n|move|p1b: Indeedee|Dazzling Gleam|p2a: Garchomp|[spread] p2a\n|-activate|p2b: Honchkrow|move: Protect\n|-supereffective|p2a: Garchomp\n|-crit|p2a: Garchomp\n|-damage|p2a: Garchomp|0 fnt\n|faint|p2a: Garchomp\n|\n|-weather|SunnyDay|[upkeep]\n|upkeep\n|\n|t:|1682970904\n|switch|p2a: Annihilape|Annihilape, L50, F|100\/100\n|turn|4\n|\n|t:|1682970916\n|-terastallize|p2a: Annihilape|Fire\n|move|p2b: Honchkrow|Protect||[still]\n|-fail|p2b: Honchkrow\n|move|p1a: Torkoal|Eruption|p2b: Honchkrow|[spread] p2a,p2b\n|-resisted|p2a: Annihilape\n|-damage|p2a: Annihilape|61\/100\n|-damage|p2b: Honchkrow|0 fnt\n|faint|p2b: Honchkrow\n|move|p1b: Indeedee|Dazzling Gleam|p2a: Annihilape\n|-resisted|p2a: Annihilape\n|-crit|p2a: Annihilape\n|-damage|p2a: Annihilape|50\/100\n|move|p2a: Annihilape|Rage Fist|p1a: Torkoal\n|-damage|p1a: Torkoal|50\/100\n|\n|-weather|SunnyDay|[upkeep]\n|-heal|p2a: Annihilape|56\/100|[from] item: Leftovers\n|upkeep\n|\n|t:|1682970931\n|switch|p2b: Kingambit|Kingambit, L50, F|100\/100\n|turn|5\n|\n|t:|1682970942\n|switch|p1b: Hariyama|Hariyama, L50, M|100\/100\n|move|p1a: Torkoal|Protect|p1a: Torkoal\n|-singleturn|p1a: Torkoal|Protect\n|move|p2b: Kingambit|Kowtow Cleave|p1b: Hariyama\n|-resisted|p1b: Hariyama\n|-damage|p1b: Hariyama|76\/100\n|move|p2a: Annihilape|Rage Fist|p1a: Torkoal\n|-activate|p1a: Torkoal|move: Protect\n|\n|-weather|none\n|-heal|p2a: Annihilape|62\/100|[from] item: Leftovers\n|-fieldend|move: Psychic Terrain\n|-status|p1b: Hariyama|brn|[from] item: Flame Orb\n|upkeep\n|turn|6\n|\n|t:|1682970964\n|move|p2b: Kingambit|Sucker Punch|p1b: Hariyama\n|-resisted|p1b: Hariyama\n|-damage|p1b: Hariyama|54\/100 brn\n|move|p1a: Torkoal|Flamethrower|p2b: Kingambit\n|-supereffective|p2b: Kingambit\n|-damage|p2b: Kingambit|42\/100\n|move|p1b: Hariyama|Headlong Rush|p2a: Annihilape\n|-supereffective|p2a: Annihilape\n|-damage|p2a: Annihilape|0 fnt\n|-unboost|p1b: Hariyama|def|1\n|-unboost|p1b: Hariyama|spd|1\n|faint|p2a: Annihilape\n|\n|-damage|p1b: Hariyama|48\/100 brn|[from] brn\n|-fieldend|move: Trick Room\n|upkeep\n|turn|7\n|inactive|Bolo01 has 30 seconds left.\n|\n|t:|1682970997\n|move|p2b: Kingambit|Sucker Punch|p1b: Hariyama\n|-resisted|p1b: Hariyama\n|-damage|p1b: Hariyama|17\/100 brn\n|move|p1b: Hariyama|Close Combat|p2b: Kingambit\n|-supereffective|p2b: Kingambit\n|-damage|p2b: Kingambit|0 fnt\n|-unboost|p1b: Hariyama|def|1\n|-unboost|p1b: Hariyama|spd|1\n|faint|p2b: Kingambit\n|\n|win|previouslyunnamed\n|raw|previouslyunnamed's rating: 1299 → 1329<\/strong> (+30 for winning)\n|raw|Bolo01's rating: 1363 → 1339<\/strong> (-24 for losing)\n","uploadtime":1682971026,"views":11,"p1id":"previouslyunnamed","p2id":"bolo01","formatid":"gen9vgc2023regulationc","rating":1329,"private":0,"password":""}