{"id":"gen9vgc2023regulationc-1858152759","p1":"SeydouVGC","p2":"theJ1ggler","format":"[Gen 9] VGC 2023 Regulation C","log":"|j|\u2606SeydouVGC\n|j|\u2606theJ1ggler\n|t:|1683284098\n|gametype|doubles\n|player|p1|SeydouVGC|flint|1075\n|player|p2|theJ1ggler|burglar|1063\n|teamsize|p1|6\n|teamsize|p2|6\n|gen|9\n|tier|[Gen 9] VGC 2023 Regulation C\n|rated|\n|rule|Species Clause: Limit one of each Pok\u00e9mon\n|rule|Item Clause: Limit one of each item\n|clearpoke\n|poke|p1|Ting-Lu, L50|\n|poke|p1|Amoonguss, L50, F|\n|poke|p1|Arcanine, L50, M|\n|poke|p1|Roaring Moon, L50|\n|poke|p1|Garganacl, L50, F|\n|poke|p1|Iron Bundle, L50|\n|poke|p2|Dudunsparce-*, L50, F|\n|poke|p2|Murkrow, L50, M|\n|poke|p2|Flutter Mane, L50|\n|poke|p2|Chien-Pao, L50|\n|poke|p2|Amoonguss, L50, M|\n|poke|p2|Chi-Yu, L50|\n|teampreview|4\n|inactive|Battle timer is ON: inactive players will automatically lose when time's up. (requested by theJ1ggler)\n|inactive|SeydouVGC has 60 seconds left.\n|inactive|theJ1ggler has 60 seconds left.\n|\n|t:|1683284159\n|start\n|switch|p1a: Roaring Moon|Roaring Moon, L50, shiny|100\/100\n|switch|p1b: Garganacl|Garganacl, L50, F|100\/100\n|switch|p2a: One-Crow Murder|Murkrow, L50, M, shiny|100\/100\n|switch|p2b: Dun-Dun-Dun|Dudunsparce-Three-Segment, L50, F, shiny|100\/100\n|-enditem|p1a: Roaring Moon|Booster Energy\n|-activate|p1a: Roaring Moon|ability: Protosynthesis|[fromitem]\n|-start|p1a: Roaring Moon|protosynthesisatk\n|turn|1\n|inactive|theJ1ggler has 30 seconds left.\n|\n|t:|1683284185\n|move|p2a: One-Crow Murder|Tailwind|p2a: One-Crow Murder\n|-sidestart|p2: theJ1ggler|move: Tailwind\n|move|p2b: Dun-Dun-Dun|Coil|p2b: Dun-Dun-Dun\n|-boost|p2b: Dun-Dun-Dun|atk|1\n|-boost|p2b: Dun-Dun-Dun|def|1\n|-boost|p2b: Dun-Dun-Dun|accuracy|1\n|move|p1a: Roaring Moon|Dragon Dance|p1a: Roaring Moon\n|-boost|p1a: Roaring Moon|atk|1\n|-boost|p1a: Roaring Moon|spe|1\n|move|p1b: Garganacl|Stealth Rock|p2b: Dun-Dun-Dun\n|-sidestart|p2: theJ1ggler|move: Stealth Rock\n|\n|upkeep\n|turn|2\n|\n|t:|1683284205\n|-terastallize|p1a: Roaring Moon|Flying\n|move|p2a: One-Crow Murder|Foul Play|p1a: Roaring Moon\n|-damage|p1a: Roaring Moon|10\/100\n|move|p2b: Dun-Dun-Dun|Rock Slide|p1b: Garganacl|[spread] p1a,p1b\n|-supereffective|p1a: Roaring Moon\n|-damage|p1a: Roaring Moon|0 fnt\n|-damage|p1b: Garganacl|86\/100\n|faint|p1a: Roaring Moon\n|-end|p1a: Roaring Moon|Protosynthesis|[silent]\n|move|p1b: Garganacl|Salt Cure|p2b: Dun-Dun-Dun\n|-damage|p2b: Dun-Dun-Dun|91\/100\n|-start|p2b: Dun-Dun-Dun|Salt Cure\n|\n|-heal|p1b: Garganacl|92\/100|[from] item: Leftovers\n|-damage|p2b: Dun-Dun-Dun|79\/100|[from] Salt Cure\n|upkeep\n|\n|t:|1683284222\n|switch|p1a: Ting-Lu|Ting-Lu, L50|100\/100\n|-ability|p1a: Ting-Lu|Vessel of Ruin\n|turn|3\n|\n|t:|1683284240\n|switch|p2a: Pao-Pao|Chien-Pao, L50|100\/100\n|-damage|p2a: Pao-Pao|75\/100|[from] Stealth Rock\n|-ability|p2a: Pao-Pao|Sword of Ruin\n|move|p2b: Dun-Dun-Dun|Rock Slide|p1a: Ting-Lu|[spread] p1a,p1b\n|-resisted|p1a: Ting-Lu\n|-damage|p1a: Ting-Lu|92\/100\n|-damage|p1b: Garganacl|72\/100\n|cant|p1a: Ting-Lu|flinch\n|cant|p1b: Garganacl|flinch\n|\n|-heal|p1b: Garganacl|77\/100|[from] item: Leftovers\n|-damage|p2b: Dun-Dun-Dun|66\/100|[from] Salt Cure\n|upkeep\n|turn|4\n|\n|t:|1683284264\n|move|p2a: Pao-Pao|Ice Spinner|p1a: Ting-Lu\n|-supereffective|p1a: Ting-Lu\n|-damage|p1a: Ting-Lu|27\/100\n|move|p2b: Dun-Dun-Dun|Rock Slide|p1a: Ting-Lu|[spread] p1a,p1b\n|-resisted|p1a: Ting-Lu\n|-damage|p1a: Ting-Lu|19\/100\n|-damage|p1b: Garganacl|58\/100\n|move|p1a: Ting-Lu|Heavy Slam|p2a: Pao-Pao\n|-supereffective|p2a: Pao-Pao\n|-damage|p2a: Pao-Pao|0 fnt\n|faint|p2a: Pao-Pao\n|cant|p1b: Garganacl|flinch\n|\n|-heal|p1b: Garganacl|63\/100|[from] item: Leftovers\n|-damage|p2b: Dun-Dun-Dun|54\/100|[from] Salt Cure\n|-sideend|p2: theJ1ggler|move: Tailwind\n|upkeep\n|\n|t:|1683284281\n|switch|p2a: One-Crow Murder|Murkrow, L50, M, shiny|100\/100\n|-damage|p2a: One-Crow Murder|76\/100|[from] Stealth Rock\n|turn|5\n|inactive|SeydouVGC has 30 seconds left.\n|inactive|theJ1ggler has 30 seconds left.\n|inactive|SeydouVGC has 20 seconds left.\n|\n|t:|1683284317\n|switch|p1a: Amoonguss|Amoonguss, L50, F, shiny|100\/100\n|move|p2a: One-Crow Murder|Foul Play|p1a: Amoonguss\n|-damage|p1a: Amoonguss|81\/100\n|move|p2b: Dun-Dun-Dun|Rock Slide|p1b: Garganacl|[spread] p1a,p1b\n|-crit|p1b: Garganacl\n|-damage|p1a: Amoonguss|64\/100\n|-damage|p1b: Garganacl|43\/100\n|cant|p1b: Garganacl|flinch\n|\n|-heal|p1b: Garganacl|48\/100|[from] item: Leftovers\n|-damage|p2b: Dun-Dun-Dun|41\/100|[from] Salt Cure\n|upkeep\n|turn|6\n|\n|t:|1683284333\n|switch|p2b: Yu-Ded|Chi-Yu, L50|100\/100\n|-damage|p2b: Yu-Ded|76\/100|[from] Stealth Rock\n|-ability|p2b: Yu-Ded|Beads of Ruin\n|move|p2a: One-Crow Murder|Taunt|p1a: Amoonguss\n|-start|p1a: Amoonguss|move: Taunt\n|move|p1b: Garganacl|Recover|p1b: Garganacl\n|-heal|p1b: Garganacl|99\/100\n|cant|p1a: Amoonguss|move: Taunt|Spore\n|\n|-heal|p1b: Garganacl|100\/100|[from] item: Leftovers\n|upkeep\n|turn|7\n|\n|t:|1683284346\n|switch|p1a: Ting-Lu|Ting-Lu, L50|19\/100\n|-ability|p1a: Ting-Lu|Vessel of Ruin\n|move|p2a: One-Crow Murder|Taunt|p1b: Garganacl\n|-start|p1b: Garganacl|move: Taunt\n|move|p2b: Yu-Ded|Psychic|p1a: Ting-Lu\n|-immune|p1a: Ting-Lu\n|move|p1b: Garganacl|Salt Cure|p2b: Yu-Ded\n|-supereffective|p2b: Yu-Ded\n|-damage|p2b: Yu-Ded|33\/100\n|-start|p2b: Yu-Ded|Salt Cure\n|\n|-damage|p2b: Yu-Ded|21\/100|[from] Salt Cure\n|upkeep\n|turn|8\n|\n|t:|1683284362\n|switch|p1a: Amoonguss|Amoonguss, L50, F, shiny|97\/100\n|move|p2b: Yu-Ded|Psychic|p1b: Garganacl\n|-damage|p1b: Garganacl|72\/100\n|move|p2a: One-Crow Murder|Foul Play|p1a: Amoonguss\n|-damage|p1a: Amoonguss|78\/100\n|move|p1b: Garganacl|Salt Cure|p2a: One-Crow Murder\n|-supereffective|p2a: One-Crow Murder\n|-damage|p2a: One-Crow Murder|40\/100\n|-start|p2a: One-Crow Murder|Salt Cure\n|\n|-heal|p1b: Garganacl|78\/100|[from] item: Leftovers\n|-damage|p2b: Yu-Ded|9\/100|[from] Salt Cure\n|-damage|p2a: One-Crow Murder|28\/100|[from] Salt Cure\n|upkeep\n|turn|9\n|\n|t:|1683284382\n|switch|p1b: Ting-Lu|Ting-Lu, L50|19\/100\n|-ability|p1b: Ting-Lu|Vessel of Ruin\n|move|p1a: Amoonguss|Protect|p1a: Amoonguss\n|-singleturn|p1a: Amoonguss|Protect\n|move|p2a: One-Crow Murder|Taunt|p1a: Amoonguss\n|-activate|p1a: Amoonguss|move: Protect\n|move|p2b: Yu-Ded|Psychic|p1b: Ting-Lu\n|-immune|p1b: Ting-Lu\n|\n|-damage|p2b: Yu-Ded|0 fnt|[from] Salt Cure\n|faint|p2b: Yu-Ded\n|-damage|p2a: One-Crow Murder|16\/100|[from] Salt Cure\n|upkeep\n|\n|t:|1683284385\n|switch|p2b: Dun-Dun-Dun|Dudunsparce-Three-Segment, L50, F, shiny|41\/100\n|-damage|p2b: Dun-Dun-Dun|29\/100|[from] Stealth Rock\n|turn|10\n|\n|t:|1683284409\n|switch|p1b: Garganacl|Garganacl, L50, F|78\/100\n|move|p2a: One-Crow Murder|Foul Play|p1b: Garganacl\n|-damage|p1b: Garganacl|56\/100\n|move|p2b: Dun-Dun-Dun|Coil|p2b: Dun-Dun-Dun\n|-boost|p2b: Dun-Dun-Dun|atk|1\n|-boost|p2b: Dun-Dun-Dun|def|1\n|-boost|p2b: Dun-Dun-Dun|accuracy|1\n|move|p1a: Amoonguss|Pollen Puff|p1b: Garganacl\n|-heal|p1b: Garganacl|100\/100\n|\n|-damage|p2a: One-Crow Murder|4\/100|[from] Salt Cure\n|upkeep\n|turn|11\n|inactive|SeydouVGC has 30 seconds left.\n|inactive|SeydouVGC has 20 seconds left.\n|inactive|SeydouVGC has 15 seconds left.\n|inactive|SeydouVGC has 10 seconds left.\n|inactive|SeydouVGC has 5 seconds left.\n|\n|t:|1683284464\n|move|p2a: One-Crow Murder|Foul Play|p1b: Garganacl\n|-damage|p1b: Garganacl|76\/100\n|move|p2b: Dun-Dun-Dun|Rock Slide|p1a: Amoonguss|[spread] p1a,p1b\n|-crit|p1a: Amoonguss\n|-damage|p1a: Amoonguss|54\/100\n|-damage|p1b: Garganacl|62\/100\n|cant|p1b: Garganacl|flinch\n|cant|p1a: Amoonguss|flinch\n|\n|-heal|p1b: Garganacl|68\/100|[from] item: Leftovers\n|-damage|p2a: One-Crow Murder|0 fnt|[from] Salt Cure\n|faint|p2a: One-Crow Murder\n|upkeep\n|turn|12\n|inactive|SeydouVGC has 30 seconds left.\n|\n|t:|1683284496\n|move|p2b: Dun-Dun-Dun|Rock Slide|p1a: Amoonguss|[spread] p1a,p1b\n|-crit|p1a: Amoonguss\n|-damage|p1a: Amoonguss|30\/100\n|-damage|p1b: Garganacl|54\/100\n|-enditem|p1a: Amoonguss|Sitrus Berry|[eat]\n|-heal|p1a: Amoonguss|56\/100|[from] item: Sitrus Berry\n|move|p1b: Garganacl|Salt Cure|p2b: Dun-Dun-Dun\n|-damage|p2b: Dun-Dun-Dun|18\/100\n|-start|p2b: Dun-Dun-Dun|Salt Cure\n|cant|p1a: Amoonguss|flinch\n|\n|-heal|p1b: Garganacl|60\/100|[from] item: Leftovers\n|-damage|p2b: Dun-Dun-Dun|6\/100|[from] Salt Cure\n|upkeep\n|turn|13\n|c|\u2606theJ1ggler|gg\n|c|\u2606SeydouVGC|gg\n|\n|t:|1683284513\n|move|p1b: Garganacl|Protect|p1b: Garganacl\n|-singleturn|p1b: Garganacl|Protect\n|move|p1a: Amoonguss|Protect|p1a: Amoonguss\n|-singleturn|p1a: Amoonguss|Protect\n|move|p2b: Dun-Dun-Dun|Rock Slide|p1b: Garganacl|[spread] \n|-activate|p1a: Amoonguss|move: Protect\n|-activate|p1b: Garganacl|move: Protect\n|\n|-heal|p1b: Garganacl|66\/100|[from] item: Leftovers\n|-damage|p2b: Dun-Dun-Dun|0 fnt|[from] Salt Cure\n|faint|p2b: Dun-Dun-Dun\n|\n|win|SeydouVGC\n|upkeep\n|raw|SeydouVGC's rating: 1075 → 1103<\/strong> (+28 for winning)\n|raw|theJ1ggler's rating: 1063 → 1044<\/strong> (-19 for losing)\n|l|\u2606theJ1ggler\n","uploadtime":1683284526,"views":18,"p1id":"seydouvgc","p2id":"thej1ggler","formatid":"gen9vgc2023regulationc","rating":1044,"private":0,"password":""}