{"id":"gen9vgc2023regulationc-1846528002","p1":"FlamingRaccoonVGC","p2":"Veiv","format":"[Gen 9] VGC 2023 Regulation C","log":"|j|\u2606FlamingRaccoonVGC\n|j|\u2606Veiv\n|t:|1681848612\n|gametype|doubles\n|player|p1|FlamingRaccoonVGC|rika|\n|player|p2|Veiv|cynthia-gen4|\n|teamsize|p1|6\n|teamsize|p2|6\n|gen|9\n|tier|[Gen 9] VGC 2023 Regulation C\n|rule|Species Clause: Limit one of each Pok\u00e9mon\n|rule|Item Clause: Limit one of each item\n|clearpoke\n|poke|p1|Palafin, L50, M|\n|poke|p1|Glimmora, L50, F|\n|poke|p1|Arcanine, L50, M|\n|poke|p1|Wo-Chien, L50|\n|poke|p1|Ting-Lu, L50|\n|poke|p1|Flutter Mane, L50|\n|poke|p2|Spiritomb, L50, F|\n|poke|p2|Chien-Pao, L50|\n|poke|p2|Ting-Lu, L50|\n|poke|p2|Brute Bonnet, L50|\n|poke|p2|Iron Jugulis, L50|\n|poke|p2|Kingambit, L50, M|\n|teampreview|4\nVeiv has agreed to open team sheets.\nFlamingRaccoonVGC has agreed to open team sheets.\n|j| ilfato_vgc\n|\n|t:|1681848712\n|start\n|switch|p1a: Palafin|Palafin, L50, M|100\/100\n|switch|p1b: Ting-Lu|Ting-Lu, L50|100\/100\n|switch|p2a: Chien-Pao|Chien-Pao, L50|100\/100\n|switch|p2b: Iron Jugulis|Iron Jugulis, L50|100\/100\n|-ability|p2a: Chien-Pao|Sword of Ruin\n|-ability|p1b: Ting-Lu|Vessel of Ruin\n|-enditem|p2b: Iron Jugulis|Booster Energy\n|-activate|p2b: Iron Jugulis|ability: Quark Drive|[fromitem]\n|-start|p2b: Iron Jugulis|quarkdrivespe\n|turn|1\n|\n|t:|1681848787\n|detailschange|p1a: Palafin|Palafin-Hero, L50, M\n|switch|p1a: Arcanine|Arcanine, L50, M|100\/100\n|-ability|p1a: Arcanine|Intimidate|boost\n|-unboost|p2a: Chien-Pao|atk|1\n|-unboost|p2b: Iron Jugulis|atk|1\n|move|p2b: Iron Jugulis|Air Slash|p1a: Arcanine\n|-damage|p1a: Arcanine|77\/100\n|move|p2a: Chien-Pao|Ice Spinner|p1b: Ting-Lu\n|-supereffective|p1b: Ting-Lu\n|-damage|p1b: Ting-Lu|62\/100\n|move|p1b: Ting-Lu|Body Press|p2a: Chien-Pao\n|-supereffective|p2a: Chien-Pao\n|-enditem|p2a: Chien-Pao|Focus Sash\n|-damage|p2a: Chien-Pao|1\/100\n|\n|upkeep\n|turn|2\n|c|\u2606FlamingRaccoonVGC|https:\/\/pokepast.es\/6475ec589721a174\n|\n|t:|1681848824\n|move|p1a: Arcanine|Extreme Speed|p2a: Chien-Pao\n|-damage|p2a: Chien-Pao|0 fnt\n|faint|p2a: Chien-Pao\n|move|p2b: Iron Jugulis|Air Slash|p1a: Arcanine\n|-damage|p1a: Arcanine|54\/100\n|move|p1b: Ting-Lu|Stealth Rock|p2b: Iron Jugulis\n|-sidestart|p2: Veiv|move: Stealth Rock\n|\n|upkeep\n|\n|t:|1681848838\n|switch|p2a: Brute Bonnet|Brute Bonnet, L50|100\/100\n|-damage|p2a: Brute Bonnet|88\/100|[from] Stealth Rock\n|turn|3\n|\n|t:|1681848855\n|move|p2b: Iron Jugulis|Air Slash|p1a: Arcanine\n|-damage|p1a: Arcanine|30\/100\n|cant|p1a: Arcanine|flinch\n|move|p2a: Brute Bonnet|Spore|p1b: Ting-Lu\n|-status|p1b: Ting-Lu|slp|[from] move: Spore\n|cant|p1b: Ting-Lu|slp\n|\n|upkeep\n|turn|4\n|\n|t:|1681848871\n|move|p2a: Brute Bonnet|Protect|p2a: Brute Bonnet\n|-singleturn|p2a: Brute Bonnet|Protect\n|move|p2b: Iron Jugulis|Air Slash|p1a: Arcanine\n|-damage|p1a: Arcanine|8\/100\n|cant|p1a: Arcanine|flinch\n|cant|p1b: Ting-Lu|slp\n|\n|upkeep\n|turn|5\n|\n|t:|1681848888\n|move|p1a: Arcanine|Protect|p1a: Arcanine\n|-singleturn|p1a: Arcanine|Protect\n|move|p2b: Iron Jugulis|Air Slash|p1b: Ting-Lu\n|-damage|p1b: Ting-Lu|42\/100 slp\n|-enditem|p1b: Ting-Lu|Sitrus Berry|[eat]\n|-heal|p1b: Ting-Lu|67\/100 slp|[from] item: Sitrus Berry\n|move|p2a: Brute Bonnet|Crunch|p1a: Arcanine\n|-activate|p1a: Arcanine|move: Protect\n|cant|p1b: Ting-Lu|slp\n|\n|upkeep\n|turn|6\n|\n|t:|1681848905\n|move|p1a: Arcanine|Extreme Speed|p2b: Iron Jugulis\n|-damage|p2b: Iron Jugulis|75\/100\n|move|p2b: Iron Jugulis|Snarl|p1b: Ting-Lu|[spread] p1a,p1b\n|-resisted|p1b: Ting-Lu\n|-damage|p1a: Arcanine|0 fnt\n|-damage|p1b: Ting-Lu|63\/100 slp\n|-unboost|p1b: Ting-Lu|spa|1\n|faint|p1a: Arcanine\n|move|p2a: Brute Bonnet|Bullet Seed|p1b: Ting-Lu\n|-supereffective|p1b: Ting-Lu\n|-damage|p1b: Ting-Lu|46\/100 slp\n|-supereffective|p1b: Ting-Lu\n|-damage|p1b: Ting-Lu|30\/100 slp\n|-supereffective|p1b: Ting-Lu\n|-damage|p1b: Ting-Lu|13\/100 slp\n|-supereffective|p1b: Ting-Lu\n|-damage|p1b: Ting-Lu|0 fnt\n|faint|p1b: Ting-Lu\n|-hitcount|p1: Ting-Lu|4\n|\n|upkeep\n|\n|t:|1681848920\n|switch|p1a: Palafin|Palafin-Hero, L50, M|100\/100\n|switch|p1b: Flutter Mane|Flutter Mane, L50|100\/100\n|-activate|p1a: Palafin|ability: Zero to Hero\n|-enditem|p1b: Flutter Mane|Booster Energy\n|-activate|p1b: Flutter Mane|ability: Protosynthesis|[fromitem]\n|-start|p1b: Flutter Mane|protosynthesisspe\n|turn|7\n|\n|t:|1681848942\n|-terastallize|p2a: Brute Bonnet|Water\n|move|p1a: Palafin|Protect|p1a: Palafin\n|-singleturn|p1a: Palafin|Protect\n|move|p1b: Flutter Mane|Moonblast|p2b: Iron Jugulis\n|-supereffective|p2b: Iron Jugulis\n|-damage|p2b: Iron Jugulis|0 fnt\n|faint|p2b: Iron Jugulis\n|-end|p2b: Iron Jugulis|Quark Drive|[silent]\n|move|p2a: Brute Bonnet|Bullet Seed|p1a: Palafin\n|-activate|p1a: Palafin|move: Protect\n|\n|upkeep\n|\n|t:|1681848949\n|switch|p2b: Ting-Lu|Ting-Lu, L50|100\/100\n|-damage|p2b: Ting-Lu|94\/100|[from] Stealth Rock\n|-ability|p2b: Ting-Lu|Vessel of Ruin\n|turn|8\n|\n|t:|1681848970\n|-terastallize|p1a: Palafin|Water\n|move|p1b: Flutter Mane|Shadow Ball|p2a: Brute Bonnet\n|-damage|p2a: Brute Bonnet|64\/100\n|move|p1a: Palafin|Wave Crash|p2b: Ting-Lu\n|-supereffective|p2b: Ting-Lu\n|-damage|p2b: Ting-Lu|0 fnt\n|faint|p2b: Ting-Lu\n|-damage|p1a: Palafin|60\/100|[from] Recoil\n|move|p2a: Brute Bonnet|Bullet Seed|p1a: Palafin\n|-supereffective|p1a: Palafin\n|-damage|p1a: Palafin|32\/100\n|-supereffective|p1a: Palafin\n|-damage|p1a: Palafin|5\/100\n|-supereffective|p1a: Palafin\n|-damage|p1a: Palafin|0 fnt\n|faint|p1a: Palafin\n|-hitcount|p1: Palafin|3\n|\n|upkeep\n|turn|9\n|\n|t:|1681848998\n|move|p1b: Flutter Mane|Moonblast|p2a: Brute Bonnet\n|-damage|p2a: Brute Bonnet|24\/100\n|move|p2a: Brute Bonnet|Bullet Seed|p1b: Flutter Mane\n|-damage|p1b: Flutter Mane|74\/100\n|-damage|p1b: Flutter Mane|47\/100\n|-damage|p1b: Flutter Mane|18\/100\n|-damage|p1b: Flutter Mane|0 fnt\n|faint|p1b: Flutter Mane\n|-end|p1b: Flutter Mane|Protosynthesis|[silent]\n|-hitcount|p1: Flutter Mane|4\n|\n|win|Veiv\n|l|\u2606Veiv\n|l| ilfato_vgc\n","uploadtime":1681849359,"views":13,"p1id":"flamingraccoonvgc","p2id":"veiv","formatid":"gen9vgc2023regulationc","rating":0,"private":0,"password":""}