{"id":"gen9vgc2023regulationc-1847159355","p1":"Hadrian1917","p2":"SydKatz","format":"[Gen 9] VGC 2023 Regulation C","log":"|j|\u2606Hadrian1917\n|j|\u2606SydKatz\n|t:|1681923935\n|gametype|doubles\n|player|p1|Hadrian1917|brock|1223\n|player|p2|SydKatz|266|1129\n|teamsize|p1|6\n|teamsize|p2|6\n|gen|9\n|tier|[Gen 9] VGC 2023 Regulation C\n|rated|\n|rule|Species Clause: Limit one of each Pok\u00e9mon\n|rule|Item Clause: Limit one of each item\n|clearpoke\n|poke|p1|Flutter Mane, L50|\n|poke|p1|Arcanine, L50, M|\n|poke|p1|Baxcalibur, L50, M|\n|poke|p1|Ting-Lu, L50|\n|poke|p1|Gyarados, L50, M|\n|poke|p1|Amoonguss, L50, M|\n|poke|p2|Flutter Mane, L50|\n|poke|p2|Iron Bundle, L50|\n|poke|p2|Talonflame, L50, M|\n|poke|p2|Amoonguss, L50, F|\n|poke|p2|Garchomp, L50, F|\n|poke|p2|Kingambit, L50, F|\n|teampreview|4\nSydKatz has agreed to open team sheets.\n|inactive|Battle timer is ON: inactive players will automatically lose when time's up. (requested by SydKatz)\n|\n|t:|1681923992\n|start\n|switch|p1a: Baxcalibur|Baxcalibur, L50, M|100\/100\n|switch|p1b: Arcanine|Arcanine, L50, M|100\/100\n|switch|p2a: Talonflame|Talonflame, L50, M|100\/100\n|switch|p2b: Iron Bundle|Iron Bundle, L50|100\/100\n|-ability|p1b: Arcanine|Intimidate|boost\n|-unboost|p2a: Talonflame|atk|1\n|-unboost|p2b: Iron Bundle|atk|1\n|-enditem|p2b: Iron Bundle|Booster Energy\n|-activate|p2b: Iron Bundle|ability: Quark Drive|[fromitem]\n|-start|p2b: Iron Bundle|quarkdrivespe\n|turn|1\n|inactive|Hadrian1917 has 30 seconds left.\n|\n|t:|1681924020\n|-terastallize|p1b: Arcanine|Flying\n|move|p2a: Talonflame|Tailwind|p2a: Talonflame\n|-sidestart|p2: SydKatz|move: Tailwind\n|move|p2b: Iron Bundle|Hydro Pump|p1b: Arcanine|[miss]\n|-miss|p2b: Iron Bundle|p1b: Arcanine\n|move|p1b: Arcanine|Howl|p1b: Arcanine|[spread] p1a,p1b\n|-boost|p1a: Baxcalibur|atk|1\n|-boost|p1b: Arcanine|atk|1\n|move|p1a: Baxcalibur|Glaive Rush|p2b: Iron Bundle\n|-damage|p2b: Iron Bundle|0 fnt\n|-singlemove|p1a: Baxcalibur|Glaive Rush|[silent]\n|faint|p2b: Iron Bundle\n|-end|p2b: Iron Bundle|Quark Drive|[silent]\n|\n|upkeep\n|\n|t:|1681924039\n|switch|p2b: Flutter Mane|Flutter Mane, L50|100\/100\n|turn|2\n|\n|t:|1681924062\n|move|p1a: Baxcalibur|Protect|p1a: Baxcalibur\n|-singleturn|p1a: Baxcalibur|Protect\n|move|p2b: Flutter Mane|Moonblast|p1a: Baxcalibur\n|-activate|p1a: Baxcalibur|move: Protect\n|move|p2a: Talonflame|Will-O-Wisp|p1b: Arcanine\n|-status|p1b: Arcanine|brn\n|move|p1b: Arcanine|Howl|p1b: Arcanine|[spread] p1a,p1b\n|-boost|p1a: Baxcalibur|atk|1\n|-boost|p1b: Arcanine|atk|1\n|\n|-damage|p1b: Arcanine|94\/100 brn|[from] brn\n|upkeep\n|turn|3\n|inactive|Hadrian1917 has 30 seconds left.\n|inactive|Hadrian1917 has 20 seconds left.\n|\n|t:|1681924099\n|switch|p1b: Ting-Lu|Ting-Lu, L50|100\/100\n|-ability|p1b: Ting-Lu|Vessel of Ruin\n|move|p2b: Flutter Mane|Moonblast|p1a: Baxcalibur\n|-supereffective|p1a: Baxcalibur\n|-damage|p1a: Baxcalibur|1\/100\n|move|p2a: Talonflame|Flare Blitz|p1b: Ting-Lu\n|-damage|p1b: Ting-Lu|86\/100\n|-damage|p2a: Talonflame|94\/100|[from] Recoil\n|move|p1a: Baxcalibur|Icicle Crash|p2b: Flutter Mane\n|-crit|p2b: Flutter Mane\n|-damage|p2b: Flutter Mane|0 fnt\n|faint|p2b: Flutter Mane\n|-end|p2b: Flutter Mane|Protosynthesis|[silent]\n|\n|upkeep\n|\n|t:|1681924114\n|switch|p2b: Garchomp|Garchomp, L50, F|100\/100\n|turn|4\n|inactive|Hadrian1917 has 30 seconds left.\n|inactive|Hadrian1917 has 20 seconds left.\n|\n|t:|1681924149\n|-terastallize|p2b: Garchomp|Fire\n|move|p1a: Baxcalibur|Ice Shard|p2b: Garchomp\n|-resisted|p2b: Garchomp\n|-damage|p2b: Garchomp|78\/100\n|move|p2a: Talonflame|Will-O-Wisp|p1b: Ting-Lu\n|-status|p1b: Ting-Lu|brn\n|move|p2b: Garchomp|Earthquake|p1b: Ting-Lu|[spread] p1a,p1b\n|-immune|p2a: Talonflame\n|-damage|p1a: Baxcalibur|0 fnt\n|-damage|p1b: Ting-Lu|60\/100 brn\n|faint|p1a: Baxcalibur\n|-damage|p2b: Garchomp|68\/100|[from] item: Life Orb\n|move|p1b: Ting-Lu|Heavy Slam|p2b: Garchomp\n|-resisted|p2b: Garchomp\n|-damage|p2b: Garchomp|60\/100\n|-damage|p1b: Ting-Lu|48\/100 brn|[from] ability: Rough Skin|[of] p2b: Garchomp\n|\n|-damage|p1b: Ting-Lu|42\/100 brn|[from] brn\n|-sideend|p2: SydKatz|move: Tailwind\n|upkeep\n|\n|t:|1681924175\n|switch|p1a: Flutter Mane|Flutter Mane, L50|100\/100\n|turn|5\n|\n|t:|1681924186\n|switch|p1b: Arcanine|Arcanine, L50, M, tera:Flying|94\/100 brn\n|-ability|p1b: Arcanine|Intimidate|boost\n|-unboost|p2a: Talonflame|atk|1\n|-unboost|p2b: Garchomp|atk|1\n|move|p2a: Talonflame|Brave Bird|p1a: Flutter Mane\n|-damage|p1a: Flutter Mane|73\/100\n|-damage|p2a: Talonflame|87\/100|[from] Recoil\n|move|p1a: Flutter Mane|Shadow Ball|p2b: Garchomp\n|-damage|p2b: Garchomp|0 fnt\n|faint|p2b: Garchomp\n|\n|-damage|p1b: Arcanine|88\/100 brn|[from] brn\n|upkeep\n|turn|6\n|-message|SydKatz forfeited.\n|\n|win|Hadrian1917\n|raw|Hadrian1917's rating: 1223 → 1241<\/strong> (+18 for winning)\n|raw|SydKatz's rating: 1129 → 1111<\/strong> (-18 for losing)\n|l|\u2606SydKatz\n","uploadtime":1681924204,"views":11,"p1id":"hadrian1917","p2id":"sydkatz","formatid":"gen9vgc2023regulationc","rating":1111,"private":0,"password":""}