{"id":"gen9vgc2023regulationc-1857194278","p1":"TrendanBrendan","p2":"GruffuddH","format":"[Gen 9] VGC 2023 Regulation C","log":"|j|\u2606TrendanBrendan\n|j|\u2606GruffuddH\n|t:|1683156430\n|gametype|doubles\n|player|p1|TrendanBrendan|elio|\n|player|p2|GruffuddH|rika|\n|teamsize|p1|6\n|teamsize|p2|6\n|gen|9\n|tier|[Gen 9] VGC 2023 Regulation C\n|rule|Species Clause: Limit one of each Pok\u00e9mon\n|rule|Item Clause: Limit one of each item\n|clearpoke\n|poke|p1|Arcanine, L50, M|\n|poke|p1|Palafin, L50, F|\n|poke|p1|Amoonguss, L50, F|\n|poke|p1|Flutter Mane, L50|\n|poke|p1|Ting-Lu, L50|\n|poke|p1|Corviknight, L50, F|\n|poke|p2|Orthworm, L50, M|\n|poke|p2|Gastrodon, L50, F|\n|poke|p2|Flutter Mane, L50|\n|poke|p2|Wo-Chien, L50|\n|poke|p2|Arcanine, L50, F|\n|poke|p2|Iron Bundle, L50|\n|teampreview|4\nTrendanBrendan has agreed to open team sheets.\nGruffuddH has agreed to open team sheets.\n|inactive|Battle timer is ON: inactive players will automatically lose when time's up. (requested by TrendanBrendan)\n|inactiveoff|Battle timer is now OFF.\n|\n|t:|1683156929\n|start\n|switch|p1a: Brieze|Palafin, L50, F, shiny|100\/100\n|switch|p1b: Mooshold|Ting-Lu, L50|100\/100\n|switch|p2a: Iron FUMBLE|Iron Bundle, L50|100\/100\n|switch|p2b: BORthworm|Orthworm, L50, M|100\/100\n|-ability|p1b: Mooshold|Vessel of Ruin\n|-enditem|p2a: Iron FUMBLE|Booster Energy\n|-activate|p2a: Iron FUMBLE|ability: Quark Drive|[fromitem]\n|-start|p2a: Iron FUMBLE|quarkdrivespe\n|turn|1\n|\n|t:|1683156992\n|detailschange|p1a: Brieze|Palafin-Hero, L50, F, shiny\n|switch|p1a: Olivo|Arcanine, L50, M|100\/100\n|-ability|p1a: Olivo|Intimidate|boost\n|-unboost|p2a: Iron FUMBLE|atk|1\n|-unboost|p2b: BORthworm|atk|1\n|switch|p2b: ASStrodon|Gastrodon, L50, F|100\/100\n|-terastallize|p1b: Mooshold|Poison\n|move|p2a: Iron FUMBLE|Hydro Pump|p2b: ASStrodon\n|-activate|p2b: ASStrodon|ability: Storm Drain\n|-ability|p2b: ASStrodon|Storm Drain|boost\n|-boost|p2b: ASStrodon|spa|1\n|move|p1b: Mooshold|Heavy Slam|p2a: Iron FUMBLE\n|-damage|p2a: Iron FUMBLE|54\/100\n|\n|upkeep\n|turn|2\n|\n|t:|1683157034\n|move|p2a: Iron FUMBLE|Freeze-Dry|p1b: Mooshold\n|-damage|p1b: Mooshold|86\/100\n|move|p1a: Olivo|Howl|p1a: Olivo|[spread] p1a,p1b\n|-boost|p1a: Olivo|atk|1\n|-boost|p1b: Mooshold|atk|1\n|move|p2b: ASStrodon|Yawn|p1b: Mooshold\n|-start|p1b: Mooshold|move: Yawn|[of] p2b: ASStrodon\n|move|p1b: Mooshold|Stomping Tantrum|p2b: ASStrodon\n|-damage|p2b: ASStrodon|39\/100\n|\n|upkeep\n|turn|3\n|\n|t:|1683157076\n|switch|p2b: BORthworm|Orthworm, L50, M|100\/100\n|move|p2a: Iron FUMBLE|Icy Wind|p1b: Mooshold|[spread] p1a,p1b\n|-resisted|p1a: Olivo\n|-damage|p1a: Olivo|93\/100\n|-damage|p1b: Mooshold|78\/100\n|-unboost|p1a: Olivo|spe|1\n|-unboost|p1b: Mooshold|spe|1\n|move|p1a: Olivo|Howl|p1a: Olivo|[spread] p1a,p1b\n|-boost|p1a: Olivo|atk|1\n|-boost|p1b: Mooshold|atk|1\n|move|p1b: Mooshold|Stomping Tantrum|p2a: Iron FUMBLE\n|-crit|p2a: Iron FUMBLE\n|-damage|p2a: Iron FUMBLE|0 fnt\n|faint|p2a: Iron FUMBLE\n|-end|p2a: Iron FUMBLE|Quark Drive|[silent]\n|\n|-end|p1b: Mooshold|move: Yawn|[silent]\n|-status|p1b: Mooshold|slp\n|upkeep\n|\n|t:|1683157091\n|switch|p2a: ASStrodon|Gastrodon, L50, F|39\/100\n|turn|4\n|\n|t:|1683157116\n|move|p1a: Olivo|Flare Blitz|p2b: BORthworm\n|-supereffective|p2b: BORthworm\n|-damage|p2b: BORthworm|0 fnt\n|faint|p2b: BORthworm\n|-damage|p1a: Olivo|63\/100|[from] Recoil\n|move|p2a: ASStrodon|Clear Smog|p1b: Mooshold\n|-resisted|p1b: Mooshold\n|-damage|p1b: Mooshold|77\/100 slp\n|-clearboost|p1b: Mooshold\n|cant|p1b: Mooshold|slp\n|\n|upkeep\n|\n|t:|1683157127\n|switch|p2b: ArcaZERO|Arcanine, L50, F|100\/100\n|-ability|p2b: ArcaZERO|Intimidate|boost\n|-unboost|p1a: Olivo|atk|1\n|-unboost|p1b: Mooshold|atk|1\n|turn|5\n|\n|t:|1683157161\n|-terastallize|p2b: ArcaZERO|Normal\n|move|p2b: ArcaZERO|Extreme Speed|p1a: Olivo\n|-damage|p1a: Olivo|32\/100\n|move|p1a: Olivo|Will-O-Wisp|p2a: ASStrodon\n|-status|p2a: ASStrodon|brn\n|move|p2a: ASStrodon|Recover|p2a: ASStrodon\n|-heal|p2a: ASStrodon|89\/100 brn\n|cant|p1b: Mooshold|slp\n|\n|-damage|p2a: ASStrodon|84\/100 brn|[from] brn\n|upkeep\n|turn|6\n|\n|t:|1683157179\n|move|p1a: Olivo|Protect|p1a: Olivo\n|-singleturn|p1a: Olivo|Protect\n|move|p2b: ArcaZERO|Extreme Speed|p1a: Olivo\n|-activate|p1a: Olivo|move: Protect\n|move|p2a: ASStrodon|Earth Power|p1b: Mooshold\n|-supereffective|p1b: Mooshold\n|-damage|p1b: Mooshold|53\/100 slp\n|-curestatus|p1b: Mooshold|slp|[msg]\n|move|p1b: Mooshold|Fissure|p2a: ASStrodon|[miss]\n|-miss|p1b: Mooshold|p2a: ASStrodon\n|\n|-damage|p2a: ASStrodon|78\/100 brn|[from] brn\n|upkeep\n|turn|7\n|\n|t:|1683157201\n|move|p2b: ArcaZERO|Will-O-Wisp|p1b: Mooshold|[miss]\n|-miss|p2b: ArcaZERO|p1b: Mooshold\n|move|p1a: Olivo|Howl|p1a: Olivo|[spread] p1a,p1b\n|-boost|p1a: Olivo|atk|1\n|-boost|p1b: Mooshold|atk|1\n|move|p2a: ASStrodon|Earth Power|p1b: Mooshold\n|-supereffective|p1b: Mooshold\n|-crit|p1b: Mooshold\n|-damage|p1b: Mooshold|17\/100\n|move|p1b: Mooshold|Stomping Tantrum|p2a: ASStrodon\n|-damage|p2a: ASStrodon|0 fnt\n|faint|p2a: ASStrodon\n|\n|upkeep\n|turn|8\n|\n|t:|1683157221\n|move|p2b: ArcaZERO|Extreme Speed|p1b: Mooshold\n|-damage|p1b: Mooshold|0 fnt\n|faint|p1b: Mooshold\n|move|p1a: Olivo|Will-O-Wisp|p2b: ArcaZERO\n|-status|p2b: ArcaZERO|brn\n|\n|-damage|p2b: ArcaZERO|94\/100 brn|[from] brn\n|upkeep\n|\n|t:|1683157231\n|switch|p1b: Wispa|Flutter Mane, L50|100\/100\n|turn|9\n|\n|t:|1683157241\n|move|p1b: Wispa|Moonblast|p2b: ArcaZERO\n|-damage|p2b: ArcaZERO|17\/100 brn\n|move|p2b: ArcaZERO|Howl|p2b: ArcaZERO\n|-boost|p2b: ArcaZERO|atk|1\n|move|p1a: Olivo|Flare Blitz|p2b: ArcaZERO\n|-damage|p2b: ArcaZERO|0 fnt\n|faint|p2b: ArcaZERO\n|-damage|p1a: Olivo|27\/100|[from] Recoil\n|\n|win|TrendanBrendan\n|l|\u2606GruffuddH\n|l|\u2606TrendanBrendan\n|j|\u2606TrendanBrendan\n|player|p1|TrendanBrendan|elio\n","uploadtime":1683157297,"views":14,"p1id":"trendanbrendan","p2id":"gruffuddh","formatid":"gen9vgc2023regulationc","rating":0,"private":0,"password":""}