{"id":"gen9vgc2023regulationc-1861608135","p1":"revocolombia","p2":"Vinsmoke","format":"[Gen 9] VGC 2023 Regulation C","log":"|j|\u2606revocolombia\n|j|\u2606Vinsmoke\n|t:|1683780642\n|gametype|doubles\n|player|p1|revocolombia|169|1342\n|player|p2|Vinsmoke|caitlin|1390\n|teamsize|p1|6\n|teamsize|p2|6\n|gen|9\n|tier|[Gen 9] VGC 2023 Regulation C\n|rated|\n|rule|Species Clause: Limit one of each Pok\u00e9mon\n|rule|Item Clause: Limit one of each item\n|clearpoke\n|poke|p1|Flutter Mane, L50|\n|poke|p1|Great Tusk, L50|\n|poke|p1|Gholdengo, L50|\n|poke|p1|Chien-Pao, L50|\n|poke|p1|Murkrow, L50, F|\n|poke|p1|Baxcalibur, L50, M|\n|poke|p2|Palafin, L50, M|\n|poke|p2|Chi-Yu, L50|\n|poke|p2|Amoonguss, L50, F|\n|poke|p2|Flutter Mane, L50|\n|poke|p2|Iron Bundle, L50|\n|poke|p2|Dragonite, L50, M|\n|teampreview|4\n|inactive|Battle timer is ON: inactive players will automatically lose when time's up. (requested by Vinsmoke)\n|\n|t:|1683780664\n|start\n|switch|p1a: Murkrow|Murkrow, L50, F|100\/100\n|switch|p1b: Great Tusk|Great Tusk, L50|100\/100\n|switch|p2a: Flutter Mane|Flutter Mane, L50|100\/100\n|switch|p2b: Palafin|Palafin, L50, M|100\/100\n|turn|1\n|inactive|revocolombia has 30 seconds left.\n|\n|t:|1683780698\n|-end|p2a: Flutter Mane|Protosynthesis|[silent]\n|switch|p2a: Amoonguss|Amoonguss, L50, F|100\/100\n|-terastallize|p2b: Palafin|Grass\n|-terastallize|p1b: Great Tusk|Fire\n|move|p1a: Murkrow|Sunny Day|p1a: Murkrow\n|-weather|SunnyDay\n|-activate|p1b: Great Tusk|ability: Protosynthesis\n|-start|p1b: Great Tusk|protosynthesisatk\n|move|p2b: Palafin|Wave Crash|p1b: Great Tusk\n|-supereffective|p1b: Great Tusk\n|-damage|p1b: Great Tusk|69\/100\n|-damage|p2b: Palafin|90\/100|[from] Recoil\n|move|p1b: Great Tusk|Earthquake|p2a: Amoonguss|[spread] p2a,p2b\n|-immune|p1a: Murkrow\n|-resisted|p2b: Palafin\n|-damage|p2a: Amoonguss|52\/100\n|-damage|p2b: Palafin|58\/100\n|\n|-weather|SunnyDay|[upkeep]\n|upkeep\n|turn|2\n|\n|t:|1683780721\n|move|p2b: Palafin|Protect|p2b: Palafin\n|-singleturn|p2b: Palafin|Protect\n|move|p1a: Murkrow|Taunt|p2a: Amoonguss\n|-start|p2a: Amoonguss|move: Taunt\n|move|p1b: Great Tusk|Earthquake|p2a: Amoonguss|[spread] p2a\n|-activate|p2b: Palafin|move: Protect\n|-immune|p1a: Murkrow\n|-crit|p2a: Amoonguss\n|-damage|p2a: Amoonguss|0 fnt\n|faint|p2a: Amoonguss\n|\n|-weather|SunnyDay|[upkeep]\n|upkeep\n|\n|t:|1683780728\n|switch|p2a: Iron Bundle|Iron Bundle, L50|100\/100\n|-enditem|p2a: Iron Bundle|Booster Energy\n|-activate|p2a: Iron Bundle|ability: Quark Drive|[fromitem]\n|-start|p2a: Iron Bundle|quarkdrivespe\n|turn|3\n|\n|t:|1683780751\n|detailschange|p2b: Palafin|Palafin-Hero, L50, M, tera:Grass\n|switch|p2b: Flutter Mane|Flutter Mane, L50|100\/100\n|-activate|p2b: Flutter Mane|ability: Protosynthesis\n|-start|p2b: Flutter Mane|protosynthesisspa\n|move|p1a: Murkrow|Tailwind|p1a: Murkrow\n|-sidestart|p1: revocolombia|move: Tailwind\n|move|p2a: Iron Bundle|Hydro Pump|p1b: Great Tusk\n|-supereffective|p1b: Great Tusk\n|-damage|p1b: Great Tusk|1\/100\n|move|p1b: Great Tusk|Earthquake|p2b: Flutter Mane|[spread] p2a,p2b\n|-immune|p1a: Murkrow\n|-damage|p2a: Iron Bundle|39\/100\n|-damage|p2b: Flutter Mane|6\/100\n|\n|-weather|SunnyDay|[upkeep]\n|upkeep\n|turn|4\n|inactive|revocolombia has 30 seconds left.\n|inactive|revocolombia has 20 seconds left.\n|\n|t:|1683780788\n|move|p1a: Murkrow|Haze|p1a: Murkrow\n|-clearallboost\n|move|p2a: Iron Bundle|Icy Wind|p1b: Great Tusk|[spread] p1a,p1b\n|-supereffective|p1a: Murkrow\n|-resisted|p1b: Great Tusk\n|-damage|p1a: Murkrow|57\/100\n|-damage|p1b: Great Tusk|0 fnt\n|-unboost|p1a: Murkrow|spe|1\n|faint|p1b: Great Tusk\n|-end|p1b: Great Tusk|Protosynthesis|[silent]\n|move|p2b: Flutter Mane|Moonblast|p1a: Murkrow\n|-supereffective|p1a: Murkrow\n|-damage|p1a: Murkrow|0 fnt\n|faint|p1a: Murkrow\n|\n|-weather|SunnyDay|[upkeep]\n|upkeep\n|\n|t:|1683780807\n|switch|p1b: Chien-Pao|Chien-Pao, L50|100\/100\n|switch|p1a: Baxcalibur|Baxcalibur, L50, M|100\/100\n|-ability|p1b: Chien-Pao|Sword of Ruin\n|turn|5\n|\n|t:|1683780835\n|move|p2a: Iron Bundle|Protect|p2a: Iron Bundle\n|-singleturn|p2a: Iron Bundle|Protect\n|move|p1a: Baxcalibur|Ice Shard|p2b: Flutter Mane\n|-damage|p2b: Flutter Mane|0 fnt\n|faint|p2b: Flutter Mane\n|-end|p2b: Flutter Mane|Protosynthesis|[silent]\n|-damage|p1a: Baxcalibur|90\/100|[from] item: Life Orb\n|move|p1b: Chien-Pao|Sacred Sword|p2a: Iron Bundle\n|-activate|p2a: Iron Bundle|move: Protect\n|\n|-weather|none\n|upkeep\n|\n|t:|1683780837\n|switch|p2b: Palafin|Palafin-Hero, L50, M, tera:Grass|58\/100\n|-activate|p2b: Palafin|ability: Zero to Hero\n|turn|6\n|\n|t:|1683780860\n|move|p2b: Palafin|Protect|p2b: Palafin\n|-singleturn|p2b: Palafin|Protect\n|move|p1b: Chien-Pao|Sacred Sword|p2a: Iron Bundle\n|-supereffective|p2a: Iron Bundle\n|-damage|p2a: Iron Bundle|0 fnt\n|faint|p2a: Iron Bundle\n|-end|p2a: Iron Bundle|Quark Drive|[silent]\n|move|p1a: Baxcalibur|Glaive Rush|p2b: Palafin\n|-activate|p2b: Palafin|move: Protect\n|\n|-sideend|p1: revocolombia|move: Tailwind\n|upkeep\n|turn|7\n|\n|t:|1683780876\n|move|p1b: Chien-Pao|Ice Shard|p2b: Palafin\n|-supereffective|p2b: Palafin\n|-damage|p2b: Palafin|9\/100\n|move|p1a: Baxcalibur|Ice Shard|p2b: Palafin\n|-supereffective|p2b: Palafin\n|-damage|p2b: Palafin|0 fnt\n|faint|p2b: Palafin\n|-damage|p1a: Baxcalibur|80\/100|[from] item: Life Orb\n|\n|win|revocolombia\n|raw|revocolombia's rating: 1342 → 1365<\/strong> (+23 for winning)\n|raw|Vinsmoke's rating: 1390 → 1367<\/strong> (-23 for losing)\n|l|\u2606Vinsmoke\n","uploadtime":1683780890,"views":16,"p1id":"revocolombia","p2id":"vinsmoke","formatid":"gen9vgc2023regulationc","rating":1365,"private":0,"password":""}