{"id":"gen9vgc2023regulationc-1856775013","p1":"TricksterSDG","p2":"NoahMP3","format":"[Gen 9] VGC 2023 Regulation C","log":"|j|\u2606TricksterSDG\n|j|\u2606NoahMP3\n|t:|1683109509\n|gametype|doubles\n|player|p1|TricksterSDG|102|1089\n|player|p2|NoahMP3|chuck|1121\n|teamsize|p1|6\n|teamsize|p2|6\n|gen|9\n|tier|[Gen 9] VGC 2023 Regulation C\n|rated|\n|rule|Species Clause: Limit one of each Pok\u00e9mon\n|rule|Item Clause: Limit one of each item\n|clearpoke\n|poke|p1|Flutter Mane, L50|\n|poke|p1|Amoonguss, L50, F|\n|poke|p1|Palafin, L50, F|\n|poke|p1|Arcanine, L50, F|\n|poke|p1|Ting-Lu, L50|\n|poke|p1|Roaring Moon, L50|\n|poke|p2|Hatterene, L50, F|\n|poke|p2|Indeedee-F, L50, F|\n|poke|p2|Hariyama, L50, F|\n|poke|p2|Oranguru, L50, M|\n|poke|p2|Torkoal, L50, M|\n|poke|p2|Brute Bonnet, L50|\n|teampreview|4\n|inactive|Battle timer is ON: inactive players will automatically lose when time's up. (requested by NoahMP3)\n|inactive|TricksterSDG has 60 seconds left.\n|inactive|TricksterSDG has 30 seconds left.\n|\n|t:|1683109571\n|start\n|switch|p1a: Amoonguss|Amoonguss, L50, F, shiny|100\/100\n|switch|p1b: Palafin|Palafin, L50, F|100\/100\n|switch|p2a: Indeedee|Indeedee-F, L50, F|100\/100\n|switch|p2b: Hatterene|Hatterene, L50, F|100\/100\n|-fieldstart|move: Psychic Terrain|[from] ability: Psychic Surge|[of] p2a: Indeedee\n|turn|1\n|\n|t:|1683109591\n|detailschange|p1b: Palafin|Palafin-Hero, L50, F\n|switch|p1b: Ting-Lu|Ting-Lu, L50|100\/100\n|-ability|p1b: Ting-Lu|Vessel of Ruin\n|switch|p2a: Brute Bonnet|Brute Bonnet, L50|100\/100\n|-terastallize|p2b: Hatterene|Water\n|move|p1a: Amoonguss|Spore|p2a: Brute Bonnet\n|-immune|p2a: Brute Bonnet\n|move|p2b: Hatterene|Trick Room|p2b: Hatterene\n|-fieldstart|move: Trick Room|[of] p2b: Hatterene\n|\n|upkeep\n|turn|2\n|inactive|TricksterSDG has 30 seconds left.\n|\n|t:|1683109617\n|-terastallize|p1b: Ting-Lu|Poison\n|move|p2b: Hatterene|Dazzling Gleam|p1a: Amoonguss|[spread] p1a,p1b\n|-resisted|p1a: Amoonguss\n|-resisted|p1b: Ting-Lu\n|-damage|p1a: Amoonguss|87\/100\n|-damage|p1b: Ting-Lu|94\/100\n|-damage|p2b: Hatterene|91\/100|[from] item: Life Orb\n|move|p1a: Amoonguss|Spore|p2b: Hatterene\n|move|p2b: Hatterene|Spore|p1a: Amoonguss|[from]ability: Magic Bounce\n|-immune|p1a: Amoonguss\n|move|p1b: Ting-Lu|Stomping Tantrum|p2b: Hatterene\n|-damage|p2b: Hatterene|55\/100\n|move|p2a: Brute Bonnet|Close Combat|p1b: Ting-Lu\n|-resisted|p1b: Ting-Lu\n|-damage|p1b: Ting-Lu|72\/100\n|-unboost|p2a: Brute Bonnet|def|1\n|-unboost|p2a: Brute Bonnet|spd|1\n|\n|upkeep\n|turn|3\n|\n|t:|1683109637\n|-end|p2a: Brute Bonnet|Protosynthesis|[silent]\n|switch|p2a: Indeedee|Indeedee-F, L50, F|100\/100\n|move|p2b: Hatterene|Psyshock|p1b: Ting-Lu\n|-supereffective|p1b: Ting-Lu\n|-damage|p1b: Ting-Lu|4\/100\n|-damage|p2b: Hatterene|46\/100|[from] item: Life Orb\n|move|p1a: Amoonguss|Pollen Puff|p2a: Indeedee\n|-supereffective|p2a: Indeedee\n|-damage|p2a: Indeedee|77\/100\n|move|p1b: Ting-Lu|Stomping Tantrum|p2b: Hatterene\n|-damage|p2b: Hatterene|11\/100\n|\n|upkeep\n|turn|4\n|\n|t:|1683109662\n|switch|p1b: Roaring Moon|Roaring Moon, L50|100\/100\n|-enditem|p1b: Roaring Moon|Booster Energy\n|-activate|p1b: Roaring Moon|ability: Protosynthesis|[fromitem]\n|-start|p1b: Roaring Moon|protosynthesisatk\n|move|p1a: Amoonguss|Protect|p1a: Amoonguss\n|-singleturn|p1a: Amoonguss|Protect\n|move|p2b: Hatterene|Dazzling Gleam|p1b: Roaring Moon|[spread] p1b\n|-activate|p1a: Amoonguss|move: Protect\n|-supereffective|p1b: Roaring Moon\n|-damage|p1b: Roaring Moon|0 fnt\n|faint|p1b: Roaring Moon\n|-end|p1b: Roaring Moon|Protosynthesis|[silent]\n|-damage|p2b: Hatterene|1\/100|[from] item: Life Orb\n|move|p2a: Indeedee|Dazzling Gleam|p1a: Amoonguss\n|-activate|p1a: Amoonguss|move: Protect\n|\n|upkeep\n|\n|t:|1683109675\n|switch|p1b: Palafin|Palafin-Hero, L50, F|100\/100\n|-activate|p1b: Palafin|ability: Zero to Hero\n|turn|5\n|\n|t:|1683109690\n|move|p2b: Hatterene|Psyshock|p1b: Palafin\n|-damage|p1b: Palafin|33\/100\n|-damage|p2b: Hatterene|0 fnt|[from] item: Life Orb\n|faint|p2b: Hatterene\n|move|p1a: Amoonguss|Pollen Puff|p1b: Palafin\n|-heal|p1b: Palafin|83\/100\n|move|p2a: Indeedee|Dazzling Gleam|p1a: Amoonguss|[spread] p1a,p1b\n|-resisted|p1a: Amoonguss\n|-crit|p1a: Amoonguss\n|-damage|p1a: Amoonguss|79\/100\n|-damage|p1b: Palafin|71\/100\n|move|p1b: Palafin|Wave Crash|p2a: Indeedee\n|-damage|p2a: Indeedee|0 fnt\n|faint|p2a: Indeedee\n|-damage|p1b: Palafin|49\/100|[from] Recoil\n|\n|-fieldend|move: Trick Room\n|-fieldend|move: Psychic Terrain\n|upkeep\n|\n|t:|1683109703\n|switch|p2a: Brute Bonnet|Brute Bonnet, L50|100\/100\n|switch|p2b: Torkoal|Torkoal, L50, M|100\/100\n|-weather|SunnyDay|[from] ability: Drought|[of] p2b: Torkoal\n|-activate|p2a: Brute Bonnet|ability: Protosynthesis\n|-start|p2a: Brute Bonnet|protosynthesisatk\n|turn|6\n|inactive|TricksterSDG has 30 seconds left.\n|inactive|TricksterSDG has 20 seconds left.\n|inactive|TricksterSDG has 15 seconds left.\n|\n|t:|1683109744\n|move|p1b: Palafin|Wave Crash|p2b: Torkoal\n|-supereffective|p2b: Torkoal\n|-damage|p2b: Torkoal|25\/100\n|-damage|p1b: Palafin|27\/100|[from] Recoil\n|move|p2a: Brute Bonnet|Zen Headbutt|p1a: Amoonguss\n|-supereffective|p1a: Amoonguss\n|-damage|p1a: Amoonguss|0 fnt\n|faint|p1a: Amoonguss\n|move|p2b: Torkoal|Solar Beam||[still]\n|-prepare|p2b: Torkoal|Solar Beam\n|-anim|p2b: Torkoal|Solar Beam|p1b: Palafin\n|-supereffective|p1b: Palafin\n|-damage|p1b: Palafin|0 fnt\n|faint|p1b: Palafin\n|\n|-weather|SunnyDay|[upkeep]\n|upkeep\n|\n|t:|1683109752\n|switch|p1b: Ting-Lu|Ting-Lu, L50, tera:Poison|4\/100\n|-ability|p1b: Ting-Lu|Vessel of Ruin\n|turn|7\n|\n|t:|1683109762\n|move|p2a: Brute Bonnet|Zen Headbutt|p1b: Ting-Lu\n|-supereffective|p1b: Ting-Lu\n|-damage|p1b: Ting-Lu|0 fnt\n|faint|p1b: Ting-Lu\n|\n|win|NoahMP3\n|raw|TricksterSDG's rating: 1089 → 1068<\/strong> (-21 for losing)\n|raw|NoahMP3's rating: 1121 → 1144<\/strong> (+23 for winning)\n","uploadtime":1683109765,"views":12,"p1id":"trickstersdg","p2id":"noahmp3","formatid":"gen9vgc2023regulationc","rating":1068,"private":0,"password":""}