{"id":"gen9vgc2023regulationc-1863012725","p1":"Igpvala","p2":"S.O Scizors!","format":"[Gen 9] VGC 2023 Regulation C","log":"|j|\u2606Igpvala\n|j|\u2606S.O Scizors!\n|t:|1683952219\n|gametype|doubles\n|player|p1|Igpvala|hugh|1268\n|player|p2|S.O Scizors!|2|1159\n|teamsize|p1|6\n|teamsize|p2|6\n|gen|9\n|tier|[Gen 9] VGC 2023 Regulation C\n|rated|\n|rule|Species Clause: Limit one of each Pok\u00e9mon\n|rule|Item Clause: Limit one of each item\n|clearpoke\n|poke|p1|Vaporeon, L50, F|\n|poke|p1|Garganacl, L50, M|\n|poke|p1|Flutter Mane, L50|\n|poke|p1|Iron Bundle, L50|\n|poke|p1|Iron Hands, L50|\n|poke|p1|Great Tusk, L50|\n|poke|p2|Indeedee-F, L50, F|\n|poke|p2|Armarouge, L50, M|\n|poke|p2|Scream Tail, L50|\n|poke|p2|Farigiraf, L50, F|\n|poke|p2|Gallade, L50, M|\n|poke|p2|Slowbro, L50, F|\n|teampreview|4\n|j| sillymode\nIgpvala has agreed to open team sheets.\n|\n|t:|1683952273\n|start\n|switch|p1a: Garganacl|Garganacl, L50, M, shiny|100\/100\n|switch|p1b: Vaporeon|Vaporeon, L50, F, shiny|100\/100\n|switch|p2a: Indeedee|Indeedee-F, L50, F|100\/100\n|switch|p2b: Armarouge|Armarouge, L50, M|100\/100\n|-fieldstart|move: Psychic Terrain|[from] ability: Psychic Surge|[of] p2a: Indeedee\n|turn|1\n|inactive|Battle timer is ON: inactive players will automatically lose when time's up. (requested by Igpvala)\n|\n|t:|1683952297\n|move|p2a: Indeedee|Helping Hand|p2b: Armarouge\n|-singleturn|p2b: Armarouge|Helping Hand|[of] p2a: Indeedee\n|move|p1a: Garganacl|Wide Guard|p1a: Garganacl\n|-singleturn|p1a: Garganacl|Wide Guard\n|move|p2b: Armarouge|Expanding Force|p1a: Garganacl|[spread] \n|-activate|p1a: Garganacl|move: Wide Guard\n|-activate|p1b: Vaporeon|move: Wide Guard\n|move|p1b: Vaporeon|Yawn|p2b: Armarouge\n|-start|p2b: Armarouge|move: Yawn|[of] p1b: Vaporeon\n|\n|upkeep\n|turn|2\n|inactive|Igpvala has 30 seconds left.\n|inactive|S.O Scizors! has 30 seconds left.\n|\n|t:|1683952324\n|switch|p2b: Gallade|Gallade, L50, M|100\/100\n|move|p2a: Indeedee|Dazzling Gleam|p1a: Garganacl|[spread] p1a,p1b\n|-damage|p1a: Garganacl|91\/100\n|-damage|p1b: Vaporeon|91\/100\n|move|p1b: Vaporeon|Muddy Water|p2a: Indeedee|[spread] p2a,p2b\n|-damage|p2a: Indeedee|74\/100\n|-damage|p2b: Gallade|73\/100\n|move|p1a: Garganacl|Salt Cure|p2b: Gallade\n|-resisted|p2b: Gallade\n|-damage|p2b: Gallade|60\/100\n|\n|-heal|p1b: Vaporeon|97\/100|[from] item: Leftovers\n|upkeep\n|turn|3\n|\n|t:|1683952347\n|-terastallize|p1a: Garganacl|Flying\n|move|p2a: Indeedee|Helping Hand|p2b: Gallade\n|-singleturn|p2b: Gallade|Helping Hand|[of] p2a: Indeedee\n|move|p2b: Gallade|Psycho Cut|p1b: Vaporeon\n|-damage|p1b: Vaporeon|8\/100\n|move|p1b: Vaporeon|Muddy Water|p2a: Indeedee|[spread] p2a,p2b\n|-damage|p2a: Indeedee|50\/100\n|-damage|p2b: Gallade|32\/100\n|move|p1a: Garganacl|Stealth Rock|p2b: Gallade\n|-sidestart|p2: S.O Scizors!|move: Stealth Rock\n|\n|-heal|p1b: Vaporeon|14\/100|[from] item: Leftovers\n|upkeep\n|turn|4\n|\n|t:|1683952365\n|move|p2a: Indeedee|Helping Hand|p2b: Gallade\n|-singleturn|p2b: Gallade|Helping Hand|[of] p2a: Indeedee\n|move|p2b: Gallade|Psycho Cut|p1a: Garganacl\n|-damage|p1a: Garganacl|22\/100\n|move|p1b: Vaporeon|Muddy Water|p2a: Indeedee|[spread] p2a,p2b\n|-damage|p2a: Indeedee|26\/100\n|-damage|p2b: Gallade|5\/100\n|move|p1a: Garganacl|Salt Cure|p2a: Indeedee\n|-damage|p2a: Indeedee|12\/100\n|-start|p2a: Indeedee|Salt Cure\n|\n|-heal|p1b: Vaporeon|21\/100|[from] item: Leftovers\n|-damage|p2a: Indeedee|0 fnt|[from] Salt Cure\n|faint|p2a: Indeedee\n|upkeep\n|\n|t:|1683952387\n|switch|p2a: Scream Tail|Scream Tail, L50|100\/100\n|-damage|p2a: Scream Tail|88\/100|[from] Stealth Rock\n|turn|5\n|\n|t:|1683952397\n|-terastallize|p2a: Scream Tail|Normal\n|move|p2b: Gallade|Protect|p2b: Gallade\n|-singleturn|p2b: Gallade|Protect\n|move|p1b: Vaporeon|Protect|p1b: Vaporeon\n|-singleturn|p1b: Vaporeon|Protect\n|move|p2a: Scream Tail|Boomburst|p1b: Vaporeon|[spread] p1a\n|-activate|p2b: Gallade|move: Protect\n|-activate|p1b: Vaporeon|move: Protect\n|-damage|p1a: Garganacl|6\/100\n|move|p1a: Garganacl|Recover|p1a: Garganacl\n|-heal|p1a: Garganacl|56\/100\n|\n|-heal|p1b: Vaporeon|27\/100|[from] item: Leftovers\n|-fieldend|move: Psychic Terrain\n|upkeep\n|turn|6\n|inactive|Igpvala has 30 seconds left.\n|inactive|S.O Scizors! has 30 seconds left.\n|\n|t:|1683952429\n|move|p2a: Scream Tail|Howl|p2a: Scream Tail|[spread] p2a,p2b\n|-boost|p2a: Scream Tail|atk|1\n|-boost|p2b: Gallade|atk|1\n|move|p2b: Gallade|Psycho Cut|p1a: Garganacl\n|-damage|p1a: Garganacl|2\/100\n|move|p1b: Vaporeon|Muddy Water|p2b: Gallade|[spread] p2a\n|-miss|p1b: Vaporeon|p2b: Gallade\n|-damage|p2a: Scream Tail|69\/100\n|move|p1a: Garganacl|Salt Cure|p2a: Scream Tail\n|-damage|p2a: Scream Tail|57\/100\n|-start|p2a: Scream Tail|Salt Cure\n|\n|-heal|p1b: Vaporeon|33\/100|[from] item: Leftovers\n|-damage|p2a: Scream Tail|45\/100|[from] Salt Cure\n|upkeep\n|turn|7\n|\n|t:|1683952452\n|move|p2a: Scream Tail|Boomburst|p1a: Garganacl|[spread] p2b,p1a,p1b\n|-crit|p2b: Gallade\n|-damage|p2b: Gallade|0 fnt\n|-damage|p1a: Garganacl|0 fnt\n|-damage|p1b: Vaporeon|12\/100\n|faint|p2b: Gallade\n|faint|p1a: Garganacl\n|move|p1b: Vaporeon|Muddy Water|p2a: Scream Tail\n|-damage|p2a: Scream Tail|21\/100\n|-unboost|p2a: Scream Tail|accuracy|1\n|\n|-heal|p1b: Vaporeon|18\/100|[from] item: Leftovers\n|-damage|p2a: Scream Tail|9\/100|[from] Salt Cure\n|upkeep\n|\n|t:|1683952468\n|switch|p2b: Armarouge|Armarouge, L50, M|100\/100\n|switch|p1a: Great Tusk|Great Tusk, L50, shiny|100\/100\n|-damage|p2b: Armarouge|76\/100|[from] Stealth Rock\n|turn|8\n|inactive|S.O Scizors! has 30 seconds left.\n|\n|t:|1683952497\n|move|p1a: Great Tusk|Protect|p1a: Great Tusk\n|-singleturn|p1a: Great Tusk|Protect\n|move|p1b: Vaporeon|Protect|p1b: Vaporeon\n|-singleturn|p1b: Vaporeon|Protect\n|move|p2a: Scream Tail|Encore|p1b: Vaporeon\n|-activate|p1b: Vaporeon|move: Protect\n|move|p2b: Armarouge|Energy Ball|p1b: Vaporeon\n|-activate|p1b: Vaporeon|move: Protect\n|\n|-heal|p1b: Vaporeon|24\/100|[from] item: Leftovers\n|-damage|p2a: Scream Tail|0 fnt|[from] Salt Cure\n|faint|p2a: Scream Tail\n|-end|p2a: Scream Tail|Protosynthesis|[silent]\n|upkeep\n|turn|9\n|\n|t:|1683952513\n|move|p1a: Great Tusk|Headlong Rush|p2b: Armarouge\n|-supereffective|p2b: Armarouge\n|-damage|p2b: Armarouge|0 fnt\n|-unboost|p1a: Great Tusk|def|1\n|-unboost|p1a: Great Tusk|spd|1\n|faint|p2b: Armarouge\n|\n|win|Igpvala\n|raw|Igpvala's rating: 1268 → 1285<\/strong> (+17 for winning)\n|raw|S.O Scizors!'s rating: 1159 → 1142<\/strong> (-17 for losing)\n","uploadtime":1683952524,"views":10,"p1id":"igpvala","p2id":"soscizors","formatid":"gen9vgc2023regulationc","rating":1142,"private":0,"password":""}