{"id":"gen9vgc2023regulationc-1858921336","p1":"Poketata","p2":"Mommys Tendies","format":"[Gen 9] VGC 2023 Regulation C","log":"|j|\u2606Poketata\n|j|\u2606Mommys Tendies\n|t:|1683383675\n|gametype|doubles\n|player|p1|Poketata|1|1169\n|player|p2|Mommys Tendies|2|1277\n|teamsize|p1|6\n|teamsize|p2|6\n|gen|9\n|tier|[Gen 9] VGC 2023 Regulation C\n|rated|\n|rule|Species Clause: Limit one of each Pok\u00e9mon\n|rule|Item Clause: Limit one of each item\n|clearpoke\n|poke|p1|Hydreigon, L50, M|\n|poke|p1|Murkrow, L50, M|\n|poke|p1|Gholdengo, L50|\n|poke|p1|Iron Moth, L50|\n|poke|p1|Amoonguss, L50, M|\n|poke|p1|Iron Hands, L50|\n|poke|p2|Garchomp, L50, M|\n|poke|p2|Pelipper, L50, F|\n|poke|p2|Iron Hands, L50|\n|poke|p2|Barraskewda, L50, M|\n|poke|p2|Flutter Mane, L50|\n|poke|p2|Scizor, L50, M|\n|teampreview|4\n|inactive|Battle timer is ON: inactive players will automatically lose when time's up. (requested by Poketata)\nPoketata has agreed to open team sheets.\n|inactive|Poketata has 60 seconds left.\n|inactive|Mommys Tendies has 60 seconds left.\nMommys Tendies has agreed to open team sheets.\n|inactive|Poketata has 30 seconds left.\n|inactive|Poketata has 20 seconds left.\n|\n|t:|1683383749\n|start\n|switch|p1a: Hydreigon|Hydreigon, L50, M|100\/100\n|switch|p1b: Amoonguss|Amoonguss, L50, M, shiny|100\/100\n|switch|p2a: Pelipper|Pelipper, L50, F|100\/100\n|switch|p2b: Iron Hands|Iron Hands, L50|100\/100\n|-weather|RainDance|[from] ability: Drizzle|[of] p2a: Pelipper\n|turn|1\n|inactive|Poketata has 30 seconds left.\n|\n|t:|1683383776\n|move|p1a: Hydreigon|Protect|p1a: Hydreigon\n|-singleturn|p1a: Hydreigon|Protect\n|move|p2b: Iron Hands|Fake Out|p1a: Hydreigon\n|-activate|p1a: Hydreigon|move: Protect\n|move|p2a: Pelipper|Hurricane|p1b: Amoonguss\n|-supereffective|p1b: Amoonguss\n|-damage|p1b: Amoonguss|22\/100\n|move|p1b: Amoonguss|Spore|p2b: Iron Hands\n|-status|p2b: Iron Hands|slp|[from] move: Spore\n|\n|-weather|RainDance|[upkeep]\n|-heal|p1b: Amoonguss|28\/100|[from] item: Leftovers\n|upkeep\n|turn|2\n|\n|t:|1683383794\n|-end|p2b: Iron Hands|Quark Drive|[silent]\n|switch|p2b: Barraskewda|Barraskewda, L50, M|100\/100\n|move|p1b: Amoonguss|Protect|p1b: Amoonguss\n|-singleturn|p1b: Amoonguss|Protect\n|move|p1a: Hydreigon|Focus Energy|p1a: Hydreigon\n|-start|p1a: Hydreigon|move: Focus Energy\n|move|p2a: Pelipper|Hurricane|p1b: Amoonguss\n|-activate|p1b: Amoonguss|move: Protect\n|\n|-weather|RainDance|[upkeep]\n|-heal|p1b: Amoonguss|34\/100|[from] item: Leftovers\n|upkeep\n|turn|3\n|inactive|Mommys Tendies has 30 seconds left.\n|inactive|Mommys Tendies has 20 seconds left.\n|inactive|Mommys Tendies has 15 seconds left.\n|\n|t:|1683383838\n|-terastallize|p1b: Amoonguss|Steel\n|move|p1a: Hydreigon|Protect|p1a: Hydreigon\n|-singleturn|p1a: Hydreigon|Protect\n|move|p2b: Barraskewda|Close Combat|p1a: Hydreigon\n|-activate|p1a: Hydreigon|move: Protect\n|move|p2a: Pelipper|Hurricane|p1b: Amoonguss\n|-resisted|p1b: Amoonguss\n|-damage|p1b: Amoonguss|15\/100\n|move|p1b: Amoonguss|Spore|p2b: Barraskewda\n|-status|p2b: Barraskewda|slp|[from] move: Spore\n|\n|-weather|RainDance|[upkeep]\n|-heal|p1b: Amoonguss|21\/100|[from] item: Leftovers\n|upkeep\n|turn|4\n|inactive|Poketata has 30 seconds left.\n|inactive|Mommys Tendies has 30 seconds left.\n|\n|t:|1683383874\n|switch|p2b: Iron Hands|Iron Hands, L50|100\/100 slp\n|move|p1a: Hydreigon|Draco Meteor|p2b: Iron Hands\n|-crit|p2b: Iron Hands\n|-damage|p2b: Iron Hands|45\/100 slp\n|-unboost|p1a: Hydreigon|spa|2\n|move|p2a: Pelipper|Hydro Pump|p1b: Amoonguss|[miss]\n|-miss|p2a: Pelipper|p1b: Amoonguss\n|move|p1b: Amoonguss|Pollen Puff|p2a: Pelipper\n|-resisted|p2a: Pelipper\n|-crit|p2a: Pelipper\n|-damage|p2a: Pelipper|76\/100\n|\n|-weather|RainDance|[upkeep]\n|-heal|p1b: Amoonguss|27\/100|[from] item: Leftovers\n|upkeep\n|turn|5\n|\n|t:|1683383894\n|move|p1b: Amoonguss|Protect|p1b: Amoonguss\n|-singleturn|p1b: Amoonguss|Protect\n|move|p1a: Hydreigon|Draco Meteor|p2b: Iron Hands|[miss]\n|-miss|p1a: Hydreigon|p2b: Iron Hands\n|move|p2a: Pelipper|Hydro Pump|p1b: Amoonguss\n|-activate|p1b: Amoonguss|move: Protect\n|cant|p2b: Iron Hands|slp\n|\n|-weather|none\n|-heal|p1b: Amoonguss|33\/100|[from] item: Leftovers\n|upkeep\n|turn|6\n|\n|t:|1683383919\n|move|p1a: Hydreigon|Draco Meteor|p2a: Pelipper\n|-crit|p2a: Pelipper\n|-damage|p2a: Pelipper|0 fnt\n|-unboost|p1a: Hydreigon|spa|2\n|faint|p2a: Pelipper\n|cant|p2b: Iron Hands|slp\n|move|p1b: Amoonguss|Pollen Puff|p2b: Iron Hands\n|-resisted|p2b: Iron Hands\n|-damage|p2b: Iron Hands|40\/100 slp\n|\n|-heal|p1b: Amoonguss|39\/100|[from] item: Leftovers\n|upkeep\n|\n|t:|1683383927\n|switch|p2a: Barraskewda|Barraskewda, L50, M|100\/100 slp\n|turn|7\n|inactive|Poketata has 30 seconds left.\n|\n|t:|1683383959\n|move|p1b: Amoonguss|Rage Powder|p1b: Amoonguss\n|-singleturn|p1b: Amoonguss|move: Rage Powder\n|cant|p2a: Barraskewda|slp\n|move|p1a: Hydreigon|Draco Meteor|p2a: Barraskewda\n|-crit|p2a: Barraskewda\n|-damage|p2a: Barraskewda|0 fnt\n|-unboost|p1a: Hydreigon|spa|2\n|faint|p2a: Barraskewda\n|cant|p2b: Iron Hands|slp\n|\n|-heal|p1b: Amoonguss|45\/100|[from] item: Leftovers\n|upkeep\n|\n|t:|1683383966\n|switch|p2a: Garchomp|Garchomp, L50, M|100\/100\n|turn|8\n|inactive|Poketata has 30 seconds left.\n|inactive|Mommys Tendies has 30 seconds left.\n|\n|t:|1683384000\n|-terastallize|p2a: Garchomp|Steel\n|move|p2a: Garchomp|Stomping Tantrum|p1b: Amoonguss\n|-supereffective|p1b: Amoonguss\n|-damage|p1b: Amoonguss|0 fnt\n|faint|p1b: Amoonguss\n|move|p1a: Hydreigon|Draco Meteor|p2b: Iron Hands\n|-crit|p2b: Iron Hands\n|-damage|p2b: Iron Hands|0 fnt\n|faint|p2b: Iron Hands\n|-end|p2b: Iron Hands|Quark Drive|[silent]\n|\n|upkeep\n|c|\u2606Mommys Tendies|gg annoying strat\n|\n|t:|1683384017\n|switch|p1b: Gholdengo|Gholdengo, L50|100\/100\n|turn|9\n|-message|Mommys Tendies forfeited.\n|\n|win|Poketata\n|raw|Poketata's rating: 1169 → 1202<\/strong> (+33 for winning)\n|raw|Mommys Tendies's rating: 1277 → 1244<\/strong> (-33 for losing)\n|l|\u2606Mommys Tendies\n","uploadtime":1683384023,"views":19,"p1id":"poketata","p2id":"mommystendies","formatid":"gen9vgc2023regulationc","rating":1202,"private":0,"password":""}