{"id":"gen9vgc2023regulationc-1852313436","p1":"DuelLuna","p2":"MightyMudsdale","format":"[Gen 9] VGC 2023 Regulation C","log":"|j|\u2606DuelLuna\n|j|\u2606MightyMudsdale\n|t:|1682542923\n|gametype|doubles\n|player|p1|DuelLuna|caitlin|\n|player|p2|MightyMudsdale|nessa-masters|\n|teamsize|p1|6\n|teamsize|p2|6\n|gen|9\n|tier|[Gen 9] VGC 2023 Regulation C\n|rule|Species Clause: Limit one of each Pok\u00e9mon\n|rule|Item Clause: Limit one of each item\n|clearpoke\n|poke|p1|Gholdengo, L50|\n|poke|p1|Maushold, L50|\n|poke|p1|Iron Bundle, L50|\n|poke|p1|Garchomp, L50, F|\n|poke|p1|Talonflame, L50, M|\n|poke|p1|Iron Hands, L50|\n|poke|p2|Flutter Mane, L50|\n|poke|p2|Gastrodon-East, L50, M|\n|poke|p2|Maushold, L50|\n|poke|p2|Annihilape, L50, M|\n|poke|p2|Ting-Lu, L50|\n|poke|p2|Talonflame, L50, M|\n|teampreview|4\n|c|\u2606MightyMudsdale|gl hf\nMightyMudsdale has agreed to open team sheets.\nDuelLuna has agreed to open team sheets.\n|c|\u2606DuelLuna|U2\n|\n|t:|1682542987\n|start\n|switch|p1a: Gold OS|Gholdengo, L50|100\/100\n|switch|p1b: Critical mauss|Maushold, L50|100\/100\n|switch|p2a: Aroostook|Ting-Lu, L50|100\/100\n|switch|p2b: Aushaul|Maushold, L50|100\/100\n|-ability|p2a: Aroostook|Vessel of Ruin\n|turn|1\n|\n|t:|1682543003\n|-terastallize|p1a: Gold OS|Water\n|move|p2b: Aushaul|Taunt|p1b: Critical mauss\n|-start|p1b: Critical mauss|move: Taunt\n|move|p1b: Critical mauss|Super Fang|p2a: Aroostook|[miss]\n|-miss|p1b: Critical mauss|p2a: Aroostook\n|move|p1a: Gold OS|Nasty Plot|p1a: Gold OS\n|-boost|p1a: Gold OS|spa|2\n|move|p2a: Aroostook|Snarl|p1b: Critical mauss|[spread] p1a,p1b\n|-damage|p1a: Gold OS|94\/100\n|-damage|p1b: Critical mauss|92\/100\n|-unboost|p1a: Gold OS|spa|1\n|-unboost|p1b: Critical mauss|spa|1\n|\n|-heal|p1a: Gold OS|99\/100|[from] item: Leftovers\n|upkeep\n|turn|2\n|\n|t:|1682543020\n|move|p2b: Aushaul|Super Fang|p1a: Gold OS\n|-damage|p1a: Gold OS|50\/100\n|move|p1b: Critical mauss|Super Fang|p2a: Aroostook\n|-damage|p2a: Aroostook|50\/100\n|move|p1a: Gold OS|Nasty Plot|p1a: Gold OS\n|-boost|p1a: Gold OS|spa|2\n|move|p2a: Aroostook|Snarl|p1a: Gold OS|[spread] p1a,p1b\n|-damage|p1a: Gold OS|43\/100\n|-damage|p1b: Critical mauss|82\/100\n|-unboost|p1a: Gold OS|spa|1\n|-unboost|p1b: Critical mauss|spa|1\n|\n|-heal|p1a: Gold OS|49\/100|[from] item: Leftovers\n|upkeep\n|turn|3\n|\n|t:|1682543040\n|move|p2b: Aushaul|Follow Me|p2b: Aushaul\n|-singleturn|p2b: Aushaul|move: Follow Me\n|move|p1b: Critical mauss|Super Fang|p2b: Aushaul\n|-damage|p2b: Aushaul|50\/100\n|move|p1a: Gold OS|Make It Rain|p2a: Aroostook|[spread] p2a,p2b\n|-damage|p2a: Aroostook|23\/100\n|-damage|p2b: Aushaul|0 fnt\n|-unboost|p1a: Gold OS|spa|1\n|faint|p2b: Aushaul\n|move|p2a: Aroostook|Stomping Tantrum|p1a: Gold OS\n|-damage|p1a: Gold OS|24\/100\n|\n|-heal|p1a: Gold OS|30\/100|[from] item: Leftovers\n|-end|p1b: Critical mauss|move: Taunt\n|upkeep\n|\n|t:|1682543056\n|switch|p2b: Dante|Annihilape, L50, M|100\/100\n|turn|4\n|\n|t:|1682543093\n|move|p1b: Critical mauss|Follow Me|p1b: Critical mauss\n|-singleturn|p1b: Critical mauss|move: Follow Me\n|move|p1a: Gold OS|Shadow Ball|p2b: Dante\n|-supereffective|p2b: Dante\n|-damage|p2b: Dante|25\/100\n|-enditem|p2b: Dante|Sitrus Berry|[eat]\n|-heal|p2b: Dante|50\/100|[from] item: Sitrus Berry\n|move|p2b: Dante|Drain Punch|p1b: Critical mauss\n|-supereffective|p1b: Critical mauss\n|-damage|p1b: Critical mauss|0 fnt\n|-heal|p2b: Dante|87\/100|[from] drain|[of] p1b: Critical mauss\n|faint|p1b: Critical mauss\n|move|p2a: Aroostook|Snarl|p1a: Gold OS\n|-crit|p1a: Gold OS\n|-damage|p1a: Gold OS|9\/100\n|-unboost|p1a: Gold OS|spa|1\n|\n|-heal|p1a: Gold OS|15\/100|[from] item: Leftovers\n|upkeep\n|\n|t:|1682543107\n|switch|p1b: Bolt the birb|Talonflame, L50, M|100\/100\n|turn|5\n|\n|t:|1682543118\n|-terastallize|p2b: Dante|Fire\n|move|p1b: Bolt the birb|Brave Bird|p2a: Aroostook\n|-damage|p2a: Aroostook|2\/100\n|-damage|p1b: Bolt the birb|89\/100|[from] Recoil\n|move|p1a: Gold OS|Nasty Plot|p1a: Gold OS\n|-boost|p1a: Gold OS|spa|2\n|move|p2b: Dante|Rage Fist|p1b: Bolt the birb\n|-damage|p1b: Bolt the birb|13\/100\n|move|p2a: Aroostook|Stomping Tantrum|p1a: Gold OS\n|-damage|p1a: Gold OS|0 fnt\n|faint|p1a: Gold OS\n|\n|upkeep\n|c|\u2606DuelLuna|Wow that lived\n|\n|t:|1682543133\n|switch|p1a: Ordinance|Iron Bundle, L50|100\/100\n|-enditem|p1a: Ordinance|Booster Energy\n|-activate|p1a: Ordinance|ability: Quark Drive|[fromitem]\n|-start|p1a: Ordinance|quarkdrivespe\n|turn|6\n|\n|t:|1682543146\n|move|p1a: Ordinance|Hydro Pump|p2b: Dante\n|-supereffective|p2b: Dante\n|-damage|p2b: Dante|20\/100\n|move|p1b: Bolt the birb|Brave Bird|p2a: Aroostook\n|-damage|p2a: Aroostook|0 fnt\n|faint|p2a: Aroostook\n|-damage|p1b: Bolt the birb|12\/100|[from] Recoil\n|move|p2b: Dante|Drain Punch|p1a: Ordinance\n|-supereffective|p1a: Ordinance\n|-damage|p1a: Ordinance|8\/100\n|-heal|p2b: Dante|50\/100|[from] drain|[of] p1a: Ordinance\n|\n|upkeep\n|\n|t:|1682543155\n|switch|p2a: Squishy|Gastrodon-East, L50, M|100\/100\n|turn|7\n|\n|t:|1682543193\n|move|p1a: Ordinance|Freeze-Dry|p2a: Squishy\n|-supereffective|p2a: Squishy\n|-damage|p2a: Squishy|0 fnt\n|faint|p2a: Squishy\n|move|p1b: Bolt the birb|Brave Bird|p2b: Dante\n|-damage|p2b: Dante|0 fnt\n|faint|p2b: Dante\n|-damage|p1b: Bolt the birb|0 fnt|[from] Recoil\n|faint|p1b: Bolt the birb\n|\n|win|DuelLuna\n|c|\u2606MightyMudsdale|gg\n|c|\u2606DuelLuna|Gg\n","uploadtime":1682543207,"views":80,"p1id":"duelluna","p2id":"mightymudsdale","formatid":"gen9vgc2023regulationc","rating":0,"private":0,"password":""}