{"id":"gen9vgc2023regulationc-1851355023","p1":"Planthony","p2":"Cm3112","format":"[Gen 9] VGC 2023 Regulation C","log":"|j|\u2606Planthony\n|j|\u2606Cm3112\n|t:|1682438389\n|gametype|doubles\n|player|p1|Planthony|169|1282\n|player|p2|Cm3112|1|1308\n|teamsize|p1|6\n|teamsize|p2|6\n|gen|9\n|tier|[Gen 9] VGC 2023 Regulation C\n|rated|\n|rule|Species Clause: Limit one of each Pok\u00e9mon\n|rule|Item Clause: Limit one of each item\n|clearpoke\n|poke|p1|Glimmora, L50, M|\n|poke|p1|Flutter Mane, L50|\n|poke|p1|Dondozo, L50, M|\n|poke|p1|Dragonite, L50, F|\n|poke|p1|Tatsugiri-Droopy, L50, M|\n|poke|p1|Chi-Yu, L50|\n|poke|p2|Grimmsnarl, L50, M|\n|poke|p2|Toxapex, L50, F|\n|poke|p2|Iron Hands, L50|\n|poke|p2|Volcarona, L50, M|\n|poke|p2|Gholdengo, L50|\n|poke|p2|Dragonite, L50, F|\n|teampreview|4\n|\n|t:|1682438421\n|start\n|switch|p1a: Chi-Yu|Chi-Yu, L50|100\/100\n|switch|p1b: Flutter Mane|Flutter Mane, L50|100\/100\n|switch|p2a: Grimmsnarl|Grimmsnarl, L50, M|100\/100\n|switch|p2b: Gholdengo|Gholdengo, L50|100\/100\n|-ability|p1a: Chi-Yu|Beads of Ruin\n|-enditem|p1b: Flutter Mane|Booster Energy\n|-activate|p1b: Flutter Mane|ability: Protosynthesis|[fromitem]\n|-start|p1b: Flutter Mane|protosynthesisspe\n|turn|1\n|\n|t:|1682438448\n|move|p2a: Grimmsnarl|Fake Out|p1a: Chi-Yu\n|-damage|p1a: Chi-Yu|77\/100\n|move|p1b: Flutter Mane|Substitute|p1b: Flutter Mane\n|-start|p1b: Flutter Mane|Substitute\n|-damage|p1b: Flutter Mane|76\/100\n|cant|p1a: Chi-Yu|flinch\n|move|p2b: Gholdengo|Make It Rain|p1a: Chi-Yu|[spread] p1a,p1b\n|-supereffective|p1b: Flutter Mane\n|-end|p1b: Flutter Mane|Substitute\n|-resisted|p1a: Chi-Yu\n|-damage|p1a: Chi-Yu|49\/100\n|-unboost|p2b: Gholdengo|spa|1\n|\n|upkeep\n|turn|2\n|\n|t:|1682438481\n|switch|p2b: Toxapex|Toxapex, L50, F|100\/100\n|move|p1b: Flutter Mane|Moonblast|p2a: Grimmsnarl\n|-supereffective|p2a: Grimmsnarl\n|-enditem|p2a: Grimmsnarl|Focus Sash\n|-damage|p2a: Grimmsnarl|1\/100\n|move|p1a: Chi-Yu|Dark Pulse|p2b: Toxapex\n|-damage|p2b: Toxapex|60\/100\n|move|p2a: Grimmsnarl|Spirit Break|p1a: Chi-Yu\n|-damage|p1a: Chi-Yu|0 fnt\n|faint|p1a: Chi-Yu\n|\n|upkeep\n|\n|t:|1682438497\n|switch|p1a: Dondozo|Dondozo, L50, M|100\/100\n|turn|3\n|\n|t:|1682438510\n|-terastallize|p2b: Toxapex|Grass\n|move|p1b: Flutter Mane|Protect|p1b: Flutter Mane\n|-singleturn|p1b: Flutter Mane|Protect\n|move|p2a: Grimmsnarl|Sucker Punch||[still]\n|-fail|p2a: Grimmsnarl\n|move|p1a: Dondozo|Earthquake|p2a: Grimmsnarl|[spread] p2a,p2b\n|-activate|p1b: Flutter Mane|move: Protect\n|-resisted|p2b: Toxapex\n|-damage|p2a: Grimmsnarl|0 fnt\n|-damage|p2b: Toxapex|52\/100\n|faint|p2a: Grimmsnarl\n|move|p2b: Toxapex|Recover|p2b: Toxapex\n|-heal|p2b: Toxapex|100\/100\n|\n|upkeep\n|\n|t:|1682438531\n|switch|p2a: Gholdengo|Gholdengo, L50|100\/100\n|turn|4\n|\n|t:|1682438551\n|move|p1b: Flutter Mane|Shadow Ball|p2a: Gholdengo\n|-supereffective|p2a: Gholdengo\n|-damage|p2a: Gholdengo|30\/100\n|move|p2a: Gholdengo|Make It Rain|p1a: Dondozo|[spread] p1a,p1b\n|-resisted|p1a: Dondozo\n|-supereffective|p1b: Flutter Mane\n|-damage|p1a: Dondozo|79\/100\n|-damage|p1b: Flutter Mane|0 fnt\n|-unboost|p2a: Gholdengo|spa|1\n|faint|p1b: Flutter Mane\n|-end|p1b: Flutter Mane|Protosynthesis|[silent]\n|move|p1a: Dondozo|Yawn|p2b: Toxapex\n|-start|p2b: Toxapex|move: Yawn|[of] p1a: Dondozo\n|move|p2b: Toxapex|Haze|p2b: Toxapex\n|-clearallboost\n|\n|-heal|p1a: Dondozo|85\/100|[from] item: Leftovers\n|upkeep\n|\n|t:|1682438569\n|switch|p1b: Tatsugiri|Tatsugiri-Droopy, L50, M, shiny|100\/100\n|-activate|p1b: Tatsugiri|ability: Commander|[of] p1a: Dondozo\n|-boost|p1a: Dondozo|atk|2\n|-boost|p1a: Dondozo|spa|2\n|-boost|p1a: Dondozo|spe|2\n|-boost|p1a: Dondozo|def|2\n|-boost|p1a: Dondozo|spd|2\n|turn|5\n|\n|t:|1682438582\n|-terastallize|p1a: Dondozo|Grass\n|move|p2a: Gholdengo|Protect|p2a: Gholdengo\n|-singleturn|p2a: Gholdengo|Protect\n|move|p1a: Dondozo|Earthquake|p2b: Toxapex|[spread] p2b\n|-miss|p1a: Dondozo|p1b: Tatsugiri\n|-activate|p2a: Gholdengo|move: Protect\n|-resisted|p2b: Toxapex\n|-damage|p2b: Toxapex|86\/100\n|move|p2b: Toxapex|Haze|p2b: Toxapex\n|-clearallboost\n|\n|-heal|p1a: Dondozo|92\/100|[from] item: Leftovers\n|-end|p2b: Toxapex|move: Yawn|[silent]\n|-status|p2b: Toxapex|slp\n|upkeep\n|turn|6\n|\n|t:|1682438603\n|move|p2a: Gholdengo|Make It Rain|p1b: Tatsugiri|[spread] p1a\n|-miss|p2a: Gholdengo|p1b: Tatsugiri\n|-damage|p1a: Dondozo|48\/100\n|-unboost|p2a: Gholdengo|spa|1\n|move|p1a: Dondozo|Earthquake|p2a: Gholdengo|[spread] p2a,p2b\n|-miss|p1a: Dondozo|p1b: Tatsugiri\n|-supereffective|p2a: Gholdengo\n|-resisted|p2b: Toxapex\n|-damage|p2a: Gholdengo|0 fnt\n|-damage|p2b: Toxapex|78\/100 slp\n|faint|p2a: Gholdengo\n|cant|p2b: Toxapex|slp\n|\n|-heal|p1a: Dondozo|54\/100|[from] item: Leftovers\n|upkeep\n|\n|t:|1682438619\n|switch|p2a: Iron Hands|Iron Hands, L50|100\/100\n|turn|7\n|\n|t:|1682438626\n|move|p1a: Dondozo|Earthquake|p2a: Iron Hands|[spread] p2a,p2b\n|-miss|p1a: Dondozo|p1b: Tatsugiri\n|-supereffective|p2a: Iron Hands\n|-resisted|p2b: Toxapex\n|-damage|p2a: Iron Hands|73\/100\n|-damage|p2b: Toxapex|71\/100 slp\n|move|p2a: Iron Hands|Drain Punch|p1a: Dondozo\n|-damage|p1a: Dondozo|24\/100\n|-heal|p2a: Iron Hands|87\/100|[from] drain|[of] p1a: Dondozo\n|cant|p2b: Toxapex|slp\n|\n|-heal|p1a: Dondozo|30\/100|[from] item: Leftovers\n|upkeep\n|turn|8\n|-message|Planthony forfeited.\n|\n|win|Cm3112\n|raw|Planthony's rating: 1282 → 1259<\/strong> (-23 for losing)\n|raw|Cm3112's rating: 1308 → 1327<\/strong> (+19 for winning)\n","uploadtime":1682438635,"views":10,"p1id":"planthony","p2id":"cm3112","formatid":"gen9vgc2023regulationc","rating":1259,"private":0,"password":""}