{"id":"gen9vgc2023regulationc-1856098585","p1":"sasdadfaf","p2":"Hinokami ascension","format":"[Gen 9] VGC 2023 Regulation C","log":"|j|\u2606sasdadfaf\n|j|\u2606Hinokami ascension\n|t:|1683029916\n|gametype|doubles\n|player|p1|sasdadfaf|cyclist|1389\n|player|p2|Hinokami ascension|hilbert-wonderlauncher|1327\n|teamsize|p1|6\n|teamsize|p2|6\n|gen|9\n|tier|[Gen 9] VGC 2023 Regulation C\n|rated|\n|rule|Species Clause: Limit one of each Pok\u00e9mon\n|rule|Item Clause: Limit one of each item\n|clearpoke\n|poke|p1|Ting-Lu, L50|\n|poke|p1|Flutter Mane, L50|\n|poke|p1|Iron Bundle, L50|\n|poke|p1|Gyarados, L50, M|\n|poke|p1|Iron Hands, L50|\n|poke|p1|Amoonguss, L50, F|\n|poke|p2|Talonflame, L50, F|\n|poke|p2|Iron Bundle, L50|\n|poke|p2|Torkoal, L50, M|\n|poke|p2|Flutter Mane, L50|\n|poke|p2|Great Tusk, L50|\n|poke|p2|Chi-Yu, L50|\n|teampreview|4\nsasdadfaf has agreed to open team sheets.\n|\n|t:|1683029946\n|start\n|switch|p1a: Ting-Lu|Ting-Lu, L50|100\/100\n|switch|p1b: Flutter Mane|Flutter Mane, L50|100\/100\n|switch|p2a: Tomioka|Iron Bundle, L50, shiny|100\/100\n|switch|p2b: Daki|Flutter Mane, L50, shiny|100\/100\n|-ability|p1a: Ting-Lu|Vessel of Ruin\n|-enditem|p2a: Tomioka|Booster Energy\n|-activate|p2a: Tomioka|ability: Quark Drive|[fromitem]\n|-start|p2a: Tomioka|quarkdrivespe\n|turn|1\n|inactive|Battle timer is ON: inactive players will automatically lose when time's up. (requested by sasdadfaf)\n|inactive|Hinokami ascension has 60 seconds left.\n|inactive|sasdadfaf has 60 seconds left.\n|\n|t:|1683029986\n|-end|p2a: Tomioka|Quark Drive|[silent]\n|switch|p2a: Yoriichi|Chi-Yu, L50|100\/100\n|-ability|p2a: Yoriichi|Beads of Ruin\n|-end|p1b: Flutter Mane|Protosynthesis|[silent]\n|switch|p1b: Amoonguss|Amoonguss, L50, F|100\/100\n|-terastallize|p2b: Daki|Fairy\n|-terastallize|p1a: Ting-Lu|Water\n|move|p2b: Daki|Moonblast|p1a: Ting-Lu\n|-damage|p1a: Ting-Lu|54\/100\n|move|p1a: Ting-Lu|Heavy Slam|p2b: Daki\n|-supereffective|p2b: Daki\n|-damage|p2b: Daki|0 fnt\n|faint|p2b: Daki\n|-end|p2b: Daki|Protosynthesis|[silent]\n|\n|upkeep\n|\n|t:|1683029990\n|switch|p2b: Tomioka|Iron Bundle, L50, shiny|100\/100\n|turn|2\n|inactive|sasdadfaf has 30 seconds left.\n|\n|t:|1683030022\n|switch|p1a: Iron Hands|Iron Hands, L50|100\/100\n|move|p2b: Tomioka|Freeze-Dry|p1a: Iron Hands\n|-damage|p1a: Iron Hands|66\/100\n|move|p2a: Yoriichi|Heat Wave|p1b: Amoonguss|[spread] p1a,p1b\n|-supereffective|p1b: Amoonguss\n|-damage|p1a: Iron Hands|19\/100\n|-damage|p1b: Amoonguss|0 fnt\n|-enditem|p1a: Iron Hands|Sitrus Berry|[eat]\n|-heal|p1a: Iron Hands|44\/100|[from] item: Sitrus Berry\n|faint|p1b: Amoonguss\n|-damage|p2a: Yoriichi|91\/100|[from] item: Life Orb\n|\n|upkeep\n|\n|t:|1683030045\n|switch|p1b: Flutter Mane|Flutter Mane, L50|100\/100\n|turn|3\n|inactive|Hinokami ascension has 30 seconds left.\n|\n|t:|1683030078\n|move|p2b: Tomioka|Protect|p2b: Tomioka\n|-singleturn|p2b: Tomioka|Protect\n|move|p2a: Yoriichi|Protect|p2a: Yoriichi\n|-singleturn|p2a: Yoriichi|Protect\n|move|p1a: Iron Hands|Fake Out|p2b: Tomioka\n|-activate|p2b: Tomioka|move: Protect\n|move|p1b: Flutter Mane|Moonblast|p2b: Tomioka\n|-activate|p2b: Tomioka|move: Protect\n|\n|upkeep\n|turn|4\n|\n|t:|1683030088\n|-end|p1a: Iron Hands|Quark Drive|[silent]\n|switch|p1a: Ting-Lu|Ting-Lu, L50, tera:Water|54\/100\n|-ability|p1a: Ting-Lu|Vessel of Ruin\n|move|p2b: Tomioka|Icy Wind|p1a: Ting-Lu|[spread] p1b\n|-miss|p2b: Tomioka|p1a: Ting-Lu\n|-damage|p1b: Flutter Mane|83\/100\n|-unboost|p1b: Flutter Mane|spe|1\n|move|p2a: Yoriichi|Heat Wave|p1a: Ting-Lu|[spread] p1a,p1b\n|-resisted|p1a: Ting-Lu\n|-damage|p1a: Ting-Lu|44\/100\n|-damage|p1b: Flutter Mane|32\/100\n|-damage|p2a: Yoriichi|82\/100|[from] item: Life Orb\n|move|p1b: Flutter Mane|Moonblast|p2a: Yoriichi\n|-damage|p2a: Yoriichi|21\/100\n|-unboost|p2a: Yoriichi|spa|1\n|\n|upkeep\n|turn|5\n|inactive|sasdadfaf has 30 seconds left.\n|inactive|Hinokami ascension has 30 seconds left.\n|inactive|sasdadfaf has 20 seconds left.\n|inactive|Hinokami ascension has 20 seconds left.\n|inactive|Hinokami ascension has 15 seconds left.\n|inactive|Hinokami ascension has 10 seconds left.\n|\n|t:|1683030138\n|-end|p1b: Flutter Mane|Protosynthesis|[silent]\n|switch|p1b: Iron Hands|Iron Hands, L50|44\/100\n|move|p2b: Tomioka|Icy Wind|p1a: Ting-Lu|[spread] p1a,p1b\n|-resisted|p1a: Ting-Lu\n|-damage|p1a: Ting-Lu|39\/100\n|-damage|p1b: Iron Hands|31\/100\n|-unboost|p1a: Ting-Lu|spe|1\n|-unboost|p1b: Iron Hands|spe|1\n|move|p2a: Yoriichi|Heat Wave|p1b: Iron Hands|[spread] p1a\n|-miss|p2a: Yoriichi|p1b: Iron Hands\n|-resisted|p1a: Ting-Lu\n|-damage|p1a: Ting-Lu|33\/100\n|-damage|p2a: Yoriichi|12\/100|[from] item: Life Orb\n|move|p1a: Ting-Lu|Rock Slide|p2a: Yoriichi|[spread] p2a,p2b\n|-supereffective|p2a: Yoriichi\n|-supereffective|p2b: Tomioka\n|-damage|p2a: Yoriichi|0 fnt\n|-damage|p2b: Tomioka|57\/100\n|faint|p2a: Yoriichi\n|\n|upkeep\n|\n|t:|1683030142\n|switch|p2a: Inosuke|Great Tusk, L50, shiny|100\/100\n|turn|6\n|\n|t:|1683030161\n|move|p2b: Tomioka|Protect|p2b: Tomioka\n|-singleturn|p2b: Tomioka|Protect\n|move|p1b: Iron Hands|Fake Out|p2a: Inosuke\n|-damage|p2a: Inosuke|90\/100\n|cant|p2a: Inosuke|flinch\n|move|p1a: Ting-Lu|Heavy Slam|p2b: Tomioka\n|-activate|p2b: Tomioka|move: Protect\n|\n|upkeep\n|turn|7\n|inactive|Hinokami ascension has 30 seconds left.\n|\n|t:|1683030189\n|move|p2a: Inosuke|Headlong Rush|p1b: Iron Hands\n|-supereffective|p1b: Iron Hands\n|-damage|p1b: Iron Hands|0 fnt\n|-unboost|p2a: Inosuke|def|1\n|-unboost|p2a: Inosuke|spd|1\n|faint|p1b: Iron Hands\n|-end|p1b: Iron Hands|Quark Drive|[silent]\n|move|p2b: Tomioka|Freeze-Dry|p1a: Ting-Lu\n|-supereffective|p1a: Ting-Lu\n|-damage|p1a: Ting-Lu|12\/100\n|move|p1a: Ting-Lu|Heavy Slam|p2b: Tomioka\n|-damage|p2b: Tomioka|17\/100\n|\n|upkeep\n|c|\u2606Hinokami ascension|This fucking mon\n|\n|t:|1683030202\n|switch|p1b: Flutter Mane|Flutter Mane, L50|32\/100\n|turn|8\n|c|\u2606Hinokami ascension|Wont die\n|\n|t:|1683030218\n|move|p2a: Inosuke|Headlong Rush|p1b: Flutter Mane\n|-damage|p1b: Flutter Mane|0 fnt\n|-unboost|p2a: Inosuke|def|1\n|-unboost|p2a: Inosuke|spd|1\n|faint|p1b: Flutter Mane\n|-end|p1b: Flutter Mane|Protosynthesis|[silent]\n|move|p2b: Tomioka|Freeze-Dry|p1a: Ting-Lu\n|-supereffective|p1a: Ting-Lu\n|-damage|p1a: Ting-Lu|0 fnt\n|faint|p1a: Ting-Lu\n|\n|win|Hinokami ascension\n|raw|sasdadfaf's rating: 1389 → 1365<\/strong> (-24 for losing)\n|raw|Hinokami ascension's rating: 1325 → 1349<\/strong> (+24 for winning)\n|l|\u2606sasdadfaf\n","uploadtime":1683030267,"views":7,"p1id":"sasdadfaf","p2id":"hinokamiascension","formatid":"gen9vgc2023regulationc","rating":1349,"private":0,"password":""}