{"id":"gen9vgc2023regulationc-1844895983","p1":"urgebkakxishbekys","p2":"tigaqwe","format":"[Gen 9] VGC 2023 Regulation C","log":"|j|\u2606urgebkakxishbekys\n|j|\u2606tigaqwe\n|t:|1681661572\n|gametype|doubles\n|player|p1|urgebkakxishbekys|blackbelt-gen4dp|1122\n|player|p2|tigaqwe|2|1173\n|teamsize|p1|6\n|teamsize|p2|6\n|gen|9\n|tier|[Gen 9] VGC 2023 Regulation C\n|rated|\n|rule|Species Clause: Limit one of each Pok\u00e9mon\n|rule|Item Clause: Limit one of each item\n|clearpoke\n|poke|p1|Houndstone, L50, F|\n|poke|p1|Tyranitar, L50, M|\n|poke|p1|Amoonguss, L50, F|\n|poke|p1|Flutter Mane, L50|\n|poke|p1|Salamence, L50, F|\n|poke|p1|Palafin, L50, F|\n|poke|p2|Chien-Pao, L50|\n|poke|p2|Arcanine, L50, M|\n|poke|p2|Palafin, L50, M|\n|poke|p2|Amoonguss, L50, F|\n|poke|p2|Flutter Mane, L50|\n|poke|p2|Dragapult, L50, F|\n|teampreview|4\n|\n|t:|1681661598\n|start\n|switch|p1a: Palafin|Palafin, L50, F|100\/100\n|switch|p1b: Houndstone|Houndstone, L50, F|100\/100\n|switch|p2a: Amoonguss|Amoonguss, L50, F|100\/100\n|switch|p2b: Arcanine|Arcanine, L50, M|100\/100\n|-ability|p2b: Arcanine|Intimidate|boost\n|-unboost|p1a: Palafin|atk|1\n|-unboost|p1b: Houndstone|atk|1\n|turn|1\n|\n|t:|1681661612\n|detailschange|p1a: Palafin|Palafin-Hero, L50, F\n|switch|p1a: Tyranitar|Tyranitar, L50, M|100\/100\n|-weather|Sandstorm|[from] ability: Sand Stream|[of] p1a: Tyranitar\n|move|p1b: Houndstone|Howl|p1b: Houndstone|[spread] p1a,p1b\n|-boost|p1a: Tyranitar|atk|1\n|-boost|p1b: Houndstone|atk|1\n|move|p2b: Arcanine|Will-O-Wisp|p1b: Houndstone\n|-status|p1b: Houndstone|brn\n|move|p2a: Amoonguss|Spore|p1a: Tyranitar\n|-status|p1a: Tyranitar|slp|[from] move: Spore\n|\n|-weather|Sandstorm|[upkeep]\n|-damage|p2b: Arcanine|94\/100|[from] Sandstorm\n|-damage|p2a: Amoonguss|95\/100|[from] Sandstorm\n|-damage|p1b: Houndstone|94\/100 brn|[from] brn\n|upkeep\n|turn|2\n|inactive|Battle timer is ON: inactive players will automatically lose when time's up. (requested by tigaqwe)\n|\n|t:|1681661639\n|switch|p2b: Flutter Mane|Flutter Mane, L50|100\/100\n|-enditem|p2b: Flutter Mane|Booster Energy\n|-activate|p2b: Flutter Mane|ability: Protosynthesis|[fromitem]\n|-start|p2b: Flutter Mane|protosynthesisspe\n|switch|p2a: Chien-Pao|Chien-Pao, L50|100\/100\n|-ability|p2a: Chien-Pao|Sword of Ruin\n|move|p1b: Houndstone|Howl|p1b: Houndstone|[spread] p1a,p1b\n|-boost|p1a: Tyranitar|atk|1\n|-boost|p1b: Houndstone|atk|1\n|cant|p1a: Tyranitar|slp\n|\n|-weather|Sandstorm|[upkeep]\n|-damage|p2b: Flutter Mane|94\/100|[from] Sandstorm\n|-damage|p2a: Chien-Pao|95\/100|[from] Sandstorm\n|-damage|p1b: Houndstone|88\/100 brn|[from] brn\n|upkeep\n|turn|3\n|inactive|urgebkakxishbekys has 30 seconds left.\n|inactive|urgebkakxishbekys has 20 seconds left.\n|inactive|urgebkakxishbekys has 15 seconds left.\n|\n|t:|1681661682\n|-terastallize|p1b: Houndstone|Grass\n|move|p2b: Flutter Mane|Shadow Ball|p1b: Houndstone\n|-damage|p1b: Houndstone|49\/100 brn\n|-enditem|p1b: Houndstone|Sitrus Berry|[eat]\n|-heal|p1b: Houndstone|73\/100 brn|[from] item: Sitrus Berry\n|move|p1b: Houndstone|Will-O-Wisp|p2a: Chien-Pao\n|-status|p2a: Chien-Pao|brn\n|move|p2a: Chien-Pao|Sacred Sword|p1a: Tyranitar\n|-supereffective|p1a: Tyranitar\n|-damage|p1a: Tyranitar|32\/100 slp\n|cant|p1a: Tyranitar|slp\n|\n|-weather|Sandstorm|[upkeep]\n|-damage|p2b: Flutter Mane|88\/100|[from] Sandstorm\n|-damage|p2a: Chien-Pao|89\/100 brn|[from] Sandstorm\n|-damage|p1b: Houndstone|67\/100 brn|[from] brn\n|-damage|p2a: Chien-Pao|83\/100 brn|[from] brn\n|upkeep\n|turn|4\n|inactive|urgebkakxishbekys has 30 seconds left.\n|inactive|urgebkakxishbekys has 20 seconds left.\n|inactive|urgebkakxishbekys has 15 seconds left.\n|\n|t:|1681661725\n|-terastallize|p2b: Flutter Mane|Psychic\n|move|p2b: Flutter Mane|Psyshock|p1b: Houndstone\n|-damage|p1b: Houndstone|17\/100 brn\n|move|p1b: Houndstone|Scary Face|p2a: Chien-Pao\n|-unboost|p2a: Chien-Pao|spe|2\n|-curestatus|p1a: Tyranitar|slp|[msg]\n|move|p1a: Tyranitar|Rock Slide|p2b: Flutter Mane|[spread] p2a,p2b\n|-supereffective|p2a: Chien-Pao\n|-damage|p2a: Chien-Pao|0 fnt\n|-damage|p2b: Flutter Mane|0 fnt\n|faint|p2a: Chien-Pao\n|faint|p2b: Flutter Mane\n|-end|p2b: Flutter Mane|Protosynthesis|[silent]\n|\n|-weather|Sandstorm|[upkeep]\n|-damage|p1b: Houndstone|11\/100 brn|[from] brn\n|upkeep\n|\n|t:|1681661742\n|switch|p2a: Amoonguss|Amoonguss, L50, F|100\/100\n|switch|p2b: Arcanine|Arcanine, L50, M|94\/100\n|-ability|p2b: Arcanine|Intimidate|boost\n|-unboost|p1a: Tyranitar|atk|1\n|-unboost|p1b: Houndstone|atk|1\n|turn|5\n|inactive|urgebkakxishbekys has 30 seconds left.\n|inactive|urgebkakxishbekys has 20 seconds left.\n|inactive|urgebkakxishbekys has 15 seconds left.\n|\n|t:|1681661784\n|move|p2b: Arcanine|Protect|p2b: Arcanine\n|-singleturn|p2b: Arcanine|Protect\n|move|p1b: Houndstone|Scary Face|p2b: Arcanine\n|-activate|p2b: Arcanine|move: Protect\n|move|p1a: Tyranitar|Rock Slide|p2a: Amoonguss|[spread] p2a\n|-activate|p2b: Arcanine|move: Protect\n|-damage|p2a: Amoonguss|62\/100\n|move|p2a: Amoonguss|Pollen Puff|p1a: Tyranitar\n|-supereffective|p1a: Tyranitar\n|-damage|p1a: Tyranitar|16\/100\n|\n|-weather|none\n|-damage|p1b: Houndstone|5\/100 brn|[from] brn\n|upkeep\n|turn|6\n|inactive|urgebkakxishbekys has 30 seconds left.\n|\n|t:|1681661810\n|switch|p1b: Salamence|Salamence, L50, F|100\/100\n|-ability|p1b: Salamence|Intimidate|boost\n|-unboost|p2a: Amoonguss|atk|1\n|-unboost|p2b: Arcanine|atk|1\n|move|p2b: Arcanine|Flare Blitz|p1b: Salamence\n|-resisted|p1b: Salamence\n|-damage|p1b: Salamence|79\/100\n|-damage|p2b: Arcanine|88\/100|[from] Recoil\n|move|p1a: Tyranitar|Rock Slide|p2b: Arcanine|[spread] p2a,p2b\n|-supereffective|p2b: Arcanine\n|-damage|p2a: Amoonguss|18\/100\n|-damage|p2b: Arcanine|0 fnt\n|faint|p2b: Arcanine\n|move|p2a: Amoonguss|Spore|p1a: Tyranitar\n|-status|p1a: Tyranitar|slp|[from] move: Spore\n|\n|upkeep\n|turn|7\n|\n|t:|1681661832\n|move|p2a: Amoonguss|Protect|p2a: Amoonguss\n|-singleturn|p2a: Amoonguss|Protect\n|move|p1b: Salamence|Dual Wingbeat|p2a: Amoonguss\n|-activate|p2a: Amoonguss|move: Protect\n|cant|p1a: Tyranitar|slp\n|\n|upkeep\n|turn|8\n|\n|t:|1681661846\n|move|p1b: Salamence|Dual Wingbeat|p2a: Amoonguss\n|-supereffective|p2a: Amoonguss\n|-damage|p2a: Amoonguss|0 fnt\n|faint|p2a: Amoonguss\n|-hitcount|p2: Amoonguss|1\n|\n|win|urgebkakxishbekys\n|raw|urgebkakxishbekys's rating: 1122 → 1151<\/strong> (+29 for winning)\n|raw|tigaqwe's rating: 1173 → 1144<\/strong> (-29 for losing)\n|l|\u2606tigaqwe\n","uploadtime":1681661976,"views":13,"p1id":"urgebkakxishbekys","p2id":"tigaqwe","formatid":"gen9vgc2023regulationc","rating":1144,"private":0,"password":""}