{"id":"gen9vgc2023regulationc-1844835435","p1":"guacamoel","p2":"Jude Salinas","format":"[Gen 9] VGC 2023 Regulation C","log":"|j|\u2606guacamoel\n|j|\u2606Jude Salinas\n|t:|1681654489\n|gametype|doubles\n|player|p1|guacamoel|larry|\n|player|p2|Jude Salinas|102|\n|teamsize|p1|6\n|teamsize|p2|6\n|gen|9\n|tier|[Gen 9] VGC 2023 Regulation C\n|rule|Species Clause: Limit one of each Pok\u00e9mon\n|rule|Item Clause: Limit one of each item\n|clearpoke\n|poke|p1|Dragonite, L50, M|\n|poke|p1|Arcanine, L50, F|\n|poke|p1|Chien-Pao, L50|\n|poke|p1|Palafin, L50, F|\n|poke|p1|Amoonguss, L50, F|\n|poke|p1|Flutter Mane, L50|\n|poke|p2|Grimmsnarl, L50, M|\n|poke|p2|Salamence, L50, M|\n|poke|p2|Heracross, L50, M|\n|poke|p2|Arcanine, L50, M|\n|poke|p2|Corviknight, L50, M|\n|poke|p2|Chien-Pao, L50|\n|teampreview|4\n|inactive|Battle timer is ON: inactive players will automatically lose when time's up. (requested by guacamoel)\nguacamoel has agreed to open team sheets.\n|inactiveoff|Battle timer is now OFF.\n|c|\u2606guacamoel|team sheet bro\nJude Salinas has agreed to open team sheets.\n|\n|t:|1681654542\n|start\n|switch|p1a: Palafin|Palafin, L50, F|100\/100\n|switch|p1b: Flutter Mane|Flutter Mane, L50|100\/100\n|switch|p2a: Grimmsnarl|Grimmsnarl, L50, M|100\/100\n|switch|p2b: Arcanine|Arcanine, L50, M|100\/100\n|-ability|p2b: Arcanine|Intimidate|boost\n|-unboost|p1a: Palafin|atk|1\n|-unboost|p1b: Flutter Mane|atk|1\n|turn|1\n|\n|t:|1681654562\n|detailschange|p1a: Palafin|Palafin-Hero, L50, F\n|switch|p1a: Arcanine|Arcanine, L50, F|100\/100\n|-ability|p1a: Arcanine|Intimidate|boost\n|-unboost|p2a: Grimmsnarl|atk|1\n|-unboost|p2b: Arcanine|atk|1\n|move|p2a: Grimmsnarl|Light Screen|p2a: Grimmsnarl\n|-sidestart|p2: Jude Salinas|move: Light Screen\n|move|p1b: Flutter Mane|Moonblast|p2a: Grimmsnarl\n|-supereffective|p2a: Grimmsnarl\n|-damage|p2a: Grimmsnarl|0 fnt\n|faint|p2a: Grimmsnarl\n|move|p2b: Arcanine|Will-O-Wisp|p1b: Flutter Mane\n|-status|p1b: Flutter Mane|brn\n|\n|-damage|p1b: Flutter Mane|95\/100 brn|[from] brn\n|upkeep\n|\n|t:|1681654575\n|switch|p2a: Salamence|Salamence, L50, M|100\/100\n|-ability|p2a: Salamence|Intimidate|boost\n|-unboost|p1a: Arcanine|atk|1\n|-unboost|p1b: Flutter Mane|atk|1\n|turn|2\n|\n|t:|1681654601\n|-end|p1b: Flutter Mane|Protosynthesis|[silent]\n|switch|p1b: Palafin|Palafin-Hero, L50, F|100\/100\n|-activate|p1b: Palafin|ability: Zero to Hero\n|-terastallize|p2a: Salamence|Steel\n|move|p2b: Arcanine|Snarl|p1b: Palafin|[spread] p1a,p1b\n|-damage|p1a: Arcanine|92\/100\n|-damage|p1b: Palafin|93\/100\n|-unboost|p1a: Arcanine|spa|1\n|-unboost|p1b: Palafin|spa|1\n|move|p2a: Salamence|Iron Head|p1b: Palafin\n|-resisted|p1b: Palafin\n|-damage|p1b: Palafin|61\/100\n|move|p1a: Arcanine|Howl|p1a: Arcanine|[spread] p1a,p1b\n|-boost|p1a: Arcanine|atk|1\n|-boost|p1b: Palafin|atk|1\n|\n|upkeep\n|turn|3\n|\n|t:|1681654625\n|switch|p2b: Corviknight|Corviknight, L50, M|100\/100\n|move|p1b: Palafin|Protect|p1b: Palafin\n|-singleturn|p1b: Palafin|Protect\n|move|p2a: Salamence|Iron Head|p1b: Palafin\n|-activate|p1b: Palafin|move: Protect\n|move|p1a: Arcanine|Flare Blitz|p2a: Salamence\n|-supereffective|p2a: Salamence\n|-damage|p2a: Salamence|0 fnt\n|faint|p2a: Salamence\n|-damage|p1a: Arcanine|63\/100|[from] Recoil\n|\n|upkeep\n|\n|t:|1681654636\n|switch|p2a: Arcanine|Arcanine, L50, M|100\/100\n|-ability|p2a: Arcanine|Intimidate|boost\n|-unboost|p1a: Arcanine|atk|1\n|-unboost|p1b: Palafin|atk|1\n|turn|4\n|\n|t:|1681654693\n|switch|p1a: Chien-Pao|Chien-Pao, L50|100\/100\n|-ability|p1a: Chien-Pao|Sword of Ruin\n|-terastallize|p1b: Palafin|Water\n|move|p1b: Palafin|Jet Punch|p2a: Arcanine\n|-supereffective|p2a: Arcanine\n|-damage|p2a: Arcanine|0 fnt\n|faint|p2a: Arcanine\n|move|p2b: Corviknight|Bulk Up|p2b: Corviknight\n|-boost|p2b: Corviknight|atk|1\n|-boost|p2b: Corviknight|def|1\n|\n|upkeep\n|turn|5\n|\n|t:|1681654716\n|move|p1a: Chien-Pao|Ice Spinner|p2b: Corviknight\n|-damage|p2b: Corviknight|80\/100\n|move|p1b: Palafin|Wave Crash|p2b: Corviknight\n|-damage|p2b: Corviknight|8\/100\n|-damage|p1b: Palafin|37\/100|[from] Recoil\n|move|p2b: Corviknight|Body Press|p1a: Chien-Pao\n|-supereffective|p1a: Chien-Pao\n|-enditem|p1a: Chien-Pao|Focus Sash\n|-damage|p1a: Chien-Pao|1\/100\n|\n|-heal|p2b: Corviknight|14\/100|[from] item: Leftovers\n|upkeep\n|turn|6\n|\n|t:|1681654769\n|move|p1b: Palafin|Jet Punch|p2b: Corviknight\n|-damage|p2b: Corviknight|0 fnt\n|faint|p2b: Corviknight\n|\n|win|guacamoel\n|l|\u2606Jude Salinas\n","uploadtime":1681655152,"views":15,"p1id":"guacamoel","p2id":"judesalinas","formatid":"gen9vgc2023regulationc","rating":0,"private":0,"password":""}