{"id":"gen9vgc2023regulationc-1847766715","p1":"Aigashu-15","p2":"Toad507","format":"[Gen 9] VGC 2023 Regulation C","log":"|j|\u2606Aigashu-15\n|j|\u2606Toad507\n|t:|1682000206\n|gametype|doubles\n|player|p1|Aigashu-15|169|1091\n|player|p2|Toad507|169|1000\n|teamsize|p1|6\n|teamsize|p2|6\n|gen|9\n|tier|[Gen 9] VGC 2023 Regulation C\n|rated|\n|rule|Species Clause: Limit one of each Pok\u00e9mon\n|rule|Item Clause: Limit one of each item\n|clearpoke\n|poke|p1|Arboliva, L50, M|\n|poke|p1|Iron Hands, L50|\n|poke|p1|Farigiraf, L50, F|\n|poke|p1|Glimmora, L50, F|\n|poke|p1|Mimikyu, L50, F|\n|poke|p1|Slowking, L50, M|\n|poke|p2|Baxcalibur, L50, F|\n|poke|p2|Armarouge, L50, F|\n|poke|p2|Chi-Yu, L50|\n|poke|p2|Scizor, L50, F|\n|poke|p2|Ceruledge, L50, F|\n|poke|p2|Glimmora, L50, F|\n|teampreview|4\n|inactive|Battle timer is ON: inactive players will automatically lose when time's up. (requested by Toad507)\nAigashu-15 has agreed to open team sheets.\n|inactive|Aigashu-15 has 60 seconds left.\n|inactive|Toad507 has 60 seconds left.\n|inactive|Aigashu-15 has 30 seconds left.\n|\n|t:|1682000283\n|start\n|switch|p1a: Slowking|Slowking, L50, M|100\/100\n|switch|p1b: GurrenLagan|Glimmora, L50, F|100\/100\n|switch|p2a: Chi-Yu|Chi-Yu, L50|100\/100\n|switch|p2b: Armarouge|Armarouge, L50, F, shiny|100\/100\n|-ability|p2a: Chi-Yu|Beads of Ruin\n|turn|1\n|inactive|Aigashu-15 has 30 seconds left.\n|inactive|Aigashu-15 has 20 seconds left.\n|inactive|Aigashu-15 has 15 seconds left.\n|\n|t:|1682000325\n|move|p2b: Armarouge|Expanding Force|p1b: GurrenLagan\n|-supereffective|p1b: GurrenLagan\n|-damage|p1b: GurrenLagan|0 fnt\n|faint|p1b: GurrenLagan\n|move|p2a: Chi-Yu|Lava Plume|p1a: Slowking|[spread] p1a\n|-start|p2b: Armarouge|ability: Flash Fire\n|-resisted|p1a: Slowking\n|-damage|p1a: Slowking|70\/100\n|-status|p1a: Slowking|brn\n|move|p1a: Slowking|Trick Room|p1a: Slowking\n|-fieldstart|move: Trick Room|[of] p1a: Slowking\n|\n|-damage|p1a: Slowking|64\/100 brn|[from] brn\n|upkeep\n|\n|t:|1682000338\n|switch|p1b: Manoalegre|Iron Hands, L50|100\/100\n|turn|2\n|\n|t:|1682000344\n|switch|p2a: Scizor|Scizor, L50, F|100\/100\n|-end|p2b: Armarouge|ability: Flash Fire|[silent]\n|switch|p2b: Ceruledge|Ceruledge, L50, F, shiny|100\/100\n|move|p1b: Manoalegre|Fake Out|p2b: Ceruledge\n|-immune|p2b: Ceruledge\n|move|p1a: Slowking|Chilling Water|p2a: Scizor\n|-damage|p2a: Scizor|65\/100\n|-unboost|p2a: Scizor|atk|1\n|-damage|p1a: Slowking|55\/100 brn|[from] item: Life Orb\n|\n|-damage|p1a: Slowking|49\/100 brn|[from] brn\n|upkeep\n|turn|3\n|\n|t:|1682000364\n|move|p1a: Slowking|Slack Off|p1a: Slowking\n|-heal|p1a: Slowking|99\/100 brn\n|move|p1b: Manoalegre|Drain Punch|p2a: Scizor\n|-damage|p2a: Scizor|18\/100\n|move|p2a: Scizor|Swords Dance|p2a: Scizor\n|-boost|p2a: Scizor|atk|2\n|move|p2b: Ceruledge|Bulk Up|p2b: Ceruledge\n|-boost|p2b: Ceruledge|atk|1\n|-boost|p2b: Ceruledge|def|1\n|\n|-damage|p1a: Slowking|93\/100 brn|[from] brn\n|upkeep\n|turn|4\n|\n|t:|1682000386\n|move|p2a: Scizor|Bullet Punch|p1b: Manoalegre\n|-resisted|p1b: Manoalegre\n|-damage|p1b: Manoalegre|83\/100\n|move|p1a: Slowking|Chilling Water|p2b: Ceruledge\n|-supereffective|p2b: Ceruledge\n|-damage|p2b: Ceruledge|34\/100\n|-damage|p1a: Slowking|83\/100 brn|[from] item: Life Orb\n|move|p1b: Manoalegre|Drain Punch|p2a: Scizor\n|-damage|p2a: Scizor|0 fnt\n|-heal|p1b: Manoalegre|90\/100|[from] drain|[of] p2a: Scizor\n|faint|p2a: Scizor\n|move|p2b: Ceruledge|Bitter Blade|p1b: Manoalegre\n|-damage|p1b: Manoalegre|49\/100\n|-heal|p2b: Ceruledge|65\/100|[from] drain|[of] p1b: Manoalegre\n|\n|-damage|p1a: Slowking|78\/100 brn|[from] brn\n|upkeep\n|\n|t:|1682000408\n|switch|p2a: Chi-Yu|Chi-Yu, L50|100\/100\n|-ability|p2a: Chi-Yu|Beads of Ruin\n|turn|5\n|\n|t:|1682000429\n|-terastallize|p1a: Slowking|Dark\n|move|p1a: Slowking|Chilling Water|p2b: Ceruledge\n|-supereffective|p2b: Ceruledge\n|-damage|p2b: Ceruledge|0 fnt\n|faint|p2b: Ceruledge\n|-damage|p1a: Slowking|68\/100 brn|[from] item: Life Orb\n|move|p1b: Manoalegre|Drain Punch|p2a: Chi-Yu\n|-supereffective|p2a: Chi-Yu\n|-damage|p2a: Chi-Yu|0 fnt\n|-heal|p1b: Manoalegre|77\/100|[from] drain|[of] p2a: Chi-Yu\n|faint|p2a: Chi-Yu\n|\n|-damage|p1a: Slowking|62\/100 brn|[from] brn\n|-fieldend|move: Trick Room\n|upkeep\n|\n|t:|1682000445\n|switch|p2b: Armarouge|Armarouge, L50, F, shiny|100\/100\n|turn|6\n|-message|Toad507 forfeited.\n|\n|win|Aigashu-15\n|raw|Aigashu-15's rating: 1091 → 1111<\/strong> (+20 for winning)\n|raw|Toad507's rating: 1000 → 1000<\/strong> (+0 for losing)\n|l|\u2606Toad507\n","uploadtime":1682000479,"views":10,"p1id":"aigashu15","p2id":"toad507","formatid":"gen9vgc2023regulationc","rating":1000,"private":0,"password":""}