{"id":"gen9vgc2023regulationc-1864070871","p1":"Mess in Distress","p2":"AndrwApple","format":"[Gen 9] VGC 2023 Regulation C","log":"|j|\u2606Mess in Distress\n|j|\u2606AndrwApple\n|t:|1684113280\n|gametype|doubles\n|player|p1|Mess in Distress|1|1680\n|player|p2|AndrwApple|acetrainerf-gen7|1754\n|teamsize|p1|6\n|teamsize|p2|6\n|gen|9\n|tier|[Gen 9] VGC 2023 Regulation C\n|rated|\n|rule|Species Clause: Limit one of each Pok\u00e9mon\n|rule|Item Clause: Limit one of each item\n|clearpoke\n|poke|p1|Dondozo, L50, F|\n|poke|p1|Tatsugiri-Droopy, L50, F|\n|poke|p1|Flutter Mane, L50|\n|poke|p1|Chi-Yu, L50|\n|poke|p1|Dragonite, L50, M|\n|poke|p1|Iron Hands, L50|\n|poke|p2|Baxcalibur, L50, M|\n|poke|p2|Iron Bundle, L50|\n|poke|p2|Abomasnow, L50, F|\n|poke|p2|Arcanine, L50, M|\n|poke|p2|Gholdengo, L50|\n|poke|p2|Flutter Mane, L50|\n|teampreview|4\n|j| jdarcan\n|\n|t:|1684113304\n|start\n|switch|p1a: Iron Hands|Iron Hands, L50|100\/100\n|switch|p1b: Chi-Yu|Chi-Yu, L50|100\/100\n|switch|p2a: Baxcalibur|Baxcalibur, L50, M|100\/100\n|switch|p2b: Abomasnow|Abomasnow, L50, F|100\/100\n|-ability|p1b: Chi-Yu|Beads of Ruin\n|-weather|Snow|[from] ability: Snow Warning|[of] p2b: Abomasnow\n|turn|1\n|\n|t:|1684113313\n|-terastallize|p2b: Abomasnow|Water\n|move|p1b: Chi-Yu|Heat Wave|p2a: Baxcalibur|[spread] p2a,p2b\n|-resisted|p2b: Abomasnow\n|-damage|p2a: Baxcalibur|69\/100\n|-damage|p2b: Abomasnow|72\/100\n|-ability|p2a: Baxcalibur|Thermal Exchange|boost\n|-boost|p2a: Baxcalibur|atk|1\n|move|p2a: Baxcalibur|Earthquake|p1a: Iron Hands|[spread] p2b,p1a,p1b\n|-supereffective|p1a: Iron Hands\n|-supereffective|p1b: Chi-Yu\n|-damage|p2b: Abomasnow|14\/100\n|-damage|p1a: Iron Hands|43\/100\n|-damage|p1b: Chi-Yu|0 fnt\n|faint|p1b: Chi-Yu\n|move|p2b: Abomasnow|Aurora Veil|p2b: Abomasnow\n|-sidestart|p2: AndrwApple|move: Aurora Veil\n|move|p1a: Iron Hands|Swords Dance|p1a: Iron Hands\n|-boost|p1a: Iron Hands|atk|2\n|\n|-weather|Snow|[upkeep]\n|upkeep\n|\n|t:|1684113326\n|switch|p1b: Dondozo|Dondozo, L50, F, shiny|100\/100\n|turn|2\n|\n|t:|1684113335\n|move|p1a: Iron Hands|Protect|p1a: Iron Hands\n|-singleturn|p1a: Iron Hands|Protect\n|move|p2a: Baxcalibur|Earthquake|p1b: Dondozo|[spread] p2b,p1b\n|-activate|p1a: Iron Hands|move: Protect\n|-crit|p1b: Dondozo\n|-damage|p2b: Abomasnow|0 fnt\n|-damage|p1b: Dondozo|66\/100\n|faint|p2b: Abomasnow\n|move|p1b: Dondozo|Yawn|p2a: Baxcalibur\n|-start|p2a: Baxcalibur|move: Yawn|[of] p1b: Dondozo\n|\n|-weather|Snow|[upkeep]\n|-heal|p1b: Dondozo|72\/100|[from] item: Leftovers\n|upkeep\n|\n|t:|1684113343\n|switch|p2b: Iron Bundle|Iron Bundle, L50|100\/100\n|turn|3\n|\n|t:|1684113355\n|switch|p2a: Flutter Mane|Flutter Mane, L50|100\/100\n|-enditem|p2a: Flutter Mane|Booster Energy\n|-activate|p2a: Flutter Mane|ability: Protosynthesis|[fromitem]\n|-start|p2a: Flutter Mane|protosynthesisspe\n|move|p2b: Iron Bundle|Blizzard|p1b: Dondozo|[spread] p1a,p1b\n|-resisted|p1b: Dondozo\n|-damage|p1a: Iron Hands|0 fnt\n|-damage|p1b: Dondozo|44\/100\n|faint|p1a: Iron Hands\n|-end|p1a: Iron Hands|Quark Drive|[silent]\n|move|p1b: Dondozo|Wave Crash|p2a: Flutter Mane\n|-damage|p2a: Flutter Mane|26\/100\n|-damage|p1b: Dondozo|29\/100|[from] Recoil\n|\n|-weather|Snow|[upkeep]\n|-heal|p1b: Dondozo|35\/100|[from] item: Leftovers\n|upkeep\n|\n|t:|1684113368\n|switch|p1a: Flutter Mane|Flutter Mane, L50, shiny|100\/100\n|turn|4\n|\n|t:|1684113375\n|-terastallize|p1a: Flutter Mane|Fairy\n|move|p2a: Flutter Mane|Fake Tears|p1a: Flutter Mane\n|-unboost|p1a: Flutter Mane|spd|2\n|move|p2b: Iron Bundle|Blizzard|p1a: Flutter Mane|[spread] p1a,p1b\n|-resisted|p1b: Dondozo\n|-damage|p1a: Flutter Mane|0 fnt\n|-damage|p1b: Dondozo|11\/100\n|-status|p1b: Dondozo|frz\n|faint|p1a: Flutter Mane\n|-end|p1a: Flutter Mane|Protosynthesis|[silent]\n|cant|p1b: Dondozo|frz\n|\n|-weather|Snow|[upkeep]\n|-heal|p1b: Dondozo|17\/100 frz|[from] item: Leftovers\n|upkeep\n|turn|5\n|c|\u2606AndrwApple|gg wp\n|\n|t:|1684113389\n|move|p2a: Flutter Mane|Shadow Ball|p1b: Dondozo\n|-damage|p1b: Dondozo|0 fnt\n|faint|p1b: Dondozo\n|\n|win|AndrwApple\n|raw|Mess in Distress's rating: 1680 → 1664<\/strong> (-16 for losing)\n|raw|AndrwApple's rating: 1754 → 1770<\/strong> (+16 for winning)\n","uploadtime":1684113392,"views":13,"p1id":"messindistress","p2id":"andrwapple","formatid":"gen9vgc2023regulationc","rating":1664,"private":0,"password":""}