{"id":"gen9vgc2023regulationc-1853477206","p1":"ParadoxOfParadox","p2":"RADIO4CTIVE","format":"[Gen 9] VGC 2023 Regulation C","log":"|j|\u2606ParadoxOfParadox\n|j|\u203dRADIO4CTIVE\n|t:|1682689093\n|gametype|doubles\n|player|p1|ParadoxOfParadox|acetrainercouple|1160\n|player|p2|RADIO4CTIVE|depotagent|1195\n|teamsize|p1|6\n|teamsize|p2|6\n|gen|9\n|tier|[Gen 9] VGC 2023 Regulation C\n|rated|\n|rule|Species Clause: Limit one of each Pok\u00e9mon\n|rule|Item Clause: Limit one of each item\n|clearpoke\n|poke|p1|Arcanine, L50, F|\n|poke|p1|Gyarados, L50, F|\n|poke|p1|Salamence, L50, F|\n|poke|p1|Krookodile, L50, F|\n|poke|p1|Luxray, L50, M|\n|poke|p1|Tauros-Paldea-Aqua, L50, M|\n|poke|p2|Flutter Mane, L50|\n|poke|p2|Arcanine, L50, F|\n|poke|p2|Amoonguss, L50, M|\n|poke|p2|Palafin, L50, M|\n|poke|p2|Gholdengo, L50|\n|poke|p2|Great Tusk, L50|\n|teampreview|4\n|\n|t:|1682689127\n|start\n|switch|p1a: Gyarados|Gyarados, L50, F|100\/100\n|switch|p1b: Krookodile|Krookodile, L50, F|100\/100\n|switch|p2a: Arcanine|Arcanine, L50, F|100\/100\n|switch|p2b: Palafin|Palafin, L50, M|100\/100\n|-ability|p1b: Krookodile|Intimidate|boost\n|-unboost|p2a: Arcanine|atk|1\n|-unboost|p2b: Palafin|atk|1\n|-ability|p1a: Gyarados|Intimidate|boost\n|-unboost|p2a: Arcanine|atk|1\n|-unboost|p2b: Palafin|atk|1\n|-ability|p2a: Arcanine|Intimidate|boost\n|-fail|p1a: Gyarados|unboost|[from] item: Clear Amulet|[of] p1a: Gyarados\n|-unboost|p1b: Krookodile|atk|1\n|turn|1\n|\n|t:|1682689162\n|-terastallize|p2a: Arcanine|Water\n|move|p2b: Palafin|Protect|p2b: Palafin\n|-singleturn|p2b: Palafin|Protect\n|move|p1b: Krookodile|Earthquake|p2a: Arcanine|[spread] p2a\n|-activate|p2b: Palafin|move: Protect\n|-immune|p1a: Gyarados\n|-damage|p2a: Arcanine|72\/100\n|move|p1a: Gyarados|Dragon Dance|p1a: Gyarados\n|-boost|p1a: Gyarados|atk|1\n|-boost|p1a: Gyarados|spe|1\n|move|p2a: Arcanine|Will-O-Wisp|p1b: Krookodile\n|-status|p1b: Krookodile|brn\n|\n|-damage|p1b: Krookodile|95\/100 brn|[from] brn\n|upkeep\n|turn|2\n|\n|t:|1682689181\n|switch|p1b: Salamence|Salamence, L50, F|100\/100\n|-ability|p1b: Salamence|Intimidate|boost\n|-unboost|p2a: Arcanine|atk|1\n|-unboost|p2b: Palafin|atk|1\n|-terastallize|p1a: Gyarados|Ground\n|move|p1a: Gyarados|Earthquake|p2b: Palafin|[spread] p2a,p2b\n|-immune|p1b: Salamence\n|-damage|p2a: Arcanine|1\/100\n|-damage|p2b: Palafin|25\/100\n|-enditem|p2a: Arcanine|Figy Berry|[eat]\n|-heal|p2a: Arcanine|34\/100|[from] item: Figy Berry\n|move|p2a: Arcanine|Will-O-Wisp|p1a: Gyarados\n|-status|p1a: Gyarados|brn\n|move|p2b: Palafin|Haze|p2b: Palafin\n|-clearallboost\n|\n|-damage|p1a: Gyarados|95\/100 brn|[from] brn\n|upkeep\n|turn|3\n|\n|t:|1682689219\n|detailschange|p2b: Palafin|Palafin-Hero, L50, M\n|switch|p2b: Flutter Mane|Flutter Mane, L50|100\/100\n|-enditem|p2b: Flutter Mane|Booster Energy\n|-activate|p2b: Flutter Mane|ability: Protosynthesis|[fromitem]\n|-start|p2b: Flutter Mane|protosynthesisspa\n|move|p1b: Salamence|Draco Meteor|p2b: Flutter Mane\n|-immune|p2b: Flutter Mane\n|move|p1a: Gyarados|Dragon Dance|p1a: Gyarados\n|-boost|p1a: Gyarados|atk|1\n|-boost|p1a: Gyarados|spe|1\n|move|p2a: Arcanine|Will-O-Wisp|p1b: Salamence\n|-status|p1b: Salamence|brn\n|\n|-damage|p1a: Gyarados|89\/100 brn|[from] brn\n|-damage|p1b: Salamence|95\/100 brn|[from] brn\n|upkeep\n|turn|4\n|\n|t:|1682689237\n|move|p2a: Arcanine|Protect|p2a: Arcanine\n|-singleturn|p2a: Arcanine|Protect\n|move|p1a: Gyarados|Earthquake|p2a: Arcanine|[spread] p2b\n|-activate|p2a: Arcanine|move: Protect\n|-immune|p1b: Salamence\n|-damage|p2b: Flutter Mane|46\/100\n|move|p2b: Flutter Mane|Dazzling Gleam|p1a: Gyarados|[spread] p1a,p1b\n|-supereffective|p1b: Salamence\n|-damage|p1a: Gyarados|46\/100 brn\n|-damage|p1b: Salamence|0 fnt\n|faint|p1b: Salamence\n|\n|-damage|p1a: Gyarados|40\/100 brn|[from] brn\n|upkeep\n|\n|t:|1682689250\n|switch|p1b: Krookodile|Krookodile, L50, F|95\/100 brn\n|-ability|p1b: Krookodile|Intimidate|boost\n|-unboost|p2a: Arcanine|atk|1\n|-unboost|p2b: Flutter Mane|atk|1\n|turn|5\n|\n|t:|1682689261\n|move|p2b: Flutter Mane|Protect|p2b: Flutter Mane\n|-singleturn|p2b: Flutter Mane|Protect\n|move|p1b: Krookodile|Protect|p1b: Krookodile\n|-singleturn|p1b: Krookodile|Protect\n|move|p1a: Gyarados|Earthquake|p2a: Arcanine|[spread] p2a\n|-activate|p1b: Krookodile|move: Protect\n|-activate|p2b: Flutter Mane|move: Protect\n|-damage|p2a: Arcanine|0 fnt\n|faint|p2a: Arcanine\n|\n|-damage|p1a: Gyarados|35\/100 brn|[from] brn\n|-damage|p1b: Krookodile|89\/100 brn|[from] brn\n|upkeep\n|\n|t:|1682689267\n|switch|p2a: Palafin|Palafin-Hero, L50, M|25\/100\n|-activate|p2a: Palafin|ability: Zero to Hero\n|turn|6\n|\n|t:|1682689289\n|move|p1a: Gyarados|Protect|p1a: Gyarados\n|-singleturn|p1a: Gyarados|Protect\n|move|p2a: Palafin|Jet Punch|p1a: Gyarados\n|-activate|p1a: Gyarados|move: Protect\n|move|p2b: Flutter Mane|Moonblast|p1b: Krookodile\n|-supereffective|p1b: Krookodile\n|-damage|p1b: Krookodile|0 fnt\n|faint|p1b: Krookodile\n|\n|-damage|p1a: Gyarados|29\/100 brn|[from] brn\n|upkeep\n|\n|t:|1682689295\n|switch|p1b: Arcanine|Arcanine, L50, F|100\/100\n|-ability|p1b: Arcanine|Intimidate|boost\n|-unboost|p2a: Palafin|atk|1\n|-unboost|p2b: Flutter Mane|atk|1\n|turn|7\n|\n|t:|1682689308\n|switch|p2a: Gholdengo|Gholdengo, L50|100\/100\n|move|p2b: Flutter Mane|Protect|p2b: Flutter Mane\n|-singleturn|p2b: Flutter Mane|Protect\n|move|p1b: Arcanine|Extreme Speed|p2a: Gholdengo\n|-immune|p2a: Gholdengo\n|move|p1a: Gyarados|Waterfall|p2b: Flutter Mane\n|-activate|p2b: Flutter Mane|move: Protect\n|\n|-damage|p1a: Gyarados|23\/100 brn|[from] brn\n|upkeep\n|turn|8\n|\n|t:|1682689326\n|move|p1a: Gyarados|Waterfall|p2b: Flutter Mane\n|-damage|p2b: Flutter Mane|0 fnt\n|faint|p2b: Flutter Mane\n|-end|p2b: Flutter Mane|Protosynthesis|[silent]\n|move|p1b: Arcanine|Flare Blitz|p2a: Gholdengo\n|-supereffective|p2a: Gholdengo\n|-damage|p2a: Gholdengo|0 fnt\n|faint|p2a: Gholdengo\n|-damage|p1b: Arcanine|69\/100|[from] Recoil\n|\n|-damage|p1a: Gyarados|17\/100 brn|[from] brn\n|upkeep\n|\n|t:|1682689330\n|switch|p2b: Palafin|Palafin-Hero, L50, M|25\/100\n|turn|9\n|\n|t:|1682689335\n|move|p1a: Gyarados|Protect|p1a: Gyarados\n|-singleturn|p1a: Gyarados|Protect\n|move|p1b: Arcanine|Extreme Speed|p2b: Palafin\n|-crit|p2b: Palafin\n|-damage|p2b: Palafin|0 fnt\n|faint|p2b: Palafin\n|\n|win|ParadoxOfParadox\n|raw|ParadoxOfParadox's rating: 1160 → 1188<\/strong> (+28 for winning)\n|raw|RADIO4CTIVE's rating: 1195 → 1167<\/strong> (-28 for losing)\n|l|\u203dRADIO4CTIVE\n","uploadtime":1682689340,"views":9,"p1id":"paradoxofparadox","p2id":"radio4ctive","formatid":"gen9vgc2023regulationc","rating":1167,"private":0,"password":""}