{"id":"gen9vgc2023regulationc-1854827159","p1":"Keveloper","p2":"HeffNastyy","format":"[Gen 9] VGC 2023 Regulation C","log":"|j|\u2606Keveloper\n|j|\u2606HeffNastyy\n|t:|1682870675\n|gametype|doubles\n|player|p1|Keveloper|lucas|\n|player|p2|HeffNastyy|lance|\n|teamsize|p1|6\n|teamsize|p2|6\n|gen|9\n|tier|[Gen 9] VGC 2023 Regulation C\n|rule|Species Clause: Limit one of each Pok\u00e9mon\n|rule|Item Clause: Limit one of each item\n|clearpoke\n|poke|p1|Orthworm, L50, F|\n|poke|p1|Dragonite, L50, M|\n|poke|p1|Ting-Lu, L50|\n|poke|p1|Gyarados, L50, F|\n|poke|p1|Flutter Mane, L50|\n|poke|p1|Chien-Pao, L50|\n|poke|p2|Garchomp, L50, F|\n|poke|p2|Chien-Pao, L50|\n|poke|p2|Talonflame, L50, F|\n|poke|p2|Gyarados, L50, F|\n|poke|p2|Flutter Mane, L50|\n|poke|p2|Iron Hands, L50|\n|teampreview|4\n|c|\u2606HeffNastyy|g2\nHeffNastyy has agreed to open team sheets.\nKeveloper has agreed to open team sheets.\n|c|\u2606Keveloper|you ready?\n|j| SirSmokeVGC\n|c|\u2606HeffNastyy|yeah\n|c|\u2606Keveloper|glhf\n|inactive|Battle timer is ON: inactive players will automatically lose when time's up. (requested by Keveloper)\n|c|\u2606HeffNastyy|u2\n|inactive|Keveloper has 60 seconds left.\n|inactive|HeffNastyy has 60 seconds left.\n|\n|t:|1682871319\n|start\n|switch|p1a: Orthworm|Orthworm, L50, F|100\/100\n|switch|p1b: Gyarados|Gyarados, L50, F|100\/100\n|switch|p2a: Riley|Iron Hands, L50|100\/100\n|switch|p2b: Diego|Chien-Pao, L50|100\/100\n|-ability|p2b: Diego|Sword of Ruin\n|-ability|p1b: Gyarados|Intimidate|boost\n|-unboost|p2a: Riley|atk|1\n|-unboost|p2b: Diego|atk|1\n|turn|1\n|inactive|Keveloper has 30 seconds left.\n|inactive|HeffNastyy has 30 seconds left.\n|inactive|Keveloper has 20 seconds left.\n|\n|t:|1682871359\n|switch|p1b: Ting-Lu|Ting-Lu, L50|100\/100\n|-ability|p1b: Ting-Lu|Vessel of Ruin\n|move|p2b: Diego|Haze|p2b: Diego\n|-clearallboost\n|move|p1a: Orthworm|Shed Tail|p1a: Orthworm\n|-start|p1a: Orthworm|Substitute|[from] move: Shed Tail\n|-damage|p1a: Orthworm|50\/100\n|-enditem|p1a: Orthworm|Sitrus Berry|[eat]\n|-heal|p1a: Orthworm|75\/100|[from] item: Sitrus Berry\n|\n|t:|1682871372\n|switch|p1a: Gyarados|Gyarados, L50, F|100\/100|[from] Shed Tail\n|-ability|p1a: Gyarados|Intimidate|boost\n|-unboost|p2a: Riley|atk|1\n|-unboost|p2b: Diego|atk|1\n|move|p2a: Riley|Wild Charge|p1b: Ting-Lu\n|-immune|p1b: Ting-Lu\n|\n|upkeep\n|turn|2\n|\n|t:|1682871395\n|move|p2b: Diego|Ice Spinner|p1a: Gyarados\n|-end|p1a: Gyarados|Substitute\n|move|p1a: Gyarados|Waterfall|p2a: Riley\n|-damage|p2a: Riley|69\/100\n|move|p1b: Ting-Lu|Bulldoze|p2b: Diego|[spread] p2a,p2b\n|-immune|p1a: Gyarados\n|-supereffective|p2a: Riley\n|-damage|p2a: Riley|26\/100\n|-damage|p2b: Diego|71\/100\n|-unboost|p2a: Riley|spe|1\n|-unboost|p2b: Diego|spe|1\n|move|p2a: Riley|Drain Punch|p1b: Ting-Lu\n|-supereffective|p1b: Ting-Lu\n|-damage|p1b: Ting-Lu|52\/100\n|-heal|p2a: Riley|49\/100|[from] drain|[of] p1b: Ting-Lu\n|\n|upkeep\n|turn|3\n|\n|t:|1682871416\n|-terastallize|p2a: Riley|Grass\n|move|p2b: Diego|Haze|p2b: Diego\n|-clearallboost\n|move|p1a: Gyarados|Bulldoze|p2a: Riley|[spread] p1b,p2a,p2b\n|-resisted|p2a: Riley\n|-damage|p1b: Ting-Lu|41\/100\n|-damage|p2a: Riley|43\/100\n|-damage|p2b: Diego|52\/100\n|-unboost|p1b: Ting-Lu|spe|1\n|-unboost|p2a: Riley|spe|1\n|-unboost|p2b: Diego|spe|1\n|move|p1b: Ting-Lu|Earthquake|p2b: Diego|[spread] p2a,p2b\n|-immune|p1a: Gyarados\n|-resisted|p2a: Riley\n|-damage|p2a: Riley|25\/100\n|-damage|p2b: Diego|0 fnt\n|faint|p2b: Diego\n|move|p2a: Riley|Drain Punch|p1b: Ting-Lu\n|-supereffective|p1b: Ting-Lu\n|-damage|p1b: Ting-Lu|0 fnt\n|-heal|p2a: Riley|44\/100|[from] drain|[of] p1b: Ting-Lu\n|faint|p1b: Ting-Lu\n|\n|upkeep\n|\n|t:|1682871440\n|switch|p2b: Jaws|Gyarados, L50, F, shiny|100\/100\n|switch|p1b: Orthworm|Orthworm, L50, F|75\/100\n|-ability|p2b: Jaws|Intimidate|boost\n|-unboost|p1a: Gyarados|atk|1\n|-unboost|p1b: Orthworm|atk|1\n|turn|4\n|\n|t:|1682871455\n|move|p1a: Gyarados|Taunt|p2b: Jaws\n|-start|p2b: Jaws|move: Taunt\n|cant|p2b: Jaws|move: Taunt|Taunt\n|move|p1b: Orthworm|Shed Tail|p1b: Orthworm\n|-start|p1b: Orthworm|Substitute|[from] move: Shed Tail\n|-damage|p1b: Orthworm|25\/100\n|\n|t:|1682871461\n|switch|p1b: Dragonite|Dragonite, L50, M|100\/100|[from] Shed Tail\n|move|p2a: Riley|Wild Charge|p1a: Gyarados\n|-supereffective|p1a: Gyarados\n|-damage|p1a: Gyarados|0 fnt\n|faint|p1a: Gyarados\n|-damage|p2a: Riley|24\/100|[from] Recoil\n|\n|upkeep\n|\n|t:|1682871467\n|switch|p1a: Orthworm|Orthworm, L50, F|25\/100\n|turn|5\n|inactive|HeffNastyy has 30 seconds left.\n|\n|t:|1682871500\n|-terastallize|p1b: Dragonite|Flying\n|move|p1b: Dragonite|Tera Blast|p2a: Riley\n|-supereffective|p2a: Riley\n|-damage|p2a: Riley|0 fnt\n|faint|p2a: Riley\n|-end|p2a: Riley|Quark Drive|[silent]\n|move|p2b: Jaws|Waterfall|p1a: Orthworm\n|-damage|p1a: Orthworm|0 fnt\n|faint|p1a: Orthworm\n|\n|upkeep\n|\n|t:|1682871511\n|switch|p2a: Lilith|Flutter Mane, L50, shiny|100\/100\n|-enditem|p2a: Lilith|Booster Energy\n|-activate|p2a: Lilith|ability: Protosynthesis|[fromitem]\n|-start|p2a: Lilith|protosynthesisspa\n|turn|6\n|\n|t:|1682871530\n|move|p2a: Lilith|Moonblast|p1b: Dragonite\n|-end|p1b: Dragonite|Substitute\n|move|p1b: Dragonite|Dragon Dance|p1b: Dragonite\n|-boost|p1b: Dragonite|atk|1\n|-boost|p1b: Dragonite|spe|1\n|move|p2b: Jaws|Waterfall|p1b: Dragonite\n|-damage|p1b: Dragonite|83\/100\n|\n|-end|p2b: Jaws|move: Taunt\n|upkeep\n|turn|7\n|\n|t:|1682871542\n|move|p2a: Lilith|Protect|p2a: Lilith\n|-singleturn|p2a: Lilith|Protect\n|move|p1b: Dragonite|Tera Blast|p2b: Jaws\n|-damage|p2b: Jaws|34\/100\n|-enditem|p2b: Jaws|Sitrus Berry|[eat]\n|-heal|p2b: Jaws|59\/100|[from] item: Sitrus Berry\n|move|p2b: Jaws|Thunder Wave|p1b: Dragonite\n|-status|p1b: Dragonite|par\n|-enditem|p1b: Dragonite|Lum Berry|[eat]\n|-curestatus|p1b: Dragonite|par|[msg]\n|\n|upkeep\n|turn|8\n|\n|t:|1682871562\n|move|p1b: Dragonite|Tera Blast|p2a: Lilith\n|-damage|p2a: Lilith|0 fnt\n|faint|p2a: Lilith\n|-end|p2a: Lilith|Protosynthesis|[silent]\n|move|p2b: Jaws|Thunder Wave|p1b: Dragonite\n|-status|p1b: Dragonite|par\n|\n|upkeep\n|turn|9\n|\n|t:|1682871570\n|move|p1b: Dragonite|Tera Blast|p2b: Jaws\n|-damage|p2b: Jaws|0 fnt\n|faint|p2b: Jaws\n|\n|win|Keveloper\n|c|\u2606Keveloper|gg\n|c|\u2606HeffNastyy|ggs\n|l|\u2606Keveloper\n","uploadtime":1682871589,"views":17,"p1id":"keveloper","p2id":"heffnastyy","formatid":"gen9vgc2023regulationc","rating":0,"private":0,"password":""}