{"id":"gen9vgc2023regulationc-1861006190","p1":"Josuee_29","p2":"AskKetchum680","format":"[Gen 9] VGC 2023 Regulation C","log":"|j|\u2606Josuee_29\n|j|\u2606AskKetchum680\n|t:|1683712864\n|gametype|doubles\n|player|p1|Josuee_29|102|1061\n|player|p2|AskKetchum680|lucas-gen4pt|1037\n|teamsize|p1|6\n|teamsize|p2|6\n|gen|9\n|tier|[Gen 9] VGC 2023 Regulation C\n|rated|\n|rule|Species Clause: Limit one of each Pok\u00e9mon\n|rule|Item Clause: Limit one of each item\n|clearpoke\n|poke|p1|Chien-Pao, L50|\n|poke|p1|Flutter Mane, L50|\n|poke|p1|Arcanine, L50, M|\n|poke|p1|Amoonguss, L50, F|\n|poke|p1|Palafin, L50, F|\n|poke|p1|Dragonite, L50, M|\n|poke|p2|Scovillain, L50, F|\n|poke|p2|Bronzong, L50|\n|poke|p2|Coalossal, L50, M|\n|poke|p2|Klawf, L50, F|\n|poke|p2|Baxcalibur, L50, M|\n|poke|p2|Gyarados, L50, M|\n|teampreview|4\n|inactive|Battle timer is ON: inactive players will automatically lose when time's up. (requested by AskKetchum680)\nAskKetchum680 rejected open team sheets.\n|inactive|Josuee_29 has 60 seconds left.\n|\n|t:|1683712919\n|start\n|switch|p1a: Arcanine|Arcanine, L50, M|100\/100\n|switch|p1b: Flutter Mane|Flutter Mane, L50|100\/100\n|switch|p2a: Scovillain|Scovillain, L50, F|100\/100\n|switch|p2b: Gyarados|Gyarados, L50, M|100\/100\n|-ability|p2b: Gyarados|Intimidate|boost\n|-unboost|p1a: Arcanine|atk|1\n|-unboost|p1b: Flutter Mane|atk|1\n|-ability|p1a: Arcanine|Intimidate|boost\n|-unboost|p2a: Scovillain|atk|1\n|-unboost|p2b: Gyarados|atk|1\n|turn|1\n|inactive|Josuee_29 has 30 seconds left.\n|\n|t:|1683712953\n|switch|p1a: Palafin|Palafin, L50, F|100\/100\n|move|p1b: Flutter Mane|Dazzling Gleam|p2a: Scovillain|[spread] p2a,p2b\n|-resisted|p2a: Scovillain\n|-damage|p2a: Scovillain|79\/100\n|-damage|p2b: Gyarados|54\/100\n|move|p2b: Gyarados|Waterfall|p1a: Palafin\n|-resisted|p1a: Palafin\n|-damage|p1a: Palafin|83\/100\n|move|p2a: Scovillain|Leech Seed|p1b: Flutter Mane\n|-start|p1b: Flutter Mane|move: Leech Seed\n|\n|-damage|p1b: Flutter Mane|89\/100|[from] Leech Seed|[of] p2a: Scovillain\n|-heal|p2a: Scovillain|89\/100|[silent]\n|-ability|p2a: Scovillain|Moody|boost\n|-boost|p2a: Scovillain|def|2\n|-unboost|p2a: Scovillain|spd|1\n|upkeep\n|turn|2\n|inactive|Josuee_29 has 30 seconds left.\n|\n|t:|1683712979\n|-end|p1b: Flutter Mane|Protosynthesis|[silent]\n|switch|p1b: Arcanine|Arcanine, L50, M|100\/100\n|-ability|p1b: Arcanine|Intimidate|boost\n|-unboost|p2a: Scovillain|atk|1\n|-unboost|p2b: Gyarados|atk|1\n|detailschange|p1a: Palafin|Palafin-Hero, L50, F\n|switch|p1a: Amoonguss|Amoonguss, L50, F|100\/100\n|move|p2a: Scovillain|Protect|p2a: Scovillain\n|-singleturn|p2a: Scovillain|Protect\n|move|p2b: Gyarados|Bulldoze|p1a: Amoonguss|[spread] p1a,p1b\n|-activate|p2a: Scovillain|move: Protect\n|-supereffective|p1b: Arcanine\n|-damage|p1a: Amoonguss|94\/100\n|-damage|p1b: Arcanine|80\/100\n|-unboost|p1a: Amoonguss|spe|1\n|-unboost|p1b: Arcanine|spe|1\n|\n|-ability|p2a: Scovillain|Moody|boost\n|-boost|p2a: Scovillain|spa|2\n|-unboost|p2a: Scovillain|spd|1\n|upkeep\n|turn|3\n|inactive|Josuee_29 has 30 seconds left.\n|inactive|Josuee_29 has 20 seconds left.\n|inactive|Josuee_29 has 15 seconds left.\n|\n|t:|1683713024\n|move|p2b: Gyarados|Protect|p2b: Gyarados\n|-singleturn|p2b: Gyarados|Protect\n|move|p2a: Scovillain|Flamethrower|p1b: Arcanine\n|-resisted|p1b: Arcanine\n|-damage|p1b: Arcanine|46\/100\n|move|p1b: Arcanine|Flare Blitz|p2a: Scovillain\n|-damage|p2a: Scovillain|50\/100\n|-damage|p1b: Arcanine|35\/100|[from] Recoil\n|move|p1a: Amoonguss|Spore|p2b: Gyarados\n|-activate|p2b: Gyarados|move: Protect\n|\n|-ability|p2a: Scovillain|Moody|boost\n|-boost|p2a: Scovillain|spa|2\n|-unboost|p2a: Scovillain|spd|1\n|upkeep\n|turn|4\n|\n|t:|1683713048\n|switch|p1b: Palafin|Palafin-Hero, L50, F|83\/100\n|-activate|p1b: Palafin|ability: Zero to Hero\n|move|p2b: Gyarados|Ice Fang|p1a: Amoonguss|[miss]\n|-miss|p2b: Gyarados|p1a: Amoonguss\n|move|p2a: Scovillain|Leech Seed|p1b: Palafin\n|-start|p1b: Palafin|move: Leech Seed\n|move|p1a: Amoonguss|Spore|p2b: Gyarados\n|-status|p2b: Gyarados|slp|[from] move: Spore\n|\n|-damage|p1b: Palafin|71\/100|[from] Leech Seed|[of] p2a: Scovillain\n|-heal|p2a: Scovillain|65\/100|[silent]\n|-ability|p2a: Scovillain|Moody|boost\n|-boost|p2a: Scovillain|atk|2\n|-unboost|p2a: Scovillain|def|1\n|upkeep\n|turn|5\n|inactive|Josuee_29 has 30 seconds left.\n|inactive|AskKetchum680 has 30 seconds left.\n|\n|t:|1683713083\n|switch|p2b: Bronzong|Bronzong, L50|100\/100\n|move|p1b: Palafin|Jet Punch|p2a: Scovillain\n|-damage|p2a: Scovillain|20\/100\n|move|p2a: Scovillain|Flamethrower|p1a: Amoonguss\n|-supereffective|p1a: Amoonguss\n|-damage|p1a: Amoonguss|0 fnt\n|faint|p1a: Amoonguss\n|\n|-damage|p1b: Palafin|59\/100|[from] Leech Seed|[of] p2a: Scovillain\n|-heal|p2a: Scovillain|35\/100|[silent]\n|-ability|p2a: Scovillain|Moody|boost\n|-boost|p2a: Scovillain|spa|2\n|-unboost|p2a: Scovillain|def|1\n|upkeep\n|\n|t:|1683713099\n|switch|p1a: Arcanine|Arcanine, L50, M|35\/100\n|-ability|p1a: Arcanine|Intimidate|boost\n|-unboost|p2a: Scovillain|atk|1\n|-unboost|p2b: Bronzong|atk|1\n|turn|6\n|\n|t:|1683713115\n|-terastallize|p1b: Palafin|Water\n|move|p2a: Scovillain|Protect|p2a: Scovillain\n|-singleturn|p2a: Scovillain|Protect\n|move|p1b: Palafin|Jet Punch|p2a: Scovillain\n|-activate|p2a: Scovillain|move: Protect\n|move|p1a: Arcanine|Flare Blitz|p2b: Bronzong\n|-supereffective|p2b: Bronzong\n|-damage|p2b: Bronzong|4\/100\n|-status|p2b: Bronzong|brn\n|-damage|p1a: Arcanine|6\/100|[from] Recoil\n|move|p2b: Bronzong|Trick Room|p2b: Bronzong\n|-fieldstart|move: Trick Room|[of] p2b: Bronzong\n|\n|-damage|p1b: Palafin|47\/100|[from] Leech Seed|[of] p2a: Scovillain\n|-heal|p2a: Scovillain|50\/100|[silent]\n|-damage|p2b: Bronzong|0 fnt|[from] brn\n|faint|p2b: Bronzong\n|-ability|p2a: Scovillain|Moody|boost\n|-boost|p2a: Scovillain|atk|2\n|-unboost|p2a: Scovillain|spe|1\n|upkeep\n|inactive|AskKetchum680 has 30 seconds left.\n|\n|t:|1683713143\n|switch|p2b: Coalossal|Coalossal, L50, M|100\/100\n|turn|7\n|\n|t:|1683713162\n|-terastallize|p2b: Coalossal|Grass\n|move|p1a: Arcanine|Extreme Speed|p2a: Scovillain\n|-damage|p2a: Scovillain|13\/100\n|move|p2b: Coalossal|Rock Slide|p1a: Arcanine|[spread] p1a,p1b\n|-supereffective|p1a: Arcanine\n|-damage|p1a: Arcanine|0 fnt\n|-damage|p1b: Palafin|31\/100\n|faint|p1a: Arcanine\n|move|p2a: Scovillain|Energy Ball|p1b: Palafin\n|-supereffective|p1b: Palafin\n|-damage|p1b: Palafin|0 fnt\n|faint|p1b: Palafin\n|\n|-ability|p2a: Scovillain|Moody|boost\n|-boost|p2a: Scovillain|spe|2\n|-unboost|p2a: Scovillain|atk|1\n|upkeep\n|inactive|Josuee_29 has 30 seconds left.\n|\n|t:|1683713196\n|switch|p1b: Flutter Mane|Flutter Mane, L50|89\/100\n|turn|8\n|\n|t:|1683713202\n|move|p2b: Coalossal|Rock Slide|p1b: Flutter Mane\n|-damage|p1b: Flutter Mane|52\/100\n|move|p2a: Scovillain|Flamethrower|p1b: Flutter Mane\n|-damage|p1b: Flutter Mane|0 fnt\n|faint|p1b: Flutter Mane\n|-end|p1b: Flutter Mane|Protosynthesis|[silent]\n|\n|win|AskKetchum680\n|raw|Josuee_29's rating: 1061 → 1041<\/strong> (-20 for losing)\n|raw|AskKetchum680's rating: 1037 → 1074<\/strong> (+37 for winning)\n|c|\u2606AskKetchum680|gg\n|l|\u2606AskKetchum680\n","uploadtime":1683713213,"views":14,"p1id":"josuee29","p2id":"askketchum680","formatid":"gen9vgc2023regulationc","rating":1041,"private":0,"password":""}