{"id":"gen9vgc2023regulationc-1848815071","p1":"connorelsa","p2":"UltimoRyu","format":"[Gen 9] VGC 2023 Regulation C","log":"|j|\u2606connorelsa\n|j|\u2606UltimoRyu\n|t:|1682113337\n|gametype|doubles\n|player|p1|connorelsa|170|1255\n|player|p2|UltimoRyu|steven|1234\n|teamsize|p1|6\n|teamsize|p2|6\n|gen|9\n|tier|[Gen 9] VGC 2023 Regulation C\n|rated|\n|rule|Species Clause: Limit one of each Pok\u00e9mon\n|rule|Item Clause: Limit one of each item\n|clearpoke\n|poke|p1|Annihilape, L50, M|\n|poke|p1|Arcanine, L50, M|\n|poke|p1|Sableye, L50, M|\n|poke|p1|Dragapult, L50, M|\n|poke|p1|Iron Hands, L50|\n|poke|p1|Scizor, L50, F|\n|poke|p2|Pelipper, L50, M|\n|poke|p2|Dondozo, L50, M|\n|poke|p2|Tatsugiri, L50, M|\n|poke|p2|Amoonguss, L50, M|\n|poke|p2|Palafin, L50, M|\n|poke|p2|Iron Hands, L50|\n|teampreview|4\n|inactive|Battle timer is ON: inactive players will automatically lose when time's up. (requested by connorelsa)\n|\n|t:|1682113395\n|start\n|switch|p1a: Sableye|Sableye, L50, M|100\/100\n|switch|p1b: Dragapult|Dragapult, L50, M|100\/100\n|switch|p2a: Pelipper|Pelipper, L50, M|100\/100\n|switch|p2b: Dondozo|Dondozo, L50, M|100\/100\n|-weather|RainDance|[from] ability: Drizzle|[of] p2a: Pelipper\n|turn|1\n|\n|t:|1682113414\n|switch|p2a: Tatsugiri|Tatsugiri, L50, M|100\/100\n|-activate|p2a: Tatsugiri|ability: Commander|[of] p2b: Dondozo\n|-boost|p2b: Dondozo|atk|2\n|-boost|p2b: Dondozo|spa|2\n|-boost|p2b: Dondozo|spe|2\n|-boost|p2b: Dondozo|def|2\n|-boost|p2b: Dondozo|spd|2\n|move|p1a: Sableye|Fake Out|p2b: Dondozo\n|-damage|p2b: Dondozo|98\/100\n|move|p1b: Dragapult|Dragon Dance|p1b: Dragapult\n|-boost|p1b: Dragapult|atk|1\n|-boost|p1b: Dragapult|spe|1\n|cant|p2b: Dondozo|flinch\n|\n|-weather|RainDance|[upkeep]\n|upkeep\n|turn|2\n|\n|t:|1682113434\n|move|p1b: Dragapult|Phantom Force||[still]\n|-prepare|p1b: Dragapult|Phantom Force\n|move|p2b: Dondozo|Surf|p1b: Dragapult|[spread] p1a\n|-miss|p2b: Dondozo|p2a: Tatsugiri\n|-miss|p2b: Dondozo|p1b: Dragapult\n|-crit|p1a: Sableye\n|-enditem|p1a: Sableye|Focus Sash\n|-damage|p1a: Sableye|1\/100\n|-damage|p2b: Dondozo|88\/100|[from] item: Life Orb\n|move|p1a: Sableye|Foul Play|p2b: Dondozo\n|-damage|p2b: Dondozo|76\/100\n|\n|-weather|RainDance|[upkeep]\n|upkeep\n|turn|3\n|\n|t:|1682113448\n|move|p1a: Sableye|Leer|p2b: Dondozo|[spread] p2b\n|-miss|p1a: Sableye|p2a: Tatsugiri\n|-unboost|p2b: Dondozo|def|1\n|move|p1b: Dragapult|Phantom Force|p2b: Dondozo|[from]lockedmove\n|-damage|p2b: Dondozo|53\/100\n|move|p2b: Dondozo|Surf|p1b: Dragapult|[spread] p1a,p1b\n|-miss|p2b: Dondozo|p2a: Tatsugiri\n|-resisted|p1b: Dragapult\n|-damage|p1a: Sableye|0 fnt\n|-damage|p1b: Dragapult|39\/100\n|faint|p1a: Sableye\n|-damage|p2b: Dondozo|43\/100|[from] item: Life Orb\n|\n|-weather|RainDance|[upkeep]\n|upkeep\n|\n|t:|1682113467\n|switch|p1a: Iron Hands|Iron Hands, L50|100\/100\n|turn|4\n|\n|t:|1682113477\n|-terastallize|p2b: Dondozo|Grass\n|move|p1a: Iron Hands|Fake Out|p2b: Dondozo\n|-damage|p2b: Dondozo|36\/100\n|move|p1b: Dragapult|Dragon Dance|p1b: Dragapult\n|-boost|p1b: Dragapult|atk|1\n|-boost|p1b: Dragapult|spe|1\n|cant|p2b: Dondozo|flinch\n|\n|-weather|RainDance|[upkeep]\n|upkeep\n|turn|5\n|\n|t:|1682113501\n|move|p1b: Dragapult|Phantom Force||[still]\n|-prepare|p1b: Dragapult|Phantom Force\n|move|p2b: Dondozo|Rest|p2b: Dondozo\n|-status|p2b: Dondozo|slp|[from] move: Rest\n|-heal|p2b: Dondozo|100\/100 slp|[silent]\n|move|p1a: Iron Hands|Drain Punch|p2b: Dondozo\n|-damage|p2b: Dondozo|81\/100 slp\n|\n|-weather|none\n|upkeep\n|turn|6\n|\n|t:|1682113513\n|move|p1b: Dragapult|Phantom Force|p2b: Dondozo|[from]lockedmove\n|-damage|p2b: Dondozo|58\/100 slp\n|cant|p2b: Dondozo|slp\n|move|p2b: Dondozo|Sleep Talk|p2b: Dondozo\n|move|p2b: Dondozo|Heavy Slam|p1a: Iron Hands|[from]move: Sleep Talk\n|-resisted|p1a: Iron Hands\n|-damage|p1a: Iron Hands|94\/100\n|-damage|p2b: Dondozo|49\/100 slp|[from] item: Life Orb\n|move|p1a: Iron Hands|Fire Punch|p2b: Dondozo\n|-supereffective|p2b: Dondozo\n|-damage|p2b: Dondozo|18\/100 slp\n|\n|upkeep\n|turn|7\n|\n|t:|1682113530\n|move|p1b: Dragapult|Dragon Dance|p1b: Dragapult\n|-boost|p1b: Dragapult|atk|1\n|-boost|p1b: Dragapult|spe|1\n|cant|p2b: Dondozo|slp\n|move|p2b: Dondozo|Sleep Talk|p2b: Dondozo\n|move|p2b: Dondozo|Heavy Slam|p1b: Dragapult|[from]move: Sleep Talk\n|-damage|p1b: Dragapult|0 fnt\n|faint|p1b: Dragapult\n|-damage|p2b: Dondozo|8\/100 slp|[from] item: Life Orb\n|move|p1a: Iron Hands|Fire Punch|p2b: Dondozo\n|-supereffective|p2b: Dondozo\n|-damage|p2b: Dondozo|0 fnt\n|faint|p2b: Dondozo\n|\n|upkeep\n|\n|t:|1682113547\n|switch|p1b: Scizor|Scizor, L50, F|100\/100\n|switch|p2b: Palafin|Palafin, L50, M|100\/100\n|turn|8\n|\n|t:|1682113564\n|detailschange|p2b: Palafin|Palafin-Hero, L50, M\n|switch|p2b: Pelipper|Pelipper, L50, M|100\/100\n|-weather|RainDance|[from] ability: Drizzle|[of] p2b: Pelipper\n|move|p2a: Tatsugiri|Muddy Water|p1b: Scizor|[spread] p1a,p1b\n|-damage|p1a: Iron Hands|61\/100\n|-damage|p1b: Scizor|34\/100\n|move|p1b: Scizor|Pounce|p2a: Tatsugiri\n|-damage|p2a: Tatsugiri|26\/100\n|-unboost|p2a: Tatsugiri|spe|1\n|move|p1a: Iron Hands|Wild Charge|p2b: Pelipper\n|-supereffective|p2b: Pelipper\n|-damage|p2b: Pelipper|0 fnt\n|faint|p2b: Pelipper\n|-damage|p1a: Iron Hands|48\/100|[from] Recoil\n|\n|-weather|RainDance|[upkeep]\n|upkeep\n|\n|t:|1682113582\n|switch|p2b: Palafin|Palafin-Hero, L50, M|100\/100\n|-activate|p2b: Palafin|ability: Zero to Hero\n|turn|9\n|\n|t:|1682113599\n|-terastallize|p1a: Iron Hands|Flying\n|move|p2b: Palafin|Jet Punch|p1b: Scizor\n|-damage|p1b: Scizor|0 fnt\n|faint|p1b: Scizor\n|move|p2a: Tatsugiri|Muddy Water|p1a: Iron Hands\n|-damage|p1a: Iron Hands|8\/100\n|move|p1a: Iron Hands|Wild Charge|p2b: Palafin\n|-supereffective|p2b: Palafin\n|-damage|p2b: Palafin|0 fnt\n|faint|p2b: Palafin\n|-damage|p1a: Iron Hands|0 fnt|[from] Recoil\n|faint|p1a: Iron Hands\n|-end|p1a: Iron Hands|Quark Drive|[silent]\n|\n|win|UltimoRyu\n|raw|connorelsa's rating: 1255 → 1228<\/strong> (-27 for losing)\n|raw|UltimoRyu's rating: 1234 → 1261<\/strong> (+27 for winning)\n|l|\u2606connorelsa\n","uploadtime":1682113616,"views":9,"p1id":"connorelsa","p2id":"ultimoryu","formatid":"gen9vgc2023regulationc","rating":1228,"private":0,"password":""}