{"id":"gen9vgc2023regulationc-1860884999","p1":"They34","p2":"andretsai0706","format":"[Gen 9] VGC 2023 Regulation C","log":"|j|\u2606They34\n|j|\u2606andretsai0706\n|t:|1683690354\n|gametype|doubles\n|player|p1|They34|ruinmaniac|1337\n|player|p2|andretsai0706|youngster-gen4dp|1385\n|teamsize|p1|6\n|teamsize|p2|6\n|gen|9\n|tier|[Gen 9] VGC 2023 Regulation C\n|rated|\n|rule|Species Clause: Limit one of each Pok\u00e9mon\n|rule|Item Clause: Limit one of each item\n|clearpoke\n|poke|p1|Ceruledge, L50, F|\n|poke|p1|Dragonite, L50, M|\n|poke|p1|Bronzong, L50|\n|poke|p1|Flutter Mane, L50|\n|poke|p1|Amoonguss, L50, M|\n|poke|p1|Ting-Lu, L50|\n|poke|p2|Ting-Lu, L50|\n|poke|p2|Azumarill, L50, M|\n|poke|p2|Flutter Mane, L50|\n|poke|p2|Bronzong, L50|\n|poke|p2|Amoonguss, L50, M|\n|poke|p2|Arcanine, L50, F|\n|teampreview|4\n|inactive|Battle timer is ON: inactive players will automatically lose when time's up. (requested by They34)\nThey34 has agreed to open team sheets.\n|inactive|andretsai0706 has 60 seconds left.\n|inactive|andretsai0706 has 30 seconds left.\n|inactive|andretsai0706 has 20 seconds left.\n|\n|t:|1683690433\n|start\n|switch|p1a: Ceruledge|Ceruledge, L50, F|100\/100\n|switch|p1b: Dragonite|Dragonite, L50, M|100\/100\n|switch|p2a: \u8aa0\u5be6\u9418|Bronzong, L50, shiny|100\/100\n|switch|p2b: \u706b\u5e2b\u59d0|Azumarill, L50, M|100\/100\n|turn|1\n|\n|t:|1683690451\n|switch|p1b: Amoonguss|Amoonguss, L50, M|100\/100\n|switch|p2a: \u963f\u9f8d\u6b63|Arcanine, L50, F|100\/100\n|-ability|p2a: \u963f\u9f8d\u6b63|Intimidate|boost\n|-fail|p1a: Ceruledge|unboost|[from] item: Clear Amulet|[of] p1a: Ceruledge\n|-unboost|p1b: Amoonguss|atk|1\n|-terastallize|p1a: Ceruledge|Grass\n|move|p1a: Ceruledge|Bulk Up|p1a: Ceruledge\n|-boost|p1a: Ceruledge|atk|1\n|-boost|p1a: Ceruledge|def|1\n|-enditem|p2a: \u963f\u9f8d\u6b63|Mirror Herb\n|-boost|p2a: \u963f\u9f8d\u6b63|atk|1|[from] item: Mirror Herb\n|-boost|p2a: \u963f\u9f8d\u6b63|def|1|[from] item: Mirror Herb\n|move|p2b: \u706b\u5e2b\u59d0|Ice Spinner|p1b: Amoonguss\n|-supereffective|p1b: Amoonguss\n|-damage|p1b: Amoonguss|46\/100\n|-enditem|p1b: Amoonguss|Sitrus Berry|[eat]\n|-heal|p1b: Amoonguss|71\/100|[from] item: Sitrus Berry\n|\n|upkeep\n|turn|2\n|inactive|They34 has 30 seconds left.\n|inactive|andretsai0706 has 30 seconds left.\n|\n|t:|1683690484\n|move|p2a: \u963f\u9f8d\u6b63|Flare Blitz|p1b: Amoonguss\n|-supereffective|p1b: Amoonguss\n|-damage|p1b: Amoonguss|0 fnt\n|faint|p1b: Amoonguss\n|-damage|p2a: \u963f\u9f8d\u6b63|74\/100|[from] Recoil\n|move|p1a: Ceruledge|Tera Blast|p2b: \u706b\u5e2b\u59d0\n|-supereffective|p2b: \u706b\u5e2b\u59d0\n|-damage|p2b: \u706b\u5e2b\u59d0|0 fnt\n|faint|p2b: \u706b\u5e2b\u59d0\n|\n|upkeep\n|\n|t:|1683690499\n|switch|p2b: \u8aa0\u5be6\u9418|Bronzong, L50, shiny|100\/100\n|switch|p1b: Dragonite|Dragonite, L50, M|100\/100\n|turn|3\n|inactive|andretsai0706 has 30 seconds left.\n|\n|t:|1683690530\n|-terastallize|p2b: \u8aa0\u5be6\u9418|Water\n|move|p1b: Dragonite|Extreme Speed|p2a: \u963f\u9f8d\u6b63\n|-damage|p2a: \u963f\u9f8d\u6b63|54\/100\n|move|p2a: \u963f\u9f8d\u6b63|Will-O-Wisp|p1b: Dragonite\n|-status|p1b: Dragonite|brn\n|-enditem|p1b: Dragonite|Lum Berry|[eat]\n|-curestatus|p1b: Dragonite|brn|[msg]\n|move|p1a: Ceruledge|Bitter Blade|p2b: \u8aa0\u5be6\u9418\n|-resisted|p2b: \u8aa0\u5be6\u9418\n|-damage|p2b: \u8aa0\u5be6\u9418|73\/100\n|move|p2b: \u8aa0\u5be6\u9418|Iron Defense|p2b: \u8aa0\u5be6\u9418\n|-boost|p2b: \u8aa0\u5be6\u9418|def|2\n|\n|upkeep\n|turn|4\n|\n|t:|1683690552\n|move|p2a: \u963f\u9f8d\u6b63|Will-O-Wisp|p1b: Dragonite\n|-status|p1b: Dragonite|brn\n|move|p1b: Dragonite|Brick Break|p2a: \u963f\u9f8d\u6b63\n|-damage|p2a: \u963f\u9f8d\u6b63|43\/100\n|move|p1a: Ceruledge|Tera Blast|p2b: \u8aa0\u5be6\u9418\n|-supereffective|p2b: \u8aa0\u5be6\u9418\n|-damage|p2b: \u8aa0\u5be6\u9418|25\/100\n|move|p2b: \u8aa0\u5be6\u9418|Iron Defense|p2b: \u8aa0\u5be6\u9418\n|-boost|p2b: \u8aa0\u5be6\u9418|def|2\n|\n|-damage|p1b: Dragonite|95\/100 brn|[from] brn\n|upkeep\n|turn|5\n|\n|t:|1683690567\n|move|p2a: \u963f\u9f8d\u6b63|Extreme Speed|p1a: Ceruledge\n|-damage|p1a: Ceruledge|71\/100\n|move|p1b: Dragonite|Extreme Speed|p2a: \u963f\u9f8d\u6b63\n|-damage|p2a: \u963f\u9f8d\u6b63|33\/100\n|move|p1a: Ceruledge|Tera Blast|p2b: \u8aa0\u5be6\u9418\n|-supereffective|p2b: \u8aa0\u5be6\u9418\n|-crit|p2b: \u8aa0\u5be6\u9418\n|-damage|p2b: \u8aa0\u5be6\u9418|0 fnt\n|faint|p2b: \u8aa0\u5be6\u9418\n|\n|-damage|p1b: Dragonite|89\/100 brn|[from] brn\n|upkeep\n|-message|andretsai0706 forfeited.\n|\n|win|They34\n|raw|They34's rating: 1337 → 1360<\/strong> (+23 for winning)\n|raw|andretsai0706's rating: 1385 → 1362<\/strong> (-23 for losing)\n|l|\u2606andretsai0706\n","uploadtime":1683690642,"views":16,"p1id":"they34","p2id":"andretsai0706","formatid":"gen9vgc2023regulationc","rating":1360,"private":0,"password":""}