{"id":"gen9vgc2023regulationc-1857900397","p1":"kinderlew","p2":"Cosentino","format":"[Gen 9] VGC 2023 Regulation C","log":"|j|\u2606kinderlew\n|j|\u2606Cosentino\n|t:|1683244935\n|gametype|doubles\n|player|p1|kinderlew|1|1333\n|player|p2|Cosentino|102|1451\n|teamsize|p1|6\n|teamsize|p2|6\n|gen|9\n|tier|[Gen 9] VGC 2023 Regulation C\n|rated|\n|rule|Species Clause: Limit one of each Pok\u00e9mon\n|rule|Item Clause: Limit one of each item\n|clearpoke\n|poke|p1|Lilligant, L50, F|\n|poke|p1|Torkoal, L50, F|\n|poke|p1|Flutter Mane, L50|\n|poke|p1|Kingambit, L50, F|\n|poke|p1|Dragonite, L50, F|\n|poke|p1|Great Tusk, L50|\n|poke|p2|Sableye, L50, M|\n|poke|p2|Ceruledge, L50, M|\n|poke|p2|Flutter Mane, L50|\n|poke|p2|Amoonguss, L50, F|\n|poke|p2|Ting-Lu, L50|\n|poke|p2|Great Tusk, L50|\n|teampreview|4\n|j| MUnchy486\nkinderlew has agreed to open team sheets.\n|\n|t:|1683244963\n|start\n|switch|p1a: Espresso|Dragonite, L50, F|100\/100\n|switch|p1b: TT|Lilligant, L50, F, shiny|100\/100\n|switch|p2a: Sableye|Sableye, L50, M|100\/100\n|switch|p2b: Ceruledge|Ceruledge, L50, M|100\/100\n|turn|1\n|\n|t:|1683245006\n|-terastallize|p1a: Espresso|Flying\n|move|p1b: TT|Protect|p1b: TT\n|-singleturn|p1b: TT|Protect\n|move|p2b: Ceruledge|Protect|p2b: Ceruledge\n|-singleturn|p2b: Ceruledge|Protect\n|move|p2a: Sableye|Will-O-Wisp|p1a: Espresso\n|-status|p1a: Espresso|brn\n|-enditem|p1a: Espresso|Lum Berry|[eat]\n|-curestatus|p1a: Espresso|brn|[msg]\n|move|p1a: Espresso|Tera Blast|p2b: Ceruledge\n|-activate|p2b: Ceruledge|move: Protect\n|\n|upkeep\n|turn|2\n|\n|t:|1683245032\n|switch|p1a: Breakthrough|Torkoal, L50, F, shiny|100\/100\n|-weather|SunnyDay|[from] ability: Drought|[of] p1a: Breakthrough\n|-terastallize|p2b: Ceruledge|Grass\n|move|p2a: Sableye|Disable||[still]\n|-fail|p2a: Sableye\n|move|p1b: TT|Sleep Powder|p2b: Ceruledge\n|-immune|p2b: Ceruledge\n|move|p2b: Ceruledge|Bulk Up|p2b: Ceruledge\n|-boost|p2b: Ceruledge|atk|1\n|-boost|p2b: Ceruledge|def|1\n|\n|-weather|SunnyDay|[upkeep]\n|upkeep\n|turn|3\n|\n|t:|1683245050\n|switch|p1a: Espresso|Dragonite, L50, F, tera:Flying|100\/100\n|move|p2a: Sableye|Disable|p1b: TT\n|-start|p1b: TT|Disable|Sleep Powder\n|cant|p1b: TT|Disable|Sleep Powder\n|move|p2b: Ceruledge|Bitter Blade|p1a: Espresso\n|-damage|p1a: Espresso|53\/100\n|\n|-weather|SunnyDay|[upkeep]\n|upkeep\n|turn|4\n|\n|t:|1683245064\n|move|p1a: Espresso|Protect|p1a: Espresso\n|-singleturn|p1a: Espresso|Protect\n|move|p2b: Ceruledge|Protect|p2b: Ceruledge\n|-singleturn|p2b: Ceruledge|Protect\n|move|p2a: Sableye|Will-O-Wisp|p1a: Espresso\n|-activate|p1a: Espresso|move: Protect\n|move|p1b: TT|Leaf Storm|p2a: Sableye\n|-damage|p2a: Sableye|41\/100\n|-unboost|p1b: TT|spa|2\n|\n|-weather|SunnyDay|[upkeep]\n|upkeep\n|turn|5\n|\n|t:|1683245084\n|switch|p1b: Trouble|Great Tusk, L50, shiny|100\/100\n|-activate|p1b: Trouble|ability: Protosynthesis\n|-start|p1b: Trouble|protosynthesisatk\n|move|p2a: Sableye|Will-O-Wisp|p1a: Espresso\n|-status|p1a: Espresso|brn\n|move|p1a: Espresso|Tera Blast|p2b: Ceruledge\n|-supereffective|p2b: Ceruledge\n|-damage|p2b: Ceruledge|54\/100\n|move|p2b: Ceruledge|Bitter Blade|p1b: Trouble\n|-damage|p1b: Trouble|27\/100\n|-heal|p2b: Ceruledge|93\/100|[from] drain|[of] p1b: Trouble\n|\n|-weather|SunnyDay|[upkeep]\n|-heal|p2b: Ceruledge|99\/100|[from] item: Leftovers\n|-damage|p1a: Espresso|48\/100 brn|[from] brn\n|upkeep\n|turn|6\n|\n|t:|1683245114\n|move|p2a: Sableye|Will-O-Wisp|p1b: Trouble\n|-status|p1b: Trouble|brn\n|move|p1b: Trouble|Earthquake|p2b: Ceruledge|[spread] p2a,p2b\n|-immune|p1a: Espresso\n|-resisted|p2b: Ceruledge\n|-damage|p2a: Sableye|3\/100\n|-damage|p2b: Ceruledge|89\/100\n|move|p1a: Espresso|Tera Blast|p2b: Ceruledge\n|-supereffective|p2b: Ceruledge\n|-damage|p2b: Ceruledge|43\/100\n|move|p2b: Ceruledge|Bitter Blade|p1a: Espresso\n|-crit|p1a: Espresso\n|-damage|p1a: Espresso|0 fnt\n|-heal|p2b: Ceruledge|68\/100|[from] drain|[of] p1a: Espresso\n|faint|p1a: Espresso\n|\n|-weather|none\n|-end|p1b: Trouble|Protosynthesis\n|-heal|p2b: Ceruledge|74\/100|[from] item: Leftovers\n|-damage|p1b: Trouble|22\/100 brn|[from] brn\n|upkeep\n|-message|kinderlew forfeited.\n|\n|win|Cosentino\n|raw|kinderlew's rating: 1333 → 1320<\/strong> (-13 for losing)\n|raw|Cosentino's rating: 1451 → 1464<\/strong> (+13 for winning)\n|l|\u2606kinderlew\n|l| MUnchy486\n","uploadtime":1683245140,"views":6,"p1id":"kinderlew","p2id":"cosentino","formatid":"gen9vgc2023regulationc","rating":1320,"private":0,"password":""}