{"id":"gen9vgc2023regulationc-1863711159","p1":"ICE27182","p2":"GKun1999","format":"[Gen 9] VGC 2023 Regulation C","log":"|j|\u2606ICE27182\n|j|\u2606GKun1999\n|t:|1684065113\n|gametype|doubles\n|player|p1|ICE27182|unknown|1135\n|player|p2|GKun1999|ghetsis|1154\n|teamsize|p1|6\n|teamsize|p2|6\n|gen|9\n|tier|[Gen 9] VGC 2023 Regulation C\n|rated|\n|rule|Species Clause: Limit one of each Pok\u00e9mon\n|rule|Item Clause: Limit one of each item\n|clearpoke\n|poke|p1|Amoonguss, L50, M|\n|poke|p1|Ting-Lu, L50|\n|poke|p1|Pawmot, L50, M|\n|poke|p1|Chien-Pao, L50|\n|poke|p1|Flutter Mane, L50|\n|poke|p1|Gyarados, L50, M|\n|poke|p2|Barraskewda, L50, M|\n|poke|p2|Amoonguss, L50, M|\n|poke|p2|Palafin, L50, M|\n|poke|p2|Murkrow, L50, M|\n|poke|p2|Gholdengo, L50|\n|poke|p2|Azumarill, L50, F|\n|teampreview|4\n|inactive|Battle timer is ON: inactive players will automatically lose when time's up. (requested by ICE27182)\nGKun1999 has agreed to open team sheets.\n|inactive|ICE27182 has 60 seconds left.\n|inactive|GKun1999 has 60 seconds left.\n|\n|t:|1684065160\n|start\n|switch|p1a: Gyarados|Gyarados, L50, M|100\/100\n|switch|p1b: Chien-Pao|Chien-Pao, L50|100\/100\n|switch|p2a: Gholdengo|Gholdengo, L50|100\/100\n|switch|p2b: Amoonguss|Amoonguss, L50, M|100\/100\n|-ability|p1b: Chien-Pao|Sword of Ruin\n|-ability|p1a: Gyarados|Intimidate|boost\n|-unboost|p2a: Gholdengo|atk|1\n|-unboost|p2b: Amoonguss|atk|1\n|turn|1\n|inactive|GKun1999 has 30 seconds left.\n|\n|t:|1684065186\n|move|p2b: Amoonguss|Protect|p2b: Amoonguss\n|-singleturn|p2b: Amoonguss|Protect\n|move|p1b: Chien-Pao|Crunch|p2a: Gholdengo\n|-supereffective|p2a: Gholdengo\n|-damage|p2a: Gholdengo|0 fnt\n|faint|p2a: Gholdengo\n|move|p1a: Gyarados|Taunt|p2b: Amoonguss\n|-activate|p2b: Amoonguss|move: Protect\n|\n|upkeep\n|\n|t:|1684065195\n|switch|p2a: Azumarill|Azumarill, L50, F|100\/100\n|turn|2\n|\n|t:|1684065203\n|switch|p2b: Palafin|Palafin, L50, M|100\/100\n|move|p1b: Chien-Pao|Icicle Crash|p2b: Palafin\n|-resisted|p2b: Palafin\n|-damage|p2b: Palafin|68\/100\n|move|p1a: Gyarados|Taunt|p2a: Azumarill\n|-start|p2a: Azumarill|move: Taunt\n|cant|p2a: Azumarill|move: Taunt|Belly Drum\n|\n|upkeep\n|turn|3\n|\n|t:|1684065222\n|move|p2b: Palafin|Protect|p2b: Palafin\n|-singleturn|p2b: Palafin|Protect\n|move|p2a: Azumarill|Aqua Jet|p1b: Chien-Pao\n|-damage|p1b: Chien-Pao|69\/100\n|move|p1b: Chien-Pao|Crunch|p2b: Palafin\n|-activate|p2b: Palafin|move: Protect\n|move|p1a: Gyarados|Thunder Wave|p2b: Palafin\n|-activate|p2b: Palafin|move: Protect\n|\n|upkeep\n|turn|4\n|\n|t:|1684065238\n|detailschange|p2b: Palafin|Palafin-Hero, L50, M\n|switch|p2b: Amoonguss|Amoonguss, L50, M|100\/100\n|move|p1b: Chien-Pao|Crunch|p2b: Amoonguss\n|-damage|p2b: Amoonguss|58\/100\n|move|p1a: Gyarados|Thunder Wave|p2b: Amoonguss\n|-status|p2b: Amoonguss|par\n|move|p2a: Azumarill|Play Rough|p1b: Chien-Pao\n|-supereffective|p1b: Chien-Pao\n|-damage|p1b: Chien-Pao|0 fnt\n|faint|p1b: Chien-Pao\n|\n|-end|p2a: Azumarill|move: Taunt\n|upkeep\n|\n|t:|1684065256\n|switch|p1b: Pawmot|Pawmot, L50, M|100\/100\n|turn|5\n|\n|t:|1684065268\n|move|p2a: Azumarill|Protect|p2a: Azumarill\n|-singleturn|p2a: Azumarill|Protect\n|move|p1b: Pawmot|Fake Out|p2a: Azumarill\n|-activate|p2a: Azumarill|move: Protect\n|move|p1a: Gyarados|Taunt|p2b: Amoonguss\n|-start|p2b: Amoonguss|move: Taunt\n|cant|p2b: Amoonguss|move: Taunt|Spore\n|\n|upkeep\n|turn|6\n|\n|t:|1684065289\n|switch|p2b: Palafin|Palafin-Hero, L50, M|68\/100\n|-activate|p2b: Palafin|ability: Zero to Hero\n|-terastallize|p2a: Azumarill|Grass\n|move|p1b: Pawmot|Double Shock|p2a: Azumarill\n|-resisted|p2a: Azumarill\n|-damage|p2a: Azumarill|65\/100\n|-start|p1b: Pawmot|typechange|???\/Fighting|[from] move: Double Shock\n|-damage|p1b: Pawmot|91\/100|[from] item: Life Orb\n|move|p1a: Gyarados|Substitute|p1a: Gyarados\n|-start|p1a: Gyarados|Substitute\n|-damage|p1a: Gyarados|76\/100\n|move|p2a: Azumarill|Belly Drum|p2a: Azumarill\n|-damage|p2a: Azumarill|15\/100\n|-setboost|p2a: Azumarill|atk|6|[from] move: Belly Drum\n|-enditem|p2a: Azumarill|Sitrus Berry|[eat]\n|-heal|p2a: Azumarill|40\/100|[from] item: Sitrus Berry\n|\n|-heal|p1a: Gyarados|82\/100|[from] item: Leftovers\n|upkeep\n|turn|7\n|inactive|ICE27182 has 30 seconds left.\n|inactive|ICE27182 has 20 seconds left.\n|inactive|ICE27182 has 15 seconds left.\n|inactive|ICE27182 has 10 seconds left.\n|\n|t:|1684065337\n|move|p2a: Azumarill|Aqua Jet|p1b: Pawmot\n|-damage|p1b: Pawmot|0 fnt\n|faint|p1b: Pawmot\n|move|p2b: Palafin|Bulk Up|p2b: Palafin\n|-boost|p2b: Palafin|atk|1\n|-boost|p2b: Palafin|def|1\n|move|p1a: Gyarados|Thunder Wave|p2b: Palafin\n|-status|p2b: Palafin|par\n|\n|-heal|p1a: Gyarados|88\/100|[from] item: Leftovers\n|upkeep\n|\n|t:|1684065340\n|switch|p1b: Ting-Lu|Ting-Lu, L50|100\/100\n|-ability|p1b: Ting-Lu|Vessel of Ruin\n|turn|8\n|\n|t:|1684065361\n|move|p2b: Palafin|Jet Punch|p1a: Gyarados\n|-resisted|p1a: Gyarados\n|-end|p1a: Gyarados|Substitute\n|move|p1a: Gyarados|Thunder Wave|p2a: Azumarill\n|-status|p2a: Azumarill|par\n|move|p1b: Ting-Lu|Ruination|p2b: Palafin\n|-damage|p2b: Palafin|35\/100 par\n|cant|p2a: Azumarill|par\n|\n|-heal|p1a: Gyarados|94\/100|[from] item: Leftovers\n|upkeep\n|turn|9\n|inactive|ICE27182 has 30 seconds left.\n|inactive|ICE27182 has 20 seconds left.\n|inactive|ICE27182 has 15 seconds left.\n|inactive|ICE27182 has 10 seconds left.\n|\n|t:|1684065407\n|-terastallize|p1b: Ting-Lu|Water\n|move|p1a: Gyarados|Substitute|p1a: Gyarados\n|-start|p1a: Gyarados|Substitute\n|-damage|p1a: Gyarados|69\/100\n|move|p1b: Ting-Lu|Stomping Tantrum|p2b: Palafin\n|-damage|p2b: Palafin|10\/100 par\n|move|p2b: Palafin|Bulk Up|p2b: Palafin\n|-boost|p2b: Palafin|atk|1\n|-boost|p2b: Palafin|def|1\n|move|p2a: Azumarill|Play Rough|p1b: Ting-Lu\n|-damage|p1b: Ting-Lu|0 fnt\n|faint|p1b: Ting-Lu\n|\n|-heal|p1a: Gyarados|75\/100|[from] item: Leftovers\n|upkeep\n|turn|10\n|\n|t:|1684065425\n|move|p2b: Palafin|Jet Punch|p1a: Gyarados\n|-resisted|p1a: Gyarados\n|-end|p1a: Gyarados|Substitute\n|cant|p2a: Azumarill|par\n|move|p1a: Gyarados|Waterfall|p2b: Palafin\n|-resisted|p2b: Palafin\n|-damage|p2b: Palafin|0 fnt\n|faint|p2b: Palafin\n|\n|-heal|p1a: Gyarados|81\/100|[from] item: Leftovers\n|upkeep\n|\n|t:|1684065434\n|switch|p2b: Amoonguss|Amoonguss, L50, M|91\/100 par\n|turn|11\n|\n|t:|1684065442\n|move|p2a: Azumarill|Aqua Jet|p1a: Gyarados\n|-resisted|p1a: Gyarados\n|-damage|p1a: Gyarados|34\/100\n|move|p1a: Gyarados|Substitute|p1a: Gyarados\n|-start|p1a: Gyarados|Substitute\n|-damage|p1a: Gyarados|9\/100\n|move|p2b: Amoonguss|Pollen Puff|p1a: Gyarados\n|-resisted|p1a: Gyarados\n|-activate|p1a: Gyarados|move: Substitute|[damage]\n|\n|-heal|p1a: Gyarados|15\/100|[from] item: Leftovers\n|upkeep\n|turn|12\n|\n|t:|1684065456\n|cant|p2a: Azumarill|par\n|move|p1a: Gyarados|Waterfall|p2a: Azumarill\n|-resisted|p2a: Azumarill\n|-damage|p2a: Azumarill|17\/100 par\n|cant|p2b: Amoonguss|par\n|\n|-heal|p1a: Gyarados|21\/100|[from] item: Leftovers\n|upkeep\n|turn|13\n|\n|t:|1684065474\n|cant|p2a: Azumarill|par\n|move|p1a: Gyarados|Waterfall|p2a: Azumarill\n|-resisted|p2a: Azumarill\n|-damage|p2a: Azumarill|0 fnt\n|faint|p2a: Azumarill\n|cant|p2b: Amoonguss|par\n|\n|-heal|p1a: Gyarados|27\/100|[from] item: Leftovers\n|upkeep\n|turn|14\n|\n|t:|1684065487\n|move|p1a: Gyarados|Waterfall|p2b: Amoonguss\n|-resisted|p2b: Amoonguss\n|-damage|p2b: Amoonguss|74\/100 par\n|move|p2b: Amoonguss|Pollen Puff|p1a: Gyarados\n|-resisted|p1a: Gyarados\n|-activate|p1a: Gyarados|move: Substitute|[damage]\n|\n|-heal|p1a: Gyarados|33\/100|[from] item: Leftovers\n|upkeep\n|turn|15\n|\n|t:|1684065496\n|move|p1a: Gyarados|Waterfall|p2b: Amoonguss\n|-resisted|p2b: Amoonguss\n|-crit|p2b: Amoonguss\n|-damage|p2b: Amoonguss|48\/100 par\n|move|p2b: Amoonguss|Pollen Puff|p1a: Gyarados\n|-resisted|p1a: Gyarados\n|-activate|p1a: Gyarados|move: Substitute|[damage]\n|\n|-heal|p1a: Gyarados|39\/100|[from] item: Leftovers\n|upkeep\n|turn|16\n|-message|GKun1999 forfeited.\n|\n|win|ICE27182\n|raw|ICE27182's rating: 1135 → 1161<\/strong> (+26 for winning)\n|raw|GKun1999's rating: 1154 → 1128<\/strong> (-26 for losing)\n|l|\u2606GKun1999\n","uploadtime":1684065510,"views":11,"p1id":"ice27182","p2id":"gkun1999","formatid":"gen9vgc2023regulationc","rating":1128,"private":0,"password":""}