{"id":"gen9vgc2023regulationc-1846584199","p1":"RalfRabisco","p2":"bl1ng","format":"[Gen 9] VGC 2023 Regulation C","log":"|j|\u2606RalfRabisco\n|j|\u2606bl1ng\n|t:|1681854169\n|gametype|doubles\n|player|p1|RalfRabisco|morty|1212\n|player|p2|bl1ng|hilda-wonderlauncher|1304\n|teamsize|p1|6\n|teamsize|p2|6\n|gen|9\n|tier|[Gen 9] VGC 2023 Regulation C\n|rated|\n|rule|Species Clause: Limit one of each Pok\u00e9mon\n|rule|Item Clause: Limit one of each item\n|clearpoke\n|poke|p1|Annihilape, L50, M|\n|poke|p1|Maushold, L50|\n|poke|p1|Ceruledge, L50, M|\n|poke|p1|Amoonguss, L50, M|\n|poke|p1|Chi-Yu, L50|\n|poke|p1|Chien-Pao, L50|\n|poke|p2|Hatterene, L50, F|\n|poke|p2|Oranguru, L50, M|\n|poke|p2|Ting-Lu, L50|\n|poke|p2|Abomasnow, L50, M|\n|poke|p2|Cetitan, L50, M|\n|poke|p2|Amoonguss, L50, M|\n|teampreview|4\n|inactive|Battle timer is ON: inactive players will automatically lose when time's up. (requested by bl1ng)\n|inactive|RalfRabisco has 60 seconds left.\n|inactive|bl1ng has 60 seconds left.\n|\n|t:|1681854215\n|start\n|switch|p1a: Chi-Yu|Chi-Yu, L50|100\/100\n|switch|p1b: Ceruledge|Ceruledge, L50, M|100\/100\n|switch|p2a: Ting-Lu|Ting-Lu, L50|100\/100\n|switch|p2b: Oranguru|Oranguru, L50, M|100\/100\n|-ability|p1a: Chi-Yu|Beads of Ruin\n|-ability|p2a: Ting-Lu|Vessel of Ruin\n|turn|1\n|\n|t:|1681854238\n|-terastallize|p1b: Ceruledge|Grass\n|move|p1a: Chi-Yu|Dark Pulse|p2b: Oranguru\n|-supereffective|p2b: Oranguru\n|-damage|p2b: Oranguru|48\/100\n|move|p1b: Ceruledge|Bulk Up|p1b: Ceruledge\n|-boost|p1b: Ceruledge|atk|1\n|-boost|p1b: Ceruledge|def|1\n|move|p2a: Ting-Lu|Fissure|p1a: Chi-Yu\n|-damage|p1a: Chi-Yu|0 fnt\n|faint|p1a: Chi-Yu\n|-ohko\n|move|p2b: Oranguru|Trick Room|p2b: Oranguru\n|-fieldstart|move: Trick Room|[of] p2b: Oranguru\n|\n|upkeep\n|\n|t:|1681854255\n|switch|p1a: Annihilape|Annihilape, L50, M|100\/100\n|turn|2\n|\n|t:|1681854265\n|move|p2a: Ting-Lu|Fissure|p1a: Annihilape\n|-damage|p1a: Annihilape|0 fnt\n|faint|p1a: Annihilape\n|-ohko\n|move|p2b: Oranguru|Instruct|p2a: Ting-Lu\n|-singleturn|p2a: Ting-Lu|move: Instruct|[of] p2b: Oranguru\n|move|p2a: Ting-Lu|Fissure|p1b: Ceruledge|[miss]\n|-miss|p2a: Ting-Lu|p1b: Ceruledge\n|move|p1b: Ceruledge|Bitter Blade|p2b: Oranguru\n|-damage|p2b: Oranguru|0 fnt\n|faint|p2b: Oranguru\n|\n|upkeep\n|\n|t:|1681854284\n|switch|p2b: Hatterene|Hatterene, L50, F|100\/100\n|switch|p1a: Maushold|Maushold, L50|100\/100\n|turn|3\n|\n|t:|1681854298\n|move|p1a: Maushold|Follow Me|p1a: Maushold\n|-singleturn|p1a: Maushold|move: Follow Me\n|move|p2b: Hatterene|Dazzling Gleam|p1b: Ceruledge|[spread] p1a,p1b\n|-damage|p1a: Maushold|77\/100\n|-damage|p1b: Ceruledge|86\/100\n|move|p2a: Ting-Lu|Stomping Tantrum|p1a: Maushold\n|-damage|p1a: Maushold|0 fnt\n|faint|p1a: Maushold\n|move|p1b: Ceruledge|Bulk Up|p1b: Ceruledge\n|-boost|p1b: Ceruledge|atk|1\n|-boost|p1b: Ceruledge|def|1\n|\n|upkeep\n|turn|4\n|inactive|bl1ng has 30 seconds left.\n|\n|t:|1681854325\n|move|p2b: Hatterene|Life Dew||[still]|[still]|[spread] \n|-fail|p2a: Ting-Lu|heal\n|-fail|p2b: Hatterene|heal\n|move|p2a: Ting-Lu|Fissure|p1b: Ceruledge|[miss]\n|-miss|p2a: Ting-Lu|p1b: Ceruledge\n|move|p1b: Ceruledge|Bitter Blade|p2b: Hatterene\n|-damage|p2b: Hatterene|20\/100\n|-heal|p1b: Ceruledge|100\/100|[from] drain|[of] p2b: Hatterene\n|\n|upkeep\n|turn|5\n|\n|t:|1681854336\n|move|p2b: Hatterene|Protect|p2b: Hatterene\n|-singleturn|p2b: Hatterene|Protect\n|move|p1b: Ceruledge|Shadow Sneak|p2b: Hatterene\n|-activate|p2b: Hatterene|move: Protect\n|move|p2a: Ting-Lu|Stomping Tantrum|p1b: Ceruledge\n|-resisted|p1b: Ceruledge\n|-damage|p1b: Ceruledge|76\/100\n|\n|-fieldend|move: Trick Room\n|upkeep\n|turn|6\n|c|\u2606RalfRabisco|Congrants... Great Game!\n|\n|t:|1681854351\n|move|p1b: Ceruledge|Shadow Sneak|p2b: Hatterene\n|-supereffective|p2b: Hatterene\n|-damage|p2b: Hatterene|0 fnt\n|faint|p2b: Hatterene\n|move|p2a: Ting-Lu|Fissure|p1b: Ceruledge|[miss]\n|-miss|p2a: Ting-Lu|p1b: Ceruledge\n|\n|upkeep\n|\n|t:|1681854357\n|switch|p2b: Amoonguss|Amoonguss, L50, M|100\/100\n|turn|7\n|\n|t:|1681854363\n|move|p1b: Ceruledge|Tera Blast|p2a: Ting-Lu\n|-supereffective|p2a: Ting-Lu\n|-damage|p2a: Ting-Lu|23\/100\n|move|p2a: Ting-Lu|Fissure|p1b: Ceruledge|[miss]\n|-miss|p2a: Ting-Lu|p1b: Ceruledge\n|move|p2b: Amoonguss|Pollen Puff|p2a: Ting-Lu\n|-heal|p2a: Ting-Lu|73\/100\n|\n|upkeep\n|turn|8\n|\n|t:|1681854377\n|-terastallize|p2a: Ting-Lu|Dark\n|move|p1b: Ceruledge|Tera Blast|p2a: Ting-Lu\n|-crit|p2a: Ting-Lu\n|-damage|p2a: Ting-Lu|14\/100\n|move|p2a: Ting-Lu|Fissure|p1b: Ceruledge\n|-damage|p1b: Ceruledge|0 fnt\n|faint|p1b: Ceruledge\n|-ohko\n|\n|win|bl1ng\n|raw|RalfRabisco's rating: 1212 → 1193<\/strong> (-19 for losing)\n|raw|bl1ng's rating: 1304 → 1319<\/strong> (+15 for winning)\n|l|\u2606bl1ng\n","uploadtime":1681854398,"views":21,"p1id":"ralfrabisco","p2id":"bl1ng","formatid":"gen9vgc2023regulationc","rating":1193,"private":0,"password":""}