{"id":"gen9vgc2023regulationc-1863616244","p1":"XinBluQAQ","p2":"1123274538wsn","format":"[Gen 9] VGC 2023 Regulation C","log":"|j|\u2606XinBluQAQ\n|j|\u26061123274538wsn\n|t:|1684044002\n|gametype|doubles\n|player|p1|XinBluQAQ|shadowtriad|1380\n|player|p2|1123274538wsn|1|1329\n|teamsize|p1|6\n|teamsize|p2|6\n|gen|9\n|tier|[Gen 9] VGC 2023 Regulation C\n|rated|\n|rule|Species Clause: Limit one of each Pok\u00e9mon\n|rule|Item Clause: Limit one of each item\n|clearpoke\n|poke|p1|Iron Bundle, L50|\n|poke|p1|Dondozo, L50, M|\n|poke|p1|Tatsugiri, L50, F|\n|poke|p1|Glimmora, L50, M|\n|poke|p1|Dragonite, L50, M|\n|poke|p1|Chi-Yu, L50|\n|poke|p2|Flutter Mane, L50|\n|poke|p2|Iron Bundle, L50|\n|poke|p2|Chi-Yu, L50|\n|poke|p2|Glimmora, L50, F|\n|poke|p2|Dondozo, L50, M|\n|poke|p2|Tatsugiri, L50, F|\n|teampreview|4\n|inactive|Battle timer is ON: inactive players will automatically lose when time's up. (requested by 1123274538wsn)\n|\n|t:|1684044043\n|start\n|switch|p1a: Glimmora|Glimmora, L50, M|100\/100\n|switch|p1b: Dondozo|Dondozo, L50, M|100\/100\n|switch|p2a: Glimmora|Glimmora, L50, F|100\/100\n|switch|p2b: Iron Bundle|Iron Bundle, L50|100\/100\n|-enditem|p2b: Iron Bundle|Booster Energy\n|-activate|p2b: Iron Bundle|ability: Quark Drive|[fromitem]\n|-start|p2b: Iron Bundle|quarkdrivespe\n|turn|1\n|\n|t:|1684044061\n|-terastallize|p2a: Glimmora|Grass\n|move|p2b: Iron Bundle|Protect|p2b: Iron Bundle\n|-singleturn|p2b: Iron Bundle|Protect\n|move|p1b: Dondozo|Protect|p1b: Dondozo\n|-singleturn|p1b: Dondozo|Protect\n|move|p2a: Glimmora|Mortal Spin|p1a: Glimmora|[spread] p1a\n|-activate|p1b: Dondozo|move: Protect\n|-resisted|p1a: Glimmora\n|-damage|p1a: Glimmora|99\/100\n|-activate|p1a: Glimmora|ability: Toxic Debris\n|-sidestart|p2: 1123274538wsn|move: Toxic Spikes\n|-sideend|p2: 1123274538wsn|Toxic Spikes|[from] move: Mortal Spin|[of] p2a: Glimmora\n|move|p1a: Glimmora|Power Gem|p2b: Iron Bundle\n|-activate|p2b: Iron Bundle|move: Protect\n|\n|upkeep\n|turn|2\n|inactive|1123274538wsn has 30 seconds left.\n|\n|t:|1684044090\n|switch|p1b: Dragonite|Dragonite, L50, M|100\/100\n|move|p2b: Iron Bundle|Freeze-Dry|p1b: Dragonite\n|-supereffective|p1b: Dragonite\n|-damage|p1b: Dragonite|35\/100\n|move|p2a: Glimmora|Earth Power|p1a: Glimmora\n|-supereffective|p1a: Glimmora\n|-damage|p1a: Glimmora|22\/100\n|move|p1a: Glimmora|Power Gem|p2b: Iron Bundle\n|-supereffective|p2b: Iron Bundle\n|-damage|p2b: Iron Bundle|0 fnt\n|faint|p2b: Iron Bundle\n|-end|p2b: Iron Bundle|Quark Drive|[silent]\n|\n|upkeep\n|\n|t:|1684044105\n|switch|p2b: Tatsugiri|Tatsugiri, L50, F, shiny|100\/100\n|turn|3\n|\n|t:|1684044118\n|move|p2b: Tatsugiri|Icy Wind|p1a: Glimmora|[spread] p1a,p1b\n|-supereffective|p1b: Dragonite\n|-damage|p1a: Glimmora|15\/100\n|-damage|p1b: Dragonite|0 fnt\n|-unboost|p1a: Glimmora|spe|1\n|faint|p1b: Dragonite\n|move|p2a: Glimmora|Earth Power|p1a: Glimmora\n|-supereffective|p1a: Glimmora\n|-damage|p1a: Glimmora|0 fnt\n|faint|p1a: Glimmora\n|\n|upkeep\n|\n|t:|1684044123\n|switch|p1a: Iron Bundle|Iron Bundle, L50|100\/100\n|switch|p1b: Dondozo|Dondozo, L50, M|100\/100\n|-enditem|p1a: Iron Bundle|Booster Energy\n|-activate|p1a: Iron Bundle|ability: Quark Drive|[fromitem]\n|-start|p1a: Iron Bundle|quarkdrivespe\n|turn|4\n|\n|t:|1684044146\n|switch|p2a: Dondozo|Dondozo, L50, M|100\/100\n|-activate|p2b: Tatsugiri|ability: Commander|[of] p2a: Dondozo\n|-boost|p2a: Dondozo|atk|2\n|-boost|p2a: Dondozo|spa|2\n|-boost|p2a: Dondozo|spe|2\n|-boost|p2a: Dondozo|def|2\n|-boost|p2a: Dondozo|spd|2\n|move|p1b: Dondozo|Protect|p1b: Dondozo\n|-singleturn|p1b: Dondozo|Protect\n|move|p1a: Iron Bundle|Freeze-Dry|p2a: Dondozo\n|-supereffective|p2a: Dondozo\n|-damage|p2a: Dondozo|66\/100\n|\n|-heal|p2a: Dondozo|72\/100|[from] item: Leftovers\n|upkeep\n|turn|5\n|\n|t:|1684044162\n|-terastallize|p1b: Dondozo|Grass\n|move|p2a: Dondozo|Protect|p2a: Dondozo\n|-singleturn|p2a: Dondozo|Protect\n|move|p1a: Iron Bundle|Freeze-Dry|p2a: Dondozo\n|-activate|p2a: Dondozo|move: Protect\n|move|p1b: Dondozo|Tera Blast|p2a: Dondozo\n|-activate|p2a: Dondozo|move: Protect\n|\n|-heal|p2a: Dondozo|78\/100|[from] item: Leftovers\n|upkeep\n|turn|6\n|\n|t:|1684044177\n|move|p1a: Iron Bundle|Protect|p1a: Iron Bundle\n|-singleturn|p1a: Iron Bundle|Protect\n|move|p2a: Dondozo|Order Up|p1a: Iron Bundle\n|-activate|p1a: Iron Bundle|move: Protect\n|move|p1b: Dondozo|Tera Blast|p2a: Dondozo\n|-supereffective|p2a: Dondozo\n|-damage|p2a: Dondozo|30\/100\n|\n|-heal|p2a: Dondozo|36\/100|[from] item: Leftovers\n|upkeep\n|turn|7\n|\n|t:|1684044190\n|move|p2a: Dondozo|Protect|p2a: Dondozo\n|-singleturn|p2a: Dondozo|Protect\n|move|p1a: Iron Bundle|Freeze-Dry|p2a: Dondozo\n|-activate|p2a: Dondozo|move: Protect\n|move|p1b: Dondozo|Tera Blast|p2a: Dondozo\n|-activate|p2a: Dondozo|move: Protect\n|\n|-heal|p2a: Dondozo|43\/100|[from] item: Leftovers\n|upkeep\n|turn|8\n|\n|t:|1684044203\n|move|p1a: Iron Bundle|Protect|p1a: Iron Bundle\n|-singleturn|p1a: Iron Bundle|Protect\n|move|p2a: Dondozo|Protect||[still]\n|-fail|p2a: Dondozo\n|move|p1b: Dondozo|Tera Blast|p2a: Dondozo\n|-supereffective|p2a: Dondozo\n|-damage|p2a: Dondozo|0 fnt\n|faint|p2a: Dondozo\n|\n|upkeep\n|\n|t:|1684044208\n|switch|p2a: Glimmora|Glimmora, L50, F, tera:Grass|100\/100\n|turn|9\n|\n|t:|1684044222\n|move|p1a: Iron Bundle|Freeze-Dry|p2a: Glimmora\n|-supereffective|p2a: Glimmora\n|-damage|p2a: Glimmora|9\/100\n|move|p2b: Tatsugiri|Icy Wind|p1a: Iron Bundle|[spread] p1a,p1b\n|-resisted|p1a: Iron Bundle\n|-supereffective|p1b: Dondozo\n|-damage|p1a: Iron Bundle|95\/100\n|-damage|p1b: Dondozo|79\/100\n|-unboost|p1a: Iron Bundle|spe|1\n|-unboost|p1b: Dondozo|spe|1\n|move|p2a: Glimmora|Power Gem|p1a: Iron Bundle\n|-supereffective|p1a: Iron Bundle\n|-damage|p1a: Iron Bundle|0 fnt\n|faint|p1a: Iron Bundle\n|-end|p1a: Iron Bundle|Quark Drive|[silent]\n|move|p1b: Dondozo|Tera Blast|p2b: Tatsugiri\n|-damage|p2b: Tatsugiri|33\/100\n|\n|-heal|p1b: Dondozo|85\/100|[from] item: Leftovers\n|upkeep\n|turn|10\n|\n|t:|1684044234\n|move|p2b: Tatsugiri|Icy Wind|p1b: Dondozo\n|-supereffective|p1b: Dondozo\n|-damage|p1b: Dondozo|56\/100\n|-unboost|p1b: Dondozo|spe|1\n|move|p2a: Glimmora|Power Gem|p1b: Dondozo\n|-damage|p1b: Dondozo|21\/100\n|move|p1b: Dondozo|Earthquake|p2b: Tatsugiri|[spread] p2a,p2b\n|-resisted|p2a: Glimmora\n|-damage|p2a: Glimmora|0 fnt\n|-damage|p2b: Tatsugiri|0 fnt\n|-activate|p2a: Glimmora|ability: Toxic Debris\n|-sidestart|p1: XinBluQAQ|move: Toxic Spikes\n|faint|p2a: Glimmora\n|faint|p2b: Tatsugiri\n|\n|win|XinBluQAQ\n|raw|XinBluQAQ's rating: 1380 → 1397<\/strong> (+17 for winning)\n|raw|1123274538wsn's rating: 1329 → 1312<\/strong> (-17 for losing)\n","uploadtime":1684044240,"views":13,"p1id":"xinbluqaq","p2id":"1123274538wsn","formatid":"gen9vgc2023regulationc","rating":1312,"private":0,"password":""}