{"id":"gen9vgc2023regulationc-1847892150","p1":"minccinoisthebest","p2":"FalkSV","format":"[Gen 9] VGC 2023 Regulation C","log":"|j|\u2606minccinoisthebest\n|j|\u2606FalkSV\n|t:|1682010467\n|gametype|doubles\n|player|p1|minccinoisthebest|102|1222\n|player|p2|FalkSV|169|1318\n|teamsize|p1|6\n|teamsize|p2|6\n|gen|9\n|tier|[Gen 9] VGC 2023 Regulation C\n|rated|\n|rule|Species Clause: Limit one of each Pok\u00e9mon\n|rule|Item Clause: Limit one of each item\n|clearpoke\n|poke|p1|Tauros-Paldea-Blaze, L50, M|\n|poke|p1|Sandy Shocks, L50|\n|poke|p1|Chi-Yu, L50|\n|poke|p1|Flutter Mane, L50|\n|poke|p1|Ceruledge, L50, M|\n|poke|p1|Gastrodon, L50, M|\n|poke|p2|Dragonite, L50, F|\n|poke|p2|Sableye, L50, F|\n|poke|p2|Arcanine, L50, F|\n|poke|p2|Flutter Mane, L50|\n|poke|p2|Meowscarada, L50, M|\n|poke|p2|Azumarill, L50, M|\n|teampreview|4\n|inactive|Battle timer is ON: inactive players will automatically lose when time's up. (requested by FalkSV)\n|inactive|minccinoisthebest has 60 seconds left.\n|inactive|FalkSV has 60 seconds left.\n|\n|t:|1682010518\n|start\n|switch|p1a: Chi-Yu|Chi-Yu, L50|100\/100\n|switch|p1b: Gastrodon|Gastrodon, L50, M, shiny|100\/100\n|switch|p2a: Meowscarada|Meowscarada, L50, M|100\/100\n|switch|p2b: Sableye|Sableye, L50, F|100\/100\n|-ability|p1a: Chi-Yu|Beads of Ruin\n|turn|1\n|\n|t:|1682010537\n|move|p2a: Meowscarada|Protect|p2a: Meowscarada\n|-start|p2a: Meowscarada|typechange|Normal|[from] ability: Protean\n|-singleturn|p2a: Meowscarada|Protect\n|move|p1b: Gastrodon|Protect|p1b: Gastrodon\n|-singleturn|p1b: Gastrodon|Protect\n|move|p2b: Sableye|Light Screen|p2b: Sableye\n|-sidestart|p2: FalkSV|move: Light Screen\n|move|p1a: Chi-Yu|Heat Wave|p2a: Meowscarada|[spread] p2b\n|-activate|p2a: Meowscarada|move: Protect\n|-damage|p2b: Sableye|72\/100\n|\n|upkeep\n|turn|2\n|\n|t:|1682010562\n|switch|p1b: Tauros|Tauros-Paldea-Blaze, L50, M, shiny|100\/100\n|-ability|p1b: Tauros|Intimidate|boost\n|-unboost|p2a: Meowscarada|atk|1\n|-unboost|p2b: Sableye|atk|1\n|-terastallize|p2a: Meowscarada|Water\n|move|p2b: Sableye|Rain Dance|p2b: Sableye\n|-weather|RainDance\n|move|p2a: Meowscarada|Tera Blast|p1a: Chi-Yu\n|-supereffective|p1a: Chi-Yu\n|-damage|p1a: Chi-Yu|18\/100\n|move|p1a: Chi-Yu|Heat Wave|p2b: Sableye|[spread] p2a,p2b\n|-resisted|p2a: Meowscarada\n|-damage|p2a: Meowscarada|90\/100\n|-damage|p2b: Sableye|58\/100\n|\n|-weather|RainDance|[upkeep]\n|upkeep\n|turn|3\n|\n|t:|1682010586\n|switch|p1a: Gastrodon|Gastrodon, L50, M, shiny|100\/100\n|move|p2b: Sableye|Reflect|p2b: Sableye\n|-sidestart|p2: FalkSV|Reflect\n|move|p2a: Meowscarada|Flower Trick|p1a: Gastrodon\n|-supereffective|p1a: Gastrodon\n|-crit|p1a: Gastrodon\n|-damage|p1a: Gastrodon|0 fnt\n|faint|p1a: Gastrodon\n|move|p1b: Tauros|Close Combat|p2a: Meowscarada\n|-damage|p2a: Meowscarada|32\/100\n|-unboost|p1b: Tauros|def|1\n|-unboost|p1b: Tauros|spd|1\n|\n|-weather|RainDance|[upkeep]\n|upkeep\n|\n|t:|1682010605\n|switch|p1a: Flutter Mane|Flutter Mane, L50|100\/100\n|-enditem|p1a: Flutter Mane|Booster Energy\n|-activate|p1a: Flutter Mane|ability: Protosynthesis|[fromitem]\n|-start|p1a: Flutter Mane|protosynthesisspe\n|turn|4\n|\n|t:|1682010621\n|move|p2a: Meowscarada|Sucker Punch|p1a: Flutter Mane\n|-damage|p1a: Flutter Mane|65\/100\n|move|p1a: Flutter Mane|Moonblast|p2a: Meowscarada\n|-damage|p2a: Meowscarada|0 fnt\n|faint|p2a: Meowscarada\n|move|p1b: Tauros|Flare Blitz|p2b: Sableye\n|-damage|p2b: Sableye|32\/100\n|-damage|p1b: Tauros|92\/100|[from] Recoil\n|move|p2b: Sableye|Foul Play|p1a: Flutter Mane\n|-damage|p1a: Flutter Mane|30\/100\n|\n|-weather|RainDance|[upkeep]\n|upkeep\n|\n|t:|1682010635\n|switch|p2a: Azumarill|Azumarill, L50, M|100\/100\n|turn|5\n|l|\u2606minccinoisthebest\n|inactive|minccinoisthebest disconnected and has a minute to reconnect!\n|player|p1|\n|inactive|minccinoisthebest has 30 seconds left.\n|inactive|minccinoisthebest has 20 seconds left.\n|inactive|minccinoisthebest has 15 seconds left.\n|inactive|minccinoisthebest has 10 seconds left.\n|inactive|minccinoisthebest has 5 seconds left.\n|-message|minccinoisthebest lost due to inactivity.\n|\n|win|FalkSV\n|raw|minccinoisthebest's rating: 1222 → 1204<\/strong> (-18 for losing)\n|raw|FalkSV's rating: 1318 → 1333<\/strong> (+15 for winning)\n","uploadtime":1682010694,"views":10,"p1id":"minccinoisthebest","p2id":"falksv","formatid":"gen9vgc2023regulationc","rating":1204,"private":0,"password":""}