{"id":"gen9vgc2023regulationc-1852184999","p1":"jdarcan","p2":"BroDontFuckWithMe","format":"[Gen 9] VGC 2023 Regulation C","log":"|j|\u2606jdarcan\n|j|\u2606BroDontFuckWithMe\n|t:|1682531140\n|gametype|doubles\n|player|p1|jdarcan|camper|1565\n|player|p2|BroDontFuckWithMe|2|1659\n|teamsize|p1|6\n|teamsize|p2|6\n|gen|9\n|tier|[Gen 9] VGC 2023 Regulation C\n|rated|\n|rule|Species Clause: Limit one of each Pok\u00e9mon\n|rule|Item Clause: Limit one of each item\n|clearpoke\n|poke|p1|Oranguru, L50, F|\n|poke|p1|Revavroom, L50, M|\n|poke|p1|Baxcalibur, L50, F|\n|poke|p1|Flutter Mane, L50|\n|poke|p1|Rotom-Wash, L50|\n|poke|p1|Arcanine, L50, M|\n|poke|p2|Great Tusk, L50|\n|poke|p2|Amoonguss, L50, F|\n|poke|p2|Tyranitar, L50, M|\n|poke|p2|Iron Bundle, L50|\n|poke|p2|Talonflame, L50, M|\n|poke|p2|Gholdengo, L50|\n|teampreview|4\n|inactive|Battle timer is ON: inactive players will automatically lose when time's up. (requested by BroDontFuckWithMe)\n|\n|t:|1682531178\n|start\n|switch|p1a: Oranguru|Oranguru, L50, F|100\/100\n|switch|p1b: Flutter Mane|Flutter Mane, L50|100\/100\n|switch|p2a: Great Tusk|Great Tusk, L50|100\/100\n|switch|p2b: Iron Bundle|Iron Bundle, L50|100\/100\n|-enditem|p2b: Iron Bundle|Booster Energy\n|-activate|p2b: Iron Bundle|ability: Quark Drive|[fromitem]\n|-start|p2b: Iron Bundle|quarkdrivespe\n|turn|1\n|inactive|BroDontFuckWithMe has 30 seconds left.\n|j| Mike2811\n|inactive|BroDontFuckWithMe has 20 seconds left.\n|\n|t:|1682531213\n|-end|p1b: Flutter Mane|Protosynthesis|[silent]\n|switch|p1b: Rotom|Rotom-Wash, L50|100\/100\n|move|p2b: Iron Bundle|Icy Wind|p1a: Oranguru|[spread] p1a,p1b\n|-resisted|p1b: Rotom\n|-damage|p1a: Oranguru|86\/100\n|-damage|p1b: Rotom|90\/100\n|-unboost|p1a: Oranguru|spe|1\n|-unboost|p1b: Rotom|spe|1\n|move|p2a: Great Tusk|Headlong Rush|p1b: Rotom\n|-immune|p1b: Rotom|[from] ability: Levitate\n|move|p1a: Oranguru|Trick Room|p1a: Oranguru\n|-fieldstart|move: Trick Room|[of] p1a: Oranguru\n|\n|upkeep\n|turn|2\n|inactive|jdarcan has 30 seconds left.\n|\n|t:|1682531243\n|-end|p2b: Iron Bundle|Quark Drive|[silent]\n|switch|p2b: Amoonguss|Amoonguss, L50, F|100\/100\n|move|p1a: Oranguru|Hyper Voice|p2a: Great Tusk|[spread] p2a,p2b\n|-damage|p2a: Great Tusk|70\/100\n|-damage|p2b: Amoonguss|80\/100\n|move|p1b: Rotom|Hydro Pump|p2a: Great Tusk\n|-supereffective|p2a: Great Tusk\n|-damage|p2a: Great Tusk|0 fnt\n|faint|p2a: Great Tusk\n|-end|p2a: Great Tusk|Protosynthesis|[silent]\n|\n|upkeep\n|\n|t:|1682531251\n|switch|p2a: Iron Bundle|Iron Bundle, L50|100\/100\n|turn|3\n|\n|t:|1682531271\n|move|p2b: Amoonguss|Spore|p1b: Rotom\n|-status|p1b: Rotom|slp|[from] move: Spore\n|move|p1a: Oranguru|Hyper Voice|p2a: Iron Bundle|[spread] p2a,p2b\n|-damage|p2a: Iron Bundle|62\/100\n|-damage|p2b: Amoonguss|62\/100\n|cant|p1b: Rotom|slp\n|move|p2a: Iron Bundle|Hydro Pump|p1a: Oranguru\n|-damage|p1a: Oranguru|51\/100\n|\n|upkeep\n|turn|4\n|\n|t:|1682531285\n|move|p2b: Amoonguss|Pollen Puff|p2a: Iron Bundle\n|-heal|p2a: Iron Bundle|100\/100\n|move|p1a: Oranguru|Hyper Voice|p2b: Amoonguss|[spread] p2a,p2b\n|-damage|p2a: Iron Bundle|59\/100\n|-damage|p2b: Amoonguss|43\/100\n|-enditem|p2b: Amoonguss|Sitrus Berry|[eat]\n|-heal|p2b: Amoonguss|68\/100|[from] item: Sitrus Berry\n|cant|p1b: Rotom|slp\n|move|p2a: Iron Bundle|Freeze-Dry|p1b: Rotom\n|-supereffective|p1b: Rotom\n|-damage|p1b: Rotom|17\/100 slp\n|-enditem|p1b: Rotom|Sitrus Berry|[eat]\n|-heal|p1b: Rotom|42\/100 slp|[from] item: Sitrus Berry\n|\n|upkeep\n|turn|5\n|\n|t:|1682531301\n|move|p2b: Amoonguss|Rage Powder|p2b: Amoonguss\n|-singleturn|p2b: Amoonguss|move: Rage Powder\n|move|p1a: Oranguru|Hyper Voice|p2a: Iron Bundle|[spread] p2a,p2b\n|-damage|p2a: Iron Bundle|15\/100\n|-damage|p2b: Amoonguss|50\/100\n|cant|p1b: Rotom|slp\n|move|p2a: Iron Bundle|Freeze-Dry|p1b: Rotom\n|-supereffective|p1b: Rotom\n|-damage|p1b: Rotom|0 fnt\n|faint|p1b: Rotom\n|\n|-fieldend|move: Trick Room\n|upkeep\n|\n|t:|1682531313\n|switch|p1b: Flutter Mane|Flutter Mane, L50|100\/100\n|turn|6\n|\n|t:|1682531325\n|-terastallize|p1b: Flutter Mane|Fairy\n|move|p2a: Iron Bundle|Icy Wind|p1a: Oranguru|[spread] p1a,p1b\n|-damage|p1a: Oranguru|35\/100\n|-damage|p1b: Flutter Mane|84\/100\n|-unboost|p1a: Oranguru|spe|1\n|-unboost|p1b: Flutter Mane|spe|1\n|move|p1b: Flutter Mane|Dazzling Gleam|p2b: Amoonguss|[spread] p2a,p2b\n|-resisted|p2b: Amoonguss\n|-damage|p2a: Iron Bundle|0 fnt\n|-damage|p2b: Amoonguss|23\/100\n|faint|p2a: Iron Bundle\n|-end|p2a: Iron Bundle|Quark Drive|[silent]\n|move|p1a: Oranguru|Instruct|p1b: Flutter Mane\n|-singleturn|p1b: Flutter Mane|move: Instruct|[of] p1a: Oranguru\n|move|p1b: Flutter Mane|Dazzling Gleam|p2b: Amoonguss\n|-resisted|p2b: Amoonguss\n|-damage|p2b: Amoonguss|0 fnt\n|faint|p2b: Amoonguss\n|\n|upkeep\n|\n|t:|1682531329\n|switch|p2b: Gholdengo|Gholdengo, L50|100\/100\n|turn|7\n|\n|t:|1682531350\n|-end|p1b: Flutter Mane|Protosynthesis|[silent]\n|switch|p1b: Arcanine|Arcanine, L50, M|100\/100\n|-ability|p1b: Arcanine|Intimidate|boost\n|-unboost|p2b: Gholdengo|atk|1\n|-terastallize|p2b: Gholdengo|Water\n|move|p2b: Gholdengo|Make It Rain|p1b: Arcanine|[spread] p1a,p1b\n|-resisted|p1b: Arcanine\n|-damage|p1a: Oranguru|0 fnt\n|-damage|p1b: Arcanine|75\/100\n|-unboost|p2b: Gholdengo|spa|1\n|faint|p1a: Oranguru\n|\n|upkeep\n|j| ScV Test\n|\n|t:|1682531360\n|switch|p1a: Flutter Mane|Flutter Mane, L50, tera:Fairy|84\/100\n|turn|8\n|\n|t:|1682531369\n|move|p1a: Flutter Mane|Thunderbolt|p2b: Gholdengo\n|-supereffective|p2b: Gholdengo\n|-damage|p2b: Gholdengo|0 fnt\n|faint|p2b: Gholdengo\n|\n|win|jdarcan\n|raw|jdarcan's rating: 1565 → 1590<\/strong> (+25 for winning)\n|raw|BroDontFuckWithMe's rating: 1659 → 1634<\/strong> (-25 for losing)\n|l| Mike2811\n|l|\u2606BroDontFuckWithMe\n","uploadtime":1682531375,"views":15,"p1id":"jdarcan","p2id":"brodontfuckwithme","formatid":"gen9vgc2023regulationc","rating":1590,"private":0,"password":""}