{"id":"gen9vgc2023regulationc-1845561113","p1":"SilverGigalith","p2":"Solerma","format":"[Gen 9] VGC 2023 Regulation C","log":"|j|\u2606SilverGigalith\n|j|\u2606Solerma\n|t:|1681745129\n|gametype|doubles\n|player|p1|SilverGigalith|palmer|1120\n|player|p2|Solerma|ruinmaniac|1116\n|teamsize|p1|6\n|teamsize|p2|6\n|gen|9\n|tier|[Gen 9] VGC 2023 Regulation C\n|rated|\n|rule|Species Clause: Limit one of each Pok\u00e9mon\n|rule|Item Clause: Limit one of each item\n|clearpoke\n|poke|p1|Tyranitar, L50, F|\n|poke|p1|Houndstone, L50, M|\n|poke|p1|Chi-Yu, L50|\n|poke|p1|Dragonite, L50, F|\n|poke|p1|Palafin, L50, F|\n|poke|p1|Amoonguss, L50, M|\n|poke|p2|Chien-Pao, L50|\n|poke|p2|Dragapult, L50, M|\n|poke|p2|Amoonguss, L50, M|\n|poke|p2|Arcanine, L50, F|\n|poke|p2|Great Tusk, L50|\n|poke|p2|Gholdengo, L50|\n|teampreview|4\n|inactive|Battle timer is ON: inactive players will automatically lose when time's up. (requested by SilverGigalith)\nSilverGigalith has agreed to open team sheets.\n|inactive|SilverGigalith has 60 seconds left.\n|inactive|Solerma has 60 seconds left.\n|\n|t:|1681745175\n|start\n|switch|p1a: Dark Tower|Tyranitar, L50, F|100\/100\n|switch|p1b: Pet Cemetery|Houndstone, L50, M|100\/100\n|switch|p2a: Tusk|Great Tusk, L50, shiny|100\/100\n|switch|p2b: Arca9|Arcanine, L50, F|100\/100\n|-ability|p2b: Arca9|Intimidate|boost\n|-unboost|p1a: Dark Tower|atk|1\n|-unboost|p1b: Pet Cemetery|atk|1\n|-weather|Sandstorm|[from] ability: Sand Stream|[of] p1a: Dark Tower\n|turn|1\n|inactive|Solerma has 30 seconds left.\n|\n|t:|1681745200\n|-terastallize|p1a: Dark Tower|Flying\n|move|p2a: Tusk|Protect|p2a: Tusk\n|-singleturn|p2a: Tusk|Protect\n|move|p1b: Pet Cemetery|Will-O-Wisp|p2a: Tusk\n|-activate|p2a: Tusk|move: Protect\n|move|p2b: Arca9|Flare Blitz|p1b: Pet Cemetery\n|-damage|p1b: Pet Cemetery|44\/100\n|-enditem|p1b: Pet Cemetery|Sitrus Berry|[eat]\n|-heal|p1b: Pet Cemetery|69\/100|[from] item: Sitrus Berry\n|-damage|p2b: Arca9|85\/100|[from] Recoil\n|move|p1a: Dark Tower|Rock Slide|p2a: Tusk|[spread] p2b\n|-activate|p2a: Tusk|move: Protect\n|-supereffective|p2b: Arca9\n|-damage|p2b: Arca9|42\/100\n|\n|-weather|Sandstorm|[upkeep]\n|-damage|p1a: Dark Tower|95\/100|[from] Sandstorm\n|upkeep\n|turn|2\n|inactive|Solerma has 30 seconds left.\n|inactive|Solerma has 20 seconds left.\n|\n|t:|1681745237\n|move|p1b: Pet Cemetery|Howl|p1b: Pet Cemetery|[spread] p1a,p1b\n|-boost|p1a: Dark Tower|atk|1\n|-boost|p1b: Pet Cemetery|atk|1\n|move|p2b: Arca9|Flare Blitz|p1a: Dark Tower\n|-damage|p1a: Dark Tower|58\/100\n|-damage|p2b: Arca9|30\/100|[from] Recoil\n|move|p2a: Tusk|Headlong Rush|p1b: Pet Cemetery\n|-damage|p1b: Pet Cemetery|0 fnt\n|-unboost|p2a: Tusk|def|1\n|-unboost|p2a: Tusk|spd|1\n|faint|p1b: Pet Cemetery\n|move|p1a: Dark Tower|Rock Slide|p2b: Arca9|[spread] p2a,p2b\n|-resisted|p2a: Tusk\n|-supereffective|p2b: Arca9\n|-damage|p2a: Tusk|93\/100\n|-damage|p2b: Arca9|0 fnt\n|faint|p2b: Arca9\n|\n|-weather|Sandstorm|[upkeep]\n|-damage|p1a: Dark Tower|52\/100|[from] Sandstorm\n|upkeep\n|\n|t:|1681745259\n|switch|p2b: Cucumelo|Amoonguss, L50, M|100\/100\n|switch|p1b: Amoonguss|Amoonguss, L50, M|100\/100\n|turn|3\n|\n|t:|1681745274\n|move|p2a: Tusk|Protect|p2a: Tusk\n|-singleturn|p2a: Tusk|Protect\n|move|p1a: Dark Tower|Tera Blast|p2b: Cucumelo\n|-supereffective|p2b: Cucumelo\n|-damage|p2b: Cucumelo|26\/100\n|-enditem|p2b: Cucumelo|Sitrus Berry|[eat]\n|-heal|p2b: Cucumelo|51\/100|[from] item: Sitrus Berry\n|move|p1b: Amoonguss|Spore|p2a: Tusk\n|-activate|p2a: Tusk|move: Protect\n|move|p2b: Cucumelo|Pollen Puff|p1b: Amoonguss\n|-damage|p1b: Amoonguss|84\/100\n|\n|-weather|Sandstorm|[upkeep]\n|-damage|p1a: Dark Tower|46\/100|[from] Sandstorm\n|-damage|p1b: Amoonguss|78\/100|[from] Sandstorm\n|-damage|p2b: Cucumelo|45\/100|[from] Sandstorm\n|upkeep\n|turn|4\n|inactive|Solerma has 30 seconds left.\n|\n|t:|1681745305\n|move|p2b: Cucumelo|Protect|p2b: Cucumelo\n|-singleturn|p2b: Cucumelo|Protect\n|move|p2a: Tusk|Close Combat|p1a: Dark Tower\n|-resisted|p1a: Dark Tower\n|-damage|p1a: Dark Tower|21\/100\n|-unboost|p2a: Tusk|def|1\n|-unboost|p2a: Tusk|spd|1\n|move|p1a: Dark Tower|Tera Blast|p2a: Tusk\n|-supereffective|p2a: Tusk\n|-damage|p2a: Tusk|0 fnt\n|faint|p2a: Tusk\n|-end|p2a: Tusk|Protosynthesis|[silent]\n|move|p1b: Amoonguss|Pollen Puff|p1a: Dark Tower\n|-heal|p1a: Dark Tower|71\/100\n|\n|-weather|Sandstorm|[upkeep]\n|-damage|p1a: Dark Tower|65\/100|[from] Sandstorm\n|-damage|p1b: Amoonguss|72\/100|[from] Sandstorm\n|-damage|p2b: Cucumelo|39\/100|[from] Sandstorm\n|upkeep\n|\n|t:|1681745318\n|switch|p2a: Chien|Chien-Pao, L50|100\/100\n|-ability|p2a: Chien|Sword of Ruin\n|turn|5\n|inactive|Solerma has 30 seconds left.\n|\n|t:|1681745349\n|move|p1b: Amoonguss|Rage Powder|p1b: Amoonguss\n|-singleturn|p1b: Amoonguss|move: Rage Powder\n|move|p2a: Chien|Ice Spinner|p1b: Amoonguss\n|-supereffective|p1b: Amoonguss\n|-damage|p1b: Amoonguss|0 fnt\n|faint|p1b: Amoonguss\n|move|p1a: Dark Tower|Rock Slide|p2a: Chien|[spread] p2a,p2b\n|-supereffective|p2a: Chien\n|-damage|p2a: Chien|24\/100\n|-damage|p2b: Cucumelo|8\/100\n|move|p2b: Cucumelo|Pollen Puff|p1a: Dark Tower\n|-resisted|p1a: Dark Tower\n|-damage|p1a: Dark Tower|60\/100\n|\n|-weather|none\n|upkeep\n|\n|t:|1681745362\n|switch|p1b: Dragon Eyes|Dragonite, L50, F|100\/100\n|turn|6\n|\n|t:|1681745382\n|move|p2a: Chien|Protect|p2a: Chien\n|-singleturn|p2a: Chien|Protect\n|move|p1b: Dragon Eyes|Extreme Speed|p2a: Chien\n|-activate|p2a: Chien|move: Protect\n|move|p1a: Dark Tower|Rock Slide|p2a: Chien|[spread] p2b\n|-activate|p2a: Chien|move: Protect\n|-crit|p2b: Cucumelo\n|-damage|p2b: Cucumelo|0 fnt\n|faint|p2b: Cucumelo\n|\n|upkeep\n|turn|7\n|c|\u2606Solerma|shit\n|\n|t:|1681745403\n|-terastallize|p2a: Chien|Ghost\n|move|p1b: Dragon Eyes|Extreme Speed|p2a: Chien\n|-immune|p2a: Chien\n|move|p2a: Chien|Ice Spinner|p1b: Dragon Eyes\n|-supereffective|p1b: Dragon Eyes\n|-damage|p1b: Dragon Eyes|0 fnt\n|faint|p1b: Dragon Eyes\n|move|p1a: Dark Tower|Low Kick|p2a: Chien\n|-immune|p2a: Chien\n|\n|upkeep\n|turn|8\n|\n|t:|1681745419\n|move|p2a: Chien|Ice Spinner|p1a: Dark Tower\n|-supereffective|p1a: Dark Tower\n|-damage|p1a: Dark Tower|0 fnt\n|faint|p1a: Dark Tower\n|\n|win|Solerma\n|raw|SilverGigalith's rating: 1120 → 1095<\/strong> (-25 for losing)\n|raw|Solerma's rating: 1116 → 1141<\/strong> (+25 for winning)\n|c|\u2606Solerma|gg\n|c|\u2606SilverGigalith|Wow\n|c|\u2606SilverGigalith|Got outplayed. Gg\n|l|\u2606SilverGigalith\n","uploadtime":1681745445,"views":12,"p1id":"silvergigalith","p2id":"solerma","formatid":"gen9vgc2023regulationc","rating":1095,"private":0,"password":""}