{"id":"gen9vgc2023regulationc-1861085027","p1":"StrawPizza","p2":"Chickenmdjw","format":"[Gen 9] VGC 2023 Regulation C","log":"|j|\u2606StrawPizza\n|j|\u2606Chickenmdjw\n|t:|1683725104\n|gametype|doubles\n|player|p1|StrawPizza|169|1113\n|player|p2|Chickenmdjw|2|1160\n|teamsize|p1|6\n|teamsize|p2|6\n|gen|9\n|tier|[Gen 9] VGC 2023 Regulation C\n|rated|\n|rule|Species Clause: Limit one of each Pok\u00e9mon\n|rule|Item Clause: Limit one of each item\n|clearpoke\n|poke|p1|Palafin, L50, M|\n|poke|p1|Amoonguss, L50, F|\n|poke|p1|Arcanine, L50, M|\n|poke|p1|Flutter Mane, L50|\n|poke|p1|Espathra, L50, F|\n|poke|p1|Chien-Pao, L50|\n|poke|p2|Lycanroc, L50, F|\n|poke|p2|Tyranitar, L50, M|\n|poke|p2|Dondozo, L50, M|\n|poke|p2|Tatsugiri-Stretchy, L50, M|\n|poke|p2|Chi-Yu, L50|\n|poke|p2|Iron Bundle, L50|\n|teampreview|4\n|\n|t:|1683725155\n|start\n|switch|p1a: Espathra|Espathra, L50, F|100\/100\n|switch|p1b: Palafin|Palafin, L50, M|100\/100\n|switch|p2a: Lycanroc|Lycanroc, L50, F, shiny|100\/100\n|switch|p2b: Tyranitar|Tyranitar, L50, M|100\/100\n|-weather|Sandstorm|[from] ability: Sand Stream|[of] p2b: Tyranitar\n|turn|1\n|inactive|Battle timer is ON: inactive players will automatically lose when time's up. (requested by Chickenmdjw)\n|\n|t:|1683725177\n|detailschange|p1b: Palafin|Palafin-Hero, L50, M\n|switch|p1b: Arcanine|Arcanine, L50, M|100\/100\n|-ability|p1b: Arcanine|Intimidate|boost\n|-unboost|p2a: Lycanroc|atk|1\n|-unboost|p2b: Tyranitar|atk|1\n|move|p1a: Espathra|Protect|p1a: Espathra\n|-singleturn|p1a: Espathra|Protect\n|move|p2a: Lycanroc|Rock Slide|p1b: Arcanine|[spread] p1b\n|-activate|p1a: Espathra|move: Protect\n|-supereffective|p1b: Arcanine\n|-damage|p1b: Arcanine|49\/100\n|move|p2b: Tyranitar|Rock Slide|p1b: Arcanine|[spread] p1b\n|-activate|p1a: Espathra|move: Protect\n|-supereffective|p1b: Arcanine\n|-damage|p1b: Arcanine|0 fnt\n|faint|p1b: Arcanine\n|\n|-weather|Sandstorm|[upkeep]\n|-damage|p1a: Espathra|94\/100|[from] Sandstorm\n|-ability|p1a: Espathra|Speed Boost|boost\n|-boost|p1a: Espathra|spe|1\n|upkeep\n|\n|t:|1683725198\n|switch|p1b: Palafin|Palafin-Hero, L50, M|100\/100\n|-activate|p1b: Palafin|ability: Zero to Hero\n|turn|2\n|\n|t:|1683725213\n|-terastallize|p1a: Espathra|Fighting\n|-terastallize|p2b: Tyranitar|Grass\n|move|p1b: Palafin|Jet Punch|p2a: Lycanroc\n|-supereffective|p2a: Lycanroc\n|-crit|p2a: Lycanroc\n|-enditem|p2a: Lycanroc|Focus Sash\n|-damage|p2a: Lycanroc|1\/100\n|move|p2a: Lycanroc|Howl|p2a: Lycanroc|[spread] p2a,p2b\n|-boost|p2a: Lycanroc|atk|1\n|-boost|p2b: Tyranitar|atk|1\n|move|p1a: Espathra|Tera Blast|p2b: Tyranitar\n|-damage|p2b: Tyranitar|81\/100\n|move|p2b: Tyranitar|Tera Blast|p1b: Palafin\n|-supereffective|p1b: Palafin\n|-damage|p1b: Palafin|13\/100\n|\n|-weather|Sandstorm|[upkeep]\n|-damage|p1a: Espathra|88\/100|[from] Sandstorm\n|-damage|p1b: Palafin|7\/100|[from] Sandstorm\n|-damage|p2b: Tyranitar|75\/100|[from] Sandstorm\n|-ability|p1a: Espathra|Speed Boost|boost\n|-boost|p1a: Espathra|spe|1\n|upkeep\n|turn|3\n|inactive|StrawPizza has 30 seconds left.\n|inactive|Chickenmdjw has 30 seconds left.\n|inactive|Chickenmdjw has 20 seconds left.\n|\n|t:|1683725252\n|move|p1b: Palafin|Jet Punch|p2a: Lycanroc\n|-supereffective|p2a: Lycanroc\n|-damage|p2a: Lycanroc|0 fnt\n|faint|p2a: Lycanroc\n|move|p1a: Espathra|U-turn|p2b: Tyranitar\n|-supereffective|p2b: Tyranitar\n|-damage|p2b: Tyranitar|56\/100\n|\n|t:|1683725259\n|switch|p1a: Flutter Mane|Flutter Mane, L50|100\/100|[from] U-turn\n|-enditem|p1a: Flutter Mane|Booster Energy\n|-activate|p1a: Flutter Mane|ability: Protosynthesis|[fromitem]\n|-start|p1a: Flutter Mane|protosynthesisspe\n|move|p2b: Tyranitar|Rock Slide|p1a: Flutter Mane|[spread] p1a,p1b\n|-damage|p1a: Flutter Mane|26\/100\n|-damage|p1b: Palafin|0 fnt\n|faint|p1b: Palafin\n|\n|-weather|Sandstorm|[upkeep]\n|-damage|p1a: Flutter Mane|20\/100|[from] Sandstorm\n|-damage|p2b: Tyranitar|50\/100|[from] Sandstorm\n|upkeep\n|\n|t:|1683725277\n|switch|p2a: Dondozo|Dondozo, L50, M|100\/100\n|switch|p1b: Espathra|Espathra, L50, F, tera:Fighting|88\/100\n|turn|4\n|\n|t:|1683725286\n|switch|p2b: Tatsugiri|Tatsugiri-Stretchy, L50, M|100\/100\n|-activate|p2b: Tatsugiri|ability: Commander|[of] p2a: Dondozo\n|-boost|p2a: Dondozo|atk|2\n|-boost|p2a: Dondozo|spa|2\n|-boost|p2a: Dondozo|spe|2\n|-boost|p2a: Dondozo|def|2\n|-boost|p2a: Dondozo|spd|2\n|move|p1a: Flutter Mane|Icy Wind|p2b: Tatsugiri|[spread] p2a\n|-miss|p1a: Flutter Mane|p2b: Tatsugiri\n|-resisted|p2a: Dondozo\n|-damage|p2a: Dondozo|97\/100\n|-unboost|p2a: Dondozo|spe|1\n|move|p1b: Espathra|Lumina Crash|p2a: Dondozo\n|-damage|p2a: Dondozo|82\/100\n|-unboost|p2a: Dondozo|spd|2\n|move|p2a: Dondozo|Earthquake|p1a: Flutter Mane|[spread] p1a,p1b\n|-miss|p2a: Dondozo|p2b: Tatsugiri\n|-damage|p1a: Flutter Mane|0 fnt\n|-damage|p1b: Espathra|24\/100\n|faint|p1a: Flutter Mane\n|-end|p1a: Flutter Mane|Protosynthesis|[silent]\n|\n|-weather|Sandstorm|[upkeep]\n|-damage|p2b: Tatsugiri|95\/100|[from] Sandstorm\n|-damage|p1b: Espathra|18\/100|[from] Sandstorm\n|-damage|p2a: Dondozo|75\/100|[from] Sandstorm\n|-heal|p2a: Dondozo|82\/100|[from] item: Leftovers\n|-ability|p1b: Espathra|Speed Boost|boost\n|-boost|p1b: Espathra|spe|1\n|upkeep\n|turn|5\n|-message|StrawPizza forfeited.\n|\n|win|Chickenmdjw\n|raw|StrawPizza's rating: 1113 → 1091<\/strong> (-22 for losing)\n|raw|Chickenmdjw's rating: 1160 → 1182<\/strong> (+22 for winning)\n|l|\u2606StrawPizza\n","uploadtime":1683725317,"views":12,"p1id":"strawpizza","p2id":"chickenmdjw","formatid":"gen9vgc2023regulationc","rating":1091,"private":0,"password":""}