{"id":"gen9vgc2023regulationc-1849182036","p1":"mnknkmkvbdfv","p2":"WillieDangerously","format":"[Gen 9] VGC 2023 Regulation C","log":"|j|\u2606mnknkmkvbdfv\n|j|\u2606WillieDangerously\n|t:|1682169461\n|gametype|doubles\n|player|p1|mnknkmkvbdfv|170|1182\n|player|p2|WillieDangerously|psychic-gen4|1106\n|teamsize|p1|6\n|teamsize|p2|6\n|gen|9\n|tier|[Gen 9] VGC 2023 Regulation C\n|rated|\n|rule|Species Clause: Limit one of each Pok\u00e9mon\n|rule|Item Clause: Limit one of each item\n|clearpoke\n|poke|p1|Indeedee-F, L50, F|\n|poke|p1|Armarouge, L50, M|\n|poke|p1|Hatterene, L50, F|\n|poke|p1|Torkoal, L50, M|\n|poke|p1|Kingambit, L50, M|\n|poke|p1|Gallade, L50, M|\n|poke|p2|Espathra, L50, F|\n|poke|p2|Iron Bundle, L50|\n|poke|p2|Iron Valiant, L50|\n|poke|p2|Salamence, L50, F|\n|poke|p2|Scizor, L50, M|\n|poke|p2|Sandy Shocks, L50|\n|teampreview|4\n|inactive|Battle timer is ON: inactive players will automatically lose when time's up. (requested by mnknkmkvbdfv)\n|inactive|mnknkmkvbdfv has 60 seconds left.\n|inactive|WillieDangerously has 60 seconds left.\n|\n|t:|1682169526\n|start\n|switch|p1a: Armarouge|Armarouge, L50, M|100\/100\n|switch|p1b: Indeedee|Indeedee-F, L50, F|100\/100\n|switch|p2a: Salamence|Salamence, L50, F|100\/100\n|switch|p2b: Scizor|Scizor, L50, M|100\/100\n|-fieldstart|move: Psychic Terrain|[from] ability: Psychic Surge|[of] p1b: Indeedee\n|-enditem|p1b: Indeedee|Psychic Seed\n|-boost|p1b: Indeedee|spd|1|[from] item: Psychic Seed\n|turn|1\n|inactive|WillieDangerously has 30 seconds left.\n|\n|t:|1682169551\n|-terastallize|p2a: Salamence|Rock\n|move|p1b: Indeedee|Follow Me|p1b: Indeedee\n|-singleturn|p1b: Indeedee|move: Follow Me\n|move|p2a: Salamence|Rock Slide|p1b: Indeedee|[spread] p1a,p1b\n|-supereffective|p1a: Armarouge\n|-damage|p1a: Armarouge|43\/100\n|-damage|p1b: Indeedee|72\/100\n|move|p2b: Scizor|Pounce|p1b: Indeedee\n|-supereffective|p1b: Indeedee\n|-damage|p1b: Indeedee|0 fnt\n|faint|p1b: Indeedee\n|cant|p1a: Armarouge|flinch\n|\n|upkeep\n|\n|t:|1682169572\n|switch|p1b: Hatterene|Hatterene, L50, F|100\/100\n|turn|2\n|inactive|WillieDangerously has 30 seconds left.\n|\n|t:|1682169600\n|move|p2a: Salamence|Rock Slide|p1b: Hatterene|[spread] p1a,p1b\n|-supereffective|p1a: Armarouge\n|-damage|p1a: Armarouge|0 fnt\n|-damage|p1b: Hatterene|64\/100\n|faint|p1a: Armarouge\n|-ability|p2a: Salamence|Moxie|boost\n|-boost|p2a: Salamence|atk|1\n|move|p2b: Scizor|Pounce|p1b: Hatterene\n|-damage|p1b: Hatterene|20\/100\n|-unboost|p1b: Hatterene|spe|1\n|move|p1b: Hatterene|Trick Room|p1b: Hatterene\n|-fieldstart|move: Trick Room|[of] p1b: Hatterene\n|\n|upkeep\n|\n|t:|1682169606\n|switch|p1a: Torkoal|Torkoal, L50, M|100\/100\n|-weather|SunnyDay|[from] ability: Drought|[of] p1a: Torkoal\n|turn|3\n|inactive|WillieDangerously has 30 seconds left.\n|\n|t:|1682169632\n|move|p1b: Hatterene|Dazzling Gleam|p2b: Scizor|[spread] p2a,p2b\n|-resisted|p2b: Scizor\n|-damage|p2a: Salamence|45\/100\n|-damage|p2b: Scizor|69\/100\n|-damage|p1b: Hatterene|11\/100|[from] item: Life Orb\n|move|p1a: Torkoal|Eruption|p2b: Scizor|[spread] p2a,p2b\n|-resisted|p2a: Salamence\n|-supereffective|p2b: Scizor\n|-crit|p2b: Scizor\n|-damage|p2a: Salamence|0 fnt\n|-damage|p2b: Scizor|0 fnt\n|faint|p2a: Salamence\n|faint|p2b: Scizor\n|\n|-weather|SunnyDay|[upkeep]\n|upkeep\n|\n|t:|1682169648\n|switch|p2b: Sandy Shocks|Sandy Shocks, L50|100\/100\n|switch|p2a: Iron Valiant|Iron Valiant, L50|100\/100\n|-activate|p2b: Sandy Shocks|ability: Protosynthesis\n|-start|p2b: Sandy Shocks|protosynthesisspe\n|turn|4\n|inactive|WillieDangerously has 30 seconds left.\n|\n|t:|1682169674\n|move|p2a: Iron Valiant|Protect|p2a: Iron Valiant\n|-singleturn|p2a: Iron Valiant|Protect\n|move|p1b: Hatterene|Dazzling Gleam|p2b: Sandy Shocks|[spread] p2b\n|-activate|p2a: Iron Valiant|move: Protect\n|-damage|p2b: Sandy Shocks|48\/100\n|-damage|p1b: Hatterene|1\/100|[from] item: Life Orb\n|move|p1a: Torkoal|Eruption|p2b: Sandy Shocks|[spread] p2b\n|-activate|p2a: Iron Valiant|move: Protect\n|-damage|p2b: Sandy Shocks|0 fnt\n|faint|p2b: Sandy Shocks\n|-end|p2b: Sandy Shocks|Protosynthesis|[silent]\n|\n|-weather|SunnyDay|[upkeep]\n|upkeep\n|turn|5\n|\n|t:|1682169698\n|move|p2a: Iron Valiant|Protect||[still]\n|-fail|p2a: Iron Valiant\n|move|p1b: Hatterene|Dazzling Gleam|p2a: Iron Valiant\n|-supereffective|p2a: Iron Valiant\n|-enditem|p2a: Iron Valiant|Focus Sash\n|-damage|p2a: Iron Valiant|1\/100\n|-damage|p1b: Hatterene|0 fnt|[from] item: Life Orb\n|faint|p1b: Hatterene\n|move|p1a: Torkoal|Eruption|p2a: Iron Valiant\n|-damage|p2a: Iron Valiant|0 fnt\n|faint|p2a: Iron Valiant\n|-end|p2a: Iron Valiant|Quark Drive|[silent]\n|\n|win|mnknkmkvbdfv\n|raw|mnknkmkvbdfv's rating: 1182 → 1202<\/strong> (+20 for winning)\n|raw|WillieDangerously's rating: 1106 → 1086<\/strong> (-20 for losing)\n","uploadtime":1682169701,"views":8,"p1id":"mnknkmkvbdfv","p2id":"williedangerously","formatid":"gen9vgc2023regulationc","rating":1086,"private":0,"password":""}