{"id":"gen9vgc2023regulationc-1856392646","p1":"RylektVGC","p2":"GiovanniLor","format":"[Gen 9] VGC 2023 Regulation C","log":"|j|\u2606RylektVGC\n|j|\u2606GiovanniLor\n|t:|1683057090\n|gametype|doubles\n|player|p1|RylektVGC|flannery|\n|player|p2|GiovanniLor|102|\n|teamsize|p1|6\n|teamsize|p2|6\n|gen|9\n|tier|[Gen 9] VGC 2023 Regulation C\n|rule|Species Clause: Limit one of each Pok\u00e9mon\n|rule|Item Clause: Limit one of each item\n|clearpoke\n|poke|p1|Maushold-Four, L50|\n|poke|p1|Gholdengo, L50|\n|poke|p1|Flutter Mane, L50|\n|poke|p1|Dragonite, L50, F|\n|poke|p1|Chien-Pao, L50|\n|poke|p1|Iron Bundle, L50|\n|poke|p2|Dragapult, L50, F|\n|poke|p2|Chien-Pao, L50|\n|poke|p2|Gholdengo, L50|\n|poke|p2|Amoonguss, L50, M|\n|poke|p2|Ting-Lu, L50|\n|poke|p2|Palafin, L50, M|\n|teampreview|4\n|c|\u2606RylektVGC|g3\nRylektVGC has agreed to open team sheets.\nGiovanniLor has agreed to open team sheets.\n|c|\u2606RylektVGC|glhf\n|c|\u2606GiovanniLor|U2\n|\n|t:|1683057659\n|start\n|switch|p1a: Iron Bundle|Iron Bundle, L50|100\/100\n|switch|p1b: Flutter Mane|Flutter Mane, L50|100\/100\n|switch|p2a: Dragapult|Dragapult, L50, F, shiny|100\/100\n|switch|p2b: Ting-Lu|Ting-Lu, L50|100\/100\n|-ability|p2b: Ting-Lu|Vessel of Ruin\n|-enditem|p1a: Iron Bundle|Booster Energy\n|-activate|p1a: Iron Bundle|ability: Quark Drive|[fromitem]\n|-start|p1a: Iron Bundle|quarkdrivespe\n|turn|1\n|\n|t:|1683057682\n|-end|p1b: Flutter Mane|Protosynthesis|[silent]\n|switch|p1b: Dragonite|Dragonite, L50, F, shiny|100\/100\n|-terastallize|p2a: Dragapult|Dragon\n|move|p1a: Iron Bundle|Freeze-Dry|p2a: Dragapult\n|-supereffective|p2a: Dragapult\n|-damage|p2a: Dragapult|35\/100\n|move|p2a: Dragapult|Dragon Darts|p1a: Iron Bundle\n|-damage|p1a: Iron Bundle|39\/100\n|-anim|p2a: Dragapult|Dragon Darts|p1b: Dragonite\n|-supereffective|p1b: Dragonite\n|-damage|p1b: Dragonite|52\/100\n|move|p2b: Ting-Lu|Heavy Slam|p1b: Dragonite\n|-damage|p1b: Dragonite|29\/100\n|\n|upkeep\n|turn|2\n|\n|t:|1683057728\n|move|p1a: Iron Bundle|Icy Wind|p2b: Ting-Lu|[spread] p2a,p2b\n|-supereffective|p2a: Dragapult\n|-supereffective|p2b: Ting-Lu\n|-damage|p2a: Dragapult|0 fnt\n|-damage|p2b: Ting-Lu|88\/100\n|-unboost|p2b: Ting-Lu|spe|1\n|faint|p2a: Dragapult\n|move|p1b: Dragonite|Low Kick|p2b: Ting-Lu\n|-supereffective|p2b: Ting-Lu\n|-damage|p2b: Ting-Lu|33\/100\n|move|p2b: Ting-Lu|Heavy Slam|p1a: Iron Bundle\n|-damage|p1a: Iron Bundle|0 fnt\n|faint|p1a: Iron Bundle\n|-end|p1a: Iron Bundle|Quark Drive|[silent]\n|\n|upkeep\n|\n|t:|1683057750\n|switch|p2a: Chien-Pao|Chien-Pao, L50|100\/100\n|switch|p1a: Chien-Pao|Chien-Pao, L50|100\/100\n|-ability|p2a: Chien-Pao|Sword of Ruin\n|-ability|p1a: Chien-Pao|Sword of Ruin\n|turn|3\n|\n|t:|1683057763\n|move|p1b: Dragonite|Extreme Speed|p2b: Ting-Lu\n|-damage|p2b: Ting-Lu|11\/100\n|move|p2a: Chien-Pao|Ice Shard|p1b: Dragonite\n|-supereffective|p1b: Dragonite\n|-damage|p1b: Dragonite|0 fnt\n|faint|p1b: Dragonite\n|move|p1a: Chien-Pao|Sacred Sword|p2a: Chien-Pao\n|-supereffective|p2a: Chien-Pao\n|-enditem|p2a: Chien-Pao|Focus Sash\n|-damage|p2a: Chien-Pao|1\/100\n|move|p2b: Ting-Lu|Heavy Slam|p1a: Chien-Pao\n|-supereffective|p1a: Chien-Pao\n|-damage|p1a: Chien-Pao|19\/100\n|\n|upkeep\n|\n|t:|1683057771\n|switch|p1b: Flutter Mane|Flutter Mane, L50|100\/100\n|turn|4\n|\n|t:|1683057804\n|switch|p2b: Amoonguss|Amoonguss, L50, M|100\/100\n|move|p2a: Chien-Pao|Protect|p2a: Chien-Pao\n|-singleturn|p2a: Chien-Pao|Protect\n|move|p1a: Chien-Pao|Sucker Punch||[still]\n|-fail|p1a: Chien-Pao\n|move|p1b: Flutter Mane|Dazzling Gleam|p2b: Amoonguss|[spread] p2b\n|-activate|p2a: Chien-Pao|move: Protect\n|-resisted|p2b: Amoonguss\n|-damage|p2b: Amoonguss|80\/100\n|\n|upkeep\n|turn|5\n|\n|t:|1683057829\n|move|p1a: Chien-Pao|Protect|p1a: Chien-Pao\n|-singleturn|p1a: Chien-Pao|Protect\n|move|p2a: Chien-Pao|Sacred Sword|p1a: Chien-Pao\n|-activate|p1a: Chien-Pao|move: Protect\n|move|p1b: Flutter Mane|Dazzling Gleam|p2b: Amoonguss|[spread] p2a,p2b\n|-supereffective|p2a: Chien-Pao\n|-resisted|p2b: Amoonguss\n|-damage|p2a: Chien-Pao|0 fnt\n|-damage|p2b: Amoonguss|60\/100\n|faint|p2a: Chien-Pao\n|move|p2b: Amoonguss|Spore|p1b: Flutter Mane\n|-status|p1b: Flutter Mane|slp|[from] move: Spore\n|\n|upkeep\n|\n|t:|1683057834\n|switch|p2a: Ting-Lu|Ting-Lu, L50|11\/100\n|-ability|p2a: Ting-Lu|Vessel of Ruin\n|turn|6\n|\n|t:|1683057844\n|move|p2b: Amoonguss|Rage Powder|p2b: Amoonguss\n|-singleturn|p2b: Amoonguss|move: Rage Powder\n|move|p1a: Chien-Pao|Ice Spinner|p2b: Amoonguss\n|-supereffective|p2b: Amoonguss\n|-damage|p2b: Amoonguss|0 fnt\n|faint|p2b: Amoonguss\n|cant|p1b: Flutter Mane|slp\n|move|p2a: Ting-Lu|Heavy Slam|p1a: Chien-Pao\n|-supereffective|p1a: Chien-Pao\n|-damage|p1a: Chien-Pao|0 fnt\n|faint|p1a: Chien-Pao\n|\n|upkeep\n|turn|7\n|\n|t:|1683057853\n|cant|p1b: Flutter Mane|slp\n|move|p2a: Ting-Lu|Heavy Slam|p1b: Flutter Mane\n|-supereffective|p1b: Flutter Mane\n|-damage|p1b: Flutter Mane|0 fnt\n|faint|p1b: Flutter Mane\n|-end|p1b: Flutter Mane|Protosynthesis|[silent]\n|\n|win|GiovanniLor\n|c|\u2606GiovanniLor|gg\n|c|\u2606RylektVGC|gg\n","uploadtime":1683057868,"views":5,"p1id":"rylektvgc","p2id":"giovannilor","formatid":"gen9vgc2023regulationc","rating":0,"private":0,"password":""}