{"id":"gen9vgc2023regulationc-1862163583","p1":"Arcacagne","p2":"iiinu","format":"[Gen 9] VGC 2023 Regulation C","log":"|j|\u2606Arcacagne\n|j|\u2606iiinu\n|t:|1683844002\n|gametype|doubles\n|player|p1|Arcacagne|102|1286\n|player|p2|iiinu|skyla-masters|1363\n|teamsize|p1|6\n|teamsize|p2|6\n|gen|9\n|tier|[Gen 9] VGC 2023 Regulation C\n|rated|\n|rule|Species Clause: Limit one of each Pok\u00e9mon\n|rule|Item Clause: Limit one of each item\n|clearpoke\n|poke|p1|Ting-Lu, L50|\n|poke|p1|Flutter Mane, L50|\n|poke|p1|Amoonguss, L50, F|\n|poke|p1|Palafin, L50, F|\n|poke|p1|Kingambit, L50, M|\n|poke|p1|Tauros-Paldea-Blaze, L50, M|\n|poke|p2|Iron Valiant, L50|\n|poke|p2|Flutter Mane, L50|\n|poke|p2|Amoonguss, L50, F|\n|poke|p2|Kingambit, L50, F|\n|poke|p2|Iron Bundle, L50|\n|poke|p2|Dragonite, L50, M|\n|teampreview|4\n|inactive|Battle timer is ON: inactive players will automatically lose when time's up. (requested by iiinu)\niiinu has agreed to open team sheets.\n|inactive|Arcacagne has 60 seconds left.\n|\n|t:|1683844055\n|start\n|switch|p1a: Ting-Lu|Ting-Lu, L50|100\/100\n|switch|p1b: Palafin|Palafin, L50, F|100\/100\n|switch|p2a: Dragonite|Dragonite, L50, M|100\/100\n|switch|p2b: Kingambit|Kingambit, L50, F|100\/100\n|-ability|p1a: Ting-Lu|Vessel of Ruin\n|turn|1\n|\n|t:|1683844075\n|detailschange|p1b: Palafin|Palafin-Hero, L50, F\n|switch|p1b: Kingambit|Kingambit, L50, M|100\/100\n|move|p2a: Dragonite|Low Kick|p1a: Ting-Lu\n|-supereffective|p1a: Ting-Lu\n|-damage|p1a: Ting-Lu|49\/100\n|move|p2b: Kingambit|Swords Dance|p2b: Kingambit\n|-boost|p2b: Kingambit|atk|2\n|move|p1a: Ting-Lu|Sand Tomb|p2b: Kingambit\n|-supereffective|p2b: Kingambit\n|-damage|p2b: Kingambit|73\/100\n|-activate|p2b: Kingambit|move: Sand Tomb|[of] p1a: Ting-Lu\n|\n|-damage|p2b: Kingambit|61\/100|[from] move: Sand Tomb|[partiallytrapped]\n|upkeep\n|turn|2\n|inactive|Arcacagne has 30 seconds left.\n|\n|t:|1683844108\n|-terastallize|p1b: Kingambit|Water\n|move|p2a: Dragonite|Low Kick|p1b: Kingambit\n|-damage|p1b: Kingambit|71\/100\n|move|p2b: Kingambit|Iron Head|p1a: Ting-Lu\n|-damage|p1a: Ting-Lu|0 fnt\n|faint|p1a: Ting-Lu\n|move|p1b: Kingambit|Swords Dance|p1b: Kingambit\n|-boost|p1b: Kingambit|atk|2\n|\n|-end|p2b: Kingambit|Sand Tomb|[partiallytrapped]|[silent]\n|upkeep\n|\n|t:|1683844122\n|switch|p1a: Flutter Mane|Flutter Mane, L50|100\/100\n|-enditem|p1a: Flutter Mane|Booster Energy\n|-activate|p1a: Flutter Mane|ability: Protosynthesis|[fromitem]\n|-start|p1a: Flutter Mane|protosynthesisspa\n|turn|3\n|\n|t:|1683844131\n|-terastallize|p2a: Dragonite|Flying\n|move|p2b: Kingambit|Sucker Punch||[still]\n|-fail|p2b: Kingambit\n|move|p1a: Flutter Mane|Substitute|p1a: Flutter Mane\n|-start|p1a: Flutter Mane|Substitute\n|-damage|p1a: Flutter Mane|76\/100\n|move|p2a: Dragonite|Tera Blast|p1b: Kingambit\n|-damage|p1b: Kingambit|27\/100\n|move|p1b: Kingambit|Kowtow Cleave|p2a: Dragonite\n|-damage|p2a: Dragonite|52\/100\n|\n|upkeep\n|turn|4\n|inactive|Arcacagne has 30 seconds left.\n|\n|t:|1683844158\n|move|p2a: Dragonite|Extreme Speed|p1b: Kingambit\n|-damage|p1b: Kingambit|5\/100\n|move|p2b: Kingambit|Sucker Punch|p1a: Flutter Mane\n|-end|p1a: Flutter Mane|Substitute\n|move|p1a: Flutter Mane|Moonblast|p2a: Dragonite\n|-damage|p2a: Dragonite|18\/100\n|move|p1b: Kingambit|Kowtow Cleave|p2b: Kingambit\n|-resisted|p2b: Kingambit\n|-damage|p2b: Kingambit|28\/100\n|\n|upkeep\n|turn|5\n|\n|t:|1683844175\n|move|p2a: Dragonite|Extreme Speed|p1b: Kingambit\n|-damage|p1b: Kingambit|0 fnt\n|faint|p1b: Kingambit\n|move|p2b: Kingambit|Sucker Punch||[still]\n|-fail|p2b: Kingambit\n|move|p1a: Flutter Mane|Substitute|p1a: Flutter Mane\n|-start|p1a: Flutter Mane|Substitute\n|-damage|p1a: Flutter Mane|51\/100\n|\n|upkeep\n|\n|t:|1683844183\n|switch|p1b: Palafin|Palafin-Hero, L50, F|100\/100\n|-activate|p1b: Palafin|ability: Zero to Hero\n|turn|6\n|\n|t:|1683844195\n|move|p1b: Palafin|Protect|p1b: Palafin\n|-singleturn|p1b: Palafin|Protect\n|move|p2a: Dragonite|Extreme Speed|p1b: Palafin\n|-activate|p1b: Palafin|move: Protect\n|move|p2b: Kingambit|Sucker Punch|p1a: Flutter Mane\n|-end|p1a: Flutter Mane|Substitute\n|move|p1a: Flutter Mane|Moonblast|p2a: Dragonite\n|-damage|p2a: Dragonite|0 fnt\n|faint|p2a: Dragonite\n|\n|upkeep\n|\n|t:|1683844204\n|switch|p2a: Iron Bundle|Iron Bundle, L50|100\/100\n|-enditem|p2a: Iron Bundle|Booster Energy\n|-activate|p2a: Iron Bundle|ability: Quark Drive|[fromitem]\n|-start|p2a: Iron Bundle|quarkdrivespe\n|turn|7\n|\n|t:|1683844218\n|move|p1b: Palafin|Jet Punch|p2b: Kingambit\n|-damage|p2b: Kingambit|0 fnt\n|faint|p2b: Kingambit\n|move|p2a: Iron Bundle|Freeze-Dry|p1b: Palafin\n|-supereffective|p1b: Palafin\n|-damage|p1b: Palafin|25\/100\n|move|p1a: Flutter Mane|Moonblast|p2a: Iron Bundle\n|-damage|p2a: Iron Bundle|0 fnt\n|faint|p2a: Iron Bundle\n|-end|p2a: Iron Bundle|Quark Drive|[silent]\n|\n|upkeep\n|\n|t:|1683844226\n|switch|p2b: Iron Valiant|Iron Valiant, L50|100\/100\n|turn|8\n|\n|t:|1683844239\n|move|p1b: Palafin|Jet Punch|p2b: Iron Valiant\n|-damage|p2b: Iron Valiant|40\/100\n|move|p1a: Flutter Mane|Moonblast|p2b: Iron Valiant\n|-supereffective|p2b: Iron Valiant\n|-damage|p2b: Iron Valiant|0 fnt\n|faint|p2b: Iron Valiant\n|-end|p2b: Iron Valiant|Quark Drive|[silent]\n|\n|win|Arcacagne\n|raw|Arcacagne's rating: 1286 → 1316<\/strong> (+30 for winning)\n|raw|iiinu's rating: 1363 → 1339<\/strong> (-24 for losing)\n","uploadtime":1683844248,"views":8,"p1id":"arcacagne","p2id":"iiinu","formatid":"gen9vgc2023regulationc","rating":1316,"private":0,"password":""}