{"id":"gen9vgc2023regulationc-1851625986","p1":"PokemonSince1994","p2":"b(R)2","format":"[Gen 9] VGC 2023 Regulation C","log":"|j|\u2606PokemonSince1994\n|j|\u2606b(R)2\n|t:|1682462720\n|gametype|doubles\n|player|p1|PokemonSince1994|266|1300\n|player|p2|b(R)2|169|1243\n|teamsize|p1|6\n|teamsize|p2|6\n|gen|9\n|tier|[Gen 9] VGC 2023 Regulation C\n|rated|\n|rule|Species Clause: Limit one of each Pok\u00e9mon\n|rule|Item Clause: Limit one of each item\n|clearpoke\n|poke|p1|Ting-Lu, L50|\n|poke|p1|Flutter Mane, L50|\n|poke|p1|Arcanine, L50, M|\n|poke|p1|Amoonguss, L50, F|\n|poke|p1|Palafin, L50, F|\n|poke|p1|Annihilape, L50, F|\n|poke|p2|Glimmora, L50, F|\n|poke|p2|Tyranitar, L50, F|\n|poke|p2|Amoonguss, L50, M|\n|poke|p2|Ting-Lu, L50|\n|poke|p2|Great Tusk, L50|\n|poke|p2|Gastrodon, L50, F|\n|teampreview|4\nb(R)2 rejected open team sheets.\n|\n|t:|1682462757\n|start\n|switch|p1a: Ting-Lu|Ting-Lu, L50|100\/100\n|switch|p1b: Palafin|Palafin, L50, F|100\/100\n|switch|p2a: Glimmora|Glimmora, L50, F|100\/100\n|switch|p2b: Tyranitar|Tyranitar, L50, F|100\/100\n|-weather|Sandstorm|[from] ability: Sand Stream|[of] p2b: Tyranitar\n|-ability|p1a: Ting-Lu|Vessel of Ruin\n|turn|1\n|\n|t:|1682462777\n|switch|p2b: Gastrodon|Gastrodon, L50, F|100\/100\n|-terastallize|p2a: Glimmora|Grass\n|move|p1b: Palafin|Wave Crash|p2b: Gastrodon\n|-activate|p2b: Gastrodon|ability: Storm Drain\n|-ability|p2b: Gastrodon|Storm Drain|boost\n|-boost|p2b: Gastrodon|spa|1\n|move|p2a: Glimmora|Mortal Spin|p1a: Ting-Lu|[spread] p1a,p1b\n|-resisted|p1a: Ting-Lu\n|-damage|p1a: Ting-Lu|99\/100\n|-damage|p1b: Palafin|96\/100\n|-status|p1a: Ting-Lu|psn\n|-status|p1b: Palafin|psn\n|move|p1a: Ting-Lu|Stomping Tantrum|p2a: Glimmora\n|-resisted|p2a: Glimmora\n|-damage|p2a: Glimmora|86\/100\n|-activate|p2a: Glimmora|ability: Toxic Debris\n|-sidestart|p1: PokemonSince1994|move: Toxic Spikes\n|\n|-weather|Sandstorm|[upkeep]\n|-damage|p1b: Palafin|90\/100 psn|[from] Sandstorm\n|-damage|p2a: Glimmora|80\/100|[from] Sandstorm\n|-damage|p1b: Palafin|78\/100 psn|[from] psn\n|-damage|p1a: Ting-Lu|87\/100 psn|[from] psn\n|upkeep\n|turn|2\n|\n|t:|1682462807\n|detailschange|p1b: Palafin|Palafin-Hero, L50, F\n|switch|p1b: Amoonguss|Amoonguss, L50, F|100\/100\n|-sideend|p1: PokemonSince1994|move: Toxic Spikes|[of] p1b: Amoonguss\n|move|p2a: Glimmora|Venoshock|p1b: Amoonguss\n|-damage|p1b: Amoonguss|76\/100\n|move|p1a: Ting-Lu|Fissure|p2b: Gastrodon\n|-damage|p2b: Gastrodon|0 fnt\n|faint|p2b: Gastrodon\n|-ohko\n|\n|-weather|Sandstorm|[upkeep]\n|-damage|p2a: Glimmora|74\/100|[from] Sandstorm\n|-damage|p1b: Amoonguss|70\/100|[from] Sandstorm\n|-damage|p1a: Ting-Lu|75\/100 psn|[from] psn\n|upkeep\n|\n|t:|1682462822\n|switch|p2b: Amoonguss|Amoonguss, L50, M|100\/100\n|turn|3\n|\n|t:|1682462838\n|switch|p1a: Arcanine|Arcanine, L50, M|100\/100\n|-ability|p1a: Arcanine|Intimidate|boost\n|-unboost|p2a: Glimmora|atk|1\n|-unboost|p2b: Amoonguss|atk|1\n|move|p2a: Glimmora|Energy Ball|p1a: Arcanine\n|-resisted|p1a: Arcanine\n|-damage|p1a: Arcanine|73\/100\n|move|p2b: Amoonguss|Pollen Puff|p2a: Glimmora\n|-heal|p2a: Glimmora|100\/100\n|move|p1b: Amoonguss|Pollen Puff|p2a: Glimmora\n|-supereffective|p2a: Glimmora\n|-damage|p2a: Glimmora|74\/100\n|\n|-weather|Sandstorm|[upkeep]\n|-damage|p2a: Glimmora|68\/100|[from] Sandstorm\n|-damage|p2b: Amoonguss|95\/100|[from] Sandstorm\n|-damage|p1b: Amoonguss|64\/100|[from] Sandstorm\n|upkeep\n|turn|4\n|\n|t:|1682462860\n|switch|p2a: Tyranitar|Tyranitar, L50, F|100\/100\n|move|p1a: Arcanine|Flare Blitz|p2a: Tyranitar\n|-resisted|p2a: Tyranitar\n|-crit|p2a: Tyranitar\n|-damage|p2a: Tyranitar|68\/100\n|-status|p2a: Tyranitar|brn\n|-damage|p1a: Arcanine|62\/100|[from] Recoil\n|move|p2b: Amoonguss|Spore|p1a: Arcanine\n|-activate|p1a: Arcanine|item: Safety Goggles|Spore\n|move|p1b: Amoonguss|Pollen Puff|p1a: Arcanine\n|-heal|p1a: Arcanine|100\/100\n|\n|-weather|Sandstorm|[upkeep]\n|-damage|p2b: Amoonguss|89\/100|[from] Sandstorm\n|-damage|p1b: Amoonguss|58\/100|[from] Sandstorm\n|-heal|p2a: Tyranitar|74\/100 brn|[from] item: Leftovers\n|-damage|p2a: Tyranitar|68\/100 brn|[from] brn\n|upkeep\n|turn|5\n|\n|t:|1682462890\n|switch|p1b: Ting-Lu|Ting-Lu, L50|75\/100 psn\n|-ability|p1b: Ting-Lu|Vessel of Ruin\n|move|p1a: Arcanine|Howl|p1a: Arcanine|[spread] p1a,p1b\n|-boost|p1a: Arcanine|atk|1\n|-boost|p1b: Ting-Lu|atk|1\n|move|p2a: Tyranitar|Dragon Dance|p2a: Tyranitar\n|-boost|p2a: Tyranitar|atk|1\n|-boost|p2a: Tyranitar|spe|1\n|move|p2b: Amoonguss|Pollen Puff|p2a: Tyranitar\n|-heal|p2a: Tyranitar|100\/100 brn\n|\n|-weather|none\n|-damage|p1b: Ting-Lu|62\/100 psn|[from] psn\n|-damage|p2a: Tyranitar|95\/100 brn|[from] brn\n|upkeep\n|turn|6\n|\n|t:|1682462913\n|move|p2b: Amoonguss|Rage Powder|p2b: Amoonguss\n|-singleturn|p2b: Amoonguss|move: Rage Powder\n|move|p2a: Tyranitar|Rock Slide|p1b: Ting-Lu|[spread] p1a,p1b\n|-supereffective|p1a: Arcanine\n|-resisted|p1b: Ting-Lu\n|-crit|p1b: Ting-Lu\n|-damage|p1a: Arcanine|59\/100\n|-damage|p1b: Ting-Lu|55\/100 psn\n|move|p1a: Arcanine|Flare Blitz|p2b: Amoonguss\n|-supereffective|p2b: Amoonguss\n|-damage|p2b: Amoonguss|0 fnt\n|-damage|p1a: Arcanine|43\/100|[from] item: Rocky Helmet|[of] p2b: Amoonguss\n|faint|p2b: Amoonguss\n|-damage|p1a: Arcanine|11\/100|[from] Recoil\n|move|p1b: Ting-Lu|Stomping Tantrum|p2a: Tyranitar\n|-supereffective|p2a: Tyranitar\n|-crit|p2a: Tyranitar\n|-damage|p2a: Tyranitar|0 fnt\n|faint|p2a: Tyranitar\n|\n|-damage|p1b: Ting-Lu|42\/100 psn|[from] psn\n|upkeep\n|\n|t:|1682462929\n|switch|p2b: Glimmora|Glimmora, L50, F, tera:Grass|68\/100\n|turn|7\n|\n|t:|1682462939\n|move|p1a: Arcanine|Howl|p1a: Arcanine|[spread] p1a,p1b\n|-boost|p1a: Arcanine|atk|1\n|-boost|p1b: Ting-Lu|atk|1\n|move|p2b: Glimmora|Power Gem|p1a: Arcanine\n|-supereffective|p1a: Arcanine\n|-damage|p1a: Arcanine|0 fnt\n|faint|p1a: Arcanine\n|move|p1b: Ting-Lu|Stomping Tantrum|p2b: Glimmora\n|-resisted|p2b: Glimmora\n|-damage|p2b: Glimmora|40\/100\n|-activate|p2b: Glimmora|ability: Toxic Debris\n|-sidestart|p1: PokemonSince1994|move: Toxic Spikes\n|\n|-damage|p1b: Ting-Lu|30\/100 psn|[from] psn\n|upkeep\n|\n|t:|1682462953\n|switch|p1a: Amoonguss|Amoonguss, L50, F|91\/100\n|-sideend|p1: PokemonSince1994|move: Toxic Spikes|[of] p1a: Amoonguss\n|turn|8\n|\n|t:|1682462965\n|move|p2b: Glimmora|Power Gem|p1a: Amoonguss\n|-damage|p1a: Amoonguss|62\/100\n|move|p1b: Ting-Lu|Stomping Tantrum|p2b: Glimmora\n|-resisted|p2b: Glimmora\n|-damage|p2b: Glimmora|9\/100\n|-activate|p2b: Glimmora|ability: Toxic Debris\n|-sidestart|p1: PokemonSince1994|move: Toxic Spikes\n|move|p1a: Amoonguss|Pollen Puff|p2b: Glimmora\n|-supereffective|p2b: Glimmora\n|-damage|p2b: Glimmora|0 fnt\n|faint|p2b: Glimmora\n|\n|win|PokemonSince1994\n|raw|PokemonSince1994's rating: 1300 → 1321<\/strong> (+21 for winning)\n|raw|b(R)2's rating: 1243 → 1222<\/strong> (-21 for losing)\n","uploadtime":1682462978,"views":20,"p1id":"pokemonsince1994","p2id":"br2","formatid":"gen9vgc2023regulationc","rating":1222,"private":0,"password":""}