{"id":"gen9vgc2023regulationc-1854121205","p1":"Alaskan_fisher","p2":"FCP27","format":"[Gen 9] VGC 2023 Regulation C","log":"|j|\u2606Alaskan_fisher\n|j|\u2606FCP27\n|t:|1682772639\n|gametype|doubles\n|player|p1|Alaskan_fisher|fisherman-gen4|1404\n|player|p2|FCP27|riley|1370\n|teamsize|p1|6\n|teamsize|p2|6\n|gen|9\n|tier|[Gen 9] VGC 2023 Regulation C\n|rated|\n|rule|Species Clause: Limit one of each Pok\u00e9mon\n|rule|Item Clause: Limit one of each item\n|clearpoke\n|poke|p1|Iron Hands, L50|\n|poke|p1|Palafin, L50, F|\n|poke|p1|Arcanine, L50, M|\n|poke|p1|Flutter Mane, L50|\n|poke|p1|Chi-Yu, L50|\n|poke|p1|Amoonguss, L50, F|\n|poke|p2|Lucario, L50, M|\n|poke|p2|Iron Bundle, L50|\n|poke|p2|Chien-Pao, L50|\n|poke|p2|Abomasnow, L50, M|\n|poke|p2|Cetitan, L50, F|\n|poke|p2|Dragonite, L50, M|\n|teampreview|4\nAlaskan_fisher has agreed to open team sheets.\n|inactive|Battle timer is ON: inactive players will automatically lose when time's up. (requested by FCP27)\n|\n|t:|1682772673\n|start\n|switch|p1a: Iron Hands|Iron Hands, L50|100\/100\n|switch|p1b: Arcanine|Arcanine, L50, M|100\/100\n|switch|p2a: Iron Bundle|Iron Bundle, L50|100\/100\n|switch|p2b: Abomasnow|Abomasnow, L50, M|100\/100\n|-ability|p1b: Arcanine|Intimidate|boost\n|-unboost|p2a: Iron Bundle|atk|1\n|-unboost|p2b: Abomasnow|atk|1\n|-weather|Snow|[from] ability: Snow Warning|[of] p2b: Abomasnow\n|-enditem|p2a: Iron Bundle|Booster Energy\n|-activate|p2a: Iron Bundle|ability: Quark Drive|[fromitem]\n|-start|p2a: Iron Bundle|quarkdrivespe\n|turn|1\n|inactive|FCP27 has 30 seconds left.\n|\n|t:|1682772703\n|-terastallize|p2a: Iron Bundle|Ghost\n|move|p1b: Arcanine|Protect|p1b: Arcanine\n|-singleturn|p1b: Arcanine|Protect\n|move|p2a: Iron Bundle|Aurora Veil|p2a: Iron Bundle\n|-sidestart|p2: FCP27|move: Aurora Veil\n|move|p2b: Abomasnow|Blizzard|p1a: Iron Hands|[spread] p1a\n|-activate|p1b: Arcanine|move: Protect\n|-damage|p1a: Iron Hands|76\/100\n|move|p1a: Iron Hands|Swords Dance|p1a: Iron Hands\n|-boost|p1a: Iron Hands|atk|2\n|\n|-weather|Snow|[upkeep]\n|upkeep\n|turn|2\n|inactive|Alaskan_fisher has 30 seconds left.\n|inactive|Alaskan_fisher has 20 seconds left.\n|inactive|Alaskan_fisher has 15 seconds left.\n|\n|t:|1682772743\n|move|p2a: Iron Bundle|Hydro Pump|p1b: Arcanine\n|-supereffective|p1b: Arcanine\n|-damage|p1b: Arcanine|0 fnt\n|faint|p1b: Arcanine\n|move|p2b: Abomasnow|Blizzard|p1a: Iron Hands\n|-damage|p1a: Iron Hands|44\/100\n|-status|p1a: Iron Hands|frz\n|cant|p1a: Iron Hands|frz\n|\n|-weather|Snow|[upkeep]\n|upkeep\n|inactive|Alaskan_fisher has 30 seconds left.\n|\n|t:|1682772775\n|switch|p1b: Chi-Yu|Chi-Yu, L50|100\/100\n|-ability|p1b: Chi-Yu|Beads of Ruin\n|turn|3\n|\n|t:|1682772785\n|-end|p1a: Iron Hands|Quark Drive|[silent]\n|switch|p1a: Flutter Mane|Flutter Mane, L50|100\/100\n|-terastallize|p1b: Chi-Yu|Ghost\n|move|p2a: Iron Bundle|Blizzard|p1a: Flutter Mane|[spread] p1a,p1b\n|-damage|p1a: Flutter Mane|57\/100\n|-damage|p1b: Chi-Yu|59\/100\n|move|p1b: Chi-Yu|Heat Wave|p2a: Iron Bundle|[spread] p2b\n|-miss|p1b: Chi-Yu|p2a: Iron Bundle\n|-supereffective|p2b: Abomasnow\n|-damage|p2b: Abomasnow|0 fnt\n|faint|p2b: Abomasnow\n|\n|-weather|Snow|[upkeep]\n|upkeep\n|\n|t:|1682772800\n|switch|p2b: Cetitan|Cetitan, L50, F, shiny|100\/100\n|turn|4\n|\n|t:|1682772816\n|move|p2a: Iron Bundle|Blizzard|p1b: Chi-Yu|[spread] p1a,p1b\n|-damage|p1a: Flutter Mane|11\/100\n|-damage|p1b: Chi-Yu|16\/100\n|-status|p1a: Flutter Mane|frz\n|move|p2b: Cetitan|Ice Spinner|p1a: Flutter Mane\n|-damage|p1a: Flutter Mane|0 fnt\n|faint|p1a: Flutter Mane\n|-end|p1a: Flutter Mane|Protosynthesis|[silent]\n|move|p1b: Chi-Yu|Heat Wave|p2b: Cetitan|[spread] p2a,p2b\n|-supereffective|p2b: Cetitan\n|-damage|p2a: Iron Bundle|44\/100\n|-damage|p2b: Cetitan|35\/100\n|-enditem|p2b: Cetitan|Sitrus Berry|[eat]\n|-heal|p2b: Cetitan|60\/100|[from] item: Sitrus Berry\n|\n|-weather|Snow|[upkeep]\n|upkeep\n|\n|t:|1682772829\n|switch|p1a: Iron Hands|Iron Hands, L50|44\/100 frz\n|turn|5\n|\n|t:|1682772837\n|move|p2a: Iron Bundle|Blizzard|p1a: Iron Hands|[spread] p1a,p1b\n|-damage|p1a: Iron Hands|7\/100 frz\n|-damage|p1b: Chi-Yu|0 fnt\n|faint|p1b: Chi-Yu\n|move|p2b: Cetitan|Earthquake|p1a: Iron Hands|[spread] p2a,p1a\n|-supereffective|p1a: Iron Hands\n|-damage|p2a: Iron Bundle|29\/100\n|-damage|p1a: Iron Hands|0 fnt\n|faint|p1a: Iron Hands\n|-end|p1a: Iron Hands|Quark Drive|[silent]\n|\n|win|FCP27\n|raw|Alaskan_fisher's rating: 1424 → 1401<\/strong> (-23 for losing)\n|raw|FCP27's rating: 1370 → 1393<\/strong> (+23 for winning)\n|l|\u2606FCP27\n","uploadtime":1682772915,"views":22,"p1id":"alaskanfisher","p2id":"fcp27","formatid":"gen9vgc2023regulationc","rating":1393,"private":0,"password":""}