{"id":"gen9vgc2023regulationc-1852956787","p1":"coolkhiid","p2":"Privnoval016","format":"[Gen 9] VGC 2023 Regulation C","log":"|j|\u2606coolkhiid\n|j|\u2606Privnoval016\n|t:|1682620473\n|gametype|doubles\n|player|p1|coolkhiid|170|1402\n|player|p2|Privnoval016|101|1494\n|teamsize|p1|6\n|teamsize|p2|6\n|gen|9\n|tier|[Gen 9] VGC 2023 Regulation C\n|rated|\n|rule|Species Clause: Limit one of each Pok\u00e9mon\n|rule|Item Clause: Limit one of each item\n|clearpoke\n|poke|p1|Ting-Lu, L50|\n|poke|p1|Abomasnow, L50, F|\n|poke|p1|Iron Bundle, L50|\n|poke|p1|Gyarados, L50, F|\n|poke|p1|Gholdengo, L50|\n|poke|p1|Iron Moth, L50|\n|poke|p2|Ceruledge, L50, F|\n|poke|p2|Amoonguss, L50, M|\n|poke|p2|Palafin, L50, M|\n|poke|p2|Scream Tail, L50|\n|poke|p2|Scizor, L50, F|\n|poke|p2|Chien-Pao, L50|\n|teampreview|4\n|j| hght\n|j| chacaad\n|\n|t:|1682620498\n|start\n|switch|p1a: Ting-Lu|Ting-Lu, L50|100\/100\n|switch|p1b: Abomasnow|Abomasnow, L50, F|100\/100\n|switch|p2a: That You Were|Palafin, L50, M, shiny|100\/100\n|switch|p2b: Trying To Make|Scizor, L50, F|100\/100\n|-weather|Snow|[from] ability: Snow Warning|[of] p1b: Abomasnow\n|-ability|p1a: Ting-Lu|Vessel of Ruin\n|turn|1\n|inactive|Battle timer is ON: inactive players will automatically lose when time's up. (requested by coolkhiid)\n|\n|t:|1682620516\n|detailschange|p2a: That You Were|Palafin-Hero, L50, M, shiny\n|switch|p2a: Standing Here|Ceruledge, L50, F|100\/100\n|-terastallize|p1b: Abomasnow|Water\n|move|p2b: Trying To Make|Bullet Punch|p1b: Abomasnow\n|-resisted|p1b: Abomasnow\n|-damage|p1b: Abomasnow|75\/100\n|move|p1b: Abomasnow|Aurora Veil|p1b: Abomasnow\n|-sidestart|p1: coolkhiid|move: Aurora Veil\n|move|p1a: Ting-Lu|Earthquake|p2b: Trying To Make|[spread] p1b,p2a,p2b\n|-supereffective|p2a: Standing Here\n|-damage|p1b: Abomasnow|51\/100\n|-damage|p2a: Standing Here|5\/100\n|-damage|p2b: Trying To Make|64\/100\n|\n|-weather|Snow|[upkeep]\n|upkeep\n|turn|2\n|\n|t:|1682620534\n|move|p2a: Standing Here|Shadow Sneak|p1b: Abomasnow\n|-damage|p1b: Abomasnow|37\/100\n|move|p2b: Trying To Make|Bullet Punch|p1b: Abomasnow\n|-resisted|p1b: Abomasnow\n|-damage|p1b: Abomasnow|18\/100\n|move|p1b: Abomasnow|Blizzard|p2b: Trying To Make|[spread] p2a,p2b\n|-resisted|p2a: Standing Here\n|-resisted|p2b: Trying To Make\n|-damage|p2a: Standing Here|0 fnt\n|-damage|p2b: Trying To Make|48\/100\n|faint|p2a: Standing Here\n|move|p1a: Ting-Lu|Earthquake|p2b: Trying To Make|[spread] p1b,p2b\n|-damage|p1b: Abomasnow|0 fnt\n|-damage|p2b: Trying To Make|12\/100\n|faint|p1b: Abomasnow\n|\n|-weather|Snow|[upkeep]\n|upkeep\n|\n|t:|1682620549\n|switch|p2a: That You Were|Palafin-Hero, L50, M, shiny|100\/100\n|switch|p1b: Iron Bundle|Iron Bundle, L50|100\/100\n|-activate|p2a: That You Were|ability: Zero to Hero\n|turn|3\n|l| chacaad\n|\n|t:|1682620563\n|move|p1b: Iron Bundle|Protect|p1b: Iron Bundle\n|-singleturn|p1b: Iron Bundle|Protect\n|move|p2a: That You Were|Protect|p2a: That You Were\n|-singleturn|p2a: That You Were|Protect\n|move|p2b: Trying To Make|Bullet Punch|p1b: Iron Bundle\n|-activate|p1b: Iron Bundle|move: Protect\n|move|p1a: Ting-Lu|Earthquake|p2a: That You Were|[spread] p2b\n|-activate|p1b: Iron Bundle|move: Protect\n|-activate|p2a: That You Were|move: Protect\n|-damage|p2b: Trying To Make|0 fnt\n|faint|p2b: Trying To Make\n|\n|-weather|Snow|[upkeep]\n|upkeep\n|\n|t:|1682620566\n|switch|p2b: I Realize|Amoonguss, L50, M, shiny|100\/100\n|turn|4\n|inactive|coolkhiid has 30 seconds left.\n|\n|t:|1682620591\n|switch|p1a: Iron Moth|Iron Moth, L50|100\/100\n|-enditem|p1a: Iron Moth|Booster Energy\n|-activate|p1a: Iron Moth|ability: Quark Drive|[fromitem]\n|-start|p1a: Iron Moth|quarkdrivespe\n|-terastallize|p2b: I Realize|Dark\n|move|p2b: I Realize|Rage Powder|p2b: I Realize\n|-singleturn|p2b: I Realize|move: Rage Powder\n|move|p1b: Iron Bundle|Blizzard|p2a: That You Were|[spread] p2a,p2b\n|-resisted|p2a: That You Were\n|-damage|p2a: That You Were|73\/100\n|-damage|p2b: I Realize|63\/100\n|-damage|p1b: Iron Bundle|91\/100|[from] item: Life Orb\n|move|p2a: That You Were|Close Combat|p1b: Iron Bundle\n|-supereffective|p1b: Iron Bundle\n|-damage|p1b: Iron Bundle|39\/100\n|-unboost|p2a: That You Were|def|1\n|-unboost|p2a: That You Were|spd|1\n|\n|-weather|Snow|[upkeep]\n|upkeep\n|turn|5\n|l| hght\n|\n|t:|1682620616\n|move|p1a: Iron Moth|Energy Ball|p2a: That You Were\n|-supereffective|p2a: That You Were\n|-damage|p2a: That You Were|0 fnt\n|faint|p2a: That You Were\n|move|p1b: Iron Bundle|Blizzard|p2b: I Realize\n|-damage|p2b: I Realize|12\/100\n|-damage|p1b: Iron Bundle|30\/100|[from] item: Life Orb\n|move|p2b: I Realize|Spore|p1b: Iron Bundle\n|-status|p1b: Iron Bundle|slp|[from] move: Spore\n|\n|-weather|none\n|upkeep\n|turn|6\n|-message|Privnoval016 forfeited.\n|\n|win|coolkhiid\n|raw|coolkhiid's rating: 1402 → 1427<\/strong> (+25 for winning)\n|raw|Privnoval016's rating: 1494 → 1469<\/strong> (-25 for losing)\n","uploadtime":1682620630,"views":9,"p1id":"coolkhiid","p2id":"privnoval016","formatid":"gen9vgc2023regulationc","rating":1427,"private":0,"password":""}