{"id":"gen9vgc2023regulationc-1864097857","p1":"pokevoltclub","p2":"Cubboy","format":"[Gen 9] VGC 2023 Regulation C","log":"|j|\u2606pokevoltclub\n|j|\u2606Cubboy\n|t:|1684117035\n|gametype|doubles\n|player|p1|pokevoltclub|elesa|1086\n|player|p2|Cubboy|266|1024\n|teamsize|p1|6\n|teamsize|p2|6\n|gen|9\n|tier|[Gen 9] VGC 2023 Regulation C\n|rated|\n|rule|Species Clause: Limit one of each Pok\u00e9mon\n|rule|Item Clause: Limit one of each item\n|clearpoke\n|poke|p1|Bellibolt, L50, F|\n|poke|p1|Mudsdale, L50, F|\n|poke|p1|Scream Tail, L50|\n|poke|p1|Chi-Yu, L50|\n|poke|p1|Tauros-Paldea-Aqua, L50, M|\n|poke|p1|Oranguru, L50, M|\n|poke|p2|Palafin, L50, M|\n|poke|p2|Staraptor, L50, F|\n|poke|p2|Chi-Yu, L50|\n|poke|p2|Gholdengo, L50|\n|poke|p2|Gallade, L50, M|\n|poke|p2|Glimmora, L50, M|\n|teampreview|4\npokevoltclub has agreed to open team sheets.\n|inactive|Battle timer is ON: inactive players will automatically lose when time's up. (requested by pokevoltclub)\n|\n|t:|1684117129\n|start\n|switch|p1a: Oranguru|Oranguru, L50, M|100\/100\n|switch|p1b: Mudsdale|Mudsdale, L50, F|100\/100\n|switch|p2a: Palafin|Palafin, L50, M|100\/100\n|switch|p2b: Staraptor|Staraptor, L50, F|100\/100\n|-ability|p2b: Staraptor|Intimidate|boost\n|-unboost|p1a: Oranguru|atk|1\n|-unboost|p1b: Mudsdale|atk|1\n|turn|1\n|inactive|Cubboy has 30 seconds left.\n|\n|t:|1684117160\n|-terastallize|p2b: Staraptor|Flying\n|move|p1b: Mudsdale|Protect|p1b: Mudsdale\n|-singleturn|p1b: Mudsdale|Protect\n|move|p2a: Palafin|Close Combat|p1a: Oranguru\n|-damage|p1a: Oranguru|77\/100\n|-unboost|p2a: Palafin|def|1\n|-unboost|p2a: Palafin|spd|1\n|-enditem|p2a: Palafin|Eject Pack\n|\n|t:|1684117170\n|detailschange|p2a: Palafin|Palafin-Hero, L50, M\n|switch|p2a: Glimmora|Glimmora, L50, M|100\/100\n|move|p2b: Staraptor|Brave Bird|p1a: Oranguru\n|-damage|p1a: Oranguru|14\/100\n|-enditem|p1a: Oranguru|Sitrus Berry|[eat]\n|-heal|p1a: Oranguru|39\/100|[from] item: Sitrus Berry\n|-damage|p2b: Staraptor|75\/100|[from] Recoil\n|move|p1a: Oranguru|Trick Room|p1a: Oranguru\n|-fieldstart|move: Trick Room|[of] p1a: Oranguru\n|\n|upkeep\n|turn|2\n|inactive|pokevoltclub has 30 seconds left.\n|inactive|pokevoltclub has 20 seconds left.\n|\n|t:|1684117207\n|move|p1b: Mudsdale|Body Press|p2b: Staraptor\n|-resisted|p2b: Staraptor\n|-damage|p2b: Staraptor|62\/100\n|move|p1a: Oranguru|Psychic|p2a: Glimmora\n|-supereffective|p2a: Glimmora\n|-damage|p2a: Glimmora|0 fnt\n|faint|p2a: Glimmora\n|move|p2b: Staraptor|Brave Bird|p1b: Mudsdale\n|-damage|p1b: Mudsdale|24\/100\n|-ability|p1b: Mudsdale|Stamina|boost\n|-boost|p1b: Mudsdale|def|1\n|-damage|p2b: Staraptor|32\/100|[from] Recoil\n|\n|-heal|p1b: Mudsdale|31\/100|[from] item: Leftovers\n|upkeep\n|\n|t:|1684117223\n|switch|p2a: Chi-Yu|Chi-Yu, L50|100\/100\n|-ability|p2a: Chi-Yu|Beads of Ruin\n|turn|3\n|\n|t:|1684117245\n|-terastallize|p1b: Mudsdale|Fighting\n|move|p1b: Mudsdale|Body Press|p2b: Staraptor\n|-resisted|p2b: Staraptor\n|-damage|p2b: Staraptor|0 fnt\n|faint|p2b: Staraptor\n|move|p1a: Oranguru|Instruct|p1b: Mudsdale\n|-singleturn|p1b: Mudsdale|move: Instruct|[of] p1a: Oranguru\n|move|p1b: Mudsdale|Body Press|p2a: Chi-Yu\n|-supereffective|p2a: Chi-Yu\n|-damage|p2a: Chi-Yu|0 fnt\n|faint|p2a: Chi-Yu\n|\n|-heal|p1b: Mudsdale|37\/100|[from] item: Leftovers\n|upkeep\n|\n|t:|1684117261\n|switch|p2b: Palafin|Palafin-Hero, L50, M|100\/100\n|-activate|p2b: Palafin|ability: Zero to Hero\n|turn|4\n|\n|t:|1684117272\n|move|p2b: Palafin|Protect|p2b: Palafin\n|-singleturn|p2b: Palafin|Protect\n|move|p1b: Mudsdale|Body Press|p2b: Palafin\n|-activate|p2b: Palafin|move: Protect\n|move|p1a: Oranguru|Psychic|p2b: Palafin\n|-activate|p2b: Palafin|move: Protect\n|\n|-heal|p1b: Mudsdale|43\/100|[from] item: Leftovers\n|upkeep\n|turn|5\n|\n|t:|1684117288\n|move|p2b: Palafin|Jet Punch|p1b: Mudsdale\n|-damage|p1b: Mudsdale|18\/100\n|-ability|p1b: Mudsdale|Stamina|boost\n|-boost|p1b: Mudsdale|def|1\n|move|p1b: Mudsdale|Body Press|p2b: Palafin\n|-damage|p2b: Palafin|43\/100\n|move|p1a: Oranguru|Calm Mind|p1a: Oranguru\n|-boost|p1a: Oranguru|spa|1\n|-boost|p1a: Oranguru|spd|1\n|\n|-heal|p1b: Mudsdale|24\/100|[from] item: Leftovers\n|-fieldend|move: Trick Room\n|upkeep\n|turn|6\n|\n|t:|1684117302\n|move|p1b: Mudsdale|Protect|p1b: Mudsdale\n|-singleturn|p1b: Mudsdale|Protect\n|move|p2b: Palafin|Acrobatics|p1b: Mudsdale\n|-activate|p1b: Mudsdale|move: Protect\n|move|p1a: Oranguru|Trick Room|p1a: Oranguru\n|-fieldstart|move: Trick Room|[of] p1a: Oranguru\n|\n|-heal|p1b: Mudsdale|31\/100|[from] item: Leftovers\n|upkeep\n|turn|7\n|\n|t:|1684117312\n|move|p2b: Palafin|Jet Punch|p1a: Oranguru\n|-damage|p1a: Oranguru|5\/100\n|move|p1b: Mudsdale|Body Press|p2b: Palafin\n|-damage|p2b: Palafin|0 fnt\n|faint|p2b: Palafin\n|\n|win|pokevoltclub\n|raw|pokevoltclub's rating: 1086 → 1108<\/strong> (+22 for winning)\n|raw|Cubboy's rating: 1024 → 1013<\/strong> (-11 for losing)\n","uploadtime":1684117320,"views":12,"p1id":"pokevoltclub","p2id":"cubboy","formatid":"gen9vgc2023regulationc","rating":1013,"private":0,"password":""}