{"id":"gen9vgc2023regulationc-1845219460","p1":"hmd8","p2":"Mitsunaga","format":"[Gen 9] VGC 2023 Regulation C","log":"|j|\u2606hmd8\n|j|\u2606Mitsunaga\n|t:|1681697923\n|gametype|doubles\n|player|p1|hmd8|101|1184\n|player|p2|Mitsunaga|lady-gen4|1198\n|teamsize|p1|6\n|teamsize|p2|6\n|gen|9\n|tier|[Gen 9] VGC 2023 Regulation C\n|rated|\n|rule|Species Clause: Limit one of each Pok\u00e9mon\n|rule|Item Clause: Limit one of each item\n|clearpoke\n|poke|p1|Dragonite, L50, M|\n|poke|p1|Chien-Pao, L50|\n|poke|p1|Flutter Mane, L50|\n|poke|p1|Chi-Yu, L50|\n|poke|p1|Amoonguss, L50, F|\n|poke|p1|Ting-Lu, L50|\n|poke|p2|Annihilape, L50, F|\n|poke|p2|Sandy Shocks, L50|\n|poke|p2|Flutter Mane, L50|\n|poke|p2|Armarouge, L50, M|\n|poke|p2|Indeedee-F, L50, F|\n|poke|p2|Talonflame, L50, M|\n|teampreview|4\n|inactive|Battle timer is ON: inactive players will automatically lose when time's up. (requested by Mitsunaga)\n|\n|t:|1681697946\n|start\n|switch|p1a: Dragonite|Dragonite, L50, M|100\/100\n|switch|p1b: Chien-Pao|Chien-Pao, L50|100\/100\n|switch|p2a: Annihilape|Annihilape, L50, F|100\/100\n|switch|p2b: Armarouge|Armarouge, L50, M|100\/100\n|-ability|p1b: Chien-Pao|Sword of Ruin\n|turn|1\n|inactive|hmd8 has 30 seconds left.\n|inactive|Mitsunaga has 30 seconds left.\n|inactive|Mitsunaga has 20 seconds left.\n|\n|t:|1681697982\n|move|p2a: Annihilape|Final Gambit|p1a: Dragonite\n|-damage|p1a: Dragonite|0 fnt\n|faint|p2a: Annihilape\n|faint|p1a: Dragonite\n|move|p1b: Chien-Pao|Ice Spinner|p2b: Armarouge\n|-resisted|p2b: Armarouge\n|-damage|p2b: Armarouge|70\/100\n|-ability|p2b: Armarouge|Weak Armor|boost\n|-unboost|p2b: Armarouge|def|1\n|-boost|p2b: Armarouge|spe|2\n|move|p2b: Armarouge|Heat Wave|p1b: Chien-Pao\n|-supereffective|p1b: Chien-Pao\n|-enditem|p1b: Chien-Pao|Focus Sash\n|-damage|p1b: Chien-Pao|1\/100\n|\n|upkeep\n|\n|t:|1681697996\n|switch|p2a: Indeedee|Indeedee-F, L50, F|100\/100\n|switch|p1a: Flutter Mane|Flutter Mane, L50|100\/100\n|-fieldstart|move: Psychic Terrain|[from] ability: Psychic Surge|[of] p2a: Indeedee\n|-enditem|p2a: Indeedee|Psychic Seed\n|-boost|p2a: Indeedee|spd|1|[from] item: Psychic Seed\n|-enditem|p1a: Flutter Mane|Booster Energy\n|-activate|p1a: Flutter Mane|ability: Protosynthesis|[fromitem]\n|-start|p1a: Flutter Mane|protosynthesisspe\n|turn|2\n|\n|t:|1681698016\n|-terastallize|p2b: Armarouge|Fire\n|move|p1b: Chien-Pao|Protect|p1b: Chien-Pao\n|-singleturn|p1b: Chien-Pao|Protect\n|move|p2a: Indeedee|Follow Me|p2a: Indeedee\n|-singleturn|p2a: Indeedee|move: Follow Me\n|move|p1a: Flutter Mane|Shadow Ball|p2a: Indeedee\n|-immune|p2a: Indeedee\n|move|p2b: Armarouge|Heat Wave|p1a: Flutter Mane|[spread] p1a\n|-activate|p1b: Chien-Pao|move: Protect\n|-damage|p1a: Flutter Mane|47\/100\n|\n|upkeep\n|turn|3\n|\n|t:|1681698032\n|move|p1b: Chien-Pao|Protect||[still]\n|-fail|p1b: Chien-Pao\n|move|p2a: Indeedee|Follow Me|p2a: Indeedee\n|-singleturn|p2a: Indeedee|move: Follow Me\n|move|p1a: Flutter Mane|Dazzling Gleam|p2a: Indeedee|[spread] p2a,p2b\n|-resisted|p2b: Armarouge\n|-damage|p2a: Indeedee|80\/100\n|-damage|p2b: Armarouge|50\/100\n|move|p2b: Armarouge|Heat Wave|p1b: Chien-Pao|[spread] p1a\n|-miss|p2b: Armarouge|p1b: Chien-Pao\n|-damage|p1a: Flutter Mane|0 fnt\n|faint|p1a: Flutter Mane\n|-end|p1a: Flutter Mane|Protosynthesis|[silent]\n|\n|upkeep\n|\n|t:|1681698044\n|switch|p1a: Chi-Yu|Chi-Yu, L50|100\/100\n|-ability|p1a: Chi-Yu|Beads of Ruin\n|turn|4\n|\n|t:|1681698057\n|move|p1b: Chien-Pao|Protect|p1b: Chien-Pao\n|-singleturn|p1b: Chien-Pao|Protect\n|move|p2a: Indeedee|Follow Me|p2a: Indeedee\n|-singleturn|p2a: Indeedee|move: Follow Me\n|move|p2b: Armarouge|Heat Wave|p1a: Chi-Yu|[spread] p1a\n|-activate|p1b: Chien-Pao|move: Protect\n|-resisted|p1a: Chi-Yu\n|-damage|p1a: Chi-Yu|67\/100\n|move|p1a: Chi-Yu|Dark Pulse|p2a: Indeedee\n|-supereffective|p2a: Indeedee\n|-damage|p2a: Indeedee|6\/100\n|\n|upkeep\n|turn|5\n|inactive|Mitsunaga has 30 seconds left.\n|\n|t:|1681698088\n|move|p1b: Chien-Pao|Protect|p1b: Chien-Pao\n|-singleturn|p1b: Chien-Pao|Protect\n|move|p2b: Armarouge|Heat Wave|p1b: Chien-Pao|[spread] p1a\n|-activate|p1b: Chien-Pao|move: Protect\n|-resisted|p1a: Chi-Yu\n|-damage|p1a: Chi-Yu|36\/100\n|move|p1a: Chi-Yu|Heat Wave|p2a: Indeedee|[spread] p2a\n|-miss|p1a: Chi-Yu|p2b: Armarouge\n|-damage|p2a: Indeedee|0 fnt\n|faint|p2a: Indeedee\n|\n|upkeep\n|l|\u2606Mitsunaga\n|inactive|Mitsunaga disconnected and has a minute to reconnect!\n|player|p2|\n|inactive|Mitsunaga has 30 seconds left.\n|inactive|Mitsunaga has 20 seconds left.\n|inactive|Mitsunaga has 15 seconds left.\n|j|\u2606Mitsunaga\n|inactive|Mitsunaga reconnected and has 15 seconds left.\n|player|p2|Mitsunaga|lady-gen4\n|inactive|Mitsunaga has 10 seconds left.\n|\n|t:|1681698137\n|switch|p2a: Flutter Mane|Flutter Mane, L50|100\/100\n|turn|6\n|c|\u2606Mitsunaga|4 protect\uff1f\n|\n|t:|1681698151\n|move|p1b: Chien-Pao|Protect||[still]\n|-fail|p1b: Chien-Pao\n|move|p2b: Armarouge|Aura Sphere|p1a: Chi-Yu\n|-supereffective|p1a: Chi-Yu\n|-damage|p1a: Chi-Yu|0 fnt\n|faint|p1a: Chi-Yu\n|move|p2a: Flutter Mane|Dazzling Gleam|p1b: Chien-Pao\n|-supereffective|p1b: Chien-Pao\n|-damage|p1b: Chien-Pao|0 fnt\n|faint|p1b: Chien-Pao\n|\n|win|Mitsunaga\n|raw|hmd8's rating: 1184 → 1160<\/strong> (-24 for losing)\n|raw|Mitsunaga's rating: 1198 → 1222<\/strong> (+24 for winning)\n","uploadtime":1681698157,"views":13,"p1id":"hmd8","p2id":"mitsunaga","formatid":"gen9vgc2023regulationc","rating":1160,"private":0,"password":""}