{"id":"gen9vgc2023regulationc-1855146567","p1":"MozzieGamesVGC","p2":"dvsazs","format":"[Gen 9] VGC 2023 Regulation C","log":"|j|\u2606MozzieGamesVGC\n|j|\u203ddvsazs\n|t:|1682906978\n|gametype|doubles\n|player|p1|MozzieGamesVGC|pokekid|1020\n|player|p2|dvsazs|169|1000\n|teamsize|p1|6\n|teamsize|p2|6\n|gen|9\n|tier|[Gen 9] VGC 2023 Regulation C\n|rated|\n|rule|Species Clause: Limit one of each Pok\u00e9mon\n|rule|Item Clause: Limit one of each item\n|clearpoke\n|poke|p1|Mimikyu, L50, M|\n|poke|p1|Amoonguss, L50, F|\n|poke|p1|Iron Hands, L50|\n|poke|p1|Kingambit, L50, M|\n|poke|p1|Pincurchin, L50, F|\n|poke|p1|Quaquaval, L50, M|\n|poke|p2|Dondozo, L50, F|\n|poke|p2|Tatsugiri-Droopy, L50, M|\n|poke|p2|Pelipper, L50, M|\n|poke|p2|Drednaw, L50, F|\n|poke|p2|Dragonite, L50, M|\n|poke|p2|Chien-Pao, L50|\n|teampreview|4\n|\n|t:|1682907027\n|start\n|switch|p1a: Better Pikachu|Mimikyu, L50, M, shiny|100\/100\n|switch|p1b: Mushroom|Amoonguss, L50, F, shiny|100\/100\n|switch|p2a: Pelipper|Pelipper, L50, M|100\/100\n|switch|p2b: Drednaw|Drednaw, L50, F|100\/100\n|-weather|RainDance|[from] ability: Drizzle|[of] p2a: Pelipper\n|turn|1\n|inactive|Battle timer is ON: inactive players will automatically lose when time's up. (requested by dvsazs)\n|inactive|MozzieGamesVGC has 60 seconds left.\n|\n|t:|1682907065\n|move|p2b: Drednaw|Rock Slide|p1b: Mushroom|[spread] p1a,p1b\n|-activate|p1a: Better Pikachu|ability: Disguise\n|-damage|p1a: Better Pikachu|100\/100\n|-damage|p1b: Mushroom|53\/100\n|detailschange|p1a: Better Pikachu|Mimikyu-Busted, L50, M, shiny\n|-damage|p1a: Better Pikachu|88\/100|[from] pokemon: Mimikyu-Busted\n|move|p2a: Pelipper|Hurricane|p1b: Mushroom\n|-supereffective|p1b: Mushroom\n|-damage|p1b: Mushroom|0 fnt\n|faint|p1b: Mushroom\n|move|p1a: Better Pikachu|Trick Room|p1a: Better Pikachu\n|-fieldstart|move: Trick Room|[of] p1a: Better Pikachu\n|\n|-weather|RainDance|[upkeep]\n|upkeep\n|\n|t:|1682907081\n|switch|p1b: Big hands :D|Iron Hands, L50|100\/100\n|turn|2\n|inactive|dvsazs has 30 seconds left.\n|\n|t:|1682907111\n|move|p1b: Big hands :D|Wild Charge|p2a: Pelipper\n|-supereffective|p2a: Pelipper\n|-damage|p2a: Pelipper|0 fnt\n|faint|p2a: Pelipper\n|-damage|p1b: Big hands :D|84\/100|[from] Recoil\n|move|p1a: Better Pikachu|Taunt|p2b: Drednaw\n|-start|p2b: Drednaw|move: Taunt\n|move|p2b: Drednaw|Rock Slide|p1a: Better Pikachu|[spread] p1a\n|-miss|p2b: Drednaw|p1b: Big hands :D\n|-damage|p1a: Better Pikachu|25\/100\n|\n|-weather|RainDance|[upkeep]\n|-heal|p1b: Big hands :D|91\/100|[from] item: Leftovers\n|upkeep\n|\n|t:|1682907120\n|switch|p2a: Dondozo|Dondozo, L50, F|100\/100\n|turn|3\n|\n|t:|1682907135\n|-terastallize|p2b: Drednaw|Grass\n|move|p2a: Dondozo|Protect|p2a: Dondozo\n|-singleturn|p2a: Dondozo|Protect\n|move|p1b: Big hands :D|Wild Charge|p2a: Dondozo\n|-activate|p2a: Dondozo|move: Protect\n|move|p1a: Better Pikachu|Will-O-Wisp|p2a: Dondozo\n|-activate|p2a: Dondozo|move: Protect\n|move|p2b: Drednaw|Rock Slide|p1a: Better Pikachu|[spread] p1a,p1b\n|-crit|p1a: Better Pikachu\n|-resisted|p1b: Big hands :D\n|-damage|p1a: Better Pikachu|0 fnt\n|-damage|p1b: Big hands :D|76\/100\n|faint|p1a: Better Pikachu\n|\n|-weather|RainDance|[upkeep]\n|-heal|p1b: Big hands :D|82\/100|[from] item: Leftovers\n|upkeep\n|\n|t:|1682907159\n|switch|p1a: Quaquaval|Quaquaval, L50, M|100\/100\n|turn|4\n|inactive|dvsazs has 30 seconds left.\n|\n|t:|1682907192\n|switch|p2b: Tatsugiri|Tatsugiri-Droopy, L50, M, shiny|100\/100\n|-activate|p2b: Tatsugiri|ability: Commander|[of] p2a: Dondozo\n|-boost|p2a: Dondozo|atk|2\n|-boost|p2a: Dondozo|spa|2\n|-boost|p2a: Dondozo|spe|2\n|-boost|p2a: Dondozo|def|2\n|-boost|p2a: Dondozo|spd|2\n|-terastallize|p1a: Quaquaval|Flying\n|move|p1b: Big hands :D|Wild Charge|p2a: Dondozo\n|-supereffective|p2a: Dondozo\n|-damage|p2a: Dondozo|60\/100\n|-damage|p1b: Big hands :D|73\/100|[from] Recoil\n|move|p1a: Quaquaval|Brave Bird|p2b: Tatsugiri|[miss]\n|-miss|p1a: Quaquaval|p2b: Tatsugiri\n|move|p2a: Dondozo|Wave Crash|p1b: Big hands :D\n|-damage|p1b: Big hands :D|0 fnt\n|faint|p1b: Big hands :D\n|-end|p1b: Big hands :D|Quark Drive|[silent]\n|-damage|p2a: Dondozo|32\/100|[from] Recoil\n|-damage|p2a: Dondozo|22\/100|[from] item: Life Orb\n|\n|-weather|RainDance|[upkeep]\n|upkeep\n|turn|5\n|\n|t:|1682907213\n|move|p2a: Dondozo|Protect|p2a: Dondozo\n|-singleturn|p2a: Dondozo|Protect\n|move|p1a: Quaquaval|Brave Bird|p2a: Dondozo\n|-activate|p2a: Dondozo|move: Protect\n|\n|-weather|RainDance|[upkeep]\n|-fieldend|move: Trick Room\n|upkeep\n|turn|6\n|\n|t:|1682907224\n|move|p2a: Dondozo|Wave Crash|p1a: Quaquaval\n|-damage|p1a: Quaquaval|0 fnt\n|faint|p1a: Quaquaval\n|-damage|p2a: Dondozo|0 fnt|[from] Recoil\n|faint|p2a: Dondozo\n|\n|win|dvsazs\n|raw|MozzieGamesVGC's rating: 1010 → 1000<\/strong> (-10 for losing)\n|raw|dvsazs's rating: 1000 → 1041<\/strong> (+41 for winning)\n","uploadtime":1682907238,"views":11,"p1id":"mozziegamesvgc","p2id":"dvsazs","formatid":"gen9vgc2023regulationc","rating":1000,"private":0,"password":""}