{"id":"gen9vgc2023regulationc-1862871895","p1":"TonnyDolfing","p2":"Xcdc9182","format":"[Gen 9] VGC 2023 Regulation C","log":"|j|\u2606TonnyDolfing\n|j|\u203dXcdc9182\n|t:|1683931898\n|gametype|doubles\n|player|p1|TonnyDolfing|lucas-gen4pt|1160\n|player|p2|Xcdc9182|170|1266\n|teamsize|p1|6\n|teamsize|p2|6\n|gen|9\n|tier|[Gen 9] VGC 2023 Regulation C\n|rated|\n|rule|Species Clause: Limit one of each Pok\u00e9mon\n|rule|Item Clause: Limit one of each item\n|clearpoke\n|poke|p1|Flutter Mane, L50|\n|poke|p1|Amoonguss, L50, F|\n|poke|p1|Iron Hands, L50|\n|poke|p1|Iron Bundle, L50|\n|poke|p1|Gyarados, L50, F|\n|poke|p1|Chi-Yu, L50|\n|poke|p2|Flutter Mane, L50|\n|poke|p2|Oranguru, L50, F|\n|poke|p2|Roaring Moon, L50|\n|poke|p2|Jumpluff, L50, M|\n|poke|p2|Great Tusk, L50|\n|poke|p2|Torkoal, L50, M|\n|teampreview|4\n|inactive|Battle timer is ON: inactive players will automatically lose when time's up. (requested by Xcdc9182)\n|inactive|TonnyDolfing has 60 seconds left.\n|\n|t:|1683931944\n|start\n|switch|p1a: Amoonguss|Amoonguss, L50, F|100\/100\n|switch|p1b: Iron Hands|Iron Hands, L50|100\/100\n|switch|p2a: Flutter Mane|Flutter Mane, L50|100\/100\n|switch|p2b: Oranguru|Oranguru, L50, F|100\/100\n|turn|1\n|inactive|TonnyDolfing has 30 seconds left.\n|inactive|Xcdc9182 has 30 seconds left.\n|\n|t:|1683931974\n|move|p2a: Flutter Mane|Protect|p2a: Flutter Mane\n|-singleturn|p2a: Flutter Mane|Protect\n|move|p1b: Iron Hands|Fake Out|p2b: Oranguru\n|-damage|p2b: Oranguru|81\/100\n|cant|p2b: Oranguru|flinch\n|move|p1a: Amoonguss|Spore|p2a: Flutter Mane\n|-activate|p2a: Flutter Mane|move: Protect\n|\n|-heal|p2b: Oranguru|87\/100|[from] item: Leftovers\n|upkeep\n|turn|2\n|\n|t:|1683931989\n|move|p1b: Iron Hands|Wild Charge|p2a: Flutter Mane\n|-damage|p2a: Flutter Mane|9\/100\n|-damage|p1b: Iron Hands|84\/100|[from] Recoil\n|move|p2b: Oranguru|Taunt|p1a: Amoonguss\n|-start|p1a: Amoonguss|move: Taunt\n|cant|p1a: Amoonguss|move: Taunt|Spore\n|move|p2a: Flutter Mane|Trick Room|p2a: Flutter Mane\n|-fieldstart|move: Trick Room|[of] p2a: Flutter Mane\n|-enditem|p2a: Flutter Mane|Room Service\n|-unboost|p2a: Flutter Mane|spe|1|[from] item: Room Service\n|\n|-heal|p2b: Oranguru|93\/100|[from] item: Leftovers\n|upkeep\n|turn|3\n|\n|t:|1683932012\n|move|p1a: Amoonguss|Pollen Puff|p2a: Flutter Mane\n|-resisted|p2a: Flutter Mane\n|-damage|p2a: Flutter Mane|4\/100\n|move|p2b: Oranguru|Hyper Voice|p1b: Iron Hands|[spread] p1a,p1b\n|-damage|p1a: Amoonguss|81\/100\n|-damage|p1b: Iron Hands|73\/100\n|move|p1b: Iron Hands|Drain Punch|p2b: Oranguru\n|-damage|p2b: Oranguru|39\/100\n|-heal|p1b: Iron Hands|96\/100|[from] drain|[of] p2b: Oranguru\n|move|p2a: Flutter Mane|Dazzling Gleam|p1a: Amoonguss|[spread] p1a,p1b\n|-resisted|p1a: Amoonguss\n|-supereffective|p1b: Iron Hands\n|-damage|p1a: Amoonguss|69\/100\n|-damage|p1b: Iron Hands|62\/100\n|\n|-heal|p2b: Oranguru|45\/100|[from] item: Leftovers\n|upkeep\n|turn|4\n|\n|t:|1683932032\n|move|p1a: Amoonguss|Pollen Puff|p2a: Flutter Mane\n|-resisted|p2a: Flutter Mane\n|-damage|p2a: Flutter Mane|0 fnt\n|faint|p2a: Flutter Mane\n|-end|p2a: Flutter Mane|Protosynthesis|[silent]\n|move|p2b: Oranguru|Instruct|p2: Flutter Mane|[notarget]\n|-fail|p2b: Oranguru\n|move|p1b: Iron Hands|Drain Punch|p2b: Oranguru\n|-damage|p2b: Oranguru|0 fnt\n|-heal|p1b: Iron Hands|81\/100|[from] drain|[of] p2b: Oranguru\n|faint|p2b: Oranguru\n|\n|-end|p1a: Amoonguss|move: Taunt\n|upkeep\n|\n|t:|1683932036\n|switch|p2b: Great Tusk|Great Tusk, L50|100\/100\n|switch|p2a: Torkoal|Torkoal, L50, M|100\/100\n|-weather|SunnyDay|[from] ability: Drought|[of] p2a: Torkoal\n|-activate|p2b: Great Tusk|ability: Protosynthesis\n|-start|p2b: Great Tusk|protosynthesisatk\n|turn|5\n|inactive|TonnyDolfing has 30 seconds left.\n|inactive|TonnyDolfing has 20 seconds left.\n|inactive|TonnyDolfing has 15 seconds left.\n|\n|t:|1683932078\n|-terastallize|p2a: Torkoal|Fire\n|move|p2a: Torkoal|Eruption|p1a: Amoonguss|[spread] p1a,p1b\n|-supereffective|p1a: Amoonguss\n|-damage|p1a: Amoonguss|0 fnt\n|-damage|p1b: Iron Hands|2\/100\n|faint|p1a: Amoonguss\n|move|p1b: Iron Hands|Volt Switch|p2a: Torkoal\n|-damage|p2a: Torkoal|80\/100\n|\n|t:|1683932087\n|-end|p1b: Iron Hands|Quark Drive|[silent]\n|switch|p1b: Gyarados|Gyarados, L50, F|100\/100|[from] Volt Switch\n|-ability|p1b: Gyarados|Intimidate|boost\n|-unboost|p2a: Torkoal|atk|1\n|-unboost|p2b: Great Tusk|atk|1\n|move|p2b: Great Tusk|Headlong Rush|p1b: Gyarados\n|-immune|p1b: Gyarados\n|\n|-weather|SunnyDay|[upkeep]\n|upkeep\n|\n|t:|1683932103\n|switch|p1a: Iron Hands|Iron Hands, L50|2\/100\n|turn|6\n|\n|t:|1683932117\n|move|p1a: Iron Hands|Fake Out|p2a: Torkoal\n|-damage|p2a: Torkoal|67\/100\n|cant|p2a: Torkoal|flinch\n|move|p2b: Great Tusk|Head Smash|p1b: Gyarados\n|-supereffective|p1b: Gyarados\n|-damage|p1b: Gyarados|0 fnt\n|faint|p1b: Gyarados\n|-damage|p2b: Great Tusk|62\/100|[from] Recoil\n|\n|-weather|SunnyDay|[upkeep]\n|-fieldend|move: Trick Room\n|upkeep\n|\n|t:|1683932127\n|switch|p1b: Chi-Yu|Chi-Yu, L50|100\/100\n|-ability|p1b: Chi-Yu|Beads of Ruin\n|turn|7\n|\n|t:|1683932151\n|move|p1b: Chi-Yu|Dark Pulse|p2a: Torkoal\n|-damage|p2a: Torkoal|0 fnt\n|faint|p2a: Torkoal\n|move|p2b: Great Tusk|Headlong Rush|p1b: Chi-Yu\n|-supereffective|p1b: Chi-Yu\n|-enditem|p1b: Chi-Yu|Focus Sash\n|-damage|p1b: Chi-Yu|1\/100\n|-unboost|p2b: Great Tusk|def|1\n|-unboost|p2b: Great Tusk|spd|1\n|move|p1a: Iron Hands|Drain Punch|p2b: Great Tusk\n|-crit|p2b: Great Tusk\n|-damage|p2b: Great Tusk|0 fnt\n|-heal|p1a: Iron Hands|32\/100|[from] drain|[of] p2b: Great Tusk\n|faint|p2b: Great Tusk\n|-end|p2b: Great Tusk|Protosynthesis|[silent]\n|\n|win|TonnyDolfing\n|raw|TonnyDolfing's rating: 1160 → 1192<\/strong> (+32 for winning)\n|raw|Xcdc9182's rating: 1266 → 1234<\/strong> (-32 for losing)\n|l|\u203dXcdc9182\n","uploadtime":1683932173,"views":5,"p1id":"tonnydolfing","p2id":"xcdc9182","formatid":"gen9vgc2023regulationc","rating":1192,"private":0,"password":""}