{"id":"gen9vgc2023regulationc-1860059315","p1":"SpadesHS","p2":"Ih8racists","format":"[Gen 9] VGC 2023 Regulation C","log":"|j|\u2606SpadesHS\n|j|\u2606Ih8racists\n|t:|1683590406\n|gametype|doubles\n|player|p1|SpadesHS|n|1445\n|player|p2|Ih8racists|riley|1385\n|teamsize|p1|6\n|teamsize|p2|6\n|gen|9\n|tier|[Gen 9] VGC 2023 Regulation C\n|rated|\n|rule|Species Clause: Limit one of each Pok\u00e9mon\n|rule|Item Clause: Limit one of each item\n|clearpoke\n|poke|p1|Chi-Yu, L50|\n|poke|p1|Baxcalibur, L50, M|\n|poke|p1|Amoonguss, L50, F|\n|poke|p1|Arcanine, L50, M|\n|poke|p1|Flutter Mane, L50|\n|poke|p1|Kingambit, L50, F|\n|poke|p2|Dondozo, L50, M|\n|poke|p2|Tatsugiri-Droopy, L50, M|\n|poke|p2|Chi-Yu, L50|\n|poke|p2|Glimmora, L50, M|\n|poke|p2|Flutter Mane, L50|\n|poke|p2|Dragonite, L50, M|\n|teampreview|4\nSpadesHS has agreed to open team sheets.\n|c|\u2606Ih8racists|Glhf\n|inactive|Battle timer is ON: inactive players will automatically lose when time's up. (requested by Ih8racists)\nIh8racists has agreed to open team sheets.\n|inactive|SpadesHS has 60 seconds left.\n|inactive|Ih8racists has 60 seconds left.\n|\n|t:|1683590447\n|start\n|switch|p1a: Mr. Freeze|Baxcalibur, L50, M|100\/100\n|switch|p1b: Timeline|Flutter Mane, L50|100\/100\n|switch|p2a: Glimmora|Glimmora, L50, M|100\/100\n|switch|p2b: Dragonite|Dragonite, L50, M|100\/100\n|-enditem|p1b: Timeline|Booster Energy\n|-activate|p1b: Timeline|ability: Protosynthesis|[fromitem]\n|-start|p1b: Timeline|protosynthesisspa\n|turn|1\n|inactive|SpadesHS has 30 seconds left.\n|inactive|Ih8racists has 30 seconds left.\n|inactive|SpadesHS has 20 seconds left.\n|inactive|Ih8racists has 20 seconds left.\n|inactive|SpadesHS has 15 seconds left.\n|inactive|Ih8racists has 15 seconds left.\n|inactive|Ih8racists has 10 seconds left.\n|\n|t:|1683590493\n|switch|p2b: Tatsugiri|Tatsugiri-Droopy, L50, M|100\/100\n|switch|p2a: Dondozo|Dondozo, L50, M|100\/100\n|-activate|p2b: Tatsugiri|ability: Commander|[of] p2a: Dondozo\n|-boost|p2a: Dondozo|atk|2\n|-boost|p2a: Dondozo|spa|2\n|-boost|p2a: Dondozo|spe|2\n|-boost|p2a: Dondozo|def|2\n|-boost|p2a: Dondozo|spd|2\n|-terastallize|p1b: Timeline|Fairy\n|move|p1a: Mr. Freeze|Ice Shard|p2b: Tatsugiri|[miss]\n|-miss|p1a: Mr. Freeze|p2b: Tatsugiri\n|move|p1b: Timeline|Moonblast|p2b: Tatsugiri|[miss]\n|-miss|p1b: Timeline|p2b: Tatsugiri\n|\n|upkeep\n|turn|2\n|\n|t:|1683590503\n|-end|p1b: Timeline|Protosynthesis|[silent]\n|switch|p1b: Fun Police|Arcanine, L50, M|100\/100\n|-ability|p1b: Fun Police|Intimidate|boost\n|-unboost|p2a: Dondozo|atk|1\n|-unboost|p2b: Tatsugiri|atk|1\n|switch|p1a: Imposter|Amoonguss, L50, F|100\/100\n|move|p2a: Dondozo|Heavy Slam|p1b: Fun Police\n|-resisted|p1b: Fun Police\n|-damage|p1b: Fun Police|93\/100\n|\n|upkeep\n|turn|3\n|\n|t:|1683590521\n|move|p1b: Fun Police|Protect|p1b: Fun Police\n|-singleturn|p1b: Fun Police|Protect\n|move|p2a: Dondozo|Heavy Slam|p1a: Imposter\n|-damage|p1a: Imposter|67\/100\n|move|p1a: Imposter|Spore|p2a: Dondozo\n|-status|p2a: Dondozo|slp|[from] move: Spore\n|\n|upkeep\n|turn|4\n|\n|t:|1683590535\n|switch|p1b: Mr. Freeze|Baxcalibur, L50, M|100\/100\n|cant|p2a: Dondozo|slp\n|move|p1a: Imposter|Pollen Puff|p2a: Dondozo\n|-damage|p2a: Dondozo|95\/100 slp\n|\n|-heal|p2a: Dondozo|100\/100 slp|[from] item: Leftovers\n|upkeep\n|turn|5\n|\n|t:|1683590548\n|switch|p1a: Fun Police|Arcanine, L50, M|93\/100\n|-ability|p1a: Fun Police|Intimidate|boost\n|-unboost|p2a: Dondozo|atk|1\n|-unboost|p2b: Tatsugiri|atk|1\n|-curestatus|p2a: Dondozo|slp|[msg]\n|move|p2a: Dondozo|Heavy Slam|p1b: Mr. Freeze\n|-supereffective|p1b: Mr. Freeze\n|-damage|p1b: Mr. Freeze|82\/100\n|move|p1b: Mr. Freeze|Glaive Rush|p2a: Dondozo\n|-damage|p2a: Dondozo|79\/100\n|-singlemove|p1b: Mr. Freeze|Glaive Rush|[silent]\n|\n|-heal|p2a: Dondozo|85\/100|[from] item: Leftovers\n|upkeep\n|turn|6\n|\n|t:|1683590563\n|switch|p1b: Imposter|Amoonguss, L50, F|100\/100\n|move|p1a: Fun Police|Will-O-Wisp|p2a: Dondozo\n|-status|p2a: Dondozo|brn\n|move|p2a: Dondozo|Wave Crash|p1a: Fun Police\n|-supereffective|p1a: Fun Police\n|-damage|p1a: Fun Police|52\/100\n|-damage|p2a: Dondozo|75\/100 brn|[from] Recoil\n|\n|-heal|p2a: Dondozo|80\/100 brn|[from] item: Leftovers\n|-damage|p2a: Dondozo|75\/100 brn|[from] brn\n|upkeep\n|turn|7\n|\n|t:|1683590578\n|move|p1a: Fun Police|Extreme Speed|p2a: Dondozo\n|-damage|p2a: Dondozo|67\/100 brn\n|move|p2a: Dondozo|Wave Crash|p1a: Fun Police\n|-supereffective|p1a: Fun Police\n|-damage|p1a: Fun Police|11\/100\n|-damage|p2a: Dondozo|56\/100 brn|[from] Recoil\n|move|p1b: Imposter|Pollen Puff|p1a: Fun Police\n|-heal|p1a: Fun Police|61\/100\n|\n|-heal|p2a: Dondozo|62\/100 brn|[from] item: Leftovers\n|-damage|p2a: Dondozo|56\/100 brn|[from] brn\n|upkeep\n|turn|8\n|\n|t:|1683590597\n|move|p1a: Fun Police|Extreme Speed|p2a: Dondozo\n|-damage|p2a: Dondozo|48\/100 brn\n|move|p2a: Dondozo|Heavy Slam|p1a: Fun Police\n|-resisted|p1a: Fun Police\n|-damage|p1a: Fun Police|58\/100\n|move|p1b: Imposter|Pollen Puff|p1a: Fun Police\n|-heal|p1a: Fun Police|100\/100\n|\n|-heal|p2a: Dondozo|54\/100 brn|[from] item: Leftovers\n|-damage|p2a: Dondozo|48\/100 brn|[from] brn\n|upkeep\n|turn|9\n|\n|t:|1683590611\n|switch|p1a: Mr. Freeze|Baxcalibur, L50, M|82\/100\n|move|p2a: Dondozo|Heavy Slam|p1b: Imposter\n|-damage|p1b: Imposter|90\/100\n|move|p1b: Imposter|Pollen Puff|p1a: Mr. Freeze\n|-heal|p1a: Mr. Freeze|100\/100\n|\n|-heal|p2a: Dondozo|54\/100 brn|[from] item: Leftovers\n|-damage|p2a: Dondozo|48\/100 brn|[from] brn\n|upkeep\n|turn|10\n|\n|t:|1683590625\n|switch|p1b: Fun Police|Arcanine, L50, M|100\/100\n|-ability|p1b: Fun Police|Intimidate|boost\n|-unboost|p2a: Dondozo|atk|1\n|-unboost|p2b: Tatsugiri|atk|1\n|move|p2a: Dondozo|Body Press|p1a: Mr. Freeze\n|-supereffective|p1a: Mr. Freeze\n|-damage|p1a: Mr. Freeze|65\/100\n|move|p1a: Mr. Freeze|Glaive Rush|p2a: Dondozo\n|-damage|p2a: Dondozo|24\/100 brn\n|-singlemove|p1a: Mr. Freeze|Glaive Rush|[silent]\n|\n|-heal|p2a: Dondozo|30\/100 brn|[from] item: Leftovers\n|-damage|p2a: Dondozo|24\/100 brn|[from] brn\n|upkeep\n|turn|11\n|\n|t:|1683590645\n|switch|p1a: Imposter|Amoonguss, L50, F|100\/100\n|move|p1b: Fun Police|Extreme Speed|p2a: Dondozo\n|-damage|p2a: Dondozo|16\/100 brn\n|move|p2a: Dondozo|Wave Crash|p1b: Fun Police\n|-supereffective|p1b: Fun Police\n|-damage|p1b: Fun Police|72\/100\n|-damage|p2a: Dondozo|9\/100 brn|[from] Recoil\n|\n|-heal|p2a: Dondozo|15\/100 brn|[from] item: Leftovers\n|-damage|p2a: Dondozo|9\/100 brn|[from] brn\n|upkeep\n|turn|12\n|\n|t:|1683590663\n|switch|p1a: Timeline|Flutter Mane, L50, tera:Fairy|100\/100\n|move|p1b: Fun Police|Protect|p1b: Fun Police\n|-singleturn|p1b: Fun Police|Protect\n|move|p2a: Dondozo|Wave Crash|p1b: Fun Police\n|-activate|p1b: Fun Police|move: Protect\n|\n|-heal|p2a: Dondozo|15\/100 brn|[from] item: Leftovers\n|-damage|p2a: Dondozo|9\/100 brn|[from] brn\n|upkeep\n|turn|13\n|\n|t:|1683590673\n|move|p1b: Fun Police|Extreme Speed|p2a: Dondozo\n|-damage|p2a: Dondozo|1\/100 brn\n|move|p1a: Timeline|Moonblast|p2b: Tatsugiri|[miss]\n|-miss|p1a: Timeline|p2b: Tatsugiri\n|move|p2a: Dondozo|Heavy Slam|p1a: Timeline\n|-supereffective|p1a: Timeline\n|-damage|p1a: Timeline|73\/100\n|\n|-heal|p2a: Dondozo|7\/100 brn|[from] item: Leftovers\n|-damage|p2a: Dondozo|1\/100 brn|[from] brn\n|upkeep\n|turn|14\n|\n|t:|1683590686\n|move|p2a: Dondozo|Protect|p2a: Dondozo\n|-singleturn|p2a: Dondozo|Protect\n|move|p1b: Fun Police|Extreme Speed|p2a: Dondozo\n|-activate|p2a: Dondozo|move: Protect\n|move|p1a: Timeline|Moonblast|p2b: Tatsugiri|[miss]\n|-miss|p1a: Timeline|p2b: Tatsugiri\n|\n|-heal|p2a: Dondozo|7\/100 brn|[from] item: Leftovers\n|-damage|p2a: Dondozo|1\/100 brn|[from] brn\n|upkeep\n|turn|15\n|\n|t:|1683590705\n|move|p1b: Fun Police|Extreme Speed|p2a: Dondozo\n|-damage|p2a: Dondozo|0 fnt\n|faint|p2a: Dondozo\n|move|p1a: Timeline|Moonblast|p2b: Tatsugiri\n|-supereffective|p2b: Tatsugiri\n|-damage|p2b: Tatsugiri|0 fnt\n|faint|p2b: Tatsugiri\n|\n|upkeep\n|\n|t:|1683590707\n|switch|p2b: Glimmora|Glimmora, L50, M|100\/100\n|switch|p2a: Dragonite|Dragonite, L50, M|100\/100\n|turn|16\n|\n|t:|1683590720\n|switch|p1b: Imposter|Amoonguss, L50, F|100\/100\n|-terastallize|p2a: Dragonite|Normal\n|move|p1a: Timeline|Protect|p1a: Timeline\n|-singleturn|p1a: Timeline|Protect\n|move|p2a: Dragonite|Extreme Speed|p1a: Timeline\n|-activate|p1a: Timeline|move: Protect\n|move|p2b: Glimmora|Power Gem|p1b: Imposter\n|-damage|p1b: Imposter|64\/100\n|\n|upkeep\n|turn|17\n|\n|t:|1683590736\n|move|p2a: Dragonite|Extreme Speed|p1a: Timeline\n|-damage|p1a: Timeline|0 fnt\n|faint|p1a: Timeline\n|-end|p1a: Timeline|Protosynthesis|[silent]\n|move|p2b: Glimmora|Power Gem|p1b: Imposter\n|-damage|p1b: Imposter|23\/100\n|-enditem|p1b: Imposter|Sitrus Berry|[eat]\n|-heal|p1b: Imposter|48\/100|[from] item: Sitrus Berry\n|move|p1b: Imposter|Spore|p2a: Dragonite\n|-status|p2a: Dragonite|slp|[from] move: Spore\n|\n|upkeep\n|\n|t:|1683590741\n|switch|p1a: Mr. Freeze|Baxcalibur, L50, M|65\/100\n|turn|18\n|\n|t:|1683590748\n|cant|p2a: Dragonite|slp\n|move|p1b: Imposter|Rage Powder|p1b: Imposter\n|-singleturn|p1b: Imposter|move: Rage Powder\n|move|p1a: Mr. Freeze|Earthquake|p2a: Dragonite|[spread] p1b,p2a,p2b\n|-supereffective|p2b: Glimmora\n|-damage|p1b: Imposter|24\/100\n|-damage|p2a: Dragonite|85\/100 slp\n|-damage|p2b: Glimmora|0 fnt\n|-activate|p2b: Glimmora|ability: Toxic Debris\n|-sidestart|p1: SpadesHS|move: Toxic Spikes\n|faint|p2b: Glimmora\n|\n|upkeep\n|turn|19\n|\n|t:|1683590765\n|switch|p1b: Fun Police|Arcanine, L50, M|72\/100\n|-status|p1b: Fun Police|psn\n|-ability|p1b: Fun Police|Intimidate|boost\n|-unboost|p2a: Dragonite|atk|1\n|-curestatus|p2a: Dragonite|slp|[msg]\n|move|p2a: Dragonite|Extreme Speed|p1b: Fun Police\n|-damage|p1b: Fun Police|27\/100 psn\n|move|p1a: Mr. Freeze|Glaive Rush|p2a: Dragonite\n|-damage|p2a: Dragonite|17\/100\n|-singlemove|p1a: Mr. Freeze|Glaive Rush|[silent]\n|\n|-damage|p1b: Fun Police|15\/100 psn|[from] psn\n|upkeep\n|turn|20\n|\n|t:|1683590778\n|move|p1b: Fun Police|Extreme Speed|p2a: Dragonite\n|-damage|p2a: Dragonite|0 fnt\n|faint|p2a: Dragonite\n|\n|win|SpadesHS\n|raw|SpadesHS's rating: 1445 → 1462<\/strong> (+17 for winning)\n|raw|Ih8racists's rating: 1385 → 1368<\/strong> (-17 for losing)\n|c|\u2606Ih8racists|Gg\n|c|\u2606SpadesHS|gg\n","uploadtime":1683590786,"views":10,"p1id":"spadeshs","p2id":"ih8racists","formatid":"gen9vgc2023regulationc","rating":1368,"private":0,"password":""}