{"id":"gen9vgc2023regulationc-1855305600","p1":"rash001","p2":"UltimoRyu","format":"[Gen 9] VGC 2023 Regulation C","log":"|j|\u2606rash001\n|j|\u2606UltimoRyu\n|t:|1682933835\n|gametype|doubles\n|player|p1|rash001|2|1030\n|player|p2|UltimoRyu|crasherwake|1038\n|teamsize|p1|6\n|teamsize|p2|6\n|gen|9\n|tier|[Gen 9] VGC 2023 Regulation C\n|rated|\n|rule|Species Clause: Limit one of each Pok\u00e9mon\n|rule|Item Clause: Limit one of each item\n|clearpoke\n|poke|p1|Amoonguss, L50, M|\n|poke|p1|Ting-Lu, L50|\n|poke|p1|Annihilape, L50, M|\n|poke|p1|Maushold-Four, L50|\n|poke|p1|Tyranitar, L50, M|\n|poke|p1|Flutter Mane, L50|\n|poke|p2|Garchomp, L50, F|\n|poke|p2|Rotom-Wash, L50|\n|poke|p2|Iron Bundle, L50|\n|poke|p2|Gyarados, L50, F|\n|poke|p2|Slither Wing, L50|\n|poke|p2|Gardevoir, L50, M|\n|teampreview|4\n|inactive|Battle timer is ON: inactive players will automatically lose when time's up. (requested by rash001)\n|inactive|UltimoRyu has 60 seconds left.\n|\n|t:|1682933866\n|start\n|switch|p1a: Annihilape|Annihilape, L50, M|100\/100\n|switch|p1b: Maushold|Maushold-Four, L50|100\/100\n|switch|p2a: Slither Wing|Slither Wing, L50|100\/100\n|switch|p2b: Iron Bundle|Iron Bundle, L50|100\/100\n|turn|1\n|inactive|rash001 has 30 seconds left.\n|inactive|UltimoRyu has 30 seconds left.\n|\n|t:|1682933901\n|move|p2b: Iron Bundle|Icy Wind|p1a: Annihilape|[spread] p1a,p1b\n|-damage|p1a: Annihilape|86\/100\n|-damage|p1b: Maushold|70\/100\n|-unboost|p1a: Annihilape|spe|1\n|-ability|p1a: Annihilape|Defiant|boost\n|-boost|p1a: Annihilape|atk|2\n|-unboost|p1b: Maushold|spe|1\n|move|p1b: Maushold|Beat Up|p1a: Annihilape\n|-damage|p1a: Annihilape|83\/100\n|-damage|p1a: Annihilape|80\/100\n|-damage|p1a: Annihilape|78\/100\n|-damage|p1a: Annihilape|76\/100\n|-hitcount|p1a: Annihilape|4\n|move|p2a: Slither Wing|Flare Blitz|p1a: Annihilape\n|-damage|p1a: Annihilape|26\/100\n|-status|p1a: Annihilape|brn\n|-damage|p2a: Slither Wing|81\/100|[from] Recoil\n|move|p1a: Annihilape|Drain Punch|p2b: Iron Bundle\n|-supereffective|p2b: Iron Bundle\n|-enditem|p2b: Iron Bundle|Focus Sash\n|-damage|p2b: Iron Bundle|1\/100\n|-heal|p1a: Annihilape|56\/100 brn|[from] drain|[of] p2b: Iron Bundle\n|\n|-heal|p1a: Annihilape|62\/100 brn|[from] item: Leftovers\n|-damage|p1a: Annihilape|56\/100 brn|[from] brn\n|upkeep\n|turn|2\n|inactive|rash001 has 30 seconds left.\n|\n|t:|1682933930\n|move|p1b: Maushold|Follow Me|p1b: Maushold\n|-singleturn|p1b: Maushold|move: Follow Me\n|move|p2b: Iron Bundle|Freeze-Dry|p1b: Maushold\n|-damage|p1b: Maushold|7\/100\n|move|p2a: Slither Wing|Flare Blitz|p1b: Maushold\n|-damage|p1b: Maushold|0 fnt\n|faint|p1b: Maushold\n|-damage|p2a: Slither Wing|79\/100|[from] Recoil\n|move|p1a: Annihilape|Drain Punch|p2a: Slither Wing\n|-resisted|p2a: Slither Wing\n|-damage|p2a: Slither Wing|59\/100\n|-heal|p1a: Annihilape|65\/100 brn|[from] drain|[of] p2a: Slither Wing\n|\n|-heal|p1a: Annihilape|71\/100 brn|[from] item: Leftovers\n|-damage|p1a: Annihilape|65\/100 brn|[from] brn\n|upkeep\n|\n|t:|1682933943\n|switch|p1b: Ting-Lu|Ting-Lu, L50|100\/100\n|-ability|p1b: Ting-Lu|Vessel of Ruin\n|turn|3\n|\n|t:|1682933960\n|-end|p2a: Slither Wing|Protosynthesis|[silent]\n|switch|p2a: Gyarados|Gyarados, L50, F|100\/100\n|-ability|p2a: Gyarados|Intimidate|boost\n|-unboost|p1a: Annihilape|atk|1\n|-ability|p1a: Annihilape|Defiant|boost\n|-boost|p1a: Annihilape|atk|2\n|-unboost|p1b: Ting-Lu|atk|1\n|move|p1a: Annihilape|Protect|p1a: Annihilape\n|-singleturn|p1a: Annihilape|Protect\n|move|p2b: Iron Bundle|Freeze-Dry|p1a: Annihilape\n|-activate|p1a: Annihilape|move: Protect\n|move|p1b: Ting-Lu|Stomping Tantrum|p2b: Iron Bundle\n|-crit|p2b: Iron Bundle\n|-damage|p2b: Iron Bundle|0 fnt\n|faint|p2b: Iron Bundle\n|-end|p2b: Iron Bundle|Quark Drive|[silent]\n|\n|-heal|p1a: Annihilape|71\/100 brn|[from] item: Leftovers\n|-damage|p1a: Annihilape|65\/100 brn|[from] brn\n|upkeep\n|\n|t:|1682933967\n|switch|p2b: Slither Wing|Slither Wing, L50|59\/100\n|turn|4\n|inactive|rash001 has 30 seconds left.\n|\n|t:|1682933997\n|move|p2a: Gyarados|Dragon Dance|p2a: Gyarados\n|-boost|p2a: Gyarados|atk|1\n|-boost|p2a: Gyarados|spe|1\n|move|p2b: Slither Wing|U-turn|p1b: Ting-Lu\n|-supereffective|p1b: Ting-Lu\n|-damage|p1b: Ting-Lu|17\/100\n|\n|t:|1682934002\n|-end|p2b: Slither Wing|Protosynthesis|[silent]\n|switch|p2b: Rotom|Rotom-Wash, L50|100\/100|[from] U-turn\n|move|p1a: Annihilape|Drain Punch|p2a: Gyarados\n|-resisted|p2a: Gyarados\n|-damage|p2a: Gyarados|77\/100\n|-heal|p1a: Annihilape|75\/100 brn|[from] drain|[of] p2a: Gyarados\n|move|p1b: Ting-Lu|Sand Tomb|p2b: Rotom\n|-immune|p2b: Rotom|[from] ability: Levitate\n|\n|-heal|p1a: Annihilape|81\/100 brn|[from] item: Leftovers\n|-damage|p1a: Annihilape|75\/100 brn|[from] brn\n|upkeep\n|turn|5\n|\n|t:|1682934023\n|move|p2a: Gyarados|Earthquake|p1a: Annihilape|[spread] p1a,p1b\n|-immune|p2b: Rotom|[from] ability: Levitate\n|-crit|p1b: Ting-Lu\n|-damage|p1a: Annihilape|43\/100 brn\n|-damage|p1b: Ting-Lu|0 fnt\n|faint|p1b: Ting-Lu\n|move|p2b: Rotom|Hydro Pump|p1a: Annihilape\n|-damage|p1a: Annihilape|0 fnt\n|faint|p1a: Annihilape\n|\n|upkeep\n|-message|rash001 forfeited.\n|\n|win|UltimoRyu\n|raw|rash001's rating: 1030 → 1016<\/strong> (-14 for losing)\n|raw|UltimoRyu's rating: 1038 → 1072<\/strong> (+34 for winning)\n|l|\u2606rash001\n","uploadtime":1682934041,"views":19,"p1id":"rash001","p2id":"ultimoryu","formatid":"gen9vgc2023regulationc","rating":1016,"private":0,"password":""}