{"id":"gen9vgc2023regulationc-1852785843","p1":"jackkkkkkh02","p2":"Catta76","format":"[Gen 9] VGC 2023 Regulation C","log":"|j|\u2606jackkkkkkh02\n|j|\u2606Catta76\n|t:|1682606164\n|gametype|doubles\n|player|p1|jackkkkkkh02|benga|1168\n|player|p2|Catta76|cynthia|1138\n|teamsize|p1|6\n|teamsize|p2|6\n|gen|9\n|tier|[Gen 9] VGC 2023 Regulation C\n|rated|\n|rule|Species Clause: Limit one of each Pok\u00e9mon\n|rule|Item Clause: Limit one of each item\n|clearpoke\n|poke|p1|Flutter Mane, L50|\n|poke|p1|Kingambit, L50, F|\n|poke|p1|Dragonite, L50, F|\n|poke|p1|Great Tusk, L50|\n|poke|p1|Greedent, L50, M|\n|poke|p1|Tatsugiri-Stretchy, L50, M|\n|poke|p2|Ting-Lu, L50|\n|poke|p2|Flutter Mane, L50|\n|poke|p2|Palafin, L50, M|\n|poke|p2|Amoonguss, L50, F|\n|poke|p2|Iron Hands, L50|\n|poke|p2|Arcanine, L50, F|\n|teampreview|4\njackkkkkkh02 rejected open team sheets.\n|\n|t:|1682606195\n|start\n|switch|p1a: Trouble|Great Tusk, L50, shiny|100\/100\n|switch|p1b: Tatsugiri|Tatsugiri-Stretchy, L50, M|100\/100\n|switch|p2a: Ting-Lu|Ting-Lu, L50|100\/100\n|switch|p2b: Arcanine|Arcanine, L50, F|100\/100\n|-ability|p2b: Arcanine|Intimidate|boost\n|-unboost|p1a: Trouble|atk|1\n|-unboost|p1b: Tatsugiri|atk|1\n|-ability|p2a: Ting-Lu|Vessel of Ruin\n|turn|1\n|\n|t:|1682606223\n|move|p1b: Tatsugiri|Helping Hand|p1a: Trouble\n|-singleturn|p1a: Trouble|Helping Hand|[of] p1b: Tatsugiri\n|move|p1a: Trouble|Headlong Rush|p2b: Arcanine\n|-supereffective|p2b: Arcanine\n|-damage|p2b: Arcanine|0 fnt\n|-unboost|p1a: Trouble|def|1\n|-unboost|p1a: Trouble|spd|1\n|faint|p2b: Arcanine\n|move|p2a: Ting-Lu|Fissure|p1b: Tatsugiri|[miss]\n|-miss|p2a: Ting-Lu|p1b: Tatsugiri\n|\n|upkeep\n|\n|t:|1682606235\n|switch|p2b: Iron Hands|Iron Hands, L50|100\/100\n|turn|2\n|\n|t:|1682606243\n|move|p2b: Iron Hands|Fake Out|p1a: Trouble\n|-damage|p1a: Trouble|83\/100\n|cant|p1a: Trouble|flinch\n|move|p1b: Tatsugiri|Substitute|p1b: Tatsugiri\n|-start|p1b: Tatsugiri|Substitute\n|-damage|p1b: Tatsugiri|76\/100\n|move|p2a: Ting-Lu|Stomping Tantrum|p1a: Trouble\n|-damage|p1a: Trouble|6\/100\n|\n|-heal|p1b: Tatsugiri|82\/100|[from] item: Leftovers\n|upkeep\n|turn|3\n|\n|t:|1682606270\n|-terastallize|p2b: Iron Hands|Grass\n|move|p1b: Tatsugiri|Helping Hand|p1a: Trouble\n|-singleturn|p1a: Trouble|Helping Hand|[of] p1b: Tatsugiri\n|move|p1a: Trouble|Headlong Rush|p2b: Iron Hands\n|-resisted|p2b: Iron Hands\n|-damage|p2b: Iron Hands|80\/100\n|-unboost|p1a: Trouble|def|1\n|-unboost|p1a: Trouble|spd|1\n|move|p2b: Iron Hands|Drain Punch|p1a: Trouble\n|-damage|p1a: Trouble|0 fnt\n|-heal|p2b: Iron Hands|82\/100|[from] drain|[of] p1a: Trouble\n|faint|p1a: Trouble\n|-end|p1a: Trouble|Protosynthesis|[silent]\n|move|p2a: Ting-Lu|Stomping Tantrum|p1b: Tatsugiri\n|-end|p1b: Tatsugiri|Substitute\n|\n|-heal|p1b: Tatsugiri|87\/100|[from] item: Leftovers\n|upkeep\n|\n|t:|1682606290\n|switch|p1a: FANCY|Flutter Mane, L50, shiny|100\/100\n|turn|4\n|\n|t:|1682606305\n|move|p1a: FANCY|Moonblast|p2a: Ting-Lu\n|-supereffective|p2a: Ting-Lu\n|-damage|p2a: Ting-Lu|19\/100\n|move|p1b: Tatsugiri|Icy Wind|p2b: Iron Hands|[spread] p2a,p2b\n|-supereffective|p2a: Ting-Lu\n|-supereffective|p2b: Iron Hands\n|-damage|p2a: Ting-Lu|7\/100\n|-damage|p2b: Iron Hands|73\/100\n|-unboost|p2a: Ting-Lu|spe|1\n|-unboost|p2b: Iron Hands|spe|1\n|move|p2b: Iron Hands|Drain Punch|p1b: Tatsugiri\n|-damage|p1b: Tatsugiri|46\/100\n|-heal|p2b: Iron Hands|89\/100|[from] drain|[of] p1b: Tatsugiri\n|move|p2a: Ting-Lu|Heavy Slam|p1a: FANCY\n|-supereffective|p1a: FANCY\n|-damage|p1a: FANCY|0 fnt\n|faint|p1a: FANCY\n|-end|p1a: FANCY|Protosynthesis|[silent]\n|\n|-heal|p1b: Tatsugiri|51\/100|[from] item: Leftovers\n|upkeep\n|\n|t:|1682606319\n|switch|p1a: Gree DONT|Greedent, L50, M, shiny|100\/100\n|turn|5\n|\n|t:|1682606339\n|-terastallize|p1a: Gree DONT|Ghost\n|move|p2a: Ting-Lu|Protect|p2a: Ting-Lu\n|-singleturn|p2a: Ting-Lu|Protect\n|move|p1b: Tatsugiri|Substitute|p1b: Tatsugiri\n|-start|p1b: Tatsugiri|Substitute\n|-damage|p1b: Tatsugiri|27\/100\n|move|p2b: Iron Hands|Drain Punch|p1a: Gree DONT\n|-immune|p1a: Gree DONT\n|move|p1a: Gree DONT|Body Press|p2a: Ting-Lu\n|-activate|p2a: Ting-Lu|move: Protect\n|\n|-heal|p1b: Tatsugiri|32\/100|[from] item: Leftovers\n|upkeep\n|turn|6\n|\n|t:|1682606363\n|move|p1b: Tatsugiri|Icy Wind|p2b: Iron Hands|[spread] p2a,p2b\n|-supereffective|p2a: Ting-Lu\n|-supereffective|p2b: Iron Hands\n|-damage|p2a: Ting-Lu|0 fnt\n|-damage|p2b: Iron Hands|80\/100\n|-unboost|p2b: Iron Hands|spe|1\n|faint|p2a: Ting-Lu\n|move|p2b: Iron Hands|Drain Punch|p1b: Tatsugiri\n|-end|p1b: Tatsugiri|Substitute\n|-heal|p2b: Iron Hands|90\/100|[from] drain|[of] p1b: Tatsugiri\n|move|p1a: Gree DONT|Super Fang|p2b: Iron Hands\n|-damage|p2b: Iron Hands|45\/100\n|\n|-heal|p1b: Tatsugiri|38\/100|[from] item: Leftovers\n|upkeep\n|\n|t:|1682606369\n|switch|p2a: Flutter Mane|Flutter Mane, L50|100\/100\n|-enditem|p2a: Flutter Mane|Booster Energy\n|-activate|p2a: Flutter Mane|ability: Protosynthesis|[fromitem]\n|-start|p2a: Flutter Mane|protosynthesisspe\n|turn|7\n|\n|t:|1682606380\n|move|p2a: Flutter Mane|Shadow Ball|p1a: Gree DONT\n|-supereffective|p1a: Gree DONT\n|-damage|p1a: Gree DONT|34\/100\n|-enditem|p1a: Gree DONT|Sitrus Berry|[eat]\n|-heal|p1a: Gree DONT|58\/100|[from] item: Sitrus Berry\n|-heal|p1a: Gree DONT|92\/100|[from] ability: Cheek Pouch\n|move|p1b: Tatsugiri|Icy Wind|p2b: Iron Hands|[spread] p2a,p2b\n|-supereffective|p2b: Iron Hands\n|-damage|p2a: Flutter Mane|90\/100\n|-damage|p2b: Iron Hands|33\/100\n|-unboost|p2a: Flutter Mane|spe|1\n|-unboost|p2b: Iron Hands|spe|1\n|move|p1a: Gree DONT|Tera Blast|p2a: Flutter Mane\n|-supereffective|p2a: Flutter Mane\n|-crit|p2a: Flutter Mane\n|-damage|p2a: Flutter Mane|0 fnt\n|faint|p2a: Flutter Mane\n|-end|p2a: Flutter Mane|Protosynthesis|[silent]\n|move|p2b: Iron Hands|Wild Charge|p1b: Tatsugiri\n|-damage|p1b: Tatsugiri|0 fnt\n|faint|p1b: Tatsugiri\n|-damage|p2b: Iron Hands|25\/100|[from] Recoil\n|\n|upkeep\n|turn|8\n|c|\u2606jackkkkkkh02|ggs\n|\n|t:|1682606405\n|move|p1a: Gree DONT|Tera Blast|p2b: Iron Hands\n|-damage|p2b: Iron Hands|7\/100\n|move|p2b: Iron Hands|Wild Charge|p1a: Gree DONT\n|-damage|p1a: Gree DONT|54\/100\n|-damage|p2b: Iron Hands|0 fnt|[from] Recoil\n|faint|p2b: Iron Hands\n|-end|p2b: Iron Hands|Quark Drive|[silent]\n|\n|win|jackkkkkkh02\n|raw|jackkkkkkh02's rating: 1168 → 1191<\/strong> (+23 for winning)\n|raw|Catta76's rating: 1138 → 1115<\/strong> (-23 for losing)\n|c|\u2606Catta76|gg\n|l|\u2606Catta76\n|c|\u2606jackkkkkkh02|wp\n","uploadtime":1682606415,"views":14,"p1id":"jackkkkkkh02","p2id":"catta76","formatid":"gen9vgc2023regulationc","rating":1115,"private":0,"password":""}