{"id":"gen9vgc2023regulationc-1851703440","p1":"The Umpire","p2":"DDKK5943","format":"[Gen 9] VGC 2023 Regulation C","log":"|j|\u2606The Umpire\n|j|\u2606DDKK5943\n|t:|1682471972\n|gametype|doubles\n|player|p1|The Umpire|volkner|1765\n|player|p2|DDKK5943|169|1844\n|teamsize|p1|6\n|teamsize|p2|6\n|gen|9\n|tier|[Gen 9] VGC 2023 Regulation C\n|rated|\n|rule|Species Clause: Limit one of each Pok\u00e9mon\n|rule|Item Clause: Limit one of each item\n|clearpoke\n|poke|p1|Iron Bundle, L50|\n|poke|p1|Chi-Yu, L50|\n|poke|p1|Dondozo, L50, M|\n|poke|p1|Tatsugiri, L50, F|\n|poke|p1|Dragonite, L50, M|\n|poke|p1|Glimmora, L50, M|\n|poke|p2|Maushold, L50|\n|poke|p2|Annihilape, L50, F|\n|poke|p2|Iron Bundle, L50|\n|poke|p2|Corviknight, L50, M|\n|poke|p2|Ting-Lu, L50|\n|poke|p2|Flutter Mane, L50|\n|teampreview|4\n|\n|t:|1682471987\n|start\n|switch|p1a: Iron Bundle|Iron Bundle, L50, shiny|100\/100\n|switch|p1b: Dondozo|Dondozo, L50, M, shiny|100\/100\n|switch|p2a: Corviknight|Corviknight, L50, M|100\/100\n|switch|p2b: Ting-Lu|Ting-Lu, L50|100\/100\n|-ability|p2b: Ting-Lu|Vessel of Ruin\n|-enditem|p1a: Iron Bundle|Booster Energy\n|-activate|p1a: Iron Bundle|ability: Quark Drive|[fromitem]\n|-start|p1a: Iron Bundle|quarkdrivespe\n|turn|1\n|\n|t:|1682472003\n|move|p1a: Iron Bundle|Freeze-Dry|p2b: Ting-Lu\n|-supereffective|p2b: Ting-Lu\n|-damage|p2b: Ting-Lu|69\/100\n|move|p2a: Corviknight|Tailwind|p2a: Corviknight\n|-sidestart|p2: DDKK5943|move: Tailwind\n|move|p2b: Ting-Lu|Earthquake|p1a: Iron Bundle|[spread] p1a,p1b\n|-immune|p2a: Corviknight\n|-damage|p1a: Iron Bundle|55\/100\n|-damage|p1b: Dondozo|76\/100\n|move|p1b: Dondozo|Wave Crash|p2b: Ting-Lu\n|-supereffective|p2b: Ting-Lu\n|-damage|p2b: Ting-Lu|9\/100\n|-damage|p1b: Dondozo|54\/100|[from] Recoil\n|\n|-heal|p1b: Dondozo|60\/100|[from] item: Leftovers\n|upkeep\n|turn|2\n|\n|t:|1682472020\n|move|p1a: Iron Bundle|Protect|p1a: Iron Bundle\n|-singleturn|p1a: Iron Bundle|Protect\n|move|p1b: Dondozo|Protect|p1b: Dondozo\n|-singleturn|p1b: Dondozo|Protect\n|move|p2a: Corviknight|Taunt|p1b: Dondozo\n|-activate|p1b: Dondozo|move: Protect\n|move|p2b: Ting-Lu|Rock Slide|p1b: Dondozo|[spread] \n|-activate|p1a: Iron Bundle|move: Protect\n|-activate|p1b: Dondozo|move: Protect\n|\n|-heal|p1b: Dondozo|66\/100|[from] item: Leftovers\n|upkeep\n|turn|3\n|\n|t:|1682472040\n|move|p1a: Iron Bundle|Freeze-Dry|p2b: Ting-Lu\n|-supereffective|p2b: Ting-Lu\n|-damage|p2b: Ting-Lu|0 fnt\n|faint|p2b: Ting-Lu\n|move|p2a: Corviknight|Taunt|p1b: Dondozo\n|-immune|p1b: Dondozo|[from] ability: Oblivious\n|move|p1b: Dondozo|Wave Crash|p2a: Corviknight\n|-damage|p2a: Corviknight|57\/100\n|-damage|p1b: Dondozo|53\/100|[from] Recoil\n|\n|-heal|p1b: Dondozo|59\/100|[from] item: Leftovers\n|upkeep\n|\n|t:|1682472056\n|switch|p2b: Iron Bundle|Iron Bundle, L50|100\/100\n|-enditem|p2b: Iron Bundle|Booster Energy\n|-activate|p2b: Iron Bundle|ability: Quark Drive|[fromitem]\n|-start|p2b: Iron Bundle|quarkdrivespe\n|turn|4\n|\n|t:|1682472066\n|move|p1a: Iron Bundle|Protect|p1a: Iron Bundle\n|-singleturn|p1a: Iron Bundle|Protect\n|move|p2b: Iron Bundle|Freeze-Dry|p1a: Iron Bundle\n|-activate|p1a: Iron Bundle|move: Protect\n|move|p2a: Corviknight|Roost|p2a: Corviknight\n|-heal|p2a: Corviknight|100\/100\n|-singleturn|p2a: Corviknight|move: Roost\n|move|p1b: Dondozo|Wave Crash|p2a: Corviknight\n|-damage|p2a: Corviknight|62\/100\n|-damage|p1b: Dondozo|48\/100|[from] Recoil\n|\n|-heal|p1b: Dondozo|54\/100|[from] item: Leftovers\n|-sideend|p2: DDKK5943|move: Tailwind\n|upkeep\n|turn|5\n|\n|t:|1682472092\n|-end|p1a: Iron Bundle|Quark Drive|[silent]\n|switch|p1a: Tatsugiri|Tatsugiri, L50, F|100\/100\n|-activate|p1a: Tatsugiri|ability: Commander|[of] p1b: Dondozo\n|-boost|p1b: Dondozo|atk|2\n|-boost|p1b: Dondozo|spa|2\n|-boost|p1b: Dondozo|spe|2\n|-boost|p1b: Dondozo|def|2\n|-boost|p1b: Dondozo|spd|2\n|-terastallize|p1b: Dondozo|Grass\n|move|p2b: Iron Bundle|Freeze-Dry|p1b: Dondozo\n|-supereffective|p1b: Dondozo\n|-damage|p1b: Dondozo|24\/100\n|move|p1b: Dondozo|Tera Blast|p2b: Iron Bundle\n|-supereffective|p2b: Iron Bundle\n|-damage|p2b: Iron Bundle|0 fnt\n|faint|p2b: Iron Bundle\n|-end|p2b: Iron Bundle|Quark Drive|[silent]\n|move|p2a: Corviknight|Tailwind|p2a: Corviknight\n|-sidestart|p2: DDKK5943|move: Tailwind\n|\n|-heal|p1b: Dondozo|30\/100|[from] item: Leftovers\n|upkeep\n|\n|t:|1682472101\n|switch|p2b: Annihilape|Annihilape, L50, F|100\/100\n|turn|6\n|\n|t:|1682472119\n|move|p1b: Dondozo|Protect|p1b: Dondozo\n|-singleturn|p1b: Dondozo|Protect\n|move|p2b: Annihilape|Drain Punch|p1b: Dondozo\n|-activate|p1b: Dondozo|move: Protect\n|move|p2a: Corviknight|Brave Bird|p1b: Dondozo\n|-activate|p1b: Dondozo|move: Protect\n|\n|-heal|p1b: Dondozo|36\/100|[from] item: Leftovers\n|upkeep\n|turn|7\n|\n|t:|1682472133\n|move|p2b: Annihilape|Drain Punch|p1b: Dondozo\n|-damage|p1b: Dondozo|24\/100\n|move|p2a: Corviknight|Brave Bird|p1b: Dondozo\n|-supereffective|p1b: Dondozo\n|-damage|p1b: Dondozo|0 fnt\n|faint|p1b: Dondozo\n|-damage|p2a: Corviknight|53\/100|[from] Recoil\n|\n|upkeep\n|\n|t:|1682472142\n|switch|p1b: Iron Bundle|Iron Bundle, L50, shiny|55\/100\n|turn|8\n|\n|t:|1682472152\n|move|p1b: Iron Bundle|Protect|p1b: Iron Bundle\n|-singleturn|p1b: Iron Bundle|Protect\n|move|p2b: Annihilape|Drain Punch|p1b: Iron Bundle\n|-activate|p1b: Iron Bundle|move: Protect\n|move|p2a: Corviknight|Roost|p2a: Corviknight\n|-heal|p2a: Corviknight|100\/100\n|-singleturn|p2a: Corviknight|move: Roost\n|move|p1a: Tatsugiri|Muddy Water|p2a: Corviknight|[spread] p2a,p2b\n|-crit|p2b: Annihilape\n|-damage|p2a: Corviknight|68\/100\n|-damage|p2b: Annihilape|57\/100\n|\n|-heal|p2b: Annihilape|63\/100|[from] item: Leftovers\n|-sideend|p2: DDKK5943|move: Tailwind\n|upkeep\n|turn|9\n|\n|t:|1682472168\n|move|p2b: Annihilape|Protect|p2b: Annihilape\n|-singleturn|p2b: Annihilape|Protect\n|move|p1a: Tatsugiri|Muddy Water|p2a: Corviknight|[spread] p2a\n|-activate|p2b: Annihilape|move: Protect\n|-damage|p2a: Corviknight|36\/100\n|-ability|p2a: Corviknight|Mirror Armor\n|-unboost|p1a: Tatsugiri|accuracy|1\n|move|p1b: Iron Bundle|Freeze-Dry|p2a: Corviknight\n|-damage|p2a: Corviknight|0 fnt\n|faint|p2a: Corviknight\n|\n|-heal|p2b: Annihilape|69\/100|[from] item: Leftovers\n|upkeep\n|turn|10\n|\n|t:|1682472184\n|switch|p1a: Chi-Yu|Chi-Yu, L50|100\/100\n|-ability|p1a: Chi-Yu|Beads of Ruin\n|move|p1b: Iron Bundle|Hydro Pump|p2b: Annihilape|[miss]\n|-miss|p1b: Iron Bundle|p2b: Annihilape\n|move|p2b: Annihilape|Drain Punch|p1b: Iron Bundle\n|-supereffective|p1b: Iron Bundle\n|-damage|p1b: Iron Bundle|0 fnt\n|-heal|p2b: Annihilape|87\/100|[from] drain|[of] p1b: Iron Bundle\n|faint|p1b: Iron Bundle\n|-end|p1b: Iron Bundle|Quark Drive|[silent]\n|\n|-heal|p2b: Annihilape|93\/100|[from] item: Leftovers\n|upkeep\n|\n|t:|1682472189\n|switch|p1b: Tatsugiri|Tatsugiri, L50, F|100\/100\n|turn|11\n|l|\u2606DDKK5943\n|player|p2|\n|inactive|Battle timer is ON: inactive players will automatically lose when time's up. (requested by The Umpire)\n|inactive|DDKK5943 has 30 seconds to reconnect!\n|inactive|DDKK5943 has 20 seconds to reconnect!\n|inactive|DDKK5943 has 15 seconds to reconnect!\n|inactive|DDKK5943 has 10 seconds to reconnect!\n|j|\u2606DDKK5943\n|inactive|DDKK5943 reconnected and has 40 seconds left.\n|player|p2|DDKK5943|169\n|inactive|DDKK5943 has 30 seconds left.\n|\n|t:|1682472276\n|move|p1b: Tatsugiri|Draco Meteor|p2b: Annihilape|[miss]\n|-miss|p1b: Tatsugiri|p2b: Annihilape\n|move|p1a: Chi-Yu|Dark Pulse|p2b: Annihilape\n|-damage|p2b: Annihilape|43\/100\n|move|p2b: Annihilape|Drain Punch|p1a: Chi-Yu\n|-supereffective|p1a: Chi-Yu\n|-enditem|p1a: Chi-Yu|Focus Sash\n|-damage|p1a: Chi-Yu|1\/100\n|-heal|p2b: Annihilape|75\/100|[from] drain|[of] p1a: Chi-Yu\n|\n|-heal|p2b: Annihilape|81\/100|[from] item: Leftovers\n|upkeep\n|turn|12\n|\n|t:|1682472296\n|move|p2b: Annihilape|Protect|p2b: Annihilape\n|-singleturn|p2b: Annihilape|Protect\n|move|p1b: Tatsugiri|Draco Meteor|p2b: Annihilape\n|-activate|p2b: Annihilape|move: Protect\n|move|p1a: Chi-Yu|Dark Pulse|p2b: Annihilape\n|-activate|p2b: Annihilape|move: Protect\n|\n|-heal|p2b: Annihilape|87\/100|[from] item: Leftovers\n|upkeep\n|turn|13\n|\n|t:|1682472305\n|move|p1b: Tatsugiri|Draco Meteor|p2b: Annihilape\n|-damage|p2b: Annihilape|16\/100\n|-unboost|p1b: Tatsugiri|spa|2\n|move|p1a: Chi-Yu|Dark Pulse|p2b: Annihilape\n|-damage|p2b: Annihilape|0 fnt\n|faint|p2b: Annihilape\n|\n|win|The Umpire\n|raw|The Umpire's rating: 1765 → 1789<\/strong> (+24 for winning)\n|raw|DDKK5943's rating: 1844 → 1820<\/strong> (-24 for losing)\n|l|\u2606DDKK5943\n|l|\u2606The Umpire\n","uploadtime":1682472318,"views":29,"p1id":"theumpire","p2id":"ddkk5943","formatid":"gen9vgc2023regulationc","rating":1789,"private":0,"password":""}