{"id":"gen9vgc2023regulationc-1847824893","p1":"LordSno","p2":"burger_borglar","format":"[Gen 9] VGC 2023 Regulation C","log":"|j|\u2606LordSno\n|j|\u2606burger_borglar\n|t:|1682005032\n|gametype|doubles\n|player|p1|LordSno|102|1220\n|player|p2|burger_borglar|hilbert|1120\n|teamsize|p1|6\n|teamsize|p2|6\n|gen|9\n|tier|[Gen 9] VGC 2023 Regulation C\n|rated|\n|rule|Species Clause: Limit one of each Pok\u00e9mon\n|rule|Item Clause: Limit one of each item\n|clearpoke\n|poke|p1|Chi-Yu, L50|\n|poke|p1|Flutter Mane, L50|\n|poke|p1|Torkoal, L50, M|\n|poke|p1|Jumpluff, L50, F|\n|poke|p1|Great Tusk, L50|\n|poke|p1|Wo-Chien, L50|\n|poke|p2|Iron Moth, L50|\n|poke|p2|Wo-Chien, L50|\n|poke|p2|Venomoth, L50, M|\n|poke|p2|Tyranitar, L50, F|\n|poke|p2|Corviknight, L50, M|\n|poke|p2|Tauros-Paldea-Aqua, L50, M|\n|teampreview|4\n|c|\u2606burger_borglar|glhf\n|\n|t:|1682005068\n|start\n|switch|p1a: Jumpluff|Jumpluff, L50, F|100\/100\n|switch|p1b: Wo-Chien|Wo-Chien, L50|100\/100\n|switch|p2a: Iron Moth|Iron Moth, L50|100\/100\n|switch|p2b: Venomoth|Venomoth, L50, M|100\/100\n|-ability|p1b: Wo-Chien|Tablets of Ruin\n|-enditem|p2a: Iron Moth|Booster Energy\n|-activate|p2a: Iron Moth|ability: Quark Drive|[fromitem]\n|-start|p2a: Iron Moth|quarkdrivespe\n|turn|1\n|inactive|Battle timer is ON: inactive players will automatically lose when time's up. (requested by LordSno)\n|\n|t:|1682005087\n|switch|p1b: Torkoal|Torkoal, L50, M|100\/100\n|-weather|SunnyDay|[from] ability: Drought|[of] p1b: Torkoal\n|move|p1a: Jumpluff|Sleep Powder|p2a: Iron Moth\n|-status|p2a: Iron Moth|slp|[from] move: Sleep Powder\n|cant|p2a: Iron Moth|slp\n|move|p2b: Venomoth|Quiver Dance|p2b: Venomoth\n|-boost|p2b: Venomoth|spa|1\n|-boost|p2b: Venomoth|spd|1\n|-boost|p2b: Venomoth|spe|1\n|\n|-weather|SunnyDay|[upkeep]\n|upkeep\n|turn|2\n|inactive|burger_borglar has 30 seconds left.\n|\n|t:|1682005118\n|-terastallize|p2b: Venomoth|Water\n|move|p1a: Jumpluff|Sleep Powder|p2b: Venomoth|[miss]\n|-miss|p1a: Jumpluff|p2b: Venomoth\n|cant|p2a: Iron Moth|slp\n|move|p2b: Venomoth|Bug Buzz|p1b: Torkoal\n|-resisted|p1b: Torkoal\n|-damage|p1b: Torkoal|26\/100\n|move|p1b: Torkoal|Overheat|p2b: Venomoth\n|-resisted|p2b: Venomoth\n|-damage|p2b: Venomoth|57\/100\n|-unboost|p1b: Torkoal|spa|2\n|-enditem|p1b: Torkoal|Eject Pack\n|\n|t:|1682005124\n|switch|p1b: Great Tusk|Great Tusk, L50|100\/100\n|-activate|p1b: Great Tusk|ability: Protosynthesis\n|-start|p1b: Great Tusk|protosynthesisatk\n|\n|-weather|SunnyDay|[upkeep]\n|upkeep\n|turn|3\n|inactive|burger_borglar has 30 seconds left.\n|\n|t:|1682005149\n|move|p1a: Jumpluff|Tailwind|p1a: Jumpluff\n|-sidestart|p1: LordSno|move: Tailwind\n|move|p1b: Great Tusk|Headlong Rush|p2a: Iron Moth\n|-supereffective|p2a: Iron Moth\n|-damage|p2a: Iron Moth|0 fnt\n|-unboost|p1b: Great Tusk|def|1\n|-unboost|p1b: Great Tusk|spd|1\n|faint|p2a: Iron Moth\n|-end|p2a: Iron Moth|Quark Drive|[silent]\n|move|p2b: Venomoth|Bug Buzz|p1b: Great Tusk\n|-resisted|p1b: Great Tusk\n|-damage|p1b: Great Tusk|0 fnt\n|faint|p1b: Great Tusk\n|-end|p1b: Great Tusk|Protosynthesis|[silent]\n|\n|-weather|SunnyDay|[upkeep]\n|upkeep\n|\n|t:|1682005167\n|switch|p2a: Tyranitar|Tyranitar, L50, F|100\/100\n|switch|p1b: Wo-Chien|Wo-Chien, L50|100\/100\n|-ability|p1b: Wo-Chien|Tablets of Ruin\n|-weather|Sandstorm|[from] ability: Sand Stream|[of] p2a: Tyranitar\n|turn|4\n|\n|t:|1682005188\n|move|p1a: Jumpluff|Sleep Powder|p2a: Tyranitar\n|-status|p2a: Tyranitar|slp|[from] move: Sleep Powder\n|move|p2b: Venomoth|Bug Buzz|p1a: Jumpluff\n|-damage|p1a: Jumpluff|41\/100\n|move|p1b: Wo-Chien|Leech Seed|p2b: Venomoth\n|-start|p2b: Venomoth|move: Leech Seed\n|cant|p2a: Tyranitar|slp\n|\n|-weather|Sandstorm|[upkeep]\n|-damage|p1a: Jumpluff|35\/100|[from] Sandstorm\n|-damage|p2b: Venomoth|51\/100|[from] Sandstorm\n|-damage|p1b: Wo-Chien|94\/100|[from] Sandstorm\n|-heal|p1b: Wo-Chien|100\/100|[from] item: Leftovers\n|-damage|p2b: Venomoth|38\/100|[from] Leech Seed|[of] p1b: Wo-Chien\n|upkeep\n|turn|5\n|\n|t:|1682005208\n|switch|p1a: Torkoal|Torkoal, L50, M|26\/100\n|-weather|SunnyDay|[from] ability: Drought|[of] p1a: Torkoal\n|-terastallize|p1b: Wo-Chien|Fire\n|move|p2b: Venomoth|Bug Buzz|p1b: Wo-Chien\n|-resisted|p1b: Wo-Chien\n|-damage|p1b: Wo-Chien|70\/100\n|move|p1b: Wo-Chien|Leech Seed|p2a: Tyranitar\n|-start|p2a: Tyranitar|move: Leech Seed\n|cant|p2a: Tyranitar|slp\n|\n|-weather|SunnyDay|[upkeep]\n|-heal|p1b: Wo-Chien|77\/100|[from] item: Leftovers\n|-damage|p2b: Venomoth|26\/100|[from] Leech Seed|[of] p1b: Wo-Chien\n|-heal|p1b: Wo-Chien|86\/100|[silent]\n|-damage|p2a: Tyranitar|88\/100 slp|[from] Leech Seed|[of] p1b: Wo-Chien\n|-heal|p1b: Wo-Chien|99\/100|[silent]\n|upkeep\n|turn|6\n|inactive|burger_borglar has 30 seconds left.\n|\n|t:|1682005237\n|switch|p2a: Tauros|Tauros-Paldea-Aqua, L50, M|100\/100\n|-ability|p2a: Tauros|Intimidate|boost\n|-unboost|p1a: Torkoal|atk|1\n|-unboost|p1b: Wo-Chien|atk|1\n|move|p2b: Venomoth|Bug Buzz|p1a: Torkoal\n|-resisted|p1a: Torkoal\n|-damage|p1a: Torkoal|0 fnt\n|faint|p1a: Torkoal\n|move|p1b: Wo-Chien|Giga Drain|p2a: Tauros\n|-supereffective|p2a: Tauros\n|-damage|p2a: Tauros|54\/100\n|-heal|p1b: Wo-Chien|100\/100|[from] drain|[of] p2a: Tauros\n|\n|-weather|SunnyDay|[upkeep]\n|-damage|p2b: Venomoth|14\/100|[from] Leech Seed|[of] p1b: Wo-Chien\n|-sideend|p1: LordSno|move: Tailwind\n|upkeep\n|\n|t:|1682005244\n|switch|p1a: Jumpluff|Jumpluff, L50, F|35\/100\n|turn|7\n|\n|t:|1682005263\n|switch|p2a: Tyranitar|Tyranitar, L50, F|88\/100 slp\n|-weather|Sandstorm|[from] ability: Sand Stream|[of] p2a: Tyranitar\n|move|p2b: Venomoth|Rage Powder|p2b: Venomoth\n|-singleturn|p2b: Venomoth|move: Rage Powder\n|move|p1a: Jumpluff|Tailwind|p1a: Jumpluff\n|-sidestart|p1: LordSno|move: Tailwind\n|move|p1b: Wo-Chien|Leech Seed||[still]\n|-fail|p1b: Wo-Chien\n|\n|-weather|Sandstorm|[upkeep]\n|-damage|p1a: Jumpluff|29\/100|[from] Sandstorm\n|-damage|p2b: Venomoth|7\/100|[from] Sandstorm\n|-damage|p1b: Wo-Chien|94\/100|[from] Sandstorm\n|-heal|p1b: Wo-Chien|100\/100|[from] item: Leftovers\n|-damage|p2b: Venomoth|0 fnt|[from] Leech Seed|[of] p1b: Wo-Chien\n|faint|p2b: Venomoth\n|upkeep\n|\n|t:|1682005278\n|switch|p2b: Tauros|Tauros-Paldea-Aqua, L50, M|54\/100\n|-ability|p2b: Tauros|Intimidate|boost\n|-unboost|p1a: Jumpluff|atk|1\n|-unboost|p1b: Wo-Chien|atk|1\n|turn|8\n|\n|t:|1682005299\n|move|p2b: Tauros|Aqua Jet|p1a: Jumpluff\n|-resisted|p1a: Jumpluff\n|-damage|p1a: Jumpluff|19\/100\n|move|p1a: Jumpluff|Strength Sap|p2b: Tauros\n|-unboost|p2b: Tauros|atk|1\n|-heal|p1a: Jumpluff|100\/100\n|move|p1b: Wo-Chien|Giga Drain|p2b: Tauros\n|-supereffective|p2b: Tauros\n|-damage|p2b: Tauros|2\/100\n|cant|p2a: Tyranitar|slp\n|\n|-weather|Sandstorm|[upkeep]\n|-damage|p1a: Jumpluff|94\/100|[from] Sandstorm\n|-damage|p1b: Wo-Chien|94\/100|[from] Sandstorm\n|-damage|p2b: Tauros|0 fnt|[from] Sandstorm\n|faint|p2b: Tauros\n|-heal|p1b: Wo-Chien|100\/100|[from] item: Leftovers\n|upkeep\n|turn|9\n|c|\u2606burger_borglar|ggs\n|-message|burger_borglar forfeited.\n|\n|win|LordSno\n|raw|LordSno's rating: 1220 → 1238<\/strong> (+18 for winning)\n|raw|burger_borglar's rating: 1120 → 1102<\/strong> (-18 for losing)\n|l|\u2606burger_borglar\n","uploadtime":1682005336,"views":10,"p1id":"lordsno","p2id":"burgerborglar","formatid":"gen9vgc2023regulationc","rating":1102,"private":0,"password":""}