{"id":"gen9vgc2023regulationc-1850434946","p1":"hysaaron","p2":"PackEmUpBoys","format":"[Gen 9] VGC 2023 Regulation C","log":"|j|\u2606hysaaron\n|j|\u2606PackEmUpBoys\n|t:|1682336319\n|gametype|doubles\n|player|p1|hysaaron|169|1165\n|player|p2|PackEmUpBoys|1|1253\n|teamsize|p1|6\n|teamsize|p2|6\n|gen|9\n|tier|[Gen 9] VGC 2023 Regulation C\n|rated|\n|rule|Species Clause: Limit one of each Pok\u00e9mon\n|rule|Item Clause: Limit one of each item\n|clearpoke\n|poke|p1|Talonflame, L50, F|\n|poke|p1|Gholdengo, L50|\n|poke|p1|Great Tusk, L50|\n|poke|p1|Gyarados, L50, M|\n|poke|p1|Amoonguss, L50, F|\n|poke|p1|Ting-Lu, L50|\n|poke|p2|Ceruledge, L50, M|\n|poke|p2|Iron Bundle, L50|\n|poke|p2|Ditto, L50|\n|poke|p2|Scizor, L50, F|\n|poke|p2|Chien-Pao, L50|\n|poke|p2|Chi-Yu, L50|\n|teampreview|4\n|inactive|Battle timer is ON: inactive players will automatically lose when time's up. (requested by hysaaron)\n|inactive|hysaaron has 60 seconds left.\n|inactive|PackEmUpBoys has 60 seconds left.\n|\n|t:|1682336360\n|start\n|switch|p1a: Talonflame|Talonflame, L50, F, shiny|100\/100\n|switch|p1b: Great Tusk|Great Tusk, L50, shiny|100\/100\n|switch|p2a: arc9 users are gay|Iron Bundle, L50, shiny|100\/100\n|switch|p2b: im lgbt|Ditto, L50, shiny|100\/100\n|-transform|p2b: im lgbt|p1a: Talonflame|[from] ability: Imposter\n|turn|1\n|inactive|hysaaron has 30 seconds left.\n|inactive|PackEmUpBoys has 30 seconds left.\n|\n|t:|1682336391\n|-terastallize|p1b: Great Tusk|Fire\n|move|p1a: Talonflame|Tailwind|p1a: Talonflame\n|-sidestart|p1: hysaaron|move: Tailwind\n|move|p2b: im lgbt|Tailwind|p2b: im lgbt\n|-sidestart|p2: PackEmUpBoys|move: Tailwind\n|move|p1b: Great Tusk|Rock Slide|p2b: im lgbt|[spread] p2a,p2b\n|-supereffective|p2a: arc9 users are gay\n|-supereffective|p2b: im lgbt\n|-damage|p2a: arc9 users are gay|44\/100\n|-damage|p2b: im lgbt|0 fnt\n|faint|p2b: im lgbt\n|move|p2a: arc9 users are gay|Hydro Pump|p1b: Great Tusk\n|-supereffective|p1b: Great Tusk\n|-damage|p1b: Great Tusk|0 fnt\n|faint|p1b: Great Tusk\n|-end|p1b: Great Tusk|Protosynthesis|[silent]\n|\n|upkeep\n|l|\u2606hysaaron\n|inactive|hysaaron disconnected and has a minute to reconnect!\n|player|p1|\n|inactive|hysaaron has 30 seconds left.\n|c|\u2606PackEmUpBoys|???\n|inactive|hysaaron has 20 seconds left.\n|inactive|hysaaron has 15 seconds left.\n|inactive|hysaaron has 10 seconds left.\n|j|\u2606hysaaron\n|inactive|hysaaron reconnected and has 10 seconds left.\n|player|p1|hysaaron|169\n|inactive|hysaaron has 5 seconds left.\n|\n|t:|1682336443\n|switch|p1b: Gholdengo|Gholdengo, L50|100\/100\n|switch|p2b: qia|Chi-Yu, L50|100\/100\n|-ability|p2b: qia|Beads of Ruin\n|turn|2\n|inactive|hysaaron has 30 seconds left.\n|\n|t:|1682336475\n|-terastallize|p2b: qia|Dark\n|move|p1b: Gholdengo|Protect|p1b: Gholdengo\n|-singleturn|p1b: Gholdengo|Protect\n|move|p1a: Talonflame|Brave Bird|p2a: arc9 users are gay\n|-damage|p2a: arc9 users are gay|0 fnt\n|faint|p2a: arc9 users are gay\n|-end|p2a: arc9 users are gay|Quark Drive|[silent]\n|-damage|p1a: Talonflame|90\/100|[from] Recoil\n|move|p2b: qia|Dark Pulse|p1b: Gholdengo\n|-activate|p1b: Gholdengo|move: Protect\n|\n|upkeep\n|\n|t:|1682336481\n|switch|p2a: lgbt|Chien-Pao, L50|100\/100\n|-ability|p2a: lgbt|Sword of Ruin\n|turn|3\n|\n|t:|1682336499\n|switch|p1b: Ting-Lu|Ting-Lu, L50|100\/100\n|-ability|p1b: Ting-Lu|Vessel of Ruin\n|move|p2a: lgbt|Crunch|p1a: Talonflame\n|-damage|p1a: Talonflame|25\/100\n|move|p2b: qia|Dark Pulse|p1b: Ting-Lu\n|-resisted|p1b: Ting-Lu\n|-damage|p1b: Ting-Lu|88\/100\n|move|p1a: Talonflame|Will-O-Wisp|p2a: lgbt|[miss]\n|-miss|p1a: Talonflame|p2a: lgbt\n|\n|upkeep\n|turn|4\n|inactive|hysaaron has 30 seconds left.\n|inactive|hysaaron has 20 seconds left.\n|\n|t:|1682336534\n|move|p2a: lgbt|Ice Spinner|p1b: Ting-Lu\n|-supereffective|p1b: Ting-Lu\n|-damage|p1b: Ting-Lu|19\/100\n|move|p2b: qia|Dark Pulse|p1a: Talonflame\n|-damage|p1a: Talonflame|0 fnt\n|faint|p1a: Talonflame\n|move|p1b: Ting-Lu|Bulldoze|p2b: qia|[spread] p2a,p2b\n|-damage|p2a: lgbt|68\/100\n|-damage|p2b: qia|51\/100\n|-unboost|p2a: lgbt|spe|1\n|-unboost|p2b: qia|spe|1\n|\n|-sideend|p1: hysaaron|move: Tailwind\n|-sideend|p2: PackEmUpBoys|move: Tailwind\n|upkeep\n|\n|t:|1682336547\n|switch|p1a: Gholdengo|Gholdengo, L50|100\/100\n|turn|5\n|\n|t:|1682336559\n|move|p1a: Gholdengo|Protect|p1a: Gholdengo\n|-singleturn|p1a: Gholdengo|Protect\n|move|p2a: lgbt|Sucker Punch||[still]\n|-fail|p2a: lgbt\n|move|p2b: qia|Heat Wave|p1a: Gholdengo|[spread] p1b\n|-activate|p1a: Gholdengo|move: Protect\n|-damage|p1b: Ting-Lu|1\/100\n|move|p1b: Ting-Lu|Bulldoze|p2a: lgbt|[spread] p2a,p2b\n|-activate|p1a: Gholdengo|move: Protect\n|-crit|p2b: qia\n|-damage|p2a: lgbt|39\/100\n|-damage|p2b: qia|0 fnt\n|-unboost|p2a: lgbt|spe|1\n|faint|p2b: qia\n|\n|upkeep\n|turn|6\n|l|\u2606hysaaron\n|inactive|hysaaron disconnected and has a minute to reconnect!\n|player|p1|\n|inactive|hysaaron has 30 seconds left.\n|j|\u2606hysaaron\n|inactive|hysaaron reconnected and has 30 seconds left.\n|player|p1|hysaaron|169\n|\n|t:|1682336591\n|move|p2a: lgbt|Sucker Punch||[still]\n|-fail|p2a: lgbt\n|move|p1a: Gholdengo|Nasty Plot|p1a: Gholdengo\n|-boost|p1a: Gholdengo|spa|2\n|move|p1b: Ting-Lu|Stomping Tantrum|p2a: lgbt\n|-damage|p2a: lgbt|0 fnt\n|faint|p2a: lgbt\n|\n|win|hysaaron\n|raw|hysaaron's rating: 1165 → 1195<\/strong> (+30 for winning)\n|raw|PackEmUpBoys's rating: 1232 → 1202<\/strong> (-30 for losing)\n|l|\u2606PackEmUpBoys\n","uploadtime":1682336602,"views":21,"p1id":"hysaaron","p2id":"packemupboys","formatid":"gen9vgc2023regulationc","rating":1195,"private":0,"password":""}