{"id":"gen9vgc2023regulationc-1857981356","p1":"zumjpg","p2":"furiousduffman","format":"[Gen 9] VGC 2023 Regulation C","log":"|j|\u2606zumjpg\n|j|\u2606furiousduffman\n|t:|1683255447\n|gametype|doubles\n|player|p1|zumjpg|169|1242\n|player|p2|furiousduffman|170|1208\n|teamsize|p1|6\n|teamsize|p2|6\n|gen|9\n|tier|[Gen 9] VGC 2023 Regulation C\n|rated|\n|rule|Species Clause: Limit one of each Pok\u00e9mon\n|rule|Item Clause: Limit one of each item\n|clearpoke\n|poke|p1|Wo-Chien, L50|\n|poke|p1|Ting-Lu, L50|\n|poke|p1|Palafin, L50, F|\n|poke|p1|Flutter Mane, L50|\n|poke|p1|Baxcalibur, L50, F|\n|poke|p1|Chi-Yu, L50|\n|poke|p2|Tatsugiri, L50, F|\n|poke|p2|Dondozo, L50, F|\n|poke|p2|Glimmora, L50, M|\n|poke|p2|Flutter Mane, L50|\n|poke|p2|Amoonguss, L50, F|\n|poke|p2|Arcanine, L50, M|\n|teampreview|4\n|inactive|Battle timer is ON: inactive players will automatically lose when time's up. (requested by furiousduffman)\n|inactive|furiousduffman has 60 seconds left.\n|\n|t:|1683255480\n|start\n|switch|p1a: Wo-Chien|Wo-Chien, L50|100\/100\n|switch|p1b: Palafin|Palafin, L50, F|100\/100\n|switch|p2a: Glimmora|Glimmora, L50, M|100\/100\n|switch|p2b: Dondozo|Dondozo, L50, F|100\/100\n|-ability|p1a: Wo-Chien|Tablets of Ruin\n|turn|1\n|inactive|zumjpg has 30 seconds left.\n|\n|t:|1683255506\n|detailschange|p1b: Palafin|Palafin-Hero, L50, F\n|switch|p1b: Ting-Lu|Ting-Lu, L50|100\/100\n|-ability|p1b: Ting-Lu|Vessel of Ruin\n|switch|p2b: Tatsugiri|Tatsugiri, L50, F|100\/100\n|-terastallize|p2a: Glimmora|Flying\n|move|p2a: Glimmora|Mortal Spin|p1b: Ting-Lu|[spread] p1a,p1b\n|-supereffective|p1a: Wo-Chien\n|-resisted|p1b: Ting-Lu\n|-damage|p1a: Wo-Chien|96\/100\n|-damage|p1b: Ting-Lu|99\/100\n|-status|p1a: Wo-Chien|psn\n|-status|p1b: Ting-Lu|psn\n|move|p1a: Wo-Chien|Leech Seed|p2b: Tatsugiri|[miss]\n|-miss|p1a: Wo-Chien|p2b: Tatsugiri\n|\n|-heal|p1a: Wo-Chien|100\/100 psn|[from] item: Leftovers\n|-damage|p1a: Wo-Chien|88\/100 psn|[from] psn\n|-damage|p1b: Ting-Lu|87\/100 psn|[from] psn\n|upkeep\n|turn|2\n|inactive|furiousduffman has 30 seconds left.\n|\n|t:|1683255537\n|move|p2b: Tatsugiri|Muddy Water|p1b: Ting-Lu|[spread] p1a,p1b\n|-resisted|p1a: Wo-Chien\n|-supereffective|p1b: Ting-Lu\n|-damage|p1a: Wo-Chien|75\/100 psn\n|-damage|p1b: Ting-Lu|34\/100 psn\n|-unboost|p1a: Wo-Chien|accuracy|1\n|move|p2a: Glimmora|Venoshock|p1a: Wo-Chien\n|-supereffective|p1a: Wo-Chien\n|-damage|p1a: Wo-Chien|18\/100 psn\n|move|p1a: Wo-Chien|Leech Seed|p2a: Glimmora\n|-start|p2a: Glimmora|move: Leech Seed\n|move|p1b: Ting-Lu|Stomping Tantrum|p2a: Glimmora\n|-immune|p2a: Glimmora\n|\n|-heal|p1a: Wo-Chien|24\/100 psn|[from] item: Leftovers\n|-damage|p2a: Glimmora|88\/100|[from] Leech Seed|[of] p1a: Wo-Chien\n|-heal|p1a: Wo-Chien|36\/100 psn|[silent]\n|-damage|p1a: Wo-Chien|24\/100 psn|[from] psn\n|-damage|p1b: Ting-Lu|22\/100 psn|[from] psn\n|upkeep\n|turn|3\n|\n|t:|1683255561\n|move|p1a: Wo-Chien|Protect|p1a: Wo-Chien\n|-singleturn|p1a: Wo-Chien|Protect\n|move|p2b: Tatsugiri|Muddy Water|p1a: Wo-Chien|[spread] p1b\n|-activate|p1a: Wo-Chien|move: Protect\n|-supereffective|p1b: Ting-Lu\n|-damage|p1b: Ting-Lu|0 fnt\n|faint|p1b: Ting-Lu\n|move|p2a: Glimmora|Reflect|p2a: Glimmora\n|-sidestart|p2: furiousduffman|Reflect\n|\n|-heal|p1a: Wo-Chien|30\/100 psn|[from] item: Leftovers\n|-damage|p2a: Glimmora|76\/100|[from] Leech Seed|[of] p1a: Wo-Chien\n|-heal|p1a: Wo-Chien|42\/100 psn|[silent]\n|-damage|p1a: Wo-Chien|30\/100 psn|[from] psn\n|upkeep\n|\n|t:|1683255573\n|switch|p1b: Flutter Mane|Flutter Mane, L50, shiny|100\/100\n|turn|4\n|\n|t:|1683255597\n|switch|p1a: Palafin|Palafin-Hero, L50, F|100\/100\n|-activate|p1a: Palafin|ability: Zero to Hero\n|-terastallize|p1b: Flutter Mane|Fairy\n|move|p1b: Flutter Mane|Moonblast|p2a: Glimmora\n|-damage|p2a: Glimmora|0 fnt\n|faint|p2a: Glimmora\n|move|p2b: Tatsugiri|Muddy Water|p1a: Palafin|[spread] p1a,p1b\n|-resisted|p1a: Palafin\n|-damage|p1a: Palafin|77\/100\n|-damage|p1b: Flutter Mane|50\/100\n|\n|upkeep\n|\n|t:|1683255612\n|switch|p2a: Flutter Mane|Flutter Mane, L50|100\/100\n|turn|5\n|\n|t:|1683255619\n|-end|p1b: Flutter Mane|Protosynthesis|[silent]\n|switch|p1b: Wo-Chien|Wo-Chien, L50|30\/100 psn\n|-ability|p1b: Wo-Chien|Tablets of Ruin\n|move|p2a: Flutter Mane|Hex|p1b: Wo-Chien\n|-resisted|p1b: Wo-Chien\n|-damage|p1b: Wo-Chien|0 fnt\n|faint|p1b: Wo-Chien\n|-damage|p2a: Flutter Mane|91\/100|[from] item: Life Orb\n|move|p2b: Tatsugiri|Muddy Water|p1a: Palafin\n|-resisted|p1a: Palafin\n|-damage|p1a: Palafin|44\/100\n|move|p1a: Palafin|Wave Crash|p2b: Tatsugiri\n|-activate|p2b: Tatsugiri|ability: Storm Drain\n|-ability|p2b: Tatsugiri|Storm Drain|boost\n|-boost|p2b: Tatsugiri|spa|1\n|\n|upkeep\n|\n|t:|1683255637\n|switch|p1b: Flutter Mane|Flutter Mane, L50, shiny, tera:Fairy|50\/100\n|turn|6\n|\n|t:|1683255654\n|move|p1b: Flutter Mane|Dazzling Gleam|p2b: Tatsugiri|[spread] p2a,p2b\n|-supereffective|p2b: Tatsugiri\n|-damage|p2a: Flutter Mane|23\/100\n|-damage|p2b: Tatsugiri|0 fnt\n|faint|p2b: Tatsugiri\n|move|p2a: Flutter Mane|Energy Ball|p1a: Palafin\n|-supereffective|p1a: Palafin\n|-damage|p1a: Palafin|0 fnt\n|faint|p1a: Palafin\n|-damage|p2a: Flutter Mane|13\/100|[from] item: Life Orb\n|\n|upkeep\n|\n|t:|1683255661\n|switch|p2b: Dondozo|Dondozo, L50, F|100\/100\n|turn|7\n|\n|t:|1683255667\n|move|p2a: Flutter Mane|Hex|p1b: Flutter Mane\n|-damage|p1b: Flutter Mane|0 fnt\n|faint|p1b: Flutter Mane\n|-end|p1b: Flutter Mane|Protosynthesis|[silent]\n|-damage|p2a: Flutter Mane|4\/100|[from] item: Life Orb\n|\n|win|furiousduffman\n|raw|zumjpg's rating: 1242 → 1215<\/strong> (-27 for losing)\n|raw|furiousduffman's rating: 1208 → 1235<\/strong> (+27 for winning)\n","uploadtime":1683255674,"views":14,"p1id":"zumjpg","p2id":"furiousduffman","formatid":"gen9vgc2023regulationc","rating":1215,"private":0,"password":""}