{"id":"gen9vgc2023regulationc-1849502249","p1":"duconjo","p2":"Izzywooperstan","format":"[Gen 9] VGC 2023 Regulation C","log":"|j|\u2606duconjo\n|j|\u2606Izzywooperstan\n|t:|1682206098\n|gametype|doubles\n|player|p1|duconjo|169|1204\n|player|p2|Izzywooperstan|lady|1186\n|teamsize|p1|6\n|teamsize|p2|6\n|gen|9\n|tier|[Gen 9] VGC 2023 Regulation C\n|rated|\n|rule|Species Clause: Limit one of each Pok\u00e9mon\n|rule|Item Clause: Limit one of each item\n|clearpoke\n|poke|p1|Garganacl, L50, F|\n|poke|p1|Amoonguss, L50, F|\n|poke|p1|Roaring Moon, L50|\n|poke|p1|Arcanine, L50, M|\n|poke|p1|Flutter Mane, L50|\n|poke|p1|Iron Hands, L50|\n|poke|p2|Flutter Mane, L50|\n|poke|p2|Arcanine, L50, F|\n|poke|p2|Tsareena, L50, F|\n|poke|p2|Kingambit, L50, M|\n|poke|p2|Great Tusk, L50|\n|poke|p2|Palafin, L50, F|\n|teampreview|4\n|inactive|Battle timer is ON: inactive players will automatically lose when time's up. (requested by duconjo)\n|inactive|Izzywooperstan has 60 seconds left.\n|inactive|duconjo has 60 seconds left.\nduconjo rejected open team sheets.\n|inactive|Izzywooperstan has 30 seconds left.\n|\n|t:|1682206159\n|start\n|switch|p1a: Garganacl|Garganacl, L50, F|100\/100\n|switch|p1b: Iron Hands|Iron Hands, L50|100\/100\n|switch|p2a: Nixon|Palafin, L50, F|100\/100\n|switch|p2b: Fillmore|Arcanine, L50, F|100\/100\n|-ability|p2b: Fillmore|Intimidate|boost\n|-unboost|p1a: Garganacl|atk|1\n|-unboost|p1b: Iron Hands|atk|1\n|turn|1\n|\n|t:|1682206176\n|detailschange|p2a: Nixon|Palafin-Hero, L50, F\n|switch|p2a: Pierce|Tsareena, L50, F|100\/100\n|move|p1b: Iron Hands|Fake Out||[still]\n|cant|p2a: Pierce|ability: Queenly Majesty|Fake Out|[of] p1b: Iron Hands\n|move|p2b: Fillmore|Will-O-Wisp|p1b: Iron Hands|[miss]\n|-miss|p2b: Fillmore|p1b: Iron Hands\n|move|p1a: Garganacl|Salt Cure|p2a: Pierce\n|-damage|p2a: Pierce|90\/100\n|-start|p2a: Pierce|Salt Cure\n|\n|-damage|p2a: Pierce|78\/100|[from] Salt Cure\n|upkeep\n|turn|2\n|inactive|Izzywooperstan has 30 seconds left.\n|\n|t:|1682206201\n|-end|p1b: Iron Hands|Quark Drive|[silent]\n|switch|p1b: Amoonguss|Amoonguss, L50, F|100\/100\n|move|p2a: Pierce|Seed Bomb|p1a: Garganacl\n|-supereffective|p1a: Garganacl\n|-damage|p1a: Garganacl|48\/100\n|move|p2b: Fillmore|Close Combat|p1a: Garganacl\n|-supereffective|p1a: Garganacl\n|-damage|p1a: Garganacl|2\/100\n|-unboost|p2b: Fillmore|def|1\n|-unboost|p2b: Fillmore|spd|1\n|move|p1a: Garganacl|Salt Cure|p2b: Fillmore\n|-supereffective|p2b: Fillmore\n|-damage|p2b: Fillmore|72\/100\n|-start|p2b: Fillmore|Salt Cure\n|\n|-heal|p1a: Garganacl|8\/100|[from] item: Leftovers\n|-damage|p2a: Pierce|65\/100|[from] Salt Cure\n|-damage|p2b: Fillmore|59\/100|[from] Salt Cure\n|upkeep\n|turn|3\n|\n|t:|1682206226\n|move|p1a: Garganacl|Protect|p1a: Garganacl\n|-singleturn|p1a: Garganacl|Protect\n|move|p2a: Pierce|Taunt|p1b: Amoonguss\n|-start|p1b: Amoonguss|move: Taunt\n|move|p2b: Fillmore|Close Combat|p1a: Garganacl\n|-activate|p1a: Garganacl|move: Protect\n|cant|p1b: Amoonguss|move: Taunt|Spore\n|\n|-heal|p1a: Garganacl|14\/100|[from] item: Leftovers\n|-damage|p2a: Pierce|53\/100|[from] Salt Cure\n|-damage|p2b: Fillmore|47\/100|[from] Salt Cure\n|upkeep\n|turn|4\n|inactive|duconjo has 30 seconds left.\n|\n|t:|1682206252\n|switch|p1a: Iron Hands|Iron Hands, L50|100\/100\n|-terastallize|p1b: Amoonguss|Water\n|move|p2a: Pierce|Seed Bomb|p1a: Iron Hands\n|-damage|p1a: Iron Hands|69\/100\n|move|p2b: Fillmore|Will-O-Wisp|p1a: Iron Hands|[miss]\n|-miss|p2b: Fillmore|p1a: Iron Hands\n|move|p1b: Amoonguss|Pollen Puff|p2a: Pierce\n|-supereffective|p2a: Pierce\n|-damage|p2a: Pierce|10\/100\n|\n|-damage|p2a: Pierce|0 fnt|[from] Salt Cure\n|faint|p2a: Pierce\n|-damage|p2b: Fillmore|35\/100|[from] Salt Cure\n|upkeep\n|inactive|Izzywooperstan has 30 seconds left.\n|\n|t:|1682206277\n|switch|p2a: Harding|Great Tusk, L50|100\/100\n|turn|5\n|inactive|Izzywooperstan has 30 seconds left.\n|\n|t:|1682206305\n|move|p1a: Iron Hands|Fake Out|p2a: Harding\n|-damage|p2a: Harding|89\/100\n|cant|p2a: Harding|flinch\n|move|p2b: Fillmore|Will-O-Wisp|p1a: Iron Hands\n|-status|p1a: Iron Hands|brn\n|move|p1b: Amoonguss|Pollen Puff|p1a: Iron Hands\n|-heal|p1a: Iron Hands|100\/100 brn\n|\n|-damage|p1a: Iron Hands|94\/100 brn|[from] brn\n|-damage|p2b: Fillmore|23\/100|[from] Salt Cure\n|-end|p1b: Amoonguss|move: Taunt\n|upkeep\n|turn|6\n|inactive|Izzywooperstan has 30 seconds left.\n|inactive|duconjo has 30 seconds left.\n|\n|t:|1682206340\n|-terastallize|p2a: Harding|Ground\n|move|p1b: Amoonguss|Protect|p1b: Amoonguss\n|-singleturn|p1b: Amoonguss|Protect\n|move|p2a: Harding|Headlong Rush|p1b: Amoonguss\n|-activate|p1b: Amoonguss|move: Protect\n|move|p2b: Fillmore|Close Combat|p1b: Amoonguss\n|-activate|p1b: Amoonguss|move: Protect\n|move|p1a: Iron Hands|Volt Switch|p2b: Fillmore\n|-damage|p2b: Fillmore|5\/100\n|\n|t:|1682206352\n|-end|p1a: Iron Hands|Quark Drive|[silent]\n|switch|p1a: Garganacl|Garganacl, L50, F|14\/100|[from] Volt Switch\n|\n|-heal|p1a: Garganacl|19\/100|[from] item: Leftovers\n|-damage|p2b: Fillmore|0 fnt|[from] Salt Cure\n|faint|p2b: Fillmore\n|upkeep\n|\n|t:|1682206359\n|switch|p2b: Nixon|Palafin-Hero, L50, F|100\/100\n|-activate|p2b: Nixon|ability: Zero to Hero\n|turn|7\n|\n|t:|1682206375\n|move|p1b: Amoonguss|Rage Powder|p1b: Amoonguss\n|-singleturn|p1b: Amoonguss|move: Rage Powder\n|move|p2a: Harding|Headlong Rush|p1b: Amoonguss\n|-damage|p1b: Amoonguss|32\/100\n|-unboost|p2a: Harding|def|1\n|-unboost|p2a: Harding|spd|1\n|move|p2b: Nixon|Wave Crash|p1b: Amoonguss\n|-resisted|p1b: Amoonguss\n|-damage|p1b: Amoonguss|0 fnt\n|faint|p1b: Amoonguss\n|-damage|p2b: Nixon|89\/100|[from] Recoil\n|move|p1a: Garganacl|Salt Cure|p2b: Nixon\n|-damage|p2b: Nixon|77\/100\n|-start|p2b: Nixon|Salt Cure\n|\n|-heal|p1a: Garganacl|25\/100|[from] item: Leftovers\n|-damage|p2b: Nixon|52\/100|[from] Salt Cure\n|upkeep\n|\n|t:|1682206391\n|switch|p1b: Iron Hands|Iron Hands, L50|94\/100 brn\n|turn|8\n|inactive|duconjo has 30 seconds left.\n|\n|t:|1682206417\n|move|p1a: Garganacl|Protect|p1a: Garganacl\n|-singleturn|p1a: Garganacl|Protect\n|move|p2a: Harding|Headlong Rush|p1b: Iron Hands\n|-supereffective|p1b: Iron Hands\n|-damage|p1b: Iron Hands|0 fnt\n|-unboost|p2a: Harding|def|1\n|-unboost|p2a: Harding|spd|1\n|faint|p1b: Iron Hands\n|-end|p1b: Iron Hands|Quark Drive|[silent]\n|move|p2b: Nixon|Wave Crash|p1a: Garganacl\n|-activate|p1a: Garganacl|move: Protect\n|\n|-heal|p1a: Garganacl|31\/100|[from] item: Leftovers\n|-damage|p2b: Nixon|27\/100|[from] Salt Cure\n|upkeep\n|\n|t:|1682206430\n|switch|p1b: Flutter Mane|Flutter Mane, L50|100\/100\n|turn|9\n|\n|t:|1682206446\n|move|p2b: Nixon|Jet Punch|p1b: Flutter Mane\n|-damage|p1b: Flutter Mane|23\/100\n|move|p2a: Harding|Headlong Rush|p1b: Flutter Mane\n|-damage|p1b: Flutter Mane|0 fnt\n|-unboost|p2a: Harding|def|1\n|-unboost|p2a: Harding|spd|1\n|faint|p1b: Flutter Mane\n|-end|p1b: Flutter Mane|Protosynthesis|[silent]\n|move|p1a: Garganacl|Recover|p1a: Garganacl\n|-heal|p1a: Garganacl|81\/100\n|\n|-heal|p1a: Garganacl|87\/100|[from] item: Leftovers\n|-damage|p2b: Nixon|2\/100|[from] Salt Cure\n|upkeep\n|turn|10\n|\n|t:|1682206463\n|move|p1a: Garganacl|Protect|p1a: Garganacl\n|-singleturn|p1a: Garganacl|Protect\n|move|p2a: Harding|Headlong Rush|p1a: Garganacl\n|-activate|p1a: Garganacl|move: Protect\n|move|p2b: Nixon|Wave Crash|p1a: Garganacl\n|-activate|p1a: Garganacl|move: Protect\n|\n|-heal|p1a: Garganacl|93\/100|[from] item: Leftovers\n|-damage|p2b: Nixon|0 fnt|[from] Salt Cure\n|faint|p2b: Nixon\n|upkeep\n|turn|11\n|\n|t:|1682206477\n|move|p2a: Harding|Headlong Rush|p1a: Garganacl\n|-supereffective|p1a: Garganacl\n|-damage|p1a: Garganacl|0 fnt\n|-unboost|p2a: Harding|def|1\n|-unboost|p2a: Harding|spd|1\n|faint|p1a: Garganacl\n|\n|win|Izzywooperstan\n|raw|duconjo's rating: 1204 → 1178<\/strong> (-26 for losing)\n|raw|Izzywooperstan's rating: 1186 → 1212<\/strong> (+26 for winning)\n|l|\u2606duconjo\n","uploadtime":1682206486,"views":8,"p1id":"duconjo","p2id":"izzywooperstan","formatid":"gen9vgc2023regulationc","rating":1178,"private":0,"password":""}