{"id":"gen9vgc2023regulationc-1851731585","p1":"Alfredd2640","p2":"Zerowen","format":"[Gen 9] VGC 2023 Regulation C","log":"|j|\u2606Alfredd2640\n|j|\u2606Zerowen\n|t:|1682475474\n|gametype|doubles\n|player|p1|Alfredd2640|cynthia-gen4|1320\n|player|p2|Zerowen|ingo|1322\n|teamsize|p1|6\n|teamsize|p2|6\n|gen|9\n|tier|[Gen 9] VGC 2023 Regulation C\n|rated|\n|rule|Species Clause: Limit one of each Pok\u00e9mon\n|rule|Item Clause: Limit one of each item\n|clearpoke\n|poke|p1|Salamence, L50, M|\n|poke|p1|Ting-Lu, L50|\n|poke|p1|Flutter Mane, L50|\n|poke|p1|Palafin, L50, M|\n|poke|p1|Amoonguss, L50, F|\n|poke|p1|Arcanine, L50, M|\n|poke|p2|Palafin, L50, M|\n|poke|p2|Corviknight, L50, F|\n|poke|p2|Flutter Mane, L50|\n|poke|p2|Amoonguss, L50, M|\n|poke|p2|Arcanine, L50, M|\n|poke|p2|Ting-Lu, L50|\n|teampreview|4\n|inactive|Battle timer is ON: inactive players will automatically lose when time's up. (requested by Alfredd2640)\n|inactive|Zerowen has 60 seconds left.\n|c|\u2606Zerowen|you like balance too lol\nZerowen has agreed to open team sheets.\n|\n|t:|1682475534\n|start\n|switch|p1a: Palafin|Palafin, L50, M|100\/100\n|switch|p1b: Flutter Mane|Flutter Mane, L50|100\/100\n|switch|p2a: Nightwing|Corviknight, L50, F|100\/100\n|switch|p2b: BATMAN?!?!|Palafin, L50, M|100\/100\n|turn|1\n|\n|t:|1682475553\n|detailschange|p2b: BATMAN?!?!|Palafin-Hero, L50, M\n|switch|p2b: SUSIMPOSTER\ud83d\udcee|Amoonguss, L50, M|100\/100\n|detailschange|p1a: Palafin|Palafin-Hero, L50, M\n|switch|p1a: Amoonguss|Amoonguss, L50, F|100\/100\n|move|p1b: Flutter Mane|Thunderbolt|p2a: Nightwing\n|-supereffective|p2a: Nightwing\n|-damage|p2a: Nightwing|48\/100\n|move|p2a: Nightwing|Brave Bird|p1a: Amoonguss\n|-supereffective|p1a: Amoonguss\n|-damage|p1a: Amoonguss|19\/100\n|-enditem|p1a: Amoonguss|Sitrus Berry|[eat]\n|-heal|p1a: Amoonguss|44\/100|[from] item: Sitrus Berry\n|-damage|p2a: Nightwing|18\/100|[from] Recoil\n|\n|upkeep\n|turn|2\n|inactive|Alfredd2640 has 30 seconds left.\n|\n|t:|1682475578\n|-end|p1b: Flutter Mane|Protosynthesis|[silent]\n|switch|p1b: Palafin|Palafin-Hero, L50, M|100\/100\n|-activate|p1b: Palafin|ability: Zero to Hero\n|switch|p1a: Salamence|Salamence, L50, M|100\/100\n|-ability|p1a: Salamence|Intimidate|boost\n|-ability|p2a: Nightwing|Mirror Armor\n|-unboost|p1a: Salamence|atk|1\n|-unboost|p2b: SUSIMPOSTER\ud83d\udcee|atk|1\n|move|p2a: Nightwing|Brave Bird|p1a: Salamence\n|-damage|p1a: Salamence|40\/100\n|-damage|p2a: Nightwing|0 fnt|[from] Recoil\n|faint|p2a: Nightwing\n|move|p2b: SUSIMPOSTER\ud83d\udcee|Spore|p1b: Palafin\n|-status|p1b: Palafin|slp|[from] move: Spore\n|\n|upkeep\n|inactive|Zerowen has 30 seconds left.\n|\n|t:|1682475609\n|switch|p2a: BATMAN?!?!|Palafin-Hero, L50, M|100\/100\n|-activate|p2a: BATMAN?!?!|ability: Zero to Hero\n|turn|3\n|\n|t:|1682475618\n|switch|p1a: Amoonguss|Amoonguss, L50, F|77\/100\n|-terastallize|p2a: BATMAN?!?!|Water\n|move|p2a: BATMAN?!?!|Wave Crash|p1b: Palafin\n|-resisted|p1b: Palafin\n|-damage|p1b: Palafin|47\/100 slp\n|-damage|p2a: BATMAN?!?!|83\/100|[from] Recoil\n|cant|p1b: Palafin|slp\n|move|p2b: SUSIMPOSTER\ud83d\udcee|Spore|p1a: Amoonguss\n|-immune|p1a: Amoonguss\n|\n|upkeep\n|turn|4\n|\n|t:|1682475632\n|switch|p2b: RK9|Arcanine, L50, M|100\/100\n|-ability|p2b: RK9|Intimidate|boost\n|-unboost|p1a: Amoonguss|atk|1\n|-unboost|p1b: Palafin|atk|1\n|move|p2a: BATMAN?!?!|Protect|p2a: BATMAN?!?!\n|-singleturn|p2a: BATMAN?!?!|Protect\n|cant|p1b: Palafin|slp\n|move|p1a: Amoonguss|Spore|p2a: BATMAN?!?!\n|-activate|p2a: BATMAN?!?!|move: Protect\n|\n|upkeep\n|turn|5\n|inactive|Alfredd2640 has 30 seconds left.\n|\n|t:|1682475664\n|switch|p2a: SUSIMPOSTER\ud83d\udcee|Amoonguss, L50, M|100\/100\n|-terastallize|p1a: Amoonguss|Water\n|-curestatus|p1b: Palafin|slp|[msg]\n|move|p1b: Palafin|Jet Punch|p2b: RK9\n|-supereffective|p2b: RK9\n|-damage|p2b: RK9|29\/100\n|move|p2b: RK9|Flare Blitz|p1a: Amoonguss\n|-resisted|p1a: Amoonguss\n|-damage|p1a: Amoonguss|59\/100\n|-damage|p2b: RK9|23\/100|[from] Recoil\n|move|p1a: Amoonguss|Spore|p2a: SUSIMPOSTER\ud83d\udcee\n|-immune|p2a: SUSIMPOSTER\ud83d\udcee\n|\n|upkeep\n|turn|6\n|\n|t:|1682475689\n|move|p2b: RK9|Protect|p2b: RK9\n|-singleturn|p2b: RK9|Protect\n|move|p1b: Palafin|Wave Crash|p2b: RK9\n|-activate|p2b: RK9|move: Protect\n|move|p1a: Amoonguss|Pollen Puff|p1b: Palafin\n|-heal|p1b: Palafin|97\/100\n|move|p2a: SUSIMPOSTER\ud83d\udcee|Spore|p1b: Palafin\n|-status|p1b: Palafin|slp|[from] move: Spore\n|\n|upkeep\n|turn|7\n|\n|t:|1682475713\n|switch|p1a: Salamence|Salamence, L50, M|40\/100\n|-ability|p1a: Salamence|Intimidate|boost\n|-unboost|p2a: SUSIMPOSTER\ud83d\udcee|atk|1\n|-unboost|p2b: RK9|atk|1\n|move|p2b: RK9|Extreme Speed|p1a: Salamence\n|-damage|p1a: Salamence|24\/100\n|-enditem|p1a: Salamence|Mago Berry|[eat]\n|-heal|p1a: Salamence|57\/100|[from] item: Mago Berry\n|cant|p1b: Palafin|slp\n|move|p2a: SUSIMPOSTER\ud83d\udcee|Pollen Puff|p2b: RK9\n|-heal|p2b: RK9|73\/100\n|\n|upkeep\n|turn|8\n|j| Piccolo Ruiz\n|\n|t:|1682475741\n|switch|p2b: BATMAN?!?!|Palafin-Hero, L50, M, tera:Water|83\/100\n|move|p1a: Salamence|Protect|p1a: Salamence\n|-singleturn|p1a: Salamence|Protect\n|cant|p1b: Palafin|slp\n|move|p2a: SUSIMPOSTER\ud83d\udcee|Spore|p1a: Salamence\n|-activate|p1a: Salamence|move: Protect\n|\n|upkeep\n|turn|9\n|\n|t:|1682475755\n|switch|p1a: Amoonguss|Amoonguss, L50, F, tera:Water|92\/100\n|move|p2a: SUSIMPOSTER\ud83d\udcee|Rage Powder|p2a: SUSIMPOSTER\ud83d\udcee\n|-singleturn|p2a: SUSIMPOSTER\ud83d\udcee|move: Rage Powder\n|move|p2b: BATMAN?!?!|Wave Crash|p1a: Amoonguss\n|-resisted|p1a: Amoonguss\n|-damage|p1a: Amoonguss|48\/100\n|-damage|p2b: BATMAN?!?!|67\/100|[from] Recoil\n|-curestatus|p1b: Palafin|slp|[msg]\n|move|p1b: Palafin|Wave Crash|p2a: SUSIMPOSTER\ud83d\udcee\n|-resisted|p2a: SUSIMPOSTER\ud83d\udcee\n|-damage|p2a: SUSIMPOSTER\ud83d\udcee|71\/100\n|-damage|p1b: Palafin|87\/100|[from] Recoil\n|\n|upkeep\n|turn|10\n|inactive|Alfredd2640 has 30 seconds left.\n|\n|t:|1682475786\n|switch|p1b: Salamence|Salamence, L50, M|57\/100\n|-ability|p1b: Salamence|Intimidate|boost\n|-unboost|p2a: SUSIMPOSTER\ud83d\udcee|atk|1\n|-unboost|p2b: BATMAN?!?!|atk|1\n|move|p2b: BATMAN?!?!|Jet Punch|p1b: Salamence\n|-resisted|p1b: Salamence\n|-damage|p1b: Salamence|36\/100\n|move|p1a: Amoonguss|Pollen Puff|p1b: Salamence\n|-heal|p1b: Salamence|86\/100\n|move|p2a: SUSIMPOSTER\ud83d\udcee|Spore|p1a: Amoonguss\n|-status|p1a: Amoonguss|slp|[from] move: Spore\n|\n|upkeep\n|turn|11\n|inactive|Alfredd2640 has 30 seconds left.\n|\n|t:|1682475816\n|switch|p2a: RK9|Arcanine, L50, M|73\/100\n|-ability|p2a: RK9|Intimidate|boost\n|-unboost|p1a: Amoonguss|atk|1\n|-unboost|p1b: Salamence|atk|1\n|move|p1b: Salamence|Dual Wingbeat|p2a: RK9\n|-damage|p2a: RK9|58\/100\n|-damage|p2a: RK9|44\/100\n|-hitcount|p2a: RK9|2\n|move|p2b: BATMAN?!?!|Wave Crash|p1b: Salamence\n|-resisted|p1b: Salamence\n|-damage|p1b: Salamence|38\/100\n|-damage|p2b: BATMAN?!?!|52\/100|[from] Recoil\n|cant|p1a: Amoonguss|slp\n|\n|upkeep\n|turn|12\n|\n|t:|1682475833\n|switch|p2b: SUSIMPOSTER\ud83d\udcee|Amoonguss, L50, M|100\/100\n|switch|p1a: Palafin|Palafin-Hero, L50, M|87\/100\n|move|p1b: Salamence|Protect|p1b: Salamence\n|-singleturn|p1b: Salamence|Protect\n|move|p2a: RK9|Flare Blitz|p1b: Salamence\n|-activate|p1b: Salamence|move: Protect\n|\n|upkeep\n|turn|13\n|\n|t:|1682475844\n|move|p2a: RK9|Protect|p2a: RK9\n|-singleturn|p2a: RK9|Protect\n|move|p1b: Salamence|Dual Wingbeat|p2b: SUSIMPOSTER\ud83d\udcee\n|-supereffective|p2b: SUSIMPOSTER\ud83d\udcee\n|-damage|p2b: SUSIMPOSTER\ud83d\udcee|78\/100\n|-supereffective|p2b: SUSIMPOSTER\ud83d\udcee\n|-damage|p2b: SUSIMPOSTER\ud83d\udcee|52\/100\n|-hitcount|p2b: SUSIMPOSTER\ud83d\udcee|2\n|move|p1a: Palafin|Wave Crash|p2b: SUSIMPOSTER\ud83d\udcee\n|-resisted|p2b: SUSIMPOSTER\ud83d\udcee\n|-damage|p2b: SUSIMPOSTER\ud83d\udcee|6\/100\n|-damage|p1a: Palafin|71\/100|[from] Recoil\n|move|p2b: SUSIMPOSTER\ud83d\udcee|Spore|p1a: Palafin\n|-status|p1a: Palafin|slp|[from] move: Spore\n|\n|upkeep\n|turn|14\n|\n|t:|1682475861\n|switch|p1b: Amoonguss|Amoonguss, L50, F, tera:Water|81\/100 slp\n|switch|p2b: BATMAN?!?!|Palafin-Hero, L50, M, tera:Water|52\/100\n|move|p2a: RK9|Flare Blitz|p1b: Amoonguss\n|-resisted|p1b: Amoonguss\n|-crit|p1b: Amoonguss\n|-damage|p1b: Amoonguss|56\/100 slp\n|-damage|p2a: RK9|35\/100|[from] Recoil\n|cant|p1a: Palafin|slp\n|\n|upkeep\n|turn|15\n|\n|t:|1682475876\n|switch|p2a: SUSIMPOSTER\ud83d\udcee|Amoonguss, L50, M|39\/100\n|move|p2b: BATMAN?!?!|Wave Crash|p1a: Palafin\n|-resisted|p1a: Palafin\n|-damage|p1a: Palafin|18\/100 slp\n|-damage|p2b: BATMAN?!?!|34\/100|[from] Recoil\n|cant|p1a: Palafin|slp\n|cant|p1b: Amoonguss|slp\n|\n|upkeep\n|turn|16\n|\n|t:|1682475892\n|switch|p1a: Salamence|Salamence, L50, M|38\/100\n|-ability|p1a: Salamence|Intimidate|boost\n|-unboost|p2a: SUSIMPOSTER\ud83d\udcee|atk|1\n|-unboost|p2b: BATMAN?!?!|atk|1\n|move|p2a: SUSIMPOSTER\ud83d\udcee|Rage Powder|p2a: SUSIMPOSTER\ud83d\udcee\n|-singleturn|p2a: SUSIMPOSTER\ud83d\udcee|move: Rage Powder\n|move|p2b: BATMAN?!?!|Wave Crash|p1a: Salamence\n|-resisted|p1a: Salamence\n|-damage|p1a: Salamence|0 fnt\n|faint|p1a: Salamence\n|-damage|p2b: BATMAN?!?!|22\/100|[from] Recoil\n|cant|p1b: Amoonguss|slp\n|\n|upkeep\n|\n|t:|1682475916\n|switch|p1a: Flutter Mane|Flutter Mane, L50|100\/100\n|turn|17\n|\n|t:|1682475932\n|move|p2b: BATMAN?!?!|Protect|p2b: BATMAN?!?!\n|-singleturn|p2b: BATMAN?!?!|Protect\n|-curestatus|p1b: Amoonguss|slp|[msg]\n|move|p1b: Amoonguss|Rage Powder|p1b: Amoonguss\n|-singleturn|p1b: Amoonguss|move: Rage Powder\n|move|p1a: Flutter Mane|Shadow Ball|p2a: SUSIMPOSTER\ud83d\udcee\n|-damage|p2a: SUSIMPOSTER\ud83d\udcee|0 fnt\n|faint|p2a: SUSIMPOSTER\ud83d\udcee\n|\n|upkeep\n|\n|t:|1682475939\n|switch|p2a: RK9|Arcanine, L50, M|35\/100\n|-ability|p2a: RK9|Intimidate|boost\n|-unboost|p1a: Flutter Mane|atk|1\n|-unboost|p1b: Amoonguss|atk|1\n|turn|18\n|-message|Zerowen forfeited.\n|\n|win|Alfredd2640\n|raw|Alfredd2640's rating: 1320 → 1340<\/strong> (+20 for winning)\n|raw|Zerowen's rating: 1322 → 1302<\/strong> (-20 for losing)\n|l|\u2606Zerowen\n","uploadtime":1682475962,"views":7,"p1id":"alfredd2640","p2id":"zerowen","formatid":"gen9vgc2023regulationc","rating":1302,"private":0,"password":""}