{"id":"gen9vgc2023regulationc-1854413073","p1":"Kentakio","p2":"Trapzelda","format":"[Gen 9] VGC 2023 Regulation C","log":"|j|\u2606Kentakio\n|j|\u2606Trapzelda\n|t:|1682807730\n|gametype|doubles\n|player|p1|Kentakio|1|1375\n|player|p2|Trapzelda|102|1413\n|teamsize|p1|6\n|teamsize|p2|6\n|gen|9\n|tier|[Gen 9] VGC 2023 Regulation C\n|rated|\n|rule|Species Clause: Limit one of each Pok\u00e9mon\n|rule|Item Clause: Limit one of each item\n|clearpoke\n|poke|p1|Iron Thorns, L50|\n|poke|p1|Talonflame, L50, M|\n|poke|p1|Iron Bundle, L50|\n|poke|p1|Flutter Mane, L50|\n|poke|p1|Great Tusk, L50|\n|poke|p1|Chien-Pao, L50|\n|poke|p2|Murkrow, L50, F|\n|poke|p2|Chi-Yu, L50|\n|poke|p2|Flutter Mane, L50|\n|poke|p2|Garchomp, L50, F|\n|poke|p2|Scizor, L50, M|\n|poke|p2|Quaquaval, L50, M|\n|teampreview|4\nKentakio has agreed to open team sheets.\n|inactive|Battle timer is ON: inactive players will automatically lose when time's up. (requested by Kentakio)\n|inactive|Trapzelda has 60 seconds left.\n|\n|t:|1682807777\n|start\n|switch|p1a: Iron Thorns|Iron Thorns, L50|100\/100\n|switch|p1b: Talonflame|Talonflame, L50, M|100\/100\n|switch|p2a: Murkrow|Murkrow, L50, F|100\/100\n|switch|p2b: Garchomp|Garchomp, L50, F|100\/100\n|turn|1\n|\n|t:|1682807789\n|-terastallize|p1a: Iron Thorns|Bug\n|move|p2a: Murkrow|Tailwind|p2a: Murkrow\n|-sidestart|p2: Trapzelda|move: Tailwind\n|move|p2b: Garchomp|Rock Slide|p1b: Talonflame|[spread] p1a,p1b\n|-supereffective|p1a: Iron Thorns\n|-supereffective|p1b: Talonflame\n|-damage|p1a: Iron Thorns|66\/100\n|-damage|p1b: Talonflame|0 fnt\n|faint|p1b: Talonflame\n|move|p1a: Iron Thorns|Rock Blast|p2a: Murkrow\n|-supereffective|p2a: Murkrow\n|-damage|p2a: Murkrow|61\/100\n|-supereffective|p2a: Murkrow\n|-damage|p2a: Murkrow|23\/100\n|-supereffective|p2a: Murkrow\n|-crit|p2a: Murkrow\n|-damage|p2a: Murkrow|0 fnt\n|faint|p2a: Murkrow\n|-hitcount|p2: Murkrow|3\n|\n|upkeep\n|\n|t:|1682807807\n|switch|p1b: Necroshade|Flutter Mane, L50, shiny|100\/100\n|switch|p2a: Scizor|Scizor, L50, M|100\/100\n|turn|2\n|\n|t:|1682807831\n|-terastallize|p2b: Garchomp|Poison\n|move|p2b: Garchomp|Poison Jab|p1b: Necroshade\n|-damage|p1b: Necroshade|36\/100\n|-status|p1b: Necroshade|psn\n|move|p2a: Scizor|Aerial Ace|p1a: Iron Thorns\n|-supereffective|p1a: Iron Thorns\n|-damage|p1a: Iron Thorns|11\/100\n|move|p1b: Necroshade|Moonblast|p2b: Garchomp\n|-resisted|p2b: Garchomp\n|-damage|p2b: Garchomp|72\/100\n|move|p1a: Iron Thorns|Rock Blast|p2a: Scizor\n|-damage|p2a: Scizor|86\/100\n|-damage|p2a: Scizor|70\/100\n|-damage|p2a: Scizor|53\/100\n|-damage|p2a: Scizor|38\/100\n|-hitcount|p2a: Scizor|4\n|\n|-damage|p1b: Necroshade|24\/100 psn|[from] psn\n|upkeep\n|turn|3\n|inactive|Kentakio has 30 seconds left.\n|\n|t:|1682807859\n|-end|p1b: Necroshade|Protosynthesis|[silent]\n|switch|p1b: Iron Bundle|Iron Bundle, L50|100\/100\n|-enditem|p1b: Iron Bundle|Booster Energy\n|-activate|p1b: Iron Bundle|ability: Quark Drive|[fromitem]\n|-start|p1b: Iron Bundle|quarkdrivespe\n|move|p1a: Iron Thorns|Protect|p1a: Iron Thorns\n|-singleturn|p1a: Iron Thorns|Protect\n|move|p2a: Scizor|Bullet Punch|p1b: Iron Bundle\n|-damage|p1b: Iron Bundle|61\/100\n|move|p2b: Garchomp|Rock Slide|p1a: Iron Thorns|[spread] p1b\n|-activate|p1a: Iron Thorns|move: Protect\n|-supereffective|p1b: Iron Bundle\n|-damage|p1b: Iron Bundle|9\/100\n|\n|upkeep\n|turn|4\n|j| Dr.Siczor\n|c| Dr.Siczor|lets go trapzelda\n|c| Dr.Siczor|u got this\n|inactive|Trapzelda has 30 seconds left.\n|\n|t:|1682807893\n|move|p1b: Iron Bundle|Protect|p1b: Iron Bundle\n|-singleturn|p1b: Iron Bundle|Protect\n|move|p2a: Scizor|Bullet Punch|p1b: Iron Bundle\n|-activate|p1b: Iron Bundle|move: Protect\n|move|p2b: Garchomp|Rock Slide|p1a: Iron Thorns|[spread] p1a\n|-activate|p1b: Iron Bundle|move: Protect\n|-supereffective|p1a: Iron Thorns\n|-damage|p1a: Iron Thorns|0 fnt\n|faint|p1a: Iron Thorns\n|-end|p1a: Iron Thorns|Quark Drive|[silent]\n|\n|-sideend|p2: Trapzelda|move: Tailwind\n|upkeep\n|\n|t:|1682807896\n|switch|p1a: Necroshade|Flutter Mane, L50, shiny|24\/100 psn\n|turn|5\n|\n|t:|1682807915\n|move|p2a: Scizor|Bullet Punch|p1b: Iron Bundle\n|-damage|p1b: Iron Bundle|0 fnt\n|faint|p1b: Iron Bundle\n|-end|p1b: Iron Bundle|Quark Drive|[silent]\n|move|p1a: Necroshade|Shadow Ball|p2a: Scizor\n|-damage|p2a: Scizor|0 fnt\n|faint|p2a: Scizor\n|move|p2b: Garchomp|Poison Jab|p1a: Necroshade\n|-damage|p1a: Necroshade|0 fnt\n|faint|p1a: Necroshade\n|-end|p1a: Necroshade|Protosynthesis|[silent]\n|\n|win|Trapzelda\n|raw|Kentakio's rating: 1375 → 1357<\/strong> (-18 for losing)\n|raw|Trapzelda's rating: 1413 → 1431<\/strong> (+18 for winning)\n|l| Dr.Siczor\n","uploadtime":1682807956,"views":20,"p1id":"kentakio","p2id":"trapzelda","formatid":"gen9vgc2023regulationc","rating":1357,"private":0,"password":""}