{"id":"gen9vgc2023regulationc-1846704980","p1":"lazysquirrel","p2":"gkroijreojier","format":"[Gen 9] VGC 2023 Regulation C","log":"|j|\u2606lazysquirrel\n|j|\u2606gkroijreojier\n|t:|1681868044\n|gametype|doubles\n|player|p1|lazysquirrel|102|1000\n|player|p2|gkroijreojier|benga|1047\n|teamsize|p1|6\n|teamsize|p2|6\n|gen|9\n|tier|[Gen 9] VGC 2023 Regulation C\n|rated|\n|rule|Species Clause: Limit one of each Pok\u00e9mon\n|rule|Item Clause: Limit one of each item\n|clearpoke\n|poke|p1|Annihilape, L50, M|\n|poke|p1|Maushold-Four, L50|\n|poke|p1|Amoonguss, L50, M|\n|poke|p1|Palafin, L50, F|\n|poke|p1|Flutter Mane, L50|\n|poke|p1|Arcanine, L50, F|\n|poke|p2|Brute Bonnet, L50|\n|poke|p2|Arcanine, L50, F|\n|poke|p2|Palafin, L50, M|\n|poke|p2|Pikachu, L50, F|\n|poke|p2|Gholdengo, L50|\n|poke|p2|Kingambit, L50, F|\n|teampreview|4\n|\n|t:|1681868074\n|start\n|switch|p1a: Annihilape|Annihilape, L50, M, shiny|100\/100\n|switch|p1b: Palafin|Palafin, L50, F|100\/100\n|switch|p2a: Kingambit|Kingambit, L50, F|100\/100\n|switch|p2b: Gholdengo|Gholdengo, L50|100\/100\n|turn|1\n|\n|t:|1681868104\n|detailschange|p1b: Palafin|Palafin-Hero, L50, F\n|switch|p1b: Arcanine|Arcanine, L50, F, shiny|100\/100\n|-ability|p1b: Arcanine|Intimidate|boost\n|-unboost|p2a: Kingambit|atk|1\n|-ability|p2a: Kingambit|Defiant|boost\n|-boost|p2a: Kingambit|atk|2\n|-unboost|p2b: Gholdengo|atk|1\n|-terastallize|p2a: Kingambit|Fairy\n|move|p1a: Annihilape|Protect|p1a: Annihilape\n|-singleturn|p1a: Annihilape|Protect\n|move|p2a: Kingambit|Sucker Punch||[still]\n|-fail|p2a: Kingambit\n|move|p2b: Gholdengo|Dazzling Gleam|p1b: Arcanine|[spread] p1b\n|-activate|p1a: Annihilape|move: Protect\n|-resisted|p1b: Arcanine\n|-damage|p1b: Arcanine|83\/100\n|\n|upkeep\n|turn|2\n|\n|t:|1681868135\n|-terastallize|p1a: Annihilape|Fire\n|move|p2a: Kingambit|Sucker Punch|p1a: Annihilape\n|-damage|p1a: Annihilape|48\/100\n|move|p1b: Arcanine|Flare Blitz|p2b: Gholdengo\n|-supereffective|p2b: Gholdengo\n|-damage|p2b: Gholdengo|2\/100\n|-damage|p1b: Arcanine|52\/100|[from] Recoil\n|move|p1a: Annihilape|Drain Punch|p2a: Kingambit\n|-resisted|p2a: Kingambit\n|-damage|p2a: Kingambit|87\/100\n|-heal|p1a: Annihilape|55\/100|[from] drain|[of] p2a: Kingambit\n|move|p2b: Gholdengo|Dazzling Gleam|p1b: Arcanine|[spread] p1a,p1b\n|-resisted|p1a: Annihilape\n|-resisted|p1b: Arcanine\n|-damage|p1a: Annihilape|41\/100\n|-damage|p1b: Arcanine|33\/100\n|\n|-heal|p1a: Annihilape|48\/100|[from] item: Leftovers\n|upkeep\n|turn|3\n|\n|t:|1681868185\n|switch|p2b: Arcanine|Arcanine, L50, F|100\/100\n|-ability|p2b: Arcanine|Intimidate|boost\n|-unboost|p1a: Annihilape|atk|1\n|-ability|p1a: Annihilape|Defiant|boost\n|-boost|p1a: Annihilape|atk|2\n|-unboost|p1b: Arcanine|atk|1\n|move|p1a: Annihilape|Protect|p1a: Annihilape\n|-singleturn|p1a: Annihilape|Protect\n|move|p1b: Arcanine|Extreme Speed|p2b: Arcanine\n|-damage|p2b: Arcanine|85\/100\n|move|p2a: Kingambit|Iron Head|p1a: Annihilape\n|-activate|p1a: Annihilape|move: Protect\n|\n|-heal|p1a: Annihilape|54\/100|[from] item: Leftovers\n|upkeep\n|turn|4\n|\n|t:|1681868219\n|move|p1b: Arcanine|Will-O-Wisp|p2a: Kingambit|[miss]\n|-miss|p1b: Arcanine|p2a: Kingambit\n|move|p2b: Arcanine|Flare Blitz|p1b: Arcanine\n|-resisted|p1b: Arcanine\n|-damage|p1b: Arcanine|8\/100\n|-damage|p2b: Arcanine|76\/100|[from] Recoil\n|move|p1a: Annihilape|Rage Fist|p2b: Arcanine\n|-damage|p2b: Arcanine|0 fnt\n|faint|p2b: Arcanine\n|move|p2a: Kingambit|Tera Blast|p1a: Annihilape\n|-resisted|p1a: Annihilape\n|-damage|p1a: Annihilape|23\/100\n|\n|-heal|p1a: Annihilape|29\/100|[from] item: Leftovers\n|upkeep\n|\n|t:|1681868223\n|switch|p2b: Brute Bonnet|Brute Bonnet, L50|100\/100\n|turn|5\n|\n|t:|1681868248\n|move|p2b: Brute Bonnet|Sucker Punch|p1a: Annihilape\n|-damage|p1a: Annihilape|1\/100\n|move|p1b: Arcanine|Flare Blitz|p2b: Brute Bonnet\n|-supereffective|p2b: Brute Bonnet\n|-damage|p2b: Brute Bonnet|54\/100\n|-damage|p1b: Arcanine|0 fnt|[from] Recoil\n|faint|p1b: Arcanine\n|move|p1a: Annihilape|Rage Fist|p2a: Kingambit\n|-damage|p2a: Kingambit|0 fnt\n|faint|p2a: Kingambit\n|\n|-heal|p1a: Annihilape|8\/100|[from] item: Leftovers\n|upkeep\n|\n|t:|1681868261\n|switch|p1b: Maushold|Maushold-Four, L50|100\/100\n|switch|p2a: Gholdengo|Gholdengo, L50|2\/100\n|turn|6\n|\n|t:|1681868286\n|move|p1b: Maushold|Follow Me|p1b: Maushold\n|-singleturn|p1b: Maushold|move: Follow Me\n|move|p2b: Brute Bonnet|Sucker Punch||[still]\n|-fail|p2b: Brute Bonnet\n|move|p1a: Annihilape|Rage Fist|p2b: Brute Bonnet\n|-resisted|p2b: Brute Bonnet\n|-crit|p2b: Brute Bonnet\n|-damage|p2b: Brute Bonnet|0 fnt\n|faint|p2b: Brute Bonnet\n|-end|p2b: Brute Bonnet|Protosynthesis|[silent]\n|move|p2a: Gholdengo|Shadow Ball|p1b: Maushold\n|-immune|p1b: Maushold\n|\n|-heal|p1a: Annihilape|14\/100|[from] item: Leftovers\n|upkeep\n|turn|7\n|-message|gkroijreojier forfeited.\n|\n|win|lazysquirrel\n|raw|lazysquirrel's rating: 1000 → 1045<\/strong> (+45 for winning)\n|raw|gkroijreojier's rating: 1047 → 1028<\/strong> (-19 for losing)\n|l|\u2606gkroijreojier\n","uploadtime":1681868305,"views":15,"p1id":"lazysquirrel","p2id":"gkroijreojier","formatid":"gen9vgc2023regulationc","rating":1028,"private":0,"password":""}