{"id":"gen9vgc2023regulationc-1849387530","p1":"R2VGC","p2":"Le Dab","format":"[Gen 9] VGC 2023 Regulation C","log":"|j|\u2606R2VGC\n|j|\u2606Le Dab\n|t:|1682192830\n|gametype|doubles\n|player|p1|R2VGC|170|1253\n|player|p2|Le Dab|hilbert-wonderlauncher|1366\n|teamsize|p1|6\n|teamsize|p2|6\n|gen|9\n|tier|[Gen 9] VGC 2023 Regulation C\n|rated|\n|rule|Species Clause: Limit one of each Pok\u00e9mon\n|rule|Item Clause: Limit one of each item\n|clearpoke\n|poke|p1|Flutter Mane, L50|\n|poke|p1|Garganacl, L50, F|\n|poke|p1|Amoonguss, L50, F|\n|poke|p1|Palafin, L50, F|\n|poke|p1|Arcanine, L50, M|\n|poke|p1|Ting-Lu, L50|\n|poke|p2|Gallade, L50, M|\n|poke|p2|Indeedee-F, L50, F|\n|poke|p2|Tatsugiri, L50, F|\n|poke|p2|Dondozo, L50, M|\n|poke|p2|Meowscarada, L50, F|\n|poke|p2|Iron Moth, L50|\n|teampreview|4\n|inactive|Battle timer is ON: inactive players will automatically lose when time's up. (requested by Le Dab)\nR2VGC has agreed to open team sheets.\nLe Dab has agreed to open team sheets.\n|inactive|R2VGC has 60 seconds left.\n|\n|t:|1682192880\n|start\n|switch|p1a: Arcanine|Arcanine, L50, M|100\/100\n|switch|p1b: Garganacl|Garganacl, L50, F|100\/100\n|switch|p2a: Iron Moth|Iron Moth, L50|100\/100\n|switch|p2b: Tatsugiri|Tatsugiri, L50, F|100\/100\n|-ability|p1a: Arcanine|Intimidate|boost\n|-unboost|p2a: Iron Moth|atk|1\n|-unboost|p2b: Tatsugiri|atk|1\n|-enditem|p2a: Iron Moth|Booster Energy\n|-activate|p2a: Iron Moth|ability: Quark Drive|[fromitem]\n|-start|p2a: Iron Moth|quarkdrivespe\n|turn|1\n|inactive|R2VGC has 30 seconds left.\n|\n|t:|1682192913\n|-terastallize|p1b: Garganacl|Ghost\n|move|p1a: Arcanine|Extreme Speed|p2b: Tatsugiri\n|-damage|p2b: Tatsugiri|60\/100\n|move|p2a: Iron Moth|Acid Spray|p1b: Garganacl\n|-resisted|p1b: Garganacl\n|-damage|p1b: Garganacl|95\/100\n|-unboost|p1b: Garganacl|spd|2\n|move|p2b: Tatsugiri|Muddy Water|p1b: Garganacl|[spread] p1a,p1b\n|-supereffective|p1a: Arcanine\n|-damage|p1a: Arcanine|8\/100\n|-damage|p1b: Garganacl|29\/100\n|-unboost|p1a: Arcanine|accuracy|1\n|move|p1b: Garganacl|Salt Cure|p2a: Iron Moth\n|-supereffective|p2a: Iron Moth\n|-damage|p2a: Iron Moth|71\/100\n|-start|p2a: Iron Moth|Salt Cure\n|\n|-heal|p1b: Garganacl|35\/100|[from] item: Leftovers\n|-damage|p2a: Iron Moth|59\/100|[from] Salt Cure\n|upkeep\n|turn|2\n|inactive|R2VGC has 30 seconds left.\n|\n|t:|1682192946\n|switch|p1b: Amoonguss|Amoonguss, L50, F|100\/100\n|move|p1a: Arcanine|Extreme Speed|p2a: Iron Moth\n|-damage|p2a: Iron Moth|32\/100\n|move|p2a: Iron Moth|Fiery Dance|p1b: Amoonguss\n|-supereffective|p1b: Amoonguss\n|-damage|p1b: Amoonguss|45\/100\n|move|p2b: Tatsugiri|Muddy Water|p1b: Amoonguss|[spread] p1a,p1b\n|-supereffective|p1a: Arcanine\n|-resisted|p1b: Amoonguss\n|-damage|p1a: Arcanine|0 fnt\n|-damage|p1b: Amoonguss|26\/100\n|faint|p1a: Arcanine\n|\n|-damage|p2a: Iron Moth|20\/100|[from] Salt Cure\n|upkeep\n|\n|t:|1682192962\n|switch|p1a: Flutter Mane|Flutter Mane, L50|100\/100\n|turn|3\n|inactive|R2VGC has 30 seconds left.\n|\n|t:|1682192989\n|switch|p2b: Indeedee|Indeedee-F, L50, F|100\/100\n|-fieldstart|move: Psychic Terrain|[from] ability: Psychic Surge|[of] p2b: Indeedee\n|move|p2a: Iron Moth|Fiery Dance|p1b: Amoonguss\n|-supereffective|p1b: Amoonguss\n|-damage|p1b: Amoonguss|0 fnt\n|-boost|p2a: Iron Moth|spa|1\n|faint|p1b: Amoonguss\n|move|p1a: Flutter Mane|Dazzling Gleam|p2a: Iron Moth|[spread] p2a,p2b\n|-resisted|p2a: Iron Moth\n|-damage|p2a: Iron Moth|8\/100\n|-damage|p2b: Indeedee|46\/100\n|\n|-damage|p2a: Iron Moth|0 fnt|[from] Salt Cure\n|faint|p2a: Iron Moth\n|-end|p2a: Iron Moth|Quark Drive|[silent]\n|upkeep\n|\n|t:|1682193003\n|switch|p2a: Gallade|Gallade, L50, M|100\/100\n|switch|p1b: Garganacl|Garganacl, L50, F, tera:Ghost|35\/100\n|turn|4\n|\n|t:|1682193027\n|-terastallize|p2a: Gallade|Fairy\n|move|p2b: Indeedee|Protect|p2b: Indeedee\n|-singleturn|p2b: Indeedee|Protect\n|move|p1a: Flutter Mane|Dazzling Gleam|p2b: Indeedee|[spread] p2a\n|-activate|p2b: Indeedee|move: Protect\n|-damage|p2a: Gallade|51\/100\n|move|p2a: Gallade|Psycho Cut|p1b: Garganacl\n|-damage|p1b: Garganacl|0 fnt\n|faint|p1b: Garganacl\n|\n|upkeep\n|turn|5\n|\n|t:|1682193038\n|move|p2a: Gallade|Wide Guard|p2a: Gallade\n|-singleturn|p2a: Gallade|Wide Guard\n|move|p1a: Flutter Mane|Dazzling Gleam|p2a: Gallade|[spread] \n|-activate|p2a: Gallade|move: Wide Guard\n|-activate|p2b: Indeedee|move: Wide Guard\n|move|p2b: Indeedee|Psychic|p1a: Flutter Mane\n|-damage|p1a: Flutter Mane|59\/100\n|\n|upkeep\n|turn|6\n|c|\u2606Le Dab|gg\n|\n|t:|1682193053\n|move|p2a: Gallade|Wide Guard|p2a: Gallade\n|-singleturn|p2a: Gallade|Wide Guard\n|move|p1a: Flutter Mane|Dazzling Gleam|p2b: Indeedee|[spread] \n|-activate|p2a: Gallade|move: Wide Guard\n|-activate|p2b: Indeedee|move: Wide Guard\n|move|p2b: Indeedee|Psychic|p1a: Flutter Mane\n|-damage|p1a: Flutter Mane|17\/100\n|\n|upkeep\n|turn|7\n|\n|t:|1682193061\n|move|p2a: Gallade|Wide Guard|p2a: Gallade\n|-singleturn|p2a: Gallade|Wide Guard\n|move|p1a: Flutter Mane|Dazzling Gleam|p2a: Gallade|[spread] \n|-activate|p2a: Gallade|move: Wide Guard\n|-activate|p2b: Indeedee|move: Wide Guard\n|move|p2b: Indeedee|Psychic|p1a: Flutter Mane\n|-damage|p1a: Flutter Mane|0 fnt\n|faint|p1a: Flutter Mane\n|-end|p1a: Flutter Mane|Protosynthesis|[silent]\n|\n|win|Le Dab\n|raw|R2VGC's rating: 1253 → 1236<\/strong> (-17 for losing)\n|raw|Le Dab's rating: 1366 → 1380<\/strong> (+14 for winning)\n|l|\u2606Le Dab\n","uploadtime":1682193072,"views":5,"p1id":"r2vgc","p2id":"ledab","formatid":"gen9vgc2023regulationc","rating":1236,"private":0,"password":""}