{"id":"gen9vgc2023regulationc-1848816911","p1":"Terry kloak","p2":"ChossyVGC","format":"[Gen 9] VGC 2023 Regulation C","log":"|j|\u2606Terry kloak\n|j|\u2606ChossyVGC\n|t:|1682113542\n|gametype|doubles\n|player|p1|Terry kloak|gentleman-gen4|1458\n|player|p2|ChossyVGC|veteran|1363\n|teamsize|p1|6\n|teamsize|p2|6\n|gen|9\n|tier|[Gen 9] VGC 2023 Regulation C\n|rated|\n|rule|Species Clause: Limit one of each Pok\u00e9mon\n|rule|Item Clause: Limit one of each item\n|clearpoke\n|poke|p1|Ceruledge, L50, M|\n|poke|p1|Orthworm, L50, M|\n|poke|p1|Ting-Lu, L50|\n|poke|p1|Dragonite, L50, M|\n|poke|p1|Iron Bundle, L50|\n|poke|p1|Grimmsnarl, L50, M|\n|poke|p2|Tatsugiri, L50, M|\n|poke|p2|Slowbro, L50, M|\n|poke|p2|Bronzong, L50|\n|poke|p2|Sableye, L50, M|\n|poke|p2|Lycanroc-Midnight, L50, M|\n|poke|p2|Dondozo, L50, M|\n|teampreview|4\n|inactive|Battle timer is ON: inactive players will automatically lose when time's up. (requested by ChossyVGC)\n|\n|t:|1682113593\n|start\n|switch|p1a: Ceruledge|Ceruledge, L50, M|100\/100\n|switch|p1b: Grimmsnarl|Grimmsnarl, L50, M|100\/100\n|switch|p2a: Zotzilaha|Sableye, L50, M, shiny|100\/100\n|switch|p2b: Itzamna|Slowbro, L50, M, shiny|100\/100\n|turn|1\n|\n|t:|1682113617\n|-terastallize|p2b: Itzamna|Normal\n|move|p1b: Grimmsnarl|Fake Out|p2b: Itzamna\n|-damage|p2b: Itzamna|92\/100\n|move|p2a: Zotzilaha|Reflect|p2a: Zotzilaha\n|-sidestart|p2: ChossyVGC|Reflect\n|move|p1a: Ceruledge|Bulk Up|p1a: Ceruledge\n|-boost|p1a: Ceruledge|atk|1\n|-boost|p1a: Ceruledge|def|1\n|move|p2b: Itzamna|Trick Room|p2b: Itzamna\n|-fieldstart|move: Trick Room|[of] p2b: Itzamna\n|\n|upkeep\n|turn|2\n|\n|t:|1682113636\n|move|p1b: Grimmsnarl|Light Screen|p1b: Grimmsnarl\n|-sidestart|p1: Terry kloak|move: Light Screen\n|move|p2a: Zotzilaha|Encore|p1a: Ceruledge\n|-start|p1a: Ceruledge|Encore\n|move|p1a: Ceruledge|Bulk Up|p1a: Ceruledge\n|-boost|p1a: Ceruledge|atk|1\n|-boost|p1a: Ceruledge|def|1\n|move|p2b: Itzamna|Yawn|p1b: Grimmsnarl\n|-start|p1b: Grimmsnarl|move: Yawn|[of] p2b: Itzamna\n|\n|upkeep\n|turn|3\n|\n|t:|1682113658\n|switch|p1b: Orthworm|Orthworm, L50, M|100\/100\n|switch|p2a: Ah-Puch|Lycanroc-Midnight, L50, M, shiny|100\/100\n|move|p2b: Itzamna|Skill Swap|p2a: Ah-Puch\n|-activate|p2b: Itzamna|move: Skill Swap|||[of] p2a: Ah-Puch\n|move|p1a: Ceruledge|Bulk Up|p1a: Ceruledge\n|-boost|p1a: Ceruledge|atk|1\n|-boost|p1a: Ceruledge|def|1\n|\n|upkeep\n|turn|4\n|\n|t:|1682113674\n|switch|p1a: Grimmsnarl|Grimmsnarl, L50, M|100\/100\n|switch|p2a: Tlacolotl|Dondozo, L50, M|100\/100\n|move|p2b: Itzamna|Skill Swap|p2a: Tlacolotl\n|-activate|p2b: Itzamna|move: Skill Swap|||[of] p2a: Tlacolotl\n|move|p1b: Orthworm|Shed Tail|p1b: Orthworm\n|-start|p1b: Orthworm|Substitute|[from] move: Shed Tail\n|-damage|p1b: Orthworm|50\/100\n|-enditem|p1b: Orthworm|Sitrus Berry|[eat]\n|-heal|p1b: Orthworm|75\/100|[from] item: Sitrus Berry\n|\n|t:|1682113687\n|switch|p1b: Ceruledge|Ceruledge, L50, M|100\/100|[from] Shed Tail\n|\n|upkeep\n|turn|5\n|inactive|ChossyVGC has 30 seconds left.\n|\n|t:|1682113717\n|move|p1a: Grimmsnarl|Fake Out|p2a: Tlacolotl\n|-damage|p2a: Tlacolotl|96\/100\n|move|p2b: Itzamna|Yawn|p1a: Grimmsnarl\n|-start|p1a: Grimmsnarl|move: Yawn|[of] p2b: Itzamna\n|cant|p2a: Tlacolotl|flinch\n|move|p1b: Ceruledge|Bitter Blade|p2b: Itzamna\n|-damage|p2b: Itzamna|66\/100\n|\n|-fieldend|move: Trick Room\n|upkeep\n|turn|6\n|\n|t:|1682113732\n|switch|p1a: Orthworm|Orthworm, L50, M|75\/100\n|move|p1b: Ceruledge|Protect|p1b: Ceruledge\n|-singleturn|p1b: Ceruledge|Protect\n|move|p2a: Tlacolotl|Fissure|p1a: Orthworm\n|-heal|p1a: Orthworm|99\/100|[from] ability: Earth Eater|[of] p2a: Tlacolotl\n|move|p2b: Itzamna|Trick Room|p2b: Itzamna\n|-fieldstart|move: Trick Room|[of] p2b: Itzamna\n|\n|upkeep\n|turn|7\n|\n|t:|1682113748\n|move|p2b: Itzamna|Yawn|p1a: Orthworm\n|-start|p1a: Orthworm|move: Yawn|[of] p2b: Itzamna\n|move|p2a: Tlacolotl|Rock Slide|p1a: Orthworm|[spread] p1a,p1b\n|-supereffective|p1b: Ceruledge\n|-end|p1b: Ceruledge|Substitute\n|-resisted|p1a: Orthworm\n|-damage|p1a: Orthworm|95\/100\n|move|p1a: Orthworm|Shed Tail|p1a: Orthworm\n|-start|p1a: Orthworm|Substitute|[from] move: Shed Tail\n|-damage|p1a: Orthworm|45\/100\n|\n|t:|1682113759\n|switch|p1a: Iron Bundle|Iron Bundle, L50|100\/100|[from] Shed Tail\n|-enditem|p1a: Iron Bundle|Booster Energy\n|-activate|p1a: Iron Bundle|ability: Quark Drive|[fromitem]\n|-start|p1a: Iron Bundle|quarkdrivespe\n|move|p1b: Ceruledge|Bulk Up|p1b: Ceruledge\n|-boost|p1b: Ceruledge|atk|1\n|-boost|p1b: Ceruledge|def|1\n|\n|upkeep\n|turn|8\n|inactive|Terry kloak has 30 seconds left.\n|\n|t:|1682113785\n|switch|p2b: Zotzilaha|Sableye, L50, M, shiny|100\/100\n|move|p1b: Ceruledge|Protect|p1b: Ceruledge\n|-singleturn|p1b: Ceruledge|Protect\n|move|p1a: Iron Bundle|Protect|p1a: Iron Bundle\n|-singleturn|p1a: Iron Bundle|Protect\n|move|p2a: Tlacolotl|Rock Slide|p1a: Iron Bundle|[spread] \n|-activate|p1a: Iron Bundle|move: Protect\n|-activate|p1b: Ceruledge|move: Protect\n|\n|-sideend|p2: ChossyVGC|Reflect\n|upkeep\n|turn|9\n|inactive|Terry kloak has 30 seconds left.\n|\n|t:|1682113816\n|switch|p1b: Orthworm|Orthworm, L50, M|45\/100\n|move|p2b: Zotzilaha|Encore||[still]\n|-fail|p2b: Zotzilaha\n|move|p2a: Tlacolotl|Rock Slide|p1b: Orthworm|[spread] p1a,p1b\n|-supereffective|p1a: Iron Bundle\n|-activate|p1a: Iron Bundle|move: Substitute|[damage]\n|-resisted|p1b: Orthworm\n|-damage|p1b: Orthworm|41\/100\n|move|p1a: Iron Bundle|Freeze-Dry|p2a: Tlacolotl\n|-supereffective|p2a: Tlacolotl\n|-damage|p2a: Tlacolotl|37\/100\n|-status|p2a: Tlacolotl|frz\n|-enditem|p2a: Tlacolotl|Lum Berry|[eat]\n|-curestatus|p2a: Tlacolotl|frz|[msg]\n|\n|-sideend|p1: Terry kloak|move: Light Screen\n|upkeep\n|turn|10\n|c|\u2606ChossyVGC|:|\n|inactive|Terry kloak has 30 seconds left.\n|inactive|ChossyVGC has 30 seconds left.\n|\n|t:|1682113848\n|switch|p1b: Grimmsnarl|Grimmsnarl, L50, M|100\/100\n|move|p2b: Zotzilaha|Disable|p1a: Iron Bundle\n|-start|p1a: Iron Bundle|Disable|Freeze-Dry\n|move|p2a: Tlacolotl|Rock Slide|p1a: Iron Bundle|[spread] p1a,p1b\n|-supereffective|p1a: Iron Bundle\n|-end|p1a: Iron Bundle|Substitute\n|-crit|p1b: Grimmsnarl\n|-damage|p1b: Grimmsnarl|78\/100\n|cant|p1a: Iron Bundle|Disable|Freeze-Dry\n|\n|-fieldend|move: Trick Room\n|upkeep\n|turn|11\n|inactive|Terry kloak has 30 seconds left.\n|\n|t:|1682113876\n|-end|p1a: Iron Bundle|Quark Drive|[silent]\n|switch|p1a: Orthworm|Orthworm, L50, M|41\/100\n|switch|p2b: Itzamna|Slowbro, L50, M, shiny, tera:Normal|66\/100\n|move|p1b: Grimmsnarl|Fake Out|p2a: Tlacolotl\n|-crit|p2a: Tlacolotl\n|-damage|p2a: Tlacolotl|27\/100\n|cant|p2a: Tlacolotl|flinch\n|\n|upkeep\n|turn|12\n|\n|t:|1682113898\n|move|p1b: Grimmsnarl|Spirit Break|p2a: Tlacolotl\n|-damage|p2a: Tlacolotl|10\/100\n|-unboost|p2a: Tlacolotl|spa|1\n|move|p1a: Orthworm|Body Press|p2a: Tlacolotl\n|-damage|p2a: Tlacolotl|0 fnt\n|faint|p2a: Tlacolotl\n|move|p2b: Itzamna|Trick Room|p2b: Itzamna\n|-fieldstart|move: Trick Room|[of] p2b: Itzamna\n|\n|upkeep\n|-message|ChossyVGC forfeited.\n|\n|win|Terry kloak\n|raw|Terry kloak's rating: 1458 → 1473<\/strong> (+15 for winning)\n|raw|ChossyVGC's rating: 1363 → 1348<\/strong> (-15 for losing)\n|l|\u2606ChossyVGC\n","uploadtime":1682113914,"views":10,"p1id":"terrykloak","p2id":"chossyvgc","formatid":"gen9vgc2023regulationc","rating":1348,"private":0,"password":""}