{"id":"gen9vgc2023regulationc-1858228928","p1":"Moeichichii","p2":"Mike2811","format":"[Gen 9] VGC 2023 Regulation C","log":"|j|\u2606Moeichichii\n|j|\u2606Mike2811\n|t:|1683293271\n|gametype|doubles\n|player|p1|Moeichichii|parasollady|1006\n|player|p2|Mike2811|2|1000\n|teamsize|p1|6\n|teamsize|p2|6\n|gen|9\n|tier|[Gen 9] VGC 2023 Regulation C\n|rated|\n|rule|Species Clause: Limit one of each Pok\u00e9mon\n|rule|Item Clause: Limit one of each item\n|clearpoke\n|poke|p1|Arcanine, L50, M|\n|poke|p1|Amoonguss, L50, F|\n|poke|p1|Flutter Mane, L50|\n|poke|p1|Glimmora, L50, F|\n|poke|p1|Palafin, L50, F|\n|poke|p1|Ting-Lu, L50|\n|poke|p2|Mimikyu, L50, F|\n|poke|p2|Mabosstiff, L50, F|\n|poke|p2|Garganacl, L50, M|\n|poke|p2|Wo-Chien, L50|\n|poke|p2|Gothitelle, L50, F|\n|poke|p2|Volcarona, L50, M|\n|teampreview|4\n|\n|t:|1683293338\n|start\n|switch|p1a: Flutter Mane|Flutter Mane, L50, shiny|100\/100\n|switch|p1b: Ting-Lu|Ting-Lu, L50|100\/100\n|switch|p2a: Mimikyu|Mimikyu, L50, F|100\/100\n|switch|p2b: Mabosstiff|Mabosstiff, L50, F|100\/100\n|-ability|p1b: Ting-Lu|Vessel of Ruin\n|turn|1\n|\n|t:|1683293372\n|switch|p2a: Wo-Chien|Wo-Chien, L50|100\/100\n|-ability|p2a: Wo-Chien|Tablets of Ruin\n|switch|p1b: Glimmora|Glimmora, L50, F|100\/100\n|-terastallize|p2b: Mabosstiff|Steel\n|move|p2b: Mabosstiff|Tera Blast|p1a: Flutter Mane\n|-supereffective|p1a: Flutter Mane\n|-damage|p1a: Flutter Mane|0 fnt\n|faint|p1a: Flutter Mane\n|-end|p1a: Flutter Mane|Protosynthesis|[silent]\n|\n|upkeep\n|\n|t:|1683293390\n|switch|p1a: Ting-Lu|Ting-Lu, L50|100\/100\n|-ability|p1a: Ting-Lu|Vessel of Ruin\n|turn|2\n|\n|t:|1683293409\n|switch|p2b: Gothitelle|Gothitelle, L50, F|100\/100\n|move|p1b: Glimmora|Sludge Bomb|p2a: Wo-Chien\n|-supereffective|p2a: Wo-Chien\n|-damage|p2a: Wo-Chien|62\/100\n|-status|p2a: Wo-Chien|psn\n|move|p2a: Wo-Chien|Leech Seed|p1b: Glimmora\n|-start|p1b: Glimmora|move: Leech Seed\n|move|p1a: Ting-Lu|Stomping Tantrum|p2b: Gothitelle\n|-damage|p2b: Gothitelle|71\/100\n|\n|-damage|p1b: Glimmora|88\/100|[from] Leech Seed|[of] p2a: Wo-Chien\n|-heal|p2a: Wo-Chien|72\/100 psn|[silent]\n|-damage|p2a: Wo-Chien|60\/100 psn|[from] psn\n|upkeep\n|turn|3\n|\n|t:|1683293435\n|move|p2b: Gothitelle|Fake Out|p1a: Ting-Lu\n|-damage|p1a: Ting-Lu|99\/100\n|move|p1b: Glimmora|Sludge Bomb|p2a: Wo-Chien\n|-supereffective|p2a: Wo-Chien\n|-damage|p2a: Wo-Chien|18\/100 psn\n|-enditem|p2a: Wo-Chien|Aguav Berry|[eat]\n|-heal|p2a: Wo-Chien|51\/100 psn|[from] item: Aguav Berry\n|move|p2a: Wo-Chien|Leech Seed|p1a: Ting-Lu\n|-start|p1a: Ting-Lu|move: Leech Seed\n|cant|p1a: Ting-Lu|flinch\n|\n|-damage|p1b: Glimmora|76\/100|[from] Leech Seed|[of] p2a: Wo-Chien\n|-heal|p2a: Wo-Chien|61\/100 psn|[silent]\n|-damage|p1a: Ting-Lu|86\/100|[from] Leech Seed|[of] p2a: Wo-Chien\n|-heal|p2a: Wo-Chien|77\/100 psn|[silent]\n|-damage|p2a: Wo-Chien|65\/100 psn|[from] psn\n|upkeep\n|turn|4\n|\n|t:|1683293465\n|move|p1b: Glimmora|Energy Ball|p2a: Wo-Chien\n|-resisted|p2a: Wo-Chien\n|-damage|p2a: Wo-Chien|59\/100 psn\n|-unboost|p2a: Wo-Chien|spd|1\n|move|p2a: Wo-Chien|Ruination|p1a: Ting-Lu\n|-damage|p1a: Ting-Lu|44\/100\n|move|p2b: Gothitelle|Psychic|p1b: Glimmora\n|-supereffective|p1b: Glimmora\n|-damage|p1b: Glimmora|0 fnt\n|faint|p1b: Glimmora\n|move|p1a: Ting-Lu|Ruination|p2b: Gothitelle\n|-damage|p2b: Gothitelle|36\/100\n|\n|-damage|p1a: Ting-Lu|31\/100|[from] Leech Seed|[of] p2a: Wo-Chien\n|-heal|p2a: Wo-Chien|76\/100 psn|[silent]\n|-damage|p2a: Wo-Chien|64\/100 psn|[from] psn\n|upkeep\n|\n|t:|1683293484\n|switch|p1b: Amoonguss|Amoonguss, L50, F|100\/100\n|turn|5\n|-message|Moeichichii forfeited.\n|\n|win|Mike2811\n|raw|Moeichichii's rating: 1006 → 1000<\/strong> (-6 for losing)\n|raw|Mike2811's rating: 1000 → 1041<\/strong> (+41 for winning)\n|l|\u2606Moeichichii\n|c|\u2606Mike2811|gg\n","uploadtime":1683293509,"views":7,"p1id":"moeichichii","p2id":"mike2811","formatid":"gen9vgc2023regulationc","rating":1000,"private":0,"password":""}