{"id":"gen9vgc2023regulationc-1857234394","p1":"Bitt 24","p2":"Memebasedgod","format":"[Gen 9] VGC 2023 Regulation C","log":"|j|\u2606Bitt 24\n|j|\u2606Memebasedgod\n|t:|1683161430\n|gametype|doubles\n|player|p1|Bitt 24|169|\n|player|p2|Memebasedgod|nemona-v|\n|teamsize|p1|6\n|teamsize|p2|6\n|gen|9\n|tier|[Gen 9] VGC 2023 Regulation C\n|rule|Species Clause: Limit one of each Pok\u00e9mon\n|rule|Item Clause: Limit one of each item\n|clearpoke\n|poke|p1|Barraskewda, L50, M|\n|poke|p1|Dragapult, L50, M|\n|poke|p1|Pyroar, L50, M|\n|poke|p1|Dachsbun, L50, F|\n|poke|p1|Clodsire, L50, F|\n|poke|p1|Klefki, L50, M|\n|poke|p2|Ting-Lu, L50|\n|poke|p2|Arcanine, L50, M|\n|poke|p2|Gengar, L50, F|\n|poke|p2|Bronzong, L50|\n|poke|p2|Noivern, L50, F|\n|poke|p2|Pikachu, L50, M|\n|teampreview|4\n|c|\u2606Memebasedgod|g2\nBitt 24 rejected open team sheets.\n|j| Toronto 6ix\n|c|\u2606Memebasedgod|glhf\n|c|\u2606Bitt 24|Lol\n|c|\u2606Memebasedgod|lol\n|j| GuardianofL1ght\n|c| GuardianofL1ght|Sus\n|inactive|Battle timer is ON: inactive players will automatically lose when time's up. (requested by Bitt 24)\n|inactiveoff|Battle timer is now OFF.\n|c|\u2606Memebasedgod|lol\n|c|\u2606Bitt 24|Ops\n|c| Toronto 6ix|Wolfey: \"For all you fissure players out there: do you wanna win by getting lucky?\" Lol\n|c|\u2606Memebasedgod|yes\n|c|\u2606Bitt 24|Sussy stop stalling fr\n|\n|t:|1683162006\n|start\n|switch|p1a: Dragapult|Dragapult, L50, M|100\/100\n|switch|p1b: Barraskewda|Barraskewda, L50, M|100\/100\n|switch|p2a: A Special Boy|Pikachu, L50, M|100\/100\n|switch|p2b: Da Jokah Baybee|Gengar, L50, F|100\/100\n|turn|1\n|c|\u2606Bitt 24|just click fissure and win alrdy\n|\n|t:|1683162056\n|switch|p1b: Clodsire|Clodsire, L50, F|100\/100\n|-terastallize|p1a: Dragapult|Dragon\n|move|p2a: A Special Boy|Feint|p1b: Clodsire\n|-damage|p1b: Clodsire|96\/100\n|move|p2b: Da Jokah Baybee|Shadow Ball|p1b: Clodsire\n|-damage|p1b: Clodsire|63\/100\n|move|p1a: Dragapult|Shadow Ball|p2b: Da Jokah Baybee\n|-supereffective|p2b: Da Jokah Baybee\n|-damage|p2b: Da Jokah Baybee|0 fnt\n|-start|p1a: Dragapult|Disable|Shadow Ball|[from] ability: Cursed Body|[of] p2b: Da Jokah Baybee\n|faint|p2b: Da Jokah Baybee\n|-damage|p1a: Dragapult|91\/100|[from] item: Life Orb\n|\n|upkeep\n|\n|t:|1683162068\n|switch|p2b: Taco Bell|Bronzong, L50|100\/100\n|turn|2\n|c|\u2606Bitt 24|Fuck\n|\n|t:|1683162086\n|switch|p1a: Barraskewda|Barraskewda, L50, M|100\/100\n|move|p2a: A Special Boy|Nuzzle|p1a: Barraskewda\n|-supereffective|p1a: Barraskewda\n|-damage|p1a: Barraskewda|77\/100\n|-status|p1a: Barraskewda|par\n|move|p1b: Clodsire|Stomping Tantrum|p2a: A Special Boy\n|-supereffective|p2a: A Special Boy\n|-enditem|p2a: A Special Boy|Focus Sash\n|-damage|p2a: A Special Boy|1\/100\n|move|p2b: Taco Bell|Trick Room|p2b: Taco Bell\n|-fieldstart|move: Trick Room|[of] p2b: Taco Bell\n|\n|upkeep\n|turn|3\n|\n|t:|1683162108\n|move|p1b: Clodsire|Stomping Tantrum|p2a: A Special Boy\n|-supereffective|p2a: A Special Boy\n|-damage|p2a: A Special Boy|0 fnt\n|faint|p2a: A Special Boy\n|move|p2b: Taco Bell|Hypnosis|p1b: Clodsire\n|-status|p1b: Clodsire|slp|[from] move: Hypnosis\n|move|p1a: Barraskewda|Liquidation|p2b: Taco Bell\n|-damage|p2b: Taco Bell|67\/100\n|\n|upkeep\n|\n|t:|1683162115\n|switch|p2a: Space Jam|Ting-Lu, L50|100\/100\n|-ability|p2a: Space Jam|Vessel of Ruin\n|turn|4\n|\n|t:|1683162135\n|-terastallize|p2a: Space Jam|Poison\n|cant|p1a: Barraskewda|par\n|cant|p1b: Clodsire|slp\n|move|p2b: Taco Bell|Night Shade|p1a: Barraskewda\n|-damage|p1a: Barraskewda|41\/100 par\n|move|p2a: Space Jam|Stomping Tantrum|p1a: Barraskewda\n|-damage|p1a: Barraskewda|0 fnt\n|faint|p1a: Barraskewda\n|\n|upkeep\n|c|\u2606Bitt 24|\ud83d\ude2d\ud83d\ude2d\n|\n|t:|1683162165\n|switch|p1a: Pyroar|Pyroar, L50, M|100\/100\n|-ability|p1a: Pyroar|Unnerve\n|turn|5\n|\n|t:|1683162175\n|move|p1a: Pyroar|Protect|p1a: Pyroar\n|-singleturn|p1a: Pyroar|Protect\n|cant|p1b: Clodsire|slp\n|move|p2b: Taco Bell|Gravity|p2b: Taco Bell\n|-fieldstart|move: Gravity\n|move|p2a: Space Jam|Stomping Tantrum|p1b: Clodsire\n|-supereffective|p1b: Clodsire\n|-damage|p1b: Clodsire|12\/100 slp\n|-enditem|p1b: Clodsire|Sitrus Berry|[eat]\n|-heal|p1b: Clodsire|37\/100 slp|[from] item: Sitrus Berry\n|\n|upkeep\n|turn|6\n|\n|t:|1683162188\n|cant|p1b: Clodsire|slp\n|move|p2b: Taco Bell|Hypnosis|p1a: Pyroar\n|-status|p1a: Pyroar|slp|[from] move: Hypnosis\n|move|p2a: Space Jam|Stomping Tantrum|p1b: Clodsire\n|-supereffective|p1b: Clodsire\n|-damage|p1b: Clodsire|0 fnt\n|faint|p1b: Clodsire\n|cant|p1a: Pyroar|slp\n|\n|-fieldend|move: Trick Room\n|upkeep\n|\n|t:|1683162193\n|switch|p1b: Dragapult|Dragapult, L50, M, tera:Dragon|91\/100\n|turn|7\n|c|\u2606Bitt 24|Dude\n|\n|t:|1683162206\n|move|p1b: Dragapult|Shadow Ball|p2b: Taco Bell\n|-supereffective|p2b: Taco Bell\n|-damage|p2b: Taco Bell|0 fnt\n|faint|p2b: Taco Bell\n|-damage|p1b: Dragapult|81\/100|[from] item: Life Orb\n|cant|p1a: Pyroar|slp\n|move|p2a: Space Jam|Ruination|p1b: Dragapult\n|-damage|p1b: Dragapult|41\/100\n|\n|upkeep\n|turn|8\n|\n|t:|1683162221\n|move|p1b: Dragapult|Protect|p1b: Dragapult\n|-singleturn|p1b: Dragapult|Protect\n|-curestatus|p1a: Pyroar|slp|[msg]\n|move|p1a: Pyroar|Hyper Voice|p2a: Space Jam\n|-damage|p2a: Space Jam|73\/100\n|-enditem|p1a: Pyroar|Throat Spray\n|-boost|p1a: Pyroar|spa|1|[from] item: Throat Spray\n|move|p2a: Space Jam|Stomping Tantrum|p1b: Dragapult\n|-activate|p1b: Dragapult|move: Protect\n|\n|-heal|p2a: Space Jam|79\/100|[from] item: Leftovers\n|upkeep\n|turn|9\n|\n|t:|1683162240\n|move|p1b: Dragapult|Draco Meteor|p2a: Space Jam\n|-damage|p2a: Space Jam|13\/100\n|-unboost|p1b: Dragapult|spa|2\n|-damage|p1b: Dragapult|31\/100|[from] item: Life Orb\n|move|p1a: Pyroar|Heat Wave|p2a: Space Jam\n|-damage|p2a: Space Jam|0 fnt\n|faint|p2a: Space Jam\n|\n|win|Bitt 24\n|c|\u2606Memebasedgod|gg\n|c|\u2606Bitt 24|Omg lets go\n","uploadtime":1683162252,"views":20,"p1id":"bitt24","p2id":"memebasedgod","formatid":"gen9vgc2023regulationc","rating":0,"private":0,"password":""}