{"id":"gen9vgc2023regulationc-1849747886","p1":"jungnyang2","p2":"shm0406","format":"[Gen 9] VGC 2023 Regulation C","log":"|j|\u2606jungnyang2\n|j|\u2606shm0406\n|t:|1682244534\n|gametype|doubles\n|player|p1|jungnyang2|dawn|\n|player|p2|shm0406|n|\n|teamsize|p1|6\n|teamsize|p2|6\n|gen|9\n|tier|[Gen 9] VGC 2023 Regulation C\n|rule|Species Clause: Limit one of each Pok\u00e9mon\n|rule|Item Clause: Limit one of each item\n|clearpoke\n|poke|p1|Talonflame, L50, M|\n|poke|p1|Garchomp, L50, F|\n|poke|p1|Flutter Mane, L50|\n|poke|p1|Chi-Yu, L50|\n|poke|p1|Amoonguss, L50, M|\n|poke|p1|Maushold-Four, L50|\n|poke|p2|Talonflame, L50, F|\n|poke|p2|Garchomp, L50, F|\n|poke|p2|Flutter Mane, L50|\n|poke|p2|Amoonguss, L50, F|\n|poke|p2|Chien-Pao, L50|\n|poke|p2|Iron Bundle, L50|\n|teampreview|4\n|\n|t:|1682244561\n|start\n|switch|p1a: Talonflame|Talonflame, L50, M, shiny|100\/100\n|switch|p1b: Maushold|Maushold-Four, L50, shiny|100\/100\n|switch|p2a: Talonflame|Talonflame, L50, F, shiny|100\/100\n|switch|p2b: Garchomp|Garchomp, L50, F|100\/100\n|turn|1\n|\n|t:|1682244577\n|-terastallize|p2b: Garchomp|Steel\n|move|p1a: Talonflame|Tailwind|p1a: Talonflame\n|-sidestart|p1: jungnyang2|move: Tailwind\n|move|p1b: Maushold|Encore||[still]\n|-fail|p1b: Maushold\n|move|p2a: Talonflame|Taunt|p1a: Talonflame\n|-start|p1a: Talonflame|move: Taunt\n|move|p2b: Garchomp|Swords Dance|p2b: Garchomp\n|-boost|p2b: Garchomp|atk|2\n|\n|upkeep\n|turn|2\n|inactive|Battle timer is ON: inactive players will automatically lose when time's up. (requested by jungnyang2)\n|c|\u2606jungnyang2|\u314f\n|c|\u2606jungnyang2|\uc5d0\ubc18\ub370\n|\n|t:|1682244603\n|move|p1b: Maushold|Protect|p1b: Maushold\n|-singleturn|p1b: Maushold|Protect\n|move|p2b: Garchomp|Protect|p2b: Garchomp\n|-singleturn|p2b: Garchomp|Protect\n|move|p2a: Talonflame|Tailwind|p2a: Talonflame\n|-sidestart|p2: shm0406|move: Tailwind\n|move|p1a: Talonflame|Heat Wave|p2a: Talonflame|[spread] p2a\n|-activate|p2b: Garchomp|move: Protect\n|-resisted|p2a: Talonflame\n|-damage|p2a: Talonflame|88\/100\n|\n|upkeep\n|turn|3\n|\n|t:|1682244627\n|move|p1a: Talonflame|Heat Wave|p2b: Garchomp|[spread] p2a,p2b\n|-resisted|p2a: Talonflame\n|-supereffective|p2b: Garchomp\n|-damage|p2a: Talonflame|75\/100\n|-damage|p2b: Garchomp|52\/100\n|move|p2a: Talonflame|Taunt|p1b: Maushold\n|-start|p1b: Maushold|move: Taunt\n|move|p1b: Maushold|Population Bomb|p2a: Talonflame\n|-damage|p2a: Talonflame|59\/100\n|-damage|p2a: Talonflame|46\/100\n|-damage|p2a: Talonflame|31\/100\n|-damage|p2a: Talonflame|17\/100\n|-damage|p2a: Talonflame|3\/100\n|-damage|p2a: Talonflame|0 fnt\n|faint|p2a: Talonflame\n|-hitcount|p2: Talonflame|6\n|move|p2b: Garchomp|Dragon Claw|p1a: Talonflame\n|-damage|p1a: Talonflame|0 fnt\n|faint|p1a: Talonflame\n|\n|upkeep\n|\n|t:|1682244651\n|switch|p1a: Chi-Yu|Chi-Yu, L50|100\/100\n|switch|p2a: Iron Bundle|Iron Bundle, L50|100\/100\n|-ability|p1a: Chi-Yu|Beads of Ruin\n|-enditem|p2a: Iron Bundle|Booster Energy\n|-activate|p2a: Iron Bundle|ability: Quark Drive|[fromitem]\n|-start|p2a: Iron Bundle|quarkdrivespe\n|turn|4\n|\n|t:|1682244669\n|-terastallize|p1a: Chi-Yu|Grass\n|move|p2a: Iron Bundle|Icy Wind|p1b: Maushold|[spread] p1a\n|-miss|p2a: Iron Bundle|p1b: Maushold\n|-supereffective|p1a: Chi-Yu\n|-damage|p1a: Chi-Yu|49\/100\n|-unboost|p1a: Chi-Yu|spe|1\n|move|p1b: Maushold|Population Bomb|p2a: Iron Bundle\n|-damage|p2a: Iron Bundle|85\/100\n|-damage|p2a: Iron Bundle|70\/100\n|-damage|p2a: Iron Bundle|57\/100\n|-damage|p2a: Iron Bundle|43\/100\n|-damage|p2a: Iron Bundle|28\/100\n|-damage|p2a: Iron Bundle|14\/100\n|-damage|p2a: Iron Bundle|0 fnt\n|faint|p2a: Iron Bundle\n|-end|p2a: Iron Bundle|Quark Drive|[silent]\n|-hitcount|p2: Iron Bundle|7\n|move|p2b: Garchomp|Dragon Claw|p1a: Chi-Yu\n|-damage|p1a: Chi-Yu|0 fnt\n|faint|p1a: Chi-Yu\n|\n|-sideend|p1: jungnyang2|move: Tailwind\n|upkeep\n|c|\u2606jungnyang2|\u314e \u314f\n|inactive|jungnyang2 has 30 seconds left.\n|c|\u2606jungnyang2|\ud558\ud38c \uc65c\uc548\uc640\n|\n|t:|1682244703\n|switch|p2a: Flutter Mane|Flutter Mane, L50|100\/100\n|switch|p1a: Flutter Mane|Flutter Mane, L50, shiny|100\/100\n|turn|5\n|\n|t:|1682244723\n|move|p2a: Flutter Mane|Dazzling Gleam|p1a: Flutter Mane|[spread] p1a,p1b\n|-damage|p1a: Flutter Mane|68\/100\n|-damage|p1b: Maushold|50\/100\n|move|p2b: Garchomp|Earthquake|p1b: Maushold|[spread] p2a,p1a,p1b\n|-enditem|p2a: Flutter Mane|Focus Sash\n|-damage|p2a: Flutter Mane|1\/100\n|-damage|p1a: Flutter Mane|0 fnt\n|-damage|p1b: Maushold|0 fnt\n|faint|p1a: Flutter Mane\n|-end|p1a: Flutter Mane|Protosynthesis|[silent]\n|faint|p1b: Maushold\n|\n|win|shm0406\n","uploadtime":1682244740,"views":15,"p1id":"jungnyang2","p2id":"shm0406","formatid":"gen9vgc2023regulationc","rating":0,"private":0,"password":""}