{"id":"gen9vgc2023regulationc-1852396604","p1":"Hikawari","p2":"J0rdy2018","format":"[Gen 9] VGC 2023 Regulation C","log":"|j|\u2606Hikawari\n|j|\u2606J0rdy2018\n|t:|1682552489\n|gametype|doubles\n|player|p1|Hikawari|265|1343\n|player|p2|J0rdy2018|1|1384\n|teamsize|p1|6\n|teamsize|p2|6\n|gen|9\n|tier|[Gen 9] VGC 2023 Regulation C\n|rated|\n|rule|Species Clause: Limit one of each Pok\u00e9mon\n|rule|Item Clause: Limit one of each item\n|clearpoke\n|poke|p1|Amoonguss, L50, M|\n|poke|p1|Baxcalibur, L50, F|\n|poke|p1|Corviknight, L50, F|\n|poke|p1|Glimmora, L50, F|\n|poke|p1|Rotom-Wash, L50|\n|poke|p1|Ting-Lu, L50|\n|poke|p2|Glimmora, L50, F|\n|poke|p2|Flutter Mane, L50|\n|poke|p2|Corviknight, L50, F|\n|poke|p2|Amoonguss, L50, F|\n|poke|p2|Ting-Lu, L50|\n|poke|p2|Palafin, L50, M|\n|teampreview|4\n|inactive|Battle timer is ON: inactive players will automatically lose when time's up. (requested by Hikawari)\nHikawari has agreed to open team sheets.\n|inactive|Hikawari has 60 seconds left.\n|\n|t:|1682552554\n|start\n|switch|p1a: Rotom|Rotom-Wash, L50|100\/100\n|switch|p1b: Corviknight|Corviknight, L50, F|100\/100\n|switch|p2a: Palafin|Palafin, L50, M|100\/100\n|switch|p2b: Ting-Lu|Ting-Lu, L50|100\/100\n|-ability|p2b: Ting-Lu|Vessel of Ruin\n|turn|1\n|\n|t:|1682552570\n|move|p2a: Palafin|Protect|p2a: Palafin\n|-singleturn|p2a: Palafin|Protect\n|move|p1a: Rotom|Will-O-Wisp|p2b: Ting-Lu\n|-status|p2b: Ting-Lu|brn\n|move|p1b: Corviknight|Bulk Up|p1b: Corviknight\n|-boost|p1b: Corviknight|atk|1\n|-boost|p1b: Corviknight|def|1\n|move|p2b: Ting-Lu|Rock Slide|p1b: Corviknight|[spread] p1a,p1b\n|-damage|p1a: Rotom|93\/100\n|-damage|p1b: Corviknight|98\/100\n|\n|-heal|p1b: Corviknight|100\/100|[from] item: Leftovers\n|-damage|p2b: Ting-Lu|94\/100 brn|[from] brn\n|upkeep\n|turn|2\n|\n|t:|1682552592\n|detailschange|p2a: Palafin|Palafin-Hero, L50, M\n|switch|p2a: Glimmora|Glimmora, L50, F|100\/100\n|move|p1a: Rotom|Volt Switch|p2a: Glimmora\n|-damage|p2a: Glimmora|83\/100\n|\n|t:|1682552604\n|switch|p1a: Amoonguss|Amoonguss, L50, M|100\/100|[from] Volt Switch\n|move|p1b: Corviknight|Bulk Up|p1b: Corviknight\n|-boost|p1b: Corviknight|atk|1\n|-boost|p1b: Corviknight|def|1\n|move|p2b: Ting-Lu|Ruination|p1b: Corviknight\n|-damage|p1b: Corviknight|50\/100\n|\n|-heal|p1b: Corviknight|56\/100|[from] item: Leftovers\n|-heal|p2b: Ting-Lu|100\/100 brn|[from] item: Leftovers\n|-damage|p2b: Ting-Lu|94\/100 brn|[from] brn\n|upkeep\n|turn|3\n|\n|t:|1682552625\n|move|p2a: Glimmora|Power Gem|p1b: Corviknight\n|-damage|p1b: Corviknight|31\/100\n|move|p1b: Corviknight|Roost|p1b: Corviknight\n|-heal|p1b: Corviknight|81\/100\n|-singleturn|p1b: Corviknight|move: Roost\n|move|p2b: Ting-Lu|Rock Slide|p1b: Corviknight|[spread] p1a,p1b\n|-resisted|p1b: Corviknight\n|-damage|p1a: Amoonguss|94\/100\n|-damage|p1b: Corviknight|80\/100\n|move|p1a: Amoonguss|Spore|p2a: Glimmora\n|-status|p2a: Glimmora|slp|[from] move: Spore\n|\n|-heal|p1b: Corviknight|86\/100|[from] item: Leftovers\n|-heal|p2b: Ting-Lu|100\/100 brn|[from] item: Leftovers\n|-damage|p2b: Ting-Lu|94\/100 brn|[from] brn\n|upkeep\n|turn|4\n|\n|t:|1682552646\n|switch|p1a: Rotom|Rotom-Wash, L50|93\/100\n|move|p2b: Ting-Lu|Protect|p2b: Ting-Lu\n|-singleturn|p2b: Ting-Lu|Protect\n|cant|p2a: Glimmora|slp\n|move|p1b: Corviknight|Body Press|p2a: Glimmora\n|-damage|p2a: Glimmora|43\/100 slp\n|-activate|p2a: Glimmora|ability: Toxic Debris\n|-sidestart|p1: Hikawari|move: Toxic Spikes\n|\n|-heal|p1b: Corviknight|92\/100|[from] item: Leftovers\n|-heal|p2b: Ting-Lu|100\/100 brn|[from] item: Leftovers\n|-damage|p2b: Ting-Lu|94\/100 brn|[from] brn\n|upkeep\n|turn|5\n|\n|t:|1682552670\n|-terastallize|p2b: Ting-Lu|Water\n|move|p1a: Rotom|Hydro Pump|p2a: Glimmora|[miss]\n|-miss|p1a: Rotom|p2a: Glimmora\n|cant|p2a: Glimmora|slp\n|move|p1b: Corviknight|Bulk Up|p1b: Corviknight\n|-boost|p1b: Corviknight|atk|1\n|-boost|p1b: Corviknight|def|1\n|move|p2b: Ting-Lu|Rock Slide|p1b: Corviknight|[spread] p1b\n|-miss|p2b: Ting-Lu|p1a: Rotom\n|-damage|p1b: Corviknight|91\/100\n|\n|-heal|p1b: Corviknight|97\/100|[from] item: Leftovers\n|-heal|p2b: Ting-Lu|100\/100 brn|[from] item: Leftovers\n|-damage|p2b: Ting-Lu|94\/100 brn|[from] brn\n|upkeep\n|turn|6\n|\n|t:|1682552693\n|move|p1a: Rotom|Hydro Pump|p2a: Glimmora\n|-supereffective|p2a: Glimmora\n|-crit|p2a: Glimmora\n|-damage|p2a: Glimmora|0 fnt\n|faint|p2a: Glimmora\n|move|p1b: Corviknight|Body Press|p2b: Ting-Lu\n|-damage|p2b: Ting-Lu|62\/100 brn\n|move|p2b: Ting-Lu|Ruination|p1b: Corviknight\n|-damage|p1b: Corviknight|49\/100\n|\n|-heal|p1b: Corviknight|54\/100|[from] item: Leftovers\n|-heal|p2b: Ting-Lu|68\/100 brn|[from] item: Leftovers\n|-damage|p2b: Ting-Lu|62\/100 brn|[from] brn\n|upkeep\n|-message|J0rdy2018 forfeited.\n|\n|win|Hikawari\n|raw|Hikawari's rating: 1343 → 1365<\/strong> (+22 for winning)\n|raw|J0rdy2018's rating: 1384 → 1362<\/strong> (-22 for losing)\n|l|\u2606J0rdy2018\n","uploadtime":1682552717,"views":14,"p1id":"hikawari","p2id":"j0rdy2018","formatid":"gen9vgc2023regulationc","rating":1362,"private":0,"password":""}