{"id":"gen9vgc2023regulationc-1856312441","p1":"Spearwinner","p2":"RylektVGC","format":"[Gen 9] VGC 2023 Regulation C","log":"|j|\u2606Spearwinner\n|j|\u2606RylektVGC\n|t:|1683049908\n|gametype|doubles\n|player|p1|Spearwinner|2|\n|player|p2|RylektVGC|flannery|\n|teamsize|p1|6\n|teamsize|p2|6\n|gen|9\n|tier|[Gen 9] VGC 2023 Regulation C\n|rule|Species Clause: Limit one of each Pok\u00e9mon\n|rule|Item Clause: Limit one of each item\n|clearpoke\n|poke|p1|Dragonite, L50, F|\n|poke|p1|Chien-Pao, L50|\n|poke|p1|Ceruledge, L50, F|\n|poke|p1|Scream Tail, L50|\n|poke|p1|Azumarill, L50, F|\n|poke|p1|Ting-Lu, L50|\n|poke|p2|Maushold-Four, L50|\n|poke|p2|Gholdengo, L50|\n|poke|p2|Flutter Mane, L50|\n|poke|p2|Dragonite, L50, M|\n|poke|p2|Chien-Pao, L50|\n|poke|p2|Iron Bundle, L50|\n|teampreview|4\nRylektVGC has agreed to open team sheets.\n|c|\u2606RylektVGC|g2\nSpearwinner has agreed to open team sheets.\n|c|\u2606Spearwinner|g2\n|c|\u2606Spearwinner|gg\n|c|\u2606Spearwinner|glhf\n|c|\u2606RylektVGC|glhf\n|\n|t:|1683050402\n|start\n|switch|p1a: Scream Tail|Scream Tail, L50|100\/100\n|switch|p1b: Dragonite|Dragonite, L50, F|100\/100\n|switch|p2a: Gholdengo|Gholdengo, L50|100\/100\n|switch|p2b: MausTour|Maushold-Four, L50|100\/100\n|-enditem|p1a: Scream Tail|Booster Energy\n|-activate|p1a: Scream Tail|ability: Protosynthesis|[fromitem]\n|-start|p1a: Scream Tail|protosynthesisdef\n|turn|1\n|\n|t:|1683050416\n|move|p2b: MausTour|Follow Me|p2b: MausTour\n|-singleturn|p2b: MausTour|move: Follow Me\n|move|p1a: Scream Tail|Howl|p1a: Scream Tail|[spread] p1a,p1b\n|-boost|p1a: Scream Tail|atk|1\n|-boost|p1b: Dragonite|atk|1\n|move|p1b: Dragonite|Dragon Dance|p1b: Dragonite\n|-boost|p1b: Dragonite|atk|1\n|-boost|p1b: Dragonite|spe|1\n|move|p2a: Gholdengo|Make It Rain|p1a: Scream Tail|[spread] p1a,p1b\n|-supereffective|p1a: Scream Tail\n|-damage|p1a: Scream Tail|37\/100\n|-damage|p1b: Dragonite|72\/100\n|-unboost|p2a: Gholdengo|spa|1\n|\n|upkeep\n|turn|2\n|\n|t:|1683050457\n|-terastallize|p1b: Dragonite|Flying\n|move|p2b: MausTour|Follow Me|p2b: MausTour\n|-singleturn|p2b: MausTour|move: Follow Me\n|move|p1b: Dragonite|Tera Blast|p2b: MausTour\n|-damage|p2b: MausTour|0 fnt\n|faint|p2b: MausTour\n|move|p1a: Scream Tail|Howl|p1a: Scream Tail|[spread] p1a,p1b\n|-boost|p1a: Scream Tail|atk|1\n|-boost|p1b: Dragonite|atk|1\n|move|p2a: Gholdengo|Make It Rain|p1b: Dragonite|[spread] p1a,p1b\n|-supereffective|p1a: Scream Tail\n|-damage|p1a: Scream Tail|0 fnt\n|-damage|p1b: Dragonite|39\/100\n|-unboost|p2a: Gholdengo|spa|1\n|faint|p1a: Scream Tail\n|-end|p1a: Scream Tail|Protosynthesis|[silent]\n|\n|upkeep\n|\n|t:|1683050476\n|switch|p2b: Dragonite|Dragonite, L50, M, shiny|100\/100\n|switch|p1a: Chien-Pao|Chien-Pao, L50|100\/100\n|-ability|p1a: Chien-Pao|Sword of Ruin\n|turn|3\n|\n|t:|1683050509\n|move|p1b: Dragonite|Extreme Speed|p2b: Dragonite\n|-damage|p2b: Dragonite|56\/100\n|move|p2b: Dragonite|Extreme Speed|p1b: Dragonite\n|-damage|p1b: Dragonite|0 fnt\n|faint|p1b: Dragonite\n|move|p1a: Chien-Pao|Sucker Punch||[still]\n|-fail|p1a: Chien-Pao\n|move|p2a: Gholdengo|Nasty Plot|p2a: Gholdengo\n|-boost|p2a: Gholdengo|spa|2\n|\n|upkeep\n|\n|t:|1683050517\n|switch|p1b: Ting-Lu|Ting-Lu, L50|100\/100\n|-ability|p1b: Ting-Lu|Vessel of Ruin\n|turn|4\n|\n|t:|1683050538\n|-terastallize|p2a: Gholdengo|Water\n|move|p2b: Dragonite|Extreme Speed|p1a: Chien-Pao\n|-damage|p1a: Chien-Pao|59\/100\n|move|p1a: Chien-Pao|Ice Spinner|p2b: Dragonite\n|-supereffective|p2b: Dragonite\n|-damage|p2b: Dragonite|0 fnt\n|faint|p2b: Dragonite\n|move|p2a: Gholdengo|Make It Rain|p1b: Ting-Lu|[spread] p1a,p1b\n|-supereffective|p1a: Chien-Pao\n|-damage|p1a: Chien-Pao|0 fnt\n|-damage|p1b: Ting-Lu|84\/100\n|-unboost|p2a: Gholdengo|spa|1\n|faint|p1a: Chien-Pao\n|move|p1b: Ting-Lu|Throat Chop|p2a: Gholdengo\n|-damage|p2a: Gholdengo|72\/100\n|-start|p2a: Gholdengo|Throat Chop|[silent]\n|\n|-heal|p2a: Gholdengo|78\/100|[from] item: Leftovers\n|upkeep\n|\n|t:|1683050549\n|switch|p2b: Flutter Mane|Flutter Mane, L50|100\/100\n|turn|5\n|\n|t:|1683050561\n|move|p2b: Flutter Mane|Moonblast|p1b: Ting-Lu\n|-supereffective|p1b: Ting-Lu\n|-damage|p1b: Ting-Lu|30\/100\n|-unboost|p1b: Ting-Lu|spa|1\n|move|p2a: Gholdengo|Nasty Plot|p2a: Gholdengo\n|-boost|p2a: Gholdengo|spa|2\n|move|p1b: Ting-Lu|Fissure|p2b: Flutter Mane|[miss]\n|-miss|p1b: Ting-Lu|p2b: Flutter Mane\n|\n|-heal|p2a: Gholdengo|84\/100|[from] item: Leftovers\n|-end|p2a: Gholdengo|Throat Chop|[silent]\n|upkeep\n|turn|6\n|\n|t:|1683050570\n|move|p2b: Flutter Mane|Moonblast|p1b: Ting-Lu\n|-supereffective|p1b: Ting-Lu\n|-damage|p1b: Ting-Lu|0 fnt\n|faint|p1b: Ting-Lu\n|\n|win|RylektVGC\n|c|\u2606Spearwinner|gg\n|c|\u2606RylektVGC|ggs\n","uploadtime":1683050576,"views":10,"p1id":"spearwinner","p2id":"rylektvgc","formatid":"gen9vgc2023regulationc","rating":0,"private":0,"password":""}