{"id":"gen9vgc2023regulationc-1854809438","p1":"Mr. Darwin","p2":"Blaziken Blazers","format":"[Gen 9] VGC 2023 Regulation C","log":"|j|\u2606Mr. Darwin\n|j|\u2606Blaziken Blazers\n|t:|1682868636\n|gametype|doubles\n|player|p1|Mr. Darwin|unknown|\n|player|p2|Blaziken Blazers|hooligans|\n|teamsize|p1|6\n|teamsize|p2|6\n|gen|9\n|tier|[Gen 9] VGC 2023 Regulation C\n|rule|Species Clause: Limit one of each Pok\u00e9mon\n|rule|Item Clause: Limit one of each item\n|clearpoke\n|poke|p1|Gastrodon, L50, M|\n|poke|p1|Tyranitar, L50, M|\n|poke|p1|Garganacl, L50, F|\n|poke|p1|Grimmsnarl, L50, M|\n|poke|p1|Iron Moth, L50|\n|poke|p1|Houndstone, L50, M|\n|poke|p2|Roaring Moon, L50|\n|poke|p2|Gholdengo, L50|\n|poke|p2|Sylveon, L50, M|\n|poke|p2|Mudsdale, L50, F|\n|poke|p2|Ampharos, L50, F|\n|poke|p2|Tauros-Paldea-Aqua, L50, M|\n|teampreview|4\n|c|\u2606Mr. Darwin|hey duxe\n|c|\u2606Mr. Darwin|glhf\n|c|\u2606Mr. Darwin|tried to add bot\n|c|\u2606Blaziken Blazers|bot is dead again\n|c|\u2606Blaziken Blazers|lol\nBlaziken Blazers rejected open team sheets.\n|c|\u2606Mr. Darwin|lol ok\n|c|\u2606Blaziken Blazers|lets have all 3 games open up\n|c|\u2606Mr. Darwin|g 1\n|c|\u2606Blaziken Blazers|Glhf\n|c|\u2606Mr. Darwin|u2\n|\n|t:|1682868779\n|start\n|switch|p1a: Grimmsnarl|Grimmsnarl, L50, M, shiny|100\/100\n|switch|p1b: Garganacl|Garganacl, L50, F, shiny|100\/100\n|switch|p2a: Gadha|Mudsdale, L50, F, shiny|100\/100\n|switch|p2b: Subway Surfer|Gholdengo, L50|100\/100\n|turn|1\n|inactive|Battle timer is ON: inactive players will automatically lose when time's up. (requested by Mr. Darwin)\n|\n|t:|1682868795\n|-terastallize|p1b: Garganacl|Flying\n|move|p1a: Grimmsnarl|Light Screen|p1a: Grimmsnarl\n|-sidestart|p1: Mr. Darwin|move: Light Screen\n|move|p2b: Subway Surfer|Make It Rain|p1a: Grimmsnarl|[spread] p1a,p1b\n|-supereffective|p1a: Grimmsnarl\n|-damage|p1a: Grimmsnarl|19\/100\n|-damage|p1b: Garganacl|58\/100\n|-unboost|p2b: Subway Surfer|spa|1\n|move|p2a: Gadha|High Horsepower|p1b: Garganacl\n|-immune|p1b: Garganacl\n|move|p1b: Garganacl|Salt Cure|p2b: Subway Surfer\n|-resisted|p2b: Subway Surfer\n|-damage|p2b: Subway Surfer|94\/100\n|-start|p2b: Subway Surfer|Salt Cure\n|\n|-heal|p1b: Garganacl|64\/100|[from] item: Leftovers\n|-damage|p2b: Subway Surfer|70\/100|[from] Salt Cure\n|upkeep\n|turn|2\n|inactive|Mr. Darwin has 30 seconds left.\n|\n|t:|1682868821\n|switch|p2a: Saandu|Tauros-Paldea-Aqua, L50, M, shiny|100\/100\n|-ability|p2a: Saandu|Intimidate|boost\n|-unboost|p1a: Grimmsnarl|atk|1\n|-unboost|p1b: Garganacl|atk|1\n|move|p1a: Grimmsnarl|Reflect|p1a: Grimmsnarl\n|-sidestart|p1: Mr. Darwin|Reflect\n|move|p2b: Subway Surfer|Make It Rain|p1b: Garganacl|[spread] p1a,p1b\n|-supereffective|p1a: Grimmsnarl\n|-damage|p1a: Grimmsnarl|0 fnt\n|-damage|p1b: Garganacl|36\/100\n|-unboost|p2b: Subway Surfer|spa|1\n|faint|p1a: Grimmsnarl\n|move|p1b: Garganacl|Salt Cure|p2a: Saandu\n|-resisted|p2a: Saandu\n|-damage|p2a: Saandu|96\/100\n|-start|p2a: Saandu|Salt Cure\n|\n|-heal|p1b: Garganacl|42\/100|[from] item: Leftovers\n|-damage|p2a: Saandu|71\/100|[from] Salt Cure\n|-damage|p2b: Subway Surfer|45\/100|[from] Salt Cure\n|upkeep\n|\n|t:|1682868838\n|switch|p1a: Tyranitar|Tyranitar, L50, M|100\/100\n|-weather|Sandstorm|[from] ability: Sand Stream|[of] p1a: Tyranitar\n|turn|3\n|\n|t:|1682868847\n|switch|p2b: Gadha|Mudsdale, L50, F, shiny|100\/100\n|switch|p1a: Gastrodon|Gastrodon, L50, M|100\/100\n|move|p2a: Saandu|Close Combat|p1a: Gastrodon\n|-damage|p1a: Gastrodon|45\/100\n|-unboost|p2a: Saandu|def|1\n|-unboost|p2a: Saandu|spd|1\n|-enditem|p1a: Gastrodon|Sitrus Berry|[eat]\n|-heal|p1a: Gastrodon|70\/100|[from] item: Sitrus Berry\n|-damage|p2a: Saandu|61\/100|[from] item: Life Orb\n|move|p1b: Garganacl|Recover|p1b: Garganacl\n|-heal|p1b: Garganacl|92\/100\n|\n|-weather|Sandstorm|[upkeep]\n|-damage|p2a: Saandu|55\/100|[from] Sandstorm\n|-damage|p1b: Garganacl|86\/100|[from] Sandstorm\n|-heal|p1b: Garganacl|92\/100|[from] item: Leftovers\n|-damage|p2a: Saandu|30\/100|[from] Salt Cure\n|upkeep\n|turn|4\n|inactive|Blaziken Blazers has 30 seconds left.\n|inactive|Blaziken Blazers has 20 seconds left.\n|\n|t:|1682868883\n|move|p2a: Saandu|Trailblaze|p1a: Gastrodon\n|-supereffective|p1a: Gastrodon\n|-damage|p1a: Gastrodon|12\/100\n|-boost|p2a: Saandu|spe|1\n|-damage|p2a: Saandu|20\/100|[from] item: Life Orb\n|move|p1a: Gastrodon|Yawn|p2b: Gadha\n|-start|p2b: Gadha|move: Yawn|[of] p1a: Gastrodon\n|move|p1b: Garganacl|Salt Cure|p2a: Saandu\n|-resisted|p2a: Saandu\n|-damage|p2a: Saandu|15\/100\n|move|p2b: Gadha|High Horsepower|p1a: Gastrodon\n|-damage|p1a: Gastrodon|0 fnt\n|faint|p1a: Gastrodon\n|\n|-weather|Sandstorm|[upkeep]\n|-damage|p2a: Saandu|8\/100|[from] Sandstorm\n|-damage|p1b: Garganacl|86\/100|[from] Sandstorm\n|-heal|p1b: Garganacl|92\/100|[from] item: Leftovers\n|-damage|p2a: Saandu|0 fnt|[from] Salt Cure\n|faint|p2a: Saandu\n|upkeep\n|\n|t:|1682868904\n|switch|p2a: Subway Surfer|Gholdengo, L50|45\/100\n|switch|p1a: Tyranitar|Tyranitar, L50, M|100\/100\n|turn|5\n|\n|t:|1682868914\n|switch|p2b: Lizardon|Roaring Moon, L50, shiny|100\/100\n|-enditem|p2b: Lizardon|Booster Energy\n|-activate|p2b: Lizardon|ability: Protosynthesis|[fromitem]\n|-start|p2b: Lizardon|protosynthesisatk\n|move|p2a: Subway Surfer|Make It Rain|p1a: Tyranitar|[spread] p1a,p1b\n|-supereffective|p1a: Tyranitar\n|-damage|p1a: Tyranitar|63\/100\n|-damage|p1b: Garganacl|47\/100\n|-unboost|p2a: Subway Surfer|spa|1\n|move|p1a: Tyranitar|Assurance|p2a: Subway Surfer\n|-supereffective|p2a: Subway Surfer\n|-damage|p2a: Subway Surfer|0 fnt\n|faint|p2a: Subway Surfer\n|move|p1b: Garganacl|Salt Cure|p2b: Lizardon\n|-damage|p2b: Lizardon|87\/100\n|-start|p2b: Lizardon|Salt Cure\n|\n|-weather|Sandstorm|[upkeep]\n|-damage|p2b: Lizardon|81\/100|[from] Sandstorm\n|-damage|p1b: Garganacl|41\/100|[from] Sandstorm\n|-heal|p1b: Garganacl|47\/100|[from] item: Leftovers\n|-damage|p2b: Lizardon|69\/100|[from] Salt Cure\n|upkeep\n|\n|t:|1682868934\n|switch|p2a: Gadha|Mudsdale, L50, F, shiny|100\/100\n|turn|6\n|inactive|Blaziken Blazers has 30 seconds left.\n|\n|t:|1682868960\n|move|p2b: Lizardon|Crunch|p1b: Garganacl\n|-damage|p1b: Garganacl|25\/100\n|-unboost|p1b: Garganacl|def|1\n|move|p1a: Tyranitar|Rock Slide|p2a: Gadha|[spread] p2a,p2b\n|-resisted|p2a: Gadha\n|-crit|p2a: Gadha\n|-damage|p2a: Gadha|79\/100\n|-damage|p2b: Lizardon|32\/100\n|move|p2a: Gadha|High Horsepower|p1a: Tyranitar\n|-supereffective|p1a: Tyranitar\n|-damage|p1a: Tyranitar|10\/100\n|move|p1b: Garganacl|Recover|p1b: Garganacl\n|-heal|p1b: Garganacl|75\/100\n|\n|-weather|Sandstorm|[upkeep]\n|-damage|p2b: Lizardon|26\/100|[from] Sandstorm\n|-damage|p1b: Garganacl|69\/100|[from] Sandstorm\n|-heal|p1b: Garganacl|75\/100|[from] item: Leftovers\n|-damage|p2b: Lizardon|14\/100|[from] Salt Cure\n|upkeep\n|turn|7\n|inactive|Mr. Darwin has 30 seconds left.\n|inactive|Blaziken Blazers has 30 seconds left.\n|inactive|Blaziken Blazers has 20 seconds left.\n|inactive|Blaziken Blazers has 15 seconds left.\n|inactive|Blaziken Blazers has 10 seconds left.\n|inactive|Blaziken Blazers has 5 seconds left.\n|\n|t:|1682869012\n|move|p1b: Garganacl|Protect|p1b: Garganacl\n|-singleturn|p1b: Garganacl|Protect\n|move|p2b: Lizardon|Stomping Tantrum|p1a: Tyranitar\n|-supereffective|p1a: Tyranitar\n|-damage|p1a: Tyranitar|0 fnt\n|faint|p1a: Tyranitar\n|move|p2a: Gadha|Heavy Slam|p1b: Garganacl\n|-activate|p1b: Garganacl|move: Protect\n|\n|-weather|none\n|-heal|p1b: Garganacl|81\/100|[from] item: Leftovers\n|-damage|p2b: Lizardon|2\/100|[from] Salt Cure\n|upkeep\n|turn|8\n|\n|t:|1682869032\n|move|p2b: Lizardon|Crunch|p1b: Garganacl\n|-damage|p1b: Garganacl|50\/100\n|move|p1b: Garganacl|Salt Cure|p2a: Gadha\n|-resisted|p2a: Gadha\n|-damage|p2a: Gadha|75\/100\n|-start|p2a: Gadha|Salt Cure\n|move|p2a: Gadha|Heavy Slam|p1b: Garganacl\n|-damage|p1b: Garganacl|34\/100\n|\n|-heal|p1b: Garganacl|40\/100|[from] item: Leftovers\n|-damage|p2b: Lizardon|0 fnt|[from] Salt Cure\n|faint|p2b: Lizardon\n|-end|p2b: Lizardon|Protosynthesis|[silent]\n|-damage|p2a: Gadha|63\/100|[from] Salt Cure\n|-sideend|p1: Mr. Darwin|move: Light Screen\n|upkeep\n|turn|9\n|\n|t:|1682869048\n|move|p2a: Gadha|Heavy Slam|p1b: Garganacl\n|-damage|p1b: Garganacl|22\/100\n|move|p1b: Garganacl|Recover|p1b: Garganacl\n|-heal|p1b: Garganacl|72\/100\n|\n|-heal|p1b: Garganacl|78\/100|[from] item: Leftovers\n|-damage|p2a: Gadha|51\/100|[from] Salt Cure\n|-sideend|p1: Mr. Darwin|Reflect\n|upkeep\n|turn|10\n|c|\u2606Blaziken Blazers|i hate this mon\n|c|\u2606Blaziken Blazers|:(\n|\n|t:|1682869067\n|move|p1b: Garganacl|Protect|p1b: Garganacl\n|-singleturn|p1b: Garganacl|Protect\n|move|p2a: Gadha|Heavy Slam|p1b: Garganacl\n|-activate|p1b: Garganacl|move: Protect\n|\n|-heal|p1b: Garganacl|84\/100|[from] item: Leftovers\n|-damage|p2a: Gadha|39\/100|[from] Salt Cure\n|upkeep\n|turn|11\n|c|\u2606Blaziken Blazers|ggs\n|c|\u2606Mr. Darwin|yeah i completely understand that\n|c|\u2606Mr. Darwin|ggs\n|\n|t:|1682869078\n|move|p1b: Garganacl|Body Press|p2a: Gadha\n|-damage|p2a: Gadha|24\/100\n|move|p2a: Gadha|Heavy Slam|p1b: Garganacl\n|-damage|p1b: Garganacl|58\/100\n|\n|-heal|p1b: Garganacl|63\/100|[from] item: Leftovers\n|-damage|p2a: Gadha|12\/100|[from] Salt Cure\n|upkeep\n|turn|12\n|\n|t:|1682869088\n|move|p1b: Garganacl|Recover|p1b: Garganacl\n|-heal|p1b: Garganacl|100\/100\n|move|p2a: Gadha|Heavy Slam|p1b: Garganacl\n|-damage|p1b: Garganacl|73\/100\n|\n|-heal|p1b: Garganacl|79\/100|[from] item: Leftovers\n|-damage|p2a: Gadha|0 fnt|[from] Salt Cure\n|faint|p2a: Gadha\n|\n|win|Mr. Darwin\n|upkeep\n|l|\u2606Mr. Darwin\n","uploadtime":1682869902,"views":19,"p1id":"mrdarwin","p2id":"blazikenblazers","formatid":"gen9vgc2023regulationc","rating":0,"private":0,"password":""}