{"id":"gen9vgc2023regulationc-1854779678","p1":"Cogenic","p2":"xforex0","format":"[Gen 9] VGC 2023 Regulation C","log":"|j|\u2606Cogenic\n|j|\u2606xforex0\n|t:|1682865029\n|gametype|doubles\n|player|p1|Cogenic|may-masters|1362\n|player|p2|xforex0|petrel|1284\n|teamsize|p1|6\n|teamsize|p2|6\n|gen|9\n|tier|[Gen 9] VGC 2023 Regulation C\n|rated|\n|rule|Species Clause: Limit one of each Pok\u00e9mon\n|rule|Item Clause: Limit one of each item\n|clearpoke\n|poke|p1|Dondozo, L50, M|\n|poke|p1|Tatsugiri, L50, M|\n|poke|p1|Corviknight, L50, M|\n|poke|p1|Garganacl, L50, M|\n|poke|p1|Flutter Mane, L50|\n|poke|p1|Iron Bundle, L50|\n|poke|p2|Indeedee-F, L50, F|\n|poke|p2|Chi-Yu, L50|\n|poke|p2|Amoonguss, L50, F|\n|poke|p2|Glimmora, L50, F|\n|poke|p2|Annihilape, L50, F|\n|poke|p2|Roaring Moon, L50|\n|teampreview|4\n|inactive|Battle timer is ON: inactive players will automatically lose when time's up. (requested by Cogenic)\nCogenic has agreed to open team sheets.\n|\n|t:|1682865092\n|start\n|switch|p1a: change man|Flutter Mane, L50|100\/100\n|switch|p1b: Iron Bundle|Iron Bundle, L50|100\/100\n|switch|p2a: Indeedee|Indeedee-F, L50, F|100\/100\n|switch|p2b: Glimmora|Glimmora, L50, F|100\/100\n|-fieldstart|move: Psychic Terrain|[from] ability: Psychic Surge|[of] p2a: Indeedee\n|-enditem|p1b: Iron Bundle|Booster Energy\n|-activate|p1b: Iron Bundle|ability: Quark Drive|[fromitem]\n|-start|p1b: Iron Bundle|quarkdrivespe\n|turn|1\n|\n|t:|1682865112\n|move|p1b: Iron Bundle|Protect|p1b: Iron Bundle\n|-singleturn|p1b: Iron Bundle|Protect\n|move|p2a: Indeedee|Follow Me|p2a: Indeedee\n|-singleturn|p2a: Indeedee|move: Follow Me\n|move|p1a: change man|Moonblast|p2a: Indeedee\n|-damage|p2a: Indeedee|34\/100\n|-damage|p1a: change man|90\/100|[from] item: Life Orb\n|move|p2b: Glimmora|Mortal Spin|p1b: Iron Bundle|[spread] p1a\n|-activate|p1b: Iron Bundle|move: Protect\n|-damage|p1a: change man|80\/100\n|-status|p1a: change man|psn\n|\n|-damage|p1a: change man|68\/100 psn|[from] psn\n|upkeep\n|turn|2\n|\n|t:|1682865134\n|-end|p1b: Iron Bundle|Quark Drive|[silent]\n|switch|p1b: Dondozo|Dondozo, L50, M|100\/100\n|move|p2a: Indeedee|Follow Me|p2a: Indeedee\n|-singleturn|p2a: Indeedee|move: Follow Me\n|move|p1a: change man|Dazzling Gleam|p2b: Glimmora|[spread] p2a,p2b\n|-resisted|p2b: Glimmora\n|-damage|p2a: Indeedee|0 fnt\n|-damage|p2b: Glimmora|83\/100\n|faint|p2a: Indeedee\n|-damage|p1a: change man|58\/100 psn|[from] item: Life Orb\n|move|p2b: Glimmora|Power Gem|p1b: Dondozo\n|-damage|p1b: Dondozo|60\/100\n|\n|-heal|p1b: Dondozo|66\/100|[from] item: Leftovers\n|-damage|p1a: change man|46\/100 psn|[from] psn\n|upkeep\n|\n|t:|1682865155\n|switch|p2a: Annihilape|Annihilape, L50, F|100\/100\n|turn|3\n|inactive|xforex0 has 30 seconds left.\n|inactive|Cogenic has 30 seconds left.\n|\n|t:|1682865195\n|-end|p1a: change man|Protosynthesis|[silent]\n|switch|p1a: Tatsugiri|Tatsugiri, L50, M|100\/100\n|-activate|p1a: Tatsugiri|ability: Commander|[of] p1b: Dondozo\n|-boost|p1b: Dondozo|atk|2\n|-boost|p1b: Dondozo|spa|2\n|-boost|p1b: Dondozo|spe|2\n|-boost|p1b: Dondozo|def|2\n|-boost|p1b: Dondozo|spd|2\n|move|p2a: Annihilape|Final Gambit|p1b: Dondozo\n|-damage|p1b: Dondozo|0 fnt\n|faint|p2a: Annihilape\n|faint|p1b: Dondozo\n|move|p2b: Glimmora|Mortal Spin|p1a: Tatsugiri\n|-damage|p1a: Tatsugiri|89\/100\n|-status|p1a: Tatsugiri|psn\n|\n|-damage|p1a: Tatsugiri|77\/100 psn|[from] psn\n|upkeep\n|\n|t:|1682865217\n|switch|p2a: Roaring Moon|Roaring Moon, L50, shiny|100\/100\n|switch|p1b: Iron Bundle|Iron Bundle, L50|100\/100\n|-enditem|p2a: Roaring Moon|Booster Energy\n|-activate|p2a: Roaring Moon|ability: Protosynthesis|[fromitem]\n|-start|p2a: Roaring Moon|protosynthesisspe\n|turn|4\n|inactive|xforex0 has 30 seconds left.\n|\n|t:|1682865242\n|-terastallize|p2a: Roaring Moon|Flying\n|-terastallize|p1a: Tatsugiri|Steel\n|move|p2a: Roaring Moon|Breaking Swipe|p1b: Iron Bundle|[spread] p1a,p1b\n|-resisted|p1a: Tatsugiri\n|-damage|p1a: Tatsugiri|55\/100 psn\n|-damage|p1b: Iron Bundle|70\/100\n|-unboost|p1a: Tatsugiri|atk|1\n|-unboost|p1b: Iron Bundle|atk|1\n|move|p1a: Tatsugiri|Muddy Water|p2a: Roaring Moon|[spread] p2a,p2b\n|-supereffective|p2b: Glimmora\n|-damage|p2a: Roaring Moon|70\/100\n|-damage|p2b: Glimmora|33\/100\n|-unboost|p2b: Glimmora|accuracy|1\n|move|p1b: Iron Bundle|Icy Wind|p2a: Roaring Moon|[spread] p2a,p2b\n|-supereffective|p2a: Roaring Moon\n|-damage|p2a: Roaring Moon|33\/100\n|-damage|p2b: Glimmora|17\/100\n|-unboost|p2a: Roaring Moon|spe|1\n|-unboost|p2b: Glimmora|spe|1\n|move|p2b: Glimmora|Power Gem|p1b: Iron Bundle|[miss]\n|-miss|p2b: Glimmora|p1b: Iron Bundle\n|\n|-damage|p1a: Tatsugiri|43\/100 psn|[from] psn\n|upkeep\n|turn|5\n|-message|xforex0 forfeited.\n|\n|win|Cogenic\n|raw|Cogenic's rating: 1362 → 1378<\/strong> (+16 for winning)\n|raw|xforex0's rating: 1284 → 1265<\/strong> (-19 for losing)\n|l|\u2606xforex0\n","uploadtime":1682865272,"views":16,"p1id":"cogenic","p2id":"xforex0","formatid":"gen9vgc2023regulationc","rating":1265,"private":0,"password":""}