{"id":"gen9vgc2023regulationc-1857754982","p1":"MafuMafuSimpSimp","p2":"jeffman323","format":"[Gen 9] VGC 2023 Regulation C","log":"|j|\u2606MafuMafuSimpSimp\n|j|\u2606jeffman323\n|t:|1683228630\n|gametype|doubles\n|player|p1|MafuMafuSimpSimp|crasherwake|1501\n|player|p2|jeffman323|steven|1560\n|teamsize|p1|6\n|teamsize|p2|6\n|gen|9\n|tier|[Gen 9] VGC 2023 Regulation C\n|rated|\n|rule|Species Clause: Limit one of each Pok\u00e9mon\n|rule|Item Clause: Limit one of each item\n|clearpoke\n|poke|p1|Maushold, L50|\n|poke|p1|Annihilape, L50, M|\n|poke|p1|Flutter Mane, L50|\n|poke|p1|Chi-Yu, L50|\n|poke|p1|Amoonguss, L50, M|\n|poke|p1|Iron Bundle, L50|\n|poke|p2|Hatterene, L50, F|\n|poke|p2|Azumarill, L50, F|\n|poke|p2|Brute Bonnet, L50|\n|poke|p2|Kingambit, L50, M|\n|poke|p2|Iron Hands, L50|\n|poke|p2|Stantler, L50, M|\n|teampreview|4\n|inactive|Battle timer is ON: inactive players will automatically lose when time's up. (requested by MafuMafuSimpSimp)\nMafuMafuSimpSimp has agreed to open team sheets.\njeffman323 has agreed to open team sheets.\n|\n|t:|1683228660\n|start\n|switch|p1a: Annihilape|Annihilape, L50, M|100\/100\n|switch|p1b: Maushold|Maushold, L50|100\/100\n|switch|p2a: Azumarill|Azumarill, L50, F|100\/100\n|switch|p2b: Hatterene|Hatterene, L50, F|100\/100\n|turn|1\n|\n|t:|1683228675\n|-terastallize|p1a: Annihilape|Water\n|move|p1b: Maushold|Beat Up|p1a: Annihilape\n|-damage|p1a: Annihilape|99\/100\n|-damage|p1a: Annihilape|97\/100\n|-damage|p1a: Annihilape|95\/100\n|-damage|p1a: Annihilape|93\/100\n|-hitcount|p1a: Annihilape|4\n|move|p1a: Annihilape|Rage Fist|p2b: Hatterene\n|-supereffective|p2b: Hatterene\n|-enditem|p2b: Hatterene|Focus Sash\n|-damage|p2b: Hatterene|1\/100\n|move|p2a: Azumarill|Play Rough|p1a: Annihilape|[miss]\n|-miss|p2a: Azumarill|p1a: Annihilape\n|move|p2b: Hatterene|Trick Room|p2b: Hatterene\n|-fieldstart|move: Trick Room|[of] p2b: Hatterene\n|\n|upkeep\n|turn|2\n|\n|t:|1683228696\n|move|p1b: Maushold|Follow Me|p1b: Maushold\n|-singleturn|p1b: Maushold|move: Follow Me\n|move|p2b: Hatterene|Psychic|p1b: Maushold\n|-damage|p1b: Maushold|39\/100\n|move|p2a: Azumarill|Liquidation|p1b: Maushold\n|-damage|p1b: Maushold|0 fnt\n|faint|p1b: Maushold\n|move|p1a: Annihilape|Rage Fist|p2a: Azumarill\n|-damage|p2a: Azumarill|0 fnt\n|faint|p2a: Azumarill\n|\n|upkeep\n|\n|t:|1683228708\n|switch|p2a: Brute Bonnet|Brute Bonnet, L50|100\/100\n|switch|p1b: Asunguss|Amoonguss, L50, M|100\/100\n|turn|3\n|inactive|jeffman323 has 30 seconds left.\n|\n|t:|1683228738\n|move|p1b: Asunguss|Rage Powder|p1b: Asunguss\n|-singleturn|p1b: Asunguss|move: Rage Powder\n|move|p2a: Brute Bonnet|Sucker Punch||[still]\n|-fail|p2a: Brute Bonnet\n|move|p2b: Hatterene|Psychic|p1b: Asunguss\n|-supereffective|p1b: Asunguss\n|-damage|p1b: Asunguss|0 fnt\n|faint|p1b: Asunguss\n|move|p1a: Annihilape|Drain Punch|p2a: Brute Bonnet\n|-supereffective|p2a: Brute Bonnet\n|-damage|p2a: Brute Bonnet|39\/100\n|-heal|p1a: Annihilape|100\/100|[from] drain|[of] p2a: Brute Bonnet\n|\n|upkeep\n|\n|t:|1683228744\n|switch|p1b: Flutter Pain|Flutter Mane, L50|100\/100\n|-enditem|p1b: Flutter Pain|Booster Energy\n|-activate|p1b: Flutter Pain|ability: Protosynthesis|[fromitem]\n|-start|p1b: Flutter Pain|protosynthesisspa\n|turn|4\n|\n|t:|1683228762\n|move|p2a: Brute Bonnet|Protect|p2a: Brute Bonnet\n|-singleturn|p2a: Brute Bonnet|Protect\n|move|p1a: Annihilape|Protect|p1a: Annihilape\n|-singleturn|p1a: Annihilape|Protect\n|move|p1b: Flutter Pain|Protect|p1b: Flutter Pain\n|-singleturn|p1b: Flutter Pain|Protect\n|move|p2b: Hatterene|Psychic|p1a: Annihilape\n|-activate|p1a: Annihilape|move: Protect\n|\n|upkeep\n|turn|5\n|j| asasas1234\n|\n|t:|1683228771\n|move|p2b: Hatterene|Psychic|p1a: Annihilape\n|-damage|p1a: Annihilape|50\/100\n|move|p2a: Brute Bonnet|Bullet Seed|p1a: Annihilape\n|-supereffective|p1a: Annihilape\n|-damage|p1a: Annihilape|21\/100\n|-supereffective|p1a: Annihilape\n|-damage|p1a: Annihilape|0 fnt\n|faint|p1a: Annihilape\n|-hitcount|p1: Annihilape|2\n|move|p1b: Flutter Pain|Dazzling Gleam|p2a: Brute Bonnet|[spread] p2a,p2b\n|-supereffective|p2a: Brute Bonnet\n|-damage|p2a: Brute Bonnet|0 fnt\n|-damage|p2b: Hatterene|0 fnt\n|faint|p2a: Brute Bonnet\n|-end|p2a: Brute Bonnet|Protosynthesis|[silent]\n|faint|p2b: Hatterene\n|\n|-fieldend|move: Trick Room\n|upkeep\n|\n|t:|1683228777\n|switch|p2b: Kingambit|Kingambit, L50, M|100\/100\n|turn|6\n|\n|t:|1683228794\n|move|p1b: Flutter Pain|Moonblast|p2b: Kingambit\n|-damage|p2b: Kingambit|26\/100\n|move|p2b: Kingambit|Iron Head|p1b: Flutter Pain\n|-supereffective|p1b: Flutter Pain\n|-damage|p1b: Flutter Pain|0 fnt\n|faint|p1b: Flutter Pain\n|-end|p1b: Flutter Pain|Protosynthesis|[silent]\n|\n|win|jeffman323\n|raw|MafuMafuSimpSimp's rating: 1501 → 1484<\/strong> (-17 for losing)\n|raw|jeffman323's rating: 1560 → 1577<\/strong> (+17 for winning)\n|c|\u2606MafuMafuSimpSimp|gg\n","uploadtime":1683228798,"views":13,"p1id":"mafumafusimpsimp","p2id":"jeffman323","formatid":"gen9vgc2023regulationc","rating":1484,"private":0,"password":""}