{"id":"gen9vgc2023regulationc-1849846907","p1":"tezkanagwar2","p2":"SpeedyLinguine","format":"[Gen 9] VGC 2023 Regulation C","log":"|j|\u2606tezkanagwar2\n|j|\u2606SpeedyLinguine\n|t:|1682260048\n|gametype|doubles\n|player|p1|tezkanagwar2|170|1223\n|player|p2|SpeedyLinguine|hoopster|1129\n|teamsize|p1|6\n|teamsize|p2|6\n|gen|9\n|tier|[Gen 9] VGC 2023 Regulation C\n|rated|\n|rule|Species Clause: Limit one of each Pok\u00e9mon\n|rule|Item Clause: Limit one of each item\n|clearpoke\n|poke|p1|Murkrow, L50, M|\n|poke|p1|Flutter Mane, L50|\n|poke|p1|Indeedee-F, L50, F|\n|poke|p1|Chi-Yu, L50|\n|poke|p1|Tyranitar, L50, M|\n|poke|p1|Lycanroc, L50, M|\n|poke|p2|Pelipper, L50, F|\n|poke|p2|Amoonguss, L50, F|\n|poke|p2|Flutter Mane, L50|\n|poke|p2|Floatzel, L50, F|\n|poke|p2|Iron Hands, L50|\n|poke|p2|Gholdengo, L50|\n|teampreview|4\nSpeedyLinguine has agreed to open team sheets.\ntezkanagwar2 has agreed to open team sheets.\n|inactive|Battle timer is ON: inactive players will automatically lose when time's up. (requested by SpeedyLinguine)\n|\n|t:|1682260112\n|start\n|switch|p1a: Tyranitar|Tyranitar, L50, M|100\/100\n|switch|p1b: Lycanroc|Lycanroc, L50, M|100\/100\n|switch|p2a: El Nadador|Floatzel, L50, F|100\/100\n|switch|p2b: Darth Vader|Flutter Mane, L50|100\/100\n|-weather|Sandstorm|[from] ability: Sand Stream|[of] p1a: Tyranitar\n|turn|1\n|\n|t:|1682260130\n|-end|p2b: Darth Vader|Protosynthesis|[silent]\n|switch|p2b: The Jordan of VGC|Pelipper, L50, F|100\/100\n|-weather|RainDance|[from] ability: Drizzle|[of] p2b: The Jordan of VGC\n|move|p2a: El Nadador|Wave Crash|p1a: Tyranitar\n|-supereffective|p1a: Tyranitar\n|-damage|p1a: Tyranitar|0 fnt\n|faint|p1a: Tyranitar\n|-damage|p2a: El Nadador|63\/100|[from] Recoil\n|move|p1b: Lycanroc|Rock Slide|p2a: El Nadador|[spread] p2a,p2b\n|-supereffective|p2b: The Jordan of VGC\n|-damage|p2a: El Nadador|16\/100\n|-damage|p2b: The Jordan of VGC|49\/100\n|\n|-weather|RainDance|[upkeep]\n|upkeep\n|\n|t:|1682260153\n|switch|p1a: Flutter Mane|Flutter Mane, L50|100\/100\n|turn|2\n|\n|t:|1682260160\n|move|p1a: Flutter Mane|Protect|p1a: Flutter Mane\n|-singleturn|p1a: Flutter Mane|Protect\n|move|p2b: The Jordan of VGC|Protect|p2b: The Jordan of VGC\n|-singleturn|p2b: The Jordan of VGC|Protect\n|move|p2a: El Nadador|Wave Crash|p1a: Flutter Mane\n|-activate|p1a: Flutter Mane|move: Protect\n|move|p1b: Lycanroc|Rock Slide|p2a: El Nadador|[spread] p2a\n|-activate|p2b: The Jordan of VGC|move: Protect\n|-damage|p2a: El Nadador|0 fnt\n|faint|p2a: El Nadador\n|\n|-weather|RainDance|[upkeep]\n|upkeep\n|\n|t:|1682260164\n|switch|p2a: Darth Vader|Flutter Mane, L50|100\/100\n|turn|3\n|inactive|SpeedyLinguine has 30 seconds left.\n|inactive|SpeedyLinguine has 20 seconds left.\n|\n|t:|1682260203\n|-terastallize|p1a: Flutter Mane|Fairy\n|-terastallize|p2b: The Jordan of VGC|Grass\n|move|p1a: Flutter Mane|Shadow Ball|p2a: Darth Vader\n|-supereffective|p2a: Darth Vader\n|-enditem|p2a: Darth Vader|Focus Sash\n|-damage|p2a: Darth Vader|1\/100\n|-damage|p1a: Flutter Mane|91\/100|[from] item: Life Orb\n|move|p2a: Darth Vader|Moonblast|p1a: Flutter Mane\n|-damage|p1a: Flutter Mane|37\/100\n|-unboost|p1a: Flutter Mane|spa|1\n|move|p1b: Lycanroc|Rock Slide|p2a: Darth Vader|[spread] p2a,p2b\n|-crit|p2b: The Jordan of VGC\n|-damage|p2a: Darth Vader|0 fnt\n|-damage|p2b: The Jordan of VGC|10\/100\n|faint|p2a: Darth Vader\n|-end|p2a: Darth Vader|Protosynthesis|[silent]\n|move|p2b: The Jordan of VGC|Hydro Pump|p1a: Flutter Mane\n|-damage|p1a: Flutter Mane|0 fnt\n|faint|p1a: Flutter Mane\n|-end|p1a: Flutter Mane|Protosynthesis|[silent]\n|\n|-weather|RainDance|[upkeep]\n|upkeep\n|\n|t:|1682260223\n|switch|p2a: obligatory Paradox|Iron Hands, L50|100\/100\n|switch|p1a: Chi-Yu|Chi-Yu, L50|100\/100\n|-ability|p1a: Chi-Yu|Beads of Ruin\n|-enditem|p2a: obligatory Paradox|Booster Energy\n|-activate|p2a: obligatory Paradox|ability: Quark Drive|[fromitem]\n|-start|p2a: obligatory Paradox|quarkdriveatk\n|turn|4\n|\n|t:|1682260245\n|move|p2a: obligatory Paradox|Fake Out|p1b: Lycanroc\n|-resisted|p1b: Lycanroc\n|-damage|p1b: Lycanroc|83\/100\n|move|p1a: Chi-Yu|Heat Wave|p2b: The Jordan of VGC|[spread] p2a,p2b\n|-supereffective|p2b: The Jordan of VGC\n|-damage|p2a: obligatory Paradox|77\/100\n|-damage|p2b: The Jordan of VGC|0 fnt\n|faint|p2b: The Jordan of VGC\n|cant|p1b: Lycanroc|flinch\n|\n|-weather|RainDance|[upkeep]\n|upkeep\n|turn|5\n|\n|t:|1682260257\n|move|p1a: Chi-Yu|Heat Wave|p2a: obligatory Paradox|[miss]\n|-miss|p1a: Chi-Yu|p2a: obligatory Paradox\n|move|p1b: Lycanroc|Rock Slide|p2a: obligatory Paradox|[miss]\n|-miss|p1b: Lycanroc|p2a: obligatory Paradox\n|move|p2a: obligatory Paradox|Drain Punch|p1a: Chi-Yu\n|-supereffective|p1a: Chi-Yu\n|-damage|p1a: Chi-Yu|0 fnt\n|-heal|p2a: obligatory Paradox|100\/100|[from] drain|[of] p1a: Chi-Yu\n|faint|p1a: Chi-Yu\n|\n|-weather|RainDance|[upkeep]\n|upkeep\n|turn|6\n|\n|t:|1682260269\n|move|p1b: Lycanroc|Rock Slide|p2a: obligatory Paradox\n|-resisted|p2a: obligatory Paradox\n|-damage|p2a: obligatory Paradox|89\/100\n|cant|p2a: obligatory Paradox|flinch\n|\n|-weather|RainDance|[upkeep]\n|upkeep\n|turn|7\n|c|\u2606SpeedyLinguine|the plot armor is crazy\n|\n|t:|1682260277\n|move|p1b: Lycanroc|Rock Slide|p2a: obligatory Paradox\n|-resisted|p2a: obligatory Paradox\n|-damage|p2a: obligatory Paradox|76\/100\n|move|p2a: obligatory Paradox|Drain Punch|p1b: Lycanroc\n|-supereffective|p1b: Lycanroc\n|-crit|p1b: Lycanroc\n|-damage|p1b: Lycanroc|0 fnt\n|-heal|p2a: obligatory Paradox|99\/100|[from] drain|[of] p1b: Lycanroc\n|faint|p1b: Lycanroc\n|\n|win|SpeedyLinguine\n|raw|tezkanagwar2's rating: 1223 → 1191<\/strong> (-32 for losing)\n|raw|SpeedyLinguine's rating: 1129 → 1161<\/strong> (+32 for winning)\n|l|\u2606tezkanagwar2\n","uploadtime":1682260287,"views":15,"p1id":"tezkanagwar2","p2id":"speedylinguine","formatid":"gen9vgc2023regulationc","rating":1161,"private":0,"password":""}