{"id":"gen9vgc2023regulationc-1845270685","p1":"TrendanBrendan","p2":"dizzpickle","format":"[Gen 9] VGC 2023 Regulation C","log":"|j|\u2606TrendanBrendan\n|j|\u2606dizzpickle\n|t:|1681705258\n|gametype|doubles\n|player|p1|TrendanBrendan|elio|1159\n|player|p2|dizzpickle|102|1233\n|teamsize|p1|6\n|teamsize|p2|6\n|gen|9\n|tier|[Gen 9] VGC 2023 Regulation C\n|rated|\n|rule|Species Clause: Limit one of each Pok\u00e9mon\n|rule|Item Clause: Limit one of each item\n|clearpoke\n|poke|p1|Palafin, L50, F|\n|poke|p1|Amoonguss, L50, F|\n|poke|p1|Flutter Mane, L50|\n|poke|p1|Arcanine, L50, M|\n|poke|p1|Corviknight, L50, M|\n|poke|p1|Ting-Lu, L50|\n|poke|p2|Tropius, L50, M|\n|poke|p2|Arcanine, L50, M|\n|poke|p2|Kingambit, L50, M|\n|poke|p2|Corviknight, L50, F|\n|poke|p2|Chi-Yu, L50|\n|poke|p2|Flutter Mane, L50|\n|teampreview|4\n|c|\u2606TrendanBrendan|nice corviknight team pog\n|c|\u2606dizzpickle|corviknight is a gnarly 'mon\n|inactive|Battle timer is ON: inactive players will automatically lose when time's up. (requested by dizzpickle)\n|inactive|TrendanBrendan has 60 seconds left.\n|\n|t:|1681705358\n|start\n|switch|p1a: Brieze|Palafin, L50, F, shiny|100\/100\n|switch|p1b: Gillie|Amoonguss, L50, F|100\/100\n|switch|p2a: Chi-Yu|Chi-Yu, L50|100\/100\n|switch|p2b: Corviknight|Corviknight, L50, F|100\/100\n|-ability|p2a: Chi-Yu|Beads of Ruin\n|turn|1\n|\n|t:|1681705377\n|detailschange|p1a: Brieze|Palafin-Hero, L50, F, shiny\n|switch|p1a: Ting-Lu|Ting-Lu, L50|100\/100\n|-ability|p1a: Ting-Lu|Vessel of Ruin\n|move|p2a: Chi-Yu|Heat Wave|p1b: Gillie|[spread] p1a,p1b\n|-supereffective|p1b: Gillie\n|-damage|p1a: Ting-Lu|73\/100\n|-damage|p1b: Gillie|12\/100\n|-enditem|p1b: Gillie|Sitrus Berry|[eat]\n|-heal|p1b: Gillie|37\/100|[from] item: Sitrus Berry\n|move|p2b: Corviknight|Brave Bird|p1b: Gillie\n|-supereffective|p1b: Gillie\n|-damage|p1b: Gillie|0 fnt\n|faint|p1b: Gillie\n|-damage|p2b: Corviknight|87\/100|[from] Recoil\n|\n|-heal|p2b: Corviknight|93\/100|[from] item: Leftovers\n|upkeep\n|\n|t:|1681705395\n|switch|p1b: Brieze|Palafin-Hero, L50, F, shiny|100\/100\n|-activate|p1b: Brieze|ability: Zero to Hero\n|turn|2\n|\n|t:|1681705411\n|switch|p2a: Arcanine|Arcanine, L50, M|100\/100\n|-ability|p2a: Arcanine|Intimidate|boost\n|-unboost|p1a: Ting-Lu|atk|1\n|-unboost|p1b: Brieze|atk|1\n|move|p1b: Brieze|Protect|p1b: Brieze\n|-singleturn|p1b: Brieze|Protect\n|move|p2b: Corviknight|Bulk Up|p2b: Corviknight\n|-boost|p2b: Corviknight|atk|1\n|-boost|p2b: Corviknight|def|1\n|move|p1a: Ting-Lu|Fissure|p2a: Arcanine|[miss]\n|-miss|p1a: Ting-Lu|p2a: Arcanine\n|\n|-heal|p2b: Corviknight|99\/100|[from] item: Leftovers\n|upkeep\n|turn|3\n|\n|t:|1681705430\n|switch|p1b: Arcanine|Arcanine, L50, M|100\/100\n|-ability|p1b: Arcanine|Intimidate|boost\n|-unboost|p2a: Arcanine|atk|1\n|-ability|p2b: Corviknight|Mirror Armor\n|-unboost|p1b: Arcanine|atk|1\n|move|p2a: Arcanine|Will-O-Wisp|p1b: Arcanine\n|-immune|p1b: Arcanine\n|move|p2b: Corviknight|Bulk Up|p2b: Corviknight\n|-boost|p2b: Corviknight|atk|1\n|-boost|p2b: Corviknight|def|1\n|move|p1a: Ting-Lu|Stomping Tantrum|p2a: Arcanine\n|-supereffective|p2a: Arcanine\n|-damage|p2a: Arcanine|0 fnt\n|faint|p2a: Arcanine\n|\n|-heal|p2b: Corviknight|100\/100|[from] item: Leftovers\n|upkeep\n|\n|t:|1681705447\n|switch|p2a: Chi-Yu|Chi-Yu, L50|100\/100\n|-ability|p2a: Chi-Yu|Beads of Ruin\n|turn|4\n|\n|t:|1681705465\n|move|p1b: Arcanine|Will-O-Wisp|p2b: Corviknight\n|-status|p2b: Corviknight|brn\n|move|p2a: Chi-Yu|Dark Pulse|p1b: Arcanine\n|-damage|p1b: Arcanine|33\/100\n|move|p2b: Corviknight|Brave Bird|p1a: Ting-Lu\n|-damage|p1a: Ting-Lu|48\/100\n|-damage|p2b: Corviknight|91\/100 brn|[from] Recoil\n|move|p1a: Ting-Lu|Fissure|p2a: Chi-Yu\n|-damage|p2a: Chi-Yu|0 fnt\n|faint|p2a: Chi-Yu\n|-ohko\n|\n|-heal|p2b: Corviknight|97\/100 brn|[from] item: Leftovers\n|-damage|p2b: Corviknight|91\/100 brn|[from] brn\n|upkeep\n|\n|t:|1681705473\n|switch|p2a: Flutter Mane|Flutter Mane, L50|100\/100\n|-enditem|p2a: Flutter Mane|Booster Energy\n|-activate|p2a: Flutter Mane|ability: Protosynthesis|[fromitem]\n|-start|p2a: Flutter Mane|protosynthesisspe\n|turn|5\n|\n|t:|1681705483\n|move|p1b: Arcanine|Protect|p1b: Arcanine\n|-singleturn|p1b: Arcanine|Protect\n|move|p2a: Flutter Mane|Dazzling Gleam|p1a: Ting-Lu|[spread] p1a\n|-activate|p1b: Arcanine|move: Protect\n|-supereffective|p1a: Ting-Lu\n|-damage|p1a: Ting-Lu|26\/100\n|move|p2b: Corviknight|Brave Bird|p1b: Arcanine\n|-activate|p1b: Arcanine|move: Protect\n|move|p1a: Ting-Lu|Heavy Slam|p2a: Flutter Mane\n|-supereffective|p2a: Flutter Mane\n|-damage|p2a: Flutter Mane|0 fnt\n|faint|p2a: Flutter Mane\n|-end|p2a: Flutter Mane|Protosynthesis|[silent]\n|\n|-heal|p2b: Corviknight|97\/100 brn|[from] item: Leftovers\n|-damage|p2b: Corviknight|91\/100 brn|[from] brn\n|upkeep\n|turn|6\n|\n|t:|1681705504\n|move|p1b: Arcanine|Howl|p1b: Arcanine|[spread] p1a,p1b\n|-boost|p1a: Ting-Lu|atk|1\n|-boost|p1b: Arcanine|atk|1\n|move|p2b: Corviknight|Bulk Up|p2b: Corviknight\n|-boost|p2b: Corviknight|atk|1\n|-boost|p2b: Corviknight|def|1\n|move|p1a: Ting-Lu|Body Press|p2b: Corviknight\n|-damage|p2b: Corviknight|84\/100 brn\n|\n|-heal|p2b: Corviknight|90\/100 brn|[from] item: Leftovers\n|-damage|p2b: Corviknight|84\/100 brn|[from] brn\n|upkeep\n|turn|7\n|\n|t:|1681705518\n|switch|p1b: Brieze|Palafin-Hero, L50, F, shiny|100\/100\n|move|p2b: Corviknight|Brave Bird|p1b: Brieze\n|-damage|p1b: Brieze|55\/100\n|-damage|p2b: Corviknight|68\/100 brn|[from] Recoil\n|move|p1a: Ting-Lu|Body Press|p2b: Corviknight\n|-damage|p2b: Corviknight|62\/100 brn\n|\n|-heal|p2b: Corviknight|68\/100 brn|[from] item: Leftovers\n|-damage|p2b: Corviknight|62\/100 brn|[from] brn\n|upkeep\n|turn|8\n|\n|t:|1681705538\n|move|p1b: Brieze|Protect|p1b: Brieze\n|-singleturn|p1b: Brieze|Protect\n|move|p2b: Corviknight|Bulk Up|p2b: Corviknight\n|-boost|p2b: Corviknight|atk|1\n|-boost|p2b: Corviknight|def|1\n|move|p1a: Ting-Lu|Body Press|p2b: Corviknight\n|-damage|p2b: Corviknight|57\/100 brn\n|\n|-heal|p2b: Corviknight|63\/100 brn|[from] item: Leftovers\n|-damage|p2b: Corviknight|57\/100 brn|[from] brn\n|upkeep\n|turn|9\n|\n|t:|1681705559\n|switch|p1b: Arcanine|Arcanine, L50, M|33\/100\n|-ability|p1b: Arcanine|Intimidate|boost\n|-ability|p2b: Corviknight|Mirror Armor\n|-unboost|p1b: Arcanine|atk|1\n|move|p2b: Corviknight|Roost|p2b: Corviknight\n|-heal|p2b: Corviknight|100\/100 brn\n|-singleturn|p2b: Corviknight|move: Roost\n|move|p1a: Ting-Lu|Body Press|p2b: Corviknight\n|-supereffective|p2b: Corviknight\n|-damage|p2b: Corviknight|88\/100 brn\n|\n|-heal|p2b: Corviknight|94\/100 brn|[from] item: Leftovers\n|-damage|p2b: Corviknight|88\/100 brn|[from] brn\n|upkeep\n|turn|10\n|\n|t:|1681705574\n|move|p1b: Arcanine|Howl|p1b: Arcanine|[spread] p1a,p1b\n|-boost|p1a: Ting-Lu|atk|1\n|-boost|p1b: Arcanine|atk|1\n|move|p2b: Corviknight|Brave Bird|p1b: Arcanine\n|-damage|p1b: Arcanine|0 fnt\n|faint|p1b: Arcanine\n|-damage|p2b: Corviknight|78\/100 brn|[from] Recoil\n|move|p1a: Ting-Lu|Body Press|p2b: Corviknight\n|-damage|p2b: Corviknight|73\/100 brn\n|\n|-heal|p2b: Corviknight|79\/100 brn|[from] item: Leftovers\n|-damage|p2b: Corviknight|73\/100 brn|[from] brn\n|upkeep\n|\n|t:|1681705577\n|switch|p1b: Brieze|Palafin-Hero, L50, F, shiny|55\/100\n|turn|11\n|\n|t:|1681705585\n|-terastallize|p1b: Brieze|Water\n|move|p1b: Brieze|Wave Crash|p2b: Corviknight\n|-damage|p2b: Corviknight|46\/100 brn\n|-damage|p1b: Brieze|47\/100|[from] Recoil\n|move|p2b: Corviknight|Brave Bird|p1b: Brieze\n|-damage|p1b: Brieze|0 fnt\n|faint|p1b: Brieze\n|-damage|p2b: Corviknight|30\/100 brn|[from] Recoil\n|move|p1a: Ting-Lu|Body Press|p2b: Corviknight\n|-damage|p2b: Corviknight|25\/100 brn\n|\n|-heal|p2b: Corviknight|31\/100 brn|[from] item: Leftovers\n|-damage|p2b: Corviknight|25\/100 brn|[from] brn\n|upkeep\n|turn|12\n|c|\u2606TrendanBrendan|I just need one aerial fissure\n|\n|t:|1681705610\n|-terastallize|p2b: Corviknight|Flying\n|move|p2b: Corviknight|Roost|p2b: Corviknight\n|-heal|p2b: Corviknight|75\/100 brn\n|-hint|If a Flying Terastallized Pokemon uses Roost, it remains Flying-type.\n|move|p1a: Ting-Lu|Fissure|p2b: Corviknight\n|-immune|p2b: Corviknight\n|\n|-heal|p2b: Corviknight|81\/100 brn|[from] item: Leftovers\n|-damage|p2b: Corviknight|75\/100 brn|[from] brn\n|upkeep\n|turn|13\n|\n|t:|1681705621\n|move|p2b: Corviknight|Brave Bird|p1a: Ting-Lu\n|-damage|p1a: Ting-Lu|0 fnt\n|faint|p1a: Ting-Lu\n|-damage|p2b: Corviknight|65\/100 brn|[from] Recoil\n|\n|win|dizzpickle\n|raw|TrendanBrendan's rating: 1159 → 1139<\/strong> (-20 for losing)\n|raw|dizzpickle's rating: 1233 → 1253<\/strong> (+20 for winning)\n|c|\u2606dizzpickle|hmmmm i thought fissure would hit since I landed\n|c|\u2606TrendanBrendan|I'll be real, I thought the Roost woulda done that lol\n|c|\u2606TrendanBrendan|That\n|c|\u2606TrendanBrendan|would be a crazy interaction\n|c|\u2606dizzpickle|Or maybe it is because I teraed\n|c|\u2606TrendanBrendan|Maybe it's a Tera thing yea\n|c|\u2606TrendanBrendan|gg\n|c|\u2606dizzpickle|gg\n|l|\u2606dizzpickle\n","uploadtime":1681705682,"views":7,"p1id":"trendanbrendan","p2id":"dizzpickle","formatid":"gen9vgc2023regulationc","rating":1139,"private":0,"password":""}