{"id":"gen9vgc2023regulationc-1852635302","p1":"Megumi173","p2":"Yaboy333","format":"[Gen 9] VGC 2023 Regulation C","log":"|j|\u2606Megumi173\n|j|\u2606Yaboy333\n|t:|1682588905\n|gametype|doubles\n|player|p1|Megumi173|102|1027\n|player|p2|Yaboy333|ninjaboy|1032\n|teamsize|p1|4\n|teamsize|p2|6\n|gen|9\n|tier|[Gen 9] VGC 2023 Regulation C\n|rated|\n|rule|Species Clause: Limit one of each Pok\u00e9mon\n|rule|Item Clause: Limit one of each item\n|clearpoke\n|poke|p1|Dondozo, L50, M|\n|poke|p1|Grimmsnarl, L50, M|\n|poke|p1|Ting-Lu, L50|\n|poke|p1|Tatsugiri, L50, M|\n|poke|p2|Lilligant, L50, F|\n|poke|p2|Torkoal, L50, F|\n|poke|p2|Armarouge, L50, F|\n|poke|p2|Indeedee-F, L50, F|\n|poke|p2|Amoonguss, L50, M|\n|poke|p2|Flutter Mane, L50|\n|teampreview|4\n|\n|t:|1682588922\n|start\n|switch|p1a: Grimmsnarl|Grimmsnarl, L50, M|100\/100\n|switch|p1b: Tatsugiri|Tatsugiri, L50, M|100\/100\n|switch|p2a: P3t3l1l|Lilligant, L50, F|100\/100\n|switch|p2b: T0rk04l|Torkoal, L50, F|100\/100\n|-weather|SunnyDay|[from] ability: Drought|[of] p2b: T0rk04l\n|turn|1\n|\n|t:|1682588953\n|move|p1a: Grimmsnarl|Fake Out|p2a: P3t3l1l\n|-damage|p2a: P3t3l1l|87\/100\n|cant|p2a: P3t3l1l|flinch\n|move|p1b: Tatsugiri|Hydro Pump|p2b: T0rk04l|[miss]\n|-miss|p1b: Tatsugiri|p2b: T0rk04l\n|move|p2b: T0rk04l|Shell Smash|p2b: T0rk04l\n|-unboost|p2b: T0rk04l|def|1\n|-unboost|p2b: T0rk04l|spd|1\n|-boost|p2b: T0rk04l|atk|2\n|-boost|p2b: T0rk04l|spa|2\n|-boost|p2b: T0rk04l|spe|2\n|\n|-weather|SunnyDay|[upkeep]\n|upkeep\n|turn|2\n|\n|t:|1682588971\n|-terastallize|p2b: T0rk04l|Fire\n|move|p1a: Grimmsnarl|Parting Shot|p2a: P3t3l1l\n|-unboost|p2a: P3t3l1l|atk|1\n|-unboost|p2a: P3t3l1l|spa|1\n|\n|t:|1682588976\n|switch|p1a: Dondozo|Dondozo, L50, M|100\/100|[from] Parting Shot\n|-activate|p1b: Tatsugiri|ability: Commander|[of] p1a: Dondozo\n|-boost|p1a: Dondozo|atk|2\n|-boost|p1a: Dondozo|spa|2\n|-boost|p1a: Dondozo|spe|2\n|-boost|p1a: Dondozo|def|2\n|-boost|p1a: Dondozo|spd|2\n|move|p2a: P3t3l1l|After You|p2b: T0rk04l\n|-activate|p2b: T0rk04l|move: After You\n|move|p2b: T0rk04l|Eruption|p1a: Dondozo|[spread] p1a\n|-miss|p2b: T0rk04l|p1b: Tatsugiri\n|-resisted|p1a: Dondozo\n|-damage|p1a: Dondozo|80\/100\n|\n|-weather|SunnyDay|[upkeep]\n|-heal|p1a: Dondozo|86\/100|[from] item: Leftovers\n|upkeep\n|turn|3\n|\n|t:|1682588992\n|move|p2b: T0rk04l|Protect|p2b: T0rk04l\n|-singleturn|p2b: T0rk04l|Protect\n|move|p2a: P3t3l1l|Leaf Storm|p2b: T0rk04l\n|-activate|p2b: T0rk04l|move: Protect\n|move|p1a: Dondozo|Fissure|p2a: P3t3l1l|[miss]\n|-miss|p1a: Dondozo|p2a: P3t3l1l\n|\n|-weather|SunnyDay|[upkeep]\n|-heal|p1a: Dondozo|93\/100|[from] item: Leftovers\n|upkeep\n|turn|4\n|\n|t:|1682589008\n|move|p2a: P3t3l1l|Leaf Storm|p1a: Dondozo\n|-supereffective|p1a: Dondozo\n|-damage|p1a: Dondozo|62\/100\n|-unboost|p2a: P3t3l1l|spa|2\n|move|p1a: Dondozo|Fissure|p2a: P3t3l1l|[miss]\n|-miss|p1a: Dondozo|p2a: P3t3l1l\n|move|p2b: T0rk04l|Heat Wave|p1b: Tatsugiri|[spread] p1a\n|-miss|p2b: T0rk04l|p1b: Tatsugiri\n|-resisted|p1a: Dondozo\n|-damage|p1a: Dondozo|50\/100\n|-status|p1a: Dondozo|brn\n|\n|-weather|SunnyDay|[upkeep]\n|-heal|p1a: Dondozo|56\/100 brn|[from] item: Leftovers\n|-damage|p1a: Dondozo|50\/100 brn|[from] brn\n|upkeep\n|turn|5\n|\n|t:|1682589023\n|switch|p2a: M1sdr34vus|Flutter Mane, L50|100\/100\n|-activate|p2a: M1sdr34vus|ability: Protosynthesis\n|-start|p2a: M1sdr34vus|protosynthesisspe\n|move|p2b: T0rk04l|Protect|p2b: T0rk04l\n|-singleturn|p2b: T0rk04l|Protect\n|move|p1a: Dondozo|Rest|p1a: Dondozo\n|-status|p1a: Dondozo|slp|[from] move: Rest\n|-heal|p1a: Dondozo|100\/100 slp|[silent]\n|\n|-weather|none\n|-end|p2a: M1sdr34vus|Protosynthesis\n|upkeep\n|turn|6\n|\n|t:|1682589055\n|move|p2a: M1sdr34vus|Shadow Ball|p1a: Dondozo\n|-damage|p1a: Dondozo|79\/100 slp\n|-unboost|p1a: Dondozo|spd|1\n|cant|p1a: Dondozo|slp\n|move|p1a: Dondozo|Sleep Talk|p1a: Dondozo\n|move|p1a: Dondozo|Rest||[from]move: Sleep Talk|[still]\n|-fail|p1a: Dondozo\n|move|p2b: T0rk04l|Shell Smash|p2b: T0rk04l\n|-unboost|p2b: T0rk04l|def|1\n|-unboost|p2b: T0rk04l|spd|1\n|-boost|p2b: T0rk04l|atk|2\n|-boost|p2b: T0rk04l|spa|2\n|-boost|p2b: T0rk04l|spe|2\n|\n|-heal|p1a: Dondozo|86\/100 slp|[from] item: Leftovers\n|upkeep\n|turn|7\n|\n|t:|1682589079\n|move|p2a: M1sdr34vus|Shadow Ball|p1a: Dondozo\n|-damage|p1a: Dondozo|56\/100 slp\n|-unboost|p1a: Dondozo|spd|1\n|cant|p1a: Dondozo|slp\n|move|p2b: T0rk04l|Eruption|p1a: Dondozo|[spread] p1a\n|-miss|p2b: T0rk04l|p1b: Tatsugiri\n|-resisted|p1a: Dondozo\n|-damage|p1a: Dondozo|29\/100 slp\n|\n|-heal|p1a: Dondozo|35\/100 slp|[from] item: Leftovers\n|upkeep\n|turn|8\n|\n|t:|1682589100\n|move|p2b: T0rk04l|Protect|p2b: T0rk04l\n|-singleturn|p2b: T0rk04l|Protect\n|move|p2a: M1sdr34vus|Shadow Ball|p1a: Dondozo\n|-damage|p1a: Dondozo|0 fnt\n|faint|p1a: Dondozo\n|\n|upkeep\n|\n|t:|1682589119\n|switch|p1a: Grimmsnarl|Grimmsnarl, L50, M|100\/100\n|turn|9\n|\n|t:|1682589130\n|-end|p2a: M1sdr34vus|Protosynthesis|[silent]\n|switch|p2a: Amoonguss|Amoonguss, L50, M|100\/100\n|move|p1a: Grimmsnarl|Light Screen|p1a: Grimmsnarl\n|-sidestart|p1: Megumi173|move: Light Screen\n|move|p1b: Tatsugiri|Hydro Pump|p2b: T0rk04l\n|-supereffective|p2b: T0rk04l\n|-damage|p2b: T0rk04l|0 fnt\n|faint|p2b: T0rk04l\n|\n|upkeep\n|\n|t:|1682589137\n|switch|p2b: M1sdr34vus|Flutter Mane, L50|100\/100\n|turn|10\n|\n|t:|1682589148\n|switch|p1b: Ting-Lu|Ting-Lu, L50|100\/100\n|-ability|p1b: Ting-Lu|Vessel of Ruin\n|move|p2a: Amoonguss|Rage Powder|p2a: Amoonguss\n|-singleturn|p2a: Amoonguss|move: Rage Powder\n|move|p1a: Grimmsnarl|Parting Shot|p2a: Amoonguss\n|-unboost|p2a: Amoonguss|atk|1\n|-unboost|p2a: Amoonguss|spa|1\n|\n|t:|1682589155\n|switch|p1a: Tatsugiri|Tatsugiri, L50, M|100\/100|[from] Parting Shot\n|move|p2b: M1sdr34vus|Dazzling Gleam|p1a: Tatsugiri|[spread] p1a,p1b\n|-supereffective|p1a: Tatsugiri\n|-supereffective|p1b: Ting-Lu\n|-damage|p1a: Tatsugiri|41\/100\n|-damage|p1b: Ting-Lu|75\/100\n|\n|upkeep\n|turn|11\n|\n|t:|1682589176\n|move|p2a: Amoonguss|Rage Powder|p2a: Amoonguss\n|-singleturn|p2a: Amoonguss|move: Rage Powder\n|move|p1a: Tatsugiri|Draco Meteor|p2a: Amoonguss\n|-damage|p2a: Amoonguss|67\/100\n|-unboost|p1a: Tatsugiri|spa|2\n|move|p2b: M1sdr34vus|Dazzling Gleam|p1a: Tatsugiri|[spread] p1a,p1b\n|-supereffective|p1a: Tatsugiri\n|-supereffective|p1b: Ting-Lu\n|-damage|p1a: Tatsugiri|0 fnt\n|-damage|p1b: Ting-Lu|47\/100\n|faint|p1a: Tatsugiri\n|move|p1b: Ting-Lu|Fissure|p2a: Amoonguss|[miss]\n|-miss|p1b: Ting-Lu|p2a: Amoonguss\n|\n|-heal|p2a: Amoonguss|72\/100|[from] item: Leftovers\n|upkeep\n|\n|t:|1682589189\n|switch|p1a: Grimmsnarl|Grimmsnarl, L50, M|100\/100\n|turn|12\n|\n|t:|1682589198\n|move|p1a: Grimmsnarl|Fake Out|p2a: Amoonguss\n|-damage|p2a: Amoonguss|60\/100\n|move|p2b: M1sdr34vus|Dazzling Gleam|p1a: Grimmsnarl|[spread] p1a,p1b\n|-supereffective|p1a: Grimmsnarl\n|-supereffective|p1b: Ting-Lu\n|-damage|p1a: Grimmsnarl|61\/100\n|-damage|p1b: Ting-Lu|19\/100\n|-enditem|p1b: Ting-Lu|Aguav Berry|[eat]\n|-heal|p1b: Ting-Lu|52\/100|[from] item: Aguav Berry\n|move|p1b: Ting-Lu|Rest|p1b: Ting-Lu\n|-status|p1b: Ting-Lu|slp|[from] move: Rest\n|-heal|p1b: Ting-Lu|100\/100 slp|[silent]\n|cant|p2a: Amoonguss|flinch\n|\n|-heal|p2a: Amoonguss|66\/100|[from] item: Leftovers\n|upkeep\n|turn|13\n|\n|t:|1682589215\n|move|p1a: Grimmsnarl|Parting Shot|p2b: M1sdr34vus\n|-unboost|p2b: M1sdr34vus|atk|1\n|-unboost|p2b: M1sdr34vus|spa|1\n|move|p2b: M1sdr34vus|Dazzling Gleam|p1a: Grimmsnarl|[spread] p1a,p1b\n|-supereffective|p1a: Grimmsnarl\n|-supereffective|p1b: Ting-Lu\n|-damage|p1a: Grimmsnarl|35\/100\n|-damage|p1b: Ting-Lu|84\/100 slp\n|cant|p1b: Ting-Lu|slp\n|move|p1b: Ting-Lu|Sleep Talk|p1b: Ting-Lu\n|move|p1b: Ting-Lu|Rest||[from]move: Sleep Talk|[still]\n|-fail|p1b: Ting-Lu\n|move|p2a: Amoonguss|Spore|p1a: Grimmsnarl\n|-status|p1a: Grimmsnarl|slp|[from] move: Spore\n|\n|-heal|p2a: Amoonguss|72\/100|[from] item: Leftovers\n|upkeep\n|turn|14\n|\n|t:|1682589235\n|-end|p2b: M1sdr34vus|Protosynthesis|[silent]\n|switch|p2b: P3t3l1l|Lilligant, L50, F|87\/100\n|cant|p1a: Grimmsnarl|slp\n|cant|p1b: Ting-Lu|slp\n|move|p1b: Ting-Lu|Sleep Talk|p1b: Ting-Lu\n|move|p1b: Ting-Lu|Rest||[from]move: Sleep Talk|[still]\n|-fail|p1b: Ting-Lu\n|move|p2a: Amoonguss|Pollen Puff|p1a: Grimmsnarl\n|-damage|p1a: Grimmsnarl|30\/100 slp\n|\n|-heal|p2a: Amoonguss|77\/100|[from] item: Leftovers\n|upkeep\n|turn|15\n|\n|t:|1682589256\n|move|p2a: Amoonguss|Rage Powder|p2a: Amoonguss\n|-singleturn|p2a: Amoonguss|move: Rage Powder\n|-curestatus|p1a: Grimmsnarl|slp|[msg]\n|move|p1a: Grimmsnarl|Parting Shot|p2a: Amoonguss\n|-unboost|p2a: Amoonguss|atk|1\n|-unboost|p2a: Amoonguss|spa|1\n|move|p2b: P3t3l1l|Leaf Storm|p1b: Ting-Lu\n|-supereffective|p1b: Ting-Lu\n|-damage|p1b: Ting-Lu|58\/100 slp\n|-unboost|p2b: P3t3l1l|spa|2\n|-curestatus|p1b: Ting-Lu|slp|[msg]\n|move|p1b: Ting-Lu|Fissure|p2a: Amoonguss|[miss]\n|-miss|p1b: Ting-Lu|p2a: Amoonguss\n|\n|-heal|p2a: Amoonguss|83\/100|[from] item: Leftovers\n|upkeep\n|turn|16\n|\n|t:|1682589288\n|move|p1a: Grimmsnarl|Parting Shot|p2b: P3t3l1l\n|-unboost|p2b: P3t3l1l|atk|1\n|-unboost|p2b: P3t3l1l|spa|1\n|move|p2b: P3t3l1l|Sleep Powder|p1b: Ting-Lu|[miss]\n|-miss|p2b: P3t3l1l|p1b: Ting-Lu\n|move|p1b: Ting-Lu|Fissure|p2b: P3t3l1l|[miss]\n|-miss|p1b: Ting-Lu|p2b: P3t3l1l\n|move|p2a: Amoonguss|Spore|p1a: Grimmsnarl\n|-status|p1a: Grimmsnarl|slp|[from] move: Spore\n|\n|-heal|p2a: Amoonguss|89\/100|[from] item: Leftovers\n|-sideend|p1: Megumi173|move: Light Screen\n|upkeep\n|turn|17\n|\n|t:|1682589308\n|switch|p2b: M1sdr34vus|Flutter Mane, L50|100\/100\n|cant|p1a: Grimmsnarl|slp\n|move|p1b: Ting-Lu|Fissure|p2b: M1sdr34vus|[miss]\n|-miss|p1b: Ting-Lu|p2b: M1sdr34vus\n|move|p2a: Amoonguss|Spore|p1b: Ting-Lu\n|-status|p1b: Ting-Lu|slp|[from] move: Spore\n|\n|-heal|p2a: Amoonguss|95\/100|[from] item: Leftovers\n|upkeep\n|turn|18\n|\n|t:|1682589320\n|move|p2a: Amoonguss|Rage Powder|p2a: Amoonguss\n|-singleturn|p2a: Amoonguss|move: Rage Powder\n|-curestatus|p1a: Grimmsnarl|slp|[msg]\n|move|p1a: Grimmsnarl|Light Screen|p1a: Grimmsnarl\n|-sidestart|p1: Megumi173|move: Light Screen\n|move|p2b: M1sdr34vus|Dazzling Gleam|p1a: Grimmsnarl|[spread] p1a,p1b\n|-supereffective|p1a: Grimmsnarl\n|-supereffective|p1b: Ting-Lu\n|-damage|p1a: Grimmsnarl|0 fnt\n|-damage|p1b: Ting-Lu|32\/100 slp\n|faint|p1a: Grimmsnarl\n|cant|p1b: Ting-Lu|slp\n|move|p1b: Ting-Lu|Sleep Talk|p1b: Ting-Lu\n|move|p1b: Ting-Lu|Fissure|p2a: Amoonguss|[from]move: Sleep Talk|[miss]\n|-miss|p1b: Ting-Lu|p2a: Amoonguss\n|\n|-heal|p2a: Amoonguss|100\/100|[from] item: Leftovers\n|upkeep\n|turn|19\n|\n|t:|1682589343\n|move|p2a: Amoonguss|Rage Powder|p2a: Amoonguss\n|-singleturn|p2a: Amoonguss|move: Rage Powder\n|move|p2b: M1sdr34vus|Dazzling Gleam|p1b: Ting-Lu\n|-supereffective|p1b: Ting-Lu\n|-damage|p1b: Ting-Lu|0 fnt\n|faint|p1b: Ting-Lu\n|\n|win|Yaboy333\n|raw|Megumi173's rating: 1027 → 1013<\/strong> (-14 for losing)\n|raw|Yaboy333's rating: 1032 → 1067<\/strong> (+35 for winning)\n|l|\u2606Yaboy333\n|l|\u2606Megumi173\n|j|\u2606Megumi173\n|player|p1|Megumi173|102\n","uploadtime":1682589418,"views":5,"p1id":"megumi173","p2id":"yaboy333","formatid":"gen9vgc2023regulationc","rating":1013,"private":0,"password":""}