{"id":"gen9vgc2023regulationc-1853188793","p1":"Indigosaffron","p2":"kajashi","format":"[Gen 9] VGC 2023 Regulation C","log":"|j|\u2606Indigosaffron\n|j|\u2606kajashi\n|t:|1682646192\n|gametype|doubles\n|player|p1|Indigosaffron|101|1619\n|player|p2|kajashi|n|1503\n|teamsize|p1|6\n|teamsize|p2|6\n|gen|9\n|tier|[Gen 9] VGC 2023 Regulation C\n|rated|\n|rule|Species Clause: Limit one of each Pok\u00e9mon\n|rule|Item Clause: Limit one of each item\n|clearpoke\n|poke|p1|Chien-Pao, L50|\n|poke|p1|Flutter Mane, L50|\n|poke|p1|Talonflame, L50, F|\n|poke|p1|Meowscarada, L50, M|\n|poke|p1|Maushold-Four, L50|\n|poke|p1|Iron Treads, L50|\n|poke|p2|Gyarados, L50, M|\n|poke|p2|Chi-Yu, L50|\n|poke|p2|Iron Hands, L50|\n|poke|p2|Kingambit, L50, M|\n|poke|p2|Amoonguss, L50, M|\n|poke|p2|Flutter Mane, L50|\n|teampreview|4\nkajashi has agreed to open team sheets.\nIndigosaffron has agreed to open team sheets.\n|inactive|Battle timer is ON: inactive players will automatically lose when time's up. (requested by Indigosaffron)\n|j| THUNDERSND77\n|inactive|kajashi has 60 seconds left.\n|\n|t:|1682646258\n|start\n|switch|p1a: Talonflame|Talonflame, L50, F|100\/100\n|switch|p1b: Flutter Mane|Flutter Mane, L50|100\/100\n|switch|p2a: Chi-Yu|Chi-Yu, L50|100\/100\n|switch|p2b: Gyarados|Gyarados, L50, M|100\/100\n|-ability|p2a: Chi-Yu|Beads of Ruin\n|-ability|p2b: Gyarados|Intimidate|boost\n|-unboost|p1a: Talonflame|atk|1\n|-unboost|p1b: Flutter Mane|atk|1\n|turn|1\n|inactive|kajashi has 30 seconds left.\n|j| mpudi\n|\n|t:|1682646292\n|-terastallize|p2b: Gyarados|Steel\n|move|p1a: Talonflame|Brave Bird|p2a: Chi-Yu\n|-damage|p2a: Chi-Yu|50\/100\n|-damage|p1a: Talonflame|86\/100|[from] Recoil\n|move|p1b: Flutter Mane|Dazzling Gleam|p2a: Chi-Yu|[spread] p2a,p2b\n|-resisted|p2b: Gyarados\n|-damage|p2a: Chi-Yu|0 fnt\n|-damage|p2b: Gyarados|67\/100\n|faint|p2a: Chi-Yu\n|move|p2b: Gyarados|Waterfall|p1b: Flutter Mane\n|-damage|p1b: Flutter Mane|30\/100\n|\n|upkeep\n|\n|t:|1682646312\n|switch|p2a: Kingambit|Kingambit, L50, M|100\/100\n|turn|2\n|\n|t:|1682646323\n|move|p1a: Talonflame|Flare Blitz|p2b: Gyarados\n|-supereffective|p2b: Gyarados\n|-damage|p2b: Gyarados|0 fnt\n|faint|p2b: Gyarados\n|-damage|p1a: Talonflame|61\/100|[from] Recoil\n|move|p1b: Flutter Mane|Dazzling Gleam|p2a: Kingambit\n|-damage|p2a: Kingambit|58\/100\n|move|p2a: Kingambit|Iron Head|p1b: Flutter Mane\n|-supereffective|p1b: Flutter Mane\n|-damage|p1b: Flutter Mane|0 fnt\n|faint|p1b: Flutter Mane\n|-end|p1b: Flutter Mane|Protosynthesis|[silent]\n|\n|upkeep\n|\n|t:|1682646338\n|switch|p1b: Iron Treads|Iron Treads, L50|100\/100\n|switch|p2b: Flutter Mane|Flutter Mane, L50|100\/100\n|-enditem|p2b: Flutter Mane|Booster Energy\n|-activate|p2b: Flutter Mane|ability: Protosynthesis|[fromitem]\n|-start|p2b: Flutter Mane|protosynthesisspa\n|-enditem|p1b: Iron Treads|Booster Energy\n|-activate|p1b: Iron Treads|ability: Quark Drive|[fromitem]\n|-start|p1b: Iron Treads|quarkdriveatk\n|turn|3\n|\n|t:|1682646352\n|move|p2b: Flutter Mane|Protect|p2b: Flutter Mane\n|-singleturn|p2b: Flutter Mane|Protect\n|move|p1a: Talonflame|Flare Blitz|p2a: Kingambit\n|-supereffective|p2a: Kingambit\n|-damage|p2a: Kingambit|15\/100\n|-damage|p1a: Talonflame|42\/100|[from] Recoil\n|move|p1b: Iron Treads|Iron Head|p2b: Flutter Mane\n|-activate|p2b: Flutter Mane|move: Protect\n|move|p2a: Kingambit|Low Kick|p1b: Iron Treads\n|-supereffective|p1b: Iron Treads\n|-damage|p1b: Iron Treads|25\/100\n|\n|upkeep\n|turn|4\n|inactive|kajashi has 30 seconds left.\n|\n|t:|1682646377\n|move|p1b: Iron Treads|Protect|p1b: Iron Treads\n|-singleturn|p1b: Iron Treads|Protect\n|move|p2a: Kingambit|Sucker Punch|p1a: Talonflame\n|-damage|p1a: Talonflame|0 fnt\n|faint|p1a: Talonflame\n|move|p2b: Flutter Mane|Shadow Ball|p1b: Iron Treads\n|-activate|p1b: Iron Treads|move: Protect\n|\n|upkeep\n|\n|t:|1682646382\n|switch|p1a: Chien-Pao|Chien-Pao, L50|100\/100\n|-ability|p1a: Chien-Pao|Sword of Ruin\n|turn|5\n|inactive|kajashi has 30 seconds left.\n|inactive|kajashi has 20 seconds left.\n|\n|t:|1682646419\n|-terastallize|p1a: Chien-Pao|Poison\n|move|p1a: Chien-Pao|Sucker Punch|p2a: Kingambit\n|-resisted|p2a: Kingambit\n|-damage|p2a: Kingambit|0 fnt\n|faint|p2a: Kingambit\n|move|p2b: Flutter Mane|Shadow Ball|p1b: Iron Treads\n|-damage|p1b: Iron Treads|0 fnt\n|faint|p1b: Iron Treads\n|-end|p1b: Iron Treads|Quark Drive|[silent]\n|\n|upkeep\n|turn|6\n|\n|t:|1682646430\n|move|p2b: Flutter Mane|Shadow Ball|p1a: Chien-Pao\n|-damage|p1a: Chien-Pao|58\/100\n|-unboost|p1a: Chien-Pao|spd|1\n|move|p1a: Chien-Pao|Ice Spinner|p2b: Flutter Mane\n|-damage|p2b: Flutter Mane|26\/100\n|\n|upkeep\n|turn|7\n|\n|t:|1682646438\n|move|p1a: Chien-Pao|Sucker Punch|p2b: Flutter Mane\n|-damage|p2b: Flutter Mane|0 fnt\n|faint|p2b: Flutter Mane\n|-end|p2b: Flutter Mane|Protosynthesis|[silent]\n|\n|win|Indigosaffron\n|raw|Indigosaffron's rating: 1619 → 1633<\/strong> (+14 for winning)\n|raw|kajashi's rating: 1503 → 1489<\/strong> (-14 for losing)\n|c|\u2606kajashi|gg\n|l| THUNDERSND77\n|c|\u2606Indigosaffron|Gg\n","uploadtime":1682646452,"views":9,"p1id":"indigosaffron","p2id":"kajashi","formatid":"gen9vgc2023regulationc","rating":1489,"private":0,"password":""}