{"id":"gen9vgc2023regulationc-1861144399","p1":"Luknight","p2":"idolastafy","format":"[Gen 9] VGC 2023 Regulation C","log":"|j|\u2606Luknight\n|j|\u2606idolastafy\n|t:|1683730458\n|gametype|doubles\n|player|p1|Luknight|idol|\n|player|p2|idolastafy|dawn-gen4pt|\n|teamsize|p1|6\n|teamsize|p2|6\n|gen|9\n|tier|[Gen 9] VGC 2023 Regulation C\n|rule|Species Clause: Limit one of each Pok\u00e9mon\n|rule|Item Clause: Limit one of each item\n|clearpoke\n|poke|p1|Baxcalibur, L50, F|\n|poke|p1|Ting-Lu, L50|\n|poke|p1|Amoonguss, L50, M|\n|poke|p1|Arcanine, L50, M|\n|poke|p1|Palafin, L50, F|\n|poke|p1|Flutter Mane, L50|\n|poke|p2|Tauros-Paldea-Blaze, L50, M|\n|poke|p2|Flutter Mane, L50|\n|poke|p2|Kingambit, L50, F|\n|poke|p2|Garganacl, L50, M|\n|poke|p2|Iron Bundle, L50|\n|poke|p2|Palafin, L50, F|\n|teampreview|4\n|\n|t:|1683730513\n|start\n|switch|p1a: Palafin|Palafin, L50, F|100\/100\n|switch|p1b: Amoonguss|Amoonguss, L50, M|100\/100\n|switch|p2a: Palafin|Palafin, L50, F|100\/100\n|switch|p2b: Tauros|Tauros-Paldea-Blaze, L50, M|100\/100\n|-ability|p2b: Tauros|Intimidate|boost\n|-unboost|p1a: Palafin|atk|1\n|-unboost|p1b: Amoonguss|atk|1\n|turn|1\n|\n|t:|1683730544\n|detailschange|p2a: Palafin|Palafin-Hero, L50, F\n|switch|p2a: Garganacl|Garganacl, L50, M|100\/100\n|-terastallize|p1b: Amoonguss|Water\n|move|p1a: Palafin|Protect|p1a: Palafin\n|-singleturn|p1a: Palafin|Protect\n|move|p2b: Tauros|Raging Bull|p1b: Amoonguss\n|-resisted|p1b: Amoonguss\n|-damage|p1b: Amoonguss|86\/100\n|move|p1b: Amoonguss|Spore|p2b: Tauros\n|-activate|p2b: Tauros|item: Safety Goggles|Spore\n|\n|upkeep\n|turn|2\n|\n|t:|1683730593\n|detailschange|p1a: Palafin|Palafin-Hero, L50, F\n|switch|p1a: Ting-Lu|Ting-Lu, L50|100\/100\n|-ability|p1a: Ting-Lu|Vessel of Ruin\n|move|p2b: Tauros|Raging Bull|p1a: Ting-Lu\n|-damage|p1a: Ting-Lu|81\/100\n|move|p2a: Garganacl|Salt Cure|p1b: Amoonguss\n|-damage|p1b: Amoonguss|76\/100\n|-start|p1b: Amoonguss|Salt Cure\n|move|p1b: Amoonguss|Pollen Puff|p1a: Ting-Lu\n|-heal|p1a: Ting-Lu|100\/100\n|\n|-damage|p1b: Amoonguss|51\/100|[from] Salt Cure\n|upkeep\n|turn|3\n|\n|t:|1683730625\n|switch|p1b: Palafin|Palafin-Hero, L50, F|100\/100\n|-activate|p1b: Palafin|ability: Zero to Hero\n|move|p2b: Tauros|Protect|p2b: Tauros\n|-singleturn|p2b: Tauros|Protect\n|move|p1a: Ting-Lu|Stomping Tantrum|p2b: Tauros\n|-activate|p2b: Tauros|move: Protect\n|move|p2a: Garganacl|Salt Cure|p1a: Ting-Lu\n|-resisted|p1a: Ting-Lu\n|-damage|p1a: Ting-Lu|97\/100\n|-start|p1a: Ting-Lu|Salt Cure\n|\n|-damage|p1a: Ting-Lu|85\/100|[from] Salt Cure\n|upkeep\n|turn|4\n|\n|t:|1683730659\n|switch|p2b: Iron Bundle|Iron Bundle, L50|100\/100\n|move|p1b: Palafin|Wave Crash|p2b: Iron Bundle\n|-resisted|p2b: Iron Bundle\n|-damage|p2b: Iron Bundle|47\/100\n|-damage|p1b: Palafin|89\/100|[from] Recoil\n|move|p1a: Ting-Lu|Ruination|p2a: Garganacl\n|-damage|p2a: Garganacl|51\/100\n|move|p2a: Garganacl|Salt Cure|p1b: Palafin\n|-damage|p1b: Palafin|76\/100\n|-start|p1b: Palafin|Salt Cure\n|\n|-heal|p2a: Garganacl|57\/100|[from] item: Leftovers\n|-damage|p1b: Palafin|51\/100|[from] Salt Cure\n|-damage|p1a: Ting-Lu|73\/100|[from] Salt Cure\n|upkeep\n|turn|5\n|\n|t:|1683730717\n|move|p2b: Iron Bundle|Protect|p2b: Iron Bundle\n|-singleturn|p2b: Iron Bundle|Protect\n|move|p1b: Palafin|Protect|p1b: Palafin\n|-singleturn|p1b: Palafin|Protect\n|move|p1a: Ting-Lu|Ruination|p2b: Iron Bundle\n|-activate|p2b: Iron Bundle|move: Protect\n|move|p2a: Garganacl|Recover|p2a: Garganacl\n|-heal|p2a: Garganacl|100\/100\n|\n|-damage|p1b: Palafin|27\/100|[from] Salt Cure\n|-damage|p1a: Ting-Lu|60\/100|[from] Salt Cure\n|upkeep\n|turn|6\n|\n|t:|1683730751\n|-end|p2b: Iron Bundle|Quark Drive|[silent]\n|switch|p2b: Tauros|Tauros-Paldea-Blaze, L50, M|100\/100\n|-ability|p2b: Tauros|Intimidate|boost\n|-unboost|p1a: Ting-Lu|atk|1\n|-unboost|p1b: Palafin|atk|1\n|switch|p1b: Amoonguss|Amoonguss, L50, M, tera:Water|84\/100\n|move|p1a: Ting-Lu|Ruination|p2b: Tauros\n|-damage|p2b: Tauros|50\/100\n|move|p2a: Garganacl|Salt Cure|p1b: Amoonguss\n|-crit|p1b: Amoonguss\n|-damage|p1b: Amoonguss|69\/100\n|-start|p1b: Amoonguss|Salt Cure\n|\n|-damage|p1a: Ting-Lu|48\/100|[from] Salt Cure\n|-damage|p1b: Amoonguss|44\/100|[from] Salt Cure\n|upkeep\n|turn|7\n|\n|t:|1683730801\n|move|p2b: Tauros|Close Combat|p1b: Amoonguss\n|-damage|p1b: Amoonguss|2\/100\n|-unboost|p2b: Tauros|def|1\n|-unboost|p2b: Tauros|spd|1\n|move|p1a: Ting-Lu|Stomping Tantrum|p2b: Tauros\n|-supereffective|p2b: Tauros\n|-damage|p2b: Tauros|0 fnt\n|faint|p2b: Tauros\n|move|p2a: Garganacl|Salt Cure|p1a: Ting-Lu\n|-resisted|p1a: Ting-Lu\n|-damage|p1a: Ting-Lu|45\/100\n|move|p1b: Amoonguss|Pollen Puff|p1a: Ting-Lu\n|-heal|p1a: Ting-Lu|95\/100\n|\n|-damage|p1a: Ting-Lu|83\/100|[from] Salt Cure\n|-damage|p1b: Amoonguss|0 fnt|[from] Salt Cure\n|faint|p1b: Amoonguss\n|upkeep\n|\n|t:|1683730837\n|switch|p2b: Palafin|Palafin-Hero, L50, F|100\/100\n|switch|p1b: Flutter Mane|Flutter Mane, L50|100\/100\n|-activate|p2b: Palafin|ability: Zero to Hero\n|turn|8\n|\n|t:|1683730875\n|-terastallize|p2b: Palafin|Water\n|move|p2a: Garganacl|Wide Guard|p2a: Garganacl\n|-singleturn|p2a: Garganacl|Wide Guard\n|move|p2b: Palafin|Jet Punch|p1a: Ting-Lu\n|-supereffective|p1a: Ting-Lu\n|-damage|p1a: Ting-Lu|23\/100\n|move|p1b: Flutter Mane|Thunderbolt|p2b: Palafin\n|-supereffective|p2b: Palafin\n|-damage|p2b: Palafin|41\/100\n|move|p1a: Ting-Lu|Throat Chop|p2b: Palafin\n|-damage|p2b: Palafin|23\/100\n|-start|p2b: Palafin|Throat Chop|[silent]\n|\n|-damage|p1a: Ting-Lu|11\/100|[from] Salt Cure\n|upkeep\n|turn|9\n|\n|t:|1683730900\n|move|p2b: Palafin|Protect|p2b: Palafin\n|-singleturn|p2b: Palafin|Protect\n|move|p1b: Flutter Mane|Thunderbolt|p2b: Palafin\n|-activate|p2b: Palafin|move: Protect\n|move|p1a: Ting-Lu|Ruination|p2a: Garganacl\n|-damage|p2a: Garganacl|51\/100\n|move|p2a: Garganacl|Salt Cure|p1b: Flutter Mane\n|-damage|p1b: Flutter Mane|75\/100\n|-start|p1b: Flutter Mane|Salt Cure\n|\n|-heal|p2a: Garganacl|57\/100|[from] item: Leftovers\n|-damage|p1b: Flutter Mane|63\/100|[from] Salt Cure\n|-damage|p1a: Ting-Lu|0 fnt|[from] Salt Cure\n|faint|p1a: Ting-Lu\n|-end|p2b: Palafin|Throat Chop|[silent]\n|upkeep\n|\n|t:|1683730913\n|switch|p1a: Palafin|Palafin-Hero, L50, F|27\/100\n|turn|10\n|\n|t:|1683730922\n|move|p2b: Palafin|Jet Punch|p1b: Flutter Mane\n|-damage|p1b: Flutter Mane|0 fnt\n|faint|p1b: Flutter Mane\n|-end|p1b: Flutter Mane|Protosynthesis|[silent]\n|move|p1a: Palafin|Jet Punch|p2b: Palafin\n|-resisted|p2b: Palafin\n|-damage|p2b: Palafin|3\/100\n|move|p2a: Garganacl|Salt Cure|p1a: Palafin\n|-damage|p1a: Palafin|15\/100\n|-start|p1a: Palafin|Salt Cure\n|\n|-heal|p2a: Garganacl|62\/100|[from] item: Leftovers\n|-damage|p1a: Palafin|0 fnt|[from] Salt Cure\n|faint|p1a: Palafin\n|\n|win|idolastafy\n|upkeep\n|l|\u2606idolastafy\n","uploadtime":1683731952,"views":11,"p1id":"luknight","p2id":"idolastafy","formatid":"gen9vgc2023regulationc","rating":0,"private":0,"password":""}