{"id":"gen9vgc2023regulationc-1844982157","p1":"IamMx3","p2":"MareeohYT","format":"[Gen 9] VGC 2023 Regulation C","log":"|j|\u2606IamMx3\n|j|\u2606MareeohYT\n|t:|1681670710\n|gametype|doubles\n|player|p1|IamMx3|palmer|1505\n|player|p2|MareeohYT|policeman-gen4|1526\n|teamsize|p1|6\n|teamsize|p2|6\n|gen|9\n|tier|[Gen 9] VGC 2023 Regulation C\n|rated|\n|rule|Species Clause: Limit one of each Pok\u00e9mon\n|rule|Item Clause: Limit one of each item\n|clearpoke\n|poke|p1|Flutter Mane, L50|\n|poke|p1|Gothitelle, L50, F|\n|poke|p1|Talonflame, L50, F|\n|poke|p1|Great Tusk, L50|\n|poke|p1|Iron Bundle, L50|\n|poke|p1|Tyranitar, L50, F|\n|poke|p2|Amoonguss, L50, F|\n|poke|p2|Palafin, L50, F|\n|poke|p2|Arcanine, L50, M|\n|poke|p2|Flutter Mane, L50|\n|poke|p2|Ting-Lu, L50|\n|poke|p2|Baxcalibur, L50, M|\n|teampreview|4\n|inactive|Battle timer is ON: inactive players will automatically lose when time's up. (requested by IamMx3)\nMareeohYT has agreed to open team sheets.\nIamMx3 has agreed to open team sheets.\n|inactive|IamMx3 has 60 seconds left.\n|inactive|MareeohYT has 60 seconds left.\n|inactive|MareeohYT has 30 seconds left.\n|inactive|MareeohYT has 20 seconds left.\n|inactive|MareeohYT has 15 seconds left.\n|\n|t:|1681670791\n|start\n|switch|p1a: Talonflame|Talonflame, L50, F|100\/100\n|switch|p1b: Great Tusk|Great Tusk, L50|100\/100\n|switch|p2a: Palafin|Palafin, L50, F|100\/100\n|switch|p2b: Flutter Mane|Flutter Mane, L50|100\/100\n|turn|1\n|inactive|MareeohYT has 30 seconds left.\n|inactive|MareeohYT has 20 seconds left.\n|inactive|MareeohYT has 15 seconds left.\n|inactive|MareeohYT has 10 seconds left.\n|\n|t:|1681670837\n|detailschange|p2a: Palafin|Palafin-Hero, L50, F\n|switch|p2a: Arcanine|Arcanine, L50, M|100\/100\n|-ability|p2a: Arcanine|Intimidate|boost\n|-unboost|p1a: Talonflame|atk|1\n|-unboost|p1b: Great Tusk|atk|1\n|move|p1a: Talonflame|Tailwind|p1a: Talonflame\n|-sidestart|p1: IamMx3|move: Tailwind\n|move|p1b: Great Tusk|Headlong Rush|p2b: Flutter Mane\n|-damage|p2b: Flutter Mane|0 fnt\n|-unboost|p1b: Great Tusk|def|1\n|-unboost|p1b: Great Tusk|spd|1\n|faint|p2b: Flutter Mane\n|-end|p2b: Flutter Mane|Protosynthesis|[silent]\n|-damage|p1b: Great Tusk|91\/100|[from] item: Life Orb\n|\n|upkeep\n|\n|t:|1681670850\n|switch|p2b: Palafin|Palafin-Hero, L50, F|100\/100\n|-activate|p2b: Palafin|ability: Zero to Hero\n|turn|2\n|\n|t:|1681670865\n|-end|p1b: Great Tusk|Protosynthesis|[silent]\n|switch|p1b: Iron Bundle|Iron Bundle, L50|100\/100\n|-enditem|p1b: Iron Bundle|Booster Energy\n|-activate|p1b: Iron Bundle|ability: Quark Drive|[fromitem]\n|-start|p1b: Iron Bundle|quarkdrivespe\n|-terastallize|p2b: Palafin|Water\n|move|p2b: Palafin|Jet Punch|p1b: Iron Bundle\n|-resisted|p1b: Iron Bundle\n|-damage|p1b: Iron Bundle|64\/100\n|move|p1a: Talonflame|Will-O-Wisp|p2b: Palafin\n|-status|p2b: Palafin|brn\n|move|p2a: Arcanine|Howl|p2a: Arcanine|[spread] p2a,p2b\n|-boost|p2a: Arcanine|atk|1\n|-boost|p2b: Palafin|atk|1\n|\n|-damage|p2b: Palafin|95\/100 brn|[from] brn\n|upkeep\n|turn|3\n|inactive|IamMx3 has 30 seconds left.\n|\n|t:|1681670893\n|move|p2a: Arcanine|Extreme Speed|p1b: Iron Bundle\n|-damage|p1b: Iron Bundle|16\/100\n|move|p1a: Talonflame|Brave Bird|p2a: Arcanine\n|-damage|p2a: Arcanine|70\/100\n|-damage|p1a: Talonflame|88\/100|[from] Recoil\n|move|p2b: Palafin|Jet Punch|p1b: Iron Bundle\n|-resisted|p1b: Iron Bundle\n|-damage|p1b: Iron Bundle|0 fnt\n|faint|p1b: Iron Bundle\n|-end|p1b: Iron Bundle|Quark Drive|[silent]\n|\n|-damage|p2b: Palafin|89\/100 brn|[from] brn\n|upkeep\n|\n|t:|1681670910\n|switch|p1b: Flutter Mane|Flutter Mane, L50|100\/100\n|turn|4\n|\n|t:|1681670927\n|move|p1a: Talonflame|Brave Bird|p2a: Arcanine\n|-damage|p2a: Arcanine|42\/100\n|-damage|p1a: Talonflame|76\/100|[from] Recoil\n|move|p1b: Flutter Mane|Shadow Ball|p2a: Arcanine\n|-damage|p2a: Arcanine|0 fnt\n|faint|p2a: Arcanine\n|move|p2b: Palafin|Wave Crash|p1b: Flutter Mane\n|-damage|p1b: Flutter Mane|0 fnt\n|faint|p1b: Flutter Mane\n|-end|p1b: Flutter Mane|Protosynthesis|[silent]\n|-damage|p2b: Palafin|66\/100 brn|[from] Recoil\n|\n|-damage|p2b: Palafin|60\/100 brn|[from] brn\n|-sideend|p1: IamMx3|move: Tailwind\n|upkeep\n|\n|t:|1681670941\n|switch|p1b: Great Tusk|Great Tusk, L50|91\/100\n|switch|p2a: Amoonguss|Amoonguss, L50, F|100\/100\n|turn|5\n|\n|t:|1681670954\n|move|p1b: Great Tusk|Protect|p1b: Great Tusk\n|-singleturn|p1b: Great Tusk|Protect\n|move|p2a: Amoonguss|Rage Powder|p2a: Amoonguss\n|-singleturn|p2a: Amoonguss|move: Rage Powder\n|move|p2b: Palafin|Jet Punch|p1a: Talonflame\n|-supereffective|p1a: Talonflame\n|-damage|p1a: Talonflame|0 fnt\n|faint|p1a: Talonflame\n|\n|-damage|p2b: Palafin|55\/100 brn|[from] brn\n|upkeep\n|turn|6\n|\n|t:|1681670962\n|-terastallize|p1b: Great Tusk|Ground\n|move|p2b: Palafin|Protect|p2b: Palafin\n|-singleturn|p2b: Palafin|Protect\n|move|p1b: Great Tusk|Earthquake|p2b: Palafin|[spread] p2a\n|-activate|p2b: Palafin|move: Protect\n|-damage|p2a: Amoonguss|38\/100\n|-enditem|p2a: Amoonguss|Sitrus Berry|[eat]\n|-heal|p2a: Amoonguss|63\/100|[from] item: Sitrus Berry\n|-damage|p1b: Great Tusk|81\/100|[from] item: Life Orb\n|move|p2a: Amoonguss|Spore|p1b: Great Tusk\n|-status|p1b: Great Tusk|slp|[from] move: Spore\n|\n|-damage|p2b: Palafin|49\/100 brn|[from] brn\n|upkeep\n|turn|7\n|\n|t:|1681670971\n|cant|p1b: Great Tusk|slp\n|move|p2b: Palafin|Wave Crash|p1b: Great Tusk\n|-supereffective|p1b: Great Tusk\n|-damage|p1b: Great Tusk|0 fnt\n|faint|p1b: Great Tusk\n|-end|p1b: Great Tusk|Protosynthesis|[silent]\n|-damage|p2b: Palafin|25\/100 brn|[from] Recoil\n|\n|win|MareeohYT\n|raw|IamMx3's rating: 1505 → 1486<\/strong> (-19 for losing)\n|raw|MareeohYT's rating: 1526 → 1545<\/strong> (+19 for winning)\n|l|\u2606IamMx3\n","uploadtime":1681670978,"views":7,"p1id":"iammx3","p2id":"mareeohyt","formatid":"gen9vgc2023regulationc","rating":1486,"private":0,"password":""}