{"id":"gen9vgc2023regulationc-1847024826","p1":"Asoda","p2":"VgcPro(real)","format":"[Gen 9] VGC 2023 Regulation C","log":"|j|\u2606Asoda\n|j|\u2606VgcPro(real)\n|t:|1681912719\n|gametype|doubles\n|player|p1|Asoda|skierf|1175\n|player|p2|VgcPro(real)|sabrina|1137\n|teamsize|p1|6\n|teamsize|p2|6\n|gen|9\n|tier|[Gen 9] VGC 2023 Regulation C\n|rated|\n|rule|Species Clause: Limit one of each Pok\u00e9mon\n|rule|Item Clause: Limit one of each item\n|clearpoke\n|poke|p1|Flutter Mane, L50|\n|poke|p1|Iron Hands, L50|\n|poke|p1|Gyarados, L50, M|\n|poke|p1|Wo-Chien, L50|\n|poke|p1|Volcarona, L50, F|\n|poke|p1|Glimmora, L50, F|\n|poke|p2|Kilowattrel, L50, M|\n|poke|p2|Volcarona, L50, F|\n|poke|p2|Hariyama, L50, F|\n|poke|p2|Garchomp, L50, M|\n|poke|p2|Gastrodon-East, L50, F|\n|poke|p2|Gardevoir, L50, F|\n|teampreview|4\nAsoda has agreed to open team sheets.\nVgcPro(real) has agreed to open team sheets.\n|inactive|Battle timer is ON: inactive players will automatically lose when time's up. (requested by VgcPro(real))\n|inactive|VgcPro(real) has 60 seconds left.\n|inactive|VgcPro(real) has 30 seconds left.\n|\n|t:|1681912841\n|start\n|switch|p1a: Iron Hands|Iron Hands, L50|100\/100\n|switch|p1b: Flutter Mane|Flutter Mane, L50|100\/100\n|switch|p2a: Kilowattrel|Kilowattrel, L50, M|100\/100\n|switch|p2b: Gastrodon|Gastrodon-East, L50, F|100\/100\n|-enditem|p1b: Flutter Mane|Booster Energy\n|-activate|p1b: Flutter Mane|ability: Protosynthesis|[fromitem]\n|-start|p1b: Flutter Mane|protosynthesisspa\n|turn|1\n|inactive|Asoda has 30 seconds left.\n|\n|t:|1681912867\n|move|p2a: Kilowattrel|Protect|p2a: Kilowattrel\n|-singleturn|p2a: Kilowattrel|Protect\n|move|p1a: Iron Hands|Fake Out|p2a: Kilowattrel\n|-activate|p2a: Kilowattrel|move: Protect\n|move|p1b: Flutter Mane|Substitute|p1b: Flutter Mane\n|-start|p1b: Flutter Mane|Substitute\n|-damage|p1b: Flutter Mane|76\/100\n|move|p2b: Gastrodon|Earth Power|p1a: Iron Hands\n|-supereffective|p1a: Iron Hands\n|-damage|p1a: Iron Hands|67\/100\n|\n|upkeep\n|turn|2\n|\n|t:|1681912890\n|switch|p2a: Volcarona|Volcarona, L50, F|100\/100\n|move|p1b: Flutter Mane|Dazzling Gleam|p2a: Volcarona|[spread] p2a,p2b\n|-resisted|p2a: Volcarona\n|-damage|p2a: Volcarona|85\/100\n|-damage|p2b: Gastrodon|70\/100\n|move|p1a: Iron Hands|Drain Punch|p2b: Gastrodon\n|-damage|p2b: Gastrodon|20\/100\n|-heal|p1a: Iron Hands|90\/100|[from] drain|[of] p2b: Gastrodon\n|move|p2b: Gastrodon|Earth Power|p1a: Iron Hands\n|-supereffective|p1a: Iron Hands\n|-damage|p1a: Iron Hands|53\/100\n|-unboost|p1a: Iron Hands|spd|1\n|\n|upkeep\n|turn|3\n|inactive|VgcPro(real) has 30 seconds left.\n|\n|t:|1681912915\n|-end|p1a: Iron Hands|Quark Drive|[silent]\n|switch|p1a: Gyarados|Gyarados, L50, M|100\/100\n|-ability|p1a: Gyarados|Intimidate|boost\n|-unboost|p2a: Volcarona|atk|1\n|-unboost|p2b: Gastrodon|atk|1\n|move|p2b: Gastrodon|Protect|p2b: Gastrodon\n|-singleturn|p2b: Gastrodon|Protect\n|move|p1b: Flutter Mane|Dazzling Gleam|p2a: Volcarona|[spread] p2a\n|-activate|p2b: Gastrodon|move: Protect\n|-resisted|p2a: Volcarona\n|-damage|p2a: Volcarona|70\/100\n|move|p2a: Volcarona|Will-O-Wisp|p1a: Gyarados|[miss]\n|-miss|p2a: Volcarona|p1a: Gyarados\n|\n|upkeep\n|turn|4\n|inactive|VgcPro(real) has 30 seconds left.\n|inactive|VgcPro(real) has 20 seconds left.\n|inactive|VgcPro(real) has 15 seconds left.\n|inactive|VgcPro(real) has 10 seconds left.\n|inactive|VgcPro(real) has 5 seconds left.\n|\n|t:|1681912967\n|switch|p2b: Kilowattrel|Kilowattrel, L50, M|100\/100\n|move|p1b: Flutter Mane|Dazzling Gleam|p2a: Volcarona|[spread] p2a,p2b\n|-resisted|p2a: Volcarona\n|-damage|p2a: Volcarona|54\/100\n|-damage|p2b: Kilowattrel|30\/100\n|move|p2a: Volcarona|Overheat|p1b: Flutter Mane\n|-end|p1b: Flutter Mane|Substitute\n|-unboost|p2a: Volcarona|spa|2\n|move|p1a: Gyarados|Dragon Dance|p1a: Gyarados\n|-boost|p1a: Gyarados|atk|1\n|-boost|p1a: Gyarados|spe|1\n|\n|upkeep\n|turn|5\n|inactive|VgcPro(real) has 30 seconds left.\n|\n|t:|1681913002\n|move|p2b: Kilowattrel|Protect|p2b: Kilowattrel\n|-singleturn|p2b: Kilowattrel|Protect\n|move|p1a: Gyarados|Protect|p1a: Gyarados\n|-singleturn|p1a: Gyarados|Protect\n|move|p1b: Flutter Mane|Dazzling Gleam|p2a: Volcarona|[spread] p2a\n|-activate|p2b: Kilowattrel|move: Protect\n|-resisted|p2a: Volcarona\n|-damage|p2a: Volcarona|39\/100\n|move|p2a: Volcarona|Struggle Bug|p1a: Gyarados|[spread] p1b\n|-activate|p1a: Gyarados|move: Protect\n|-resisted|p1b: Flutter Mane\n|-damage|p1b: Flutter Mane|74\/100\n|-unboost|p1b: Flutter Mane|spa|1\n|\n|upkeep\n|turn|6\n|inactive|VgcPro(real) has 30 seconds left.\n|\n|t:|1681913032\n|switch|p1a: Iron Hands|Iron Hands, L50|53\/100\n|switch|p2a: Gastrodon|Gastrodon-East, L50, F|20\/100\n|move|p2b: Kilowattrel|Thunderbolt|p1a: Iron Hands\n|-resisted|p1a: Iron Hands\n|-damage|p1a: Iron Hands|43\/100\n|move|p1b: Flutter Mane|Dazzling Gleam|p2b: Kilowattrel|[spread] p2a,p2b\n|-damage|p2a: Gastrodon|0 fnt\n|-damage|p2b: Kilowattrel|0 fnt\n|faint|p2a: Gastrodon\n|faint|p2b: Kilowattrel\n|\n|upkeep\n|\n|t:|1681913045\n|switch|p2b: Volcarona|Volcarona, L50, F|39\/100\n|switch|p2a: Garchomp|Garchomp, L50, M|100\/100\n|turn|7\n|inactive|VgcPro(real) has 30 seconds left.\n|\n|t:|1681913073\n|-terastallize|p2a: Garchomp|Fire\n|move|p1a: Iron Hands|Fake Out|p2a: Garchomp\n|-damage|p2a: Garchomp|84\/100\n|-damage|p1a: Iron Hands|30\/100|[from] ability: Rough Skin|[of] p2a: Garchomp\n|move|p1b: Flutter Mane|Substitute|p1b: Flutter Mane\n|-start|p1b: Flutter Mane|Substitute\n|-damage|p1b: Flutter Mane|49\/100\n|cant|p2a: Garchomp|flinch\n|move|p2b: Volcarona|Struggle Bug|p1a: Iron Hands|[spread] p1a,p1b\n|-resisted|p1b: Flutter Mane\n|-activate|p1b: Flutter Mane|move: Substitute|[damage]\n|-resisted|p1a: Iron Hands\n|-damage|p1a: Iron Hands|26\/100\n|-unboost|p1a: Iron Hands|spa|1\n|\n|upkeep\n|turn|8\n|inactive|VgcPro(real) has 30 seconds left.\n|inactive|VgcPro(real) has 20 seconds left.\n|\n|t:|1681913110\n|-end|p1a: Iron Hands|Quark Drive|[silent]\n|switch|p1a: Gyarados|Gyarados, L50, M|100\/100\n|-ability|p1a: Gyarados|Intimidate|boost\n|-fail|p2a: Garchomp|unboost|[from] item: Clear Amulet|[of] p2a: Garchomp\n|-unboost|p2b: Volcarona|atk|1\n|move|p1b: Flutter Mane|Shadow Ball|p2b: Volcarona\n|-damage|p2b: Volcarona|10\/100\n|-enditem|p2b: Volcarona|Wiki Berry|[eat]\n|-heal|p2b: Volcarona|43\/100|[from] item: Wiki Berry\n|move|p2a: Garchomp|Stomping Tantrum|p1b: Flutter Mane\n|-crit|p1b: Flutter Mane\n|-end|p1b: Flutter Mane|Substitute\n|move|p2b: Volcarona|Overheat|p1a: Gyarados\n|-resisted|p1a: Gyarados\n|-damage|p1a: Gyarados|72\/100\n|-unboost|p2b: Volcarona|spa|2\n|\n|upkeep\n|turn|9\n|inactive|Asoda has 30 seconds left.\n|inactive|VgcPro(real) has 30 seconds left.\n|\n|t:|1681913137\n|move|p2b: Volcarona|Protect|p2b: Volcarona\n|-singleturn|p2b: Volcarona|Protect\n|move|p1b: Flutter Mane|Shadow Ball|p2a: Garchomp\n|-damage|p2a: Garchomp|49\/100\n|move|p2a: Garchomp|Dragon Claw|p1a: Gyarados\n|-damage|p1a: Gyarados|26\/100\n|move|p1a: Gyarados|Waterfall|p2b: Volcarona\n|-activate|p2b: Volcarona|move: Protect\n|\n|upkeep\n|turn|10\n|inactive|VgcPro(real) has 30 seconds left.\n|inactive|VgcPro(real) has 20 seconds left.\n|\n|t:|1681913177\n|move|p1a: Gyarados|Protect|p1a: Gyarados\n|-singleturn|p1a: Gyarados|Protect\n|move|p1b: Flutter Mane|Shadow Ball|p2a: Garchomp\n|-damage|p2a: Garchomp|14\/100\n|move|p2a: Garchomp|Dragon Claw|p1a: Gyarados\n|-activate|p1a: Gyarados|move: Protect\n|move|p2b: Volcarona|Overheat|p1b: Flutter Mane|[miss]\n|-miss|p2b: Volcarona|p1b: Flutter Mane\n|\n|upkeep\n|turn|11\n|c|\u2606VgcPro(real)|gg\n|\n|t:|1681913197\n|move|p1b: Flutter Mane|Dazzling Gleam|p2a: Garchomp|[spread] p2a,p2b\n|-resisted|p2a: Garchomp\n|-resisted|p2b: Volcarona\n|-damage|p2a: Garchomp|2\/100\n|-damage|p2b: Volcarona|33\/100\n|move|p2a: Garchomp|Dragon Claw|p1a: Gyarados\n|-damage|p1a: Gyarados|0 fnt\n|faint|p1a: Gyarados\n|move|p2b: Volcarona|Overheat|p1b: Flutter Mane\n|-damage|p1b: Flutter Mane|19\/100\n|-unboost|p2b: Volcarona|spa|2\n|\n|upkeep\n|\n|t:|1681913205\n|switch|p1a: Iron Hands|Iron Hands, L50|26\/100\n|turn|12\n|\n|t:|1681913214\n|move|p1a: Iron Hands|Fake Out|p2a: Garchomp\n|-damage|p2a: Garchomp|0 fnt\n|-damage|p1a: Iron Hands|14\/100|[from] ability: Rough Skin|[of] p2a: Garchomp\n|faint|p2a: Garchomp\n|move|p1b: Flutter Mane|Shadow Ball|p2b: Volcarona\n|-damage|p2b: Volcarona|3\/100\n|move|p2b: Volcarona|Overheat|p1b: Flutter Mane\n|-damage|p1b: Flutter Mane|0 fnt\n|-unboost|p2b: Volcarona|spa|2\n|faint|p1b: Flutter Mane\n|-end|p1b: Flutter Mane|Protosynthesis|[silent]\n|\n|upkeep\n|\n|t:|1681913223\n|switch|p1b: Wo-Chien|Wo-Chien, L50|100\/100\n|-ability|p1b: Wo-Chien|Tablets of Ruin\n|turn|13\n|\n|t:|1681913228\n|move|p2b: Volcarona|Struggle Bug|p1b: Wo-Chien|[spread] p1a,p1b\n|-resisted|p1a: Iron Hands\n|-crit|p1a: Iron Hands\n|-supereffective|p1b: Wo-Chien\n|-damage|p1a: Iron Hands|6\/100\n|-damage|p1b: Wo-Chien|92\/100\n|-unboost|p1a: Iron Hands|spa|1\n|-unboost|p1b: Wo-Chien|spa|1\n|move|p1b: Wo-Chien|Pollen Puff|p2b: Volcarona\n|-resisted|p2b: Volcarona\n|-damage|p2b: Volcarona|0 fnt\n|faint|p2b: Volcarona\n|\n|win|Asoda\n|raw|Asoda's rating: 1175 → 1197<\/strong> (+22 for winning)\n|raw|VgcPro(real)'s rating: 1137 → 1115<\/strong> (-22 for losing)\n|l|\u2606VgcPro(real)\n","uploadtime":1681913244,"views":9,"p1id":"asoda","p2id":"vgcproreal","formatid":"gen9vgc2023regulationc","rating":1115,"private":0,"password":""}