{"id":"gen9vgc2023regulationc-1852837674","p1":"Queytan","p2":"haha u rage quit","format":"[Gen 9] VGC 2023 Regulation C","log":"|j|\u2606Queytan\n|j|\u2606haha u rage quit\n|t:|1682610462\n|gametype|doubles\n|player|p1|Queytan|102|1279\n|player|p2|haha u rage quit|pokemaniac|1334\n|teamsize|p1|6\n|teamsize|p2|6\n|gen|9\n|tier|[Gen 9] VGC 2023 Regulation C\n|rated|\n|rule|Species Clause: Limit one of each Pok\u00e9mon\n|rule|Item Clause: Limit one of each item\n|clearpoke\n|poke|p1|Pelipper, L50, F|\n|poke|p1|Tatsugiri, L50, F|\n|poke|p1|Corviknight, L50, M|\n|poke|p1|Dragapult, L50, M|\n|poke|p1|Clodsire, L50, F|\n|poke|p1|Floatzel, L50, M|\n|poke|p2|Flutter Mane, L50|\n|poke|p2|Iron Bundle, L50|\n|poke|p2|Iron Hands, L50|\n|poke|p2|Torkoal, L50, M|\n|poke|p2|Klefki, L50, M|\n|poke|p2|Ting-Lu, L50|\n|teampreview|4\n|\n|t:|1682610496\n|start\n|switch|p1a: Floatzel|Floatzel, L50, M|100\/100\n|switch|p1b: Clodsire|Clodsire, L50, F|100\/100\n|switch|p2a: Klefki|Klefki, L50, M|100\/100\n|switch|p2b: Iron Hands|Iron Hands, L50, shiny|100\/100\n|turn|1\n|\n|t:|1682610512\n|switch|p1b: Pelipper|Pelipper, L50, F|100\/100\n|-weather|RainDance|[from] ability: Drizzle|[of] p1b: Pelipper\n|-terastallize|p1a: Floatzel|Water\n|move|p2b: Iron Hands|Protect|p2b: Iron Hands\n|-singleturn|p2b: Iron Hands|Protect\n|move|p1a: Floatzel|Wave Crash|p2b: Iron Hands\n|-activate|p2b: Iron Hands|move: Protect\n|move|p2a: Klefki|Trick Room|p2a: Klefki\n|-fieldstart|move: Trick Room|[of] p2a: Klefki\n|\n|-weather|RainDance|[upkeep]\n|upkeep\n|turn|2\n|c|\u2606Queytan|huh\n|c|\u2606Queytan|I did not see that one coming for some reason\n|c|\u2606Queytan|fuck\n|c|\u2606Queytan|Well then\n|\n|t:|1682610552\n|switch|p1a: Clodsire|Clodsire, L50, F|100\/100\n|move|p2a: Klefki|Reflect|p2a: Klefki\n|-sidestart|p2: haha u rage quit|Reflect\n|move|p2b: Iron Hands|Thunder Punch|p1a: Clodsire\n|-immune|p1a: Clodsire\n|move|p1b: Pelipper|Surf|p2b: Iron Hands|[spread] p2a,p2b\n|-immune|p1a: Clodsire|[from] ability: Water Absorb\n|-damage|p2a: Klefki|57\/100\n|-damage|p2b: Iron Hands|61\/100\n|\n|-weather|RainDance|[upkeep]\n|upkeep\n|turn|3\n|\n|t:|1682610567\n|move|p2a: Klefki|Light Screen|p2a: Klefki\n|-sidestart|p2: haha u rage quit|move: Light Screen\n|move|p1a: Clodsire|Earthquake|p2b: Iron Hands|[spread] p2a,p2b\n|-immune|p1b: Pelipper\n|-supereffective|p2a: Klefki\n|-supereffective|p2b: Iron Hands\n|-damage|p2a: Klefki|27\/100\n|-damage|p2b: Iron Hands|42\/100\n|-enditem|p2b: Iron Hands|Sitrus Berry|[eat]\n|-heal|p2b: Iron Hands|67\/100|[from] item: Sitrus Berry\n|move|p2b: Iron Hands|Thunder Punch|p1b: Pelipper\n|-supereffective|p1b: Pelipper\n|-damage|p1b: Pelipper|0 fnt\n|faint|p1b: Pelipper\n|\n|-weather|RainDance|[upkeep]\n|upkeep\n|\n|t:|1682610589\n|switch|p1b: Dragapult|Dragapult, L50, M|100\/100\n|turn|4\n|\n|t:|1682610614\n|move|p2a: Klefki|Thunder Wave|p1b: Dragapult\n|-status|p1b: Dragapult|par\n|move|p1a: Clodsire|Earthquake|p2b: Iron Hands|[spread] p1b,p2a,p2b\n|-supereffective|p2a: Klefki\n|-supereffective|p2b: Iron Hands\n|-damage|p1b: Dragapult|75\/100 par\n|-damage|p2a: Klefki|0 fnt\n|-damage|p2b: Iron Hands|47\/100\n|faint|p2a: Klefki\n|move|p2b: Iron Hands|Thunder Punch|p1b: Dragapult\n|-resisted|p1b: Dragapult\n|-damage|p1b: Dragapult|42\/100 par\n|cant|p1b: Dragapult|par\n|\n|-weather|RainDance|[upkeep]\n|upkeep\n|\n|t:|1682610631\n|switch|p2a: Torkoal|Torkoal, L50, M|100\/100\n|-weather|SunnyDay|[from] ability: Drought|[of] p2a: Torkoal\n|turn|5\n|\n|t:|1682610644\n|-terastallize|p2a: Torkoal|Flying\n|move|p2a: Torkoal|Eruption|p1a: Clodsire|[spread] p1a,p1b\n|-resisted|p1b: Dragapult\n|-damage|p1a: Clodsire|52\/100\n|-damage|p1b: Dragapult|0 fnt\n|faint|p1b: Dragapult\n|move|p1a: Clodsire|Earthquake|p2a: Torkoal|[spread] p2b\n|-immune|p2a: Torkoal\n|-supereffective|p2b: Iron Hands\n|-damage|p2b: Iron Hands|27\/100\n|move|p2b: Iron Hands|Drain Punch|p1a: Clodsire\n|-resisted|p1a: Clodsire\n|-damage|p1a: Clodsire|34\/100\n|-heal|p2b: Iron Hands|36\/100|[from] drain|[of] p1a: Clodsire\n|\n|-weather|SunnyDay|[upkeep]\n|-heal|p1a: Clodsire|40\/100|[from] item: Black Sludge\n|-fieldend|move: Trick Room\n|upkeep\n|j| Than lan co canh\n|l| Than lan co canh\n|\n|t:|1682610659\n|switch|p1b: Floatzel|Floatzel, L50, M, tera:Water|100\/100\n|turn|6\n|\n|t:|1682610671\n|move|p2a: Torkoal|Protect|p2a: Torkoal\n|-singleturn|p2a: Torkoal|Protect\n|move|p1b: Floatzel|Ice Spinner|p2a: Torkoal\n|-activate|p2a: Torkoal|move: Protect\n|move|p2b: Iron Hands|Thunder Punch|p1b: Floatzel\n|-supereffective|p1b: Floatzel\n|-damage|p1b: Floatzel|0 fnt\n|faint|p1b: Floatzel\n|move|p1a: Clodsire|Yawn|p2b: Iron Hands\n|-start|p2b: Iron Hands|move: Yawn|[of] p1a: Clodsire\n|\n|-weather|SunnyDay|[upkeep]\n|-heal|p1a: Clodsire|47\/100|[from] item: Black Sludge\n|upkeep\n|turn|7\n|\n|t:|1682610683\n|move|p1a: Clodsire|Protect|p1a: Clodsire\n|-singleturn|p1a: Clodsire|Protect\n|move|p2b: Iron Hands|Drain Punch|p1a: Clodsire\n|-activate|p1a: Clodsire|move: Protect\n|move|p2a: Torkoal|Eruption|p1a: Clodsire\n|-activate|p1a: Clodsire|move: Protect\n|\n|-weather|SunnyDay|[upkeep]\n|-heal|p1a: Clodsire|53\/100|[from] item: Black Sludge\n|-end|p2b: Iron Hands|move: Yawn|[silent]\n|-status|p2b: Iron Hands|slp\n|upkeep\n|turn|8\n|\n|t:|1682610696\n|cant|p2b: Iron Hands|slp\n|move|p1a: Clodsire|Gunk Shot|p2a: Torkoal\n|-damage|p2a: Torkoal|83\/100\n|move|p2a: Torkoal|Eruption|p1a: Clodsire\n|-damage|p1a: Clodsire|4\/100\n|\n|-weather|SunnyDay|[upkeep]\n|-heal|p1a: Clodsire|10\/100|[from] item: Black Sludge\n|-heal|p2a: Torkoal|90\/100|[from] item: Leftovers\n|upkeep\n|turn|9\n|\n|t:|1682610706\n|move|p1a: Clodsire|Protect|p1a: Clodsire\n|-singleturn|p1a: Clodsire|Protect\n|cant|p2b: Iron Hands|slp\n|move|p2a: Torkoal|Eruption|p1a: Clodsire\n|-activate|p1a: Clodsire|move: Protect\n|\n|-weather|none\n|-heal|p1a: Clodsire|16\/100|[from] item: Black Sludge\n|-heal|p2a: Torkoal|96\/100|[from] item: Leftovers\n|-sideend|p2: haha u rage quit|Reflect\n|upkeep\n|turn|10\n|\n|t:|1682610717\n|-curestatus|p2b: Iron Hands|slp|[msg]\n|move|p2b: Iron Hands|Drain Punch|p1a: Clodsire\n|-resisted|p1a: Clodsire\n|-damage|p1a: Clodsire|0 fnt\n|-heal|p2b: Iron Hands|44\/100|[from] drain|[of] p1a: Clodsire\n|faint|p1a: Clodsire\n|\n|win|haha u rage quit\n|raw|Queytan's rating: 1279 → 1258<\/strong> (-21 for losing)\n|raw|haha u rage quit's rating: 1334 → 1351<\/strong> (+17 for winning)\n|c|\u2606Queytan|gg\n|l|\u2606Queytan\n","uploadtime":1682610731,"views":5,"p1id":"queytan","p2id":"hahauragequit","formatid":"gen9vgc2023regulationc","rating":1258,"private":0,"password":""}