{"id":"gen9vgc2023regulationc-1849850000","p1":"Lowquality29","p2":"SpeedyLinguine","format":"[Gen 9] VGC 2023 Regulation C","log":"|j|\u2606Lowquality29\n|j|\u2606SpeedyLinguine\n|t:|1682260410\n|gametype|doubles\n|player|p1|Lowquality29|rocketgruntf|1252\n|player|p2|SpeedyLinguine|hoopster|1188\n|teamsize|p1|6\n|teamsize|p2|6\n|gen|9\n|tier|[Gen 9] VGC 2023 Regulation C\n|rated|\n|rule|Species Clause: Limit one of each Pok\u00e9mon\n|rule|Item Clause: Limit one of each item\n|clearpoke\n|poke|p1|Corviknight, L50, F|\n|poke|p1|Palafin, L50, F|\n|poke|p1|Pelipper, L50, M|\n|poke|p1|Gholdengo, L50|\n|poke|p1|Ting-Lu, L50|\n|poke|p1|Brute Bonnet, L50|\n|poke|p2|Pelipper, L50, F|\n|poke|p2|Amoonguss, L50, M|\n|poke|p2|Flutter Mane, L50|\n|poke|p2|Floatzel, L50, F|\n|poke|p2|Iron Hands, L50|\n|poke|p2|Gholdengo, L50|\n|teampreview|4\nLowquality29 has agreed to open team sheets.\nSpeedyLinguine has agreed to open team sheets.\n|inactive|Battle timer is ON: inactive players will automatically lose when time's up. (requested by Lowquality29)\n|inactive|SpeedyLinguine has 60 seconds left.\n|\n|t:|1682260447\n|start\n|switch|p1a: blue|Pelipper, L50, M|100\/100\n|switch|p1b: hero|Palafin, L50, F, shiny|100\/100\n|switch|p2a: El Nadador|Floatzel, L50, F|100\/100\n|switch|p2b: Immovable object|Amoonguss, L50, M|100\/100\n|-weather|RainDance|[from] ability: Drizzle|[of] p1a: blue\n|turn|1\n|\n|t:|1682260471\n|detailschange|p1b: hero|Palafin-Hero, L50, F, shiny\n|switch|p1b: bank|Gholdengo, L50|100\/100\n|-terastallize|p2a: El Nadador|Water\n|move|p2a: El Nadador|Wave Crash|p1b: bank\n|-damage|p1b: bank|0 fnt\n|faint|p1b: bank\n|-damage|p2a: El Nadador|68\/100|[from] Recoil\n|move|p1a: blue|Hurricane|p2a: El Nadador\n|-damage|p2a: El Nadador|0 fnt\n|faint|p2a: El Nadador\n|move|p2b: Immovable object|Spore|p1a: blue\n|-status|p1a: blue|slp|[from] move: Spore\n|\n|-weather|RainDance|[upkeep]\n|upkeep\n|inactive|Lowquality29 has 30 seconds left.\n|\n|t:|1682260497\n|switch|p2a: obligatory Paradox|Iron Hands, L50|100\/100\n|switch|p1b: bird|Corviknight, L50, F|100\/100\n|-enditem|p2a: obligatory Paradox|Booster Energy\n|-activate|p2a: obligatory Paradox|ability: Quark Drive|[fromitem]\n|-start|p2a: obligatory Paradox|quarkdriveatk\n|turn|2\n|\n|t:|1682260507\n|move|p2a: obligatory Paradox|Fake Out|p1b: bird\n|-resisted|p1b: bird\n|-damage|p1b: bird|91\/100\n|cant|p1b: bird|flinch\n|cant|p1a: blue|slp\n|move|p2b: Immovable object|Leaf Storm|p1a: blue\n|-damage|p1a: blue|48\/100 slp\n|-unboost|p2b: Immovable object|spa|2\n|\n|-weather|RainDance|[upkeep]\n|upkeep\n|turn|3\n|\n|t:|1682260520\n|move|p1b: bird|Brave Bird|p2b: Immovable object\n|-supereffective|p2b: Immovable object\n|-damage|p2b: Immovable object|17\/100\n|-enditem|p2b: Immovable object|Sitrus Berry|[eat]\n|-heal|p2b: Immovable object|42\/100|[from] item: Sitrus Berry\n|-damage|p1b: bird|61\/100|[from] Recoil\n|-curestatus|p1a: blue|slp|[msg]\n|move|p1a: blue|Hurricane|p2b: Immovable object\n|-supereffective|p2b: Immovable object\n|-damage|p2b: Immovable object|0 fnt\n|faint|p2b: Immovable object\n|move|p2a: obligatory Paradox|Wild Charge|p1a: blue\n|-supereffective|p1a: blue\n|-damage|p1a: blue|0 fnt\n|faint|p1a: blue\n|-damage|p2a: obligatory Paradox|93\/100|[from] Recoil\n|\n|-weather|RainDance|[upkeep]\n|upkeep\n|\n|t:|1682260530\n|switch|p1a: hero|Palafin-Hero, L50, F, shiny|100\/100\n|switch|p2b: The Jordan of VGC|Pelipper, L50, F|100\/100\n|-activate|p1a: hero|ability: Zero to Hero\n|turn|4\n|\n|t:|1682260550\n|-terastallize|p1a: hero|Water\n|move|p2a: obligatory Paradox|Detect|p2a: obligatory Paradox\n|-singleturn|p2a: obligatory Paradox|Protect\n|move|p1a: hero|Wave Crash|p2a: obligatory Paradox\n|-activate|p2a: obligatory Paradox|move: Protect\n|move|p1b: bird|Brave Bird|p2a: obligatory Paradox\n|-activate|p2a: obligatory Paradox|move: Protect\n|move|p2b: The Jordan of VGC|Hurricane|p1a: hero\n|-damage|p1a: hero|66\/100\n|\n|-weather|RainDance|[upkeep]\n|upkeep\n|turn|5\n|\n|t:|1682260568\n|move|p1a: hero|Wave Crash|p2a: obligatory Paradox\n|-damage|p2a: obligatory Paradox|0 fnt\n|faint|p2a: obligatory Paradox\n|-end|p2a: obligatory Paradox|Quark Drive|[silent]\n|-damage|p1a: hero|27\/100|[from] Recoil\n|move|p1b: bird|Brave Bird|p2b: The Jordan of VGC\n|-damage|p2b: The Jordan of VGC|63\/100\n|-damage|p1b: bird|51\/100|[from] Recoil\n|move|p2b: The Jordan of VGC|Hurricane|p1a: hero\n|-damage|p1a: hero|0 fnt\n|faint|p1a: hero\n|\n|-weather|none\n|upkeep\n|turn|6\n|\n|t:|1682260582\n|move|p1b: bird|Brave Bird|p2b: The Jordan of VGC\n|-damage|p2b: The Jordan of VGC|23\/100\n|-damage|p1b: bird|40\/100|[from] Recoil\n|move|p2b: The Jordan of VGC|Hydro Pump|p1b: bird\n|-damage|p1b: bird|0 fnt\n|faint|p1b: bird\n|\n|win|SpeedyLinguine\n|raw|Lowquality29's rating: 1252 → 1222<\/strong> (-30 for losing)\n|raw|SpeedyLinguine's rating: 1188 → 1218<\/strong> (+30 for winning)\n|l|\u2606Lowquality29\n","uploadtime":1682260594,"views":15,"p1id":"lowquality29","p2id":"speedylinguine","formatid":"gen9vgc2023regulationc","rating":1218,"private":0,"password":""}