{"id":"gen9vgc2023regulationc-1846005572","p1":"fo50","p2":"Feach","format":"[Gen 9] VGC 2023 Regulation C","log":"|j|\u2606fo50\n|j|\u2606Feach\n|t:|1681790211\n|gametype|doubles\n|player|p1|fo50|2|1147\n|player|p2|Feach|1|1076\n|teamsize|p1|6\n|teamsize|p2|6\n|gen|9\n|tier|[Gen 9] VGC 2023 Regulation C\n|rated|\n|rule|Species Clause: Limit one of each Pok\u00e9mon\n|rule|Item Clause: Limit one of each item\n|clearpoke\n|poke|p1|Scovillain, L50, M|\n|poke|p1|Dragonite, L50, F|\n|poke|p1|Tinkaton, L50, F|\n|poke|p1|Garchomp, L50, F|\n|poke|p1|Torkoal, L50, M|\n|poke|p1|Scizor, L50, F|\n|poke|p2|Amoonguss, L50, F|\n|poke|p2|Arcanine, L50, F|\n|poke|p2|Cyclizar, L50, M|\n|poke|p2|Sylveon, L50, M|\n|poke|p2|Pawmot, L50, M|\n|poke|p2|Frosmoth, L50, M|\n|teampreview|4\n|inactive|Battle timer is ON: inactive players will automatically lose when time's up. (requested by fo50)\n|\n|t:|1681790239\n|start\n|switch|p1a: Scizor|Scizor, L50, F|100\/100\n|switch|p1b: Garchomp|Garchomp, L50, F|100\/100\n|switch|p2a: Arcanine|Arcanine, L50, F|100\/100\n|switch|p2b: Cyclizar|Cyclizar, L50, M|100\/100\n|-ability|p2a: Arcanine|Intimidate|boost\n|-unboost|p1a: Scizor|atk|1\n|-unboost|p1b: Garchomp|atk|1\n|turn|1\n|inactive|fo50 has 30 seconds left.\n|\n|t:|1681790270\n|-terastallize|p1a: Scizor|Flying\n|move|p2b: Cyclizar|Shed Tail|p2b: Cyclizar\n|-start|p2b: Cyclizar|Substitute|[from] move: Shed Tail\n|-damage|p2b: Cyclizar|50\/100\n|\n|t:|1681790285\n|switch|p2b: Sylveon|Sylveon, L50, M|100\/100|[from] Shed Tail\n|move|p1b: Garchomp|Earthquake|p2a: Arcanine|[spread] p2a,p2b\n|-immune|p1a: Scizor\n|-end|p2b: Sylveon|Substitute\n|-supereffective|p2a: Arcanine\n|-damage|p2a: Arcanine|42\/100\n|move|p2a: Arcanine|Will-O-Wisp|p1a: Scizor|[miss]\n|-miss|p2a: Arcanine|p1a: Scizor\n|move|p1a: Scizor|Trailblaze|p2b: Sylveon\n|-damage|p2b: Sylveon|73\/100\n|-boost|p1a: Scizor|spe|1\n|\n|upkeep\n|turn|2\n|inactive|Feach has 30 seconds left.\n|inactive|Feach has 20 seconds left.\n|inactive|Feach has 15 seconds left.\n|\n|t:|1681790328\n|switch|p2b: Amoonguss|Amoonguss, L50, F|100\/100\n|move|p1a: Scizor|Bullet Punch|p2b: Amoonguss\n|-crit|p2b: Amoonguss\n|-damage|p2b: Amoonguss|61\/100\n|move|p1b: Garchomp|Earthquake|p2b: Amoonguss|[spread] p2a,p2b\n|-immune|p1a: Scizor\n|-supereffective|p2a: Arcanine\n|-crit|p2a: Arcanine\n|-damage|p2a: Arcanine|0 fnt\n|-damage|p2b: Amoonguss|40\/100\n|faint|p2a: Arcanine\n|\n|-heal|p2b: Amoonguss|47\/100|[from] item: Leftovers\n|upkeep\n|\n|t:|1681790339\n|switch|p2a: Cyclizar|Cyclizar, L50, M|84\/100\n|turn|3\n|\n|t:|1681790355\n|-terastallize|p2a: Cyclizar|Dragon\n|move|p2a: Cyclizar|Dragon Claw|p1b: Garchomp\n|-supereffective|p1b: Garchomp\n|-damage|p1b: Garchomp|31\/100\n|-damage|p2a: Cyclizar|71\/100|[from] ability: Rough Skin|[of] p1b: Garchomp\n|move|p1b: Garchomp|Earthquake|p2a: Cyclizar|[spread] p2a,p2b\n|-immune|p1a: Scizor\n|-damage|p2a: Cyclizar|32\/100\n|-damage|p2b: Amoonguss|24\/100\n|move|p1a: Scizor|Acrobatics|p2b: Amoonguss\n|-supereffective|p2b: Amoonguss\n|-damage|p2b: Amoonguss|0 fnt\n|faint|p2b: Amoonguss\n|\n|upkeep\n|l|\u2606Feach\n|inactive|Feach disconnected and has a minute to reconnect!\n|player|p2|\n|j|\u2606Feach\n|inactive|Feach reconnected and has 35 seconds left.\n|player|p2|Feach|1\n|inactive|Feach has 30 seconds left.\n|\n|t:|1681790383\n|switch|p2b: Sylveon|Sylveon, L50, M|73\/100\n|turn|4\n|\n|t:|1681790395\n|switch|p1b: Tinkaton|Tinkaton, L50, F|100\/100\n|move|p1a: Scizor|Bullet Punch|p2b: Sylveon\n|-supereffective|p2b: Sylveon\n|-damage|p2b: Sylveon|3\/100\n|move|p2a: Cyclizar|Knock Off|p1a: Scizor\n|-damage|p1a: Scizor|77\/100\n|-enditem|p1a: Scizor|Sitrus Berry|[from] move: Knock Off|[of] p2a: Cyclizar\n|move|p2b: Sylveon|Hyper Voice|p1a: Scizor|[spread] p1a,p1b\n|-resisted|p1b: Tinkaton\n|-damage|p1a: Scizor|25\/100\n|-damage|p1b: Tinkaton|88\/100\n|-enditem|p2b: Sylveon|Throat Spray\n|-boost|p2b: Sylveon|spa|1|[from] item: Throat Spray\n|\n|-heal|p1b: Tinkaton|94\/100|[from] item: Leftovers\n|upkeep\n|turn|5\n|\n|t:|1681790420\n|move|p1a: Scizor|Bullet Punch|p2b: Sylveon\n|-supereffective|p2b: Sylveon\n|-damage|p2b: Sylveon|0 fnt\n|faint|p2b: Sylveon\n|move|p2a: Cyclizar|Knock Off|p1b: Tinkaton\n|-resisted|p1b: Tinkaton\n|-damage|p1b: Tinkaton|81\/100\n|-enditem|p1b: Tinkaton|Leftovers|[from] move: Knock Off|[of] p2a: Cyclizar\n|move|p1b: Tinkaton|Gigaton Hammer|p2a: Cyclizar\n|-damage|p2a: Cyclizar|0 fnt\n|faint|p2a: Cyclizar\n|\n|win|fo50\n|raw|fo50's rating: 1147 → 1167<\/strong> (+20 for winning)\n|raw|Feach's rating: 1076 → 1059<\/strong> (-17 for losing)\n|l|\u2606Feach\n|c|\u2606fo50|Ggs\n","uploadtime":1681790439,"views":10,"p1id":"fo50","p2id":"feach","formatid":"gen9vgc2023regulationc","rating":1059,"private":0,"password":""}