{"id":"gen9vgc2023regulationc-1857672605","p1":"austinerzs","p2":"OMGPACHIMARI","format":"[Gen 9] VGC 2023 Regulation C","log":"|j|\u2606austinerzs\n|j|\u2606OMGPACHIMARI\n|t:|1683220612\n|gametype|doubles\n|player|p1|austinerzs|266|\n|player|p2|OMGPACHIMARI|norman|\n|teamsize|p1|6\n|teamsize|p2|6\n|gen|9\n|tier|[Gen 9] VGC 2023 Regulation C\n|rule|Species Clause: Limit one of each Pok\u00e9mon\n|rule|Item Clause: Limit one of each item\n|clearpoke\n|poke|p1|Pachirisu, L50, M|\n|poke|p1|Armarouge, L50, F|\n|poke|p1|Kingambit, L50, F|\n|poke|p1|Indeedee, L50, M|\n|poke|p1|Hatterene, L50, F|\n|poke|p1|Baxcalibur, L50, F|\n|poke|p2|Indeedee-F, L50, F|\n|poke|p2|Garganacl, L50, F|\n|poke|p2|Ceruledge, L50, M|\n|poke|p2|Iron Valiant, L50|\n|poke|p2|Gyarados, L50, M|\n|poke|p2|Dedenne, L50, M|\n|teampreview|4\n|inactive|Battle timer is ON: inactive players will automatically lose when time's up. (requested by OMGPACHIMARI)\n|\n|t:|1683220637\n|start\n|switch|p1a: Pachirisu|Pachirisu, L50, M|100\/100\n|switch|p1b: Armarouge|Armarouge, L50, F|100\/100\n|switch|p2a: Garganacl|Garganacl, L50, F|100\/100\n|switch|p2b: Dedenne|Dedenne, L50, M|100\/100\n|-item|p1a: Pachirisu|Air Balloon\n|turn|1\n|c|\u2606austinerzs|glhf\n|c|\u2606OMGPACHIMARI|glhf\n|\n|t:|1683220662\n|-terastallize|p1b: Armarouge|Grass\n|move|p2b: Dedenne|Electric Terrain|p2b: Dedenne\n|-fieldstart|move: Electric Terrain\n|move|p1a: Pachirisu|U-turn|p1b: Armarouge\n|-supereffective|p1b: Armarouge\n|-damage|p1b: Armarouge|89\/100\n|-ability|p1b: Armarouge|Weak Armor|boost\n|-unboost|p1b: Armarouge|def|1\n|-boost|p1b: Armarouge|spe|2\n|-enditem|p1b: Armarouge|Weakness Policy\n|-boost|p1b: Armarouge|atk|2|[from] item: Weakness Policy\n|-boost|p1b: Armarouge|spa|2|[from] item: Weakness Policy\n|\n|t:|1683220672\n|switch|p1a: Indeedee|Indeedee, L50, M|100\/100|[from] U-turn\n|-fieldstart|move: Psychic Terrain|[from] ability: Psychic Surge|[of] p1a: Indeedee\n|move|p1b: Armarouge|Expanding Force|p2a: Garganacl|[spread] p2a,p2b\n|-damage|p2a: Garganacl|12\/100\n|-damage|p2b: Dedenne|0 fnt\n|faint|p2b: Dedenne\n|move|p2a: Garganacl|Salt Cure|p1b: Armarouge\n|-damage|p1b: Armarouge|69\/100\n|-start|p1b: Armarouge|Salt Cure\n|-ability|p1b: Armarouge|Weak Armor|boost\n|-unboost|p1b: Armarouge|def|1\n|-boost|p1b: Armarouge|spe|2\n|\n|-heal|p2a: Garganacl|18\/100|[from] item: Leftovers\n|-damage|p1b: Armarouge|57\/100|[from] Salt Cure\n|upkeep\n|j| jayballester\n|c|\u2606OMGPACHIMARI|ah the u turn\n|\n|t:|1683220688\n|switch|p2b: Iron Valiant|Iron Valiant, L50|100\/100\n|turn|2\n|c| jayballester|dang went to the bathroom and more craziness\n|j| Jstardude\n|inactive|OMGPACHIMARI has 30 seconds left.\n|inactive|OMGPACHIMARI has 20 seconds left.\n|inactive|OMGPACHIMARI has 15 seconds left.\n|\n|t:|1683220730\n|-terastallize|p2b: Iron Valiant|Fairy\n|move|p2a: Garganacl|Wide Guard|p2a: Garganacl\n|-singleturn|p2a: Garganacl|Wide Guard\n|move|p1b: Armarouge|Expanding Force|p2b: Iron Valiant|[spread] \n|-activate|p2a: Garganacl|move: Wide Guard\n|-activate|p2b: Iron Valiant|move: Wide Guard\n|move|p2b: Iron Valiant|Thunderbolt|p1b: Armarouge\n|-resisted|p1b: Armarouge\n|-damage|p1b: Armarouge|35\/100\n|-status|p1b: Armarouge|par\n|move|p1a: Indeedee|Psych Up|p1b: Armarouge\n|-copyboost|p1a: Indeedee|p1b: Armarouge|[from] move: Psych Up\n|\n|-heal|p2a: Garganacl|24\/100|[from] item: Leftovers\n|-damage|p1b: Armarouge|23\/100 par|[from] Salt Cure\n|upkeep\n|turn|3\n|inactive|austinerzs has 30 seconds left.\n|j| F3athers\n|\n|t:|1683220757\n|switch|p1b: Pachirisu|Pachirisu, L50, M|100\/100\n|-item|p1b: Pachirisu|Air Balloon\n|move|p2a: Garganacl|Wide Guard|p2a: Garganacl\n|-singleturn|p2a: Garganacl|Wide Guard\n|move|p1a: Indeedee|Psychic|p2b: Iron Valiant\n|-damage|p2b: Iron Valiant|0 fnt\n|faint|p2b: Iron Valiant\n|-end|p2b: Iron Valiant|Quark Drive|[silent]\n|-damage|p1a: Indeedee|91\/100|[from] item: Life Orb\n|\n|-heal|p2a: Garganacl|29\/100|[from] item: Leftovers\n|upkeep\n|c|\u2606OMGPACHIMARI|f\n|n| F3athers|f3athers\n|c|\u2606OMGPACHIMARI|ggs\n|\n|t:|1683220768\n|switch|p2b: Gyarados|Gyarados, L50, M|100\/100\n|turn|4\n|c| jayballester|kinda rip\n|\n|t:|1683220779\n|move|p1b: Pachirisu|Follow Me|p1b: Pachirisu\n|-singleturn|p1b: Pachirisu|move: Follow Me\n|move|p1a: Indeedee|Psych Up|p2b: Gyarados\n|-copyboost|p1a: Indeedee|p2b: Gyarados|[from] move: Psych Up\n|move|p2b: Gyarados|Bite|p1b: Pachirisu\n|-damage|p1b: Pachirisu|78\/100\n|-enditem|p1b: Pachirisu|Air Balloon\n|move|p2a: Garganacl|Salt Cure|p1b: Pachirisu\n|-damage|p1b: Pachirisu|60\/100\n|-start|p1b: Pachirisu|Salt Cure\n|\n|-heal|p2a: Garganacl|35\/100|[from] item: Leftovers\n|-damage|p1b: Pachirisu|48\/100|[from] Salt Cure\n|upkeep\n|turn|5\n|c|\u2606austinerzs|NO\n|n| F3athers|f3athers\n|c| jayballester|WHAT\n|j| Tuxmux\n|c| jayballester|throwing\n|c|\u2606austinerzs|I MISSCLICKED\n|c|\u2606austinerzs|NO\n|c|\u2606OMGPACHIMARI|f\n|inactive|austinerzs has 30 seconds left.\n|\n|t:|1683220804\n|move|p1b: Pachirisu|U-turn|p2a: Garganacl\n|-damage|p2a: Garganacl|31\/100\n|\n|t:|1683220809\n|switch|p1b: Baxcalibur|Baxcalibur, L50, F|100\/100|[from] U-turn\n|move|p1a: Indeedee|Psychic|p2b: Gyarados\n|-damage|p2b: Gyarados|59\/100\n|-damage|p1a: Indeedee|81\/100|[from] item: Life Orb\n|move|p2b: Gyarados|Bite|p1a: Indeedee\n|-supereffective|p1a: Indeedee\n|-damage|p1a: Indeedee|10\/100\n|move|p2a: Garganacl|Recover|p2a: Garganacl\n|-heal|p2a: Garganacl|81\/100\n|\n|-heal|p2a: Garganacl|87\/100|[from] item: Leftovers\n|-fieldend|move: Psychic Terrain\n|upkeep\n|turn|6\n|c| Jstardude|???\n|c| jayballester|imagine if that was crunch instead of bite lmao\n|\n|t:|1683220834\n|move|p1a: Indeedee|Protect|p1a: Indeedee\n|-singleturn|p1a: Indeedee|Protect\n|move|p1b: Baxcalibur|Swords Dance|p1b: Baxcalibur\n|-boost|p1b: Baxcalibur|atk|2\n|move|p2b: Gyarados|Bite|p1a: Indeedee\n|-activate|p1a: Indeedee|move: Protect\n|move|p2a: Garganacl|Salt Cure|p1b: Baxcalibur\n|-supereffective|p1b: Baxcalibur\n|-damage|p1b: Baxcalibur|77\/100\n|-start|p1b: Baxcalibur|Salt Cure\n|\n|-heal|p2a: Garganacl|93\/100|[from] item: Leftovers\n|-damage|p1b: Baxcalibur|65\/100|[from] Salt Cure\n|upkeep\n|turn|7\n|c| F3athers|yea gyra gets crunch doesnt it lol\n|c|\u2606OMGPACHIMARI|LEL ig I missed it\n|inactive|austinerzs has 30 seconds left.\n|inactive|OMGPACHIMARI has 30 seconds left.\n|\n|t:|1683220862\n|move|p1a: Indeedee|Psychic|p2a: Garganacl\n|-damage|p2a: Garganacl|55\/100\n|-damage|p1a: Indeedee|0 fnt|[from] item: Life Orb\n|faint|p1a: Indeedee\n|move|p1b: Baxcalibur|Glaive Rush|p2b: Gyarados\n|-damage|p2b: Gyarados|0 fnt\n|-singlemove|p1b: Baxcalibur|Glaive Rush|[silent]\n|faint|p2b: Gyarados\n|move|p2a: Garganacl|Heavy Slam|p1b: Baxcalibur\n|-supereffective|p1b: Baxcalibur\n|-damage|p1b: Baxcalibur|32\/100\n|\n|-heal|p2a: Garganacl|61\/100|[from] item: Leftovers\n|-damage|p1b: Baxcalibur|19\/100|[from] Salt Cure\n|upkeep\n|c| jayballester|garg against the world\n|inactive|austinerzs has 30 seconds left.\n|\n|t:|1683220887\n|switch|p1a: Pachirisu|Pachirisu, L50, M|48\/100\n|turn|8\n|c| Jstardude|Garg might just do it\n|\n|t:|1683220895\n|move|p1a: Pachirisu|Follow Me|p1a: Pachirisu\n|-singleturn|p1a: Pachirisu|move: Follow Me\n|move|p1b: Baxcalibur|Glaive Rush|p2a: Garganacl\n|-damage|p2a: Garganacl|0 fnt\n|-singlemove|p1b: Baxcalibur|Glaive Rush|[silent]\n|faint|p2a: Garganacl\n|\n|win|austinerzs\n|c| jayballester|or not\n|c|\u2606austinerzs|GG\n|c|\u2606OMGPACHIMARI|gg\n|c| F3athers|lmao jstar\n|l| Jstardude\n","uploadtime":1683220924,"views":20,"p1id":"austinerzs","p2id":"omgpachimari","formatid":"gen9vgc2023regulationc","rating":0,"private":0,"password":""}