{"id":"gen9vgc2023regulationc-1860000492","p1":"kricketot marx","p2":"Omitts","format":"[Gen 9] VGC 2023 Regulation C","log":"|j|\u2606kricketot marx\n|j|\u2606Omitts\n|t:|1683583691\n|gametype|doubles\n|player|p1|kricketot marx|flannery|1445\n|player|p2|Omitts|102|1504\n|teamsize|p1|6\n|teamsize|p2|6\n|gen|9\n|tier|[Gen 9] VGC 2023 Regulation C\n|rated|\n|rule|Species Clause: Limit one of each Pok\u00e9mon\n|rule|Item Clause: Limit one of each item\n|clearpoke\n|poke|p1|Scream Tail, L50|\n|poke|p1|Baxcalibur, L50, F|\n|poke|p1|Corviknight, L50, M|\n|poke|p1|Rotom-Wash, L50|\n|poke|p1|Flutter Mane, L50|\n|poke|p1|Tyranitar, L50, M|\n|poke|p2|Glimmora, L50, M|\n|poke|p2|Wo-Chien, L50|\n|poke|p2|Tatsugiri, L50, F|\n|poke|p2|Dondozo, L50, F|\n|poke|p2|Flutter Mane, L50|\n|poke|p2|Chi-Yu, L50|\n|teampreview|4\nkricketot marx has agreed to open team sheets.\n|inactive|Battle timer is ON: inactive players will automatically lose when time's up. (requested by Omitts)\n|inactive|kricketot marx has 60 seconds left.\n|inactive|kricketot marx has 30 seconds left.\n|inactive|kricketot marx has 20 seconds left.\n|\n|t:|1683583783\n|start\n|switch|p1a: Scream Tail|Scream Tail, L50, shiny|100\/100\n|switch|p1b: Baxcalibur|Baxcalibur, L50, F|100\/100\n|switch|p2a: Flutter Mane|Flutter Mane, L50|100\/100\n|switch|p2b: Chi-Yu|Chi-Yu, L50|100\/100\n|-ability|p2b: Chi-Yu|Beads of Ruin\n|-enditem|p1a: Scream Tail|Booster Energy\n|-activate|p1a: Scream Tail|ability: Protosynthesis|[fromitem]\n|-start|p1a: Scream Tail|protosynthesisspe\n|turn|1\n|\n|t:|1683583801\n|-terastallize|p1b: Baxcalibur|Poison\n|move|p1a: Scream Tail|Howl|p1a: Scream Tail|[spread] p1a,p1b\n|-boost|p1a: Scream Tail|atk|1\n|-boost|p1b: Baxcalibur|atk|1\n|move|p2b: Chi-Yu|Dark Pulse|p1a: Scream Tail\n|-damage|p1a: Scream Tail|63\/100\n|move|p2a: Flutter Mane|Shadow Ball|p1a: Scream Tail\n|-supereffective|p1a: Scream Tail\n|-damage|p1a: Scream Tail|0 fnt\n|faint|p1a: Scream Tail\n|-end|p1a: Scream Tail|Protosynthesis|[silent]\n|move|p1b: Baxcalibur|Glaive Rush|p2b: Chi-Yu\n|-damage|p2b: Chi-Yu|0 fnt\n|-singlemove|p1b: Baxcalibur|Glaive Rush|[silent]\n|faint|p2b: Chi-Yu\n|\n|upkeep\n|\n|t:|1683583811\n|switch|p1a: Corviknight|Corviknight, L50, M, shiny|100\/100\n|switch|p2b: Wo-Chien|Wo-Chien, L50|100\/100\n|-ability|p2b: Wo-Chien|Tablets of Ruin\n|turn|2\n|\n|t:|1683583826\n|-terastallize|p2b: Wo-Chien|Poison\n|move|p2a: Flutter Mane|Protect|p2a: Flutter Mane\n|-singleturn|p2a: Flutter Mane|Protect\n|move|p1b: Baxcalibur|Protect|p1b: Baxcalibur\n|-singleturn|p1b: Baxcalibur|Protect\n|move|p1a: Corviknight|Brave Bird|p2b: Wo-Chien\n|-damage|p2b: Wo-Chien|78\/100\n|-damage|p1a: Corviknight|94\/100|[from] Recoil\n|move|p2b: Wo-Chien|Leech Seed|p1b: Baxcalibur\n|-activate|p1b: Baxcalibur|move: Protect\n|\n|upkeep\n|turn|3\n|inactive|kricketot marx has 30 seconds left.\n|\n|t:|1683583859\n|move|p2a: Flutter Mane|Shadow Ball|p1b: Baxcalibur\n|-damage|p1b: Baxcalibur|57\/100\n|move|p1b: Baxcalibur|Icicle Spear|p2a: Flutter Mane\n|-damage|p2a: Flutter Mane|64\/100\n|-damage|p2a: Flutter Mane|26\/100\n|-damage|p2a: Flutter Mane|0 fnt\n|faint|p2a: Flutter Mane\n|-end|p2a: Flutter Mane|Protosynthesis|[silent]\n|-hitcount|p2: Flutter Mane|3\n|move|p1a: Corviknight|Iron Head|p2b: Wo-Chien\n|-damage|p2b: Wo-Chien|62\/100\n|cant|p2b: Wo-Chien|flinch\n|\n|upkeep\n|\n|t:|1683583867\n|switch|p2a: Glimmora|Glimmora, L50, M|100\/100\n|turn|4\n|\n|t:|1683583878\n|move|p1b: Baxcalibur|Protect|p1b: Baxcalibur\n|-singleturn|p1b: Baxcalibur|Protect\n|move|p2a: Glimmora|Earth Power|p1b: Baxcalibur\n|-activate|p1b: Baxcalibur|move: Protect\n|move|p1a: Corviknight|Tailwind|p1a: Corviknight\n|-sidestart|p1: kricketot marx|move: Tailwind\n|move|p2b: Wo-Chien|Leech Seed|p1a: Corviknight\n|-start|p1a: Corviknight|move: Leech Seed\n|\n|-damage|p1a: Corviknight|81\/100|[from] Leech Seed|[of] p2b: Wo-Chien\n|-heal|p2b: Wo-Chien|75\/100|[silent]\n|upkeep\n|turn|5\n|inactive|kricketot marx has 30 seconds left.\n|inactive|kricketot marx has 20 seconds left.\n|\n|t:|1683583913\n|move|p1b: Baxcalibur|Glaive Rush|p2a: Glimmora\n|-damage|p2a: Glimmora|13\/100\n|-singlemove|p1b: Baxcalibur|Glaive Rush|[silent]\n|-activate|p2a: Glimmora|ability: Toxic Debris\n|-sidestart|p1: kricketot marx|move: Toxic Spikes\n|move|p1a: Corviknight|Iron Head|p2a: Glimmora\n|-supereffective|p2a: Glimmora\n|-damage|p2a: Glimmora|0 fnt\n|-activate|p2a: Glimmora|ability: Toxic Debris\n|-sidestart|p1: kricketot marx|move: Toxic Spikes\n|faint|p2a: Glimmora\n|move|p2b: Wo-Chien|Leech Seed|p1b: Baxcalibur\n|-start|p1b: Baxcalibur|move: Leech Seed\n|\n|-damage|p1b: Baxcalibur|45\/100|[from] Leech Seed|[of] p2b: Wo-Chien\n|-heal|p2b: Wo-Chien|88\/100|[silent]\n|-damage|p1a: Corviknight|69\/100|[from] Leech Seed|[of] p2b: Wo-Chien\n|-heal|p2b: Wo-Chien|100\/100|[silent]\n|upkeep\n|turn|6\n|inactive|kricketot marx has 30 seconds left.\n|\n|t:|1683583947\n|switch|p1a: Flutter Mane|Flutter Mane, L50|100\/100\n|-status|p1a: Flutter Mane|tox\n|move|p2b: Wo-Chien|Protect|p2b: Wo-Chien\n|-singleturn|p2b: Wo-Chien|Protect\n|move|p1b: Baxcalibur|Glaive Rush|p2b: Wo-Chien\n|-activate|p2b: Wo-Chien|move: Protect\n|\n|-damage|p1b: Baxcalibur|33\/100|[from] Leech Seed|[of] p2b: Wo-Chien\n|-damage|p1a: Flutter Mane|95\/100 tox|[from] psn\n|upkeep\n|turn|7\n|\n|t:|1683583954\n|move|p1a: Flutter Mane|Shadow Ball|p2b: Wo-Chien\n|-damage|p2b: Wo-Chien|71\/100\n|-unboost|p2b: Wo-Chien|spd|1\n|-damage|p1a: Flutter Mane|85\/100 tox|[from] item: Life Orb\n|move|p1b: Baxcalibur|Glaive Rush|p2b: Wo-Chien\n|-damage|p2b: Wo-Chien|7\/100\n|-singlemove|p1b: Baxcalibur|Glaive Rush|[silent]\n|-enditem|p2b: Wo-Chien|Sitrus Berry|[eat]\n|-heal|p2b: Wo-Chien|32\/100|[from] item: Sitrus Berry\n|move|p2b: Wo-Chien|Leech Seed|p1a: Flutter Mane\n|-start|p1a: Flutter Mane|move: Leech Seed\n|\n|-damage|p1a: Flutter Mane|73\/100 tox|[from] Leech Seed|[of] p2b: Wo-Chien\n|-heal|p2b: Wo-Chien|41\/100|[silent]\n|-damage|p1b: Baxcalibur|21\/100|[from] Leech Seed|[of] p2b: Wo-Chien\n|-heal|p2b: Wo-Chien|53\/100|[silent]\n|-damage|p1a: Flutter Mane|62\/100 tox|[from] psn\n|-sideend|p1: kricketot marx|move: Tailwind\n|upkeep\n|turn|8\n|inactive|kricketot marx has 30 seconds left.\n|inactive|kricketot marx has 20 seconds left.\n|inactive|kricketot marx has 15 seconds left.\n|\n|t:|1683583998\n|switch|p1b: Corviknight|Corviknight, L50, M, shiny|69\/100\n|move|p2b: Wo-Chien|Protect|p2b: Wo-Chien\n|-singleturn|p2b: Wo-Chien|Protect\n|move|p1a: Flutter Mane|Shadow Ball|p2b: Wo-Chien\n|-activate|p2b: Wo-Chien|move: Protect\n|\n|-damage|p1a: Flutter Mane|49\/100 tox|[from] Leech Seed|[of] p2b: Wo-Chien\n|-heal|p2b: Wo-Chien|62\/100|[silent]\n|-damage|p1a: Flutter Mane|32\/100 tox|[from] psn\n|upkeep\n|turn|9\n|j| Alola Magikarp\n|\n|t:|1683584010\n|move|p1a: Flutter Mane|Shadow Ball|p2b: Wo-Chien\n|-damage|p2b: Wo-Chien|11\/100\n|-unboost|p2b: Wo-Chien|spd|1\n|-damage|p1a: Flutter Mane|23\/100 tox|[from] item: Life Orb\n|move|p1b: Corviknight|Brave Bird|p2b: Wo-Chien\n|-damage|p2b: Wo-Chien|0 fnt\n|faint|p2b: Wo-Chien\n|-damage|p1b: Corviknight|66\/100|[from] Recoil\n|\n|win|kricketot marx\n|raw|kricketot marx's rating: 1445 → 1468<\/strong> (+23 for winning)\n|raw|Omitts's rating: 1504 → 1481<\/strong> (-23 for losing)\n|c|\u2606Omitts|sure wish my spdef didnt get dropped\n|l|\u2606Omitts\n|l| Alola Magikarp\n","uploadtime":1683584017,"views":6,"p1id":"kricketotmarx","p2id":"omitts","formatid":"gen9vgc2023regulationc","rating":1468,"private":0,"password":""}