{"id":"gen9vgc2023regulationc-1864085960","p1":"revocolombia","p2":"ShadyTigers","format":"[Gen 9] VGC 2023 Regulation C","log":"|j|\u2606revocolombia\n|j|\u2606ShadyTigers\n|t:|1684115371\n|gametype|doubles\n|player|p1|revocolombia|pokemonranger-gen4|1473\n|player|p2|ShadyTigers|266|1417\n|teamsize|p1|6\n|teamsize|p2|6\n|gen|9\n|tier|[Gen 9] VGC 2023 Regulation C\n|rated|\n|rule|Species Clause: Limit one of each Pok\u00e9mon\n|rule|Item Clause: Limit one of each item\n|clearpoke\n|poke|p1|Flutter Mane, L50|\n|poke|p1|Annihilape, L50, M|\n|poke|p1|Dragonite, L50, M|\n|poke|p1|Chien-Pao, L50|\n|poke|p1|Murkrow, L50, F|\n|poke|p1|Gholdengo, L50|\n|poke|p2|Roaring Moon, L50|\n|poke|p2|Murkrow, L50, M|\n|poke|p2|Torkoal, L50, F|\n|poke|p2|Flutter Mane, L50|\n|poke|p2|Great Tusk, L50|\n|poke|p2|Iron Bundle, L50|\n|teampreview|4\n|\n|t:|1684115402\n|start\n|switch|p1a: Annihilape|Annihilape, L50, M|100\/100\n|switch|p1b: Murkrow|Murkrow, L50, F|100\/100\n|switch|p2a: Flutter Mane|Flutter Mane, L50|100\/100\n|switch|p2b: Murkrow|Murkrow, L50, M|100\/100\n|turn|1\n|\n|t:|1684115418\n|switch|p1b: Dragonite|Dragonite, L50, M|100\/100\n|-terastallize|p1a: Annihilape|Fire\n|move|p2b: Murkrow|Sunny Day|p2b: Murkrow\n|-weather|SunnyDay\n|-activate|p2a: Flutter Mane|ability: Protosynthesis\n|-start|p2a: Flutter Mane|protosynthesisspa\n|move|p2a: Flutter Mane|Dazzling Gleam|p1a: Annihilape|[spread] p1a,p1b\n|-resisted|p1a: Annihilape\n|-supereffective|p1b: Dragonite\n|-damage|p1a: Annihilape|79\/100\n|-damage|p1b: Dragonite|43\/100\n|-damage|p2a: Flutter Mane|90\/100|[from] item: Life Orb\n|move|p1a: Annihilape|Rage Fist|p2a: Flutter Mane\n|-supereffective|p2a: Flutter Mane\n|-damage|p2a: Flutter Mane|0 fnt\n|faint|p2a: Flutter Mane\n|-end|p2a: Flutter Mane|Protosynthesis|[silent]\n|\n|-weather|SunnyDay|[upkeep]\n|-heal|p1a: Annihilape|86\/100|[from] item: Leftovers\n|upkeep\n|\n|t:|1684115432\n|switch|p2a: Great Tusk|Great Tusk, L50|100\/100\n|-activate|p2a: Great Tusk|ability: Protosynthesis\n|-start|p2a: Great Tusk|protosynthesisatk\n|turn|2\n|\n|t:|1684115448\n|move|p1a: Annihilape|Protect|p1a: Annihilape\n|-singleturn|p1a: Annihilape|Protect\n|move|p2b: Murkrow|Tailwind|p2b: Murkrow\n|-sidestart|p2: ShadyTigers|move: Tailwind\n|move|p2a: Great Tusk|Rock Slide|p1a: Annihilape|[spread] p1b\n|-activate|p1a: Annihilape|move: Protect\n|-supereffective|p1b: Dragonite\n|-damage|p1b: Dragonite|0 fnt\n|faint|p1b: Dragonite\n|\n|-weather|SunnyDay|[upkeep]\n|-heal|p1a: Annihilape|92\/100|[from] item: Leftovers\n|upkeep\n|\n|t:|1684115461\n|switch|p1b: Murkrow|Murkrow, L50, F|100\/100\n|turn|3\n|\n|t:|1684115469\n|move|p1b: Murkrow|Tailwind|p1b: Murkrow\n|-sidestart|p1: revocolombia|move: Tailwind\n|move|p2a: Great Tusk|Rock Slide|p1a: Annihilape|[spread] p1a\n|-miss|p2a: Great Tusk|p1b: Murkrow\n|-supereffective|p1a: Annihilape\n|-damage|p1a: Annihilape|40\/100\n|move|p1a: Annihilape|Rage Fist|p2a: Great Tusk\n|-damage|p2a: Great Tusk|49\/100\n|move|p2b: Murkrow|Foul Play|p1a: Annihilape\n|-damage|p1a: Annihilape|2\/100\n|\n|-weather|SunnyDay|[upkeep]\n|-heal|p1a: Annihilape|8\/100|[from] item: Leftovers\n|upkeep\n|turn|4\n|\n|t:|1684115488\n|move|p1a: Annihilape|Protect|p1a: Annihilape\n|-singleturn|p1a: Annihilape|Protect\n|move|p2a: Great Tusk|Rock Slide|p1b: Murkrow|[spread] p1b\n|-activate|p1a: Annihilape|move: Protect\n|-supereffective|p1b: Murkrow\n|-damage|p1b: Murkrow|41\/100\n|cant|p1b: Murkrow|flinch\n|move|p2b: Murkrow|Foul Play|p1b: Murkrow\n|-resisted|p1b: Murkrow\n|-damage|p1b: Murkrow|28\/100\n|\n|-weather|SunnyDay|[upkeep]\n|-heal|p1a: Annihilape|14\/100|[from] item: Leftovers\n|upkeep\n|turn|5\n|\n|t:|1684115512\n|move|p2a: Great Tusk|Rock Slide|p1b: Murkrow|[spread] p1a,p1b\n|-supereffective|p1a: Annihilape\n|-supereffective|p1b: Murkrow\n|-damage|p1a: Annihilape|0 fnt\n|-damage|p1b: Murkrow|0 fnt\n|faint|p1a: Annihilape\n|faint|p1b: Murkrow\n|move|p2b: Murkrow|Foul Play|p1: Annihilape|[notarget]\n|-fail|p2b: Murkrow\n|\n|-weather|none\n|-end|p2a: Great Tusk|Protosynthesis\n|-sideend|p2: ShadyTigers|move: Tailwind\n|upkeep\n|\n|t:|1684115524\n|switch|p1b: Chien-Pao|Chien-Pao, L50|100\/100\n|-ability|p1b: Chien-Pao|Sword of Ruin\n|turn|6\n|\n|t:|1684115536\n|move|p2b: Murkrow|Tailwind|p2b: Murkrow\n|-sidestart|p2: ShadyTigers|move: Tailwind\n|move|p2a: Great Tusk|Rock Slide|p1b: Chien-Pao\n|-supereffective|p1b: Chien-Pao\n|-damage|p1b: Chien-Pao|26\/100\n|move|p1b: Chien-Pao|Ice Spinner|p2a: Great Tusk\n|-supereffective|p2a: Great Tusk\n|-damage|p2a: Great Tusk|0 fnt\n|faint|p2a: Great Tusk\n|-end|p2a: Great Tusk|Protosynthesis|[silent]\n|\n|-sideend|p1: revocolombia|move: Tailwind\n|upkeep\n|\n|t:|1684115542\n|switch|p2a: Roaring Moon|Roaring Moon, L50|100\/100\n|turn|7\n|\n|t:|1684115567\n|-terastallize|p2a: Roaring Moon|Steel\n|move|p2b: Murkrow|Sunny Day|p2b: Murkrow\n|-weather|SunnyDay\n|-activate|p2a: Roaring Moon|ability: Protosynthesis\n|-start|p2a: Roaring Moon|protosynthesisatk\n|move|p1b: Chien-Pao|Ice Shard|p2a: Roaring Moon\n|-resisted|p2a: Roaring Moon\n|-damage|p2a: Roaring Moon|81\/100\n|move|p2a: Roaring Moon|Iron Head|p1b: Chien-Pao\n|-supereffective|p1b: Chien-Pao\n|-damage|p1b: Chien-Pao|0 fnt\n|faint|p1b: Chien-Pao\n|\n|win|ShadyTigers\n|raw|revocolombia's rating: 1473 → 1450<\/strong> (-23 for losing)\n|raw|ShadyTigers's rating: 1417 → 1440<\/strong> (+23 for winning)\n|l|\u2606ShadyTigers\n","uploadtime":1684115587,"views":13,"p1id":"revocolombia","p2id":"shadytigers","formatid":"gen9vgc2023regulationc","rating":1440,"private":0,"password":""}