{"id":"gen9vgc2023regulationc-1848844155","p1":"rudyxkam","p2":"vgcproto","format":"[Gen 9] VGC 2023 Regulation C","log":"|j|\u2606rudyxkam\n|j|\u2606vgcproto\n|t:|1682116627\n|gametype|doubles\n|player|p1|rudyxkam|gardenia|1243\n|player|p2|vgcproto|lucas|1213\n|teamsize|p1|6\n|teamsize|p2|6\n|gen|9\n|tier|[Gen 9] VGC 2023 Regulation C\n|rated|\n|rule|Species Clause: Limit one of each Pok\u00e9mon\n|rule|Item Clause: Limit one of each item\n|clearpoke\n|poke|p1|Grimmsnarl, L50, M|\n|poke|p1|Talonflame, L50, M|\n|poke|p1|Baxcalibur, L50, F|\n|poke|p1|Corviknight, L50, M|\n|poke|p1|Ting-Lu, L50|\n|poke|p1|Flutter Mane, L50|\n|poke|p2|Corviknight, L50, M|\n|poke|p2|Flutter Mane, L50|\n|poke|p2|Great Tusk, L50|\n|poke|p2|Murkrow, L50, F|\n|poke|p2|Brute Bonnet, L50|\n|poke|p2|Arcanine, L50, M|\n|teampreview|4\n|inactive|Battle timer is ON: inactive players will automatically lose when time's up. (requested by rudyxkam)\nrudyxkam has agreed to open team sheets.\n|inactive|rudyxkam has 60 seconds left.\n|c|\u2606rudyxkam|glhf!\n|inactive|rudyxkam has 30 seconds left.\n|inactive|rudyxkam has 20 seconds left.\n|inactive|rudyxkam has 15 seconds left.\n|\n|t:|1682116703\n|start\n|switch|p1a: Gigan|Corviknight, L50, M, shiny|100\/100\n|switch|p1b: King Caesar|Grimmsnarl, L50, M, shiny|100\/100\n|switch|p2a: Murkrow|Murkrow, L50, F|100\/100\n|switch|p2b: Corviknight|Corviknight, L50, M|100\/100\n|turn|1\n|inactive|rudyxkam has 30 seconds left.\n|\n|t:|1682116742\n|move|p2a: Murkrow|Tailwind|p2a: Murkrow\n|-sidestart|p2: vgcproto|move: Tailwind\n|move|p1b: King Caesar|Reflect|p1b: King Caesar\n|-sidestart|p1: rudyxkam|Reflect\n|move|p2b: Corviknight|Brave Bird|p1b: King Caesar\n|-damage|p1b: King Caesar|51\/100\n|-damage|p2b: Corviknight|83\/100|[from] Recoil\n|move|p1a: Gigan|Iron Head|p2a: Murkrow\n|-damage|p2a: Murkrow|60\/100\n|\n|upkeep\n|turn|2\n|inactive|rudyxkam has 30 seconds left.\n|inactive|rudyxkam has 20 seconds left.\n|inactive|rudyxkam has 15 seconds left.\n|inactive|rudyxkam has 10 seconds left.\n|inactive|rudyxkam has 5 seconds left.\n|\n|t:|1682116792\n|move|p2a: Murkrow|Sunny Day|p2a: Murkrow\n|-weather|SunnyDay\n|move|p1b: King Caesar|Thunder Wave|p2b: Corviknight\n|-status|p2b: Corviknight|par\n|move|p2b: Corviknight|Brave Bird|p1b: King Caesar\n|-damage|p1b: King Caesar|0 fnt\n|faint|p1b: King Caesar\n|-damage|p2b: Corviknight|65\/100 par|[from] Recoil\n|move|p1a: Gigan|Brave Bird|p2a: Murkrow\n|-damage|p2a: Murkrow|2\/100\n|-damage|p1a: Gigan|88\/100|[from] Recoil\n|\n|-weather|SunnyDay|[upkeep]\n|upkeep\n|\n|t:|1682116805\n|switch|p1b: T. Gojira|Baxcalibur, L50, F, shiny|100\/100\n|turn|3\n|\n|t:|1682116828\n|-terastallize|p1b: T. Gojira|Poison\n|move|p2a: Murkrow|Foul Play|p1b: T. Gojira\n|-damage|p1b: T. Gojira|70\/100\n|move|p1b: T. Gojira|Swords Dance|p1b: T. Gojira\n|-boost|p1b: T. Gojira|atk|2\n|cant|p2b: Corviknight|par\n|move|p1a: Gigan|Bulk Up|p1a: Gigan\n|-boost|p1a: Gigan|atk|1\n|-boost|p1a: Gigan|def|1\n|\n|-weather|SunnyDay|[upkeep]\n|upkeep\n|turn|4\n|\n|t:|1682116851\n|move|p1b: T. Gojira|Ice Shard|p2a: Murkrow\n|-supereffective|p2a: Murkrow\n|-damage|p2a: Murkrow|0 fnt\n|faint|p2a: Murkrow\n|move|p2b: Corviknight|Brave Bird|p1b: T. Gojira\n|-damage|p1b: T. Gojira|30\/100\n|-damage|p2b: Corviknight|49\/100 par|[from] Recoil\n|move|p1a: Gigan|Iron Head|p2b: Corviknight\n|-resisted|p2b: Corviknight\n|-damage|p2b: Corviknight|33\/100 par\n|\n|-weather|SunnyDay|[upkeep]\n|-sideend|p2: vgcproto|move: Tailwind\n|upkeep\n|\n|t:|1682116859\n|switch|p2a: Great Tusk|Great Tusk, L50|100\/100\n|-activate|p2a: Great Tusk|ability: Protosynthesis\n|-start|p2a: Great Tusk|protosynthesisatk\n|turn|5\n|\n|t:|1682116883\n|move|p1b: T. Gojira|Ice Shard|p2a: Great Tusk\n|-supereffective|p2a: Great Tusk\n|-damage|p2a: Great Tusk|35\/100\n|move|p2a: Great Tusk|Earthquake|p1a: Gigan|[spread] p1b\n|-immune|p2b: Corviknight\n|-immune|p1a: Gigan\n|-supereffective|p1b: T. Gojira\n|-damage|p1b: T. Gojira|0 fnt\n|faint|p1b: T. Gojira\n|move|p1a: Gigan|Brave Bird|p2a: Great Tusk\n|-supereffective|p2a: Great Tusk\n|-damage|p2a: Great Tusk|0 fnt\n|faint|p2a: Great Tusk\n|-end|p2a: Great Tusk|Protosynthesis|[silent]\n|-damage|p1a: Gigan|78\/100|[from] Recoil\n|cant|p2b: Corviknight|par\n|\n|-weather|SunnyDay|[upkeep]\n|upkeep\n|inactive|vgcproto has 30 seconds left.\n|inactive|vgcproto has 20 seconds left.\n|\n|t:|1682116920\n|switch|p2a: Flutter Mane|Flutter Mane, L50|100\/100\n|switch|p1b: Shobijin|Flutter Mane, L50, shiny|100\/100\n|-activate|p2a: Flutter Mane|ability: Protosynthesis\n|-start|p2a: Flutter Mane|protosynthesisspa\n|-activate|p1b: Shobijin|ability: Protosynthesis\n|-start|p1b: Shobijin|protosynthesisspe\n|turn|6\n|\n|t:|1682116932\n|move|p1b: Shobijin|Thunderbolt|p2b: Corviknight\n|-supereffective|p2b: Corviknight\n|-crit|p2b: Corviknight\n|-damage|p2b: Corviknight|0 fnt\n|faint|p2b: Corviknight\n|move|p2a: Flutter Mane|Thunderbolt|p1a: Gigan\n|-supereffective|p1a: Gigan\n|-damage|p1a: Gigan|0 fnt\n|faint|p1a: Gigan\n|\n|-weather|none\n|-end|p1b: Shobijin|Protosynthesis\n|-end|p2a: Flutter Mane|Protosynthesis\n|upkeep\n|turn|7\n|\n|t:|1682116944\n|move|p2a: Flutter Mane|Thunderbolt|p1b: Shobijin\n|-damage|p1b: Shobijin|53\/100\n|move|p1b: Shobijin|Thunderbolt|p2a: Flutter Mane\n|-damage|p2a: Flutter Mane|51\/100\n|\n|upkeep\n|turn|8\n|\n|t:|1682116952\n|move|p2a: Flutter Mane|Thunderbolt|p1b: Shobijin\n|-damage|p1b: Shobijin|0 fnt\n|faint|p1b: Shobijin\n|-end|p1b: Shobijin|Protosynthesis|[silent]\n|\n|win|vgcproto\n|raw|rudyxkam's rating: 1243 → 1216<\/strong> (-27 for losing)\n|raw|vgcproto's rating: 1213 → 1240<\/strong> (+27 for winning)\n|c|\u2606rudyxkam|gg\n|c|\u2606vgcproto|gg\n|l|\u2606vgcproto\n","uploadtime":1682116969,"views":6,"p1id":"rudyxkam","p2id":"vgcproto","formatid":"gen9vgc2023regulationc","rating":1216,"private":0,"password":""}