{"id":"gen9vgc2023regulationc-1846608589","p1":"TStorm","p2":"CNG626","format":"[Gen 9] VGC 2023 Regulation C","log":"|j|\u2606TStorm\n|j|\u2606CNG626\n|t:|1681856796\n|gametype|doubles\n|player|p1|TStorm|265|1546\n|player|p2|CNG626|swimmer-gen4dp|1489\n|teamsize|p1|6\n|teamsize|p2|6\n|gen|9\n|tier|[Gen 9] VGC 2023 Regulation C\n|rated|\n|rule|Species Clause: Limit one of each Pok\u00e9mon\n|rule|Item Clause: Limit one of each item\n|clearpoke\n|poke|p1|Flutter Mane, L50|\n|poke|p1|Dragonite, L50, M|\n|poke|p1|Chien-Pao, L50|\n|poke|p1|Iron Bundle, L50|\n|poke|p1|Chi-Yu, L50|\n|poke|p1|Arcanine, L50, M|\n|poke|p2|Garchomp, L50, F|\n|poke|p2|Corviknight, L50, F|\n|poke|p2|Bellibolt, L50, M|\n|poke|p2|Gastrodon-East, L50, F|\n|poke|p2|Chi-Yu, L50|\n|poke|p2|Dachsbun, L50, M|\n|teampreview|4\n|\n|t:|1681856881\n|start\n|switch|p1a: Iron Bundle|Iron Bundle, L50|100\/100\n|switch|p1b: Chi-Yu|Chi-Yu, L50|100\/100\n|switch|p2a: Chi-Yu|Chi-Yu, L50|100\/100\n|switch|p2b: Corviknight|Corviknight, L50, F, shiny|100\/100\n|-ability|p1b: Chi-Yu|Beads of Ruin\n|-ability|p2a: Chi-Yu|Beads of Ruin\n|-enditem|p1a: Iron Bundle|Booster Energy\n|-activate|p1a: Iron Bundle|ability: Quark Drive|[fromitem]\n|-start|p1a: Iron Bundle|quarkdrivespe\n|turn|1\n|j| sadgirl23\n|\n|t:|1681856900\n|-terastallize|p2b: Corviknight|Fire\n|move|p2a: Chi-Yu|Protect|p2a: Chi-Yu\n|-singleturn|p2a: Chi-Yu|Protect\n|move|p1a: Iron Bundle|Hydro Pump|p2a: Chi-Yu\n|-activate|p2a: Chi-Yu|move: Protect\n|move|p1b: Chi-Yu|Heat Wave|p2b: Corviknight|[spread] p2b\n|-activate|p2a: Chi-Yu|move: Protect\n|-resisted|p2b: Corviknight\n|-damage|p2b: Corviknight|72\/100\n|move|p2b: Corviknight|Tailwind|p2b: Corviknight\n|-sidestart|p2: CNG626|move: Tailwind\n|\n|upkeep\n|turn|2\n|\n|t:|1681856920\n|switch|p2b: Dachsbun|Dachsbun, L50, M, shiny|100\/100\n|move|p1a: Iron Bundle|Hydro Pump|p2a: Chi-Yu\n|-supereffective|p2a: Chi-Yu\n|-enditem|p2a: Chi-Yu|Focus Sash\n|-damage|p2a: Chi-Yu|1\/100\n|move|p2a: Chi-Yu|Lava Plume|p1a: Iron Bundle|[spread] p1a,p1b\n|-ability|p2b: Dachsbun|Well-Baked Body|boost\n|-boost|p2b: Dachsbun|def|2\n|-resisted|p1b: Chi-Yu\n|-damage|p1a: Iron Bundle|29\/100\n|-damage|p1b: Chi-Yu|86\/100\n|move|p1b: Chi-Yu|Heat Wave|p2b: Dachsbun|[spread] \n|-ability|p2b: Dachsbun|Well-Baked Body|boost\n|-boost|p2b: Dachsbun|def|2\n|-miss|p1b: Chi-Yu|p2a: Chi-Yu\n|\n|upkeep\n|turn|3\n|\n|t:|1681856963\n|switch|p2a: Bellibolt|Bellibolt, L50, M|100\/100\n|move|p1a: Iron Bundle|Protect|p1a: Iron Bundle\n|-singleturn|p1a: Iron Bundle|Protect\n|move|p2b: Dachsbun|Body Press|p1a: Iron Bundle\n|-activate|p1a: Iron Bundle|move: Protect\n|move|p1b: Chi-Yu|Heat Wave|p2b: Dachsbun|[spread] \n|-ability|p2b: Dachsbun|Well-Baked Body|boost\n|-boost|p2b: Dachsbun|def|2\n|-miss|p1b: Chi-Yu|p2a: Bellibolt\n|\n|upkeep\n|turn|4\n|\n|t:|1681856983\n|move|p1a: Iron Bundle|Hydro Pump|p2b: Dachsbun\n|-damage|p2b: Dachsbun|33\/100\n|move|p2b: Dachsbun|Body Press|p1b: Chi-Yu\n|-supereffective|p1b: Chi-Yu\n|-damage|p1b: Chi-Yu|0 fnt\n|faint|p1b: Chi-Yu\n|move|p2a: Bellibolt|Volt Switch|p1a: Iron Bundle\n|-supereffective|p1a: Iron Bundle\n|-damage|p1a: Iron Bundle|0 fnt\n|faint|p1a: Iron Bundle\n|-end|p1a: Iron Bundle|Quark Drive|[silent]\n|\n|t:|1681857002\n|switch|p2a: Chi-Yu|Chi-Yu, L50|1\/100|[from] Volt Switch\n|-ability|p2a: Chi-Yu|Beads of Ruin\n|\n|-heal|p2b: Dachsbun|39\/100|[from] item: Leftovers\n|-sideend|p2: CNG626|move: Tailwind\n|upkeep\n|\n|t:|1681857010\n|switch|p1a: Chien-Pao|Chien-Pao, L50|100\/100\n|switch|p1b: Dragonite|Dragonite, L50, M|100\/100\n|-ability|p1a: Chien-Pao|Sword of Ruin\n|turn|5\n|\n|t:|1681857046\n|switch|p2a: Corviknight|Corviknight, L50, F, shiny, tera:Fire|72\/100\n|-terastallize|p1a: Chien-Pao|Ghost\n|move|p1b: Dragonite|Extreme Speed|p2a: Corviknight\n|-damage|p2a: Corviknight|20\/100\n|move|p1a: Chien-Pao|Haze|p1a: Chien-Pao\n|-clearallboost\n|move|p2b: Dachsbun|Yawn|p1b: Dragonite\n|-start|p1b: Dragonite|move: Yawn|[of] p2b: Dachsbun\n|\n|-heal|p2b: Dachsbun|45\/100|[from] item: Leftovers\n|upkeep\n|turn|6\n|\n|t:|1681857063\n|move|p2b: Dachsbun|Protect|p2b: Dachsbun\n|-singleturn|p2b: Dachsbun|Protect\n|move|p1b: Dragonite|Extreme Speed|p2a: Corviknight\n|-damage|p2a: Corviknight|0 fnt\n|faint|p2a: Corviknight\n|move|p1a: Chien-Pao|Ice Spinner|p2b: Dachsbun\n|-activate|p2b: Dachsbun|move: Protect\n|\n|-heal|p2b: Dachsbun|52\/100|[from] item: Leftovers\n|-end|p1b: Dragonite|move: Yawn|[silent]\n|-status|p1b: Dragonite|slp\n|upkeep\n|\n|t:|1681857073\n|switch|p2a: Chi-Yu|Chi-Yu, L50|1\/100\n|-ability|p2a: Chi-Yu|Beads of Ruin\n|turn|7\n|\n|t:|1681857108\n|cant|p1b: Dragonite|slp\n|move|p1a: Chien-Pao|Ice Spinner|p2a: Chi-Yu\n|-resisted|p2a: Chi-Yu\n|-damage|p2a: Chi-Yu|0 fnt\n|faint|p2a: Chi-Yu\n|move|p2b: Dachsbun|Yawn|p1a: Chien-Pao\n|-start|p1a: Chien-Pao|move: Yawn|[of] p2b: Dachsbun\n|\n|-heal|p2b: Dachsbun|58\/100|[from] item: Leftovers\n|upkeep\n|\n|t:|1681857115\n|switch|p2a: Bellibolt|Bellibolt, L50, M|100\/100\n|turn|8\n|\n|t:|1681857154\n|-curestatus|p1b: Dragonite|slp|[msg]\n|move|p1b: Dragonite|Extreme Speed|p2b: Dachsbun\n|-damage|p2b: Dachsbun|0 fnt\n|faint|p2b: Dachsbun\n|move|p1a: Chien-Pao|Ice Spinner|p2a: Bellibolt\n|-damage|p2a: Bellibolt|57\/100\n|-start|p2a: Bellibolt|Charge|Ice Spinner|[from] ability: Electromorphosis\n|move|p2a: Bellibolt|Muddy Water|p1a: Chien-Pao|[spread] p1a,p1b\n|-resisted|p1b: Dragonite\n|-crit|p1b: Dragonite\n|-damage|p1a: Chien-Pao|72\/100\n|-damage|p1b: Dragonite|95\/100\n|\n|-end|p1a: Chien-Pao|move: Yawn|[silent]\n|-status|p1a: Chien-Pao|slp\n|upkeep\n|turn|9\n|\n|t:|1681857172\n|move|p1b: Dragonite|Extreme Speed|p2a: Bellibolt\n|-damage|p2a: Bellibolt|2\/100\n|-start|p2a: Bellibolt|Charge|Extreme Speed|[from] ability: Electromorphosis\n|cant|p1a: Chien-Pao|slp\n|move|p2a: Bellibolt|Parabolic Charge|p1a: Chien-Pao|[spread] p1a,p1b\n|-damage|p1a: Chien-Pao|10\/100 slp\n|-heal|p2a: Bellibolt|25\/100|[from] drain|[of] p1a: Chien-Pao\n|-damage|p1b: Dragonite|62\/100\n|-heal|p2a: Bellibolt|39\/100|[from] drain|[of] p1b: Dragonite\n|-end|p2a: Bellibolt|Charge|[silent]\n|\n|upkeep\n|turn|10\n|\n|t:|1681857187\n|move|p1b: Dragonite|Extreme Speed|p2a: Bellibolt\n|-damage|p2a: Bellibolt|0 fnt\n|faint|p2a: Bellibolt\n|\n|win|TStorm\n|raw|TStorm's rating: 1546 → 1563<\/strong> (+17 for winning)\n|raw|CNG626's rating: 1489 → 1472<\/strong> (-17 for losing)\n|c|\u2606CNG626|Gg\n|l|\u2606TStorm\n|l|\u2606CNG626\n","uploadtime":1681857211,"views":9,"p1id":"tstorm","p2id":"cng626","formatid":"gen9vgc2023regulationc","rating":1472,"private":0,"password":""}