{"id":"gen9vgc2023regulationc-1861148350","p1":"Yojohanpop","p2":"Bobbys0642","format":"[Gen 9] VGC 2023 Regulation C","log":"|j|\u2606Yojohanpop\n|j|\u2606Bobbys0642\n|t:|1683730810\n|gametype|doubles\n|player|p1|Yojohanpop|crasherwake|1149\n|player|p2|Bobbys0642|102|1102\n|teamsize|p1|6\n|teamsize|p2|6\n|gen|9\n|tier|[Gen 9] VGC 2023 Regulation C\n|rated|\n|rule|Species Clause: Limit one of each Pok\u00e9mon\n|rule|Item Clause: Limit one of each item\n|clearpoke\n|poke|p1|Indeedee-F, L50, F|\n|poke|p1|Armarouge, L50, M|\n|poke|p1|Annihilape, L50, M|\n|poke|p1|Amoonguss, L50, F|\n|poke|p1|Roaring Moon, L50|\n|poke|p1|Palafin, L50, M|\n|poke|p2|Armarouge, L50, F|\n|poke|p2|Iron Bundle, L50|\n|poke|p2|Indeedee, L50, M|\n|poke|p2|Kilowattrel, L50, F|\n|poke|p2|Meowscarada, L50, F|\n|poke|p2|Palafin, L50, M|\n|teampreview|4\n|inactive|Battle timer is ON: inactive players will automatically lose when time's up. (requested by Bobbys0642)\n|\n|t:|1683730840\n|start\n|switch|p1a: Palafin|Palafin, L50, M|100\/100\n|switch|p1b: Roaring Moon|Roaring Moon, L50|100\/100\n|switch|p2a: Armarouge|Armarouge, L50, F|100\/100\n|switch|p2b: Iron Bundle|Iron Bundle, L50|100\/100\n|-enditem|p2b: Iron Bundle|Booster Energy\n|-activate|p2b: Iron Bundle|ability: Quark Drive|[fromitem]\n|-start|p2b: Iron Bundle|quarkdrivespe\n|-enditem|p1b: Roaring Moon|Booster Energy\n|-activate|p1b: Roaring Moon|ability: Protosynthesis|[fromitem]\n|-start|p1b: Roaring Moon|protosynthesisatk\n|turn|1\n|inactive|Bobbys0642 has 30 seconds left.\n|\n|t:|1683730868\n|-terastallize|p2a: Armarouge|Dark\n|move|p1b: Roaring Moon|Protect|p1b: Roaring Moon\n|-singleturn|p1b: Roaring Moon|Protect\n|move|p2b: Iron Bundle|U-turn|p2a: Armarouge\n|-supereffective|p2a: Armarouge\n|-damage|p2a: Armarouge|75\/100\n|-ability|p2a: Armarouge|Weak Armor|boost\n|-unboost|p2a: Armarouge|def|1\n|-boost|p2a: Armarouge|spe|2\n|-enditem|p2a: Armarouge|Weakness Policy\n|-boost|p2a: Armarouge|atk|2|[from] item: Weakness Policy\n|-boost|p2a: Armarouge|spa|2|[from] item: Weakness Policy\n|\n|t:|1683730879\n|-end|p2b: Iron Bundle|Quark Drive|[silent]\n|switch|p2b: Indeedee|Indeedee, L50, M|100\/100|[from] U-turn\n|-fieldstart|move: Psychic Terrain|[from] ability: Psychic Surge|[of] p2b: Indeedee\n|-enditem|p2b: Indeedee|Psychic Seed\n|-boost|p2b: Indeedee|spd|1|[from] item: Psychic Seed\n|move|p2a: Armarouge|Expanding Force|p1b: Roaring Moon|[spread] p1a\n|-activate|p1b: Roaring Moon|move: Protect\n|-damage|p1a: Palafin|0 fnt\n|faint|p1a: Palafin\n|\n|upkeep\n|\n|t:|1683730891\n|switch|p1a: Annihilape|Annihilape, L50, M|100\/100\n|turn|2\n|\n|t:|1683730913\n|switch|p2b: Kilowattrel|Kilowattrel, L50, F|100\/100\n|move|p2a: Armarouge|Protect|p2a: Armarouge\n|-singleturn|p2a: Armarouge|Protect\n|move|p1a: Annihilape|Protect|p1a: Annihilape\n|-singleturn|p1a: Annihilape|Protect\n|move|p1b: Roaring Moon|Throat Chop|p2b: Kilowattrel\n|-enditem|p2b: Kilowattrel|Focus Sash\n|-damage|p2b: Kilowattrel|1\/100\n|-start|p2b: Kilowattrel|Throat Chop|[silent]\n|\n|upkeep\n|turn|3\n|inactive|Bobbys0642 has 30 seconds left.\n|\n|t:|1683730941\n|move|p2a: Armarouge|Expanding Force|p1b: Roaring Moon|[spread] p1a\n|-immune|p1b: Roaring Moon\n|-supereffective|p1a: Annihilape\n|-crit|p1a: Annihilape\n|-damage|p1a: Annihilape|0 fnt\n|faint|p1a: Annihilape\n|move|p2b: Kilowattrel|Thunderbolt|p1b: Roaring Moon\n|-resisted|p1b: Roaring Moon\n|-damage|p1b: Roaring Moon|79\/100\n|move|p1b: Roaring Moon|Tailwind|p1b: Roaring Moon\n|-sidestart|p1: Yojohanpop|move: Tailwind\n|\n|-end|p2b: Kilowattrel|Throat Chop|[silent]\n|upkeep\n|\n|t:|1683730952\n|switch|p1a: Amoonguss|Amoonguss, L50, F|100\/100\n|turn|4\n|\n|t:|1683730963\n|-terastallize|p1b: Roaring Moon|Flying\n|move|p1b: Roaring Moon|Acrobatics|p2a: Armarouge\n|-damage|p2a: Armarouge|0 fnt\n|faint|p2a: Armarouge\n|move|p2b: Kilowattrel|Tailwind|p2b: Kilowattrel\n|-sidestart|p2: Bobbys0642|move: Tailwind\n|-start|p2b: Kilowattrel|Charge|Tailwind|[from] ability: Wind Power\n|move|p1a: Amoonguss|Pollen Puff|p1b: Roaring Moon\n|-heal|p1b: Roaring Moon|100\/100\n|\n|upkeep\n|\n|t:|1683730985\n|switch|p2a: Iron Bundle|Iron Bundle, L50|100\/100\n|turn|5\n|\n|t:|1683730998\n|move|p1a: Amoonguss|Rage Powder|p1a: Amoonguss\n|-singleturn|p1a: Amoonguss|move: Rage Powder\n|move|p2a: Iron Bundle|Icy Wind|p1b: Roaring Moon|[spread] p1a,p1b\n|-supereffective|p1a: Amoonguss\n|-supereffective|p1b: Roaring Moon\n|-damage|p1a: Amoonguss|71\/100\n|-damage|p1b: Roaring Moon|57\/100\n|-unboost|p1a: Amoonguss|spe|1\n|-unboost|p1b: Roaring Moon|spe|1\n|move|p2b: Kilowattrel|Air Slash|p1a: Amoonguss\n|-supereffective|p1a: Amoonguss\n|-damage|p1a: Amoonguss|14\/100\n|move|p1b: Roaring Moon|Acrobatics|p2a: Iron Bundle\n|-crit|p2a: Iron Bundle\n|-damage|p2a: Iron Bundle|0 fnt\n|faint|p2a: Iron Bundle\n|-end|p2a: Iron Bundle|Quark Drive|[silent]\n|\n|-heal|p1a: Amoonguss|20\/100|[from] item: Black Sludge\n|-fieldend|move: Psychic Terrain\n|upkeep\n|\n|t:|1683731013\n|switch|p2a: Indeedee|Indeedee, L50, M|100\/100\n|-fieldstart|move: Psychic Terrain|[from] ability: Psychic Surge|[of] p2a: Indeedee\n|turn|6\n|\n|t:|1683731024\n|move|p1a: Amoonguss|Rage Powder|p1a: Amoonguss\n|-singleturn|p1a: Amoonguss|move: Rage Powder\n|move|p2b: Kilowattrel|Air Slash|p1a: Amoonguss\n|-supereffective|p1a: Amoonguss\n|-crit|p1a: Amoonguss\n|-damage|p1a: Amoonguss|0 fnt\n|faint|p1a: Amoonguss\n|move|p2a: Indeedee|Dazzling Gleam|p1b: Roaring Moon\n|-damage|p1b: Roaring Moon|38\/100\n|move|p1b: Roaring Moon|Acrobatics|p2b: Kilowattrel\n|-resisted|p2b: Kilowattrel\n|-damage|p2b: Kilowattrel|0 fnt\n|faint|p2b: Kilowattrel\n|\n|-sideend|p1: Yojohanpop|move: Tailwind\n|upkeep\n|turn|7\n|inactive|Bobbys0642 has 30 seconds left.\n|inactive|Bobbys0642 has 20 seconds left.\n|inactive|Bobbys0642 has 15 seconds left.\n|\n|t:|1683731068\n|move|p1b: Roaring Moon|Protect|p1b: Roaring Moon\n|-singleturn|p1b: Roaring Moon|Protect\n|move|p2a: Indeedee|Dazzling Gleam|p1b: Roaring Moon\n|-activate|p1b: Roaring Moon|move: Protect\n|\n|-sideend|p2: Bobbys0642|move: Tailwind\n|upkeep\n|turn|8\n|\n|t:|1683731080\n|move|p2a: Indeedee|Dazzling Gleam|p1b: Roaring Moon\n|-damage|p1b: Roaring Moon|19\/100\n|move|p1b: Roaring Moon|Acrobatics|p2a: Indeedee\n|-damage|p2a: Indeedee|0 fnt\n|faint|p2a: Indeedee\n|\n|win|Yojohanpop\n|raw|Yojohanpop's rating: 1149 → 1171<\/strong> (+22 for winning)\n|raw|Bobbys0642's rating: 1102 → 1080<\/strong> (-22 for losing)\n|c|\u2606Bobbys0642|gg\n|l|\u2606Bobbys0642\n","uploadtime":1683731138,"views":9,"p1id":"yojohanpop","p2id":"bobbys0642","formatid":"gen9vgc2023regulationc","rating":1080,"private":0,"password":""}