{"id":"gen9vgc2023regulationc-1856544626","p1":"tuckerteam","p2":"victorc31","format":"[Gen 9] VGC 2023 Regulation C","log":"|j|\u2606tuckerteam\n|j|\u2606victorc31\n|t:|1683073937\n|gametype|doubles\n|player|p1|tuckerteam|milo|1128\n|player|p2|victorc31|hiker-gen4|1169\n|teamsize|p1|6\n|teamsize|p2|6\n|gen|9\n|tier|[Gen 9] VGC 2023 Regulation C\n|rated|\n|rule|Species Clause: Limit one of each Pok\u00e9mon\n|rule|Item Clause: Limit one of each item\n|clearpoke\n|poke|p1|Torkoal, L50, M|\n|poke|p1|Jumpluff, L50, F|\n|poke|p1|Great Tusk, L50|\n|poke|p1|Kingambit, L50, F|\n|poke|p1|Flutter Mane, L50|\n|poke|p1|Gyarados, L50, F|\n|poke|p2|Talonflame, L50, F|\n|poke|p2|Great Tusk, L50|\n|poke|p2|Gholdengo, L50|\n|poke|p2|Rotom-Wash, L50|\n|poke|p2|Flutter Mane, L50|\n|poke|p2|Garganacl, L50, F|\n|teampreview|4\ntuckerteam has agreed to open team sheets.\n|c|\u2606tuckerteam|glhf\n|\n|t:|1683074019\n|start\n|switch|p1a: Jumpluff|Jumpluff, L50, F|100\/100\n|switch|p1b: It's not a phase|Flutter Mane, L50, shiny|100\/100\n|switch|p2a: Great Tusk|Great Tusk, L50, shiny|100\/100\n|switch|p2b: Rotom|Rotom-Wash, L50, shiny|100\/100\n|-enditem|p1b: It's not a phase|Booster Energy\n|-activate|p1b: It's not a phase|ability: Protosynthesis|[fromitem]\n|-start|p1b: It's not a phase|protosynthesisspa\n|-enditem|p2a: Great Tusk|Booster Energy\n|-activate|p2a: Great Tusk|ability: Protosynthesis|[fromitem]\n|-start|p2a: Great Tusk|protosynthesisatk\n|turn|1\n|\n|t:|1683074045\n|switch|p2b: Talonflame|Talonflame, L50, F, shiny|100\/100\n|move|p1b: It's not a phase|Protect|p1b: It's not a phase\n|-singleturn|p1b: It's not a phase|Protect\n|move|p2a: Great Tusk|Protect|p2a: Great Tusk\n|-singleturn|p2a: Great Tusk|Protect\n|move|p1a: Jumpluff|Tailwind|p1a: Jumpluff\n|-sidestart|p1: tuckerteam|move: Tailwind\n|\n|upkeep\n|turn|2\n|\n|t:|1683074076\n|move|p2b: Talonflame|Tailwind|p2b: Talonflame\n|-sidestart|p2: victorc31|move: Tailwind\n|move|p1b: It's not a phase|Substitute|p1b: It's not a phase\n|-start|p1b: It's not a phase|Substitute\n|-damage|p1b: It's not a phase|76\/100\n|move|p1a: Jumpluff|Sleep Powder|p2a: Great Tusk|[miss]\n|-miss|p1a: Jumpluff|p2a: Great Tusk\n|move|p2a: Great Tusk|Ice Spinner|p1a: Jumpluff\n|-supereffective|p1a: Jumpluff\n|-enditem|p1a: Jumpluff|Focus Sash\n|-damage|p1a: Jumpluff|1\/100\n|\n|upkeep\n|turn|3\n|\n|t:|1683074105\n|move|p2a: Great Tusk|Protect|p2a: Great Tusk\n|-singleturn|p2a: Great Tusk|Protect\n|move|p2b: Talonflame|Brave Bird|p1b: It's not a phase\n|-end|p1b: It's not a phase|Substitute\n|-damage|p2b: Talonflame|94\/100|[from] Recoil|[of] p1b: It's not a phase\n|move|p1b: It's not a phase|Moonblast|p2a: Great Tusk\n|-activate|p2a: Great Tusk|move: Protect\n|move|p1a: Jumpluff|Pollen Puff|p1b: It's not a phase\n|-heal|p1b: It's not a phase|100\/100\n|\n|upkeep\n|turn|4\n|\n|t:|1683074135\n|switch|p1a: Gyarados|Gyarados, L50, F|100\/100\n|-ability|p1a: Gyarados|Intimidate|boost\n|-unboost|p2a: Great Tusk|atk|1\n|-unboost|p2b: Talonflame|atk|1\n|move|p2b: Talonflame|Brave Bird|p1a: Gyarados\n|-damage|p1a: Gyarados|79\/100\n|-damage|p2b: Talonflame|86\/100|[from] Recoil\n|move|p1b: It's not a phase|Moonblast|p2a: Great Tusk\n|-supereffective|p2a: Great Tusk\n|-damage|p2a: Great Tusk|0 fnt\n|faint|p2a: Great Tusk\n|-end|p2a: Great Tusk|Protosynthesis|[silent]\n|\n|-sideend|p1: tuckerteam|move: Tailwind\n|upkeep\n|\n|t:|1683074153\n|switch|p2a: Rotom|Rotom-Wash, L50, shiny|100\/100\n|turn|5\n|\n|t:|1683074165\n|switch|p1a: Great Tusk|Great Tusk, L50|100\/100\n|move|p2b: Talonflame|Protect|p2b: Talonflame\n|-singleturn|p2b: Talonflame|Protect\n|move|p2a: Rotom|Thunderbolt|p1a: Great Tusk\n|-immune|p1a: Great Tusk\n|move|p1b: It's not a phase|Shadow Ball|p2b: Talonflame\n|-activate|p2b: Talonflame|move: Protect\n|\n|-sideend|p2: victorc31|move: Tailwind\n|upkeep\n|turn|6\n|\n|t:|1683074195\n|-end|p1a: Great Tusk|Protosynthesis|[silent]\n|switch|p1a: Gyarados|Gyarados, L50, F|79\/100\n|-ability|p1a: Gyarados|Intimidate|boost\n|-unboost|p2a: Rotom|atk|1\n|-unboost|p2b: Talonflame|atk|1\n|move|p2b: Talonflame|Tailwind|p2b: Talonflame\n|-sidestart|p2: victorc31|move: Tailwind\n|move|p2a: Rotom|Thunderbolt|p1b: It's not a phase\n|-damage|p1b: It's not a phase|70\/100\n|-status|p1b: It's not a phase|par\n|move|p1b: It's not a phase|Substitute|p1b: It's not a phase\n|-start|p1b: It's not a phase|Substitute\n|-damage|p1b: It's not a phase|45\/100 par\n|\n|upkeep\n|turn|7\n|\n|t:|1683074224\n|move|p1a: Gyarados|Protect|p1a: Gyarados\n|-singleturn|p1a: Gyarados|Protect\n|move|p2b: Talonflame|Brave Bird|p1b: It's not a phase\n|-end|p1b: It's not a phase|Substitute\n|-damage|p2b: Talonflame|80\/100|[from] Recoil|[of] p1b: It's not a phase\n|move|p2a: Rotom|Thunderbolt|p1b: It's not a phase\n|-damage|p1b: It's not a phase|13\/100 par\n|move|p1b: It's not a phase|Shadow Ball|p2b: Talonflame\n|-damage|p2b: Talonflame|4\/100\n|\n|upkeep\n|turn|8\n|\n|t:|1683074257\n|-terastallize|p1a: Gyarados|Flying\n|move|p2b: Talonflame|Brave Bird|p1b: It's not a phase\n|-damage|p1b: It's not a phase|0 fnt\n|faint|p1b: It's not a phase\n|-end|p1b: It's not a phase|Protosynthesis|[silent]\n|-damage|p2b: Talonflame|1\/100|[from] Recoil\n|move|p2a: Rotom|Thunderbolt|p1a: Gyarados\n|-supereffective|p1a: Gyarados\n|-damage|p1a: Gyarados|24\/100\n|-enditem|p1a: Gyarados|Sitrus Berry|[eat]\n|-heal|p1a: Gyarados|49\/100|[from] item: Sitrus Berry\n|move|p1a: Gyarados|Waterfall|p2b: Talonflame\n|-supereffective|p2b: Talonflame\n|-damage|p2b: Talonflame|0 fnt\n|faint|p2b: Talonflame\n|\n|upkeep\n|\n|t:|1683074278\n|switch|p2b: Garganacl|Garganacl, L50, F, shiny|100\/100\n|switch|p1b: Jumpluff|Jumpluff, L50, F|1\/100\n|turn|9\n|\n|t:|1683074294\n|-terastallize|p2b: Garganacl|Ghost\n|move|p1b: Jumpluff|Protect|p1b: Jumpluff\n|-singleturn|p1b: Jumpluff|Protect\n|move|p1a: Gyarados|Protect|p1a: Gyarados\n|-singleturn|p1a: Gyarados|Protect\n|move|p2a: Rotom|Thunderbolt|p1b: Jumpluff\n|-activate|p1b: Jumpluff|move: Protect\n|move|p2b: Garganacl|Salt Cure|p1a: Gyarados\n|-activate|p1a: Gyarados|move: Protect\n|\n|-sideend|p2: victorc31|move: Tailwind\n|upkeep\n|turn|10\n|\n|t:|1683074324\n|move|p2a: Rotom|Protect|p2a: Rotom\n|-singleturn|p2a: Rotom|Protect\n|move|p1b: Jumpluff|Tailwind|p1b: Jumpluff\n|-sidestart|p1: tuckerteam|move: Tailwind\n|move|p1a: Gyarados|Waterfall|p2b: Garganacl\n|-crit|p2b: Garganacl\n|-damage|p2b: Garganacl|73\/100\n|move|p2b: Garganacl|Salt Cure|p1b: Jumpluff\n|-supereffective|p1b: Jumpluff\n|-damage|p1b: Jumpluff|0 fnt\n|faint|p1b: Jumpluff\n|\n|-heal|p2b: Garganacl|79\/100|[from] item: Leftovers\n|upkeep\n|\n|t:|1683074332\n|switch|p1b: Great Tusk|Great Tusk, L50|100\/100\n|turn|11\n|l|\u2606victorc31\n|player|p2|\n|inactive|Battle timer is ON: inactive players will automatically lose when time's up. (requested by tuckerteam)\n|inactive|victorc31 has 30 seconds to reconnect!\n|inactive|victorc31 has 20 seconds to reconnect!\n|inactive|victorc31 has 15 seconds to reconnect!\n|inactive|victorc31 has 10 seconds to reconnect!\n|inactive|victorc31 has 5 seconds to reconnect!\n|-message|victorc31 lost due to inactivity.\n|\n|win|tuckerteam\n|raw|tuckerteam's rating: 1128 → 1156<\/strong> (+28 for winning)\n|raw|victorc31's rating: 1169 → 1141<\/strong> (-28 for losing)\n","uploadtime":1683074439,"views":13,"p1id":"tuckerteam","p2id":"victorc31","formatid":"gen9vgc2023regulationc","rating":1141,"private":0,"password":""}