{"id":"gen9vgc2023regulationc-1859441144","p1":"raelu","p2":"leanbeanpan","format":"[Gen 9] VGC 2023 Regulation C","log":"|j|\u2606raelu\n|j|\u2606leanbeanpan\n|t:|1683468483\n|gametype|doubles\n|player|p1|raelu|riley|1051\n|player|p2|leanbeanpan|dancer|1022\n|teamsize|p1|6\n|teamsize|p2|6\n|gen|9\n|tier|[Gen 9] VGC 2023 Regulation C\n|rated|\n|rule|Species Clause: Limit one of each Pok\u00e9mon\n|rule|Item Clause: Limit one of each item\n|clearpoke\n|poke|p1|Pelipper, L50, M|\n|poke|p1|Palafin, L50, F|\n|poke|p1|Iron Bundle, L50|\n|poke|p1|Chi-Yu, L50|\n|poke|p1|Great Tusk, L50|\n|poke|p1|Dragonite, L50, F|\n|poke|p2|Maushold, L50|\n|poke|p2|Arcanine, L50, F|\n|poke|p2|Gyarados, L50, F|\n|poke|p2|Grimmsnarl, L50, M|\n|poke|p2|Jumpluff, L50, F|\n|poke|p2|Flutter Mane, L50|\n|teampreview|4\n|inactive|Battle timer is ON: inactive players will automatically lose when time's up. (requested by leanbeanpan)\nraelu has agreed to open team sheets.\n|inactive|raelu has 60 seconds left.\n|inactive|leanbeanpan has 60 seconds left.\n|inactive|raelu has 30 seconds left.\n|inactive|raelu has 20 seconds left.\n|inactive|raelu has 15 seconds left.\n|\n|t:|1683468560\n|start\n|switch|p1a: Palafin|Palafin, L50, F|100\/100\n|switch|p1b: Iron Bundle|Iron Bundle, L50|100\/100\n|switch|p2a: Grimmsnarl|Grimmsnarl, L50, M|100\/100\n|switch|p2b: Flutter Mane|Flutter Mane, L50|100\/100\n|-enditem|p1b: Iron Bundle|Booster Energy\n|-activate|p1b: Iron Bundle|ability: Quark Drive|[fromitem]\n|-start|p1b: Iron Bundle|quarkdrivespe\n|-enditem|p2b: Flutter Mane|Booster Energy\n|-activate|p2b: Flutter Mane|ability: Protosynthesis|[fromitem]\n|-start|p2b: Flutter Mane|protosynthesisspa\n|turn|1\n|inactive|raelu has 30 seconds left.\n|\n|t:|1683468593\n|move|p1b: Iron Bundle|Protect|p1b: Iron Bundle\n|-singleturn|p1b: Iron Bundle|Protect\n|move|p2b: Flutter Mane|Protect|p2b: Flutter Mane\n|-singleturn|p2b: Flutter Mane|Protect\n|move|p1a: Palafin|Protect|p1a: Palafin\n|-singleturn|p1a: Palafin|Protect\n|move|p2a: Grimmsnarl|Reflect|p2a: Grimmsnarl\n|-sidestart|p2: leanbeanpan|Reflect\n|\n|upkeep\n|turn|2\n|inactive|leanbeanpan has 30 seconds left.\n|\n|t:|1683468628\n|detailschange|p1a: Palafin|Palafin-Hero, L50, F\n|switch|p1a: Pelipper|Pelipper, L50, M|100\/100\n|-weather|RainDance|[from] ability: Drizzle|[of] p1a: Pelipper\n|move|p2a: Grimmsnarl|Thunder Wave|p1b: Iron Bundle\n|-status|p1b: Iron Bundle|par\n|move|p2b: Flutter Mane|Dazzling Gleam|p1a: Pelipper|[spread] p1a,p1b\n|-damage|p1a: Pelipper|27\/100\n|-damage|p1b: Iron Bundle|20\/100 par\n|cant|p1b: Iron Bundle|par\n|\n|-weather|RainDance|[upkeep]\n|upkeep\n|turn|3\n|inactive|raelu has 30 seconds left.\n|inactive|leanbeanpan has 30 seconds left.\n|inactive|raelu has 20 seconds left.\n|inactive|leanbeanpan has 20 seconds left.\n|inactive|raelu has 15 seconds left.\n|\n|t:|1683468669\n|move|p1b: Iron Bundle|Protect|p1b: Iron Bundle\n|-singleturn|p1b: Iron Bundle|Protect\n|move|p1a: Pelipper|Protect|p1a: Pelipper\n|-singleturn|p1a: Pelipper|Protect\n|move|p2a: Grimmsnarl|Light Screen|p2a: Grimmsnarl\n|-sidestart|p2: leanbeanpan|move: Light Screen\n|move|p2b: Flutter Mane|Dazzling Gleam|p1b: Iron Bundle|[spread] \n|-activate|p1a: Pelipper|move: Protect\n|-activate|p1b: Iron Bundle|move: Protect\n|\n|-weather|RainDance|[upkeep]\n|upkeep\n|turn|4\n|inactive|leanbeanpan has 30 seconds left.\n|inactive|leanbeanpan has 20 seconds left.\n|\n|t:|1683468705\n|switch|p2a: Gyarados|Gyarados, L50, F|100\/100\n|-ability|p2a: Gyarados|Intimidate|boost\n|-unboost|p1a: Pelipper|atk|1\n|-unboost|p1b: Iron Bundle|atk|1\n|move|p1b: Iron Bundle|Protect|p1b: Iron Bundle\n|-singleturn|p1b: Iron Bundle|Protect\n|move|p1a: Pelipper|Protect||[still]\n|-fail|p1a: Pelipper\n|move|p2b: Flutter Mane|Dazzling Gleam|p1b: Iron Bundle|[spread] p1a\n|-activate|p1b: Iron Bundle|move: Protect\n|-damage|p1a: Pelipper|0 fnt\n|faint|p1a: Pelipper\n|\n|-weather|RainDance|[upkeep]\n|upkeep\n|\n|t:|1683468718\n|switch|p1a: Palafin|Palafin-Hero, L50, F|100\/100\n|-activate|p1a: Palafin|ability: Zero to Hero\n|turn|5\n|\n|t:|1683468732\n|-terastallize|p1a: Palafin|Water\n|move|p1a: Palafin|Jet Punch|p2b: Flutter Mane\n|-damage|p2b: Flutter Mane|0 fnt\n|faint|p2b: Flutter Mane\n|-end|p2b: Flutter Mane|Protosynthesis|[silent]\n|cant|p1b: Iron Bundle|par\n|move|p2a: Gyarados|Iron Head|p1b: Iron Bundle\n|-damage|p1b: Iron Bundle|0 fnt\n|faint|p1b: Iron Bundle\n|-end|p1b: Iron Bundle|Quark Drive|[silent]\n|-damage|p2a: Gyarados|91\/100|[from] item: Life Orb\n|\n|-weather|RainDance|[upkeep]\n|upkeep\n|\n|t:|1683468755\n|switch|p1b: Dragonite|Dragonite, L50, F|100\/100\n|switch|p2b: Arcanine|Arcanine, L50, F|100\/100\n|turn|6\n|inactive|raelu has 30 seconds left.\n|\n|t:|1683468785\n|-terastallize|p2b: Arcanine|Normal\n|move|p2b: Arcanine|Howl|p2b: Arcanine|[spread] p2a,p2b\n|-boost|p2a: Gyarados|atk|1\n|-boost|p2b: Arcanine|atk|1\n|move|p1a: Palafin|Wave Crash|p2b: Arcanine\n|-damage|p2b: Arcanine|0 fnt\n|faint|p2b: Arcanine\n|-damage|p1a: Palafin|73\/100|[from] Recoil\n|move|p2a: Gyarados|Iron Head|p1a: Palafin\n|-resisted|p1a: Palafin\n|-damage|p1a: Palafin|48\/100\n|-damage|p2a: Gyarados|81\/100|[from] item: Life Orb\n|move|p1b: Dragonite|Safeguard|p1b: Dragonite\n|-sidestart|p1: raelu|Safeguard\n|\n|-weather|RainDance|[upkeep]\n|upkeep\n|\n|t:|1683468803\n|switch|p2b: Grimmsnarl|Grimmsnarl, L50, M|100\/100\n|turn|7\n|inactive|raelu has 30 seconds left.\n|\n|t:|1683468828\n|move|p2a: Gyarados|Protect|p2a: Gyarados\n|-singleturn|p2a: Gyarados|Protect\n|move|p1a: Palafin|Jet Punch|p2b: Grimmsnarl\n|-crit|p2b: Grimmsnarl\n|-damage|p2b: Grimmsnarl|0 fnt\n|faint|p2b: Grimmsnarl\n|move|p1b: Dragonite|Hurricane|p2a: Gyarados\n|-activate|p2a: Gyarados|move: Protect\n|\n|-weather|RainDance|[upkeep]\n|upkeep\n|turn|8\n|-message|leanbeanpan forfeited.\n|\n|win|raelu\n|raw|raelu's rating: 1051 → 1081<\/strong> (+30 for winning)\n|raw|leanbeanpan's rating: 1022 → 1010<\/strong> (-12 for losing)\n|l|\u2606leanbeanpan\n","uploadtime":1683468890,"views":15,"p1id":"raelu","p2id":"leanbeanpan","formatid":"gen9vgc2023regulationc","rating":1010,"private":0,"password":""}