{"id":"gen9vgc2023regulationc-1845594888","p1":"Chest","p2":"Jubileu1940","format":"[Gen 9] VGC 2023 Regulation C","log":"|j|\u2606Chest\n|j|\u2606Jubileu1940\n|t:|1681747956\n|gametype|doubles\n|player|p1|Chest|170|1382\n|player|p2|Jubileu1940|169|1294\n|teamsize|p1|6\n|teamsize|p2|6\n|gen|9\n|tier|[Gen 9] VGC 2023 Regulation C\n|rated|\n|rule|Species Clause: Limit one of each Pok\u00e9mon\n|rule|Item Clause: Limit one of each item\n|clearpoke\n|poke|p1|Gyarados, L50, M|\n|poke|p1|Chi-Yu, L50|\n|poke|p1|Amoonguss, L50, M|\n|poke|p1|Annihilape, L50, F|\n|poke|p1|Ting-Lu, L50|\n|poke|p1|Flutter Mane, L50|\n|poke|p2|Ting-Lu, L50|\n|poke|p2|Flutter Mane, L50|\n|poke|p2|Arcanine, L50, M|\n|poke|p2|Amoonguss, L50, F|\n|poke|p2|Palafin, L50, F|\n|poke|p2|Ceruledge, L50, M|\n|teampreview|4\n|inactive|Battle timer is ON: inactive players will automatically lose when time's up. (requested by Jubileu1940)\n|\n|t:|1681748005\n|start\n|switch|p1a: Nemo|Chi-Yu, L50|100\/100\n|switch|p1b: Melameneo|Flutter Mane, L50|100\/100\n|switch|p2a: Flutter Mane|Flutter Mane, L50|100\/100\n|switch|p2b: Palafin|Palafin, L50, F|100\/100\n|-ability|p1a: Nemo|Beads of Ruin\n|-enditem|p1b: Melameneo|Booster Energy\n|-activate|p1b: Melameneo|ability: Protosynthesis|[fromitem]\n|-start|p1b: Melameneo|protosynthesisspa\n|turn|1\n|\n|t:|1681748026\n|-terastallize|p1a: Nemo|Water\n|move|p2a: Flutter Mane|Shadow Ball|p1b: Melameneo\n|-supereffective|p1b: Melameneo\n|-damage|p1b: Melameneo|0 fnt\n|faint|p1b: Melameneo\n|-end|p1b: Melameneo|Protosynthesis|[silent]\n|move|p1a: Nemo|Nasty Plot|p1a: Nemo\n|-boost|p1a: Nemo|spa|2\n|move|p2b: Palafin|Wave Crash|p1a: Nemo\n|-resisted|p1a: Nemo\n|-damage|p1a: Nemo|64\/100\n|-damage|p2b: Palafin|91\/100|[from] Recoil\n|\n|upkeep\n|\n|t:|1681748038\n|switch|p1b: Bambi|Ting-Lu, L50|100\/100\n|-ability|p1b: Bambi|Vessel of Ruin\n|turn|2\n|\n|t:|1681748050\n|detailschange|p2b: Palafin|Palafin-Hero, L50, F\n|switch|p2b: Amoonguss|Amoonguss, L50, F|100\/100\n|move|p1a: Nemo|Protect|p1a: Nemo\n|-singleturn|p1a: Nemo|Protect\n|move|p2a: Flutter Mane|Shadow Ball|p1a: Nemo\n|-activate|p1a: Nemo|move: Protect\n|move|p1b: Bambi|Heavy Slam|p2a: Flutter Mane\n|-supereffective|p2a: Flutter Mane\n|-damage|p2a: Flutter Mane|0 fnt\n|faint|p2a: Flutter Mane\n|-end|p2a: Flutter Mane|Protosynthesis|[silent]\n|\n|upkeep\n|\n|t:|1681748064\n|switch|p2a: Palafin|Palafin-Hero, L50, F|91\/100\n|-activate|p2a: Palafin|ability: Zero to Hero\n|turn|3\n|inactive|Jubileu1940 has 30 seconds left.\n|\n|t:|1681748096\n|switch|p1b: La Gamba|Gyarados, L50, M, shiny|100\/100\n|-ability|p1b: La Gamba|Intimidate|boost\n|-unboost|p2a: Palafin|atk|1\n|-unboost|p2b: Amoonguss|atk|1\n|-terastallize|p2b: Amoonguss|Water\n|move|p1a: Nemo|Dark Pulse|p2a: Palafin\n|-damage|p2a: Palafin|0 fnt\n|faint|p2a: Palafin\n|move|p2b: Amoonguss|Clear Smog|p1a: Nemo\n|-damage|p1a: Nemo|49\/100\n|-clearboost|p1a: Nemo\n|\n|upkeep\n|\n|t:|1681748110\n|switch|p2a: Ting-Lu|Ting-Lu, L50|100\/100\n|-ability|p2a: Ting-Lu|Vessel of Ruin\n|turn|4\n|inactive|Chest has 30 seconds left.\n|\n|t:|1681748138\n|move|p1b: La Gamba|Protect|p1b: La Gamba\n|-singleturn|p1b: La Gamba|Protect\n|move|p1a: Nemo|Dark Pulse|p2b: Amoonguss\n|-damage|p2b: Amoonguss|63\/100\n|move|p2a: Ting-Lu|Stomping Tantrum|p1a: Nemo\n|-damage|p1a: Nemo|13\/100\n|move|p2b: Amoonguss|Spore|p1b: La Gamba\n|-activate|p1b: La Gamba|move: Protect\n|\n|upkeep\n|turn|5\n|\n|t:|1681748156\n|switch|p1b: Bambi|Ting-Lu, L50|100\/100\n|-ability|p1b: Bambi|Vessel of Ruin\n|move|p1a: Nemo|Dark Pulse|p2b: Amoonguss\n|-damage|p2b: Amoonguss|29\/100\n|-enditem|p2b: Amoonguss|Sitrus Berry|[eat]\n|-heal|p2b: Amoonguss|54\/100|[from] item: Sitrus Berry\n|move|p2a: Ting-Lu|Stomping Tantrum|p1a: Nemo\n|-damage|p1a: Nemo|0 fnt\n|faint|p1a: Nemo\n|move|p2b: Amoonguss|Spore|p1b: Bambi\n|-status|p1b: Bambi|slp|[from] move: Spore\n|\n|upkeep\n|\n|t:|1681748169\n|switch|p1a: La Gamba|Gyarados, L50, M, shiny|100\/100\n|-ability|p1a: La Gamba|Intimidate|boost\n|-unboost|p2a: Ting-Lu|atk|1\n|-unboost|p2b: Amoonguss|atk|1\n|turn|6\n|\n|t:|1681748180\n|move|p1a: La Gamba|Thunder Wave|p2b: Amoonguss\n|-status|p2b: Amoonguss|par\n|move|p2a: Ting-Lu|Fissure|p1b: Bambi|[miss]\n|-miss|p2a: Ting-Lu|p1b: Bambi\n|cant|p1b: Bambi|slp\n|cant|p2b: Amoonguss|par\n|\n|upkeep\n|turn|7\n|\n|t:|1681748194\n|move|p1a: La Gamba|Taunt|p2b: Amoonguss\n|-start|p2b: Amoonguss|move: Taunt\n|move|p2a: Ting-Lu|Fissure|p1b: Bambi\n|-damage|p1b: Bambi|0 fnt\n|faint|p1b: Bambi\n|-ohko\n|cant|p2b: Amoonguss|move: Taunt|Spore\n|\n|upkeep\n|turn|8\n|\n|t:|1681748208\n|move|p1a: La Gamba|Waterfall|p2a: Ting-Lu\n|-supereffective|p2a: Ting-Lu\n|-damage|p2a: Ting-Lu|60\/100\n|move|p2a: Ting-Lu|Ruination|p1a: La Gamba\n|-damage|p1a: La Gamba|50\/100\n|move|p2b: Amoonguss|Pollen Puff|p1a: La Gamba\n|-resisted|p1a: La Gamba\n|-damage|p1a: La Gamba|44\/100\n|\n|upkeep\n|turn|9\n|\n|t:|1681748229\n|move|p1a: La Gamba|Waterfall|p2a: Ting-Lu\n|-supereffective|p2a: Ting-Lu\n|-damage|p2a: Ting-Lu|19\/100\n|cant|p2a: Ting-Lu|flinch\n|move|p2b: Amoonguss|Clear Smog|p2a: Ting-Lu\n|-resisted|p2a: Ting-Lu\n|-damage|p2a: Ting-Lu|17\/100\n|-clearboost|p2a: Ting-Lu\n|\n|-end|p2b: Amoonguss|move: Taunt\n|upkeep\n|turn|10\n|\n|t:|1681748248\n|move|p1a: La Gamba|Waterfall|p2a: Ting-Lu\n|-supereffective|p2a: Ting-Lu\n|-damage|p2a: Ting-Lu|0 fnt\n|faint|p2a: Ting-Lu\n|move|p2b: Amoonguss|Spore|p1a: La Gamba\n|-status|p1a: La Gamba|slp|[from] move: Spore\n|\n|upkeep\n|turn|11\n|\n|t:|1681748258\n|cant|p1a: La Gamba|slp\n|cant|p2b: Amoonguss|par\n|\n|upkeep\n|turn|12\n|\n|t:|1681748264\n|cant|p1a: La Gamba|slp\n|move|p2b: Amoonguss|Clear Smog|p1a: La Gamba\n|-damage|p1a: La Gamba|30\/100 slp\n|-clearboost|p1a: La Gamba\n|\n|upkeep\n|turn|13\n|\n|t:|1681748272\n|-curestatus|p1a: La Gamba|slp|[msg]\n|move|p1a: La Gamba|Taunt|p2b: Amoonguss\n|-start|p2b: Amoonguss|move: Taunt\n|cant|p2b: Amoonguss|par\n|\n|upkeep\n|turn|14\n|\n|t:|1681748281\n|move|p1a: La Gamba|Waterfall|p2b: Amoonguss\n|-resisted|p2b: Amoonguss\n|-damage|p2b: Amoonguss|38\/100 par\n|cant|p2b: Amoonguss|flinch\n|\n|upkeep\n|turn|15\n|\n|t:|1681748288\n|move|p1a: La Gamba|Waterfall|p2b: Amoonguss\n|-resisted|p2b: Amoonguss\n|-damage|p2b: Amoonguss|21\/100 par\n|move|p2b: Amoonguss|Clear Smog|p1a: La Gamba\n|-damage|p1a: La Gamba|16\/100\n|-clearboost|p1a: La Gamba\n|-enditem|p1a: La Gamba|Figy Berry|[eat]\n|-heal|p1a: La Gamba|50\/100|[from] item: Figy Berry\n|\n|-end|p2b: Amoonguss|move: Taunt\n|upkeep\n|turn|16\n|\n|t:|1681748301\n|move|p1a: La Gamba|Taunt|p2b: Amoonguss\n|-start|p2b: Amoonguss|move: Taunt\n|move|p2b: Amoonguss|Clear Smog|p1a: La Gamba\n|-damage|p1a: La Gamba|36\/100\n|-clearboost|p1a: La Gamba\n|\n|upkeep\n|turn|17\n|\n|t:|1681748310\n|move|p1a: La Gamba|Waterfall|p2b: Amoonguss\n|-resisted|p2b: Amoonguss\n|-damage|p2b: Amoonguss|5\/100 par\n|cant|p2b: Amoonguss|flinch\n|\n|upkeep\n|turn|18\n|-message|Jubileu1940 forfeited.\n|\n|win|Chest\n|raw|Chest's rating: 1382 → 1397<\/strong> (+15 for winning)\n|raw|Jubileu1940's rating: 1294 → 1275<\/strong> (-19 for losing)\n|l|\u2606Jubileu1940\n","uploadtime":1681748324,"views":13,"p1id":"chest","p2id":"jubileu1940","formatid":"gen9vgc2023regulationc","rating":1275,"private":0,"password":""}