{"id":"gen9vgc2023regulationc-1855625825","p1":"WillieDangerously","p2":"JVP15","format":"[Gen 9] VGC 2023 Regulation C","log":"|j|\u2606WillieDangerously\n|j|\u2606JVP15\n|t:|1682967621\n|gametype|doubles\n|player|p1|WillieDangerously|psychic-gen4|1324\n|player|p2|JVP15|cynthia|1323\n|teamsize|p1|6\n|teamsize|p2|6\n|gen|9\n|tier|[Gen 9] VGC 2023 Regulation C\n|rated|\n|rule|Species Clause: Limit one of each Pok\u00e9mon\n|rule|Item Clause: Limit one of each item\n|clearpoke\n|poke|p1|Chien-Pao, L50|\n|poke|p1|Amoonguss, L50, F|\n|poke|p1|Palafin, L50, M|\n|poke|p1|Dragapult, L50, F|\n|poke|p1|Scream Tail, L50|\n|poke|p1|Arcanine, L50, F|\n|poke|p2|Rotom-Wash, L50|\n|poke|p2|Breloom, L50, M|\n|poke|p2|Tyranitar, L50, M|\n|poke|p2|Volcarona, L50, F|\n|poke|p2|Gardevoir, L50, F|\n|poke|p2|Garchomp, L50, F|\n|teampreview|4\nJVP15 has agreed to open team sheets.\n|\n|t:|1682967678\n|start\n|switch|p1a: Scream Tail|Scream Tail, L50|100\/100\n|switch|p1b: Palafin|Palafin, L50, M|100\/100\n|switch|p2a: Tyranitar|Tyranitar, L50, M|100\/100\n|switch|p2b: Volcarona|Volcarona, L50, F|100\/100\n|-weather|Sandstorm|[from] ability: Sand Stream|[of] p2a: Tyranitar\n|-enditem|p1a: Scream Tail|Booster Energy\n|-activate|p1a: Scream Tail|ability: Protosynthesis|[fromitem]\n|-start|p1a: Scream Tail|protosynthesisspe\n|turn|1\n|\n|t:|1682967707\n|-terastallize|p1b: Palafin|Water\n|move|p1a: Scream Tail|Howl|p1a: Scream Tail|[spread] p1a,p1b\n|-boost|p1a: Scream Tail|atk|1\n|-boost|p1b: Palafin|atk|1\n|move|p2b: Volcarona|Quiver Dance|p2b: Volcarona\n|-boost|p2b: Volcarona|spa|1\n|-boost|p2b: Volcarona|spd|1\n|-boost|p2b: Volcarona|spe|1\n|move|p1b: Palafin|Wave Crash|p2b: Volcarona\n|-supereffective|p2b: Volcarona\n|-damage|p2b: Volcarona|0 fnt\n|faint|p2b: Volcarona\n|-damage|p1b: Palafin|70\/100|[from] Recoil\n|move|p2a: Tyranitar|Icy Wind|p1b: Palafin|[spread] p1a,p1b\n|-resisted|p1b: Palafin\n|-damage|p1a: Scream Tail|95\/100\n|-damage|p1b: Palafin|66\/100\n|-unboost|p1a: Scream Tail|spe|1\n|-unboost|p1b: Palafin|spe|1\n|\n|-weather|Sandstorm|[upkeep]\n|-damage|p1a: Scream Tail|89\/100|[from] Sandstorm\n|-damage|p1b: Palafin|60\/100|[from] Sandstorm\n|upkeep\n|\n|t:|1682967720\n|switch|p2b: Gardevoir|Gardevoir, L50, F|100\/100\n|turn|2\n|\n|t:|1682967731\n|move|p2b: Gardevoir|Moonblast|p1a: Scream Tail\n|-damage|p1a: Scream Tail|59\/100\n|move|p1a: Scream Tail|Thunder Wave|p2b: Gardevoir\n|-status|p2b: Gardevoir|par\n|move|p1b: Palafin|Close Combat|p2a: Tyranitar\n|-supereffective|p2a: Tyranitar\n|-damage|p2a: Tyranitar|0 fnt\n|-unboost|p1b: Palafin|def|1\n|-unboost|p1b: Palafin|spd|1\n|faint|p2a: Tyranitar\n|\n|-weather|Sandstorm|[upkeep]\n|-damage|p1a: Scream Tail|53\/100|[from] Sandstorm\n|-damage|p2b: Gardevoir|95\/100 par|[from] Sandstorm\n|-damage|p1b: Palafin|55\/100|[from] Sandstorm\n|upkeep\n|\n|t:|1682967738\n|switch|p2a: Garchomp|Garchomp, L50, F|100\/100\n|turn|3\n|\n|t:|1682967767\n|detailschange|p1b: Palafin|Palafin-Hero, L50, M, tera:Water\n|switch|p1b: Chien-Pao|Chien-Pao, L50|100\/100\n|-ability|p1b: Chien-Pao|Sword of Ruin\n|move|p2a: Garchomp|Earthquake|p1b: Chien-Pao|[spread] p1a,p1b\n|-activate|p2b: Gardevoir|ability: Telepathy\n|-damage|p1a: Scream Tail|18\/100\n|-damage|p1b: Chien-Pao|48\/100\n|move|p1a: Scream Tail|Howl|p1a: Scream Tail|[spread] p1a,p1b\n|-boost|p1a: Scream Tail|atk|1\n|-boost|p1b: Chien-Pao|atk|1\n|move|p2b: Gardevoir|Moonblast|p1b: Chien-Pao\n|-supereffective|p1b: Chien-Pao\n|-damage|p1b: Chien-Pao|0 fnt\n|faint|p1b: Chien-Pao\n|\n|-weather|Sandstorm|[upkeep]\n|-damage|p1a: Scream Tail|12\/100|[from] Sandstorm\n|-damage|p2b: Gardevoir|89\/100 par|[from] Sandstorm\n|upkeep\n|\n|t:|1682967787\n|switch|p1b: Palafin|Palafin-Hero, L50, M, tera:Water|55\/100\n|-activate|p1b: Palafin|ability: Zero to Hero\n|turn|4\n|\n|t:|1682967814\n|move|p1a: Scream Tail|Protect|p1a: Scream Tail\n|-singleturn|p1a: Scream Tail|Protect\n|move|p2a: Garchomp|Earthquake|p1b: Palafin|[spread] p1b\n|-activate|p1a: Scream Tail|move: Protect\n|-activate|p2b: Gardevoir|ability: Telepathy\n|-damage|p1b: Palafin|14\/100\n|move|p1b: Palafin|Ice Punch|p2a: Garchomp\n|-supereffective|p2a: Garchomp\n|-enditem|p2a: Garchomp|Focus Sash\n|-damage|p2a: Garchomp|1\/100\n|-damage|p1b: Palafin|2\/100|[from] ability: Rough Skin|[of] p2a: Garchomp\n|cant|p2b: Gardevoir|par\n|\n|-weather|Sandstorm|[upkeep]\n|-damage|p1a: Scream Tail|6\/100|[from] Sandstorm\n|-damage|p1b: Palafin|0 fnt|[from] Sandstorm\n|-damage|p2b: Gardevoir|84\/100 par|[from] Sandstorm\n|faint|p1b: Palafin\n|upkeep\n|\n|t:|1682967833\n|switch|p1b: Dragapult|Dragapult, L50, F|100\/100\n|turn|5\n|\n|t:|1682967857\n|move|p2a: Garchomp|Protect|p2a: Garchomp\n|-singleturn|p2a: Garchomp|Protect\n|move|p1b: Dragapult|Dragon Darts|p2a: Garchomp\n|-immune|p2b: Gardevoir\n|move|p1a: Scream Tail|Play Rough|p2b: Gardevoir\n|-damage|p2b: Gardevoir|8\/100 par\n|move|p2b: Gardevoir|Moonblast|p1b: Dragapult\n|-supereffective|p1b: Dragapult\n|-damage|p1b: Dragapult|0 fnt\n|faint|p1b: Dragapult\n|\n|-weather|none\n|upkeep\n|turn|6\n|-message|WillieDangerously forfeited.\n|\n|win|JVP15\n|raw|WillieDangerously's rating: 1324 → 1304<\/strong> (-20 for losing)\n|raw|JVP15's rating: 1323 → 1343<\/strong> (+20 for winning)\n","uploadtime":1682967864,"views":14,"p1id":"williedangerously","p2id":"jvp15","formatid":"gen9vgc2023regulationc","rating":1304,"private":0,"password":""}