{"id":"gen9vgc2023regulationc-1850284088","p1":"Xalvadore","p2":"Aloryna","format":"[Gen 9] VGC 2023 Regulation C","log":"|j|\u2606Xalvadore\n|j|\u2606Aloryna\n|t:|1682310903\n|gametype|doubles\n|player|p1|Xalvadore|marnie|1211\n|player|p2|Aloryna|bellelba|1326\n|teamsize|p1|6\n|teamsize|p2|6\n|gen|9\n|tier|[Gen 9] VGC 2023 Regulation C\n|rated|\n|rule|Species Clause: Limit one of each Pok\u00e9mon\n|rule|Item Clause: Limit one of each item\n|clearpoke\n|poke|p1|Dragonite, L50, F|\n|poke|p1|Tyranitar, L50, M|\n|poke|p1|Gastrodon, L50, M|\n|poke|p1|Arcanine, L50, F|\n|poke|p1|Meowscarada, L50, M|\n|poke|p1|Corviknight, L50, F|\n|poke|p2|Mimikyu, L50, F|\n|poke|p2|Iron Hands, L50|\n|poke|p2|Flutter Mane, L50|\n|poke|p2|Chi-Yu, L50|\n|poke|p2|Murkrow, L50, M|\n|poke|p2|Baxcalibur, L50, F|\n|teampreview|4\nAloryna rejected open team sheets.\n|inactive|Battle timer is ON: inactive players will automatically lose when time's up. (requested by Aloryna)\n|\n|t:|1682310943\n|start\n|switch|p1a: Tyranitar|Tyranitar, L50, M|100\/100\n|switch|p1b: Gastrodon|Gastrodon, L50, M|100\/100\n|switch|p2a: Murkrow|Murkrow, L50, M|100\/100\n|switch|p2b: Baxcalibur|Baxcalibur, L50, F|100\/100\n|-weather|Sandstorm|[from] ability: Sand Stream|[of] p1a: Tyranitar\n|turn|1\n|\n|t:|1682310966\n|switch|p1b: Corviknight|Corviknight, L50, F|100\/100\n|-terastallize|p2b: Baxcalibur|Ground\n|move|p2a: Murkrow|Tailwind|p2a: Murkrow\n|-sidestart|p2: Aloryna|move: Tailwind\n|move|p2b: Baxcalibur|Earthquake|p1a: Tyranitar|[spread] p1a\n|-immune|p2a: Murkrow\n|-immune|p1b: Corviknight\n|-supereffective|p1a: Tyranitar\n|-damage|p1a: Tyranitar|18\/100\n|move|p1a: Tyranitar|Power Gem|p2a: Murkrow\n|-supereffective|p2a: Murkrow\n|-damage|p2a: Murkrow|0 fnt\n|faint|p2a: Murkrow\n|\n|-weather|Sandstorm|[upkeep]\n|upkeep\n|\n|t:|1682310986\n|switch|p2a: Flutter Mane|Flutter Mane, L50|100\/100\n|turn|2\n|\n|t:|1682310994\n|move|p2a: Flutter Mane|Thunderbolt|p1b: Corviknight\n|-supereffective|p1b: Corviknight\n|-damage|p1b: Corviknight|46\/100\n|move|p2b: Baxcalibur|Icicle Spear|p1a: Tyranitar\n|-damage|p1a: Tyranitar|3\/100\n|-damage|p1a: Tyranitar|0 fnt\n|faint|p1a: Tyranitar\n|-hitcount|p1: Tyranitar|2\n|move|p1b: Corviknight|Iron Head|p2a: Flutter Mane\n|-supereffective|p2a: Flutter Mane\n|-enditem|p2a: Flutter Mane|Focus Sash\n|-damage|p2a: Flutter Mane|1\/100\n|\n|-weather|Sandstorm|[upkeep]\n|-damage|p2a: Flutter Mane|0 fnt|[from] Sandstorm\n|faint|p2a: Flutter Mane\n|-end|p2a: Flutter Mane|Protosynthesis|[silent]\n|upkeep\n|\n|t:|1682311013\n|switch|p2a: Chi-Yu|Chi-Yu, L50|100\/100\n|switch|p1a: Gastrodon|Gastrodon, L50, M|100\/100\n|-ability|p2a: Chi-Yu|Beads of Ruin\n|turn|3\n|inactive|Xalvadore has 30 seconds left.\n|\n|t:|1682311039\n|move|p2a: Chi-Yu|Heat Wave|p1a: Gastrodon|[spread] p1a,p1b\n|-resisted|p1a: Gastrodon\n|-supereffective|p1b: Corviknight\n|-damage|p1a: Gastrodon|71\/100\n|-damage|p1b: Corviknight|0 fnt\n|faint|p1b: Corviknight\n|-damage|p2a: Chi-Yu|90\/100|[from] item: Life Orb\n|move|p2b: Baxcalibur|Icicle Spear|p1a: Gastrodon\n|-damage|p1a: Gastrodon|56\/100\n|-damage|p1a: Gastrodon|42\/100\n|-enditem|p1a: Gastrodon|Sitrus Berry|[eat]\n|-heal|p1a: Gastrodon|67\/100|[from] item: Sitrus Berry\n|-damage|p1a: Gastrodon|51\/100\n|-damage|p1a: Gastrodon|37\/100\n|-damage|p1a: Gastrodon|23\/100\n|-hitcount|p1a: Gastrodon|5\n|move|p1a: Gastrodon|Recover|p1a: Gastrodon\n|-heal|p1a: Gastrodon|73\/100\n|\n|-weather|Sandstorm|[upkeep]\n|-damage|p2a: Chi-Yu|84\/100|[from] Sandstorm\n|upkeep\n|\n|t:|1682311057\n|switch|p1b: Arcanine|Arcanine, L50, F|100\/100\n|-ability|p1b: Arcanine|Intimidate|boost\n|-unboost|p2a: Chi-Yu|atk|1\n|-unboost|p2b: Baxcalibur|atk|1\n|turn|4\n|\n|t:|1682311068\n|move|p1b: Arcanine|Protect|p1b: Arcanine\n|-singleturn|p1b: Arcanine|Protect\n|move|p2a: Chi-Yu|Dark Pulse|p1b: Arcanine\n|-activate|p1b: Arcanine|move: Protect\n|move|p2b: Baxcalibur|Glaive Rush|p1b: Arcanine\n|-activate|p1b: Arcanine|move: Protect\n|move|p1a: Gastrodon|Earth Power|p2a: Chi-Yu\n|-supereffective|p2a: Chi-Yu\n|-damage|p2a: Chi-Yu|0 fnt\n|faint|p2a: Chi-Yu\n|\n|-weather|Sandstorm|[upkeep]\n|-sideend|p2: Aloryna|move: Tailwind\n|upkeep\n|turn|5\n|\n|t:|1682311086\n|-terastallize|p1a: Gastrodon|Fairy\n|move|p2b: Baxcalibur|Earthquake|p1a: Gastrodon|[spread] p1a,p1b\n|-supereffective|p1b: Arcanine\n|-damage|p1a: Gastrodon|46\/100\n|-damage|p1b: Arcanine|42\/100\n|move|p1b: Arcanine|Will-O-Wisp|p2b: Baxcalibur\n|-immune|p2b: Baxcalibur|[from] ability: Thermal Exchange\n|move|p1a: Gastrodon|Tera Blast|p2b: Baxcalibur\n|-damage|p2b: Baxcalibur|67\/100\n|\n|-weather|none\n|upkeep\n|turn|6\n|inactive|Aloryna has 30 seconds left.\n|\n|t:|1682311113\n|move|p2b: Baxcalibur|Earthquake|p1a: Gastrodon|[spread] p1a,p1b\n|-supereffective|p1b: Arcanine\n|-damage|p1a: Gastrodon|20\/100\n|-damage|p1b: Arcanine|0 fnt\n|faint|p1b: Arcanine\n|move|p1a: Gastrodon|Earth Power|p2b: Baxcalibur\n|-damage|p2b: Baxcalibur|30\/100\n|\n|upkeep\n|turn|7\n|c|\u2606Xalvadore|gg\n|\n|t:|1682311129\n|move|p2b: Baxcalibur|Icicle Spear|p1a: Gastrodon\n|-damage|p1a: Gastrodon|11\/100\n|-damage|p1a: Gastrodon|1\/100\n|-damage|p1a: Gastrodon|0 fnt\n|faint|p1a: Gastrodon\n|-hitcount|p1: Gastrodon|3\n|\n|win|Aloryna\n|raw|Xalvadore's rating: 1211 → 1194<\/strong> (-17 for losing)\n|raw|Aloryna's rating: 1326 → 1340<\/strong> (+14 for winning)\n","uploadtime":1682311137,"views":27,"p1id":"xalvadore","p2id":"aloryna","formatid":"gen9vgc2023regulationc","rating":1194,"private":0,"password":""}