{"id":"gen9vgc2023regulationc-1846682814","p1":"ANTIVALLEY","p2":"DartkitVGC","format":"[Gen 9] VGC 2023 Regulation C","log":"|j|\u2606ANTIVALLEY\n|j|\u2606DartkitVGC\n|t:|1681865385\n|gametype|doubles\n|player|p1|ANTIVALLEY|penny|1154\n|player|p2|DartkitVGC|cynthia-gen4|1192\n|teamsize|p1|6\n|teamsize|p2|6\n|gen|9\n|tier|[Gen 9] VGC 2023 Regulation C\n|rated|\n|rule|Species Clause: Limit one of each Pok\u00e9mon\n|rule|Item Clause: Limit one of each item\n|clearpoke\n|poke|p1|Lycanroc, L50, M|\n|poke|p1|Tyranitar, L50, F|\n|poke|p1|Iron Bundle, L50|\n|poke|p1|Chi-Yu, L50|\n|poke|p1|Farigiraf, L50, F|\n|poke|p1|Gyarados, L50, M|\n|poke|p2|Maushold-Four, L50|\n|poke|p2|Annihilape, L50, M|\n|poke|p2|Arcanine, L50, M|\n|poke|p2|Amoonguss, L50, M|\n|poke|p2|Flutter Mane, L50|\n|poke|p2|Palafin, L50, M|\n|teampreview|4\nDartkitVGC has agreed to open team sheets.\nANTIVALLEY rejected open team sheets.\n|inactive|Battle timer is ON: inactive players will automatically lose when time's up. (requested by DartkitVGC)\n|\n|t:|1681865411\n|start\n|switch|p1a: Tyranitar|Tyranitar, L50, F|100\/100\n|switch|p1b: Lycanroc|Lycanroc, L50, M|100\/100\n|switch|p2a: Annihilape|Annihilape, L50, M|100\/100\n|switch|p2b: Maushold|Maushold-Four, L50|100\/100\n|-weather|Sandstorm|[from] ability: Sand Stream|[of] p1a: Tyranitar\n|turn|1\n|inactive|ANTIVALLEY has 30 seconds left.\n|inactive|ANTIVALLEY has 20 seconds left.\n|\n|t:|1681865448\n|-terastallize|p1a: Tyranitar|Flying\n|move|p1b: Lycanroc|Rock Slide|p2b: Maushold|[spread] p2a,p2b\n|-resisted|p2a: Annihilape\n|-damage|p2a: Annihilape|89\/100\n|-damage|p2b: Maushold|68\/100\n|move|p2b: Maushold|Beat Up|p2a: Annihilape\n|-damage|p2a: Annihilape|87\/100\n|-damage|p2a: Annihilape|85\/100\n|-damage|p2a: Annihilape|83\/100\n|-damage|p2a: Annihilape|81\/100\n|-hitcount|p2a: Annihilape|4\n|move|p2a: Annihilape|Drain Punch|p1a: Tyranitar\n|-resisted|p1a: Tyranitar\n|-damage|p1a: Tyranitar|80\/100\n|-heal|p2a: Annihilape|91\/100|[from] drain|[of] p1a: Tyranitar\n|-damage|p2a: Annihilape|82\/100|[from] item: Life Orb\n|move|p1a: Tyranitar|Assurance|p2a: Annihilape\n|-damage|p2a: Annihilape|34\/100\n|\n|-weather|Sandstorm|[upkeep]\n|-damage|p2a: Annihilape|28\/100|[from] Sandstorm\n|-damage|p1a: Tyranitar|74\/100|[from] Sandstorm\n|upkeep\n|turn|2\n|inactive|ANTIVALLEY has 30 seconds left.\n|inactive|DartkitVGC has 30 seconds left.\n|\n|t:|1681865474\n|switch|p2b: Arcanine|Arcanine, L50, M|100\/100\n|-ability|p2b: Arcanine|Intimidate|boost\n|-unboost|p1a: Tyranitar|atk|1\n|-unboost|p1b: Lycanroc|atk|1\n|move|p2a: Annihilape|Protect|p2a: Annihilape\n|-singleturn|p2a: Annihilape|Protect\n|move|p1b: Lycanroc|Rock Blast|p2b: Arcanine\n|-supereffective|p2b: Arcanine\n|-damage|p2b: Arcanine|82\/100\n|-supereffective|p2b: Arcanine\n|-crit|p2b: Arcanine\n|-damage|p2b: Arcanine|39\/100\n|-supereffective|p2b: Arcanine\n|-damage|p2b: Arcanine|20\/100\n|-enditem|p2b: Arcanine|Figy Berry|[eat]\n|-heal|p2b: Arcanine|53\/100|[from] item: Figy Berry\n|-supereffective|p2b: Arcanine\n|-damage|p2b: Arcanine|34\/100\n|-supereffective|p2b: Arcanine\n|-damage|p2b: Arcanine|15\/100\n|-hitcount|p2b: Arcanine|5\n|move|p1a: Tyranitar|Tera Blast|p2a: Annihilape\n|-activate|p2a: Annihilape|move: Protect\n|\n|-weather|Sandstorm|[upkeep]\n|-damage|p2b: Arcanine|9\/100|[from] Sandstorm\n|-damage|p2a: Annihilape|22\/100|[from] Sandstorm\n|-damage|p1a: Tyranitar|68\/100|[from] Sandstorm\n|upkeep\n|turn|3\n|inactive|DartkitVGC has 30 seconds left.\n|inactive|ANTIVALLEY has 30 seconds left.\n|inactive|DartkitVGC has 20 seconds left.\n|\n|t:|1681865514\n|switch|p2b: Palafin|Palafin, L50, M|100\/100\n|move|p1b: Lycanroc|Rock Slide|p2b: Palafin|[spread] p2b\n|-miss|p1b: Lycanroc|p2a: Annihilape\n|-crit|p2b: Palafin\n|-damage|p2b: Palafin|42\/100\n|move|p2a: Annihilape|Rage Fist|p1a: Tyranitar\n|-damage|p1a: Tyranitar|0 fnt\n|faint|p1a: Tyranitar\n|-damage|p2a: Annihilape|12\/100|[from] item: Life Orb\n|\n|-weather|Sandstorm|[upkeep]\n|-damage|p2b: Palafin|36\/100|[from] Sandstorm\n|-damage|p2a: Annihilape|6\/100|[from] Sandstorm\n|upkeep\n|\n|t:|1681865530\n|switch|p1a: Chi-Yu|Chi-Yu, L50|100\/100\n|-ability|p1a: Chi-Yu|Beads of Ruin\n|turn|4\n|\n|t:|1681865551\n|detailschange|p2b: Palafin|Palafin-Hero, L50, M\n|switch|p2b: Arcanine|Arcanine, L50, M|9\/100\n|-ability|p2b: Arcanine|Intimidate|boost\n|-unboost|p1a: Chi-Yu|atk|1\n|-unboost|p1b: Lycanroc|atk|1\n|move|p1b: Lycanroc|Rock Slide|p2a: Annihilape|[spread] p2a,p2b\n|-resisted|p2a: Annihilape\n|-supereffective|p2b: Arcanine\n|-damage|p2a: Annihilape|0 fnt\n|-damage|p2b: Arcanine|0 fnt\n|faint|p2a: Annihilape\n|faint|p2b: Arcanine\n|move|p1a: Chi-Yu|Dark Pulse|p2: Annihilape|[notarget]\n|-fail|p1a: Chi-Yu\n|\n|-weather|Sandstorm|[upkeep]\n|-damage|p1a: Chi-Yu|94\/100|[from] Sandstorm\n|upkeep\n|\n|t:|1681865562\n|switch|p2b: Palafin|Palafin-Hero, L50, M|36\/100\n|switch|p2a: Maushold|Maushold-Four, L50|68\/100\n|-activate|p2b: Palafin|ability: Zero to Hero\n|turn|5\n|\n|t:|1681865583\n|switch|p1a: Gyarados|Gyarados, L50, M|100\/100\n|-ability|p1a: Gyarados|Intimidate|boost\n|-unboost|p2a: Maushold|atk|1\n|-unboost|p2b: Palafin|atk|1\n|-terastallize|p2b: Palafin|Water\n|move|p2a: Maushold|Follow Me|p2a: Maushold\n|-singleturn|p2a: Maushold|move: Follow Me\n|move|p2b: Palafin|Jet Punch|p1a: Gyarados\n|-resisted|p1a: Gyarados\n|-damage|p1a: Gyarados|80\/100\n|move|p1b: Lycanroc|Rock Blast|p2a: Maushold\n|-damage|p2a: Maushold|60\/100\n|-damage|p2a: Maushold|51\/100\n|-damage|p2a: Maushold|43\/100\n|-damage|p2a: Maushold|35\/100\n|-hitcount|p2a: Maushold|4\n|\n|-weather|none\n|upkeep\n|turn|6\n|inactive|ANTIVALLEY has 30 seconds left.\n|\n|t:|1681865616\n|move|p1b: Lycanroc|Endure|p1b: Lycanroc\n|-singleturn|p1b: Lycanroc|move: Endure\n|move|p2b: Palafin|Jet Punch|p1b: Lycanroc\n|-supereffective|p1b: Lycanroc\n|-activate|p1b: Lycanroc|move: Endure\n|-damage|p1b: Lycanroc|1\/100\n|move|p2a: Maushold|Super Fang|p1a: Gyarados\n|-damage|p1a: Gyarados|41\/100\n|-enditem|p1a: Gyarados|Sitrus Berry|[eat]\n|-heal|p1a: Gyarados|65\/100|[from] item: Sitrus Berry\n|move|p1a: Gyarados|Thunder Wave|p2b: Palafin\n|-status|p2b: Palafin|par\n|\n|upkeep\n|turn|7\n|inactive|ANTIVALLEY has 30 seconds left.\n|inactive|DartkitVGC has 30 seconds left.\n|inactive|ANTIVALLEY has 20 seconds left.\n|\n|t:|1681865656\n|move|p2b: Palafin|Jet Punch|p1b: Lycanroc\n|-supereffective|p1b: Lycanroc\n|-damage|p1b: Lycanroc|0 fnt\n|faint|p1b: Lycanroc\n|move|p2a: Maushold|Super Fang|p1a: Gyarados\n|-damage|p1a: Gyarados|33\/100\n|move|p1a: Gyarados|Waterfall|p2b: Palafin\n|-resisted|p2b: Palafin\n|-damage|p2b: Palafin|22\/100 par\n|\n|upkeep\n|\n|t:|1681865664\n|switch|p1b: Chi-Yu|Chi-Yu, L50|94\/100\n|-ability|p1b: Chi-Yu|Beads of Ruin\n|turn|8\n|\n|t:|1681865687\n|move|p2b: Palafin|Jet Punch|p1b: Chi-Yu\n|-supereffective|p1b: Chi-Yu\n|-damage|p1b: Chi-Yu|0 fnt\n|faint|p1b: Chi-Yu\n|move|p2a: Maushold|Super Fang|p1a: Gyarados\n|-damage|p1a: Gyarados|17\/100\n|move|p1a: Gyarados|Waterfall|p2b: Palafin\n|-resisted|p2b: Palafin\n|-damage|p2b: Palafin|7\/100 par\n|\n|upkeep\n|turn|9\n|\n|t:|1681865700\n|move|p2b: Palafin|Jet Punch|p1a: Gyarados\n|-resisted|p1a: Gyarados\n|-damage|p1a: Gyarados|0 fnt\n|faint|p1a: Gyarados\n|\n|win|DartkitVGC\n|raw|ANTIVALLEY's rating: 1154 → 1132<\/strong> (-22 for losing)\n|raw|DartkitVGC's rating: 1192 → 1214<\/strong> (+22 for winning)\n","uploadtime":1681865703,"views":12,"p1id":"antivalley","p2id":"dartkitvgc","formatid":"gen9vgc2023regulationc","rating":1132,"private":0,"password":""}