{"id":"gen9vgc2023regulationc-1859078203","p1":"mortimus jr","p2":"SalcranVGC","format":"[Gen 9] VGC 2023 Regulation C","log":"|j|\u2606mortimus jr\n|j|\u2606SalcranVGC\n|t:|1683401801\n|gametype|doubles\n|player|p1|mortimus jr|hilbert-wonderlauncher|\n|player|p2|SalcranVGC|1|\n|teamsize|p1|6\n|teamsize|p2|6\n|gen|9\n|tier|[Gen 9] VGC 2023 Regulation C\n|rule|Species Clause: Limit one of each Pok\u00e9mon\n|rule|Item Clause: Limit one of each item\n|clearpoke\n|poke|p1|Hippowdon, L50, F|\n|poke|p1|Amoonguss, L50, F|\n|poke|p1|Gyarados, L50, F|\n|poke|p1|Chi-Yu, L50|\n|poke|p1|Iron Hands, L50|\n|poke|p1|Flutter Mane, L50|\n|poke|p2|Arcanine, L50, M|\n|poke|p2|Palafin, L50, M|\n|poke|p2|Dragonite, L50, M|\n|poke|p2|Chien-Pao, L50|\n|poke|p2|Amoonguss, L50, M|\n|poke|p2|Iron Hands, L50|\n|teampreview|4\n|c|\u2606mortimus jr|g2\nSalcranVGC has agreed to open team sheets.\nmortimus jr has agreed to open team sheets.\n|j| VGScruge\n|j| Orangex733\n|l| Orangex733\n|j| Orangex733\n|l| VGScruge\n|j| Bakonlikescufant\n|l| Bakonlikescufant\n|j| Breloom3912\n|l| Breloom3912\n|j| Breloom3912\n|l| Breloom3912\n|j| Breloom3912\n|j| MortTTL\n|\n|t:|1683402524\n|start\n|switch|p1a: Iron Hands|Iron Hands, L50|100\/100\n|switch|p1b: Flutter Mane|Flutter Mane, L50|100\/100\n|switch|p2a: Arcanine|Arcanine, L50, M|100\/100\n|switch|p2b: Palafin|Palafin, L50, M|100\/100\n|-ability|p2a: Arcanine|Intimidate|boost\n|-unboost|p1a: Iron Hands|atk|1\n|-unboost|p1b: Flutter Mane|atk|1\n|-enditem|p1b: Flutter Mane|Booster Energy\n|-activate|p1b: Flutter Mane|ability: Protosynthesis|[fromitem]\n|-start|p1b: Flutter Mane|protosynthesisspa\n|turn|1\n|j| p3ds\n|\n|t:|1683402587\n|detailschange|p2b: Palafin|Palafin-Hero, L50, M\n|switch|p2b: Amoonguss|Amoonguss, L50, M|100\/100\n|move|p1b: Flutter Mane|Substitute|p1b: Flutter Mane\n|-start|p1b: Flutter Mane|Substitute\n|-damage|p1b: Flutter Mane|76\/100\n|move|p2a: Arcanine|Flare Blitz|p1b: Flutter Mane\n|-end|p1b: Flutter Mane|Substitute\n|-damage|p2a: Arcanine|94\/100|[from] Recoil|[of] p1b: Flutter Mane\n|move|p1a: Iron Hands|Swords Dance|p1a: Iron Hands\n|-boost|p1a: Iron Hands|atk|2\n|\n|upkeep\n|turn|2\n|\n|t:|1683402635\n|switch|p2b: Palafin|Palafin-Hero, L50, M|100\/100\n|-activate|p2b: Palafin|ability: Zero to Hero\n|move|p1b: Flutter Mane|Protect|p1b: Flutter Mane\n|-singleturn|p1b: Flutter Mane|Protect\n|move|p2a: Arcanine|Will-O-Wisp|p1a: Iron Hands\n|-status|p1a: Iron Hands|brn\n|move|p1a: Iron Hands|Swords Dance|p1a: Iron Hands\n|-boost|p1a: Iron Hands|atk|2\n|\n|-damage|p1a: Iron Hands|95\/100 brn|[from] brn\n|upkeep\n|turn|3\n|\n|t:|1683402717\n|-end|p1b: Flutter Mane|Protosynthesis|[silent]\n|switch|p1b: Gyarados|Gyarados, L50, F|100\/100\n|-ability|p1b: Gyarados|Intimidate|boost\n|-unboost|p2a: Arcanine|atk|1\n|-unboost|p2b: Palafin|atk|1\n|move|p2a: Arcanine|Flare Blitz|p1b: Gyarados\n|-resisted|p1b: Gyarados\n|-damage|p1b: Gyarados|83\/100\n|-damage|p2a: Arcanine|78\/100|[from] item: Rocky Helmet|[of] p1b: Gyarados\n|-damage|p2a: Arcanine|72\/100|[from] Recoil\n|move|p2b: Palafin|Haze|p2b: Palafin\n|-clearallboost\n|move|p1a: Iron Hands|Drain Punch|p2b: Palafin\n|-damage|p2b: Palafin|86\/100\n|-heal|p1a: Iron Hands|100\/100 brn|[from] drain|[of] p2b: Palafin\n|\n|-damage|p1a: Iron Hands|95\/100 brn|[from] brn\n|upkeep\n|turn|4\n|\n|t:|1683402770\n|switch|p2b: Amoonguss|Amoonguss, L50, M|100\/100\n|-end|p1a: Iron Hands|Quark Drive|[silent]\n|switch|p1a: Amoonguss|Amoonguss, L50, F|100\/100\n|move|p2a: Arcanine|Will-O-Wisp|p1b: Gyarados\n|-status|p1b: Gyarados|brn\n|move|p1b: Gyarados|Thunder Wave|p2b: Amoonguss\n|-status|p2b: Amoonguss|par\n|\n|-damage|p1b: Gyarados|77\/100 brn|[from] brn\n|upkeep\n|turn|5\n|\n|t:|1683402794\n|switch|p1a: Iron Hands|Iron Hands, L50|95\/100 brn\n|switch|p2b: Dragonite|Dragonite, L50, M|100\/100\n|move|p2a: Arcanine|Howl|p2a: Arcanine|[spread] p2a,p2b\n|-boost|p2a: Arcanine|atk|1\n|-boost|p2b: Dragonite|atk|1\n|move|p1b: Gyarados|Thunder Wave|p2a: Arcanine\n|-status|p2a: Arcanine|par\n|\n|-damage|p1b: Gyarados|71\/100 brn|[from] brn\n|-damage|p1a: Iron Hands|89\/100 brn|[from] brn\n|upkeep\n|turn|6\n|\n|t:|1683402844\n|switch|p2a: Palafin|Palafin-Hero, L50, M|86\/100\n|move|p2b: Dragonite|Outrage|p1a: Iron Hands\n|-damage|p1a: Iron Hands|0 fnt\n|faint|p1a: Iron Hands\n|-end|p1a: Iron Hands|Quark Drive|[silent]\n|move|p1b: Gyarados|Thunder Wave|p2b: Dragonite\n|-status|p2b: Dragonite|par\n|\n|-damage|p1b: Gyarados|65\/100 brn|[from] brn\n|upkeep\n|l| MortTTL\n|j| MortTTL\n|\n|t:|1683402861\n|switch|p1a: Amoonguss|Amoonguss, L50, F|100\/100\n|turn|7\n|\n|t:|1683402898\n|move|p2a: Palafin|Protect|p2a: Palafin\n|-singleturn|p2a: Palafin|Protect\n|move|p1b: Gyarados|Waterfall|p2b: Dragonite\n|-resisted|p2b: Dragonite\n|-damage|p2b: Dragonite|93\/100 par\n|move|p2b: Dragonite|Outrage|p1b: Gyarados|[from]lockedmove\n|-damage|p1b: Gyarados|0 fnt\n|-damage|p2b: Dragonite|77\/100 par|[from] item: Rocky Helmet|[of] p1b: Gyarados\n|faint|p1b: Gyarados\n|-start|p2b: Dragonite|confusion|[fatigue]\n|move|p1a: Amoonguss|Pollen Puff|p1: Gyarados|[notarget]\n|-fail|p1a: Amoonguss\n|\n|upkeep\n|\n|t:|1683402906\n|switch|p1b: Flutter Mane|Flutter Mane, L50|76\/100\n|turn|8\n|l| MortTTL\n|j| MortTTL\n|\n|t:|1683402945\n|switch|p2a: Arcanine|Arcanine, L50, M|72\/100 par\n|-ability|p2a: Arcanine|Intimidate|boost\n|-unboost|p1a: Amoonguss|atk|1\n|-unboost|p1b: Flutter Mane|atk|1\n|-terastallize|p2b: Dragonite|Normal\n|move|p1b: Flutter Mane|Protect|p1b: Flutter Mane\n|-singleturn|p1b: Flutter Mane|Protect\n|-activate|p2b: Dragonite|confusion\n|-damage|p2b: Dragonite|56\/100 par|[from] confusion\n|move|p1a: Amoonguss|Spore|p2a: Arcanine\n|-activate|p2a: Arcanine|item: Safety Goggles|Spore\n|\n|upkeep\n|turn|9\n|l| MortTTL\n|j| MortTTL\n|\n|t:|1683403041\n|switch|p2b: Amoonguss|Amoonguss, L50, M|100\/100 par\n|move|p1b: Flutter Mane|Substitute|p1b: Flutter Mane\n|-start|p1b: Flutter Mane|Substitute\n|-damage|p1b: Flutter Mane|51\/100\n|cant|p2a: Arcanine|par\n|move|p1a: Amoonguss|Pollen Puff|p1b: Flutter Mane\n|-heal|p1b: Flutter Mane|100\/100\n|\n|upkeep\n|turn|10\n|\n|t:|1683403084\n|move|p1b: Flutter Mane|Hex|p2a: Arcanine\n|-damage|p2a: Arcanine|8\/100 par\n|cant|p2a: Arcanine|par\n|move|p1a: Amoonguss|Pollen Puff|p2a: Arcanine\n|-resisted|p2a: Arcanine\n|-damage|p2a: Arcanine|0 fnt\n|faint|p2a: Arcanine\n|move|p2b: Amoonguss|Spore||[still]\n|-fail|p2b: Amoonguss\n|\n|upkeep\n|\n|t:|1683403102\n|switch|p2a: Dragonite|Dragonite, L50, M, tera:Normal|56\/100 par\n|turn|11\n|\n|t:|1683403120\n|move|p1a: Amoonguss|Protect|p1a: Amoonguss\n|-singleturn|p1a: Amoonguss|Protect\n|move|p1b: Flutter Mane|Hex|p2b: Amoonguss\n|-damage|p2b: Amoonguss|40\/100 par\n|-enditem|p2b: Amoonguss|Sitrus Berry|[eat]\n|-heal|p2b: Amoonguss|65\/100 par|[from] item: Sitrus Berry\n|move|p2a: Dragonite|Facade|p1a: Amoonguss\n|-activate|p1a: Amoonguss|move: Protect\n|move|p2b: Amoonguss|Pollen Puff|p2a: Dragonite\n|-heal|p2a: Dragonite|100\/100 par\n|\n|upkeep\n|turn|12\n|\n|t:|1683403155\n|cant|p2b: Amoonguss|par\n|move|p1b: Flutter Mane|Hex|p2b: Amoonguss\n|-damage|p2b: Amoonguss|4\/100 par\n|move|p2a: Dragonite|Facade|p1a: Amoonguss\n|-damage|p1a: Amoonguss|0 fnt\n|faint|p1a: Amoonguss\n|\n|upkeep\n|turn|13\n|\n|t:|1683403176\n|switch|p2a: Palafin|Palafin-Hero, L50, M|86\/100\n|move|p2b: Amoonguss|Rage Powder|p2b: Amoonguss\n|-singleturn|p2b: Amoonguss|move: Rage Powder\n|move|p1b: Flutter Mane|Moonblast|p2b: Amoonguss\n|-resisted|p2b: Amoonguss\n|-damage|p2b: Amoonguss|0 fnt\n|faint|p2b: Amoonguss\n|\n|upkeep\n|\n|t:|1683403185\n|switch|p2b: Dragonite|Dragonite, L50, M, tera:Normal|100\/100 par\n|turn|14\n|\n|t:|1683403212\n|move|p2a: Palafin|Protect|p2a: Palafin\n|-singleturn|p2a: Palafin|Protect\n|move|p1b: Flutter Mane|Moonblast|p2a: Palafin\n|-activate|p2a: Palafin|move: Protect\n|move|p2b: Dragonite|Low Kick|p1b: Flutter Mane\n|-immune|p1b: Flutter Mane\n|\n|upkeep\n|turn|15\n|\n|t:|1683403242\n|move|p2a: Palafin|Jet Punch|p1b: Flutter Mane\n|-crit|p1b: Flutter Mane\n|-end|p1b: Flutter Mane|Substitute\n|move|p1b: Flutter Mane|Moonblast|p2a: Palafin\n|-damage|p2a: Palafin|43\/100\n|move|p2b: Dragonite|Low Kick|p1b: Flutter Mane\n|-immune|p1b: Flutter Mane\n|\n|upkeep\n|turn|16\n|\n|t:|1683403270\n|move|p2a: Palafin|Jet Punch|p1b: Flutter Mane\n|-damage|p1b: Flutter Mane|21\/100\n|move|p1b: Flutter Mane|Moonblast|p2a: Palafin\n|-damage|p2a: Palafin|0 fnt\n|faint|p2a: Palafin\n|move|p2b: Dragonite|Low Kick|p1b: Flutter Mane\n|-immune|p1b: Flutter Mane\n|\n|upkeep\n|turn|17\n|-message|SalcranVGC forfeited.\n|\n|win|mortimus jr\n|l| Orangex733\n|c|\u2606SalcranVGC|ggs\n|c|\u2606mortimus jr|ggs\n|l| MortTTL\n|j| aizakkoo\n|l|\u2606mortimus jr\n|j| MortTTL\n","uploadtime":1683403334,"views":28,"p1id":"mortimusjr","p2id":"salcranvgc","formatid":"gen9vgc2023regulationc","rating":0,"private":0,"password":""}