{"id":"gen9vgc2023regulationc-1851388890","p1":"sneedchungus69","p2":"Pierre113","format":"[Gen 9] VGC 2023 Regulation C","log":"|j|\u2606sneedchungus69\n|j|\u2606Pierre113\n|t:|1682441165\n|gametype|doubles\n|player|p1|sneedchungus69|scientistf|1492\n|player|p2|Pierre113|palmer|1569\n|teamsize|p1|6\n|teamsize|p2|6\n|gen|9\n|tier|[Gen 9] VGC 2023 Regulation C\n|rated|\n|rule|Species Clause: Limit one of each Pok\u00e9mon\n|rule|Item Clause: Limit one of each item\n|clearpoke\n|poke|p1|Rotom-Wash, L50|\n|poke|p1|Gholdengo, L50|\n|poke|p1|Wo-Chien, L50|\n|poke|p1|Ting-Lu, L50|\n|poke|p1|Arcanine, L50, M|\n|poke|p1|Flutter Mane, L50|\n|poke|p2|Flutter Mane, L50|\n|poke|p2|Amoonguss, L50, F|\n|poke|p2|Chi-Yu, L50|\n|poke|p2|Gyarados, L50, M|\n|poke|p2|Iron Hands, L50|\n|poke|p2|Gholdengo, L50|\n|teampreview|4\nPierre113 has agreed to open team sheets.\nsneedchungus69 has agreed to open team sheets.\n|\n|t:|1682441224\n|start\n|switch|p1a: Rotom|Rotom-Wash, L50|100\/100\n|switch|p1b: Arcanine|Arcanine, L50, M|100\/100\n|switch|p2a: Iron Hands|Iron Hands, L50|100\/100\n|switch|p2b: Flutter Mane|Flutter Mane, L50|100\/100\n|-ability|p1b: Arcanine|Intimidate|boost\n|-unboost|p2a: Iron Hands|atk|1\n|-unboost|p2b: Flutter Mane|atk|1\n|-enditem|p2b: Flutter Mane|Booster Energy\n|-activate|p2b: Flutter Mane|ability: Protosynthesis|[fromitem]\n|-start|p2b: Flutter Mane|protosynthesisspa\n|turn|1\n|\n|t:|1682441260\n|switch|p1a: Ting-Lu|Ting-Lu, L50|100\/100\n|-ability|p1a: Ting-Lu|Vessel of Ruin\n|move|p2a: Iron Hands|Fake Out|p1b: Arcanine\n|-damage|p1b: Arcanine|90\/100\n|move|p2b: Flutter Mane|Dazzling Gleam|p1b: Arcanine|[spread] p1a,p1b\n|-supereffective|p1a: Ting-Lu\n|-resisted|p1b: Arcanine\n|-damage|p1a: Ting-Lu|70\/100\n|-damage|p1b: Arcanine|76\/100\n|cant|p1b: Arcanine|flinch\n|\n|upkeep\n|turn|2\n|\n|t:|1682441290\n|-end|p2a: Iron Hands|Quark Drive|[silent]\n|switch|p2a: Gyarados|Gyarados, L50, M|100\/100\n|-ability|p2a: Gyarados|Intimidate|boost\n|-unboost|p1a: Ting-Lu|atk|1\n|-unboost|p1b: Arcanine|atk|1\n|-terastallize|p1a: Ting-Lu|Water\n|move|p2b: Flutter Mane|Dazzling Gleam|p1a: Ting-Lu|[spread] p1a,p1b\n|-resisted|p1b: Arcanine\n|-damage|p1a: Ting-Lu|57\/100\n|-damage|p1b: Arcanine|62\/100\n|move|p1b: Arcanine|Will-O-Wisp|p2a: Gyarados\n|-status|p2a: Gyarados|brn\n|-enditem|p2a: Gyarados|Lum Berry|[eat]\n|-curestatus|p2a: Gyarados|brn|[msg]\n|move|p1a: Ting-Lu|Heavy Slam|p2b: Flutter Mane\n|-supereffective|p2b: Flutter Mane\n|-damage|p2b: Flutter Mane|31\/100\n|\n|upkeep\n|turn|3\n|\n|t:|1682441329\n|-end|p2b: Flutter Mane|Protosynthesis|[silent]\n|switch|p2b: Iron Hands|Iron Hands, L50|100\/100\n|switch|p1b: Rotom|Rotom-Wash, L50|100\/100\n|move|p2a: Gyarados|Waterfall|p1b: Rotom\n|-resisted|p1b: Rotom\n|-damage|p1b: Rotom|76\/100\n|move|p1a: Ting-Lu|Stomping Tantrum|p2b: Iron Hands\n|-supereffective|p2b: Iron Hands\n|-damage|p2b: Iron Hands|65\/100\n|\n|upkeep\n|turn|4\n|\n|t:|1682441350\n|switch|p1a: Wo-Chien|Wo-Chien, L50|100\/100\n|-ability|p1a: Wo-Chien|Tablets of Ruin\n|move|p2b: Iron Hands|Fake Out|p1b: Rotom\n|-damage|p1b: Rotom|64\/100\n|move|p2a: Gyarados|Dragon Dance|p2a: Gyarados\n|-boost|p2a: Gyarados|atk|1\n|-boost|p2a: Gyarados|spe|1\n|cant|p1b: Rotom|flinch\n|\n|upkeep\n|turn|5\n|inactive|Battle timer is ON: inactive players will automatically lose when time's up. (requested by Pierre113)\n|inactive|Pierre113 has 60 seconds left.\n|\n|t:|1682441382\n|switch|p1a: Arcanine|Arcanine, L50, M|62\/100\n|-ability|p1a: Arcanine|Intimidate|boost\n|-unboost|p2a: Gyarados|atk|1\n|-unboost|p2b: Iron Hands|atk|1\n|move|p2a: Gyarados|Protect|p2a: Gyarados\n|-singleturn|p2a: Gyarados|Protect\n|move|p1b: Rotom|Thunderbolt|p2a: Gyarados\n|-activate|p2a: Gyarados|move: Protect\n|move|p2b: Iron Hands|Drain Punch|p1b: Rotom\n|-damage|p1b: Rotom|34\/100\n|-heal|p2b: Iron Hands|75\/100|[from] drain|[of] p1b: Rotom\n|\n|upkeep\n|turn|6\n|inactive|sneedchungus69 has 30 seconds left.\n|inactive|Pierre113 has 30 seconds left.\n|inactive|Pierre113 has 20 seconds left.\n|inactive|sneedchungus69 has 20 seconds left.\n|inactive|Pierre113 has 15 seconds left.\n|inactive|Pierre113 has 10 seconds left.\n|\n|t:|1682441431\n|switch|p2a: Chi-Yu|Chi-Yu, L50|100\/100\n|-ability|p2a: Chi-Yu|Beads of Ruin\n|-end|p2b: Iron Hands|Quark Drive|[silent]\n|switch|p2b: Flutter Mane|Flutter Mane, L50|31\/100\n|move|p1a: Arcanine|Will-O-Wisp|p2b: Flutter Mane\n|-status|p2b: Flutter Mane|brn\n|move|p1b: Rotom|Thunderbolt|p2a: Chi-Yu\n|-damage|p2a: Chi-Yu|58\/100\n|\n|-damage|p2b: Flutter Mane|25\/100 brn|[from] brn\n|upkeep\n|turn|7\n|inactive|sneedchungus69 has 30 seconds left.\n|inactive|Pierre113 has 30 seconds left.\n|inactive|sneedchungus69 has 20 seconds left.\n|inactive|Pierre113 has 20 seconds left.\n|\n|t:|1682441468\n|switch|p1b: Ting-Lu|Ting-Lu, L50, tera:Water|57\/100\n|-ability|p1b: Ting-Lu|Vessel of Ruin\n|move|p1a: Arcanine|Extreme Speed|p2a: Chi-Yu\n|-damage|p2a: Chi-Yu|28\/100\n|move|p2b: Flutter Mane|Moonblast|p1b: Ting-Lu\n|-damage|p1b: Ting-Lu|32\/100\n|move|p2a: Chi-Yu|Dark Pulse|p1a: Arcanine\n|-damage|p1a: Arcanine|1\/100\n|-enditem|p1a: Arcanine|Aguav Berry|[eat]\n|-heal|p1a: Arcanine|34\/100|[from] item: Aguav Berry\n|\n|-damage|p2b: Flutter Mane|19\/100 brn|[from] brn\n|upkeep\n|turn|8\n|inactive|sneedchungus69 has 30 seconds left.\n|inactive|Pierre113 has 30 seconds left.\n|\n|t:|1682441495\n|-end|p2b: Flutter Mane|Protosynthesis|[silent]\n|switch|p2b: Gyarados|Gyarados, L50, M|100\/100\n|-ability|p2b: Gyarados|Intimidate|boost\n|-unboost|p1a: Arcanine|atk|1\n|-unboost|p1b: Ting-Lu|atk|1\n|move|p1a: Arcanine|Extreme Speed|p2a: Chi-Yu\n|-damage|p2a: Chi-Yu|5\/100\n|move|p2a: Chi-Yu|Dark Pulse|p1b: Ting-Lu\n|-damage|p1b: Ting-Lu|2\/100\n|move|p1b: Ting-Lu|Heavy Slam|p2b: Gyarados\n|-resisted|p2b: Gyarados\n|-damage|p2b: Gyarados|93\/100\n|\n|upkeep\n|turn|9\n|inactive|sneedchungus69 has 30 seconds left.\n|\n|t:|1682441521\n|move|p1a: Arcanine|Protect|p1a: Arcanine\n|-singleturn|p1a: Arcanine|Protect\n|move|p2a: Chi-Yu|Dark Pulse|p1a: Arcanine\n|-activate|p1a: Arcanine|move: Protect\n|move|p2b: Gyarados|Dragon Dance|p2b: Gyarados\n|-boost|p2b: Gyarados|atk|1\n|-boost|p2b: Gyarados|spe|1\n|move|p1b: Ting-Lu|Ruination|p2b: Gyarados\n|-damage|p2b: Gyarados|47\/100\n|\n|upkeep\n|turn|10\n|inactive|Pierre113 has 30 seconds left.\n|inactive|Pierre113 has 20 seconds left.\n|\n|t:|1682441556\n|switch|p2a: Iron Hands|Iron Hands, L50|75\/100\n|-terastallize|p2b: Gyarados|Flying\n|move|p1a: Arcanine|Extreme Speed|p2a: Iron Hands\n|-damage|p2a: Iron Hands|66\/100\n|move|p2b: Gyarados|Tera Blast|p1a: Arcanine\n|-damage|p1a: Arcanine|0 fnt\n|faint|p1a: Arcanine\n|move|p1b: Ting-Lu|Ruination|p2b: Gyarados\n|-damage|p2b: Gyarados|24\/100\n|\n|upkeep\n|\n|t:|1682441561\n|switch|p1a: Wo-Chien|Wo-Chien, L50|100\/100\n|-ability|p1a: Wo-Chien|Tablets of Ruin\n|turn|11\n|\n|t:|1682441575\n|move|p1a: Wo-Chien|Protect|p1a: Wo-Chien\n|-singleturn|p1a: Wo-Chien|Protect\n|move|p2a: Iron Hands|Fake Out|p1b: Ting-Lu\n|-damage|p1b: Ting-Lu|0 fnt\n|faint|p1b: Ting-Lu\n|move|p2b: Gyarados|Tera Blast|p1a: Wo-Chien\n|-activate|p1a: Wo-Chien|move: Protect\n|\n|upkeep\n|\n|t:|1682441580\n|switch|p1b: Rotom|Rotom-Wash, L50|34\/100\n|turn|12\n|\n|t:|1682441595\n|move|p2b: Gyarados|Tera Blast|p1a: Wo-Chien\n|-supereffective|p1a: Wo-Chien\n|-damage|p1a: Wo-Chien|0 fnt\n|faint|p1a: Wo-Chien\n|move|p1b: Rotom|Thunderbolt|p2b: Gyarados\n|-supereffective|p2b: Gyarados\n|-damage|p2b: Gyarados|0 fnt\n|faint|p2b: Gyarados\n|move|p2a: Iron Hands|Drain Punch|p1b: Rotom\n|-damage|p1b: Rotom|0 fnt\n|-heal|p2a: Iron Hands|77\/100|[from] drain|[of] p1b: Rotom\n|faint|p1b: Rotom\n|\n|win|Pierre113\n|raw|sneedchungus69's rating: 1492 → 1476<\/strong> (-16 for losing)\n|raw|Pierre113's rating: 1569 → 1585<\/strong> (+16 for winning)\n","uploadtime":1682441611,"views":6,"p1id":"sneedchungus69","p2id":"pierre113","formatid":"gen9vgc2023regulationc","rating":1476,"private":0,"password":""}