{"id":"gen9vgc2023regulationc-1863303101","p1":"revocolombia","p2":"nwaggie","format":"[Gen 9] VGC 2023 Regulation C","log":"|j|\u2606revocolombia\n|j|\u2606nwaggie\n|t:|1684000033\n|gametype|doubles\n|player|p1|revocolombia|pokemonranger-gen4|1261\n|player|p2|nwaggie|170|1219\n|teamsize|p1|6\n|teamsize|p2|6\n|gen|9\n|tier|[Gen 9] VGC 2023 Regulation C\n|rated|\n|rule|Species Clause: Limit one of each Pok\u00e9mon\n|rule|Item Clause: Limit one of each item\n|clearpoke\n|poke|p1|Flutter Mane, L50|\n|poke|p1|Annihilape, L50, F|\n|poke|p1|Dragonite, L50, F|\n|poke|p1|Chien-Pao, L50|\n|poke|p1|Murkrow, L50, M|\n|poke|p1|Gholdengo, L50|\n|poke|p2|Tyranitar, L50, M|\n|poke|p2|Ting-Lu, L50|\n|poke|p2|Lycanroc, L50, F|\n|poke|p2|Murkrow, L50, F|\n|poke|p2|Gholdengo, L50|\n|poke|p2|Volcarona, L50, F|\n|teampreview|4\nnwaggie has agreed to open team sheets.\n|inactive|Battle timer is ON: inactive players will automatically lose when time's up. (requested by nwaggie)\n|inactive|revocolombia has 60 seconds left.\n|\n|t:|1684000085\n|start\n|switch|p1a: Annihilape|Annihilape, L50, F|100\/100\n|switch|p1b: Gholdengo|Gholdengo, L50|100\/100\n|switch|p2a: Murkrow|Murkrow, L50, F|100\/100\n|switch|p2b: Gholdengo|Gholdengo, L50|100\/100\n|turn|1\n|inactive|revocolombia has 30 seconds left.\n|\n|t:|1684000116\n|-terastallize|p1b: Gholdengo|Water\n|move|p2b: Gholdengo|Shadow Ball|p1a: Annihilape\n|-supereffective|p1a: Annihilape\n|-damage|p1a: Annihilape|36\/100\n|-unboost|p1a: Annihilape|spd|1\n|-ability|p1a: Annihilape|Defiant|boost\n|-boost|p1a: Annihilape|atk|2\n|move|p1b: Gholdengo|Shadow Ball|p2b: Gholdengo\n|-supereffective|p2b: Gholdengo\n|-crit|p2b: Gholdengo\n|-damage|p2b: Gholdengo|0 fnt\n|faint|p2b: Gholdengo\n|-damage|p1b: Gholdengo|91\/100|[from] item: Life Orb\n|move|p1a: Annihilape|Bulk Up|p1a: Annihilape\n|-boost|p1a: Annihilape|atk|1\n|-boost|p1a: Annihilape|def|1\n|move|p2a: Murkrow|Brave Bird|p1a: Annihilape\n|-supereffective|p1a: Annihilape\n|-damage|p1a: Annihilape|0 fnt\n|faint|p1a: Annihilape\n|-damage|p2a: Murkrow|86\/100|[from] Recoil\n|\n|upkeep\n|\n|t:|1684000139\n|switch|p2b: Ting-Lu|Ting-Lu, L50|100\/100\n|switch|p1a: Chien-Pao|Chien-Pao, L50|100\/100\n|-ability|p1a: Chien-Pao|Sword of Ruin\n|-ability|p2b: Ting-Lu|Vessel of Ruin\n|turn|2\n|\n|t:|1684000156\n|move|p2a: Murkrow|Tailwind|p2a: Murkrow\n|-sidestart|p2: nwaggie|move: Tailwind\n|move|p1a: Chien-Pao|Ice Spinner|p2b: Ting-Lu\n|-supereffective|p2b: Ting-Lu\n|-damage|p2b: Ting-Lu|38\/100\n|move|p2b: Ting-Lu|Heavy Slam|p1a: Chien-Pao\n|-supereffective|p1a: Chien-Pao\n|-damage|p1a: Chien-Pao|20\/100\n|move|p1b: Gholdengo|Thunderbolt|p2a: Murkrow\n|-supereffective|p2a: Murkrow\n|-damage|p2a: Murkrow|5\/100\n|-damage|p1b: Gholdengo|81\/100|[from] item: Life Orb\n|\n|upkeep\n|turn|3\n|\n|t:|1684000179\n|switch|p2a: Tyranitar|Tyranitar, L50, M|100\/100\n|-weather|Sandstorm|[from] ability: Sand Stream|[of] p2a: Tyranitar\n|move|p1a: Chien-Pao|Ice Spinner|p2b: Ting-Lu\n|-supereffective|p2b: Ting-Lu\n|-damage|p2b: Ting-Lu|0 fnt\n|faint|p2b: Ting-Lu\n|move|p1b: Gholdengo|Make It Rain|p2a: Tyranitar\n|-supereffective|p2a: Tyranitar\n|-damage|p2a: Tyranitar|5\/100\n|-unboost|p1b: Gholdengo|spa|1\n|-damage|p1b: Gholdengo|71\/100|[from] item: Life Orb\n|\n|-weather|Sandstorm|[upkeep]\n|-damage|p1a: Chien-Pao|14\/100|[from] Sandstorm\n|-damage|p1b: Gholdengo|65\/100|[from] Sandstorm\n|upkeep\n|\n|t:|1684000187\n|switch|p2b: Murkrow|Murkrow, L50, F|5\/100\n|turn|4\n|\n|t:|1684000203\n|move|p1a: Chien-Pao|Ice Shard|p2b: Murkrow\n|-supereffective|p2b: Murkrow\n|-damage|p2b: Murkrow|0 fnt\n|faint|p2b: Murkrow\n|move|p2a: Tyranitar|Rock Slide|p1a: Chien-Pao|[spread] p1a,p1b\n|-supereffective|p1a: Chien-Pao\n|-crit|p1b: Gholdengo\n|-damage|p1a: Chien-Pao|0 fnt\n|-damage|p1b: Gholdengo|0 fnt\n|faint|p1a: Chien-Pao\n|faint|p1b: Gholdengo\n|\n|-weather|Sandstorm|[upkeep]\n|upkeep\n|\n|t:|1684000218\n|switch|p1b: Dragonite|Dragonite, L50, F|100\/100\n|turn|5\n|\n|t:|1684000222\n|move|p1b: Dragonite|Extreme Speed|p2a: Tyranitar\n|-resisted|p2a: Tyranitar\n|-damage|p2a: Tyranitar|0 fnt\n|faint|p2a: Tyranitar\n|\n|win|revocolombia\n|raw|revocolombia's rating: 1261 → 1283<\/strong> (+22 for winning)\n|raw|nwaggie's rating: 1219 → 1197<\/strong> (-22 for losing)\n|l|\u2606nwaggie\n","uploadtime":1684000230,"views":6,"p1id":"revocolombia","p2id":"nwaggie","formatid":"gen9vgc2023regulationc","rating":1197,"private":0,"password":""}