{"id":"gen9vgc2023regulationc-1850875942","p1":"RamonTheKiller","p2":"AlphaWolf67","format":"[Gen 9] VGC 2023 Regulation C","log":"|j|\u2606RamonTheKiller\n|j|\u2606AlphaWolf67\n|t:|1682377152\n|gametype|doubles\n|player|p1|RamonTheKiller|265|1042\n|player|p2|AlphaWolf67|n|1086\n|teamsize|p1|6\n|teamsize|p2|6\n|gen|9\n|tier|[Gen 9] VGC 2023 Regulation C\n|rated|\n|rule|Species Clause: Limit one of each Pok\u00e9mon\n|rule|Item Clause: Limit one of each item\n|clearpoke\n|poke|p1|Ting-Lu, L50|\n|poke|p1|Corviknight, L50, M|\n|poke|p1|Gyarados, L50, F|\n|poke|p1|Amoonguss, L50, M|\n|poke|p1|Maushold-Four, L50|\n|poke|p1|Dragonite, L50, M|\n|poke|p2|Torkoal, L50, M|\n|poke|p2|Indeedee-F, L50, F|\n|poke|p2|Iron Hands, L50|\n|poke|p2|Arboliva, L50, F|\n|poke|p2|Tyranitar, L50, F|\n|poke|p2|Hatterene, L50, F|\n|teampreview|4\n|\n|t:|1682377182\n|start\n|switch|p1a: Ting-Lu|Ting-Lu, L50|100\/100\n|switch|p1b: Maushold|Maushold-Four, L50|100\/100\n|switch|p2a: Indeedee|Indeedee-F, L50, F|100\/100\n|switch|p2b: Hatterene|Hatterene, L50, F|100\/100\n|-fieldstart|move: Psychic Terrain|[from] ability: Psychic Surge|[of] p2a: Indeedee\n|-ability|p1a: Ting-Lu|Vessel of Ruin\n|turn|1\n|\n|t:|1682377213\n|-terastallize|p1a: Ting-Lu|Fire\n|move|p1b: Maushold|Protect|p1b: Maushold\n|-singleturn|p1b: Maushold|Protect\n|move|p2a: Indeedee|Dazzling Gleam|p1b: Maushold|[spread] p1a\n|-activate|p1b: Maushold|move: Protect\n|-resisted|p1a: Ting-Lu\n|-damage|p1a: Ting-Lu|98\/100\n|move|p1a: Ting-Lu|Substitute|p1a: Ting-Lu\n|-start|p1a: Ting-Lu|Substitute\n|-damage|p1a: Ting-Lu|73\/100\n|move|p2b: Hatterene|Trick Room|p2b: Hatterene\n|-fieldstart|move: Trick Room|[of] p2b: Hatterene\n|\n|-heal|p1a: Ting-Lu|79\/100|[from] item: Leftovers\n|upkeep\n|turn|2\n|\n|t:|1682377243\n|switch|p2a: Tyranitar|Tyranitar, L50, F|100\/100\n|-weather|Sandstorm|[from] ability: Sand Stream|[of] p2a: Tyranitar\n|move|p1b: Maushold|Helping Hand|p1a: Ting-Lu\n|-singleturn|p1a: Ting-Lu|Helping Hand|[of] p1b: Maushold\n|move|p2b: Hatterene|Psyshock|p1b: Maushold\n|-damage|p1b: Maushold|45\/100\n|-damage|p2b: Hatterene|91\/100|[from] item: Life Orb\n|move|p1a: Ting-Lu|Body Press|p2a: Tyranitar\n|-supereffective|p2a: Tyranitar\n|-damage|p2a: Tyranitar|0 fnt\n|faint|p2a: Tyranitar\n|\n|-weather|Sandstorm|[upkeep]\n|-damage|p2b: Hatterene|85\/100|[from] Sandstorm\n|-damage|p1a: Ting-Lu|73\/100|[from] Sandstorm\n|-damage|p1b: Maushold|39\/100|[from] Sandstorm\n|-heal|p1a: Ting-Lu|79\/100|[from] item: Leftovers\n|upkeep\n|\n|t:|1682377260\n|switch|p2a: Torkoal|Torkoal, L50, M|100\/100\n|-weather|SunnyDay|[from] ability: Drought|[of] p2a: Torkoal\n|turn|3\n|\n|t:|1682377282\n|move|p1b: Maushold|Protect|p1b: Maushold\n|-singleturn|p1b: Maushold|Protect\n|move|p2a: Torkoal|Earth Power|p1a: Ting-Lu\n|-supereffective|p1a: Ting-Lu\n|-end|p1a: Ting-Lu|Substitute\n|move|p2b: Hatterene|Dazzling Gleam|p1b: Maushold|[spread] p1a\n|-activate|p1b: Maushold|move: Protect\n|-resisted|p1a: Ting-Lu\n|-crit|p1a: Ting-Lu\n|-damage|p1a: Ting-Lu|62\/100\n|-damage|p2b: Hatterene|75\/100|[from] item: Life Orb\n|move|p1a: Ting-Lu|Earth Power|p2a: Torkoal\n|-supereffective|p2a: Torkoal\n|-damage|p2a: Torkoal|46\/100\n|\n|-weather|SunnyDay|[upkeep]\n|-heal|p1a: Ting-Lu|68\/100|[from] item: Leftovers\n|upkeep\n|turn|4\n|\n|t:|1682377314\n|switch|p1a: Gyarados|Gyarados, L50, F|100\/100\n|-ability|p1a: Gyarados|Intimidate|boost\n|-unboost|p2a: Torkoal|atk|1\n|-unboost|p2b: Hatterene|atk|1\n|-terastallize|p2b: Hatterene|Fire\n|move|p1b: Maushold|Follow Me|p1b: Maushold\n|-singleturn|p1b: Maushold|move: Follow Me\n|move|p2a: Torkoal|Earth Power|p1b: Maushold\n|-damage|p1b: Maushold|12\/100\n|move|p2b: Hatterene|Psyshock|p1b: Maushold\n|-damage|p1b: Maushold|0 fnt\n|faint|p1b: Maushold\n|-damage|p2b: Hatterene|65\/100|[from] item: Life Orb\n|\n|-weather|SunnyDay|[upkeep]\n|upkeep\n|\n|t:|1682377329\n|switch|p1b: Ting-Lu|Ting-Lu, L50, tera:Fire|68\/100\n|-ability|p1b: Ting-Lu|Vessel of Ruin\n|turn|5\n|\n|t:|1682377345\n|move|p1b: Ting-Lu|Protect|p1b: Ting-Lu\n|-singleturn|p1b: Ting-Lu|Protect\n|move|p2a: Torkoal|Earth Power|p1b: Ting-Lu\n|-activate|p1b: Ting-Lu|move: Protect\n|move|p1a: Gyarados|Taunt|p2b: Hatterene\n|move|p2b: Hatterene|Taunt|p1a: Gyarados|[from]ability: Magic Bounce\n|-start|p1a: Gyarados|move: Taunt\n|move|p2b: Hatterene|Trick Room|p2b: Hatterene\n|-fieldend|move: Trick Room\n|\n|-weather|SunnyDay|[upkeep]\n|-heal|p1b: Ting-Lu|75\/100|[from] item: Leftovers\n|-fieldend|move: Psychic Terrain\n|upkeep\n|turn|6\n|inactive|Battle timer is ON: inactive players will automatically lose when time's up. (requested by AlphaWolf67)\n|\n|t:|1682377368\n|move|p1a: Gyarados|Waterfall|p2b: Hatterene\n|-supereffective|p2b: Hatterene\n|-damage|p2b: Hatterene|21\/100\n|move|p1b: Ting-Lu|Earth Power|p2a: Torkoal\n|-supereffective|p2a: Torkoal\n|-damage|p2a: Torkoal|0 fnt\n|faint|p2a: Torkoal\n|move|p2b: Hatterene|Trick Room|p2b: Hatterene\n|-fieldstart|move: Trick Room|[of] p2b: Hatterene\n|\n|-weather|SunnyDay|[upkeep]\n|-heal|p1b: Ting-Lu|81\/100|[from] item: Leftovers\n|upkeep\n|\n|t:|1682377373\n|switch|p2a: Indeedee|Indeedee-F, L50, F|100\/100\n|-fieldstart|move: Psychic Terrain|[from] ability: Psychic Surge|[of] p2a: Indeedee\n|turn|7\n|\n|t:|1682377389\n|move|p2a: Indeedee|Follow Me|p2a: Indeedee\n|-singleturn|p2a: Indeedee|move: Follow Me\n|move|p2b: Hatterene|Psyshock|p1b: Ting-Lu\n|-damage|p1b: Ting-Lu|54\/100\n|-damage|p2b: Hatterene|11\/100|[from] item: Life Orb\n|move|p1b: Ting-Lu|Body Press|p2a: Indeedee\n|-damage|p2a: Indeedee|71\/100\n|move|p1a: Gyarados|Waterfall|p2a: Indeedee\n|-damage|p2a: Indeedee|50\/100\n|\n|-weather|none\n|-heal|p1b: Ting-Lu|60\/100|[from] item: Leftovers\n|upkeep\n|turn|8\n|\n|t:|1682377411\n|move|p2a: Indeedee|Helping Hand|p2b: Hatterene\n|-singleturn|p2b: Hatterene|Helping Hand|[of] p2a: Indeedee\n|move|p2b: Hatterene|Dazzling Gleam|p1b: Ting-Lu|[spread] p1a,p1b\n|-resisted|p1b: Ting-Lu\n|-damage|p1a: Gyarados|44\/100\n|-damage|p1b: Ting-Lu|38\/100\n|-damage|p2b: Hatterene|2\/100|[from] item: Life Orb\n|move|p1b: Ting-Lu|Body Press|p2a: Indeedee\n|-damage|p2a: Indeedee|21\/100\n|move|p1a: Gyarados|Waterfall|p2a: Indeedee\n|-damage|p2a: Indeedee|0 fnt\n|faint|p2a: Indeedee\n|\n|-heal|p1b: Ting-Lu|44\/100|[from] item: Leftovers\n|-end|p1a: Gyarados|move: Taunt\n|upkeep\n|turn|9\n|\n|t:|1682377430\n|move|p2b: Hatterene|Dazzling Gleam|p1a: Gyarados|[spread] p1a,p1b\n|-resisted|p1b: Ting-Lu\n|-damage|p1a: Gyarados|6\/100\n|-damage|p1b: Ting-Lu|31\/100\n|-damage|p2b: Hatterene|0 fnt|[from] item: Life Orb\n|faint|p2b: Hatterene\n|\n|win|RamonTheKiller\n|raw|RamonTheKiller's rating: 1042 → 1080<\/strong> (+38 for winning)\n|raw|AlphaWolf67's rating: 1086 → 1060<\/strong> (-26 for losing)\n|l|\u2606AlphaWolf67\n","uploadtime":1682377440,"views":12,"p1id":"ramonthekiller","p2id":"alphawolf67","formatid":"gen9vgc2023regulationc","rating":1060,"private":0,"password":""}