{"id":"gen9vgc2023regulationc-1855337452","p1":"Ytterby","p2":"fuuuuuuuuuunnn","format":"[Gen 9] VGC 2023 Regulation C","log":"|j|\u2606Ytterby\n|j|\u2606fuuuuuuuuuunnn\n|t:|1682939408\n|gametype|doubles\n|player|p1|Ytterby|169|1130\n|player|p2|fuuuuuuuuuunnn|juggler|1077\n|teamsize|p1|6\n|teamsize|p2|6\n|gen|9\n|tier|[Gen 9] VGC 2023 Regulation C\n|rated|\n|rule|Species Clause: Limit one of each Pok\u00e9mon\n|rule|Item Clause: Limit one of each item\n|clearpoke\n|poke|p1|Flutter Mane, L50|\n|poke|p1|Arcanine, L50, F|\n|poke|p1|Torkoal, L50, M|\n|poke|p1|Maushold, L50|\n|poke|p1|Annihilape, L50, M|\n|poke|p1|Noivern, L50, F|\n|poke|p2|Armarouge, L50, F|\n|poke|p2|Indeedee-F, L50, F|\n|poke|p2|Clawitzer, L50, F|\n|poke|p2|Hydreigon, L50, F|\n|poke|p2|Flutter Mane, L50|\n|poke|p2|Amoonguss, L50, F|\n|teampreview|4\n|inactive|Battle timer is ON: inactive players will automatically lose when time's up. (requested by fuuuuuuuuuunnn)\nfuuuuuuuuuunnn rejected open team sheets.\n|inactive|Ytterby has 60 seconds left.\n|\n|t:|1682939457\n|start\n|switch|p1a: Annihilape|Annihilape, L50, M|100\/100\n|switch|p1b: Noivern|Noivern, L50, F|100\/100\n|switch|p2a: Amoonguss|Amoonguss, L50, F|100\/100\n|switch|p2b: Flutter Mane|Flutter Mane, L50|100\/100\n|-item|p2a: Amoonguss|Leftovers|[from] ability: Frisk|[of] p1b: Noivern|[identify]\n|-item|p2b: Flutter Mane|Life Orb|[from] ability: Frisk|[of] p1b: Noivern|[identify]\n|turn|1\n|\n|t:|1682939477\n|-terastallize|p1b: Noivern|Fire\n|move|p2a: Amoonguss|Rage Powder|p2a: Amoonguss\n|-singleturn|p2a: Amoonguss|move: Rage Powder\n|move|p1a: Annihilape|Bulldoze|p2a: Amoonguss|[spread] p1b,p2a,p2b\n|-supereffective|p1b: Noivern\n|-damage|p1b: Noivern|64\/100\n|-damage|p2a: Amoonguss|86\/100\n|-damage|p2b: Flutter Mane|68\/100\n|-unboost|p1b: Noivern|spe|1\n|-unboost|p2a: Amoonguss|spe|1\n|-unboost|p2b: Flutter Mane|spe|1\n|move|p2b: Flutter Mane|Icy Wind|p1a: Annihilape|[spread] p1a,p1b\n|-resisted|p1b: Noivern\n|-crit|p1b: Noivern\n|-damage|p1a: Annihilape|78\/100\n|-damage|p1b: Noivern|46\/100\n|-unboost|p1a: Annihilape|spe|1\n|-unboost|p1b: Noivern|spe|1\n|-damage|p2b: Flutter Mane|58\/100|[from] item: Life Orb\n|move|p1b: Noivern|Heat Wave|p2b: Flutter Mane|[spread] p2a,p2b\n|-supereffective|p2a: Amoonguss\n|-damage|p2a: Amoonguss|24\/100\n|-damage|p2b: Flutter Mane|24\/100\n|-status|p2b: Flutter Mane|brn\n|\n|-heal|p2a: Amoonguss|29\/100|[from] item: Leftovers\n|-damage|p2b: Flutter Mane|17\/100 brn|[from] brn\n|upkeep\n|turn|2\n|inactive|Ytterby has 30 seconds left.\n|inactive|fuuuuuuuuuunnn has 30 seconds left.\n|inactive|fuuuuuuuuuunnn has 20 seconds left.\n|inactive|fuuuuuuuuuunnn has 15 seconds left.\n|\n|t:|1682939521\n|move|p1b: Noivern|Protect|p1b: Noivern\n|-singleturn|p1b: Noivern|Protect\n|move|p1a: Annihilape|Bulldoze|p2a: Amoonguss|[spread] p2a,p2b\n|-activate|p1b: Noivern|move: Protect\n|-damage|p2a: Amoonguss|15\/100\n|-damage|p2b: Flutter Mane|0 fnt\n|-unboost|p2a: Amoonguss|spe|1\n|faint|p2b: Flutter Mane\n|-end|p2b: Flutter Mane|Protosynthesis|[silent]\n|move|p2a: Amoonguss|Pollen Puff|p1a: Annihilape\n|-resisted|p1a: Annihilape\n|-damage|p1a: Annihilape|71\/100\n|\n|-heal|p2a: Amoonguss|21\/100|[from] item: Leftovers\n|upkeep\n|\n|t:|1682939537\n|switch|p2b: Hydreigon|Hydreigon, L50, F|100\/100\n|turn|3\n|\n|t:|1682939554\n|switch|p1a: Arcanine|Arcanine, L50, F|100\/100\n|-ability|p1a: Arcanine|Intimidate|boost\n|-unboost|p2a: Amoonguss|atk|1\n|-unboost|p2b: Hydreigon|atk|1\n|switch|p2a: Clawitzer|Clawitzer, L50, F|100\/100\n|move|p2b: Hydreigon|Dark Pulse|p1a: Arcanine\n|-damage|p1a: Arcanine|34\/100\n|move|p1b: Noivern|Draco Meteor|p2b: Hydreigon\n|-supereffective|p2b: Hydreigon\n|-damage|p2b: Hydreigon|0 fnt\n|-unboost|p1b: Noivern|spa|2\n|faint|p2b: Hydreigon\n|\n|upkeep\n|\n|t:|1682939567\n|switch|p2b: Amoonguss|Amoonguss, L50, F|54\/100\n|turn|4\n|\n|t:|1682939589\n|switch|p1b: Annihilape|Annihilape, L50, M|71\/100\n|move|p2a: Clawitzer|Water Pulse|p1a: Arcanine\n|-supereffective|p1a: Arcanine\n|-damage|p1a: Arcanine|0 fnt\n|faint|p1a: Arcanine\n|move|p2b: Amoonguss|Spore|p1b: Annihilape\n|-status|p1b: Annihilape|slp|[from] move: Spore\n|\n|-heal|p2b: Amoonguss|60\/100|[from] item: Leftovers\n|upkeep\n|inactive|Ytterby has 30 seconds left.\n|\n|t:|1682939615\n|switch|p1a: Torkoal|Torkoal, L50, M|100\/100\n|-weather|SunnyDay|[from] ability: Drought|[of] p1a: Torkoal\n|turn|5\n|\n|t:|1682939628\n|-terastallize|p2a: Clawitzer|Water\n|cant|p1b: Annihilape|slp\n|move|p2a: Clawitzer|Water Pulse|p1a: Torkoal\n|-supereffective|p1a: Torkoal\n|-damage|p1a: Torkoal|57\/100\n|move|p2b: Amoonguss|Spore|p1a: Torkoal\n|-status|p1a: Torkoal|slp|[from] move: Spore\n|cant|p1a: Torkoal|slp\n|\n|-weather|SunnyDay|[upkeep]\n|-heal|p2b: Amoonguss|66\/100|[from] item: Leftovers\n|upkeep\n|turn|6\n|\n|t:|1682939645\n|cant|p1b: Annihilape|slp\n|move|p2a: Clawitzer|Water Pulse|p1a: Torkoal\n|-supereffective|p1a: Torkoal\n|-damage|p1a: Torkoal|4\/100 slp\n|move|p2b: Amoonguss|Giga Drain|p1b: Annihilape\n|-damage|p1b: Annihilape|35\/100 slp\n|-heal|p2b: Amoonguss|81\/100|[from] drain|[of] p1b: Annihilape\n|-curestatus|p1a: Torkoal|slp|[msg]\n|move|p1a: Torkoal|Solar Beam||[still]\n|-prepare|p1a: Torkoal|Solar Beam\n|-anim|p1a: Torkoal|Solar Beam|p2a: Clawitzer\n|-supereffective|p2a: Clawitzer\n|-damage|p2a: Clawitzer|18\/100\n|\n|-weather|SunnyDay|[upkeep]\n|-heal|p2b: Amoonguss|87\/100|[from] item: Leftovers\n|upkeep\n|turn|7\n|inactive|Ytterby has 30 seconds left.\n|\n|t:|1682939678\n|-curestatus|p1b: Annihilape|slp|[msg]\n|move|p1b: Annihilape|Shadow Claw|p2a: Clawitzer\n|-damage|p2a: Clawitzer|0 fnt\n|faint|p2a: Clawitzer\n|move|p2b: Amoonguss|Pollen Puff|p2: Clawitzer|[notarget]\n|-fail|p2b: Amoonguss\n|move|p1a: Torkoal|Heat Wave|p2b: Amoonguss\n|-supereffective|p2b: Amoonguss\n|-damage|p2b: Amoonguss|0 fnt\n|faint|p2b: Amoonguss\n|\n|win|Ytterby\n|raw|Ytterby's rating: 1130 → 1151<\/strong> (+21 for winning)\n|raw|fuuuuuuuuuunnn's rating: 1077 → 1059<\/strong> (-18 for losing)\n|l|\u2606fuuuuuuuuuunnn\n","uploadtime":1682939694,"views":21,"p1id":"ytterby","p2id":"fuuuuuuuuuunnn","formatid":"gen9vgc2023regulationc","rating":1059,"private":0,"password":""}