{"id":"gen9vgc2023regulationc-1845082144","p1":"That_Leek","p2":"clegge7","format":"[Gen 9] VGC 2023 Regulation C","log":"|j|\u2606That_Leek\n|j|\u2606clegge7\n|t:|1681681447\n|gametype|doubles\n|player|p1|That_Leek|blue|1306\n|player|p2|clegge7|2|1299\n|teamsize|p1|6\n|teamsize|p2|6\n|gen|9\n|tier|[Gen 9] VGC 2023 Regulation C\n|rated|\n|rule|Species Clause: Limit one of each Pok\u00e9mon\n|rule|Item Clause: Limit one of each item\n|clearpoke\n|poke|p1|Tyranitar, L50, M|\n|poke|p1|Gothitelle, L50, M|\n|poke|p1|Gholdengo, L50|\n|poke|p1|Amoonguss, L50, F|\n|poke|p1|Azumarill, L50, M|\n|poke|p1|Arcanine, L50, F|\n|poke|p2|Flutter Mane, L50|\n|poke|p2|Palafin, L50, F|\n|poke|p2|Arcanine, L50, M|\n|poke|p2|Amoonguss, L50, F|\n|poke|p2|Ting-Lu, L50|\n|poke|p2|Dragonite, L50, F|\n|teampreview|4\n|inactive|Battle timer is ON: inactive players will automatically lose when time's up. (requested by clegge7)\nclegge7 has agreed to open team sheets.\nThat_Leek has agreed to open team sheets.\n|inactive|That_Leek has 60 seconds left.\n|inactive|clegge7 has 60 seconds left.\n|\n|t:|1681681495\n|start\n|switch|p1a: Arcanine|Arcanine, L50, F|100\/100\n|switch|p1b: Gothitelle|Gothitelle, L50, M|100\/100\n|switch|p2a: Ting-Lu|Ting-Lu, L50|100\/100\n|switch|p2b: Palafin|Palafin, L50, F|100\/100\n|-ability|p1a: Arcanine|Intimidate|boost\n|-unboost|p2a: Ting-Lu|atk|1\n|-unboost|p2b: Palafin|atk|1\n|-ability|p2a: Ting-Lu|Vessel of Ruin\n|turn|1\n|inactive|clegge7 has 30 seconds left.\n|\n|t:|1681681525\n|-terastallize|p2b: Palafin|Water\n|move|p1b: Gothitelle|Fake Out|p2a: Ting-Lu\n|-damage|p2a: Ting-Lu|97\/100\n|move|p1a: Arcanine|Will-O-Wisp|p2b: Palafin\n|-status|p2b: Palafin|brn\n|move|p2b: Palafin|Wave Crash|p1a: Arcanine\n|-supereffective|p1a: Arcanine\n|-damage|p1a: Arcanine|53\/100\n|-damage|p2b: Palafin|87\/100 brn|[from] Recoil\n|cant|p2a: Ting-Lu|flinch\n|\n|-damage|p2b: Palafin|81\/100 brn|[from] brn\n|upkeep\n|turn|2\n|\n|t:|1681681537\n|move|p1a: Arcanine|Will-O-Wisp|p2a: Ting-Lu|[miss]\n|-miss|p1a: Arcanine|p2a: Ting-Lu\n|move|p2b: Palafin|Haze|p2b: Palafin\n|-clearallboost\n|move|p2a: Ting-Lu|Stomping Tantrum|p1a: Arcanine\n|-supereffective|p1a: Arcanine\n|-damage|p1a: Arcanine|0 fnt\n|faint|p1a: Arcanine\n|move|p1b: Gothitelle|Trick Room|p1b: Gothitelle\n|-fieldstart|move: Trick Room|[of] p1b: Gothitelle\n|\n|-damage|p2b: Palafin|75\/100 brn|[from] brn\n|upkeep\n|\n|t:|1681681540\n|switch|p1a: Azumarill|Azumarill, L50, M|100\/100\n|turn|3\n|inactive|clegge7 has 30 seconds left.\n|\n|t:|1681681570\n|move|p1a: Azumarill|Liquidation|p2a: Ting-Lu\n|-supereffective|p2a: Ting-Lu\n|-damage|p2a: Ting-Lu|40\/100\n|move|p2a: Ting-Lu|Stomping Tantrum|p1b: Gothitelle\n|-damage|p1b: Gothitelle|69\/100\n|move|p1b: Gothitelle|Psychic|p2b: Palafin\n|-damage|p2b: Palafin|46\/100 brn\n|move|p2b: Palafin|Wave Crash|p1b: Gothitelle\n|-damage|p1b: Gothitelle|39\/100\n|-enditem|p1b: Gothitelle|Sitrus Berry|[eat]\n|-heal|p1b: Gothitelle|64\/100|[from] item: Sitrus Berry\n|-damage|p2b: Palafin|38\/100 brn|[from] Recoil\n|\n|-damage|p2b: Palafin|32\/100 brn|[from] brn\n|upkeep\n|turn|4\n|\n|t:|1681681587\n|move|p1b: Gothitelle|Protect|p1b: Gothitelle\n|-singleturn|p1b: Gothitelle|Protect\n|move|p1a: Azumarill|Liquidation|p2a: Ting-Lu\n|-supereffective|p2a: Ting-Lu\n|-damage|p2a: Ting-Lu|0 fnt\n|faint|p2a: Ting-Lu\n|move|p2b: Palafin|Wave Crash|p1b: Gothitelle\n|-activate|p1b: Gothitelle|move: Protect\n|\n|-damage|p2b: Palafin|27\/100 brn|[from] brn\n|upkeep\n|\n|t:|1681681590\n|switch|p2a: Arcanine|Arcanine, L50, M|100\/100\n|-ability|p2a: Arcanine|Intimidate|boost\n|-unboost|p1a: Azumarill|atk|1\n|-unboost|p1b: Gothitelle|atk|1\n|turn|5\n|\n|t:|1681681603\n|move|p1a: Azumarill|Protect|p1a: Azumarill\n|-singleturn|p1a: Azumarill|Protect\n|move|p2a: Arcanine|Protect|p2a: Arcanine\n|-singleturn|p2a: Arcanine|Protect\n|move|p1b: Gothitelle|Psychic|p2b: Palafin\n|-damage|p2b: Palafin|0 fnt\n|faint|p2b: Palafin\n|\n|upkeep\n|\n|t:|1681681610\n|switch|p2b: Flutter Mane|Flutter Mane, L50|100\/100\n|turn|6\n|\n|t:|1681681624\n|move|p2a: Arcanine|Extreme Speed|p1b: Gothitelle\n|-damage|p1b: Gothitelle|39\/100\n|move|p1a: Azumarill|Perish Song|p1a: Azumarill\n|-start|p1a: Azumarill|perish3|[silent]\n|-start|p1b: Gothitelle|perish3|[silent]\n|-start|p2a: Arcanine|perish3|[silent]\n|-start|p2b: Flutter Mane|perish3|[silent]\n|-fieldactivate|move: Perish Song\n|move|p1b: Gothitelle|Psychic|p2b: Flutter Mane\n|-damage|p2b: Flutter Mane|72\/100\n|move|p2b: Flutter Mane|Dazzling Gleam|p1a: Azumarill|[spread] p1a,p1b\n|-damage|p1a: Azumarill|52\/100\n|-damage|p1b: Gothitelle|2\/100\n|\n|-heal|p1a: Azumarill|58\/100|[from] item: Leftovers\n|-start|p1a: Azumarill|perish3\n|-start|p1b: Gothitelle|perish3\n|-start|p2a: Arcanine|perish3\n|-start|p2b: Flutter Mane|perish3\n|-fieldend|move: Trick Room\n|upkeep\n|turn|7\n|\n|t:|1681681641\n|move|p1b: Gothitelle|Protect|p1b: Gothitelle\n|-singleturn|p1b: Gothitelle|Protect\n|move|p2b: Flutter Mane|Dazzling Gleam|p1a: Azumarill|[spread] p1a\n|-activate|p1b: Gothitelle|move: Protect\n|-damage|p1a: Azumarill|6\/100\n|move|p2a: Arcanine|Will-O-Wisp|p1a: Azumarill|[miss]\n|-miss|p2a: Arcanine|p1a: Azumarill\n|move|p1a: Azumarill|Liquidation|p2a: Arcanine\n|-supereffective|p2a: Arcanine\n|-damage|p2a: Arcanine|24\/100\n|-enditem|p2a: Arcanine|Sitrus Berry|[eat]\n|-heal|p2a: Arcanine|48\/100|[from] item: Sitrus Berry\n|\n|-heal|p1a: Azumarill|12\/100|[from] item: Leftovers\n|-start|p2b: Flutter Mane|perish2\n|-start|p2a: Arcanine|perish2\n|-start|p1b: Gothitelle|perish2\n|-start|p1a: Azumarill|perish2\n|upkeep\n|turn|8\n|-message|clegge7 forfeited.\n|\n|win|That_Leek\n|raw|That_Leek's rating: 1306 → 1326<\/strong> (+20 for winning)\n|raw|clegge7's rating: 1299 → 1275<\/strong> (-24 for losing)\n|l|\u2606clegge7\n","uploadtime":1681681657,"views":7,"p1id":"thatleek","p2id":"clegge7","formatid":"gen9vgc2023regulationc","rating":1275,"private":0,"password":""}