{"id":"gen9vgc2023regulationc-1846668419","p1":"PTP_VGC","p2":"Pasodoble","format":"[Gen 9] VGC 2023 Regulation C","log":"|j|\u2606PTP_VGC\n|j|\u2606Pasodoble\n|t:|1681863714\n|gametype|doubles\n|player|p1|PTP_VGC|biker-gen4|\n|player|p2|Pasodoble|102|\n|teamsize|p1|6\n|teamsize|p2|6\n|gen|9\n|tier|[Gen 9] VGC 2023 Regulation C\n|rated|Tournament battle\n|rule|Species Clause: Limit one of each Pok\u00e9mon\n|rule|Item Clause: Limit one of each item\n|clearpoke\n|poke|p1|Chien-Pao, L50|\n|poke|p1|Hawlucha, L50, F|\n|poke|p1|Indeedee-F, L50, F|\n|poke|p1|Dragapult, L50, M|\n|poke|p1|Palafin, L50, M|\n|poke|p1|Sandy Shocks, L50|\n|poke|p2|Abomasnow, L50, M|\n|poke|p2|Iron Bundle, L50|\n|poke|p2|Ceruledge, L50, M|\n|poke|p2|Staraptor, L50, F|\n|poke|p2|Iron Hands, L50|\n|poke|p2|Dragapult, L50, M|\n|teampreview|4\n|raw| Open Team Sheet for PTP_VGC<\/summary>Chien-Pao @ Focus Sash Ability: Sword of Ruin Level: 50 Tera Type: Dark - Throat Chop - Ice Spinner - Haze - Protect Hawlucha @ Psychic Seed Ability: Unburden Level: 50 Tera Type: Steel - Flying Press - Acrobatics - Swords Dance - Detect Indeedee (Indeedee-F) (F) @ Safety Goggles Ability: Psychic Surge Level: 50 Tera Type: Fairy - Follow Me - Psychic - Heal Pulse - Protect Dragapult @ Choice Band Ability: Clear Body Level: 50 Tera Type: Fire - Dragon Darts - Phantom Force - U-turn - Tera Blast Palafin @ Eject Pack Ability: Zero to Hero Level: 50 Tera Type: Water - Wave Crash - Jet Punch - Close Combat - Protect Sandy Shocks @ Booster Energy Ability: Protosynthesis Level: 50 Tera Type: Grass - Thunderbolt - Earth Power - Tera Blast - Protect <\/details><\/div> Open Team Sheet for Pasodoble<\/summary>Abomasnow @ Light Clay Ability: Snow Warning Level: 50 Tera Type: Water - Blizzard - Helping Hand - Leaf Storm - Aurora Veil Iron Bundle @ Choice Specs Ability: Quark Drive Level: 50 Tera Type: Ice - Blizzard - Freeze-Dry - Hydro Pump - Icy Wind Ceruledge @ Clear Amulet Ability: Flash Fire Level: 50 Tera Type: Grass - Protect - Bulk Up - Bitter Blade - Shadow Sneak Staraptor @ Choice Scarf Ability: Intimidate Level: 50 Tera Type: Flying - Brave Bird - Facade - U-turn - Close Combat Iron Hands @ Sitrus Berry Ability: Quark Drive Level: 50 Tera Type: Fire - Drain Punch - Wild Charge - Protect - Swords Dance Dragapult @ Choice Band Ability: Clear Body Level: 50 Tera Type: Dragon - Dragon Darts - U-turn - Phantom Force - Psychic Fangs <\/details><\/div>\n|inactive|Battle timer is ON: inactive players will automatically lose when time's up. (requested by PTP_VGC)\n|inactive|PTP_VGC has 60 seconds left.\n|inactive|Pasodoble has 60 seconds left.\n|\n|t:|1681863779\n|start\n|switch|p1a: Hawlucha|Hawlucha, L50, F|100\/100\n|switch|p1b: Indeedee|Indeedee-F, L50, F|100\/100\n|switch|p2a: Abomasnow|Abomasnow, L50, M|100\/100\n|switch|p2b: Iron Bundle|Iron Bundle, L50|100\/100\n|-fieldstart|move: Psychic Terrain|[from] ability: Psychic Surge|[of] p1b: Indeedee\n|-enditem|p1a: Hawlucha|Psychic Seed\n|-boost|p1a: Hawlucha|spd|1|[from] item: Psychic Seed\n|-weather|Snow|[from] ability: Snow Warning|[of] p2a: Abomasnow\n|turn|1\n|inactive|Pasodoble has 30 seconds left.\n|inactive|Pasodoble has 20 seconds left.\n|inactive|Pasodoble has 15 seconds left.\n|inactive|Pasodoble has 10 seconds left.\n|\n|t:|1681863828\n|-terastallize|p1a: Hawlucha|Steel\n|-terastallize|p2b: Iron Bundle|Ice\n|move|p1a: Hawlucha|Swords Dance|p1a: Hawlucha\n|-boost|p1a: Hawlucha|atk|2\n|move|p2b: Iron Bundle|Blizzard|p1b: Indeedee|[spread] p1a,p1b\n|-resisted|p1a: Hawlucha\n|-damage|p1a: Hawlucha|61\/100\n|-damage|p1b: Indeedee|15\/100\n|move|p1b: Indeedee|Psychic|p2b: Iron Bundle\n|-damage|p2b: Iron Bundle|26\/100\n|move|p2a: Abomasnow|Aurora Veil|p2a: Abomasnow\n|-sidestart|p2: Pasodoble|move: Aurora Veil\n|\n|-weather|Snow|[upkeep]\n|upkeep\n|turn|2\n|inactive|PTP_VGC has 30 seconds left.\n|\n|t:|1681863853\n|-end|p2b: Iron Bundle|Quark Drive|[silent]\n|switch|p2b: Ceruledge|Ceruledge, L50, M|100\/100\n|move|p1b: Indeedee|Protect|p1b: Indeedee\n|-singleturn|p1b: Indeedee|Protect\n|move|p1a: Hawlucha|Acrobatics|p2b: Ceruledge\n|-damage|p2b: Ceruledge|30\/100\n|move|p2a: Abomasnow|Blizzard|p1a: Hawlucha|[spread] p1a\n|-activate|p1b: Indeedee|move: Protect\n|-resisted|p1a: Hawlucha\n|-damage|p1a: Hawlucha|47\/100\n|\n|-weather|Snow|[upkeep]\n|upkeep\n|turn|3\n|j| CheezyTesting\n|\n|t:|1681863873\n|move|p2b: Ceruledge|Protect|p2b: Ceruledge\n|-singleturn|p2b: Ceruledge|Protect\n|move|p1b: Indeedee|Follow Me|p1b: Indeedee\n|-singleturn|p1b: Indeedee|move: Follow Me\n|move|p1a: Hawlucha|Acrobatics|p2a: Abomasnow\n|-supereffective|p2a: Abomasnow\n|-damage|p2a: Abomasnow|7\/100\n|move|p2a: Abomasnow|Blizzard|p1a: Hawlucha|[spread] p1a,p1b\n|-resisted|p1a: Hawlucha\n|-damage|p1a: Hawlucha|32\/100\n|-damage|p1b: Indeedee|0 fnt\n|faint|p1b: Indeedee\n|\n|-weather|Snow|[upkeep]\n|upkeep\n|\n|t:|1681863883\n|switch|p1b: Palafin|Palafin, L50, M|100\/100\n|turn|4\n|inactive|Pasodoble has 30 seconds left.\n|inactive|Pasodoble has 20 seconds left.\n|inactive|Pasodoble has 15 seconds left.\n|\n|t:|1681863924\n|move|p1a: Hawlucha|Acrobatics|p2b: Ceruledge\n|-damage|p2b: Ceruledge|0 fnt\n|faint|p2b: Ceruledge\n|move|p1b: Palafin|Close Combat|p2a: Abomasnow\n|-supereffective|p2a: Abomasnow\n|-damage|p2a: Abomasnow|0 fnt\n|-unboost|p1b: Palafin|def|1\n|-unboost|p1b: Palafin|spd|1\n|-enditem|p1b: Palafin|Eject Pack\n|faint|p2a: Abomasnow\n|\n|t:|1681863931\n|detailschange|p1b: Palafin|Palafin-Hero, L50, M\n|switch|p1b: Chien-Pao|Chien-Pao, L50|100\/100\n|-ability|p1b: Chien-Pao|Sword of Ruin\n|\n|-weather|Snow|[upkeep]\n|upkeep\n|\n|t:|1681863937\n|switch|p2b: Iron Bundle|Iron Bundle, L50, tera:Ice|26\/100\n|switch|p2a: Iron Hands|Iron Hands, L50|100\/100\n|turn|5\n|inactive|Pasodoble has 30 seconds left.\n|\n|t:|1681863965\n|move|p1a: Hawlucha|Acrobatics|p2b: Iron Bundle\n|-damage|p2b: Iron Bundle|0 fnt\n|faint|p2b: Iron Bundle\n|-end|p2b: Iron Bundle|Quark Drive|[silent]\n|move|p1b: Chien-Pao|Ice Spinner|p2a: Iron Hands\n|-damage|p2a: Iron Hands|79\/100\n|-fieldend|move: Psychic Terrain\n|move|p2a: Iron Hands|Drain Punch|p1a: Hawlucha\n|-supereffective|p1a: Hawlucha\n|-damage|p1a: Hawlucha|0 fnt\n|-heal|p2a: Iron Hands|90\/100|[from] drain|[of] p1a: Hawlucha\n|faint|p1a: Hawlucha\n|\n|-weather|none\n|upkeep\n|\n|t:|1681863973\n|switch|p1a: Palafin|Palafin-Hero, L50, M|100\/100\n|-activate|p1a: Palafin|ability: Zero to Hero\n|turn|6\n|\n|t:|1681863984\n|move|p1b: Chien-Pao|Protect|p1b: Chien-Pao\n|-singleturn|p1b: Chien-Pao|Protect\n|move|p1a: Palafin|Protect|p1a: Palafin\n|-singleturn|p1a: Palafin|Protect\n|move|p2a: Iron Hands|Protect||[still]\n|-fail|p2a: Iron Hands\n|\n|upkeep\n|turn|7\n|\n|t:|1681864002\n|move|p1b: Chien-Pao|Ice Spinner|p2a: Iron Hands\n|-damage|p2a: Iron Hands|67\/100\n|move|p1a: Palafin|Wave Crash|p2a: Iron Hands\n|-damage|p2a: Iron Hands|24\/100\n|-enditem|p2a: Iron Hands|Sitrus Berry|[eat]\n|-heal|p2a: Iron Hands|49\/100|[from] item: Sitrus Berry\n|-damage|p1a: Palafin|81\/100|[from] Recoil\n|move|p2a: Iron Hands|Wild Charge|p1a: Palafin\n|-supereffective|p1a: Palafin\n|-damage|p1a: Palafin|0 fnt\n|faint|p1a: Palafin\n|-damage|p2a: Iron Hands|34\/100|[from] Recoil\n|\n|upkeep\n|turn|8\n|\n|t:|1681864014\n|move|p1b: Chien-Pao|Protect|p1b: Chien-Pao\n|-singleturn|p1b: Chien-Pao|Protect\n|move|p2a: Iron Hands|Drain Punch|p1b: Chien-Pao\n|-activate|p1b: Chien-Pao|move: Protect\n|\n|-sideend|p2: Pasodoble|move: Aurora Veil\n|upkeep\n|turn|9\n|\n|t:|1681864018\n|move|p1b: Chien-Pao|Ice Spinner|p2a: Iron Hands\n|-damage|p2a: Iron Hands|0 fnt\n|faint|p2a: Iron Hands\n|-end|p2a: Iron Hands|Quark Drive|[silent]\n|\n|win|PTP_VGC\n|n|\u2606PTP_VGC|ptpvgc\n|n|\u2606Pasodoble|pasodoble\n|n| CheezyTesting|cheezytesting\n|l|\u2606Pasodoble\n","uploadtime":1681864026,"views":11,"p1id":"ptpvgc","p2id":"pasodoble","formatid":"gen9vgc2023regulationc","rating":0,"private":0,"password":""}