{"id":"gen9vgc2023regulationc-1855284042","p1":"Cemposer","p2":"Morlaye","format":"[Gen 9] VGC 2023 Regulation C","log":"|j|\u2606Cemposer\n|j|\u2606Morlaye\n|t:|1682929742\n|gametype|doubles\n|player|p1|Cemposer|grimsley|1353\n|player|p2|Morlaye|depotagent|1268\n|teamsize|p1|6\n|teamsize|p2|6\n|gen|9\n|tier|[Gen 9] VGC 2023 Regulation C\n|rated|\n|rule|Species Clause: Limit one of each Pok\u00e9mon\n|rule|Item Clause: Limit one of each item\n|clearpoke\n|poke|p1|Ting-Lu, L50|\n|poke|p1|Abomasnow, L50, F|\n|poke|p1|Flutter Mane, L50|\n|poke|p1|Iron Hands, L50|\n|poke|p1|Bronzong, L50|\n|poke|p1|Arcanine, L50, M|\n|poke|p2|Bronzong, L50|\n|poke|p2|Dragalge, L50, F|\n|poke|p2|Drednaw, L50, M|\n|poke|p2|Pelipper, L50, M|\n|poke|p2|Gastrodon-East, L50, F|\n|poke|p2|Gallade, L50, M|\n|teampreview|4\n|\n|t:|1682929814\n|start\n|switch|p1a: Flutter Mane|Flutter Mane, L50|100\/100\n|switch|p1b: Bronzong|Bronzong, L50|100\/100\n|switch|p2a: DinoNAH|Drednaw, L50, M|100\/100\n|switch|p2b: BankaiMan|Gallade, L50, M, shiny|100\/100\n|turn|1\n|inactive|Battle timer is ON: inactive players will automatically lose when time's up. (requested by Cemposer)\n|inactive|Cemposer has 60 seconds left.\n|\n|t:|1682929856\n|switch|p2b: NigelfromNemo|Pelipper, L50, M|100\/100\n|-weather|RainDance|[from] ability: Drizzle|[of] p2b: NigelfromNemo\n|move|p2a: DinoNAH|Waterfall|p1a: Flutter Mane\n|-damage|p1a: Flutter Mane|0 fnt\n|faint|p1a: Flutter Mane\n|-end|p1a: Flutter Mane|Protosynthesis|[silent]\n|-damage|p2a: DinoNAH|91\/100|[from] item: Life Orb\n|move|p1b: Bronzong|Trick Room|p1b: Bronzong\n|-fieldstart|move: Trick Room|[of] p1b: Bronzong\n|\n|-weather|RainDance|[upkeep]\n|upkeep\n|\n|t:|1682929871\n|switch|p1a: Iron Hands|Iron Hands, L50|100\/100\n|turn|2\n|inactive|Cemposer has 30 seconds left.\n|\n|t:|1682929904\n|-terastallize|p2a: DinoNAH|Grass\n|move|p2b: NigelfromNemo|Helping Hand|p2a: DinoNAH\n|-singleturn|p2a: DinoNAH|Helping Hand|[of] p2b: NigelfromNemo\n|move|p1b: Bronzong|Gyro Ball|p2a: DinoNAH\n|-damage|p2a: DinoNAH|30\/100\n|move|p1a: Iron Hands|Volt Switch|p2b: NigelfromNemo\n|-supereffective|p2b: NigelfromNemo\n|-damage|p2b: NigelfromNemo|27\/100\n|\n|t:|1682929914\n|-end|p1a: Iron Hands|Quark Drive|[silent]\n|switch|p1a: Abomasnow|Abomasnow, L50, F|100\/100|[from] Volt Switch\n|-weather|Snow|[from] ability: Snow Warning|[of] p1a: Abomasnow\n|move|p2a: DinoNAH|Waterfall|p1a: Abomasnow\n|-resisted|p1a: Abomasnow\n|-damage|p1a: Abomasnow|72\/100\n|-damage|p2a: DinoNAH|20\/100|[from] item: Life Orb\n|\n|-weather|Snow|[upkeep]\n|upkeep\n|turn|3\n|inactive|Morlaye has 30 seconds left.\n|\n|t:|1682929940\n|move|p2b: NigelfromNemo|Wide Guard|p2b: NigelfromNemo\n|-singleturn|p2b: NigelfromNemo|Wide Guard\n|move|p1b: Bronzong|Gyro Ball|p1a: Abomasnow\n|-supereffective|p1a: Abomasnow\n|-damage|p1a: Abomasnow|52\/100\n|-enditem|p1a: Abomasnow|Weakness Policy\n|-boost|p1a: Abomasnow|atk|2|[from] item: Weakness Policy\n|-boost|p1a: Abomasnow|spa|2|[from] item: Weakness Policy\n|move|p1a: Abomasnow|Blizzard|p2b: NigelfromNemo|[spread] \n|-activate|p2a: DinoNAH|move: Wide Guard\n|-activate|p2b: NigelfromNemo|move: Wide Guard\n|move|p2a: DinoNAH|Rock Slide|p1a: Abomasnow|[spread] p1a,p1b\n|-supereffective|p1a: Abomasnow\n|-resisted|p1b: Bronzong\n|-damage|p1a: Abomasnow|0 fnt\n|-damage|p1b: Bronzong|84\/100\n|faint|p1a: Abomasnow\n|-damage|p2a: DinoNAH|11\/100|[from] item: Life Orb\n|\n|-weather|Snow|[upkeep]\n|upkeep\n|\n|t:|1682929945\n|switch|p1a: Iron Hands|Iron Hands, L50|100\/100\n|turn|4\n|\n|t:|1682929965\n|move|p2a: DinoNAH|Protect|p2a: DinoNAH\n|-singleturn|p2a: DinoNAH|Protect\n|move|p1b: Bronzong|Gyro Ball|p2a: DinoNAH\n|-activate|p2a: DinoNAH|move: Protect\n|move|p1a: Iron Hands|Wild Charge|p2b: NigelfromNemo\n|-supereffective|p2b: NigelfromNemo\n|-damage|p2b: NigelfromNemo|0 fnt\n|faint|p2b: NigelfromNemo\n|-damage|p1a: Iron Hands|97\/100|[from] Recoil\n|\n|-weather|Snow|[upkeep]\n|upkeep\n|\n|t:|1682929977\n|switch|p2b: Passthegas|Gastrodon-East, L50, F|100\/100\n|turn|5\n|\n|t:|1682929989\n|-terastallize|p1a: Iron Hands|Grass\n|move|p1b: Bronzong|Gyro Ball|p2a: DinoNAH\n|-damage|p2a: DinoNAH|0 fnt\n|faint|p2a: DinoNAH\n|move|p1a: Iron Hands|Close Combat|p2b: Passthegas\n|-damage|p2b: Passthegas|27\/100\n|-unboost|p1a: Iron Hands|def|1\n|-unboost|p1a: Iron Hands|spd|1\n|move|p2b: Passthegas|Earth Power|p1a: Iron Hands\n|-resisted|p1a: Iron Hands\n|-damage|p1a: Iron Hands|83\/100\n|-unboost|p1a: Iron Hands|spd|1\n|\n|-weather|Snow|[upkeep]\n|-heal|p2b: Passthegas|33\/100|[from] item: Leftovers\n|-fieldend|move: Trick Room\n|upkeep\n|\n|t:|1682930003\n|switch|p2a: BankaiMan|Gallade, L50, M, shiny|100\/100\n|turn|6\n|\n|t:|1682930022\n|move|p2a: BankaiMan|Psycho Cut|p1a: Iron Hands\n|-damage|p1a: Iron Hands|19\/100\n|move|p2b: Passthegas|Muddy Water|p1b: Bronzong|[spread] p1a,p1b\n|-resisted|p1a: Iron Hands\n|-damage|p1a: Iron Hands|5\/100\n|-damage|p1b: Bronzong|63\/100\n|-unboost|p1a: Iron Hands|accuracy|1\n|move|p1a: Iron Hands|Wild Charge|p2a: BankaiMan\n|-damage|p2a: BankaiMan|33\/100\n|-damage|p1a: Iron Hands|0 fnt|[from] Recoil\n|faint|p1a: Iron Hands\n|-end|p1a: Iron Hands|Quark Drive|[silent]\n|move|p1b: Bronzong|Trick Room|p1b: Bronzong\n|-fieldstart|move: Trick Room|[of] p1b: Bronzong\n|\n|-weather|none\n|-heal|p2b: Passthegas|40\/100|[from] item: Leftovers\n|upkeep\n|turn|7\n|\n|t:|1682930037\n|move|p2a: BankaiMan|Protect|p2a: BankaiMan\n|-singleturn|p2a: BankaiMan|Protect\n|move|p1b: Bronzong|Gyro Ball|p2a: BankaiMan\n|-activate|p2a: BankaiMan|move: Protect\n|move|p2b: Passthegas|Recover|p2b: Passthegas\n|-heal|p2b: Passthegas|90\/100\n|\n|-heal|p2b: Passthegas|96\/100|[from] item: Leftovers\n|upkeep\n|turn|8\n|\n|t:|1682930053\n|move|p1b: Bronzong|Gyro Ball|p2a: BankaiMan\n|-damage|p2a: BankaiMan|0 fnt\n|faint|p2a: BankaiMan\n|move|p2b: Passthegas|Muddy Water|p1b: Bronzong\n|-damage|p1b: Bronzong|30\/100\n|\n|-heal|p2b: Passthegas|100\/100|[from] item: Leftovers\n|upkeep\n|turn|9\n|\n|t:|1682930061\n|move|p1b: Bronzong|Gyro Ball|p2b: Passthegas\n|-resisted|p2b: Passthegas\n|-damage|p2b: Passthegas|93\/100\n|move|p2b: Passthegas|Muddy Water|p1b: Bronzong\n|-damage|p1b: Bronzong|0 fnt\n|faint|p1b: Bronzong\n|\n|win|Morlaye\n|raw|Cemposer's rating: 1353 → 1328<\/strong> (-25 for losing)\n|raw|Morlaye's rating: 1268 → 1299<\/strong> (+31 for winning)\n","uploadtime":1682930066,"views":28,"p1id":"cemposer","p2id":"morlaye","formatid":"gen9vgc2023regulationc","rating":1299,"private":0,"password":""}