{"id":"gen9vgc2023regulationc-1859951750","p1":"racczilla","p2":"glowbrogang","format":"[Gen 9] VGC 2023 Regulation C","log":"|j|\u2606racczilla\n|j|\u2606glowbrogang\n|t:|1683578753\n|gametype|doubles\n|player|p1|racczilla|bugcatcher-gen4dp|\n|player|p2|glowbrogang|ltsurge|\n|teamsize|p1|6\n|teamsize|p2|6\n|gen|9\n|tier|[Gen 9] VGC 2023 Regulation C\n|rated|Tournament battle\n|rule|Species Clause: Limit one of each Pok\u00e9mon\n|rule|Item Clause: Limit one of each item\n|clearpoke\n|poke|p1|Talonflame, L50, F|\n|poke|p1|Tinkaton, L50, F|\n|poke|p1|Roaring Moon, L50|\n|poke|p1|Amoonguss, L50, M|\n|poke|p1|Flutter Mane, L50|\n|poke|p1|Tauros-Paldea-Aqua, L50, M|\n|poke|p2|Brute Bonnet, L50|\n|poke|p2|Hatterene, L50, F|\n|poke|p2|Chi-Yu, L50|\n|poke|p2|Indeedee-F, L50, F|\n|poke|p2|Torkoal, L50, M|\n|poke|p2|Annihilape, L50, F|\n|teampreview|4\n|raw| Open Team Sheet for racczilla<\/summary>Talonflame @ Sharp Beak Ability: Gale Wings Level: 50 Tera Type: Ghost - Brave Bird - Will-O-Wisp - Tailwind - Quick Guard Tinkaton (F) @ Sitrus Berry Ability: Mold Breaker Level: 50 Tera Type: Water - Gigaton Hammer - Fake Out - Feint - Thunder Wave Roaring Moon @ Booster Energy Ability: Protosynthesis Level: 50 Tera Type: Flying - Throat Chop - Acrobatics - Dragon Dance - Protect Amoonguss @ Rocky Helmet Ability: Regenerator Level: 50 Tera Type: Water - Clear Smog - Pollen Puff - Spore - Rage Powder Flutter Mane @ Life Orb Ability: Protosynthesis Level: 50 Tera Type: Fairy - Shadow Ball - Moonblast - Dazzling Gleam - Protect Tauros (Tauros-Paldea-Aqua) (M) @ Assault Vest Ability: Intimidate Level: 50 Tera Type: Fire - Close Combat - Wave Crash - Raging Bull - Aqua Jet <\/details><\/div> Open Team Sheet for glowbrogang<\/summary>Brute Bonnet @ Loaded Dice Ability: Protosynthesis Level: 50 Tera Type: Fire - Crunch - Sucker Punch - Spore - Bullet Seed Hatterene (F) @ Life Orb Ability: Magic Bounce Level: 50 Tera Type: Fire - Psychic - Dazzling Gleam - Mystical Fire - Trick Room Chi-Yu @ Room Service Ability: Beads of Ruin Level: 50 Tera Type: Grass - Heat Wave - Nasty Plot - Tera Blast - Dark Pulse Indeedee (Indeedee-F) (F) @ Safety Goggles Ability: Psychic Surge Level: 50 Tera Type: Fairy - Follow Me - Psychic - Trick Room - Protect Torkoal @ Charcoal Ability: Drought Level: 50 Tera Type: Fire - Eruption - Flamethrower - Earth Power - Clear Smog Annihilape @ Choice Scarf Ability: Defiant Level: 50 Tera Type: Grass - Close Combat - U-turn - Phantom Force - Final Gambit <\/details><\/div>\n|c|\u2606glowbrogang|glhf\n|c|\u2606racczilla|u2!\n|l|\u2606glowbrogang\n|player|p2|\n|j|\u2606glowbrogang\n|player|p2|glowbrogang|ltsurge\n|\n|t:|1683578862\n|start\n|switch|p1a: Roaring Moon|Roaring Moon, L50|100\/100\n|switch|p1b: Amoonguss|Amoonguss, L50, M|100\/100\n|switch|p2a: Indeedee|Indeedee-F, L50, F|100\/100\n|switch|p2b: Brute Bonnet|Brute Bonnet, L50|100\/100\n|-fieldstart|move: Psychic Terrain|[from] ability: Psychic Surge|[of] p2a: Indeedee\n|-enditem|p1a: Roaring Moon|Booster Energy\n|-activate|p1a: Roaring Moon|ability: Protosynthesis|[fromitem]\n|-start|p1a: Roaring Moon|protosynthesisatk\n|turn|1\n|\n|t:|1683578905\n|-end|p2b: Brute Bonnet|Protosynthesis|[silent]\n|switch|p2b: Torkoal|Torkoal, L50, M|100\/100\n|-weather|SunnyDay|[from] ability: Drought|[of] p2b: Torkoal\n|switch|p1b: Flutter Mane|Flutter Mane, L50|100\/100\n|-activate|p1b: Flutter Mane|ability: Protosynthesis\n|-start|p1b: Flutter Mane|protosynthesisspa\n|-terastallize|p2a: Indeedee|Fairy\n|move|p1a: Roaring Moon|Protect|p1a: Roaring Moon\n|-singleturn|p1a: Roaring Moon|Protect\n|move|p2a: Indeedee|Trick Room|p2a: Indeedee\n|-fieldstart|move: Trick Room|[of] p2a: Indeedee\n|\n|-weather|SunnyDay|[upkeep]\n|upkeep\n|turn|2\n|\n|t:|1683578941\n|-end|p1b: Flutter Mane|Protosynthesis|[silent]\n|switch|p1b: Tauros|Tauros-Paldea-Aqua, L50, M|100\/100\n|-ability|p1b: Tauros|Intimidate|boost\n|-unboost|p2a: Indeedee|atk|1\n|-unboost|p2b: Torkoal|atk|1\n|move|p2a: Indeedee|Follow Me|p2a: Indeedee\n|-singleturn|p2a: Indeedee|move: Follow Me\n|move|p2b: Torkoal|Eruption|p1a: Roaring Moon|[spread] p1a,p1b\n|-resisted|p1a: Roaring Moon\n|-crit|p1a: Roaring Moon\n|-resisted|p1b: Tauros\n|-damage|p1a: Roaring Moon|45\/100\n|-damage|p1b: Tauros|51\/100\n|move|p1a: Roaring Moon|Acrobatics|p2a: Indeedee\n|-damage|p2a: Indeedee|32\/100\n|\n|-weather|SunnyDay|[upkeep]\n|upkeep\n|turn|3\n|\n|t:|1683578973\n|switch|p2a: Brute Bonnet|Brute Bonnet, L50|100\/100\n|-activate|p2a: Brute Bonnet|ability: Protosynthesis\n|-start|p2a: Brute Bonnet|protosynthesisatk\n|move|p2b: Torkoal|Eruption|p1a: Roaring Moon|[spread] p1a,p1b\n|-resisted|p1a: Roaring Moon\n|-resisted|p1b: Tauros\n|-damage|p1a: Roaring Moon|8\/100\n|-damage|p1b: Tauros|5\/100\n|move|p1a: Roaring Moon|Acrobatics|p2a: Brute Bonnet\n|-supereffective|p2a: Brute Bonnet\n|-damage|p2a: Brute Bonnet|21\/100\n|move|p1b: Tauros|Wave Crash|p2b: Torkoal\n|-supereffective|p2b: Torkoal\n|-damage|p2b: Torkoal|63\/100\n|-damage|p1b: Tauros|0 fnt|[from] Recoil\n|faint|p1b: Tauros\n|\n|-weather|SunnyDay|[upkeep]\n|upkeep\n|\n|t:|1683578990\n|switch|p1b: Amoonguss|Amoonguss, L50, M|100\/100\n|turn|4\n|\n|t:|1683579003\n|-terastallize|p1b: Amoonguss|Water\n|move|p1a: Roaring Moon|Protect|p1a: Roaring Moon\n|-singleturn|p1a: Roaring Moon|Protect\n|move|p2b: Torkoal|Eruption|p1b: Amoonguss|[spread] p1b\n|-activate|p1a: Roaring Moon|move: Protect\n|-resisted|p1b: Amoonguss\n|-damage|p1b: Amoonguss|79\/100\n|move|p1b: Amoonguss|Spore|p2b: Torkoal\n|-status|p2b: Torkoal|slp|[from] move: Spore\n|move|p2a: Brute Bonnet|Crunch|p1b: Amoonguss\n|-damage|p1b: Amoonguss|35\/100\n|-damage|p2a: Brute Bonnet|5\/100|[from] item: Rocky Helmet|[of] p1b: Amoonguss\n|\n|-weather|SunnyDay|[upkeep]\n|upkeep\n|turn|5\n|\n|t:|1683579047\n|switch|p2b: Indeedee|Indeedee-F, L50, F, tera:Fairy|32\/100\n|-end|p1a: Roaring Moon|Protosynthesis|[silent]\n|switch|p1a: Flutter Mane|Flutter Mane, L50|100\/100\n|-activate|p1a: Flutter Mane|ability: Protosynthesis\n|-start|p1a: Flutter Mane|protosynthesisspa\n|move|p1b: Amoonguss|Pollen Puff|p2a: Brute Bonnet\n|-supereffective|p2a: Brute Bonnet\n|-damage|p2a: Brute Bonnet|0 fnt\n|faint|p2a: Brute Bonnet\n|-end|p2a: Brute Bonnet|Protosynthesis|[silent]\n|\n|-weather|none\n|-end|p1a: Flutter Mane|Protosynthesis\n|-fieldend|move: Trick Room\n|-fieldend|move: Psychic Terrain\n|upkeep\n|\n|t:|1683579065\n|switch|p2a: Chi-Yu|Chi-Yu, L50|100\/100\n|-ability|p2a: Chi-Yu|Beads of Ruin\n|turn|6\n|\n|t:|1683579094\n|move|p1a: Flutter Mane|Dazzling Gleam|p2a: Chi-Yu|[spread] p2a,p2b\n|-damage|p2a: Chi-Yu|62\/100\n|-damage|p2b: Indeedee|0 fnt\n|faint|p2b: Indeedee\n|-damage|p1a: Flutter Mane|91\/100|[from] item: Life Orb\n|move|p2a: Chi-Yu|Dark Pulse|p1b: Amoonguss\n|-damage|p1b: Amoonguss|0 fnt\n|faint|p1b: Amoonguss\n|\n|upkeep\n|\n|t:|1683579123\n|switch|p2b: Torkoal|Torkoal, L50, M|63\/100 slp\n|switch|p1b: Roaring Moon|Roaring Moon, L50|8\/100\n|-weather|SunnyDay|[from] ability: Drought|[of] p2b: Torkoal\n|-activate|p1a: Flutter Mane|ability: Protosynthesis\n|-start|p1a: Flutter Mane|protosynthesisspa\n|-activate|p1b: Roaring Moon|ability: Protosynthesis\n|-start|p1b: Roaring Moon|protosynthesisatk\n|turn|7\n|\n|t:|1683579138\n|move|p1a: Flutter Mane|Moonblast|p2a: Chi-Yu\n|-damage|p2a: Chi-Yu|0 fnt\n|faint|p2a: Chi-Yu\n|-damage|p1a: Flutter Mane|81\/100|[from] item: Life Orb\n|move|p1b: Roaring Moon|Acrobatics|p2b: Torkoal\n|-damage|p2b: Torkoal|23\/100 slp\n|cant|p2b: Torkoal|slp\n|\n|-weather|SunnyDay|[upkeep]\n|upkeep\n|turn|8\n|-message|glowbrogang forfeited.\n|\n|win|racczilla\n|n|\u2606racczilla|racczilla\n|n|\u2606glowbrogang|glowbrogang\n|l|\u2606glowbrogang\n|c|\u2606racczilla|gg\n","uploadtime":1683579165,"views":9,"p1id":"racczilla","p2id":"glowbrogang","formatid":"gen9vgc2023regulationc","rating":0,"private":0,"password":""}