{"id":"gen9vgc2023regulationc-1854342068","p1":"andyhurricane","p2":"Aperol Spinda","format":"[Gen 9] VGC 2023 Regulation C","log":"|j|\u2606andyhurricane\n|j|\u2606Aperol Spinda\n|t:|1682799146\n|gametype|doubles\n|player|p1|andyhurricane|n|1261\n|player|p2|Aperol Spinda|clair|1251\n|teamsize|p1|6\n|teamsize|p2|6\n|gen|9\n|tier|[Gen 9] VGC 2023 Regulation C\n|rated|\n|rule|Species Clause: Limit one of each Pok\u00e9mon\n|rule|Item Clause: Limit one of each item\n|clearpoke\n|poke|p1|Ceruledge, L50, F|\n|poke|p1|Sableye, L50, M|\n|poke|p1|Flutter Mane, L50|\n|poke|p1|Gastrodon-East, L50, M|\n|poke|p1|Gyarados, L50, F|\n|poke|p1|Ting-Lu, L50|\n|poke|p2|Fletchling, L50, M|\n|poke|p2|Noivern, L50, F|\n|poke|p2|Chi-Yu, L50|\n|poke|p2|Flutter Mane, L50|\n|poke|p2|Toxapex, L50, M|\n|poke|p2|Sawsbuck-Autumn, L50, M|\n|teampreview|4\n|\n|t:|1682799172\n|start\n|switch|p1a: Ceruledge|Ceruledge, L50, F|100\/100\n|switch|p1b: Sableye|Sableye, L50, M|100\/100\n|switch|p2a: Flutter Mane|Flutter Mane, L50|100\/100\n|switch|p2b: Sawsbuck|Sawsbuck-Autumn, L50, M|100\/100\n|-enditem|p2a: Flutter Mane|Booster Energy\n|-activate|p2a: Flutter Mane|ability: Protosynthesis|[fromitem]\n|-start|p2a: Flutter Mane|protosynthesisspa\n|turn|1\n|inactive|Battle timer is ON: inactive players will automatically lose when time's up. (requested by Aperol Spinda)\n|\n|t:|1682799194\n|-terastallize|p1a: Ceruledge|Grass\n|move|p1b: Sableye|Light Screen|p1b: Sableye\n|-sidestart|p1: andyhurricane|move: Light Screen\n|move|p2b: Sawsbuck|Body Slam|p1a: Ceruledge\n|-damage|p1a: Ceruledge|63\/100\n|-status|p1a: Ceruledge|par\n|move|p2a: Flutter Mane|Shadow Ball|p1a: Ceruledge\n|-damage|p1a: Ceruledge|26\/100 par\n|cant|p1a: Ceruledge|par\n|\n|upkeep\n|turn|2\n|\n|t:|1682799219\n|-terastallize|p2a: Flutter Mane|Fairy\n|move|p1b: Sableye|Disable|p2a: Flutter Mane\n|-start|p2a: Flutter Mane|Disable|Shadow Ball\n|move|p1a: Ceruledge|Shadow Sneak|p2a: Flutter Mane\n|-damage|p2a: Flutter Mane|62\/100\n|move|p2b: Sawsbuck|Body Slam|p1a: Ceruledge\n|-damage|p1a: Ceruledge|0 fnt\n|faint|p1a: Ceruledge\n|move|p2a: Flutter Mane|Dazzling Gleam|p1b: Sableye\n|-supereffective|p1b: Sableye\n|-damage|p1b: Sableye|0 fnt\n|faint|p1b: Sableye\n|\n|upkeep\n|\n|t:|1682799232\n|switch|p1a: Gastrodon|Gastrodon-East, L50, M|100\/100\n|switch|p1b: Ting-Lu|Ting-Lu, L50|100\/100\n|-ability|p1b: Ting-Lu|Vessel of Ruin\n|turn|3\n|inactive|Aperol Spinda has 30 seconds left.\n|inactive|Aperol Spinda has 20 seconds left.\n|inactive|Aperol Spinda has 15 seconds left.\n|inactive|Aperol Spinda has 10 seconds left.\n|\n|t:|1682799280\n|move|p2b: Sawsbuck|Body Slam|p1a: Gastrodon\n|-damage|p1a: Gastrodon|65\/100\n|move|p2a: Flutter Mane|Dazzling Gleam|p1b: Ting-Lu|[spread] p1a,p1b\n|-supereffective|p1b: Ting-Lu\n|-damage|p1a: Gastrodon|43\/100\n|-damage|p1b: Ting-Lu|80\/100\n|move|p1b: Ting-Lu|Heavy Slam|p2a: Flutter Mane\n|-supereffective|p2a: Flutter Mane\n|-damage|p2a: Flutter Mane|0 fnt\n|faint|p2a: Flutter Mane\n|-end|p2a: Flutter Mane|Protosynthesis|[silent]\n|move|p1a: Gastrodon|Ice Beam|p2b: Sawsbuck\n|-supereffective|p2b: Sawsbuck\n|-damage|p2b: Sawsbuck|54\/100\n|\n|upkeep\n|\n|t:|1682799290\n|switch|p2a: Fletchling|Fletchling, L50, M, shiny|100\/100\n|turn|4\n|\n|t:|1682799306\n|switch|p2b: Chi-Yu|Chi-Yu, L50|100\/100\n|-ability|p2b: Chi-Yu|Beads of Ruin\n|move|p1a: Gastrodon|Protect|p1a: Gastrodon\n|-singleturn|p1a: Gastrodon|Protect\n|move|p2a: Fletchling|Tailwind|p2a: Fletchling\n|-sidestart|p2: Aperol Spinda|move: Tailwind\n|move|p1b: Ting-Lu|Heavy Slam|p2b: Chi-Yu\n|-resisted|p2b: Chi-Yu\n|-damage|p2b: Chi-Yu|79\/100\n|\n|upkeep\n|turn|5\n|\n|t:|1682799322\n|move|p2b: Chi-Yu|Protect|p2b: Chi-Yu\n|-singleturn|p2b: Chi-Yu|Protect\n|move|p2a: Fletchling|Brave Bird|p1b: Ting-Lu\n|-damage|p1b: Ting-Lu|58\/100\n|-damage|p2a: Fletchling|85\/100|[from] Recoil\n|move|p1b: Ting-Lu|Stomping Tantrum|p2b: Chi-Yu\n|-activate|p2b: Chi-Yu|move: Protect\n|move|p1a: Gastrodon|Earth Power|p2b: Chi-Yu\n|-activate|p2b: Chi-Yu|move: Protect\n|\n|upkeep\n|turn|6\n|\n|t:|1682799338\n|move|p2b: Chi-Yu|Dark Pulse|p1a: Gastrodon\n|-crit|p1a: Gastrodon\n|-damage|p1a: Gastrodon|0 fnt\n|faint|p1a: Gastrodon\n|move|p2a: Fletchling|Brave Bird|p1b: Ting-Lu\n|-damage|p1b: Ting-Lu|35\/100\n|-damage|p2a: Fletchling|69\/100|[from] Recoil\n|move|p1b: Ting-Lu|Stomping Tantrum|p2b: Chi-Yu\n|-supereffective|p2b: Chi-Yu\n|-crit|p2b: Chi-Yu\n|-damage|p2b: Chi-Yu|0 fnt\n|faint|p2b: Chi-Yu\n|\n|upkeep\n|\n|t:|1682799347\n|switch|p2b: Sawsbuck|Sawsbuck-Autumn, L50, M|54\/100\n|turn|7\n|\n|t:|1682799352\n|move|p2b: Sawsbuck|Horn Leech|p1b: Ting-Lu\n|-supereffective|p1b: Ting-Lu\n|-damage|p1b: Ting-Lu|0 fnt\n|-heal|p2b: Sawsbuck|84\/100|[from] drain|[of] p1b: Ting-Lu\n|faint|p1b: Ting-Lu\n|\n|win|Aperol Spinda\n|raw|andyhurricane's rating: 1261 → 1235<\/strong> (-26 for losing)\n|raw|Aperol Spinda's rating: 1251 → 1277<\/strong> (+26 for winning)\n|l|\u2606andyhurricane\n","uploadtime":1682799357,"views":14,"p1id":"andyhurricane","p2id":"aperolspinda","formatid":"gen9vgc2023regulationc","rating":1235,"private":0,"password":""}