{"id":"gen9vgc2023regulationc-1853222603","p1":"im_crypto1","p2":"Duecal1on","format":"[Gen 9] VGC 2023 Regulation C","log":"|j|\u2606im_crypto1\n|j|\u2606Duecal1on\n|t:|1682650734\n|gametype|doubles\n|player|p1|im_crypto1|ingo|1101\n|player|p2|Duecal1on|pokefan|1185\n|teamsize|p1|6\n|teamsize|p2|6\n|gen|9\n|tier|[Gen 9] VGC 2023 Regulation C\n|rated|\n|rule|Species Clause: Limit one of each Pok\u00e9mon\n|rule|Item Clause: Limit one of each item\n|clearpoke\n|poke|p1|Palafin, L50, F|\n|poke|p1|Amoonguss, L50, F|\n|poke|p1|Arcanine, L50, F|\n|poke|p1|Ting-Lu, L50|\n|poke|p1|Flutter Mane, L50|\n|poke|p1|Baxcalibur, L50, F|\n|poke|p2|Palafin, L50, M|\n|poke|p2|Iron Bundle, L50|\n|poke|p2|Arcanine, L50, M|\n|poke|p2|Amoonguss, L50, M|\n|poke|p2|Chien-Pao, L50|\n|poke|p2|Scizor, L50, M|\n|teampreview|4\n|inactive|Battle timer is ON: inactive players will automatically lose when time's up. (requested by Duecal1on)\n|\n|t:|1682650801\n|start\n|switch|p1a: Palafin|Palafin, L50, F|100\/100\n|switch|p1b: Arcanine|Arcanine, L50, F|100\/100\n|switch|p2a: Scizor|Scizor, L50, M|100\/100\n|switch|p2b: Chien-Pao|Chien-Pao, L50|100\/100\n|-ability|p2b: Chien-Pao|Sword of Ruin\n|-ability|p1b: Arcanine|Intimidate|boost\n|-fail|p2a: Scizor|unboost|[from] item: Clear Amulet|[of] p2a: Scizor\n|-unboost|p2b: Chien-Pao|atk|1\n|turn|1\n|inactive|Duecal1on has 30 seconds left.\n|\n|t:|1682650831\n|-terastallize|p2a: Scizor|Fire\n|move|p2b: Chien-Pao|Protect|p2b: Chien-Pao\n|-singleturn|p2b: Chien-Pao|Protect\n|move|p1a: Palafin|Protect|p1a: Palafin\n|-singleturn|p1a: Palafin|Protect\n|move|p1b: Arcanine|Will-O-Wisp|p2a: Scizor|[miss]\n|-miss|p1b: Arcanine|p2a: Scizor\n|move|p2a: Scizor|Swords Dance|p2a: Scizor\n|-boost|p2a: Scizor|atk|2\n|\n|upkeep\n|turn|2\n|inactive|im_crypto1 has 30 seconds left.\n|inactive|Duecal1on has 30 seconds left.\n|\n|t:|1682650866\n|-terastallize|p1a: Palafin|Water\n|move|p2a: Scizor|Feint|p1a: Palafin\n|-damage|p1a: Palafin|46\/100\n|move|p1a: Palafin|Jet Punch|p2a: Scizor\n|-supereffective|p2a: Scizor\n|-damage|p2a: Scizor|6\/100\n|move|p2b: Chien-Pao|Sacred Sword|p1a: Palafin\n|-damage|p1a: Palafin|19\/100\n|move|p1b: Arcanine|Flare Blitz|p2b: Chien-Pao\n|-supereffective|p2b: Chien-Pao\n|-enditem|p2b: Chien-Pao|Focus Sash\n|-damage|p2b: Chien-Pao|1\/100\n|-status|p2b: Chien-Pao|brn\n|-damage|p1b: Arcanine|74\/100|[from] Recoil\n|\n|-damage|p2b: Chien-Pao|0 fnt|[from] brn\n|faint|p2b: Chien-Pao\n|upkeep\n|\n|t:|1682650877\n|switch|p2b: Iron Bundle|Iron Bundle, L50|100\/100\n|-enditem|p2b: Iron Bundle|Booster Energy\n|-activate|p2b: Iron Bundle|ability: Quark Drive|[fromitem]\n|-start|p2b: Iron Bundle|quarkdrivespe\n|turn|3\n|inactive|im_crypto1 has 30 seconds left.\n|inactive|im_crypto1 has 20 seconds left.\n|inactive|im_crypto1 has 15 seconds left.\n|\n|t:|1682650926\n|switch|p1b: Amoonguss|Amoonguss, L50, F|100\/100\n|move|p2a: Scizor|Protect|p2a: Scizor\n|-singleturn|p2a: Scizor|Protect\n|move|p1a: Palafin|Jet Punch|p2a: Scizor\n|-activate|p2a: Scizor|move: Protect\n|move|p2b: Iron Bundle|Hydro Pump|p1b: Amoonguss\n|-resisted|p1b: Amoonguss\n|-damage|p1b: Amoonguss|79\/100\n|\n|upkeep\n|turn|4\n|\n|t:|1682650945\n|move|p2a: Scizor|Feint|p1a: Palafin\n|-damage|p1a: Palafin|0 fnt\n|faint|p1a: Palafin\n|move|p1b: Amoonguss|Rage Powder|p1b: Amoonguss\n|-singleturn|p1b: Amoonguss|move: Rage Powder\n|move|p2b: Iron Bundle|Freeze-Dry|p1b: Amoonguss\n|-supereffective|p1b: Amoonguss\n|-damage|p1b: Amoonguss|21\/100\n|-enditem|p1b: Amoonguss|Sitrus Berry|[eat]\n|-heal|p1b: Amoonguss|46\/100|[from] item: Sitrus Berry\n|\n|upkeep\n|\n|t:|1682650965\n|switch|p1a: Ting-Lu|Ting-Lu, L50|100\/100\n|-ability|p1a: Ting-Lu|Vessel of Ruin\n|turn|5\n|\n|t:|1682650987\n|move|p2a: Scizor|Protect|p2a: Scizor\n|-singleturn|p2a: Scizor|Protect\n|move|p1b: Amoonguss|Protect|p1b: Amoonguss\n|-singleturn|p1b: Amoonguss|Protect\n|move|p2b: Iron Bundle|Encore|p1b: Amoonguss\n|-activate|p1b: Amoonguss|move: Protect\n|move|p1a: Ting-Lu|Fissure|p2b: Iron Bundle|[miss]\n|-miss|p1a: Ting-Lu|p2b: Iron Bundle\n|\n|upkeep\n|turn|6\n|\n|t:|1682651004\n|move|p2a: Scizor|Feint|p1a: Ting-Lu\n|-damage|p1a: Ting-Lu|81\/100\n|move|p2b: Iron Bundle|Freeze-Dry|p1a: Ting-Lu\n|-supereffective|p1a: Ting-Lu\n|-damage|p1a: Ting-Lu|51\/100\n|move|p1a: Ting-Lu|Stomping Tantrum|p2b: Iron Bundle\n|-damage|p2b: Iron Bundle|10\/100\n|move|p1b: Amoonguss|Spore|p2a: Scizor\n|-status|p2a: Scizor|slp|[from] move: Spore\n|\n|upkeep\n|turn|7\n|\n|t:|1682651022\n|cant|p2a: Scizor|slp\n|move|p2b: Iron Bundle|Freeze-Dry|p1b: Amoonguss\n|-supereffective|p1b: Amoonguss\n|-damage|p1b: Amoonguss|1\/100\n|move|p1a: Ting-Lu|Stomping Tantrum|p2a: Scizor\n|-supereffective|p2a: Scizor\n|-damage|p2a: Scizor|0 fnt\n|faint|p2a: Scizor\n|move|p1b: Amoonguss|Pollen Puff|p1a: Ting-Lu\n|-heal|p1a: Ting-Lu|100\/100\n|\n|upkeep\n|\n|t:|1682651030\n|switch|p2a: Amoonguss|Amoonguss, L50, M, shiny|100\/100\n|turn|8\n|\n|t:|1682651049\n|move|p1b: Amoonguss|Rage Powder|p1b: Amoonguss\n|-singleturn|p1b: Amoonguss|move: Rage Powder\n|move|p2b: Iron Bundle|Icy Wind|p1b: Amoonguss|[spread] p1a,p1b\n|-supereffective|p1a: Ting-Lu\n|-supereffective|p1b: Amoonguss\n|-damage|p1a: Ting-Lu|85\/100\n|-damage|p1b: Amoonguss|0 fnt\n|-unboost|p1a: Ting-Lu|spe|1\n|faint|p1b: Amoonguss\n|move|p2a: Amoonguss|Pollen Puff|p2b: Iron Bundle\n|-heal|p2b: Iron Bundle|60\/100\n|move|p1a: Ting-Lu|Stomping Tantrum|p2b: Iron Bundle\n|-damage|p2b: Iron Bundle|13\/100\n|\n|upkeep\n|\n|t:|1682651054\n|switch|p1b: Arcanine|Arcanine, L50, F|74\/100\n|-ability|p1b: Arcanine|Intimidate|boost\n|-unboost|p2a: Amoonguss|atk|1\n|-unboost|p2b: Iron Bundle|atk|1\n|turn|9\n|\n|t:|1682651072\n|move|p2b: Iron Bundle|Hydro Pump|p1b: Arcanine\n|-supereffective|p1b: Arcanine\n|-damage|p1b: Arcanine|0 fnt\n|faint|p1b: Arcanine\n|move|p2a: Amoonguss|Spore|p1a: Ting-Lu\n|-status|p1a: Ting-Lu|slp|[from] move: Spore\n|cant|p1a: Ting-Lu|slp\n|\n|upkeep\n|turn|10\n|inactive|Duecal1on has 30 seconds left.\n|\n|t:|1682651100\n|move|p2b: Iron Bundle|Hydro Pump|p1a: Ting-Lu\n|-supereffective|p1a: Ting-Lu\n|-damage|p1a: Ting-Lu|44\/100 slp\n|move|p2a: Amoonguss|Pollen Puff|p2b: Iron Bundle\n|-heal|p2b: Iron Bundle|63\/100\n|cant|p1a: Ting-Lu|slp\n|\n|upkeep\n|turn|11\n|\n|t:|1682651113\n|move|p2b: Iron Bundle|Hydro Pump|p1a: Ting-Lu\n|-supereffective|p1a: Ting-Lu\n|-damage|p1a: Ting-Lu|3\/100 slp\n|move|p2a: Amoonguss|Pollen Puff|p2b: Iron Bundle\n|-heal|p2b: Iron Bundle|100\/100\n|cant|p1a: Ting-Lu|slp\n|\n|upkeep\n|turn|12\n|-message|im_crypto1 forfeited.\n|\n|win|Duecal1on\n|raw|im_crypto1's rating: 1101 → 1082<\/strong> (-19 for losing)\n|raw|Duecal1on's rating: 1185 → 1204<\/strong> (+19 for winning)\n|l|\u2606im_crypto1\n","uploadtime":1682651131,"views":11,"p1id":"imcrypto1","p2id":"duecal1on","formatid":"gen9vgc2023regulationc","rating":1082,"private":0,"password":""}