{"id":"gen9vgc2023regulationc-1854330271","p1":"Modern2","p2":"toglez","format":"[Gen 9] VGC 2023 Regulation C","log":"|j|\u2606Modern2\n|j|\u2606toglez\n|t:|1682797782\n|gametype|doubles\n|player|p1|Modern2|101|\n|player|p2|toglez|266|\n|teamsize|p1|6\n|teamsize|p2|6\n|gen|9\n|tier|[Gen 9] VGC 2023 Regulation C\n|rated|Tournament battle\n|rule|Species Clause: Limit one of each Pok\u00e9mon\n|rule|Item Clause: Limit one of each item\n|clearpoke\n|poke|p1|Dondozo, L50, F|\n|poke|p1|Tatsugiri-Stretchy, L50, F|\n|poke|p1|Glimmora, L50, M|\n|poke|p1|Iron Bundle, L50|\n|poke|p1|Chi-Yu, L50|\n|poke|p1|Pelipper, L50, M|\n|poke|p2|Garganacl, L50, M|\n|poke|p2|Iron Bundle, L50|\n|poke|p2|Arcanine, L50, M|\n|poke|p2|Ting-Lu, L50|\n|poke|p2|Roaring Moon, L50|\n|poke|p2|Amoonguss, L50, M|\n|teampreview|4\n|raw| Open Team Sheet for Modern2<\/summary>Dondozo @ Life Orb Ability: Unaware Level: 50 Shiny: Yes Tera Type: Water - Surf - Wave Crash - Sleep Talk - Protect Tatsugiri (Tatsugiri-Stretchy) @ Choice Scarf Ability: Commander Level: 50 Tera Type: Steel - Muddy Water - Draco Meteor - Icy Wind - Sleep Talk Glimmora @ Assault Vest Ability: Corrosion Level: 50 Tera Type: Grass - Sludge Bomb - Earth Power - Energy Ball - Mortal Spin Iron Bundle @ Booster Energy Ability: Quark Drive Level: 50 Shiny: Yes Tera Type: Steel - Freeze-Dry - Icy Wind - Hydro Pump - Protect Chi-Yu @ Choice Specs Ability: Beads of Ruin Level: 50 Tera Type: Grass - Heat Wave - Overheat - Dark Pulse - Tera Blast Pelipper @ Focus Sash Ability: Drizzle Level: 50 Shiny: Yes Tera Type: Ghost - Hurricane - Quick Attack - Tailwind - Protect <\/details><\/div> Open Team Sheet for toglez<\/summary>Garganacl (M) @ Leftovers Ability: Purifying Salt Level: 50 Tera Type: Ghost - Salt Cure - Stealth Rock - Recover - Protect Iron Bundle @ Focus Sash Ability: Quark Drive Level: 50 Tera Type: Ice - Freeze-Dry - Hydro Pump - Encore - Protect Arcanine (M) @ Iapapa Berry Ability: Intimidate Level: 50 Tera Type: Grass - Flare Blitz - Extreme Speed - Will-O-Wisp - Protect Ting-Lu @ Assault Vest Ability: Vessel of Ruin Level: 50 Tera Type: Water - Stomping Tantrum - Ruination - Heavy Slam - Body Press Roaring Moon @ Booster Energy Ability: Protosynthesis Level: 50 Tera Type: Flying - Acrobatics - Throat Chop - Dragon Dance - Protect Amoonguss (M) @ Sitrus Berry Ability: Regenerator Level: 50 Tera Type: Steel - Pollen Puff - Rage Powder - Spore - Protect <\/details><\/div>\n|inactive|Battle timer is ON: inactive players will automatically lose when time's up. (requested by toglez)\n|j| Bakonlikescufant\n|l| Bakonlikescufant\n|j| blastoise_vossi\n|inactive|Modern2 has 60 seconds left.\n|inactive|toglez has 60 seconds left.\n|\n|t:|1682797840\n|start\n|switch|p1a: Dondozo|Dondozo, L50, F, shiny|100\/100\n|switch|p1b: Glimmora|Glimmora, L50, M|100\/100\n|switch|p2a: Garganacl|Garganacl, L50, M|100\/100\n|switch|p2b: Ting-Lu|Ting-Lu, L50|100\/100\n|-ability|p2b: Ting-Lu|Vessel of Ruin\n|turn|1\n|j| FunneeMonkee\n|inactive|Modern2 has 30 seconds left.\n|inactive|Modern2 has 20 seconds left.\n|\n|t:|1682797876\n|-terastallize|p1b: Glimmora|Grass\n|move|p1a: Dondozo|Protect|p1a: Dondozo\n|-singleturn|p1a: Dondozo|Protect\n|move|p2a: Garganacl|Protect|p2a: Garganacl\n|-singleturn|p2a: Garganacl|Protect\n|move|p1b: Glimmora|Mortal Spin|p2b: Ting-Lu|[spread] p2b\n|-activate|p2a: Garganacl|move: Protect\n|-resisted|p2b: Ting-Lu\n|-damage|p2b: Ting-Lu|99\/100\n|-status|p2b: Ting-Lu|psn\n|move|p2b: Ting-Lu|Stomping Tantrum|p1b: Glimmora\n|-resisted|p1b: Glimmora\n|-damage|p1b: Glimmora|80\/100\n|\n|-damage|p2b: Ting-Lu|87\/100 psn|[from] psn\n|upkeep\n|turn|2\n|inactive|Modern2 has 30 seconds left.\n|inactive|toglez has 30 seconds left.\n|inactive|Modern2 has 20 seconds left.\n|inactive|toglez has 20 seconds left.\n|inactive|toglez has 15 seconds left.\n|inactive|Modern2 has 15 seconds left.\n|inactive|toglez has 10 seconds left.\n|\n|t:|1682797922\n|switch|p1b: Tatsugiri|Tatsugiri-Stretchy, L50, F|100\/100\n|-activate|p1b: Tatsugiri|ability: Commander|[of] p1a: Dondozo\n|-boost|p1a: Dondozo|atk|2\n|-boost|p1a: Dondozo|spa|2\n|-boost|p1a: Dondozo|spe|2\n|-boost|p1a: Dondozo|def|2\n|-boost|p1a: Dondozo|spd|2\n|switch|p2a: Amoonguss|Amoonguss, L50, M|100\/100\n|move|p1a: Dondozo|Wave Crash|p2a: Amoonguss\n|-resisted|p2a: Amoonguss\n|-damage|p2a: Amoonguss|55\/100\n|-damage|p1a: Dondozo|86\/100|[from] Recoil\n|-damage|p1a: Dondozo|76\/100|[from] item: Life Orb\n|move|p2b: Ting-Lu|Ruination|p1a: Dondozo\n|-damage|p1a: Dondozo|38\/100\n|\n|-damage|p2b: Ting-Lu|75\/100 psn|[from] psn\n|upkeep\n|turn|3\n|inactive|toglez has 30 seconds left.\n|l|blastoisevossi\n|inactive|toglez has 20 seconds left.\n|\n|t:|1682797962\n|switch|p2b: Iron Bundle|Iron Bundle, L50|100\/100\n|move|p2a: Amoonguss|Protect|p2a: Amoonguss\n|-singleturn|p2a: Amoonguss|Protect\n|move|p1a: Dondozo|Surf|p2b: Iron Bundle|[spread] p2b\n|-miss|p1a: Dondozo|p1b: Tatsugiri\n|-activate|p2a: Amoonguss|move: Protect\n|-resisted|p2b: Iron Bundle\n|-damage|p2b: Iron Bundle|37\/100\n|-damage|p1a: Dondozo|29\/100|[from] item: Life Orb\n|\n|upkeep\n|turn|4\n|\n|t:|1682797976\n|move|p2b: Iron Bundle|Protect|p2b: Iron Bundle\n|-singleturn|p2b: Iron Bundle|Protect\n|move|p1a: Dondozo|Surf|p2b: Iron Bundle|[spread] p2a\n|-miss|p1a: Dondozo|p1b: Tatsugiri\n|-activate|p2b: Iron Bundle|move: Protect\n|-resisted|p2a: Amoonguss\n|-damage|p2a: Amoonguss|28\/100\n|-enditem|p2a: Amoonguss|Sitrus Berry|[eat]\n|-heal|p2a: Amoonguss|53\/100|[from] item: Sitrus Berry\n|-damage|p1a: Dondozo|19\/100|[from] item: Life Orb\n|move|p2a: Amoonguss|Spore|p1a: Dondozo\n|-status|p1a: Dondozo|slp|[from] move: Spore\n|\n|upkeep\n|turn|5\n|\n|t:|1682797994\n|move|p2b: Iron Bundle|Freeze-Dry|p1a: Dondozo\n|-supereffective|p1a: Dondozo\n|-damage|p1a: Dondozo|0 fnt\n|faint|p1a: Dondozo\n|move|p2a: Amoonguss|Spore|p1b: Tatsugiri\n|-status|p1b: Tatsugiri|slp|[from] move: Spore\n|\n|upkeep\n|\n|t:|1682798005\n|switch|p1a: Chi-Yu|Chi-Yu, L50|100\/100\n|-ability|p1a: Chi-Yu|Beads of Ruin\n|turn|6\n|\n|t:|1682798024\n|cant|p1b: Tatsugiri|slp\n|move|p1b: Tatsugiri|Sleep Talk|p1b: Tatsugiri\n|move|p1b: Tatsugiri|Icy Wind|p2a: Amoonguss|[from]move: Sleep Talk|[spread] p2a,p2b\n|-supereffective|p2a: Amoonguss\n|-resisted|p2b: Iron Bundle\n|-damage|p2a: Amoonguss|22\/100\n|-damage|p2b: Iron Bundle|28\/100\n|-unboost|p2a: Amoonguss|spe|1\n|-unboost|p2b: Iron Bundle|spe|1\n|move|p1a: Chi-Yu|Heat Wave|p2a: Amoonguss|[spread] p2a,p2b\n|-supereffective|p2a: Amoonguss\n|-damage|p2a: Amoonguss|0 fnt\n|-damage|p2b: Iron Bundle|0 fnt\n|faint|p2a: Amoonguss\n|faint|p2b: Iron Bundle\n|-end|p2b: Iron Bundle|Quark Drive|[silent]\n|\n|upkeep\n|\n|t:|1682798036\n|switch|p2b: Ting-Lu|Ting-Lu, L50|75\/100 psn\n|switch|p2a: Garganacl|Garganacl, L50, M|100\/100\n|-ability|p2b: Ting-Lu|Vessel of Ruin\n|turn|7\n|\n|t:|1682798054\n|switch|p1a: Glimmora|Glimmora, L50, M, tera:Grass|80\/100\n|cant|p1b: Tatsugiri|slp\n|move|p1b: Tatsugiri|Sleep Talk|p1b: Tatsugiri\n|move|p1b: Tatsugiri|Muddy Water|p2b: Ting-Lu|[from]move: Sleep Talk|[spread] p2b\n|-miss|p1b: Tatsugiri|p2a: Garganacl\n|-supereffective|p2b: Ting-Lu\n|-damage|p2b: Ting-Lu|52\/100 psn\n|-unboost|p2b: Ting-Lu|accuracy|1\n|move|p2b: Ting-Lu|Stomping Tantrum|p1a: Glimmora\n|-resisted|p1a: Glimmora\n|-damage|p1a: Glimmora|62\/100\n|move|p2a: Garganacl|Salt Cure|p1a: Glimmora\n|-damage|p1a: Glimmora|47\/100\n|-start|p1a: Glimmora|Salt Cure\n|\n|-damage|p2b: Ting-Lu|40\/100 psn|[from] psn\n|-damage|p1a: Glimmora|34\/100|[from] Salt Cure\n|upkeep\n|turn|8\n|c| FunneeMonkee|such a lucky sleep talk here O.o\n|inactive|Modern2 has 30 seconds left.\n|inactive|toglez has 30 seconds left.\n|inactive|Modern2 has 20 seconds left.\n|inactive|toglez has 20 seconds left.\n|c|\u2606toglez|hehehe\n|inactive|Modern2 has 15 seconds left.\n|\n|t:|1682798100\n|cant|p1b: Tatsugiri|slp\n|move|p1b: Tatsugiri|Sleep Talk|p1b: Tatsugiri\n|move|p1b: Tatsugiri|Muddy Water|p2b: Ting-Lu|[from]move: Sleep Talk|[spread] p2a,p2b\n|-supereffective|p2a: Garganacl\n|-supereffective|p2b: Ting-Lu\n|-damage|p2a: Garganacl|67\/100\n|-damage|p2b: Ting-Lu|19\/100 psn\n|-unboost|p2a: Garganacl|accuracy|1\n|-unboost|p2b: Ting-Lu|accuracy|1\n|move|p1a: Glimmora|Energy Ball|p2b: Ting-Lu\n|-supereffective|p2b: Ting-Lu\n|-damage|p2b: Ting-Lu|0 fnt\n|faint|p2b: Ting-Lu\n|move|p2a: Garganacl|Salt Cure|p1b: Tatsugiri\n|-damage|p1b: Tatsugiri|72\/100 slp\n|-start|p1b: Tatsugiri|Salt Cure\n|\n|-heal|p2a: Garganacl|73\/100|[from] item: Leftovers\n|-damage|p1b: Tatsugiri|47\/100 slp|[from] Salt Cure\n|-damage|p1a: Glimmora|22\/100|[from] Salt Cure\n|upkeep\n|turn|9\n|c|\u2606Modern2|Sleep talk go brr\n|inactive|toglez has 30 seconds left.\n|\n|t:|1682798125\n|switch|p1b: Chi-Yu|Chi-Yu, L50|100\/100\n|-ability|p1b: Chi-Yu|Beads of Ruin\n|move|p1a: Glimmora|Energy Ball|p2a: Garganacl\n|-supereffective|p2a: Garganacl\n|-damage|p2a: Garganacl|0 fnt\n|faint|p2a: Garganacl\n|\n|win|Modern2\n|n|\u2606Modern2|modern2\n|n|\u2606toglez|toglez\n|n| FunneeMonkee|funneemonkee\n|l|\u2606toglez\n","uploadtime":1682798133,"views":15,"p1id":"modern2","p2id":"toglez","formatid":"gen9vgc2023regulationc","rating":0,"private":0,"password":""}