{"id":"gen9vgc2023regulationc-1863747131","p1":"Musfique18","p2":"Sanex1ty","format":"[Gen 9] VGC 2023 Regulation C","log":"|j|\u2606Musfique18\n|j|\u2606Sanex1ty\n|t:|1684071313\n|gametype|doubles\n|player|p1|Musfique18|blue|\n|player|p2|Sanex1ty|collector|\n|teamsize|p1|6\n|teamsize|p2|6\n|gen|9\n|tier|[Gen 9] VGC 2023 Regulation C\n|rule|Species Clause: Limit one of each Pok\u00e9mon\n|rule|Item Clause: Limit one of each item\n|clearpoke\n|poke|p1|Ting-Lu, L50|\n|poke|p1|Vivillon-Fancy, L50, F|\n|poke|p1|Iron Bundle, L50|\n|poke|p1|Abomasnow, L50, M|\n|poke|p1|Annihilape, L50, F|\n|poke|p1|Chien-Pao, L50|\n|poke|p2|Baxcalibur, L50, M|\n|poke|p2|Amoonguss, L50, F|\n|poke|p2|Ting-Lu, L50|\n|poke|p2|Arcanine, L50, M|\n|poke|p2|Palafin, L50, M|\n|poke|p2|Flutter Mane, L50|\n|teampreview|4\n|inactive|Battle timer is ON: inactive players will automatically lose when time's up. (requested by Musfique18)\n|c|\u2606Sanex1ty|glhf\n|inactive|Musfique18 has 60 seconds left.\n|\n|t:|1684071349\n|start\n|switch|p1a: Vivillon|Vivillon-Fancy, L50, F|100\/100\n|switch|p1b: Iron Bundle|Iron Bundle, L50|100\/100\n|switch|p2a: Baxcalibur|Baxcalibur, L50, M, shiny|100\/100\n|switch|p2b: Arcanine|Arcanine, L50, M, shiny|100\/100\n|-ability|p2b: Arcanine|Intimidate|boost\n|-unboost|p1a: Vivillon|atk|1\n|-unboost|p1b: Iron Bundle|atk|1\n|-enditem|p1b: Iron Bundle|Booster Energy\n|-activate|p1b: Iron Bundle|ability: Quark Drive|[fromitem]\n|-start|p1b: Iron Bundle|quarkdrivespe\n|turn|1\n|inactive|Musfique18 has 30 seconds left.\n|\n|t:|1684071376\n|move|p1a: Vivillon|Protect|p1a: Vivillon\n|-singleturn|p1a: Vivillon|Protect\n|move|p2b: Arcanine|Protect|p2b: Arcanine\n|-singleturn|p2b: Arcanine|Protect\n|move|p1b: Iron Bundle|Hydro Pump|p2b: Arcanine\n|-activate|p2b: Arcanine|move: Protect\n|move|p2a: Baxcalibur|Icicle Spear|p1a: Vivillon\n|-activate|p1a: Vivillon|move: Protect\n|\n|upkeep\n|turn|2\n|\n|t:|1684071398\n|switch|p1a: Annihilape|Annihilape, L50, F|100\/100\n|switch|p2b: Amoonguss|Amoonguss, L50, F, shiny|100\/100\n|move|p1b: Iron Bundle|Hydro Pump|p2b: Amoonguss\n|-resisted|p2b: Amoonguss\n|-damage|p2b: Amoonguss|78\/100\n|move|p2a: Baxcalibur|Icicle Spear|p1a: Annihilape\n|-damage|p1a: Annihilape|87\/100\n|-damage|p1a: Annihilape|73\/100\n|-damage|p1a: Annihilape|59\/100\n|-damage|p1a: Annihilape|45\/100\n|-damage|p1a: Annihilape|32\/100\n|-hitcount|p1a: Annihilape|5\n|\n|upkeep\n|turn|3\n|j| Whatsmath?\n|\n|t:|1684071422\n|move|p2b: Amoonguss|Rage Powder|p2b: Amoonguss\n|-singleturn|p2b: Amoonguss|move: Rage Powder\n|move|p2a: Baxcalibur|Ice Shard|p1a: Annihilape\n|-damage|p1a: Annihilape|12\/100\n|move|p1b: Iron Bundle|Blizzard|p2a: Baxcalibur|[spread] p2b\n|-miss|p1b: Iron Bundle|p2a: Baxcalibur\n|-supereffective|p2b: Amoonguss\n|-damage|p2b: Amoonguss|10\/100\n|-enditem|p2b: Amoonguss|Sitrus Berry|[eat]\n|-heal|p2b: Amoonguss|35\/100|[from] item: Sitrus Berry\n|move|p1a: Annihilape|Close Combat|p2b: Amoonguss\n|-resisted|p2b: Amoonguss\n|-damage|p2b: Amoonguss|10\/100\n|-unboost|p1a: Annihilape|def|1\n|-unboost|p1a: Annihilape|spd|1\n|\n|upkeep\n|turn|4\n|inactive|Musfique18 has 30 seconds left.\n|inactive|Sanex1ty has 30 seconds left.\n|\n|t:|1684071454\n|move|p2b: Amoonguss|Protect|p2b: Amoonguss\n|-singleturn|p2b: Amoonguss|Protect\n|move|p2a: Baxcalibur|Ice Shard|p1a: Annihilape\n|-damage|p1a: Annihilape|0 fnt\n|faint|p1a: Annihilape\n|move|p1b: Iron Bundle|Blizzard|p2a: Baxcalibur|[spread] \n|-activate|p2b: Amoonguss|move: Protect\n|-miss|p1b: Iron Bundle|p2a: Baxcalibur\n|\n|upkeep\n|\n|t:|1684071471\n|switch|p1a: Vivillon|Vivillon-Fancy, L50, F|100\/100\n|turn|5\n|\n|t:|1684071484\n|switch|p2b: Arcanine|Arcanine, L50, M, shiny|100\/100\n|-ability|p2b: Arcanine|Intimidate|boost\n|-unboost|p1a: Vivillon|atk|1\n|-unboost|p1b: Iron Bundle|atk|1\n|-terastallize|p1a: Vivillon|Ghost\n|move|p1b: Iron Bundle|Blizzard|p2a: Baxcalibur|[spread] p2a,p2b\n|-resisted|p2b: Arcanine\n|-damage|p2a: Baxcalibur|70\/100\n|-damage|p2b: Arcanine|85\/100\n|move|p1a: Vivillon|Safeguard|p1a: Vivillon\n|-sidestart|p1: Musfique18|Safeguard\n|move|p2a: Baxcalibur|Icicle Spear|p1a: Vivillon\n|-damage|p1a: Vivillon|75\/100\n|-damage|p1a: Vivillon|47\/100\n|-crit|p1a: Vivillon\n|-damage|p1a: Vivillon|4\/100\n|-damage|p1a: Vivillon|0 fnt\n|faint|p1a: Vivillon\n|-hitcount|p1: Vivillon|4\n|\n|upkeep\n|\n|t:|1684071497\n|switch|p1a: Ting-Lu|Ting-Lu, L50|100\/100\n|-ability|p1a: Ting-Lu|Vessel of Ruin\n|turn|6\n|\n|t:|1684071513\n|move|p2b: Arcanine|Protect|p2b: Arcanine\n|-singleturn|p2b: Arcanine|Protect\n|move|p1b: Iron Bundle|Hydro Pump|p2b: Arcanine\n|-activate|p2b: Arcanine|move: Protect\n|move|p2a: Baxcalibur|Icicle Spear|p1a: Ting-Lu\n|-supereffective|p1a: Ting-Lu\n|-damage|p1a: Ting-Lu|83\/100\n|-supereffective|p1a: Ting-Lu\n|-damage|p1a: Ting-Lu|65\/100\n|-supereffective|p1a: Ting-Lu\n|-damage|p1a: Ting-Lu|48\/100\n|-supereffective|p1a: Ting-Lu\n|-damage|p1a: Ting-Lu|30\/100\n|-supereffective|p1a: Ting-Lu\n|-damage|p1a: Ting-Lu|14\/100\n|-hitcount|p1a: Ting-Lu|5\n|move|p1a: Ting-Lu|Rock Slide|p2b: Arcanine|[spread] p2a\n|-activate|p2b: Arcanine|move: Protect\n|-supereffective|p2a: Baxcalibur\n|-damage|p2a: Baxcalibur|17\/100\n|\n|upkeep\n|turn|7\n|inactive|Sanex1ty has 30 seconds left.\n|\n|t:|1684071540\n|move|p2b: Arcanine|Extreme Speed|p1a: Ting-Lu\n|-damage|p1a: Ting-Lu|1\/100\n|move|p1b: Iron Bundle|Hydro Pump|p2b: Arcanine\n|-supereffective|p2b: Arcanine\n|-damage|p2b: Arcanine|24\/100\n|move|p2a: Baxcalibur|Glaive Rush|p1b: Iron Bundle\n|-damage|p1b: Iron Bundle|21\/100\n|-singlemove|p2a: Baxcalibur|Glaive Rush|[silent]\n|move|p1a: Ting-Lu|Rock Slide|p2a: Baxcalibur|[spread] p2a,p2b\n|-supereffective|p2a: Baxcalibur\n|-supereffective|p2b: Arcanine\n|-damage|p2a: Baxcalibur|0 fnt\n|-damage|p2b: Arcanine|0 fnt\n|faint|p2a: Baxcalibur\n|faint|p2b: Arcanine\n|\n|upkeep\n|\n|t:|1684071548\n|switch|p2b: Flutter Mane|Flutter Mane, L50, shiny|100\/100\n|switch|p2a: Amoonguss|Amoonguss, L50, F, shiny|43\/100\n|turn|8\n|\n|t:|1684071569\n|-terastallize|p2b: Flutter Mane|Fairy\n|move|p2a: Amoonguss|Rage Powder|p2a: Amoonguss\n|-singleturn|p2a: Amoonguss|move: Rage Powder\n|move|p1b: Iron Bundle|Blizzard|p2a: Amoonguss|[spread] \n|-miss|p1b: Iron Bundle|p2a: Amoonguss\n|-miss|p1b: Iron Bundle|p2b: Flutter Mane\n|move|p2b: Flutter Mane|Shadow Ball|p1b: Iron Bundle\n|-damage|p1b: Iron Bundle|0 fnt\n|faint|p1b: Iron Bundle\n|-end|p1b: Iron Bundle|Quark Drive|[silent]\n|-damage|p2b: Flutter Mane|91\/100|[from] item: Life Orb\n|move|p1a: Ting-Lu|Rock Slide|p2a: Amoonguss|[spread] p2a,p2b\n|-damage|p2a: Amoonguss|18\/100\n|-damage|p2b: Flutter Mane|45\/100\n|\n|upkeep\n|turn|9\n|c| Whatsmath?|GG\n|\n|t:|1684071590\n|move|p2a: Amoonguss|Rage Powder|p2a: Amoonguss\n|-singleturn|p2a: Amoonguss|move: Rage Powder\n|move|p2b: Flutter Mane|Moonblast|p1a: Ting-Lu\n|-supereffective|p1a: Ting-Lu\n|-damage|p1a: Ting-Lu|0 fnt\n|faint|p1a: Ting-Lu\n|-damage|p2b: Flutter Mane|36\/100|[from] item: Life Orb\n|\n|win|Sanex1ty\n|c|\u2606Musfique18|Gg\n|c|\u2606Sanex1ty|Gg\n|l|\u2606Musfique18\n|l| Whatsmath?\n|l|\u2606Sanex1ty\n|j| Rowlet69420\n","uploadtime":1684071604,"views":13,"p1id":"musfique18","p2id":"sanex1ty","formatid":"gen9vgc2023regulationc","rating":0,"private":0,"password":""}