{"id":"gen9vgc2023regulationc-1847466452","p1":"I8Chez1ce","p2":"lingoth","format":"[Gen 9] VGC 2023 Regulation C","log":"|j|\u2606I8Chez1ce\n|j|\u2606lingoth\n|t:|1681958595\n|gametype|doubles\n|player|p1|I8Chez1ce|lucas|1031\n|player|p2|lingoth|hiker-gen4|1043\n|teamsize|p1|6\n|teamsize|p2|6\n|gen|9\n|tier|[Gen 9] VGC 2023 Regulation C\n|rated|\n|rule|Species Clause: Limit one of each Pok\u00e9mon\n|rule|Item Clause: Limit one of each item\n|clearpoke\n|poke|p1|Chien-Pao, L50|\n|poke|p1|Gyarados, L50, M|\n|poke|p1|Iron Hands, L50|\n|poke|p1|Dragonite, L50, M|\n|poke|p1|Amoonguss, L50, F|\n|poke|p1|Volcarona, L50, M|\n|poke|p2|Hatterene, L50, F|\n|poke|p2|Chi-Yu, L50|\n|poke|p2|Iron Hands, L50|\n|poke|p2|Foongus, L50, F|\n|poke|p2|Garganacl, L50, F|\n|poke|p2|Chien-Pao, L50|\n|teampreview|4\n|inactive|Battle timer is ON: inactive players will automatically lose when time's up. (requested by lingoth)\n|\n|t:|1681958635\n|start\n|switch|p1a: Gyarados|Gyarados, L50, M|100\/100\n|switch|p1b: Iron Hands|Iron Hands, L50|100\/100\n|switch|p2a: Iron Hands|Iron Hands, L50|100\/100\n|switch|p2b: Hatterene|Hatterene, L50, F|100\/100\n|-ability|p1a: Gyarados|Intimidate|boost\n|-unboost|p2a: Iron Hands|atk|1\n|-unboost|p2b: Hatterene|atk|1\n|turn|1\n|inactive|I8Chez1ce has 30 seconds left.\n|inactive|I8Chez1ce has 20 seconds left.\n|\n|t:|1681958672\n|-terastallize|p1a: Gyarados|Steel\n|move|p1b: Iron Hands|Fake Out|p2a: Iron Hands\n|-damage|p2a: Iron Hands|90\/100\n|cant|p2a: Iron Hands|flinch\n|move|p1a: Gyarados|Iron Head|p2b: Hatterene\n|-supereffective|p2b: Hatterene\n|-crit|p2b: Hatterene\n|-damage|p2b: Hatterene|0 fnt\n|faint|p2b: Hatterene\n|\n|upkeep\n|\n|t:|1681958691\n|switch|p2b: Foongus|Foongus, L50, F|100\/100\n|turn|2\n|inactive|I8Chez1ce has 30 seconds left.\n|\n|t:|1681958717\n|move|p1a: Gyarados|Protect|p1a: Gyarados\n|-singleturn|p1a: Gyarados|Protect\n|move|p1b: Iron Hands|Volt Switch|p2b: Foongus\n|-resisted|p2b: Foongus\n|-damage|p2b: Foongus|94\/100\n|\n|t:|1681958727\n|-end|p1b: Iron Hands|Quark Drive|[silent]\n|switch|p1b: Volcarona|Volcarona, L50, M|100\/100|[from] Volt Switch\n|move|p2a: Iron Hands|Volt Switch|p1a: Gyarados\n|-activate|p1a: Gyarados|move: Protect\n|move|p2b: Foongus|Spore|p1b: Volcarona\n|-status|p1b: Volcarona|slp|[from] move: Spore\n|\n|upkeep\n|turn|3\n|inactive|I8Chez1ce has 30 seconds left.\n|\n|t:|1681958761\n|switch|p1a: Iron Hands|Iron Hands, L50|100\/100\n|switch|p2b: Chien-Pao|Chien-Pao, L50|100\/100\n|-ability|p2b: Chien-Pao|Sword of Ruin\n|-terastallize|p2a: Iron Hands|Fighting\n|cant|p1b: Volcarona|slp\n|move|p2a: Iron Hands|Drain Punch|p1a: Iron Hands\n|-damage|p1a: Iron Hands|68\/100\n|-heal|p2a: Iron Hands|100\/100|[from] drain|[of] p1a: Iron Hands\n|\n|upkeep\n|turn|4\n|\n|t:|1681958785\n|switch|p2b: Foongus|Foongus, L50, F|100\/100\n|switch|p1b: Gyarados|Gyarados, L50, M, tera:Steel|100\/100\n|-ability|p1b: Gyarados|Intimidate|boost\n|-unboost|p2a: Iron Hands|atk|1\n|-unboost|p2b: Foongus|atk|1\n|move|p1a: Iron Hands|Fake Out|p2b: Foongus\n|-damage|p2b: Foongus|86\/100\n|move|p2a: Iron Hands|Volt Switch|p1a: Iron Hands\n|-resisted|p1a: Iron Hands\n|-damage|p1a: Iron Hands|63\/100\n|\n|t:|1681958800\n|-end|p2a: Iron Hands|Quark Drive|[silent]\n|switch|p2a: Chien-Pao|Chien-Pao, L50|100\/100|[from] Volt Switch\n|-ability|p2a: Chien-Pao|Sword of Ruin\n|\n|upkeep\n|turn|5\n|\n|t:|1681958817\n|switch|p2a: Iron Hands|Iron Hands, L50, tera:Fighting|100\/100\n|move|p1b: Gyarados|Iron Head|p2a: Iron Hands\n|-damage|p2a: Iron Hands|76\/100\n|move|p1a: Iron Hands|Drain Punch|p2a: Iron Hands\n|-damage|p2a: Iron Hands|46\/100\n|-heal|p1a: Iron Hands|77\/100|[from] drain|[of] p2a: Iron Hands\n|move|p2b: Foongus|Spore|p1a: Iron Hands\n|-status|p1a: Iron Hands|slp|[from] move: Spore\n|\n|upkeep\n|turn|6\n|\n|t:|1681958836\n|-end|p1a: Iron Hands|Quark Drive|[silent]\n|switch|p1a: Volcarona|Volcarona, L50, M|100\/100 slp\n|move|p1b: Gyarados|Protect|p1b: Gyarados\n|-singleturn|p1b: Gyarados|Protect\n|move|p2b: Foongus|Rage Powder|p2b: Foongus\n|-singleturn|p2b: Foongus|move: Rage Powder\n|move|p2a: Iron Hands|Drain Punch|p1b: Gyarados\n|-activate|p1b: Gyarados|move: Protect\n|\n|upkeep\n|turn|7\n|\n|t:|1681958852\n|switch|p1b: Iron Hands|Iron Hands, L50|77\/100 slp\n|move|p2b: Foongus|Rage Powder|p2b: Foongus\n|-singleturn|p2b: Foongus|move: Rage Powder\n|cant|p1a: Volcarona|slp\n|move|p2a: Iron Hands|Drain Punch|p1b: Iron Hands\n|-damage|p1b: Iron Hands|42\/100 slp\n|-heal|p2a: Iron Hands|65\/100|[from] drain|[of] p1b: Iron Hands\n|\n|upkeep\n|turn|8\n|\n|t:|1681958868\n|cant|p1b: Iron Hands|slp\n|-curestatus|p1a: Volcarona|slp|[msg]\n|move|p1a: Volcarona|Heat Wave|p2b: Foongus|[spread] p2a,p2b\n|-supereffective|p2b: Foongus\n|-damage|p2a: Iron Hands|40\/100\n|-damage|p2b: Foongus|14\/100\n|move|p2a: Iron Hands|Drain Punch|p1b: Iron Hands\n|-damage|p1b: Iron Hands|3\/100 slp\n|-heal|p2a: Iron Hands|61\/100|[from] drain|[of] p1b: Iron Hands\n|move|p2b: Foongus|Pollen Puff|p2a: Iron Hands\n|-heal|p2a: Iron Hands|100\/100\n|\n|upkeep\n|turn|9\n|inactive|lingoth has 30 seconds left.\n|\n|t:|1681958896\n|move|p2b: Foongus|Protect|p2b: Foongus\n|-singleturn|p2b: Foongus|Protect\n|move|p1a: Volcarona|Heat Wave|p2a: Iron Hands|[spread] \n|-activate|p2b: Foongus|move: Protect\n|-miss|p1a: Volcarona|p2a: Iron Hands\n|cant|p1b: Iron Hands|slp\n|move|p2a: Iron Hands|Thunder Punch|p1a: Volcarona\n|-damage|p1a: Volcarona|35\/100\n|-enditem|p1a: Volcarona|Sitrus Berry|[eat]\n|-heal|p1a: Volcarona|60\/100|[from] item: Sitrus Berry\n|\n|upkeep\n|turn|10\n|\n|t:|1681958916\n|-end|p1b: Iron Hands|Quark Drive|[silent]\n|switch|p1b: Gyarados|Gyarados, L50, M, tera:Steel|100\/100\n|-ability|p1b: Gyarados|Intimidate|boost\n|-unboost|p2a: Iron Hands|atk|1\n|-unboost|p2b: Foongus|atk|1\n|move|p1a: Volcarona|Heat Wave|p2a: Iron Hands|[spread] p2a,p2b\n|-supereffective|p2b: Foongus\n|-damage|p2a: Iron Hands|76\/100\n|-damage|p2b: Foongus|0 fnt\n|faint|p2b: Foongus\n|move|p2a: Iron Hands|Thunder Punch|p1a: Volcarona\n|-damage|p1a: Volcarona|15\/100\n|-status|p2a: Iron Hands|brn|[from] ability: Flame Body|[of] p1a: Volcarona\n|\n|-damage|p2a: Iron Hands|70\/100 brn|[from] brn\n|upkeep\n|\n|t:|1681958927\n|switch|p2b: Chien-Pao|Chien-Pao, L50|100\/100\n|-ability|p2b: Chien-Pao|Sword of Ruin\n|turn|11\n|\n|t:|1681958939\n|move|p1a: Volcarona|Protect|p1a: Volcarona\n|-singleturn|p1a: Volcarona|Protect\n|move|p2b: Chien-Pao|Ice Spinner|p1a: Volcarona\n|-activate|p1a: Volcarona|move: Protect\n|move|p1b: Gyarados|Iron Head|p2b: Chien-Pao\n|-supereffective|p2b: Chien-Pao\n|-damage|p2b: Chien-Pao|0 fnt\n|faint|p2b: Chien-Pao\n|move|p2a: Iron Hands|Drain Punch|p1b: Gyarados\n|-supereffective|p1b: Gyarados\n|-damage|p1b: Gyarados|55\/100\n|-heal|p2a: Iron Hands|87\/100 brn|[from] drain|[of] p1b: Gyarados\n|\n|-damage|p2a: Iron Hands|81\/100 brn|[from] brn\n|upkeep\n|turn|12\n|-message|lingoth forfeited.\n|\n|win|I8Chez1ce\n|raw|I8Chez1ce's rating: 1031 → 1068<\/strong> (+37 for winning)\n|raw|lingoth's rating: 1043 → 1026<\/strong> (-17 for losing)\n|l|\u2606lingoth\n","uploadtime":1681958974,"views":12,"p1id":"i8chez1ce","p2id":"lingoth","formatid":"gen9vgc2023regulationc","rating":1026,"private":0,"password":""}