{"id":"gen9vgc2023regulationc-1861521885","p1":"Sonic4lazer","p2":"RonJohn","format":"[Gen 9] VGC 2023 Regulation C","log":"|j|\u2606Sonic4lazer\n|j|\u2606RonJohn\n|t:|1683768274\n|gametype|doubles\n|player|p1|Sonic4lazer|unknown|1084\n|player|p2|RonJohn|266|1148\n|teamsize|p1|6\n|teamsize|p2|6\n|gen|9\n|tier|[Gen 9] VGC 2023 Regulation C\n|rated|\n|rule|Species Clause: Limit one of each Pok\u00e9mon\n|rule|Item Clause: Limit one of each item\n|clearpoke\n|poke|p1|Indeedee-F, L50, F|\n|poke|p1|Ceruledge, L50, F|\n|poke|p1|Iron Bundle, L50|\n|poke|p1|Flamigo, L50, M|\n|poke|p1|Grimmsnarl, L50, M|\n|poke|p1|Espeon, L50, F|\n|poke|p2|Flutter Mane, L50|\n|poke|p2|Orthworm, L50, M|\n|poke|p2|Dragonite, L50, M|\n|poke|p2|Amoonguss, L50, F|\n|poke|p2|Gyarados, L50, F|\n|poke|p2|Ting-Lu, L50|\n|teampreview|4\n|inactive|Battle timer is ON: inactive players will automatically lose when time's up. (requested by Sonic4lazer)\n|\n|t:|1683768300\n|start\n|switch|p1a: Ceruledge|Ceruledge, L50, F|100\/100\n|switch|p1b: Iron Bundle|Iron Bundle, L50|100\/100\n|switch|p2a: Gyarados|Gyarados, L50, F|100\/100\n|switch|p2b: Ting-Lu|Ting-Lu, L50|100\/100\n|-ability|p2a: Gyarados|Intimidate|boost\n|-unboost|p1a: Ceruledge|atk|1\n|-unboost|p1b: Iron Bundle|atk|1\n|-ability|p2b: Ting-Lu|Vessel of Ruin\n|turn|1\n|inactive|RonJohn has 30 seconds left.\n|\n|t:|1683768335\n|move|p1b: Iron Bundle|Protect|p1b: Iron Bundle\n|-singleturn|p1b: Iron Bundle|Protect\n|move|p1a: Ceruledge|Protect|p1a: Ceruledge\n|-singleturn|p1a: Ceruledge|Protect\n|move|p2a: Gyarados|Thunder Wave|p1b: Iron Bundle\n|-activate|p1b: Iron Bundle|move: Protect\n|move|p2b: Ting-Lu|Earthquake|p1b: Iron Bundle|[spread] \n|-activate|p1a: Ceruledge|move: Protect\n|-activate|p1b: Iron Bundle|move: Protect\n|-immune|p2a: Gyarados\n|\n|upkeep\n|turn|2\n|\n|t:|1683768358\n|move|p1b: Iron Bundle|Fling|p1a: Ceruledge\n|-supereffective|p1a: Ceruledge\n|-damage|p1a: Ceruledge|97\/100\n|-boost|p1a: Ceruledge|atk|1|[from] item: Liechi Berry\n|-ability|p1a: Ceruledge|Weak Armor|boost\n|-unboost|p1a: Ceruledge|def|1\n|-boost|p1a: Ceruledge|spe|2\n|-enditem|p1a: Ceruledge|Weakness Policy\n|-boost|p1a: Ceruledge|atk|2|[from] item: Weakness Policy\n|-boost|p1a: Ceruledge|spa|2|[from] item: Weakness Policy\n|-enditem|p1b: Iron Bundle|Liechi Berry|[from] move: Fling\n|move|p1a: Ceruledge|Close Combat|p2b: Ting-Lu\n|-supereffective|p2b: Ting-Lu\n|-damage|p2b: Ting-Lu|0 fnt\n|-unboost|p1a: Ceruledge|def|1\n|-unboost|p1a: Ceruledge|spd|1\n|faint|p2b: Ting-Lu\n|move|p2a: Gyarados|Waterfall|p1a: Ceruledge\n|-supereffective|p1a: Ceruledge\n|-damage|p1a: Ceruledge|0 fnt\n|faint|p1a: Ceruledge\n|\n|upkeep\n|\n|t:|1683768379\n|switch|p1a: Grimmsnarl|Grimmsnarl, L50, M|100\/100\n|switch|p2b: Orthworm|Orthworm, L50, M|100\/100\n|turn|3\n|inactive|RonJohn has 30 seconds left.\n|\n|t:|1683768406\n|move|p2b: Orthworm|Protect|p2b: Orthworm\n|-singleturn|p2b: Orthworm|Protect\n|move|p1a: Grimmsnarl|Fake Out|p2b: Orthworm\n|-activate|p2b: Orthworm|move: Protect\n|move|p1b: Iron Bundle|Freeze-Dry|p2a: Gyarados\n|-supereffective|p2a: Gyarados\n|-damage|p2a: Gyarados|0 fnt\n|faint|p2a: Gyarados\n|\n|upkeep\n|\n|t:|1683768415\n|switch|p2a: Dragonite|Dragonite, L50, M|100\/100\n|turn|4\n|\n|t:|1683768430\n|switch|p1a: Indeedee|Indeedee-F, L50, F|100\/100\n|-fieldstart|move: Psychic Terrain|[from] ability: Psychic Surge|[of] p1a: Indeedee\n|move|p1b: Iron Bundle|Freeze-Dry|p2a: Dragonite\n|-supereffective|p2a: Dragonite\n|-damage|p2a: Dragonite|20\/100\n|-status|p2a: Dragonite|frz\n|-enditem|p2a: Dragonite|Lum Berry|[eat]\n|-curestatus|p2a: Dragonite|frz|[msg]\n|move|p2a: Dragonite|Earthquake|p1a: Indeedee|[spread] p1a,p1b\n|-immune|p2b: Orthworm|[from] ability: Earth Eater\n|-damage|p1a: Indeedee|62\/100\n|-damage|p1b: Iron Bundle|63\/100\n|move|p2b: Orthworm|Body Press|p1b: Iron Bundle\n|-supereffective|p1b: Iron Bundle\n|-damage|p1b: Iron Bundle|2\/100\n|\n|upkeep\n|turn|5\n|inactive|RonJohn has 30 seconds left.\n|\n|t:|1683768461\n|move|p1b: Iron Bundle|Freeze-Dry|p2a: Dragonite\n|-supereffective|p2a: Dragonite\n|-damage|p2a: Dragonite|0 fnt\n|faint|p2a: Dragonite\n|move|p1a: Indeedee|Energy Ball|p2b: Orthworm\n|-resisted|p2b: Orthworm\n|-damage|p2b: Orthworm|77\/100\n|move|p2b: Orthworm|Shed Tail|p2b: Orthworm\n|-fail|p2b: Orthworm\n|\n|upkeep\n|turn|6\n|\n|t:|1683768478\n|move|p1b: Iron Bundle|Freeze-Dry|p2b: Orthworm\n|-resisted|p2b: Orthworm\n|-damage|p2b: Orthworm|50\/100\n|-enditem|p2b: Orthworm|Sitrus Berry|[eat]\n|-heal|p2b: Orthworm|75\/100|[from] item: Sitrus Berry\n|move|p1a: Indeedee|Energy Ball|p2b: Orthworm\n|-resisted|p2b: Orthworm\n|-damage|p2b: Orthworm|52\/100\n|move|p2b: Orthworm|Heavy Slam|p1b: Iron Bundle\n|-damage|p1b: Iron Bundle|0 fnt\n|faint|p1b: Iron Bundle\n|-end|p1b: Iron Bundle|Quark Drive|[silent]\n|\n|upkeep\n|\n|t:|1683768483\n|switch|p1b: Grimmsnarl|Grimmsnarl, L50, M|100\/100\n|turn|7\n|inactive|RonJohn has 30 seconds left.\n|\n|t:|1683768512\n|move|p1a: Indeedee|Energy Ball|p2b: Orthworm\n|-resisted|p2b: Orthworm\n|-damage|p2b: Orthworm|31\/100\n|-unboost|p2b: Orthworm|spd|1\n|move|p1b: Grimmsnarl|Spirit Break|p2b: Orthworm\n|-resisted|p2b: Orthworm\n|-damage|p2b: Orthworm|18\/100\n|-unboost|p2b: Orthworm|spa|1\n|move|p2b: Orthworm|Body Press|p1b: Grimmsnarl\n|-damage|p1b: Grimmsnarl|66\/100\n|\n|upkeep\n|turn|8\n|\n|t:|1683768524\n|move|p1a: Indeedee|Energy Ball|p2b: Orthworm\n|-resisted|p2b: Orthworm\n|-damage|p2b: Orthworm|0 fnt\n|faint|p2b: Orthworm\n|\n|win|Sonic4lazer\n|raw|Sonic4lazer's rating: 1084 → 1116<\/strong> (+32 for winning)\n|raw|RonJohn's rating: 1148 → 1118<\/strong> (-30 for losing)\n|l|\u2606Sonic4lazer\n","uploadtime":1683768533,"views":15,"p1id":"sonic4lazer","p2id":"ronjohn","formatid":"gen9vgc2023regulationc","rating":1116,"private":0,"password":""}