{"id":"gen9vgc2023regulationc-1862346318","p1":"Kur0Desu","p2":"jchemmy","format":"[Gen 9] VGC 2023 Regulation C","log":"|j|\u2606Kur0Desu\n|j|\u2606jchemmy\n|t:|1683870060\n|gametype|doubles\n|player|p1|Kur0Desu|lillie-masters2|1338\n|player|p2|jchemmy|brock|1417\n|teamsize|p1|6\n|teamsize|p2|6\n|gen|9\n|tier|[Gen 9] VGC 2023 Regulation C\n|rated|\n|rule|Species Clause: Limit one of each Pok\u00e9mon\n|rule|Item Clause: Limit one of each item\n|clearpoke\n|poke|p1|Iron Hands, L50|\n|poke|p1|Chien-Pao, L50|\n|poke|p1|Amoonguss, L50, M|\n|poke|p1|Ting-Lu, L50|\n|poke|p1|Palafin, L50, F|\n|poke|p1|Arcanine, L50, M|\n|poke|p2|Flutter Mane, L50|\n|poke|p2|Ting-Lu, L50|\n|poke|p2|Baxcalibur, L50, M|\n|poke|p2|Palafin, L50, M|\n|poke|p2|Arcanine, L50, M|\n|poke|p2|Amoonguss, L50, F|\n|teampreview|4\n|inactive|Battle timer is ON: inactive players will automatically lose when time's up. (requested by jchemmy)\njchemmy has agreed to open team sheets.\n|inactive|Kur0Desu has 60 seconds left.\n|\n|t:|1683870096\n|start\n|switch|p1a: Iron Hands|Iron Hands, L50|100\/100\n|switch|p1b: Palafin|Palafin, L50, F|100\/100\n|switch|p2a: Palafin|Palafin, L50, M|100\/100\n|switch|p2b: Flutter Mane|Flutter Mane, L50|100\/100\n|-enditem|p1a: Iron Hands|Booster Energy\n|-activate|p1a: Iron Hands|ability: Quark Drive|[fromitem]\n|-start|p1a: Iron Hands|quarkdriveatk\n|turn|1\n|\n|t:|1683870117\n|detailschange|p2a: Palafin|Palafin-Hero, L50, M\n|switch|p2a: Arcanine|Arcanine, L50, M|100\/100\n|-ability|p2a: Arcanine|Intimidate|boost\n|-unboost|p1a: Iron Hands|atk|1\n|-unboost|p1b: Palafin|atk|1\n|-end|p1a: Iron Hands|Quark Drive|[silent]\n|switch|p1a: Chien-Pao|Chien-Pao, L50|100\/100\n|-ability|p1a: Chien-Pao|Sword of Ruin\n|-terastallize|p1b: Palafin|Water\n|move|p1b: Palafin|Jet Punch|p2b: Flutter Mane\n|-damage|p2b: Flutter Mane|40\/100\n|move|p2b: Flutter Mane|Dazzling Gleam|p1a: Chien-Pao|[spread] p1a,p1b\n|-supereffective|p1a: Chien-Pao\n|-enditem|p1a: Chien-Pao|Focus Sash\n|-damage|p1a: Chien-Pao|1\/100\n|-damage|p1b: Palafin|46\/100\n|\n|upkeep\n|turn|2\n|\n|t:|1683870138\n|-end|p2b: Flutter Mane|Protosynthesis|[silent]\n|switch|p2b: Palafin|Palafin-Hero, L50, M|100\/100\n|-activate|p2b: Palafin|ability: Zero to Hero\n|detailschange|p1b: Palafin|Palafin-Hero, L50, F, tera:Water\n|switch|p1b: Arcanine|Arcanine, L50, M|100\/100\n|-ability|p1b: Arcanine|Intimidate|boost\n|-unboost|p2a: Arcanine|atk|1\n|-unboost|p2b: Palafin|atk|1\n|move|p1a: Chien-Pao|Protect|p1a: Chien-Pao\n|-singleturn|p1a: Chien-Pao|Protect\n|move|p2a: Arcanine|Protect||[still]\n|-fail|p2a: Arcanine\n|\n|upkeep\n|turn|3\n|inactive|jchemmy has 30 seconds left.\n|\n|t:|1683870166\n|switch|p1a: Iron Hands|Iron Hands, L50|100\/100\n|-terastallize|p2b: Palafin|Water\n|move|p2b: Palafin|Jet Punch|p1b: Arcanine\n|-supereffective|p1b: Arcanine\n|-damage|p1b: Arcanine|8\/100\n|move|p2a: Arcanine|Howl|p2a: Arcanine|[spread] p2a,p2b\n|-boost|p2a: Arcanine|atk|1\n|-boost|p2b: Palafin|atk|1\n|move|p1b: Arcanine|Will-O-Wisp|p2b: Palafin\n|-status|p2b: Palafin|brn\n|\n|-damage|p2b: Palafin|95\/100 brn|[from] brn\n|upkeep\n|turn|4\n|inactive|jchemmy has 30 seconds left.\n|inactive|Kur0Desu has 30 seconds left.\n|\n|t:|1683870198\n|move|p1b: Arcanine|Protect|p1b: Arcanine\n|-singleturn|p1b: Arcanine|Protect\n|move|p2b: Palafin|Jet Punch|p1b: Arcanine\n|-activate|p1b: Arcanine|move: Protect\n|move|p2a: Arcanine|Will-O-Wisp|p1a: Iron Hands\n|-status|p1a: Iron Hands|brn\n|move|p1a: Iron Hands|Drain Punch|p2b: Palafin\n|-damage|p2b: Palafin|74\/100 brn\n|\n|-damage|p2b: Palafin|69\/100 brn|[from] brn\n|-damage|p1a: Iron Hands|94\/100 brn|[from] brn\n|upkeep\n|turn|5\n|\n|t:|1683870220\n|switch|p2b: Amoonguss|Amoonguss, L50, F|100\/100\n|move|p1b: Arcanine|Extreme Speed|p2b: Amoonguss\n|-crit|p2b: Amoonguss\n|-damage|p2b: Amoonguss|70\/100\n|move|p2a: Arcanine|Will-O-Wisp|p1b: Arcanine\n|-immune|p1b: Arcanine\n|move|p1a: Iron Hands|Drain Punch|p2b: Amoonguss\n|-resisted|p2b: Amoonguss\n|-damage|p2b: Amoonguss|62\/100\n|-heal|p1a: Iron Hands|98\/100 brn|[from] drain|[of] p2b: Amoonguss\n|\n|-damage|p1a: Iron Hands|92\/100 brn|[from] brn\n|upkeep\n|turn|6\n|\n|t:|1683870242\n|switch|p2b: Palafin|Palafin-Hero, L50, M, tera:Water|69\/100 brn\n|move|p2a: Arcanine|Howl|p2a: Arcanine|[spread] p2a,p2b\n|-boost|p2a: Arcanine|atk|1\n|-boost|p2b: Palafin|atk|1\n|move|p1b: Arcanine|Flare Blitz|p2b: Palafin\n|-resisted|p2b: Palafin\n|-damage|p2b: Palafin|45\/100 brn\n|-damage|p1b: Arcanine|0 fnt|[from] Recoil\n|faint|p1b: Arcanine\n|move|p1a: Iron Hands|Drain Punch|p2a: Arcanine\n|-damage|p2a: Arcanine|77\/100\n|-heal|p1a: Iron Hands|100\/100 brn|[from] drain|[of] p2a: Arcanine\n|\n|-damage|p2b: Palafin|39\/100 brn|[from] brn\n|-damage|p1a: Iron Hands|94\/100 brn|[from] brn\n|upkeep\n|\n|t:|1683870255\n|switch|p1b: Palafin|Palafin-Hero, L50, F, tera:Water|46\/100\n|-activate|p1b: Palafin|ability: Zero to Hero\n|turn|7\n|inactive|jchemmy has 30 seconds left.\n|\n|t:|1683870281\n|switch|p2a: Amoonguss|Amoonguss, L50, F|95\/100\n|-end|p1a: Iron Hands|Quark Drive|[silent]\n|switch|p1a: Chien-Pao|Chien-Pao, L50|1\/100\n|-ability|p1a: Chien-Pao|Sword of Ruin\n|move|p2b: Palafin|Protect|p2b: Palafin\n|-singleturn|p2b: Palafin|Protect\n|move|p1b: Palafin|Jet Punch|p2b: Palafin\n|-activate|p2b: Palafin|move: Protect\n|\n|-damage|p2b: Palafin|33\/100 brn|[from] brn\n|upkeep\n|turn|8\n|\n|t:|1683870296\n|move|p1b: Palafin|Jet Punch|p2b: Palafin\n|-resisted|p2b: Palafin\n|-damage|p2b: Palafin|0 fnt\n|faint|p2b: Palafin\n|move|p1a: Chien-Pao|Ice Spinner|p2a: Amoonguss\n|-supereffective|p2a: Amoonguss\n|-damage|p2a: Amoonguss|8\/100\n|-enditem|p2a: Amoonguss|Sitrus Berry|[eat]\n|-heal|p2a: Amoonguss|33\/100|[from] item: Sitrus Berry\n|move|p2a: Amoonguss|Spore|p1b: Palafin\n|-status|p1b: Palafin|slp|[from] move: Spore\n|\n|upkeep\n|\n|t:|1683870309\n|switch|p2b: Flutter Mane|Flutter Mane, L50|40\/100\n|turn|9\n|\n|t:|1683870319\n|switch|p1b: Iron Hands|Iron Hands, L50|94\/100 brn\n|move|p1a: Chien-Pao|Protect|p1a: Chien-Pao\n|-singleturn|p1a: Chien-Pao|Protect\n|move|p2a: Amoonguss|Rage Powder|p2a: Amoonguss\n|-singleturn|p2a: Amoonguss|move: Rage Powder\n|move|p2b: Flutter Mane|Dazzling Gleam|p1a: Chien-Pao|[spread] p1b\n|-activate|p1a: Chien-Pao|move: Protect\n|-supereffective|p1b: Iron Hands\n|-crit|p1b: Iron Hands\n|-damage|p1b: Iron Hands|0 fnt\n|faint|p1b: Iron Hands\n|-end|p1b: Iron Hands|Quark Drive|[silent]\n|\n|upkeep\n|\n|t:|1683870329\n|switch|p1b: Palafin|Palafin-Hero, L50, F, tera:Water|46\/100 slp\n|turn|10\n|-message|Kur0Desu forfeited.\n|\n|win|jchemmy\n|raw|Kur0Desu's rating: 1338 → 1322<\/strong> (-16 for losing)\n|raw|jchemmy's rating: 1417 → 1433<\/strong> (+16 for winning)\n|l|\u2606Kur0Desu\n","uploadtime":1683870334,"views":13,"p1id":"kur0desu","p2id":"jchemmy","formatid":"gen9vgc2023regulationc","rating":1322,"private":0,"password":""}