{"id":"gen9vgc2023regulationc-1862015532","p1":"ilpid","p2":"EldyOnetrick","format":"[Gen 9] VGC 2023 Regulation C","log":"|j|\u2606ilpid\n|j|\u2606EldyOnetrick\n|t:|1683829004\n|gametype|doubles\n|player|p1|ilpid|blaine|1184\n|player|p2|EldyOnetrick|scientist-gen4dp|1266\n|teamsize|p1|6\n|teamsize|p2|6\n|gen|9\n|tier|[Gen 9] VGC 2023 Regulation C\n|rated|\n|rule|Species Clause: Limit one of each Pok\u00e9mon\n|rule|Item Clause: Limit one of each item\n|clearpoke\n|poke|p1|Armarouge, L50, F|\n|poke|p1|Dachsbun, L50, F|\n|poke|p1|Coalossal, L50, M|\n|poke|p1|Baxcalibur, L50, M|\n|poke|p1|Chi-Yu, L50|\n|poke|p1|Bruxish, L50, F|\n|poke|p2|Iron Moth, L50|\n|poke|p2|Roaring Moon, L50|\n|poke|p2|Glimmora, L50, F|\n|poke|p2|Baxcalibur, L50, F|\n|poke|p2|Rotom-Wash, L50|\n|poke|p2|Talonflame, L50, M|\n|teampreview|4\n|c|\u2606EldyOnetrick|i am scared\n|inactive|Battle timer is ON: inactive players will automatically lose when time's up. (requested by EldyOnetrick)\n|\n|t:|1683829078\n|start\n|switch|p1a: Coalossal|Coalossal, L50, M|100\/100\n|switch|p1b: Bruxish|Bruxish, L50, F|100\/100\n|switch|p2a: Talonflame|Talonflame, L50, M|100\/100\n|switch|p2b: Iron Moth|Iron Moth, L50|100\/100\n|turn|1\n|\n|t:|1683829090\n|-terastallize|p2b: Iron Moth|Water\n|move|p1a: Coalossal|Protect|p1a: Coalossal\n|-singleturn|p1a: Coalossal|Protect\n|move|p2a: Talonflame|Tailwind|p2a: Talonflame\n|-sidestart|p2: EldyOnetrick|move: Tailwind\n|move|p2b: Iron Moth|Tera Blast|p1a: Coalossal\n|-activate|p1a: Coalossal|move: Protect\n|move|p1b: Bruxish|Trick Room|p1b: Bruxish\n|-fieldstart|move: Trick Room|[of] p1b: Bruxish\n|\n|upkeep\n|turn|2\n|inactive|ilpid has 30 seconds left.\n|inactive|ilpid has 20 seconds left.\n|\n|t:|1683829125\n|-terastallize|p1a: Coalossal|Grass\n|move|p2a: Talonflame|Protect|p2a: Talonflame\n|-singleturn|p2a: Talonflame|Protect\n|move|p1a: Coalossal|Tera Blast|p2b: Iron Moth\n|-supereffective|p2b: Iron Moth\n|-damage|p2b: Iron Moth|27\/100\n|move|p1b: Bruxish|Chilling Water|p2a: Talonflame\n|-activate|p2a: Talonflame|move: Protect\n|move|p2b: Iron Moth|Tera Blast|p1a: Coalossal\n|-resisted|p1a: Coalossal\n|-damage|p1a: Coalossal|67\/100\n|-ability|p1a: Coalossal|Steam Engine|boost\n|-boost|p1a: Coalossal|spe|6\n|-enditem|p1a: Coalossal|Absorb Bulb\n|-boost|p1a: Coalossal|spa|1|[from] item: Absorb Bulb\n|\n|upkeep\n|turn|3\n|\n|t:|1683829143\n|-end|p2b: Iron Moth|Quark Drive|[silent]\n|switch|p2b: Glimmora|Glimmora, L50, F|100\/100\n|move|p1a: Coalossal|Protect|p1a: Coalossal\n|-singleturn|p1a: Coalossal|Protect\n|move|p2a: Talonflame|Brave Bird||[still]\n|cant|p1b: Bruxish|ability: Dazzling|Brave Bird|[of] p2a: Talonflame\n|move|p1b: Bruxish|Chilling Water|p2a: Talonflame\n|-supereffective|p2a: Talonflame\n|-damage|p2a: Talonflame|64\/100\n|-unboost|p2a: Talonflame|atk|1\n|\n|upkeep\n|turn|4\n|inactive|ilpid has 30 seconds left.\n|\n|t:|1683829174\n|move|p2a: Talonflame|Protect|p2a: Talonflame\n|-singleturn|p2a: Talonflame|Protect\n|move|p1b: Bruxish|Aqua Jet|p2a: Talonflame\n|-activate|p2a: Talonflame|move: Protect\n|move|p2b: Glimmora|Sludge Bomb|p1a: Coalossal\n|-supereffective|p1a: Coalossal\n|-damage|p1a: Coalossal|0 fnt\n|faint|p1a: Coalossal\n|\n|-sideend|p2: EldyOnetrick|move: Tailwind\n|upkeep\n|\n|t:|1683829193\n|switch|p1a: Armarouge|Armarouge, L50, F|100\/100\n|turn|5\n|\n|t:|1683829205\n|switch|p2a: Rotom|Rotom-Wash, L50|100\/100\n|move|p1a: Armarouge|Energy Ball|p2b: Glimmora\n|-damage|p2b: Glimmora|77\/100\n|move|p1b: Bruxish|Chilling Water|p2a: Rotom\n|-resisted|p2a: Rotom\n|-damage|p2a: Rotom|95\/100\n|-unboost|p2a: Rotom|atk|1\n|move|p2b: Glimmora|Power Gem|p1a: Armarouge\n|-supereffective|p1a: Armarouge\n|-damage|p1a: Armarouge|7\/100\n|\n|-fieldend|move: Trick Room\n|upkeep\n|turn|6\n|\n|t:|1683829220\n|move|p1a: Armarouge|Protect|p1a: Armarouge\n|-singleturn|p1a: Armarouge|Protect\n|move|p2b: Glimmora|Power Gem|p1a: Armarouge\n|-activate|p1a: Armarouge|move: Protect\n|move|p2a: Rotom|Volt Switch|p1b: Bruxish\n|-supereffective|p1b: Bruxish\n|-damage|p1b: Bruxish|41\/100\n|\n|t:|1683829229\n|switch|p2a: Iron Moth|Iron Moth, L50, tera:Water|27\/100|[from] Volt Switch\n|move|p1b: Bruxish|Trick Room|p1b: Bruxish\n|-fieldstart|move: Trick Room|[of] p1b: Bruxish\n|\n|upkeep\n|turn|7\n|\n|t:|1683829242\n|-end|p2a: Iron Moth|Quark Drive|[silent]\n|switch|p2a: Rotom|Rotom-Wash, L50|95\/100\n|move|p1a: Armarouge|Energy Ball|p2a: Rotom\n|-supereffective|p2a: Rotom\n|-crit|p2a: Rotom\n|-damage|p2a: Rotom|2\/100\n|-enditem|p2a: Rotom|Sitrus Berry|[eat]\n|-heal|p2a: Rotom|27\/100|[from] item: Sitrus Berry\n|move|p1b: Bruxish|Chilling Water|p2a: Rotom\n|-resisted|p2a: Rotom\n|-damage|p2a: Rotom|21\/100\n|-unboost|p2a: Rotom|atk|1\n|move|p2b: Glimmora|Power Gem|p1a: Armarouge\n|-supereffective|p1a: Armarouge\n|-damage|p1a: Armarouge|0 fnt\n|faint|p1a: Armarouge\n|\n|upkeep\n|\n|t:|1683829256\n|switch|p1a: Baxcalibur|Baxcalibur, L50, M|100\/100\n|turn|8\n|\n|t:|1683829278\n|move|p1a: Baxcalibur|Protect|p1a: Baxcalibur\n|-singleturn|p1a: Baxcalibur|Protect\n|move|p1b: Bruxish|Aqua Jet|p2b: Glimmora\n|-supereffective|p2b: Glimmora\n|-crit|p2b: Glimmora\n|-damage|p2b: Glimmora|32\/100\n|-activate|p2b: Glimmora|ability: Toxic Debris\n|-sidestart|p1: ilpid|move: Toxic Spikes\n|move|p2a: Rotom|Volt Switch|p1b: Bruxish\n|-supereffective|p1b: Bruxish\n|-damage|p1b: Bruxish|0 fnt\n|faint|p1b: Bruxish\n|\n|t:|1683829303\n|switch|p2a: Iron Moth|Iron Moth, L50, tera:Water|27\/100|[from] Volt Switch\n|move|p2b: Glimmora|Power Gem|p1a: Baxcalibur\n|-activate|p1a: Baxcalibur|move: Protect\n|\n|upkeep\n|turn|9\n|\n|t:|1683829316\n|move|p2b: Glimmora|Power Gem|p1a: Baxcalibur\n|-supereffective|p1a: Baxcalibur\n|-damage|p1a: Baxcalibur|18\/100\n|move|p1a: Baxcalibur|Icicle Spear|p2b: Glimmora\n|-damage|p2b: Glimmora|17\/100\n|-activate|p2b: Glimmora|ability: Toxic Debris\n|-sidestart|p1: ilpid|move: Toxic Spikes\n|-damage|p2b: Glimmora|1\/100\n|-damage|p2b: Glimmora|0 fnt\n|faint|p2b: Glimmora\n|-hitcount|p2: Glimmora|3\n|move|p2a: Iron Moth|Acid Spray|p1a: Baxcalibur\n|-damage|p1a: Baxcalibur|0 fnt\n|faint|p1a: Baxcalibur\n|\n|win|EldyOnetrick\n|raw|ilpid's rating: 1184 → 1165<\/strong> (-19 for losing)\n|raw|EldyOnetrick's rating: 1266 → 1285<\/strong> (+19 for winning)\n|l|\u2606ilpid\n","uploadtime":1683829326,"views":17,"p1id":"ilpid","p2id":"eldyonetrick","formatid":"gen9vgc2023regulationc","rating":1165,"private":0,"password":""}