{"id":"gen9vgc2023regulationc-1851409388","p1":"FrogChamp1081","p2":"Topperlecat","format":"[Gen 9] VGC 2023 Regulation C","log":"|j|\u2606FrogChamp1081\n|j|\u2606Topperlecat\n|t:|1682442817\n|gametype|doubles\n|player|p1|FrogChamp1081|101|1026\n|player|p2|Topperlecat|n|1125\n|teamsize|p1|6\n|teamsize|p2|6\n|gen|9\n|tier|[Gen 9] VGC 2023 Regulation C\n|rated|\n|rule|Species Clause: Limit one of each Pok\u00e9mon\n|rule|Item Clause: Limit one of each item\n|clearpoke\n|poke|p1|Palafin, L50, M|\n|poke|p1|Arcanine, L50, M|\n|poke|p1|Flutter Mane, L50|\n|poke|p1|Ceruledge, L50, F|\n|poke|p1|Baxcalibur, L50, M|\n|poke|p1|Crabominable, L50, M|\n|poke|p2|Flutter Mane, L50|\n|poke|p2|Stonjourner, L50, M|\n|poke|p2|Chansey, L50, F|\n|poke|p2|Bonsly, L50, F|\n|poke|p2|Magikarp, L50, F|\n|poke|p2|Shelgon, L50, F|\n|teampreview|4\nTopperlecat has agreed to open team sheets.\n|c|\u2606Topperlecat|Glhf\nFrogChamp1081 has agreed to open team sheets.\n|c|\u2606Topperlecat|Look at my obviously very serious team\n|c|\u2606FrogChamp1081|i like it\n|\n|t:|1682442864\n|start\n|switch|p1a: Palafin|Palafin, L50, M|100\/100\n|switch|p1b: Arcanine|Arcanine, L50, M|100\/100\n|switch|p2a: Flutter Mane|Flutter Mane, L50|100\/100\n|switch|p2b: Stonjourner|Stonjourner, L50, M|100\/100\n|-ability|p1b: Arcanine|Intimidate|boost\n|-unboost|p2a: Flutter Mane|atk|1\n|-unboost|p2b: Stonjourner|atk|1\n|turn|1\n|c|\u2606FrogChamp1081|stonjourner is awesome\n|j| CyborgCrafter\n|\n|t:|1682442883\n|-end|p2a: Flutter Mane|Protosynthesis|[silent]\n|switch|p2a: Shelgon|Shelgon, L50, F|100\/100\n|move|p1b: Arcanine|Protect|p1b: Arcanine\n|-singleturn|p1b: Arcanine|Protect\n|move|p1a: Palafin|Wave Crash|p2b: Stonjourner\n|-supereffective|p2b: Stonjourner\n|-damage|p2b: Stonjourner|29\/100\n|-damage|p1a: Palafin|72\/100|[from] Recoil\n|-damage|p1a: Palafin|63\/100|[from] item: Life Orb\n|move|p2b: Stonjourner|Hyper Beam|p1b: Arcanine\n|-activate|p1b: Arcanine|move: Protect\n|\n|upkeep\n|turn|2\n|c|\u2606Topperlecat|Ikr\n|\n|t:|1682442898\n|move|p1a: Palafin|Flip Turn|p2b: Stonjourner\n|-supereffective|p2b: Stonjourner\n|-damage|p2b: Stonjourner|0 fnt\n|faint|p2b: Stonjourner\n|-damage|p1a: Palafin|53\/100|[from] item: Life Orb\n|\n|t:|1682442906\n|detailschange|p1a: Palafin|Palafin-Hero, L50, M\n|switch|p1a: Baxcalibur|Baxcalibur, L50, M|100\/100|[from] Flip Turn\n|move|p1b: Arcanine|Flame Charge|p2a: Shelgon\n|-resisted|p2a: Shelgon\n|-damage|p2a: Shelgon|88\/100\n|-boost|p1b: Arcanine|spe|1\n|move|p2a: Shelgon|Dragon Dance|p2a: Shelgon\n|-boost|p2a: Shelgon|atk|1\n|-boost|p2a: Shelgon|spe|1\n|\n|upkeep\n|\n|t:|1682442915\n|switch|p2b: Flutter Mane|Flutter Mane, L50|100\/100\n|turn|3\n|\n|t:|1682442936\n|-terastallize|p2a: Shelgon|Dragon\n|-terastallize|p1a: Baxcalibur|Steel\n|move|p2b: Flutter Mane|Giga Impact|p1b: Arcanine\n|-damage|p1b: Arcanine|52\/100\n|-mustrecharge|p2b: Flutter Mane\n|move|p1b: Arcanine|Will-O-Wisp|p2a: Shelgon\n|-status|p2a: Shelgon|brn\n|move|p2a: Shelgon|Dragon Rush|p1a: Baxcalibur\n|-resisted|p1a: Baxcalibur\n|-damage|p1a: Baxcalibur|78\/100\n|cant|p1a: Baxcalibur|flinch\n|\n|-damage|p2a: Shelgon|82\/100 brn|[from] brn\n|upkeep\n|turn|4\n|c|\u2606Topperlecat|Why does that do 44% without burn lmao\n|c|\u2606Topperlecat|that's literally an ohko without tera steel and burn lmaooo\n|\n|t:|1682442988\n|move|p1b: Arcanine|Protect|p1b: Arcanine\n|-singleturn|p1b: Arcanine|Protect\n|cant|p2b: Flutter Mane|recharge\n|move|p2a: Shelgon|Dragon Rush|p1a: Baxcalibur|[miss]\n|-miss|p2a: Shelgon|p1a: Baxcalibur\n|move|p1a: Baxcalibur|Iron Head|p2b: Flutter Mane\n|-supereffective|p2b: Flutter Mane\n|-damage|p2b: Flutter Mane|0 fnt\n|faint|p2b: Flutter Mane\n|-end|p2b: Flutter Mane|Protosynthesis|[silent]\n|\n|-damage|p2a: Shelgon|76\/100 brn|[from] brn\n|upkeep\n|\n|t:|1682442998\n|switch|p2b: Chansey|Chansey, L50, F|100\/100\n|turn|5\n|\n|t:|1682443009\n|move|p1b: Arcanine|Flame Charge|p2a: Shelgon\n|-resisted|p2a: Shelgon\n|-damage|p2a: Shelgon|63\/100 brn\n|-boost|p1b: Arcanine|spe|1\n|move|p2a: Shelgon|Double-Edge|p1b: Arcanine\n|-damage|p1b: Arcanine|23\/100\n|move|p1a: Baxcalibur|Iron Head|p2a: Shelgon\n|-damage|p2a: Shelgon|0 fnt\n|faint|p2a: Shelgon\n|move|p2b: Chansey|Chilling Water|p1b: Arcanine\n|-supereffective|p1b: Arcanine\n|-crit|p1b: Arcanine\n|-damage|p1b: Arcanine|0 fnt\n|faint|p1b: Arcanine\n|-damage|p2b: Chansey|91\/100|[from] item: Life Orb\n|\n|upkeep\n|\n|t:|1682443019\n|switch|p1b: Flutter Mane|Flutter Mane, L50|100\/100\n|turn|6\n|\n|t:|1682443029\n|move|p1b: Flutter Mane|Moonblast|p2b: Chansey\n|-damage|p2b: Chansey|58\/100\n|move|p1a: Baxcalibur|Iron Head|p2b: Chansey\n|-damage|p2b: Chansey|0 fnt\n|faint|p2b: Chansey\n|\n|win|FrogChamp1081\n|raw|FrogChamp1081's rating: 1026 → 1072<\/strong> (+46 for winning)\n|raw|Topperlecat's rating: 1125 → 1093<\/strong> (-32 for losing)\n|c|\u2606Topperlecat|gg\n|c|\u2606FrogChamp1081|gg\n|l|\u2606FrogChamp1081\n","uploadtime":1682443042,"views":5,"p1id":"frogchamp1081","p2id":"topperlecat","formatid":"gen9vgc2023regulationc","rating":1072,"private":0,"password":""}