{"id":"gen9vgc2023regulationc-1864235549","p1":"redbullcyndaquil","p2":"Raderph","format":"[Gen 9] VGC 2023 Regulation C","log":"|j|\u2606redbullcyndaquil\n|j|\u2606Raderph\n|t:|1684141980\n|gametype|doubles\n|player|p1|redbullcyndaquil|102|\n|player|p2|Raderph|hiker|\n|teamsize|p1|6\n|teamsize|p2|6\n|gen|9\n|tier|[Gen 9] VGC 2023 Regulation C\n|rule|Species Clause: Limit one of each Pok\u00e9mon\n|rule|Item Clause: Limit one of each item\n|clearpoke\n|poke|p1|Abomasnow, L50, F|\n|poke|p1|Armarouge, L50, M|\n|poke|p1|Cetitan, L50, F|\n|poke|p1|Orthworm, L50, F|\n|poke|p1|Iron Bundle, L50|\n|poke|p1|Maushold, L50|\n|poke|p2|Grimmsnarl, L50, M|\n|poke|p2|Volcarona, L50, F|\n|poke|p2|Lilligant, L50, F|\n|poke|p2|Lokix, L50, F|\n|poke|p2|Iron Valiant, L50|\n|poke|p2|Oricorio-Pom-Pom, L50, F|\n|teampreview|4\nredbullcyndaquil has agreed to open team sheets.\n|inactive|Battle timer is ON: inactive players will automatically lose when time's up. (requested by redbullcyndaquil)\nRaderph has agreed to open team sheets.\n|\n|t:|1684142010\n|start\n|switch|p1a: Only Child|Maushold, L50|100\/100\n|switch|p1b: Trick Room When|Armarouge, L50, M|100\/100\n|switch|p2a: Inferno Galore|Volcarona, L50, F|100\/100\n|switch|p2b: Salsa Verde|Lilligant, L50, F|100\/100\n|turn|1\n|inactive|redbullcyndaquil has 30 seconds left.\n|inactive|Raderph has 30 seconds left.\n|inactive|Raderph has 20 seconds left.\n|inactive|Raderph has 15 seconds left.\n|\n|t:|1684142052\n|move|p2a: Inferno Galore|Rage Powder|p2a: Inferno Galore\n|-singleturn|p2a: Inferno Galore|move: Rage Powder\n|move|p1a: Only Child|Taunt|p2a: Inferno Galore\n|-start|p2a: Inferno Galore|move: Taunt\n|move|p2b: Salsa Verde|Quiver Dance|p2b: Salsa Verde\n|-boost|p2b: Salsa Verde|spa|1\n|-boost|p2b: Salsa Verde|spd|1\n|-boost|p2b: Salsa Verde|spe|1\n|move|p1b: Trick Room When|Flamethrower|p2a: Inferno Galore\n|-damage|p2a: Inferno Galore|58\/100\n|\n|upkeep\n|turn|2\n|inactive|Raderph has 30 seconds left.\n|inactive|Raderph has 20 seconds left.\n|\n|t:|1684142091\n|-terastallize|p2b: Salsa Verde|Ghost\n|move|p2b: Salsa Verde|Energy Ball|p1a: Only Child\n|-damage|p1a: Only Child|9\/100\n|move|p1a: Only Child|Encore|p2b: Salsa Verde\n|-start|p2b: Salsa Verde|Encore\n|move|p2a: Inferno Galore|Struggle Bug|p1b: Trick Room When|[spread] p1a,p1b\n|-damage|p1a: Only Child|0 fnt\n|-damage|p1b: Trick Room When|87\/100\n|faint|p1a: Only Child\n|move|p1b: Trick Room When|Flamethrower|p2b: Salsa Verde\n|-damage|p2b: Salsa Verde|52\/100\n|\n|upkeep\n|\n|t:|1684142108\n|switch|p1a: Robot Santa|Iron Bundle, L50|100\/100\n|-enditem|p1a: Robot Santa|Booster Energy\n|-activate|p1a: Robot Santa|ability: Quark Drive|[fromitem]\n|-start|p1a: Robot Santa|quarkdrivespe\n|turn|3\n|\n|t:|1684142125\n|move|p1a: Robot Santa|Icy Wind|p2a: Inferno Galore|[spread] p2a,p2b\n|-resisted|p2a: Inferno Galore\n|-damage|p2a: Inferno Galore|49\/100\n|-damage|p2b: Salsa Verde|32\/100\n|-unboost|p2a: Inferno Galore|spe|1\n|-unboost|p2b: Salsa Verde|spe|1\n|move|p2b: Salsa Verde|Energy Ball|p1a: Robot Santa\n|-supereffective|p1a: Robot Santa\n|-damage|p1a: Robot Santa|0 fnt\n|faint|p1a: Robot Santa\n|-end|p1a: Robot Santa|Quark Drive|[silent]\n|move|p1b: Trick Room When|Psychic Terrain|p1b: Trick Room When\n|-fieldstart|move: Psychic Terrain\n|move|p2a: Inferno Galore|Struggle Bug|p1b: Trick Room When\n|-damage|p1b: Trick Room When|63\/100\n|\n|upkeep\n|\n|t:|1684142137\n|switch|p1a: Carries|Cetitan, L50, F|100\/100\n|turn|4\n|\n|t:|1684142155\n|-terastallize|p1a: Carries|Water\n|move|p2b: Salsa Verde|Energy Ball|p1a: Carries\n|-supereffective|p1a: Carries\n|-damage|p1a: Carries|0 fnt\n|faint|p1a: Carries\n|move|p1b: Trick Room When|Psychic Terrain||[still]\n|-fail|p1b: Trick Room When\n|move|p2a: Inferno Galore|Struggle Bug|p1b: Trick Room When\n|-damage|p1b: Trick Room When|41\/100\n|\n|-end|p2a: Inferno Galore|move: Taunt\n|upkeep\n|turn|5\n|c|\u2606redbullcyndaquil|oh i meant to click expanding force\n|c|\u2606redbullcyndaquil|F\n|c|\u2606Raderph|oooooof\n|inactive|Raderph has 30 seconds left.\n|\n|t:|1684142188\n|move|p2b: Salsa Verde|Energy Ball|p1b: Trick Room When\n|-resisted|p1b: Trick Room When\n|-damage|p1b: Trick Room When|3\/100\n|move|p1b: Trick Room When|Expanding Force|p2b: Salsa Verde|[spread] p2a,p2b\n|-damage|p2a: Inferno Galore|0 fnt\n|-damage|p2b: Salsa Verde|0 fnt\n|faint|p2a: Inferno Galore\n|faint|p2b: Salsa Verde\n|\n|upkeep\n|\n|t:|1684142195\n|switch|p2b: The Alarmist|Lokix, L50, F|100\/100\n|switch|p2a: Guardian Angel|Iron Valiant, L50|100\/100\n|turn|6\n|c|\u2606redbullcyndaquil|dont really think it wouldve helped me\n|\n|t:|1684142203\n|move|p2a: Guardian Angel|Shadow Sneak|p1b: Trick Room When\n|-activate|p1b: Trick Room When|move: Psychic Terrain\n|move|p2b: The Alarmist|Sucker Punch|p1b: Trick Room When\n|-activate|p1b: Trick Room When|move: Psychic Terrain\n|move|p1b: Trick Room When|Expanding Force|p2a: Guardian Angel|[spread] p2a\n|-immune|p2b: The Alarmist\n|-supereffective|p2a: Guardian Angel\n|-damage|p2a: Guardian Angel|0 fnt\n|faint|p2a: Guardian Angel\n|-end|p2a: Guardian Angel|Quark Drive|[silent]\n|\n|upkeep\n|turn|7\n|c|\u2606Raderph|oh im stupid\n|c|\u2606redbullcyndaquil|omg if i had a dollar for every time...\n|\n|t:|1684142225\n|move|p2b: The Alarmist|Lunge|p1b: Trick Room When\n|-damage|p1b: Trick Room When|0 fnt\n|faint|p1b: Trick Room When\n|-damage|p2b: The Alarmist|91\/100|[from] item: Life Orb\n|\n|win|Raderph\n|c|\u2606Raderph|ive done it to myself too\n|c|\u2606redbullcyndaquil|gg wp\n|c|\u2606Raderph|GGs mate\n","uploadtime":1684142241,"views":23,"p1id":"redbullcyndaquil","p2id":"raderph","formatid":"gen9vgc2023regulationc","rating":0,"private":0,"password":""}