{"id":"gen9vgc2023regulationc-1845987545","p1":"slayworldalbania","p2":"igonnawrecku_vgc","format":"[Gen 9] VGC 2023 Regulation C","log":"|j|\u2606slayworldalbania\n|j|\u2606igonnawrecku_vgc\n|t:|1681787713\n|gametype|doubles\n|player|p1|slayworldalbania|roxie|1335\n|player|p2|igonnawrecku_vgc|266|1322\n|teamsize|p1|6\n|teamsize|p2|6\n|gen|9\n|tier|[Gen 9] VGC 2023 Regulation C\n|rated|\n|rule|Species Clause: Limit one of each Pok\u00e9mon\n|rule|Item Clause: Limit one of each item\n|clearpoke\n|poke|p1|Murkrow, L50, F|\n|poke|p1|Chi-Yu, L50|\n|poke|p1|Flutter Mane, L50|\n|poke|p1|Great Tusk, L50|\n|poke|p1|Brute Bonnet, L50|\n|poke|p1|Corviknight, L50, M|\n|poke|p2|Palafin, L50, M|\n|poke|p2|Iron Bundle, L50|\n|poke|p2|Ting-Lu, L50|\n|poke|p2|Arcanine, L50, F|\n|poke|p2|Amoonguss, L50, F|\n|poke|p2|Flutter Mane, L50|\n|teampreview|4\n|inactive|Battle timer is ON: inactive players will automatically lose when time's up. (requested by slayworldalbania)\n|inactive|igonnawrecku_vgc has 60 seconds left.\n|inactive|igonnawrecku_vgc has 30 seconds left.\n|\n|t:|1681787778\n|start\n|switch|p1a: tire|Great Tusk, L50|100\/100\n|switch|p1b: biggest birde|Corviknight, L50, M|100\/100\n|switch|p2a: Iron Bundle|Iron Bundle, L50|100\/100\n|switch|p2b: Flutter Mane|Flutter Mane, L50|100\/100\n|-enditem|p2a: Iron Bundle|Booster Energy\n|-activate|p2a: Iron Bundle|ability: Quark Drive|[fromitem]\n|-start|p2a: Iron Bundle|quarkdrivespe\n|turn|1\n|inactive|igonnawrecku_vgc has 30 seconds left.\n|\n|t:|1681787810\n|-terastallize|p1a: tire|Steel\n|move|p2a: Iron Bundle|Icy Wind|p1b: biggest birde|[spread] p1b\n|-miss|p2a: Iron Bundle|p1a: tire\n|-damage|p1b: biggest birde|81\/100\n|-ability|p1b: biggest birde|Mirror Armor\n|-unboost|p2a: Iron Bundle|spe|1\n|move|p1a: tire|Earthquake|p2a: Iron Bundle|[spread] p2a,p2b\n|-immune|p1b: biggest birde\n|-damage|p2a: Iron Bundle|52\/100\n|-damage|p2b: Flutter Mane|37\/100\n|move|p2b: Flutter Mane|Thunderbolt|p1b: biggest birde\n|-supereffective|p1b: biggest birde\n|-damage|p1b: biggest birde|0 fnt\n|faint|p1b: biggest birde\n|\n|upkeep\n|\n|t:|1681787830\n|switch|p1b: lol|Brute Bonnet, L50|100\/100\n|turn|2\n|\n|t:|1681787851\n|-end|p1a: tire|Protosynthesis|[silent]\n|switch|p1a: awesomed sauce|Flutter Mane, L50|100\/100\n|-end|p2b: Flutter Mane|Protosynthesis|[silent]\n|switch|p2b: Arcanine|Arcanine, L50, F|100\/100\n|-ability|p2b: Arcanine|Intimidate|boost\n|-unboost|p1a: awesomed sauce|atk|1\n|-unboost|p1b: lol|atk|1\n|move|p1b: lol|Sucker Punch||[still]\n|-fail|p1b: lol\n|move|p2a: Iron Bundle|Freeze-Dry|p1b: lol\n|-supereffective|p1b: lol\n|-damage|p1b: lol|39\/100\n|\n|upkeep\n|turn|3\n|inactive|igonnawrecku_vgc has 30 seconds left.\n|inactive|igonnawrecku_vgc has 20 seconds left.\n|\n|t:|1681787889\n|-end|p2a: Iron Bundle|Quark Drive|[silent]\n|switch|p2a: Flutter Mane|Flutter Mane, L50|37\/100\n|move|p2b: Arcanine|Protect|p2b: Arcanine\n|-singleturn|p2b: Arcanine|Protect\n|move|p1b: lol|Sucker Punch||[still]\n|-fail|p1b: lol\n|move|p1a: awesomed sauce|Dazzling Gleam|p2b: Arcanine|[spread] p2a\n|-activate|p2b: Arcanine|move: Protect\n|-damage|p2a: Flutter Mane|0 fnt\n|faint|p2a: Flutter Mane\n|-end|p2a: Flutter Mane|Protosynthesis|[silent]\n|\n|upkeep\n|\n|t:|1681787899\n|switch|p2a: Ting-Lu|Ting-Lu, L50|100\/100\n|-ability|p2a: Ting-Lu|Vessel of Ruin\n|turn|4\n|\n|t:|1681787916\n|-terastallize|p2b: Arcanine|Flying\n|move|p1a: awesomed sauce|Dazzling Gleam|p2b: Arcanine|[spread] p2a,p2b\n|-supereffective|p2a: Ting-Lu\n|-damage|p2a: Ting-Lu|55\/100\n|-damage|p2b: Arcanine|59\/100\n|-enditem|p2a: Ting-Lu|Weakness Policy\n|-boost|p2a: Ting-Lu|atk|2|[from] item: Weakness Policy\n|-boost|p2a: Ting-Lu|spa|2|[from] item: Weakness Policy\n|move|p2b: Arcanine|Flare Blitz|p1b: lol\n|-supereffective|p1b: lol\n|-damage|p1b: lol|0 fnt\n|faint|p1b: lol\n|-end|p1b: lol|Protosynthesis|[silent]\n|-damage|p2b: Arcanine|47\/100|[from] Recoil\n|move|p2a: Ting-Lu|Earthquake|p1a: awesomed sauce|[spread] p1a\n|-immune|p2b: Arcanine\n|-damage|p1a: awesomed sauce|0 fnt\n|faint|p1a: awesomed sauce\n|-end|p1a: awesomed sauce|Protosynthesis|[silent]\n|\n|upkeep\n|\n|t:|1681787922\n|switch|p1b: tire|Great Tusk, L50, tera:Steel|100\/100\n|turn|5\n|-message|slayworldalbania forfeited.\n|\n|win|igonnawrecku_vgc\n|raw|slayworldalbania's rating: 1335 → 1314<\/strong> (-21 for losing)\n|raw|igonnawrecku_vgc's rating: 1322 → 1343<\/strong> (+21 for winning)\n|l|\u2606slayworldalbania\n","uploadtime":1681787939,"views":6,"p1id":"slayworldalbania","p2id":"igonnawreckuvgc","formatid":"gen9vgc2023regulationc","rating":1314,"private":0,"password":""}