{"id":"gen9vgc2023regulationc-1845850373","p1":"ARIVAL101","p2":"gankyburner","format":"[Gen 9] VGC 2023 Regulation C","log":"|j|\u2606ARIVAL101\n|j|\u2606gankyburner\n|t:|1681771248\n|gametype|doubles\n|player|p1|ARIVAL101|shadowtriad|1211\n|player|p2|gankyburner|169|1292\n|teamsize|p1|6\n|teamsize|p2|6\n|gen|9\n|tier|[Gen 9] VGC 2023 Regulation C\n|rated|\n|rule|Species Clause: Limit one of each Pok\u00e9mon\n|rule|Item Clause: Limit one of each item\n|clearpoke\n|poke|p1|Gyarados, L50, F|\n|poke|p1|Annihilape, L50, F|\n|poke|p1|Scizor, L50, M|\n|poke|p1|Sableye, L50, M|\n|poke|p1|Sandy Shocks, L50|\n|poke|p1|Iron Valiant, L50|\n|poke|p2|Murkrow, L50, F|\n|poke|p2|Tyranitar, L50, M|\n|poke|p2|Houndstone, L50, F|\n|poke|p2|Chi-Yu, L50|\n|poke|p2|Corviknight, L50, M|\n|poke|p2|Leafeon, L50, M|\n|teampreview|4\n|inactive|Battle timer is ON: inactive players will automatically lose when time's up. (requested by gankyburner)\n|inactive|ARIVAL101 has 60 seconds left.\n|inactive|ARIVAL101 has 30 seconds left.\n|\n|t:|1681771355\n|start\n|switch|p1a: Sableye|Sableye, L50, M|100\/100\n|switch|p1b: Sandy Shocks|Sandy Shocks, L50|100\/100\n|switch|p2a: Mr. Jones|Corviknight, L50, M|100\/100\n|switch|p2b: C'mon C'mon|Murkrow, L50, F|100\/100\n|-item|p1a: Sableye|Air Balloon\n|turn|1\n|inactive|ARIVAL101 has 30 seconds left.\n|inactive|gankyburner has 30 seconds left.\n|\n|t:|1681771386\n|move|p1a: Sableye|Fake Out|p2b: C'mon C'mon\n|-damage|p2b: C'mon C'mon|92\/100\n|cant|p2b: C'mon C'mon|flinch\n|move|p1b: Sandy Shocks|Gravity|p1b: Sandy Shocks\n|-fieldstart|move: Gravity\n|move|p2a: Mr. Jones|Brave Bird|p1a: Sableye\n|-damage|p1a: Sableye|23\/100\n|-enditem|p1a: Sableye|Air Balloon\n|-damage|p2a: Mr. Jones|78\/100|[from] Recoil\n|\n|upkeep\n|turn|2\n|inactive|ARIVAL101 has 30 seconds left.\n|\n|t:|1681771417\n|move|p2b: C'mon C'mon|Tailwind|p2b: C'mon C'mon\n|-sidestart|p2: gankyburner|move: Tailwind\n|move|p2a: Mr. Jones|Brave Bird|p1b: Sandy Shocks\n|-resisted|p1b: Sandy Shocks\n|-damage|p1b: Sandy Shocks|59\/100\n|-damage|p2a: Mr. Jones|65\/100|[from] Recoil\n|move|p1b: Sandy Shocks|Thunder|p2a: Mr. Jones\n|-supereffective|p2a: Mr. Jones\n|-damage|p2a: Mr. Jones|0 fnt\n|faint|p2a: Mr. Jones\n|move|p1a: Sableye|Foul Play|p2b: C'mon C'mon\n|-resisted|p2b: C'mon C'mon\n|-damage|p2b: C'mon C'mon|80\/100\n|\n|upkeep\n|inactive|gankyburner has 30 seconds left.\n|\n|t:|1681771447\n|switch|p2a: B.H. Sun|Chi-Yu, L50|100\/100\n|-ability|p2a: B.H. Sun|Beads of Ruin\n|turn|3\n|\n|t:|1681771467\n|move|p1b: Sandy Shocks|Protect|p1b: Sandy Shocks\n|-singleturn|p1b: Sandy Shocks|Protect\n|move|p2b: C'mon C'mon|Sunny Day|p2b: C'mon C'mon\n|-weather|SunnyDay\n|-activate|p1b: Sandy Shocks|ability: Protosynthesis\n|-start|p1b: Sandy Shocks|protosynthesisspa\n|move|p2a: B.H. Sun|Overheat|p1b: Sandy Shocks\n|-activate|p1b: Sandy Shocks|move: Protect\n|move|p1a: Sableye|Foul Play|p2a: B.H. Sun\n|-resisted|p2a: B.H. Sun\n|-damage|p2a: B.H. Sun|82\/100\n|\n|-weather|SunnyDay|[upkeep]\n|upkeep\n|turn|4\n|inactive|ARIVAL101 has 30 seconds left.\n|inactive|ARIVAL101 has 20 seconds left.\n|inactive|ARIVAL101 has 15 seconds left.\n|inactive|ARIVAL101 has 10 seconds left.\n|\n|t:|1681771515\n|move|p2a: B.H. Sun|Overheat|p1b: Sandy Shocks\n|-damage|p1b: Sandy Shocks|0 fnt\n|-unboost|p2a: B.H. Sun|spa|2\n|faint|p1b: Sandy Shocks\n|-end|p1b: Sandy Shocks|Protosynthesis|[silent]\n|-damage|p2a: B.H. Sun|72\/100|[from] item: Life Orb\n|move|p2b: C'mon C'mon|Foul Play|p1a: Sableye\n|-damage|p1a: Sableye|0 fnt\n|faint|p1a: Sableye\n|\n|-weather|SunnyDay|[upkeep]\n|upkeep\n|\n|t:|1681771517\n|switch|p1b: Annihilape|Annihilape, L50, F|100\/100\n|switch|p1a: Scizor|Scizor, L50, M|100\/100\n|turn|5\n|inactive|ARIVAL101 has 30 seconds left.\n|\n|t:|1681771547\n|-terastallize|p2a: B.H. Sun|Water\n|-terastallize|p1a: Scizor|Water\n|move|p2b: C'mon C'mon|Haze|p2b: C'mon C'mon\n|-clearallboost\n|move|p2a: B.H. Sun|Overheat|p1b: Annihilape\n|-damage|p1b: Annihilape|0 fnt\n|-unboost|p2a: B.H. Sun|spa|2\n|faint|p1b: Annihilape\n|-damage|p2a: B.H. Sun|62\/100|[from] item: Life Orb\n|move|p1a: Scizor|Pounce|p2a: B.H. Sun\n|-damage|p2a: B.H. Sun|0 fnt\n|faint|p2a: B.H. Sun\n|\n|-weather|SunnyDay|[upkeep]\n|-sideend|p2: gankyburner|move: Tailwind\n|-fieldend|move: Gravity\n|upkeep\n|\n|t:|1681771561\n|switch|p2a: Plantasia|Leafeon, L50, M|100\/100\n|turn|6\n|\n|t:|1681771574\n|move|p2a: Plantasia|Leaf Blade|p1a: Scizor\n|-supereffective|p1a: Scizor\n|-damage|p1a: Scizor|11\/100\n|move|p2b: C'mon C'mon|Foul Play|p1a: Scizor\n|-damage|p1a: Scizor|0 fnt\n|faint|p1a: Scizor\n|\n|win|gankyburner\n|raw|ARIVAL101's rating: 1211 → 1192<\/strong> (-19 for losing)\n|raw|gankyburner's rating: 1292 → 1311<\/strong> (+19 for winning)\n|l|\u2606ARIVAL101\n","uploadtime":1681771581,"views":6,"p1id":"arival101","p2id":"gankyburner","formatid":"gen9vgc2023regulationc","rating":1192,"private":0,"password":""}