{"id":"gen9vgc2023regulationc-1851951365","p1":"linxufan pokemon","p2":"aaabbb789tw","format":"[Gen 9] VGC 2023 Regulation C","log":"|j|\u2606linxufan pokemon\n|j|\u2606aaabbb789tw\n|t:|1682510212\n|gametype|doubles\n|player|p1|linxufan pokemon|hilbert|1493\n|player|p2|aaabbb789tw|dawn-gen4pt|1484\n|teamsize|p1|6\n|teamsize|p2|6\n|gen|9\n|tier|[Gen 9] VGC 2023 Regulation C\n|rated|\n|rule|Species Clause: Limit one of each Pok\u00e9mon\n|rule|Item Clause: Limit one of each item\n|clearpoke\n|poke|p1|Flutter Mane, L50|\n|poke|p1|Iron Hands, L50|\n|poke|p1|Chien-Pao, L50|\n|poke|p1|Dragonite, L50, M|\n|poke|p1|Gyarados, L50, F|\n|poke|p1|Amoonguss, L50, F|\n|poke|p2|Toxapex, L50, F|\n|poke|p2|Grimmsnarl, L50, M|\n|poke|p2|Arcanine, L50, F|\n|poke|p2|Wo-Chien, L50|\n|poke|p2|Ting-Lu, L50|\n|poke|p2|Tyranitar, L50, M|\n|teampreview|4\n|\n|t:|1682510261\n|start\n|switch|p1a: Gyarados|Gyarados, L50, F|100\/100\n|switch|p1b: Amoonguss|Amoonguss, L50, F|100\/100\n|switch|p2a: Grimmsnarl|Grimmsnarl, L50, M|100\/100\n|switch|p2b: Arcanine|Arcanine, L50, F|100\/100\n|-ability|p2b: Arcanine|Intimidate|boost\n|-unboost|p1a: Gyarados|atk|1\n|-unboost|p1b: Amoonguss|atk|1\n|-ability|p1a: Gyarados|Intimidate|boost\n|-unboost|p2a: Grimmsnarl|atk|1\n|-unboost|p2b: Arcanine|atk|1\n|turn|1\n|\n|t:|1682510289\n|switch|p1b: Iron Hands|Iron Hands, L50, shiny|100\/100\n|move|p2a: Grimmsnarl|Taunt|p1b: Iron Hands\n|-start|p1b: Iron Hands|move: Taunt\n|move|p2b: Arcanine|Will-O-Wisp|p1a: Gyarados\n|-status|p1a: Gyarados|brn\n|move|p1a: Gyarados|Waterfall|p2b: Arcanine\n|-supereffective|p2b: Arcanine\n|-damage|p2b: Arcanine|76\/100\n|\n|-damage|p1a: Gyarados|95\/100 brn|[from] brn\n|upkeep\n|turn|2\n|\n|t:|1682510308\n|move|p1b: Iron Hands|Fake Out|p2b: Arcanine\n|-damage|p2b: Arcanine|59\/100\n|move|p2a: Grimmsnarl|Reflect|p2a: Grimmsnarl\n|-sidestart|p2: aaabbb789tw|Reflect\n|cant|p2b: Arcanine|flinch\n|move|p1a: Gyarados|Thunder Wave|p2b: Arcanine\n|-status|p2b: Arcanine|par\n|\n|-damage|p1a: Gyarados|89\/100 brn|[from] brn\n|upkeep\n|turn|3\n|\n|t:|1682510326\n|switch|p1a: Amoonguss|Amoonguss, L50, F|100\/100\n|move|p2a: Grimmsnarl|Taunt|p1a: Amoonguss\n|-start|p1a: Amoonguss|move: Taunt\n|move|p2b: Arcanine|Will-O-Wisp|p1b: Iron Hands\n|-status|p1b: Iron Hands|brn\n|move|p1b: Iron Hands|Close Combat|p2b: Arcanine\n|-damage|p2b: Arcanine|39\/100 par\n|-unboost|p1b: Iron Hands|def|1\n|-unboost|p1b: Iron Hands|spd|1\n|\n|-damage|p1b: Iron Hands|95\/100 brn|[from] brn\n|-end|p1b: Iron Hands|move: Taunt\n|upkeep\n|turn|4\n|\n|t:|1682510375\n|switch|p2b: Ting-Lu|Ting-Lu, L50|100\/100\n|-ability|p2b: Ting-Lu|Vessel of Ruin\n|switch|p1a: Gyarados|Gyarados, L50, F|89\/100 brn\n|-ability|p1a: Gyarados|Intimidate|boost\n|-unboost|p2a: Grimmsnarl|atk|1\n|-unboost|p2b: Ting-Lu|atk|1\n|move|p2a: Grimmsnarl|Light Screen|p2a: Grimmsnarl\n|-sidestart|p2: aaabbb789tw|move: Light Screen\n|move|p1b: Iron Hands|Drain Punch|p2b: Ting-Lu\n|-supereffective|p2b: Ting-Lu\n|-damage|p2b: Ting-Lu|84\/100\n|-heal|p1b: Iron Hands|100\/100 brn|[from] drain|[of] p2b: Ting-Lu\n|\n|-damage|p1a: Gyarados|83\/100 brn|[from] brn\n|-damage|p1b: Iron Hands|95\/100 brn|[from] brn\n|upkeep\n|turn|5\n|\n|t:|1682510407\n|switch|p2a: Wo-Chien|Wo-Chien, L50|100\/100\n|-ability|p2a: Wo-Chien|Tablets of Ruin\n|-end|p1b: Iron Hands|Quark Drive|[silent]\n|switch|p1b: Amoonguss|Amoonguss, L50, F|100\/100\n|move|p1a: Gyarados|Taunt|p2a: Wo-Chien\n|-start|p2a: Wo-Chien|move: Taunt\n|move|p2b: Ting-Lu|Ruination|p1a: Gyarados\n|-damage|p1a: Gyarados|42\/100 brn\n|\n|-damage|p1a: Gyarados|36\/100 brn|[from] brn\n|upkeep\n|turn|6\n|\n|t:|1682510453\n|switch|p1a: Chien-Pao|Chien-Pao, L50|100\/100\n|-ability|p1a: Chien-Pao|Sword of Ruin\n|switch|p2b: Arcanine|Arcanine, L50, F|39\/100 par\n|-ability|p2b: Arcanine|Intimidate|boost\n|-unboost|p1a: Chien-Pao|atk|1\n|-unboost|p1b: Amoonguss|atk|1\n|move|p2a: Wo-Chien|Pollen Puff|p2b: Arcanine\n|-heal|p2b: Arcanine|88\/100 par\n|move|p1b: Amoonguss|Spore||[still]\n|-fail|p1b: Amoonguss\n|\n|upkeep\n|turn|7\n|\n|t:|1682510480\n|switch|p1a: Gyarados|Gyarados, L50, F|36\/100 brn\n|-ability|p1a: Gyarados|Intimidate|boost\n|-unboost|p2a: Wo-Chien|atk|1\n|-unboost|p2b: Arcanine|atk|1\n|move|p2b: Arcanine|Flare Blitz|p1a: Gyarados\n|-resisted|p1a: Gyarados\n|-crit|p1a: Gyarados\n|-damage|p1a: Gyarados|13\/100 brn\n|-damage|p2b: Arcanine|81\/100 par|[from] Recoil\n|move|p2a: Wo-Chien|Pollen Puff|p1a: Gyarados\n|-resisted|p1a: Gyarados\n|-damage|p1a: Gyarados|5\/100 brn\n|move|p1b: Amoonguss|Pollen Puff|p1a: Gyarados\n|-heal|p1a: Gyarados|55\/100 brn\n|\n|-damage|p1a: Gyarados|49\/100 brn|[from] brn\n|-end|p2a: Wo-Chien|move: Taunt\n|upkeep\n|turn|8\n|\n|t:|1682510517\n|switch|p2b: Ting-Lu|Ting-Lu, L50|84\/100\n|-ability|p2b: Ting-Lu|Vessel of Ruin\n|move|p1a: Gyarados|Taunt|p2a: Wo-Chien\n|-start|p2a: Wo-Chien|move: Taunt\n|cant|p2a: Wo-Chien|move: Taunt|Leech Seed\n|move|p1b: Amoonguss|Pollen Puff|p1a: Gyarados\n|-heal|p1a: Gyarados|99\/100 brn\n|\n|-damage|p1a: Gyarados|93\/100 brn|[from] brn\n|upkeep\n|turn|9\n|\n|t:|1682510541\n|switch|p1a: Chien-Pao|Chien-Pao, L50|100\/100\n|-ability|p1a: Chien-Pao|Sword of Ruin\n|switch|p2a: Grimmsnarl|Grimmsnarl, L50, M|100\/100\n|move|p2b: Ting-Lu|Fissure|p1b: Amoonguss|[miss]\n|-miss|p2b: Ting-Lu|p1b: Amoonguss\n|move|p1b: Amoonguss|Spore|p2b: Ting-Lu\n|-activate|p2b: Ting-Lu|item: Safety Goggles|Spore\n|\n|-sideend|p2: aaabbb789tw|Reflect\n|upkeep\n|turn|10\n|\n|t:|1682510561\n|switch|p2b: Arcanine|Arcanine, L50, F|81\/100 par\n|-ability|p2b: Arcanine|Intimidate|boost\n|-unboost|p1a: Chien-Pao|atk|1\n|-unboost|p1b: Amoonguss|atk|1\n|switch|p1b: Iron Hands|Iron Hands, L50, shiny|95\/100 brn\n|move|p2a: Grimmsnarl|Reflect|p2a: Grimmsnarl\n|-sidestart|p2: aaabbb789tw|Reflect\n|move|p1a: Chien-Pao|Ice Spinner|p2b: Arcanine\n|-resisted|p2b: Arcanine\n|-damage|p2b: Arcanine|66\/100 par\n|-damage|p1a: Chien-Pao|91\/100|[from] item: Life Orb\n|\n|-damage|p1b: Iron Hands|89\/100 brn|[from] brn\n|upkeep\n|turn|11\n|\n|t:|1682510590\n|move|p1b: Iron Hands|Fake Out|p2b: Arcanine\n|-damage|p2b: Arcanine|60\/100 par\n|move|p1a: Chien-Pao|Sacred Sword|p2b: Arcanine\n|-damage|p2b: Arcanine|39\/100 par\n|-damage|p1a: Chien-Pao|81\/100|[from] item: Life Orb\n|cant|p2b: Arcanine|flinch\n|move|p2a: Grimmsnarl|Spirit Break|p1a: Chien-Pao\n|-supereffective|p1a: Chien-Pao\n|-damage|p1a: Chien-Pao|0 fnt\n|faint|p1a: Chien-Pao\n|\n|-damage|p1b: Iron Hands|83\/100 brn|[from] brn\n|-sideend|p2: aaabbb789tw|move: Light Screen\n|upkeep\n|\n|t:|1682510611\n|switch|p1a: Gyarados|Gyarados, L50, F|93\/100 brn\n|-ability|p1a: Gyarados|Intimidate|boost\n|-unboost|p2a: Grimmsnarl|atk|1\n|-unboost|p2b: Arcanine|atk|1\n|turn|12\n|\n|t:|1682510625\n|switch|p2b: Wo-Chien|Wo-Chien, L50|100\/100\n|-ability|p2b: Wo-Chien|Tablets of Ruin\n|move|p2a: Grimmsnarl|Light Screen|p2a: Grimmsnarl\n|-sidestart|p2: aaabbb789tw|move: Light Screen\n|move|p1a: Gyarados|Waterfall|p2b: Wo-Chien\n|-resisted|p2b: Wo-Chien\n|-damage|p2b: Wo-Chien|97\/100\n|move|p1b: Iron Hands|Close Combat|p2b: Wo-Chien\n|-supereffective|p2b: Wo-Chien\n|-damage|p2b: Wo-Chien|73\/100\n|-unboost|p1b: Iron Hands|def|1\n|-unboost|p1b: Iron Hands|spd|1\n|\n|-heal|p2b: Wo-Chien|80\/100|[from] item: Leftovers\n|-damage|p1a: Gyarados|87\/100 brn|[from] brn\n|-damage|p1b: Iron Hands|77\/100 brn|[from] brn\n|upkeep\n|turn|13\n|\n|t:|1682510647\n|-end|p1b: Iron Hands|Quark Drive|[silent]\n|switch|p1b: Amoonguss|Amoonguss, L50, F|100\/100\n|move|p2a: Grimmsnarl|Taunt|p1a: Gyarados\n|-start|p1a: Gyarados|move: Taunt\n|cant|p1a: Gyarados|move: Taunt|Taunt\n|move|p2b: Wo-Chien|Leech Seed|p1a: Gyarados\n|-start|p1a: Gyarados|move: Leech Seed\n|\n|-heal|p2b: Wo-Chien|86\/100|[from] item: Leftovers\n|-damage|p1a: Gyarados|75\/100 brn|[from] Leech Seed|[of] p2b: Wo-Chien\n|-heal|p2b: Wo-Chien|99\/100|[silent]\n|-damage|p1a: Gyarados|69\/100 brn|[from] brn\n|upkeep\n|turn|14\n|\n|t:|1682510666\n|switch|p1a: Iron Hands|Iron Hands, L50, shiny|77\/100 brn\n|switch|p2a: Ting-Lu|Ting-Lu, L50|84\/100\n|-ability|p2a: Ting-Lu|Vessel of Ruin\n|move|p2b: Wo-Chien|Pollen Puff|p2a: Ting-Lu\n|-heal|p2a: Ting-Lu|100\/100\n|move|p1b: Amoonguss|Pollen Puff|p1a: Iron Hands\n|-heal|p1a: Iron Hands|100\/100 brn\n|\n|-heal|p2b: Wo-Chien|100\/100|[from] item: Leftovers\n|-damage|p1a: Iron Hands|95\/100 brn|[from] brn\n|upkeep\n|turn|15\n|\n|t:|1682510699\n|switch|p2a: Arcanine|Arcanine, L50, F|39\/100 par\n|-ability|p2a: Arcanine|Intimidate|boost\n|-unboost|p1a: Iron Hands|atk|1\n|-unboost|p1b: Amoonguss|atk|1\n|move|p2b: Wo-Chien|Pollen Puff|p2a: Arcanine\n|-heal|p2a: Arcanine|88\/100 par\n|move|p1a: Iron Hands|Drain Punch|p2b: Wo-Chien\n|-supereffective|p2b: Wo-Chien\n|-damage|p2b: Wo-Chien|89\/100\n|-heal|p1a: Iron Hands|99\/100 brn|[from] drain|[of] p2b: Wo-Chien\n|move|p1b: Amoonguss|Spore||[still]\n|-fail|p1b: Amoonguss\n|\n|-heal|p2b: Wo-Chien|95\/100|[from] item: Leftovers\n|-damage|p1a: Iron Hands|93\/100 brn|[from] brn\n|upkeep\n|turn|16\n|-message|linxufan pokemon forfeited.\n|\n|win|aaabbb789tw\n|raw|linxufan pokemon's rating: 1493 → 1472<\/strong> (-21 for losing)\n|raw|aaabbb789tw's rating: 1484 → 1505<\/strong> (+21 for winning)\n|l|\u2606linxufan pokemon\n","uploadtime":1682510841,"views":12,"p1id":"linxufanpokemon","p2id":"aaabbb789tw","formatid":"gen9vgc2023regulationc","rating":1472,"private":0,"password":""}