{"id":"gen9vgc2023regulationc-1848104628","p1":"eggplanet07","p2":"Marco Fettuccine","format":"[Gen 9] VGC 2023 Regulation C","log":"|j|\u2606eggplanet07\n|j|\u2606Marco Fettuccine\n|t:|1682030200\n|gametype|doubles\n|player|p1|eggplanet07|rosa|1189\n|player|p2|Marco Fettuccine|benga|1227\n|teamsize|p1|6\n|teamsize|p2|6\n|gen|9\n|tier|[Gen 9] VGC 2023 Regulation C\n|rated|\n|rule|Species Clause: Limit one of each Pok\u00e9mon\n|rule|Item Clause: Limit one of each item\n|clearpoke\n|poke|p1|Raichu, L50, M|\n|poke|p1|Ting-Lu, L50|\n|poke|p1|Amoonguss, L50, F|\n|poke|p1|Gyarados, L50, F|\n|poke|p1|Flutter Mane, L50|\n|poke|p1|Palafin, L50, F|\n|poke|p2|Talonflame, L50, M|\n|poke|p2|Iron Bundle, L50|\n|poke|p2|Iron Hands, L50|\n|poke|p2|Gholdengo, L50|\n|poke|p2|Garchomp, L50, F|\n|poke|p2|Chien-Pao, L50|\n|teampreview|4\n|inactive|Battle timer is ON: inactive players will automatically lose when time's up. (requested by eggplanet07)\n|inactive|Marco Fettuccine has 60 seconds left.\n|\n|t:|1682030244\n|start\n|switch|p1a: Raichu|Raichu, L50, M|100\/100\n|switch|p1b: Palafin|Palafin, L50, F|100\/100\n|switch|p2a: Cinquina|Iron Hands, L50|100\/100\n|switch|p2b: Pingu|Iron Bundle, L50|100\/100\n|-item|p1a: Raichu|Air Balloon\n|-enditem|p2b: Pingu|Booster Energy\n|-activate|p2b: Pingu|ability: Quark Drive|[fromitem]\n|-start|p2b: Pingu|quarkdrivespe\n|turn|1\n|\n|t:|1682030264\n|move|p1b: Palafin|Protect|p1b: Palafin\n|-singleturn|p1b: Palafin|Protect\n|move|p2a: Cinquina|Fake Out|p1a: Raichu\n|-damage|p1a: Raichu|72\/100\n|-enditem|p1a: Raichu|Air Balloon\n|move|p2b: Pingu|Freeze-Dry|p1b: Palafin\n|-activate|p1b: Palafin|move: Protect\n|cant|p1a: Raichu|flinch\n|\n|upkeep\n|turn|2\n|inactive|Marco Fettuccine has 30 seconds left.\n|inactive|eggplanet07 has 30 seconds left.\n|\n|t:|1682030295\n|detailschange|p1b: Palafin|Palafin-Hero, L50, F\n|switch|p1b: Flutter Mane|Flutter Mane, L50|100\/100\n|move|p2b: Pingu|Protect|p2b: Pingu\n|-singleturn|p2b: Pingu|Protect\n|move|p1a: Raichu|Encore|p2a: Cinquina\n|-start|p2a: Cinquina|Encore\n|move|p2a: Cinquina|Fake Out||[still]\n|-hint|Fake Out only works on your first turn out.\n|-fail|p2a: Cinquina\n|\n|upkeep\n|turn|3\n|inactive|Marco Fettuccine has 30 seconds left.\n|\n|t:|1682030329\n|-end|p2a: Cinquina|Quark Drive|[silent]\n|switch|p2a: Er Pantera|Chien-Pao, L50|100\/100\n|-ability|p2a: Er Pantera|Sword of Ruin\n|-terastallize|p1b: Flutter Mane|Fairy\n|move|p2b: Pingu|Hydro Pump|p1a: Raichu\n|-damage|p1a: Raichu|0 fnt\n|faint|p1a: Raichu\n|move|p1b: Flutter Mane|Dazzling Gleam|p2a: Er Pantera|[spread] p2a,p2b\n|-supereffective|p2a: Er Pantera\n|-enditem|p2a: Er Pantera|Focus Sash\n|-damage|p2a: Er Pantera|1\/100\n|-damage|p2b: Pingu|0 fnt\n|faint|p2b: Pingu\n|-end|p2b: Pingu|Quark Drive|[silent]\n|\n|upkeep\n|\n|t:|1682030347\n|switch|p2b: Cinquina|Iron Hands, L50|100\/100\n|switch|p1a: Gyarados|Gyarados, L50, F, shiny|100\/100\n|-ability|p1a: Gyarados|Intimidate|boost\n|-unboost|p2a: Er Pantera|atk|1\n|-unboost|p2b: Cinquina|atk|1\n|turn|4\n|inactive|Marco Fettuccine has 30 seconds left.\n|\n|t:|1682030374\n|-end|p1b: Flutter Mane|Protosynthesis|[silent]\n|switch|p1b: Palafin|Palafin-Hero, L50, F|100\/100\n|-activate|p1b: Palafin|ability: Zero to Hero\n|move|p2a: Er Pantera|Protect|p2a: Er Pantera\n|-singleturn|p2a: Er Pantera|Protect\n|move|p2b: Cinquina|Fake Out|p1b: Palafin\n|-damage|p1b: Palafin|86\/100\n|move|p1a: Gyarados|Waterfall|p2a: Er Pantera\n|-activate|p2a: Er Pantera|move: Protect\n|\n|upkeep\n|turn|5\n|inactive|Marco Fettuccine has 30 seconds left.\n|\n|t:|1682030403\n|move|p2a: Er Pantera|Sucker Punch|p1b: Palafin\n|-damage|p1b: Palafin|58\/100\n|move|p1b: Palafin|Jet Punch|p2a: Er Pantera\n|-damage|p2a: Er Pantera|0 fnt\n|faint|p2a: Er Pantera\n|move|p1a: Gyarados|Waterfall|p2b: Cinquina\n|-damage|p2b: Cinquina|75\/100\n|move|p2b: Cinquina|Wild Charge|p1b: Palafin\n|-supereffective|p1b: Palafin\n|-damage|p1b: Palafin|0 fnt\n|faint|p1b: Palafin\n|-damage|p2b: Cinquina|64\/100|[from] Recoil\n|\n|upkeep\n|\n|t:|1682030417\n|switch|p2a: De Sica|Garchomp, L50, F|100\/100\n|switch|p1b: Flutter Mane|Flutter Mane, L50, tera:Fairy|100\/100\n|turn|6\n|\n|t:|1682030439\n|move|p2a: De Sica|Protect|p2a: De Sica\n|-singleturn|p2a: De Sica|Protect\n|move|p1b: Flutter Mane|Dazzling Gleam|p2a: De Sica|[spread] p2b\n|-activate|p2a: De Sica|move: Protect\n|-supereffective|p2b: Cinquina\n|-damage|p2b: Cinquina|0 fnt\n|faint|p2b: Cinquina\n|-end|p2b: Cinquina|Quark Drive|[silent]\n|move|p1a: Gyarados|Waterfall|p2a: De Sica\n|-activate|p2a: De Sica|move: Protect\n|\n|upkeep\n|turn|7\n|\n|t:|1682030463\n|move|p1b: Flutter Mane|Dazzling Gleam|p2a: De Sica\n|-supereffective|p2a: De Sica\n|-damage|p2a: De Sica|0 fnt\n|faint|p2a: De Sica\n|\n|win|eggplanet07\n|raw|eggplanet07's rating: 1189 → 1217<\/strong> (+28 for winning)\n|raw|Marco Fettuccine's rating: 1227 → 1199<\/strong> (-28 for losing)\n|l|\u2606Marco Fettuccine\n","uploadtime":1682030477,"views":8,"p1id":"eggplanet07","p2id":"marcofettuccine","formatid":"gen9vgc2023regulationc","rating":1199,"private":0,"password":""}