{"id":"gen9vgc2023regulationc-1856246841","p1":"19402u","p2":"Powboombang","format":"[Gen 9] VGC 2023 Regulation C","log":"|j|\u260619402u\n|j|\u2606Powboombang\n|t:|1683044312\n|gametype|doubles\n|player|p1|19402u|169|1408\n|player|p2|Powboombang|101|1351\n|teamsize|p1|6\n|teamsize|p2|6\n|gen|9\n|tier|[Gen 9] VGC 2023 Regulation C\n|rated|\n|rule|Species Clause: Limit one of each Pok\u00e9mon\n|rule|Item Clause: Limit one of each item\n|clearpoke\n|poke|p1|Chi-Yu, L50|\n|poke|p1|Flutter Mane, L50|\n|poke|p1|Glimmora, L50, F|\n|poke|p1|Dondozo, L50, M|\n|poke|p1|Dragonite, L50, M|\n|poke|p1|Tatsugiri, L50, M|\n|poke|p2|Oranguru, L50, F|\n|poke|p2|Annihilape, L50, M|\n|poke|p2|Torkoal, L50, M|\n|poke|p2|Azumarill, L50, M|\n|poke|p2|Dragonite, L50, M|\n|poke|p2|Chien-Pao, L50|\n|teampreview|4\n19402u has agreed to open team sheets.\n|\n|t:|1683044349\n|start\n|switch|p1a: Dondozo|Dondozo, L50, M|100\/100\n|switch|p1b: Glimmora|Glimmora, L50, F|100\/100\n|switch|p2a: Dragonite|Dragonite, L50, M|100\/100\n|switch|p2b: Chien-Pao|Chien-Pao, L50|100\/100\n|-ability|p2b: Chien-Pao|Sword of Ruin\n|turn|1\n|inactive|Battle timer is ON: inactive players will automatically lose when time's up. (requested by Powboombang)\n|inactive|Powboombang has 60 seconds left.\n|\n|t:|1683044381\n|-terastallize|p2a: Dragonite|Normal\n|move|p2b: Chien-Pao|Protect|p2b: Chien-Pao\n|-singleturn|p2b: Chien-Pao|Protect\n|move|p1b: Glimmora|Spiky Shield|p1b: Glimmora\n|-singleturn|p1b: Glimmora|move: Protect\n|move|p2a: Dragonite|Extreme Speed|p1a: Dondozo\n|-damage|p1a: Dondozo|43\/100\n|-enditem|p1a: Dondozo|Sitrus Berry|[eat]\n|-heal|p1a: Dondozo|68\/100|[from] item: Sitrus Berry\n|move|p1a: Dondozo|Yawn|p2b: Chien-Pao\n|-activate|p2b: Chien-Pao|move: Protect\n|\n|upkeep\n|turn|2\n|\n|t:|1683044399\n|move|p1a: Dondozo|Protect|p1a: Dondozo\n|-singleturn|p1a: Dondozo|Protect\n|move|p2a: Dragonite|Extreme Speed|p1b: Glimmora\n|-resisted|p1b: Glimmora\n|-damage|p1b: Glimmora|45\/100\n|-activate|p1b: Glimmora|ability: Toxic Debris\n|-sidestart|p2: Powboombang|move: Toxic Spikes\n|move|p2b: Chien-Pao|Sucker Punch||[still]\n|-fail|p2b: Chien-Pao\n|move|p1b: Glimmora|Toxic|p2b: Chien-Pao\n|-status|p2b: Chien-Pao|tox\n|\n|-damage|p2b: Chien-Pao|95\/100 tox|[from] psn\n|upkeep\n|turn|3\n|\n|t:|1683044419\n|move|p2b: Chien-Pao|Protect|p2b: Chien-Pao\n|-singleturn|p2b: Chien-Pao|Protect\n|move|p1b: Glimmora|Spiky Shield|p1b: Glimmora\n|-singleturn|p1b: Glimmora|move: Protect\n|move|p2a: Dragonite|Extreme Speed|p1a: Dondozo\n|-damage|p1a: Dondozo|10\/100\n|move|p1a: Dondozo|Yawn|p2a: Dragonite\n|-start|p2a: Dragonite|move: Yawn|[of] p1a: Dondozo\n|\n|-damage|p2b: Chien-Pao|83\/100 tox|[from] psn\n|upkeep\n|turn|4\n|\n|t:|1683044442\n|move|p2a: Dragonite|Extreme Speed|p1b: Glimmora\n|-resisted|p1b: Glimmora\n|-damage|p1b: Glimmora|0 fnt\n|-activate|p1b: Glimmora|ability: Toxic Debris\n|-sidestart|p2: Powboombang|move: Toxic Spikes\n|faint|p1b: Glimmora\n|move|p2b: Chien-Pao|Ice Spinner|p1a: Dondozo\n|-resisted|p1a: Dondozo\n|-damage|p1a: Dondozo|0 fnt\n|faint|p1a: Dondozo\n|\n|-damage|p2b: Chien-Pao|66\/100 tox|[from] psn\n|-end|p2a: Dragonite|move: Yawn|[silent]\n|-status|p2a: Dragonite|slp\n|upkeep\n|\n|t:|1683044450\n|switch|p1b: Flutter Mane|Flutter Mane, L50|100\/100\n|switch|p1a: Dragonite|Dragonite, L50, M, shiny|100\/100\n|-enditem|p1b: Flutter Mane|Booster Energy\n|-activate|p1b: Flutter Mane|ability: Protosynthesis|[fromitem]\n|-start|p1b: Flutter Mane|protosynthesisspe\n|turn|5\n|\n|t:|1683044474\n|move|p2b: Chien-Pao|Protect|p2b: Chien-Pao\n|-singleturn|p2b: Chien-Pao|Protect\n|cant|p2a: Dragonite|slp\n|move|p1b: Flutter Mane|Substitute|p1b: Flutter Mane\n|-start|p1b: Flutter Mane|Substitute\n|-damage|p1b: Flutter Mane|76\/100\n|move|p1a: Dragonite|Outrage|p2b: Chien-Pao\n|-activate|p2b: Chien-Pao|move: Protect\n|\n|-damage|p2b: Chien-Pao|43\/100 tox|[from] psn\n|upkeep\n|turn|6\n|inactive|19402u has 30 seconds left.\n|\n|t:|1683044507\n|cant|p2a: Dragonite|slp\n|move|p1b: Flutter Mane|Moonblast|p2b: Chien-Pao\n|-supereffective|p2b: Chien-Pao\n|-damage|p2b: Chien-Pao|0 fnt\n|faint|p2b: Chien-Pao\n|move|p1a: Dragonite|Outrage|p2a: Dragonite\n|-damage|p2a: Dragonite|56\/100 slp\n|\n|upkeep\n|\n|t:|1683044517\n|switch|p2b: Oranguru|Oranguru, L50, F|100\/100\n|-status|p2b: Oranguru|tox\n|turn|7\n|\n|t:|1683044526\n|-curestatus|p2a: Dragonite|slp|[msg]\n|move|p2a: Dragonite|Extreme Speed|p1a: Dragonite\n|-damage|p1a: Dragonite|56\/100\n|move|p1b: Flutter Mane|Moonblast|p2a: Dragonite\n|-damage|p2a: Dragonite|12\/100\n|move|p1a: Dragonite|Outrage|p2a: Dragonite|[from]lockedmove\n|-damage|p2a: Dragonite|0 fnt\n|faint|p2a: Dragonite\n|-start|p1a: Dragonite|confusion|[fatigue]\n|move|p2b: Oranguru|Trick Room|p2b: Oranguru\n|-fieldstart|move: Trick Room|[of] p2b: Oranguru\n|\n|-damage|p2b: Oranguru|94\/100 tox|[from] psn\n|upkeep\n|\n|t:|1683044543\n|switch|p2a: Torkoal|Torkoal, L50, M|100\/100\n|-status|p2a: Torkoal|tox\n|-weather|SunnyDay|[from] ability: Drought|[of] p2a: Torkoal\n|turn|8\n|\n|t:|1683044559\n|move|p2a: Torkoal|Eruption|p1a: Dragonite|[spread] p1a,p1b\n|-end|p1b: Flutter Mane|Substitute\n|-resisted|p1a: Dragonite\n|-damage|p1a: Dragonite|11\/100\n|move|p2b: Oranguru|Instruct|p2a: Torkoal\n|-singleturn|p2a: Torkoal|move: Instruct|[of] p2b: Oranguru\n|move|p2a: Torkoal|Eruption|p1a: Dragonite|[spread] p1a,p1b\n|-resisted|p1a: Dragonite\n|-damage|p1a: Dragonite|0 fnt\n|-damage|p1b: Flutter Mane|0 fnt\n|faint|p1a: Dragonite\n|faint|p1b: Flutter Mane\n|-end|p1b: Flutter Mane|Protosynthesis|[silent]\n|\n|win|Powboombang\n|raw|19402u's rating: 1408 → 1385<\/strong> (-23 for losing)\n|raw|Powboombang's rating: 1351 → 1374<\/strong> (+23 for winning)\n","uploadtime":1683044566,"views":38,"p1id":"19402u","p2id":"powboombang","formatid":"gen9vgc2023regulationc","rating":1374,"private":0,"password":""}