{"id":"gen9vgc2023regulationc-1855207109","p1":"PerenniumFalcon","p2":"nightamara","format":"[Gen 9] VGC 2023 Regulation C","log":"|j|\u2606PerenniumFalcon\n|j|\u2606nightamara\n|t:|1682915147\n|gametype|doubles\n|player|p1|PerenniumFalcon|juggler|1378\n|player|p2|nightamara|greta-gen3|1265\n|teamsize|p1|6\n|teamsize|p2|6\n|gen|9\n|tier|[Gen 9] VGC 2023 Regulation C\n|rated|\n|rule|Species Clause: Limit one of each Pok\u00e9mon\n|rule|Item Clause: Limit one of each item\n|clearpoke\n|poke|p1|Chi-Yu, L50|\n|poke|p1|Orthworm, L50, M|\n|poke|p1|Garchomp, L50, F|\n|poke|p1|Talonflame, L50, M|\n|poke|p1|Amoonguss, L50, F|\n|poke|p1|Flutter Mane, L50|\n|poke|p2|Scream Tail, L50|\n|poke|p2|Flutter Mane, L50|\n|poke|p2|Ting-Lu, L50|\n|poke|p2|Gothitelle, L50, F|\n|poke|p2|Arcanine, L50, M|\n|poke|p2|Scizor, L50, M|\n|teampreview|4\nPerenniumFalcon has agreed to open team sheets.\nnightamara has agreed to open team sheets.\n|inactive|Battle timer is ON: inactive players will automatically lose when time's up. (requested by nightamara)\n|\n|t:|1682915200\n|start\n|switch|p1a: Chi-Yu|Chi-Yu, L50|100\/100\n|switch|p1b: Flutter Mane|Flutter Mane, L50|100\/100\n|switch|p2a: Sung Suho|Scream Tail, L50|100\/100\n|switch|p2b: Scizor|Scizor, L50, M, shiny|100\/100\n|-ability|p1a: Chi-Yu|Beads of Ruin\n|-enditem|p2a: Sung Suho|Booster Energy\n|-activate|p2a: Sung Suho|ability: Protosynthesis|[fromitem]\n|-start|p2a: Sung Suho|protosynthesisspe\n|turn|1\n|\n|t:|1682915222\n|-end|p1b: Flutter Mane|Protosynthesis|[silent]\n|switch|p1b: Orthworm|Orthworm, L50, M|100\/100\n|move|p2a: Sung Suho|Protect|p2a: Sung Suho\n|-singleturn|p2a: Sung Suho|Protect\n|move|p2b: Scizor|Protect|p2b: Scizor\n|-singleturn|p2b: Scizor|Protect\n|move|p1a: Chi-Yu|Flamethrower|p2b: Scizor\n|-activate|p2b: Scizor|move: Protect\n|\n|upkeep\n|turn|2\n|\n|t:|1682915235\n|switch|p2b: Sung Jinah|Gothitelle, L50, F|100\/100\n|move|p2a: Sung Suho|Perish Song|p2a: Sung Suho\n|-start|p1a: Chi-Yu|perish3|[silent]\n|-start|p1b: Orthworm|perish3|[silent]\n|-start|p2a: Sung Suho|perish3|[silent]\n|-start|p2b: Sung Jinah|perish3|[silent]\n|-fieldactivate|move: Perish Song\n|move|p1a: Chi-Yu|Flamethrower|p2b: Sung Jinah\n|-damage|p2b: Sung Jinah|53\/100\n|move|p1b: Orthworm|Shed Tail|p1b: Orthworm\n|-start|p1b: Orthworm|Substitute|[from] move: Shed Tail\n|-damage|p1b: Orthworm|50\/100\n|-enditem|p1b: Orthworm|Sitrus Berry|[eat]\n|-heal|p1b: Orthworm|75\/100|[from] item: Sitrus Berry\n|\n|t:|1682915246\n|switch|p1b: Flutter Mane|Flutter Mane, L50|100\/100|[from] Shed Tail\n|\n|-start|p2a: Sung Suho|perish3\n|-start|p1a: Chi-Yu|perish3\n|-start|p2b: Sung Jinah|perish3\n|upkeep\n|turn|3\n|inactive|nightamara has 30 seconds left.\n|\n|t:|1682915277\n|switch|p2b: Yoo Jinho|Arcanine, L50, M|100\/100\n|-ability|p2b: Yoo Jinho|Intimidate|boost\n|-unboost|p1a: Chi-Yu|atk|1\n|-immune|p1b: Flutter Mane\n|move|p2a: Sung Suho|Play Rough|p1b: Flutter Mane\n|-end|p1b: Flutter Mane|Substitute\n|move|p1b: Flutter Mane|Shadow Ball|p2b: Yoo Jinho\n|-damage|p2b: Yoo Jinho|5\/100\n|move|p1a: Chi-Yu|Flamethrower|p2a: Sung Suho\n|-damage|p2a: Sung Suho|58\/100\n|\n|-start|p2a: Sung Suho|perish2\n|-start|p1a: Chi-Yu|perish2\n|upkeep\n|turn|4\n|\n|t:|1682915296\n|-end|p2a: Sung Suho|Protosynthesis|[silent]\n|switch|p2a: Sung Jinah|Gothitelle, L50, F|53\/100\n|switch|p1a: Orthworm|Orthworm, L50, M|75\/100\n|move|p2b: Yoo Jinho|Protect|p2b: Yoo Jinho\n|-singleturn|p2b: Yoo Jinho|Protect\n|move|p1b: Flutter Mane|Shadow Ball|p2b: Yoo Jinho\n|-activate|p2b: Yoo Jinho|move: Protect\n|\n|upkeep\n|turn|5\n|\n|t:|1682915316\n|move|p2a: Sung Jinah|Fake Out|p1a: Orthworm\n|-resisted|p1a: Orthworm\n|-damage|p1a: Orthworm|73\/100\n|move|p1b: Flutter Mane|Shadow Ball|p2b: Yoo Jinho\n|-damage|p2b: Yoo Jinho|0 fnt\n|faint|p2b: Yoo Jinho\n|cant|p1a: Orthworm|flinch\n|\n|upkeep\n|\n|t:|1682915325\n|switch|p2b: Scizor|Scizor, L50, M, shiny|100\/100\n|turn|6\n|\n|t:|1682915332\n|-end|p1b: Flutter Mane|Protosynthesis|[silent]\n|switch|p1b: Garchomp|Garchomp, L50, F|100\/100\n|switch|p2a: Sung Suho|Scream Tail, L50|58\/100\n|move|p2b: Scizor|Bullet Punch|p1b: Garchomp\n|-damage|p1b: Garchomp|56\/100\n|-damage|p2b: Scizor|88\/100|[from] ability: Rough Skin|[of] p1b: Garchomp\n|-damage|p2b: Scizor|78\/100|[from] item: Life Orb\n|move|p1a: Orthworm|Shed Tail|p1a: Orthworm\n|-start|p1a: Orthworm|Substitute|[from] move: Shed Tail\n|-damage|p1a: Orthworm|23\/100\n|\n|t:|1682915346\n|switch|p1a: Chi-Yu|Chi-Yu, L50|100\/100|[from] Shed Tail\n|-ability|p1a: Chi-Yu|Beads of Ruin\n|\n|upkeep\n|turn|7\n|\n|t:|1682915364\n|switch|p2b: Sung Jinah|Gothitelle, L50, F|53\/100\n|-terastallize|p1b: Garchomp|Fire\n|move|p1a: Chi-Yu|Protect|p1a: Chi-Yu\n|-singleturn|p1a: Chi-Yu|Protect\n|move|p2a: Sung Suho|Play Rough|p1b: Garchomp\n|-resisted|p1b: Garchomp\n|-damage|p1b: Garchomp|46\/100\n|-damage|p2a: Sung Suho|46\/100|[from] ability: Rough Skin|[of] p1b: Garchomp\n|move|p1b: Garchomp|Swords Dance|p1b: Garchomp\n|-boost|p1b: Garchomp|atk|2\n|\n|upkeep\n|turn|8\n|-message|nightamara forfeited.\n|\n|win|PerenniumFalcon\n|raw|PerenniumFalcon's rating: 1378 → 1392<\/strong> (+14 for winning)\n|raw|nightamara's rating: 1265 → 1248<\/strong> (-17 for losing)\n|l|\u2606PerenniumFalcon\n","uploadtime":1682915384,"views":15,"p1id":"perenniumfalcon","p2id":"nightamara","formatid":"gen9vgc2023regulationc","rating":1248,"private":0,"password":""}