{"id":"gen9vgc2023regulationc-1864296541","p1":"Giest greninja","p2":"Juca sinuca","format":"[Gen 9] VGC 2023 Regulation C","log":"|j|\u2606Giest greninja\n|j|\u2606Juca sinuca\n|t:|1684151880\n|gametype|doubles\n|player|p1|Giest greninja|tate|1356\n|player|p2|Juca sinuca|unknown|1416\n|teamsize|p1|6\n|teamsize|p2|6\n|gen|9\n|tier|[Gen 9] VGC 2023 Regulation C\n|rated|\n|rule|Species Clause: Limit one of each Pok\u00e9mon\n|rule|Item Clause: Limit one of each item\n|clearpoke\n|poke|p1|Dragonite, L50, F|\n|poke|p1|Chien-Pao, L50|\n|poke|p1|Flutter Mane, L50|\n|poke|p1|Chi-Yu, L50|\n|poke|p1|Iron Bundle, L50|\n|poke|p1|Breloom, L50, M|\n|poke|p2|Annihilape, L50, F|\n|poke|p2|Gholdengo, L50|\n|poke|p2|Ting-Lu, L50|\n|poke|p2|Corviknight, L50, F|\n|poke|p2|Grimmsnarl, L50, M|\n|poke|p2|Iron Moth, L50|\n|teampreview|4\n|inactive|Battle timer is ON: inactive players will automatically lose when time's up. (requested by Giest greninja)\nGiest greninja rejected open team sheets.\n|\n|t:|1684151904\n|start\n|switch|p1a: Dragonite|Dragonite, L50, F|100\/100\n|switch|p1b: Chien-Pao|Chien-Pao, L50|100\/100\n|switch|p2a: Grimmsnarl|Grimmsnarl, L50, M, shiny|100\/100\n|switch|p2b: Annihilape|Annihilape, L50, F, shiny|100\/100\n|-ability|p1b: Chien-Pao|Sword of Ruin\n|turn|1\n|inactive|Juca sinuca has 30 seconds left.\n|\n|t:|1684151933\n|-terastallize|p2b: Annihilape|Water\n|-terastallize|p1a: Dragonite|Normal\n|move|p1a: Dragonite|Extreme Speed|p2a: Grimmsnarl\n|-damage|p2a: Grimmsnarl|8\/100\n|move|p2a: Grimmsnarl|Reflect|p2a: Grimmsnarl\n|-sidestart|p2: Juca sinuca|Reflect\n|move|p1b: Chien-Pao|Ice Spinner|p2a: Grimmsnarl\n|-damage|p2a: Grimmsnarl|0 fnt\n|faint|p2a: Grimmsnarl\n|move|p2b: Annihilape|Drain Punch|p1a: Dragonite\n|-supereffective|p1a: Dragonite\n|-damage|p1a: Dragonite|18\/100\n|\n|upkeep\n|\n|t:|1684151948\n|switch|p2a: Gholdengo|Gholdengo, L50|100\/100\n|turn|2\n|\n|t:|1684151956\n|move|p1a: Dragonite|Extreme Speed|p2b: Annihilape\n|-damage|p2b: Annihilape|44\/100\n|move|p1b: Chien-Pao|Sacred Sword|p2b: Annihilape\n|-damage|p2b: Annihilape|19\/100\n|move|p2b: Annihilape|Drain Punch|p1b: Chien-Pao\n|-supereffective|p1b: Chien-Pao\n|-enditem|p1b: Chien-Pao|Focus Sash\n|-damage|p1b: Chien-Pao|1\/100\n|-heal|p2b: Annihilape|57\/100|[from] drain|[of] p1b: Chien-Pao\n|move|p2a: Gholdengo|Make It Rain|p1a: Dragonite|[spread] p1a,p1b\n|-supereffective|p1b: Chien-Pao\n|-damage|p1a: Dragonite|0 fnt\n|-damage|p1b: Chien-Pao|0 fnt\n|-unboost|p2a: Gholdengo|spa|1\n|faint|p1a: Dragonite\n|faint|p1b: Chien-Pao\n|-damage|p2a: Gholdengo|91\/100|[from] item: Life Orb\n|\n|-heal|p2b: Annihilape|63\/100|[from] item: Leftovers\n|upkeep\n|\n|t:|1684151966\n|switch|p1b: Chi-Yu|Chi-Yu, L50|100\/100\n|switch|p1a: Flutter Mane|Flutter Mane, L50|100\/100\n|-ability|p1b: Chi-Yu|Beads of Ruin\n|-enditem|p1a: Flutter Mane|Booster Energy\n|-activate|p1a: Flutter Mane|ability: Protosynthesis|[fromitem]\n|-start|p1a: Flutter Mane|protosynthesisspe\n|turn|3\n|\n|t:|1684151982\n|switch|p2a: TingTing|Ting-Lu, L50|100\/100\n|-ability|p2a: TingTing|Vessel of Ruin\n|move|p1a: Flutter Mane|Shadow Ball|p2b: Annihilape\n|-damage|p2b: Annihilape|30\/100\n|move|p1b: Chi-Yu|Heat Wave|p2b: Annihilape|[spread] p2a,p2b\n|-resisted|p2b: Annihilape\n|-damage|p2a: TingTing|81\/100\n|-damage|p2b: Annihilape|14\/100\n|-status|p2a: TingTing|brn\n|-status|p2b: Annihilape|brn\n|move|p2b: Annihilape|Rage Fist|p1a: Flutter Mane\n|-supereffective|p1a: Flutter Mane\n|-damage|p1a: Flutter Mane|0 fnt\n|faint|p1a: Flutter Mane\n|-end|p1a: Flutter Mane|Protosynthesis|[silent]\n|\n|-heal|p2b: Annihilape|20\/100 brn|[from] item: Leftovers\n|-damage|p2b: Annihilape|14\/100 brn|[from] brn\n|-damage|p2a: TingTing|75\/100 brn|[from] brn\n|upkeep\n|turn|4\n|\n|t:|1684152001\n|move|p1b: Chi-Yu|Heat Wave|p2a: TingTing|[spread] p2a,p2b\n|-resisted|p2b: Annihilape\n|-damage|p2a: TingTing|54\/100 brn\n|-damage|p2b: Annihilape|0 fnt\n|faint|p2b: Annihilape\n|move|p2a: TingTing|Stomping Tantrum|p1b: Chi-Yu\n|-supereffective|p1b: Chi-Yu\n|-damage|p1b: Chi-Yu|40\/100\n|\n|-damage|p2a: TingTing|48\/100 brn|[from] brn\n|upkeep\n|\n|t:|1684152003\n|switch|p2b: Gholdengo|Gholdengo, L50|91\/100\n|turn|5\n|\n|t:|1684152023\n|move|p2b: Gholdengo|Protect|p2b: Gholdengo\n|-singleturn|p2b: Gholdengo|Protect\n|move|p1b: Chi-Yu|Heat Wave|p2b: Gholdengo|[spread] p2a\n|-activate|p2b: Gholdengo|move: Protect\n|-damage|p2a: TingTing|28\/100 brn\n|move|p2a: TingTing|Stomping Tantrum|p1b: Chi-Yu\n|-supereffective|p1b: Chi-Yu\n|-damage|p1b: Chi-Yu|0 fnt\n|faint|p1b: Chi-Yu\n|\n|win|Juca sinuca\n|raw|Giest greninja's rating: 1356 → 1339<\/strong> (-17 for losing)\n|raw|Juca sinuca's rating: 1416 → 1433<\/strong> (+17 for winning)\n|l|\u2606Giest greninja\n","uploadtime":1684152043,"views":8,"p1id":"giestgreninja","p2id":"jucasinuca","formatid":"gen9vgc2023regulationc","rating":1339,"private":0,"password":""}