{"id":"gen9vgc2023regulationc-1860705627","p1":"Barbie120","p2":"jotapevh","format":"[Gen 9] VGC 2023 Regulation C","log":"|j|\u2606Barbie120\n|j|\u2606jotapevh\n|t:|1683668251\n|gametype|doubles\n|player|p1|Barbie120|drayden|1273\n|player|p2|jotapevh|norman|1380\n|teamsize|p1|6\n|teamsize|p2|6\n|gen|9\n|tier|[Gen 9] VGC 2023 Regulation C\n|rated|\n|rule|Species Clause: Limit one of each Pok\u00e9mon\n|rule|Item Clause: Limit one of each item\n|clearpoke\n|poke|p1|Annihilape, L50, M|\n|poke|p1|Maushold-Four, L50|\n|poke|p1|Abomasnow, L50, M|\n|poke|p1|Iron Bundle, L50|\n|poke|p1|Flutter Mane, L50|\n|poke|p1|Arcanine, L50, M|\n|poke|p2|Dondozo, L50, M|\n|poke|p2|Tatsugiri-Droopy, L50, M|\n|poke|p2|Pelipper, L50, M|\n|poke|p2|Drednaw, L50, M|\n|poke|p2|Dragonite, L50, F|\n|poke|p2|Chien-Pao, L50|\n|teampreview|4\n|\n|t:|1683668287\n|start\n|switch|p1a: Annihilape|Annihilape, L50, M|100\/100\n|switch|p1b: Maushold|Maushold-Four, L50|100\/100\n|switch|p2a: Dondozo|Dondozo, L50, M|100\/100\n|switch|p2b: Pelipper|Pelipper, L50, M|100\/100\n|-weather|RainDance|[from] ability: Drizzle|[of] p2b: Pelipper\n|turn|1\n|\n|t:|1683668305\n|switch|p1b: Abomasnow|Abomasnow, L50, M|100\/100\n|-weather|Snow|[from] ability: Snow Warning|[of] p1b: Abomasnow\n|switch|p2b: Tatsugiri|Tatsugiri-Droopy, L50, M, shiny|100\/100\n|-activate|p2b: Tatsugiri|ability: Commander|[of] p2a: Dondozo\n|-boost|p2a: Dondozo|atk|2\n|-boost|p2a: Dondozo|spa|2\n|-boost|p2a: Dondozo|spe|2\n|-boost|p2a: Dondozo|def|2\n|-boost|p2a: Dondozo|spd|2\n|-terastallize|p2a: Dondozo|Water\n|move|p2a: Dondozo|Surf|p1a: Annihilape|[spread] p1a,p1b\n|-miss|p2a: Dondozo|p2b: Tatsugiri\n|-resisted|p1b: Abomasnow\n|-damage|p1a: Annihilape|40\/100\n|-damage|p1b: Abomasnow|64\/100\n|-damage|p2a: Dondozo|91\/100|[from] item: Life Orb\n|move|p1a: Annihilape|Rage Fist|p2a: Dondozo\n|-damage|p2a: Dondozo|74\/100\n|\n|-weather|Snow|[upkeep]\n|-heal|p1a: Annihilape|47\/100|[from] item: Leftovers\n|upkeep\n|turn|2\n|\n|t:|1683668327\n|move|p1a: Annihilape|Protect|p1a: Annihilape\n|-singleturn|p1a: Annihilape|Protect\n|move|p2a: Dondozo|Surf|p1a: Annihilape|[spread] p1b\n|-miss|p2a: Dondozo|p2b: Tatsugiri\n|-activate|p1a: Annihilape|move: Protect\n|-resisted|p1b: Abomasnow\n|-damage|p1b: Abomasnow|28\/100\n|-damage|p2a: Dondozo|65\/100|[from] item: Life Orb\n|move|p1b: Abomasnow|Giga Drain|p2a: Dondozo\n|-supereffective|p2a: Dondozo\n|-damage|p2a: Dondozo|17\/100\n|-heal|p1b: Abomasnow|56\/100|[from] drain|[of] p2a: Dondozo\n|\n|-weather|Snow|[upkeep]\n|-heal|p1a: Annihilape|53\/100|[from] item: Leftovers\n|upkeep\n|turn|3\n|\n|t:|1683668351\n|-terastallize|p1a: Annihilape|Water\n|move|p2a: Dondozo|Surf|p1b: Abomasnow|[spread] p1a,p1b\n|-miss|p2a: Dondozo|p2b: Tatsugiri\n|-resisted|p1a: Annihilape\n|-resisted|p1b: Abomasnow\n|-damage|p1a: Annihilape|24\/100\n|-damage|p1b: Abomasnow|19\/100\n|-damage|p2a: Dondozo|7\/100|[from] item: Life Orb\n|move|p1a: Annihilape|Rage Fist|p2a: Dondozo\n|-damage|p2a: Dondozo|0 fnt\n|faint|p2a: Dondozo\n|move|p1b: Abomasnow|Giga Drain|p2b: Tatsugiri\n|-damage|p2b: Tatsugiri|41\/100\n|-heal|p1b: Abomasnow|42\/100|[from] drain|[of] p2b: Tatsugiri\n|\n|-weather|Snow|[upkeep]\n|-heal|p1a: Annihilape|30\/100|[from] item: Leftovers\n|upkeep\n|\n|t:|1683668359\n|switch|p2a: Pelipper|Pelipper, L50, M|100\/100\n|-weather|RainDance|[from] ability: Drizzle|[of] p2a: Pelipper\n|turn|4\n|\n|t:|1683668371\n|switch|p1b: Maushold|Maushold-Four, L50|100\/100\n|move|p1a: Annihilape|Protect|p1a: Annihilape\n|-singleturn|p1a: Annihilape|Protect\n|move|p2b: Tatsugiri|Muddy Water|p1b: Maushold|[spread] p1b\n|-activate|p1a: Annihilape|move: Protect\n|-damage|p1b: Maushold|46\/100\n|move|p2a: Pelipper|Tailwind|p2a: Pelipper\n|-sidestart|p2: jotapevh|move: Tailwind\n|\n|-weather|RainDance|[upkeep]\n|-heal|p1a: Annihilape|37\/100|[from] item: Leftovers\n|upkeep\n|turn|5\n|\n|t:|1683668389\n|switch|p1a: Abomasnow|Abomasnow, L50, M|42\/100\n|-weather|Snow|[from] ability: Snow Warning|[of] p1a: Abomasnow\n|move|p2b: Tatsugiri|Muddy Water|p1b: Maushold|[spread] p1a,p1b\n|-resisted|p1a: Abomasnow\n|-damage|p1a: Abomasnow|30\/100\n|-damage|p1b: Maushold|13\/100\n|move|p2a: Pelipper|Hurricane|p1b: Maushold\n|-damage|p1b: Maushold|0 fnt\n|faint|p1b: Maushold\n|\n|-weather|Snow|[upkeep]\n|upkeep\n|\n|t:|1683668402\n|switch|p1b: Annihilape|Annihilape, L50, M, tera:Water|37\/100\n|turn|6\n|\n|t:|1683668412\n|move|p1b: Annihilape|Protect|p1b: Annihilape\n|-singleturn|p1b: Annihilape|Protect\n|move|p2b: Tatsugiri|Muddy Water|p1b: Annihilape|[spread] \n|-activate|p1b: Annihilape|move: Protect\n|-miss|p2b: Tatsugiri|p1a: Abomasnow\n|move|p2a: Pelipper|Hurricane|p1a: Abomasnow\n|-supereffective|p1a: Abomasnow\n|-damage|p1a: Abomasnow|0 fnt\n|faint|p1a: Abomasnow\n|\n|-weather|Snow|[upkeep]\n|-heal|p1b: Annihilape|43\/100|[from] item: Leftovers\n|upkeep\n|\n|t:|1683668423\n|switch|p1a: Flutter Mane|Flutter Mane, L50|100\/100\n|-enditem|p1a: Flutter Mane|Booster Energy\n|-activate|p1a: Flutter Mane|ability: Protosynthesis|[fromitem]\n|-start|p1a: Flutter Mane|protosynthesisspe\n|turn|7\n|\n|t:|1683668431\n|move|p1a: Flutter Mane|Protect|p1a: Flutter Mane\n|-singleturn|p1a: Flutter Mane|Protect\n|move|p2b: Tatsugiri|Muddy Water|p1a: Flutter Mane|[spread] p1b\n|-activate|p1a: Flutter Mane|move: Protect\n|-resisted|p1b: Annihilape\n|-damage|p1b: Annihilape|31\/100\n|move|p2a: Pelipper|Hurricane|p1b: Annihilape\n|-damage|p1b: Annihilape|0 fnt\n|faint|p1b: Annihilape\n|\n|-weather|Snow|[upkeep]\n|-sideend|p2: jotapevh|move: Tailwind\n|upkeep\n|turn|8\n|\n|t:|1683668446\n|move|p1a: Flutter Mane|Dazzling Gleam|p2a: Pelipper|[spread] p2a,p2b\n|-supereffective|p2b: Tatsugiri\n|-damage|p2a: Pelipper|57\/100\n|-damage|p2b: Tatsugiri|0 fnt\n|faint|p2b: Tatsugiri\n|move|p2a: Pelipper|Tailwind|p2a: Pelipper\n|-sidestart|p2: jotapevh|move: Tailwind\n|\n|-weather|Snow|[upkeep]\n|upkeep\n|\n|t:|1683668451\n|switch|p2b: Drednaw|Drednaw, L50, M|100\/100\n|turn|9\n|\n|t:|1683668472\n|move|p1a: Flutter Mane|Protect|p1a: Flutter Mane\n|-singleturn|p1a: Flutter Mane|Protect\n|move|p2b: Drednaw|Waterfall|p1a: Flutter Mane\n|-activate|p1a: Flutter Mane|move: Protect\n|move|p2a: Pelipper|Hydro Pump|p1a: Flutter Mane\n|-activate|p1a: Flutter Mane|move: Protect\n|\n|-weather|none\n|upkeep\n|turn|10\n|\n|t:|1683668484\n|move|p1a: Flutter Mane|Thunderbolt|p2b: Drednaw\n|-supereffective|p2b: Drednaw\n|-damage|p2b: Drednaw|10\/100\n|move|p2b: Drednaw|Waterfall|p1a: Flutter Mane\n|-damage|p1a: Flutter Mane|0 fnt\n|faint|p1a: Flutter Mane\n|-end|p1a: Flutter Mane|Protosynthesis|[silent]\n|\n|win|jotapevh\n|raw|Barbie120's rating: 1273 → 1255<\/strong> (-18 for losing)\n|raw|jotapevh's rating: 1380 → 1394<\/strong> (+14 for winning)\n|l|\u2606jotapevh\n|c|\u2606Barbie120|Gg\n","uploadtime":1683668498,"views":21,"p1id":"barbie120","p2id":"jotapevh","formatid":"gen9vgc2023regulationc","rating":1255,"private":0,"password":""}