{"id":"gen9vgc2023regulationc-1845807502","p1":"ghuymaa","p2":"bentroei","format":"[Gen 9] VGC 2023 Regulation C","log":"|j|\u2606ghuymaa\n|j|\u2606bentroei\n|t:|1681766556\n|gametype|doubles\n|player|p1|ghuymaa|bellelba|1030\n|player|p2|bentroei|102|1057\n|teamsize|p1|6\n|teamsize|p2|6\n|gen|9\n|tier|[Gen 9] VGC 2023 Regulation C\n|rated|\n|rule|Species Clause: Limit one of each Pok\u00e9mon\n|rule|Item Clause: Limit one of each item\n|clearpoke\n|poke|p1|Chien-Pao, L50|\n|poke|p1|Corviknight, L50, F|\n|poke|p1|Iron Valiant, L50|\n|poke|p1|Chi-Yu, L50|\n|poke|p1|Garganacl, L50, F|\n|poke|p1|Sylveon, L50, F|\n|poke|p2|Arcanine, L50, F|\n|poke|p2|Talonflame, L50, F|\n|poke|p2|Amoonguss, L50, M|\n|poke|p2|Gyarados, L50, F|\n|poke|p2|Flutter Mane, L50|\n|poke|p2|Dragonite, L50, F|\n|teampreview|4\nbentroei rejected open team sheets.\n|inactive|Battle timer is ON: inactive players will automatically lose when time's up. (requested by bentroei)\n|\n|t:|1681766592\n|start\n|switch|p1a: Corv|Corviknight, L50, F|100\/100\n|switch|p1b: Hien|Chien-Pao, L50|100\/100\n|switch|p2a: Talonflame|Talonflame, L50, F|100\/100\n|switch|p2b: Gyarados|Gyarados, L50, F|100\/100\n|-ability|p1b: Hien|Sword of Ruin\n|-ability|p2b: Gyarados|Intimidate|boost\n|-ability|p1a: Corv|Mirror Armor\n|-unboost|p2b: Gyarados|atk|1\n|-unboost|p1b: Hien|atk|1\n|turn|1\n|inactive|ghuymaa has 30 seconds left.\n|inactive|ghuymaa has 20 seconds left.\n|\n|t:|1681766628\n|switch|p1b: Sylv|Sylveon, L50, F, shiny|100\/100\n|-terastallize|p1a: Corv|Dragon\n|move|p2a: Talonflame|Tailwind|p2a: Talonflame\n|-sidestart|p2: bentroei|move: Tailwind\n|move|p2b: Gyarados|Thunder Wave|p1b: Sylv\n|-status|p1b: Sylv|par\n|move|p1a: Corv|Tailwind|p1a: Corv\n|-sidestart|p1: ghuymaa|move: Tailwind\n|\n|upkeep\n|turn|2\n|inactive|ghuymaa has 30 seconds left.\n|inactive|ghuymaa has 20 seconds left.\n|\n|t:|1681766664\n|move|p2a: Talonflame|Will-O-Wisp|p1a: Corv|[miss]\n|-miss|p2a: Talonflame|p1a: Corv\n|move|p2b: Gyarados|Dragon Dance|p2b: Gyarados\n|-boost|p2b: Gyarados|atk|1\n|-boost|p2b: Gyarados|spe|1\n|move|p1a: Corv|Bulk Up|p1a: Corv\n|-boost|p1a: Corv|atk|1\n|-boost|p1a: Corv|def|1\n|cant|p1b: Sylv|par\n|\n|upkeep\n|turn|3\n|\n|t:|1681766680\n|move|p2b: Gyarados|Thunder Wave|p1a: Corv\n|-status|p1a: Corv|par\n|-enditem|p1a: Corv|Lum Berry|[eat]\n|-curestatus|p1a: Corv|par|[msg]\n|move|p2a: Talonflame|Flare Blitz|p1a: Corv\n|-resisted|p1a: Corv\n|-damage|p1a: Corv|88\/100\n|-damage|p2a: Talonflame|95\/100|[from] Recoil\n|-heal|p2a: Talonflame|97\/100|[from] item: Shell Bell|[of] p1a: Corv\n|move|p1a: Corv|Bulk Up|p1a: Corv\n|-boost|p1a: Corv|atk|1\n|-boost|p1a: Corv|def|1\n|move|p1b: Sylv|Hyper Voice|p2b: Gyarados|[spread] p2a,p2b\n|-resisted|p2a: Talonflame\n|-damage|p2a: Talonflame|68\/100\n|-damage|p2b: Gyarados|61\/100\n|-enditem|p1b: Sylv|Throat Spray\n|-boost|p1b: Sylv|spa|1|[from] item: Throat Spray\n|\n|upkeep\n|turn|4\n|inactive|bentroei has 30 seconds left.\n|inactive|bentroei has 20 seconds left.\n|\n|t:|1681766717\n|move|p2a: Talonflame|Protect|p2a: Talonflame\n|-singleturn|p2a: Talonflame|Protect\n|move|p2b: Gyarados|Waterfall|p1b: Sylv\n|-damage|p1b: Sylv|45\/100 par\n|move|p1a: Corv|Brave Bird|p2a: Talonflame\n|-activate|p2a: Talonflame|move: Protect\n|move|p1b: Sylv|Tera Blast|p2b: Gyarados\n|-damage|p2b: Gyarados|0 fnt\n|faint|p2b: Gyarados\n|\n|-sideend|p2: bentroei|move: Tailwind\n|-sideend|p1: ghuymaa|move: Tailwind\n|upkeep\n|\n|t:|1681766729\n|switch|p2b: Dragonite|Dragonite, L50, F|100\/100\n|turn|5\n|inactive|ghuymaa has 30 seconds left.\n|\n|t:|1681766757\n|-terastallize|p2b: Dragonite|Flying\n|cant|p1b: Sylv|par\n|move|p2a: Talonflame|Tailwind|p2a: Talonflame\n|-sidestart|p2: bentroei|move: Tailwind\n|move|p2b: Dragonite|Air Slash|p1b: Sylv\n|-damage|p1b: Sylv|17\/100 par\n|move|p1a: Corv|Brave Bird|p2b: Dragonite\n|-damage|p2b: Dragonite|57\/100\n|-damage|p1a: Corv|74\/100|[from] Recoil\n|\n|upkeep\n|turn|6\n|inactive|bentroei has 30 seconds left.\n|\n|t:|1681766783\n|move|p2a: Talonflame|Will-O-Wisp|p1a: Corv\n|-status|p1a: Corv|brn\n|move|p2b: Dragonite|Air Slash|p1b: Sylv\n|-damage|p1b: Sylv|0 fnt\n|faint|p1b: Sylv\n|move|p1a: Corv|Brave Bird|p2b: Dragonite\n|-damage|p2b: Dragonite|13\/100\n|-damage|p1a: Corv|60\/100 brn|[from] Recoil\n|\n|-damage|p1a: Corv|54\/100 brn|[from] brn\n|upkeep\n|\n|t:|1681766795\n|switch|p1b: Chiy|Chi-Yu, L50|100\/100\n|-ability|p1b: Chiy|Beads of Ruin\n|turn|7\n|\n|t:|1681766806\n|move|p1b: Chiy|Protect|p1b: Chiy\n|-singleturn|p1b: Chiy|Protect\n|move|p2a: Talonflame|Flare Blitz|p1a: Corv\n|-resisted|p1a: Corv\n|-damage|p1a: Corv|45\/100 brn\n|-damage|p2a: Talonflame|64\/100|[from] Recoil\n|-heal|p2a: Talonflame|65\/100|[from] item: Shell Bell|[of] p1a: Corv\n|move|p2b: Dragonite|Low Kick|p1b: Chiy\n|-activate|p1b: Chiy|move: Protect\n|move|p1a: Corv|Tailwind|p1a: Corv\n|-sidestart|p1: ghuymaa|move: Tailwind\n|\n|-damage|p1a: Corv|40\/100 brn|[from] brn\n|upkeep\n|turn|8\n|\n|t:|1681766826\n|move|p2a: Talonflame|Flare Blitz|p1a: Corv\n|-resisted|p1a: Corv\n|-damage|p1a: Corv|29\/100 brn\n|-damage|p2a: Talonflame|61\/100|[from] Recoil\n|-heal|p2a: Talonflame|62\/100|[from] item: Shell Bell|[of] p1a: Corv\n|move|p1b: Chiy|Snarl|p2b: Dragonite|[spread] p2a,p2b\n|-damage|p2a: Talonflame|19\/100\n|-damage|p2b: Dragonite|0 fnt\n|-unboost|p2a: Talonflame|spa|1\n|faint|p2b: Dragonite\n|move|p1a: Corv|Brave Bird|p2a: Talonflame\n|-damage|p2a: Talonflame|0 fnt\n|faint|p2a: Talonflame\n|-damage|p1a: Corv|25\/100 brn|[from] Recoil\n|\n|-damage|p1a: Corv|19\/100 brn|[from] brn\n|-sideend|p2: bentroei|move: Tailwind\n|upkeep\n|c|\u2606bentroei|gg\n|\n|t:|1681766850\n|switch|p2a: Amoonguss|Amoonguss, L50, M|100\/100\n|turn|9\n|\n|t:|1681766859\n|move|p1b: Chiy|Heat Wave|p2a: Amoonguss\n|-supereffective|p2a: Amoonguss\n|-damage|p2a: Amoonguss|10\/100\n|move|p1a: Corv|Brave Bird|p2a: Amoonguss\n|-supereffective|p2a: Amoonguss\n|-damage|p2a: Amoonguss|0 fnt\n|faint|p2a: Amoonguss\n|-damage|p1a: Corv|16\/100 brn|[from] Recoil\n|\n|win|ghuymaa\n|raw|ghuymaa's rating: 1030 → 1068<\/strong> (+38 for winning)\n|raw|bentroei's rating: 1057 → 1037<\/strong> (-20 for losing)\n|l|\u2606bentroei\n","uploadtime":1681766878,"views":7,"p1id":"ghuymaa","p2id":"bentroei","formatid":"gen9vgc2023regulationc","rating":1037,"private":0,"password":""}