{"id":"gen9vgc2023regulationc-1858648284","p1":"omg_its_daddy","p2":"Goatdozo","format":"[Gen 9] VGC 2023 Regulation C","log":"|j|\u2606omg_its_daddy\n|j|\u2606Goatdozo\n|t:|1683337105\n|gametype|doubles\n|player|p1|omg_its_daddy|li|\n|player|p2|Goatdozo|cyclistf|\n|teamsize|p1|6\n|teamsize|p2|6\n|gen|9\n|tier|[Gen 9] VGC 2023 Regulation C\n|rule|Species Clause: Limit one of each Pok\u00e9mon\n|rule|Item Clause: Limit one of each item\n|clearpoke\n|poke|p1|Sableye, L50, F|\n|poke|p1|Dragalge, L50, M|\n|poke|p1|Flareon, L50, F|\n|poke|p1|Gyarados, L50, M|\n|poke|p1|Drowzee, L50, M|\n|poke|p1|Iron Valiant, L50|\n|poke|p2|Flutter Mane, L50|\n|poke|p2|Indeedee-F, L50, F|\n|poke|p2|Dugtrio, L50, F|\n|poke|p2|Eelektrik, L50, F|\n|poke|p2|Armarouge, L50, M|\n|poke|p2|Azumarill, L50, M|\n|teampreview|4\n|c|\u2606omg_its_daddy|g3\nomg_its_daddy rejected open team sheets.\n|c|\u2606omg_its_daddy|glhf\n|c|\u2606Goatdozo|glhf\n|\n|t:|1683337961\n|start\n|switch|p1a: Sableye|Sableye, L50, F, shiny|100\/100\n|switch|p1b: Dragalge|Dragalge, L50, M, shiny|100\/100\n|switch|p2a: Thongs|Flutter Mane, L50|100\/100\n|switch|p2b: Jillaroo|Indeedee-F, L50, F|100\/100\n|-fieldstart|move: Psychic Terrain|[from] ability: Psychic Surge|[of] p2b: Jillaroo\n|-enditem|p2a: Thongs|Booster Energy\n|-activate|p2a: Thongs|ability: Protosynthesis|[fromitem]\n|-start|p2a: Thongs|protosynthesisspa\n|turn|1\n|\n|t:|1683338026\n|move|p2b: Jillaroo|Follow Me|p2b: Jillaroo\n|-singleturn|p2b: Jillaroo|move: Follow Me\n|move|p1a: Sableye|Light Screen|p1a: Sableye\n|-sidestart|p1: omg_its_daddy|move: Light Screen\n|move|p2a: Thongs|Moonblast|p1a: Sableye\n|-supereffective|p1a: Sableye\n|-damage|p1a: Sableye|0 fnt\n|faint|p1a: Sableye\n|move|p1b: Dragalge|Sludge Bomb|p2b: Jillaroo\n|-damage|p2b: Jillaroo|44\/100\n|-status|p2b: Jillaroo|psn\n|-enditem|p2b: Jillaroo|Sitrus Berry|[eat]\n|-heal|p2b: Jillaroo|69\/100 psn|[from] item: Sitrus Berry\n|\n|-damage|p2b: Jillaroo|57\/100 psn|[from] psn\n|upkeep\n|\n|t:|1683338035\n|switch|p1a: Gyarados|Gyarados, L50, M, shiny|100\/100\n|turn|2\n|\n|t:|1683338112\n|move|p2a: Thongs|Moonblast|p1a: Gyarados\n|-damage|p1a: Gyarados|54\/100\n|move|p1a: Gyarados|Crunch|p2b: Jillaroo\n|-supereffective|p2b: Jillaroo\n|-damage|p2b: Jillaroo|0 fnt\n|faint|p2b: Jillaroo\n|-ability|p1a: Gyarados|Moxie|boost\n|-boost|p1a: Gyarados|atk|1\n|-damage|p1a: Gyarados|44\/100|[from] item: Life Orb\n|move|p1b: Dragalge|Sludge Bomb|p2a: Thongs\n|-damage|p2a: Thongs|45\/100\n|\n|upkeep\n|\n|t:|1683338127\n|switch|p2b: Jackaroo|Armarouge, L50, M|100\/100\n|turn|3\n|\n|t:|1683338152\n|-terastallize|p2b: Jackaroo|Steel\n|move|p1a: Gyarados|Protect|p1a: Gyarados\n|-singleturn|p1a: Gyarados|Protect\n|move|p2a: Thongs|Moonblast|p1a: Gyarados\n|-activate|p1a: Gyarados|move: Protect\n|move|p2b: Jackaroo|Expanding Force|p1a: Gyarados|[spread] p1b\n|-activate|p1a: Gyarados|move: Protect\n|-supereffective|p1b: Dragalge\n|-damage|p1b: Dragalge|40\/100\n|-damage|p2b: Jackaroo|90\/100|[from] item: Life Orb\n|move|p1b: Dragalge|Sludge Bomb|p2a: Thongs\n|-damage|p2a: Thongs|0 fnt\n|faint|p2a: Thongs\n|-end|p2a: Thongs|Protosynthesis|[silent]\n|\n|upkeep\n|\n|t:|1683338164\n|switch|p2a: Iced Vovo|Azumarill, L50, M|100\/100\n|turn|4\n|\n|t:|1683338195\n|move|p1a: Gyarados|Waterfall|p2b: Jackaroo\n|-damage|p2b: Jackaroo|0 fnt\n|faint|p2b: Jackaroo\n|-ability|p1a: Gyarados|Moxie|boost\n|-boost|p1a: Gyarados|atk|1\n|-damage|p1a: Gyarados|34\/100|[from] item: Life Orb\n|move|p2a: Iced Vovo|Play Rough|p1a: Gyarados\n|-damage|p1a: Gyarados|0 fnt\n|faint|p1a: Gyarados\n|move|p1b: Dragalge|Sludge Bomb|p2a: Iced Vovo\n|-supereffective|p2a: Iced Vovo\n|-damage|p2a: Iced Vovo|16\/100\n|\n|-heal|p2a: Iced Vovo|22\/100|[from] item: Leftovers\n|upkeep\n|\n|t:|1683338201\n|switch|p1a: Iron Valiant|Iron Valiant, L50|100\/100\n|turn|5\n|c|\u2606Goatdozo|gg\n|c|\u2606omg_its_daddy|gg\n|\n|t:|1683338224\n|move|p1a: Iron Valiant|Close Combat|p2a: Iced Vovo\n|-resisted|p2a: Iced Vovo\n|-damage|p2a: Iced Vovo|0 fnt\n|-unboost|p1a: Iron Valiant|def|1\n|-unboost|p1a: Iron Valiant|spd|1\n|faint|p2a: Iced Vovo\n|\n|win|omg_its_daddy\n|c|\u2606omg_its_daddy|sorry for rng g1\n|c|\u2606Goatdozo|happens\n|c|\u2606omg_its_daddy|that was nuts\n|c|\u2606Goatdozo|cant bring discharge then get upset you know\n","uploadtime":1683338295,"views":19,"p1id":"omgitsdaddy","p2id":"goatdozo","formatid":"gen9vgc2023regulationc","rating":0,"private":0,"password":""}