{"id":"gen9vgc2023regulationc-1855746211","p1":"hhhyy6","p2":"Gatto171","format":"[Gen 9] VGC 2023 Regulation C","log":"|j|\u2606hhhyy6\n|j|\u2606Gatto171\n|t:|1682979368\n|gametype|doubles\n|player|p1|hhhyy6|2|1176\n|player|p2|Gatto171|palmer|1083\n|teamsize|p1|6\n|teamsize|p2|6\n|gen|9\n|tier|[Gen 9] VGC 2023 Regulation C\n|rated|\n|rule|Species Clause: Limit one of each Pok\u00e9mon\n|rule|Item Clause: Limit one of each item\n|clearpoke\n|poke|p1|Torkoal, L50, F|\n|poke|p1|Chi-Yu, L50|\n|poke|p1|Bronzong, L50|\n|poke|p1|Gastrodon, L50, F|\n|poke|p1|Grimmsnarl, L50, M|\n|poke|p1|Skeledirge, L50, M|\n|poke|p2|Annihilape, L50, F|\n|poke|p2|Chi-Yu, L50|\n|poke|p2|Hydreigon, L50, M|\n|poke|p2|Clodsire, L50, F|\n|poke|p2|Amoonguss, L50, M|\n|poke|p2|Rotom-Wash, L50|\n|teampreview|4\n|inactive|Battle timer is ON: inactive players will automatically lose when time's up. (requested by hhhyy6)\n|\n|t:|1682979409\n|start\n|switch|p1a: Chi-Yu|Chi-Yu, L50|100\/100\n|switch|p1b: Grimmsnarl|Grimmsnarl, L50, M|100\/100\n|switch|p2a: Rotom|Rotom-Wash, L50|100\/100\n|switch|p2b: Amoonguss|Amoonguss, L50, M|100\/100\n|-ability|p1a: Chi-Yu|Beads of Ruin\n|turn|1\n|\n|t:|1682979433\n|-terastallize|p2b: Amoonguss|Fire\n|move|p1b: Grimmsnarl|Fake Out|p2a: Rotom\n|-damage|p2a: Rotom|83\/100\n|move|p1a: Chi-Yu|Substitute|p1a: Chi-Yu\n|-start|p1a: Chi-Yu|Substitute\n|-damage|p1a: Chi-Yu|76\/100\n|cant|p2a: Rotom|flinch\n|move|p2b: Amoonguss|Spore|p1b: Grimmsnarl\n|-status|p1b: Grimmsnarl|slp|[from] move: Spore\n|\n|upkeep\n|turn|2\n|\n|t:|1682979447\n|switch|p2b: Annihilape|Annihilape, L50, F|100\/100\n|move|p1a: Chi-Yu|Protect|p1a: Chi-Yu\n|-singleturn|p1a: Chi-Yu|Protect\n|cant|p1b: Grimmsnarl|slp\n|move|p2a: Rotom|Hydro Pump|p1a: Chi-Yu\n|-activate|p1a: Chi-Yu|move: Protect\n|\n|upkeep\n|turn|3\n|\n|t:|1682979464\n|-terastallize|p1a: Chi-Yu|Ghost\n|-curestatus|p1b: Grimmsnarl|slp|[msg]\n|move|p1b: Grimmsnarl|Sucker Punch||[still]\n|-fail|p1b: Grimmsnarl\n|move|p1a: Chi-Yu|Tera Blast|p2b: Annihilape\n|-supereffective|p2b: Annihilape\n|-damage|p2b: Annihilape|12\/100\n|move|p2a: Rotom|Hydro Pump|p1a: Chi-Yu\n|-end|p1a: Chi-Yu|Substitute\n|move|p2b: Annihilape|Bulk Up|p2b: Annihilape\n|-boost|p2b: Annihilape|atk|1\n|-boost|p2b: Annihilape|def|1\n|\n|-heal|p2b: Annihilape|18\/100|[from] item: Leftovers\n|upkeep\n|turn|4\n|inactive|Gatto171 has 30 seconds left.\n|\n|t:|1682979495\n|switch|p2b: Hydreigon|Hydreigon, L50, M|100\/100\n|move|p1b: Grimmsnarl|Sucker Punch||[still]\n|-fail|p1b: Grimmsnarl\n|move|p1a: Chi-Yu|Snarl|p2a: Rotom|[spread] p2a\n|-miss|p1a: Chi-Yu|p2b: Hydreigon\n|-damage|p2a: Rotom|61\/100\n|-unboost|p2a: Rotom|spa|1\n|move|p2a: Rotom|Shadow Ball|p1a: Chi-Yu\n|-supereffective|p1a: Chi-Yu\n|-damage|p1a: Chi-Yu|47\/100\n|\n|upkeep\n|turn|5\n|\n|t:|1682979516\n|switch|p2a: Amoonguss|Amoonguss, L50, M, tera:Fire|100\/100\n|move|p1a: Chi-Yu|Protect|p1a: Chi-Yu\n|-singleturn|p1a: Chi-Yu|Protect\n|move|p2b: Hydreigon|Dark Pulse|p1a: Chi-Yu\n|-activate|p1a: Chi-Yu|move: Protect\n|move|p1b: Grimmsnarl|Spirit Break|p2b: Hydreigon\n|-supereffective|p2b: Hydreigon\n|-damage|p2b: Hydreigon|0 fnt\n|faint|p2b: Hydreigon\n|\n|upkeep\n|\n|t:|1682979522\n|switch|p2b: Annihilape|Annihilape, L50, F|18\/100\n|turn|6\n|\n|t:|1682979537\n|switch|p1b: Skeledirge|Skeledirge, L50, M|100\/100\n|move|p1a: Chi-Yu|Snarl|p2b: Annihilape|[spread] p2a,p2b\n|-damage|p2a: Amoonguss|81\/100\n|-damage|p2b: Annihilape|0 fnt\n|-unboost|p2a: Amoonguss|spa|1\n|faint|p2b: Annihilape\n|move|p2a: Amoonguss|Spore|p1a: Chi-Yu\n|-status|p1a: Chi-Yu|slp|[from] move: Spore\n|\n|upkeep\n|c|\u2606Gatto171|u play so scary\n|-message|Gatto171 forfeited.\n|\n|win|hhhyy6\n|raw|hhhyy6's rating: 1176 → 1194<\/strong> (+18 for winning)\n|raw|Gatto171's rating: 1083 → 1066<\/strong> (-17 for losing)\n|l|\u2606Gatto171\n","uploadtime":1682979547,"views":14,"p1id":"hhhyy6","p2id":"gatto171","formatid":"gen9vgc2023regulationc","rating":1066,"private":0,"password":""}