{"id":"gen9vgc2023regulationc-1848301546","p1":"NickRhys","p2":"TrainerDylan24","format":"[Gen 9] VGC 2023 Regulation C","log":"|j|\u2606NickRhys\n|j|\u2606TrainerDylan24\n|t:|1682056543\n|gametype|doubles\n|player|p1|NickRhys|2|1115\n|player|p2|TrainerDylan24|swimmerf|1065\n|teamsize|p1|6\n|teamsize|p2|6\n|gen|9\n|tier|[Gen 9] VGC 2023 Regulation C\n|rated|\n|rule|Species Clause: Limit one of each Pok\u00e9mon\n|rule|Item Clause: Limit one of each item\n|clearpoke\n|poke|p1|Medicham, L50, F|\n|poke|p1|Haxorus, L50, F|\n|poke|p1|Tinkaton, L50, F|\n|poke|p1|Ceruledge, L50, M|\n|poke|p1|Breloom, L50, M|\n|poke|p1|Arcanine, L50, M|\n|poke|p2|Annihilape, L50, F|\n|poke|p2|Bellibolt, L50, M|\n|poke|p2|Dondozo, L50, F|\n|poke|p2|Tatsugiri, L50, M|\n|poke|p2|Iron Hands, L50|\n|poke|p2|Kingambit, L50, M|\n|teampreview|4\n|\n|t:|1682056604\n|start\n|switch|p1a: Medicham|Medicham, L50, F|100\/100\n|switch|p1b: Tinkaton|Tinkaton, L50, F|100\/100\n|switch|p2a: Iron Hands|Iron Hands, L50|100\/100\n|switch|p2b: Bellibolt|Bellibolt, L50, M|100\/100\n|-ability|p1b: Tinkaton|Mold Breaker\n|turn|1\n|inactive|Battle timer is ON: inactive players will automatically lose when time's up. (requested by NickRhys)\n|\n|t:|1682056631\n|move|p1b: Tinkaton|Fake Out|p2a: Iron Hands\n|-damage|p2a: Iron Hands|92\/100\n|move|p1a: Medicham|Skill Swap|p1b: Tinkaton\n|-activate|p1a: Medicham|move: Skill Swap|||[of] p1b: Tinkaton\n|-ability|p1a: Medicham|Mold Breaker\n|cant|p2a: Iron Hands|flinch\n|move|p2b: Bellibolt|Chilling Water|p1b: Tinkaton\n|-damage|p1b: Tinkaton|82\/100\n|-unboost|p1b: Tinkaton|atk|1\n|\n|upkeep\n|turn|2\n|inactive|NickRhys has 30 seconds left.\n|\n|t:|1682056660\n|-terastallize|p1b: Tinkaton|Fairy\n|move|p1a: Medicham|Detect|p1a: Medicham\n|-singleturn|p1a: Medicham|Protect\n|move|p1b: Tinkaton|Play Rough|p2a: Iron Hands\n|-supereffective|p2a: Iron Hands\n|-damage|p2a: Iron Hands|1\/100\n|move|p2a: Iron Hands|Thunder Punch|p1a: Medicham\n|-activate|p1a: Medicham|move: Protect\n|move|p2b: Bellibolt|Thunderbolt|p1b: Tinkaton\n|-damage|p1b: Tinkaton|33\/100\n|\n|upkeep\n|turn|3\n|\n|t:|1682056681\n|move|p1a: Medicham|Bullet Punch|p2a: Iron Hands\n|-resisted|p2a: Iron Hands\n|-damage|p2a: Iron Hands|0 fnt\n|faint|p2a: Iron Hands\n|-end|p2a: Iron Hands|Quark Drive|[silent]\n|move|p1b: Tinkaton|Gigaton Hammer|p2b: Bellibolt\n|-resisted|p2b: Bellibolt\n|-damage|p2b: Bellibolt|60\/100\n|-start|p2b: Bellibolt|Charge|Gigaton Hammer|[from] ability: Electromorphosis\n|move|p2b: Bellibolt|Thunderbolt|p1b: Tinkaton\n|-damage|p1b: Tinkaton|0 fnt\n|faint|p1b: Tinkaton\n|-end|p2b: Bellibolt|Charge|[silent]\n|\n|upkeep\n|\n|t:|1682056697\n|switch|p1b: Haxorus|Haxorus, L50, F|100\/100\n|switch|p2a: Annihilape|Annihilape, L50, F, shiny|100\/100\n|turn|4\n|\n|t:|1682056721\n|move|p2a: Annihilape|Rage Fist|p1a: Medicham\n|-supereffective|p1a: Medicham\n|-enditem|p1a: Medicham|Focus Sash\n|-damage|p1a: Medicham|1\/100\n|-damage|p2a: Annihilape|91\/100|[from] item: Life Orb\n|move|p1a: Medicham|Skill Swap|p2a: Annihilape\n|-activate|p1a: Medicham|move: Skill Swap|Defiant|Mold Breaker|[of] p2a: Annihilape\n|-ability|p2a: Annihilape|Mold Breaker\n|move|p1b: Haxorus|Breaking Swipe|p2a: Annihilape|[spread] p2a,p2b\n|-damage|p2a: Annihilape|33\/100\n|-damage|p2b: Bellibolt|32\/100\n|-unboost|p2a: Annihilape|atk|1\n|-unboost|p2b: Bellibolt|atk|1\n|-start|p2b: Bellibolt|Charge|Breaking Swipe|[from] ability: Electromorphosis\n|-damage|p1b: Haxorus|84\/100|[from] item: Rocky Helmet|[of] p2b: Bellibolt\n|move|p2b: Bellibolt|Chilling Water|p1b: Haxorus\n|-resisted|p1b: Haxorus\n|-damage|p1b: Haxorus|71\/100\n|-unboost|p1b: Haxorus|atk|1\n|\n|upkeep\n|turn|5\n|inactive|TrainerDylan24 has 30 seconds left.\n|inactive|TrainerDylan24 has 20 seconds left.\n|\n|t:|1682056759\n|move|p1a: Medicham|Bullet Punch|p2b: Bellibolt\n|-resisted|p2b: Bellibolt\n|-damage|p2b: Bellibolt|29\/100\n|-start|p2b: Bellibolt|Charge|Bullet Punch|[from] ability: Electromorphosis\n|-damage|p1a: Medicham|0 fnt|[from] item: Rocky Helmet|[of] p2b: Bellibolt\n|faint|p1a: Medicham\n|move|p2a: Annihilape|Rage Fist|p1b: Haxorus\n|-damage|p1b: Haxorus|21\/100\n|-damage|p2a: Annihilape|24\/100|[from] item: Life Orb\n|move|p1b: Haxorus|Breaking Swipe|p2a: Annihilape|[spread] p2a,p2b\n|-damage|p2a: Annihilape|0 fnt\n|-damage|p2b: Bellibolt|12\/100\n|-unboost|p2b: Bellibolt|atk|1\n|-start|p2b: Bellibolt|Charge|Breaking Swipe|[from] ability: Electromorphosis\n|-damage|p1b: Haxorus|5\/100|[from] item: Rocky Helmet|[of] p2b: Bellibolt\n|faint|p2a: Annihilape\n|move|p2b: Bellibolt|Thunderbolt|p1b: Haxorus\n|-resisted|p1b: Haxorus\n|-damage|p1b: Haxorus|0 fnt\n|faint|p1b: Haxorus\n|-end|p2b: Bellibolt|Charge|[silent]\n|\n|upkeep\n|\n|t:|1682056782\n|switch|p2a: Kingambit|Kingambit, L50, M|100\/100\n|switch|p1b: Breloom|Breloom, L50, M|100\/100\n|-activate|p2a: Kingambit|ability: Supreme Overlord\n|-start|p2a: Kingambit|fallen2|[silent]\n|turn|6\n|\n|t:|1682056803\n|-terastallize|p2a: Kingambit|Steel\n|move|p1b: Breloom|Drain Punch|p2a: Kingambit\n|-supereffective|p2a: Kingambit\n|-damage|p2a: Kingambit|28\/100\n|move|p2a: Kingambit|Iron Head|p1b: Breloom\n|-damage|p1b: Breloom|0 fnt\n|-status|p2a: Kingambit|par|[from] ability: Effect Spore|[of] p1b: Breloom\n|faint|p1b: Breloom\n|\n|win|TrainerDylan24\n|raw|NickRhys's rating: 1115 → 1086<\/strong> (-29 for losing)\n|raw|TrainerDylan24's rating: 1065 → 1100<\/strong> (+35 for winning)\n|l|\u2606NickRhys\n","uploadtime":1682056824,"views":8,"p1id":"nickrhys","p2id":"trainerdylan24","formatid":"gen9vgc2023regulationc","rating":1086,"private":0,"password":""}