{"id":"gen9vgc2023regulationc-1863774674","p1":"MammothBeast","p2":"ferritorte","format":"[Gen 9] VGC 2023 Regulation C","log":"|j|\u2606MammothBeast\n|j|\u2606ferritorte\n|t:|1684075080\n|gametype|doubles\n|player|p1|MammothBeast|linebacker|1109\n|player|p2|ferritorte|proton|1168\n|teamsize|p1|6\n|teamsize|p2|6\n|gen|9\n|tier|[Gen 9] VGC 2023 Regulation C\n|rated|\n|rule|Species Clause: Limit one of each Pok\u00e9mon\n|rule|Item Clause: Limit one of each item\n|clearpoke\n|poke|p1|Grafaiai, L50, M|\n|poke|p1|Baxcalibur, L50, F|\n|poke|p1|Brute Bonnet, L50|\n|poke|p1|Gyarados, L50, F|\n|poke|p1|Toxicroak, L50, F|\n|poke|p1|Tauros-Paldea-Blaze, L50, M|\n|poke|p2|Ting-Lu, L50|\n|poke|p2|Orthworm, L50, M|\n|poke|p2|Gyarados, L50, F|\n|poke|p2|Bombirdier, L50, F|\n|poke|p2|Flutter Mane, L50|\n|poke|p2|Vivillon-Fancy, L50, F|\n|teampreview|4\n|inactive|Battle timer is ON: inactive players will automatically lose when time's up. (requested by ferritorte)\n|inactive|MammothBeast has 60 seconds left.\n|inactive|ferritorte has 60 seconds left.\n|inactive|ferritorte has 30 seconds left.\n|\n|t:|1684075150\n|start\n|switch|p1a: Baxcalibur|Baxcalibur, L50, F|100\/100\n|switch|p1b: Gyarados|Gyarados, L50, F|100\/100\n|switch|p2a: Vivillon|Vivillon-Fancy, L50, F|100\/100\n|switch|p2b: Orthworm|Orthworm, L50, M|100\/100\n|-ability|p1b: Gyarados|Intimidate|boost\n|-unboost|p2a: Vivillon|atk|1\n|-unboost|p2b: Orthworm|atk|1\n|turn|1\n|\n|t:|1684075171\n|move|p2a: Vivillon|Tailwind|p2a: Vivillon\n|-sidestart|p2: ferritorte|move: Tailwind\n|move|p2b: Orthworm|Shed Tail|p2b: Orthworm\n|-start|p2b: Orthworm|Substitute|[from] move: Shed Tail\n|-damage|p2b: Orthworm|50\/100\n|-enditem|p2b: Orthworm|Sitrus Berry|[eat]\n|-heal|p2b: Orthworm|75\/100|[from] item: Sitrus Berry\n|\n|t:|1684075180\n|switch|p2b: Gyarados|Gyarados, L50, F|100\/100|[from] Shed Tail\n|-ability|p2b: Gyarados|Intimidate|boost\n|-unboost|p1a: Baxcalibur|atk|1\n|-unboost|p1b: Gyarados|atk|1\n|move|p1a: Baxcalibur|Icicle Spear|p2a: Vivillon\n|-supereffective|p2a: Vivillon\n|-enditem|p2a: Vivillon|Yache Berry|[eat]\n|-enditem|p2a: Vivillon|Yache Berry|[weaken]\n|-damage|p2a: Vivillon|86\/100\n|-supereffective|p2a: Vivillon\n|-damage|p2a: Vivillon|56\/100\n|-supereffective|p2a: Vivillon\n|-damage|p2a: Vivillon|27\/100\n|-supereffective|p2a: Vivillon\n|-damage|p2a: Vivillon|0 fnt\n|faint|p2a: Vivillon\n|-hitcount|p2: Vivillon|4\n|move|p1b: Gyarados|Dragon Dance|p1b: Gyarados\n|-boost|p1b: Gyarados|atk|1\n|-boost|p1b: Gyarados|spe|1\n|\n|upkeep\n|\n|t:|1684075199\n|switch|p2a: Flutter Mane|Flutter Mane, L50|100\/100\n|-enditem|p2a: Flutter Mane|Booster Energy\n|-activate|p2a: Flutter Mane|ability: Protosynthesis|[fromitem]\n|-start|p2a: Flutter Mane|protosynthesisspe\n|turn|2\n|\n|t:|1684075223\n|move|p2a: Flutter Mane|Thunderbolt|p1b: Gyarados\n|-supereffective|p1b: Gyarados\n|-damage|p1b: Gyarados|0 fnt\n|faint|p1b: Gyarados\n|move|p2b: Gyarados|Thunder Wave|p1a: Baxcalibur\n|-status|p1a: Baxcalibur|par\n|cant|p1a: Baxcalibur|par\n|\n|upkeep\n|\n|t:|1684075229\n|switch|p1b: Toxicroak|Toxicroak, L50, F|100\/100\n|-item|p1b: Toxicroak|Air Balloon\n|turn|3\n|\n|t:|1684075250\n|move|p2a: Flutter Mane|Moonblast|p1a: Baxcalibur\n|-supereffective|p1a: Baxcalibur\n|-damage|p1a: Baxcalibur|0 fnt\n|faint|p1a: Baxcalibur\n|move|p2b: Gyarados|Thunder Wave|p1b: Toxicroak\n|-status|p1b: Toxicroak|par\n|move|p1b: Toxicroak|Gunk Shot|p2a: Flutter Mane|[miss]\n|-miss|p1b: Toxicroak|p2a: Flutter Mane\n|\n|upkeep\n|n|!MammothBeast|mammothbeast\n|c|\u2606ferritorte|huge full para\n|inactive|MammothBeast has 30 seconds left.\n|inactive|MammothBeast has 20 seconds left.\n|inactive|MammothBeast has 15 seconds left.\n|inactive|MammothBeast has 10 seconds left.\n|inactive|MammothBeast has 5 seconds left.\n|\n|t:|1684075305\n|switch|p1a: Tauros|Tauros-Paldea-Blaze, L50, M|100\/100\n|-ability|p1a: Tauros|Intimidate|boost\n|-unboost|p2a: Flutter Mane|atk|1\n|-immune|p2b: Gyarados\n|turn|4\n|inactive|MammothBeast has 30 seconds left.\n|inactive|ferritorte has 30 seconds left.\n|inactive|MammothBeast has 20 seconds left.\n|inactive|ferritorte has 20 seconds left.\n|inactive|MammothBeast has 15 seconds left.\n|inactive|MammothBeast has 10 seconds left.\n|inactive|MammothBeast has 5 seconds left.\n|\n|t:|1684075356\n|move|p2a: Flutter Mane|Shadow Ball|p1b: Toxicroak\n|-damage|p1b: Toxicroak|35\/100 par\n|-enditem|p1b: Toxicroak|Air Balloon\n|move|p2b: Gyarados|Waterfall|p1a: Tauros\n|-supereffective|p1a: Tauros\n|-damage|p1a: Tauros|40\/100\n|move|p1a: Tauros|Bulk Up|p1a: Tauros\n|-boost|p1a: Tauros|atk|1\n|-boost|p1a: Tauros|def|1\n|move|p1b: Toxicroak|Gunk Shot|p2a: Flutter Mane\n|-damage|p2a: Flutter Mane|0 fnt\n|faint|p2a: Flutter Mane\n|-end|p2a: Flutter Mane|Protosynthesis|[silent]\n|\n|-heal|p1a: Tauros|46\/100|[from] item: Leftovers\n|-sideend|p2: ferritorte|move: Tailwind\n|upkeep\n|\n|t:|1684075373\n|switch|p2a: Orthworm|Orthworm, L50, M|75\/100\n|turn|5\n|inactive|MammothBeast has 30 seconds left.\n|inactive|MammothBeast has 20 seconds left.\n|\n|t:|1684075409\n|-terastallize|p2a: Orthworm|Fire\n|move|p1a: Tauros|Protect|p1a: Tauros\n|-singleturn|p1a: Tauros|Protect\n|move|p2b: Gyarados|Waterfall|p1a: Tauros\n|-activate|p1a: Tauros|move: Protect\n|move|p2a: Orthworm|Iron Defense|p2a: Orthworm\n|-boost|p2a: Orthworm|def|2\n|cant|p1b: Toxicroak|par\n|\n|-heal|p1a: Tauros|52\/100|[from] item: Leftovers\n|upkeep\n|turn|6\n|inactive|MammothBeast has 30 seconds left.\n|inactive|ferritorte has 30 seconds left.\n|inactive|MammothBeast has 20 seconds left.\n|inactive|ferritorte has 20 seconds left.\n|inactive|MammothBeast has 15 seconds left.\n|inactive|MammothBeast has 10 seconds left.\n|inactive|MammothBeast has 5 seconds left.\n|\n|t:|1684075465\n|move|p1b: Toxicroak|Fake Out||[still]\n|-hint|Fake Out only works on your first turn out.\n|-fail|p1b: Toxicroak\n|move|p1a: Tauros|Bulk Up|p1a: Tauros\n|-boost|p1a: Tauros|atk|1\n|-boost|p1a: Tauros|def|1\n|move|p2b: Gyarados|Taunt|p1a: Tauros\n|-start|p1a: Tauros|move: Taunt\n|move|p2a: Orthworm|Iron Defense|p2a: Orthworm\n|-boost|p2a: Orthworm|def|2\n|\n|-heal|p1a: Tauros|58\/100|[from] item: Leftovers\n|upkeep\n|turn|7\n|\n|t:|1684075488\n|move|p1a: Tauros|Raging Bull|p2a: Orthworm\n|-resisted|p2a: Orthworm\n|-damage|p2a: Orthworm|67\/100\n|move|p2b: Gyarados|Waterfall|p1a: Tauros\n|-supereffective|p1a: Tauros\n|-damage|p1a: Tauros|25\/100\n|move|p2a: Orthworm|Heavy Slam|p1b: Toxicroak\n|-damage|p1b: Toxicroak|0 fnt\n|faint|p1b: Toxicroak\n|\n|-heal|p1a: Tauros|31\/100|[from] item: Leftovers\n|upkeep\n|turn|8\n|inactive|MammothBeast has 30 seconds left.\n|\n|t:|1684075520\n|move|p1a: Tauros|Raging Bull|p2b: Gyarados\n|-resisted|p2b: Gyarados\n|-end|p2b: Gyarados|Substitute\n|move|p2b: Gyarados|Waterfall|p1a: Tauros\n|-supereffective|p1a: Tauros\n|-damage|p1a: Tauros|0 fnt\n|faint|p1a: Tauros\n|\n|win|ferritorte\n|raw|MammothBeast's rating: 1109 → 1088<\/strong> (-21 for losing)\n|raw|ferritorte's rating: 1168 → 1189<\/strong> (+21 for winning)\n","uploadtime":1684075267,"views":12,"p1id":"mammothbeast","p2id":"ferritorte","formatid":"gen9vgc2023regulationc","rating":1088,"private":0,"password":""}