{"id":"gen9vgc2023regulationc-1854522652","p1":"SeaOfBlueFlowers","p2":"c-v18","format":"[Gen 9] VGC 2023 Regulation C","log":"|j|\u2606SeaOfBlueFlowers\n|j|\u2606c-v18\n|t:|1682821891\n|gametype|doubles\n|player|p1|SeaOfBlueFlowers|lady-gen4|1277\n|player|p2|c-v18|linebacker|1228\n|teamsize|p1|4\n|teamsize|p2|6\n|gen|9\n|tier|[Gen 9] VGC 2023 Regulation C\n|rated|\n|rule|Species Clause: Limit one of each Pok\u00e9mon\n|rule|Item Clause: Limit one of each item\n|clearpoke\n|poke|p1|Dondozo, L50, M|\n|poke|p1|Tatsugiri-Stretchy, L50, M|\n|poke|p1|Roaring Moon, L50|\n|poke|p1|Pelipper, L50, F|\n|poke|p2|Ceruledge, L50, F|\n|poke|p2|Dondozo, L50, M|\n|poke|p2|Tatsugiri, L50, F|\n|poke|p2|Roaring Moon, L50|\n|poke|p2|Florges, L50, F|\n|poke|p2|Magnezone, L50|\n|teampreview|4\n|c|\u2606SeaOfBlueFlowers|Testing rn\n|\n|t:|1682821922\n|start\n|switch|p1a: Dondozo|Dondozo, L50, M|100\/100\n|switch|p1b: Pelipper|Pelipper, L50, F|100\/100\n|switch|p2a: Magnezone|Magnezone, L50|100\/100\n|switch|p2b: Florges|Florges, L50, F|100\/100\n|-weather|RainDance|[from] ability: Drizzle|[of] p1b: Pelipper\n|turn|1\n|\n|t:|1682821938\n|switch|p1b: Tatsugiri|Tatsugiri-Stretchy, L50, M, shiny|100\/100\n|-activate|p1b: Tatsugiri|ability: Commander|[of] p1a: Dondozo\n|-boost|p1a: Dondozo|atk|2\n|-boost|p1a: Dondozo|spa|2\n|-boost|p1a: Dondozo|spe|2\n|-boost|p1a: Dondozo|def|2\n|-boost|p1a: Dondozo|spd|2\n|move|p2b: Florges|Helping Hand|p2a: Magnezone\n|-singleturn|p2a: Magnezone|Helping Hand|[of] p2b: Florges\n|move|p1a: Dondozo|Surf|p2b: Florges|[spread] p2a,p2b\n|-miss|p1a: Dondozo|p1b: Tatsugiri\n|-damage|p2a: Magnezone|0 fnt\n|-damage|p2b: Florges|43\/100\n|faint|p2a: Magnezone\n|-damage|p1a: Dondozo|91\/100|[from] item: Life Orb\n|\n|-weather|RainDance|[upkeep]\n|upkeep\n|\n|t:|1682821954\n|switch|p2a: Dondozo|Dondozo, L50, M|100\/100\n|turn|2\n|\n|t:|1682821965\n|switch|p2b: Tatsugiri|Tatsugiri, L50, F|100\/100\n|-activate|p2b: Tatsugiri|ability: Commander|[of] p2a: Dondozo\n|-boost|p2a: Dondozo|atk|2\n|-boost|p2a: Dondozo|spa|2\n|-boost|p2a: Dondozo|spe|2\n|-boost|p2a: Dondozo|def|2\n|-boost|p2a: Dondozo|spd|2\n|-terastallize|p1a: Dondozo|Flying\n|move|p1a: Dondozo|Tera Blast|p2a: Dondozo\n|-damage|p2a: Dondozo|71\/100\n|-damage|p1a: Dondozo|81\/100|[from] item: Life Orb\n|move|p2a: Dondozo|Order Up|p1a: Dondozo\n|-damage|p1a: Dondozo|65\/100\n|-boost|p2a: Dondozo|atk|1\n|\n|-weather|RainDance|[upkeep]\n|-heal|p2a: Dondozo|77\/100|[from] item: Leftovers\n|upkeep\n|turn|3\n|\n|t:|1682821982\n|move|p1a: Dondozo|Tera Blast|p2a: Dondozo\n|-damage|p2a: Dondozo|43\/100\n|-damage|p1a: Dondozo|55\/100|[from] item: Life Orb\n|move|p2a: Dondozo|Order Up|p1a: Dondozo\n|-damage|p1a: Dondozo|39\/100\n|-boost|p2a: Dondozo|atk|1\n|\n|-weather|RainDance|[upkeep]\n|-heal|p2a: Dondozo|49\/100|[from] item: Leftovers\n|upkeep\n|turn|4\n|\n|t:|1682821997\n|-terastallize|p2a: Dondozo|Steel\n|move|p1a: Dondozo|Tera Blast|p2a: Dondozo\n|-resisted|p2a: Dondozo\n|-crit|p2a: Dondozo\n|-damage|p2a: Dondozo|25\/100\n|-damage|p1a: Dondozo|29\/100|[from] item: Life Orb\n|move|p2a: Dondozo|Wave Crash|p1a: Dondozo\n|-damage|p1a: Dondozo|0 fnt\n|faint|p1a: Dondozo\n|-damage|p2a: Dondozo|16\/100|[from] Recoil\n|\n|-weather|RainDance|[upkeep]\n|-heal|p2a: Dondozo|22\/100|[from] item: Leftovers\n|upkeep\n|\n|t:|1682822011\n|switch|p1a: Roaring Moon|Roaring Moon, L50|100\/100\n|-enditem|p1a: Roaring Moon|Booster Energy\n|-activate|p1a: Roaring Moon|ability: Protosynthesis|[fromitem]\n|-start|p1a: Roaring Moon|protosynthesisspe\n|turn|5\n|\n|t:|1682822020\n|move|p1a: Roaring Moon|Protect|p1a: Roaring Moon\n|-singleturn|p1a: Roaring Moon|Protect\n|move|p2a: Dondozo|Order Up|p1a: Roaring Moon\n|-activate|p1a: Roaring Moon|move: Protect\n|move|p1b: Tatsugiri|Muddy Water|p2a: Dondozo|[spread] p2a\n|-miss|p1b: Tatsugiri|p2b: Tatsugiri\n|-damage|p2a: Dondozo|0 fnt\n|faint|p2a: Dondozo\n|\n|-weather|RainDance|[upkeep]\n|upkeep\n|\n|t:|1682822030\n|switch|p2a: Florges|Florges, L50, F|43\/100\n|turn|6\n|\n|t:|1682822047\n|move|p1a: Roaring Moon|Acrobatics|p2a: Florges\n|-damage|p2a: Florges|5\/100\n|-enditem|p2a: Florges|Aguav Berry|[eat]\n|-heal|p2a: Florges|38\/100|[from] item: Aguav Berry\n|move|p2b: Tatsugiri|Icy Wind|p1a: Roaring Moon|[spread] p1a,p1b\n|-supereffective|p1a: Roaring Moon\n|-damage|p1a: Roaring Moon|76\/100\n|-damage|p1b: Tatsugiri|83\/100\n|-unboost|p1a: Roaring Moon|spe|1\n|-unboost|p1b: Tatsugiri|spe|1\n|move|p1b: Tatsugiri|Draco Meteor|p2b: Tatsugiri\n|-supereffective|p2b: Tatsugiri\n|-damage|p2b: Tatsugiri|0 fnt\n|-unboost|p1b: Tatsugiri|spa|2\n|faint|p2b: Tatsugiri\n|move|p2a: Florges|Dazzling Gleam|p1b: Tatsugiri|[spread] p1a,p1b\n|-supereffective|p1a: Roaring Moon\n|-supereffective|p1b: Tatsugiri\n|-damage|p1a: Roaring Moon|0 fnt\n|-damage|p1b: Tatsugiri|24\/100\n|faint|p1a: Roaring Moon\n|-end|p1a: Roaring Moon|Protosynthesis|[silent]\n|\n|-weather|RainDance|[upkeep]\n|upkeep\n|\n|t:|1682822055\n|switch|p1a: Pelipper|Pelipper, L50, F|100\/100\n|turn|7\n|\n|t:|1682822068\n|move|p1b: Tatsugiri|Muddy Water|p2a: Florges\n|-damage|p2a: Florges|14\/100\n|move|p2a: Florges|Dazzling Gleam|p1a: Pelipper|[spread] p1a,p1b\n|-supereffective|p1b: Tatsugiri\n|-damage|p1a: Pelipper|73\/100\n|-damage|p1b: Tatsugiri|0 fnt\n|faint|p1b: Tatsugiri\n|move|p1a: Pelipper|Hurricane|p2a: Florges\n|-damage|p2a: Florges|0 fnt\n|faint|p2a: Florges\n|\n|win|SeaOfBlueFlowers\n|raw|SeaOfBlueFlowers's rating: 1277 → 1298<\/strong> (+21 for winning)\n|raw|c-v18's rating: 1228 → 1207<\/strong> (-21 for losing)\n|l|\u2606c-v18\n","uploadtime":1682822082,"views":14,"p1id":"seaofblueflowers","p2id":"cv18","formatid":"gen9vgc2023regulationc","rating":1207,"private":0,"password":""}