{"id":"gen9vgc2023regulationc-1852578383","p1":"neer vana","p2":"Beastyshadow13","format":"[Gen 9] VGC 2023 Regulation C","log":"|j|\u2606neer vana\n|j|\u2606Beastyshadow13\n|t:|1682579487\n|gametype|doubles\n|player|p1|neer vana|brawly|1040\n|player|p2|Beastyshadow13|n|1050\n|teamsize|p1|6\n|teamsize|p2|6\n|gen|9\n|tier|[Gen 9] VGC 2023 Regulation C\n|rated|\n|rule|Species Clause: Limit one of each Pok\u00e9mon\n|rule|Item Clause: Limit one of each item\n|clearpoke\n|poke|p1|Chi-Yu, L50|\n|poke|p1|Flutter Mane, L50|\n|poke|p1|Amoonguss, L50, F|\n|poke|p1|Kingambit, L50, F|\n|poke|p1|Palafin, L50, F|\n|poke|p1|Hydreigon, L50, F|\n|poke|p2|Pelipper, L50, M|\n|poke|p2|Kilowattrel, L50, F|\n|poke|p2|Floatzel, L50, F|\n|poke|p2|Goodra, L50, F|\n|poke|p2|Pincurchin, L50, F|\n|poke|p2|Iron Bundle, L50|\n|teampreview|4\n|inactive|Battle timer is ON: inactive players will automatically lose when time's up. (requested by neer vana)\n|inactive|neer vana has 60 seconds left.\n|inactive|neer vana has 30 seconds left.\n|\n|t:|1682579550\n|start\n|switch|p1a: Amoonguss|Amoonguss, L50, F|100\/100\n|switch|p1b: Palafin|Palafin, L50, F|100\/100\n|switch|p2a: Pincurchin|Pincurchin, L50, F|100\/100\n|switch|p2b: Iron Bundle|Iron Bundle, L50|100\/100\n|-fieldstart|move: Electric Terrain|[from] ability: Electric Surge|[of] p2a: Pincurchin\n|-enditem|p2b: Iron Bundle|Electric Seed\n|-boost|p2b: Iron Bundle|def|1|[from] item: Electric Seed\n|-activate|p2b: Iron Bundle|ability: Quark Drive\n|-start|p2b: Iron Bundle|quarkdrivespe\n|turn|1\n|\n|t:|1682579564\n|move|p1b: Palafin|Protect|p1b: Palafin\n|-singleturn|p1b: Palafin|Protect\n|move|p2b: Iron Bundle|Freeze-Dry|p1b: Palafin\n|-activate|p1b: Palafin|move: Protect\n|move|p1a: Amoonguss|Spore|p2b: Iron Bundle\n|-activate|p2b: Iron Bundle|move: Electric Terrain\n|move|p2a: Pincurchin|Toxic Spikes|p1b: Palafin\n|-sidestart|p1: neer vana|move: Toxic Spikes\n|\n|upkeep\n|turn|2\n|\n|t:|1682579583\n|detailschange|p1b: Palafin|Palafin-Hero, L50, F\n|switch|p1b: Kingambit|Kingambit, L50, F|100\/100\n|switch|p2a: Pelipper|Pelipper, L50, M|100\/100\n|-weather|RainDance|[from] ability: Drizzle|[of] p2a: Pelipper\n|move|p1a: Amoonguss|Rage Powder|p1a: Amoonguss\n|-singleturn|p1a: Amoonguss|move: Rage Powder\n|move|p2b: Iron Bundle|Substitute|p2b: Iron Bundle\n|-start|p2b: Iron Bundle|Substitute\n|-damage|p2b: Iron Bundle|76\/100\n|\n|-weather|RainDance|[upkeep]\n|upkeep\n|turn|3\n|\n|t:|1682579603\n|move|p1a: Amoonguss|Rage Powder|p1a: Amoonguss\n|-singleturn|p1a: Amoonguss|move: Rage Powder\n|move|p2b: Iron Bundle|Hydro Pump|p1a: Amoonguss|[miss]\n|-miss|p2b: Iron Bundle|p1a: Amoonguss\n|move|p2a: Pelipper|Chilling Water|p1a: Amoonguss\n|-resisted|p1a: Amoonguss\n|-damage|p1a: Amoonguss|91\/100\n|-unboost|p1a: Amoonguss|atk|1\n|move|p1b: Kingambit|Iron Head|p2b: Iron Bundle\n|-end|p2b: Iron Bundle|Substitute\n|\n|-weather|RainDance|[upkeep]\n|-heal|p1a: Amoonguss|97\/100|[from] item: Black Sludge\n|upkeep\n|turn|4\n|inactive|neer vana has 30 seconds left.\n|inactive|neer vana has 20 seconds left.\n|inactive|neer vana has 15 seconds left.\n|inactive|neer vana has 10 seconds left.\n|inactive|neer vana has 5 seconds left.\n|\n|t:|1682579654\n|-end|p2b: Iron Bundle|Quark Drive|[silent]\n|switch|p2b: Pincurchin|Pincurchin, L50, F|100\/100\n|move|p1a: Amoonguss|Rage Powder|p1a: Amoonguss\n|-singleturn|p1a: Amoonguss|move: Rage Powder\n|move|p2a: Pelipper|Hurricane|p1a: Amoonguss\n|-supereffective|p1a: Amoonguss\n|-damage|p1a: Amoonguss|42\/100\n|move|p1b: Kingambit|Iron Head|p2b: Pincurchin\n|-resisted|p2b: Pincurchin\n|-damage|p2b: Pincurchin|81\/100\n|\n|-weather|RainDance|[upkeep]\n|-heal|p1a: Amoonguss|48\/100|[from] item: Black Sludge\n|upkeep\n|turn|5\n|inactive|neer vana has 30 seconds left.\n|\n|t:|1682579683\n|-terastallize|p1a: Amoonguss|Dark\n|move|p1a: Amoonguss|Rage Powder|p1a: Amoonguss\n|-singleturn|p1a: Amoonguss|move: Rage Powder\n|move|p2a: Pelipper|Hurricane|p1a: Amoonguss\n|-damage|p1a: Amoonguss|21\/100\n|-start|p1a: Amoonguss|confusion\n|move|p1b: Kingambit|Kowtow Cleave|p2a: Pelipper\n|-damage|p2a: Pelipper|59\/100\n|move|p2b: Pincurchin|Recover|p2b: Pincurchin\n|-heal|p2b: Pincurchin|100\/100\n|\n|-weather|RainDance|[upkeep]\n|-damage|p1a: Amoonguss|8\/100|[from] item: Black Sludge\n|upkeep\n|turn|6\n|\n|t:|1682579703\n|switch|p1b: Palafin|Palafin-Hero, L50, F|100\/100\n|-status|p1b: Palafin|psn\n|-activate|p1b: Palafin|ability: Zero to Hero\n|switch|p1a: Flutter Mane|Flutter Mane, L50|100\/100\n|-status|p1a: Flutter Mane|psn\n|move|p2a: Pelipper|U-turn|p1a: Flutter Mane\n|-resisted|p1a: Flutter Mane\n|-damage|p1a: Flutter Mane|97\/100 psn\n|\n|t:|1682579714\n|switch|p2a: Floatzel|Floatzel, L50, F|100\/100|[from] U-turn\n|move|p2b: Pincurchin|Thunder|p1b: Palafin\n|-supereffective|p1b: Palafin\n|-damage|p1b: Palafin|0 fnt\n|faint|p1b: Palafin\n|\n|-weather|RainDance|[upkeep]\n|-damage|p1a: Flutter Mane|84\/100 psn|[from] psn\n|upkeep\n|\n|t:|1682579735\n|switch|p1b: Amoonguss|Amoonguss, L50, F, tera:Dark|41\/100\n|-status|p1b: Amoonguss|psn\n|turn|7\n|\n|t:|1682579755\n|move|p2a: Floatzel|Protect|p2a: Floatzel\n|-singleturn|p2a: Floatzel|Protect\n|move|p1a: Flutter Mane|Moonblast|p2a: Floatzel\n|-activate|p2a: Floatzel|move: Protect\n|move|p1b: Amoonguss|Spore|p2b: Pincurchin\n|-activate|p2b: Pincurchin|move: Electric Terrain\n|move|p2b: Pincurchin|Thunder|p1b: Amoonguss\n|-damage|p1b: Amoonguss|3\/100 psn\n|\n|-weather|RainDance|[upkeep]\n|-damage|p1b: Amoonguss|0 fnt|[from] item: Black Sludge\n|faint|p1b: Amoonguss\n|-damage|p1a: Flutter Mane|72\/100 psn|[from] psn\n|upkeep\n|\n|t:|1682579766\n|switch|p1b: Kingambit|Kingambit, L50, F|100\/100\n|turn|8\n|\n|t:|1682579785\n|move|p2a: Floatzel|Liquidation|p1a: Flutter Mane\n|-damage|p1a: Flutter Mane|0 fnt\n|faint|p1a: Flutter Mane\n|-end|p1a: Flutter Mane|Protosynthesis|[silent]\n|-damage|p2a: Floatzel|90\/100|[from] item: Life Orb\n|move|p1b: Kingambit|Kowtow Cleave|p2b: Pincurchin\n|-damage|p2b: Pincurchin|56\/100\n|move|p2b: Pincurchin|Thunder|p1b: Kingambit\n|-damage|p1b: Kingambit|52\/100\n|\n|-weather|RainDance|[upkeep]\n|-fieldend|move: Electric Terrain\n|upkeep\n|turn|9\n|\n|t:|1682579808\n|move|p1b: Kingambit|Sucker Punch||[still]\n|-fail|p1b: Kingambit\n|move|p2a: Floatzel|Liquidation|p1b: Kingambit\n|-damage|p1b: Kingambit|0 fnt\n|faint|p1b: Kingambit\n|-damage|p2a: Floatzel|80\/100|[from] item: Life Orb\n|\n|win|Beastyshadow13\n|raw|neer vana's rating: 1040 → 1024<\/strong> (-16 for losing)\n|raw|Beastyshadow13's rating: 1050 → 1082<\/strong> (+32 for winning)\n|l|\u2606neer vana\n","uploadtime":1682580229,"views":12,"p1id":"neervana","p2id":"beastyshadow13","formatid":"gen9vgc2023regulationc","rating":1024,"private":0,"password":""}