{"id":"gen9vgc2023regulationc-1846691327","p1":"xxKlb7xx","p2":"SpeedFreak01","format":"[Gen 9] VGC 2023 Regulation C","log":"|j|\u2606xxKlb7xx\n|j|\u2606SpeedFreak01\n|t:|1681866403\n|gametype|doubles\n|player|p1|xxKlb7xx|1|1037\n|player|p2|SpeedFreak01|2|1000\n|teamsize|p1|6\n|teamsize|p2|6\n|gen|9\n|tier|[Gen 9] VGC 2023 Regulation C\n|rated|\n|rule|Species Clause: Limit one of each Pok\u00e9mon\n|rule|Item Clause: Limit one of each item\n|clearpoke\n|poke|p1|Zoroark, L50, F|\n|poke|p1|Brute Bonnet, L50|\n|poke|p1|Palafin, L50, F|\n|poke|p1|Gallade, L50, M|\n|poke|p1|Murkrow, L50, M|\n|poke|p1|Pelipper, L50, F|\n|poke|p2|Dachsbun, L50, M|\n|poke|p2|Chi-Yu, L50|\n|poke|p2|Dondozo, L50, F|\n|poke|p2|Tatsugiri, L50, F|\n|poke|p2|Garganacl, L50, F|\n|poke|p2|Amoonguss, L50, M|\n|teampreview|4\nSpeedFreak01 has agreed to open team sheets.\n|\n|t:|1681866428\n|start\n|switch|p1a: Gallade|Gallade, L50, M|100\/100\n|switch|p1b: Murkrow|Murkrow, L50, M|100\/100\n|switch|p2a: Greggs|Dachsbun, L50, M|100\/100\n|switch|p2b: And Chips|Chi-Yu, L50|100\/100\n|-ability|p2b: And Chips|Beads of Ruin\n|turn|1\n|\n|t:|1681866466\n|move|p1a: Gallade|Protect|p1a: Gallade\n|-singleturn|p1a: Gallade|Protect\n|move|p1b: Murkrow|Tailwind|p1b: Murkrow\n|-sidestart|p1: xxKlb7xx|move: Tailwind\n|move|p2b: And Chips|Lava Plume|p1a: Gallade|[spread] p1b\n|-activate|p1a: Gallade|move: Protect\n|-ability|p2a: Greggs|Well-Baked Body|boost\n|-boost|p2a: Greggs|def|2\n|-damage|p1b: Murkrow|52\/100\n|move|p2a: Greggs|Substitute|p2a: Greggs\n|-start|p2a: Greggs|Substitute\n|-damage|p2a: Greggs|75\/100\n|\n|-heal|p2a: Greggs|82\/100|[from] item: Leftovers\n|upkeep\n|turn|2\n|\n|t:|1681866491\n|-terastallize|p1a: Gallade|Grass\n|move|p1b: Murkrow|Foul Play|p2b: And Chips\n|-resisted|p2b: And Chips\n|-damage|p2b: And Chips|82\/100\n|move|p1a: Gallade|Leaf Blade|p2b: And Chips\n|-resisted|p2b: And Chips\n|-crit|p2b: And Chips\n|-damage|p2b: And Chips|0 fnt\n|faint|p2b: And Chips\n|-damage|p1a: Gallade|91\/100|[from] item: Life Orb\n|move|p2a: Greggs|Body Press|p1a: Gallade\n|-damage|p1a: Gallade|3\/100\n|\n|-heal|p2a: Greggs|88\/100|[from] item: Leftovers\n|upkeep\n|\n|t:|1681866513\n|switch|p2b: The Soosh|Tatsugiri, L50, F|100\/100\n|turn|3\n|\n|t:|1681866529\n|move|p1b: Murkrow|Foul Play|p2a: Greggs\n|-resisted|p2a: Greggs\n|-activate|p2a: Greggs|move: Substitute|[damage]\n|move|p1a: Gallade|Leaf Blade|p2b: The Soosh\n|-damage|p2b: The Soosh|0 fnt\n|faint|p2b: The Soosh\n|-damage|p1a: Gallade|0 fnt|[from] item: Life Orb\n|faint|p1a: Gallade\n|move|p2a: Greggs|Body Press|p1b: Murkrow\n|-damage|p1b: Murkrow|0 fnt\n|faint|p1b: Murkrow\n|\n|-heal|p2a: Greggs|94\/100|[from] item: Leftovers\n|upkeep\n|\n|t:|1681866546\n|switch|p2b: Donbrothers|Dondozo, L50, F|100\/100\n|switch|p1b: Brute Bonnet|Brute Bonnet, L50|100\/100\n|switch|p1a: Brute Bonnet|Brute Bonnet, L50|100\/100\n|turn|4\n|\n|t:|1681866572\n|-terastallize|p2b: Donbrothers|Grass\n|move|p1b: Brute Bonnet|Swords Dance|p1b: Brute Bonnet\n|-boost|p1b: Brute Bonnet|atk|2\n|move|p1a: Brute Bonnet|Spore|p2b: Donbrothers\n|-immune|p2b: Donbrothers\n|move|p2a: Greggs|Body Press|p1b: Brute Bonnet\n|-supereffective|p1b: Brute Bonnet\n|-enditem|p1b: Brute Bonnet|Focus Sash\n|-damage|p1b: Brute Bonnet|1\/100\n|replace|p1b: Zoroark|Zoroark, L50, F\n|-end|p1b: Zoroark|Illusion\n|move|p2b: Donbrothers|Wave Crash|p1a: Brute Bonnet\n|-resisted|p1a: Brute Bonnet\n|-damage|p1a: Brute Bonnet|80\/100\n|-damage|p2b: Donbrothers|95\/100|[from] Recoil\n|\n|-heal|p1a: Brute Bonnet|86\/100|[from] item: Leftovers\n|-heal|p2a: Greggs|99\/100|[from] item: Leftovers\n|-sideend|p1: xxKlb7xx|move: Tailwind\n|upkeep\n|turn|5\n|\n|t:|1681866606\n|move|p1b: Zoroark|Foul Play|p2b: Donbrothers\n|-damage|p2b: Donbrothers|68\/100\n|move|p2a: Greggs|Body Press|p1a: Brute Bonnet\n|-supereffective|p1a: Brute Bonnet\n|-damage|p1a: Brute Bonnet|15\/100\n|move|p2b: Donbrothers|Tera Blast|p1b: Zoroark\n|-damage|p1b: Zoroark|0 fnt\n|faint|p1b: Zoroark\n|move|p1a: Brute Bonnet|Crunch|p2b: Donbrothers\n|-damage|p2b: Donbrothers|45\/100\n|\n|-heal|p2a: Greggs|100\/100|[from] item: Leftovers\n|-heal|p1a: Brute Bonnet|21\/100|[from] item: Leftovers\n|upkeep\n|turn|6\n|-message|xxKlb7xx forfeited.\n|\n|win|SpeedFreak01\n|raw|xxKlb7xx's rating: 1037 → 1020<\/strong> (-17 for losing)\n|raw|SpeedFreak01's rating: 1000 → 1044<\/strong> (+44 for winning)\n|l|\u2606xxKlb7xx\n|c|\u2606SpeedFreak01|gg!\n","uploadtime":1681866628,"views":7,"p1id":"xxklb7xx","p2id":"speedfreak01","formatid":"gen9vgc2023regulationc","rating":1020,"private":0,"password":""}