{"id":"gen9vgc2023regulationc-1856495023","p1":"KyannVGC","p2":"GTFDF","format":"[Gen 9] VGC 2023 Regulation C","log":"|j|\u2606KyannVGC\n|j|\u2606GTFDF\n|t:|1683067925\n|gametype|doubles\n|player|p1|KyannVGC|266|1164\n|player|p2|GTFDF|170|1265\n|teamsize|p1|6\n|teamsize|p2|6\n|gen|9\n|tier|[Gen 9] VGC 2023 Regulation C\n|rated|\n|rule|Species Clause: Limit one of each Pok\u00e9mon\n|rule|Item Clause: Limit one of each item\n|clearpoke\n|poke|p1|Gholdengo, L50|\n|poke|p1|Annihilape, L50, M|\n|poke|p1|Iron Bundle, L50|\n|poke|p1|Maushold-Four, L50|\n|poke|p1|Amoonguss, L50, F|\n|poke|p1|Arcanine, L50, F|\n|poke|p2|Torkoal, L50, M|\n|poke|p2|Chi-Yu, L50|\n|poke|p2|Bronzong, L50|\n|poke|p2|Gastrodon, L50, M|\n|poke|p2|Grimmsnarl, L50, M|\n|poke|p2|Skeledirge, L50, F|\n|teampreview|4\n|inactive|Battle timer is ON: inactive players will automatically lose when time's up. (requested by KyannVGC)\n|\n|t:|1683067946\n|start\n|switch|p1a: Annihilape|Annihilape, L50, M|100\/100\n|switch|p1b: Maushold|Maushold-Four, L50|100\/100\n|switch|p2a: Grimmsnarl|Grimmsnarl, L50, M|100\/100\n|switch|p2b: Torkoal|Torkoal, L50, M|100\/100\n|-weather|SunnyDay|[from] ability: Drought|[of] p2b: Torkoal\n|turn|1\n|\n|t:|1683067956\n|-terastallize|p1a: Annihilape|Fire\n|move|p2a: Grimmsnarl|Fake Out|p1b: Maushold\n|-damage|p1b: Maushold|84\/100\n|cant|p1b: Maushold|flinch\n|move|p1a: Annihilape|Bulk Up|p1a: Annihilape\n|-boost|p1a: Annihilape|atk|1\n|-boost|p1a: Annihilape|def|1\n|move|p2b: Torkoal|Eruption|p1a: Annihilape|[spread] p1a,p1b\n|-resisted|p1a: Annihilape\n|-damage|p1a: Annihilape|79\/100\n|-damage|p1b: Maushold|4\/100\n|\n|-weather|SunnyDay|[upkeep]\n|-heal|p1a: Annihilape|85\/100|[from] item: Leftovers\n|upkeep\n|turn|2\n|\n|t:|1683067970\n|move|p2a: Grimmsnarl|Sucker Punch|p1b: Maushold\n|-damage|p1b: Maushold|0 fnt\n|faint|p1b: Maushold\n|move|p1a: Annihilape|Rage Fist|p2b: Torkoal\n|-damage|p2b: Torkoal|51\/100\n|move|p2b: Torkoal|Earth Power|p1a: Annihilape\n|-supereffective|p1a: Annihilape\n|-damage|p1a: Annihilape|40\/100\n|\n|-weather|SunnyDay|[upkeep]\n|-heal|p1a: Annihilape|47\/100|[from] item: Leftovers\n|upkeep\n|\n|t:|1683067976\n|switch|p1b: Gholdengo|Gholdengo, L50|100\/100\n|turn|3\n|\n|t:|1683067981\n|move|p1b: Gholdengo|Protect|p1b: Gholdengo\n|-singleturn|p1b: Gholdengo|Protect\n|move|p2b: Torkoal|Protect|p2b: Torkoal\n|-singleturn|p2b: Torkoal|Protect\n|move|p2a: Grimmsnarl|Trick|p1a: Annihilape\n|-activate|p2a: Grimmsnarl|move: Trick|[of] p1a: Annihilape\n|-item|p1a: Annihilape|Lagging Tail|[from] move: Trick\n|-item|p2a: Grimmsnarl|Leftovers|[from] move: Trick\n|move|p1a: Annihilape|Drain Punch|p2a: Grimmsnarl\n|-damage|p2a: Grimmsnarl|39\/100\n|-heal|p1a: Annihilape|75\/100|[from] drain|[of] p2a: Grimmsnarl\n|\n|-weather|SunnyDay|[upkeep]\n|-heal|p2a: Grimmsnarl|45\/100|[from] item: Leftovers\n|upkeep\n|turn|4\n|\n|t:|1683067993\n|switch|p1b: Arcanine|Arcanine, L50, F|100\/100\n|-ability|p1b: Arcanine|Intimidate|boost\n|-unboost|p2a: Grimmsnarl|atk|1\n|-unboost|p2b: Torkoal|atk|1\n|move|p2a: Grimmsnarl|Sucker Punch||[still]\n|-fail|p2a: Grimmsnarl\n|move|p2b: Torkoal|Earth Power|p1a: Annihilape\n|-supereffective|p1a: Annihilape\n|-damage|p1a: Annihilape|36\/100\n|move|p1a: Annihilape|Rage Fist|p2b: Torkoal\n|-damage|p2b: Torkoal|0 fnt\n|faint|p2b: Torkoal\n|\n|-weather|SunnyDay|[upkeep]\n|-heal|p2a: Grimmsnarl|51\/100|[from] item: Leftovers\n|upkeep\n|\n|t:|1683068004\n|switch|p2b: Chi-Yu|Chi-Yu, L50|100\/100\n|-ability|p2b: Chi-Yu|Beads of Ruin\n|turn|5\n|\n|t:|1683068021\n|-terastallize|p2b: Chi-Yu|Ghost\n|move|p1a: Annihilape|Protect|p1a: Annihilape\n|-singleturn|p1a: Annihilape|Protect\n|move|p2b: Chi-Yu|Tera Blast|p1a: Annihilape\n|-activate|p1a: Annihilape|move: Protect\n|move|p1b: Arcanine|Flare Blitz|p2a: Grimmsnarl\n|-damage|p2a: Grimmsnarl|0 fnt\n|faint|p2a: Grimmsnarl\n|-damage|p1b: Arcanine|84\/100|[from] Recoil\n|\n|-weather|none\n|upkeep\n|\n|t:|1683068024\n|switch|p2a: Skeledirge|Skeledirge, L50, F|100\/100\n|turn|6\n|\n|t:|1683068040\n|move|p2b: Chi-Yu|Snarl|p1b: Arcanine|[spread] p1a,p1b\n|-damage|p1a: Annihilape|13\/100\n|-damage|p1b: Arcanine|59\/100\n|-unboost|p1a: Annihilape|spa|1\n|-ability|p1a: Annihilape|Defiant|boost\n|-boost|p1a: Annihilape|atk|2\n|move|p1b: Arcanine|Flare Blitz|p2b: Chi-Yu\n|-damage|p2b: Chi-Yu|31\/100\n|-damage|p1b: Arcanine|40\/100|[from] Recoil\n|move|p2a: Skeledirge|Encore|p1a: Annihilape\n|-start|p1a: Annihilape|Encore\n|move|p1a: Annihilape|Protect||[still]\n|-fail|p1a: Annihilape\n|\n|upkeep\n|turn|7\n|\n|t:|1683068055\n|move|p2b: Chi-Yu|Protect|p2b: Chi-Yu\n|-singleturn|p2b: Chi-Yu|Protect\n|move|p1b: Arcanine|Protect|p1b: Arcanine\n|-singleturn|p1b: Arcanine|Protect\n|move|p1a: Annihilape|Protect|p1a: Annihilape\n|-singleturn|p1a: Annihilape|Protect\n|move|p2a: Skeledirge|Torch Song|p1b: Arcanine\n|-activate|p1b: Arcanine|move: Protect\n|\n|upkeep\n|turn|8\n|\n|t:|1683068066\n|move|p1a: Annihilape|Protect||[still]\n|-fail|p1a: Annihilape\n|move|p2b: Chi-Yu|Substitute|p2b: Chi-Yu\n|-start|p2b: Chi-Yu|Substitute\n|-damage|p2b: Chi-Yu|6\/100\n|-enditem|p2b: Chi-Yu|Wiki Berry|[eat]\n|-heal|p2b: Chi-Yu|39\/100|[from] item: Wiki Berry\n|move|p1b: Arcanine|Flare Blitz|p2b: Chi-Yu\n|-end|p2b: Chi-Yu|Substitute\n|-damage|p1b: Arcanine|33\/100|[from] Recoil|[of] p2b: Chi-Yu\n|move|p2a: Skeledirge|Torch Song|p1b: Arcanine\n|-resisted|p1b: Arcanine\n|-damage|p1b: Arcanine|9\/100\n|-boost|p2a: Skeledirge|spa|1\n|\n|-end|p1a: Annihilape|Encore\n|upkeep\n|turn|9\n|\n|t:|1683068090\n|move|p2b: Chi-Yu|Protect|p2b: Chi-Yu\n|-singleturn|p2b: Chi-Yu|Protect\n|move|p1b: Arcanine|Flare Blitz|p2b: Chi-Yu\n|-activate|p2b: Chi-Yu|move: Protect\n|move|p2a: Skeledirge|Encore|p1a: Annihilape\n|-start|p1a: Annihilape|Encore\n|move|p1a: Annihilape|Protect||[still]\n|-fail|p1a: Annihilape\n|\n|upkeep\n|turn|10\n|\n|t:|1683068100\n|move|p1a: Annihilape|Protect|p1a: Annihilape\n|-singleturn|p1a: Annihilape|Protect\n|move|p2b: Chi-Yu|Tera Blast|p1b: Arcanine\n|-damage|p1b: Arcanine|0 fnt\n|faint|p1b: Arcanine\n|move|p2a: Skeledirge|Torch Song|p1a: Annihilape\n|-activate|p1a: Annihilape|move: Protect\n|\n|upkeep\n|\n|t:|1683068107\n|switch|p1b: Gholdengo|Gholdengo, L50|100\/100\n|turn|11\n|\n|t:|1683068116\n|move|p1a: Annihilape|Protect||[still]\n|-fail|p1a: Annihilape\n|move|p2b: Chi-Yu|Snarl|p1a: Annihilape|[spread] p1a,p1b\n|-supereffective|p1b: Gholdengo\n|-damage|p1a: Annihilape|0 fnt\n|-damage|p1b: Gholdengo|59\/100\n|-unboost|p1b: Gholdengo|spa|1\n|faint|p1a: Annihilape\n|move|p1b: Gholdengo|Shadow Ball|p2b: Chi-Yu\n|-supereffective|p2b: Chi-Yu\n|-damage|p2b: Chi-Yu|0 fnt\n|faint|p2b: Chi-Yu\n|move|p2a: Skeledirge|Torch Song|p1b: Gholdengo\n|-supereffective|p1b: Gholdengo\n|-damage|p1b: Gholdengo|0 fnt\n|-boost|p2a: Skeledirge|spa|1\n|faint|p1b: Gholdengo\n|\n|win|GTFDF\n|raw|KyannVGC's rating: 1164 → 1146<\/strong> (-18 for losing)\n|raw|GTFDF's rating: 1265 → 1283<\/strong> (+18 for winning)\n|l|\u2606KyannVGC\n","uploadtime":1683068126,"views":4,"p1id":"kyannvgc","p2id":"gtfdf","formatid":"gen9vgc2023regulationc","rating":1146,"private":0,"password":""}