{"id":"gen9vgc2023regulationc-1860565269","p1":"pazzoscassato","p2":"WillieDangerously","format":"[Gen 9] VGC 2023 Regulation C","log":"|j|\u2606pazzoscassato\n|j|\u2606WillieDangerously\n|t:|1683654973\n|gametype|doubles\n|player|p1|pazzoscassato|biker|1172\n|player|p2|WillieDangerously|psychic-gen4|1179\n|teamsize|p1|6\n|teamsize|p2|6\n|gen|9\n|tier|[Gen 9] VGC 2023 Regulation C\n|rated|\n|rule|Species Clause: Limit one of each Pok\u00e9mon\n|rule|Item Clause: Limit one of each item\n|clearpoke\n|poke|p1|Chi-Yu, L50|\n|poke|p1|Flutter Mane, L50|\n|poke|p1|Talonflame, L50, M|\n|poke|p1|Arcanine, L50, M|\n|poke|p1|Great Tusk, L50|\n|poke|p1|Palafin, L50, F|\n|poke|p2|Gholdengo, L50|\n|poke|p2|Wo-Chien, L50|\n|poke|p2|Iron Bundle, L50|\n|poke|p2|Dragapult, L50, F|\n|poke|p2|Hippowdon, L50, F|\n|poke|p2|Glimmora, L50, F|\n|teampreview|4\n|inactive|Battle timer is ON: inactive players will automatically lose when time's up. (requested by pazzoscassato)\n|inactive|pazzoscassato has 60 seconds left.\n|inactive|WillieDangerously has 60 seconds left.\n|\n|t:|1683655021\n|start\n|switch|p1a: Avdol|Talonflame, L50, M, shiny|100\/100\n|switch|p1b: Joseph|Great Tusk, L50, shiny|100\/100\n|switch|p2a: Glimmora|Glimmora, L50, F|100\/100\n|switch|p2b: Hippowdon|Hippowdon, L50, F|100\/100\n|-weather|Sandstorm|[from] ability: Sand Stream|[of] p2b: Hippowdon\n|turn|1\n|c|\u2606pazzoscassato|glhf\n|inactive|WillieDangerously has 30 seconds left.\n|\n|t:|1683655055\n|-terastallize|p2a: Glimmora|Grass\n|move|p1a: Avdol|Tailwind|p1a: Avdol\n|-sidestart|p1: pazzoscassato|move: Tailwind\n|move|p1b: Joseph|Earthquake|p2a: Glimmora|[spread] p2a,p2b\n|-immune|p1a: Avdol\n|-resisted|p2a: Glimmora\n|-damage|p2a: Glimmora|73\/100\n|-damage|p2b: Hippowdon|58\/100\n|-activate|p2a: Glimmora|ability: Toxic Debris\n|-sidestart|p1: pazzoscassato|move: Toxic Spikes\n|move|p2a: Glimmora|Power Gem|p1a: Avdol\n|-supereffective|p1a: Avdol\n|-damage|p1a: Avdol|0 fnt\n|faint|p1a: Avdol\n|move|p2b: Hippowdon|Yawn|p1b: Joseph\n|-start|p1b: Joseph|move: Yawn|[of] p2b: Hippowdon\n|\n|-weather|Sandstorm|[upkeep]\n|-damage|p2a: Glimmora|67\/100|[from] Sandstorm\n|upkeep\n|\n|t:|1683655074\n|switch|p1a: Kakyoin|Chi-Yu, L50|100\/100\n|-status|p1a: Kakyoin|psn\n|-ability|p1a: Kakyoin|Beads of Ruin\n|turn|2\n|inactive|WillieDangerously has 30 seconds left.\n|\n|t:|1683655107\n|-end|p1b: Joseph|Protosynthesis|[silent]\n|switch|p1b: Polnareff|Flutter Mane, L50, shiny|100\/100\n|-status|p1b: Polnareff|psn\n|-terastallize|p1a: Kakyoin|Grass\n|move|p1a: Kakyoin|Heat Wave|p2b: Hippowdon|[spread] p2a,p2b\n|-supereffective|p2a: Glimmora\n|-damage|p2a: Glimmora|0 fnt\n|-damage|p2b: Hippowdon|20\/100\n|-enditem|p2b: Hippowdon|Mago Berry|[eat]\n|-heal|p2b: Hippowdon|53\/100|[from] item: Mago Berry\n|faint|p2a: Glimmora\n|move|p2b: Hippowdon|Sand Tomb|p1a: Kakyoin\n|-resisted|p1a: Kakyoin\n|-damage|p1a: Kakyoin|90\/100 psn\n|-activate|p1a: Kakyoin|move: Sand Tomb|[of] p2b: Hippowdon\n|\n|-weather|Sandstorm|[upkeep]\n|-damage|p1b: Polnareff|94\/100 psn|[from] Sandstorm\n|-damage|p1a: Kakyoin|84\/100 psn|[from] Sandstorm\n|-damage|p1a: Kakyoin|72\/100 psn|[from] psn\n|-damage|p1b: Polnareff|82\/100 psn|[from] psn\n|-damage|p1a: Kakyoin|60\/100 psn|[from] move: Sand Tomb|[partiallytrapped]\n|upkeep\n|\n|t:|1683655129\n|switch|p2a: Dragapult|Dragapult, L50, F|100\/100\n|turn|3\n|inactive|pazzoscassato has 30 seconds left.\n|\n|t:|1683655155\n|move|p2a: Dragapult|Protect|p2a: Dragapult\n|-singleturn|p2a: Dragapult|Protect\n|move|p2b: Hippowdon|Protect|p2b: Hippowdon\n|-singleturn|p2b: Hippowdon|Protect\n|move|p1a: Kakyoin|Tera Blast|p2b: Hippowdon\n|-activate|p2b: Hippowdon|move: Protect\n|move|p1b: Polnareff|Moonblast|p2a: Dragapult\n|-activate|p2a: Dragapult|move: Protect\n|\n|-weather|Sandstorm|[upkeep]\n|-damage|p1a: Kakyoin|54\/100 psn|[from] Sandstorm\n|-damage|p1b: Polnareff|75\/100 psn|[from] Sandstorm\n|-damage|p2a: Dragapult|94\/100|[from] Sandstorm\n|-damage|p1a: Kakyoin|42\/100 psn|[from] psn\n|-damage|p1b: Polnareff|63\/100 psn|[from] psn\n|-damage|p1a: Kakyoin|30\/100 psn|[from] move: Sand Tomb|[partiallytrapped]\n|upkeep\n|turn|4\n|inactive|WillieDangerously has 30 seconds left.\n|inactive|WillieDangerously has 20 seconds left.\n|inactive|WillieDangerously has 15 seconds left.\n|inactive|WillieDangerously has 10 seconds left.\n|\n|t:|1683655201\n|move|p2a: Dragapult|Protect|p2a: Dragapult\n|-singleturn|p2a: Dragapult|Protect\n|move|p2b: Hippowdon|Protect||[still]\n|-fail|p2b: Hippowdon\n|move|p1a: Kakyoin|Tera Blast|p2b: Hippowdon\n|-supereffective|p2b: Hippowdon\n|-damage|p2b: Hippowdon|0 fnt\n|faint|p2b: Hippowdon\n|move|p1b: Polnareff|Moonblast|p2a: Dragapult\n|-activate|p2a: Dragapult|move: Protect\n|\n|-weather|Sandstorm|[upkeep]\n|-damage|p1a: Kakyoin|25\/100 psn|[from] Sandstorm\n|-damage|p1b: Polnareff|57\/100 psn|[from] Sandstorm\n|-damage|p2a: Dragapult|88\/100|[from] Sandstorm\n|-damage|p1a: Kakyoin|13\/100 psn|[from] psn\n|-damage|p1b: Polnareff|44\/100 psn|[from] psn\n|-end|p1a: Kakyoin|Sand Tomb|[partiallytrapped]|[silent]\n|-sideend|p1: pazzoscassato|move: Tailwind\n|upkeep\n|\n|t:|1683655219\n|switch|p2b: Iron Bundle|Iron Bundle, L50|100\/100\n|-enditem|p2b: Iron Bundle|Booster Energy\n|-activate|p2b: Iron Bundle|ability: Quark Drive|[fromitem]\n|-start|p2b: Iron Bundle|quarkdrivespe\n|turn|5\n|\n|t:|1683655243\n|move|p2b: Iron Bundle|Icy Wind|p1b: Polnareff|[spread] p1a,p1b\n|-supereffective|p1a: Kakyoin\n|-damage|p1a: Kakyoin|0 fnt\n|-damage|p1b: Polnareff|21\/100 psn\n|-unboost|p1b: Polnareff|spe|1\n|faint|p1a: Kakyoin\n|move|p2a: Dragapult|Disable|p1b: Polnareff\n|-start|p1b: Polnareff|Disable|Moonblast\n|cant|p1b: Polnareff|Disable|Moonblast\n|\n|-weather|none\n|-damage|p1b: Polnareff|9\/100 psn|[from] psn\n|upkeep\n|\n|t:|1683655257\n|switch|p1a: Joseph|Great Tusk, L50, shiny|100\/100\n|-status|p1a: Joseph|psn\n|turn|6\n|\n|t:|1683655270\n|move|p2b: Iron Bundle|Icy Wind|p1b: Polnareff|[spread] p1a,p1b\n|-supereffective|p1a: Joseph\n|-damage|p1a: Joseph|43\/100 psn\n|-damage|p1b: Polnareff|0 fnt\n|-unboost|p1a: Joseph|spe|1\n|faint|p1b: Polnareff\n|-end|p1b: Polnareff|Protosynthesis|[silent]\n|move|p2a: Dragapult|Dragon Darts|p1a: Joseph\n|-damage|p1a: Joseph|16\/100 psn\n|-anim|p2a: Dragapult|Dragon Darts|p1a: Joseph\n|-damage|p1a: Joseph|0 fnt\n|faint|p1a: Joseph\n|-end|p1a: Joseph|Protosynthesis|[silent]\n|-damage|p2a: Dragapult|79\/100|[from] item: Life Orb\n|\n|win|WillieDangerously\n|raw|pazzoscassato's rating: 1172 → 1148<\/strong> (-24 for losing)\n|raw|WillieDangerously's rating: 1179 → 1203<\/strong> (+24 for winning)\n|l|\u2606pazzoscassato\n","uploadtime":1683655281,"views":9,"p1id":"pazzoscassato","p2id":"williedangerously","formatid":"gen9vgc2023regulationc","rating":1148,"private":0,"password":""}