{"id":"gen9vgc2023regulationc-1848998144","p1":"Comic Mischief","p2":"BlackAceX19","format":"[Gen 9] VGC 2023 Regulation C","log":"|j|\u2606Comic Mischief\n|j|\u2606BlackAceX19\n|t:|1682136619\n|gametype|doubles\n|player|p1|Comic Mischief|pokemonbreeder-gen4|1003\n|player|p2|BlackAceX19|265|1101\n|teamsize|p1|6\n|teamsize|p2|6\n|gen|9\n|tier|[Gen 9] VGC 2023 Regulation C\n|rated|\n|rule|Species Clause: Limit one of each Pok\u00e9mon\n|rule|Item Clause: Limit one of each item\n|clearpoke\n|poke|p1|Pelipper, L50, F|\n|poke|p1|Bellibolt, L50, F|\n|poke|p1|Kilowattrel, L50, F|\n|poke|p1|Gyarados, L50, F|\n|poke|p1|Arcanine, L50, M|\n|poke|p1|Beartic, L50, F|\n|poke|p2|Talonflame, L50, M|\n|poke|p2|Iron Bundle, L50|\n|poke|p2|Iron Hands, L50|\n|poke|p2|Gholdengo, L50|\n|poke|p2|Garchomp, L50, F|\n|poke|p2|Chien-Pao, L50|\n|teampreview|4\nBlackAceX19 rejected open team sheets.\n|\n|t:|1682136686\n|start\n|switch|p1a: Pelipper|Pelipper, L50, F|100\/100\n|switch|p1b: Arcanine|Arcanine, L50, M|100\/100\n|switch|p2a: Talonflame|Talonflame, L50, M|100\/100\n|switch|p2b: Iron Hands|Iron Hands, L50|100\/100\n|-ability|p1b: Arcanine|Intimidate|boost\n|-unboost|p2a: Talonflame|atk|1\n|-unboost|p2b: Iron Hands|atk|1\n|-item|p1b: Arcanine|Air Balloon\n|-weather|RainDance|[from] ability: Drizzle|[of] p1a: Pelipper\n|turn|1\n|\n|t:|1682136723\n|move|p2b: Iron Hands|Fake Out|p1b: Arcanine\n|-damage|p1b: Arcanine|86\/100\n|-enditem|p1b: Arcanine|Air Balloon\n|move|p2a: Talonflame|Tailwind|p2a: Talonflame\n|-sidestart|p2: BlackAceX19|move: Tailwind\n|cant|p1b: Arcanine|flinch\n|move|p1a: Pelipper|Tailwind|p1a: Pelipper\n|-sidestart|p1: Comic Mischief|move: Tailwind\n|\n|-weather|RainDance|[upkeep]\n|upkeep\n|turn|2\n|\n|t:|1682136758\n|switch|p1b: Kilowattrel|Kilowattrel, L50, F|100\/100\n|-end|p2b: Iron Hands|Quark Drive|[silent]\n|switch|p2b: Iron Bundle|Iron Bundle, L50|100\/100\n|-enditem|p2b: Iron Bundle|Booster Energy\n|-activate|p2b: Iron Bundle|ability: Quark Drive|[fromitem]\n|-start|p2b: Iron Bundle|quarkdrivespe\n|move|p2a: Talonflame|Taunt|p1b: Kilowattrel\n|-start|p1b: Kilowattrel|move: Taunt\n|move|p1a: Pelipper|Icy Wind|p2a: Talonflame|[spread] p2a,p2b\n|-resisted|p2b: Iron Bundle\n|-damage|p2a: Talonflame|88\/100\n|-damage|p2b: Iron Bundle|96\/100\n|-unboost|p2a: Talonflame|spe|1\n|-unboost|p2b: Iron Bundle|spe|1\n|\n|-weather|RainDance|[upkeep]\n|upkeep\n|turn|3\n|\n|t:|1682136796\n|switch|p2a: Garchomp|Garchomp, L50, F|100\/100\n|switch|p1a: Bellibolt|Bellibolt, L50, F|100\/100\n|-terastallize|p2b: Iron Bundle|Ghost\n|move|p2b: Iron Bundle|Icy Wind|p1b: Kilowattrel|[spread] p1a,p1b\n|-supereffective|p1b: Kilowattrel\n|-damage|p1a: Bellibolt|88\/100\n|-damage|p1b: Kilowattrel|30\/100\n|-unboost|p1a: Bellibolt|spe|1\n|-unboost|p1b: Kilowattrel|spe|1\n|-start|p1a: Bellibolt|Charge|Icy Wind|[from] ability: Electromorphosis\n|move|p1b: Kilowattrel|Thunder|p2b: Iron Bundle\n|-damage|p2b: Iron Bundle|0 fnt\n|faint|p2b: Iron Bundle\n|-end|p2b: Iron Bundle|Quark Drive|[silent]\n|-damage|p1b: Kilowattrel|20\/100|[from] item: Life Orb\n|\n|-weather|RainDance|[upkeep]\n|upkeep\n|\n|t:|1682136813\n|switch|p2b: Iron Hands|Iron Hands, L50|100\/100\n|turn|4\n|\n|t:|1682136828\n|switch|p1b: Arcanine|Arcanine, L50, M|86\/100\n|-ability|p1b: Arcanine|Intimidate|boost\n|-unboost|p2a: Garchomp|atk|1\n|-unboost|p2b: Iron Hands|atk|1\n|switch|p1a: Pelipper|Pelipper, L50, F|100\/100\n|move|p2b: Iron Hands|Fake Out|p1b: Arcanine\n|-damage|p1b: Arcanine|73\/100\n|move|p2a: Garchomp|Earthquake|p1b: Arcanine|[spread] p2b,p1b\n|-immune|p1a: Pelipper\n|-supereffective|p2b: Iron Hands\n|-crit|p2b: Iron Hands\n|-supereffective|p1b: Arcanine\n|-damage|p2b: Iron Hands|2\/100\n|-damage|p1b: Arcanine|0 fnt\n|faint|p1b: Arcanine\n|-damage|p2a: Garchomp|91\/100|[from] item: Life Orb\n|\n|-weather|RainDance|[upkeep]\n|-sideend|p1: Comic Mischief|move: Tailwind\n|-sideend|p2: BlackAceX19|move: Tailwind\n|upkeep\n|\n|t:|1682136853\n|switch|p1b: Kilowattrel|Kilowattrel, L50, F|20\/100\n|turn|5\n|\n|t:|1682136864\n|-end|p2b: Iron Hands|Quark Drive|[silent]\n|switch|p2b: Talonflame|Talonflame, L50, M|88\/100\n|move|p1b: Kilowattrel|Hurricane|p2a: Garchomp\n|-damage|p2a: Garchomp|25\/100\n|-start|p2a: Garchomp|confusion\n|-damage|p1b: Kilowattrel|11\/100|[from] item: Life Orb\n|-activate|p2a: Garchomp|confusion\n|move|p2a: Garchomp|Rock Slide|p1b: Kilowattrel|[spread] p1a,p1b\n|-supereffective|p1a: Pelipper\n|-supereffective|p1b: Kilowattrel\n|-damage|p1a: Pelipper|71\/100\n|-damage|p1b: Kilowattrel|0 fnt\n|faint|p1b: Kilowattrel\n|-damage|p2a: Garchomp|15\/100|[from] item: Life Orb\n|move|p1a: Pelipper|Icy Wind|p2b: Talonflame|[spread] p2a,p2b\n|-supereffective|p2a: Garchomp\n|-damage|p2a: Garchomp|0 fnt\n|-damage|p2b: Talonflame|77\/100\n|-unboost|p2b: Talonflame|spe|1\n|faint|p2a: Garchomp\n|\n|-weather|none\n|upkeep\n|\n|t:|1682136887\n|switch|p1b: Bellibolt|Bellibolt, L50, F|88\/100\n|switch|p2a: Iron Hands|Iron Hands, L50|2\/100\n|turn|6\n|\n|t:|1682136912\n|-terastallize|p1b: Bellibolt|Water\n|move|p1a: Pelipper|Wide Guard|p1a: Pelipper\n|-singleturn|p1a: Pelipper|Wide Guard\n|move|p2a: Iron Hands|Fake Out|p1b: Bellibolt\n|-damage|p1b: Bellibolt|73\/100\n|-start|p1b: Bellibolt|Charge|Fake Out|[from] ability: Electromorphosis\n|move|p2b: Talonflame|Taunt|p1a: Pelipper\n|-start|p1a: Pelipper|move: Taunt\n|cant|p1b: Bellibolt|flinch\n|-end|p1b: Bellibolt|Charge|[silent]\n|\n|upkeep\n|turn|7\n|\n|t:|1682136930\n|move|p2b: Talonflame|Tailwind|p2b: Talonflame\n|-sidestart|p2: BlackAceX19|move: Tailwind\n|move|p2a: Iron Hands|Drain Punch|p1b: Bellibolt\n|-damage|p1b: Bellibolt|35\/100\n|-heal|p2a: Iron Hands|17\/100|[from] drain|[of] p1b: Bellibolt\n|-start|p1b: Bellibolt|Charge|Drain Punch|[from] ability: Electromorphosis\n|move|p1a: Pelipper|Icy Wind|p2a: Iron Hands|[spread] p2a\n|-miss|p1a: Pelipper|p2b: Talonflame\n|-damage|p2a: Iron Hands|12\/100\n|-unboost|p2a: Iron Hands|spe|1\n|move|p1b: Bellibolt|Parabolic Charge|p2b: Talonflame|[spread] p1a,p2a,p2b\n|-supereffective|p1a: Pelipper\n|-resisted|p2a: Iron Hands\n|-supereffective|p2b: Talonflame\n|-damage|p1a: Pelipper|0 fnt\n|-heal|p1b: Bellibolt|63\/100|[from] drain|[of] p1a: Pelipper\n|-damage|p2a: Iron Hands|1\/100\n|-heal|p1b: Bellibolt|69\/100|[from] drain|[of] p2a: Iron Hands\n|-damage|p2b: Talonflame|0 fnt\n|-heal|p1b: Bellibolt|100\/100|[from] drain|[of] p2b: Talonflame\n|faint|p1a: Pelipper\n|faint|p2b: Talonflame\n|-end|p1b: Bellibolt|Charge|[silent]\n|\n|upkeep\n|turn|8\n|\n|t:|1682136954\n|move|p2a: Iron Hands|Wild Charge|p1b: Bellibolt\n|-supereffective|p1b: Bellibolt\n|-damage|p1b: Bellibolt|0 fnt\n|faint|p1b: Bellibolt\n|-damage|p2a: Iron Hands|0 fnt|[from] Recoil\n|faint|p2a: Iron Hands\n|-end|p2a: Iron Hands|Quark Drive|[silent]\n|\n|win|BlackAceX19\n|raw|Comic Mischief's rating: 1003 → 1000<\/strong> (-3 for losing)\n|raw|BlackAceX19's rating: 1101 → 1119<\/strong> (+18 for winning)\n|l|\u2606Comic Mischief\n","uploadtime":1682136966,"views":14,"p1id":"comicmischief","p2id":"blackacex19","formatid":"gen9vgc2023regulationc","rating":1000,"private":0,"password":""}