{"id":"gen9vgc2023regulationc-1849441393","p1":"Heaven64","p2":"PurpleStyle","format":"[Gen 9] VGC 2023 Regulation C","log":"|j|\u2606Heaven64\n|j|\u2606PurpleStyle\n|t:|1682198851\n|gametype|doubles\n|player|p1|Heaven64|leaf-masters|\n|player|p2|PurpleStyle|pokefan|\n|teamsize|p1|6\n|teamsize|p2|6\n|gen|9\n|tier|[Gen 9] VGC 2023 Regulation C\n|rule|Species Clause: Limit one of each Pok\u00e9mon\n|rule|Item Clause: Limit one of each item\n|clearpoke\n|poke|p1|Gholdengo, L50|\n|poke|p1|Grimmsnarl, L50, M|\n|poke|p1|Noivern, L50, M|\n|poke|p1|Tauros-Paldea-Aqua, L50, M|\n|poke|p1|Veluza, L50, M|\n|poke|p1|Zangoose, L50, M|\n|poke|p2|Flutter Mane, L50|\n|poke|p2|Crocalor, L50, M|\n|poke|p2|Indeedee, L50, M|\n|poke|p2|Drifblim, L50, F|\n|poke|p2|Donphan, L50, F|\n|poke|p2|Hydreigon, L50, F|\n|teampreview|4\n|c|\u2606Heaven64|g1\nPurpleStyle rejected open team sheets.\n|c|\u2606PurpleStyle|glhf\n|c|\u2606Heaven64|you too\n|\n|t:|1682198955\n|start\n|switch|p1a: High on Fumes|Zangoose, L50, M, shiny|100\/100\n|switch|p1b: Tonsurephobia|Grimmsnarl, L50, M|100\/100\n|switch|p2a: Indeedee|Indeedee, L50, M|100\/100\n|switch|p2b: Drifblim|Drifblim, L50, F|100\/100\n|-fieldstart|move: Psychic Terrain|[from] ability: Psychic Surge|[of] p2a: Indeedee\n|-enditem|p2b: Drifblim|Psychic Seed\n|-boost|p2b: Drifblim|spd|1|[from] item: Psychic Seed\n|turn|1\n|\n|t:|1682199009\n|move|p1b: Tonsurephobia|Light Screen|p1b: Tonsurephobia\n|-sidestart|p1: Heaven64|move: Light Screen\n|move|p2b: Drifblim|Tailwind|p2b: Drifblim\n|-sidestart|p2: PurpleStyle|move: Tailwind\n|move|p2a: Indeedee|Dazzling Gleam|p1a: High on Fumes|[spread] p1a,p1b\n|-supereffective|p1b: Tonsurephobia\n|-enditem|p1b: Tonsurephobia|Roseli Berry|[eat]\n|-enditem|p1b: Tonsurephobia|Roseli Berry|[weaken]\n|-damage|p1a: High on Fumes|77\/100\n|-damage|p1b: Tonsurephobia|83\/100\n|-damage|p2a: Indeedee|91\/100|[from] item: Life Orb\n|move|p1a: High on Fumes|Shadow Claw|p2b: Drifblim\n|-supereffective|p2b: Drifblim\n|-damage|p2b: Drifblim|36\/100\n|\n|-status|p1a: High on Fumes|tox|[from] item: Toxic Orb\n|upkeep\n|turn|2\n|\n|t:|1682199040\n|move|p2b: Drifblim|Acrobatics|p1a: High on Fumes\n|-damage|p1a: High on Fumes|9\/100 tox\n|move|p2a: Indeedee|Dazzling Gleam|p1a: High on Fumes|[spread] p1a,p1b\n|-supereffective|p1b: Tonsurephobia\n|-damage|p1a: High on Fumes|0 fnt\n|-damage|p1b: Tonsurephobia|48\/100\n|faint|p1a: High on Fumes\n|-damage|p2a: Indeedee|82\/100|[from] item: Life Orb\n|move|p1b: Tonsurephobia|Spirit Break|p2b: Drifblim\n|-damage|p2b: Drifblim|0 fnt\n|faint|p2b: Drifblim\n|\n|upkeep\n|\n|t:|1682199065\n|switch|p2b: Hydreigon|Hydreigon, L50, F|100\/100\n|switch|p1a: Wet Steak|Tauros-Paldea-Aqua, L50, M|100\/100\n|-ability|p1a: Wet Steak|Intimidate|boost\n|-unboost|p2a: Indeedee|atk|1\n|-unboost|p2b: Hydreigon|atk|1\n|turn|3\n|\n|t:|1682199090\n|-terastallize|p2b: Hydreigon|Poison\n|move|p1a: Wet Steak|Protect|p1a: Wet Steak\n|-singleturn|p1a: Wet Steak|Protect\n|move|p2b: Hydreigon|Focus Energy|p2b: Hydreigon\n|-start|p2b: Hydreigon|move: Focus Energy\n|move|p2a: Indeedee|Psychic|p1a: Wet Steak\n|-activate|p1a: Wet Steak|move: Protect\n|move|p1b: Tonsurephobia|Spirit Break|p2b: Hydreigon\n|-resisted|p2b: Hydreigon\n|-damage|p2b: Hydreigon|81\/100\n|-unboost|p2b: Hydreigon|spa|1\n|\n|upkeep\n|turn|4\n|\n|t:|1682199129\n|move|p2b: Hydreigon|Draco Meteor|p1a: Wet Steak\n|-crit|p1a: Wet Steak\n|-damage|p1a: Wet Steak|0 fnt\n|-unboost|p2b: Hydreigon|spa|2\n|faint|p1a: Wet Steak\n|move|p2a: Indeedee|Psychic|p1b: Tonsurephobia\n|-immune|p1b: Tonsurephobia\n|move|p1b: Tonsurephobia|Spirit Break|p2a: Indeedee\n|-damage|p2a: Indeedee|21\/100\n|-unboost|p2a: Indeedee|spa|1\n|\n|-sideend|p2: PurpleStyle|move: Tailwind\n|upkeep\n|\n|t:|1682199139\n|switch|p1a: Ficello|Gholdengo, L50|100\/100\n|turn|5\n|\n|t:|1682199159\n|-terastallize|p1a: Ficello|Fairy\n|move|p2a: Indeedee|Shadow Ball|p1a: Ficello\n|-damage|p1a: Ficello|91\/100\n|-damage|p2a: Indeedee|11\/100|[from] item: Life Orb\n|move|p2b: Hydreigon|Dark Pulse|p1a: Ficello\n|-resisted|p1a: Ficello\n|-crit|p1a: Ficello\n|-damage|p1a: Ficello|70\/100\n|move|p1a: Ficello|Make It Rain|p2b: Hydreigon|[spread] p2a,p2b\n|-damage|p2a: Indeedee|0 fnt\n|-damage|p2b: Hydreigon|23\/100\n|-unboost|p1a: Ficello|spa|1\n|faint|p2a: Indeedee\n|move|p1b: Tonsurephobia|Spirit Break|p2b: Hydreigon\n|-resisted|p2b: Hydreigon\n|-damage|p2b: Hydreigon|5\/100\n|-unboost|p2b: Hydreigon|spa|1\n|\n|-sideend|p1: Heaven64|move: Light Screen\n|-fieldend|move: Psychic Terrain\n|upkeep\n|\n|t:|1682199165\n|switch|p2a: Flutter Mane|Flutter Mane, L50|100\/100\n|turn|6\n|\n|t:|1682199206\n|move|p2a: Flutter Mane|Protect|p2a: Flutter Mane\n|-singleturn|p2a: Flutter Mane|Protect\n|move|p1b: Tonsurephobia|Light Screen|p1b: Tonsurephobia\n|-sidestart|p1: Heaven64|move: Light Screen\n|move|p2b: Hydreigon|Dark Pulse|p1a: Ficello\n|-resisted|p1a: Ficello\n|-crit|p1a: Ficello\n|-damage|p1a: Ficello|49\/100\n|move|p1a: Ficello|Make It Rain|p2b: Hydreigon|[spread] p2b\n|-activate|p2a: Flutter Mane|move: Protect\n|-damage|p2b: Hydreigon|0 fnt\n|-unboost|p1a: Ficello|spa|1\n|faint|p2b: Hydreigon\n|\n|upkeep\n|turn|7\n|\n|t:|1682199221\n|move|p2a: Flutter Mane|Substitute|p2a: Flutter Mane\n|-start|p2a: Flutter Mane|Substitute\n|-damage|p2a: Flutter Mane|75\/100\n|move|p1a: Ficello|Make It Rain|p2a: Flutter Mane\n|-supereffective|p2a: Flutter Mane\n|-end|p2a: Flutter Mane|Substitute\n|-unboost|p1a: Ficello|spa|1\n|move|p1b: Tonsurephobia|Spirit Break|p2a: Flutter Mane\n|-damage|p2a: Flutter Mane|29\/100\n|-unboost|p2a: Flutter Mane|spa|1\n|\n|-heal|p2a: Flutter Mane|35\/100|[from] item: Leftovers\n|upkeep\n|turn|8\n|\n|t:|1682199234\n|move|p2a: Flutter Mane|Protect|p2a: Flutter Mane\n|-singleturn|p2a: Flutter Mane|Protect\n|move|p1a: Ficello|Make It Rain|p2a: Flutter Mane\n|-activate|p2a: Flutter Mane|move: Protect\n|move|p1b: Tonsurephobia|Spirit Break|p2a: Flutter Mane\n|-activate|p2a: Flutter Mane|move: Protect\n|\n|-heal|p2a: Flutter Mane|41\/100|[from] item: Leftovers\n|upkeep\n|turn|9\n|\n|t:|1682199243\n|move|p2a: Flutter Mane|Moonblast|p1b: Tonsurephobia\n|-supereffective|p1b: Tonsurephobia\n|-damage|p1b: Tonsurephobia|8\/100\n|move|p1a: Ficello|Make It Rain|p2a: Flutter Mane\n|-supereffective|p2a: Flutter Mane\n|-damage|p2a: Flutter Mane|0 fnt\n|-unboost|p1a: Ficello|spa|1\n|faint|p2a: Flutter Mane\n|-end|p2a: Flutter Mane|Protosynthesis|[silent]\n|\n|win|Heaven64\n|c|\u2606PurpleStyle|gg\n|c|\u2606Heaven64|gg\n","uploadtime":1682200671,"views":7,"p1id":"heaven64","p2id":"purplestyle","formatid":"gen9vgc2023regulationc","rating":0,"private":0,"password":""}