{"id":"gen9vgc2023regulationc-1852977002","p1":"Pr0xsome","p2":"Pierre113","format":"[Gen 9] VGC 2023 Regulation C","log":"|j|\u2606Pr0xsome\n|j|\u2606Pierre113\n|t:|1682622263\n|gametype|doubles\n|player|p1|Pr0xsome|preschooler|1671\n|player|p2|Pierre113|palmer|1596\n|teamsize|p1|6\n|teamsize|p2|6\n|gen|9\n|tier|[Gen 9] VGC 2023 Regulation C\n|rated|\n|rule|Species Clause: Limit one of each Pok\u00e9mon\n|rule|Item Clause: Limit one of each item\n|clearpoke\n|poke|p1|Iron Treads, L50|\n|poke|p1|Glimmora, L50, M|\n|poke|p1|Arcanine, L50, F|\n|poke|p1|Chien-Pao, L50|\n|poke|p1|Dragonite, L50, F|\n|poke|p1|Rotom-Wash, L50|\n|poke|p2|Flutter Mane, L50|\n|poke|p2|Amoonguss, L50, F|\n|poke|p2|Chi-Yu, L50|\n|poke|p2|Gyarados, L50, M|\n|poke|p2|Iron Hands, L50|\n|poke|p2|Gholdengo, L50|\n|teampreview|4\nPierre113 has agreed to open team sheets.\nPr0xsome has agreed to open team sheets.\n|inactive|Battle timer is ON: inactive players will automatically lose when time's up. (requested by Pr0xsome)\n|inactive|Pierre113 has 60 seconds left.\n|\n|t:|1682622336\n|start\n|switch|p1a: Arcanine|Arcanine, L50, F|100\/100\n|switch|p1b: Dragonite|Dragonite, L50, F|100\/100\n|switch|p2a: Gyarados|Gyarados, L50, M|100\/100\n|switch|p2b: Iron Hands|Iron Hands, L50|100\/100\n|-ability|p1a: Arcanine|Intimidate|boost\n|-unboost|p2a: Gyarados|atk|1\n|-unboost|p2b: Iron Hands|atk|1\n|-ability|p2a: Gyarados|Intimidate|boost\n|-unboost|p1a: Arcanine|atk|1\n|-unboost|p1b: Dragonite|atk|1\n|turn|1\n|j| RoderickVE\n|\n|t:|1682622354\n|move|p1b: Dragonite|Protect|p1b: Dragonite\n|-singleturn|p1b: Dragonite|Protect\n|move|p2b: Iron Hands|Fake Out|p1a: Arcanine\n|-damage|p1a: Arcanine|88\/100\n|cant|p1a: Arcanine|flinch\n|move|p2a: Gyarados|Dragon Dance|p2a: Gyarados\n|-boost|p2a: Gyarados|atk|1\n|-boost|p2a: Gyarados|spe|1\n|\n|upkeep\n|turn|2\n|\n|t:|1682622369\n|-terastallize|p1b: Dragonite|Flying\n|move|p2a: Gyarados|Waterfall|p1a: Arcanine\n|-supereffective|p1a: Arcanine\n|-damage|p1a: Arcanine|2\/100\n|move|p1a: Arcanine|Howl|p1a: Arcanine|[spread] p1a,p1b\n|-boost|p1a: Arcanine|atk|1\n|-boost|p1b: Dragonite|atk|1\n|move|p1b: Dragonite|Tera Blast|p2a: Gyarados\n|-damage|p2a: Gyarados|33\/100\n|move|p2b: Iron Hands|Volt Switch|p1b: Dragonite\n|-supereffective|p1b: Dragonite\n|-damage|p1b: Dragonite|87\/100\n|\n|t:|1682622383\n|-end|p2b: Iron Hands|Quark Drive|[silent]\n|switch|p2b: Flutter Mane|Flutter Mane, L50|100\/100|[from] Volt Switch\n|-enditem|p2b: Flutter Mane|Booster Energy\n|-activate|p2b: Flutter Mane|ability: Protosynthesis|[fromitem]\n|-start|p2b: Flutter Mane|protosynthesisspa\n|\n|upkeep\n|turn|3\n|inactive|Pr0xsome has 30 seconds left.\n|j| LC77777\n|\n|t:|1682622415\n|switch|p2a: Iron Hands|Iron Hands, L50|100\/100\n|move|p1a: Arcanine|Protect|p1a: Arcanine\n|-singleturn|p1a: Arcanine|Protect\n|move|p1b: Dragonite|Extreme Speed|p2a: Iron Hands\n|-damage|p2a: Iron Hands|79\/100\n|move|p2b: Flutter Mane|Substitute|p2b: Flutter Mane\n|-start|p2b: Flutter Mane|Substitute\n|-damage|p2b: Flutter Mane|76\/100\n|\n|upkeep\n|turn|4\n|l| LC77777\n|\n|t:|1682622436\n|-end|p2a: Iron Hands|Quark Drive|[silent]\n|switch|p2a: Gyarados|Gyarados, L50, M|33\/100\n|-ability|p2a: Gyarados|Intimidate|boost\n|-unboost|p1a: Arcanine|atk|1\n|-unboost|p1b: Dragonite|atk|1\n|move|p1a: Arcanine|Protect||[still]\n|-fail|p1a: Arcanine\n|move|p1b: Dragonite|Protect|p1b: Dragonite\n|-singleturn|p1b: Dragonite|Protect\n|move|p2b: Flutter Mane|Dazzling Gleam|p1b: Dragonite|[spread] p1a\n|-activate|p1b: Dragonite|move: Protect\n|-resisted|p1a: Arcanine\n|-damage|p1a: Arcanine|0 fnt\n|faint|p1a: Arcanine\n|\n|upkeep\n|\n|t:|1682622443\n|switch|p1a: Chien-Pao|Chien-Pao, L50|100\/100\n|-ability|p1a: Chien-Pao|Sword of Ruin\n|turn|5\n|inactive|Pierre113 has 30 seconds left.\n|inactive|Pierre113 has 20 seconds left.\n|\n|t:|1682622479\n|switch|p2a: Amoonguss|Amoonguss, L50, F|100\/100\n|move|p1a: Chien-Pao|Ice Spinner|p2b: Flutter Mane\n|-end|p2b: Flutter Mane|Substitute\n|move|p2b: Flutter Mane|Dazzling Gleam|p1b: Dragonite|[spread] p1a,p1b\n|-supereffective|p1a: Chien-Pao\n|-enditem|p1a: Chien-Pao|Focus Sash\n|-damage|p1a: Chien-Pao|1\/100\n|-damage|p1b: Dragonite|48\/100\n|move|p1b: Dragonite|Tera Blast|p2a: Amoonguss\n|-supereffective|p2a: Amoonguss\n|-damage|p2a: Amoonguss|6\/100\n|-enditem|p2a: Amoonguss|Sitrus Berry|[eat]\n|-heal|p2a: Amoonguss|31\/100|[from] item: Sitrus Berry\n|\n|upkeep\n|turn|6\n|inactive|Pierre113 has 30 seconds left.\n|\n|t:|1682622507\n|switch|p2a: Gyarados|Gyarados, L50, M|33\/100\n|-ability|p2a: Gyarados|Intimidate|boost\n|-unboost|p1a: Chien-Pao|atk|1\n|-unboost|p1b: Dragonite|atk|1\n|-terastallize|p2b: Flutter Mane|Fairy\n|move|p1a: Chien-Pao|Ice Spinner|p2b: Flutter Mane\n|-crit|p2b: Flutter Mane\n|-damage|p2b: Flutter Mane|0 fnt\n|faint|p2b: Flutter Mane\n|-end|p2b: Flutter Mane|Protosynthesis|[silent]\n|move|p1b: Dragonite|Tera Blast|p2a: Gyarados\n|-damage|p2a: Gyarados|1\/100\n|\n|upkeep\n|\n|t:|1682622519\n|switch|p2b: Iron Hands|Iron Hands, L50|79\/100\n|turn|7\n|\n|t:|1682622531\n|switch|p2a: Amoonguss|Amoonguss, L50, F|64\/100\n|move|p1a: Chien-Pao|Protect|p1a: Chien-Pao\n|-singleturn|p1a: Chien-Pao|Protect\n|move|p1b: Dragonite|Protect|p1b: Dragonite\n|-singleturn|p1b: Dragonite|Protect\n|move|p2b: Iron Hands|Wild Charge|p1b: Dragonite\n|-activate|p1b: Dragonite|move: Protect\n|\n|upkeep\n|turn|8\n|\n|t:|1682622545\n|switch|p2a: Gyarados|Gyarados, L50, M|1\/100\n|-ability|p2a: Gyarados|Intimidate|boost\n|-unboost|p1a: Chien-Pao|atk|1\n|-unboost|p1b: Dragonite|atk|1\n|move|p1a: Chien-Pao|Ice Spinner|p2a: Gyarados\n|-damage|p2a: Gyarados|0 fnt\n|faint|p2a: Gyarados\n|move|p1b: Dragonite|Tera Blast|p2b: Iron Hands\n|-damage|p2b: Iron Hands|61\/100\n|move|p2b: Iron Hands|Drain Punch|p1a: Chien-Pao\n|-supereffective|p1a: Chien-Pao\n|-damage|p1a: Chien-Pao|0 fnt\n|-heal|p2b: Iron Hands|61\/100|[from] drain|[of] p1a: Chien-Pao\n|faint|p1a: Chien-Pao\n|\n|upkeep\n|\n|t:|1682622555\n|switch|p1a: Glimmora|Glimmora, L50, M|100\/100\n|switch|p2a: Amoonguss|Amoonguss, L50, F|97\/100\n|turn|9\n|\n|t:|1682622571\n|move|p1a: Glimmora|Sludge Bomb|p2a: Amoonguss\n|-damage|p2a: Amoonguss|57\/100\n|move|p1b: Dragonite|Tera Blast|p2a: Amoonguss\n|-supereffective|p2a: Amoonguss\n|-damage|p2a: Amoonguss|0 fnt\n|faint|p2a: Amoonguss\n|move|p2b: Iron Hands|Wild Charge|p1b: Dragonite\n|-supereffective|p1b: Dragonite\n|-damage|p1b: Dragonite|0 fnt\n|faint|p1b: Dragonite\n|-damage|p2b: Iron Hands|52\/100|[from] Recoil\n|\n|upkeep\n|turn|10\n|\n|t:|1682622584\n|move|p1a: Glimmora|Earth Power|p2b: Iron Hands\n|-supereffective|p2b: Iron Hands\n|-damage|p2b: Iron Hands|19\/100\n|move|p2b: Iron Hands|Drain Punch|p1a: Glimmora\n|-damage|p1a: Glimmora|55\/100\n|-heal|p2b: Iron Hands|36\/100|[from] drain|[of] p1a: Glimmora\n|-activate|p1a: Glimmora|ability: Toxic Debris\n|-sidestart|p2: Pierre113|move: Toxic Spikes\n|\n|upkeep\n|turn|11\n|inactive|Pr0xsome has 30 seconds left.\n|inactive|Pr0xsome has 20 seconds left.\n|\n|t:|1682622624\n|move|p1a: Glimmora|Earth Power|p2b: Iron Hands\n|-supereffective|p2b: Iron Hands\n|-damage|p2b: Iron Hands|3\/100\n|move|p2b: Iron Hands|Drain Punch|p1a: Glimmora\n|-damage|p1a: Glimmora|7\/100\n|-heal|p2b: Iron Hands|20\/100|[from] drain|[of] p1a: Glimmora\n|-activate|p1a: Glimmora|ability: Toxic Debris\n|-sidestart|p2: Pierre113|move: Toxic Spikes\n|\n|upkeep\n|turn|12\n|\n|t:|1682622635\n|move|p1a: Glimmora|Earth Power|p2b: Iron Hands\n|-supereffective|p2b: Iron Hands\n|-damage|p2b: Iron Hands|0 fnt\n|faint|p2b: Iron Hands\n|-end|p2b: Iron Hands|Quark Drive|[silent]\n|\n|win|Pr0xsome\n|raw|Pr0xsome's rating: 1671 → 1687<\/strong> (+16 for winning)\n|raw|Pierre113's rating: 1596 → 1580<\/strong> (-16 for losing)\n","uploadtime":1682622639,"views":8,"p1id":"pr0xsome","p2id":"pierre113","formatid":"gen9vgc2023regulationc","rating":1580,"private":0,"password":""}