{"id":"gen9vgc2023regulationc-1852132491","p1":"pokim_19","p2":"TeirusuVGC","format":"[Gen 9] VGC 2023 Regulation C","log":"|j|\u2606pokim_19\n|j|\u2606TeirusuVGC\n|t:|1682526806\n|gametype|doubles\n|player|p1|pokim_19|gambler|1245\n|player|p2|TeirusuVGC|ethan|1153\n|teamsize|p1|6\n|teamsize|p2|6\n|gen|9\n|tier|[Gen 9] VGC 2023 Regulation C\n|rated|\n|rule|Species Clause: Limit one of each Pok\u00e9mon\n|rule|Item Clause: Limit one of each item\n|clearpoke\n|poke|p1|Baxcalibur, L50, M|\n|poke|p1|Arcanine, L50, M|\n|poke|p1|Palafin, L50, F|\n|poke|p1|Amoonguss, L50, M|\n|poke|p1|Flutter Mane, L50|\n|poke|p1|Ting-Lu, L50|\n|poke|p2|Palafin, L50, M|\n|poke|p2|Flutter Mane, L50|\n|poke|p2|Arcanine, L50, F|\n|poke|p2|Amoonguss, L50, F|\n|poke|p2|Ting-Lu, L50|\n|poke|p2|Roaring Moon, L50|\n|teampreview|4\n|inactive|Battle timer is ON: inactive players will automatically lose when time's up. (requested by pokim_19)\n|inactive|TeirusuVGC has 60 seconds left.\npokim_19 has agreed to open team sheets.\n|\n|t:|1682526861\n|start\n|switch|p1a: Baxcalibur|Baxcalibur, L50, M|100\/100\n|switch|p1b: Flutter Mane|Flutter Mane, L50|100\/100\n|switch|p2a: Roaring Moon|Roaring Moon, L50|100\/100\n|switch|p2b: Ting-Lu|Ting-Lu, L50|100\/100\n|-ability|p2b: Ting-Lu|Vessel of Ruin\n|-enditem|p1b: Flutter Mane|Booster Energy\n|-activate|p1b: Flutter Mane|ability: Protosynthesis|[fromitem]\n|-start|p1b: Flutter Mane|protosynthesisspa\n|-enditem|p2a: Roaring Moon|Booster Energy\n|-activate|p2a: Roaring Moon|ability: Protosynthesis|[fromitem]\n|-start|p2a: Roaring Moon|protosynthesisatk\n|turn|1\n|inactive|TeirusuVGC has 30 seconds left.\n|inactive|TeirusuVGC has 20 seconds left.\n|inactive|TeirusuVGC has 15 seconds left.\n|inactive|TeirusuVGC has 10 seconds left.\n|\n|t:|1682526909\n|-terastallize|p1b: Flutter Mane|Fairy\n|-terastallize|p2b: Ting-Lu|Poison\n|move|p2a: Roaring Moon|Protect|p2a: Roaring Moon\n|-singleturn|p2a: Roaring Moon|Protect\n|move|p1b: Flutter Mane|Dazzling Gleam|p2b: Ting-Lu|[spread] p2b\n|-activate|p2a: Roaring Moon|move: Protect\n|-resisted|p2b: Ting-Lu\n|-damage|p2b: Ting-Lu|90\/100\n|move|p1a: Baxcalibur|Dragon Dance|p1a: Baxcalibur\n|-boost|p1a: Baxcalibur|atk|1\n|-boost|p1a: Baxcalibur|spe|1\n|move|p2b: Ting-Lu|Heavy Slam|p1b: Flutter Mane\n|-supereffective|p1b: Flutter Mane\n|-damage|p1b: Flutter Mane|0 fnt\n|faint|p1b: Flutter Mane\n|-end|p1b: Flutter Mane|Protosynthesis|[silent]\n|\n|upkeep\n|\n|t:|1682526924\n|switch|p1b: Amoonguss|Amoonguss, L50, M|100\/100\n|turn|2\n|\n|t:|1682526941\n|switch|p2b: Arcanine|Arcanine, L50, F|100\/100\n|-ability|p2b: Arcanine|Intimidate|boost\n|-unboost|p1a: Baxcalibur|atk|1\n|-unboost|p1b: Amoonguss|atk|1\n|move|p1b: Amoonguss|Rage Powder|p1b: Amoonguss\n|-singleturn|p1b: Amoonguss|move: Rage Powder\n|move|p2a: Roaring Moon|Acrobatics|p1b: Amoonguss\n|-supereffective|p1b: Amoonguss\n|-damage|p1b: Amoonguss|0 fnt\n|faint|p1b: Amoonguss\n|move|p1a: Baxcalibur|Glaive Rush|p2b: Arcanine\n|-damage|p2b: Arcanine|1\/100\n|-singlemove|p1a: Baxcalibur|Glaive Rush|[silent]\n|-damage|p1a: Baxcalibur|91\/100|[from] item: Life Orb\n|\n|upkeep\n|\n|t:|1682526953\n|switch|p1b: Arcanine|Arcanine, L50, M|100\/100\n|-ability|p1b: Arcanine|Intimidate|boost\n|-unboost|p2a: Roaring Moon|atk|1\n|-unboost|p2b: Arcanine|atk|1\n|turn|3\n|\n|t:|1682526975\n|-end|p2a: Roaring Moon|Protosynthesis|[silent]\n|switch|p2a: Ting-Lu|Ting-Lu, L50, tera:Poison|90\/100\n|-ability|p2a: Ting-Lu|Vessel of Ruin\n|move|p2b: Arcanine|Protect|p2b: Arcanine\n|-singleturn|p2b: Arcanine|Protect\n|move|p1b: Arcanine|Extreme Speed|p2b: Arcanine\n|-activate|p2b: Arcanine|move: Protect\n|move|p1a: Baxcalibur|Ice Shard|p2a: Ting-Lu\n|-damage|p2a: Ting-Lu|70\/100\n|-damage|p1a: Baxcalibur|81\/100|[from] item: Life Orb\n|\n|upkeep\n|turn|4\n|\n|t:|1682526998\n|switch|p2b: Flutter Mane|Flutter Mane, L50|100\/100\n|move|p1b: Arcanine|Extreme Speed|p2b: Flutter Mane\n|-immune|p2b: Flutter Mane\n|move|p1a: Baxcalibur|Glaive Rush|p2a: Ting-Lu\n|-damage|p2a: Ting-Lu|16\/100\n|-singlemove|p1a: Baxcalibur|Glaive Rush|[silent]\n|-damage|p1a: Baxcalibur|71\/100|[from] item: Life Orb\n|move|p2a: Ting-Lu|Stomping Tantrum|p1b: Arcanine\n|-supereffective|p1b: Arcanine\n|-damage|p1b: Arcanine|37\/100\n|\n|upkeep\n|turn|5\n|\n|t:|1682527021\n|-end|p2b: Flutter Mane|Protosynthesis|[silent]\n|switch|p2b: Arcanine|Arcanine, L50, F|1\/100\n|-ability|p2b: Arcanine|Intimidate|boost\n|-unboost|p1a: Baxcalibur|atk|1\n|-unboost|p1b: Arcanine|atk|1\n|move|p1a: Baxcalibur|Protect|p1a: Baxcalibur\n|-singleturn|p1a: Baxcalibur|Protect\n|move|p1b: Arcanine|Flare Blitz|p2b: Arcanine\n|-resisted|p2b: Arcanine\n|-damage|p2b: Arcanine|0 fnt\n|faint|p2b: Arcanine\n|-damage|p1b: Arcanine|36\/100|[from] Recoil\n|move|p2a: Ting-Lu|Stomping Tantrum|p1b: Arcanine\n|-supereffective|p1b: Arcanine\n|-damage|p1b: Arcanine|0 fnt\n|faint|p1b: Arcanine\n|\n|upkeep\n|\n|t:|1682527043\n|switch|p2b: Flutter Mane|Flutter Mane, L50|100\/100\n|turn|6\n|-message|pokim_19 forfeited.\n|\n|win|TeirusuVGC\n|raw|pokim_19's rating: 1245 → 1214<\/strong> (-31 for losing)\n|raw|TeirusuVGC's rating: 1153 → 1184<\/strong> (+31 for winning)\n|l|\u2606pokim_19\n","uploadtime":1682527127,"views":19,"p1id":"pokim19","p2id":"teirusuvgc","formatid":"gen9vgc2023regulationc","rating":1184,"private":0,"password":""}