{"id":"gen9vgc2023regulationc-1851428850","p1":"TingLusing","p2":"Benjigallade","format":"[Gen 9] VGC 2023 Regulation C","log":"|j|\u2606TingLusing\n|j|\u2606Benjigallade\n|t:|1682444371\n|gametype|doubles\n|player|p1|TingLusing|marnie-league|1429\n|player|p2|Benjigallade|169|1369\n|teamsize|p1|6\n|teamsize|p2|6\n|gen|9\n|tier|[Gen 9] VGC 2023 Regulation C\n|rated|\n|rule|Species Clause: Limit one of each Pok\u00e9mon\n|rule|Item Clause: Limit one of each item\n|clearpoke\n|poke|p1|Palafin, L50, M|\n|poke|p1|Arcanine, L50, M|\n|poke|p1|Amoonguss, L50, M|\n|poke|p1|Kingambit, L50, M|\n|poke|p1|Flutter Mane, L50|\n|poke|p1|Dragonite, L50, M|\n|poke|p2|Gallade, L50, M|\n|poke|p2|Ting-Lu, L50|\n|poke|p2|Arcanine, L50, M|\n|poke|p2|Palafin, L50, F|\n|poke|p2|Amoonguss, L50, F|\n|poke|p2|Flutter Mane, L50|\n|teampreview|4\n|inactive|Battle timer is ON: inactive players will automatically lose when time's up. (requested by Benjigallade)\nTingLusing has agreed to open team sheets.\n|inactive|Benjigallade has 60 seconds left.\n|inactive|Benjigallade has 30 seconds left.\n|inactive|Benjigallade has 20 seconds left.\n|inactive|Benjigallade has 15 seconds left.\n|\n|t:|1682444448\n|start\n|switch|p1a: Kingambit|Kingambit, L50, M|100\/100\n|switch|p1b: Arcanine|Arcanine, L50, M|100\/100\n|switch|p2a: Palafin|Palafin, L50, F|100\/100\n|switch|p2b: Ting-Lu|Ting-Lu, L50|100\/100\n|-ability|p1b: Arcanine|Intimidate|boost\n|-unboost|p2a: Palafin|atk|1\n|-unboost|p2b: Ting-Lu|atk|1\n|-ability|p2b: Ting-Lu|Vessel of Ruin\n|turn|1\n|inactive|Benjigallade has 30 seconds left.\n|inactive|Benjigallade has 20 seconds left.\n|\n|t:|1682444484\n|move|p1b: Arcanine|Will-O-Wisp|p2b: Ting-Lu\n|-status|p2b: Ting-Lu|brn\n|move|p2a: Palafin|Taunt|p1b: Arcanine\n|-start|p1b: Arcanine|move: Taunt\n|move|p1a: Kingambit|Swords Dance|p1a: Kingambit\n|-boost|p1a: Kingambit|atk|2\n|move|p2b: Ting-Lu|Stomping Tantrum|p1a: Kingambit\n|-supereffective|p1a: Kingambit\n|-damage|p1a: Kingambit|84\/100\n|\n|-damage|p2b: Ting-Lu|94\/100 brn|[from] brn\n|upkeep\n|turn|2\n|\n|t:|1682444502\n|switch|p1b: Amoonguss|Amoonguss, L50, M|100\/100\n|detailschange|p2a: Palafin|Palafin-Hero, L50, F\n|switch|p2a: Flutter Mane|Flutter Mane, L50|100\/100\n|-enditem|p2a: Flutter Mane|Booster Energy\n|-activate|p2a: Flutter Mane|ability: Protosynthesis|[fromitem]\n|-start|p2a: Flutter Mane|protosynthesisspa\n|move|p1a: Kingambit|Kowtow Cleave|p2a: Flutter Mane\n|-damage|p2a: Flutter Mane|0 fnt\n|faint|p2a: Flutter Mane\n|-end|p2a: Flutter Mane|Protosynthesis|[silent]\n|move|p2b: Ting-Lu|Ruination|p1a: Kingambit\n|-damage|p1a: Kingambit|43\/100\n|\n|-damage|p2b: Ting-Lu|88\/100 brn|[from] brn\n|upkeep\n|inactive|Benjigallade has 30 seconds left.\n|inactive|Benjigallade has 20 seconds left.\n|\n|t:|1682444538\n|switch|p2a: Palafin|Palafin-Hero, L50, F|100\/100\n|-activate|p2a: Palafin|ability: Zero to Hero\n|turn|3\n|\n|t:|1682444546\n|switch|p2b: Arcanine|Arcanine, L50, M, shiny|100\/100\n|-ability|p2b: Arcanine|Intimidate|boost\n|-unboost|p1a: Kingambit|atk|1\n|-ability|p1a: Kingambit|Defiant|boost\n|-boost|p1a: Kingambit|atk|2\n|-unboost|p1b: Amoonguss|atk|1\n|move|p2a: Palafin|Protect|p2a: Palafin\n|-singleturn|p2a: Palafin|Protect\n|move|p1b: Amoonguss|Rage Powder|p1b: Amoonguss\n|-singleturn|p1b: Amoonguss|move: Rage Powder\n|move|p1a: Kingambit|Kowtow Cleave|p2a: Palafin\n|-activate|p2a: Palafin|move: Protect\n|\n|upkeep\n|turn|4\n|inactive|TingLusing has 30 seconds left.\n|inactive|Benjigallade has 30 seconds left.\n|\n|t:|1682444582\n|-terastallize|p2b: Arcanine|Grass\n|move|p1a: Kingambit|Sucker Punch|p2b: Arcanine\n|-damage|p2b: Arcanine|0 fnt\n|faint|p2b: Arcanine\n|move|p2a: Palafin|Wave Crash|p1a: Kingambit\n|-damage|p1a: Kingambit|0 fnt\n|faint|p1a: Kingambit\n|-damage|p2a: Palafin|86\/100|[from] Recoil\n|move|p1b: Amoonguss|Spore|p2a: Palafin\n|-status|p2a: Palafin|slp|[from] move: Spore\n|\n|upkeep\n|\n|t:|1682444590\n|switch|p2b: Ting-Lu|Ting-Lu, L50|88\/100 brn\n|switch|p1a: Arcanine|Arcanine, L50, M|100\/100\n|-ability|p1a: Arcanine|Intimidate|boost\n|-unboost|p2a: Palafin|atk|1\n|-unboost|p2b: Ting-Lu|atk|1\n|-ability|p2b: Ting-Lu|Vessel of Ruin\n|turn|5\n|\n|t:|1682444605\n|switch|p1a: Flutter Mane|Flutter Mane, L50|100\/100\n|-enditem|p1a: Flutter Mane|Booster Energy\n|-activate|p1a: Flutter Mane|ability: Protosynthesis|[fromitem]\n|-start|p1a: Flutter Mane|protosynthesisspa\n|cant|p2a: Palafin|slp\n|move|p2b: Ting-Lu|Ruination|p1b: Amoonguss\n|-damage|p1b: Amoonguss|51\/100\n|move|p1b: Amoonguss|Pollen Puff|p1a: Flutter Mane\n|-immune|p1a: Flutter Mane\n|\n|-damage|p2b: Ting-Lu|82\/100 brn|[from] brn\n|upkeep\n|turn|6\n|\n|t:|1682444630\n|switch|p1b: Arcanine|Arcanine, L50, M|100\/100\n|-ability|p1b: Arcanine|Intimidate|boost\n|-unboost|p2a: Palafin|atk|1\n|-unboost|p2b: Ting-Lu|atk|1\n|-terastallize|p1a: Flutter Mane|Fairy\n|move|p1a: Flutter Mane|Moonblast|p2a: Palafin\n|-damage|p2a: Palafin|11\/100 slp\n|cant|p2a: Palafin|slp\n|move|p2b: Ting-Lu|Heavy Slam|p1a: Flutter Mane\n|-supereffective|p1a: Flutter Mane\n|-damage|p1a: Flutter Mane|65\/100\n|\n|-damage|p2b: Ting-Lu|76\/100 brn|[from] brn\n|upkeep\n|turn|7\n|\n|t:|1682444647\n|cant|p2a: Palafin|slp\n|move|p1b: Arcanine|Extreme Speed|p2a: Palafin\n|-damage|p2a: Palafin|0 fnt\n|faint|p2a: Palafin\n|move|p1a: Flutter Mane|Moonblast|p2b: Ting-Lu\n|-supereffective|p2b: Ting-Lu\n|-damage|p2b: Ting-Lu|11\/100 brn\n|-unboost|p2b: Ting-Lu|spa|1\n|move|p2b: Ting-Lu|Heavy Slam|p1a: Flutter Mane\n|-supereffective|p1a: Flutter Mane\n|-damage|p1a: Flutter Mane|27\/100\n|\n|-damage|p2b: Ting-Lu|5\/100 brn|[from] brn\n|upkeep\n|turn|8\n|-message|Benjigallade forfeited.\n|\n|win|TingLusing\n|raw|TingLusing's rating: 1429 → 1446<\/strong> (+17 for winning)\n|raw|Benjigallade's rating: 1369 → 1352<\/strong> (-17 for losing)\n|l|\u2606Benjigallade\n","uploadtime":1682444665,"views":8,"p1id":"tinglusing","p2id":"benjigallade","formatid":"gen9vgc2023regulationc","rating":1352,"private":0,"password":""}