{"id":"gen9vgc2023regulationc-1851738067","p1":"MLGmushroom","p2":"MareeohYT","format":"[Gen 9] VGC 2023 Regulation C","log":"|j|\u2606MLGmushroom\n|j|\u2606MareeohYT\n|t:|1682476316\n|gametype|doubles\n|player|p1|MLGmushroom|blue|1257\n|player|p2|MareeohYT|policeman-gen4|1349\n|teamsize|p1|6\n|teamsize|p2|6\n|gen|9\n|tier|[Gen 9] VGC 2023 Regulation C\n|rated|\n|rule|Species Clause: Limit one of each Pok\u00e9mon\n|rule|Item Clause: Limit one of each item\n|clearpoke\n|poke|p1|Chien-Pao, L50|\n|poke|p1|Roaring Moon, L50|\n|poke|p1|Flutter Mane, L50|\n|poke|p1|Amoonguss, L50, F|\n|poke|p1|Gyarados, L50, F|\n|poke|p1|Scizor, L50, M|\n|poke|p2|Abomasnow, L50, M|\n|poke|p2|Garchomp, L50, M|\n|poke|p2|Corviknight, L50, M|\n|poke|p2|Chi-Yu, L50|\n|poke|p2|Flutter Mane, L50|\n|poke|p2|Florges, L50, F|\n|teampreview|4\n|\n|t:|1682476362\n|start\n|switch|p1a: Gyarados|Gyarados, L50, F|100\/100\n|switch|p1b: Flutter Mane|Flutter Mane, L50|100\/100\n|switch|p2a: Corviknight|Corviknight, L50, M|100\/100\n|switch|p2b: Garchomp|Garchomp, L50, M|100\/100\n|-ability|p1a: Gyarados|Intimidate|boost\n|-ability|p2a: Corviknight|Mirror Armor\n|-unboost|p1a: Gyarados|atk|1\n|-fail|p2b: Garchomp|unboost|[from] item: Clear Amulet|[of] p2b: Garchomp\n|turn|1\n|\n|t:|1682476391\n|-terastallize|p2b: Garchomp|Fire\n|move|p1b: Flutter Mane|Protect|p1b: Flutter Mane\n|-singleturn|p1b: Flutter Mane|Protect\n|move|p2b: Garchomp|Rock Slide|p1b: Flutter Mane|[spread] p1a\n|-activate|p1b: Flutter Mane|move: Protect\n|-supereffective|p1a: Gyarados\n|-damage|p1a: Gyarados|59\/100\n|move|p1a: Gyarados|Thunder Wave|p2a: Corviknight\n|-status|p2a: Corviknight|par\n|move|p2a: Corviknight|Tailwind|p2a: Corviknight\n|-sidestart|p2: MareeohYT|move: Tailwind\n|\n|upkeep\n|turn|2\n|\n|t:|1682476414\n|move|p2b: Garchomp|Rock Slide|p1b: Flutter Mane|[spread] p1a,p1b\n|-supereffective|p1a: Gyarados\n|-damage|p1a: Gyarados|18\/100\n|-damage|p1b: Flutter Mane|65\/100\n|cant|p1b: Flutter Mane|flinch\n|move|p1a: Gyarados|Waterfall|p2b: Garchomp\n|-supereffective|p2b: Garchomp\n|-damage|p2b: Garchomp|49\/100\n|-damage|p1a: Gyarados|6\/100|[from] ability: Rough Skin|[of] p2b: Garchomp\n|move|p2a: Corviknight|Brave Bird|p1b: Flutter Mane\n|-damage|p1b: Flutter Mane|0 fnt\n|faint|p1b: Flutter Mane\n|-end|p1b: Flutter Mane|Protosynthesis|[silent]\n|-damage|p2a: Corviknight|86\/100 par|[from] Recoil\n|\n|upkeep\n|\n|t:|1682476424\n|switch|p1b: Scizor|Scizor, L50, M|100\/100\n|turn|3\n|\n|t:|1682476439\n|move|p1b: Scizor|Bullet Punch|p2b: Garchomp\n|-resisted|p2b: Garchomp\n|-damage|p2b: Garchomp|40\/100\n|-damage|p1b: Scizor|88\/100|[from] ability: Rough Skin|[of] p2b: Garchomp\n|move|p2b: Garchomp|Rock Slide|p1a: Gyarados|[spread] p1a,p1b\n|-supereffective|p1a: Gyarados\n|-damage|p1a: Gyarados|0 fnt\n|-damage|p1b: Scizor|69\/100\n|faint|p1a: Gyarados\n|cant|p2a: Corviknight|par\n|\n|upkeep\n|\n|t:|1682476441\n|switch|p1a: Chien-Pao|Chien-Pao, L50|100\/100\n|-ability|p1a: Chien-Pao|Sword of Ruin\n|turn|4\n|\n|t:|1682476459\n|move|p1a: Chien-Pao|Sucker Punch|p2b: Garchomp\n|-damage|p2b: Garchomp|0 fnt\n|-damage|p1a: Chien-Pao|88\/100|[from] ability: Rough Skin|[of] p2b: Garchomp\n|faint|p2b: Garchomp\n|move|p2a: Corviknight|Brave Bird|p1b: Scizor\n|-damage|p1b: Scizor|10\/100\n|-damage|p2a: Corviknight|69\/100 par|[from] Recoil\n|move|p1b: Scizor|Close Combat|p2a: Corviknight\n|-damage|p2a: Corviknight|18\/100 par\n|-unboost|p1b: Scizor|def|1\n|-unboost|p1b: Scizor|spd|1\n|-damage|p1b: Scizor|0 fnt|[from] item: Rocky Helmet|[of] p2a: Corviknight\n|faint|p1b: Scizor\n|\n|-sideend|p2: MareeohYT|move: Tailwind\n|upkeep\n|\n|t:|1682476466\n|switch|p2b: Chi-Yu|Chi-Yu, L50|100\/100\n|-ability|p2b: Chi-Yu|Beads of Ruin\n|turn|5\n|\n|t:|1682476472\n|-terastallize|p1a: Chien-Pao|Ghost\n|move|p1a: Chien-Pao|Sacred Sword|p2b: Chi-Yu\n|-supereffective|p2b: Chi-Yu\n|-damage|p2b: Chi-Yu|0 fnt\n|faint|p2b: Chi-Yu\n|move|p2a: Corviknight|Roost|p2a: Corviknight\n|-heal|p2a: Corviknight|68\/100 par\n|-singleturn|p2a: Corviknight|move: Roost\n|\n|upkeep\n|\n|t:|1682476476\n|switch|p2b: Florges|Florges, L50, F|100\/100\n|turn|6\n|\n|t:|1682476485\n|move|p1a: Chien-Pao|Ice Spinner|p2a: Corviknight\n|-damage|p2a: Corviknight|21\/100 par\n|-damage|p1a: Chien-Pao|72\/100|[from] item: Rocky Helmet|[of] p2a: Corviknight\n|move|p2b: Florges|Dazzling Gleam|p1a: Chien-Pao\n|-damage|p1a: Chien-Pao|9\/100\n|-damage|p2b: Florges|91\/100|[from] item: Life Orb\n|move|p2a: Corviknight|Roost|p2a: Corviknight\n|-heal|p2a: Corviknight|71\/100 par\n|-singleturn|p2a: Corviknight|move: Roost\n|\n|upkeep\n|turn|7\n|\n|t:|1682476490\n|move|p1a: Chien-Pao|Ice Spinner|p2a: Corviknight\n|-damage|p2a: Corviknight|23\/100 par\n|-damage|p1a: Chien-Pao|0 fnt|[from] item: Rocky Helmet|[of] p2a: Corviknight\n|faint|p1a: Chien-Pao\n|\n|win|MareeohYT\n|raw|MLGmushroom's rating: 1257 → 1238<\/strong> (-19 for losing)\n|raw|MareeohYT's rating: 1349 → 1364<\/strong> (+15 for winning)\n","uploadtime":1682476494,"views":9,"p1id":"mlgmushroom","p2id":"mareeohyt","formatid":"gen9vgc2023regulationc","rating":1238,"private":0,"password":""}