{"id":"gen9vgc2023regulationc-1853456255","p1":"FIGHT ON STARMAN","p2":"Atomic duck","format":"[Gen 9] VGC 2023 Regulation C","log":"|j|\u2606FIGHT ON STARMAN\n|j|\u2606Atomic duck\n|t:|1682687048\n|gametype|doubles\n|player|p1|FIGHT ON STARMAN|may-masters|1344\n|player|p2|Atomic duck|265|1293\n|teamsize|p1|6\n|teamsize|p2|6\n|gen|9\n|tier|[Gen 9] VGC 2023 Regulation C\n|rated|\n|rule|Species Clause: Limit one of each Pok\u00e9mon\n|rule|Item Clause: Limit one of each item\n|clearpoke\n|poke|p1|Pincurchin, L50, F|\n|poke|p1|Iron Hands, L50|\n|poke|p1|Palafin, L50, F|\n|poke|p1|Ting-Lu, L50|\n|poke|p1|Amoonguss, L50, F|\n|poke|p1|Flutter Mane, L50|\n|poke|p2|Kingambit, L50, M|\n|poke|p2|Palafin, L50, M|\n|poke|p2|Arcanine, L50, M|\n|poke|p2|Amoonguss, L50, M|\n|poke|p2|Baxcalibur, L50, F|\n|poke|p2|Flutter Mane, L50|\n|teampreview|4\n|inactive|Battle timer is ON: inactive players will automatically lose when time's up. (requested by Atomic duck)\nFIGHT ON STARMAN has agreed to open team sheets.\nAtomic duck has agreed to open team sheets.\n|inactive|Atomic duck has 60 seconds left.\n|inactive|Atomic duck has 30 seconds left.\n|inactive|Atomic duck has 20 seconds left.\n|inactive|Atomic duck has 15 seconds left.\n|\n|t:|1682687126\n|start\n|switch|p1a: STARMAN|Iron Hands, L50, shiny|100\/100\n|switch|p1b: BLAST|Palafin, L50, F, shiny|100\/100\n|switch|p2a: Amoonguss|Amoonguss, L50, M|100\/100\n|switch|p2b: Arcanine|Arcanine, L50, M|100\/100\n|-ability|p2b: Arcanine|Intimidate|boost\n|-unboost|p1a: STARMAN|atk|1\n|-unboost|p1b: BLAST|atk|1\n|turn|1\n|inactive|FIGHT ON STARMAN has 30 seconds left.\n|inactive|Atomic duck has 30 seconds left.\n|inactive|FIGHT ON STARMAN has 20 seconds left.\n|inactive|FIGHT ON STARMAN has 15 seconds left.\n|inactive|FIGHT ON STARMAN has 10 seconds left.\n|inactive|Atomic duck has 20 seconds left.\n|\n|t:|1682687174\n|move|p1a: STARMAN|Fake Out|p2a: Amoonguss\n|-damage|p2a: Amoonguss|90\/100\n|move|p1b: BLAST|Taunt|p2b: Arcanine\n|-start|p2b: Arcanine|move: Taunt\n|cant|p2b: Arcanine|move: Taunt|Will-O-Wisp\n|cant|p2a: Amoonguss|flinch\n|\n|upkeep\n|turn|2\n|\n|t:|1682687197\n|detailschange|p1b: BLAST|Palafin-Hero, L50, F, shiny\n|switch|p1b: CHU|Pincurchin, L50, F, shiny|100\/100\n|-fieldstart|move: Electric Terrain|[from] ability: Electric Surge|[of] p1b: CHU\n|-activate|p1a: STARMAN|ability: Quark Drive\n|-start|p1a: STARMAN|quarkdriveatk\n|switch|p2a: Flutter Mane|Flutter Mane, L50|100\/100\n|-enditem|p2a: Flutter Mane|Booster Energy\n|-activate|p2a: Flutter Mane|ability: Protosynthesis|[fromitem]\n|-start|p2a: Flutter Mane|protosynthesisspa\n|move|p2b: Arcanine|Flare Blitz|p1b: CHU\n|-damage|p1b: CHU|51\/100\n|-damage|p2b: Arcanine|88\/100|[from] Recoil\n|move|p1a: STARMAN|Wild Charge|p2b: Arcanine\n|-damage|p2b: Arcanine|25\/100\n|-damage|p1a: STARMAN|89\/100|[from] Recoil\n|\n|upkeep\n|turn|3\n|inactive|FIGHT ON STARMAN has 30 seconds left.\n|inactive|Atomic duck has 30 seconds left.\n|\n|t:|1682687223\n|-terastallize|p2a: Flutter Mane|Fairy\n|-terastallize|p1a: STARMAN|Water\n|move|p2a: Flutter Mane|Dazzling Gleam|p1b: CHU|[spread] p1a,p1b\n|-damage|p1a: STARMAN|52\/100\n|-damage|p1b: CHU|0 fnt\n|faint|p1b: CHU\n|move|p2b: Arcanine|Flare Blitz|p1a: STARMAN\n|-resisted|p1a: STARMAN\n|-damage|p1a: STARMAN|34\/100\n|-damage|p2b: Arcanine|17\/100|[from] Recoil\n|move|p1a: STARMAN|Wild Charge|p2a: Flutter Mane\n|-damage|p2a: Flutter Mane|18\/100\n|-damage|p1a: STARMAN|22\/100|[from] Recoil\n|\n|-end|p2b: Arcanine|move: Taunt\n|upkeep\n|\n|t:|1682687233\n|switch|p1b: BLAST|Palafin-Hero, L50, F, shiny|100\/100\n|-activate|p1b: BLAST|ability: Zero to Hero\n|turn|4\n|inactive|FIGHT ON STARMAN has 30 seconds left.\n|inactive|Atomic duck has 30 seconds left.\n|\n|t:|1682687261\n|move|p1b: BLAST|Jet Punch|p2a: Flutter Mane\n|-damage|p2a: Flutter Mane|0 fnt\n|faint|p2a: Flutter Mane\n|-end|p2a: Flutter Mane|Protosynthesis|[silent]\n|move|p2b: Arcanine|Will-O-Wisp|p1b: BLAST\n|-status|p1b: BLAST|brn\n|move|p1a: STARMAN|Drain Punch|p2b: Arcanine\n|-damage|p2b: Arcanine|0 fnt\n|-heal|p1a: STARMAN|28\/100|[from] drain|[of] p2b: Arcanine\n|faint|p2b: Arcanine\n|\n|-damage|p1b: BLAST|95\/100 brn|[from] brn\n|upkeep\n|\n|t:|1682687274\n|switch|p2a: Kingambit|Kingambit, L50, M|100\/100\n|switch|p2b: Amoonguss|Amoonguss, L50, M|100\/100\n|turn|5\n|inactive|FIGHT ON STARMAN has 30 seconds left.\n|\n|t:|1682687318\n|-end|p1a: STARMAN|Quark Drive|[silent]\n|switch|p1a: MISTRESS|Flutter Mane, L50, shiny|100\/100\n|move|p2b: Amoonguss|Rage Powder|p2b: Amoonguss\n|-singleturn|p2b: Amoonguss|move: Rage Powder\n|move|p2a: Kingambit|Sucker Punch||[still]\n|-fail|p2a: Kingambit\n|move|p1b: BLAST|Taunt|p2b: Amoonguss\n|-start|p2b: Amoonguss|move: Taunt\n|\n|-damage|p1b: BLAST|89\/100 brn|[from] brn\n|upkeep\n|turn|6\n|inactive|FIGHT ON STARMAN has 30 seconds left.\n|inactive|Atomic duck has 30 seconds left.\n|\n|t:|1682687345\n|move|p1a: MISTRESS|Moonblast|p2a: Kingambit\n|-damage|p2a: Kingambit|52\/100\n|move|p1b: BLAST|Wave Crash|p2a: Kingambit\n|-damage|p2a: Kingambit|18\/100\n|-damage|p1b: BLAST|77\/100 brn|[from] Recoil\n|move|p2a: Kingambit|Iron Head|p1a: MISTRESS\n|-supereffective|p1a: MISTRESS\n|-damage|p1a: MISTRESS|0 fnt\n|faint|p1a: MISTRESS\n|-end|p1a: MISTRESS|Protosynthesis|[silent]\n|move|p2b: Amoonguss|Pollen Puff|p2a: Kingambit\n|-heal|p2a: Kingambit|68\/100\n|\n|-damage|p1b: BLAST|71\/100 brn|[from] brn\n|upkeep\n|\n|t:|1682687351\n|switch|p1a: STARMAN|Iron Hands, L50, shiny, tera:Water|28\/100\n|-activate|p1a: STARMAN|ability: Quark Drive\n|-start|p1a: STARMAN|quarkdriveatk\n|turn|7\n|\n|t:|1682687369\n|move|p2a: Kingambit|Sucker Punch|p1a: STARMAN\n|-damage|p1a: STARMAN|1\/100\n|move|p1b: BLAST|Wave Crash|p2b: Amoonguss\n|-resisted|p2b: Amoonguss\n|-damage|p2b: Amoonguss|79\/100\n|-damage|p1b: BLAST|63\/100 brn|[from] Recoil\n|move|p1a: STARMAN|Drain Punch|p2a: Kingambit\n|-supereffective|p2a: Kingambit\n|-damage|p2a: Kingambit|0 fnt\n|-heal|p1a: STARMAN|27\/100|[from] drain|[of] p2a: Kingambit\n|faint|p2a: Kingambit\n|move|p2b: Amoonguss|Pollen Puff|p2: Kingambit|[notarget]\n|-fail|p2b: Amoonguss\n|\n|-damage|p1b: BLAST|57\/100 brn|[from] brn\n|upkeep\n|turn|8\n|-message|Atomic duck forfeited.\n|\n|win|FIGHT ON STARMAN\n|raw|FIGHT ON STARMAN's rating: 1344 → 1361<\/strong> (+17 for winning)\n|raw|Atomic duck's rating: 1293 → 1272<\/strong> (-21 for losing)\n|l|\u2606Atomic duck\n","uploadtime":1682687385,"views":11,"p1id":"fightonstarman","p2id":"atomicduck","formatid":"gen9vgc2023regulationc","rating":1272,"private":0,"password":""}