{"id":"gen9vgc2023regulationc-1846571177","p1":"natcentre","p2":"beckybug","format":"[Gen 9] VGC 2023 Regulation C","log":"|j|\u2606natcentre\n|j|\u2606beckybug\n|t:|1681852823\n|gametype|doubles\n|player|p1|natcentre|102|1505\n|player|p2|beckybug|rosa|1592\n|teamsize|p1|6\n|teamsize|p2|6\n|gen|9\n|tier|[Gen 9] VGC 2023 Regulation C\n|rated|\n|rule|Species Clause: Limit one of each Pok\u00e9mon\n|rule|Item Clause: Limit one of each item\n|clearpoke\n|poke|p1|Flutter Mane, L50|\n|poke|p1|Baxcalibur, L50, M|\n|poke|p1|Corviknight, L50, M|\n|poke|p1|Gastrodon, L50, M|\n|poke|p1|Chi-Yu, L50|\n|poke|p1|Gallade, L50, M|\n|poke|p2|Iron Bundle, L50|\n|poke|p2|Chi-Yu, L50|\n|poke|p2|Lycanroc, L50, F|\n|poke|p2|Tyranitar, L50, M|\n|poke|p2|Indeedee-F, L50, F|\n|poke|p2|Armarouge, L50, F|\n|teampreview|4\nnatcentre rejected open team sheets.\n|\n|t:|1681852870\n|start\n|switch|p1a: Suica|Baxcalibur, L50, M|100\/100\n|switch|p1b: Beyblade|Gallade, L50, M|100\/100\n|switch|p2a: Lycanroc|Lycanroc, L50, F|100\/100\n|switch|p2b: Tyranitar|Tyranitar, L50, M|100\/100\n|-weather|Sandstorm|[from] ability: Sand Stream|[of] p2b: Tyranitar\n|turn|1\n|\n|t:|1681852898\n|-terastallize|p1b: Beyblade|Flying\n|-terastallize|p2b: Tyranitar|Flying\n|move|p1b: Beyblade|Wide Guard|p1b: Beyblade\n|-singleturn|p1b: Beyblade|Wide Guard\n|move|p2a: Lycanroc|Close Combat|p1b: Beyblade\n|-resisted|p1b: Beyblade\n|-damage|p1b: Beyblade|81\/100\n|-unboost|p2a: Lycanroc|def|1\n|-unboost|p2a: Lycanroc|spd|1\n|move|p1a: Suica|Earthquake|p2b: Tyranitar|[spread] p2a\n|-activate|p1b: Beyblade|move: Wide Guard\n|-immune|p2b: Tyranitar\n|-supereffective|p2a: Lycanroc\n|-enditem|p2a: Lycanroc|Focus Sash\n|-damage|p2a: Lycanroc|1\/100\n|move|p2b: Tyranitar|Tera Blast|p1b: Beyblade\n|-damage|p1b: Beyblade|29\/100\n|\n|-weather|Sandstorm|[upkeep]\n|-damage|p1a: Suica|95\/100|[from] Sandstorm\n|-damage|p2b: Tyranitar|95\/100|[from] Sandstorm\n|upkeep\n|turn|2\n|\n|t:|1681852931\n|switch|p1b: Momentum|Corviknight, L50, M|100\/100\n|move|p2a: Lycanroc|Endure|p2a: Lycanroc\n|-singleturn|p2a: Lycanroc|move: Endure\n|move|p1a: Suica|Ice Shard|p2a: Lycanroc\n|-activate|p2a: Lycanroc|move: Endure\n|-damage|p2a: Lycanroc|1\/100\n|move|p2b: Tyranitar|Rock Slide|p1b: Momentum|[spread] p1b\n|-miss|p2b: Tyranitar|p1a: Suica\n|-damage|p1b: Momentum|76\/100\n|\n|-weather|Sandstorm|[upkeep]\n|-damage|p1a: Suica|89\/100|[from] Sandstorm\n|-damage|p2b: Tyranitar|89\/100|[from] Sandstorm\n|upkeep\n|turn|3\n|\n|t:|1681852956\n|switch|p2a: Iron Bundle|Iron Bundle, L50|100\/100\n|-enditem|p2a: Iron Bundle|Booster Energy\n|-activate|p2a: Iron Bundle|ability: Quark Drive|[fromitem]\n|-start|p2a: Iron Bundle|quarkdrivespe\n|move|p1a: Suica|Ice Shard|p2a: Iron Bundle\n|-resisted|p2a: Iron Bundle\n|-damage|p2a: Iron Bundle|94\/100\n|move|p2b: Tyranitar|Low Kick|p1a: Suica\n|-supereffective|p1a: Suica\n|-damage|p1a: Suica|8\/100\n|move|p1b: Momentum|Tailwind|p1b: Momentum\n|-sidestart|p1: natcentre|move: Tailwind\n|\n|-weather|Sandstorm|[upkeep]\n|-damage|p2a: Iron Bundle|88\/100|[from] Sandstorm\n|-damage|p1a: Suica|2\/100|[from] Sandstorm\n|-damage|p2b: Tyranitar|83\/100|[from] Sandstorm\n|upkeep\n|turn|4\n|\n|t:|1681852975\n|switch|p1a: Balanced|Flutter Mane, L50|100\/100\n|-enditem|p1a: Balanced|Booster Energy\n|-activate|p1a: Balanced|ability: Protosynthesis|[fromitem]\n|-start|p1a: Balanced|protosynthesisspa\n|move|p2a: Iron Bundle|Encore|p1b: Momentum\n|-start|p1b: Momentum|Encore\n|move|p1b: Momentum|Tailwind||[still]\n|-fail|p1b: Momentum\n|move|p2b: Tyranitar|Rock Slide|p1b: Momentum|[spread] p1a,p1b\n|-damage|p1a: Balanced|47\/100\n|-damage|p1b: Momentum|49\/100\n|\n|-weather|Sandstorm|[upkeep]\n|-damage|p1a: Balanced|41\/100|[from] Sandstorm\n|-damage|p2a: Iron Bundle|82\/100|[from] Sandstorm\n|-damage|p2b: Tyranitar|77\/100|[from] Sandstorm\n|upkeep\n|turn|5\n|\n|t:|1681852991\n|switch|p1b: Suica|Baxcalibur, L50, M|2\/100\n|move|p2a: Iron Bundle|Protect|p2a: Iron Bundle\n|-singleturn|p2a: Iron Bundle|Protect\n|move|p1a: Balanced|Power Gem|p2b: Tyranitar\n|-supereffective|p2b: Tyranitar\n|-damage|p2b: Tyranitar|38\/100\n|move|p2b: Tyranitar|Tera Blast|p1a: Balanced\n|-damage|p1a: Balanced|0 fnt\n|faint|p1a: Balanced\n|-end|p1a: Balanced|Protosynthesis|[silent]\n|\n|-weather|none\n|upkeep\n|\n|t:|1681853009\n|switch|p1a: Beyblade|Gallade, L50, M, tera:Flying|29\/100\n|turn|6\n|\n|t:|1681853027\n|switch|p2b: Lycanroc|Lycanroc, L50, F|1\/100\n|move|p1b: Suica|Ice Shard|p2b: Lycanroc\n|-damage|p2b: Lycanroc|0 fnt\n|faint|p2b: Lycanroc\n|move|p2a: Iron Bundle|Freeze-Dry|p1a: Beyblade\n|-supereffective|p1a: Beyblade\n|-damage|p1a: Beyblade|0 fnt\n|faint|p1a: Beyblade\n|\n|-sideend|p1: natcentre|move: Tailwind\n|upkeep\n|\n|t:|1681853041\n|switch|p2b: Tyranitar|Tyranitar, L50, M, tera:Flying|38\/100\n|switch|p1a: Momentum|Corviknight, L50, M|49\/100\n|-weather|Sandstorm|[from] ability: Sand Stream|[of] p2b: Tyranitar\n|turn|7\n|\n|t:|1681853052\n|move|p1b: Suica|Ice Shard|p2b: Tyranitar\n|-supereffective|p2b: Tyranitar\n|-damage|p2b: Tyranitar|0 fnt\n|faint|p2b: Tyranitar\n|move|p2a: Iron Bundle|Icy Wind|p1b: Suica|[spread] p1a,p1b\n|-damage|p1a: Momentum|29\/100\n|-damage|p1b: Suica|0 fnt\n|-ability|p1a: Momentum|Mirror Armor\n|-unboost|p2a: Iron Bundle|spe|1\n|faint|p1b: Suica\n|move|p1a: Momentum|Roost|p1a: Momentum\n|-heal|p1a: Momentum|79\/100\n|-singleturn|p1a: Momentum|move: Roost\n|\n|-weather|Sandstorm|[upkeep]\n|-damage|p2a: Iron Bundle|77\/100|[from] Sandstorm\n|upkeep\n|\n|t:|1681853066\n|switch|p2b: Chi-Yu|Chi-Yu, L50|100\/100\n|-ability|p2b: Chi-Yu|Beads of Ruin\n|turn|8\n|inactive|Battle timer is ON: inactive players will automatically lose when time's up. (requested by beckybug)\n|-message|natcentre forfeited.\n|\n|win|beckybug\n|raw|natcentre's rating: 1505 → 1490<\/strong> (-15 for losing)\n|raw|beckybug's rating: 1592 → 1607<\/strong> (+15 for winning)\n|l|\u2606natcentre\n","uploadtime":1681853246,"views":13,"p1id":"natcentre","p2id":"beckybug","formatid":"gen9vgc2023regulationc","rating":1490,"private":0,"password":""}