{"id":"gen9vgc2023regulationc-1855888536","p1":"SpadesTest","p2":"quick222","format":"[Gen 9] VGC 2023 Regulation C","log":"|j|\u2606SpadesTest\n|j|\u2606quick222\n|t:|1682996385\n|gametype|doubles\n|player|p1|SpadesTest|169|\n|player|p2|quick222|cynthia-gen4|\n|teamsize|p1|6\n|teamsize|p2|6\n|gen|9\n|tier|[Gen 9] VGC 2023 Regulation C\n|rule|Species Clause: Limit one of each Pok\u00e9mon\n|rule|Item Clause: Limit one of each item\n|clearpoke\n|poke|p1|Amoonguss, L50, F|\n|poke|p1|Palafin, L50, F|\n|poke|p1|Arcanine, L50, M|\n|poke|p1|Ting-Lu, L50|\n|poke|p1|Kingambit, L50, M|\n|poke|p1|Flutter Mane, L50|\n|poke|p2|Iron Moth, L50|\n|poke|p2|Pawmot, L50, F|\n|poke|p2|Iron Valiant, L50|\n|poke|p2|Pincurchin, L50, M|\n|poke|p2|Salamence, L50, F|\n|poke|p2|Gardevoir, L50, M|\n|teampreview|4\n|\n|t:|1682996465\n|start\n|switch|p1a: Tiki|Ting-Lu, L50|100\/100\n|switch|p1b: Fun Police|Arcanine, L50, M|100\/100\n|switch|p2a: Iron Moth|Iron Moth, L50|100\/100\n|switch|p2b: Pawmot|Pawmot, L50, F|100\/100\n|-ability|p1b: Fun Police|Intimidate|boost\n|-unboost|p2a: Iron Moth|atk|1\n|-unboost|p2b: Pawmot|atk|1\n|-ability|p1a: Tiki|Vessel of Ruin\n|turn|1\n|\n|t:|1682996488\n|-end|p2a: Iron Moth|Quark Drive|[silent]\n|switch|p2a: Salamence|Salamence, L50, F|100\/100\n|-ability|p2a: Salamence|Intimidate|boost\n|-unboost|p1a: Tiki|atk|1\n|-unboost|p1b: Fun Police|atk|1\n|-terastallize|p1b: Fun Police|Flying\n|move|p2b: Pawmot|Nuzzle|p1b: Fun Police\n|-supereffective|p1b: Fun Police\n|-damage|p1b: Fun Police|87\/100\n|-status|p1b: Fun Police|par\n|move|p1a: Tiki|Earthquake|p2b: Pawmot|[spread] p2b\n|-immune|p1b: Fun Police\n|-immune|p2a: Salamence\n|-supereffective|p2b: Pawmot\n|-crit|p2b: Pawmot\n|-enditem|p2b: Pawmot|Focus Sash\n|-damage|p2b: Pawmot|1\/100\n|move|p1b: Fun Police|Howl|p1b: Fun Police|[spread] p1a,p1b\n|-boost|p1a: Tiki|atk|1\n|-boost|p1b: Fun Police|atk|1\n|\n|upkeep\n|turn|2\n|\n|t:|1682996523\n|move|p1b: Fun Police|Extreme Speed|p2b: Pawmot\n|-damage|p2b: Pawmot|0 fnt\n|faint|p2b: Pawmot\n|move|p2a: Salamence|Iron Defense|p2a: Salamence\n|-boost|p2a: Salamence|def|2\n|move|p1a: Tiki|Ruination|p2a: Salamence\n|-damage|p2a: Salamence|50\/100\n|\n|upkeep\n|\n|t:|1682996536\n|switch|p2b: Iron Valiant|Iron Valiant, L50|100\/100\n|turn|3\n|inactive|Battle timer is ON: inactive players will automatically lose when time's up. (requested by SpadesTest)\n|j| SetsukuVGC\n|inactive|quick222 has 60 seconds left.\n|\n|t:|1682996642\n|switch|p1a: Imposter|Amoonguss, L50, F|100\/100\n|move|p2b: Iron Valiant|Close Combat|p1a: Imposter\n|-resisted|p1a: Imposter\n|-damage|p1a: Imposter|70\/100\n|-unboost|p2b: Iron Valiant|def|1\n|-unboost|p2b: Iron Valiant|spd|1\n|-damage|p2b: Iron Valiant|91\/100|[from] item: Life Orb\n|move|p2a: Salamence|Air Slash|p1b: Fun Police\n|-damage|p1b: Fun Police|60\/100 par\n|cant|p1b: Fun Police|flinch\n|\n|upkeep\n|turn|4\n|inactive|SpadesTest has 30 seconds left.\n|l| SetsukuVGC\n|\n|t:|1682996674\n|-end|p2b: Iron Valiant|Quark Drive|[silent]\n|switch|p2b: Iron Moth|Iron Moth, L50|100\/100\n|switch|p1b: Timeline|Flutter Mane, L50|100\/100\n|move|p2a: Salamence|Air Slash|p1b: Timeline\n|-damage|p1b: Timeline|73\/100\n|move|p1a: Imposter|Spore|p2b: Iron Moth\n|-status|p2b: Iron Moth|slp|[from] move: Spore\n|\n|upkeep\n|turn|5\n|inactive|quick222 has 30 seconds left.\n|inactive|quick222 has 20 seconds left.\n|inactive|quick222 has 15 seconds left.\n|\n|t:|1682996717\n|cant|p2b: Iron Moth|slp\n|move|p1b: Timeline|Shadow Ball|p2a: Salamence\n|-damage|p2a: Salamence|8\/100\n|move|p2a: Salamence|Air Slash|p1a: Imposter\n|-supereffective|p1a: Imposter\n|-damage|p1a: Imposter|17\/100\n|-enditem|p1a: Imposter|Sitrus Berry|[eat]\n|-heal|p1a: Imposter|42\/100|[from] item: Sitrus Berry\n|cant|p1a: Imposter|flinch\n|\n|upkeep\n|turn|6\n|j| SetsukuVGC\n|inactive|quick222 has 30 seconds left.\n|inactive|quick222 has 20 seconds left.\n|inactive|quick222 has 15 seconds left.\n|inactive|quick222 has 10 seconds left.\n|\n|t:|1682996763\n|switch|p1a: Tiki|Ting-Lu, L50|100\/100\n|-ability|p1a: Tiki|Vessel of Ruin\n|-terastallize|p2b: Iron Moth|Grass\n|cant|p2b: Iron Moth|slp\n|move|p1b: Timeline|Shadow Ball|p2a: Salamence\n|-damage|p2a: Salamence|0 fnt\n|faint|p2a: Salamence\n|\n|upkeep\n|\n|t:|1682996767\n|switch|p2a: Iron Valiant|Iron Valiant, L50|91\/100\n|turn|7\n|\n|t:|1682996783\n|switch|p1a: Fun Police|Arcanine, L50, M, tera:Flying|60\/100 par\n|-ability|p1a: Fun Police|Intimidate|boost\n|-unboost|p2a: Iron Valiant|atk|1\n|-unboost|p2b: Iron Moth|atk|1\n|move|p2a: Iron Valiant|Protect|p2a: Iron Valiant\n|-singleturn|p2a: Iron Valiant|Protect\n|-curestatus|p2b: Iron Moth|slp|[msg]\n|move|p2b: Iron Moth|Heat Wave|p1b: Timeline|[spread] p1a\n|-miss|p2b: Iron Moth|p1b: Timeline\n|-damage|p1a: Fun Police|2\/100 par\n|move|p1b: Timeline|Shadow Ball|p2a: Iron Valiant\n|-activate|p2a: Iron Valiant|move: Protect\n|\n|upkeep\n|turn|8\n|\n|t:|1682996801\n|cant|p1a: Fun Police|par\n|move|p2a: Iron Valiant|Spirit Break|p1b: Timeline\n|-damage|p1b: Timeline|24\/100\n|-unboost|p1b: Timeline|spa|1\n|-damage|p2a: Iron Valiant|82\/100|[from] item: Life Orb\n|move|p2b: Iron Moth|Heat Wave|p1a: Fun Police|[spread] p1a,p1b\n|-damage|p1a: Fun Police|0 fnt\n|-damage|p1b: Timeline|0 fnt\n|faint|p1a: Fun Police\n|faint|p1b: Timeline\n|-end|p1b: Timeline|Protosynthesis|[silent]\n|\n|upkeep\n|\n|t:|1682996807\n|switch|p1b: Imposter|Amoonguss, L50, F|75\/100\n|switch|p1a: Tiki|Ting-Lu, L50|100\/100\n|-ability|p1a: Tiki|Vessel of Ruin\n|turn|9\n|\n|t:|1682996820\n|move|p2a: Iron Valiant|Destiny Bond|p2a: Iron Valiant\n|-singlemove|p2a: Iron Valiant|Destiny Bond\n|move|p2b: Iron Moth|Heat Wave|p1b: Imposter|[spread] p1a\n|-miss|p2b: Iron Moth|p1b: Imposter\n|-damage|p1a: Tiki|82\/100\n|-status|p1a: Tiki|brn\n|move|p1a: Tiki|Ruination|p2b: Iron Moth\n|-damage|p2b: Iron Moth|51\/100\n|move|p1b: Imposter|Spore|p2a: Iron Valiant\n|-status|p2a: Iron Valiant|slp|[from] move: Spore\n|\n|-damage|p1a: Tiki|76\/100 brn|[from] brn\n|upkeep\n|turn|10\n|\n|t:|1682996842\n|cant|p2a: Iron Valiant|slp\n|move|p2b: Iron Moth|Heat Wave|p1a: Tiki|[spread] p1a,p1b\n|-supereffective|p1b: Imposter\n|-damage|p1a: Tiki|58\/100 brn\n|-damage|p1b: Imposter|4\/100\n|move|p1a: Tiki|Ruination|p2b: Iron Moth\n|-damage|p2b: Iron Moth|26\/100\n|move|p1b: Imposter|Pollen Puff|p2b: Iron Moth\n|-supereffective|p2b: Iron Moth\n|-damage|p2b: Iron Moth|0 fnt\n|faint|p2b: Iron Moth\n|-end|p2b: Iron Moth|Quark Drive|[silent]\n|\n|-damage|p1a: Tiki|52\/100 brn|[from] brn\n|upkeep\n|turn|11\n|\n|t:|1682996862\n|-curestatus|p2a: Iron Valiant|slp|[msg]\n|move|p2a: Iron Valiant|Spirit Break|p1b: Imposter\n|-resisted|p1b: Imposter\n|-damage|p1b: Imposter|0 fnt\n|faint|p1b: Imposter\n|-damage|p2a: Iron Valiant|72\/100|[from] item: Life Orb\n|move|p1a: Tiki|Heavy Slam|p2a: Iron Valiant\n|-supereffective|p2a: Iron Valiant\n|-damage|p2a: Iron Valiant|23\/100\n|\n|-damage|p1a: Tiki|46\/100 brn|[from] brn\n|upkeep\n|turn|12\n|\n|t:|1682996868\n|move|p2a: Iron Valiant|Protect|p2a: Iron Valiant\n|-singleturn|p2a: Iron Valiant|Protect\n|move|p1a: Tiki|Heavy Slam|p2a: Iron Valiant\n|-activate|p2a: Iron Valiant|move: Protect\n|\n|-damage|p1a: Tiki|39\/100 brn|[from] brn\n|upkeep\n|turn|13\n|\n|t:|1682996872\n|move|p2a: Iron Valiant|Close Combat|p1a: Tiki\n|-supereffective|p1a: Tiki\n|-damage|p1a: Tiki|0 fnt\n|-unboost|p2a: Iron Valiant|def|1\n|-unboost|p2a: Iron Valiant|spd|1\n|faint|p1a: Tiki\n|-damage|p2a: Iron Valiant|13\/100|[from] item: Life Orb\n|\n|win|quick222\n|c|\u2606quick222|ggs\n","uploadtime":1682996879,"views":14,"p1id":"spadestest","p2id":"quick222","formatid":"gen9vgc2023regulationc","rating":0,"private":0,"password":""}