{"id":"gen9vgc2023regulationc-1851764812","p1":"r3gCt3st","p2":"Aguny","format":"[Gen 9] VGC 2023 Regulation C","log":"|j|\u2606r3gCt3st\n|j|\u2606Aguny\n|t:|1682480036\n|gametype|doubles\n|player|p1|r3gCt3st|unknown|1259\n|player|p2|Aguny|roxie|1287\n|teamsize|p1|4\n|teamsize|p2|6\n|gen|9\n|tier|[Gen 9] VGC 2023 Regulation C\n|rated|\n|rule|Species Clause: Limit one of each Pok\u00e9mon\n|rule|Item Clause: Limit one of each item\n|clearpoke\n|poke|p1|Drifblim, L50, M|\n|poke|p1|Annihilape, L50, M|\n|poke|p1|Indeedee-F, L50, F|\n|poke|p1|Maushold-Four, L50|\n|poke|p2|Grimmsnarl, L50, M|\n|poke|p2|Volcarona, L50, F|\n|poke|p2|Annihilape, L50, M|\n|poke|p2|Garganacl, L50, M|\n|poke|p2|Amoonguss, L50, M|\n|poke|p2|Gholdengo, L50|\n|teampreview|4\n|\n|t:|1682480068\n|start\n|switch|p1a: Drifblim|Drifblim, L50, M|100\/100\n|switch|p1b: Annihilape|Annihilape, L50, M|100\/100\n|switch|p2a: Grimmsnarl|Grimmsnarl, L50, M|100\/100\n|switch|p2b: Gholdengo|Gholdengo, L50|100\/100\n|turn|1\n|inactive|Battle timer is ON: inactive players will automatically lose when time's up. (requested by Aguny)\n|\n|t:|1682480089\n|-terastallize|p1b: Annihilape|Fire\n|move|p2a: Grimmsnarl|Reflect|p2a: Grimmsnarl\n|-sidestart|p2: Aguny|Reflect\n|move|p2b: Gholdengo|Shadow Ball|p1b: Annihilape\n|-damage|p1b: Annihilape|67\/100\n|-unboost|p1b: Annihilape|spd|1\n|-ability|p1b: Annihilape|Defiant|boost\n|-boost|p1b: Annihilape|atk|2\n|move|p1b: Annihilape|Bulk Up|p1b: Annihilape\n|-boost|p1b: Annihilape|atk|1\n|-boost|p1b: Annihilape|def|1\n|move|p1a: Drifblim|Skill Swap|p1b: Annihilape\n|-activate|p1a: Drifblim|move: Skill Swap|||[of] p1b: Annihilape\n|\n|upkeep\n|turn|2\n|inactive|Aguny has 30 seconds left.\n|inactive|Aguny has 20 seconds left.\n|inactive|Aguny has 15 seconds left.\n|\n|t:|1682480132\n|switch|p1a: Indeedee|Indeedee-F, L50, F|100\/100\n|-fieldstart|move: Psychic Terrain|[from] ability: Psychic Surge|[of] p1a: Indeedee\n|-enditem|p1b: Annihilape|Psychic Seed\n|-boost|p1b: Annihilape|spd|1|[from] item: Psychic Seed\n|switch|p2a: Volcarona|Volcarona, L50, F|100\/100\n|move|p2b: Gholdengo|Protect|p2b: Gholdengo\n|-singleturn|p2b: Gholdengo|Protect\n|move|p1b: Annihilape|Rage Fist|p2b: Gholdengo\n|-activate|p2b: Gholdengo|move: Protect\n|\n|upkeep\n|turn|3\n|inactive|Aguny has 30 seconds left.\n|\n|t:|1682480162\n|switch|p2b: Garganacl|Garganacl, L50, M|100\/100\n|-terastallize|p2a: Volcarona|Water\n|move|p1b: Annihilape|Rage Fist|p2a: Volcarona\n|-damage|p2a: Volcarona|0 fnt\n|faint|p2a: Volcarona\n|move|p1a: Indeedee|Heal Pulse|p1b: Annihilape\n|-heal|p1b: Annihilape|100\/100\n|\n|upkeep\n|\n|t:|1682480174\n|switch|p2a: Gholdengo|Gholdengo, L50|100\/100\n|turn|4\n|\n|t:|1682480182\n|move|p1a: Indeedee|Helping Hand|p1b: Annihilape\n|-singleturn|p1b: Annihilape|Helping Hand|[of] p1a: Indeedee\n|move|p2a: Gholdengo|Protect|p2a: Gholdengo\n|-singleturn|p2a: Gholdengo|Protect\n|move|p1b: Annihilape|Drain Punch|p2b: Garganacl\n|-supereffective|p2b: Garganacl\n|-damage|p2b: Garganacl|11\/100\n|-damage|p1b: Annihilape|84\/100|[from] item: Rocky Helmet|[of] p2b: Garganacl\n|move|p2b: Garganacl|Salt Cure|p1b: Annihilape\n|-supereffective|p1b: Annihilape\n|-damage|p1b: Annihilape|67\/100\n|-start|p1b: Annihilape|Salt Cure\n|\n|-damage|p1b: Annihilape|55\/100|[from] Salt Cure\n|upkeep\n|turn|5\n|\n|t:|1682480204\n|move|p1b: Annihilape|Rage Fist|p2a: Gholdengo\n|-supereffective|p2a: Gholdengo\n|-damage|p2a: Gholdengo|0 fnt\n|faint|p2a: Gholdengo\n|move|p1a: Indeedee|Heal Pulse|p1b: Annihilape\n|-heal|p1b: Annihilape|100\/100\n|move|p2b: Garganacl|Recover|p2b: Garganacl\n|-heal|p2b: Garganacl|61\/100\n|\n|-damage|p1b: Annihilape|88\/100|[from] Salt Cure\n|upkeep\n|\n|t:|1682480216\n|switch|p2a: Grimmsnarl|Grimmsnarl, L50, M|100\/100\n|turn|6\n|\n|t:|1682480228\n|move|p1b: Annihilape|Drain Punch|p2a: Grimmsnarl\n|-damage|p2a: Grimmsnarl|47\/100\n|-heal|p1b: Annihilape|100\/100|[from] drain|[of] p2a: Grimmsnarl\n|move|p1a: Indeedee|Dazzling Gleam|p2b: Garganacl|[spread] p2a,p2b\n|-supereffective|p2a: Grimmsnarl\n|-damage|p2a: Grimmsnarl|25\/100\n|-damage|p2b: Garganacl|50\/100\n|move|p2a: Grimmsnarl|Spirit Break|p1a: Indeedee\n|-damage|p1a: Indeedee|70\/100\n|-unboost|p1a: Indeedee|spa|1\n|-damage|p2a: Grimmsnarl|9\/100|[from] item: Rocky Helmet|[of] p1a: Indeedee\n|move|p2b: Garganacl|Salt Cure|p1b: Annihilape\n|-supereffective|p1b: Annihilape\n|-damage|p1b: Annihilape|86\/100\n|\n|-damage|p1b: Annihilape|73\/100|[from] Salt Cure\n|-fieldend|move: Psychic Terrain\n|upkeep\n|turn|7\n|\n|t:|1682480252\n|move|p1b: Annihilape|Drain Punch|p2b: Garganacl\n|-supereffective|p2b: Garganacl\n|-damage|p2b: Garganacl|0 fnt\n|-heal|p1b: Annihilape|96\/100|[from] drain|[of] p2b: Garganacl\n|-damage|p1b: Annihilape|80\/100|[from] item: Rocky Helmet|[of] p2b: Garganacl\n|faint|p2b: Garganacl\n|move|p1a: Indeedee|Dazzling Gleam|p2a: Grimmsnarl\n|-supereffective|p2a: Grimmsnarl\n|-damage|p2a: Grimmsnarl|0 fnt\n|faint|p2a: Grimmsnarl\n|\n|win|r3gCt3st\n|raw|r3gCt3st's rating: 1259 → 1286<\/strong> (+27 for winning)\n|raw|Aguny's rating: 1287 → 1260<\/strong> (-27 for losing)\n","uploadtime":1682480257,"views":12,"p1id":"r3gct3st","p2id":"aguny","formatid":"gen9vgc2023regulationc","rating":1260,"private":0,"password":""}