{"id":"gen9vgc2023regulationc-1863489959","p1":"SeveralNonSense","p2":"TheAlmightySo","format":"[Gen 9] VGC 2023 Regulation C","log":"|j|\u2606SeveralNonSense\n|j|\u2606TheAlmightySo\n|t:|1684024399\n|gametype|doubles\n|player|p1|SeveralNonSense|guitarist|1163\n|player|p2|TheAlmightySo|102|1252\n|teamsize|p1|6\n|teamsize|p2|6\n|gen|9\n|tier|[Gen 9] VGC 2023 Regulation C\n|rated|\n|rule|Species Clause: Limit one of each Pok\u00e9mon\n|rule|Item Clause: Limit one of each item\n|clearpoke\n|poke|p1|Iron Bundle, L50|\n|poke|p1|Iron Hands, L50|\n|poke|p1|Gholdengo, L50|\n|poke|p1|Roaring Moon, L50|\n|poke|p1|Clodsire, L50, M|\n|poke|p1|Skeledirge, L50, M|\n|poke|p2|Flutter Mane, L50|\n|poke|p2|Orthworm, L50, F|\n|poke|p2|Ting-Lu, L50|\n|poke|p2|Dragonite, L50, F|\n|poke|p2|Gyarados, L50, F|\n|poke|p2|Chien-Pao, L50|\n|teampreview|4\n|\n|t:|1684024412\n|start\n|switch|p1a: Iron Bundle|Iron Bundle, L50|100\/100\n|switch|p1b: Gholdengo|Gholdengo, L50|100\/100\n|switch|p2a: Orthworm|Orthworm, L50, F|100\/100\n|switch|p2b: Ting-Lu|Ting-Lu, L50|100\/100\n|-ability|p2b: Ting-Lu|Vessel of Ruin\n|turn|1\n|\n|t:|1684024421\n|switch|p1b: Iron Hands|Iron Hands, L50|100\/100\n|move|p1a: Iron Bundle|Icy Wind|p2a: Orthworm|[spread] p2a,p2b\n|-resisted|p2a: Orthworm\n|-supereffective|p2b: Ting-Lu\n|-damage|p2a: Orthworm|91\/100\n|-damage|p2b: Ting-Lu|85\/100\n|-unboost|p2a: Orthworm|spe|1\n|-unboost|p2b: Ting-Lu|spe|1\n|move|p2a: Orthworm|Iron Defense|p2a: Orthworm\n|-boost|p2a: Orthworm|def|2\n|move|p2b: Ting-Lu|Earthquake|p1b: Iron Hands|[spread] p1a,p1b\n|-heal|p2a: Orthworm|100\/100|[from] ability: Earth Eater|[of] p2b: Ting-Lu\n|-supereffective|p1b: Iron Hands\n|-damage|p1a: Iron Bundle|61\/100\n|-damage|p1b: Iron Hands|58\/100\n|\n|-heal|p1b: Iron Hands|64\/100|[from] item: Leftovers\n|upkeep\n|turn|2\n|\n|t:|1684024438\n|move|p1a: Iron Bundle|Icy Wind|p2b: Ting-Lu|[spread] p2a,p2b\n|-resisted|p2a: Orthworm\n|-supereffective|p2b: Ting-Lu\n|-crit|p2b: Ting-Lu\n|-damage|p2a: Orthworm|91\/100\n|-damage|p2b: Ting-Lu|65\/100\n|-unboost|p2a: Orthworm|spe|1\n|-unboost|p2b: Ting-Lu|spe|1\n|move|p1b: Iron Hands|Drain Punch|p2b: Ting-Lu\n|-supereffective|p2b: Ting-Lu\n|-damage|p2b: Ting-Lu|6\/100\n|-heal|p1b: Iron Hands|91\/100|[from] drain|[of] p2b: Ting-Lu\n|move|p2a: Orthworm|Iron Defense|p2a: Orthworm\n|-boost|p2a: Orthworm|def|2\n|move|p2b: Ting-Lu|Earthquake|p1a: Iron Bundle|[spread] p1a,p1b\n|-heal|p2a: Orthworm|100\/100|[from] ability: Earth Eater|[of] p2b: Ting-Lu\n|-supereffective|p1b: Iron Hands\n|-damage|p1a: Iron Bundle|19\/100\n|-damage|p1b: Iron Hands|49\/100\n|\n|-heal|p1b: Iron Hands|55\/100|[from] item: Leftovers\n|upkeep\n|turn|3\n|\n|t:|1684024459\n|move|p1a: Iron Bundle|Icy Wind|p2a: Orthworm|[spread] p2a,p2b\n|-resisted|p2a: Orthworm\n|-supereffective|p2b: Ting-Lu\n|-damage|p2a: Orthworm|92\/100\n|-damage|p2b: Ting-Lu|0 fnt\n|-unboost|p2a: Orthworm|spe|1\n|faint|p2b: Ting-Lu\n|move|p1b: Iron Hands|Drain Punch|p2a: Orthworm\n|-supereffective|p2a: Orthworm\n|-damage|p2a: Orthworm|71\/100\n|-heal|p1b: Iron Hands|62\/100|[from] drain|[of] p2a: Orthworm\n|move|p2a: Orthworm|Body Press|p1b: Iron Hands\n|-damage|p1b: Iron Hands|3\/100\n|\n|-heal|p1b: Iron Hands|9\/100|[from] item: Leftovers\n|upkeep\n|\n|t:|1684024472\n|switch|p2b: Flutter Mane|Flutter Mane, L50|100\/100\n|-enditem|p2b: Flutter Mane|Booster Energy\n|-activate|p2b: Flutter Mane|ability: Protosynthesis|[fromitem]\n|-start|p2b: Flutter Mane|protosynthesisspa\n|turn|4\n|\n|t:|1684024486\n|-end|p1a: Iron Bundle|Quark Drive|[silent]\n|switch|p1a: Skeledirge|Skeledirge, L50, M|100\/100\n|move|p1b: Iron Hands|Detect|p1b: Iron Hands\n|-singleturn|p1b: Iron Hands|Protect\n|move|p2b: Flutter Mane|Dazzling Gleam|p1b: Iron Hands|[spread] p1a\n|-activate|p1b: Iron Hands|move: Protect\n|-resisted|p1a: Skeledirge\n|-damage|p1a: Skeledirge|83\/100\n|move|p2a: Orthworm|Body Press|p1a: Skeledirge\n|-immune|p1a: Skeledirge\n|\n|-heal|p1b: Iron Hands|15\/100|[from] item: Leftovers\n|upkeep\n|turn|5\n|\n|t:|1684024506\n|move|p2b: Flutter Mane|Shadow Ball|p1a: Skeledirge\n|-supereffective|p1a: Skeledirge\n|-damage|p1a: Skeledirge|0 fnt\n|faint|p1a: Skeledirge\n|move|p1b: Iron Hands|Wild Charge|p2a: Orthworm\n|-damage|p2a: Orthworm|59\/100\n|-damage|p1b: Iron Hands|14\/100|[from] Recoil\n|move|p2a: Orthworm|Body Press|p1b: Iron Hands\n|-damage|p1b: Iron Hands|0 fnt\n|faint|p1b: Iron Hands\n|-end|p1b: Iron Hands|Quark Drive|[silent]\n|\n|upkeep\n|\n|t:|1684024510\n|switch|p1a: Gholdengo|Gholdengo, L50|100\/100\n|switch|p1b: Iron Bundle|Iron Bundle, L50|19\/100\n|turn|6\n|\n|t:|1684024523\n|-terastallize|p1a: Gholdengo|Water\n|move|p1b: Iron Bundle|Icy Wind|p2a: Orthworm|[spread] p2a,p2b\n|-resisted|p2a: Orthworm\n|-damage|p2a: Orthworm|46\/100\n|-damage|p2b: Flutter Mane|77\/100\n|-unboost|p2a: Orthworm|spe|1\n|-unboost|p2b: Flutter Mane|spe|1\n|-enditem|p2a: Orthworm|Sitrus Berry|[eat]\n|-heal|p2a: Orthworm|71\/100|[from] item: Sitrus Berry\n|move|p1a: Gholdengo|Make It Rain|p2b: Flutter Mane|[spread] p2a,p2b\n|-resisted|p2a: Orthworm\n|-supereffective|p2b: Flutter Mane\n|-damage|p2a: Orthworm|30\/100\n|-damage|p2b: Flutter Mane|0 fnt\n|-unboost|p1a: Gholdengo|spa|1\n|faint|p2b: Flutter Mane\n|-end|p2b: Flutter Mane|Protosynthesis|[silent]\n|move|p2a: Orthworm|Heavy Slam|p1a: Gholdengo\n|-resisted|p1a: Gholdengo\n|-damage|p1a: Gholdengo|81\/100\n|\n|upkeep\n|\n|t:|1684024541\n|switch|p2b: Gyarados|Gyarados, L50, F|100\/100\n|-ability|p2b: Gyarados|Intimidate|boost\n|-unboost|p1a: Gholdengo|atk|1\n|-unboost|p1b: Iron Bundle|atk|1\n|turn|7\n|\n|t:|1684024551\n|move|p1b: Iron Bundle|Freeze-Dry|p2b: Gyarados\n|-supereffective|p2b: Gyarados\n|-damage|p2b: Gyarados|0 fnt\n|faint|p2b: Gyarados\n|move|p1a: Gholdengo|Make It Rain|p2a: Orthworm\n|-resisted|p2a: Orthworm\n|-damage|p2a: Orthworm|0 fnt\n|-unboost|p1a: Gholdengo|spa|1\n|faint|p2a: Orthworm\n|\n|win|SeveralNonSense\n|raw|SeveralNonSense's rating: 1163 → 1194<\/strong> (+31 for winning)\n|raw|TheAlmightySo's rating: 1252 → 1221<\/strong> (-31 for losing)\n","uploadtime":1684024563,"views":8,"p1id":"severalnonsense","p2id":"thealmightyso","formatid":"gen9vgc2023regulationc","rating":1194,"private":0,"password":""}