{"id":"gen9vgc2023regulationc-1864044850","p1":"G3rd","p2":"spokonta","format":"[Gen 9] VGC 2023 Regulation C","log":"|j|\u2606G3rd\n|j|\u2606spokonta\n|t:|1684109689\n|gametype|doubles\n|player|p1|G3rd|giovanni|1490\n|player|p2|spokonta|169|1534\n|teamsize|p1|6\n|teamsize|p2|6\n|gen|9\n|tier|[Gen 9] VGC 2023 Regulation C\n|rated|\n|rule|Species Clause: Limit one of each Pok\u00e9mon\n|rule|Item Clause: Limit one of each item\n|clearpoke\n|poke|p1|Annihilape, L50, M|\n|poke|p1|Maushold-Four, L50|\n|poke|p1|Chien-Pao, L50|\n|poke|p1|Dragonite, L50, M|\n|poke|p1|Ting-Lu, L50|\n|poke|p1|Florges-Blue, L50, F|\n|poke|p2|Gyarados, L50, F|\n|poke|p2|Flutter Mane, L50|\n|poke|p2|Great Tusk, L50|\n|poke|p2|Murkrow, L50, M|\n|poke|p2|Brute Bonnet, L50|\n|poke|p2|Chi-Yu, L50|\n|teampreview|4\n|inactive|Battle timer is ON: inactive players will automatically lose when time's up. (requested by G3rd)\nG3rd has agreed to open team sheets.\n|\n|t:|1684109712\n|start\n|switch|p1a: Annihilape|Annihilape, L50, M|100\/100\n|switch|p1b: Ting-Lu|Ting-Lu, L50|100\/100\n|switch|p2a: Chi-Yu|Chi-Yu, L50|100\/100\n|switch|p2b: Flutter Mane|Flutter Mane, L50|100\/100\n|-ability|p2a: Chi-Yu|Beads of Ruin\n|-ability|p1b: Ting-Lu|Vessel of Ruin\n|turn|1\n|\n|t:|1684109732\n|-terastallize|p2a: Chi-Yu|Grass\n|-terastallize|p1a: Annihilape|Fire\n|move|p2b: Flutter Mane|Dazzling Gleam|p1b: Ting-Lu|[spread] p1a,p1b\n|-resisted|p1a: Annihilape\n|-supereffective|p1b: Ting-Lu\n|-damage|p1a: Annihilape|80\/100\n|-damage|p1b: Ting-Lu|53\/100\n|move|p2a: Chi-Yu|Tera Blast|p1b: Ting-Lu\n|-supereffective|p1b: Ting-Lu\n|-damage|p1b: Ting-Lu|16\/100\n|move|p1a: Annihilape|Drain Punch|p2a: Chi-Yu\n|-damage|p2a: Chi-Yu|55\/100\n|-heal|p1a: Annihilape|98\/100|[from] drain|[of] p2a: Chi-Yu\n|move|p1b: Ting-Lu|Heavy Slam|p2b: Flutter Mane\n|-supereffective|p2b: Flutter Mane\n|-damage|p2b: Flutter Mane|0 fnt\n|faint|p2b: Flutter Mane\n|-end|p2b: Flutter Mane|Protosynthesis|[silent]\n|\n|-heal|p1a: Annihilape|100\/100|[from] item: Leftovers\n|upkeep\n|\n|t:|1684109742\n|switch|p2b: Great Tusk|Great Tusk, L50|100\/100\n|turn|2\n|inactive|G3rd has 30 seconds left.\n|\n|t:|1684109769\n|switch|p1a: Dragonite|Dragonite, L50, M|100\/100\n|move|p2a: Chi-Yu|Protect|p2a: Chi-Yu\n|-singleturn|p2a: Chi-Yu|Protect\n|move|p2b: Great Tusk|Earthquake|p1b: Ting-Lu|[spread] p1b\n|-activate|p2a: Chi-Yu|move: Protect\n|-immune|p1a: Dragonite\n|-damage|p1b: Ting-Lu|0 fnt\n|faint|p1b: Ting-Lu\n|\n|upkeep\n|\n|t:|1684109778\n|switch|p1b: Maushold|Maushold-Four, L50|100\/100\n|turn|3\n|\n|t:|1684109792\n|-end|p2b: Great Tusk|Protosynthesis|[silent]\n|switch|p2b: Brute Bonnet|Brute Bonnet, L50|100\/100\n|move|p2a: Chi-Yu|Heat Wave|p1a: Dragonite|[spread] p1a,p1b\n|-resisted|p1a: Dragonite\n|-damage|p1a: Dragonite|91\/100\n|-damage|p1b: Maushold|46\/100\n|move|p1b: Maushold|Super Fang|p2b: Brute Bonnet\n|-damage|p2b: Brute Bonnet|50\/100\n|move|p1a: Dragonite|Outrage|p2a: Chi-Yu\n|-damage|p2a: Chi-Yu|0 fnt\n|faint|p2a: Chi-Yu\n|\n|upkeep\n|\n|t:|1684109804\n|switch|p2a: Great Tusk|Great Tusk, L50|100\/100\n|turn|4\n|\n|t:|1684109820\n|move|p1b: Maushold|Protect|p1b: Maushold\n|-singleturn|p1b: Maushold|Protect\n|move|p2b: Brute Bonnet|Sucker Punch|p1a: Dragonite\n|-damage|p1a: Dragonite|56\/100\n|move|p2a: Great Tusk|Rock Slide|p1a: Dragonite|[spread] p1a\n|-activate|p1b: Maushold|move: Protect\n|-supereffective|p1a: Dragonite\n|-damage|p1a: Dragonite|20\/100\n|move|p1a: Dragonite|Outrage|p2a: Great Tusk|[from]lockedmove\n|-damage|p2a: Great Tusk|25\/100\n|\n|upkeep\n|turn|5\n|\n|t:|1684109837\n|move|p1b: Maushold|Follow Me|p1b: Maushold\n|-singleturn|p1b: Maushold|move: Follow Me\n|move|p2b: Brute Bonnet|Sucker Punch||[still]\n|-fail|p2b: Brute Bonnet\n|move|p2a: Great Tusk|Rock Slide|p1a: Dragonite|[spread] p1a,p1b\n|-supereffective|p1a: Dragonite\n|-damage|p1a: Dragonite|0 fnt\n|-damage|p1b: Maushold|24\/100\n|faint|p1a: Dragonite\n|\n|upkeep\n|\n|t:|1684109844\n|switch|p1a: Annihilape|Annihilape, L50, M, tera:Fire|100\/100\n|turn|6\n|\n|t:|1684109858\n|move|p1b: Maushold|Follow Me|p1b: Maushold\n|-singleturn|p1b: Maushold|move: Follow Me\n|move|p2b: Brute Bonnet|Rage Powder|p2b: Brute Bonnet\n|-singleturn|p2b: Brute Bonnet|move: Rage Powder\n|move|p2a: Great Tusk|Rock Slide|p1b: Maushold|[spread] p1a,p1b\n|-supereffective|p1a: Annihilape\n|-damage|p1a: Annihilape|68\/100\n|-damage|p1b: Maushold|4\/100\n|move|p1a: Annihilape|Rage Fist|p2b: Brute Bonnet\n|-resisted|p2b: Brute Bonnet\n|-damage|p2b: Brute Bonnet|23\/100\n|\n|-heal|p1a: Annihilape|74\/100|[from] item: Leftovers\n|upkeep\n|turn|7\n|\n|t:|1684109882\n|move|p1b: Maushold|Follow Me|p1b: Maushold\n|-singleturn|p1b: Maushold|move: Follow Me\n|move|p2b: Brute Bonnet|Rage Powder|p2b: Brute Bonnet\n|-singleturn|p2b: Brute Bonnet|move: Rage Powder\n|move|p2a: Great Tusk|Rock Slide|p1b: Maushold|[spread] p1a,p1b\n|-supereffective|p1a: Annihilape\n|-damage|p1a: Annihilape|46\/100\n|-damage|p1b: Maushold|0 fnt\n|faint|p1b: Maushold\n|cant|p1a: Annihilape|flinch\n|\n|-heal|p1a: Annihilape|52\/100|[from] item: Leftovers\n|upkeep\n|turn|8\n|\n|t:|1684109893\n|move|p1a: Annihilape|Protect|p1a: Annihilape\n|-singleturn|p1a: Annihilape|Protect\n|move|p2b: Brute Bonnet|Sucker Punch||[still]\n|-fail|p2b: Brute Bonnet\n|move|p2a: Great Tusk|Rock Slide|p1a: Annihilape\n|-activate|p1a: Annihilape|move: Protect\n|\n|-heal|p1a: Annihilape|58\/100|[from] item: Leftovers\n|upkeep\n|turn|9\n|\n|t:|1684109901\n|move|p2b: Brute Bonnet|Sucker Punch|p1a: Annihilape\n|-damage|p1a: Annihilape|20\/100\n|move|p2a: Great Tusk|Rock Slide|p1a: Annihilape\n|-supereffective|p1a: Annihilape\n|-damage|p1a: Annihilape|0 fnt\n|faint|p1a: Annihilape\n|\n|win|spokonta\n|raw|G3rd's rating: 1490 → 1473<\/strong> (-17 for losing)\n|raw|spokonta's rating: 1534 → 1551<\/strong> (+17 for winning)\n","uploadtime":1684109910,"views":10,"p1id":"g3rd","p2id":"spokonta","formatid":"gen9vgc2023regulationc","rating":1473,"private":0,"password":""}