{"id":"gen9vgc2023regulationc-1848574661","p1":"Seniorhydra","p2":"AnthonyL","format":"[Gen 9] VGC 2023 Regulation C","log":"|j|\u2606Seniorhydra\n|j|\u2606AnthonyL\n|t:|1682091257\n|gametype|doubles\n|player|p1|Seniorhydra|169|1377\n|player|p2|AnthonyL|lucas|1301\n|teamsize|p1|6\n|teamsize|p2|6\n|gen|9\n|tier|[Gen 9] VGC 2023 Regulation C\n|rated|\n|rule|Species Clause: Limit one of each Pok\u00e9mon\n|rule|Item Clause: Limit one of each item\n|clearpoke\n|poke|p1|Baxcalibur, L50, M|\n|poke|p1|Great Tusk, L50|\n|poke|p1|Gyarados, L50, M|\n|poke|p1|Murkrow, L50, F|\n|poke|p1|Iron Moth, L50|\n|poke|p1|Flutter Mane, L50|\n|poke|p2|Flutter Mane, L50|\n|poke|p2|Amoonguss, L50, F|\n|poke|p2|Ting-Lu, L50|\n|poke|p2|Great Tusk, L50|\n|poke|p2|Gyarados, L50, F|\n|poke|p2|Chien-Pao, L50|\n|teampreview|4\nAnthonyL has agreed to open team sheets.\n|inactive|Battle timer is ON: inactive players will automatically lose when time's up. (requested by AnthonyL)\nSeniorhydra rejected open team sheets.\n|inactive|AnthonyL has 60 seconds left.\n|inactive|AnthonyL has 30 seconds left.\n|inactive|AnthonyL has 20 seconds left.\n|inactive|AnthonyL has 15 seconds left.\n|inactive|AnthonyL has 10 seconds left.\n|\n|t:|1682091356\n|start\n|switch|p1a: Flutter Mane|Flutter Mane, L50|100\/100\n|switch|p1b: Murkrow|Murkrow, L50, F|100\/100\n|switch|p2a: Gyarados|Gyarados, L50, F|100\/100\n|switch|p2b: Ting-Lu|Ting-Lu, L50|100\/100\n|-ability|p2a: Gyarados|Intimidate|boost\n|-unboost|p1a: Flutter Mane|atk|1\n|-unboost|p1b: Murkrow|atk|1\n|-ability|p2b: Ting-Lu|Vessel of Ruin\n|turn|1\n|\n|t:|1682091374\n|move|p1a: Flutter Mane|Protect|p1a: Flutter Mane\n|-singleturn|p1a: Flutter Mane|Protect\n|move|p1b: Murkrow|Sunny Day|p1b: Murkrow\n|-weather|SunnyDay\n|-activate|p1a: Flutter Mane|ability: Protosynthesis\n|-start|p1a: Flutter Mane|protosynthesisspa\n|move|p2a: Gyarados|Waterfall|p1b: Murkrow\n|-damage|p1b: Murkrow|80\/100\n|move|p2b: Ting-Lu|Bulldoze|p1a: Flutter Mane|[spread] \n|-activate|p1a: Flutter Mane|move: Protect\n|-immune|p2a: Gyarados\n|-immune|p1b: Murkrow\n|\n|-weather|SunnyDay|[upkeep]\n|upkeep\n|turn|2\n|\n|t:|1682091393\n|-terastallize|p2b: Ting-Lu|Poison\n|move|p2a: Gyarados|Helping Hand|p2b: Ting-Lu\n|-singleturn|p2b: Ting-Lu|Helping Hand|[of] p2a: Gyarados\n|move|p1a: Flutter Mane|Substitute|p1a: Flutter Mane\n|-start|p1a: Flutter Mane|Substitute\n|-damage|p1a: Flutter Mane|76\/100\n|move|p1b: Murkrow|Foul Play|p2a: Gyarados\n|-damage|p2a: Gyarados|56\/100\n|move|p2b: Ting-Lu|Heavy Slam|p1a: Flutter Mane\n|-supereffective|p1a: Flutter Mane\n|-end|p1a: Flutter Mane|Substitute\n|\n|-weather|SunnyDay|[upkeep]\n|-heal|p1a: Flutter Mane|82\/100|[from] item: Leftovers\n|upkeep\n|turn|3\n|\n|t:|1682091415\n|-end|p1a: Flutter Mane|Protosynthesis|[silent]\n|switch|p1a: Gyarados|Gyarados, L50, M|100\/100\n|-ability|p1a: Gyarados|Intimidate|boost\n|-unboost|p2a: Gyarados|atk|1\n|-unboost|p2b: Ting-Lu|atk|1\n|move|p1b: Murkrow|Foul Play|p2b: Ting-Lu\n|-damage|p2b: Ting-Lu|84\/100\n|move|p2a: Gyarados|Taunt|p1b: Murkrow\n|-start|p1b: Murkrow|move: Taunt\n|move|p2b: Ting-Lu|Heavy Slam|p1a: Gyarados\n|-resisted|p1a: Gyarados\n|-damage|p1a: Gyarados|95\/100\n|\n|-weather|SunnyDay|[upkeep]\n|-heal|p2b: Ting-Lu|90\/100|[from] item: Leftovers\n|upkeep\n|turn|4\n|\n|t:|1682091431\n|move|p1b: Murkrow|Foul Play|p2a: Gyarados\n|-damage|p2a: Gyarados|30\/100\n|move|p2a: Gyarados|Thunder Wave|p1a: Gyarados\n|-status|p1a: Gyarados|par\n|move|p2b: Ting-Lu|Rock Slide|p1a: Gyarados|[spread] p1a,p1b\n|-supereffective|p1a: Gyarados\n|-supereffective|p1b: Murkrow\n|-damage|p1a: Gyarados|72\/100 par\n|-damage|p1b: Murkrow|55\/100\n|move|p1a: Gyarados|Thunder Wave|p2b: Ting-Lu\n|-status|p2b: Ting-Lu|par\n|\n|-weather|SunnyDay|[upkeep]\n|-heal|p2b: Ting-Lu|96\/100 par|[from] item: Leftovers\n|upkeep\n|turn|5\n|\n|t:|1682091448\n|move|p2a: Gyarados|Helping Hand|p2b: Ting-Lu\n|-singleturn|p2b: Ting-Lu|Helping Hand|[of] p2a: Gyarados\n|move|p1b: Murkrow|Foul Play|p2b: Ting-Lu\n|-damage|p2b: Ting-Lu|80\/100 par\n|cant|p1a: Gyarados|par\n|move|p2b: Ting-Lu|Rock Slide|p1a: Gyarados|[spread] p1a,p1b\n|-supereffective|p1a: Gyarados\n|-supereffective|p1b: Murkrow\n|-damage|p1a: Gyarados|40\/100 par\n|-damage|p1b: Murkrow|17\/100\n|\n|-weather|none\n|-heal|p2b: Ting-Lu|86\/100 par|[from] item: Leftovers\n|upkeep\n|turn|6\n|inactive|Seniorhydra has 30 seconds left.\n|\n|t:|1682091475\n|move|p1b: Murkrow|Foul Play|p2a: Gyarados\n|-damage|p2a: Gyarados|3\/100\n|move|p2a: Gyarados|Waterfall|p1b: Murkrow\n|-damage|p1b: Murkrow|0 fnt\n|faint|p1b: Murkrow\n|cant|p1a: Gyarados|par\n|move|p2b: Ting-Lu|Rock Slide|p1a: Gyarados\n|-supereffective|p1a: Gyarados\n|-damage|p1a: Gyarados|8\/100 par\n|\n|-heal|p2b: Ting-Lu|92\/100 par|[from] item: Leftovers\n|upkeep\n|\n|t:|1682091492\n|switch|p1b: Flutter Mane|Flutter Mane, L50|82\/100\n|turn|7\n|\n|t:|1682091500\n|move|p1b: Flutter Mane|Protect|p1b: Flutter Mane\n|-singleturn|p1b: Flutter Mane|Protect\n|move|p2a: Gyarados|Thunder Wave|p1b: Flutter Mane\n|-activate|p1b: Flutter Mane|move: Protect\n|move|p1a: Gyarados|Waterfall|p2a: Gyarados\n|-resisted|p2a: Gyarados\n|-damage|p2a: Gyarados|0 fnt\n|faint|p2a: Gyarados\n|move|p2b: Ting-Lu|Rock Slide|p1b: Flutter Mane|[spread] p1a\n|-activate|p1b: Flutter Mane|move: Protect\n|-supereffective|p1a: Gyarados\n|-damage|p1a: Gyarados|0 fnt\n|faint|p1a: Gyarados\n|\n|-heal|p1b: Flutter Mane|88\/100|[from] item: Leftovers\n|-heal|p2b: Ting-Lu|98\/100 par|[from] item: Leftovers\n|upkeep\n|\n|t:|1682091514\n|switch|p2a: Chien-Pao|Chien-Pao, L50|100\/100\n|switch|p1a: Iron Moth|Iron Moth, L50|100\/100\n|-ability|p2a: Chien-Pao|Sword of Ruin\n|-enditem|p1a: Iron Moth|Booster Energy\n|-activate|p1a: Iron Moth|ability: Quark Drive|[fromitem]\n|-start|p1a: Iron Moth|quarkdrivespa\n|turn|8\n|\n|t:|1682091530\n|-terastallize|p1b: Flutter Mane|Steel\n|move|p2a: Chien-Pao|Protect|p2a: Chien-Pao\n|-singleturn|p2a: Chien-Pao|Protect\n|move|p1a: Iron Moth|Heat Wave|p2b: Ting-Lu|[spread] p2b\n|-activate|p2a: Chien-Pao|move: Protect\n|-crit|p2b: Ting-Lu\n|-damage|p2b: Ting-Lu|61\/100 par\n|move|p1b: Flutter Mane|Moonblast|p2a: Chien-Pao\n|-activate|p2a: Chien-Pao|move: Protect\n|move|p2b: Ting-Lu|Bulldoze|p1a: Iron Moth|[spread] p1a,p1b\n|-activate|p2a: Chien-Pao|move: Protect\n|-supereffective|p1a: Iron Moth\n|-supereffective|p1b: Flutter Mane\n|-damage|p1a: Iron Moth|0 fnt\n|-damage|p1b: Flutter Mane|40\/100\n|-unboost|p1b: Flutter Mane|spe|1\n|faint|p1a: Iron Moth\n|-end|p1a: Iron Moth|Quark Drive|[silent]\n|\n|-heal|p1b: Flutter Mane|46\/100|[from] item: Leftovers\n|-heal|p2b: Ting-Lu|67\/100 par|[from] item: Leftovers\n|upkeep\n|turn|9\n|-message|Seniorhydra forfeited.\n|\n|win|AnthonyL\n|raw|Seniorhydra's rating: 1377 → 1353<\/strong> (-24 for losing)\n|raw|AnthonyL's rating: 1301 → 1325<\/strong> (+24 for winning)\n|l|\u2606Seniorhydra\n","uploadtime":1682091549,"views":10,"p1id":"seniorhydra","p2id":"anthonyl","formatid":"gen9vgc2023regulationc","rating":1325,"private":0,"password":""}