{"id":"gen9vgc2023regulationc-1846757366","p1":"sparzza","p2":"Argyris","format":"[Gen 9] VGC 2023 Regulation C","log":"|j|\u2606sparzza\n|j|\u2606Argyris\n|t:|1681874777\n|gametype|doubles\n|player|p1|sparzza|bugcatcher-gen4dp|1153\n|player|p2|Argyris|lass-gen4|1254\n|teamsize|p1|6\n|teamsize|p2|6\n|gen|9\n|tier|[Gen 9] VGC 2023 Regulation C\n|rated|\n|rule|Species Clause: Limit one of each Pok\u00e9mon\n|rule|Item Clause: Limit one of each item\n|clearpoke\n|poke|p1|Pawmot, L50, F|\n|poke|p1|Glimmora, L50, F|\n|poke|p1|Flutter Mane, L50|\n|poke|p1|Sandy Shocks, L50|\n|poke|p1|Wo-Chien, L50|\n|poke|p1|Dragapult, L50, M|\n|poke|p2|Tatsugiri, L50, F|\n|poke|p2|Glimmora, L50, M|\n|poke|p2|Dragonite, L50, M|\n|poke|p2|Iron Bundle, L50|\n|poke|p2|Dondozo, L50, F|\n|poke|p2|Chi-Yu, L50|\n|teampreview|4\nsparzza has agreed to open team sheets.\nArgyris has agreed to open team sheets.\n|\n|t:|1681874864\n|start\n|switch|p1a: Glimmora|Glimmora, L50, F, shiny|100\/100\n|switch|p1b: Wo-Chien|Wo-Chien, L50|100\/100\n|switch|p2a: Iron Bundle|Iron Bundle, L50|100\/100\n|switch|p2b: Chi-Yu|Chi-Yu, L50|100\/100\n|-ability|p2b: Chi-Yu|Beads of Ruin\n|-ability|p1b: Wo-Chien|Tablets of Ruin\n|-enditem|p2a: Iron Bundle|Booster Energy\n|-activate|p2a: Iron Bundle|ability: Quark Drive|[fromitem]\n|-start|p2a: Iron Bundle|quarkdrivespe\n|turn|1\n|inactive|Battle timer is ON: inactive players will automatically lose when time's up. (requested by sparzza)\n|\n|t:|1681874883\n|move|p2a: Iron Bundle|Protect|p2a: Iron Bundle\n|-singleturn|p2a: Iron Bundle|Protect\n|move|p2b: Chi-Yu|Protect|p2b: Chi-Yu\n|-singleturn|p2b: Chi-Yu|Protect\n|move|p1b: Wo-Chien|Protect|p1b: Wo-Chien\n|-singleturn|p1b: Wo-Chien|Protect\n|move|p1a: Glimmora|Power Gem|p2a: Iron Bundle\n|-activate|p2a: Iron Bundle|move: Protect\n|\n|upkeep\n|turn|2\n|inactive|sparzza has 30 seconds left.\n|\n|t:|1681874915\n|-terastallize|p1b: Wo-Chien|Poison\n|move|p2a: Iron Bundle|Hydro Pump|p1a: Glimmora|[miss]\n|-miss|p2a: Iron Bundle|p1a: Glimmora\n|move|p2b: Chi-Yu|Heat Wave|p1b: Wo-Chien|[spread] p1a,p1b\n|-resisted|p1a: Glimmora\n|-damage|p1a: Glimmora|80\/100\n|-damage|p1b: Wo-Chien|71\/100\n|move|p1a: Glimmora|Power Gem|p2a: Iron Bundle\n|-supereffective|p2a: Iron Bundle\n|-damage|p2a: Iron Bundle|0 fnt\n|faint|p2a: Iron Bundle\n|-end|p2a: Iron Bundle|Quark Drive|[silent]\n|move|p1b: Wo-Chien|Leech Seed|p2b: Chi-Yu\n|-start|p2b: Chi-Yu|move: Leech Seed\n|\n|-heal|p1b: Wo-Chien|77\/100|[from] item: Leftovers\n|-damage|p2b: Chi-Yu|88\/100|[from] Leech Seed|[of] p1b: Wo-Chien\n|-heal|p1b: Wo-Chien|85\/100|[silent]\n|upkeep\n|\n|t:|1681874933\n|switch|p2a: Tatsugiri|Tatsugiri, L50, F|100\/100\n|turn|3\n|\n|t:|1681874948\n|move|p2a: Tatsugiri|Muddy Water|p1b: Wo-Chien|[spread] p1a,p1b\n|-supereffective|p1a: Glimmora\n|-crit|p1a: Glimmora\n|-damage|p1a: Glimmora|0 fnt\n|-damage|p1b: Wo-Chien|60\/100\n|faint|p1a: Glimmora\n|move|p2b: Chi-Yu|Heat Wave|p1b: Wo-Chien\n|-damage|p1b: Wo-Chien|20\/100\n|move|p1b: Wo-Chien|Leech Seed||[still]\n|-fail|p1b: Wo-Chien\n|\n|-heal|p1b: Wo-Chien|26\/100|[from] item: Leftovers\n|-damage|p2b: Chi-Yu|76\/100|[from] Leech Seed|[of] p1b: Wo-Chien\n|-heal|p1b: Wo-Chien|34\/100|[silent]\n|upkeep\n|\n|t:|1681874958\n|switch|p1a: Sandy Shocks|Sandy Shocks, L50, shiny|100\/100\n|-enditem|p1a: Sandy Shocks|Booster Energy\n|-activate|p1a: Sandy Shocks|ability: Protosynthesis|[fromitem]\n|-start|p1a: Sandy Shocks|protosynthesisspe\n|turn|4\n|\n|t:|1681874977\n|move|p1a: Sandy Shocks|Protect|p1a: Sandy Shocks\n|-singleturn|p1a: Sandy Shocks|Protect\n|move|p1b: Wo-Chien|Protect|p1b: Wo-Chien\n|-singleturn|p1b: Wo-Chien|Protect\n|move|p2a: Tatsugiri|Muddy Water|p1a: Sandy Shocks|[spread] \n|-activate|p1a: Sandy Shocks|move: Protect\n|-activate|p1b: Wo-Chien|move: Protect\n|move|p2b: Chi-Yu|Heat Wave|p1b: Wo-Chien|[spread] \n|-activate|p1a: Sandy Shocks|move: Protect\n|-activate|p1b: Wo-Chien|move: Protect\n|\n|-heal|p1b: Wo-Chien|41\/100|[from] item: Leftovers\n|-damage|p2b: Chi-Yu|64\/100|[from] Leech Seed|[of] p1b: Wo-Chien\n|-heal|p1b: Wo-Chien|49\/100|[silent]\n|upkeep\n|turn|5\n|\n|t:|1681874999\n|move|p1a: Sandy Shocks|Thunderbolt|p2a: Tatsugiri\n|-damage|p2a: Tatsugiri|23\/100\n|move|p2a: Tatsugiri|Muddy Water|p1a: Sandy Shocks|[spread] p1a,p1b\n|-supereffective|p1a: Sandy Shocks\n|-damage|p1a: Sandy Shocks|0 fnt\n|-damage|p1b: Wo-Chien|22\/100\n|faint|p1a: Sandy Shocks\n|-end|p1a: Sandy Shocks|Protosynthesis|[silent]\n|move|p2b: Chi-Yu|Heat Wave|p1b: Wo-Chien\n|-damage|p1b: Wo-Chien|0 fnt\n|faint|p1b: Wo-Chien\n|\n|upkeep\n|\n|t:|1681875007\n|switch|p1b: Pawmot|Pawmot, L50, F, shiny|100\/100\n|turn|6\n|\n|t:|1681875014\n|move|p1b: Pawmot|Fake Out|p2a: Tatsugiri\n|-damage|p2a: Tatsugiri|0 fnt\n|faint|p2a: Tatsugiri\n|move|p2b: Chi-Yu|Overheat|p1b: Pawmot\n|-enditem|p1b: Pawmot|Focus Sash\n|-damage|p1b: Pawmot|1\/100\n|-unboost|p2b: Chi-Yu|spa|2\n|\n|-damage|p2b: Chi-Yu|51\/100|[from] Leech Seed|[of] p1b: Pawmot\n|-heal|p1b: Pawmot|12\/100|[silent]\n|upkeep\n|\n|t:|1681875024\n|switch|p2a: Dondozo|Dondozo, L50, F|100\/100\n|turn|7\n|\n|t:|1681875035\n|move|p1b: Pawmot|Double Shock|p2a: Dondozo\n|-supereffective|p2a: Dondozo\n|-damage|p2a: Dondozo|30\/100\n|-start|p1b: Pawmot|typechange|???\/Fighting|[from] move: Double Shock\n|move|p2b: Chi-Yu|Dark Pulse|p1b: Pawmot\n|-resisted|p1b: Pawmot\n|-damage|p1b: Pawmot|0 fnt\n|faint|p1b: Pawmot\n|\n|win|Argyris\n|raw|sparzza's rating: 1153 → 1135<\/strong> (-18 for losing)\n|raw|Argyris's rating: 1254 → 1272<\/strong> (+18 for winning)\n|c|\u2606Argyris|gg\n|c|\u2606sparzza|gg\n","uploadtime":1681875051,"views":8,"p1id":"sparzza","p2id":"argyris","formatid":"gen9vgc2023regulationc","rating":1135,"private":0,"password":""}