{"id":"gen9vgc2023regulationc-1846418142","p1":"4Azzy","p2":"bambambi","format":"[Gen 9] VGC 2023 Regulation C","log":"|j|\u26064Azzy\n|j|\u2606bambambi\n|t:|1681839276\n|gametype|doubles\n|player|p1|4Azzy|will|1088\n|player|p2|bambambi|wallace-gen6|1192\n|teamsize|p1|6\n|teamsize|p2|6\n|gen|9\n|tier|[Gen 9] VGC 2023 Regulation C\n|rated|\n|rule|Species Clause: Limit one of each Pok\u00e9mon\n|rule|Item Clause: Limit one of each item\n|clearpoke\n|poke|p1|Kingambit, L50, M|\n|poke|p1|Dragonite, L50, M|\n|poke|p1|Amoonguss, L50, F|\n|poke|p1|Flutter Mane, L50|\n|poke|p1|Roaring Moon, L50|\n|poke|p1|Gyarados, L50, M|\n|poke|p2|Flutter Mane, L50|\n|poke|p2|Wo-Chien, L50|\n|poke|p2|Gholdengo, L50|\n|poke|p2|Iron Hands, L50|\n|poke|p2|Arcanine, L50, M|\n|poke|p2|Palafin, L50, M|\n|teampreview|4\n|inactive|Battle timer is ON: inactive players will automatically lose when time's up. (requested by 4Azzy)\n4Azzy has agreed to open team sheets.\nbambambi has agreed to open team sheets.\n|c|\u26064Azzy|AYYY\n|c|\u26064Azzy|names\n|c|\u26064Azzy|nice\n|inactive|4Azzy has 60 seconds left.\n|inactive|bambambi has 60 seconds left.\n|c|\u2606bambambi|https:\/\/www.youtube.com\/watch?v=_D0ZQPqeJkk\n|c|\u2606bambambi|Its my real name\n|c|\u2606bambambi|basically\n|inactive|4Azzy has 30 seconds left.\n|inactive|bambambi has 30 seconds left.\n|inactive|4Azzy has 20 seconds left.\n|inactive|bambambi has 20 seconds left.\n|c|\u2606bambambi|,oh\n|c|\u2606bambambi|the team\n|c|\u2606bambambi|yea ty\n|inactive|4Azzy has 15 seconds left.\n|inactive|bambambi has 15 seconds left.\n|c|\u26064Azzy|lol yea\n|inactive|bambambi has 10 seconds left.\n|c|\u2606bambambi|Its called Stall Wars\n|inactive|bambambi has 5 seconds left.\n|\n|t:|1681839365\n|start\n|switch|p1a: i like ya cut G|Roaring Moon, L50|100\/100\n|switch|p1b: *vineboom*|Amoonguss, L50, F|100\/100\n|switch|p2a: Yoda|Flutter Mane, L50, shiny|100\/100\n|switch|p2b: The Force|Palafin, L50, M, shiny|100\/100\n|-enditem|p2a: Yoda|Booster Energy\n|-activate|p2a: Yoda|ability: Protosynthesis|[fromitem]\n|-start|p2a: Yoda|protosynthesisspe\n|-enditem|p1a: i like ya cut G|Booster Energy\n|-activate|p1a: i like ya cut G|ability: Protosynthesis|[fromitem]\n|-start|p1a: i like ya cut G|protosynthesisspe\n|turn|1\n|c|\u26064Azzy|based\n|inactive|4Azzy has 30 seconds left.\n|inactive|bambambi has 30 seconds left.\n|\n|t:|1681839396\n|detailschange|p2b: The Force|Palafin-Hero, L50, M, shiny\n|switch|p2b: C3-P0|Gholdengo, L50|100\/100\n|move|p1a: i like ya cut G|Protect|p1a: i like ya cut G\n|-singleturn|p1a: i like ya cut G|Protect\n|move|p2a: Yoda|Dazzling Gleam|p1b: *vineboom*|[spread] p1b\n|-activate|p1a: i like ya cut G|move: Protect\n|-resisted|p1b: *vineboom*\n|-damage|p1b: *vineboom*|88\/100\n|move|p1b: *vineboom*|Spore|p2a: Yoda\n|-status|p2a: Yoda|slp|[from] move: Spore\n|\n|upkeep\n|turn|2\n|\n|t:|1681839421\n|-end|p2a: Yoda|Protosynthesis|[silent]\n|switch|p2a: Jabba The Hutt|Wo-Chien, L50|100\/100\n|-ability|p2a: Jabba The Hutt|Tablets of Ruin\n|-terastallize|p2b: C3-P0|Water\n|move|p1b: *vineboom*|Protect|p1b: *vineboom*\n|-singleturn|p1b: *vineboom*|Protect\n|move|p1a: i like ya cut G|Tailwind|p1a: i like ya cut G\n|-sidestart|p1: 4Azzy|move: Tailwind\n|move|p2b: C3-P0|Nasty Plot|p2b: C3-P0\n|-boost|p2b: C3-P0|spa|2\n|\n|upkeep\n|turn|3\n|inactive|bambambi has 30 seconds left.\n|inactive|4Azzy has 30 seconds left.\n|\n|t:|1681839452\n|move|p1a: i like ya cut G|Acrobatics|p2b: C3-P0\n|-damage|p2b: C3-P0|74\/100\n|move|p2b: C3-P0|Nasty Plot|p2b: C3-P0\n|-boost|p2b: C3-P0|spa|2\n|move|p2a: Jabba The Hutt|Pollen Puff|p2b: C3-P0\n|-heal|p2b: C3-P0|100\/100\n|move|p1b: *vineboom*|Pollen Puff|p2a: Jabba The Hutt\n|-supereffective|p2a: Jabba The Hutt\n|-damage|p2a: Jabba The Hutt|58\/100\n|\n|-heal|p2a: Jabba The Hutt|64\/100|[from] item: Leftovers\n|upkeep\n|turn|4\n|\n|t:|1681839475\n|move|p1a: i like ya cut G|Acrobatics|p2a: Jabba The Hutt\n|-supereffective|p2a: Jabba The Hutt\n|-crit|p2a: Jabba The Hutt\n|-damage|p2a: Jabba The Hutt|2\/100\n|move|p2b: C3-P0|Make It Rain|p1a: i like ya cut G|[spread] p1a,p1b\n|-damage|p1a: i like ya cut G|0 fnt\n|-damage|p1b: *vineboom*|0 fnt\n|-unboost|p2b: C3-P0|spa|1\n|faint|p1a: i like ya cut G\n|-end|p1a: i like ya cut G|Protosynthesis|[silent]\n|faint|p1b: *vineboom*\n|move|p2a: Jabba The Hutt|Pollen Puff|p1: i like ya cut G|[notarget]\n|-fail|p2a: Jabba The Hutt\n|\n|-heal|p2a: Jabba The Hutt|8\/100|[from] item: Leftovers\n|upkeep\n|\n|t:|1681839478\n|switch|p1a: i hate|Flutter Mane, L50|100\/100\n|switch|p1b: AAAAAAAAAA|Gyarados, L50, M|100\/100\n|-ability|p1b: AAAAAAAAAA|Intimidate|boost\n|-unboost|p2a: Jabba The Hutt|atk|1\n|-unboost|p2b: C3-P0|atk|1\n|turn|5\n|\n|t:|1681839498\n|-terastallize|p1a: i hate|Fairy\n|move|p2b: C3-P0|Protect|p2b: C3-P0\n|-singleturn|p2b: C3-P0|Protect\n|move|p2a: Jabba The Hutt|Protect|p2a: Jabba The Hutt\n|-singleturn|p2a: Jabba The Hutt|Protect\n|move|p1a: i hate|Moonblast|p2b: C3-P0\n|-activate|p2b: C3-P0|move: Protect\n|move|p1b: AAAAAAAAAA|Waterfall|p2a: Jabba The Hutt\n|-activate|p2a: Jabba The Hutt|move: Protect\n|\n|-heal|p2a: Jabba The Hutt|14\/100|[from] item: Leftovers\n|-sideend|p1: 4Azzy|move: Tailwind\n|upkeep\n|turn|6\n|c|\u2606bambambi|predicted\n|\n|t:|1681839516\n|switch|p2a: The Force|Palafin-Hero, L50, M, shiny|100\/100\n|-activate|p2a: The Force|ability: Zero to Hero\n|move|p1a: i hate|Moonblast|p2b: C3-P0\n|-damage|p2b: C3-P0|9\/100\n|-enditem|p2b: C3-P0|Sitrus Berry|[eat]\n|-heal|p2b: C3-P0|33\/100|[from] item: Sitrus Berry\n|move|p1b: AAAAAAAAAA|Taunt|p2a: The Force\n|-start|p2a: The Force|move: Taunt\n|move|p2b: C3-P0|Make It Rain|p1b: AAAAAAAAAA|[spread] p1a,p1b\n|-supereffective|p1a: i hate\n|-resisted|p1b: AAAAAAAAAA\n|-damage|p1a: i hate|0 fnt\n|-damage|p1b: AAAAAAAAAA|58\/100\n|-unboost|p2b: C3-P0|spa|1\n|faint|p1a: i hate\n|-end|p1a: i hate|Protosynthesis|[silent]\n|\n|upkeep\n|turn|7\n|c|\u26064Azzy|gg\n|c|\u2606bambambi|Are you wolfe glick?\n|inactive|bambambi has 30 seconds left.\n|c|\u26064Azzy|lol\n|inactive|4Azzy has 30 seconds left.\n|c|\u26064Azzy|ill never tell\n|\n|t:|1681839555\n|move|p2a: The Force|Jet Punch|p1b: AAAAAAAAAA\n|-resisted|p1b: AAAAAAAAAA\n|-damage|p1b: AAAAAAAAAA|34\/100\n|move|p1b: AAAAAAAAAA|Thunder Wave|p2a: The Force\n|-status|p2a: The Force|par\n|move|p2b: C3-P0|Shadow Ball|p1b: AAAAAAAAAA\n|-damage|p1b: AAAAAAAAAA|0 fnt\n|faint|p1b: AAAAAAAAAA\n|\n|win|bambambi\n|raw|4Azzy's rating: 1088 → 1072<\/strong> (-16 for losing)\n|raw|bambambi's rating: 1192 → 1210<\/strong> (+18 for winning)\n|c|\u2606bambambi|IT IS!\n|c|\u2606bambambi|AAAAAAAAAAAAAAAAAA\n|c|\u26064Azzy|lmfao\n|c|\u26064Azzy|ggs man\n|c|\u2606bambambi|ggs\n|c|\u2606bambambi|see you in Portland\n","uploadtime":1681839583,"views":8,"p1id":"4azzy","p2id":"bambambi","formatid":"gen9vgc2023regulationc","rating":1072,"private":0,"password":""}