{"id":"gen9vgc2023regulationc-1862131943","p1":"Leninx768965","p2":"gs wendigo","format":"[Gen 9] VGC 2023 Regulation C","log":"|j|\u2606Leninx768965\n|j|\u2606gs wendigo\n|t:|1683840349\n|gametype|doubles\n|player|p1|Leninx768965|picnicker|1395\n|player|p2|gs wendigo|265|1304\n|teamsize|p1|6\n|teamsize|p2|6\n|gen|9\n|tier|[Gen 9] VGC 2023 Regulation C\n|rated|\n|rule|Species Clause: Limit one of each Pok\u00e9mon\n|rule|Item Clause: Limit one of each item\n|clearpoke\n|poke|p1|Lilligant, L50, F|\n|poke|p1|Torkoal, L50, F|\n|poke|p1|Flutter Mane, L50|\n|poke|p1|Kingambit, L50, F|\n|poke|p1|Dragonite, L50, F|\n|poke|p1|Great Tusk, L50|\n|poke|p2|Ting-Lu, L50|\n|poke|p2|Indeedee-F, L50, F|\n|poke|p2|Orthworm, L50, F|\n|poke|p2|Gyarados, L50, F|\n|poke|p2|Hawlucha, L50, F|\n|poke|p2|Chien-Pao, L50|\n|teampreview|4\n|\n|t:|1683840372\n|start\n|switch|p1a: Breakthrough|Torkoal, L50, F, shiny|100\/100\n|switch|p1b: TT|Lilligant, L50, F, shiny|100\/100\n|switch|p2a: Indeedee|Indeedee-F, L50, F|100\/100\n|switch|p2b: Hawlucha|Hawlucha, L50, F|100\/100\n|-fieldstart|move: Psychic Terrain|[from] ability: Psychic Surge|[of] p2a: Indeedee\n|-enditem|p2b: Hawlucha|Psychic Seed\n|-boost|p2b: Hawlucha|spd|1|[from] item: Psychic Seed\n|-weather|SunnyDay|[from] ability: Drought|[of] p1a: Breakthrough\n|turn|1\n|\n|t:|1683840391\n|-terastallize|p2b: Hawlucha|Flying\n|move|p2a: Indeedee|Helping Hand|p2b: Hawlucha\n|-singleturn|p2b: Hawlucha|Helping Hand|[of] p2a: Indeedee\n|move|p2b: Hawlucha|Acrobatics|p1a: Breakthrough\n|-damage|p1a: Breakthrough|30\/100\n|move|p1b: TT|After You|p1a: Breakthrough\n|-activate|p1a: Breakthrough|move: After You\n|move|p1a: Breakthrough|Eruption|p2a: Indeedee|[spread] p2a,p2b\n|-damage|p2a: Indeedee|82\/100\n|-damage|p2b: Hawlucha|73\/100\n|\n|-weather|SunnyDay|[upkeep]\n|upkeep\n|turn|2\n|\n|t:|1683840422\n|move|p2b: Hawlucha|Acrobatics|p1b: TT\n|-supereffective|p1b: TT\n|-enditem|p1b: TT|Focus Sash\n|-damage|p1b: TT|1\/100\n|move|p1b: TT|Sleep Powder|p2b: Hawlucha\n|-status|p2b: Hawlucha|slp|[from] move: Sleep Powder\n|move|p2a: Indeedee|Dazzling Gleam|p1b: TT|[spread] p1a,p1b\n|-resisted|p1a: Breakthrough\n|-damage|p1a: Breakthrough|23\/100\n|-damage|p1b: TT|0 fnt\n|faint|p1b: TT\n|move|p1a: Breakthrough|Flamethrower|p2b: Hawlucha\n|-damage|p2b: Hawlucha|0 fnt\n|faint|p2b: Hawlucha\n|\n|-weather|SunnyDay|[upkeep]\n|upkeep\n|\n|t:|1683840446\n|switch|p2b: Ting-Lu|Ting-Lu, L50|100\/100\n|switch|p1b: FANCY|Flutter Mane, L50, shiny|100\/100\n|-activate|p1b: FANCY|ability: Protosynthesis\n|-start|p1b: FANCY|protosynthesisspa\n|-ability|p2b: Ting-Lu|Vessel of Ruin\n|turn|3\n|\n|t:|1683840463\n|-terastallize|p1b: FANCY|Fairy\n|move|p1a: Breakthrough|Protect|p1a: Breakthrough\n|-singleturn|p1a: Breakthrough|Protect\n|move|p2a: Indeedee|Follow Me|p2a: Indeedee\n|-singleturn|p2a: Indeedee|move: Follow Me\n|move|p1b: FANCY|Dazzling Gleam|p2b: Ting-Lu|[spread] p2a,p2b\n|-crit|p2a: Indeedee\n|-supereffective|p2b: Ting-Lu\n|-damage|p2a: Indeedee|4\/100\n|-damage|p2b: Ting-Lu|47\/100\n|move|p2b: Ting-Lu|Heavy Slam|p1b: FANCY\n|-supereffective|p1b: FANCY\n|-damage|p1b: FANCY|0 fnt\n|faint|p1b: FANCY\n|-end|p1b: FANCY|Protosynthesis|[silent]\n|\n|-weather|SunnyDay|[upkeep]\n|upkeep\n|\n|t:|1683840476\n|switch|p1b: HOT|Kingambit, L50, F, shiny|100\/100\n|turn|4\n|\n|t:|1683840486\n|move|p2a: Indeedee|Helping Hand|p2b: Ting-Lu\n|-singleturn|p2b: Ting-Lu|Helping Hand|[of] p2a: Indeedee\n|move|p1b: HOT|Iron Head|p2b: Ting-Lu\n|-damage|p2b: Ting-Lu|23\/100\n|cant|p2b: Ting-Lu|flinch\n|move|p1a: Breakthrough|Flamethrower|p2b: Ting-Lu\n|-damage|p2b: Ting-Lu|2\/100\n|\n|-weather|SunnyDay|[upkeep]\n|upkeep\n|turn|5\n|\n|t:|1683840500\n|move|p2a: Indeedee|Follow Me|p2a: Indeedee\n|-singleturn|p2a: Indeedee|move: Follow Me\n|move|p1b: HOT|Sucker Punch||[still]\n|-fail|p1b: HOT\n|move|p2b: Ting-Lu|Bulldoze|p1a: Breakthrough|[spread] p2a,p1a,p1b\n|-supereffective|p1a: Breakthrough\n|-supereffective|p1b: HOT\n|-damage|p2a: Indeedee|0 fnt\n|-damage|p1a: Breakthrough|0 fnt\n|-damage|p1b: HOT|72\/100\n|-unboost|p1b: HOT|spe|1\n|-ability|p1b: HOT|Defiant|boost\n|-boost|p1b: HOT|atk|2\n|faint|p2a: Indeedee\n|faint|p1a: Breakthrough\n|\n|-weather|none\n|-fieldend|move: Psychic Terrain\n|upkeep\n|\n|t:|1683840514\n|switch|p2a: Gyarados|Gyarados, L50, F|100\/100\n|-ability|p2a: Gyarados|Intimidate|boost\n|-unboost|p1b: HOT|atk|1\n|-ability|p1b: HOT|Defiant|boost\n|-boost|p1b: HOT|atk|2\n|turn|6\n|\n|t:|1683840530\n|move|p1b: HOT|Sucker Punch|p2b: Ting-Lu\n|-resisted|p2b: Ting-Lu\n|-damage|p2b: Ting-Lu|0 fnt\n|faint|p2b: Ting-Lu\n|move|p2a: Gyarados|Bulldoze|p1b: HOT\n|-supereffective|p1b: HOT\n|-damage|p1b: HOT|46\/100\n|-unboost|p1b: HOT|spe|1\n|-ability|p1b: HOT|Defiant|boost\n|-boost|p1b: HOT|atk|2\n|\n|upkeep\n|turn|7\n|\n|t:|1683840545\n|move|p1b: HOT|Sucker Punch||[still]\n|-fail|p1b: HOT\n|move|p2a: Gyarados|Thunder Wave|p1b: HOT\n|-status|p1b: HOT|par\n|\n|upkeep\n|turn|8\n|\n|t:|1683840555\n|move|p2a: Gyarados|Waterfall|p1b: HOT\n|-crit|p1b: HOT\n|-damage|p1b: HOT|7\/100 par\n|cant|p1b: HOT|flinch\n|\n|upkeep\n|turn|9\n|\n|t:|1683840568\n|move|p1b: HOT|Sucker Punch|p2a: Gyarados\n|-damage|p2a: Gyarados|0 fnt\n|faint|p2a: Gyarados\n|\n|win|Leninx768965\n|raw|Leninx768965's rating: 1395 → 1410<\/strong> (+15 for winning)\n|raw|gs wendigo's rating: 1304 → 1289<\/strong> (-15 for losing)\n|c|\u2606Leninx768965|gg\n|c|\u2606gs wendigo|Gg\n","uploadtime":1683840583,"views":13,"p1id":"leninx768965","p2id":"gswendigo","formatid":"gen9vgc2023regulationc","rating":1289,"private":0,"password":""}