{"id":"gen9vgc2023regulationc-1851110931","p1":"Infinity1282","p2":"WoJiaoReaction","format":"[Gen 9] VGC 2023 Regulation C","log":"|j|\u2606Infinity1282\n|j|\u2606WoJiaoReaction\n|t:|1682411061\n|gametype|doubles\n|player|p1|Infinity1282|unknown|1000\n|player|p2|WoJiaoReaction|firebreather|1050\n|teamsize|p1|6\n|teamsize|p2|6\n|gen|9\n|tier|[Gen 9] VGC 2023 Regulation C\n|rated|\n|rule|Species Clause: Limit one of each Pok\u00e9mon\n|rule|Item Clause: Limit one of each item\n|clearpoke\n|poke|p1|Bisharp, L50, M|\n|poke|p1|Ting-Lu, L50|\n|poke|p1|Dondozo, L50, M|\n|poke|p1|Tatsugiri, L50, M|\n|poke|p1|Mabosstiff, L50, F|\n|poke|p1|Glimmora, L50, M|\n|poke|p2|Skeledirge, L50, M|\n|poke|p2|Wo-Chien, L50|\n|poke|p2|Flutter Mane, L50|\n|poke|p2|Dragonite, L50, M|\n|poke|p2|Glimmora, L50, F|\n|poke|p2|Palafin, L50, F|\n|teampreview|4\n|inactive|Battle timer is ON: inactive players will automatically lose when time's up. (requested by Infinity1282)\n|inactive|WoJiaoReaction has 60 seconds left.\n|\n|t:|1682411101\n|start\n|switch|p1a: Dondozo|Dondozo, L50, M|100\/100\n|switch|p1b: Glimmora|Glimmora, L50, M, shiny|100\/100\n|switch|p2a: Glimmora|Glimmora, L50, F|100\/100\n|switch|p2b: Wo-Chien|Wo-Chien, L50|100\/100\n|-ability|p2b: Wo-Chien|Tablets of Ruin\n|turn|1\n|inactive|WoJiaoReaction has 30 seconds left.\n|inactive|WoJiaoReaction has 20 seconds left.\n|\n|t:|1682411137\n|-terastallize|p1a: Dondozo|Ice\n|move|p1b: Glimmora|Protect|p1b: Glimmora\n|-singleturn|p1b: Glimmora|Protect\n|move|p2b: Wo-Chien|Protect|p2b: Wo-Chien\n|-singleturn|p2b: Wo-Chien|Protect\n|move|p2a: Glimmora|Earth Power|p1b: Glimmora\n|-activate|p1b: Glimmora|move: Protect\n|move|p1a: Dondozo|Liquidation|p2a: Glimmora\n|-supereffective|p2a: Glimmora\n|-damage|p2a: Glimmora|20\/100\n|-unboost|p2a: Glimmora|def|1\n|-activate|p2a: Glimmora|ability: Toxic Debris\n|-sidestart|p1: Infinity1282|move: Toxic Spikes\n|\n|upkeep\n|turn|2\n|inactive|WoJiaoReaction has 30 seconds left.\n|inactive|WoJiaoReaction has 20 seconds left.\n|\n|t:|1682411174\n|switch|p1b: Tatsugiri|Tatsugiri, L50, M|100\/100\n|-activate|p1b: Tatsugiri|ability: Commander|[of] p1a: Dondozo\n|-boost|p1a: Dondozo|atk|2\n|-boost|p1a: Dondozo|spa|2\n|-boost|p1a: Dondozo|spe|2\n|-boost|p1a: Dondozo|def|2\n|-boost|p1a: Dondozo|spd|2\n|-terastallize|p2b: Wo-Chien|Poison\n|move|p2a: Glimmora|Mortal Spin|p1a: Dondozo|[spread] p1a\n|-miss|p2a: Glimmora|p1b: Tatsugiri\n|-damage|p1a: Dondozo|99\/100\n|-status|p1a: Dondozo|psn\n|move|p1a: Dondozo|Rock Slide|p2a: Glimmora|[spread] p2a,p2b\n|-damage|p2a: Glimmora|0 fnt\n|-damage|p2b: Wo-Chien|78\/100\n|-activate|p2a: Glimmora|ability: Toxic Debris\n|-sidestart|p1: Infinity1282|move: Toxic Spikes\n|faint|p2a: Glimmora\n|move|p2b: Wo-Chien|Foul Play|p1a: Dondozo\n|-damage|p1a: Dondozo|70\/100 psn\n|\n|-heal|p1a: Dondozo|76\/100 psn|[from] item: Leftovers\n|-heal|p2b: Wo-Chien|84\/100|[from] item: Leftovers\n|-damage|p1a: Dondozo|64\/100 psn|[from] psn\n|upkeep\n|inactive|WoJiaoReaction has 30 seconds left.\n|\n|t:|1682411202\n|switch|p2a: Skeledirge|Skeledirge, L50, M|100\/100\n|turn|3\n|\n|t:|1682411210\n|move|p2a: Skeledirge|Protect|p2a: Skeledirge\n|-singleturn|p2a: Skeledirge|Protect\n|move|p1a: Dondozo|Rock Slide|p2b: Wo-Chien|[spread] p2b\n|-activate|p2a: Skeledirge|move: Protect\n|-damage|p2b: Wo-Chien|61\/100\n|move|p2b: Wo-Chien|Leech Seed|p1a: Dondozo\n|-start|p1a: Dondozo|move: Leech Seed\n|\n|-heal|p1a: Dondozo|70\/100 psn|[from] item: Leftovers\n|-heal|p2b: Wo-Chien|68\/100|[from] item: Leftovers\n|-damage|p1a: Dondozo|57\/100 psn|[from] Leech Seed|[of] p2b: Wo-Chien\n|-heal|p2b: Wo-Chien|84\/100|[silent]\n|-damage|p1a: Dondozo|45\/100 psn|[from] psn\n|upkeep\n|turn|4\n|inactive|WoJiaoReaction has 30 seconds left.\n|\n|t:|1682411236\n|move|p1a: Dondozo|Rock Slide|p2a: Skeledirge|[spread] p2b\n|-miss|p1a: Dondozo|p2a: Skeledirge\n|-damage|p2b: Wo-Chien|61\/100\n|cant|p2b: Wo-Chien|flinch\n|move|p2a: Skeledirge|Torch Song|p1a: Dondozo\n|-supereffective|p1a: Dondozo\n|-damage|p1a: Dondozo|0 fnt\n|-boost|p2a: Skeledirge|spa|1\n|faint|p1a: Dondozo\n|\n|-heal|p2b: Wo-Chien|67\/100|[from] item: Leftovers\n|upkeep\n|\n|t:|1682411249\n|switch|p1a: Glimmora|Glimmora, L50, M, shiny|100\/100\n|-sideend|p1: Infinity1282|move: Toxic Spikes|[of] p1a: Glimmora\n|turn|5\n|inactive|WoJiaoReaction has 30 seconds left.\n|\n|t:|1682411279\n|move|p1b: Tatsugiri|Hydro Pump|p2a: Skeledirge\n|-supereffective|p2a: Skeledirge\n|-damage|p2a: Skeledirge|0 fnt\n|faint|p2a: Skeledirge\n|move|p1a: Glimmora|Stealth Rock|p2b: Wo-Chien\n|-sidestart|p2: WoJiaoReaction|move: Stealth Rock\n|move|p2b: Wo-Chien|Leech Seed|p1a: Glimmora\n|-start|p1a: Glimmora|move: Leech Seed\n|\n|-heal|p2b: Wo-Chien|73\/100|[from] item: Leftovers\n|-damage|p1a: Glimmora|88\/100|[from] Leech Seed|[of] p2b: Wo-Chien\n|-heal|p2b: Wo-Chien|84\/100|[silent]\n|upkeep\n|\n|t:|1682411291\n|switch|p2a: Flutter Mane|Flutter Mane, L50|100\/100\n|-damage|p2a: Flutter Mane|88\/100|[from] Stealth Rock\n|turn|6\n|\n|t:|1682411313\n|move|p2a: Flutter Mane|Dazzling Gleam|p1a: Glimmora|[spread] p1a,p1b\n|-resisted|p1a: Glimmora\n|-supereffective|p1b: Tatsugiri\n|-damage|p1a: Glimmora|62\/100\n|-damage|p1b: Tatsugiri|0 fnt\n|faint|p1b: Tatsugiri\n|move|p1a: Glimmora|Spikes|p2a: Flutter Mane\n|-sidestart|p2: WoJiaoReaction|Spikes\n|move|p2b: Wo-Chien|Pollen Puff|p2a: Flutter Mane\n|-heal|p2a: Flutter Mane|100\/100\n|\n|-heal|p2b: Wo-Chien|90\/100|[from] item: Leftovers\n|-damage|p1a: Glimmora|50\/100|[from] Leech Seed|[of] p2b: Wo-Chien\n|-heal|p2b: Wo-Chien|100\/100|[silent]\n|upkeep\n|\n|t:|1682411327\n|switch|p1b: Mabosstiff|Mabosstiff, L50, F|100\/100\n|-ability|p1b: Mabosstiff|Intimidate|boost\n|-unboost|p2a: Flutter Mane|atk|1\n|-unboost|p2b: Wo-Chien|atk|1\n|turn|7\n|\n|t:|1682411341\n|move|p1a: Glimmora|Protect|p1a: Glimmora\n|-singleturn|p1a: Glimmora|Protect\n|move|p2a: Flutter Mane|Dazzling Gleam|p1b: Mabosstiff|[spread] p1b\n|-activate|p1a: Glimmora|move: Protect\n|-supereffective|p1b: Mabosstiff\n|-damage|p1b: Mabosstiff|0 fnt\n|faint|p1b: Mabosstiff\n|move|p2b: Wo-Chien|Pollen Puff|p2a: Flutter Mane\n|-immune|p2a: Flutter Mane\n|\n|-damage|p1a: Glimmora|38\/100|[from] Leech Seed|[of] p2b: Wo-Chien\n|upkeep\n|turn|8\n|-message|Infinity1282 forfeited.\n|\n|win|WoJiaoReaction\n|raw|Infinity1282's rating: 1000 → 1000<\/strong> (+0 for losing)\n|raw|WoJiaoReaction's rating: 1050 → 1078<\/strong> (+28 for winning)\n|l|\u2606Infinity1282\n","uploadtime":1682411390,"views":9,"p1id":"infinity1282","p2id":"wojiaoreaction","formatid":"gen9vgc2023regulationc","rating":1000,"private":0,"password":""}