{"id":"gen9vgc2023regulationc-1855842651","p1":"Ichiban0","p2":"Mailman22","format":"[Gen 9] VGC 2023 Regulation C","log":"|j|\u2606Ichiban0\n|j|\u2606Mailman22\n|t:|1682990696\n|gametype|doubles\n|player|p1|Ichiban0|265|\n|player|p2|Mailman22|preschooler|\n|teamsize|p1|6\n|teamsize|p2|6\n|gen|9\n|tier|[Gen 9] VGC 2023 Regulation C\n|rule|Species Clause: Limit one of each Pok\u00e9mon\n|rule|Item Clause: Limit one of each item\n|clearpoke\n|poke|p1|Weavile, L50, M|\n|poke|p1|Palafin, L50, M|\n|poke|p1|Amoonguss, L50, M|\n|poke|p1|Arcanine, L50, M|\n|poke|p1|Dragalge, L50, F|\n|poke|p1|Gardevoir, L50, F|\n|poke|p2|Klefki, L50, M|\n|poke|p2|Iron Bundle, L50|\n|poke|p2|Maushold, L50|\n|poke|p2|Sandy Shocks, L50|\n|poke|p2|Bisharp, L50, F|\n|poke|p2|Mismagius, L50, F|\n|teampreview|4\n|j| LackieLackey\n|\n|t:|1682990719\n|start\n|switch|p1a: kek|Weavile, L50, M|100\/100\n|switch|p1b: Mommy|Gardevoir, L50, F|100\/100\n|switch|p2a: Klefki|Klefki, L50, M|100\/100\n|switch|p2b: Iron Bundle|Iron Bundle, L50|100\/100\n|-ability|p1a: kek|Pressure\n|turn|1\n|\n|t:|1682990731\n|move|p1a: kek|Fake Out|p2b: Iron Bundle\n|-damage|p2b: Iron Bundle|84\/100\n|move|p2a: Klefki|Reflect|p2a: Klefki\n|-sidestart|p2: Mailman22|Reflect\n|cant|p2b: Iron Bundle|flinch\n|move|p1b: Mommy|Trick Room|p1b: Mommy\n|-fieldstart|move: Trick Room|[of] p1b: Mommy\n|\n|upkeep\n|turn|2\n|\n|t:|1682990753\n|move|p2a: Klefki|Light Screen|p2a: Klefki\n|-sidestart|p2: Mailman22|move: Light Screen\n|move|p1b: Mommy|Encore|p2a: Klefki\n|-start|p2a: Klefki|Encore\n|move|p1a: kek|Brick Break|p2b: Iron Bundle\n|-sideend|p2: Mailman22|Reflect\n|-sideend|p2: Mailman22|move: Light Screen\n|-supereffective|p2b: Iron Bundle\n|-damage|p2b: Iron Bundle|26\/100\n|move|p2b: Iron Bundle|Hydro Pump|p1a: kek\n|-enditem|p1a: kek|Focus Sash\n|-damage|p1a: kek|1\/100\n|-damage|p2b: Iron Bundle|17\/100|[from] item: Life Orb\n|\n|upkeep\n|turn|3\n|\n|t:|1682990777\n|switch|p2a: Maushold|Maushold, L50|100\/100\n|move|p2b: Iron Bundle|Protect|p2b: Iron Bundle\n|-singleturn|p2b: Iron Bundle|Protect\n|move|p1b: Mommy|Knock Off|p2a: Maushold\n|-damage|p2a: Maushold|75\/100\n|-enditem|p2a: Maushold|Wide Lens|[from] move: Knock Off|[of] p1b: Mommy\n|move|p1a: kek|Brick Break|p2b: Iron Bundle\n|-activate|p2b: Iron Bundle|move: Protect\n|\n|upkeep\n|turn|4\n|\n|t:|1682990816\n|move|p2a: Maushold|Protect|p2a: Maushold\n|-singleturn|p2a: Maushold|Protect\n|move|p1b: Mommy|Dazzling Gleam|p2b: Iron Bundle|[spread] p2b\n|-activate|p2a: Maushold|move: Protect\n|-damage|p2b: Iron Bundle|0 fnt\n|faint|p2b: Iron Bundle\n|-end|p2b: Iron Bundle|Quark Drive|[silent]\n|move|p1a: kek|Brick Break|p2a: Maushold\n|-activate|p2a: Maushold|move: Protect\n|\n|upkeep\n|\n|t:|1682990822\n|switch|p2b: Klefki|Klefki, L50, M|100\/100\n|turn|5\n|\n|t:|1682990838\n|-terastallize|p2a: Maushold|Ghost\n|move|p2b: Klefki|Reflect|p2b: Klefki\n|-sidestart|p2: Mailman22|Reflect\n|move|p1b: Mommy|Knock Off|p2b: Klefki\n|-resisted|p2b: Klefki\n|-damage|p2b: Klefki|96\/100\n|-enditem|p2b: Klefki|Light Clay|[from] move: Knock Off|[of] p1b: Mommy\n|move|p2a: Maushold|Population Bomb|p1b: Mommy\n|-damage|p1b: Mommy|86\/100\n|-hitcount|p1b: Mommy|1\n|move|p1a: kek|Brick Break|p2a: Maushold\n|-immune|p2a: Maushold\n|\n|-fieldend|move: Trick Room\n|upkeep\n|turn|6\n|\n|t:|1682990870\n|switch|p1a: sussywussy|Amoonguss, L50, M|100\/100\n|-terastallize|p1b: Mommy|Steel\n|move|p2a: Maushold|Population Bomb|p1b: Mommy\n|-resisted|p1b: Mommy\n|-damage|p1b: Mommy|80\/100\n|-resisted|p1b: Mommy\n|-damage|p1b: Mommy|74\/100\n|-resisted|p1b: Mommy\n|-damage|p1b: Mommy|67\/100\n|-hitcount|p1b: Mommy|3\n|move|p2b: Klefki|Dazzling Gleam|p1a: sussywussy|[spread] p1a,p1b\n|-resisted|p1a: sussywussy\n|-resisted|p1b: Mommy\n|-damage|p1a: sussywussy|95\/100\n|-damage|p1b: Mommy|59\/100\n|move|p1b: Mommy|Trick Room|p1b: Mommy\n|-fieldstart|move: Trick Room|[of] p1b: Mommy\n|\n|upkeep\n|turn|7\n|\n|t:|1682990904\n|switch|p1b: Dragagagagagle|Dragalge, L50, F|100\/100\n|move|p2a: Maushold|Protect|p2a: Maushold\n|-singleturn|p2a: Maushold|Protect\n|move|p2b: Klefki|Thunder Wave|p1b: Dragagagagagle\n|-status|p1b: Dragagagagagle|par\n|-enditem|p1b: Dragagagagagle|Lum Berry|[eat]\n|-curestatus|p1b: Dragagagagagle|par|[msg]\n|move|p1a: sussywussy|Spore|p2a: Maushold\n|-activate|p2a: Maushold|move: Protect\n|\n|upkeep\n|turn|8\n|l| LackieLackey\n|\n|t:|1682990926\n|move|p2b: Klefki|Thunder Wave|p1a: sussywussy\n|-status|p1a: sussywussy|par\n|move|p1a: sussywussy|Spore|p2b: Klefki\n|-status|p2b: Klefki|slp|[from] move: Spore\n|move|p1b: Dragagagagagle|Sludge Bomb|p2a: Maushold\n|-resisted|p2a: Maushold\n|-damage|p2a: Maushold|31\/100\n|-status|p2a: Maushold|psn\n|move|p2a: Maushold|Population Bomb|p1b: Dragagagagagle\n|-damage|p1b: Dragagagagagle|88\/100\n|-damage|p1b: Dragagagagagle|75\/100\n|-damage|p1b: Dragagagagagle|63\/100\n|-damage|p1b: Dragagagagagle|50\/100\n|-damage|p1b: Dragagagagagle|38\/100\n|-damage|p1b: Dragagagagagle|25\/100\n|-crit|p1b: Dragagagagagle\n|-damage|p1b: Dragagagagagle|6\/100\n|-damage|p1b: Dragagagagagle|0 fnt\n|faint|p1b: Dragagagagagle\n|-hitcount|p1: Dragagagagagle|8\n|\n|-damage|p2a: Maushold|19\/100 psn|[from] psn\n|upkeep\n|\n|t:|1682990938\n|switch|p1b: Mommy|Gardevoir, L50, F, tera:Steel|59\/100\n|turn|9\n|\n|t:|1682990963\n|move|p2a: Maushold|Protect|p2a: Maushold\n|-singleturn|p2a: Maushold|Protect\n|move|p1a: sussywussy|Rage Powder|p1a: sussywussy\n|-singleturn|p1a: sussywussy|move: Rage Powder\n|cant|p2b: Klefki|slp\n|move|p1b: Mommy|Dazzling Gleam|p2b: Klefki|[spread] p2b\n|-activate|p2a: Maushold|move: Protect\n|-resisted|p2b: Klefki\n|-damage|p2b: Klefki|77\/100 slp\n|\n|-damage|p2a: Maushold|7\/100 psn|[from] psn\n|upkeep\n|turn|10\n|\n|t:|1682990980\n|move|p1a: sussywussy|Rage Powder|p1a: sussywussy\n|-singleturn|p1a: sussywussy|move: Rage Powder\n|-curestatus|p2b: Klefki|slp|[msg]\n|move|p2b: Klefki|Light Screen|p2b: Klefki\n|-sidestart|p2: Mailman22|move: Light Screen\n|move|p1b: Mommy|Dazzling Gleam|p2b: Klefki|[spread] p2a,p2b\n|-resisted|p2b: Klefki\n|-damage|p2a: Maushold|0 fnt\n|-damage|p2b: Klefki|65\/100\n|faint|p2a: Maushold\n|\n|-fieldend|move: Trick Room\n|upkeep\n|\n|t:|1682990987\n|switch|p2a: Sandy Shocks|Sandy Shocks, L50|100\/100\n|-enditem|p2a: Sandy Shocks|Booster Energy\n|-activate|p2a: Sandy Shocks|ability: Protosynthesis|[fromitem]\n|-start|p2a: Sandy Shocks|protosynthesisspa\n|turn|11\n|\n|t:|1682991017\n|move|p2a: Sandy Shocks|Earth Power|p1b: Mommy\n|-supereffective|p1b: Mommy\n|-damage|p1b: Mommy|0 fnt\n|faint|p1b: Mommy\n|move|p2b: Klefki|Dazzling Gleam|p1a: sussywussy\n|-resisted|p1a: sussywussy\n|-damage|p1a: sussywussy|86\/100 par\n|move|p1a: sussywussy|Spore|p2a: Sandy Shocks\n|-status|p2a: Sandy Shocks|slp|[from] move: Spore\n|\n|upkeep\n|\n|t:|1682991020\n|switch|p1b: kek|Weavile, L50, M|1\/100\n|-ability|p1b: kek|Pressure\n|turn|12\n|\n|t:|1682991029\n|cant|p2a: Sandy Shocks|slp\n|move|p1a: sussywussy|Rage Powder|p1a: sussywussy\n|-singleturn|p1a: sussywussy|move: Rage Powder\n|move|p1b: kek|Ice Spinner|p2a: Sandy Shocks\n|-supereffective|p2a: Sandy Shocks\n|-damage|p2a: Sandy Shocks|41\/100 slp\n|move|p2b: Klefki|Dazzling Gleam|p1b: kek|[spread] p1a,p1b\n|-resisted|p1a: sussywussy\n|-supereffective|p1b: kek\n|-damage|p1a: sussywussy|79\/100 par\n|-damage|p1b: kek|0 fnt\n|faint|p1b: kek\n|\n|-sideend|p2: Mailman22|Reflect\n|upkeep\n|turn|13\n|c|\u2606Ichiban0|welp\n|c|\u2606Ichiban0|here comes the trash talk\n|c|\u2606Ichiban0|holy\n|\n|t:|1682991055\n|cant|p2a: Sandy Shocks|slp\n|move|p2b: Klefki|Reflect|p2b: Klefki\n|-sidestart|p2: Mailman22|Reflect\n|move|p1a: sussywussy|Pollen Puff|p2a: Sandy Shocks\n|-damage|p2a: Sandy Shocks|25\/100 slp\n|\n|upkeep\n|turn|14\n|\n|t:|1682991064\n|-curestatus|p2a: Sandy Shocks|slp|[msg]\n|move|p2a: Sandy Shocks|Protect|p2a: Sandy Shocks\n|-singleturn|p2a: Sandy Shocks|Protect\n|move|p2b: Klefki|Dazzling Gleam|p1a: sussywussy\n|-resisted|p1a: sussywussy\n|-damage|p1a: sussywussy|71\/100 par\n|move|p1a: sussywussy|Pollen Puff|p2a: Sandy Shocks\n|-activate|p2a: Sandy Shocks|move: Protect\n|\n|-sideend|p2: Mailman22|move: Light Screen\n|upkeep\n|turn|15\n|\n|t:|1682991079\n|move|p2b: Klefki|Light Screen|p2b: Klefki\n|-sidestart|p2: Mailman22|move: Light Screen\n|move|p2a: Sandy Shocks|Earth Power|p1a: sussywussy\n|-damage|p1a: sussywussy|29\/100 par\n|move|p1a: sussywussy|Spore|p2a: Sandy Shocks\n|-status|p2a: Sandy Shocks|slp|[from] move: Spore\n|\n|upkeep\n|turn|16\n|\n|t:|1682991087\n|cant|p2a: Sandy Shocks|slp\n|move|p2b: Klefki|Dazzling Gleam|p1a: sussywussy\n|-resisted|p1a: sussywussy\n|-damage|p1a: sussywussy|20\/100 par\n|move|p1a: sussywussy|Pollen Puff|p2a: Sandy Shocks\n|-damage|p2a: Sandy Shocks|10\/100 slp\n|\n|upkeep\n|turn|17\n|\n|t:|1682991097\n|cant|p2a: Sandy Shocks|slp\n|move|p2b: Klefki|Dazzling Gleam|p1a: sussywussy\n|-resisted|p1a: sussywussy\n|-damage|p1a: sussywussy|12\/100 par\n|move|p1a: sussywussy|Pollen Puff|p2a: Sandy Shocks\n|-damage|p2a: Sandy Shocks|0 fnt\n|faint|p2a: Sandy Shocks\n|-end|p2a: Sandy Shocks|Protosynthesis|[silent]\n|\n|-sideend|p2: Mailman22|Reflect\n|upkeep\n|turn|18\n|\n|t:|1682991107\n|move|p2b: Klefki|Dazzling Gleam|p1a: sussywussy\n|-resisted|p1a: sussywussy\n|-damage|p1a: sussywussy|3\/100 par\n|move|p1a: sussywussy|Spore|p2b: Klefki\n|-status|p2b: Klefki|slp|[from] move: Spore\n|\n|upkeep\n|turn|19\n|\n|t:|1682991113\n|cant|p2b: Klefki|slp\n|move|p1a: sussywussy|Pollen Puff|p2b: Klefki\n|-resisted|p2b: Klefki\n|-damage|p2b: Klefki|62\/100 slp\n|\n|-sideend|p2: Mailman22|move: Light Screen\n|upkeep\n|turn|20\n|\n|t:|1682991123\n|-curestatus|p2b: Klefki|slp|[msg]\n|move|p2b: Klefki|Light Screen|p2b: Klefki\n|-sidestart|p2: Mailman22|move: Light Screen\n|move|p1a: sussywussy|Pollen Puff|p2b: Klefki\n|-resisted|p2b: Klefki\n|-damage|p2b: Klefki|59\/100\n|\n|upkeep\n|turn|21\n|\n|t:|1682991132\n|move|p2b: Klefki|Dazzling Gleam|p1a: sussywussy\n|-resisted|p1a: sussywussy\n|-damage|p1a: sussywussy|0 fnt\n|faint|p1a: sussywussy\n|\n|win|Mailman22\n|c|\u2606Mailman22|Gg\n|c|\u2606Ichiban0|f me\n|c|\u2606Mailman22|that scared me lol\n|l|\u2606Mailman22\n|j|\u2606Mailman22\n|player|p2|Mailman22|preschooler\n","uploadtime":1682991221,"views":20,"p1id":"ichiban0","p2id":"mailman22","formatid":"gen9vgc2023regulationc","rating":0,"private":0,"password":""}