{"id":"gen9vgc2023regulationc-1856312346","p1":"RylektVGC","p2":"Spearwinner","format":"[Gen 9] VGC 2023 Regulation C","log":"|j|\u2606RylektVGC\n|j|\u2606Spearwinner\n|t:|1683049901\n|gametype|doubles\n|player|p1|RylektVGC|flannery|\n|player|p2|Spearwinner|2|\n|teamsize|p1|6\n|teamsize|p2|6\n|gen|9\n|tier|[Gen 9] VGC 2023 Regulation C\n|rule|Species Clause: Limit one of each Pok\u00e9mon\n|rule|Item Clause: Limit one of each item\n|clearpoke\n|poke|p1|Maushold-Four, L50|\n|poke|p1|Gholdengo, L50|\n|poke|p1|Flutter Mane, L50|\n|poke|p1|Dragonite, L50, F|\n|poke|p1|Chien-Pao, L50|\n|poke|p1|Iron Bundle, L50|\n|poke|p2|Dragonite, L50, M|\n|poke|p2|Chien-Pao, L50|\n|poke|p2|Ceruledge, L50, F|\n|poke|p2|Scream Tail, L50|\n|poke|p2|Azumarill, L50, M|\n|poke|p2|Ting-Lu, L50|\n|teampreview|4\nRylektVGC has agreed to open team sheets.\n|c|\u2606RylektVGC|g1\nSpearwinner has agreed to open team sheets.\n|c|\u2606Spearwinner|g1\n|c|\u2606Spearwinner|glhf\n|c|\u2606RylektVGC|glhf\n|\n|t:|1683050021\n|start\n|switch|p1a: MausTour|Maushold-Four, L50|100\/100\n|switch|p1b: Iron Bundle|Iron Bundle, L50|100\/100\n|switch|p2a: Scream Tail|Scream Tail, L50|100\/100\n|switch|p2b: Azumarill|Azumarill, L50, M|100\/100\n|-enditem|p1b: Iron Bundle|Booster Energy\n|-activate|p1b: Iron Bundle|ability: Quark Drive|[fromitem]\n|-start|p1b: Iron Bundle|quarkdrivespe\n|-enditem|p2a: Scream Tail|Booster Energy\n|-activate|p2a: Scream Tail|ability: Protosynthesis|[fromitem]\n|-start|p2a: Scream Tail|protosynthesisdef\n|turn|1\n|\n|t:|1683050080\n|move|p1a: MausTour|Follow Me|p1a: MausTour\n|-singleturn|p1a: MausTour|move: Follow Me\n|move|p1b: Iron Bundle|Hydro Pump|p2a: Scream Tail|[miss]\n|-miss|p1b: Iron Bundle|p2a: Scream Tail\n|move|p2a: Scream Tail|Howl|p2a: Scream Tail|[spread] p2a,p2b\n|-boost|p2a: Scream Tail|atk|1\n|-boost|p2b: Azumarill|atk|1\n|move|p2b: Azumarill|Superpower|p1a: MausTour\n|-supereffective|p1a: MausTour\n|-damage|p1a: MausTour|0 fnt\n|-unboost|p2b: Azumarill|atk|1\n|-unboost|p2b: Azumarill|def|1\n|faint|p1a: MausTour\n|-damage|p2b: Azumarill|91\/100|[from] item: Life Orb\n|\n|upkeep\n|\n|t:|1683050117\n|switch|p1a: Dragonite|Dragonite, L50, F, shiny|100\/100\n|turn|2\n|\n|t:|1683050140\n|-terastallize|p1a: Dragonite|Flying\n|move|p1b: Iron Bundle|Icy Wind|p2b: Azumarill|[spread] p2a,p2b\n|-resisted|p2b: Azumarill\n|-damage|p2a: Scream Tail|88\/100\n|-damage|p2b: Azumarill|79\/100\n|-unboost|p2a: Scream Tail|spe|1\n|-unboost|p2b: Azumarill|spe|1\n|move|p1a: Dragonite|Tera Blast|p2b: Azumarill\n|-damage|p2b: Azumarill|0 fnt\n|faint|p2b: Azumarill\n|move|p2a: Scream Tail|Thunder Wave|p1a: Dragonite|[miss]\n|-miss|p2a: Scream Tail|p1a: Dragonite\n|\n|upkeep\n|\n|t:|1683050156\n|switch|p2b: Dragonite|Dragonite, L50, M|100\/100\n|turn|3\n|\n|t:|1683050180\n|switch|p2b: Ceruledge|Ceruledge, L50, F|100\/100\n|move|p1a: Dragonite|Extreme Speed|p2b: Ceruledge\n|-immune|p2b: Ceruledge\n|move|p1b: Iron Bundle|Freeze-Dry|p2b: Ceruledge\n|-resisted|p2b: Ceruledge\n|-damage|p2b: Ceruledge|89\/100\n|move|p2a: Scream Tail|Thunder Wave|p1a: Dragonite\n|-status|p1a: Dragonite|par\n|\n|upkeep\n|turn|4\n|\n|t:|1683050230\n|move|p1b: Iron Bundle|Protect|p1b: Iron Bundle\n|-singleturn|p1b: Iron Bundle|Protect\n|move|p2b: Ceruledge|Bulk Up|p2b: Ceruledge\n|-boost|p2b: Ceruledge|atk|1\n|-boost|p2b: Ceruledge|def|1\n|move|p2a: Scream Tail|Encore|p1a: Dragonite\n|-start|p1a: Dragonite|Encore\n|cant|p1a: Dragonite|par\n|\n|upkeep\n|turn|5\n|\n|t:|1683050270\n|-terastallize|p2b: Ceruledge|Grass\n|move|p1a: Dragonite|Extreme Speed|p2a: Scream Tail\n|-damage|p2a: Scream Tail|70\/100\n|move|p1b: Iron Bundle|Hydro Pump|p2b: Ceruledge\n|-resisted|p2b: Ceruledge\n|-damage|p2b: Ceruledge|70\/100\n|move|p2b: Ceruledge|Tera Blast|p1b: Iron Bundle\n|-supereffective|p1b: Iron Bundle\n|-damage|p1b: Iron Bundle|0 fnt\n|faint|p1b: Iron Bundle\n|-end|p1b: Iron Bundle|Quark Drive|[silent]\n|move|p2a: Scream Tail|Thunder Wave|p1a: Dragonite\n|-fail|p1a: Dragonite|par\n|\n|upkeep\n|\n|t:|1683050278\n|switch|p1b: Flutter Mane|Flutter Mane, L50|100\/100\n|turn|6\n|\n|t:|1683050294\n|cant|p1a: Dragonite|par\n|move|p2b: Ceruledge|Shadow Sneak|p1a: Dragonite\n|-damage|p1a: Dragonite|88\/100 par\n|move|p1b: Flutter Mane|Dazzling Gleam|p2a: Scream Tail|[spread] p2a,p2b\n|-damage|p2a: Scream Tail|41\/100\n|-damage|p2b: Ceruledge|39\/100\n|move|p2a: Scream Tail|Thunder Wave|p1b: Flutter Mane\n|-status|p1b: Flutter Mane|par\n|\n|-end|p1a: Dragonite|Encore\n|upkeep\n|turn|7\n|\n|t:|1683050314\n|move|p1a: Dragonite|Extreme Speed|p2b: Ceruledge\n|-damage|p2b: Ceruledge|16\/100\n|move|p2b: Ceruledge|Bitter Blade|p1b: Flutter Mane\n|-damage|p1b: Flutter Mane|2\/100 par\n|-heal|p2b: Ceruledge|55\/100|[from] drain|[of] p1b: Flutter Mane\n|move|p1b: Flutter Mane|Dazzling Gleam|p2b: Ceruledge|[spread] p2a,p2b\n|-damage|p2a: Scream Tail|12\/100\n|-damage|p2b: Ceruledge|22\/100\n|move|p2a: Scream Tail|Encore|p1a: Dragonite\n|-start|p1a: Dragonite|Encore\n|\n|upkeep\n|turn|8\n|\n|t:|1683050340\n|move|p1a: Dragonite|Extreme Speed|p2b: Ceruledge\n|-damage|p2b: Ceruledge|0 fnt\n|faint|p2b: Ceruledge\n|move|p1b: Flutter Mane|Dazzling Gleam|p2a: Scream Tail\n|-damage|p2a: Scream Tail|0 fnt\n|faint|p2a: Scream Tail\n|-end|p2a: Scream Tail|Protosynthesis|[silent]\n|\n|upkeep\n|\n|t:|1683050346\n|switch|p2b: Dragonite|Dragonite, L50, M|100\/100\n|turn|9\n|-message|Spearwinner forfeited.\n|\n|win|RylektVGC\n|l|\u2606Spearwinner\n","uploadtime":1683050368,"views":10,"p1id":"rylektvgc","p2id":"spearwinner","formatid":"gen9vgc2023regulationc","rating":0,"private":0,"password":""}