{"id":"gen9vgc2023regulationc-1847667740","p1":"LarvestaLoca","p2":"Spearwinner","format":"[Gen 9] VGC 2023 Regulation C","log":"|j|\u2606LarvestaLoca\n|j|\u2606Spearwinner\n|t:|1681990062\n|gametype|doubles\n|player|p1|LarvestaLoca|266|1340\n|player|p2|Spearwinner|101|1287\n|teamsize|p1|6\n|teamsize|p2|6\n|gen|9\n|tier|[Gen 9] VGC 2023 Regulation C\n|rated|\n|rule|Species Clause: Limit one of each Pok\u00e9mon\n|rule|Item Clause: Limit one of each item\n|clearpoke\n|poke|p1|Flutter Mane, L50|\n|poke|p1|Dragonite, L50, M|\n|poke|p1|Amoonguss, L50, F|\n|poke|p1|Kingambit, L50, F|\n|poke|p1|Iron Bundle, L50|\n|poke|p1|Arcanine, L50, F|\n|poke|p2|Dondozo, L50, M|\n|poke|p2|Tatsugiri-Stretchy, L50, F|\n|poke|p2|Meowscarada, L50, M|\n|poke|p2|Pawmot, L50, M|\n|poke|p2|Armarouge, L50, F|\n|poke|p2|Indeedee-F, L50, F|\n|teampreview|4\nLarvestaLoca rejected open team sheets.\n|\n|t:|1681990083\n|start\n|switch|p1a: Iron Bundle|Iron Bundle, L50|100\/100\n|switch|p1b: Flutter Mane|Flutter Mane, L50|100\/100\n|switch|p2a: Armarouge|Armarouge, L50, F|100\/100\n|switch|p2b: Indeedee|Indeedee-F, L50, F|100\/100\n|-fieldstart|move: Psychic Terrain|[from] ability: Psychic Surge|[of] p2b: Indeedee\n|turn|1\n|\n|t:|1681990107\n|-terastallize|p1b: Flutter Mane|Fairy\n|-terastallize|p2a: Armarouge|Normal\n|move|p1a: Iron Bundle|Freeze-Dry|p2b: Indeedee\n|-damage|p2b: Indeedee|59\/100\n|move|p1b: Flutter Mane|Moonblast|p2b: Indeedee\n|-damage|p2b: Indeedee|0 fnt\n|faint|p2b: Indeedee\n|move|p2a: Armarouge|Expanding Force|p1a: Iron Bundle|[spread] p1a,p1b\n|-enditem|p1a: Iron Bundle|Focus Sash\n|-damage|p1a: Iron Bundle|1\/100\n|-damage|p1b: Flutter Mane|52\/100\n|\n|upkeep\n|\n|t:|1681990120\n|switch|p2b: Meowscarada|Meowscarada, L50, M|100\/100\n|turn|2\n|\n|t:|1681990135\n|move|p2b: Meowscarada|Sucker Punch|p2a: Armarouge\n|-damage|p2a: Armarouge|69\/100\n|-ability|p2a: Armarouge|Weak Armor|boost\n|-unboost|p2a: Armarouge|def|1\n|-boost|p2a: Armarouge|spe|2\n|move|p2a: Armarouge|Expanding Force|p1a: Iron Bundle|[spread] p1a,p1b\n|-damage|p1a: Iron Bundle|0 fnt\n|-damage|p1b: Flutter Mane|0 fnt\n|faint|p1a: Iron Bundle\n|-end|p1a: Iron Bundle|Quark Drive|[silent]\n|faint|p1b: Flutter Mane\n|-end|p1b: Flutter Mane|Protosynthesis|[silent]\n|\n|upkeep\n|\n|t:|1681990145\n|switch|p1a: Arcanine|Arcanine, L50, F|100\/100\n|switch|p1b: Amoonguss|Amoonguss, L50, F|100\/100\n|-ability|p1a: Arcanine|Intimidate|boost\n|-unboost|p2a: Armarouge|atk|1\n|-unboost|p2b: Meowscarada|atk|1\n|turn|3\n|\n|t:|1681990157\n|move|p1a: Arcanine|Protect|p1a: Arcanine\n|-singleturn|p1a: Arcanine|Protect\n|move|p1b: Amoonguss|Protect|p1b: Amoonguss\n|-singleturn|p1b: Amoonguss|Protect\n|move|p2a: Armarouge|Expanding Force|p1b: Amoonguss|[spread] \n|-activate|p1a: Arcanine|move: Protect\n|-activate|p1b: Amoonguss|move: Protect\n|move|p2b: Meowscarada|Copycat|p2b: Meowscarada\n|move|p2b: Meowscarada|Expanding Force|p1b: Amoonguss|[from]move: Copycat|[spread] \n|-activate|p1a: Arcanine|move: Protect\n|-activate|p1b: Amoonguss|move: Protect\n|\n|upkeep\n|turn|4\n|inactive|Battle timer is ON: inactive players will automatically lose when time's up. (requested by Spearwinner)\n|\n|t:|1681990181\n|move|p1b: Amoonguss|Protect||[still]\n|-fail|p1b: Amoonguss\n|move|p2a: Armarouge|Expanding Force|p1b: Amoonguss|[spread] p1a,p1b\n|-supereffective|p1b: Amoonguss\n|-damage|p1a: Arcanine|48\/100\n|-damage|p1b: Amoonguss|15\/100\n|-enditem|p1a: Arcanine|Sitrus Berry|[eat]\n|-heal|p1a: Arcanine|73\/100|[from] item: Sitrus Berry\n|move|p2b: Meowscarada|Copycat|p2b: Meowscarada\n|move|p2b: Meowscarada|Expanding Force|p1a: Arcanine|[from]move: Copycat|[spread] p1a,p1b\n|-supereffective|p1b: Amoonguss\n|-damage|p1a: Arcanine|48\/100\n|-damage|p1b: Amoonguss|0 fnt\n|faint|p1b: Amoonguss\n|move|p1a: Arcanine|Flare Blitz|p2a: Armarouge\n|-damage|p2a: Armarouge|4\/100\n|-ability|p2a: Armarouge|Weak Armor|boost\n|-unboost|p2a: Armarouge|def|1\n|-boost|p2a: Armarouge|spe|2\n|-damage|p1a: Arcanine|28\/100|[from] Recoil\n|\n|upkeep\n|turn|5\n|\n|t:|1681990198\n|move|p1a: Arcanine|Protect|p1a: Arcanine\n|-singleturn|p1a: Arcanine|Protect\n|move|p2a: Armarouge|Expanding Force|p1a: Arcanine\n|-activate|p1a: Arcanine|move: Protect\n|move|p2b: Meowscarada|Copycat|p2b: Meowscarada\n|move|p2b: Meowscarada|Expanding Force|p1a: Arcanine|[from]move: Copycat\n|-activate|p1a: Arcanine|move: Protect\n|\n|-fieldend|move: Psychic Terrain\n|upkeep\n|turn|6\n|\n|t:|1681990208\n|move|p1a: Arcanine|Extreme Speed|p2a: Armarouge\n|-damage|p2a: Armarouge|0 fnt\n|faint|p2a: Armarouge\n|move|p2b: Meowscarada|Knock Off|p1a: Arcanine\n|-damage|p1a: Arcanine|2\/100\n|\n|upkeep\n|\n|t:|1681990211\n|switch|p2a: Pawmot|Pawmot, L50, M|100\/100\n|turn|7\n|-message|LarvestaLoca forfeited.\n|\n|win|Spearwinner\n|raw|LarvestaLoca's rating: 1340 → 1317<\/strong> (-23 for losing)\n|raw|Spearwinner's rating: 1287 → 1316<\/strong> (+29 for winning)\n|l|\u2606LarvestaLoca\n","uploadtime":1681990220,"views":8,"p1id":"larvestaloca","p2id":"spearwinner","formatid":"gen9vgc2023regulationc","rating":1316,"private":0,"password":""}