{"id":"gen9vgc2023regulationc-1861476931","p1":"WillieDangerously","p2":"Brutzy","format":"[Gen 9] VGC 2023 Regulation C","log":"|j|\u2606WillieDangerously\n|j|\u2606Brutzy\n|t:|1683762632\n|gametype|doubles\n|player|p1|WillieDangerously|psychic-gen4|1221\n|player|p2|Brutzy|roughneck|1177\n|teamsize|p1|6\n|teamsize|p2|6\n|gen|9\n|tier|[Gen 9] VGC 2023 Regulation C\n|rated|\n|rule|Species Clause: Limit one of each Pok\u00e9mon\n|rule|Item Clause: Limit one of each item\n|clearpoke\n|poke|p1|Gholdengo, L50|\n|poke|p1|Wo-Chien, L50|\n|poke|p1|Iron Bundle, L50|\n|poke|p1|Dragapult, L50, M|\n|poke|p1|Hippowdon, L50, M|\n|poke|p1|Glimmora, L50, M|\n|poke|p2|Annihilape, L50, M|\n|poke|p2|Braviary, L50, M|\n|poke|p2|Azumarill, L50, M|\n|poke|p2|Volcarona, L50, F|\n|poke|p2|Baxcalibur, L50, M|\n|poke|p2|Toxicroak, L50, M|\n|teampreview|4\n|inactive|Battle timer is ON: inactive players will automatically lose when time's up. (requested by Brutzy)\n|\n|t:|1683762680\n|start\n|switch|p1a: Glimmora|Glimmora, L50, M|100\/100\n|switch|p1b: Hippowdon|Hippowdon, L50, M|100\/100\n|switch|p2a: Braviary|Braviary, L50, M|100\/100\n|switch|p2b: Baxcalibur|Baxcalibur, L50, M|100\/100\n|-weather|Sandstorm|[from] ability: Sand Stream|[of] p1b: Hippowdon\n|turn|1\n|inactive|WillieDangerously has 30 seconds left.\n|inactive|Brutzy has 30 seconds left.\n|inactive|WillieDangerously has 20 seconds left.\n|\n|t:|1683762719\n|-terastallize|p2b: Baxcalibur|Ground\n|-terastallize|p1b: Hippowdon|Water\n|move|p2b: Baxcalibur|Dragon Dance|p2b: Baxcalibur\n|-boost|p2b: Baxcalibur|atk|1\n|-boost|p2b: Baxcalibur|spe|1\n|move|p1a: Glimmora|Mortal Spin|p2b: Baxcalibur|[spread] p2a,p2b\n|-resisted|p2b: Baxcalibur\n|-damage|p2a: Braviary|96\/100\n|-damage|p2b: Baxcalibur|99\/100\n|-status|p2a: Braviary|psn\n|-status|p2b: Baxcalibur|psn\n|move|p2a: Braviary|Tailwind|p2a: Braviary\n|-sidestart|p2: Brutzy|move: Tailwind\n|move|p1b: Hippowdon|Sand Tomb|p2b: Baxcalibur|[miss]\n|-miss|p1b: Hippowdon|p2b: Baxcalibur\n|\n|-weather|Sandstorm|[upkeep]\n|-damage|p2a: Braviary|90\/100 psn|[from] Sandstorm\n|-damage|p1b: Hippowdon|94\/100|[from] Sandstorm\n|-damage|p2b: Baxcalibur|86\/100 psn|[from] psn\n|-damage|p2a: Braviary|77\/100 psn|[from] psn\n|upkeep\n|turn|2\n|inactive|WillieDangerously has 30 seconds left.\n|inactive|Brutzy has 30 seconds left.\n|inactive|WillieDangerously has 20 seconds left.\n|\n|t:|1683762757\n|move|p2b: Baxcalibur|Earthquake|p1b: Hippowdon|[spread] p1a,p1b\n|-immune|p2a: Braviary\n|-supereffective|p1a: Glimmora\n|-damage|p1a: Glimmora|0 fnt\n|-damage|p1b: Hippowdon|53\/100\n|-activate|p1a: Glimmora|ability: Toxic Debris\n|-sidestart|p2: Brutzy|move: Toxic Spikes\n|faint|p1a: Glimmora\n|move|p2a: Braviary|Facade|p1b: Hippowdon\n|-damage|p1b: Hippowdon|12\/100\n|-enditem|p1b: Hippowdon|Mago Berry|[eat]\n|-heal|p1b: Hippowdon|45\/100|[from] item: Mago Berry\n|move|p1b: Hippowdon|Sand Tomb|p2b: Baxcalibur\n|-damage|p2b: Baxcalibur|72\/100 psn\n|-activate|p2b: Baxcalibur|move: Sand Tomb|[of] p1b: Hippowdon\n|\n|-weather|Sandstorm|[upkeep]\n|-damage|p2a: Braviary|71\/100 psn|[from] Sandstorm\n|-damage|p1b: Hippowdon|39\/100|[from] Sandstorm\n|-damage|p2b: Baxcalibur|60\/100 psn|[from] psn\n|-damage|p2a: Braviary|59\/100 psn|[from] psn\n|-damage|p2b: Baxcalibur|48\/100 psn|[from] move: Sand Tomb|[partiallytrapped]\n|upkeep\n|\n|t:|1683762780\n|switch|p1a: Iron Bundle|Iron Bundle, L50|100\/100\n|-enditem|p1a: Iron Bundle|Booster Energy\n|-activate|p1a: Iron Bundle|ability: Quark Drive|[fromitem]\n|-start|p1a: Iron Bundle|quarkdrivespe\n|turn|3\n|inactive|WillieDangerously has 30 seconds left.\n|\n|t:|1683762807\n|move|p1b: Hippowdon|Protect|p1b: Hippowdon\n|-singleturn|p1b: Hippowdon|Protect\n|move|p2b: Baxcalibur|Earthquake|p1a: Iron Bundle|[spread] p1a\n|-activate|p1b: Hippowdon|move: Protect\n|-immune|p2a: Braviary\n|-damage|p1a: Iron Bundle|34\/100\n|move|p1a: Iron Bundle|Icy Wind|p2a: Braviary|[spread] p2a,p2b\n|-supereffective|p2a: Braviary\n|-supereffective|p2b: Baxcalibur\n|-damage|p2a: Braviary|15\/100 psn\n|-damage|p2b: Baxcalibur|9\/100 psn\n|-unboost|p2a: Braviary|spe|1\n|-ability|p2a: Braviary|Defiant|boost\n|-boost|p2a: Braviary|atk|2\n|-unboost|p2b: Baxcalibur|spe|1\n|move|p2a: Braviary|Facade|p1a: Iron Bundle\n|-damage|p1a: Iron Bundle|0 fnt\n|faint|p1a: Iron Bundle\n|-end|p1a: Iron Bundle|Quark Drive|[silent]\n|\n|-weather|Sandstorm|[upkeep]\n|-damage|p2a: Braviary|9\/100 psn|[from] Sandstorm\n|-damage|p1b: Hippowdon|33\/100|[from] Sandstorm\n|-damage|p2b: Baxcalibur|0 fnt|[from] psn\n|faint|p2b: Baxcalibur\n|-damage|p2a: Braviary|0 fnt|[from] psn\n|faint|p2a: Braviary\n|upkeep\n|inactive|WillieDangerously has 30 seconds left.\n|inactive|Brutzy has 30 seconds left.\n|\n|t:|1683762836\n|switch|p1a: Gholdengo|Gholdengo, L50|100\/100\n|switch|p2b: Volcarona|Volcarona, L50, F|100\/100\n|switch|p2a: Toxicroak|Toxicroak, L50, M|100\/100\n|-status|p2b: Volcarona|psn\n|-sideend|p2: Brutzy|move: Toxic Spikes|[of] p2a: Toxicroak\n|turn|4\n|inactive|WillieDangerously has 30 seconds left.\n|\n|t:|1683762866\n|move|p1a: Gholdengo|Protect|p1a: Gholdengo\n|-singleturn|p1a: Gholdengo|Protect\n|move|p2a: Toxicroak|Fake Out|p1b: Hippowdon\n|-damage|p1b: Hippowdon|25\/100\n|move|p2b: Volcarona|Quiver Dance|p2b: Volcarona\n|-boost|p2b: Volcarona|spa|1\n|-boost|p2b: Volcarona|spd|1\n|-boost|p2b: Volcarona|spe|1\n|cant|p1b: Hippowdon|flinch\n|\n|-weather|Sandstorm|[upkeep]\n|-damage|p2b: Volcarona|94\/100 psn|[from] Sandstorm\n|-damage|p2a: Toxicroak|95\/100|[from] Sandstorm\n|-damage|p1b: Hippowdon|19\/100|[from] Sandstorm\n|-damage|p2b: Volcarona|82\/100 psn|[from] psn\n|-sideend|p2: Brutzy|move: Tailwind\n|upkeep\n|turn|5\n|\n|t:|1683762885\n|move|p2b: Volcarona|Fiery Dance|p1a: Gholdengo\n|-supereffective|p1a: Gholdengo\n|-damage|p1a: Gholdengo|0 fnt\n|-boost|p2b: Volcarona|spa|1\n|faint|p1a: Gholdengo\n|move|p2a: Toxicroak|Rock Slide|p1b: Hippowdon\n|-damage|p1b: Hippowdon|2\/100\n|move|p1b: Hippowdon|Sand Tomb|p2b: Volcarona\n|-damage|p2b: Volcarona|62\/100 psn\n|-activate|p2b: Volcarona|move: Sand Tomb|[of] p1b: Hippowdon\n|\n|-weather|none\n|-damage|p2b: Volcarona|49\/100 psn|[from] psn\n|-damage|p2b: Volcarona|37\/100 psn|[from] move: Sand Tomb|[partiallytrapped]\n|upkeep\n|turn|6\n|\n|t:|1683762903\n|move|p1b: Hippowdon|Protect|p1b: Hippowdon\n|-singleturn|p1b: Hippowdon|Protect\n|move|p2b: Volcarona|Bug Buzz|p1b: Hippowdon\n|-activate|p1b: Hippowdon|move: Protect\n|move|p2a: Toxicroak|X-Scissor|p1b: Hippowdon\n|-activate|p1b: Hippowdon|move: Protect\n|\n|-damage|p2b: Volcarona|25\/100 psn|[from] psn\n|-damage|p2b: Volcarona|12\/100 psn|[from] move: Sand Tomb|[partiallytrapped]\n|upkeep\n|turn|7\n|\n|t:|1683762918\n|move|p1b: Hippowdon|Protect||[still]\n|-fail|p1b: Hippowdon\n|move|p2b: Volcarona|Bug Buzz|p1b: Hippowdon\n|-damage|p1b: Hippowdon|0 fnt\n|faint|p1b: Hippowdon\n|\n|win|Brutzy\n|raw|WillieDangerously's rating: 1221 → 1193<\/strong> (-28 for losing)\n|raw|Brutzy's rating: 1177 → 1205<\/strong> (+28 for winning)\n","uploadtime":1683762921,"views":3,"p1id":"williedangerously","p2id":"brutzy","formatid":"gen9vgc2023regulationc","rating":1193,"private":0,"password":""}