{"id":"gen9vgc2023regulationc-1857216610","p1":"joetheGooVGC","p2":"Autumn0815","format":"[Gen 9] VGC 2023 Regulation C","log":"|j|\u2606joetheGooVGC\n|j|\u2606Autumn0815\n|t:|1683159174\n|gametype|doubles\n|player|p1|joetheGooVGC|169|\n|player|p2|Autumn0815|lady|\n|teamsize|p1|6\n|teamsize|p2|6\n|gen|9\n|tier|[Gen 9] VGC 2023 Regulation C\n|rule|Species Clause: Limit one of each Pok\u00e9mon\n|rule|Item Clause: Limit one of each item\n|clearpoke\n|poke|p1|Garganacl, L50, M|\n|poke|p1|Iron Hands, L50|\n|poke|p1|Iron Bundle, L50|\n|poke|p1|Flutter Mane, L50|\n|poke|p1|Espathra, L50, M|\n|poke|p1|Tyranitar, L50, M|\n|poke|p2|Indeedee-F, L50, F|\n|poke|p2|Armarouge, L50, F|\n|poke|p2|Farigiraf, L50, F|\n|poke|p2|Iron Hands, L50|\n|poke|p2|Torkoal, L50, F|\n|poke|p2|Slither Wing, L50|\n|teampreview|4\n|inactive|Battle timer is ON: inactive players will automatically lose when time's up. (requested by Autumn0815)\n|c|\u2606Autumn0815|Hoii!\n|inactive|joetheGooVGC has 60 seconds left.\n|inactive|Autumn0815 has 60 seconds left.\n|inactive|joetheGooVGC has 30 seconds left.\n|\n|t:|1683159239\n|start\n|switch|p1a: Espathra|Espathra, L50, M, shiny|100\/100\n|switch|p1b: Flutter Mane|Flutter Mane, L50, shiny|100\/100\n|switch|p2a: Didi|Indeedee-F, L50, F, shiny|100\/100\n|switch|p2b: Rouge|Armarouge, L50, F, shiny|100\/100\n|-fieldstart|move: Psychic Terrain|[from] ability: Psychic Surge|[of] p2a: Didi\n|-enditem|p2a: Didi|Psychic Seed\n|-boost|p2a: Didi|spd|1|[from] item: Psychic Seed\n|turn|1\n|c|\u2606Autumn0815|I like BW sprites. :)\n|\n|t:|1683159253\n|move|p2a: Didi|Follow Me|p2a: Didi\n|-singleturn|p2a: Didi|move: Follow Me\n|move|p1b: Flutter Mane|Dazzling Gleam|p2b: Rouge|[spread] p2a,p2b\n|-resisted|p2b: Rouge\n|-damage|p2a: Didi|81\/100\n|-damage|p2b: Rouge|75\/100\n|-damage|p1b: Flutter Mane|90\/100|[from] item: Life Orb\n|move|p1a: Espathra|Light Screen|p1a: Espathra\n|-sidestart|p1: joetheGooVGC|move: Light Screen\n|move|p2b: Rouge|Trick Room|p2b: Rouge\n|-fieldstart|move: Trick Room|[of] p2b: Rouge\n|\n|-ability|p1a: Espathra|Speed Boost|boost\n|-boost|p1a: Espathra|spe|1\n|upkeep\n|turn|2\n|\n|t:|1683159278\n|-terastallize|p1a: Espathra|Dark\n|move|p2a: Didi|Helping Hand|p2b: Rouge\n|-singleturn|p2b: Rouge|Helping Hand|[of] p2a: Didi\n|move|p2b: Rouge|Expanding Force|p1a: Espathra|[spread] p1b\n|-immune|p1a: Espathra\n|-damage|p1b: Flutter Mane|7\/100\n|-damage|p2b: Rouge|65\/100|[from] item: Life Orb\n|move|p1b: Flutter Mane|Dazzling Gleam|p2b: Rouge|[spread] p2a,p2b\n|-resisted|p2b: Rouge\n|-damage|p2a: Didi|59\/100\n|-damage|p2b: Rouge|40\/100\n|-damage|p1b: Flutter Mane|0 fnt|[from] item: Life Orb\n|faint|p1b: Flutter Mane\n|-end|p1b: Flutter Mane|Protosynthesis|[silent]\n|move|p1a: Espathra|Lumina Crash|p2b: Rouge\n|-resisted|p2b: Rouge\n|-damage|p2b: Rouge|11\/100\n|-unboost|p2b: Rouge|spd|2\n|\n|-ability|p1a: Espathra|Speed Boost|boost\n|-boost|p1a: Espathra|spe|1\n|upkeep\n|\n|t:|1683159298\n|switch|p1b: Iron Bundle|Iron Bundle, L50|100\/100\n|turn|3\n|\n|t:|1683159322\n|move|p2a: Didi|Helping Hand|p2b: Rouge\n|-singleturn|p2b: Rouge|Helping Hand|[of] p2a: Didi\n|move|p2b: Rouge|Armor Cannon|p1a: Espathra\n|-damage|p1a: Espathra|0 fnt\n|-unboost|p2b: Rouge|def|1\n|-unboost|p2b: Rouge|spd|1\n|faint|p1a: Espathra\n|-damage|p2b: Rouge|2\/100|[from] item: Life Orb\n|move|p1b: Iron Bundle|Freeze-Dry|p2a: Didi\n|-damage|p2a: Didi|33\/100\n|-status|p2a: Didi|frz\n|\n|upkeep\n|c|\u2606Autumn0815|This is getting tense\n|\n|t:|1683159330\n|switch|p1a: Iron Hands|Iron Hands, L50|100\/100\n|-enditem|p1a: Iron Hands|Booster Energy\n|-activate|p1a: Iron Hands|ability: Quark Drive|[fromitem]\n|-start|p1a: Iron Hands|quarkdriveatk\n|turn|4\n|\n|t:|1683159344\n|move|p1a: Iron Hands|Detect|p1a: Iron Hands\n|-singleturn|p1a: Iron Hands|Protect\n|move|p2b: Rouge|Expanding Force|p1b: Iron Bundle|[spread] p1b\n|-activate|p1a: Iron Hands|move: Protect\n|-damage|p1b: Iron Bundle|0 fnt\n|faint|p1b: Iron Bundle\n|-end|p1b: Iron Bundle|Quark Drive|[silent]\n|-damage|p2b: Rouge|0 fnt|[from] item: Life Orb\n|faint|p2b: Rouge\n|cant|p2a: Didi|frz\n|\n|upkeep\n|\n|t:|1683159350\n|switch|p2b: Farina|Farigiraf, L50, F, shiny|100\/100\n|turn|5\n|\n|t:|1683159359\n|cant|p2a: Didi|frz\n|move|p1a: Iron Hands|Wild Charge|p2b: Farina\n|-damage|p2b: Farina|29\/100\n|-damage|p1a: Iron Hands|85\/100|[from] Recoil\n|move|p2b: Farina|Trick Room|p2b: Farina\n|-fieldend|move: Trick Room\n|\n|-fieldend|move: Psychic Terrain\n|upkeep\n|turn|6\n|\n|t:|1683159373\n|cant|p2a: Didi|frz\n|move|p2b: Farina|Twin Beam|p1a: Iron Hands\n|-supereffective|p1a: Iron Hands\n|-damage|p1a: Iron Hands|57\/100\n|-supereffective|p1a: Iron Hands\n|-damage|p1a: Iron Hands|31\/100\n|-hitcount|p1a: Iron Hands|2\n|move|p1a: Iron Hands|Drain Punch|p2b: Farina\n|-damage|p2b: Farina|0 fnt\n|-heal|p1a: Iron Hands|44\/100|[from] drain|[of] p2b: Farina\n|faint|p2b: Farina\n|\n|upkeep\n|\n|t:|1683159384\n|switch|p2b: Hans|Iron Hands, L50, shiny|100\/100\n|turn|7\n|\n|t:|1683159394\n|-terastallize|p2a: Didi|Fairy\n|move|p1a: Iron Hands|Detect|p1a: Iron Hands\n|-singleturn|p1a: Iron Hands|Protect\n|move|p2b: Hans|Fake Out|p1a: Iron Hands\n|-activate|p1a: Iron Hands|move: Protect\n|cant|p2a: Didi|frz\n|\n|upkeep\n|turn|8\n|c|\u2606joetheGooVGC|I really just cannot beat that armarouge\n|c|\u2606joetheGooVGC|gg\n|\n|t:|1683159405\n|cant|p2a: Didi|frz\n|move|p2b: Hans|Drain Punch|p1a: Iron Hands\n|-damage|p1a: Iron Hands|13\/100\n|move|p1a: Iron Hands|Drain Punch|p2b: Hans\n|-damage|p2b: Hans|63\/100\n|-heal|p1a: Iron Hands|32\/100|[from] drain|[of] p2b: Hans\n|\n|-sideend|p1: joetheGooVGC|move: Light Screen\n|upkeep\n|turn|9\n|c|\u2606Autumn0815|Damn, this freeze is a pain, lol\n|\n|t:|1683159426\n|cant|p2a: Didi|frz\n|move|p1a: Iron Hands|Drain Punch|p2b: Hans\n|-crit|p2b: Hans\n|-damage|p2b: Hans|6\/100\n|-heal|p1a: Iron Hands|60\/100|[from] drain|[of] p2b: Hans\n|move|p2b: Hans|Drain Punch|p1a: Iron Hands\n|-damage|p1a: Iron Hands|32\/100\n|-heal|p2b: Hans|20\/100|[from] drain|[of] p1a: Iron Hands\n|\n|upkeep\n|turn|10\n|\n|t:|1683159439\n|-curestatus|p2a: Didi|frz|[msg]\n|move|p2a: Didi|Tera Blast|p1a: Iron Hands\n|-supereffective|p1a: Iron Hands\n|-damage|p1a: Iron Hands|0 fnt\n|faint|p1a: Iron Hands\n|-end|p1a: Iron Hands|Quark Drive|[silent]\n|\n|win|Autumn0815\n|c|\u2606Autumn0815|GG\n|c|\u2606joetheGooVGC|Gg wo\n|c|\u2606joetheGooVGC|wp\n","uploadtime":1683159453,"views":12,"p1id":"joethegoovgc","p2id":"autumn0815","formatid":"gen9vgc2023regulationc","rating":0,"private":0,"password":""}