{"id":"gen9vgc2023regulationc-1845477872","p1":"Iaminaminitab","p2":"startearx","format":"[Gen 9] VGC 2023 Regulation C","log":"|j|\u2606Iaminaminitab\n|j|\u2606startearx\n|t:|1681737652\n|gametype|doubles\n|player|p1|Iaminaminitab|may-contest|1000\n|player|p2|startearx|102|1066\n|teamsize|p1|6\n|teamsize|p2|6\n|gen|9\n|tier|[Gen 9] VGC 2023 Regulation C\n|rated|\n|rule|Species Clause: Limit one of each Pok\u00e9mon\n|rule|Item Clause: Limit one of each item\n|clearpoke\n|poke|p1|Tauros-Paldea-Blaze, L50, M|\n|poke|p1|Iron Treads, L50|\n|poke|p1|Sylveon, L50, M|\n|poke|p1|Meowscarada, L50, M|\n|poke|p1|Palafin, L50, M|\n|poke|p1|Espathra, L50, F|\n|poke|p2|Ting-Lu, L50|\n|poke|p2|Flutter Mane, L50|\n|poke|p2|Stonjourner, L50, F|\n|poke|p2|Gyarados, L50, F|\n|poke|p2|Amoonguss, L50, F|\n|poke|p2|Palafin, L50, M|\n|teampreview|4\nIaminaminitab rejected open team sheets.\n|inactive|Battle timer is ON: inactive players will automatically lose when time's up. (requested by Iaminaminitab)\n|\n|t:|1681737685\n|start\n|switch|p1a: Palafin|Palafin, L50, M, shiny|100\/100\n|switch|p1b: Sylveon|Sylveon, L50, M|100\/100\n|switch|p2a: Stonjourner|Stonjourner, L50, F|100\/100\n|switch|p2b: Flutter Mane|Flutter Mane, L50|100\/100\n|-enditem|p2b: Flutter Mane|Booster Energy\n|-activate|p2b: Flutter Mane|ability: Protosynthesis|[fromitem]\n|-start|p2b: Flutter Mane|protosynthesisspa\n|turn|1\n|\n|t:|1681737703\n|-terastallize|p2b: Flutter Mane|Fairy\n|move|p1b: Sylveon|Protect|p1b: Sylveon\n|-singleturn|p1b: Sylveon|Protect\n|move|p2b: Flutter Mane|Dazzling Gleam|p1a: Palafin|[spread] p1a\n|-activate|p1b: Sylveon|move: Protect\n|-damage|p1a: Palafin|0 fnt\n|faint|p1a: Palafin\n|move|p2a: Stonjourner|Rock Slide|p1b: Sylveon\n|-activate|p1b: Sylveon|move: Protect\n|\n|upkeep\n|\n|t:|1681737715\n|switch|p1a: Iron Treads|Iron Treads, L50|100\/100\n|turn|2\n|\n|t:|1681737723\n|move|p2a: Stonjourner|Wide Guard|p2a: Stonjourner\n|-singleturn|p2a: Stonjourner|Wide Guard\n|move|p2b: Flutter Mane|Dazzling Gleam|p1a: Iron Treads|[spread] p1a,p1b\n|-resisted|p1a: Iron Treads\n|-damage|p1a: Iron Treads|47\/100\n|-damage|p1b: Sylveon|57\/100\n|move|p1a: Iron Treads|Iron Head|p2b: Flutter Mane\n|-supereffective|p2b: Flutter Mane\n|-damage|p2b: Flutter Mane|0 fnt\n|faint|p2b: Flutter Mane\n|-end|p2b: Flutter Mane|Protosynthesis|[silent]\n|move|p1b: Sylveon|Hyper Voice|p2a: Stonjourner\n|-activate|p2a: Stonjourner|move: Wide Guard\n|\n|-heal|p1b: Sylveon|63\/100|[from] item: Leftovers\n|upkeep\n|\n|t:|1681737741\n|switch|p2b: Ting-Lu|Ting-Lu, L50|100\/100\n|-ability|p2b: Ting-Lu|Vessel of Ruin\n|turn|3\n|\n|t:|1681737757\n|move|p1a: Iron Treads|Stealth Rock|p2b: Ting-Lu\n|-sidestart|p2: startearx|move: Stealth Rock\n|move|p2a: Stonjourner|Rock Slide|p1a: Iron Treads|[spread] p1a,p1b\n|-resisted|p1a: Iron Treads\n|-damage|p1a: Iron Treads|40\/100\n|-damage|p1b: Sylveon|25\/100\n|cant|p1b: Sylveon|flinch\n|move|p2b: Ting-Lu|Heavy Slam|p1b: Sylveon\n|-supereffective|p1b: Sylveon\n|-damage|p1b: Sylveon|0 fnt\n|faint|p1b: Sylveon\n|\n|upkeep\n|\n|t:|1681737766\n|switch|p1b: Espathra|Espathra, L50, F|100\/100\n|turn|4\n|\n|t:|1681737780\n|-terastallize|p1b: Espathra|Fighting\n|move|p1b: Espathra|Protect|p1b: Espathra\n|-singleturn|p1b: Espathra|Protect\n|move|p1a: Iron Treads|Iron Head|p2a: Stonjourner\n|-supereffective|p2a: Stonjourner\n|-crit|p2a: Stonjourner\n|-enditem|p2a: Stonjourner|Focus Sash\n|-damage|p2a: Stonjourner|1\/100\n|move|p2a: Stonjourner|Rock Slide|p1b: Espathra|[spread] \n|-activate|p1b: Espathra|move: Protect\n|-miss|p2a: Stonjourner|p1a: Iron Treads\n|move|p2b: Ting-Lu|Rock Slide|p1b: Espathra|[spread] \n|-activate|p1b: Espathra|move: Protect\n|-miss|p2b: Ting-Lu|p1a: Iron Treads\n|\n|-ability|p1b: Espathra|Speed Boost|boost\n|-boost|p1b: Espathra|spe|1\n|upkeep\n|turn|5\n|inactive|startearx has 30 seconds left.\n|\n|t:|1681737806\n|move|p2a: Stonjourner|Protect|p2a: Stonjourner\n|-singleturn|p2a: Stonjourner|Protect\n|move|p1b: Espathra|Tera Blast|p2b: Ting-Lu\n|-supereffective|p2b: Ting-Lu\n|-damage|p2b: Ting-Lu|78\/100\n|move|p1a: Iron Treads|Iron Head|p2a: Stonjourner\n|-activate|p2a: Stonjourner|move: Protect\n|move|p2b: Ting-Lu|Stomping Tantrum|p1b: Espathra\n|-damage|p1b: Espathra|13\/100\n|\n|-ability|p1b: Espathra|Speed Boost|boost\n|-boost|p1b: Espathra|spe|1\n|upkeep\n|turn|6\n|\n|t:|1681737828\n|switch|p2a: Amoonguss|Amoonguss, L50, F|100\/100\n|-damage|p2a: Amoonguss|88\/100|[from] Stealth Rock\n|move|p1b: Espathra|Tera Blast|p2b: Ting-Lu\n|-supereffective|p2b: Ting-Lu\n|-damage|p2b: Ting-Lu|57\/100\n|move|p1a: Iron Treads|Iron Head|p2a: Amoonguss\n|-damage|p2a: Amoonguss|42\/100\n|move|p2b: Ting-Lu|Rock Slide|p1b: Espathra|[spread] p1a,p1b\n|-resisted|p1a: Iron Treads\n|-resisted|p1b: Espathra\n|-damage|p1a: Iron Treads|38\/100\n|-damage|p1b: Espathra|4\/100\n|\n|-ability|p1b: Espathra|Speed Boost|boost\n|-boost|p1b: Espathra|spe|1\n|upkeep\n|turn|7\n|inactive|startearx has 30 seconds left.\n|\n|t:|1681737859\n|move|p2a: Amoonguss|Rage Powder|p2a: Amoonguss\n|-singleturn|p2a: Amoonguss|move: Rage Powder\n|move|p1b: Espathra|Lumina Crash|p2a: Amoonguss\n|-supereffective|p2a: Amoonguss\n|-damage|p2a: Amoonguss|0 fnt\n|faint|p2a: Amoonguss\n|move|p1a: Iron Treads|Iron Head|p2b: Ting-Lu\n|-damage|p2b: Ting-Lu|33\/100\n|cant|p2b: Ting-Lu|flinch\n|\n|-ability|p1b: Espathra|Speed Boost|boost\n|-boost|p1b: Espathra|spe|1\n|upkeep\n|\n|t:|1681737869\n|switch|p2a: Stonjourner|Stonjourner, L50, F|1\/100\n|-damage|p2a: Stonjourner|0 fnt|[from] Stealth Rock\n|faint|p2a: Stonjourner\n|turn|8\n|\n|t:|1681737879\n|move|p1b: Espathra|Tera Blast|p2b: Ting-Lu\n|-supereffective|p2b: Ting-Lu\n|-damage|p2b: Ting-Lu|10\/100\n|move|p1a: Iron Treads|Iron Head|p2b: Ting-Lu\n|-damage|p2b: Ting-Lu|0 fnt\n|faint|p2b: Ting-Lu\n|\n|win|Iaminaminitab\n|raw|Iaminaminitab's rating: 1000 → 1048<\/strong> (+48 for winning)\n|raw|startearx's rating: 1066 → 1042<\/strong> (-24 for losing)\n|c|\u2606Iaminaminitab|gg\n|l|\u2606startearx\n","uploadtime":1681737887,"views":9,"p1id":"iaminaminitab","p2id":"startearx","formatid":"gen9vgc2023regulationc","rating":1042,"private":0,"password":""}