{"id":"gen9vgc2023regulationc-1855141416","p1":"mathismathin","p2":"BIGHAXORUSFAN147","format":"[Gen 9] VGC 2023 Regulation C","log":"|j|\u2606mathismathin\n|j|\u2606BIGHAXORUSFAN147\n|t:|1682906328\n|gametype|doubles\n|player|p1|mathismathin|169|1499\n|player|p2|BIGHAXORUSFAN147|grimsley-masters|1492\n|teamsize|p1|6\n|teamsize|p2|6\n|gen|9\n|tier|[Gen 9] VGC 2023 Regulation C\n|rated|\n|rule|Species Clause: Limit one of each Pok\u00e9mon\n|rule|Item Clause: Limit one of each item\n|clearpoke\n|poke|p1|Tinkaton, L50, F|\n|poke|p1|Gholdengo, L50|\n|poke|p1|Vivillon, L50, M|\n|poke|p1|Gyarados, L50, M|\n|poke|p1|Great Tusk, L50|\n|poke|p1|Chien-Pao, L50|\n|poke|p2|Dragonite, L50, F|\n|poke|p2|Palafin, L50, M|\n|poke|p2|Kingambit, L50, F|\n|poke|p2|Amoonguss, L50, M|\n|poke|p2|Arcanine, L50, M|\n|poke|p2|Flutter Mane, L50|\n|teampreview|4\nBIGHAXORUSFAN147 has agreed to open team sheets.\nmathismathin has agreed to open team sheets.\n|j| tybreon777\n|c| tybreon777|hi\n|inactive|Battle timer is ON: inactive players will automatically lose when time's up. (requested by BIGHAXORUSFAN147)\n|\n|t:|1682906388\n|start\n|switch|p1a: Great Tusk|Great Tusk, L50|100\/100\n|switch|p1b: Gyarados|Gyarados, L50, M|100\/100\n|switch|p2a: Iris|Kingambit, L50, F|100\/100\n|switch|p2b: Bryan|Palafin, L50, M, shiny|100\/100\n|-ability|p1b: Gyarados|Intimidate|boost\n|-unboost|p2a: Iris|atk|1\n|-ability|p2a: Iris|Defiant|boost\n|-boost|p2a: Iris|atk|2\n|-unboost|p2b: Bryan|atk|1\n|turn|1\n|inactive|BIGHAXORUSFAN147 has 30 seconds left.\n|\n|t:|1682906415\n|detailschange|p2b: Bryan|Palafin-Hero, L50, M, shiny\n|switch|p2b: Adam|Arcanine, L50, M|100\/100\n|-ability|p2b: Adam|Intimidate|boost\n|-unboost|p1a: Great Tusk|atk|1\n|-unboost|p1b: Gyarados|atk|1\n|-terastallize|p2a: Iris|Dark\n|move|p2a: Iris|Protect|p2a: Iris\n|-singleturn|p2a: Iris|Protect\n|move|p1a: Great Tusk|Headlong Rush|p2b: Adam\n|-supereffective|p2b: Adam\n|-damage|p2b: Adam|11\/100\n|-unboost|p1a: Great Tusk|def|1\n|-unboost|p1a: Great Tusk|spd|1\n|move|p1b: Gyarados|Thunder Wave|p2b: Adam\n|-status|p2b: Adam|par\n|\n|upkeep\n|turn|2\n|c| tybreon777|wertyuiopjhgfdsazxcvbnmplmoknijbuhvygctfxrdzeswaqqwertyuiopplkmnbvcxzasdfghjklo0987654321234567890!@#$%^&*{\">:\"{}\":?\/;'[]';.l;p['POIUYTREDFGHJI*&YTRFGHJK\n|inactive|BIGHAXORUSFAN147 has 30 seconds left.\n|l| tybreon777\n|inactive|BIGHAXORUSFAN147 has 20 seconds left.\n|\n|t:|1682906450\n|move|p1a: Great Tusk|Close Combat|p2a: Iris\n|-supereffective|p2a: Iris\n|-damage|p2a: Iris|28\/100\n|-unboost|p1a: Great Tusk|def|1\n|-unboost|p1a: Great Tusk|spd|1\n|move|p1b: Gyarados|Waterfall|p2a: Iris\n|-damage|p2a: Iris|10\/100\n|move|p2a: Iris|Kowtow Cleave|p1b: Gyarados\n|-damage|p1b: Gyarados|20\/100\n|-enditem|p1b: Gyarados|Sitrus Berry|[eat]\n|-heal|p1b: Gyarados|45\/100|[from] item: Sitrus Berry\n|move|p2b: Adam|Will-O-Wisp|p1a: Great Tusk\n|-status|p1a: Great Tusk|brn\n|\n|-damage|p1a: Great Tusk|94\/100 brn|[from] brn\n|upkeep\n|turn|3\n|\n|t:|1682906472\n|move|p1b: Gyarados|Protect|p1b: Gyarados\n|-singleturn|p1b: Gyarados|Protect\n|move|p2a: Iris|Protect|p2a: Iris\n|-singleturn|p2a: Iris|Protect\n|move|p1a: Great Tusk|Rock Slide|p2b: Adam|[spread] p2b\n|-activate|p2a: Iris|move: Protect\n|-supereffective|p2b: Adam\n|-damage|p2b: Adam|0 fnt\n|faint|p2b: Adam\n|\n|-damage|p1a: Great Tusk|88\/100 brn|[from] brn\n|upkeep\n|\n|t:|1682906480\n|switch|p2b: Celeste|Flutter Mane, L50|100\/100\n|-enditem|p2b: Celeste|Booster Energy\n|-activate|p2b: Celeste|ability: Protosynthesis|[fromitem]\n|-start|p2b: Celeste|protosynthesisspa\n|turn|4\n|inactive|BIGHAXORUSFAN147 has 30 seconds left.\n|\n|t:|1682906505\n|-end|p1a: Great Tusk|Protosynthesis|[silent]\n|switch|p1a: Tinkaton|Tinkaton, L50, F|100\/100\n|-ability|p1a: Tinkaton|Mold Breaker\n|move|p1b: Gyarados|Protect||[still]\n|-fail|p1b: Gyarados\n|move|p2a: Iris|Sucker Punch||[still]\n|-fail|p2a: Iris\n|move|p2b: Celeste|Dazzling Gleam|p1b: Gyarados|[spread] p1a,p1b\n|-resisted|p1a: Tinkaton\n|-damage|p1a: Tinkaton|85\/100\n|-damage|p1b: Gyarados|9\/100\n|\n|upkeep\n|turn|5\n|j| Hikawari\n|\n|t:|1682906526\n|move|p2a: Iris|Protect|p2a: Iris\n|-singleturn|p2a: Iris|Protect\n|move|p2b: Celeste|Dazzling Gleam|p1a: Tinkaton|[spread] p1a,p1b\n|-resisted|p1a: Tinkaton\n|-damage|p1a: Tinkaton|69\/100\n|-damage|p1b: Gyarados|0 fnt\n|faint|p1b: Gyarados\n|move|p1a: Tinkaton|Gigaton Hammer|p2a: Iris\n|-activate|p2a: Iris|move: Protect\n|\n|upkeep\n|\n|t:|1682906531\n|switch|p1b: Chien-Pao|Chien-Pao, L50|100\/100\n|-ability|p1b: Chien-Pao|Sword of Ruin\n|turn|6\n|\n|t:|1682906548\n|-terastallize|p1b: Chien-Pao|Dark\n|move|p1a: Tinkaton|Helping Hand|p1b: Chien-Pao\n|-singleturn|p1b: Chien-Pao|Helping Hand|[of] p1a: Tinkaton\n|move|p1b: Chien-Pao|Crunch|p2b: Celeste\n|-damage|p2b: Celeste|0 fnt\n|faint|p2b: Celeste\n|-end|p2b: Celeste|Protosynthesis|[silent]\n|move|p2a: Iris|Swords Dance|p2a: Iris\n|-boost|p2a: Iris|atk|2\n|\n|upkeep\n|\n|t:|1682906554\n|switch|p2b: Bryan|Palafin-Hero, L50, M, shiny|100\/100\n|-activate|p2b: Bryan|ability: Zero to Hero\n|turn|7\n|\n|t:|1682906567\n|move|p1b: Chien-Pao|Protect|p1b: Chien-Pao\n|-singleturn|p1b: Chien-Pao|Protect\n|move|p2b: Bryan|Jet Punch|p1b: Chien-Pao\n|-activate|p1b: Chien-Pao|move: Protect\n|move|p2a: Iris|Sucker Punch||[still]\n|-fail|p2a: Iris\n|move|p1a: Tinkaton|Encore|p2a: Iris\n|-start|p2a: Iris|Encore\n|\n|upkeep\n|turn|8\n|inactive|mathismathin has 30 seconds left.\n|\n|t:|1682906597\n|move|p1b: Chien-Pao|Sucker Punch|p2a: Iris\n|-resisted|p2a: Iris\n|-damage|p2a: Iris|0 fnt\n|faint|p2a: Iris\n|move|p2b: Bryan|Jet Punch|p1b: Chien-Pao\n|-damage|p1b: Chien-Pao|37\/100\n|move|p1a: Tinkaton|Gigaton Hammer|p2b: Bryan\n|-resisted|p2b: Bryan\n|-damage|p2b: Bryan|74\/100\n|\n|upkeep\n|turn|9\n|\n|t:|1682906608\n|move|p1a: Tinkaton|Helping Hand|p1b: Chien-Pao\n|-singleturn|p1b: Chien-Pao|Helping Hand|[of] p1a: Tinkaton\n|move|p1b: Chien-Pao|Sucker Punch|p2b: Bryan\n|-damage|p2b: Bryan|0 fnt\n|faint|p2b: Bryan\n|\n|win|mathismathin\n|raw|mathismathin's rating: 1499 → 1519<\/strong> (+20 for winning)\n|raw|BIGHAXORUSFAN147's rating: 1492 → 1472<\/strong> (-20 for losing)\n|l|\u2606BIGHAXORUSFAN147\n","uploadtime":1682906616,"views":14,"p1id":"mathismathin","p2id":"bighaxorusfan147","formatid":"gen9vgc2023regulationc","rating":1472,"private":0,"password":""}