{"id":"gen9vgc2023regulationc-1857934883","p1":"CombustibleCow","p2":"Ayabe0119","format":"[Gen 9] VGC 2023 Regulation C","log":"|j|\u2606CombustibleCow\n|j|\u2606Ayabe0119\n|t:|1683249290\n|gametype|doubles\n|player|p1|CombustibleCow|unknown|1634\n|player|p2|Ayabe0119|102|1726\n|teamsize|p1|6\n|teamsize|p2|6\n|gen|9\n|tier|[Gen 9] VGC 2023 Regulation C\n|rated|\n|rule|Species Clause: Limit one of each Pok\u00e9mon\n|rule|Item Clause: Limit one of each item\n|clearpoke\n|poke|p1|Lilligant, L50, F|\n|poke|p1|Torkoal, L50, M|\n|poke|p1|Flutter Mane, L50|\n|poke|p1|Great Tusk, L50|\n|poke|p1|Chien-Pao, L50|\n|poke|p1|Dragonite, L50, F|\n|poke|p2|Dondozo, L50, M|\n|poke|p2|Tatsugiri, L50, F|\n|poke|p2|Chi-Yu, L50|\n|poke|p2|Iron Bundle, L50|\n|poke|p2|Annihilape, L50, F|\n|poke|p2|Flutter Mane, L50|\n|teampreview|4\nAyabe0119 has agreed to open team sheets.\nCombustibleCow has agreed to open team sheets.\n|j| alphamak\n|\n|t:|1683249400\n|start\n|switch|p1a: Great Tusk|Great Tusk, L50|100\/100\n|switch|p1b: Chien-Pao|Chien-Pao, L50|100\/100\n|switch|p2a: Dondozo|Dondozo, L50, M|100\/100\n|switch|p2b: Chi-Yu|Chi-Yu, L50|100\/100\n|-ability|p1b: Chien-Pao|Sword of Ruin\n|-ability|p2b: Chi-Yu|Beads of Ruin\n|turn|1\n|\n|t:|1683249425\n|move|p2a: Dondozo|Protect|p2a: Dondozo\n|-singleturn|p2a: Dondozo|Protect\n|move|p1a: Great Tusk|Rock Slide|p2b: Chi-Yu|[spread] p2b\n|-activate|p2a: Dondozo|move: Protect\n|-supereffective|p2b: Chi-Yu\n|-damage|p2b: Chi-Yu|10\/100\n|move|p1b: Chien-Pao|Sacred Sword|p2b: Chi-Yu\n|-supereffective|p2b: Chi-Yu\n|-damage|p2b: Chi-Yu|0 fnt\n|faint|p2b: Chi-Yu\n|\n|upkeep\n|\n|t:|1683249444\n|switch|p2b: Tatsugiri|Tatsugiri, L50, F|100\/100\n|-activate|p2b: Tatsugiri|ability: Commander|[of] p2a: Dondozo\n|-boost|p2a: Dondozo|atk|2\n|-boost|p2a: Dondozo|spa|2\n|-boost|p2a: Dondozo|spe|2\n|-boost|p2a: Dondozo|def|2\n|-boost|p2a: Dondozo|spd|2\n|turn|2\n|\n|t:|1683249455\n|move|p1a: Great Tusk|Rock Slide|p2b: Tatsugiri|[spread] \n|-miss|p1a: Great Tusk|p2b: Tatsugiri\n|-miss|p1a: Great Tusk|p2a: Dondozo\n|move|p1b: Chien-Pao|Sacred Sword|p2a: Dondozo\n|-damage|p2a: Dondozo|75\/100\n|move|p2a: Dondozo|Earthquake|p1b: Chien-Pao|[spread] p1a,p1b\n|-miss|p2a: Dondozo|p2b: Tatsugiri\n|-damage|p1a: Great Tusk|56\/100\n|-damage|p1b: Chien-Pao|43\/100\n|\n|-heal|p2a: Dondozo|81\/100|[from] item: Leftovers\n|upkeep\n|turn|3\n|\n|t:|1683249479\n|move|p1a: Great Tusk|Rock Slide|p2a: Dondozo|[spread] p2a\n|-miss|p1a: Great Tusk|p2b: Tatsugiri\n|-damage|p2a: Dondozo|71\/100\n|move|p1b: Chien-Pao|Sacred Sword|p2a: Dondozo\n|-damage|p2a: Dondozo|43\/100\n|move|p2a: Dondozo|Earthquake|p1b: Chien-Pao|[spread] p1a,p1b\n|-miss|p2a: Dondozo|p2b: Tatsugiri\n|-damage|p1a: Great Tusk|12\/100\n|-damage|p1b: Chien-Pao|0 fnt\n|faint|p1b: Chien-Pao\n|\n|-heal|p2a: Dondozo|49\/100|[from] item: Leftovers\n|upkeep\n|\n|t:|1683249492\n|switch|p1b: Lilligant|Lilligant, L50, F, shiny|100\/100\n|turn|4\n|\n|t:|1683249541\n|-end|p1a: Great Tusk|Protosynthesis|[silent]\n|switch|p1a: torkoshima|Torkoal, L50, M, shiny|100\/100\n|-weather|SunnyDay|[from] ability: Drought|[of] p1a: torkoshima\n|-terastallize|p2a: Dondozo|Grass\n|move|p1b: Lilligant|Leaf Storm|p2a: Dondozo\n|-resisted|p2a: Dondozo\n|-damage|p2a: Dondozo|38\/100\n|-unboost|p1b: Lilligant|spa|2\n|move|p2a: Dondozo|Wave Crash|p1a: torkoshima\n|-supereffective|p1a: torkoshima\n|-damage|p1a: torkoshima|23\/100\n|-damage|p2a: Dondozo|17\/100|[from] Recoil\n|\n|-weather|SunnyDay|[upkeep]\n|-heal|p2a: Dondozo|24\/100|[from] item: Leftovers\n|upkeep\n|turn|5\n|\n|t:|1683249559\n|move|p2a: Dondozo|Protect|p2a: Dondozo\n|-singleturn|p2a: Dondozo|Protect\n|move|p1b: Lilligant|After You|p1a: torkoshima\n|-activate|p1a: torkoshima|move: After You\n|move|p1a: torkoshima|Flamethrower|p2a: Dondozo\n|-activate|p2a: Dondozo|move: Protect\n|\n|-weather|SunnyDay|[upkeep]\n|-heal|p2a: Dondozo|30\/100|[from] item: Leftovers\n|upkeep\n|turn|6\n|\n|t:|1683249588\n|move|p1b: Lilligant|After You|p1a: torkoshima\n|-activate|p1a: torkoshima|move: After You\n|move|p1a: torkoshima|Flamethrower|p2a: Dondozo\n|-supereffective|p2a: Dondozo\n|-damage|p2a: Dondozo|0 fnt\n|faint|p2a: Dondozo\n|\n|-weather|SunnyDay|[upkeep]\n|upkeep\n|\n|t:|1683249592\n|switch|p2a: Iron Bundle|Iron Bundle, L50, shiny|100\/100\n|-enditem|p2a: Iron Bundle|Booster Energy\n|-activate|p2a: Iron Bundle|ability: Quark Drive|[fromitem]\n|-start|p2a: Iron Bundle|quarkdrivespe\n|turn|7\n|\n|t:|1683249620\n|move|p2a: Iron Bundle|Protect|p2a: Iron Bundle\n|-singleturn|p2a: Iron Bundle|Protect\n|move|p1b: Lilligant|After You|p1a: torkoshima\n|-activate|p1a: torkoshima|move: After You\n|move|p1a: torkoshima|Flamethrower|p2a: Iron Bundle\n|-activate|p2a: Iron Bundle|move: Protect\n|move|p2b: Tatsugiri|Icy Wind|p1b: Lilligant|[spread] p1a,p1b\n|-resisted|p1a: torkoshima\n|-supereffective|p1b: Lilligant\n|-damage|p1a: torkoshima|14\/100\n|-damage|p1b: Lilligant|69\/100\n|-unboost|p1a: torkoshima|spe|1\n|-unboost|p1b: Lilligant|spe|1\n|\n|-weather|SunnyDay|[upkeep]\n|upkeep\n|turn|8\n|\n|t:|1683249663\n|move|p2a: Iron Bundle|Icy Wind|p1a: torkoshima|[spread] p1a,p1b\n|-resisted|p1a: torkoshima\n|-supereffective|p1b: Lilligant\n|-damage|p1a: torkoshima|0 fnt\n|-damage|p1b: Lilligant|15\/100\n|-unboost|p1b: Lilligant|spe|1\n|faint|p1a: torkoshima\n|move|p2b: Tatsugiri|Icy Wind|p1b: Lilligant\n|-supereffective|p1b: Lilligant\n|-damage|p1b: Lilligant|0 fnt\n|faint|p1b: Lilligant\n|\n|-weather|none\n|upkeep\n|\n|t:|1683249674\n|switch|p1b: Great Tusk|Great Tusk, L50|12\/100\n|turn|9\n|\n|t:|1683249680\n|-terastallize|p1b: Great Tusk|Steel\n|move|p2a: Iron Bundle|Freeze-Dry|p1b: Great Tusk\n|-resisted|p1b: Great Tusk\n|-damage|p1b: Great Tusk|0 fnt\n|faint|p1b: Great Tusk\n|-end|p1b: Great Tusk|Protosynthesis|[silent]\n|\n|win|Ayabe0119\n|raw|CombustibleCow's rating: 1634 → 1619<\/strong> (-15 for losing)\n|raw|Ayabe0119's rating: 1726 → 1741<\/strong> (+15 for winning)\n|l|\u2606CombustibleCow\n|l|\u2606Ayabe0119\n","uploadtime":1683249687,"views":6,"p1id":"combustiblecow","p2id":"ayabe0119","formatid":"gen9vgc2023regulationc","rating":1619,"private":0,"password":""}