{"id":"gen9vgc2023regulationc-1854101919","p1":"pokemon homo","p2":"JFACKE","format":"[Gen 9] VGC 2023 Regulation C","log":"|j|\u2606pokemon homo\n|j|\u2606JFACKE\n|t:|1682769490\n|gametype|doubles\n|player|p1|pokemon homo|rosa|\n|player|p2|JFACKE|ethan|\n|teamsize|p1|6\n|teamsize|p2|6\n|gen|9\n|tier|[Gen 9] VGC 2023 Regulation C\n|rule|Species Clause: Limit one of each Pok\u00e9mon\n|rule|Item Clause: Limit one of each item\n|clearpoke\n|poke|p1|Chien-Pao, L50|\n|poke|p1|Dragonite, L50, M|\n|poke|p1|Ting-Lu, L50|\n|poke|p1|Gyarados, L50, M|\n|poke|p1|Flutter Mane, L50|\n|poke|p1|Amoonguss, L50, M|\n|poke|p2|Dondozo, L50, F|\n|poke|p2|Tatsugiri-Droopy, L50, F|\n|poke|p2|Abomasnow, L50, F|\n|poke|p2|Iron Bundle, L50|\n|poke|p2|Chien-Pao, L50|\n|poke|p2|Flutter Mane, L50|\n|teampreview|4\npokemon homo has agreed to open team sheets.\nJFACKE has agreed to open team sheets.\n|\n|t:|1682769548\n|start\n|switch|p1a: Dragonite|Dragonite, L50, M|100\/100\n|switch|p1b: Chien-Pao|Chien-Pao, L50|100\/100\n|switch|p2a: \u9e21\u54e5|Iron Bundle, L50, shiny|100\/100\n|switch|p2b: \u53d1\u59d0|Flutter Mane, L50, shiny|100\/100\n|-ability|p1b: Chien-Pao|Sword of Ruin\n|-enditem|p2a: \u9e21\u54e5|Booster Energy\n|-activate|p2a: \u9e21\u54e5|ability: Quark Drive|[fromitem]\n|-start|p2a: \u9e21\u54e5|quarkdrivespe\n|turn|1\n|\n|t:|1682769572\n|-terastallize|p1a: Dragonite|Normal\n|move|p2a: \u9e21\u54e5|Protect|p2a: \u9e21\u54e5\n|-singleturn|p2a: \u9e21\u54e5|Protect\n|move|p1a: Dragonite|Extreme Speed|p2a: \u9e21\u54e5\n|-activate|p2a: \u9e21\u54e5|move: Protect\n|move|p1b: Chien-Pao|Sucker Punch||[still]\n|-fail|p1b: Chien-Pao\n|move|p2b: \u53d1\u59d0|Dazzling Gleam|p1b: Chien-Pao|[spread] p1a,p1b\n|-supereffective|p1b: Chien-Pao\n|-damage|p1a: Dragonite|65\/100\n|-enditem|p1b: Chien-Pao|Focus Sash\n|-damage|p1b: Chien-Pao|1\/100\n|-damage|p2b: \u53d1\u59d0|91\/100|[from] item: Life Orb\n|\n|upkeep\n|turn|2\n|\n|t:|1682769610\n|move|p1a: Dragonite|Extreme Speed|p2a: \u9e21\u54e5\n|-damage|p2a: \u9e21\u54e5|0 fnt\n|faint|p2a: \u9e21\u54e5\n|-end|p2a: \u9e21\u54e5|Quark Drive|[silent]\n|move|p1b: Chien-Pao|Sucker Punch|p2b: \u53d1\u59d0\n|-damage|p2b: \u53d1\u59d0|0 fnt\n|faint|p2b: \u53d1\u59d0\n|-end|p2b: \u53d1\u59d0|Protosynthesis|[silent]\n|\n|upkeep\n|\n|t:|1682769623\n|switch|p2a: \u7b54\u8fa9|Dondozo, L50, F, shiny|100\/100\n|switch|p2b: \u4eb2\u5144\u5f1f|Tatsugiri-Droopy, L50, F, shiny|100\/100\n|-activate|p2b: \u4eb2\u5144\u5f1f|ability: Commander|[of] p2a: \u7b54\u8fa9\n|-boost|p2a: \u7b54\u8fa9|atk|2\n|-boost|p2a: \u7b54\u8fa9|spa|2\n|-boost|p2a: \u7b54\u8fa9|spe|2\n|-boost|p2a: \u7b54\u8fa9|def|2\n|-boost|p2a: \u7b54\u8fa9|spd|2\n|turn|3\n|\n|t:|1682769636\n|switch|p1a: Ting-Lu|Ting-Lu, L50|100\/100\n|-ability|p1a: Ting-Lu|Vessel of Ruin\n|move|p1b: Chien-Pao|Haze|p1b: Chien-Pao\n|-clearallboost\n|move|p2a: \u7b54\u8fa9|Earthquake|p1b: Chien-Pao|[spread] p1a,p1b\n|-miss|p2a: \u7b54\u8fa9|p2b: \u4eb2\u5144\u5f1f\n|-damage|p1a: Ting-Lu|83\/100\n|-damage|p1b: Chien-Pao|0 fnt\n|faint|p1b: Chien-Pao\n|\n|upkeep\n|\n|t:|1682769650\n|switch|p1b: Dragonite|Dragonite, L50, M, tera:Normal|65\/100\n|turn|4\n|\n|t:|1682769667\n|move|p1b: Dragonite|Extreme Speed|p2a: \u7b54\u8fa9\n|-damage|p2a: \u7b54\u8fa9|50\/100\n|move|p2a: \u7b54\u8fa9|Wave Crash|p1a: Ting-Lu\n|-supereffective|p1a: Ting-Lu\n|-damage|p1a: Ting-Lu|20\/100\n|-damage|p2a: \u7b54\u8fa9|29\/100|[from] Recoil\n|move|p1a: Ting-Lu|Fissure|p2a: \u7b54\u8fa9|[miss]\n|-miss|p1a: Ting-Lu|p2a: \u7b54\u8fa9\n|\n|upkeep\n|turn|5\n|\n|t:|1682769679\n|move|p1b: Dragonite|Extreme Speed|p2a: \u7b54\u8fa9\n|-damage|p2a: \u7b54\u8fa9|0 fnt\n|faint|p2a: \u7b54\u8fa9\n|move|p1a: Ting-Lu|Stomping Tantrum|p2b: \u4eb2\u5144\u5f1f\n|-damage|p2b: \u4eb2\u5144\u5f1f|0 fnt\n|faint|p2b: \u4eb2\u5144\u5f1f\n|\n|win|pokemon homo\n","uploadtime":1682769725,"views":18,"p1id":"pokemonhomo","p2id":"jfacke","formatid":"gen9vgc2023regulationc","rating":0,"private":0,"password":""}