{"id":"gen9vgc2023regulationc-1862017535","p1":"Funnyman Krebs","p2":"antolin19","format":"[Gen 9] VGC 2023 Regulation C","log":"|j|\u2606Funnyman Krebs\n|j|\u2606antolin19\n|t:|1683829172\n|gametype|doubles\n|player|p1|Funnyman Krebs|wallace|1662\n|player|p2|antolin19|101|1617\n|teamsize|p1|6\n|teamsize|p2|6\n|gen|9\n|tier|[Gen 9] VGC 2023 Regulation C\n|rated|\n|rule|Species Clause: Limit one of each Pok\u00e9mon\n|rule|Item Clause: Limit one of each item\n|clearpoke\n|poke|p1|Glimmora, L50, M|\n|poke|p1|Iron Bundle, L50|\n|poke|p1|Chi-Yu, L50|\n|poke|p1|Dragonite, L50, F|\n|poke|p1|Dondozo, L50, F|\n|poke|p1|Tatsugiri, L50, M|\n|poke|p2|Flutter Mane, L50|\n|poke|p2|Iron Bundle, L50|\n|poke|p2|Kingambit, L50, F|\n|poke|p2|Amoonguss, L50, M|\n|poke|p2|Great Tusk, L50|\n|poke|p2|Torkoal, L50, F|\n|teampreview|4\n|inactive|Battle timer is ON: inactive players will automatically lose when time's up. (requested by antolin19)\nFunnyman Krebs has agreed to open team sheets.\n|j| Rabbihorn\n|\n|t:|1683829198\n|start\n|switch|p1a: Iron Santa|Iron Bundle, L50, shiny|100\/100\n|switch|p1b: Wheeeee!|Glimmora, L50, M, shiny|100\/100\n|switch|p2a: Great Tusk|Great Tusk, L50|100\/100\n|switch|p2b: Iron Bundle|Iron Bundle, L50|100\/100\n|-enditem|p2b: Iron Bundle|Booster Energy\n|-activate|p2b: Iron Bundle|ability: Quark Drive|[fromitem]\n|-start|p2b: Iron Bundle|quarkdrivespe\n|-enditem|p1a: Iron Santa|Booster Energy\n|-activate|p1a: Iron Santa|ability: Quark Drive|[fromitem]\n|-start|p1a: Iron Santa|quarkdrivespe\n|turn|1\n|\n|t:|1683829216\n|-terastallize|p1b: Wheeeee!|Grass\n|move|p1a: Iron Santa|Protect|p1a: Iron Santa\n|-singleturn|p1a: Iron Santa|Protect\n|move|p2b: Iron Bundle|Icy Wind|p1b: Wheeeee!|[spread] p1b\n|-activate|p1a: Iron Santa|move: Protect\n|-supereffective|p1b: Wheeeee!\n|-damage|p1b: Wheeeee!|74\/100\n|-unboost|p1b: Wheeeee!|spe|1\n|move|p2a: Great Tusk|Close Combat|p1b: Wheeeee!\n|-damage|p1b: Wheeeee!|21\/100\n|-unboost|p2a: Great Tusk|def|1\n|-unboost|p2a: Great Tusk|spd|1\n|-activate|p1b: Wheeeee!|ability: Toxic Debris\n|-sidestart|p2: antolin19|move: Toxic Spikes\n|move|p1b: Wheeeee!|Energy Ball|p2b: Iron Bundle\n|-supereffective|p2b: Iron Bundle\n|-damage|p2b: Iron Bundle|0 fnt\n|faint|p2b: Iron Bundle\n|-end|p2b: Iron Bundle|Quark Drive|[silent]\n|\n|upkeep\n|\n|t:|1683829232\n|switch|p2b: Amoonguss|Amoonguss, L50, M|100\/100\n|-sideend|p2: antolin19|move: Toxic Spikes|[of] p2b: Amoonguss\n|turn|2\n|\n|t:|1683829252\n|-terastallize|p2a: Great Tusk|Fire\n|move|p1a: Iron Santa|Icy Wind|p2a: Great Tusk|[spread] p2a,p2b\n|-resisted|p2a: Great Tusk\n|-supereffective|p2b: Amoonguss\n|-damage|p2a: Great Tusk|76\/100\n|-damage|p2b: Amoonguss|62\/100\n|-unboost|p2a: Great Tusk|spe|1\n|-unboost|p2b: Amoonguss|spe|1\n|move|p2a: Great Tusk|Close Combat|p1a: Iron Santa\n|-supereffective|p1a: Iron Santa\n|-damage|p1a: Iron Santa|0 fnt\n|-unboost|p2a: Great Tusk|def|1\n|-unboost|p2a: Great Tusk|spd|1\n|faint|p1a: Iron Santa\n|-end|p1a: Iron Santa|Quark Drive|[silent]\n|move|p1b: Wheeeee!|Mortal Spin|p2b: Amoonguss|[spread] p2a,p2b\n|-damage|p2a: Great Tusk|69\/100\n|-damage|p2b: Amoonguss|58\/100\n|-status|p2a: Great Tusk|psn\n|-damage|p1b: Wheeeee!|4\/100|[from] item: Rocky Helmet|[of] p2b: Amoonguss\n|move|p2b: Amoonguss|Pollen Puff|p2a: Great Tusk\n|-heal|p2a: Great Tusk|100\/100 psn\n|\n|-damage|p2a: Great Tusk|88\/100 psn|[from] psn\n|upkeep\n|inactive|Funnyman Krebs has 30 seconds left.\n|\n|t:|1683829286\n|switch|p1a: Tiny|Dragonite, L50, F|100\/100\n|turn|3\n|\n|t:|1683829303\n|move|p2a: Great Tusk|Close Combat|p1b: Wheeeee!\n|-damage|p1b: Wheeeee!|0 fnt\n|-unboost|p2a: Great Tusk|def|1\n|-unboost|p2a: Great Tusk|spd|1\n|-activate|p1b: Wheeeee!|ability: Toxic Debris\n|-sidestart|p2: antolin19|move: Toxic Spikes\n|faint|p1b: Wheeeee!\n|move|p1a: Tiny|Ice Spinner|p2b: Amoonguss\n|-supereffective|p2b: Amoonguss\n|-damage|p2b: Amoonguss|0 fnt\n|-damage|p1a: Tiny|84\/100|[from] item: Rocky Helmet|[of] p2b: Amoonguss\n|faint|p2b: Amoonguss\n|\n|-damage|p2a: Great Tusk|76\/100 psn|[from] psn\n|upkeep\n|\n|t:|1683829317\n|switch|p1b: Pain meds|Chi-Yu, L50|100\/100\n|switch|p2b: Flutter Mane|Flutter Mane, L50|100\/100\n|-status|p2b: Flutter Mane|psn\n|-ability|p1b: Pain meds|Beads of Ruin\n|turn|4\n|\n|t:|1683829329\n|move|p2b: Flutter Mane|Dazzling Gleam|p1a: Tiny|[spread] p1a,p1b\n|-supereffective|p1a: Tiny\n|-damage|p1a: Tiny|0 fnt\n|-damage|p1b: Pain meds|65\/100\n|faint|p1a: Tiny\n|move|p1b: Pain meds|Heat Wave|p2b: Flutter Mane|[spread] p2a,p2b\n|-resisted|p2a: Great Tusk\n|-damage|p2a: Great Tusk|0 fnt\n|-damage|p2b: Flutter Mane|50\/100 psn\n|faint|p2a: Great Tusk\n|-end|p2a: Great Tusk|Protosynthesis|[silent]\n|\n|-damage|p2b: Flutter Mane|38\/100 psn|[from] psn\n|upkeep\n|turn|5\n|\n|t:|1683829340\n|move|p1b: Pain meds|Protect|p1b: Pain meds\n|-singleturn|p1b: Pain meds|Protect\n|move|p2b: Flutter Mane|Dazzling Gleam|p1b: Pain meds\n|-activate|p1b: Pain meds|move: Protect\n|\n|-damage|p2b: Flutter Mane|26\/100 psn|[from] psn\n|upkeep\n|turn|6\n|-message|antolin19 forfeited.\n|\n|win|Funnyman Krebs\n|raw|Funnyman Krebs's rating: 1662 → 1679<\/strong> (+17 for winning)\n|raw|antolin19's rating: 1617 → 1600<\/strong> (-17 for losing)\n|l|\u2606antolin19\n|c|\u2606Funnyman Krebs|gg\n","uploadtime":1683829351,"views":27,"p1id":"funnymankrebs","p2id":"antolin19","formatid":"gen9vgc2023regulationc","rating":1600,"private":0,"password":""}