{"id":"gen9vgc2023regulationc-1853294471","p1":"sapphoclock","p2":"anshar_training","format":"[Gen 9] VGC 2023 Regulation C","log":"|j|\u2606sapphoclock\n|j|\u2606anshar_training\n|t:|1682662792\n|gametype|doubles\n|player|p1|sapphoclock|cynthia|1078\n|player|p2|anshar_training|colress|1056\n|teamsize|p1|6\n|teamsize|p2|6\n|gen|9\n|tier|[Gen 9] VGC 2023 Regulation C\n|rated|\n|rule|Species Clause: Limit one of each Pok\u00e9mon\n|rule|Item Clause: Limit one of each item\n|clearpoke\n|poke|p1|Arcanine, L50, F|\n|poke|p1|Breloom, L50, F|\n|poke|p1|Iron Bundle, L50|\n|poke|p1|Chi-Yu, L50|\n|poke|p1|Glimmora, L50, M|\n|poke|p1|Dragapult, L50, F|\n|poke|p2|Palafin, L50, M|\n|poke|p2|Flutter Mane, L50|\n|poke|p2|Arcanine, L50, M|\n|poke|p2|Amoonguss, L50, F|\n|poke|p2|Ting-Lu, L50|\n|poke|p2|Roaring Moon, L50|\n|teampreview|4\n|inactive|Battle timer is ON: inactive players will automatically lose when time's up. (requested by anshar_training)\n|\n|t:|1682662814\n|start\n|switch|p1a: Breloom|Breloom, L50, F|100\/100\n|switch|p1b: Glimmora|Glimmora, L50, M|100\/100\n|switch|p2a: PlusUltra|Palafin, L50, M|100\/100\n|switch|p2b: Susy|Amoonguss, L50, F|100\/100\n|turn|1\n|\n|t:|1682662827\n|move|p2a: PlusUltra|Protect|p2a: PlusUltra\n|-singleturn|p2a: PlusUltra|Protect\n|move|p1a: Breloom|Bullet Seed|p2a: PlusUltra\n|-activate|p2a: PlusUltra|move: Protect\n|move|p1b: Glimmora|Earth Power|p2b: Susy\n|-damage|p2b: Susy|74\/100\n|move|p2b: Susy|Spore|p1b: Glimmora\n|-status|p1b: Glimmora|slp|[from] move: Spore\n|\n|upkeep\n|turn|2\n|\n|t:|1682662842\n|detailschange|p2a: PlusUltra|Palafin-Hero, L50, M\n|switch|p2a: Apolo|Arcanine, L50, M|100\/100\n|-ability|p2a: Apolo|Intimidate|boost\n|-unboost|p1a: Breloom|atk|1\n|-unboost|p1b: Glimmora|atk|1\n|move|p1a: Breloom|Spore|p2a: Apolo\n|-activate|p2a: Apolo|item: Safety Goggles|Spore\n|cant|p1b: Glimmora|slp\n|move|p2b: Susy|Pollen Puff|p1a: Breloom\n|-damage|p1a: Breloom|62\/100\n|\n|upkeep\n|turn|3\n|\n|t:|1682662866\n|move|p1a: Breloom|Protect|p1a: Breloom\n|-singleturn|p1a: Breloom|Protect\n|move|p2a: Apolo|Extreme Speed|p1a: Breloom\n|-activate|p1a: Breloom|move: Protect\n|cant|p1b: Glimmora|slp\n|move|p2b: Susy|Pollen Puff|p1a: Breloom\n|-activate|p1a: Breloom|move: Protect\n|\n|upkeep\n|turn|4\n|\n|t:|1682662888\n|switch|p1a: Dragapult|Dragapult, L50, F|100\/100\n|-terastallize|p2a: Apolo|Grass\n|move|p2a: Apolo|Will-O-Wisp||[still]\n|-fail|p2a: Apolo\n|-curestatus|p1b: Glimmora|slp|[msg]\n|move|p1b: Glimmora|Power Gem|p2a: Apolo\n|-damage|p2a: Apolo|59\/100\n|move|p2b: Susy|Spore|p1a: Dragapult\n|-status|p1a: Dragapult|slp|[from] move: Spore\n|\n|upkeep\n|turn|5\n|inactive|sapphoclock has 30 seconds left.\n|inactive|anshar_training has 30 seconds left.\n|\n|t:|1682662922\n|switch|p1a: Breloom|Breloom, L50, F|62\/100\n|switch|p2a: Cornelia|Flutter Mane, L50|100\/100\n|-terastallize|p1b: Glimmora|Grass\n|move|p1b: Glimmora|Power Gem|p2a: Cornelia\n|-crit|p2a: Cornelia\n|-damage|p2a: Cornelia|37\/100\n|move|p2b: Susy|Spore|p1b: Glimmora\n|-immune|p1b: Glimmora\n|\n|upkeep\n|turn|6\n|\n|t:|1682662943\n|move|p2b: Susy|Rage Powder|p2b: Susy\n|-singleturn|p2b: Susy|move: Rage Powder\n|move|p1a: Breloom|Mach Punch|p2b: Susy\n|-resisted|p2b: Susy\n|-damage|p2b: Susy|61\/100\n|move|p2a: Cornelia|Dazzling Gleam|p1b: Glimmora|[spread] p1a,p1b\n|-supereffective|p1a: Breloom\n|-damage|p1a: Breloom|0 fnt\n|-damage|p1b: Glimmora|63\/100\n|faint|p1a: Breloom\n|move|p1b: Glimmora|Earth Power|p2b: Susy\n|-damage|p2b: Susy|36\/100\n|-enditem|p2b: Susy|Sitrus Berry|[eat]\n|-heal|p2b: Susy|60\/100|[from] item: Sitrus Berry\n|\n|upkeep\n|\n|t:|1682662948\n|switch|p1a: Chi-Yu|Chi-Yu, L50|100\/100\n|-ability|p1a: Chi-Yu|Beads of Ruin\n|turn|7\n|\n|t:|1682662962\n|move|p2b: Susy|Protect|p2b: Susy\n|-singleturn|p2b: Susy|Protect\n|move|p2a: Cornelia|Dazzling Gleam|p1b: Glimmora|[spread] p1a,p1b\n|-damage|p1a: Chi-Yu|49\/100\n|-damage|p1b: Glimmora|13\/100\n|move|p1a: Chi-Yu|Heat Wave|p2a: Cornelia|[spread] \n|-activate|p2b: Susy|move: Protect\n|-miss|p1a: Chi-Yu|p2a: Cornelia\n|move|p1b: Glimmora|Mortal Spin|p2b: Susy|[spread] p2a\n|-activate|p2b: Susy|move: Protect\n|-damage|p2a: Cornelia|31\/100\n|-status|p2a: Cornelia|psn\n|\n|-damage|p2a: Cornelia|19\/100 psn|[from] psn\n|upkeep\n|turn|8\n|\n|t:|1682662981\n|move|p1a: Chi-Yu|Protect|p1a: Chi-Yu\n|-singleturn|p1a: Chi-Yu|Protect\n|move|p2b: Susy|Rage Powder|p2b: Susy\n|-singleturn|p2b: Susy|move: Rage Powder\n|move|p2a: Cornelia|Dazzling Gleam|p1a: Chi-Yu|[spread] p1b\n|-activate|p1a: Chi-Yu|move: Protect\n|-damage|p1b: Glimmora|0 fnt\n|faint|p1b: Glimmora\n|\n|-damage|p2a: Cornelia|7\/100 psn|[from] psn\n|upkeep\n|\n|t:|1682662994\n|switch|p1b: Dragapult|Dragapult, L50, F|100\/100 slp\n|turn|9\n|\n|t:|1682663007\n|move|p2b: Susy|Rage Powder|p2b: Susy\n|-singleturn|p2b: Susy|move: Rage Powder\n|cant|p1b: Dragapult|slp\n|move|p2a: Cornelia|Dazzling Gleam|p1a: Chi-Yu|[spread] p1a,p1b\n|-supereffective|p1b: Dragapult\n|-damage|p1a: Chi-Yu|0 fnt\n|-damage|p1b: Dragapult|0 fnt\n|faint|p1a: Chi-Yu\n|faint|p1b: Dragapult\n|\n|win|anshar_training\n|raw|sapphoclock's rating: 1078 → 1055<\/strong> (-23 for losing)\n|raw|anshar_training's rating: 1056 → 1090<\/strong> (+34 for winning)\n|l|\u2606sapphoclock\n","uploadtime":1682663017,"views":10,"p1id":"sapphoclock","p2id":"anshartraining","formatid":"gen9vgc2023regulationc","rating":1055,"private":0,"password":""}