{"id":"gen9vgc2023regulationc-1862113628","p1":"KCELLEY","p2":"TalonMasterJ","format":"[Gen 9] VGC 2023 Regulation C","log":"|j|\u2606KCELLEY\n|j|\u2606TalonMasterJ\n|t:|1683838345\n|gametype|doubles\n|player|p1|KCELLEY|erika|1321\n|player|p2|TalonMasterJ|steven|1223\n|teamsize|p1|6\n|teamsize|p2|6\n|gen|9\n|tier|[Gen 9] VGC 2023 Regulation C\n|rated|\n|rule|Species Clause: Limit one of each Pok\u00e9mon\n|rule|Item Clause: Limit one of each item\n|clearpoke\n|poke|p1|Armarouge, L50, M|\n|poke|p1|Indeedee-F, L50, F|\n|poke|p1|Palafin, L50, M|\n|poke|p1|Iron Hands, L50|\n|poke|p1|Chien-Pao, L50|\n|poke|p1|Sylveon, L50, M|\n|poke|p2|Baxcalibur, L50, F|\n|poke|p2|Chi-Yu, L50|\n|poke|p2|Iron Bundle, L50|\n|poke|p2|Gholdengo, L50|\n|poke|p2|Flutter Mane, L50|\n|poke|p2|Kingambit, L50, M|\n|teampreview|4\nKCELLEY has agreed to open team sheets.\n|inactive|Battle timer is ON: inactive players will automatically lose when time's up. (requested by KCELLEY)\nTalonMasterJ has agreed to open team sheets.\n|inactive|KCELLEY has 60 seconds left.\n|inactive|TalonMasterJ has 60 seconds left.\n|inactive|TalonMasterJ has 30 seconds left.\n|inactive|TalonMasterJ has 20 seconds left.\n|inactive|TalonMasterJ has 15 seconds left.\n|inactive|TalonMasterJ has 10 seconds left.\n|\n|t:|1683838430\n|start\n|switch|p1a: Chien-Pao|Chien-Pao, L50|100\/100\n|switch|p1b: Iron Hands|Iron Hands, L50|100\/100\n|switch|p2a: Flutter Mane|Flutter Mane, L50|100\/100\n|switch|p2b: Chi-Yu|Chi-Yu, L50|100\/100\n|-ability|p1a: Chien-Pao|Sword of Ruin\n|-ability|p2b: Chi-Yu|Beads of Ruin\n|turn|1\n|inactive|KCELLEY has 30 seconds left.\n|inactive|KCELLEY has 20 seconds left.\n|inactive|KCELLEY has 15 seconds left.\n|inactive|KCELLEY has 10 seconds left.\n|inactive|KCELLEY has 5 seconds left.\n|\n|t:|1683838483\n|-terastallize|p1b: Iron Hands|Fire\n|move|p2b: Chi-Yu|Protect|p2b: Chi-Yu\n|-singleturn|p2b: Chi-Yu|Protect\n|move|p2a: Flutter Mane|Dazzling Gleam|p1b: Iron Hands|[spread] p1a,p1b\n|-supereffective|p1a: Chien-Pao\n|-resisted|p1b: Iron Hands\n|-enditem|p1a: Chien-Pao|Focus Sash\n|-damage|p1a: Chien-Pao|1\/100\n|-damage|p1b: Iron Hands|86\/100\n|move|p1a: Chien-Pao|Sacred Sword|p2b: Chi-Yu\n|-activate|p2b: Chi-Yu|move: Protect\n|move|p1b: Iron Hands|Heavy Slam|p2a: Flutter Mane\n|-supereffective|p2a: Flutter Mane\n|-enditem|p2a: Flutter Mane|Focus Sash\n|-damage|p2a: Flutter Mane|1\/100\n|\n|upkeep\n|turn|2\n|inactive|KCELLEY has 30 seconds left.\n|inactive|TalonMasterJ has 30 seconds left.\n|\n|t:|1683838518\n|move|p1a: Chien-Pao|Protect|p1a: Chien-Pao\n|-singleturn|p1a: Chien-Pao|Protect\n|move|p2a: Flutter Mane|Perish Song|p2a: Flutter Mane\n|-start|p1a: Chien-Pao|perish3|[silent]\n|-start|p1b: Iron Hands|perish3|[silent]\n|-start|p2a: Flutter Mane|perish3|[silent]\n|-start|p2b: Chi-Yu|perish3|[silent]\n|-fieldactivate|move: Perish Song\n|move|p2b: Chi-Yu|Ruination|p1b: Iron Hands\n|-damage|p1b: Iron Hands|43\/100\n|move|p1b: Iron Hands|Drain Punch|p2b: Chi-Yu\n|-supereffective|p2b: Chi-Yu\n|-damage|p2b: Chi-Yu|0 fnt\n|-heal|p1b: Iron Hands|79\/100|[from] drain|[of] p2b: Chi-Yu\n|faint|p2b: Chi-Yu\n|\n|-start|p2a: Flutter Mane|perish3\n|-start|p1a: Chien-Pao|perish3\n|-start|p1b: Iron Hands|perish3\n|upkeep\n|\n|t:|1683838529\n|switch|p2b: Gholdengo|Gholdengo, L50|100\/100\n|turn|3\n|inactive|KCELLEY has 30 seconds left.\n|inactive|TalonMasterJ has 30 seconds left.\n|inactive|KCELLEY has 20 seconds left.\n|inactive|TalonMasterJ has 20 seconds left.\n|inactive|KCELLEY has 15 seconds left.\n|inactive|KCELLEY has 10 seconds left.\n|\n|t:|1683838577\n|move|p1a: Chien-Pao|Sucker Punch||[still]\n|-fail|p1a: Chien-Pao\n|move|p2a: Flutter Mane|Moonblast|p1b: Iron Hands\n|-resisted|p1b: Iron Hands\n|-damage|p1b: Iron Hands|60\/100\n|move|p2b: Gholdengo|Nasty Plot|p2b: Gholdengo\n|-boost|p2b: Gholdengo|spa|2\n|move|p1b: Iron Hands|Thunder Punch|p2a: Flutter Mane\n|-damage|p2a: Flutter Mane|0 fnt\n|faint|p2a: Flutter Mane\n|-end|p2a: Flutter Mane|Protosynthesis|[silent]\n|\n|-start|p1a: Chien-Pao|perish2\n|-start|p1b: Iron Hands|perish2\n|upkeep\n|\n|t:|1683838587\n|switch|p2a: Kingambit|Kingambit, L50, M|100\/100\n|turn|4\n|inactive|KCELLEY has 30 seconds left.\n|inactive|TalonMasterJ has 30 seconds left.\n|inactive|KCELLEY has 20 seconds left.\n|inactive|TalonMasterJ has 20 seconds left.\n|\n|t:|1683838627\n|-end|p1b: Iron Hands|Quark Drive|[silent]\n|switch|p1b: Indeedee|Indeedee-F, L50, F|100\/100\n|-fieldstart|move: Psychic Terrain|[from] ability: Psychic Surge|[of] p1b: Indeedee\n|-terastallize|p2a: Kingambit|Electric\n|move|p1a: Chien-Pao|Sacred Sword|p2a: Kingambit\n|-damage|p2a: Kingambit|67\/100\n|move|p2b: Gholdengo|Make It Rain|p1a: Chien-Pao|[spread] p1a,p1b\n|-supereffective|p1a: Chien-Pao\n|-crit|p1b: Indeedee\n|-damage|p1a: Chien-Pao|0 fnt\n|-damage|p1b: Indeedee|0 fnt\n|-unboost|p2b: Gholdengo|spa|1\n|faint|p1a: Chien-Pao\n|faint|p1b: Indeedee\n|-damage|p2b: Gholdengo|91\/100|[from] item: Life Orb\n|move|p2a: Kingambit|Kowtow Cleave|p1: Chien-Pao|[notarget]\n|-fail|p2a: Kingambit\n|\n|upkeep\n|\n|t:|1683838651\n|switch|p1a: Iron Hands|Iron Hands, L50, tera:Fire|60\/100\n|switch|p1b: Armarouge|Armarouge, L50, M|100\/100\n|turn|5\n|inactive|KCELLEY has 30 seconds left.\n|inactive|KCELLEY has 20 seconds left.\n|inactive|KCELLEY has 15 seconds left.\n|inactive|KCELLEY has 10 seconds left.\n|inactive|KCELLEY has 5 seconds left.\n|\n|t:|1683838706\n|move|p1b: Armarouge|Protect|p1b: Armarouge\n|-singleturn|p1b: Armarouge|Protect\n|move|p2b: Gholdengo|Shadow Ball|p1a: Iron Hands\n|-damage|p1a: Iron Hands|0 fnt\n|faint|p1a: Iron Hands\n|-end|p1a: Iron Hands|Quark Drive|[silent]\n|-damage|p2b: Gholdengo|81\/100|[from] item: Life Orb\n|move|p2a: Kingambit|Kowtow Cleave|p1b: Armarouge\n|-activate|p1b: Armarouge|move: Protect\n|\n|upkeep\n|turn|6\n|\n|t:|1683838718\n|move|p2b: Gholdengo|Shadow Ball|p1b: Armarouge\n|-supereffective|p1b: Armarouge\n|-crit|p1b: Armarouge\n|-damage|p1b: Armarouge|0 fnt\n|faint|p1b: Armarouge\n|-damage|p2b: Gholdengo|71\/100|[from] item: Life Orb\n|\n|win|TalonMasterJ\n|raw|KCELLEY's rating: 1321 → 1296<\/strong> (-25 for losing)\n|raw|TalonMasterJ's rating: 1223 → 1255<\/strong> (+32 for winning)\n|l|\u2606KCELLEY\n|l|\u2606TalonMasterJ\n|j|\u2606TalonMasterJ\n|player|p2|TalonMasterJ|steven\n","uploadtime":1683838865,"views":16,"p1id":"kcelley","p2id":"talonmasterj","formatid":"gen9vgc2023regulationc","rating":1255,"private":0,"password":""}