{"id":"gen9vgc2023regulationc-1848809688","p1":"Fastjon4444","p2":"Ruben1452","format":"[Gen 9] VGC 2023 Regulation C","log":"|j|\u2606Fastjon4444\n|j|\u2606Ruben1452\n|t:|1682112752\n|gametype|doubles\n|player|p1|Fastjon4444|hilbert|1143\n|player|p2|Ruben1452|lucas|1142\n|teamsize|p1|6\n|teamsize|p2|6\n|gen|9\n|tier|[Gen 9] VGC 2023 Regulation C\n|rated|\n|rule|Species Clause: Limit one of each Pok\u00e9mon\n|rule|Item Clause: Limit one of each item\n|clearpoke\n|poke|p1|Chien-Pao, L50|\n|poke|p1|Dragapult, L50, F|\n|poke|p1|Arcanine, L50, F|\n|poke|p1|Flutter Mane, L50|\n|poke|p1|Palafin, L50, M|\n|poke|p1|Amoonguss, L50, F|\n|poke|p2|Arcanine, L50, M|\n|poke|p2|Amoonguss, L50, F|\n|poke|p2|Dragonite, L50, M|\n|poke|p2|Flutter Mane, L50|\n|poke|p2|Gastrodon-East, L50, M|\n|poke|p2|Iron Hands, L50|\n|teampreview|4\n|inactive|Battle timer is ON: inactive players will automatically lose when time's up. (requested by Ruben1452)\nRuben1452 has agreed to open team sheets.\n|inactive|Fastjon4444 has 60 seconds left.\n|inactive|Ruben1452 has 60 seconds left.\n|\n|t:|1682112808\n|start\n|switch|p1a: Palafin|Palafin, L50, M|100\/100\n|switch|p1b: Dragapult|Dragapult, L50, F|100\/100\n|switch|p2a: Iron Hands|Iron Hands, L50|100\/100\n|switch|p2b: Dragonite|Dragonite, L50, M|100\/100\n|turn|1\n|\n|t:|1682112832\n|detailschange|p1a: Palafin|Palafin-Hero, L50, M\n|switch|p1a: Amoonguss|Amoonguss, L50, F|100\/100\n|move|p2b: Dragonite|Protect|p2b: Dragonite\n|-singleturn|p2b: Dragonite|Protect\n|move|p1b: Dragapult|Dragon Darts|p2a: Iron Hands\n|-damage|p2a: Iron Hands|76\/100\n|-anim|p1b: Dragapult|Dragon Darts|p2a: Iron Hands\n|-damage|p2a: Iron Hands|51\/100\n|-damage|p1b: Dragapult|91\/100|[from] item: Life Orb\n|move|p2a: Iron Hands|Wild Charge|p1b: Dragapult\n|-resisted|p1b: Dragapult\n|-damage|p1b: Dragapult|51\/100\n|-damage|p2a: Iron Hands|44\/100|[from] Recoil\n|\n|upkeep\n|turn|2\n|inactive|Fastjon4444 has 30 seconds left.\n|inactive|Ruben1452 has 30 seconds left.\n|inactive|Fastjon4444 has 20 seconds left.\n|inactive|Ruben1452 has 20 seconds left.\n|inactive|Fastjon4444 has 15 seconds left.\n|inactive|Fastjon4444 has 10 seconds left.\n|inactive|Ruben1452 has 15 seconds left.\n|inactive|Fastjon4444 has 5 seconds left.\n|inactive|Ruben1452 has 10 seconds left.\n|inactive|Ruben1452 has 5 seconds left.\n|\n|t:|1682112892\n|-end|p2a: Iron Hands|Quark Drive|[silent]\n|switch|p2a: Amoonguss|Amoonguss, L50, F|100\/100\n|move|p1b: Dragapult|Dragon Darts|p2b: Dragonite\n|-supereffective|p2b: Dragonite\n|-damage|p2b: Dragonite|68\/100\n|-anim|p1b: Dragapult|Dragon Darts|p2a: Amoonguss\n|-damage|p2a: Amoonguss|73\/100\n|-damage|p1b: Dragapult|41\/100|[from] item: Life Orb\n|move|p2b: Dragonite|Aerial Ace|p1a: Amoonguss\n|-supereffective|p1a: Amoonguss\n|-damage|p1a: Amoonguss|46\/100\n|-damage|p2b: Dragonite|51\/100|[from] item: Rocky Helmet|[of] p1a: Amoonguss\n|move|p1a: Amoonguss|Pollen Puff|p1b: Dragapult\n|-heal|p1b: Dragapult|91\/100\n|\n|upkeep\n|turn|3\n|inactive|Ruben1452 has 30 seconds left.\n|\n|t:|1682112920\n|switch|p2b: Flutter Mane|Flutter Mane, L50|100\/100\n|move|p1a: Amoonguss|Protect|p1a: Amoonguss\n|-singleturn|p1a: Amoonguss|Protect\n|move|p1b: Dragapult|Dragon Darts|p2a: Amoonguss\n|-damage|p2a: Amoonguss|47\/100\n|-enditem|p2a: Amoonguss|Sitrus Berry|[eat]\n|-heal|p2a: Amoonguss|72\/100|[from] item: Sitrus Berry\n|-anim|p1b: Dragapult|Dragon Darts|p2a: Amoonguss\n|-damage|p2a: Amoonguss|47\/100\n|-damage|p1b: Dragapult|81\/100|[from] item: Life Orb\n|move|p2a: Amoonguss|Spore|p1b: Dragapult\n|-status|p1b: Dragapult|slp|[from] move: Spore\n|\n|upkeep\n|turn|4\n|inactive|Fastjon4444 has 30 seconds left.\n|inactive|Ruben1452 has 30 seconds left.\n|\n|t:|1682112946\n|switch|p2a: Dragonite|Dragonite, L50, M|51\/100\n|switch|p1a: Palafin|Palafin-Hero, L50, M|100\/100\n|-activate|p1a: Palafin|ability: Zero to Hero\n|move|p2b: Flutter Mane|Protect|p2b: Flutter Mane\n|-singleturn|p2b: Flutter Mane|Protect\n|cant|p1b: Dragapult|slp\n|\n|upkeep\n|turn|5\n|\n|t:|1682112971\n|-terastallize|p1a: Palafin|Water\n|move|p1a: Palafin|Jet Punch|p2b: Flutter Mane\n|-enditem|p2b: Flutter Mane|Focus Sash\n|-damage|p2b: Flutter Mane|1\/100\n|cant|p1b: Dragapult|slp\n|move|p2b: Flutter Mane|Moonblast|p1a: Palafin\n|-damage|p1a: Palafin|49\/100\n|move|p2a: Dragonite|Aerial Ace|p1a: Palafin\n|-damage|p1a: Palafin|20\/100\n|\n|upkeep\n|turn|6\n|\n|t:|1682112993\n|switch|p2a: Amoonguss|Amoonguss, L50, F|80\/100\n|move|p2b: Flutter Mane|Protect|p2b: Flutter Mane\n|-singleturn|p2b: Flutter Mane|Protect\n|move|p1a: Palafin|Jet Punch|p2b: Flutter Mane\n|-activate|p2b: Flutter Mane|move: Protect\n|cant|p1b: Dragapult|slp\n|\n|upkeep\n|turn|7\n|\n|t:|1682113013\n|move|p2a: Amoonguss|Rage Powder|p2a: Amoonguss\n|-singleturn|p2a: Amoonguss|move: Rage Powder\n|move|p1a: Palafin|Jet Punch|p2b: Flutter Mane\n|-damage|p2b: Flutter Mane|0 fnt\n|faint|p2b: Flutter Mane\n|-end|p2b: Flutter Mane|Protosynthesis|[silent]\n|-curestatus|p1b: Dragapult|slp|[msg]\n|move|p1b: Dragapult|Dragon Darts|p2a: Amoonguss\n|-damage|p2a: Amoonguss|54\/100\n|-anim|p1b: Dragapult|Dragon Darts|p2a: Amoonguss\n|-damage|p2a: Amoonguss|29\/100\n|-damage|p1b: Dragapult|71\/100|[from] item: Life Orb\n|\n|upkeep\n|\n|t:|1682113020\n|switch|p2b: Iron Hands|Iron Hands, L50|44\/100\n|turn|8\n|\n|t:|1682113042\n|move|p1a: Palafin|Protect|p1a: Palafin\n|-singleturn|p1a: Palafin|Protect\n|move|p2b: Iron Hands|Fake Out|p1a: Palafin\n|-activate|p1a: Palafin|move: Protect\n|move|p1b: Dragapult|Dragon Darts|p2a: Amoonguss\n|-damage|p2a: Amoonguss|4\/100\n|-anim|p1b: Dragapult|Dragon Darts|p2b: Iron Hands\n|-damage|p2b: Iron Hands|21\/100\n|-damage|p1b: Dragapult|61\/100|[from] item: Life Orb\n|move|p2a: Amoonguss|Pollen Puff|p2b: Iron Hands\n|-heal|p2b: Iron Hands|71\/100\n|\n|upkeep\n|turn|9\n|\n|t:|1682113065\n|move|p2a: Amoonguss|Protect|p2a: Amoonguss\n|-singleturn|p2a: Amoonguss|Protect\n|move|p1b: Dragapult|Dragon Darts|p2b: Iron Hands\n|-damage|p2b: Iron Hands|45\/100\n|-anim|p1b: Dragapult|Dragon Darts|p2b: Iron Hands\n|-damage|p2b: Iron Hands|21\/100\n|-damage|p1b: Dragapult|51\/100|[from] item: Life Orb\n|move|p1a: Palafin|Wave Crash|p2b: Iron Hands\n|-damage|p2b: Iron Hands|0 fnt\n|faint|p2b: Iron Hands\n|-end|p2b: Iron Hands|Quark Drive|[silent]\n|-damage|p1a: Palafin|12\/100|[from] Recoil\n|\n|upkeep\n|\n|t:|1682113070\n|switch|p2b: Dragonite|Dragonite, L50, M|51\/100\n|turn|10\n|-message|Ruben1452 forfeited.\n|\n|win|Fastjon4444\n|raw|Fastjon4444's rating: 1143 → 1168<\/strong> (+25 for winning)\n|raw|Ruben1452's rating: 1142 → 1117<\/strong> (-25 for losing)\n|l|\u2606Ruben1452\n","uploadtime":1682113089,"views":12,"p1id":"fastjon4444","p2id":"ruben1452","formatid":"gen9vgc2023regulationc","rating":1117,"private":0,"password":""}