{"id":"gen9vgc2023regulationc-1849794248","p1":"Misha-Red","p2":"iStockphoto","format":"[Gen 9] VGC 2023 Regulation C","log":"|j|\u2606Misha-Red\n|j|\u2606iStockphoto\n|t:|1682252756\n|gametype|doubles\n|player|p1|Misha-Red|policeman-gen4|1099\n|player|p2|iStockphoto|170|1000\n|teamsize|p1|6\n|teamsize|p2|6\n|gen|9\n|tier|[Gen 9] VGC 2023 Regulation C\n|rated|\n|rule|Species Clause: Limit one of each Pok\u00e9mon\n|rule|Item Clause: Limit one of each item\n|clearpoke\n|poke|p1|Murkrow, L50, M|\n|poke|p1|Baxcalibur, L50, F|\n|poke|p1|Annihilape, L50, F|\n|poke|p1|Farigiraf, L50, M|\n|poke|p1|Chi-Yu, L50|\n|poke|p1|Wo-Chien, L50|\n|poke|p2|Tatsugiri, L50, F|\n|poke|p2|Dondozo, L50, F|\n|poke|p2|Pelipper, L50, F|\n|poke|p2|Iron Bundle, L50|\n|poke|p2|Palafin, L50, M|\n|poke|p2|Amoonguss, L50, F|\n|teampreview|4\niStockphoto has agreed to open team sheets.\n|\n|t:|1682252783\n|start\n|switch|p1a: Farigiraf|Farigiraf, L50, M|100\/100\n|switch|p1b: Murkrow|Murkrow, L50, M|100\/100\n|switch|p2a: Tatsugiri|Tatsugiri, L50, F|100\/100\n|switch|p2b: Pelipper|Pelipper, L50, F|100\/100\n|-weather|RainDance|[from] ability: Drizzle|[of] p2b: Pelipper\n|turn|1\n|inactive|Battle timer is ON: inactive players will automatically lose when time's up. (requested by Misha-Red)\n|inactive|iStockphoto has 60 seconds left.\n|\n|t:|1682252822\n|move|p1b: Murkrow|Thunder Wave|p2b: Pelipper|[miss]\n|-miss|p1b: Murkrow|p2b: Pelipper\n|move|p2a: Tatsugiri|Hydro Pump|p1b: Murkrow\n|-damage|p1b: Murkrow|29\/100\n|move|p2b: Pelipper|U-turn|p1a: Farigiraf\n|-supereffective|p1a: Farigiraf\n|-damage|p1a: Farigiraf|84\/100\n|\n|t:|1682252830\n|switch|p2b: Dondozo|Dondozo, L50, F|100\/100|[from] U-turn\n|-activate|p2a: Tatsugiri|ability: Commander|[of] p2b: Dondozo\n|-boost|p2b: Dondozo|atk|2\n|-boost|p2b: Dondozo|spa|2\n|-boost|p2b: Dondozo|spe|2\n|-boost|p2b: Dondozo|def|2\n|-boost|p2b: Dondozo|spd|2\n|move|p1a: Farigiraf|Trick Room|p1a: Farigiraf\n|-fieldstart|move: Trick Room|[of] p1a: Farigiraf\n|-enditem|p1a: Farigiraf|Room Service\n|-unboost|p1a: Farigiraf|spe|1|[from] item: Room Service\n|\n|-weather|RainDance|[upkeep]\n|upkeep\n|turn|2\n|\n|t:|1682252851\n|move|p1a: Farigiraf|Psychic|p2b: Dondozo\n|-damage|p2b: Dondozo|79\/100\n|move|p2b: Dondozo|Order Up|p1a: Farigiraf\n|-damage|p1a: Farigiraf|32\/100\n|-boost|p2b: Dondozo|atk|1\n|move|p1b: Murkrow|Foul Play|p2b: Dondozo\n|-damage|p2b: Dondozo|65\/100\n|\n|-weather|RainDance|[upkeep]\n|upkeep\n|turn|3\n|\n|t:|1682252869\n|-terastallize|p1a: Farigiraf|Fairy\n|move|p1a: Farigiraf|Dazzling Gleam|p2a: Tatsugiri|[spread] p2b\n|-miss|p1a: Farigiraf|p2a: Tatsugiri\n|-damage|p2b: Dondozo|50\/100\n|move|p2b: Dondozo|Order Up|p1a: Farigiraf\n|-immune|p1a: Farigiraf\n|move|p1b: Murkrow|U-turn|p2b: Dondozo\n|-damage|p2b: Dondozo|45\/100\n|\n|t:|1682252880\n|switch|p1b: Wo-Chien|Wo-Chien, L50|100\/100|[from] U-turn\n|-ability|p1b: Wo-Chien|Tablets of Ruin\n|\n|-weather|RainDance|[upkeep]\n|upkeep\n|turn|4\n|\n|t:|1682252891\n|move|p1a: Farigiraf|Psychic|p2b: Dondozo\n|-damage|p2b: Dondozo|24\/100\n|move|p1b: Wo-Chien|Giga Drain|p2b: Dondozo\n|-supereffective|p2b: Dondozo\n|-damage|p2b: Dondozo|0 fnt\n|faint|p2b: Dondozo\n|\n|-weather|RainDance|[upkeep]\n|upkeep\n|\n|t:|1682252900\n|switch|p2b: Iron Bundle|Iron Bundle, L50|100\/100\n|-enditem|p2b: Iron Bundle|Booster Energy\n|-activate|p2b: Iron Bundle|ability: Quark Drive|[fromitem]\n|-start|p2b: Iron Bundle|quarkdrivespe\n|turn|5\n|\n|t:|1682252916\n|-terastallize|p2a: Tatsugiri|Water\n|move|p2b: Iron Bundle|Protect|p2b: Iron Bundle\n|-singleturn|p2b: Iron Bundle|Protect\n|move|p1a: Farigiraf|Dazzling Gleam|p2b: Iron Bundle|[spread] p2a\n|-activate|p2b: Iron Bundle|move: Protect\n|-crit|p2a: Tatsugiri\n|-damage|p2a: Tatsugiri|44\/100\n|move|p1b: Wo-Chien|Giga Drain|p2b: Iron Bundle\n|-activate|p2b: Iron Bundle|move: Protect\n|move|p2a: Tatsugiri|Hydro Pump|p1a: Farigiraf\n|-damage|p1a: Farigiraf|0 fnt\n|faint|p1a: Farigiraf\n|\n|-weather|RainDance|[upkeep]\n|-fieldend|move: Trick Room\n|upkeep\n|\n|t:|1682252930\n|switch|p1a: Murkrow|Murkrow, L50, M|29\/100\n|turn|6\n|\n|t:|1682252946\n|move|p1a: Murkrow|Thunder Wave|p2b: Iron Bundle\n|-status|p2b: Iron Bundle|par\n|move|p2a: Tatsugiri|Hydro Pump|p1a: Murkrow|[miss]\n|-miss|p2a: Tatsugiri|p1a: Murkrow\n|move|p2b: Iron Bundle|Icy Wind|p1a: Murkrow|[spread] p1a,p1b\n|-supereffective|p1a: Murkrow\n|-supereffective|p1b: Wo-Chien\n|-damage|p1a: Murkrow|0 fnt\n|-damage|p1b: Wo-Chien|81\/100\n|-unboost|p1b: Wo-Chien|spe|1\n|faint|p1a: Murkrow\n|move|p1b: Wo-Chien|Giga Drain|p2b: Iron Bundle\n|-supereffective|p2b: Iron Bundle\n|-damage|p2b: Iron Bundle|0 fnt\n|-heal|p1b: Wo-Chien|100\/100|[from] drain|[of] p2b: Iron Bundle\n|faint|p2b: Iron Bundle\n|-end|p2b: Iron Bundle|Quark Drive|[silent]\n|\n|-weather|RainDance|[upkeep]\n|upkeep\n|\n|t:|1682252962\n|switch|p2b: Pelipper|Pelipper, L50, F|100\/100\n|switch|p1a: Annihilape|Annihilape, L50, F|100\/100\n|turn|7\n|\n|t:|1682252977\n|move|p2a: Tatsugiri|Hydro Pump|p1a: Annihilape\n|-damage|p1a: Annihilape|5\/100\n|-enditem|p1a: Annihilape|Sitrus Berry|[eat]\n|-heal|p1a: Annihilape|30\/100|[from] item: Sitrus Berry\n|move|p2b: Pelipper|Hurricane|p1a: Annihilape\n|-supereffective|p1a: Annihilape\n|-damage|p1a: Annihilape|0 fnt\n|faint|p1a: Annihilape\n|move|p1b: Wo-Chien|Leech Seed|p2b: Pelipper\n|-start|p2b: Pelipper|move: Leech Seed\n|\n|-weather|RainDance|[upkeep]\n|-damage|p2b: Pelipper|89\/100|[from] Leech Seed|[of] p1b: Wo-Chien\n|upkeep\n|turn|8\n|\n|t:|1682252996\n|move|p2a: Tatsugiri|Hydro Pump|p1b: Wo-Chien\n|-resisted|p1b: Wo-Chien\n|-damage|p1b: Wo-Chien|71\/100\n|move|p2b: Pelipper|Hurricane|p1b: Wo-Chien\n|-supereffective|p1b: Wo-Chien\n|-damage|p1b: Wo-Chien|20\/100\n|-start|p1b: Wo-Chien|confusion\n|-activate|p1b: Wo-Chien|confusion\n|-damage|p1b: Wo-Chien|14\/100|[from] confusion\n|\n|-weather|none\n|-heal|p1b: Wo-Chien|20\/100|[from] item: Leftovers\n|-damage|p2b: Pelipper|77\/100|[from] Leech Seed|[of] p1b: Wo-Chien\n|-heal|p1b: Wo-Chien|28\/100|[silent]\n|upkeep\n|turn|9\n|\n|t:|1682253017\n|move|p2a: Tatsugiri|Hydro Pump|p1b: Wo-Chien\n|-resisted|p1b: Wo-Chien\n|-damage|p1b: Wo-Chien|8\/100\n|move|p2b: Pelipper|U-turn|p1b: Wo-Chien\n|-supereffective|p1b: Wo-Chien\n|-damage|p1b: Wo-Chien|0 fnt\n|faint|p1b: Wo-Chien\n|\n|win|iStockphoto\n|raw|Misha-Red's rating: 1099 → 1067<\/strong> (-32 for losing)\n|raw|iStockphoto's rating: 1000 → 1051<\/strong> (+51 for winning)\n|c|\u2606iStockphoto|gg!\n|l|\u2606Misha-Red\n","uploadtime":1682253027,"views":15,"p1id":"mishared","p2id":"istockphoto","formatid":"gen9vgc2023regulationc","rating":1051,"private":0,"password":""}