{"id":"gen9vgc2023regulationc-1846750830","p1":"ascoi","p2":"Argyris","format":"[Gen 9] VGC 2023 Regulation C","log":"|j|\u2606ascoi\n|j|\u2606Argyris\n|t:|1681873882\n|gametype|doubles\n|player|p1|ascoi|swimmer|1188\n|player|p2|Argyris|lass-gen4|1251\n|teamsize|p1|6\n|teamsize|p2|6\n|gen|9\n|tier|[Gen 9] VGC 2023 Regulation C\n|rated|\n|rule|Species Clause: Limit one of each Pok\u00e9mon\n|rule|Item Clause: Limit one of each item\n|clearpoke\n|poke|p1|Flutter Mane, L50|\n|poke|p1|Magnezone, L50|\n|poke|p1|Amoonguss, L50, F|\n|poke|p1|Gyarados, L50, F|\n|poke|p1|Chi-Yu, L50|\n|poke|p1|Dragapult, L50, M|\n|poke|p2|Tatsugiri, L50, F|\n|poke|p2|Glimmora, L50, F|\n|poke|p2|Dragonite, L50, M|\n|poke|p2|Iron Bundle, L50|\n|poke|p2|Dondozo, L50, F|\n|poke|p2|Chi-Yu, L50|\n|teampreview|4\nArgyris has agreed to open team sheets.\nascoi has agreed to open team sheets.\n|\n|t:|1681873966\n|start\n|switch|p1a: Magnezone|Magnezone, L50|100\/100\n|switch|p1b: Gyarados|Gyarados, L50, F|100\/100\n|switch|p2a: Iron Bundle|Iron Bundle, L50|100\/100\n|switch|p2b: Chi-Yu|Chi-Yu, L50|100\/100\n|-ability|p2b: Chi-Yu|Beads of Ruin\n|-ability|p1b: Gyarados|Intimidate|boost\n|-unboost|p2a: Iron Bundle|atk|1\n|-unboost|p2b: Chi-Yu|atk|1\n|-enditem|p2a: Iron Bundle|Booster Energy\n|-activate|p2a: Iron Bundle|ability: Quark Drive|[fromitem]\n|-start|p2a: Iron Bundle|quarkdrivespe\n|turn|1\n|\n|t:|1681874001\n|-terastallize|p1a: Magnezone|Water\n|move|p2a: Iron Bundle|Protect|p2a: Iron Bundle\n|-singleturn|p2a: Iron Bundle|Protect\n|move|p2b: Chi-Yu|Protect|p2b: Chi-Yu\n|-singleturn|p2b: Chi-Yu|Protect\n|move|p1b: Gyarados|Protect|p1b: Gyarados\n|-singleturn|p1b: Gyarados|Protect\n|move|p1a: Magnezone|Electroweb|p2b: Chi-Yu|[spread] \n|-activate|p2a: Iron Bundle|move: Protect\n|-activate|p2b: Chi-Yu|move: Protect\n|\n|upkeep\n|turn|2\n|\n|t:|1681874057\n|switch|p2b: Dragonite|Dragonite, L50, M, shiny|100\/100\n|switch|p1b: Amoonguss|Amoonguss, L50, F|100\/100\n|move|p2a: Iron Bundle|Freeze-Dry|p1b: Amoonguss\n|-supereffective|p1b: Amoonguss\n|-damage|p1b: Amoonguss|43\/100\n|-enditem|p1b: Amoonguss|Sitrus Berry|[eat]\n|-heal|p1b: Amoonguss|67\/100|[from] item: Sitrus Berry\n|move|p1a: Magnezone|Electroweb|p2a: Iron Bundle|[spread] p2a,p2b\n|-supereffective|p2a: Iron Bundle\n|-damage|p2a: Iron Bundle|3\/100\n|-damage|p2b: Dragonite|89\/100\n|-unboost|p2a: Iron Bundle|spe|1\n|-unboost|p2b: Dragonite|spe|1\n|\n|upkeep\n|turn|3\n|\n|t:|1681874097\n|switch|p1b: Gyarados|Gyarados, L50, F|100\/100\n|-ability|p1b: Gyarados|Intimidate|boost\n|-unboost|p2a: Iron Bundle|atk|1\n|-unboost|p2b: Dragonite|atk|1\n|-terastallize|p2b: Dragonite|Flying\n|move|p2a: Iron Bundle|Freeze-Dry|p1a: Magnezone\n|-supereffective|p1a: Magnezone\n|-damage|p1a: Magnezone|39\/100\n|move|p1a: Magnezone|Electroweb|p2a: Iron Bundle|[spread] p2a,p2b\n|-supereffective|p2a: Iron Bundle\n|-supereffective|p2b: Dragonite\n|-damage|p2a: Iron Bundle|0 fnt\n|-damage|p2b: Dragonite|54\/100\n|-unboost|p2b: Dragonite|spe|1\n|faint|p2a: Iron Bundle\n|-end|p2a: Iron Bundle|Quark Drive|[silent]\n|move|p2b: Dragonite|Tera Blast|p1b: Gyarados\n|-damage|p1b: Gyarados|34\/100\n|\n|-heal|p1a: Magnezone|46\/100|[from] item: Leftovers\n|upkeep\n|\n|t:|1681874116\n|switch|p2a: Glimmora|Glimmora, L50, F|100\/100\n|turn|4\n|\n|t:|1681874151\n|move|p1b: Gyarados|Protect|p1b: Gyarados\n|-singleturn|p1b: Gyarados|Protect\n|move|p2a: Glimmora|Energy Ball|p1a: Magnezone\n|-supereffective|p1a: Magnezone\n|-damage|p1a: Magnezone|0 fnt\n|faint|p1a: Magnezone\n|move|p2b: Dragonite|Tera Blast|p1b: Gyarados\n|-activate|p1b: Gyarados|move: Protect\n|\n|upkeep\n|\n|t:|1681874170\n|switch|p1a: Flutter Mane|Flutter Mane, L50|100\/100\n|turn|5\n|\n|t:|1681874219\n|switch|p1b: Amoonguss|Amoonguss, L50, F|100\/100\n|switch|p2b: Chi-Yu|Chi-Yu, L50|100\/100\n|-ability|p2b: Chi-Yu|Beads of Ruin\n|move|p1a: Flutter Mane|Shadow Ball|p2b: Chi-Yu\n|-resisted|p2b: Chi-Yu\n|-damage|p2b: Chi-Yu|61\/100\n|move|p2a: Glimmora|Power Gem|p1b: Amoonguss\n|-crit|p1b: Amoonguss\n|-damage|p1b: Amoonguss|24\/100\n|\n|upkeep\n|turn|6\n|\n|t:|1681874242\n|-end|p1a: Flutter Mane|Protosynthesis|[silent]\n|switch|p1a: Gyarados|Gyarados, L50, F|34\/100\n|-ability|p1a: Gyarados|Intimidate|boost\n|-unboost|p2a: Glimmora|atk|1\n|-unboost|p2b: Chi-Yu|atk|1\n|move|p2b: Chi-Yu|Heat Wave|p1b: Amoonguss|[spread] p1a,p1b\n|-resisted|p1a: Gyarados\n|-supereffective|p1b: Amoonguss\n|-crit|p1b: Amoonguss\n|-damage|p1a: Gyarados|11\/100\n|-damage|p1b: Amoonguss|0 fnt\n|faint|p1b: Amoonguss\n|move|p2a: Glimmora|Power Gem|p1a: Gyarados\n|-supereffective|p1a: Gyarados\n|-damage|p1a: Gyarados|0 fnt\n|faint|p1a: Gyarados\n|\n|upkeep\n|-message|ascoi forfeited.\n|\n|win|Argyris\n|raw|ascoi's rating: 1188 → 1167<\/strong> (-21 for losing)\n|raw|Argyris's rating: 1251 → 1272<\/strong> (+21 for winning)\n|l|\u2606ascoi\n","uploadtime":1681874269,"views":12,"p1id":"ascoi","p2id":"argyris","formatid":"gen9vgc2023regulationc","rating":1167,"private":0,"password":""}