{"id":"gen9vgc2023regulationc-1847263857","p1":"Deasya","p2":"Vidzsffs","format":"[Gen 9] VGC 2023 Regulation C","log":"|j|\u2606Deasya\n|j|\u2606Vidzsffs\n|t:|1681932727\n|gametype|doubles\n|player|p1|Deasya|plasmagrunt-gen5bw|1050\n|player|p2|Vidzsffs|silver|1042\n|teamsize|p1|6\n|teamsize|p2|6\n|gen|9\n|tier|[Gen 9] VGC 2023 Regulation C\n|rated|\n|rule|Species Clause: Limit one of each Pok\u00e9mon\n|rule|Item Clause: Limit one of each item\n|clearpoke\n|poke|p1|Palafin, L50, F|\n|poke|p1|Iron Hands, L50|\n|poke|p1|Chien-Pao, L50|\n|poke|p1|Lokix, L50, F|\n|poke|p1|Armarouge, L50, F|\n|poke|p1|Iron Valiant, L50|\n|poke|p2|Umbreon, L50, M|\n|poke|p2|Annihilape, L50, F|\n|poke|p2|Ting-Lu, L50|\n|poke|p2|Klefki, L50, F|\n|poke|p2|Arcanine, L50, M|\n|poke|p2|Maushold-Four, L50|\n|teampreview|4\n|\n|t:|1681932774\n|start\n|switch|p1a: Armarouge|Armarouge, L50, F|100\/100\n|switch|p1b: Iron Valiant|Iron Valiant, L50|100\/100\n|switch|p2a: Umbreon|Umbreon, L50, M, shiny|100\/100\n|switch|p2b: Klefki|Klefki, L50, F|100\/100\n|turn|1\n|\n|t:|1681932816\n|-terastallize|p1a: Armarouge|Fire\n|-terastallize|p2a: Umbreon|Poison\n|move|p1b: Iron Valiant|Shadow Sneak|p1a: Armarouge\n|-damage|p1a: Armarouge|86\/100\n|-ability|p1a: Armarouge|Weak Armor|boost\n|-unboost|p1a: Armarouge|def|1\n|-boost|p1a: Armarouge|spe|2\n|move|p2b: Klefki|Thunder Wave|p1b: Iron Valiant\n|-status|p1b: Iron Valiant|par\n|move|p1a: Armarouge|Aura Sphere|p2a: Umbreon\n|-resisted|p2a: Umbreon\n|-damage|p2a: Umbreon|90\/100\n|move|p2a: Umbreon|Snarl|p1b: Iron Valiant|[spread] p1b\n|-miss|p2a: Umbreon|p1a: Armarouge\n|-resisted|p1b: Iron Valiant\n|-damage|p1b: Iron Valiant|96\/100 par\n|-unboost|p1b: Iron Valiant|spa|1\n|\n|upkeep\n|turn|2\n|inactive|Battle timer is ON: inactive players will automatically lose when time's up. (requested by Vidzsffs)\n|\n|t:|1681932872\n|cant|p1b: Iron Valiant|par\n|move|p2b: Klefki|Light Screen|p2b: Klefki\n|-sidestart|p2: Vidzsffs|move: Light Screen\n|move|p1a: Armarouge|Armor Cannon|p2b: Klefki\n|-supereffective|p2b: Klefki\n|-damage|p2b: Klefki|0 fnt\n|-unboost|p1a: Armarouge|def|1\n|-unboost|p1a: Armarouge|spd|1\n|faint|p2b: Klefki\n|move|p2a: Umbreon|Snarl|p1a: Armarouge|[spread] p1a,p1b\n|-resisted|p1b: Iron Valiant\n|-damage|p1a: Armarouge|69\/100\n|-damage|p1b: Iron Valiant|92\/100 par\n|-unboost|p1a: Armarouge|spa|1\n|-unboost|p1b: Iron Valiant|spa|1\n|\n|upkeep\n|\n|t:|1681932888\n|switch|p2b: Arcanine|Arcanine, L50, M|100\/100\n|-ability|p2b: Arcanine|Intimidate|boost\n|-unboost|p1a: Armarouge|atk|1\n|-unboost|p1b: Iron Valiant|atk|1\n|turn|3\n|inactive|Vidzsffs has 30 seconds left.\n|\n|t:|1681932918\n|move|p2b: Arcanine|Protect|p2b: Arcanine\n|-singleturn|p2b: Arcanine|Protect\n|move|p1b: Iron Valiant|Quick Guard|p1b: Iron Valiant\n|-singleturn|p1b: Iron Valiant|Quick Guard\n|move|p1a: Armarouge|Armor Cannon|p2a: Umbreon\n|-damage|p2a: Umbreon|62\/100\n|-unboost|p1a: Armarouge|def|1\n|-unboost|p1a: Armarouge|spd|1\n|move|p2a: Umbreon|Snarl|p1b: Iron Valiant|[spread] p1a,p1b\n|-resisted|p1b: Iron Valiant\n|-damage|p1a: Armarouge|47\/100\n|-damage|p1b: Iron Valiant|88\/100 par\n|-unboost|p1a: Armarouge|spa|1\n|-unboost|p1b: Iron Valiant|spa|1\n|\n|upkeep\n|turn|4\n|inactive|Deasya has 30 seconds left.\n|inactive|Deasya has 20 seconds left.\n|inactive|Deasya has 15 seconds left.\n|\n|t:|1681932962\n|move|p1a: Armarouge|Protect|p1a: Armarouge\n|-singleturn|p1a: Armarouge|Protect\n|move|p2b: Arcanine|Flare Blitz|p1b: Iron Valiant\n|-damage|p1b: Iron Valiant|28\/100 par\n|-damage|p2b: Arcanine|85\/100|[from] Recoil\n|move|p1b: Iron Valiant|Close Combat|p2b: Arcanine\n|-damage|p2b: Arcanine|38\/100\n|-unboost|p1b: Iron Valiant|def|1\n|-unboost|p1b: Iron Valiant|spd|1\n|move|p2a: Umbreon|Wish|p2a: Umbreon\n|\n|upkeep\n|turn|5\n|l|\u2606Vidzsffs\n|inactive|Vidzsffs disconnected and has a minute to reconnect!\n|player|p2|\n|inactive|Deasya has 30 seconds left.\n|inactive|Vidzsffs has 30 seconds left.\n|j|\u2606Vidzsffs\n|inactive|Vidzsffs reconnected and has 30 seconds left.\n|player|p2|Vidzsffs|silver\n|inactive|Deasya has 20 seconds left.\n|inactive|Vidzsffs has 20 seconds left.\n|inactive|Vidzsffs has 15 seconds left.\n|inactive|Vidzsffs has 10 seconds left.\n|\n|t:|1681933012\n|move|p1b: Iron Valiant|Shadow Sneak|p2b: Arcanine\n|-damage|p2b: Arcanine|27\/100\n|move|p1a: Armarouge|Aura Sphere|p2b: Arcanine\n|-damage|p2b: Arcanine|20\/100\n|move|p2b: Arcanine|Morning Sun|p2b: Arcanine\n|-heal|p2b: Arcanine|70\/100\n|move|p2a: Umbreon|Foul Play|p1b: Iron Valiant\n|-resisted|p1b: Iron Valiant\n|-damage|p1b: Iron Valiant|12\/100 par\n|\n|-heal|p2a: Umbreon|100\/100|[from] move: Wish|[wisher] Umbreon\n|upkeep\n|turn|6\n|inactive|Deasya has 30 seconds left.\n|inactive|Deasya has 20 seconds left.\n|inactive|Deasya has 15 seconds left.\n|\n|t:|1681933055\n|switch|p1a: Chien-Pao|Chien-Pao, L50|100\/100\n|-ability|p1a: Chien-Pao|Sword of Ruin\n|move|p1b: Iron Valiant|Shadow Sneak|p2b: Arcanine\n|-damage|p2b: Arcanine|56\/100\n|move|p2b: Arcanine|Flare Blitz|p1a: Chien-Pao\n|-supereffective|p1a: Chien-Pao\n|-enditem|p1a: Chien-Pao|Focus Sash\n|-damage|p1a: Chien-Pao|1\/100\n|-damage|p2b: Arcanine|30\/100|[from] Recoil\n|move|p2a: Umbreon|Snarl|p1b: Iron Valiant|[spread] p1a,p1b\n|-resisted|p1a: Chien-Pao\n|-resisted|p1b: Iron Valiant\n|-damage|p1a: Chien-Pao|0 fnt\n|-damage|p1b: Iron Valiant|7\/100 par\n|-unboost|p1b: Iron Valiant|spa|1\n|faint|p1a: Chien-Pao\n|\n|upkeep\n|-message|Deasya forfeited.\n|\n|win|Vidzsffs\n|raw|Deasya's rating: 1050 → 1032<\/strong> (-18 for losing)\n|raw|Vidzsffs's rating: 1042 → 1076<\/strong> (+34 for winning)\n|l|\u2606Deasya\n","uploadtime":1681933078,"views":14,"p1id":"deasya","p2id":"vidzsffs","formatid":"gen9vgc2023regulationc","rating":1032,"private":0,"password":""}