{"id":"gen9vgc2023regulationc-1856577285","p1":"Bxega12","p2":"Cosentino","format":"[Gen 9] VGC 2023 Regulation C","log":"|j|\u2606Bxega12\n|j|\u2606Cosentino\n|t:|1683077880\n|gametype|doubles\n|player|p1|Bxega12|acetrainerf-gen4dp|1253\n|player|p2|Cosentino|170|1292\n|teamsize|p1|6\n|teamsize|p2|6\n|gen|9\n|tier|[Gen 9] VGC 2023 Regulation C\n|rated|\n|rule|Species Clause: Limit one of each Pok\u00e9mon\n|rule|Item Clause: Limit one of each item\n|clearpoke\n|poke|p1|Arcanine, L50, F|\n|poke|p1|Ting-Lu, L50|\n|poke|p1|Chi-Yu, L50|\n|poke|p1|Amoonguss, L50, F|\n|poke|p1|Roaring Moon, L50|\n|poke|p1|Flutter Mane, L50|\n|poke|p2|Sableye, L50, F|\n|poke|p2|Ceruledge, L50, F|\n|poke|p2|Chien-Pao, L50|\n|poke|p2|Orthworm, L50, M|\n|poke|p2|Baxcalibur, L50, M|\n|poke|p2|Gyarados, L50, M|\n|teampreview|4\n|\n|t:|1683077916\n|start\n|switch|p1a: Spicy Goldfish|Chi-Yu, L50|100\/100\n|switch|p1b: Casper|Flutter Mane, L50, shiny|100\/100\n|switch|p2a: Ceruledge|Ceruledge, L50, F|100\/100\n|switch|p2b: Sableye|Sableye, L50, F|100\/100\n|-ability|p1a: Spicy Goldfish|Beads of Ruin\n|turn|1\n|\n|t:|1683077932\n|switch|p1a: RK9|Arcanine, L50, F, shiny|100\/100\n|-ability|p1a: RK9|Intimidate|boost\n|-unboost|p2a: Ceruledge|atk|1\n|-unboost|p2b: Sableye|atk|1\n|-terastallize|p1b: Casper|Fairy\n|-terastallize|p2a: Ceruledge|Grass\n|move|p2b: Sableye|Fake Out|p1a: RK9\n|-damage|p1a: RK9|95\/100\n|move|p1b: Casper|Shadow Ball|p2a: Ceruledge\n|-damage|p2a: Ceruledge|45\/100\n|-damage|p1b: Casper|91\/100|[from] item: Life Orb\n|move|p2a: Ceruledge|Bulk Up|p2a: Ceruledge\n|-boost|p2a: Ceruledge|atk|1\n|-boost|p2a: Ceruledge|def|1\n|\n|-heal|p2a: Ceruledge|51\/100|[from] item: Leftovers\n|upkeep\n|turn|2\n|\n|t:|1683077950\n|move|p1a: RK9|Extreme Speed|p2a: Ceruledge\n|-damage|p2a: Ceruledge|38\/100\n|move|p2b: Sableye|Disable|p1b: Casper\n|-start|p1b: Casper|Disable|Shadow Ball\n|move|p1b: Casper|Moonblast|p2a: Ceruledge\n|-damage|p2a: Ceruledge|0 fnt\n|faint|p2a: Ceruledge\n|-damage|p1b: Casper|82\/100|[from] item: Life Orb\n|\n|upkeep\n|\n|t:|1683077963\n|switch|p2a: Baxcalibur|Baxcalibur, L50, M|100\/100\n|turn|3\n|\n|t:|1683077973\n|switch|p1a: brrrrr|Roaring Moon, L50, shiny|100\/100\n|-enditem|p1a: brrrrr|Booster Energy\n|-activate|p1a: brrrrr|ability: Protosynthesis|[fromitem]\n|-start|p1a: brrrrr|protosynthesisatk\n|switch|p2b: Gyarados|Gyarados, L50, M|100\/100\n|-ability|p2b: Gyarados|Intimidate|boost\n|-unboost|p1a: brrrrr|atk|1\n|-unboost|p1b: Casper|atk|1\n|move|p1b: Casper|Protect|p1b: Casper\n|-singleturn|p1b: Casper|Protect\n|move|p2a: Baxcalibur|Earthquake|p1b: Casper|[spread] p1a\n|-activate|p1b: Casper|move: Protect\n|-immune|p2b: Gyarados\n|-damage|p1a: brrrrr|59\/100\n|\n|upkeep\n|turn|4\n|\n|t:|1683078001\n|move|p2a: Baxcalibur|Ice Shard|p1a: brrrrr\n|-supereffective|p1a: brrrrr\n|-damage|p1a: brrrrr|0 fnt\n|faint|p1a: brrrrr\n|-end|p1a: brrrrr|Protosynthesis|[silent]\n|move|p1b: Casper|Moonblast|p2a: Baxcalibur\n|-supereffective|p2a: Baxcalibur\n|-damage|p2a: Baxcalibur|0 fnt\n|faint|p2a: Baxcalibur\n|-damage|p1b: Casper|72\/100|[from] item: Life Orb\n|move|p2b: Gyarados|Dragon Dance|p2b: Gyarados\n|-boost|p2b: Gyarados|atk|1\n|-boost|p2b: Gyarados|spe|1\n|\n|upkeep\n|\n|t:|1683078009\n|switch|p1a: RK9|Arcanine, L50, F, shiny|95\/100\n|switch|p2a: Sableye|Sableye, L50, F|100\/100\n|-ability|p1a: RK9|Intimidate|boost\n|-unboost|p2a: Sableye|atk|1\n|-fail|p2b: Gyarados|unboost|[from] item: Clear Amulet|[of] p2b: Gyarados\n|turn|5\n|\n|t:|1683078020\n|move|p2a: Sableye|Fake Out|p1b: Casper\n|-damage|p1b: Casper|62\/100\n|cant|p1b: Casper|flinch\n|move|p2b: Gyarados|Waterfall|p1a: RK9\n|-supereffective|p1a: RK9\n|-damage|p1a: RK9|0 fnt\n|faint|p1a: RK9\n|\n|-end|p1b: Casper|Disable\n|upkeep\n|\n|t:|1683078027\n|switch|p1a: Spicy Goldfish|Chi-Yu, L50|100\/100\n|-ability|p1a: Spicy Goldfish|Beads of Ruin\n|turn|6\n|\n|t:|1683078042\n|move|p2a: Sableye|Disable|p1b: Casper\n|-start|p1b: Casper|Disable|Moonblast\n|cant|p1b: Casper|Disable|Moonblast\n|move|p2b: Gyarados|Waterfall|p1a: Spicy Goldfish\n|-supereffective|p1a: Spicy Goldfish\n|-damage|p1a: Spicy Goldfish|0 fnt\n|faint|p1a: Spicy Goldfish\n|\n|upkeep\n|turn|7\n|\n|t:|1683078054\n|move|p2b: Gyarados|Waterfall|p1b: Casper\n|-damage|p1b: Casper|0 fnt\n|faint|p1b: Casper\n|-end|p1b: Casper|Protosynthesis|[silent]\n|\n|win|Cosentino\n|raw|Bxega12's rating: 1253 → 1231<\/strong> (-22 for losing)\n|raw|Cosentino's rating: 1292 → 1314<\/strong> (+22 for winning)\n|l|\u2606Bxega12\n","uploadtime":1683078063,"views":7,"p1id":"bxega12","p2id":"cosentino","formatid":"gen9vgc2023regulationc","rating":1231,"private":0,"password":""}