{"id":"gen9vgc2023regulationc-1860696706","p1":"ReyFly","p2":"soraesc","format":"[Gen 9] VGC 2023 Regulation C","log":"|j|\u2606ReyFly\n|j|\u2606soraesc\n|t:|1683667281\n|gametype|doubles\n|player|p1|ReyFly|102|1087\n|player|p2|soraesc|flannery|1137\n|teamsize|p1|6\n|teamsize|p2|6\n|gen|9\n|tier|[Gen 9] VGC 2023 Regulation C\n|rated|\n|rule|Species Clause: Limit one of each Pok\u00e9mon\n|rule|Item Clause: Limit one of each item\n|clearpoke\n|poke|p1|Arcanine, L50, F|\n|poke|p1|Palafin, L50, M|\n|poke|p1|Ceruledge, L50, F|\n|poke|p1|Wo-Chien, L50|\n|poke|p1|Ting-Lu, L50|\n|poke|p1|Iron Hands, L50|\n|poke|p2|Palafin, L50, F|\n|poke|p2|Cyclizar, L50, F|\n|poke|p2|Flutter Mane, L50|\n|poke|p2|Amoonguss, L50, F|\n|poke|p2|Armarouge, L50, M|\n|poke|p2|Iron Hands, L50|\n|teampreview|4\n|inactive|Battle timer is ON: inactive players will automatically lose when time's up. (requested by soraesc)\n|\n|t:|1683667306\n|start\n|switch|p1a: Arcanine|Arcanine, L50, F|100\/100\n|switch|p1b: Ting-Lu|Ting-Lu, L50|100\/100\n|switch|p2a: Cyclizar|Cyclizar, L50, F|100\/100\n|switch|p2b: Flutter Mane|Flutter Mane, L50|100\/100\n|-ability|p1a: Arcanine|Intimidate|boost\n|-unboost|p2a: Cyclizar|atk|1\n|-unboost|p2b: Flutter Mane|atk|1\n|-ability|p1b: Ting-Lu|Vessel of Ruin\n|-enditem|p2b: Flutter Mane|Booster Energy\n|-activate|p2b: Flutter Mane|ability: Protosynthesis|[fromitem]\n|-start|p2b: Flutter Mane|protosynthesisspa\n|turn|1\n|\n|t:|1683667327\n|-end|p2b: Flutter Mane|Protosynthesis|[silent]\n|switch|p2b: Iron Hands|Iron Hands, L50|100\/100\n|move|p2a: Cyclizar|Breaking Swipe|p1a: Arcanine|[spread] p1a,p1b\n|-damage|p1a: Arcanine|86\/100\n|-damage|p1b: Ting-Lu|94\/100\n|-unboost|p1a: Arcanine|atk|1\n|-unboost|p1b: Ting-Lu|atk|1\n|move|p1a: Arcanine|Flare Blitz|p2b: Iron Hands\n|-damage|p2b: Iron Hands|78\/100\n|-damage|p1a: Arcanine|77\/100|[from] Recoil\n|move|p1b: Ting-Lu|Throat Chop|p2b: Iron Hands\n|-resisted|p2b: Iron Hands\n|-damage|p2b: Iron Hands|70\/100\n|-start|p2b: Iron Hands|Throat Chop|[silent]\n|\n|-heal|p1b: Ting-Lu|99\/100|[from] item: Leftovers\n|upkeep\n|turn|2\n|inactive|ReyFly has 30 seconds left.\n|\n|t:|1683667356\n|move|p1a: Arcanine|Protect|p1a: Arcanine\n|-singleturn|p1a: Arcanine|Protect\n|move|p2a: Cyclizar|Breaking Swipe|p1a: Arcanine|[spread] p1b\n|-activate|p1a: Arcanine|move: Protect\n|-damage|p1b: Ting-Lu|92\/100\n|-unboost|p1b: Ting-Lu|atk|1\n|move|p2b: Iron Hands|Drain Punch|p1a: Arcanine\n|-activate|p1a: Arcanine|move: Protect\n|move|p1b: Ting-Lu|Stomping Tantrum|p2b: Iron Hands\n|-supereffective|p2b: Iron Hands\n|-damage|p2b: Iron Hands|50\/100\n|\n|-heal|p1b: Ting-Lu|99\/100|[from] item: Leftovers\n|-end|p2b: Iron Hands|Throat Chop|[silent]\n|upkeep\n|turn|3\n|inactive|ReyFly has 30 seconds left.\n|\n|t:|1683667383\n|switch|p1a: Ceruledge|Ceruledge, L50, F|100\/100\n|move|p2a: Cyclizar|Breaking Swipe|p1a: Ceruledge|[spread] p1a,p1b\n|-damage|p1a: Ceruledge|80\/100\n|-damage|p1b: Ting-Lu|92\/100\n|-unboost|p1b: Ting-Lu|atk|1\n|move|p2b: Iron Hands|Drain Punch|p1b: Ting-Lu\n|-supereffective|p1b: Ting-Lu\n|-damage|p1b: Ting-Lu|45\/100\n|-heal|p2b: Iron Hands|75\/100|[from] drain|[of] p1b: Ting-Lu\n|move|p1b: Ting-Lu|Stomping Tantrum|p2a: Cyclizar\n|-damage|p2a: Cyclizar|77\/100\n|\n|-heal|p1b: Ting-Lu|51\/100|[from] item: Leftovers\n|upkeep\n|turn|4\n|\n|t:|1683667405\n|switch|p1b: Arcanine|Arcanine, L50, F|77\/100\n|-ability|p1b: Arcanine|Intimidate|boost\n|-unboost|p2a: Cyclizar|atk|1\n|-unboost|p2b: Iron Hands|atk|1\n|move|p2a: Cyclizar|Breaking Swipe|p1b: Arcanine|[spread] p1a,p1b\n|-damage|p1a: Ceruledge|66\/100\n|-damage|p1b: Arcanine|66\/100\n|-unboost|p1b: Arcanine|atk|1\n|move|p1a: Ceruledge|Bitter Blade|p2b: Iron Hands\n|-damage|p2b: Iron Hands|44\/100\n|-heal|p1a: Ceruledge|92\/100|[from] drain|[of] p2b: Iron Hands\n|move|p2b: Iron Hands|Wild Charge|p1a: Ceruledge\n|-damage|p1a: Ceruledge|40\/100\n|-damage|p2b: Iron Hands|35\/100|[from] Recoil\n|\n|upkeep\n|turn|5\n|inactive|ReyFly has 30 seconds left.\n|\n|t:|1683667435\n|move|p1a: Ceruledge|Protect|p1a: Ceruledge\n|-singleturn|p1a: Ceruledge|Protect\n|move|p2a: Cyclizar|Breaking Swipe|p1a: Ceruledge|[spread] p1b\n|-activate|p1a: Ceruledge|move: Protect\n|-damage|p1b: Arcanine|55\/100\n|-unboost|p1b: Arcanine|atk|1\n|move|p1b: Arcanine|Flare Blitz|p2b: Iron Hands\n|-damage|p2b: Iron Hands|19\/100\n|-damage|p1b: Arcanine|49\/100|[from] Recoil\n|move|p2b: Iron Hands|Wild Charge|p1a: Ceruledge\n|-activate|p1a: Ceruledge|move: Protect\n|\n|upkeep\n|turn|6\n|\n|t:|1683667456\n|switch|p1a: Ting-Lu|Ting-Lu, L50|51\/100\n|-ability|p1a: Ting-Lu|Vessel of Ruin\n|move|p2a: Cyclizar|Breaking Swipe|p1a: Ting-Lu|[spread] p1a,p1b\n|-damage|p1a: Ting-Lu|46\/100\n|-damage|p1b: Arcanine|38\/100\n|-unboost|p1a: Ting-Lu|atk|1\n|-unboost|p1b: Arcanine|atk|1\n|move|p1b: Arcanine|Will-O-Wisp|p2b: Iron Hands\n|-status|p2b: Iron Hands|brn\n|move|p2b: Iron Hands|Wild Charge|p1a: Ting-Lu\n|-immune|p1a: Ting-Lu\n|\n|-heal|p1a: Ting-Lu|52\/100|[from] item: Leftovers\n|-damage|p2b: Iron Hands|13\/100 brn|[from] brn\n|upkeep\n|turn|7\n|\n|t:|1683667481\n|move|p1b: Arcanine|Protect|p1b: Arcanine\n|-singleturn|p1b: Arcanine|Protect\n|move|p2a: Cyclizar|Breaking Swipe|p1b: Arcanine|[spread] p1a\n|-activate|p1b: Arcanine|move: Protect\n|-damage|p1a: Ting-Lu|47\/100\n|-unboost|p1a: Ting-Lu|atk|1\n|move|p2b: Iron Hands|Drain Punch|p1a: Ting-Lu\n|-supereffective|p1a: Ting-Lu\n|-damage|p1a: Ting-Lu|31\/100\n|-heal|p2b: Iron Hands|22\/100 brn|[from] drain|[of] p1a: Ting-Lu\n|move|p1a: Ting-Lu|Rest|p1a: Ting-Lu\n|-status|p1a: Ting-Lu|slp|[from] move: Rest\n|-heal|p1a: Ting-Lu|100\/100 slp|[silent]\n|\n|-damage|p2b: Iron Hands|15\/100 brn|[from] brn\n|upkeep\n|turn|8\n|\n|t:|1683667507\n|switch|p2a: Flutter Mane|Flutter Mane, L50|100\/100\n|switch|p1b: Iron Hands|Iron Hands, L50|100\/100\n|-enditem|p1b: Iron Hands|Booster Energy\n|-activate|p1b: Iron Hands|ability: Quark Drive|[fromitem]\n|-start|p1b: Iron Hands|quarkdriveatk\n|switch|p1a: Ceruledge|Ceruledge, L50, F|40\/100\n|move|p2b: Iron Hands|Drain Punch|p1a: Ceruledge\n|-immune|p1a: Ceruledge\n|\n|-damage|p2b: Iron Hands|9\/100 brn|[from] brn\n|upkeep\n|turn|9\n|inactive|soraesc has 30 seconds left.\n|\n|t:|1683667535\n|-terastallize|p2a: Flutter Mane|Steel\n|-terastallize|p1b: Iron Hands|Steel\n|move|p1a: Ceruledge|Shadow Sneak|p2b: Iron Hands\n|-damage|p2b: Iron Hands|0 fnt\n|faint|p2b: Iron Hands\n|-end|p2b: Iron Hands|Quark Drive|[silent]\n|move|p2a: Flutter Mane|Dazzling Gleam|p1a: Ceruledge|[spread] p1a,p1b\n|-resisted|p1a: Ceruledge\n|-resisted|p1b: Iron Hands\n|-damage|p1a: Ceruledge|22\/100\n|-damage|p1b: Iron Hands|84\/100\n|move|p1b: Iron Hands|Tera Blast|p2a: Flutter Mane\n|-resisted|p2a: Flutter Mane\n|-damage|p2a: Flutter Mane|53\/100\n|\n|upkeep\n|\n|t:|1683667546\n|switch|p2b: Cyclizar|Cyclizar, L50, F|100\/100\n|turn|10\n|\n|t:|1683667555\n|move|p2a: Flutter Mane|Protect|p2a: Flutter Mane\n|-singleturn|p2a: Flutter Mane|Protect\n|move|p2b: Cyclizar|Breaking Swipe|p1a: Ceruledge|[spread] p1a,p1b\n|-resisted|p1b: Iron Hands\n|-damage|p1a: Ceruledge|0 fnt\n|-damage|p1b: Iron Hands|79\/100\n|-unboost|p1b: Iron Hands|atk|1\n|faint|p1a: Ceruledge\n|move|p1b: Iron Hands|Drain Punch|p2a: Flutter Mane\n|-activate|p2a: Flutter Mane|move: Protect\n|\n|upkeep\n|\n|t:|1683667562\n|switch|p1a: Arcanine|Arcanine, L50, F|38\/100\n|-ability|p1a: Arcanine|Intimidate|boost\n|-unboost|p2a: Flutter Mane|atk|1\n|-unboost|p2b: Cyclizar|atk|1\n|turn|11\n|\n|t:|1683667569\n|move|p2b: Cyclizar|Breaking Swipe|p1a: Arcanine|[spread] p1a,p1b\n|-resisted|p1b: Iron Hands\n|-damage|p1a: Arcanine|24\/100\n|-damage|p1b: Iron Hands|75\/100\n|-unboost|p1a: Arcanine|atk|1\n|-unboost|p1b: Iron Hands|atk|1\n|move|p2a: Flutter Mane|Shadow Ball|p1a: Arcanine\n|-damage|p1a: Arcanine|0 fnt\n|faint|p1a: Arcanine\n|move|p1b: Iron Hands|Drain Punch|p2a: Flutter Mane\n|-supereffective|p2a: Flutter Mane\n|-damage|p2a: Flutter Mane|0 fnt\n|-heal|p1b: Iron Hands|91\/100|[from] drain|[of] p2a: Flutter Mane\n|faint|p2a: Flutter Mane\n|-end|p2a: Flutter Mane|Protosynthesis|[silent]\n|\n|upkeep\n|\n|t:|1683667583\n|switch|p2a: Amoonguss|Amoonguss, L50, F|100\/100\n|switch|p1a: Ting-Lu|Ting-Lu, L50|100\/100 slp\n|-ability|p1a: Ting-Lu|Vessel of Ruin\n|turn|12\n|\n|t:|1683667593\n|move|p2b: Cyclizar|Breaking Swipe|p1b: Iron Hands|[spread] p1a,p1b\n|-resisted|p1b: Iron Hands\n|-damage|p1a: Ting-Lu|94\/100 slp\n|-damage|p1b: Iron Hands|88\/100\n|-unboost|p1a: Ting-Lu|atk|1\n|-unboost|p1b: Iron Hands|atk|1\n|move|p1b: Iron Hands|Ice Punch|p2b: Cyclizar\n|-supereffective|p2b: Cyclizar\n|-damage|p2b: Cyclizar|47\/100\n|cant|p1a: Ting-Lu|slp\n|move|p2a: Amoonguss|Spore|p1b: Iron Hands\n|-status|p1b: Iron Hands|slp|[from] move: Spore\n|\n|-heal|p1a: Ting-Lu|99\/100 slp|[from] item: Leftovers\n|upkeep\n|turn|13\n|\n|t:|1683667610\n|move|p2b: Cyclizar|Breaking Swipe|p1b: Iron Hands|[spread] p1a,p1b\n|-resisted|p1b: Iron Hands\n|-damage|p1a: Ting-Lu|94\/100 slp\n|-damage|p1b: Iron Hands|84\/100 slp\n|-unboost|p1a: Ting-Lu|atk|1\n|-unboost|p1b: Iron Hands|atk|1\n|cant|p1b: Iron Hands|slp\n|cant|p1a: Ting-Lu|slp\n|move|p2a: Amoonguss|Pollen Puff|p2b: Cyclizar\n|-heal|p2b: Cyclizar|97\/100\n|\n|-heal|p1a: Ting-Lu|99\/100 slp|[from] item: Leftovers\n|upkeep\n|turn|14\n|\n|t:|1683667625\n|move|p2b: Cyclizar|Breaking Swipe|p1b: Iron Hands|[spread] p1a,p1b\n|-resisted|p1b: Iron Hands\n|-damage|p1a: Ting-Lu|92\/100 slp\n|-damage|p1b: Iron Hands|80\/100 slp\n|-unboost|p1a: Ting-Lu|atk|1\n|-unboost|p1b: Iron Hands|atk|1\n|cant|p1b: Iron Hands|slp\n|-curestatus|p1a: Ting-Lu|slp|[msg]\n|move|p1a: Ting-Lu|Throat Chop|p2b: Cyclizar\n|-damage|p2b: Cyclizar|72\/100\n|-start|p2b: Cyclizar|Throat Chop|[silent]\n|move|p2a: Amoonguss|Spore|p1a: Ting-Lu\n|-status|p1a: Ting-Lu|slp|[from] move: Spore\n|\n|-heal|p1a: Ting-Lu|98\/100 slp|[from] item: Leftovers\n|upkeep\n|turn|15\n|\n|t:|1683667645\n|move|p2b: Cyclizar|Breaking Swipe|p1b: Iron Hands|[spread] p1a,p1b\n|-resisted|p1b: Iron Hands\n|-damage|p1a: Ting-Lu|91\/100 slp\n|-damage|p1b: Iron Hands|76\/100 slp\n|-unboost|p1a: Ting-Lu|atk|1\n|-unboost|p1b: Iron Hands|atk|1\n|cant|p1b: Iron Hands|slp\n|cant|p1a: Ting-Lu|slp\n|move|p2a: Amoonguss|Pollen Puff|p2b: Cyclizar\n|-heal|p2b: Cyclizar|100\/100\n|\n|-heal|p1a: Ting-Lu|97\/100 slp|[from] item: Leftovers\n|-end|p2b: Cyclizar|Throat Chop|[silent]\n|upkeep\n|turn|16\n|inactive|ReyFly has 30 seconds left.\n|inactive|ReyFly has 20 seconds left.\n|inactive|ReyFly has 15 seconds left.\n|\n|t:|1683667688\n|move|p2b: Cyclizar|Breaking Swipe|p1b: Iron Hands|[spread] p1a,p1b\n|-resisted|p1b: Iron Hands\n|-damage|p1a: Ting-Lu|90\/100 slp\n|-damage|p1b: Iron Hands|72\/100 slp\n|-unboost|p1a: Ting-Lu|atk|1\n|-curestatus|p1b: Iron Hands|slp|[msg]\n|move|p1b: Iron Hands|Ice Punch|p2a: Amoonguss\n|-supereffective|p2a: Amoonguss\n|-damage|p2a: Amoonguss|81\/100\n|-curestatus|p1a: Ting-Lu|slp|[msg]\n|move|p1a: Ting-Lu|Stomping Tantrum|p2a: Amoonguss\n|-damage|p2a: Amoonguss|64\/100\n|move|p2a: Amoonguss|Spore|p1b: Iron Hands\n|-status|p1b: Iron Hands|slp|[from] move: Spore\n|\n|-heal|p1a: Ting-Lu|96\/100|[from] item: Leftovers\n|upkeep\n|turn|17\n|c|\u2606ReyFly|this is shameful lmao\n|inactive|ReyFly has 30 seconds left.\n|c|\u2606soraesc|tbh i just wanna see how it play out\n|inactive|ReyFly has 20 seconds left.\n|c|\u2606soraesc|prob losing but curious\n|\n|t:|1683667726\n|move|p2a: Amoonguss|Protect|p2a: Amoonguss\n|-singleturn|p2a: Amoonguss|Protect\n|move|p2b: Cyclizar|Breaking Swipe|p1a: Ting-Lu|[spread] p1a,p1b\n|-resisted|p1b: Iron Hands\n|-damage|p1a: Ting-Lu|89\/100\n|-damage|p1b: Iron Hands|68\/100 slp\n|-unboost|p1a: Ting-Lu|atk|1\n|cant|p1b: Iron Hands|slp\n|move|p1a: Ting-Lu|Stomping Tantrum|p2a: Amoonguss\n|-activate|p2a: Amoonguss|move: Protect\n|\n|-heal|p1a: Ting-Lu|96\/100|[from] item: Leftovers\n|upkeep\n|turn|18\n|\n|t:|1683667741\n|move|p2b: Cyclizar|Breaking Swipe|p1a: Ting-Lu|[spread] p1a,p1b\n|-resisted|p1b: Iron Hands\n|-damage|p1a: Ting-Lu|88\/100\n|-damage|p1b: Iron Hands|64\/100 slp\n|cant|p1b: Iron Hands|slp\n|move|p1a: Ting-Lu|Stomping Tantrum|p2a: Amoonguss\n|-damage|p2a: Amoonguss|57\/100\n|move|p2a: Amoonguss|Spore|p1a: Ting-Lu\n|-status|p1a: Ting-Lu|slp|[from] move: Spore\n|\n|-heal|p1a: Ting-Lu|94\/100 slp|[from] item: Leftovers\n|upkeep\n|turn|19\n|c|\u2606ReyFly|yh no worries bro\n|c|\u2606ReyFly|you gotta do what you gotta do\n|\n|t:|1683667756\n|move|p2b: Cyclizar|Breaking Swipe|p1a: Ting-Lu|[spread] p1a,p1b\n|-resisted|p1b: Iron Hands\n|-damage|p1a: Ting-Lu|87\/100 slp\n|-damage|p1b: Iron Hands|60\/100 slp\n|cant|p1b: Iron Hands|slp\n|cant|p1a: Ting-Lu|slp\n|move|p2a: Amoonguss|Pollen Puff|p1b: Iron Hands\n|-resisted|p1b: Iron Hands\n|-damage|p1b: Iron Hands|53\/100 slp\n|\n|-heal|p1a: Ting-Lu|93\/100 slp|[from] item: Leftovers\n|upkeep\n|turn|20\n|\n|t:|1683667774\n|move|p2b: Cyclizar|Breaking Swipe|p1b: Iron Hands|[spread] p1a,p1b\n|-resisted|p1b: Iron Hands\n|-damage|p1a: Ting-Lu|86\/100 slp\n|-damage|p1b: Iron Hands|50\/100 slp\n|-curestatus|p1b: Iron Hands|slp|[msg]\n|move|p1b: Iron Hands|Ice Punch|p2a: Amoonguss\n|-supereffective|p2a: Amoonguss\n|-damage|p2a: Amoonguss|39\/100\n|-enditem|p2a: Amoonguss|Sitrus Berry|[eat]\n|-heal|p2a: Amoonguss|63\/100|[from] item: Sitrus Berry\n|cant|p1a: Ting-Lu|slp\n|move|p2a: Amoonguss|Pollen Puff|p1a: Ting-Lu\n|-supereffective|p1a: Ting-Lu\n|-damage|p1a: Ting-Lu|69\/100 slp\n|\n|-heal|p1a: Ting-Lu|75\/100 slp|[from] item: Leftovers\n|upkeep\n|turn|21\n|inactive|ReyFly has 30 seconds left.\n|\n|t:|1683667803\n|move|p2b: Cyclizar|Breaking Swipe|p1b: Iron Hands|[spread] p1a,p1b\n|-resisted|p1b: Iron Hands\n|-damage|p1a: Ting-Lu|67\/100 slp\n|-damage|p1b: Iron Hands|46\/100\n|move|p1b: Iron Hands|Ice Punch|p2a: Amoonguss\n|-supereffective|p2a: Amoonguss\n|-damage|p2a: Amoonguss|45\/100\n|-curestatus|p1a: Ting-Lu|slp|[msg]\n|move|p1a: Ting-Lu|Stomping Tantrum|p2a: Amoonguss\n|-damage|p2a: Amoonguss|30\/100\n|move|p2a: Amoonguss|Spore|p1b: Iron Hands\n|-status|p1b: Iron Hands|slp|[from] move: Spore\n|\n|-heal|p1a: Ting-Lu|73\/100|[from] item: Leftovers\n|upkeep\n|turn|22\n|inactive|ReyFly has 30 seconds left this turn.\n|inactive|ReyFly has 20 seconds left.\n|inactive|ReyFly has 15 seconds left.\n|inactive|ReyFly has 10 seconds left.\n|\n|t:|1683667828\n|move|p2a: Amoonguss|Protect|p2a: Amoonguss\n|-singleturn|p2a: Amoonguss|Protect\n|move|p2b: Cyclizar|Breaking Swipe|p1b: Iron Hands|[spread] p1a,p1b\n|-resisted|p1b: Iron Hands\n|-damage|p1a: Ting-Lu|67\/100\n|-damage|p1b: Iron Hands|43\/100 slp\n|cant|p1b: Iron Hands|slp\n|move|p1a: Ting-Lu|Stomping Tantrum|p2a: Amoonguss\n|-activate|p2a: Amoonguss|move: Protect\n|\n|-heal|p1a: Ting-Lu|73\/100|[from] item: Leftovers\n|upkeep\n|turn|23\n|inactive|ReyFly has 10 seconds left this turn.\n|inactive|ReyFly has 5 seconds left.\n|\n|t:|1683667835\n|move|p2b: Cyclizar|Breaking Swipe|p1a: Ting-Lu|[spread] p1a,p1b\n|-resisted|p1b: Iron Hands\n|-damage|p1a: Ting-Lu|66\/100\n|-damage|p1b: Iron Hands|39\/100 slp\n|cant|p1b: Iron Hands|slp\n|move|p1a: Ting-Lu|Stomping Tantrum|p2a: Amoonguss\n|-damage|p2a: Amoonguss|23\/100\n|move|p2a: Amoonguss|Spore|p1a: Ting-Lu\n|-status|p1a: Ting-Lu|slp|[from] move: Spore\n|\n|-heal|p1a: Ting-Lu|72\/100 slp|[from] item: Leftovers\n|upkeep\n|turn|24\n|inactive|ReyFly has 5 seconds left this turn.\n|-message|ReyFly lost due to inactivity.\n|\n|win|soraesc\n|raw|ReyFly's rating: 1087 → 1067<\/strong> (-20 for losing)\n|raw|soraesc's rating: 1137 → 1158<\/strong> (+21 for winning)\n|l|\u2606ReyFly\n","uploadtime":1683667848,"views":18,"p1id":"reyfly","p2id":"soraesc","formatid":"gen9vgc2023regulationc","rating":1067,"private":0,"password":""}