{"id":"gen9vgc2023regulationc-1854637463","p1":"TrainerRYSA","p2":"layron_vgc","format":"[Gen 9] VGC 2023 Regulation C","log":"|j|\u2606TrainerRYSA\n|j|\u2606layron_vgc\n|t:|1682840855\n|gametype|doubles\n|player|p1|TrainerRYSA|1|1163\n|player|p2|layron_vgc|byron|1258\n|teamsize|p1|6\n|teamsize|p2|6\n|gen|9\n|tier|[Gen 9] VGC 2023 Regulation C\n|rated|\n|rule|Species Clause: Limit one of each Pok\u00e9mon\n|rule|Item Clause: Limit one of each item\n|clearpoke\n|poke|p1|Flutter Mane, L50|\n|poke|p1|Iron Hands, L50|\n|poke|p1|Dragonite, L50, M|\n|poke|p1|Umbreon, L50, M|\n|poke|p1|Gyarados, L50, F|\n|poke|p1|Palafin, L50, F|\n|poke|p2|Ceruledge, L50, M|\n|poke|p2|Ting-Lu, L50|\n|poke|p2|Torkoal, L50, F|\n|poke|p2|Flutter Mane, L50|\n|poke|p2|Murkrow, L50, F|\n|poke|p2|Lilligant, L50, F|\n|teampreview|4\n|inactive|Battle timer is ON: inactive players will automatically lose when time's up. (requested by layron_vgc)\nTrainerRYSA has agreed to open team sheets.\n|inactive|TrainerRYSA has 60 seconds left.\n|inactive|TrainerRYSA has 30 seconds left.\n|inactive|TrainerRYSA has 20 seconds left.\n|inactive|TrainerRYSA has 15 seconds left.\n|\n|t:|1682840933\n|start\n|switch|p1a: Sasuke|Umbreon, L50, M, shiny|100\/100\n|switch|p1b: Gyarados|Gyarados, L50, F, shiny|100\/100\n|switch|p2a: Torkoal|Torkoal, L50, F|100\/100\n|switch|p2b: Lilligant|Lilligant, L50, F|100\/100\n|-ability|p1b: Gyarados|Intimidate|boost\n|-unboost|p2a: Torkoal|atk|1\n|-unboost|p2b: Lilligant|atk|1\n|-weather|SunnyDay|[from] ability: Drought|[of] p2a: Torkoal\n|turn|1\n|inactive|TrainerRYSA has 30 seconds left.\n|inactive|layron_vgc has 30 seconds left.\n|inactive|layron_vgc has 20 seconds left.\n|\n|t:|1682840973\n|-terastallize|p1a: Sasuke|Water\n|move|p2b: Lilligant|After You|p2a: Torkoal\n|-activate|p2a: Torkoal|move: After You\n|move|p2a: Torkoal|Eruption|p1b: Gyarados|[spread] p1a,p1b\n|-resisted|p1a: Sasuke\n|-resisted|p1b: Gyarados\n|-damage|p1a: Sasuke|71\/100\n|-damage|p1b: Gyarados|56\/100\n|move|p1b: Gyarados|Taunt|p2b: Lilligant\n|-start|p2b: Lilligant|move: Taunt\n|move|p1a: Sasuke|Snarl|p2a: Torkoal|[spread] p2a,p2b\n|-damage|p2a: Torkoal|88\/100\n|-damage|p2b: Lilligant|89\/100\n|-unboost|p2a: Torkoal|spa|1\n|-unboost|p2b: Lilligant|spa|1\n|\n|-weather|SunnyDay|[upkeep]\n|upkeep\n|turn|2\n|inactive|layron_vgc has 30 seconds left.\n|\n|t:|1682841005\n|switch|p1b: Dragonite|Dragonite, L50, M, shiny|100\/100\n|move|p2b: Lilligant|Pollen Puff|p2a: Torkoal\n|-heal|p2a: Torkoal|100\/100\n|move|p1a: Sasuke|Snarl|p2a: Torkoal|[spread] p2a,p2b\n|-damage|p2a: Torkoal|88\/100\n|-damage|p2b: Lilligant|76\/100\n|-unboost|p2a: Torkoal|spa|1\n|-unboost|p2b: Lilligant|spa|1\n|move|p2a: Torkoal|Eruption|p1a: Sasuke|[spread] p1a,p1b\n|-resisted|p1a: Sasuke\n|-resisted|p1b: Dragonite\n|-damage|p1a: Sasuke|58\/100\n|-damage|p1b: Dragonite|81\/100\n|\n|-weather|SunnyDay|[upkeep]\n|upkeep\n|turn|3\n|inactive|TrainerRYSA has 30 seconds left.\n|inactive|layron_vgc has 30 seconds left.\n|\n|t:|1682841032\n|move|p2b: Lilligant|Pollen Puff|p2a: Torkoal\n|-heal|p2a: Torkoal|100\/100\n|move|p1b: Dragonite|Fire Punch|p2b: Lilligant\n|-supereffective|p2b: Lilligant\n|-damage|p2b: Lilligant|0 fnt\n|faint|p2b: Lilligant\n|move|p1a: Sasuke|Skill Swap|p2a: Torkoal\n|-activate|p1a: Sasuke|move: Skill Swap|Drought|Inner Focus|[of] p2a: Torkoal\n|move|p2a: Torkoal|Lava Plume|p1a: Sasuke|[spread] p1a,p1b\n|-resisted|p1a: Sasuke\n|-resisted|p1b: Dragonite\n|-damage|p1a: Sasuke|49\/100\n|-damage|p1b: Dragonite|70\/100\n|-status|p1a: Sasuke|brn\n|-status|p1b: Dragonite|brn\n|\n|-weather|SunnyDay|[upkeep]\n|-damage|p1b: Dragonite|65\/100 brn|[from] brn\n|-damage|p1a: Sasuke|43\/100 brn|[from] brn\n|upkeep\n|\n|t:|1682841057\n|switch|p2b: Ceruledge|Ceruledge, L50, M, shiny|100\/100\n|turn|4\n|\n|t:|1682841077\n|switch|p1b: Gyarados|Gyarados, L50, F, shiny|56\/100\n|-ability|p1b: Gyarados|Intimidate|boost\n|-fail|p2a: Torkoal|unboost|Attack|[from] ability: Inner Focus|[of] p2a: Torkoal\n|-fail|p2b: Ceruledge|unboost|[from] item: Clear Amulet|[of] p2b: Ceruledge\n|switch|p2a: Flutter Mane|Flutter Mane, L50|100\/100\n|-activate|p2a: Flutter Mane|ability: Protosynthesis\n|-start|p2a: Flutter Mane|protosynthesisspa\n|-terastallize|p2b: Ceruledge|Grass\n|move|p2b: Ceruledge|Bulk Up|p2b: Ceruledge\n|-boost|p2b: Ceruledge|atk|1\n|-boost|p2b: Ceruledge|def|1\n|-enditem|p1a: Sasuke|Mirror Herb\n|-boost|p1a: Sasuke|atk|1|[from] item: Mirror Herb\n|-boost|p1a: Sasuke|def|1|[from] item: Mirror Herb\n|move|p1a: Sasuke|Moonlight|p1a: Sasuke\n|-heal|p1a: Sasuke|100\/100 brn\n|\n|-weather|SunnyDay|[upkeep]\n|-damage|p1a: Sasuke|95\/100 brn|[from] brn\n|upkeep\n|turn|5\n|inactive|layron_vgc has 30 seconds left.\n|\n|t:|1682841112\n|move|p2a: Flutter Mane|Moonblast|p1b: Gyarados\n|-damage|p1b: Gyarados|0 fnt\n|faint|p1b: Gyarados\n|-damage|p2a: Flutter Mane|91\/100|[from] item: Life Orb\n|move|p2b: Ceruledge|Solar Blade||[still]\n|-prepare|p2b: Ceruledge|Solar Blade\n|-anim|p2b: Ceruledge|Solar Blade|p1a: Sasuke\n|-supereffective|p1a: Sasuke\n|-damage|p1a: Sasuke|23\/100 brn\n|move|p1a: Sasuke|Foul Play|p2b: Ceruledge\n|-damage|p2b: Ceruledge|73\/100\n|\n|-weather|none\n|-end|p2a: Flutter Mane|Protosynthesis\n|-damage|p1a: Sasuke|17\/100 brn|[from] brn\n|upkeep\n|\n|t:|1682841134\n|switch|p1b: Dragonite|Dragonite, L50, M, shiny|65\/100 brn\n|turn|6\n|inactive|TrainerRYSA has 30 seconds left.\n|\n|t:|1682841159\n|-end|p2a: Flutter Mane|Protosynthesis|[silent]\n|switch|p2a: Torkoal|Torkoal, L50, F|100\/100\n|-weather|SunnyDay|[from] ability: Drought|[of] p2a: Torkoal\n|move|p2b: Ceruledge|Solar Blade||[still]\n|-prepare|p2b: Ceruledge|Solar Blade\n|-anim|p2b: Ceruledge|Solar Blade|p1a: Sasuke\n|-supereffective|p1a: Sasuke\n|-damage|p1a: Sasuke|0 fnt\n|faint|p1a: Sasuke\n|move|p1b: Dragonite|Fire Punch|p2a: Torkoal\n|-resisted|p2a: Torkoal\n|-damage|p2a: Torkoal|89\/100\n|\n|-weather|SunnyDay|[upkeep]\n|-damage|p1b: Dragonite|59\/100 brn|[from] brn\n|upkeep\n|\n|t:|1682841172\n|switch|p1a: Flutter Mane|Flutter Mane, L50|100\/100\n|-activate|p1a: Flutter Mane|ability: Protosynthesis\n|-start|p1a: Flutter Mane|protosynthesisspa\n|turn|7\n|\n|t:|1682841193\n|move|p1a: Flutter Mane|Protect|p1a: Flutter Mane\n|-singleturn|p1a: Flutter Mane|Protect\n|move|p2b: Ceruledge|Bitter Blade|p1a: Flutter Mane\n|-activate|p1a: Flutter Mane|move: Protect\n|move|p1b: Dragonite|Fire Punch|p2b: Ceruledge\n|-start|p2b: Ceruledge|ability: Flash Fire\n|move|p2a: Torkoal|Lava Plume|p1a: Flutter Mane|[spread] p1b\n|-activate|p1a: Flutter Mane|move: Protect\n|-immune|p2b: Ceruledge|[from] ability: Flash Fire\n|-resisted|p1b: Dragonite\n|-damage|p1b: Dragonite|35\/100 brn\n|\n|-weather|SunnyDay|[upkeep]\n|-damage|p1b: Dragonite|30\/100 brn|[from] brn\n|upkeep\n|turn|8\n|inactive|TrainerRYSA has 30 seconds left.\n|\n|t:|1682841219\n|move|p1a: Flutter Mane|Shadow Ball|p2b: Ceruledge\n|-damage|p2b: Ceruledge|19\/100\n|move|p2b: Ceruledge|Bitter Blade|p1a: Flutter Mane\n|-damage|p1a: Flutter Mane|0 fnt\n|-heal|p2b: Ceruledge|60\/100|[from] drain|[of] p1a: Flutter Mane\n|faint|p1a: Flutter Mane\n|-end|p1a: Flutter Mane|Protosynthesis|[silent]\n|move|p1b: Dragonite|Fire Punch|p2a: Torkoal\n|-resisted|p2a: Torkoal\n|-damage|p2a: Torkoal|77\/100\n|move|p2a: Torkoal|Lava Plume|p1b: Dragonite|[spread] p1b\n|-immune|p2b: Ceruledge|[from] ability: Flash Fire\n|-resisted|p1b: Dragonite\n|-damage|p1b: Dragonite|9\/100 brn\n|\n|-weather|SunnyDay|[upkeep]\n|-damage|p1b: Dragonite|3\/100 brn|[from] brn\n|upkeep\n|turn|9\n|l|\u2606layron_vgc\n|inactive|layron_vgc disconnected and has a minute to reconnect!\n|player|p2|\n|-message|TrainerRYSA forfeited.\n|\n|win|layron_vgc\n|raw|TrainerRYSA's rating: 1163 → 1145<\/strong> (-18 for losing)\n|raw|layron_vgc's rating: 1258 → 1276<\/strong> (+18 for winning)\n","uploadtime":1682841243,"views":19,"p1id":"trainerrysa","p2id":"layronvgc","formatid":"gen9vgc2023regulationc","rating":1145,"private":0,"password":""}