{"id":"gen9vgc2023regulationc-1862228584","p1":"dth4065","p2":"GreenCaveManYo","format":"[Gen 9] VGC 2023 Regulation C","log":"|j|\u2606dth4065\n|j|\u2606GreenCaveManYo\n|t:|1683852213\n|gametype|doubles\n|player|p1|dth4065|169|1074\n|player|p2|GreenCaveManYo|burglar|1021\n|teamsize|p1|6\n|teamsize|p2|6\n|gen|9\n|tier|[Gen 9] VGC 2023 Regulation C\n|rated|\n|rule|Species Clause: Limit one of each Pok\u00e9mon\n|rule|Item Clause: Limit one of each item\n|clearpoke\n|poke|p1|Palafin, L50, M|\n|poke|p1|Amoonguss, L50, M|\n|poke|p1|Pelipper, L50, F|\n|poke|p1|Maushold-Four, L50|\n|poke|p1|Iron Bundle, L50|\n|poke|p1|Clodsire, L50, F|\n|poke|p2|Skeledirge, L50, F|\n|poke|p2|Gyarados, L50, F|\n|poke|p2|Ting-Lu, L50|\n|poke|p2|Amoonguss, L50, F|\n|poke|p2|Annihilape, L50, M|\n|poke|p2|Meowscarada, L50, M|\n|teampreview|4\ndth4065 has agreed to open team sheets.\n|inactive|Battle timer is ON: inactive players will automatically lose when time's up. (requested by GreenCaveManYo)\n|\n|t:|1683852259\n|start\n|switch|p1a: Palafin|Palafin, L50, M|100\/100\n|switch|p1b: Pelipper|Pelipper, L50, F|100\/100\n|switch|p2a: Annihilape|Annihilape, L50, M|100\/100\n|switch|p2b: Amoonguss|Amoonguss, L50, F|100\/100\n|-weather|RainDance|[from] ability: Drizzle|[of] p1b: Pelipper\n|turn|1\n|inactive|GreenCaveManYo has 30 seconds left.\n|\n|t:|1683852299\n|move|p2a: Annihilape|Final Gambit|p1a: Palafin\n|-damage|p1a: Palafin|0 fnt\n|faint|p2a: Annihilape\n|faint|p1a: Palafin\n|move|p1b: Pelipper|Hurricane|p2b: Amoonguss\n|-supereffective|p2b: Amoonguss\n|-damage|p2b: Amoonguss|51\/100\n|move|p2b: Amoonguss|Spore|p1b: Pelipper\n|-status|p1b: Pelipper|slp|[from] move: Spore\n|\n|-weather|RainDance|[upkeep]\n|upkeep\n|\n|t:|1683852310\n|switch|p2a: Gyarados|Gyarados, L50, F|100\/100\n|switch|p1a: Maushold|Maushold-Four, L50|100\/100\n|-ability|p2a: Gyarados|Intimidate|boost\n|-unboost|p1a: Maushold|atk|1\n|-unboost|p1b: Pelipper|atk|1\n|turn|2\n|\n|t:|1683852329\n|-terastallize|p1a: Maushold|Normal\n|move|p2b: Amoonguss|Rage Powder|p2b: Amoonguss\n|-singleturn|p2b: Amoonguss|move: Rage Powder\n|move|p1a: Maushold|Population Bomb|p2b: Amoonguss\n|-damage|p2b: Amoonguss|40\/100\n|-damage|p2b: Amoonguss|29\/100\n|-damage|p2b: Amoonguss|18\/100\n|-enditem|p2b: Amoonguss|Aguav Berry|[eat]\n|-heal|p2b: Amoonguss|51\/100|[from] item: Aguav Berry\n|-damage|p2b: Amoonguss|41\/100\n|-damage|p2b: Amoonguss|30\/100\n|-damage|p2b: Amoonguss|18\/100\n|-crit|p2b: Amoonguss\n|-damage|p2b: Amoonguss|0 fnt\n|faint|p2b: Amoonguss\n|-hitcount|p2: Amoonguss|7\n|move|p2a: Gyarados|Waterfall|p1a: Maushold\n|-damage|p1a: Maushold|20\/100\n|cant|p1b: Pelipper|slp\n|\n|-weather|RainDance|[upkeep]\n|upkeep\n|\n|t:|1683852349\n|switch|p2b: Meowscarada|Meowscarada, L50, M|100\/100\n|turn|3\n|\n|t:|1683852361\n|move|p2b: Meowscarada|Sucker Punch|p1a: Maushold\n|-damage|p1a: Maushold|0 fnt\n|faint|p1a: Maushold\n|move|p2a: Gyarados|Waterfall|p1b: Pelipper\n|-resisted|p1b: Pelipper\n|-damage|p1b: Pelipper|79\/100 slp\n|cant|p1b: Pelipper|slp\n|\n|-weather|RainDance|[upkeep]\n|upkeep\n|\n|t:|1683852364\n|switch|p1a: Iron Bundle|Iron Bundle, L50|100\/100\n|-enditem|p1a: Iron Bundle|Booster Energy\n|-activate|p1a: Iron Bundle|ability: Quark Drive|[fromitem]\n|-start|p1a: Iron Bundle|quarkdrivespe\n|turn|4\n|inactive|dth4065 has 30 seconds left.\n|inactive|GreenCaveManYo has 30 seconds left.\n|\n|t:|1683852401\n|-terastallize|p2b: Meowscarada|Grass\n|move|p1a: Iron Bundle|Freeze-Dry|p2b: Meowscarada\n|-supereffective|p2b: Meowscarada\n|-enditem|p2b: Meowscarada|Focus Sash\n|-damage|p2b: Meowscarada|1\/100\n|move|p2b: Meowscarada|Flower Trick|p1a: Iron Bundle\n|-supereffective|p1a: Iron Bundle\n|-crit|p1a: Iron Bundle\n|-damage|p1a: Iron Bundle|0 fnt\n|faint|p1a: Iron Bundle\n|-end|p1a: Iron Bundle|Quark Drive|[silent]\n|move|p2a: Gyarados|Waterfall|p1b: Pelipper\n|-resisted|p1b: Pelipper\n|-damage|p1b: Pelipper|56\/100 slp\n|cant|p1b: Pelipper|slp\n|\n|-weather|RainDance|[upkeep]\n|upkeep\n|turn|5\n|inactive|GreenCaveManYo has 30 seconds left.\n|\n|t:|1683852428\n|move|p2b: Meowscarada|Knock Off|p1b: Pelipper\n|-damage|p1b: Pelipper|18\/100 slp\n|-enditem|p1b: Pelipper|Damp Rock|[from] move: Knock Off|[of] p2b: Meowscarada\n|move|p2a: Gyarados|Ice Beam|p1b: Pelipper\n|-damage|p1b: Pelipper|0 fnt\n|faint|p1b: Pelipper\n|\n|win|GreenCaveManYo\n|raw|dth4065's rating: 1074 → 1050<\/strong> (-24 for losing)\n|raw|GreenCaveManYo's rating: 1021 → 1063<\/strong> (+42 for winning)\n|l|\u2606dth4065\n","uploadtime":1683852442,"views":8,"p1id":"dth4065","p2id":"greencavemanyo","formatid":"gen9vgc2023regulationc","rating":1050,"private":0,"password":""}