{"id":"gen9vgc2023regulationc-1856565972","p1":"NotDaBoy","p2":"helio list","format":"[Gen 9] VGC 2023 Regulation C","log":"|j|\u2606NotDaBoy\n|j|\u2606helio list\n|t:|1683076522\n|gametype|doubles\n|player|p1|NotDaBoy|marlon|1506\n|player|p2|helio list|pokemonbreederf|1590\n|teamsize|p1|6\n|teamsize|p2|6\n|gen|9\n|tier|[Gen 9] VGC 2023 Regulation C\n|rated|\n|rule|Species Clause: Limit one of each Pok\u00e9mon\n|rule|Item Clause: Limit one of each item\n|clearpoke\n|poke|p1|Iron Hands, L50|\n|poke|p1|Amoonguss, L50, F|\n|poke|p1|Gyarados, L50, F|\n|poke|p1|Chi-Yu, L50|\n|poke|p1|Flutter Mane, L50|\n|poke|p1|Dragonite, L50, F|\n|poke|p2|Talonflame, L50, F|\n|poke|p2|Iron Bundle, L50|\n|poke|p2|Gholdengo, L50|\n|poke|p2|Garchomp, L50, M|\n|poke|p2|Chien-Pao, L50|\n|poke|p2|Dragonite, L50, F|\n|teampreview|4\n|\n|t:|1683076588\n|start\n|switch|p1a: Iron Hands|Iron Hands, L50|100\/100\n|switch|p1b: Flutter Mane|Flutter Mane, L50|100\/100\n|switch|p2a: Talonflame|Talonflame, L50, F|100\/100\n|switch|p2b: Garchomp|Garchomp, L50, M|100\/100\n|-enditem|p1b: Flutter Mane|Booster Energy\n|-activate|p1b: Flutter Mane|ability: Protosynthesis|[fromitem]\n|-start|p1b: Flutter Mane|protosynthesisspa\n|turn|1\n|\n|t:|1683076609\n|-terastallize|p2b: Garchomp|Fire\n|move|p1a: Iron Hands|Fake Out|p2b: Garchomp\n|-damage|p2b: Garchomp|87\/100\n|-damage|p1a: Iron Hands|88\/100|[from] ability: Rough Skin|[of] p2b: Garchomp\n|move|p2a: Talonflame|Tailwind|p2a: Talonflame\n|-sidestart|p2: helio list|move: Tailwind\n|cant|p2b: Garchomp|flinch\n|move|p1b: Flutter Mane|Substitute|p1b: Flutter Mane\n|-start|p1b: Flutter Mane|Substitute\n|-damage|p1b: Flutter Mane|76\/100\n|\n|upkeep\n|turn|2\n|j| Kipzho\n|\n|t:|1683076634\n|-end|p1a: Iron Hands|Quark Drive|[silent]\n|switch|p1a: Gyarados|Gyarados, L50, F|100\/100\n|-ability|p1a: Gyarados|Intimidate|boost\n|-unboost|p2a: Talonflame|atk|1\n|-unboost|p2b: Garchomp|atk|1\n|move|p1b: Flutter Mane|Protect|p1b: Flutter Mane\n|-singleturn|p1b: Flutter Mane|Protect\n|move|p2a: Talonflame|Brave Bird|p1b: Flutter Mane\n|-activate|p1b: Flutter Mane|move: Protect\n|move|p2b: Garchomp|Earthquake|p1a: Gyarados|[spread] \n|-activate|p1b: Flutter Mane|move: Protect\n|-immune|p2a: Talonflame\n|-immune|p1a: Gyarados\n|\n|upkeep\n|turn|3\n|\n|t:|1683076665\n|move|p2a: Talonflame|Brave Bird|p1b: Flutter Mane\n|-end|p1b: Flutter Mane|Substitute\n|-damage|p2a: Talonflame|95\/100|[from] Recoil|[of] p1b: Flutter Mane\n|move|p2b: Garchomp|Earthquake|p1b: Flutter Mane|[spread] p1b\n|-immune|p2a: Talonflame\n|-immune|p1a: Gyarados\n|-damage|p1b: Flutter Mane|16\/100\n|-damage|p2b: Garchomp|77\/100|[from] item: Life Orb\n|move|p1b: Flutter Mane|Shadow Ball|p2a: Talonflame\n|-damage|p2a: Talonflame|18\/100\n|move|p1a: Gyarados|Thunder Wave|p2b: Garchomp\n|-status|p2b: Garchomp|par\n|\n|upkeep\n|turn|4\n|\n|t:|1683076685\n|move|p1b: Flutter Mane|Protect|p1b: Flutter Mane\n|-singleturn|p1b: Flutter Mane|Protect\n|move|p2a: Talonflame|Taunt|p1a: Gyarados\n|-start|p1a: Gyarados|move: Taunt\n|move|p2b: Garchomp|Rock Slide|p1a: Gyarados|[spread] p1a\n|-activate|p1b: Flutter Mane|move: Protect\n|-supereffective|p1a: Gyarados\n|-crit|p1a: Gyarados\n|-damage|p1a: Gyarados|18\/100\n|-enditem|p1a: Gyarados|Aguav Berry|[eat]\n|-heal|p1a: Gyarados|51\/100|[from] item: Aguav Berry\n|-damage|p2b: Garchomp|67\/100 par|[from] item: Life Orb\n|move|p1a: Gyarados|Waterfall|p2a: Talonflame\n|-supereffective|p2a: Talonflame\n|-damage|p2a: Talonflame|0 fnt\n|faint|p2a: Talonflame\n|\n|-sideend|p2: helio list|move: Tailwind\n|upkeep\n|\n|t:|1683076703\n|switch|p2a: Iron Bundle|Iron Bundle, L50|100\/100\n|-enditem|p2a: Iron Bundle|Booster Energy\n|-activate|p2a: Iron Bundle|ability: Quark Drive|[fromitem]\n|-start|p2a: Iron Bundle|quarkdrivespe\n|turn|5\n|\n|t:|1683076719\n|move|p2a: Iron Bundle|Freeze-Dry|p1b: Flutter Mane\n|-damage|p1b: Flutter Mane|0 fnt\n|faint|p1b: Flutter Mane\n|-end|p1b: Flutter Mane|Protosynthesis|[silent]\n|move|p1a: Gyarados|Waterfall|p2b: Garchomp\n|-supereffective|p2b: Garchomp\n|-damage|p2b: Garchomp|2\/100 par\n|-damage|p1a: Gyarados|39\/100|[from] ability: Rough Skin|[of] p2b: Garchomp\n|cant|p2b: Garchomp|par\n|\n|upkeep\n|\n|t:|1683076734\n|switch|p1b: Chi-Yu|Chi-Yu, L50|100\/100\n|-ability|p1b: Chi-Yu|Beads of Ruin\n|turn|6\n|\n|t:|1683076742\n|move|p2a: Iron Bundle|Protect|p2a: Iron Bundle\n|-singleturn|p2a: Iron Bundle|Protect\n|move|p1b: Chi-Yu|Overheat|p2a: Iron Bundle\n|-activate|p2a: Iron Bundle|move: Protect\n|move|p1a: Gyarados|Waterfall|p2b: Garchomp\n|-supereffective|p2b: Garchomp\n|-damage|p2b: Garchomp|0 fnt\n|-damage|p1a: Gyarados|27\/100|[from] ability: Rough Skin|[of] p2b: Garchomp\n|faint|p2b: Garchomp\n|\n|-end|p1a: Gyarados|move: Taunt\n|upkeep\n|\n|t:|1683076753\n|switch|p2b: Dragonite|Dragonite, L50, F|100\/100\n|turn|7\n|\n|t:|1683076790\n|-terastallize|p1b: Chi-Yu|Ghost\n|move|p2b: Dragonite|Extreme Speed|p1a: Gyarados\n|-damage|p1a: Gyarados|0 fnt\n|faint|p1a: Gyarados\n|move|p2a: Iron Bundle|Hydro Pump|p1b: Chi-Yu\n|-damage|p1b: Chi-Yu|34\/100\n|move|p1b: Chi-Yu|Overheat|p2a: Iron Bundle|[miss]\n|-miss|p1b: Chi-Yu|p2a: Iron Bundle\n|\n|upkeep\n|\n|t:|1683076809\n|switch|p1a: Iron Hands|Iron Hands, L50|88\/100\n|turn|8\n|\n|t:|1683076824\n|move|p2a: Iron Bundle|Protect|p2a: Iron Bundle\n|-singleturn|p2a: Iron Bundle|Protect\n|move|p1b: Chi-Yu|Dark Pulse|p2b: Dragonite\n|-damage|p2b: Dragonite|64\/100\n|move|p2b: Dragonite|Dragon Claw|p1b: Chi-Yu\n|-damage|p1b: Chi-Yu|0 fnt\n|faint|p1b: Chi-Yu\n|move|p1a: Iron Hands|Swords Dance|p1a: Iron Hands\n|-boost|p1a: Iron Hands|atk|2\n|\n|upkeep\n|turn|9\n|\n|t:|1683076841\n|move|p2a: Iron Bundle|Hydro Pump|p1a: Iron Hands|[miss]\n|-miss|p2a: Iron Bundle|p1a: Iron Hands\n|move|p2b: Dragonite|Dragon Claw|p1a: Iron Hands\n|-damage|p1a: Iron Hands|58\/100\n|move|p1a: Iron Hands|Thunder Punch|p2a: Iron Bundle\n|-supereffective|p2a: Iron Bundle\n|-damage|p2a: Iron Bundle|0 fnt\n|faint|p2a: Iron Bundle\n|-end|p2a: Iron Bundle|Quark Drive|[silent]\n|\n|upkeep\n|turn|10\n|\n|t:|1683076854\n|move|p2b: Dragonite|Dragon Claw|p1a: Iron Hands\n|-damage|p1a: Iron Hands|26\/100\n|move|p1a: Iron Hands|Thunder Punch|p2b: Dragonite\n|-damage|p2b: Dragonite|0 fnt\n|faint|p2b: Dragonite\n|\n|win|NotDaBoy\n|raw|NotDaBoy's rating: 1506 → 1531<\/strong> (+25 for winning)\n|raw|helio list's rating: 1590 → 1565<\/strong> (-25 for losing)\n|l|\u2606helio list\n|l| Kipzho\n","uploadtime":1683077795,"views":12,"p1id":"notdaboy","p2id":"heliolist","formatid":"gen9vgc2023regulationc","rating":1531,"private":0,"password":""}