{"id":"gen9vgc2023regulationc-1861770154","p1":"PixelDupe1","p2":"fissure = skill","format":"[Gen 9] VGC 2023 Regulation C","log":"|j|\u2606PixelDupe1\n|j|\u2606fissure = skill\n|t:|1683806719\n|gametype|doubles\n|player|p1|PixelDupe1|palmer|1330\n|player|p2|fissure = skill|steven|1411\n|teamsize|p1|6\n|teamsize|p2|6\n|gen|9\n|tier|[Gen 9] VGC 2023 Regulation C\n|rated|\n|rule|Species Clause: Limit one of each Pok\u00e9mon\n|rule|Item Clause: Limit one of each item\n|clearpoke\n|poke|p1|Iron Hands, L50|\n|poke|p1|Oranguru, L50, F|\n|poke|p1|Abomasnow, L50, F|\n|poke|p1|Iron Bundle, L50|\n|poke|p1|Flutter Mane, L50|\n|poke|p1|Garganacl, L50, F|\n|poke|p2|Lycanroc, L50, F|\n|poke|p2|Corviknight, L50, F|\n|poke|p2|Iron Bundle, L50|\n|poke|p2|Tyranitar, L50, F|\n|poke|p2|Garchomp, L50, F|\n|poke|p2|Flutter Mane, L50|\n|teampreview|4\nPixelDupe1 has agreed to open team sheets.\nfissure = skill has agreed to open team sheets.\n|\n|t:|1683806762\n|start\n|switch|p1a: Mr. Hands|Iron Hands, L50|100\/100\n|switch|p1b: Bell|Oranguru, L50, F|100\/100\n|switch|p2a: best typing|Corviknight, L50, F|100\/100\n|switch|p2b: balanced|Flutter Mane, L50|100\/100\n|turn|1\n|\n|t:|1683806784\n|switch|p2a: dodge it!|Garchomp, L50, F|100\/100\n|-terastallize|p2b: balanced|Fairy\n|-terastallize|p1a: Mr. Hands|Fire\n|move|p2b: balanced|Moonblast|p1a: Mr. Hands\n|-resisted|p1a: Mr. Hands\n|-damage|p1a: Mr. Hands|85\/100\n|move|p1a: Mr. Hands|Wild Charge|p2a: dodge it!\n|-immune|p2a: dodge it!\n|move|p1b: Bell|Trick Room|p1b: Bell\n|-fieldstart|move: Trick Room|[of] p1b: Bell\n|\n|upkeep\n|turn|2\n|\n|t:|1683806816\n|-end|p2b: balanced|Protosynthesis|[silent]\n|switch|p2b: no luck|Tyranitar, L50, F|100\/100\n|-weather|Sandstorm|[from] ability: Sand Stream|[of] p2b: no luck\n|move|p2a: dodge it!|Protect|p2a: dodge it!\n|-singleturn|p2a: dodge it!|Protect\n|move|p1b: Bell|Psychic|p2a: dodge it!\n|-activate|p2a: dodge it!|move: Protect\n|move|p1a: Mr. Hands|Ice Punch|p2a: dodge it!\n|-activate|p2a: dodge it!|move: Protect\n|\n|-weather|Sandstorm|[upkeep]\n|-damage|p1b: Bell|94\/100|[from] Sandstorm\n|-damage|p1a: Mr. Hands|79\/100|[from] Sandstorm\n|upkeep\n|turn|3\n|\n|t:|1683806832\n|switch|p2b: best typing|Corviknight, L50, F|100\/100\n|move|p1b: Bell|Instruct|p1a: Mr. Hands\n|-singleturn|p1a: Mr. Hands|move: Instruct|[of] p1b: Bell\n|move|p1a: Mr. Hands|Ice Punch|p2a: dodge it!\n|-supereffective|p2a: dodge it!\n|-damage|p2a: dodge it!|0 fnt\n|faint|p2a: dodge it!\n|move|p1a: Mr. Hands|Drain Punch|p2b: best typing\n|-damage|p2b: best typing|65\/100\n|-heal|p1a: Mr. Hands|95\/100|[from] drain|[of] p2b: best typing\n|\n|-weather|Sandstorm|[upkeep]\n|-damage|p1b: Bell|88\/100|[from] Sandstorm\n|-damage|p1a: Mr. Hands|89\/100|[from] Sandstorm\n|upkeep\n|\n|t:|1683806845\n|switch|p2a: balanced|Flutter Mane, L50, tera:Fairy|100\/100\n|turn|4\n|\n|t:|1683806857\n|move|p2a: balanced|Protect|p2a: balanced\n|-singleturn|p2a: balanced|Protect\n|move|p1b: Bell|Instruct|p1a: Mr. Hands\n|-singleturn|p1a: Mr. Hands|move: Instruct|[of] p1b: Bell\n|move|p1a: Mr. Hands|Drain Punch|p2b: best typing\n|-damage|p2b: best typing|34\/100\n|-heal|p1a: Mr. Hands|100\/100|[from] drain|[of] p2b: best typing\n|move|p1a: Mr. Hands|Wild Charge|p2a: balanced\n|-activate|p2a: balanced|move: Protect\n|move|p2b: best typing|Brave Bird|p1a: Mr. Hands\n|-damage|p1a: Mr. Hands|73\/100\n|-damage|p2b: best typing|24\/100|[from] Recoil\n|\n|-weather|Sandstorm|[upkeep]\n|-damage|p1b: Bell|82\/100|[from] Sandstorm\n|-damage|p1a: Mr. Hands|67\/100|[from] Sandstorm\n|-damage|p2a: balanced|95\/100|[from] Sandstorm\n|upkeep\n|turn|5\n|\n|t:|1683806876\n|switch|p2b: no luck|Tyranitar, L50, F|100\/100\n|move|p1b: Bell|Instruct|p1a: Mr. Hands\n|-singleturn|p1a: Mr. Hands|move: Instruct|[of] p1b: Bell\n|move|p1a: Mr. Hands|Wild Charge|p2a: balanced\n|-damage|p2a: balanced|26\/100\n|-enditem|p2a: balanced|Sitrus Berry|[eat]\n|-heal|p2a: balanced|51\/100|[from] item: Sitrus Berry\n|-damage|p1a: Mr. Hands|55\/100|[from] Recoil\n|move|p1a: Mr. Hands|Drain Punch|p2b: no luck\n|-supereffective|p2b: no luck\n|-damage|p2b: no luck|0 fnt\n|-heal|p1a: Mr. Hands|100\/100|[from] drain|[of] p2b: no luck\n|faint|p2b: no luck\n|move|p2a: balanced|Moonblast|p1b: Bell\n|-damage|p1b: Bell|44\/100\n|-enditem|p1b: Bell|Sitrus Berry|[eat]\n|-heal|p1b: Bell|69\/100|[from] item: Sitrus Berry\n|\n|-weather|Sandstorm|[upkeep]\n|-damage|p1b: Bell|63\/100|[from] Sandstorm\n|-damage|p1a: Mr. Hands|94\/100|[from] Sandstorm\n|-damage|p2a: balanced|45\/100|[from] Sandstorm\n|-fieldend|move: Trick Room\n|upkeep\n|-message|fissure = skill forfeited.\n|\n|win|PixelDupe1\n|raw|PixelDupe1's rating: 1330 → 1355<\/strong> (+25 for winning)\n|raw|fissure = skill's rating: 1411 → 1386<\/strong> (-25 for losing)\n","uploadtime":1683806974,"views":17,"p1id":"pixeldupe1","p2id":"fissureskill","formatid":"gen9vgc2023regulationc","rating":1355,"private":0,"password":""}