{"id":"gen9vgc2023regulationc-1856585888","p1":"Petuniaveloz58","p2":"Wow_Yangg","format":"[Gen 9] VGC 2023 Regulation C","log":"|j|\u2606Petuniaveloz58\n|j|\u2606Wow_Yangg\n|t:|1683078958\n|gametype|doubles\n|player|p1|Petuniaveloz58|102|1603\n|player|p2|Wow_Yangg|fisherman-gen4|1596\n|teamsize|p1|6\n|teamsize|p2|6\n|gen|9\n|tier|[Gen 9] VGC 2023 Regulation C\n|rated|\n|rule|Species Clause: Limit one of each Pok\u00e9mon\n|rule|Item Clause: Limit one of each item\n|clearpoke\n|poke|p1|Annihilape, L50, M|\n|poke|p1|Maushold-Four, L50|\n|poke|p1|Gholdengo, L50|\n|poke|p1|Roaring Moon, L50|\n|poke|p1|Iron Bundle, L50|\n|poke|p1|Arcanine, L50, M|\n|poke|p2|Dragonite, L50, F|\n|poke|p2|Glimmora, L50, F|\n|poke|p2|Dondozo, L50, F|\n|poke|p2|Tatsugiri, L50, M|\n|poke|p2|Iron Bundle, L50|\n|poke|p2|Chi-Yu, L50|\n|teampreview|4\n|\n|t:|1683079006\n|start\n|switch|p1a: Arcanine|Arcanine, L50, M|100\/100\n|switch|p1b: Annihilape|Annihilape, L50, M|100\/100\n|switch|p2a: Iron Bundle|Iron Bundle, L50|100\/100\n|switch|p2b: Chi-Yu|Chi-Yu, L50|100\/100\n|-ability|p2b: Chi-Yu|Beads of Ruin\n|-ability|p1a: Arcanine|Intimidate|boost\n|-unboost|p2a: Iron Bundle|atk|1\n|-unboost|p2b: Chi-Yu|atk|1\n|-enditem|p2a: Iron Bundle|Booster Energy\n|-activate|p2a: Iron Bundle|ability: Quark Drive|[fromitem]\n|-start|p2a: Iron Bundle|quarkdrivespe\n|turn|1\n|\n|t:|1683079027\n|move|p2a: Iron Bundle|Hydro Pump|p1a: Arcanine\n|-supereffective|p1a: Arcanine\n|-damage|p1a: Arcanine|0 fnt\n|faint|p1a: Arcanine\n|move|p2b: Chi-Yu|Dark Pulse|p1b: Annihilape\n|-damage|p1b: Annihilape|51\/100\n|move|p1b: Annihilape|Drain Punch|p2a: Iron Bundle\n|-supereffective|p2a: Iron Bundle\n|-damage|p2a: Iron Bundle|23\/100\n|-heal|p1b: Annihilape|75\/100|[from] drain|[of] p2a: Iron Bundle\n|\n|upkeep\n|j| merahmerona\n|\n|t:|1683079042\n|switch|p1a: Iron Bundle|Iron Bundle, L50|100\/100\n|turn|2\n|\n|t:|1683079075\n|-terastallize|p1b: Annihilape|Fire\n|move|p2a: Iron Bundle|Icy Wind|p1a: Iron Bundle|[spread] p1a,p1b\n|-resisted|p1a: Iron Bundle\n|-resisted|p1b: Annihilape\n|-damage|p1a: Iron Bundle|88\/100\n|-damage|p1b: Annihilape|65\/100\n|-unboost|p1b: Annihilape|spe|1\n|-ability|p1b: Annihilape|Defiant|boost\n|-boost|p1b: Annihilape|atk|2\n|move|p1a: Iron Bundle|Icy Wind|p2a: Iron Bundle|[spread] p2a,p2b\n|-resisted|p2a: Iron Bundle\n|-resisted|p2b: Chi-Yu\n|-damage|p2a: Iron Bundle|11\/100\n|-damage|p2b: Chi-Yu|89\/100\n|-unboost|p2a: Iron Bundle|spe|1\n|-unboost|p2b: Chi-Yu|spe|1\n|move|p2b: Chi-Yu|Dark Pulse|p1a: Iron Bundle\n|-damage|p1a: Iron Bundle|0 fnt\n|faint|p1a: Iron Bundle\n|-end|p1a: Iron Bundle|Quark Drive|[silent]\n|move|p1b: Annihilape|Drain Punch|p2b: Chi-Yu\n|-supereffective|p2b: Chi-Yu\n|-damage|p2b: Chi-Yu|0 fnt\n|-heal|p1b: Annihilape|93\/100|[from] drain|[of] p2b: Chi-Yu\n|faint|p2b: Chi-Yu\n|\n|upkeep\n|\n|t:|1683079091\n|switch|p1a: Roaring Moon|Roaring Moon, L50|100\/100\n|switch|p2b: Dragonite|Dragonite, L50, F|100\/100\n|-enditem|p1a: Roaring Moon|Booster Energy\n|-activate|p1a: Roaring Moon|ability: Protosynthesis|[fromitem]\n|-start|p1a: Roaring Moon|protosynthesisspe\n|turn|3\n|j| MapleDG\n|\n|t:|1683079129\n|move|p1a: Roaring Moon|Breaking Swipe|p2a: Iron Bundle|[spread] p2a,p2b\n|-supereffective|p2b: Dragonite\n|-damage|p2a: Iron Bundle|0 fnt\n|-damage|p2b: Dragonite|75\/100\n|-unboost|p2b: Dragonite|atk|1\n|faint|p2a: Iron Bundle\n|-end|p2a: Iron Bundle|Quark Drive|[silent]\n|move|p2b: Dragonite|Earthquake|p1a: Roaring Moon|[spread] p1a,p1b\n|-supereffective|p1b: Annihilape\n|-damage|p1a: Roaring Moon|63\/100\n|-damage|p1b: Annihilape|40\/100\n|-enditem|p1b: Annihilape|Sitrus Berry|[eat]\n|-heal|p1b: Annihilape|65\/100|[from] item: Sitrus Berry\n|move|p1b: Annihilape|Rage Fist|p2b: Dragonite\n|-damage|p2b: Dragonite|0 fnt\n|faint|p2b: Dragonite\n|\n|upkeep\n|\n|t:|1683079138\n|switch|p2b: Dondozo|Dondozo, L50, F|100\/100\n|turn|4\n|inactive|Battle timer is ON: inactive players will automatically lose when time's up. (requested by Wow_Yangg)\n|\n|t:|1683079149\n|move|p1a: Roaring Moon|Tailwind|p1a: Roaring Moon\n|-sidestart|p1: Petuniaveloz58|move: Tailwind\n|move|p1b: Annihilape|Rage Fist|p2b: Dondozo\n|-damage|p2b: Dondozo|40\/100\n|move|p2b: Dondozo|Wave Crash|p1b: Annihilape\n|-supereffective|p1b: Annihilape\n|-damage|p1b: Annihilape|0 fnt\n|faint|p1b: Annihilape\n|-damage|p2b: Dondozo|21\/100|[from] Recoil\n|\n|upkeep\n|turn|5\n|j| futonkagebunshin\n|l| MapleDG\n|\n|t:|1683079158\n|move|p1a: Roaring Moon|Acrobatics|p2b: Dondozo\n|-damage|p2b: Dondozo|0 fnt\n|faint|p2b: Dondozo\n|\n|win|Petuniaveloz58\n|raw|Petuniaveloz58's rating: 1603 → 1623<\/strong> (+20 for winning)\n|raw|Wow_Yangg's rating: 1596 → 1576<\/strong> (-20 for losing)\n","uploadtime":1683079162,"views":13,"p1id":"petuniaveloz58","p2id":"wowyangg","formatid":"gen9vgc2023regulationc","rating":1576,"private":0,"password":""}