{"id":"gen9vgc2023regulationc-1848813183","p1":"bellythekidd","p2":"Stonny","format":"[Gen 9] VGC 2023 Regulation C","log":"|j|\u2606bellythekidd\n|j|\u2606Stonny\n|t:|1682113134\n|gametype|doubles\n|player|p1|bellythekidd|scientist|1235\n|player|p2|Stonny|acetrainer-gen4dp|1241\n|teamsize|p1|6\n|teamsize|p2|6\n|gen|9\n|tier|[Gen 9] VGC 2023 Regulation C\n|rated|\n|rule|Species Clause: Limit one of each Pok\u00e9mon\n|rule|Item Clause: Limit one of each item\n|clearpoke\n|poke|p1|Chien-Pao, L50|\n|poke|p1|Tauros-Paldea-Aqua, L50, M|\n|poke|p1|Kingambit, L50, M|\n|poke|p1|Dragapult, L50, M|\n|poke|p1|Grimmsnarl, L50, M|\n|poke|p1|Iron Valiant, L50|\n|poke|p2|Ting-Lu, L50|\n|poke|p2|Chi-Yu, L50|\n|poke|p2|Flutter Mane, L50|\n|poke|p2|Iron Hands, L50|\n|poke|p2|Amoonguss, L50, F|\n|poke|p2|Rabsca, L50, F|\n|teampreview|4\n|inactive|Battle timer is ON: inactive players will automatically lose when time's up. (requested by Stonny)\n|inactive|bellythekidd has 60 seconds left.\n|inactive|Stonny has 60 seconds left.\n|\n|t:|1682113179\n|start\n|switch|p1a: Kingambit|Kingambit, L50, M|100\/100\n|switch|p1b: Grimmsnarl|Grimmsnarl, L50, M|100\/100\n|switch|p2a: Ting-Lu|Ting-Lu, L50|100\/100\n|switch|p2b: Rabsca|Rabsca, L50, F|100\/100\n|-ability|p2a: Ting-Lu|Vessel of Ruin\n|turn|1\n|inactive|bellythekidd has 30 seconds left.\n|inactive|Stonny has 30 seconds left.\n|\n|t:|1682113214\n|-terastallize|p1a: Kingambit|Dark\n|-terastallize|p2a: Ting-Lu|Ground\n|move|p1b: Grimmsnarl|Taunt|p2b: Rabsca\n|-start|p2b: Rabsca|move: Taunt\n|move|p1a: Kingambit|Low Kick|p2a: Ting-Lu\n|-damage|p2a: Ting-Lu|75\/100\n|move|p2a: Ting-Lu|Earthquake|p1b: Grimmsnarl|[spread] p1a,p1b\n|-activate|p2b: Rabsca|ability: Telepathy\n|-damage|p1a: Kingambit|68\/100\n|-damage|p1b: Grimmsnarl|37\/100\n|cant|p2b: Rabsca|move: Taunt|Trick Room\n|\n|upkeep\n|turn|2\n|inactive|bellythekidd has 30 seconds left.\n|\n|t:|1682113241\n|switch|p2b: Amoonguss|Amoonguss, L50, F|100\/100\n|move|p2a: Ting-Lu|Protect|p2a: Ting-Lu\n|-singleturn|p2a: Ting-Lu|Protect\n|move|p1a: Kingambit|Sucker Punch||[still]\n|-fail|p1a: Kingambit\n|move|p1b: Grimmsnarl|Spirit Break|p2a: Ting-Lu\n|-activate|p2a: Ting-Lu|move: Protect\n|\n|upkeep\n|turn|3\n|inactive|Stonny has 30 seconds left.\n|\n|t:|1682113267\n|move|p1b: Grimmsnarl|Taunt|p2b: Amoonguss\n|-start|p2b: Amoonguss|move: Taunt\n|move|p1a: Kingambit|Kowtow Cleave|p2a: Ting-Lu\n|-damage|p2a: Ting-Lu|41\/100\n|move|p2a: Ting-Lu|Heavy Slam|p1b: Grimmsnarl\n|-supereffective|p1b: Grimmsnarl\n|-enditem|p1b: Grimmsnarl|Babiri Berry|[eat]\n|-enditem|p1b: Grimmsnarl|Babiri Berry|[weaken]\n|-damage|p1b: Grimmsnarl|0 fnt\n|faint|p1b: Grimmsnarl\n|move|p2b: Amoonguss|Pollen Puff|p2a: Ting-Lu\n|-heal|p2a: Ting-Lu|91\/100\n|\n|upkeep\n|\n|t:|1682113278\n|switch|p1b: Chien-Pao|Chien-Pao, L50|100\/100\n|-ability|p1b: Chien-Pao|Sword of Ruin\n|turn|4\n|inactive|Stonny has 30 seconds left.\n|inactive|bellythekidd has 30 seconds left.\n|\n|t:|1682113309\n|move|p2a: Ting-Lu|Protect|p2a: Ting-Lu\n|-singleturn|p2a: Ting-Lu|Protect\n|move|p1b: Chien-Pao|Ice Spinner|p2a: Ting-Lu\n|-activate|p2a: Ting-Lu|move: Protect\n|move|p1a: Kingambit|Kowtow Cleave|p2b: Amoonguss\n|-damage|p2b: Amoonguss|30\/100\n|-enditem|p2b: Amoonguss|Sitrus Berry|[eat]\n|-heal|p2b: Amoonguss|55\/100|[from] item: Sitrus Berry\n|move|p2b: Amoonguss|Pollen Puff|p1a: Kingambit\n|-supereffective|p1a: Kingambit\n|-damage|p1a: Kingambit|39\/100\n|\n|upkeep\n|turn|5\n|inactive|bellythekidd has 30 seconds left.\n|\n|t:|1682113337\n|move|p1b: Chien-Pao|Ice Spinner|p2a: Ting-Lu\n|-supereffective|p2a: Ting-Lu\n|-damage|p2a: Ting-Lu|38\/100\n|-enditem|p2a: Ting-Lu|Weakness Policy\n|-boost|p2a: Ting-Lu|atk|2|[from] item: Weakness Policy\n|-boost|p2a: Ting-Lu|spa|2|[from] item: Weakness Policy\n|move|p1a: Kingambit|Kowtow Cleave|p2b: Amoonguss\n|-damage|p2b: Amoonguss|0 fnt\n|faint|p2b: Amoonguss\n|move|p2a: Ting-Lu|Earthquake|p1b: Chien-Pao|[spread] p1a,p1b\n|-damage|p1a: Kingambit|0 fnt\n|-enditem|p1b: Chien-Pao|Focus Sash\n|-damage|p1b: Chien-Pao|1\/100\n|faint|p1a: Kingambit\n|\n|upkeep\n|\n|t:|1682113355\n|switch|p1a: Iron Valiant|Iron Valiant, L50|100\/100\n|switch|p2b: Rabsca|Rabsca, L50, F|100\/100\n|-enditem|p1a: Iron Valiant|Booster Energy\n|-activate|p1a: Iron Valiant|ability: Quark Drive|[fromitem]\n|-start|p1a: Iron Valiant|quarkdrivespe\n|turn|6\n|inactive|bellythekidd has 30 seconds left.\n|\n|t:|1682113383\n|move|p2a: Ting-Lu|Protect|p2a: Ting-Lu\n|-singleturn|p2a: Ting-Lu|Protect\n|move|p1a: Iron Valiant|Spirit Break|p2b: Rabsca\n|-damage|p2b: Rabsca|58\/100\n|move|p1b: Chien-Pao|Ice Spinner|p2b: Rabsca\n|-damage|p2b: Rabsca|16\/100\n|move|p2b: Rabsca|Trick Room|p2b: Rabsca\n|-fieldstart|move: Trick Room|[of] p2b: Rabsca\n|\n|upkeep\n|turn|7\n|\n|t:|1682113406\n|move|p1a: Iron Valiant|Wide Guard|p1a: Iron Valiant\n|-singleturn|p1a: Iron Valiant|Wide Guard\n|move|p1b: Chien-Pao|Sucker Punch||[still]\n|-fail|p1b: Chien-Pao\n|move|p2b: Rabsca|Revival Blessing|p2b: Rabsca\n|\n|t:|1682113415\n|-heal|p2: Amoonguss|50\/100|[from] move: Revival Blessing\n|move|p2a: Ting-Lu|Earthquake|p1a: Iron Valiant|[spread] \n|-activate|p1a: Iron Valiant|move: Wide Guard\n|-activate|p1b: Chien-Pao|move: Wide Guard\n|-activate|p2b: Rabsca|ability: Telepathy\n|\n|upkeep\n|turn|8\n|\n|t:|1682113442\n|move|p1b: Chien-Pao|Sucker Punch|p2a: Ting-Lu\n|-damage|p2a: Ting-Lu|16\/100\n|move|p2b: Rabsca|Pounce|p1b: Chien-Pao\n|-supereffective|p1b: Chien-Pao\n|-damage|p1b: Chien-Pao|0 fnt\n|faint|p1b: Chien-Pao\n|move|p2a: Ting-Lu|Heavy Slam|p1a: Iron Valiant\n|-supereffective|p1a: Iron Valiant\n|-damage|p1a: Iron Valiant|0 fnt\n|faint|p1a: Iron Valiant\n|-end|p1a: Iron Valiant|Quark Drive|[silent]\n|\n|win|Stonny\n|raw|bellythekidd's rating: 1235 → 1210<\/strong> (-25 for losing)\n|raw|Stonny's rating: 1241 → 1266<\/strong> (+25 for winning)\n|l|\u2606bellythekidd\n","uploadtime":1682113455,"views":4,"p1id":"bellythekidd","p2id":"stonny","formatid":"gen9vgc2023regulationc","rating":1210,"private":0,"password":""}