{"id":"gen9vgc2023regulationc-1863380271","p1":"revocolombia","p2":"vhne","format":"[Gen 9] VGC 2023 Regulation C","log":"|j|\u2606revocolombia\n|j|\u2606vhne\n|t:|1684009596\n|gametype|doubles\n|player|p1|revocolombia|pokemonranger-gen4|1379\n|player|p2|vhne|red|1365\n|teamsize|p1|6\n|teamsize|p2|6\n|gen|9\n|tier|[Gen 9] VGC 2023 Regulation C\n|rated|\n|rule|Species Clause: Limit one of each Pok\u00e9mon\n|rule|Item Clause: Limit one of each item\n|clearpoke\n|poke|p1|Flutter Mane, L50|\n|poke|p1|Annihilape, L50, M|\n|poke|p1|Dragonite, L50, M|\n|poke|p1|Chien-Pao, L50|\n|poke|p1|Murkrow, L50, M|\n|poke|p1|Gholdengo, L50|\n|poke|p2|Hawlucha, L50, M|\n|poke|p2|Indeedee-F, L50, F|\n|poke|p2|Armarouge, L50, M|\n|poke|p2|Palafin, L50, F|\n|poke|p2|Sandy Shocks, L50|\n|poke|p2|Chien-Pao, L50|\n|teampreview|4\n|\n|t:|1684009612\n|start\n|switch|p1a: Annihilape|Annihilape, L50, M, shiny|100\/100\n|switch|p1b: Chien-Pao|Chien-Pao, L50|100\/100\n|switch|p2a: Hawlucha|Hawlucha, L50, M|100\/100\n|switch|p2b: Indeedee|Indeedee-F, L50, F, shiny|100\/100\n|-ability|p1b: Chien-Pao|Sword of Ruin\n|-fieldstart|move: Psychic Terrain|[from] ability: Psychic Surge|[of] p2b: Indeedee\n|-enditem|p2a: Hawlucha|Psychic Seed\n|-boost|p2a: Hawlucha|spd|1|[from] item: Psychic Seed\n|turn|1\n|inactive|Battle timer is ON: inactive players will automatically lose when time's up. (requested by vhne)\n|\n|t:|1684009640\n|-terastallize|p1a: Annihilape|Fire\n|move|p2b: Indeedee|Follow Me|p2b: Indeedee\n|-singleturn|p2b: Indeedee|move: Follow Me\n|move|p2a: Hawlucha|Swords Dance|p2a: Hawlucha\n|-boost|p2a: Hawlucha|atk|2\n|move|p1b: Chien-Pao|Ice Spinner|p2b: Indeedee\n|-damage|p2b: Indeedee|44\/100\n|-fieldend|move: Psychic Terrain\n|move|p1a: Annihilape|Bulk Up|p1a: Annihilape\n|-boost|p1a: Annihilape|atk|1\n|-boost|p1a: Annihilape|def|1\n|\n|upkeep\n|turn|2\n|inactive|vhne has 30 seconds left.\n|\n|t:|1684009670\n|switch|p2b: Armarouge|Armarouge, L50, M|100\/100\n|move|p1a: Annihilape|Protect|p1a: Annihilape\n|-singleturn|p1a: Annihilape|Protect\n|move|p2a: Hawlucha|Acrobatics|p1a: Annihilape\n|-activate|p1a: Annihilape|move: Protect\n|move|p1b: Chien-Pao|Ice Spinner|p2a: Hawlucha\n|-supereffective|p2a: Hawlucha\n|-damage|p2a: Hawlucha|0 fnt\n|faint|p2a: Hawlucha\n|\n|upkeep\n|\n|t:|1684009676\n|switch|p2a: Indeedee|Indeedee-F, L50, F, shiny|44\/100\n|-fieldstart|move: Psychic Terrain|[from] ability: Psychic Surge|[of] p2a: Indeedee\n|turn|3\n|\n|t:|1684009701\n|move|p2a: Indeedee|Protect|p2a: Indeedee\n|-singleturn|p2a: Indeedee|Protect\n|move|p1b: Chien-Pao|Ice Spinner|p2a: Indeedee\n|-activate|p2a: Indeedee|move: Protect\n|move|p1a: Annihilape|Rage Fist|p2b: Armarouge\n|-supereffective|p2b: Armarouge\n|-damage|p2b: Armarouge|3\/100\n|move|p2b: Armarouge|Armor Cannon|p1b: Chien-Pao\n|-supereffective|p1b: Chien-Pao\n|-crit|p1b: Chien-Pao\n|-enditem|p1b: Chien-Pao|Focus Sash\n|-damage|p1b: Chien-Pao|1\/100\n|-unboost|p2b: Armarouge|def|1\n|-unboost|p2b: Armarouge|spd|1\n|-damage|p2b: Armarouge|0 fnt|[from] item: Life Orb\n|faint|p2b: Armarouge\n|\n|upkeep\n|\n|t:|1684009706\n|switch|p2b: Sandy Shocks|Sandy Shocks, L50, shiny|100\/100\n|-enditem|p2b: Sandy Shocks|Booster Energy\n|-activate|p2b: Sandy Shocks|ability: Protosynthesis|[fromitem]\n|-start|p2b: Sandy Shocks|protosynthesisspe\n|turn|4\n|inactive|revocolombia has 30 seconds left.\n|\n|t:|1684009735\n|move|p1a: Annihilape|Protect|p1a: Annihilape\n|-singleturn|p1a: Annihilape|Protect\n|move|p2a: Indeedee|Follow Me|p2a: Indeedee\n|-singleturn|p2a: Indeedee|move: Follow Me\n|move|p1b: Chien-Pao|Ice Shard|p2a: Indeedee\n|-activate|p2a: Indeedee|move: Psychic Terrain\n|move|p2b: Sandy Shocks|Thunderbolt|p1b: Chien-Pao\n|-damage|p1b: Chien-Pao|0 fnt\n|faint|p1b: Chien-Pao\n|\n|upkeep\n|\n|t:|1684009752\n|switch|p1b: Flutter Mane|Flutter Mane, L50|100\/100\n|-enditem|p1b: Flutter Mane|Booster Energy\n|-activate|p1b: Flutter Mane|ability: Protosynthesis|[fromitem]\n|-start|p1b: Flutter Mane|protosynthesisspe\n|turn|5\n|\n|t:|1684009764\n|switch|p1a: Dragonite|Dragonite, L50, M|100\/100\n|move|p2a: Indeedee|Follow Me|p2a: Indeedee\n|-singleturn|p2a: Indeedee|move: Follow Me\n|move|p1b: Flutter Mane|Dazzling Gleam|p2b: Sandy Shocks|[spread] p2a,p2b\n|-damage|p2a: Indeedee|12\/100\n|-damage|p2b: Sandy Shocks|61\/100\n|move|p2b: Sandy Shocks|Thunderbolt|p1b: Flutter Mane\n|-damage|p1b: Flutter Mane|52\/100\n|\n|upkeep\n|turn|6\n|\n|t:|1684009785\n|-terastallize|p2b: Sandy Shocks|Grass\n|move|p2a: Indeedee|Protect|p2a: Indeedee\n|-singleturn|p2a: Indeedee|Protect\n|move|p1b: Flutter Mane|Dazzling Gleam|p2a: Indeedee|[spread] p2b\n|-activate|p2a: Indeedee|move: Protect\n|-damage|p2b: Sandy Shocks|24\/100\n|move|p2b: Sandy Shocks|Thunderbolt|p1b: Flutter Mane\n|-damage|p1b: Flutter Mane|4\/100\n|move|p1a: Dragonite|Dragon Dance|p1a: Dragonite\n|-boost|p1a: Dragonite|atk|1\n|-boost|p1a: Dragonite|spe|1\n|\n|upkeep\n|turn|7\n|\n|t:|1684009804\n|move|p1b: Flutter Mane|Dazzling Gleam|p2b: Sandy Shocks|[spread] p2a,p2b\n|-crit|p2a: Indeedee\n|-damage|p2a: Indeedee|0 fnt\n|-damage|p2b: Sandy Shocks|0 fnt\n|faint|p2a: Indeedee\n|faint|p2b: Sandy Shocks\n|-end|p2b: Sandy Shocks|Protosynthesis|[silent]\n|\n|win|revocolombia\n|raw|revocolombia's rating: 1379 → 1398<\/strong> (+19 for winning)\n|raw|vhne's rating: 1365 → 1346<\/strong> (-19 for losing)\n|l|\u2606vhne\n","uploadtime":1684009820,"views":11,"p1id":"revocolombia","p2id":"vhne","formatid":"gen9vgc2023regulationc","rating":1346,"private":0,"password":""}