{"id":"gen9vgc2023regulationc-1857735099","p1":"PkmnTrainerHotPink","p2":"TheNudgyHampter","format":"[Gen 9] VGC 2023 Regulation C","log":"|j|\u2606PkmnTrainerHotPink\n|j|\u2606TheNudgyHampter\n|t:|1683226796\n|gametype|doubles\n|player|p1|PkmnTrainerHotPink|101|1088\n|player|p2|TheNudgyHampter|ethan|1008\n|teamsize|p1|6\n|teamsize|p2|6\n|gen|9\n|tier|[Gen 9] VGC 2023 Regulation C\n|rated|\n|rule|Species Clause: Limit one of each Pok\u00e9mon\n|rule|Item Clause: Limit one of each item\n|clearpoke\n|poke|p1|Flutter Mane, L50|\n|poke|p1|Abomasnow, L50, F|\n|poke|p1|Iron Bundle, L50|\n|poke|p1|Iron Hands, L50|\n|poke|p1|Bronzong, L50|\n|poke|p1|Arcanine, L50, F|\n|poke|p2|Dondozo, L50, M|\n|poke|p2|Tatsugiri, L50, F|\n|poke|p2|Flutter Mane, L50|\n|poke|p2|Gholdengo, L50|\n|poke|p2|Arcanine, L50, F|\n|poke|p2|Amoonguss, L50, M|\n|teampreview|4\nPkmnTrainerHotPink has agreed to open team sheets.\nTheNudgyHampter has agreed to open team sheets.\n|\n|t:|1683226875\n|start\n|switch|p1a: Bronzong|Bronzong, L50|100\/100\n|switch|p1b: Arcanine|Arcanine, L50, F|100\/100\n|switch|p2a: Dondozo|Dondozo, L50, M|100\/100\n|switch|p2b: Amoonguss|Amoonguss, L50, M|100\/100\n|-ability|p1b: Arcanine|Intimidate|boost\n|-unboost|p2a: Dondozo|atk|1\n|-unboost|p2b: Amoonguss|atk|1\n|turn|1\n|\n|t:|1683226900\n|move|p1b: Arcanine|Protect|p1b: Arcanine\n|-singleturn|p1b: Arcanine|Protect\n|move|p2a: Dondozo|Protect|p2a: Dondozo\n|-singleturn|p2a: Dondozo|Protect\n|move|p2b: Amoonguss|Spore|p1b: Arcanine\n|-activate|p1b: Arcanine|move: Protect\n|move|p1a: Bronzong|Safeguard|p1a: Bronzong\n|-sidestart|p1: PkmnTrainerHotPink|Safeguard\n|\n|upkeep\n|turn|2\n|\n|t:|1683226952\n|switch|p1b: Abomasnow|Abomasnow, L50, F|100\/100\n|-weather|Snow|[from] ability: Snow Warning|[of] p1b: Abomasnow\n|switch|p2b: Tatsugiri|Tatsugiri, L50, F|100\/100\n|-activate|p2b: Tatsugiri|ability: Commander|[of] p2a: Dondozo\n|-boost|p2a: Dondozo|atk|2\n|-boost|p2a: Dondozo|spa|2\n|-boost|p2a: Dondozo|spe|2\n|-boost|p2a: Dondozo|def|2\n|-boost|p2a: Dondozo|spd|2\n|move|p2a: Dondozo|Liquidation|p1b: Abomasnow\n|-resisted|p1b: Abomasnow\n|-damage|p1b: Abomasnow|70\/100\n|-damage|p2a: Dondozo|91\/100|[from] item: Life Orb\n|move|p1a: Bronzong|Trick Room|p1a: Bronzong\n|-fieldstart|move: Trick Room|[of] p1a: Bronzong\n|\n|-weather|Snow|[upkeep]\n|upkeep\n|turn|3\n|\n|t:|1683226977\n|move|p1b: Abomasnow|Protect|p1b: Abomasnow\n|-singleturn|p1b: Abomasnow|Protect\n|move|p1a: Bronzong|Gyro Ball|p2a: Dondozo\n|-resisted|p2a: Dondozo\n|-damage|p2a: Dondozo|87\/100\n|move|p2a: Dondozo|Order Up|p1b: Abomasnow\n|-activate|p1b: Abomasnow|move: Protect\n|\n|-weather|Snow|[upkeep]\n|upkeep\n|turn|4\n|\n|t:|1683227015\n|switch|p1b: Arcanine|Arcanine, L50, F|100\/100\n|-ability|p1b: Arcanine|Intimidate|boost\n|-unboost|p2a: Dondozo|atk|1\n|-unboost|p2b: Tatsugiri|atk|1\n|move|p1a: Bronzong|Gyro Ball|p2a: Dondozo\n|-resisted|p2a: Dondozo\n|-damage|p2a: Dondozo|84\/100\n|move|p2a: Dondozo|Order Up|p1b: Arcanine\n|-damage|p1b: Arcanine|67\/100\n|-boost|p2a: Dondozo|atk|1\n|-damage|p2a: Dondozo|74\/100|[from] item: Life Orb\n|\n|-weather|Snow|[upkeep]\n|upkeep\n|turn|5\n|\n|t:|1683227053\n|switch|p1a: Abomasnow|Abomasnow, L50, F|70\/100\n|-terastallize|p1b: Arcanine|Grass\n|move|p2a: Dondozo|Stomping Tantrum|p1b: Arcanine\n|-resisted|p1b: Arcanine\n|-damage|p1b: Arcanine|44\/100\n|-enditem|p1b: Arcanine|Sitrus Berry|[eat]\n|-heal|p1b: Arcanine|68\/100|[from] item: Sitrus Berry\n|-damage|p2a: Dondozo|64\/100|[from] item: Life Orb\n|move|p1b: Arcanine|Will-O-Wisp|p2a: Dondozo\n|-status|p2a: Dondozo|brn\n|\n|-weather|Snow|[upkeep]\n|-damage|p2a: Dondozo|58\/100 brn|[from] brn\n|-sideend|p1: PkmnTrainerHotPink|Safeguard\n|upkeep\n|turn|6\n|\n|t:|1683227096\n|switch|p1a: Bronzong|Bronzong, L50|100\/100\n|move|p1b: Arcanine|Protect|p1b: Arcanine\n|-singleturn|p1b: Arcanine|Protect\n|move|p2a: Dondozo|Order Up|p1a: Bronzong\n|-resisted|p1a: Bronzong\n|-damage|p1a: Bronzong|91\/100\n|-boost|p2a: Dondozo|atk|1\n|-damage|p2a: Dondozo|48\/100 brn|[from] item: Life Orb\n|\n|-weather|none\n|-damage|p2a: Dondozo|42\/100 brn|[from] brn\n|-fieldend|move: Trick Room\n|upkeep\n|turn|7\n|\n|t:|1683227127\n|switch|p1b: Abomasnow|Abomasnow, L50, F|70\/100\n|-weather|Snow|[from] ability: Snow Warning|[of] p1b: Abomasnow\n|-terastallize|p2a: Dondozo|Water\n|move|p2a: Dondozo|Liquidation|p1a: Bronzong\n|-damage|p1a: Bronzong|33\/100\n|-damage|p2a: Dondozo|32\/100 brn|[from] item: Life Orb\n|move|p1a: Bronzong|Trick Room|p1a: Bronzong\n|-fieldstart|move: Trick Room|[of] p1a: Bronzong\n|\n|-weather|Snow|[upkeep]\n|-damage|p2a: Dondozo|26\/100 brn|[from] brn\n|upkeep\n|turn|8\n|\n|t:|1683227146\n|move|p1a: Bronzong|Helping Hand|p1b: Abomasnow\n|-singleturn|p1b: Abomasnow|Helping Hand|[of] p1a: Bronzong\n|move|p1b: Abomasnow|Giga Drain|p2a: Dondozo\n|-supereffective|p2a: Dondozo\n|-damage|p2a: Dondozo|0 fnt\n|-heal|p1b: Abomasnow|87\/100|[from] drain|[of] p2a: Dondozo\n|faint|p2a: Dondozo\n|-damage|p1b: Abomasnow|78\/100|[from] item: Life Orb\n|\n|-weather|Snow|[upkeep]\n|upkeep\n|\n|t:|1683227164\n|switch|p2a: Amoonguss|Amoonguss, L50, M|100\/100\n|turn|9\n|\n|t:|1683227189\n|switch|p2b: Gholdengo|Gholdengo, L50|100\/100\n|move|p1a: Bronzong|Safeguard|p1a: Bronzong\n|-sidestart|p1: PkmnTrainerHotPink|Safeguard\n|move|p2a: Amoonguss|Pollen Puff|p1b: Abomasnow\n|-supereffective|p1b: Abomasnow\n|-damage|p1b: Abomasnow|23\/100\n|move|p1b: Abomasnow|Blizzard|p2a: Amoonguss|[spread] p2a,p2b\n|-supereffective|p2a: Amoonguss\n|-resisted|p2b: Gholdengo\n|-damage|p2a: Amoonguss|23\/100\n|-damage|p2b: Gholdengo|83\/100\n|-damage|p1b: Abomasnow|13\/100|[from] item: Life Orb\n|\n|-weather|Snow|[upkeep]\n|-heal|p2a: Amoonguss|29\/100|[from] item: Leftovers\n|upkeep\n|turn|10\n|\n|t:|1683227240\n|move|p1b: Abomasnow|Protect|p1b: Abomasnow\n|-singleturn|p1b: Abomasnow|Protect\n|move|p1a: Bronzong|Gyro Ball|p2b: Gholdengo\n|-resisted|p2b: Gholdengo\n|-damage|p2b: Gholdengo|62\/100\n|move|p2a: Amoonguss|Pollen Puff|p1b: Abomasnow\n|-activate|p1b: Abomasnow|move: Protect\n|move|p2b: Gholdengo|Shadow Ball|p1a: Bronzong\n|-supereffective|p1a: Bronzong\n|-damage|p1a: Bronzong|0 fnt\n|faint|p1a: Bronzong\n|\n|-weather|Snow|[upkeep]\n|-heal|p2a: Amoonguss|34\/100|[from] item: Leftovers\n|upkeep\n|\n|t:|1683227259\n|switch|p1a: Arcanine|Arcanine, L50, F, tera:Grass|68\/100\n|-ability|p1a: Arcanine|Intimidate|boost\n|-unboost|p2a: Amoonguss|atk|1\n|-unboost|p2b: Gholdengo|atk|1\n|turn|11\n|\n|t:|1683227299\n|move|p1a: Arcanine|Protect|p1a: Arcanine\n|-singleturn|p1a: Arcanine|Protect\n|move|p2a: Amoonguss|Pollen Puff|p1b: Abomasnow\n|-supereffective|p1b: Abomasnow\n|-damage|p1b: Abomasnow|0 fnt\n|faint|p1b: Abomasnow\n|move|p2b: Gholdengo|Shadow Ball|p1a: Arcanine\n|-activate|p1a: Arcanine|move: Protect\n|\n|-weather|none\n|-heal|p2a: Amoonguss|40\/100|[from] item: Leftovers\n|-fieldend|move: Trick Room\n|upkeep\n|\n|t:|1683227310\n|switch|p1b: Iron Bundle|Iron Bundle, L50|100\/100\n|-enditem|p1b: Iron Bundle|Booster Energy\n|-activate|p1b: Iron Bundle|ability: Quark Drive|[fromitem]\n|-start|p1b: Iron Bundle|quarkdrivespe\n|turn|12\n|\n|t:|1683227346\n|move|p2a: Amoonguss|Rage Powder|p2a: Amoonguss\n|-singleturn|p2a: Amoonguss|move: Rage Powder\n|move|p1b: Iron Bundle|Blizzard|p2b: Gholdengo|[spread] p2b\n|-miss|p1b: Iron Bundle|p2a: Amoonguss\n|-resisted|p2b: Gholdengo\n|-damage|p2b: Gholdengo|46\/100\n|move|p2b: Gholdengo|Make It Rain|p1b: Iron Bundle|[spread] p1a,p1b\n|-damage|p1a: Arcanine|17\/100\n|-damage|p1b: Iron Bundle|4\/100\n|-unboost|p2b: Gholdengo|spa|1\n|move|p1a: Arcanine|Flare Blitz|p2b: Gholdengo\n|-supereffective|p2b: Gholdengo\n|-damage|p2b: Gholdengo|0 fnt\n|faint|p2b: Gholdengo\n|-damage|p1a: Arcanine|5\/100|[from] Recoil\n|\n|-heal|p2a: Amoonguss|46\/100|[from] item: Leftovers\n|upkeep\n|\n|t:|1683227364\n|switch|p2b: Tatsugiri|Tatsugiri, L50, F|100\/100\n|turn|13\n|\n|t:|1683227393\n|move|p1b: Iron Bundle|Blizzard|p2b: Tatsugiri|[spread] p2a,p2b\n|-supereffective|p2a: Amoonguss\n|-damage|p2a: Amoonguss|0 fnt\n|-damage|p2b: Tatsugiri|46\/100\n|faint|p2a: Amoonguss\n|move|p2b: Tatsugiri|Surf|p1a: Arcanine|[spread] p1a,p1b\n|-resisted|p1a: Arcanine\n|-resisted|p1b: Iron Bundle\n|-damage|p1a: Arcanine|0 fnt\n|-damage|p1b: Iron Bundle|0 fnt\n|faint|p1a: Arcanine\n|faint|p1b: Iron Bundle\n|-end|p1b: Iron Bundle|Quark Drive|[silent]\n|\n|win|TheNudgyHampter\n|raw|PkmnTrainerHotPink's rating: 1088 → 1060<\/strong> (-28 for losing)\n|raw|TheNudgyHampter's rating: 1008 → 1056<\/strong> (+48 for winning)\n|l|\u2606TheNudgyHampter\n","uploadtime":1683227436,"views":5,"p1id":"pkmntrainerhotpink","p2id":"thenudgyhampter","formatid":"gen9vgc2023regulationc","rating":1056,"private":0,"password":""}