{"id":"gen9vgc2023regulationc-1850032164","p1":"Jdkslahrjr","p2":"buttonclicker9001","format":"[Gen 9] VGC 2023 Regulation C","log":"|j|\u2606Jdkslahrjr\n|j|\u2606buttonclicker9001\n|t:|1682279912\n|gametype|doubles\n|player|p1|Jdkslahrjr|265|1000\n|player|p2|buttonclicker9001|harlequin|1074\n|teamsize|p1|6\n|teamsize|p2|6\n|gen|9\n|tier|[Gen 9] VGC 2023 Regulation C\n|rated|\n|rule|Species Clause: Limit one of each Pok\u00e9mon\n|rule|Item Clause: Limit one of each item\n|clearpoke\n|poke|p1|Abomasnow, L50, M|\n|poke|p1|Annihilape, L50, M|\n|poke|p1|Maushold-Four, L50|\n|poke|p1|Ting-Lu, L50|\n|poke|p1|Flutter Mane, L50|\n|poke|p1|Ditto, L50|\n|poke|p2|Sandy Shocks, L50|\n|poke|p2|Espathra, L50, F|\n|poke|p2|Iron Bundle, L50|\n|poke|p2|Chi-Yu, L50|\n|poke|p2|Wo-Chien, L50|\n|poke|p2|Gyarados, L50, F|\n|teampreview|4\n|inactive|Battle timer is ON: inactive players will automatically lose when time's up. (requested by Jdkslahrjr)\n|\n|t:|1682279929\n|start\n|switch|p1a: Annihilape|Annihilape, L50, M|100\/100\n|switch|p1b: Maushold|Maushold-Four, L50|100\/100\n|switch|p2a: Sandy Shocks|Sandy Shocks, L50|100\/100\n|switch|p2b: Espathra|Espathra, L50, F|100\/100\n|-enditem|p2a: Sandy Shocks|Booster Energy\n|-activate|p2a: Sandy Shocks|ability: Protosynthesis|[fromitem]\n|-start|p2a: Sandy Shocks|protosynthesisspe\n|turn|1\n|\n|t:|1682279946\n|-terastallize|p1a: Annihilape|Steel\n|move|p2a: Sandy Shocks|Gravity|p2a: Sandy Shocks\n|-fieldstart|move: Gravity\n|move|p1b: Maushold|Population Bomb|p1a: Annihilape\n|-resisted|p1a: Annihilape\n|-damage|p1a: Annihilape|95\/100\n|-resisted|p1a: Annihilape\n|-damage|p1a: Annihilape|89\/100\n|-resisted|p1a: Annihilape\n|-damage|p1a: Annihilape|84\/100\n|-resisted|p1a: Annihilape\n|-damage|p1a: Annihilape|78\/100\n|-resisted|p1a: Annihilape\n|-damage|p1a: Annihilape|73\/100\n|-resisted|p1a: Annihilape\n|-damage|p1a: Annihilape|67\/100\n|-resisted|p1a: Annihilape\n|-damage|p1a: Annihilape|62\/100\n|-resisted|p1a: Annihilape\n|-damage|p1a: Annihilape|57\/100\n|-resisted|p1a: Annihilape\n|-damage|p1a: Annihilape|51\/100\n|-resisted|p1a: Annihilape\n|-damage|p1a: Annihilape|46\/100\n|-hitcount|p1a: Annihilape|10\n|move|p2b: Espathra|Hypnosis|p1b: Maushold\n|-status|p1b: Maushold|slp|[from] move: Hypnosis\n|move|p1a: Annihilape|Bulk Up|p1a: Annihilape\n|-boost|p1a: Annihilape|atk|1\n|-boost|p1a: Annihilape|def|1\n|\n|-heal|p1a: Annihilape|52\/100|[from] item: Leftovers\n|-ability|p2b: Espathra|Speed Boost|boost\n|-boost|p2b: Espathra|spe|1\n|upkeep\n|turn|2\n|c|\u2606buttonclicker9001|this is very funny\n|inactive|buttonclicker9001 has 30 seconds left.\n|\n|t:|1682279975\n|move|p2a: Sandy Shocks|Earth Power|p1a: Annihilape\n|-supereffective|p1a: Annihilape\n|-damage|p1a: Annihilape|0 fnt\n|faint|p1a: Annihilape\n|move|p2b: Espathra|Hypnosis|p1b: Maushold\n|-fail|p1b: Maushold|slp\n|cant|p1b: Maushold|slp\n|\n|-ability|p2b: Espathra|Speed Boost|boost\n|-boost|p2b: Espathra|spe|1\n|upkeep\n|\n|t:|1682279984\n|switch|p1a: Flutter Mane|Flutter Mane, L50|100\/100\n|turn|3\n|\n|t:|1682279998\n|switch|p1b: Ting-Lu|Ting-Lu, L50|100\/100\n|-ability|p1b: Ting-Lu|Vessel of Ruin\n|move|p2b: Espathra|Hypnosis|p1a: Flutter Mane\n|-status|p1a: Flutter Mane|slp|[from] move: Hypnosis\n|move|p2a: Sandy Shocks|Thunderbolt|p1b: Ting-Lu\n|-immune|p1b: Ting-Lu\n|cant|p1a: Flutter Mane|slp\n|\n|-ability|p2b: Espathra|Speed Boost|boost\n|-boost|p2b: Espathra|spe|1\n|upkeep\n|turn|4\n|\n|t:|1682280014\n|move|p2b: Espathra|Hypnosis|p1b: Ting-Lu\n|-status|p1b: Ting-Lu|slp|[from] move: Hypnosis\n|move|p2a: Sandy Shocks|Earth Power|p1a: Flutter Mane\n|-damage|p1a: Flutter Mane|68\/100 slp\n|-unboost|p1a: Flutter Mane|spd|1\n|cant|p1a: Flutter Mane|slp\n|cant|p1b: Ting-Lu|slp\n|\n|-ability|p2b: Espathra|Speed Boost|boost\n|-boost|p2b: Espathra|spe|1\n|upkeep\n|turn|5\n|-message|Jdkslahrjr forfeited.\n|\n|win|buttonclicker9001\n|raw|Jdkslahrjr's rating: 1000 → 1000<\/strong> (+0 for losing)\n|raw|buttonclicker9001's rating: 1074 → 1097<\/strong> (+23 for winning)\n|l|\u2606Jdkslahrjr\n","uploadtime":1682280092,"views":10,"p1id":"jdkslahrjr","p2id":"buttonclicker9001","formatid":"gen9vgc2023regulationc","rating":1000,"private":0,"password":""}