{"id":"gen9vgc2023regulationc-1855540435","p1":"PR0J3CT Nub","p2":"Lavsxyz","format":"[Gen 9] VGC 2023 Regulation C","log":"|j|\u2606PR0J3CT Nub\n|j|\u2606Lavsxyz\n|t:|1682960417\n|gametype|doubles\n|player|p1|PR0J3CT Nub|2|1126\n|player|p2|Lavsxyz|lance|1106\n|teamsize|p1|6\n|teamsize|p2|6\n|gen|9\n|tier|[Gen 9] VGC 2023 Regulation C\n|rated|\n|rule|Species Clause: Limit one of each Pok\u00e9mon\n|rule|Item Clause: Limit one of each item\n|clearpoke\n|poke|p1|Clodsire, L50, F|\n|poke|p1|Flutter Mane, L50|\n|poke|p1|Garchomp, L50, F|\n|poke|p1|Arcanine, L50, F|\n|poke|p1|Corviknight, L50, M|\n|poke|p1|Gastrodon, L50, M|\n|poke|p2|Armarouge, L50, M|\n|poke|p2|Indeedee-F, L50, F|\n|poke|p2|Annihilape, L50, M|\n|poke|p2|Torkoal, L50, M|\n|poke|p2|Roaring Moon, L50|\n|poke|p2|Hatterene, L50, F|\n|teampreview|4\n|inactive|Battle timer is ON: inactive players will automatically lose when time's up. (requested by PR0J3CT Nub)\n|inactive|Lavsxyz has 60 seconds left.\n|\n|t:|1682960450\n|start\n|switch|p1a: Garchomp|Garchomp, L50, F|100\/100\n|switch|p1b: Gastrodon|Gastrodon, L50, M|100\/100\n|switch|p2a: Armarouge|Armarouge, L50, M|100\/100\n|switch|p2b: Indeedee|Indeedee-F, L50, F|100\/100\n|-fieldstart|move: Psychic Terrain|[from] ability: Psychic Surge|[of] p2b: Indeedee\n|-enditem|p2b: Indeedee|Psychic Seed\n|-boost|p2b: Indeedee|spd|1|[from] item: Psychic Seed\n|turn|1\n|\n|t:|1682960471\n|move|p2b: Indeedee|Follow Me|p2b: Indeedee\n|-singleturn|p2b: Indeedee|move: Follow Me\n|move|p1a: Garchomp|Surf|p2a: Armarouge|[spread] p2a,p2b\n|-ability|p1b: Gastrodon|Storm Drain|boost\n|-boost|p1b: Gastrodon|spa|1\n|-supereffective|p2a: Armarouge\n|-damage|p2a: Armarouge|65\/100\n|-damage|p2b: Indeedee|90\/100\n|move|p1b: Gastrodon|Muddy Water|p2b: Indeedee|[spread] p2a,p2b\n|-supereffective|p2a: Armarouge\n|-damage|p2a: Armarouge|0 fnt\n|-damage|p2b: Indeedee|65\/100\n|faint|p2a: Armarouge\n|\n|upkeep\n|\n|t:|1682960484\n|switch|p2a: Hatterene|Hatterene, L50, F|100\/100\n|turn|2\n|\n|t:|1682960493\n|-terastallize|p1b: Gastrodon|Poison\n|move|p1a: Garchomp|Surf|p2a: Hatterene|[spread] p2a,p2b\n|-ability|p1b: Gastrodon|Storm Drain|boost\n|-boost|p1b: Gastrodon|spa|1\n|-damage|p2a: Hatterene|83\/100\n|-damage|p2b: Indeedee|54\/100\n|move|p2b: Indeedee|Dazzling Gleam|p1b: Gastrodon|[spread] p1a,p1b\n|-supereffective|p1a: Garchomp\n|-resisted|p1b: Gastrodon\n|-damage|p1a: Garchomp|71\/100\n|-damage|p1b: Gastrodon|94\/100\n|move|p1b: Gastrodon|Sludge Bomb|p2a: Hatterene\n|-supereffective|p2a: Hatterene\n|-damage|p2a: Hatterene|0 fnt\n|faint|p2a: Hatterene\n|\n|upkeep\n|\n|t:|1682960511\n|switch|p2a: Roaring Moon|Roaring Moon, L50|100\/100\n|-enditem|p2a: Roaring Moon|Booster Energy\n|-activate|p2a: Roaring Moon|ability: Protosynthesis|[fromitem]\n|-start|p2a: Roaring Moon|protosynthesisatk\n|turn|3\n|\n|t:|1682960523\n|move|p1a: Garchomp|Surf|p2b: Indeedee|[spread] p2a,p2b\n|-ability|p1b: Gastrodon|Storm Drain|boost\n|-boost|p1b: Gastrodon|spa|1\n|-resisted|p2a: Roaring Moon\n|-damage|p2a: Roaring Moon|91\/100\n|-damage|p2b: Indeedee|42\/100\n|move|p2a: Roaring Moon|Acrobatics|p1a: Garchomp\n|-damage|p1a: Garchomp|9\/100\n|-damage|p2a: Roaring Moon|79\/100|[from] ability: Rough Skin|[of] p1a: Garchomp\n|move|p2b: Indeedee|Dazzling Gleam|p1b: Gastrodon|[spread] p1a,p1b\n|-supereffective|p1a: Garchomp\n|-resisted|p1b: Gastrodon\n|-damage|p1a: Garchomp|0 fnt\n|-damage|p1b: Gastrodon|87\/100\n|faint|p1a: Garchomp\n|move|p1b: Gastrodon|Muddy Water|p2b: Indeedee|[spread] p2a\n|-miss|p1b: Gastrodon|p2b: Indeedee\n|-resisted|p2a: Roaring Moon\n|-damage|p2a: Roaring Moon|49\/100\n|\n|upkeep\n|\n|t:|1682960540\n|switch|p1a: Clodsire|Clodsire, L50, F|100\/100\n|turn|4\n|\n|t:|1682960547\n|move|p2b: Indeedee|Follow Me|p2b: Indeedee\n|-singleturn|p2b: Indeedee|move: Follow Me\n|move|p2a: Roaring Moon|Dragon Dance|p2a: Roaring Moon\n|-boost|p2a: Roaring Moon|atk|1\n|-boost|p2a: Roaring Moon|spe|1\n|move|p1b: Gastrodon|Muddy Water|p2b: Indeedee|[spread] p2b\n|-miss|p1b: Gastrodon|p2a: Roaring Moon\n|-damage|p2b: Indeedee|0 fnt\n|faint|p2b: Indeedee\n|move|p1a: Clodsire|Surf|p2a: Roaring Moon|[spread] p2a\n|-ability|p1b: Gastrodon|Storm Drain|boost\n|-boost|p1b: Gastrodon|spa|1\n|-resisted|p2a: Roaring Moon\n|-damage|p2a: Roaring Moon|45\/100\n|\n|upkeep\n|turn|5\n|\n|t:|1682960564\n|move|p1b: Gastrodon|Protect|p1b: Gastrodon\n|-singleturn|p1b: Gastrodon|Protect\n|move|p2a: Roaring Moon|Acrobatics|p1b: Gastrodon\n|-activate|p1b: Gastrodon|move: Protect\n|move|p1a: Clodsire|Toxic|p2a: Roaring Moon\n|-status|p2a: Roaring Moon|tox\n|\n|-damage|p2a: Roaring Moon|39\/100 tox|[from] psn\n|-fieldend|move: Psychic Terrain\n|upkeep\n|turn|6\n|\n|t:|1682960582\n|-terastallize|p2a: Roaring Moon|Flying\n|move|p2a: Roaring Moon|Acrobatics|p1b: Gastrodon\n|-damage|p1b: Gastrodon|0 fnt\n|faint|p1b: Gastrodon\n|move|p1a: Clodsire|Surf|p2a: Roaring Moon\n|-damage|p2a: Roaring Moon|27\/100 tox\n|\n|-damage|p2a: Roaring Moon|15\/100 tox|[from] psn\n|upkeep\n|\n|t:|1682960593\n|switch|p1b: Flutter Mane|Flutter Mane, L50, shiny|100\/100\n|turn|7\n|\n|t:|1682960604\n|move|p2a: Roaring Moon|Acrobatics|p1b: Flutter Mane\n|-damage|p1b: Flutter Mane|0 fnt\n|faint|p1b: Flutter Mane\n|-end|p1b: Flutter Mane|Protosynthesis|[silent]\n|move|p1a: Clodsire|Gunk Shot|p2a: Roaring Moon\n|-damage|p2a: Roaring Moon|0 fnt\n|faint|p2a: Roaring Moon\n|-end|p2a: Roaring Moon|Protosynthesis|[silent]\n|\n|win|PR0J3CT Nub\n|raw|PR0J3CT Nub's rating: 1126 → 1150<\/strong> (+24 for winning)\n|raw|Lavsxyz's rating: 1106 → 1082<\/strong> (-24 for losing)\n|l|\u2606Lavsxyz\n","uploadtime":1682960618,"views":23,"p1id":"pr0j3ctnub","p2id":"lavsxyz","formatid":"gen9vgc2023regulationc","rating":1082,"private":0,"password":""}