{"id":"gen9vgc2023regulationc-1861867737","p1":"PureNeutral","p2":"PBBellossom","format":"[Gen 9] VGC 2023 Regulation C","log":"|j|\u2606PureNeutral\n|j|\u2606PBBellossom\n|t:|1683816340\n|gametype|doubles\n|player|p1|PureNeutral|elesa|1551\n|player|p2|PBBellossom|hilbert|1470\n|teamsize|p1|6\n|teamsize|p2|6\n|gen|9\n|tier|[Gen 9] VGC 2023 Regulation C\n|rated|\n|rule|Species Clause: Limit one of each Pok\u00e9mon\n|rule|Item Clause: Limit one of each item\n|clearpoke\n|poke|p1|Maushold-Four, L50|\n|poke|p1|Annihilape, L50, F|\n|poke|p1|Gholdengo, L50|\n|poke|p1|Roaring Moon, L50|\n|poke|p1|Iron Bundle, L50|\n|poke|p1|Arcanine, L50, M|\n|poke|p2|Torkoal, L50, M|\n|poke|p2|Great Tusk, L50|\n|poke|p2|Kingambit, L50, M|\n|poke|p2|Flutter Mane, L50|\n|poke|p2|Amoonguss, L50, F|\n|poke|p2|Chi-Yu, L50|\n|teampreview|4\n|inactive|Battle timer is ON: inactive players will automatically lose when time's up. (requested by PBBellossom)\nPBBellossom has agreed to open team sheets.\nPureNeutral has agreed to open team sheets.\n|inactive|PureNeutral has 60 seconds left.\n|inactive|PBBellossom has 60 seconds left.\n|inactive|PureNeutral has 30 seconds left.\n|inactive|PBBellossom has 30 seconds left.\n|j| LoreMarciuxx\n|inactive|PBBellossom has 20 seconds left.\n|inactive|PBBellossom has 15 seconds left.\n|inactive|PureNeutral has 20 seconds left.\n|inactive|PBBellossom has 10 seconds left.\n|\n|t:|1683816422\n|start\n|switch|p1a: Maushold|Maushold-Four, L50|100\/100\n|switch|p1b: Annihilape|Annihilape, L50, F|100\/100\n|switch|p2a: Torkoal|Torkoal, L50, M|100\/100\n|switch|p2b: Flutter Mane|Flutter Mane, L50|100\/100\n|-weather|SunnyDay|[from] ability: Drought|[of] p2a: Torkoal\n|-activate|p2b: Flutter Mane|ability: Protosynthesis\n|-start|p2b: Flutter Mane|protosynthesisspe\n|turn|1\n|l| LoreMarciuxx\n|\n|t:|1683816440\n|-terastallize|p1b: Annihilape|Water\n|move|p1a: Maushold|Protect|p1a: Maushold\n|-singleturn|p1a: Maushold|Protect\n|move|p2b: Flutter Mane|Substitute|p2b: Flutter Mane\n|-start|p2b: Flutter Mane|Substitute\n|-damage|p2b: Flutter Mane|76\/100\n|move|p1b: Annihilape|Rage Fist|p2b: Flutter Mane\n|-supereffective|p2b: Flutter Mane\n|-end|p2b: Flutter Mane|Substitute\n|move|p2a: Torkoal|Eruption|p1b: Annihilape|[spread] p1b\n|-activate|p1a: Maushold|move: Protect\n|-resisted|p1b: Annihilape\n|-damage|p1b: Annihilape|77\/100\n|\n|-weather|SunnyDay|[upkeep]\n|upkeep\n|turn|2\n|\n|t:|1683816459\n|move|p2b: Flutter Mane|Protect|p2b: Flutter Mane\n|-singleturn|p2b: Flutter Mane|Protect\n|move|p1a: Maushold|Follow Me|p1a: Maushold\n|-singleturn|p1a: Maushold|move: Follow Me\n|move|p1b: Annihilape|Rage Fist|p2b: Flutter Mane\n|-activate|p2b: Flutter Mane|move: Protect\n|move|p2a: Torkoal|Eruption|p1b: Annihilape|[spread] p1a,p1b\n|-resisted|p1b: Annihilape\n|-damage|p1a: Maushold|25\/100\n|-damage|p1b: Annihilape|52\/100\n|\n|-weather|SunnyDay|[upkeep]\n|upkeep\n|turn|3\n|\n|t:|1683816476\n|move|p1a: Maushold|Follow Me|p1a: Maushold\n|-singleturn|p1a: Maushold|move: Follow Me\n|move|p2b: Flutter Mane|Substitute|p2b: Flutter Mane\n|-start|p2b: Flutter Mane|Substitute\n|-damage|p2b: Flutter Mane|52\/100\n|move|p1b: Annihilape|Rage Fist|p2b: Flutter Mane\n|-supereffective|p2b: Flutter Mane\n|-crit|p2b: Flutter Mane\n|-end|p2b: Flutter Mane|Substitute\n|move|p2a: Torkoal|Heat Wave|p1b: Annihilape|[spread] p1a,p1b\n|-resisted|p1b: Annihilape\n|-damage|p1a: Maushold|0 fnt\n|-damage|p1b: Annihilape|37\/100\n|-enditem|p1b: Annihilape|Sitrus Berry|[eat]\n|-heal|p1b: Annihilape|62\/100|[from] item: Sitrus Berry\n|faint|p1a: Maushold\n|\n|-weather|SunnyDay|[upkeep]\n|upkeep\n|\n|t:|1683816490\n|switch|p1a: Roaring Moon|Roaring Moon, L50|100\/100\n|-activate|p1a: Roaring Moon|ability: Protosynthesis\n|-start|p1a: Roaring Moon|protosynthesisspe\n|turn|4\n|\n|t:|1683816503\n|move|p2b: Flutter Mane|Protect|p2b: Flutter Mane\n|-singleturn|p2b: Flutter Mane|Protect\n|move|p1a: Roaring Moon|Tailwind|p1a: Roaring Moon\n|-sidestart|p1: PureNeutral|move: Tailwind\n|move|p1b: Annihilape|Rage Fist|p2a: Torkoal\n|-damage|p2a: Torkoal|23\/100\n|-enditem|p2a: Torkoal|Sitrus Berry|[eat]\n|-heal|p2a: Torkoal|48\/100|[from] item: Sitrus Berry\n|move|p2a: Torkoal|Eruption|p1b: Annihilape|[spread] p1a,p1b\n|-resisted|p1a: Roaring Moon\n|-resisted|p1b: Annihilape\n|-damage|p1a: Roaring Moon|84\/100\n|-damage|p1b: Annihilape|48\/100\n|\n|-weather|SunnyDay|[upkeep]\n|upkeep\n|turn|5\n|inactive|PBBellossom has 30 seconds left.\n|\n|t:|1683816538\n|move|p1a: Roaring Moon|Acrobatics|p2b: Flutter Mane\n|-damage|p2b: Flutter Mane|10\/100\n|move|p2b: Flutter Mane|Moonblast|p1b: Annihilape\n|-damage|p1b: Annihilape|0 fnt\n|faint|p1b: Annihilape\n|-damage|p2b: Flutter Mane|0 fnt|[from] item: Life Orb\n|faint|p2b: Flutter Mane\n|-end|p2b: Flutter Mane|Protosynthesis|[silent]\n|move|p2a: Torkoal|Heat Wave|p1a: Roaring Moon\n|-resisted|p1a: Roaring Moon\n|-damage|p1a: Roaring Moon|57\/100\n|\n|-weather|none\n|-end|p1a: Roaring Moon|Protosynthesis\n|upkeep\n|-enditem|p1a: Roaring Moon|Booster Energy\n|-activate|p1a: Roaring Moon|ability: Protosynthesis|[fromitem]\n|-start|p1a: Roaring Moon|protosynthesisspe\n|\n|t:|1683816554\n|switch|p2b: Kingambit|Kingambit, L50, M|100\/100\n|switch|p1b: Iron Bundle|Iron Bundle, L50|100\/100\n|turn|6\n|\n|t:|1683816574\n|move|p1a: Roaring Moon|Acrobatics|p2a: Torkoal\n|-damage|p2a: Torkoal|16\/100\n|move|p1b: Iron Bundle|Freeze-Dry|p2b: Kingambit\n|-resisted|p2b: Kingambit\n|-crit|p2b: Kingambit\n|-damage|p2b: Kingambit|79\/100\n|move|p2b: Kingambit|Swords Dance|p2b: Kingambit\n|-boost|p2b: Kingambit|atk|2\n|move|p2a: Torkoal|Heat Wave|p1b: Iron Bundle|[spread] p1a,p1b\n|-resisted|p1a: Roaring Moon\n|-damage|p1a: Roaring Moon|43\/100\n|-damage|p1b: Iron Bundle|41\/100\n|-status|p1b: Iron Bundle|brn\n|\n|-damage|p1b: Iron Bundle|35\/100 brn|[from] brn\n|upkeep\n|turn|7\n|inactive|PureNeutral has 30 seconds left.\n|inactive|PBBellossom has 30 seconds left.\n|inactive|PBBellossom has 20 seconds left.\n|\n|t:|1683816614\n|move|p2b: Kingambit|Sucker Punch|p1a: Roaring Moon\n|-resisted|p1a: Roaring Moon\n|-damage|p1a: Roaring Moon|2\/100\n|move|p1a: Roaring Moon|Breaking Swipe|p2a: Torkoal|[spread] p2a,p2b\n|-resisted|p2b: Kingambit\n|-damage|p2a: Torkoal|0 fnt\n|-damage|p2b: Kingambit|71\/100\n|-unboost|p2b: Kingambit|atk|1\n|-ability|p2b: Kingambit|Defiant|boost\n|-boost|p2b: Kingambit|atk|2\n|faint|p2a: Torkoal\n|move|p1b: Iron Bundle|Encore|p2b: Kingambit\n|-start|p2b: Kingambit|Encore\n|\n|-damage|p1b: Iron Bundle|29\/100 brn|[from] brn\n|-sideend|p1: PureNeutral|move: Tailwind\n|upkeep\n|\n|t:|1683816620\n|switch|p2a: Great Tusk|Great Tusk, L50|100\/100\n|turn|8\n|inactive|PureNeutral has 30 seconds left.\n|inactive|PBBellossom has 30 seconds left.\n|\n|t:|1683816650\n|-terastallize|p2a: Great Tusk|Fire\n|move|p1b: Iron Bundle|Protect|p1b: Iron Bundle\n|-singleturn|p1b: Iron Bundle|Protect\n|move|p2b: Kingambit|Sucker Punch||[still]\n|-fail|p2b: Kingambit\n|move|p1a: Roaring Moon|Tailwind|p1a: Roaring Moon\n|-sidestart|p1: PureNeutral|move: Tailwind\n|move|p2a: Great Tusk|Close Combat|p1b: Iron Bundle\n|-activate|p1b: Iron Bundle|move: Protect\n|\n|-damage|p1b: Iron Bundle|22\/100 brn|[from] brn\n|upkeep\n|turn|9\n|inactive|PureNeutral has 30 seconds left.\n|\n|t:|1683816685\n|move|p2b: Kingambit|Sucker Punch|p1b: Iron Bundle\n|-damage|p1b: Iron Bundle|0 fnt\n|faint|p1b: Iron Bundle\n|-end|p1b: Iron Bundle|Quark Drive|[silent]\n|move|p1a: Roaring Moon|Acrobatics|p2b: Kingambit\n|-resisted|p2b: Kingambit\n|-damage|p2b: Kingambit|59\/100\n|move|p2a: Great Tusk|Close Combat|p1a: Roaring Moon\n|-supereffective|p1a: Roaring Moon\n|-damage|p1a: Roaring Moon|0 fnt\n|-unboost|p2a: Great Tusk|def|1\n|-unboost|p2a: Great Tusk|spd|1\n|faint|p1a: Roaring Moon\n|-end|p1a: Roaring Moon|Protosynthesis|[silent]\n|\n|win|PBBellossom\n|raw|PureNeutral's rating: 1551 → 1526<\/strong> (-25 for losing)\n|raw|PBBellossom's rating: 1470 → 1495<\/strong> (+25 for winning)\n|l|\u2606PureNeutral\n","uploadtime":1683816698,"views":12,"p1id":"pureneutral","p2id":"pbbellossom","formatid":"gen9vgc2023regulationc","rating":1495,"private":0,"password":""}