{"id":"gen9vgc2023regulationc-1846467275","p1":"Chite53","p2":"Beetle Enjoyer","format":"[Gen 9] VGC 2023 Regulation C","log":"|j|\u2606Chite53\n|j|\u2606Beetle Enjoyer\n|t:|1681843250\n|gametype|doubles\n|player|p1|Chite53|li|1176\n|player|p2|Beetle Enjoyer|preschooler|1217\n|teamsize|p1|6\n|teamsize|p2|6\n|gen|9\n|tier|[Gen 9] VGC 2023 Regulation C\n|rated|\n|rule|Species Clause: Limit one of each Pok\u00e9mon\n|rule|Item Clause: Limit one of each item\n|clearpoke\n|poke|p1|Arcanine, L50, F|\n|poke|p1|Ting-Lu, L50|\n|poke|p1|Volcarona, L50, M|\n|poke|p1|Palafin, L50, F|\n|poke|p1|Chi-Yu, L50|\n|poke|p1|Indeedee-F, L50, F|\n|poke|p2|Arcanine, L50, F|\n|poke|p2|Ting-Lu, L50|\n|poke|p2|Scream Tail, L50|\n|poke|p2|Amoonguss, L50, M|\n|poke|p2|Flutter Mane, L50|\n|poke|p2|Gothitelle, L50, M|\n|teampreview|4\n|inactive|Battle timer is ON: inactive players will automatically lose when time's up. (requested by Chite53)\n|\n|t:|1681843295\n|start\n|switch|p1a: Volcarona|Volcarona, L50, M|100\/100\n|switch|p1b: Palafin|Palafin, L50, F|100\/100\n|switch|p2a: Ting-Lu|Ting-Lu, L50|100\/100\n|switch|p2b: Gothitelle|Gothitelle, L50, M|100\/100\n|-ability|p2a: Ting-Lu|Vessel of Ruin\n|turn|1\n|\n|t:|1681843318\n|move|p2b: Gothitelle|Fake Out|p1b: Palafin\n|-damage|p1b: Palafin|94\/100\n|move|p1a: Volcarona|Quiver Dance|p1a: Volcarona\n|-boost|p1a: Volcarona|spa|1\n|-boost|p1a: Volcarona|spd|1\n|-boost|p1a: Volcarona|spe|1\n|cant|p1b: Palafin|flinch\n|move|p2a: Ting-Lu|Snarl|p1a: Volcarona|[spread] p1a,p1b\n|-damage|p1a: Volcarona|96\/100\n|-damage|p1b: Palafin|84\/100\n|-unboost|p1a: Volcarona|spa|1\n|-unboost|p1b: Palafin|spa|1\n|\n|-heal|p1a: Volcarona|100\/100|[from] item: Leftovers\n|upkeep\n|turn|2\n|\n|t:|1681843341\n|move|p2b: Gothitelle|Protect|p2b: Gothitelle\n|-singleturn|p2b: Gothitelle|Protect\n|move|p1a: Volcarona|Heat Wave|p2a: Ting-Lu|[spread] p2a\n|-activate|p2b: Gothitelle|move: Protect\n|-damage|p2a: Ting-Lu|90\/100\n|move|p1b: Palafin|Wave Crash|p2a: Ting-Lu\n|-supereffective|p2a: Ting-Lu\n|-damage|p2a: Ting-Lu|30\/100\n|-damage|p1b: Palafin|60\/100|[from] Recoil\n|move|p2a: Ting-Lu|Snarl|p1b: Palafin|[spread] p1a,p1b\n|-damage|p1a: Volcarona|95\/100\n|-damage|p1b: Palafin|49\/100\n|-unboost|p1a: Volcarona|spa|1\n|-unboost|p1b: Palafin|spa|1\n|\n|-heal|p1a: Volcarona|100\/100|[from] item: Leftovers\n|upkeep\n|turn|3\n|inactive|Beetle Enjoyer has 30 seconds left.\n|\n|t:|1681843367\n|move|p1b: Palafin|Jet Punch|p2a: Ting-Lu\n|-supereffective|p2a: Ting-Lu\n|-damage|p2a: Ting-Lu|1\/100\n|move|p1a: Volcarona|Quiver Dance|p1a: Volcarona\n|-boost|p1a: Volcarona|spa|1\n|-boost|p1a: Volcarona|spd|1\n|-boost|p1a: Volcarona|spe|1\n|move|p2b: Gothitelle|Psychic|p1b: Palafin\n|-damage|p1b: Palafin|20\/100\n|move|p2a: Ting-Lu|Rock Slide|p1b: Palafin|[spread] p1a,p1b\n|-supereffective|p1a: Volcarona\n|-damage|p1a: Volcarona|21\/100\n|-damage|p1b: Palafin|3\/100\n|\n|-heal|p1a: Volcarona|27\/100|[from] item: Leftovers\n|upkeep\n|turn|4\n|inactive|Chite53 has 30 seconds left.\n|\n|t:|1681843394\n|move|p1a: Volcarona|Protect|p1a: Volcarona\n|-singleturn|p1a: Volcarona|Protect\n|move|p1b: Palafin|Jet Punch|p2a: Ting-Lu\n|-supereffective|p2a: Ting-Lu\n|-damage|p2a: Ting-Lu|0 fnt\n|faint|p2a: Ting-Lu\n|move|p2b: Gothitelle|Psychic|p1a: Volcarona\n|-activate|p1a: Volcarona|move: Protect\n|\n|-heal|p1a: Volcarona|33\/100|[from] item: Leftovers\n|upkeep\n|\n|t:|1681843408\n|switch|p2a: Arcanine|Arcanine, L50, F|100\/100\n|-ability|p2a: Arcanine|Intimidate|boost\n|-unboost|p1a: Volcarona|atk|1\n|-unboost|p1b: Palafin|atk|1\n|turn|5\n|\n|t:|1681843420\n|-terastallize|p1a: Volcarona|Water\n|-terastallize|p2a: Arcanine|Water\n|move|p1b: Palafin|Jet Punch|p2a: Arcanine\n|-resisted|p2a: Arcanine\n|-damage|p2a: Arcanine|93\/100\n|move|p1a: Volcarona|Quiver Dance|p1a: Volcarona\n|-boost|p1a: Volcarona|spa|1\n|-boost|p1a: Volcarona|spd|1\n|-boost|p1a: Volcarona|spe|1\n|move|p2a: Arcanine|Flare Blitz|p1a: Volcarona\n|-resisted|p1a: Volcarona\n|-damage|p1a: Volcarona|0 fnt\n|faint|p1a: Volcarona\n|-damage|p2a: Arcanine|83\/100|[from] Recoil\n|move|p2b: Gothitelle|Heal Pulse|p2a: Arcanine\n|-heal|p2a: Arcanine|100\/100\n|\n|upkeep\n|\n|t:|1681843435\n|switch|p1a: Chi-Yu|Chi-Yu, L50|100\/100\n|-ability|p1a: Chi-Yu|Beads of Ruin\n|turn|6\n|\n|t:|1681843455\n|move|p2b: Gothitelle|Protect|p2b: Gothitelle\n|-singleturn|p2b: Gothitelle|Protect\n|move|p1b: Palafin|Jet Punch|p2a: Arcanine\n|-resisted|p2a: Arcanine\n|-damage|p2a: Arcanine|93\/100\n|move|p1a: Chi-Yu|Dark Pulse|p2a: Arcanine\n|-damage|p2a: Arcanine|27\/100\n|move|p2a: Arcanine|Snarl|p1a: Chi-Yu|[spread] p1a,p1b\n|-resisted|p1a: Chi-Yu\n|-crit|p1b: Palafin\n|-damage|p1a: Chi-Yu|96\/100\n|-damage|p1b: Palafin|0 fnt\n|-unboost|p1a: Chi-Yu|spa|1\n|faint|p1b: Palafin\n|\n|upkeep\n|\n|t:|1681843466\n|switch|p1b: Ting-Lu|Ting-Lu, L50|100\/100\n|-ability|p1b: Ting-Lu|Vessel of Ruin\n|turn|7\n|inactive|Beetle Enjoyer has 30 seconds left.\n|inactive|Beetle Enjoyer has 20 seconds left.\n|\n|t:|1681843503\n|switch|p2b: Scream Tail|Scream Tail, L50|100\/100\n|-enditem|p2b: Scream Tail|Booster Energy\n|-activate|p2b: Scream Tail|ability: Protosynthesis|[fromitem]\n|-start|p2b: Scream Tail|protosynthesisspe\n|move|p2a: Arcanine|Protect|p2a: Arcanine\n|-singleturn|p2a: Arcanine|Protect\n|move|p1a: Chi-Yu|Dark Pulse|p2b: Scream Tail\n|-damage|p2b: Scream Tail|79\/100\n|move|p1b: Ting-Lu|Stomping Tantrum|p2a: Arcanine\n|-activate|p2a: Arcanine|move: Protect\n|\n|upkeep\n|turn|8\n|\n|t:|1681843521\n|move|p1a: Chi-Yu|Dark Pulse|p2b: Scream Tail\n|-damage|p2b: Scream Tail|57\/100\n|move|p2b: Scream Tail|Perish Song|p2b: Scream Tail\n|-start|p1a: Chi-Yu|perish3|[silent]\n|-start|p1b: Ting-Lu|perish3|[silent]\n|-start|p2a: Arcanine|perish3|[silent]\n|-start|p2b: Scream Tail|perish3|[silent]\n|-fieldactivate|move: Perish Song\n|move|p2a: Arcanine|Will-O-Wisp|p1b: Ting-Lu\n|-status|p1b: Ting-Lu|brn\n|move|p1b: Ting-Lu|Heavy Slam|p2b: Scream Tail\n|-supereffective|p2b: Scream Tail\n|-damage|p2b: Scream Tail|35\/100\n|\n|-damage|p1b: Ting-Lu|94\/100 brn|[from] brn\n|-start|p1a: Chi-Yu|perish3\n|-start|p2b: Scream Tail|perish3\n|-start|p2a: Arcanine|perish3\n|-start|p1b: Ting-Lu|perish3\n|upkeep\n|turn|9\n|\n|t:|1681843545\n|move|p2b: Scream Tail|Protect|p2b: Scream Tail\n|-singleturn|p2b: Scream Tail|Protect\n|move|p2a: Arcanine|Protect|p2a: Arcanine\n|-singleturn|p2a: Arcanine|Protect\n|move|p1a: Chi-Yu|Dark Pulse|p2a: Arcanine\n|-activate|p2a: Arcanine|move: Protect\n|move|p1b: Ting-Lu|Heavy Slam|p2b: Scream Tail\n|-activate|p2b: Scream Tail|move: Protect\n|\n|-damage|p1b: Ting-Lu|88\/100 brn|[from] brn\n|-start|p1a: Chi-Yu|perish2\n|-start|p2b: Scream Tail|perish2\n|-start|p2a: Arcanine|perish2\n|-start|p1b: Ting-Lu|perish2\n|upkeep\n|turn|10\n|\n|t:|1681843566\n|move|p1a: Chi-Yu|Dark Pulse|p2a: Arcanine\n|-damage|p2a: Arcanine|0 fnt\n|faint|p2a: Arcanine\n|move|p2b: Scream Tail|Reflect|p2b: Scream Tail\n|-sidestart|p2: Beetle Enjoyer|Reflect\n|move|p1b: Ting-Lu|Heavy Slam|p2b: Scream Tail\n|-supereffective|p2b: Scream Tail\n|-damage|p2b: Scream Tail|20\/100\n|\n|-damage|p1b: Ting-Lu|82\/100 brn|[from] brn\n|-start|p1a: Chi-Yu|perish1\n|-start|p2b: Scream Tail|perish1\n|-start|p1b: Ting-Lu|perish1\n|upkeep\n|\n|t:|1681843579\n|switch|p2a: Gothitelle|Gothitelle, L50, M|100\/100\n|turn|11\n|\n|t:|1681843587\n|move|p2b: Scream Tail|Protect|p2b: Scream Tail\n|-singleturn|p2b: Scream Tail|Protect\n|move|p2a: Gothitelle|Fake Out|p1a: Chi-Yu\n|-damage|p1a: Chi-Yu|87\/100\n|cant|p1a: Chi-Yu|flinch\n|move|p1b: Ting-Lu|Heavy Slam|p2b: Scream Tail\n|-activate|p2b: Scream Tail|move: Protect\n|\n|-damage|p1b: Ting-Lu|76\/100 brn|[from] brn\n|-start|p1a: Chi-Yu|perish0\n|-start|p2b: Scream Tail|perish0\n|-start|p1b: Ting-Lu|perish0\n|faint|p1a: Chi-Yu\n|faint|p2b: Scream Tail\n|-end|p2b: Scream Tail|Protosynthesis|[silent]\n|faint|p1b: Ting-Lu\n|\n|win|Beetle Enjoyer\n|upkeep\n|raw|Chite53's rating: 1176 → 1154<\/strong> (-22 for losing)\n|raw|Beetle Enjoyer's rating: 1217 → 1239<\/strong> (+22 for winning)\n|l|\u2606Chite53\n","uploadtime":1681843656,"views":12,"p1id":"chite53","p2id":"beetleenjoyer","formatid":"gen9vgc2023regulationc","rating":1154,"private":0,"password":""}