{"id":"gen9vgc2023regulationc-1862298724","p1":"The Spicy Cigar","p2":"PRANAVSHOWDOWN","format":"[Gen 9] VGC 2023 Regulation C","log":"|j|\u2606The Spicy Cigar\n|j|\u2606PRANAVSHOWDOWN\n|t:|1683861693\n|gametype|doubles\n|player|p1|The Spicy Cigar|smasher|1129\n|player|p2|PRANAVSHOWDOWN|flint|1117\n|teamsize|p1|6\n|teamsize|p2|6\n|gen|9\n|tier|[Gen 9] VGC 2023 Regulation C\n|rated|\n|rule|Species Clause: Limit one of each Pok\u00e9mon\n|rule|Item Clause: Limit one of each item\n|clearpoke\n|poke|p1|Bronzong, L50|\n|poke|p1|Ting-Lu, L50|\n|poke|p1|Iron Hands, L50|\n|poke|p1|Azumarill, L50, F|\n|poke|p1|Flutter Mane, L50|\n|poke|p1|Chi-Yu, L50|\n|poke|p2|Iron Moth, L50|\n|poke|p2|Staraptor, L50, F|\n|poke|p2|Iron Bundle, L50|\n|poke|p2|Sandy Shocks, L50|\n|poke|p2|Murkrow, L50, M|\n|poke|p2|Chi-Yu, L50|\n|teampreview|4\n|inactive|Battle timer is ON: inactive players will automatically lose when time's up. (requested by PRANAVSHOWDOWN)\nPRANAVSHOWDOWN has agreed to open team sheets.\n|inactive|The Spicy Cigar has 60 seconds left.\n|\n|t:|1683861754\n|start\n|switch|p1a: Big Ben|Bronzong, L50|100\/100\n|switch|p1b: Grand Canyon|Ting-Lu, L50|100\/100\n|switch|p2a: Chi-Yu|Chi-Yu, L50|100\/100\n|switch|p2b: Iron Moth|Iron Moth, L50|100\/100\n|-ability|p2a: Chi-Yu|Beads of Ruin\n|-ability|p1b: Grand Canyon|Vessel of Ruin\n|turn|1\n|\n|t:|1683861776\n|-terastallize|p1a: Big Ben|Poison\n|move|p2b: Iron Moth|Heat Wave|p1a: Big Ben|[spread] p1a,p1b\n|-damage|p1a: Big Ben|72\/100\n|-damage|p1b: Grand Canyon|70\/100\n|-status|p1a: Big Ben|brn\n|move|p2a: Chi-Yu|Heat Wave|p1b: Grand Canyon|[spread] p1a\n|-miss|p2a: Chi-Yu|p1b: Grand Canyon\n|-damage|p1a: Big Ben|46\/100 brn\n|move|p1b: Grand Canyon|Earthquake|p2a: Chi-Yu|[spread] p2a,p2b\n|-immune|p1a: Big Ben|[from] ability: Levitate\n|-supereffective|p2a: Chi-Yu\n|-supereffective|p2b: Iron Moth\n|-damage|p2a: Chi-Yu|0 fnt\n|-enditem|p2b: Iron Moth|Focus Sash\n|-damage|p2b: Iron Moth|1\/100\n|faint|p2a: Chi-Yu\n|move|p1a: Big Ben|Trick Room|p1a: Big Ben\n|-fieldstart|move: Trick Room|[of] p1a: Big Ben\n|\n|-damage|p1a: Big Ben|41\/100 brn|[from] brn\n|upkeep\n|\n|t:|1683861798\n|switch|p2a: Iron Bundle|Iron Bundle, L50|100\/100\n|turn|2\n|\n|t:|1683861811\n|move|p1a: Big Ben|Gyro Ball|p2a: Iron Bundle\n|-damage|p2a: Iron Bundle|80\/100\n|move|p1b: Grand Canyon|Rock Slide|p2a: Iron Bundle|[spread] p2a,p2b\n|-supereffective|p2a: Iron Bundle\n|-supereffective|p2b: Iron Moth\n|-damage|p2a: Iron Bundle|42\/100\n|-damage|p2b: Iron Moth|0 fnt\n|faint|p2b: Iron Moth\n|-end|p2b: Iron Moth|Quark Drive|[silent]\n|move|p2a: Iron Bundle|Blizzard|p1a: Big Ben|[spread] p1a,p1b\n|-supereffective|p1b: Grand Canyon\n|-damage|p1a: Big Ben|13\/100 brn\n|-damage|p1b: Grand Canyon|15\/100\n|-enditem|p1b: Grand Canyon|Weakness Policy\n|-boost|p1b: Grand Canyon|atk|2|[from] item: Weakness Policy\n|-boost|p1b: Grand Canyon|spa|2|[from] item: Weakness Policy\n|\n|-damage|p1a: Big Ben|7\/100 brn|[from] brn\n|upkeep\n|\n|t:|1683861828\n|switch|p2b: Staraptor|Staraptor, L50, F|100\/100\n|turn|3\n|\n|t:|1683861837\n|move|p2b: Staraptor|Protect|p2b: Staraptor\n|-singleturn|p2b: Staraptor|Protect\n|move|p2a: Iron Bundle|Protect|p2a: Iron Bundle\n|-singleturn|p2a: Iron Bundle|Protect\n|move|p1a: Big Ben|Safeguard|p1a: Big Ben\n|-sidestart|p1: The Spicy Cigar|Safeguard\n|move|p1b: Grand Canyon|Rock Slide|p2a: Iron Bundle|[spread] \n|-activate|p2a: Iron Bundle|move: Protect\n|-activate|p2b: Staraptor|move: Protect\n|\n|-damage|p1a: Big Ben|2\/100 brn|[from] brn\n|upkeep\n|turn|4\n|\n|t:|1683861857\n|-terastallize|p2b: Staraptor|Normal\n|move|p1a: Big Ben|Ice Spinner|p2b: Staraptor\n|-damage|p2b: Staraptor|88\/100\n|move|p1b: Grand Canyon|Rock Slide|p2b: Staraptor|[spread] p2a\n|-miss|p1b: Grand Canyon|p2b: Staraptor\n|-supereffective|p2a: Iron Bundle\n|-damage|p2a: Iron Bundle|0 fnt\n|faint|p2a: Iron Bundle\n|-end|p2a: Iron Bundle|Quark Drive|[silent]\n|move|p2b: Staraptor|Brave Bird|p1b: Grand Canyon\n|-damage|p1b: Grand Canyon|0 fnt\n|faint|p1b: Grand Canyon\n|-damage|p2b: Staraptor|81\/100|[from] Recoil\n|\n|-damage|p1a: Big Ben|0 fnt|[from] brn\n|faint|p1a: Big Ben\n|upkeep\n|\n|t:|1683861873\n|switch|p1a: Tony Soprano|Iron Hands, L50|100\/100\n|switch|p1b: Florida Man|Azumarill, L50, F, shiny|100\/100\n|turn|5\n|\n|t:|1683861883\n|move|p2b: Staraptor|Protect|p2b: Staraptor\n|-singleturn|p2b: Staraptor|Protect\n|move|p1a: Tony Soprano|Swords Dance|p1a: Tony Soprano\n|-boost|p1a: Tony Soprano|atk|2\n|move|p1b: Florida Man|Brick Break|p2b: Staraptor\n|-activate|p2b: Staraptor|move: Protect\n|\n|-fieldend|move: Trick Room\n|upkeep\n|turn|6\n|\n|t:|1683861896\n|move|p2b: Staraptor|Brave Bird|p1a: Tony Soprano\n|-damage|p1a: Tony Soprano|49\/100\n|-enditem|p1a: Tony Soprano|Sitrus Berry|[eat]\n|-heal|p1a: Tony Soprano|74\/100|[from] item: Sitrus Berry\n|-damage|p2b: Staraptor|56\/100|[from] Recoil\n|move|p1a: Tony Soprano|Wild Charge|p2b: Staraptor\n|-damage|p2b: Staraptor|0 fnt\n|faint|p2b: Staraptor\n|-damage|p1a: Tony Soprano|64\/100|[from] Recoil\n|\n|win|The Spicy Cigar\n|raw|The Spicy Cigar's rating: 1129 → 1153<\/strong> (+24 for winning)\n|raw|PRANAVSHOWDOWN's rating: 1117 → 1093<\/strong> (-24 for losing)\n|l|\u2606PRANAVSHOWDOWN\n","uploadtime":1683861907,"views":13,"p1id":"thespicycigar","p2id":"pranavshowdown","formatid":"gen9vgc2023regulationc","rating":1093,"private":0,"password":""}