{"id":"gen9vgc2023regulationc-1849872909","p1":"DavidGJ5","p2":"MistressQueenM","format":"[Gen 9] VGC 2023 Regulation C","log":"|j|\u2606DavidGJ5\n|j|\u2606MistressQueenM\n|t:|1682263062\n|gametype|doubles\n|player|p1|DavidGJ5|170|1314\n|player|p2|MistressQueenM|veteranf|1309\n|teamsize|p1|6\n|teamsize|p2|6\n|gen|9\n|tier|[Gen 9] VGC 2023 Regulation C\n|rated|\n|rule|Species Clause: Limit one of each Pok\u00e9mon\n|rule|Item Clause: Limit one of each item\n|clearpoke\n|poke|p1|Palafin, L50, F|\n|poke|p1|Roaring Moon, L50|\n|poke|p1|Arcanine, L50, M|\n|poke|p1|Amoonguss, L50, F|\n|poke|p1|Flutter Mane, L50|\n|poke|p1|Ting-Lu, L50|\n|poke|p2|Wo-Chien, L50|\n|poke|p2|Torkoal, L50, M|\n|poke|p2|Garganacl, L50, F|\n|poke|p2|Great Tusk, L50|\n|poke|p2|Murkrow, L50, M|\n|poke|p2|Farigiraf, L50, M|\n|teampreview|4\n|inactive|Battle timer is ON: inactive players will automatically lose when time's up. (requested by DavidGJ5)\nMistressQueenM rejected open team sheets.\n|inactive|DavidGJ5 has 60 seconds left.\n|inactive|DavidGJ5 has 30 seconds left.\n|c|\u2606MistressQueenM|GOOOOOOOOOOOOOOOOOOOOO\n|c|\u2606MistressQueenM|XD\n|inactive|DavidGJ5 has 20 seconds left.\n|inactive|DavidGJ5 has 15 seconds left.\n|inactive|DavidGJ5 has 10 seconds left.\n|\n|t:|1682263146\n|start\n|switch|p1a: Flutter Mane|Flutter Mane, L50|100\/100\n|switch|p1b: Palafin|Palafin, L50, F|100\/100\n|switch|p2a: Fool|Murkrow, L50, M|100\/100\n|switch|p2b: Curvedbeast|Great Tusk, L50|100\/100\n|turn|1\n|inactive|DavidGJ5 has 30 seconds left.\n|inactive|DavidGJ5 has 20 seconds left.\n|inactive|DavidGJ5 has 15 seconds left.\n|inactive|DavidGJ5 has 10 seconds left.\n|\n|t:|1682263194\n|-terastallize|p2b: Curvedbeast|Ground\n|move|p1b: Palafin|Protect|p1b: Palafin\n|-singleturn|p1b: Palafin|Protect\n|move|p2a: Fool|Thunder Wave|p1a: Flutter Mane\n|-status|p1a: Flutter Mane|par\n|move|p2b: Curvedbeast|Earthquake|p1a: Flutter Mane|[spread] p1a\n|-activate|p1b: Palafin|move: Protect\n|-immune|p2a: Fool\n|-damage|p1a: Flutter Mane|0 fnt\n|faint|p1a: Flutter Mane\n|-end|p1a: Flutter Mane|Protosynthesis|[silent]\n|-damage|p2b: Curvedbeast|90\/100|[from] item: Life Orb\n|\n|upkeep\n|\n|t:|1682263205\n|switch|p1a: Amoonguss|Amoonguss, L50, F|100\/100\n|turn|2\n|\n|t:|1682263226\n|detailschange|p1b: Palafin|Palafin-Hero, L50, F\n|switch|p1b: Roaring Moon|Roaring Moon, L50|100\/100\n|-enditem|p1b: Roaring Moon|Booster Energy\n|-activate|p1b: Roaring Moon|ability: Protosynthesis|[fromitem]\n|-start|p1b: Roaring Moon|protosynthesisatk\n|move|p1a: Amoonguss|Protect|p1a: Amoonguss\n|-singleturn|p1a: Amoonguss|Protect\n|move|p2a: Fool|Taunt|p1a: Amoonguss\n|-activate|p1a: Amoonguss|move: Protect\n|move|p2b: Curvedbeast|Earthquake|p1b: Roaring Moon|[spread] p1b\n|-activate|p1a: Amoonguss|move: Protect\n|-immune|p2a: Fool\n|-damage|p1b: Roaring Moon|27\/100\n|-damage|p2b: Curvedbeast|80\/100|[from] item: Life Orb\n|\n|upkeep\n|turn|3\n|inactive|DavidGJ5 has 30 seconds left.\n|inactive|DavidGJ5 has 20 seconds left.\n|inactive|DavidGJ5 has 15 seconds left.\n|inactive|DavidGJ5 has 10 seconds left.\n|\n|t:|1682263271\n|-terastallize|p1b: Roaring Moon|Flying\n|move|p2b: Curvedbeast|Protect|p2b: Curvedbeast\n|-singleturn|p2b: Curvedbeast|Protect\n|move|p1a: Amoonguss|Rage Powder|p1a: Amoonguss\n|-singleturn|p1a: Amoonguss|move: Rage Powder\n|move|p2a: Fool|Taunt|p1a: Amoonguss\n|-start|p1a: Amoonguss|move: Taunt\n|move|p1b: Roaring Moon|Dragon Dance|p1b: Roaring Moon\n|-boost|p1b: Roaring Moon|atk|1\n|-boost|p1b: Roaring Moon|spe|1\n|\n|upkeep\n|turn|4\n|\n|t:|1682263286\n|move|p2a: Fool|Thunder Wave|p1b: Roaring Moon\n|-status|p1b: Roaring Moon|par\n|move|p2b: Curvedbeast|Ice Spinner|p1b: Roaring Moon\n|-supereffective|p1b: Roaring Moon\n|-damage|p1b: Roaring Moon|0 fnt\n|faint|p1b: Roaring Moon\n|-end|p1b: Roaring Moon|Protosynthesis|[silent]\n|-damage|p2b: Curvedbeast|70\/100|[from] item: Life Orb\n|move|p1a: Amoonguss|Pollen Puff|p1: Roaring Moon|[notarget]\n|-fail|p1a: Amoonguss\n|\n|upkeep\n|c|\u2606MistressQueenM|lol\n|\n|t:|1682263292\n|switch|p1b: Palafin|Palafin-Hero, L50, F|100\/100\n|-activate|p1b: Palafin|ability: Zero to Hero\n|turn|5\n|c|\u2606MistressQueenM|shreeddies\n|\n|t:|1682263296\n|move|p2b: Curvedbeast|Protect|p2b: Curvedbeast\n|-singleturn|p2b: Curvedbeast|Protect\n|move|p1b: Palafin|Jet Punch|p2b: Curvedbeast\n|-activate|p2b: Curvedbeast|move: Protect\n|move|p2a: Fool|Thunder Wave|p1b: Palafin\n|-status|p1b: Palafin|par\n|move|p1a: Amoonguss|Pollen Puff|p1b: Palafin\n|-immune|p1b: Palafin\n|\n|upkeep\n|turn|6\n|\n|t:|1682263302\n|move|p2a: Fool|Thunder Wave|p1a: Amoonguss\n|-status|p1a: Amoonguss|par\n|move|p1b: Palafin|Jet Punch|p2b: Curvedbeast\n|-supereffective|p2b: Curvedbeast\n|-damage|p2b: Curvedbeast|0 fnt\n|faint|p2b: Curvedbeast\n|-end|p2b: Curvedbeast|Protosynthesis|[silent]\n|move|p1a: Amoonguss|Pollen Puff|p1b: Palafin\n|-immune|p1b: Palafin\n|\n|-end|p1a: Amoonguss|move: Taunt\n|upkeep\n|\n|t:|1682263308\n|switch|p2b: Abrams|Torkoal, L50, M, shiny|100\/100\n|-weather|SunnyDay|[from] ability: Drought|[of] p2b: Abrams\n|turn|7\n|\n|t:|1682263321\n|move|p2a: Fool|Taunt|p1a: Amoonguss\n|-start|p1a: Amoonguss|move: Taunt\n|move|p1b: Palafin|Jet Punch|p2b: Abrams\n|-supereffective|p2b: Abrams\n|-damage|p2b: Abrams|65\/100\n|move|p2b: Abrams|Heat Wave|p1b: Palafin|[spread] p1a,p1b\n|-supereffective|p1a: Amoonguss\n|-resisted|p1b: Palafin\n|-damage|p1a: Amoonguss|6\/100 par\n|-damage|p1b: Palafin|76\/100 par\n|-enditem|p1a: Amoonguss|Sitrus Berry|[eat]\n|-heal|p1a: Amoonguss|31\/100 par|[from] item: Sitrus Berry\n|cant|p1a: Amoonguss|move: Taunt|Spore\n|\n|-weather|SunnyDay|[upkeep]\n|upkeep\n|turn|8\n|c|\u2606MistressQueenM|shreddies!\n|\n|t:|1682263334\n|move|p2b: Abrams|Protect|p2b: Abrams\n|-singleturn|p2b: Abrams|Protect\n|move|p2a: Fool|Tailwind|p2a: Fool\n|-sidestart|p2: MistressQueenM|move: Tailwind\n|move|p1b: Palafin|Wave Crash|p2b: Abrams\n|-activate|p2b: Abrams|move: Protect\n|move|p1a: Amoonguss|Pollen Puff|p1b: Palafin\n|-heal|p1b: Palafin|100\/100 par\n|\n|-weather|SunnyDay|[upkeep]\n|upkeep\n|turn|9\n|c|\u2606MistressQueenM|your favorite breakfast!\n|\n|t:|1682263347\n|move|p2a: Fool|Foul Play|p1b: Palafin\n|-damage|p1b: Palafin|48\/100 par\n|move|p2b: Abrams|Heat Wave|p1a: Amoonguss|[spread] p1a,p1b\n|-supereffective|p1a: Amoonguss\n|-resisted|p1b: Palafin\n|-damage|p1a: Amoonguss|0 fnt\n|-damage|p1b: Palafin|21\/100 par\n|faint|p1a: Amoonguss\n|move|p1b: Palafin|Wave Crash|p2b: Abrams\n|-supereffective|p2b: Abrams\n|-damage|p2b: Abrams|0 fnt\n|faint|p2b: Abrams\n|-damage|p1b: Palafin|2\/100 par|[from] Recoil\n|\n|-weather|SunnyDay|[upkeep]\n|upkeep\n|\n|t:|1682263350\n|switch|p2b: PageKnight|Wo-Chien, L50|100\/100\n|-ability|p2b: PageKnight|Tablets of Ruin\n|turn|10\n|\n|t:|1682263359\n|move|p1b: Palafin|Jet Punch|p2a: Fool\n|-damage|p2a: Fool|75\/100\n|move|p2a: Fool|Foul Play|p1b: Palafin\n|-damage|p1b: Palafin|0 fnt\n|faint|p1b: Palafin\n|\n|win|MistressQueenM\n|raw|DavidGJ5's rating: 1314 → 1294<\/strong> (-20 for losing)\n|raw|MistressQueenM's rating: 1309 → 1329<\/strong> (+20 for winning)\n|c|\u2606MistressQueenM|do you like shreddies?\n|l|\u2606DavidGJ5\n","uploadtime":1682263366,"views":11,"p1id":"davidgj5","p2id":"mistressqueenm","formatid":"gen9vgc2023regulationc","rating":1294,"private":0,"password":""}