{"id":"gen9vgc2023regulationc-1848336224","p1":"Sampesiko","p2":"tythhh","format":"[Gen 9] VGC 2023 Regulation C","log":"|j|\u2606Sampesiko\n|j|\u2606tythhh\n|t:|1682062665\n|gametype|doubles\n|player|p1|Sampesiko|pokefan-gen4|1082\n|player|p2|tythhh|265|1087\n|teamsize|p1|6\n|teamsize|p2|6\n|gen|9\n|tier|[Gen 9] VGC 2023 Regulation C\n|rated|\n|rule|Species Clause: Limit one of each Pok\u00e9mon\n|rule|Item Clause: Limit one of each item\n|clearpoke\n|poke|p1|Dondozo, L50, F|\n|poke|p1|Tatsugiri-Droopy, L50, F|\n|poke|p1|Wo-Chien, L50|\n|poke|p1|Flutter Mane, L50|\n|poke|p1|Arcanine, L50, M|\n|poke|p1|Glimmora, L50, F|\n|poke|p2|Torkoal, L50, F|\n|poke|p2|Chi-Yu, L50|\n|poke|p2|Bronzong, L50|\n|poke|p2|Gastrodon, L50, M|\n|poke|p2|Grimmsnarl, L50, M|\n|poke|p2|Skeledirge, L50, M|\n|teampreview|4\n|inactive|Battle timer is ON: inactive players will automatically lose when time's up. (requested by tythhh)\n|inactive|Sampesiko has 60 seconds left.\n|\n|t:|1682062725\n|start\n|switch|p1a: Dondozo|Dondozo, L50, F|100\/100\n|switch|p1b: Glimmora|Glimmora, L50, F|100\/100\n|switch|p2a: Grimmsnarl|Grimmsnarl, L50, M|100\/100\n|switch|p2b: Gastrodon|Gastrodon, L50, M|100\/100\n|turn|1\n|\n|t:|1682062739\n|switch|p1a: Wo-Chien|Wo-Chien, L50|100\/100\n|-ability|p1a: Wo-Chien|Tablets of Ruin\n|move|p2b: Gastrodon|Protect|p2b: Gastrodon\n|-singleturn|p2b: Gastrodon|Protect\n|move|p2a: Grimmsnarl|Trick|p1b: Glimmora\n|-activate|p2a: Grimmsnarl|move: Trick|[of] p1b: Glimmora\n|-item|p1b: Glimmora|Lagging Tail|[from] move: Trick\n|-item|p2a: Grimmsnarl|Assault Vest|[from] move: Trick\n|move|p1b: Glimmora|Mortal Spin|p2b: Gastrodon|[spread] p2a\n|-activate|p2b: Gastrodon|move: Protect\n|-supereffective|p2a: Grimmsnarl\n|-damage|p2a: Grimmsnarl|93\/100\n|-status|p2a: Grimmsnarl|psn\n|\n|-damage|p2a: Grimmsnarl|81\/100 psn|[from] psn\n|upkeep\n|turn|2\n|\n|t:|1682062758\n|switch|p2b: Bronzong|Bronzong, L50|100\/100\n|move|p1a: Wo-Chien|Leech Seed|p2b: Bronzong\n|-start|p2b: Bronzong|move: Leech Seed\n|move|p2a: Grimmsnarl|Spirit Break|p1a: Wo-Chien\n|-supereffective|p1a: Wo-Chien\n|-damage|p1a: Wo-Chien|57\/100\n|-unboost|p1a: Wo-Chien|spa|1\n|move|p1b: Glimmora|Energy Ball|p2b: Bronzong\n|-resisted|p2b: Bronzong\n|-damage|p2b: Bronzong|86\/100\n|\n|-heal|p1a: Wo-Chien|63\/100|[from] item: Leftovers\n|-damage|p2b: Bronzong|74\/100|[from] Leech Seed|[of] p1a: Wo-Chien\n|-heal|p1a: Wo-Chien|74\/100|[silent]\n|-damage|p2a: Grimmsnarl|69\/100 psn|[from] psn\n|upkeep\n|turn|3\n|inactive|Sampesiko has 30 seconds left.\n|inactive|Sampesiko has 20 seconds left.\n|inactive|Sampesiko has 15 seconds left.\n|inactive|Sampesiko has 10 seconds left.\n|inactive|Sampesiko has 5 seconds left.\n|\n|t:|1682062812\n|switch|p1b: Tatsugiri|Tatsugiri-Droopy, L50, F|100\/100\n|switch|p1a: Dondozo|Dondozo, L50, F|100\/100\n|-activate|p1b: Tatsugiri|ability: Commander|[of] p1a: Dondozo\n|-boost|p1a: Dondozo|atk|2\n|-boost|p1a: Dondozo|spa|2\n|-boost|p1a: Dondozo|spe|2\n|-boost|p1a: Dondozo|def|2\n|-boost|p1a: Dondozo|spd|2\n|switch|p2b: Gastrodon|Gastrodon, L50, M|100\/100\n|move|p2a: Grimmsnarl|Spirit Break|p1a: Dondozo\n|-damage|p1a: Dondozo|87\/100\n|-unboost|p1a: Dondozo|spa|1\n|\n|-damage|p2a: Grimmsnarl|57\/100 psn|[from] psn\n|upkeep\n|turn|4\n|l|\u2606Sampesiko\n|inactive|Sampesiko disconnected and has a minute to reconnect!\n|player|p1|\n|inactive|Sampesiko has 30 seconds left.\n|inactive|Sampesiko has 20 seconds left.\n|j|\u2606Sampesiko\n|inactive|Sampesiko reconnected and has 20 seconds left.\n|player|p1|Sampesiko|pokefan-gen4\n|inactive|Sampesiko has 15 seconds left.\n|inactive|Sampesiko has 10 seconds left.\n|inactive|Sampesiko has 5 seconds left.\n|\n|t:|1682062868\n|switch|p2a: Bronzong|Bronzong, L50|74\/100\n|move|p2b: Gastrodon|Protect|p2b: Gastrodon\n|-singleturn|p2b: Gastrodon|Protect\n|move|p1a: Dondozo|Wave Crash|p2b: Gastrodon\n|-activate|p2b: Gastrodon|ability: Storm Drain\n|-activate|p2b: Gastrodon|move: Protect\n|\n|upkeep\n|turn|5\n|\n|t:|1682062881\n|-terastallize|p1a: Dondozo|Flying\n|move|p1a: Dondozo|Tera Blast|p2b: Gastrodon\n|-damage|p2b: Gastrodon|0 fnt\n|faint|p2b: Gastrodon\n|-damage|p1a: Dondozo|77\/100|[from] item: Life Orb\n|move|p2a: Bronzong|Trick Room|p2a: Bronzong\n|-fieldstart|move: Trick Room|[of] p2a: Bronzong\n|\n|upkeep\n|\n|t:|1682062890\n|switch|p2b: Skeledirge|Skeledirge, L50, M|100\/100\n|turn|6\n|\n|t:|1682062903\n|move|p2b: Skeledirge|Protect|p2b: Skeledirge\n|-singleturn|p2b: Skeledirge|Protect\n|move|p2a: Bronzong|Iron Head|p1a: Dondozo\n|-damage|p1a: Dondozo|67\/100\n|cant|p1a: Dondozo|flinch\n|\n|upkeep\n|turn|7\n|\n|t:|1682062922\n|switch|p2a: Grimmsnarl|Grimmsnarl, L50, M|57\/100 psn\n|-terastallize|p2b: Skeledirge|Fairy\n|move|p2b: Skeledirge|Torch Song|p1a: Dondozo\n|-damage|p1a: Dondozo|46\/100\n|-boost|p2b: Skeledirge|spa|1\n|move|p1a: Dondozo|Wave Crash|p2b: Skeledirge\n|-damage|p2b: Skeledirge|0 fnt\n|faint|p2b: Skeledirge\n|-damage|p1a: Dondozo|16\/100|[from] Recoil\n|-damage|p1a: Dondozo|6\/100|[from] item: Life Orb\n|\n|-damage|p2a: Grimmsnarl|45\/100 psn|[from] psn\n|upkeep\n|\n|t:|1682062924\n|switch|p2b: Bronzong|Bronzong, L50|74\/100\n|turn|8\n|\n|t:|1682062942\n|move|p1a: Dondozo|Protect|p1a: Dondozo\n|-singleturn|p1a: Dondozo|Protect\n|move|p2b: Bronzong|Iron Head|p1a: Dondozo\n|-activate|p1a: Dondozo|move: Protect\n|move|p2a: Grimmsnarl|Spirit Break|p1b: Tatsugiri|[miss]\n|-miss|p2a: Grimmsnarl|p1b: Tatsugiri\n|\n|-damage|p2a: Grimmsnarl|33\/100 psn|[from] psn\n|upkeep\n|turn|9\n|inactive|Sampesiko has 30 seconds left.\n|inactive|Sampesiko has 20 seconds left.\n|\n|t:|1682062978\n|move|p2b: Bronzong|Iron Head|p1a: Dondozo\n|-damage|p1a: Dondozo|0 fnt\n|faint|p1a: Dondozo\n|move|p2a: Grimmsnarl|Spirit Break|p1b: Tatsugiri\n|-supereffective|p1b: Tatsugiri\n|-damage|p1b: Tatsugiri|0 fnt\n|faint|p1b: Tatsugiri\n|\n|-damage|p2a: Grimmsnarl|21\/100 psn|[from] psn\n|-fieldend|move: Trick Room\n|upkeep\n|\n|t:|1682062987\n|switch|p1b: Wo-Chien|Wo-Chien, L50|74\/100\n|switch|p1a: Glimmora|Glimmora, L50, F|100\/100\n|-ability|p1b: Wo-Chien|Tablets of Ruin\n|turn|10\n|inactive|Sampesiko has 30 seconds left.\n|\n|t:|1682063022\n|move|p1b: Wo-Chien|Leech Seed|p2b: Bronzong\n|-start|p2b: Bronzong|move: Leech Seed\n|move|p2a: Grimmsnarl|Spirit Break|p1b: Wo-Chien\n|-supereffective|p1b: Wo-Chien\n|-damage|p1b: Wo-Chien|26\/100\n|-unboost|p1b: Wo-Chien|spa|1\n|move|p2b: Bronzong|Body Press|p1b: Wo-Chien\n|-supereffective|p1b: Wo-Chien\n|-damage|p1b: Wo-Chien|0 fnt\n|faint|p1b: Wo-Chien\n|move|p1a: Glimmora|Power Gem|p2b: Bronzong\n|-resisted|p2b: Bronzong\n|-damage|p2b: Bronzong|54\/100\n|\n|-damage|p2a: Grimmsnarl|9\/100 psn|[from] psn\n|upkeep\n|turn|11\n|\n|t:|1682063045\n|move|p2a: Grimmsnarl|Spirit Break|p1a: Glimmora\n|-resisted|p1a: Glimmora\n|-damage|p1a: Glimmora|80\/100\n|-unboost|p1a: Glimmora|spa|1\n|-activate|p1a: Glimmora|ability: Toxic Debris\n|-sidestart|p2: tythhh|move: Toxic Spikes\n|move|p2b: Bronzong|Stomping Tantrum|p1a: Glimmora\n|-supereffective|p1a: Glimmora\n|-damage|p1a: Glimmora|8\/100\n|-activate|p1a: Glimmora|ability: Toxic Debris\n|-sidestart|p2: tythhh|move: Toxic Spikes\n|move|p1a: Glimmora|Power Gem|p2b: Bronzong\n|-resisted|p2b: Bronzong\n|-damage|p2b: Bronzong|41\/100\n|\n|-damage|p2a: Grimmsnarl|0 fnt|[from] psn\n|faint|p2a: Grimmsnarl\n|upkeep\n|turn|12\n|-message|Sampesiko forfeited.\n|\n|win|tythhh\n|raw|Sampesiko's rating: 1082 → 1060<\/strong> (-22 for losing)\n|raw|tythhh's rating: 1087 → 1114<\/strong> (+27 for winning)\n|l|\u2606Sampesiko\n","uploadtime":1682063062,"views":9,"p1id":"sampesiko","p2id":"tythhh","formatid":"gen9vgc2023regulationc","rating":1060,"private":0,"password":""}