{"id":"gen9vgc2023regulationc-1857633415","p1":"cb-sooner","p2":"Felipe.Miller.V","format":"[Gen 9] VGC 2023 Regulation C","log":"|j|\u2606cb-sooner\n|j|\u2606Felipe.Miller.V\n|t:|1683215557\n|gametype|doubles\n|player|p1|cb-sooner|169|1303\n|player|p2|Felipe.Miller.V|266|1233\n|teamsize|p1|6\n|teamsize|p2|6\n|gen|9\n|tier|[Gen 9] VGC 2023 Regulation C\n|rated|\n|rule|Species Clause: Limit one of each Pok\u00e9mon\n|rule|Item Clause: Limit one of each item\n|clearpoke\n|poke|p1|Chien-Pao, L50|\n|poke|p1|Hawlucha, L50, F|\n|poke|p1|Indeedee-F, L50, F|\n|poke|p1|Armarouge, L50, M|\n|poke|p1|Palafin, L50, F|\n|poke|p1|Iron Hands, L50|\n|poke|p2|Bellibolt, L50, F|\n|poke|p2|Gastrodon, L50, F|\n|poke|p2|Iron Treads, L50|\n|poke|p2|Mimikyu, L50, F|\n|poke|p2|Chi-Yu, L50|\n|poke|p2|Dragonite, L50, M|\n|teampreview|4\n|inactive|Battle timer is ON: inactive players will automatically lose when time's up. (requested by Felipe.Miller.V)\n|inactive|cb-sooner has 60 seconds left.\n|\n|t:|1683215628\n|start\n|switch|p1a: Iron Hands|Iron Hands, L50|100\/100\n|switch|p1b: DoWhen|Indeedee-F, L50, F|100\/100\n|switch|p2a: Iron Treads|Iron Treads, L50|100\/100\n|switch|p2b: Bellibolt|Bellibolt, L50, F|100\/100\n|-fieldstart|move: Psychic Terrain|[from] ability: Psychic Surge|[of] p1b: DoWhen\n|-enditem|p2a: Iron Treads|Booster Energy\n|-activate|p2a: Iron Treads|ability: Quark Drive|[fromitem]\n|-start|p2a: Iron Treads|quarkdrivespe\n|turn|1\n|\n|t:|1683215648\n|move|p1b: DoWhen|Follow Me|p1b: DoWhen\n|-singleturn|p1b: DoWhen|move: Follow Me\n|move|p2a: Iron Treads|Stomping Tantrum|p1b: DoWhen\n|-damage|p1b: DoWhen|63\/100\n|move|p2b: Bellibolt|Parabolic Charge|p1b: DoWhen|[spread] p1a,p1b\n|-immune|p2a: Iron Treads\n|-resisted|p1a: Iron Hands\n|-damage|p1a: Iron Hands|92\/100\n|-damage|p1b: DoWhen|41\/100\n|move|p1a: Iron Hands|Belly Drum|p1a: Iron Hands\n|-damage|p1a: Iron Hands|42\/100\n|-setboost|p1a: Iron Hands|atk|6|[from] move: Belly Drum\n|-enditem|p1a: Iron Hands|Sitrus Berry|[eat]\n|-heal|p1a: Iron Hands|67\/100|[from] item: Sitrus Berry\n|\n|upkeep\n|turn|2\n|inactive|Felipe.Miller.V has 30 seconds left.\n|\n|t:|1683215680\n|switch|p2b: Dragonite|Dragonite, L50, M|100\/100\n|-terastallize|p1a: Iron Hands|Grass\n|move|p2a: Iron Treads|Protect|p2a: Iron Treads\n|-singleturn|p2a: Iron Treads|Protect\n|move|p1a: Iron Hands|Drain Punch|p2a: Iron Treads\n|-activate|p2a: Iron Treads|move: Protect\n|move|p1b: DoWhen|Trick Room|p1b: DoWhen\n|-fieldstart|move: Trick Room|[of] p1b: DoWhen\n|\n|upkeep\n|turn|3\n|inactive|cb-sooner has 30 seconds left.\n|\n|t:|1683215714\n|-terastallize|p2b: Dragonite|Flying\n|move|p1b: DoWhen|Follow Me|p1b: DoWhen\n|-singleturn|p1b: DoWhen|move: Follow Me\n|move|p1a: Iron Hands|Drain Punch|p2a: Iron Treads\n|-supereffective|p2a: Iron Treads\n|-damage|p2a: Iron Treads|0 fnt\n|-heal|p1a: Iron Hands|100\/100|[from] drain|[of] p2a: Iron Treads\n|faint|p2a: Iron Treads\n|-end|p2a: Iron Treads|Quark Drive|[silent]\n|move|p2b: Dragonite|Tera Blast|p1b: DoWhen\n|-damage|p1b: DoWhen|0 fnt\n|faint|p1b: DoWhen\n|\n|upkeep\n|\n|t:|1683215732\n|switch|p1b: Armamania|Armarouge, L50, M|100\/100\n|switch|p2a: Mimikyu|Mimikyu, L50, F|100\/100\n|turn|4\n|\n|t:|1683215748\n|move|p1a: Iron Hands|Protect|p1a: Iron Hands\n|-singleturn|p1a: Iron Hands|Protect\n|move|p1b: Armamania|Expanding Force|p2b: Dragonite|[spread] p2a,p2b\n|-activate|p2a: Mimikyu|ability: Disguise\n|-damage|p2a: Mimikyu|100\/100\n|-damage|p2b: Dragonite|60\/100\n|detailschange|p2a: Mimikyu|Mimikyu-Busted, L50, F\n|-damage|p2a: Mimikyu|88\/100|[from] pokemon: Mimikyu-Busted\n|-damage|p1b: Armamania|91\/100|[from] item: Life Orb\n|move|p2b: Dragonite|Tera Blast|p1a: Iron Hands\n|-activate|p1a: Iron Hands|move: Protect\n|move|p2a: Mimikyu|Will-O-Wisp|p1a: Iron Hands\n|-activate|p1a: Iron Hands|move: Protect\n|\n|upkeep\n|turn|5\n|raw| The server is restarting soon.<\/b> Please finish your battles quickly. No new battles can be started until the server resets in a few minutes.<\/div>\n|inactive|staff also wants the timer to be on.\n|raw| Moderated chat was set to +!<\/b> Only users of rank + and higher can talk.<\/div>\n|\n|t:|1683215768\n|move|p1a: Iron Hands|Thunder Punch|p2b: Dragonite\n|-supereffective|p2b: Dragonite\n|-damage|p2b: Dragonite|0 fnt\n|faint|p2b: Dragonite\n|move|p1b: Armamania|Expanding Force|p2a: Mimikyu\n|-damage|p2a: Mimikyu|0 fnt\n|faint|p2a: Mimikyu\n|-damage|p1b: Armamania|81\/100|[from] item: Life Orb\n|\n|-fieldend|move: Psychic Terrain\n|upkeep\n|-message|Felipe.Miller.V forfeited.\n|\n|win|cb-sooner\n|raw|cb-sooner's rating: 1303 → 1319<\/strong> (+16 for winning)\n|raw|Felipe.Miller.V's rating: 1233 → 1213<\/strong> (-20 for losing)\n|l|\u2606Felipe.Miller.V\n","uploadtime":1683215779,"views":17,"p1id":"cbsooner","p2id":"felipemillerv","formatid":"gen9vgc2023regulationc","rating":1213,"private":0,"password":""}