{"id":"gen9vgc2023regulationc-1859303540","p1":"4soul","p2":"takagi 333333","format":"[Gen 9] VGC 2023 Regulation C","log":"|j|\u26064soul\n|j|\u2606takagi 333333\n|t:|1683431333\n|gametype|doubles\n|player|p1|4soul|265|1445\n|player|p2|takagi 333333|dawn|1400\n|teamsize|p1|6\n|teamsize|p2|6\n|gen|9\n|tier|[Gen 9] VGC 2023 Regulation C\n|rated|\n|rule|Species Clause: Limit one of each Pok\u00e9mon\n|rule|Item Clause: Limit one of each item\n|clearpoke\n|poke|p1|Maushold-Four, L50|\n|poke|p1|Annihilape, L50, M|\n|poke|p1|Lycanroc, L50, F|\n|poke|p1|Tyranitar, L50, M|\n|poke|p1|Indeedee-F, L50, F|\n|poke|p1|Flutter Mane, L50|\n|poke|p2|Scream Tail, L50|\n|poke|p2|Baxcalibur, L50, M|\n|poke|p2|Palafin, L50, F|\n|poke|p2|Arcanine, L50, F|\n|poke|p2|Ting-Lu, L50|\n|poke|p2|Gholdengo, L50|\n|teampreview|4\n|j| Yegh16\n|l| Yegh16\n|\n|t:|1683431374\n|start\n|switch|p1a: Annihilape|Annihilape, L50, M|100\/100\n|switch|p1b: Lycanroc|Lycanroc, L50, F, shiny|100\/100\n|switch|p2a: Gholdengo|Gholdengo, L50|100\/100\n|switch|p2b: Palafin|Palafin, L50, F|100\/100\n|turn|1\n|\n|t:|1683431408\n|detailschange|p2b: Palafin|Palafin-Hero, L50, F\n|switch|p2b: Scream Tail|Scream Tail, L50|100\/100\n|-enditem|p2b: Scream Tail|Booster Energy\n|-activate|p2b: Scream Tail|ability: Protosynthesis|[fromitem]\n|-start|p2b: Scream Tail|protosynthesisspe\n|-terastallize|p1a: Annihilape|Water\n|move|p1b: Lycanroc|Bulldoze|p2a: Gholdengo|[spread] p1a,p2a,p2b\n|-supereffective|p2a: Gholdengo\n|-damage|p1a: Annihilape|87\/100\n|-damage|p2a: Gholdengo|73\/100\n|-damage|p2b: Scream Tail|89\/100\n|-unboost|p1a: Annihilape|spe|1\n|-unboost|p2a: Gholdengo|spe|1\n|-unboost|p2b: Scream Tail|spe|1\n|move|p1a: Annihilape|Rage Fist|p2a: Gholdengo\n|-supereffective|p2a: Gholdengo\n|-damage|p2a: Gholdengo|0 fnt\n|faint|p2a: Gholdengo\n|\n|-heal|p1a: Annihilape|93\/100|[from] item: Leftovers\n|upkeep\n|\n|t:|1683431430\n|switch|p2a: Palafin|Palafin-Hero, L50, F|100\/100\n|-activate|p2a: Palafin|ability: Zero to Hero\n|turn|2\n|inactive|Battle timer is ON: inactive players will automatically lose when time's up. (requested by takagi 333333)\n|\n|t:|1683431476\n|-terastallize|p2a: Palafin|Water\n|move|p2a: Palafin|Jet Punch|p1b: Lycanroc\n|-supereffective|p1b: Lycanroc\n|-enditem|p1b: Lycanroc|Focus Sash\n|-damage|p1b: Lycanroc|1\/100\n|move|p1b: Lycanroc|Endeavor|p2a: Palafin\n|-damage|p2a: Palafin|1\/100\n|move|p2b: Scream Tail|Disable|p1a: Annihilape\n|-start|p1a: Annihilape|Disable|Rage Fist\n|cant|p1a: Annihilape|Disable|Rage Fist\n|\n|-heal|p1a: Annihilape|99\/100|[from] item: Leftovers\n|upkeep\n|turn|3\n|inactive|4soul has 30 seconds left.\n|\n|t:|1683431506\n|switch|p1b: Maushold|Maushold-Four, L50|100\/100\n|move|p2a: Palafin|Protect|p2a: Palafin\n|-singleturn|p2a: Palafin|Protect\n|move|p2b: Scream Tail|Psychic Fangs|p1b: Maushold\n|-damage|p1b: Maushold|62\/100\n|move|p1a: Annihilape|Bulk Up|p1a: Annihilape\n|-boost|p1a: Annihilape|atk|1\n|-boost|p1a: Annihilape|def|1\n|\n|-heal|p1a: Annihilape|100\/100|[from] item: Leftovers\n|upkeep\n|turn|4\n|inactive|4soul has 30 seconds left.\n|\n|t:|1683431531\n|move|p2a: Palafin|Jet Punch|p1b: Maushold\n|-damage|p1b: Maushold|0 fnt\n|faint|p1b: Maushold\n|move|p2b: Scream Tail|Thunder Wave|p1a: Annihilape\n|-status|p1a: Annihilape|par\n|move|p1a: Annihilape|Bulk Up|p1a: Annihilape\n|-boost|p1a: Annihilape|atk|1\n|-boost|p1a: Annihilape|def|1\n|\n|upkeep\n|\n|t:|1683431546\n|switch|p1b: Lycanroc|Lycanroc, L50, F, shiny|1\/100\n|turn|5\n|\n|t:|1683431560\n|move|p2a: Palafin|Protect|p2a: Palafin\n|-singleturn|p2a: Palafin|Protect\n|move|p1b: Lycanroc|Endeavor|p2b: Scream Tail\n|-damage|p2b: Scream Tail|1\/100\n|move|p2b: Scream Tail|Psychic Fangs|p1b: Lycanroc\n|-damage|p1b: Lycanroc|0 fnt\n|faint|p1b: Lycanroc\n|move|p1a: Annihilape|Drain Punch|p2a: Palafin\n|-activate|p2a: Palafin|move: Protect\n|\n|-end|p1a: Annihilape|Disable\n|upkeep\n|\n|t:|1683431568\n|switch|p1b: Tyranitar|Tyranitar, L50, M, shiny|100\/100\n|-weather|Sandstorm|[from] ability: Sand Stream|[of] p1b: Tyranitar\n|turn|6\n|\n|t:|1683431587\n|move|p2a: Palafin|Jet Punch|p1b: Tyranitar\n|-supereffective|p1b: Tyranitar\n|-damage|p1b: Tyranitar|0 fnt\n|faint|p1b: Tyranitar\n|move|p2b: Scream Tail|Psychic Fangs|p1a: Annihilape\n|-crit|p1a: Annihilape\n|-damage|p1a: Annihilape|67\/100 par\n|cant|p1a: Annihilape|par\n|\n|-weather|Sandstorm|[upkeep]\n|-damage|p2b: Scream Tail|0 fnt|[from] Sandstorm\n|-damage|p2a: Palafin|0 fnt|[from] Sandstorm\n|-damage|p1a: Annihilape|60\/100 par|[from] Sandstorm\n|faint|p2b: Scream Tail\n|-end|p2b: Scream Tail|Protosynthesis|[silent]\n|faint|p2a: Palafin\n|-heal|p1a: Annihilape|67\/100 par|[from] item: Leftovers\n|upkeep\n|\n|t:|1683431601\n|switch|p2b: Arcanine|Arcanine, L50, F|100\/100\n|-ability|p2b: Arcanine|Intimidate|boost\n|-unboost|p1a: Annihilape|atk|1\n|-ability|p1a: Annihilape|Defiant|boost\n|-boost|p1a: Annihilape|atk|2\n|turn|7\n|-message|takagi 333333 forfeited.\n|\n|win|4soul\n|raw|4soul's rating: 1445 → 1462<\/strong> (+17 for winning)\n|raw|takagi 333333's rating: 1400 → 1383<\/strong> (-17 for losing)\n|l|\u2606takagi 333333\n","uploadtime":1683431762,"views":11,"p1id":"4soul","p2id":"takagi333333","formatid":"gen9vgc2023regulationc","rating":1383,"private":0,"password":""}