{"id":"gen9vgc2023regulationc-1860181725","p1":"m175128050523","p2":"NuiME","format":"[Gen 9] VGC 2023 Regulation C","log":"|j|\u2606m175128050523\n|j|\u2606NuiME\n|t:|1683605954\n|gametype|doubles\n|player|p1|m175128050523|silver|1081\n|player|p2|NuiME|170|1107\n|teamsize|p1|6\n|teamsize|p2|6\n|gen|9\n|tier|[Gen 9] VGC 2023 Regulation C\n|rated|\n|rule|Species Clause: Limit one of each Pok\u00e9mon\n|rule|Item Clause: Limit one of each item\n|clearpoke\n|poke|p1|Chien-Pao, L50|\n|poke|p1|Dragonite, L50, M|\n|poke|p1|Palafin, L50, M|\n|poke|p1|Arcanine, L50, M|\n|poke|p1|Amoonguss, L50, M|\n|poke|p1|Iron Hands, L50|\n|poke|p2|Medicham, L50, F|\n|poke|p2|Torkoal, L50, M|\n|poke|p2|Flutter Mane, L50|\n|poke|p2|Corviknight, L50, M|\n|poke|p2|Baxcalibur, L50, F|\n|poke|p2|Lokix, L50, F|\n|teampreview|4\nm175128050523 has agreed to open team sheets.\n|inactive|Battle timer is ON: inactive players will automatically lose when time's up. (requested by m175128050523)\n|inactive|NuiME has 60 seconds left.\n|\n|t:|1683606015\n|start\n|switch|p1a: Arcanine|Arcanine, L50, M|100\/100\n|switch|p1b: Iron Hands|Iron Hands, L50|100\/100\n|switch|p2a: Flutter Mane|Flutter Mane, L50|100\/100\n|switch|p2b: Medicham|Medicham, L50, F|100\/100\n|-ability|p1a: Arcanine|Intimidate|boost\n|-unboost|p2a: Flutter Mane|atk|1\n|-unboost|p2b: Medicham|atk|1\n|turn|1\n|\n|t:|1683606037\n|move|p1a: Arcanine|Protect|p1a: Arcanine\n|-singleturn|p1a: Arcanine|Protect\n|move|p2b: Medicham|Fake Out|p1b: Iron Hands\n|-damage|p1b: Iron Hands|92\/100\n|move|p2a: Flutter Mane|Shadow Ball|p1a: Arcanine\n|-activate|p1a: Arcanine|move: Protect\n|cant|p1b: Iron Hands|flinch\n|\n|upkeep\n|turn|2\n|inactive|NuiME has 30 seconds left.\n|inactive|NuiME has 20 seconds left.\n|\n|t:|1683606077\n|-end|p1b: Iron Hands|Quark Drive|[silent]\n|switch|p1b: Chien-Pao|Chien-Pao, L50|100\/100\n|-ability|p1b: Chien-Pao|Sword of Ruin\n|move|p2a: Flutter Mane|Shadow Ball|p1a: Arcanine\n|-damage|p1a: Arcanine|42\/100\n|move|p2b: Medicham|Skill Swap|p1a: Arcanine\n|-activate|p2b: Medicham|move: Skill Swap|Intimidate|Pure Power|[of] p1a: Arcanine\n|-ability|p2b: Medicham|Intimidate|boost\n|-unboost|p1a: Arcanine|atk|1\n|-unboost|p1b: Chien-Pao|atk|1\n|move|p1a: Arcanine|Flare Blitz|p2a: Flutter Mane\n|-crit|p2a: Flutter Mane\n|-damage|p2a: Flutter Mane|0 fnt\n|faint|p2a: Flutter Mane\n|-end|p2a: Flutter Mane|Protosynthesis|[silent]\n|-damage|p1a: Arcanine|20\/100|[from] Recoil\n|-enditem|p1a: Arcanine|Aguav Berry|[eat]\n|-heal|p1a: Arcanine|53\/100|[from] item: Aguav Berry\n|\n|upkeep\n|\n|t:|1683606100\n|switch|p2a: Baxcalibur|Baxcalibur, L50, F|100\/100\n|turn|3\n|\n|t:|1683606117\n|switch|p1a: Iron Hands|Iron Hands, L50|92\/100\n|move|p1b: Chien-Pao|Protect|p1b: Chien-Pao\n|-singleturn|p1b: Chien-Pao|Protect\n|move|p2b: Medicham|Detect|p2b: Medicham\n|-singleturn|p2b: Medicham|Protect\n|move|p2a: Baxcalibur|Glaive Rush|p1a: Iron Hands\n|-damage|p1a: Iron Hands|28\/100\n|-singlemove|p2a: Baxcalibur|Glaive Rush|[silent]\n|\n|upkeep\n|turn|4\n|inactive|m175128050523 has 30 seconds left.\n|\n|t:|1683606146\n|switch|p1b: Arcanine|Arcanine, L50, M|53\/100\n|-ability|p1b: Arcanine|Intimidate|boost\n|-fail|p2a: Baxcalibur|unboost|[from] item: Clear Amulet|[of] p2a: Baxcalibur\n|-unboost|p2b: Medicham|atk|1\n|switch|p2b: Torkoal|Torkoal, L50, M|100\/100\n|-weather|SunnyDay|[from] ability: Drought|[of] p2b: Torkoal\n|move|p2a: Baxcalibur|Protect|p2a: Baxcalibur\n|-singleturn|p2a: Baxcalibur|Protect\n|move|p1a: Iron Hands|Fake Out|p2a: Baxcalibur\n|-activate|p2a: Baxcalibur|move: Protect\n|\n|-weather|SunnyDay|[upkeep]\n|upkeep\n|turn|5\n|inactive|m175128050523 has 30 seconds left.\n|inactive|NuiME has 30 seconds left.\n|inactive|m175128050523 has 20 seconds left.\n|inactive|NuiME has 20 seconds left.\n|inactive|m175128050523 has 15 seconds left.\n|inactive|NuiME has 15 seconds left.\n|inactive|NuiME has 10 seconds left.\n|inactive|NuiME has 5 seconds left.\n|\n|t:|1683606201\n|move|p1b: Arcanine|Flare Blitz|p2b: Torkoal\n|-resisted|p2b: Torkoal\n|-damage|p2b: Torkoal|71\/100\n|-damage|p1b: Arcanine|44\/100|[from] Recoil\n|move|p2a: Baxcalibur|Glaive Rush|p1a: Iron Hands\n|-damage|p1a: Iron Hands|0 fnt\n|-singlemove|p2a: Baxcalibur|Glaive Rush|[silent]\n|faint|p1a: Iron Hands\n|-end|p1a: Iron Hands|Quark Drive|[silent]\n|move|p2b: Torkoal|Overheat|p1b: Arcanine|[miss]\n|-miss|p2b: Torkoal|p1b: Arcanine\n|\n|-weather|SunnyDay|[upkeep]\n|upkeep\n|inactive|m175128050523 has 30 seconds left.\n|inactive|m175128050523 has 20 seconds left.\n|\n|t:|1683606237\n|switch|p1a: Chien-Pao|Chien-Pao, L50|100\/100\n|-ability|p1a: Chien-Pao|Sword of Ruin\n|turn|6\n|l|\u2606NuiME\n|inactive|NuiME disconnected and has a minute to reconnect!\n|player|p2|\n|inactive|NuiME has 30 seconds left.\n|inactive|NuiME has 20 seconds left.\n|inactive|NuiME has 15 seconds left.\n|inactive|NuiME has 10 seconds left.\n|inactive|NuiME has 5 seconds left.\n|-message|NuiME lost due to inactivity.\n|\n|win|m175128050523\n|raw|m175128050523's rating: 1081 → 1111<\/strong> (+30 for winning)\n|raw|NuiME's rating: 1107 → 1080<\/strong> (-27 for losing)\n","uploadtime":1683606338,"views":10,"p1id":"m175128050523","p2id":"nuime","formatid":"gen9vgc2023regulationc","rating":1080,"private":0,"password":""}