{"id":"gen9vgc2023regulationc-1861691719","p1":"betelgeuse","p2":"randy.zhang2023","format":"[Gen 9] VGC 2023 Regulation C","log":"|j|\u2606betelgeuse\n|j|\u2606randy.zhang2023\n|t:|1683795171\n|gametype|doubles\n|player|p1|betelgeuse|janitor|1127\n|player|p2|randy.zhang2023|1|1207\n|teamsize|p1|6\n|teamsize|p2|6\n|gen|9\n|tier|[Gen 9] VGC 2023 Regulation C\n|rated|\n|rule|Species Clause: Limit one of each Pok\u00e9mon\n|rule|Item Clause: Limit one of each item\n|clearpoke\n|poke|p1|Vaporeon, L50, M|\n|poke|p1|Jolteon, L50, F|\n|poke|p1|Sylveon, L50, F|\n|poke|p1|Umbreon, L50, M|\n|poke|p1|Espeon, L50, F|\n|poke|p1|Leafeon, L50, F|\n|poke|p2|Pelipper, L50, F|\n|poke|p2|Tsareena, L50, F|\n|poke|p2|Gholdengo, L50|\n|poke|p2|Flutter Mane, L50|\n|poke|p2|Rotom-Mow, L50|\n|poke|p2|Wo-Chien, L50|\n|teampreview|4\n|inactive|Battle timer is ON: inactive players will automatically lose when time's up. (requested by randy.zhang2023)\n|\n|t:|1683795219\n|start\n|switch|p1a: Leafeon|Leafeon, L50, F|100\/100\n|switch|p1b: Umbreon|Umbreon, L50, M|100\/100\n|switch|p2a: Pelipper|Pelipper, L50, F|100\/100\n|switch|p2b: Wo-Chien|Wo-Chien, L50|100\/100\n|-weather|RainDance|[from] ability: Drizzle|[of] p2a: Pelipper\n|-ability|p2b: Wo-Chien|Tablets of Ruin\n|turn|1\n|inactive|randy.zhang2023 has 30 seconds left.\n|\n|t:|1683795247\n|-terastallize|p1a: Leafeon|Fire\n|move|p1a: Leafeon|X-Scissor|p2b: Wo-Chien\n|-supereffective|p2b: Wo-Chien\n|-damage|p2b: Wo-Chien|29\/100\n|-enditem|p2b: Wo-Chien|Sitrus Berry|[eat]\n|-heal|p2b: Wo-Chien|53\/100|[from] item: Sitrus Berry\n|move|p2a: Pelipper|Tailwind|p2a: Pelipper\n|-sidestart|p2: randy.zhang2023|move: Tailwind\n|move|p2b: Wo-Chien|Snarl|p1a: Leafeon|[spread] p1a,p1b\n|-resisted|p1b: Umbreon\n|-damage|p1a: Leafeon|83\/100\n|-damage|p1b: Umbreon|95\/100\n|-unboost|p1a: Leafeon|spa|1\n|-unboost|p1b: Umbreon|spa|1\n|move|p1b: Umbreon|Snarl|p2a: Pelipper|[spread] p2a\n|-miss|p1b: Umbreon|p2b: Wo-Chien\n|-damage|p2a: Pelipper|89\/100\n|-unboost|p2a: Pelipper|spa|1\n|\n|-weather|RainDance|[upkeep]\n|upkeep\n|turn|2\n|inactive|randy.zhang2023 has 30 seconds left.\n|inactive|betelgeuse has 30 seconds left.\n|inactive|randy.zhang2023 has 20 seconds left.\n|inactive|randy.zhang2023 has 15 seconds left.\n|inactive|randy.zhang2023 has 10 seconds left.\n|\n|t:|1683795296\n|move|p2b: Wo-Chien|Protect|p2b: Wo-Chien\n|-singleturn|p2b: Wo-Chien|Protect\n|move|p2a: Pelipper|Hydro Pump|p1b: Umbreon|[miss]\n|-miss|p2a: Pelipper|p1b: Umbreon\n|move|p1a: Leafeon|X-Scissor|p2b: Wo-Chien\n|-activate|p2b: Wo-Chien|move: Protect\n|move|p1b: Umbreon|Yawn|p2a: Pelipper\n|-start|p2a: Pelipper|move: Yawn|[of] p1b: Umbreon\n|\n|-weather|RainDance|[upkeep]\n|upkeep\n|turn|3\n|\n|t:|1683795314\n|switch|p2a: Flutter Mane|Flutter Mane, L50|100\/100\n|-enditem|p2a: Flutter Mane|Booster Energy\n|-activate|p2a: Flutter Mane|ability: Protosynthesis|[fromitem]\n|-start|p2a: Flutter Mane|protosynthesisspa\n|switch|p1a: Vaporeon|Vaporeon, L50, M|100\/100\n|move|p2b: Wo-Chien|Foul Play|p1a: Vaporeon\n|-damage|p1a: Vaporeon|87\/100\n|move|p1b: Umbreon|Yawn|p2b: Wo-Chien\n|-start|p2b: Wo-Chien|move: Yawn|[of] p1b: Umbreon\n|\n|-weather|RainDance|[upkeep]\n|-heal|p1a: Vaporeon|92\/100|[from] item: Leftovers\n|upkeep\n|turn|4\n|inactive|randy.zhang2023 has 30 seconds left.\n|\n|t:|1683795346\n|switch|p2b: Rotom|Rotom-Mow, L50|100\/100\n|switch|p1b: Leafeon|Leafeon, L50, F, tera:Fire|83\/100\n|move|p2a: Flutter Mane|Dazzling Gleam|p1b: Leafeon|[spread] p1a,p1b\n|-resisted|p1b: Leafeon\n|-damage|p1a: Vaporeon|60\/100\n|-damage|p1b: Leafeon|62\/100\n|move|p1a: Vaporeon|Muddy Water|p2b: Rotom|[spread] p2a\n|-miss|p1a: Vaporeon|p2b: Rotom\n|-damage|p2a: Flutter Mane|64\/100\n|\n|-weather|RainDance|[upkeep]\n|-heal|p1a: Vaporeon|66\/100|[from] item: Leftovers\n|-sideend|p2: randy.zhang2023|move: Tailwind\n|upkeep\n|turn|5\n|inactive|betelgeuse has 30 seconds left.\n|inactive|randy.zhang2023 has 30 seconds left.\n|\n|t:|1683795375\n|move|p2a: Flutter Mane|Dazzling Gleam|p1b: Leafeon|[spread] p1a,p1b\n|-resisted|p1b: Leafeon\n|-damage|p1a: Vaporeon|33\/100\n|-damage|p1b: Leafeon|42\/100\n|move|p1b: Leafeon|Trailblaze|p2a: Flutter Mane\n|-damage|p2a: Flutter Mane|30\/100\n|-boost|p1b: Leafeon|spe|1\n|move|p2b: Rotom|Thunder|p1b: Leafeon\n|-damage|p1b: Leafeon|0 fnt\n|faint|p1b: Leafeon\n|move|p1a: Vaporeon|Muddy Water|p2a: Flutter Mane|[spread] p2a,p2b\n|-resisted|p2b: Rotom\n|-damage|p2a: Flutter Mane|0 fnt\n|-damage|p2b: Rotom|78\/100\n|-unboost|p2b: Rotom|accuracy|1\n|faint|p2a: Flutter Mane\n|-end|p2a: Flutter Mane|Protosynthesis|[silent]\n|\n|-weather|none\n|-heal|p1a: Vaporeon|39\/100|[from] item: Leftovers\n|upkeep\n|\n|t:|1683795394\n|switch|p2a: Pelipper|Pelipper, L50, F|89\/100\n|switch|p1b: Umbreon|Umbreon, L50, M|95\/100\n|-weather|RainDance|[from] ability: Drizzle|[of] p2a: Pelipper\n|turn|6\n|\n|t:|1683795408\n|move|p1a: Vaporeon|Protect|p1a: Vaporeon\n|-singleturn|p1a: Vaporeon|Protect\n|move|p2a: Pelipper|Hurricane|p1b: Umbreon\n|-damage|p1b: Umbreon|63\/100\n|-start|p1b: Umbreon|confusion\n|move|p2b: Rotom|Thunder|p1b: Umbreon\n|-damage|p1b: Umbreon|6\/100\n|-enditem|p1b: Umbreon|Sitrus Berry|[eat]\n|-heal|p1b: Umbreon|31\/100|[from] item: Sitrus Berry\n|-activate|p1b: Umbreon|confusion\n|move|p1b: Umbreon|Snarl|p2a: Pelipper|[spread] p2a,p2b\n|-damage|p2a: Pelipper|71\/100\n|-damage|p2b: Rotom|66\/100\n|-unboost|p2a: Pelipper|spa|1\n|-unboost|p2b: Rotom|spa|1\n|\n|-weather|RainDance|[upkeep]\n|-heal|p1a: Vaporeon|45\/100|[from] item: Leftovers\n|upkeep\n|turn|7\n|\n|t:|1683795427\n|move|p2a: Pelipper|Hurricane|p1b: Umbreon\n|-damage|p1b: Umbreon|9\/100\n|move|p2b: Rotom|Thunder|p1b: Umbreon\n|-crit|p1b: Umbreon\n|-damage|p1b: Umbreon|0 fnt\n|faint|p1b: Umbreon\n|move|p1a: Vaporeon|Muddy Water|p2a: Pelipper|[spread] p2a,p2b\n|-resisted|p2a: Pelipper\n|-resisted|p2b: Rotom\n|-damage|p2a: Pelipper|40\/100\n|-damage|p2b: Rotom|44\/100\n|-unboost|p2a: Pelipper|accuracy|1\n|\n|-weather|RainDance|[upkeep]\n|-heal|p1a: Vaporeon|51\/100|[from] item: Leftovers\n|upkeep\n|\n|t:|1683795436\n|switch|p1b: Sylveon|Sylveon, L50, F|100\/100\n|turn|8\n|\n|t:|1683795450\n|switch|p2b: Wo-Chien|Wo-Chien, L50|53\/100\n|-ability|p2b: Wo-Chien|Tablets of Ruin\n|move|p2a: Pelipper|Protect|p2a: Pelipper\n|-singleturn|p2a: Pelipper|Protect\n|move|p1b: Sylveon|Hyper Voice|p2a: Pelipper|[spread] p2b\n|-activate|p2a: Pelipper|move: Protect\n|-supereffective|p2b: Wo-Chien\n|-damage|p2b: Wo-Chien|0 fnt\n|faint|p2b: Wo-Chien\n|move|p1a: Vaporeon|Muddy Water|p2a: Pelipper\n|-activate|p2a: Pelipper|move: Protect\n|\n|-weather|RainDance|[upkeep]\n|-heal|p1a: Vaporeon|57\/100|[from] item: Leftovers\n|upkeep\n|\n|t:|1683795463\n|switch|p2b: Rotom|Rotom-Mow, L50|44\/100\n|turn|9\n|\n|t:|1683795486\n|-terastallize|p2a: Pelipper|Water\n|move|p2a: Pelipper|Hydro Pump|p1b: Sylveon|[miss]\n|-miss|p2a: Pelipper|p1b: Sylveon\n|move|p2b: Rotom|Thunder|p1b: Sylveon\n|-damage|p1b: Sylveon|46\/100\n|move|p1b: Sylveon|Hyper Voice|p2a: Pelipper|[spread] p2a,p2b\n|-damage|p2a: Pelipper|0 fnt\n|-damage|p2b: Rotom|0 fnt\n|faint|p2a: Pelipper\n|faint|p2b: Rotom\n|\n|win|betelgeuse\n|raw|betelgeuse's rating: 1127 → 1158<\/strong> (+31 for winning)\n|raw|randy.zhang2023's rating: 1207 → 1176<\/strong> (-31 for losing)\n|l|\u2606randy.zhang2023\n","uploadtime":1683795504,"views":11,"p1id":"betelgeuse","p2id":"randyzhang2023","formatid":"gen9vgc2023regulationc","rating":1158,"private":0,"password":""}