{"id":"gen9vgc2023regulationc-1864195430","p1":"rodjilius","p2":"notFRAME","format":"[Gen 9] VGC 2023 Regulation C","log":"|j|\u2606rodjilius\n|j|\u2606notFRAME\n|t:|1684134289\n|gametype|doubles\n|player|p1|rodjilius|265|1390\n|player|p2|notFRAME|ltsurge|1351\n|teamsize|p1|6\n|teamsize|p2|6\n|gen|9\n|tier|[Gen 9] VGC 2023 Regulation C\n|rated|\n|rule|Species Clause: Limit one of each Pok\u00e9mon\n|rule|Item Clause: Limit one of each item\n|clearpoke\n|poke|p1|Corviknight, L50, M|\n|poke|p1|Gholdengo, L50|\n|poke|p1|Chi-Yu, L50|\n|poke|p1|Iron Bundle, L50|\n|poke|p1|Glimmora, L50, M|\n|poke|p1|Grimmsnarl, L50, M|\n|poke|p2|Indeedee-F, L50, F|\n|poke|p2|Hatterene, L50, F|\n|poke|p2|Torkoal, L50, M|\n|poke|p2|Tyranitar, L50, M|\n|poke|p2|Iron Hands, L50|\n|poke|p2|Oranguru, L50, M|\n|teampreview|4\n|inactive|Battle timer is ON: inactive players will automatically lose when time's up. (requested by rodjilius)\n|inactive|rodjilius has 60 seconds left.\n|inactive|notFRAME has 60 seconds left.\n|\n|t:|1684134349\n|start\n|switch|p1a: Glimmora|Glimmora, L50, M|100\/100\n|switch|p1b: Gholdengo|Gholdengo, L50|100\/100\n|switch|p2a: Oranguru|Oranguru, L50, M, shiny|100\/100\n|switch|p2b: Iron Hands|Iron Hands, L50, shiny|100\/100\n|-enditem|p2b: Iron Hands|Booster Energy\n|-activate|p2b: Iron Hands|ability: Quark Drive|[fromitem]\n|-start|p2b: Iron Hands|quarkdriveatk\n|turn|1\n|inactive|notFRAME has 30 seconds left.\n|\n|t:|1684134380\n|move|p2b: Iron Hands|Fake Out|p1a: Glimmora\n|-resisted|p1a: Glimmora\n|-damage|p1a: Glimmora|88\/100\n|-activate|p1a: Glimmora|ability: Toxic Debris\n|-sidestart|p2: notFRAME|move: Toxic Spikes\n|move|p1b: Gholdengo|Trick|p2b: Iron Hands\n|-activate|p1b: Gholdengo|move: Trick|[of] p2b: Iron Hands\n|-item|p2b: Iron Hands|Choice Scarf|[from] move: Trick\n|-enditem|p1b: Gholdengo|Choice Scarf|[silent]|[from] move: Trick\n|cant|p1a: Glimmora|flinch\n|move|p2a: Oranguru|Trick Room|p2a: Oranguru\n|-fieldstart|move: Trick Room|[of] p2a: Oranguru\n|\n|upkeep\n|turn|2\n|inactive|rodjilius has 30 seconds left.\n|inactive|notFRAME has 30 seconds left.\n|\n|t:|1684134411\n|switch|p1a: Chi-Yu|Chi-Yu, L50|100\/100\n|-ability|p1a: Chi-Yu|Beads of Ruin\n|-terastallize|p1b: Gholdengo|Steel\n|move|p2a: Oranguru|Encore|p1b: Gholdengo\n|-immune|p1b: Gholdengo|[from] ability: Good as Gold\n|move|p2b: Iron Hands|Drain Punch|p1a: Chi-Yu\n|-supereffective|p1a: Chi-Yu\n|-enditem|p1a: Chi-Yu|Focus Sash\n|-damage|p1a: Chi-Yu|1\/100\n|move|p1b: Gholdengo|Make It Rain|p2a: Oranguru|[spread] p2a,p2b\n|-resisted|p2b: Iron Hands\n|-damage|p2a: Oranguru|41\/100\n|-damage|p2b: Iron Hands|71\/100\n|-unboost|p1b: Gholdengo|spa|1\n|-enditem|p2a: Oranguru|Sitrus Berry|[eat]\n|-heal|p2a: Oranguru|65\/100|[from] item: Sitrus Berry\n|\n|upkeep\n|turn|3\n|inactive|rodjilius has 30 seconds left.\n|inactive|notFRAME has 30 seconds left.\n|inactive|rodjilius has 20 seconds left.\n|inactive|notFRAME has 20 seconds left.\n|\n|t:|1684134450\n|move|p1a: Chi-Yu|Protect|p1a: Chi-Yu\n|-singleturn|p1a: Chi-Yu|Protect\n|move|p2a: Oranguru|Encore|p2b: Iron Hands\n|-start|p2b: Iron Hands|Encore\n|move|p2b: Iron Hands|Drain Punch|p1b: Gholdengo\n|-supereffective|p1b: Gholdengo\n|-damage|p1b: Gholdengo|0 fnt\n|-heal|p2b: Iron Hands|100\/100|[from] drain|[of] p1b: Gholdengo\n|faint|p1b: Gholdengo\n|\n|upkeep\n|\n|t:|1684134462\n|switch|p1b: Grimmsnarl|Grimmsnarl, L50, M|100\/100\n|turn|4\n|\n|t:|1684134474\n|move|p1b: Grimmsnarl|Fake Out|p2b: Iron Hands\n|-damage|p2b: Iron Hands|92\/100\n|move|p2a: Oranguru|Encore|p1a: Chi-Yu\n|-start|p1a: Chi-Yu|Encore\n|cant|p2b: Iron Hands|flinch\n|move|p1a: Chi-Yu|Protect||[still]\n|-fail|p1a: Chi-Yu\n|\n|upkeep\n|turn|5\n|\n|t:|1684134499\n|move|p1a: Chi-Yu|Protect|p1a: Chi-Yu\n|-singleturn|p1a: Chi-Yu|Protect\n|move|p1b: Grimmsnarl|Reflect|p1b: Grimmsnarl\n|-sidestart|p1: rodjilius|Reflect\n|move|p2a: Oranguru|Encore|p1b: Grimmsnarl\n|-start|p1b: Grimmsnarl|Encore\n|move|p2b: Iron Hands|Drain Punch|p1b: Grimmsnarl\n|-damage|p1b: Grimmsnarl|65\/100\n|-heal|p2b: Iron Hands|100\/100|[from] drain|[of] p1b: Grimmsnarl\n|\n|-end|p2b: Iron Hands|Encore\n|-fieldend|move: Trick Room\n|upkeep\n|turn|6\n|\n|t:|1684134517\n|switch|p1b: Glimmora|Glimmora, L50, M|88\/100\n|move|p1a: Chi-Yu|Protect||[still]\n|-fail|p1a: Chi-Yu\n|move|p2b: Iron Hands|Drain Punch|p1a: Chi-Yu\n|-supereffective|p1a: Chi-Yu\n|-damage|p1a: Chi-Yu|0 fnt\n|faint|p1a: Chi-Yu\n|move|p2a: Oranguru|Trick Room|p2a: Oranguru\n|-fieldstart|move: Trick Room|[of] p2a: Oranguru\n|\n|upkeep\n|\n|t:|1684134526\n|switch|p1a: Grimmsnarl|Grimmsnarl, L50, M|65\/100\n|turn|7\n|-message|rodjilius forfeited.\n|\n|win|notFRAME\n|raw|rodjilius's rating: 1390 → 1368<\/strong> (-22 for losing)\n|raw|notFRAME's rating: 1351 → 1373<\/strong> (+22 for winning)\n","uploadtime":1684134540,"views":9,"p1id":"rodjilius","p2id":"notframe","formatid":"gen9vgc2023regulationc","rating":1368,"private":0,"password":""}