{"id":"gen9vgc2023regulationc-1858083656","p1":"nakonagisuki","p2":"Vitalis24","format":"[Gen 9] VGC 2023 Regulation C","log":"|j|\u2606nakonagisuki\n|j|\u2606Vitalis24\n|t:|1683272807\n|gametype|doubles\n|player|p1|nakonagisuki|169|1330\n|player|p2|Vitalis24|ethan|1324\n|teamsize|p1|6\n|teamsize|p2|6\n|gen|9\n|tier|[Gen 9] VGC 2023 Regulation C\n|rated|\n|rule|Species Clause: Limit one of each Pok\u00e9mon\n|rule|Item Clause: Limit one of each item\n|clearpoke\n|poke|p1|Scream Tail, L50|\n|poke|p1|Ceruledge, L50, M|\n|poke|p1|Ting-Lu, L50|\n|poke|p1|Flutter Mane, L50|\n|poke|p1|Chien-Pao, L50|\n|poke|p1|Amoonguss, L50, M|\n|poke|p2|Indeedee-F, L50, F|\n|poke|p2|Flutter Mane, L50|\n|poke|p2|Murkrow, L50, F|\n|poke|p2|Great Tusk, L50|\n|poke|p2|Iron Bundle, L50|\n|poke|p2|Chi-Yu, L50|\n|teampreview|4\n|\n|t:|1683272873\n|start\n|switch|p1a: Scream Tail|Scream Tail, L50|100\/100\n|switch|p1b: Chien-Pao|Chien-Pao, L50|100\/100\n|switch|p2a: Iron Bundle|Iron Bundle, L50|100\/100\n|switch|p2b: Flutter Mane|Flutter Mane, L50|100\/100\n|-ability|p1b: Chien-Pao|Sword of Ruin\n|-enditem|p2a: Iron Bundle|Booster Energy\n|-activate|p2a: Iron Bundle|ability: Quark Drive|[fromitem]\n|-start|p2a: Iron Bundle|quarkdrivespe\n|-enditem|p1a: Scream Tail|Booster Energy\n|-activate|p1a: Scream Tail|ability: Protosynthesis|[fromitem]\n|-start|p1a: Scream Tail|protosynthesisspe\n|turn|1\n|\n|t:|1683272915\n|-terastallize|p1b: Chien-Pao|Poison\n|move|p2a: Iron Bundle|Icy Wind|p1b: Chien-Pao|[spread] p1a,p1b\n|-damage|p1a: Scream Tail|85\/100\n|-damage|p1b: Chien-Pao|69\/100\n|-unboost|p1a: Scream Tail|spe|1\n|-unboost|p1b: Chien-Pao|spe|1\n|move|p2b: Flutter Mane|Shadow Ball|p1a: Scream Tail\n|-supereffective|p1a: Scream Tail\n|-damage|p1a: Scream Tail|18\/100\n|move|p1a: Scream Tail|Howl|p1a: Scream Tail|[spread] p1a,p1b\n|-boost|p1a: Scream Tail|atk|1\n|-boost|p1b: Chien-Pao|atk|1\n|move|p1b: Chien-Pao|Ice Spinner|p2b: Flutter Mane\n|-damage|p2b: Flutter Mane|0 fnt\n|faint|p2b: Flutter Mane\n|-end|p2b: Flutter Mane|Protosynthesis|[silent]\n|\n|upkeep\n|\n|t:|1683272943\n|switch|p2b: Chi-Yu|Chi-Yu, L50|100\/100\n|-ability|p2b: Chi-Yu|Beads of Ruin\n|turn|2\n|\n|t:|1683272957\n|move|p1b: Chien-Pao|Protect|p1b: Chien-Pao\n|-singleturn|p1b: Chien-Pao|Protect\n|move|p2a: Iron Bundle|Freeze-Dry|p1a: Scream Tail\n|-damage|p1a: Scream Tail|0 fnt\n|faint|p1a: Scream Tail\n|-end|p1a: Scream Tail|Protosynthesis|[silent]\n|move|p2b: Chi-Yu|Dark Pulse|p1b: Chien-Pao\n|-activate|p1b: Chien-Pao|move: Protect\n|\n|upkeep\n|\n|t:|1683272974\n|switch|p1a: Ting-Lu|Ting-Lu, L50|100\/100\n|-ability|p1a: Ting-Lu|Vessel of Ruin\n|turn|3\n|\n|t:|1683273000\n|move|p2a: Iron Bundle|Protect|p2a: Iron Bundle\n|-singleturn|p2a: Iron Bundle|Protect\n|move|p1b: Chien-Pao|Sucker Punch||[still]\n|-fail|p1b: Chien-Pao\n|move|p2b: Chi-Yu|Will-O-Wisp|p1a: Ting-Lu\n|-status|p1a: Ting-Lu|brn\n|move|p1a: Ting-Lu|Rock Slide|p2a: Iron Bundle|[spread] p2b\n|-activate|p2a: Iron Bundle|move: Protect\n|-supereffective|p2b: Chi-Yu\n|-damage|p2b: Chi-Yu|59\/100\n|\n|-damage|p1a: Ting-Lu|95\/100 brn|[from] brn\n|upkeep\n|turn|4\n|\n|t:|1683273035\n|-end|p2a: Iron Bundle|Quark Drive|[silent]\n|switch|p2a: Indeedee|Indeedee-F, L50, F|100\/100\n|-fieldstart|move: Psychic Terrain|[from] ability: Psychic Surge|[of] p2a: Indeedee\n|-enditem|p2a: Indeedee|Psychic Seed\n|-boost|p2a: Indeedee|spd|1|[from] item: Psychic Seed\n|move|p1b: Chien-Pao|Protect|p1b: Chien-Pao\n|-singleturn|p1b: Chien-Pao|Protect\n|move|p2b: Chi-Yu|Flamethrower|p1b: Chien-Pao\n|-activate|p1b: Chien-Pao|move: Protect\n|move|p1a: Ting-Lu|Stomping Tantrum|p2b: Chi-Yu\n|-supereffective|p2b: Chi-Yu\n|-damage|p2b: Chi-Yu|0 fnt\n|faint|p2b: Chi-Yu\n|\n|-damage|p1a: Ting-Lu|89\/100 brn|[from] brn\n|upkeep\n|\n|t:|1683273053\n|switch|p2b: Iron Bundle|Iron Bundle, L50|100\/100\n|turn|5\n|\n|t:|1683273080\n|switch|p1b: Ceruledge|Ceruledge, L50, M|100\/100\n|move|p2a: Indeedee|Follow Me|p2a: Indeedee\n|-singleturn|p2a: Indeedee|move: Follow Me\n|move|p2b: Iron Bundle|Hydro Pump|p1b: Ceruledge\n|-supereffective|p1b: Ceruledge\n|-damage|p1b: Ceruledge|27\/100\n|move|p1a: Ting-Lu|Rock Slide|p2b: Iron Bundle|[spread] p2a\n|-miss|p1a: Ting-Lu|p2b: Iron Bundle\n|-damage|p2a: Indeedee|92\/100\n|\n|-damage|p1a: Ting-Lu|83\/100 brn|[from] brn\n|upkeep\n|turn|6\n|\n|t:|1683273125\n|move|p1b: Ceruledge|Protect|p1b: Ceruledge\n|-singleturn|p1b: Ceruledge|Protect\n|move|p2b: Iron Bundle|Hydro Pump|p1a: Ting-Lu|[miss]\n|-miss|p2b: Iron Bundle|p1a: Ting-Lu\n|move|p2a: Indeedee|Psychic|p1b: Ceruledge\n|-activate|p1b: Ceruledge|move: Protect\n|move|p1a: Ting-Lu|Stomping Tantrum|p2b: Iron Bundle\n|-damage|p2b: Iron Bundle|79\/100\n|\n|-damage|p1a: Ting-Lu|77\/100 brn|[from] brn\n|upkeep\n|turn|7\n|\n|t:|1683273143\n|move|p2b: Iron Bundle|Protect|p2b: Iron Bundle\n|-singleturn|p2b: Iron Bundle|Protect\n|move|p1b: Ceruledge|Bitter Blade|p2a: Indeedee\n|-crit|p2a: Indeedee\n|-damage|p2a: Indeedee|28\/100\n|-heal|p1b: Ceruledge|58\/100|[from] drain|[of] p2a: Indeedee\n|move|p2a: Indeedee|Psychic|p1b: Ceruledge\n|-damage|p1b: Ceruledge|32\/100\n|move|p1a: Ting-Lu|Rock Slide|p2a: Indeedee|[spread] p2a\n|-activate|p2b: Iron Bundle|move: Protect\n|-damage|p2a: Indeedee|19\/100\n|\n|-damage|p1a: Ting-Lu|71\/100 brn|[from] brn\n|upkeep\n|turn|8\n|\n|t:|1683273182\n|move|p1b: Ceruledge|Protect|p1b: Ceruledge\n|-singleturn|p1b: Ceruledge|Protect\n|move|p2b: Iron Bundle|Hydro Pump|p1b: Ceruledge\n|-activate|p1b: Ceruledge|move: Protect\n|move|p2a: Indeedee|Dazzling Gleam|p1b: Ceruledge|[spread] p1a\n|-activate|p1b: Ceruledge|move: Protect\n|-supereffective|p1a: Ting-Lu\n|-damage|p1a: Ting-Lu|62\/100 brn\n|move|p1a: Ting-Lu|Stomping Tantrum|p2a: Indeedee\n|-damage|p2a: Indeedee|3\/100\n|\n|-damage|p1a: Ting-Lu|56\/100 brn|[from] brn\n|-fieldend|move: Psychic Terrain\n|upkeep\n|turn|9\n|\n|t:|1683273236\n|move|p2b: Iron Bundle|Hydro Pump|p1b: Ceruledge\n|-supereffective|p1b: Ceruledge\n|-damage|p1b: Ceruledge|0 fnt\n|faint|p1b: Ceruledge\n|move|p2a: Indeedee|Dazzling Gleam|p1a: Ting-Lu\n|-supereffective|p1a: Ting-Lu\n|-damage|p1a: Ting-Lu|42\/100 brn\n|move|p1a: Ting-Lu|Rock Slide|p2a: Indeedee|[spread] p2a,p2b\n|-supereffective|p2b: Iron Bundle\n|-damage|p2a: Indeedee|0 fnt\n|-damage|p2b: Iron Bundle|57\/100\n|faint|p2a: Indeedee\n|\n|-damage|p1a: Ting-Lu|36\/100 brn|[from] brn\n|upkeep\n|\n|t:|1683273248\n|switch|p1b: Chien-Pao|Chien-Pao, L50, tera:Poison|69\/100\n|-ability|p1b: Chien-Pao|Sword of Ruin\n|turn|10\n|\n|t:|1683273270\n|move|p2b: Iron Bundle|Hydro Pump|p1b: Chien-Pao\n|-damage|p1b: Chien-Pao|0 fnt\n|faint|p1b: Chien-Pao\n|move|p1a: Ting-Lu|Rock Slide|p2b: Iron Bundle|[miss]\n|-miss|p1a: Ting-Lu|p2b: Iron Bundle\n|\n|-damage|p1a: Ting-Lu|30\/100 brn|[from] brn\n|upkeep\n|turn|11\n|\n|t:|1683273281\n|move|p2b: Iron Bundle|Freeze-Dry|p1a: Ting-Lu\n|-supereffective|p1a: Ting-Lu\n|-damage|p1a: Ting-Lu|4\/100 brn\n|move|p1a: Ting-Lu|Rock Slide|p2b: Iron Bundle\n|-supereffective|p2b: Iron Bundle\n|-damage|p2b: Iron Bundle|28\/100\n|\n|-damage|p1a: Ting-Lu|0 fnt|[from] brn\n|faint|p1a: Ting-Lu\n|\n|win|Vitalis24\n|upkeep\n|raw|nakonagisuki's rating: 1330 → 1310<\/strong> (-20 for losing)\n|raw|Vitalis24's rating: 1324 → 1344<\/strong> (+20 for winning)\n|l|\u2606nakonagisuki\n","uploadtime":1683273296,"views":13,"p1id":"nakonagisuki","p2id":"vitalis24","formatid":"gen9vgc2023regulationc","rating":1310,"private":0,"password":""}