{"id":"gen9vgc2023regulationc-1851015029","p1":"Darth_Nater59","p2":"gortat","format":"[Gen 9] VGC 2023 Regulation C","log":"|j|\u2606Darth_Nater59\n|j|\u2606gortat\n|t:|1682394293\n|gametype|doubles\n|player|p1|Darth_Nater59|alder|1053\n|player|p2|gortat|flannery|1000\n|teamsize|p1|6\n|teamsize|p2|6\n|gen|9\n|tier|[Gen 9] VGC 2023 Regulation C\n|rated|\n|rule|Species Clause: Limit one of each Pok\u00e9mon\n|rule|Item Clause: Limit one of each item\n|clearpoke\n|poke|p1|Indeedee-F, L50, F|\n|poke|p1|Arboliva, L50, M|\n|poke|p1|Garganacl, L50, M|\n|poke|p1|Annihilape, L50, F|\n|poke|p1|Iron Bundle, L50|\n|poke|p1|Espathra, L50, F|\n|poke|p2|Abomasnow, L50, F|\n|poke|p2|Talonflame, L50, M|\n|poke|p2|Flutter Mane, L50|\n|poke|p2|Iron Bundle, L50|\n|poke|p2|Great Tusk, L50|\n|poke|p2|Tyranitar, L50, M|\n|teampreview|4\n|\n|t:|1682394338\n|start\n|switch|p1a: Indeedee|Indeedee-F, L50, F|100\/100\n|switch|p1b: Arboliva|Arboliva, L50, M|100\/100\n|switch|p2a: Abomasnow|Abomasnow, L50, F|100\/100\n|switch|p2b: Talonflame|Talonflame, L50, M|100\/100\n|-weather|Snow|[from] ability: Snow Warning|[of] p2a: Abomasnow\n|turn|1\n|\n|t:|1682394357\n|move|p1b: Arboliva|Protect|p1b: Arboliva\n|-singleturn|p1b: Arboliva|Protect\n|move|p2b: Talonflame|Tailwind|p2b: Talonflame\n|-sidestart|p2: gortat|move: Tailwind\n|move|p2a: Abomasnow|Blizzard|p1a: Indeedee|[spread] p1a\n|-activate|p1b: Arboliva|move: Protect\n|-damage|p1a: Indeedee|61\/100\n|-damage|p2a: Abomasnow|91\/100|[from] item: Life Orb\n|move|p1a: Indeedee|Trick Room|p1a: Indeedee\n|-fieldstart|move: Trick Room|[of] p1a: Indeedee\n|\n|-weather|Snow|[upkeep]\n|upkeep\n|turn|2\n|\n|t:|1682394390\n|-terastallize|p1b: Arboliva|Fairy\n|move|p1a: Indeedee|Follow Me|p1a: Indeedee\n|-singleturn|p1a: Indeedee|move: Follow Me\n|move|p1b: Arboliva|Dazzling Gleam|p2b: Talonflame|[spread] p2a,p2b\n|-resisted|p2b: Talonflame\n|-damage|p2a: Abomasnow|50\/100\n|-damage|p2b: Talonflame|79\/100\n|move|p2a: Abomasnow|Blizzard|p1a: Indeedee|[spread] p1a,p1b\n|-damage|p1a: Indeedee|21\/100\n|-damage|p1b: Arboliva|60\/100\n|-fieldstart|move: Grassy Terrain|[from] ability: Seed Sower|[of] p1b: Arboliva\n|-enditem|p1b: Arboliva|Grassy Seed\n|-boost|p1b: Arboliva|def|1|[from] item: Grassy Seed\n|-damage|p2a: Abomasnow|41\/100|[from] item: Life Orb\n|move|p2b: Talonflame|Taunt|p1a: Indeedee\n|-start|p1a: Indeedee|move: Taunt\n|\n|-weather|Snow|[upkeep]\n|-heal|p1b: Arboliva|66\/100|[from] Grassy Terrain\n|-heal|p1a: Indeedee|27\/100|[from] Grassy Terrain\n|-heal|p2a: Abomasnow|47\/100|[from] Grassy Terrain\n|upkeep\n|turn|3\n|\n|t:|1682394426\n|switch|p2a: Great Tusk|Great Tusk, L50|100\/100\n|move|p1b: Arboliva|Dazzling Gleam|p2a: Great Tusk|[spread] p2a,p2b\n|-supereffective|p2a: Great Tusk\n|-resisted|p2b: Talonflame\n|-damage|p2a: Great Tusk|0 fnt\n|-damage|p2b: Talonflame|56\/100\n|faint|p2a: Great Tusk\n|-end|p2a: Great Tusk|Protosynthesis|[silent]\n|move|p1a: Indeedee|Psychic|p2b: Talonflame\n|-damage|p2b: Talonflame|18\/100\n|move|p2b: Talonflame|Will-O-Wisp|p1b: Arboliva\n|-status|p1b: Arboliva|brn\n|\n|-weather|Snow|[upkeep]\n|-heal|p1b: Arboliva|72\/100 brn|[from] Grassy Terrain\n|-heal|p1a: Indeedee|33\/100|[from] Grassy Terrain\n|-damage|p1b: Arboliva|66\/100 brn|[from] brn\n|upkeep\n|\n|t:|1682394444\n|switch|p2a: Abomasnow|Abomasnow, L50, F|47\/100\n|turn|4\n|\n|t:|1682394454\n|move|p2a: Abomasnow|Protect|p2a: Abomasnow\n|-singleturn|p2a: Abomasnow|Protect\n|move|p1b: Arboliva|Dazzling Gleam|p2a: Abomasnow|[spread] p2b\n|-activate|p2a: Abomasnow|move: Protect\n|-resisted|p2b: Talonflame\n|-damage|p2b: Talonflame|0 fnt\n|faint|p2b: Talonflame\n|move|p1a: Indeedee|Psychic|p2a: Abomasnow\n|-activate|p2a: Abomasnow|move: Protect\n|\n|-weather|Snow|[upkeep]\n|-heal|p1b: Arboliva|72\/100 brn|[from] Grassy Terrain\n|-heal|p1a: Indeedee|39\/100|[from] Grassy Terrain\n|-heal|p2a: Abomasnow|53\/100|[from] Grassy Terrain\n|-damage|p1b: Arboliva|66\/100 brn|[from] brn\n|-sideend|p2: gortat|move: Tailwind\n|upkeep\n|\n|t:|1682394468\n|switch|p2b: Flutter Mane|Flutter Mane, L50|100\/100\n|turn|5\n|\n|t:|1682394500\n|switch|p1a: Garganacl|Garganacl, L50, M|100\/100\n|move|p1b: Arboliva|Giga Drain|p2b: Flutter Mane\n|-damage|p2b: Flutter Mane|45\/100\n|-heal|p1b: Arboliva|87\/100 brn|[from] drain|[of] p2b: Flutter Mane\n|move|p2a: Abomasnow|Blizzard|p1a: Garganacl|[spread] p1a,p1b\n|-damage|p1a: Garganacl|68\/100\n|-damage|p1b: Arboliva|42\/100 brn\n|-damage|p2a: Abomasnow|43\/100|[from] item: Life Orb\n|move|p2b: Flutter Mane|Shadow Ball|p1a: Garganacl\n|-damage|p1a: Garganacl|43\/100\n|\n|-weather|none\n|-heal|p1a: Garganacl|49\/100|[from] Grassy Terrain\n|-heal|p1b: Arboliva|48\/100 brn|[from] Grassy Terrain\n|-heal|p2a: Abomasnow|49\/100|[from] Grassy Terrain\n|-heal|p2b: Flutter Mane|51\/100|[from] Grassy Terrain\n|-damage|p1b: Arboliva|42\/100 brn|[from] brn\n|-fieldend|move: Trick Room\n|upkeep\n|turn|6\n|\n|t:|1682394525\n|move|p1b: Arboliva|Protect|p1b: Arboliva\n|-singleturn|p1b: Arboliva|Protect\n|move|p2b: Flutter Mane|Shadow Ball|p1b: Arboliva\n|-activate|p1b: Arboliva|move: Protect\n|move|p2a: Abomasnow|Earth Power|p1a: Garganacl\n|-supereffective|p1a: Garganacl\n|-damage|p1a: Garganacl|0 fnt\n|faint|p1a: Garganacl\n|-damage|p2a: Abomasnow|40\/100|[from] item: Life Orb\n|\n|-heal|p2b: Flutter Mane|57\/100|[from] Grassy Terrain\n|-heal|p2a: Abomasnow|46\/100|[from] Grassy Terrain\n|-heal|p1b: Arboliva|48\/100 brn|[from] Grassy Terrain\n|-damage|p1b: Arboliva|42\/100 brn|[from] brn\n|-fieldend|move: Grassy Terrain\n|upkeep\n|\n|t:|1682394541\n|switch|p1a: Indeedee|Indeedee-F, L50, F|39\/100\n|turn|7\n|\n|t:|1682394550\n|move|p2a: Abomasnow|Protect|p2a: Abomasnow\n|-singleturn|p2a: Abomasnow|Protect\n|move|p2b: Flutter Mane|Shadow Ball|p1a: Indeedee\n|-immune|p1a: Indeedee\n|move|p1b: Arboliva|Giga Drain|p2b: Flutter Mane\n|-damage|p2b: Flutter Mane|16\/100\n|-heal|p1b: Arboliva|58\/100 brn|[from] drain|[of] p2b: Flutter Mane\n|move|p1a: Indeedee|Trick Room|p1a: Indeedee\n|-fieldstart|move: Trick Room|[of] p1a: Indeedee\n|\n|-damage|p1b: Arboliva|52\/100 brn|[from] brn\n|upkeep\n|turn|8\n|\n|t:|1682394575\n|-terastallize|p2b: Flutter Mane|Grass\n|move|p1b: Arboliva|Dazzling Gleam|p2a: Abomasnow|[spread] p2a,p2b\n|-damage|p2a: Abomasnow|8\/100\n|-damage|p2b: Flutter Mane|0 fnt\n|faint|p2b: Flutter Mane\n|-end|p2b: Flutter Mane|Protosynthesis|[silent]\n|move|p2a: Abomasnow|Earth Power|p1a: Indeedee\n|-damage|p1a: Indeedee|6\/100\n|-damage|p2a: Abomasnow|0 fnt|[from] item: Life Orb\n|faint|p2a: Abomasnow\n|\n|win|Darth_Nater59\n|raw|Darth_Nater59's rating: 1053 → 1080<\/strong> (+27 for winning)\n|raw|gortat's rating: 1000 → 1000<\/strong> (+0 for losing)\n|l|\u2606gortat\n","uploadtime":1682394593,"views":10,"p1id":"darthnater59","p2id":"gortat","formatid":"gen9vgc2023regulationc","rating":1000,"private":0,"password":""}