{"id":"gen9vgc2023regulationc-1846926197","p1":"PhenexD","p2":"haha u rage quit","format":"[Gen 9] VGC 2023 Regulation C","log":"|j|\u2606PhenexD\n|j|\u2606haha u rage quit\n|t:|1681901931\n|gametype|doubles\n|player|p1|PhenexD|101|1028\n|player|p2|haha u rage quit|pokemaniac|1101\n|teamsize|p1|6\n|teamsize|p2|6\n|gen|9\n|tier|[Gen 9] VGC 2023 Regulation C\n|rated|\n|rule|Species Clause: Limit one of each Pok\u00e9mon\n|rule|Item Clause: Limit one of each item\n|clearpoke\n|poke|p1|Skeledirge, L50, M|\n|poke|p1|Kingambit, L50, F|\n|poke|p1|Annihilape, L50, M|\n|poke|p1|Amoonguss, L50, F|\n|poke|p1|Meowscarada, L50, F|\n|poke|p1|Talonflame, L50, M|\n|poke|p2|Amoonguss, L50, M|\n|poke|p2|Flutter Mane, L50|\n|poke|p2|Arcanine, L50, M|\n|poke|p2|Iron Bundle, L50|\n|poke|p2|Baxcalibur, L50, M|\n|poke|p2|Palafin, L50, M|\n|teampreview|4\n|inactive|Battle timer is ON: inactive players will automatically lose when time's up. (requested by haha u rage quit)\n|\n|t:|1681901981\n|start\n|switch|p1a: Skeledirge|Skeledirge, L50, M, shiny|100\/100\n|switch|p1b: Annihilape|Annihilape, L50, M|100\/100\n|switch|p2a: Flutter Mane|Flutter Mane, L50|100\/100\n|switch|p2b: Arcanine|Arcanine, L50, M|100\/100\n|-ability|p2b: Arcanine|Intimidate|boost\n|-unboost|p1a: Skeledirge|atk|1\n|-unboost|p1b: Annihilape|atk|1\n|-ability|p1b: Annihilape|Defiant|boost\n|-boost|p1b: Annihilape|atk|2\n|-enditem|p2a: Flutter Mane|Booster Energy\n|-activate|p2a: Flutter Mane|ability: Protosynthesis|[fromitem]\n|-start|p2a: Flutter Mane|protosynthesisspe\n|turn|1\n|inactive|PhenexD has 30 seconds left.\n|inactive|haha u rage quit has 30 seconds left.\n|\n|t:|1681902020\n|move|p1a: Skeledirge|Protect|p1a: Skeledirge\n|-singleturn|p1a: Skeledirge|Protect\n|move|p2a: Flutter Mane|Shadow Ball|p1b: Annihilape\n|-supereffective|p1b: Annihilape\n|-damage|p1b: Annihilape|30\/100\n|move|p2b: Arcanine|Wild Charge|p1b: Annihilape\n|-damage|p1b: Annihilape|4\/100\n|-enditem|p1b: Annihilape|Aguav Berry|[eat]\n|-heal|p1b: Annihilape|37\/100|[from] item: Aguav Berry\n|-damage|p2b: Arcanine|92\/100|[from] Recoil\n|move|p1b: Annihilape|Rage Fist|p2a: Flutter Mane\n|-supereffective|p2a: Flutter Mane\n|-damage|p2a: Flutter Mane|0 fnt\n|faint|p2a: Flutter Mane\n|-end|p2a: Flutter Mane|Protosynthesis|[silent]\n|\n|upkeep\n|\n|t:|1681902040\n|switch|p2a: Palafin|Palafin, L50, M|100\/100\n|turn|2\n|\n|t:|1681902055\n|detailschange|p2a: Palafin|Palafin-Hero, L50, M\n|switch|p2a: Baxcalibur|Baxcalibur, L50, M|100\/100\n|-terastallize|p1a: Skeledirge|Fairy\n|move|p2b: Arcanine|Flare Blitz|p1b: Annihilape\n|-damage|p1b: Annihilape|0 fnt\n|faint|p1b: Annihilape\n|-damage|p2b: Arcanine|77\/100|[from] Recoil\n|move|p1a: Skeledirge|Tera Blast|p2a: Baxcalibur\n|-supereffective|p2a: Baxcalibur\n|-damage|p2a: Baxcalibur|37\/100\n|\n|upkeep\n|\n|t:|1681902064\n|switch|p1b: Amoonguss|Amoonguss, L50, F|100\/100\n|turn|3\n|\n|t:|1681902081\n|move|p2a: Baxcalibur|Protect|p2a: Baxcalibur\n|-singleturn|p2a: Baxcalibur|Protect\n|move|p2b: Arcanine|Flare Blitz|p1b: Amoonguss\n|-supereffective|p1b: Amoonguss\n|-damage|p1b: Amoonguss|0 fnt\n|faint|p1b: Amoonguss\n|-damage|p2b: Arcanine|34\/100|[from] Recoil\n|move|p1a: Skeledirge|Tera Blast|p2a: Baxcalibur\n|-activate|p2a: Baxcalibur|move: Protect\n|\n|upkeep\n|\n|t:|1681902086\n|switch|p1b: Meowscarada|Meowscarada, L50, F|100\/100\n|turn|4\n|inactive|PhenexD has 30 seconds left.\n|\n|t:|1681902117\n|move|p1b: Meowscarada|Protect|p1b: Meowscarada\n|-singleturn|p1b: Meowscarada|Protect\n|move|p2b: Arcanine|Flare Blitz|p1b: Meowscarada\n|-activate|p1b: Meowscarada|move: Protect\n|move|p2a: Baxcalibur|Icicle Spear|p1b: Meowscarada\n|-activate|p1b: Meowscarada|move: Protect\n|move|p1a: Skeledirge|Tera Blast|p2a: Baxcalibur\n|-supereffective|p2a: Baxcalibur\n|-damage|p2a: Baxcalibur|0 fnt\n|faint|p2a: Baxcalibur\n|\n|upkeep\n|\n|t:|1681902127\n|switch|p2a: Palafin|Palafin-Hero, L50, M|100\/100\n|-activate|p2a: Palafin|ability: Zero to Hero\n|turn|5\n|\n|t:|1681902141\n|move|p2a: Palafin|Protect|p2a: Palafin\n|-singleturn|p2a: Palafin|Protect\n|move|p1b: Meowscarada|Flower Trick|p2a: Palafin\n|-activate|p2a: Palafin|move: Protect\n|move|p2b: Arcanine|Flare Blitz|p1b: Meowscarada\n|-supereffective|p1b: Meowscarada\n|-enditem|p1b: Meowscarada|Focus Sash\n|-damage|p1b: Meowscarada|1\/100\n|-damage|p2b: Arcanine|5\/100|[from] Recoil\n|-enditem|p2b: Arcanine|Aguav Berry|[eat]\n|-heal|p2b: Arcanine|38\/100|[from] item: Aguav Berry\n|move|p1a: Skeledirge|Tera Blast|p2b: Arcanine\n|-resisted|p2b: Arcanine\n|-damage|p2b: Arcanine|19\/100\n|\n|upkeep\n|turn|6\n|\n|t:|1681902155\n|-terastallize|p2a: Palafin|Water\n|move|p2b: Arcanine|Extreme Speed|p1b: Meowscarada\n|-damage|p1b: Meowscarada|0 fnt\n|faint|p1b: Meowscarada\n|move|p2a: Palafin|Wave Crash|p1a: Skeledirge\n|-damage|p1a: Skeledirge|3\/100\n|-damage|p2a: Palafin|68\/100|[from] Recoil\n|move|p1a: Skeledirge|Tera Blast|p2b: Arcanine\n|-resisted|p2b: Arcanine\n|-damage|p2b: Arcanine|0 fnt\n|faint|p2b: Arcanine\n|\n|-heal|p1a: Skeledirge|9\/100|[from] item: Leftovers\n|upkeep\n|turn|7\n|\n|t:|1681902165\n|move|p1a: Skeledirge|Protect|p1a: Skeledirge\n|-singleturn|p1a: Skeledirge|Protect\n|move|p2a: Palafin|Jet Punch|p1a: Skeledirge\n|-activate|p1a: Skeledirge|move: Protect\n|\n|-heal|p1a: Skeledirge|15\/100|[from] item: Leftovers\n|upkeep\n|turn|8\n|\n|t:|1681902177\n|move|p2a: Palafin|Wave Crash|p1a: Skeledirge\n|-damage|p1a: Skeledirge|0 fnt\n|faint|p1a: Skeledirge\n|-damage|p2a: Palafin|63\/100|[from] Recoil\n|\n|win|haha u rage quit\n|raw|PhenexD's rating: 1028 → 1017<\/strong> (-11 for losing)\n|raw|haha u rage quit's rating: 1101 → 1121<\/strong> (+20 for winning)\n|l|\u2606PhenexD\n","uploadtime":1681902188,"views":15,"p1id":"phenexd","p2id":"hahauragequit","formatid":"gen9vgc2023regulationc","rating":1017,"private":0,"password":""}