{"id":"gen9vgc2023regulationc-1860694947","p1":"oparen1","p2":"Chickenmdjw","format":"[Gen 9] VGC 2023 Regulation C","log":"|j|\u2606oparen1\n|j|\u2606Chickenmdjw\n|t:|1683667092\n|gametype|doubles\n|player|p1|oparen1|policeman-gen4|1038\n|player|p2|Chickenmdjw|266|1081\n|teamsize|p1|6\n|teamsize|p2|6\n|gen|9\n|tier|[Gen 9] VGC 2023 Regulation C\n|rated|\n|rule|Species Clause: Limit one of each Pok\u00e9mon\n|rule|Item Clause: Limit one of each item\n|clearpoke\n|poke|p1|Armarouge, L50, F|\n|poke|p1|Kingambit, L50, M|\n|poke|p1|Clawitzer, L50, M|\n|poke|p1|Grimmsnarl, L50, M|\n|poke|p1|Indeedee-F, L50, F|\n|poke|p1|Appletun, L50, M|\n|poke|p2|Dragonite, L50, F|\n|poke|p2|Flutter Mane, L50|\n|poke|p2|Ting-Lu, L50|\n|poke|p2|Tyranitar, L50, M|\n|poke|p2|Bronzong, L50|\n|poke|p2|Annihilape, L50, M|\n|teampreview|4\n|inactive|Battle timer is ON: inactive players will automatically lose when time's up. (requested by oparen1)\n|\n|t:|1683667111\n|start\n|switch|p1a: Kingambit|Kingambit, L50, M|100\/100\n|switch|p1b: Indeedee|Indeedee-F, L50, F|100\/100\n|switch|p2a: Annihilape|Annihilape, L50, M|100\/100\n|switch|p2b: Ting-Lu|Ting-Lu, L50|100\/100\n|-fieldstart|move: Psychic Terrain|[from] ability: Psychic Surge|[of] p1b: Indeedee\n|-ability|p2b: Ting-Lu|Vessel of Ruin\n|turn|1\n|\n|t:|1683667135\n|-terastallize|p2a: Annihilape|Fire\n|-terastallize|p1a: Kingambit|Flying\n|move|p2a: Annihilape|Drain Punch|p1a: Kingambit\n|-resisted|p1a: Kingambit\n|-damage|p1a: Kingambit|88\/100\n|move|p2b: Ting-Lu|Rock Slide|p1a: Kingambit|[spread] p1a,p1b\n|-supereffective|p1a: Kingambit\n|-damage|p1a: Kingambit|66\/100\n|-damage|p1b: Indeedee|76\/100\n|move|p1a: Kingambit|Shadow Claw|p2a: Annihilape\n|-damage|p2a: Annihilape|67\/100\n|move|p1b: Indeedee|Trick Room|p1b: Indeedee\n|-fieldstart|move: Trick Room|[of] p1b: Indeedee\n|\n|-heal|p2a: Annihilape|73\/100|[from] item: Leftovers\n|upkeep\n|turn|2\n|\n|t:|1683667160\n|-end|p1a: Kingambit|fallenundefined|[silent]\n|switch|p1a: Appletun|Appletun, L50, M|100\/100\n|switch|p1b: Armarouge|Armarouge, L50, F|100\/100\n|switch|p2a: Tyranitar|Tyranitar, L50, M|100\/100\n|-weather|Sandstorm|[from] ability: Sand Stream|[of] p2a: Tyranitar\n|move|p2b: Ting-Lu|Rock Slide|p1a: Appletun|[spread] p1a,p1b\n|-supereffective|p1b: Armarouge\n|-damage|p1a: Appletun|85\/100\n|-damage|p1b: Armarouge|70\/100\n|\n|-weather|Sandstorm|[upkeep]\n|-damage|p1a: Appletun|79\/100|[from] Sandstorm\n|-damage|p1b: Armarouge|64\/100|[from] Sandstorm\n|-heal|p1a: Appletun|85\/100|[from] item: Leftovers\n|upkeep\n|turn|3\n|inactive|oparen1 has 30 seconds left.\n|inactive|Chickenmdjw has 30 seconds left.\n|\n|t:|1683667186\n|switch|p1b: Kingambit|Kingambit, L50, M, tera:Flying|66\/100\n|move|p1a: Appletun|Apple Acid|p2a: Tyranitar\n|-supereffective|p2a: Tyranitar\n|-damage|p2a: Tyranitar|85\/100\n|-unboost|p2a: Tyranitar|spd|1\n|move|p2b: Ting-Lu|Rock Slide|p1b: Kingambit|[spread] p1a,p1b\n|-supereffective|p1b: Kingambit\n|-damage|p1a: Appletun|69\/100\n|-damage|p1b: Kingambit|43\/100\n|move|p2a: Tyranitar|Rock Slide|p1b: Kingambit|[spread] p1b\n|-miss|p2a: Tyranitar|p1a: Appletun\n|-supereffective|p1b: Kingambit\n|-damage|p1b: Kingambit|0 fnt\n|faint|p1b: Kingambit\n|-end|p1b: Kingambit|fallenundefined|[silent]\n|\n|-weather|Sandstorm|[upkeep]\n|-damage|p1a: Appletun|63\/100|[from] Sandstorm\n|-heal|p1a: Appletun|69\/100|[from] item: Leftovers\n|upkeep\n|\n|t:|1683667204\n|switch|p1b: Indeedee|Indeedee-F, L50, F|76\/100\n|turn|4\n|\n|t:|1683667212\n|move|p1a: Appletun|Apple Acid|p2a: Tyranitar\n|-supereffective|p2a: Tyranitar\n|-damage|p2a: Tyranitar|62\/100\n|-unboost|p2a: Tyranitar|spd|1\n|move|p2b: Ting-Lu|Rock Slide|p1a: Appletun|[spread] p1a,p1b\n|-damage|p1a: Appletun|54\/100\n|-damage|p1b: Indeedee|54\/100\n|move|p2a: Tyranitar|Rock Slide|p1a: Appletun|[spread] p1a,p1b\n|-damage|p1a: Appletun|24\/100\n|-damage|p1b: Indeedee|10\/100\n|-enditem|p1b: Indeedee|Figy Berry|[eat]\n|-heal|p1b: Indeedee|43\/100|[from] item: Figy Berry\n|move|p1b: Indeedee|Dazzling Gleam|p2a: Tyranitar|[spread] p2a,p2b\n|-supereffective|p2a: Tyranitar\n|-supereffective|p2b: Ting-Lu\n|-damage|p2a: Tyranitar|46\/100\n|-damage|p2b: Ting-Lu|88\/100\n|\n|-weather|Sandstorm|[upkeep]\n|-damage|p1a: Appletun|18\/100|[from] Sandstorm\n|-damage|p1b: Indeedee|37\/100|[from] Sandstorm\n|-heal|p1a: Appletun|24\/100|[from] item: Leftovers\n|upkeep\n|turn|5\n|inactive|oparen1 has 30 seconds left.\n|\n|t:|1683667240\n|switch|p2a: Annihilape|Annihilape, L50, M, tera:Fire|73\/100\n|move|p1a: Appletun|Apple Acid|p2a: Annihilape\n|-resisted|p2a: Annihilape\n|-damage|p2a: Annihilape|64\/100\n|-unboost|p2a: Annihilape|spd|1\n|-ability|p2a: Annihilape|Defiant|boost\n|-boost|p2a: Annihilape|atk|2\n|move|p2b: Ting-Lu|Rock Slide|p1b: Indeedee|[spread] p1a,p1b\n|-damage|p1a: Appletun|9\/100\n|-damage|p1b: Indeedee|15\/100\n|move|p1b: Indeedee|Dazzling Gleam|p2a: Annihilape|[spread] p2a,p2b\n|-resisted|p2a: Annihilape\n|-supereffective|p2b: Ting-Lu\n|-damage|p2a: Annihilape|57\/100\n|-damage|p2b: Ting-Lu|74\/100\n|\n|-weather|Sandstorm|[upkeep]\n|-damage|p1a: Appletun|3\/100|[from] Sandstorm\n|-damage|p1b: Indeedee|8\/100|[from] Sandstorm\n|-damage|p2a: Annihilape|51\/100|[from] Sandstorm\n|-heal|p1a: Appletun|9\/100|[from] item: Leftovers\n|-heal|p2a: Annihilape|57\/100|[from] item: Leftovers\n|-fieldend|move: Trick Room\n|-fieldend|move: Psychic Terrain\n|upkeep\n|turn|6\n|\n|t:|1683667263\n|move|p2a: Annihilape|Drain Punch|p1a: Appletun\n|-damage|p1a: Appletun|0 fnt\n|-heal|p2a: Annihilape|62\/100|[from] drain|[of] p1a: Appletun\n|faint|p1a: Appletun\n|move|p2b: Ting-Lu|Rock Slide|p1b: Indeedee\n|-damage|p1b: Indeedee|0 fnt\n|faint|p1b: Indeedee\n|\n|-weather|none\n|-heal|p2a: Annihilape|68\/100|[from] item: Leftovers\n|upkeep\n|\n|t:|1683667275\n|switch|p1a: Armarouge|Armarouge, L50, F|64\/100\n|turn|7\n|\n|t:|1683667281\n|move|p2a: Annihilape|Rage Fist|p1a: Armarouge\n|-supereffective|p1a: Armarouge\n|-damage|p1a: Armarouge|0 fnt\n|faint|p1a: Armarouge\n|\n|win|Chickenmdjw\n|raw|oparen1's rating: 1038 → 1024<\/strong> (-14 for losing)\n|raw|Chickenmdjw's rating: 1081 → 1105<\/strong> (+24 for winning)\n|l|\u2606oparen1\n","uploadtime":1683667293,"views":12,"p1id":"oparen1","p2id":"chickenmdjw","formatid":"gen9vgc2023regulationc","rating":1024,"private":0,"password":""}