{"id":"gen9vgc2023regulationc-1845953820","p1":"Keveloper","p2":"bomb2","format":"[Gen 9] VGC 2023 Regulation C","log":"|j|\u2606Keveloper\n|j|\u203dbomb2\n|t:|1681783331\n|gametype|doubles\n|player|p1|Keveloper|lucas|1502\n|player|p2|bomb2|roxanne|1400\n|teamsize|p1|6\n|teamsize|p2|6\n|gen|9\n|tier|[Gen 9] VGC 2023 Regulation C\n|rated|\n|rule|Species Clause: Limit one of each Pok\u00e9mon\n|rule|Item Clause: Limit one of each item\n|clearpoke\n|poke|p1|Orthworm, L50, F|\n|poke|p1|Dragonite, L50, F|\n|poke|p1|Ting-Lu, L50|\n|poke|p1|Gyarados, L50, M|\n|poke|p1|Flutter Mane, L50|\n|poke|p1|Chien-Pao, L50|\n|poke|p2|Ting-Lu, L50|\n|poke|p2|Dragonite, L50, F|\n|poke|p2|Chien-Pao, L50|\n|poke|p2|Annihilape, L50, F|\n|poke|p2|Amoonguss, L50, M|\n|poke|p2|Flutter Mane, L50|\n|teampreview|4\n|j| GokuIRL\n|\n|t:|1681783385\n|start\n|switch|p1a: Orthworm|Orthworm, L50, F|100\/100\n|switch|p1b: Gyarados|Gyarados, L50, M|100\/100\n|switch|p2a: Ting-Lu|Ting-Lu, L50|100\/100\n|switch|p2b: Annihilape|Annihilape, L50, F|100\/100\n|-ability|p1b: Gyarados|Intimidate|boost\n|-fail|p2a: Ting-Lu|unboost|[from] item: Clear Amulet|[of] p2a: Ting-Lu\n|-unboost|p2b: Annihilape|atk|1\n|-ability|p2a: Ting-Lu|Vessel of Ruin\n|turn|1\n|\n|t:|1681783414\n|move|p2b: Annihilape|Protect|p2b: Annihilape\n|-singleturn|p2b: Annihilape|Protect\n|move|p1b: Gyarados|Thunder Wave|p2b: Annihilape\n|-activate|p2b: Annihilape|move: Protect\n|move|p1a: Orthworm|Shed Tail|p1a: Orthworm\n|-start|p1a: Orthworm|Substitute|[from] move: Shed Tail\n|-damage|p1a: Orthworm|50\/100\n|-enditem|p1a: Orthworm|Sitrus Berry|[eat]\n|-heal|p1a: Orthworm|75\/100|[from] item: Sitrus Berry\n|\n|t:|1681783424\n|switch|p1a: Dragonite|Dragonite, L50, F|100\/100|[from] Shed Tail\n|move|p2a: Ting-Lu|Taunt|p1b: Gyarados\n|-start|p1b: Gyarados|move: Taunt\n|\n|upkeep\n|turn|2\n|\n|t:|1681783447\n|-terastallize|p2b: Annihilape|Steel\n|move|p1a: Dragonite|Dragon Dance|p1a: Dragonite\n|-boost|p1a: Dragonite|atk|1\n|-boost|p1a: Dragonite|spe|1\n|move|p2b: Annihilape|Bulk Up|p2b: Annihilape\n|-boost|p2b: Annihilape|atk|1\n|-boost|p2b: Annihilape|def|1\n|move|p1b: Gyarados|Waterfall|p2a: Ting-Lu\n|-supereffective|p2a: Ting-Lu\n|-crit|p2a: Ting-Lu\n|-damage|p2a: Ting-Lu|40\/100\n|move|p2a: Ting-Lu|Heavy Slam|p1a: Dragonite\n|-activate|p1a: Dragonite|move: Substitute|[damage]\n|\n|upkeep\n|turn|3\n|\n|t:|1681783479\n|switch|p1b: Orthworm|Orthworm, L50, F|75\/100\n|move|p1a: Dragonite|Earthquake|p2b: Annihilape|[spread] p2a,p2b\n|-heal|p1b: Orthworm|100\/100|[from] ability: Earth Eater|[of] p1a: Dragonite\n|-supereffective|p2b: Annihilape\n|-damage|p2a: Ting-Lu|17\/100\n|-damage|p2b: Annihilape|55\/100\n|move|p2b: Annihilape|Bulk Up|p2b: Annihilape\n|-boost|p2b: Annihilape|atk|1\n|-boost|p2b: Annihilape|def|1\n|move|p2a: Ting-Lu|Heavy Slam|p1a: Dragonite\n|-end|p1a: Dragonite|Substitute\n|\n|-heal|p2b: Annihilape|62\/100|[from] item: Leftovers\n|upkeep\n|turn|4\n|l| GokuIRL\n|\n|t:|1681783513\n|move|p1a: Dragonite|Earthquake|p2a: Ting-Lu|[spread] p2a,p2b\n|-immune|p1b: Orthworm|[from] ability: Earth Eater\n|-supereffective|p2b: Annihilape\n|-damage|p2a: Ting-Lu|0 fnt\n|-damage|p2b: Annihilape|25\/100\n|faint|p2a: Ting-Lu\n|move|p2b: Annihilape|Drain Punch|p1b: Orthworm\n|-supereffective|p1b: Orthworm\n|-damage|p1b: Orthworm|34\/100\n|-heal|p2b: Annihilape|52\/100|[from] drain|[of] p1b: Orthworm\n|move|p1b: Orthworm|Body Press|p2b: Annihilape\n|-supereffective|p2b: Annihilape\n|-damage|p2b: Annihilape|25\/100\n|\n|-heal|p2b: Annihilape|31\/100|[from] item: Leftovers\n|upkeep\n|\n|t:|1681783527\n|switch|p2a: Chien-Pao|Chien-Pao, L50|100\/100\n|-ability|p2a: Chien-Pao|Sword of Ruin\n|turn|5\n|\n|t:|1681783559\n|move|p2b: Annihilape|Protect|p2b: Annihilape\n|-singleturn|p2b: Annihilape|Protect\n|move|p1a: Dragonite|Earthquake|p2b: Annihilape|[spread] p2a\n|-activate|p2b: Annihilape|move: Protect\n|-heal|p1b: Orthworm|59\/100|[from] ability: Earth Eater|[of] p1a: Dragonite\n|-damage|p2a: Chien-Pao|44\/100\n|move|p2a: Chien-Pao|Ice Spinner|p1a: Dragonite\n|-supereffective|p1a: Dragonite\n|-damage|p1a: Dragonite|0 fnt\n|faint|p1a: Dragonite\n|move|p1b: Orthworm|Body Press|p2a: Chien-Pao\n|-supereffective|p2a: Chien-Pao\n|-damage|p2a: Chien-Pao|0 fnt\n|faint|p2a: Chien-Pao\n|\n|-heal|p2b: Annihilape|37\/100|[from] item: Leftovers\n|upkeep\n|\n|t:|1681783578\n|switch|p2a: Flutter Mane|Flutter Mane, L50|100\/100\n|switch|p1a: Gyarados|Gyarados, L50, M|100\/100\n|-ability|p1a: Gyarados|Intimidate|boost\n|-unboost|p2a: Flutter Mane|atk|1\n|-unboost|p2b: Annihilape|atk|1\n|turn|6\n|\n|t:|1681783604\n|move|p2a: Flutter Mane|Shadow Ball|p1b: Orthworm\n|-damage|p1b: Orthworm|2\/100\n|move|p2b: Annihilape|Rage Fist|p1a: Gyarados\n|-damage|p1a: Gyarados|23\/100\n|move|p1a: Gyarados|Thunder Wave|p2b: Annihilape\n|-status|p2b: Annihilape|par\n|move|p1b: Orthworm|Heavy Slam|p2a: Flutter Mane\n|-supereffective|p2a: Flutter Mane\n|-damage|p2a: Flutter Mane|0 fnt\n|faint|p2a: Flutter Mane\n|-end|p2a: Flutter Mane|Protosynthesis|[silent]\n|\n|-heal|p2b: Annihilape|43\/100 par|[from] item: Leftovers\n|upkeep\n|turn|7\n|\n|t:|1681783626\n|move|p1a: Gyarados|Bulldoze|p2b: Annihilape|[spread] p2b\n|-heal|p1b: Orthworm|27\/100|[from] ability: Earth Eater|[of] p1a: Gyarados\n|-supereffective|p2b: Annihilape\n|-damage|p2b: Annihilape|31\/100 par\n|-unboost|p2b: Annihilape|spe|1\n|move|p1b: Orthworm|Body Press|p2b: Annihilape\n|-supereffective|p2b: Annihilape\n|-damage|p2b: Annihilape|2\/100 par\n|move|p2b: Annihilape|Rage Fist|p1a: Gyarados\n|-damage|p1a: Gyarados|0 fnt\n|faint|p1a: Gyarados\n|\n|-heal|p2b: Annihilape|8\/100 par|[from] item: Leftovers\n|upkeep\n|\n|t:|1681783642\n|switch|p1a: Flutter Mane|Flutter Mane, L50|100\/100\n|turn|8\n|\n|t:|1681783650\n|move|p1a: Flutter Mane|Hex|p2b: Annihilape\n|-damage|p2b: Annihilape|0 fnt\n|faint|p2b: Annihilape\n|\n|win|Keveloper\n|raw|Keveloper's rating: 1502 → 1516<\/strong> (+14 for winning)\n|raw|bomb2's rating: 1400 → 1386<\/strong> (-14 for losing)\n|l|\u203dbomb2\n","uploadtime":1681783656,"views":9,"p1id":"keveloper","p2id":"bomb2","formatid":"gen9vgc2023regulationc","rating":1386,"private":0,"password":""}