{"id":"gen9vgc2023regulationc-1858012589","p1":"MEntalpengi","p2":"Tempest brute","format":"[Gen 9] VGC 2023 Regulation C","log":"|j|\u2606MEntalpengi\n|j|\u2606Tempest brute\n|t:|1683260127\n|gametype|doubles\n|player|p1|MEntalpengi|1|\n|player|p2|Tempest brute|2|\n|teamsize|p1|6\n|teamsize|p2|5\n|gen|9\n|tier|[Gen 9] VGC 2023 Regulation C\n|rated|Tournament battle\n|rule|Species Clause: Limit one of each Pok\u00e9mon\n|rule|Item Clause: Limit one of each item\n|clearpoke\n|poke|p1|Flutter Mane, L50|\n|poke|p1|Chien-Pao, L50|\n|poke|p1|Iron Hands, L50|\n|poke|p1|Gastrodon-East, L50, M|\n|poke|p1|Arcanine, L50, M|\n|poke|p1|Ting-Lu, L50|\n|poke|p2|Ting-Lu, L50|\n|poke|p2|Roaring Moon, L50|\n|poke|p2|Klefki, L50, F|\n|poke|p2|Skeledirge, L50, M|\n|poke|p2|Iron Bundle, L50|\n|teampreview|4\n|raw| Open Team Sheet for MEntalpengi<\/summary>Lappy (Flutter Mane) @ Life Orb Ability: Protosynthesis Level: 50 Tera Type: Grass - Moonblast - Shadow Ball - Protect - Perish Song Pika (Chien-Pao) @ Focus Sash Ability: Sword of Ruin Level: 50 Tera Type: Fighting - Sucker Punch - Ice Spinner - Sacred Sword - Protect Lax Kun (Iron Hands) @ Assault Vest Ability: Quark Drive Level: 50 Tera Type: Electric - Fake Out - Drain Punch - Wild Charge - Heavy Slam Squirt (Gastrodon-East) @ Covert Cloak Ability: Storm Drain Level: 50 Tera Type: Grass - Icy Wind - Hydro Pump - Protect - Earth Power Zard (Arcanine) @ Safety Goggles Ability: Flash Fire Level: 50 Tera Type: Dark - Will-O-Wisp - Snarl - Flare Blitz - Protect Dinosaur (Ting-Lu) @ Aguav Berry Ability: Vessel of Ruin Level: 50 Tera Type: Dark - Fissure - Stomping Tantrum - Throat Chop - Protect <\/details><\/div> Open Team Sheet for Tempest brute<\/summary>Ting-Lu @ Leftovers Ability: Vessel of Ruin Level: 50 Tera Type: Water - Body Press - Throat Chop - Whirlwind - Protect Roaring Moon @ Booster Energy Ability: Protosynthesis Level: 50 Tera Type: Flying - Substitute - Acrobatics - Jaw Lock - Protect Klefki @ Light Clay Ability: Prankster Level: 50 Tera Type: Water - Reflect - Light Screen - Thunder Wave - Dazzling Gleam Skeledirge @ Sitrus Berry Ability: Unaware Level: 50 Tera Type: Fairy - Will-O-Wisp - Torch Song - Shadow Ball - Slack Off Iron Bundle @ Safety Goggles Ability: Quark Drive Level: 50 Tera Type: Poison - Hydro Pump - Freeze-Dry - Flip Turn - Protect <\/details><\/div>\n|c|\u2606MEntalpengi|gl hf\n|j|%Bright Size\n|j|%Borghi\n|\n|t:|1683260186\n|start\n|switch|p1a: Squirt|Gastrodon-East, L50, M|100\/100\n|switch|p1b: Zard|Arcanine, L50, M|100\/100\n|switch|p2a: Klefki|Klefki, L50, F|100\/100\n|switch|p2b: Skeledirge|Skeledirge, L50, M|100\/100\n|turn|1\n|j| Wottl3y\n|\n|t:|1683260211\n|move|p2a: Klefki|Reflect|p2a: Klefki\n|-sidestart|p2: Tempest brute|Reflect\n|move|p1b: Zard|Flare Blitz|p2a: Klefki\n|-supereffective|p2a: Klefki\n|-damage|p2a: Klefki|37\/100\n|-damage|p1b: Zard|83\/100|[from] Recoil\n|move|p2b: Skeledirge|Will-O-Wisp|p1a: Squirt\n|-status|p1a: Squirt|brn\n|move|p1a: Squirt|Earth Power|p2b: Skeledirge\n|-supereffective|p2b: Skeledirge\n|-damage|p2b: Skeledirge|48\/100\n|-enditem|p2b: Skeledirge|Sitrus Berry|[eat]\n|-heal|p2b: Skeledirge|73\/100|[from] item: Sitrus Berry\n|\n|-damage|p1a: Squirt|95\/100 brn|[from] brn\n|upkeep\n|turn|2\n|j| dewfew\n|\n|t:|1683260248\n|-terastallize|p2b: Skeledirge|Fairy\n|move|p2a: Klefki|Light Screen|p2a: Klefki\n|-sidestart|p2: Tempest brute|move: Light Screen\n|move|p1b: Zard|Flare Blitz|p2a: Klefki\n|-supereffective|p2a: Klefki\n|-damage|p2a: Klefki|0 fnt\n|faint|p2a: Klefki\n|-damage|p1b: Zard|73\/100|[from] Recoil\n|move|p2b: Skeledirge|Torch Song|p1b: Zard\n|-start|p1b: Zard|ability: Flash Fire\n|move|p1a: Squirt|Hydro Pump|p2b: Skeledirge\n|-damage|p2b: Skeledirge|54\/100\n|\n|-damage|p1a: Squirt|89\/100 brn|[from] brn\n|upkeep\n|\n|t:|1683260258\n|switch|p2a: Roaring Moon|Roaring Moon, L50|100\/100\n|-enditem|p2a: Roaring Moon|Booster Energy\n|-activate|p2a: Roaring Moon|ability: Protosynthesis|[fromitem]\n|-start|p2a: Roaring Moon|protosynthesisspe\n|turn|3\n|c|\u2606Tempest brute|wait\n|c|\u2606Tempest brute|WHAT\n|c|\u2606MEntalpengi|?\n|\n|t:|1683260293\n|move|p2a: Roaring Moon|Substitute|p2a: Roaring Moon\n|-start|p2a: Roaring Moon|Substitute\n|-damage|p2a: Roaring Moon|75\/100\n|move|p1b: Zard|Will-O-Wisp||[still]\n|-fail|p1b: Zard\n|move|p2b: Skeledirge|Slack Off|p2b: Skeledirge\n|-heal|p2b: Skeledirge|100\/100\n|move|p1a: Squirt|Icy Wind|p2a: Roaring Moon|[spread] p2a,p2b\n|-supereffective|p2a: Roaring Moon\n|-activate|p2a: Roaring Moon|move: Substitute|[damage]\n|-damage|p2b: Skeledirge|95\/100\n|-unboost|p2b: Skeledirge|spe|1\n|\n|-damage|p1a: Squirt|83\/100 brn|[from] brn\n|upkeep\n|turn|4\n|c|\u2606Tempest brute|have i just witnessed magnifiecene to a degree that is unseen\n|c|\u2606Tempest brute|ever before\n|c|\u2606MEntalpengi|you're witnessing team red 3.0\n|inactive|Battle timer is ON: inactive players will automatically lose when time's up. (requested by Tempest brute)\n|c|\u2606MEntalpengi|daddy\n|inactive|Tempest brute has 60 seconds left.\n|c|\u2606MEntalpengi|oh I can't call you that my bad\n|inactive|Tempest brute has 30 seconds left.\n|inactive|Tempest brute has 20 seconds left.\n|inactive|Tempest brute has 15 seconds left.\n|inactive|Tempest brute has 10 seconds left.\n|inactive|Tempest brute has 5 seconds left.\n|c|\u2606MEntalpengi|:D\n|\n|t:|1683260460\n|switch|p1a: Lax Kun|Iron Hands, L50|100\/100\n|move|p2a: Roaring Moon|Substitute|p2a: Roaring Moon\n|-fail|p2a: Roaring Moon|move: Substitute\n|move|p1b: Zard|Flare Blitz|p2a: Roaring Moon\n|-resisted|p2a: Roaring Moon\n|-end|p2a: Roaring Moon|Substitute\n|-damage|p1b: Zard|68\/100|[from] Recoil|[of] p2a: Roaring Moon\n|move|p2b: Skeledirge|Will-O-Wisp|p1a: Lax Kun\n|-status|p1a: Lax Kun|brn\n|\n|-damage|p1a: Lax Kun|94\/100 brn|[from] brn\n|upkeep\n|turn|5\n|c|\u2606MEntalpengi|oof\n|c|\u2606MEntalpengi|dc?\n|inactive|MEntalpengi has 30 seconds left.\n|inactive|Tempest brute has 30 seconds left.\n|inactive|MEntalpengi has 20 seconds left.\n|inactive|Tempest brute has 20 seconds left.\n|inactive|MEntalpengi has 15 seconds left.\n|inactive|Tempest brute has 15 seconds left.\n|inactive|MEntalpengi has 10 seconds left.\n|inactive|Tempest brute has 10 seconds left.\n|inactive|Tempest brute has 5 seconds left.\n|\n|t:|1683260515\n|move|p1a: Lax Kun|Fake Out|p2b: Skeledirge\n|-damage|p2b: Skeledirge|91\/100\n|move|p2a: Roaring Moon|Substitute|p2a: Roaring Moon\n|-start|p2a: Roaring Moon|Substitute\n|-damage|p2a: Roaring Moon|50\/100\n|move|p1b: Zard|Will-O-Wisp||[still]\n|-fail|p1b: Zard\n|cant|p2b: Skeledirge|flinch\n|\n|-damage|p1a: Lax Kun|88\/100 brn|[from] brn\n|upkeep\n|turn|6\n|c|\u2606MEntalpengi|dennis chan use golden god!\n|inactive|Tempest brute has 30 seconds left.\n|inactive|Tempest brute has 20 seconds left.\n|inactive|Tempest brute has 15 seconds left.\n|inactive|Tempest brute has 10 seconds left.\n|inactive|Tempest brute has 5 seconds left.\n|\n|t:|1683260570\n|move|p2a: Roaring Moon|Substitute|p2a: Roaring Moon\n|-fail|p2a: Roaring Moon|move: Substitute\n|move|p1b: Zard|Flare Blitz|p2a: Roaring Moon\n|-resisted|p2a: Roaring Moon\n|-activate|p2a: Roaring Moon|move: Substitute|[damage]\n|-damage|p1b: Zard|60\/100|[from] Recoil|[of] p2a: Roaring Moon\n|move|p1a: Lax Kun|Heavy Slam|p2b: Skeledirge\n|-supereffective|p2b: Skeledirge\n|-damage|p2b: Skeledirge|82\/100\n|move|p2b: Skeledirge|Will-O-Wisp|p1a: Lax Kun\n|-fail|p1a: Lax Kun|brn\n|\n|-damage|p1a: Lax Kun|82\/100 brn|[from] brn\n|upkeep\n|turn|7\n|c|\u2606MEntalpengi|sugoi\n|inactive|MEntalpengi has 30 seconds left.\n|inactive|Tempest brute has 30 seconds left.\n|inactive|Tempest brute has 20 seconds left.\n|inactive|Tempest brute has 15 seconds left.\n|inactive|Tempest brute has 10 seconds left.\n|inactive|MEntalpengi has 20 seconds left.\n|inactive|Tempest brute has 5 seconds left.\n|inactive|MEntalpengi has 15 seconds left.\n|\n|t:|1683260625\n|move|p2a: Roaring Moon|Substitute|p2a: Roaring Moon\n|-fail|p2a: Roaring Moon|move: Substitute\n|move|p1b: Zard|Flare Blitz|p2b: Skeledirge\n|-damage|p2b: Skeledirge|45\/100\n|-damage|p1b: Zard|47\/100|[from] Recoil\n|move|p1a: Lax Kun|Drain Punch|p2a: Roaring Moon\n|-supereffective|p2a: Roaring Moon\n|-end|p2a: Roaring Moon|Substitute\n|-heal|p1a: Lax Kun|84\/100 brn|[from] drain|[of] p2a: Roaring Moon\n|move|p2b: Skeledirge|Will-O-Wisp|p1a: Lax Kun|[miss]\n|-miss|p2b: Skeledirge|p1a: Lax Kun\n|\n|-damage|p1a: Lax Kun|78\/100 brn|[from] brn\n|upkeep\n|turn|8\n|inactive|Tempest brute has 30 seconds left.\n|inactive|Tempest brute has 20 seconds left.\n|inactive|Tempest brute has 15 seconds left.\n|inactive|Tempest brute has 10 seconds left.\n|inactive|Tempest brute has 5 seconds left.\n|\n|t:|1683260680\n|move|p2a: Roaring Moon|Substitute|p2a: Roaring Moon\n|-start|p2a: Roaring Moon|Substitute\n|-damage|p2a: Roaring Moon|25\/100\n|move|p1b: Zard|Flare Blitz|p2b: Skeledirge\n|-damage|p2b: Skeledirge|9\/100\n|-damage|p1b: Zard|34\/100|[from] Recoil\n|move|p1a: Lax Kun|Drain Punch|p2a: Roaring Moon\n|-supereffective|p2a: Roaring Moon\n|-end|p2a: Roaring Moon|Substitute\n|-heal|p1a: Lax Kun|88\/100 brn|[from] drain|[of] p2a: Roaring Moon\n|move|p2b: Skeledirge|Will-O-Wisp|p1b: Zard\n|-immune|p1b: Zard|[from] ability: Flash Fire\n|\n|-damage|p1a: Lax Kun|82\/100 brn|[from] brn\n|-sideend|p2: Tempest brute|Reflect\n|upkeep\n|turn|9\n|inactive|MEntalpengi has 30 seconds left.\n|inactive|Tempest brute has 30 seconds left.\n|\n|t:|1683260707\n|move|p2a: Roaring Moon|Jaw Lock|p1b: Zard\n|-damage|p1b: Zard|0 fnt\n|faint|p1b: Zard\n|move|p1a: Lax Kun|Heavy Slam|p2b: Skeledirge\n|-supereffective|p2b: Skeledirge\n|-damage|p2b: Skeledirge|0 fnt\n|faint|p2b: Skeledirge\n|\n|-damage|p1a: Lax Kun|76\/100 brn|[from] brn\n|-sideend|p2: Tempest brute|move: Light Screen\n|upkeep\n|\n|t:|1683260716\n|switch|p1b: Lappy|Flutter Mane, L50|100\/100\n|switch|p2b: Ting-Lu|Ting-Lu, L50|100\/100\n|-ability|p2b: Ting-Lu|Vessel of Ruin\n|turn|10\n|c|\u2606Tempest brute|i was afk\n|c|\u2606Tempest brute|lol\n|inactive|MEntalpengi has 30 seconds left.\n|l|%Borghi\n|\n|t:|1683260749\n|move|p2a: Roaring Moon|Protect|p2a: Roaring Moon\n|-singleturn|p2a: Roaring Moon|Protect\n|move|p1b: Lappy|Moonblast|p2a: Roaring Moon\n|-activate|p2a: Roaring Moon|move: Protect\n|move|p1a: Lax Kun|Drain Punch|p2b: Ting-Lu\n|-supereffective|p2b: Ting-Lu\n|-damage|p2b: Ting-Lu|81\/100\n|-heal|p1a: Lax Kun|86\/100 brn|[from] drain|[of] p2b: Ting-Lu\n|move|p2b: Ting-Lu|Throat Chop|p1b: Lappy\n|-damage|p1b: Lappy|54\/100\n|-start|p1b: Lappy|Throat Chop|[silent]\n|\n|-heal|p2b: Ting-Lu|87\/100|[from] item: Leftovers\n|-damage|p1a: Lax Kun|79\/100 brn|[from] brn\n|upkeep\n|turn|11\n|j| baldafor\n|j|+MisterGX\n|\n|t:|1683260772\n|move|p2a: Roaring Moon|Jaw Lock|p1b: Lappy\n|-damage|p1b: Lappy|2\/100\n|-activate|p2a: Roaring Moon|trapped\n|move|p1b: Lappy|Moonblast|p2b: Ting-Lu\n|-supereffective|p2b: Ting-Lu\n|-damage|p2b: Ting-Lu|26\/100\n|-unboost|p2b: Ting-Lu|spa|1\n|-damage|p1b: Lappy|0 fnt|[from] item: Life Orb\n|faint|p1b: Lappy\n|-end|p1b: Lappy|Protosynthesis|[silent]\n|move|p1a: Lax Kun|Drain Punch|p2a: Roaring Moon\n|-supereffective|p2a: Roaring Moon\n|-damage|p2a: Roaring Moon|0 fnt\n|-heal|p1a: Lax Kun|90\/100 brn|[from] drain|[of] p2a: Roaring Moon\n|faint|p2a: Roaring Moon\n|-end|p2a: Roaring Moon|Protosynthesis|[silent]\n|move|p2b: Ting-Lu|Body Press|p1a: Lax Kun\n|-damage|p1a: Lax Kun|73\/100 brn\n|\n|-heal|p2b: Ting-Lu|32\/100|[from] item: Leftovers\n|-damage|p1a: Lax Kun|66\/100 brn|[from] brn\n|upkeep\n|\n|t:|1683260783\n|switch|p1b: Squirt|Gastrodon-East, L50, M|83\/100 brn\n|turn|12\n|c|\u2606MEntalpengi|i figured :\/\n|c|\u2606MEntalpengi|MEntalpengi:\n|inactive|MEntalpengi has 30 seconds left.\n|\n|t:|1683260809\n|move|p2b: Ting-Lu|Protect|p2b: Ting-Lu\n|-singleturn|p2b: Ting-Lu|Protect\n|move|p1a: Lax Kun|Drain Punch|p2b: Ting-Lu\n|-activate|p2b: Ting-Lu|move: Protect\n|move|p1b: Squirt|Hydro Pump|p2b: Ting-Lu\n|-activate|p2b: Ting-Lu|move: Protect\n|\n|-heal|p2b: Ting-Lu|38\/100|[from] item: Leftovers\n|-damage|p1a: Lax Kun|60\/100 brn|[from] brn\n|-damage|p1b: Squirt|77\/100 brn|[from] brn\n|upkeep\n|turn|13\n|\n|t:|1683260819\n|move|p1a: Lax Kun|Drain Punch|p2b: Ting-Lu\n|-supereffective|p2b: Ting-Lu\n|-crit|p2b: Ting-Lu\n|-damage|p2b: Ting-Lu|10\/100\n|-heal|p1a: Lax Kun|74\/100 brn|[from] drain|[of] p2b: Ting-Lu\n|move|p2b: Ting-Lu|Throat Chop|p1b: Squirt\n|-damage|p1b: Squirt|47\/100 brn\n|move|p1b: Squirt|Earth Power|p2b: Ting-Lu\n|-damage|p2b: Ting-Lu|0 fnt\n|faint|p2b: Ting-Lu\n|\n|win|MEntalpengi\n|n|\u2606MEntalpengi|mentalpengi\n|n|\u2606Tempest brute|tempestbrute\n|n| Bright Size|brightsize\n|n| Wottl3y|wottl3y\n|n| dewfew|dewfew\n|n| baldafor|baldafor\n|n| MisterGX|mistergx\n","uploadtime":1683260820,"views":4,"p1id":"mentalpengi","p2id":"tempestbrute","formatid":"gen9vgc2023regulationc","rating":0,"private":0,"password":""}