{"id":"gen9vgc2023regulationc-1845269793","p1":"Adolfcitron","p2":"nxchoro","format":"[Gen 9] VGC 2023 Regulation C","log":"|j|\u2606Adolfcitron\n|j|\u2606nxchoro\n|t:|1681705106\n|gametype|doubles\n|player|p1|Adolfcitron|riley|1125\n|player|p2|nxchoro|2|1218\n|teamsize|p1|6\n|teamsize|p2|6\n|gen|9\n|tier|[Gen 9] VGC 2023 Regulation C\n|rated|\n|rule|Species Clause: Limit one of each Pok\u00e9mon\n|rule|Item Clause: Limit one of each item\n|clearpoke\n|poke|p1|Pelipper, L50, F|\n|poke|p1|Arcanine, L50, F|\n|poke|p1|Iron Hands, L50|\n|poke|p1|Palafin, L50, F|\n|poke|p1|Ting-Lu, L50|\n|poke|p1|Iron Bundle, L50|\n|poke|p2|Gyarados, L50, F|\n|poke|p2|Corviknight, L50, M|\n|poke|p2|Iron Hands, L50|\n|poke|p2|Chien-Pao, L50|\n|poke|p2|Dragapult, L50, F|\n|poke|p2|Arcanine, L50, F|\n|teampreview|4\n|inactive|Battle timer is ON: inactive players will automatically lose when time's up. (requested by nxchoro)\n|\n|t:|1681705140\n|start\n|switch|p1a: Ting-Lu|Ting-Lu, L50|100\/100\n|switch|p1b: Iron Hands|Iron Hands, L50|100\/100\n|switch|p2a: Iron Hands|Iron Hands, L50|100\/100\n|switch|p2b: Gyarados|Gyarados, L50, F, shiny|100\/100\n|-ability|p2b: Gyarados|Intimidate|boost\n|-unboost|p1a: Ting-Lu|atk|1\n|-unboost|p1b: Iron Hands|atk|1\n|-ability|p1a: Ting-Lu|Vessel of Ruin\n|turn|1\n|\n|t:|1681705164\n|move|p2a: Iron Hands|Fake Out|p1b: Iron Hands\n|-damage|p1b: Iron Hands|90\/100\n|move|p2b: Gyarados|Dragon Dance|p2b: Gyarados\n|-boost|p2b: Gyarados|atk|1\n|-boost|p2b: Gyarados|spe|1\n|cant|p1b: Iron Hands|flinch\n|move|p1a: Ting-Lu|Fissure|p2a: Iron Hands\n|-damage|p2a: Iron Hands|0 fnt\n|faint|p2a: Iron Hands\n|-end|p2a: Iron Hands|Quark Drive|[silent]\n|-ohko\n|\n|upkeep\n|\n|t:|1681705175\n|switch|p2a: Chien-Pao|Chien-Pao, L50|100\/100\n|-ability|p2a: Chien-Pao|Sword of Ruin\n|turn|2\n|\n|t:|1681705188\n|move|p2a: Chien-Pao|Sacred Sword|p1b: Iron Hands\n|-damage|p1b: Iron Hands|56\/100\n|move|p2b: Gyarados|Waterfall|p1b: Iron Hands\n|-damage|p1b: Iron Hands|6\/100\n|move|p1b: Iron Hands|Volt Switch|p2b: Gyarados\n|-supereffective|p2b: Gyarados\n|-damage|p2b: Gyarados|75\/100\n|\n|t:|1681705198\n|-end|p1b: Iron Hands|Quark Drive|[silent]\n|switch|p1b: Arcanine|Arcanine, L50, F|100\/100|[from] Volt Switch\n|-ability|p1b: Arcanine|Intimidate|boost\n|-unboost|p2a: Chien-Pao|atk|1\n|-unboost|p2b: Gyarados|atk|1\n|move|p1a: Ting-Lu|Fissure|p2a: Chien-Pao\n|-enditem|p2a: Chien-Pao|Focus Sash\n|-damage|p2a: Chien-Pao|1\/100\n|\n|upkeep\n|turn|3\n|c|\u2606Adolfcitron|what the\n|inactive|Adolfcitron has 30 seconds left.\n|\n|t:|1681705227\n|move|p2a: Chien-Pao|Icicle Crash|p1a: Ting-Lu\n|-supereffective|p1a: Ting-Lu\n|-damage|p1a: Ting-Lu|46\/100\n|move|p2b: Gyarados|Waterfall|p1a: Ting-Lu\n|-supereffective|p1a: Ting-Lu\n|-crit|p1a: Ting-Lu\n|-damage|p1a: Ting-Lu|0 fnt\n|faint|p1a: Ting-Lu\n|move|p1b: Arcanine|Will-O-Wisp|p2b: Gyarados|[miss]\n|-miss|p1b: Arcanine|p2b: Gyarados\n|\n|upkeep\n|\n|t:|1681705248\n|switch|p1a: Iron Hands|Iron Hands, L50|6\/100\n|turn|4\n|\n|t:|1681705257\n|move|p2a: Chien-Pao|Protect|p2a: Chien-Pao\n|-singleturn|p2a: Chien-Pao|Protect\n|move|p1a: Iron Hands|Fake Out|p2b: Gyarados\n|-damage|p2b: Gyarados|56\/100\n|move|p1b: Arcanine|Extreme Speed|p2a: Chien-Pao\n|-activate|p2a: Chien-Pao|move: Protect\n|cant|p2b: Gyarados|flinch\n|\n|upkeep\n|turn|5\n|\n|t:|1681705279\n|switch|p2a: Corviknight|Corviknight, L50, M|100\/100\n|move|p1b: Arcanine|Extreme Speed|p2a: Corviknight\n|-resisted|p2a: Corviknight\n|-damage|p2a: Corviknight|89\/100\n|move|p2b: Gyarados|Waterfall|p1a: Iron Hands\n|-damage|p1a: Iron Hands|0 fnt\n|faint|p1a: Iron Hands\n|-end|p1a: Iron Hands|Quark Drive|[silent]\n|\n|-heal|p2a: Corviknight|95\/100|[from] item: Leftovers\n|upkeep\n|\n|t:|1681705282\n|switch|p1a: Iron Bundle|Iron Bundle, L50|100\/100\n|-enditem|p1a: Iron Bundle|Booster Energy\n|-activate|p1a: Iron Bundle|ability: Quark Drive|[fromitem]\n|-start|p1a: Iron Bundle|quarkdrivespe\n|turn|6\n|inactive|nxchoro has 30 seconds left.\n|inactive|nxchoro has 20 seconds left.\n|inactive|nxchoro has 15 seconds left.\n|\n|t:|1681705322\n|-terastallize|p2b: Gyarados|Fire\n|move|p1a: Iron Bundle|Freeze-Dry|p2b: Gyarados\n|-resisted|p2b: Gyarados\n|-damage|p2b: Gyarados|44\/100\n|move|p2b: Gyarados|Waterfall|p1b: Arcanine\n|-supereffective|p1b: Arcanine\n|-damage|p1b: Arcanine|21\/100\n|-enditem|p1b: Arcanine|Sitrus Berry|[eat]\n|-heal|p1b: Arcanine|46\/100|[from] item: Sitrus Berry\n|move|p1b: Arcanine|Will-O-Wisp|p2a: Corviknight|[miss]\n|-miss|p1b: Arcanine|p2a: Corviknight\n|move|p2a: Corviknight|Tailwind|p2a: Corviknight\n|-sidestart|p2: nxchoro|move: Tailwind\n|\n|-heal|p2a: Corviknight|100\/100|[from] item: Leftovers\n|upkeep\n|turn|7\n|inactive|Adolfcitron has 30 seconds left.\n|inactive|nxchoro has 30 seconds left.\n|\n|t:|1681705356\n|switch|p2a: Chien-Pao|Chien-Pao, L50|1\/100\n|-ability|p2a: Chien-Pao|Sword of Ruin\n|move|p1a: Iron Bundle|Hydro Pump|p2b: Gyarados\n|-supereffective|p2b: Gyarados\n|-damage|p2b: Gyarados|0 fnt\n|faint|p2b: Gyarados\n|move|p1b: Arcanine|Will-O-Wisp|p2a: Chien-Pao\n|-status|p2a: Chien-Pao|brn\n|\n|-damage|p2a: Chien-Pao|0 fnt|[from] brn\n|faint|p2a: Chien-Pao\n|upkeep\n|\n|t:|1681705370\n|switch|p2b: Corviknight|Corviknight, L50, M|100\/100\n|turn|8\n|c|\u2606Adolfcitron|ah?\n|inactive|Adolfcitron has 30 seconds left.\n|\n|t:|1681705399\n|move|p1a: Iron Bundle|Freeze-Dry|p2b: Corviknight\n|-damage|p2b: Corviknight|73\/100\n|-status|p2b: Corviknight|frz\n|-curestatus|p2b: Corviknight|frz|[msg]\n|move|p2b: Corviknight|Brave Bird|p1b: Arcanine\n|-damage|p1b: Arcanine|3\/100\n|-damage|p2b: Corviknight|59\/100|[from] Recoil\n|move|p1b: Arcanine|Will-O-Wisp|p2b: Corviknight\n|-status|p2b: Corviknight|brn\n|\n|-heal|p2b: Corviknight|65\/100 brn|[from] item: Leftovers\n|-damage|p2b: Corviknight|59\/100 brn|[from] brn\n|upkeep\n|turn|9\n|\n|t:|1681705424\n|move|p1b: Arcanine|Extreme Speed|p2b: Corviknight\n|-resisted|p2b: Corviknight\n|-damage|p2b: Corviknight|48\/100 brn\n|move|p1a: Iron Bundle|Freeze-Dry|p2b: Corviknight\n|-damage|p2b: Corviknight|23\/100 brn\n|move|p2b: Corviknight|Brave Bird|p1b: Arcanine\n|-damage|p1b: Arcanine|0 fnt\n|faint|p1b: Arcanine\n|-damage|p2b: Corviknight|22\/100 brn|[from] Recoil\n|\n|-heal|p2b: Corviknight|28\/100 brn|[from] item: Leftovers\n|-damage|p2b: Corviknight|22\/100 brn|[from] brn\n|-sideend|p2: nxchoro|move: Tailwind\n|upkeep\n|turn|10\n|\n|t:|1681705438\n|move|p1a: Iron Bundle|Freeze-Dry|p2b: Corviknight\n|-damage|p2b: Corviknight|0 fnt\n|faint|p2b: Corviknight\n|\n|win|Adolfcitron\n|raw|Adolfcitron's rating: 1125 → 1157<\/strong> (+32 for winning)\n|raw|nxchoro's rating: 1218 → 1186<\/strong> (-32 for losing)\n","uploadtime":1681705444,"views":9,"p1id":"adolfcitron","p2id":"nxchoro","formatid":"gen9vgc2023regulationc","rating":1157,"private":0,"password":""}