{"id":"gen9vgc2023regulationc-1851698907","p1":"SoutherlySoup","p2":"chaoneng","format":"[Gen 9] VGC 2023 Regulation C","log":"|j|\u2606SoutherlySoup\n|j|\u2606chaoneng\n|t:|1682471428\n|gametype|doubles\n|player|p1|SoutherlySoup|dawn|1264\n|player|p2|chaoneng|kimonogirl|1290\n|teamsize|p1|6\n|teamsize|p2|6\n|gen|9\n|tier|[Gen 9] VGC 2023 Regulation C\n|rated|\n|rule|Species Clause: Limit one of each Pok\u00e9mon\n|rule|Item Clause: Limit one of each item\n|clearpoke\n|poke|p1|Tatsugiri, L50, F|\n|poke|p1|Dondozo, L50, M|\n|poke|p1|Brute Bonnet, L50|\n|poke|p1|Chien-Pao, L50|\n|poke|p1|Arcanine, L50, M|\n|poke|p1|Dragonite, L50, F|\n|poke|p2|Amoonguss, L50, M|\n|poke|p2|Flutter Mane, L50|\n|poke|p2|Palafin, L50, M|\n|poke|p2|Arcanine, L50, M|\n|poke|p2|Iron Bundle, L50|\n|poke|p2|Ting-Lu, L50|\n|teampreview|4\n|inactive|Battle timer is ON: inactive players will automatically lose when time's up. (requested by chaoneng)\nSoutherlySoup rejected open team sheets.\n|\n|t:|1682471459\n|start\n|switch|p1a: Pa-PAO|Chien-Pao, L50|100\/100\n|switch|p1b: Sus v2|Brute Bonnet, L50|100\/100\n|switch|p2a: Palafin|Palafin, L50, M|100\/100\n|switch|p2b: Iron Bundle|Iron Bundle, L50|100\/100\n|-ability|p1a: Pa-PAO|Sword of Ruin\n|-enditem|p2b: Iron Bundle|Booster Energy\n|-activate|p2b: Iron Bundle|ability: Quark Drive|[fromitem]\n|-start|p2b: Iron Bundle|quarkdrivespe\n|-enditem|p1b: Sus v2|Booster Energy\n|-activate|p1b: Sus v2|ability: Protosynthesis|[fromitem]\n|-start|p1b: Sus v2|protosynthesisatk\n|turn|1\n|\n|t:|1682471476\n|detailschange|p2a: Palafin|Palafin-Hero, L50, M\n|switch|p2a: Arcanine|Arcanine, L50, M|100\/100\n|-ability|p2a: Arcanine|Intimidate|boost\n|-unboost|p1a: Pa-PAO|atk|1\n|-unboost|p1b: Sus v2|atk|1\n|move|p2b: Iron Bundle|Protect|p2b: Iron Bundle\n|-singleturn|p2b: Iron Bundle|Protect\n|move|p1a: Pa-PAO|Sacred Sword|p2b: Iron Bundle\n|-activate|p2b: Iron Bundle|move: Protect\n|move|p1b: Sus v2|Spore|p2a: Arcanine\n|-activate|p2a: Arcanine|item: Safety Goggles|Spore\n|\n|upkeep\n|turn|2\n|inactive|chaoneng has 30 seconds left.\n|inactive|chaoneng has 20 seconds left.\n|inactive|chaoneng has 15 seconds left.\n|inactive|chaoneng has 10 seconds left.\n|inactive|chaoneng has 5 seconds left.\n|\n|t:|1682471526\n|-end|p2b: Iron Bundle|Quark Drive|[silent]\n|switch|p2b: Amoonguss|Amoonguss, L50, M|100\/100\n|move|p1b: Sus v2|Sucker Punch|p2a: Arcanine\n|-damage|p2a: Arcanine|58\/100\n|move|p1a: Pa-PAO|Sacred Sword|p2b: Amoonguss\n|-resisted|p2b: Amoonguss\n|-damage|p2b: Amoonguss|88\/100\n|move|p2a: Arcanine|Flare Blitz|p1b: Sus v2\n|-supereffective|p1b: Sus v2\n|-damage|p1b: Sus v2|10\/100\n|-damage|p2a: Arcanine|29\/100|[from] Recoil\n|\n|upkeep\n|turn|3\n|inactive|SoutherlySoup has 30 seconds left.\n|inactive|chaoneng has 30 seconds left.\n|\n|t:|1682471559\n|move|p2a: Arcanine|Extreme Speed|p1b: Sus v2\n|-damage|p1b: Sus v2|0 fnt\n|faint|p1b: Sus v2\n|-end|p1b: Sus v2|Protosynthesis|[silent]\n|move|p2b: Amoonguss|Rage Powder|p2b: Amoonguss\n|-singleturn|p2b: Amoonguss|move: Rage Powder\n|move|p1a: Pa-PAO|Ice Spinner|p2b: Amoonguss\n|-supereffective|p2b: Amoonguss\n|-damage|p2b: Amoonguss|26\/100\n|-enditem|p2b: Amoonguss|Sitrus Berry|[eat]\n|-heal|p2b: Amoonguss|51\/100|[from] item: Sitrus Berry\n|\n|upkeep\n|\n|t:|1682471570\n|switch|p1b: Papa|Dondozo, L50, M|100\/100\n|turn|4\n|\n|t:|1682471582\n|switch|p2a: Iron Bundle|Iron Bundle, L50|100\/100\n|move|p1b: Papa|Protect|p1b: Papa\n|-singleturn|p1b: Papa|Protect\n|move|p2b: Amoonguss|Protect|p2b: Amoonguss\n|-singleturn|p2b: Amoonguss|Protect\n|move|p1a: Pa-PAO|Ice Spinner|p2b: Amoonguss\n|-activate|p2b: Amoonguss|move: Protect\n|\n|upkeep\n|turn|5\n|\n|t:|1682471606\n|switch|p1a: Get Got|Tatsugiri, L50, F|100\/100\n|-activate|p1a: Get Got|ability: Commander|[of] p1b: Papa\n|-boost|p1b: Papa|atk|2\n|-boost|p1b: Papa|spa|2\n|-boost|p1b: Papa|spe|2\n|-boost|p1b: Papa|def|2\n|-boost|p1b: Papa|spd|2\n|-terastallize|p1b: Papa|Electric\n|-terastallize|p2b: Amoonguss|Water\n|move|p2b: Amoonguss|Rage Powder|p2b: Amoonguss\n|-singleturn|p2b: Amoonguss|move: Rage Powder\n|move|p2a: Iron Bundle|Encore|p1b: Papa\n|-start|p1b: Papa|Encore\n|move|p1b: Papa|Protect||[still]\n|-fail|p1b: Papa\n|\n|upkeep\n|turn|6\n|\n|t:|1682471628\n|switch|p2b: Palafin|Palafin-Hero, L50, M|100\/100\n|-activate|p2b: Palafin|ability: Zero to Hero\n|move|p1b: Papa|Protect|p1b: Papa\n|-singleturn|p1b: Papa|Protect\n|move|p2a: Iron Bundle|Hydro Pump|p1b: Papa\n|-activate|p1b: Papa|move: Protect\n|\n|upkeep\n|turn|7\n|\n|t:|1682471641\n|move|p1b: Papa|Protect|p1b: Papa\n|-singleturn|p1b: Papa|Protect\n|move|p2a: Iron Bundle|Hydro Pump|p1b: Papa\n|-activate|p1b: Papa|move: Protect\n|move|p2b: Palafin|Haze|p2b: Palafin\n|-clearallboost\n|\n|-end|p1b: Papa|Encore\n|upkeep\n|turn|8\n|\n|t:|1682471655\n|move|p2a: Iron Bundle|Encore|p1b: Papa\n|-start|p1b: Papa|Encore\n|move|p2b: Palafin|Wave Crash|p1b: Papa\n|-damage|p1b: Papa|30\/100\n|-damage|p2b: Palafin|75\/100|[from] Recoil\n|move|p1b: Papa|Protect||[still]\n|-fail|p1b: Papa\n|\n|-heal|p1b: Papa|36\/100|[from] item: Leftovers\n|upkeep\n|turn|9\n|\n|t:|1682471676\n|switch|p2b: Amoonguss|Amoonguss, L50, M, tera:Water|84\/100\n|move|p2a: Iron Bundle|Protect|p2a: Iron Bundle\n|-singleturn|p2a: Iron Bundle|Protect\n|move|p1b: Papa|Protect||[still]\n|-fail|p1b: Papa\n|\n|-heal|p1b: Papa|42\/100|[from] item: Leftovers\n|upkeep\n|turn|10\n|\n|t:|1682471697\n|move|p1b: Papa|Protect|p1b: Papa\n|-singleturn|p1b: Papa|Protect\n|move|p2a: Iron Bundle|Hydro Pump|p1b: Papa\n|-activate|p1b: Papa|move: Protect\n|move|p2b: Amoonguss|Spore|p1b: Papa\n|-activate|p1b: Papa|move: Protect\n|\n|-heal|p1b: Papa|48\/100|[from] item: Leftovers\n|-end|p1b: Papa|Encore\n|upkeep\n|turn|11\n|\n|t:|1682471713\n|move|p2a: Iron Bundle|Encore|p1b: Papa\n|-start|p1b: Papa|Encore\n|move|p1b: Papa|Protect|p1b: Papa\n|-singleturn|p1b: Papa|Protect\n|move|p2b: Amoonguss|Pollen Puff|p1b: Papa\n|-activate|p1b: Papa|move: Protect\n|\n|-heal|p1b: Papa|54\/100|[from] item: Leftovers\n|upkeep\n|turn|12\n|\n|t:|1682471734\n|move|p1b: Papa|Protect||[still]\n|-fail|p1b: Papa\n|move|p2a: Iron Bundle|Hydro Pump|p1b: Papa\n|-damage|p1b: Papa|0 fnt\n|faint|p1b: Papa\n|move|p2b: Amoonguss|Spore|p1a: Get Got\n|-status|p1a: Get Got|slp|[from] move: Spore\n|\n|upkeep\n|\n|t:|1682471742\n|switch|p1b: Pa-PAO|Chien-Pao, L50|100\/100\n|-ability|p1b: Pa-PAO|Sword of Ruin\n|turn|13\n|\n|t:|1682471752\n|move|p2b: Amoonguss|Rage Powder|p2b: Amoonguss\n|-singleturn|p2b: Amoonguss|move: Rage Powder\n|cant|p1a: Get Got|slp\n|move|p2a: Iron Bundle|Freeze-Dry|p1a: Get Got\n|-supereffective|p1a: Get Got\n|-damage|p1a: Get Got|0 fnt\n|faint|p1a: Get Got\n|move|p1b: Pa-PAO|Sacred Sword|p2b: Amoonguss\n|-damage|p2b: Amoonguss|48\/100\n|\n|upkeep\n|turn|14\n|\n|t:|1682471766\n|move|p2a: Iron Bundle|Protect|p2a: Iron Bundle\n|-singleturn|p2a: Iron Bundle|Protect\n|move|p1b: Pa-PAO|Sacred Sword|p2a: Iron Bundle\n|-activate|p2a: Iron Bundle|move: Protect\n|move|p2b: Amoonguss|Spore|p1b: Pa-PAO\n|-status|p1b: Pa-PAO|slp|[from] move: Spore\n|\n|upkeep\n|turn|15\n|\n|t:|1682471778\n|switch|p2b: Arcanine|Arcanine, L50, M|29\/100\n|-ability|p2b: Arcanine|Intimidate|boost\n|-unboost|p1b: Pa-PAO|atk|1\n|move|p2a: Iron Bundle|Freeze-Dry|p1b: Pa-PAO\n|-resisted|p1b: Pa-PAO\n|-damage|p1b: Pa-PAO|70\/100 slp\n|cant|p1b: Pa-PAO|slp\n|\n|upkeep\n|turn|16\n|\n|t:|1682471795\n|move|p2a: Iron Bundle|Hydro Pump|p1b: Pa-PAO|[miss]\n|-miss|p2a: Iron Bundle|p1b: Pa-PAO\n|cant|p1b: Pa-PAO|slp\n|move|p2b: Arcanine|Flare Blitz|p1b: Pa-PAO\n|-supereffective|p1b: Pa-PAO\n|-damage|p1b: Pa-PAO|0 fnt\n|faint|p1b: Pa-PAO\n|-damage|p2b: Arcanine|12\/100|[from] Recoil\n|\n|win|chaoneng\n|raw|SoutherlySoup's rating: 1264 → 1241<\/strong> (-23 for losing)\n|raw|chaoneng's rating: 1290 → 1313<\/strong> (+23 for winning)\n","uploadtime":1682471804,"views":13,"p1id":"southerlysoup","p2id":"chaoneng","formatid":"gen9vgc2023regulationc","rating":1241,"private":0,"password":""}