{"id":"gen9vgc2023regulationc-1862056466","p1":"zippLapZapper","p2":"TKOWL","format":"[Gen 9] VGC 2023 Regulation C","log":"|j|\u2606zippLapZapper\n|j|\u2606TKOWL\n|t:|1683832691\n|gametype|doubles\n|player|p1|zippLapZapper|hilbert-wonderlauncher|1421\n|player|p2|TKOWL|roxie|1568\n|teamsize|p1|6\n|teamsize|p2|6\n|gen|9\n|tier|[Gen 9] VGC 2023 Regulation C\n|rated|\n|rule|Species Clause: Limit one of each Pok\u00e9mon\n|rule|Item Clause: Limit one of each item\n|clearpoke\n|poke|p1|Garchomp, L50, F|\n|poke|p1|Talonflame, L50, M|\n|poke|p1|Flutter Mane, L50|\n|poke|p1|Iron Bundle, L50|\n|poke|p1|Chien-Pao, L50|\n|poke|p1|Tyranitar, L50, M|\n|poke|p2|Chi-Yu, L50|\n|poke|p2|Farigiraf, L50, M|\n|poke|p2|Gyarados, L50, F|\n|poke|p2|Flutter Mane, L50|\n|poke|p2|Iron Hands, L50|\n|poke|p2|Amoonguss, L50, F|\n|teampreview|4\nzippLapZapper has agreed to open team sheets.\nTKOWL has agreed to open team sheets.\n|\n|t:|1683832757\n|start\n|switch|p1a: Iron Bundle|Iron Bundle, L50|100\/100\n|switch|p1b: Tyranitar|Tyranitar, L50, M|100\/100\n|switch|p2a: Farigiraf|Farigiraf, L50, M|100\/100\n|switch|p2b: Gyarados|Gyarados, L50, F, shiny|100\/100\n|-ability|p2b: Gyarados|Intimidate|boost\n|-unboost|p1a: Iron Bundle|atk|1\n|-unboost|p1b: Tyranitar|atk|1\n|-weather|Sandstorm|[from] ability: Sand Stream|[of] p1b: Tyranitar\n|-enditem|p1a: Iron Bundle|Booster Energy\n|-activate|p1a: Iron Bundle|ability: Quark Drive|[fromitem]\n|-start|p1a: Iron Bundle|quarkdrivespe\n|turn|1\n|\n|t:|1683832799\n|switch|p2b: Iron Hands|Iron Hands, L50|100\/100\n|-terastallize|p2a: Farigiraf|Normal\n|move|p1a: Iron Bundle|Icy Wind|p2b: Iron Hands|[spread] p2a,p2b\n|-damage|p2a: Farigiraf|79\/100\n|-damage|p2b: Iron Hands|90\/100\n|-unboost|p2a: Farigiraf|spe|1\n|-unboost|p2b: Iron Hands|spe|1\n|move|p1b: Tyranitar|Assurance|p2a: Farigiraf\n|-damage|p2a: Farigiraf|37\/100\n|move|p2a: Farigiraf|Trick Room|p2a: Farigiraf\n|-fieldstart|move: Trick Room|[of] p2a: Farigiraf\n|\n|-weather|Sandstorm|[upkeep]\n|-damage|p2b: Iron Hands|84\/100|[from] Sandstorm\n|-damage|p2a: Farigiraf|31\/100|[from] Sandstorm\n|-damage|p1a: Iron Bundle|95\/100|[from] Sandstorm\n|upkeep\n|turn|2\n|\n|t:|1683832824\n|-terastallize|p1b: Tyranitar|Grass\n|move|p2b: Iron Hands|Drain Punch|p1b: Tyranitar\n|-damage|p1b: Tyranitar|57\/100\n|-heal|p2b: Iron Hands|100\/100|[from] drain|[of] p1b: Tyranitar\n|move|p2a: Farigiraf|Hyper Voice|p1a: Iron Bundle|[spread] p1a,p1b\n|-damage|p1a: Iron Bundle|10\/100\n|-damage|p1b: Tyranitar|27\/100\n|-enditem|p2a: Farigiraf|Throat Spray\n|-boost|p2a: Farigiraf|spa|1|[from] item: Throat Spray\n|move|p1b: Tyranitar|Rock Slide|p2a: Farigiraf|[spread] p2a,p2b\n|-resisted|p2b: Iron Hands\n|-damage|p2a: Farigiraf|9\/100\n|-damage|p2b: Iron Hands|93\/100\n|move|p1a: Iron Bundle|Encore|p2b: Iron Hands\n|-start|p2b: Iron Hands|Encore\n|\n|-weather|Sandstorm|[upkeep]\n|-damage|p2b: Iron Hands|87\/100|[from] Sandstorm\n|-damage|p2a: Farigiraf|3\/100|[from] Sandstorm\n|-damage|p1b: Tyranitar|21\/100|[from] Sandstorm\n|-damage|p1a: Iron Bundle|4\/100|[from] Sandstorm\n|upkeep\n|turn|3\n|\n|t:|1683832848\n|move|p2b: Iron Hands|Drain Punch|p1b: Tyranitar\n|-damage|p1b: Tyranitar|0 fnt\n|-heal|p2b: Iron Hands|95\/100|[from] drain|[of] p1b: Tyranitar\n|faint|p1b: Tyranitar\n|move|p2a: Farigiraf|Psyshock|p1a: Iron Bundle\n|-damage|p1a: Iron Bundle|0 fnt\n|faint|p1a: Iron Bundle\n|-end|p1a: Iron Bundle|Quark Drive|[silent]\n|\n|-weather|Sandstorm|[upkeep]\n|-damage|p2b: Iron Hands|89\/100|[from] Sandstorm\n|-damage|p2a: Farigiraf|0 fnt|[from] Sandstorm\n|faint|p2a: Farigiraf\n|upkeep\n|\n|t:|1683832859\n|switch|p2a: Chi-Yu|Chi-Yu, L50|100\/100\n|switch|p1b: Chien-Pao|Chien-Pao, L50|100\/100\n|switch|p1a: Garchomp|Garchomp, L50, F|100\/100\n|-ability|p2a: Chi-Yu|Beads of Ruin\n|-ability|p1b: Chien-Pao|Sword of Ruin\n|turn|4\n|\n|t:|1683832884\n|move|p1b: Chien-Pao|Protect|p1b: Chien-Pao\n|-singleturn|p1b: Chien-Pao|Protect\n|move|p2b: Iron Hands|Drain Punch|p1a: Garchomp\n|-damage|p1a: Garchomp|37\/100\n|-heal|p2b: Iron Hands|100\/100|[from] drain|[of] p1a: Garchomp\n|-damage|p2b: Iron Hands|88\/100|[from] ability: Rough Skin|[of] p1a: Garchomp\n|move|p2a: Chi-Yu|Dark Pulse|p1a: Garchomp\n|-damage|p1a: Garchomp|0 fnt\n|faint|p1a: Garchomp\n|\n|-weather|Sandstorm|[upkeep]\n|-damage|p2b: Iron Hands|82\/100|[from] Sandstorm\n|-damage|p1b: Chien-Pao|95\/100|[from] Sandstorm\n|upkeep\n|turn|5\n|-message|zippLapZapper forfeited.\n|\n|win|TKOWL\n|raw|zippLapZapper's rating: 1421 → 1409<\/strong> (-12 for losing)\n|raw|TKOWL's rating: 1568 → 1580<\/strong> (+12 for winning)\n|l|\u2606TKOWL\n","uploadtime":1683832909,"views":18,"p1id":"zipplapzapper","p2id":"tkowl","formatid":"gen9vgc2023regulationc","rating":1409,"private":0,"password":""}