{"id":"gen9vgc2023regulationc-1853132719","p1":"SATMaofever","p2":"ThatWillKid","format":"[Gen 9] VGC 2023 Regulation C","log":"|j|\u2606SATMaofever\n|j|\u2606ThatWillKid\n|t:|1682639131\n|gametype|doubles\n|player|p1|SATMaofever|viola|\n|player|p2|ThatWillKid|volkner|\n|teamsize|p1|6\n|teamsize|p2|6\n|gen|9\n|tier|[Gen 9] VGC 2023 Regulation C\n|rule|Species Clause: Limit one of each Pok\u00e9mon\n|rule|Item Clause: Limit one of each item\n|clearpoke\n|poke|p1|Gothorita, L50, F|\n|poke|p1|Growlithe, L50, M|\n|poke|p1|Pikachu, L50, F|\n|poke|p1|Morgrem, L50, M|\n|poke|p1|Haunter, L50, M|\n|poke|p1|Foongus, L50, M|\n|poke|p2|Magnemite, L50|\n|poke|p2|Girafarig, L50, F|\n|poke|p2|Murkrow, L50, M|\n|poke|p2|Snorunt, L50, F|\n|poke|p2|Foongus, L50, F|\n|poke|p2|Crabrawler, L50, M|\n|teampreview|4\n|c|\u2606ThatWillKid|glhf\n|c|\u2606SATMaofever|glhf!\n|j| sneedchungus69\n|j| yaboyredmond\n|\n|t:|1682639324\n|start\n|switch|p1a: Trip|Gothorita, L50, F, shiny|100\/100\n|switch|p1b: mikey20100|Haunter, L50, M|100\/100\n|switch|p2a: GOAT|Girafarig, L50, F|100\/100\n|switch|p2b: Button Clicker|Murkrow, L50, M|100\/100\n|turn|1\n|l| yaboyredmond\n|\n|t:|1682639459\n|-terastallize|p1b: mikey20100|Grass\n|-terastallize|p2b: Button Clicker|Ghost\n|move|p1a: Trip|Fake Out|p2b: Button Clicker\n|-immune|p2b: Button Clicker\n|move|p2b: Button Clicker|Taunt|p1a: Trip\n|-start|p1a: Trip|move: Taunt\n|move|p1b: mikey20100|Perish Song|p1b: mikey20100\n|-start|p1a: Trip|perish3|[silent]\n|-start|p1b: mikey20100|perish3|[silent]\n|-start|p2a: GOAT|perish3|[silent]\n|-start|p2b: Button Clicker|perish3|[silent]\n|-fieldactivate|move: Perish Song\n|move|p2a: GOAT|Psyshock|p1b: mikey20100\n|-crit|p1b: mikey20100\n|-enditem|p1b: mikey20100|Focus Sash\n|-damage|p1b: mikey20100|1\/100\n|\n|-start|p1b: mikey20100|perish3\n|-start|p2b: Button Clicker|perish3\n|-start|p2a: GOAT|perish3\n|-start|p1a: Trip|perish3\n|upkeep\n|turn|2\n|\n|t:|1682639511\n|move|p1b: mikey20100|Protect|p1b: mikey20100\n|-singleturn|p1b: mikey20100|Protect\n|move|p2b: Button Clicker|Tailwind|p2b: Button Clicker\n|-sidestart|p2: ThatWillKid|move: Tailwind\n|move|p2a: GOAT|Hyper Voice|p1b: mikey20100|[spread] p1a\n|-activate|p1b: mikey20100|move: Protect\n|-damage|p1a: Trip|71\/100\n|-enditem|p2a: GOAT|Throat Spray\n|-boost|p2a: GOAT|spa|1|[from] item: Throat Spray\n|move|p1a: Trip|Psychic|p2b: Button Clicker\n|-damage|p2b: Button Clicker|46\/100\n|\n|-start|p2b: Button Clicker|perish2\n|-start|p2a: GOAT|perish2\n|-start|p1b: mikey20100|perish2\n|-start|p1a: Trip|perish2\n|upkeep\n|turn|3\n|\n|t:|1682639593\n|switch|p1b: babby|Growlithe, L50, M|100\/100\n|-ability|p1b: babby|Intimidate|boost\n|-unboost|p2a: GOAT|atk|1\n|-unboost|p2b: Button Clicker|atk|1\n|move|p2b: Button Clicker|Foul Play|p1a: Trip\n|-supereffective|p1a: Trip\n|-damage|p1a: Trip|34\/100\n|-enditem|p1a: Trip|Sitrus Berry|[eat]\n|-heal|p1a: Trip|59\/100|[from] item: Sitrus Berry\n|move|p2a: GOAT|Hyper Voice|p1a: Trip|[spread] p1a,p1b\n|-damage|p1a: Trip|17\/100\n|-damage|p1b: babby|38\/100\n|move|p1a: Trip|Psychic|p2b: Button Clicker\n|-damage|p2b: Button Clicker|0 fnt\n|faint|p2b: Button Clicker\n|\n|-start|p2a: GOAT|perish1\n|-start|p1a: Trip|perish1\n|upkeep\n|\n|t:|1682639610\n|switch|p2b: Steely Shocks Jr.|Magnemite, L50|100\/100\n|turn|4\n|\n|t:|1682639715\n|move|p1b: babby|Protect|p1b: babby\n|-singleturn|p1b: babby|Protect\n|move|p2a: GOAT|Hyper Voice|p1a: Trip|[spread] p1a\n|-activate|p1b: babby|move: Protect\n|-damage|p1a: Trip|0 fnt\n|faint|p1a: Trip\n|move|p2b: Steely Shocks Jr.|Thunderbolt|p1b: babby\n|-activate|p1b: babby|move: Protect\n|\n|-start|p2a: GOAT|perish0\n|faint|p2a: GOAT\n|upkeep\n|\n|t:|1682639741\n|switch|p2a: Kevjam|Foongus, L50, F|100\/100\n|switch|p1a: backwards aerial|Pikachu, L50, F|100\/100\n|turn|5\n|\n|t:|1682639803\n|switch|p1b: mikey20100|Haunter, L50, M, tera:Grass|1\/100\n|move|p1a: backwards aerial|Fake Out|p2b: Steely Shocks Jr.\n|-resisted|p2b: Steely Shocks Jr.\n|-damage|p2b: Steely Shocks Jr.|82\/100\n|move|p2a: Kevjam|Rage Powder|p2a: Kevjam\n|-singleturn|p2a: Kevjam|move: Rage Powder\n|cant|p2b: Steely Shocks Jr.|flinch\n|\n|-sideend|p2: ThatWillKid|move: Tailwind\n|upkeep\n|turn|6\n|\n|t:|1682639865\n|move|p2b: Steely Shocks Jr.|Protect|p2b: Steely Shocks Jr.\n|-singleturn|p2b: Steely Shocks Jr.|Protect\n|move|p1b: mikey20100|Sludge Bomb|p2a: Kevjam\n|-damage|p2a: Kevjam|65\/100\n|move|p1a: backwards aerial|Volt Tackle|p2a: Kevjam\n|-resisted|p2a: Kevjam\n|-damage|p2a: Kevjam|27\/100\n|-damage|p1a: backwards aerial|81\/100|[from] Recoil\n|move|p2a: Kevjam|Pollen Puff|p1b: mikey20100\n|-supereffective|p1b: mikey20100\n|-damage|p1b: mikey20100|0 fnt\n|faint|p1b: mikey20100\n|\n|upkeep\n|\n|t:|1682639878\n|switch|p1b: babby|Growlithe, L50, M|38\/100\n|-ability|p1b: babby|Intimidate|boost\n|-unboost|p2a: Kevjam|atk|1\n|-unboost|p2b: Steely Shocks Jr.|atk|1\n|turn|7\n|\n|t:|1682639932\n|move|p2a: Kevjam|Rage Powder|p2a: Kevjam\n|-singleturn|p2a: Kevjam|move: Rage Powder\n|move|p1a: backwards aerial|Volt Tackle|p2a: Kevjam\n|-resisted|p2a: Kevjam\n|-damage|p2a: Kevjam|0 fnt\n|faint|p2a: Kevjam\n|-damage|p1a: backwards aerial|67\/100|[from] Recoil\n|move|p1b: babby|Flare Blitz|p2b: Steely Shocks Jr.\n|-supereffective|p2b: Steely Shocks Jr.\n|-damage|p2b: Steely Shocks Jr.|0 fnt\n|faint|p2b: Steely Shocks Jr.\n|-damage|p1b: babby|21\/100|[from] Recoil\n|-enditem|p1b: babby|Figy Berry|[eat]\n|-heal|p1b: babby|54\/100|[from] item: Figy Berry\n|\n|win|SATMaofever\n|c|\u2606ThatWillKid|gg\n|c|\u2606SATMaofever|gg\n|l|\u2606ThatWillKid\n|j|\u2606ThatWillKid\n|player|p2|ThatWillKid|volkner\n","uploadtime":1682639946,"views":14,"p1id":"satmaofever","p2id":"thatwillkid","formatid":"gen9vgc2023regulationc","rating":0,"private":0,"password":""}