{"id":"gen9vgc2023regulationc-1862221141","p1":"Pink_SSB","p2":"theavent","format":"[Gen 9] VGC 2023 Regulation C","log":"|j|\u2606Pink_SSB\n|j|\u2606theavent\n|t:|1683851271\n|gametype|doubles\n|player|p1|Pink_SSB|2|1340\n|player|p2|theavent|yellow|1426\n|teamsize|p1|6\n|teamsize|p2|6\n|gen|9\n|tier|[Gen 9] VGC 2023 Regulation C\n|rated|\n|rule|Species Clause: Limit one of each Pok\u00e9mon\n|rule|Item Clause: Limit one of each item\n|clearpoke\n|poke|p1|Iron Hands, L50|\n|poke|p1|Gyarados, L50, M|\n|poke|p1|Mimikyu, L50, M|\n|poke|p1|Muk, L50, M|\n|poke|p1|Ditto, L50|\n|poke|p1|Vivillon-Fancy, L50, M|\n|poke|p2|Murkrow, L50, F|\n|poke|p2|Chi-Yu, L50|\n|poke|p2|Iron Bundle, L50|\n|poke|p2|Flutter Mane, L50|\n|poke|p2|Great Tusk, L50|\n|poke|p2|Kingambit, L50, M|\n|teampreview|4\nPink_SSB has agreed to open team sheets.\ntheavent has agreed to open team sheets.\n|inactive|Battle timer is ON: inactive players will automatically lose when time's up. (requested by Pink_SSB)\n|\n|t:|1683851298\n|start\n|switch|p1a: Mimikyu|Mimikyu, L50, M, shiny|100\/100\n|switch|p1b: Ditto|Ditto, L50|100\/100\n|switch|p2a: Murkrow|Murkrow, L50, F|100\/100\n|switch|p2b: Great Tusk|Great Tusk, L50|100\/100\n|-transform|p1b: Ditto|p2a: Murkrow|[from] ability: Imposter\n|turn|1\n|inactive|Pink_SSB has 30 seconds left.\n|\n|t:|1683851326\n|move|p2a: Murkrow|Sunny Day|p2a: Murkrow\n|-weather|SunnyDay\n|-activate|p2b: Great Tusk|ability: Protosynthesis\n|-start|p2b: Great Tusk|protosynthesisatk\n|move|p2b: Great Tusk|Rock Slide|p1a: Mimikyu|[spread] p1a,p1b\n|-supereffective|p1b: Ditto\n|-activate|p1a: Mimikyu|ability: Disguise\n|-damage|p1a: Mimikyu|100\/100\n|-damage|p1b: Ditto|19\/100\n|detailschange|p1a: Mimikyu|Mimikyu-Busted, L50, M, shiny\n|-damage|p1a: Mimikyu|88\/100|[from] pokemon: Mimikyu-Busted\n|move|p1b: Ditto|Foul Play|p2b: Great Tusk\n|-resisted|p2b: Great Tusk\n|-crit|p2b: Great Tusk\n|-damage|p2b: Great Tusk|74\/100\n|move|p1a: Mimikyu|Trick Room|p1a: Mimikyu\n|-fieldstart|move: Trick Room|[of] p1a: Mimikyu\n|\n|-weather|SunnyDay|[upkeep]\n|upkeep\n|turn|2\n|\n|t:|1683851347\n|switch|p1b: Iron Hands|Iron Hands, L50|100\/100\n|move|p2a: Murkrow|Foul Play|p1a: Mimikyu\n|-damage|p1a: Mimikyu|29\/100\n|move|p1a: Mimikyu|Will-O-Wisp|p2b: Great Tusk\n|-status|p2b: Great Tusk|brn\n|move|p2b: Great Tusk|Rock Slide|p1b: Iron Hands|[spread] p1a,p1b\n|-resisted|p1b: Iron Hands\n|-damage|p1a: Mimikyu|13\/100\n|-damage|p1b: Iron Hands|96\/100\n|\n|-weather|SunnyDay|[upkeep]\n|-damage|p2b: Great Tusk|69\/100 brn|[from] brn\n|upkeep\n|turn|3\n|\n|t:|1683851367\n|-end|p2b: Great Tusk|Protosynthesis|[silent]\n|switch|p2b: Flutter Mane|Flutter Mane, L50|100\/100\n|-activate|p2b: Flutter Mane|ability: Protosynthesis\n|-start|p2b: Flutter Mane|protosynthesisspe\n|move|p1b: Iron Hands|Swords Dance|p1b: Iron Hands\n|-boost|p1b: Iron Hands|atk|2\n|move|p2a: Murkrow|Foul Play|p1a: Mimikyu\n|-damage|p1a: Mimikyu|0 fnt\n|faint|p1a: Mimikyu\n|\n|-weather|SunnyDay|[upkeep]\n|upkeep\n|\n|t:|1683851379\n|switch|p1a: Muk|Muk, L50, M|100\/100\n|turn|4\n|\n|t:|1683851393\n|move|p2a: Murkrow|Haze|p2a: Murkrow\n|-clearallboost\n|move|p1a: Muk|Gunk Shot|p2b: Flutter Mane\n|-crit|p2b: Flutter Mane\n|-damage|p2b: Flutter Mane|0 fnt\n|faint|p2b: Flutter Mane\n|-end|p2b: Flutter Mane|Protosynthesis|[silent]\n|move|p1b: Iron Hands|Drain Punch|p2a: Murkrow\n|-damage|p2a: Murkrow|56\/100\n|-heal|p1b: Iron Hands|100\/100|[from] drain|[of] p2a: Murkrow\n|\n|-weather|SunnyDay|[upkeep]\n|upkeep\n|\n|t:|1683851405\n|switch|p2b: Chi-Yu|Chi-Yu, L50|100\/100\n|-ability|p2b: Chi-Yu|Beads of Ruin\n|turn|5\n|\n|t:|1683851420\n|move|p1a: Muk|Gunk Shot|p2a: Murkrow\n|-damage|p2a: Murkrow|1\/100\n|move|p1b: Iron Hands|Drain Punch|p2b: Chi-Yu\n|-supereffective|p2b: Chi-Yu\n|-damage|p2b: Chi-Yu|0 fnt\n|faint|p2b: Chi-Yu\n|move|p2a: Murkrow|Foul Play|p1b: Iron Hands\n|-resisted|p1b: Iron Hands\n|-damage|p1b: Iron Hands|81\/100\n|\n|-weather|none\n|-fieldend|move: Trick Room\n|upkeep\n|\n|t:|1683851429\n|switch|p2b: Great Tusk|Great Tusk, L50|69\/100 brn\n|turn|6\n|\n|t:|1683851436\n|-end|p1b: Iron Hands|Quark Drive|[silent]\n|switch|p1b: Ditto|Ditto, L50|19\/100\n|-transform|p1b: Ditto|p2a: Murkrow|[from] ability: Imposter\n|-terastallize|p2b: Great Tusk|Ground\n|-terastallize|p1a: Muk|Flying\n|move|p2a: Murkrow|Sunny Day|p2a: Murkrow\n|-weather|SunnyDay\n|-activate|p2b: Great Tusk|ability: Protosynthesis\n|-start|p2b: Great Tusk|protosynthesisatk\n|move|p2b: Great Tusk|Headlong Rush|p1a: Muk\n|-immune|p1a: Muk\n|move|p1a: Muk|Curse|p1a: Muk\n|-unboost|p1a: Muk|spe|1\n|-boost|p1a: Muk|atk|1\n|-boost|p1a: Muk|def|1\n|\n|-weather|SunnyDay|[upkeep]\n|-damage|p1a: Muk|88\/100|[from] item: Black Sludge\n|-damage|p2b: Great Tusk|63\/100 brn|[from] brn\n|upkeep\n|turn|7\n|-message|theavent forfeited.\n|\n|win|Pink_SSB\n|raw|Pink_SSB's rating: 1340 → 1365<\/strong> (+25 for winning)\n|raw|theavent's rating: 1426 → 1401<\/strong> (-25 for losing)\n|l|\u2606theavent\n","uploadtime":1683851449,"views":13,"p1id":"pinkssb","p2id":"theavent","formatid":"gen9vgc2023regulationc","rating":1365,"private":0,"password":""}