{"id":"gen9vgc2023regulationc-1857041747","p1":"clovehitch","p2":"Moxie Boosted","format":"[Gen 9] VGC 2023 Regulation C","log":"|j|\u2606clovehitch\n|j|\u2606Moxie Boosted\n|t:|1683139884\n|gametype|doubles\n|player|p1|clovehitch|iris-gen5bw2|\n|player|p2|Moxie Boosted|ingo|\n|teamsize|p1|6\n|teamsize|p2|6\n|gen|9\n|tier|[Gen 9] VGC 2023 Regulation C\n|rated|Tournament battle\n|rule|Species Clause: Limit one of each Pok\u00e9mon\n|rule|Item Clause: Limit one of each item\n|clearpoke\n|poke|p1|Annihilape, L50, M|\n|poke|p1|Maushold, L50|\n|poke|p1|Flutter Mane, L50|\n|poke|p1|Tyranitar, L50, M|\n|poke|p1|Lycanroc, L50, F|\n|poke|p1|Ting-Lu, L50|\n|poke|p2|Flutter Mane, L50|\n|poke|p2|Great Tusk, L50|\n|poke|p2|Torkoal, L50, M|\n|poke|p2|Jumpluff, L50, M|\n|poke|p2|Chien-Pao, L50|\n|poke|p2|Dragonite, L50, F|\n|teampreview|4\n|c|\u2606Moxie Boosted|Gl hf\n|j| chalmander69\nMoxie Boosted has agreed to open team sheets.\n|j| foxyman52\n|j| templevgc\n|j| TheLegend05\n|l| TheLegend05\n|c|\u2606clovehitch|u2!\n|c|\u2606clovehitch|omg\n|\n|t:|1683139921\n|start\n|switch|p1a: Maushold|Maushold, L50|100\/100\n|switch|p1b: Annihilape|Annihilape, L50, M|100\/100\n|switch|p2a: Torkoal|Torkoal, L50, M|100\/100\n|switch|p2b: Jumpluff|Jumpluff, L50, M|100\/100\n|-weather|SunnyDay|[from] ability: Drought|[of] p2a: Torkoal\n|turn|1\n|c|\u2606clovehitch|huge fan bro\n|c|\u2606clovehitch|didnt read your name\n|\n|t:|1683139943\n|switch|p1a: Tyranitar|Tyranitar, L50, M|100\/100\n|-weather|Sandstorm|[from] ability: Sand Stream|[of] p1a: Tyranitar\n|move|p2b: Jumpluff|Sleep Powder|p1b: Annihilape\n|-status|p1b: Annihilape|slp|[from] move: Sleep Powder\n|cant|p1b: Annihilape|slp\n|move|p2a: Torkoal|Overheat|p1b: Annihilape\n|-damage|p1b: Annihilape|65\/100 slp\n|-unboost|p2a: Torkoal|spa|2\n|-enditem|p2a: Torkoal|Eject Pack\n|\n|t:|1683139956\n|switch|p2a: Flutter Mane|Flutter Mane, L50|100\/100\n|\n|-weather|Sandstorm|[upkeep]\n|-damage|p2a: Flutter Mane|95\/100|[from] Sandstorm\n|-damage|p2b: Jumpluff|94\/100|[from] Sandstorm\n|-damage|p1b: Annihilape|59\/100 slp|[from] Sandstorm\n|-heal|p1b: Annihilape|65\/100 slp|[from] item: Leftovers\n|upkeep\n|turn|2\n|c|\u2606Moxie Boosted|Tysm!\n|\n|t:|1683139977\n|switch|p2b: Torkoal|Torkoal, L50, M|100\/100\n|-weather|SunnyDay|[from] ability: Drought|[of] p2b: Torkoal\n|-activate|p2a: Flutter Mane|ability: Protosynthesis\n|-start|p2a: Flutter Mane|protosynthesisspe\n|switch|p1b: Maushold|Maushold, L50|100\/100\n|-terastallize|p2a: Flutter Mane|Fairy\n|move|p2a: Flutter Mane|Dazzling Gleam|p1b: Maushold|[spread] p1a,p1b\n|-supereffective|p1a: Tyranitar\n|-damage|p1a: Tyranitar|51\/100\n|-damage|p1b: Maushold|21\/100\n|move|p1a: Tyranitar|Rock Slide|p2a: Flutter Mane|[spread] p2a,p2b\n|-supereffective|p2b: Torkoal\n|-crit|p2b: Torkoal\n|-damage|p2a: Flutter Mane|45\/100\n|-damage|p2b: Torkoal|21\/100\n|\n|-weather|SunnyDay|[upkeep]\n|upkeep\n|turn|3\n|c|\u2606Moxie Boosted|Sorry im on mobile lol\n|\n|t:|1683140028\n|move|p2b: Torkoal|Helping Hand|p2a: Flutter Mane\n|-singleturn|p2a: Flutter Mane|Helping Hand|[of] p2b: Torkoal\n|move|p1b: Maushold|Protect|p1b: Maushold\n|-singleturn|p1b: Maushold|Protect\n|move|p2a: Flutter Mane|Dazzling Gleam|p1a: Tyranitar|[spread] p1a\n|-activate|p1b: Maushold|move: Protect\n|-supereffective|p1a: Tyranitar\n|-damage|p1a: Tyranitar|0 fnt\n|faint|p1a: Tyranitar\n|\n|-weather|SunnyDay|[upkeep]\n|upkeep\n|\n|t:|1683140035\n|switch|p1a: Flutter Mane|Flutter Mane, L50|100\/100\n|-activate|p1a: Flutter Mane|ability: Protosynthesis\n|-start|p1a: Flutter Mane|protosynthesisspa\n|turn|4\n|\n|t:|1683140045\n|-terastallize|p1a: Flutter Mane|Fairy\n|move|p2b: Torkoal|Helping Hand|p2a: Flutter Mane\n|-singleturn|p2a: Flutter Mane|Helping Hand|[of] p2b: Torkoal\n|move|p1b: Maushold|Protect||[still]\n|-fail|p1b: Maushold\n|move|p2a: Flutter Mane|Dazzling Gleam|p1a: Flutter Mane|[spread] p1a,p1b\n|-crit|p1a: Flutter Mane\n|-damage|p1a: Flutter Mane|0 fnt\n|-damage|p1b: Maushold|0 fnt\n|faint|p1a: Flutter Mane\n|-end|p1a: Flutter Mane|Protosynthesis|[silent]\n|faint|p1b: Maushold\n|\n|-weather|SunnyDay|[upkeep]\n|upkeep\n|c|\u2606clovehitch|omg\n|c|\u2606clovehitch|gg\n|\n|t:|1683140061\n|switch|p1b: Annihilape|Annihilape, L50, M|65\/100 slp\n|turn|5\n|c|\u2606Moxie Boosted|Gg wp\n|\n|t:|1683140070\n|move|p2b: Torkoal|Helping Hand|p2a: Flutter Mane\n|-singleturn|p2a: Flutter Mane|Helping Hand|[of] p2b: Torkoal\n|move|p2a: Flutter Mane|Dazzling Gleam|p1b: Annihilape\n|-supereffective|p1b: Annihilape\n|-damage|p1b: Annihilape|0 fnt\n|faint|p1b: Annihilape\n|\n|win|Moxie Boosted\n|n|\u2606clovehitch|clovehitch\n|n|\u2606Moxie Boosted|moxieboosted\n|n| chalmander69|chalmander69\n|n| foxyman52|foxyman52\n|n| templevgc|templevgc\n|c|\u2606clovehitch|u2!\n|l| chalmander69\n","uploadtime":1683140087,"views":17,"p1id":"clovehitch","p2id":"moxieboosted","formatid":"gen9vgc2023regulationc","rating":0,"private":0,"password":""}