{"id":"gen9vgc2023regulationc-1851603819","p1":"Young Rouge","p2":"JohanDK","format":"[Gen 9] VGC 2023 Regulation C","log":"|j|\u2606Young Rouge\n|j|\u2606JohanDK\n|t:|1682460217\n|gametype|doubles\n|player|p1|Young Rouge|wattson|1313\n|player|p2|JohanDK|170|1317\n|teamsize|p1|6\n|teamsize|p2|6\n|gen|9\n|tier|[Gen 9] VGC 2023 Regulation C\n|rated|\n|rule|Species Clause: Limit one of each Pok\u00e9mon\n|rule|Item Clause: Limit one of each item\n|clearpoke\n|poke|p1|Talonflame, L50, F|\n|poke|p1|Garchomp, L50, F|\n|poke|p1|Gholdengo, L50|\n|poke|p1|Chi-Yu, L50|\n|poke|p1|Flutter Mane, L50|\n|poke|p1|Gyarados, L50, F|\n|poke|p2|Flutter Mane, L50|\n|poke|p2|Amoonguss, L50, F|\n|poke|p2|Chien-Pao, L50|\n|poke|p2|Palafin, L50, M|\n|poke|p2|Roaring Moon, L50|\n|poke|p2|Gyarados, L50, M|\n|teampreview|4\n|\n|t:|1682460255\n|start\n|switch|p1a: Flutter Mane|Flutter Mane, L50|100\/100\n|switch|p1b: Chi-Yu|Chi-Yu, L50|100\/100\n|switch|p2a: Orumaito|Palafin, L50, M, shiny|100\/100\n|switch|p2b: Flutter Mane|Flutter Mane, L50, shiny|100\/100\n|-ability|p1b: Chi-Yu|Beads of Ruin\n|turn|1\n|\n|t:|1682460279\n|-terastallize|p1a: Flutter Mane|Water\n|move|p2a: Orumaito|Protect|p2a: Orumaito\n|-singleturn|p2a: Orumaito|Protect\n|move|p1b: Chi-Yu|Protect|p1b: Chi-Yu\n|-singleturn|p1b: Chi-Yu|Protect\n|move|p1a: Flutter Mane|Dazzling Gleam|p2a: Orumaito|[spread] p2b\n|-activate|p2a: Orumaito|move: Protect\n|-damage|p2b: Flutter Mane|44\/100\n|move|p2b: Flutter Mane|Moonblast|p1b: Chi-Yu\n|-activate|p1b: Chi-Yu|move: Protect\n|\n|upkeep\n|turn|2\n|\n|t:|1682460303\n|switch|p1b: Gyarados|Gyarados, L50, F|100\/100\n|-ability|p1b: Gyarados|Intimidate|boost\n|-unboost|p2a: Orumaito|atk|1\n|-unboost|p2b: Flutter Mane|atk|1\n|-terastallize|p2a: Orumaito|Water\n|move|p2a: Orumaito|Jet Punch|p1b: Gyarados\n|-resisted|p1b: Gyarados\n|-damage|p1b: Gyarados|90\/100\n|move|p1a: Flutter Mane|Dazzling Gleam|p2b: Flutter Mane|[spread] p2a,p2b\n|-damage|p2a: Orumaito|37\/100\n|-damage|p2b: Flutter Mane|0 fnt\n|faint|p2b: Flutter Mane\n|-end|p2b: Flutter Mane|Protosynthesis|[silent]\n|\n|upkeep\n|\n|t:|1682460318\n|switch|p2b: Chien-Pao|Chien-Pao, L50|100\/100\n|-ability|p2b: Chien-Pao|Sword of Ruin\n|turn|3\n|\n|t:|1682460338\n|detailschange|p2a: Orumaito|Palafin-Hero, L50, M, shiny, tera:Water\n|switch|p2a: Gyarados|Gyarados, L50, M|100\/100\n|-ability|p2a: Gyarados|Intimidate|boost\n|-unboost|p1a: Flutter Mane|atk|1\n|-unboost|p1b: Gyarados|atk|1\n|move|p2b: Chien-Pao|Sucker Punch|p1a: Flutter Mane\n|-damage|p1a: Flutter Mane|29\/100\n|move|p1a: Flutter Mane|Dazzling Gleam|p2a: Gyarados|[spread] p2a,p2b\n|-supereffective|p2b: Chien-Pao\n|-damage|p2a: Gyarados|63\/100\n|-enditem|p2b: Chien-Pao|Focus Sash\n|-damage|p2b: Chien-Pao|1\/100\n|move|p1b: Gyarados|Iron Head|p2b: Chien-Pao\n|-supereffective|p2b: Chien-Pao\n|-damage|p2b: Chien-Pao|0 fnt\n|faint|p2b: Chien-Pao\n|\n|upkeep\n|\n|t:|1682460355\n|switch|p2b: Orumaito|Palafin-Hero, L50, M, shiny, tera:Water|37\/100\n|-activate|p2b: Orumaito|ability: Zero to Hero\n|turn|4\n|\n|t:|1682460372\n|-end|p1a: Flutter Mane|Protosynthesis|[silent]\n|switch|p1a: Talonflame|Talonflame, L50, F|100\/100\n|switch|p1b: Chi-Yu|Chi-Yu, L50|100\/100\n|-ability|p1b: Chi-Yu|Beads of Ruin\n|move|p2b: Orumaito|Jet Punch|p1a: Talonflame\n|-supereffective|p1a: Talonflame\n|-damage|p1a: Talonflame|0 fnt\n|faint|p1a: Talonflame\n|move|p2a: Gyarados|Thunder Wave|p1b: Chi-Yu\n|-status|p1b: Chi-Yu|par\n|\n|upkeep\n|\n|t:|1682460387\n|switch|p1a: Flutter Mane|Flutter Mane, L50, tera:Water|29\/100\n|turn|5\n|\n|t:|1682460406\n|switch|p1b: Gyarados|Gyarados, L50, F|90\/100\n|-ability|p1b: Gyarados|Intimidate|boost\n|-unboost|p2a: Gyarados|atk|1\n|-unboost|p2b: Orumaito|atk|1\n|move|p2b: Orumaito|Protect|p2b: Orumaito\n|-singleturn|p2b: Orumaito|Protect\n|move|p1a: Flutter Mane|Dazzling Gleam|p2a: Gyarados|[spread] p2a\n|-activate|p2b: Orumaito|move: Protect\n|-damage|p2a: Gyarados|26\/100\n|move|p2a: Gyarados|Thunder Wave|p1a: Flutter Mane\n|-status|p1a: Flutter Mane|par\n|\n|upkeep\n|turn|6\n|\n|t:|1682460447\n|move|p2b: Orumaito|Jet Punch|p1a: Flutter Mane\n|-resisted|p1a: Flutter Mane\n|-damage|p1a: Flutter Mane|5\/100 par\n|move|p2a: Gyarados|Thunder Wave|p1b: Gyarados\n|-status|p1b: Gyarados|par\n|cant|p1a: Flutter Mane|par\n|move|p1b: Gyarados|Waterfall|p2a: Gyarados\n|-resisted|p2a: Gyarados\n|-damage|p2a: Gyarados|8\/100\n|\n|upkeep\n|turn|7\n|\n|t:|1682460468\n|move|p2b: Orumaito|Haze|p2b: Orumaito\n|-clearallboost\n|move|p2a: Gyarados|Waterfall|p1a: Flutter Mane\n|-resisted|p1a: Flutter Mane\n|-crit|p1a: Flutter Mane\n|-damage|p1a: Flutter Mane|0 fnt\n|faint|p1a: Flutter Mane\n|-end|p1a: Flutter Mane|Protosynthesis|[silent]\n|cant|p1b: Gyarados|par\n|\n|upkeep\n|\n|t:|1682460478\n|switch|p1a: Chi-Yu|Chi-Yu, L50|100\/100 par\n|-ability|p1a: Chi-Yu|Beads of Ruin\n|turn|8\n|\n|t:|1682460484\n|move|p2b: Orumaito|Protect|p2b: Orumaito\n|-singleturn|p2b: Orumaito|Protect\n|move|p2a: Gyarados|Waterfall|p1a: Chi-Yu\n|-supereffective|p1a: Chi-Yu\n|-damage|p1a: Chi-Yu|8\/100 par\n|move|p1a: Chi-Yu|Dark Pulse|p2b: Orumaito\n|-activate|p2b: Orumaito|move: Protect\n|move|p1b: Gyarados|Waterfall|p2a: Gyarados\n|-resisted|p2a: Gyarados\n|-damage|p2a: Gyarados|0 fnt\n|faint|p2a: Gyarados\n|\n|upkeep\n|turn|9\n|\n|t:|1682460507\n|move|p1a: Chi-Yu|Protect|p1a: Chi-Yu\n|-singleturn|p1a: Chi-Yu|Protect\n|move|p2b: Orumaito|Jet Punch|p1a: Chi-Yu\n|-activate|p1a: Chi-Yu|move: Protect\n|move|p1b: Gyarados|Thunder Wave|p2b: Orumaito\n|-status|p2b: Orumaito|par\n|\n|upkeep\n|turn|10\n|\n|t:|1682460517\n|move|p2b: Orumaito|Jet Punch|p1a: Chi-Yu\n|-supereffective|p1a: Chi-Yu\n|-damage|p1a: Chi-Yu|0 fnt\n|faint|p1a: Chi-Yu\n|cant|p1b: Gyarados|par\n|\n|upkeep\n|turn|11\n|\n|t:|1682460524\n|move|p2b: Orumaito|Jet Punch|p1b: Gyarados\n|-resisted|p1b: Gyarados\n|-damage|p1b: Gyarados|56\/100 par\n|move|p1b: Gyarados|Waterfall|p2b: Orumaito\n|-resisted|p2b: Orumaito\n|-damage|p2b: Orumaito|19\/100 par\n|\n|upkeep\n|turn|12\n|\n|t:|1682460535\n|move|p2b: Orumaito|Wave Crash|p1b: Gyarados\n|-resisted|p1b: Gyarados\n|-damage|p1b: Gyarados|0 fnt\n|faint|p1b: Gyarados\n|-damage|p2b: Orumaito|0 fnt|[from] Recoil\n|faint|p2b: Orumaito\n|\n|win|JohanDK\n|raw|Young Rouge's rating: 1313 → 1293<\/strong> (-20 for losing)\n|raw|JohanDK's rating: 1317 → 1337<\/strong> (+20 for winning)\n","uploadtime":1682460554,"views":13,"p1id":"youngrouge","p2id":"johandk","formatid":"gen9vgc2023regulationc","rating":1293,"private":0,"password":""}