{"id":"gen9vgc2023regulationc-1859924615","p1":"SisalVT","p2":"McDubbieEnthusiast","format":"[Gen 9] VGC 2023 Regulation C","log":"|j|\u2606SisalVT\n|j|\u2606McDubbieEnthusiast\n|t:|1683576232\n|gametype|doubles\n|player|p1|SisalVT|blue|1565\n|player|p2|McDubbieEnthusiast|pokemonbreeder-gen4|1670\n|teamsize|p1|6\n|teamsize|p2|6\n|gen|9\n|tier|[Gen 9] VGC 2023 Regulation C\n|rated|\n|rule|Species Clause: Limit one of each Pok\u00e9mon\n|rule|Item Clause: Limit one of each item\n|clearpoke\n|poke|p1|Breloom, L50, F|\n|poke|p1|Chien-Pao, L50|\n|poke|p1|Flutter Mane, L50|\n|poke|p1|Chi-Yu, L50|\n|poke|p1|Dondozo, L50, M|\n|poke|p1|Tatsugiri-Stretchy, L50, M|\n|poke|p2|Tyranitar, L50, F|\n|poke|p2|Garchomp, L50, F|\n|poke|p2|Dragonite, L50, F|\n|poke|p2|Scream Tail, L50|\n|poke|p2|Orthworm, L50, F|\n|poke|p2|Palafin, L50, M|\n|teampreview|4\n|inactive|Battle timer is ON: inactive players will automatically lose when time's up. (requested by SisalVT)\n|inactive|SisalVT has 60 seconds left.\n|inactive|McDubbieEnthusiast has 60 seconds left.\nSisalVT has agreed to open team sheets.\n|inactive|McDubbieEnthusiast has 30 seconds left.\n|inactive|McDubbieEnthusiast has 20 seconds left.\n|\n|t:|1683576305\n|start\n|switch|p1a: Tattisaurus|Breloom, L50, F|100\/100\n|switch|p1b: Nivalis|Chien-Pao, L50|100\/100\n|switch|p2a: Shimmer|Palafin, L50, M|100\/100\n|switch|p2b: Dunewinder|Orthworm, L50, F|100\/100\n|-ability|p1b: Nivalis|Sword of Ruin\n|turn|1\n|inactive|SisalVT has 30 seconds left.\n|inactive|McDubbieEnthusiast has 30 seconds left.\n|\n|t:|1683576334\n|detailschange|p2a: Shimmer|Palafin-Hero, L50, M\n|switch|p2a: Beholder|Scream Tail, L50, shiny|100\/100\n|-enditem|p2a: Beholder|Booster Energy\n|-activate|p2a: Beholder|ability: Protosynthesis|[fromitem]\n|-start|p2a: Beholder|protosynthesisspe\n|switch|p2b: Brass|Dragonite, L50, F|100\/100\n|move|p1a: Tattisaurus|Mach Punch|p2b: Brass\n|-resisted|p2b: Brass\n|-damage|p2b: Brass|90\/100\n|move|p1b: Nivalis|Sacred Sword|p2b: Brass\n|-resisted|p2b: Brass\n|-damage|p2b: Brass|64\/100\n|-damage|p1b: Nivalis|91\/100|[from] item: Life Orb\n|\n|upkeep\n|turn|2\n|inactive|McDubbieEnthusiast has 30 seconds left.\n|\n|t:|1683576368\n|move|p2b: Brass|Extreme Speed|p1b: Nivalis\n|-damage|p1b: Nivalis|50\/100\n|move|p2a: Beholder|Dazzling Gleam|p1a: Tattisaurus|[spread] p1a,p1b\n|-supereffective|p1a: Tattisaurus\n|-supereffective|p1b: Nivalis\n|-damage|p1a: Tattisaurus|37\/100\n|-damage|p1b: Nivalis|0 fnt\n|faint|p1b: Nivalis\n|move|p1a: Tattisaurus|Spore|p2a: Beholder\n|-status|p2a: Beholder|slp|[from] move: Spore\n|\n|upkeep\n|j| firemind12\n|\n|t:|1683576390\n|switch|p1b: Bottas|Flutter Mane, L50|100\/100\n|-enditem|p1b: Bottas|Booster Energy\n|-activate|p1b: Bottas|ability: Protosynthesis|[fromitem]\n|-start|p1b: Bottas|protosynthesisspa\n|turn|3\n|inactive|McDubbieEnthusiast has 30 seconds left.\n|inactive|McDubbieEnthusiast has 20 seconds left.\n|inactive|McDubbieEnthusiast has 15 seconds left.\n|\n|t:|1683576431\n|switch|p1a: Hanako|Chi-Yu, L50|100\/100\n|-ability|p1a: Hanako|Beads of Ruin\n|move|p2b: Brass|Extreme Speed|p1a: Hanako\n|-damage|p1a: Hanako|67\/100\n|cant|p2a: Beholder|slp\n|move|p1b: Bottas|Dazzling Gleam|p2b: Brass|[spread] p2a,p2b\n|-supereffective|p2b: Brass\n|-damage|p2a: Beholder|64\/100 slp\n|-damage|p2b: Brass|0 fnt\n|faint|p2b: Brass\n|\n|upkeep\n|\n|t:|1683576438\n|switch|p2b: Shimmer|Palafin-Hero, L50, M|100\/100\n|-activate|p2b: Shimmer|ability: Zero to Hero\n|turn|4\n|\n|t:|1683576455\n|-terastallize|p1a: Hanako|Grass\n|-terastallize|p2b: Shimmer|Water\n|move|p2b: Shimmer|Jet Punch|p1b: Bottas\n|-damage|p1b: Bottas|0 fnt\n|faint|p1b: Bottas\n|-end|p1b: Bottas|Protosynthesis|[silent]\n|cant|p2a: Beholder|slp\n|move|p1a: Hanako|Tera Blast|p2b: Shimmer\n|-supereffective|p2b: Shimmer\n|-damage|p2b: Shimmer|11\/100\n|\n|upkeep\n|\n|t:|1683576460\n|switch|p1b: Tattisaurus|Breloom, L50, F|37\/100\n|turn|5\n|\n|t:|1683576474\n|move|p2b: Shimmer|Protect|p2b: Shimmer\n|-singleturn|p2b: Shimmer|Protect\n|move|p1b: Tattisaurus|Feint|p2b: Shimmer\n|-activate|p2b: Shimmer|move: Feint\n|-damage|p2b: Shimmer|0 fnt\n|faint|p2b: Shimmer\n|-curestatus|p2a: Beholder|slp|[msg]\n|move|p2a: Beholder|Thunder Wave|p1a: Hanako\n|-status|p1a: Hanako|par\n|move|p1a: Hanako|Tera Blast|p2a: Beholder\n|-damage|p2a: Beholder|32\/100\n|\n|upkeep\n|\n|t:|1683576486\n|switch|p2b: Dunewinder|Orthworm, L50, F|100\/100\n|turn|6\n|\n|t:|1683576510\n|move|p1b: Tattisaurus|Protect|p1b: Tattisaurus\n|-singleturn|p1b: Tattisaurus|Protect\n|move|p2a: Beholder|Dazzling Gleam|p1a: Hanako|[spread] p1a\n|-activate|p1b: Tattisaurus|move: Protect\n|-damage|p1a: Hanako|50\/100 par\n|-enditem|p1a: Hanako|Sitrus Berry|[eat]\n|-heal|p1a: Hanako|75\/100 par|[from] item: Sitrus Berry\n|move|p2b: Dunewinder|Heavy Slam|p1a: Hanako\n|-damage|p1a: Hanako|32\/100 par\n|move|p1a: Hanako|Tera Blast|p2a: Beholder\n|-damage|p2a: Beholder|0 fnt\n|faint|p2a: Beholder\n|-end|p2a: Beholder|Protosynthesis|[silent]\n|\n|upkeep\n|turn|7\n|inactive|McDubbieEnthusiast has 30 seconds left.\n|\n|t:|1683576544\n|move|p1b: Tattisaurus|Spore|p2b: Dunewinder\n|-status|p2b: Dunewinder|slp|[from] move: Spore\n|cant|p2b: Dunewinder|slp\n|move|p1a: Hanako|Heat Wave|p2b: Dunewinder\n|-supereffective|p2b: Dunewinder\n|-damage|p2b: Dunewinder|0 fnt\n|faint|p2b: Dunewinder\n|\n|win|SisalVT\n|raw|SisalVT's rating: 1540 → 1567<\/strong> (+27 for winning)\n|raw|McDubbieEnthusiast's rating: 1670 → 1643<\/strong> (-27 for losing)\n","uploadtime":1683576549,"views":23,"p1id":"sisalvt","p2id":"mcdubbieenthusiast","formatid":"gen9vgc2023regulationc","rating":1567,"private":0,"password":""}