{"id":"gen9vgc2023regulationc-1856287633","p1":"Wheeel","p2":"LemonadeeeVGC","format":"[Gen 9] VGC 2023 Regulation C","log":"|j|\u2606Wheeel\n|j|\u2606LemonadeeeVGC\n|t:|1683047789\n|gametype|doubles\n|player|p1|Wheeel|265|1271\n|player|p2|LemonadeeeVGC|102|1294\n|teamsize|p1|6\n|teamsize|p2|6\n|gen|9\n|tier|[Gen 9] VGC 2023 Regulation C\n|rated|\n|rule|Species Clause: Limit one of each Pok\u00e9mon\n|rule|Item Clause: Limit one of each item\n|clearpoke\n|poke|p1|Chi-Yu, L50|\n|poke|p1|Roaring Moon, L50|\n|poke|p1|Amoonguss, L50, M|\n|poke|p1|Iron Bundle, L50|\n|poke|p1|Gholdengo, L50|\n|poke|p1|Ting-Lu, L50|\n|poke|p2|Flutter Mane, L50|\n|poke|p2|Garganacl, L50, M|\n|poke|p2|Amoonguss, L50, F|\n|poke|p2|Dragonite, L50, M|\n|poke|p2|Chi-Yu, L50|\n|poke|p2|Iron Hands, L50|\n|teampreview|4\n|inactive|Battle timer is ON: inactive players will automatically lose when time's up. (requested by LemonadeeeVGC)\nWheeel has agreed to open team sheets.\n|inactive|Wheeel has 60 seconds left.\n|inactive|LemonadeeeVGC has 60 seconds left.\nLemonadeeeVGC has agreed to open team sheets.\n|inactive|Wheeel has 30 seconds left.\n|inactive|Wheeel has 20 seconds left.\n|inactive|Wheeel has 15 seconds left.\n|inactive|Wheeel has 10 seconds left.\n|\n|t:|1683047873\n|start\n|switch|p1a: Iron Bundle|Iron Bundle, L50|100\/100\n|switch|p1b: Roaring Moon|Roaring Moon, L50|100\/100\n|switch|p2a: Garganacl|Garganacl, L50, M|100\/100\n|switch|p2b: Amoonguss|Amoonguss, L50, F|100\/100\n|-enditem|p1b: Roaring Moon|Booster Energy\n|-activate|p1b: Roaring Moon|ability: Protosynthesis|[fromitem]\n|-start|p1b: Roaring Moon|protosynthesisatk\n|turn|1\n|inactive|Wheeel has 30 seconds left.\n|\n|t:|1683047902\n|-end|p1a: Iron Bundle|Quark Drive|[silent]\n|switch|p1a: Amoonguss|Amoonguss, L50, M|100\/100\n|-terastallize|p2b: Amoonguss|Water\n|move|p2a: Garganacl|Protect|p2a: Garganacl\n|-singleturn|p2a: Garganacl|Protect\n|move|p1b: Roaring Moon|Dragon Dance|p1b: Roaring Moon\n|-boost|p1b: Roaring Moon|atk|1\n|-boost|p1b: Roaring Moon|spe|1\n|move|p2b: Amoonguss|Spore|p1a: Amoonguss\n|-immune|p1a: Amoonguss\n|\n|upkeep\n|turn|2\n|inactive|LemonadeeeVGC has 30 seconds left.\n|inactive|Wheeel has 30 seconds left.\n|inactive|Wheeel has 20 seconds left.\n|\n|t:|1683047942\n|switch|p2b: Iron Hands|Iron Hands, L50|100\/100\n|move|p1a: Amoonguss|Rage Powder|p1a: Amoonguss\n|-singleturn|p1a: Amoonguss|move: Rage Powder\n|move|p1b: Roaring Moon|Jaw Lock|p2a: Garganacl\n|-crit|p2a: Garganacl\n|-damage|p2a: Garganacl|12\/100\n|-activate|p1b: Roaring Moon|trapped\n|-activate|p2a: Garganacl|trapped\n|move|p2a: Garganacl|Salt Cure|p1a: Amoonguss\n|-damage|p1a: Amoonguss|88\/100\n|-start|p1a: Amoonguss|Salt Cure\n|\n|-heal|p2a: Garganacl|18\/100|[from] item: Leftovers\n|-damage|p1a: Amoonguss|76\/100|[from] Salt Cure\n|upkeep\n|turn|3\n|inactive|Wheeel has 30 seconds left.\n|\n|t:|1683047970\n|move|p1b: Roaring Moon|Protect|p1b: Roaring Moon\n|-singleturn|p1b: Roaring Moon|Protect\n|move|p2b: Iron Hands|Fake Out|p1b: Roaring Moon\n|-activate|p1b: Roaring Moon|move: Protect\n|move|p2a: Garganacl|Salt Cure|p1b: Roaring Moon\n|-activate|p1b: Roaring Moon|move: Protect\n|move|p1a: Amoonguss|Spore|p2b: Iron Hands\n|-status|p2b: Iron Hands|slp|[from] move: Spore\n|-enditem|p2b: Iron Hands|Lum Berry|[eat]\n|-curestatus|p2b: Iron Hands|slp|[msg]\n|\n|-heal|p2a: Garganacl|24\/100|[from] item: Leftovers\n|-damage|p1a: Amoonguss|64\/100|[from] Salt Cure\n|upkeep\n|turn|4\n|\n|t:|1683047991\n|-terastallize|p1b: Roaring Moon|Flying\n|move|p1a: Amoonguss|Rage Powder|p1a: Amoonguss\n|-singleturn|p1a: Amoonguss|move: Rage Powder\n|move|p1b: Roaring Moon|Acrobatics|p2b: Iron Hands\n|-damage|p2b: Iron Hands|27\/100\n|move|p2b: Iron Hands|Drain Punch|p1a: Amoonguss\n|-resisted|p1a: Amoonguss\n|-damage|p1a: Amoonguss|46\/100\n|-heal|p2b: Iron Hands|34\/100|[from] drain|[of] p1a: Amoonguss\n|-enditem|p1a: Amoonguss|Sitrus Berry|[eat]\n|-heal|p1a: Amoonguss|71\/100|[from] item: Sitrus Berry\n|move|p2a: Garganacl|Recover|p2a: Garganacl\n|-heal|p2a: Garganacl|74\/100\n|\n|-heal|p2a: Garganacl|80\/100|[from] item: Leftovers\n|-damage|p1a: Amoonguss|59\/100|[from] Salt Cure\n|upkeep\n|turn|5\n|inactive|Wheeel has 30 seconds left.\n|\n|t:|1683048016\n|move|p2b: Iron Hands|Protect|p2b: Iron Hands\n|-singleturn|p2b: Iron Hands|Protect\n|move|p1a: Amoonguss|Rage Powder|p1a: Amoonguss\n|-singleturn|p1a: Amoonguss|move: Rage Powder\n|move|p1b: Roaring Moon|Jaw Lock|p2a: Garganacl\n|-damage|p2a: Garganacl|23\/100\n|move|p2a: Garganacl|Salt Cure|p1a: Amoonguss\n|-damage|p1a: Amoonguss|48\/100\n|\n|-heal|p2a: Garganacl|29\/100|[from] item: Leftovers\n|-damage|p1a: Amoonguss|35\/100|[from] Salt Cure\n|upkeep\n|turn|6\n|\n|t:|1683048038\n|move|p1a: Amoonguss|Protect|p1a: Amoonguss\n|-singleturn|p1a: Amoonguss|Protect\n|move|p1b: Roaring Moon|Acrobatics|p2b: Iron Hands\n|-damage|p2b: Iron Hands|0 fnt\n|faint|p2b: Iron Hands\n|-end|p2b: Iron Hands|Quark Drive|[silent]\n|move|p2a: Garganacl|Salt Cure|p1b: Roaring Moon\n|-supereffective|p1b: Roaring Moon\n|-damage|p1b: Roaring Moon|72\/100\n|-start|p1b: Roaring Moon|Salt Cure\n|\n|-heal|p2a: Garganacl|34\/100|[from] item: Leftovers\n|-damage|p1b: Roaring Moon|60\/100|[from] Salt Cure\n|-damage|p1a: Amoonguss|23\/100|[from] Salt Cure\n|upkeep\n|\n|t:|1683048054\n|switch|p2b: Amoonguss|Amoonguss, L50, F, tera:Water|100\/100\n|turn|7\n|\n|t:|1683048066\n|move|p1b: Roaring Moon|Protect|p1b: Roaring Moon\n|-singleturn|p1b: Roaring Moon|Protect\n|move|p2a: Garganacl|Salt Cure|p1b: Roaring Moon\n|-activate|p1b: Roaring Moon|move: Protect\n|move|p2b: Amoonguss|Spore|p1b: Roaring Moon\n|-activate|p1b: Roaring Moon|move: Protect\n|move|p1a: Amoonguss|Spore|p2b: Amoonguss\n|-status|p2b: Amoonguss|slp|[from] move: Spore\n|\n|-heal|p2a: Garganacl|40\/100|[from] item: Leftovers\n|-damage|p1b: Roaring Moon|47\/100|[from] Salt Cure\n|-damage|p1a: Amoonguss|11\/100|[from] Salt Cure\n|upkeep\n|turn|8\n|\n|t:|1683048084\n|move|p2a: Garganacl|Protect|p2a: Garganacl\n|-singleturn|p2a: Garganacl|Protect\n|move|p1b: Roaring Moon|Jaw Lock|p2a: Garganacl\n|-activate|p2a: Garganacl|move: Protect\n|cant|p2b: Amoonguss|slp\n|move|p1a: Amoonguss|Pollen Puff|p1b: Roaring Moon\n|-heal|p1b: Roaring Moon|97\/100\n|\n|-heal|p2a: Garganacl|46\/100|[from] item: Leftovers\n|-damage|p1b: Roaring Moon|85\/100|[from] Salt Cure\n|-damage|p1a: Amoonguss|0 fnt|[from] Salt Cure\n|faint|p1a: Amoonguss\n|upkeep\n|\n|t:|1683048088\n|switch|p1a: Iron Bundle|Iron Bundle, L50|100\/100\n|turn|9\n|\n|t:|1683048106\n|move|p2a: Garganacl|Protect||[still]\n|-fail|p2a: Garganacl\n|move|p1b: Roaring Moon|Jaw Lock|p2a: Garganacl\n|-damage|p2a: Garganacl|0 fnt\n|faint|p2a: Garganacl\n|move|p1a: Iron Bundle|Freeze-Dry|p2b: Amoonguss\n|-supereffective|p2b: Amoonguss\n|-damage|p2b: Amoonguss|32\/100 slp\n|-enditem|p2b: Amoonguss|Sitrus Berry|[eat]\n|-heal|p2b: Amoonguss|57\/100 slp|[from] item: Sitrus Berry\n|cant|p2b: Amoonguss|slp\n|\n|-damage|p1b: Roaring Moon|73\/100|[from] Salt Cure\n|upkeep\n|\n|t:|1683048121\n|switch|p2a: Flutter Mane|Flutter Mane, L50|100\/100\n|turn|10\n|\n|t:|1683048135\n|move|p1b: Roaring Moon|Acrobatics|p2a: Flutter Mane\n|-enditem|p2a: Flutter Mane|Focus Sash\n|-damage|p2a: Flutter Mane|1\/100\n|move|p1a: Iron Bundle|Icy Wind|p2b: Amoonguss|[spread] p2a,p2b\n|-resisted|p2b: Amoonguss\n|-damage|p2a: Flutter Mane|0 fnt\n|-damage|p2b: Amoonguss|46\/100 slp\n|-unboost|p2b: Amoonguss|spe|1\n|faint|p2a: Flutter Mane\n|-end|p2a: Flutter Mane|Protosynthesis|[silent]\n|-curestatus|p2b: Amoonguss|slp|[msg]\n|move|p2b: Amoonguss|Spore|p1a: Iron Bundle\n|-status|p1a: Iron Bundle|slp|[from] move: Spore\n|\n|-damage|p1b: Roaring Moon|60\/100|[from] Salt Cure\n|upkeep\n|turn|11\n|-message|LemonadeeeVGC forfeited.\n|\n|win|Wheeel\n|raw|Wheeel's rating: 1271 → 1298<\/strong> (+27 for winning)\n|raw|LemonadeeeVGC's rating: 1294 → 1267<\/strong> (-27 for losing)\n|l|\u2606LemonadeeeVGC\n","uploadtime":1683048158,"views":12,"p1id":"wheeel","p2id":"lemonadeeevgc","formatid":"gen9vgc2023regulationc","rating":1267,"private":0,"password":""}