{"id":"gen9vgc2023regulationc-1847283265","p1":"Lowkeyttesting","p2":"Pinkytutu","format":"[Gen 9] VGC 2023 Regulation C","log":"|j|\u2606Lowkeyttesting\n|j|\u2606Pinkytutu\n|t:|1681934527\n|gametype|doubles\n|player|p1|Lowkeyttesting|acetrainer-gen4|1000\n|player|p2|Pinkytutu|lass-gen4dp|1061\n|teamsize|p1|6\n|teamsize|p2|6\n|gen|9\n|tier|[Gen 9] VGC 2023 Regulation C\n|rated|\n|rule|Species Clause: Limit one of each Pok\u00e9mon\n|rule|Item Clause: Limit one of each item\n|clearpoke\n|poke|p1|Tyranitar, L50, M|\n|poke|p1|Houndstone, L50, F|\n|poke|p1|Palafin, L50, F|\n|poke|p1|Amoonguss, L50, M|\n|poke|p1|Talonflame, L50, F|\n|poke|p1|Lucario, L50, F|\n|poke|p2|Greedent, L50, M|\n|poke|p2|Wo-Chien, L50|\n|poke|p2|Ceruledge, L50, F|\n|poke|p2|Goodra, L50, M|\n|poke|p2|Flutter Mane, L50|\n|poke|p2|Bombirdier, L50, M|\n|teampreview|4\n|inactive|Battle timer is ON: inactive players will automatically lose when time's up. (requested by Pinkytutu)\n|\n|t:|1681934548\n|start\n|switch|p1a: Amoonguss|Amoonguss, L50, M, shiny|100\/100\n|switch|p1b: Palafin|Palafin, L50, F|100\/100\n|switch|p2a: Flutter Mane|Flutter Mane, L50|100\/100\n|switch|p2b: Wo-Chien|Wo-Chien, L50|100\/100\n|-ability|p2b: Wo-Chien|Tablets of Ruin\n|turn|1\n|inactive|Pinkytutu has 30 seconds left.\n|\n|t:|1681934582\n|detailschange|p1b: Palafin|Palafin-Hero, L50, F\n|switch|p1b: Tyranitar|Tyranitar, L50, M, shiny|100\/100\n|-weather|Sandstorm|[from] ability: Sand Stream|[of] p1b: Tyranitar\n|move|p2a: Flutter Mane|Mystical Fire|p1a: Amoonguss\n|-supereffective|p1a: Amoonguss\n|-damage|p1a: Amoonguss|51\/100\n|move|p2b: Wo-Chien|Leech Seed|p1b: Tyranitar\n|-start|p1b: Tyranitar|move: Leech Seed\n|move|p1a: Amoonguss|Spore|p2a: Flutter Mane\n|-status|p2a: Flutter Mane|slp|[from] move: Spore\n|\n|-weather|Sandstorm|[upkeep]\n|-damage|p2a: Flutter Mane|94\/100 slp|[from] Sandstorm\n|-damage|p2b: Wo-Chien|95\/100|[from] Sandstorm\n|-damage|p1a: Amoonguss|45\/100|[from] Sandstorm\n|-damage|p1b: Tyranitar|88\/100|[from] Leech Seed|[of] p2b: Wo-Chien\n|-heal|p2b: Wo-Chien|100\/100|[silent]\n|upkeep\n|turn|2\n|inactive|Lowkeyttesting has 30 seconds left.\n|inactive|Pinkytutu has 30 seconds left.\n|\n|t:|1681934613\n|cant|p2a: Flutter Mane|slp\n|move|p1b: Tyranitar|Rock Slide|p2b: Wo-Chien|[spread] p2a,p2b\n|-damage|p2a: Flutter Mane|43\/100 slp\n|-damage|p2b: Wo-Chien|79\/100\n|move|p2b: Wo-Chien|Pollen Puff|p1a: Amoonguss\n|-damage|p1a: Amoonguss|27\/100\n|move|p1a: Amoonguss|Pollen Puff|p2b: Wo-Chien\n|-supereffective|p2b: Wo-Chien\n|-damage|p2b: Wo-Chien|39\/100\n|\n|-weather|Sandstorm|[upkeep]\n|-damage|p2a: Flutter Mane|37\/100 slp|[from] Sandstorm\n|-damage|p2b: Wo-Chien|33\/100|[from] Sandstorm\n|-damage|p1a: Amoonguss|21\/100|[from] Sandstorm\n|-damage|p1b: Tyranitar|76\/100|[from] Leech Seed|[of] p2b: Wo-Chien\n|-heal|p2b: Wo-Chien|46\/100|[silent]\n|upkeep\n|turn|3\n|inactive|Lowkeyttesting has 30 seconds left.\n|\n|t:|1681934644\n|switch|p1a: Palafin|Palafin-Hero, L50, F|100\/100\n|-activate|p1a: Palafin|ability: Zero to Hero\n|-terastallize|p1b: Tyranitar|Flying\n|cant|p2a: Flutter Mane|slp\n|move|p1b: Tyranitar|Tera Blast|p2b: Wo-Chien\n|-supereffective|p2b: Wo-Chien\n|-crit|p2b: Wo-Chien\n|-damage|p2b: Wo-Chien|0 fnt\n|faint|p2b: Wo-Chien\n|\n|-weather|Sandstorm|[upkeep]\n|-damage|p2a: Flutter Mane|30\/100 slp|[from] Sandstorm\n|-damage|p1a: Palafin|95\/100|[from] Sandstorm\n|-damage|p1b: Tyranitar|71\/100|[from] Sandstorm\n|upkeep\n|\n|t:|1681934656\n|switch|p2b: Ceruledge|Ceruledge, L50, F|100\/100\n|turn|4\n|\n|t:|1681934677\n|switch|p1a: Amoonguss|Amoonguss, L50, M, shiny|55\/100\n|-terastallize|p2b: Ceruledge|Grass\n|move|p2b: Ceruledge|Phantom Force||[still]\n|-prepare|p2b: Ceruledge|Phantom Force\n|cant|p2a: Flutter Mane|slp\n|move|p1b: Tyranitar|Rock Slide|p2a: Flutter Mane|[spread] p2a\n|-miss|p1b: Tyranitar|p2b: Ceruledge\n|-damage|p2a: Flutter Mane|0 fnt\n|faint|p2a: Flutter Mane\n|-end|p2a: Flutter Mane|Protosynthesis|[silent]\n|\n|-weather|Sandstorm|[upkeep]\n|-damage|p2b: Ceruledge|94\/100|[from] Sandstorm\n|-damage|p1b: Tyranitar|65\/100|[from] Sandstorm\n|-damage|p1a: Amoonguss|49\/100|[from] Sandstorm\n|-damage|p1b: Tyranitar|53\/100|[from] Leech Seed|[of] p2b: Ceruledge\n|-heal|p2b: Ceruledge|100\/100|[silent]\n|upkeep\n|\n|t:|1681934692\n|switch|p2a: Goodra|Goodra, L50, M|100\/100\n|turn|5\n|\n|t:|1681934701\n|move|p1a: Amoonguss|Rage Powder|p1a: Amoonguss\n|-singleturn|p1a: Amoonguss|move: Rage Powder\n|move|p2b: Ceruledge|Phantom Force|p1a: Amoonguss|[from]lockedmove\n|-damage|p1a: Amoonguss|15\/100\n|move|p2a: Goodra|Thunderbolt|p1a: Amoonguss\n|-resisted|p1a: Amoonguss\n|-damage|p1a: Amoonguss|2\/100\n|move|p1b: Tyranitar|Tera Blast|p2b: Ceruledge\n|-supereffective|p2b: Ceruledge\n|-damage|p2b: Ceruledge|0 fnt\n|faint|p2b: Ceruledge\n|\n|-weather|none\n|upkeep\n|turn|6\n|inactive|Lowkeyttesting has 30 seconds left.\n|\n|t:|1681934727\n|switch|p1b: Houndstone|Houndstone, L50, F|100\/100\n|move|p1a: Amoonguss|Rage Powder|p1a: Amoonguss\n|-singleturn|p1a: Amoonguss|move: Rage Powder\n|move|p2a: Goodra|Thunderbolt|p1a: Amoonguss\n|-resisted|p1a: Amoonguss\n|-damage|p1a: Amoonguss|0 fnt\n|faint|p1a: Amoonguss\n|\n|upkeep\n|\n|t:|1681934735\n|switch|p1a: Tyranitar|Tyranitar, L50, M, shiny, tera:Flying|53\/100\n|-weather|Sandstorm|[from] ability: Sand Stream|[of] p1a: Tyranitar\n|turn|7\n|\n|t:|1681934744\n|move|p1b: Houndstone|Howl|p1b: Houndstone|[spread] p1a,p1b\n|-boost|p1a: Tyranitar|atk|1\n|-boost|p1b: Houndstone|atk|1\n|move|p2a: Goodra|Chilling Water|p1b: Houndstone\n|-damage|p1b: Houndstone|79\/100\n|-unboost|p1b: Houndstone|atk|1\n|move|p1a: Tyranitar|Ice Punch|p2a: Goodra\n|-supereffective|p2a: Goodra\n|-damage|p2a: Goodra|9\/100\n|-status|p2a: Goodra|frz\n|\n|-weather|Sandstorm|[upkeep]\n|-damage|p2a: Goodra|3\/100 frz|[from] Sandstorm\n|-damage|p1a: Tyranitar|47\/100|[from] Sandstorm\n|upkeep\n|turn|8\n|-message|Pinkytutu forfeited.\n|\n|win|Lowkeyttesting\n|raw|Lowkeyttesting's rating: 1000 → 1047<\/strong> (+47 for winning)\n|raw|Pinkytutu's rating: 1061 → 1039<\/strong> (-22 for losing)\n|l|\u2606Pinkytutu\n","uploadtime":1681934765,"views":12,"p1id":"lowkeyttesting","p2id":"pinkytutu","formatid":"gen9vgc2023regulationc","rating":1039,"private":0,"password":""}