{"id":"gen9vgc2023regulationc-1847223662","p1":"GalaxyPx10","p2":"PureGamerVGC","format":"[Gen 9] VGC 2023 Regulation C","log":"|j|\u2606GalaxyPx10\n|j|\u2606PureGamerVGC\n|t:|1681929161\n|gametype|doubles\n|player|p1|GalaxyPx10|flannery|1121\n|player|p2|PureGamerVGC|skyla-masters2|1133\n|teamsize|p1|6\n|teamsize|p2|6\n|gen|9\n|tier|[Gen 9] VGC 2023 Regulation C\n|rated|\n|rule|Species Clause: Limit one of each Pok\u00e9mon\n|rule|Item Clause: Limit one of each item\n|clearpoke\n|poke|p1|Abomasnow, L50, F|\n|poke|p1|Rotom-Wash, L50|\n|poke|p1|Cetitan, L50, M|\n|poke|p1|Baxcalibur, L50, M|\n|poke|p1|Iron Bundle, L50|\n|poke|p1|Klefki, L50, M|\n|poke|p2|Tsareena, L50, F|\n|poke|p2|Iron Moth, L50|\n|poke|p2|Palafin, L50, F|\n|poke|p2|Murkrow, L50, F|\n|poke|p2|Gholdengo, L50|\n|poke|p2|Altaria, L50, M|\n|teampreview|4\n|\n|t:|1681929190\n|start\n|switch|p1a: Obama|Abomasnow, L50, F|100\/100\n|switch|p1b: Delibot|Iron Bundle, L50|100\/100\n|switch|p2a: Altaria|Altaria, L50, M|100\/100\n|switch|p2b: Iron Moth|Iron Moth, L50|100\/100\n|-ability|p2a: Altaria|Cloud Nine\n|-weather|Snow|[from] ability: Snow Warning|[of] p1a: Obama\n|-enditem|p1b: Delibot|Booster Energy\n|-activate|p1b: Delibot|ability: Quark Drive|[fromitem]\n|-start|p1b: Delibot|quarkdrivespe\n|-enditem|p2b: Iron Moth|Booster Energy\n|-activate|p2b: Iron Moth|ability: Quark Drive|[fromitem]\n|-start|p2b: Iron Moth|quarkdrivespe\n|turn|1\n|\n|t:|1681929221\n|-terastallize|p2b: Iron Moth|Fairy\n|move|p1b: Delibot|Protect|p1b: Delibot\n|-singleturn|p1b: Delibot|Protect\n|move|p2a: Altaria|Protect|p2a: Altaria\n|-singleturn|p2a: Altaria|Protect\n|move|p2b: Iron Moth|Heat Wave|p1b: Delibot|[spread] p1a\n|-activate|p1b: Delibot|move: Protect\n|-supereffective|p1a: Obama\n|-enditem|p1a: Obama|Focus Sash\n|-damage|p1a: Obama|1\/100\n|move|p1a: Obama|Aurora Veil||[still]\n|-fail|p1a: Obama\n|\n|-weather|Snow|[upkeep]\n|upkeep\n|turn|2\n|\n|t:|1681929250\n|switch|p1a: Roomba|Rotom-Wash, L50, shiny|100\/100\n|move|p1b: Delibot|Hydro Pump|p2b: Iron Moth|[miss]\n|-miss|p1b: Delibot|p2b: Iron Moth\n|move|p2b: Iron Moth|Heat Wave|p1b: Delibot|[spread] p1a,p1b\n|-resisted|p1a: Roomba\n|-damage|p1a: Roomba|81\/100\n|-damage|p1b: Delibot|20\/100\n|move|p2a: Altaria|Draco Meteor|p1b: Delibot|[miss]\n|-miss|p2a: Altaria|p1b: Delibot\n|\n|-weather|Snow|[upkeep]\n|upkeep\n|turn|3\n|\n|t:|1681929280\n|move|p1a: Roomba|Helping Hand|p1b: Delibot\n|-singleturn|p1b: Delibot|Helping Hand|[of] p1a: Roomba\n|move|p1b: Delibot|Hydro Pump|p2b: Iron Moth|[miss]\n|-miss|p1b: Delibot|p2b: Iron Moth\n|move|p2b: Iron Moth|Dazzling Gleam|p1a: Roomba|[spread] p1a,p1b\n|-damage|p1a: Roomba|50\/100\n|-damage|p1b: Delibot|0 fnt\n|-enditem|p1a: Roomba|Sitrus Berry|[eat]\n|-heal|p1a: Roomba|75\/100|[from] item: Sitrus Berry\n|faint|p1b: Delibot\n|-end|p1b: Delibot|Quark Drive|[silent]\n|move|p2a: Altaria|Draco Meteor|p1a: Roomba\n|-damage|p1a: Roomba|38\/100\n|-unboost|p2a: Altaria|spa|2\n|\n|-weather|Snow|[upkeep]\n|upkeep\n|\n|t:|1681929300\n|switch|p1b: Obama|Abomasnow, L50, F|1\/100\n|turn|4\n|\n|t:|1681929310\n|move|p2a: Altaria|Protect|p2a: Altaria\n|-singleturn|p2a: Altaria|Protect\n|move|p1b: Obama|Protect|p1b: Obama\n|-singleturn|p1b: Obama|Protect\n|move|p2b: Iron Moth|Dazzling Gleam|p1a: Roomba|[spread] p1a\n|-activate|p1b: Obama|move: Protect\n|-damage|p1a: Roomba|2\/100\n|move|p1a: Roomba|Hydro Pump|p2b: Iron Moth\n|-damage|p2b: Iron Moth|51\/100\n|\n|-weather|Snow|[upkeep]\n|upkeep\n|turn|5\n|\n|t:|1681929345\n|move|p2b: Iron Moth|Dazzling Gleam|p1b: Obama|[spread] p1a,p1b\n|-damage|p1a: Roomba|0 fnt\n|-damage|p1b: Obama|0 fnt\n|faint|p1a: Roomba\n|faint|p1b: Obama\n|move|p2a: Altaria|Draco Meteor|p1: Roomba|[notarget]\n|-fail|p2a: Altaria\n|\n|-weather|none\n|upkeep\n|\n|t:|1681929357\n|switch|p1a: Mace|Cetitan, L50, M|100\/100\n|turn|6\n|\n|t:|1681929388\n|-terastallize|p1a: Mace|Water\n|move|p2b: Iron Moth|Overheat|p1a: Mace\n|-resisted|p1a: Mace\n|-damage|p1a: Mace|77\/100\n|-unboost|p2b: Iron Moth|spa|2\n|move|p1a: Mace|Ice Spinner|p2a: Altaria\n|-supereffective|p2a: Altaria\n|-damage|p2a: Altaria|0 fnt\n|faint|p2a: Altaria\n|\n|upkeep\n|\n|t:|1681929402\n|switch|p2a: Gholdengo|Gholdengo, L50|100\/100\n|turn|7\n|\n|t:|1681929411\n|move|p2b: Iron Moth|Dazzling Gleam|p1a: Mace\n|-damage|p1a: Mace|62\/100\n|move|p2a: Gholdengo|Shadow Ball|p1a: Mace\n|-damage|p1a: Mace|16\/100\n|-unboost|p1a: Mace|spd|1\n|-damage|p2a: Gholdengo|91\/100|[from] item: Life Orb\n|move|p1a: Mace|Earthquake|p2a: Gholdengo|[spread] p2a,p2b\n|-supereffective|p2a: Gholdengo\n|-damage|p2a: Gholdengo|26\/100\n|-damage|p2b: Iron Moth|6\/100\n|\n|upkeep\n|turn|8\n|\n|t:|1681929425\n|move|p2b: Iron Moth|Dazzling Gleam|p1a: Mace\n|-damage|p1a: Mace|0 fnt\n|faint|p1a: Mace\n|\n|win|PureGamerVGC\n|raw|GalaxyPx10's rating: 1121 → 1097<\/strong> (-24 for losing)\n|raw|PureGamerVGC's rating: 1133 → 1157<\/strong> (+24 for winning)\n","uploadtime":1681929431,"views":15,"p1id":"galaxypx10","p2id":"puregamervgc","formatid":"gen9vgc2023regulationc","rating":1097,"private":0,"password":""}