{"id":"gen9vgc2023regulationc-1850468475","p1":"EmilyFloof728","p2":"Azizizouzi","format":"[Gen 9] VGC 2023 Regulation C","log":"|j|\u2606EmilyFloof728\n|j|\u2606Azizizouzi\n|t:|1682340195\n|gametype|doubles\n|player|p1|EmilyFloof728|hilda|1104\n|player|p2|Azizizouzi|li|1034\n|teamsize|p1|6\n|teamsize|p2|6\n|gen|9\n|tier|[Gen 9] VGC 2023 Regulation C\n|rated|\n|rule|Species Clause: Limit one of each Pok\u00e9mon\n|rule|Item Clause: Limit one of each item\n|clearpoke\n|poke|p1|Dragonite, L50, F|\n|poke|p1|Palafin, L50, M|\n|poke|p1|Chien-Pao, L50|\n|poke|p1|Great Tusk, L50|\n|poke|p1|Chi-Yu, L50|\n|poke|p1|Tauros-Paldea-Aqua, L50, M|\n|poke|p2|Ting-Lu, L50|\n|poke|p2|Wo-Chien, L50|\n|poke|p2|Corviknight, L50, F|\n|poke|p2|Spiritomb, L50, M|\n|poke|p2|Stantler, L50, M|\n|poke|p2|Gothitelle, L50, M|\n|teampreview|4\n|inactive|Battle timer is ON: inactive players will automatically lose when time's up. (requested by EmilyFloof728)\n|\n|t:|1682340216\n|start\n|switch|p1a: Huckleberry|Tauros-Paldea-Aqua, L50, M|100\/100\n|switch|p1b: Chien-Pao|Chien-Pao, L50|100\/100\n|switch|p2a: Wo-Chien|Wo-Chien, L50|100\/100\n|switch|p2b: Stantler|Stantler, L50, M|100\/100\n|-ability|p1b: Chien-Pao|Sword of Ruin\n|-ability|p1a: Huckleberry|Intimidate|boost\n|-unboost|p2a: Wo-Chien|atk|1\n|-unboost|p2b: Stantler|atk|1\n|-ability|p2b: Stantler|Intimidate|boost\n|-unboost|p1a: Huckleberry|atk|1\n|-unboost|p1b: Chien-Pao|atk|1\n|-ability|p2a: Wo-Chien|Tablets of Ruin\n|turn|1\n|inactive|Azizizouzi has 30 seconds left.\n|\n|t:|1682340242\n|move|p2a: Wo-Chien|Protect|p2a: Wo-Chien\n|-singleturn|p2a: Wo-Chien|Protect\n|move|p1b: Chien-Pao|Icicle Crash|p2a: Wo-Chien\n|-activate|p2a: Wo-Chien|move: Protect\n|move|p1a: Huckleberry|Close Combat|p2b: Stantler\n|-supereffective|p2b: Stantler\n|-damage|p2b: Stantler|44\/100\n|-unboost|p1a: Huckleberry|def|1\n|-unboost|p1a: Huckleberry|spd|1\n|move|p2b: Stantler|Thunder Wave|p1a: Huckleberry\n|-status|p1a: Huckleberry|par\n|\n|upkeep\n|turn|2\n|inactive|Azizizouzi has 30 seconds left.\n|\n|t:|1682340273\n|-terastallize|p2a: Wo-Chien|Fire\n|move|p1b: Chien-Pao|Icicle Crash|p2a: Wo-Chien\n|-resisted|p2a: Wo-Chien\n|-damage|p2a: Wo-Chien|89\/100\n|move|p2b: Stantler|Thunder Wave|p1b: Chien-Pao\n|-status|p1b: Chien-Pao|par\n|move|p2a: Wo-Chien|Leech Seed|p1a: Huckleberry\n|-start|p1a: Huckleberry|move: Leech Seed\n|move|p1a: Huckleberry|Close Combat|p2b: Stantler\n|-supereffective|p2b: Stantler\n|-damage|p2b: Stantler|0 fnt\n|-unboost|p1a: Huckleberry|def|1\n|-unboost|p1a: Huckleberry|spd|1\n|faint|p2b: Stantler\n|\n|-damage|p1a: Huckleberry|88\/100 par|[from] Leech Seed|[of] p2a: Wo-Chien\n|-heal|p2a: Wo-Chien|100\/100|[silent]\n|upkeep\n|\n|t:|1682340292\n|switch|p2b: Gothitelle|Gothitelle, L50, M|100\/100\n|turn|3\n|\n|t:|1682340301\n|move|p2b: Gothitelle|Fake Out|p1a: Huckleberry\n|-damage|p1a: Huckleberry|74\/100 par\n|cant|p1b: Chien-Pao|par\n|move|p2a: Wo-Chien|Leech Seed|p1b: Chien-Pao|[miss]\n|-miss|p2a: Wo-Chien|p1b: Chien-Pao\n|cant|p1a: Huckleberry|flinch\n|\n|-damage|p1a: Huckleberry|62\/100 par|[from] Leech Seed|[of] p2a: Wo-Chien\n|upkeep\n|turn|4\n|\n|t:|1682340318\n|switch|p2b: Spiritomb|Spiritomb, L50, M|100\/100\n|-ability|p2b: Spiritomb|Pressure\n|move|p1b: Chien-Pao|Crunch|p2b: Spiritomb\n|-damage|p2b: Spiritomb|76\/100\n|move|p2a: Wo-Chien|Leech Seed|p1b: Chien-Pao\n|-start|p1b: Chien-Pao|move: Leech Seed\n|move|p1a: Huckleberry|Wave Crash|p2a: Wo-Chien\n|-supereffective|p2a: Wo-Chien\n|-damage|p2a: Wo-Chien|40\/100\n|-damage|p1a: Huckleberry|37\/100 par|[from] Recoil\n|\n|-heal|p2b: Spiritomb|81\/100|[from] item: Leftovers\n|-damage|p1b: Chien-Pao|88\/100 par|[from] Leech Seed|[of] p2a: Wo-Chien\n|-heal|p2a: Wo-Chien|53\/100|[silent]\n|-damage|p1a: Huckleberry|25\/100 par|[from] Leech Seed|[of] p2a: Wo-Chien\n|-heal|p2a: Wo-Chien|65\/100|[silent]\n|upkeep\n|turn|5\n|\n|t:|1682340339\n|switch|p1b: Stormi|Dragonite, L50, F|100\/100\n|move|p2a: Wo-Chien|Protect|p2a: Wo-Chien\n|-singleturn|p2a: Wo-Chien|Protect\n|cant|p1a: Huckleberry|par\n|move|p2b: Spiritomb|Smokescreen|p1a: Huckleberry\n|-unboost|p1a: Huckleberry|accuracy|1\n|\n|-heal|p2b: Spiritomb|87\/100|[from] item: Leftovers\n|-damage|p1a: Huckleberry|13\/100 par|[from] Leech Seed|[of] p2a: Wo-Chien\n|-heal|p2a: Wo-Chien|77\/100|[silent]\n|upkeep\n|turn|6\n|\n|t:|1682340359\n|-terastallize|p1b: Stormi|Flying\n|move|p1b: Stormi|Tera Blast|p2b: Spiritomb\n|-damage|p2b: Spiritomb|31\/100\n|move|p2a: Wo-Chien|Leech Seed|p1b: Stormi\n|-start|p1b: Stormi|move: Leech Seed\n|cant|p1a: Huckleberry|par\n|move|p2b: Spiritomb|Icy Wind|p1a: Huckleberry|[spread] p1a,p1b\n|-resisted|p1a: Huckleberry\n|-supereffective|p1b: Stormi\n|-damage|p1a: Huckleberry|4\/100 par\n|-damage|p1b: Stormi|81\/100\n|-unboost|p1a: Huckleberry|spe|1\n|-unboost|p1b: Stormi|spe|1\n|\n|-heal|p2b: Spiritomb|37\/100|[from] item: Leftovers\n|-damage|p1b: Stormi|69\/100|[from] Leech Seed|[of] p2a: Wo-Chien\n|-heal|p2a: Wo-Chien|91\/100|[silent]\n|-damage|p1a: Huckleberry|0 fnt|[from] Leech Seed|[of] p2a: Wo-Chien\n|-heal|p2a: Wo-Chien|94\/100|[silent]\n|faint|p1a: Huckleberry\n|upkeep\n|\n|t:|1682340370\n|switch|p1a: Great Tusk|Great Tusk, L50|100\/100\n|-enditem|p1a: Great Tusk|Booster Energy\n|-activate|p1a: Great Tusk|ability: Protosynthesis|[fromitem]\n|-start|p1a: Great Tusk|protosynthesisatk\n|turn|7\n|\n|t:|1682340385\n|move|p1a: Great Tusk|Earthquake|p2b: Spiritomb|[spread] p2a,p2b\n|-immune|p1b: Stormi\n|-supereffective|p2a: Wo-Chien\n|-crit|p2a: Wo-Chien\n|-damage|p2a: Wo-Chien|0 fnt\n|-damage|p2b: Spiritomb|0 fnt\n|faint|p2a: Wo-Chien\n|faint|p2b: Spiritomb\n|move|p1b: Stormi|Tera Blast|p2: Wo-Chien|[notarget]\n|-fail|p1b: Stormi\n|\n|upkeep\n|-message|Azizizouzi forfeited.\n|\n|win|EmilyFloof728\n|raw|EmilyFloof728's rating: 1104 → 1124<\/strong> (+20 for winning)\n|raw|Azizizouzi's rating: 1034 → 1022<\/strong> (-12 for losing)\n|l|\u2606Azizizouzi\n","uploadtime":1682340401,"views":20,"p1id":"emilyfloof728","p2id":"azizizouzi","formatid":"gen9vgc2023regulationc","rating":1022,"private":0,"password":""}