{"id":"gen9vgc2023regulationc-1844876814","p1":"PokemonOG92 #4489","p2":"leonnov123","format":"[Gen 9] VGC 2023 Regulation C","log":"|j|\u2606PokemonOG92 #4489\n|j|\u2606leonnov123\n|t:|1681659396\n|gametype|doubles\n|player|p1|PokemonOG92 #4489|hilbert|1361\n|player|p2|leonnov123|1|1332\n|teamsize|p1|6\n|teamsize|p2|6\n|gen|9\n|tier|[Gen 9] VGC 2023 Regulation C\n|rated|\n|rule|Species Clause: Limit one of each Pok\u00e9mon\n|rule|Item Clause: Limit one of each item\n|clearpoke\n|poke|p1|Umbreon, L50, M|\n|poke|p1|Armarouge, L50, M|\n|poke|p1|Indeedee-F, L50, F|\n|poke|p1|Flamigo, L50, F|\n|poke|p1|Iron Valiant, L50|\n|poke|p1|Greedent, L50, F|\n|poke|p2|Glimmora, L50, M|\n|poke|p2|Dragonite, L50, F|\n|poke|p2|Chien-Pao, L50|\n|poke|p2|Ceruledge, L50, M|\n|poke|p2|Tatsugiri-Stretchy, L50, F|\n|poke|p2|Dondozo, L50, M|\n|teampreview|4\n|inactive|Battle timer is ON: inactive players will automatically lose when time's up. (requested by PokemonOG92 #4489)\nleonnov123 has agreed to open team sheets.\n|inactive|leonnov123 has 60 seconds left.\n|\n|t:|1681659443\n|start\n|switch|p1a: Iron Squirrel|Greedent, L50, F|100\/100\n|switch|p1b: Indeedee|Indeedee-F, L50, F|100\/100\n|switch|p2a: Glimmora|Glimmora, L50, M|100\/100\n|switch|p2b: Dondozo|Dondozo, L50, M|100\/100\n|-fieldstart|move: Psychic Terrain|[from] ability: Psychic Surge|[of] p1b: Indeedee\n|turn|1\n|\n|t:|1681659466\n|move|p2b: Dondozo|Protect|p2b: Dondozo\n|-singleturn|p2b: Dondozo|Protect\n|move|p1a: Iron Squirrel|Protect|p1a: Iron Squirrel\n|-singleturn|p1a: Iron Squirrel|Protect\n|move|p2a: Glimmora|Mortal Spin|p1a: Iron Squirrel|[spread] p1b\n|-activate|p1a: Iron Squirrel|move: Protect\n|-damage|p1b: Indeedee|95\/100\n|-status|p1b: Indeedee|psn\n|move|p1b: Indeedee|Trick Room|p1b: Indeedee\n|-fieldstart|move: Trick Room|[of] p1b: Indeedee\n|\n|-damage|p1b: Indeedee|83\/100 psn|[from] psn\n|upkeep\n|turn|2\n|\n|t:|1681659485\n|switch|p1b: Umbreon|Umbreon, L50, M|100\/100\n|switch|p2a: Tatsugiri|Tatsugiri-Stretchy, L50, F|100\/100\n|-activate|p2a: Tatsugiri|ability: Commander|[of] p2b: Dondozo\n|-boost|p2b: Dondozo|atk|2\n|-boost|p2b: Dondozo|spa|2\n|-boost|p2b: Dondozo|spe|2\n|-boost|p2b: Dondozo|def|2\n|-boost|p2b: Dondozo|spd|2\n|-enditem|p1b: Umbreon|Mirror Herb\n|-boost|p1b: Umbreon|atk|2|[from] item: Mirror Herb\n|-boost|p1b: Umbreon|spa|2|[from] item: Mirror Herb\n|-boost|p1b: Umbreon|spe|2|[from] item: Mirror Herb\n|-boost|p1b: Umbreon|def|2|[from] item: Mirror Herb\n|-boost|p1b: Umbreon|spd|2|[from] item: Mirror Herb\n|move|p1a: Iron Squirrel|Belly Drum|p1a: Iron Squirrel\n|-damage|p1a: Iron Squirrel|50\/100\n|-setboost|p1a: Iron Squirrel|atk|6|[from] move: Belly Drum\n|-enditem|p1a: Iron Squirrel|Sitrus Berry|[eat]\n|-heal|p1a: Iron Squirrel|75\/100|[from] item: Sitrus Berry\n|-heal|p1a: Iron Squirrel|100\/100|[from] ability: Cheek Pouch\n|move|p2b: Dondozo|Wave Crash|p1b: Umbreon\n|-damage|p1b: Umbreon|36\/100\n|-damage|p2b: Dondozo|83\/100|[from] Recoil\n|\n|-heal|p2b: Dondozo|89\/100|[from] item: Leftovers\n|upkeep\n|turn|3\n|inactive|PokemonOG92 #4489 has 30 seconds left.\n|\n|t:|1681659514\n|move|p1a: Iron Squirrel|Facade|p2b: Dondozo\n|-damage|p2b: Dondozo|77\/100\n|move|p1b: Umbreon|Skill Swap|p2b: Dondozo\n|-activate|p1b: Umbreon|move: Skill Swap|Unaware|Inner Focus|[of] p2b: Dondozo\n|move|p2b: Dondozo|Earthquake|p1b: Umbreon|[spread] p1a,p1b\n|-miss|p2b: Dondozo|p2a: Tatsugiri\n|-damage|p1a: Iron Squirrel|69\/100\n|-damage|p1b: Umbreon|29\/100\n|\n|-heal|p2b: Dondozo|83\/100|[from] item: Leftovers\n|upkeep\n|turn|4\n|c|\u2606leonnov123|wow\n|c|\u2606leonnov123|well played\n|c|\u2606PokemonOG92 #4489|Thanks\n|c|\u2606PokemonOG92 #4489|Umbreon is great at countering this strat\n|\n|t:|1681659539\n|move|p1a: Iron Squirrel|Facade|p2b: Dondozo\n|-damage|p2b: Dondozo|38\/100\n|move|p1b: Umbreon|Moonlight|p1b: Umbreon\n|-heal|p1b: Umbreon|79\/100\n|move|p2b: Dondozo|Wave Crash|p1a: Iron Squirrel\n|-damage|p1a: Iron Squirrel|0 fnt\n|faint|p1a: Iron Squirrel\n|-damage|p2b: Dondozo|18\/100|[from] Recoil\n|\n|-heal|p2b: Dondozo|25\/100|[from] item: Leftovers\n|upkeep\n|\n|t:|1681659551\n|switch|p1a: Flamigo|Flamigo, L50, F|100\/100\n|-copyboost|p1a: Flamigo|p1b: Umbreon|[from] ability: Costar\n|turn|5\n|\n|t:|1681659566\n|move|p2b: Dondozo|Protect|p2b: Dondozo\n|-singleturn|p2b: Dondozo|Protect\n|move|p1a: Flamigo|Protect|p1a: Flamigo\n|-singleturn|p1a: Flamigo|Protect\n|move|p1b: Umbreon|Facade|p2b: Dondozo\n|-activate|p2b: Dondozo|move: Protect\n|\n|-heal|p2b: Dondozo|31\/100|[from] item: Leftovers\n|-fieldend|move: Trick Room\n|-fieldend|move: Psychic Terrain\n|upkeep\n|turn|6\n|\n|t:|1681659589\n|-terastallize|p1b: Umbreon|Ghost\n|move|p1a: Flamigo|Close Combat|p2b: Dondozo\n|-damage|p2b: Dondozo|0 fnt\n|-unboost|p1a: Flamigo|def|1\n|-unboost|p1a: Flamigo|spd|1\n|faint|p2b: Dondozo\n|move|p1b: Umbreon|Curse|p2a: Tatsugiri\n|-start|p2a: Tatsugiri|Curse|[of] p1b: Umbreon\n|-damage|p1b: Umbreon|29\/100\n|\n|-damage|p2a: Tatsugiri|75\/100|[from] Curse\n|upkeep\n|\n|t:|1681659612\n|switch|p2b: Ceruledge|Ceruledge, L50, M|100\/100\n|turn|7\n|\n|t:|1681659625\n|switch|p1a: Indeedee|Indeedee-F, L50, F|83\/100 psn\n|-fieldstart|move: Psychic Terrain|[from] ability: Psychic Surge|[of] p1a: Indeedee\n|move|p2b: Ceruledge|Shadow Sneak|p1b: Umbreon\n|-activate|p1b: Umbreon|move: Psychic Terrain\n|move|p2a: Tatsugiri|Icy Wind|p1b: Umbreon|[spread] p1a,p1b\n|-damage|p1a: Indeedee|73\/100 psn\n|-damage|p1b: Umbreon|24\/100\n|-unboost|p1a: Indeedee|spe|1\n|-unboost|p1b: Umbreon|spe|1\n|move|p1b: Umbreon|Moonlight|p1b: Umbreon\n|-heal|p1b: Umbreon|74\/100\n|\n|-damage|p1a: Indeedee|61\/100 psn|[from] psn\n|-damage|p2a: Tatsugiri|50\/100|[from] Curse\n|upkeep\n|turn|8\n|\n|t:|1681659647\n|switch|p2a: Glimmora|Glimmora, L50, M|100\/100\n|move|p1a: Indeedee|Follow Me|p1a: Indeedee\n|-singleturn|p1a: Indeedee|move: Follow Me\n|move|p2b: Ceruledge|Bitter Blade|p1a: Indeedee\n|-damage|p1a: Indeedee|0 fnt\n|faint|p1a: Indeedee\n|move|p1b: Umbreon|Moonlight|p1b: Umbreon\n|-heal|p1b: Umbreon|100\/100\n|\n|upkeep\n|\n|t:|1681659656\n|switch|p1a: Flamigo|Flamigo, L50, F|100\/100\n|-copyboost|p1a: Flamigo|p1b: Umbreon|[from] ability: Costar\n|turn|9\n|\n|t:|1681659669\n|move|p2b: Ceruledge|Protect|p2b: Ceruledge\n|-singleturn|p2b: Ceruledge|Protect\n|move|p1a: Flamigo|Wide Guard|p1a: Flamigo\n|-singleturn|p1a: Flamigo|Wide Guard\n|move|p2a: Glimmora|Mortal Spin|p1b: Umbreon|[spread] \n|-activate|p1a: Flamigo|move: Wide Guard\n|-activate|p1b: Umbreon|move: Wide Guard\n|move|p1b: Umbreon|Curse|p2b: Ceruledge\n|-start|p2b: Ceruledge|Curse|[of] p1b: Umbreon\n|-damage|p1b: Umbreon|50\/100\n|\n|-damage|p2b: Ceruledge|76\/100|[from] Curse\n|upkeep\n|turn|10\n|\n|t:|1681659690\n|move|p1a: Flamigo|Close Combat|p2a: Glimmora\n|-damage|p2a: Glimmora|0 fnt\n|-unboost|p1a: Flamigo|def|1\n|-unboost|p1a: Flamigo|spd|1\n|-activate|p2a: Glimmora|ability: Toxic Debris\n|-sidestart|p1: PokemonOG92 #4489|move: Toxic Spikes\n|faint|p2a: Glimmora\n|move|p2b: Ceruledge|Bitter Blade|p1a: Flamigo\n|-damage|p1a: Flamigo|55\/100\n|-heal|p2b: Ceruledge|98\/100|[from] drain|[of] p1a: Flamigo\n|-enditem|p1a: Flamigo|Red Card|[of] p2b: Ceruledge\n|drag|p2b: Tatsugiri|Tatsugiri-Stretchy, L50, F|50\/100\n|move|p1b: Umbreon|Moonlight|p1b: Umbreon\n|-heal|p1b: Umbreon|100\/100\n|\n|upkeep\n|\n|t:|1681659706\n|switch|p2a: Ceruledge|Ceruledge, L50, M|98\/100\n|turn|11\n|-message|leonnov123 forfeited.\n|\n|win|PokemonOG92 #4489\n|raw|PokemonOG92 #4489's rating: 1361 → 1379<\/strong> (+18 for winning)\n|raw|leonnov123's rating: 1332 → 1314<\/strong> (-18 for losing)\n|l|\u2606leonnov123\n","uploadtime":1681659882,"views":64,"p1id":"pokemonog924489","p2id":"leonnov123","formatid":"gen9vgc2023regulationc","rating":1314,"private":0,"password":""}