{"id":"gen9vgc2023regulationc-1848228069","p1":"67gojan2","p2":"Master7Melon","format":"[Gen 9] VGC 2023 Regulation C","log":"|j|\u260667gojan2\n|j|\u2606Master7Melon\n|t:|1682045128\n|gametype|doubles\n|player|p1|67gojan2|2|1125\n|player|p2|Master7Melon|101|1029\n|teamsize|p1|6\n|teamsize|p2|6\n|gen|9\n|tier|[Gen 9] VGC 2023 Regulation C\n|rated|\n|rule|Species Clause: Limit one of each Pok\u00e9mon\n|rule|Item Clause: Limit one of each item\n|clearpoke\n|poke|p1|Gholdengo, L50|\n|poke|p1|Chien-Pao, L50|\n|poke|p1|Arcanine, L50, F|\n|poke|p1|Talonflame, L50, M|\n|poke|p1|Iron Bundle, L50|\n|poke|p1|Slither Wing, L50|\n|poke|p2|Dragonite, L50, F|\n|poke|p2|Vaporeon, L50, M|\n|poke|p2|Pelipper, L50, M|\n|poke|p2|Kingambit, L50, F|\n|poke|p2|Palafin, L50, M|\n|poke|p2|Flutter Mane, L50|\n|teampreview|4\n|\n|t:|1682045175\n|start\n|switch|p1a: Chien-Pao|Chien-Pao, L50|100\/100\n|switch|p1b: Slither Wing|Slither Wing, L50|100\/100\n|switch|p2a: Palafin|Palafin, L50, M|100\/100\n|switch|p2b: Pelipper|Pelipper, L50, M|100\/100\n|-ability|p1a: Chien-Pao|Sword of Ruin\n|-weather|RainDance|[from] ability: Drizzle|[of] p2b: Pelipper\n|turn|1\n|\n|t:|1682045207\n|move|p2a: Palafin|Protect|p2a: Palafin\n|-singleturn|p2a: Palafin|Protect\n|move|p1b: Slither Wing|First Impression|p2b: Pelipper\n|-resisted|p2b: Pelipper\n|-damage|p2b: Pelipper|47\/100\n|move|p1a: Chien-Pao|Crunch|p2b: Pelipper\n|-damage|p2b: Pelipper|0 fnt\n|faint|p2b: Pelipper\n|\n|-weather|RainDance|[upkeep]\n|upkeep\n|\n|t:|1682045218\n|switch|p2b: Flutter Mane|Flutter Mane, L50|100\/100\n|-enditem|p2b: Flutter Mane|Booster Energy\n|-activate|p2b: Flutter Mane|ability: Protosynthesis|[fromitem]\n|-start|p2b: Flutter Mane|protosynthesisspe\n|turn|2\n|\n|t:|1682045236\n|-end|p1b: Slither Wing|Protosynthesis|[silent]\n|switch|p1b: Iron Bundle|Iron Bundle, L50|100\/100\n|-enditem|p1b: Iron Bundle|Booster Energy\n|-activate|p1b: Iron Bundle|ability: Quark Drive|[fromitem]\n|-start|p1b: Iron Bundle|quarkdrivespe\n|-terastallize|p2b: Flutter Mane|Fairy\n|move|p2a: Palafin|Jet Punch|p1a: Chien-Pao\n|-damage|p1a: Chien-Pao|44\/100\n|move|p2b: Flutter Mane|Dazzling Gleam|p1a: Chien-Pao|[spread] p1a,p1b\n|-supereffective|p1a: Chien-Pao\n|-damage|p1a: Chien-Pao|0 fnt\n|-damage|p1b: Iron Bundle|13\/100\n|faint|p1a: Chien-Pao\n|\n|-weather|RainDance|[upkeep]\n|upkeep\n|\n|t:|1682045266\n|switch|p1a: Talonflame|Talonflame, L50, M|100\/100\n|turn|3\n|\n|t:|1682045291\n|move|p1a: Talonflame|Quick Guard|p1a: Talonflame\n|-singleturn|p1a: Talonflame|Quick Guard\n|move|p2a: Palafin|Jet Punch|p1a: Talonflame\n|-activate|p1a: Talonflame|move: Quick Guard\n|move|p1b: Iron Bundle|Hydro Pump|p2b: Flutter Mane|[miss]\n|-miss|p1b: Iron Bundle|p2b: Flutter Mane\n|move|p2b: Flutter Mane|Dazzling Gleam|p1b: Iron Bundle|[spread] p1a,p1b\n|-resisted|p1a: Talonflame\n|-damage|p1a: Talonflame|67\/100\n|-damage|p1b: Iron Bundle|0 fnt\n|faint|p1b: Iron Bundle\n|-end|p1b: Iron Bundle|Quark Drive|[silent]\n|\n|-weather|RainDance|[upkeep]\n|upkeep\n|\n|t:|1682045305\n|switch|p1b: Slither Wing|Slither Wing, L50|100\/100\n|turn|4\n|\n|t:|1682045321\n|-terastallize|p1b: Slither Wing|Bug\n|move|p2b: Flutter Mane|Protect|p2b: Flutter Mane\n|-singleturn|p2b: Flutter Mane|Protect\n|move|p2a: Palafin|Protect|p2a: Palafin\n|-singleturn|p2a: Palafin|Protect\n|move|p1a: Talonflame|Quick Guard|p1a: Talonflame\n|-singleturn|p1a: Talonflame|Quick Guard\n|move|p1b: Slither Wing|Leech Life|p2b: Flutter Mane\n|-activate|p2b: Flutter Mane|move: Protect\n|\n|-weather|RainDance|[upkeep]\n|upkeep\n|turn|5\n|\n|t:|1682045349\n|move|p2b: Flutter Mane|Shadow Ball|p1b: Slither Wing\n|-damage|p1b: Slither Wing|63\/100\n|move|p1a: Talonflame|Tailwind|p1a: Talonflame\n|-sidestart|p1: 67gojan2|move: Tailwind\n|move|p1b: Slither Wing|Leech Life|p2b: Flutter Mane\n|-resisted|p2b: Flutter Mane\n|-damage|p2b: Flutter Mane|0 fnt\n|-heal|p1b: Slither Wing|97\/100|[from] drain|[of] p2b: Flutter Mane\n|faint|p2b: Flutter Mane\n|-end|p2b: Flutter Mane|Protosynthesis|[silent]\n|move|p2a: Palafin|Wave Crash|p1a: Talonflame\n|-supereffective|p1a: Talonflame\n|-damage|p1a: Talonflame|0 fnt\n|faint|p1a: Talonflame\n|-damage|p2a: Palafin|84\/100|[from] Recoil\n|\n|-weather|RainDance|[upkeep]\n|upkeep\n|\n|t:|1682045360\n|switch|p2b: Kingambit|Kingambit, L50, F|100\/100\n|turn|6\n|\n|t:|1682045378\n|move|p2b: Kingambit|Sucker Punch|p1b: Slither Wing\n|-damage|p1b: Slither Wing|42\/100\n|move|p1b: Slither Wing|Leech Life|p2a: Palafin\n|-damage|p2a: Palafin|0 fnt\n|-heal|p1b: Slither Wing|86\/100|[from] drain|[of] p2a: Palafin\n|faint|p2a: Palafin\n|\n|-weather|RainDance|[upkeep]\n|upkeep\n|turn|7\n|\n|t:|1682045389\n|move|p2b: Kingambit|Sucker Punch|p1b: Slither Wing\n|-damage|p1b: Slither Wing|32\/100\n|move|p1b: Slither Wing|Leech Life|p2b: Kingambit\n|-damage|p2b: Kingambit|32\/100\n|-heal|p1b: Slither Wing|69\/100|[from] drain|[of] p2b: Kingambit\n|\n|-weather|RainDance|[upkeep]\n|upkeep\n|turn|8\n|\n|t:|1682045399\n|move|p2b: Kingambit|Sucker Punch|p1b: Slither Wing\n|-crit|p1b: Slither Wing\n|-damage|p1b: Slither Wing|0 fnt\n|faint|p1b: Slither Wing\n|-end|p1b: Slither Wing|Protosynthesis|[silent]\n|\n|win|Master7Melon\n|raw|67gojan2's rating: 1125 → 1093<\/strong> (-32 for losing)\n|raw|Master7Melon's rating: 1029 → 1074<\/strong> (+45 for winning)\n|c|\u260667gojan2|Luck\n|c|\u2606Master7Melon|ong\n|c|\u2606Master7Melon|i was prayin\n|c|\u260667gojan2|Yeah hahaha\n|c|\u260667gojan2|Slither God\n|c|\u2606Master7Melon|yes op\n","uploadtime":1682045499,"views":6,"p1id":"67gojan2","p2id":"master7melon","formatid":"gen9vgc2023regulationc","rating":1074,"private":0,"password":""}