{"id":"gen9vgc2023regulationc-1857621216","p1":"leoroop","p2":"Of The Senju","format":"[Gen 9] VGC 2023 Regulation C","log":"|j|\u2606leoroop\n|j|\u2606Of The Senju\n|t:|1683213719\n|gametype|doubles\n|player|p1|leoroop|backpacker|1258\n|player|p2|Of The Senju|lucas-gen4pt|1188\n|teamsize|p1|6\n|teamsize|p2|6\n|gen|9\n|tier|[Gen 9] VGC 2023 Regulation C\n|rated|\n|rule|Species Clause: Limit one of each Pok\u00e9mon\n|rule|Item Clause: Limit one of each item\n|clearpoke\n|poke|p1|Gyarados, L50, F|\n|poke|p1|Amoonguss, L50, M|\n|poke|p1|Kingambit, L50, F|\n|poke|p1|Flutter Mane, L50|\n|poke|p1|Chi-Yu, L50|\n|poke|p1|Baxcalibur, L50, M|\n|poke|p2|Ting-Lu, L50|\n|poke|p2|Chi-Yu, L50|\n|poke|p2|Iron Bundle, L50|\n|poke|p2|Arcanine, L50, M|\n|poke|p2|Amoonguss, L50, M|\n|poke|p2|Chien-Pao, L50|\n|teampreview|4\n|inactive|Battle timer is ON: inactive players will automatically lose when time's up. (requested by Of The Senju)\nleoroop has agreed to open team sheets.\nOf The Senju rejected open team sheets.\n|inactive|leoroop has 60 seconds left.\n|inactive|Of The Senju has 60 seconds left.\n|\n|t:|1683213774\n|start\n|switch|p1a: Gyarados|Gyarados, L50, F|100\/100\n|switch|p1b: Chi-Yu|Chi-Yu, L50|100\/100\n|switch|p2a: Iron Bundle|Iron Bundle, L50|100\/100\n|switch|p2b: Chi-Yu|Chi-Yu, L50|100\/100\n|-ability|p1b: Chi-Yu|Beads of Ruin\n|-ability|p2b: Chi-Yu|Beads of Ruin\n|-ability|p1a: Gyarados|Intimidate|boost\n|-unboost|p2a: Iron Bundle|atk|1\n|-unboost|p2b: Chi-Yu|atk|1\n|-enditem|p2a: Iron Bundle|Booster Energy\n|-activate|p2a: Iron Bundle|ability: Quark Drive|[fromitem]\n|-start|p2a: Iron Bundle|quarkdrivespe\n|turn|1\n|inactive|leoroop has 30 seconds left.\n|\n|t:|1683213801\n|-terastallize|p2b: Chi-Yu|Water\n|move|p1a: Gyarados|Protect|p1a: Gyarados\n|-singleturn|p1a: Gyarados|Protect\n|move|p2a: Iron Bundle|Freeze-Dry|p1a: Gyarados\n|-activate|p1a: Gyarados|move: Protect\n|move|p1b: Chi-Yu|Snarl|p2a: Iron Bundle|[spread] p2a,p2b\n|-damage|p2a: Iron Bundle|37\/100\n|-damage|p2b: Chi-Yu|80\/100\n|-unboost|p2a: Iron Bundle|spa|1\n|-unboost|p2b: Chi-Yu|spa|1\n|move|p2b: Chi-Yu|Nasty Plot|p2b: Chi-Yu\n|-boost|p2b: Chi-Yu|spa|2\n|\n|-heal|p2b: Chi-Yu|86\/100|[from] item: Leftovers\n|upkeep\n|turn|2\n|\n|t:|1683213824\n|switch|p1a: Amoonguss|Amoonguss, L50, M|100\/100\n|move|p2a: Iron Bundle|Icy Wind|p1b: Chi-Yu|[spread] p1a,p1b\n|-supereffective|p1a: Amoonguss\n|-resisted|p1b: Chi-Yu\n|-damage|p1a: Amoonguss|69\/100\n|-damage|p1b: Chi-Yu|94\/100\n|-unboost|p1a: Amoonguss|spe|1\n|-unboost|p1b: Chi-Yu|spe|1\n|move|p1b: Chi-Yu|Snarl|p2b: Chi-Yu|[spread] p2a,p2b\n|-damage|p2a: Iron Bundle|0 fnt\n|-damage|p2b: Chi-Yu|68\/100\n|-unboost|p2b: Chi-Yu|spa|1\n|faint|p2a: Iron Bundle\n|-end|p2a: Iron Bundle|Quark Drive|[silent]\n|move|p2b: Chi-Yu|Dark Pulse|p1b: Chi-Yu\n|-resisted|p1b: Chi-Yu\n|-damage|p1b: Chi-Yu|73\/100\n|\n|-heal|p2b: Chi-Yu|74\/100|[from] item: Leftovers\n|upkeep\n|\n|t:|1683213842\n|switch|p2a: Amoonguss|Amoonguss, L50, M|100\/100\n|turn|3\n|inactive|leoroop has 30 seconds left.\n|inactive|leoroop has 20 seconds left.\n|inactive|leoroop has 15 seconds left.\n|\n|t:|1683213883\n|switch|p2b: Chien-Pao|Chien-Pao, L50|100\/100\n|-ability|p2b: Chien-Pao|Sword of Ruin\n|-terastallize|p1a: Amoonguss|Water\n|move|p2a: Amoonguss|Protect|p2a: Amoonguss\n|-singleturn|p2a: Amoonguss|Protect\n|move|p1b: Chi-Yu|Snarl|p2a: Amoonguss|[spread] p2b\n|-activate|p2a: Amoonguss|move: Protect\n|-resisted|p2b: Chien-Pao\n|-damage|p2b: Chien-Pao|77\/100\n|-unboost|p2b: Chien-Pao|spa|1\n|move|p1a: Amoonguss|Spore|p2b: Chien-Pao\n|-status|p2b: Chien-Pao|slp|[from] move: Spore\n|\n|upkeep\n|turn|4\n|\n|t:|1683213903\n|switch|p1b: Gyarados|Gyarados, L50, F|100\/100\n|-ability|p1b: Gyarados|Intimidate|boost\n|-unboost|p2a: Amoonguss|atk|1\n|-unboost|p2b: Chien-Pao|atk|1\n|cant|p2b: Chien-Pao|slp\n|move|p2a: Amoonguss|Spore|p1a: Amoonguss\n|-status|p1a: Amoonguss|slp|[from] move: Spore\n|cant|p1a: Amoonguss|slp\n|\n|upkeep\n|turn|5\n|raw| The server is restarting soon.<\/b> Please finish your battles quickly. No new battles can be started until the server resets in a few minutes.<\/div>\n|inactive|staff also wants the timer to be on.\n|raw| Moderated chat was set to +!<\/b> Only users of rank + and higher can talk.<\/div>\n|inactive|leoroop has 30 seconds left.\n|\n|t:|1683213936\n|switch|p1a: Chi-Yu|Chi-Yu, L50|73\/100\n|-ability|p1a: Chi-Yu|Beads of Ruin\n|cant|p2b: Chien-Pao|slp\n|move|p1b: Gyarados|Taunt|p2a: Amoonguss\n|-start|p2a: Amoonguss|move: Taunt\n|cant|p2a: Amoonguss|move: Taunt|Spore\n|\n|upkeep\n|turn|6\n|\n|t:|1683213954\n|move|p1a: Chi-Yu|Heat Wave|p2b: Chien-Pao|[spread] p2a,p2b\n|-supereffective|p2a: Amoonguss\n|-supereffective|p2b: Chien-Pao\n|-damage|p2a: Amoonguss|14\/100\n|-damage|p2b: Chien-Pao|0 fnt\n|-status|p2a: Amoonguss|brn\n|-enditem|p2a: Amoonguss|Sitrus Berry|[eat]\n|-heal|p2a: Amoonguss|39\/100 brn|[from] item: Sitrus Berry\n|faint|p2b: Chien-Pao\n|move|p1b: Gyarados|Taunt||[still]\n|-fail|p1b: Gyarados\n|move|p2a: Amoonguss|Pollen Puff|p2: Chien-Pao|[notarget]\n|-fail|p2a: Amoonguss\n|\n|-damage|p2a: Amoonguss|33\/100 brn|[from] brn\n|upkeep\n|\n|t:|1683213962\n|switch|p2b: Chi-Yu|Chi-Yu, L50, tera:Water|74\/100\n|-ability|p2b: Chi-Yu|Beads of Ruin\n|turn|7\n|\n|t:|1683213972\n|move|p1a: Chi-Yu|Heat Wave|p2a: Amoonguss|[spread] p2b\n|-miss|p1a: Chi-Yu|p2a: Amoonguss\n|-resisted|p2b: Chi-Yu\n|-damage|p2b: Chi-Yu|60\/100\n|move|p2b: Chi-Yu|Dark Pulse|p1b: Gyarados\n|-damage|p1b: Gyarados|57\/100\n|cant|p1b: Gyarados|flinch\n|move|p2a: Amoonguss|Pollen Puff|p2b: Chi-Yu\n|-heal|p2b: Chi-Yu|100\/100\n|\n|-damage|p2a: Amoonguss|27\/100 brn|[from] brn\n|-end|p2a: Amoonguss|move: Taunt\n|upkeep\n|turn|8\n|\n|t:|1683213990\n|switch|p1a: Amoonguss|Amoonguss, L50, M, tera:Water|100\/100 slp\n|move|p2a: Amoonguss|Protect|p2a: Amoonguss\n|-singleturn|p2a: Amoonguss|Protect\n|move|p2b: Chi-Yu|Dark Pulse|p1b: Gyarados\n|-damage|p1b: Gyarados|14\/100\n|cant|p1b: Gyarados|flinch\n|\n|-damage|p2a: Amoonguss|21\/100 brn|[from] brn\n|upkeep\n|turn|9\n|\n|t:|1683214011\n|move|p1b: Gyarados|Protect|p1b: Gyarados\n|-singleturn|p1b: Gyarados|Protect\n|move|p2a: Amoonguss|Rage Powder|p2a: Amoonguss\n|-singleturn|p2a: Amoonguss|move: Rage Powder\n|move|p2b: Chi-Yu|Dark Pulse|p1b: Gyarados\n|-activate|p1b: Gyarados|move: Protect\n|-curestatus|p1a: Amoonguss|slp|[msg]\n|move|p1a: Amoonguss|Spore|p2a: Amoonguss\n|-immune|p2a: Amoonguss\n|\n|-damage|p2a: Amoonguss|15\/100 brn|[from] brn\n|upkeep\n|turn|10\n|\n|t:|1683214029\n|move|p2b: Chi-Yu|Dark Pulse|p1b: Gyarados\n|-damage|p1b: Gyarados|0 fnt\n|faint|p1b: Gyarados\n|move|p1a: Amoonguss|Pollen Puff|p2a: Amoonguss\n|-damage|p2a: Amoonguss|0 fnt\n|faint|p2a: Amoonguss\n|\n|upkeep\n|\n|t:|1683214037\n|switch|p1b: Flutter Mane|Flutter Mane, L50, shiny|100\/100\n|-enditem|p1b: Flutter Mane|Booster Energy\n|-activate|p1b: Flutter Mane|ability: Protosynthesis|[fromitem]\n|-start|p1b: Flutter Mane|protosynthesisspe\n|turn|11\n|\n|t:|1683214044\n|move|p1b: Flutter Mane|Protect|p1b: Flutter Mane\n|-singleturn|p1b: Flutter Mane|Protect\n|move|p2b: Chi-Yu|Nasty Plot|p2b: Chi-Yu\n|-boost|p2b: Chi-Yu|spa|2\n|move|p1a: Amoonguss|Spore|p2b: Chi-Yu\n|-status|p2b: Chi-Yu|slp|[from] move: Spore\n|\n|upkeep\n|turn|12\n|\n|t:|1683214052\n|switch|p1a: Chi-Yu|Chi-Yu, L50|73\/100\n|-ability|p1a: Chi-Yu|Beads of Ruin\n|move|p1b: Flutter Mane|Hex|p2b: Chi-Yu\n|-damage|p2b: Chi-Yu|47\/100 slp\n|cant|p2b: Chi-Yu|slp\n|\n|-heal|p2b: Chi-Yu|53\/100 slp|[from] item: Leftovers\n|upkeep\n|turn|13\n|\n|t:|1683214067\n|move|p1b: Flutter Mane|Hex|p2b: Chi-Yu\n|-damage|p2b: Chi-Yu|4\/100 slp\n|move|p1a: Chi-Yu|Snarl|p2b: Chi-Yu\n|-damage|p2b: Chi-Yu|0 fnt\n|faint|p2b: Chi-Yu\n|\n|win|leoroop\n|raw|leoroop's rating: 1258 → 1278<\/strong> (+20 for winning)\n|raw|Of The Senju's rating: 1188 → 1168<\/strong> (-20 for losing)\n|l|\u2606Of The Senju\n","uploadtime":1683214075,"views":22,"p1id":"leoroop","p2id":"ofthesenju","formatid":"gen9vgc2023regulationc","rating":1168,"private":0,"password":""}