{"id":"gen9vgc2023regulationc-1851376444","p1":"Pkmushroom","p2":"japo_dalcofuuu","format":"[Gen 9] VGC 2023 Regulation C","log":"|j|\u2606Pkmushroom\n|j|\u2606japo_dalcofuuu\n|t:|1682440153\n|gametype|doubles\n|player|p1|Pkmushroom|265|1119\n|player|p2|japo_dalcofuuu|acetrainer-gen4dp|1047\n|teamsize|p1|6\n|teamsize|p2|6\n|gen|9\n|tier|[Gen 9] VGC 2023 Regulation C\n|rated|\n|rule|Species Clause: Limit one of each Pok\u00e9mon\n|rule|Item Clause: Limit one of each item\n|clearpoke\n|poke|p1|Garganacl, L50, F|\n|poke|p1|Tinkaton, L50, F|\n|poke|p1|Toxapex, L50, F|\n|poke|p1|Baxcalibur, L50, M|\n|poke|p1|Meowscarada, L50, M|\n|poke|p1|Ting-Lu, L50|\n|poke|p2|Gastrodon, L50, F|\n|poke|p2|Grimmsnarl, L50, M|\n|poke|p2|Dragapult, L50, M|\n|poke|p2|Chi-Yu, L50|\n|poke|p2|Dragonite, L50, F|\n|poke|p2|Ting-Lu, L50|\n|teampreview|4\n|\n|t:|1682440202\n|start\n|switch|p1a: Tinkaton|Tinkaton, L50, F, shiny|100\/100\n|switch|p1b: Ting-Lu|Ting-Lu, L50|100\/100\n|switch|p2a: Chi-Yu|Chi-Yu, L50|100\/100\n|switch|p2b: Grimmsnarl|Grimmsnarl, L50, M|100\/100\n|-ability|p2a: Chi-Yu|Beads of Ruin\n|-ability|p1b: Ting-Lu|Vessel of Ruin\n|turn|1\n|\n|t:|1682440237\n|move|p1a: Tinkaton|Fake Out|p2a: Chi-Yu\n|-damage|p2a: Chi-Yu|87\/100\n|move|p2b: Grimmsnarl|Reflect|p2b: Grimmsnarl\n|-sidestart|p2: japo_dalcofuuu|Reflect\n|cant|p2a: Chi-Yu|flinch\n|move|p1b: Ting-Lu|Stealth Rock|p2a: Chi-Yu\n|-sidestart|p2: japo_dalcofuuu|move: Stealth Rock\n|\n|upkeep\n|turn|2\n|\n|t:|1682440270\n|-terastallize|p1a: Tinkaton|Fire\n|move|p2b: Grimmsnarl|Parting Shot|p1a: Tinkaton\n|-unboost|p1a: Tinkaton|atk|1\n|-unboost|p1a: Tinkaton|spa|1\n|\n|t:|1682440277\n|switch|p2b: Gastrodon|Gastrodon, L50, F|100\/100|[from] Parting Shot\n|-damage|p2b: Gastrodon|95\/100|[from] Stealth Rock\n|move|p2a: Chi-Yu|Will-O-Wisp|p1b: Ting-Lu\n|-status|p1b: Ting-Lu|brn\n|move|p1a: Tinkaton|Gigaton Hammer|p2b: Gastrodon\n|-resisted|p2b: Gastrodon\n|-damage|p2b: Gastrodon|82\/100\n|move|p1b: Ting-Lu|Stomping Tantrum|p2a: Chi-Yu\n|-supereffective|p2a: Chi-Yu\n|-damage|p2a: Chi-Yu|64\/100\n|\n|-damage|p1b: Ting-Lu|94\/100 brn|[from] brn\n|upkeep\n|turn|3\n|\n|t:|1682440305\n|switch|p1a: Garganacl|Garganacl, L50, F|100\/100\n|move|p2a: Chi-Yu|Hex|p1a: Garganacl\n|-damage|p1a: Garganacl|94\/100\n|move|p1b: Ting-Lu|Ruination|p2b: Gastrodon\n|-damage|p2b: Gastrodon|41\/100\n|move|p2b: Gastrodon|Muddy Water|p1b: Ting-Lu|[spread] p1a,p1b\n|-supereffective|p1a: Garganacl\n|-supereffective|p1b: Ting-Lu\n|-damage|p1a: Garganacl|62\/100\n|-damage|p1b: Ting-Lu|60\/100 brn\n|\n|-heal|p1a: Garganacl|68\/100|[from] item: Leftovers\n|-damage|p1b: Ting-Lu|54\/100 brn|[from] brn\n|upkeep\n|turn|4\n|\n|t:|1682440332\n|switch|p2a: Grimmsnarl|Grimmsnarl, L50, M|100\/100\n|-damage|p2a: Grimmsnarl|88\/100|[from] Stealth Rock\n|move|p1b: Ting-Lu|Ruination|p2b: Gastrodon\n|-damage|p2b: Gastrodon|21\/100\n|move|p2b: Gastrodon|Recover|p2b: Gastrodon\n|-heal|p2b: Gastrodon|71\/100\n|move|p1a: Garganacl|Salt Cure|p2b: Gastrodon\n|-resisted|p2b: Gastrodon\n|-damage|p2b: Gastrodon|67\/100\n|-start|p2b: Gastrodon|Salt Cure\n|\n|-heal|p1a: Garganacl|73\/100|[from] item: Leftovers\n|-damage|p1b: Ting-Lu|48\/100 brn|[from] brn\n|-damage|p2b: Gastrodon|42\/100|[from] Salt Cure\n|upkeep\n|turn|5\n|\n|t:|1682440356\n|move|p2a: Grimmsnarl|Spirit Break|p1b: Ting-Lu\n|-supereffective|p1b: Ting-Lu\n|-damage|p1b: Ting-Lu|20\/100 brn\n|move|p1b: Ting-Lu|Ruination|p2b: Gastrodon\n|-damage|p2b: Gastrodon|21\/100\n|move|p2b: Gastrodon|Muddy Water|p1b: Ting-Lu|[spread] p1a,p1b\n|-supereffective|p1a: Garganacl\n|-supereffective|p1b: Ting-Lu\n|-crit|p1b: Ting-Lu\n|-damage|p1a: Garganacl|49\/100\n|-damage|p1b: Ting-Lu|0 fnt\n|faint|p1b: Ting-Lu\n|move|p1a: Garganacl|Salt Cure|p2a: Grimmsnarl\n|-damage|p2a: Grimmsnarl|78\/100\n|-start|p2a: Grimmsnarl|Salt Cure\n|\n|-heal|p1a: Garganacl|55\/100|[from] item: Leftovers\n|-damage|p2a: Grimmsnarl|66\/100|[from] Salt Cure\n|-damage|p2b: Gastrodon|0 fnt|[from] Salt Cure\n|faint|p2b: Gastrodon\n|upkeep\n|\n|t:|1682440376\n|switch|p1b: Toxapex|Toxapex, L50, F, shiny|100\/100\n|switch|p2b: Chi-Yu|Chi-Yu, L50|64\/100\n|-damage|p2b: Chi-Yu|39\/100|[from] Stealth Rock\n|-ability|p2b: Chi-Yu|Beads of Ruin\n|-enditem|p2b: Chi-Yu|Sitrus Berry|[eat]\n|-heal|p2b: Chi-Yu|64\/100|[from] item: Sitrus Berry\n|turn|6\n|\n|t:|1682440413\n|move|p2b: Chi-Yu|Will-O-Wisp|p1b: Toxapex\n|-status|p1b: Toxapex|brn\n|move|p2a: Grimmsnarl|Spirit Break|p1a: Garganacl\n|-damage|p1a: Garganacl|34\/100\n|-unboost|p1a: Garganacl|spa|1\n|move|p1b: Toxapex|Infestation|p2a: Grimmsnarl\n|-damage|p2a: Grimmsnarl|62\/100\n|-activate|p2a: Grimmsnarl|move: Infestation|[of] p1b: Toxapex\n|move|p1a: Garganacl|Recover|p1a: Garganacl\n|-heal|p1a: Garganacl|85\/100\n|\n|-heal|p1a: Garganacl|90\/100|[from] item: Leftovers\n|-damage|p1b: Toxapex|95\/100 brn|[from] brn\n|-damage|p2a: Grimmsnarl|50\/100|[from] Salt Cure\n|-damage|p2a: Grimmsnarl|34\/100|[from] move: Infestation|[partiallytrapped]\n|upkeep\n|turn|7\n|\n|t:|1682440442\n|move|p2b: Chi-Yu|Heat Wave|p1b: Toxapex|[spread] p1a,p1b\n|-resisted|p1a: Garganacl\n|-resisted|p1b: Toxapex\n|-damage|p1a: Garganacl|76\/100\n|-damage|p1b: Toxapex|77\/100 brn\n|move|p2a: Grimmsnarl|Spirit Break|p1a: Garganacl\n|-damage|p1a: Garganacl|57\/100\n|-unboost|p1a: Garganacl|spa|1\n|move|p1a: Garganacl|Salt Cure|p2b: Chi-Yu\n|-supereffective|p2b: Chi-Yu\n|-damage|p2b: Chi-Yu|44\/100\n|-start|p2b: Chi-Yu|Salt Cure\n|move|p1b: Toxapex|Infestation|p2b: Chi-Yu\n|-damage|p2b: Chi-Yu|41\/100\n|-activate|p2b: Chi-Yu|move: Infestation|[of] p1b: Toxapex\n|\n|-heal|p1a: Garganacl|63\/100|[from] item: Leftovers\n|-damage|p1b: Toxapex|71\/100 brn|[from] brn\n|-damage|p2b: Chi-Yu|24\/100|[from] move: Infestation|[partiallytrapped]\n|-damage|p2b: Chi-Yu|12\/100|[from] Salt Cure\n|-damage|p2a: Grimmsnarl|21\/100|[from] Salt Cure\n|-damage|p2a: Grimmsnarl|5\/100|[from] move: Infestation|[partiallytrapped]\n|upkeep\n|turn|8\n|\n|t:|1682440477\n|move|p2b: Chi-Yu|Hex|p1b: Toxapex\n|-damage|p1b: Toxapex|29\/100 brn\n|move|p2a: Grimmsnarl|Spirit Break|p1b: Toxapex\n|-resisted|p1b: Toxapex\n|-damage|p1b: Toxapex|18\/100 brn\n|-unboost|p1b: Toxapex|spa|1\n|move|p1b: Toxapex|Recover|p1b: Toxapex\n|-heal|p1b: Toxapex|68\/100 brn\n|move|p1a: Garganacl|Recover|p1a: Garganacl\n|-heal|p1a: Garganacl|100\/100\n|\n|-damage|p1b: Toxapex|62\/100 brn|[from] brn\n|-damage|p2b: Chi-Yu|0 fnt|[from] Salt Cure\n|faint|p2b: Chi-Yu\n|-damage|p2a: Grimmsnarl|0 fnt|[from] Salt Cure\n|faint|p2a: Grimmsnarl\n|-sideend|p2: japo_dalcofuuu|Reflect\n|upkeep\n|\n|t:|1682440498\n|switch|p2b: Dragonite|Dragonite, L50, F|100\/100\n|-damage|p2b: Dragonite|76\/100|[from] Stealth Rock\n|turn|9\n|\n|t:|1682440509\n|-terastallize|p2b: Dragonite|Fairy\n|move|p1b: Toxapex|Baneful Bunker|p1b: Toxapex\n|-singleturn|p1b: Toxapex|move: Protect\n|move|p2b: Dragonite|Waterfall|p1a: Garganacl\n|-supereffective|p1a: Garganacl\n|-damage|p1a: Garganacl|59\/100\n|move|p1a: Garganacl|Salt Cure|p2b: Dragonite\n|-damage|p2b: Dragonite|62\/100\n|-start|p2b: Dragonite|Salt Cure\n|\n|-heal|p1a: Garganacl|65\/100|[from] item: Leftovers\n|-damage|p1b: Toxapex|56\/100 brn|[from] brn\n|-damage|p2b: Dragonite|49\/100|[from] Salt Cure\n|upkeep\n|turn|10\n|-message|japo_dalcofuuu forfeited.\n|\n|win|Pkmushroom\n|raw|Pkmushroom's rating: 1119 → 1139<\/strong> (+20 for winning)\n|raw|japo_dalcofuuu's rating: 1047 → 1033<\/strong> (-14 for losing)\n|l|\u2606japo_dalcofuuu\n","uploadtime":1682440538,"views":7,"p1id":"pkmushroom","p2id":"japodalcofuuu","formatid":"gen9vgc2023regulationc","rating":1033,"private":0,"password":""}