{"id":"gen9vgc2023regulationc-1863107443","p1":"Arcacagne","p2":"HakuCookie","format":"[Gen 9] VGC 2023 Regulation C","log":"|j|\u2606Arcacagne\n|j|\u2606HakuCookie\n|t:|1683971480\n|gametype|doubles\n|player|p1|Arcacagne|169|1256\n|player|p2|HakuCookie|2|1318\n|teamsize|p1|6\n|teamsize|p2|6\n|gen|9\n|tier|[Gen 9] VGC 2023 Regulation C\n|rated|\n|rule|Species Clause: Limit one of each Pok\u00e9mon\n|rule|Item Clause: Limit one of each item\n|clearpoke\n|poke|p1|Chi-Yu, L50|\n|poke|p1|Flutter Mane, L50|\n|poke|p1|Amoonguss, L50, M|\n|poke|p1|Ting-Lu, L50|\n|poke|p1|Iron Hands, L50|\n|poke|p1|Gyarados, L50, M|\n|poke|p2|Jumpluff, L50, F|\n|poke|p2|Torkoal, L50, M|\n|poke|p2|Chi-Yu, L50|\n|poke|p2|Flutter Mane, L50|\n|poke|p2|Great Tusk, L50|\n|poke|p2|Gyarados, L50, F|\n|teampreview|4\n|inactive|Battle timer is ON: inactive players will automatically lose when time's up. (requested by HakuCookie)\n|inactive|Arcacagne has 60 seconds left.\n|inactive|HakuCookie has 60 seconds left.\n|\n|t:|1683971536\n|start\n|switch|p1a: Iron Hands|Iron Hands, L50|100\/100\n|switch|p1b: Gyarados|Gyarados, L50, M|100\/100\n|switch|p2a: Jumpluff|Jumpluff, L50, F|100\/100\n|switch|p2b: Gyarados|Gyarados, L50, F|100\/100\n|-ability|p1b: Gyarados|Intimidate|boost\n|-unboost|p2a: Jumpluff|atk|1\n|-unboost|p2b: Gyarados|atk|1\n|-ability|p2b: Gyarados|Intimidate|boost\n|-unboost|p1a: Iron Hands|atk|1\n|-unboost|p1b: Gyarados|atk|1\n|turn|1\n|\n|t:|1683971561\n|switch|p2b: Great Tusk|Great Tusk, L50|100\/100\n|-terastallize|p1a: Iron Hands|Grass\n|move|p2a: Jumpluff|Sleep Powder|p1b: Gyarados\n|-activate|p1b: Gyarados|item: Safety Goggles|Sleep Powder\n|move|p1b: Gyarados|Taunt|p2a: Jumpluff\n|-start|p2a: Jumpluff|move: Taunt\n|move|p1a: Iron Hands|Swords Dance|p1a: Iron Hands\n|-boost|p1a: Iron Hands|atk|2\n|\n|upkeep\n|turn|2\n|inactive|HakuCookie has 30 seconds left.\n|\n|t:|1683971586\n|switch|p2a: Gyarados|Gyarados, L50, F|100\/100\n|-ability|p2a: Gyarados|Intimidate|boost\n|-unboost|p1a: Iron Hands|atk|1\n|-unboost|p1b: Gyarados|atk|1\n|move|p2b: Great Tusk|Close Combat|p1a: Iron Hands\n|-damage|p1a: Iron Hands|63\/100\n|-unboost|p2b: Great Tusk|def|1\n|-unboost|p2b: Great Tusk|spd|1\n|move|p1b: Gyarados|Waterfall|p2b: Great Tusk\n|-supereffective|p2b: Great Tusk\n|-damage|p2b: Great Tusk|63\/100\n|move|p1a: Iron Hands|Swords Dance|p1a: Iron Hands\n|-boost|p1a: Iron Hands|atk|2\n|\n|upkeep\n|turn|3\n|\n|t:|1683971605\n|-end|p2b: Great Tusk|Protosynthesis|[silent]\n|switch|p2b: Flutter Mane|Flutter Mane, L50|100\/100\n|-terastallize|p2a: Gyarados|Flying\n|move|p1b: Gyarados|Thunder Wave|p2a: Gyarados\n|-status|p2a: Gyarados|par\n|move|p1a: Iron Hands|Drain Punch|p2b: Flutter Mane\n|-immune|p2b: Flutter Mane\n|move|p2a: Gyarados|Tera Blast|p1a: Iron Hands\n|-supereffective|p1a: Iron Hands\n|-damage|p1a: Iron Hands|0 fnt\n|faint|p1a: Iron Hands\n|-end|p1a: Iron Hands|Quark Drive|[silent]\n|\n|upkeep\n|\n|t:|1683971620\n|switch|p1a: Ting-Lu|Ting-Lu, L50|100\/100\n|-ability|p1a: Ting-Lu|Vessel of Ruin\n|turn|4\n|\n|t:|1683971636\n|-end|p2b: Flutter Mane|Protosynthesis|[silent]\n|switch|p2b: Great Tusk|Great Tusk, L50|63\/100\n|switch|p2a: Jumpluff|Jumpluff, L50, F|100\/100\n|move|p1b: Gyarados|Thunder Wave|p2b: Great Tusk\n|-immune|p2b: Great Tusk\n|move|p1a: Ting-Lu|Heavy Slam|p2a: Jumpluff\n|-damage|p2a: Jumpluff|25\/100\n|\n|upkeep\n|turn|5\n|\n|t:|1683971660\n|move|p2a: Jumpluff|Tailwind|p2a: Jumpluff\n|-sidestart|p2: HakuCookie|move: Tailwind\n|move|p2b: Great Tusk|Close Combat|p1a: Ting-Lu\n|-supereffective|p1a: Ting-Lu\n|-damage|p1a: Ting-Lu|22\/100\n|-unboost|p2b: Great Tusk|def|1\n|-unboost|p2b: Great Tusk|spd|1\n|move|p1b: Gyarados|Waterfall|p2b: Great Tusk\n|-supereffective|p2b: Great Tusk\n|-damage|p2b: Great Tusk|27\/100\n|move|p1a: Ting-Lu|Heavy Slam|p2a: Jumpluff\n|-damage|p2a: Jumpluff|0 fnt\n|faint|p2a: Jumpluff\n|\n|upkeep\n|\n|t:|1683971670\n|switch|p2a: Flutter Mane|Flutter Mane, L50|100\/100\n|turn|6\n|l|\u2606HakuCookie\n|inactive|HakuCookie disconnected and has a minute to reconnect!\n|player|p2|\n|\n|t:|1683971688\n|switch|p1a: Chi-Yu|Chi-Yu, L50|100\/100\n|-ability|p1a: Chi-Yu|Beads of Ruin\n|move|p2a: Flutter Mane|Thunderbolt|p1b: Gyarados\n|-supereffective|p1b: Gyarados\n|-damage|p1b: Gyarados|0 fnt\n|faint|p1b: Gyarados\n|move|p2b: Great Tusk|Close Combat|p1a: Chi-Yu\n|-supereffective|p1a: Chi-Yu\n|-enditem|p1a: Chi-Yu|Focus Sash\n|-damage|p1a: Chi-Yu|1\/100\n|-unboost|p2b: Great Tusk|def|1\n|-unboost|p2b: Great Tusk|spd|1\n|\n|upkeep\n|-message|Arcacagne forfeited.\n|\n|win|HakuCookie\n|raw|Arcacagne's rating: 1256 → 1235<\/strong> (-21 for losing)\n|raw|HakuCookie's rating: 1318 → 1334<\/strong> (+16 for winning)\n","uploadtime":1683971702,"views":12,"p1id":"arcacagne","p2id":"hakucookie","formatid":"gen9vgc2023regulationc","rating":1235,"private":0,"password":""}