{"id":"gen9vgc2023regulationc-1857777761","p1":"kawazaki99","p2":"Determewnation","format":"[Gen 9] VGC 2023 Regulation C","log":"|j|\u2606kawazaki99\n|j|\u2606Determewnation\n|t:|1683230781\n|gametype|doubles\n|player|p1|kawazaki99|1|1343\n|player|p2|Determewnation|akari-isekai|1423\n|teamsize|p1|6\n|teamsize|p2|6\n|gen|9\n|tier|[Gen 9] VGC 2023 Regulation C\n|rated|\n|rule|Species Clause: Limit one of each Pok\u00e9mon\n|rule|Item Clause: Limit one of each item\n|clearpoke\n|poke|p1|Baxcalibur, L50, M|\n|poke|p1|Gyarados, L50, M|\n|poke|p1|Amoonguss, L50, M|\n|poke|p1|Corviknight, L50, M|\n|poke|p1|Ting-Lu, L50|\n|poke|p1|Flutter Mane, L50|\n|poke|p2|Goodra, L50, F|\n|poke|p2|Murkrow, L50, F|\n|poke|p2|Meowscarada, L50, M|\n|poke|p2|Gholdengo, L50|\n|poke|p2|Indeedee-F, L50, F|\n|poke|p2|Iron Treads, L50|\n|teampreview|4\n|\n|t:|1683230843\n|start\n|switch|p1a: Gyarados|Gyarados, L50, M|100\/100\n|switch|p1b: Corviknight|Corviknight, L50, M|100\/100\n|switch|p2a: Murkrow|Murkrow, L50, F|100\/100\n|switch|p2b: Goodra|Goodra, L50, F, shiny|100\/100\n|-ability|p1a: Gyarados|Intimidate|boost\n|-unboost|p2a: Murkrow|atk|1\n|-unboost|p2b: Goodra|atk|1\n|turn|1\n|\n|t:|1683230865\n|switch|p1a: Ting-Lu|Ting-Lu, L50|100\/100\n|-ability|p1a: Ting-Lu|Vessel of Ruin\n|move|p2a: Murkrow|Tailwind|p2a: Murkrow\n|-sidestart|p2: Determewnation|move: Tailwind\n|move|p2b: Goodra|Thunderbolt|p1a: Ting-Lu\n|-immune|p1a: Ting-Lu\n|move|p1b: Corviknight|Bulk Up|p1b: Corviknight\n|-boost|p1b: Corviknight|atk|1\n|-boost|p1b: Corviknight|def|1\n|\n|upkeep\n|turn|2\n|\n|t:|1683230886\n|move|p2a: Murkrow|Haze|p2a: Murkrow\n|-clearallboost\n|move|p2b: Goodra|Thunderbolt|p1b: Corviknight\n|-supereffective|p1b: Corviknight\n|-damage|p1b: Corviknight|64\/100\n|move|p1b: Corviknight|Iron Head|p2a: Murkrow\n|-damage|p2a: Murkrow|75\/100\n|move|p1a: Ting-Lu|Stone Edge|p2a: Murkrow|[miss]\n|-miss|p1a: Ting-Lu|p2a: Murkrow\n|\n|upkeep\n|turn|3\n|\n|t:|1683230907\n|switch|p2a: Gholdengo|Gholdengo, L50|100\/100\n|move|p2b: Goodra|Thunderbolt|p1b: Corviknight\n|-supereffective|p1b: Corviknight\n|-damage|p1b: Corviknight|26\/100\n|move|p1b: Corviknight|Roost|p1b: Corviknight\n|-heal|p1b: Corviknight|76\/100\n|-singleturn|p1b: Corviknight|move: Roost\n|move|p1a: Ting-Lu|Stomping Tantrum|p2b: Goodra\n|-damage|p2b: Goodra|32\/100\n|\n|upkeep\n|turn|4\n|\n|t:|1683230945\n|-terastallize|p1b: Corviknight|Fire\n|move|p2a: Gholdengo|Protect|p2a: Gholdengo\n|-singleturn|p2a: Gholdengo|Protect\n|move|p2b: Goodra|Flamethrower|p1b: Corviknight\n|-resisted|p1b: Corviknight\n|-damage|p1b: Corviknight|67\/100\n|move|p1b: Corviknight|Bulk Up|p1b: Corviknight\n|-boost|p1b: Corviknight|atk|1\n|-boost|p1b: Corviknight|def|1\n|move|p1a: Ting-Lu|Stone Edge|p2b: Goodra\n|-damage|p2b: Goodra|0 fnt\n|faint|p2b: Goodra\n|\n|-sideend|p2: Determewnation|move: Tailwind\n|upkeep\n|\n|t:|1683230964\n|switch|p2b: Murkrow|Murkrow, L50, F|75\/100\n|turn|5\n|\n|t:|1683230975\n|move|p2a: Gholdengo|Shadow Ball|p1b: Corviknight\n|-damage|p1b: Corviknight|29\/100\n|-damage|p2a: Gholdengo|91\/100|[from] item: Life Orb\n|move|p2b: Murkrow|Foul Play|p1b: Corviknight\n|-damage|p1b: Corviknight|1\/100\n|move|p1b: Corviknight|Roost|p1b: Corviknight\n|-heal|p1b: Corviknight|52\/100\n|move|p1a: Ting-Lu|Stone Edge|p2b: Murkrow\n|-supereffective|p2b: Murkrow\n|-damage|p2b: Murkrow|15\/100\n|\n|upkeep\n|turn|6\n|\n|t:|1683231004\n|switch|p1b: Gyarados|Gyarados, L50, M|100\/100\n|-ability|p1b: Gyarados|Intimidate|boost\n|-unboost|p2a: Gholdengo|atk|1\n|-unboost|p2b: Murkrow|atk|1\n|move|p2b: Murkrow|Tailwind|p2b: Murkrow\n|-sidestart|p2: Determewnation|move: Tailwind\n|move|p2a: Gholdengo|Nasty Plot|p2a: Gholdengo\n|-boost|p2a: Gholdengo|spa|2\n|move|p1a: Ting-Lu|Heavy Slam|p2b: Murkrow\n|-damage|p2b: Murkrow|0 fnt\n|faint|p2b: Murkrow\n|\n|upkeep\n|\n|t:|1683231008\n|switch|p2b: Meowscarada|Meowscarada, L50, M|100\/100\n|turn|7\n|\n|t:|1683231041\n|switch|p1a: Corviknight|Corviknight, L50, M, tera:Fire|52\/100\n|-terastallize|p2a: Gholdengo|Steel\n|move|p2b: Meowscarada|Knock Off|p1a: Corviknight\n|-start|p2b: Meowscarada|typechange|Dark|[from] ability: Protean\n|-damage|p1a: Corviknight|1\/100\n|-enditem|p1a: Corviknight|Lum Berry|[from] move: Knock Off|[of] p2b: Meowscarada\n|move|p2a: Gholdengo|Make It Rain|p1b: Gyarados|[spread] p1a,p1b\n|-resisted|p1a: Corviknight\n|-resisted|p1b: Gyarados\n|-damage|p1a: Corviknight|0 fnt\n|-damage|p1b: Gyarados|44\/100\n|-unboost|p2a: Gholdengo|spa|1\n|faint|p1a: Corviknight\n|-damage|p2a: Gholdengo|81\/100|[from] item: Life Orb\n|move|p1b: Gyarados|Waterfall|p2b: Meowscarada\n|-damage|p2b: Meowscarada|44\/100\n|\n|upkeep\n|\n|t:|1683231065\n|switch|p1a: Flutter Mane|Flutter Mane, L50|100\/100\n|-enditem|p1a: Flutter Mane|Booster Energy\n|-activate|p1a: Flutter Mane|ability: Protosynthesis|[fromitem]\n|-start|p1a: Flutter Mane|protosynthesisspa\n|turn|8\n|\n|t:|1683231093\n|move|p1a: Flutter Mane|Protect|p1a: Flutter Mane\n|-singleturn|p1a: Flutter Mane|Protect\n|move|p2b: Meowscarada|Knock Off|p1b: Gyarados\n|-damage|p1b: Gyarados|0 fnt\n|-enditem|p1b: Gyarados|Safety Goggles|[from] move: Knock Off|[of] p2b: Meowscarada\n|faint|p1b: Gyarados\n|move|p2a: Gholdengo|Nasty Plot|p2a: Gholdengo\n|-boost|p2a: Gholdengo|spa|2\n|\n|upkeep\n|\n|t:|1683231102\n|switch|p1b: Ting-Lu|Ting-Lu, L50|100\/100\n|-ability|p1b: Ting-Lu|Vessel of Ruin\n|turn|9\n|\n|t:|1683231121\n|move|p1a: Flutter Mane|Protect|p1a: Flutter Mane\n|-singleturn|p1a: Flutter Mane|Protect\n|move|p2b: Meowscarada|Knock Off|p1b: Ting-Lu\n|-resisted|p1b: Ting-Lu\n|-damage|p1b: Ting-Lu|79\/100\n|-enditem|p1b: Ting-Lu|Assault Vest|[from] move: Knock Off|[of] p2b: Meowscarada\n|move|p2a: Gholdengo|Make It Rain|p1a: Flutter Mane|[spread] p1b\n|-activate|p1a: Flutter Mane|move: Protect\n|-damage|p1b: Ting-Lu|0 fnt\n|-unboost|p2a: Gholdengo|spa|1\n|faint|p1b: Ting-Lu\n|-damage|p2a: Gholdengo|71\/100|[from] item: Life Orb\n|\n|-sideend|p2: Determewnation|move: Tailwind\n|upkeep\n|turn|10\n|\n|t:|1683231138\n|move|p2b: Meowscarada|Knock Off|p1a: Flutter Mane\n|-damage|p1a: Flutter Mane|32\/100\n|move|p1a: Flutter Mane|Shadow Ball|p2a: Gholdengo\n|-damage|p2a: Gholdengo|13\/100\n|move|p2a: Gholdengo|Make It Rain|p1a: Flutter Mane\n|-supereffective|p1a: Flutter Mane\n|-damage|p1a: Flutter Mane|0 fnt\n|-unboost|p2a: Gholdengo|spa|1\n|faint|p1a: Flutter Mane\n|-end|p1a: Flutter Mane|Protosynthesis|[silent]\n|-damage|p2a: Gholdengo|3\/100|[from] item: Life Orb\n|\n|win|Determewnation\n|raw|kawazaki99's rating: 1343 → 1328<\/strong> (-15 for losing)\n|raw|Determewnation's rating: 1423 → 1438<\/strong> (+15 for winning)\n","uploadtime":1683231156,"views":7,"p1id":"kawazaki99","p2id":"determewnation","formatid":"gen9vgc2023regulationc","rating":1328,"private":0,"password":""}