{"id":"gen9vgc2023regulationc-1860666171","p1":"Relativeness","p2":"fusesssrt","format":"[Gen 9] VGC 2023 Regulation C","log":"|j|\u2606Relativeness\n|j|\u2606fusesssrt\n|t:|1683664101\n|gametype|doubles\n|player|p1|Relativeness|cyclist-gen4|1254\n|player|p2|fusesssrt|265|1254\n|teamsize|p1|6\n|teamsize|p2|6\n|gen|9\n|tier|[Gen 9] VGC 2023 Regulation C\n|rated|\n|rule|Species Clause: Limit one of each Pok\u00e9mon\n|rule|Item Clause: Limit one of each item\n|clearpoke\n|poke|p1|Glimmora, L50, M|\n|poke|p1|Mimikyu, L50, M|\n|poke|p1|Orthworm, L50, M|\n|poke|p1|Dragonite, L50, M|\n|poke|p1|Tatsugiri, L50, M|\n|poke|p1|Chi-Yu, L50|\n|poke|p2|Abomasnow, L50, F|\n|poke|p2|Dragonite, L50, F|\n|poke|p2|Glimmora, L50, M|\n|poke|p2|Chien-Pao, L50|\n|poke|p2|Iron Bundle, L50|\n|poke|p2|Mimikyu, L50, F|\n|teampreview|4\n|inactive|Battle timer is ON: inactive players will automatically lose when time's up. (requested by Relativeness)\n|j| Metal_390\n|inactive|Relativeness has 60 seconds left.\n|\n|t:|1683664132\n|start\n|switch|p1a: Glimmora|Glimmora, L50, M, shiny|100\/100\n|switch|p1b: Chi-Yu|Chi-Yu, L50|100\/100\n|switch|p2a: Abomasnow|Abomasnow, L50, F|100\/100\n|switch|p2b: Chien-Pao|Chien-Pao, L50|100\/100\n|-ability|p2b: Chien-Pao|Sword of Ruin\n|-ability|p1b: Chi-Yu|Beads of Ruin\n|-weather|Snow|[from] ability: Snow Warning|[of] p2a: Abomasnow\n|turn|1\n|inactive|Relativeness has 30 seconds left.\n|inactive|fusesssrt has 30 seconds left.\n|\n|t:|1683664163\n|-terastallize|p1b: Chi-Yu|Ghost\n|move|p2b: Chien-Pao|Protect|p2b: Chien-Pao\n|-singleturn|p2b: Chien-Pao|Protect\n|move|p1b: Chi-Yu|Flamethrower|p2a: Abomasnow\n|-supereffective|p2a: Abomasnow\n|-damage|p2a: Abomasnow|0 fnt\n|faint|p2a: Abomasnow\n|move|p1a: Glimmora|Power Gem|p2b: Chien-Pao\n|-activate|p2b: Chien-Pao|move: Protect\n|\n|-weather|Snow|[upkeep]\n|upkeep\n|\n|t:|1683664179\n|switch|p2a: Dragonite|Dragonite, L50, F|100\/100\n|turn|2\n|\n|t:|1683664196\n|switch|p1a: Mimikyu|Mimikyu, L50, M|100\/100\n|move|p2b: Chien-Pao|Sucker Punch|p1b: Chi-Yu\n|-supereffective|p1b: Chi-Yu\n|-damage|p1b: Chi-Yu|0 fnt\n|faint|p1b: Chi-Yu\n|move|p2a: Dragonite|Aqua Jet|p1a: Mimikyu\n|-activate|p1a: Mimikyu|ability: Disguise\n|-damage|p1a: Mimikyu|100\/100\n|detailschange|p1a: Mimikyu|Mimikyu-Busted, L50, M\n|-damage|p1a: Mimikyu|88\/100|[from] pokemon: Mimikyu-Busted\n|\n|-weather|Snow|[upkeep]\n|upkeep\n|\n|t:|1683664207\n|switch|p1b: Glimmora|Glimmora, L50, M, shiny|100\/100\n|turn|3\n|\n|t:|1683664222\n|move|p1a: Mimikyu|Protect|p1a: Mimikyu\n|-singleturn|p1a: Mimikyu|Protect\n|move|p2a: Dragonite|Aqua Jet|p1b: Glimmora\n|-supereffective|p1b: Glimmora\n|-damage|p1b: Glimmora|38\/100\n|-activate|p1b: Glimmora|ability: Toxic Debris\n|-sidestart|p2: fusesssrt|move: Toxic Spikes\n|move|p2b: Chien-Pao|Ice Spinner|p1a: Mimikyu\n|-activate|p1a: Mimikyu|move: Protect\n|move|p1b: Glimmora|Power Gem|p2b: Chien-Pao\n|-supereffective|p2b: Chien-Pao\n|-enditem|p2b: Chien-Pao|Focus Sash\n|-damage|p2b: Chien-Pao|1\/100\n|\n|-weather|Snow|[upkeep]\n|upkeep\n|turn|4\n|\n|t:|1683664240\n|switch|p1b: Tatsugiri|Tatsugiri, L50, M|100\/100\n|move|p2b: Chien-Pao|Protect|p2b: Chien-Pao\n|-singleturn|p2b: Chien-Pao|Protect\n|move|p1a: Mimikyu|Shadow Sneak|p2b: Chien-Pao\n|-activate|p2b: Chien-Pao|move: Protect\n|move|p2a: Dragonite|Aqua Jet|p1b: Tatsugiri\n|-ability|p1b: Tatsugiri|Storm Drain|boost\n|-boost|p1b: Tatsugiri|spa|1\n|\n|-weather|Snow|[upkeep]\n|upkeep\n|turn|5\n|\n|t:|1683664258\n|switch|p2a: Iron Bundle|Iron Bundle, L50|100\/100\n|-enditem|p2a: Iron Bundle|Booster Energy\n|-activate|p2a: Iron Bundle|ability: Quark Drive|[fromitem]\n|-start|p2a: Iron Bundle|quarkdrivespe\n|-status|p2a: Iron Bundle|psn\n|move|p2b: Chien-Pao|Sucker Punch|p1a: Mimikyu\n|-damage|p1a: Mimikyu|10\/100\n|move|p1a: Mimikyu|Shadow Sneak|p2b: Chien-Pao\n|-resisted|p2b: Chien-Pao\n|-damage|p2b: Chien-Pao|0 fnt\n|faint|p2b: Chien-Pao\n|-damage|p1a: Mimikyu|0 fnt|[from] item: Life Orb\n|faint|p1a: Mimikyu\n|move|p1b: Tatsugiri|Draco Meteor|p2a: Iron Bundle\n|-damage|p2a: Iron Bundle|0 fnt\n|-unboost|p1b: Tatsugiri|spa|2\n|faint|p2a: Iron Bundle\n|-end|p2a: Iron Bundle|Quark Drive|[silent]\n|\n|-weather|Snow|[upkeep]\n|upkeep\n|\n|t:|1683664276\n|switch|p2b: Dragonite|Dragonite, L50, F|100\/100\n|switch|p1a: Glimmora|Glimmora, L50, M, shiny|38\/100\n|turn|6\n|\n|t:|1683664291\n|-terastallize|p2b: Dragonite|Flying\n|move|p1a: Glimmora|Power Gem|p2b: Dragonite\n|-supereffective|p2b: Dragonite\n|-damage|p2b: Dragonite|67\/100\n|move|p1b: Tatsugiri|Nasty Plot|p1b: Tatsugiri\n|-boost|p1b: Tatsugiri|spa|2\n|move|p2b: Dragonite|Tera Blast|p1a: Glimmora\n|-resisted|p1a: Glimmora\n|-damage|p1a: Glimmora|0 fnt\n|-activate|p1a: Glimmora|ability: Toxic Debris\n|-sidestart|p2: fusesssrt|move: Toxic Spikes\n|faint|p1a: Glimmora\n|\n|-weather|Snow|[upkeep]\n|upkeep\n|turn|7\n|\n|t:|1683664305\n|move|p1b: Tatsugiri|Draco Meteor|p2b: Dragonite\n|-damage|p2b: Dragonite|0 fnt\n|-unboost|p1b: Tatsugiri|spa|2\n|faint|p2b: Dragonite\n|\n|win|Relativeness\n|raw|Relativeness's rating: 1254 → 1279<\/strong> (+25 for winning)\n|raw|fusesssrt's rating: 1254 → 1229<\/strong> (-25 for losing)\n|l|\u2606fusesssrt\n|l|\u2606Relativeness\n","uploadtime":1683664472,"views":9,"p1id":"relativeness","p2id":"fusesssrt","formatid":"gen9vgc2023regulationc","rating":1229,"private":0,"password":""}