{"id":"gen9vgc2023regulationc-1854699624","p1":"mattnot3","p2":"Matt142718","format":"[Gen 9] VGC 2023 Regulation C","log":"|j|\u2606mattnot3\n|j|\u2606Matt142718\n|t:|1682852795\n|gametype|doubles\n|player|p1|mattnot3|266|1441\n|player|p2|Matt142718|101|1396\n|teamsize|p1|6\n|teamsize|p2|6\n|gen|9\n|tier|[Gen 9] VGC 2023 Regulation C\n|rated|\n|rule|Species Clause: Limit one of each Pok\u00e9mon\n|rule|Item Clause: Limit one of each item\n|clearpoke\n|poke|p1|Chi-Yu, L50|\n|poke|p1|Flutter Mane, L50|\n|poke|p1|Scizor, L50, F|\n|poke|p1|Wo-Chien, L50|\n|poke|p1|Gyarados, L50, M|\n|poke|p1|Glimmora, L50, M|\n|poke|p2|Roaring Moon, L50|\n|poke|p2|Flutter Mane, L50|\n|poke|p2|Torkoal, L50, F|\n|poke|p2|Amoonguss, L50, M|\n|poke|p2|Great Tusk, L50|\n|poke|p2|Lilligant, L50, F|\n|teampreview|4\nMatt142718 rejected open team sheets.\n|inactive|Battle timer is ON: inactive players will automatically lose when time's up. (requested by mattnot3)\n|inactive|Matt142718 has 60 seconds left.\n|\n|t:|1682852907\n|start\n|switch|p1a: Scizor|Scizor, L50, F|100\/100\n|switch|p1b: Flutter Mane|Flutter Mane, L50|100\/100\n|switch|p2a: Torkoal|Torkoal, L50, F|100\/100\n|switch|p2b: Lilligant|Lilligant, L50, F|100\/100\n|-weather|SunnyDay|[from] ability: Drought|[of] p2a: Torkoal\n|-activate|p1b: Flutter Mane|ability: Protosynthesis\n|-start|p1b: Flutter Mane|protosynthesisspa\n|turn|1\n|\n|t:|1682852922\n|-terastallize|p1a: Scizor|Water\n|move|p1b: Flutter Mane|Protect|p1b: Flutter Mane\n|-singleturn|p1b: Flutter Mane|Protect\n|move|p2b: Lilligant|After You|p2a: Torkoal\n|-activate|p2a: Torkoal|move: After You\n|move|p2a: Torkoal|Eruption|p1a: Scizor|[spread] p1a\n|-activate|p1b: Flutter Mane|move: Protect\n|-resisted|p1a: Scizor\n|-damage|p1a: Scizor|59\/100\n|move|p1a: Scizor|Tailwind|p1a: Scizor\n|-sidestart|p1: mattnot3|move: Tailwind\n|\n|-weather|SunnyDay|[upkeep]\n|upkeep\n|turn|2\n|inactive|mattnot3 has 30 seconds left.\n|\n|t:|1682852951\n|move|p1b: Flutter Mane|Substitute|p1b: Flutter Mane\n|-start|p1b: Flutter Mane|Substitute\n|-damage|p1b: Flutter Mane|76\/100\n|move|p2b: Lilligant|Sleep Powder|p1a: Scizor\n|-activate|p1a: Scizor|item: Safety Goggles|Sleep Powder\n|move|p1a: Scizor|U-turn|p2b: Lilligant\n|-supereffective|p2b: Lilligant\n|-crit|p2b: Lilligant\n|-enditem|p2b: Lilligant|Focus Sash\n|-damage|p2b: Lilligant|1\/100\n|\n|t:|1682852961\n|switch|p1a: Chi-Yu|Chi-Yu, L50|100\/100|[from] U-turn\n|-ability|p1a: Chi-Yu|Beads of Ruin\n|move|p2a: Torkoal|Overheat|p1b: Flutter Mane\n|-end|p1b: Flutter Mane|Substitute\n|-unboost|p2a: Torkoal|spa|2\n|-enditem|p2a: Torkoal|Eject Pack\n|\n|t:|1682852979\n|switch|p2a: Flutter Mane|Flutter Mane, L50|100\/100\n|-activate|p2a: Flutter Mane|ability: Protosynthesis\n|-start|p2a: Flutter Mane|protosynthesisspe\n|\n|-weather|SunnyDay|[upkeep]\n|upkeep\n|turn|3\n|inactive|Matt142718 has 30 seconds left.\n|inactive|Matt142718 has 20 seconds left.\n|inactive|Matt142718 has 15 seconds left.\n|\n|t:|1682853024\n|move|p2b: Lilligant|Protect|p2b: Lilligant\n|-singleturn|p2b: Lilligant|Protect\n|move|p2a: Flutter Mane|Protect|p2a: Flutter Mane\n|-singleturn|p2a: Flutter Mane|Protect\n|move|p1b: Flutter Mane|Moonblast|p2a: Flutter Mane\n|-activate|p2a: Flutter Mane|move: Protect\n|move|p1a: Chi-Yu|Heat Wave|p2a: Flutter Mane|[spread] \n|-activate|p2a: Flutter Mane|move: Protect\n|-activate|p2b: Lilligant|move: Protect\n|\n|-weather|SunnyDay|[upkeep]\n|upkeep\n|turn|4\n|\n|t:|1682853040\n|move|p2b: Lilligant|Protect||[still]\n|-fail|p2b: Lilligant\n|move|p2a: Flutter Mane|Protect|p2a: Flutter Mane\n|-singleturn|p2a: Flutter Mane|Protect\n|move|p1b: Flutter Mane|Substitute|p1b: Flutter Mane\n|-start|p1b: Flutter Mane|Substitute\n|-damage|p1b: Flutter Mane|52\/100\n|move|p1a: Chi-Yu|Heat Wave|p2a: Flutter Mane|[spread] p2b\n|-activate|p2a: Flutter Mane|move: Protect\n|-supereffective|p2b: Lilligant\n|-damage|p2b: Lilligant|0 fnt\n|faint|p2b: Lilligant\n|\n|-weather|SunnyDay|[upkeep]\n|-sideend|p1: mattnot3|move: Tailwind\n|upkeep\n|\n|t:|1682853051\n|switch|p2b: Great Tusk|Great Tusk, L50|100\/100\n|-activate|p2b: Great Tusk|ability: Protosynthesis\n|-start|p2b: Great Tusk|protosynthesisatk\n|turn|5\n|\n|t:|1682853058\n|switch|p1a: Gyarados|Gyarados, L50, M|100\/100\n|-ability|p1a: Gyarados|Intimidate|boost\n|-unboost|p2a: Flutter Mane|atk|1\n|-unboost|p2b: Great Tusk|atk|1\n|-terastallize|p2a: Flutter Mane|Flying\n|move|p1b: Flutter Mane|Protect|p1b: Flutter Mane\n|-singleturn|p1b: Flutter Mane|Protect\n|move|p2a: Flutter Mane|Shadow Ball|p1b: Flutter Mane\n|-activate|p1b: Flutter Mane|move: Protect\n|move|p2b: Great Tusk|Earthquake|p1b: Flutter Mane|[spread] \n|-activate|p1b: Flutter Mane|move: Protect\n|-immune|p2a: Flutter Mane\n|-immune|p1a: Gyarados\n|\n|-weather|none\n|-end|p2a: Flutter Mane|Protosynthesis\n|-end|p2b: Great Tusk|Protosynthesis\n|-end|p1b: Flutter Mane|Protosynthesis\n|upkeep\n|-enditem|p2a: Flutter Mane|Booster Energy\n|-activate|p2a: Flutter Mane|ability: Protosynthesis|[fromitem]\n|-start|p2a: Flutter Mane|protosynthesisspe\n|-enditem|p1b: Flutter Mane|Booster Energy\n|-activate|p1b: Flutter Mane|ability: Protosynthesis|[fromitem]\n|-start|p1b: Flutter Mane|protosynthesisspa\n|turn|6\n|inactive|mattnot3 has 30 seconds left.\n|\n|t:|1682853093\n|-end|p2b: Great Tusk|Protosynthesis|[silent]\n|switch|p2b: Torkoal|Torkoal, L50, F|100\/100\n|-weather|SunnyDay|[from] ability: Drought|[of] p2b: Torkoal\n|move|p2a: Flutter Mane|Protect|p2a: Flutter Mane\n|-singleturn|p2a: Flutter Mane|Protect\n|move|p1b: Flutter Mane|Moonblast|p2b: Torkoal\n|-resisted|p2b: Torkoal\n|-damage|p2b: Torkoal|59\/100\n|move|p1a: Gyarados|Thunder Wave|p2a: Flutter Mane\n|-activate|p2a: Flutter Mane|move: Protect\n|\n|-weather|SunnyDay|[upkeep]\n|upkeep\n|turn|7\n|inactive|Matt142718 has 30 seconds left.\n|inactive|mattnot3 has 30 seconds left.\n|inactive|Matt142718 has 20 seconds left.\n|inactive|Matt142718 has 15 seconds left.\n|inactive|Matt142718 has 10 seconds left.\n|\n|t:|1682853140\n|move|p1b: Flutter Mane|Protect|p1b: Flutter Mane\n|-singleturn|p1b: Flutter Mane|Protect\n|move|p2b: Torkoal|Protect|p2b: Torkoal\n|-singleturn|p2b: Torkoal|Protect\n|move|p2a: Flutter Mane|Shadow Ball|p1b: Flutter Mane\n|-activate|p1b: Flutter Mane|move: Protect\n|move|p1a: Gyarados|Whirlpool|p2b: Torkoal\n|-activate|p2b: Torkoal|move: Protect\n|\n|-weather|SunnyDay|[upkeep]\n|upkeep\n|turn|8\n|\n|t:|1682853160\n|move|p2a: Flutter Mane|Shadow Ball|p1b: Flutter Mane\n|-supereffective|p1b: Flutter Mane\n|-end|p1b: Flutter Mane|Substitute\n|move|p1b: Flutter Mane|Moonblast|p2a: Flutter Mane\n|-damage|p2a: Flutter Mane|43\/100\n|-unboost|p2a: Flutter Mane|spa|1\n|move|p1a: Gyarados|Waterfall|p2a: Flutter Mane\n|-damage|p2a: Flutter Mane|12\/100\n|move|p2b: Torkoal|Overheat|p1b: Flutter Mane\n|-damage|p1b: Flutter Mane|0 fnt\n|-unboost|p2b: Torkoal|spa|2\n|faint|p1b: Flutter Mane\n|-end|p1b: Flutter Mane|Protosynthesis|[silent]\n|\n|-weather|SunnyDay|[upkeep]\n|upkeep\n|\n|t:|1682853181\n|switch|p1b: Scizor|Scizor, L50, F, tera:Water|59\/100\n|turn|9\n|\n|t:|1682853201\n|-end|p2a: Flutter Mane|Protosynthesis|[silent]\n|switch|p2a: Great Tusk|Great Tusk, L50|100\/100\n|-activate|p2a: Great Tusk|ability: Protosynthesis\n|-start|p2a: Great Tusk|protosynthesisatk\n|move|p1a: Gyarados|Whirlpool|p2b: Torkoal\n|-supereffective|p2b: Torkoal\n|-damage|p2b: Torkoal|49\/100\n|-activate|p2b: Torkoal|move: Whirlpool|[of] p1a: Gyarados\n|move|p1b: Scizor|Tailwind|p1b: Scizor\n|-sidestart|p1: mattnot3|move: Tailwind\n|move|p2b: Torkoal|Overheat|p1b: Scizor\n|-resisted|p1b: Scizor\n|-damage|p1b: Scizor|32\/100\n|-unboost|p2b: Torkoal|spa|2\n|\n|-weather|SunnyDay|[upkeep]\n|-damage|p2b: Torkoal|36\/100|[from] move: Whirlpool|[partiallytrapped]\n|upkeep\n|turn|10\n|inactive|mattnot3 has 30 seconds left.\n|inactive|Matt142718 has 30 seconds left.\n|\n|t:|1682853232\n|move|p2b: Torkoal|Helping Hand|p2a: Great Tusk\n|-singleturn|p2a: Great Tusk|Helping Hand|[of] p2b: Torkoal\n|move|p1b: Scizor|Protect|p1b: Scizor\n|-singleturn|p1b: Scizor|Protect\n|move|p1a: Gyarados|Waterfall|p2a: Great Tusk\n|-supereffective|p2a: Great Tusk\n|-damage|p2a: Great Tusk|76\/100\n|move|p2a: Great Tusk|Rock Slide|p1a: Gyarados|[spread] p1a\n|-activate|p1b: Scizor|move: Protect\n|-supereffective|p1a: Gyarados\n|-damage|p1a: Gyarados|14\/100\n|-enditem|p1a: Gyarados|Sitrus Berry|[eat]\n|-heal|p1a: Gyarados|39\/100|[from] item: Sitrus Berry\n|\n|-weather|none\n|-end|p2a: Great Tusk|Protosynthesis\n|-damage|p2b: Torkoal|24\/100|[from] move: Whirlpool|[partiallytrapped]\n|upkeep\n|turn|11\n|inactive|Matt142718 has 30 seconds left.\n|\n|t:|1682853264\n|-end|p2a: Great Tusk|Protosynthesis|[silent]\n|switch|p2a: Flutter Mane|Flutter Mane, L50, tera:Flying|12\/100\n|move|p2b: Torkoal|Protect|p2b: Torkoal\n|-singleturn|p2b: Torkoal|Protect\n|move|p1b: Scizor|Bullet Punch|p2a: Flutter Mane\n|-damage|p2a: Flutter Mane|0 fnt\n|faint|p2a: Flutter Mane\n|-end|p2a: Flutter Mane|Protosynthesis|[silent]\n|move|p1a: Gyarados|Waterfall|p2b: Torkoal\n|-activate|p2b: Torkoal|move: Protect\n|\n|-damage|p2b: Torkoal|11\/100|[from] move: Whirlpool|[partiallytrapped]\n|upkeep\n|\n|t:|1682853275\n|switch|p2a: Great Tusk|Great Tusk, L50|76\/100\n|turn|12\n|\n|t:|1682853283\n|move|p2b: Torkoal|Helping Hand|p2a: Great Tusk\n|-singleturn|p2a: Great Tusk|Helping Hand|[of] p2b: Torkoal\n|move|p1b: Scizor|Bullet Punch|p2a: Great Tusk\n|-damage|p2a: Great Tusk|52\/100\n|move|p1a: Gyarados|Waterfall|p2a: Great Tusk\n|-supereffective|p2a: Great Tusk\n|-damage|p2a: Great Tusk|0 fnt\n|faint|p2a: Great Tusk\n|-end|p2a: Great Tusk|Protosynthesis|[silent]\n|\n|-damage|p2b: Torkoal|0 fnt|[from] move: Whirlpool|[partiallytrapped]\n|faint|p2b: Torkoal\n|\n|win|mattnot3\n|upkeep\n|raw|mattnot3's rating: 1441 → 1458<\/strong> (+17 for winning)\n|raw|Matt142718's rating: 1396 → 1379<\/strong> (-17 for losing)\n|l|\u2606Matt142718\n|c|\u2606mattnot3|gg\n","uploadtime":1682853301,"views":12,"p1id":"mattnot3","p2id":"matt142718","formatid":"gen9vgc2023regulationc","rating":1379,"private":0,"password":""}