{"id":"gen9vgc2023regulationc-1845684479","p1":"alldaybabi","p2":"Jscoot12","format":"[Gen 9] VGC 2023 Regulation C","log":"|j|\u2606alldaybabi\n|j|\u2606Jscoot12\n|t:|1681755373\n|gametype|doubles\n|player|p1|alldaybabi|drayden|1235\n|player|p2|Jscoot12|266|1151\n|teamsize|p1|6\n|teamsize|p2|6\n|gen|9\n|tier|[Gen 9] VGC 2023 Regulation C\n|rated|\n|rule|Species Clause: Limit one of each Pok\u00e9mon\n|rule|Item Clause: Limit one of each item\n|clearpoke\n|poke|p1|Chien-Pao, L50|\n|poke|p1|Amoonguss, L50, F|\n|poke|p1|Flutter Mane, L50|\n|poke|p1|Ting-Lu, L50|\n|poke|p1|Dragonite, L50, M|\n|poke|p1|Gyarados, L50, F|\n|poke|p2|Baxcalibur, L50, F|\n|poke|p2|Orthworm, L50, F|\n|poke|p2|Flutter Mane, L50|\n|poke|p2|Corviknight, L50, M|\n|poke|p2|Dondozo, L50, M|\n|poke|p2|Torkoal, L50, M|\n|teampreview|4\nJscoot12 has agreed to open team sheets.\n|\n|t:|1681755431\n|start\n|switch|p1a: Gyarados|Gyarados, L50, F, shiny|100\/100\n|switch|p1b: Mimi|Flutter Mane, L50, shiny|100\/100\n|switch|p2a: Baxcalibur|Baxcalibur, L50, F|100\/100\n|switch|p2b: Orthworm|Orthworm, L50, F|100\/100\n|-ability|p1a: Gyarados|Intimidate|boost\n|-unboost|p2a: Baxcalibur|atk|1\n|-unboost|p2b: Orthworm|atk|1\n|-enditem|p1b: Mimi|Booster Energy\n|-activate|p1b: Mimi|ability: Protosynthesis|[fromitem]\n|-start|p1b: Mimi|protosynthesisspa\n|turn|1\n|\n|t:|1681755457\n|-terastallize|p1b: Mimi|Fairy\n|-terastallize|p2a: Baxcalibur|Poison\n|move|p1b: Mimi|Dazzling Gleam|p2a: Baxcalibur|[spread] p2a,p2b\n|-resisted|p2a: Baxcalibur\n|-resisted|p2b: Orthworm\n|-damage|p2a: Baxcalibur|77\/100\n|-damage|p2b: Orthworm|63\/100\n|move|p1a: Gyarados|Taunt|p2b: Orthworm\n|-start|p2b: Orthworm|move: Taunt\n|move|p2a: Baxcalibur|Glaive Rush|p1a: Gyarados\n|-damage|p1a: Gyarados|42\/100\n|-singlemove|p2a: Baxcalibur|Glaive Rush|[silent]\n|-damage|p2a: Baxcalibur|67\/100|[from] item: Life Orb\n|cant|p2b: Orthworm|move: Taunt|Iron Defense\n|\n|upkeep\n|turn|2\n|\n|t:|1681755491\n|move|p2a: Baxcalibur|Protect|p2a: Baxcalibur\n|-singleturn|p2a: Baxcalibur|Protect\n|move|p1b: Mimi|Shadow Ball|p2a: Baxcalibur\n|-activate|p2a: Baxcalibur|move: Protect\n|move|p1a: Gyarados|Thunder Wave|p2a: Baxcalibur\n|-activate|p2a: Baxcalibur|move: Protect\n|move|p2b: Orthworm|Body Press|p1a: Gyarados\n|-resisted|p1a: Gyarados\n|-damage|p1a: Gyarados|25\/100\n|-enditem|p1a: Gyarados|Figy Berry|[eat]\n|-heal|p1a: Gyarados|58\/100|[from] item: Figy Berry\n|\n|upkeep\n|turn|3\n|\n|t:|1681755511\n|move|p1b: Mimi|Shadow Ball|p2a: Baxcalibur\n|-damage|p2a: Baxcalibur|15\/100\n|move|p1a: Gyarados|Waterfall|p2b: Orthworm\n|-damage|p2b: Orthworm|44\/100\n|-damage|p1a: Gyarados|42\/100|[from] item: Rocky Helmet|[of] p2b: Orthworm\n|move|p2a: Baxcalibur|Earthquake|p1a: Gyarados|[spread] p1b\n|-heal|p2b: Orthworm|68\/100|[from] ability: Earth Eater|[of] p2a: Baxcalibur\n|-immune|p1a: Gyarados\n|-damage|p1b: Mimi|59\/100\n|-damage|p2a: Baxcalibur|5\/100|[from] item: Life Orb\n|move|p2b: Orthworm|Body Press|p1a: Gyarados\n|-resisted|p1a: Gyarados\n|-damage|p1a: Gyarados|26\/100\n|\n|-end|p2b: Orthworm|move: Taunt\n|upkeep\n|turn|4\n|\n|t:|1681755536\n|switch|p2a: Corviknight|Corviknight, L50, M|100\/100\n|move|p1b: Mimi|Dazzling Gleam|p2b: Orthworm|[spread] p2a,p2b\n|-resisted|p2a: Corviknight\n|-resisted|p2b: Orthworm\n|-damage|p2a: Corviknight|77\/100\n|-damage|p2b: Orthworm|28\/100\n|move|p1a: Gyarados|Taunt|p2b: Orthworm\n|-start|p2b: Orthworm|move: Taunt\n|cant|p2b: Orthworm|move: Taunt|Iron Defense\n|\n|-heal|p2a: Corviknight|83\/100|[from] item: Leftovers\n|upkeep\n|turn|5\n|\n|t:|1681755554\n|move|p1b: Mimi|Shadow Ball|p2a: Corviknight\n|-damage|p2a: Corviknight|40\/100\n|-ability|p2a: Corviknight|Mirror Armor\n|-unboost|p1b: Mimi|spd|1\n|move|p1a: Gyarados|Thunder Wave|p2a: Corviknight\n|-status|p2a: Corviknight|par\n|move|p2b: Orthworm|Body Press|p1a: Gyarados\n|-resisted|p1a: Gyarados\n|-damage|p1a: Gyarados|10\/100\n|move|p2a: Corviknight|Iron Head|p1b: Mimi\n|-supereffective|p1b: Mimi\n|-damage|p1b: Mimi|0 fnt\n|faint|p1b: Mimi\n|-end|p1b: Mimi|Protosynthesis|[silent]\n|\n|-heal|p2a: Corviknight|46\/100 par|[from] item: Leftovers\n|upkeep\n|\n|t:|1681755581\n|switch|p1b: WoChien|Amoonguss, L50, F, shiny|100\/100\n|turn|6\n|\n|t:|1681755615\n|switch|p1b: Dragonite|Dragonite, L50, M, shiny|100\/100\n|move|p1a: Gyarados|Taunt|p2a: Corviknight\n|-start|p2a: Corviknight|move: Taunt\n|move|p2b: Orthworm|Body Press|p1a: Gyarados\n|-resisted|p1a: Gyarados\n|-damage|p1a: Gyarados|0 fnt\n|faint|p1a: Gyarados\n|cant|p2a: Corviknight|move: Taunt|Roost\n|\n|-heal|p2a: Corviknight|52\/100 par|[from] item: Leftovers\n|-end|p2b: Orthworm|move: Taunt\n|upkeep\n|\n|t:|1681755629\n|switch|p1a: WoChien|Amoonguss, L50, F, shiny|100\/100\n|turn|7\n|\n|t:|1681755669\n|move|p1b: Dragonite|Extreme Speed|p2a: Corviknight\n|-resisted|p2a: Corviknight\n|-damage|p2a: Corviknight|41\/100 par\n|move|p2b: Orthworm|Iron Defense|p2b: Orthworm\n|-boost|p2b: Orthworm|def|2\n|move|p2a: Corviknight|Brave Bird|p1a: WoChien\n|-supereffective|p1a: WoChien\n|-damage|p1a: WoChien|27\/100\n|-enditem|p1a: WoChien|Sitrus Berry|[eat]\n|-heal|p1a: WoChien|52\/100|[from] item: Sitrus Berry\n|-damage|p2a: Corviknight|16\/100 par|[from] Recoil\n|move|p1a: WoChien|Pollen Puff|p1b: Dragonite\n|-immune|p1b: Dragonite\n|\n|-heal|p2a: Corviknight|21\/100 par|[from] item: Leftovers\n|upkeep\n|turn|8\n|-message|alldaybabi forfeited.\n|\n|win|Jscoot12\n|raw|alldaybabi's rating: 1235 → 1204<\/strong> (-31 for losing)\n|raw|Jscoot12's rating: 1151 → 1182<\/strong> (+31 for winning)\n|l|\u2606alldaybabi\n","uploadtime":1681755697,"views":11,"p1id":"alldaybabi","p2id":"jscoot12","formatid":"gen9vgc2023regulationc","rating":1182,"private":0,"password":""}