{"id":"gen9vgc2023regulationc-1860564666","p1":"thepostmanp","p2":"Legion1412","format":"[Gen 9] VGC 2023 Regulation C","log":"|j|\u2606thepostmanp\n|j|\u2606Legion1412\n|t:|1683654923\n|gametype|doubles\n|player|p1|thepostmanp|266|1161\n|player|p2|Legion1412|jasmine|1117\n|teamsize|p1|6\n|teamsize|p2|6\n|gen|9\n|tier|[Gen 9] VGC 2023 Regulation C\n|rated|\n|rule|Species Clause: Limit one of each Pok\u00e9mon\n|rule|Item Clause: Limit one of each item\n|clearpoke\n|poke|p1|Mimikyu, L50, M|\n|poke|p1|Orthworm, L50, F|\n|poke|p1|Altaria, L50, F|\n|poke|p1|Ting-Lu, L50|\n|poke|p1|Oranguru, L50, F|\n|poke|p1|Iron Hands, L50|\n|poke|p2|Gholdengo, L50|\n|poke|p2|Tinkaton, L50, F|\n|poke|p2|Bisharp, L50, F|\n|poke|p2|Corviknight, L50, F|\n|poke|p2|Scizor, L50, F|\n|poke|p2|Iron Treads, L50|\n|teampreview|4\n|inactive|Battle timer is ON: inactive players will automatically lose when time's up. (requested by Legion1412)\n|\n|t:|1683654953\n|start\n|switch|p1a: Oranguru|Oranguru, L50, F|100\/100\n|switch|p1b: Orthworm|Orthworm, L50, F|100\/100\n|switch|p2a: Bisharp|Bisharp, L50, F, shiny|100\/100\n|switch|p2b: Tinkaton|Tinkaton, L50, F|100\/100\n|-ability|p2b: Tinkaton|Mold Breaker\n|turn|1\n|inactive|Legion1412 has 30 seconds left.\n|\n|t:|1683654978\n|move|p2b: Tinkaton|Knock Off|p1b: Orthworm\n|-damage|p1b: Orthworm|88\/100\n|-enditem|p1b: Orthworm|Sitrus Berry|[from] move: Knock Off|[of] p2b: Tinkaton\n|move|p2a: Bisharp|Taunt|p1a: Oranguru\n|-start|p1a: Oranguru|move: Taunt\n|-enditem|p1a: Oranguru|Mental Herb\n|-end|p1a: Oranguru|move: Taunt\n|move|p1b: Orthworm|Iron Defense|p1b: Orthworm\n|-boost|p1b: Orthworm|def|2\n|move|p1a: Oranguru|Trick Room|p1a: Oranguru\n|-fieldstart|move: Trick Room|[of] p1a: Oranguru\n|\n|upkeep\n|turn|2\n|inactive|thepostmanp has 30 seconds left.\n|\n|t:|1683655005\n|move|p1a: Oranguru|Instruct|p1b: Orthworm\n|-singleturn|p1b: Orthworm|move: Instruct|[of] p1a: Oranguru\n|move|p1b: Orthworm|Iron Defense|p1b: Orthworm\n|-boost|p1b: Orthworm|def|2\n|move|p1b: Orthworm|Body Press|p2a: Bisharp\n|-supereffective|p2a: Bisharp\n|-damage|p2a: Bisharp|0 fnt\n|faint|p2a: Bisharp\n|move|p2b: Tinkaton|Gigaton Hammer|p1b: Orthworm\n|-resisted|p1b: Orthworm\n|-damage|p1b: Orthworm|82\/100\n|\n|upkeep\n|\n|t:|1683655020\n|switch|p2a: Corviknight|Corviknight, L50, F, shiny|100\/100\n|turn|3\n|\n|t:|1683655039\n|move|p1a: Oranguru|Encore|p2b: Tinkaton\n|-start|p2b: Tinkaton|Encore\n|move|p1b: Orthworm|Body Press|p2a: Corviknight\n|-damage|p2a: Corviknight|33\/100\n|move|p2a: Corviknight|Bulk Up|p2a: Corviknight\n|-boost|p2a: Corviknight|atk|1\n|-boost|p2a: Corviknight|def|1\n|move|p2b: Tinkaton|Gigaton Hammer|p1a: Oranguru\n|-damage|p1a: Oranguru|49\/100\n|-hint|Some effects can force a Pokemon to use Gigaton Hammer again in a row.\n|\n|upkeep\n|turn|4\n|\n|t:|1683655055\n|switch|p2b: Scizor|Scizor, L50, F, shiny|100\/100\n|move|p1a: Oranguru|Instruct|p1b: Orthworm\n|-singleturn|p1b: Orthworm|move: Instruct|[of] p1a: Oranguru\n|move|p1b: Orthworm|Body Press|p2a: Corviknight\n|-damage|p2a: Corviknight|0 fnt\n|faint|p2a: Corviknight\n|move|p1b: Orthworm|Body Press|p2b: Scizor\n|-damage|p2b: Scizor|25\/100\n|\n|-heal|p2b: Scizor|31\/100|[from] item: Leftovers\n|upkeep\n|\n|t:|1683655066\n|switch|p2a: Tinkaton|Tinkaton, L50, F|100\/100\n|-ability|p2a: Tinkaton|Mold Breaker\n|turn|5\n|\n|t:|1683655080\n|move|p2a: Tinkaton|Fake Out|p1b: Orthworm\n|-resisted|p1b: Orthworm\n|-damage|p1b: Orthworm|81\/100\n|move|p1a: Oranguru|Foul Play|p2b: Scizor\n|-damage|p2b: Scizor|0 fnt\n|faint|p2b: Scizor\n|cant|p1b: Orthworm|flinch\n|\n|-fieldend|move: Trick Room\n|upkeep\n|turn|6\n|\n|t:|1683655096\n|move|p2a: Tinkaton|Gigaton Hammer|p1b: Orthworm\n|-resisted|p1b: Orthworm\n|-damage|p1b: Orthworm|75\/100\n|move|p1b: Orthworm|Body Press|p2a: Tinkaton\n|-damage|p2a: Tinkaton|34\/100\n|move|p1a: Oranguru|Instruct|p1b: Orthworm\n|-singleturn|p1b: Orthworm|move: Instruct|[of] p1a: Oranguru\n|move|p1b: Orthworm|Body Press|p2a: Tinkaton\n|-damage|p2a: Tinkaton|0 fnt\n|faint|p2a: Tinkaton\n|\n|win|thepostmanp\n|raw|thepostmanp's rating: 1161 → 1183<\/strong> (+22 for winning)\n|raw|Legion1412's rating: 1117 → 1095<\/strong> (-22 for losing)\n|l|\u2606Legion1412\n","uploadtime":1683655114,"views":12,"p1id":"thepostmanp","p2id":"legion1412","formatid":"gen9vgc2023regulationc","rating":1095,"private":0,"password":""}