{"id":"gen9vgc2023regulationc-1856657150","p1":"2245663y","p2":"Char7ine","format":"[Gen 9] VGC 2023 Regulation C","log":"|j|\u26062245663y\n|j|\u2606Char7ine\n|t:|1683089217\n|gametype|doubles\n|player|p1|2245663y|dawn-gen4pt|1137\n|player|p2|Char7ine|170|1217\n|teamsize|p1|6\n|teamsize|p2|6\n|gen|9\n|tier|[Gen 9] VGC 2023 Regulation C\n|rated|\n|rule|Species Clause: Limit one of each Pok\u00e9mon\n|rule|Item Clause: Limit one of each item\n|clearpoke\n|poke|p1|Wo-Chien, L50|\n|poke|p1|Glimmora, L50, F|\n|poke|p1|Ting-Lu, L50|\n|poke|p1|Arcanine, L50, M|\n|poke|p1|Grimmsnarl, L50, M|\n|poke|p1|Garganacl, L50, M|\n|poke|p2|Torkoal, L50, F|\n|poke|p2|Flutter Mane, L50|\n|poke|p2|Great Tusk, L50|\n|poke|p2|Roaring Moon, L50|\n|poke|p2|Slither Wing, L50|\n|poke|p2|Pawmot, L50, M|\n|teampreview|4\n|l|\u2606Char7ine\n|player|p2|\n|j|\u2606Char7ine\n|player|p2|Char7ine|170\n|inactive|Battle timer is ON: inactive players will automatically lose when time's up. (requested by 2245663y)\n|\n|t:|1683089293\n|start\n|switch|p1a: Arcanine|Arcanine, L50, M|100\/100\n|switch|p1b: Grimmsnarl|Grimmsnarl, L50, M|100\/100\n|switch|p2a: Mediocre Tusk|Great Tusk, L50|100\/100\n|switch|p2b: Lame Tortoise|Torkoal, L50, F|100\/100\n|-ability|p1a: Arcanine|Intimidate|boost\n|-unboost|p2a: Mediocre Tusk|atk|1\n|-unboost|p2b: Lame Tortoise|atk|1\n|-enditem|p2a: Mediocre Tusk|White Herb\n|-clearnegativeboost|p2a: Mediocre Tusk|[silent]\n|-weather|SunnyDay|[from] ability: Drought|[of] p2b: Lame Tortoise\n|-activate|p2a: Mediocre Tusk|ability: Protosynthesis\n|-start|p2a: Mediocre Tusk|protosynthesisatk\n|turn|1\n|inactive|2245663y has 30 seconds left.\n|inactive|2245663y has 20 seconds left.\n|\n|t:|1683089332\n|move|p1a: Arcanine|Protect|p1a: Arcanine\n|-singleturn|p1a: Arcanine|Protect\n|move|p1b: Grimmsnarl|Parting Shot|p2a: Mediocre Tusk\n|-unboost|p2a: Mediocre Tusk|atk|1\n|-unboost|p2a: Mediocre Tusk|spa|1\n|\n|t:|1683089336\n|switch|p1b: Ting-Lu|Ting-Lu, L50|100\/100|[from] Parting Shot\n|-ability|p1b: Ting-Lu|Vessel of Ruin\n|move|p2a: Mediocre Tusk|Headlong Rush|p1a: Arcanine\n|-activate|p1a: Arcanine|move: Protect\n|move|p2b: Lame Tortoise|Flamethrower|p1b: Ting-Lu\n|-damage|p1b: Ting-Lu|86\/100\n|\n|-weather|SunnyDay|[upkeep]\n|upkeep\n|turn|2\n|inactive|2245663y has 30 seconds left.\n|\n|t:|1683089361\n|switch|p1a: Wo-Chien|Wo-Chien, L50|100\/100\n|-ability|p1a: Wo-Chien|Tablets of Ruin\n|move|p2a: Mediocre Tusk|Close Combat|p1b: Ting-Lu\n|-supereffective|p1b: Ting-Lu\n|-damage|p1b: Ting-Lu|44\/100\n|-unboost|p2a: Mediocre Tusk|def|1\n|-unboost|p2a: Mediocre Tusk|spd|1\n|move|p1b: Ting-Lu|Snarl|p2b: Lame Tortoise|[spread] p2a,p2b\n|-resisted|p2a: Mediocre Tusk\n|-damage|p2a: Mediocre Tusk|95\/100\n|-damage|p2b: Lame Tortoise|94\/100\n|-unboost|p2a: Mediocre Tusk|spa|1\n|-unboost|p2b: Lame Tortoise|spa|1\n|move|p2b: Lame Tortoise|Flamethrower|p1a: Wo-Chien\n|-supereffective|p1a: Wo-Chien\n|-damage|p1a: Wo-Chien|71\/100\n|\n|-weather|SunnyDay|[upkeep]\n|-heal|p1a: Wo-Chien|78\/100|[from] item: Leftovers\n|upkeep\n|turn|3\n|inactive|2245663y has 30 seconds left.\n|inactive|Char7ine has 30 seconds left.\n|\n|t:|1683089391\n|-end|p2a: Mediocre Tusk|Protosynthesis|[silent]\n|switch|p2a: cheeseburger|Pawmot, L50, M, shiny|100\/100\n|switch|p1b: Arcanine|Arcanine, L50, M|100\/100\n|-ability|p1b: Arcanine|Intimidate|boost\n|-unboost|p2a: cheeseburger|atk|1\n|-unboost|p2b: Lame Tortoise|atk|1\n|move|p1a: Wo-Chien|Leech Seed|p2b: Lame Tortoise\n|-start|p2b: Lame Tortoise|move: Leech Seed\n|move|p2b: Lame Tortoise|Flamethrower|p1a: Wo-Chien\n|-supereffective|p1a: Wo-Chien\n|-damage|p1a: Wo-Chien|39\/100\n|\n|-weather|SunnyDay|[upkeep]\n|-heal|p1a: Wo-Chien|45\/100|[from] item: Leftovers\n|-damage|p2b: Lame Tortoise|81\/100|[from] Leech Seed|[of] p1a: Wo-Chien\n|-heal|p1a: Wo-Chien|57\/100|[silent]\n|upkeep\n|turn|4\n|\n|t:|1683089415\n|move|p1a: Wo-Chien|Protect|p1a: Wo-Chien\n|-singleturn|p1a: Wo-Chien|Protect\n|move|p2a: cheeseburger|Mach Punch|p1a: Wo-Chien\n|-activate|p1a: Wo-Chien|move: Protect\n|move|p1b: Arcanine|Will-O-Wisp|p2a: cheeseburger\n|-status|p2a: cheeseburger|brn\n|move|p2b: Lame Tortoise|Flamethrower|p1b: Arcanine\n|-resisted|p1b: Arcanine\n|-damage|p1b: Arcanine|91\/100\n|\n|-weather|SunnyDay|[upkeep]\n|-heal|p1a: Wo-Chien|63\/100|[from] item: Leftovers\n|-damage|p2b: Lame Tortoise|69\/100|[from] Leech Seed|[of] p1a: Wo-Chien\n|-heal|p1a: Wo-Chien|74\/100|[silent]\n|-damage|p2a: cheeseburger|94\/100 brn|[from] brn\n|upkeep\n|turn|5\n|\n|t:|1683089438\n|switch|p2b: Mediocre Tusk|Great Tusk, L50|95\/100\n|-activate|p2b: Mediocre Tusk|ability: Protosynthesis\n|-start|p2b: Mediocre Tusk|protosynthesisatk\n|move|p2a: cheeseburger|Mach Punch|p1a: Wo-Chien\n|-supereffective|p1a: Wo-Chien\n|-crit|p1a: Wo-Chien\n|-damage|p1a: Wo-Chien|55\/100\n|move|p1b: Arcanine|Fire Spin|p2b: Mediocre Tusk\n|-damage|p2b: Mediocre Tusk|77\/100\n|-activate|p2b: Mediocre Tusk|move: Fire Spin|[of] p1b: Arcanine\n|move|p1a: Wo-Chien|Leech Seed|p2a: cheeseburger\n|-start|p2a: cheeseburger|move: Leech Seed\n|\n|-weather|SunnyDay|[upkeep]\n|-heal|p1a: Wo-Chien|61\/100|[from] item: Leftovers\n|-damage|p2a: cheeseburger|82\/100 brn|[from] Leech Seed|[of] p1a: Wo-Chien\n|-heal|p1a: Wo-Chien|71\/100|[silent]\n|-damage|p2a: cheeseburger|76\/100 brn|[from] brn\n|-damage|p2b: Mediocre Tusk|65\/100|[from] move: Fire Spin|[partiallytrapped]\n|upkeep\n|turn|6\n|\n|t:|1683089461\n|switch|p2a: Lame Tortoise|Torkoal, L50, F|69\/100\n|-terastallize|p1b: Arcanine|Grass\n|move|p1a: Wo-Chien|Protect|p1a: Wo-Chien\n|-singleturn|p1a: Wo-Chien|Protect\n|move|p2b: Mediocre Tusk|Headlong Rush|p1b: Arcanine\n|-resisted|p1b: Arcanine\n|-damage|p1b: Arcanine|63\/100\n|-unboost|p2b: Mediocre Tusk|def|1\n|-unboost|p2b: Mediocre Tusk|spd|1\n|move|p1b: Arcanine|Will-O-Wisp|p2b: Mediocre Tusk\n|-status|p2b: Mediocre Tusk|brn\n|\n|-weather|SunnyDay|[upkeep]\n|-heal|p1a: Wo-Chien|77\/100|[from] item: Leftovers\n|-damage|p2b: Mediocre Tusk|59\/100 brn|[from] brn\n|-damage|p2b: Mediocre Tusk|46\/100 brn|[from] move: Fire Spin|[partiallytrapped]\n|upkeep\n|turn|7\n|inactive|2245663y has 30 seconds left.\n|inactive|Char7ine has 30 seconds left.\n|\n|t:|1683089490\n|switch|p1b: Ting-Lu|Ting-Lu, L50|44\/100\n|-ability|p1b: Ting-Lu|Vessel of Ruin\n|move|p2b: Mediocre Tusk|Close Combat|p1a: Wo-Chien\n|-supereffective|p1a: Wo-Chien\n|-damage|p1a: Wo-Chien|38\/100\n|-unboost|p2b: Mediocre Tusk|def|1\n|-unboost|p2b: Mediocre Tusk|spd|1\n|move|p1a: Wo-Chien|Pollen Puff|p1b: Ting-Lu\n|-heal|p1b: Ting-Lu|94\/100\n|move|p2a: Lame Tortoise|Flamethrower|p1a: Wo-Chien\n|-supereffective|p1a: Wo-Chien\n|-damage|p1a: Wo-Chien|0 fnt\n|faint|p1a: Wo-Chien\n|\n|-weather|SunnyDay|[upkeep]\n|-damage|p2b: Mediocre Tusk|40\/100 brn|[from] brn\n|-end|p2b: Mediocre Tusk|Fire Spin|[partiallytrapped]|[silent]\n|upkeep\n|\n|t:|1683089514\n|switch|p1a: Arcanine|Arcanine, L50, M, tera:Grass|63\/100\n|-ability|p1a: Arcanine|Intimidate|boost\n|-unboost|p2a: Lame Tortoise|atk|1\n|-unboost|p2b: Mediocre Tusk|atk|1\n|turn|8\n|\n|t:|1683089536\n|-end|p2b: Mediocre Tusk|Protosynthesis|[silent]\n|switch|p2b: cheeseburger|Pawmot, L50, M, shiny|76\/100 brn\n|move|p1a: Arcanine|Morning Sun|p1a: Arcanine\n|-heal|p1a: Arcanine|100\/100\n|move|p1b: Ting-Lu|Snarl|p2a: Lame Tortoise|[spread] p2a,p2b\n|-resisted|p2b: cheeseburger\n|-damage|p2a: Lame Tortoise|62\/100\n|-damage|p2b: cheeseburger|68\/100 brn\n|-unboost|p2a: Lame Tortoise|spa|1\n|-unboost|p2b: cheeseburger|spa|1\n|move|p2a: Lame Tortoise|Flamethrower|p1b: Ting-Lu\n|-damage|p1b: Ting-Lu|86\/100\n|\n|-weather|none\n|-damage|p2b: cheeseburger|62\/100 brn|[from] brn\n|upkeep\n|turn|9\n|\n|t:|1683089558\n|move|p2a: Lame Tortoise|Helping Hand|p2b: cheeseburger\n|-singleturn|p2b: cheeseburger|Helping Hand|[of] p2a: Lame Tortoise\n|move|p2b: cheeseburger|Mach Punch|p1b: Ting-Lu\n|-supereffective|p1b: Ting-Lu\n|-damage|p1b: Ting-Lu|63\/100\n|move|p1a: Arcanine|Fire Spin|p2a: Lame Tortoise\n|-resisted|p2a: Lame Tortoise\n|-damage|p2a: Lame Tortoise|58\/100\n|-activate|p2a: Lame Tortoise|move: Fire Spin|[of] p1a: Arcanine\n|move|p1b: Ting-Lu|Sand Tomb|p2b: cheeseburger\n|-supereffective|p2b: cheeseburger\n|-damage|p2b: cheeseburger|7\/100 brn\n|-activate|p2b: cheeseburger|move: Sand Tomb|[of] p1b: Ting-Lu\n|\n|-damage|p2b: cheeseburger|0 fnt|[from] brn\n|faint|p2b: cheeseburger\n|-damage|p2a: Lame Tortoise|45\/100|[from] move: Fire Spin|[partiallytrapped]\n|upkeep\n|inactive|Char7ine has 30 seconds left.\n|\n|t:|1683089587\n|switch|p2b: Flutter|Flutter Mane, L50|100\/100\n|turn|10\n|\n|t:|1683089601\n|move|p2a: Lame Tortoise|Helping Hand|p2b: Flutter\n|-singleturn|p2b: Flutter|Helping Hand|[of] p2a: Lame Tortoise\n|move|p2b: Flutter|Dazzling Gleam|p1b: Ting-Lu|[spread] p1a,p1b\n|-supereffective|p1b: Ting-Lu\n|-crit|p1b: Ting-Lu\n|-damage|p1a: Arcanine|67\/100\n|-damage|p1b: Ting-Lu|0 fnt\n|faint|p1b: Ting-Lu\n|move|p1a: Arcanine|Fire Spin|p2b: Flutter|[miss]\n|-miss|p1a: Arcanine|p2b: Flutter\n|\n|-damage|p2a: Lame Tortoise|33\/100|[from] move: Fire Spin|[partiallytrapped]\n|upkeep\n|\n|t:|1683089608\n|switch|p1b: Grimmsnarl|Grimmsnarl, L50, M|100\/100\n|turn|11\n|\n|t:|1683089617\n|move|p2a: Lame Tortoise|Helping Hand|p2b: Flutter\n|-singleturn|p2b: Flutter|Helping Hand|[of] p2a: Lame Tortoise\n|move|p1b: Grimmsnarl|Parting Shot|p2b: Flutter\n|-unboost|p2b: Flutter|atk|1\n|-unboost|p2b: Flutter|spa|1\n|move|p2b: Flutter|Dazzling Gleam|p1b: Grimmsnarl|[spread] p1a,p1b\n|-supereffective|p1b: Grimmsnarl\n|-damage|p1a: Arcanine|37\/100\n|-damage|p1b: Grimmsnarl|34\/100\n|move|p1a: Arcanine|Fire Spin|p2b: Flutter\n|-damage|p2b: Flutter|87\/100\n|-activate|p2b: Flutter|move: Fire Spin|[of] p1a: Arcanine\n|\n|-damage|p2b: Flutter|75\/100|[from] move: Fire Spin|[partiallytrapped]\n|-damage|p2a: Lame Tortoise|20\/100|[from] move: Fire Spin|[partiallytrapped]\n|upkeep\n|turn|12\n|\n|t:|1683089641\n|move|p2a: Lame Tortoise|Helping Hand|p2b: Flutter\n|-singleturn|p2b: Flutter|Helping Hand|[of] p2a: Lame Tortoise\n|move|p1b: Grimmsnarl|Parting Shot|p2b: Flutter\n|-unboost|p2b: Flutter|atk|1\n|-unboost|p2b: Flutter|spa|1\n|move|p2b: Flutter|Dazzling Gleam|p1b: Grimmsnarl|[spread] p1a,p1b\n|-supereffective|p1b: Grimmsnarl\n|-damage|p1a: Arcanine|15\/100\n|-damage|p1b: Grimmsnarl|0 fnt\n|faint|p1b: Grimmsnarl\n|move|p1a: Arcanine|Morning Sun|p1a: Arcanine\n|-heal|p1a: Arcanine|64\/100\n|\n|-damage|p2b: Flutter|62\/100|[from] move: Fire Spin|[partiallytrapped]\n|-damage|p2a: Lame Tortoise|8\/100|[from] move: Fire Spin|[partiallytrapped]\n|upkeep\n|turn|13\n|\n|t:|1683089660\n|move|p2b: Flutter|Dazzling Gleam|p1a: Arcanine\n|-damage|p1a: Arcanine|45\/100\n|move|p1a: Arcanine|Will-O-Wisp|p2b: Flutter\n|-status|p2b: Flutter|brn\n|move|p2a: Lame Tortoise|Flamethrower|p1a: Arcanine\n|-supereffective|p1a: Arcanine\n|-damage|p1a: Arcanine|14\/100\n|\n|-damage|p2b: Flutter|56\/100 brn|[from] brn\n|-damage|p2b: Flutter|44\/100 brn|[from] move: Fire Spin|[partiallytrapped]\n|-end|p2a: Lame Tortoise|Fire Spin|[partiallytrapped]\n|upkeep\n|turn|14\n|-message|2245663y forfeited.\n|\n|win|Char7ine\n|raw|2245663y's rating: 1137 → 1118<\/strong> (-19 for losing)\n|raw|Char7ine's rating: 1217 → 1236<\/strong> (+19 for winning)\n|l|\u26062245663y\n","uploadtime":1683089701,"views":4,"p1id":"2245663y","p2id":"char7ine","formatid":"gen9vgc2023regulationc","rating":1118,"private":0,"password":""}