{"id":"gen9vgc2023regulationc-1855616004","p1":"Echo Rose#9471","p2":"natcentre","format":"[Gen 9] VGC 2023 Regulation C","log":"|j|\u2606Echo Rose#9471\n|j|\u2606natcentre\n|t:|1682966775\n|gametype|doubles\n|player|p1|Echo Rose#9471|169|1430\n|player|p2|natcentre|2|1415\n|teamsize|p1|6\n|teamsize|p2|6\n|gen|9\n|tier|[Gen 9] VGC 2023 Regulation C\n|rated|\n|rule|Species Clause: Limit one of each Pok\u00e9mon\n|rule|Item Clause: Limit one of each item\n|clearpoke\n|poke|p1|Annihilape, L50, M|\n|poke|p1|Maushold-Four, L50|\n|poke|p1|Amoonguss, L50, F|\n|poke|p1|Ting-Lu, L50|\n|poke|p1|Palafin, L50, M|\n|poke|p1|Arcanine, L50, F|\n|poke|p2|Talonflame, L50, F|\n|poke|p2|Great Tusk, L50|\n|poke|p2|Flutter Mane, L50|\n|poke|p2|Iron Bundle, L50|\n|poke|p2|Tyranitar, L50, F|\n|poke|p2|Gothitelle, L50, M|\n|teampreview|4\n|\n|t:|1682966833\n|start\n|switch|p1a: Annihilape|Annihilape, L50, M|100\/100\n|switch|p1b: Maushold|Maushold-Four, L50|100\/100\n|switch|p2a: Flutter Mane|Flutter Mane, L50|100\/100\n|switch|p2b: Gothitelle|Gothitelle, L50, M|100\/100\n|turn|1\n|\n|t:|1682966846\n|-terastallize|p1a: Annihilape|Poison\n|move|p2b: Gothitelle|Fake Out|p1b: Maushold\n|-damage|p1b: Maushold|93\/100\n|-damage|p2b: Gothitelle|84\/100|[from] item: Rocky Helmet|[of] p1b: Maushold\n|move|p2a: Flutter Mane|Dazzling Gleam|p1a: Annihilape|[spread] p1a,p1b\n|-resisted|p1a: Annihilape\n|-damage|p1a: Annihilape|86\/100\n|-damage|p1b: Maushold|42\/100\n|cant|p1b: Maushold|flinch\n|move|p1a: Annihilape|Rage Fist|p2a: Flutter Mane\n|-supereffective|p2a: Flutter Mane\n|-damage|p2a: Flutter Mane|0 fnt\n|faint|p2a: Flutter Mane\n|-end|p2a: Flutter Mane|Protosynthesis|[silent]\n|\n|-heal|p1a: Annihilape|92\/100|[from] item: Leftovers\n|upkeep\n|\n|t:|1682966859\n|switch|p2a: Iron Bundle|Iron Bundle, L50|100\/100\n|-enditem|p2a: Iron Bundle|Booster Energy\n|-activate|p2a: Iron Bundle|ability: Quark Drive|[fromitem]\n|-start|p2a: Iron Bundle|quarkdrivespe\n|turn|2\n|\n|t:|1682966875\n|move|p1b: Maushold|Protect|p1b: Maushold\n|-singleturn|p1b: Maushold|Protect\n|move|p2a: Iron Bundle|Hydro Pump|p1b: Maushold\n|-activate|p1b: Maushold|move: Protect\n|move|p1a: Annihilape|Rage Fist|p2b: Gothitelle\n|-supereffective|p2b: Gothitelle\n|-damage|p2b: Gothitelle|0 fnt\n|faint|p2b: Gothitelle\n|\n|-heal|p1a: Annihilape|98\/100|[from] item: Leftovers\n|upkeep\n|\n|t:|1682966883\n|switch|p2b: Tyranitar|Tyranitar, L50, F|100\/100\n|-weather|Sandstorm|[from] ability: Sand Stream|[of] p2b: Tyranitar\n|turn|3\n|\n|t:|1682966892\n|-terastallize|p2b: Tyranitar|Flying\n|move|p1b: Maushold|Follow Me|p1b: Maushold\n|-singleturn|p1b: Maushold|move: Follow Me\n|move|p2a: Iron Bundle|Hydro Pump|p1b: Maushold\n|-damage|p1b: Maushold|0 fnt\n|faint|p1b: Maushold\n|move|p1a: Annihilape|Drain Punch|p2a: Iron Bundle\n|-supereffective|p2a: Iron Bundle\n|-damage|p2a: Iron Bundle|23\/100\n|-heal|p1a: Annihilape|100\/100|[from] drain|[of] p2a: Iron Bundle\n|move|p2b: Tyranitar|Tera Blast|p1a: Annihilape\n|-crit|p1a: Annihilape\n|-damage|p1a: Annihilape|36\/100\n|\n|-weather|Sandstorm|[upkeep]\n|-damage|p2a: Iron Bundle|17\/100|[from] Sandstorm\n|-damage|p1a: Annihilape|30\/100|[from] Sandstorm\n|-damage|p2b: Tyranitar|95\/100|[from] Sandstorm\n|-heal|p1a: Annihilape|36\/100|[from] item: Leftovers\n|upkeep\n|\n|t:|1682966905\n|switch|p1b: Alfredo|Arcanine, L50, F|100\/100\n|-ability|p1b: Alfredo|Intimidate|boost\n|-unboost|p2a: Iron Bundle|atk|1\n|-unboost|p2b: Tyranitar|atk|1\n|turn|4\n|\n|t:|1682966948\n|move|p1b: Alfredo|Extreme Speed|p2a: Iron Bundle\n|-damage|p2a: Iron Bundle|0 fnt\n|faint|p2a: Iron Bundle\n|-end|p2a: Iron Bundle|Quark Drive|[silent]\n|move|p1a: Annihilape|Rage Fist|p2b: Tyranitar\n|-damage|p2b: Tyranitar|38\/100\n|move|p2b: Tyranitar|Rock Slide|p1b: Alfredo|[spread] p1a,p1b\n|-supereffective|p1b: Alfredo\n|-damage|p1a: Annihilape|14\/100\n|-damage|p1b: Alfredo|48\/100\n|\n|-weather|Sandstorm|[upkeep]\n|-damage|p1a: Annihilape|8\/100|[from] Sandstorm\n|-damage|p2b: Tyranitar|32\/100|[from] Sandstorm\n|-heal|p1a: Annihilape|14\/100|[from] item: Leftovers\n|upkeep\n|turn|5\n|-message|natcentre forfeited.\n|\n|win|Echo Rose#9471\n|raw|Echo Rose#9471's rating: 1430 → 1449<\/strong> (+19 for winning)\n|raw|natcentre's rating: 1415 → 1396<\/strong> (-19 for losing)\n|l|\u2606natcentre\n","uploadtime":1682966964,"views":15,"p1id":"echorose9471","p2id":"natcentre","formatid":"gen9vgc2023regulationc","rating":1396,"private":0,"password":""}