{"id":"gen9vgc2023regulationc-1860284071","p1":"fgdfg54","p2":"Caspereq","format":"[Gen 9] VGC 2023 Regulation C","log":"|j|\u2606fgdfg54\n|j|\u2606Caspereq\n|t:|1683625414\n|gametype|doubles\n|player|p1|fgdfg54|169|1138\n|player|p2|Caspereq|biker|1136\n|teamsize|p1|6\n|teamsize|p2|6\n|gen|9\n|tier|[Gen 9] VGC 2023 Regulation C\n|rated|\n|rule|Species Clause: Limit one of each Pok\u00e9mon\n|rule|Item Clause: Limit one of each item\n|clearpoke\n|poke|p1|Torkoal, L50, M|\n|poke|p1|Chi-Yu, L50|\n|poke|p1|Bronzong, L50|\n|poke|p1|Gastrodon, L50, M|\n|poke|p1|Grimmsnarl, L50, M|\n|poke|p1|Skeledirge, L50, F|\n|poke|p2|Bruxish, L50, M|\n|poke|p2|Gallade, L50, M|\n|poke|p2|Coalossal, L50, F|\n|poke|p2|Flutter Mane, L50|\n|poke|p2|Talonflame, L50, F|\n|poke|p2|Rotom-Wash, L50|\n|teampreview|4\n|inactive|Battle timer is ON: inactive players will automatically lose when time's up. (requested by Caspereq)\n|\n|t:|1683625442\n|start\n|switch|p1a: Grimmsnarl|Grimmsnarl, L50, M|100\/100\n|switch|p1b: Bronzong|Bronzong, L50|100\/100\n|switch|p2a: Gallade|Gallade, L50, M, shiny|100\/100\n|switch|p2b: Flutter Mane|Flutter Mane, L50|100\/100\n|turn|1\n|\n|t:|1683625463\n|-end|p2b: Flutter Mane|Protosynthesis|[silent]\n|switch|p2b: Rotom|Rotom-Wash, L50|100\/100\n|move|p1a: Grimmsnarl|Trick|p2b: Rotom\n|-activate|p1a: Grimmsnarl|move: Trick|[of] p2b: Rotom\n|-item|p2b: Rotom|Lagging Tail|[from] move: Trick\n|-item|p1a: Grimmsnarl|Safety Goggles|[from] move: Trick\n|move|p2a: Gallade|Sacred Sword|p1a: Grimmsnarl\n|-damage|p1a: Grimmsnarl|53\/100\n|move|p1b: Bronzong|Trick Room|p1b: Bronzong\n|-fieldstart|move: Trick Room|[of] p1b: Bronzong\n|\n|upkeep\n|turn|2\n|\n|t:|1683625484\n|move|p1b: Bronzong|Iron Head|p2a: Gallade\n|-damage|p2a: Gallade|68\/100\n|move|p1a: Grimmsnarl|Spirit Break|p2a: Gallade\n|-supereffective|p2a: Gallade\n|-damage|p2a: Gallade|0 fnt\n|faint|p2a: Gallade\n|move|p2b: Rotom|Nasty Plot|p2b: Rotom\n|-boost|p2b: Rotom|spa|2\n|\n|upkeep\n|\n|t:|1683625493\n|switch|p2a: Coalossal|Coalossal, L50, F|100\/100\n|turn|3\n|\n|t:|1683625514\n|switch|p1b: Gastrodon|Gastrodon, L50, M|100\/100\n|move|p1a: Grimmsnarl|Spirit Break|p2a: Coalossal\n|-resisted|p2a: Coalossal\n|-damage|p2a: Coalossal|84\/100\n|-unboost|p2a: Coalossal|spa|1\n|move|p2a: Coalossal|Flamethrower|p1b: Gastrodon\n|-resisted|p1b: Gastrodon\n|-damage|p1b: Gastrodon|91\/100\n|move|p2b: Rotom|Thunderbolt|p1a: Grimmsnarl\n|-damage|p1a: Grimmsnarl|0 fnt\n|faint|p1a: Grimmsnarl\n|\n|upkeep\n|\n|t:|1683625530\n|switch|p1a: Torkoal|Torkoal, L50, M|100\/100\n|-weather|SunnyDay|[from] ability: Drought|[of] p1a: Torkoal\n|turn|4\n|\n|t:|1683625551\n|move|p1a: Torkoal|Protect|p1a: Torkoal\n|-singleturn|p1a: Torkoal|Protect\n|move|p1b: Gastrodon|Protect|p1b: Gastrodon\n|-singleturn|p1b: Gastrodon|Protect\n|move|p2b: Rotom|Protect|p2b: Rotom\n|-singleturn|p2b: Rotom|Protect\n|move|p2a: Coalossal|Power Gem|p1a: Torkoal\n|-activate|p1a: Torkoal|move: Protect\n|\n|-weather|SunnyDay|[upkeep]\n|upkeep\n|turn|5\n|\n|t:|1683625562\n|move|p2b: Rotom|Protect||[still]\n|-fail|p2b: Rotom\n|move|p1a: Torkoal|Earth Power|p2a: Coalossal\n|-supereffective|p2a: Coalossal\n|-damage|p2a: Coalossal|0 fnt\n|faint|p2a: Coalossal\n|move|p1b: Gastrodon|Clear Smog|p2b: Rotom\n|-damage|p2b: Rotom|89\/100\n|-clearboost|p2b: Rotom\n|\n|-weather|SunnyDay|[upkeep]\n|-fieldend|move: Trick Room\n|upkeep\n|\n|t:|1683625572\n|switch|p2a: Flutter Mane|Flutter Mane, L50|100\/100\n|-activate|p2a: Flutter Mane|ability: Protosynthesis\n|-start|p2a: Flutter Mane|protosynthesisspe\n|turn|6\n|\n|t:|1683625589\n|-terastallize|p2a: Flutter Mane|Fairy\n|move|p1b: Gastrodon|Protect|p1b: Gastrodon\n|-singleturn|p1b: Gastrodon|Protect\n|move|p1a: Torkoal|Protect|p1a: Torkoal\n|-singleturn|p1a: Torkoal|Protect\n|move|p2a: Flutter Mane|Dazzling Gleam|p1b: Gastrodon|[spread] \n|-activate|p1a: Torkoal|move: Protect\n|-activate|p1b: Gastrodon|move: Protect\n|move|p2b: Rotom|Thunderbolt|p1a: Torkoal\n|-activate|p1a: Torkoal|move: Protect\n|\n|-weather|SunnyDay|[upkeep]\n|upkeep\n|turn|7\n|\n|t:|1683625603\n|switch|p1a: Bronzong|Bronzong, L50|100\/100\n|-terastallize|p1b: Gastrodon|Steel\n|move|p2a: Flutter Mane|Dazzling Gleam|p1a: Bronzong|[spread] p1a,p1b\n|-resisted|p1a: Bronzong\n|-resisted|p1b: Gastrodon\n|-damage|p1a: Bronzong|70\/100\n|-damage|p1b: Gastrodon|65\/100\n|move|p1b: Gastrodon|Sludge Bomb|p2a: Flutter Mane\n|-supereffective|p2a: Flutter Mane\n|-damage|p2a: Flutter Mane|53\/100\n|move|p2b: Rotom|Thunderbolt|p1a: Bronzong\n|-damage|p1a: Bronzong|40\/100\n|\n|-weather|SunnyDay|[upkeep]\n|upkeep\n|turn|8\n|\n|t:|1683625617\n|move|p2a: Flutter Mane|Dazzling Gleam|p1b: Gastrodon|[spread] p1a,p1b\n|-resisted|p1a: Bronzong\n|-resisted|p1b: Gastrodon\n|-damage|p1a: Bronzong|13\/100\n|-damage|p1b: Gastrodon|40\/100\n|move|p1b: Gastrodon|Sludge Bomb|p2a: Flutter Mane\n|-supereffective|p2a: Flutter Mane\n|-damage|p2a: Flutter Mane|0 fnt\n|faint|p2a: Flutter Mane\n|-end|p2a: Flutter Mane|Protosynthesis|[silent]\n|move|p2b: Rotom|Thunderbolt|p1b: Gastrodon\n|-damage|p1b: Gastrodon|14\/100\n|move|p1a: Bronzong|Trick Room|p1a: Bronzong\n|-fieldstart|move: Trick Room|[of] p1a: Bronzong\n|\n|-weather|none\n|upkeep\n|turn|9\n|\n|t:|1683625630\n|move|p1a: Bronzong|Body Press|p2b: Rotom\n|-damage|p2b: Rotom|61\/100\n|move|p1b: Gastrodon|Sludge Bomb|p2b: Rotom\n|-damage|p2b: Rotom|39\/100\n|-status|p2b: Rotom|psn\n|move|p2b: Rotom|Thunderbolt|p1b: Gastrodon\n|-damage|p1b: Gastrodon|0 fnt\n|faint|p1b: Gastrodon\n|\n|-damage|p2b: Rotom|27\/100 psn|[from] psn\n|upkeep\n|\n|t:|1683625638\n|switch|p1b: Torkoal|Torkoal, L50, M|100\/100\n|-weather|SunnyDay|[from] ability: Drought|[of] p1b: Torkoal\n|turn|10\n|-message|Caspereq forfeited.\n|\n|win|fgdfg54\n|raw|fgdfg54's rating: 1138 → 1163<\/strong> (+25 for winning)\n|raw|Caspereq's rating: 1136 → 1111<\/strong> (-25 for losing)\n|l|\u2606Caspereq\n","uploadtime":1683625695,"views":6,"p1id":"fgdfg54","p2id":"caspereq","formatid":"gen9vgc2023regulationc","rating":1111,"private":0,"password":""}