{"id":"gen9vgc2023regulationc-1862352997","p1":"MaxYoo","p2":"rsingh1","format":"[Gen 9] VGC 2023 Regulation C","log":"|j|\u2606MaxYoo\n|j|\u2606rsingh1\n|t:|1683871414\n|gametype|doubles\n|player|p1|MaxYoo|2|1374\n|player|p2|rsingh1|101|1332\n|teamsize|p1|6\n|teamsize|p2|6\n|gen|9\n|tier|[Gen 9] VGC 2023 Regulation C\n|rated|\n|rule|Species Clause: Limit one of each Pok\u00e9mon\n|rule|Item Clause: Limit one of each item\n|clearpoke\n|poke|p1|Dragonite, L50, F|\n|poke|p1|Chien-Pao, L50|\n|poke|p1|Murkrow, L50, M|\n|poke|p1|Gholdengo, L50|\n|poke|p1|Chi-Yu, L50|\n|poke|p1|Garganacl, L50, M|\n|poke|p2|Flutter Mane, L50|\n|poke|p2|Gastrodon, L50, F|\n|poke|p2|Iron Hands, L50|\n|poke|p2|Chien-Pao, L50|\n|poke|p2|Chi-Yu, L50|\n|poke|p2|Dragapult, L50, F|\n|teampreview|4\n|inactive|Battle timer is ON: inactive players will automatically lose when time's up. (requested by rsingh1)\n|\n|t:|1683871462\n|start\n|switch|p1a: Murkrow|Murkrow, L50, M|100\/100\n|switch|p1b: Dragonite|Dragonite, L50, F|100\/100\n|switch|p2a: Chi-Yu|Chi-Yu, L50|100\/100\n|switch|p2b: Gastrodon|Gastrodon, L50, F|100\/100\n|-ability|p2a: Chi-Yu|Beads of Ruin\n|turn|1\n|inactive|MaxYoo has 30 seconds left.\n|\n|t:|1683871489\n|move|p1a: Murkrow|Tailwind|p1a: Murkrow\n|-sidestart|p1: MaxYoo|move: Tailwind\n|move|p1b: Dragonite|Stomping Tantrum|p2a: Chi-Yu\n|-supereffective|p2a: Chi-Yu\n|-damage|p2a: Chi-Yu|2\/100\n|move|p2a: Chi-Yu|Heat Wave|p1a: Murkrow|[spread] p1a,p1b\n|-resisted|p1b: Dragonite\n|-damage|p1a: Murkrow|25\/100\n|-damage|p1b: Dragonite|88\/100\n|move|p2b: Gastrodon|Icy Wind|p1b: Dragonite|[spread] p1a,p1b\n|-supereffective|p1a: Murkrow\n|-supereffective|p1b: Dragonite\n|-crit|p1b: Dragonite\n|-damage|p1a: Murkrow|0 fnt\n|-damage|p1b: Dragonite|0 fnt\n|faint|p1a: Murkrow\n|faint|p1b: Dragonite\n|\n|upkeep\n|\n|t:|1683871504\n|switch|p1a: Garganacl|Garganacl, L50, M|100\/100\n|switch|p1b: Chien-Pao|Chien-Pao, L50|100\/100\n|-ability|p1b: Chien-Pao|Sword of Ruin\n|turn|2\n|\n|t:|1683871519\n|move|p2a: Chi-Yu|Protect|p2a: Chi-Yu\n|-singleturn|p2a: Chi-Yu|Protect\n|move|p1b: Chien-Pao|Ice Spinner|p2a: Chi-Yu\n|-activate|p2a: Chi-Yu|move: Protect\n|move|p1a: Garganacl|Salt Cure|p2b: Gastrodon\n|-resisted|p2b: Gastrodon\n|-damage|p2b: Gastrodon|89\/100\n|-start|p2b: Gastrodon|Salt Cure\n|move|p2b: Gastrodon|Icy Wind|p1b: Chien-Pao|[spread] p1a,p1b\n|-resisted|p1b: Chien-Pao\n|-damage|p1a: Garganacl|89\/100\n|-damage|p1b: Chien-Pao|86\/100\n|-unboost|p1a: Garganacl|spe|1\n|-unboost|p1b: Chien-Pao|spe|1\n|\n|-heal|p1a: Garganacl|95\/100|[from] item: Leftovers\n|-damage|p2b: Gastrodon|65\/100|[from] Salt Cure\n|upkeep\n|turn|3\n|\n|t:|1683871544\n|move|p1b: Chien-Pao|Ice Spinner|p2a: Chi-Yu\n|-resisted|p2a: Chi-Yu\n|-damage|p2a: Chi-Yu|0 fnt\n|faint|p2a: Chi-Yu\n|move|p1a: Garganacl|Iron Defense|p1a: Garganacl\n|-boost|p1a: Garganacl|def|2\n|move|p2b: Gastrodon|Muddy Water|p1a: Garganacl|[spread] p1a,p1b\n|-supereffective|p1a: Garganacl\n|-damage|p1a: Garganacl|57\/100\n|-damage|p1b: Chien-Pao|34\/100\n|\n|-heal|p1a: Garganacl|63\/100|[from] item: Leftovers\n|-damage|p2b: Gastrodon|40\/100|[from] Salt Cure\n|upkeep\n|\n|t:|1683871556\n|switch|p2a: Iron Hands|Iron Hands, L50|100\/100\n|turn|4\n|inactive|MaxYoo has 30 seconds left.\n|\n|t:|1683871584\n|-terastallize|p1a: Garganacl|Ghost\n|move|p1b: Chien-Pao|Protect|p1b: Chien-Pao\n|-singleturn|p1b: Chien-Pao|Protect\n|move|p2a: Iron Hands|Fake Out|p1b: Chien-Pao\n|-activate|p1b: Chien-Pao|move: Protect\n|move|p1a: Garganacl|Salt Cure|p2a: Iron Hands\n|-resisted|p2a: Iron Hands\n|-damage|p2a: Iron Hands|95\/100\n|-start|p2a: Iron Hands|Salt Cure\n|move|p2b: Gastrodon|Muddy Water|p1a: Garganacl|[spread] p1a\n|-activate|p1b: Chien-Pao|move: Protect\n|-damage|p1a: Garganacl|43\/100\n|\n|-heal|p1a: Garganacl|48\/100|[from] item: Leftovers\n|-damage|p2a: Iron Hands|82\/100|[from] Salt Cure\n|-damage|p2b: Gastrodon|15\/100|[from] Salt Cure\n|-sideend|p1: MaxYoo|move: Tailwind\n|upkeep\n|turn|5\n|inactive|MaxYoo has 30 seconds left.\n|\n|t:|1683871611\n|move|p1b: Chien-Pao|Ice Spinner|p2a: Iron Hands\n|-damage|p2a: Iron Hands|46\/100\n|move|p2a: Iron Hands|Drain Punch|p1b: Chien-Pao\n|-supereffective|p1b: Chien-Pao\n|-damage|p1b: Chien-Pao|0 fnt\n|-heal|p2a: Iron Hands|56\/100|[from] drain|[of] p1b: Chien-Pao\n|faint|p1b: Chien-Pao\n|move|p2b: Gastrodon|Icy Wind|p1a: Garganacl\n|-damage|p1a: Garganacl|37\/100\n|-unboost|p1a: Garganacl|spe|1\n|move|p1a: Garganacl|Recover|p1a: Garganacl\n|-heal|p1a: Garganacl|87\/100\n|\n|-heal|p1a: Garganacl|93\/100|[from] item: Leftovers\n|-damage|p2a: Iron Hands|44\/100|[from] Salt Cure\n|-damage|p2b: Gastrodon|0 fnt|[from] Salt Cure\n|faint|p2b: Gastrodon\n|upkeep\n|\n|t:|1683871619\n|switch|p2b: Chien-Pao|Chien-Pao, L50|100\/100\n|-ability|p2b: Chien-Pao|Sword of Ruin\n|turn|6\n|inactive|MaxYoo has 30 seconds left.\n|\n|t:|1683871645\n|-terastallize|p2b: Chien-Pao|Dark\n|move|p2b: Chien-Pao|Sucker Punch||[still]\n|-fail|p2b: Chien-Pao\n|move|p2a: Iron Hands|Wild Charge|p1a: Garganacl\n|-damage|p1a: Garganacl|69\/100\n|-damage|p2a: Iron Hands|39\/100|[from] Recoil\n|move|p1a: Garganacl|Iron Defense|p1a: Garganacl\n|-boost|p1a: Garganacl|def|2\n|\n|-heal|p1a: Garganacl|74\/100|[from] item: Leftovers\n|-damage|p2a: Iron Hands|27\/100|[from] Salt Cure\n|upkeep\n|turn|7\n|\n|t:|1683871659\n|move|p2b: Chien-Pao|Sucker Punch||[still]\n|-fail|p2b: Chien-Pao\n|move|p2a: Iron Hands|Wild Charge|p1a: Garganacl\n|-damage|p1a: Garganacl|58\/100\n|-damage|p2a: Iron Hands|23\/100|[from] Recoil\n|move|p1a: Garganacl|Iron Defense|p1a: Garganacl\n|-boost|p1a: Garganacl|def|2\n|\n|-heal|p1a: Garganacl|64\/100|[from] item: Leftovers\n|-damage|p2a: Iron Hands|11\/100|[from] Salt Cure\n|upkeep\n|turn|8\n|\n|t:|1683871672\n|move|p1a: Garganacl|Protect|p1a: Garganacl\n|-singleturn|p1a: Garganacl|Protect\n|move|p2b: Chien-Pao|Sucker Punch||[still]\n|-fail|p2b: Chien-Pao\n|move|p2a: Iron Hands|Wild Charge|p1a: Garganacl\n|-activate|p1a: Garganacl|move: Protect\n|\n|-heal|p1a: Garganacl|70\/100|[from] item: Leftovers\n|-damage|p2a: Iron Hands|0 fnt|[from] Salt Cure\n|faint|p2a: Iron Hands\n|-end|p2a: Iron Hands|Quark Drive|[silent]\n|upkeep\n|turn|9\n|\n|t:|1683871685\n|move|p2b: Chien-Pao|Sucker Punch||[still]\n|-fail|p2b: Chien-Pao\n|move|p1a: Garganacl|Recover|p1a: Garganacl\n|-heal|p1a: Garganacl|100\/100\n|\n|upkeep\n|turn|10\n|-message|rsingh1 forfeited.\n|\n|win|MaxYoo\n|raw|MaxYoo's rating: 1374 → 1392<\/strong> (+18 for winning)\n|raw|rsingh1's rating: 1332 → 1314<\/strong> (-18 for losing)\n|l|\u2606rsingh1\n","uploadtime":1683871695,"views":14,"p1id":"maxyoo","p2id":"rsingh1","formatid":"gen9vgc2023regulationc","rating":1314,"private":0,"password":""}