{"id":"gen9vgc2023regulationc-1846938259","p1":"Flexiaa","p2":"GS \u00a6 Cedrico","format":"[Gen 9] VGC 2023 Regulation C","log":"|j|\u2606Flexiaa\n|j|\u2606GS \u00a6 Cedrico\n|t:|1681903588\n|gametype|doubles\n|player|p1|Flexiaa|preschooler|1000\n|player|p2|GS \u00a6 Cedrico|101|1049\n|teamsize|p1|6\n|teamsize|p2|6\n|gen|9\n|tier|[Gen 9] VGC 2023 Regulation C\n|rated|\n|rule|Species Clause: Limit one of each Pok\u00e9mon\n|rule|Item Clause: Limit one of each item\n|clearpoke\n|poke|p1|Annihilape, L50, M|\n|poke|p1|Kingambit, L50, F|\n|poke|p1|Armarouge, L50, F|\n|poke|p1|Indeedee-F, L50, F|\n|poke|p1|Chi-Yu, L50|\n|poke|p1|Flutter Mane, L50|\n|poke|p2|Ting-Lu, L50|\n|poke|p2|Baxcalibur, L50, F|\n|poke|p2|Amoonguss, L50, M|\n|poke|p2|Flutter Mane, L50|\n|poke|p2|Gyarados, L50, F|\n|poke|p2|Chi-Yu, L50|\n|teampreview|4\n|inactive|Battle timer is ON: inactive players will automatically lose when time's up. (requested by Flexiaa)\n|inactive|GS \u00a6 Cedrico has 60 seconds left.\n|\n|t:|1681903639\n|start\n|switch|p1a: Chi-Yu|Chi-Yu, L50|100\/100\n|switch|p1b: Flutter Mane|Flutter Mane, L50|100\/100\n|switch|p2a: Chi-Yu|Chi-Yu, L50|100\/100\n|switch|p2b: Flutter Mane|Flutter Mane, L50|100\/100\n|-ability|p2a: Chi-Yu|Beads of Ruin\n|-ability|p1a: Chi-Yu|Beads of Ruin\n|-enditem|p2b: Flutter Mane|Booster Energy\n|-activate|p2b: Flutter Mane|ability: Protosynthesis|[fromitem]\n|-start|p2b: Flutter Mane|protosynthesisspa\n|turn|1\n|\n|t:|1681903662\n|move|p2b: Flutter Mane|Protect|p2b: Flutter Mane\n|-singleturn|p2b: Flutter Mane|Protect\n|move|p2a: Chi-Yu|Snarl|p1b: Flutter Mane|[spread] p1a,p1b\n|-resisted|p1a: Chi-Yu\n|-damage|p1a: Chi-Yu|85\/100\n|-damage|p1b: Flutter Mane|81\/100\n|-unboost|p1a: Chi-Yu|spa|1\n|-unboost|p1b: Flutter Mane|spa|1\n|move|p1a: Chi-Yu|Heat Wave|p2a: Chi-Yu|[spread] p2a\n|-activate|p2b: Flutter Mane|move: Protect\n|-resisted|p2a: Chi-Yu\n|-damage|p2a: Chi-Yu|77\/100\n|move|p1b: Flutter Mane|Shadow Ball|p2b: Flutter Mane\n|-activate|p2b: Flutter Mane|move: Protect\n|\n|upkeep\n|turn|2\n|\n|t:|1681903681\n|-end|p1b: Flutter Mane|Protosynthesis|[silent]\n|switch|p1b: Kingambit|Kingambit, L50, F|100\/100\n|move|p2a: Chi-Yu|Snarl|p1b: Kingambit|[spread] p1a,p1b\n|-resisted|p1a: Chi-Yu\n|-resisted|p1b: Kingambit\n|-damage|p1a: Chi-Yu|71\/100\n|-damage|p1b: Kingambit|84\/100\n|-unboost|p1a: Chi-Yu|spa|1\n|-unboost|p1b: Kingambit|spa|1\n|-ability|p1b: Kingambit|Defiant|boost\n|-boost|p1b: Kingambit|atk|2\n|move|p1a: Chi-Yu|Heat Wave|p2b: Flutter Mane|[spread] p2a,p2b\n|-resisted|p2a: Chi-Yu\n|-damage|p2a: Chi-Yu|59\/100\n|-damage|p2b: Flutter Mane|71\/100\n|move|p2b: Flutter Mane|Dazzling Gleam|p1a: Chi-Yu|[spread] p1a,p1b\n|-damage|p1a: Chi-Yu|27\/100\n|-damage|p1b: Kingambit|31\/100\n|\n|upkeep\n|turn|3\n|inactive|GS \u00a6 Cedrico has 30 seconds left.\n|inactive|Flexiaa has 30 seconds left.\n|\n|t:|1681903719\n|switch|p1a: Flutter Mane|Flutter Mane, L50|81\/100\n|move|p2b: Flutter Mane|Protect|p2b: Flutter Mane\n|-singleturn|p2b: Flutter Mane|Protect\n|move|p1b: Kingambit|Sucker Punch||[still]\n|-fail|p1b: Kingambit\n|move|p2a: Chi-Yu|Snarl|p1a: Flutter Mane|[spread] p1a,p1b\n|-resisted|p1b: Kingambit\n|-damage|p1a: Flutter Mane|60\/100\n|-damage|p1b: Kingambit|15\/100\n|-unboost|p1a: Flutter Mane|spa|1\n|-unboost|p1b: Kingambit|spa|1\n|-ability|p1b: Kingambit|Defiant|boost\n|-boost|p1b: Kingambit|atk|2\n|\n|upkeep\n|turn|4\n|inactive|GS \u00a6 Cedrico has 30 seconds left.\n|inactive|GS \u00a6 Cedrico has 20 seconds left.\n|\n|t:|1681903758\n|switch|p2a: Amoonguss|Amoonguss, L50, M|100\/100\n|move|p1b: Kingambit|Sucker Punch|p2b: Flutter Mane\n|-damage|p2b: Flutter Mane|0 fnt\n|faint|p2b: Flutter Mane\n|-end|p2b: Flutter Mane|Protosynthesis|[silent]\n|move|p1a: Flutter Mane|Moonblast|p2a: Amoonguss\n|-resisted|p2a: Amoonguss\n|-damage|p2a: Amoonguss|84\/100\n|-unboost|p2a: Amoonguss|spa|1\n|\n|upkeep\n|\n|t:|1681903774\n|switch|p2b: Chi-Yu|Chi-Yu, L50|59\/100\n|-ability|p2b: Chi-Yu|Beads of Ruin\n|turn|5\n|\n|t:|1681903788\n|switch|p1b: Chi-Yu|Chi-Yu, L50|27\/100\n|-ability|p1b: Chi-Yu|Beads of Ruin\n|move|p2a: Amoonguss|Rage Powder|p2a: Amoonguss\n|-singleturn|p2a: Amoonguss|move: Rage Powder\n|move|p2b: Chi-Yu|Heat Wave|p1a: Flutter Mane|[spread] p1a\n|-miss|p2b: Chi-Yu|p1b: Chi-Yu\n|-damage|p1a: Flutter Mane|28\/100\n|move|p1a: Flutter Mane|Moonblast|p2a: Amoonguss\n|-resisted|p2a: Amoonguss\n|-damage|p2a: Amoonguss|62\/100\n|\n|upkeep\n|turn|6\n|\n|t:|1681903811\n|-terastallize|p2a: Amoonguss|Water\n|move|p2b: Chi-Yu|Heat Wave|p1a: Flutter Mane|[spread] p1a,p1b\n|-resisted|p1b: Chi-Yu\n|-damage|p1a: Flutter Mane|0 fnt\n|-damage|p1b: Chi-Yu|3\/100\n|faint|p1a: Flutter Mane\n|-end|p1a: Flutter Mane|Protosynthesis|[silent]\n|move|p1b: Chi-Yu|Psychic|p2a: Amoonguss\n|-damage|p2a: Amoonguss|3\/100\n|-enditem|p2a: Amoonguss|Sitrus Berry|[eat]\n|-heal|p2a: Amoonguss|28\/100|[from] item: Sitrus Berry\n|move|p2a: Amoonguss|Pollen Puff|p2b: Chi-Yu\n|-heal|p2b: Chi-Yu|100\/100\n|\n|upkeep\n|\n|t:|1681903824\n|switch|p1a: Annihilape|Annihilape, L50, M|100\/100\n|turn|7\n|\n|t:|1681903848\n|move|p2a: Amoonguss|Rage Powder|p2a: Amoonguss\n|-singleturn|p2a: Amoonguss|move: Rage Powder\n|move|p1a: Annihilape|Bulk Up|p1a: Annihilape\n|-boost|p1a: Annihilape|atk|1\n|-boost|p1a: Annihilape|def|1\n|move|p2b: Chi-Yu|Heat Wave|p1a: Annihilape|[spread] p1a,p1b\n|-resisted|p1b: Chi-Yu\n|-damage|p1a: Annihilape|49\/100\n|-damage|p1b: Chi-Yu|0 fnt\n|faint|p1b: Chi-Yu\n|\n|upkeep\n|\n|t:|1681903858\n|switch|p1b: Kingambit|Kingambit, L50, F|15\/100\n|turn|8\n|c|\u2606GS \u00a6 Cedrico|scarf bulky up?\n|\n|t:|1681903871\n|move|p2a: Amoonguss|Rage Powder|p2a: Amoonguss\n|-singleturn|p2a: Amoonguss|move: Rage Powder\n|move|p1a: Annihilape|Bulk Up|p1a: Annihilape\n|-boost|p1a: Annihilape|atk|1\n|-boost|p1a: Annihilape|def|1\n|move|p2b: Chi-Yu|Heat Wave|p1a: Annihilape|[spread] p1a,p1b\n|-supereffective|p1b: Kingambit\n|-damage|p1a: Annihilape|1\/100\n|-damage|p1b: Kingambit|0 fnt\n|faint|p1b: Kingambit\n|\n|upkeep\n|turn|9\n|\n|t:|1681903883\n|switch|p2b: Ting-Lu|Ting-Lu, L50|100\/100\n|-ability|p2b: Ting-Lu|Vessel of Ruin\n|move|p2a: Amoonguss|Rage Powder|p2a: Amoonguss\n|-singleturn|p2a: Amoonguss|move: Rage Powder\n|move|p1a: Annihilape|Bulk Up|p1a: Annihilape\n|-boost|p1a: Annihilape|atk|1\n|-boost|p1a: Annihilape|def|1\n|\n|upkeep\n|turn|10\n|\n|t:|1681903894\n|switch|p2b: Chi-Yu|Chi-Yu, L50|100\/100\n|-ability|p2b: Chi-Yu|Beads of Ruin\n|move|p2a: Amoonguss|Protect|p2a: Amoonguss\n|-singleturn|p2a: Amoonguss|Protect\n|move|p1a: Annihilape|Bulk Up|p1a: Annihilape\n|-boost|p1a: Annihilape|atk|1\n|-boost|p1a: Annihilape|def|1\n|\n|upkeep\n|turn|11\n|\n|t:|1681903905\n|switch|p2b: Ting-Lu|Ting-Lu, L50|100\/100\n|-ability|p2b: Ting-Lu|Vessel of Ruin\n|move|p2a: Amoonguss|Rage Powder|p2a: Amoonguss\n|-singleturn|p2a: Amoonguss|move: Rage Powder\n|move|p1a: Annihilape|Bulk Up|p1a: Annihilape\n|-boost|p1a: Annihilape|atk|1\n|-boost|p1a: Annihilape|def|1\n|\n|upkeep\n|turn|12\n|\n|t:|1681903914\n|switch|p2b: Chi-Yu|Chi-Yu, L50|100\/100\n|-ability|p2b: Chi-Yu|Beads of Ruin\n|move|p2a: Amoonguss|Rage Powder|p2a: Amoonguss\n|-singleturn|p2a: Amoonguss|move: Rage Powder\n|move|p1a: Annihilape|Bulk Up|p1a: Annihilape\n|-boost|p1a: Annihilape|atk|1\n|-boost|p1a: Annihilape|def|1\n|\n|upkeep\n|turn|13\n|-message|Flexiaa forfeited.\n|\n|win|GS \u00a6 Cedrico\n|raw|Flexiaa's rating: 1000 → 1000<\/strong> (+0 for losing)\n|raw|GS \u00a6 Cedrico's rating: 1049 → 1077<\/strong> (+28 for winning)\n|l|\u2606Flexiaa\n","uploadtime":1681903924,"views":23,"p1id":"flexiaa","p2id":"gscedrico","formatid":"gen9vgc2023regulationc","rating":1000,"private":0,"password":""}