{"id":"gen9vgc2023regulationc-1855631615","p1":"mpduncan75","p2":"RamonTheKiller","format":"[Gen 9] VGC 2023 Regulation C","log":"|j|\u2606mpduncan75\n|j|\u2606RamonTheKiller\n|t:|1682968137\n|gametype|doubles\n|player|p1|mpduncan75|101|1050\n|player|p2|RamonTheKiller|2|1123\n|teamsize|p1|6\n|teamsize|p2|6\n|gen|9\n|tier|[Gen 9] VGC 2023 Regulation C\n|rated|\n|rule|Species Clause: Limit one of each Pok\u00e9mon\n|rule|Item Clause: Limit one of each item\n|clearpoke\n|poke|p1|Meowscarada, L50, M|\n|poke|p1|Tauros-Paldea-Blaze, L50, M|\n|poke|p1|Amoonguss, L50, M|\n|poke|p1|Iron Bundle, L50|\n|poke|p1|Tinkaton, L50, F|\n|poke|p1|Flamigo, L50, F|\n|poke|p2|Flutter Mane, L50|\n|poke|p2|Palafin, L50, F|\n|poke|p2|Amoonguss, L50, F|\n|poke|p2|Arcanine, L50, M|\n|poke|p2|Ting-Lu, L50|\n|poke|p2|Iron Hands, L50|\n|teampreview|4\n|inactive|Battle timer is ON: inactive players will automatically lose when time's up. (requested by mpduncan75)\n|\n|t:|1682968160\n|start\n|switch|p1a: Meowscarada|Meowscarada, L50, M|100\/100\n|switch|p1b: Tauros|Tauros-Paldea-Blaze, L50, M|100\/100\n|switch|p2a: Ting-Lu|Ting-Lu, L50|100\/100\n|switch|p2b: Flutter Mane|Flutter Mane, L50|100\/100\n|-ability|p2a: Ting-Lu|Vessel of Ruin\n|-enditem|p2b: Flutter Mane|Booster Energy\n|-activate|p2b: Flutter Mane|ability: Protosynthesis|[fromitem]\n|-start|p2b: Flutter Mane|protosynthesisspe\n|turn|1\n|\n|t:|1682968179\n|-terastallize|p2a: Ting-Lu|Ghost\n|move|p2b: Flutter Mane|Protect|p2b: Flutter Mane\n|-singleturn|p2b: Flutter Mane|Protect\n|move|p1a: Meowscarada|Flower Trick|p1b: Tauros\n|-resisted|p1b: Tauros\n|-crit|p1b: Tauros\n|-damage|p1b: Tauros|80\/100\n|-setboost|p1b: Tauros|atk|6|[from] ability: Anger Point\n|move|p1b: Tauros|Substitute|p1b: Tauros\n|-start|p1b: Tauros|Substitute\n|-damage|p1b: Tauros|56\/100\n|move|p2a: Ting-Lu|Earthquake|p1a: Meowscarada|[spread] p1a,p1b\n|-activate|p2b: Flutter Mane|move: Protect\n|-supereffective|p1b: Tauros\n|-crit|p1b: Tauros\n|-end|p1b: Tauros|Substitute\n|-resisted|p1a: Meowscarada\n|-damage|p1a: Meowscarada|76\/100\n|-enditem|p1a: Meowscarada|Eject Button\n|\n|t:|1682968198\n|switch|p1a: Flamigo|Flamigo, L50, F|100\/100\n|-copyboost|p1a: Flamigo|p1b: Tauros|[from] ability: Costar\n|\n|-heal|p1b: Tauros|62\/100|[from] item: Leftovers\n|upkeep\n|turn|2\n|\n|t:|1682968218\n|move|p2b: Flutter Mane|Dazzling Gleam|p1b: Tauros|[spread] p1a,p1b\n|-supereffective|p1a: Flamigo\n|-damage|p1a: Flamigo|29\/100\n|-damage|p1b: Tauros|33\/100\n|move|p1a: Flamigo|Brave Bird|p2b: Flutter Mane\n|-damage|p2b: Flutter Mane|0 fnt\n|faint|p2b: Flutter Mane\n|-end|p2b: Flutter Mane|Protosynthesis|[silent]\n|-damage|p1a: Flamigo|5\/100|[from] Recoil\n|move|p1b: Tauros|Raging Bull|p2a: Ting-Lu\n|-damage|p2a: Ting-Lu|15\/100\n|move|p2a: Ting-Lu|Rock Slide|p1b: Tauros|[spread] p1a,p1b\n|-damage|p1a: Flamigo|0 fnt\n|-damage|p1b: Tauros|13\/100\n|faint|p1a: Flamigo\n|\n|-heal|p1b: Tauros|19\/100|[from] item: Leftovers\n|upkeep\n|\n|t:|1682968239\n|switch|p2b: Palafin|Palafin, L50, F, shiny|100\/100\n|switch|p1a: Meowscarada|Meowscarada, L50, M|76\/100\n|turn|3\n|\n|t:|1682968259\n|detailschange|p2b: Palafin|Palafin-Hero, L50, F, shiny\n|switch|p2b: Iron Hands|Iron Hands, L50|100\/100\n|-terastallize|p1b: Tauros|Water\n|move|p1a: Meowscarada|Pollen Puff|p1b: Tauros\n|-heal|p1b: Tauros|69\/100\n|move|p1b: Tauros|Trailblaze|p2b: Iron Hands\n|-damage|p2b: Iron Hands|66\/100\n|-boost|p1b: Tauros|spe|1\n|move|p2a: Ting-Lu|Rock Slide|p1b: Tauros|[spread] p1a,p1b\n|-damage|p1a: Meowscarada|50\/100\n|-damage|p1b: Tauros|48\/100\n|\n|-heal|p1b: Tauros|54\/100|[from] item: Leftovers\n|upkeep\n|turn|4\n|\n|t:|1682968280\n|move|p2b: Iron Hands|Fake Out|p1b: Tauros\n|-damage|p1b: Tauros|35\/100\n|cant|p1b: Tauros|flinch\n|move|p1a: Meowscarada|Pollen Puff|p1b: Tauros\n|-heal|p1b: Tauros|85\/100\n|move|p2a: Ting-Lu|Throat Chop|p1b: Tauros\n|-damage|p1b: Tauros|38\/100\n|-start|p1b: Tauros|Throat Chop|[silent]\n|\n|-heal|p1b: Tauros|44\/100|[from] item: Leftovers\n|upkeep\n|turn|5\n|\n|t:|1682968295\n|move|p1b: Tauros|Raging Bull|p2b: Iron Hands\n|-damage|p2b: Iron Hands|0 fnt\n|faint|p2b: Iron Hands\n|-end|p2b: Iron Hands|Quark Drive|[silent]\n|move|p1a: Meowscarada|Pollen Puff|p1b: Tauros\n|-heal|p1b: Tauros|94\/100\n|move|p2a: Ting-Lu|Rock Slide|p1b: Tauros|[spread] p1a,p1b\n|-damage|p1a: Meowscarada|26\/100\n|-damage|p1b: Tauros|74\/100\n|\n|-heal|p1b: Tauros|80\/100|[from] item: Leftovers\n|-end|p1b: Tauros|Throat Chop|[silent]\n|upkeep\n|\n|t:|1682968307\n|switch|p2b: Palafin|Palafin-Hero, L50, F, shiny|100\/100\n|-activate|p2b: Palafin|ability: Zero to Hero\n|turn|6\n|\n|t:|1682968321\n|move|p2b: Palafin|Jet Punch|p1a: Meowscarada\n|-resisted|p1a: Meowscarada\n|-damage|p1a: Meowscarada|0 fnt\n|faint|p1a: Meowscarada\n|move|p1b: Tauros|Trailblaze|p2b: Palafin\n|-supereffective|p2b: Palafin\n|-damage|p2b: Palafin|1\/100\n|-boost|p1b: Tauros|spe|1\n|move|p2a: Ting-Lu|Throat Chop|p1b: Tauros\n|-damage|p1b: Tauros|37\/100\n|-start|p1b: Tauros|Throat Chop|[silent]\n|\n|-heal|p1b: Tauros|43\/100|[from] item: Leftovers\n|upkeep\n|\n|t:|1682968334\n|switch|p1a: Amoonguss|Amoonguss, L50, M|100\/100\n|turn|7\n|\n|t:|1682968343\n|move|p1a: Amoonguss|Rage Powder|p1a: Amoonguss\n|-singleturn|p1a: Amoonguss|move: Rage Powder\n|move|p2b: Palafin|Jet Punch|p1a: Amoonguss\n|-resisted|p1a: Amoonguss\n|-damage|p1a: Amoonguss|81\/100\n|move|p1b: Tauros|Trailblaze|p2b: Palafin\n|-supereffective|p2b: Palafin\n|-damage|p2b: Palafin|0 fnt\n|-boost|p1b: Tauros|spe|1\n|faint|p2b: Palafin\n|move|p2a: Ting-Lu|Earthquake|p1b: Tauros|[spread] p1a,p1b\n|-damage|p1a: Amoonguss|53\/100\n|-damage|p1b: Tauros|0 fnt\n|faint|p1b: Tauros\n|\n|upkeep\n|turn|8\n|\n|t:|1682968361\n|move|p2a: Ting-Lu|Earthquake|p1a: Amoonguss\n|-crit|p1a: Amoonguss\n|-damage|p1a: Amoonguss|0 fnt\n|faint|p1a: Amoonguss\n|\n|win|RamonTheKiller\n|raw|mpduncan75's rating: 1050 → 1036<\/strong> (-14 for losing)\n|raw|RamonTheKiller's rating: 1123 → 1143<\/strong> (+20 for winning)\n|c|\u2606mpduncan75|god dammit\n|c|\u2606mpduncan75|gg\n|c|\u2606RamonTheKiller|gg\n|l|\u2606mpduncan75\n","uploadtime":1682968376,"views":16,"p1id":"mpduncan75","p2id":"ramonthekiller","formatid":"gen9vgc2023regulationc","rating":1036,"private":0,"password":""}