{"id":"gen9vgc2023regulationc-1845808299","p1":"HappyMuffinTime","p2":"fizzywizzyglizzy","format":"[Gen 9] VGC 2023 Regulation C","log":"|j|\u2606HappyMuffinTime\n|j|\u2606fizzywizzyglizzy\n|t:|1681766639\n|gametype|doubles\n|player|p1|HappyMuffinTime|cynthia|1286\n|player|p2|fizzywizzyglizzy|169|1327\n|teamsize|p1|6\n|teamsize|p2|6\n|gen|9\n|tier|[Gen 9] VGC 2023 Regulation C\n|rated|\n|rule|Species Clause: Limit one of each Pok\u00e9mon\n|rule|Item Clause: Limit one of each item\n|clearpoke\n|poke|p1|Dachsbun, L50, M|\n|poke|p1|Chi-Yu, L50|\n|poke|p1|Flutter Mane, L50|\n|poke|p1|Baxcalibur, L50, M|\n|poke|p1|Palafin, L50, M|\n|poke|p1|Amoonguss, L50, F|\n|poke|p2|Arcanine, L50, M|\n|poke|p2|Palafin, L50, F|\n|poke|p2|Kingambit, L50, M|\n|poke|p2|Garganacl, L50, M|\n|poke|p2|Flutter Mane, L50|\n|poke|p2|Amoonguss, L50, M|\n|teampreview|4\n|\n|t:|1681766669\n|start\n|switch|p1a: Chi-Yu|Chi-Yu, L50|100\/100\n|switch|p1b: Flutter Mane|Flutter Mane, L50|100\/100\n|switch|p2a: Palafin|Palafin, L50, F|100\/100\n|switch|p2b: Garganacl|Garganacl, L50, M, shiny|100\/100\n|-ability|p1a: Chi-Yu|Beads of Ruin\n|turn|1\n|\n|t:|1681766696\n|detailschange|p2a: Palafin|Palafin-Hero, L50, F\n|switch|p2a: Amoonguss|Amoonguss, L50, M|100\/100\n|-terastallize|p1a: Chi-Yu|Grass\n|move|p2b: Garganacl|Wide Guard|p2b: Garganacl\n|-singleturn|p2b: Garganacl|Wide Guard\n|move|p1a: Chi-Yu|Tera Blast|p2b: Garganacl\n|-supereffective|p2b: Garganacl\n|-damage|p2b: Garganacl|25\/100\n|move|p1b: Flutter Mane|Thunderbolt|p2a: Amoonguss\n|-resisted|p2a: Amoonguss\n|-damage|p2a: Amoonguss|81\/100\n|\n|-heal|p2b: Garganacl|31\/100|[from] item: Leftovers\n|upkeep\n|turn|2\n|\n|t:|1681766724\n|switch|p1a: Baxcalibur|Baxcalibur, L50, M|100\/100\n|-terastallize|p2b: Garganacl|Poison\n|move|p1b: Flutter Mane|Shadow Ball|p2a: Amoonguss\n|-damage|p2a: Amoonguss|43\/100\n|-enditem|p2a: Amoonguss|Sitrus Berry|[eat]\n|-heal|p2a: Amoonguss|68\/100|[from] item: Sitrus Berry\n|move|p2b: Garganacl|Recover|p2b: Garganacl\n|-heal|p2b: Garganacl|81\/100\n|move|p2a: Amoonguss|Spore|p1b: Flutter Mane\n|-status|p1b: Flutter Mane|slp|[from] move: Spore\n|\n|-heal|p2b: Garganacl|87\/100|[from] item: Leftovers\n|upkeep\n|turn|3\n|\n|t:|1681766743\n|switch|p2a: Palafin|Palafin-Hero, L50, F|100\/100\n|-activate|p2a: Palafin|ability: Zero to Hero\n|cant|p1b: Flutter Mane|slp\n|move|p1a: Baxcalibur|Icicle Crash|p2a: Palafin\n|-resisted|p2a: Palafin\n|-damage|p2a: Palafin|79\/100\n|move|p2b: Garganacl|Salt Cure|p1a: Baxcalibur\n|-supereffective|p1a: Baxcalibur\n|-damage|p1a: Baxcalibur|72\/100\n|-start|p1a: Baxcalibur|Salt Cure\n|\n|-heal|p2b: Garganacl|93\/100|[from] item: Leftovers\n|-damage|p1a: Baxcalibur|60\/100|[from] Salt Cure\n|upkeep\n|turn|4\n|\n|t:|1681766766\n|move|p2a: Palafin|Protect|p2a: Palafin\n|-singleturn|p2a: Palafin|Protect\n|cant|p1b: Flutter Mane|slp\n|move|p1a: Baxcalibur|Glaive Rush|p2a: Palafin\n|-activate|p2a: Palafin|move: Protect\n|move|p2b: Garganacl|Salt Cure|p1b: Flutter Mane\n|-damage|p1b: Flutter Mane|70\/100 slp\n|-start|p1b: Flutter Mane|Salt Cure\n|\n|-heal|p2b: Garganacl|99\/100|[from] item: Leftovers\n|-damage|p1b: Flutter Mane|57\/100 slp|[from] Salt Cure\n|-damage|p1a: Baxcalibur|48\/100|[from] Salt Cure\n|upkeep\n|turn|5\n|\n|t:|1681766786\n|-end|p1b: Flutter Mane|Protosynthesis|[silent]\n|switch|p1b: Dachsbun|Dachsbun, L50, M|100\/100\n|switch|p2a: Flutter Mane|Flutter Mane, L50|100\/100\n|-enditem|p2a: Flutter Mane|Booster Energy\n|-activate|p2a: Flutter Mane|ability: Protosynthesis|[fromitem]\n|-start|p2a: Flutter Mane|protosynthesisspe\n|move|p1a: Baxcalibur|Glaive Rush|p2a: Flutter Mane\n|-immune|p2a: Flutter Mane\n|move|p2b: Garganacl|Salt Cure|p1a: Baxcalibur\n|-supereffective|p1a: Baxcalibur\n|-damage|p1a: Baxcalibur|22\/100\n|\n|-heal|p2b: Garganacl|100\/100|[from] item: Leftovers\n|-damage|p1a: Baxcalibur|9\/100|[from] Salt Cure\n|upkeep\n|turn|6\n|-message|HappyMuffinTime forfeited.\n|\n|win|fizzywizzyglizzy\n|raw|HappyMuffinTime's rating: 1286 → 1264<\/strong> (-22 for losing)\n|raw|fizzywizzyglizzy's rating: 1327 → 1345<\/strong> (+18 for winning)\n|l|\u2606HappyMuffinTime\n","uploadtime":1681766811,"views":7,"p1id":"happymuffintime","p2id":"fizzywizzyglizzy","formatid":"gen9vgc2023regulationc","rating":1264,"private":0,"password":""}