{"id":"gen9vgc2023regulationc-1858721723","p1":"Crebnar","p2":"StupidFlandrs48","format":"[Gen 9] VGC 2023 Regulation C","log":"|j|\u2606Crebnar\n|j|\u2606StupidFlandrs48\n|t:|1683348164\n|gametype|doubles\n|player|p1|Crebnar|170|1117\n|player|p2|StupidFlandrs48|101|1046\n|teamsize|p1|6\n|teamsize|p2|6\n|gen|9\n|tier|[Gen 9] VGC 2023 Regulation C\n|rated|\n|rule|Species Clause: Limit one of each Pok\u00e9mon\n|rule|Item Clause: Limit one of each item\n|clearpoke\n|poke|p1|Abomasnow, L50, F|\n|poke|p1|Iron Bundle, L50|\n|poke|p1|Talonflame, L50, F|\n|poke|p1|Great Tusk, L50|\n|poke|p1|Roaring Moon, L50|\n|poke|p1|Amoonguss, L50, M|\n|poke|p2|Abomasnow, L50, M|\n|poke|p2|Crabominable, L50, F|\n|poke|p2|Gothitelle, L50, F|\n|poke|p2|Toedscruel, L50, M|\n|poke|p2|Gholdengo, L50|\n|poke|p2|Rotom-Wash, L50|\n|teampreview|4\nCrebnar has agreed to open team sheets.\nStupidFlandrs48 has agreed to open team sheets.\n|c|\u2606StupidFlandrs48|Based Obama user\n|c|\u2606Crebnar|i love this man\n|c|\u2606Crebnar|he\n|c|\u2606Crebnar|is so cool lookin\n|c|\u2606StupidFlandrs48|His mega was one of the best designs ngl\n|c|\u2606Crebnar|DUDE\n|c|\u2606StupidFlandrs48|I want that guy back\n|c|\u2606Crebnar|i have him in my draft league\n|c|\u2606Crebnar|he's so fun\n|c|\u2606StupidFlandrs48|But I also want A9T back bc he SUCKS here\n|\n|t:|1683348294\n|start\n|switch|p1a: Abomasnow|Abomasnow, L50, F|100\/100\n|switch|p1b: Talonflame|Talonflame, L50, F|100\/100\n|switch|p2a: Money Laundry|Rotom-Wash, L50|100\/100\n|switch|p2b: Wobbuffet at Home|Gothitelle, L50, F, shiny|100\/100\n|-weather|Snow|[from] ability: Snow Warning|[of] p1a: Abomasnow\n|turn|1\n|c|\u2606Crebnar|wym what's a9t\n|\n|t:|1683348325\n|move|p1b: Talonflame|Protect|p1b: Talonflame\n|-singleturn|p1b: Talonflame|Protect\n|move|p2b: Wobbuffet at Home|Fake Out|p1a: Abomasnow\n|-damage|p1a: Abomasnow|95\/100\n|move|p2a: Money Laundry|Volt Switch|p1b: Talonflame\n|-activate|p1b: Talonflame|move: Protect\n|cant|p1a: Abomasnow|flinch\n|\n|-weather|Snow|[upkeep]\n|upkeep\n|turn|2\n|\n|t:|1683348346\n|move|p1b: Talonflame|Tailwind|p1b: Talonflame\n|-sidestart|p1: Crebnar|move: Tailwind\n|move|p1a: Abomasnow|Energy Ball|p2a: Money Laundry\n|-supereffective|p2a: Money Laundry\n|-damage|p2a: Money Laundry|0 fnt\n|faint|p2a: Money Laundry\n|-damage|p1a: Abomasnow|86\/100|[from] item: Life Orb\n|move|p2b: Wobbuffet at Home|Trick Room|p2b: Wobbuffet at Home\n|-fieldstart|move: Trick Room|[of] p2b: Wobbuffet at Home\n|\n|-weather|Snow|[upkeep]\n|upkeep\n|c|\u2606StupidFlandrs48|didn't know people ran grass stab O_O\n|c|\u2606Crebnar|i'm j glad gmax is gone tho lmao\n|c|\u2606Crebnar|oh true\n|c|\u2606Crebnar|offensive obama\n|c|\u2606Crebnar|i almost took him off my team cuz he didn't really do nothin\n|c|\u2606Crebnar|but tera water and life orb made up for it\n|c|\u2606Crebnar|plus adding in amoongus as support made a lot of sense\n|c|\u2606Crebnar|i dont rly like him but he's good so\n|c|\u2606StupidFlandrs48|Went AFK sorry\n|c|\u2606Crebnar|yeah i noticed\n|\n|t:|1683348523\n|switch|p2a: Eater of the Rich|Gholdengo, L50|100\/100\n|-item|p2a: Eater of the Rich|Air Balloon\n|turn|3\n|c|\u2606StupidFlandrs48|I picked Toed over amogus, can you guess why\n|c|\u2606Crebnar|he's got funny feet\n|c|\u2606StupidFlandrs48|Tru\n|c|\u2606StupidFlandrs48|But also rock resist (important)\n|c|\u2606Crebnar|oh valid\n|c|\u2606StupidFlandrs48|And sleeps dengo (SUPER important)\n|c|\u2606Crebnar|and sleeps garg (pretty nice)\n|c|\u2606StupidFlandrs48|And higher SpA for a one-time leaf storm nuke\n|c|\u2606Crebnar|oh dude\n|c|\u2606Crebnar|he's also rly fast too\n|\n|t:|1683348626\n|move|p1a: Abomasnow|Protect|p1a: Abomasnow\n|-singleturn|p1a: Abomasnow|Protect\n|move|p1b: Talonflame|Protect|p1b: Talonflame\n|-singleturn|p1b: Talonflame|Protect\n|move|p2b: Wobbuffet at Home|Focus Blast|p1a: Abomasnow\n|-activate|p1a: Abomasnow|move: Protect\n|move|p2a: Eater of the Rich|Shadow Ball|p1b: Talonflame\n|-activate|p1b: Talonflame|move: Protect\n|\n|-weather|Snow|[upkeep]\n|upkeep\n|turn|4\n|\n|t:|1683348657\n|-terastallize|p1a: Abomasnow|Water\n|move|p2b: Wobbuffet at Home|Focus Blast|p1a: Abomasnow\n|-damage|p1a: Abomasnow|60\/100\n|move|p2a: Eater of the Rich|Make It Rain|p1a: Abomasnow|[spread] p1a,p1b\n|-resisted|p1a: Abomasnow\n|-resisted|p1b: Talonflame\n|-damage|p1a: Abomasnow|34\/100\n|-damage|p1b: Talonflame|66\/100\n|-unboost|p2a: Eater of the Rich|spa|1\n|move|p1a: Abomasnow|Blizzard|p2a: Eater of the Rich|[spread] p2a,p2b\n|-resisted|p2a: Eater of the Rich\n|-damage|p2a: Eater of the Rich|75\/100\n|-damage|p2b: Wobbuffet at Home|62\/100\n|-enditem|p2a: Eater of the Rich|Air Balloon\n|-damage|p1a: Abomasnow|24\/100|[from] item: Life Orb\n|move|p1b: Talonflame|Brave Bird|p2a: Eater of the Rich\n|-resisted|p2a: Eater of the Rich\n|-damage|p2a: Eater of the Rich|59\/100\n|-damage|p1b: Talonflame|60\/100|[from] Recoil\n|\n|-weather|Snow|[upkeep]\n|upkeep\n|turn|5\n|\n|t:|1683348698\n|move|p1a: Abomasnow|Protect|p1a: Abomasnow\n|-singleturn|p1a: Abomasnow|Protect\n|move|p2b: Wobbuffet at Home|Heal Pulse|p2a: Eater of the Rich\n|-immune|p2a: Eater of the Rich|[from] ability: Good as Gold\n|move|p2a: Eater of the Rich|Nasty Plot|p2a: Eater of the Rich\n|-boost|p2a: Eater of the Rich|spa|2\n|move|p1b: Talonflame|Brave Bird|p2b: Wobbuffet at Home\n|-damage|p2b: Wobbuffet at Home|28\/100\n|-damage|p1b: Talonflame|50\/100|[from] Recoil\n|\n|-weather|none\n|-sideend|p1: Crebnar|move: Tailwind\n|upkeep\n|turn|6\n|c|\u2606StupidFlandrs48|FUCK\n|c|\u2606Crebnar|ooh\n|c|\u2606Crebnar|that's an issue lmao\n|n|!StupidFlandrs48|stupidflandrs48\n|c|\u2606Crebnar|helping hands doesnt work either\n|c|\u2606Crebnar|it's a blessing and a curse\n|\n|t:|1683348781\n|move|p1a: Abomasnow|Protect||[still]\n|-fail|p1a: Abomasnow\n|move|p1b: Talonflame|Protect|p1b: Talonflame\n|-singleturn|p1b: Talonflame|Protect\n|move|p2b: Wobbuffet at Home|Focus Blast|p1a: Abomasnow\n|-damage|p1a: Abomasnow|0 fnt\n|faint|p1a: Abomasnow\n|move|p2a: Eater of the Rich|Shadow Ball|p1b: Talonflame\n|-activate|p1b: Talonflame|move: Protect\n|\n|-fieldend|move: Trick Room\n|upkeep\n|c|\u2606Crebnar|my double failed\n|c|\u2606Crebnar|this is the worst day\n|\n|t:|1683348801\n|switch|p1a: Great Tusk|Great Tusk, L50|100\/100\n|turn|7\n|\n|t:|1683348825\n|move|p2a: Eater of the Rich|Protect|p2a: Eater of the Rich\n|-singleturn|p2a: Eater of the Rich|Protect\n|move|p1a: Great Tusk|Earthquake|p2a: Eater of the Rich|[spread] p2b\n|-activate|p2a: Eater of the Rich|move: Protect\n|-immune|p1b: Talonflame\n|-damage|p2b: Wobbuffet at Home|0 fnt\n|faint|p2b: Wobbuffet at Home\n|move|p1b: Talonflame|Brave Bird|p2a: Eater of the Rich\n|-activate|p2a: Eater of the Rich|move: Protect\n|\n|upkeep\n|\n|t:|1683348836\n|switch|p2b: Michelle Aboma|Crabominable, L50, F|100\/100\n|turn|8\n|c|\u2606Crebnar|i need to name my guys\n|c|\u2606Crebnar|my abomasnow is always Quimbles the Great\n|\n|t:|1683348875\n|-end|p1a: Great Tusk|Protosynthesis|[silent]\n|switch|p1a: Iron Bundle|Iron Bundle, L50|100\/100\n|-enditem|p1a: Iron Bundle|Booster Energy\n|-activate|p1a: Iron Bundle|ability: Quark Drive|[fromitem]\n|-start|p1a: Iron Bundle|quarkdrivespe\n|-terastallize|p2b: Michelle Aboma|Electric\n|move|p1b: Talonflame|Brave Bird|p2b: Michelle Aboma\n|-resisted|p2b: Michelle Aboma\n|-damage|p2b: Michelle Aboma|82\/100\n|-damage|p1b: Talonflame|43\/100|[from] Recoil\n|move|p2a: Eater of the Rich|Shadow Ball|p1b: Talonflame\n|-damage|p1b: Talonflame|0 fnt\n|faint|p1b: Talonflame\n|move|p2b: Michelle Aboma|Ice Hammer|p1a: Iron Bundle\n|-resisted|p1a: Iron Bundle\n|-damage|p1a: Iron Bundle|79\/100\n|-unboost|p2b: Michelle Aboma|spe|1\n|\n|upkeep\n|\n|t:|1683348891\n|switch|p1b: Great Tusk|Great Tusk, L50|100\/100\n|turn|9\n|\n|t:|1683348911\n|move|p1a: Iron Bundle|Hydro Pump|p2b: Michelle Aboma\n|-damage|p2b: Michelle Aboma|36\/100\n|move|p1b: Great Tusk|Earthquake|p2b: Michelle Aboma|[spread] p1a,p2a,p2b\n|-supereffective|p2a: Eater of the Rich\n|-supereffective|p2b: Michelle Aboma\n|-damage|p1a: Iron Bundle|21\/100\n|-damage|p2a: Eater of the Rich|0 fnt\n|-damage|p2b: Michelle Aboma|0 fnt\n|faint|p2a: Eater of the Rich\n|faint|p2b: Michelle Aboma\n|\n|win|Crebnar\n|raw|Crebnar's rating: 1117 → 1137<\/strong> (+20 for winning)\n|raw|StupidFlandrs48's rating: 1046 → 1033<\/strong> (-13 for losing)\n|c|\u2606Crebnar|ggs man\n","uploadtime":1683348919,"views":6,"p1id":"crebnar","p2id":"stupidflandrs48","formatid":"gen9vgc2023regulationc","rating":1033,"private":0,"password":""}