{"id":"gen9vgc2023regulationc-1849101660","p1":"mino97","p2":"kwankwan","format":"[Gen 9] VGC 2023 Regulation C","log":"|j|\u2606mino97\n|j|\u2606kwankwan\n|t:|1682155625\n|gametype|doubles\n|player|p1|mino97|266|1576\n|player|p2|kwankwan|1|1451\n|teamsize|p1|6\n|teamsize|p2|6\n|gen|9\n|tier|[Gen 9] VGC 2023 Regulation C\n|rated|\n|rule|Species Clause: Limit one of each Pok\u00e9mon\n|rule|Item Clause: Limit one of each item\n|clearpoke\n|poke|p1|Flutter Mane, L50|\n|poke|p1|Gyarados, L50, M|\n|poke|p1|Ting-Lu, L50|\n|poke|p1|Chi-Yu, L50|\n|poke|p1|Amoonguss, L50, F|\n|poke|p1|Corviknight, L50, M|\n|poke|p2|Tyranitar, L50, F|\n|poke|p2|Lycanroc, L50, F|\n|poke|p2|Corviknight, L50, F|\n|poke|p2|Garchomp, L50, F|\n|poke|p2|Chi-Yu, L50|\n|poke|p2|Iron Bundle, L50|\n|teampreview|4\n|\n|t:|1682155670\n|start\n|switch|p1a: Chi-Yu|Chi-Yu, L50|100\/100\n|switch|p1b: Corviknight|Corviknight, L50, M|100\/100\n|switch|p2a: Tyranitar|Tyranitar, L50, F|100\/100\n|switch|p2b: Lycanroc|Lycanroc, L50, F|100\/100\n|-weather|Sandstorm|[from] ability: Sand Stream|[of] p2a: Tyranitar\n|-ability|p1a: Chi-Yu|Beads of Ruin\n|turn|1\n|\n|t:|1682155683\n|switch|p1a: Ting-Lu|Ting-Lu, L50|100\/100\n|-ability|p1a: Ting-Lu|Vessel of Ruin\n|move|p2b: Lycanroc|Rock Slide|p1a: Ting-Lu|[spread] p1a,p1b\n|-resisted|p1a: Ting-Lu\n|-damage|p1a: Ting-Lu|92\/100\n|-damage|p1b: Corviknight|78\/100\n|move|p2a: Tyranitar|Rock Slide|p1a: Ting-Lu|[spread] p1a,p1b\n|-resisted|p1a: Ting-Lu\n|-damage|p1a: Ting-Lu|83\/100\n|-damage|p1b: Corviknight|55\/100\n|cant|p1b: Corviknight|flinch\n|\n|-weather|Sandstorm|[upkeep]\n|upkeep\n|turn|2\n|\n|t:|1682155702\n|move|p2b: Lycanroc|Rock Slide|p1b: Corviknight|[spread] p1a,p1b\n|-resisted|p1a: Ting-Lu\n|-crit|p1a: Ting-Lu\n|-damage|p1a: Ting-Lu|70\/100\n|-damage|p1b: Corviknight|34\/100\n|move|p2a: Tyranitar|Rock Slide|p1b: Corviknight|[spread] p1a\n|-miss|p2a: Tyranitar|p1b: Corviknight\n|-resisted|p1a: Ting-Lu\n|-damage|p1a: Ting-Lu|60\/100\n|cant|p1b: Corviknight|flinch\n|cant|p1a: Ting-Lu|flinch\n|\n|-weather|Sandstorm|[upkeep]\n|upkeep\n|turn|3\n|\n|t:|1682155716\n|move|p2b: Lycanroc|Rock Slide|p1a: Ting-Lu|[spread] p1a,p1b\n|-resisted|p1a: Ting-Lu\n|-damage|p1a: Ting-Lu|52\/100\n|-damage|p1b: Corviknight|12\/100\n|-enditem|p1b: Corviknight|Aguav Berry|[eat]\n|-heal|p1b: Corviknight|45\/100|[from] item: Aguav Berry\n|move|p2a: Tyranitar|Rock Slide|p1b: Corviknight|[spread] p1a,p1b\n|-resisted|p1a: Ting-Lu\n|-damage|p1a: Ting-Lu|42\/100\n|-damage|p1b: Corviknight|21\/100\n|cant|p1b: Corviknight|flinch\n|cant|p1a: Ting-Lu|flinch\n|\n|-weather|Sandstorm|[upkeep]\n|upkeep\n|turn|4\n|\n|t:|1682155731\n|move|p2b: Lycanroc|Rock Slide|p1a: Ting-Lu|[spread] p1a,p1b\n|-resisted|p1a: Ting-Lu\n|-damage|p1a: Ting-Lu|34\/100\n|-damage|p1b: Corviknight|0 fnt\n|faint|p1b: Corviknight\n|move|p2a: Tyranitar|Rock Slide|p1a: Ting-Lu\n|-resisted|p1a: Ting-Lu\n|-damage|p1a: Ting-Lu|21\/100\n|move|p1a: Ting-Lu|Earthquake|p2b: Lycanroc|[spread] p2a,p2b\n|-supereffective|p2a: Tyranitar\n|-supereffective|p2b: Lycanroc\n|-crit|p2b: Lycanroc\n|-damage|p2a: Tyranitar|39\/100\n|-enditem|p2b: Lycanroc|Focus Sash\n|-damage|p2b: Lycanroc|1\/100\n|\n|-weather|Sandstorm|[upkeep]\n|upkeep\n|\n|t:|1682155738\n|switch|p1b: Chi-Yu|Chi-Yu, L50|100\/100\n|-ability|p1b: Chi-Yu|Beads of Ruin\n|turn|5\n|\n|t:|1682155750\n|move|p1b: Chi-Yu|Protect|p1b: Chi-Yu\n|-singleturn|p1b: Chi-Yu|Protect\n|move|p2b: Lycanroc|Rock Slide|p1b: Chi-Yu|[spread] p1a\n|-activate|p1b: Chi-Yu|move: Protect\n|-resisted|p1a: Ting-Lu\n|-damage|p1a: Ting-Lu|13\/100\n|move|p2a: Tyranitar|Rock Slide|p1a: Ting-Lu|[spread] p1a\n|-activate|p1b: Chi-Yu|move: Protect\n|-resisted|p1a: Ting-Lu\n|-damage|p1a: Ting-Lu|3\/100\n|cant|p1a: Ting-Lu|flinch\n|\n|-weather|none\n|upkeep\n|turn|6\n|\n|t:|1682155769\n|move|p2a: Tyranitar|Rock Slide|p1b: Chi-Yu|[spread] p1a,p1b\n|-resisted|p1a: Ting-Lu\n|-supereffective|p1b: Chi-Yu\n|-damage|p1a: Ting-Lu|0 fnt\n|-damage|p1b: Chi-Yu|26\/100\n|-enditem|p1b: Chi-Yu|Sitrus Berry|[eat]\n|-heal|p1b: Chi-Yu|51\/100|[from] item: Sitrus Berry\n|faint|p1a: Ting-Lu\n|move|p2b: Lycanroc|Rock Slide|p1b: Chi-Yu\n|-supereffective|p1b: Chi-Yu\n|-damage|p1b: Chi-Yu|0 fnt\n|faint|p1b: Chi-Yu\n|\n|upkeep\n|\n|t:|1682155774\n|switch|p1b: Flutter Mane|Flutter Mane, L50|100\/100\n|turn|7\n|\n|t:|1682155789\n|-terastallize|p1b: Flutter Mane|Fairy\n|move|p2a: Tyranitar|Rock Slide|p1b: Flutter Mane\n|-damage|p1b: Flutter Mane|36\/100\n|move|p2b: Lycanroc|Rock Slide|p1b: Flutter Mane\n|-damage|p1b: Flutter Mane|0 fnt\n|faint|p1b: Flutter Mane\n|-end|p1b: Flutter Mane|Protosynthesis|[silent]\n|\n|win|kwankwan\n|raw|mino97's rating: 1576 → 1549<\/strong> (-27 for losing)\n|raw|kwankwan's rating: 1451 → 1478<\/strong> (+27 for winning)\n","uploadtime":1682155804,"views":17,"p1id":"mino97","p2id":"kwankwan","formatid":"gen9vgc2023regulationc","rating":1478,"private":0,"password":""}