{"id":"gen9vgc2023regulationc-1862541585","p1":"Draco Jack17","p2":"budoukyukin","format":"[Gen 9] VGC 2023 Regulation C","log":"|j|\u2606Draco Jack17\n|j|\u2606budoukyukin\n|t:|1683899050\n|gametype|doubles\n|player|p1|Draco Jack17|n|1322\n|player|p2|budoukyukin|102|1351\n|teamsize|p1|6\n|teamsize|p2|6\n|gen|9\n|tier|[Gen 9] VGC 2023 Regulation C\n|rated|\n|rule|Species Clause: Limit one of each Pok\u00e9mon\n|rule|Item Clause: Limit one of each item\n|clearpoke\n|poke|p1|Maushold-Four, L50|\n|poke|p1|Chi-Yu, L50|\n|poke|p1|Annihilape, L50, M|\n|poke|p1|Gyarados, L50, M|\n|poke|p1|Iron Bundle, L50|\n|poke|p1|Ting-Lu, L50|\n|poke|p2|Chien-Pao, L50|\n|poke|p2|Dragonite, L50, F|\n|poke|p2|Pelipper, L50, M|\n|poke|p2|Tatsugiri, L50, M|\n|poke|p2|Dondozo, L50, M|\n|poke|p2|Drednaw, L50, M|\n|teampreview|4\n|inactive|Battle timer is ON: inactive players will automatically lose when time's up. (requested by budoukyukin)\n|\n|t:|1683899090\n|start\n|switch|p1a: Gluttony 2|Maushold-Four, L50|100\/100\n|switch|p1b: Wrath|Annihilape, L50, M|100\/100\n|switch|p2a: Pelipper|Pelipper, L50, M|100\/100\n|switch|p2b: Dondozo|Dondozo, L50, M|100\/100\n|-weather|RainDance|[from] ability: Drizzle|[of] p2a: Pelipper\n|turn|1\n|\n|t:|1683899106\n|move|p2b: Dondozo|Protect|p2b: Dondozo\n|-singleturn|p2b: Dondozo|Protect\n|move|p1a: Gluttony 2|Beat Up|p1b: Wrath\n|-damage|p1b: Wrath|98\/100\n|-damage|p1b: Wrath|96\/100\n|-damage|p1b: Wrath|94\/100\n|-damage|p1b: Wrath|92\/100\n|-hitcount|p1b: Wrath|4\n|move|p1b: Wrath|Rage Fist|p2b: Dondozo\n|-activate|p2b: Dondozo|move: Protect\n|move|p2a: Pelipper|Tailwind|p2a: Pelipper\n|-sidestart|p2: budoukyukin|move: Tailwind\n|\n|-weather|RainDance|[upkeep]\n|-heal|p1b: Wrath|98\/100|[from] item: Leftovers\n|upkeep\n|turn|2\n|inactive|Draco Jack17 has 30 seconds left.\n|\n|t:|1683899133\n|switch|p2a: Tatsugiri|Tatsugiri, L50, M|100\/100\n|-activate|p2a: Tatsugiri|ability: Commander|[of] p2b: Dondozo\n|-boost|p2b: Dondozo|atk|2\n|-boost|p2b: Dondozo|spa|2\n|-boost|p2b: Dondozo|spe|2\n|-boost|p2b: Dondozo|def|2\n|-boost|p2b: Dondozo|spd|2\n|-terastallize|p2b: Dondozo|Water\n|move|p2b: Dondozo|Surf|p1b: Wrath|[spread] p1a,p1b\n|-miss|p2b: Dondozo|p2a: Tatsugiri\n|-damage|p1a: Gluttony 2|0 fnt\n|-damage|p1b: Wrath|36\/100\n|faint|p1a: Gluttony 2\n|move|p1b: Wrath|Rage Fist|p2b: Dondozo\n|-damage|p2b: Dondozo|51\/100\n|\n|-weather|RainDance|[upkeep]\n|-heal|p1b: Wrath|42\/100|[from] item: Leftovers\n|upkeep\n|\n|t:|1683899148\n|switch|p1a: Greed|Iron Bundle, L50|100\/100\n|-enditem|p1a: Greed|Booster Energy\n|-activate|p1a: Greed|ability: Quark Drive|[fromitem]\n|-start|p1a: Greed|quarkdrivespe\n|turn|3\n|\n|t:|1683899165\n|move|p1b: Wrath|Protect|p1b: Wrath\n|-singleturn|p1b: Wrath|Protect\n|move|p2b: Dondozo|Surf|p1b: Wrath|[spread] p1a\n|-miss|p2b: Dondozo|p2a: Tatsugiri\n|-activate|p1b: Wrath|move: Protect\n|-resisted|p1a: Greed\n|-damage|p1a: Greed|3\/100\n|move|p1a: Greed|Freeze-Dry|p2b: Dondozo\n|-supereffective|p2b: Dondozo\n|-damage|p2b: Dondozo|10\/100\n|\n|-weather|RainDance|[upkeep]\n|-heal|p1b: Wrath|48\/100|[from] item: Leftovers\n|upkeep\n|turn|4\n|inactive|Draco Jack17 has 30 seconds left.\n|\n|t:|1683899193\n|switch|p1b: Envy|Gyarados, L50, M|100\/100\n|-ability|p1b: Envy|Intimidate|boost\n|-unboost|p2a: Tatsugiri|atk|1\n|-unboost|p2b: Dondozo|atk|1\n|move|p1a: Greed|Protect|p1a: Greed\n|-singleturn|p1a: Greed|Protect\n|move|p2b: Dondozo|Surf|p1a: Greed|[spread] p1b\n|-miss|p2b: Dondozo|p2a: Tatsugiri\n|-activate|p1a: Greed|move: Protect\n|-resisted|p1b: Envy\n|-damage|p1b: Envy|61\/100\n|\n|-weather|RainDance|[upkeep]\n|-sideend|p2: budoukyukin|move: Tailwind\n|upkeep\n|turn|5\n|\n|t:|1683899211\n|move|p1a: Greed|Freeze-Dry|p2b: Dondozo\n|-supereffective|p2b: Dondozo\n|-damage|p2b: Dondozo|0 fnt\n|faint|p2b: Dondozo\n|move|p1b: Envy|Thunder Wave|p2a: Tatsugiri\n|-status|p2a: Tatsugiri|par\n|\n|-weather|RainDance|[upkeep]\n|upkeep\n|\n|t:|1683899221\n|switch|p2b: Drednaw|Drednaw, L50, M|100\/100\n|turn|6\n|\n|t:|1683899240\n|-terastallize|p1b: Envy|Steel\n|move|p1a: Greed|Protect|p1a: Greed\n|-singleturn|p1a: Greed|Protect\n|move|p2b: Drednaw|Rock Slide|p1b: Envy|[spread] p1b\n|-activate|p1a: Greed|move: Protect\n|-resisted|p1b: Envy\n|-damage|p1b: Envy|39\/100\n|move|p1b: Envy|Thunder Wave|p2b: Drednaw\n|-status|p2b: Drednaw|par\n|move|p2a: Tatsugiri|Icy Wind|p1a: Greed|[spread] p1b\n|-activate|p1a: Greed|move: Protect\n|-resisted|p1b: Envy\n|-damage|p1b: Envy|34\/100\n|-unboost|p1b: Envy|spe|1\n|\n|-weather|RainDance|[upkeep]\n|upkeep\n|turn|7\n|inactive|Draco Jack17 has 30 seconds left.\n|inactive|Draco Jack17 has 20 seconds left.\n|inactive|Draco Jack17 has 15 seconds left.\n|inactive|Draco Jack17 has 10 seconds left.\n|\n|t:|1683899289\n|-end|p1a: Greed|Quark Drive|[silent]\n|switch|p1a: Wrath|Annihilape, L50, M|48\/100\n|cant|p2b: Drednaw|par\n|move|p2a: Tatsugiri|Icy Wind|p1a: Wrath|[spread] p1a,p1b\n|-resisted|p1b: Envy\n|-damage|p1a: Wrath|37\/100\n|-damage|p1b: Envy|29\/100\n|-unboost|p1a: Wrath|spe|1\n|-ability|p1a: Wrath|Defiant|boost\n|-boost|p1a: Wrath|atk|2\n|-unboost|p1b: Envy|spe|1\n|move|p1b: Envy|Waterfall|p2b: Drednaw\n|-damage|p2b: Drednaw|35\/100 par\n|\n|-weather|RainDance|[upkeep]\n|-heal|p1a: Wrath|43\/100|[from] item: Leftovers\n|upkeep\n|turn|8\n|inactive|Draco Jack17 has 30 seconds left.\n|\n|t:|1683899316\n|move|p2b: Drednaw|Rock Slide|p1b: Envy|[spread] p1a,p1b\n|-resisted|p1a: Wrath\n|-resisted|p1b: Envy\n|-damage|p1a: Wrath|19\/100\n|-damage|p1b: Envy|7\/100\n|-enditem|p1b: Envy|Aguav Berry|[eat]\n|-heal|p1b: Envy|40\/100|[from] item: Aguav Berry\n|move|p2a: Tatsugiri|Icy Wind|p1b: Envy|[spread] p1a,p1b\n|-resisted|p1b: Envy\n|-damage|p1a: Wrath|9\/100\n|-damage|p1b: Envy|35\/100\n|-unboost|p1a: Wrath|spe|1\n|-ability|p1a: Wrath|Defiant|boost\n|-boost|p1a: Wrath|atk|2\n|-unboost|p1b: Envy|spe|1\n|move|p1a: Wrath|Rage Fist|p2a: Tatsugiri\n|-damage|p2a: Tatsugiri|0 fnt\n|faint|p2a: Tatsugiri\n|cant|p1b: Envy|flinch\n|\n|-weather|none\n|-heal|p1a: Wrath|15\/100|[from] item: Leftovers\n|upkeep\n|\n|t:|1683899334\n|switch|p2a: Pelipper|Pelipper, L50, M|100\/100\n|-weather|RainDance|[from] ability: Drizzle|[of] p2a: Pelipper\n|turn|9\n|\n|t:|1683899350\n|cant|p2b: Drednaw|par\n|move|p2a: Pelipper|Hurricane|p1a: Wrath\n|-supereffective|p1a: Wrath\n|-damage|p1a: Wrath|0 fnt\n|faint|p1a: Wrath\n|move|p1b: Envy|Waterfall|p2b: Drednaw\n|-damage|p2b: Drednaw|0 fnt\n|faint|p2b: Drednaw\n|\n|-weather|RainDance|[upkeep]\n|upkeep\n|\n|t:|1683899354\n|switch|p1a: Greed|Iron Bundle, L50|3\/100\n|turn|10\n|\n|t:|1683899363\n|move|p1a: Greed|Freeze-Dry|p2a: Pelipper\n|-supereffective|p2a: Pelipper\n|-damage|p2a: Pelipper|0 fnt\n|faint|p2a: Pelipper\n|\n|win|Draco Jack17\n|raw|Draco Jack17's rating: 1322 → 1344<\/strong> (+22 for winning)\n|raw|budoukyukin's rating: 1351 → 1329<\/strong> (-22 for losing)\n|c|\u2606Draco Jack17|Ggwp\n","uploadtime":1683899425,"views":11,"p1id":"dracojack17","p2id":"budoukyukin","formatid":"gen9vgc2023regulationc","rating":1329,"private":0,"password":""}