{"id":"gen9vgc2023regulationc-1852118597","p1":"sgsdfadfsd","p2":"DingyDing","format":"[Gen 9] VGC 2023 Regulation C","log":"|j|\u2606sgsdfadfsd\n|j|\u2606DingyDing\n|t:|1682525642\n|gametype|doubles\n|player|p1|sgsdfadfsd|170|1202\n|player|p2|DingyDing|swimmer-gen4|1160\n|teamsize|p1|6\n|teamsize|p2|6\n|gen|9\n|tier|[Gen 9] VGC 2023 Regulation C\n|rated|\n|rule|Species Clause: Limit one of each Pok\u00e9mon\n|rule|Item Clause: Limit one of each item\n|clearpoke\n|poke|p1|Iron Hands, L50|\n|poke|p1|Pincurchin, L50, M|\n|poke|p1|Palafin, L50, F|\n|poke|p1|Indeedee-F, L50, F|\n|poke|p1|Armarouge, L50, F|\n|poke|p1|Sylveon, L50, M|\n|poke|p2|Ting-Lu, L50|\n|poke|p2|Roaring Moon, L50|\n|poke|p2|Great Tusk, L50|\n|poke|p2|Iron Bundle, L50|\n|poke|p2|Indeedee-F, L50, F|\n|poke|p2|Armarouge, L50, F|\n|teampreview|4\n|inactive|Battle timer is ON: inactive players will automatically lose when time's up. (requested by DingyDing)\n|\n|t:|1682525657\n|start\n|switch|p1a: Palafin|Palafin, L50, F|100\/100\n|switch|p1b: Armarouge|Armarouge, L50, F|100\/100\n|switch|p2a: Armarouge|Armarouge, L50, F|100\/100\n|switch|p2b: Indeedee|Indeedee-F, L50, F|100\/100\n|-fieldstart|move: Psychic Terrain|[from] ability: Psychic Surge|[of] p2b: Indeedee\n|turn|1\n|\n|t:|1682525673\n|move|p2b: Indeedee|Helping Hand|p2a: Armarouge\n|-singleturn|p2a: Armarouge|Helping Hand|[of] p2b: Indeedee\n|move|p1a: Palafin|Flip Turn|p2a: Armarouge\n|-supereffective|p2a: Armarouge\n|-damage|p2a: Armarouge|59\/100\n|-ability|p2a: Armarouge|Weak Armor|boost\n|-unboost|p2a: Armarouge|def|1\n|-boost|p2a: Armarouge|spe|2\n|\n|t:|1682525682\n|detailschange|p1a: Palafin|Palafin-Hero, L50, F\n|switch|p1a: Iron Hands|Iron Hands, L50|100\/100|[from] Flip Turn\n|move|p2a: Armarouge|Expanding Force|p1a: Iron Hands|[spread] p1a,p1b\n|-supereffective|p1a: Iron Hands\n|-resisted|p1b: Armarouge\n|-damage|p1a: Iron Hands|0 fnt\n|-damage|p1b: Armarouge|15\/100\n|faint|p1a: Iron Hands\n|-end|p1a: Iron Hands|Quark Drive|[silent]\n|move|p1b: Armarouge|Expanding Force|p2a: Armarouge|[spread] p2a,p2b\n|-resisted|p2a: Armarouge\n|-resisted|p2b: Indeedee\n|-damage|p2a: Armarouge|20\/100\n|-damage|p2b: Indeedee|68\/100\n|\n|upkeep\n|\n|t:|1682525693\n|switch|p1a: Palafin|Palafin-Hero, L50, F|100\/100\n|-activate|p1a: Palafin|ability: Zero to Hero\n|turn|2\n|\n|t:|1682525704\n|switch|p1b: Pincurchin|Pincurchin, L50, M|100\/100\n|-fieldstart|move: Electric Terrain|[from] ability: Electric Surge|[of] p1b: Pincurchin\n|move|p2b: Indeedee|Helping Hand|p2a: Armarouge\n|-singleturn|p2a: Armarouge|Helping Hand|[of] p2b: Indeedee\n|move|p1a: Palafin|Jet Punch|p2a: Armarouge\n|-supereffective|p2a: Armarouge\n|-damage|p2a: Armarouge|0 fnt\n|faint|p2a: Armarouge\n|\n|upkeep\n|\n|t:|1682525714\n|switch|p2a: Great Tusk|Great Tusk, L50|100\/100\n|turn|3\n|\n|t:|1682525723\n|switch|p1a: Armarouge|Armarouge, L50, F|15\/100\n|-terastallize|p2a: Great Tusk|Rock\n|move|p2b: Indeedee|Helping Hand|p2a: Great Tusk\n|-singleturn|p2a: Great Tusk|Helping Hand|[of] p2b: Indeedee\n|move|p2a: Great Tusk|Rock Slide|p1b: Pincurchin|[spread] p1a,p1b\n|-supereffective|p1a: Armarouge\n|-damage|p1a: Armarouge|0 fnt\n|-damage|p1b: Pincurchin|11\/100\n|faint|p1a: Armarouge\n|cant|p1b: Pincurchin|flinch\n|\n|upkeep\n|\n|t:|1682525734\n|switch|p1a: Palafin|Palafin-Hero, L50, F|100\/100\n|turn|4\n|\n|t:|1682525753\n|-terastallize|p1a: Palafin|Water\n|move|p2b: Indeedee|Helping Hand|p2a: Great Tusk\n|-singleturn|p2a: Great Tusk|Helping Hand|[of] p2b: Indeedee\n|move|p1a: Palafin|Wave Crash|p2a: Great Tusk\n|-supereffective|p2a: Great Tusk\n|-damage|p2a: Great Tusk|0 fnt\n|faint|p2a: Great Tusk\n|-end|p2a: Great Tusk|Protosynthesis|[silent]\n|-damage|p1a: Palafin|59\/100|[from] Recoil\n|move|p1b: Pincurchin|Zing Zap|p2b: Indeedee\n|-damage|p2b: Indeedee|0 fnt\n|faint|p2b: Indeedee\n|\n|upkeep\n|inactive|DingyDing has 30 seconds left.\n|inactive|DingyDing has 20 seconds left.\n|\n|t:|1682525791\n|switch|p2a: Iron Bundle|Iron Bundle, L50|100\/100\n|-activate|p2a: Iron Bundle|ability: Quark Drive\n|-start|p2a: Iron Bundle|quarkdrivespe\n|turn|5\n|\n|t:|1682525798\n|move|p2a: Iron Bundle|Icy Wind|p1a: Palafin|[spread] p1a,p1b\n|-resisted|p1a: Palafin\n|-damage|p1a: Palafin|47\/100\n|-damage|p1b: Pincurchin|0 fnt\n|-unboost|p1a: Palafin|spe|1\n|faint|p1b: Pincurchin\n|move|p1a: Palafin|Wave Crash|p2a: Iron Bundle\n|-resisted|p2a: Iron Bundle\n|-damage|p2a: Iron Bundle|45\/100\n|-damage|p1a: Palafin|34\/100|[from] Recoil\n|\n|upkeep\n|turn|6\n|\n|t:|1682525813\n|move|p1a: Palafin|Wave Crash|p2a: Iron Bundle\n|-resisted|p2a: Iron Bundle\n|-damage|p2a: Iron Bundle|0 fnt\n|faint|p2a: Iron Bundle\n|-end|p2a: Iron Bundle|Quark Drive|[silent]\n|-damage|p1a: Palafin|23\/100|[from] Recoil\n|\n|win|sgsdfadfsd\n|raw|sgsdfadfsd's rating: 1202 → 1224<\/strong> (+22 for winning)\n|raw|DingyDing's rating: 1160 → 1138<\/strong> (-22 for losing)\n|l|\u2606DingyDing\n","uploadtime":1682525821,"views":12,"p1id":"sgsdfadfsd","p2id":"dingyding","formatid":"gen9vgc2023regulationc","rating":1138,"private":0,"password":""}