{"id":"gen9vgc2023regulationc-1848065347","p1":"CookieCons","p2":"AleAbrao","format":"[Gen 9] VGC 2023 Regulation C","log":"|j|\u2606CookieCons\n|j|\u2606AleAbrao\n|t:|1682025803\n|gametype|doubles\n|player|p1|CookieCons|102|1055\n|player|p2|AleAbrao|170|1000\n|teamsize|p1|6\n|teamsize|p2|6\n|gen|9\n|tier|[Gen 9] VGC 2023 Regulation C\n|rated|\n|rule|Species Clause: Limit one of each Pok\u00e9mon\n|rule|Item Clause: Limit one of each item\n|clearpoke\n|poke|p1|Vaporeon, L50, M|\n|poke|p1|Sylveon, L50, F|\n|poke|p1|Chi-Yu, L50|\n|poke|p1|Umbreon, L50, M|\n|poke|p1|Pelipper, L50, F|\n|poke|p1|Great Tusk, L50|\n|poke|p2|Ting-Lu, L50|\n|poke|p2|Flutter Mane, L50|\n|poke|p2|Dragonite, L50, M|\n|poke|p2|Palafin, L50, F|\n|poke|p2|Arcanine, L50, M|\n|poke|p2|Chien-Pao, L50|\n|teampreview|4\n|inactive|Battle timer is ON: inactive players will automatically lose when time's up. (requested by AleAbrao)\n|inactive|CookieCons has 60 seconds left.\n|\n|t:|1682025834\n|start\n|switch|p1a: Pelipper|Pelipper, L50, F|100\/100\n|switch|p1b: Sylveon|Sylveon, L50, F|100\/100\n|switch|p2a: Chien-Pao|Chien-Pao, L50|100\/100\n|switch|p2b: Bee Gees|Dragonite, L50, M|100\/100\n|-ability|p2a: Chien-Pao|Sword of Ruin\n|-weather|RainDance|[from] ability: Drizzle|[of] p1a: Pelipper\n|turn|1\n|inactive|CookieCons has 30 seconds left.\n|inactive|AleAbrao has 30 seconds left.\n|inactive|CookieCons has 20 seconds left.\n|inactive|AleAbrao has 20 seconds left.\n|\n|t:|1682025874\n|switch|p2a: Palafin|Palafin, L50, F|100\/100\n|move|p2b: Bee Gees|Ice Spinner|p1b: Sylveon\n|-damage|p1b: Sylveon|72\/100\n|move|p1a: Pelipper|Tailwind|p1a: Pelipper\n|-sidestart|p1: CookieCons|move: Tailwind\n|move|p1b: Sylveon|Hyper Voice|p2b: Bee Gees|[spread] p2a,p2b\n|-supereffective|p2b: Bee Gees\n|-damage|p2a: Palafin|49\/100\n|-damage|p2b: Bee Gees|75\/100\n|-enditem|p1b: Sylveon|Throat Spray\n|-boost|p1b: Sylveon|spa|1|[from] item: Throat Spray\n|\n|-weather|RainDance|[upkeep]\n|upkeep\n|turn|2\n|inactive|CookieCons has 30 seconds left.\n|inactive|AleAbrao has 30 seconds left.\n|inactive|CookieCons has 20 seconds left.\n|inactive|CookieCons has 15 seconds left.\n|\n|t:|1682025916\n|-terastallize|p2b: Bee Gees|Flying\n|move|p2a: Palafin|Jet Punch|p1b: Sylveon\n|-damage|p1b: Sylveon|32\/100\n|move|p1a: Pelipper|Hurricane|p2a: Palafin\n|-damage|p2a: Palafin|0 fnt\n|faint|p2a: Palafin\n|move|p1b: Sylveon|Hyper Voice|p2b: Bee Gees\n|-damage|p2b: Bee Gees|29\/100\n|move|p2b: Bee Gees|Tera Blast|p1b: Sylveon\n|-damage|p1b: Sylveon|0 fnt\n|faint|p1b: Sylveon\n|\n|-weather|RainDance|[upkeep]\n|upkeep\n|\n|t:|1682025936\n|switch|p2a: Chien-Pao|Chien-Pao, L50|100\/100\n|switch|p1b: Vaporeon|Vaporeon, L50, M|100\/100\n|-ability|p2a: Chien-Pao|Sword of Ruin\n|turn|3\n|inactive|AleAbrao has 30 seconds left.\n|\n|t:|1682025963\n|move|p2b: Bee Gees|Extreme Speed|p1a: Pelipper\n|-damage|p1a: Pelipper|65\/100\n|move|p2a: Chien-Pao|Sucker Punch|p1a: Pelipper\n|-damage|p1a: Pelipper|23\/100\n|move|p1b: Vaporeon|Muddy Water|p2a: Chien-Pao|[spread] p2a\n|-miss|p1b: Vaporeon|p2b: Bee Gees\n|-damage|p2a: Chien-Pao|57\/100\n|move|p1a: Pelipper|Chilling Water|p2a: Chien-Pao\n|-damage|p2a: Chien-Pao|19\/100\n|-unboost|p2a: Chien-Pao|atk|1\n|\n|-weather|RainDance|[upkeep]\n|upkeep\n|turn|4\n|inactive|CookieCons has 30 seconds left.\n|\n|t:|1682025991\n|switch|p1a: Umbreon|Umbreon, L50, M|100\/100\n|move|p2b: Bee Gees|Extreme Speed|p1a: Umbreon\n|-damage|p1a: Umbreon|81\/100\n|move|p2a: Chien-Pao|Sucker Punch|p1b: Vaporeon\n|-damage|p1b: Vaporeon|79\/100\n|move|p1b: Vaporeon|Muddy Water|p2b: Bee Gees|[spread] p2a,p2b\n|-damage|p2a: Chien-Pao|0 fnt\n|-damage|p2b: Bee Gees|4\/100\n|faint|p2a: Chien-Pao\n|\n|-weather|RainDance|[upkeep]\n|-heal|p1b: Vaporeon|85\/100|[from] item: Leftovers\n|-sideend|p1: CookieCons|move: Tailwind\n|upkeep\n|\n|t:|1682026003\n|switch|p2a: elton john|Flutter Mane, L50|100\/100\n|turn|5\n|inactive|AleAbrao has 30 seconds left.\n|\n|t:|1682026029\n|move|p2a: elton john|Dazzling Gleam|p1a: Umbreon|[spread] p1a,p1b\n|-supereffective|p1a: Umbreon\n|-crit|p1a: Umbreon\n|-damage|p1a: Umbreon|0 fnt\n|-damage|p1b: Vaporeon|51\/100\n|faint|p1a: Umbreon\n|move|p2b: Bee Gees|Tera Blast|p1b: Vaporeon\n|-damage|p1b: Vaporeon|8\/100\n|move|p1b: Vaporeon|Yawn|p2a: elton john\n|-start|p2a: elton john|move: Yawn|[of] p1b: Vaporeon\n|\n|-weather|RainDance|[upkeep]\n|-heal|p1b: Vaporeon|15\/100|[from] item: Leftovers\n|upkeep\n|\n|t:|1682026038\n|switch|p1a: Pelipper|Pelipper, L50, F|23\/100\n|turn|6\n|\n|t:|1682026046\n|move|p1b: Vaporeon|Protect|p1b: Vaporeon\n|-singleturn|p1b: Vaporeon|Protect\n|move|p1a: Pelipper|Wide Guard|p1a: Pelipper\n|-singleturn|p1a: Pelipper|Wide Guard\n|move|p2b: Bee Gees|Extreme Speed|p1b: Vaporeon\n|-activate|p1b: Vaporeon|move: Protect\n|move|p2a: elton john|Dazzling Gleam|p1a: Pelipper|[spread] \n|-activate|p1a: Pelipper|move: Wide Guard\n|-activate|p1b: Vaporeon|move: Wide Guard\n|\n|-weather|RainDance|[upkeep]\n|-heal|p1b: Vaporeon|21\/100|[from] item: Leftovers\n|-end|p2a: elton john|move: Yawn|[silent]\n|-status|p2a: elton john|slp\n|upkeep\n|turn|7\n|inactive|CookieCons has 30 seconds left.\n|\n|t:|1682026075\n|move|p2b: Bee Gees|Extreme Speed|p1b: Vaporeon\n|-damage|p1b: Vaporeon|0 fnt\n|faint|p1b: Vaporeon\n|cant|p2a: elton john|slp\n|move|p1a: Pelipper|Hurricane|p2b: Bee Gees\n|-damage|p2b: Bee Gees|0 fnt\n|faint|p2b: Bee Gees\n|\n|-weather|RainDance|[upkeep]\n|upkeep\n|turn|8\n|\n|t:|1682026090\n|cant|p2a: elton john|slp\n|move|p1a: Pelipper|Hurricane|p2a: elton john\n|-damage|p2a: elton john|60\/100 slp\n|-start|p2a: elton john|confusion\n|\n|-weather|none\n|upkeep\n|turn|9\n|inactive|CookieCons has 30 seconds left.\n|\n|t:|1682026123\n|-terastallize|p1a: Pelipper|Water\n|cant|p2a: elton john|slp\n|move|p1a: Pelipper|Chilling Water|p2a: elton john\n|-damage|p2a: elton john|29\/100 slp\n|-unboost|p2a: elton john|atk|1\n|\n|upkeep\n|turn|10\n|\n|t:|1682026136\n|-curestatus|p2a: elton john|slp|[msg]\n|-activate|p2a: elton john|confusion\n|-damage|p2a: elton john|24\/100|[from] confusion\n|move|p1a: Pelipper|Chilling Water|p2a: elton john\n|-damage|p2a: elton john|0 fnt\n|faint|p2a: elton john\n|-end|p2a: elton john|Protosynthesis|[silent]\n|\n|win|CookieCons\n|raw|CookieCons's rating: 1055 → 1082<\/strong> (+27 for winning)\n|raw|AleAbrao's rating: 1000 → 1000<\/strong> (+0 for losing)\n|l|\u2606AleAbrao\n","uploadtime":1682026149,"views":6,"p1id":"cookiecons","p2id":"aleabrao","formatid":"gen9vgc2023regulationc","rating":1000,"private":0,"password":""}