{"id":"gen9vgc2023regulationc-1855266703","p1":"fbjkkbcxx","p2":"Taafeite","format":"[Gen 9] VGC 2023 Regulation C","log":"|j|\u2606fbjkkbcxx\n|j|\u2606Taafeite\n|t:|1682926238\n|gametype|doubles\n|player|p1|fbjkkbcxx|170|1040\n|player|p2|Taafeite|clerkf|1137\n|teamsize|p1|6\n|teamsize|p2|6\n|gen|9\n|tier|[Gen 9] VGC 2023 Regulation C\n|rated|\n|rule|Species Clause: Limit one of each Pok\u00e9mon\n|rule|Item Clause: Limit one of each item\n|clearpoke\n|poke|p1|Tyranitar, L50, M|\n|poke|p1|Heracross, L50, M|\n|poke|p1|Gyarados, L50, M|\n|poke|p1|Gastrodon, L50, F|\n|poke|p1|Palafin, L50, M|\n|poke|p1|Ceruledge, L50, F|\n|poke|p2|Lilligant, L50, F|\n|poke|p2|Torkoal, L50, M|\n|poke|p2|Great Tusk, L50|\n|poke|p2|Flutter Mane, L50|\n|poke|p2|Wo-Chien, L50|\n|poke|p2|Indeedee-F, L50, F|\n|teampreview|4\nTaafeite has agreed to open team sheets.\n|inactive|Battle timer is ON: inactive players will automatically lose when time's up. (requested by fbjkkbcxx)\n|\n|t:|1682926269\n|start\n|switch|p1a: Palafin|Palafin, L50, M|100\/100\n|switch|p1b: Teracross|Heracross, L50, M|100\/100\n|switch|p2a: Lilligant|Lilligant, L50, F, shiny|100\/100\n|switch|p2b: Torkoal|Torkoal, L50, M|100\/100\n|-weather|SunnyDay|[from] ability: Drought|[of] p2b: Torkoal\n|turn|1\n|inactive|fbjkkbcxx has 30 seconds left.\n|inactive|Taafeite has 30 seconds left.\n|\n|t:|1682926299\n|detailschange|p1a: Palafin|Palafin-Hero, L50, M\n|switch|p1a: Tyranitar|Tyranitar, L50, M|100\/100\n|-weather|Sandstorm|[from] ability: Sand Stream|[of] p1a: Tyranitar\n|-terastallize|p1b: Teracross|Rock\n|move|p2a: Lilligant|After You|p2b: Torkoal\n|-activate|p2b: Torkoal|move: After You\n|move|p2b: Torkoal|Eruption|p1b: Teracross|[spread] p1a,p1b\n|-resisted|p1a: Tyranitar\n|-resisted|p1b: Teracross\n|-damage|p1a: Tyranitar|81\/100\n|-damage|p1b: Teracross|72\/100\n|move|p1b: Teracross|Pin Missile|p2a: Lilligant\n|-supereffective|p2a: Lilligant\n|-damage|p2a: Lilligant|58\/100\n|-supereffective|p2a: Lilligant\n|-damage|p2a: Lilligant|16\/100\n|-supereffective|p2a: Lilligant\n|-damage|p2a: Lilligant|0 fnt\n|faint|p2a: Lilligant\n|-hitcount|p2: Lilligant|3\n|\n|-weather|Sandstorm|[upkeep]\n|-damage|p2b: Torkoal|94\/100|[from] Sandstorm\n|upkeep\n|\n|t:|1682926318\n|switch|p2a: Wo-Chien|Wo-Chien, L50|100\/100\n|-ability|p2a: Wo-Chien|Tablets of Ruin\n|turn|2\n|\n|t:|1682926334\n|switch|p2b: Flutter Mane|Flutter Mane, L50|100\/100\n|-terastallize|p2a: Wo-Chien|Poison\n|move|p1a: Tyranitar|Protect|p1a: Tyranitar\n|-singleturn|p1a: Tyranitar|Protect\n|move|p1b: Teracross|Pin Missile|p2a: Wo-Chien\n|-resisted|p2a: Wo-Chien\n|-damage|p2a: Wo-Chien|97\/100\n|-resisted|p2a: Wo-Chien\n|-damage|p2a: Wo-Chien|93\/100\n|-resisted|p2a: Wo-Chien\n|-damage|p2a: Wo-Chien|89\/100\n|-resisted|p2a: Wo-Chien\n|-damage|p2a: Wo-Chien|85\/100\n|-resisted|p2a: Wo-Chien\n|-damage|p2a: Wo-Chien|81\/100\n|-hitcount|p2a: Wo-Chien|5\n|move|p2a: Wo-Chien|Foul Play|p1b: Teracross\n|-damage|p1b: Teracross|4\/100\n|\n|-weather|Sandstorm|[upkeep]\n|-damage|p2b: Flutter Mane|95\/100|[from] Sandstorm\n|-damage|p2a: Wo-Chien|75\/100|[from] Sandstorm\n|-heal|p2a: Wo-Chien|81\/100|[from] item: Leftovers\n|upkeep\n|turn|3\n|inactive|fbjkkbcxx has 30 seconds left.\n|inactive|Taafeite has 30 seconds left.\n|inactive|fbjkkbcxx has 20 seconds left.\n|inactive|Taafeite has 20 seconds left.\n|\n|t:|1682926370\n|move|p1b: Teracross|Protect|p1b: Teracross\n|-singleturn|p1b: Teracross|Protect\n|move|p2b: Flutter Mane|Dazzling Gleam|p1a: Tyranitar|[spread] p1a\n|-activate|p1b: Teracross|move: Protect\n|-supereffective|p1a: Tyranitar\n|-damage|p1a: Tyranitar|36\/100\n|-damage|p2b: Flutter Mane|85\/100|[from] item: Life Orb\n|move|p2a: Wo-Chien|Leech Seed|p1a: Tyranitar\n|-start|p1a: Tyranitar|move: Leech Seed\n|move|p1a: Tyranitar|Rock Slide|p2a: Wo-Chien|[spread] p2a,p2b\n|-damage|p2a: Wo-Chien|60\/100\n|-damage|p2b: Flutter Mane|36\/100\n|\n|-weather|Sandstorm|[upkeep]\n|-damage|p2b: Flutter Mane|30\/100|[from] Sandstorm\n|-damage|p2a: Wo-Chien|54\/100|[from] Sandstorm\n|-heal|p2a: Wo-Chien|60\/100|[from] item: Leftovers\n|-damage|p1a: Tyranitar|24\/100|[from] Leech Seed|[of] p2a: Wo-Chien\n|-heal|p2a: Wo-Chien|73\/100|[silent]\n|upkeep\n|turn|4\n|inactive|fbjkkbcxx has 30 seconds left.\n|inactive|fbjkkbcxx has 20 seconds left.\n|\n|t:|1682926407\n|move|p1a: Tyranitar|Protect|p1a: Tyranitar\n|-singleturn|p1a: Tyranitar|Protect\n|move|p2b: Flutter Mane|Dazzling Gleam|p1b: Teracross|[spread] p1b\n|-activate|p1a: Tyranitar|move: Protect\n|-damage|p1b: Teracross|0 fnt\n|faint|p1b: Teracross\n|-damage|p2b: Flutter Mane|21\/100|[from] item: Life Orb\n|move|p2a: Wo-Chien|Pollen Puff|p2b: Flutter Mane\n|-heal|p2b: Flutter Mane|70\/100\n|\n|-weather|Sandstorm|[upkeep]\n|-damage|p2b: Flutter Mane|65\/100|[from] Sandstorm\n|-damage|p2a: Wo-Chien|67\/100|[from] Sandstorm\n|-heal|p2a: Wo-Chien|73\/100|[from] item: Leftovers\n|-damage|p1a: Tyranitar|12\/100|[from] Leech Seed|[of] p2a: Wo-Chien\n|-heal|p2a: Wo-Chien|86\/100|[silent]\n|upkeep\n|\n|t:|1682926426\n|switch|p1b: Ceruledge|Ceruledge, L50, F|100\/100\n|turn|5\n|inactive|Taafeite has 30 seconds left.\n|\n|t:|1682926454\n|switch|p1a: Palafin|Palafin-Hero, L50, M|100\/100\n|-activate|p1a: Palafin|ability: Zero to Hero\n|move|p1b: Ceruledge|Shadow Sneak|p2b: Flutter Mane\n|-supereffective|p2b: Flutter Mane\n|-damage|p2b: Flutter Mane|4\/100\n|move|p2b: Flutter Mane|Dazzling Gleam|p1b: Ceruledge|[spread] p1a,p1b\n|-resisted|p1b: Ceruledge\n|-damage|p1a: Palafin|54\/100\n|-damage|p1b: Ceruledge|77\/100\n|-damage|p2b: Flutter Mane|0 fnt|[from] item: Life Orb\n|faint|p2b: Flutter Mane\n|-end|p2b: Flutter Mane|Protosynthesis|[silent]\n|move|p2a: Wo-Chien|Foul Play|p1b: Ceruledge\n|-supereffective|p1b: Ceruledge\n|-damage|p1b: Ceruledge|0 fnt\n|faint|p1b: Ceruledge\n|\n|-weather|Sandstorm|[upkeep]\n|-damage|p1a: Palafin|48\/100|[from] Sandstorm\n|-damage|p2a: Wo-Chien|80\/100|[from] Sandstorm\n|-heal|p2a: Wo-Chien|86\/100|[from] item: Leftovers\n|upkeep\n|\n|t:|1682926475\n|switch|p2b: Torkoal|Torkoal, L50, M|94\/100\n|switch|p1b: Tyranitar|Tyranitar, L50, M|12\/100\n|-weather|SunnyDay|[from] ability: Drought|[of] p2b: Torkoal\n|turn|6\n|inactive|Taafeite has 30 seconds left.\n|inactive|Taafeite has 20 seconds left.\n|inactive|Taafeite has 15 seconds left.\n|\n|t:|1682926518\n|move|p1a: Palafin|Wave Crash|p2b: Torkoal\n|-supereffective|p2b: Torkoal\n|-damage|p2b: Torkoal|52\/100\n|-damage|p1a: Palafin|34\/100|[from] Recoil\n|move|p2a: Wo-Chien|Pollen Puff|p1b: Tyranitar\n|-supereffective|p1b: Tyranitar\n|-damage|p1b: Tyranitar|0 fnt\n|faint|p1b: Tyranitar\n|move|p2b: Torkoal|Solar Beam||[still]\n|-prepare|p2b: Torkoal|Solar Beam\n|-anim|p2b: Torkoal|Solar Beam|p1a: Palafin\n|-supereffective|p1a: Palafin\n|-damage|p1a: Palafin|0 fnt\n|faint|p1a: Palafin\n|\n|win|Taafeite\n|raw|fbjkkbcxx's rating: 1040 → 1028<\/strong> (-12 for losing)\n|raw|Taafeite's rating: 1137 → 1155<\/strong> (+18 for winning)\n|l|\u2606fbjkkbcxx\n","uploadtime":1682926568,"views":27,"p1id":"fbjkkbcxx","p2id":"taafeite","formatid":"gen9vgc2023regulationc","rating":1028,"private":0,"password":""}