{"id":"gen9vgc2023regulationc-1848789070","p1":"Shawnbd3","p2":"dunsparcedingo","format":"[Gen 9] VGC 2023 Regulation C","log":"|j|\u2606Shawnbd3\n|j|\u2606dunsparcedingo\n|t:|1682110527\n|gametype|doubles\n|player|p1|Shawnbd3|170|1029\n|player|p2|dunsparcedingo|zinnia|1060\n|teamsize|p1|6\n|teamsize|p2|6\n|gen|9\n|tier|[Gen 9] VGC 2023 Regulation C\n|rated|\n|rule|Species Clause: Limit one of each Pok\u00e9mon\n|rule|Item Clause: Limit one of each item\n|clearpoke\n|poke|p1|Espathra, L50, F|\n|poke|p1|Chien-Pao, L50|\n|poke|p1|Torkoal, L50, F|\n|poke|p1|Jumpluff, L50, M|\n|poke|p1|Flutter Mane, L50|\n|poke|p1|Gyarados, L50, M|\n|poke|p2|Torkoal, L50, F|\n|poke|p2|Jumpluff, L50, M|\n|poke|p2|Chi-Yu, L50|\n|poke|p2|Sandy Shocks, L50|\n|poke|p2|Iron Bundle, L50|\n|poke|p2|Slither Wing, L50|\n|teampreview|4\ndunsparcedingo has agreed to open team sheets.\n|\n|t:|1682110575\n|start\n|switch|p1a: Jumpluff|Jumpluff, L50, M|100\/100\n|switch|p1b: Gyarados|Gyarados, L50, M|100\/100\n|switch|p2a: Jumpluff|Jumpluff, L50, M|100\/100\n|switch|p2b: Chi-Yu|Chi-Yu, L50|100\/100\n|-ability|p1b: Gyarados|Intimidate|boost\n|-unboost|p2a: Jumpluff|atk|1\n|-unboost|p2b: Chi-Yu|atk|1\n|-ability|p2b: Chi-Yu|Beads of Ruin\n|turn|1\n|\n|t:|1682110619\n|switch|p2b: Slither Wing|Slither Wing, L50|100\/100\n|-terastallize|p1b: Gyarados|Ground\n|move|p2a: Jumpluff|Sleep Powder|p1b: Gyarados\n|-status|p1b: Gyarados|slp|[from] move: Sleep Powder\n|move|p1a: Jumpluff|Tailwind|p1a: Jumpluff\n|-sidestart|p1: Shawnbd3|move: Tailwind\n|cant|p1b: Gyarados|slp\n|\n|upkeep\n|turn|2\n|\n|t:|1682110641\n|move|p2b: Slither Wing|First Impression|p1a: Jumpluff\n|-damage|p1a: Jumpluff|29\/100\n|-damage|p2b: Slither Wing|91\/100|[from] item: Life Orb\n|move|p1a: Jumpluff|Encore|p2a: Jumpluff\n|-start|p2a: Jumpluff|Encore\n|move|p2a: Jumpluff|Sleep Powder|p1a: Jumpluff\n|-immune|p1a: Jumpluff\n|-curestatus|p1b: Gyarados|slp|[msg]\n|move|p1b: Gyarados|Dragon Tail|p2b: Slither Wing\n|-damage|p2b: Slither Wing|67\/100\n|-end|p2b: Slither Wing|Protosynthesis|[silent]\n|drag|p2b: Sandy Shocks|Sandy Shocks, L50|100\/100\n|\n|upkeep\n|turn|3\n|\n|t:|1682110685\n|move|p1a: Jumpluff|Strength Sap|p2b: Sandy Shocks\n|-unboost|p2b: Sandy Shocks|atk|1\n|-heal|p1a: Jumpluff|84\/100\n|move|p1b: Gyarados|Waterfall|p2a: Jumpluff\n|-resisted|p2a: Jumpluff\n|-damage|p2a: Jumpluff|76\/100\n|move|p2a: Jumpluff|Sleep Powder|p1b: Gyarados|[miss]\n|-miss|p2a: Jumpluff|p1b: Gyarados\n|move|p2b: Sandy Shocks|Thunderbolt|p1a: Jumpluff\n|-damage|p1a: Jumpluff|42\/100\n|\n|upkeep\n|turn|4\n|\n|t:|1682110706\n|switch|p1b: Torkoal|Torkoal, L50, F|100\/100\n|-weather|SunnyDay|[from] ability: Drought|[of] p1b: Torkoal\n|-activate|p2b: Sandy Shocks|ability: Protosynthesis\n|-start|p2b: Sandy Shocks|protosynthesisspe\n|move|p1a: Jumpluff|Solar Beam||[still]\n|-prepare|p1a: Jumpluff|Solar Beam\n|-anim|p1a: Jumpluff|Solar Beam|p2b: Sandy Shocks\n|-supereffective|p2b: Sandy Shocks\n|-damage|p2b: Sandy Shocks|57\/100\n|move|p2a: Jumpluff|Sleep Powder|p1b: Torkoal\n|-status|p1b: Torkoal|slp|[from] move: Sleep Powder\n|move|p2b: Sandy Shocks|Thunderbolt|p1a: Jumpluff\n|-damage|p1a: Jumpluff|0 fnt\n|faint|p1a: Jumpluff\n|\n|-weather|SunnyDay|[upkeep]\n|-end|p2a: Jumpluff|Encore\n|-sideend|p1: Shawnbd3|move: Tailwind\n|upkeep\n|\n|t:|1682110724\n|switch|p1a: Chien-Pao|Chien-Pao, L50|100\/100\n|-ability|p1a: Chien-Pao|Sword of Ruin\n|turn|5\n|-message|Shawnbd3 forfeited.\n|\n|win|dunsparcedingo\n|raw|Shawnbd3's rating: 1029 → 1016<\/strong> (-13 for losing)\n|raw|dunsparcedingo's rating: 1060 → 1088<\/strong> (+28 for winning)\n|l|\u2606Shawnbd3\n","uploadtime":1682110738,"views":9,"p1id":"shawnbd3","p2id":"dunsparcedingo","formatid":"gen9vgc2023regulationc","rating":1016,"private":0,"password":""}