{"id":"gen9vgc2023regulationc-1858978903","p1":"Balakay432","p2":"djuxhdhshdh","format":"[Gen 9] VGC 2023 Regulation C","log":"|j|\u2606Balakay432\n|j|\u2606djuxhdhshdh\n|t:|1683390359\n|gametype|doubles\n|player|p1|Balakay432|gambler|1040\n|player|p2|djuxhdhshdh|caitlin|1000\n|teamsize|p1|6\n|teamsize|p2|6\n|gen|9\n|tier|[Gen 9] VGC 2023 Regulation C\n|rated|\n|rule|Species Clause: Limit one of each Pok\u00e9mon\n|rule|Item Clause: Limit one of each item\n|clearpoke\n|poke|p1|Dragapult, L50, F|\n|poke|p1|Amoonguss, L50, F|\n|poke|p1|Garganacl, L50, F|\n|poke|p1|Indeedee-F, L50, F|\n|poke|p1|Armarouge, L50, F|\n|poke|p1|Dachsbun, L50, F|\n|poke|p2|Orthworm, L50, M|\n|poke|p2|Ting-Lu, L50|\n|poke|p2|Sylveon, L50, M|\n|poke|p2|Dragonite, L50, F|\n|poke|p2|Gyarados, L50, F|\n|poke|p2|Amoonguss, L50, M|\n|teampreview|4\nBalakay432 rejected open team sheets.\n|\n|t:|1683390395\n|start\n|switch|p1a: Garganacl|Garganacl, L50, F|100\/100\n|switch|p1b: Amoonguss|Amoonguss, L50, F|100\/100\n|switch|p2a: Ting-Lu|Ting-Lu, L50|100\/100\n|switch|p2b: Gyarados|Gyarados, L50, F|100\/100\n|-ability|p2b: Gyarados|Intimidate|boost\n|-unboost|p1a: Garganacl|atk|1\n|-unboost|p1b: Amoonguss|atk|1\n|-ability|p2a: Ting-Lu|Vessel of Ruin\n|turn|1\n|\n|t:|1683390417\n|move|p2b: Gyarados|Taunt|p1b: Amoonguss\n|-start|p1b: Amoonguss|move: Taunt\n|move|p2a: Ting-Lu|Fissure|p1a: Garganacl|[miss]\n|-miss|p2a: Ting-Lu|p1a: Garganacl\n|cant|p1b: Amoonguss|move: Taunt|Spore\n|move|p1a: Garganacl|Salt Cure|p2b: Gyarados\n|-supereffective|p2b: Gyarados\n|-damage|p2b: Gyarados|83\/100\n|-start|p2b: Gyarados|Salt Cure\n|\n|-damage|p2b: Gyarados|58\/100|[from] Salt Cure\n|upkeep\n|turn|2\n|\n|t:|1683390445\n|switch|p2b: Amoonguss|Amoonguss, L50, M|100\/100\n|move|p1a: Garganacl|Protect|p1a: Garganacl\n|-singleturn|p1a: Garganacl|Protect\n|move|p2a: Ting-Lu|Fissure|p1a: Garganacl\n|-activate|p1a: Garganacl|move: Protect\n|move|p1b: Amoonguss|Energy Ball|p2a: Ting-Lu\n|-supereffective|p2a: Ting-Lu\n|-damage|p2a: Ting-Lu|75\/100\n|\n|upkeep\n|turn|3\n|\n|t:|1683390479\n|switch|p1a: Indeedee|Indeedee-F, L50, F|100\/100\n|-fieldstart|move: Psychic Terrain|[from] ability: Psychic Surge|[of] p1a: Indeedee\n|move|p2a: Ting-Lu|Fissure|p1a: Indeedee\n|-damage|p1a: Indeedee|0 fnt\n|faint|p1a: Indeedee\n|-ohko\n|move|p1b: Amoonguss|Energy Ball|p2a: Ting-Lu\n|-supereffective|p2a: Ting-Lu\n|-damage|p2a: Ting-Lu|52\/100\n|move|p2b: Amoonguss|Pollen Puff|p2a: Ting-Lu\n|-heal|p2a: Ting-Lu|100\/100\n|\n|-end|p1b: Amoonguss|move: Taunt\n|upkeep\n|\n|t:|1683390495\n|switch|p1a: Armarouge|Armarouge, L50, F|100\/100\n|turn|4\n|l|\u2606djuxhdhshdh\n|player|p2|\n|j|\u2606djuxhdhshdh\n|player|p2|djuxhdhshdh|caitlin\n|\n|t:|1683390553\n|-terastallize|p2b: Amoonguss|Water\n|move|p1a: Armarouge|Expanding Force|p2b: Amoonguss|[spread] p2b\n|-immune|p2a: Ting-Lu\n|-damage|p2b: Amoonguss|70\/100\n|move|p2a: Ting-Lu|Payback|p1a: Armarouge\n|-supereffective|p1a: Armarouge\n|-damage|p1a: Armarouge|1\/100\n|-ability|p1a: Armarouge|Weak Armor|boost\n|-unboost|p1a: Armarouge|def|1\n|-boost|p1a: Armarouge|spe|2\n|-enditem|p1a: Armarouge|Weakness Policy\n|-boost|p1a: Armarouge|atk|2|[from] item: Weakness Policy\n|-boost|p1a: Armarouge|spa|2|[from] item: Weakness Policy\n|move|p2b: Amoonguss|Spore|p1a: Armarouge\n|-status|p1a: Armarouge|slp|[from] move: Spore\n|move|p1b: Amoonguss|Spore|p2a: Ting-Lu\n|-status|p2a: Ting-Lu|slp|[from] move: Spore\n|\n|upkeep\n|turn|5\n|\n|t:|1683390577\n|cant|p1a: Armarouge|slp\n|cant|p2a: Ting-Lu|slp\n|move|p1b: Amoonguss|Energy Ball|p2b: Amoonguss\n|-supereffective|p2b: Amoonguss\n|-damage|p2b: Amoonguss|31\/100\n|move|p2b: Amoonguss|Clear Smog|p1a: Armarouge\n|-damage|p1a: Armarouge|0 fnt\n|-clearboost|p1a: Armarouge\n|faint|p1a: Armarouge\n|\n|upkeep\n|\n|t:|1683390589\n|switch|p1a: Garganacl|Garganacl, L50, F|100\/100\n|turn|6\n|\n|t:|1683390603\n|switch|p2b: Gyarados|Gyarados, L50, F|58\/100\n|-ability|p2b: Gyarados|Intimidate|boost\n|-unboost|p1a: Garganacl|atk|1\n|-unboost|p1b: Amoonguss|atk|1\n|cant|p2a: Ting-Lu|slp\n|move|p1b: Amoonguss|Energy Ball|p2a: Ting-Lu\n|-supereffective|p2a: Ting-Lu\n|-damage|p2a: Ting-Lu|77\/100 slp\n|move|p1a: Garganacl|Salt Cure|p2b: Gyarados\n|-supereffective|p2b: Gyarados\n|-damage|p2b: Gyarados|37\/100\n|-start|p2b: Gyarados|Salt Cure\n|\n|-damage|p2b: Gyarados|12\/100|[from] Salt Cure\n|upkeep\n|turn|7\n|\n|t:|1683390633\n|move|p2b: Gyarados|Taunt|p1b: Amoonguss\n|-start|p1b: Amoonguss|move: Taunt\n|cant|p2a: Ting-Lu|slp\n|cant|p1b: Amoonguss|move: Taunt|Spore\n|move|p1a: Garganacl|Salt Cure|p2a: Ting-Lu\n|-resisted|p2a: Ting-Lu\n|-damage|p2a: Ting-Lu|74\/100 slp\n|-start|p2a: Ting-Lu|Salt Cure\n|\n|-damage|p2b: Gyarados|0 fnt|[from] Salt Cure\n|faint|p2b: Gyarados\n|-damage|p2a: Ting-Lu|62\/100 slp|[from] Salt Cure\n|-fieldend|move: Psychic Terrain\n|upkeep\n|\n|t:|1683390646\n|switch|p2b: Amoonguss|Amoonguss, L50, M, tera:Water|65\/100\n|turn|8\n|\n|t:|1683390656\n|-curestatus|p2a: Ting-Lu|slp|[msg]\n|move|p2a: Ting-Lu|Fissure|p1a: Garganacl\n|-damage|p1a: Garganacl|0 fnt\n|faint|p1a: Garganacl\n|-ohko\n|move|p1b: Amoonguss|Energy Ball|p2a: Ting-Lu\n|-supereffective|p2a: Ting-Lu\n|-damage|p2a: Ting-Lu|39\/100\n|-unboost|p2a: Ting-Lu|spd|1\n|move|p2b: Amoonguss|Pollen Puff|p2a: Ting-Lu\n|-heal|p2a: Ting-Lu|89\/100\n|\n|-damage|p2a: Ting-Lu|77\/100|[from] Salt Cure\n|upkeep\n|turn|9\n|\n|t:|1683390682\n|-terastallize|p1b: Amoonguss|Bug\n|move|p2a: Ting-Lu|Fissure|p1b: Amoonguss|[miss]\n|-miss|p2a: Ting-Lu|p1b: Amoonguss\n|move|p1b: Amoonguss|Pollen Puff|p2a: Ting-Lu\n|-supereffective|p2a: Ting-Lu\n|-damage|p2a: Ting-Lu|43\/100\n|move|p2b: Amoonguss|Pollen Puff|p1b: Amoonguss\n|-damage|p1b: Amoonguss|87\/100\n|\n|-damage|p2a: Ting-Lu|31\/100|[from] Salt Cure\n|-end|p1b: Amoonguss|move: Taunt\n|upkeep\n|turn|10\n|\n|t:|1683390698\n|switch|p2a: Sylveon|Sylveon, L50, M|100\/100\n|move|p2b: Amoonguss|Spore|p1b: Amoonguss\n|-status|p1b: Amoonguss|slp|[from] move: Spore\n|cant|p1b: Amoonguss|slp\n|\n|upkeep\n|turn|11\n|-message|Balakay432 forfeited.\n|\n|win|djuxhdhshdh\n|raw|Balakay432's rating: 1040 → 1022<\/strong> (-18 for losing)\n|raw|djuxhdhshdh's rating: 1000 → 1045<\/strong> (+45 for winning)\n|l|\u2606Balakay432\n","uploadtime":1683390714,"views":9,"p1id":"balakay432","p2id":"djuxhdhshdh","formatid":"gen9vgc2023regulationc","rating":1022,"private":0,"password":""}