{"id":"gen9vgc2023regulationc-1860194567","p1":"SoupCircle","p2":"VegaVex","format":"[Gen 9] VGC 2023 Regulation C","log":"|j|\u2606SoupCircle\n|j|\u2606VegaVex\n|t:|1683608050\n|gametype|doubles\n|player|p1|SoupCircle|rosa|1136\n|player|p2|VegaVex|cynthia-gen4|1148\n|teamsize|p1|6\n|teamsize|p2|6\n|gen|9\n|tier|[Gen 9] VGC 2023 Regulation C\n|rated|\n|rule|Species Clause: Limit one of each Pok\u00e9mon\n|rule|Item Clause: Limit one of each item\n|clearpoke\n|poke|p1|Flutter Mane, L50|\n|poke|p1|Amoonguss, L50, M|\n|poke|p1|Chi-Yu, L50|\n|poke|p1|Garganacl, L50, M|\n|poke|p1|Chien-Pao, L50|\n|poke|p1|Pachirisu, L50, F|\n|poke|p2|Gallade, L50, M|\n|poke|p2|Gholdengo, L50|\n|poke|p2|Slowking, L50, M|\n|poke|p2|Wo-Chien, L50|\n|poke|p2|Delibird, L50, M|\n|poke|p2|Ting-Lu, L50|\n|teampreview|4\nVegaVex rejected open team sheets.\n|c|\u2606VegaVex|luv ur username\n|inactive|Battle timer is ON: inactive players will automatically lose when time's up. (requested by SoupCircle)\n|\n|t:|1683608082\n|start\n|switch|p1a: Chi-Yu|Chi-Yu, L50|100\/100\n|switch|p1b: Flutter Mane|Flutter Mane, L50|100\/100\n|switch|p2a: Im Trying ok?|Delibird, L50, M|100\/100\n|switch|p2b: Slowking|Slowking, L50, M|100\/100\n|-ability|p1a: Chi-Yu|Beads of Ruin\n|-enditem|p1b: Flutter Mane|Booster Energy\n|-activate|p1b: Flutter Mane|ability: Protosynthesis|[fromitem]\n|-start|p1b: Flutter Mane|protosynthesisspe\n|turn|1\n|inactive|SoupCircle has 30 seconds left.\n|inactive|VegaVex has 30 seconds left.\n|inactive|SoupCircle has 20 seconds left.\n|inactive|SoupCircle has 15 seconds left.\n|inactive|SoupCircle has 10 seconds left.\n|\n|t:|1683608131\n|-terastallize|p2b: Slowking|Fire\n|move|p2a: Im Trying ok?|Fake Out|p1a: Chi-Yu\n|-damage|p1a: Chi-Yu|87\/100\n|move|p1b: Flutter Mane|Shadow Ball|p2b: Slowking\n|-damage|p2b: Slowking|40\/100\n|-enditem|p2b: Slowking|Sitrus Berry|[eat]\n|-heal|p2b: Slowking|65\/100|[from] item: Sitrus Berry\n|cant|p1a: Chi-Yu|flinch\n|move|p2b: Slowking|Trick Room|p2b: Slowking\n|-fieldstart|move: Trick Room|[of] p2b: Slowking\n|\n|upkeep\n|turn|2\n|inactive|VegaVex has 30 seconds left.\n|inactive|SoupCircle has 30 seconds left.\n|\n|t:|1683608163\n|move|p2b: Slowking|Protect|p2b: Slowking\n|-singleturn|p2b: Slowking|Protect\n|move|p2a: Im Trying ok?|Destiny Bond|p2a: Im Trying ok?\n|-singlemove|p2a: Im Trying ok?|Destiny Bond\n|move|p1a: Chi-Yu|Heat Wave|p2b: Slowking|[spread] p2a\n|-activate|p2b: Slowking|move: Protect\n|-supereffective|p2a: Im Trying ok?\n|-enditem|p2a: Im Trying ok?|Focus Sash\n|-damage|p2a: Im Trying ok?|1\/100\n|move|p1b: Flutter Mane|Shadow Ball|p2b: Slowking\n|-activate|p2b: Slowking|move: Protect\n|\n|upkeep\n|turn|3\n|inactive|SoupCircle has 30 seconds left.\n|\n|t:|1683608196\n|switch|p1a: Pachirisu|Pachirisu, L50, F|100\/100\n|move|p2a: Im Trying ok?|Protect|p2a: Im Trying ok?\n|-singleturn|p2a: Im Trying ok?|Protect\n|move|p2b: Slowking|Chilly Reception|p2b: Slowking\n|-weather|Snow\n|\n|t:|1683608203\n|switch|p2b: Ling-Tu|Ting-Lu, L50|100\/100|[from] Chilly Reception\n|-ability|p2b: Ling-Tu|Vessel of Ruin\n|move|p1b: Flutter Mane|Shadow Ball|p2b: Ling-Tu\n|-resisted|p2b: Ling-Tu\n|-damage|p2b: Ling-Tu|94\/100\n|\n|-weather|Snow|[upkeep]\n|upkeep\n|turn|4\n|\n|t:|1683608225\n|move|p2b: Ling-Tu|Sand Tomb|p1a: Pachirisu\n|-supereffective|p1a: Pachirisu\n|-damage|p1a: Pachirisu|65\/100\n|-activate|p1a: Pachirisu|move: Sand Tomb|[of] p2b: Ling-Tu\n|move|p2a: Im Trying ok?|Destiny Bond|p2a: Im Trying ok?\n|-singlemove|p2a: Im Trying ok?|Destiny Bond\n|move|p1a: Pachirisu|Grass Knot|p2b: Ling-Tu\n|-supereffective|p2b: Ling-Tu\n|-damage|p2b: Ling-Tu|86\/100\n|move|p1b: Flutter Mane|Moonblast|p2b: Ling-Tu\n|-supereffective|p2b: Ling-Tu\n|-damage|p2b: Ling-Tu|56\/100\n|\n|-weather|Snow|[upkeep]\n|-damage|p1a: Pachirisu|53\/100|[from] move: Sand Tomb|[partiallytrapped]\n|upkeep\n|turn|5\n|-message|SoupCircle forfeited.\n|\n|win|VegaVex\n|raw|SoupCircle's rating: 1136 → 1112<\/strong> (-24 for losing)\n|raw|VegaVex's rating: 1148 → 1172<\/strong> (+24 for winning)\n|l|\u2606SoupCircle\n","uploadtime":1683608251,"views":12,"p1id":"soupcircle","p2id":"vegavex","formatid":"gen9vgc2023regulationc","rating":1112,"private":0,"password":""}