{"id":"gen9vgc2023regulationc-1851933353","p1":"Minority_Hunter_V2","p2":"Battle_houndoom","format":"[Gen 9] VGC 2023 Regulation C","log":"|j|\u2606Minority_Hunter_V2\n|j|\u2606Battle_houndoom\n|t:|1682507860\n|gametype|doubles\n|player|p1|Minority_Hunter_V2|doubleteam|1019\n|player|p2|Battle_houndoom|101|1084\n|teamsize|p1|6\n|teamsize|p2|6\n|gen|9\n|tier|[Gen 9] VGC 2023 Regulation C\n|rated|\n|rule|Species Clause: Limit one of each Pok\u00e9mon\n|rule|Item Clause: Limit one of each item\n|clearpoke\n|poke|p1|Flutter Mane, L50|\n|poke|p1|Scream Tail, L50|\n|poke|p1|Gothitelle, L50, M|\n|poke|p1|Arcanine, L50, M|\n|poke|p1|Amoonguss, L50, F|\n|poke|p1|Palafin, L50, F|\n|poke|p2|Ting-Lu, L50|\n|poke|p2|Gothitelle, L50, F|\n|poke|p2|Torkoal, L50, M|\n|poke|p2|Iron Hands, L50|\n|poke|p2|Indeedee-F, L50, F|\n|poke|p2|Armarouge, L50, M|\n|teampreview|4\nMinority_Hunter_V2 has agreed to open team sheets.\n|\n|t:|1682507908\n|start\n|switch|p1a: Gothitelle|Gothitelle, L50, M|100\/100\n|switch|p1b: Flutter Mane|Flutter Mane, L50|100\/100\n|switch|p2a: Armarouge|Armarouge, L50, M|100\/100\n|switch|p2b: Indeedee|Indeedee-F, L50, F|100\/100\n|-fieldstart|move: Psychic Terrain|[from] ability: Psychic Surge|[of] p2b: Indeedee\n|turn|1\n|\n|t:|1682507925\n|move|p2a: Armarouge|Protect|p2a: Armarouge\n|-singleturn|p2a: Armarouge|Protect\n|move|p1a: Gothitelle|Fake Out|p2a: Armarouge\n|-activate|p2a: Armarouge|move: Psychic Terrain\n|move|p1b: Flutter Mane|Perish Song|p1b: Flutter Mane\n|-start|p1a: Gothitelle|perish3|[silent]\n|-start|p1b: Flutter Mane|perish3|[silent]\n|-start|p2a: Armarouge|perish3|[silent]\n|-start|p2b: Indeedee|perish3|[silent]\n|-fieldactivate|move: Perish Song\n|move|p2b: Indeedee|Trick Room|p2b: Indeedee\n|-fieldstart|move: Trick Room|[of] p2b: Indeedee\n|\n|-start|p1a: Gothitelle|perish3\n|-start|p2a: Armarouge|perish3\n|-start|p2b: Indeedee|perish3\n|-start|p1b: Flutter Mane|perish3\n|upkeep\n|turn|2\n|\n|t:|1682507945\n|move|p2b: Indeedee|Helping Hand|p2a: Armarouge\n|-singleturn|p2a: Armarouge|Helping Hand|[of] p2b: Indeedee\n|move|p1a: Gothitelle|Protect|p1a: Gothitelle\n|-singleturn|p1a: Gothitelle|Protect\n|move|p1b: Flutter Mane|Protect|p1b: Flutter Mane\n|-singleturn|p1b: Flutter Mane|Protect\n|move|p2a: Armarouge|Expanding Force|p1b: Flutter Mane|[spread] \n|-activate|p1a: Gothitelle|move: Protect\n|-activate|p1b: Flutter Mane|move: Protect\n|\n|-start|p1a: Gothitelle|perish2\n|-start|p2a: Armarouge|perish2\n|-start|p2b: Indeedee|perish2\n|-start|p1b: Flutter Mane|perish2\n|upkeep\n|turn|3\n|\n|t:|1682507967\n|move|p2b: Indeedee|Helping Hand|p2a: Armarouge\n|-singleturn|p2a: Armarouge|Helping Hand|[of] p2b: Indeedee\n|move|p2a: Armarouge|Expanding Force|p1b: Flutter Mane|[spread] p1a,p1b\n|-resisted|p1a: Gothitelle\n|-damage|p1a: Gothitelle|55\/100\n|-enditem|p1b: Flutter Mane|Focus Sash\n|-damage|p1b: Flutter Mane|1\/100\n|-damage|p2a: Armarouge|91\/100|[from] item: Life Orb\n|move|p1a: Gothitelle|Heal Pulse|p1b: Flutter Mane\n|-heal|p1b: Flutter Mane|52\/100\n|move|p1b: Flutter Mane|Moonblast|p2a: Armarouge\n|-resisted|p2a: Armarouge\n|-damage|p2a: Armarouge|61\/100\n|\n|-start|p1a: Gothitelle|perish1\n|-start|p2a: Armarouge|perish1\n|-start|p2b: Indeedee|perish1\n|-start|p1b: Flutter Mane|perish1\n|upkeep\n|turn|4\n|\n|t:|1682508019\n|switch|p1a: Amoonguss|Amoonguss, L50, F|100\/100\n|-end|p1b: Flutter Mane|Protosynthesis|[silent]\n|switch|p1b: Scream Tail|Scream Tail, L50|100\/100\n|-enditem|p1b: Scream Tail|Booster Energy\n|-activate|p1b: Scream Tail|ability: Protosynthesis|[fromitem]\n|-start|p1b: Scream Tail|protosynthesisspe\n|move|p2b: Indeedee|Helping Hand|p2a: Armarouge\n|-singleturn|p2a: Armarouge|Helping Hand|[of] p2b: Indeedee\n|move|p2a: Armarouge|Expanding Force|p1a: Amoonguss|[spread] p1a,p1b\n|-supereffective|p1a: Amoonguss\n|-resisted|p1b: Scream Tail\n|-damage|p1a: Amoonguss|0 fnt\n|-damage|p1b: Scream Tail|55\/100\n|faint|p1a: Amoonguss\n|-damage|p2a: Armarouge|51\/100|[from] item: Life Orb\n|\n|-start|p2a: Armarouge|perish0\n|-start|p2b: Indeedee|perish0\n|faint|p2a: Armarouge\n|faint|p2b: Indeedee\n|upkeep\n|\n|t:|1682508036\n|switch|p1a: Flutter Mane|Flutter Mane, L50|52\/100\n|switch|p2a: Torkoal|Torkoal, L50, M|100\/100\n|switch|p2b: Ting-Lu|Ting-Lu, L50|100\/100\n|-weather|SunnyDay|[from] ability: Drought|[of] p2a: Torkoal\n|-activate|p1a: Flutter Mane|ability: Protosynthesis\n|-start|p1a: Flutter Mane|protosynthesisspe\n|-ability|p2b: Ting-Lu|Vessel of Ruin\n|turn|5\n|\n|t:|1682508074\n|move|p1b: Scream Tail|Protect|p1b: Scream Tail\n|-singleturn|p1b: Scream Tail|Protect\n|move|p1a: Flutter Mane|Protect|p1a: Flutter Mane\n|-singleturn|p1a: Flutter Mane|Protect\n|move|p2a: Torkoal|Eruption|p1b: Scream Tail|[spread] \n|-activate|p1a: Flutter Mane|move: Protect\n|-activate|p1b: Scream Tail|move: Protect\n|move|p2b: Ting-Lu|Fissure|p1a: Flutter Mane\n|-activate|p1a: Flutter Mane|move: Protect\n|\n|-weather|SunnyDay|[upkeep]\n|-fieldend|move: Trick Room\n|-fieldend|move: Psychic Terrain\n|upkeep\n|turn|6\n|c|\u2606Minority_Hunter_V2|fucking fissure bitch\n|n|\u203dMinority_Hunter_V2|minorityhunterv2\n|c|&|\/log Minority_Hunter_V2 was locked from talking by Artemis. (\u2606Minority_Hunter_V2: fucking fissure bitch)\n|c|&|\/raw This action was done automatically. Want to learn more about the AI? Visit the information thread<\/a>.<\/small>\n|\n|t:|1682508123\n|move|p1a: Flutter Mane|Shadow Ball|p2a: Torkoal\n|-damage|p2a: Torkoal|68\/100\n|move|p1b: Scream Tail|Play Rough|p2a: Torkoal\n|-resisted|p2a: Torkoal\n|-damage|p2a: Torkoal|59\/100\n|move|p2b: Ting-Lu|Rock Slide|p1b: Scream Tail|[spread] p1a,p1b\n|-damage|p1a: Flutter Mane|7\/100\n|-damage|p1b: Scream Tail|40\/100\n|move|p2a: Torkoal|Eruption|p1a: Flutter Mane|[spread] p1a,p1b\n|-damage|p1a: Flutter Mane|0 fnt\n|-damage|p1b: Scream Tail|24\/100\n|faint|p1a: Flutter Mane\n|-end|p1a: Flutter Mane|Protosynthesis|[silent]\n|\n|-weather|SunnyDay|[upkeep]\n|-heal|p2a: Torkoal|65\/100|[from] item: Leftovers\n|upkeep\n|\n|t:|1682508127\n|switch|p1a: Gothitelle|Gothitelle, L50, M|55\/100\n|turn|7\n|-message|Minority_Hunter_V2 forfeited.\n|\n|win|Battle_houndoom\n|raw|Minority_Hunter_V2's rating: 1019 → 1009<\/strong> (-10 for losing)\n|raw|Battle_houndoom's rating: 1084 → 1106<\/strong> (+22 for winning)\n","uploadtime":1682508094,"views":6,"p1id":"minorityhunterv2","p2id":"battlehoundoom","formatid":"gen9vgc2023regulationc","rating":1009,"private":0,"password":""}