{"id":"gen9vgc2023regulationc-1862015953","p1":"DrMichaelBay","p2":"tukey","format":"[Gen 9] VGC 2023 Regulation C","log":"|j|\u2606DrMichaelBay\n|j|\u2606tukey\n|t:|1683829040\n|gametype|doubles\n|player|p1|DrMichaelBay|skier|1229\n|player|p2|tukey|elesa|1314\n|teamsize|p1|6\n|teamsize|p2|6\n|gen|9\n|tier|[Gen 9] VGC 2023 Regulation C\n|rated|\n|rule|Species Clause: Limit one of each Pok\u00e9mon\n|rule|Item Clause: Limit one of each item\n|clearpoke\n|poke|p1|Abomasnow, L50, M|\n|poke|p1|Azumarill, L50, M|\n|poke|p1|Glaceon, L50, M|\n|poke|p1|Slowking, L50, M|\n|poke|p1|Baxcalibur, L50, M|\n|poke|p1|Beartic, L50, M|\n|poke|p2|Iron Bundle, L50|\n|poke|p2|Ting-Lu, L50|\n|poke|p2|Iron Hands, L50|\n|poke|p2|Tatsugiri, L50, F|\n|poke|p2|Dondozo, L50, M|\n|poke|p2|Abomasnow, L50, F|\n|teampreview|4\nDrMichaelBay has agreed to open team sheets.\n|inactive|Battle timer is ON: inactive players will automatically lose when time's up. (requested by DrMichaelBay)\n|\n|t:|1683829073\n|start\n|switch|p1a: Slowking|Slowking, L50, M|100\/100\n|switch|p1b: Baxcalibur|Baxcalibur, L50, M|100\/100\n|switch|p2a: Iron Bundle|Iron Bundle, L50|100\/100\n|switch|p2b: Abomasnow|Abomasnow, L50, F|100\/100\n|-weather|Snow|[from] ability: Snow Warning|[of] p2b: Abomasnow\n|-enditem|p2a: Iron Bundle|Booster Energy\n|-activate|p2a: Iron Bundle|ability: Quark Drive|[fromitem]\n|-start|p2a: Iron Bundle|quarkdrivespe\n|turn|1\n|\n|t:|1683829094\n|move|p2a: Iron Bundle|Aurora Veil|p2a: Iron Bundle\n|-sidestart|p2: tukey|move: Aurora Veil\n|move|p1b: Baxcalibur|Glaive Rush|p2a: Iron Bundle\n|-damage|p2a: Iron Bundle|68\/100\n|-singlemove|p1b: Baxcalibur|Glaive Rush|[silent]\n|move|p2b: Abomasnow|Energy Ball|p1a: Slowking\n|-supereffective|p1a: Slowking\n|-damage|p1a: Slowking|47\/100\n|move|p1a: Slowking|Flamethrower|p2b: Abomasnow\n|-supereffective|p2b: Abomasnow\n|-damage|p2b: Abomasnow|47\/100\n|\n|-weather|Snow|[upkeep]\n|-heal|p1a: Slowking|53\/100|[from] item: Leftovers\n|upkeep\n|turn|2\n|inactive|tukey has 30 seconds left.\n|\n|t:|1683829127\n|-terastallize|p2a: Iron Bundle|Ice\n|move|p1b: Baxcalibur|Protect|p1b: Baxcalibur\n|-singleturn|p1b: Baxcalibur|Protect\n|move|p2a: Iron Bundle|Blizzard|p1b: Baxcalibur|[spread] p1a\n|-activate|p1b: Baxcalibur|move: Protect\n|-resisted|p1a: Slowking\n|-damage|p1a: Slowking|35\/100\n|-status|p1a: Slowking|frz\n|move|p2b: Abomasnow|Energy Ball|p1a: Slowking\n|-supereffective|p1a: Slowking\n|-crit|p1a: Slowking\n|-damage|p1a: Slowking|0 fnt\n|faint|p1a: Slowking\n|\n|-weather|Snow|[upkeep]\n|upkeep\n|\n|t:|1683829146\n|switch|p1a: Azumarill|Azumarill, L50, M|100\/100\n|turn|3\n|\n|t:|1683829161\n|move|p2b: Abomasnow|Protect|p2b: Abomasnow\n|-singleturn|p2b: Abomasnow|Protect\n|move|p1b: Baxcalibur|Ice Shard|p2b: Abomasnow\n|-activate|p2b: Abomasnow|move: Protect\n|move|p1a: Azumarill|Aqua Jet|p2b: Abomasnow\n|-activate|p2b: Abomasnow|move: Protect\n|move|p2a: Iron Bundle|Blizzard|p1b: Baxcalibur|[spread] p1a,p1b\n|-resisted|p1a: Azumarill\n|-damage|p1a: Azumarill|83\/100\n|-damage|p1b: Baxcalibur|49\/100\n|\n|-weather|Snow|[upkeep]\n|upkeep\n|turn|4\n|\n|t:|1683829176\n|move|p2a: Iron Bundle|Blizzard|p1a: Azumarill|[spread] p1a,p1b\n|-resisted|p1a: Azumarill\n|-damage|p1a: Azumarill|65\/100\n|-damage|p1b: Baxcalibur|0 fnt\n|faint|p1b: Baxcalibur\n|move|p2b: Abomasnow|Energy Ball|p1a: Azumarill\n|-supereffective|p1a: Azumarill\n|-damage|p1a: Azumarill|11\/100\n|move|p1a: Azumarill|Ice Spinner|p2b: Abomasnow\n|-damage|p2b: Abomasnow|32\/100\n|\n|-weather|Snow|[upkeep]\n|upkeep\n|\n|t:|1683829187\n|switch|p1b: Glaceon|Glaceon, L50, M|100\/100\n|turn|5\n|\n|t:|1683829203\n|-terastallize|p1b: Glaceon|Fire\n|move|p2a: Iron Bundle|Blizzard|p1b: Glaceon|[spread] p1a,p1b\n|-resisted|p1a: Azumarill\n|-resisted|p1b: Glaceon\n|-damage|p1a: Azumarill|0 fnt\n|-damage|p1b: Glaceon|73\/100\n|faint|p1a: Azumarill\n|move|p2b: Abomasnow|Earth Power|p1b: Glaceon|[miss]\n|-miss|p2b: Abomasnow|p1b: Glaceon\n|move|p1b: Glaceon|Tera Blast|p2a: Iron Bundle\n|-supereffective|p2a: Iron Bundle\n|-damage|p2a: Iron Bundle|0 fnt\n|faint|p2a: Iron Bundle\n|-end|p2a: Iron Bundle|Quark Drive|[silent]\n|\n|-weather|none\n|-sideend|p2: tukey|move: Aurora Veil\n|upkeep\n|\n|t:|1683829214\n|switch|p2a: Ting-Lu|Ting-Lu, L50|100\/100\n|-ability|p2a: Ting-Lu|Vessel of Ruin\n|turn|6\n|\n|t:|1683829220\n|move|p2b: Abomasnow|Earth Power|p1b: Glaceon|[miss]\n|-miss|p2b: Abomasnow|p1b: Glaceon\n|move|p1b: Glaceon|Blizzard|p2b: Abomasnow|[spread] p2a,p2b\n|-supereffective|p2a: Ting-Lu\n|-damage|p2a: Ting-Lu|75\/100\n|-damage|p2b: Abomasnow|0 fnt\n|faint|p2b: Abomasnow\n|move|p2a: Ting-Lu|Stomping Tantrum|p1b: Glaceon\n|-supereffective|p1b: Glaceon\n|-damage|p1b: Glaceon|19\/100\n|\n|upkeep\n|\n|t:|1683829225\n|switch|p2b: Iron Hands|Iron Hands, L50|100\/100\n|turn|7\n|\n|t:|1683829232\n|move|p2b: Iron Hands|Fake Out|p1b: Glaceon\n|-damage|p1b: Glaceon|3\/100\n|cant|p1b: Glaceon|flinch\n|move|p2a: Ting-Lu|Stomping Tantrum|p1b: Glaceon\n|-supereffective|p1b: Glaceon\n|-damage|p1b: Glaceon|0 fnt\n|faint|p1b: Glaceon\n|\n|win|tukey\n|raw|DrMichaelBay's rating: 1229 → 1210<\/strong> (-19 for losing)\n|raw|tukey's rating: 1314 → 1329<\/strong> (+15 for winning)\n|c|\u2606DrMichaelBay|cringe\n|l|\u2606DrMichaelBay\n|c|\u2606tukey|same\n","uploadtime":1683829252,"views":11,"p1id":"drmichaelbay","p2id":"tukey","formatid":"gen9vgc2023regulationc","rating":1210,"private":0,"password":""}