{"id":"gen9vgc2023regulationc-1862203554","p1":"WallyTryHard","p2":"Radio Free C-Side","format":"[Gen 9] VGC 2023 Regulation C","log":"|j|\u2606WallyTryHard\n|j|\u2606Radio Free C-Side\n|t:|1683849027\n|gametype|doubles\n|player|p1|WallyTryHard|2|\n|player|p2|Radio Free C-Side|steven|\n|teamsize|p1|6\n|teamsize|p2|6\n|gen|9\n|tier|[Gen 9] VGC 2023 Regulation C\n|rated|Tournament battle\n|rule|Species Clause: Limit one of each Pok\u00e9mon\n|rule|Item Clause: Limit one of each item\n|clearpoke\n|poke|p1|Murkrow, L50, M|\n|poke|p1|Gholdengo, L50|\n|poke|p1|Chi-Yu, L50|\n|poke|p1|Flutter Mane, L50|\n|poke|p1|Great Tusk, L50|\n|poke|p1|Azumarill, L50, F|\n|poke|p2|Scizor, L50, F|\n|poke|p2|Baxcalibur, L50, M|\n|poke|p2|Chi-Yu, L50|\n|poke|p2|Murkrow, L50, F|\n|poke|p2|Maushold, L50|\n|poke|p2|Flutter Mane, L50|\n|teampreview|4\n|raw| Open Team Sheet for WallyTryHard<\/summary>Murkrow @ Eviolite Ability: Prankster Level: 50 Tera Type: Ghost - Foul Play - Tailwind - Sunny Day - Haze Gholdengo @ Sitrus Berry Ability: Good as Gold Level: 50 Tera Type: Water - Make It Rain - Shadow Ball - Nasty Plot - Protect Chi-Yu @ Choice Specs Ability: Beads of Ruin Level: 50 Tera Type: Grass - Heat Wave - Dark Pulse - Overheat - Tera Blast Flutter Mane @ Focus Sash Ability: Protosynthesis Level: 50 Tera Type: Fairy - Dazzling Gleam - Shadow Ball - Imprison - Trick Room Great Tusk @ Choice Scarf Ability: Protosynthesis Level: 50 Hidden Power: Fighting Tera Type: Steel - Earthquake - Headlong Rush - Close Combat - Rock Slide Azumarill @ Assault Vest Ability: Huge Power Level: 50 Tera Type: Grass - Liquidation - Ice Spinner - Tera Blast - Aqua Jet <\/details><\/div> Open Team Sheet for Radio Free C-Side<\/summary>Scizor @ Choice Band Ability: Technician Level: 50 Tera Type: Fire - Aerial Ace - Close Combat - Bullet Punch - U-turn Baxcalibur @ Clear Amulet Ability: Thermal Exchange Level: 50 Tera Type: Poison - Dragon Dance - Protect - Glaive Rush - Ice Shard Chi-Yu @ Eject Pack Ability: Beads of Ruin Level: 50 Tera Type: Fire - Overheat - Heat Wave - Dark Pulse - Protect Murkrow @ Eviolite Ability: Prankster Level: 50 Tera Type: Ghost - Sunny Day - Tailwind - Haze - Foul Play Maushold @ Safety Goggles Ability: Friend Guard Level: 50 Tera Type: Ghost - Follow Me - Encore - Super Fang - Protect Flutter Mane @ Choice Specs Ability: Protosynthesis Level: 50 Tera Type: Fairy - Moonblast - Dazzling Gleam - Shadow Ball - Power Gem <\/details><\/div>\n|inactive|Battle timer is ON: inactive players will automatically lose when time's up. (requested by WallyTryHard)\n|c|\u2606Radio Free C-Side|glhf\n|j| Beyontle\n|c|\u2606WallyTryHard|u2!\n|j| Garydosses\n|j| HakoboVGC\n|j| MatePod Testing\n|j| SeaWolfMikess\n|inactive|Radio Free C-Side has 60 seconds left.\n|\n|t:|1683849060\n|start\n|switch|p1a: Murkrow|Murkrow, L50, M|100\/100\n|switch|p1b: Gholdengo|Gholdengo, L50|100\/100\n|switch|p2a: Chi-Yu|Chi-Yu, L50|100\/100\n|switch|p2b: Murkrow|Murkrow, L50, F|100\/100\n|-ability|p2a: Chi-Yu|Beads of Ruin\n|turn|1\n|\n|t:|1683849071\n|-terastallize|p2a: Chi-Yu|Fire\n|-terastallize|p1b: Gholdengo|Water\n|move|p2b: Murkrow|Tailwind|p2b: Murkrow\n|-sidestart|p2: Radio Free C-Side|move: Tailwind\n|move|p1a: Murkrow|Tailwind|p1a: Murkrow\n|-sidestart|p1: WallyTryHard|move: Tailwind\n|move|p2a: Chi-Yu|Heat Wave|p1a: Murkrow|[spread] p1a,p1b\n|-resisted|p1b: Gholdengo\n|-damage|p1a: Murkrow|33\/100\n|-damage|p1b: Gholdengo|62\/100\n|move|p1b: Gholdengo|Make It Rain|p2a: Chi-Yu|[spread] p2a,p2b\n|-resisted|p2a: Chi-Yu\n|-damage|p2a: Chi-Yu|77\/100\n|-damage|p2b: Murkrow|43\/100\n|-unboost|p1b: Gholdengo|spa|1\n|\n|upkeep\n|turn|2\n|j| sonc27\n|\n|t:|1683849090\n|move|p1a: Murkrow|Haze|p1a: Murkrow\n|-clearallboost\n|move|p2a: Chi-Yu|Heat Wave|p1b: Gholdengo|[spread] p1a,p1b\n|-resisted|p1b: Gholdengo\n|-damage|p1a: Murkrow|0 fnt\n|-damage|p1b: Gholdengo|26\/100\n|-enditem|p1b: Gholdengo|Sitrus Berry|[eat]\n|-heal|p1b: Gholdengo|50\/100|[from] item: Sitrus Berry\n|faint|p1a: Murkrow\n|move|p2b: Murkrow|Foul Play|p1b: Gholdengo\n|-damage|p1b: Gholdengo|36\/100\n|move|p1b: Gholdengo|Shadow Ball|p2a: Chi-Yu\n|-damage|p2a: Chi-Yu|37\/100\n|\n|upkeep\n|\n|t:|1683849095\n|switch|p1a: Azumarill|Azumarill, L50, F|100\/100\n|turn|3\n|\n|t:|1683849103\n|move|p2b: Murkrow|Sunny Day|p2b: Murkrow\n|-weather|SunnyDay\n|move|p1a: Azumarill|Aqua Jet|p2a: Chi-Yu\n|-supereffective|p2a: Chi-Yu\n|-damage|p2a: Chi-Yu|8\/100\n|move|p2a: Chi-Yu|Heat Wave|p1b: Gholdengo|[spread] p1a,p1b\n|-resisted|p1a: Azumarill\n|-resisted|p1b: Gholdengo\n|-damage|p1a: Azumarill|63\/100\n|-damage|p1b: Gholdengo|0 fnt\n|faint|p1b: Gholdengo\n|\n|-weather|SunnyDay|[upkeep]\n|upkeep\n|\n|t:|1683849105\n|switch|p1b: Great Tusk|Great Tusk, L50|100\/100\n|-activate|p1b: Great Tusk|ability: Protosynthesis\n|-start|p1b: Great Tusk|protosynthesisatk\n|turn|4\n|j| Benassiesto\n|\n|t:|1683849125\n|move|p2a: Chi-Yu|Protect|p2a: Chi-Yu\n|-singleturn|p2a: Chi-Yu|Protect\n|move|p1b: Great Tusk|Headlong Rush|p2a: Chi-Yu\n|-activate|p2a: Chi-Yu|move: Protect\n|move|p2b: Murkrow|Foul Play|p1b: Great Tusk\n|-resisted|p1b: Great Tusk\n|-damage|p1b: Great Tusk|83\/100\n|move|p1a: Azumarill|Ice Spinner|p2b: Murkrow\n|-supereffective|p2b: Murkrow\n|-damage|p2b: Murkrow|0 fnt\n|faint|p2b: Murkrow\n|\n|-weather|SunnyDay|[upkeep]\n|-sideend|p2: Radio Free C-Side|move: Tailwind\n|-sideend|p1: WallyTryHard|move: Tailwind\n|upkeep\n|\n|t:|1683849136\n|switch|p2b: Scizor|Scizor, L50, F|100\/100\n|turn|5\n|\n|t:|1683849147\n|move|p1a: Azumarill|Aqua Jet|p2a: Chi-Yu\n|-supereffective|p2a: Chi-Yu\n|-damage|p2a: Chi-Yu|0 fnt\n|faint|p2a: Chi-Yu\n|move|p1b: Great Tusk|Headlong Rush|p2b: Scizor\n|-damage|p2b: Scizor|17\/100\n|-unboost|p1b: Great Tusk|def|1\n|-unboost|p1b: Great Tusk|spd|1\n|move|p2b: Scizor|Aerial Ace|p1a: Azumarill\n|-damage|p1a: Azumarill|12\/100\n|\n|-weather|SunnyDay|[upkeep]\n|upkeep\n|\n|t:|1683849150\n|switch|p2a: Baxcalibur|Baxcalibur, L50, M|100\/100\n|turn|6\n|\n|t:|1683849172\n|move|p2a: Baxcalibur|Ice Shard|p1a: Azumarill\n|-resisted|p1a: Azumarill\n|-damage|p1a: Azumarill|2\/100\n|move|p1a: Azumarill|Aqua Jet|p2b: Scizor\n|-damage|p2b: Scizor|7\/100\n|move|p1b: Great Tusk|Headlong Rush|p2a: Baxcalibur\n|-damage|p2a: Baxcalibur|19\/100\n|-unboost|p1b: Great Tusk|def|1\n|-unboost|p1b: Great Tusk|spd|1\n|move|p2b: Scizor|Aerial Ace|p1b: Great Tusk\n|-supereffective|p1b: Great Tusk\n|-crit|p1b: Great Tusk\n|-damage|p1b: Great Tusk|0 fnt\n|faint|p1b: Great Tusk\n|-end|p1b: Great Tusk|Protosynthesis|[silent]\n|\n|-weather|SunnyDay|[upkeep]\n|upkeep\n|turn|7\n|c|\u2606WallyTryHard|ggwp\n|\n|t:|1683849186\n|move|p2a: Baxcalibur|Ice Shard|p1a: Azumarill\n|-resisted|p1a: Azumarill\n|-damage|p1a: Azumarill|0 fnt\n|faint|p1a: Azumarill\n|\n|win|Radio Free C-Side\n|n|\u2606WallyTryHard|wallytryhard\n|n|\u2606Radio Free C-Side|radiofreecside\n|n| Beyontle|beyontle\n|n| Garydosses|garydosses\n|n| HakoboVGC|hakobovgc\n|n| MatePod Testing|matepodtesting\n|n| SeaWolfMikess|seawolfmikess\n|n| sonc27|sonc27\n|n| Benassiesto|benassiesto\n","uploadtime":1683849187,"views":8,"p1id":"wallytryhard","p2id":"radiofreecside","formatid":"gen9vgc2023regulationc","rating":0,"private":0,"password":""}