{"id":"gen9vgc2023regulationc-1848218622","p1":"xffgffxdf","p2":"penny my beloved","format":"[Gen 9] VGC 2023 Regulation C","log":"|j|\u2606xffgffxdf\n|j|\u2606penny my beloved\n|t:|1682043927\n|gametype|doubles\n|player|p1|xffgffxdf|169|1087\n|player|p2|penny my beloved|penny|1159\n|teamsize|p1|6\n|teamsize|p2|6\n|gen|9\n|tier|[Gen 9] VGC 2023 Regulation C\n|rated|\n|rule|Species Clause: Limit one of each Pok\u00e9mon\n|rule|Item Clause: Limit one of each item\n|clearpoke\n|poke|p1|Chi-Yu, L50|\n|poke|p1|Dachsbun, L50, M|\n|poke|p1|Dragonite, L50, M|\n|poke|p1|Flutter Mane, L50|\n|poke|p1|Azumarill, L50, F|\n|poke|p1|Chien-Pao, L50|\n|poke|p2|Palafin, L50, M|\n|poke|p2|Amoonguss, L50, M|\n|poke|p2|Arcanine, L50, M|\n|poke|p2|Flutter Mane, L50|\n|poke|p2|Ting-Lu, L50|\n|poke|p2|Roaring Moon, L50|\n|teampreview|4\n|inactive|Battle timer is ON: inactive players will automatically lose when time's up. (requested by penny my beloved)\nxffgffxdf rejected open team sheets.\n|inactive|penny my beloved has 60 seconds left.\n|\n|t:|1682043964\n|start\n|switch|p1a: Chi-Yu|Chi-Yu, L50|100\/100\n|switch|p1b: Dachsbun|Dachsbun, L50, M|100\/100\n|switch|p2a: Palafin|Palafin, L50, M|100\/100\n|switch|p2b: Ting-Lu|Ting-Lu, L50|100\/100\n|-ability|p1a: Chi-Yu|Beads of Ruin\n|-ability|p2b: Ting-Lu|Vessel of Ruin\n|turn|1\n|\n|t:|1682043988\n|-terastallize|p2a: Palafin|Water\n|move|p1a: Chi-Yu|Lava Plume|p2b: Ting-Lu|[spread] p2a,p2b\n|-ability|p1b: Dachsbun|Well-Baked Body|boost\n|-boost|p1b: Dachsbun|def|2\n|-resisted|p2a: Palafin\n|-damage|p2a: Palafin|82\/100\n|-damage|p2b: Ting-Lu|88\/100\n|move|p2a: Palafin|Wave Crash|p1a: Chi-Yu\n|-supereffective|p1a: Chi-Yu\n|-damage|p1a: Chi-Yu|0 fnt\n|faint|p1a: Chi-Yu\n|-damage|p2a: Palafin|60\/100|[from] Recoil\n|move|p1b: Dachsbun|Body Press|p2b: Ting-Lu\n|-supereffective|p2b: Ting-Lu\n|-damage|p2b: Ting-Lu|39\/100\n|move|p2b: Ting-Lu|Ruination|p1b: Dachsbun\n|-damage|p1b: Dachsbun|50\/100\n|\n|-heal|p1b: Dachsbun|57\/100|[from] item: Leftovers\n|upkeep\n|inactive|xffgffxdf has 30 seconds left.\n|inactive|xffgffxdf has 20 seconds left.\n|\n|t:|1682044027\n|switch|p1a: Chien-Pao|Chien-Pao, L50|100\/100\n|-ability|p1a: Chien-Pao|Sword of Ruin\n|turn|2\n|inactive|penny my beloved has 30 seconds left.\n|inactive|penny my beloved has 20 seconds left.\n|inactive|penny my beloved has 15 seconds left.\n|\n|t:|1682044069\n|move|p1a: Chien-Pao|Sucker Punch||[still]\n|-fail|p1a: Chien-Pao\n|move|p2a: Palafin|Haze|p2a: Palafin\n|-clearallboost\n|move|p1b: Dachsbun|Body Press|p2b: Ting-Lu\n|-supereffective|p2b: Ting-Lu\n|-damage|p2b: Ting-Lu|7\/100\n|move|p2b: Ting-Lu|Stomping Tantrum|p1a: Chien-Pao\n|-damage|p1a: Chien-Pao|52\/100\n|\n|-heal|p1b: Dachsbun|63\/100|[from] item: Leftovers\n|upkeep\n|turn|3\n|\n|t:|1682044092\n|detailschange|p2a: Palafin|Palafin-Hero, L50, M, tera:Water\n|switch|p2a: Flutter Mane|Flutter Mane, L50, shiny|100\/100\n|switch|p2b: Amoonguss|Amoonguss, L50, M|100\/100\n|move|p1a: Chien-Pao|Ice Spinner|p2b: Amoonguss\n|-supereffective|p2b: Amoonguss\n|-damage|p2b: Amoonguss|15\/100\n|-enditem|p2b: Amoonguss|Sitrus Berry|[eat]\n|-heal|p2b: Amoonguss|39\/100|[from] item: Sitrus Berry\n|move|p1b: Dachsbun|Yawn|p2a: Flutter Mane\n|-start|p2a: Flutter Mane|move: Yawn|[of] p1b: Dachsbun\n|\n|-heal|p1b: Dachsbun|69\/100|[from] item: Leftovers\n|upkeep\n|turn|4\n|inactive|xffgffxdf has 30 seconds left.\n|inactive|penny my beloved has 30 seconds left.\n|inactive|xffgffxdf has 20 seconds left.\n|inactive|xffgffxdf has 15 seconds left.\n|inactive|xffgffxdf has 10 seconds left.\n|inactive|xffgffxdf has 5 seconds left.\n|\n|t:|1682044147\n|move|p1a: Chien-Pao|Ice Spinner|p2b: Amoonguss\n|-supereffective|p2b: Amoonguss\n|-damage|p2b: Amoonguss|0 fnt\n|faint|p2b: Amoonguss\n|move|p2a: Flutter Mane|Dazzling Gleam|p1a: Chien-Pao|[spread] p1a,p1b\n|-supereffective|p1a: Chien-Pao\n|-damage|p1a: Chien-Pao|0 fnt\n|-damage|p1b: Dachsbun|30\/100\n|faint|p1a: Chien-Pao\n|move|p1b: Dachsbun|Body Press|p2a: Flutter Mane\n|-immune|p2a: Flutter Mane\n|\n|-heal|p1b: Dachsbun|36\/100|[from] item: Leftovers\n|-end|p2a: Flutter Mane|move: Yawn|[silent]\n|-status|p2a: Flutter Mane|slp\n|upkeep\n|inactive|xffgffxdf has 30 seconds left.\n|inactive|xffgffxdf has 20 seconds left.\n|inactive|xffgffxdf has 15 seconds left.\n|inactive|xffgffxdf has 10 seconds left.\n|inactive|xffgffxdf has 5 seconds left.\n|\n|t:|1682044202\n|switch|p1a: Azumarill|Azumarill, L50, F|100\/100\n|switch|p2b: Palafin|Palafin-Hero, L50, M, tera:Water|60\/100\n|-activate|p2b: Palafin|ability: Zero to Hero\n|turn|5\n|inactive|xffgffxdf has 30 seconds left.\n|inactive|xffgffxdf has 20 seconds left.\n|inactive|xffgffxdf has 15 seconds left.\n|inactive|xffgffxdf has 10 seconds left.\n|inactive|xffgffxdf has 5 seconds left.\n|\n|t:|1682044257\n|cant|p2a: Flutter Mane|slp\n|move|p2b: Palafin|Wave Crash|p1a: Azumarill\n|-resisted|p1a: Azumarill\n|-damage|p1a: Azumarill|38\/100\n|-damage|p2b: Palafin|39\/100|[from] Recoil\n|move|p1b: Dachsbun|Body Press|p2a: Flutter Mane\n|-immune|p2a: Flutter Mane\n|move|p1a: Azumarill|Liquidation|p2b: Palafin\n|-resisted|p2b: Palafin\n|-damage|p2b: Palafin|15\/100\n|\n|-heal|p1b: Dachsbun|43\/100|[from] item: Leftovers\n|upkeep\n|turn|6\n|inactive|xffgffxdf has 30 seconds left.\n|inactive|xffgffxdf has 20 seconds left.\n|inactive|xffgffxdf has 15 seconds left.\n|inactive|xffgffxdf has 10 seconds left.\n|inactive|xffgffxdf has 5 seconds left.\n|\n|t:|1682044312\n|-curestatus|p2a: Flutter Mane|slp|[msg]\n|move|p2a: Flutter Mane|Dazzling Gleam|p1b: Dachsbun|[spread] p1a,p1b\n|-crit|p1b: Dachsbun\n|-damage|p1a: Azumarill|0 fnt\n|-damage|p1b: Dachsbun|0 fnt\n|faint|p1a: Azumarill\n|faint|p1b: Dachsbun\n|\n|win|penny my beloved\n|raw|xffgffxdf's rating: 1087 → 1069<\/strong> (-18 for losing)\n|raw|penny my beloved's rating: 1159 → 1179<\/strong> (+20 for winning)\n|c|\u2606penny my beloved|gg\n","uploadtime":1682044343,"views":10,"p1id":"xffgffxdf","p2id":"pennymybeloved","formatid":"gen9vgc2023regulationc","rating":1069,"private":0,"password":""}