{"id":"gen9vgc2023regulationc-1848154372","p1":"Jamtarokun","p2":"WillieDangerously","format":"[Gen 9] VGC 2023 Regulation C","log":"|j|\u2606Jamtarokun\n|j|\u2606WillieDangerously\n|t:|1682036104\n|gametype|doubles\n|player|p1|Jamtarokun|cheryl|1255\n|player|p2|WillieDangerously|psychic-gen4|1195\n|teamsize|p1|6\n|teamsize|p2|6\n|gen|9\n|tier|[Gen 9] VGC 2023 Regulation C\n|rated|\n|rule|Species Clause: Limit one of each Pok\u00e9mon\n|rule|Item Clause: Limit one of each item\n|clearpoke\n|poke|p1|Torkoal, L50, M|\n|poke|p1|Cetitan, L50, M|\n|poke|p1|Annihilape, L50, F|\n|poke|p1|Corviknight, L50, F|\n|poke|p1|Farigiraf, L50, F|\n|poke|p1|Lilligant, L50, F|\n|poke|p2|Espathra, L50, F|\n|poke|p2|Iron Bundle, L50|\n|poke|p2|Iron Valiant, L50|\n|poke|p2|Salamence, L50, F|\n|poke|p2|Scizor, L50, F|\n|poke|p2|Sandy Shocks, L50|\n|teampreview|4\n|inactive|Battle timer is ON: inactive players will automatically lose when time's up. (requested by Jamtarokun)\nJamtarokun rejected open team sheets.\n|inactive|WillieDangerously has 60 seconds left.\n|\n|t:|1682036165\n|start\n|switch|p1a: Annihilape|Annihilape, L50, F|100\/100\n|switch|p1b: Farigiraf|Farigiraf, L50, F|100\/100\n|switch|p2a: Iron Valiant|Iron Valiant, L50|100\/100\n|switch|p2b: Sandy Shocks|Sandy Shocks, L50|100\/100\n|-enditem|p2b: Sandy Shocks|Booster Energy\n|-activate|p2b: Sandy Shocks|ability: Protosynthesis|[fromitem]\n|-start|p2b: Sandy Shocks|protosynthesisspe\n|turn|1\n|\n|t:|1682036184\n|move|p1a: Annihilape|Protect|p1a: Annihilape\n|-singleturn|p1a: Annihilape|Protect\n|move|p2b: Sandy Shocks|Gravity|p2b: Sandy Shocks\n|-fieldstart|move: Gravity\n|move|p2a: Iron Valiant|Hypnosis|p1b: Farigiraf\n|-status|p1b: Farigiraf|slp|[from] move: Hypnosis\n|cant|p1b: Farigiraf|slp\n|\n|upkeep\n|turn|2\n|inactive|Jamtarokun has 30 seconds left.\n|inactive|Jamtarokun has 20 seconds left.\n|inactive|Jamtarokun has 15 seconds left.\n|\n|t:|1682036225\n|move|p2b: Sandy Shocks|Thunder|p1b: Farigiraf\n|-damage|p1b: Farigiraf|50\/100 slp\n|move|p2a: Iron Valiant|Hypnosis|p1a: Annihilape\n|-status|p1a: Annihilape|slp|[from] move: Hypnosis\n|cant|p1a: Annihilape|slp\n|-curestatus|p1b: Farigiraf|slp|[msg]\n|move|p1b: Farigiraf|Trick Room|p1b: Farigiraf\n|-fieldstart|move: Trick Room|[of] p1b: Farigiraf\n|\n|upkeep\n|turn|3\n|\n|t:|1682036248\n|-terastallize|p2a: Iron Valiant|Fairy\n|move|p1b: Farigiraf|Beat Up|p1a: Annihilape\n|-damage|p1a: Annihilape|98\/100 slp\n|-damage|p1a: Annihilape|95\/100 slp\n|-damage|p1a: Annihilape|92\/100 slp\n|-hitcount|p1a: Annihilape|3\n|cant|p1a: Annihilape|slp\n|move|p2a: Iron Valiant|Moonblast|p1a: Annihilape\n|-supereffective|p1a: Annihilape\n|-damage|p1a: Annihilape|0 fnt\n|faint|p1a: Annihilape\n|move|p2b: Sandy Shocks|Thunder|p1b: Farigiraf\n|-damage|p1b: Farigiraf|5\/100\n|\n|upkeep\n|\n|t:|1682036256\n|switch|p1a: Torkoal|Torkoal, L50, M|100\/100\n|-weather|SunnyDay|[from] ability: Drought|[of] p1a: Torkoal\n|turn|4\n|inactive|WillieDangerously has 30 seconds left.\n|\n|t:|1682036285\n|-terastallize|p1a: Torkoal|Fire\n|move|p2a: Iron Valiant|Protect|p2a: Iron Valiant\n|-singleturn|p2a: Iron Valiant|Protect\n|move|p2b: Sandy Shocks|Protect|p2b: Sandy Shocks\n|-singleturn|p2b: Sandy Shocks|Protect\n|move|p1a: Torkoal|Eruption|p2b: Sandy Shocks|[spread] \n|-activate|p2a: Iron Valiant|move: Protect\n|-activate|p2b: Sandy Shocks|move: Protect\n|move|p1b: Farigiraf|Psychic|p2b: Sandy Shocks\n|-activate|p2b: Sandy Shocks|move: Protect\n|\n|-weather|SunnyDay|[upkeep]\n|upkeep\n|turn|5\n|\n|t:|1682036305\n|-end|p2b: Sandy Shocks|Protosynthesis|[silent]\n|switch|p2b: Salamence|Salamence, L50, F|100\/100\n|move|p1a: Torkoal|Eruption|p2a: Iron Valiant|[spread] p2a,p2b\n|-resisted|p2b: Salamence\n|-enditem|p2a: Iron Valiant|Focus Sash\n|-damage|p2a: Iron Valiant|1\/100\n|-damage|p2b: Salamence|26\/100\n|move|p1b: Farigiraf|Psychic|p2b: Salamence\n|-damage|p2b: Salamence|0 fnt\n|faint|p2b: Salamence\n|move|p2a: Iron Valiant|Focus Blast|p1a: Torkoal\n|-damage|p1a: Torkoal|17\/100\n|\n|-weather|SunnyDay|[upkeep]\n|-fieldend|move: Gravity\n|upkeep\n|\n|t:|1682036322\n|switch|p2b: Scizor|Scizor, L50, F|100\/100\n|turn|6\n|inactive|WillieDangerously has 30 seconds left.\n|inactive|WillieDangerously has 20 seconds left.\n|inactive|WillieDangerously has 15 seconds left.\n|\n|t:|1682036362\n|-end|p2a: Iron Valiant|Quark Drive|[silent]\n|switch|p2a: Sandy Shocks|Sandy Shocks, L50|100\/100\n|-activate|p2a: Sandy Shocks|ability: Protosynthesis\n|-start|p2a: Sandy Shocks|protosynthesisspe\n|move|p1a: Torkoal|Eruption|p2b: Scizor|[spread] p2a,p2b\n|-supereffective|p2b: Scizor\n|-damage|p2a: Sandy Shocks|78\/100\n|-damage|p2b: Scizor|0 fnt\n|faint|p2b: Scizor\n|move|p1b: Farigiraf|Psychic|p2a: Sandy Shocks\n|-damage|p2a: Sandy Shocks|34\/100\n|\n|-weather|SunnyDay|[upkeep]\n|-fieldend|move: Trick Room\n|upkeep\n|\n|t:|1682036375\n|switch|p2b: Iron Valiant|Iron Valiant, L50, tera:Fairy|1\/100\n|turn|7\n|\n|t:|1682036382\n|move|p1b: Farigiraf|Ally Switch|p1b: Farigiraf\n|swap|p1b: Farigiraf|0|[from] move: Ally Switch\n|move|p2a: Sandy Shocks|Earth Power|p1a: Farigiraf\n|-crit|p1a: Farigiraf\n|-damage|p1a: Farigiraf|0 fnt\n|faint|p1a: Farigiraf\n|move|p2b: Iron Valiant|Moonblast|p1b: Torkoal\n|-resisted|p1b: Torkoal\n|-damage|p1b: Torkoal|0 fnt\n|faint|p1b: Torkoal\n|\n|-weather|SunnyDay|[upkeep]\n|upkeep\n|\n|t:|1682036389\n|switch|p1b: Corviknight|Corviknight, L50, F|100\/100\n|turn|8\n|\n|t:|1682036404\n|move|p2a: Sandy Shocks|Gravity|p2a: Sandy Shocks\n|-fieldstart|move: Gravity\n|move|p2b: Iron Valiant|Hypnosis|p1b: Corviknight\n|-status|p1b: Corviknight|slp|[from] move: Hypnosis\n|cant|p1b: Corviknight|slp\n|\n|-weather|none\n|-end|p2a: Sandy Shocks|Protosynthesis\n|upkeep\n|turn|9\n|\n|t:|1682036410\n|move|p2b: Iron Valiant|Focus Blast|p1b: Corviknight\n|-damage|p1b: Corviknight|38\/100 slp\n|move|p2a: Sandy Shocks|Earth Power|p1b: Corviknight\n|-supereffective|p1b: Corviknight\n|-damage|p1b: Corviknight|0 fnt\n|faint|p1b: Corviknight\n|\n|win|WillieDangerously\n|raw|Jamtarokun's rating: 1255 → 1226<\/strong> (-29 for losing)\n|raw|WillieDangerously's rating: 1195 → 1224<\/strong> (+29 for winning)\n|l|\u2606Jamtarokun\n","uploadtime":1682036417,"views":5,"p1id":"jamtarokun","p2id":"williedangerously","formatid":"gen9vgc2023regulationc","rating":1224,"private":0,"password":""}