{"id":"gen9vgc2023regulationc-1853113128","p1":"mathtass","p2":"kepogue","format":"[Gen 9] VGC 2023 Regulation C","log":"|j|\u2606mathtass\n|j|\u2606kepogue\n|t:|1682636740\n|gametype|doubles\n|player|p1|mathtass|101|1318\n|player|p2|kepogue|hiker-gen4|1285\n|teamsize|p1|6\n|teamsize|p2|6\n|gen|9\n|tier|[Gen 9] VGC 2023 Regulation C\n|rated|\n|rule|Species Clause: Limit one of each Pok\u00e9mon\n|rule|Item Clause: Limit one of each item\n|clearpoke\n|poke|p1|Amoonguss, L50, F|\n|poke|p1|Chi-Yu, L50|\n|poke|p1|Arcanine, L50, M|\n|poke|p1|Dragonite, L50, F|\n|poke|p1|Flutter Mane, L50|\n|poke|p1|Iron Hands, L50|\n|poke|p2|Glimmora, L50, M|\n|poke|p2|Gyarados, L50, M|\n|poke|p2|Pelipper, L50, M|\n|poke|p2|Gallade, L50, M|\n|poke|p2|Jolteon, L50, M|\n|poke|p2|Iron Treads, L50|\n|teampreview|4\n|inactive|Battle timer is ON: inactive players will automatically lose when time's up. (requested by kepogue)\nmathtass has agreed to open team sheets.\n|inactive|kepogue has 60 seconds left.\n|\n|t:|1682636771\n|start\n|switch|p1a: Chi-Yu|Chi-Yu, L50|100\/100\n|switch|p1b: Flutter Mane|Flutter Mane, L50|100\/100\n|switch|p2a: Pelipper|Pelipper, L50, M, shiny|100\/100\n|switch|p2b: Glimmora|Glimmora, L50, M, shiny|100\/100\n|-ability|p1a: Chi-Yu|Beads of Ruin\n|-weather|RainDance|[from] ability: Drizzle|[of] p2a: Pelipper\n|turn|1\n|inactive|mathtass has 30 seconds left.\n|\n|t:|1682636798\n|move|p2a: Pelipper|Wide Guard|p2a: Pelipper\n|-singleturn|p2a: Pelipper|Wide Guard\n|move|p1b: Flutter Mane|Moonblast|p2a: Pelipper\n|-damage|p2a: Pelipper|19\/100\n|move|p1a: Chi-Yu|Dark Pulse|p2a: Pelipper\n|-damage|p2a: Pelipper|0 fnt\n|faint|p2a: Pelipper\n|-damage|p1a: Chi-Yu|90\/100|[from] item: Life Orb\n|move|p2b: Glimmora|Mortal Spin|p1a: Chi-Yu|[spread] p1a,p1b\n|-damage|p1a: Chi-Yu|84\/100\n|-damage|p1b: Flutter Mane|91\/100\n|-status|p1a: Chi-Yu|psn\n|-status|p1b: Flutter Mane|psn\n|\n|-weather|RainDance|[upkeep]\n|-damage|p1b: Flutter Mane|79\/100 psn|[from] psn\n|-damage|p1a: Chi-Yu|71\/100 psn|[from] psn\n|upkeep\n|\n|t:|1682636817\n|switch|p2a: Jolteon|Jolteon, L50, M|100\/100\n|turn|2\n|\n|t:|1682636825\n|move|p2a: Jolteon|Protect|p2a: Jolteon\n|-singleturn|p2a: Jolteon|Protect\n|move|p1b: Flutter Mane|Shadow Ball|p2b: Glimmora\n|-crit|p2b: Glimmora\n|-damage|p2b: Glimmora|40\/100\n|move|p1a: Chi-Yu|Dark Pulse|p2b: Glimmora\n|-damage|p2b: Glimmora|0 fnt\n|faint|p2b: Glimmora\n|-damage|p1a: Chi-Yu|61\/100 psn|[from] item: Life Orb\n|\n|-weather|RainDance|[upkeep]\n|-damage|p1b: Flutter Mane|67\/100 psn|[from] psn\n|-damage|p1a: Chi-Yu|49\/100 psn|[from] psn\n|-status|p2a: Jolteon|brn|[from] item: Flame Orb\n|upkeep\n|\n|t:|1682636841\n|switch|p2b: Iron Treads|Iron Treads, L50|100\/100\n|-enditem|p2b: Iron Treads|Booster Energy\n|-activate|p2b: Iron Treads|ability: Quark Drive|[fromitem]\n|-start|p2b: Iron Treads|quarkdrivespe\n|turn|3\n|\n|t:|1682636853\n|move|p2b: Iron Treads|Iron Head|p1b: Flutter Mane\n|-supereffective|p1b: Flutter Mane\n|-damage|p1b: Flutter Mane|0 fnt\n|faint|p1b: Flutter Mane\n|-end|p1b: Flutter Mane|Protosynthesis|[silent]\n|move|p2a: Jolteon|Thunder|p1a: Chi-Yu\n|-damage|p1a: Chi-Yu|0 fnt\n|faint|p1a: Chi-Yu\n|\n|-weather|RainDance|[upkeep]\n|-damage|p2a: Jolteon|95\/100 brn|[from] brn\n|upkeep\n|\n|t:|1682636859\n|switch|p1b: Arcanine|Arcanine, L50, M|100\/100\n|switch|p1a: Dragonite|Dragonite, L50, F|100\/100\n|-ability|p1b: Arcanine|Intimidate|boost\n|-unboost|p2a: Jolteon|atk|1\n|-unboost|p2b: Iron Treads|atk|1\n|turn|4\n|\n|t:|1682636878\n|-terastallize|p1a: Dragonite|Flying\n|move|p2b: Iron Treads|Protect|p2b: Iron Treads\n|-singleturn|p2b: Iron Treads|Protect\n|move|p2a: Jolteon|Discharge|p1b: Arcanine|[spread] p1a,p1b\n|-activate|p2b: Iron Treads|move: Protect\n|-supereffective|p1a: Dragonite\n|-damage|p1a: Dragonite|70\/100\n|-damage|p1b: Arcanine|70\/100\n|move|p1b: Arcanine|Flare Blitz|p2b: Iron Treads\n|-activate|p2b: Iron Treads|move: Protect\n|move|p1a: Dragonite|Tera Blast|p2a: Jolteon\n|-resisted|p2a: Jolteon\n|-damage|p2a: Jolteon|47\/100 brn\n|\n|-weather|RainDance|[upkeep]\n|-damage|p2a: Jolteon|41\/100 brn|[from] brn\n|upkeep\n|turn|5\n|inactive|kepogue has 30 seconds left.\n|inactive|kepogue has 20 seconds left.\n|\n|t:|1682636916\n|-terastallize|p2b: Iron Treads|Ground\n|move|p2a: Jolteon|Protect|p2a: Jolteon\n|-singleturn|p2a: Jolteon|Protect\n|move|p1a: Dragonite|Extreme Speed|p2a: Jolteon\n|-activate|p2a: Jolteon|move: Protect\n|move|p2b: Iron Treads|Earthquake|p1a: Dragonite|[spread] p1b\n|-activate|p2a: Jolteon|move: Protect\n|-immune|p1a: Dragonite\n|-supereffective|p1b: Arcanine\n|-damage|p1b: Arcanine|11\/100\n|-enditem|p1b: Arcanine|Sitrus Berry|[eat]\n|-heal|p1b: Arcanine|36\/100|[from] item: Sitrus Berry\n|move|p1b: Arcanine|Flare Blitz|p2b: Iron Treads\n|-damage|p2b: Iron Treads|78\/100\n|-damage|p1b: Arcanine|29\/100|[from] Recoil\n|\n|-weather|RainDance|[upkeep]\n|-damage|p2a: Jolteon|35\/100 brn|[from] brn\n|upkeep\n|turn|6\n|inactive|kepogue has 30 seconds left.\n|\n|t:|1682636943\n|move|p1a: Dragonite|Extreme Speed|p2a: Jolteon\n|-damage|p2a: Jolteon|0 fnt\n|faint|p2a: Jolteon\n|move|p2b: Iron Treads|Iron Head|p1a: Dragonite\n|-damage|p1a: Dragonite|45\/100\n|move|p1b: Arcanine|Howl|p1b: Arcanine|[spread] p1a,p1b\n|-boost|p1a: Dragonite|atk|1\n|-boost|p1b: Arcanine|atk|1\n|\n|-weather|RainDance|[upkeep]\n|upkeep\n|turn|7\n|\n|t:|1682636965\n|move|p2b: Iron Treads|Earthquake|p1a: Dragonite|[spread] p1b\n|-immune|p1a: Dragonite\n|-supereffective|p1b: Arcanine\n|-damage|p1b: Arcanine|0 fnt\n|faint|p1b: Arcanine\n|move|p1a: Dragonite|Ice Spinner|p2b: Iron Treads\n|-supereffective|p2b: Iron Treads\n|-damage|p2b: Iron Treads|0 fnt\n|faint|p2b: Iron Treads\n|-end|p2b: Iron Treads|Quark Drive|[silent]\n|\n|win|mathtass\n|raw|mathtass's rating: 1318 → 1336<\/strong> (+18 for winning)\n|raw|kepogue's rating: 1285 → 1262<\/strong> (-23 for losing)\n","uploadtime":1682636970,"views":10,"p1id":"mathtass","p2id":"kepogue","formatid":"gen9vgc2023regulationc","rating":1262,"private":0,"password":""}