{"id":"gen9vgc2023regulationc-1859795121","p1":"justincl19","p2":"5wamp","format":"[Gen 9] VGC 2023 Regulation C","log":"|j|\u2606justincl19\n|j|\u26065wamp\n|t:|1683565170\n|gametype|doubles\n|player|p1|justincl19|2|\n|player|p2|5wamp|boarder|\n|teamsize|p1|6\n|teamsize|p2|6\n|gen|9\n|tier|[Gen 9] VGC 2023 Regulation C\n|rule|Species Clause: Limit one of each Pok\u00e9mon\n|rule|Item Clause: Limit one of each item\n|clearpoke\n|poke|p1|Morgrem, L50, M|\n|poke|p1|Glalie, L50, F|\n|poke|p1|Toedscruel, L50, M|\n|poke|p1|Rabsca, L50, F|\n|poke|p1|Rotom-Mow, L50|\n|poke|p1|Grafaiai, L50, M|\n|poke|p2|Foongus, L50, M|\n|poke|p2|Camerupt, L50, F|\n|poke|p2|Crabominable, L50, M|\n|poke|p2|Rabsca, L50, F|\n|poke|p2|Toedscruel, L50, F|\n|poke|p2|Stantler, L50, M|\n|teampreview|4\n|c|\u26065wamp|glhf\n5wamp has agreed to open team sheets.\n|c|\u2606justincl19|glhf\n|c|\u26065wamp|mb dont accept\n|c|\u26065wamp|lmao\n|j| Griffin07\n|c|\u2606justincl19|?\n|c|\u26065wamp|accident\n|\n|t:|1683565229\n|start\n|switch|p1a: Glalie|Glalie, L50, F|100\/100\n|switch|p1b: Toedscruel|Toedscruel, L50, M|100\/100\n|switch|p2a: Stantler|Stantler, L50, M|100\/100\n|switch|p2b: Camerupt|Camerupt, L50, F|100\/100\n|-ability|p2a: Stantler|Intimidate|boost\n|-unboost|p1a: Glalie|atk|1\n|-unboost|p1b: Toedscruel|atk|1\n|turn|1\n|\n|t:|1683565253\n|-terastallize|p1b: Toedscruel|Water\n|move|p1a: Glalie|Protect|p1a: Glalie\n|-singleturn|p1a: Glalie|Protect\n|move|p2b: Camerupt|Protect|p2b: Camerupt\n|-singleturn|p2b: Camerupt|Protect\n|move|p2a: Stantler|Hypnosis|p1b: Toedscruel|[miss]\n|-miss|p2a: Stantler|p1b: Toedscruel\n|move|p1b: Toedscruel|Spore|p2a: Stantler\n|-status|p2a: Stantler|slp|[from] move: Spore\n|\n|-ability|p1a: Glalie|Moody|boost\n|-boost|p1a: Glalie|def|2\n|-unboost|p1a: Glalie|spd|1\n|upkeep\n|turn|2\n|\n|t:|1683565281\n|switch|p2b: Rabsca|Rabsca, L50, F|100\/100\n|move|p1b: Toedscruel|Earth Power|p2b: Rabsca\n|-resisted|p2b: Rabsca\n|-damage|p2b: Rabsca|88\/100\n|move|p1a: Glalie|Substitute|p1a: Glalie\n|-start|p1a: Glalie|Substitute\n|-damage|p1a: Glalie|75\/100\n|cant|p2a: Stantler|slp\n|\n|-heal|p1a: Glalie|81\/100|[from] item: Leftovers\n|-ability|p1a: Glalie|Moody|boost\n|-boost|p1a: Glalie|spd|2\n|-unboost|p1a: Glalie|spe|1\n|upkeep\n|turn|3\n|\n|t:|1683565303\n|-curestatus|p2a: Stantler|slp|[msg]\n|move|p2a: Stantler|Double-Edge|p1a: Glalie\n|-activate|p1a: Glalie|move: Substitute|[damage]\n|-damage|p2a: Stantler|95\/100|[from] Recoil|[of] p1a: Glalie\n|move|p1a: Glalie|Foul Play|p2b: Rabsca\n|-supereffective|p2b: Rabsca\n|-damage|p2b: Rabsca|68\/100\n|move|p2b: Rabsca|Safeguard|p2b: Rabsca\n|-sidestart|p2: 5wamp|Safeguard\n|move|p1b: Toedscruel|Spore|p2b: Rabsca\n|-activate|p2b: Rabsca|item: Safety Goggles|Spore\n|\n|-heal|p1a: Glalie|87\/100|[from] item: Leftovers\n|-ability|p1a: Glalie|Moody|boost\n|-boost|p1a: Glalie|spd|2\n|-unboost|p1a: Glalie|spa|1\n|upkeep\n|turn|4\n|\n|t:|1683565322\n|move|p1a: Glalie|Protect|p1a: Glalie\n|-singleturn|p1a: Glalie|Protect\n|move|p1b: Toedscruel|Earth Power|p2a: Stantler\n|-damage|p2a: Stantler|77\/100\n|move|p2b: Rabsca|Psychic|p1b: Toedscruel\n|-damage|p1b: Toedscruel|53\/100\n|move|p2a: Stantler|Trick Room|p2a: Stantler\n|-fieldstart|move: Trick Room|[of] p2a: Stantler\n|\n|-heal|p1a: Glalie|93\/100|[from] item: Leftovers\n|-ability|p1a: Glalie|Moody|boost\n|-boost|p1a: Glalie|spd|2\n|-unboost|p1a: Glalie|spe|1\n|upkeep\n|turn|5\n|\n|t:|1683565354\n|switch|p1b: Morgrem|Morgrem, L50, M|100\/100\n|move|p2b: Rabsca|Bug Buzz|p1a: Glalie\n|-damage|p1a: Glalie|79\/100\n|move|p1a: Glalie|Foul Play|p2b: Rabsca\n|-supereffective|p2b: Rabsca\n|-damage|p2b: Rabsca|46\/100\n|move|p2a: Stantler|Double-Edge|p1a: Glalie\n|-end|p1a: Glalie|Substitute\n|-damage|p2a: Stantler|74\/100|[from] Recoil|[of] p1a: Glalie\n|\n|-heal|p1a: Glalie|84\/100|[from] item: Leftovers\n|-ability|p1a: Glalie|Moody|boost\n|-boost|p1a: Glalie|atk|2\n|-unboost|p1a: Glalie|spa|1\n|upkeep\n|turn|6\n|\n|t:|1683565402\n|move|p1b: Morgrem|Fake Out|p2a: Stantler\n|-damage|p2a: Stantler|69\/100\n|move|p2b: Rabsca|Bug Buzz|p1b: Morgrem\n|-damage|p1b: Morgrem|30\/100\n|move|p1a: Glalie|Foul Play|p2b: Rabsca\n|-supereffective|p2b: Rabsca\n|-damage|p2b: Rabsca|25\/100\n|cant|p2a: Stantler|flinch\n|\n|-heal|p1a: Glalie|90\/100|[from] item: Leftovers\n|-ability|p1a: Glalie|Moody|boost\n|-boost|p1a: Glalie|spd|1\n|-unboost|p1a: Glalie|spe|1\n|upkeep\n|turn|7\n|\n|t:|1683565422\n|move|p1b: Morgrem|Reflect|p1b: Morgrem\n|-sidestart|p1: justincl19|Reflect\n|move|p1a: Glalie|Substitute|p1a: Glalie\n|-start|p1a: Glalie|Substitute\n|-damage|p1a: Glalie|65\/100\n|move|p2b: Rabsca|Bug Buzz|p1b: Morgrem\n|-damage|p1b: Morgrem|0 fnt\n|faint|p1b: Morgrem\n|move|p2a: Stantler|Hypnosis|p1a: Glalie|[miss]\n|-miss|p2a: Stantler|p1a: Glalie\n|\n|-heal|p1a: Glalie|71\/100|[from] item: Leftovers\n|-sideend|p2: 5wamp|Safeguard\n|-ability|p1a: Glalie|Moody|boost\n|-boost|p1a: Glalie|spe|2\n|-unboost|p1a: Glalie|def|1\n|upkeep\n|\n|t:|1683565432\n|switch|p1b: Grafaiai|Grafaiai, L50, M|100\/100\n|turn|8\n|\n|t:|1683565458\n|switch|p2b: Camerupt|Camerupt, L50, F|100\/100\n|move|p1b: Grafaiai|Taunt|p2a: Stantler\n|-start|p2a: Stantler|move: Taunt\n|move|p1a: Glalie|Foul Play|p2b: Camerupt\n|-damage|p2b: Camerupt|76\/100\n|cant|p2a: Stantler|move: Taunt|Skill Swap\n|\n|-heal|p1a: Glalie|77\/100|[from] item: Leftovers\n|-fieldend|move: Trick Room\n|-ability|p1a: Glalie|Moody|boost\n|-boost|p1a: Glalie|def|2\n|-unboost|p1a: Glalie|spe|1\n|upkeep\n|turn|9\n|\n|t:|1683565491\n|-terastallize|p2b: Camerupt|Fire\n|move|p1b: Grafaiai|Parting Shot|p2b: Camerupt\n|-unboost|p2b: Camerupt|atk|1\n|-unboost|p2b: Camerupt|spa|1\n|\n|t:|1683565495\n|switch|p1b: Toedscruel|Toedscruel, L50, M, tera:Water|53\/100|[from] Parting Shot\n|move|p2a: Stantler|Double-Edge|p1a: Glalie\n|-activate|p1a: Glalie|move: Substitute|[damage]\n|-damage|p2a: Stantler|66\/100|[from] Recoil|[of] p1a: Glalie\n|move|p1a: Glalie|Foul Play|p2b: Camerupt\n|-damage|p2b: Camerupt|60\/100\n|move|p2b: Camerupt|Eruption|p1b: Toedscruel|[spread] p1a,p1b\n|-supereffective|p1a: Glalie\n|-end|p1a: Glalie|Substitute\n|-resisted|p1b: Toedscruel\n|-damage|p1b: Toedscruel|37\/100\n|\n|-heal|p1a: Glalie|83\/100|[from] item: Leftovers\n|-ability|p1a: Glalie|Moody|boost\n|-boost|p1a: Glalie|spe|2\n|-unboost|p1a: Glalie|atk|1\n|upkeep\n|turn|10\n|\n|t:|1683565527\n|move|p1b: Toedscruel|Protect|p1b: Toedscruel\n|-singleturn|p1b: Toedscruel|Protect\n|move|p1a: Glalie|Foul Play|p2a: Stantler\n|-damage|p2a: Stantler|51\/100\n|move|p2a: Stantler|Double-Edge|p1b: Toedscruel\n|-activate|p1b: Toedscruel|move: Protect\n|move|p2b: Camerupt|Earth Power|p1a: Glalie\n|-damage|p1a: Glalie|74\/100\n|\n|-heal|p1a: Glalie|80\/100|[from] item: Leftovers\n|-end|p2a: Stantler|move: Taunt\n|-ability|p1a: Glalie|Moody|boost\n|-boost|p1a: Glalie|spe|2\n|-unboost|p1a: Glalie|def|1\n|upkeep\n|turn|11\n|\n|t:|1683565563\n|move|p1a: Glalie|Substitute|p1a: Glalie\n|-start|p1a: Glalie|Substitute\n|-damage|p1a: Glalie|55\/100\n|move|p1b: Toedscruel|Earth Power|p2b: Camerupt\n|-supereffective|p2b: Camerupt\n|-damage|p2b: Camerupt|13\/100\n|move|p2a: Stantler|Double-Edge|p1b: Toedscruel\n|-damage|p1b: Toedscruel|4\/100\n|-damage|p2a: Stantler|42\/100|[from] Recoil\n|move|p2b: Camerupt|Earth Power|p1a: Glalie\n|-activate|p1a: Glalie|move: Substitute|[damage]\n|\n|-heal|p1a: Glalie|61\/100|[from] item: Leftovers\n|-ability|p1a: Glalie|Moody|boost\n|-boost|p1a: Glalie|spe|2\n|-unboost|p1a: Glalie|def|1\n|upkeep\n|turn|12\n|\n|t:|1683565592\n|move|p2b: Camerupt|Protect|p2b: Camerupt\n|-singleturn|p2b: Camerupt|Protect\n|move|p1a: Glalie|Foul Play|p2b: Camerupt\n|-activate|p2b: Camerupt|move: Protect\n|move|p1b: Toedscruel|Spore|p2a: Stantler\n|-status|p2a: Stantler|slp|[from] move: Spore\n|cant|p2a: Stantler|slp\n|\n|-heal|p1a: Glalie|67\/100|[from] item: Leftovers\n|-ability|p1a: Glalie|Moody|boost\n|-boost|p1a: Glalie|def|2\n|-unboost|p1a: Glalie|spd|1\n|upkeep\n|turn|13\n|\n|t:|1683565607\n|switch|p1b: Grafaiai|Grafaiai, L50, M|100\/100\n|move|p1a: Glalie|Foul Play|p2b: Camerupt\n|-damage|p2b: Camerupt|0 fnt\n|faint|p2b: Camerupt\n|cant|p2a: Stantler|slp\n|\n|-heal|p1a: Glalie|72\/100|[from] item: Leftovers\n|-ability|p1a: Glalie|Moody|boost\n|-boost|p1a: Glalie|def|2\n|-unboost|p1a: Glalie|spe|1\n|upkeep\n|\n|t:|1683565615\n|switch|p2b: Rabsca|Rabsca, L50, F|25\/100\n|turn|14\n|\n|t:|1683565622\n|move|p1a: Glalie|Foul Play|p2b: Rabsca\n|-supereffective|p2b: Rabsca\n|-damage|p2b: Rabsca|3\/100\n|move|p1b: Grafaiai|Acid Spray|p2b: Rabsca\n|-damage|p2b: Rabsca|0 fnt\n|faint|p2b: Rabsca\n|cant|p2a: Stantler|slp\n|\n|-heal|p1a: Glalie|78\/100|[from] item: Leftovers\n|-sideend|p1: justincl19|Reflect\n|-ability|p1a: Glalie|Moody|boost\n|-boost|p1a: Glalie|spd|1\n|-unboost|p1a: Glalie|def|1\n|upkeep\n|\n|t:|1683565628\n|switch|p2b: Crabominable|Crabominable, L50, M|100\/100\n|turn|15\n|\n|t:|1683565641\n|move|p1b: Grafaiai|Taunt|p2a: Stantler\n|-start|p2a: Stantler|move: Taunt\n|move|p1a: Glalie|Foul Play|p2b: Crabominable\n|-resisted|p2b: Crabominable\n|-damage|p2b: Crabominable|80\/100\n|-curestatus|p2a: Stantler|slp|[msg]\n|move|p2a: Stantler|Double-Edge|p1a: Glalie\n|-activate|p1a: Glalie|move: Substitute|[damage]\n|-damage|p2a: Stantler|38\/100|[from] Recoil|[of] p1a: Glalie\n|move|p2b: Crabominable|Close Combat|p1a: Glalie\n|-supereffective|p1a: Glalie\n|-end|p1a: Glalie|Substitute\n|-unboost|p2b: Crabominable|def|1\n|-unboost|p2b: Crabominable|spd|1\n|-damage|p2b: Crabominable|70\/100|[from] item: Life Orb\n|\n|-heal|p1a: Glalie|84\/100|[from] item: Leftovers\n|-ability|p1a: Glalie|Moody|boost\n|-boost|p1a: Glalie|spa|2\n|-unboost|p1a: Glalie|def|1\n|upkeep\n|turn|16\n|\n|t:|1683565663\n|move|p1a: Glalie|Substitute|p1a: Glalie\n|-start|p1a: Glalie|Substitute\n|-damage|p1a: Glalie|59\/100\n|move|p1b: Grafaiai|Acid Spray|p2b: Crabominable\n|-damage|p2b: Crabominable|51\/100\n|-unboost|p2b: Crabominable|spd|2\n|move|p2a: Stantler|Double-Edge|p1b: Grafaiai\n|-damage|p1b: Grafaiai|49\/100\n|-damage|p2a: Stantler|24\/100|[from] Recoil\n|move|p2b: Crabominable|Ice Hammer|p1b: Grafaiai\n|-damage|p1b: Grafaiai|0 fnt\n|-unboost|p2b: Crabominable|spe|1\n|faint|p1b: Grafaiai\n|-damage|p2b: Crabominable|41\/100|[from] item: Life Orb\n|\n|-heal|p1a: Glalie|65\/100|[from] item: Leftovers\n|-ability|p1a: Glalie|Moody|boost\n|-boost|p1a: Glalie|spa|2\n|-unboost|p1a: Glalie|atk|1\n|upkeep\n|\n|t:|1683565672\n|switch|p1b: Toedscruel|Toedscruel, L50, M, tera:Water|4\/100\n|turn|17\n|\n|t:|1683565684\n|move|p1a: Glalie|Freeze-Dry|p2b: Crabominable\n|-resisted|p2b: Crabominable\n|-damage|p2b: Crabominable|0 fnt\n|faint|p2b: Crabominable\n|move|p1b: Toedscruel|Earth Power|p2a: Stantler\n|-damage|p2a: Stantler|4\/100\n|move|p2a: Stantler|Double-Edge|p1b: Toedscruel\n|-damage|p1b: Toedscruel|0 fnt\n|faint|p1b: Toedscruel\n|-damage|p2a: Stantler|3\/100|[from] Recoil\n|\n|-heal|p1a: Glalie|70\/100|[from] item: Leftovers\n|-end|p2a: Stantler|move: Taunt\n|-ability|p1a: Glalie|Moody|boost\n|-boost|p1a: Glalie|atk|2\n|-unboost|p1a: Glalie|spd|1\n|upkeep\n|turn|18\n|-message|5wamp forfeited.\n|\n|win|justincl19\n|c|\u26065wamp|gg\n|c|\u2606justincl19|gg\n|j| NormyNorm1\n|l| Griffin07\n|l|\u2606justincl19\n|l| NormyNorm1\n","uploadtime":1683566120,"views":12,"p1id":"justincl19","p2id":"5wamp","formatid":"gen9vgc2023regulationc","rating":0,"private":0,"password":""}