{"id":"gen9vgc2023regulationc-1855665643","p1":"Esspecialy","p2":"StopTalkingandLose","format":"[Gen 9] VGC 2023 Regulation C","log":"|j|\u2606Esspecialy\n|j|\u203dStopTalkingandLose\n|t:|1682971230\n|gametype|doubles\n|player|p1|Esspecialy|burglar|1355\n|player|p2|StopTalkingandLose|ingo|1424\n|teamsize|p1|6\n|teamsize|p2|6\n|gen|9\n|tier|[Gen 9] VGC 2023 Regulation C\n|rated|\n|rule|Species Clause: Limit one of each Pok\u00e9mon\n|rule|Item Clause: Limit one of each item\n|clearpoke\n|poke|p1|Sandy Shocks, L50|\n|poke|p1|Espathra, L50, M|\n|poke|p1|Iron Bundle, L50|\n|poke|p1|Chi-Yu, L50|\n|poke|p1|Flapple, L50, M|\n|poke|p1|Maushold, L50|\n|poke|p2|Scream Tail, L50|\n|poke|p2|Maushold, L50|\n|poke|p2|Gothitelle, L50, M|\n|poke|p2|Amoonguss, L50, M|\n|poke|p2|Ting-Lu, L50|\n|poke|p2|Kingambit, L50, F|\n|teampreview|4\n|inactive|Battle timer is ON: inactive players will automatically lose when time's up. (requested by StopTalkingandLose)\n|inactive|StopTalkingandLose has 60 seconds left.\n|\n|t:|1682971287\n|start\n|switch|p1a: Sandy Shocks|Sandy Shocks, L50, shiny|100\/100\n|switch|p1b: Espathra|Espathra, L50, M, shiny|100\/100\n|switch|p2a: Ting-Lu|Ting-Lu, L50|100\/100\n|switch|p2b: Scream Tail|Scream Tail, L50|100\/100\n|-ability|p2a: Ting-Lu|Vessel of Ruin\n|-enditem|p1a: Sandy Shocks|Booster Energy\n|-activate|p1a: Sandy Shocks|ability: Protosynthesis|[fromitem]\n|-start|p1a: Sandy Shocks|protosynthesisspe\n|turn|1\n|\n|t:|1682971305\n|switch|p2a: Gothitelle|Gothitelle, L50, M|100\/100\n|move|p1a: Sandy Shocks|Gravity|p1a: Sandy Shocks\n|-fieldstart|move: Gravity\n|move|p1b: Espathra|Hypnosis|p2b: Scream Tail\n|-status|p2b: Scream Tail|slp|[from] move: Hypnosis\n|cant|p2b: Scream Tail|slp\n|\n|-ability|p1b: Espathra|Speed Boost|boost\n|-boost|p1b: Espathra|spe|1\n|upkeep\n|turn|2\n|inactive|StopTalkingandLose has 30 seconds left.\n|inactive|StopTalkingandLose has 20 seconds left.\n|inactive|StopTalkingandLose has 15 seconds left.\n|inactive|StopTalkingandLose has 10 seconds left.\n|\n|t:|1682971352\n|move|p2a: Gothitelle|Fake Out|p1b: Espathra\n|-damage|p1b: Espathra|92\/100\n|cant|p1b: Espathra|flinch\n|move|p1a: Sandy Shocks|Earth Power|p2b: Scream Tail\n|-damage|p2b: Scream Tail|78\/100 slp\n|-curestatus|p2b: Scream Tail|slp|[msg]\n|move|p2b: Scream Tail|Encore|p1a: Sandy Shocks\n|-start|p1a: Sandy Shocks|Encore\n|\n|-ability|p1b: Espathra|Speed Boost|boost\n|-boost|p1b: Espathra|spe|1\n|upkeep\n|turn|3\n|\n|t:|1682971377\n|move|p2b: Scream Tail|Protect|p2b: Scream Tail\n|-singleturn|p2b: Scream Tail|Protect\n|move|p1b: Espathra|Hypnosis|p2b: Scream Tail\n|-activate|p2b: Scream Tail|move: Protect\n|move|p1a: Sandy Shocks|Earth Power|p2b: Scream Tail\n|-activate|p2b: Scream Tail|move: Protect\n|move|p2a: Gothitelle|Trick Room|p2a: Gothitelle\n|-fieldstart|move: Trick Room|[of] p2a: Gothitelle\n|\n|-ability|p1b: Espathra|Speed Boost|boost\n|-boost|p1b: Espathra|spe|1\n|upkeep\n|turn|4\n|\n|t:|1682971392\n|move|p2a: Gothitelle|Heal Pulse|p2b: Scream Tail\n|-heal|p2b: Scream Tail|100\/100\n|move|p2b: Scream Tail|Perish Song|p2b: Scream Tail\n|-start|p1a: Sandy Shocks|perish3|[silent]\n|-start|p1b: Espathra|perish3|[silent]\n|-start|p2a: Gothitelle|perish3|[silent]\n|-start|p2b: Scream Tail|perish3|[silent]\n|-fieldactivate|move: Perish Song\n|move|p1a: Sandy Shocks|Earth Power|p2b: Scream Tail\n|-damage|p2b: Scream Tail|77\/100\n|move|p1b: Espathra|Lumina Crash|p2b: Scream Tail\n|-resisted|p2b: Scream Tail\n|-damage|p2b: Scream Tail|66\/100\n|-unboost|p2b: Scream Tail|spd|2\n|\n|-start|p2a: Gothitelle|perish3\n|-start|p2b: Scream Tail|perish3\n|-start|p1a: Sandy Shocks|perish3\n|-start|p1b: Espathra|perish3\n|-ability|p1b: Espathra|Speed Boost|boost\n|-boost|p1b: Espathra|spe|1\n|upkeep\n|turn|5\n|\n|t:|1682971416\n|-end|p2b: Scream Tail|Protosynthesis|[silent]\n|switch|p2b: Ting-Lu|Ting-Lu, L50|100\/100\n|-ability|p2b: Ting-Lu|Vessel of Ruin\n|move|p2a: Gothitelle|Heal Pulse|p2b: Ting-Lu\n|-fail|p2b: Ting-Lu|heal\n|move|p1a: Sandy Shocks|Earth Power|p2b: Ting-Lu\n|-damage|p2b: Ting-Lu|86\/100\n|move|p1b: Espathra|Lumina Crash|p2b: Ting-Lu\n|-immune|p2b: Ting-Lu\n|\n|-end|p1a: Sandy Shocks|Encore\n|-start|p2a: Gothitelle|perish2\n|-start|p1a: Sandy Shocks|perish2\n|-start|p1b: Espathra|perish2\n|-fieldend|move: Gravity\n|-ability|p1b: Espathra|Speed Boost|boost\n|-boost|p1b: Espathra|spe|1\n|upkeep\n|turn|6\n|inactive|StopTalkingandLose has 30 seconds left.\n|inactive|Esspecialy has 30 seconds left.\n|\n|t:|1682971455\n|move|p2a: Gothitelle|Protect|p2a: Gothitelle\n|-singleturn|p2a: Gothitelle|Protect\n|move|p2b: Ting-Lu|Stomping Tantrum|p1a: Sandy Shocks\n|-supereffective|p1a: Sandy Shocks\n|-damage|p1a: Sandy Shocks|30\/100\n|move|p1a: Sandy Shocks|Earth Power|p2a: Gothitelle\n|-activate|p2a: Gothitelle|move: Protect\n|move|p1b: Espathra|Lumina Crash|p2a: Gothitelle\n|-activate|p2a: Gothitelle|move: Protect\n|\n|-start|p2a: Gothitelle|perish1\n|-start|p1a: Sandy Shocks|perish1\n|-start|p1b: Espathra|perish1\n|-ability|p1b: Espathra|Speed Boost|boost\n|-boost|p1b: Espathra|spe|1\n|upkeep\n|turn|7\n|inactive|StopTalkingandLose has 30 seconds left.\n|\n|t:|1682971482\n|switch|p2b: Scream Tail|Scream Tail, L50|66\/100\n|move|p2a: Gothitelle|Heal Pulse|p2b: Scream Tail\n|-heal|p2b: Scream Tail|100\/100\n|move|p1a: Sandy Shocks|Earth Power|p2a: Gothitelle\n|-damage|p2a: Gothitelle|73\/100\n|move|p1b: Espathra|Lumina Crash|p2a: Gothitelle\n|-resisted|p2a: Gothitelle\n|-damage|p2a: Gothitelle|58\/100\n|-unboost|p2a: Gothitelle|spd|2\n|\n|-start|p2a: Gothitelle|perish0\n|-start|p1a: Sandy Shocks|perish0\n|-start|p1b: Espathra|perish0\n|-fieldend|move: Trick Room\n|faint|p2a: Gothitelle\n|faint|p1a: Sandy Shocks\n|-end|p1a: Sandy Shocks|Protosynthesis|[silent]\n|faint|p1b: Espathra\n|upkeep\n|\n|t:|1682971501\n|switch|p1b: Maushold|Maushold, L50|100\/100\n|switch|p1a: Iron Bundle|Iron Bundle, L50|100\/100\n|switch|p2a: Ting-Lu|Ting-Lu, L50|86\/100\n|-ability|p2a: Ting-Lu|Vessel of Ruin\n|turn|8\n|\n|t:|1682971514\n|-terastallize|p1a: Iron Bundle|Ice\n|-terastallize|p2b: Scream Tail|Steel\n|move|p1a: Iron Bundle|Blizzard|p2a: Ting-Lu|[spread] p2a\n|-miss|p1a: Iron Bundle|p2b: Scream Tail\n|-supereffective|p2a: Ting-Lu\n|-damage|p2a: Ting-Lu|27\/100\n|move|p1b: Maushold|Population Bomb|p2b: Scream Tail\n|-resisted|p2b: Scream Tail\n|-damage|p2b: Scream Tail|96\/100\n|-resisted|p2b: Scream Tail\n|-damage|p2b: Scream Tail|92\/100\n|-resisted|p2b: Scream Tail\n|-damage|p2b: Scream Tail|87\/100\n|-resisted|p2b: Scream Tail\n|-damage|p2b: Scream Tail|82\/100\n|-resisted|p2b: Scream Tail\n|-damage|p2b: Scream Tail|78\/100\n|-resisted|p2b: Scream Tail\n|-crit|p2b: Scream Tail\n|-damage|p2b: Scream Tail|71\/100\n|-resisted|p2b: Scream Tail\n|-damage|p2b: Scream Tail|67\/100\n|-hitcount|p2b: Scream Tail|7\n|move|p2b: Scream Tail|Perish Song|p2b: Scream Tail\n|-start|p1a: Iron Bundle|perish3|[silent]\n|-start|p1b: Maushold|perish3|[silent]\n|-start|p2a: Ting-Lu|perish3|[silent]\n|-start|p2b: Scream Tail|perish3|[silent]\n|-fieldactivate|move: Perish Song\n|move|p2a: Ting-Lu|Fissure|p1a: Iron Bundle\n|-damage|p1a: Iron Bundle|0 fnt\n|faint|p1a: Iron Bundle\n|-end|p1a: Iron Bundle|Quark Drive|[silent]\n|-ohko\n|\n|-start|p1b: Maushold|perish3\n|-start|p2b: Scream Tail|perish3\n|-start|p2a: Ting-Lu|perish3\n|upkeep\n|turn|9\n|-message|Esspecialy forfeited.\n|\n|win|StopTalkingandLose\n|raw|Esspecialy's rating: 1355 → 1339<\/strong> (-16 for losing)\n|raw|StopTalkingandLose's rating: 1424 → 1440<\/strong> (+16 for winning)\n|l|\u2606Esspecialy\n|l|\u203dStopTalkingandLose\n|j|\u2606Esspecialy\n|player|p1|Esspecialy|burglar\n","uploadtime":1682971906,"views":12,"p1id":"esspecialy","p2id":"stoptalkingandlose","formatid":"gen9vgc2023regulationc","rating":1339,"private":0,"password":""}