{"id":"gen9vgc2023regulationc-1854233646","p1":"MasteriusL","p2":"Tamejo","format":"[Gen 9] VGC 2023 Regulation C","log":"|j|\u2606MasteriusL\n|j|\u2606Tamejo\n|t:|1682786683\n|gametype|doubles\n|player|p1|MasteriusL|n|\n|player|p2|Tamejo|rood|\n|teamsize|p1|6\n|teamsize|p2|6\n|gen|9\n|tier|[Gen 9] VGC 2023 Regulation C\n|rule|Species Clause: Limit one of each Pok\u00e9mon\n|rule|Item Clause: Limit one of each item\n|clearpoke\n|poke|p1|Sableye, L50, M|\n|poke|p1|Flutter Mane, L50|\n|poke|p1|Chien-Pao, L50|\n|poke|p1|Dragonite, L50, M|\n|poke|p1|Arcanine, L50, F|\n|poke|p1|Great Tusk, L50|\n|poke|p2|Murkrow, L50, F|\n|poke|p2|Great Tusk, L50|\n|poke|p2|Iron Bundle, L50|\n|poke|p2|Chi-Yu, L50|\n|poke|p2|Iron Hands, L50|\n|poke|p2|Amoonguss, L50, M|\n|teampreview|4\n|inactive|Battle timer is ON: inactive players will automatically lose when time's up. (requested by MasteriusL)\nTamejo has agreed to open team sheets.\n|inactiveoff|Battle timer is now OFF.\nMasteriusL has agreed to open team sheets.\n|\n|t:|1682786791\n|start\n|switch|p1a: Sableye|Sableye, L50, M|100\/100\n|switch|p1b: Great Tusk|Great Tusk, L50, shiny|100\/100\n|switch|p2a: Amoonguss|Amoonguss, L50, M|100\/100\n|switch|p2b: Great Tusk|Great Tusk, L50|100\/100\n|turn|1\n|\n|t:|1682786833\n|move|p1a: Sableye|Sunny Day|p1a: Sableye\n|-weather|SunnyDay\n|-activate|p1b: Great Tusk|ability: Protosynthesis\n|-start|p1b: Great Tusk|protosynthesisatk\n|-activate|p2b: Great Tusk|ability: Protosynthesis\n|-start|p2b: Great Tusk|protosynthesisatk\n|move|p1b: Great Tusk|Headlong Rush|p2a: Amoonguss\n|-damage|p2a: Amoonguss|39\/100\n|-unboost|p1b: Great Tusk|def|1\n|-unboost|p1b: Great Tusk|spd|1\n|-enditem|p2a: Amoonguss|Sitrus Berry|[eat]\n|-heal|p2a: Amoonguss|64\/100|[from] item: Sitrus Berry\n|move|p2b: Great Tusk|Headlong Rush|p1b: Great Tusk\n|-damage|p1b: Great Tusk|4\/100\n|-unboost|p2b: Great Tusk|def|1\n|-unboost|p2b: Great Tusk|spd|1\n|move|p2a: Amoonguss|Spore|p1b: Great Tusk\n|-status|p1b: Great Tusk|slp|[from] move: Spore\n|\n|-weather|SunnyDay|[upkeep]\n|upkeep\n|turn|2\n|\n|t:|1682786875\n|move|p1a: Sableye|Reflect|p1a: Sableye\n|-sidestart|p1: MasteriusL|Reflect\n|cant|p1b: Great Tusk|slp\n|move|p2b: Great Tusk|Rock Slide|p1b: Great Tusk|[spread] p1b\n|-miss|p2b: Great Tusk|p1a: Sableye\n|-resisted|p1b: Great Tusk\n|-damage|p1b: Great Tusk|0 fnt\n|faint|p1b: Great Tusk\n|-end|p1b: Great Tusk|Protosynthesis|[silent]\n|move|p2a: Amoonguss|Spore|p1a: Sableye\n|-status|p1a: Sableye|slp|[from] move: Spore\n|\n|-weather|SunnyDay|[upkeep]\n|upkeep\n|\n|t:|1682786892\n|switch|p1b: Chien-Pao|Chien-Pao, L50|100\/100\n|-ability|p1b: Chien-Pao|Sword of Ruin\n|turn|3\n|\n|t:|1682786913\n|switch|p1a: Flutter Mane|Flutter Mane, L50, shiny|100\/100\n|-activate|p1a: Flutter Mane|ability: Protosynthesis\n|-start|p1a: Flutter Mane|protosynthesisspa\n|-terastallize|p1b: Chien-Pao|Ghost\n|-terastallize|p2b: Great Tusk|Rock\n|move|p2a: Amoonguss|Rage Powder|p2a: Amoonguss\n|-singleturn|p2a: Amoonguss|move: Rage Powder\n|move|p1b: Chien-Pao|Ice Spinner|p2a: Amoonguss\n|-supereffective|p2a: Amoonguss\n|-damage|p2a: Amoonguss|0 fnt\n|faint|p2a: Amoonguss\n|move|p2b: Great Tusk|Rock Slide|p1a: Flutter Mane|[spread] p1b\n|-miss|p2b: Great Tusk|p1a: Flutter Mane\n|-damage|p1b: Chien-Pao|63\/100\n|\n|-weather|SunnyDay|[upkeep]\n|upkeep\n|\n|t:|1682786946\n|switch|p2a: Iron Bundle|Iron Bundle, L50|100\/100\n|-enditem|p2a: Iron Bundle|Booster Energy\n|-activate|p2a: Iron Bundle|ability: Quark Drive|[fromitem]\n|-start|p2a: Iron Bundle|quarkdrivespe\n|turn|4\n|\n|t:|1682786965\n|move|p2a: Iron Bundle|Icy Wind|p1a: Flutter Mane|[spread] p1a,p1b\n|-crit|p1a: Flutter Mane\n|-damage|p1a: Flutter Mane|70\/100\n|-damage|p1b: Chien-Pao|31\/100\n|-unboost|p1a: Flutter Mane|spe|1\n|-unboost|p1b: Chien-Pao|spe|1\n|move|p2b: Great Tusk|Headlong Rush|p1a: Flutter Mane\n|-damage|p1a: Flutter Mane|0 fnt\n|-unboost|p2b: Great Tusk|def|1\n|-unboost|p2b: Great Tusk|spd|1\n|faint|p1a: Flutter Mane\n|-end|p1a: Flutter Mane|Protosynthesis|[silent]\n|move|p1b: Chien-Pao|Sacred Sword|p2b: Great Tusk\n|-supereffective|p2b: Great Tusk\n|-damage|p2b: Great Tusk|39\/100\n|\n|-weather|SunnyDay|[upkeep]\n|upkeep\n|\n|t:|1682786979\n|switch|p1a: Sableye|Sableye, L50, M|100\/100 slp\n|turn|5\n|c|\u2606MasteriusL|gg\n|c|\u2606MasteriusL|iron bundle mi fotte\n|c|\u2606Tamejo|Gg, gi\u00e0\n|c|\u2606Tamejo|l\u2019unica cosa che temo da parte tua in sto match up \u00e8 sableye\n|c|\u2606Tamejo|che mi limita i danni e ha quash\n|c|\u2606Tamejo|ma una volta che sei a -1 e senza light screen chi yu shotta tutti\n|\n|t:|1682787061\n|cant|p1a: Sableye|slp\n|move|p2a: Iron Bundle|Freeze-Dry|p1b: Chien-Pao\n|-damage|p1b: Chien-Pao|0 fnt\n|faint|p1b: Chien-Pao\n|move|p2b: Great Tusk|Headlong Rush|p1a: Sableye\n|-crit|p1a: Sableye\n|-damage|p1a: Sableye|0 fnt\n|-unboost|p2b: Great Tusk|def|1\n|-unboost|p2b: Great Tusk|spd|1\n|faint|p1a: Sableye\n|\n|win|Tamejo\n|c|\u2606MasteriusL|qusto secondo game l'ho portato apposta\n|c|\u2606MasteriusL|vabb\u00e8 grazie\n|l|\u2606MasteriusL\n","uploadtime":1682787137,"views":21,"p1id":"masteriusl","p2id":"tamejo","formatid":"gen9vgc2023regulationc","rating":0,"private":0,"password":""}