{"id":"gen9vgc2023regulationc-1852608062","p1":"Ujan_Ujon","p2":"JasperGsgrodo","format":"[Gen 9] VGC 2023 Regulation C","log":"|j|\u2606Ujan_Ujon\n|j|\u2606JasperGsgrodo\n|t:|1682584493\n|gametype|doubles\n|player|p1|Ujan_Ujon|101|1159\n|player|p2|JasperGsgrodo|ninjaboy|1222\n|teamsize|p1|6\n|teamsize|p2|6\n|gen|9\n|tier|[Gen 9] VGC 2023 Regulation C\n|rated|\n|rule|Species Clause: Limit one of each Pok\u00e9mon\n|rule|Item Clause: Limit one of each item\n|clearpoke\n|poke|p1|Sandy Shocks, L50|\n|poke|p1|Espathra, L50, F|\n|poke|p1|Flutter Mane, L50|\n|poke|p1|Chi-Yu, L50|\n|poke|p1|Kilowattrel, L50, M|\n|poke|p1|Baxcalibur, L50, F|\n|poke|p2|Flutter Mane, L50|\n|poke|p2|Ting-Lu, L50|\n|poke|p2|Wo-Chien, L50|\n|poke|p2|Iron Bundle, L50|\n|poke|p2|Arcanine, L50, M|\n|poke|p2|Great Tusk, L50|\n|teampreview|4\n|inactive|Battle timer is ON: inactive players will automatically lose when time's up. (requested by Ujan_Ujon)\n|inactive|JasperGsgrodo has 60 seconds left.\n|\n|t:|1682584534\n|start\n|switch|p1a: Sandy Shocks|Sandy Shocks, L50|100\/100\n|switch|p1b: Espathra|Espathra, L50, F|100\/100\n|switch|p2a: Arcanine|Arcanine, L50, M|100\/100\n|switch|p2b: Ting-Lu|Ting-Lu, L50|100\/100\n|-ability|p2a: Arcanine|Intimidate|boost\n|-unboost|p1a: Sandy Shocks|atk|1\n|-unboost|p1b: Espathra|atk|1\n|-ability|p2b: Ting-Lu|Vessel of Ruin\n|-enditem|p1a: Sandy Shocks|Booster Energy\n|-activate|p1a: Sandy Shocks|ability: Protosynthesis|[fromitem]\n|-start|p1a: Sandy Shocks|protosynthesisspe\n|turn|1\n|inactive|JasperGsgrodo has 30 seconds left.\n|\n|t:|1682584561\n|move|p2a: Arcanine|Protect|p2a: Arcanine\n|-singleturn|p2a: Arcanine|Protect\n|move|p1a: Sandy Shocks|Gravity|p1a: Sandy Shocks\n|-fieldstart|move: Gravity\n|move|p1b: Espathra|Hypnosis|p2b: Ting-Lu\n|-status|p2b: Ting-Lu|slp|[from] move: Hypnosis\n|cant|p2b: Ting-Lu|slp\n|\n|-ability|p1b: Espathra|Speed Boost|boost\n|-boost|p1b: Espathra|spe|1\n|upkeep\n|turn|2\n|\n|t:|1682584579\n|move|p1b: Espathra|Hypnosis|p2a: Arcanine\n|-status|p2a: Arcanine|slp|[from] move: Hypnosis\n|move|p1a: Sandy Shocks|Earth Power|p2a: Arcanine\n|-supereffective|p2a: Arcanine\n|-damage|p2a: Arcanine|44\/100 slp\n|-unboost|p2a: Arcanine|spd|1\n|cant|p2a: Arcanine|slp\n|cant|p2b: Ting-Lu|slp\n|\n|-ability|p1b: Espathra|Speed Boost|boost\n|-boost|p1b: Espathra|spe|1\n|upkeep\n|turn|3\n|inactive|Ujan_Ujon has 30 seconds left.\n|\n|t:|1682584610\n|-end|p1a: Sandy Shocks|Protosynthesis|[silent]\n|switch|p1a: Baxcalibur|Baxcalibur, L50, F|100\/100\n|move|p1b: Espathra|Lumina Crash|p2a: Arcanine\n|-damage|p2a: Arcanine|0 fnt\n|faint|p2a: Arcanine\n|-curestatus|p2b: Ting-Lu|slp|[msg]\n|move|p2b: Ting-Lu|Fissure|p1a: Baxcalibur|[miss]\n|-miss|p2b: Ting-Lu|p1a: Baxcalibur\n|\n|-ability|p1b: Espathra|Speed Boost|boost\n|-boost|p1b: Espathra|spe|1\n|upkeep\n|\n|t:|1682584623\n|switch|p2a: Great Tusk|Great Tusk, L50|100\/100\n|turn|4\n|\n|t:|1682584640\n|-terastallize|p2a: Great Tusk|Ground\n|-terastallize|p1a: Baxcalibur|Poison\n|move|p1b: Espathra|Hypnosis|p2a: Great Tusk\n|-status|p2a: Great Tusk|slp|[from] move: Hypnosis\n|cant|p2a: Great Tusk|slp\n|move|p1a: Baxcalibur|Icicle Crash|p2a: Great Tusk\n|-supereffective|p2a: Great Tusk\n|-damage|p2a: Great Tusk|8\/100 slp\n|move|p2b: Ting-Lu|Fissure|p1b: Espathra\n|-enditem|p1b: Espathra|Focus Sash\n|-damage|p1b: Espathra|1\/100\n|\n|-ability|p1b: Espathra|Speed Boost|boost\n|-boost|p1b: Espathra|spe|1\n|upkeep\n|turn|5\n|\n|t:|1682584661\n|move|p1b: Espathra|Hypnosis|p2b: Ting-Lu\n|-status|p2b: Ting-Lu|slp|[from] move: Hypnosis\n|cant|p2a: Great Tusk|slp\n|move|p1a: Baxcalibur|Dragon Dance|p1a: Baxcalibur\n|-boost|p1a: Baxcalibur|atk|1\n|-boost|p1a: Baxcalibur|spe|1\n|cant|p2b: Ting-Lu|slp\n|\n|-fieldend|move: Gravity\n|-ability|p1b: Espathra|Speed Boost|boost\n|-boost|p1b: Espathra|spe|1\n|upkeep\n|turn|6\n|inactive|Ujan_Ujon has 30 seconds left.\n|\n|t:|1682584691\n|move|p1b: Espathra|Hypnosis|p2a: Great Tusk\n|-fail|p2a: Great Tusk|slp\n|move|p1a: Baxcalibur|Dragon Dance|p1a: Baxcalibur\n|-boost|p1a: Baxcalibur|atk|1\n|-boost|p1a: Baxcalibur|spe|1\n|-curestatus|p2a: Great Tusk|slp|[msg]\n|move|p2a: Great Tusk|Close Combat|p1a: Baxcalibur\n|-resisted|p1a: Baxcalibur\n|-damage|p1a: Baxcalibur|67\/100\n|-unboost|p2a: Great Tusk|def|1\n|-unboost|p2a: Great Tusk|spd|1\n|cant|p2b: Ting-Lu|slp\n|\n|-ability|p1b: Espathra|Speed Boost|boost\n|-boost|p1b: Espathra|spe|1\n|upkeep\n|turn|7\n|\n|t:|1682584712\n|move|p2a: Great Tusk|Protect|p2a: Great Tusk\n|-singleturn|p2a: Great Tusk|Protect\n|move|p1b: Espathra|Lumina Crash|p2a: Great Tusk\n|-activate|p2a: Great Tusk|move: Protect\n|move|p1a: Baxcalibur|Dragon Dance|p1a: Baxcalibur\n|-boost|p1a: Baxcalibur|atk|1\n|-boost|p1a: Baxcalibur|spe|1\n|-curestatus|p2b: Ting-Lu|slp|[msg]\n|move|p2b: Ting-Lu|Snarl|p1b: Espathra|[spread] p1a,p1b\n|-supereffective|p1b: Espathra\n|-damage|p1a: Baxcalibur|60\/100\n|-damage|p1b: Espathra|0 fnt\n|-unboost|p1a: Baxcalibur|spa|1\n|faint|p1b: Espathra\n|\n|upkeep\n|\n|t:|1682584725\n|switch|p1b: Flutter Mane|Flutter Mane, L50|100\/100\n|turn|8\n|\n|t:|1682584734\n|move|p1a: Baxcalibur|Icicle Crash|p2b: Ting-Lu\n|-supereffective|p2b: Ting-Lu\n|-damage|p2b: Ting-Lu|0 fnt\n|faint|p2b: Ting-Lu\n|move|p1b: Flutter Mane|Dazzling Gleam|p2a: Great Tusk\n|-damage|p2a: Great Tusk|0 fnt\n|faint|p2a: Great Tusk\n|-end|p2a: Great Tusk|Protosynthesis|[silent]\n|\n|upkeep\n|-message|JasperGsgrodo forfeited.\n|\n|win|Ujan_Ujon\n|raw|Ujan_Ujon's rating: 1159 → 1188<\/strong> (+29 for winning)\n|raw|JasperGsgrodo's rating: 1222 → 1193<\/strong> (-29 for losing)\n|l|\u2606JasperGsgrodo\n","uploadtime":1682584825,"views":11,"p1id":"ujanujon","p2id":"jaspergsgrodo","formatid":"gen9vgc2023regulationc","rating":1188,"private":0,"password":""}