{"id":"gen9vgc2023regulationc-1850705973","p1":"PedroAndalus","p2":"Vast Universe","format":"[Gen 9] VGC 2023 Regulation C","log":"|j|\u2606PedroAndalus\n|j|\u2606Vast Universe\n|t:|1682360691\n|gametype|doubles\n|player|p1|PedroAndalus|265|1158\n|player|p2|Vast Universe|101|1065\n|teamsize|p1|6\n|teamsize|p2|6\n|gen|9\n|tier|[Gen 9] VGC 2023 Regulation C\n|rated|\n|rule|Species Clause: Limit one of each Pok\u00e9mon\n|rule|Item Clause: Limit one of each item\n|clearpoke\n|poke|p1|Sylveon, L50, F|\n|poke|p1|Brute Bonnet, L50|\n|poke|p1|Toxtricity-Low-Key, L50, M|\n|poke|p1|Wo-Chien, L50|\n|poke|p1|Misdreavus, L50, M|\n|poke|p1|Torkoal, L50, F|\n|poke|p2|Tinkaton, L50, F|\n|poke|p2|Ting-Lu, L50|\n|poke|p2|Tauros-Paldea-Blaze, L50, M|\n|poke|p2|Meowscarada, L50, M|\n|poke|p2|Rotom-Wash, L50|\n|poke|p2|Brute Bonnet, L50|\n|teampreview|4\n|inactive|Battle timer is ON: inactive players will automatically lose when time's up. (requested by Vast Universe)\n|\n|t:|1682360720\n|start\n|switch|p1a: Misdreavus|Misdreavus, L50, M|100\/100\n|switch|p1b: Wo-Chien|Wo-Chien, L50|100\/100\n|switch|p2a: Meowscarada|Meowscarada, L50, M, shiny|100\/100\n|switch|p2b: Rotom|Rotom-Wash, L50|100\/100\n|-ability|p1b: Wo-Chien|Tablets of Ruin\n|turn|1\n|inactive|Vast Universe has 30 seconds left.\n|\n|t:|1682360752\n|move|p1b: Wo-Chien|Protect|p1b: Wo-Chien\n|-singleturn|p1b: Wo-Chien|Protect\n|move|p2b: Rotom|Volt Switch|p1a: Misdreavus\n|-damage|p1a: Misdreavus|80\/100\n|\n|t:|1682360759\n|switch|p2b: Ting-Lu|Ting-Lu, L50|100\/100|[from] Volt Switch\n|-ability|p2b: Ting-Lu|Vessel of Ruin\n|move|p2a: Meowscarada|U-turn|p1a: Misdreavus\n|-start|p2a: Meowscarada|typechange|Bug|[from] ability: Protean\n|-resisted|p1a: Misdreavus\n|-damage|p1a: Misdreavus|60\/100\n|\n|t:|1682360769\n|switch|p2a: Tinkaton|Tinkaton, L50, F|100\/100|[from] U-turn\n|move|p1a: Misdreavus|Trick Room|p1a: Misdreavus\n|-fieldstart|move: Trick Room|[of] p1a: Misdreavus\n|\n|upkeep\n|turn|2\n|\n|t:|1682360787\n|move|p2a: Tinkaton|Fake Out|p1b: Wo-Chien\n|-damage|p1b: Wo-Chien|95\/100\n|move|p2b: Ting-Lu|Fissure|p1b: Wo-Chien|[miss]\n|-miss|p2b: Ting-Lu|p1b: Wo-Chien\n|cant|p1b: Wo-Chien|flinch\n|move|p1a: Misdreavus|Night Shade|p2b: Ting-Lu\n|-damage|p2b: Ting-Lu|81\/100\n|\n|-heal|p2b: Ting-Lu|87\/100|[from] item: Leftovers\n|-heal|p1b: Wo-Chien|100\/100|[from] item: Leftovers\n|upkeep\n|turn|3\n|\n|t:|1682360809\n|move|p1b: Wo-Chien|Giga Drain|p2b: Ting-Lu\n|-supereffective|p2b: Ting-Lu\n|-damage|p2b: Ting-Lu|50\/100\n|move|p1a: Misdreavus|Night Shade|p2b: Ting-Lu\n|-damage|p2b: Ting-Lu|31\/100\n|move|p2a: Tinkaton|Gigaton Hammer|p1a: Misdreavus\n|-damage|p1a: Misdreavus|22\/100\n|move|p2b: Ting-Lu|Whirlwind|p1b: Wo-Chien\n|drag|p1b: Brute Bonnet|Brute Bonnet, L50|100\/100\n|-enditem|p1b: Brute Bonnet|Booster Energy\n|-activate|p1b: Brute Bonnet|ability: Protosynthesis|[fromitem]\n|-start|p1b: Brute Bonnet|protosynthesisatk\n|\n|-heal|p2b: Ting-Lu|36\/100|[from] item: Leftovers\n|upkeep\n|turn|4\n|\n|t:|1682360830\n|move|p2b: Ting-Lu|Protect|p2b: Ting-Lu\n|-singleturn|p2b: Ting-Lu|Protect\n|move|p2a: Tinkaton|Protect|p2a: Tinkaton\n|-singleturn|p2a: Tinkaton|Protect\n|move|p1b: Brute Bonnet|Spore|p2a: Tinkaton\n|-activate|p2a: Tinkaton|move: Protect\n|move|p1a: Misdreavus|Taunt|p2b: Ting-Lu\n|-activate|p2b: Ting-Lu|move: Protect\n|\n|-heal|p2b: Ting-Lu|42\/100|[from] item: Leftovers\n|upkeep\n|turn|5\n|\n|t:|1682360852\n|switch|p1a: Sylveon|Sylveon, L50, F, shiny|100\/100\n|switch|p2a: Meowscarada|Meowscarada, L50, M, shiny|100\/100\n|move|p2b: Ting-Lu|Protect||[still]\n|-fail|p2b: Ting-Lu\n|move|p1b: Brute Bonnet|Spore|p2a: Meowscarada\n|-immune|p2a: Meowscarada\n|\n|-heal|p2b: Ting-Lu|48\/100|[from] item: Leftovers\n|-fieldend|move: Trick Room\n|upkeep\n|turn|6\n|\n|t:|1682360875\n|-end|p1b: Brute Bonnet|Protosynthesis|[silent]\n|switch|p1b: Wo-Chien|Wo-Chien, L50|100\/100\n|-ability|p1b: Wo-Chien|Tablets of Ruin\n|-terastallize|p1a: Sylveon|Fire\n|move|p2a: Meowscarada|U-turn|p1b: Wo-Chien\n|-start|p2a: Meowscarada|typechange|Bug|[from] ability: Protean\n|-supereffective|p1b: Wo-Chien\n|-damage|p1b: Wo-Chien|0 fnt\n|faint|p1b: Wo-Chien\n|\n|t:|1682360887\n|switch|p2a: Rotom|Rotom-Wash, L50|100\/100|[from] U-turn\n|move|p2b: Ting-Lu|Stomping Tantrum|p1a: Sylveon\n|-supereffective|p1a: Sylveon\n|-damage|p1a: Sylveon|0 fnt\n|faint|p1a: Sylveon\n|\n|-heal|p2b: Ting-Lu|54\/100|[from] item: Leftovers\n|upkeep\n|-message|PedroAndalus forfeited.\n|\n|win|Vast Universe\n|raw|PedroAndalus's rating: 1158 → 1126<\/strong> (-32 for losing)\n|raw|Vast Universe's rating: 1065 → 1103<\/strong> (+38 for winning)\n|l|\u2606PedroAndalus\n","uploadtime":1682360897,"views":18,"p1id":"pedroandalus","p2id":"vastuniverse","formatid":"gen9vgc2023regulationc","rating":1103,"private":0,"password":""}