{"id":"gen9vgc2023regulationc-1864094007","p1":"icebergvgc","p2":"JHufself","format":"[Gen 9] VGC 2023 Regulation C","log":"|j|\u2606icebergvgc\n|j|\u2606JHufself\n|t:|1684116501\n|gametype|doubles\n|player|p1|icebergvgc|youngcouple-gen4dp|\n|player|p2|JHufself|cheren-gen5bw2|\n|teamsize|p1|6\n|teamsize|p2|6\n|gen|9\n|tier|[Gen 9] VGC 2023 Regulation C\n|rule|Species Clause: Limit one of each Pok\u00e9mon\n|rule|Item Clause: Limit one of each item\n|clearpoke\n|poke|p1|Flutter Mane, L50|\n|poke|p1|Amoonguss, L50, M|\n|poke|p1|Arcanine, L50, M|\n|poke|p1|Palafin, L50, M|\n|poke|p1|Ting-Lu, L50|\n|poke|p1|Baxcalibur, L50, F|\n|poke|p2|Tatsugiri, L50, M|\n|poke|p2|Dragapult, L50, M|\n|poke|p2|Pelipper, L50, F|\n|poke|p2|Iron Hands, L50|\n|poke|p2|Chi-Yu, L50|\n|poke|p2|Klefki, L50, F|\n|teampreview|4\n|c|\u2606JHufself|HE\n|c|\u2606JHufself|G2\n|c|\u2606JHufself|*\nJHufself has agreed to open team sheets.\nicebergvgc has agreed to open team sheets.\n|j| ZonXJ\n|j| TheWigletts\n|j| sempr9\n|j| IchigoZangeCorner\n|\n|t:|1684116787\n|start\n|switch|p1a: Ting-Lu|Ting-Lu, L50|100\/100\n|switch|p1b: Flutter Mane|Flutter Mane, L50|100\/100\n|switch|p2a: Klefki|Klefki, L50, F|100\/100\n|switch|p2b: Iron Hands|Iron Hands, L50|100\/100\n|-ability|p1a: Ting-Lu|Vessel of Ruin\n|turn|1\n|j| tagmouse27\n|l| ZonXJ\n|l| TheWigletts\n|\n|t:|1684116818\n|switch|p1a: Arcanine|Arcanine, L50, M|100\/100\n|-ability|p1a: Arcanine|Intimidate|boost\n|-unboost|p2a: Klefki|atk|1\n|-unboost|p2b: Iron Hands|atk|1\n|move|p2b: Iron Hands|Fake Out|p1a: Arcanine\n|-damage|p1a: Arcanine|90\/100\n|move|p2a: Klefki|Thunder Wave|p1b: Flutter Mane\n|-status|p1b: Flutter Mane|par\n|move|p1b: Flutter Mane|Moonblast|p2b: Iron Hands\n|-supereffective|p2b: Iron Hands\n|-damage|p2b: Iron Hands|39\/100\n|\n|upkeep\n|turn|2\n|j| TheWigletts\n|\n|t:|1684116835\n|-end|p2b: Iron Hands|Quark Drive|[silent]\n|switch|p2b: Chi-Yu|Chi-Yu, L50|100\/100\n|-ability|p2b: Chi-Yu|Beads of Ruin\n|move|p2a: Klefki|Light Screen|p2a: Klefki\n|-sidestart|p2: JHufself|move: Light Screen\n|move|p1a: Arcanine|Flare Blitz|p2a: Klefki\n|-supereffective|p2a: Klefki\n|-damage|p2a: Klefki|0 fnt\n|faint|p2a: Klefki\n|-damage|p1a: Arcanine|62\/100|[from] Recoil\n|cant|p1b: Flutter Mane|par\n|\n|upkeep\n|\n|t:|1684116854\n|switch|p2a: Tatsugiri|Tatsugiri, L50, M|100\/100\n|turn|3\n|\n|t:|1684116870\n|move|p1a: Arcanine|Extreme Speed|p2b: Chi-Yu\n|-damage|p2b: Chi-Yu|72\/100\n|move|p2b: Chi-Yu|Nasty Plot|p2b: Chi-Yu\n|-boost|p2b: Chi-Yu|spa|2\n|move|p2a: Tatsugiri|Muddy Water|p1b: Flutter Mane|[spread] p1a,p1b\n|-supereffective|p1a: Arcanine\n|-damage|p1a: Arcanine|0 fnt\n|-damage|p1b: Flutter Mane|61\/100 par\n|faint|p1a: Arcanine\n|move|p1b: Flutter Mane|Moonblast|p2a: Tatsugiri\n|-supereffective|p2a: Tatsugiri\n|-damage|p2a: Tatsugiri|0 fnt\n|faint|p2a: Tatsugiri\n|\n|upkeep\n|\n|t:|1684116885\n|switch|p1a: Baxcalibur|Baxcalibur, L50, F|100\/100\n|switch|p2a: Iron Hands|Iron Hands, L50|39\/100\n|turn|4\n|\n|t:|1684116907\n|move|p1a: Baxcalibur|Protect|p1a: Baxcalibur\n|-singleturn|p1a: Baxcalibur|Protect\n|move|p2a: Iron Hands|Fake Out|p1a: Baxcalibur\n|-activate|p1a: Baxcalibur|move: Protect\n|move|p2b: Chi-Yu|Heat Wave|p1a: Baxcalibur|[spread] p1b\n|-activate|p1a: Baxcalibur|move: Protect\n|-damage|p1b: Flutter Mane|0 fnt\n|faint|p1b: Flutter Mane\n|-end|p1b: Flutter Mane|Protosynthesis|[silent]\n|\n|upkeep\n|\n|t:|1684116910\n|switch|p1b: Ting-Lu|Ting-Lu, L50|100\/100\n|-ability|p1b: Ting-Lu|Vessel of Ruin\n|turn|5\n|\n|t:|1684116944\n|-terastallize|p1b: Ting-Lu|Water\n|move|p2b: Chi-Yu|Dark Pulse|p1a: Baxcalibur\n|-damage|p1a: Baxcalibur|21\/100\n|move|p1a: Baxcalibur|Glaive Rush|p2a: Iron Hands\n|-damage|p2a: Iron Hands|0 fnt\n|-singlemove|p1a: Baxcalibur|Glaive Rush|[silent]\n|faint|p2a: Iron Hands\n|-end|p2a: Iron Hands|Quark Drive|[silent]\n|move|p1b: Ting-Lu|Stomping Tantrum|p2b: Chi-Yu\n|-supereffective|p2b: Chi-Yu\n|-damage|p2b: Chi-Yu|0 fnt\n|faint|p2b: Chi-Yu\n|\n|win|icebergvgc\n|c|\u2606icebergvgc|gg\n|l| IchigoZangeCorner\n|c|\u2606JHufself|Gg\n|l| tagmouse27\n|l|\u2606JHufself\n|l| sempr9\n|l| TheWigletts\n","uploadtime":1684117070,"views":27,"p1id":"icebergvgc","p2id":"jhufself","formatid":"gen9vgc2023regulationc","rating":0,"private":0,"password":""}