{"id":"gen9vgc2023regulationc-1854289731","p1":"Darklux0","p2":"Post GC2 testing","format":"[Gen 9] VGC 2023 Regulation C","log":"|j|\u2606Darklux0\n|j|\u2606Post GC2 testing\n|t:|1682793104\n|gametype|doubles\n|player|p1|Darklux0|lucas|1301\n|player|p2|Post GC2 testing|colress|1349\n|teamsize|p1|6\n|teamsize|p2|6\n|gen|9\n|tier|[Gen 9] VGC 2023 Regulation C\n|rated|\n|rule|Species Clause: Limit one of each Pok\u00e9mon\n|rule|Item Clause: Limit one of each item\n|clearpoke\n|poke|p1|Amoonguss, L50, F|\n|poke|p1|Roaring Moon, L50|\n|poke|p1|Gastrodon, L50, M|\n|poke|p1|Scizor, L50, F|\n|poke|p1|Arcanine, L50, M|\n|poke|p1|Ting-Lu, L50|\n|poke|p2|Orthworm, L50, F|\n|poke|p2|Dragonite, L50, M|\n|poke|p2|Ting-Lu, L50|\n|poke|p2|Gyarados, L50, M|\n|poke|p2|Flutter Mane, L50|\n|poke|p2|Chien-Pao, L50|\n|teampreview|4\n|\n|t:|1682793156\n|start\n|switch|p1a: Amoonguss|Amoonguss, L50, F|100\/100\n|switch|p1b: Arcanine|Arcanine, L50, M|100\/100\n|switch|p2a: Jormungandr|Gyarados, L50, M, shiny|100\/100\n|switch|p2b: Muppet|Orthworm, L50, F, shiny|100\/100\n|-ability|p1b: Arcanine|Intimidate|boost\n|-unboost|p2a: Jormungandr|atk|1\n|-unboost|p2b: Muppet|atk|1\n|-ability|p2a: Jormungandr|Intimidate|boost\n|-unboost|p1a: Amoonguss|atk|1\n|-unboost|p1b: Arcanine|atk|1\n|turn|1\n|\n|t:|1682793193\n|move|p1a: Amoonguss|Rage Powder|p1a: Amoonguss\n|-singleturn|p1a: Amoonguss|move: Rage Powder\n|move|p1b: Arcanine|Flare Blitz|p2b: Muppet\n|-supereffective|p2b: Muppet\n|-damage|p2b: Muppet|62\/100\n|-damage|p1b: Arcanine|89\/100|[from] Recoil\n|move|p2a: Jormungandr|Taunt|p1a: Amoonguss\n|-start|p1a: Amoonguss|move: Taunt\n|move|p2b: Muppet|Iron Defense|p2b: Muppet\n|-boost|p2b: Muppet|def|2\n|\n|upkeep\n|turn|2\n|\n|t:|1682793236\n|switch|p1a: Roaring Moon|Roaring Moon, L50|100\/100\n|-enditem|p1a: Roaring Moon|Booster Energy\n|-activate|p1a: Roaring Moon|ability: Protosynthesis|[fromitem]\n|-start|p1a: Roaring Moon|protosynthesisatk\n|move|p1b: Arcanine|Will-O-Wisp|p2b: Muppet\n|-status|p2b: Muppet|brn\n|move|p2a: Jormungandr|Bulldoze|p1b: Arcanine|[spread] p1a,p1b\n|-heal|p2b: Muppet|87\/100 brn|[from] ability: Earth Eater|[of] p2a: Jormungandr\n|-supereffective|p1b: Arcanine\n|-damage|p1a: Roaring Moon|90\/100\n|-damage|p1b: Arcanine|76\/100\n|-unboost|p1a: Roaring Moon|spe|1\n|-unboost|p1b: Arcanine|spe|1\n|move|p2b: Muppet|Iron Defense|p2b: Muppet\n|-boost|p2b: Muppet|def|2\n|\n|-damage|p2b: Muppet|81\/100 brn|[from] brn\n|upkeep\n|turn|3\n|\n|t:|1682793274\n|-terastallize|p1a: Roaring Moon|Flying\n|move|p1a: Roaring Moon|Tailwind|p1a: Roaring Moon\n|-sidestart|p1: Darklux0|move: Tailwind\n|move|p1b: Arcanine|Will-O-Wisp|p2a: Jormungandr\n|-status|p2a: Jormungandr|brn\n|move|p2a: Jormungandr|Thunder Wave|p1b: Arcanine\n|-status|p1b: Arcanine|par\n|move|p2b: Muppet|Body Press|p1a: Roaring Moon\n|-resisted|p1a: Roaring Moon\n|-damage|p1a: Roaring Moon|64\/100\n|\n|-damage|p2a: Jormungandr|94\/100 brn|[from] brn\n|-damage|p2b: Muppet|75\/100 brn|[from] brn\n|upkeep\n|turn|4\n|\n|t:|1682793311\n|move|p1a: Roaring Moon|Acrobatics|p2b: Muppet\n|-resisted|p2b: Muppet\n|-damage|p2b: Muppet|66\/100 brn\n|move|p2a: Jormungandr|Thunder Wave|p1a: Roaring Moon\n|-status|p1a: Roaring Moon|par\n|move|p2b: Muppet|Body Press|p1b: Arcanine\n|-damage|p1b: Arcanine|40\/100 par\n|move|p1b: Arcanine|Flare Blitz|p2b: Muppet\n|-supereffective|p2b: Muppet\n|-damage|p2b: Muppet|51\/100 brn\n|-damage|p1b: Arcanine|35\/100 par|[from] Recoil\n|\n|-damage|p2a: Jormungandr|88\/100 brn|[from] brn\n|-damage|p2b: Muppet|45\/100 brn|[from] brn\n|upkeep\n|-enditem|p2b: Muppet|Sitrus Berry|[eat]\n|-heal|p2b: Muppet|70\/100 brn|[from] item: Sitrus Berry\n|turn|5\n|\n|t:|1682793356\n|switch|p1b: Amoonguss|Amoonguss, L50, F|100\/100\n|move|p1a: Roaring Moon|Acrobatics|p2a: Jormungandr\n|-damage|p2a: Jormungandr|13\/100 brn\n|move|p2a: Jormungandr|Waterfall|p1a: Roaring Moon\n|-damage|p1a: Roaring Moon|51\/100 par\n|move|p2b: Muppet|Body Press|p1b: Amoonguss\n|-resisted|p1b: Amoonguss\n|-damage|p1b: Amoonguss|84\/100\n|\n|-damage|p2a: Jormungandr|8\/100 brn|[from] brn\n|-damage|p2b: Muppet|64\/100 brn|[from] brn\n|upkeep\n|turn|6\n|\n|t:|1682793384\n|cant|p1a: Roaring Moon|par\n|move|p2a: Jormungandr|Thunder Wave|p1b: Amoonguss\n|-status|p1b: Amoonguss|par\n|move|p2b: Muppet|Iron Defense|p2b: Muppet\n|-boost|p2b: Muppet|def|2\n|cant|p1b: Amoonguss|par\n|\n|-damage|p2a: Jormungandr|1\/100 brn|[from] brn\n|-damage|p2b: Muppet|59\/100 brn|[from] brn\n|-sideend|p1: Darklux0|move: Tailwind\n|upkeep\n|turn|7\n|\n|t:|1682793432\n|switch|p1b: Arcanine|Arcanine, L50, M|35\/100 par\n|-ability|p1b: Arcanine|Intimidate|boost\n|-unboost|p2a: Jormungandr|atk|1\n|-unboost|p2b: Muppet|atk|1\n|cant|p1a: Roaring Moon|par\n|move|p2a: Jormungandr|Taunt|p1b: Arcanine\n|-start|p1b: Arcanine|move: Taunt\n|move|p2b: Muppet|Body Press|p1a: Roaring Moon\n|-resisted|p1a: Roaring Moon\n|-damage|p1a: Roaring Moon|13\/100 par\n|\n|-damage|p2a: Jormungandr|0 fnt|[from] brn\n|faint|p2a: Jormungandr\n|-damage|p2b: Muppet|53\/100 brn|[from] brn\n|upkeep\n|\n|t:|1682793440\n|switch|p2a: Lancelot|Dragonite, L50, M|100\/100\n|turn|8\n|\n|t:|1682793474\n|switch|p1b: Scizor|Scizor, L50, F|100\/100\n|-end|p1a: Roaring Moon|Protosynthesis|[silent]\n|switch|p1a: Amoonguss|Amoonguss, L50, F|100\/100 par\n|move|p2a: Lancelot|Extreme Speed|p1a: Amoonguss\n|-damage|p1a: Amoonguss|78\/100 par\n|move|p2b: Muppet|Body Press|p1b: Scizor\n|-damage|p1b: Scizor|44\/100\n|\n|-damage|p2b: Muppet|47\/100 brn|[from] brn\n|upkeep\n|turn|9\n|\n|t:|1682793499\n|-terastallize|p2a: Lancelot|Flying\n|move|p1a: Amoonguss|Rage Powder|p1a: Amoonguss\n|-singleturn|p1a: Amoonguss|move: Rage Powder\n|move|p2a: Lancelot|Dragon Dance|p2a: Lancelot\n|-boost|p2a: Lancelot|atk|1\n|-boost|p2a: Lancelot|spe|1\n|move|p2b: Muppet|Body Press|p1a: Amoonguss\n|-resisted|p1a: Amoonguss\n|-damage|p1a: Amoonguss|53\/100 par\n|move|p1b: Scizor|Swords Dance|p1b: Scizor\n|-boost|p1b: Scizor|atk|2\n|\n|-damage|p2b: Muppet|41\/100 brn|[from] brn\n|upkeep\n|turn|10\n|\n|t:|1682793536\n|switch|p1a: Arcanine|Arcanine, L50, M|35\/100 par\n|-ability|p1a: Arcanine|Intimidate|boost\n|-unboost|p2a: Lancelot|atk|1\n|-unboost|p2b: Muppet|atk|1\n|move|p1b: Scizor|Bullet Punch|p2a: Lancelot\n|-damage|p2a: Lancelot|68\/100\n|move|p2a: Lancelot|Tera Blast|p1a: Arcanine\n|-damage|p1a: Arcanine|0 fnt\n|faint|p1a: Arcanine\n|move|p2b: Muppet|Body Press|p1b: Scizor\n|-damage|p1b: Scizor|0 fnt\n|faint|p1b: Scizor\n|\n|-damage|p2b: Muppet|35\/100 brn|[from] brn\n|upkeep\n|\n|t:|1682793554\n|switch|p1a: Amoonguss|Amoonguss, L50, F|87\/100 par\n|switch|p1b: Roaring Moon|Roaring Moon, L50, tera:Flying|13\/100 par\n|turn|11\n|\n|t:|1682793571\n|move|p2a: Lancelot|Tera Blast|p1a: Amoonguss\n|-supereffective|p1a: Amoonguss\n|-damage|p1a: Amoonguss|0 fnt\n|faint|p1a: Amoonguss\n|move|p1b: Roaring Moon|Acrobatics|p2a: Lancelot\n|-damage|p2a: Lancelot|3\/100\n|move|p2b: Muppet|Body Press|p1b: Roaring Moon\n|-resisted|p1b: Roaring Moon\n|-damage|p1b: Roaring Moon|0 fnt\n|faint|p1b: Roaring Moon\n|-end|p1b: Roaring Moon|Protosynthesis|[silent]\n|\n|win|Post GC2 testing\n|raw|Darklux0's rating: 1301 → 1284<\/strong> (-17 for losing)\n|raw|Post GC2 testing's rating: 1349 → 1366<\/strong> (+17 for winning)\n|c|\u2606Post GC2 testing|Gg\n|l|\u2606Darklux0\n","uploadtime":1682793606,"views":14,"p1id":"darklux0","p2id":"postgc2testing","formatid":"gen9vgc2023regulationc","rating":1284,"private":0,"password":""}