{"id":"gen9vgc2023regulationc-1861934451","p1":"AndrwApple","p2":"Moonlight Flutter","format":"[Gen 9] VGC 2023 Regulation C","log":"|j|\u2606AndrwApple\n|j|\u2606Moonlight Flutter\n|t:|1683822086\n|gametype|doubles\n|player|p1|AndrwApple|marnie-masters2|\n|player|p2|Moonlight Flutter|dawn-masters2|\n|teamsize|p1|6\n|teamsize|p2|6\n|gen|9\n|tier|[Gen 9] VGC 2023 Regulation C\n|rule|Species Clause: Limit one of each Pok\u00e9mon\n|rule|Item Clause: Limit one of each item\n|clearpoke\n|poke|p1|Baxcalibur, L50, F|\n|poke|p1|Iron Bundle, L50|\n|poke|p1|Flutter Mane, L50|\n|poke|p1|Annihilape, L50, F|\n|poke|p1|Arcanine, L50, M|\n|poke|p1|Abomasnow, L50, M|\n|poke|p2|Flutter Mane, L50|\n|poke|p2|Chi-Yu, L50|\n|poke|p2|Meowscarada, L50, F|\n|poke|p2|Gyarados, L50, M|\n|poke|p2|Baxcalibur, L50, F|\n|poke|p2|Corviknight, L50, F|\n|teampreview|4\n|c|\u2606AndrwApple|Hf\nMoonlight Flutter has agreed to open team sheets.\nAndrwApple has agreed to open team sheets.\n|c|\u2606Moonlight Flutter|u2\n|\n|t:|1683822141\n|start\n|switch|p1a: Eskimo|Iron Bundle, L50|100\/100\n|switch|p1b: Santa|Abomasnow, L50, M|100\/100\n|switch|p2a: Corviknight|Corviknight, L50, F|100\/100\n|switch|p2b: Baxcalibur|Baxcalibur, L50, F|100\/100\n|-weather|Snow|[from] ability: Snow Warning|[of] p1b: Santa\n|turn|1\n|\n|t:|1683822178\n|-terastallize|p1a: Eskimo|Ice\n|-terastallize|p2a: Corviknight|Fire\n|move|p1a: Eskimo|Blizzard|p2a: Corviknight|[spread] p2a,p2b\n|-resisted|p2a: Corviknight\n|-damage|p2a: Corviknight|66\/100\n|-damage|p2b: Baxcalibur|32\/100\n|move|p2b: Baxcalibur|Glaive Rush|p1a: Eskimo\n|-damage|p1a: Eskimo|45\/100\n|-singlemove|p2b: Baxcalibur|Glaive Rush|[silent]\n|move|p1b: Santa|Aurora Veil|p1b: Santa\n|-sidestart|p1: AndrwApple|move: Aurora Veil\n|move|p2a: Corviknight|Tailwind|p2a: Corviknight\n|-sidestart|p2: Moonlight Flutter|move: Tailwind\n|\n|-weather|Snow|[upkeep]\n|upkeep\n|turn|2\n|\n|t:|1683822207\n|move|p2b: Baxcalibur|Glaive Rush|p1b: Santa\n|-damage|p1b: Santa|62\/100\n|-singlemove|p2b: Baxcalibur|Glaive Rush|[silent]\n|move|p1a: Eskimo|Blizzard|p2b: Baxcalibur|[spread] p2a,p2b\n|-resisted|p2a: Corviknight\n|-damage|p2a: Corviknight|33\/100\n|-damage|p2b: Baxcalibur|0 fnt\n|faint|p2b: Baxcalibur\n|move|p2a: Corviknight|Roost|p2a: Corviknight\n|-heal|p2a: Corviknight|83\/100\n|move|p1b: Santa|Blizzard|p2a: Corviknight\n|-resisted|p2a: Corviknight\n|-damage|p2a: Corviknight|64\/100\n|\n|-weather|Snow|[upkeep]\n|upkeep\n|\n|t:|1683822220\n|switch|p2b: Chi-Yu|Chi-Yu, L50|100\/100\n|-ability|p2b: Chi-Yu|Beads of Ruin\n|turn|3\n|\n|t:|1683822228\n|-end|p1a: Eskimo|Quark Drive|[silent]\n|switch|p1a: He's Back|Baxcalibur, L50, F|100\/100\n|switch|p1b: Annihilape|Annihilape, L50, F, shiny|100\/100\n|move|p2b: Chi-Yu|Heat Wave|p1b: Annihilape|[spread] p1a,p1b\n|-damage|p1a: He's Back|80\/100\n|-damage|p1b: Annihilape|70\/100\n|-ability|p1a: He's Back|Thermal Exchange|boost\n|-boost|p1a: He's Back|atk|1\n|move|p2a: Corviknight|Bulk Up|p2a: Corviknight\n|-boost|p2a: Corviknight|atk|1\n|-boost|p2a: Corviknight|def|1\n|\n|-weather|Snow|[upkeep]\n|upkeep\n|turn|4\n|\n|t:|1683822254\n|move|p2b: Chi-Yu|Dark Pulse|p1a: He's Back\n|-damage|p1a: He's Back|57\/100\n|move|p2a: Corviknight|Brave Bird|p1b: Annihilape\n|-supereffective|p1b: Annihilape\n|-damage|p1b: Annihilape|0 fnt\n|faint|p1b: Annihilape\n|-damage|p2a: Corviknight|41\/100|[from] Recoil\n|move|p1a: He's Back|Glaive Rush|p2a: Corviknight\n|-damage|p2a: Corviknight|0 fnt\n|-singlemove|p1a: He's Back|Glaive Rush|[silent]\n|faint|p2a: Corviknight\n|\n|-weather|Snow|[upkeep]\n|-sideend|p2: Moonlight Flutter|move: Tailwind\n|upkeep\n|\n|t:|1683822264\n|switch|p1b: Eskimo|Iron Bundle, L50, tera:Ice|45\/100\n|switch|p2a: Flutter Mane|Flutter Mane, L50|100\/100\n|-enditem|p2a: Flutter Mane|Booster Energy\n|-activate|p2a: Flutter Mane|ability: Protosynthesis|[fromitem]\n|-start|p2a: Flutter Mane|protosynthesisspa\n|turn|5\n|\n|t:|1683822279\n|move|p1a: He's Back|Ice Shard|p2a: Flutter Mane\n|-damage|p2a: Flutter Mane|44\/100\n|move|p1b: Eskimo|Blizzard|p2b: Chi-Yu|[spread] p2a,p2b\n|-resisted|p2b: Chi-Yu\n|-damage|p2a: Flutter Mane|0 fnt\n|-damage|p2b: Chi-Yu|54\/100\n|faint|p2a: Flutter Mane\n|-end|p2a: Flutter Mane|Protosynthesis|[silent]\n|move|p2b: Chi-Yu|Heat Wave|p1b: Eskimo|[spread] p1a,p1b\n|-supereffective|p1b: Eskimo\n|-damage|p1a: He's Back|36\/100\n|-damage|p1b: Eskimo|0 fnt\n|-ability|p1a: He's Back|Thermal Exchange|boost\n|-boost|p1a: He's Back|atk|1\n|faint|p1b: Eskimo\n|-end|p1b: Eskimo|Quark Drive|[silent]\n|\n|-weather|none\n|upkeep\n|\n|t:|1683822284\n|switch|p1b: Santa|Abomasnow, L50, M|62\/100\n|-weather|Snow|[from] ability: Snow Warning|[of] p1b: Santa\n|turn|6\n|\n|t:|1683822297\n|move|p2b: Chi-Yu|Protect|p2b: Chi-Yu\n|-singleturn|p2b: Chi-Yu|Protect\n|move|p1a: He's Back|Glaive Rush|p2b: Chi-Yu\n|-activate|p2b: Chi-Yu|move: Protect\n|move|p1b: Santa|Blizzard|p2b: Chi-Yu\n|-activate|p2b: Chi-Yu|move: Protect\n|\n|-weather|Snow|[upkeep]\n|upkeep\n|turn|7\n|\n|t:|1683822306\n|move|p2b: Chi-Yu|Overheat|p1a: He's Back\n|-damage|p1a: He's Back|0 fnt\n|-unboost|p2b: Chi-Yu|spa|2\n|faint|p1a: He's Back\n|move|p1b: Santa|Blizzard|p2b: Chi-Yu\n|-resisted|p2b: Chi-Yu\n|-damage|p2b: Chi-Yu|30\/100\n|-status|p2b: Chi-Yu|frz\n|\n|-weather|Snow|[upkeep]\n|upkeep\n|turn|8\n|c|\u2606Moonlight Flutter|rip\n|\n|t:|1683822315\n|-curestatus|p2b: Chi-Yu|frz|[msg]\n|move|p2b: Chi-Yu|Overheat|p1b: Santa\n|-supereffective|p1b: Santa\n|-damage|p1b: Santa|0 fnt\n|-unboost|p2b: Chi-Yu|spa|2\n|faint|p1b: Santa\n|\n|win|Moonlight Flutter\n|c|\u2606AndrwApple|Op\n|c|\u2606Moonlight Flutter|oh few\n|c|\u2606AndrwApple|Rip\n|c|\u2606Moonlight Flutter|gg\n|c|\u2606AndrwApple|Gg\n","uploadtime":1683822328,"views":16,"p1id":"andrwapple","p2id":"moonlightflutter","formatid":"gen9vgc2023regulationc","rating":0,"private":0,"password":""}