{"id":"gen9vgc2023regulationc-1857973895","p1":"Bdogplatinum","p2":"RagnaC","format":"[Gen 9] VGC 2023 Regulation C","log":"|j|\u2606Bdogplatinum\n|j|\u2606RagnaC\n|t:|1683254436\n|gametype|doubles\n|player|p1|Bdogplatinum|cress|\n|player|p2|RagnaC|red|\n|teamsize|p1|6\n|teamsize|p2|6\n|gen|9\n|tier|[Gen 9] VGC 2023 Regulation C\n|rule|Species Clause: Limit one of each Pok\u00e9mon\n|rule|Item Clause: Limit one of each item\n|clearpoke\n|poke|p1|Palafin, L50, F|\n|poke|p1|Flutter Mane, L50|\n|poke|p1|Amoonguss, L50, F|\n|poke|p1|Ting-Lu, L50|\n|poke|p1|Arcanine, L50, F|\n|poke|p1|Baxcalibur, L50, M|\n|poke|p2|Palafin, L50, F|\n|poke|p2|Flutter Mane, L50|\n|poke|p2|Amoonguss, L50, M|\n|poke|p2|Chi-Yu, L50|\n|poke|p2|Iron Hands, L50|\n|poke|p2|Corviknight, L50, F|\n|teampreview|4\n|inactive|Battle timer is ON: inactive players will automatically lose when time's up. (requested by RagnaC)\nBdogplatinum has agreed to open team sheets.\nRagnaC has agreed to open team sheets.\n|inactive|Bdogplatinum has 60 seconds left.\n|inactive|RagnaC has 60 seconds left.\n|inactive|RagnaC has 30 seconds left.\n|inactive|RagnaC has 20 seconds left.\n|inactive|RagnaC has 15 seconds left.\n|inactive|RagnaC has 10 seconds left.\n|\n|t:|1683254518\n|start\n|switch|p1a: Amoonguss|Amoonguss, L50, F|100\/100\n|switch|p1b: Palafin|Palafin, L50, F|100\/100\n|switch|p2a: Palafin|Palafin, L50, F|100\/100\n|switch|p2b: Corviknight|Corviknight, L50, F|100\/100\n|turn|1\n|j| aberen\n|\n|t:|1683254534\n|detailschange|p2a: Palafin|Palafin-Hero, L50, F\n|switch|p2a: Amoonguss|Amoonguss, L50, M|100\/100\n|detailschange|p1b: Palafin|Palafin-Hero, L50, F\n|switch|p1b: Ting-Lu|Ting-Lu, L50|100\/100\n|-ability|p1b: Ting-Lu|Vessel of Ruin\n|switch|p1a: Baxcalibur|Baxcalibur, L50, M|100\/100\n|move|p2b: Corviknight|Bulk Up|p2b: Corviknight\n|-boost|p2b: Corviknight|atk|1\n|-boost|p2b: Corviknight|def|1\n|\n|upkeep\n|turn|2\n|inactive|Bdogplatinum has 30 seconds left.\n|\n|t:|1683254570\n|move|p1a: Baxcalibur|Glaive Rush|p2a: Amoonguss\n|-damage|p2a: Amoonguss|39\/100\n|-singlemove|p1a: Baxcalibur|Glaive Rush|[silent]\n|-enditem|p2a: Amoonguss|Sitrus Berry|[eat]\n|-heal|p2a: Amoonguss|64\/100|[from] item: Sitrus Berry\n|move|p2b: Corviknight|Brave Bird|p1a: Baxcalibur\n|-damage|p1a: Baxcalibur|0 fnt\n|faint|p1a: Baxcalibur\n|-damage|p2b: Corviknight|63\/100|[from] Recoil\n|move|p1b: Ting-Lu|Stomping Tantrum|p2a: Amoonguss\n|-damage|p2a: Amoonguss|32\/100\n|move|p2a: Amoonguss|Spore|p1b: Ting-Lu\n|-status|p1b: Ting-Lu|slp|[from] move: Spore\n|\n|upkeep\n|\n|t:|1683254582\n|switch|p1a: Palafin|Palafin-Hero, L50, F|100\/100\n|-activate|p1a: Palafin|ability: Zero to Hero\n|turn|3\n|inactive|RagnaC has 30 seconds left.\n|inactive|RagnaC has 20 seconds left.\n|inactive|RagnaC has 15 seconds left.\n|inactive|RagnaC has 10 seconds left.\n|inactive|RagnaC has 5 seconds left.\n|\n|t:|1683254634\n|move|p1a: Palafin|Wave Crash|p2a: Amoonguss\n|-resisted|p2a: Amoonguss\n|-damage|p2a: Amoonguss|0 fnt\n|faint|p2a: Amoonguss\n|-damage|p1a: Palafin|89\/100|[from] Recoil\n|move|p2b: Corviknight|Tailwind|p2b: Corviknight\n|-sidestart|p2: RagnaC|move: Tailwind\n|cant|p1b: Ting-Lu|slp\n|\n|upkeep\n|\n|t:|1683254642\n|switch|p2a: Palafin|Palafin-Hero, L50, F|100\/100\n|-activate|p2a: Palafin|ability: Zero to Hero\n|turn|4\n|\n|t:|1683254655\n|switch|p1b: Amoonguss|Amoonguss, L50, F|100\/100\n|move|p2a: Palafin|Wave Crash|p1b: Amoonguss\n|-resisted|p1b: Amoonguss\n|-damage|p1b: Amoonguss|60\/100\n|-damage|p2a: Palafin|86\/100|[from] Recoil\n|move|p2b: Corviknight|Brave Bird|p1a: Palafin\n|-damage|p1a: Palafin|30\/100\n|-damage|p2b: Corviknight|42\/100|[from] Recoil\n|move|p1a: Palafin|Haze|p1a: Palafin\n|-clearallboost\n|\n|upkeep\n|turn|5\n|inactive|RagnaC has 30 seconds left.\n|inactive|RagnaC has 20 seconds left.\n|inactive|RagnaC has 15 seconds left.\n|\n|t:|1683254698\n|switch|p1a: Ting-Lu|Ting-Lu, L50|100\/100 slp\n|-ability|p1a: Ting-Lu|Vessel of Ruin\n|-terastallize|p2a: Palafin|Water\n|-terastallize|p1b: Amoonguss|Water\n|move|p2a: Palafin|Wave Crash|p1b: Amoonguss\n|-resisted|p1b: Amoonguss\n|-damage|p1b: Amoonguss|0 fnt\n|faint|p1b: Amoonguss\n|-damage|p2a: Palafin|65\/100|[from] Recoil\n|move|p2b: Corviknight|Brave Bird|p1a: Ting-Lu\n|-damage|p1a: Ting-Lu|76\/100 slp\n|-damage|p2b: Corviknight|31\/100|[from] Recoil\n|\n|upkeep\n|\n|t:|1683254707\n|switch|p1b: Palafin|Palafin-Hero, L50, F|30\/100\n|turn|6\n|inactive|Bdogplatinum has 30 seconds left.\n|\n|t:|1683254736\n|move|p2a: Palafin|Jet Punch|p1a: Ting-Lu\n|-supereffective|p1a: Ting-Lu\n|-damage|p1a: Ting-Lu|3\/100 slp\n|move|p1b: Palafin|Jet Punch|p2b: Corviknight\n|-damage|p2b: Corviknight|0 fnt\n|faint|p2b: Corviknight\n|cant|p1a: Ting-Lu|slp\n|\n|-sideend|p2: RagnaC|move: Tailwind\n|upkeep\n|\n|t:|1683254743\n|switch|p2b: Iron Hands|Iron Hands, L50|100\/100\n|turn|7\n|\n|t:|1683254750\n|move|p2b: Iron Hands|Fake Out|p1a: Ting-Lu\n|-damage|p1a: Ting-Lu|0 fnt\n|faint|p1a: Ting-Lu\n|move|p2a: Palafin|Jet Punch|p1b: Palafin\n|-resisted|p1b: Palafin\n|-damage|p1b: Palafin|0 fnt\n|faint|p1b: Palafin\n|\n|win|RagnaC\n|l|\u2606Bdogplatinum\n|l| aberen\n","uploadtime":1683255367,"views":3,"p1id":"bdogplatinum","p2id":"ragnac","formatid":"gen9vgc2023regulationc","rating":0,"private":0,"password":""}