{"id":"gen9vgc2023regulationc-1855777017","p1":"memazos","p2":"jotapevh","format":"[Gen 9] VGC 2023 Regulation C","log":"|j|\u2606memazos\n|j|\u2606jotapevh\n|t:|1682982912\n|gametype|doubles\n|player|p1|memazos|aromalady|1319\n|player|p2|jotapevh|norman|1302\n|teamsize|p1|6\n|teamsize|p2|6\n|gen|9\n|tier|[Gen 9] VGC 2023 Regulation C\n|rated|\n|rule|Species Clause: Limit one of each Pok\u00e9mon\n|rule|Item Clause: Limit one of each item\n|clearpoke\n|poke|p1|Iron Bundle, L50|\n|poke|p1|Ting-Lu, L50|\n|poke|p1|Vivillon-Fancy, L50, M|\n|poke|p1|Iron Hands, L50|\n|poke|p1|Bronzong, L50|\n|poke|p1|Abomasnow, L50, M|\n|poke|p2|Ting-Lu, L50|\n|poke|p2|Vivillon-Fancy, L50, F|\n|poke|p2|Iron Bundle, L50|\n|poke|p2|Abomasnow, L50, M|\n|poke|p2|Annihilape, L50, F|\n|poke|p2|Chien-Pao, L50|\n|teampreview|4\n|inactive|Battle timer is ON: inactive players will automatically lose when time's up. (requested by memazos)\n|\n|t:|1682982936\n|start\n|switch|p1a: Bronzong|Bronzong, L50|100\/100\n|switch|p1b: Iron Hands|Iron Hands, L50|100\/100\n|switch|p2a: Annihilape|Annihilape, L50, F|100\/100\n|switch|p2b: Ting-Lu|Ting-Lu, L50|100\/100\n|-ability|p2b: Ting-Lu|Vessel of Ruin\n|turn|1\n|inactive|memazos has 30 seconds left.\n|inactive|memazos has 20 seconds left.\n|inactive|memazos has 15 seconds left.\n|\n|t:|1682982978\n|switch|p2b: Abomasnow|Abomasnow, L50, M|100\/100\n|-weather|Snow|[from] ability: Snow Warning|[of] p2b: Abomasnow\n|-terastallize|p1a: Bronzong|Fire\n|move|p1b: Iron Hands|Fake Out|p2b: Abomasnow\n|-damage|p2b: Abomasnow|89\/100\n|move|p2a: Annihilape|Taunt|p1a: Bronzong\n|-start|p1a: Bronzong|move: Taunt\n|move|p1a: Bronzong|Gyro Ball|p2a: Annihilape\n|-damage|p2a: Annihilape|76\/100\n|\n|-weather|Snow|[upkeep]\n|upkeep\n|turn|2\n|inactive|jotapevh has 30 seconds left.\n|\n|t:|1682983009\n|switch|p2a: Iron Bundle|Iron Bundle, L50|100\/100\n|-enditem|p2a: Iron Bundle|Booster Energy\n|-activate|p2a: Iron Bundle|ability: Quark Drive|[fromitem]\n|-start|p2a: Iron Bundle|quarkdrivespe\n|move|p2b: Abomasnow|Blizzard|p1a: Bronzong|[spread] p1a,p1b\n|-resisted|p1a: Bronzong\n|-damage|p1a: Bronzong|80\/100\n|-damage|p1b: Iron Hands|77\/100\n|-damage|p2b: Abomasnow|80\/100|[from] item: Life Orb\n|move|p1b: Iron Hands|Drain Punch|p2b: Abomasnow\n|-supereffective|p2b: Abomasnow\n|-damage|p2b: Abomasnow|15\/100\n|-heal|p1b: Iron Hands|100\/100|[from] drain|[of] p2b: Abomasnow\n|move|p1a: Bronzong|Body Press|p2b: Abomasnow\n|-supereffective|p2b: Abomasnow\n|-damage|p2b: Abomasnow|0 fnt\n|faint|p2b: Abomasnow\n|\n|-weather|Snow|[upkeep]\n|upkeep\n|\n|t:|1682983024\n|switch|p2b: Ting-Lu|Ting-Lu, L50|100\/100\n|-ability|p2b: Ting-Lu|Vessel of Ruin\n|turn|3\n|\n|t:|1682983039\n|-terastallize|p2b: Ting-Lu|Ground\n|move|p2a: Iron Bundle|Hydro Pump|p1a: Bronzong\n|-supereffective|p1a: Bronzong\n|-damage|p1a: Bronzong|11\/100\n|move|p2b: Ting-Lu|Earthquake|p1a: Bronzong|[spread] p2a,p1b\n|-immune|p1a: Bronzong|[from] ability: Levitate\n|-supereffective|p1b: Iron Hands\n|-damage|p2a: Iron Bundle|45\/100\n|-damage|p1b: Iron Hands|0 fnt\n|faint|p1b: Iron Hands\n|-end|p1b: Iron Hands|Quark Drive|[silent]\n|move|p1a: Bronzong|Body Press|p2b: Ting-Lu\n|-damage|p2b: Ting-Lu|83\/100\n|\n|-weather|Snow|[upkeep]\n|-end|p1a: Bronzong|move: Taunt\n|upkeep\n|\n|t:|1682983056\n|switch|p1b: SODA!!!!|Iron Bundle, L50|100\/100\n|-enditem|p1b: SODA!!!!|Booster Energy\n|-activate|p1b: SODA!!!!|ability: Quark Drive|[fromitem]\n|-start|p1b: SODA!!!!|quarkdrivespe\n|turn|4\n|\n|t:|1682983067\n|move|p2a: Iron Bundle|Protect|p2a: Iron Bundle\n|-singleturn|p2a: Iron Bundle|Protect\n|move|p1a: Bronzong|Protect|p1a: Bronzong\n|-singleturn|p1a: Bronzong|Protect\n|move|p1b: SODA!!!!|Blizzard|p2b: Ting-Lu|[spread] p2b\n|-activate|p2a: Iron Bundle|move: Protect\n|-supereffective|p2b: Ting-Lu\n|-damage|p2b: Ting-Lu|32\/100\n|move|p2b: Ting-Lu|Earthquake|p1b: SODA!!!!|[spread] p1b\n|-activate|p2a: Iron Bundle|move: Protect\n|-activate|p1a: Bronzong|move: Protect\n|-damage|p1b: SODA!!!!|43\/100\n|\n|-weather|Snow|[upkeep]\n|upkeep\n|turn|5\n|\n|t:|1682983090\n|move|p1b: SODA!!!!|Blizzard|p2a: Iron Bundle|[spread] p2a,p2b\n|-resisted|p2a: Iron Bundle\n|-supereffective|p2b: Ting-Lu\n|-damage|p2a: Iron Bundle|35\/100\n|-damage|p2b: Ting-Lu|0 fnt\n|faint|p2b: Ting-Lu\n|move|p2a: Iron Bundle|Hydro Pump|p1a: Bronzong\n|-supereffective|p1a: Bronzong\n|-damage|p1a: Bronzong|0 fnt\n|faint|p1a: Bronzong\n|\n|-weather|none\n|upkeep\n|\n|t:|1682983098\n|switch|p2b: Annihilape|Annihilape, L50, F|76\/100\n|switch|p1a: Ting-Lu|Ting-Lu, L50|100\/100\n|-ability|p1a: Ting-Lu|Vessel of Ruin\n|turn|6\n|\n|t:|1682983107\n|move|p1b: SODA!!!!|Protect|p1b: SODA!!!!\n|-singleturn|p1b: SODA!!!!|Protect\n|move|p2a: Iron Bundle|Protect|p2a: Iron Bundle\n|-singleturn|p2a: Iron Bundle|Protect\n|move|p2b: Annihilape|Close Combat|p1a: Ting-Lu\n|-supereffective|p1a: Ting-Lu\n|-damage|p1a: Ting-Lu|28\/100\n|-unboost|p2b: Annihilape|def|1\n|-unboost|p2b: Annihilape|spd|1\n|move|p1a: Ting-Lu|Earthquake|p2a: Iron Bundle|[spread] p2b\n|-activate|p1b: SODA!!!!|move: Protect\n|-activate|p2a: Iron Bundle|move: Protect\n|-damage|p2b: Annihilape|0 fnt\n|faint|p2b: Annihilape\n|\n|upkeep\n|turn|7\n|\n|t:|1682983125\n|move|p1b: SODA!!!!|Freeze-Dry|p2a: Iron Bundle\n|-damage|p2a: Iron Bundle|0 fnt\n|faint|p2a: Iron Bundle\n|-end|p2a: Iron Bundle|Quark Drive|[silent]\n|\n|win|memazos\n|raw|memazos's rating: 1319 → 1338<\/strong> (+19 for winning)\n|raw|jotapevh's rating: 1302 → 1283<\/strong> (-19 for losing)\n","uploadtime":1682983132,"views":20,"p1id":"memazos","p2id":"jotapevh","formatid":"gen9vgc2023regulationc","rating":1283,"private":0,"password":""}