{"id":"gen9vgc2023regulationc-1853419651","p1":"filthy_sanchez","p2":"ethan06","format":"[Gen 9] VGC 2023 Regulation C","log":"|j|\u2606filthy_sanchez\n|j|\u2606ethan06\n|t:|1682682909\n|gametype|doubles\n|player|p1|filthy_sanchez|1|\n|player|p2|ethan06|ninjaboy|\n|teamsize|p1|6\n|teamsize|p2|6\n|gen|9\n|tier|[Gen 9] VGC 2023 Regulation C\n|rule|Species Clause: Limit one of each Pok\u00e9mon\n|rule|Item Clause: Limit one of each item\n|clearpoke\n|poke|p1|Haunter, L50, F|\n|poke|p1|Rotom-Mow, L50|\n|poke|p1|Toxicroak, L50, F|\n|poke|p1|Appletun, L50, M|\n|poke|p1|Glimmora, L50, F|\n|poke|p1|Ting-Lu, L50|\n|poke|p2|Dondozo, L50, F|\n|poke|p2|Tatsugiri, L50, F|\n|poke|p2|Spewpa, L50, M|\n|poke|p2|Slowking, L50, M|\n|poke|p2|Eelektross, L50, M|\n|poke|p2|Salamence, L50, M|\n|teampreview|4\nethan06 has agreed to open team sheets.\n|c|\u2606filthy_sanchez|glhf!\n|c|\u2606ethan06|hfhf\nfilthy_sanchez has agreed to open team sheets.\n|j| Freischieb\n|j| Tonsoffamage\n|j| Mattando97\n|j| SlifVGC\n|c| Freischieb|ahoy there\n|c|\u2606filthy_sanchez|oh hey friends\n|c| SlifVGC|SPEWPA\n|c| Tonsoffamage|sup fam\n|c| Mattando97|Get in discord for bants\n|\n|t:|1682682991\n|start\n|switch|p1a: Rotom|Rotom-Mow, L50|100\/100\n|switch|p1b: Ting-Lu|Ting-Lu, L50|100\/100\n|switch|p2a: Tatsugiri|Tatsugiri, L50, F|100\/100\n|switch|p2b: Spewpa|Spewpa, L50, M|100\/100\n|-ability|p1b: Ting-Lu|Vessel of Ruin\n|turn|1\n|n| Say N-O-T-S to OTS|slifvgc\n|c| Say N-O-T-S to OTS|Heh\n|\n|t:|1682683029\n|move|p2a: Tatsugiri|Protect|p2a: Tatsugiri\n|-singleturn|p2a: Tatsugiri|Protect\n|move|p1a: Rotom|Thunderbolt|p2b: Spewpa\n|-damage|p2b: Spewpa|45\/100\n|move|p2b: Spewpa|Struggle Bug|p1b: Ting-Lu|[spread] p1a,p1b\n|-supereffective|p1a: Rotom\n|-supereffective|p1b: Ting-Lu\n|-crit|p1b: Ting-Lu\n|-damage|p1a: Rotom|89\/100\n|-damage|p1b: Ting-Lu|90\/100\n|-unboost|p1a: Rotom|spa|1\n|-unboost|p1b: Ting-Lu|spa|1\n|move|p1b: Ting-Lu|Rock Slide|p2b: Spewpa|[spread] p2b\n|-activate|p2a: Tatsugiri|move: Protect\n|-supereffective|p2b: Spewpa\n|-damage|p2b: Spewpa|18\/100\n|\n|-heal|p1b: Ting-Lu|96\/100|[from] item: Leftovers\n|upkeep\n|turn|2\n|\n|t:|1682683059\n|move|p2b: Spewpa|Rage Powder|p2b: Spewpa\n|-singleturn|p2b: Spewpa|move: Rage Powder\n|move|p1a: Rotom|Will-O-Wisp|p2b: Spewpa\n|-status|p2b: Spewpa|brn\n|move|p2a: Tatsugiri|Nasty Plot|p2a: Tatsugiri\n|-boost|p2a: Tatsugiri|spa|2\n|move|p1b: Ting-Lu|Rock Slide|p2a: Tatsugiri|[spread] p2a,p2b\n|-supereffective|p2b: Spewpa\n|-damage|p2a: Tatsugiri|73\/100\n|-damage|p2b: Spewpa|0 fnt\n|faint|p2b: Spewpa\n|\n|-heal|p1b: Ting-Lu|100\/100|[from] item: Leftovers\n|upkeep\n|\n|t:|1682683074\n|switch|p2b: Salamence|Salamence, L50, M|100\/100\n|-ability|p2b: Salamence|Intimidate|boost\n|-unboost|p1a: Rotom|atk|1\n|-unboost|p1b: Ting-Lu|atk|1\n|turn|3\n|\n|t:|1682683154\n|move|p2a: Tatsugiri|Protect|p2a: Tatsugiri\n|-singleturn|p2a: Tatsugiri|Protect\n|move|p2b: Salamence|Dragon Dance|p2b: Salamence\n|-boost|p2b: Salamence|atk|1\n|-boost|p2b: Salamence|spe|1\n|move|p1a: Rotom|Will-O-Wisp|p2b: Salamence\n|-status|p2b: Salamence|brn\n|-enditem|p2b: Salamence|Lum Berry|[eat]\n|-curestatus|p2b: Salamence|brn|[msg]\n|move|p1b: Ting-Lu|Rock Slide|p2a: Tatsugiri|[spread] p2b\n|-activate|p2a: Tatsugiri|move: Protect\n|-supereffective|p2b: Salamence\n|-damage|p2b: Salamence|74\/100\n|\n|upkeep\n|turn|4\n|\n|t:|1682683199\n|move|p1a: Rotom|Protect|p1a: Rotom\n|-singleturn|p1a: Rotom|Protect\n|move|p2b: Salamence|Dual Wingbeat|p1a: Rotom\n|-activate|p1a: Rotom|move: Protect\n|move|p2a: Tatsugiri|Muddy Water|p1a: Rotom|[spread] p1b\n|-activate|p1a: Rotom|move: Protect\n|-supereffective|p1b: Ting-Lu\n|-damage|p1b: Ting-Lu|1\/100\n|move|p1b: Ting-Lu|Fissure|p2a: Tatsugiri|[miss]\n|-miss|p1b: Ting-Lu|p2a: Tatsugiri\n|\n|-heal|p1b: Ting-Lu|7\/100|[from] item: Leftovers\n|upkeep\n|turn|5\n|\n|t:|1682683284\n|move|p2b: Salamence|Dual Wingbeat|p1b: Ting-Lu\n|-damage|p1b: Ting-Lu|0 fnt\n|faint|p1b: Ting-Lu\n|-hitcount|p1: Ting-Lu|1\n|move|p1a: Rotom|Will-O-Wisp|p2b: Salamence|[miss]\n|-miss|p1a: Rotom|p2b: Salamence\n|move|p2a: Tatsugiri|Draco Meteor|p1a: Rotom\n|-damage|p1a: Rotom|0 fnt\n|-unboost|p2a: Tatsugiri|spa|2\n|faint|p1a: Rotom\n|\n|upkeep\n|\n|t:|1682683298\n|switch|p1a: Haunter|Haunter, L50, F|100\/100\n|switch|p1b: Glimmora|Glimmora, L50, F, shiny|100\/100\n|turn|6\n|c|\u2606ethan06|ouch sorry fren\n|c|\u2606filthy_sanchez|:(\n|\n|t:|1682683429\n|move|p2a: Tatsugiri|Protect|p2a: Tatsugiri\n|-singleturn|p2a: Tatsugiri|Protect\n|move|p2b: Salamence|Dual Wingbeat|p1a: Haunter\n|-damage|p1a: Haunter|60\/100\n|-damage|p1a: Haunter|23\/100\n|-hitcount|p1a: Haunter|2\n|move|p1a: Haunter|Haze|p1a: Haunter\n|-clearallboost\n|move|p1b: Glimmora|Energy Ball|p2a: Tatsugiri\n|-activate|p2a: Tatsugiri|move: Protect\n|\n|upkeep\n|turn|7\n|\n|t:|1682683495\n|switch|p2b: Dondozo|Dondozo, L50, F|100\/100\n|-activate|p2a: Tatsugiri|ability: Commander|[of] p2b: Dondozo\n|-boost|p2b: Dondozo|atk|2\n|-boost|p2b: Dondozo|spa|2\n|-boost|p2b: Dondozo|spe|2\n|-boost|p2b: Dondozo|def|2\n|-boost|p2b: Dondozo|spd|2\n|-terastallize|p1b: Glimmora|Grass\n|move|p1a: Haunter|Sludge Bomb|p2a: Tatsugiri|[miss]\n|-miss|p1a: Haunter|p2a: Tatsugiri\n|move|p1b: Glimmora|Power Gem|p2b: Dondozo\n|-damage|p2b: Dondozo|86\/100\n|\n|upkeep\n|turn|8\n|\n|t:|1682683522\n|-terastallize|p2b: Dondozo|Grass\n|move|p2b: Dondozo|Order Up|p1a: Haunter\n|-damage|p1a: Haunter|0 fnt\n|faint|p1a: Haunter\n|-boost|p2b: Dondozo|atk|1\n|move|p1b: Glimmora|Energy Ball|p2b: Dondozo\n|-resisted|p2b: Dondozo\n|-damage|p2b: Dondozo|77\/100\n|\n|upkeep\n|turn|9\n|c|\u2606filthy_sanchez|gg\n|\n|t:|1682683539\n|move|p2b: Dondozo|Order Up|p1b: Glimmora\n|-damage|p1b: Glimmora|56\/100\n|-activate|p1b: Glimmora|ability: Toxic Debris\n|-sidestart|p2: ethan06|move: Toxic Spikes\n|-boost|p2b: Dondozo|atk|1\n|move|p1b: Glimmora|Mortal Spin|p2a: Tatsugiri|[spread] p2b\n|-miss|p1b: Glimmora|p2a: Tatsugiri\n|-supereffective|p2b: Dondozo\n|-damage|p2b: Dondozo|73\/100\n|-status|p2b: Dondozo|psn\n|\n|-damage|p2b: Dondozo|61\/100 psn|[from] psn\n|upkeep\n|turn|10\n|\n|t:|1682683555\n|move|p2b: Dondozo|Order Up|p1b: Glimmora\n|-damage|p1b: Glimmora|0 fnt\n|-activate|p1b: Glimmora|ability: Toxic Debris\n|-sidestart|p2: ethan06|move: Toxic Spikes\n|faint|p1b: Glimmora\n|\n|win|ethan06\n|c|\u2606ethan06|gg\n|c|\u2606ethan06|g1\n","uploadtime":1682683565,"views":11,"p1id":"filthysanchez","p2id":"ethan06","formatid":"gen9vgc2023regulationc","rating":0,"private":0,"password":""}