{"id":"gen9vgc2023regulationc-1855788629","p1":"BURANYA","p2":"Faygo_n8","format":"[Gen 9] VGC 2023 Regulation C","log":"|j|\u2606BURANYA\n|j|\u2606Faygo_n8\n|t:|1682984288\n|gametype|doubles\n|player|p1|BURANYA|alder|1207\n|player|p2|Faygo_n8|266|1128\n|teamsize|p1|6\n|teamsize|p2|6\n|gen|9\n|tier|[Gen 9] VGC 2023 Regulation C\n|rated|\n|rule|Species Clause: Limit one of each Pok\u00e9mon\n|rule|Item Clause: Limit one of each item\n|clearpoke\n|poke|p1|Slither Wing, L50|\n|poke|p1|Iron Bundle, L50|\n|poke|p1|Arcanine, L50, M|\n|poke|p1|Amoonguss, L50, F|\n|poke|p1|Flutter Mane, L50|\n|poke|p1|Corviknight, L50, F|\n|poke|p2|Garchomp, L50, M|\n|poke|p2|Orthworm, L50, M|\n|poke|p2|Baxcalibur, L50, M|\n|poke|p2|Flutter Mane, L50|\n|poke|p2|Arcanine, L50, M|\n|poke|p2|Rotom-Wash, L50|\n|teampreview|4\nBURANYA has agreed to open team sheets.\n|inactive|Battle timer is ON: inactive players will automatically lose when time's up. (requested by BURANYA)\n|inactive|Faygo_n8 has 60 seconds left.\n|\n|t:|1682984380\n|start\n|switch|p1a: Iron Bundle|Iron Bundle, L50|100\/100\n|switch|p1b: Slither Wing|Slither Wing, L50|100\/100\n|switch|p2a: Garchomp|Garchomp, L50, M|100\/100\n|switch|p2b: Rotom|Rotom-Wash, L50|100\/100\n|-enditem|p1a: Iron Bundle|Booster Energy\n|-activate|p1a: Iron Bundle|ability: Quark Drive|[fromitem]\n|-start|p1a: Iron Bundle|quarkdrivespe\n|turn|1\n|\n|t:|1682984404\n|move|p1a: Iron Bundle|Protect|p1a: Iron Bundle\n|-singleturn|p1a: Iron Bundle|Protect\n|move|p2a: Garchomp|Protect|p2a: Garchomp\n|-singleturn|p2a: Garchomp|Protect\n|move|p1b: Slither Wing|Leech Life|p2b: Rotom\n|-damage|p2b: Rotom|63\/100\n|move|p2b: Rotom|Thunderbolt|p1a: Iron Bundle\n|-activate|p1a: Iron Bundle|move: Protect\n|\n|-heal|p2b: Rotom|69\/100|[from] item: Leftovers\n|upkeep\n|turn|2\n|inactive|Faygo_n8 has 30 seconds left.\n|inactive|Faygo_n8 has 20 seconds left.\n|inactive|Faygo_n8 has 15 seconds left.\n|inactive|Faygo_n8 has 10 seconds left.\n|\n|t:|1682984451\n|switch|p2a: Flutter Mane|Flutter Mane, L50, shiny|100\/100\n|-enditem|p2a: Flutter Mane|Booster Energy\n|-activate|p2a: Flutter Mane|ability: Protosynthesis|[fromitem]\n|-start|p2a: Flutter Mane|protosynthesisspa\n|move|p1a: Iron Bundle|Freeze-Dry|p2b: Rotom\n|-supereffective|p2b: Rotom\n|-damage|p2b: Rotom|6\/100\n|move|p1b: Slither Wing|Leech Life|p2a: Flutter Mane\n|-resisted|p2a: Flutter Mane\n|-damage|p2a: Flutter Mane|79\/100\n|move|p2b: Rotom|Thunderbolt|p1a: Iron Bundle\n|-supereffective|p1a: Iron Bundle\n|-damage|p1a: Iron Bundle|0 fnt\n|faint|p1a: Iron Bundle\n|-end|p1a: Iron Bundle|Quark Drive|[silent]\n|\n|-heal|p2b: Rotom|12\/100|[from] item: Leftovers\n|upkeep\n|\n|t:|1682984467\n|switch|p1a: Arcanine|Arcanine, L50, M|100\/100\n|-ability|p1a: Arcanine|Intimidate|boost\n|-unboost|p2a: Flutter Mane|atk|1\n|-unboost|p2b: Rotom|atk|1\n|turn|3\n|\n|t:|1682984480\n|-terastallize|p1b: Slither Wing|Fire\n|move|p2b: Rotom|Protect|p2b: Rotom\n|-singleturn|p2b: Rotom|Protect\n|move|p2a: Flutter Mane|Dazzling Gleam|p1b: Slither Wing|[spread] p1a,p1b\n|-resisted|p1a: Arcanine\n|-resisted|p1b: Slither Wing\n|-damage|p1a: Arcanine|77\/100\n|-damage|p1b: Slither Wing|76\/100\n|move|p1a: Arcanine|Flare Blitz|p2a: Flutter Mane\n|-damage|p2a: Flutter Mane|0 fnt\n|faint|p2a: Flutter Mane\n|-end|p2a: Flutter Mane|Protosynthesis|[silent]\n|-damage|p1a: Arcanine|59\/100|[from] Recoil\n|move|p1b: Slither Wing|Leech Life|p2b: Rotom\n|-activate|p2b: Rotom|move: Protect\n|\n|-heal|p2b: Rotom|18\/100|[from] item: Leftovers\n|upkeep\n|\n|t:|1682984499\n|switch|p2a: Garchomp|Garchomp, L50, M|100\/100\n|turn|4\n|\n|t:|1682984515\n|-terastallize|p2a: Garchomp|Ground\n|move|p1b: Slither Wing|Protect|p1b: Slither Wing\n|-singleturn|p1b: Slither Wing|Protect\n|move|p2b: Rotom|Protect|p2b: Rotom\n|-singleturn|p2b: Rotom|Protect\n|move|p1a: Arcanine|Extreme Speed|p2b: Rotom\n|-activate|p2b: Rotom|move: Protect\n|move|p2a: Garchomp|Earthquake|p1b: Slither Wing|[spread] p1a\n|-activate|p2b: Rotom|move: Protect\n|-activate|p1b: Slither Wing|move: Protect\n|-supereffective|p1a: Arcanine\n|-damage|p1a: Arcanine|0 fnt\n|faint|p1a: Arcanine\n|\n|-heal|p2b: Rotom|24\/100|[from] item: Leftovers\n|upkeep\n|\n|t:|1682984521\n|switch|p1a: Flutter Mane|Flutter Mane, L50|100\/100\n|turn|5\n|\n|t:|1682984541\n|move|p1a: Flutter Mane|Dazzling Gleam|p2a: Garchomp|[spread] p2a,p2b\n|-damage|p2a: Garchomp|62\/100\n|-damage|p2b: Rotom|0 fnt\n|faint|p2b: Rotom\n|move|p2a: Garchomp|Iron Head|p1a: Flutter Mane\n|-supereffective|p1a: Flutter Mane\n|-enditem|p1a: Flutter Mane|Focus Sash\n|-damage|p1a: Flutter Mane|1\/100\n|move|p1b: Slither Wing|Close Combat|p2a: Garchomp\n|-damage|p2a: Garchomp|0 fnt\n|-unboost|p1b: Slither Wing|def|1\n|-unboost|p1b: Slither Wing|spd|1\n|-damage|p1b: Slither Wing|64\/100|[from] ability: Rough Skin|[of] p2a: Garchomp\n|faint|p2a: Garchomp\n|\n|upkeep\n|\n|t:|1682984560\n|switch|p2b: Baxcalibur|Baxcalibur, L50, M, shiny|100\/100\n|turn|6\n|\n|t:|1682984571\n|move|p1a: Flutter Mane|Protect|p1a: Flutter Mane\n|-singleturn|p1a: Flutter Mane|Protect\n|move|p2b: Baxcalibur|Ice Shard|p1a: Flutter Mane\n|-activate|p1a: Flutter Mane|move: Protect\n|move|p1b: Slither Wing|Close Combat|p2b: Baxcalibur\n|-supereffective|p2b: Baxcalibur\n|-damage|p2b: Baxcalibur|0 fnt\n|-unboost|p1b: Slither Wing|def|1\n|-unboost|p1b: Slither Wing|spd|1\n|faint|p2b: Baxcalibur\n|\n|win|BURANYA\n|raw|BURANYA's rating: 1207 → 1226<\/strong> (+19 for winning)\n|raw|Faygo_n8's rating: 1128 → 1109<\/strong> (-19 for losing)\n","uploadtime":1682984584,"views":15,"p1id":"buranya","p2id":"faygon8","formatid":"gen9vgc2023regulationc","rating":1109,"private":0,"password":""}