{"id":"gen9vgc2023regulationc-1848320225","p1":"tythhh","p2":"hang shocked","format":"[Gen 9] VGC 2023 Regulation C","log":"|j|\u2606tythhh\n|j|\u2606hang shocked\n|t:|1682059912\n|gametype|doubles\n|player|p1|tythhh|265|1042\n|player|p2|hang shocked|supernerd|1000\n|teamsize|p1|6\n|teamsize|p2|6\n|gen|9\n|tier|[Gen 9] VGC 2023 Regulation C\n|rated|\n|rule|Species Clause: Limit one of each Pok\u00e9mon\n|rule|Item Clause: Limit one of each item\n|clearpoke\n|poke|p1|Torkoal, L50, F|\n|poke|p1|Chi-Yu, L50|\n|poke|p1|Bronzong, L50|\n|poke|p1|Gastrodon, L50, M|\n|poke|p1|Grimmsnarl, L50, M|\n|poke|p1|Skeledirge, L50, M|\n|poke|p2|Iron Hands, L50|\n|poke|p2|Garganacl, L50, M|\n|poke|p2|Grimmsnarl, L50, M|\n|poke|p2|Glimmora, L50, F|\n|poke|p2|Altaria, L50, F|\n|poke|p2|Wo-Chien, L50|\n|teampreview|4\n|\n|t:|1682059946\n|start\n|switch|p1a: Grimmsnarl|Grimmsnarl, L50, M|100\/100\n|switch|p1b: Chi-Yu|Chi-Yu, L50|100\/100\n|switch|p2a: Grimmsnarl|Grimmsnarl, L50, M, shiny|100\/100\n|switch|p2b: Glimmora|Glimmora, L50, F, shiny|100\/100\n|-ability|p1b: Chi-Yu|Beads of Ruin\n|turn|1\n|inactive|Battle timer is ON: inactive players will automatically lose when time's up. (requested by hang shocked)\n|\n|t:|1682059960\n|move|p1b: Chi-Yu|Protect|p1b: Chi-Yu\n|-singleturn|p1b: Chi-Yu|Protect\n|move|p2a: Grimmsnarl|Fake Out|p1b: Chi-Yu\n|-activate|p1b: Chi-Yu|move: Protect\n|move|p1a: Grimmsnarl|Trick|p2b: Glimmora\n|-activate|p1a: Grimmsnarl|move: Trick|[of] p2b: Glimmora\n|-item|p2b: Glimmora|Lagging Tail|[from] move: Trick\n|-item|p1a: Grimmsnarl|Mago Berry|[from] move: Trick\n|move|p2b: Glimmora|Mortal Spin|p1b: Chi-Yu|[spread] p1a\n|-activate|p1b: Chi-Yu|move: Protect\n|-supereffective|p1a: Grimmsnarl\n|-damage|p1a: Grimmsnarl|91\/100\n|-status|p1a: Grimmsnarl|psn\n|\n|-damage|p1a: Grimmsnarl|79\/100 psn|[from] psn\n|upkeep\n|turn|2\n|\n|t:|1682059981\n|move|p2a: Grimmsnarl|Light Screen|p2a: Grimmsnarl\n|-sidestart|p2: hang shocked|move: Light Screen\n|move|p1b: Chi-Yu|Substitute|p1b: Chi-Yu\n|-start|p1b: Chi-Yu|Substitute\n|-damage|p1b: Chi-Yu|76\/100\n|move|p1a: Grimmsnarl|Spirit Break|p2a: Grimmsnarl\n|-supereffective|p2a: Grimmsnarl\n|-damage|p2a: Grimmsnarl|14\/100\n|-unboost|p2a: Grimmsnarl|spa|1\n|move|p2b: Glimmora|Mortal Spin|p1b: Chi-Yu|[spread] p1a,p1b\n|-activate|p1b: Chi-Yu|move: Substitute|[damage]\n|-supereffective|p1a: Grimmsnarl\n|-damage|p1a: Grimmsnarl|72\/100 psn\n|\n|-damage|p1a: Grimmsnarl|60\/100 psn|[from] psn\n|upkeep\n|turn|3\n|\n|t:|1682060003\n|switch|p1a: Gastrodon|Gastrodon, L50, M|100\/100\n|move|p1b: Chi-Yu|Tera Blast|p2a: Grimmsnarl\n|-damage|p2a: Grimmsnarl|0 fnt\n|faint|p2a: Grimmsnarl\n|move|p2b: Glimmora|Venoshock|p1b: Chi-Yu\n|-end|p1b: Chi-Yu|Substitute\n|\n|upkeep\n|\n|t:|1682060017\n|switch|p2a: Garganacl|Garganacl, L50, M|100\/100\n|turn|4\n|\n|t:|1682060034\n|-terastallize|p2a: Garganacl|Ghost\n|move|p1b: Chi-Yu|Protect|p1b: Chi-Yu\n|-singleturn|p1b: Chi-Yu|Protect\n|move|p1a: Gastrodon|Protect|p1a: Gastrodon\n|-singleturn|p1a: Gastrodon|Protect\n|move|p2a: Garganacl|Salt Cure|p1b: Chi-Yu\n|-activate|p1b: Chi-Yu|move: Protect\n|move|p2b: Glimmora|Venoshock|p1b: Chi-Yu\n|-activate|p1b: Chi-Yu|move: Protect\n|\n|upkeep\n|turn|5\n|\n|t:|1682060041\n|switch|p1b: Grimmsnarl|Grimmsnarl, L50, M|60\/100 psn\n|move|p1a: Gastrodon|Earth Power|p2b: Glimmora\n|-supereffective|p2b: Glimmora\n|-damage|p2b: Glimmora|16\/100\n|move|p2a: Garganacl|Salt Cure|p1b: Grimmsnarl\n|-damage|p1b: Grimmsnarl|43\/100 psn\n|-start|p1b: Grimmsnarl|Salt Cure\n|move|p2b: Glimmora|Venoshock|p1b: Grimmsnarl\n|-supereffective|p1b: Grimmsnarl\n|-damage|p1b: Grimmsnarl|0 fnt\n|faint|p1b: Grimmsnarl\n|\n|upkeep\n|\n|t:|1682060054\n|switch|p1b: Chi-Yu|Chi-Yu, L50|76\/100\n|-ability|p1b: Chi-Yu|Beads of Ruin\n|turn|6\n|\n|t:|1682060060\n|move|p1b: Chi-Yu|Protect|p1b: Chi-Yu\n|-singleturn|p1b: Chi-Yu|Protect\n|move|p1a: Gastrodon|Protect|p1a: Gastrodon\n|-singleturn|p1a: Gastrodon|Protect\n|move|p2b: Glimmora|Spiky Shield|p2b: Glimmora\n|-singleturn|p2b: Glimmora|move: Protect\n|move|p2a: Garganacl|Salt Cure|p1b: Chi-Yu\n|-activate|p1b: Chi-Yu|move: Protect\n|\n|upkeep\n|turn|7\n|\n|t:|1682060071\n|switch|p2b: Altaria|Altaria, L50, F, shiny|100\/100\n|-ability|p2b: Altaria|Cloud Nine\n|move|p1b: Chi-Yu|Substitute|p1b: Chi-Yu\n|-start|p1b: Chi-Yu|Substitute\n|-damage|p1b: Chi-Yu|51\/100\n|move|p1a: Gastrodon|Earth Power|p2b: Altaria\n|-immune|p2b: Altaria\n|move|p2a: Garganacl|Salt Cure|p1b: Chi-Yu\n|-supereffective|p1b: Chi-Yu\n|-end|p1b: Chi-Yu|Substitute\n|\n|upkeep\n|turn|8\n|\n|t:|1682060093\n|switch|p1a: Skeledirge|Skeledirge, L50, M|100\/100\n|move|p1b: Chi-Yu|Protect|p1b: Chi-Yu\n|-singleturn|p1b: Chi-Yu|Protect\n|move|p2b: Altaria|Fire Spin|p1a: Skeledirge\n|-resisted|p1a: Skeledirge\n|-damage|p1a: Skeledirge|96\/100\n|-activate|p1a: Skeledirge|move: Fire Spin|[of] p2b: Altaria\n|move|p2a: Garganacl|Salt Cure|p1b: Chi-Yu\n|-activate|p1b: Chi-Yu|move: Protect\n|\n|-heal|p1a: Skeledirge|100\/100|[from] item: Leftovers\n|-damage|p1a: Skeledirge|88\/100|[from] move: Fire Spin|[partiallytrapped]\n|upkeep\n|turn|9\n|\n|t:|1682060114\n|switch|p1b: Gastrodon|Gastrodon, L50, M|100\/100\n|-terastallize|p1a: Skeledirge|Fairy\n|move|p2b: Altaria|Protect|p2b: Altaria\n|-singleturn|p2b: Altaria|Protect\n|move|p1a: Skeledirge|Tera Blast|p2b: Altaria\n|-activate|p2b: Altaria|move: Protect\n|move|p2a: Garganacl|Salt Cure|p1b: Gastrodon\n|-resisted|p1b: Gastrodon\n|-damage|p1b: Gastrodon|93\/100\n|\n|-heal|p1a: Skeledirge|94\/100|[from] item: Leftovers\n|-damage|p1a: Skeledirge|82\/100|[from] move: Fire Spin|[partiallytrapped]\n|-sideend|p2: hang shocked|move: Light Screen\n|upkeep\n|turn|10\n|\n|t:|1682060135\n|switch|p2b: Glimmora|Glimmora, L50, F, shiny|16\/100\n|move|p1a: Skeledirge|Protect|p1a: Skeledirge\n|-singleturn|p1a: Skeledirge|Protect\n|move|p1b: Gastrodon|Sludge Bomb|p2b: Glimmora\n|-resisted|p2b: Glimmora\n|-damage|p2b: Glimmora|10\/100\n|move|p2a: Garganacl|Salt Cure|p1a: Skeledirge\n|-activate|p1a: Skeledirge|move: Protect\n|\n|-heal|p1a: Skeledirge|88\/100|[from] item: Leftovers\n|-end|p1a: Skeledirge|Fire Spin|[partiallytrapped]|[silent]\n|upkeep\n|turn|11\n|\n|t:|1682060156\n|move|p2b: Glimmora|Spiky Shield|p2b: Glimmora\n|-singleturn|p2b: Glimmora|move: Protect\n|move|p1a: Skeledirge|Torch Song|p2a: Garganacl\n|-damage|p2a: Garganacl|72\/100\n|-boost|p1a: Skeledirge|spa|1\n|move|p1b: Gastrodon|Earth Power|p2b: Glimmora\n|-activate|p2b: Glimmora|move: Protect\n|move|p2a: Garganacl|Salt Cure|p1a: Skeledirge\n|-damage|p1a: Skeledirge|77\/100\n|-start|p1a: Skeledirge|Salt Cure\n|\n|-heal|p1a: Skeledirge|83\/100|[from] item: Leftovers\n|-heal|p2a: Garganacl|78\/100|[from] item: Leftovers\n|-damage|p1a: Skeledirge|71\/100|[from] Salt Cure\n|upkeep\n|turn|12\n|inactive|hang shocked has 30 seconds left.\n|\n|t:|1682060189\n|switch|p2b: Altaria|Altaria, L50, F, shiny|100\/100\n|-ability|p2b: Altaria|Cloud Nine\n|move|p1a: Skeledirge|Torch Song|p2b: Altaria\n|-resisted|p2b: Altaria\n|-damage|p2b: Altaria|74\/100\n|-boost|p1a: Skeledirge|spa|1\n|move|p1b: Gastrodon|Earth Power|p2b: Altaria\n|-immune|p2b: Altaria\n|move|p2a: Garganacl|Salt Cure|p1b: Gastrodon\n|-resisted|p1b: Gastrodon\n|-damage|p1b: Gastrodon|84\/100\n|\n|-heal|p1a: Skeledirge|77\/100|[from] item: Leftovers\n|-heal|p2a: Garganacl|84\/100|[from] item: Leftovers\n|-damage|p1a: Skeledirge|65\/100|[from] Salt Cure\n|upkeep\n|turn|13\n|inactive|hang shocked has 30 seconds left.\n|inactive|hang shocked has 20 seconds left.\n|\n|t:|1682060224\n|move|p2b: Altaria|Protect|p2b: Altaria\n|-singleturn|p2b: Altaria|Protect\n|move|p1a: Skeledirge|Torch Song|p2a: Garganacl\n|-damage|p2a: Garganacl|31\/100\n|-boost|p1a: Skeledirge|spa|1\n|move|p1b: Gastrodon|Earth Power|p2a: Garganacl\n|-damage|p2a: Garganacl|5\/100\n|move|p2a: Garganacl|Salt Cure|p1a: Skeledirge\n|-damage|p1a: Skeledirge|53\/100\n|\n|-heal|p1a: Skeledirge|58\/100|[from] item: Leftovers\n|-heal|p2a: Garganacl|11\/100|[from] item: Leftovers\n|-damage|p1a: Skeledirge|46\/100|[from] Salt Cure\n|upkeep\n|turn|14\n|\n|t:|1682060244\n|move|p2a: Garganacl|Protect|p2a: Garganacl\n|-singleturn|p2a: Garganacl|Protect\n|move|p2b: Altaria|Haze|p2b: Altaria\n|-clearallboost\n|move|p1a: Skeledirge|Tera Blast|p2b: Altaria\n|-supereffective|p2b: Altaria\n|-damage|p2b: Altaria|2\/100\n|move|p1b: Gastrodon|Earth Power|p2a: Garganacl\n|-activate|p2a: Garganacl|move: Protect\n|\n|-heal|p1a: Skeledirge|52\/100|[from] item: Leftovers\n|-heal|p2a: Garganacl|17\/100|[from] item: Leftovers\n|-damage|p1a: Skeledirge|40\/100|[from] Salt Cure\n|upkeep\n|turn|15\n|-message|hang shocked forfeited.\n|\n|win|tythhh\n|raw|tythhh's rating: 1042 → 1072<\/strong> (+30 for winning)\n|raw|hang shocked's rating: 1000 → 1000<\/strong> (+0 for losing)\n|l|\u2606hang shocked\n","uploadtime":1682060257,"views":8,"p1id":"tythhh","p2id":"hangshocked","formatid":"gen9vgc2023regulationc","rating":1000,"private":0,"password":""}