{"id":"gen9vgc2023regulationc-1860549756","p1":"Draco Jack17","p2":"scpseptember\u9b3c\u706f","format":"[Gen 9] VGC 2023 Regulation C","log":"|j|\u2606Draco Jack17\n|j|\u2606scpseptember\u9b3c\u706f\n|t:|1683653703\n|gametype|doubles\n|player|p1|Draco Jack17|ingo|1364\n|player|p2|scpseptember\u9b3c\u706f|266|1345\n|teamsize|p1|6\n|teamsize|p2|6\n|gen|9\n|tier|[Gen 9] VGC 2023 Regulation C\n|rated|\n|rule|Species Clause: Limit one of each Pok\u00e9mon\n|rule|Item Clause: Limit one of each item\n|clearpoke\n|poke|p1|Amoonguss, L50, F|\n|poke|p1|Flutter Mane, L50|\n|poke|p1|Gyarados, L50, M|\n|poke|p1|Annihilape, L50, M|\n|poke|p1|Roaring Moon, L50|\n|poke|p1|Ting-Lu, L50|\n|poke|p2|Dondozo, L50, F|\n|poke|p2|Tatsugiri, L50, M|\n|poke|p2|Arcanine, L50, F|\n|poke|p2|Glimmora, L50, F|\n|poke|p2|Ting-Lu, L50|\n|poke|p2|Chien-Pao, L50|\n|teampreview|4\n|inactive|Battle timer is ON: inactive players will automatically lose when time's up. (requested by scpseptember\u9b3c\u706f)\n|\n|t:|1683653739\n|start\n|switch|p1a: Wrath|Annihilape, L50, M|100\/100\n|switch|p1b: Sloth|Ting-Lu, L50|100\/100\n|switch|p2a: Arcanine|Arcanine, L50, F|100\/100\n|switch|p2b: Glimmora|Glimmora, L50, F|100\/100\n|-ability|p2a: Arcanine|Intimidate|boost\n|-unboost|p1a: Wrath|atk|1\n|-ability|p1a: Wrath|Defiant|boost\n|-boost|p1a: Wrath|atk|2\n|-unboost|p1b: Sloth|atk|1\n|-ability|p1b: Sloth|Vessel of Ruin\n|turn|1\n|inactive|scpseptember\u9b3c\u706f has 30 seconds left.\n|inactive|Draco Jack17 has 30 seconds left.\n|\n|t:|1683653772\n|-terastallize|p1a: Wrath|Fire\n|move|p2b: Glimmora|Mortal Spin|p1a: Wrath|[spread] p1a,p1b\n|-resisted|p1b: Sloth\n|-damage|p1a: Wrath|95\/100\n|-damage|p1b: Sloth|99\/100\n|-status|p1a: Wrath|psn\n|-status|p1b: Sloth|psn\n|move|p1a: Wrath|Bulk Up|p1a: Wrath\n|-boost|p1a: Wrath|atk|1\n|-boost|p1a: Wrath|def|1\n|move|p2a: Arcanine|Close Combat|p1b: Sloth\n|-supereffective|p1b: Sloth\n|-damage|p1b: Sloth|47\/100 psn\n|-unboost|p2a: Arcanine|def|1\n|-unboost|p2a: Arcanine|spd|1\n|move|p1b: Sloth|Sand Tomb|p2b: Glimmora\n|-supereffective|p2b: Glimmora\n|-damage|p2b: Glimmora|53\/100\n|-activate|p2b: Glimmora|move: Sand Tomb|[of] p1b: Sloth\n|-activate|p2b: Glimmora|ability: Toxic Debris\n|-sidestart|p1: Draco Jack17|move: Toxic Spikes\n|\n|-heal|p1a: Wrath|100\/100 psn|[from] item: Leftovers\n|-damage|p1a: Wrath|88\/100 psn|[from] psn\n|-damage|p1b: Sloth|34\/100 psn|[from] psn\n|-damage|p2b: Glimmora|41\/100|[from] move: Sand Tomb|[partiallytrapped]\n|upkeep\n|turn|2\n|inactive|Draco Jack17 has 30 seconds left.\n|\n|t:|1683653804\n|switch|p2a: Tatsugiri|Tatsugiri, L50, M|100\/100\n|switch|p1b: Envy|Gyarados, L50, M|100\/100\n|-ability|p1b: Envy|Intimidate|boost\n|-unboost|p2a: Tatsugiri|atk|1\n|-unboost|p2b: Glimmora|atk|1\n|move|p2b: Glimmora|Spiky Shield|p2b: Glimmora\n|-singleturn|p2b: Glimmora|move: Protect\n|move|p1a: Wrath|Rage Fist|p2b: Glimmora\n|-activate|p2b: Glimmora|move: Protect\n|-damage|p1a: Wrath|75\/100 psn|[from] Spiky Shield|[of] p2b: Glimmora\n|\n|-heal|p1a: Wrath|81\/100 psn|[from] item: Leftovers\n|-damage|p1a: Wrath|69\/100 psn|[from] psn\n|-end|p2b: Glimmora|Sand Tomb|[partiallytrapped]|[silent]\n|upkeep\n|turn|3\n|inactive|scpseptember\u9b3c\u706f has 30 seconds left.\n|\n|t:|1683653829\n|-terastallize|p2a: Tatsugiri|Water\n|move|p1a: Wrath|Protect|p1a: Wrath\n|-singleturn|p1a: Wrath|Protect\n|move|p2a: Tatsugiri|Muddy Water|p1a: Wrath|[spread] p1b\n|-activate|p1a: Wrath|move: Protect\n|-resisted|p1b: Envy\n|-damage|p1b: Envy|85\/100\n|-unboost|p1b: Envy|accuracy|1\n|move|p2b: Glimmora|Power Gem|p1b: Envy\n|-supereffective|p1b: Envy\n|-damage|p1b: Envy|28\/100\n|move|p1b: Envy|Thunder Wave|p2a: Tatsugiri|[miss]\n|-miss|p1b: Envy|p2a: Tatsugiri\n|\n|-heal|p1a: Wrath|75\/100 psn|[from] item: Leftovers\n|-damage|p1a: Wrath|62\/100 psn|[from] psn\n|upkeep\n|turn|4\n|inactive|Draco Jack17 has 30 seconds left.\n|\n|t:|1683653857\n|switch|p1b: Gluttony|Amoonguss, L50, F|100\/100\n|-sideend|p1: Draco Jack17|move: Toxic Spikes|[of] p1b: Gluttony\n|move|p2a: Tatsugiri|Muddy Water|p1a: Wrath|[spread] p1a,p1b\n|-supereffective|p1a: Wrath\n|-resisted|p1b: Gluttony\n|-damage|p1a: Wrath|0 fnt\n|-damage|p1b: Gluttony|80\/100\n|faint|p1a: Wrath\n|move|p2b: Glimmora|Power Gem|p1b: Gluttony\n|-damage|p1b: Gluttony|35\/100\n|-enditem|p1b: Gluttony|Sitrus Berry|[eat]\n|-heal|p1b: Gluttony|60\/100|[from] item: Sitrus Berry\n|\n|upkeep\n|\n|t:|1683653863\n|switch|p1a: Sloth|Ting-Lu, L50|34\/100 psn\n|-ability|p1a: Sloth|Vessel of Ruin\n|turn|5\n|\n|t:|1683653880\n|move|p2a: Tatsugiri|Muddy Water|p1b: Gluttony|[spread] p1a\n|-miss|p2a: Tatsugiri|p1b: Gluttony\n|-supereffective|p1a: Sloth\n|-damage|p1a: Sloth|0 fnt\n|faint|p1a: Sloth\n|move|p2b: Glimmora|Sludge Bomb|p1b: Gluttony\n|-damage|p1b: Gluttony|10\/100\n|move|p1b: Gluttony|Spore|p2a: Tatsugiri\n|-status|p2a: Tatsugiri|slp|[from] move: Spore\n|\n|upkeep\n|\n|t:|1683653884\n|switch|p1a: Envy|Gyarados, L50, M|28\/100\n|-ability|p1a: Envy|Intimidate|boost\n|-unboost|p2a: Tatsugiri|atk|1\n|-unboost|p2b: Glimmora|atk|1\n|turn|6\n|\n|t:|1683653895\n|move|p1a: Envy|Protect|p1a: Envy\n|-singleturn|p1a: Envy|Protect\n|cant|p2a: Tatsugiri|slp\n|move|p2b: Glimmora|Power Gem|p1a: Envy\n|-activate|p1a: Envy|move: Protect\n|move|p1b: Gluttony|Spore|p2b: Glimmora\n|-status|p2b: Glimmora|slp|[from] move: Spore\n|\n|upkeep\n|turn|7\n|\n|t:|1683653908\n|-curestatus|p2a: Tatsugiri|slp|[msg]\n|move|p2a: Tatsugiri|Muddy Water|p1a: Envy|[spread] p1a,p1b\n|-resisted|p1a: Envy\n|-resisted|p1b: Gluttony\n|-damage|p1a: Envy|12\/100\n|-damage|p1b: Gluttony|0 fnt\n|-unboost|p1a: Envy|accuracy|1\n|faint|p1b: Gluttony\n|cant|p2b: Glimmora|slp\n|move|p1a: Envy|Waterfall|p2a: Tatsugiri|[miss]\n|-miss|p1a: Envy|p2a: Tatsugiri\n|\n|upkeep\n|turn|8\n|-message|Draco Jack17 forfeited.\n|\n|win|scpseptember\u9b3c\u706f\n|raw|Draco Jack17's rating: 1364 → 1343<\/strong> (-21 for losing)\n|raw|scpseptember\u9b3c\u706f's rating: 1345 → 1366<\/strong> (+21 for winning)\n|l|\u2606Draco Jack17\n|j|\u2606Draco Jack17\n|player|p1|Draco Jack17|ingo\n","uploadtime":1683653925,"views":8,"p1id":"dracojack17","p2id":"scpseptember","formatid":"gen9vgc2023regulationc","rating":1343,"private":0,"password":""}