{"id":"gen9vgc2023regulationc-1862718814","p1":"ascetic_lynx","p2":"qu4xly","format":"[Gen 9] VGC 2023 Regulation C","log":"|j|\u2606ascetic_lynx\n|j|\u2606qu4xly\n|t:|1683915074\n|gametype|doubles\n|player|p1|ascetic_lynx|101|1089\n|player|p2|qu4xly|ethan|1139\n|teamsize|p1|6\n|teamsize|p2|6\n|gen|9\n|tier|[Gen 9] VGC 2023 Regulation C\n|rated|\n|rule|Species Clause: Limit one of each Pok\u00e9mon\n|rule|Item Clause: Limit one of each item\n|clearpoke\n|poke|p1|Scizor, L50, M|\n|poke|p1|Ceruledge, L50, M|\n|poke|p1|Wo-Chien, L50|\n|poke|p1|Espathra, L50, F|\n|poke|p1|Gyarados, L50, M|\n|poke|p1|Flutter Mane, L50|\n|poke|p2|Ting-Lu, L50|\n|poke|p2|Abomasnow, L50, F|\n|poke|p2|Flutter Mane, L50|\n|poke|p2|Iron Hands, L50|\n|poke|p2|Bronzong, L50|\n|poke|p2|Arcanine, L50, M|\n|teampreview|4\n|inactive|Battle timer is ON: inactive players will automatically lose when time's up. (requested by ascetic_lynx)\nqu4xly rejected open team sheets.\n|inactive|qu4xly has 60 seconds left.\n|\n|t:|1683915126\n|start\n|switch|p1a: Scizor|Scizor, L50, M|100\/100\n|switch|p1b: Flutter Mane|Flutter Mane, L50|100\/100\n|switch|p2a: Iron Hands|Iron Hands, L50|100\/100\n|switch|p2b: Bronzong|Bronzong, L50, shiny|100\/100\n|-enditem|p1b: Flutter Mane|Booster Energy\n|-activate|p1b: Flutter Mane|ability: Protosynthesis|[fromitem]\n|-start|p1b: Flutter Mane|protosynthesisspe\n|turn|1\n|inactive|qu4xly has 30 seconds left.\n|\n|t:|1683915155\n|move|p2b: Bronzong|Protect|p2b: Bronzong\n|-singleturn|p2b: Bronzong|Protect\n|move|p1b: Flutter Mane|Moonblast|p2a: Iron Hands\n|-supereffective|p2a: Iron Hands\n|-damage|p2a: Iron Hands|50\/100\n|move|p1a: Scizor|Swords Dance|p1a: Scizor\n|-boost|p1a: Scizor|atk|2\n|move|p2a: Iron Hands|Wild Charge|p1b: Flutter Mane\n|-damage|p1b: Flutter Mane|0 fnt\n|faint|p1b: Flutter Mane\n|-end|p1b: Flutter Mane|Protosynthesis|[silent]\n|-damage|p2a: Iron Hands|36\/100|[from] Recoil\n|\n|upkeep\n|\n|t:|1683915176\n|switch|p1b: Ceruledge|Ceruledge, L50, M|100\/100\n|turn|2\n|inactive|qu4xly has 30 seconds left.\n|\n|t:|1683915205\n|-end|p2a: Iron Hands|Quark Drive|[silent]\n|switch|p2a: Arcanine|Arcanine, L50, M|100\/100\n|-ability|p2a: Arcanine|Intimidate|boost\n|-fail|p1a: Scizor|unboost|[from] item: Clear Amulet|[of] p1a: Scizor\n|-unboost|p1b: Ceruledge|atk|1\n|move|p1a: Scizor|Bullet Punch|p2a: Arcanine\n|-resisted|p2a: Arcanine\n|-damage|p2a: Arcanine|61\/100\n|move|p1b: Ceruledge|Bitter Blade|p2b: Bronzong\n|-supereffective|p2b: Bronzong\n|-damage|p2b: Bronzong|42\/100\n|move|p2b: Bronzong|Trick Room|p2b: Bronzong\n|-fieldstart|move: Trick Room|[of] p2b: Bronzong\n|\n|upkeep\n|turn|3\n|inactive|ascetic_lynx has 30 seconds left.\n|inactive|qu4xly has 30 seconds left.\n|inactive|qu4xly has 20 seconds left.\n|inactive|ascetic_lynx has 20 seconds left.\n|inactive|qu4xly has 15 seconds left.\n|inactive|ascetic_lynx has 15 seconds left.\n|\n|t:|1683915253\n|-terastallize|p1a: Scizor|Water\n|move|p2b: Bronzong|Gyro Ball|p1a: Scizor\n|-resisted|p1a: Scizor\n|-damage|p1a: Scizor|89\/100\n|move|p1a: Scizor|Swords Dance|p1a: Scizor\n|-boost|p1a: Scizor|atk|2\n|-enditem|p2a: Arcanine|Mirror Herb\n|-boost|p2a: Arcanine|atk|2|[from] item: Mirror Herb\n|move|p2a: Arcanine|Flare Blitz|p1a: Scizor\n|-resisted|p1a: Scizor\n|-damage|p1a: Scizor|32\/100\n|-damage|p2a: Arcanine|44\/100|[from] Recoil\n|move|p1b: Ceruledge|Bitter Blade|p2b: Bronzong\n|-supereffective|p2b: Bronzong\n|-damage|p2b: Bronzong|0 fnt\n|faint|p2b: Bronzong\n|\n|upkeep\n|\n|t:|1683915263\n|switch|p2b: Abomasnow|Abomasnow, L50, F|100\/100\n|-weather|Snow|[from] ability: Snow Warning|[of] p2b: Abomasnow\n|turn|4\n|\n|t:|1683915286\n|-terastallize|p2b: Abomasnow|Water\n|move|p2a: Arcanine|Protect|p2a: Arcanine\n|-singleturn|p2a: Arcanine|Protect\n|move|p1a: Scizor|Bullet Punch|p2a: Arcanine\n|-activate|p2a: Arcanine|move: Protect\n|move|p1b: Ceruledge|Shadow Sneak|p2a: Arcanine\n|-activate|p2a: Arcanine|move: Protect\n|move|p2b: Abomasnow|Giga Drain|p1a: Scizor\n|-supereffective|p1a: Scizor\n|-damage|p1a: Scizor|0 fnt\n|faint|p1a: Scizor\n|\n|-weather|Snow|[upkeep]\n|upkeep\n|\n|t:|1683915298\n|switch|p1a: Wo-Chien|Wo-Chien, L50|100\/100\n|-ability|p1a: Wo-Chien|Tablets of Ruin\n|turn|5\n|inactive|ascetic_lynx has 30 seconds left.\n|\n|t:|1683915327\n|move|p1a: Wo-Chien|Protect|p1a: Wo-Chien\n|-singleturn|p1a: Wo-Chien|Protect\n|move|p2b: Abomasnow|Earth Power|p1b: Ceruledge\n|-supereffective|p1b: Ceruledge\n|-damage|p1b: Ceruledge|62\/100\n|-unboost|p1b: Ceruledge|spd|1\n|move|p2a: Arcanine|Flare Blitz|p1a: Wo-Chien\n|-activate|p1a: Wo-Chien|move: Protect\n|move|p1b: Ceruledge|Clear Smog|p2a: Arcanine\n|-damage|p2a: Arcanine|36\/100\n|-clearboost|p2a: Arcanine\n|\n|-weather|Snow|[upkeep]\n|upkeep\n|turn|6\n|\n|t:|1683915352\n|move|p2a: Arcanine|Protect|p2a: Arcanine\n|-singleturn|p2a: Arcanine|Protect\n|move|p2b: Abomasnow|Blizzard|p1b: Ceruledge|[spread] p1a,p1b\n|-supereffective|p1a: Wo-Chien\n|-resisted|p1b: Ceruledge\n|-damage|p1a: Wo-Chien|57\/100\n|-damage|p1b: Ceruledge|40\/100\n|move|p1a: Wo-Chien|Leech Seed|p2b: Abomasnow\n|-start|p2b: Abomasnow|move: Leech Seed\n|move|p1b: Ceruledge|Bitter Blade|p2a: Arcanine\n|-activate|p2a: Arcanine|move: Protect\n|\n|-weather|Snow|[upkeep]\n|-damage|p2b: Abomasnow|88\/100|[from] Leech Seed|[of] p1a: Wo-Chien\n|-heal|p1a: Wo-Chien|73\/100|[silent]\n|-fieldend|move: Trick Room\n|upkeep\n|turn|7\n|inactive|ascetic_lynx has 30 seconds left.\n|inactive|ascetic_lynx has 20 seconds left.\n|inactive|ascetic_lynx has 15 seconds left.\n|\n|t:|1683915396\n|switch|p2a: Iron Hands|Iron Hands, L50|36\/100\n|move|p1b: Ceruledge|Bitter Blade|p2a: Iron Hands\n|-damage|p2a: Iron Hands|20\/100\n|-heal|p1b: Ceruledge|53\/100|[from] drain|[of] p2a: Iron Hands\n|move|p1a: Wo-Chien|Pollen Puff|p1b: Ceruledge\n|-heal|p1b: Ceruledge|100\/100\n|move|p2b: Abomasnow|Earth Power|p1b: Ceruledge\n|-supereffective|p1b: Ceruledge\n|-damage|p1b: Ceruledge|34\/100\n|\n|-weather|Snow|[upkeep]\n|-damage|p2b: Abomasnow|76\/100|[from] Leech Seed|[of] p1a: Wo-Chien\n|-heal|p1a: Wo-Chien|89\/100|[silent]\n|upkeep\n|turn|8\n|inactive|qu4xly has 30 seconds left.\n|\n|t:|1683915424\n|switch|p2b: Arcanine|Arcanine, L50, M|36\/100\n|-ability|p2b: Arcanine|Intimidate|boost\n|-unboost|p1a: Wo-Chien|atk|1\n|-unboost|p1b: Ceruledge|atk|1\n|move|p2a: Iron Hands|Fake Out|p1a: Wo-Chien\n|-damage|p1a: Wo-Chien|79\/100\n|move|p1b: Ceruledge|Bitter Blade|p2a: Iron Hands\n|-damage|p2a: Iron Hands|7\/100\n|-heal|p1b: Ceruledge|45\/100|[from] drain|[of] p2a: Iron Hands\n|cant|p1a: Wo-Chien|flinch\n|\n|-weather|none\n|upkeep\n|turn|9\n|inactive|ascetic_lynx has 30 seconds left.\n|inactive|qu4xly has 30 seconds left.\n|inactive|ascetic_lynx has 20 seconds left.\n|inactive|qu4xly has 20 seconds left.\n|inactive|ascetic_lynx has 15 seconds left.\n|inactive|qu4xly has 15 seconds left.\n|inactive|ascetic_lynx has 10 seconds left.\n|\n|t:|1683915472\n|move|p1b: Ceruledge|Shadow Sneak|p2a: Iron Hands\n|-damage|p2a: Iron Hands|1\/100\n|move|p2b: Arcanine|Flare Blitz|p1a: Wo-Chien\n|-supereffective|p1a: Wo-Chien\n|-damage|p1a: Wo-Chien|9\/100\n|-damage|p2b: Arcanine|13\/100|[from] Recoil\n|move|p1a: Wo-Chien|Leech Seed|p2b: Arcanine\n|-start|p2b: Arcanine|move: Leech Seed\n|move|p2a: Iron Hands|Wild Charge|p1b: Ceruledge\n|-damage|p1b: Ceruledge|0 fnt\n|faint|p1b: Ceruledge\n|-damage|p2a: Iron Hands|0 fnt|[from] Recoil\n|faint|p2a: Iron Hands\n|-end|p2a: Iron Hands|Quark Drive|[silent]\n|\n|-damage|p2b: Arcanine|0 fnt|[from] Leech Seed|[of] p1a: Wo-Chien\n|-heal|p1a: Wo-Chien|24\/100|[silent]\n|faint|p2b: Arcanine\n|upkeep\n|\n|t:|1683915485\n|switch|p2b: Abomasnow|Abomasnow, L50, F, tera:Water|76\/100\n|-weather|Snow|[from] ability: Snow Warning|[of] p2b: Abomasnow\n|turn|10\n|\n|t:|1683915496\n|move|p1a: Wo-Chien|Leech Seed|p2b: Abomasnow\n|-start|p2b: Abomasnow|move: Leech Seed\n|move|p2b: Abomasnow|Blizzard|p1a: Wo-Chien\n|-supereffective|p1a: Wo-Chien\n|-damage|p1a: Wo-Chien|0 fnt\n|faint|p1a: Wo-Chien\n|\n|win|qu4xly\n|raw|ascetic_lynx's rating: 1089 → 1069<\/strong> (-20 for losing)\n|raw|qu4xly's rating: 1139 → 1160<\/strong> (+21 for winning)\n|c|\u2606qu4xly|gg\n","uploadtime":1683915507,"views":14,"p1id":"asceticlynx","p2id":"qu4xly","formatid":"gen9vgc2023regulationc","rating":1069,"private":0,"password":""}