{"id":"gen9vgc2023regulationc-1857531754","p1":"AceTrainerNite","p2":"ScraggypantsYT","format":"[Gen 9] VGC 2023 Regulation C","log":"|j|\u2606AceTrainerNite\n|j|\u2606ScraggypantsYT\n|t:|1683205543\n|gametype|doubles\n|player|p1|AceTrainerNite|benga|\n|player|p2|ScraggypantsYT|plasmagrunt|\n|teamsize|p1|6\n|teamsize|p2|6\n|gen|9\n|tier|[Gen 9] VGC 2023 Regulation C\n|rule|Species Clause: Limit one of each Pok\u00e9mon\n|rule|Item Clause: Limit one of each item\n|clearpoke\n|poke|p1|Gengar, L50, M|\n|poke|p1|Dondozo, L50, M|\n|poke|p1|Toxtricity-Low-Key, L50, M|\n|poke|p1|Tatsugiri, L50, M|\n|poke|p1|Hydreigon, L50, M|\n|poke|p1|Breloom, L50, F|\n|poke|p2|Pelipper, L50, F|\n|poke|p2|Barraskewda, L50, M|\n|poke|p2|Magneton, L50|\n|poke|p2|Sableye, L50, M|\n|poke|p2|Palafin, L50, F|\n|poke|p2|Toxapex, L50, F|\n|teampreview|4\n|c|\u2606ScraggypantsYT|glhf\n|\n|t:|1683205596\n|start\n|switch|p1a: Gengar|Gengar, L50, M|100\/100\n|switch|p1b: Toxtricity|Toxtricity-Low-Key, L50, M|100\/100\n|switch|p2a: GoldenGoblin|Sableye, L50, M, shiny|100\/100\n|switch|p2b: Toxic Tammy|Toxapex, L50, F|100\/100\n|turn|1\n|\n|t:|1683205630\n|move|p2a: GoldenGoblin|Protect|p2a: GoldenGoblin\n|-singleturn|p2a: GoldenGoblin|Protect\n|move|p1a: Gengar|Energy Ball|p2b: Toxic Tammy\n|-damage|p2b: Toxic Tammy|75\/100\n|move|p1b: Toxtricity|Overdrive|p2a: GoldenGoblin|[spread] p2b\n|-activate|p2a: GoldenGoblin|move: Protect\n|-supereffective|p2b: Toxic Tammy\n|-damage|p2b: Toxic Tammy|0 fnt\n|faint|p2b: Toxic Tammy\n|-damage|p1b: Toxtricity|90\/100|[from] item: Life Orb\n|\n|upkeep\n|\n|t:|1683205653\n|switch|p2b: Final Gambit|Barraskewda, L50, M|100\/100\n|turn|2\n|\n|t:|1683205679\n|move|p1b: Toxtricity|Protect|p1b: Toxtricity\n|-singleturn|p1b: Toxtricity|Protect\n|move|p2a: GoldenGoblin|Disable|p1b: Toxtricity\n|-activate|p1b: Toxtricity|move: Protect\n|move|p2b: Final Gambit|Drill Run|p1a: Gengar\n|-supereffective|p1a: Gengar\n|-enditem|p1a: Gengar|Focus Sash\n|-damage|p1a: Gengar|1\/100\n|move|p1a: Gengar|Icy Wind|p2b: Final Gambit|[spread] p2a,p2b\n|-resisted|p2b: Final Gambit\n|-damage|p2a: GoldenGoblin|81\/100\n|-damage|p2b: Final Gambit|84\/100\n|-unboost|p2a: GoldenGoblin|spe|1\n|-unboost|p2b: Final Gambit|spe|1\n|\n|upkeep\n|turn|3\n|\n|t:|1683205716\n|move|p2a: GoldenGoblin|Rain Dance|p2a: GoldenGoblin\n|-weather|RainDance\n|move|p2b: Final Gambit|Drill Run|p1b: Toxtricity|[miss]\n|-miss|p2b: Final Gambit|p1b: Toxtricity\n|move|p1a: Gengar|Icy Wind|p2a: GoldenGoblin|[spread] p2a,p2b\n|-resisted|p2b: Final Gambit\n|-damage|p2a: GoldenGoblin|62\/100\n|-damage|p2b: Final Gambit|67\/100\n|-unboost|p2a: GoldenGoblin|spe|1\n|-unboost|p2b: Final Gambit|spe|1\n|move|p1b: Toxtricity|Boomburst|p2b: Final Gambit|[spread] p2b\n|-immune|p1a: Gengar\n|-immune|p2a: GoldenGoblin\n|-damage|p2b: Final Gambit|0 fnt\n|faint|p2b: Final Gambit\n|-damage|p1b: Toxtricity|80\/100|[from] item: Life Orb\n|\n|-weather|RainDance|[upkeep]\n|upkeep\n|\n|t:|1683205733\n|switch|p2b: Boltz|Magneton, L50, shiny|100\/100\n|turn|4\n|\n|t:|1683205761\n|move|p2a: GoldenGoblin|Protect|p2a: GoldenGoblin\n|-singleturn|p2a: GoldenGoblin|Protect\n|move|p1b: Toxtricity|Protect|p1b: Toxtricity\n|-singleturn|p1b: Toxtricity|Protect\n|move|p1a: Gengar|Shadow Ball|p2a: GoldenGoblin\n|-activate|p2a: GoldenGoblin|move: Protect\n|move|p2b: Boltz|Electroweb|p1a: Gengar|[spread] p1a\n|-activate|p1b: Toxtricity|move: Protect\n|-damage|p1a: Gengar|0 fnt\n|-start|p2b: Boltz|Disable|Electroweb|[from] ability: Cursed Body|[of] p1a: Gengar\n|faint|p1a: Gengar\n|\n|-weather|RainDance|[upkeep]\n|upkeep\n|\n|t:|1683205772\n|switch|p1a: Breloom|Breloom, L50, F, shiny|100\/100\n|turn|5\n|\n|t:|1683205800\n|move|p1b: Toxtricity|Volt Switch|p2a: GoldenGoblin\n|-damage|p2a: GoldenGoblin|2\/100\n|-damage|p1b: Toxtricity|70\/100|[from] item: Life Orb\n|\n|t:|1683205805\n|switch|p1b: Dondozo|Dondozo, L50, M, shiny|100\/100|[from] Volt Switch\n|move|p1a: Breloom|Spore|p2b: Boltz\n|-status|p2b: Boltz|slp|[from] move: Spore\n|cant|p2b: Boltz|slp\n|move|p2a: GoldenGoblin|Metal Burst|p1b: Dondozo\n|-damage|p1b: Dondozo|38\/100\n|\n|-weather|RainDance|[upkeep]\n|upkeep\n|turn|6\n|\n|t:|1683205840\n|move|p1a: Breloom|Mach Punch|p2b: Boltz\n|-supereffective|p2b: Boltz\n|-damage|p2b: Boltz|51\/100 slp\n|move|p2a: GoldenGoblin|Disable|p1a: Breloom\n|-start|p1a: Breloom|Disable|Mach Punch\n|cant|p2b: Boltz|slp\n|move|p1b: Dondozo|Earthquake|p2a: GoldenGoblin|[spread] p1a,p2a,p2b\n|-resisted|p1a: Breloom\n|-supereffective|p2b: Boltz\n|-damage|p1a: Breloom|83\/100\n|-damage|p2a: GoldenGoblin|0 fnt\n|-damage|p2b: Boltz|0 fnt\n|faint|p2a: GoldenGoblin\n|faint|p2b: Boltz\n|\n|win|AceTrainerNite\n","uploadtime":1683205856,"views":13,"p1id":"acetrainernite","p2id":"scraggypantsyt","formatid":"gen9vgc2023regulationc","rating":0,"private":0,"password":""}