{"id":"gen9vgc2023regulationc-1856309507","p1":"Spyncar","p2":"newbucket","format":"[Gen 9] VGC 2023 Regulation C","log":"|j|\u2606Spyncar\n|j|\u2606newbucket\n|t:|1683049658\n|gametype|doubles\n|player|p1|Spyncar|265|1251\n|player|p2|newbucket|zinzolin|1179\n|teamsize|p1|6\n|teamsize|p2|6\n|gen|9\n|tier|[Gen 9] VGC 2023 Regulation C\n|rated|\n|rule|Species Clause: Limit one of each Pok\u00e9mon\n|rule|Item Clause: Limit one of each item\n|clearpoke\n|poke|p1|Arcanine, L50, M|\n|poke|p1|Iron Hands, L50|\n|poke|p1|Mimikyu, L50, F|\n|poke|p1|Amoonguss, L50, M|\n|poke|p1|Sylveon, L50, F|\n|poke|p1|Palafin, L50, F|\n|poke|p2|Tinkaton, L50, F|\n|poke|p2|Indeedee-F, L50, F|\n|poke|p2|Armarouge, L50, F|\n|poke|p2|Torkoal, L50, M|\n|poke|p2|Hatterene, L50, F|\n|poke|p2|Azumarill, L50, F|\n|teampreview|4\n|inactive|Battle timer is ON: inactive players will automatically lose when time's up. (requested by newbucket)\nSpyncar has agreed to open team sheets.\n|inactive|newbucket has 60 seconds left.\n|inactive|Spyncar has 60 seconds left.\n|\n|t:|1683049704\n|start\n|switch|p1a: Arcanine|Arcanine, L50, M|100\/100\n|switch|p1b: Palafin|Palafin, L50, F|100\/100\n|switch|p2a: Indeedee|Indeedee-F, L50, F|100\/100\n|switch|p2b: Armarouge|Armarouge, L50, F|100\/100\n|-ability|p1a: Arcanine|Intimidate|boost\n|-unboost|p2a: Indeedee|atk|1\n|-unboost|p2b: Armarouge|atk|1\n|-fieldstart|move: Psychic Terrain|[from] ability: Psychic Surge|[of] p2a: Indeedee\n|turn|1\n|\n|t:|1683049724\n|detailschange|p1b: Palafin|Palafin-Hero, L50, F\n|switch|p1b: Amoonguss|Amoonguss, L50, M|100\/100\n|move|p2a: Indeedee|Follow Me|p2a: Indeedee\n|-singleturn|p2a: Indeedee|move: Follow Me\n|move|p1a: Arcanine|Snarl|p2a: Indeedee|[spread] p2a,p2b\n|-supereffective|p2a: Indeedee\n|-supereffective|p2b: Armarouge\n|-damage|p2a: Indeedee|82\/100\n|-damage|p2b: Armarouge|82\/100\n|-unboost|p2a: Indeedee|spa|1\n|-unboost|p2b: Armarouge|spa|1\n|move|p2b: Armarouge|Trick Room|p2b: Armarouge\n|-fieldstart|move: Trick Room|[of] p2b: Armarouge\n|\n|upkeep\n|turn|2\n|inactive|newbucket has 30 seconds left.\n|\n|t:|1683049757\n|-terastallize|p1b: Amoonguss|Water\n|move|p2a: Indeedee|Follow Me|p2a: Indeedee\n|-singleturn|p2a: Indeedee|move: Follow Me\n|move|p1b: Amoonguss|Spore|p2a: Indeedee\n|-activate|p2a: Indeedee|item: Safety Goggles|Spore\n|move|p2b: Armarouge|Expanding Force|p1a: Arcanine|[spread] p1a,p1b\n|-damage|p1a: Arcanine|68\/100\n|-damage|p1b: Amoonguss|65\/100\n|move|p1a: Arcanine|Snarl|p2b: Armarouge|[spread] p2a,p2b\n|-supereffective|p2a: Indeedee\n|-supereffective|p2b: Armarouge\n|-damage|p2a: Indeedee|64\/100\n|-damage|p2b: Armarouge|65\/100\n|-unboost|p2a: Indeedee|spa|1\n|-unboost|p2b: Armarouge|spa|1\n|\n|upkeep\n|turn|3\n|\n|t:|1683049773\n|switch|p2a: Hatterene|Hatterene, L50, F|100\/100\n|move|p2b: Armarouge|Wide Guard|p2b: Armarouge\n|-singleturn|p2b: Armarouge|Wide Guard\n|move|p1b: Amoonguss|Pollen Puff|p1a: Arcanine\n|-heal|p1a: Arcanine|100\/100\n|move|p1a: Arcanine|Snarl|p2b: Armarouge|[spread] \n|-activate|p2a: Hatterene|move: Wide Guard\n|-activate|p2b: Armarouge|move: Wide Guard\n|\n|upkeep\n|turn|4\n|\n|t:|1683049796\n|switch|p2b: Azumarill|Azumarill, L50, F|100\/100\n|-terastallize|p2a: Hatterene|Grass\n|move|p2a: Hatterene|Giga Drain|p1b: Amoonguss\n|-supereffective|p1b: Amoonguss\n|-crit|p1b: Amoonguss\n|-damage|p1b: Amoonguss|0 fnt\n|faint|p1b: Amoonguss\n|-damage|p2a: Hatterene|91\/100|[from] item: Life Orb\n|move|p1a: Arcanine|Snarl|p2b: Azumarill|[spread] p2a,p2b\n|-resisted|p2b: Azumarill\n|-damage|p2a: Hatterene|82\/100\n|-damage|p2b: Azumarill|96\/100\n|-unboost|p2a: Hatterene|spa|1\n|-unboost|p2b: Azumarill|spa|1\n|\n|upkeep\n|\n|t:|1683049808\n|switch|p1b: Iron Hands|Iron Hands, L50|100\/100\n|turn|5\n|\n|t:|1683049825\n|move|p2a: Hatterene|Psychic|p1b: Iron Hands\n|-supereffective|p1b: Iron Hands\n|-damage|p1b: Iron Hands|19\/100\n|-damage|p2a: Hatterene|72\/100|[from] item: Life Orb\n|move|p2b: Azumarill|Liquidation|p1a: Arcanine\n|-supereffective|p1a: Arcanine\n|-damage|p1a: Arcanine|0 fnt\n|faint|p1a: Arcanine\n|move|p1b: Iron Hands|Swords Dance|p1b: Iron Hands\n|-boost|p1b: Iron Hands|atk|2\n|\n|-fieldend|move: Trick Room\n|-fieldend|move: Psychic Terrain\n|upkeep\n|\n|t:|1683049832\n|switch|p1a: Palafin|Palafin-Hero, L50, F|100\/100\n|-activate|p1a: Palafin|ability: Zero to Hero\n|turn|6\n|\n|t:|1683049859\n|move|p1a: Palafin|Close Combat|p2a: Hatterene\n|-damage|p2a: Hatterene|16\/100\n|-unboost|p1a: Palafin|def|1\n|-unboost|p1a: Palafin|spd|1\n|move|p1b: Iron Hands|Drain Punch|p2b: Azumarill\n|-resisted|p2b: Azumarill\n|-damage|p2b: Azumarill|56\/100\n|-heal|p1b: Iron Hands|37\/100|[from] drain|[of] p2b: Azumarill\n|move|p2b: Azumarill|Liquidation|p1b: Iron Hands\n|-damage|p1b: Iron Hands|0 fnt\n|faint|p1b: Iron Hands\n|-end|p1b: Iron Hands|Quark Drive|[silent]\n|move|p2a: Hatterene|Giga Drain|p1a: Palafin\n|-supereffective|p1a: Palafin\n|-damage|p1a: Palafin|0 fnt\n|-heal|p2a: Hatterene|71\/100|[from] drain|[of] p1a: Palafin\n|faint|p1a: Palafin\n|-damage|p2a: Hatterene|62\/100|[from] item: Life Orb\n|\n|win|newbucket\n|raw|Spyncar's rating: 1251 → 1221<\/strong> (-30 for losing)\n|raw|newbucket's rating: 1179 → 1209<\/strong> (+30 for winning)\n|l|\u2606Spyncar\n","uploadtime":1683050002,"views":14,"p1id":"spyncar","p2id":"newbucket","formatid":"gen9vgc2023regulationc","rating":1209,"private":0,"password":""}