{"id":"gen9vgc2023regulationc-1861363091","p1":"PostTwink","p2":"lolugotbombed","format":"[Gen 9] VGC 2023 Regulation C","log":"|j|\u2606PostTwink\n|j|\u2606lolugotbombed\n|t:|1683749740\n|gametype|doubles\n|player|p1|PostTwink|swimmer-gen4|1043\n|player|p2|lolugotbombed|caitlin|1034\n|teamsize|p1|6\n|teamsize|p2|6\n|gen|9\n|tier|[Gen 9] VGC 2023 Regulation C\n|rated|\n|rule|Species Clause: Limit one of each Pok\u00e9mon\n|rule|Item Clause: Limit one of each item\n|clearpoke\n|poke|p1|Chien-Pao, L50|\n|poke|p1|Dragonite, L50, M|\n|poke|p1|Flutter Mane, L50|\n|poke|p1|Brambleghast, L50, F|\n|poke|p1|Jumpluff, L50, F|\n|poke|p1|Torkoal, L50, M|\n|poke|p2|Annihilape, L50, F|\n|poke|p2|Maushold, L50|\n|poke|p2|Great Tusk, L50|\n|poke|p2|Arcanine, L50, M|\n|poke|p2|Iron Bundle, L50|\n|poke|p2|Flutter Mane, L50|\n|teampreview|4\n|inactive|Battle timer is ON: inactive players will automatically lose when time's up. (requested by PostTwink)\n|inactive|lolugotbombed has 60 seconds left.\n|\n|t:|1683749771\n|start\n|switch|p1a: Jumpluff|Jumpluff, L50, F|100\/100\n|switch|p1b: Torkoal|Torkoal, L50, M|100\/100\n|switch|p2a: Flutter Mane|Flutter Mane, L50|100\/100\n|switch|p2b: Arcanine|Arcanine, L50, M|100\/100\n|-ability|p2b: Arcanine|Intimidate|boost\n|-unboost|p1a: Jumpluff|atk|1\n|-unboost|p1b: Torkoal|atk|1\n|-enditem|p1b: Torkoal|Eject Pack\n|inactive|PostTwink has 30 seconds left.\n|\n|t:|1683749798\n|switch|p1b: Brambleghast|Brambleghast, L50, F|100\/100\n|turn|1\n|c|\u2606PostTwink|lol\n|c|\u2606PostTwink|its broken\n|inactive|PostTwink has 30 seconds left.\n|inactive|lolugotbombed has 30 seconds left.\n|\n|t:|1683749831\n|-terastallize|p1b: Brambleghast|Fire\n|move|p1a: Jumpluff|Tailwind|p1a: Jumpluff\n|-sidestart|p1: PostTwink|move: Tailwind\n|-ability|p1b: Brambleghast|Wind Rider|boost\n|-boost|p1b: Brambleghast|atk|1\n|move|p1b: Brambleghast|Phantom Force||[still]\n|-prepare|p1b: Brambleghast|Phantom Force\n|move|p2a: Flutter Mane|Dazzling Gleam|p1b: Brambleghast|[spread] p1a\n|-miss|p2a: Flutter Mane|p1b: Brambleghast\n|-damage|p1a: Jumpluff|55\/100\n|-damage|p2a: Flutter Mane|91\/100|[from] item: Life Orb\n|move|p2b: Arcanine|Flare Blitz|p1a: Jumpluff\n|-supereffective|p1a: Jumpluff\n|-damage|p1a: Jumpluff|0 fnt\n|faint|p1a: Jumpluff\n|-damage|p2b: Arcanine|84\/100|[from] Recoil\n|\n|upkeep\n|\n|t:|1683749852\n|switch|p1a: Torkoal|Torkoal, L50, M|100\/100\n|-weather|SunnyDay|[from] ability: Drought|[of] p1a: Torkoal\n|-activate|p2a: Flutter Mane|ability: Protosynthesis\n|-start|p2a: Flutter Mane|protosynthesisspa\n|turn|2\n|inactive|lolugotbombed has 30 seconds left.\n|\n|t:|1683749886\n|move|p1b: Brambleghast|Phantom Force|p2a: Flutter Mane|[from]lockedmove\n|-supereffective|p2a: Flutter Mane\n|-damage|p2a: Flutter Mane|0 fnt\n|faint|p2a: Flutter Mane\n|-end|p2a: Flutter Mane|Protosynthesis|[silent]\n|move|p2b: Arcanine|Snarl|p1b: Brambleghast|[spread] p1a,p1b\n|-damage|p1a: Torkoal|90\/100\n|-damage|p1b: Brambleghast|89\/100\n|-unboost|p1a: Torkoal|spa|1\n|-unboost|p1b: Brambleghast|spa|1\n|move|p1a: Torkoal|Earth Power|p2b: Arcanine\n|-supereffective|p2b: Arcanine\n|-damage|p2b: Arcanine|69\/100\n|\n|-weather|SunnyDay|[upkeep]\n|upkeep\n|\n|t:|1683749904\n|switch|p2a: Maushold|Maushold, L50|100\/100\n|turn|3\n|inactive|PostTwink has 30 seconds left.\n|\n|t:|1683749930\n|move|p2a: Maushold|Baby-Doll Eyes|p1b: Brambleghast\n|-unboost|p1b: Brambleghast|atk|1\n|move|p1b: Brambleghast|Phantom Force||[still]\n|-prepare|p1b: Brambleghast|Phantom Force\n|move|p2b: Arcanine|Snarl|p1b: Brambleghast|[spread] p1a\n|-miss|p2b: Arcanine|p1b: Brambleghast\n|-damage|p1a: Torkoal|77\/100\n|-unboost|p1a: Torkoal|spa|1\n|move|p1a: Torkoal|Eruption|p2b: Arcanine|[spread] p2a,p2b\n|-resisted|p2b: Arcanine\n|-damage|p2a: Maushold|82\/100\n|-damage|p2b: Arcanine|64\/100\n|\n|-weather|SunnyDay|[upkeep]\n|upkeep\n|turn|4\n|\n|t:|1683749953\n|switch|p2b: Annihilape|Annihilape, L50, F|100\/100\n|move|p1a: Torkoal|Helping Hand|p1b: Brambleghast\n|-singleturn|p1b: Brambleghast|Helping Hand|[of] p1a: Torkoal\n|move|p1b: Brambleghast|Phantom Force|p2b: Annihilape|[from]lockedmove\n|-supereffective|p2b: Annihilape\n|-damage|p2b: Annihilape|0 fnt\n|faint|p2b: Annihilape\n|move|p2a: Maushold|Beat Up|p2: Annihilape|[notarget]\n|-fail|p2a: Maushold\n|\n|-weather|SunnyDay|[upkeep]\n|-sideend|p1: PostTwink|move: Tailwind\n|upkeep\n|\n|t:|1683749966\n|switch|p2b: Arcanine|Arcanine, L50, M|64\/100\n|-ability|p2b: Arcanine|Intimidate|boost\n|-unboost|p1a: Torkoal|atk|1\n|-unboost|p1b: Brambleghast|atk|1\n|turn|5\n|inactive|PostTwink has 30 seconds left.\n|inactive|lolugotbombed has 30 seconds left.\n|\n|t:|1683749998\n|switch|p1a: Flutter Mane|Flutter Mane, L50|100\/100\n|-activate|p1a: Flutter Mane|ability: Protosynthesis\n|-start|p1a: Flutter Mane|protosynthesisspa\n|-terastallize|p2b: Arcanine|Fire\n|move|p2a: Maushold|Follow Me|p2a: Maushold\n|-singleturn|p2a: Maushold|move: Follow Me\n|move|p1b: Brambleghast|Phantom Force||[still]\n|-prepare|p1b: Brambleghast|Phantom Force\n|move|p2b: Arcanine|Flare Blitz|p1b: Brambleghast|[miss]\n|-miss|p2b: Arcanine|p1b: Brambleghast\n|\n|-weather|SunnyDay|[upkeep]\n|upkeep\n|turn|6\n|\n|t:|1683750016\n|move|p2a: Maushold|Follow Me|p2a: Maushold\n|-singleturn|p2a: Maushold|move: Follow Me\n|move|p1a: Flutter Mane|Dazzling Gleam|p2a: Maushold|[spread] p2a,p2b\n|-resisted|p2b: Arcanine\n|-crit|p2b: Arcanine\n|-damage|p2a: Maushold|21\/100\n|-damage|p2b: Arcanine|43\/100\n|-damage|p1a: Flutter Mane|91\/100|[from] item: Life Orb\n|move|p1b: Brambleghast|Phantom Force|p2a: Maushold|[from]lockedmove\n|-immune|p2a: Maushold\n|move|p2b: Arcanine|Snarl|p1b: Brambleghast|[spread] p1a,p1b\n|-damage|p1a: Flutter Mane|81\/100\n|-damage|p1b: Brambleghast|78\/100\n|-unboost|p1a: Flutter Mane|spa|1\n|-unboost|p1b: Brambleghast|spa|1\n|\n|-weather|none\n|-end|p1a: Flutter Mane|Protosynthesis\n|upkeep\n|turn|7\n|inactive|lolugotbombed has 30 seconds left.\n|\n|t:|1683750044\n|move|p2a: Maushold|Follow Me|p2a: Maushold\n|-singleturn|p2a: Maushold|move: Follow Me\n|move|p1a: Flutter Mane|Dazzling Gleam|p2b: Arcanine|[spread] p2a,p2b\n|-resisted|p2b: Arcanine\n|-damage|p2a: Maushold|0 fnt\n|-damage|p2b: Arcanine|36\/100\n|faint|p2a: Maushold\n|-damage|p1a: Flutter Mane|71\/100|[from] item: Life Orb\n|move|p1b: Brambleghast|Phantom Force||[still]\n|-prepare|p1b: Brambleghast|Phantom Force\n|move|p2b: Arcanine|Play Rough|p1a: Flutter Mane\n|-damage|p1a: Flutter Mane|20\/100\n|\n|upkeep\n|turn|8\n|c|\u2606lolugotbombed|i hate this team\n|c|\u2606lolugotbombed|erg\n|c|\u2606PostTwink|sorry :(\n|inactive|lolugotbombed has 30 seconds left.\n|\n|t:|1683750074\n|move|p1a: Flutter Mane|Shadow Ball|p2b: Arcanine\n|-damage|p2b: Arcanine|7\/100\n|-damage|p1a: Flutter Mane|10\/100|[from] item: Life Orb\n|move|p1b: Brambleghast|Phantom Force|p2b: Arcanine|[from]lockedmove\n|-damage|p2b: Arcanine|0 fnt\n|faint|p2b: Arcanine\n|\n|win|PostTwink\n|raw|PostTwink's rating: 1043 → 1076<\/strong> (+33 for winning)\n|raw|lolugotbombed's rating: 1034 → 1019<\/strong> (-15 for losing)\n|c|\u2606PostTwink|trying out new stuff\n|c|\u2606PostTwink|i have been losing a lot lol\n|c|\u2606PostTwink|gg\n","uploadtime":1683750093,"views":6,"p1id":"posttwink","p2id":"lolugotbombed","formatid":"gen9vgc2023regulationc","rating":1019,"private":0,"password":""}