{"id":"gen9vgc2023regulationc-1859757483","p1":"ts02942461","p2":"Arcacagne","format":"[Gen 9] VGC 2023 Regulation C","log":"|j|\u2606ts02942461\n|j|\u2606Arcacagne\n|t:|1683562049\n|gametype|doubles\n|player|p1|ts02942461|1|1192\n|player|p2|Arcacagne|101|1240\n|teamsize|p1|6\n|teamsize|p2|6\n|gen|9\n|tier|[Gen 9] VGC 2023 Regulation C\n|rated|\n|rule|Species Clause: Limit one of each Pok\u00e9mon\n|rule|Item Clause: Limit one of each item\n|clearpoke\n|poke|p1|Scizor, L50, F|\n|poke|p1|Gastrodon, L50, M|\n|poke|p1|Ceruledge, L50, F|\n|poke|p1|Glimmora, L50, F|\n|poke|p1|Garganacl, L50, M|\n|poke|p1|Hydreigon, L50, F|\n|poke|p2|Chi-Yu, L50|\n|poke|p2|Flutter Mane, L50|\n|poke|p2|Amoonguss, L50, M|\n|poke|p2|Palafin, L50, M|\n|poke|p2|Kingambit, L50, F|\n|poke|p2|Arcanine, L50, F|\n|teampreview|4\n|l|\u2606Arcacagne\n|player|p2|\n|j|\u2606Arcacagne\n|player|p2|Arcacagne|101\n|inactive|Battle timer is ON: inactive players will automatically lose when time's up. (requested by Arcacagne)\n|\n|t:|1683562077\n|start\n|switch|p1a: Glimmora|Glimmora, L50, F|100\/100\n|switch|p1b: Ceruledge|Ceruledge, L50, F|100\/100\n|switch|p2a: Kingambit|Kingambit, L50, F|100\/100\n|switch|p2b: Palafin|Palafin, L50, M|100\/100\n|turn|1\n|inactive|Arcacagne has 30 seconds left.\n|\n|t:|1683562116\n|detailschange|p2b: Palafin|Palafin-Hero, L50, M\n|switch|p2b: Flutter Mane|Flutter Mane, L50|100\/100\n|-enditem|p2b: Flutter Mane|Booster Energy\n|-activate|p2b: Flutter Mane|ability: Protosynthesis|[fromitem]\n|-start|p2b: Flutter Mane|protosynthesisspa\n|switch|p1a: Gastrodon|Gastrodon, L50, M|100\/100\n|-terastallize|p2a: Kingambit|Water\n|move|p1b: Ceruledge|Protect|p1b: Ceruledge\n|-singleturn|p1b: Ceruledge|Protect\n|move|p2a: Kingambit|Iron Head|p1a: Gastrodon\n|-resisted|p1a: Gastrodon\n|-damage|p1a: Gastrodon|82\/100\n|\n|upkeep\n|turn|2\n|inactive|Arcacagne has 30 seconds left.\n|\n|t:|1683562141\n|switch|p1a: Scizor|Scizor, L50, F|100\/100\n|-terastallize|p1b: Ceruledge|Dark\n|move|p2b: Flutter Mane|Substitute|p2b: Flutter Mane\n|-start|p2b: Flutter Mane|Substitute\n|-damage|p2b: Flutter Mane|76\/100\n|move|p1b: Ceruledge|Bulk Up|p1b: Ceruledge\n|-boost|p1b: Ceruledge|atk|1\n|-boost|p1b: Ceruledge|def|1\n|move|p2a: Kingambit|Swords Dance|p2a: Kingambit\n|-boost|p2a: Kingambit|atk|2\n|\n|upkeep\n|turn|3\n|\n|t:|1683562160\n|move|p2b: Flutter Mane|Protect|p2b: Flutter Mane\n|-singleturn|p2b: Flutter Mane|Protect\n|move|p1b: Ceruledge|Shadow Sneak|p2b: Flutter Mane\n|-activate|p2b: Flutter Mane|move: Protect\n|move|p1a: Scizor|Bullet Punch|p2b: Flutter Mane\n|-activate|p2b: Flutter Mane|move: Protect\n|move|p2a: Kingambit|Kowtow Cleave|p1a: Scizor\n|-damage|p1a: Scizor|8\/100\n|\n|upkeep\n|turn|4\n|inactive|Arcacagne has 30 seconds left.\n|\n|t:|1683562186\n|-end|p2b: Flutter Mane|Protosynthesis|[silent]\n|switch|p2b: Amoonguss|Amoonguss, L50, M|100\/100\n|move|p1b: Ceruledge|Shadow Sneak|p2b: Amoonguss\n|-damage|p2b: Amoonguss|77\/100\n|move|p1a: Scizor|Bullet Punch|p2b: Amoonguss\n|-damage|p2b: Amoonguss|50\/100\n|-enditem|p2b: Amoonguss|Sitrus Berry|[eat]\n|-heal|p2b: Amoonguss|75\/100|[from] item: Sitrus Berry\n|move|p2a: Kingambit|Kowtow Cleave|p1a: Scizor\n|-damage|p1a: Scizor|0 fnt\n|faint|p1a: Scizor\n|\n|upkeep\n|\n|t:|1683562201\n|switch|p1a: Glimmora|Glimmora, L50, F|100\/100\n|turn|5\n|\n|t:|1683562215\n|move|p2b: Amoonguss|Protect|p2b: Amoonguss\n|-singleturn|p2b: Amoonguss|Protect\n|move|p1a: Glimmora|Mortal Spin|p2b: Amoonguss|[spread] p2a\n|-activate|p2b: Amoonguss|move: Protect\n|-damage|p2a: Kingambit|97\/100\n|-status|p2a: Kingambit|psn\n|-enditem|p2a: Kingambit|Lum Berry|[eat]\n|-curestatus|p2a: Kingambit|psn|[msg]\n|move|p1b: Ceruledge|Bitter Blade|p2b: Amoonguss\n|-activate|p2b: Amoonguss|move: Protect\n|move|p2a: Kingambit|Iron Head|p1a: Glimmora\n|-supereffective|p1a: Glimmora\n|-enditem|p1a: Glimmora|Focus Sash\n|-damage|p1a: Glimmora|1\/100\n|-activate|p1a: Glimmora|ability: Toxic Debris\n|-sidestart|p2: Arcacagne|move: Toxic Spikes\n|\n|upkeep\n|turn|6\n|\n|t:|1683562236\n|switch|p2b: Palafin|Palafin-Hero, L50, M|100\/100\n|-status|p2b: Palafin|psn\n|-activate|p2b: Palafin|ability: Zero to Hero\n|move|p2a: Kingambit|Sucker Punch|p1a: Glimmora\n|-damage|p1a: Glimmora|0 fnt\n|-activate|p1a: Glimmora|ability: Toxic Debris\n|-sidestart|p2: Arcacagne|move: Toxic Spikes\n|faint|p1a: Glimmora\n|move|p1b: Ceruledge|Bitter Blade|p2b: Palafin\n|-resisted|p2b: Palafin\n|-damage|p2b: Palafin|70\/100 psn\n|\n|-damage|p2b: Palafin|57\/100 psn|[from] psn\n|upkeep\n|\n|t:|1683562243\n|switch|p1a: Gastrodon|Gastrodon, L50, M|82\/100\n|turn|7\n|inactive|Arcacagne has 30 seconds left.\n|\n|t:|1683562271\n|switch|p2b: Amoonguss|Amoonguss, L50, M|100\/100\n|-sideend|p2: Arcacagne|move: Toxic Spikes|[of] p2b: Amoonguss\n|move|p1b: Ceruledge|Bulk Up|p1b: Ceruledge\n|-boost|p1b: Ceruledge|atk|1\n|-boost|p1b: Ceruledge|def|1\n|move|p2a: Kingambit|Kowtow Cleave|p1a: Gastrodon\n|-damage|p1a: Gastrodon|16\/100\n|-enditem|p1a: Gastrodon|Sitrus Berry|[eat]\n|-heal|p1a: Gastrodon|40\/100|[from] item: Sitrus Berry\n|move|p1a: Gastrodon|Earth Power|p2a: Kingambit\n|-damage|p2a: Kingambit|70\/100\n|\n|upkeep\n|turn|8\n|inactive|Arcacagne has 30 seconds left.\n|\n|t:|1683562306\n|move|p1a: Gastrodon|Protect|p1a: Gastrodon\n|-singleturn|p1a: Gastrodon|Protect\n|move|p2b: Amoonguss|Protect|p2b: Amoonguss\n|-singleturn|p2b: Amoonguss|Protect\n|move|p2a: Kingambit|Sucker Punch||[still]\n|-fail|p2a: Kingambit\n|move|p1b: Ceruledge|Bitter Blade|p2b: Amoonguss\n|-activate|p2b: Amoonguss|move: Protect\n|\n|upkeep\n|turn|9\n|\n|t:|1683562321\n|switch|p2b: Palafin|Palafin-Hero, L50, M|57\/100 psn\n|move|p1b: Ceruledge|Shadow Sneak|p2a: Kingambit\n|-damage|p2a: Kingambit|44\/100\n|move|p2a: Kingambit|Kowtow Cleave|p1a: Gastrodon\n|-damage|p1a: Gastrodon|0 fnt\n|faint|p1a: Gastrodon\n|\n|-damage|p2b: Palafin|45\/100 psn|[from] psn\n|upkeep\n|turn|10\n|\n|t:|1683562336\n|move|p1b: Ceruledge|Protect|p1b: Ceruledge\n|-singleturn|p1b: Ceruledge|Protect\n|move|p2b: Palafin|Jet Punch|p1b: Ceruledge\n|-activate|p1b: Ceruledge|move: Protect\n|move|p2a: Kingambit|Sucker Punch||[still]\n|-fail|p2a: Kingambit\n|\n|-damage|p2b: Palafin|32\/100 psn|[from] psn\n|upkeep\n|turn|11\n|c|\u2606Arcacagne|Gg\n|\n|t:|1683562355\n|move|p2b: Palafin|Jet Punch|p1b: Ceruledge\n|-damage|p1b: Ceruledge|70\/100\n|move|p1b: Ceruledge|Bulk Up|p1b: Ceruledge\n|-boost|p1b: Ceruledge|atk|1\n|-boost|p1b: Ceruledge|def|1\n|move|p2a: Kingambit|Kowtow Cleave|p1b: Ceruledge\n|-resisted|p1b: Ceruledge\n|-damage|p1b: Ceruledge|49\/100\n|\n|-damage|p2b: Palafin|20\/100 psn|[from] psn\n|upkeep\n|turn|12\n|\n|t:|1683562371\n|move|p1b: Ceruledge|Protect|p1b: Ceruledge\n|-singleturn|p1b: Ceruledge|Protect\n|move|p2b: Palafin|Haze|p2b: Palafin\n|-clearallboost\n|move|p2a: Kingambit|Kowtow Cleave|p1b: Ceruledge\n|-activate|p1b: Ceruledge|move: Protect\n|\n|-damage|p2b: Palafin|7\/100 psn|[from] psn\n|upkeep\n|turn|13\n|\n|t:|1683562389\n|switch|p2b: Amoonguss|Amoonguss, L50, M|100\/100\n|move|p1b: Ceruledge|Bulk Up|p1b: Ceruledge\n|-boost|p1b: Ceruledge|atk|1\n|-boost|p1b: Ceruledge|def|1\n|move|p2a: Kingambit|Swords Dance|p2a: Kingambit\n|-boost|p2a: Kingambit|atk|2\n|\n|upkeep\n|turn|14\n|\n|t:|1683562404\n|move|p2b: Amoonguss|Protect|p2b: Amoonguss\n|-singleturn|p2b: Amoonguss|Protect\n|move|p1b: Ceruledge|Bitter Blade|p2a: Kingambit\n|-resisted|p2a: Kingambit\n|-damage|p2a: Kingambit|20\/100\n|-heal|p1b: Ceruledge|62\/100|[from] drain|[of] p2a: Kingambit\n|move|p2a: Kingambit|Iron Head|p1b: Ceruledge\n|-damage|p1b: Ceruledge|0 fnt\n|faint|p1b: Ceruledge\n|\n|win|Arcacagne\n|raw|ts02942461's rating: 1192 → 1170<\/strong> (-22 for losing)\n|raw|Arcacagne's rating: 1240 → 1262<\/strong> (+22 for winning)\n|l|\u2606ts02942461\n","uploadtime":1683562424,"views":14,"p1id":"ts02942461","p2id":"arcacagne","formatid":"gen9vgc2023regulationc","rating":1170,"private":0,"password":""}