{"id":"gen9vgc2023regulationc-1856465151","p1":"Heaven64","p2":"PurpleStyle","format":"[Gen 9] VGC 2023 Regulation C","log":"|j|\u2606Heaven64\n|j|\u2606PurpleStyle\n|t:|1683064441\n|gametype|doubles\n|player|p1|Heaven64|leaf-masters|\n|player|p2|PurpleStyle|pokefan|\n|teamsize|p1|6\n|teamsize|p2|6\n|gen|9\n|tier|[Gen 9] VGC 2023 Regulation C\n|rule|Species Clause: Limit one of each Pok\u00e9mon\n|rule|Item Clause: Limit one of each item\n|clearpoke\n|poke|p1|Klefki, L50, F|\n|poke|p1|Iron Thorns, L50|\n|poke|p1|Pelipper, L50, F|\n|poke|p1|Krookodile, L50, M|\n|poke|p1|Pincurchin, L50, M|\n|poke|p1|Floatzel, L50, F|\n|poke|p2|Chien-Pao, L50|\n|poke|p2|Kilowattrel, L50, F|\n|poke|p2|Slowbro, L50, M|\n|poke|p2|Haxorus, L50, M|\n|poke|p2|Arcanine, L50, M|\n|poke|p2|Donphan, L50, M|\n|teampreview|4\n|c|\u2606Heaven64|G3\n|c|\u2606Heaven64|glhf !\n|\n|t:|1683065230\n|start\n|switch|p1a: Umbrella|Pelipper, L50, F|100\/100\n|switch|p1b: Rhine|Floatzel, L50, F|100\/100\n|switch|p2a: Slowbro|Slowbro, L50, M|100\/100\n|switch|p2b: Arcanine|Arcanine, L50, M|100\/100\n|-weather|RainDance|[from] ability: Drizzle|[of] p1a: Umbrella\n|-ability|p2b: Arcanine|Intimidate|boost\n|-unboost|p1a: Umbrella|atk|1\n|-unboost|p1b: Rhine|atk|1\n|turn|1\n|\n|t:|1683065256\n|-terastallize|p2b: Arcanine|Water\n|move|p1b: Rhine|Protect|p1b: Rhine\n|-singleturn|p1b: Rhine|Protect\n|move|p1a: Umbrella|Surf|p2a: Slowbro|[spread] p2a,p2b\n|-activate|p1b: Rhine|move: Protect\n|-resisted|p2a: Slowbro\n|-resisted|p2b: Arcanine\n|-crit|p2b: Arcanine\n|-damage|p2a: Slowbro|82\/100\n|-damage|p2b: Arcanine|70\/100\n|move|p2b: Arcanine|Will-O-Wisp|p1b: Rhine\n|-activate|p1b: Rhine|move: Protect\n|move|p2a: Slowbro|Calm Mind|p2a: Slowbro\n|-boost|p2a: Slowbro|spa|1\n|-boost|p2a: Slowbro|spd|1\n|\n|-weather|RainDance|[upkeep]\n|-heal|p2a: Slowbro|88\/100|[from] item: Leftovers\n|upkeep\n|turn|2\n|\n|t:|1683065282\n|switch|p1b: Dexter|Pincurchin, L50, M|100\/100\n|-fieldstart|move: Electric Terrain|[from] ability: Electric Surge|[of] p1b: Dexter\n|switch|p1a: Shinra|Iron Thorns, L50|100\/100\n|-activate|p1a: Shinra|ability: Quark Drive\n|-start|p1a: Shinra|quarkdriveatk\n|move|p2a: Slowbro|Protect|p2a: Slowbro\n|-singleturn|p2a: Slowbro|Protect\n|move|p2b: Arcanine|Will-O-Wisp|p1b: Dexter\n|-status|p1b: Dexter|brn\n|\n|-weather|RainDance|[upkeep]\n|-heal|p2a: Slowbro|94\/100|[from] item: Leftovers\n|-damage|p1b: Dexter|95\/100 brn|[from] brn\n|upkeep\n|turn|3\n|\n|t:|1683065306\n|switch|p2a: Haxorus|Haxorus, L50, M|100\/100\n|-ability|p2a: Haxorus|Mold Breaker\n|-terastallize|p1a: Shinra|Water\n|move|p2b: Arcanine|Will-O-Wisp|p1a: Shinra\n|-status|p1a: Shinra|brn\n|move|p1a: Shinra|Wild Charge|p2a: Haxorus\n|-resisted|p2a: Haxorus\n|-damage|p2a: Haxorus|77\/100\n|-damage|p1a: Shinra|96\/100 brn|[from] Recoil\n|move|p1b: Dexter|Thunder|p2b: Arcanine\n|-supereffective|p2b: Arcanine\n|-damage|p2b: Arcanine|0 fnt\n|faint|p2b: Arcanine\n|\n|-weather|RainDance|[upkeep]\n|-damage|p1a: Shinra|90\/100 brn|[from] brn\n|-damage|p1b: Dexter|89\/100 brn|[from] brn\n|upkeep\n|\n|t:|1683065322\n|switch|p2b: Chien-Pao|Chien-Pao, L50|100\/100\n|-ability|p2b: Chien-Pao|Sword of Ruin\n|turn|4\n|\n|t:|1683065358\n|switch|p1b: Umbrella|Pelipper, L50, F|100\/100\n|move|p2b: Chien-Pao|Ice Spinner|p1b: Umbrella\n|-damage|p1b: Umbrella|5\/100\n|-fieldend|move: Electric Terrain\n|-end|p1a: Shinra|Quark Drive\n|-damage|p2b: Chien-Pao|91\/100|[from] item: Life Orb\n|move|p2a: Haxorus|Rock Slide|p1b: Umbrella|[spread] p1a,p1b\n|-supereffective|p1b: Umbrella\n|-damage|p1a: Shinra|59\/100 brn\n|-damage|p1b: Umbrella|0 fnt\n|faint|p1b: Umbrella\n|move|p1a: Shinra|Rock Slide|p2a: Haxorus|[spread] p2a\n|-miss|p1a: Shinra|p2b: Chien-Pao\n|-damage|p2a: Haxorus|55\/100\n|\n|-weather|RainDance|[upkeep]\n|-damage|p1a: Shinra|53\/100 brn|[from] brn\n|upkeep\n|\n|t:|1683065388\n|switch|p1b: Rhine|Floatzel, L50, F|100\/100\n|turn|5\n|\n|t:|1683065453\n|switch|p2a: Slowbro|Slowbro, L50, M|100\/100\n|move|p2b: Chien-Pao|Protect|p2b: Chien-Pao\n|-singleturn|p2b: Chien-Pao|Protect\n|move|p1b: Rhine|Wave Crash|p2b: Chien-Pao\n|-activate|p2b: Chien-Pao|move: Protect\n|move|p1a: Shinra|Ice Punch|p2a: Slowbro\n|-resisted|p2a: Slowbro\n|-damage|p2a: Slowbro|94\/100\n|\n|-weather|none\n|-heal|p2a: Slowbro|99\/100|[from] item: Leftovers\n|-damage|p1a: Shinra|47\/100 brn|[from] brn\n|upkeep\n|turn|6\n|\n|t:|1683065475\n|move|p2b: Chien-Pao|Ice Spinner|p1b: Rhine\n|-resisted|p1b: Rhine\n|-damage|p1b: Rhine|57\/100\n|-damage|p2b: Chien-Pao|81\/100|[from] item: Life Orb\n|move|p1b: Rhine|Wave Crash|p2b: Chien-Pao\n|-damage|p2b: Chien-Pao|8\/100\n|-damage|p1b: Rhine|32\/100|[from] Recoil\n|move|p1a: Shinra|Rock Slide|p2b: Chien-Pao|[spread] p2a,p2b\n|-supereffective|p2b: Chien-Pao\n|-damage|p2a: Slowbro|84\/100\n|-damage|p2b: Chien-Pao|0 fnt\n|faint|p2b: Chien-Pao\n|move|p2a: Slowbro|Hydro Pump|p1b: Rhine\n|-resisted|p1b: Rhine\n|-damage|p1b: Rhine|0 fnt\n|faint|p1b: Rhine\n|\n|-heal|p2a: Slowbro|90\/100|[from] item: Leftovers\n|-damage|p1a: Shinra|42\/100 brn|[from] brn\n|upkeep\n|\n|t:|1683065489\n|switch|p2b: Haxorus|Haxorus, L50, M|55\/100\n|switch|p1b: Dexter|Pincurchin, L50, M|89\/100 brn\n|-ability|p2b: Haxorus|Mold Breaker\n|-fieldstart|move: Electric Terrain|[from] ability: Electric Surge|[of] p1b: Dexter\n|-activate|p1a: Shinra|ability: Quark Drive\n|-start|p1a: Shinra|quarkdriveatk\n|turn|7\n|c|\u2606Heaven64|just remebered you already used your tera on Arcanine\n|c|\u2606Heaven64|I was waiting for the tera on Haxorus the whole time\n|c|\u2606PurpleStyle|oh no\n|\n|t:|1683065547\n|move|p2b: Haxorus|Dragon Claw|p1a: Shinra\n|-damage|p1a: Shinra|0 fnt\n|faint|p1a: Shinra\n|-end|p1a: Shinra|Quark Drive|[silent]\n|move|p2a: Slowbro|Hydro Pump|p1b: Dexter\n|-damage|p1b: Dexter|24\/100 brn\n|move|p1b: Dexter|Thunder|p2a: Slowbro\n|-supereffective|p2a: Slowbro\n|-damage|p2a: Slowbro|0 fnt\n|faint|p2a: Slowbro\n|\n|-damage|p1b: Dexter|19\/100 brn|[from] brn\n|upkeep\n|turn|8\n|c|\u2606PurpleStyle|gg\n|\n|t:|1683065560\n|move|p1b: Dexter|Sucker Punch|p2b: Haxorus\n|-damage|p2b: Haxorus|45\/100\n|move|p2b: Haxorus|Dragon Claw|p1b: Dexter\n|-damage|p1b: Dexter|0 fnt\n|faint|p1b: Dexter\n|\n|win|PurpleStyle\n|c|\u2606Heaven64|GG\n","uploadtime":1683065599,"views":6,"p1id":"heaven64","p2id":"purplestyle","formatid":"gen9vgc2023regulationc","rating":0,"private":0,"password":""}