{"id":"gen9vgc2023regulationc-1852944205","p1":"Laurentiius","p2":"Takidame","format":"[Gen 9] VGC 2023 Regulation C","log":"|j|\u2606Laurentiius\n|j|\u2606Takidame\n|t:|1682619386\n|gametype|doubles\n|player|p1|Laurentiius|266|\n|player|p2|Takidame|janine|\n|teamsize|p1|6\n|teamsize|p2|6\n|gen|9\n|tier|[Gen 9] VGC 2023 Regulation C\n|rule|Species Clause: Limit one of each Pok\u00e9mon\n|rule|Item Clause: Limit one of each item\n|clearpoke\n|poke|p1|Palafin, L50, M|\n|poke|p1|Pelipper, L50, F|\n|poke|p1|Dragonite, L50, M|\n|poke|p1|Kingambit, L50, F|\n|poke|p1|Tauros-Paldea-Aqua, L50, M|\n|poke|p1|Medicham, L50, F|\n|poke|p2|Hydreigon, L50, F|\n|poke|p2|Toedscruel, L50, M|\n|poke|p2|Indeedee-F, L50, F|\n|poke|p2|Maushold-Four, L50|\n|poke|p2|Armarouge, L50, F|\n|poke|p2|Wo-Chien, L50|\n|teampreview|4\n|j| ContessaZia\nTakidame has agreed to open team sheets.\nLaurentiius has agreed to open team sheets.\n|\n|t:|1682619541\n|start\n|switch|p1a: Palafin|Palafin, L50, M|100\/100\n|switch|p1b: Pelipper|Pelipper, L50, F|100\/100\n|switch|p2a: Hydreigon|Hydreigon, L50, F|100\/100\n|switch|p2b: Wo-Chien|Wo-Chien, L50|100\/100\n|-ability|p2b: Wo-Chien|Tablets of Ruin\n|-weather|RainDance|[from] ability: Drizzle|[of] p1b: Pelipper\n|turn|1\n|\n|t:|1682619637\n|detailschange|p1a: Palafin|Palafin-Hero, L50, M\n|switch|p1a: Tauros|Tauros-Paldea-Aqua, L50, M|100\/100\n|-ability|p1a: Tauros|Intimidate|boost\n|-unboost|p2a: Hydreigon|atk|1\n|-unboost|p2b: Wo-Chien|atk|1\n|move|p2a: Hydreigon|Draco Meteor|p1a: Tauros\n|-damage|p1a: Tauros|0 fnt\n|-unboost|p2a: Hydreigon|spa|2\n|faint|p1a: Tauros\n|-damage|p2a: Hydreigon|91\/100|[from] item: Life Orb\n|move|p2b: Wo-Chien|Leech Seed|p1b: Pelipper\n|-start|p1b: Pelipper|move: Leech Seed\n|move|p1b: Pelipper|Tailwind|p1b: Pelipper\n|-sidestart|p1: Laurentiius|move: Tailwind\n|\n|-weather|RainDance|[upkeep]\n|-damage|p1b: Pelipper|88\/100|[from] Leech Seed|[of] p2b: Wo-Chien\n|upkeep\n|\n|t:|1682619678\n|switch|p1a: Palafin|Palafin-Hero, L50, M|100\/100\n|-activate|p1a: Palafin|ability: Zero to Hero\n|turn|2\n|\n|t:|1682619728\n|switch|p1b: Dragonite|Dragonite, L50, M|100\/100\n|-terastallize|p1a: Palafin|Water\n|move|p1a: Palafin|Wave Crash|p2a: Hydreigon\n|-resisted|p2a: Hydreigon\n|-damage|p2a: Hydreigon|8\/100\n|-damage|p1a: Palafin|74\/100|[from] Recoil\n|move|p2a: Hydreigon|Dark Pulse|p1a: Palafin\n|-damage|p1a: Palafin|47\/100\n|-damage|p2a: Hydreigon|0 fnt|[from] item: Life Orb\n|faint|p2a: Hydreigon\n|move|p2b: Wo-Chien|Ruination|p1b: Dragonite\n|-damage|p1b: Dragonite|50\/100\n|\n|-weather|RainDance|[upkeep]\n|upkeep\n|\n|t:|1682619756\n|switch|p2a: Indeedee|Indeedee-F, L50, F|100\/100\n|-fieldstart|move: Psychic Terrain|[from] ability: Psychic Surge|[of] p2a: Indeedee\n|-enditem|p2a: Indeedee|Psychic Seed\n|-boost|p2a: Indeedee|spd|1|[from] item: Psychic Seed\n|turn|3\n|\n|t:|1682619805\n|switch|p2b: Armarouge|Armarouge, L50, F|100\/100\n|move|p2a: Indeedee|Follow Me|p2a: Indeedee\n|-singleturn|p2a: Indeedee|move: Follow Me\n|move|p1a: Palafin|Wave Crash|p2a: Indeedee\n|-damage|p2a: Indeedee|0 fnt\n|faint|p2a: Indeedee\n|-damage|p1a: Palafin|14\/100|[from] Recoil\n|move|p1b: Dragonite|Low Kick|p2b: Armarouge\n|-resisted|p2b: Armarouge\n|-damage|p2b: Armarouge|80\/100\n|\n|-weather|RainDance|[upkeep]\n|upkeep\n|\n|t:|1682619816\n|switch|p2a: Wo-Chien|Wo-Chien, L50|100\/100\n|-ability|p2a: Wo-Chien|Tablets of Ruin\n|turn|4\n|\n|t:|1682619850\n|-terastallize|p2b: Armarouge|Grass\n|move|p1a: Palafin|Wave Crash|p2b: Armarouge\n|-resisted|p2b: Armarouge\n|-damage|p2b: Armarouge|22\/100\n|-damage|p1a: Palafin|0 fnt|[from] Recoil\n|faint|p1a: Palafin\n|move|p1b: Dragonite|Low Kick|p2a: Wo-Chien\n|-supereffective|p2a: Wo-Chien\n|-damage|p2a: Wo-Chien|44\/100\n|move|p2b: Armarouge|Expanding Force|p1b: Dragonite\n|-damage|p1b: Dragonite|0 fnt\n|faint|p1b: Dragonite\n|move|p2a: Wo-Chien|Pollen Puff|p2b: Armarouge\n|-heal|p2b: Armarouge|72\/100\n|\n|-weather|RainDance|[upkeep]\n|-heal|p2a: Wo-Chien|50\/100|[from] item: Leftovers\n|-sideend|p1: Laurentiius|move: Tailwind\n|upkeep\n|\n|t:|1682619868\n|switch|p1a: Pelipper|Pelipper, L50, F|88\/100\n|turn|5\n|\n|t:|1682619886\n|move|p2b: Armarouge|Expanding Force|p1a: Pelipper\n|-damage|p1a: Pelipper|0 fnt\n|faint|p1a: Pelipper\n|\n|win|Takidame\n","uploadtime":1682619893,"views":11,"p1id":"laurentiius","p2id":"takidame","formatid":"gen9vgc2023regulationc","rating":0,"private":0,"password":""}