{"id":"gen9vgc2023regulationc-1848983844","p1":"Kammala","p2":"vroomfrogger","format":"[Gen 9] VGC 2023 Regulation C","log":"|j|\u2606Kammala\n|j|\u2606vroomfrogger\n|t:|1682134551\n|gametype|doubles\n|player|p1|Kammala|102|1359\n|player|p2|vroomfrogger|acetrainerf-gen4dp|1319\n|teamsize|p1|6\n|teamsize|p2|6\n|gen|9\n|tier|[Gen 9] VGC 2023 Regulation C\n|rated|\n|rule|Species Clause: Limit one of each Pok\u00e9mon\n|rule|Item Clause: Limit one of each item\n|clearpoke\n|poke|p1|Azumarill, L50, M|\n|poke|p1|Amoonguss, L50, F|\n|poke|p1|Tauros-Paldea-Blaze, L50, M|\n|poke|p1|Ting-Lu, L50|\n|poke|p1|Baxcalibur, L50, F|\n|poke|p1|Flutter Mane, L50|\n|poke|p2|Breloom, L50, M|\n|poke|p2|Talonflame, L50, M|\n|poke|p2|Great Tusk, L50|\n|poke|p2|Flutter Mane, L50|\n|poke|p2|Iron Bundle, L50|\n|poke|p2|Ceruledge, L50, M|\n|teampreview|4\n|inactive|Battle timer is ON: inactive players will automatically lose when time's up. (requested by vroomfrogger)\n|inactive|Kammala also wants the timer to be on.\nKammala has agreed to open team sheets.\n|inactive|Kammala has 60 seconds left.\n|\n|t:|1682134608\n|start\n|switch|p1a: Ting-Lu|Ting-Lu, L50|100\/100\n|switch|p1b: Azumarill|Azumarill, L50, M|100\/100\n|switch|p2a: Iron Bundle|Iron Bundle, L50|100\/100\n|switch|p2b: Flutter Mane|Flutter Mane, L50|100\/100\n|-ability|p1a: Ting-Lu|Vessel of Ruin\n|-enditem|p2a: Iron Bundle|Booster Energy\n|-activate|p2a: Iron Bundle|ability: Quark Drive|[fromitem]\n|-start|p2a: Iron Bundle|quarkdrivespe\n|turn|1\n|j| KingDude108\n|inactive|vroomfrogger has 30 seconds left.\n|\n|t:|1682134638\n|-terastallize|p1a: Ting-Lu|Poison\n|move|p2a: Iron Bundle|Freeze-Dry|p1b: Azumarill\n|-supereffective|p1b: Azumarill\n|-damage|p1b: Azumarill|62\/100\n|move|p2b: Flutter Mane|Dazzling Gleam|p1b: Azumarill|[spread] p1a,p1b\n|-resisted|p1a: Ting-Lu\n|-damage|p1a: Ting-Lu|88\/100\n|-damage|p1b: Azumarill|36\/100\n|move|p1b: Azumarill|Superpower|p2a: Iron Bundle\n|-supereffective|p2a: Iron Bundle\n|-damage|p2a: Iron Bundle|0 fnt\n|-unboost|p1b: Azumarill|atk|1\n|-unboost|p1b: Azumarill|def|1\n|faint|p2a: Iron Bundle\n|-end|p2a: Iron Bundle|Quark Drive|[silent]\n|move|p1a: Ting-Lu|Stealth Rock|p2b: Flutter Mane\n|-sidestart|p2: vroomfrogger|move: Stealth Rock\n|\n|-heal|p1a: Ting-Lu|94\/100|[from] item: Leftovers\n|upkeep\n|\n|t:|1682134650\n|switch|p2a: Ceruledge|Ceruledge, L50, M|100\/100\n|-damage|p2a: Ceruledge|76\/100|[from] Stealth Rock\n|turn|2\n|\n|t:|1682134668\n|-terastallize|p2a: Ceruledge|Grass\n|move|p2b: Flutter Mane|Dazzling Gleam|p1b: Azumarill|[spread] p1a,p1b\n|-resisted|p1a: Ting-Lu\n|-damage|p1a: Ting-Lu|81\/100\n|-damage|p1b: Azumarill|12\/100\n|move|p2a: Ceruledge|Bulk Up|p2a: Ceruledge\n|-boost|p2a: Ceruledge|atk|1\n|-boost|p2a: Ceruledge|def|1\n|move|p1b: Azumarill|Liquidation|p2a: Ceruledge\n|-resisted|p2a: Ceruledge\n|-damage|p2a: Ceruledge|63\/100\n|move|p1a: Ting-Lu|Heavy Slam|p2b: Flutter Mane\n|-supereffective|p2b: Flutter Mane\n|-damage|p2b: Flutter Mane|0 fnt\n|faint|p2b: Flutter Mane\n|-end|p2b: Flutter Mane|Protosynthesis|[silent]\n|\n|-heal|p2a: Ceruledge|69\/100|[from] item: Leftovers\n|-heal|p1a: Ting-Lu|87\/100|[from] item: Leftovers\n|upkeep\n|\n|t:|1682134679\n|switch|p2b: Breloom|Breloom, L50, M|100\/100\n|-damage|p2b: Breloom|95\/100|[from] Stealth Rock\n|turn|3\n|\n|t:|1682134696\n|move|p2a: Ceruledge|Shadow Sneak|p1b: Azumarill\n|-damage|p1b: Azumarill|0 fnt\n|faint|p1b: Azumarill\n|move|p2b: Breloom|Spore|p1a: Ting-Lu\n|-status|p1a: Ting-Lu|slp|[from] move: Spore\n|cant|p1a: Ting-Lu|slp\n|\n|-heal|p2a: Ceruledge|75\/100|[from] item: Leftovers\n|-heal|p1a: Ting-Lu|93\/100 slp|[from] item: Leftovers\n|upkeep\n|\n|t:|1682134702\n|switch|p1b: Baxcalibur|Baxcalibur, L50, F|100\/100\n|turn|4\n|\n|t:|1682134717\n|move|p1b: Baxcalibur|Protect|p1b: Baxcalibur\n|-singleturn|p1b: Baxcalibur|Protect\n|move|p2b: Breloom|Spore|p1b: Baxcalibur\n|-activate|p1b: Baxcalibur|move: Protect\n|move|p2a: Ceruledge|Bitter Blade|p1b: Baxcalibur\n|-activate|p1b: Baxcalibur|move: Protect\n|-curestatus|p1a: Ting-Lu|slp|[msg]\n|move|p1a: Ting-Lu|Ruination|p2a: Ceruledge\n|-damage|p2a: Ceruledge|38\/100\n|\n|-heal|p2a: Ceruledge|44\/100|[from] item: Leftovers\n|-heal|p1a: Ting-Lu|99\/100|[from] item: Leftovers\n|upkeep\n|turn|5\n|\n|t:|1682134737\n|move|p1b: Baxcalibur|Icicle Crash|p2a: Ceruledge\n|-supereffective|p2a: Ceruledge\n|-damage|p2a: Ceruledge|0 fnt\n|faint|p2a: Ceruledge\n|move|p2b: Breloom|Spore|p1b: Baxcalibur\n|-status|p1b: Baxcalibur|slp|[from] move: Spore\n|move|p1a: Ting-Lu|Ruination|p2b: Breloom\n|-damage|p2b: Breloom|48\/100\n|\n|-heal|p1a: Ting-Lu|100\/100|[from] item: Leftovers\n|upkeep\n|turn|6\n|-message|vroomfrogger forfeited.\n|\n|win|Kammala\n|raw|Kammala's rating: 1359 → 1377<\/strong> (+18 for winning)\n|raw|vroomfrogger's rating: 1319 → 1301<\/strong> (-18 for losing)\n|l|\u2606vroomfrogger\n","uploadtime":1682134751,"views":28,"p1id":"kammala","p2id":"vroomfrogger","formatid":"gen9vgc2023regulationc","rating":1301,"private":0,"password":""}