{"id":"gen9vgc2023regulationc-1856143369","p1":"Vengeful potato","p2":"FluigVGC","format":"[Gen 9] VGC 2023 Regulation C","log":"|j|\u2606Vengeful potato\n|j|\u2606FluigVGC\n|t:|1683034625\n|gametype|doubles\n|player|p1|Vengeful potato|swimmer-gen4|1335\n|player|p2|FluigVGC|clay|1373\n|teamsize|p1|6\n|teamsize|p2|6\n|gen|9\n|tier|[Gen 9] VGC 2023 Regulation C\n|rated|\n|rule|Species Clause: Limit one of each Pok\u00e9mon\n|rule|Item Clause: Limit one of each item\n|clearpoke\n|poke|p1|Dudunsparce-*, L50, M|\n|poke|p1|Hariyama, L50, M|\n|poke|p1|Gholdengo, L50|\n|poke|p1|Salamence, L50, F|\n|poke|p1|Amoonguss, L50, F|\n|poke|p1|Drednaw, L50, M|\n|poke|p2|Corviknight, L50, F|\n|poke|p2|Amoonguss, L50, F|\n|poke|p2|Flutter Mane, L50|\n|poke|p2|Iron Bundle, L50|\n|poke|p2|Gastrodon-East, L50, F|\n|poke|p2|Arcanine, L50, M|\n|teampreview|4\n|\n|t:|1683034661\n|start\n|switch|p1a: Double Down|Dudunsparce, L50, M|100\/100\n|switch|p1b: THICC|Hariyama, L50, M, shiny|100\/100\n|switch|p2a: Arcanine|Arcanine, L50, M|100\/100\n|switch|p2b: Flutter Mane|Flutter Mane, L50|100\/100\n|-ability|p2a: Arcanine|Intimidate|boost\n|-unboost|p1a: Double Down|atk|1\n|-unboost|p1b: THICC|atk|1\n|turn|1\n|\n|t:|1683034673\n|move|p2a: Arcanine|Protect|p2a: Arcanine\n|-singleturn|p2a: Arcanine|Protect\n|move|p1b: THICC|Fake Out|p2a: Arcanine\n|-activate|p2a: Arcanine|move: Protect\n|move|p2b: Flutter Mane|Moonblast|p1b: THICC\n|-supereffective|p1b: THICC\n|-damage|p1b: THICC|0 fnt\n|faint|p1b: THICC\n|move|p1a: Double Down|Glare|p2b: Flutter Mane\n|-status|p2b: Flutter Mane|par\n|\n|upkeep\n|\n|t:|1683034681\n|switch|p1b: MENACING|Salamence, L50, F|100\/100\n|-ability|p1b: MENACING|Intimidate|boost\n|-unboost|p2a: Arcanine|atk|1\n|-unboost|p2b: Flutter Mane|atk|1\n|turn|2\n|\n|t:|1683034690\n|switch|p1b: Big Stonks|Gholdengo, L50|100\/100\n|-end|p2b: Flutter Mane|Protosynthesis|[silent]\n|switch|p2b: Amoonguss|Amoonguss, L50, F|100\/100\n|move|p2a: Arcanine|Will-O-Wisp|p1b: Big Stonks\n|-immune|p1b: Big Stonks|[from] ability: Good as Gold\n|move|p1a: Double Down|Glare|p2a: Arcanine\n|-status|p2a: Arcanine|par\n|\n|upkeep\n|turn|3\n|\n|t:|1683034705\n|move|p1a: Double Down|Rock Slide|p2a: Arcanine|[spread] p2a,p2b\n|-supereffective|p2a: Arcanine\n|-damage|p2a: Arcanine|85\/100 par\n|-damage|p2b: Amoonguss|93\/100\n|move|p1b: Big Stonks|Hex|p2a: Arcanine\n|-crit|p2a: Arcanine\n|-damage|p2a: Arcanine|0 fnt\n|faint|p2a: Arcanine\n|cant|p2b: Amoonguss|flinch\n|\n|upkeep\n|\n|t:|1683034719\n|switch|p2a: Gastrodon|Gastrodon-East, L50, F|100\/100\n|turn|4\n|\n|t:|1683034737\n|switch|p1b: MENACING|Salamence, L50, F|100\/100\n|-ability|p1b: MENACING|Intimidate|boost\n|-unboost|p2a: Gastrodon|atk|1\n|-unboost|p2b: Amoonguss|atk|1\n|move|p2b: Amoonguss|Rage Powder|p2b: Amoonguss\n|-singleturn|p2b: Amoonguss|move: Rage Powder\n|move|p1a: Double Down|Glare|p2b: Amoonguss\n|-status|p2b: Amoonguss|par\n|move|p2a: Gastrodon|Muddy Water|p1a: Double Down|[spread] p1a,p1b\n|-resisted|p1b: MENACING\n|-damage|p1a: Double Down|79\/100\n|-damage|p1b: MENACING|90\/100\n|-unboost|p1b: MENACING|accuracy|1\n|\n|upkeep\n|turn|5\n|\n|t:|1683034760\n|switch|p1b: Big Stonks|Gholdengo, L50|100\/100\n|move|p1a: Double Down|Glare|p2a: Gastrodon\n|-status|p2a: Gastrodon|par\n|move|p2a: Gastrodon|Muddy Water|p1a: Double Down|[spread] p1b\n|-miss|p2a: Gastrodon|p1a: Double Down\n|-damage|p1b: Big Stonks|77\/100\n|move|p2b: Amoonguss|Spore|p1b: Big Stonks\n|-immune|p1b: Big Stonks|[from] ability: Good as Gold\n|\n|upkeep\n|turn|6\n|\n|t:|1683034773\n|switch|p1a: MENACING|Salamence, L50, F|90\/100\n|-ability|p1a: MENACING|Intimidate|boost\n|-unboost|p2a: Gastrodon|atk|1\n|-unboost|p2b: Amoonguss|atk|1\n|cant|p2b: Amoonguss|par\n|move|p1b: Big Stonks|Hex|p2a: Gastrodon\n|-damage|p2a: Gastrodon|8\/100 par\n|move|p2a: Gastrodon|Earth Power|p1b: Big Stonks\n|-supereffective|p1b: Big Stonks\n|-damage|p1b: Big Stonks|21\/100\n|\n|upkeep\n|turn|7\n|\n|t:|1683034790\n|cant|p2a: Gastrodon|par\n|move|p1a: MENACING|Air Slash|p2a: Gastrodon\n|-damage|p2a: Gastrodon|0 fnt\n|faint|p2a: Gastrodon\n|move|p1b: Big Stonks|Hex|p2b: Amoonguss\n|-damage|p2b: Amoonguss|0 fnt\n|faint|p2b: Amoonguss\n|\n|upkeep\n|-message|FluigVGC forfeited.\n|\n|win|Vengeful potato\n|raw|Vengeful potato's rating: 1335 → 1357<\/strong> (+22 for winning)\n|raw|FluigVGC's rating: 1373 → 1351<\/strong> (-22 for losing)\n|l|\u2606FluigVGC\n|c|\u2606Vengeful potato|Ggs\n","uploadtime":1683034870,"views":5,"p1id":"vengefulpotato","p2id":"fluigvgc","formatid":"gen9vgc2023regulationc","rating":1351,"private":0,"password":""}