{"id":"gen9vgc2023regulationc-1859863921","p1":"WillieDangerously","p2":"XxPoemPlaysxX","format":"[Gen 9] VGC 2023 Regulation C","log":"|j|\u2606WillieDangerously\n|j|\u2606XxPoemPlaysxX\n|t:|1683570890\n|gametype|doubles\n|player|p1|WillieDangerously|psychic-gen4|1086\n|player|p2|XxPoemPlaysxX|102|1172\n|teamsize|p1|6\n|teamsize|p2|6\n|gen|9\n|tier|[Gen 9] VGC 2023 Regulation C\n|rated|\n|rule|Species Clause: Limit one of each Pok\u00e9mon\n|rule|Item Clause: Limit one of each item\n|clearpoke\n|poke|p1|Chien-Pao, L50|\n|poke|p1|Amoonguss, L50, M|\n|poke|p1|Palafin, L50, M|\n|poke|p1|Dragapult, L50, F|\n|poke|p1|Scream Tail, L50|\n|poke|p1|Arcanine, L50, M|\n|poke|p2|Garchomp, L50, F|\n|poke|p2|Kingambit, L50, F|\n|poke|p2|Indeedee-F, L50, F|\n|poke|p2|Talonflame, L50, F|\n|poke|p2|Chien-Pao, L50|\n|poke|p2|Gastrodon, L50, F|\n|teampreview|4\n|inactive|Battle timer is ON: inactive players will automatically lose when time's up. (requested by XxPoemPlaysxX)\nXxPoemPlaysxX rejected open team sheets.\n|inactive|WillieDangerously has 60 seconds left.\n|\n|t:|1683570924\n|start\n|switch|p1a: Scream Tail|Scream Tail, L50|100\/100\n|switch|p1b: Palafin|Palafin, L50, M|100\/100\n|switch|p2a: Garchomp|Garchomp, L50, F|100\/100\n|switch|p2b: Kingambit|Kingambit, L50, F|100\/100\n|-enditem|p1a: Scream Tail|Booster Energy\n|-activate|p1a: Scream Tail|ability: Protosynthesis|[fromitem]\n|-start|p1a: Scream Tail|protosynthesisspe\n|turn|1\n|inactive|WillieDangerously has 30 seconds left.\n|\n|t:|1683570958\n|-terastallize|p2a: Garchomp|Fire\n|move|p1a: Scream Tail|Thunder Wave|p2b: Kingambit\n|-status|p2b: Kingambit|par\n|move|p2a: Garchomp|Rock Slide|p1b: Palafin|[spread] p1a,p1b\n|-damage|p1a: Scream Tail|86\/100\n|-damage|p1b: Palafin|74\/100\n|cant|p1b: Palafin|flinch\n|move|p2b: Kingambit|Iron Head|p1a: Scream Tail\n|-supereffective|p1a: Scream Tail\n|-damage|p1a: Scream Tail|26\/100\n|\n|upkeep\n|turn|2\n|\n|t:|1683570978\n|switch|p2a: Gastrodon|Gastrodon, L50, F|100\/100\n|detailschange|p1b: Palafin|Palafin-Hero, L50, M\n|switch|p1b: Dragapult|Dragapult, L50, F|100\/100\n|move|p1a: Scream Tail|Howl|p1a: Scream Tail|[spread] p1a,p1b\n|-boost|p1a: Scream Tail|atk|1\n|-boost|p1b: Dragapult|atk|1\n|move|p2b: Kingambit|Iron Head|p1a: Scream Tail\n|-supereffective|p1a: Scream Tail\n|-damage|p1a: Scream Tail|0 fnt\n|faint|p1a: Scream Tail\n|-end|p1a: Scream Tail|Protosynthesis|[silent]\n|\n|upkeep\n|\n|t:|1683570991\n|switch|p1a: Palafin|Palafin-Hero, L50, M|74\/100\n|-activate|p1a: Palafin|ability: Zero to Hero\n|turn|3\n|\n|t:|1683571015\n|-terastallize|p1b: Dragapult|Ghost\n|cant|p2b: Kingambit|par\n|move|p1b: Dragapult|Tera Blast|p2a: Gastrodon\n|-damage|p2a: Gastrodon|36\/100\n|move|p1a: Palafin|Close Combat|p2b: Kingambit\n|-supereffective|p2b: Kingambit\n|-damage|p2b: Kingambit|0 fnt\n|-unboost|p1a: Palafin|def|1\n|-unboost|p1a: Palafin|spd|1\n|-enditem|p1a: Palafin|White Herb\n|-clearnegativeboost|p1a: Palafin|[silent]\n|faint|p2b: Kingambit\n|move|p2a: Gastrodon|Chilling Water|p1b: Dragapult\n|-damage|p1b: Dragapult|77\/100\n|\n|-heal|p2a: Gastrodon|42\/100|[from] item: Leftovers\n|upkeep\n|inactive|XxPoemPlaysxX has 30 seconds left.\n|\n|t:|1683571045\n|switch|p2b: Garchomp|Garchomp, L50, F, tera:Fire|100\/100\n|turn|4\n|inactive|WillieDangerously has 30 seconds left.\n|\n|t:|1683571083\n|switch|p1a: Arcanine|Arcanine, L50, M|100\/100\n|-ability|p1a: Arcanine|Intimidate|boost\n|-unboost|p2a: Gastrodon|atk|1\n|-unboost|p2b: Garchomp|atk|1\n|move|p2a: Gastrodon|Protect|p2a: Gastrodon\n|-singleturn|p2a: Gastrodon|Protect\n|move|p1b: Dragapult|Dragon Darts|p2b: Garchomp\n|-damage|p2b: Garchomp|66\/100\n|-anim|p1b: Dragapult|Dragon Darts|p2b: Garchomp\n|-damage|p2b: Garchomp|33\/100\n|move|p2b: Garchomp|Earthquake|p1b: Dragapult|[spread] p1a,p1b\n|-activate|p2a: Gastrodon|move: Protect\n|-supereffective|p1a: Arcanine\n|-damage|p1a: Arcanine|26\/100\n|-damage|p1b: Dragapult|38\/100\n|\n|-heal|p2a: Gastrodon|48\/100|[from] item: Leftovers\n|upkeep\n|turn|5\n|inactive|WillieDangerously has 30 seconds left.\n|inactive|XxPoemPlaysxX has 30 seconds left.\n|inactive|XxPoemPlaysxX has 20 seconds left.\n|\n|t:|1683571119\n|switch|p2b: Chien-Pao|Chien-Pao, L50|100\/100\n|-ability|p2b: Chien-Pao|Sword of Ruin\n|move|p1a: Arcanine|Extreme Speed|p2b: Chien-Pao\n|-damage|p2b: Chien-Pao|72\/100\n|move|p1b: Dragapult|Dragon Darts|p2b: Chien-Pao\n|-damage|p2b: Chien-Pao|18\/100\n|-anim|p1b: Dragapult|Dragon Darts|p2a: Gastrodon\n|-damage|p2a: Gastrodon|11\/100\n|move|p2a: Gastrodon|Earth Power|p1b: Dragapult\n|-damage|p1b: Dragapult|0 fnt\n|faint|p1b: Dragapult\n|\n|-heal|p2a: Gastrodon|17\/100|[from] item: Leftovers\n|upkeep\n|\n|t:|1683571134\n|switch|p1b: Palafin|Palafin-Hero, L50, M|74\/100\n|turn|6\n|inactive|WillieDangerously has 30 seconds left.\n|inactive|WillieDangerously has 20 seconds left.\n|\n|t:|1683571170\n|move|p2b: Chien-Pao|Protect|p2b: Chien-Pao\n|-singleturn|p2b: Chien-Pao|Protect\n|move|p2a: Gastrodon|Protect|p2a: Gastrodon\n|-singleturn|p2a: Gastrodon|Protect\n|move|p1a: Arcanine|Extreme Speed|p2b: Chien-Pao\n|-activate|p2b: Chien-Pao|move: Protect\n|move|p1b: Palafin|Ice Punch|p2a: Gastrodon\n|-activate|p2a: Gastrodon|move: Protect\n|\n|-heal|p2a: Gastrodon|23\/100|[from] item: Leftovers\n|upkeep\n|turn|7\n|inactive|WillieDangerously has 30 seconds left.\n|\n|t:|1683571200\n|switch|p2b: Garchomp|Garchomp, L50, F, tera:Fire|33\/100\n|move|p1a: Arcanine|Extreme Speed|p2b: Garchomp\n|-damage|p2b: Garchomp|14\/100\n|move|p1b: Palafin|Ice Punch|p2a: Gastrodon\n|-damage|p2a: Gastrodon|0 fnt\n|faint|p2a: Gastrodon\n|\n|upkeep\n|\n|t:|1683571208\n|switch|p2a: Chien-Pao|Chien-Pao, L50|18\/100\n|-ability|p2a: Chien-Pao|Sword of Ruin\n|turn|8\n|-message|XxPoemPlaysxX forfeited.\n|\n|win|WillieDangerously\n|raw|WillieDangerously's rating: 1086 → 1120<\/strong> (+34 for winning)\n|raw|XxPoemPlaysxX's rating: 1172 → 1141<\/strong> (-31 for losing)\n|l|\u2606XxPoemPlaysxX\n","uploadtime":1683571230,"views":6,"p1id":"williedangerously","p2id":"xxpoemplaysxx","formatid":"gen9vgc2023regulationc","rating":1120,"private":0,"password":""}