{"id":"gen9vgc2023regulationc-1864173766","p1":"whorubuthi","p2":"Myshirtisdirty","format":"[Gen 9] VGC 2023 Regulation C","log":"|j|\u2606whorubuthi\n|j|\u2606Myshirtisdirty\n|t:|1684130017\n|gametype|doubles\n|player|p1|whorubuthi|169|\n|player|p2|Myshirtisdirty|101|\n|teamsize|p1|6\n|teamsize|p2|6\n|gen|9\n|tier|[Gen 9] VGC 2023 Regulation C\n|rule|Species Clause: Limit one of each Pok\u00e9mon\n|rule|Item Clause: Limit one of each item\n|clearpoke\n|poke|p1|Gothitelle, L50, F|\n|poke|p1|Iron Hands, L50|\n|poke|p1|Flutter Mane, L50|\n|poke|p1|Chien-Pao, L50|\n|poke|p1|Palafin, L50, F|\n|poke|p1|Amoonguss, L50, F|\n|poke|p2|Dragapult, L50, F|\n|poke|p2|Gyarados, L50, F|\n|poke|p2|Flutter Mane, L50|\n|poke|p2|Iron Bundle, L50|\n|poke|p2|Abomasnow, L50, M|\n|poke|p2|Volcarona, L50, M|\n|teampreview|4\nwhorubuthi has agreed to open team sheets.\n|c|\u2606whorubuthi|that was a close one\n|c|\u2606whorubuthi|glhf\nMyshirtisdirty has agreed to open team sheets.\n|c|\u2606Myshirtisdirty|lol it was\n|\n|t:|1684130086\n|start\n|switch|p1a: Gothitelle|Gothitelle, L50, F|100\/100\n|switch|p1b: Iron Hands|Iron Hands, L50|100\/100\n|switch|p2a: Dragapult|Dragapult, L50, F, shiny|100\/100\n|switch|p2b: Gyarados|Gyarados, L50, F|100\/100\n|-ability|p2b: Gyarados|Intimidate|boost\n|-unboost|p1a: Gothitelle|atk|1\n|-unboost|p1b: Iron Hands|atk|1\n|turn|1\n|\n|t:|1684130125\n|move|p2a: Dragapult|Phantom Force||[still]\n|-prepare|p2a: Dragapult|Phantom Force\n|move|p2b: Gyarados|Waterfall|p1a: Gothitelle\n|-damage|p1a: Gothitelle|69\/100\n|move|p1b: Iron Hands|Wild Charge|p2b: Gyarados\n|-supereffective|p2b: Gyarados\n|-damage|p2b: Gyarados|0 fnt\n|faint|p2b: Gyarados\n|-damage|p1b: Iron Hands|81\/100|[from] Recoil\n|move|p1a: Gothitelle|Trick Room|p1a: Gothitelle\n|-fieldstart|move: Trick Room|[of] p1a: Gothitelle\n|\n|upkeep\n|\n|t:|1684130135\n|switch|p2b: GoldenEye|Volcarona, L50, M|100\/100\n|turn|2\n|\n|t:|1684130155\n|-end|p1b: Iron Hands|Quark Drive|[silent]\n|switch|p1b: Amoonguss|Amoonguss, L50, F|100\/100\n|-terastallize|p2b: GoldenEye|Grass\n|move|p1a: Gothitelle|Psychic|p2a: Dragapult|[miss]\n|-miss|p1a: Gothitelle|p2a: Dragapult\n|move|p2b: GoldenEye|Quiver Dance|p2b: GoldenEye\n|-boost|p2b: GoldenEye|spa|1\n|-boost|p2b: GoldenEye|spd|1\n|-boost|p2b: GoldenEye|spe|1\n|move|p2a: Dragapult|Phantom Force|p1b: Amoonguss|[from]lockedmove\n|-damage|p1b: Amoonguss|38\/100\n|\n|upkeep\n|turn|3\n|\n|t:|1684130200\n|move|p1b: Amoonguss|Spore|p2a: Dragapult\n|-status|p2a: Dragapult|slp|[from] move: Spore\n|move|p1a: Gothitelle|Psychic|p2b: GoldenEye\n|-damage|p2b: GoldenEye|83\/100\n|cant|p2a: Dragapult|slp\n|move|p2b: GoldenEye|Heat Wave|p1b: Amoonguss|[spread] p1a,p1b\n|-supereffective|p1b: Amoonguss\n|-damage|p1a: Gothitelle|35\/100\n|-damage|p1b: Amoonguss|0 fnt\n|-enditem|p1a: Gothitelle|Sitrus Berry|[eat]\n|-heal|p1a: Gothitelle|60\/100|[from] item: Sitrus Berry\n|faint|p1b: Amoonguss\n|\n|-heal|p2b: GoldenEye|89\/100|[from] item: Leftovers\n|upkeep\n|\n|t:|1684130205\n|switch|p1b: Iron Hands|Iron Hands, L50|81\/100\n|turn|4\n|\n|t:|1684130225\n|-terastallize|p1b: Iron Hands|Fire\n|move|p1a: Gothitelle|Helping Hand|p1b: Iron Hands\n|-singleturn|p1b: Iron Hands|Helping Hand|[of] p1a: Gothitelle\n|move|p1b: Iron Hands|Drain Punch|p2b: GoldenEye\n|-damage|p2b: GoldenEye|19\/100\n|-heal|p1b: Iron Hands|100\/100|[from] drain|[of] p2b: GoldenEye\n|-curestatus|p2a: Dragapult|slp|[msg]\n|move|p2a: Dragapult|Phantom Force||[still]\n|-prepare|p2a: Dragapult|Phantom Force\n|move|p2b: GoldenEye|Heat Wave|p1b: Iron Hands|[spread] p1a\n|-miss|p2b: GoldenEye|p1b: Iron Hands\n|-damage|p1a: Gothitelle|25\/100\n|\n|-heal|p2b: GoldenEye|25\/100|[from] item: Leftovers\n|upkeep\n|turn|5\n|\n|t:|1684130255\n|move|p2b: GoldenEye|Protect|p2b: GoldenEye\n|-singleturn|p2b: GoldenEye|Protect\n|move|p1b: Iron Hands|Drain Punch|p2b: GoldenEye\n|-activate|p2b: GoldenEye|move: Protect\n|move|p1a: Gothitelle|Psychic|p2b: GoldenEye\n|-activate|p2b: GoldenEye|move: Protect\n|move|p2a: Dragapult|Phantom Force|p1a: Gothitelle|[from]lockedmove\n|-supereffective|p1a: Gothitelle\n|-damage|p1a: Gothitelle|0 fnt\n|faint|p1a: Gothitelle\n|\n|-heal|p2b: GoldenEye|30\/100|[from] item: Leftovers\n|-fieldend|move: Trick Room\n|upkeep\n|\n|t:|1684130259\n|switch|p1a: Chien-Pao|Chien-Pao, L50|100\/100\n|-ability|p1a: Chien-Pao|Sword of Ruin\n|turn|6\n|\n|t:|1684130290\n|switch|p2b: Flutter Mane|Flutter Mane, L50|100\/100\n|move|p2a: Dragapult|Phantom Force||[still]\n|-prepare|p2a: Dragapult|Phantom Force\n|move|p1a: Chien-Pao|Ice Spinner|p2b: Flutter Mane\n|-damage|p2b: Flutter Mane|23\/100\n|move|p1b: Iron Hands|Swords Dance|p1b: Iron Hands\n|-boost|p1b: Iron Hands|atk|2\n|\n|upkeep\n|turn|7\n|\n|t:|1684130320\n|move|p2a: Dragapult|Phantom Force|p1b: Iron Hands|[from]lockedmove\n|-damage|p1b: Iron Hands|47\/100\n|move|p1a: Chien-Pao|Ice Spinner|p2a: Dragapult\n|-supereffective|p2a: Dragapult\n|-damage|p2a: Dragapult|0 fnt\n|faint|p2a: Dragapult\n|move|p2b: Flutter Mane|Shadow Ball|p1b: Iron Hands\n|-damage|p1b: Iron Hands|6\/100\n|move|p1b: Iron Hands|Wild Charge|p2b: Flutter Mane\n|-damage|p2b: Flutter Mane|0 fnt\n|faint|p2b: Flutter Mane\n|-end|p2b: Flutter Mane|Protosynthesis|[silent]\n|-damage|p1b: Iron Hands|2\/100|[from] Recoil\n|\n|upkeep\n|\n|t:|1684130334\n|switch|p2b: GoldenEye|Volcarona, L50, M, tera:Grass|30\/100\n|turn|8\n|c|\u2606whorubuthi|OMG\n|c|\u2606whorubuthi|IRON HANDSSSSSS\n|c|\u2606Myshirtisdirty|whats the evs on that thing geez\n|\n|t:|1684130354\n|move|p2b: GoldenEye|Protect|p2b: GoldenEye\n|-singleturn|p2b: GoldenEye|Protect\n|move|p1a: Chien-Pao|Ice Spinner|p2b: GoldenEye\n|-activate|p2b: GoldenEye|move: Protect\n|move|p1b: Iron Hands|Drain Punch|p2b: GoldenEye\n|-activate|p2b: GoldenEye|move: Protect\n|\n|-heal|p2b: GoldenEye|36\/100|[from] item: Leftovers\n|upkeep\n|turn|9\n|c|\u2606Myshirtisdirty|that took a choice band a specs attack\n|c|\u2606whorubuthi|its 196 hp 228 spd\n|c|\u2606whorubuthi|its just built like that ig\n|c|\u2606whorubuthi|ggwp\n|c|\u2606whorubuthi|close battles haha\n|\n|t:|1684130408\n|move|p1a: Chien-Pao|Ice Spinner|p2b: GoldenEye\n|-supereffective|p2b: GoldenEye\n|-damage|p2b: GoldenEye|0 fnt\n|faint|p2b: GoldenEye\n|\n|win|whorubuthi\n|c|\u2606whorubuthi|ty for the battles\n|c|\u2606Myshirtisdirty|yeaah man GG\n|c|\u2606whorubuthi|i gtg now\n|l|\u2606Myshirtisdirty\n","uploadtime":1684130484,"views":5,"p1id":"whorubuthi","p2id":"myshirtisdirty","formatid":"gen9vgc2023regulationc","rating":0,"private":0,"password":""}