{"id":"gen9vgc2023regulationc-1861480513","p1":"Getmelit","p2":"Lefties Chi-Yu","format":"[Gen 9] VGC 2023 Regulation C","log":"|j|\u2606Getmelit\n|j|\u2606Lefties Chi-Yu\n|t:|1683763075\n|gametype|doubles\n|player|p1|Getmelit|2|\n|player|p2|Lefties Chi-Yu|acetrainer-gen6xy|\n|teamsize|p1|6\n|teamsize|p2|6\n|gen|9\n|tier|[Gen 9] VGC 2023 Regulation C\n|rule|Species Clause: Limit one of each Pok\u00e9mon\n|rule|Item Clause: Limit one of each item\n|clearpoke\n|poke|p1|Flutter Mane, L50|\n|poke|p1|Iron Bundle, L50|\n|poke|p1|Kingambit, L50, M|\n|poke|p1|Dragonite, L50, M|\n|poke|p1|Amoonguss, L50, F|\n|poke|p1|Arcanine, L50, M|\n|poke|p2|Kingambit, L50, F|\n|poke|p2|Chi-Yu, L50|\n|poke|p2|Iron Hands, L50|\n|poke|p2|Gyarados, L50, M|\n|poke|p2|Amoonguss, L50, M|\n|poke|p2|Flutter Mane, L50|\n|teampreview|4\nGetmelit has agreed to open team sheets.\nLefties Chi-Yu has agreed to open team sheets.\n|\n|t:|1683763159\n|start\n|switch|p1a: Arcanine|Arcanine, L50, M|100\/100\n|switch|p1b: Dragonite|Dragonite, L50, M|100\/100\n|switch|p2a: Chi-Yu|Chi-Yu, L50|100\/100\n|switch|p2b: Iron Hands|Iron Hands, L50|100\/100\n|-ability|p2a: Chi-Yu|Beads of Ruin\n|-ability|p1a: Arcanine|Intimidate|boost\n|-unboost|p2a: Chi-Yu|atk|1\n|-unboost|p2b: Iron Hands|atk|1\n|turn|1\n|\n|t:|1683763182\n|move|p2b: Iron Hands|Fake Out|p1b: Dragonite\n|-damage|p1b: Dragonite|95\/100\n|move|p2a: Chi-Yu|Nasty Plot|p2a: Chi-Yu\n|-boost|p2a: Chi-Yu|spa|2\n|move|p1a: Arcanine|Howl|p1a: Arcanine|[spread] p1a,p1b\n|-boost|p1a: Arcanine|atk|1\n|-boost|p1b: Dragonite|atk|1\n|cant|p1b: Dragonite|flinch\n|\n|upkeep\n|turn|2\n|\n|t:|1683763213\n|-terastallize|p1b: Dragonite|Flying\n|move|p2a: Chi-Yu|Dark Pulse|p1b: Dragonite\n|-damage|p1b: Dragonite|26\/100\n|move|p1a: Arcanine|Will-O-Wisp|p2b: Iron Hands\n|-status|p2b: Iron Hands|brn\n|move|p1b: Dragonite|Tera Blast|p2a: Chi-Yu\n|-damage|p2a: Chi-Yu|0 fnt\n|faint|p2a: Chi-Yu\n|move|p2b: Iron Hands|Wild Charge|p1b: Dragonite\n|-supereffective|p1b: Dragonite\n|-damage|p1b: Dragonite|0 fnt\n|faint|p1b: Dragonite\n|-damage|p2b: Iron Hands|95\/100 brn|[from] Recoil\n|\n|-damage|p2b: Iron Hands|89\/100 brn|[from] brn\n|upkeep\n|\n|t:|1683763240\n|switch|p2a: Flutter Mane|Flutter Mane, L50|100\/100\n|switch|p1b: Iron Bundle|Iron Bundle, L50|100\/100\n|-enditem|p1b: Iron Bundle|Booster Energy\n|-activate|p1b: Iron Bundle|ability: Quark Drive|[fromitem]\n|-start|p1b: Iron Bundle|quarkdrivespe\n|turn|3\n|\n|t:|1683763284\n|move|p2a: Flutter Mane|Protect|p2a: Flutter Mane\n|-singleturn|p2a: Flutter Mane|Protect\n|move|p1a: Arcanine|Protect|p1a: Arcanine\n|-singleturn|p1a: Arcanine|Protect\n|move|p1b: Iron Bundle|Icy Wind|p2a: Flutter Mane|[spread] p2b\n|-activate|p2a: Flutter Mane|move: Protect\n|-damage|p2b: Iron Hands|79\/100 brn\n|-unboost|p2b: Iron Hands|spe|1\n|move|p2b: Iron Hands|Wild Charge|p1b: Iron Bundle\n|-supereffective|p1b: Iron Bundle\n|-damage|p1b: Iron Bundle|52\/100\n|-damage|p2b: Iron Hands|72\/100 brn|[from] Recoil\n|\n|-damage|p2b: Iron Hands|66\/100 brn|[from] brn\n|upkeep\n|turn|4\n|\n|t:|1683763305\n|move|p1b: Iron Bundle|Icy Wind|p2a: Flutter Mane|[spread] p2a,p2b\n|-damage|p2a: Flutter Mane|80\/100\n|-damage|p2b: Iron Hands|55\/100 brn\n|-unboost|p2a: Flutter Mane|spe|1\n|-unboost|p2b: Iron Hands|spe|1\n|move|p2a: Flutter Mane|Shadow Ball|p1a: Arcanine\n|-damage|p1a: Arcanine|50\/100\n|-unboost|p1a: Arcanine|spd|1\n|-damage|p2a: Flutter Mane|70\/100|[from] item: Life Orb\n|move|p1a: Arcanine|Flare Blitz|p2a: Flutter Mane\n|-damage|p2a: Flutter Mane|0 fnt\n|faint|p2a: Flutter Mane\n|-end|p2a: Flutter Mane|Protosynthesis|[silent]\n|-damage|p1a: Arcanine|34\/100|[from] Recoil\n|move|p2b: Iron Hands|Wild Charge|p1a: Arcanine\n|-damage|p1a: Arcanine|19\/100\n|-damage|p2b: Iron Hands|52\/100 brn|[from] Recoil\n|\n|-damage|p2b: Iron Hands|46\/100 brn|[from] brn\n|upkeep\n|\n|t:|1683763320\n|switch|p2a: Amoonguss|Amoonguss, L50, M|100\/100\n|turn|5\n|-message|Lefties Chi-Yu forfeited.\n|\n|win|Getmelit\n|l|\u2606Getmelit\n","uploadtime":1683763327,"views":2,"p1id":"getmelit","p2id":"leftieschiyu","formatid":"gen9vgc2023regulationc","rating":0,"private":0,"password":""}