{"id":"gen9vgc2023regulationc-1846883490","p1":"sardinio","p2":"Bukan226","format":"[Gen 9] VGC 2023 Regulation C","log":"|j|\u2606sardinio\n|j|\u203dBukan226\n|t:|1681895565\n|gametype|doubles\n|player|p1|sardinio|skier|1137\n|player|p2|Bukan226|265|1125\n|teamsize|p1|6\n|teamsize|p2|6\n|gen|9\n|tier|[Gen 9] VGC 2023 Regulation C\n|rated|\n|rule|Species Clause: Limit one of each Pok\u00e9mon\n|rule|Item Clause: Limit one of each item\n|clearpoke\n|poke|p1|Chi-Yu, L50|\n|poke|p1|Arcanine, L50, F|\n|poke|p1|Iron Bundle, L50|\n|poke|p1|Palafin, L50, M|\n|poke|p1|Amoonguss, L50, F|\n|poke|p1|Iron Hands, L50|\n|poke|p2|Iron Valiant, L50|\n|poke|p2|Armarouge, L50, M|\n|poke|p2|Indeedee-F, L50, F|\n|poke|p2|Chi-Yu, L50|\n|poke|p2|Breloom, L50, F|\n|poke|p2|Dragonite, L50, M|\n|teampreview|4\nBukan226 rejected open team sheets.\n|inactive|Battle timer is ON: inactive players will automatically lose when time's up. (requested by Bukan226)\n|inactive|sardinio has 60 seconds left.\n|\n|t:|1681895609\n|start\n|switch|p1a: Iron Hands|Iron Hands, L50|100\/100\n|switch|p1b: Chi-Yu|Chi-Yu, L50|100\/100\n|switch|p2a: Armarouge|Armarouge, L50, M|100\/100\n|switch|p2b: Indeedee|Indeedee-F, L50, F|100\/100\n|-ability|p1b: Chi-Yu|Beads of Ruin\n|-fieldstart|move: Psychic Terrain|[from] ability: Psychic Surge|[of] p2b: Indeedee\n|turn|1\n|inactive|sardinio has 30 seconds left.\n|\n|t:|1681895640\n|-terastallize|p1a: Iron Hands|Electric\n|move|p2a: Armarouge|Protect|p2a: Armarouge\n|-singleturn|p2a: Armarouge|Protect\n|move|p1b: Chi-Yu|Dark Pulse|p2b: Indeedee\n|-supereffective|p2b: Indeedee\n|-damage|p2b: Indeedee|0 fnt\n|faint|p2b: Indeedee\n|move|p1a: Iron Hands|Wild Charge|p2a: Armarouge\n|-activate|p2a: Armarouge|move: Protect\n|\n|upkeep\n|\n|t:|1681895652\n|switch|p2b: Breloom|Breloom, L50, F|100\/100\n|turn|2\n|\n|t:|1681895665\n|switch|p1b: Arcanine|Arcanine, L50, F|100\/100\n|-ability|p1b: Arcanine|Intimidate|boost\n|-unboost|p2a: Armarouge|atk|1\n|-unboost|p2b: Breloom|atk|1\n|move|p2b: Breloom|Mach Punch|p1b: Arcanine\n|-activate|p1b: Arcanine|move: Psychic Terrain\n|move|p2a: Armarouge|Expanding Force|p1b: Arcanine|[spread] p1a,p1b\n|-damage|p1a: Iron Hands|20\/100\n|-damage|p1b: Arcanine|23\/100\n|-enditem|p1b: Arcanine|Aguav Berry|[eat]\n|-heal|p1b: Arcanine|56\/100|[from] item: Aguav Berry\n|move|p1a: Iron Hands|Wild Charge|p2a: Armarouge\n|-crit|p2a: Armarouge\n|-damage|p2a: Armarouge|0 fnt\n|faint|p2a: Armarouge\n|-damage|p1a: Iron Hands|0 fnt|[from] Recoil\n|faint|p1a: Iron Hands\n|-end|p1a: Iron Hands|Quark Drive|[silent]\n|\n|upkeep\n|l|\u203dBukan226\n|inactive|Bukan226 disconnected and has a minute to reconnect!\n|player|p2|\n|inactive|Bukan226 has 30 seconds left.\n|j|\u203dBukan226\n|inactive|Bukan226 reconnected and has 30 seconds left.\n|player|p2|Bukan226|265\n|n|\u203dBukan226|bukan226\n|inactive|Bukan226 has 20 seconds left.\n|inactive|Bukan226 has 15 seconds left.\n|\n|t:|1681895707\n|switch|p2a: Iron Valiant|Iron Valiant, L50|100\/100\n|switch|p1a: Amoonguss|Amoonguss, L50, F|100\/100\n|-enditem|p2a: Iron Valiant|Booster Energy\n|-activate|p2a: Iron Valiant|ability: Quark Drive|[fromitem]\n|-start|p2a: Iron Valiant|quarkdrivespe\n|turn|3\n|\n|t:|1681895735\n|move|p2a: Iron Valiant|Protect|p2a: Iron Valiant\n|-singleturn|p2a: Iron Valiant|Protect\n|move|p1a: Amoonguss|Protect|p1a: Amoonguss\n|-singleturn|p1a: Amoonguss|Protect\n|move|p2b: Breloom|Spore|p1b: Arcanine\n|-status|p1b: Arcanine|slp|[from] move: Spore\n|cant|p1b: Arcanine|slp\n|\n|upkeep\n|turn|4\n|\n|t:|1681895754\n|move|p2a: Iron Valiant|Shadow Ball|p1a: Amoonguss\n|-damage|p1a: Amoonguss|80\/100\n|move|p2b: Breloom|Bullet Seed|p1a: Amoonguss\n|-resisted|p1a: Amoonguss\n|-damage|p1a: Amoonguss|77\/100\n|-resisted|p1a: Amoonguss\n|-damage|p1a: Amoonguss|73\/100\n|-hitcount|p1a: Amoonguss|2\n|cant|p1b: Arcanine|slp\n|move|p1a: Amoonguss|Spore|p2a: Iron Valiant\n|-status|p2a: Iron Valiant|slp|[from] move: Spore\n|\n|upkeep\n|turn|5\n|inactive|sardinio has 30 seconds left.\n|\n|t:|1681895784\n|move|p1a: Amoonguss|Protect|p1a: Amoonguss\n|-singleturn|p1a: Amoonguss|Protect\n|move|p2b: Breloom|Mach Punch|p1b: Arcanine\n|-activate|p1b: Arcanine|move: Psychic Terrain\n|cant|p2a: Iron Valiant|slp\n|cant|p1b: Arcanine|slp\n|\n|-fieldend|move: Psychic Terrain\n|upkeep\n|turn|6\n|\n|t:|1681895804\n|move|p1a: Amoonguss|Rage Powder|p1a: Amoonguss\n|-singleturn|p1a: Amoonguss|move: Rage Powder\n|move|p2b: Breloom|Mach Punch|p1b: Arcanine\n|-damage|p1b: Arcanine|39\/100 slp\n|cant|p2a: Iron Valiant|slp\n|-curestatus|p1b: Arcanine|slp|[msg]\n|move|p1b: Arcanine|Flare Blitz|p2b: Breloom\n|-supereffective|p2b: Breloom\n|-enditem|p2b: Breloom|Focus Sash\n|-damage|p2b: Breloom|1\/100\n|-damage|p1b: Arcanine|16\/100|[from] Recoil\n|\n|upkeep\n|turn|7\n|\n|t:|1681895824\n|move|p1b: Arcanine|Protect|p1b: Arcanine\n|-singleturn|p1b: Arcanine|Protect\n|cant|p2a: Iron Valiant|slp\n|move|p2b: Breloom|Spore|p1b: Arcanine\n|-activate|p1b: Arcanine|move: Protect\n|move|p1a: Amoonguss|Pollen Puff|p2b: Breloom\n|-damage|p2b: Breloom|0 fnt\n|faint|p2b: Breloom\n|\n|upkeep\n|turn|8\n|inactive|sardinio has 30 seconds left.\n|inactive|sardinio has 20 seconds left.\n|inactive|sardinio has 15 seconds left.\n|\n|t:|1681895867\n|-terastallize|p2a: Iron Valiant|Ghost\n|move|p1a: Amoonguss|Rage Powder|p1a: Amoonguss\n|-singleturn|p1a: Amoonguss|move: Rage Powder\n|-curestatus|p2a: Iron Valiant|slp|[msg]\n|move|p2a: Iron Valiant|Dazzling Gleam|p1a: Amoonguss|[spread] p1a,p1b\n|-resisted|p1a: Amoonguss\n|-resisted|p1b: Arcanine\n|-damage|p1a: Amoonguss|61\/100\n|-damage|p1b: Arcanine|0 fnt\n|faint|p1b: Arcanine\n|\n|upkeep\n|\n|t:|1681895876\n|switch|p1b: Chi-Yu|Chi-Yu, L50|100\/100\n|-ability|p1b: Chi-Yu|Beads of Ruin\n|turn|9\n|\n|t:|1681895887\n|move|p2a: Iron Valiant|Dazzling Gleam|p1a: Amoonguss|[spread] p1a,p1b\n|-resisted|p1a: Amoonguss\n|-damage|p1a: Amoonguss|43\/100\n|-damage|p1b: Chi-Yu|65\/100\n|-enditem|p1a: Amoonguss|Sitrus Berry|[eat]\n|-heal|p1a: Amoonguss|68\/100|[from] item: Sitrus Berry\n|move|p1b: Chi-Yu|Dark Pulse|p2a: Iron Valiant\n|-supereffective|p2a: Iron Valiant\n|-damage|p2a: Iron Valiant|0 fnt\n|faint|p2a: Iron Valiant\n|-end|p2a: Iron Valiant|Quark Drive|[silent]\n|\n|win|sardinio\n|raw|sardinio's rating: 1137 → 1161<\/strong> (+24 for winning)\n|raw|Bukan226's rating: 1125 → 1101<\/strong> (-24 for losing)\n|l|\u203dBukan226\n|c|\u2606sardinio|gg\n","uploadtime":1681895918,"views":13,"p1id":"sardinio","p2id":"bukan226","formatid":"gen9vgc2023regulationc","rating":1101,"private":0,"password":""}