{"id":"gen9vgc2023regulationc-1850047710","p1":"mickle_pickle7","p2":"Smartest Albanian","format":"[Gen 9] VGC 2023 Regulation C","log":"|j|\u2606mickle_pickle7\n|j|\u2606Smartest Albanian\n|t:|1682281528\n|gametype|doubles\n|player|p1|mickle_pickle7|pokemonranger-gen4|1067\n|player|p2|Smartest Albanian|swimmer-gen4|1141\n|teamsize|p1|6\n|teamsize|p2|6\n|gen|9\n|tier|[Gen 9] VGC 2023 Regulation C\n|rated|\n|rule|Species Clause: Limit one of each Pok\u00e9mon\n|rule|Item Clause: Limit one of each item\n|clearpoke\n|poke|p1|Flutter Mane, L50|\n|poke|p1|Palafin, L50, M|\n|poke|p1|Amoonguss, L50, F|\n|poke|p1|Chi-Yu, L50|\n|poke|p1|Arcanine, L50, M|\n|poke|p1|Maushold-Four, L50|\n|poke|p2|Magneton, L50|\n|poke|p2|Pelipper, L50, M|\n|poke|p2|Flutter Mane, L50|\n|poke|p2|Tatsugiri-Droopy, L50, M|\n|poke|p2|Kingambit, L50, F|\n|poke|p2|Dragapult, L50, M|\n|teampreview|4\n|\n|t:|1682281551\n|start\n|switch|p1a: Flutter Mane|Flutter Mane, L50|100\/100\n|switch|p1b: Palafin|Palafin, L50, M|100\/100\n|switch|p2a: Kingambit|Kingambit, L50, F|100\/100\n|switch|p2b: Pelipper|Pelipper, L50, M|100\/100\n|-weather|RainDance|[from] ability: Drizzle|[of] p2b: Pelipper\n|turn|1\n|\n|t:|1682281570\n|move|p1a: Flutter Mane|Protect|p1a: Flutter Mane\n|-singleturn|p1a: Flutter Mane|Protect\n|move|p2b: Pelipper|Wide Guard|p2b: Pelipper\n|-singleturn|p2b: Pelipper|Wide Guard\n|move|p1b: Palafin|Close Combat|p2a: Kingambit\n|-supereffective|p2a: Kingambit\n|-damage|p2a: Kingambit|4\/100\n|-unboost|p1b: Palafin|def|1\n|-unboost|p1b: Palafin|spd|1\n|move|p2a: Kingambit|Iron Head|p1a: Flutter Mane\n|-activate|p1a: Flutter Mane|move: Protect\n|\n|-weather|RainDance|[upkeep]\n|upkeep\n|turn|2\n|\n|t:|1682281631\n|move|p1b: Palafin|Jet Punch|p2a: Kingambit\n|-damage|p2a: Kingambit|0 fnt\n|faint|p2a: Kingambit\n|move|p1a: Flutter Mane|Moonblast|p2b: Pelipper\n|-damage|p2b: Pelipper|0 fnt\n|faint|p2b: Pelipper\n|\n|-weather|RainDance|[upkeep]\n|upkeep\n|inactive|Battle timer is ON: inactive players will automatically lose when time's up. (requested by mickle_pickle7)\n|\n|t:|1682281640\n|switch|p2b: Tatsugiri|Tatsugiri-Droopy, L50, M, shiny|100\/100\n|switch|p2a: Flutter Mane|Flutter Mane, L50|100\/100\n|-enditem|p2a: Flutter Mane|Booster Energy\n|-activate|p2a: Flutter Mane|ability: Protosynthesis|[fromitem]\n|-start|p2a: Flutter Mane|protosynthesisspe\n|turn|3\n|\n|t:|1682281663\n|detailschange|p1b: Palafin|Palafin-Hero, L50, M\n|switch|p1b: Amoonguss|Amoonguss, L50, F|100\/100\n|-terastallize|p2a: Flutter Mane|Electric\n|move|p1a: Flutter Mane|Protect|p1a: Flutter Mane\n|-singleturn|p1a: Flutter Mane|Protect\n|move|p2a: Flutter Mane|Shadow Ball|p1a: Flutter Mane\n|-activate|p1a: Flutter Mane|move: Protect\n|move|p2b: Tatsugiri|Muddy Water|p1b: Amoonguss|[spread] p1b\n|-activate|p1a: Flutter Mane|move: Protect\n|-resisted|p1b: Amoonguss\n|-damage|p1b: Amoonguss|77\/100\n|-unboost|p1b: Amoonguss|accuracy|1\n|\n|-weather|RainDance|[upkeep]\n|upkeep\n|turn|4\n|\n|t:|1682281679\n|move|p1b: Amoonguss|Rage Powder|p1b: Amoonguss\n|-singleturn|p1b: Amoonguss|move: Rage Powder\n|move|p2a: Flutter Mane|Shadow Ball|p1b: Amoonguss\n|-damage|p1b: Amoonguss|40\/100\n|move|p2b: Tatsugiri|Muddy Water|p1a: Flutter Mane|[spread] p1a,p1b\n|-resisted|p1b: Amoonguss\n|-damage|p1a: Flutter Mane|40\/100\n|-damage|p1b: Amoonguss|15\/100\n|move|p1a: Flutter Mane|Shadow Ball|p2a: Flutter Mane\n|-damage|p2a: Flutter Mane|52\/100\n|\n|-weather|RainDance|[upkeep]\n|upkeep\n|turn|5\n|\n|t:|1682281702\n|move|p1b: Amoonguss|Rage Powder|p1b: Amoonguss\n|-singleturn|p1b: Amoonguss|move: Rage Powder\n|move|p2a: Flutter Mane|Shadow Ball|p1b: Amoonguss\n|-damage|p1b: Amoonguss|0 fnt\n|faint|p1b: Amoonguss\n|move|p2b: Tatsugiri|Muddy Water|p1a: Flutter Mane\n|-damage|p1a: Flutter Mane|0 fnt\n|faint|p1a: Flutter Mane\n|-end|p1a: Flutter Mane|Protosynthesis|[silent]\n|\n|-weather|RainDance|[upkeep]\n|upkeep\n|\n|t:|1682281710\n|switch|p1a: Palafin|Palafin-Hero, L50, M|100\/100\n|switch|p1b: Chi-Yu|Chi-Yu, L50|100\/100\n|-ability|p1b: Chi-Yu|Beads of Ruin\n|-activate|p1a: Palafin|ability: Zero to Hero\n|turn|6\n|\n|t:|1682281719\n|move|p1a: Palafin|Jet Punch|p2b: Tatsugiri\n|-activate|p2b: Tatsugiri|ability: Storm Drain\n|-ability|p2b: Tatsugiri|Storm Drain|boost\n|-boost|p2b: Tatsugiri|spa|1\n|move|p2a: Flutter Mane|Thunder|p1a: Palafin\n|-supereffective|p1a: Palafin\n|-damage|p1a: Palafin|0 fnt\n|faint|p1a: Palafin\n|move|p2b: Tatsugiri|Muddy Water|p1b: Chi-Yu|[miss]\n|-miss|p2b: Tatsugiri|p1b: Chi-Yu\n|move|p1b: Chi-Yu|Snarl|p2b: Tatsugiri|[spread] p2a,p2b\n|-damage|p2a: Flutter Mane|20\/100\n|-damage|p2b: Tatsugiri|62\/100\n|-unboost|p2a: Flutter Mane|spa|1\n|-unboost|p2b: Tatsugiri|spa|1\n|\n|-weather|RainDance|[upkeep]\n|upkeep\n|turn|7\n|\n|t:|1682281741\n|move|p2a: Flutter Mane|Dazzling Gleam|p1b: Chi-Yu\n|-damage|p1b: Chi-Yu|68\/100\n|move|p2b: Tatsugiri|Muddy Water|p1b: Chi-Yu\n|-supereffective|p1b: Chi-Yu\n|-damage|p1b: Chi-Yu|0 fnt\n|faint|p1b: Chi-Yu\n|\n|win|Smartest Albanian\n|raw|mickle_pickle7's rating: 1067 → 1051<\/strong> (-16 for losing)\n|raw|Smartest Albanian's rating: 1141 → 1161<\/strong> (+20 for winning)\n|l|\u2606mickle_pickle7\n","uploadtime":1682281869,"views":6,"p1id":"micklepickle7","p2id":"smartestalbanian","formatid":"gen9vgc2023regulationc","rating":1051,"private":0,"password":""}