{"id":"gen9vgc2023regulationc-1859900700","p1":"Memes4.0","p2":"Arcrey56","format":"[Gen 9] VGC 2023 Regulation C","log":"|j|\u2606Memes4.0\n|j|\u2606Arcrey56\n|t:|1683574102\n|gametype|doubles\n|player|p1|Memes4.0|102|1108\n|player|p2|Arcrey56|101|1077\n|teamsize|p1|6\n|teamsize|p2|6\n|gen|9\n|tier|[Gen 9] VGC 2023 Regulation C\n|rated|\n|rule|Species Clause: Limit one of each Pok\u00e9mon\n|rule|Item Clause: Limit one of each item\n|clearpoke\n|poke|p1|Mimikyu, L50, F|\n|poke|p1|Amoonguss, L50, M|\n|poke|p1|Gothitelle, L50, F|\n|poke|p1|Farigiraf, L50, M|\n|poke|p1|Azumarill, L50, M|\n|poke|p1|Ceruledge, L50, F|\n|poke|p2|Amoonguss, L50, F|\n|poke|p2|Gholdengo, L50|\n|poke|p2|Palafin, L50, F|\n|poke|p2|Chien-Pao, L50|\n|poke|p2|Arcanine, L50, M|\n|poke|p2|Pawmot, L50, M|\n|teampreview|4\n|inactive|Battle timer is ON: inactive players will automatically lose when time's up. (requested by Memes4.0)\n|inactive|Memes4.0 has 60 seconds left.\n|\n|t:|1683574135\n|start\n|switch|p1a: Gothitelle|Gothitelle, L50, F|100\/100\n|switch|p1b: Zebra|Farigiraf, L50, M|100\/100\n|switch|p2a: Amoonguss|Amoonguss, L50, F, shiny|100\/100\n|switch|p2b: Palafin|Palafin, L50, F|100\/100\n|turn|1\n|inactive|Arcrey56 has 30 seconds left.\n|inactive|Arcrey56 has 20 seconds left.\n|\n|t:|1683574173\n|move|p1a: Gothitelle|Fake Out|p2a: Amoonguss\n|-damage|p2a: Amoonguss|96\/100\n|move|p2b: Palafin|Flip Turn|p1a: Gothitelle\n|-damage|p1a: Gothitelle|75\/100\n|\n|t:|1683574185\n|detailschange|p2b: Palafin|Palafin-Hero, L50, F\n|switch|p2b: Gholdengo|Gholdengo, L50|100\/100|[from] Flip Turn\n|-item|p2b: Gholdengo|Air Balloon\n|move|p1b: Zebra|Psychic|p2a: Amoonguss\n|-supereffective|p2a: Amoonguss\n|-damage|p2a: Amoonguss|0 fnt\n|faint|p2a: Amoonguss\n|-damage|p1b: Zebra|91\/100|[from] item: Life Orb\n|\n|upkeep\n|\n|t:|1683574200\n|switch|p2a: Palafin|Palafin-Hero, L50, F|100\/100\n|-activate|p2a: Palafin|ability: Zero to Hero\n|turn|2\n|inactive|Memes4.0 has 30 seconds left.\n|\n|t:|1683574230\n|move|p1b: Zebra|Protect|p1b: Zebra\n|-singleturn|p1b: Zebra|Protect\n|move|p2a: Palafin|Jet Punch||[still]\n|cant|p1b: Zebra|ability: Armor Tail|Jet Punch|[of] p2a: Palafin\n|move|p2b: Gholdengo|Shadow Ball|p1a: Gothitelle\n|-supereffective|p1a: Gothitelle\n|-damage|p1a: Gothitelle|0 fnt\n|faint|p1a: Gothitelle\n|\n|upkeep\n|\n|t:|1683574243\n|switch|p1a: Walking Nuke|Azumarill, L50, M, shiny|100\/100\n|turn|3\n|\n|t:|1683574269\n|-terastallize|p2b: Gholdengo|Electric\n|move|p2a: Palafin|Jet Punch||[still]\n|cant|p1b: Zebra|ability: Armor Tail|Jet Punch|[of] p2a: Palafin\n|move|p2b: Gholdengo|Tera Blast|p1a: Walking Nuke\n|-supereffective|p1a: Walking Nuke\n|-damage|p1a: Walking Nuke|39\/100\n|move|p1a: Walking Nuke|Play Rough|p2a: Palafin\n|-damage|p2a: Palafin|38\/100\n|move|p1b: Zebra|Trick Room|p1b: Zebra\n|-fieldstart|move: Trick Room|[of] p1b: Zebra\n|\n|upkeep\n|turn|4\n|inactive|Arcrey56 has 30 seconds left.\n|inactive|Arcrey56 has 20 seconds left.\n|\n|t:|1683574308\n|switch|p2a: Arcanine|Arcanine, L50, M|100\/100\n|-ability|p2a: Arcanine|Intimidate|boost\n|-unboost|p1a: Walking Nuke|atk|1\n|-unboost|p1b: Zebra|atk|1\n|move|p1b: Zebra|Psychic|p2b: Gholdengo\n|-damage|p2b: Gholdengo|28\/100\n|-enditem|p2b: Gholdengo|Air Balloon\n|-damage|p1b: Zebra|81\/100|[from] item: Life Orb\n|move|p1a: Walking Nuke|Play Rough|p2b: Gholdengo\n|-damage|p2b: Gholdengo|0 fnt\n|faint|p2b: Gholdengo\n|\n|upkeep\n|\n|t:|1683574322\n|switch|p2b: Palafin|Palafin-Hero, L50, F|38\/100\n|turn|5\n|c|\u2606Memes4.0|You know gholdengo gets thunderbolt right\n|inactive|Arcrey56 has 30 seconds left.\n|\n|t:|1683574352\n|move|p1b: Zebra|Psychic|p2b: Palafin\n|-damage|p2b: Palafin|0 fnt\n|faint|p2b: Palafin\n|-damage|p1b: Zebra|71\/100|[from] item: Life Orb\n|move|p1a: Walking Nuke|Liquidation|p2a: Arcanine\n|-supereffective|p2a: Arcanine\n|-damage|p2a: Arcanine|8\/100\n|-unboost|p2a: Arcanine|def|1\n|move|p2a: Arcanine|Hyper Voice|p1a: Walking Nuke|[spread] p1a,p1b\n|-damage|p1a: Walking Nuke|22\/100\n|-damage|p1b: Zebra|43\/100\n|-damage|p2a: Arcanine|0 fnt|[from] item: Life Orb\n|faint|p2a: Arcanine\n|\n|win|Memes4.0\n|raw|Memes4.0's rating: 1108 → 1131<\/strong> (+23 for winning)\n|raw|Arcrey56's rating: 1077 → 1057<\/strong> (-20 for losing)\n|l|\u2606Arcrey56\n","uploadtime":1683574407,"views":8,"p1id":"memes40","p2id":"arcrey56","formatid":"gen9vgc2023regulationc","rating":1057,"private":0,"password":""}