{"id":"gen9vgc2023regulationc-1859077308","p1":"Compries","p2":"ThatWillKid","format":"[Gen 9] VGC 2023 Regulation C","log":"|j|\u2606Compries\n|j|\u2606ThatWillKid\n|t:|1683401698\n|gametype|doubles\n|player|p1|Compries|lana|\n|player|p2|ThatWillKid|volkner|\n|teamsize|p1|6\n|teamsize|p2|6\n|gen|9\n|tier|[Gen 9] VGC 2023 Regulation C\n|rule|Species Clause: Limit one of each Pok\u00e9mon\n|rule|Item Clause: Limit one of each item\n|clearpoke\n|poke|p1|Camerupt, L50, M|\n|poke|p1|Toedscruel, L50, F|\n|poke|p1|Froslass, L50, F|\n|poke|p1|Gardevoir, L50, F|\n|poke|p1|Arboliva, L50, F|\n|poke|p1|Slowking, L50, M|\n|poke|p2|Naclstack, L50, F|\n|poke|p2|Hippowdon, L50, F|\n|poke|p2|Lycanroc-Dusk, L50, M|\n|poke|p2|Rabsca, L50, M|\n|poke|p2|Toedscruel, L50, F|\n|poke|p2|Morgrem, L50, M|\n|teampreview|4\n|c|\u2606ThatWillKid|glhf\n|c|\u2606Compries|glhf!\n|j| SATMaofever\n|j| kmilly132\n|\n|t:|1683401808\n|start\n|switch|p1a: Arboliva|Arboliva, L50, F|100\/100\n|switch|p1b: Slowking|Slowking, L50, M|100\/100\n|switch|p2a: Gummy's Dad|Lycanroc-Dusk, L50, M|100\/100\n|switch|p2b: Back w\/ Gains|Toedscruel, L50, F|100\/100\n|turn|1\n|\n|t:|1683401827\n|move|p1b: Slowking|Protect|p1b: Slowking\n|-singleturn|p1b: Slowking|Protect\n|move|p2a: Gummy's Dad|Close Combat|p1a: Arboliva\n|-supereffective|p1a: Arboliva\n|-damage|p1a: Arboliva|0 fnt\n|-unboost|p2a: Gummy's Dad|def|1\n|-unboost|p2a: Gummy's Dad|spd|1\n|faint|p1a: Arboliva\n|move|p2b: Back w\/ Gains|Spore|p1b: Slowking\n|-activate|p1b: Slowking|move: Protect\n|\n|upkeep\n|\n|t:|1683401836\n|switch|p1a: Camerupt|Camerupt, L50, M|100\/100\n|turn|2\n|\n|t:|1683401878\n|switch|p1b: Gardevoir|Gardevoir, L50, F|100\/100\n|-terastallize|p2b: Back w\/ Gains|Water\n|move|p2a: Gummy's Dad|Rock Slide|p1a: Camerupt|[spread] \n|-miss|p2a: Gummy's Dad|p1a: Camerupt\n|-miss|p2a: Gummy's Dad|p1b: Gardevoir\n|move|p1a: Camerupt|Earthquake|p2a: Gummy's Dad|[spread] p2a,p2b\n|-activate|p1b: Gardevoir|ability: Telepathy\n|-supereffective|p2a: Gummy's Dad\n|-enditem|p2a: Gummy's Dad|Focus Sash\n|-damage|p2a: Gummy's Dad|1\/100\n|-damage|p2b: Back w\/ Gains|66\/100\n|move|p2b: Back w\/ Gains|Spore|p1b: Gardevoir\n|-status|p1b: Gardevoir|slp|[from] move: Spore\n|\n|upkeep\n|turn|3\n|c| kmilly132|lol\n|\n|t:|1683401900\n|cant|p1b: Gardevoir|slp\n|move|p2a: Gummy's Dad|Endeavor|p1a: Camerupt\n|-damage|p1a: Camerupt|1\/100\n|move|p2b: Back w\/ Gains|Giga Drain|p1a: Camerupt\n|-damage|p1a: Camerupt|0 fnt\n|-heal|p2b: Back w\/ Gains|66\/100|[from] drain|[of] p1a: Camerupt\n|faint|p1a: Camerupt\n|\n|upkeep\n|c|\u2606Compries|the double miss :\u2019)\n|\n|t:|1683401912\n|switch|p1a: Slowking|Slowking, L50, M|100\/100\n|turn|4\n|\n|t:|1683401926\n|move|p1a: Slowking|Protect|p1a: Slowking\n|-singleturn|p1a: Slowking|Protect\n|cant|p1b: Gardevoir|slp\n|move|p2a: Gummy's Dad|Endeavor|p1b: Gardevoir\n|-damage|p1b: Gardevoir|1\/100 slp\n|move|p2b: Back w\/ Gains|Spore|p1a: Slowking\n|-activate|p1a: Slowking|move: Protect\n|\n|upkeep\n|turn|5\n|\n|t:|1683401937\n|-curestatus|p1b: Gardevoir|slp|[msg]\n|move|p1b: Gardevoir|Dazzling Gleam|p2b: Back w\/ Gains|[spread] p2a,p2b\n|-damage|p2a: Gummy's Dad|0 fnt\n|-damage|p2b: Back w\/ Gains|41\/100\n|faint|p2a: Gummy's Dad\n|move|p1a: Slowking|Hydro Pump|p2b: Back w\/ Gains\n|-resisted|p2b: Back w\/ Gains\n|-damage|p2b: Back w\/ Gains|24\/100\n|-enditem|p2b: Back w\/ Gains|Aguav Berry|[eat]\n|-heal|p2b: Back w\/ Gains|57\/100|[from] item: Aguav Berry\n|move|p2b: Back w\/ Gains|Spore|p1a: Slowking\n|-status|p1a: Slowking|slp|[from] move: Spore\n|\n|upkeep\n|\n|t:|1683401953\n|switch|p2a: Psychic Sh!t|Rabsca, L50, M|100\/100\n|turn|6\n|\n|t:|1683401961\n|move|p1b: Gardevoir|Dazzling Gleam|p2a: Psychic Sh!t|[spread] p2a,p2b\n|-damage|p2a: Psychic Sh!t|73\/100\n|-damage|p2b: Back w\/ Gains|34\/100\n|move|p2b: Back w\/ Gains|Giga Drain|p1a: Slowking\n|-supereffective|p1a: Slowking\n|-damage|p1a: Slowking|73\/100 slp\n|-heal|p2b: Back w\/ Gains|50\/100|[from] drain|[of] p1a: Slowking\n|move|p2a: Psychic Sh!t|Dazzling Gleam|p1b: Gardevoir|[spread] p1a,p1b\n|-damage|p1a: Slowking|64\/100 slp\n|-damage|p1b: Gardevoir|0 fnt\n|faint|p1b: Gardevoir\n|cant|p1a: Slowking|slp\n|\n|-heal|p1a: Slowking|70\/100 slp|[from] item: Leftovers\n|upkeep\n|turn|7\n|\n|t:|1683401980\n|cant|p1a: Slowking|slp\n|move|p2b: Back w\/ Gains|Giga Drain|p1a: Slowking\n|-supereffective|p1a: Slowking\n|-damage|p1a: Slowking|42\/100 slp\n|-heal|p2b: Back w\/ Gains|65\/100|[from] drain|[of] p1a: Slowking\n|move|p2a: Psychic Sh!t|Dazzling Gleam|p1a: Slowking\n|-damage|p1a: Slowking|31\/100 slp\n|\n|-heal|p1a: Slowking|37\/100 slp|[from] item: Leftovers\n|upkeep\n|turn|8\n|\n|t:|1683401989\n|-terastallize|p1a: Slowking|Steel\n|move|p2b: Back w\/ Gains|Giga Drain|p1a: Slowking\n|-resisted|p1a: Slowking\n|-damage|p1a: Slowking|30\/100 slp\n|-heal|p2b: Back w\/ Gains|69\/100|[from] drain|[of] p1a: Slowking\n|move|p2a: Psychic Sh!t|Dazzling Gleam|p1a: Slowking\n|-resisted|p1a: Slowking\n|-damage|p1a: Slowking|24\/100 slp\n|-curestatus|p1a: Slowking|slp|[msg]\n|move|p1a: Slowking|Slack Off|p1a: Slowking\n|-heal|p1a: Slowking|74\/100\n|\n|-heal|p1a: Slowking|80\/100|[from] item: Leftovers\n|upkeep\n|turn|9\n|\n|t:|1683402006\n|move|p2a: Psychic Sh!t|Protect|p2a: Psychic Sh!t\n|-singleturn|p2a: Psychic Sh!t|Protect\n|move|p1a: Slowking|Hydro Pump|p2a: Psychic Sh!t\n|-activate|p2a: Psychic Sh!t|move: Protect\n|move|p2b: Back w\/ Gains|Spore|p1a: Slowking\n|-status|p1a: Slowking|slp|[from] move: Spore\n|\n|-heal|p1a: Slowking|86\/100 slp|[from] item: Leftovers\n|upkeep\n|turn|10\n|\n|t:|1683402023\n|switch|p2a: lil' nacci|Naclstack, L50, F|100\/100\n|cant|p1a: Slowking|slp\n|move|p2b: Back w\/ Gains|Giga Drain|p1a: Slowking\n|-resisted|p1a: Slowking\n|-damage|p1a: Slowking|78\/100 slp\n|-heal|p2b: Back w\/ Gains|73\/100|[from] drain|[of] p1a: Slowking\n|\n|-heal|p1a: Slowking|84\/100 slp|[from] item: Leftovers\n|upkeep\n|turn|11\n|c|\u2606Compries|I have no clue what I was thinking when I made this team\n|\n|t:|1683402033\n|move|p2b: Back w\/ Gains|Rage Powder|p2b: Back w\/ Gains\n|-singleturn|p2b: Back w\/ Gains|move: Rage Powder\n|-curestatus|p1a: Slowking|slp|[msg]\n|move|p1a: Slowking|Hydro Pump|p2b: Back w\/ Gains\n|-resisted|p2b: Back w\/ Gains\n|-damage|p2b: Back w\/ Gains|57\/100\n|move|p2a: lil' nacci|Salt Cure|p1a: Slowking\n|-resisted|p1a: Slowking\n|-damage|p1a: Slowking|79\/100\n|-start|p1a: Slowking|Salt Cure\n|\n|-heal|p1a: Slowking|85\/100|[from] item: Leftovers\n|-damage|p1a: Slowking|60\/100|[from] Salt Cure\n|upkeep\n|turn|12\n|\n|t:|1683402045\n|move|p2b: Back w\/ Gains|Rage Powder|p2b: Back w\/ Gains\n|-singleturn|p2b: Back w\/ Gains|move: Rage Powder\n|move|p1a: Slowking|Slack Off|p1a: Slowking\n|-heal|p1a: Slowking|100\/100\n|move|p2a: lil' nacci|Body Press|p1a: Slowking\n|-supereffective|p1a: Slowking\n|-damage|p1a: Slowking|58\/100\n|\n|-heal|p1a: Slowking|64\/100|[from] item: Leftovers\n|-damage|p1a: Slowking|39\/100|[from] Salt Cure\n|upkeep\n|turn|13\n|c|\u2606Compries|no way i win this\n|c|\u2606ThatWillKid|i took my last season team\n|c|\u2606Compries|ggs :)\n|c|\u2606ThatWillKid|and devolved or chnged forms to fit the criteria haha\n|c|\u2606ThatWillKid|gg\n|\n|t:|1683402081\n|move|p2b: Back w\/ Gains|Rage Powder|p2b: Back w\/ Gains\n|-singleturn|p2b: Back w\/ Gains|move: Rage Powder\n|move|p1a: Slowking|Hydro Pump|p2b: Back w\/ Gains\n|-resisted|p2b: Back w\/ Gains\n|-damage|p2b: Back w\/ Gains|41\/100\n|move|p2a: lil' nacci|Body Press|p1a: Slowking\n|-supereffective|p1a: Slowking\n|-damage|p1a: Slowking|0 fnt\n|faint|p1a: Slowking\n|\n|win|ThatWillKid\n|c|\u2606Compries|if I ff does it fuck up the kill doc\n|c|\u2606Compries|oh it doesnt matter\n|c|\u2606Compries|ill grab the replays\n","uploadtime":1683402088,"views":17,"p1id":"compries","p2id":"thatwillkid","formatid":"gen9vgc2023regulationc","rating":0,"private":0,"password":""}