{"id":"gen9vgc2023regulationc-1857476941","p1":"haha you rage quit","p2":"hjx","format":"[Gen 9] VGC 2023 Regulation C","log":"|j|\u2606haha you rage quit\n|j|\u2606hjx\n|t:|1683199078\n|gametype|doubles\n|player|p1|haha you rage quit|pokemaniac|1166\n|player|p2|hjx|101|1294\n|teamsize|p1|6\n|teamsize|p2|6\n|gen|9\n|tier|[Gen 9] VGC 2023 Regulation C\n|rated|\n|rule|Species Clause: Limit one of each Pok\u00e9mon\n|rule|Item Clause: Limit one of each item\n|clearpoke\n|poke|p1|Flutter Mane, L50|\n|poke|p1|Chi-Yu, L50|\n|poke|p1|Baxcalibur, L50, M|\n|poke|p1|Gholdengo, L50|\n|poke|p1|Iron Bundle, L50|\n|poke|p1|Murkrow, L50, M|\n|poke|p2|Garganacl, L50, F|\n|poke|p2|Glimmora, L50, M|\n|poke|p2|Wo-Chien, L50|\n|poke|p2|Scizor, L50, F|\n|poke|p2|Gyarados, L50, M|\n|poke|p2|Magnezone, L50|\n|teampreview|4\n|inactive|Battle timer is ON: inactive players will automatically lose when time's up. (requested by hjx)\n|\n|t:|1683199115\n|start\n|switch|p1a: Baxcalibur|Baxcalibur, L50, M|100\/100\n|switch|p1b: Gholdengo|Gholdengo, L50|100\/100\n|switch|p2a: Magnezone|Magnezone, L50|100\/100\n|switch|p2b: Garganacl|Garganacl, L50, F|100\/100\n|turn|1\n|inactive|hjx has 30 seconds left.\n|\n|t:|1683199150\n|move|p1a: Baxcalibur|Protect|p1a: Baxcalibur\n|-singleturn|p1a: Baxcalibur|Protect\n|move|p1b: Gholdengo|Protect|p1b: Gholdengo\n|-singleturn|p1b: Gholdengo|Protect\n|move|p2a: Magnezone|Volt Switch|p1b: Gholdengo\n|-activate|p1b: Gholdengo|move: Protect\n|move|p2b: Garganacl|Salt Cure|p1b: Gholdengo\n|-activate|p1b: Gholdengo|move: Protect\n|\n|upkeep\n|turn|2\n|\n|t:|1683199164\n|-terastallize|p1b: Gholdengo|Flying\n|move|p1a: Baxcalibur|Earthquake|p2a: Magnezone|[spread] p2a,p2b\n|-immune|p1b: Gholdengo\n|-supereffective|p2a: Magnezone\n|-supereffective|p2b: Garganacl\n|-damage|p2a: Magnezone|0 fnt\n|-damage|p2b: Garganacl|66\/100\n|faint|p2a: Magnezone\n|move|p1b: Gholdengo|Make It Rain|p2b: Garganacl\n|-supereffective|p2b: Garganacl\n|-damage|p2b: Garganacl|0 fnt\n|-unboost|p1b: Gholdengo|spa|1\n|faint|p2b: Garganacl\n|\n|upkeep\n|\n|t:|1683199182\n|switch|p2a: Glimmora|Glimmora, L50, M|100\/100\n|switch|p2b: Scizor|Scizor, L50, F|100\/100\n|turn|3\n|\n|t:|1683199198\n|-terastallize|p2a: Glimmora|Water\n|move|p1a: Baxcalibur|Protect|p1a: Baxcalibur\n|-singleturn|p1a: Baxcalibur|Protect\n|move|p1b: Gholdengo|Protect|p1b: Gholdengo\n|-singleturn|p1b: Gholdengo|Protect\n|move|p2b: Scizor|Bullet Punch|p1a: Baxcalibur\n|-activate|p1a: Baxcalibur|move: Protect\n|move|p2a: Glimmora|Sludge Wave|p1b: Gholdengo|[spread] \n|-activate|p1a: Baxcalibur|move: Protect\n|-activate|p1b: Gholdengo|move: Protect\n|-immune|p2b: Scizor\n|\n|upkeep\n|turn|4\n|inactive|haha you rage quit has 30 seconds left.\n|\n|t:|1683199229\n|move|p2b: Scizor|Bullet Punch|p1a: Baxcalibur\n|-supereffective|p1a: Baxcalibur\n|-damage|p1a: Baxcalibur|10\/100\n|move|p2a: Glimmora|Sludge Wave|p1b: Gholdengo|[spread] p1a,p1b\n|-immune|p2b: Scizor\n|-damage|p1a: Baxcalibur|0 fnt\n|-damage|p1b: Gholdengo|63\/100\n|-status|p1b: Gholdengo|psn\n|faint|p1a: Baxcalibur\n|move|p1b: Gholdengo|Shadow Ball|p2a: Glimmora\n|-damage|p2a: Glimmora|66\/100\n|\n|-heal|p2a: Glimmora|72\/100|[from] item: Leftovers\n|-damage|p1b: Gholdengo|51\/100 psn|[from] psn\n|upkeep\n|\n|t:|1683199253\n|switch|p1a: Chi-Yu|Chi-Yu, L50|100\/100\n|-ability|p1a: Chi-Yu|Beads of Ruin\n|turn|5\n|\n|t:|1683199264\n|move|p2b: Scizor|Bullet Punch|p1a: Chi-Yu\n|-resisted|p1a: Chi-Yu\n|-damage|p1a: Chi-Yu|72\/100\n|move|p1a: Chi-Yu|Heat Wave|p2b: Scizor|[spread] p2a,p2b\n|-resisted|p2a: Glimmora\n|-supereffective|p2b: Scizor\n|-damage|p2a: Glimmora|44\/100\n|-damage|p2b: Scizor|0 fnt\n|faint|p2b: Scizor\n|move|p2a: Glimmora|Earth Power|p1a: Chi-Yu\n|-supereffective|p1a: Chi-Yu\n|-damage|p1a: Chi-Yu|12\/100\n|-enditem|p1a: Chi-Yu|Sitrus Berry|[eat]\n|-heal|p1a: Chi-Yu|36\/100|[from] item: Sitrus Berry\n|move|p1b: Gholdengo|Shadow Ball|p2a: Glimmora\n|-damage|p2a: Glimmora|0 fnt\n|faint|p2a: Glimmora\n|\n|win|haha you rage quit\n|raw|haha you rage quit's rating: 1166 → 1200<\/strong> (+34 for winning)\n|raw|hjx's rating: 1294 → 1260<\/strong> (-34 for losing)\n|l|\u2606hjx\n","uploadtime":1683199290,"views":11,"p1id":"hahayouragequit","p2id":"hjx","formatid":"gen9vgc2023regulationc","rating":1200,"private":0,"password":""}