{"id":"gen9vgc2023regulationc-1852733650","p1":"edomila99","p2":"bule1234","format":"[Gen 9] VGC 2023 Regulation C","log":"|j|\u2606edomila99\n|j|\u2606bule1234\n|t:|1682601442\n|gametype|doubles\n|player|p1|edomila99|265|1302\n|player|p2|bule1234|reporter|1270\n|teamsize|p1|6\n|teamsize|p2|6\n|gen|9\n|tier|[Gen 9] VGC 2023 Regulation C\n|rated|\n|rule|Species Clause: Limit one of each Pok\u00e9mon\n|rule|Item Clause: Limit one of each item\n|clearpoke\n|poke|p1|Ting-Lu, L50|\n|poke|p1|Arcanine, L50, F|\n|poke|p1|Vivillon, L50, F|\n|poke|p1|Baxcalibur, L50, M|\n|poke|p1|Amoonguss, L50, F|\n|poke|p1|Mimikyu, L50, F|\n|poke|p2|Ting-Lu, L50|\n|poke|p2|Iron Bundle, L50|\n|poke|p2|Dragonite, L50, F|\n|poke|p2|Gholdengo, L50|\n|poke|p2|Dondozo, L50, M|\n|poke|p2|Flutter Mane, L50|\n|teampreview|4\n|inactive|Battle timer is ON: inactive players will automatically lose when time's up. (requested by bule1234)\nbule1234 rejected open team sheets.\n|inactive|edomila99 has 60 seconds left.\n|\n|t:|1682601529\n|start\n|switch|p1a: Ting-Lu|Ting-Lu, L50|100\/100\n|switch|p1b: Vivillon|Vivillon, L50, F|100\/100\n|switch|p2a: Ting-Lu|Ting-Lu, L50|100\/100\n|switch|p2b: Flutter Mane|Flutter Mane, L50|100\/100\n|-ability|p2a: Ting-Lu|Vessel of Ruin\n|-ability|p1a: Ting-Lu|Vessel of Ruin\n|-enditem|p2b: Flutter Mane|Booster Energy\n|-activate|p2b: Flutter Mane|ability: Protosynthesis|[fromitem]\n|-start|p2b: Flutter Mane|protosynthesisspe\n|turn|1\n|\n|t:|1682601553\n|move|p2a: Ting-Lu|Protect|p2a: Ting-Lu\n|-singleturn|p2a: Ting-Lu|Protect\n|move|p2b: Flutter Mane|Icy Wind|p1b: Vivillon|[spread] p1a,p1b\n|-supereffective|p1a: Ting-Lu\n|-supereffective|p1b: Vivillon\n|-damage|p1a: Ting-Lu|89\/100\n|-damage|p1b: Vivillon|65\/100\n|-unboost|p1a: Ting-Lu|spe|1\n|-unboost|p1b: Vivillon|spe|1\n|-enditem|p1a: Ting-Lu|Weakness Policy\n|-boost|p1a: Ting-Lu|atk|2|[from] item: Weakness Policy\n|-boost|p1a: Ting-Lu|spa|2|[from] item: Weakness Policy\n|move|p1b: Vivillon|Pollen Puff|p1a: Ting-Lu\n|-heal|p1a: Ting-Lu|100\/100\n|move|p1a: Ting-Lu|Payback|p2b: Flutter Mane\n|-damage|p2b: Flutter Mane|0 fnt\n|faint|p2b: Flutter Mane\n|-end|p2b: Flutter Mane|Protosynthesis|[silent]\n|\n|upkeep\n|inactive|bule1234 has 30 seconds left.\n|\n|t:|1682601587\n|switch|p2b: Iron Bundle|Iron Bundle, L50|100\/100\n|turn|2\n|\n|t:|1682601612\n|move|p2b: Iron Bundle|Protect|p2b: Iron Bundle\n|-singleturn|p2b: Iron Bundle|Protect\n|move|p1b: Vivillon|Rage Powder|p1b: Vivillon\n|-singleturn|p1b: Vivillon|move: Rage Powder\n|move|p2a: Ting-Lu|Stealth Rock|p1b: Vivillon\n|-sidestart|p1: edomila99|move: Stealth Rock\n|move|p1a: Ting-Lu|Earthquake|p2a: Ting-Lu|[spread] p2a\n|-activate|p2b: Iron Bundle|move: Protect\n|-immune|p1b: Vivillon\n|-damage|p2a: Ting-Lu|60\/100\n|\n|upkeep\n|turn|3\n|inactive|bule1234 has 30 seconds left.\n|inactive|bule1234 has 20 seconds left.\n|\n|t:|1682601651\n|move|p2a: Ting-Lu|Protect|p2a: Ting-Lu\n|-singleturn|p2a: Ting-Lu|Protect\n|move|p2b: Iron Bundle|Freeze-Dry|p1b: Vivillon\n|-supereffective|p1b: Vivillon\n|-damage|p1b: Vivillon|0 fnt\n|faint|p1b: Vivillon\n|move|p1a: Ting-Lu|Earthquake|p2a: Ting-Lu|[spread] p2b\n|-activate|p2a: Ting-Lu|move: Protect\n|-damage|p2b: Iron Bundle|11\/100\n|\n|upkeep\n|\n|t:|1682601669\n|switch|p1b: Arcanine|Arcanine, L50, F|100\/100\n|-damage|p1b: Arcanine|76\/100|[from] Stealth Rock\n|-ability|p1b: Arcanine|Intimidate|boost\n|-unboost|p2a: Ting-Lu|atk|1\n|-unboost|p2b: Iron Bundle|atk|1\n|turn|4\n|\n|t:|1682601685\n|move|p2b: Iron Bundle|Protect|p2b: Iron Bundle\n|-singleturn|p2b: Iron Bundle|Protect\n|move|p1b: Arcanine|Extreme Speed|p2b: Iron Bundle\n|-activate|p2b: Iron Bundle|move: Protect\n|move|p2a: Ting-Lu|Stomping Tantrum|p1b: Arcanine\n|-supereffective|p1b: Arcanine\n|-damage|p1b: Arcanine|23\/100\n|move|p1a: Ting-Lu|Payback|p2a: Ting-Lu\n|-resisted|p2a: Ting-Lu\n|-damage|p2a: Ting-Lu|30\/100\n|\n|upkeep\n|turn|5\n|inactive|edomila99 has 30 seconds left.\n|inactive|bule1234 has 30 seconds left.\n|inactive|edomila99 has 20 seconds left.\n|inactive|edomila99 has 15 seconds left.\n|inactive|edomila99 has 10 seconds left.\n|\n|t:|1682601735\n|-terastallize|p2b: Iron Bundle|Ghost\n|move|p1b: Arcanine|Extreme Speed|p2b: Iron Bundle\n|-immune|p2b: Iron Bundle\n|move|p2b: Iron Bundle|Freeze-Dry|p1a: Ting-Lu\n|-supereffective|p1a: Ting-Lu\n|-damage|p1a: Ting-Lu|57\/100\n|move|p2a: Ting-Lu|Stomping Tantrum|p1b: Arcanine\n|-supereffective|p1b: Arcanine\n|-damage|p1b: Arcanine|0 fnt\n|faint|p1b: Arcanine\n|move|p1a: Ting-Lu|Payback|p2a: Ting-Lu\n|-resisted|p2a: Ting-Lu\n|-damage|p2a: Ting-Lu|0 fnt\n|faint|p2a: Ting-Lu\n|\n|upkeep\n|\n|t:|1682601748\n|switch|p1b: Baxcalibur|Baxcalibur, L50, M|100\/100\n|switch|p2a: Gholdengo|Gholdengo, L50|100\/100\n|-damage|p1b: Baxcalibur|76\/100|[from] Stealth Rock\n|turn|6\n|\n|t:|1682601764\n|-terastallize|p1a: Ting-Lu|Water\n|move|p2b: Iron Bundle|Protect|p2b: Iron Bundle\n|-singleturn|p2b: Iron Bundle|Protect\n|move|p1b: Baxcalibur|Ice Shard|p2b: Iron Bundle\n|-activate|p2b: Iron Bundle|move: Protect\n|move|p2a: Gholdengo|Make It Rain|p1b: Baxcalibur|[spread] p1a,p1b\n|-resisted|p1a: Ting-Lu\n|-supereffective|p1b: Baxcalibur\n|-damage|p1a: Ting-Lu|37\/100\n|-damage|p1b: Baxcalibur|0 fnt\n|-unboost|p2a: Gholdengo|spa|1\n|faint|p1b: Baxcalibur\n|move|p1a: Ting-Lu|Payback|p2a: Gholdengo\n|-supereffective|p2a: Gholdengo\n|-damage|p2a: Gholdengo|0 fnt\n|faint|p2a: Gholdengo\n|\n|upkeep\n|turn|7\n|\n|t:|1682601783\n|move|p2b: Iron Bundle|Freeze-Dry|p1a: Ting-Lu\n|-supereffective|p1a: Ting-Lu\n|-damage|p1a: Ting-Lu|0 fnt\n|faint|p1a: Ting-Lu\n|\n|win|bule1234\n|raw|edomila99's rating: 1302 → 1280<\/strong> (-22 for losing)\n|raw|bule1234's rating: 1270 → 1297<\/strong> (+27 for winning)\n|l|\u2606edomila99\n","uploadtime":1682601791,"views":10,"p1id":"edomila99","p2id":"bule1234","formatid":"gen9vgc2023regulationc","rating":1280,"private":0,"password":""}