{"id":"gen9vgc2023regulationc-1844976912","p1":"Esspecialy","p2":"Mikeypipebomb","format":"[Gen 9] VGC 2023 Regulation C","log":"|j|\u2606Esspecialy\n|j|\u2606Mikeypipebomb\n|t:|1681670151\n|gametype|doubles\n|player|p1|Esspecialy|roughneck|1427\n|player|p2|Mikeypipebomb|n|1480\n|teamsize|p1|6\n|teamsize|p2|6\n|gen|9\n|tier|[Gen 9] VGC 2023 Regulation C\n|rated|\n|rule|Species Clause: Limit one of each Pok\u00e9mon\n|rule|Item Clause: Limit one of each item\n|clearpoke\n|poke|p1|Hydreigon, L50, F|\n|poke|p1|Orthworm, L50, M|\n|poke|p1|Arcanine, L50, M|\n|poke|p1|Garchomp, L50, M|\n|poke|p1|Flutter Mane, L50|\n|poke|p1|Palafin, L50, F|\n|poke|p2|Dondozo, L50, M|\n|poke|p2|Tatsugiri-Droopy, L50, M|\n|poke|p2|Pelipper, L50, M|\n|poke|p2|Drednaw, L50, M|\n|poke|p2|Dragonite, L50, M|\n|poke|p2|Chien-Pao, L50|\n|teampreview|4\n|\n|t:|1681670184\n|start\n|switch|p1a: Prada Fin|Palafin, L50, F, shiny|100\/100\n|switch|p1b: Orth Germ|Orthworm, L50, M, shiny|100\/100\n|switch|p2a: Pelipper|Pelipper, L50, M|100\/100\n|switch|p2b: Drednaw|Drednaw, L50, M|100\/100\n|-weather|RainDance|[from] ability: Drizzle|[of] p2a: Pelipper\n|turn|1\n|\n|t:|1681670205\n|detailschange|p1a: Prada Fin|Palafin-Hero, L50, F, shiny\n|switch|p1a: Hydra Gone|Hydreigon, L50, F, shiny|100\/100\n|move|p2b: Drednaw|Rock Slide|p1b: Orth Germ|[spread] p1a\n|-miss|p2b: Drednaw|p1b: Orth Germ\n|-damage|p1a: Hydra Gone|50\/100\n|move|p2a: Pelipper|Hurricane|p1b: Orth Germ\n|-resisted|p1b: Orth Germ\n|-damage|p1b: Orth Germ|72\/100\n|-start|p1b: Orth Germ|confusion\n|-activate|p1b: Orth Germ|confusion\n|move|p1b: Orth Germ|Shed Tail|p1b: Orth Germ\n|-start|p1b: Orth Germ|Substitute|[from] move: Shed Tail\n|-damage|p1b: Orth Germ|22\/100\n|-enditem|p1b: Orth Germ|Sitrus Berry|[eat]\n|-heal|p1b: Orth Germ|47\/100|[from] item: Sitrus Berry\n|\n|t:|1681670216\n|switch|p1b: Prada Fin|Palafin-Hero, L50, F, shiny|100\/100|[from] Shed Tail\n|-activate|p1b: Prada Fin|ability: Zero to Hero\n|\n|-weather|RainDance|[upkeep]\n|upkeep\n|turn|2\n|\n|t:|1681670225\n|-terastallize|p2b: Drednaw|Grass\n|move|p2b: Drednaw|Rock Slide|p1a: Hydra Gone|[spread] p1a,p1b\n|-end|p1b: Prada Fin|Substitute\n|-damage|p1a: Hydra Gone|0 fnt\n|faint|p1a: Hydra Gone\n|move|p1b: Prada Fin|Bulk Up|p1b: Prada Fin\n|-boost|p1b: Prada Fin|atk|1\n|-boost|p1b: Prada Fin|def|1\n|move|p2a: Pelipper|Tailwind|p2a: Pelipper\n|-sidestart|p2: Mikeypipebomb|move: Tailwind\n|\n|-weather|RainDance|[upkeep]\n|upkeep\n|\n|t:|1681670234\n|switch|p1a: Orth Germ|Orthworm, L50, M, shiny|47\/100\n|turn|3\n|\n|t:|1681670246\n|move|p2b: Drednaw|Rock Slide|p1b: Prada Fin|[spread] p1a,p1b\n|-resisted|p1a: Orth Germ\n|-damage|p1a: Orth Germ|33\/100\n|-damage|p1b: Prada Fin|72\/100\n|move|p2a: Pelipper|Hurricane|p1b: Prada Fin\n|-damage|p1b: Prada Fin|28\/100\n|move|p1b: Prada Fin|Bulk Up|p1b: Prada Fin\n|-boost|p1b: Prada Fin|atk|1\n|-boost|p1b: Prada Fin|def|1\n|cant|p1a: Orth Germ|flinch\n|\n|-weather|RainDance|[upkeep]\n|-heal|p1b: Prada Fin|34\/100|[from] item: Leftovers\n|upkeep\n|turn|4\n|\n|t:|1681670259\n|move|p1b: Prada Fin|Protect|p1b: Prada Fin\n|-singleturn|p1b: Prada Fin|Protect\n|move|p2b: Drednaw|Rock Slide|p1b: Prada Fin|[spread] p1a\n|-activate|p1b: Prada Fin|move: Protect\n|-resisted|p1a: Orth Germ\n|-damage|p1a: Orth Germ|20\/100\n|move|p2a: Pelipper|Hurricane|p1b: Prada Fin\n|-activate|p1b: Prada Fin|move: Protect\n|cant|p1a: Orth Germ|flinch\n|\n|-weather|RainDance|[upkeep]\n|-heal|p1b: Prada Fin|41\/100|[from] item: Leftovers\n|upkeep\n|turn|5\n|\n|t:|1681670277\n|-terastallize|p1b: Prada Fin|Water\n|move|p2a: Pelipper|Protect|p2a: Pelipper\n|-singleturn|p2a: Pelipper|Protect\n|move|p1b: Prada Fin|Jet Punch|p2a: Pelipper\n|-activate|p2a: Pelipper|move: Protect\n|move|p2b: Drednaw|Rock Slide|p1a: Orth Germ|[spread] p1a,p1b\n|-resisted|p1a: Orth Germ\n|-damage|p1a: Orth Germ|5\/100\n|-damage|p1b: Prada Fin|20\/100\n|move|p1a: Orth Germ|Body Press|p2b: Drednaw\n|-damage|p2b: Drednaw|65\/100\n|\n|-weather|RainDance|[upkeep]\n|-heal|p1b: Prada Fin|27\/100|[from] item: Leftovers\n|-sideend|p2: Mikeypipebomb|move: Tailwind\n|upkeep\n|turn|6\n|\n|t:|1681670290\n|move|p1b: Prada Fin|Jet Punch|p2a: Pelipper\n|-resisted|p2a: Pelipper\n|-damage|p2a: Pelipper|8\/100\n|move|p2b: Drednaw|Rock Slide|p1b: Prada Fin|[spread] p1a\n|-miss|p2b: Drednaw|p1b: Prada Fin\n|-resisted|p1a: Orth Germ\n|-damage|p1a: Orth Germ|0 fnt\n|faint|p1a: Orth Germ\n|move|p2a: Pelipper|Tailwind|p2a: Pelipper\n|-sidestart|p2: Mikeypipebomb|move: Tailwind\n|\n|-weather|RainDance|[upkeep]\n|-heal|p1b: Prada Fin|33\/100|[from] item: Leftovers\n|upkeep\n|\n|t:|1681670293\n|switch|p1a: Flipper Brain|Flutter Mane, L50|100\/100\n|-enditem|p1a: Flipper Brain|Booster Energy\n|-activate|p1a: Flipper Brain|ability: Protosynthesis|[fromitem]\n|-start|p1a: Flipper Brain|protosynthesisspa\n|turn|7\n|\n|t:|1681670302\n|move|p1b: Prada Fin|Protect|p1b: Prada Fin\n|-singleturn|p1b: Prada Fin|Protect\n|move|p2b: Drednaw|Rock Slide|p1b: Prada Fin|[spread] \n|-activate|p1b: Prada Fin|move: Protect\n|-miss|p2b: Drednaw|p1a: Flipper Brain\n|move|p1a: Flipper Brain|Dazzling Gleam|p2a: Pelipper|[spread] p2a,p2b\n|-crit|p2a: Pelipper\n|-damage|p2a: Pelipper|0 fnt\n|-damage|p2b: Drednaw|10\/100\n|faint|p2a: Pelipper\n|\n|-weather|RainDance|[upkeep]\n|-heal|p1b: Prada Fin|39\/100|[from] item: Leftovers\n|upkeep\n|\n|t:|1681670310\n|switch|p2a: Dondozo|Dondozo, L50, M|100\/100\n|turn|8\n|\n|t:|1681670325\n|switch|p2b: Tatsugiri|Tatsugiri-Droopy, L50, M, shiny|100\/100\n|-activate|p2b: Tatsugiri|ability: Commander|[of] p2a: Dondozo\n|-boost|p2a: Dondozo|atk|2\n|-boost|p2a: Dondozo|spa|2\n|-boost|p2a: Dondozo|spe|2\n|-boost|p2a: Dondozo|def|2\n|-boost|p2a: Dondozo|spd|2\n|move|p2a: Dondozo|Surf|p1b: Prada Fin|[spread] p1a,p1b\n|-miss|p2a: Dondozo|p2b: Tatsugiri\n|-resisted|p1b: Prada Fin\n|-damage|p1a: Flipper Brain|4\/100\n|-damage|p1b: Prada Fin|0 fnt\n|faint|p1b: Prada Fin\n|-damage|p2a: Dondozo|91\/100|[from] item: Life Orb\n|move|p1a: Flipper Brain|Moonblast|p2a: Dondozo\n|-damage|p2a: Dondozo|58\/100\n|\n|-weather|none\n|upkeep\n|turn|9\n|c|\u2606Mikeypipebomb|gg\n|c|\u2606Esspecialy|why surf dondozo?\n|c|\u2606Mikeypipebomb|for this exact reason lol\n|c|\u2606Esspecialy|oh\n|c|\u2606Esspecialy|lol\n|c|\u2606Mikeypipebomb|why not mix it up\n|\n|t:|1681670371\n|move|p2a: Dondozo|Surf|p1a: Flipper Brain|[spread] p1a\n|-miss|p2a: Dondozo|p2b: Tatsugiri\n|-damage|p1a: Flipper Brain|0 fnt\n|faint|p1a: Flipper Brain\n|-end|p1a: Flipper Brain|Protosynthesis|[silent]\n|-damage|p2a: Dondozo|48\/100|[from] item: Life Orb\n|\n|win|Mikeypipebomb\n|raw|Esspecialy's rating: 1427 → 1410<\/strong> (-17 for losing)\n|raw|Mikeypipebomb's rating: 1480 → 1497<\/strong> (+17 for winning)\n|c|\u2606Mikeypipebomb|also i got this team from twitter form someone at the EUIC this weekend that made day 2\n|c|\u2606Mikeypipebomb|so wasnt really my making\n|l|\u2606Esspecialy\n|c|\u2606Mikeypipebomb|just wanted to try it out cause it was unique\n","uploadtime":1681670401,"views":9,"p1id":"esspecialy","p2id":"mikeypipebomb","formatid":"gen9vgc2023regulationc","rating":1410,"private":0,"password":""}