{"id":"gen9vgc2023regulationc-1850254978","p1":"Bambambi","p2":"christian_hvn","format":"[Gen 9] VGC 2023 Regulation C","log":"|j|\u2606Bambambi\n|j|\u2606christian_hvn\n|t:|1682306428\n|gametype|doubles\n|player|p1|Bambambi|wallace-gen6|\n|player|p2|christian_hvn|marley|\n|teamsize|p1|6\n|teamsize|p2|6\n|gen|9\n|tier|[Gen 9] VGC 2023 Regulation C\n|rule|Species Clause: Limit one of each Pok\u00e9mon\n|rule|Item Clause: Limit one of each item\n|clearpoke\n|poke|p1|Flutter Mane, L50|\n|poke|p1|Gothitelle, L50, F|\n|poke|p1|Scream Tail, L50|\n|poke|p1|Chi-Yu, L50|\n|poke|p1|Amoonguss, L50, F|\n|poke|p1|Palafin, L50, M|\n|poke|p2|Palafin, L50, M|\n|poke|p2|Wo-Chien, L50|\n|poke|p2|Flutter Mane, L50|\n|poke|p2|Gothitelle, L50, F|\n|poke|p2|Chi-Yu, L50|\n|poke|p2|Ting-Lu, L50|\n|teampreview|4\nchristian_hvn has agreed to open team sheets.\nBambambi has agreed to open team sheets.\n|\n|t:|1682306476\n|start\n|switch|p1a: Pearls|Flutter Mane, L50|100\/100\n|switch|p1b: Chi-Yu|Chi-Yu, L50|100\/100\n|switch|p2a: world's end|Palafin, L50, M|100\/100\n|switch|p2b: LIFE HATER|Flutter Mane, L50|100\/100\n|-ability|p1b: Chi-Yu|Beads of Ruin\n|-enditem|p2b: LIFE HATER|Booster Energy\n|-activate|p2b: LIFE HATER|ability: Protosynthesis|[fromitem]\n|-start|p2b: LIFE HATER|protosynthesisspe\n|turn|1\n|\n|t:|1682306517\n|detailschange|p2a: world's end|Palafin-Hero, L50, M\n|switch|p2a: PAINFUL LIFE|Gothitelle, L50, F|100\/100\n|-terastallize|p1b: Chi-Yu|Water\n|move|p1a: Pearls|Protect|p1a: Pearls\n|-singleturn|p1a: Pearls|Protect\n|move|p2b: LIFE HATER|Perish Song|p2b: LIFE HATER\n|-start|p1a: Pearls|perish3|[silent]\n|-start|p1b: Chi-Yu|perish3|[silent]\n|-start|p2a: PAINFUL LIFE|perish3|[silent]\n|-start|p2b: LIFE HATER|perish3|[silent]\n|-fieldactivate|move: Perish Song\n|move|p1b: Chi-Yu|Nasty Plot|p1b: Chi-Yu\n|-boost|p1b: Chi-Yu|spa|2\n|\n|-start|p2b: LIFE HATER|perish3\n|-start|p1a: Pearls|perish3\n|-start|p1b: Chi-Yu|perish3\n|-start|p2a: PAINFUL LIFE|perish3\n|upkeep\n|turn|2\n|\n|t:|1682306558\n|-end|p1a: Pearls|Protosynthesis|[silent]\n|switch|p1a: Egirl|Gothitelle, L50, F, shiny|100\/100\n|move|p1b: Chi-Yu|Protect|p1b: Chi-Yu\n|-singleturn|p1b: Chi-Yu|Protect\n|move|p2a: PAINFUL LIFE|Fake Out|p1b: Chi-Yu\n|-activate|p1b: Chi-Yu|move: Protect\n|move|p2b: LIFE HATER|Shadow Ball|p1a: Egirl\n|-supereffective|p1a: Egirl\n|-damage|p1a: Egirl|19\/100\n|-enditem|p1a: Egirl|Sitrus Berry|[eat]\n|-heal|p1a: Egirl|44\/100|[from] item: Sitrus Berry\n|\n|-start|p2b: LIFE HATER|perish2\n|-start|p1b: Chi-Yu|perish2\n|-start|p2a: PAINFUL LIFE|perish2\n|upkeep\n|turn|3\n|\n|t:|1682306601\n|move|p2b: LIFE HATER|Protect|p2b: LIFE HATER\n|-singleturn|p2b: LIFE HATER|Protect\n|move|p1a: Egirl|Protect|p1a: Egirl\n|-singleturn|p1a: Egirl|Protect\n|move|p2a: PAINFUL LIFE|Protect|p2a: PAINFUL LIFE\n|-singleturn|p2a: PAINFUL LIFE|Protect\n|move|p1b: Chi-Yu|Snarl|p2b: LIFE HATER|[spread] \n|-activate|p2a: PAINFUL LIFE|move: Protect\n|-activate|p2b: LIFE HATER|move: Protect\n|\n|-start|p2b: LIFE HATER|perish1\n|-start|p1b: Chi-Yu|perish1\n|-start|p2a: PAINFUL LIFE|perish1\n|upkeep\n|turn|4\n|\n|t:|1682306622\n|switch|p1a: SSJ3 Jiggly|Scream Tail, L50, shiny|100\/100\n|-enditem|p1a: SSJ3 Jiggly|Booster Energy\n|-activate|p1a: SSJ3 Jiggly|ability: Protosynthesis|[fromitem]\n|-start|p1a: SSJ3 Jiggly|protosynthesisspe\n|switch|p2a: LOVE BETRAYAL|Chi-Yu, L50|100\/100\n|-ability|p2a: LOVE BETRAYAL|Beads of Ruin\n|move|p2b: LIFE HATER|Shadow Ball|p1a: SSJ3 Jiggly\n|-supereffective|p1a: SSJ3 Jiggly\n|-damage|p1a: SSJ3 Jiggly|31\/100\n|move|p1b: Chi-Yu|Snarl|p2a: LOVE BETRAYAL|[spread] p2a,p2b\n|-resisted|p2a: LOVE BETRAYAL\n|-damage|p2a: LOVE BETRAYAL|83\/100\n|-damage|p2b: LIFE HATER|61\/100\n|-unboost|p2a: LOVE BETRAYAL|spa|1\n|-unboost|p2b: LIFE HATER|spa|1\n|\n|-start|p2b: LIFE HATER|perish0\n|-start|p1b: Chi-Yu|perish0\n|upkeep\n|faint|p2b: LIFE HATER\n|-end|p2b: LIFE HATER|Protosynthesis|[silent]\n|faint|p1b: Chi-Yu\n|\n|t:|1682306647\n|switch|p2b: PAINFUL LIFE|Gothitelle, L50, F|100\/100\n|switch|p1b: Egirl|Gothitelle, L50, F, shiny|44\/100\n|turn|5\n|\n|t:|1682306682\n|move|p1b: Egirl|Fake Out|p2b: PAINFUL LIFE\n|-damage|p2b: PAINFUL LIFE|95\/100\n|cant|p2b: PAINFUL LIFE|flinch\n|move|p1a: SSJ3 Jiggly|Perish Song|p1a: SSJ3 Jiggly\n|-start|p1a: SSJ3 Jiggly|perish3|[silent]\n|-start|p1b: Egirl|perish3|[silent]\n|-start|p2a: LOVE BETRAYAL|perish3|[silent]\n|-start|p2b: PAINFUL LIFE|perish3|[silent]\n|-fieldactivate|move: Perish Song\n|move|p2a: LOVE BETRAYAL|Nasty Plot|p2a: LOVE BETRAYAL\n|-boost|p2a: LOVE BETRAYAL|spa|2\n|\n|-start|p1a: SSJ3 Jiggly|perish3\n|-start|p2a: LOVE BETRAYAL|perish3\n|-start|p1b: Egirl|perish3\n|-start|p2b: PAINFUL LIFE|perish3\n|upkeep\n|turn|6\n|\n|t:|1682306699\n|move|p1a: SSJ3 Jiggly|Protect|p1a: SSJ3 Jiggly\n|-singleturn|p1a: SSJ3 Jiggly|Protect\n|move|p1b: Egirl|Protect|p1b: Egirl\n|-singleturn|p1b: Egirl|Protect\n|move|p2a: LOVE BETRAYAL|Heat Wave|p1a: SSJ3 Jiggly|[spread] \n|-activate|p1a: SSJ3 Jiggly|move: Protect\n|-activate|p1b: Egirl|move: Protect\n|move|p2b: PAINFUL LIFE|Heal Pulse|p2a: LOVE BETRAYAL\n|-heal|p2a: LOVE BETRAYAL|100\/100\n|\n|-start|p1a: SSJ3 Jiggly|perish2\n|-start|p2a: LOVE BETRAYAL|perish2\n|-start|p1b: Egirl|perish2\n|-start|p2b: PAINFUL LIFE|perish2\n|upkeep\n|turn|7\n|\n|t:|1682306714\n|move|p1a: SSJ3 Jiggly|Protect|p1a: SSJ3 Jiggly\n|-singleturn|p1a: SSJ3 Jiggly|Protect\n|move|p2a: LOVE BETRAYAL|Heat Wave|p1b: Egirl|[spread] p1b\n|-activate|p1a: SSJ3 Jiggly|move: Protect\n|-damage|p1b: Egirl|0 fnt\n|faint|p1b: Egirl\n|move|p2b: PAINFUL LIFE|Psychic|p1a: SSJ3 Jiggly\n|-activate|p1a: SSJ3 Jiggly|move: Protect\n|\n|-start|p1a: SSJ3 Jiggly|perish1\n|-start|p2a: LOVE BETRAYAL|perish1\n|-start|p2b: PAINFUL LIFE|perish1\n|upkeep\n|\n|t:|1682306723\n|switch|p1b: Pearls|Flutter Mane, L50|100\/100\n|turn|8\n|\n|t:|1682306737\n|switch|p2b: world's end|Palafin-Hero, L50, M|100\/100\n|-activate|p2b: world's end|ability: Zero to Hero\n|move|p1b: Pearls|Protect|p1b: Pearls\n|-singleturn|p1b: Pearls|Protect\n|move|p1a: SSJ3 Jiggly|Reflect|p1a: SSJ3 Jiggly\n|-sidestart|p1: Bambambi|Reflect\n|move|p2a: LOVE BETRAYAL|Dark Pulse|p1a: SSJ3 Jiggly\n|-damage|p1a: SSJ3 Jiggly|0 fnt\n|faint|p1a: SSJ3 Jiggly\n|-end|p1a: SSJ3 Jiggly|Protosynthesis|[silent]\n|\n|-start|p2a: LOVE BETRAYAL|perish0\n|faint|p2a: LOVE BETRAYAL\n|upkeep\n|\n|t:|1682306747\n|switch|p2a: PAINFUL LIFE|Gothitelle, L50, F|95\/100\n|turn|9\n|\n|t:|1682306769\n|-terastallize|p2b: world's end|Water\n|move|p2b: world's end|Jet Punch|p1b: Pearls\n|-damage|p1b: Pearls|9\/100\n|move|p1b: Pearls|Dazzling Gleam|p2b: world's end|[spread] p2a,p2b\n|-damage|p2a: PAINFUL LIFE|69\/100\n|-damage|p2b: world's end|65\/100\n|move|p2a: PAINFUL LIFE|Heal Pulse|p2b: world's end\n|-heal|p2b: world's end|100\/100\n|\n|upkeep\n|turn|10\n|c|\u2606Bambambi|Gg\n|-message|Bambambi forfeited.\n|\n|win|christian_hvn\n|l|\u2606Bambambi\n|c|\u2606christian_hvn|ggwp\n","uploadtime":1682306806,"views":26,"p1id":"bambambi","p2id":"christianhvn","formatid":"gen9vgc2023regulationc","rating":0,"private":0,"password":""}