{"id":"gen9vgc2023regulationc-1859098953","p1":"ferritorte","p2":"WillieDangerously","format":"[Gen 9] VGC 2023 Regulation C","log":"|j|\u2606ferritorte\n|j|\u2606WillieDangerously\n|t:|1683404286\n|gametype|doubles\n|player|p1|ferritorte|proton|1104\n|player|p2|WillieDangerously|psychic-gen4|1051\n|teamsize|p1|6\n|teamsize|p2|6\n|gen|9\n|tier|[Gen 9] VGC 2023 Regulation C\n|rated|\n|rule|Species Clause: Limit one of each Pok\u00e9mon\n|rule|Item Clause: Limit one of each item\n|clearpoke\n|poke|p1|Baxcalibur, L50, M|\n|poke|p1|Flutter Mane, L50|\n|poke|p1|Iron Valiant, L50|\n|poke|p1|Wo-Chien, L50|\n|poke|p1|Ting-Lu, L50|\n|poke|p1|Amoonguss, L50, F|\n|poke|p2|Espathra, L50, M|\n|poke|p2|Iron Bundle, L50|\n|poke|p2|Iron Valiant, L50|\n|poke|p2|Salamence, L50, F|\n|poke|p2|Scizor, L50, M|\n|poke|p2|Sandy Shocks, L50|\n|teampreview|4\n|inactive|Battle timer is ON: inactive players will automatically lose when time's up. (requested by ferritorte)\n|inactive|ferritorte has 60 seconds left.\n|\n|t:|1683404334\n|start\n|switch|p1a: Ting-Lu|Ting-Lu, L50|100\/100\n|switch|p1b: Flutter Mane|Flutter Mane, L50|100\/100\n|switch|p2a: Scizor|Scizor, L50, M|100\/100\n|switch|p2b: Sandy Shocks|Sandy Shocks, L50|100\/100\n|-ability|p1a: Ting-Lu|Vessel of Ruin\n|-enditem|p1b: Flutter Mane|Booster Energy\n|-activate|p1b: Flutter Mane|ability: Protosynthesis|[fromitem]\n|-start|p1b: Flutter Mane|protosynthesisspe\n|-enditem|p2b: Sandy Shocks|Booster Energy\n|-activate|p2b: Sandy Shocks|ability: Protosynthesis|[fromitem]\n|-start|p2b: Sandy Shocks|protosynthesisspe\n|turn|1\n|\n|t:|1683404352\n|move|p1b: Flutter Mane|Protect|p1b: Flutter Mane\n|-singleturn|p1b: Flutter Mane|Protect\n|move|p2b: Sandy Shocks|Protect|p2b: Sandy Shocks\n|-singleturn|p2b: Sandy Shocks|Protect\n|move|p2a: Scizor|Swords Dance|p2a: Scizor\n|-boost|p2a: Scizor|atk|2\n|move|p1a: Ting-Lu|Stomping Tantrum|p2b: Sandy Shocks\n|-activate|p2b: Sandy Shocks|move: Protect\n|\n|upkeep\n|turn|2\n|\n|t:|1683404370\n|move|p2a: Scizor|Bullet Punch|p1b: Flutter Mane\n|-supereffective|p1b: Flutter Mane\n|-crit|p1b: Flutter Mane\n|-damage|p1b: Flutter Mane|0 fnt\n|faint|p1b: Flutter Mane\n|-end|p1b: Flutter Mane|Protosynthesis|[silent]\n|move|p2b: Sandy Shocks|Gravity|p2b: Sandy Shocks\n|-fieldstart|move: Gravity\n|move|p1a: Ting-Lu|Stomping Tantrum|p2b: Sandy Shocks\n|-supereffective|p2b: Sandy Shocks\n|-damage|p2b: Sandy Shocks|0 fnt\n|faint|p2b: Sandy Shocks\n|-end|p2b: Sandy Shocks|Protosynthesis|[silent]\n|-damage|p1a: Ting-Lu|91\/100|[from] item: Life Orb\n|\n|upkeep\n|\n|t:|1683404384\n|switch|p1b: Wo-Chien|Wo-Chien, L50|100\/100\n|switch|p2b: Iron Valiant|Iron Valiant, L50|100\/100\n|-ability|p1b: Wo-Chien|Tablets of Ruin\n|turn|3\n|\n|t:|1683404395\n|-terastallize|p1b: Wo-Chien|Ghost\n|move|p1a: Ting-Lu|Protect|p1a: Ting-Lu\n|-singleturn|p1a: Ting-Lu|Protect\n|move|p2b: Iron Valiant|Hypnosis|p1a: Ting-Lu\n|-activate|p1a: Ting-Lu|move: Protect\n|move|p2a: Scizor|Pounce|p1b: Wo-Chien\n|-resisted|p1b: Wo-Chien\n|-damage|p1b: Wo-Chien|75\/100\n|-unboost|p1b: Wo-Chien|spe|1\n|move|p1b: Wo-Chien|Leech Seed|p2a: Scizor\n|-start|p2a: Scizor|move: Leech Seed\n|\n|-heal|p1b: Wo-Chien|81\/100|[from] item: Leftovers\n|-damage|p2a: Scizor|89\/100|[from] Leech Seed|[of] p1b: Wo-Chien\n|-heal|p1b: Wo-Chien|92\/100|[silent]\n|upkeep\n|turn|4\n|inactive|ferritorte has 30 seconds left.\n|\n|t:|1683404421\n|move|p2b: Iron Valiant|Hypnosis|p1a: Ting-Lu\n|-status|p1a: Ting-Lu|slp|[from] move: Hypnosis\n|move|p2a: Scizor|Swords Dance|p2a: Scizor\n|-boost|p2a: Scizor|atk|2\n|cant|p1a: Ting-Lu|slp\n|move|p1b: Wo-Chien|Ruination|p2a: Scizor\n|-damage|p2a: Scizor|45\/100\n|\n|-heal|p1b: Wo-Chien|98\/100|[from] item: Leftovers\n|-damage|p2a: Scizor|33\/100|[from] Leech Seed|[of] p1b: Wo-Chien\n|-heal|p1b: Wo-Chien|100\/100|[silent]\n|upkeep\n|turn|5\n|\n|t:|1683404437\n|move|p2b: Iron Valiant|Hypnosis|p1b: Wo-Chien\n|-status|p1b: Wo-Chien|slp|[from] move: Hypnosis\n|move|p2a: Scizor|Pounce|p1a: Ting-Lu\n|-supereffective|p1a: Ting-Lu\n|-damage|p1a: Ting-Lu|0 fnt\n|faint|p1a: Ting-Lu\n|cant|p1b: Wo-Chien|slp\n|\n|-damage|p2a: Scizor|21\/100|[from] Leech Seed|[of] p1b: Wo-Chien\n|upkeep\n|\n|t:|1683404447\n|switch|p1a: Baxcalibur|Baxcalibur, L50, M|100\/100\n|turn|6\n|inactive|WillieDangerously has 30 seconds left.\n|inactive|WillieDangerously has 20 seconds left.\n|inactive|WillieDangerously has 15 seconds left.\n|\n|t:|1683404489\n|move|p1a: Baxcalibur|Ice Shard|p2a: Scizor\n|-resisted|p2a: Scizor\n|-damage|p2a: Scizor|10\/100\n|move|p2a: Scizor|Bullet Punch|p1a: Baxcalibur\n|-supereffective|p1a: Baxcalibur\n|-damage|p1a: Baxcalibur|0 fnt\n|faint|p1a: Baxcalibur\n|move|p2b: Iron Valiant|Moonblast|p1b: Wo-Chien\n|-damage|p1b: Wo-Chien|72\/100 slp\n|-curestatus|p1b: Wo-Chien|slp|[msg]\n|move|p1b: Wo-Chien|Giga Drain|p2b: Iron Valiant\n|-damage|p2b: Iron Valiant|58\/100\n|-heal|p1b: Wo-Chien|89\/100|[from] drain|[of] p2b: Iron Valiant\n|\n|-heal|p1b: Wo-Chien|95\/100|[from] item: Leftovers\n|-damage|p2a: Scizor|0 fnt|[from] Leech Seed|[of] p1b: Wo-Chien\n|-heal|p1b: Wo-Chien|100\/100|[silent]\n|faint|p2a: Scizor\n|-fieldend|move: Gravity\n|upkeep\n|\n|t:|1683404502\n|switch|p2a: Iron Bundle|Iron Bundle, L50|100\/100\n|turn|7\n|\n|t:|1683404514\n|-terastallize|p2a: Iron Bundle|Ice\n|move|p2a: Iron Bundle|Blizzard|p1b: Wo-Chien\n|-damage|p1b: Wo-Chien|55\/100\n|move|p2b: Iron Valiant|Hypnosis|p1b: Wo-Chien\n|-status|p1b: Wo-Chien|slp|[from] move: Hypnosis\n|cant|p1b: Wo-Chien|slp\n|\n|-heal|p1b: Wo-Chien|61\/100 slp|[from] item: Leftovers\n|upkeep\n|turn|8\n|\n|t:|1683404531\n|move|p2a: Iron Bundle|Hydro Pump|p1b: Wo-Chien\n|-damage|p1b: Wo-Chien|26\/100 slp\n|move|p2b: Iron Valiant|Moonblast|p1b: Wo-Chien\n|-damage|p1b: Wo-Chien|0 fnt\n|faint|p1b: Wo-Chien\n|\n|win|WillieDangerously\n|raw|ferritorte's rating: 1104 → 1075<\/strong> (-29 for losing)\n|raw|WillieDangerously's rating: 1051 → 1088<\/strong> (+37 for winning)\n|l|\u2606ferritorte\n","uploadtime":1683404537,"views":10,"p1id":"ferritorte","p2id":"williedangerously","formatid":"gen9vgc2023regulationc","rating":1075,"private":0,"password":""}