{"id":"gen9vgc2023regulationc-1846194150","p1":"haha u rage quit","p2":"SiderisVGC","format":"[Gen 9] VGC 2023 Regulation C","log":"|j|\u2606haha u rage quit\n|j|\u2606SiderisVGC\n|t:|1681819776\n|gametype|doubles\n|player|p1|haha u rage quit|pokemaniac|1171\n|player|p2|SiderisVGC|266|1217\n|teamsize|p1|6\n|teamsize|p2|6\n|gen|9\n|tier|[Gen 9] VGC 2023 Regulation C\n|rated|\n|rule|Species Clause: Limit one of each Pok\u00e9mon\n|rule|Item Clause: Limit one of each item\n|clearpoke\n|poke|p1|Garchomp, L50, M|\n|poke|p1|Flutter Mane, L50|\n|poke|p1|Great Tusk, L50|\n|poke|p1|Iron Bundle, L50|\n|poke|p1|Baxcalibur, L50, M|\n|poke|p1|Palafin, L50, M|\n|poke|p2|Dragonite, L50, M|\n|poke|p2|Murkrow, L50, M|\n|poke|p2|Great Tusk, L50|\n|poke|p2|Chien-Pao, L50|\n|poke|p2|Chi-Yu, L50|\n|poke|p2|Flutter Mane, L50|\n|teampreview|4\n|inactive|Battle timer is ON: inactive players will automatically lose when time's up. (requested by haha u rage quit)\n|\n|t:|1681819812\n|start\n|switch|p1a: Palafin|Palafin, L50, M|100\/100\n|switch|p1b: Great Tusk|Great Tusk, L50, shiny|100\/100\n|switch|p2a: Murkrow|Murkrow, L50, M|100\/100\n|switch|p2b: Dragonite|Dragonite, L50, M|100\/100\n|turn|1\n|\n|t:|1681819835\n|detailschange|p1a: Palafin|Palafin-Hero, L50, M\n|switch|p1a: Baxcalibur|Baxcalibur, L50, M|100\/100\n|-terastallize|p2b: Dragonite|Flying\n|move|p2a: Murkrow|Tailwind|p2a: Murkrow\n|-sidestart|p2: SiderisVGC|move: Tailwind\n|move|p2b: Dragonite|Tera Blast|p1b: Great Tusk\n|-supereffective|p1b: Great Tusk\n|-damage|p1b: Great Tusk|0 fnt\n|faint|p1b: Great Tusk\n|-end|p1b: Great Tusk|Protosynthesis|[silent]\n|\n|upkeep\n|\n|t:|1681819847\n|switch|p1b: Palafin|Palafin-Hero, L50, M|100\/100\n|-activate|p1b: Palafin|ability: Zero to Hero\n|turn|2\n|\n|t:|1681819860\n|switch|p2b: Chi-Yu|Chi-Yu, L50|100\/100\n|-ability|p2b: Chi-Yu|Beads of Ruin\n|-terastallize|p1b: Palafin|Water\n|move|p2a: Murkrow|Sunny Day|p2a: Murkrow\n|-weather|SunnyDay\n|move|p1b: Palafin|Jet Punch|p2b: Chi-Yu\n|-supereffective|p2b: Chi-Yu\n|-damage|p2b: Chi-Yu|11\/100\n|move|p1a: Baxcalibur|Ice Shard|p2b: Chi-Yu\n|-resisted|p2b: Chi-Yu\n|-damage|p2b: Chi-Yu|0 fnt\n|faint|p2b: Chi-Yu\n|\n|-weather|SunnyDay|[upkeep]\n|upkeep\n|\n|t:|1681819874\n|switch|p2b: Great Tusk|Great Tusk, L50|100\/100\n|-activate|p2b: Great Tusk|ability: Protosynthesis\n|-start|p2b: Great Tusk|protosynthesisatk\n|turn|3\n|\n|t:|1681819890\n|move|p1b: Palafin|Jet Punch|p2b: Great Tusk\n|-supereffective|p2b: Great Tusk\n|-damage|p2b: Great Tusk|54\/100\n|move|p1a: Baxcalibur|Ice Shard|p2b: Great Tusk\n|-supereffective|p2b: Great Tusk\n|-damage|p2b: Great Tusk|14\/100\n|move|p2b: Great Tusk|Earthquake|p1a: Baxcalibur|[spread] p1a,p1b\n|-immune|p2a: Murkrow\n|-damage|p1a: Baxcalibur|59\/100\n|-damage|p1b: Palafin|52\/100\n|move|p2a: Murkrow|Foul Play|p1a: Baxcalibur\n|-crit|p1a: Baxcalibur\n|-damage|p1a: Baxcalibur|0 fnt\n|faint|p1a: Baxcalibur\n|\n|-weather|SunnyDay|[upkeep]\n|upkeep\n|\n|t:|1681819902\n|switch|p1a: Flutter Mane|Flutter Mane, L50|100\/100\n|-activate|p1a: Flutter Mane|ability: Protosynthesis\n|-start|p1a: Flutter Mane|protosynthesisspe\n|turn|4\n|\n|t:|1681819909\n|move|p1b: Palafin|Jet Punch|p2b: Great Tusk\n|-supereffective|p2b: Great Tusk\n|-damage|p2b: Great Tusk|0 fnt\n|faint|p2b: Great Tusk\n|-end|p2b: Great Tusk|Protosynthesis|[silent]\n|move|p1a: Flutter Mane|Moonblast|p2a: Murkrow\n|-supereffective|p2a: Murkrow\n|-damage|p2a: Murkrow|0 fnt\n|faint|p2a: Murkrow\n|\n|-weather|SunnyDay|[upkeep]\n|-sideend|p2: SiderisVGC|move: Tailwind\n|upkeep\n|\n|t:|1681819918\n|switch|p2b: Dragonite|Dragonite, L50, M, tera:Flying|100\/100\n|turn|5\n|\n|t:|1681819924\n|move|p1b: Palafin|Jet Punch|p2b: Dragonite\n|-damage|p2b: Dragonite|72\/100\n|move|p1a: Flutter Mane|Moonblast|p2b: Dragonite\n|-damage|p2b: Dragonite|25\/100\n|move|p2b: Dragonite|Tera Blast|p1b: Palafin\n|-damage|p1b: Palafin|0 fnt\n|faint|p1b: Palafin\n|\n|-weather|SunnyDay|[upkeep]\n|upkeep\n|turn|6\n|\n|t:|1681819933\n|move|p1a: Flutter Mane|Moonblast|p2b: Dragonite\n|-damage|p2b: Dragonite|0 fnt\n|faint|p2b: Dragonite\n|\n|win|haha u rage quit\n|raw|haha u rage quit's rating: 1171 → 1199<\/strong> (+28 for winning)\n|raw|SiderisVGC's rating: 1217 → 1189<\/strong> (-28 for losing)\n|l|\u2606SiderisVGC\n","uploadtime":1681819950,"views":7,"p1id":"hahauragequit","p2id":"siderisvgc","formatid":"gen9vgc2023regulationc","rating":1189,"private":0,"password":""}