{"id":"gen9vgc2023regulationc-1850032244","p1":"Feis","p2":"desuvgc","format":"[Gen 9] VGC 2023 Regulation C","log":"|j|\u2606Feis\n|j|\u2606desuvgc\n|t:|1682279920\n|gametype|doubles\n|player|p1|Feis|pokekid|\n|player|p2|desuvgc|265|\n|teamsize|p1|6\n|teamsize|p2|6\n|gen|9\n|tier|[Gen 9] VGC 2023 Regulation C\n|rule|Species Clause: Limit one of each Pok\u00e9mon\n|rule|Item Clause: Limit one of each item\n|clearpoke\n|poke|p1|Baxcalibur, L50, M|\n|poke|p1|Flutter Mane, L50|\n|poke|p1|Amoonguss, L50, M|\n|poke|p1|Arcanine, L50, F|\n|poke|p1|Ting-Lu, L50|\n|poke|p1|Palafin, L50, F|\n|poke|p2|Chien-Pao, L50|\n|poke|p2|Arcanine, L50, F|\n|poke|p2|Amoonguss, L50, F|\n|poke|p2|Gholdengo, L50|\n|poke|p2|Palafin, L50, M|\n|poke|p2|Dragonite, L50, M|\n|teampreview|4\n|c|\u2606Feis|g3\nFeis has agreed to open team sheets.\ndesuvgc has agreed to open team sheets.\n|c|\u2606Feis|\/log Feis made this room public.\n|j| templevgc\n|j| FREEDOMFIGHTER28\n|j| AhriVGC\n|j| Dunkler Georg\n|j| tyo\n|c|\u2606Feis|glhf\n|j| animus\n|j| abhayfive\n|c|\u2606desuvgc|glhf\n|j| InkVG\n|j| pokeway96\n|j| Rey9vgc\n|j| benjinotnice\n|j| Axior\n|j| Tekagt\n|j| cyan_vg\n|\n|t:|1682280834\n|start\n|switch|p1a: Palafin|Palafin, L50, F|100\/100\n|switch|p1b: Arcanine|Arcanine, L50, F|100\/100\n|switch|p2a: Gholdengo|Gholdengo, L50|100\/100\n|switch|p2b: Palafin|Palafin, L50, M|100\/100\n|-ability|p1b: Arcanine|Intimidate|boost\n|-unboost|p2a: Gholdengo|atk|1\n|-unboost|p2b: Palafin|atk|1\n|turn|1\n|\n|t:|1682280898\n|detailschange|p2b: Palafin|Palafin-Hero, L50, M\n|switch|p2b: Amoonguss|Amoonguss, L50, F|100\/100\n|-terastallize|p2a: Gholdengo|Water\n|move|p1b: Arcanine|Howl|p1b: Arcanine|[spread] p1a,p1b\n|-boost|p1a: Palafin|atk|1\n|-boost|p1b: Arcanine|atk|1\n|move|p1a: Palafin|Wave Crash|p2a: Gholdengo\n|-resisted|p2a: Gholdengo\n|-damage|p2a: Gholdengo|68\/100\n|-damage|p1a: Palafin|91\/100|[from] Recoil\n|move|p2a: Gholdengo|Nasty Plot|p2a: Gholdengo\n|-boost|p2a: Gholdengo|spa|2\n|\n|upkeep\n|turn|2\n|\n|t:|1682280933\n|move|p1a: Palafin|Protect|p1a: Palafin\n|-singleturn|p1a: Palafin|Protect\n|move|p1b: Arcanine|Extreme Speed|p2a: Gholdengo\n|-damage|p2a: Gholdengo|41\/100\n|-enditem|p2a: Gholdengo|Sitrus Berry|[eat]\n|-heal|p2a: Gholdengo|66\/100|[from] item: Sitrus Berry\n|move|p2a: Gholdengo|Thunderbolt|p1b: Arcanine\n|-damage|p1b: Arcanine|41\/100\n|-status|p1b: Arcanine|par\n|move|p2b: Amoonguss|Spore|p1a: Palafin\n|-activate|p1a: Palafin|move: Protect\n|\n|upkeep\n|turn|3\n|\n|t:|1682280956\n|detailschange|p1a: Palafin|Palafin-Hero, L50, F\n|switch|p1a: Amoonguss|Amoonguss, L50, M|100\/100\n|switch|p1b: Ting-Lu|Ting-Lu, L50|100\/100\n|-ability|p1b: Ting-Lu|Vessel of Ruin\n|move|p2a: Gholdengo|Make It Rain|p1b: Ting-Lu|[spread] p1a,p1b\n|-damage|p1a: Amoonguss|51\/100\n|-damage|p1b: Ting-Lu|73\/100\n|-unboost|p2a: Gholdengo|spa|1\n|move|p2b: Amoonguss|Pollen Puff|p2a: Gholdengo\n|-heal|p2a: Gholdengo|100\/100\n|\n|upkeep\n|turn|4\n|\n|t:|1682280974\n|switch|p1b: Arcanine|Arcanine, L50, F|41\/100 par\n|-ability|p1b: Arcanine|Intimidate|boost\n|-unboost|p2a: Gholdengo|atk|1\n|-unboost|p2b: Amoonguss|atk|1\n|move|p2a: Gholdengo|Nasty Plot|p2a: Gholdengo\n|-boost|p2a: Gholdengo|spa|2\n|move|p1a: Amoonguss|Pollen Puff|p1b: Arcanine\n|-heal|p1b: Arcanine|91\/100 par\n|move|p2b: Amoonguss|Spore|p1b: Arcanine\n|-activate|p1b: Arcanine|item: Safety Goggles|Spore\n|\n|upkeep\n|turn|5\n|\n|t:|1682280992\n|switch|p1a: Ting-Lu|Ting-Lu, L50|73\/100\n|-ability|p1a: Ting-Lu|Vessel of Ruin\n|move|p2b: Amoonguss|Protect|p2b: Amoonguss\n|-singleturn|p2b: Amoonguss|Protect\n|move|p2a: Gholdengo|Nasty Plot|p2a: Gholdengo\n|-boost|p2a: Gholdengo|spa|2\n|move|p1b: Arcanine|Flare Blitz|p2b: Amoonguss\n|-activate|p2b: Amoonguss|move: Protect\n|\n|upkeep\n|turn|6\n|\n|t:|1682281018\n|move|p2a: Gholdengo|Make It Rain|p1a: Ting-Lu|[spread] p1a,p1b\n|-resisted|p1b: Arcanine\n|-damage|p1a: Ting-Lu|17\/100\n|-damage|p1b: Arcanine|28\/100 par\n|-unboost|p2a: Gholdengo|spa|1\n|move|p1a: Ting-Lu|Ruination|p2a: Gholdengo|[miss]\n|-miss|p1a: Ting-Lu|p2a: Gholdengo\n|move|p1b: Arcanine|Flare Blitz|p2b: Amoonguss\n|-supereffective|p2b: Amoonguss\n|-enditem|p2b: Amoonguss|Occa Berry|[eat]\n|-enditem|p2b: Amoonguss|Occa Berry|[weaken]\n|-damage|p2b: Amoonguss|62\/100\n|-damage|p1b: Arcanine|13\/100 par|[from] Recoil\n|move|p2b: Amoonguss|Spore|p1a: Ting-Lu\n|-status|p1a: Ting-Lu|slp|[from] move: Spore\n|\n|upkeep\n|turn|7\n|j| duckpond\n|\n|t:|1682281058\n|move|p1b: Arcanine|Extreme Speed|p2b: Amoonguss\n|-damage|p2b: Amoonguss|43\/100\n|move|p2a: Gholdengo|Make It Rain|p1b: Arcanine|[spread] p1a,p1b\n|-resisted|p1b: Arcanine\n|-damage|p1a: Ting-Lu|0 fnt\n|-damage|p1b: Arcanine|0 fnt\n|-unboost|p2a: Gholdengo|spa|1\n|faint|p1a: Ting-Lu\n|faint|p1b: Arcanine\n|move|p2b: Amoonguss|Pollen Puff|p2a: Gholdengo\n|-immune|p2a: Gholdengo\n|\n|upkeep\n|\n|t:|1682281062\n|switch|p1b: Amoonguss|Amoonguss, L50, M|84\/100\n|switch|p1a: Palafin|Palafin-Hero, L50, F|91\/100\n|-activate|p1a: Palafin|ability: Zero to Hero\n|turn|8\n|j| Svenvgc\n|\n|t:|1682281084\n|switch|p2b: Arcanine|Arcanine, L50, F|100\/100\n|-ability|p2b: Arcanine|Intimidate|boost\n|-unboost|p1a: Palafin|atk|1\n|-unboost|p1b: Amoonguss|atk|1\n|-terastallize|p1a: Palafin|Water\n|move|p1a: Palafin|Wave Crash|p2b: Arcanine\n|-supereffective|p2b: Arcanine\n|-crit|p2b: Arcanine\n|-damage|p2b: Arcanine|0 fnt\n|faint|p2b: Arcanine\n|-damage|p1a: Palafin|59\/100|[from] Recoil\n|move|p2a: Gholdengo|Thunderbolt|p1a: Palafin\n|-supereffective|p1a: Palafin\n|-damage|p1a: Palafin|0 fnt\n|faint|p1a: Palafin\n|move|p1b: Amoonguss|Pollen Puff|p1: Palafin|[notarget]\n|-fail|p1b: Amoonguss\n|\n|upkeep\n|c|\u2606Feis|ggs\n|c|\u2606desuvgc|ggs\n|-message|Feis forfeited.\n|\n|win|desuvgc\n|l| animus\n|l| benjinotnice\n|l| FREEDOMFIGHTER28\n|l| pokeway96\n|l| cyan_vg\n|l|\u2606Feis\n|l| Rey9vgc\n","uploadtime":1682281113,"views":17,"p1id":"feis","p2id":"desuvgc","formatid":"gen9vgc2023regulationc","rating":0,"private":0,"password":""}