{"id":"gen9vgc2023regulationc-1850027445","p1":"toocynical1","p2":"screamribbon","format":"[Gen 9] VGC 2023 Regulation C","log":"|j|\u2606toocynical1\n|j|\u2606screamribbon\n|t:|1682279424\n|gametype|doubles\n|player|p1|toocynical1|rocketgrunt|1290\n|player|p2|screamribbon|idol|1318\n|teamsize|p1|6\n|teamsize|p2|6\n|gen|9\n|tier|[Gen 9] VGC 2023 Regulation C\n|rated|\n|rule|Species Clause: Limit one of each Pok\u00e9mon\n|rule|Item Clause: Limit one of each item\n|clearpoke\n|poke|p1|Baxcalibur, L50, F|\n|poke|p1|Scream Tail, L50|\n|poke|p1|Gyarados, L50, F|\n|poke|p1|Gholdengo, L50|\n|poke|p1|Maushold-Four, L50|\n|poke|p1|Flutter Mane, L50|\n|poke|p2|Armarouge, L50, F|\n|poke|p2|Great Tusk, L50|\n|poke|p2|Talonflame, L50, F|\n|poke|p2|Indeedee-F, L50, F|\n|poke|p2|Gyarados, L50, F|\n|poke|p2|Flutter Mane, L50|\n|teampreview|4\ntoocynical1 has agreed to open team sheets.\nscreamribbon has agreed to open team sheets.\n|\n|t:|1682279506\n|start\n|switch|p1a: Maushold|Maushold-Four, L50, shiny|100\/100\n|switch|p1b: Flutter Mane|Flutter Mane, L50|100\/100\n|switch|p2a: Flutter Mane|Flutter Mane, L50|100\/100\n|switch|p2b: Talonflame|Talonflame, L50, F|100\/100\n|turn|1\n|inactive|Battle timer is ON: inactive players will automatically lose when time's up. (requested by screamribbon)\n|inactive|toocynical1 has 60 seconds left.\n|\n|t:|1682279601\n|-terastallize|p2a: Flutter Mane|Fairy\n|move|p1a: Maushold|Protect|p1a: Maushold\n|-singleturn|p1a: Maushold|Protect\n|move|p2b: Talonflame|Tailwind|p2b: Talonflame\n|-sidestart|p2: screamribbon|move: Tailwind\n|move|p2a: Flutter Mane|Moonblast|p1a: Maushold\n|-activate|p1a: Maushold|move: Protect\n|move|p1b: Flutter Mane|Shadow Ball|p2b: Talonflame\n|-damage|p2b: Talonflame|22\/100\n|\n|upkeep\n|turn|2\n|\n|t:|1682279623\n|switch|p1a: Gholdengo|Gholdengo, L50|100\/100\n|move|p2b: Talonflame|U-turn|p1b: Flutter Mane\n|-resisted|p1b: Flutter Mane\n|-damage|p1b: Flutter Mane|96\/100\n|\n|t:|1682279629\n|switch|p2b: Indeedee|Indeedee-F, L50, F|100\/100|[from] U-turn\n|-fieldstart|move: Psychic Terrain|[from] ability: Psychic Surge|[of] p2b: Indeedee\n|move|p2a: Flutter Mane|Moonblast|p1a: Gholdengo\n|-resisted|p1a: Gholdengo\n|-damage|p1a: Gholdengo|58\/100\n|move|p1b: Flutter Mane|Shadow Ball|p2a: Flutter Mane\n|-damage|p2a: Flutter Mane|45\/100\n|\n|-heal|p1a: Gholdengo|65\/100|[from] item: Leftovers\n|upkeep\n|turn|3\n|\n|t:|1682279649\n|-end|p1b: Flutter Mane|Protosynthesis|[silent]\n|switch|p1b: Maushold|Maushold-Four, L50, shiny|100\/100\n|move|p2b: Indeedee|Helping Hand|p2a: Flutter Mane\n|-singleturn|p2a: Flutter Mane|Helping Hand|[of] p2b: Indeedee\n|move|p2a: Flutter Mane|Moonblast|p1b: Maushold\n|-damage|p1b: Maushold|0 fnt\n|faint|p1b: Maushold\n|move|p1a: Gholdengo|Make It Rain|p2b: Indeedee|[spread] p2a,p2b\n|-supereffective|p2a: Flutter Mane\n|-damage|p2a: Flutter Mane|0 fnt\n|-damage|p2b: Indeedee|70\/100\n|-unboost|p1a: Gholdengo|spa|1\n|faint|p2a: Flutter Mane\n|-end|p2a: Flutter Mane|Protosynthesis|[silent]\n|\n|-heal|p1a: Gholdengo|71\/100|[from] item: Leftovers\n|upkeep\n|\n|t:|1682279664\n|switch|p2a: Armarouge|Armarouge, L50, F|100\/100\n|switch|p1b: Gyarados|Gyarados, L50, F|100\/100\n|-ability|p1b: Gyarados|Intimidate|boost\n|-unboost|p2a: Armarouge|atk|1\n|-unboost|p2b: Indeedee|atk|1\n|turn|4\n|inactive|toocynical1 has 30 seconds left.\n|inactive|toocynical1 has 20 seconds left.\n|\n|t:|1682279702\n|switch|p2b: Talonflame|Talonflame, L50, F|22\/100\n|move|p2a: Armarouge|Expanding Force|p1b: Gyarados|[spread] p1a,p1b\n|-resisted|p1a: Gholdengo\n|-damage|p1a: Gholdengo|42\/100\n|-damage|p1b: Gyarados|46\/100\n|move|p1a: Gholdengo|Nasty Plot|p1a: Gholdengo\n|-boost|p1a: Gholdengo|spa|2\n|move|p1b: Gyarados|Taunt|p2a: Armarouge\n|-start|p2a: Armarouge|move: Taunt\n|\n|-heal|p1a: Gholdengo|48\/100|[from] item: Leftovers\n|-sideend|p2: screamribbon|move: Tailwind\n|upkeep\n|turn|5\n|inactive|toocynical1 has 30 seconds left.\n|inactive|screamribbon has 30 seconds left.\n|inactive|toocynical1 has 20 seconds left.\n|\n|t:|1682279740\n|-terastallize|p1a: Gholdengo|Water\n|move|p2b: Talonflame|Tailwind|p2b: Talonflame\n|-sidestart|p2: screamribbon|move: Tailwind\n|move|p2a: Armarouge|Heat Wave|p1a: Gholdengo|[spread] p1a,p1b\n|-resisted|p1a: Gholdengo\n|-resisted|p1b: Gyarados\n|-damage|p1a: Gholdengo|29\/100\n|-damage|p1b: Gyarados|28\/100\n|move|p1a: Gholdengo|Shadow Ball|p2a: Armarouge\n|-supereffective|p2a: Armarouge\n|-damage|p2a: Armarouge|0 fnt\n|faint|p2a: Armarouge\n|move|p1b: Gyarados|Waterfall|p2b: Talonflame\n|-supereffective|p2b: Talonflame\n|-damage|p2b: Talonflame|0 fnt\n|faint|p2b: Talonflame\n|\n|-heal|p1a: Gholdengo|35\/100|[from] item: Leftovers\n|upkeep\n|\n|t:|1682279756\n|switch|p2b: Indeedee|Indeedee-F, L50, F|70\/100\n|turn|6\n|\n|t:|1682279763\n|move|p2b: Indeedee|Dazzling Gleam|p1b: Gyarados|[spread] p1a,p1b\n|-crit|p1b: Gyarados\n|-damage|p1a: Gholdengo|23\/100\n|-damage|p1b: Gyarados|9\/100\n|move|p1a: Gholdengo|Make It Rain|p2b: Indeedee\n|-damage|p2b: Indeedee|0 fnt\n|-unboost|p1a: Gholdengo|spa|1\n|faint|p2b: Indeedee\n|\n|win|toocynical1\n|raw|toocynical1's rating: 1290 → 1317<\/strong> (+27 for winning)\n|raw|screamribbon's rating: 1318 → 1296<\/strong> (-22 for losing)\n","uploadtime":1682279766,"views":11,"p1id":"toocynical1","p2id":"screamribbon","formatid":"gen9vgc2023regulationc","rating":1296,"private":0,"password":""}