{"id":"gen9vgc2023regulationc-1860438790","p1":"goatmilkin3d","p2":"xiaoven","format":"[Gen 9] VGC 2023 Regulation C","log":"|j|\u2606goatmilkin3d\n|j|\u2606xiaoven\n|t:|1683644291\n|gametype|doubles\n|player|p1|goatmilkin3d|swimmer|1207\n|player|p2|xiaoven|iono|1137\n|teamsize|p1|6\n|teamsize|p2|6\n|gen|9\n|tier|[Gen 9] VGC 2023 Regulation C\n|rated|\n|rule|Species Clause: Limit one of each Pok\u00e9mon\n|rule|Item Clause: Limit one of each item\n|clearpoke\n|poke|p1|Cloyster, L50, F|\n|poke|p1|Tyranitar, L50, F|\n|poke|p1|Houndstone, L50, F|\n|poke|p1|Sandy Shocks, L50|\n|poke|p1|Arcanine, L50, F|\n|poke|p1|Amoonguss, L50, M|\n|poke|p2|Glimmora, L50, M|\n|poke|p2|Wo-Chien, L50|\n|poke|p2|Baxcalibur, L50, M|\n|poke|p2|Salamence, L50, M|\n|poke|p2|Great Tusk, L50|\n|poke|p2|Flutter Mane, L50|\n|teampreview|4\n|inactive|Battle timer is ON: inactive players will automatically lose when time's up. (requested by goatmilkin3d)\n|inactive|goatmilkin3d has 60 seconds left.\n|\n|t:|1683644339\n|start\n|switch|p1a: Arcanine|Arcanine, L50, F|100\/100\n|switch|p1b: Amoonguss|Amoonguss, L50, M|100\/100\n|switch|p2a: >dies|Glimmora, L50, M, shiny|100\/100\n|switch|p2b: snail gaming|Wo-Chien, L50|100\/100\n|-ability|p1a: Arcanine|Intimidate|boost\n|-unboost|p2a: >dies|atk|1\n|-unboost|p2b: snail gaming|atk|1\n|-ability|p2b: snail gaming|Tablets of Ruin\n|turn|1\n|\n|t:|1683644357\n|switch|p2b: bl\u00e5haj|Baxcalibur, L50, M|100\/100\n|move|p1a: Arcanine|Flare Blitz|p2b: bl\u00e5haj\n|-damage|p2b: bl\u00e5haj|52\/100\n|-ability|p2b: bl\u00e5haj|Thermal Exchange|boost\n|-boost|p2b: bl\u00e5haj|atk|1\n|-damage|p1a: Arcanine|85\/100|[from] Recoil\n|move|p2a: >dies|Earth Power|p1a: Arcanine\n|-supereffective|p1a: Arcanine\n|-damage|p1a: Arcanine|28\/100\n|move|p1b: Amoonguss|Spore|p2a: >dies\n|-status|p2a: >dies|slp|[from] move: Spore\n|\n|upkeep\n|turn|2\n|inactive|xiaoven has 30 seconds left.\n|inactive|goatmilkin3d has 30 seconds left.\n|\n|t:|1683644398\n|-terastallize|p2b: bl\u00e5haj|Fire\n|move|p1b: Amoonguss|Protect|p1b: Amoonguss\n|-singleturn|p1b: Amoonguss|Protect\n|move|p2b: bl\u00e5haj|Icicle Spear|p1b: Amoonguss\n|-activate|p1b: Amoonguss|move: Protect\n|move|p1a: Arcanine|Howl|p1a: Arcanine|[spread] p1a,p1b\n|-boost|p1a: Arcanine|atk|1\n|-boost|p1b: Amoonguss|atk|1\n|cant|p2a: >dies|slp\n|\n|upkeep\n|turn|3\n|inactive|xiaoven has 30 seconds left.\n|\n|t:|1683644427\n|switch|p1b: Cloyster|Cloyster, L50, F|100\/100\n|move|p1a: Arcanine|Extreme Speed|p2b: bl\u00e5haj\n|-damage|p2b: bl\u00e5haj|15\/100\n|move|p2b: bl\u00e5haj|Glaive Rush|p1a: Arcanine\n|-damage|p1a: Arcanine|0 fnt\n|-singlemove|p2b: bl\u00e5haj|Glaive Rush|[silent]\n|faint|p1a: Arcanine\n|-curestatus|p2a: >dies|slp|[msg]\n|move|p2a: >dies|Mortal Spin|p1b: Cloyster\n|-damage|p1b: Cloyster|97\/100\n|-status|p1b: Cloyster|psn\n|\n|-damage|p1b: Cloyster|85\/100 psn|[from] psn\n|upkeep\n|\n|t:|1683644439\n|switch|p1a: Tyranitar|Tyranitar, L50, F, shiny|100\/100\n|-weather|Sandstorm|[from] ability: Sand Stream|[of] p1a: Tyranitar\n|turn|4\n|\n|t:|1683644459\n|move|p2b: bl\u00e5haj|Protect|p2b: bl\u00e5haj\n|-singleturn|p2b: bl\u00e5haj|Protect\n|move|p1b: Cloyster|Rock Blast|p2b: bl\u00e5haj\n|-activate|p2b: bl\u00e5haj|move: Protect\n|move|p2a: >dies|Energy Ball|p1b: Cloyster\n|-supereffective|p1b: Cloyster\n|-damage|p1b: Cloyster|0 fnt\n|faint|p1b: Cloyster\n|move|p1a: Tyranitar|Dragon Dance|p1a: Tyranitar\n|-boost|p1a: Tyranitar|atk|1\n|-boost|p1a: Tyranitar|spe|1\n|\n|-weather|Sandstorm|[upkeep]\n|-damage|p2b: bl\u00e5haj|9\/100|[from] Sandstorm\n|upkeep\n|\n|t:|1683644469\n|switch|p1b: Amoonguss|Amoonguss, L50, M|100\/100\n|turn|5\n|\n|t:|1683644496\n|-terastallize|p1b: Amoonguss|Water\n|move|p2b: bl\u00e5haj|Ice Shard|p1b: Amoonguss\n|-resisted|p1b: Amoonguss\n|-damage|p1b: Amoonguss|87\/100\n|move|p1a: Tyranitar|Rock Slide|p2a: >dies|[spread] p2a\n|-miss|p1a: Tyranitar|p2b: bl\u00e5haj\n|-damage|p2a: >dies|60\/100\n|-activate|p2a: >dies|ability: Toxic Debris\n|-sidestart|p1: goatmilkin3d|move: Toxic Spikes\n|move|p2a: >dies|Mortal Spin|p1a: Tyranitar|[spread] p1a,p1b\n|-resisted|p1a: Tyranitar\n|-damage|p1a: Tyranitar|99\/100\n|-damage|p1b: Amoonguss|84\/100\n|-status|p1a: Tyranitar|psn\n|-status|p1b: Amoonguss|psn\n|move|p1b: Amoonguss|Spore|p2a: >dies\n|-status|p2a: >dies|slp|[from] move: Spore\n|\n|-weather|Sandstorm|[upkeep]\n|-damage|p2b: bl\u00e5haj|4\/100|[from] Sandstorm\n|-damage|p1b: Amoonguss|78\/100 psn|[from] Sandstorm\n|-heal|p1a: Tyranitar|100\/100 psn|[from] item: Leftovers\n|-damage|p1a: Tyranitar|88\/100 psn|[from] psn\n|-damage|p1b: Amoonguss|66\/100 psn|[from] psn\n|upkeep\n|turn|6\n|inactive|goatmilkin3d has 30 seconds left.\n|\n|t:|1683644531\n|cant|p2a: >dies|slp\n|move|p1b: Amoonguss|Protect|p1b: Amoonguss\n|-singleturn|p1b: Amoonguss|Protect\n|move|p2b: bl\u00e5haj|Glaive Rush|p1a: Tyranitar\n|-damage|p1a: Tyranitar|16\/100 psn\n|-singlemove|p2b: bl\u00e5haj|Glaive Rush|[silent]\n|move|p1a: Tyranitar|Dragon Dance|p1a: Tyranitar\n|-boost|p1a: Tyranitar|atk|1\n|-boost|p1a: Tyranitar|spe|1\n|\n|-weather|Sandstorm|[upkeep]\n|-damage|p2b: bl\u00e5haj|0 fnt|[from] Sandstorm\n|-damage|p1b: Amoonguss|60\/100 psn|[from] Sandstorm\n|faint|p2b: bl\u00e5haj\n|-heal|p1a: Tyranitar|22\/100 psn|[from] item: Leftovers\n|-damage|p1a: Tyranitar|10\/100 psn|[from] psn\n|-damage|p1b: Amoonguss|48\/100 psn|[from] psn\n|upkeep\n|-enditem|p1b: Amoonguss|Sitrus Berry|[eat]\n|-heal|p1b: Amoonguss|73\/100 psn|[from] item: Sitrus Berry\n|\n|t:|1683644541\n|switch|p2b: snail gaming|Wo-Chien, L50|100\/100\n|-ability|p2b: snail gaming|Tablets of Ruin\n|turn|7\n|\n|t:|1683644555\n|move|p1a: Tyranitar|Rock Slide|p2a: >dies|[spread] p2a,p2b\n|-damage|p2a: >dies|13\/100 slp\n|-damage|p2b: snail gaming|68\/100\n|-activate|p2a: >dies|ability: Toxic Debris\n|-sidestart|p1: goatmilkin3d|move: Toxic Spikes\n|-curestatus|p2a: >dies|slp|[msg]\n|move|p2a: >dies|Energy Ball|p1b: Amoonguss\n|-supereffective|p1b: Amoonguss\n|-damage|p1b: Amoonguss|13\/100 psn\n|move|p2b: snail gaming|Pollen Puff|p1a: Tyranitar\n|-supereffective|p1a: Tyranitar\n|-damage|p1a: Tyranitar|0 fnt\n|faint|p1a: Tyranitar\n|move|p1b: Amoonguss|Pollen Puff|p1: Tyranitar|[notarget]\n|-fail|p1b: Amoonguss\n|\n|-weather|Sandstorm|[upkeep]\n|-damage|p2b: snail gaming|62\/100|[from] Sandstorm\n|-damage|p1b: Amoonguss|7\/100 psn|[from] Sandstorm\n|-heal|p2b: snail gaming|68\/100|[from] item: Leftovers\n|-damage|p1b: Amoonguss|0 fnt|[from] psn\n|faint|p1b: Amoonguss\n|\n|win|xiaoven\n|upkeep\n|raw|goatmilkin3d's rating: 1207 → 1177<\/strong> (-30 for losing)\n|raw|xiaoven's rating: 1137 → 1167<\/strong> (+30 for winning)\n|l|\u2606goatmilkin3d\n","uploadtime":1683644605,"views":6,"p1id":"goatmilkin3d","p2id":"xiaoven","formatid":"gen9vgc2023regulationc","rating":1167,"private":0,"password":""}