{"id":"gen9vgc2023regulationc-1855727905","p1":"AceTrainerNite","p2":"ThePhantomFlame","format":"[Gen 9] VGC 2023 Regulation C","log":"|j|\u2606AceTrainerNite\n|j|\u2606ThePhantomFlame\n|t:|1682977397\n|gametype|doubles\n|player|p1|AceTrainerNite|benga|1109\n|player|p2|ThePhantomFlame|maid|1067\n|teamsize|p1|6\n|teamsize|p2|6\n|gen|9\n|tier|[Gen 9] VGC 2023 Regulation C\n|rated|\n|rule|Species Clause: Limit one of each Pok\u00e9mon\n|rule|Item Clause: Limit one of each item\n|clearpoke\n|poke|p1|Roaring Moon, L50|\n|poke|p1|Tinkaton, L50, F|\n|poke|p1|Annihilape, L50, M|\n|poke|p1|Arcanine, L50, F|\n|poke|p1|Palafin, L50, M|\n|poke|p1|Amoonguss, L50, M|\n|poke|p2|Baxcalibur, L50, F|\n|poke|p2|Chi-Yu, L50|\n|poke|p2|Dachsbun, L50, F|\n|poke|p2|Palafin, L50, F|\n|poke|p2|Rabsca, L50, F|\n|poke|p2|Grafaiai, L50, M|\n|teampreview|4\n|inactive|Battle timer is ON: inactive players will automatically lose when time's up. (requested by AceTrainerNite)\n|\n|t:|1682977474\n|start\n|switch|p1a: Hercules|Palafin, L50, M, shiny|100\/100\n|switch|p1b: Truffles|Amoonguss, L50, M, shiny|100\/100\n|switch|p2a: Baxcalibur|Baxcalibur, L50, F|100\/100\n|switch|p2b: Chi-Yu|Chi-Yu, L50|100\/100\n|-ability|p2b: Chi-Yu|Beads of Ruin\n|turn|1\n|inactive|ThePhantomFlame has 30 seconds left.\n|inactive|ThePhantomFlame has 20 seconds left.\n|inactive|ThePhantomFlame has 15 seconds left.\n|\n|t:|1682977519\n|-terastallize|p2a: Baxcalibur|Steel\n|-terastallize|p1b: Truffles|Water\n|move|p1a: Hercules|Protect|p1a: Hercules\n|-singleturn|p1a: Hercules|Protect\n|move|p2b: Chi-Yu|Lava Plume|p1a: Hercules|[spread] p2a,p1b\n|-activate|p1a: Hercules|move: Protect\n|-supereffective|p2a: Baxcalibur\n|-resisted|p1b: Truffles\n|-damage|p2a: Baxcalibur|25\/100\n|-damage|p1b: Truffles|85\/100\n|-ability|p2a: Baxcalibur|Thermal Exchange|boost\n|-boost|p2a: Baxcalibur|atk|1\n|-enditem|p2a: Baxcalibur|Weakness Policy\n|-boost|p2a: Baxcalibur|atk|2|[from] item: Weakness Policy\n|-boost|p2a: Baxcalibur|spa|2|[from] item: Weakness Policy\n|move|p2a: Baxcalibur|Iron Head|p1b: Truffles\n|-resisted|p1b: Truffles\n|-damage|p1b: Truffles|28\/100\n|-enditem|p1b: Truffles|Sitrus Berry|[eat]\n|-heal|p1b: Truffles|53\/100|[from] item: Sitrus Berry\n|move|p1b: Truffles|Spore|p2a: Baxcalibur\n|-status|p2a: Baxcalibur|slp|[from] move: Spore\n|\n|upkeep\n|turn|2\n|inactive|AceTrainerNite has 30 seconds left.\n|inactive|ThePhantomFlame has 30 seconds left.\n|inactive|AceTrainerNite has 20 seconds left.\n|\n|t:|1682977556\n|switch|p2b: Rabsca|Rabsca, L50, F|100\/100\n|switch|p1b: Bethuna|Roaring Moon, L50, shiny|100\/100\n|-enditem|p1b: Bethuna|Booster Energy\n|-activate|p1b: Bethuna|ability: Protosynthesis|[fromitem]\n|-start|p1b: Bethuna|protosynthesisatk\n|cant|p2a: Baxcalibur|slp\n|move|p1a: Hercules|Close Combat|p2a: Baxcalibur\n|-supereffective|p2a: Baxcalibur\n|-damage|p2a: Baxcalibur|0 fnt\n|-unboost|p1a: Hercules|def|1\n|-unboost|p1a: Hercules|spd|1\n|faint|p2a: Baxcalibur\n|\n|upkeep\n|inactive|ThePhantomFlame has 30 seconds left.\n|\n|t:|1682977587\n|switch|p2a: Dachsbun|Dachsbun, L50, F|100\/100\n|turn|3\n|\n|t:|1682977601\n|detailschange|p1a: Hercules|Palafin-Hero, L50, M, shiny\n|switch|p1a: Truffles|Amoonguss, L50, M, shiny, tera:Water|86\/100\n|move|p1b: Bethuna|Protect|p1b: Bethuna\n|-singleturn|p1b: Bethuna|Protect\n|move|p2b: Rabsca|Protect|p2b: Rabsca\n|-singleturn|p2b: Rabsca|Protect\n|move|p2a: Dachsbun|Yawn|p1b: Bethuna\n|-activate|p1b: Bethuna|move: Protect\n|\n|upkeep\n|turn|4\n|\n|t:|1682977623\n|move|p1a: Truffles|Rage Powder|p1a: Truffles\n|-singleturn|p1a: Truffles|move: Rage Powder\n|move|p1b: Bethuna|Dragon Dance|p1b: Bethuna\n|-boost|p1b: Bethuna|atk|1\n|-boost|p1b: Bethuna|spe|1\n|move|p2a: Dachsbun|Yawn|p1a: Truffles\n|-start|p1a: Truffles|move: Yawn|[of] p2a: Dachsbun\n|move|p2b: Rabsca|Revival Blessing|p2b: Rabsca\n|-enditem|p2b: Rabsca|Leppa Berry|[eat]\n|-activate|p2b: Rabsca|item: Leppa Berry|Revival Blessing|[consumed]\n|\n|t:|1682977632\n|-heal|p2: Baxcalibur|50\/100|[from] move: Revival Blessing\n|\n|upkeep\n|turn|5\n|inactive|ThePhantomFlame has 30 seconds left.\n|\n|t:|1682977659\n|switch|p2b: Chi-Yu|Chi-Yu, L50|100\/100\n|-ability|p2b: Chi-Yu|Beads of Ruin\n|switch|p1a: Hercules|Palafin-Hero, L50, M, shiny|100\/100\n|-activate|p1a: Hercules|ability: Zero to Hero\n|move|p2a: Dachsbun|Protect|p2a: Dachsbun\n|-singleturn|p2a: Dachsbun|Protect\n|move|p1b: Bethuna|Acrobatics|p2a: Dachsbun\n|-activate|p2a: Dachsbun|move: Protect\n|\n|upkeep\n|turn|6\n|inactive|AceTrainerNite has 30 seconds left.\n|\n|t:|1682977685\n|move|p1b: Bethuna|Protect|p1b: Bethuna\n|-singleturn|p1b: Bethuna|Protect\n|move|p1a: Hercules|Jet Punch|p2b: Chi-Yu\n|-supereffective|p2b: Chi-Yu\n|-damage|p2b: Chi-Yu|0 fnt\n|faint|p2b: Chi-Yu\n|move|p2a: Dachsbun|Body Press|p1b: Bethuna\n|-activate|p1b: Bethuna|move: Protect\n|\n|upkeep\n|\n|t:|1682977696\n|switch|p2b: Rabsca|Rabsca, L50, F|100\/100\n|turn|7\n|\n|t:|1682977705\n|move|p2a: Dachsbun|Protect|p2a: Dachsbun\n|-singleturn|p2a: Dachsbun|Protect\n|move|p1b: Bethuna|Acrobatics|p2a: Dachsbun\n|-activate|p2a: Dachsbun|move: Protect\n|move|p1a: Hercules|Wave Crash|p2a: Dachsbun\n|-activate|p2a: Dachsbun|move: Protect\n|move|p2b: Rabsca|Revival Blessing|p2b: Rabsca\n|\n|t:|1682977714\n|-heal|p2: Chi-Yu|50\/100|[from] move: Revival Blessing\n|\n|upkeep\n|turn|8\n|\n|t:|1682977736\n|move|p1b: Bethuna|Acrobatics|p2a: Dachsbun\n|-damage|p2a: Dachsbun|24\/100\n|move|p1a: Hercules|Wave Crash|p2a: Dachsbun\n|-damage|p2a: Dachsbun|0 fnt\n|faint|p2a: Dachsbun\n|-damage|p1a: Hercules|94\/100|[from] Recoil\n|move|p2b: Rabsca|Bug Buzz|p1b: Bethuna\n|-supereffective|p1b: Bethuna\n|-damage|p1b: Bethuna|37\/100\n|\n|upkeep\n|\n|t:|1682977748\n|switch|p2a: Baxcalibur|Baxcalibur, L50, F|50\/100\n|turn|9\n|\n|t:|1682977763\n|move|p1b: Bethuna|Protect|p1b: Bethuna\n|-singleturn|p1b: Bethuna|Protect\n|move|p2a: Baxcalibur|Protect|p2a: Baxcalibur\n|-singleturn|p2a: Baxcalibur|Protect\n|move|p1a: Hercules|Close Combat|p2a: Baxcalibur\n|-activate|p2a: Baxcalibur|move: Protect\n|move|p2b: Rabsca|Bug Buzz|p1b: Bethuna\n|-activate|p1b: Bethuna|move: Protect\n|\n|upkeep\n|turn|10\n|inactive|ThePhantomFlame has 30 seconds left.\n|inactive|ThePhantomFlame has 20 seconds left.\n|\n|t:|1682977800\n|-end|p1b: Bethuna|Protosynthesis|[silent]\n|switch|p1b: Ozaru|Annihilape, L50, M|100\/100\n|move|p2a: Baxcalibur|Ice Shard|p1b: Ozaru\n|-damage|p1b: Ozaru|77\/100\n|move|p1a: Hercules|Close Combat|p2a: Baxcalibur\n|-supereffective|p2a: Baxcalibur\n|-damage|p2a: Baxcalibur|0 fnt\n|-unboost|p1a: Hercules|def|1\n|-unboost|p1a: Hercules|spd|1\n|faint|p2a: Baxcalibur\n|move|p2b: Rabsca|Psychic|p1a: Hercules\n|-damage|p1a: Hercules|41\/100\n|\n|-heal|p1b: Ozaru|83\/100|[from] item: Leftovers\n|upkeep\n|\n|t:|1682977814\n|switch|p2a: Chi-Yu|Chi-Yu, L50|50\/100\n|-ability|p2a: Chi-Yu|Beads of Ruin\n|turn|11\n|\n|t:|1682977834\n|switch|p1a: Bethuna|Roaring Moon, L50, shiny|37\/100\n|move|p1b: Ozaru|Protect|p1b: Ozaru\n|-singleturn|p1b: Ozaru|Protect\n|move|p2a: Chi-Yu|Overheat|p1b: Ozaru\n|-activate|p1b: Ozaru|move: Protect\n|move|p2b: Rabsca|Psychic|p1a: Bethuna\n|-immune|p1a: Bethuna\n|\n|-heal|p1b: Ozaru|89\/100|[from] item: Leftovers\n|upkeep\n|turn|12\n|inactive|AceTrainerNite has 30 seconds left.\n|inactive|AceTrainerNite has 20 seconds left.\n|\n|t:|1682977870\n|switch|p1b: Truffles|Amoonguss, L50, M, shiny, tera:Water|100\/100\n|move|p2a: Chi-Yu|Overheat|p1b: Truffles|[miss]\n|-miss|p2a: Chi-Yu|p1b: Truffles\n|move|p1a: Bethuna|Acrobatics|p2a: Chi-Yu\n|-damage|p2a: Chi-Yu|0 fnt\n|faint|p2a: Chi-Yu\n|move|p2b: Rabsca|Bug Buzz|p1a: Bethuna\n|-supereffective|p1a: Bethuna\n|-damage|p1a: Bethuna|0 fnt\n|faint|p1a: Bethuna\n|-end|p1a: Bethuna|Protosynthesis|[silent]\n|\n|upkeep\n|\n|t:|1682977884\n|switch|p1a: Ozaru|Annihilape, L50, M|89\/100\n|turn|13\n|\n|t:|1682977893\n|move|p1b: Truffles|Rage Powder|p1b: Truffles\n|-singleturn|p1b: Truffles|move: Rage Powder\n|move|p1a: Ozaru|Rage Fist|p2b: Rabsca\n|-supereffective|p2b: Rabsca\n|-damage|p2b: Rabsca|13\/100\n|move|p2b: Rabsca|Psychic|p1b: Truffles\n|-damage|p1b: Truffles|69\/100\n|\n|-heal|p1a: Ozaru|96\/100|[from] item: Leftovers\n|upkeep\n|turn|14\n|\n|t:|1682977906\n|move|p1b: Truffles|Rage Powder|p1b: Truffles\n|-singleturn|p1b: Truffles|move: Rage Powder\n|move|p1a: Ozaru|Rage Fist|p2b: Rabsca\n|-supereffective|p2b: Rabsca\n|-damage|p2b: Rabsca|0 fnt\n|faint|p2b: Rabsca\n|\n|win|AceTrainerNite\n|raw|AceTrainerNite's rating: 1109 → 1131<\/strong> (+22 for winning)\n|raw|ThePhantomFlame's rating: 1067 → 1049<\/strong> (-18 for losing)\n|l|\u2606ThePhantomFlame\n","uploadtime":1682977920,"views":16,"p1id":"acetrainernite","p2id":"thephantomflame","formatid":"gen9vgc2023regulationc","rating":1049,"private":0,"password":""}