{"id":"gen9vgc2023regulationc-1851513265","p1":"keklorekek","p2":"tantoper3","format":"[Gen 9] VGC 2023 Regulation C","log":"|j|\u2606keklorekek\n|j|\u2606tantoper3\n|t:|1682451476\n|gametype|doubles\n|player|p1|keklorekek|winona|1133\n|player|p2|tantoper3|101|1149\n|teamsize|p1|6\n|teamsize|p2|6\n|gen|9\n|tier|[Gen 9] VGC 2023 Regulation C\n|rated|\n|rule|Species Clause: Limit one of each Pok\u00e9mon\n|rule|Item Clause: Limit one of each item\n|clearpoke\n|poke|p1|Appletun, L50, F|\n|poke|p1|Corviknight, L50, M|\n|poke|p1|Farigiraf, L50, M|\n|poke|p1|Chi-Yu, L50|\n|poke|p1|Iron Bundle, L50|\n|poke|p1|Iron Thorns, L50|\n|poke|p2|Grimmsnarl, L50, M|\n|poke|p2|Arcanine, L50, M|\n|poke|p2|Chi-Yu, L50|\n|poke|p2|Iron Hands, L50|\n|poke|p2|Gholdengo, L50|\n|poke|p2|Flutter Mane, L50|\n|teampreview|4\n|inactive|Battle timer is ON: inactive players will automatically lose when time's up. (requested by tantoper3)\n|inactive|keklorekek has 60 seconds left.\n|inactive|tantoper3 has 60 seconds left.\n|inactive|tantoper3 has 30 seconds left.\n|\n|t:|1682451550\n|start\n|switch|p1a: Corviknight|Corviknight, L50, M, shiny|100\/100\n|switch|p1b: Iron Bundle|Iron Bundle, L50|100\/100\n|switch|p2a: Arcanine|Arcanine, L50, M|100\/100\n|switch|p2b: Grimmsnarl|Grimmsnarl, L50, M|100\/100\n|-ability|p2a: Arcanine|Intimidate|boost\n|-ability|p1a: Corviknight|Mirror Armor\n|-unboost|p2a: Arcanine|atk|1\n|-unboost|p1b: Iron Bundle|atk|1\n|-enditem|p1b: Iron Bundle|Booster Energy\n|-activate|p1b: Iron Bundle|ability: Quark Drive|[fromitem]\n|-start|p1b: Iron Bundle|quarkdrivespe\n|turn|1\n|inactive|keklorekek has 30 seconds left.\n|inactive|tantoper3 has 30 seconds left.\n|\n|t:|1682451583\n|-terastallize|p1a: Corviknight|Fire\n|move|p2b: Grimmsnarl|Light Screen|p2b: Grimmsnarl\n|-sidestart|p2: tantoper3|move: Light Screen\n|move|p1b: Iron Bundle|Hydro Pump|p2a: Arcanine\n|-supereffective|p2a: Arcanine\n|-crit|p2a: Arcanine\n|-damage|p2a: Arcanine|0 fnt\n|faint|p2a: Arcanine\n|move|p1a: Corviknight|Iron Head|p2b: Grimmsnarl\n|-supereffective|p2b: Grimmsnarl\n|-damage|p2b: Grimmsnarl|1\/100\n|\n|upkeep\n|\n|t:|1682451594\n|switch|p2a: Iron Hands|Iron Hands, L50|100\/100\n|turn|2\n|\n|t:|1682451617\n|move|p1b: Iron Bundle|Protect|p1b: Iron Bundle\n|-singleturn|p1b: Iron Bundle|Protect\n|move|p2a: Iron Hands|Fake Out|p1b: Iron Bundle\n|-activate|p1b: Iron Bundle|move: Protect\n|move|p2b: Grimmsnarl|Reflect|p2b: Grimmsnarl\n|-sidestart|p2: tantoper3|Reflect\n|move|p1a: Corviknight|Iron Head|p2b: Grimmsnarl\n|-supereffective|p2b: Grimmsnarl\n|-damage|p2b: Grimmsnarl|0 fnt\n|faint|p2b: Grimmsnarl\n|\n|upkeep\n|\n|t:|1682451626\n|switch|p2b: Chi-Yu|Chi-Yu, L50|100\/100\n|-ability|p2b: Chi-Yu|Beads of Ruin\n|turn|3\n|\n|t:|1682451638\n|-terastallize|p2b: Chi-Yu|Grass\n|move|p1b: Iron Bundle|Hydro Pump|p2b: Chi-Yu\n|-resisted|p2b: Chi-Yu\n|-damage|p2b: Chi-Yu|80\/100\n|move|p2b: Chi-Yu|Heat Wave|p1b: Iron Bundle|[spread] p1a,p1b\n|-resisted|p1a: Corviknight\n|-damage|p1a: Corviknight|75\/100\n|-damage|p1b: Iron Bundle|6\/100\n|move|p1a: Corviknight|Iron Head|p2a: Iron Hands\n|-resisted|p2a: Iron Hands\n|-damage|p2a: Iron Hands|89\/100\n|move|p2a: Iron Hands|Wild Charge|p1a: Corviknight\n|-damage|p1a: Corviknight|24\/100\n|-damage|p2a: Iron Hands|78\/100|[from] Recoil\n|\n|upkeep\n|turn|4\n|\n|t:|1682451658\n|move|p1b: Iron Bundle|Freeze-Dry|p2b: Chi-Yu\n|-supereffective|p2b: Chi-Yu\n|-damage|p2b: Chi-Yu|30\/100\n|move|p2b: Chi-Yu|Heat Wave|p1b: Iron Bundle|[spread] p1a,p1b\n|-resisted|p1a: Corviknight\n|-damage|p1a: Corviknight|0 fnt\n|-damage|p1b: Iron Bundle|0 fnt\n|faint|p1a: Corviknight\n|faint|p1b: Iron Bundle\n|-end|p1b: Iron Bundle|Quark Drive|[silent]\n|move|p2a: Iron Hands|Wild Charge|p1: Corviknight|[notarget]\n|-fail|p2a: Iron Hands\n|\n|upkeep\n|\n|t:|1682451664\n|switch|p1b: Chi-Yu|Chi-Yu, L50|100\/100\n|switch|p1a: Iron Thorns|Iron Thorns, L50, shiny|100\/100\n|-ability|p1b: Chi-Yu|Beads of Ruin\n|turn|5\n|\n|t:|1682451675\n|move|p1b: Chi-Yu|Heat Wave|p2a: Iron Hands|[spread] p2a,p2b\n|-supereffective|p2b: Chi-Yu\n|-damage|p2a: Iron Hands|60\/100\n|-damage|p2b: Chi-Yu|0 fnt\n|faint|p2b: Chi-Yu\n|move|p1a: Iron Thorns|Dragon Dance|p1a: Iron Thorns\n|-boost|p1a: Iron Thorns|atk|1\n|-boost|p1a: Iron Thorns|spe|1\n|move|p2a: Iron Hands|Drain Punch|p1a: Iron Thorns\n|-supereffective|p1a: Iron Thorns\n|-damage|p1a: Iron Thorns|27\/100\n|-heal|p2a: Iron Hands|90\/100|[from] drain|[of] p1a: Iron Thorns\n|\n|upkeep\n|turn|6\n|\n|t:|1682451690\n|move|p1a: Iron Thorns|Protect|p1a: Iron Thorns\n|-singleturn|p1a: Iron Thorns|Protect\n|move|p1b: Chi-Yu|Heat Wave|p2a: Iron Hands\n|-damage|p2a: Iron Hands|68\/100\n|move|p2a: Iron Hands|Drain Punch|p1b: Chi-Yu\n|-supereffective|p1b: Chi-Yu\n|-damage|p1b: Chi-Yu|0 fnt\n|-heal|p2a: Iron Hands|97\/100|[from] drain|[of] p1b: Chi-Yu\n|faint|p1b: Chi-Yu\n|\n|upkeep\n|turn|7\n|\n|t:|1682451701\n|move|p1a: Iron Thorns|Rock Blast|p2a: Iron Hands\n|-resisted|p2a: Iron Hands\n|-damage|p2a: Iron Hands|91\/100\n|-resisted|p2a: Iron Hands\n|-damage|p2a: Iron Hands|86\/100\n|-resisted|p2a: Iron Hands\n|-damage|p2a: Iron Hands|81\/100\n|-resisted|p2a: Iron Hands\n|-damage|p2a: Iron Hands|76\/100\n|-resisted|p2a: Iron Hands\n|-damage|p2a: Iron Hands|70\/100\n|-hitcount|p2a: Iron Hands|5\n|move|p2a: Iron Hands|Drain Punch|p1a: Iron Thorns\n|-supereffective|p1a: Iron Thorns\n|-damage|p1a: Iron Thorns|0 fnt\n|-heal|p2a: Iron Hands|81\/100|[from] drain|[of] p1a: Iron Thorns\n|faint|p1a: Iron Thorns\n|-end|p1a: Iron Thorns|Quark Drive|[silent]\n|\n|win|tantoper3\n|raw|keklorekek's rating: 1133 → 1109<\/strong> (-24 for losing)\n|raw|tantoper3's rating: 1149 → 1173<\/strong> (+24 for winning)\n|l|\u2606keklorekek\n","uploadtime":1682451901,"views":8,"p1id":"keklorekek","p2id":"tantoper3","formatid":"gen9vgc2023regulationc","rating":1109,"private":0,"password":""}