{"id":"gen9vgc2023regulationc-1848170631","p1":"E-Teddy_VGC","p2":"Flytrapin","format":"[Gen 9] VGC 2023 Regulation C","log":"|j|\u2606E-Teddy_VGC\n|j|\u2606Flytrapin\n|t:|1682038057\n|gametype|doubles\n|player|p1|E-Teddy_VGC|pokefan-gen4|1150\n|player|p2|Flytrapin|alder|1101\n|teamsize|p1|6\n|teamsize|p2|6\n|gen|9\n|tier|[Gen 9] VGC 2023 Regulation C\n|rated|\n|rule|Species Clause: Limit one of each Pok\u00e9mon\n|rule|Item Clause: Limit one of each item\n|clearpoke\n|poke|p1|Maushold-Four, L50|\n|poke|p1|Roaring Moon, L50|\n|poke|p1|Chien-Pao, L50|\n|poke|p1|Annihilape, L50, M|\n|poke|p1|Gholdengo, L50|\n|poke|p1|Amoonguss, L50, M|\n|poke|p2|Tauros-Paldea-Blaze, L50, M|\n|poke|p2|Meowscarada, L50, F|\n|poke|p2|Talonflame, L50, F|\n|poke|p2|Chien-Pao, L50|\n|poke|p2|Espeon, L50, F|\n|poke|p2|Gyarados, L50, M|\n|teampreview|4\n|inactive|Battle timer is ON: inactive players will automatically lose when time's up. (requested by Flytrapin)\n|inactive|E-Teddy_VGC has 60 seconds left.\n|\n|t:|1682038100\n|start\n|switch|p1a: Jerries|Maushold-Four, L50|100\/100\n|switch|p1b: Destructionape|Annihilape, L50, M, shiny|100\/100\n|switch|p2a: Talonflame|Talonflame, L50, F, shiny|100\/100\n|switch|p2b: Gyarados|Gyarados, L50, M|100\/100\n|-ability|p2b: Gyarados|Intimidate|boost\n|-unboost|p1a: Jerries|atk|1\n|-unboost|p1b: Destructionape|atk|1\n|-ability|p1b: Destructionape|Defiant|boost\n|-boost|p1b: Destructionape|atk|2\n|-enditem|p2a: Talonflame|Mirror Herb\n|-boost|p2a: Talonflame|atk|2|[from] item: Mirror Herb\n|turn|1\n|inactive|E-Teddy_VGC has 30 seconds left.\n|inactive|Flytrapin has 30 seconds left.\n|inactive|E-Teddy_VGC has 20 seconds left.\n|\n|t:|1682038139\n|move|p1a: Jerries|Follow Me|p1a: Jerries\n|-singleturn|p1a: Jerries|move: Follow Me\n|move|p2a: Talonflame|Brave Bird|p1a: Jerries\n|-damage|p1a: Jerries|4\/100\n|-damage|p2a: Talonflame|68\/100|[from] Recoil\n|move|p2b: Gyarados|Taunt|p1a: Jerries\n|-start|p1a: Jerries|move: Taunt\n|move|p1b: Destructionape|Bulk Up|p1b: Destructionape\n|-boost|p1b: Destructionape|atk|1\n|-boost|p1b: Destructionape|def|1\n|\n|upkeep\n|turn|2\n|\n|t:|1682038160\n|move|p2a: Talonflame|Brave Bird|p1b: Destructionape\n|-supereffective|p1b: Destructionape\n|-damage|p1b: Destructionape|22\/100\n|-damage|p2a: Talonflame|37\/100|[from] Recoil\n|move|p1a: Jerries|Beat Up|p1b: Destructionape\n|-damage|p1b: Destructionape|21\/100\n|-damage|p1b: Destructionape|20\/100\n|-damage|p1b: Destructionape|19\/100\n|-damage|p1b: Destructionape|17\/100\n|-hitcount|p1b: Destructionape|4\n|move|p2b: Gyarados|Dragon Dance|p2b: Gyarados\n|-boost|p2b: Gyarados|atk|1\n|-boost|p2b: Gyarados|spe|1\n|move|p1b: Destructionape|Rage Fist|p2a: Talonflame\n|-damage|p2a: Talonflame|0 fnt\n|faint|p2a: Talonflame\n|\n|-heal|p1b: Destructionape|24\/100|[from] item: Leftovers\n|upkeep\n|\n|t:|1682038166\n|switch|p2a: Meowscarada|Meowscarada, L50, F, shiny|100\/100\n|turn|3\n|inactive|E-Teddy_VGC has 30 seconds left.\n|\n|t:|1682038196\n|switch|p1a: Tom|Chien-Pao, L50|100\/100\n|-ability|p1a: Tom|Sword of Ruin\n|move|p2a: Meowscarada|Protect|p2a: Meowscarada\n|-start|p2a: Meowscarada|typechange|Normal|[from] ability: Protean\n|-singleturn|p2a: Meowscarada|Protect\n|move|p1b: Destructionape|Protect|p1b: Destructionape\n|-singleturn|p1b: Destructionape|Protect\n|move|p2b: Gyarados|Waterfall|p1b: Destructionape\n|-activate|p1b: Destructionape|move: Protect\n|\n|-heal|p1b: Destructionape|30\/100|[from] item: Leftovers\n|upkeep\n|turn|4\n|inactive|E-Teddy_VGC has 30 seconds left.\n|inactive|Flytrapin has 30 seconds left.\n|inactive|E-Teddy_VGC has 20 seconds left.\n|\n|t:|1682038233\n|move|p1a: Tom|Sacred Sword|p2a: Meowscarada\n|-supereffective|p2a: Meowscarada\n|-damage|p2a: Meowscarada|12\/100\n|move|p2b: Gyarados|Waterfall|p1b: Destructionape\n|-damage|p1b: Destructionape|0 fnt\n|faint|p1b: Destructionape\n|move|p2a: Meowscarada|Worry Seed|p1a: Tom\n|-endability|p1a: Tom|Sword of Ruin|[from] move: Worry Seed\n|-ability|p1a: Tom|Insomnia|[from] move: Worry Seed\n|\n|upkeep\n|\n|t:|1682038245\n|switch|p1b: Jerries|Maushold-Four, L50|4\/100\n|turn|5\n|inactive|Flytrapin has 30 seconds left.\n|\n|t:|1682038275\n|-terastallize|p1a: Tom|Dark\n|move|p2a: Meowscarada|Protect|p2a: Meowscarada\n|-singleturn|p2a: Meowscarada|Protect\n|move|p1b: Jerries|Follow Me|p1b: Jerries\n|-singleturn|p1b: Jerries|move: Follow Me\n|move|p1a: Tom|Sucker Punch||[still]\n|-fail|p1a: Tom\n|move|p2b: Gyarados|Dragon Dance|p2b: Gyarados\n|-boost|p2b: Gyarados|atk|1\n|-boost|p2b: Gyarados|spe|1\n|\n|upkeep\n|turn|6\n|inactive|E-Teddy_VGC has 30 seconds left.\n|inactive|Flytrapin has 30 seconds left.\n|inactive|Flytrapin has 20 seconds left.\n|inactive|Flytrapin has 15 seconds left.\n|\n|t:|1682038319\n|switch|p2a: Tauros|Tauros-Paldea-Blaze, L50, M, shiny|100\/100\n|move|p1a: Tom|Sucker Punch|p2b: Gyarados\n|-damage|p2b: Gyarados|40\/100\n|move|p2b: Gyarados|Waterfall|p1b: Jerries\n|-damage|p1b: Jerries|0 fnt\n|faint|p1b: Jerries\n|\n|upkeep\n|inactive|E-Teddy_VGC has 30 seconds left.\n|\n|t:|1682038344\n|switch|p1b: Silent Sun|Roaring Moon, L50|100\/100\n|-enditem|p1b: Silent Sun|Booster Energy\n|-activate|p1b: Silent Sun|ability: Protosynthesis|[fromitem]\n|-start|p1b: Silent Sun|protosynthesisspe\n|turn|7\n|inactive|Flytrapin has 30 seconds left.\n|\n|t:|1682038372\n|-terastallize|p2b: Gyarados|Fairy\n|move|p1a: Tom|Sucker Punch|p2b: Gyarados\n|-resisted|p2b: Gyarados\n|-damage|p2b: Gyarados|12\/100\n|move|p2b: Gyarados|Waterfall|p1a: Tom\n|-enditem|p1a: Tom|Focus Sash\n|-damage|p1a: Tom|1\/100\n|move|p1b: Silent Sun|Dragon Dance|p1b: Silent Sun\n|-boost|p1b: Silent Sun|atk|1\n|-boost|p1b: Silent Sun|spe|1\n|move|p2a: Tauros|Rock Slide|p1a: Tom|[spread] p1a,p1b\n|-damage|p1a: Tom|0 fnt\n|-damage|p1b: Silent Sun|83\/100\n|faint|p1a: Tom\n|\n|upkeep\n|turn|8\n|\n|t:|1682038394\n|move|p1b: Silent Sun|Jaw Lock|p2b: Gyarados\n|-resisted|p2b: Gyarados\n|-damage|p2b: Gyarados|0 fnt\n|faint|p2b: Gyarados\n|move|p2a: Tauros|Iron Head|p1b: Silent Sun\n|-damage|p1b: Silent Sun|59\/100\n|\n|upkeep\n|\n|t:|1682038398\n|switch|p2b: Meowscarada|Meowscarada, L50, F, shiny|12\/100\n|turn|9\n|\n|t:|1682038405\n|move|p2b: Meowscarada|Protect|p2b: Meowscarada\n|-start|p2b: Meowscarada|typechange|Normal|[from] ability: Protean\n|-singleturn|p2b: Meowscarada|Protect\n|move|p1b: Silent Sun|Acrobatics|p2b: Meowscarada\n|-activate|p2b: Meowscarada|move: Protect\n|move|p2a: Tauros|Rock Slide|p1b: Silent Sun\n|-damage|p1b: Silent Sun|35\/100\n|\n|upkeep\n|turn|10\n|\n|t:|1682038418\n|move|p1b: Silent Sun|Acrobatics|p2b: Meowscarada\n|-damage|p2b: Meowscarada|0 fnt\n|faint|p2b: Meowscarada\n|move|p2a: Tauros|Raging Bull|p1b: Silent Sun\n|-resisted|p1b: Silent Sun\n|-damage|p1b: Silent Sun|15\/100\n|\n|upkeep\n|turn|11\n|\n|t:|1682038427\n|move|p1b: Silent Sun|Acrobatics|p2a: Tauros\n|-supereffective|p2a: Tauros\n|-damage|p2a: Tauros|0 fnt\n|faint|p2a: Tauros\n|\n|win|E-Teddy_VGC\n|raw|E-Teddy_VGC's rating: 1150 → 1171<\/strong> (+21 for winning)\n|raw|Flytrapin's rating: 1101 → 1080<\/strong> (-21 for losing)\n","uploadtime":1682038530,"views":5,"p1id":"eteddyvgc","p2id":"flytrapin","formatid":"gen9vgc2023regulationc","rating":1080,"private":0,"password":""}