{"id":"gen9vgc2023regulationc-1859685872","p1":"interesting person","p2":"SIGYLYFH","format":"[Gen 9] VGC 2023 Regulation C","log":"|j|\u2606interesting person\n|j|\u2606SIGYLYFH\n|t:|1683556004\n|gametype|doubles\n|player|p1|interesting person|iris|1260\n|player|p2|SIGYLYFH|sailor|1291\n|teamsize|p1|6\n|teamsize|p2|6\n|gen|9\n|tier|[Gen 9] VGC 2023 Regulation C\n|rated|\n|rule|Species Clause: Limit one of each Pok\u00e9mon\n|rule|Item Clause: Limit one of each item\n|clearpoke\n|poke|p1|Tyranitar, L50, M|\n|poke|p1|Houndstone, L50, M|\n|poke|p1|Lycanroc, L50, F|\n|poke|p1|Flutter Mane, L50|\n|poke|p1|Tatsugiri, L50, F|\n|poke|p1|Dondozo, L50, M|\n|poke|p2|Iron Hands, L50|\n|poke|p2|Amoonguss, L50, F|\n|poke|p2|Pelipper, L50, F|\n|poke|p2|Palafin, L50, M|\n|poke|p2|Dragonite, L50, F|\n|poke|p2|Chien-Pao, L50|\n|teampreview|4\nSIGYLYFH has agreed to open team sheets.\n|inactive|Battle timer is ON: inactive players will automatically lose when time's up. (requested by SIGYLYFH)\n|inactive|interesting person has 60 seconds left.\n|\n|t:|1683556076\n|start\n|switch|p1a: Tyranitar|Tyranitar, L50, M|100\/100\n|switch|p1b: Houndstone|Houndstone, L50, M|100\/100\n|switch|p2a: Torqoise|Palafin, L50, M|100\/100\n|switch|p2b: Postit|Iron Hands, L50|100\/100\n|-weather|Sandstorm|[from] ability: Sand Stream|[of] p1a: Tyranitar\n|turn|1\n|inactive|interesting person has 30 seconds left.\n|inactive|SIGYLYFH has 30 seconds left.\n|inactive|SIGYLYFH has 20 seconds left.\n|\n|t:|1683556112\n|detailschange|p2a: Torqoise|Palafin-Hero, L50, M\n|switch|p2a: Rim|Pelipper, L50, F|100\/100\n|-weather|RainDance|[from] ability: Drizzle|[of] p2a: Rim\n|move|p1b: Houndstone|Will-O-Wisp|p2b: Postit\n|-status|p2b: Postit|brn\n|move|p1a: Tyranitar|Rock Slide|p2a: Rim|[spread] p2a,p2b\n|-supereffective|p2a: Rim\n|-resisted|p2b: Postit\n|-damage|p2a: Rim|11\/100\n|-damage|p2b: Postit|90\/100 brn\n|cant|p2b: Postit|flinch\n|\n|-weather|RainDance|[upkeep]\n|-damage|p2b: Postit|83\/100 brn|[from] brn\n|upkeep\n|turn|2\n|inactive|interesting person has 30 seconds left.\n|inactive|SIGYLYFH has 30 seconds left.\n|inactive|interesting person has 20 seconds left.\n|\n|t:|1683556148\n|switch|p1a: Tatsugiri|Tatsugiri, L50, F|100\/100\n|move|p2a: Rim|Protect|p2a: Rim\n|-singleturn|p2a: Rim|Protect\n|move|p1b: Houndstone|Last Respects|p2a: Rim\n|-activate|p2a: Rim|move: Protect\n|move|p2b: Postit|Close Combat|p1a: Tatsugiri\n|-damage|p1a: Tatsugiri|58\/100\n|-unboost|p2b: Postit|def|1\n|-unboost|p2b: Postit|spd|1\n|\n|-weather|RainDance|[upkeep]\n|-damage|p2b: Postit|77\/100 brn|[from] brn\n|upkeep\n|turn|3\n|\n|t:|1683556170\n|switch|p2a: Chien-Pao|Chien-Pao, L50|100\/100\n|-ability|p2a: Chien-Pao|Sword of Ruin\n|move|p1b: Houndstone|Last Respects|p2a: Chien-Pao\n|-resisted|p2a: Chien-Pao\n|-damage|p2a: Chien-Pao|89\/100\n|move|p1a: Tatsugiri|Muddy Water|p2b: Postit|[spread] p2a,p2b\n|-crit|p2a: Chien-Pao\n|-damage|p2a: Chien-Pao|0 fnt\n|-damage|p2b: Postit|22\/100 brn\n|-unboost|p2b: Postit|accuracy|1\n|faint|p2a: Chien-Pao\n|move|p2b: Postit|Volt Switch|p1a: Tatsugiri\n|-damage|p1a: Tatsugiri|42\/100\n|\n|t:|1683556184\n|-end|p2b: Postit|Quark Drive|[silent]\n|switch|p2b: Torqoise|Palafin-Hero, L50, M|100\/100|[from] Volt Switch\n|-activate|p2b: Torqoise|ability: Zero to Hero\n|\n|-weather|RainDance|[upkeep]\n|upkeep\n|\n|t:|1683556187\n|switch|p2a: Postit|Iron Hands, L50|22\/100 brn\n|turn|4\n|c|\u2606SIGYLYFH|go buy a lottery ticket\n|\n|t:|1683556207\n|-terastallize|p2b: Torqoise|Water\n|-terastallize|p1a: Tatsugiri|Ghost\n|move|p2a: Postit|Fake Out|p1a: Tatsugiri\n|-immune|p1a: Tatsugiri\n|move|p2b: Torqoise|Jet Punch|p1a: Tatsugiri\n|-activate|p1a: Tatsugiri|ability: Storm Drain\n|-ability|p1a: Tatsugiri|Storm Drain|boost\n|-boost|p1a: Tatsugiri|spa|1\n|move|p1b: Houndstone|Last Respects|p2a: Postit\n|-damage|p2a: Postit|10\/100 brn\n|move|p1a: Tatsugiri|Muddy Water|p2b: Torqoise|[spread] p2a\n|-miss|p1a: Tatsugiri|p2b: Torqoise\n|-damage|p2a: Postit|0 fnt\n|faint|p2a: Postit\n|-end|p2a: Postit|Quark Drive|[silent]\n|\n|-weather|RainDance|[upkeep]\n|upkeep\n|\n|t:|1683556222\n|switch|p2a: Rim|Pelipper, L50, F|11\/100\n|turn|5\n|inactive|interesting person has 30 seconds left.\n|\n|t:|1683556255\n|switch|p1a: Tyranitar|Tyranitar, L50, M|100\/100\n|-weather|Sandstorm|[from] ability: Sand Stream|[of] p1a: Tyranitar\n|move|p1b: Houndstone|Last Respects|p2a: Rim\n|-damage|p2a: Rim|0 fnt\n|faint|p2a: Rim\n|move|p2b: Torqoise|Haze|p2b: Torqoise\n|-clearallboost\n|\n|-weather|Sandstorm|[upkeep]\n|-damage|p2b: Torqoise|95\/100|[from] Sandstorm\n|upkeep\n|turn|6\n|-message|SIGYLYFH forfeited.\n|\n|win|interesting person\n|raw|interesting person's rating: 1260 → 1287<\/strong> (+27 for winning)\n|raw|SIGYLYFH's rating: 1291 → 1264<\/strong> (-27 for losing)\n|l|\u2606SIGYLYFH\n|c|\u2606interesting person|gg\n","uploadtime":1683556281,"views":6,"p1id":"interestingperson","p2id":"sigylyfh","formatid":"gen9vgc2023regulationc","rating":1264,"private":0,"password":""}