{"id":"gen9vgc2023regulationc-1860848948","p1":"Ksidjdbd","p2":"Alexis_student","format":"[Gen 9] VGC 2023 Regulation C","log":"|j|\u2606Ksidjdbd\n|j|\u2606Alexis_student\n|t:|1683685437\n|gametype|doubles\n|player|p1|Ksidjdbd|102|1145\n|player|p2|Alexis_student|265|1205\n|teamsize|p1|6\n|teamsize|p2|6\n|gen|9\n|tier|[Gen 9] VGC 2023 Regulation C\n|rated|\n|rule|Species Clause: Limit one of each Pok\u00e9mon\n|rule|Item Clause: Limit one of each item\n|clearpoke\n|poke|p1|Brute Bonnet, L50|\n|poke|p1|Torkoal, L50, M|\n|poke|p1|Scream Tail, L50|\n|poke|p1|Flutter Mane, L50|\n|poke|p1|Gothitelle, L50, F|\n|poke|p1|Slither Wing, L50|\n|poke|p2|Chi-Yu, L50|\n|poke|p2|Flutter Mane, L50|\n|poke|p2|Palafin, L50, M|\n|poke|p2|Iron Hands, L50|\n|poke|p2|Dragonite, L50, M|\n|poke|p2|Amoonguss, L50, F|\n|teampreview|4\n|\n|t:|1683685474\n|start\n|switch|p1a: Flutter Mane|Flutter Mane, L50|100\/100\n|switch|p1b: Gothitelle|Gothitelle, L50, F|100\/100\n|switch|p2a: Flutter Mane|Flutter Mane, L50|100\/100\n|switch|p2b: Iron Hands|Iron Hands, L50|100\/100\n|turn|1\n|\n|t:|1683685491\n|-terastallize|p1a: Flutter Mane|Steel\n|move|p1b: Gothitelle|Fake Out|p2b: Iron Hands\n|-damage|p2b: Iron Hands|96\/100\n|move|p1a: Flutter Mane|Shadow Ball|p2a: Flutter Mane\n|-supereffective|p2a: Flutter Mane\n|-crit|p2a: Flutter Mane\n|-damage|p2a: Flutter Mane|0 fnt\n|faint|p2a: Flutter Mane\n|-end|p2a: Flutter Mane|Protosynthesis|[silent]\n|-damage|p1a: Flutter Mane|90\/100|[from] item: Life Orb\n|cant|p2b: Iron Hands|flinch\n|\n|upkeep\n|\n|t:|1683685507\n|switch|p2a: Chi-Yu|Chi-Yu, L50|100\/100\n|-ability|p2a: Chi-Yu|Beads of Ruin\n|turn|2\n|\n|t:|1683685545\n|move|p1a: Flutter Mane|Moonblast|p2b: Iron Hands\n|-supereffective|p2b: Iron Hands\n|-damage|p2b: Iron Hands|1\/100\n|-damage|p1a: Flutter Mane|80\/100|[from] item: Life Orb\n|move|p2a: Chi-Yu|Dark Pulse|p1b: Gothitelle\n|-supereffective|p1b: Gothitelle\n|-damage|p1b: Gothitelle|32\/100\n|-enditem|p1b: Gothitelle|Sitrus Berry|[eat]\n|-heal|p1b: Gothitelle|56\/100|[from] item: Sitrus Berry\n|move|p2b: Iron Hands|Volt Switch|p1b: Gothitelle\n|-damage|p1b: Gothitelle|43\/100\n|\n|t:|1683685558\n|-end|p2b: Iron Hands|Quark Drive|[silent]\n|switch|p2b: Dragonite|Dragonite, L50, M|100\/100|[from] Volt Switch\n|move|p1b: Gothitelle|Psyshock|p2b: Dragonite\n|-damage|p2b: Dragonite|87\/100\n|\n|upkeep\n|turn|3\n|\n|t:|1683685577\n|-terastallize|p2b: Dragonite|Flying\n|move|p1b: Gothitelle|Protect|p1b: Gothitelle\n|-singleturn|p1b: Gothitelle|Protect\n|move|p1a: Flutter Mane|Moonblast|p2b: Dragonite\n|-damage|p2b: Dragonite|4\/100\n|-damage|p1a: Flutter Mane|70\/100|[from] item: Life Orb\n|move|p2a: Chi-Yu|Dark Pulse|p1b: Gothitelle\n|-activate|p1b: Gothitelle|move: Protect\n|move|p2b: Dragonite|Tera Blast|p1a: Flutter Mane\n|-resisted|p1a: Flutter Mane\n|-damage|p1a: Flutter Mane|9\/100\n|\n|upkeep\n|turn|4\n|\n|t:|1683685607\n|move|p2b: Dragonite|Extreme Speed|p1a: Flutter Mane\n|-resisted|p1a: Flutter Mane\n|-damage|p1a: Flutter Mane|0 fnt\n|faint|p1a: Flutter Mane\n|-end|p1a: Flutter Mane|Protosynthesis|[silent]\n|move|p2a: Chi-Yu|Dark Pulse|p1b: Gothitelle\n|-supereffective|p1b: Gothitelle\n|-damage|p1b: Gothitelle|0 fnt\n|faint|p1b: Gothitelle\n|\n|upkeep\n|\n|t:|1683685610\n|switch|p1a: Torkoal|Torkoal, L50, M|100\/100\n|switch|p1b: Slither Wing|Slither Wing, L50|100\/100\n|-weather|SunnyDay|[from] ability: Drought|[of] p1a: Torkoal\n|-activate|p1b: Slither Wing|ability: Protosynthesis\n|-start|p1b: Slither Wing|protosynthesisatk\n|turn|5\n|\n|t:|1683685664\n|move|p1a: Torkoal|Helping Hand|p1b: Slither Wing\n|-singleturn|p1b: Slither Wing|Helping Hand|[of] p1a: Torkoal\n|move|p1b: Slither Wing|First Impression|p2a: Chi-Yu\n|-damage|p2a: Chi-Yu|0 fnt\n|faint|p2a: Chi-Yu\n|move|p2b: Dragonite|Tailwind|p2b: Dragonite\n|-sidestart|p2: Alexis_student|move: Tailwind\n|\n|-weather|SunnyDay|[upkeep]\n|upkeep\n|\n|t:|1683685673\n|switch|p2a: Iron Hands|Iron Hands, L50|1\/100\n|turn|6\n|\n|t:|1683685681\n|move|p2a: Iron Hands|Fake Out|p1a: Torkoal\n|-damage|p1a: Torkoal|91\/100\n|move|p2b: Dragonite|Tera Blast|p1b: Slither Wing\n|-supereffective|p1b: Slither Wing\n|-crit|p1b: Slither Wing\n|-damage|p1b: Slither Wing|0 fnt\n|faint|p1b: Slither Wing\n|-end|p1b: Slither Wing|Protosynthesis|[silent]\n|cant|p1a: Torkoal|flinch\n|\n|-weather|SunnyDay|[upkeep]\n|upkeep\n|turn|7\n|\n|t:|1683685699\n|move|p2b: Dragonite|Tera Blast|p1a: Torkoal\n|-damage|p1a: Torkoal|58\/100\n|move|p2a: Iron Hands|Drain Punch|p1a: Torkoal\n|-damage|p1a: Torkoal|35\/100\n|-heal|p2a: Iron Hands|10\/100|[from] drain|[of] p1a: Torkoal\n|move|p1a: Torkoal|Overheat|p2a: Iron Hands\n|-damage|p2a: Iron Hands|0 fnt\n|-unboost|p1a: Torkoal|spa|2\n|faint|p2a: Iron Hands\n|-end|p2a: Iron Hands|Quark Drive|[silent]\n|\n|-weather|SunnyDay|[upkeep]\n|upkeep\n|turn|8\n|\n|t:|1683685714\n|move|p2b: Dragonite|Tera Blast|p1a: Torkoal\n|-damage|p1a: Torkoal|6\/100\n|move|p1a: Torkoal|Overheat|p2b: Dragonite\n|-damage|p2b: Dragonite|0 fnt\n|-unboost|p1a: Torkoal|spa|2\n|faint|p2b: Dragonite\n|\n|win|Ksidjdbd\n|raw|Ksidjdbd's rating: 1145 → 1174<\/strong> (+29 for winning)\n|raw|Alexis_student's rating: 1205 → 1176<\/strong> (-29 for losing)\n|l|\u2606Ksidjdbd\n","uploadtime":1683685724,"views":15,"p1id":"ksidjdbd","p2id":"alexisstudent","formatid":"gen9vgc2023regulationc","rating":1174,"private":0,"password":""}