{"id":"gen9vgc2023regulationc-1862375076","p1":"LaurierLaurier","p2":"Sevino Sovrety","format":"[Gen 9] VGC 2023 Regulation C","log":"|j|\u2606LaurierLaurier\n|j|\u2606Sevino Sovrety\n|t:|1683875452\n|gametype|doubles\n|player|p1|LaurierLaurier|aromalady|1054\n|player|p2|Sevino Sovrety|1|1146\n|teamsize|p1|6\n|teamsize|p2|6\n|gen|9\n|tier|[Gen 9] VGC 2023 Regulation C\n|rated|\n|rule|Species Clause: Limit one of each Pok\u00e9mon\n|rule|Item Clause: Limit one of each item\n|clearpoke\n|poke|p1|Tyranitar, L50, F|\n|poke|p1|Gyarados, L50, M|\n|poke|p1|Kingambit, L50, F|\n|poke|p1|Flutter Mane, L50|\n|poke|p1|Iron Moth, L50|\n|poke|p1|Amoonguss, L50, F|\n|poke|p2|Farigiraf, L50, M|\n|poke|p2|Torkoal, L50, M|\n|poke|p2|Brute Bonnet, L50|\n|poke|p2|Flutter Mane, L50|\n|poke|p2|Hariyama, L50, F|\n|poke|p2|Garganacl, L50, F|\n|teampreview|4\n|inactive|Battle timer is ON: inactive players will automatically lose when time's up. (requested by LaurierLaurier)\n|inactive|LaurierLaurier has 60 seconds left.\n|\n|t:|1683875485\n|start\n|switch|p1a: Tyranitar|Tyranitar, L50, F|100\/100\n|switch|p1b: Gyarados|Gyarados, L50, M|100\/100\n|switch|p2a: Farigiraf|Farigiraf, L50, M|100\/100\n|switch|p2b: Garganacl|Garganacl, L50, F|100\/100\n|-ability|p1b: Gyarados|Intimidate|boost\n|-unboost|p2a: Farigiraf|atk|1\n|-unboost|p2b: Garganacl|atk|1\n|-weather|Sandstorm|[from] ability: Sand Stream|[of] p1a: Tyranitar\n|turn|1\n|\n|t:|1683875506\n|move|p2b: Garganacl|Wide Guard|p2b: Garganacl\n|-singleturn|p2b: Garganacl|Wide Guard\n|move|p1b: Gyarados|Waterfall|p2b: Garganacl\n|-supereffective|p2b: Garganacl\n|-damage|p2b: Garganacl|54\/100\n|move|p1a: Tyranitar|Crunch|p2a: Farigiraf\n|-supereffective|p2a: Farigiraf\n|-damage|p2a: Farigiraf|26\/100\n|move|p2a: Farigiraf|Trick Room|p2a: Farigiraf\n|-fieldstart|move: Trick Room|[of] p2a: Farigiraf\n|\n|-weather|Sandstorm|[upkeep]\n|-damage|p2a: Farigiraf|20\/100|[from] Sandstorm\n|-damage|p1b: Gyarados|95\/100|[from] Sandstorm\n|-heal|p2b: Garganacl|60\/100|[from] item: Leftovers\n|upkeep\n|turn|2\n|inactive|LaurierLaurier has 30 seconds left.\n|\n|t:|1683875534\n|move|p2b: Garganacl|Salt Cure|p1b: Gyarados\n|-supereffective|p1b: Gyarados\n|-damage|p1b: Gyarados|79\/100\n|-start|p1b: Gyarados|Salt Cure\n|move|p2a: Farigiraf|Nasty Plot|p2a: Farigiraf\n|-boost|p2a: Farigiraf|spa|2\n|move|p1a: Tyranitar|Crunch|p2a: Farigiraf\n|-supereffective|p2a: Farigiraf\n|-damage|p2a: Farigiraf|0 fnt\n|faint|p2a: Farigiraf\n|move|p1b: Gyarados|Taunt|p2b: Garganacl\n|-start|p2b: Garganacl|move: Taunt\n|\n|-weather|Sandstorm|[upkeep]\n|-damage|p1b: Gyarados|73\/100|[from] Sandstorm\n|-heal|p2b: Garganacl|66\/100|[from] item: Leftovers\n|-damage|p1b: Gyarados|48\/100|[from] Salt Cure\n|upkeep\n|\n|t:|1683875543\n|switch|p2a: Torkoal|Torkoal, L50, M|100\/100\n|-weather|SunnyDay|[from] ability: Drought|[of] p2a: Torkoal\n|turn|3\n|\n|t:|1683875553\n|switch|p2b: Hariyama|Hariyama, L50, F|100\/100\n|switch|p1b: Flutter Mane|Flutter Mane, L50|100\/100\n|-activate|p1b: Flutter Mane|ability: Protosynthesis\n|-start|p1b: Flutter Mane|protosynthesisspa\n|-terastallize|p2a: Torkoal|Fire\n|move|p2a: Torkoal|Eruption|p1a: Tyranitar|[spread] p1a,p1b\n|-resisted|p1a: Tyranitar\n|-crit|p1b: Flutter Mane\n|-damage|p1a: Tyranitar|67\/100\n|-damage|p1b: Flutter Mane|0 fnt\n|faint|p1b: Flutter Mane\n|-end|p1b: Flutter Mane|Protosynthesis|[silent]\n|-damage|p2a: Torkoal|91\/100|[from] item: Life Orb\n|move|p1a: Tyranitar|Rock Slide|p2b: Hariyama|[spread] p2a,p2b\n|-supereffective|p2a: Torkoal\n|-resisted|p2b: Hariyama\n|-damage|p2a: Torkoal|50\/100\n|-damage|p2b: Hariyama|85\/100\n|\n|-weather|SunnyDay|[upkeep]\n|-status|p2b: Hariyama|brn|[from] item: Flame Orb\n|upkeep\n|\n|t:|1683875561\n|switch|p1b: Gyarados|Gyarados, L50, M|48\/100\n|-ability|p1b: Gyarados|Intimidate|boost\n|-unboost|p2a: Torkoal|atk|1\n|-unboost|p2b: Hariyama|atk|1\n|turn|4\n|inactive|LaurierLaurier has 30 seconds left.\n|inactive|LaurierLaurier has 20 seconds left.\n|\n|t:|1683875600\n|move|p2b: Hariyama|Fake Out|p1b: Gyarados\n|-damage|p1b: Gyarados|36\/100\n|move|p2a: Torkoal|Eruption|p1a: Tyranitar|[spread] p1a,p1b\n|-resisted|p1a: Tyranitar\n|-resisted|p1b: Gyarados\n|-damage|p1a: Tyranitar|51\/100\n|-damage|p1b: Gyarados|9\/100\n|-enditem|p1b: Gyarados|Figy Berry|[eat]\n|-heal|p1b: Gyarados|42\/100|[from] item: Figy Berry\n|-damage|p2a: Torkoal|41\/100|[from] item: Life Orb\n|move|p1a: Tyranitar|Rock Slide|p2a: Torkoal|[spread] p2a,p2b\n|-supereffective|p2a: Torkoal\n|-resisted|p2b: Hariyama\n|-damage|p2a: Torkoal|0 fnt\n|-damage|p2b: Hariyama|70\/100 brn\n|faint|p2a: Torkoal\n|cant|p1b: Gyarados|flinch\n|\n|-weather|SunnyDay|[upkeep]\n|-damage|p2b: Hariyama|64\/100 brn|[from] brn\n|upkeep\n|\n|t:|1683875606\n|switch|p2a: Garganacl|Garganacl, L50, F|66\/100\n|turn|5\n|\n|t:|1683875624\n|-terastallize|p1a: Tyranitar|Grass\n|move|p2a: Garganacl|Salt Cure|p1b: Gyarados\n|-supereffective|p1b: Gyarados\n|-damage|p1b: Gyarados|18\/100\n|-start|p1b: Gyarados|Salt Cure\n|move|p2b: Hariyama|Close Combat|p1a: Tyranitar\n|-damage|p1a: Tyranitar|0 fnt\n|-unboost|p2b: Hariyama|def|1\n|-unboost|p2b: Hariyama|spd|1\n|faint|p1a: Tyranitar\n|move|p1b: Gyarados|Taunt|p2a: Garganacl\n|-start|p2a: Garganacl|move: Taunt\n|\n|-weather|SunnyDay|[upkeep]\n|-heal|p2a: Garganacl|72\/100|[from] item: Leftovers\n|-damage|p2b: Hariyama|58\/100 brn|[from] brn\n|-damage|p1b: Gyarados|0 fnt|[from] Salt Cure\n|faint|p1b: Gyarados\n|-fieldend|move: Trick Room\n|upkeep\n|\n|t:|1683875629\n|switch|p1b: Kingambit|Kingambit, L50, F|100\/100\n|turn|6\n|\n|t:|1683875648\n|move|p1b: Kingambit|Kowtow Cleave|p2b: Hariyama\n|-resisted|p2b: Hariyama\n|-damage|p2b: Hariyama|19\/100 brn\n|move|p2b: Hariyama|Close Combat|p1b: Kingambit\n|-supereffective|p1b: Kingambit\n|-damage|p1b: Kingambit|0 fnt\n|-unboost|p2b: Hariyama|def|1\n|-unboost|p2b: Hariyama|spd|1\n|faint|p1b: Kingambit\n|\n|win|Sevino Sovrety\n|raw|LaurierLaurier's rating: 1054 → 1041<\/strong> (-13 for losing)\n|raw|Sevino Sovrety's rating: 1146 → 1165<\/strong> (+19 for winning)\n","uploadtime":1683875656,"views":12,"p1id":"laurierlaurier","p2id":"sevinosovrety","formatid":"gen9vgc2023regulationc","rating":1041,"private":0,"password":""}