{"id":"gen9vgc2023regulationc-1852748508","p1":"ITS PAPAW TIME","p2":"pocketchansey","format":"[Gen 9] VGC 2023 Regulation C","log":"|j|\u2606ITS PAPAW TIME\n|j|\u2606pocketchansey\n|t:|1682602851\n|gametype|doubles\n|player|p1|ITS PAPAW TIME|veteran|\n|player|p2|pocketchansey|170|\n|teamsize|p1|6\n|teamsize|p2|6\n|gen|9\n|tier|[Gen 9] VGC 2023 Regulation C\n|rule|Species Clause: Limit one of each Pok\u00e9mon\n|rule|Item Clause: Limit one of each item\n|clearpoke\n|poke|p1|Baxcalibur, L50, M|\n|poke|p1|Palafin, L50, F|\n|poke|p1|Arcanine, L50, M|\n|poke|p1|Flutter Mane, L50|\n|poke|p1|Ting-Lu, L50|\n|poke|p1|Amoonguss, L50, F|\n|poke|p2|Azumarill, L50, F|\n|poke|p2|Arcanine, L50, F|\n|poke|p2|Flutter Mane, L50|\n|poke|p2|Iron Hands, L50|\n|poke|p2|Ting-Lu, L50|\n|poke|p2|Amoonguss, L50, F|\n|teampreview|4\nITS PAPAW TIME has agreed to open team sheets.\n|c|\u2606ITS PAPAW TIME|ya veo\n|\n|t:|1682602901\n|start\n|switch|p1a: Flutter Mane|Flutter Mane, L50|100\/100\n|switch|p1b: Palafin|Palafin, L50, F|100\/100\n|switch|p2a: Watakoi|Iron Hands, L50, shiny|100\/100\n|switch|p2b: Kay|Arcanine, L50, F|100\/100\n|-ability|p2b: Kay|Intimidate|boost\n|-unboost|p1a: Flutter Mane|atk|1\n|-unboost|p1b: Palafin|atk|1\n|turn|1\n|\n|t:|1682602931\n|detailschange|p1b: Palafin|Palafin-Hero, L50, F\n|switch|p1b: Arcanine|Arcanine, L50, M|100\/100\n|-ability|p1b: Arcanine|Intimidate|boost\n|-fail|p2a: Watakoi|unboost|[from] item: Clear Amulet|[of] p2a: Watakoi\n|-unboost|p2b: Kay|atk|1\n|move|p2b: Kay|Protect|p2b: Kay\n|-singleturn|p2b: Kay|Protect\n|move|p1a: Flutter Mane|Moonblast|p2a: Watakoi\n|-supereffective|p2a: Watakoi\n|-damage|p2a: Watakoi|6\/100\n|move|p2a: Watakoi|Wild Charge|p1a: Flutter Mane\n|-damage|p1a: Flutter Mane|8\/100\n|-damage|p2a: Watakoi|0 fnt|[from] Recoil\n|faint|p2a: Watakoi\n|-end|p2a: Watakoi|Quark Drive|[silent]\n|\n|upkeep\n|\n|t:|1682602952\n|switch|p2a: Goldy|Azumarill, L50, F, shiny|100\/100\n|turn|2\n|\n|t:|1682602961\n|-end|p1a: Flutter Mane|Protosynthesis|[silent]\n|switch|p1a: Palafin|Palafin-Hero, L50, F|100\/100\n|-activate|p1a: Palafin|ability: Zero to Hero\n|move|p2b: Kay|Extreme Speed|p1a: Palafin\n|-damage|p1a: Palafin|86\/100\n|move|p1b: Arcanine|Will-O-Wisp|p2a: Goldy\n|-status|p2a: Goldy|brn\n|move|p2a: Goldy|Belly Drum|p2a: Goldy\n|-damage|p2a: Goldy|50\/100 brn\n|-setboost|p2a: Goldy|atk|6|[from] move: Belly Drum\n|-enditem|p2a: Goldy|Sitrus Berry|[eat]\n|-heal|p2a: Goldy|75\/100 brn|[from] item: Sitrus Berry\n|\n|-damage|p2a: Goldy|69\/100 brn|[from] brn\n|upkeep\n|turn|3\n|\n|t:|1682602997\n|-terastallize|p2b: Kay|Water\n|move|p1b: Arcanine|Extreme Speed|p2a: Goldy\n|-damage|p2a: Goldy|48\/100 brn\n|move|p2a: Goldy|Aqua Jet|p1b: Arcanine\n|-supereffective|p1b: Arcanine\n|-damage|p1b: Arcanine|7\/100\n|move|p2b: Kay|Will-O-Wisp|p1a: Palafin\n|-status|p1a: Palafin|brn\n|move|p1a: Palafin|Haze|p1a: Palafin\n|-clearallboost\n|\n|-damage|p1a: Palafin|80\/100 brn|[from] brn\n|-damage|p2a: Goldy|42\/100 brn|[from] brn\n|upkeep\n|turn|4\n|\n|t:|1682603021\n|move|p1b: Arcanine|Extreme Speed|p2a: Goldy\n|-damage|p2a: Goldy|19\/100 brn\n|move|p2b: Kay|Extreme Speed|p1a: Palafin\n|-damage|p1a: Palafin|58\/100 brn\n|move|p2a: Goldy|Aqua Jet|p1b: Arcanine\n|-supereffective|p1b: Arcanine\n|-damage|p1b: Arcanine|0 fnt\n|faint|p1b: Arcanine\n|move|p1a: Palafin|Wave Crash|p2a: Goldy\n|-resisted|p2a: Goldy\n|-damage|p2a: Goldy|0 fnt\n|faint|p2a: Goldy\n|-damage|p1a: Palafin|52\/100 brn|[from] Recoil\n|\n|-damage|p1a: Palafin|46\/100 brn|[from] brn\n|upkeep\n|\n|t:|1682603048\n|switch|p1b: Flutter Mane|Flutter Mane, L50|8\/100\n|switch|p2a: Morgana|Flutter Mane, L50, shiny|100\/100\n|turn|5\n|\n|t:|1682603058\n|move|p2b: Kay|Extreme Speed|p1a: Palafin\n|-damage|p1a: Palafin|23\/100 brn\n|move|p1a: Palafin|Jet Punch|p2a: Morgana\n|-damage|p2a: Morgana|51\/100\n|move|p1b: Flutter Mane|Shadow Ball|p2a: Morgana\n|-supereffective|p2a: Morgana\n|-damage|p2a: Morgana|0 fnt\n|faint|p2a: Morgana\n|-end|p2a: Morgana|Protosynthesis|[silent]\n|\n|-damage|p1a: Palafin|17\/100 brn|[from] brn\n|upkeep\n|turn|6\n|\n|t:|1682603079\n|move|p2b: Kay|Extreme Speed|p1b: Flutter Mane\n|-immune|p1b: Flutter Mane\n|move|p1b: Flutter Mane|Shadow Ball|p2b: Kay\n|-damage|p2b: Kay|38\/100\n|move|p1a: Palafin|Wave Crash|p2b: Kay\n|-resisted|p2b: Kay\n|-damage|p2b: Kay|12\/100\n|-damage|p1a: Palafin|9\/100 brn|[from] Recoil\n|\n|-damage|p1a: Palafin|3\/100 brn|[from] brn\n|upkeep\n|turn|7\n|\n|t:|1682603096\n|move|p2b: Kay|Extreme Speed|p1a: Palafin\n|-damage|p1a: Palafin|0 fnt\n|faint|p1a: Palafin\n|move|p1b: Flutter Mane|Shadow Ball|p2b: Kay\n|-damage|p2b: Kay|0 fnt\n|faint|p2b: Kay\n|\n|win|ITS PAPAW TIME\n|l|\u2606ITS PAPAW TIME\n|j|\u2606ITS PAPAW TIME\n|player|p1|ITS PAPAW TIME|veteran\n","uploadtime":1682603120,"views":13,"p1id":"itspapawtime","p2id":"pocketchansey","formatid":"gen9vgc2023regulationc","rating":0,"private":0,"password":""}