{"id":"gen9vgc2023regulationc-1864407141","p1":"reznob","p2":"Nehzzy","format":"[Gen 9] VGC 2023 Regulation C","log":"|j|\u2606reznob\n|j|\u2606Nehzzy\n|t:|1684163903\n|gametype|doubles\n|player|p1|reznob|acetrainersnow|1330\n|player|p2|Nehzzy|steven|1382\n|teamsize|p1|6\n|teamsize|p2|6\n|gen|9\n|tier|[Gen 9] VGC 2023 Regulation C\n|rated|\n|rule|Species Clause: Limit one of each Pok\u00e9mon\n|rule|Item Clause: Limit one of each item\n|clearpoke\n|poke|p1|Abomasnow, L50, F|\n|poke|p1|Iron Bundle, L50|\n|poke|p1|Ceruledge, L50, M|\n|poke|p1|Ting-Lu, L50|\n|poke|p1|Vivillon-Fancy, L50, F|\n|poke|p1|Pawmot, L50, M|\n|poke|p2|Gyarados, L50, F|\n|poke|p2|Murkrow, L50, M|\n|poke|p2|Great Tusk, L50|\n|poke|p2|Gholdengo, L50|\n|poke|p2|Maushold-Four, L50|\n|poke|p2|Chi-Yu, L50|\n|teampreview|4\nNehzzy has agreed to open team sheets.\n|inactive|Battle timer is ON: inactive players will automatically lose when time's up. (requested by Nehzzy)\n|\n|t:|1684163929\n|start\n|switch|p1a: Ting-Lu|Ting-Lu, L50|100\/100\n|switch|p1b: Pawmot|Pawmot, L50, M|100\/100\n|switch|p2a: Murkrow|Murkrow, L50, M|100\/100\n|switch|p2b: Gholdengo|Gholdengo, L50|100\/100\n|-ability|p1a: Ting-Lu|Vessel of Ruin\n|turn|1\n|inactive|reznob has 30 seconds left.\n|inactive|reznob has 20 seconds left.\n|inactive|reznob has 15 seconds left.\n|inactive|reznob has 10 seconds left.\n|\n|t:|1684163976\n|-terastallize|p2b: Gholdengo|Water\n|-terastallize|p1a: Ting-Lu|Ground\n|move|p2a: Murkrow|Tailwind|p2a: Murkrow\n|-sidestart|p2: Nehzzy|move: Tailwind\n|move|p2b: Gholdengo|Nasty Plot|p2b: Gholdengo\n|-boost|p2b: Gholdengo|spa|2\n|move|p1b: Pawmot|Double Shock|p2a: Murkrow\n|-supereffective|p2a: Murkrow\n|-damage|p2a: Murkrow|0 fnt\n|-start|p1b: Pawmot|typechange|???\/Fighting|[from] move: Double Shock\n|faint|p2a: Murkrow\n|move|p1a: Ting-Lu|Stomping Tantrum|p2b: Gholdengo\n|-damage|p2b: Gholdengo|23\/100\n|\n|-heal|p2b: Gholdengo|29\/100|[from] item: Leftovers\n|upkeep\n|\n|t:|1684164000\n|switch|p2a: Chi-Yu|Chi-Yu, L50|100\/100\n|-ability|p2a: Chi-Yu|Beads of Ruin\n|turn|2\n|\n|t:|1684164020\n|switch|p1b: Ceruledge|Ceruledge, L50, M|100\/100\n|move|p2a: Chi-Yu|Heat Wave|p1b: Ceruledge|[spread] p1a\n|-start|p1b: Ceruledge|ability: Flash Fire\n|-damage|p1a: Ting-Lu|62\/100\n|move|p2b: Gholdengo|Make It Rain|p1a: Ting-Lu|[spread] p1a,p1b\n|-resisted|p1b: Ceruledge\n|-crit|p1b: Ceruledge\n|-damage|p1a: Ting-Lu|0 fnt\n|-damage|p1b: Ceruledge|31\/100\n|-unboost|p2b: Gholdengo|spa|1\n|faint|p1a: Ting-Lu\n|\n|-heal|p2b: Gholdengo|35\/100|[from] item: Leftovers\n|upkeep\n|\n|t:|1684164039\n|switch|p1a: Iron Bundle|Iron Bundle, L50|100\/100\n|-enditem|p1a: Iron Bundle|Booster Energy\n|-activate|p1a: Iron Bundle|ability: Quark Drive|[fromitem]\n|-start|p1a: Iron Bundle|quarkdrivespe\n|turn|3\n|inactive|reznob has 30 seconds left.\n|\n|t:|1684164074\n|move|p1a: Iron Bundle|Protect|p1a: Iron Bundle\n|-singleturn|p1a: Iron Bundle|Protect\n|move|p2b: Gholdengo|Protect|p2b: Gholdengo\n|-singleturn|p2b: Gholdengo|Protect\n|move|p1b: Ceruledge|Shadow Sneak|p2b: Gholdengo\n|-activate|p2b: Gholdengo|move: Protect\n|move|p2a: Chi-Yu|Heat Wave|p1a: Iron Bundle|[spread] \n|-activate|p1a: Iron Bundle|move: Protect\n|-immune|p1b: Ceruledge|[from] ability: Flash Fire\n|\n|-heal|p2b: Gholdengo|41\/100|[from] item: Leftovers\n|upkeep\n|turn|4\n|\n|t:|1684164094\n|move|p1a: Iron Bundle|Protect||[still]\n|-fail|p1a: Iron Bundle\n|move|p2a: Chi-Yu|Heat Wave|p1b: Ceruledge|[spread] p1a\n|-immune|p1b: Ceruledge|[from] ability: Flash Fire\n|-damage|p1a: Iron Bundle|0 fnt\n|faint|p1a: Iron Bundle\n|-end|p1a: Iron Bundle|Quark Drive|[silent]\n|move|p2b: Gholdengo|Make It Rain|p1b: Ceruledge\n|-resisted|p1b: Ceruledge\n|-damage|p1b: Ceruledge|0 fnt\n|-unboost|p2b: Gholdengo|spa|1\n|faint|p1b: Ceruledge\n|\n|-heal|p2b: Gholdengo|47\/100|[from] item: Leftovers\n|-sideend|p2: Nehzzy|move: Tailwind\n|upkeep\n|\n|t:|1684164114\n|switch|p1a: Pawmot|Pawmot, L50, M|100\/100\n|turn|5\n|c|\u2606Nehzzy|Ggs\n|\n|t:|1684164137\n|move|p1a: Pawmot|Double Shock|p2b: Gholdengo\n|-supereffective|p2b: Gholdengo\n|-crit|p2b: Gholdengo\n|-damage|p2b: Gholdengo|0 fnt\n|-start|p1a: Pawmot|typechange|???\/Fighting|[from] move: Double Shock\n|faint|p2b: Gholdengo\n|move|p2a: Chi-Yu|Heat Wave|p1a: Pawmot\n|-damage|p1a: Pawmot|0 fnt\n|faint|p1a: Pawmot\n|\n|win|Nehzzy\n|raw|reznob's rating: 1330 → 1313<\/strong> (-17 for losing)\n|raw|Nehzzy's rating: 1382 → 1399<\/strong> (+17 for winning)\n|l|\u2606Nehzzy\n|j|\u2606Nehzzy\n|player|p2|Nehzzy|steven\n","uploadtime":1684164177,"views":4,"p1id":"reznob","p2id":"nehzzy","formatid":"gen9vgc2023regulationc","rating":1313,"private":0,"password":""}