{"id":"gen9vgc2023regulationc-1845011708","p1":"Tameryn","p2":"Beerthoven","format":"[Gen 9] VGC 2023 Regulation C","log":"|j|\u2606Tameryn\n|j|\u2606Beerthoven\n|t:|1681673861\n|gametype|doubles\n|player|p1|Tameryn|n|\n|player|p2|Beerthoven|1|\n|teamsize|p1|6\n|teamsize|p2|6\n|gen|9\n|tier|[Gen 9] VGC 2023 Regulation C\n|rated|Tournament battle\n|rule|Species Clause: Limit one of each Pok\u00e9mon\n|rule|Item Clause: Limit one of each item\n|clearpoke\n|poke|p1|Corviknight, L50, F|\n|poke|p1|Talonflame, L50, M|\n|poke|p1|Amoonguss, L50, M|\n|poke|p1|Garchomp, L50, M|\n|poke|p1|Iron Bundle, L50|\n|poke|p1|Flutter Mane, L50|\n|poke|p2|Staraptor, L50, M|\n|poke|p2|Magnezone, L50|\n|poke|p2|Amoonguss, L50, M|\n|poke|p2|Ting-Lu, L50|\n|poke|p2|Baxcalibur, L50, F|\n|poke|p2|Gyarados, L50, M|\n|teampreview|4\n|raw| Open Team Sheet for Tameryn<\/summary>Corviknight @ Choice Band Ability: Mirror Armor Level: 50 Tera Type: Fire - Brave Bird - Iron Head - Tera Blast - U-turn Talonflame @ Life Orb Ability: Gale Wings Level: 50 Tera Type: Water - Brave Bird - Overheat - Tailwind - Protect Amoonguss @ Rocky Helmet Ability: Regenerator Level: 50 Tera Type: Water - Pollen Puff - Rage Powder - Spore - Protect Garchomp @ Clear Amulet Ability: Rough Skin Level: 50 Tera Type: Fire - Dragon Claw - Earthquake - Stomping Tantrum - Protect Iron Bundle @ Booster Energy Ability: Quark Drive Level: 50 Tera Type: Ghost - Hydro Pump - Freeze-Dry - Icy Wind - Protect Flutter Mane @ Choice Specs Ability: Protosynthesis Level: 50 Tera Type: Fairy - Moonblast - Dazzling Gleam - Shadow Ball - Thunderbolt <\/details><\/div> Open Team Sheet for Beerthoven<\/summary>Staraptor @ Choice Scarf Ability: Reckless Level: 50 Tera Type: Flying - Final Gambit - Brave Bird - Close Combat - U-turn Magnezone @ Assault Vest Ability: Analytic Level: 50 Tera Type: Flying - Electroweb - Thunderbolt - Flash Cannon - Tera Blast WoChien (Amoonguss) @ Sitrus Berry Ability: Regenerator Level: 50 Tera Type: Water - Spore - Rage Powder - Pollen Puff - Protect Ting-Lu @ Choice Band Ability: Vessel of Ruin Level: 50 Tera Type: Ground - Stomping Tantrum - Throat Chop - Heavy Slam - Bulldoze Baxcalibur @ Clear Amulet Ability: Thermal Exchange Level: 50 Tera Type: Poison - Icicle Crash - Ice Shard - Glaive Rush - Protect Gyarados @ Safety Goggles Ability: Intimidate Level: 50 Tera Type: Steel - Waterfall - Thunder Wave - Taunt - Iron Head <\/details><\/div>\n|j| fyfyy\n|j| The2009Zapdos\n|l| The2009Zapdos\n|\n|t:|1681673967\n|start\n|switch|p1a: Talonflame|Talonflame, L50, M|100\/100\n|switch|p1b: Iron Bundle|Iron Bundle, L50|100\/100\n|switch|p2a: Baxcalibur|Baxcalibur, L50, F|100\/100\n|switch|p2b: Magnezone|Magnezone, L50|100\/100\n|-enditem|p1b: Iron Bundle|Booster Energy\n|-activate|p1b: Iron Bundle|ability: Quark Drive|[fromitem]\n|-start|p1b: Iron Bundle|quarkdrivespe\n|turn|1\n|\n|t:|1681674020\n|move|p2a: Baxcalibur|Protect|p2a: Baxcalibur\n|-singleturn|p2a: Baxcalibur|Protect\n|move|p1b: Iron Bundle|Freeze-Dry|p2b: Magnezone\n|-resisted|p2b: Magnezone\n|-damage|p2b: Magnezone|87\/100\n|move|p1a: Talonflame|Overheat|p2b: Magnezone\n|-supereffective|p2b: Magnezone\n|-damage|p2b: Magnezone|0 fnt\n|-unboost|p1a: Talonflame|spa|2\n|faint|p2b: Magnezone\n|-damage|p1a: Talonflame|91\/100|[from] item: Life Orb\n|\n|upkeep\n|\n|t:|1681674028\n|switch|p2b: Ting-Lu|Ting-Lu, L50|100\/100\n|-ability|p2b: Ting-Lu|Vessel of Ruin\n|turn|2\n|\n|t:|1681674059\n|move|p1b: Iron Bundle|Protect|p1b: Iron Bundle\n|-singleturn|p1b: Iron Bundle|Protect\n|move|p1a: Talonflame|Protect|p1a: Talonflame\n|-singleturn|p1a: Talonflame|Protect\n|move|p2a: Baxcalibur|Glaive Rush|p1b: Iron Bundle\n|-activate|p1b: Iron Bundle|move: Protect\n|move|p2b: Ting-Lu|Throat Chop|p1a: Talonflame\n|-activate|p1a: Talonflame|move: Protect\n|\n|upkeep\n|turn|3\n|\n|t:|1681674093\n|move|p2a: Baxcalibur|Protect|p2a: Baxcalibur\n|-singleturn|p2a: Baxcalibur|Protect\n|move|p1b: Iron Bundle|Hydro Pump|p2b: Ting-Lu|[miss]\n|-miss|p1b: Iron Bundle|p2b: Ting-Lu\n|move|p1a: Talonflame|Tailwind|p1a: Talonflame\n|-sidestart|p1: Tameryn|move: Tailwind\n|move|p2b: Ting-Lu|Throat Chop|p1a: Talonflame\n|-damage|p1a: Talonflame|4\/100\n|-start|p1a: Talonflame|Throat Chop|[silent]\n|\n|upkeep\n|turn|4\n|\n|t:|1681674130\n|move|p1b: Iron Bundle|Protect|p1b: Iron Bundle\n|-singleturn|p1b: Iron Bundle|Protect\n|move|p1a: Talonflame|Protect|p1a: Talonflame\n|-singleturn|p1a: Talonflame|Protect\n|move|p2a: Baxcalibur|Glaive Rush|p1b: Iron Bundle\n|-activate|p1b: Iron Bundle|move: Protect\n|move|p2b: Ting-Lu|Throat Chop|p1b: Iron Bundle\n|-activate|p1b: Iron Bundle|move: Protect\n|\n|-end|p1a: Talonflame|Throat Chop|[silent]\n|upkeep\n|turn|5\n|\n|t:|1681674147\n|move|p1b: Iron Bundle|Hydro Pump|p2b: Ting-Lu\n|-supereffective|p2b: Ting-Lu\n|-crit|p2b: Ting-Lu\n|-damage|p2b: Ting-Lu|6\/100\n|move|p1a: Talonflame|Brave Bird|p2b: Ting-Lu\n|-damage|p2b: Ting-Lu|0 fnt\n|faint|p2b: Ting-Lu\n|-damage|p1a: Talonflame|1\/100|[from] Recoil\n|-damage|p1a: Talonflame|0 fnt|[from] item: Life Orb\n|faint|p1a: Talonflame\n|move|p2a: Baxcalibur|Glaive Rush|p1b: Iron Bundle\n|-damage|p1b: Iron Bundle|12\/100\n|-singlemove|p2a: Baxcalibur|Glaive Rush|[silent]\n|\n|upkeep\n|\n|t:|1681674164\n|switch|p1a: Corviknight|Corviknight, L50, F|100\/100\n|switch|p2b: Staraptor|Staraptor, L50, M|100\/100\n|turn|6\n|\n|t:|1681674176\n|switch|p1a: Flutter Mane|Flutter Mane, L50|100\/100\n|-terastallize|p1b: Iron Bundle|Ghost\n|move|p2a: Baxcalibur|Ice Shard|p1b: Iron Bundle\n|-damage|p1b: Iron Bundle|0 fnt\n|faint|p1b: Iron Bundle\n|-end|p1b: Iron Bundle|Quark Drive|[silent]\n|move|p2b: Staraptor|Final Gambit|p1a: Flutter Mane\n|-immune|p1a: Flutter Mane\n|\n|-sideend|p1: Tameryn|move: Tailwind\n|upkeep\n|\n|t:|1681674198\n|switch|p1b: Corviknight|Corviknight, L50, F|100\/100\n|turn|7\n|j| Beyontle\n|\n|t:|1681674230\n|-terastallize|p2a: Baxcalibur|Poison\n|move|p2b: Staraptor|Final Gambit|p1b: Corviknight\n|-damage|p1b: Corviknight|0 fnt\n|faint|p2b: Staraptor\n|faint|p1b: Corviknight\n|move|p1a: Flutter Mane|Shadow Ball|p2a: Baxcalibur\n|-damage|p2a: Baxcalibur|46\/100\n|move|p2a: Baxcalibur|Icicle Crash|p1a: Flutter Mane\n|-damage|p1a: Flutter Mane|16\/100\n|\n|upkeep\n|turn|8\n|\n|t:|1681674242\n|move|p2a: Baxcalibur|Ice Shard|p1a: Flutter Mane\n|-damage|p1a: Flutter Mane|0 fnt\n|faint|p1a: Flutter Mane\n|-end|p1a: Flutter Mane|Protosynthesis|[silent]\n|\n|win|Beerthoven\n|n|\u2606Tameryn|tameryn\n|n|\u2606Beerthoven|beerthoven\n|n| fyfyy|fyfyy\n|n| Beyontle|beyontle\n","uploadtime":1681674242,"views":5,"p1id":"tameryn","p2id":"beerthoven","formatid":"gen9vgc2023regulationc","rating":0,"private":0,"password":""}