{"id":"gen9vgc2023regulationc-1857559632","p1":"vyxl","p2":"JVsaadi","format":"[Gen 9] VGC 2023 Regulation C","log":"|j|\u2606vyxl\n|j|\u2606JVsaadi\n|t:|1683208240\n|gametype|doubles\n|player|p1|vyxl|170|1114\n|player|p2|JVsaadi|169|1042\n|teamsize|p1|6\n|teamsize|p2|6\n|gen|9\n|tier|[Gen 9] VGC 2023 Regulation C\n|rated|\n|rule|Species Clause: Limit one of each Pok\u00e9mon\n|rule|Item Clause: Limit one of each item\n|clearpoke\n|poke|p1|Murkrow, L50, F|\n|poke|p1|Ceruledge, L50, M|\n|poke|p1|Flutter Mane, L50|\n|poke|p1|Gyarados, L50, M|\n|poke|p1|Great Tusk, L50|\n|poke|p1|Wo-Chien, L50|\n|poke|p2|Pelipper, L50, M|\n|poke|p2|Amoonguss, L50, F|\n|poke|p2|Lurantis, L50, M|\n|poke|p2|Cyclizar, L50, F|\n|poke|p2|Farigiraf, L50, F|\n|poke|p2|Golduck, L50, M|\n|teampreview|4\n|\n|t:|1683208269\n|start\n|switch|p1a: Murkrow|Murkrow, L50, F|100\/100\n|switch|p1b: Flutter Mane|Flutter Mane, L50|100\/100\n|switch|p2a: Cyclizar|Cyclizar, L50, F|100\/100\n|switch|p2b: Amoonguss|Amoonguss, L50, F|100\/100\n|turn|1\n|inactive|Battle timer is ON: inactive players will automatically lose when time's up. (requested by vyxl)\n|\n|t:|1683208304\n|-terastallize|p2a: Cyclizar|Steel\n|move|p2b: Amoonguss|Protect|p2b: Amoonguss\n|-singleturn|p2b: Amoonguss|Protect\n|move|p1a: Murkrow|Sunny Day|p1a: Murkrow\n|-weather|SunnyDay\n|-activate|p1b: Flutter Mane|ability: Protosynthesis\n|-start|p1b: Flutter Mane|protosynthesisspa\n|move|p2a: Cyclizar|Body Slam|p1a: Murkrow\n|-damage|p1a: Murkrow|30\/100\n|-status|p1a: Murkrow|par\n|move|p1b: Flutter Mane|Psyshock|p2b: Amoonguss\n|-activate|p2b: Amoonguss|move: Protect\n|\n|-weather|SunnyDay|[upkeep]\n|upkeep\n|turn|2\n|inactive|vyxl has 30 seconds left.\n|inactive|vyxl has 20 seconds left.\n|inactive|vyxl has 15 seconds left.\n|\n|t:|1683208349\n|switch|p2b: Pelipper|Pelipper, L50, M|100\/100\n|-weather|RainDance|[from] ability: Drizzle|[of] p2b: Pelipper\n|-end|p1b: Flutter Mane|Protosynthesis\n|-terastallize|p1b: Flutter Mane|Fairy\n|cant|p1a: Murkrow|par\n|move|p2a: Cyclizar|Body Slam|p1a: Murkrow\n|-damage|p1a: Murkrow|0 fnt\n|faint|p1a: Murkrow\n|move|p1b: Flutter Mane|Dazzling Gleam|p2b: Pelipper|[spread] p2a,p2b\n|-resisted|p2a: Cyclizar\n|-damage|p2a: Cyclizar|59\/100\n|-damage|p2b: Pelipper|43\/100\n|-damage|p1b: Flutter Mane|90\/100|[from] item: Life Orb\n|\n|-weather|RainDance|[upkeep]\n|-heal|p2b: Pelipper|49\/100|[from] item: Leftovers\n|upkeep\n|\n|t:|1683208373\n|switch|p1a: Wo-Chien|Wo-Chien, L50|100\/100\n|-ability|p1a: Wo-Chien|Tablets of Ruin\n|turn|3\n|\n|t:|1683208390\n|move|p2b: Pelipper|Wide Guard|p2b: Pelipper\n|-singleturn|p2b: Pelipper|Wide Guard\n|move|p2a: Cyclizar|Shed Tail|p2a: Cyclizar\n|-start|p2a: Cyclizar|Substitute|[from] move: Shed Tail\n|-damage|p2a: Cyclizar|9\/100\n|-enditem|p2a: Cyclizar|Sitrus Berry|[eat]\n|-heal|p2a: Cyclizar|34\/100|[from] item: Sitrus Berry\n|\n|t:|1683208398\n|switch|p2a: Golduck|Golduck, L50, M|100\/100|[from] Shed Tail\n|move|p1b: Flutter Mane|Dazzling Gleam|p2a: Golduck|[spread] \n|-activate|p2a: Golduck|move: Wide Guard\n|-activate|p2b: Pelipper|move: Wide Guard\n|move|p1a: Wo-Chien|Leech Seed|p2b: Pelipper\n|-start|p2b: Pelipper|move: Leech Seed\n|\n|-weather|RainDance|[upkeep]\n|-heal|p2b: Pelipper|55\/100|[from] item: Leftovers\n|-damage|p2b: Pelipper|43\/100|[from] Leech Seed|[of] p1a: Wo-Chien\n|upkeep\n|turn|4\n|\n|t:|1683208421\n|switch|p2b: Amoonguss|Amoonguss, L50, F|100\/100\n|move|p2a: Golduck|Surf|p1a: Wo-Chien|[spread] p2b,p1a,p1b\n|-resisted|p2b: Amoonguss\n|-resisted|p1a: Wo-Chien\n|-damage|p2b: Amoonguss|70\/100\n|-damage|p1a: Wo-Chien|81\/100\n|-damage|p1b: Flutter Mane|18\/100\n|move|p1b: Flutter Mane|Shadow Ball|p2a: Golduck\n|-end|p2a: Golduck|Substitute\n|-damage|p1b: Flutter Mane|8\/100|[from] item: Life Orb\n|move|p1a: Wo-Chien|Pollen Puff|p1b: Flutter Mane\n|-heal|p1b: Flutter Mane|58\/100\n|\n|-weather|RainDance|[upkeep]\n|-heal|p1a: Wo-Chien|87\/100|[from] item: Leftovers\n|-heal|p2b: Amoonguss|76\/100|[from] item: Black Sludge\n|upkeep\n|turn|5\n|inactive|JVsaadi has 30 seconds left.\n|\n|t:|1683208448\n|move|p2b: Amoonguss|Rage Powder|p2b: Amoonguss\n|-singleturn|p2b: Amoonguss|move: Rage Powder\n|move|p2a: Golduck|Surf|p1b: Flutter Mane|[spread] p2b,p1a,p1b\n|-resisted|p2b: Amoonguss\n|-resisted|p1a: Wo-Chien\n|-damage|p2b: Amoonguss|45\/100\n|-damage|p1a: Wo-Chien|66\/100\n|-damage|p1b: Flutter Mane|0 fnt\n|faint|p1b: Flutter Mane\n|-end|p1b: Flutter Mane|Protosynthesis|[silent]\n|move|p1a: Wo-Chien|Pollen Puff|p1: Flutter Mane|[notarget]\n|-fail|p1a: Wo-Chien\n|\n|-weather|RainDance|[upkeep]\n|-heal|p1a: Wo-Chien|72\/100|[from] item: Leftovers\n|-heal|p2b: Amoonguss|51\/100|[from] item: Black Sludge\n|upkeep\n|\n|t:|1683208459\n|switch|p1b: Great Tusk|Great Tusk, L50|100\/100\n|turn|6\n|inactive|vyxl has 30 seconds left.\n|\n|t:|1683208489\n|move|p2a: Golduck|Surf|p1b: Great Tusk|[spread] p2b,p1a,p1b\n|-resisted|p2b: Amoonguss\n|-resisted|p1a: Wo-Chien\n|-supereffective|p1b: Great Tusk\n|-damage|p2b: Amoonguss|22\/100\n|-damage|p1a: Wo-Chien|54\/100\n|-damage|p1b: Great Tusk|0 fnt\n|faint|p1b: Great Tusk\n|-end|p1b: Great Tusk|Protosynthesis|[silent]\n|move|p1a: Wo-Chien|Pollen Puff|p2a: Golduck\n|-damage|p2a: Golduck|73\/100\n|move|p2b: Amoonguss|Spore|p1a: Wo-Chien\n|-immune|p1a: Wo-Chien\n|\n|-weather|none\n|-heal|p1a: Wo-Chien|60\/100|[from] item: Leftovers\n|-heal|p2b: Amoonguss|28\/100|[from] item: Black Sludge\n|upkeep\n|turn|7\n|\n|t:|1683208508\n|switch|p2b: Pelipper|Pelipper, L50, M|43\/100\n|-weather|RainDance|[from] ability: Drizzle|[of] p2b: Pelipper\n|move|p1a: Wo-Chien|Protect|p1a: Wo-Chien\n|-singleturn|p1a: Wo-Chien|Protect\n|move|p2a: Golduck|Surf|p1a: Wo-Chien|[spread] p2b\n|-activate|p1a: Wo-Chien|move: Protect\n|-resisted|p2b: Pelipper\n|-damage|p2b: Pelipper|8\/100\n|\n|-weather|RainDance|[upkeep]\n|-heal|p1a: Wo-Chien|66\/100|[from] item: Leftovers\n|-heal|p2b: Pelipper|14\/100|[from] item: Leftovers\n|upkeep\n|turn|8\n|inactive|JVsaadi has 30 seconds left.\n|\n|t:|1683208537\n|switch|p2a: Cyclizar|Cyclizar, L50, F, tera:Steel|67\/100\n|move|p1a: Wo-Chien|Leech Seed|p2a: Cyclizar\n|-start|p2a: Cyclizar|move: Leech Seed\n|move|p2b: Pelipper|Roost|p2b: Pelipper\n|-heal|p2b: Pelipper|64\/100\n|-singleturn|p2b: Pelipper|move: Roost\n|\n|-weather|RainDance|[upkeep]\n|-heal|p1a: Wo-Chien|72\/100|[from] item: Leftovers\n|-heal|p2b: Pelipper|70\/100|[from] item: Leftovers\n|-damage|p2a: Cyclizar|55\/100|[from] Leech Seed|[of] p1a: Wo-Chien\n|-heal|p1a: Wo-Chien|84\/100|[silent]\n|upkeep\n|turn|9\n|\n|t:|1683208556\n|move|p1a: Wo-Chien|Protect|p1a: Wo-Chien\n|-singleturn|p1a: Wo-Chien|Protect\n|move|p2a: Cyclizar|Shed Tail|p2a: Cyclizar\n|-start|p2a: Cyclizar|Substitute|[from] move: Shed Tail\n|-damage|p2a: Cyclizar|4\/100\n|\n|t:|1683208561\n|switch|p2a: Golduck|Golduck, L50, M|73\/100|[from] Shed Tail\n|move|p2b: Pelipper|Roost|p2b: Pelipper\n|-heal|p2b: Pelipper|100\/100\n|-singleturn|p2b: Pelipper|move: Roost\n|\n|-weather|RainDance|[upkeep]\n|-heal|p1a: Wo-Chien|90\/100|[from] item: Leftovers\n|upkeep\n|turn|10\n|\n|t:|1683208579\n|move|p2a: Golduck|Ice Beam|p1a: Wo-Chien\n|-supereffective|p1a: Wo-Chien\n|-damage|p1a: Wo-Chien|40\/100\n|move|p1a: Wo-Chien|Leech Seed|p2b: Pelipper\n|-start|p2b: Pelipper|move: Leech Seed\n|move|p2b: Pelipper|Hurricane|p1a: Wo-Chien\n|-supereffective|p1a: Wo-Chien\n|-damage|p1a: Wo-Chien|0 fnt\n|faint|p1a: Wo-Chien\n|\n|win|JVsaadi\n|raw|vyxl's rating: 1114 → 1084<\/strong> (-30 for losing)\n|raw|JVsaadi's rating: 1042 → 1083<\/strong> (+41 for winning)\n","uploadtime":1683208590,"views":24,"p1id":"vyxl","p2id":"jvsaadi","formatid":"gen9vgc2023regulationc","rating":1083,"private":0,"password":""}