{"id":"gen9vgc2023regulationc-1848284847","p1":"Monument6","p2":"Kammala","format":"[Gen 9] VGC 2023 Regulation C","log":"|j|\u2606Monument6\n|j|\u2606Kammala\n|t:|1682053580\n|gametype|doubles\n|player|p1|Monument6|265|1427\n|player|p2|Kammala|266|1399\n|teamsize|p1|6\n|teamsize|p2|6\n|gen|9\n|tier|[Gen 9] VGC 2023 Regulation C\n|rated|\n|rule|Species Clause: Limit one of each Pok\u00e9mon\n|rule|Item Clause: Limit one of each item\n|clearpoke\n|poke|p1|Wo-Chien, L50|\n|poke|p1|Garganacl, L50, M|\n|poke|p1|Glimmora, L50, F|\n|poke|p1|Ting-Lu, L50|\n|poke|p1|Sableye, L50, M|\n|poke|p1|Corviknight, L50, M|\n|poke|p2|Azumarill, L50, M|\n|poke|p2|Amoonguss, L50, M|\n|poke|p2|Tauros-Paldea-Blaze, L50, M|\n|poke|p2|Ting-Lu, L50|\n|poke|p2|Baxcalibur, L50, M|\n|poke|p2|Flutter Mane, L50|\n|teampreview|4\n|inactive|Battle timer is ON: inactive players will automatically lose when time's up. (requested by Kammala)\n|inactive|Monument6 also wants the timer to be on.\nKammala has agreed to open team sheets.\n|inactive|Monument6 has 60 seconds left.\n|inactive|Kammala has 60 seconds left.\nMonument6 has agreed to open team sheets.\n|\n|t:|1682053626\n|start\n|switch|p1a: Ting-Lu|Ting-Lu, L50|100\/100\n|switch|p1b: Garganacl|Garganacl, L50, M|100\/100\n|switch|p2a: Ting-Lu|Ting-Lu, L50|100\/100\n|switch|p2b: Azumarill|Azumarill, L50, M|100\/100\n|-ability|p1a: Ting-Lu|Vessel of Ruin\n|-ability|p2a: Ting-Lu|Vessel of Ruin\n|turn|1\n|inactive|Monument6 has 30 seconds left.\n|\n|t:|1682053654\n|-terastallize|p1a: Ting-Lu|Fairy\n|move|p1a: Ting-Lu|Sand Tomb|p2b: Azumarill\n|-damage|p2b: Azumarill|87\/100\n|-activate|p2b: Azumarill|move: Sand Tomb|[of] p1a: Ting-Lu\n|move|p2b: Azumarill|Liquidation|p1b: Garganacl\n|-supereffective|p1b: Garganacl\n|-damage|p1b: Garganacl|34\/100\n|-unboost|p1b: Garganacl|def|1\n|move|p2a: Ting-Lu|Ruination|p1a: Ting-Lu\n|-damage|p1a: Ting-Lu|50\/100\n|move|p1b: Garganacl|Salt Cure|p2b: Azumarill\n|-damage|p2b: Azumarill|72\/100\n|-start|p2b: Azumarill|Salt Cure\n|\n|-damage|p2b: Azumarill|47\/100|[from] Salt Cure\n|-damage|p2b: Azumarill|35\/100|[from] move: Sand Tomb|[partiallytrapped]\n|upkeep\n|turn|2\n|inactive|Monument6 has 30 seconds left.\n|inactive|Kammala has 30 seconds left.\n|\n|t:|1682053687\n|switch|p1b: Glimmora|Glimmora, L50, F|100\/100\n|move|p1a: Ting-Lu|Sand Tomb|p2a: Ting-Lu\n|-damage|p2a: Ting-Lu|91\/100\n|-activate|p2a: Ting-Lu|move: Sand Tomb|[of] p1a: Ting-Lu\n|move|p2b: Azumarill|Liquidation|p1b: Glimmora\n|-supereffective|p1b: Glimmora\n|-crit|p1b: Glimmora\n|-enditem|p1b: Glimmora|Focus Sash\n|-damage|p1b: Glimmora|1\/100\n|-activate|p1b: Glimmora|ability: Toxic Debris\n|-sidestart|p2: Kammala|move: Toxic Spikes\n|move|p2a: Ting-Lu|Heavy Slam|p1a: Ting-Lu\n|-supereffective|p1a: Ting-Lu\n|-damage|p1a: Ting-Lu|36\/100\n|\n|-heal|p2a: Ting-Lu|97\/100|[from] item: Leftovers\n|-damage|p2b: Azumarill|11\/100|[from] Salt Cure\n|-damage|p2b: Azumarill|0 fnt|[from] move: Sand Tomb|[partiallytrapped]\n|faint|p2b: Azumarill\n|-damage|p2a: Ting-Lu|85\/100|[from] move: Sand Tomb|[partiallytrapped]\n|upkeep\n|\n|t:|1682053698\n|switch|p2b: Flutter Mane|Flutter Mane, L50|100\/100\n|-status|p2b: Flutter Mane|psn\n|-enditem|p2b: Flutter Mane|Booster Energy\n|-activate|p2b: Flutter Mane|ability: Protosynthesis|[fromitem]\n|-start|p2b: Flutter Mane|protosynthesisspa\n|turn|3\n|\n|t:|1682053720\n|move|p2b: Flutter Mane|Moonblast|p1a: Ting-Lu\n|-damage|p1a: Ting-Lu|10\/100\n|move|p1b: Glimmora|Toxic|p2a: Ting-Lu\n|-status|p2a: Ting-Lu|tox\n|move|p1a: Ting-Lu|Heavy Slam|p2b: Flutter Mane\n|-supereffective|p2b: Flutter Mane\n|-damage|p2b: Flutter Mane|0 fnt\n|faint|p2b: Flutter Mane\n|-end|p2b: Flutter Mane|Protosynthesis|[silent]\n|move|p2a: Ting-Lu|Stealth Rock|p1b: Glimmora\n|-sidestart|p1: Monument6|move: Stealth Rock\n|\n|-heal|p2a: Ting-Lu|91\/100 tox|[from] item: Leftovers\n|-damage|p2a: Ting-Lu|85\/100 tox|[from] psn\n|-damage|p2a: Ting-Lu|72\/100 tox|[from] move: Sand Tomb|[partiallytrapped]\n|upkeep\n|\n|t:|1682053729\n|switch|p2b: Baxcalibur|Baxcalibur, L50, M|100\/100\n|-status|p2b: Baxcalibur|psn\n|turn|4\n|\n|t:|1682053749\n|-terastallize|p2b: Baxcalibur|Electric\n|move|p1b: Glimmora|Sludge Bomb|p2b: Baxcalibur\n|-damage|p2b: Baxcalibur|64\/100 psn\n|move|p2b: Baxcalibur|Dragon Dance|p2b: Baxcalibur\n|-boost|p2b: Baxcalibur|atk|1\n|-boost|p2b: Baxcalibur|spe|1\n|move|p1a: Ting-Lu|Ruination|p2b: Baxcalibur|[miss]\n|-miss|p1a: Ting-Lu|p2b: Baxcalibur\n|move|p2a: Ting-Lu|Heavy Slam|p1a: Ting-Lu\n|-supereffective|p1a: Ting-Lu\n|-damage|p1a: Ting-Lu|0 fnt\n|faint|p1a: Ting-Lu\n|\n|-heal|p2a: Ting-Lu|79\/100 tox|[from] item: Leftovers\n|-damage|p2b: Baxcalibur|52\/100 psn|[from] psn\n|-damage|p2a: Ting-Lu|66\/100 tox|[from] psn\n|-end|p2a: Ting-Lu|Sand Tomb|[partiallytrapped]|[silent]\n|upkeep\n|\n|t:|1682053771\n|switch|p1a: Garganacl|Garganacl, L50, M|34\/100\n|-damage|p1a: Garganacl|22\/100|[from] Stealth Rock\n|-enditem|p1a: Garganacl|Aguav Berry|[eat]\n|-heal|p1a: Garganacl|55\/100|[from] item: Aguav Berry\n|turn|5\n|\n|t:|1682053786\n|move|p2b: Baxcalibur|Icicle Crash|p1a: Garganacl\n|-damage|p1a: Garganacl|2\/100\n|move|p1b: Glimmora|Sludge Bomb|p2b: Baxcalibur\n|-damage|p2b: Baxcalibur|13\/100 psn\n|move|p2a: Ting-Lu|Heavy Slam|p1b: Glimmora\n|-supereffective|p1b: Glimmora\n|-damage|p1b: Glimmora|0 fnt\n|-activate|p1b: Glimmora|ability: Toxic Debris\n|-sidestart|p2: Kammala|move: Toxic Spikes\n|faint|p1b: Glimmora\n|move|p1a: Garganacl|Salt Cure|p2b: Baxcalibur\n|-damage|p2b: Baxcalibur|0 fnt\n|faint|p2b: Baxcalibur\n|\n|-heal|p2a: Ting-Lu|72\/100 tox|[from] item: Leftovers\n|-damage|p2a: Ting-Lu|54\/100 tox|[from] psn\n|upkeep\n|\n|t:|1682053795\n|switch|p1b: Corviknight|Corviknight, L50, M|100\/100\n|-damage|p1b: Corviknight|88\/100|[from] Stealth Rock\n|turn|6\n|\n|t:|1682053801\n|move|p1b: Corviknight|Body Press|p2a: Ting-Lu\n|-supereffective|p2a: Ting-Lu\n|-damage|p2a: Ting-Lu|19\/100 tox\n|move|p2a: Ting-Lu|Heavy Slam|p1a: Garganacl\n|-supereffective|p1a: Garganacl\n|-damage|p1a: Garganacl|0 fnt\n|faint|p1a: Garganacl\n|\n|-heal|p2a: Ting-Lu|25\/100 tox|[from] item: Leftovers\n|-damage|p2a: Ting-Lu|1\/100 tox|[from] psn\n|upkeep\n|turn|7\n|j| LC77777\n|\n|t:|1682053809\n|move|p1b: Corviknight|Body Press|p2a: Ting-Lu\n|-supereffective|p2a: Ting-Lu\n|-damage|p2a: Ting-Lu|0 fnt\n|faint|p2a: Ting-Lu\n|\n|win|Monument6\n|raw|Monument6's rating: 1427 → 1445<\/strong> (+18 for winning)\n|raw|Kammala's rating: 1399 → 1381<\/strong> (-18 for losing)\n","uploadtime":1682053813,"views":13,"p1id":"monument6","p2id":"kammala","formatid":"gen9vgc2023regulationc","rating":1381,"private":0,"password":""}