{"id":"gen9vgc2023regulationc-1848688343","p1":"Flutterhawk","p2":"be13costa","format":"[Gen 9] VGC 2023 Regulation C","log":"|j|\u2606Flutterhawk\n|j|\u2606be13costa\n|t:|1682100954\n|gametype|doubles\n|player|p1|Flutterhawk|pokekid|1090\n|player|p2|be13costa|266|1137\n|teamsize|p1|6\n|teamsize|p2|6\n|gen|9\n|tier|[Gen 9] VGC 2023 Regulation C\n|rated|\n|rule|Species Clause: Limit one of each Pok\u00e9mon\n|rule|Item Clause: Limit one of each item\n|clearpoke\n|poke|p1|Meowscarada, L50, F|\n|poke|p1|Palafin, L50, F|\n|poke|p1|Dragapult, L50, M|\n|poke|p1|Armarouge, L50, F|\n|poke|p1|Ting-Lu, L50|\n|poke|p1|Toedscruel, L50, M|\n|poke|p2|Flutter Mane, L50|\n|poke|p2|Amoonguss, L50, M|\n|poke|p2|Ting-Lu, L50|\n|poke|p2|Arcanine, L50, F|\n|poke|p2|Palafin, L50, F|\n|poke|p2|Baxcalibur, L50, M|\n|teampreview|4\nbe13costa rejected open team sheets.\n|\n|t:|1682101054\n|start\n|switch|p1a: Alice|Meowscarada, L50, F|100\/100\n|switch|p1b: Sayaka|Palafin, L50, F|100\/100\n|switch|p2a: Palafin|Palafin, L50, F|100\/100\n|switch|p2b: Arcanine|Arcanine, L50, F|100\/100\n|-ability|p2b: Arcanine|Intimidate|boost\n|-unboost|p1a: Alice|atk|1\n|-unboost|p1b: Sayaka|atk|1\n|turn|1\n|inactive|Battle timer is ON: inactive players will automatically lose when time's up. (requested by be13costa)\n|\n|t:|1682101125\n|detailschange|p2a: Palafin|Palafin-Hero, L50, F\n|switch|p2a: Amoonguss|Amoonguss, L50, M|100\/100\n|move|p2b: Arcanine|Extreme Speed|p1a: Alice\n|-crit|p1a: Alice\n|-damage|p1a: Alice|34\/100\n|move|p1a: Alice|Knock Off|p2a: Amoonguss\n|-start|p1a: Alice|typechange|Dark|[from] ability: Protean\n|-damage|p2a: Amoonguss|74\/100\n|-damage|p1a: Alice|17\/100|[from] item: Rocky Helmet|[of] p2a: Amoonguss\n|-enditem|p2a: Amoonguss|Rocky Helmet|[from] move: Knock Off|[of] p1a: Alice\n|move|p1b: Sayaka|Flip Turn|p2b: Arcanine\n|-supereffective|p2b: Arcanine\n|-damage|p2b: Arcanine|60\/100\n|\n|t:|1682101147\n|detailschange|p1b: Sayaka|Palafin-Hero, L50, F\n|switch|p1b: Azula|Armarouge, L50, F|100\/100|[from] Flip Turn\n|\n|upkeep\n|turn|2\n|inactive|Flutterhawk has 30 seconds left.\n|inactive|Flutterhawk has 20 seconds left.\n|inactive|Flutterhawk has 15 seconds left.\n|inactive|Flutterhawk has 10 seconds left.\n|\n|t:|1682101195\n|switch|p1a: Lockheed|Dragapult, L50, M|100\/100\n|switch|p2a: Palafin|Palafin-Hero, L50, F|100\/100\n|-activate|p2a: Palafin|ability: Zero to Hero\n|-terastallize|p1b: Azula|Grass\n|move|p2b: Arcanine|Extreme Speed|p1a: Lockheed\n|-immune|p1a: Lockheed\n|move|p1b: Azula|Armor Cannon|p2a: Palafin\n|-resisted|p2a: Palafin\n|-damage|p2a: Palafin|67\/100\n|-unboost|p1b: Azula|def|1\n|-unboost|p1b: Azula|spd|1\n|\n|upkeep\n|turn|3\n|inactive|Flutterhawk has 30 seconds left.\n|inactive|Flutterhawk has 20 seconds left.\n|inactive|Flutterhawk has 15 seconds left.\n|inactive|be13costa has 30 seconds left.\n|inactive|Flutterhawk has 10 seconds left.\n|inactive|Flutterhawk has 5 seconds left.\n|\n|t:|1682101246\n|switch|p2b: Amoonguss|Amoonguss, L50, M|100\/100\n|-terastallize|p2a: Palafin|Water\n|move|p1a: Lockheed|U-turn|p2a: Palafin\n|-damage|p2a: Palafin|44\/100\n|\n|t:|1682101254\n|switch|p1a: Sayaka|Palafin-Hero, L50, F|100\/100|[from] U-turn\n|-activate|p1a: Sayaka|ability: Zero to Hero\n|move|p2a: Palafin|Wave Crash|p1b: Azula\n|-resisted|p1b: Azula\n|-damage|p1b: Azula|6\/100\n|-ability|p1b: Azula|Weak Armor|boost\n|-unboost|p1b: Azula|def|1\n|-boost|p1b: Azula|spe|2\n|-damage|p2a: Palafin|16\/100|[from] Recoil\n|move|p1b: Azula|Energy Ball|p2a: Palafin\n|-supereffective|p2a: Palafin\n|-damage|p2a: Palafin|0 fnt\n|faint|p2a: Palafin\n|\n|upkeep\n|\n|t:|1682101263\n|switch|p2a: Arcanine|Arcanine, L50, F|60\/100\n|-ability|p2a: Arcanine|Intimidate|boost\n|-unboost|p1a: Sayaka|atk|1\n|-unboost|p1b: Azula|atk|1\n|turn|4\n|inactive|Flutterhawk has 30 seconds left.\n|inactive|Flutterhawk has 20 seconds left.\n|inactive|Flutterhawk has 15 seconds left.\n|inactive|Flutterhawk has 10 seconds left.\n|\n|t:|1682101312\n|switch|p1b: Lockheed|Dragapult, L50, M|100\/100\n|move|p2a: Arcanine|Extreme Speed|p1b: Lockheed\n|-immune|p1b: Lockheed\n|move|p1a: Sayaka|Flip Turn|p2a: Arcanine\n|-supereffective|p2a: Arcanine\n|-damage|p2a: Arcanine|0 fnt\n|faint|p2a: Arcanine\n|inactive|Flutterhawk has 30 seconds left.\n|\n|t:|1682101341\n|switch|p1a: Azula|Armarouge, L50, F, tera:Grass|6\/100|[from] Flip Turn\n|move|p2b: Amoonguss|Spore|p1a: Azula\n|-immune|p1a: Azula\n|\n|upkeep\n|\n|t:|1682101362\n|switch|p2a: Baxcalibur|Baxcalibur, L50, M|100\/100\n|turn|5\n|inactive|Flutterhawk has 30 seconds left.\n|inactive|Flutterhawk has 20 seconds left.\n|inactive|Flutterhawk has 15 seconds left.\n|\n|t:|1682101404\n|move|p1a: Azula|Wide Guard|p1a: Azula\n|-singleturn|p1a: Azula|Wide Guard\n|move|p2a: Baxcalibur|Ice Shard|p1a: Azula\n|-supereffective|p1a: Azula\n|-damage|p1a: Azula|0 fnt\n|faint|p1a: Azula\n|move|p1b: Lockheed|Outrage|p2a: Baxcalibur\n|-supereffective|p2a: Baxcalibur\n|-damage|p2a: Baxcalibur|0 fnt\n|faint|p2a: Baxcalibur\n|move|p2b: Amoonguss|Spore|p1b: Lockheed\n|-activate|p1b: Lockheed|item: Safety Goggles|Spore\n|\n|upkeep\n|-message|be13costa forfeited.\n|\n|win|Flutterhawk\n|raw|Flutterhawk's rating: 1090 → 1120<\/strong> (+30 for winning)\n|raw|be13costa's rating: 1137 → 1109<\/strong> (-28 for losing)\n|l|\u2606be13costa\n","uploadtime":1682101424,"views":19,"p1id":"flutterhawk","p2id":"be13costa","formatid":"gen9vgc2023regulationc","rating":1109,"private":0,"password":""}