{"id":"gen9vgc2023regulationc-1848167681","p1":"Ellvaekyoo","p2":"GengaTube","format":"[Gen 9] VGC 2023 Regulation C","log":"|j|\u2606Ellvaekyoo\n|j|\u2606GengaTube\n|t:|1682037706\n|gametype|doubles\n|player|p1|Ellvaekyoo|blaine|1120\n|player|p2|GengaTube|hilbert|1052\n|teamsize|p1|6\n|teamsize|p2|6\n|gen|9\n|tier|[Gen 9] VGC 2023 Regulation C\n|rated|\n|rule|Species Clause: Limit one of each Pok\u00e9mon\n|rule|Item Clause: Limit one of each item\n|clearpoke\n|poke|p1|Glimmora, L50, F|\n|poke|p1|Wo-Chien, L50|\n|poke|p1|Flutter Mane, L50|\n|poke|p1|Arcanine, L50, M|\n|poke|p1|Dondozo, L50, F|\n|poke|p1|Tatsugiri, L50, M|\n|poke|p2|Leafeon, L50, M|\n|poke|p2|Jolteon, L50, F|\n|poke|p2|Vaporeon, L50, F|\n|poke|p2|Sylveon, L50, F|\n|poke|p2|Chi-Yu, L50|\n|poke|p2|Umbreon, L50, M|\n|teampreview|4\n|inactive|Battle timer is ON: inactive players will automatically lose when time's up. (requested by Ellvaekyoo)\n|inactive|Ellvaekyoo has 60 seconds left.\n|inactive|GengaTube has 60 seconds left.\n|inactive|GengaTube has 30 seconds left.\n|inactive|GengaTube has 20 seconds left.\n|inactive|GengaTube has 15 seconds left.\n|\n|t:|1682037784\n|start\n|switch|p1a: Wo-Chien|Wo-Chien, L50|100\/100\n|switch|p1b: Arcanine|Arcanine, L50, M|100\/100\n|switch|p2a: Vaporeon|Vaporeon, L50, F|100\/100\n|switch|p2b: Jolteon|Jolteon, L50, F|100\/100\n|-ability|p1b: Arcanine|Intimidate|boost\n|-unboost|p2a: Vaporeon|atk|1\n|-unboost|p2b: Jolteon|atk|1\n|-ability|p1a: Wo-Chien|Tablets of Ruin\n|turn|1\n|inactive|Ellvaekyoo has 30 seconds left.\n|inactive|GengaTube has 30 seconds left.\n|inactive|Ellvaekyoo has 20 seconds left.\n|inactive|GengaTube has 20 seconds left.\n|inactive|Ellvaekyoo has 15 seconds left.\n|inactive|Ellvaekyoo has 10 seconds left.\n|\n|t:|1682037831\n|-terastallize|p1b: Arcanine|Grass\n|move|p2b: Jolteon|Thunder Wave|p1b: Arcanine\n|-status|p1b: Arcanine|par\n|move|p2a: Vaporeon|Ice Beam|p1a: Wo-Chien\n|-supereffective|p1a: Wo-Chien\n|-damage|p1a: Wo-Chien|71\/100\n|move|p1a: Wo-Chien|Giga Drain|p2a: Vaporeon\n|-supereffective|p2a: Vaporeon\n|-damage|p2a: Vaporeon|60\/100\n|-heal|p1a: Wo-Chien|100\/100|[from] drain|[of] p2a: Vaporeon\n|move|p1b: Arcanine|Will-O-Wisp|p2b: Jolteon\n|-status|p2b: Jolteon|brn\n|\n|-heal|p2a: Vaporeon|66\/100|[from] item: Leftovers\n|-damage|p2b: Jolteon|95\/100 brn|[from] brn\n|upkeep\n|turn|2\n|inactive|Ellvaekyoo has 30 seconds left.\n|inactive|GengaTube has 30 seconds left.\n|inactive|GengaTube has 20 seconds left.\n|\n|t:|1682037868\n|move|p2b: Jolteon|Protect|p2b: Jolteon\n|-singleturn|p2b: Jolteon|Protect\n|move|p1a: Wo-Chien|Protect|p1a: Wo-Chien\n|-singleturn|p1a: Wo-Chien|Protect\n|move|p2a: Vaporeon|Yawn|p1a: Wo-Chien\n|-activate|p1a: Wo-Chien|move: Protect\n|move|p1b: Arcanine|Will-O-Wisp|p2a: Vaporeon\n|-status|p2a: Vaporeon|brn\n|\n|-heal|p2a: Vaporeon|72\/100 brn|[from] item: Leftovers\n|-damage|p2b: Jolteon|89\/100 brn|[from] brn\n|-damage|p2a: Vaporeon|66\/100 brn|[from] brn\n|upkeep\n|turn|3\n|\n|t:|1682037891\n|move|p2b: Jolteon|Thunder Wave|p1a: Wo-Chien\n|-status|p1a: Wo-Chien|par\n|move|p2a: Vaporeon|Ice Beam|p1b: Arcanine\n|-supereffective|p1b: Arcanine\n|-damage|p1b: Arcanine|54\/100 par\n|move|p1b: Arcanine|Snarl|p2b: Jolteon|[spread] p2a,p2b\n|-damage|p2a: Vaporeon|59\/100 brn\n|-damage|p2b: Jolteon|77\/100 brn\n|-unboost|p2a: Vaporeon|spa|1\n|-unboost|p2b: Jolteon|spa|1\n|cant|p1a: Wo-Chien|par\n|\n|-heal|p2a: Vaporeon|65\/100 brn|[from] item: Leftovers\n|-damage|p2b: Jolteon|71\/100 brn|[from] brn\n|-damage|p2a: Vaporeon|59\/100 brn|[from] brn\n|upkeep\n|turn|4\n|\n|t:|1682037913\n|move|p2b: Jolteon|Thunderbolt|p1b: Arcanine\n|-resisted|p1b: Arcanine\n|-damage|p1b: Arcanine|40\/100 par\n|-enditem|p1b: Arcanine|Sitrus Berry|[eat]\n|-heal|p1b: Arcanine|65\/100 par|[from] item: Sitrus Berry\n|move|p2a: Vaporeon|Ice Beam|p1b: Arcanine\n|-supereffective|p1b: Arcanine\n|-damage|p1b: Arcanine|34\/100 par\n|cant|p1b: Arcanine|par\n|move|p1a: Wo-Chien|Giga Drain|p2a: Vaporeon\n|-supereffective|p2a: Vaporeon\n|-damage|p2a: Vaporeon|18\/100 brn\n|\n|-heal|p2a: Vaporeon|24\/100 brn|[from] item: Leftovers\n|-damage|p2b: Jolteon|66\/100 brn|[from] brn\n|-damage|p2a: Vaporeon|18\/100 brn|[from] brn\n|upkeep\n|turn|5\n|inactive|Ellvaekyoo has 30 seconds left.\n|inactive|Ellvaekyoo has 20 seconds left.\n|\n|t:|1682037950\n|cant|p1a: Wo-Chien|par\n|cant|p1b: Arcanine|par\n|move|p2b: Jolteon|Thunderbolt|p1a: Wo-Chien\n|-resisted|p1a: Wo-Chien\n|-damage|p1a: Wo-Chien|93\/100 par\n|move|p2a: Vaporeon|Ice Beam|p1b: Arcanine\n|-supereffective|p1b: Arcanine\n|-damage|p1b: Arcanine|5\/100 par\n|\n|-heal|p2a: Vaporeon|24\/100 brn|[from] item: Leftovers\n|-damage|p2b: Jolteon|60\/100 brn|[from] brn\n|-damage|p2a: Vaporeon|18\/100 brn|[from] brn\n|upkeep\n|turn|6\n|\n|t:|1682037973\n|move|p1b: Arcanine|Extreme Speed|p2a: Vaporeon\n|-damage|p2a: Vaporeon|5\/100 brn\n|move|p2b: Jolteon|Thunderbolt|p1b: Arcanine\n|-resisted|p1b: Arcanine\n|-damage|p1b: Arcanine|0 fnt\n|faint|p1b: Arcanine\n|move|p2a: Vaporeon|Ice Beam|p1a: Wo-Chien\n|-supereffective|p1a: Wo-Chien\n|-damage|p1a: Wo-Chien|73\/100 par\n|move|p1a: Wo-Chien|Knock Off|p2b: Jolteon\n|-damage|p2b: Jolteon|9\/100 brn\n|-enditem|p2b: Jolteon|Focus Sash|[from] move: Knock Off|[of] p1a: Wo-Chien\n|\n|-heal|p2a: Vaporeon|11\/100 brn|[from] item: Leftovers\n|-damage|p2b: Jolteon|3\/100 brn|[from] brn\n|-damage|p2a: Vaporeon|5\/100 brn|[from] brn\n|upkeep\n|\n|t:|1682037993\n|switch|p1b: Flutter Mane|Flutter Mane, L50|100\/100\n|turn|7\n|\n|t:|1682038004\n|move|p1b: Flutter Mane|Protect|p1b: Flutter Mane\n|-singleturn|p1b: Flutter Mane|Protect\n|move|p2b: Jolteon|Thunder Wave|p1b: Flutter Mane\n|-activate|p1b: Flutter Mane|move: Protect\n|move|p2a: Vaporeon|Ice Beam|p1a: Wo-Chien\n|-supereffective|p1a: Wo-Chien\n|-damage|p1a: Wo-Chien|55\/100 par\n|move|p1a: Wo-Chien|Leech Seed|p2b: Jolteon\n|-start|p2b: Jolteon|move: Leech Seed\n|\n|-heal|p2a: Vaporeon|11\/100 brn|[from] item: Leftovers\n|-damage|p2b: Jolteon|0 fnt|[from] Leech Seed|[of] p1a: Wo-Chien\n|-heal|p1a: Wo-Chien|58\/100 par|[silent]\n|faint|p2b: Jolteon\n|-damage|p2a: Vaporeon|5\/100 brn|[from] brn\n|upkeep\n|\n|t:|1682038022\n|switch|p2b: Sylveon|Sylveon, L50, F|100\/100\n|turn|8\n|\n|t:|1682038034\n|switch|p1a: Glimmora|Glimmora, L50, F|100\/100\n|-terastallize|p2b: Sylveon|Fairy\n|move|p1b: Flutter Mane|Dazzling Gleam|p2b: Sylveon|[spread] p2a,p2b\n|-damage|p2a: Vaporeon|0 fnt\n|-damage|p2b: Sylveon|75\/100\n|faint|p2a: Vaporeon\n|move|p2b: Sylveon|Hyper Voice|p1b: Flutter Mane|[spread] p1a,p1b\n|-resisted|p1a: Glimmora\n|-damage|p1a: Glimmora|76\/100\n|-damage|p1b: Flutter Mane|39\/100\n|-enditem|p2b: Sylveon|Throat Spray\n|-boost|p2b: Sylveon|spa|1|[from] item: Throat Spray\n|\n|upkeep\n|\n|t:|1682038046\n|switch|p2a: Leafeon|Leafeon, L50, M|100\/100\n|turn|9\n|\n|t:|1682038055\n|move|p1b: Flutter Mane|Dazzling Gleam|p2a: Leafeon|[spread] p2a,p2b\n|-damage|p2a: Leafeon|47\/100\n|-damage|p2b: Sylveon|51\/100\n|move|p2a: Leafeon|Leaf Blade|p1a: Glimmora\n|-damage|p1a: Glimmora|9\/100\n|-activate|p1a: Glimmora|ability: Toxic Debris\n|-sidestart|p2: GengaTube|move: Toxic Spikes\n|-damage|p2a: Leafeon|37\/100|[from] item: Life Orb\n|move|p1a: Glimmora|Sludge Bomb|p2b: Sylveon\n|-supereffective|p2b: Sylveon\n|-damage|p2b: Sylveon|0 fnt\n|faint|p2b: Sylveon\n|\n|upkeep\n|turn|10\n|c|\u2606Ellvaekyoo|eyyyyyyyyyyyy\n|inactive|Ellvaekyoo has 30 seconds left.\n|inactive|Ellvaekyoo has 20 seconds left.\n|\n|t:|1682038092\n|move|p1b: Flutter Mane|Shadow Ball|p2a: Leafeon\n|-damage|p2a: Leafeon|0 fnt\n|faint|p2a: Leafeon\n|\n|win|Ellvaekyoo\n|raw|Ellvaekyoo's rating: 1120 → 1140<\/strong> (+20 for winning)\n|raw|GengaTube's rating: 1052 → 1038<\/strong> (-14 for losing)\n|l|\u2606GengaTube\n","uploadtime":1682038256,"views":6,"p1id":"ellvaekyoo","p2id":"gengatube","formatid":"gen9vgc2023regulationc","rating":1038,"private":0,"password":""}