{"id":"gen9vgc2023regulationc-1850862406","p1":"RamonTheKiller","p2":"texastrill713","format":"[Gen 9] VGC 2023 Regulation C","log":"|j|\u2606RamonTheKiller\n|j|\u2606texastrill713\n|t:|1682375573\n|gametype|doubles\n|player|p1|RamonTheKiller|265|1046\n|player|p2|texastrill713|lucas-gen4pt|1137\n|teamsize|p1|6\n|teamsize|p2|6\n|gen|9\n|tier|[Gen 9] VGC 2023 Regulation C\n|rated|\n|rule|Species Clause: Limit one of each Pok\u00e9mon\n|rule|Item Clause: Limit one of each item\n|clearpoke\n|poke|p1|Ting-Lu, L50|\n|poke|p1|Corviknight, L50, M|\n|poke|p1|Gyarados, L50, M|\n|poke|p1|Amoonguss, L50, F|\n|poke|p1|Maushold-Four, L50|\n|poke|p1|Dragonite, L50, M|\n|poke|p2|Scizor, L50, F|\n|poke|p2|Flutter Mane, L50|\n|poke|p2|Amoonguss, L50, M|\n|poke|p2|Vaporeon, L50, M|\n|poke|p2|Garchomp, L50, M|\n|poke|p2|Talonflame, L50, M|\n|teampreview|4\n|\n|t:|1682375634\n|start\n|switch|p1a: Gyarados|Gyarados, L50, M|100\/100\n|switch|p1b: Amoonguss|Amoonguss, L50, F|100\/100\n|switch|p2a: Vaporeon|Vaporeon, L50, M, shiny|100\/100\n|switch|p2b: Flutter Mane|Flutter Mane, L50|100\/100\n|-ability|p1a: Gyarados|Intimidate|boost\n|-unboost|p2a: Vaporeon|atk|1\n|-unboost|p2b: Flutter Mane|atk|1\n|-enditem|p2b: Flutter Mane|Booster Energy\n|-activate|p2b: Flutter Mane|ability: Protosynthesis|[fromitem]\n|-start|p2b: Flutter Mane|protosynthesisspa\n|turn|1\n|\n|t:|1682375657\n|switch|p1b: Corviknight|Corviknight, L50, M|100\/100\n|-terastallize|p2a: Vaporeon|Grass\n|move|p2b: Flutter Mane|Shadow Ball|p1b: Corviknight\n|-damage|p1b: Corviknight|48\/100\n|move|p1a: Gyarados|Thunder Wave|p2a: Vaporeon\n|-status|p2a: Vaporeon|par\n|move|p2a: Vaporeon|Ice Beam|p1b: Corviknight\n|-damage|p1b: Corviknight|24\/100\n|\n|upkeep\n|turn|2\n|\n|t:|1682375693\n|switch|p1b: Dragonite|Dragonite, L50, M|100\/100\n|move|p2b: Flutter Mane|Shadow Ball|p1b: Dragonite\n|-crit|p1b: Dragonite\n|-damage|p1b: Dragonite|37\/100\n|move|p1a: Gyarados|Thunder Wave|p2b: Flutter Mane\n|-status|p2b: Flutter Mane|par\n|move|p2a: Vaporeon|Ice Beam|p1a: Gyarados\n|-damage|p1a: Gyarados|75\/100\n|\n|upkeep\n|turn|3\n|\n|t:|1682375726\n|switch|p1a: Amoonguss|Amoonguss, L50, F|100\/100\n|-terastallize|p1b: Dragonite|Electric\n|move|p1b: Dragonite|Tera Blast|p2a: Vaporeon\n|-resisted|p2a: Vaporeon\n|-damage|p2a: Vaporeon|79\/100 par\n|move|p2b: Flutter Mane|Dazzling Gleam|p1b: Dragonite|[spread] p1a,p1b\n|-resisted|p1a: Amoonguss\n|-damage|p1a: Amoonguss|84\/100\n|-damage|p1b: Dragonite|6\/100\n|move|p2a: Vaporeon|Muddy Water|p1b: Dragonite|[spread] \n|-miss|p2a: Vaporeon|p1a: Amoonguss\n|-miss|p2a: Vaporeon|p1b: Dragonite\n|\n|-heal|p2a: Vaporeon|85\/100 par|[from] item: Leftovers\n|upkeep\n|turn|4\n|\n|t:|1682375754\n|move|p1b: Dragonite|Ice Spinner|p2a: Vaporeon\n|-supereffective|p2a: Vaporeon\n|-damage|p2a: Vaporeon|23\/100 par\n|move|p2b: Flutter Mane|Shadow Ball|p1a: Amoonguss\n|-damage|p1a: Amoonguss|35\/100\n|-enditem|p1a: Amoonguss|Sitrus Berry|[eat]\n|-heal|p1a: Amoonguss|60\/100|[from] item: Sitrus Berry\n|move|p1a: Amoonguss|Pollen Puff|p1b: Dragonite\n|-heal|p1b: Dragonite|56\/100\n|move|p2a: Vaporeon|Ice Beam|p1a: Amoonguss\n|-supereffective|p1a: Amoonguss\n|-damage|p1a: Amoonguss|16\/100\n|\n|-heal|p2a: Vaporeon|29\/100 par|[from] item: Leftovers\n|upkeep\n|turn|5\n|\n|t:|1682375789\n|switch|p1a: Corviknight|Corviknight, L50, M|24\/100\n|move|p1b: Dragonite|Ice Spinner|p2a: Vaporeon\n|-supereffective|p2a: Vaporeon\n|-damage|p2a: Vaporeon|0 fnt\n|faint|p2a: Vaporeon\n|cant|p2b: Flutter Mane|par\n|\n|upkeep\n|\n|t:|1682375804\n|switch|p2a: Garchomp|Garchomp, L50, M|100\/100\n|turn|6\n|\n|t:|1682375816\n|switch|p1b: Gyarados|Gyarados, L50, M|75\/100\n|-ability|p1b: Gyarados|Intimidate|boost\n|-fail|p2a: Garchomp|unboost|[from] item: Clear Amulet|[of] p2a: Garchomp\n|-unboost|p2b: Flutter Mane|atk|1\n|cant|p2b: Flutter Mane|par\n|move|p2a: Garchomp|Earthquake|p1a: Corviknight|[spread] p2b\n|-immune|p1a: Corviknight\n|-immune|p1b: Gyarados\n|-damage|p2b: Flutter Mane|35\/100 par\n|move|p1a: Corviknight|Roost|p1a: Corviknight\n|-heal|p1a: Corviknight|74\/100\n|-singleturn|p1a: Corviknight|move: Roost\n|\n|upkeep\n|turn|7\n|\n|t:|1682375843\n|move|p2a: Garchomp|Dragon Claw|p1b: Gyarados\n|-damage|p1b: Gyarados|24\/100\n|move|p1b: Gyarados|Waterfall|p2b: Flutter Mane\n|-damage|p2b: Flutter Mane|0 fnt\n|faint|p2b: Flutter Mane\n|-end|p2b: Flutter Mane|Protosynthesis|[silent]\n|move|p1a: Corviknight|Iron Defense|p1a: Corviknight\n|-boost|p1a: Corviknight|def|2\n|\n|upkeep\n|\n|t:|1682375854\n|switch|p2b: Scizor|Scizor, L50, F|100\/100\n|turn|8\n|\n|t:|1682375882\n|switch|p1b: Amoonguss|Amoonguss, L50, F|49\/100\n|move|p2a: Garchomp|Dragon Claw|p1b: Amoonguss\n|-damage|p1b: Amoonguss|17\/100\n|move|p2b: Scizor|X-Scissor|p1a: Corviknight\n|-resisted|p1a: Corviknight\n|-damage|p1a: Corviknight|70\/100\n|-damage|p2b: Scizor|91\/100|[from] item: Life Orb\n|move|p1a: Corviknight|Body Press|p2b: Scizor\n|-damage|p2b: Scizor|35\/100\n|\n|upkeep\n|turn|9\n|\n|t:|1682375918\n|move|p1b: Amoonguss|Rage Powder|p1b: Amoonguss\n|-singleturn|p1b: Amoonguss|move: Rage Powder\n|move|p2b: Scizor|Bullet Punch|p1b: Amoonguss\n|-damage|p1b: Amoonguss|0 fnt\n|faint|p1b: Amoonguss\n|-damage|p2b: Scizor|26\/100|[from] item: Life Orb\n|move|p2a: Garchomp|Dragon Claw|p1a: Corviknight\n|-resisted|p1a: Corviknight\n|-damage|p1a: Corviknight|63\/100\n|move|p1a: Corviknight|Body Press|p2b: Scizor\n|-damage|p2b: Scizor|0 fnt\n|faint|p2b: Scizor\n|\n|upkeep\n|\n|t:|1682375946\n|switch|p1b: Dragonite|Dragonite, L50, M, tera:Electric|56\/100\n|turn|10\n|\n|t:|1682375960\n|switch|p1b: Gyarados|Gyarados, L50, M|24\/100\n|-ability|p1b: Gyarados|Intimidate|boost\n|-fail|p2a: Garchomp|unboost|[from] item: Clear Amulet|[of] p2a: Garchomp\n|move|p2a: Garchomp|Earthquake|p1b: Gyarados|[spread] \n|-immune|p1a: Corviknight\n|-immune|p1b: Gyarados\n|move|p1a: Corviknight|Body Press|p2a: Garchomp\n|-damage|p2a: Garchomp|45\/100\n|-damage|p1a: Corviknight|51\/100|[from] ability: Rough Skin|[of] p2a: Garchomp\n|\n|upkeep\n|turn|11\n|c|\u2606texastrill713|Lmao\n|\n|t:|1682375983\n|move|p2a: Garchomp|Dragon Claw|p1b: Gyarados\n|-damage|p1b: Gyarados|0 fnt\n|faint|p1b: Gyarados\n|move|p1a: Corviknight|Body Press|p2a: Garchomp\n|-damage|p2a: Garchomp|0 fnt\n|-damage|p1a: Corviknight|39\/100|[from] ability: Rough Skin|[of] p2a: Garchomp\n|faint|p2a: Garchomp\n|\n|win|RamonTheKiller\n|raw|RamonTheKiller's rating: 1046 → 1088<\/strong> (+42 for winning)\n|raw|texastrill713's rating: 1137 → 1106<\/strong> (-31 for losing)\n|c|\u2606texastrill713|Gg\n","uploadtime":1682375995,"views":14,"p1id":"ramonthekiller","p2id":"texastrill713","formatid":"gen9vgc2023regulationc","rating":1088,"private":0,"password":""}