{"id":"gen9vgc2023regulationc-1849656384","p1":"ronan.lokago","p2":"CoolSpot_VGC","format":"[Gen 9] VGC 2023 Regulation C","log":"|j|\u2606ronan.lokago\n|j|\u2606CoolSpot_VGC\n|t:|1682226751\n|gametype|doubles\n|player|p1|ronan.lokago|101|1291\n|player|p2|CoolSpot_VGC|bellelba|1350\n|teamsize|p1|6\n|teamsize|p2|6\n|gen|9\n|tier|[Gen 9] VGC 2023 Regulation C\n|rated|\n|rule|Species Clause: Limit one of each Pok\u00e9mon\n|rule|Item Clause: Limit one of each item\n|clearpoke\n|poke|p1|Dondozo, L50, F|\n|poke|p1|Tatsugiri-Stretchy, L50, M|\n|poke|p1|Dragonite, L50, M|\n|poke|p1|Chien-Pao, L50|\n|poke|p1|Drednaw, L50, F|\n|poke|p1|Pelipper, L50, F|\n|poke|p2|Klefki, L50, M|\n|poke|p2|Chien-Pao, L50|\n|poke|p2|Ting-Lu, L50|\n|poke|p2|Amoonguss, L50, M|\n|poke|p2|Flutter Mane, L50|\n|poke|p2|Gyarados, L50, M|\n|teampreview|4\nCoolSpot_VGC has agreed to open team sheets.\n|inactive|Battle timer is ON: inactive players will automatically lose when time's up. (requested by ronan.lokago)\n|inactive|CoolSpot_VGC has 60 seconds left.\nronan.lokago rejected open team sheets.\n|\n|t:|1682226835\n|start\n|switch|p1a: Dondozo|Dondozo, L50, F, shiny|100\/100\n|switch|p1b: Pelipper|Pelipper, L50, F, shiny|100\/100\n|switch|p2a: Klefki|Klefki, L50, M|100\/100\n|switch|p2b: Chien-Pao|Chien-Pao, L50|100\/100\n|-ability|p2b: Chien-Pao|Sword of Ruin\n|-weather|RainDance|[from] ability: Drizzle|[of] p1b: Pelipper\n|turn|1\n|\n|t:|1682226860\n|-terastallize|p2a: Klefki|Water\n|move|p2b: Chien-Pao|Protect|p2b: Chien-Pao\n|-singleturn|p2b: Chien-Pao|Protect\n|move|p1a: Dondozo|Protect|p1a: Dondozo\n|-singleturn|p1a: Dondozo|Protect\n|move|p2a: Klefki|Thunder Wave|p1a: Dondozo\n|-activate|p1a: Dondozo|move: Protect\n|move|p1b: Pelipper|Tailwind|p1b: Pelipper\n|-sidestart|p1: ronan.lokago|move: Tailwind\n|\n|-weather|RainDance|[upkeep]\n|upkeep\n|turn|2\n|\n|t:|1682226877\n|switch|p1a: Tatsugiri|Tatsugiri-Stretchy, L50, M, shiny|100\/100\n|move|p2a: Klefki|Thunder Wave|p1a: Tatsugiri\n|-status|p1a: Tatsugiri|par\n|move|p2b: Chien-Pao|Sacred Sword|p1a: Tatsugiri\n|-damage|p1a: Tatsugiri|2\/100 par\n|-damage|p2b: Chien-Pao|91\/100|[from] item: Life Orb\n|move|p1b: Pelipper|Hurricane|p2a: Klefki\n|-damage|p2a: Klefki|45\/100\n|\n|-weather|RainDance|[upkeep]\n|upkeep\n|turn|3\n|inactive|CoolSpot_VGC has 30 seconds left.\n|inactive|CoolSpot_VGC has 20 seconds left.\n|inactive|CoolSpot_VGC has 15 seconds left.\n|\n|t:|1682226918\n|switch|p1a: Dondozo|Dondozo, L50, F, shiny|100\/100\n|move|p2b: Chien-Pao|Sucker Punch||[still]\n|-fail|p2b: Chien-Pao\n|move|p2a: Klefki|Light Screen|p2a: Klefki\n|-sidestart|p2: CoolSpot_VGC|move: Light Screen\n|move|p1b: Pelipper|Hurricane|p2a: Klefki\n|-damage|p2a: Klefki|5\/100\n|\n|-weather|RainDance|[upkeep]\n|upkeep\n|turn|4\n|inactive|CoolSpot_VGC has 30 seconds left.\n|\n|t:|1682226947\n|switch|p1b: Tatsugiri|Tatsugiri-Stretchy, L50, M, shiny|2\/100 par\n|-activate|p1b: Tatsugiri|ability: Commander|[of] p1a: Dondozo\n|-boost|p1a: Dondozo|atk|2\n|-boost|p1a: Dondozo|spa|2\n|-boost|p1a: Dondozo|spe|2\n|-boost|p1a: Dondozo|def|2\n|-boost|p1a: Dondozo|spd|2\n|-terastallize|p1a: Dondozo|Water\n|move|p2a: Klefki|Reflect|p2a: Klefki\n|-sidestart|p2: CoolSpot_VGC|Reflect\n|move|p1a: Dondozo|Surf|p2a: Klefki|[spread] p2a,p2b\n|-miss|p1a: Dondozo|p1b: Tatsugiri\n|-resisted|p2a: Klefki\n|-damage|p2a: Klefki|0 fnt\n|-damage|p2b: Chien-Pao|0 fnt\n|faint|p2a: Klefki\n|faint|p2b: Chien-Pao\n|-damage|p1a: Dondozo|91\/100|[from] item: Life Orb\n|\n|-weather|RainDance|[upkeep]\n|-sideend|p1: ronan.lokago|move: Tailwind\n|upkeep\n|j| whoisjohnrupert?\n|\n|t:|1682226955\n|switch|p2b: Flutter Mane|Flutter Mane, L50|100\/100\n|switch|p2a: Gyarados|Gyarados, L50, M|100\/100\n|-ability|p2a: Gyarados|Intimidate|boost\n|-unboost|p1a: Dondozo|atk|1\n|-unboost|p1b: Tatsugiri|atk|1\n|-enditem|p2b: Flutter Mane|Booster Energy\n|-activate|p2b: Flutter Mane|ability: Protosynthesis|[fromitem]\n|-start|p2b: Flutter Mane|protosynthesisspa\n|turn|5\n|\n|t:|1682226968\n|move|p2b: Flutter Mane|Protect|p2b: Flutter Mane\n|-singleturn|p2b: Flutter Mane|Protect\n|move|p1a: Dondozo|Surf|p2b: Flutter Mane|[spread] p2a\n|-miss|p1a: Dondozo|p1b: Tatsugiri\n|-activate|p2b: Flutter Mane|move: Protect\n|-resisted|p2a: Gyarados\n|-damage|p2a: Gyarados|71\/100\n|-damage|p1a: Dondozo|81\/100|[from] item: Life Orb\n|move|p2a: Gyarados|Thunder Wave|p1a: Dondozo\n|-status|p1a: Dondozo|par\n|\n|-weather|RainDance|[upkeep]\n|upkeep\n|turn|6\n|inactive|CoolSpot_VGC has 30 seconds left.\n|\n|t:|1682226998\n|move|p2b: Flutter Mane|Hex|p1a: Dondozo\n|-damage|p1a: Dondozo|37\/100 par\n|move|p2a: Gyarados|Waterfall|p1a: Dondozo\n|-resisted|p1a: Dondozo\n|-damage|p1a: Dondozo|25\/100 par\n|move|p1a: Dondozo|Surf|p2a: Gyarados|[spread] p2a,p2b\n|-miss|p1a: Dondozo|p1b: Tatsugiri\n|-resisted|p2a: Gyarados\n|-damage|p2a: Gyarados|41\/100\n|-damage|p2b: Flutter Mane|37\/100\n|-damage|p1a: Dondozo|15\/100 par|[from] item: Life Orb\n|\n|-weather|RainDance|[upkeep]\n|upkeep\n|turn|7\n|\n|t:|1682227019\n|move|p1a: Dondozo|Protect|p1a: Dondozo\n|-singleturn|p1a: Dondozo|Protect\n|move|p2b: Flutter Mane|Hex|p1a: Dondozo\n|-activate|p1a: Dondozo|move: Protect\n|move|p2a: Gyarados|Waterfall|p1b: Tatsugiri|[miss]\n|-miss|p2a: Gyarados|p1b: Tatsugiri\n|\n|-weather|RainDance|[upkeep]\n|upkeep\n|turn|8\n|\n|t:|1682227030\n|move|p2b: Flutter Mane|Hex|p1a: Dondozo\n|-damage|p1a: Dondozo|0 fnt\n|faint|p1a: Dondozo\n|move|p2a: Gyarados|Waterfall|p1b: Tatsugiri\n|-resisted|p1b: Tatsugiri\n|-damage|p1b: Tatsugiri|0 fnt\n|faint|p1b: Tatsugiri\n|\n|-weather|none\n|upkeep\n|\n|t:|1682227036\n|switch|p1b: Drednaw|Drednaw, L50, F, shiny|100\/100\n|switch|p1a: Pelipper|Pelipper, L50, F, shiny|100\/100\n|-weather|RainDance|[from] ability: Drizzle|[of] p1a: Pelipper\n|turn|9\n|\n|t:|1682227052\n|move|p1b: Drednaw|Rock Slide|p2b: Flutter Mane|[spread] p2a,p2b\n|-supereffective|p2a: Gyarados\n|-damage|p2a: Gyarados|0 fnt\n|-damage|p2b: Flutter Mane|0 fnt\n|faint|p2a: Gyarados\n|faint|p2b: Flutter Mane\n|-end|p2b: Flutter Mane|Protosynthesis|[silent]\n|\n|win|ronan.lokago\n|raw|ronan.lokago's rating: 1291 → 1320<\/strong> (+29 for winning)\n|raw|CoolSpot_VGC's rating: 1350 → 1327<\/strong> (-23 for losing)\n","uploadtime":1682227061,"views":19,"p1id":"ronanlokago","p2id":"coolspotvgc","formatid":"gen9vgc2023regulationc","rating":1320,"private":0,"password":""}