{"id":"gen9vgc2023regulationc-1863978816","p1":"seismattersCORNER","p2":"GigaChad_Hammer","format":"[Gen 9] VGC 2023 Regulation C","log":"|j|\u2606seismattersCORNER\n|j|\u2606GigaChad_Hammer\n|t:|1684100626\n|gametype|doubles\n|player|p1|seismattersCORNER|emmet|1315\n|player|p2|GigaChad_Hammer|hiker-gen4|1267\n|teamsize|p1|6\n|teamsize|p2|6\n|gen|9\n|tier|[Gen 9] VGC 2023 Regulation C\n|rated|\n|rule|Species Clause: Limit one of each Pok\u00e9mon\n|rule|Item Clause: Limit one of each item\n|clearpoke\n|poke|p1|Palafin, L50, F|\n|poke|p1|Arcanine, L50, M|\n|poke|p1|Amoonguss, L50, F|\n|poke|p1|Flutter Mane, L50|\n|poke|p1|Iron Bundle, L50|\n|poke|p1|Dragonite, L50, M|\n|poke|p2|Iron Bundle, L50|\n|poke|p2|Arcanine, L50, F|\n|poke|p2|Garganacl, L50, M|\n|poke|p2|Amoonguss, L50, F|\n|poke|p2|Salamence, L50, M|\n|poke|p2|Ting-Lu, L50|\n|teampreview|4\nseismattersCORNER has agreed to open team sheets.\n|inactive|Battle timer is ON: inactive players will automatically lose when time's up. (requested by seismattersCORNER)\nGigaChad_Hammer rejected open team sheets.\n|inactive|seismattersCORNER has 60 seconds left.\n|\n|t:|1684100666\n|start\n|switch|p1a: Iron Bundle|Iron Bundle, L50|100\/100\n|switch|p1b: Flutter Mane|Flutter Mane, L50|100\/100\n|switch|p2a: Garganacl|Garganacl, L50, M|100\/100\n|switch|p2b: Iron Bundle|Iron Bundle, L50|100\/100\n|-enditem|p1a: Iron Bundle|Booster Energy\n|-activate|p1a: Iron Bundle|ability: Quark Drive|[fromitem]\n|-start|p1a: Iron Bundle|quarkdrivespe\n|turn|1\n|\n|t:|1684100686\n|-terastallize|p1b: Flutter Mane|Fairy\n|move|p2a: Garganacl|Protect|p2a: Garganacl\n|-singleturn|p2a: Garganacl|Protect\n|move|p1a: Iron Bundle|Hydro Pump|p2a: Garganacl\n|-activate|p2a: Garganacl|move: Protect\n|move|p2b: Iron Bundle|Icy Wind|p1a: Iron Bundle|[spread] p1b\n|-miss|p2b: Iron Bundle|p1a: Iron Bundle\n|-damage|p1b: Flutter Mane|80\/100\n|-unboost|p1b: Flutter Mane|spe|1\n|move|p1b: Flutter Mane|Moonblast|p2a: Garganacl\n|-activate|p2a: Garganacl|move: Protect\n|\n|upkeep\n|turn|2\n|\n|t:|1684100704\n|-terastallize|p2a: Garganacl|Ghost\n|move|p1a: Iron Bundle|Hydro Pump|p2a: Garganacl\n|-damage|p2a: Garganacl|48\/100\n|move|p2b: Iron Bundle|Icy Wind|p1a: Iron Bundle|[spread] p1a,p1b\n|-resisted|p1a: Iron Bundle\n|-damage|p1a: Iron Bundle|91\/100\n|-damage|p1b: Flutter Mane|59\/100\n|-unboost|p1a: Iron Bundle|spe|1\n|-unboost|p1b: Flutter Mane|spe|1\n|move|p1b: Flutter Mane|Moonblast|p2a: Garganacl\n|-damage|p2a: Garganacl|0 fnt\n|faint|p2a: Garganacl\n|-damage|p1b: Flutter Mane|49\/100|[from] item: Life Orb\n|\n|upkeep\n|inactive|GigaChad_Hammer has 30 seconds left.\n|inactive|GigaChad_Hammer has 20 seconds left.\n|inactive|GigaChad_Hammer has 15 seconds left.\n|\n|t:|1684100745\n|switch|p2a: Amoonguss|Amoonguss, L50, F, shiny|100\/100\n|turn|3\n|\n|t:|1684100756\n|-end|p1b: Flutter Mane|Protosynthesis|[silent]\n|switch|p1b: Arcanine|Arcanine, L50, M|100\/100\n|-ability|p1b: Arcanine|Intimidate|boost\n|-unboost|p2a: Amoonguss|atk|1\n|-unboost|p2b: Iron Bundle|atk|1\n|move|p1a: Iron Bundle|Protect|p1a: Iron Bundle\n|-singleturn|p1a: Iron Bundle|Protect\n|move|p2b: Iron Bundle|Icy Wind|p1b: Arcanine|[spread] p1b\n|-activate|p1a: Iron Bundle|move: Protect\n|-resisted|p1b: Arcanine\n|-damage|p1b: Arcanine|90\/100\n|-unboost|p1b: Arcanine|spe|1\n|move|p2a: Amoonguss|Spore|p1a: Iron Bundle\n|-activate|p1a: Iron Bundle|move: Protect\n|\n|upkeep\n|turn|4\n|inactive|seismattersCORNER has 30 seconds left.\n|\n|t:|1684100787\n|move|p2a: Amoonguss|Protect|p2a: Amoonguss\n|-singleturn|p2a: Amoonguss|Protect\n|move|p2b: Iron Bundle|Hydro Pump|p1b: Arcanine\n|-supereffective|p1b: Arcanine\n|-damage|p1b: Arcanine|0 fnt\n|faint|p1b: Arcanine\n|move|p1a: Iron Bundle|Freeze-Dry|p2b: Iron Bundle\n|-damage|p2b: Iron Bundle|33\/100\n|\n|upkeep\n|\n|t:|1684100800\n|switch|p1b: Dragonite|Dragonite, L50, M|100\/100\n|turn|5\n|\n|t:|1684100809\n|-end|p2b: Iron Bundle|Quark Drive|[silent]\n|switch|p2b: Salamence|Salamence, L50, M|100\/100\n|-ability|p2b: Salamence|Intimidate|boost\n|-unboost|p1a: Iron Bundle|atk|1\n|-unboost|p1b: Dragonite|atk|1\n|move|p1b: Dragonite|Protect|p1b: Dragonite\n|-singleturn|p1b: Dragonite|Protect\n|move|p1a: Iron Bundle|Freeze-Dry|p2b: Salamence\n|-supereffective|p2b: Salamence\n|-damage|p2b: Salamence|0 fnt\n|faint|p2b: Salamence\n|move|p2a: Amoonguss|Spore|p1b: Dragonite\n|-activate|p1b: Dragonite|move: Protect\n|\n|upkeep\n|\n|t:|1684100820\n|switch|p2b: Iron Bundle|Iron Bundle, L50|33\/100\n|turn|6\n|\n|t:|1684100835\n|move|p2b: Iron Bundle|Protect|p2b: Iron Bundle\n|-singleturn|p2b: Iron Bundle|Protect\n|move|p1a: Iron Bundle|Protect|p1a: Iron Bundle\n|-singleturn|p1a: Iron Bundle|Protect\n|move|p1b: Dragonite|Extreme Speed|p2b: Iron Bundle\n|-activate|p2b: Iron Bundle|move: Protect\n|move|p2a: Amoonguss|Spore|p1a: Iron Bundle\n|-activate|p1a: Iron Bundle|move: Protect\n|\n|upkeep\n|turn|7\n|\n|t:|1684100850\n|move|p2a: Amoonguss|Rage Powder|p2a: Amoonguss\n|-singleturn|p2a: Amoonguss|move: Rage Powder\n|move|p2b: Iron Bundle|Encore|p1a: Iron Bundle\n|-start|p1a: Iron Bundle|Encore\n|move|p1a: Iron Bundle|Protect||[still]\n|-fail|p1a: Iron Bundle\n|move|p1b: Dragonite|Stomping Tantrum|p2a: Amoonguss\n|-damage|p2a: Amoonguss|79\/100\n|\n|upkeep\n|turn|8\n|\n|t:|1684100866\n|move|p1a: Iron Bundle|Protect|p1a: Iron Bundle\n|-singleturn|p1a: Iron Bundle|Protect\n|move|p1b: Dragonite|Extreme Speed|p2b: Iron Bundle\n|-damage|p2b: Iron Bundle|10\/100\n|move|p2b: Iron Bundle|Icy Wind|p1a: Iron Bundle|[spread] p1b\n|-activate|p1a: Iron Bundle|move: Protect\n|-supereffective|p1b: Dragonite\n|-damage|p1b: Dragonite|65\/100\n|-unboost|p1b: Dragonite|spe|1\n|move|p2a: Amoonguss|Pollen Puff|p2b: Iron Bundle\n|-heal|p2b: Iron Bundle|59\/100\n|\n|upkeep\n|turn|9\n|\n|t:|1684100884\n|move|p1a: Iron Bundle|Protect||[still]\n|-fail|p1a: Iron Bundle\n|move|p1b: Dragonite|Extreme Speed|p2b: Iron Bundle\n|-damage|p2b: Iron Bundle|36\/100\n|move|p2b: Iron Bundle|Icy Wind|p1a: Iron Bundle|[spread] p1a,p1b\n|-resisted|p1a: Iron Bundle\n|-supereffective|p1b: Dragonite\n|-damage|p1a: Iron Bundle|82\/100\n|-damage|p1b: Dragonite|0 fnt\n|-unboost|p1a: Iron Bundle|spe|1\n|faint|p1b: Dragonite\n|move|p2a: Amoonguss|Spore|p1a: Iron Bundle\n|-status|p1a: Iron Bundle|slp|[from] move: Spore\n|\n|-end|p1a: Iron Bundle|Encore\n|upkeep\n|\n|t:|1684100897\n|switch|p1b: Flutter Mane|Flutter Mane, L50, tera:Fairy|49\/100\n|turn|10\n|\n|t:|1684100909\n|move|p2a: Amoonguss|Rage Powder|p2a: Amoonguss\n|-singleturn|p2a: Amoonguss|move: Rage Powder\n|move|p2b: Iron Bundle|Icy Wind|p1a: Iron Bundle|[spread] p1a,p1b\n|-resisted|p1a: Iron Bundle\n|-damage|p1a: Iron Bundle|72\/100 slp\n|-damage|p1b: Flutter Mane|28\/100\n|-unboost|p1a: Iron Bundle|spe|1\n|-unboost|p1b: Flutter Mane|spe|1\n|move|p1b: Flutter Mane|Moonblast|p2a: Amoonguss\n|-resisted|p2a: Amoonguss\n|-damage|p2a: Amoonguss|48\/100\n|-enditem|p2a: Amoonguss|Sitrus Berry|[eat]\n|-heal|p2a: Amoonguss|73\/100|[from] item: Sitrus Berry\n|-damage|p1b: Flutter Mane|18\/100|[from] item: Life Orb\n|cant|p1a: Iron Bundle|slp\n|\n|upkeep\n|turn|11\n|\n|t:|1684100928\n|move|p1b: Flutter Mane|Protect|p1b: Flutter Mane\n|-singleturn|p1b: Flutter Mane|Protect\n|move|p2b: Iron Bundle|Hydro Pump|p1b: Flutter Mane\n|-activate|p1b: Flutter Mane|move: Protect\n|-curestatus|p1a: Iron Bundle|slp|[msg]\n|move|p1a: Iron Bundle|Freeze-Dry|p2b: Iron Bundle\n|-damage|p2b: Iron Bundle|0 fnt\n|faint|p2b: Iron Bundle\n|-end|p2b: Iron Bundle|Quark Drive|[silent]\n|move|p2a: Amoonguss|Pollen Puff|p2: Iron Bundle|[notarget]\n|-fail|p2a: Amoonguss\n|\n|upkeep\n|turn|12\n|-message|GigaChad_Hammer forfeited.\n|\n|win|seismattersCORNER\n|raw|seismattersCORNER's rating: 1315 → 1332<\/strong> (+17 for winning)\n|raw|GigaChad_Hammer's rating: 1267 → 1245<\/strong> (-22 for losing)\n|l|\u2606GigaChad_Hammer\n","uploadtime":1684100944,"views":16,"p1id":"seismatterscorner","p2id":"gigachadhammer","formatid":"gen9vgc2023regulationc","rating":1245,"private":0,"password":""}