{"id":"gen9vgc2023regulationc-1864077215","p1":"AKnight030","p2":"HeroicPKMN","format":"[Gen 9] VGC 2023 Regulation C","log":"|j|\u2606AKnight030\n|j|\u2606HeroicPKMN\n|t:|1684114148\n|gametype|doubles\n|player|p1|AKnight030|102|1209\n|player|p2|HeroicPKMN|266|1199\n|teamsize|p1|6\n|teamsize|p2|6\n|gen|9\n|tier|[Gen 9] VGC 2023 Regulation C\n|rated|\n|rule|Species Clause: Limit one of each Pok\u00e9mon\n|rule|Item Clause: Limit one of each item\n|clearpoke\n|poke|p1|Ting-Lu, L50|\n|poke|p1|Jumpluff, L50, M|\n|poke|p1|Dragonite, L50, M|\n|poke|p1|Flamigo, L50, F|\n|poke|p1|Dondozo, L50, M|\n|poke|p1|Tatsugiri, L50, M|\n|poke|p2|Chi-Yu, L50|\n|poke|p2|Iron Bundle, L50|\n|poke|p2|Flutter Mane, L50|\n|poke|p2|Amoonguss, L50, M|\n|poke|p2|Scream Tail, L50|\n|poke|p2|Gothitelle, L50, F|\n|teampreview|4\n|inactive|Battle timer is ON: inactive players will automatically lose when time's up. (requested by AKnight030)\nHeroicPKMN has agreed to open team sheets.\n|\n|t:|1684114169\n|start\n|switch|p1a: Ting-Lu|Ting-Lu, L50|100\/100\n|switch|p1b: Jumpluff|Jumpluff, L50, M|100\/100\n|switch|p2a: Chi-Yu|Chi-Yu, L50|100\/100\n|switch|p2b: Iron Bundle|Iron Bundle, L50|100\/100\n|-ability|p2a: Chi-Yu|Beads of Ruin\n|-ability|p1a: Ting-Lu|Vessel of Ruin\n|-enditem|p2b: Iron Bundle|Booster Energy\n|-activate|p2b: Iron Bundle|ability: Quark Drive|[fromitem]\n|-start|p2b: Iron Bundle|quarkdrivespe\n|turn|1\n|\n|t:|1684114192\n|move|p2b: Iron Bundle|Icy Wind|p1a: Ting-Lu|[spread] p1a,p1b\n|-supereffective|p1a: Ting-Lu\n|-supereffective|p1b: Jumpluff\n|-damage|p1a: Ting-Lu|66\/100\n|-damage|p1b: Jumpluff|15\/100\n|-unboost|p1a: Ting-Lu|spe|1\n|-unboost|p1b: Jumpluff|spe|1\n|-enditem|p1a: Ting-Lu|Weakness Policy\n|-boost|p1a: Ting-Lu|atk|2|[from] item: Weakness Policy\n|-boost|p1a: Ting-Lu|spa|2|[from] item: Weakness Policy\n|move|p2a: Chi-Yu|Heat Wave|p1a: Ting-Lu|[spread] p1a,p1b\n|-supereffective|p1b: Jumpluff\n|-damage|p1a: Ting-Lu|36\/100\n|-damage|p1b: Jumpluff|0 fnt\n|faint|p1b: Jumpluff\n|move|p1a: Ting-Lu|Earthquake|p2a: Chi-Yu|[spread] p2a,p2b\n|-supereffective|p2a: Chi-Yu\n|-enditem|p2a: Chi-Yu|Focus Sash\n|-damage|p2a: Chi-Yu|1\/100\n|-damage|p2b: Iron Bundle|7\/100\n|\n|upkeep\n|\n|t:|1684114214\n|switch|p1b: Dondozo|Dondozo, L50, M|100\/100\n|turn|2\n|\n|t:|1684114229\n|-terastallize|p2b: Iron Bundle|Ice\n|move|p1b: Dondozo|Protect|p1b: Dondozo\n|-singleturn|p1b: Dondozo|Protect\n|move|p2b: Iron Bundle|Freeze-Dry|p1b: Dondozo\n|-activate|p1b: Dondozo|move: Protect\n|move|p2a: Chi-Yu|Dark Pulse|p1a: Ting-Lu\n|-resisted|p1a: Ting-Lu\n|-damage|p1a: Ting-Lu|18\/100\n|move|p1a: Ting-Lu|Throat Chop|p2b: Iron Bundle\n|-damage|p2b: Iron Bundle|0 fnt\n|faint|p2b: Iron Bundle\n|-end|p2b: Iron Bundle|Quark Drive|[silent]\n|\n|upkeep\n|\n|t:|1684114240\n|switch|p2b: Scream Tail|Scream Tail, L50|100\/100\n|turn|3\n|\n|t:|1684114251\n|move|p2b: Scream Tail|Perish Song|p2b: Scream Tail\n|-start|p1a: Ting-Lu|perish3|[silent]\n|-start|p1b: Dondozo|perish3|[silent]\n|-start|p2a: Chi-Yu|perish3|[silent]\n|-start|p2b: Scream Tail|perish3|[silent]\n|-fieldactivate|move: Perish Song\n|move|p2a: Chi-Yu|Heat Wave|p1a: Ting-Lu|[spread] p1a,p1b\n|-resisted|p1b: Dondozo\n|-damage|p1a: Ting-Lu|0 fnt\n|-damage|p1b: Dondozo|82\/100\n|-status|p1b: Dondozo|brn\n|faint|p1a: Ting-Lu\n|move|p1b: Dondozo|Body Press|p2a: Chi-Yu\n|-supereffective|p2a: Chi-Yu\n|-damage|p2a: Chi-Yu|0 fnt\n|faint|p2a: Chi-Yu\n|\n|-heal|p1b: Dondozo|88\/100 brn|[from] item: Leftovers\n|-damage|p1b: Dondozo|82\/100 brn|[from] brn\n|-start|p2b: Scream Tail|perish3\n|-start|p1b: Dondozo|perish3\n|upkeep\n|\n|t:|1684114265\n|switch|p2a: Gothitelle|Gothitelle, L50, F|100\/100\n|switch|p1a: Tatsugiri|Tatsugiri, L50, M|100\/100\n|-activate|p1a: Tatsugiri|ability: Commander|[of] p1b: Dondozo\n|-boost|p1b: Dondozo|atk|2\n|-boost|p1b: Dondozo|spa|2\n|-boost|p1b: Dondozo|spe|2\n|-boost|p1b: Dondozo|def|2\n|-boost|p1b: Dondozo|spd|2\n|turn|4\n|\n|t:|1684114288\n|move|p2a: Gothitelle|Fake Out|p1b: Dondozo\n|-damage|p1b: Dondozo|80\/100 brn\n|move|p2b: Scream Tail|Play Rough|p1b: Dondozo\n|-damage|p1b: Dondozo|74\/100 brn\n|-unboost|p1b: Dondozo|atk|1\n|cant|p1b: Dondozo|flinch\n|\n|-heal|p1b: Dondozo|81\/100 brn|[from] item: Leftovers\n|-damage|p1b: Dondozo|74\/100 brn|[from] brn\n|-start|p2b: Scream Tail|perish2\n|-start|p1b: Dondozo|perish2\n|upkeep\n|turn|5\n|\n|t:|1684114303\n|move|p2b: Scream Tail|Protect|p2b: Scream Tail\n|-singleturn|p2b: Scream Tail|Protect\n|move|p2a: Gothitelle|Protect|p2a: Gothitelle\n|-singleturn|p2a: Gothitelle|Protect\n|move|p1b: Dondozo|Wave Crash|p2a: Gothitelle\n|-activate|p2a: Gothitelle|move: Protect\n|\n|-heal|p1b: Dondozo|81\/100 brn|[from] item: Leftovers\n|-damage|p1b: Dondozo|74\/100 brn|[from] brn\n|-start|p2b: Scream Tail|perish1\n|-start|p1b: Dondozo|perish1\n|upkeep\n|turn|6\n|\n|t:|1684114322\n|move|p2b: Scream Tail|Disable|p1b: Dondozo\n|-start|p1b: Dondozo|Disable|Wave Crash\n|cant|p1b: Dondozo|Disable|Wave Crash\n|move|p2a: Gothitelle|Psychic|p1b: Dondozo\n|-damage|p1b: Dondozo|60\/100 brn\n|\n|-heal|p1b: Dondozo|67\/100 brn|[from] item: Leftovers\n|-damage|p1b: Dondozo|60\/100 brn|[from] brn\n|-start|p2b: Scream Tail|perish0\n|-start|p1b: Dondozo|perish0\n|upkeep\n|faint|p2b: Scream Tail\n|-end|p2b: Scream Tail|Protosynthesis|[silent]\n|faint|p1b: Dondozo\n|turn|7\n|\n|t:|1684114340\n|-terastallize|p1a: Tatsugiri|Fairy\n|move|p1a: Tatsugiri|Draco Meteor|p2a: Gothitelle\n|-damage|p2a: Gothitelle|59\/100\n|-unboost|p1a: Tatsugiri|spa|2\n|move|p2a: Gothitelle|Psychic|p1a: Tatsugiri\n|-damage|p1a: Tatsugiri|64\/100\n|-unboost|p1a: Tatsugiri|spd|1\n|\n|-heal|p2a: Gothitelle|65\/100|[from] item: Leftovers\n|upkeep\n|turn|8\n|\n|t:|1684114352\n|move|p1a: Tatsugiri|Muddy Water|p2a: Gothitelle|[miss]\n|-miss|p1a: Tatsugiri|p2a: Gothitelle\n|move|p2a: Gothitelle|Psychic|p1a: Tatsugiri\n|-damage|p1a: Tatsugiri|7\/100\n|-enditem|p1a: Tatsugiri|Iapapa Berry|[eat]\n|-heal|p1a: Tatsugiri|40\/100|[from] item: Iapapa Berry\n|\n|-heal|p2a: Gothitelle|72\/100|[from] item: Leftovers\n|upkeep\n|turn|9\n|\n|t:|1684114360\n|move|p1a: Tatsugiri|Muddy Water|p2a: Gothitelle\n|-damage|p2a: Gothitelle|56\/100\n|move|p2a: Gothitelle|Psychic|p1a: Tatsugiri\n|-damage|p1a: Tatsugiri|0 fnt\n|faint|p1a: Tatsugiri\n|\n|win|HeroicPKMN\n|raw|AKnight030's rating: 1209 → 1183<\/strong> (-26 for losing)\n|raw|HeroicPKMN's rating: 1199 → 1225<\/strong> (+26 for winning)\n|l|\u2606AKnight030\n","uploadtime":1684114366,"views":15,"p1id":"aknight030","p2id":"heroicpkmn","formatid":"gen9vgc2023regulationc","rating":1183,"private":0,"password":""}