{"id":"gen9vgc2023regulationc-1846325681","p1":"Matutinha","p2":"Il Mule","format":"[Gen 9] VGC 2023 Regulation C","log":"|j|\u2606Matutinha\n|j|\u2606Il Mule\n|t:|1681831816\n|gametype|doubles\n|player|p1|Matutinha|102|1732\n|player|p2|Il Mule|youngster-gen4dp|1769\n|teamsize|p1|6\n|teamsize|p2|6\n|gen|9\n|tier|[Gen 9] VGC 2023 Regulation C\n|rated|\n|rule|Species Clause: Limit one of each Pok\u00e9mon\n|rule|Item Clause: Limit one of each item\n|clearpoke\n|poke|p1|Sableye, L50, F|\n|poke|p1|Iron Bundle, L50|\n|poke|p1|Abomasnow, L50, M|\n|poke|p1|Ting-Lu, L50|\n|poke|p1|Dragonite, L50, M|\n|poke|p1|Chien-Pao, L50|\n|poke|p2|Great Tusk, L50|\n|poke|p2|Azumarill, L50, M|\n|poke|p2|Chi-Yu, L50|\n|poke|p2|Iron Bundle, L50|\n|poke|p2|Brute Bonnet, L50|\n|poke|p2|Gholdengo, L50|\n|teampreview|4\nIl Mule has agreed to open team sheets.\n|j| Xerneas Abuser\n|j| DanielSeal\n|inactive|Battle timer is ON: inactive players will automatically lose when time's up. (requested by Matutinha)\n|\n|t:|1681831866\n|start\n|switch|p1a: Sableye|Sableye, L50, F|100\/100\n|switch|p1b: Ting-Lu|Ting-Lu, L50|100\/100\n|switch|p2a: Ciance|Gholdengo, L50|100\/100\n|switch|p2b: Bando|Iron Bundle, L50|100\/100\n|-ability|p1b: Ting-Lu|Vessel of Ruin\n|-enditem|p2b: Bando|Booster Energy\n|-activate|p2b: Bando|ability: Quark Drive|[fromitem]\n|-start|p2b: Bando|quarkdrivespe\n|turn|1\n|j| rovesciaporci\n|c| rovesciaporci|io gli fornirei un paio di occhiali da lettura\n|\n|t:|1681831889\n|-terastallize|p2a: Ciance|Water\n|move|p2b: Bando|Protect|p2b: Bando\n|-singleturn|p2b: Bando|Protect\n|move|p1a: Sableye|Light Screen|p1a: Sableye\n|-sidestart|p1: Matutinha|move: Light Screen\n|move|p2a: Ciance|Trick|p1b: Ting-Lu\n|-activate|p2a: Ciance|move: Trick|[of] p1b: Ting-Lu\n|-item|p1b: Ting-Lu|Choice Specs|[from] move: Trick\n|-item|p2a: Ciance|Clear Amulet|[from] move: Trick\n|move|p1b: Ting-Lu|Bulldoze|p2a: Ciance|[spread] p1a,p2a\n|-activate|p2b: Bando|move: Protect\n|-damage|p1a: Sableye|72\/100\n|-damage|p2a: Ciance|82\/100\n|-unboost|p1a: Sableye|spe|1\n|\n|upkeep\n|turn|2\n|inactive|Matutinha has 30 seconds left.\n|inactive|Il Mule has 30 seconds left.\n|j| ultima run\n|inactive|Il Mule has 20 seconds left.\n|inactive|Il Mule has 15 seconds left.\n|inactive|Il Mule has 10 seconds left.\n|inactive|Il Mule has 5 seconds left.\n|\n|t:|1681831940\n|move|p1a: Sableye|Encore|p2b: Bando\n|-start|p2b: Bando|Encore\n|move|p2b: Bando|Protect|p2b: Bando\n|-singleturn|p2b: Bando|Protect\n|move|p2a: Ciance|Shadow Ball|p1a: Sableye\n|-damage|p1a: Sableye|47\/100\n|move|p1b: Ting-Lu|Bulldoze|p2a: Ciance|[spread] p1a,p2a\n|-activate|p2b: Bando|move: Protect\n|-damage|p1a: Sableye|20\/100\n|-damage|p2a: Ciance|60\/100\n|-unboost|p1a: Sableye|spe|1\n|\n|upkeep\n|turn|3\n|inactive|Il Mule has 30 seconds left.\n|inactive|Il Mule has 20 seconds left.\n|\n|t:|1681831979\n|move|p2b: Bando|Protect||[still]\n|-fail|p2b: Bando\n|move|p1a: Sableye|Reflect|p1a: Sableye\n|-sidestart|p1: Matutinha|Reflect\n|move|p2a: Ciance|Shadow Ball|p1b: Ting-Lu\n|-resisted|p1b: Ting-Lu\n|-damage|p1b: Ting-Lu|93\/100\n|move|p1b: Ting-Lu|Bulldoze|p2b: Bando|[spread] p1a,p2a,p2b\n|-crit|p2b: Bando\n|-damage|p1a: Sableye|1\/100\n|-damage|p2a: Ciance|40\/100\n|-damage|p2b: Bando|60\/100\n|-unboost|p1a: Sableye|spe|1\n|-unboost|p2b: Bando|spe|1\n|\n|upkeep\n|turn|4\n|inactive|Matutinha has 30 seconds left.\n|\n|t:|1681832004\n|move|p2b: Bando|Protect|p2b: Bando\n|-singleturn|p2b: Bando|Protect\n|move|p1a: Sableye|Taunt|p2b: Bando\n|-activate|p2b: Bando|move: Protect\n|move|p2a: Ciance|Shadow Ball|p1b: Ting-Lu\n|-resisted|p1b: Ting-Lu\n|-damage|p1b: Ting-Lu|85\/100\n|move|p1b: Ting-Lu|Bulldoze|p2a: Ciance|[spread] p1a,p2a\n|-activate|p2b: Bando|move: Protect\n|-damage|p1a: Sableye|0 fnt\n|-damage|p2a: Ciance|21\/100\n|faint|p1a: Sableye\n|\n|-end|p2b: Bando|Encore\n|upkeep\n|\n|t:|1681832013\n|switch|p1a: Iron Bundle|Iron Bundle, L50|100\/100\n|-enditem|p1a: Iron Bundle|Booster Energy\n|-activate|p1a: Iron Bundle|ability: Quark Drive|[fromitem]\n|-start|p1a: Iron Bundle|quarkdrivespe\n|turn|5\n|\n|t:|1681832034\n|move|p1a: Iron Bundle|Protect|p1a: Iron Bundle\n|-singleturn|p1a: Iron Bundle|Protect\n|move|p2b: Bando|Freeze-Dry|p1b: Ting-Lu\n|-supereffective|p1b: Ting-Lu\n|-damage|p1b: Ting-Lu|55\/100\n|move|p2a: Ciance|Make It Rain|p1b: Ting-Lu|[spread] p1b\n|-activate|p1a: Iron Bundle|move: Protect\n|-crit|p1b: Ting-Lu\n|-damage|p1b: Ting-Lu|14\/100\n|-unboost|p2a: Ciance|spa|1\n|move|p1b: Ting-Lu|Bulldoze|p2b: Bando|[spread] p2a,p2b\n|-activate|p1a: Iron Bundle|move: Protect\n|-damage|p2a: Ciance|0 fnt\n|-damage|p2b: Bando|33\/100\n|-unboost|p2b: Bando|spe|1\n|faint|p2a: Ciance\n|\n|upkeep\n|\n|t:|1681832055\n|switch|p2a: Tasconi|Great Tusk, L50|100\/100\n|turn|6\n|\n|t:|1681832075\n|switch|p1b: Abomasnow|Abomasnow, L50, M|100\/100\n|-weather|Snow|[from] ability: Snow Warning|[of] p1b: Abomasnow\n|-terastallize|p1a: Iron Bundle|Ice\n|move|p1a: Iron Bundle|Blizzard|p2a: Tasconi|[spread] p2a,p2b\n|-supereffective|p2a: Tasconi\n|-resisted|p2b: Bando\n|-enditem|p2a: Tasconi|Focus Sash\n|-damage|p2a: Tasconi|1\/100\n|-damage|p2b: Bando|6\/100\n|move|p2b: Bando|Freeze-Dry|p1b: Abomasnow\n|-damage|p1b: Abomasnow|77\/100\n|move|p2a: Tasconi|Close Combat|p1a: Iron Bundle\n|-supereffective|p1a: Iron Bundle\n|-damage|p1a: Iron Bundle|27\/100\n|-unboost|p2a: Tasconi|def|1\n|-unboost|p2a: Tasconi|spd|1\n|\n|-weather|Snow|[upkeep]\n|upkeep\n|turn|7\n|c| rovesciaporci|ora tanka cc\n|c| rovesciaporci|eccolo\n|c|\u2606Il Mule|non me l'aspettavo\n|c|\u2606Il Mule|persa\n|c| rovesciaporci|velo e boost della neve\n|inactive|Matutinha has 30 seconds left.\n|inactive|Il Mule has 30 seconds left.\n|c|\u2606Il Mule|dovevo doppiare\n|c|\u2606Il Mule|ha ragione il mio amico\n|inactive|Il Mule has 20 seconds left.\n|\n|t:|1681832114\n|switch|p1b: Ting-Lu|Ting-Lu, L50|14\/100\n|-ability|p1b: Ting-Lu|Vessel of Ruin\n|move|p2a: Tasconi|Protect|p2a: Tasconi\n|-singleturn|p2a: Tasconi|Protect\n|move|p1a: Iron Bundle|Blizzard|p2b: Bando|[spread] p2b\n|-activate|p2a: Tasconi|move: Protect\n|-resisted|p2b: Bando\n|-damage|p2b: Bando|0 fnt\n|faint|p2b: Bando\n|-end|p2b: Bando|Quark Drive|[silent]\n|\n|-weather|Snow|[upkeep]\n|upkeep\n|\n|t:|1681832123\n|switch|p2b: Dentoni|Chi-Yu, L50|100\/100\n|-ability|p2b: Dentoni|Beads of Ruin\n|turn|8\n|c|\u2606Il Mule|miss di pompa e si vince\n|c|\u2606Il Mule|le mani al cielo\n|c| rovesciaporci|magari non ce l'ha\n|c| rovesciaporci|ma poi la reggi sotto torre\n|c|\u2606Il Mule|mai visto un bundle senza pompa\n|c| rovesciaporci|o sbaglio?\n|inactive|Matutinha has 30 seconds left.\n|inactive|Il Mule has 30 seconds left.\n|c|\u2606Il Mule|la toglie la torre\n|j| Raffalo\n|c|\u2606Il Mule|non \u00e8 un fesso\n|c| rovesciaporci|fesserie\n|inactive|Il Mule has 20 seconds left.\n|inactive|Il Mule has 15 seconds left.\n|inactive|Il Mule has 10 seconds left.\n|\n|t:|1681832171\n|move|p1a: Iron Bundle|Protect|p1a: Iron Bundle\n|-singleturn|p1a: Iron Bundle|Protect\n|move|p2b: Dentoni|Protect|p2b: Dentoni\n|-singleturn|p2b: Dentoni|Protect\n|move|p2a: Tasconi|Close Combat|p1a: Iron Bundle\n|-activate|p1a: Iron Bundle|move: Protect\n|move|p1b: Ting-Lu|Earthquake|p2b: Dentoni|[spread] p2a\n|-activate|p1a: Iron Bundle|move: Protect\n|-activate|p2b: Dentoni|move: Protect\n|-damage|p2a: Tasconi|0 fnt\n|faint|p2a: Tasconi\n|-end|p2a: Tasconi|Protosynthesis|[silent]\n|\n|-weather|Snow|[upkeep]\n|-sideend|p1: Matutinha|move: Light Screen\n|upkeep\n|turn|9\n|c| Xerneas Abuser|bravo lui\n|c|\u2606Il Mule|corretto\n|\n|t:|1681832193\n|move|p1a: Iron Bundle|Hydro Pump|p2b: Dentoni|[miss]\n|-miss|p1a: Iron Bundle|p2b: Dentoni\n|move|p2b: Dentoni|Heat Wave|p1a: Iron Bundle|[spread] p1a,p1b\n|-supereffective|p1a: Iron Bundle\n|-damage|p1a: Iron Bundle|0 fnt\n|-damage|p1b: Ting-Lu|0 fnt\n|faint|p1a: Iron Bundle\n|-end|p1a: Iron Bundle|Quark Drive|[silent]\n|faint|p1b: Ting-Lu\n|\n|-weather|Snow|[upkeep]\n|upkeep\n|\n|t:|1681832198\n|switch|p1b: Abomasnow|Abomasnow, L50, M|77\/100\n|turn|10\n|c| rovesciaporci|e quanto \u00e8 facile\n|c|\u2606Il Mule|l'avrei retta\n|c| Xerneas Abuser|si\n|j| DondozoCrowned\n|c| rovesciaporci|ora miss earth power cit\n|\n|t:|1681832212\n|move|p2b: Dentoni|Heat Wave|p1b: Abomasnow\n|-supereffective|p1b: Abomasnow\n|-damage|p1b: Abomasnow|0 fnt\n|faint|p1b: Abomasnow\n|\n|win|Il Mule\n|raw|Matutinha's rating: 1732 → 1714<\/strong> (-18 for losing)\n|raw|Il Mule's rating: 1769 → 1787<\/strong> (+18 for winning)\n|c| rovesciaporci|crit\n|l|\u2606Matutinha\n|c| rovesciaporci|niente\n","uploadtime":1681832219,"views":11,"p1id":"matutinha","p2id":"ilmule","formatid":"gen9vgc2023regulationc","rating":1714,"private":0,"password":""}