{"id":"gen9vgc2023regulationc-1863448824","p1":"L2B4D","p2":"RIPTheDollarMenu","format":"[Gen 9] VGC 2023 Regulation C","log":"|j|\u2606L2B4D\n|j|\u2606RIPTheDollarMenu\n|t:|1684018644\n|gametype|doubles\n|player|p1|L2B4D|n|1243\n|player|p2|RIPTheDollarMenu|waiter-gen4|1301\n|teamsize|p1|6\n|teamsize|p2|6\n|gen|9\n|tier|[Gen 9] VGC 2023 Regulation C\n|rated|\n|rule|Species Clause: Limit one of each Pok\u00e9mon\n|rule|Item Clause: Limit one of each item\n|clearpoke\n|poke|p1|Hawlucha, L50, M|\n|poke|p1|Indeedee-F, L50, F|\n|poke|p1|Armarouge, L50, M|\n|poke|p1|Palafin, L50, F|\n|poke|p1|Sandy Shocks, L50|\n|poke|p1|Chien-Pao, L50|\n|poke|p2|Tyranitar, L50, M|\n|poke|p2|Garchomp, L50, F|\n|poke|p2|Scream Tail, L50|\n|poke|p2|Corviknight, L50, F|\n|poke|p2|Gyarados, L50, F|\n|poke|p2|Iron Hands, L50|\n|teampreview|4\n|inactive|Battle timer is ON: inactive players will automatically lose when time's up. (requested by L2B4D)\n|inactive|RIPTheDollarMenu has 60 seconds left.\n|\n|t:|1684018703\n|start\n|switch|p1a: Indeedee|Indeedee-F, L50, F|100\/100\n|switch|p1b: Armarouge|Armarouge, L50, M, shiny|100\/100\n|switch|p2a: Mogaru|Garchomp, L50, F|100\/100\n|switch|p2b: Leviathan|Gyarados, L50, F|100\/100\n|-ability|p2b: Leviathan|Intimidate|boost\n|-unboost|p1a: Indeedee|atk|1\n|-unboost|p1b: Armarouge|atk|1\n|-fieldstart|move: Psychic Terrain|[from] ability: Psychic Surge|[of] p1a: Indeedee\n|turn|1\n|\n|t:|1684018722\n|move|p1a: Indeedee|Follow Me|p1a: Indeedee\n|-singleturn|p1a: Indeedee|move: Follow Me\n|move|p2a: Mogaru|Rock Slide|p1a: Indeedee|[spread] p1a,p1b\n|-supereffective|p1b: Armarouge\n|-damage|p1a: Indeedee|84\/100\n|-damage|p1b: Armarouge|61\/100\n|move|p2b: Leviathan|Taunt|p1a: Indeedee\n|-start|p1a: Indeedee|move: Taunt\n|cant|p1b: Armarouge|flinch\n|\n|upkeep\n|turn|2\n|\n|t:|1684018737\n|move|p2a: Mogaru|Earthquake|p1a: Indeedee|[spread] p1a,p1b\n|-immune|p2b: Leviathan\n|-supereffective|p1b: Armarouge\n|-damage|p1a: Indeedee|51\/100\n|-damage|p1b: Armarouge|0 fnt\n|faint|p1b: Armarouge\n|move|p2b: Leviathan|Taunt||[still]\n|-fail|p2b: Leviathan\n|move|p1a: Indeedee|Psychic|p2a: Mogaru\n|-damage|p2a: Mogaru|56\/100\n|\n|upkeep\n|\n|t:|1684018743\n|switch|p1b: Sandy Shocks|Sandy Shocks, L50, shiny|100\/100\n|-enditem|p1b: Sandy Shocks|Booster Energy\n|-activate|p1b: Sandy Shocks|ability: Protosynthesis|[fromitem]\n|-start|p1b: Sandy Shocks|protosynthesisspe\n|turn|3\n|inactive|RIPTheDollarMenu has 30 seconds left.\n|\n|t:|1684018778\n|move|p2a: Mogaru|Protect|p2a: Mogaru\n|-singleturn|p2a: Mogaru|Protect\n|move|p1b: Sandy Shocks|Thunderbolt|p2b: Leviathan\n|-supereffective|p2b: Leviathan\n|-damage|p2b: Leviathan|0 fnt\n|faint|p2b: Leviathan\n|move|p1a: Indeedee|Psychic|p2a: Mogaru\n|-activate|p2a: Mogaru|move: Protect\n|\n|upkeep\n|\n|t:|1684018785\n|switch|p2b: Beholder|Scream Tail, L50, shiny|100\/100\n|-enditem|p2b: Beholder|Booster Energy\n|-activate|p2b: Beholder|ability: Protosynthesis|[fromitem]\n|-start|p2b: Beholder|protosynthesisspe\n|turn|4\n|inactive|RIPTheDollarMenu has 30 seconds left.\n|\n|t:|1684018812\n|-terastallize|p2b: Beholder|Grass\n|move|p1b: Sandy Shocks|Earth Power|p2a: Mogaru\n|-damage|p2a: Mogaru|14\/100\n|move|p2b: Beholder|Encore|p1b: Sandy Shocks\n|-start|p1b: Sandy Shocks|Encore\n|move|p2a: Mogaru|Earthquake|p1b: Sandy Shocks|[spread] p2b,p1a,p1b\n|-resisted|p2b: Beholder\n|-supereffective|p1b: Sandy Shocks\n|-damage|p2b: Beholder|86\/100\n|-damage|p1a: Indeedee|14\/100\n|-damage|p1b: Sandy Shocks|21\/100\n|move|p1a: Indeedee|Psychic|p2a: Mogaru\n|-damage|p2a: Mogaru|0 fnt\n|faint|p2a: Mogaru\n|\n|-end|p1a: Indeedee|move: Taunt\n|upkeep\n|\n|t:|1684018824\n|switch|p2a: Tarrasque|Tyranitar, L50, M, shiny|100\/100\n|-weather|Sandstorm|[from] ability: Sand Stream|[of] p2a: Tarrasque\n|turn|5\n|\n|t:|1684018840\n|move|p2a: Tarrasque|Protect|p2a: Tarrasque\n|-singleturn|p2a: Tarrasque|Protect\n|move|p1b: Sandy Shocks|Earth Power|p2a: Tarrasque\n|-activate|p2a: Tarrasque|move: Protect\n|move|p2b: Beholder|Dazzling Gleam|p1a: Indeedee|[spread] p1a,p1b\n|-damage|p1a: Indeedee|0 fnt\n|-damage|p1b: Sandy Shocks|3\/100\n|faint|p1a: Indeedee\n|\n|-weather|Sandstorm|[upkeep]\n|-damage|p2b: Beholder|81\/100|[from] Sandstorm\n|-fieldend|move: Psychic Terrain\n|upkeep\n|\n|t:|1684018848\n|switch|p1a: Hawlucha|Hawlucha, L50, M|100\/100\n|turn|6\n|\n|t:|1684018871\n|-terastallize|p1a: Hawlucha|Steel\n|move|p1b: Sandy Shocks|Earth Power|p2a: Tarrasque\n|-supereffective|p2a: Tarrasque\n|-damage|p2a: Tarrasque|40\/100\n|-enditem|p2a: Tarrasque|Weakness Policy\n|-boost|p2a: Tarrasque|atk|2|[from] item: Weakness Policy\n|-boost|p2a: Tarrasque|spa|2|[from] item: Weakness Policy\n|move|p2b: Beholder|Dazzling Gleam|p1a: Hawlucha|[spread] p1a,p1b\n|-resisted|p1a: Hawlucha\n|-damage|p1a: Hawlucha|88\/100\n|-damage|p1b: Sandy Shocks|0 fnt\n|faint|p1b: Sandy Shocks\n|-end|p1b: Sandy Shocks|Protosynthesis|[silent]\n|move|p1a: Hawlucha|Flying Press|p2a: Tarrasque\n|-supereffective|p2a: Tarrasque\n|-damage|p2a: Tarrasque|0 fnt\n|faint|p2a: Tarrasque\n|\n|-weather|Sandstorm|[upkeep]\n|-damage|p2b: Beholder|75\/100|[from] Sandstorm\n|upkeep\n|turn|7\n|\n|t:|1684018894\n|move|p2b: Beholder|Thunder Wave|p1a: Hawlucha\n|-status|p1a: Hawlucha|par\n|move|p1a: Hawlucha|Swords Dance|p1a: Hawlucha\n|-boost|p1a: Hawlucha|atk|2\n|\n|-weather|Sandstorm|[upkeep]\n|-damage|p2b: Beholder|69\/100|[from] Sandstorm\n|upkeep\n|turn|8\n|\n|t:|1684018899\n|move|p2b: Beholder|Encore|p1a: Hawlucha\n|-start|p1a: Hawlucha|Encore\n|move|p1a: Hawlucha|Swords Dance|p1a: Hawlucha\n|-boost|p1a: Hawlucha|atk|2\n|\n|-weather|Sandstorm|[upkeep]\n|-damage|p2b: Beholder|63\/100|[from] Sandstorm\n|upkeep\n|turn|9\n|\n|t:|1684018904\n|move|p2b: Beholder|Dazzling Gleam|p1a: Hawlucha\n|-resisted|p1a: Hawlucha\n|-damage|p1a: Hawlucha|72\/100 par\n|move|p1a: Hawlucha|Swords Dance|p1a: Hawlucha\n|-boost|p1a: Hawlucha|atk|2\n|\n|-weather|none\n|upkeep\n|turn|10\n|\n|t:|1684018906\n|move|p2b: Beholder|Dazzling Gleam|p1a: Hawlucha\n|-resisted|p1a: Hawlucha\n|-damage|p1a: Hawlucha|57\/100 par\n|move|p1a: Hawlucha|Swords Dance|p1a: Hawlucha\n|-boost|p1a: Hawlucha|atk|0\n|\n|-end|p1a: Hawlucha|Encore\n|upkeep\n|turn|11\n|\n|t:|1684018912\n|move|p1a: Hawlucha|Detect|p1a: Hawlucha\n|-singleturn|p1a: Hawlucha|Protect\n|move|p2b: Beholder|Encore|p1a: Hawlucha\n|-activate|p1a: Hawlucha|move: Protect\n|\n|upkeep\n|turn|12\n|\n|t:|1684018915\n|move|p2b: Beholder|Encore|p1a: Hawlucha\n|-start|p1a: Hawlucha|Encore\n|move|p1a: Hawlucha|Detect||[still]\n|-fail|p1a: Hawlucha\n|\n|upkeep\n|turn|13\n|\n|t:|1684018919\n|move|p1a: Hawlucha|Detect|p1a: Hawlucha\n|-singleturn|p1a: Hawlucha|Protect\n|move|p2b: Beholder|Dazzling Gleam|p1a: Hawlucha\n|-activate|p1a: Hawlucha|move: Protect\n|\n|upkeep\n|turn|14\n|\n|t:|1684018922\n|move|p1a: Hawlucha|Detect||[still]\n|-fail|p1a: Hawlucha\n|move|p2b: Beholder|Dazzling Gleam|p1a: Hawlucha\n|-resisted|p1a: Hawlucha\n|-damage|p1a: Hawlucha|41\/100 par\n|\n|-end|p1a: Hawlucha|Encore\n|upkeep\n|turn|15\n|\n|t:|1684018927\n|move|p2b: Beholder|Encore|p1a: Hawlucha\n|-start|p1a: Hawlucha|Encore\n|move|p1a: Hawlucha|Detect||[still]\n|-fail|p1a: Hawlucha\n|\n|upkeep\n|turn|16\n|\n|t:|1684018934\n|move|p1a: Hawlucha|Detect|p1a: Hawlucha\n|-singleturn|p1a: Hawlucha|Protect\n|move|p2b: Beholder|Disable|p1a: Hawlucha\n|-activate|p1a: Hawlucha|move: Protect\n|\n|upkeep\n|turn|17\n|\n|t:|1684018937\n|cant|p1a: Hawlucha|par\n|move|p2b: Beholder|Dazzling Gleam|p1a: Hawlucha\n|-resisted|p1a: Hawlucha\n|-damage|p1a: Hawlucha|26\/100 par\n|\n|-end|p1a: Hawlucha|Encore\n|upkeep\n|turn|18\n|\n|t:|1684018944\n|move|p1a: Hawlucha|Detect|p1a: Hawlucha\n|-singleturn|p1a: Hawlucha|Protect\n|move|p2b: Beholder|Encore|p1a: Hawlucha\n|-activate|p1a: Hawlucha|move: Protect\n|\n|upkeep\n|turn|19\n|\n|t:|1684018947\n|move|p2b: Beholder|Encore|p1a: Hawlucha\n|-start|p1a: Hawlucha|Encore\n|cant|p1a: Hawlucha|par\n|\n|upkeep\n|turn|20\n|\n|t:|1684018954\n|move|p1a: Hawlucha|Detect|p1a: Hawlucha\n|-singleturn|p1a: Hawlucha|Protect\n|move|p2b: Beholder|Disable|p1a: Hawlucha\n|-activate|p1a: Hawlucha|move: Protect\n|\n|-end|p1a: Hawlucha|Encore\n|upkeep\n|turn|21\n|\n|t:|1684018958\n|move|p2b: Beholder|Encore||[still]\n|-fail|p2b: Beholder\n|move|p1a: Hawlucha|Acrobatics|p2b: Beholder\n|-supereffective|p2b: Beholder\n|-damage|p2b: Beholder|0 fnt\n|faint|p2b: Beholder\n|-end|p2b: Beholder|Protosynthesis|[silent]\n|\n|win|L2B4D\n|raw|L2B4D's rating: 1243 → 1272<\/strong> (+29 for winning)\n|raw|RIPTheDollarMenu's rating: 1301 → 1278<\/strong> (-23 for losing)\n|c|\u2606RIPTheDollarMenu|gg!\n|l|\u2606L2B4D\n","uploadtime":1684019014,"views":11,"p1id":"l2b4d","p2id":"ripthedollarmenu","formatid":"gen9vgc2023regulationc","rating":1272,"private":0,"password":""}