{"id":"gen9vgc2023regulationc-1850670988","p1":"Idk544","p2":"hhh11123","format":"[Gen 9] VGC 2023 Regulation C","log":"|j|\u2606Idk544\n|j|\u2606hhh11123\n|t:|1682357802\n|gametype|doubles\n|player|p1|Idk544|silver|1368\n|player|p2|hhh11123|169|1356\n|teamsize|p1|6\n|teamsize|p2|6\n|gen|9\n|tier|[Gen 9] VGC 2023 Regulation C\n|rated|\n|rule|Species Clause: Limit one of each Pok\u00e9mon\n|rule|Item Clause: Limit one of each item\n|clearpoke\n|poke|p1|Orthworm, L50, M|\n|poke|p1|Iron Hands, L50|\n|poke|p1|Flutter Mane, L50|\n|poke|p1|Gholdengo, L50|\n|poke|p1|Gyarados, L50, M|\n|poke|p1|Ting-Lu, L50|\n|poke|p2|Annihilape, L50, M|\n|poke|p2|Iron Bundle, L50|\n|poke|p2|Gholdengo, L50|\n|poke|p2|Murkrow, L50, M|\n|poke|p2|Great Tusk, L50|\n|poke|p2|Flutter Mane, L50|\n|teampreview|4\nIdk544 has agreed to open team sheets.\n|inactive|Battle timer is ON: inactive players will automatically lose when time's up. (requested by hhh11123)\n|inactive|Idk544 has 60 seconds left.\n|\n|t:|1682357914\n|start\n|switch|p1a: Orthworm|Orthworm, L50, M|100\/100\n|switch|p1b: Ting-Lu|Ting-Lu, L50|100\/100\n|switch|p2a: Annihilape|Annihilape, L50, M|100\/100\n|switch|p2b: Great Tusk|Great Tusk, L50|100\/100\n|-ability|p1b: Ting-Lu|Vessel of Ruin\n|turn|1\n|inactive|Idk544 has 30 seconds left.\n|inactive|hhh11123 has 30 seconds left.\n|inactive|Idk544 has 20 seconds left.\n|inactive|hhh11123 has 20 seconds left.\n|inactive|Idk544 has 15 seconds left.\n|inactive|hhh11123 has 15 seconds left.\n|inactive|hhh11123 has 10 seconds left.\n|\n|t:|1682357962\n|switch|p1a: Gyarados|Gyarados, L50, M|100\/100\n|-ability|p1a: Gyarados|Intimidate|boost\n|-unboost|p2a: Annihilape|atk|1\n|-ability|p2a: Annihilape|Defiant|boost\n|-boost|p2a: Annihilape|atk|2\n|-unboost|p2b: Great Tusk|atk|1\n|-terastallize|p1b: Ting-Lu|Ground\n|move|p2b: Great Tusk|Close Combat|p1b: Ting-Lu\n|-damage|p1b: Ting-Lu|59\/100\n|-unboost|p2b: Great Tusk|def|1\n|-unboost|p2b: Great Tusk|spd|1\n|move|p2a: Annihilape|Bulk Up|p2a: Annihilape\n|-boost|p2a: Annihilape|atk|1\n|-boost|p2a: Annihilape|def|1\n|move|p1b: Ting-Lu|Earthquake|p2a: Annihilape|[spread] p2a,p2b\n|-immune|p1a: Gyarados\n|-damage|p2a: Annihilape|78\/100\n|-damage|p2b: Great Tusk|63\/100\n|\n|-heal|p2a: Annihilape|84\/100|[from] item: Leftovers\n|upkeep\n|turn|2\n|inactive|Idk544 has 30 seconds left.\n|inactive|hhh11123 has 30 seconds left.\n|inactive|Idk544 has 20 seconds left.\n|inactive|hhh11123 has 20 seconds left.\n|inactive|Idk544 has 15 seconds left.\n|inactive|hhh11123 has 15 seconds left.\n|\n|t:|1682358005\n|-end|p2b: Great Tusk|Protosynthesis|[silent]\n|switch|p2b: Iron Bundle|Iron Bundle, L50|100\/100\n|-enditem|p2b: Iron Bundle|Booster Energy\n|-activate|p2b: Iron Bundle|ability: Quark Drive|[fromitem]\n|-start|p2b: Iron Bundle|quarkdrivespe\n|move|p1a: Gyarados|Dragon Dance|p1a: Gyarados\n|-boost|p1a: Gyarados|atk|1\n|-boost|p1a: Gyarados|spe|1\n|move|p2a: Annihilape|Rage Fist|p1a: Gyarados\n|-damage|p1a: Gyarados|0 fnt\n|faint|p1a: Gyarados\n|move|p1b: Ting-Lu|Throat Chop|p2b: Iron Bundle\n|-damage|p2b: Iron Bundle|60\/100\n|-start|p2b: Iron Bundle|Throat Chop|[silent]\n|\n|-heal|p2a: Annihilape|90\/100|[from] item: Leftovers\n|upkeep\n|\n|t:|1682358025\n|switch|p1a: Flutter Mane|Flutter Mane, L50|100\/100\n|turn|3\n|inactive|hhh11123 has 30 seconds left.\n|inactive|hhh11123 has 20 seconds left.\n|\n|t:|1682358061\n|-terastallize|p2a: Annihilape|Water\n|move|p1a: Flutter Mane|Protect|p1a: Flutter Mane\n|-singleturn|p1a: Flutter Mane|Protect\n|move|p2b: Iron Bundle|Icy Wind|p1a: Flutter Mane|[spread] p1b\n|-activate|p1a: Flutter Mane|move: Protect\n|-supereffective|p1b: Ting-Lu\n|-damage|p1b: Ting-Lu|42\/100\n|-unboost|p1b: Ting-Lu|spe|1\n|move|p2a: Annihilape|Rage Fist|p1a: Flutter Mane\n|-activate|p1a: Flutter Mane|move: Protect\n|move|p1b: Ting-Lu|Bulldoze|p2a: Annihilape|[spread] p2a,p2b\n|-activate|p1a: Flutter Mane|move: Protect\n|-crit|p2a: Annihilape\n|-damage|p2a: Annihilape|56\/100\n|-damage|p2b: Iron Bundle|32\/100\n|-unboost|p2a: Annihilape|spe|1\n|-ability|p2a: Annihilape|Defiant|boost\n|-boost|p2a: Annihilape|atk|2\n|-unboost|p2b: Iron Bundle|spe|1\n|\n|-heal|p2a: Annihilape|62\/100|[from] item: Leftovers\n|-end|p2b: Iron Bundle|Throat Chop|[silent]\n|upkeep\n|turn|4\n|inactive|Idk544 has 30 seconds left.\n|\n|t:|1682358087\n|switch|p1b: Orthworm|Orthworm, L50, M|100\/100\n|move|p2a: Annihilape|Protect|p2a: Annihilape\n|-singleturn|p2a: Annihilape|Protect\n|move|p2b: Iron Bundle|Icy Wind|p1a: Flutter Mane|[spread] p1a,p1b\n|-resisted|p1b: Orthworm\n|-damage|p1a: Flutter Mane|79\/100\n|-damage|p1b: Orthworm|90\/100\n|-unboost|p1a: Flutter Mane|spe|1\n|-unboost|p1b: Orthworm|spe|1\n|move|p1a: Flutter Mane|Dazzling Gleam|p2b: Iron Bundle|[spread] p2b\n|-activate|p2a: Annihilape|move: Protect\n|-damage|p2b: Iron Bundle|0 fnt\n|faint|p2b: Iron Bundle\n|-end|p2b: Iron Bundle|Quark Drive|[silent]\n|\n|-heal|p2a: Annihilape|68\/100|[from] item: Leftovers\n|upkeep\n|\n|t:|1682358104\n|switch|p2b: Flutter Mane|Flutter Mane, L50|100\/100\n|turn|5\n|inactive|Idk544 has 30 seconds left.\n|inactive|Idk544 has 20 seconds left.\n|inactive|Idk544 has 15 seconds left.\n|\n|t:|1682358144\n|move|p1a: Flutter Mane|Protect|p1a: Flutter Mane\n|-singleturn|p1a: Flutter Mane|Protect\n|move|p2b: Flutter Mane|Shadow Ball|p1a: Flutter Mane\n|-activate|p1a: Flutter Mane|move: Protect\n|move|p2a: Annihilape|Drain Punch|p1b: Orthworm\n|-supereffective|p1b: Orthworm\n|-damage|p1b: Orthworm|0 fnt\n|-heal|p2a: Annihilape|100\/100|[from] drain|[of] p1b: Orthworm\n|faint|p1b: Orthworm\n|\n|upkeep\n|-message|Idk544 forfeited.\n|\n|win|hhh11123\n|raw|Idk544's rating: 1368 → 1347<\/strong> (-21 for losing)\n|raw|hhh11123's rating: 1356 → 1377<\/strong> (+21 for winning)\n","uploadtime":1682358166,"views":15,"p1id":"idk544","p2id":"hhh11123","formatid":"gen9vgc2023regulationc","rating":1347,"private":0,"password":""}