{"id":"gen9vgc2023regulationc-1846932567","p1":"haha u rage quit","p2":"healing94","format":"[Gen 9] VGC 2023 Regulation C","log":"|j|\u2606haha u rage quit\n|j|\u2606healing94\n|t:|1681902824\n|gametype|doubles\n|player|p1|haha u rage quit|pokemaniac|1125\n|player|p2|healing94|elesa|1082\n|teamsize|p1|6\n|teamsize|p2|6\n|gen|9\n|tier|[Gen 9] VGC 2023 Regulation C\n|rated|\n|rule|Species Clause: Limit one of each Pok\u00e9mon\n|rule|Item Clause: Limit one of each item\n|clearpoke\n|poke|p1|Amoonguss, L50, M|\n|poke|p1|Flutter Mane, L50|\n|poke|p1|Arcanine, L50, M|\n|poke|p1|Iron Bundle, L50|\n|poke|p1|Baxcalibur, L50, M|\n|poke|p1|Palafin, L50, M|\n|poke|p2|Dondozo, L50, F|\n|poke|p2|Tatsugiri, L50, F|\n|poke|p2|Maushold, L50|\n|poke|p2|Annihilape, L50, M|\n|poke|p2|Glimmora, L50, M|\n|poke|p2|Flutter Mane, L50|\n|teampreview|4\n|inactive|Battle timer is ON: inactive players will automatically lose when time's up. (requested by healing94)\nhealing94 rejected open team sheets.\n|inactive|haha u rage quit has 60 seconds left.\n|\n|t:|1681902882\n|start\n|switch|p1a: Iron Bundle|Iron Bundle, L50, shiny|100\/100\n|switch|p1b: Flutter Mane|Flutter Mane, L50|100\/100\n|switch|p2a: Glimmora|Glimmora, L50, M|100\/100\n|switch|p2b: Annihilape|Annihilape, L50, M|100\/100\n|-enditem|p1b: Flutter Mane|Booster Energy\n|-activate|p1b: Flutter Mane|ability: Protosynthesis|[fromitem]\n|-start|p1b: Flutter Mane|protosynthesisspe\n|turn|1\n|\n|t:|1681902906\n|move|p1a: Iron Bundle|Protect|p1a: Iron Bundle\n|-singleturn|p1a: Iron Bundle|Protect\n|move|p1b: Flutter Mane|Moonblast|p2b: Annihilape\n|-supereffective|p2b: Annihilape\n|-damage|p2b: Annihilape|4\/100\n|-unboost|p2b: Annihilape|spa|1\n|-ability|p2b: Annihilape|Defiant|boost\n|-boost|p2b: Annihilape|atk|2\n|move|p2b: Annihilape|Bulk Up|p2b: Annihilape\n|-boost|p2b: Annihilape|atk|1\n|-boost|p2b: Annihilape|def|1\n|move|p2a: Glimmora|Mortal Spin|p1a: Iron Bundle|[spread] p1b\n|-activate|p1a: Iron Bundle|move: Protect\n|-damage|p1b: Flutter Mane|91\/100\n|-status|p1b: Flutter Mane|psn\n|\n|-heal|p2b: Annihilape|10\/100|[from] item: Leftovers\n|-damage|p1b: Flutter Mane|79\/100 psn|[from] psn\n|upkeep\n|turn|2\n|inactive|healing94 has 30 seconds left.\n|\n|t:|1681902931\n|move|p2b: Annihilape|Protect|p2b: Annihilape\n|-singleturn|p2b: Annihilape|Protect\n|move|p1b: Flutter Mane|Dazzling Gleam|p2a: Glimmora|[spread] p2a\n|-activate|p2b: Annihilape|move: Protect\n|-resisted|p2a: Glimmora\n|-damage|p2a: Glimmora|91\/100\n|move|p1a: Iron Bundle|Hydro Pump|p2a: Glimmora\n|-supereffective|p2a: Glimmora\n|-damage|p2a: Glimmora|20\/100\n|move|p2a: Glimmora|Earth Power|p1a: Iron Bundle\n|-damage|p1a: Iron Bundle|50\/100\n|\n|-heal|p2b: Annihilape|16\/100|[from] item: Leftovers\n|-damage|p1b: Flutter Mane|67\/100 psn|[from] psn\n|upkeep\n|turn|3\n|inactive|healing94 has 30 seconds left.\n|\n|t:|1681902959\n|move|p1a: Iron Bundle|Protect|p1a: Iron Bundle\n|-singleturn|p1a: Iron Bundle|Protect\n|move|p1b: Flutter Mane|Dazzling Gleam|p2a: Glimmora|[spread] p2a,p2b\n|-resisted|p2a: Glimmora\n|-supereffective|p2b: Annihilape\n|-damage|p2a: Glimmora|10\/100\n|-damage|p2b: Annihilape|0 fnt\n|faint|p2b: Annihilape\n|move|p2a: Glimmora|Earth Power|p1a: Iron Bundle\n|-activate|p1a: Iron Bundle|move: Protect\n|\n|-damage|p1b: Flutter Mane|55\/100 psn|[from] psn\n|upkeep\n|\n|t:|1681902964\n|switch|p2b: Dondozo|Dondozo, L50, F|100\/100\n|turn|4\n|\n|t:|1681902987\n|-end|p1a: Iron Bundle|Quark Drive|[silent]\n|switch|p1a: Amoonguss|Amoonguss, L50, M|100\/100\n|switch|p2a: Tatsugiri|Tatsugiri, L50, F|100\/100\n|-activate|p2a: Tatsugiri|ability: Commander|[of] p2b: Dondozo\n|-boost|p2b: Dondozo|atk|2\n|-boost|p2b: Dondozo|spa|2\n|-boost|p2b: Dondozo|spe|2\n|-boost|p2b: Dondozo|def|2\n|-boost|p2b: Dondozo|spd|2\n|-terastallize|p2b: Dondozo|Grass\n|move|p1b: Flutter Mane|Protect|p1b: Flutter Mane\n|-singleturn|p1b: Flutter Mane|Protect\n|move|p2b: Dondozo|Wave Crash|p1b: Flutter Mane\n|-activate|p1b: Flutter Mane|move: Protect\n|\n|-damage|p1b: Flutter Mane|42\/100 psn|[from] psn\n|upkeep\n|turn|5\n|inactive|haha u rage quit has 30 seconds left.\n|inactive|haha u rage quit has 20 seconds left.\n|\n|t:|1681903025\n|move|p1b: Flutter Mane|Moonblast|p2b: Dondozo\n|-damage|p2b: Dondozo|76\/100\n|move|p2b: Dondozo|Earthquake|p1b: Flutter Mane|[spread] p1a,p1b\n|-miss|p2b: Dondozo|p2a: Tatsugiri\n|-damage|p1a: Amoonguss|64\/100\n|-damage|p1b: Flutter Mane|0 fnt\n|faint|p1b: Flutter Mane\n|-end|p1b: Flutter Mane|Protosynthesis|[silent]\n|move|p1a: Amoonguss|Pollen Puff|p2b: Dondozo\n|-supereffective|p2b: Dondozo\n|-damage|p2b: Dondozo|59\/100\n|\n|upkeep\n|inactive|haha u rage quit has 30 seconds left.\n|\n|t:|1681903050\n|switch|p1b: Iron Bundle|Iron Bundle, L50, shiny|50\/100\n|turn|6\n|\n|t:|1681903056\n|move|p1b: Iron Bundle|Freeze-Dry|p2b: Dondozo\n|-supereffective|p2b: Dondozo\n|-damage|p2b: Dondozo|27\/100\n|move|p2b: Dondozo|Earthquake|p1b: Iron Bundle|[spread] p1a,p1b\n|-miss|p2b: Dondozo|p2a: Tatsugiri\n|-damage|p1a: Amoonguss|25\/100\n|-damage|p1b: Iron Bundle|0 fnt\n|-enditem|p1a: Amoonguss|Sitrus Berry|[eat]\n|-heal|p1a: Amoonguss|49\/100|[from] item: Sitrus Berry\n|faint|p1b: Iron Bundle\n|-end|p1b: Iron Bundle|Quark Drive|[silent]\n|move|p1a: Amoonguss|Pollen Puff|p1: Iron Bundle|[notarget]\n|-fail|p1a: Amoonguss\n|\n|upkeep\n|\n|t:|1681903063\n|switch|p1b: Baxcalibur|Baxcalibur, L50, M|100\/100\n|turn|7\n|\n|t:|1681903072\n|-terastallize|p1b: Baxcalibur|Grass\n|move|p2b: Dondozo|Earthquake|p1b: Baxcalibur|[spread] p1a,p1b\n|-miss|p2b: Dondozo|p2a: Tatsugiri\n|-resisted|p1b: Baxcalibur\n|-damage|p1a: Amoonguss|13\/100\n|-damage|p1b: Baxcalibur|82\/100\n|move|p1b: Baxcalibur|Icicle Spear|p2b: Dondozo\n|-supereffective|p2b: Dondozo\n|-damage|p2b: Dondozo|14\/100\n|-supereffective|p2b: Dondozo\n|-damage|p2b: Dondozo|4\/100\n|-supereffective|p2b: Dondozo\n|-damage|p2b: Dondozo|0 fnt\n|faint|p2b: Dondozo\n|-hitcount|p2: Dondozo|3\n|move|p1a: Amoonguss|Pollen Puff|p2a: Tatsugiri\n|-damage|p2a: Tatsugiri|75\/100\n|\n|upkeep\n|\n|t:|1681903082\n|switch|p2b: Glimmora|Glimmora, L50, M|10\/100\n|turn|8\n|inactive|haha u rage quit has 30 seconds left.\n|inactive|haha u rage quit has 20 seconds left.\n|inactive|haha u rage quit has 15 seconds left.\n|inactive|haha u rage quit has 10 seconds left.\n|\n|t:|1681903127\n|move|p1b: Baxcalibur|Ice Shard|p2b: Glimmora\n|-damage|p2b: Glimmora|0 fnt\n|-activate|p2b: Glimmora|ability: Toxic Debris\n|-sidestart|p1: haha u rage quit|move: Toxic Spikes\n|faint|p2b: Glimmora\n|move|p2a: Tatsugiri|Icy Wind|p1b: Baxcalibur|[spread] p1a,p1b\n|-supereffective|p1a: Amoonguss\n|-supereffective|p1b: Baxcalibur\n|-damage|p1a: Amoonguss|0 fnt\n|-damage|p1b: Baxcalibur|58\/100\n|-unboost|p1b: Baxcalibur|spe|1\n|faint|p1a: Amoonguss\n|\n|upkeep\n|turn|9\n|\n|t:|1681903138\n|move|p2a: Tatsugiri|Muddy Water|p1b: Baxcalibur|[miss]\n|-miss|p2a: Tatsugiri|p1b: Baxcalibur\n|move|p1b: Baxcalibur|Glaive Rush|p2a: Tatsugiri\n|-supereffective|p2a: Tatsugiri\n|-damage|p2a: Tatsugiri|0 fnt\n|-singlemove|p1b: Baxcalibur|Glaive Rush|[silent]\n|faint|p2a: Tatsugiri\n|\n|win|haha u rage quit\n|raw|haha u rage quit's rating: 1125 → 1147<\/strong> (+22 for winning)\n|raw|healing94's rating: 1082 → 1062<\/strong> (-20 for losing)\n|l|\u2606healing94\n","uploadtime":1681903150,"views":16,"p1id":"hahauragequit","p2id":"healing94","formatid":"gen9vgc2023regulationc","rating":1062,"private":0,"password":""}