{"id":"gen9vgc2023regulationc-1861255299","p1":"Mitch-BOT","p2":"phenomsteelers08","format":"[Gen 9] VGC 2023 Regulation C","log":"|j|\u2606Mitch-BOT\n|j|\u2606phenomsteelers08\n|t:|1683739938\n|gametype|doubles\n|player|p1|Mitch-BOT|supernerd|1730\n|player|p2|phenomsteelers08|265|1806\n|teamsize|p1|6\n|teamsize|p2|6\n|gen|9\n|tier|[Gen 9] VGC 2023 Regulation C\n|rated|\n|rule|Species Clause: Limit one of each Pok\u00e9mon\n|rule|Item Clause: Limit one of each item\n|clearpoke\n|poke|p1|Stonjourner, L50, F|\n|poke|p1|Flutter Mane, L50|\n|poke|p1|Torkoal, L50, M|\n|poke|p1|Chi-Yu, L50|\n|poke|p1|Dachsbun, L50, M|\n|poke|p1|Roaring Moon, L50|\n|poke|p2|Indeedee-F, L50, F|\n|poke|p2|Garchomp, L50, F|\n|poke|p2|Flutter Mane, L50|\n|poke|p2|Tyranitar, L50, F|\n|poke|p2|Murkrow, L50, M|\n|poke|p2|Torkoal, L50, M|\n|teampreview|4\n|inactive|Battle timer is ON: inactive players will automatically lose when time's up. (requested by phenomsteelers08)\nphenomsteelers08 has agreed to open team sheets.\nMitch-BOT has agreed to open team sheets.\n|inactive|Mitch-BOT has 60 seconds left.\n|inactive|phenomsteelers08 has 60 seconds left.\n|inactive|Mitch-BOT has 30 seconds left.\n|inactive|phenomsteelers08 has 30 seconds left.\n|inactive|Mitch-BOT has 20 seconds left.\n|inactive|Mitch-BOT has 15 seconds left.\n|inactive|Mitch-BOT has 10 seconds left.\n|\n|t:|1683740023\n|start\n|switch|p1a: Flutter Mane|Flutter Mane, L50|100\/100\n|switch|p1b: Torkoal|Torkoal, L50, M|100\/100\n|switch|p2a: Murkrow|Murkrow, L50, M|100\/100\n|switch|p2b: Garchomp|Garchomp, L50, F|100\/100\n|-weather|SunnyDay|[from] ability: Drought|[of] p1b: Torkoal\n|-activate|p1a: Flutter Mane|ability: Protosynthesis\n|-start|p1a: Flutter Mane|protosynthesisspe\n|turn|1\n|inactive|Mitch-BOT has 30 seconds left.\n|inactive|phenomsteelers08 has 30 seconds left.\n|inactive|Mitch-BOT has 20 seconds left.\n|\n|t:|1683740063\n|-terastallize|p1a: Flutter Mane|Grass\n|move|p1b: Torkoal|Protect|p1b: Torkoal\n|-singleturn|p1b: Torkoal|Protect\n|move|p2a: Murkrow|Tailwind|p2a: Murkrow\n|-sidestart|p2: phenomsteelers08|move: Tailwind\n|move|p2b: Garchomp|Earthquake|p1a: Flutter Mane|[spread] p1a\n|-activate|p1b: Torkoal|move: Protect\n|-immune|p2a: Murkrow\n|-resisted|p1a: Flutter Mane\n|-damage|p1a: Flutter Mane|62\/100\n|move|p1a: Flutter Mane|Dazzling Gleam|p2b: Garchomp|[spread] p2a,p2b\n|-supereffective|p2a: Murkrow\n|-supereffective|p2b: Garchomp\n|-enditem|p2a: Murkrow|Focus Sash\n|-damage|p2a: Murkrow|1\/100\n|-damage|p2b: Garchomp|11\/100\n|\n|-weather|SunnyDay|[upkeep]\n|upkeep\n|turn|2\n|inactive|Mitch-BOT has 30 seconds left.\n|inactive|phenomsteelers08 has 30 seconds left.\n|j| salamiReal\n|inactive|Mitch-BOT has 20 seconds left.\n|inactive|Mitch-BOT has 15 seconds left.\n|\n|t:|1683740108\n|switch|p2b: Tyranitar|Tyranitar, L50, F|100\/100\n|-weather|Sandstorm|[from] ability: Sand Stream|[of] p2b: Tyranitar\n|-end|p1a: Flutter Mane|Protosynthesis\n|-end|p1a: Flutter Mane|Protosynthesis|[silent]\n|switch|p1a: Chi-Yu|Chi-Yu, L50|100\/100\n|-ability|p1a: Chi-Yu|Beads of Ruin\n|move|p2a: Murkrow|Brave Bird|p1a: Chi-Yu\n|-damage|p1a: Chi-Yu|13\/100\n|-damage|p2a: Murkrow|0 fnt|[from] Recoil\n|faint|p2a: Murkrow\n|move|p1b: Torkoal|Eruption|p2b: Tyranitar\n|-resisted|p2b: Tyranitar\n|-damage|p2b: Tyranitar|80\/100\n|\n|-weather|Sandstorm|[upkeep]\n|-damage|p1a: Chi-Yu|7\/100|[from] Sandstorm\n|-damage|p1b: Torkoal|94\/100|[from] Sandstorm\n|upkeep\n|inactive|phenomsteelers08 has 30 seconds left.\n|inactive|phenomsteelers08 has 20 seconds left.\n|\n|t:|1683740144\n|switch|p2a: Flutter Mane|Flutter Mane, L50|100\/100\n|-enditem|p2a: Flutter Mane|Booster Energy\n|-activate|p2a: Flutter Mane|ability: Protosynthesis|[fromitem]\n|-start|p2a: Flutter Mane|protosynthesisspa\n|turn|3\n|\n|t:|1683740161\n|move|p1b: Torkoal|Protect|p1b: Torkoal\n|-singleturn|p1b: Torkoal|Protect\n|move|p2a: Flutter Mane|Dazzling Gleam|p1a: Chi-Yu|[spread] p1a\n|-activate|p1b: Torkoal|move: Protect\n|-damage|p1a: Chi-Yu|0 fnt\n|faint|p1a: Chi-Yu\n|move|p2b: Tyranitar|Rock Slide|p1b: Torkoal\n|-activate|p1b: Torkoal|move: Protect\n|\n|-weather|Sandstorm|[upkeep]\n|-damage|p2a: Flutter Mane|94\/100|[from] Sandstorm\n|-damage|p1b: Torkoal|88\/100|[from] Sandstorm\n|upkeep\n|\n|t:|1683740166\n|switch|p1a: Stonjourner|Stonjourner, L50, F|100\/100\n|turn|4\n|inactive|phenomsteelers08 has 30 seconds left.\n|j| Megafissure\n|inactive|Mitch-BOT has 30 seconds left.\n|inactive|phenomsteelers08 has 20 seconds left.\n|inactive|phenomsteelers08 has 15 seconds left.\n|\n|t:|1683740208\n|move|p2a: Flutter Mane|Shadow Ball|p1a: Stonjourner\n|-enditem|p1a: Stonjourner|Focus Sash\n|-damage|p1a: Stonjourner|1\/100\n|move|p2b: Tyranitar|Low Kick|p1a: Stonjourner\n|-supereffective|p1a: Stonjourner\n|-damage|p1a: Stonjourner|0 fnt\n|faint|p1a: Stonjourner\n|move|p1b: Torkoal|Heat Wave|p2a: Flutter Mane|[spread] p2a,p2b\n|-resisted|p2b: Tyranitar\n|-damage|p2a: Flutter Mane|62\/100\n|-damage|p2b: Tyranitar|72\/100\n|\n|-weather|Sandstorm|[upkeep]\n|-damage|p2a: Flutter Mane|56\/100|[from] Sandstorm\n|-damage|p1b: Torkoal|82\/100|[from] Sandstorm\n|-sideend|p2: phenomsteelers08|move: Tailwind\n|upkeep\n|\n|t:|1683740231\n|switch|p1a: Flutter Mane|Flutter Mane, L50, tera:Grass|62\/100\n|turn|5\n|\n|t:|1683740251\n|-terastallize|p2b: Tyranitar|Flying\n|move|p2a: Flutter Mane|Protect|p2a: Flutter Mane\n|-singleturn|p2a: Flutter Mane|Protect\n|move|p1a: Flutter Mane|Dazzling Gleam|p2b: Tyranitar|[spread] p2b\n|-activate|p2a: Flutter Mane|move: Protect\n|-damage|p2b: Tyranitar|40\/100\n|move|p2b: Tyranitar|Tera Blast|p1a: Flutter Mane\n|-supereffective|p1a: Flutter Mane\n|-damage|p1a: Flutter Mane|0 fnt\n|faint|p1a: Flutter Mane\n|-end|p1a: Flutter Mane|Protosynthesis|[silent]\n|move|p1b: Torkoal|Heat Wave|p2b: Tyranitar|[spread] p2b\n|-activate|p2a: Flutter Mane|move: Protect\n|-damage|p2b: Tyranitar|17\/100\n|\n|-weather|Sandstorm|[upkeep]\n|-damage|p2a: Flutter Mane|49\/100|[from] Sandstorm\n|-damage|p2b: Tyranitar|11\/100|[from] Sandstorm\n|-damage|p1b: Torkoal|76\/100|[from] Sandstorm\n|upkeep\n|turn|6\n|\n|t:|1683740272\n|move|p2a: Flutter Mane|Shadow Ball|p1b: Torkoal\n|-damage|p1b: Torkoal|0 fnt\n|faint|p1b: Torkoal\n|\n|win|phenomsteelers08\n|raw|Mitch-BOT's rating: 1730 → 1714<\/strong> (-16 for losing)\n|raw|phenomsteelers08's rating: 1806 → 1822<\/strong> (+16 for winning)\n|l|\u2606phenomsteelers08\n|l| salamiReal\n|l| Megafissure\n|l|\u2606Mitch-BOT\n","uploadtime":1683740651,"views":12,"p1id":"mitchbot","p2id":"phenomsteelers08","formatid":"gen9vgc2023regulationc","rating":1714,"private":0,"password":""}