{"id":"gen9vgc2023regulationc-1846052478","p1":"TuroVGC","p2":"bronzongbroomsvgc","format":"[Gen 9] VGC 2023 Regulation C","log":"|j|\u2606TuroVGC\n|j|\u2606bronzongbroomsvgc\n|t:|1681798163\n|gametype|doubles\n|player|p1|TuroVGC|steven|\n|player|p2|bronzongbroomsvgc|265|\n|teamsize|p1|6\n|teamsize|p2|6\n|gen|9\n|tier|[Gen 9] VGC 2023 Regulation C\n|rated|Tournament battle\n|rule|Species Clause: Limit one of each Pok\u00e9mon\n|rule|Item Clause: Limit one of each item\n|clearpoke\n|poke|p1|Slither Wing, L50|\n|poke|p1|Maushold-Four, L50|\n|poke|p1|Lilligant, L50, F|\n|poke|p1|Torkoal, L50, M|\n|poke|p1|Flutter Mane, L50|\n|poke|p1|Bronzong, L50|\n|poke|p2|Goodra, L50, F|\n|poke|p2|Wo-Chien, L50|\n|poke|p2|Pelipper, L50, M|\n|poke|p2|Corviknight, L50, M|\n|poke|p2|Tatsugiri-Droopy, L50, F|\n|poke|p2|Dondozo, L50, M|\n|teampreview|4\n|raw| Open Team Sheet for TuroVGC<\/summary>Slither Wing @ Clear Amulet Ability: Protosynthesis Level: 50 Tera Type: Fire - Leech Life - Flame Charge - Bulk Up - Protect Maushold (Maushold-Four) @ Safety Goggles Ability: Friend Guard Level: 50 Tera Type: Ghost - Follow Me - Super Fang - Encore - Protect Lilligant (F) @ Focus Sash Ability: Chlorophyll Level: 50 Tera Type: Ghost - After You - Leaf Storm - Sleep Powder - Protect Torkoal @ Charcoal Ability: Drought Level: 50 Tera Type: Fire - Eruption - Flamethrower - Earth Power - Protect Flutter Mane @ Choice Specs Ability: Protosynthesis Level: 50 Tera Type: Fairy - Moonblast - Dazzling Gleam - Shadow Ball - Thunderbolt Bronzong @ Leftovers Ability: Levitate Level: 50 Tera Type: Water - Gyro Ball - Body Press - Iron Defense - Trick Room <\/details><\/div> Open Team Sheet for bronzongbroomsvgc<\/summary>Goodra @ Sitrus Berry Ability: Hydration Level: 50 Tera Type: Steel - Acid Armor - Body Press - Muddy Water - Rest Wo-Chien @ Leftovers Ability: Tablets of Ruin Level: 50 Tera Type: Poison - Ruination - Leech Seed - Pollen Puff - Protect Pelipper @ Damp Rock Ability: Drizzle Level: 50 Tera Type: Grass - Tailwind - Hydro Pump - Hurricane - Protect Corviknight @ Choice Band Ability: Mirror Armor Level: 50 Tera Type: Poison - Brave Bird - U-turn - Iron Head - Drill Peck Tatsugiri (Tatsugiri-Droopy) @ Choice Scarf Ability: Commander Level: 50 Shiny: Yes Tera Type: Steel - Draco Meteor - Muddy Water - Icy Wind - Taunt Dondozo @ Mystic Water Ability: Unaware Level: 50 Tera Type: Water - Wave Crash - Fissure - Surf - Protect <\/details><\/div>\n|j| Rybot.v2\n|c|\u2606bronzongbroomsvgc|glhf\n|j| Tilzy\n|\n|t:|1681798173\n|start\n|switch|p1a: Bronzong|Bronzong, L50|100\/100\n|switch|p1b: Flutter Mane|Flutter Mane, L50|100\/100\n|switch|p2a: Goodra|Goodra, L50, F|100\/100\n|switch|p2b: Wo-Chien|Wo-Chien, L50|100\/100\n|-ability|p2b: Wo-Chien|Tablets of Ruin\n|turn|1\n|inactive|Battle timer is ON: inactive players will automatically lose when time's up. (requested by TuroVGC)\n|\n|t:|1681798194\n|switch|p2a: Corviknight|Corviknight, L50, M|100\/100\n|move|p1b: Flutter Mane|Moonblast|p2b: Wo-Chien\n|-supereffective|p2b: Wo-Chien\n|-damage|p2b: Wo-Chien|7\/100\n|move|p2b: Wo-Chien|Leech Seed|p1a: Bronzong\n|-start|p1a: Bronzong|move: Leech Seed\n|move|p1a: Bronzong|Body Press|p2b: Wo-Chien\n|-supereffective|p2b: Wo-Chien\n|-damage|p2b: Wo-Chien|0 fnt\n|faint|p2b: Wo-Chien\n|\n|upkeep\n|j| 4Kuser\n|\n|t:|1681798207\n|switch|p2b: Goodra|Goodra, L50, F|100\/100\n|turn|2\n|\n|t:|1681798214\n|-end|p1b: Flutter Mane|Protosynthesis|[silent]\n|switch|p1b: Maushold|Maushold-Four, L50|100\/100\n|switch|p1a: Torkoal|Torkoal, L50, M|100\/100\n|-weather|SunnyDay|[from] ability: Drought|[of] p1a: Torkoal\n|-terastallize|p2b: Goodra|Steel\n|move|p2a: Corviknight|Brave Bird|p1b: Maushold\n|-damage|p1b: Maushold|7\/100\n|-damage|p2a: Corviknight|69\/100|[from] Recoil\n|move|p2b: Goodra|Acid Armor|p2b: Goodra\n|-boost|p2b: Goodra|def|2\n|\n|-weather|SunnyDay|[upkeep]\n|upkeep\n|turn|3\n|\n|t:|1681798230\n|switch|p2a: Pelipper|Pelipper, L50, M|100\/100\n|-weather|RainDance|[from] ability: Drizzle|[of] p2a: Pelipper\n|move|p1b: Maushold|Protect|p1b: Maushold\n|-singleturn|p1b: Maushold|Protect\n|move|p2b: Goodra|Muddy Water|p1b: Maushold|[spread] p1a\n|-activate|p1b: Maushold|move: Protect\n|-supereffective|p1a: Torkoal\n|-damage|p1a: Torkoal|45\/100\n|-unboost|p1a: Torkoal|accuracy|1\n|move|p1a: Torkoal|Flamethrower|p2a: Pelipper\n|-resisted|p2a: Pelipper\n|-damage|p2a: Pelipper|89\/100\n|\n|-weather|RainDance|[upkeep]\n|upkeep\n|turn|4\n|\n|t:|1681798250\n|switch|p1a: Bronzong|Bronzong, L50|100\/100\n|move|p2a: Pelipper|Protect|p2a: Pelipper\n|-singleturn|p2a: Pelipper|Protect\n|move|p1b: Maushold|Super Fang|p2b: Goodra\n|-damage|p2b: Goodra|51\/100\n|move|p2b: Goodra|Muddy Water|p1b: Maushold|[spread] p1b\n|-miss|p2b: Goodra|p1a: Bronzong\n|-crit|p1b: Maushold\n|-damage|p1b: Maushold|0 fnt\n|faint|p1b: Maushold\n|\n|-weather|RainDance|[upkeep]\n|upkeep\n|\n|t:|1681798262\n|switch|p1b: Flutter Mane|Flutter Mane, L50|100\/100\n|turn|5\n|\n|t:|1681798265\n|switch|p2a: Corviknight|Corviknight, L50, M|69\/100\n|switch|p1a: Torkoal|Torkoal, L50, M|45\/100\n|-weather|SunnyDay|[from] ability: Drought|[of] p1a: Torkoal\n|-activate|p1b: Flutter Mane|ability: Protosynthesis\n|-start|p1b: Flutter Mane|protosynthesisspe\n|move|p1b: Flutter Mane|Thunderbolt|p2a: Corviknight\n|-supereffective|p2a: Corviknight\n|-damage|p2a: Corviknight|0 fnt\n|faint|p2a: Corviknight\n|move|p2b: Goodra|Rest|p2b: Goodra\n|-status|p2b: Goodra|slp|[from] move: Rest\n|-heal|p2b: Goodra|100\/100 slp|[silent]\n|\n|-weather|SunnyDay|[upkeep]\n|upkeep\n|\n|t:|1681798275\n|switch|p2a: Pelipper|Pelipper, L50, M|89\/100\n|-weather|RainDance|[from] ability: Drizzle|[of] p2a: Pelipper\n|-end|p1b: Flutter Mane|Protosynthesis\n|turn|6\n|\n|t:|1681798285\n|switch|p1a: Bronzong|Bronzong, L50|100\/100\n|move|p1b: Flutter Mane|Thunderbolt|p2a: Pelipper\n|-supereffective|p2a: Pelipper\n|-damage|p2a: Pelipper|0 fnt\n|faint|p2a: Pelipper\n|cant|p2b: Goodra|slp\n|\n|-weather|RainDance|[upkeep]\n|-activate|p2b: Goodra|ability: Hydration\n|-curestatus|p2b: Goodra|slp|[msg]\n|upkeep\n|turn|7\n|\n|t:|1681798294\n|-end|p1b: Flutter Mane|Protosynthesis|[silent]\n|switch|p1b: Torkoal|Torkoal, L50, M|45\/100\n|-weather|SunnyDay|[from] ability: Drought|[of] p1b: Torkoal\n|move|p2b: Goodra|Muddy Water|p1a: Bronzong|[spread] p1a,p1b\n|-supereffective|p1b: Torkoal\n|-damage|p1a: Bronzong|92\/100\n|-damage|p1b: Torkoal|20\/100\n|move|p1a: Bronzong|Iron Defense|p1a: Bronzong\n|-boost|p1a: Bronzong|def|2\n|\n|-weather|SunnyDay|[upkeep]\n|-heal|p1a: Bronzong|98\/100|[from] item: Leftovers\n|upkeep\n|turn|8\n|\n|t:|1681798305\n|-terastallize|p1a: Bronzong|Water\n|move|p2b: Goodra|Muddy Water|p1a: Bronzong|[spread] p1b\n|-miss|p2b: Goodra|p1a: Bronzong\n|-supereffective|p1b: Torkoal\n|-damage|p1b: Torkoal|0 fnt\n|faint|p1b: Torkoal\n|move|p1a: Bronzong|Iron Defense|p1a: Bronzong\n|-boost|p1a: Bronzong|def|2\n|\n|-weather|SunnyDay|[upkeep]\n|-heal|p1a: Bronzong|100\/100|[from] item: Leftovers\n|upkeep\n|\n|t:|1681798309\n|switch|p1b: Flutter Mane|Flutter Mane, L50|100\/100\n|-activate|p1b: Flutter Mane|ability: Protosynthesis\n|-start|p1b: Flutter Mane|protosynthesisspe\n|turn|9\n|\n|t:|1681798317\n|move|p1b: Flutter Mane|Shadow Ball|p2b: Goodra\n|-damage|p2b: Goodra|60\/100\n|move|p2b: Goodra|Acid Armor|p2b: Goodra\n|-boost|p2b: Goodra|def|2\n|move|p1a: Bronzong|Iron Defense|p1a: Bronzong\n|-boost|p1a: Bronzong|def|2\n|\n|-weather|SunnyDay|[upkeep]\n|upkeep\n|turn|10\n|\n|t:|1681798327\n|move|p1b: Flutter Mane|Shadow Ball|p2b: Goodra\n|-damage|p2b: Goodra|22\/100\n|-enditem|p2b: Goodra|Sitrus Berry|[eat]\n|-heal|p2b: Goodra|47\/100|[from] item: Sitrus Berry\n|move|p2b: Goodra|Muddy Water|p1b: Flutter Mane|[spread] p1a,p1b\n|-resisted|p1a: Bronzong\n|-damage|p1a: Bronzong|97\/100\n|-damage|p1b: Flutter Mane|91\/100\n|-unboost|p1a: Bronzong|accuracy|1\n|move|p1a: Bronzong|Trick Room|p1a: Bronzong\n|-fieldstart|move: Trick Room|[of] p1a: Bronzong\n|\n|-weather|SunnyDay|[upkeep]\n|-heal|p1a: Bronzong|100\/100|[from] item: Leftovers\n|upkeep\n|turn|11\n|c|\u2606TuroVGC|gg\n|c|\u2606bronzongbroomsvgc|gg\n|\n|t:|1681798342\n|move|p1a: Bronzong|Body Press|p2b: Goodra\n|-supereffective|p2b: Goodra\n|-damage|p2b: Goodra|0 fnt\n|faint|p2b: Goodra\n|\n|win|TuroVGC\n|n|\u2606TuroVGC|turovgc\n|n|\u2606bronzongbroomsvgc|bronzongbroomsvgc\n|n| Rybot.v2|rybotv2\n|n| Tilzy|tilzy\n|n| 4Kuser|4kuser\n","uploadtime":1681798343,"views":9,"p1id":"turovgc","p2id":"bronzongbroomsvgc","formatid":"gen9vgc2023regulationc","rating":0,"private":0,"password":""}