{"id":"gen9vgc2023regulationc-1852734772","p1":"Camitest","p2":"bennoVGC","format":"[Gen 9] VGC 2023 Regulation C","log":"|j|\u2606Camitest\n|j|\u2606bennoVGC\n|t:|1682601548\n|gametype|doubles\n|player|p1|Camitest|gladion|1361\n|player|p2|bennoVGC|2|1426\n|teamsize|p1|6\n|teamsize|p2|6\n|gen|9\n|tier|[Gen 9] VGC 2023 Regulation C\n|rated|\n|rule|Species Clause: Limit one of each Pok\u00e9mon\n|rule|Item Clause: Limit one of each item\n|clearpoke\n|poke|p1|Palafin, L50, M|\n|poke|p1|Arcanine, L50, M|\n|poke|p1|Flutter Mane, L50|\n|poke|p1|Amoonguss, L50, M|\n|poke|p1|Baxcalibur, L50, F|\n|poke|p1|Ting-Lu, L50|\n|poke|p2|Palafin, L50, M|\n|poke|p2|Arcanine, L50, F|\n|poke|p2|Flutter Mane, L50|\n|poke|p2|Amoonguss, L50, M|\n|poke|p2|Ting-Lu, L50|\n|poke|p2|Pawmot, L50, M|\n|teampreview|4\nbennoVGC has agreed to open team sheets.\n|\n|t:|1682601580\n|start\n|switch|p1a: Palafin|Palafin, L50, M, shiny|100\/100\n|switch|p1b: Baxcalibur|Baxcalibur, L50, F|100\/100\n|switch|p2a: Palafin|Palafin, L50, M, shiny|100\/100\n|switch|p2b: Flutter Mane|Flutter Mane, L50, shiny|100\/100\n|turn|1\n|\n|t:|1682601625\n|detailschange|p1a: Palafin|Palafin-Hero, L50, M, shiny\n|switch|p1a: Amoonguss|Amoonguss, L50, M|100\/100\n|detailschange|p2a: Palafin|Palafin-Hero, L50, M, shiny\n|switch|p2a: Arcanine|Arcanine, L50, F, shiny|100\/100\n|-ability|p2a: Arcanine|Intimidate|boost\n|-unboost|p1a: Amoonguss|atk|1\n|-fail|p1b: Baxcalibur|unboost|[from] item: Clear Amulet|[of] p1b: Baxcalibur\n|-terastallize|p1b: Baxcalibur|Poison\n|move|p2b: Flutter Mane|Dazzling Gleam|p1a: Amoonguss|[spread] p1a,p1b\n|-resisted|p1a: Amoonguss\n|-resisted|p1b: Baxcalibur\n|-damage|p1a: Amoonguss|82\/100\n|-damage|p1b: Baxcalibur|80\/100\n|move|p1b: Baxcalibur|Icicle Crash|p2b: Flutter Mane\n|-damage|p2b: Flutter Mane|4\/100\n|\n|upkeep\n|turn|2\n|\n|t:|1682601647\n|-end|p2b: Flutter Mane|Protosynthesis|[silent]\n|switch|p2b: Palafin|Palafin-Hero, L50, M, shiny|100\/100\n|-activate|p2b: Palafin|ability: Zero to Hero\n|switch|p1a: Palafin|Palafin-Hero, L50, M, shiny|100\/100\n|-activate|p1a: Palafin|ability: Zero to Hero\n|move|p1b: Baxcalibur|Ice Shard|p2b: Palafin\n|-resisted|p2b: Palafin\n|-damage|p2b: Palafin|90\/100\n|move|p2a: Arcanine|Flare Blitz|p1a: Palafin\n|-resisted|p1a: Palafin\n|-damage|p1a: Palafin|80\/100\n|-status|p1a: Palafin|brn\n|-damage|p2a: Arcanine|93\/100|[from] Recoil\n|\n|-damage|p1a: Palafin|74\/100 brn|[from] brn\n|upkeep\n|turn|3\n|\n|t:|1682601688\n|-terastallize|p2b: Palafin|Water\n|move|p1b: Baxcalibur|Protect|p1b: Baxcalibur\n|-singleturn|p1b: Baxcalibur|Protect\n|move|p2a: Arcanine|Flare Blitz|p1b: Baxcalibur\n|-activate|p1b: Baxcalibur|move: Protect\n|move|p1a: Palafin|Wave Crash|p2a: Arcanine\n|-supereffective|p2a: Arcanine\n|-damage|p2a: Arcanine|0 fnt\n|faint|p2a: Arcanine\n|-damage|p1a: Palafin|45\/100 brn|[from] Recoil\n|move|p2b: Palafin|Wave Crash|p1b: Baxcalibur\n|-activate|p1b: Baxcalibur|move: Protect\n|\n|-damage|p1a: Palafin|40\/100 brn|[from] brn\n|upkeep\n|\n|t:|1682601693\n|switch|p2a: Amoonguss|Amoonguss, L50, M, shiny|100\/100\n|turn|4\n|\n|t:|1682601715\n|move|p2a: Amoonguss|Protect|p2a: Amoonguss\n|-singleturn|p2a: Amoonguss|Protect\n|move|p1b: Baxcalibur|Ice Shard|p2a: Amoonguss\n|-activate|p2a: Amoonguss|move: Protect\n|move|p1a: Palafin|Wave Crash|p2a: Amoonguss\n|-activate|p2a: Amoonguss|move: Protect\n|move|p2b: Palafin|Wave Crash|p1b: Baxcalibur\n|-damage|p1b: Baxcalibur|0 fnt\n|faint|p1b: Baxcalibur\n|-damage|p2b: Palafin|62\/100|[from] Recoil\n|\n|-damage|p1a: Palafin|34\/100 brn|[from] brn\n|upkeep\n|\n|t:|1682601718\n|switch|p1b: Amoonguss|Amoonguss, L50, M|100\/100\n|turn|5\n|j| Amano Ai\n|\n|t:|1682601735\n|move|p1a: Palafin|Protect|p1a: Palafin\n|-singleturn|p1a: Palafin|Protect\n|move|p2b: Palafin|Wave Crash|p1a: Palafin\n|-activate|p1a: Palafin|move: Protect\n|move|p1b: Amoonguss|Spore|p2b: Palafin\n|-status|p2b: Palafin|slp|[from] move: Spore\n|move|p2a: Amoonguss|Pollen Puff|p2b: Palafin\n|-heal|p2b: Palafin|100\/100 slp\n|\n|-damage|p1a: Palafin|28\/100 brn|[from] brn\n|upkeep\n|turn|6\n|\n|t:|1682601749\n|move|p2a: Amoonguss|Rage Powder|p2a: Amoonguss\n|-singleturn|p2a: Amoonguss|move: Rage Powder\n|move|p1a: Palafin|Wave Crash|p2a: Amoonguss\n|-resisted|p2a: Amoonguss\n|-damage|p2a: Amoonguss|81\/100\n|-damage|p1a: Palafin|21\/100 brn|[from] Recoil\n|cant|p2b: Palafin|slp\n|move|p1b: Amoonguss|Pollen Puff|p1a: Palafin\n|-heal|p1a: Palafin|71\/100 brn\n|\n|-damage|p1a: Palafin|65\/100 brn|[from] brn\n|upkeep\n|turn|7\n|\n|t:|1682601774\n|switch|p1a: Ting-Lu|Ting-Lu, L50|100\/100\n|-ability|p1a: Ting-Lu|Vessel of Ruin\n|move|p2a: Amoonguss|Rage Powder|p2a: Amoonguss\n|-singleturn|p2a: Amoonguss|move: Rage Powder\n|cant|p2b: Palafin|slp\n|move|p1b: Amoonguss|Spore|p2b: Palafin\n|-fail|p2b: Palafin|slp\n|\n|upkeep\n|turn|8\n|\n|t:|1682601789\n|move|p1b: Amoonguss|Rage Powder|p1b: Amoonguss\n|-singleturn|p1b: Amoonguss|move: Rage Powder\n|cant|p2b: Palafin|slp\n|move|p1a: Ting-Lu|Ruination|p2a: Amoonguss\n|-damage|p2a: Amoonguss|41\/100\n|-enditem|p2a: Amoonguss|Sitrus Berry|[eat]\n|-heal|p2a: Amoonguss|66\/100|[from] item: Sitrus Berry\n|move|p2a: Amoonguss|Spore|p1a: Ting-Lu\n|-status|p1a: Ting-Lu|slp|[from] move: Spore\n|\n|upkeep\n|turn|9\n|\n|t:|1682601808\n|-curestatus|p2b: Palafin|slp|[msg]\n|move|p2b: Palafin|Protect|p2b: Palafin\n|-singleturn|p2b: Palafin|Protect\n|cant|p1a: Ting-Lu|slp\n|move|p1b: Amoonguss|Spore|p2b: Palafin\n|-activate|p2b: Palafin|move: Protect\n|move|p2a: Amoonguss|Pollen Puff|p1a: Ting-Lu\n|-supereffective|p1a: Ting-Lu\n|-damage|p1a: Ting-Lu|89\/100 slp\n|\n|upkeep\n|turn|10\n|\n|t:|1682601827\n|switch|p2b: Flutter Mane|Flutter Mane, L50, shiny|4\/100\n|move|p1b: Amoonguss|Rage Powder|p1b: Amoonguss\n|-singleturn|p1b: Amoonguss|move: Rage Powder\n|-curestatus|p1a: Ting-Lu|slp|[msg]\n|move|p1a: Ting-Lu|Ruination|p2a: Amoonguss\n|-damage|p2a: Amoonguss|33\/100\n|move|p2a: Amoonguss|Spore|p1a: Ting-Lu\n|-status|p1a: Ting-Lu|slp|[from] move: Spore\n|\n|upkeep\n|turn|11\n|\n|t:|1682601844\n|move|p2b: Flutter Mane|Shadow Ball|p1b: Amoonguss\n|-damage|p1b: Amoonguss|62\/100\n|cant|p1a: Ting-Lu|slp\n|move|p1b: Amoonguss|Spore|p2a: Amoonguss\n|-immune|p2a: Amoonguss\n|move|p2a: Amoonguss|Pollen Puff|p2b: Flutter Mane\n|-heal|p2b: Flutter Mane|54\/100\n|\n|upkeep\n|turn|12\n|\n|t:|1682601861\n|move|p2b: Flutter Mane|Shadow Ball|p1b: Amoonguss\n|-damage|p1b: Amoonguss|21\/100\n|-enditem|p1b: Amoonguss|Sitrus Berry|[eat]\n|-heal|p1b: Amoonguss|46\/100|[from] item: Sitrus Berry\n|cant|p1a: Ting-Lu|slp\n|move|p1b: Amoonguss|Spore|p2b: Flutter Mane\n|-status|p2b: Flutter Mane|slp|[from] move: Spore\n|move|p2a: Amoonguss|Pollen Puff|p2b: Flutter Mane\n|-heal|p2b: Flutter Mane|100\/100 slp\n|\n|upkeep\n|turn|13\n|\n|t:|1682601876\n|switch|p1b: Palafin|Palafin-Hero, L50, M, shiny|65\/100 brn\n|cant|p2b: Flutter Mane|slp\n|cant|p1a: Ting-Lu|slp\n|move|p2a: Amoonguss|Spore|p1a: Ting-Lu\n|-fail|p1a: Ting-Lu|slp\n|\n|-damage|p1b: Palafin|59\/100 brn|[from] brn\n|upkeep\n|turn|14\n|\n|t:|1682601895\n|move|p2a: Amoonguss|Rage Powder|p2a: Amoonguss\n|-singleturn|p2a: Amoonguss|move: Rage Powder\n|-curestatus|p2b: Flutter Mane|slp|[msg]\n|move|p2b: Flutter Mane|Shadow Ball|p1b: Palafin\n|-damage|p1b: Palafin|17\/100 brn\n|move|p1b: Palafin|Wave Crash|p2a: Amoonguss\n|-resisted|p2a: Amoonguss\n|-damage|p2a: Amoonguss|13\/100\n|-damage|p1b: Palafin|10\/100 brn|[from] Recoil\n|-curestatus|p1a: Ting-Lu|slp|[msg]\n|move|p1a: Ting-Lu|Stomping Tantrum|p2a: Amoonguss\n|-damage|p2a: Amoonguss|0 fnt\n|faint|p2a: Amoonguss\n|\n|-damage|p1b: Palafin|4\/100 brn|[from] brn\n|upkeep\n|\n|t:|1682601907\n|switch|p2a: Palafin|Palafin-Hero, L50, M, shiny, tera:Water|100\/100\n|turn|15\n|\n|t:|1682601923\n|switch|p1a: Amoonguss|Amoonguss, L50, M|79\/100\n|move|p1b: Palafin|Jet Punch|p2b: Flutter Mane\n|-damage|p2b: Flutter Mane|59\/100\n|move|p2b: Flutter Mane|Shadow Ball|p1b: Palafin\n|-damage|p1b: Palafin|0 fnt\n|faint|p1b: Palafin\n|move|p2a: Palafin|Wave Crash|p1a: Amoonguss\n|-resisted|p1a: Amoonguss\n|-damage|p1a: Amoonguss|25\/100\n|-damage|p2a: Palafin|82\/100|[from] Recoil\n|\n|upkeep\n|\n|t:|1682601927\n|switch|p1b: Ting-Lu|Ting-Lu, L50|89\/100\n|-ability|p1b: Ting-Lu|Vessel of Ruin\n|turn|16\n|\n|t:|1682601936\n|move|p1a: Amoonguss|Rage Powder|p1a: Amoonguss\n|-singleturn|p1a: Amoonguss|move: Rage Powder\n|move|p2b: Flutter Mane|Shadow Ball|p1a: Amoonguss\n|-damage|p1a: Amoonguss|0 fnt\n|faint|p1a: Amoonguss\n|move|p2a: Palafin|Wave Crash|p1b: Ting-Lu\n|-supereffective|p1b: Ting-Lu\n|-damage|p1b: Ting-Lu|0 fnt\n|faint|p1b: Ting-Lu\n|-damage|p2a: Palafin|48\/100|[from] Recoil\n|\n|win|bennoVGC\n|raw|Camitest's rating: 1361 → 1345<\/strong> (-16 for losing)\n|raw|bennoVGC's rating: 1426 → 1442<\/strong> (+16 for winning)\n|c|\u2606bennoVGC|gg\n","uploadtime":1682601941,"views":12,"p1id":"camitest","p2id":"bennovgc","formatid":"gen9vgc2023regulationc","rating":1345,"private":0,"password":""}