{"id":"gen9vgc2023regulationc-1851913371","p1":"agopago","p2":"RenVGC_2X","format":"[Gen 9] VGC 2023 Regulation C","log":"|j|\u2606agopago\n|j|\u2606RenVGC_2X\n|t:|1682504985\n|gametype|doubles\n|player|p1|agopago|101|1171\n|player|p2|RenVGC_2X|drayden|1041\n|teamsize|p1|6\n|teamsize|p2|6\n|gen|9\n|tier|[Gen 9] VGC 2023 Regulation C\n|rated|\n|rule|Species Clause: Limit one of each Pok\u00e9mon\n|rule|Item Clause: Limit one of each item\n|clearpoke\n|poke|p1|Magnezone, L50|\n|poke|p1|Palafin, L50, F|\n|poke|p1|Flutter Mane, L50|\n|poke|p1|Ting-Lu, L50|\n|poke|p1|Chien-Pao, L50|\n|poke|p1|Arcanine, L50, F|\n|poke|p2|Wo-Chien, L50|\n|poke|p2|Glimmora, L50, M|\n|poke|p2|Palafin, L50, F|\n|poke|p2|Amoonguss, L50, F|\n|poke|p2|Flutter Mane, L50|\n|poke|p2|Arcanine, L50, F|\n|teampreview|4\n|inactive|Battle timer is ON: inactive players will automatically lose when time's up. (requested by RenVGC_2X)\nRenVGC_2X rejected open team sheets.\n|\n|t:|1682505016\n|start\n|switch|p1a: Magnezone|Magnezone, L50, shiny|100\/100\n|switch|p1b: Ting-Lu|Ting-Lu, L50|100\/100\n|switch|p2a: Palafin|Palafin, L50, F|100\/100\n|switch|p2b: Glimmora|Glimmora, L50, M, shiny|100\/100\n|-ability|p1b: Ting-Lu|Vessel of Ruin\n|turn|1\n|\n|t:|1682505036\n|move|p2a: Palafin|Protect|p2a: Palafin\n|-singleturn|p2a: Palafin|Protect\n|move|p2b: Glimmora|Mortal Spin|p1b: Ting-Lu|[spread] p1b\n|-immune|p1a: Magnezone\n|-resisted|p1b: Ting-Lu\n|-damage|p1b: Ting-Lu|99\/100\n|-status|p1b: Ting-Lu|psn\n|move|p1a: Magnezone|Thunder Wave|p2b: Glimmora\n|-status|p2b: Glimmora|par\n|move|p1b: Ting-Lu|Fissure|p2b: Glimmora\n|-damage|p2b: Glimmora|0 fnt\n|faint|p2b: Glimmora\n|-ohko\n|\n|-damage|p1b: Ting-Lu|87\/100 psn|[from] psn\n|upkeep\n|c|\u2606RenVGC_2X|Bro.\n|c|\u2606RenVGC_2X|Your not good\n|inactive|RenVGC_2X has 30 seconds left.\n|c|\u2606RenVGC_2X|Use actual competitive moves you bozo.\n|\n|t:|1682505067\n|switch|p2b: Arcanine|Arcanine, L50, F|100\/100\n|-ability|p2b: Arcanine|Intimidate|boost\n|-unboost|p1a: Magnezone|atk|1\n|-unboost|p1b: Ting-Lu|atk|1\n|turn|2\n|\n|t:|1682505081\n|detailschange|p2a: Palafin|Palafin-Hero, L50, F\n|switch|p2a: Wo-Chien|Wo-Chien, L50|100\/100\n|-ability|p2a: Wo-Chien|Tablets of Ruin\n|move|p1a: Magnezone|Protect|p1a: Magnezone\n|-singleturn|p1a: Magnezone|Protect\n|move|p2b: Arcanine|Flare Blitz|p1a: Magnezone\n|-activate|p1a: Magnezone|move: Protect\n|move|p1b: Ting-Lu|Fissure|p2b: Arcanine\n|-damage|p2b: Arcanine|0 fnt\n|faint|p2b: Arcanine\n|-ohko\n|\n|-damage|p1b: Ting-Lu|75\/100 psn|[from] psn\n|upkeep\n|c|\u2606RenVGC_2X|Like stop depending on luck\n|c|\u2606agopago|hahahaha\n|c|\u2606RenVGC_2X|BRO.\n|c|\u2606RenVGC_2X|YOUR SO BAD.\n|c|\u2606RenVGC_2X|IM DONE.\n|c|\u2606agopago|hahahahah\n|inactive|RenVGC_2X has 30 seconds left.\n|c|\u2606RenVGC_2X|YOUR NOT FUNNY.\n|inactive|RenVGC_2X has 20 seconds left.\n|\n|t:|1682505117\n|switch|p2b: Palafin|Palafin-Hero, L50, F|100\/100\n|-activate|p2b: Palafin|ability: Zero to Hero\n|turn|3\n|c|\u2606RenVGC_2X|YOUR DONE.\n|\n|t:|1682505139\n|-terastallize|p2b: Palafin|Water\n|move|p2b: Palafin|Wave Crash|p1b: Ting-Lu\n|-supereffective|p1b: Ting-Lu\n|-damage|p1b: Ting-Lu|0 fnt\n|faint|p1b: Ting-Lu\n|-damage|p2b: Palafin|69\/100|[from] Recoil\n|move|p2a: Wo-Chien|Leech Seed|p1a: Magnezone|[miss]\n|-miss|p2a: Wo-Chien|p1a: Magnezone\n|move|p1a: Magnezone|Thunder Wave|p2b: Palafin\n|-status|p2b: Palafin|par\n|\n|upkeep\n|c|\u2606RenVGC_2X|L\n|c|\u2606RenVGC_2X|Loser\n|c|\u2606RenVGC_2X|Imagine\n|\n|t:|1682505159\n|switch|p1b: Chien-Pao|Chien-Pao, L50|100\/100\n|-ability|p1b: Chien-Pao|Sword of Ruin\n|turn|4\n|c|\u2606RenVGC_2X|Depending on luck.\n|\n|t:|1682505175\n|move|p1b: Chien-Pao|Protect|p1b: Chien-Pao\n|-singleturn|p1b: Chien-Pao|Protect\n|move|p2a: Wo-Chien|Leech Seed|p1b: Chien-Pao\n|-activate|p1b: Chien-Pao|move: Protect\n|move|p2b: Palafin|Drain Punch|p1b: Chien-Pao\n|-activate|p1b: Chien-Pao|move: Protect\n|move|p1a: Magnezone|Thunder|p2b: Palafin\n|-supereffective|p2b: Palafin\n|-damage|p2b: Palafin|0 fnt\n|faint|p2b: Palafin\n|\n|upkeep\n|turn|5\n|c|\u2606RenVGC_2X|Bozo\n|c|\u2606RenVGC_2X|K!ll yourself\n|inactive|agopago has 30 seconds left.\n|\n|t:|1682505201\n|move|p1b: Chien-Pao|Ice Spinner|p2a: Wo-Chien\n|-supereffective|p2a: Wo-Chien\n|-damage|p2a: Wo-Chien|43\/100\n|move|p2a: Wo-Chien|Leech Seed|p1b: Chien-Pao|[miss]\n|-miss|p2a: Wo-Chien|p1b: Chien-Pao\n|move|p1a: Magnezone|Thunder Wave|p2a: Wo-Chien\n|-status|p2a: Wo-Chien|par\n|\n|-heal|p2a: Wo-Chien|49\/100 par|[from] item: Leftovers\n|upkeep\n|turn|6\n|c|\u2606RenVGC_2X|Oh my god\n|c|\u2606RenVGC_2X|Im so done.\n|inactive|RenVGC_2X has 30 seconds left.\n|inactive|RenVGC_2X has 20 seconds left.\n|inactive|RenVGC_2X has 15 seconds left.\n|inactive|RenVGC_2X has 10 seconds left.\n|inactive|RenVGC_2X has 5 seconds left.\n|\n|t:|1682505256\n|move|p1b: Chien-Pao|Ice Spinner|p2a: Wo-Chien\n|-supereffective|p2a: Wo-Chien\n|-damage|p2a: Wo-Chien|0 fnt\n|faint|p2a: Wo-Chien\n|\n|win|agopago\n|raw|agopago's rating: 1171 → 1187<\/strong> (+16 for winning)\n|raw|RenVGC_2X's rating: 1041 → 1031<\/strong> (-10 for losing)\n","uploadtime":1682505198,"views":9,"p1id":"agopago","p2id":"renvgc2x","formatid":"gen9vgc2023regulationc","rating":1031,"private":0,"password":""}