{"id":"gen9vgc2023regulationc-1857947793","p1":"chalmander69","p2":"YT_JoseRockzVGC","format":"[Gen 9] VGC 2023 Regulation C","log":"|j|\u2606chalmander69\n|j|\u2606YT_JoseRockzVGC\n|t:|1683250974\n|gametype|doubles\n|player|p1|chalmander69|harlequin|1193\n|player|p2|YT_JoseRockzVGC|170|1184\n|teamsize|p1|6\n|teamsize|p2|6\n|gen|9\n|tier|[Gen 9] VGC 2023 Regulation C\n|rated|\n|rule|Species Clause: Limit one of each Pok\u00e9mon\n|rule|Item Clause: Limit one of each item\n|clearpoke\n|poke|p1|Chi-Yu, L50|\n|poke|p1|Corviknight, L50, F|\n|poke|p1|Arcanine, L50, M|\n|poke|p1|Flutter Mane, L50|\n|poke|p1|Amoonguss, L50, M|\n|poke|p1|Iron Hands, L50|\n|poke|p2|Great Tusk, L50|\n|poke|p2|Corviknight, L50, F|\n|poke|p2|Tyranitar, L50, F|\n|poke|p2|Lycanroc, L50, F|\n|poke|p2|Indeedee-F, L50, F|\n|poke|p2|Flutter Mane, L50|\n|teampreview|4\nchalmander69 has agreed to open team sheets.\n|inactive|Battle timer is ON: inactive players will automatically lose when time's up. (requested by chalmander69)\n|inactive|chalmander69 has 60 seconds left.\n|inactive|YT_JoseRockzVGC has 60 seconds left.\n|inactive|chalmander69 has 30 seconds left.\n|\n|t:|1683251041\n|start\n|switch|p1a: Corviknight|Corviknight, L50, F, shiny|100\/100\n|switch|p1b: Arcanine|Arcanine, L50, M|100\/100\n|switch|p2a: Indeedee|Indeedee-F, L50, F, shiny|100\/100\n|switch|p2b: Flutter Mane|Flutter Mane, L50, shiny|100\/100\n|-ability|p1b: Arcanine|Intimidate|boost\n|-unboost|p2a: Indeedee|atk|1\n|-unboost|p2b: Flutter Mane|atk|1\n|-fieldstart|move: Psychic Terrain|[from] ability: Psychic Surge|[of] p2a: Indeedee\n|turn|1\n|inactive|chalmander69 has 30 seconds left.\n|inactive|YT_JoseRockzVGC has 30 seconds left.\n|inactive|chalmander69 has 20 seconds left.\n|inactive|YT_JoseRockzVGC has 20 seconds left.\n|inactive|YT_JoseRockzVGC has 15 seconds left.\n|inactive|YT_JoseRockzVGC has 10 seconds left.\n|inactive|YT_JoseRockzVGC has 5 seconds left.\n|\n|t:|1683251096\n|move|p2b: Flutter Mane|Moonblast|p1a: Corviknight\n|-resisted|p1a: Corviknight\n|-damage|p1a: Corviknight|64\/100\n|-ability|p1a: Corviknight|Mirror Armor\n|-unboost|p2b: Flutter Mane|spa|1\n|move|p1b: Arcanine|Howl|p1b: Arcanine|[spread] p1a,p1b\n|-boost|p1a: Corviknight|atk|1\n|-boost|p1b: Arcanine|atk|1\n|move|p2a: Indeedee|Psychic|p1a: Corviknight\n|-resisted|p1a: Corviknight\n|-damage|p1a: Corviknight|46\/100\n|move|p1a: Corviknight|Tailwind|p1a: Corviknight\n|-sidestart|p1: chalmander69|move: Tailwind\n|\n|upkeep\n|turn|2\n|inactive|YT_JoseRockzVGC has 30 seconds left.\n|inactive|chalmander69 has 30 seconds left.\n|inactive|YT_JoseRockzVGC has 20 seconds left.\n|inactive|chalmander69 has 20 seconds left.\n|\n|t:|1683251145\n|move|p1a: Corviknight|Protect|p1a: Corviknight\n|-singleturn|p1a: Corviknight|Protect\n|move|p2a: Indeedee|Follow Me|p2a: Indeedee\n|-singleturn|p2a: Indeedee|move: Follow Me\n|move|p1b: Arcanine|Flare Blitz|p2a: Indeedee\n|-damage|p2a: Indeedee|30\/100\n|-damage|p1b: Arcanine|78\/100|[from] Recoil\n|move|p2b: Flutter Mane|Moonblast|p1a: Corviknight\n|-activate|p1a: Corviknight|move: Protect\n|\n|upkeep\n|turn|3\n|\n|t:|1683251168\n|-end|p2b: Flutter Mane|Protosynthesis|[silent]\n|switch|p2b: Tyranitar|Tyranitar, L50, F, shiny|100\/100\n|-weather|Sandstorm|[from] ability: Sand Stream|[of] p2b: Tyranitar\n|move|p2a: Indeedee|Follow Me|p2a: Indeedee\n|-singleturn|p2a: Indeedee|move: Follow Me\n|move|p1b: Arcanine|Flare Blitz|p2a: Indeedee\n|-damage|p2a: Indeedee|0 fnt\n|faint|p2a: Indeedee\n|-damage|p1b: Arcanine|68\/100|[from] Recoil\n|move|p1a: Corviknight|Iron Head|p2b: Tyranitar\n|-supereffective|p2b: Tyranitar\n|-damage|p2b: Tyranitar|28\/100\n|\n|-weather|Sandstorm|[upkeep]\n|-damage|p1b: Arcanine|62\/100|[from] Sandstorm\n|upkeep\n|\n|t:|1683251182\n|switch|p2a: Great Tusk|Great Tusk, L50, shiny|100\/100\n|turn|4\n|\n|t:|1683251207\n|move|p1a: Corviknight|Protect|p1a: Corviknight\n|-singleturn|p1a: Corviknight|Protect\n|move|p1b: Arcanine|Will-O-Wisp|p2a: Great Tusk\n|-status|p2a: Great Tusk|brn\n|move|p2a: Great Tusk|Headlong Rush|p1b: Arcanine\n|-supereffective|p1b: Arcanine\n|-damage|p1b: Arcanine|0 fnt\n|-unboost|p2a: Great Tusk|def|1\n|-unboost|p2a: Great Tusk|spd|1\n|faint|p1b: Arcanine\n|move|p2b: Tyranitar|Rock Slide|p1a: Corviknight\n|-activate|p1a: Corviknight|move: Protect\n|\n|-weather|Sandstorm|[upkeep]\n|-damage|p2a: Great Tusk|95\/100 brn|[from] brn\n|-sideend|p1: chalmander69|move: Tailwind\n|upkeep\n|\n|t:|1683251223\n|switch|p1b: Amoonguss|Amoonguss, L50, M|100\/100\n|turn|5\n|inactive|YT_JoseRockzVGC has 30 seconds left.\n|\n|t:|1683251254\n|-terastallize|p2b: Tyranitar|Flying\n|move|p1b: Amoonguss|Rage Powder|p1b: Amoonguss\n|-singleturn|p1b: Amoonguss|move: Rage Powder\n|move|p2a: Great Tusk|Headlong Rush|p1b: Amoonguss\n|-damage|p1b: Amoonguss|74\/100\n|-unboost|p2a: Great Tusk|def|1\n|-unboost|p2a: Great Tusk|spd|1\n|move|p2b: Tyranitar|Tera Blast|p1b: Amoonguss\n|-supereffective|p1b: Amoonguss\n|-damage|p1b: Amoonguss|5\/100\n|-enditem|p1b: Amoonguss|Sitrus Berry|[eat]\n|-heal|p1b: Amoonguss|30\/100|[from] item: Sitrus Berry\n|move|p1a: Corviknight|Tailwind|p1a: Corviknight\n|-sidestart|p1: chalmander69|move: Tailwind\n|\n|-weather|Sandstorm|[upkeep]\n|-damage|p2b: Tyranitar|22\/100|[from] Sandstorm\n|-damage|p1b: Amoonguss|24\/100|[from] Sandstorm\n|-damage|p2a: Great Tusk|89\/100 brn|[from] brn\n|-fieldend|move: Psychic Terrain\n|upkeep\n|turn|6\n|inactive|chalmander69 has 30 seconds left.\n|inactive|chalmander69 has 20 seconds left.\n|inactive|chalmander69 has 15 seconds left.\n|inactive|chalmander69 has 10 seconds left.\n|inactive|chalmander69 has 5 seconds left.\n|\n|t:|1683251308\n|move|p1b: Amoonguss|Rage Powder|p1b: Amoonguss\n|-singleturn|p1b: Amoonguss|move: Rage Powder\n|move|p1a: Corviknight|Brave Bird|p2b: Tyranitar\n|-damage|p2b: Tyranitar|0 fnt\n|faint|p2b: Tyranitar\n|-damage|p1a: Corviknight|39\/100|[from] Recoil\n|move|p2a: Great Tusk|Headlong Rush|p1b: Amoonguss\n|-damage|p1b: Amoonguss|0 fnt\n|-unboost|p2a: Great Tusk|def|1\n|-unboost|p2a: Great Tusk|spd|1\n|faint|p1b: Amoonguss\n|\n|-weather|Sandstorm|[upkeep]\n|-damage|p2a: Great Tusk|83\/100 brn|[from] brn\n|upkeep\n|\n|t:|1683251326\n|switch|p2b: Flutter Mane|Flutter Mane, L50, shiny|100\/100\n|switch|p1b: Flutter Mane|Flutter Mane, L50|100\/100\n|-enditem|p1b: Flutter Mane|Booster Energy\n|-activate|p1b: Flutter Mane|ability: Protosynthesis|[fromitem]\n|-start|p1b: Flutter Mane|protosynthesisspa\n|turn|7\n|\n|t:|1683251345\n|-terastallize|p1b: Flutter Mane|Fairy\n|move|p1b: Flutter Mane|Dazzling Gleam|p2b: Flutter Mane|[spread] p2a,p2b\n|-supereffective|p2a: Great Tusk\n|-damage|p2a: Great Tusk|0 fnt\n|-damage|p2b: Flutter Mane|46\/100\n|faint|p2a: Great Tusk\n|-end|p2a: Great Tusk|Protosynthesis|[silent]\n|move|p1a: Corviknight|Iron Head|p2b: Flutter Mane\n|-supereffective|p2b: Flutter Mane\n|-damage|p2b: Flutter Mane|0 fnt\n|faint|p2b: Flutter Mane\n|-end|p2b: Flutter Mane|Protosynthesis|[silent]\n|\n|win|chalmander69\n|raw|chalmander69's rating: 1193 → 1217<\/strong> (+24 for winning)\n|raw|YT_JoseRockzVGC's rating: 1184 → 1160<\/strong> (-24 for losing)\n|c|\u2606chalmander69|gg\n","uploadtime":1683251359,"views":15,"p1id":"chalmander69","p2id":"ytjoserockzvgc","formatid":"gen9vgc2023regulationc","rating":1160,"private":0,"password":""}