{"id":"gen9vgc2023regulationc-1854937370","p1":"mouse orb","p2":"Gracamol","format":"[Gen 9] VGC 2023 Regulation C","log":"|j|\u2606mouse orb\n|j|\u2606Gracamol\n|t:|1682882732\n|gametype|doubles\n|player|p1|mouse orb|waitress-gen4|1202\n|player|p2|Gracamol|barry|1122\n|teamsize|p1|6\n|teamsize|p2|6\n|gen|9\n|tier|[Gen 9] VGC 2023 Regulation C\n|rated|\n|rule|Species Clause: Limit one of each Pok\u00e9mon\n|rule|Item Clause: Limit one of each item\n|clearpoke\n|poke|p1|Chi-Yu, L50|\n|poke|p1|Gyarados, L50, F|\n|poke|p1|Flutter Mane, L50|\n|poke|p1|Kingambit, L50, M|\n|poke|p1|Baxcalibur, L50, M|\n|poke|p1|Murkrow, L50, M|\n|poke|p2|Flutter Mane, L50|\n|poke|p2|Grimmsnarl, L50, M|\n|poke|p2|Tauros-Paldea-Aqua, L50, M|\n|poke|p2|Rotom-Heat, L50|\n|poke|p2|Iron Bundle, L50|\n|poke|p2|Sandy Shocks, L50|\n|teampreview|4\nGracamol has agreed to open team sheets.\n|inactive|Battle timer is ON: inactive players will automatically lose when time's up. (requested by Gracamol)\n|\n|t:|1682882783\n|start\n|switch|p1a: Murkrow|Murkrow, L50, M, shiny|100\/100\n|switch|p1b: Flutter Mane|Flutter Mane, L50|100\/100\n|switch|p2a: Wheeljack|Rotom-Heat, L50, shiny|100\/100\n|switch|p2b: Skullgrin|Grimmsnarl, L50, M|100\/100\n|-enditem|p1b: Flutter Mane|Booster Energy\n|-activate|p1b: Flutter Mane|ability: Protosynthesis|[fromitem]\n|-start|p1b: Flutter Mane|protosynthesisspa\n|turn|1\n|inactive|Gracamol has 30 seconds left.\n|inactive|Gracamol has 20 seconds left.\n|\n|t:|1682882819\n|move|p1a: Murkrow|Tailwind|p1a: Murkrow\n|-sidestart|p1: mouse orb|move: Tailwind\n|move|p2b: Skullgrin|Thunder Wave|p1b: Flutter Mane\n|-status|p1b: Flutter Mane|par\n|cant|p1b: Flutter Mane|par\n|move|p2a: Wheeljack|Volt Switch|p1b: Flutter Mane\n|-damage|p1b: Flutter Mane|70\/100 par\n|\n|t:|1682882827\n|switch|p2a: Skywarp|Flutter Mane, L50|100\/100|[from] Volt Switch\n|\n|upkeep\n|turn|2\n|\n|t:|1682882840\n|move|p2b: Skullgrin|Light Screen|p2b: Skullgrin\n|-sidestart|p2: Gracamol|move: Light Screen\n|move|p1a: Murkrow|Foul Play|p2b: Skullgrin\n|-resisted|p2b: Skullgrin\n|-damage|p2b: Skullgrin|91\/100\n|move|p2a: Skywarp|Shadow Ball|p1b: Flutter Mane\n|-supereffective|p1b: Flutter Mane\n|-damage|p1b: Flutter Mane|0 fnt\n|faint|p1b: Flutter Mane\n|-end|p1b: Flutter Mane|Protosynthesis|[silent]\n|\n|upkeep\n|\n|t:|1682882855\n|switch|p1b: Chi-Yu|Chi-Yu, L50|100\/100\n|-ability|p1b: Chi-Yu|Beads of Ruin\n|turn|3\n|\n|t:|1682882863\n|move|p1b: Chi-Yu|Heat Wave|p2b: Skullgrin|[spread] p2a,p2b\n|-damage|p2a: Skywarp|50\/100\n|-damage|p2b: Skullgrin|43\/100\n|-status|p2a: Skywarp|brn\n|-damage|p1b: Chi-Yu|90\/100|[from] item: Life Orb\n|move|p1a: Murkrow|Foul Play|p2a: Skywarp\n|-crit|p2a: Skywarp\n|-damage|p2a: Skywarp|0 fnt\n|faint|p2a: Skywarp\n|-end|p2a: Skywarp|Protosynthesis|[silent]\n|move|p2b: Skullgrin|Spirit Break|p1b: Chi-Yu\n|-damage|p1b: Chi-Yu|40\/100\n|-unboost|p1b: Chi-Yu|spa|1\n|\n|upkeep\n|\n|t:|1682882881\n|switch|p2a: Road Hauler|Sandy Shocks, L50|100\/100\n|-enditem|p2a: Road Hauler|Booster Energy\n|-activate|p2a: Road Hauler|ability: Protosynthesis|[fromitem]\n|-start|p2a: Road Hauler|protosynthesisspe\n|turn|4\n|inactive|mouse orb has 30 seconds left.\n|\n|t:|1682882910\n|move|p2a: Road Hauler|Protect|p2a: Road Hauler\n|-singleturn|p2a: Road Hauler|Protect\n|move|p1a: Murkrow|Haze|p1a: Murkrow\n|-clearallboost\n|move|p1b: Chi-Yu|Heat Wave|p2b: Skullgrin|[spread] p2b\n|-activate|p2a: Road Hauler|move: Protect\n|-damage|p2b: Skullgrin|4\/100\n|-damage|p1b: Chi-Yu|30\/100|[from] item: Life Orb\n|move|p2b: Skullgrin|Spirit Break|p1a: Murkrow\n|-supereffective|p1a: Murkrow\n|-damage|p1a: Murkrow|43\/100\n|-unboost|p1a: Murkrow|spa|1\n|\n|-sideend|p1: mouse orb|move: Tailwind\n|upkeep\n|turn|5\n|\n|t:|1682882928\n|move|p1a: Murkrow|Tailwind|p1a: Murkrow\n|-sidestart|p1: mouse orb|move: Tailwind\n|move|p1b: Chi-Yu|Heat Wave|p2b: Skullgrin|[spread] p2a\n|-miss|p1b: Chi-Yu|p2b: Skullgrin\n|-damage|p2a: Road Hauler|46\/100\n|-damage|p1b: Chi-Yu|20\/100|[from] item: Life Orb\n|move|p2a: Road Hauler|Earth Power|p1b: Chi-Yu\n|-supereffective|p1b: Chi-Yu\n|-damage|p1b: Chi-Yu|0 fnt\n|faint|p1b: Chi-Yu\n|move|p2b: Skullgrin|Spirit Break|p1a: Murkrow\n|-supereffective|p1a: Murkrow\n|-damage|p1a: Murkrow|0 fnt\n|faint|p1a: Murkrow\n|\n|upkeep\n|\n|t:|1682882942\n|switch|p1b: Baxcalibur|Baxcalibur, L50, M|100\/100\n|turn|6\n|\n|t:|1682882952\n|-terastallize|p1b: Baxcalibur|Ground\n|move|p2a: Road Hauler|Protect|p2a: Road Hauler\n|-singleturn|p2a: Road Hauler|Protect\n|move|p2b: Skullgrin|Thunder Wave|p1b: Baxcalibur\n|-immune|p1b: Baxcalibur\n|move|p1b: Baxcalibur|Earthquake|p2a: Road Hauler|[spread] p2b\n|-activate|p2a: Road Hauler|move: Protect\n|-damage|p2b: Skullgrin|0 fnt\n|faint|p2b: Skullgrin\n|\n|upkeep\n|\n|t:|1682882960\n|switch|p2b: Wheeljack|Rotom-Heat, L50, shiny|100\/100\n|turn|7\n|\n|t:|1682882971\n|-terastallize|p2a: Road Hauler|Flying\n|move|p1b: Baxcalibur|Earthquake|p2b: Wheeljack|[spread] \n|-immune|p2a: Road Hauler\n|-immune|p2b: Wheeljack|[from] ability: Levitate\n|move|p2a: Road Hauler|Tera Blast|p1b: Baxcalibur\n|-damage|p1b: Baxcalibur|74\/100\n|move|p2b: Wheeljack|Will-O-Wisp|p1b: Baxcalibur|[miss]\n|-miss|p2b: Wheeljack|p1b: Baxcalibur\n|\n|upkeep\n|turn|8\n|\n|t:|1682882988\n|move|p1b: Baxcalibur|Ice Shard|p2a: Road Hauler\n|-supereffective|p2a: Road Hauler\n|-damage|p2a: Road Hauler|0 fnt\n|faint|p2a: Road Hauler\n|-end|p2a: Road Hauler|Protosynthesis|[silent]\n|move|p2b: Wheeljack|Will-O-Wisp|p1b: Baxcalibur\n|-immune|p1b: Baxcalibur|[from] ability: Thermal Exchange\n|\n|-sideend|p1: mouse orb|move: Tailwind\n|upkeep\n|turn|9\n|\n|t:|1682883000\n|move|p1b: Baxcalibur|Glaive Rush|p2b: Wheeljack\n|-damage|p2b: Wheeljack|29\/100\n|-singlemove|p1b: Baxcalibur|Glaive Rush|[silent]\n|-enditem|p2b: Wheeljack|Sitrus Berry|[eat]\n|-heal|p2b: Wheeljack|54\/100|[from] item: Sitrus Berry\n|move|p2b: Wheeljack|Overheat|p1b: Baxcalibur\n|-damage|p1b: Baxcalibur|0 fnt\n|-unboost|p2b: Wheeljack|spa|2\n|faint|p1b: Baxcalibur\n|\n|win|Gracamol\n|raw|mouse orb's rating: 1202 → 1171<\/strong> (-31 for losing)\n|raw|Gracamol's rating: 1122 → 1153<\/strong> (+31 for winning)\n|l|\u2606mouse orb\n|c|\u2606Gracamol|gg\n","uploadtime":1682883172,"views":4,"p1id":"mouseorb","p2id":"gracamol","formatid":"gen9vgc2023regulationc","rating":1153,"private":0,"password":""}