{"id":"gen9vgc2023regulationc-1844854452","p1":"Savirisu","p2":"Joy840","format":"[Gen 9] VGC 2023 Regulation C","log":"|j|\u2606Savirisu\n|j|\u2606Joy840\n|t:|1681656810\n|gametype|doubles\n|player|p1|Savirisu|dawn-gen4pt|1147\n|player|p2|Joy840|hilbert|1054\n|teamsize|p1|6\n|teamsize|p2|6\n|gen|9\n|tier|[Gen 9] VGC 2023 Regulation C\n|rated|\n|rule|Species Clause: Limit one of each Pok\u00e9mon\n|rule|Item Clause: Limit one of each item\n|clearpoke\n|poke|p1|Talonflame, L50, F|\n|poke|p1|Chien-Pao, L50|\n|poke|p1|Gyarados, L50, M|\n|poke|p1|Slither Wing, L50|\n|poke|p1|Great Tusk, L50|\n|poke|p1|Tsareena, L50, F|\n|poke|p2|Hariyama, L50, F|\n|poke|p2|Chien-Pao, L50|\n|poke|p2|Indeedee-F, L50, F|\n|poke|p2|Raichu, L50, M|\n|poke|p2|Palafin, L50, M|\n|poke|p2|Gogoat, L50, F|\n|teampreview|4\n|inactive|Battle timer is ON: inactive players will automatically lose when time's up. (requested by Savirisu)\n|inactive|Joy840 also wants the timer to be on.\n|\n|t:|1681656827\n|start\n|switch|p1a: Talonflame|Talonflame, L50, F|100\/100\n|switch|p1b: Great Tusk|Great Tusk, L50|100\/100\n|switch|p2a: Hariyama|Hariyama, L50, F|100\/100\n|switch|p2b: Indeedee|Indeedee-F, L50, F|100\/100\n|-fieldstart|move: Psychic Terrain|[from] ability: Psychic Surge|[of] p2b: Indeedee\n|-enditem|p2b: Indeedee|Psychic Seed\n|-boost|p2b: Indeedee|spd|1|[from] item: Psychic Seed\n|turn|1\n|\n|t:|1681656845\n|-terastallize|p1b: Great Tusk|Fairy\n|move|p2a: Hariyama|Fake Out|p1a: Talonflame\n|-hint|Psychic Terrain doesn't affect Pok\u00e9mon immune to Ground.\n|-damage|p1a: Talonflame|82\/100\n|cant|p1a: Talonflame|flinch\n|move|p1b: Great Tusk|Play Rough|p2a: Hariyama\n|-supereffective|p2a: Hariyama\n|-damage|p2a: Hariyama|0 fnt\n|faint|p2a: Hariyama\n|move|p2b: Indeedee|Trick Room|p2b: Indeedee\n|-fieldstart|move: Trick Room|[of] p2b: Indeedee\n|\n|upkeep\n|\n|t:|1681656858\n|switch|p2a: Gogoat|Gogoat, L50, F|100\/100\n|turn|2\n|\n|t:|1681656869\n|-terastallize|p2a: Gogoat|Water\n|move|p2a: Gogoat|Bulk Up|p2a: Gogoat\n|-boost|p2a: Gogoat|atk|1\n|-boost|p2a: Gogoat|def|1\n|move|p2b: Indeedee|Psychic|p1a: Talonflame\n|-damage|p1a: Talonflame|32\/100\n|move|p1b: Great Tusk|Earthquake|p2b: Indeedee|[spread] p2a,p2b\n|-immune|p1a: Talonflame\n|-damage|p2a: Gogoat|69\/100\n|-damage|p2b: Indeedee|58\/100\n|move|p1a: Talonflame|Taunt|p2b: Indeedee\n|-start|p2b: Indeedee|move: Taunt\n|\n|-heal|p2a: Gogoat|75\/100|[from] item: Leftovers\n|upkeep\n|turn|3\n|\n|t:|1681656890\n|-end|p1b: Great Tusk|Protosynthesis|[silent]\n|switch|p1b: Chien-Pao|Chien-Pao, L50|100\/100\n|-ability|p1b: Chien-Pao|Sword of Ruin\n|move|p2a: Gogoat|Leaf Blade|p1b: Chien-Pao\n|-damage|p1b: Chien-Pao|11\/100\n|move|p2b: Indeedee|Psychic|p1a: Talonflame\n|-damage|p1a: Talonflame|0 fnt\n|faint|p1a: Talonflame\n|\n|-heal|p2a: Gogoat|81\/100|[from] item: Leftovers\n|upkeep\n|\n|t:|1681656904\n|switch|p1a: Tsareena|Tsareena, L50, F|100\/100\n|turn|4\n|\n|t:|1681656922\n|move|p1b: Chien-Pao|Protect|p1b: Chien-Pao\n|-singleturn|p1b: Chien-Pao|Protect\n|move|p2a: Gogoat|Leaf Blade|p1b: Chien-Pao\n|-activate|p1b: Chien-Pao|move: Protect\n|move|p2b: Indeedee|Psychic|p1a: Tsareena\n|-damage|p1a: Tsareena|49\/100\n|-enditem|p1a: Tsareena|Sitrus Berry|[eat]\n|-heal|p1a: Tsareena|74\/100|[from] item: Sitrus Berry\n|move|p1a: Tsareena|Seed Bomb|p2a: Gogoat\n|-ability|p2a: Gogoat|Sap Sipper|boost\n|-boost|p2a: Gogoat|atk|1\n|\n|-heal|p2a: Gogoat|87\/100|[from] item: Leftovers\n|upkeep\n|turn|5\n|inactive|Savirisu has 30 seconds left.\n|\n|t:|1681656957\n|move|p2a: Gogoat|Leaf Blade|p1b: Chien-Pao\n|-damage|p1b: Chien-Pao|0 fnt\n|faint|p1b: Chien-Pao\n|move|p2b: Indeedee|Psychic|p1a: Tsareena\n|-damage|p1a: Tsareena|25\/100\n|move|p1a: Tsareena|U-turn|p2b: Indeedee\n|-supereffective|p2b: Indeedee\n|-damage|p2b: Indeedee|11\/100\n|\n|t:|1681656966\n|switch|p1a: Great Tusk|Great Tusk, L50, tera:Fairy|100\/100|[from] U-turn\n|\n|-heal|p2a: Gogoat|94\/100|[from] item: Leftovers\n|-end|p2b: Indeedee|move: Taunt\n|-fieldend|move: Trick Room\n|-fieldend|move: Psychic Terrain\n|upkeep\n|\n|t:|1681656974\n|switch|p1b: Tsareena|Tsareena, L50, F|25\/100\n|turn|6\n|\n|t:|1681656983\n|move|p2b: Indeedee|Follow Me|p2b: Indeedee\n|-singleturn|p2b: Indeedee|move: Follow Me\n|move|p1a: Great Tusk|Close Combat|p2b: Indeedee\n|-damage|p2b: Indeedee|0 fnt\n|-unboost|p1a: Great Tusk|def|1\n|-unboost|p1a: Great Tusk|spd|1\n|faint|p2b: Indeedee\n|move|p1b: Tsareena|U-turn|p2a: Gogoat\n|-damage|p2a: Gogoat|75\/100\n|move|p2a: Gogoat|Leaf Blade|p1a: Great Tusk\n|-damage|p1a: Great Tusk|0 fnt\n|faint|p1a: Great Tusk\n|-end|p1a: Great Tusk|Protosynthesis|[silent]\n|\n|-heal|p2a: Gogoat|81\/100|[from] item: Leftovers\n|upkeep\n|\n|t:|1681656996\n|switch|p2b: Raichu|Raichu, L50, M|100\/100\n|turn|7\n|\n|t:|1681657006\n|move|p2b: Raichu|Surf|p1b: Tsareena|[spread] p2a,p1b\n|-resisted|p2a: Gogoat\n|-resisted|p1b: Tsareena\n|-damage|p2a: Gogoat|72\/100\n|-damage|p1b: Tsareena|13\/100\n|move|p1b: Tsareena|Seed Bomb|p2b: Raichu\n|-damage|p2b: Raichu|14\/100\n|move|p2a: Gogoat|Leaf Blade|p1b: Tsareena\n|-resisted|p1b: Tsareena\n|-damage|p1b: Tsareena|0 fnt\n|faint|p1b: Tsareena\n|\n|win|Joy840\n|raw|Savirisu's rating: 1147 → 1115<\/strong> (-32 for losing)\n|raw|Joy840's rating: 1054 → 1094<\/strong> (+40 for winning)\n|l|\u2606Savirisu\n","uploadtime":1681657025,"views":11,"p1id":"savirisu","p2id":"joy840","formatid":"gen9vgc2023regulationc","rating":1094,"private":0,"password":""}