{"id":"gen9vgc2023regulationc-1851831311","p1":"Tivmi","p2":"BeeGee33","format":"[Gen 9] VGC 2023 Regulation C","log":"|j|\u2606Tivmi\n|j|\u203dBeeGee33\n|t:|1682491652\n|gametype|doubles\n|player|p1|Tivmi|iris-gen5bw2|1287\n|player|p2|BeeGee33|101|1386\n|teamsize|p1|6\n|teamsize|p2|6\n|gen|9\n|tier|[Gen 9] VGC 2023 Regulation C\n|rated|\n|rule|Species Clause: Limit one of each Pok\u00e9mon\n|rule|Item Clause: Limit one of each item\n|clearpoke\n|poke|p1|Kingambit, L50, M|\n|poke|p1|Amoonguss, L50, M|\n|poke|p1|Dragapult, L50, M|\n|poke|p1|Chien-Pao, L50|\n|poke|p1|Glimmora, L50, F|\n|poke|p1|Maushold-Four, L50|\n|poke|p2|Pelipper, L50, F|\n|poke|p2|Palafin, L50, F|\n|poke|p2|Salamence, L50, M|\n|poke|p2|Flutter Mane, L50|\n|poke|p2|Gholdengo, L50|\n|poke|p2|Meowscarada, L50, F|\n|teampreview|4\n|inactive|Battle timer is ON: inactive players will automatically lose when time's up. (requested by BeeGee33)\n|inactive|Tivmi has 60 seconds left.\n|\n|t:|1682491695\n|start\n|switch|p1a: Maushold|Maushold-Four, L50|100\/100\n|switch|p1b: Dragapult|Dragapult, L50, M|100\/100\n|switch|p2a: Pelipper|Pelipper, L50, F|100\/100\n|switch|p2b: Palafin|Palafin, L50, F|100\/100\n|-weather|RainDance|[from] ability: Drizzle|[of] p2a: Pelipper\n|turn|1\n|inactive|Tivmi has 30 seconds left.\n|inactive|Tivmi has 20 seconds left.\n|inactive|Tivmi has 15 seconds left.\n|inactive|Tivmi has 10 seconds left.\n|\n|t:|1682491743\n|detailschange|p2b: Palafin|Palafin-Hero, L50, F\n|switch|p2b: Flutter Mane|Flutter Mane, L50|100\/100\n|move|p1b: Dragapult|Dragon Darts|p2a: Pelipper\n|-damage|p2a: Pelipper|66\/100\n|-anim|p1b: Dragapult|Dragon Darts|p2a: Pelipper\n|-damage|p2a: Pelipper|33\/100\n|move|p1a: Maushold|Population Bomb|p2a: Pelipper\n|-damage|p2a: Pelipper|27\/100\n|-damage|p2a: Pelipper|22\/100\n|-damage|p2a: Pelipper|17\/100\n|-damage|p2a: Pelipper|11\/100\n|-damage|p2a: Pelipper|6\/100\n|-damage|p2a: Pelipper|0 fnt\n|faint|p2a: Pelipper\n|-hitcount|p2: Pelipper|6\n|\n|-weather|RainDance|[upkeep]\n|upkeep\n|\n|t:|1682491758\n|switch|p2a: Palafin|Palafin-Hero, L50, F|100\/100\n|-activate|p2a: Palafin|ability: Zero to Hero\n|turn|2\n|inactive|Tivmi has 30 seconds left.\n|inactive|Tivmi has 20 seconds left.\n|inactive|Tivmi has 15 seconds left.\n|\n|t:|1682491802\n|switch|p1b: Glimmora|Glimmora, L50, F|100\/100\n|-terastallize|p2a: Palafin|Water\n|move|p1a: Maushold|Follow Me|p1a: Maushold\n|-singleturn|p1a: Maushold|move: Follow Me\n|move|p2a: Palafin|Jet Punch|p1a: Maushold\n|-damage|p1a: Maushold|3\/100\n|move|p2b: Flutter Mane|Moonblast|p1a: Maushold\n|-damage|p1a: Maushold|0 fnt\n|faint|p1a: Maushold\n|\n|-weather|RainDance|[upkeep]\n|upkeep\n|\n|t:|1682491816\n|switch|p1a: Dragapult|Dragapult, L50, M|100\/100\n|turn|3\n|inactive|Tivmi has 30 seconds left.\n|\n|t:|1682491846\n|-terastallize|p1b: Glimmora|Water\n|move|p2a: Palafin|Jet Punch|p1b: Glimmora\n|-resisted|p1b: Glimmora\n|-damage|p1b: Glimmora|51\/100\n|-activate|p1b: Glimmora|ability: Toxic Debris\n|-sidestart|p2: BeeGee33|move: Toxic Spikes\n|move|p1a: Dragapult|Phantom Force||[still]\n|-prepare|p1a: Dragapult|Phantom Force\n|move|p2b: Flutter Mane|Moonblast|p1a: Dragapult|[miss]\n|-miss|p2b: Flutter Mane|p1a: Dragapult\n|move|p1b: Glimmora|Sludge Bomb|p2b: Flutter Mane\n|-damage|p2b: Flutter Mane|47\/100\n|\n|-weather|RainDance|[upkeep]\n|upkeep\n|turn|4\n|\n|t:|1682491865\n|move|p2b: Flutter Mane|Protect|p2b: Flutter Mane\n|-singleturn|p2b: Flutter Mane|Protect\n|move|p1a: Dragapult|Phantom Force|p2a: Palafin|[from]lockedmove\n|-damage|p2a: Palafin|43\/100\n|move|p2a: Palafin|Wave Crash|p1b: Glimmora\n|-resisted|p1b: Glimmora\n|-damage|p1b: Glimmora|0 fnt\n|-activate|p1b: Glimmora|ability: Toxic Debris\n|-sidestart|p2: BeeGee33|move: Toxic Spikes\n|faint|p1b: Glimmora\n|-damage|p2a: Palafin|28\/100|[from] Recoil\n|\n|-weather|RainDance|[upkeep]\n|upkeep\n|\n|t:|1682491877\n|switch|p1b: Chien-Pao|Chien-Pao, L50|100\/100\n|-ability|p1b: Chien-Pao|Sword of Ruin\n|turn|5\n|\n|t:|1682491888\n|move|p1b: Chien-Pao|Sucker Punch|p2a: Palafin\n|-damage|p2a: Palafin|0 fnt\n|faint|p2a: Palafin\n|move|p1a: Dragapult|Phantom Force||[still]\n|-prepare|p1a: Dragapult|Phantom Force\n|move|p2b: Flutter Mane|Moonblast|p1a: Dragapult|[miss]\n|-miss|p2b: Flutter Mane|p1a: Dragapult\n|\n|-weather|RainDance|[upkeep]\n|upkeep\n|\n|t:|1682491895\n|switch|p2a: Gholdengo|Gholdengo, L50|100\/100\n|turn|6\n|\n|t:|1682491911\n|move|p1b: Chien-Pao|Sucker Punch|p2a: Gholdengo\n|-supereffective|p2a: Gholdengo\n|-damage|p2a: Gholdengo|0 fnt\n|faint|p2a: Gholdengo\n|move|p1a: Dragapult|Phantom Force|p2b: Flutter Mane|[from]lockedmove\n|-supereffective|p2b: Flutter Mane\n|-damage|p2b: Flutter Mane|0 fnt\n|faint|p2b: Flutter Mane\n|-end|p2b: Flutter Mane|Protosynthesis|[silent]\n|\n|win|Tivmi\n|raw|Tivmi's rating: 1287 → 1319<\/strong> (+32 for winning)\n|raw|BeeGee33's rating: 1386 → 1360<\/strong> (-26 for losing)\n|l|\u203dBeeGee33\n","uploadtime":1682491925,"views":16,"p1id":"tivmi","p2id":"beegee33","formatid":"gen9vgc2023regulationc","rating":1319,"private":0,"password":""}