{"id":"gen9vgc2023regulationc-1857959374","p1":"IAmAnissue","p2":"Player350","format":"[Gen 9] VGC 2023 Regulation C","log":"|j|\u2606IAmAnissue\n|j|\u203dPlayer350\n|t:|1683252484\n|gametype|doubles\n|player|p1|IAmAnissue|170|1183\n|player|p2|Player350|steven|1144\n|teamsize|p1|6\n|teamsize|p2|6\n|gen|9\n|tier|[Gen 9] VGC 2023 Regulation C\n|rated|\n|rule|Species Clause: Limit one of each Pok\u00e9mon\n|rule|Item Clause: Limit one of each item\n|clearpoke\n|poke|p1|Mimikyu, L50, F|\n|poke|p1|Amoonguss, L50, M|\n|poke|p1|Gothitelle, L50, M|\n|poke|p1|Farigiraf, L50, M|\n|poke|p1|Azumarill, L50, F|\n|poke|p1|Ceruledge, L50, M|\n|poke|p2|Annihilape, L50, M|\n|poke|p2|Torkoal, L50, M|\n|poke|p2|Armarouge, L50, M|\n|poke|p2|Indeedee-F, L50, F|\n|poke|p2|Iron Hands, L50|\n|poke|p2|Ting-Lu, L50|\n|teampreview|4\n|inactive|Battle timer is ON: inactive players will automatically lose when time's up. (requested by IAmAnissue)\n|inactive|IAmAnissue has 60 seconds left.\nPlayer350 has agreed to open team sheets.\n|inactive|IAmAnissue has 30 seconds left.\n|inactive|IAmAnissue has 20 seconds left.\n|inactive|IAmAnissue has 15 seconds left.\n|\n|t:|1683252564\n|start\n|switch|p1a: Pikachoo|Mimikyu, L50, F|100\/100\n|switch|p1b: Flame Body|Ceruledge, L50, M|100\/100\n|switch|p2a: Indeedee|Indeedee-F, L50, F|100\/100\n|switch|p2b: Annihilape|Annihilape, L50, M|100\/100\n|-fieldstart|move: Psychic Terrain|[from] ability: Psychic Surge|[of] p2a: Indeedee\n|turn|1\n|\n|t:|1683252585\n|-terastallize|p2b: Annihilape|Ghost\n|move|p2a: Indeedee|Follow Me|p2a: Indeedee\n|-singleturn|p2a: Indeedee|move: Follow Me\n|move|p2b: Annihilape|Rage Fist|p1b: Flame Body\n|-supereffective|p1b: Flame Body\n|-damage|p1b: Flame Body|15\/100\n|move|p1a: Pikachoo|Taunt|p2a: Indeedee\n|-start|p2a: Indeedee|move: Taunt\n|-enditem|p2a: Indeedee|Mental Herb\n|-end|p2a: Indeedee|move: Taunt\n|move|p1b: Flame Body|Bulk Up|p1b: Flame Body\n|-boost|p1b: Flame Body|atk|1\n|-boost|p1b: Flame Body|def|1\n|\n|upkeep\n|turn|2\n|inactive|Player350 has 30 seconds left.\n|\n|t:|1683252617\n|switch|p1b: Zebra|Farigiraf, L50, M|100\/100\n|switch|p2a: Iron Hands|Iron Hands, L50|100\/100\n|-enditem|p2a: Iron Hands|Booster Energy\n|-activate|p2a: Iron Hands|ability: Quark Drive|[fromitem]\n|-start|p2a: Iron Hands|quarkdriveatk\n|move|p2b: Annihilape|Rage Fist|p1b: Zebra\n|-immune|p1b: Zebra\n|move|p1a: Pikachoo|Taunt|p2a: Iron Hands\n|-start|p2a: Iron Hands|move: Taunt\n|\n|upkeep\n|turn|3\n|\n|t:|1683252628\n|move|p1b: Zebra|Protect|p1b: Zebra\n|-singleturn|p1b: Zebra|Protect\n|move|p2b: Annihilape|Rage Fist|p1a: Pikachoo\n|-activate|p1a: Pikachoo|ability: Disguise\n|-damage|p1a: Pikachoo|100\/100\n|detailschange|p1a: Pikachoo|Mimikyu-Busted, L50, F\n|-damage|p1a: Pikachoo|88\/100|[from] pokemon: Mimikyu-Busted\n|move|p1a: Pikachoo|Will-O-Wisp|p2b: Annihilape\n|-status|p2b: Annihilape|brn\n|move|p2a: Iron Hands|Close Combat|p1b: Zebra\n|-activate|p1b: Zebra|move: Protect\n|\n|-damage|p2b: Annihilape|95\/100 brn|[from] brn\n|upkeep\n|turn|4\n|inactive|IAmAnissue has 30 seconds left.\n|inactive|Player350 has 30 seconds left.\n|\n|t:|1683252659\n|move|p2b: Annihilape|Rage Fist|p1a: Pikachoo\n|-supereffective|p1a: Pikachoo\n|-damage|p1a: Pikachoo|50\/100\n|move|p1a: Pikachoo|Will-O-Wisp|p2a: Iron Hands\n|-status|p2a: Iron Hands|brn\n|move|p2a: Iron Hands|Wild Charge|p1a: Pikachoo\n|-damage|p1a: Pikachoo|15\/100\n|-damage|p2a: Iron Hands|95\/100 brn|[from] Recoil\n|move|p1b: Zebra|Psychic|p2a: Iron Hands\n|-supereffective|p2a: Iron Hands\n|-damage|p2a: Iron Hands|0 fnt\n|faint|p2a: Iron Hands\n|-end|p2a: Iron Hands|Quark Drive|[silent]\n|-damage|p1b: Zebra|91\/100|[from] item: Life Orb\n|\n|-damage|p2b: Annihilape|89\/100 brn|[from] brn\n|upkeep\n|\n|t:|1683252669\n|switch|p2a: Indeedee|Indeedee-F, L50, F|100\/100\n|turn|5\n|\n|t:|1683252678\n|move|p1a: Pikachoo|Protect|p1a: Pikachoo\n|-singleturn|p1a: Pikachoo|Protect\n|move|p2a: Indeedee|Follow Me|p2a: Indeedee\n|-singleturn|p2a: Indeedee|move: Follow Me\n|move|p2b: Annihilape|Rage Fist|p1a: Pikachoo\n|-activate|p1a: Pikachoo|move: Protect\n|move|p1b: Zebra|Psychic|p2a: Indeedee\n|-resisted|p2a: Indeedee\n|-damage|p2a: Indeedee|72\/100\n|-damage|p1b: Zebra|81\/100|[from] item: Life Orb\n|\n|-damage|p2b: Annihilape|83\/100 brn|[from] brn\n|-fieldend|move: Psychic Terrain\n|upkeep\n|turn|6\n|\n|t:|1683252701\n|switch|p1a: Flame Body|Ceruledge, L50, M|15\/100\n|move|p2a: Indeedee|Follow Me|p2a: Indeedee\n|-singleturn|p2a: Indeedee|move: Follow Me\n|move|p2b: Annihilape|Rage Fist|p1a: Flame Body\n|-supereffective|p1a: Flame Body\n|-damage|p1a: Flame Body|0 fnt\n|faint|p1a: Flame Body\n|move|p1b: Zebra|Trick Room|p1b: Zebra\n|-fieldstart|move: Trick Room|[of] p1b: Zebra\n|\n|-damage|p2b: Annihilape|77\/100 brn|[from] brn\n|upkeep\n|\n|t:|1683252717\n|switch|p1a: Pikachoo|Mimikyu-Busted, L50, F|15\/100\n|turn|7\n|\n|t:|1683252734\n|move|p2a: Indeedee|Follow Me|p2a: Indeedee\n|-singleturn|p2a: Indeedee|move: Follow Me\n|move|p1b: Zebra|Dazzling Gleam|p2a: Indeedee|[spread] p2a,p2b\n|-damage|p2a: Indeedee|52\/100\n|-damage|p2b: Annihilape|52\/100 brn\n|-damage|p1b: Zebra|71\/100|[from] item: Life Orb\n|move|p1a: Pikachoo|Play Rough|p2a: Indeedee\n|-damage|p2a: Indeedee|9\/100\n|move|p2b: Annihilape|Rage Fist|p1a: Pikachoo\n|-supereffective|p1a: Pikachoo\n|-damage|p1a: Pikachoo|0 fnt\n|faint|p1a: Pikachoo\n|\n|-damage|p2b: Annihilape|46\/100 brn|[from] brn\n|upkeep\n|\n|t:|1683252737\n|switch|p1a: Egg|Azumarill, L50, F, shiny|100\/100\n|turn|8\n|\n|t:|1683252750\n|move|p2a: Indeedee|Follow Me|p2a: Indeedee\n|-singleturn|p2a: Indeedee|move: Follow Me\n|move|p1b: Zebra|Dazzling Gleam|p2b: Annihilape|[spread] p2a,p2b\n|-damage|p2a: Indeedee|0 fnt\n|-damage|p2b: Annihilape|23\/100 brn\n|faint|p2a: Indeedee\n|-damage|p1b: Zebra|62\/100|[from] item: Life Orb\n|move|p1a: Egg|Liquidation|p2b: Annihilape\n|-crit|p2b: Annihilape\n|-damage|p2b: Annihilape|0 fnt\n|faint|p2b: Annihilape\n|\n|upkeep\n|-message|Player350 forfeited.\n|\n|win|IAmAnissue\n|raw|IAmAnissue's rating: 1183 → 1205<\/strong> (+22 for winning)\n|raw|Player350's rating: 1144 → 1122<\/strong> (-22 for losing)\n|l|\u203dPlayer350\n","uploadtime":1683252917,"views":11,"p1id":"iamanissue","p2id":"player350","formatid":"gen9vgc2023regulationc","rating":1122,"private":0,"password":""}