{"id":"gen9vgc2023regulationc-1845291657","p1":"Missed Ledgedash","p2":"Jgare1213","format":"[Gen 9] VGC 2023 Regulation C","log":"|j|\u2606Missed Ledgedash\n|j|\u2606Jgare1213\n|t:|1681708860\n|gametype|doubles\n|player|p1|Missed Ledgedash|hilda|1365\n|player|p2|Jgare1213|266|1409\n|teamsize|p1|6\n|teamsize|p2|6\n|gen|9\n|tier|[Gen 9] VGC 2023 Regulation C\n|rated|\n|rule|Species Clause: Limit one of each Pok\u00e9mon\n|rule|Item Clause: Limit one of each item\n|clearpoke\n|poke|p1|Flutter Mane, L50|\n|poke|p1|Arcanine, L50, M|\n|poke|p1|Amoonguss, L50, M|\n|poke|p1|Palafin, L50, M|\n|poke|p1|Corviknight, L50, M|\n|poke|p1|Iron Hands, L50|\n|poke|p2|Flutter Mane, L50|\n|poke|p2|Wo-Chien, L50|\n|poke|p2|Gyarados, L50, F|\n|poke|p2|Armarouge, L50, M|\n|poke|p2|Indeedee-F, L50, F|\n|poke|p2|Amoonguss, L50, M|\n|teampreview|4\n|inactive|Battle timer is ON: inactive players will automatically lose when time's up. (requested by Jgare1213)\nMissed Ledgedash has agreed to open team sheets.\n|inactive|Jgare1213 has 60 seconds left.\n|\n|t:|1681708906\n|start\n|switch|p1a: Amoonguss|Amoonguss, L50, M|100\/100\n|switch|p1b: Palafin|Palafin, L50, M|100\/100\n|switch|p2a: Armarouge|Armarouge, L50, M|100\/100\n|switch|p2b: Indeedee|Indeedee-F, L50, F|100\/100\n|-fieldstart|move: Psychic Terrain|[from] ability: Psychic Surge|[of] p2b: Indeedee\n|turn|1\n|\n|t:|1681708927\n|detailschange|p1b: Palafin|Palafin-Hero, L50, M\n|switch|p1b: Corviknight|Corviknight, L50, M|100\/100\n|-terastallize|p2a: Armarouge|Grass\n|-terastallize|p1a: Amoonguss|Water\n|move|p2a: Armarouge|Expanding Force|p1a: Amoonguss|[spread] p1a,p1b\n|-resisted|p1b: Corviknight\n|-damage|p1a: Amoonguss|34\/100\n|-damage|p1b: Corviknight|58\/100\n|-damage|p2a: Armarouge|91\/100|[from] item: Life Orb\n|move|p1a: Amoonguss|Spore|p2a: Armarouge\n|-immune|p2a: Armarouge\n|move|p2b: Indeedee|Trick Room|p2b: Indeedee\n|-fieldstart|move: Trick Room|[of] p2b: Indeedee\n|\n|-heal|p1b: Corviknight|64\/100|[from] item: Leftovers\n|upkeep\n|turn|2\n|inactive|Jgare1213 has 30 seconds left.\n|inactive|Jgare1213 has 20 seconds left.\n|inactive|Jgare1213 has 15 seconds left.\n|inactive|Jgare1213 has 10 seconds left.\n|inactive|Jgare1213 has 5 seconds left.\n|\n|t:|1681708980\n|move|p2b: Indeedee|Follow Me|p2b: Indeedee\n|-singleturn|p2b: Indeedee|move: Follow Me\n|move|p1a: Amoonguss|Pollen Puff|p2b: Indeedee\n|-supereffective|p2b: Indeedee\n|-damage|p2b: Indeedee|70\/100\n|move|p1b: Corviknight|Brave Bird|p2b: Indeedee\n|-crit|p2b: Indeedee\n|-damage|p2b: Indeedee|0 fnt\n|faint|p2b: Indeedee\n|-damage|p1b: Corviknight|43\/100|[from] Recoil\n|move|p2a: Armarouge|Expanding Force|p1b: Corviknight|[spread] p1a,p1b\n|-resisted|p1b: Corviknight\n|-damage|p1a: Amoonguss|0 fnt\n|-damage|p1b: Corviknight|4\/100\n|faint|p1a: Amoonguss\n|-damage|p2a: Armarouge|81\/100|[from] item: Life Orb\n|\n|-heal|p1b: Corviknight|10\/100|[from] item: Leftovers\n|upkeep\n|\n|t:|1681709003\n|switch|p1a: Flutter Mane|Flutter Mane, L50|100\/100\n|switch|p2b: Wo-Chien|Wo-Chien, L50|100\/100\n|-ability|p2b: Wo-Chien|Tablets of Ruin\n|turn|3\n|\n|t:|1681709027\n|move|p2a: Armarouge|Protect|p2a: Armarouge\n|-singleturn|p2a: Armarouge|Protect\n|move|p1b: Corviknight|Roost|p1b: Corviknight\n|-heal|p1b: Corviknight|61\/100\n|-singleturn|p1b: Corviknight|move: Roost\n|move|p2b: Wo-Chien|Leech Seed|p1b: Corviknight\n|-start|p1b: Corviknight|move: Leech Seed\n|move|p1a: Flutter Mane|Moonblast|p2a: Armarouge\n|-activate|p2a: Armarouge|move: Protect\n|\n|-heal|p1b: Corviknight|67\/100|[from] item: Leftovers\n|-damage|p1b: Corviknight|54\/100|[from] Leech Seed|[of] p2b: Wo-Chien\n|upkeep\n|turn|4\n|\n|t:|1681709050\n|switch|p1b: Palafin|Palafin-Hero, L50, M|100\/100\n|-activate|p1b: Palafin|ability: Zero to Hero\n|switch|p2a: Flutter Mane|Flutter Mane, L50|100\/100\n|move|p1a: Flutter Mane|Protect|p1a: Flutter Mane\n|-singleturn|p1a: Flutter Mane|Protect\n|move|p2b: Wo-Chien|Leech Seed|p1a: Flutter Mane\n|-activate|p1a: Flutter Mane|move: Protect\n|\n|upkeep\n|turn|5\n|\n|t:|1681709072\n|move|p2b: Wo-Chien|Leech Seed|p1a: Flutter Mane\n|-start|p1a: Flutter Mane|move: Leech Seed\n|move|p1b: Palafin|Substitute|p1b: Palafin\n|-start|p1b: Palafin|Substitute\n|-damage|p1b: Palafin|76\/100\n|move|p2a: Flutter Mane|Calm Mind|p2a: Flutter Mane\n|-boost|p2a: Flutter Mane|spa|1\n|-boost|p2a: Flutter Mane|spd|1\n|move|p1a: Flutter Mane|Moonblast|p2b: Wo-Chien\n|-supereffective|p2b: Wo-Chien\n|-damage|p2b: Wo-Chien|14\/100\n|-unboost|p2b: Wo-Chien|spa|1\n|-enditem|p2b: Wo-Chien|Sitrus Berry|[eat]\n|-heal|p2b: Wo-Chien|39\/100|[from] item: Sitrus Berry\n|-damage|p1a: Flutter Mane|90\/100|[from] item: Life Orb\n|\n|-damage|p1a: Flutter Mane|78\/100|[from] Leech Seed|[of] p2b: Wo-Chien\n|-heal|p2b: Wo-Chien|47\/100|[silent]\n|-fieldend|move: Trick Room\n|-fieldend|move: Psychic Terrain\n|upkeep\n|turn|6\n|inactive|Jgare1213 has 30 seconds left.\n|inactive|Jgare1213 has 20 seconds left.\n|inactive|Jgare1213 has 15 seconds left.\n|inactive|Jgare1213 has 10 seconds left.\n|\n|t:|1681709119\n|-end|p1a: Flutter Mane|Protosynthesis|[silent]\n|switch|p1a: Corviknight|Corviknight, L50, M|54\/100\n|move|p2b: Wo-Chien|Protect|p2b: Wo-Chien\n|-singleturn|p2b: Wo-Chien|Protect\n|move|p2a: Flutter Mane|Dazzling Gleam|p1a: Corviknight|[spread] p1a,p1b\n|-end|p1b: Palafin|Substitute\n|-resisted|p1a: Corviknight\n|-damage|p1a: Corviknight|35\/100\n|move|p1b: Palafin|Wave Crash|p2a: Flutter Mane\n|-damage|p2a: Flutter Mane|7\/100\n|-damage|p1b: Palafin|52\/100|[from] Recoil\n|\n|-heal|p2a: Flutter Mane|13\/100|[from] item: Leftovers\n|-heal|p1a: Corviknight|41\/100|[from] item: Leftovers\n|upkeep\n|turn|7\n|inactive|Jgare1213 has 30 seconds left.\n|\n|t:|1681709149\n|move|p1b: Palafin|Jet Punch|p2a: Flutter Mane\n|-damage|p2a: Flutter Mane|0 fnt\n|faint|p2a: Flutter Mane\n|-end|p2a: Flutter Mane|Protosynthesis|[silent]\n|move|p2b: Wo-Chien|Leech Seed|p1b: Palafin\n|-start|p1b: Palafin|move: Leech Seed\n|move|p1a: Corviknight|Substitute|p1a: Corviknight\n|-start|p1a: Corviknight|Substitute\n|-damage|p1a: Corviknight|16\/100\n|\n|-heal|p1a: Corviknight|22\/100|[from] item: Leftovers\n|-damage|p1b: Palafin|40\/100|[from] Leech Seed|[of] p2b: Wo-Chien\n|-heal|p2b: Wo-Chien|60\/100|[silent]\n|upkeep\n|\n|t:|1681709162\n|switch|p2a: Armarouge|Armarouge, L50, M, tera:Grass|81\/100\n|turn|8\n|inactive|Jgare1213 has 30 seconds left.\n|inactive|Jgare1213 has 20 seconds left.\n|inactive|Jgare1213 has 15 seconds left.\n|inactive|Jgare1213 has 10 seconds left.\n|\n|t:|1681709209\n|move|p1b: Palafin|Wave Crash|p2a: Armarouge\n|-resisted|p2a: Armarouge\n|-damage|p2a: Armarouge|49\/100\n|-damage|p1b: Palafin|30\/100|[from] Recoil\n|move|p2a: Armarouge|Armor Cannon|p1a: Corviknight\n|-supereffective|p1a: Corviknight\n|-end|p1a: Corviknight|Substitute\n|-unboost|p2a: Armarouge|def|1\n|-unboost|p2a: Armarouge|spd|1\n|-damage|p2a: Armarouge|39\/100|[from] item: Life Orb\n|move|p2b: Wo-Chien|Leech Seed|p1a: Corviknight\n|-start|p1a: Corviknight|move: Leech Seed\n|move|p1a: Corviknight|Brave Bird|p2a: Armarouge\n|-supereffective|p2a: Armarouge\n|-damage|p2a: Armarouge|0 fnt\n|faint|p2a: Armarouge\n|-damage|p1a: Corviknight|10\/100|[from] Recoil\n|\n|-heal|p1a: Corviknight|16\/100|[from] item: Leftovers\n|-damage|p1b: Palafin|18\/100|[from] Leech Seed|[of] p2b: Wo-Chien\n|-heal|p2b: Wo-Chien|73\/100|[silent]\n|-damage|p1a: Corviknight|4\/100|[from] Leech Seed|[of] p2b: Wo-Chien\n|-heal|p2b: Wo-Chien|86\/100|[silent]\n|upkeep\n|turn|9\n|inactive|Jgare1213 has 30 seconds left.\n|\n|t:|1681709244\n|switch|p1b: Flutter Mane|Flutter Mane, L50|78\/100\n|move|p2b: Wo-Chien|Pollen Puff|p1a: Corviknight\n|-resisted|p1a: Corviknight\n|-crit|p1a: Corviknight\n|-damage|p1a: Corviknight|0 fnt\n|faint|p1a: Corviknight\n|\n|upkeep\n|\n|t:|1681709251\n|switch|p1a: Palafin|Palafin-Hero, L50, M|18\/100\n|turn|10\n|inactive|Jgare1213 has 30 seconds left.\n|\n|t:|1681709279\n|move|p1b: Flutter Mane|Moonblast|p2b: Wo-Chien\n|-supereffective|p2b: Wo-Chien\n|-damage|p2b: Wo-Chien|4\/100\n|-damage|p1b: Flutter Mane|68\/100|[from] item: Life Orb\n|move|p1a: Palafin|Wave Crash|p2b: Wo-Chien\n|-resisted|p2b: Wo-Chien\n|-damage|p2b: Wo-Chien|0 fnt\n|faint|p2b: Wo-Chien\n|-damage|p1a: Palafin|17\/100|[from] Recoil\n|\n|win|Missed Ledgedash\n|raw|Missed Ledgedash's rating: 1365 → 1388<\/strong> (+23 for winning)\n|raw|Jgare1213's rating: 1409 → 1386<\/strong> (-23 for losing)\n|l|\u2606Jgare1213\n","uploadtime":1681709819,"views":11,"p1id":"missedledgedash","p2id":"jgare1213","formatid":"gen9vgc2023regulationc","rating":1386,"private":0,"password":""}