{"id":"gen9vgc2023regulationc-1858142468","p1":"TapinaldoVGC","p2":"GarchompExVgc","format":"[Gen 9] VGC 2023 Regulation C","log":"|j|\u2606TapinaldoVGC\n|j|\u2606GarchompExVgc\n|t:|1683282507\n|gametype|doubles\n|player|p1|TapinaldoVGC|170|1469\n|player|p2|GarchompExVgc|iris|1388\n|teamsize|p1|6\n|teamsize|p2|6\n|gen|9\n|tier|[Gen 9] VGC 2023 Regulation C\n|rated|\n|rule|Species Clause: Limit one of each Pok\u00e9mon\n|rule|Item Clause: Limit one of each item\n|clearpoke\n|poke|p1|Gyarados, L50, M|\n|poke|p1|Flutter Mane, L50|\n|poke|p1|Chi-Yu, L50|\n|poke|p1|Amoonguss, L50, F|\n|poke|p1|Iron Hands, L50|\n|poke|p1|Iron Bundle, L50|\n|poke|p2|Indeedee-F, L50, F|\n|poke|p2|Iron Hands, L50|\n|poke|p2|Brute Bonnet, L50|\n|poke|p2|Armarouge, L50, F|\n|poke|p2|Hatterene, L50, F|\n|poke|p2|Ting-Lu, L50|\n|teampreview|4\nTapinaldoVGC has agreed to open team sheets.\nGarchompExVgc rejected open team sheets.\n|c|\u2606GarchompExVgc|Glhf\n|\n|t:|1683282556\n|start\n|switch|p1a: Flutter Mane|Flutter Mane, L50|100\/100\n|switch|p1b: Chi-Yu|Chi-Yu, L50|100\/100\n|switch|p2a: Haru|Iron Hands, L50, shiny|100\/100\n|switch|p2b: Futaba|Hatterene, L50, F, shiny|100\/100\n|-ability|p1b: Chi-Yu|Beads of Ruin\n|-enditem|p1a: Flutter Mane|Booster Energy\n|-activate|p1a: Flutter Mane|ability: Protosynthesis|[fromitem]\n|-start|p1a: Flutter Mane|protosynthesisspa\n|turn|1\n|inactive|Battle timer is ON: inactive players will automatically lose when time's up. (requested by GarchompExVgc)\n|\n|t:|1683282604\n|-terastallize|p2b: Futaba|Fire\n|move|p2a: Haru|Fake Out|p1b: Chi-Yu\n|-damage|p1b: Chi-Yu|82\/100\n|move|p1a: Flutter Mane|Moonblast|p2b: Futaba\n|-resisted|p2b: Futaba\n|-damage|p2b: Futaba|51\/100\n|cant|p1b: Chi-Yu|flinch\n|move|p2b: Futaba|Trick Room|p2b: Futaba\n|-fieldstart|move: Trick Room|[of] p2b: Futaba\n|\n|-heal|p1b: Chi-Yu|88\/100|[from] item: Leftovers\n|upkeep\n|turn|2\n|inactive|TapinaldoVGC has 30 seconds left.\n|inactive|TapinaldoVGC has 20 seconds left.\n|inactive|TapinaldoVGC has 15 seconds left.\n|inactive|TapinaldoVGC has 10 seconds left.\n|\n|t:|1683282654\n|move|p2b: Futaba|Psychic|p1a: Flutter Mane\n|-damage|p1a: Flutter Mane|30\/100\n|move|p2a: Haru|Drain Punch|p1b: Chi-Yu\n|-supereffective|p1b: Chi-Yu\n|-damage|p1b: Chi-Yu|0 fnt\n|faint|p1b: Chi-Yu\n|move|p1a: Flutter Mane|Shadow Ball|p2b: Futaba\n|-damage|p2b: Futaba|0 fnt\n|faint|p2b: Futaba\n|\n|upkeep\n|\n|t:|1683282671\n|switch|p2b: Takemi|Brute Bonnet, L50, shiny|100\/100\n|switch|p1b: Amoonguss|Amoonguss, L50, F|100\/100\n|-enditem|p2b: Takemi|Booster Energy\n|-activate|p2b: Takemi|ability: Protosynthesis|[fromitem]\n|-start|p2b: Takemi|protosynthesisatk\n|turn|3\n|\n|t:|1683282683\n|-end|p1a: Flutter Mane|Protosynthesis|[silent]\n|switch|p1a: Iron Hands|Iron Hands, L50|100\/100\n|move|p1b: Amoonguss|Spore|p2a: Haru\n|-status|p2a: Haru|slp|[from] move: Spore\n|cant|p2a: Haru|slp\n|move|p2b: Takemi|Seed Bomb|p1a: Iron Hands\n|-damage|p1a: Iron Hands|67\/100\n|\n|upkeep\n|turn|4\n|\n|t:|1683282700\n|move|p1b: Amoonguss|Pollen Puff|p1a: Iron Hands\n|-heal|p1a: Iron Hands|100\/100\n|cant|p2a: Haru|slp\n|move|p1a: Iron Hands|Drain Punch|p2b: Takemi\n|-supereffective|p2b: Takemi\n|-damage|p2b: Takemi|29\/100\n|move|p2b: Takemi|Spore|p1a: Iron Hands\n|-status|p1a: Iron Hands|slp|[from] move: Spore\n|\n|upkeep\n|turn|5\n|\n|t:|1683282717\n|move|p2b: Takemi|Protect|p2b: Takemi\n|-singleturn|p2b: Takemi|Protect\n|move|p1b: Amoonguss|Pollen Puff|p2b: Takemi\n|-activate|p2b: Takemi|move: Protect\n|cant|p2a: Haru|slp\n|cant|p1a: Iron Hands|slp\n|\n|-fieldend|move: Trick Room\n|upkeep\n|turn|6\n|\n|t:|1683282731\n|-end|p2b: Takemi|Protosynthesis|[silent]\n|switch|p2b: Ann|Ting-Lu, L50|100\/100\n|-ability|p2b: Ann|Vessel of Ruin\n|-curestatus|p2a: Haru|slp|[msg]\n|move|p2a: Haru|Ice Punch|p1b: Amoonguss\n|-supereffective|p1b: Amoonguss\n|-damage|p1b: Amoonguss|55\/100\n|cant|p1a: Iron Hands|slp\n|move|p1b: Amoonguss|Pollen Puff|p1a: Iron Hands\n|-immune|p1a: Iron Hands\n|\n|upkeep\n|turn|7\n|l|\u2606TapinaldoVGC\n|inactive|TapinaldoVGC disconnected and has a minute to reconnect!\n|player|p1|\n|j|\u2606TapinaldoVGC\n|inactive|TapinaldoVGC reconnected and has 35 seconds left.\n|player|p1|TapinaldoVGC|170\n|inactive|TapinaldoVGC has 30 seconds left.\n|\n|t:|1683282762\n|move|p2a: Haru|Ice Punch|p1b: Amoonguss\n|-supereffective|p1b: Amoonguss\n|-damage|p1b: Amoonguss|13\/100\n|-enditem|p1b: Amoonguss|Sitrus Berry|[eat]\n|-heal|p1b: Amoonguss|37\/100|[from] item: Sitrus Berry\n|cant|p1a: Iron Hands|slp\n|move|p2b: Ann|Fissure|p1a: Iron Hands|[miss]\n|-miss|p2b: Ann|p1a: Iron Hands\n|move|p1b: Amoonguss|Spore|p2b: Ann\n|-status|p2b: Ann|slp|[from] move: Spore\n|\n|upkeep\n|turn|8\n|\n|t:|1683282778\n|switch|p1b: Flutter Mane|Flutter Mane, L50|30\/100\n|-curestatus|p1a: Iron Hands|slp|[msg]\n|move|p1a: Iron Hands|Drain Punch|p2b: Ann\n|-supereffective|p2b: Ann\n|-damage|p2b: Ann|65\/100 slp\n|move|p2a: Haru|Ice Punch|p1b: Flutter Mane\n|-damage|p1b: Flutter Mane|0 fnt\n|faint|p1b: Flutter Mane\n|-end|p1b: Flutter Mane|Protosynthesis|[silent]\n|cant|p2b: Ann|slp\n|\n|upkeep\n|\n|t:|1683282791\n|switch|p1b: Amoonguss|Amoonguss, L50, F|71\/100\n|turn|9\n|\n|t:|1683282796\n|-curestatus|p2b: Ann|slp|[msg]\n|move|p2b: Ann|Protect|p2b: Ann\n|-singleturn|p2b: Ann|Protect\n|move|p2a: Haru|Ice Punch|p1b: Amoonguss\n|-supereffective|p1b: Amoonguss\n|-damage|p1b: Amoonguss|25\/100\n|move|p1a: Iron Hands|Drain Punch|p2b: Ann\n|-activate|p2b: Ann|move: Protect\n|move|p1b: Amoonguss|Spore|p2a: Haru\n|-status|p2a: Haru|slp|[from] move: Spore\n|\n|upkeep\n|turn|10\n|\n|t:|1683282816\n|move|p1b: Amoonguss|Protect|p1b: Amoonguss\n|-singleturn|p1b: Amoonguss|Protect\n|move|p1a: Iron Hands|Drain Punch|p2b: Ann\n|-supereffective|p2b: Ann\n|-damage|p2b: Ann|26\/100\n|-enditem|p2b: Ann|Sitrus Berry|[eat]\n|-heal|p2b: Ann|51\/100|[from] item: Sitrus Berry\n|cant|p2a: Haru|slp\n|move|p2b: Ann|Fissure|p1a: Iron Hands\n|-damage|p1a: Iron Hands|0 fnt\n|faint|p1a: Iron Hands\n|-end|p1a: Iron Hands|Quark Drive|[silent]\n|-ohko\n|\n|upkeep\n|turn|11\n|-message|TapinaldoVGC forfeited.\n|\n|win|GarchompExVgc\n|raw|TapinaldoVGC's rating: 1469 → 1444<\/strong> (-25 for losing)\n|raw|GarchompExVgc's rating: 1388 → 1413<\/strong> (+25 for winning)\n|l|\u2606TapinaldoVGC\n|c|\u2606GarchompExVgc|Gg\n","uploadtime":1683282843,"views":15,"p1id":"tapinaldovgc","p2id":"garchompexvgc","formatid":"gen9vgc2023regulationc","rating":1413,"private":0,"password":""}