{"id":"gen9vgc2023regulationc-1850873581","p1":"PoGoboy","p2":"Alexis_student","format":"[Gen 9] VGC 2023 Regulation C","log":"|j|\u2606PoGoboy\n|j|\u2606Alexis_student\n|t:|1682376873\n|gametype|doubles\n|player|p1|PoGoboy|rika|1295\n|player|p2|Alexis_student|170|1270\n|teamsize|p1|6\n|teamsize|p2|6\n|gen|9\n|tier|[Gen 9] VGC 2023 Regulation C\n|rated|\n|rule|Species Clause: Limit one of each Pok\u00e9mon\n|rule|Item Clause: Limit one of each item\n|clearpoke\n|poke|p1|Lycanroc, L50, F|\n|poke|p1|Tyranitar, L50, M|\n|poke|p1|Houndstone, L50, M|\n|poke|p1|Gyarados, L50, M|\n|poke|p1|Chi-Yu, L50|\n|poke|p1|Dachsbun, L50, M|\n|poke|p2|Garchomp, L50, M|\n|poke|p2|Talonflame, L50, F|\n|poke|p2|Iron Bundle, L50|\n|poke|p2|Flutter Mane, L50|\n|poke|p2|Chi-Yu, L50|\n|poke|p2|Kingambit, L50, F|\n|teampreview|4\n|inactive|Battle timer is ON: inactive players will automatically lose when time's up. (requested by PoGoboy)\n|inactive|PoGoboy has 60 seconds left.\n|\n|t:|1682376904\n|start\n|switch|p1a: Chi-Yu|Chi-Yu, L50|100\/100\n|switch|p1b: Dachsbun|Dachsbun, L50, M, shiny|100\/100\n|switch|p2a: Flutter Mane|Flutter Mane, L50|100\/100\n|switch|p2b: Kingambit|Kingambit, L50, F|100\/100\n|-ability|p1a: Chi-Yu|Beads of Ruin\n|turn|1\n|\n|t:|1682376928\n|-terastallize|p1a: Chi-Yu|Fire\n|-terastallize|p2b: Kingambit|Flying\n|move|p1a: Chi-Yu|Lava Plume|p2a: Flutter Mane|[spread] p2a,p2b\n|-ability|p1b: Dachsbun|Well-Baked Body|boost\n|-boost|p1b: Dachsbun|def|2\n|-damage|p2a: Flutter Mane|50\/100\n|-damage|p2b: Kingambit|66\/100\n|-status|p2a: Flutter Mane|brn\n|move|p2a: Flutter Mane|Power Gem|p1a: Chi-Yu\n|-supereffective|p1a: Chi-Yu\n|-damage|p1a: Chi-Yu|10\/100\n|move|p1b: Dachsbun|Wish|p1b: Dachsbun\n|move|p2b: Kingambit|Tera Blast|p1a: Chi-Yu\n|-damage|p1a: Chi-Yu|0 fnt\n|faint|p1a: Chi-Yu\n|\n|-damage|p2a: Flutter Mane|45\/100 brn|[from] brn\n|upkeep\n|\n|t:|1682376946\n|switch|p1a: Houndstone|Houndstone, L50, M, shiny|100\/100\n|turn|2\n|\n|t:|1682376960\n|-end|p2a: Flutter Mane|Protosynthesis|[silent]\n|switch|p2a: Chi-Yu|Chi-Yu, L50|100\/100\n|-ability|p2a: Chi-Yu|Beads of Ruin\n|move|p1a: Houndstone|Protect|p1a: Houndstone\n|-singleturn|p1a: Houndstone|Protect\n|move|p1b: Dachsbun|Play Rough|p2a: Chi-Yu\n|-damage|p2a: Chi-Yu|56\/100\n|move|p2b: Kingambit|Kowtow Cleave|p1a: Houndstone\n|-activate|p1a: Houndstone|move: Protect\n|\n|upkeep\n|turn|3\n|inactive|Alexis_student has 30 seconds left.\n|\n|t:|1682376989\n|move|p2a: Chi-Yu|Dark Pulse|p1a: Houndstone\n|-supereffective|p1a: Houndstone\n|-damage|p1a: Houndstone|0 fnt\n|faint|p1a: Houndstone\n|move|p1b: Dachsbun|Body Press|p2a: Chi-Yu\n|-supereffective|p2a: Chi-Yu\n|-damage|p2a: Chi-Yu|0 fnt\n|faint|p2a: Chi-Yu\n|move|p2b: Kingambit|Kowtow Cleave|p1b: Dachsbun\n|-resisted|p1b: Dachsbun\n|-damage|p1b: Dachsbun|87\/100\n|\n|upkeep\n|\n|t:|1682377008\n|switch|p2a: Iron Bundle|Iron Bundle, L50|100\/100\n|switch|p1a: Gyarados|Gyarados, L50, M|100\/100\n|-ability|p1a: Gyarados|Intimidate|boost\n|-unboost|p2a: Iron Bundle|atk|1\n|-unboost|p2b: Kingambit|atk|1\n|-ability|p2b: Kingambit|Defiant|boost\n|-boost|p2b: Kingambit|atk|2\n|-enditem|p2a: Iron Bundle|Booster Energy\n|-activate|p2a: Iron Bundle|ability: Quark Drive|[fromitem]\n|-start|p2a: Iron Bundle|quarkdrivespe\n|turn|4\n|\n|t:|1682377024\n|move|p1a: Gyarados|Protect|p1a: Gyarados\n|-singleturn|p1a: Gyarados|Protect\n|move|p2a: Iron Bundle|Freeze-Dry|p1a: Gyarados\n|-activate|p1a: Gyarados|move: Protect\n|move|p1b: Dachsbun|Body Press|p2a: Iron Bundle\n|-supereffective|p2a: Iron Bundle\n|-damage|p2a: Iron Bundle|0 fnt\n|faint|p2a: Iron Bundle\n|-end|p2a: Iron Bundle|Quark Drive|[silent]\n|move|p2b: Kingambit|Iron Head|p1b: Dachsbun\n|-supereffective|p1b: Dachsbun\n|-damage|p1b: Dachsbun|12\/100\n|-enditem|p1b: Dachsbun|Aguav Berry|[eat]\n|-heal|p1b: Dachsbun|45\/100|[from] item: Aguav Berry\n|\n|upkeep\n|\n|t:|1682377040\n|switch|p2a: Flutter Mane|Flutter Mane, L50|45\/100 brn\n|turn|5\n|\n|t:|1682377047\n|move|p1b: Dachsbun|Protect|p1b: Dachsbun\n|-singleturn|p1b: Dachsbun|Protect\n|move|p2a: Flutter Mane|Dazzling Gleam|p1a: Gyarados|[spread] p1a\n|-activate|p1b: Dachsbun|move: Protect\n|-damage|p1a: Gyarados|59\/100\n|move|p1a: Gyarados|Iron Head|p2a: Flutter Mane\n|-supereffective|p2a: Flutter Mane\n|-damage|p2a: Flutter Mane|0 fnt\n|faint|p2a: Flutter Mane\n|-end|p2a: Flutter Mane|Protosynthesis|[silent]\n|move|p2b: Kingambit|Iron Head|p1b: Dachsbun\n|-activate|p1b: Dachsbun|move: Protect\n|\n|upkeep\n|turn|6\n|\n|t:|1682377062\n|move|p1b: Dachsbun|Play Rough|p2b: Kingambit\n|-damage|p2b: Kingambit|46\/100\n|move|p1a: Gyarados|Waterfall|p2b: Kingambit\n|-damage|p2b: Kingambit|21\/100\n|move|p2b: Kingambit|Iron Head|p1b: Dachsbun\n|-supereffective|p1b: Dachsbun\n|-damage|p1b: Dachsbun|0 fnt\n|faint|p1b: Dachsbun\n|\n|upkeep\n|turn|7\n|\n|t:|1682377074\n|move|p1a: Gyarados|Protect|p1a: Gyarados\n|-singleturn|p1a: Gyarados|Protect\n|move|p2b: Kingambit|Sucker Punch||[still]\n|-fail|p2b: Kingambit\n|\n|upkeep\n|turn|8\n|\n|t:|1682377093\n|move|p2b: Kingambit|Sucker Punch|p1a: Gyarados\n|-damage|p1a: Gyarados|0 fnt\n|faint|p1a: Gyarados\n|\n|win|Alexis_student\n|raw|PoGoboy's rating: 1295 → 1268<\/strong> (-27 for losing)\n|raw|Alexis_student's rating: 1270 → 1297<\/strong> (+27 for winning)\n|l|\u2606PoGoboy\n","uploadtime":1682377101,"views":12,"p1id":"pogoboy","p2id":"alexisstudent","formatid":"gen9vgc2023regulationc","rating":1268,"private":0,"password":""}