{"id":"gen9vgc2023regulationc-1851345216","p1":"19402u","p2":"jeffman323","format":"[Gen 9] VGC 2023 Regulation C","log":"|j|\u260619402u\n|j|\u2606jeffman323\n|t:|1682437585\n|gametype|doubles\n|player|p1|19402u|266|1604\n|player|p2|jeffman323|steven|1650\n|teamsize|p1|6\n|teamsize|p2|6\n|gen|9\n|tier|[Gen 9] VGC 2023 Regulation C\n|rated|\n|rule|Species Clause: Limit one of each Pok\u00e9mon\n|rule|Item Clause: Limit one of each item\n|clearpoke\n|poke|p1|Dondozo, L50, F|\n|poke|p1|Tatsugiri-Droopy, L50, F|\n|poke|p1|Pelipper, L50, M|\n|poke|p1|Drednaw, L50, F|\n|poke|p1|Dragonite, L50, F|\n|poke|p1|Chien-Pao, L50|\n|poke|p2|Hatterene, L50, F|\n|poke|p2|Azumarill, L50, F|\n|poke|p2|Torkoal, L50, M|\n|poke|p2|Kingambit, L50, F|\n|poke|p2|Iron Hands, L50|\n|poke|p2|Brute Bonnet, L50|\n|teampreview|4\n19402u has agreed to open team sheets.\njeffman323 has agreed to open team sheets.\n|j| efrgebgf\n|l| efrgebgf\n|\n|t:|1682437657\n|start\n|switch|p1a: Dragonite|Dragonite, L50, F|100\/100\n|switch|p1b: Dondozo|Dondozo, L50, F|100\/100\n|switch|p2a: Iron Hands|Iron Hands, L50|100\/100\n|switch|p2b: Hatterene|Hatterene, L50, F|100\/100\n|turn|1\n|\n|t:|1682437678\n|-terastallize|p1a: Dragonite|Normal\n|move|p2a: Iron Hands|Fake Out|p1b: Dondozo\n|-damage|p1b: Dondozo|88\/100\n|move|p1a: Dragonite|Extreme Speed|p2b: Hatterene\n|-damage|p2b: Hatterene|47\/100\n|cant|p1b: Dondozo|flinch\n|move|p2b: Hatterene|Trick Room|p2b: Hatterene\n|-fieldstart|move: Trick Room|[of] p2b: Hatterene\n|\n|upkeep\n|turn|2\n|\n|t:|1682437695\n|switch|p1a: Tatsugiri|Tatsugiri-Droopy, L50, F, shiny|100\/100\n|-activate|p1a: Tatsugiri|ability: Commander|[of] p1b: Dondozo\n|-boost|p1b: Dondozo|atk|2\n|-boost|p1b: Dondozo|spa|2\n|-boost|p1b: Dondozo|spe|2\n|-boost|p1b: Dondozo|def|2\n|-boost|p1b: Dondozo|spd|2\n|move|p2b: Hatterene|Protect|p2b: Hatterene\n|-singleturn|p2b: Hatterene|Protect\n|move|p2a: Iron Hands|Drain Punch|p1a: Tatsugiri|[miss]\n|-miss|p2a: Iron Hands|p1a: Tatsugiri\n|move|p1b: Dondozo|Surf|p2a: Iron Hands|[spread] p2a\n|-miss|p1b: Dondozo|p1a: Tatsugiri\n|-activate|p2b: Hatterene|move: Protect\n|-damage|p2a: Iron Hands|66\/100\n|-damage|p1b: Dondozo|78\/100|[from] item: Life Orb\n|\n|upkeep\n|turn|3\n|\n|t:|1682437705\n|switch|p2b: Brute Bonnet|Brute Bonnet, L50|100\/100\n|move|p2a: Iron Hands|Thunder Punch|p1b: Dondozo\n|-supereffective|p1b: Dondozo\n|-damage|p1b: Dondozo|44\/100\n|move|p1b: Dondozo|Wave Crash|p2b: Brute Bonnet\n|-resisted|p2b: Brute Bonnet\n|-damage|p2b: Brute Bonnet|59\/100\n|-damage|p1b: Dondozo|31\/100|[from] Recoil\n|-damage|p1b: Dondozo|21\/100|[from] item: Life Orb\n|\n|upkeep\n|turn|4\n|\n|t:|1682437722\n|move|p1b: Dondozo|Protect|p1b: Dondozo\n|-singleturn|p1b: Dondozo|Protect\n|move|p2a: Iron Hands|Thunder Punch|p1b: Dondozo\n|-activate|p1b: Dondozo|move: Protect\n|move|p2b: Brute Bonnet|Spore|p1b: Dondozo\n|-activate|p1b: Dondozo|move: Protect\n|\n|upkeep\n|turn|5\n|\n|t:|1682437731\n|move|p2a: Iron Hands|Thunder Punch|p1b: Dondozo\n|-supereffective|p1b: Dondozo\n|-damage|p1b: Dondozo|0 fnt\n|faint|p1b: Dondozo\n|move|p2b: Brute Bonnet|Spore|p1a: Tatsugiri\n|-status|p1a: Tatsugiri|slp|[from] move: Spore\n|\n|-fieldend|move: Trick Room\n|upkeep\n|\n|t:|1682437745\n|switch|p1b: Pelipper|Pelipper, L50, M|100\/100\n|-weather|RainDance|[from] ability: Drizzle|[of] p1b: Pelipper\n|turn|6\n|\n|t:|1682437766\n|-end|p2b: Brute Bonnet|Protosynthesis|[silent]\n|switch|p2b: Torkoal|Torkoal, L50, M|100\/100\n|-weather|SunnyDay|[from] ability: Drought|[of] p2b: Torkoal\n|move|p1b: Pelipper|Protect|p1b: Pelipper\n|-singleturn|p1b: Pelipper|Protect\n|cant|p1a: Tatsugiri|slp\n|move|p1a: Tatsugiri|Sleep Talk|p1a: Tatsugiri\n|move|p1a: Tatsugiri|Draco Meteor|p2b: Torkoal|[from]move: Sleep Talk\n|-damage|p2b: Torkoal|21\/100\n|-unboost|p1a: Tatsugiri|spa|2\n|move|p2a: Iron Hands|Thunder Punch|p1a: Tatsugiri\n|-damage|p1a: Tatsugiri|8\/100 slp\n|\n|-weather|SunnyDay|[upkeep]\n|upkeep\n|turn|7\n|\n|t:|1682437787\n|cant|p1a: Tatsugiri|slp\n|move|p1a: Tatsugiri|Sleep Talk|p1a: Tatsugiri\n|move|p1a: Tatsugiri|Draco Meteor|p2a: Iron Hands|[from]move: Sleep Talk|[miss]\n|-miss|p1a: Tatsugiri|p2a: Iron Hands\n|move|p1b: Pelipper|Hydro Pump|p2b: Torkoal\n|-supereffective|p2b: Torkoal\n|-damage|p2b: Torkoal|0 fnt\n|faint|p2b: Torkoal\n|move|p2a: Iron Hands|Thunder Punch|p1b: Pelipper\n|-supereffective|p1b: Pelipper\n|-damage|p1b: Pelipper|0 fnt\n|faint|p1b: Pelipper\n|\n|-weather|SunnyDay|[upkeep]\n|upkeep\n|\n|t:|1682437798\n|switch|p1b: Dragonite|Dragonite, L50, F, tera:Normal|100\/100\n|switch|p2b: Hatterene|Hatterene, L50, F|47\/100\n|turn|8\n|\n|t:|1682437814\n|move|p2b: Hatterene|Protect|p2b: Hatterene\n|-singleturn|p2b: Hatterene|Protect\n|move|p1b: Dragonite|Extreme Speed|p2a: Iron Hands\n|-damage|p2a: Iron Hands|34\/100\n|cant|p1a: Tatsugiri|slp\n|move|p1a: Tatsugiri|Sleep Talk|p1a: Tatsugiri\n|move|p1a: Tatsugiri|Draco Meteor|p2b: Hatterene|[from]move: Sleep Talk\n|-activate|p2b: Hatterene|move: Protect\n|move|p2a: Iron Hands|Drain Punch|p1b: Dragonite\n|-supereffective|p1b: Dragonite\n|-crit|p1b: Dragonite\n|-damage|p1b: Dragonite|0 fnt\n|-heal|p2a: Iron Hands|72\/100|[from] drain|[of] p1b: Dragonite\n|faint|p1b: Dragonite\n|\n|-weather|SunnyDay|[upkeep]\n|upkeep\n|turn|9\n|-message|19402u forfeited.\n|\n|win|jeffman323\n|raw|19402u's rating: 1604 → 1587<\/strong> (-17 for losing)\n|raw|jeffman323's rating: 1650 → 1667<\/strong> (+17 for winning)\n|l|\u260619402u\n","uploadtime":1682437828,"views":11,"p1id":"19402u","p2id":"jeffman323","formatid":"gen9vgc2023regulationc","rating":1587,"private":0,"password":""}