{"id":"gen9vgc2023regulationc-1850344813","p1":"Xalvadore","p2":"linxufan pokemon","format":"[Gen 9] VGC 2023 Regulation C","log":"|j|\u2606Xalvadore\n|j|\u2606linxufan pokemon\n|t:|1682321889\n|gametype|doubles\n|player|p1|Xalvadore|marnie|1247\n|player|p2|linxufan pokemon|hilbert|1312\n|teamsize|p1|6\n|teamsize|p2|6\n|gen|9\n|tier|[Gen 9] VGC 2023 Regulation C\n|rated|\n|rule|Species Clause: Limit one of each Pok\u00e9mon\n|rule|Item Clause: Limit one of each item\n|clearpoke\n|poke|p1|Dragonite, L50, M|\n|poke|p1|Tyranitar, L50, F|\n|poke|p1|Gastrodon, L50, F|\n|poke|p1|Arcanine, L50, F|\n|poke|p1|Meowscarada, L50, F|\n|poke|p1|Corviknight, L50, F|\n|poke|p2|Palafin, L50, F|\n|poke|p2|Amoonguss, L50, F|\n|poke|p2|Arcanine, L50, M|\n|poke|p2|Chien-Pao, L50|\n|poke|p2|Ting-Lu, L50|\n|poke|p2|Flutter Mane, L50|\n|teampreview|4\n|\n|t:|1682321926\n|start\n|switch|p1a: Tyranitar|Tyranitar, L50, F|100\/100\n|switch|p1b: Arcanine|Arcanine, L50, F|100\/100\n|switch|p2a: Palafin|Palafin, L50, F, shiny|100\/100\n|switch|p2b: Arcanine|Arcanine, L50, M|100\/100\n|-ability|p2b: Arcanine|Intimidate|boost\n|-unboost|p1a: Tyranitar|atk|1\n|-unboost|p1b: Arcanine|atk|1\n|-ability|p1b: Arcanine|Intimidate|boost\n|-unboost|p2a: Palafin|atk|1\n|-unboost|p2b: Arcanine|atk|1\n|-weather|Sandstorm|[from] ability: Sand Stream|[of] p1a: Tyranitar\n|turn|1\n|\n|t:|1682321947\n|detailschange|p2a: Palafin|Palafin-Hero, L50, F, shiny\n|switch|p2a: Amoonguss|Amoonguss, L50, F|100\/100\n|move|p1b: Arcanine|Protect|p1b: Arcanine\n|-singleturn|p1b: Arcanine|Protect\n|move|p2b: Arcanine|Will-O-Wisp|p1a: Tyranitar\n|-status|p1a: Tyranitar|brn\n|move|p1a: Tyranitar|Dark Pulse|p2a: Amoonguss\n|-damage|p2a: Amoonguss|58\/100\n|\n|-weather|Sandstorm|[upkeep]\n|-damage|p2a: Amoonguss|52\/100|[from] Sandstorm\n|-damage|p1a: Tyranitar|95\/100 brn|[from] brn\n|upkeep\n|turn|2\n|\n|t:|1682321975\n|switch|p2a: Palafin|Palafin-Hero, L50, F, shiny|100\/100\n|-activate|p2a: Palafin|ability: Zero to Hero\n|move|p2b: Arcanine|Howl|p2b: Arcanine|[spread] p2a,p2b\n|-boost|p2a: Palafin|atk|1\n|-boost|p2b: Arcanine|atk|1\n|move|p1b: Arcanine|Flare Blitz|p2a: Palafin\n|-resisted|p2a: Palafin\n|-damage|p2a: Palafin|87\/100\n|-damage|p1b: Arcanine|96\/100|[from] Recoil\n|move|p1a: Tyranitar|Dark Pulse|p2b: Arcanine\n|-damage|p2b: Arcanine|44\/100\n|\n|-weather|Sandstorm|[upkeep]\n|-damage|p2a: Palafin|81\/100|[from] Sandstorm\n|-damage|p1a: Tyranitar|89\/100 brn|[from] brn\n|upkeep\n|turn|3\n|\n|t:|1682322004\n|switch|p2b: Amoonguss|Amoonguss, L50, F|85\/100\n|-terastallize|p2a: Palafin|Water\n|move|p1b: Arcanine|Protect|p1b: Arcanine\n|-singleturn|p1b: Arcanine|Protect\n|move|p2a: Palafin|Jet Punch|p1b: Arcanine\n|-activate|p1b: Arcanine|move: Protect\n|move|p1a: Tyranitar|Dark Pulse|p2a: Palafin\n|-damage|p2a: Palafin|27\/100\n|\n|-weather|Sandstorm|[upkeep]\n|-damage|p2a: Palafin|21\/100|[from] Sandstorm\n|-damage|p2b: Amoonguss|80\/100|[from] Sandstorm\n|-damage|p1a: Tyranitar|83\/100 brn|[from] brn\n|upkeep\n|turn|4\n|\n|t:|1682322035\n|switch|p2a: Arcanine|Arcanine, L50, M|44\/100\n|-ability|p2a: Arcanine|Intimidate|boost\n|-unboost|p1a: Tyranitar|atk|1\n|-unboost|p1b: Arcanine|atk|1\n|move|p1b: Arcanine|Flare Blitz|p2a: Arcanine\n|-resisted|p2a: Arcanine\n|-damage|p2a: Arcanine|32\/100\n|-damage|p1b: Arcanine|92\/100|[from] Recoil\n|move|p1a: Tyranitar|Dark Pulse|p2a: Arcanine\n|-damage|p2a: Arcanine|0 fnt\n|faint|p2a: Arcanine\n|move|p2b: Amoonguss|Spore||[still]\n|-fail|p2b: Amoonguss\n|\n|-weather|Sandstorm|[upkeep]\n|-damage|p2b: Amoonguss|74\/100|[from] Sandstorm\n|-damage|p1a: Tyranitar|77\/100 brn|[from] brn\n|upkeep\n|\n|t:|1682322054\n|switch|p2a: Palafin|Palafin-Hero, L50, F, shiny, tera:Water|21\/100\n|turn|5\n|\n|t:|1682322066\n|move|p2b: Amoonguss|Rage Powder|p2b: Amoonguss\n|-singleturn|p2b: Amoonguss|move: Rage Powder\n|move|p2a: Palafin|Jet Punch|p1a: Tyranitar\n|-supereffective|p1a: Tyranitar\n|-damage|p1a: Tyranitar|0 fnt\n|faint|p1a: Tyranitar\n|move|p1b: Arcanine|Flare Blitz|p2b: Amoonguss\n|-supereffective|p2b: Amoonguss\n|-damage|p2b: Amoonguss|37\/100\n|-enditem|p2b: Amoonguss|Sitrus Berry|[eat]\n|-heal|p2b: Amoonguss|62\/100|[from] item: Sitrus Berry\n|-damage|p1b: Arcanine|79\/100|[from] Recoil\n|\n|-weather|none\n|upkeep\n|\n|t:|1682322078\n|switch|p1a: Meowscarada|Meowscarada, L50, F|100\/100\n|turn|6\n|\n|t:|1682322096\n|move|p2a: Palafin|Protect|p2a: Palafin\n|-singleturn|p2a: Palafin|Protect\n|move|p1a: Meowscarada|Taunt|p2b: Amoonguss\n|-start|p2b: Amoonguss|move: Taunt\n|move|p1b: Arcanine|Flare Blitz|p2a: Palafin\n|-activate|p2a: Palafin|move: Protect\n|move|p2b: Amoonguss|Pollen Puff|p1a: Meowscarada\n|-supereffective|p1a: Meowscarada\n|-damage|p1a: Meowscarada|0 fnt\n|faint|p1a: Meowscarada\n|\n|upkeep\n|\n|t:|1682322108\n|switch|p1a: Corviknight|Corviknight, L50, F|100\/100\n|turn|7\n|\n|t:|1682322147\n|-terastallize|p1a: Corviknight|Water\n|move|p1b: Arcanine|Protect|p1b: Arcanine\n|-singleturn|p1b: Arcanine|Protect\n|move|p2a: Palafin|Jet Punch|p1b: Arcanine\n|-activate|p1b: Arcanine|move: Protect\n|move|p1a: Corviknight|Body Press|p2a: Palafin\n|-damage|p2a: Palafin|0 fnt\n|faint|p2a: Palafin\n|move|p2b: Amoonguss|Pollen Puff|p2: Palafin|[notarget]\n|-fail|p2b: Amoonguss\n|\n|upkeep\n|\n|t:|1682322160\n|switch|p2a: Chien-Pao|Chien-Pao, L50|100\/100\n|-ability|p2a: Chien-Pao|Sword of Ruin\n|turn|8\n|\n|t:|1682322175\n|move|p2a: Chien-Pao|Sucker Punch|p1b: Arcanine\n|-damage|p1b: Arcanine|23\/100\n|-damage|p2a: Chien-Pao|91\/100|[from] item: Life Orb\n|move|p1b: Arcanine|Flare Blitz|p2b: Amoonguss\n|-supereffective|p2b: Amoonguss\n|-damage|p2b: Amoonguss|10\/100\n|-damage|p1b: Arcanine|4\/100|[from] Recoil\n|move|p1a: Corviknight|Iron Defense|p1a: Corviknight\n|-boost|p1a: Corviknight|def|2\n|move|p2b: Amoonguss|Pollen Puff|p2a: Chien-Pao\n|-heal|p2a: Chien-Pao|100\/100\n|\n|-end|p2b: Amoonguss|move: Taunt\n|upkeep\n|turn|9\n|\n|t:|1682322215\n|move|p1b: Arcanine|Protect|p1b: Arcanine\n|-singleturn|p1b: Arcanine|Protect\n|move|p2b: Amoonguss|Protect|p2b: Amoonguss\n|-singleturn|p2b: Amoonguss|Protect\n|move|p2a: Chien-Pao|Haze|p2a: Chien-Pao\n|-clearallboost\n|move|p1a: Corviknight|Iron Head|p2b: Amoonguss\n|-activate|p2b: Amoonguss|move: Protect\n|\n|upkeep\n|turn|10\n|\n|t:|1682322252\n|move|p2a: Chien-Pao|Ice Spinner|p1b: Arcanine\n|-resisted|p1b: Arcanine\n|-damage|p1b: Arcanine|0 fnt\n|faint|p1b: Arcanine\n|-damage|p2a: Chien-Pao|91\/100|[from] item: Life Orb\n|move|p1a: Corviknight|Iron Head|p2b: Amoonguss\n|-damage|p2b: Amoonguss|0 fnt\n|faint|p2b: Amoonguss\n|\n|upkeep\n|turn|11\n|\n|t:|1682322265\n|move|p2a: Chien-Pao|Sucker Punch|p1a: Corviknight\n|-damage|p1a: Corviknight|54\/100\n|-damage|p2a: Chien-Pao|81\/100|[from] item: Life Orb\n|move|p1a: Corviknight|Iron Head|p2a: Chien-Pao\n|-supereffective|p2a: Chien-Pao\n|-damage|p2a: Chien-Pao|12\/100\n|\n|upkeep\n|turn|12\n|\n|t:|1682322286\n|move|p2a: Chien-Pao|Ice Spinner|p1a: Corviknight\n|-resisted|p1a: Corviknight\n|-damage|p1a: Corviknight|31\/100\n|-damage|p2a: Chien-Pao|2\/100|[from] item: Life Orb\n|move|p1a: Corviknight|Roost|p1a: Corviknight\n|-heal|p1a: Corviknight|81\/100\n|\n|upkeep\n|turn|13\n|-message|linxufan pokemon forfeited.\n|\n|win|Xalvadore\n|raw|Xalvadore's rating: 1247 → 1277<\/strong> (+30 for winning)\n|raw|linxufan pokemon's rating: 1312 → 1288<\/strong> (-24 for losing)\n|l|\u2606linxufan pokemon\n","uploadtime":1682322301,"views":24,"p1id":"xalvadore","p2id":"linxufanpokemon","formatid":"gen9vgc2023regulationc","rating":1277,"private":0,"password":""}