{"id":"gen9vgc2023regulationc-1848965561","p1":"sspark","p2":"bwahacough","format":"[Gen 9] VGC 2023 Regulation C","log":"|j|\u2606sspark\n|j|\u2606bwahacough\n|t:|1682132079\n|gametype|doubles\n|player|p1|sspark|169|1638\n|player|p2|bwahacough|madame-gen4|1800\n|teamsize|p1|6\n|teamsize|p2|6\n|gen|9\n|tier|[Gen 9] VGC 2023 Regulation C\n|rated|\n|rule|Species Clause: Limit one of each Pok\u00e9mon\n|rule|Item Clause: Limit one of each item\n|clearpoke\n|poke|p1|Iron Bundle, L50|\n|poke|p1|Flutter Mane, L50|\n|poke|p1|Ceruledge, L50, M|\n|poke|p1|Amoonguss, L50, M|\n|poke|p1|Dragonite, L50, F|\n|poke|p1|Chien-Pao, L50|\n|poke|p2|Lycanroc, L50, F|\n|poke|p2|Tyranitar, L50, F|\n|poke|p2|Chien-Pao, L50|\n|poke|p2|Farigiraf, L50, M|\n|poke|p2|Flutter Mane, L50|\n|poke|p2|Annihilape, L50, F|\n|teampreview|4\n|j| PSNiuniu\n|inactive|Battle timer is ON: inactive players will automatically lose when time's up. (requested by sspark)\n|j| Daiji256\n|inactive|sspark has 60 seconds left.\n|j| thegoodstan\n|inactive|sspark has 30 seconds left.\n|\n|t:|1682132160\n|start\n|switch|p1a: Amoonguss|Amoonguss, L50, M|100\/100\n|switch|p1b: Flutter Mane|Flutter Mane, L50|100\/100\n|switch|p2a: Lycanroc|Lycanroc, L50, F, shiny|100\/100\n|switch|p2b: Tyranitar|Tyranitar, L50, F, shiny|100\/100\n|-weather|Sandstorm|[from] ability: Sand Stream|[of] p2b: Tyranitar\n|turn|1\n|l| thegoodstan\n|inactive|sspark has 30 seconds left.\n|\n|t:|1682132189\n|-terastallize|p1b: Flutter Mane|Steel\n|-terastallize|p2b: Tyranitar|Flying\n|move|p2a: Lycanroc|Rock Slide|p1b: Flutter Mane|[spread] p1a,p1b\n|-resisted|p1b: Flutter Mane\n|-damage|p1a: Amoonguss|74\/100\n|-damage|p1b: Flutter Mane|77\/100\n|move|p1b: Flutter Mane|Moonblast|p2b: Tyranitar\n|-damage|p2b: Tyranitar|60\/100\n|move|p2b: Tyranitar|Tera Blast|p1a: Amoonguss\n|-supereffective|p1a: Amoonguss\n|-damage|p1a: Amoonguss|0 fnt\n|faint|p1a: Amoonguss\n|\n|-weather|Sandstorm|[upkeep]\n|-damage|p2b: Tyranitar|54\/100|[from] Sandstorm\n|upkeep\n|\n|t:|1682132211\n|switch|p1a: Chien-Pao|Chien-Pao, L50|100\/100\n|-ability|p1a: Chien-Pao|Sword of Ruin\n|turn|2\n|\n|t:|1682132227\n|-end|p1b: Flutter Mane|Protosynthesis|[silent]\n|switch|p1b: Dragonite|Dragonite, L50, F|100\/100\n|move|p2a: Lycanroc|Bulldoze|p1a: Chien-Pao|[spread] p1a\n|-immune|p2b: Tyranitar\n|-immune|p1b: Dragonite\n|-damage|p1a: Chien-Pao|79\/100\n|-unboost|p1a: Chien-Pao|spe|1\n|move|p1a: Chien-Pao|Ice Spinner|p2b: Tyranitar\n|-supereffective|p2b: Tyranitar\n|-damage|p2b: Tyranitar|0 fnt\n|faint|p2b: Tyranitar\n|\n|-weather|Sandstorm|[upkeep]\n|-damage|p1a: Chien-Pao|73\/100|[from] Sandstorm\n|-damage|p1b: Dragonite|94\/100|[from] Sandstorm\n|upkeep\n|\n|t:|1682132230\n|switch|p2b: Flutter Mane|Flutter Mane, L50|100\/100\n|-enditem|p2b: Flutter Mane|Booster Energy\n|-activate|p2b: Flutter Mane|ability: Protosynthesis|[fromitem]\n|-start|p2b: Flutter Mane|protosynthesisspa\n|turn|3\n|inactive|sspark has 30 seconds left.\n|j| FrozenThorn\n|inactive|sspark has 20 seconds left.\n|\n|t:|1682132270\n|switch|p2a: Farigiraf|Farigiraf, L50, M, shiny|100\/100\n|switch|p1a: Flutter Mane|Flutter Mane, L50, tera:Steel|77\/100\n|move|p1b: Dragonite|Protect|p1b: Dragonite\n|-singleturn|p1b: Dragonite|Protect\n|move|p2b: Flutter Mane|Dazzling Gleam|p1b: Dragonite|[spread] p1a\n|-activate|p1b: Dragonite|move: Protect\n|-resisted|p1a: Flutter Mane\n|-damage|p1a: Flutter Mane|57\/100\n|\n|-weather|Sandstorm|[upkeep]\n|-damage|p2b: Flutter Mane|94\/100|[from] Sandstorm\n|-damage|p1b: Dragonite|88\/100|[from] Sandstorm\n|-damage|p2a: Farigiraf|94\/100|[from] Sandstorm\n|upkeep\n|turn|4\n|inactive|sspark has 30 seconds left.\n|\n|t:|1682132304\n|move|p2a: Farigiraf|Ally Switch|p2a: Farigiraf\n|swap|p2a: Farigiraf|1|[from] move: Ally Switch\n|move|p2a: Flutter Mane|Moonblast|p1b: Dragonite\n|-supereffective|p1b: Dragonite\n|-damage|p1b: Dragonite|0 fnt\n|faint|p1b: Dragonite\n|move|p1a: Flutter Mane|Shadow Ball|p2b: Farigiraf\n|-immune|p2b: Farigiraf\n|\n|-weather|Sandstorm|[upkeep]\n|-damage|p2a: Flutter Mane|88\/100|[from] Sandstorm\n|-damage|p2b: Farigiraf|88\/100|[from] Sandstorm\n|upkeep\n|\n|t:|1682132309\n|switch|p1b: Chien-Pao|Chien-Pao, L50|73\/100\n|-ability|p1b: Chien-Pao|Sword of Ruin\n|turn|5\n|\n|t:|1682132319\n|move|p1b: Chien-Pao|Protect|p1b: Chien-Pao\n|-singleturn|p1b: Chien-Pao|Protect\n|move|p2a: Flutter Mane|Dazzling Gleam|p1a: Flutter Mane|[spread] p1a\n|-activate|p1b: Chien-Pao|move: Protect\n|-resisted|p1a: Flutter Mane\n|-damage|p1a: Flutter Mane|36\/100\n|move|p1a: Flutter Mane|Shadow Ball|p2a: Flutter Mane\n|-supereffective|p2a: Flutter Mane\n|-damage|p2a: Flutter Mane|0 fnt\n|faint|p2a: Flutter Mane\n|-end|p2a: Flutter Mane|Protosynthesis|[silent]\n|move|p2b: Farigiraf|Trick Room|p2b: Farigiraf\n|-fieldstart|move: Trick Room|[of] p2b: Farigiraf\n|\n|-weather|none\n|upkeep\n|\n|t:|1682132328\n|switch|p2a: Lycanroc|Lycanroc, L50, F, shiny|100\/100\n|turn|6\n|\n|t:|1682132347\n|move|p2b: Farigiraf|Dazzling Gleam|p1b: Chien-Pao|[spread] p1a,p1b\n|-resisted|p1a: Flutter Mane\n|-supereffective|p1b: Chien-Pao\n|-damage|p1a: Flutter Mane|28\/100\n|-damage|p1b: Chien-Pao|24\/100\n|move|p2a: Lycanroc|Rock Slide|p1b: Chien-Pao|[spread] p1a,p1b\n|-resisted|p1a: Flutter Mane\n|-supereffective|p1b: Chien-Pao\n|-damage|p1a: Flutter Mane|0 fnt\n|-damage|p1b: Chien-Pao|0 fnt\n|faint|p1a: Flutter Mane\n|-end|p1a: Flutter Mane|Protosynthesis|[silent]\n|faint|p1b: Chien-Pao\n|\n|win|bwahacough\n|raw|sspark's rating: 1638 → 1625<\/strong> (-13 for losing)\n|raw|bwahacough's rating: 1756 → 1769<\/strong> (+13 for winning)\n|l|\u2606bwahacough\n|l| FrozenThorn\n","uploadtime":1682132392,"views":9,"p1id":"sspark","p2id":"bwahacough","formatid":"gen9vgc2023regulationc","rating":1625,"private":0,"password":""}