{"id":"gen9vgc2023regulationc-1847864829","p1":"hoogo moogo","p2":"Yash Nair","format":"[Gen 9] VGC 2023 Regulation C","log":"|j|\u2606hoogo moogo\n|j|\u2606Yash Nair\n|t:|1682008277\n|gametype|doubles\n|player|p1|hoogo moogo|wattson|1395\n|player|p2|Yash Nair|rocketexecutive-gen2|1358\n|teamsize|p1|6\n|teamsize|p2|6\n|gen|9\n|tier|[Gen 9] VGC 2023 Regulation C\n|rated|\n|rule|Species Clause: Limit one of each Pok\u00e9mon\n|rule|Item Clause: Limit one of each item\n|clearpoke\n|poke|p1|Ting-Lu, L50|\n|poke|p1|Gyarados, L50, M|\n|poke|p1|Orthworm, L50, M|\n|poke|p1|Flutter Mane, L50|\n|poke|p1|Dragonite, L50, M|\n|poke|p1|Chien-Pao, L50|\n|poke|p2|Iron Bundle, L50|\n|poke|p2|Great Tusk, L50|\n|poke|p2|Murkrow, L50, M|\n|poke|p2|Flutter Mane, L50|\n|poke|p2|Chi-Yu, L50|\n|poke|p2|Scizor, L50, F|\n|teampreview|4\n|\n|t:|1682008364\n|start\n|switch|p1a: Ting-Lu|Ting-Lu, L50|100\/100\n|switch|p1b: Dragonite|Dragonite, L50, M|100\/100\n|switch|p2a: Great Tusk|Great Tusk, L50|100\/100\n|switch|p2b: Iron Bundle|Iron Bundle, L50|100\/100\n|-ability|p1a: Ting-Lu|Vessel of Ruin\n|-enditem|p2b: Iron Bundle|Booster Energy\n|-activate|p2b: Iron Bundle|ability: Quark Drive|[fromitem]\n|-start|p2b: Iron Bundle|quarkdrivespe\n|turn|1\n|\n|t:|1682008410\n|-end|p2a: Great Tusk|Protosynthesis|[silent]\n|switch|p2a: Scizor|Scizor, L50, F|100\/100\n|switch|p1b: Orthworm|Orthworm, L50, M|100\/100\n|-terastallize|p1a: Ting-Lu|Water\n|move|p2b: Iron Bundle|Icy Wind|p1a: Ting-Lu|[spread] p1a,p1b\n|-resisted|p1a: Ting-Lu\n|-resisted|p1b: Orthworm\n|-damage|p1a: Ting-Lu|95\/100\n|-damage|p1b: Orthworm|92\/100\n|-unboost|p1a: Ting-Lu|spe|1\n|-unboost|p1b: Orthworm|spe|1\n|move|p1a: Ting-Lu|Earthquake|p2b: Iron Bundle|[spread] p2a,p2b\n|-heal|p1b: Orthworm|100\/100|[from] ability: Earth Eater|[of] p1a: Ting-Lu\n|-crit|p2b: Iron Bundle\n|-damage|p2a: Scizor|54\/100\n|-damage|p2b: Iron Bundle|16\/100\n|\n|upkeep\n|turn|2\n|\n|t:|1682008461\n|move|p2b: Iron Bundle|Freeze-Dry|p1a: Ting-Lu\n|-supereffective|p1a: Ting-Lu\n|-damage|p1a: Ting-Lu|56\/100\n|move|p2a: Scizor|Pounce|p1a: Ting-Lu\n|-damage|p1a: Ting-Lu|28\/100\n|-unboost|p1a: Ting-Lu|spe|1\n|move|p1b: Orthworm|Iron Defense|p1b: Orthworm\n|-boost|p1b: Orthworm|def|2\n|move|p1a: Ting-Lu|Earthquake|p2a: Scizor|[spread] p2a,p2b\n|-immune|p1b: Orthworm|[from] ability: Earth Eater\n|-damage|p2a: Scizor|8\/100\n|-damage|p2b: Iron Bundle|0 fnt\n|faint|p2b: Iron Bundle\n|-end|p2b: Iron Bundle|Quark Drive|[silent]\n|\n|upkeep\n|\n|t:|1682008481\n|switch|p2b: Great Tusk|Great Tusk, L50|100\/100\n|turn|3\n|\n|t:|1682008506\n|switch|p1a: Gyarados|Gyarados, L50, M|100\/100\n|-ability|p1a: Gyarados|Intimidate|boost\n|-fail|p2a: Scizor|unboost|[from] item: Clear Amulet|[of] p2a: Scizor\n|-unboost|p2b: Great Tusk|atk|1\n|move|p2b: Great Tusk|Close Combat|p1b: Orthworm\n|-supereffective|p1b: Orthworm\n|-damage|p1b: Orthworm|66\/100\n|-unboost|p2b: Great Tusk|def|1\n|-unboost|p2b: Great Tusk|spd|1\n|move|p2a: Scizor|Pounce|p1a: Gyarados\n|-resisted|p1a: Gyarados\n|-damage|p1a: Gyarados|79\/100\n|-unboost|p1a: Gyarados|spe|1\n|move|p1b: Orthworm|Iron Defense|p1b: Orthworm\n|-boost|p1b: Orthworm|def|2\n|\n|upkeep\n|turn|4\n|\n|t:|1682008557\n|move|p2b: Great Tusk|Close Combat|p1b: Orthworm\n|-supereffective|p1b: Orthworm\n|-damage|p1b: Orthworm|45\/100\n|-unboost|p2b: Great Tusk|def|1\n|-unboost|p2b: Great Tusk|spd|1\n|-enditem|p1b: Orthworm|Sitrus Berry|[eat]\n|-heal|p1b: Orthworm|70\/100|[from] item: Sitrus Berry\n|move|p2a: Scizor|Swords Dance|p2a: Scizor\n|-boost|p2a: Scizor|atk|2\n|move|p1a: Gyarados|Bulldoze|p2a: Scizor|[spread] p2a,p2b\n|-heal|p1b: Orthworm|95\/100|[from] ability: Earth Eater|[of] p1a: Gyarados\n|-damage|p2a: Scizor|0 fnt\n|-damage|p2b: Great Tusk|80\/100\n|-unboost|p2b: Great Tusk|spe|1\n|faint|p2a: Scizor\n|move|p1b: Orthworm|Body Press|p2b: Great Tusk\n|-damage|p2b: Great Tusk|0 fnt\n|faint|p2b: Great Tusk\n|-end|p2b: Great Tusk|Protosynthesis|[silent]\n|\n|upkeep\n|\n|t:|1682008576\n|switch|p2b: Flutter Mane|Flutter Mane, L50|100\/100\n|turn|5\n|\n|t:|1682008594\n|move|p2b: Flutter Mane|Shadow Ball|p1a: Gyarados\n|-damage|p1a: Gyarados|36\/100\n|-unboost|p1a: Gyarados|spd|1\n|move|p1a: Gyarados|Thunder Wave|p2b: Flutter Mane\n|-status|p2b: Flutter Mane|par\n|move|p1b: Orthworm|Heavy Slam|p2b: Flutter Mane\n|-supereffective|p2b: Flutter Mane\n|-damage|p2b: Flutter Mane|0 fnt\n|faint|p2b: Flutter Mane\n|-end|p2b: Flutter Mane|Protosynthesis|[silent]\n|\n|win|hoogo moogo\n|raw|hoogo moogo's rating: 1395 → 1413<\/strong> (+18 for winning)\n|raw|Yash Nair's rating: 1358 → 1340<\/strong> (-18 for losing)\n|l|\u2606Yash Nair\n","uploadtime":1682008699,"views":15,"p1id":"hoogomoogo","p2id":"yashnair","formatid":"gen9vgc2023regulationc","rating":1340,"private":0,"password":""}