{"id":"gen9vgc2023regulationc-1856793112","p1":"H75083804","p2":"Kangourou1234","format":"[Gen 9] VGC 2023 Regulation C","log":"|j|\u203dH75083804\n|j|\u203dKangourou1234\n|t:|1683112291\n|gametype|doubles\n|player|p1|H75083804|lady-gen4|1459\n|player|p2|Kangourou1234|volo|1519\n|teamsize|p1|6\n|teamsize|p2|6\n|gen|9\n|tier|[Gen 9] VGC 2023 Regulation C\n|rated|\n|rule|Species Clause: Limit one of each Pok\u00e9mon\n|rule|Item Clause: Limit one of each item\n|clearpoke\n|poke|p1|Arcanine, L50, M|\n|poke|p1|Pelipper, L50, M|\n|poke|p1|Vaporeon, L50, F|\n|poke|p1|Scizor, L50, M|\n|poke|p1|Chien-Pao, L50|\n|poke|p1|Iron Hands, L50|\n|poke|p2|Torkoal, L50, F|\n|poke|p2|Kingambit, L50, M|\n|poke|p2|Chien-Pao, L50|\n|poke|p2|Great Tusk, L50|\n|poke|p2|Jumpluff, L50, M|\n|poke|p2|Flutter Mane, L50|\n|teampreview|4\nKangourou1234 has agreed to open team sheets.\n|inactive|Battle timer is ON: inactive players will automatically lose when time's up. (requested by H75083804)\n|inactive|Kangourou1234 has 60 seconds left.\n|\n|t:|1683112365\n|start\n|switch|p1a: Iron Hands|Iron Hands, L50|100\/100\n|switch|p1b: Vaporeon|Vaporeon, L50, F|100\/100\n|switch|p2a: Torkoal|Torkoal, L50, F|100\/100\n|switch|p2b: Jumpluff|Jumpluff, L50, M|100\/100\n|-weather|SunnyDay|[from] ability: Drought|[of] p2a: Torkoal\n|turn|1\n|inactive|Kangourou1234 has 30 seconds left.\n|inactive|Kangourou1234 has 20 seconds left.\n|\n|t:|1683112403\n|-end|p1a: Iron Hands|Quark Drive|[silent]\n|switch|p1a: Pelipper|Pelipper, L50, M|100\/100\n|-weather|RainDance|[from] ability: Drizzle|[of] p1a: Pelipper\n|-terastallize|p1b: Vaporeon|Grass\n|move|p2b: Jumpluff|Sleep Powder|p1b: Vaporeon\n|-immune|p1b: Vaporeon\n|move|p1b: Vaporeon|Muddy Water|p2b: Jumpluff|[spread] \n|-miss|p1b: Vaporeon|p2a: Torkoal\n|-miss|p1b: Vaporeon|p2b: Jumpluff\n|move|p2a: Torkoal|Yawn|p1a: Pelipper\n|-start|p1a: Pelipper|move: Yawn|[of] p2a: Torkoal\n|\n|-weather|RainDance|[upkeep]\n|upkeep\n|turn|2\n|inactive|Kangourou1234 has 30 seconds left.\n|inactive|Kangourou1234 has 20 seconds left.\n|inactive|Kangourou1234 has 15 seconds left.\n|inactive|Kangourou1234 has 10 seconds left.\n|inactive|Kangourou1234 has 5 seconds left.\n|\n|t:|1683112456\n|switch|p1a: Iron Hands|Iron Hands, L50|100\/100\n|switch|p2a: Kingambit|Kingambit, L50, M|100\/100\n|move|p2b: Jumpluff|Sleep Powder|p1a: Iron Hands|[miss]\n|-miss|p2b: Jumpluff|p1a: Iron Hands\n|move|p1b: Vaporeon|Muddy Water|p2a: Kingambit|[spread] p2a,p2b\n|-resisted|p2b: Jumpluff\n|-damage|p2a: Kingambit|70\/100\n|-damage|p2b: Jumpluff|76\/100\n|-unboost|p2a: Kingambit|accuracy|1\n|-ability|p2a: Kingambit|Defiant|boost\n|-boost|p2a: Kingambit|atk|2\n|\n|-weather|RainDance|[upkeep]\n|upkeep\n|turn|3\n|inactive|H75083804 has 30 seconds left.\n|inactive|Kangourou1234 has 30 seconds left.\n|inactive|H75083804 has 20 seconds left.\n|\n|t:|1683112495\n|move|p1a: Iron Hands|Fake Out|p2a: Kingambit\n|-resisted|p2a: Kingambit\n|-damage|p2a: Kingambit|65\/100\n|cant|p2a: Kingambit|flinch\n|move|p2b: Jumpluff|Sleep Powder|p1a: Iron Hands|[miss]\n|-miss|p2b: Jumpluff|p1a: Iron Hands\n|move|p1b: Vaporeon|Muddy Water|p2a: Kingambit|[spread] p2a,p2b\n|-resisted|p2b: Jumpluff\n|-damage|p2a: Kingambit|32\/100\n|-damage|p2b: Jumpluff|51\/100\n|-unboost|p2a: Kingambit|accuracy|1\n|-ability|p2a: Kingambit|Defiant|boost\n|-boost|p2a: Kingambit|atk|2\n|\n|-weather|RainDance|[upkeep]\n|upkeep\n|turn|4\n|\n|t:|1683112520\n|move|p1b: Vaporeon|Detect|p1b: Vaporeon\n|-singleturn|p1b: Vaporeon|Protect\n|move|p2a: Kingambit|Sucker Punch||[still]\n|-fail|p2a: Kingambit\n|move|p2b: Jumpluff|Sleep Powder|p1a: Iron Hands\n|-status|p1a: Iron Hands|slp|[from] move: Sleep Powder\n|cant|p1a: Iron Hands|slp\n|\n|-weather|RainDance|[upkeep]\n|upkeep\n|turn|5\n|inactive|Kangourou1234 has 30 seconds left.\n|inactive|Kangourou1234 has 20 seconds left.\n|inactive|Kangourou1234 has 15 seconds left.\n|inactive|Kangourou1234 has 10 seconds left.\n|inactive|Kangourou1234 has 5 seconds left.\n|\n|t:|1683112573\n|-terastallize|p2a: Kingambit|Fire\n|move|p2b: Jumpluff|Encore|p1b: Vaporeon\n|-start|p1b: Vaporeon|Encore\n|move|p1b: Vaporeon|Detect|p1b: Vaporeon\n|-singleturn|p1b: Vaporeon|Protect\n|move|p2a: Kingambit|Kowtow Cleave|p1a: Iron Hands\n|-resisted|p1a: Iron Hands\n|-damage|p1a: Iron Hands|48\/100 slp\n|cant|p1a: Iron Hands|slp\n|\n|-weather|none\n|upkeep\n|turn|6\n|inactive|Kangourou1234 has 30 seconds left.\n|\n|t:|1683112598\n|switch|p1b: Pelipper|Pelipper, L50, M|100\/100\n|-weather|RainDance|[from] ability: Drizzle|[of] p1b: Pelipper\n|move|p2b: Jumpluff|Tailwind|p2b: Jumpluff\n|-sidestart|p2: Kangourou1234|move: Tailwind\n|move|p2a: Kingambit|Kowtow Cleave|p1a: Iron Hands\n|-resisted|p1a: Iron Hands\n|-damage|p1a: Iron Hands|0 fnt\n|faint|p1a: Iron Hands\n|-end|p1a: Iron Hands|Quark Drive|[silent]\n|\n|-weather|RainDance|[upkeep]\n|upkeep\n|\n|t:|1683112618\n|switch|p1a: Vaporeon|Vaporeon, L50, F, tera:Grass|100\/100\n|turn|7\n|\n|t:|1683112641\n|switch|p2b: Torkoal|Torkoal, L50, F|100\/100\n|-weather|SunnyDay|[from] ability: Drought|[of] p2b: Torkoal\n|move|p2a: Kingambit|Kowtow Cleave|p1a: Vaporeon\n|-damage|p1a: Vaporeon|0 fnt\n|faint|p1a: Vaporeon\n|move|p1b: Pelipper|Surf|p2b: Torkoal|[spread] p2a,p2b\n|-supereffective|p2a: Kingambit\n|-supereffective|p2b: Torkoal\n|-damage|p2a: Kingambit|18\/100\n|-damage|p2b: Torkoal|79\/100\n|\n|-weather|SunnyDay|[upkeep]\n|upkeep\n|-message|H75083804 forfeited.\n|\n|win|Kangourou1234\n|raw|H75083804's rating: 1459 → 1442<\/strong> (-17 for losing)\n|raw|Kangourou1234's rating: 1519 → 1536<\/strong> (+17 for winning)\n|l|\u203dH75083804\n","uploadtime":1683112673,"views":9,"p1id":"h75083804","p2id":"kangourou1234","formatid":"gen9vgc2023regulationc","rating":1442,"private":0,"password":""}