{"id":"gen9vgc2023regulationc-1860897799","p1":"nttung762000","p2":"Zuriel9916","format":"[Gen 9] VGC 2023 Regulation C","log":"|j|\u2606nttung762000\n|j|\u2606Zuriel9916\n|t:|1683692295\n|gametype|doubles\n|player|p1|nttung762000|dawn|1020\n|player|p2|Zuriel9916|1|1000\n|teamsize|p1|6\n|teamsize|p2|6\n|gen|9\n|tier|[Gen 9] VGC 2023 Regulation C\n|rated|\n|rule|Species Clause: Limit one of each Pok\u00e9mon\n|rule|Item Clause: Limit one of each item\n|clearpoke\n|poke|p1|Dondozo, L50, M|\n|poke|p1|Tatsugiri, L50, F|\n|poke|p1|Chi-Yu, L50|\n|poke|p1|Iron Bundle, L50|\n|poke|p1|Flutter Mane, L50|\n|poke|p1|Glimmora, L50, M|\n|poke|p2|Amoonguss, L50, M|\n|poke|p2|Garganacl, L50, M|\n|poke|p2|Arcanine, L50, F|\n|poke|p2|Roaring Moon, L50|\n|poke|p2|Iron Bundle, L50|\n|poke|p2|Ting-Lu, L50|\n|teampreview|4\n|inactive|Battle timer is ON: inactive players will automatically lose when time's up. (requested by nttung762000)\n|inactive|nttung762000 has 60 seconds left.\n|inactive|Zuriel9916 has 60 seconds left.\n|\n|t:|1683692341\n|start\n|switch|p1a: Dondozo|Dondozo, L50, M|100\/100\n|switch|p1b: Flutter Mane|Flutter Mane, L50, shiny|100\/100\n|switch|p2a: Amoonguss|Amoonguss, L50, M|100\/100\n|switch|p2b: Arcanine|Arcanine, L50, F|100\/100\n|-ability|p2b: Arcanine|Intimidate|boost\n|-fail|p1a: Dondozo|unboost|Attack|[from] ability: Oblivious|[of] p1a: Dondozo\n|-unboost|p1b: Flutter Mane|atk|1\n|turn|1\n|inactive|nttung762000 has 30 seconds left.\n|inactive|Zuriel9916 has 30 seconds left.\n|inactive|Zuriel9916 has 20 seconds left.\n|inactive|nttung762000 has 20 seconds left.\n|\n|t:|1683692385\n|switch|p2b: Iron Bundle|Iron Bundle, L50|100\/100\n|move|p1b: Flutter Mane|Shadow Ball|p2a: Amoonguss\n|-damage|p2a: Amoonguss|41\/100\n|-enditem|p2a: Amoonguss|Sitrus Berry|[eat]\n|-heal|p2a: Amoonguss|66\/100|[from] item: Sitrus Berry\n|move|p1a: Dondozo|Wave Crash|p2b: Iron Bundle\n|-resisted|p2b: Iron Bundle\n|-damage|p2b: Iron Bundle|70\/100\n|-damage|p1a: Dondozo|95\/100|[from] Recoil\n|move|p2a: Amoonguss|Spore|p1b: Flutter Mane\n|-status|p1b: Flutter Mane|slp|[from] move: Spore\n|\n|-heal|p1a: Dondozo|100\/100|[from] item: Leftovers\n|upkeep\n|turn|2\n|inactive|nttung762000 has 30 seconds left.\n|inactive|Zuriel9916 has 30 seconds left.\n|inactive|nttung762000 has 20 seconds left.\n|\n|t:|1683692423\n|move|p1a: Dondozo|Protect|p1a: Dondozo\n|-singleturn|p1a: Dondozo|Protect\n|move|p2a: Amoonguss|Protect|p2a: Amoonguss\n|-singleturn|p2a: Amoonguss|Protect\n|move|p2b: Iron Bundle|Freeze-Dry|p1a: Dondozo\n|-activate|p1a: Dondozo|move: Protect\n|cant|p1b: Flutter Mane|slp\n|\n|upkeep\n|turn|3\n|\n|t:|1683692438\n|switch|p1a: Iron Bundle|Iron Bundle, L50, shiny|100\/100\n|-enditem|p1a: Iron Bundle|Booster Energy\n|-activate|p1a: Iron Bundle|ability: Quark Drive|[fromitem]\n|-start|p1a: Iron Bundle|quarkdrivespe\n|move|p2b: Iron Bundle|Freeze-Dry|p1a: Iron Bundle\n|-damage|p1a: Iron Bundle|28\/100\n|cant|p1b: Flutter Mane|slp\n|move|p2a: Amoonguss|Spore|p1a: Iron Bundle\n|-status|p1a: Iron Bundle|slp|[from] move: Spore\n|\n|upkeep\n|turn|4\n|\n|t:|1683692462\n|cant|p1a: Iron Bundle|slp\n|move|p2b: Iron Bundle|Freeze-Dry|p1a: Iron Bundle\n|-damage|p1a: Iron Bundle|0 fnt\n|faint|p1a: Iron Bundle\n|-end|p1a: Iron Bundle|Quark Drive|[silent]\n|-curestatus|p1b: Flutter Mane|slp|[msg]\n|move|p1b: Flutter Mane|Shadow Ball|p2b: Iron Bundle\n|-damage|p2b: Iron Bundle|0 fnt\n|faint|p2b: Iron Bundle\n|-end|p2b: Iron Bundle|Quark Drive|[silent]\n|move|p2a: Amoonguss|Pollen Puff|p1b: Flutter Mane\n|-resisted|p1b: Flutter Mane\n|-damage|p1b: Flutter Mane|96\/100\n|\n|upkeep\n|\n|t:|1683692477\n|switch|p2b: Ting-Lu|Ting-Lu, L50|100\/100\n|switch|p1a: Dondozo|Dondozo, L50, M|100\/100\n|-ability|p2b: Ting-Lu|Vessel of Ruin\n|turn|5\n|\n|t:|1683692489\n|-terastallize|p2b: Ting-Lu|Ground\n|move|p1a: Dondozo|Protect|p1a: Dondozo\n|-singleturn|p1a: Dondozo|Protect\n|move|p2a: Amoonguss|Protect|p2a: Amoonguss\n|-singleturn|p2a: Amoonguss|Protect\n|move|p1b: Flutter Mane|Shadow Ball|p2a: Amoonguss\n|-activate|p2a: Amoonguss|move: Protect\n|move|p2b: Ting-Lu|Earthquake|p1b: Flutter Mane|[spread] p1b\n|-activate|p2a: Amoonguss|move: Protect\n|-activate|p1a: Dondozo|move: Protect\n|-damage|p1b: Flutter Mane|21\/100\n|\n|upkeep\n|turn|6\n|\n|t:|1683692512\n|move|p1b: Flutter Mane|Shadow Ball|p2a: Amoonguss\n|-damage|p2a: Amoonguss|19\/100\n|-unboost|p2a: Amoonguss|spd|1\n|move|p1a: Dondozo|Wave Crash|p2b: Ting-Lu\n|-supereffective|p2b: Ting-Lu\n|-damage|p2b: Ting-Lu|46\/100\n|-damage|p1a: Dondozo|79\/100|[from] Recoil\n|move|p2b: Ting-Lu|Heavy Slam|p1a: Dondozo\n|-resisted|p1a: Dondozo\n|-damage|p1a: Dondozo|70\/100\n|move|p2a: Amoonguss|Spore|p1a: Dondozo\n|-status|p1a: Dondozo|slp|[from] move: Spore\n|\n|-heal|p1a: Dondozo|77\/100 slp|[from] item: Leftovers\n|upkeep\n|turn|7\n|inactive|Zuriel9916 has 30 seconds left.\n|\n|t:|1683692541\n|move|p2a: Amoonguss|Rage Powder|p2a: Amoonguss\n|-singleturn|p2a: Amoonguss|move: Rage Powder\n|move|p1b: Flutter Mane|Shadow Ball|p2a: Amoonguss\n|-damage|p2a: Amoonguss|0 fnt\n|faint|p2a: Amoonguss\n|cant|p1a: Dondozo|slp\n|move|p2b: Ting-Lu|Earthquake|p1a: Dondozo|[spread] p1a,p1b\n|-damage|p1a: Dondozo|44\/100 slp\n|-damage|p1b: Flutter Mane|0 fnt\n|faint|p1b: Flutter Mane\n|-end|p1b: Flutter Mane|Protosynthesis|[silent]\n|\n|-heal|p1a: Dondozo|50\/100 slp|[from] item: Leftovers\n|upkeep\n|\n|t:|1683692552\n|switch|p1b: Tatsugiri|Tatsugiri, L50, F|100\/100\n|switch|p2a: Arcanine|Arcanine, L50, F|100\/100\n|-activate|p1b: Tatsugiri|ability: Commander|[of] p1a: Dondozo\n|-boost|p1a: Dondozo|atk|2\n|-boost|p1a: Dondozo|spa|2\n|-boost|p1a: Dondozo|spe|2\n|-boost|p1a: Dondozo|def|2\n|-boost|p1a: Dondozo|spd|2\n|-ability|p2a: Arcanine|Intimidate|boost\n|-fail|p1a: Dondozo|unboost|Attack|[from] ability: Oblivious|[of] p1a: Dondozo\n|-unboost|p1b: Tatsugiri|atk|1\n|turn|8\n|\n|t:|1683692572\n|move|p2a: Arcanine|Extreme Speed|p1b: Tatsugiri|[miss]\n|-miss|p2a: Arcanine|p1b: Tatsugiri\n|cant|p1a: Dondozo|slp\n|move|p2b: Ting-Lu|Heavy Slam|p1a: Dondozo\n|-resisted|p1a: Dondozo\n|-damage|p1a: Dondozo|46\/100 slp\n|\n|-heal|p1a: Dondozo|52\/100 slp|[from] item: Leftovers\n|upkeep\n|turn|9\n|\n|t:|1683692591\n|-curestatus|p1a: Dondozo|slp|[msg]\n|move|p1a: Dondozo|Earthquake|p2b: Ting-Lu|[spread] p2a,p2b\n|-miss|p1a: Dondozo|p1b: Tatsugiri\n|-supereffective|p2a: Arcanine\n|-damage|p2a: Arcanine|18\/100\n|-damage|p2b: Ting-Lu|21\/100\n|move|p2a: Arcanine|Flare Blitz|p1b: Tatsugiri|[miss]\n|-miss|p2a: Arcanine|p1b: Tatsugiri\n|move|p2b: Ting-Lu|Stomping Tantrum|p1a: Dondozo\n|-damage|p1a: Dondozo|35\/100\n|\n|-heal|p1a: Dondozo|41\/100|[from] item: Leftovers\n|upkeep\n|turn|10\n|\n|t:|1683692608\n|move|p1a: Dondozo|Protect|p1a: Dondozo\n|-singleturn|p1a: Dondozo|Protect\n|move|p2a: Arcanine|Flare Blitz|p1a: Dondozo\n|-activate|p1a: Dondozo|move: Protect\n|move|p2b: Ting-Lu|Ruination|p1a: Dondozo\n|-activate|p1a: Dondozo|move: Protect\n|\n|-heal|p1a: Dondozo|47\/100|[from] item: Leftovers\n|upkeep\n|turn|11\n|\n|t:|1683692619\n|move|p1a: Dondozo|Earthquake|p2b: Ting-Lu|[spread] p2a,p2b\n|-miss|p1a: Dondozo|p1b: Tatsugiri\n|-supereffective|p2a: Arcanine\n|-damage|p2a: Arcanine|0 fnt\n|-damage|p2b: Ting-Lu|0 fnt\n|faint|p2a: Arcanine\n|faint|p2b: Ting-Lu\n|\n|win|nttung762000\n|raw|nttung762000's rating: 1020 → 1055<\/strong> (+35 for winning)\n|raw|Zuriel9916's rating: 1000 → 1000<\/strong> (+0 for losing)\n","uploadtime":1683692630,"views":18,"p1id":"nttung762000","p2id":"zuriel9916","formatid":"gen9vgc2023regulationc","rating":1000,"private":0,"password":""}