{"id":"gen9vgc2023regulationc-1860178686","p1":"blinkerton city","p2":"toglez","format":"[Gen 9] VGC 2023 Regulation C","log":"|j|\u2606blinkerton city\n|j|\u2606toglez\n|t:|1683605461\n|gametype|doubles\n|player|p1|blinkerton city|psychic|\n|player|p2|toglez|265|\n|teamsize|p1|6\n|teamsize|p2|6\n|gen|9\n|tier|[Gen 9] VGC 2023 Regulation C\n|rated|Tournament battle\n|rule|Species Clause: Limit one of each Pok\u00e9mon\n|rule|Item Clause: Limit one of each item\n|clearpoke\n|poke|p1|Armarouge, L50, M|\n|poke|p1|Indeedee-F, L50, F|\n|poke|p1|Iron Hands, L50|\n|poke|p1|Talonflame, L50, M|\n|poke|p1|Great Tusk, L50|\n|poke|p1|Iron Bundle, L50|\n|poke|p2|Arcanine, L50, M|\n|poke|p2|Iron Bundle, L50|\n|poke|p2|Ting-Lu, L50|\n|poke|p2|Abomasnow, L50, M|\n|poke|p2|Roaring Moon, L50|\n|poke|p2|Amoonguss, L50, M|\n|teampreview|4\n|raw| Open Team Sheet for blinkerton city<\/summary>Armarouge @ Weakness Policy Ability: Weak Armor Level: 50 Tera Type: Psychic - Expanding Force - Stored Power - Heat Wave - Endure Indeedee (Indeedee-F) (F) @ Safety Goggles Ability: Psychic Surge Level: 50 Tera Type: Flying - Protect - Follow Me - Trick Room - Imprison Iron Hands @ Sitrus Berry Ability: Quark Drive Level: 50 Tera Type: Grass - Protect - Drain Punch - Earthquake - Belly Drum Talonflame @ Covert Cloak Ability: Gale Wings Level: 50 Tera Type: Ground - Brave Bird - Tailwind - Taunt - U-turn Great Tusk @ Choice Scarf Ability: Protosynthesis Level: 50 Hidden Power: Fighting Tera Type: Fire - Headlong Rush - Close Combat - Earthquake - Rock Slide Iron Bundle @ Focus Sash Ability: Quark Drive Level: 50 Tera Type: Ghost - Freeze-Dry - Hydro Pump - Protect - Flip Turn <\/details><\/div> Open Team Sheet for toglez<\/summary>Arcanine (M) @ Iapapa Berry Ability: Intimidate Level: 50 Tera Type: Water - Flare Blitz - Extreme Speed - Will-O-Wisp - Protect Iron Bundle @ Never-Melt Ice Ability: Quark Drive Level: 50 Tera Type: Ice - Blizzard - Hydro Pump - Aurora Veil - Protect Ting-Lu @ Assault Vest Ability: Vessel of Ruin Level: 50 Tera Type: Water - Stomping Tantrum - Ruination - Heavy Slam - Body Press Abomasnow (M) @ Focus Sash Ability: Snow Warning Level: 50 Tera Type: Water - Blizzard - Giga Drain - Earth Power - Protect Roaring Moon @ Booster Energy Ability: Protosynthesis Level: 50 Tera Type: Flying - Acrobatics - Throat Chop - Dragon Dance - Protect Amoonguss (M) @ Sitrus Berry Ability: Regenerator Level: 50 Tera Type: Water - Pollen Puff - Rage Powder - Spore - Protect <\/details><\/div>\n|inactive|Battle timer is ON: inactive players will automatically lose when time's up. (requested by toglez)\n|inactive|blinkerton city has 60 seconds left.\n|inactive|toglez has 60 seconds left.\n|\n|t:|1683605512\n|start\n|switch|p1a: Great Tusk|Great Tusk, L50|100\/100\n|switch|p1b: Talonflame|Talonflame, L50, M|100\/100\n|switch|p2a: Ting-Lu|Ting-Lu, L50|100\/100\n|switch|p2b: Roaring Moon|Roaring Moon, L50|100\/100\n|-ability|p2a: Ting-Lu|Vessel of Ruin\n|-enditem|p2b: Roaring Moon|Booster Energy\n|-activate|p2b: Roaring Moon|ability: Protosynthesis|[fromitem]\n|-start|p2b: Roaring Moon|protosynthesisatk\n|turn|1\n|inactive|toglez has 30 seconds left.\n|inactive|toglez has 20 seconds left.\n|inactive|blinkerton city has 30 seconds left.\n|inactive|toglez has 15 seconds left.\n|inactive|toglez has 10 seconds left.\n|inactive|blinkerton city has 20 seconds left.\n|\n|t:|1683605569\n|switch|p2a: Arcanine|Arcanine, L50, M|100\/100\n|-ability|p2a: Arcanine|Intimidate|boost\n|-unboost|p1a: Great Tusk|atk|1\n|-unboost|p1b: Talonflame|atk|1\n|move|p1a: Great Tusk|Close Combat|p2a: Arcanine\n|-damage|p2a: Arcanine|54\/100\n|-unboost|p1a: Great Tusk|def|1\n|-unboost|p1a: Great Tusk|spd|1\n|move|p1b: Talonflame|Taunt|p2b: Roaring Moon\n|-start|p2b: Roaring Moon|move: Taunt\n|cant|p2b: Roaring Moon|move: Taunt|Dragon Dance\n|\n|upkeep\n|turn|2\n|inactive|toglez has 30 seconds left.\n|\n|t:|1683605601\n|-end|p1a: Great Tusk|Protosynthesis|[silent]\n|switch|p1a: Indeedee|Indeedee-F, L50, F|100\/100\n|-fieldstart|move: Psychic Terrain|[from] ability: Psychic Surge|[of] p1a: Indeedee\n|-terastallize|p2b: Roaring Moon|Flying\n|move|p2a: Arcanine|Protect|p2a: Arcanine\n|-singleturn|p2a: Arcanine|Protect\n|move|p1b: Talonflame|U-turn|p2b: Roaring Moon\n|-resisted|p2b: Roaring Moon\n|-damage|p2b: Roaring Moon|96\/100\n|\n|t:|1683605609\n|switch|p1b: Iron Hands|Iron Hands, L50|100\/100|[from] U-turn\n|move|p2b: Roaring Moon|Acrobatics|p1a: Indeedee\n|-damage|p1a: Indeedee|24\/100\n|\n|upkeep\n|turn|3\n|\n|t:|1683605627\n|move|p1a: Indeedee|Follow Me|p1a: Indeedee\n|-singleturn|p1a: Indeedee|move: Follow Me\n|move|p2b: Roaring Moon|Acrobatics|p1a: Indeedee\n|-damage|p1a: Indeedee|0 fnt\n|faint|p1a: Indeedee\n|move|p2a: Arcanine|Will-O-Wisp|p1b: Iron Hands\n|-status|p1b: Iron Hands|brn\n|move|p1b: Iron Hands|Belly Drum|p1b: Iron Hands\n|-damage|p1b: Iron Hands|50\/100 brn\n|-setboost|p1b: Iron Hands|atk|6|[from] move: Belly Drum\n|-enditem|p1b: Iron Hands|Sitrus Berry|[eat]\n|-heal|p1b: Iron Hands|75\/100 brn|[from] item: Sitrus Berry\n|\n|-damage|p1b: Iron Hands|69\/100 brn|[from] brn\n|-end|p2b: Roaring Moon|move: Taunt\n|upkeep\n|\n|t:|1683605632\n|switch|p1a: Talonflame|Talonflame, L50, M|100\/100\n|turn|4\n|j| CoachChris10\n|inactive|toglez has 30 seconds left.\n|j| mummycass\n|inactive|toglez has 20 seconds left.\n|inactive|toglez has 15 seconds left.\n|inactive|toglez has 10 seconds left.\n|\n|t:|1683605678\n|move|p2a: Arcanine|Extreme Speed|p1a: Talonflame\n|-hint|Psychic Terrain doesn't affect Pok\u00e9mon immune to Ground.\n|-damage|p1a: Talonflame|69\/100\n|move|p1a: Talonflame|Tailwind|p1a: Talonflame\n|-sidestart|p1: blinkerton city|move: Tailwind\n|move|p1b: Iron Hands|Drain Punch|p2b: Roaring Moon\n|-resisted|p2b: Roaring Moon\n|-damage|p2b: Roaring Moon|57\/100\n|-heal|p1b: Iron Hands|85\/100 brn|[from] drain|[of] p2b: Roaring Moon\n|move|p2b: Roaring Moon|Dragon Dance|p2b: Roaring Moon\n|-boost|p2b: Roaring Moon|atk|1\n|-boost|p2b: Roaring Moon|spe|1\n|\n|-damage|p1b: Iron Hands|79\/100 brn|[from] brn\n|upkeep\n|turn|5\n|l| mummycass\n|inactive|blinkerton city has 30 seconds left.\n|inactive|blinkerton city has 20 seconds left.\n|j| StupidFlandrs48\n|\n|t:|1683605717\n|-end|p2b: Roaring Moon|Protosynthesis|[silent]\n|switch|p2b: Amoonguss|Amoonguss, L50, M|100\/100\n|move|p1b: Iron Hands|Protect|p1b: Iron Hands\n|-singleturn|p1b: Iron Hands|Protect\n|move|p2a: Arcanine|Extreme Speed|p1a: Talonflame\n|-hint|Psychic Terrain doesn't affect Pok\u00e9mon immune to Ground.\n|-damage|p1a: Talonflame|36\/100\n|move|p1a: Talonflame|Brave Bird|p2b: Amoonguss\n|-supereffective|p2b: Amoonguss\n|-damage|p2b: Amoonguss|46\/100\n|-enditem|p2b: Amoonguss|Sitrus Berry|[eat]\n|-heal|p2b: Amoonguss|71\/100|[from] item: Sitrus Berry\n|-damage|p1a: Talonflame|14\/100|[from] Recoil\n|\n|-damage|p1b: Iron Hands|73\/100 brn|[from] brn\n|upkeep\n|turn|6\n|inactive|blinkerton city has 30 seconds left.\n|inactive|toglez has 30 seconds left.\n|inactive|toglez has 20 seconds left.\n|\n|t:|1683605753\n|move|p2b: Amoonguss|Protect|p2b: Amoonguss\n|-singleturn|p2b: Amoonguss|Protect\n|move|p2a: Arcanine|Extreme Speed|p1a: Talonflame\n|-hint|Psychic Terrain doesn't affect Pok\u00e9mon immune to Ground.\n|-damage|p1a: Talonflame|0 fnt\n|faint|p1a: Talonflame\n|move|p1b: Iron Hands|Drain Punch|p2b: Amoonguss\n|-activate|p2b: Amoonguss|move: Protect\n|\n|-damage|p1b: Iron Hands|67\/100 brn|[from] brn\n|-fieldend|move: Psychic Terrain\n|upkeep\n|\n|t:|1683605757\n|switch|p1a: Great Tusk|Great Tusk, L50|100\/100\n|turn|7\n|\n|t:|1683605777\n|switch|p2a: Roaring Moon|Roaring Moon, L50, tera:Flying|57\/100\n|-terastallize|p1a: Great Tusk|Fire\n|move|p1a: Great Tusk|Rock Slide|p2b: Amoonguss|[spread] p2a,p2b\n|-supereffective|p2a: Roaring Moon\n|-damage|p2a: Roaring Moon|21\/100\n|-damage|p2b: Amoonguss|55\/100\n|move|p1b: Iron Hands|Drain Punch|p2b: Amoonguss\n|-resisted|p2b: Amoonguss\n|-damage|p2b: Amoonguss|20\/100\n|-heal|p1b: Iron Hands|84\/100 brn|[from] drain|[of] p2b: Amoonguss\n|move|p2b: Amoonguss|Spore|p1a: Great Tusk\n|-status|p1a: Great Tusk|slp|[from] move: Spore\n|\n|-damage|p1b: Iron Hands|78\/100 brn|[from] brn\n|-sideend|p1: blinkerton city|move: Tailwind\n|upkeep\n|turn|8\n|\n|t:|1683605799\n|switch|p2b: Arcanine|Arcanine, L50, M|54\/100\n|-ability|p2b: Arcanine|Intimidate|boost\n|-unboost|p1a: Great Tusk|atk|1\n|-unboost|p1b: Iron Hands|atk|1\n|move|p2a: Roaring Moon|Protect|p2a: Roaring Moon\n|-singleturn|p2a: Roaring Moon|Protect\n|cant|p1a: Great Tusk|slp\n|move|p1b: Iron Hands|Drain Punch|p2a: Roaring Moon\n|-activate|p2a: Roaring Moon|move: Protect\n|\n|-damage|p1b: Iron Hands|72\/100 brn|[from] brn\n|upkeep\n|turn|9\n|inactive|toglez has 30 seconds left.\n|\n|t:|1683605826\n|switch|p2b: Amoonguss|Amoonguss, L50, M|54\/100\n|move|p1b: Iron Hands|Protect|p1b: Iron Hands\n|-singleturn|p1b: Iron Hands|Protect\n|-curestatus|p1a: Great Tusk|slp|[msg]\n|move|p1a: Great Tusk|Rock Slide|p2b: Amoonguss|[spread] p2a,p2b\n|-supereffective|p2a: Roaring Moon\n|-damage|p2a: Roaring Moon|0 fnt\n|-damage|p2b: Amoonguss|42\/100\n|faint|p2a: Roaring Moon\n|-end|p2a: Roaring Moon|Protosynthesis|[silent]\n|\n|-damage|p1b: Iron Hands|66\/100 brn|[from] brn\n|upkeep\n|j| mummycass\n|\n|t:|1683605844\n|switch|p2a: Arcanine|Arcanine, L50, M|54\/100\n|-ability|p2a: Arcanine|Intimidate|boost\n|-unboost|p1a: Great Tusk|atk|1\n|-unboost|p1b: Iron Hands|atk|1\n|turn|10\n|\n|t:|1683605869\n|move|p2a: Arcanine|Protect|p2a: Arcanine\n|-singleturn|p2a: Arcanine|Protect\n|move|p1a: Great Tusk|Rock Slide|p2b: Amoonguss|[spread] p2b\n|-activate|p2a: Arcanine|move: Protect\n|-damage|p2b: Amoonguss|34\/100\n|move|p1b: Iron Hands|Drain Punch|p2b: Amoonguss\n|-resisted|p2b: Amoonguss\n|-damage|p2b: Amoonguss|8\/100\n|-heal|p1b: Iron Hands|78\/100 brn|[from] drain|[of] p2b: Amoonguss\n|move|p2b: Amoonguss|Spore|p1a: Great Tusk\n|-status|p1a: Great Tusk|slp|[from] move: Spore\n|\n|-damage|p1b: Iron Hands|72\/100 brn|[from] brn\n|upkeep\n|turn|11\n|inactive|toglez has 30 seconds left.\n|inactive|toglez has 20 seconds left.\n|\n|t:|1683605905\n|switch|p2a: Ting-Lu|Ting-Lu, L50|100\/100\n|-ability|p2a: Ting-Lu|Vessel of Ruin\n|move|p2b: Amoonguss|Protect|p2b: Amoonguss\n|-singleturn|p2b: Amoonguss|Protect\n|cant|p1a: Great Tusk|slp\n|move|p1b: Iron Hands|Earthquake|p2b: Amoonguss|[spread] p1a,p2a\n|-activate|p2b: Amoonguss|move: Protect\n|-supereffective|p1a: Great Tusk\n|-crit|p2a: Ting-Lu\n|-damage|p1a: Great Tusk|40\/100 slp\n|-damage|p2a: Ting-Lu|62\/100\n|\n|-damage|p1b: Iron Hands|66\/100 brn|[from] brn\n|upkeep\n|turn|12\n|\n|t:|1683605920\n|switch|p2b: Arcanine|Arcanine, L50, M|54\/100\n|-ability|p2b: Arcanine|Intimidate|boost\n|-unboost|p1a: Great Tusk|atk|1\n|-unboost|p1b: Iron Hands|atk|1\n|cant|p1a: Great Tusk|slp\n|move|p1b: Iron Hands|Drain Punch|p2a: Ting-Lu\n|-supereffective|p2a: Ting-Lu\n|-damage|p2a: Ting-Lu|0 fnt\n|-heal|p1b: Iron Hands|97\/100 brn|[from] drain|[of] p2a: Ting-Lu\n|faint|p2a: Ting-Lu\n|\n|-damage|p1b: Iron Hands|91\/100 brn|[from] brn\n|upkeep\n|\n|t:|1683605931\n|switch|p2a: Amoonguss|Amoonguss, L50, M|41\/100\n|turn|13\n|\n|t:|1683605937\n|move|p2b: Arcanine|Protect|p2b: Arcanine\n|-singleturn|p2b: Arcanine|Protect\n|cant|p1a: Great Tusk|slp\n|move|p1b: Iron Hands|Drain Punch|p2b: Arcanine\n|-activate|p2b: Arcanine|move: Protect\n|move|p2a: Amoonguss|Spore|p1a: Great Tusk\n|-fail|p1a: Great Tusk|slp\n|\n|-damage|p1b: Iron Hands|85\/100 brn|[from] brn\n|upkeep\n|turn|14\n|c|\u2606blinkerton city|this mon is absurd\n|inactive|toglez has 30 seconds left.\n|c| StupidFlandrs48|He is a good doggo\n|inactive|toglez has 20 seconds left.\n|c|\u2606blinkerton city|talking abt hands\n|inactive|toglez has 15 seconds left.\n|c| StupidFlandrs48|Also true\n|\n|t:|1683605981\n|move|p2b: Arcanine|Extreme Speed|p1a: Great Tusk\n|-damage|p1a: Great Tusk|20\/100 slp\n|move|p2a: Amoonguss|Rage Powder|p2a: Amoonguss\n|-singleturn|p2a: Amoonguss|move: Rage Powder\n|-curestatus|p1a: Great Tusk|slp|[msg]\n|move|p1a: Great Tusk|Rock Slide|p2b: Arcanine|[spread] p2a,p2b\n|-supereffective|p2b: Arcanine\n|-damage|p2a: Amoonguss|34\/100\n|-damage|p2b: Arcanine|35\/100\n|move|p1b: Iron Hands|Drain Punch|p2a: Amoonguss\n|-resisted|p2a: Amoonguss\n|-damage|p2a: Amoonguss|13\/100\n|-heal|p1b: Iron Hands|95\/100 brn|[from] drain|[of] p2a: Amoonguss\n|\n|-damage|p1b: Iron Hands|89\/100 brn|[from] brn\n|upkeep\n|turn|15\n|inactive|toglez has 30 seconds left.\n|inactive|toglez has 20 seconds left.\n|inactive|toglez has 15 seconds left.\n|\n|t:|1683606004\n|move|p2a: Amoonguss|Protect|p2a: Amoonguss\n|-singleturn|p2a: Amoonguss|Protect\n|move|p2b: Arcanine|Extreme Speed|p1a: Great Tusk\n|-damage|p1a: Great Tusk|0 fnt\n|faint|p1a: Great Tusk\n|-end|p1a: Great Tusk|Protosynthesis|[silent]\n|move|p1b: Iron Hands|Earthquake|p2b: Arcanine|[spread] p2b\n|-activate|p2a: Amoonguss|move: Protect\n|-supereffective|p2b: Arcanine\n|-damage|p2b: Arcanine|0 fnt\n|faint|p2b: Arcanine\n|\n|-damage|p1b: Iron Hands|83\/100 brn|[from] brn\n|upkeep\n|turn|16\n|inactive|toglez has 15 seconds left this turn.\n|inactive|toglez has 10 seconds left.\n|inactive|toglez has 5 seconds left.\n|c|\u2606blinkerton city|gg\n|\n|t:|1683606017\n|move|p1b: Iron Hands|Drain Punch|p2a: Amoonguss\n|-resisted|p2a: Amoonguss\n|-damage|p2a: Amoonguss|0 fnt\n|-heal|p1b: Iron Hands|89\/100 brn|[from] drain|[of] p2a: Amoonguss\n|faint|p2a: Amoonguss\n|\n|win|blinkerton city\n|inactive|toglez has 5 seconds left this turn.\n|n|\u2606blinkerton city|blinkertoncity\n|n|\u2606toglez|toglez\n|n| CoachChris10|coachchris10\n|n| StupidFlandrs48|stupidflandrs48\n|n| mummycass|mummycass\n|c| StupidFlandrs48|NO WAY\n|l| StupidFlandrs48\n","uploadtime":1683606041,"views":9,"p1id":"blinkertoncity","p2id":"toglez","formatid":"gen9vgc2023regulationc","rating":0,"private":0,"password":""}