{"id":"gen9vgc2023regulationc-1849000464","p1":"dogson5","p2":"linmou","format":"[Gen 9] VGC 2023 Regulation C","log":"|j|\u2606dogson5\n|j|\u2606linmou\n|t:|1682136972\n|gametype|doubles\n|player|p1|dogson5|nate|1325\n|player|p2|linmou|caitlin|1442\n|teamsize|p1|6\n|teamsize|p2|6\n|gen|9\n|tier|[Gen 9] VGC 2023 Regulation C\n|rated|\n|rule|Species Clause: Limit one of each Pok\u00e9mon\n|rule|Item Clause: Limit one of each item\n|clearpoke\n|poke|p1|Orthworm, L50, M|\n|poke|p1|Dragonite, L50, M|\n|poke|p1|Ting-Lu, L50|\n|poke|p1|Gyarados, L50, F|\n|poke|p1|Flutter Mane, L50|\n|poke|p1|Chien-Pao, L50|\n|poke|p2|Amoonguss, L50, F|\n|poke|p2|Palafin, L50, F|\n|poke|p2|Arcanine, L50, F|\n|poke|p2|Flutter Mane, L50|\n|poke|p2|Baxcalibur, L50, F|\n|poke|p2|Ting-Lu, L50|\n|teampreview|4\n|inactive|Battle timer is ON: inactive players will automatically lose when time's up. (requested by linmou)\n|inactive|dogson5 has 60 seconds left.\n|\n|t:|1682137011\n|start\n|switch|p1a: Orthworm|Orthworm, L50, M|100\/100\n|switch|p1b: Ting-Lu|Ting-Lu, L50|100\/100\n|switch|p2a: Palafin|Palafin, L50, F, shiny|100\/100\n|switch|p2b: Flutter Mane|Flutter Mane, L50, shiny|100\/100\n|-ability|p1b: Ting-Lu|Vessel of Ruin\n|turn|1\n|\n|t:|1682137036\n|-end|p2b: Flutter Mane|Protosynthesis|[silent]\n|switch|p2b: Arcanine|Arcanine, L50, F, shiny|100\/100\n|-ability|p2b: Arcanine|Intimidate|boost\n|-unboost|p1a: Orthworm|atk|1\n|-unboost|p1b: Ting-Lu|atk|1\n|detailschange|p2a: Palafin|Palafin-Hero, L50, F, shiny\n|switch|p2a: Amoonguss|Amoonguss, L50, F, shiny|100\/100\n|-terastallize|p1b: Ting-Lu|Water\n|move|p1b: Ting-Lu|Earthquake|p2a: Amoonguss|[spread] p2a,p2b\n|-immune|p1a: Orthworm|[from] ability: Earth Eater\n|-supereffective|p2b: Arcanine\n|-damage|p2a: Amoonguss|74\/100\n|-damage|p2b: Arcanine|24\/100\n|move|p1a: Orthworm|Heavy Slam|p2b: Arcanine\n|-resisted|p2b: Arcanine\n|-damage|p2b: Arcanine|17\/100\n|\n|upkeep\n|turn|2\n|inactive|dogson5 has 30 seconds left.\n|inactive|dogson5 has 20 seconds left.\n|inactive|dogson5 has 15 seconds left.\n|\n|t:|1682137077\n|move|p2b: Arcanine|Protect|p2b: Arcanine\n|-singleturn|p2b: Arcanine|Protect\n|move|p1b: Ting-Lu|Earthquake|p2a: Amoonguss|[spread] p2a\n|-activate|p2b: Arcanine|move: Protect\n|-immune|p1a: Orthworm|[from] ability: Earth Eater\n|-damage|p2a: Amoonguss|48\/100\n|-enditem|p2a: Amoonguss|Sitrus Berry|[eat]\n|-heal|p2a: Amoonguss|73\/100|[from] item: Sitrus Berry\n|move|p1a: Orthworm|Shed Tail|p1a: Orthworm\n|-start|p1a: Orthworm|Substitute|[from] move: Shed Tail\n|-damage|p1a: Orthworm|50\/100\n|-enditem|p1a: Orthworm|Sitrus Berry|[eat]\n|-heal|p1a: Orthworm|75\/100|[from] item: Sitrus Berry\n|\n|t:|1682137095\n|switch|p1a: Flutter Mane|Flutter Mane, L50|100\/100|[from] Shed Tail\n|move|p2a: Amoonguss|Spore||[still]\n|-fail|p2a: Amoonguss\n|\n|upkeep\n|turn|3\n|\n|t:|1682137105\n|switch|p2b: Palafin|Palafin-Hero, L50, F, shiny|100\/100\n|-activate|p2b: Palafin|ability: Zero to Hero\n|move|p1a: Flutter Mane|Hex|p2a: Amoonguss\n|-damage|p2a: Amoonguss|43\/100\n|move|p1b: Ting-Lu|Earthquake|p2a: Amoonguss|[spread] p1a,p2a,p2b\n|-end|p1a: Flutter Mane|Substitute\n|-damage|p2a: Amoonguss|15\/100\n|-damage|p2b: Palafin|72\/100\n|move|p2a: Amoonguss|Pollen Puff|p2b: Palafin\n|-heal|p2b: Palafin|100\/100\n|\n|upkeep\n|turn|4\n|\n|t:|1682137125\n|switch|p1b: Dragonite|Dragonite, L50, M|100\/100\n|-terastallize|p2b: Palafin|Water\n|move|p2a: Amoonguss|Protect|p2a: Amoonguss\n|-singleturn|p2a: Amoonguss|Protect\n|move|p2b: Palafin|Jet Punch|p1a: Flutter Mane\n|-damage|p1a: Flutter Mane|0 fnt\n|faint|p1a: Flutter Mane\n|-end|p1a: Flutter Mane|Protosynthesis|[silent]\n|\n|upkeep\n|\n|t:|1682137133\n|switch|p1a: Orthworm|Orthworm, L50, M|75\/100\n|turn|5\n|\n|t:|1682137142\n|switch|p2a: Arcanine|Arcanine, L50, F, shiny|17\/100\n|-ability|p2a: Arcanine|Intimidate|boost\n|-unboost|p1a: Orthworm|atk|1\n|-unboost|p1b: Dragonite|atk|1\n|move|p1b: Dragonite|Earthquake|p2a: Arcanine|[spread] p2a,p2b\n|-heal|p1a: Orthworm|100\/100|[from] ability: Earth Eater|[of] p1b: Dragonite\n|-supereffective|p2a: Arcanine\n|-damage|p2a: Arcanine|0 fnt\n|-damage|p2b: Palafin|86\/100\n|faint|p2a: Arcanine\n|move|p2b: Palafin|Wave Crash|p1a: Orthworm\n|-damage|p1a: Orthworm|21\/100\n|-damage|p2b: Palafin|63\/100|[from] Recoil\n|move|p1a: Orthworm|Iron Defense|p1a: Orthworm\n|-boost|p1a: Orthworm|def|2\n|\n|upkeep\n|\n|t:|1682137152\n|switch|p2a: Flutter Mane|Flutter Mane, L50, shiny|100\/100\n|turn|6\n|\n|t:|1682137174\n|move|p2b: Palafin|Jet Punch|p1b: Dragonite\n|-resisted|p1b: Dragonite\n|-damage|p1b: Dragonite|84\/100\n|move|p2a: Flutter Mane|Shadow Ball|p1a: Orthworm\n|-damage|p1a: Orthworm|0 fnt\n|faint|p1a: Orthworm\n|move|p1b: Dragonite|Earthquake|p2a: Flutter Mane|[spread] p2a,p2b\n|-damage|p2a: Flutter Mane|79\/100\n|-damage|p2b: Palafin|49\/100\n|\n|upkeep\n|\n|t:|1682137182\n|switch|p1a: Ting-Lu|Ting-Lu, L50, tera:Water|100\/100\n|-ability|p1a: Ting-Lu|Vessel of Ruin\n|turn|7\n|\n|t:|1682137204\n|switch|p2b: Amoonguss|Amoonguss, L50, F, shiny|48\/100\n|move|p1b: Dragonite|Extreme Speed|p2b: Amoonguss\n|-damage|p2b: Amoonguss|31\/100\n|move|p2a: Flutter Mane|Shadow Ball|p1b: Dragonite\n|-damage|p1b: Dragonite|37\/100\n|move|p1a: Ting-Lu|Earthquake|p2b: Amoonguss|[spread] p2a,p2b\n|-immune|p1b: Dragonite\n|-damage|p2a: Flutter Mane|3\/100\n|-damage|p2b: Amoonguss|0 fnt\n|faint|p2b: Amoonguss\n|\n|upkeep\n|\n|t:|1682137206\n|switch|p2b: Palafin|Palafin-Hero, L50, F, shiny, tera:Water|49\/100\n|turn|8\n|\n|t:|1682137230\n|move|p2b: Palafin|Protect|p2b: Palafin\n|-singleturn|p2b: Palafin|Protect\n|move|p1b: Dragonite|Extreme Speed|p2b: Palafin\n|-activate|p2b: Palafin|move: Protect\n|move|p2a: Flutter Mane|Shadow Ball|p1b: Dragonite\n|-damage|p1b: Dragonite|0 fnt\n|faint|p1b: Dragonite\n|move|p1a: Ting-Lu|Earthquake|p2a: Flutter Mane|[spread] p2a\n|-activate|p2b: Palafin|move: Protect\n|-damage|p2a: Flutter Mane|0 fnt\n|faint|p2a: Flutter Mane\n|-end|p2a: Flutter Mane|Protosynthesis|[silent]\n|\n|upkeep\n|turn|9\n|\n|t:|1682137242\n|move|p2b: Palafin|Jet Punch|p1a: Ting-Lu\n|-resisted|p1a: Ting-Lu\n|-damage|p1a: Ting-Lu|79\/100\n|move|p1a: Ting-Lu|Earthquake|p2b: Palafin\n|-damage|p2b: Palafin|0 fnt\n|faint|p2b: Palafin\n|\n|win|dogson5\n|raw|dogson5's rating: 1325 → 1351<\/strong> (+26 for winning)\n|raw|linmou's rating: 1442 → 1416<\/strong> (-26 for losing)\n|l|\u2606linmou\n","uploadtime":1682137254,"views":11,"p1id":"dogson5","p2id":"linmou","formatid":"gen9vgc2023regulationc","rating":1351,"private":0,"password":""}