{"id":"gen9vgc2023regulationc-1856807880","p1":"Vendread90","p2":"Alcuna possibilita","format":"[Gen 9] VGC 2023 Regulation C","log":"|j|\u2606Vendread90\n|j|\u2606Alcuna possibilita\n|t:|1683114295\n|gametype|doubles\n|player|p1|Vendread90|266|1179\n|player|p2|Alcuna possibilita|fisherman-gen4|1221\n|teamsize|p1|6\n|teamsize|p2|6\n|gen|9\n|tier|[Gen 9] VGC 2023 Regulation C\n|rated|\n|rule|Species Clause: Limit one of each Pok\u00e9mon\n|rule|Item Clause: Limit one of each item\n|clearpoke\n|poke|p1|Cetitan, L50, M|\n|poke|p1|Corviknight, L50, F|\n|poke|p1|Sableye, L50, F|\n|poke|p1|Ceruledge, L50, F|\n|poke|p1|Abomasnow, L50, M|\n|poke|p1|Glaceon, L50, F|\n|poke|p2|Flutter Mane, L50|\n|poke|p2|Chi-Yu, L50|\n|poke|p2|Chien-Pao, L50|\n|poke|p2|Talonflame, L50, M|\n|poke|p2|Great Tusk, L50|\n|poke|p2|Iron Hands, L50|\n|teampreview|4\n|inactive|Battle timer is ON: inactive players will automatically lose when time's up. (requested by Alcuna possibilita)\n|\n|t:|1683114317\n|start\n|switch|p1a: Sableye|Sableye, L50, F|100\/100\n|switch|p1b: Ceruledge|Ceruledge, L50, F|100\/100\n|switch|p2a: Iron Hands|Iron Hands, L50|100\/100\n|switch|p2b: Chien-Pao|Chien-Pao, L50|100\/100\n|-ability|p2b: Chien-Pao|Sword of Ruin\n|turn|1\n|inactive|Alcuna possibilita has 30 seconds left.\n|inactive|Alcuna possibilita has 20 seconds left.\n|\n|t:|1683114356\n|move|p2b: Chien-Pao|Protect|p2b: Chien-Pao\n|-singleturn|p2b: Chien-Pao|Protect\n|move|p1a: Sableye|Reflect|p1a: Sableye\n|-sidestart|p1: Vendread90|Reflect\n|move|p1b: Ceruledge|Bulk Up|p1b: Ceruledge\n|-boost|p1b: Ceruledge|atk|1\n|-boost|p1b: Ceruledge|def|1\n|move|p2a: Iron Hands|Wild Charge|p1b: Ceruledge\n|-damage|p1b: Ceruledge|68\/100\n|-damage|p2a: Iron Hands|94\/100|[from] Recoil\n|\n|upkeep\n|turn|2\n|\n|t:|1683114377\n|move|p1b: Ceruledge|Protect|p1b: Ceruledge\n|-singleturn|p1b: Ceruledge|Protect\n|move|p2b: Chien-Pao|Sucker Punch||[still]\n|-fail|p2b: Chien-Pao\n|move|p1a: Sableye|Encore|p2a: Iron Hands\n|-start|p2a: Iron Hands|Encore\n|move|p2a: Iron Hands|Wild Charge|p1b: Ceruledge\n|-activate|p1b: Ceruledge|move: Protect\n|\n|upkeep\n|turn|3\n|\n|t:|1683114394\n|move|p2b: Chien-Pao|Sucker Punch||[still]\n|-fail|p2b: Chien-Pao\n|move|p1a: Sableye|Disable|p2a: Iron Hands\n|-start|p2a: Iron Hands|Disable|Wild Charge\n|move|p1b: Ceruledge|Bulk Up|p1b: Ceruledge\n|-boost|p1b: Ceruledge|atk|1\n|-boost|p1b: Ceruledge|def|1\n|cant|p2a: Iron Hands|Disable|Wild Charge\n|\n|upkeep\n|turn|4\n|\n|t:|1683114410\n|-end|p2a: Iron Hands|Quark Drive|[silent]\n|switch|p2a: Chi-Yu|Chi-Yu, L50|100\/100\n|-ability|p2a: Chi-Yu|Beads of Ruin\n|move|p1a: Sableye|Light Screen|p1a: Sableye\n|-sidestart|p1: Vendread90|move: Light Screen\n|move|p2b: Chien-Pao|Ice Spinner|p1a: Sableye\n|-damage|p1a: Sableye|47\/100\n|move|p1b: Ceruledge|Bitter Blade|p2a: Chi-Yu\n|-resisted|p2a: Chi-Yu\n|-damage|p2a: Chi-Yu|11\/100\n|-heal|p1b: Ceruledge|100\/100|[from] drain|[of] p2a: Chi-Yu\n|\n|upkeep\n|turn|5\n|inactive|Alcuna possibilita has 30 seconds left.\n|\n|t:|1683114436\n|switch|p1a: Abomasnow|Abomasnow, L50, M|100\/100\n|-weather|Snow|[from] ability: Snow Warning|[of] p1a: Abomasnow\n|move|p2b: Chien-Pao|Protect|p2b: Chien-Pao\n|-singleturn|p2b: Chien-Pao|Protect\n|move|p1b: Ceruledge|Protect|p1b: Ceruledge\n|-singleturn|p1b: Ceruledge|Protect\n|move|p2a: Chi-Yu|Dark Pulse|p1a: Abomasnow\n|-damage|p1a: Abomasnow|45\/100\n|\n|-weather|Snow|[upkeep]\n|upkeep\n|turn|6\n|\n|t:|1683114459\n|switch|p2a: Iron Hands|Iron Hands, L50|94\/100\n|-terastallize|p1b: Ceruledge|Grass\n|move|p1a: Abomasnow|Ice Shard|p2a: Iron Hands\n|-damage|p2a: Iron Hands|82\/100\n|move|p2b: Chien-Pao|Sacred Sword|p1a: Abomasnow\n|-supereffective|p1a: Abomasnow\n|-damage|p1a: Abomasnow|0 fnt\n|faint|p1a: Abomasnow\n|move|p1b: Ceruledge|Bitter Blade|p2b: Chien-Pao\n|-supereffective|p2b: Chien-Pao\n|-enditem|p2b: Chien-Pao|Focus Sash\n|-damage|p2b: Chien-Pao|1\/100\n|\n|-weather|Snow|[upkeep]\n|upkeep\n|\n|t:|1683114476\n|switch|p1a: Cetitan|Cetitan, L50, M|100\/100\n|turn|7\n|\n|t:|1683114489\n|switch|p1a: Sableye|Sableye, L50, F|47\/100\n|move|p1b: Ceruledge|Protect|p1b: Ceruledge\n|-singleturn|p1b: Ceruledge|Protect\n|move|p2a: Iron Hands|Fake Out|p1a: Sableye\n|-immune|p1a: Sableye\n|move|p2b: Chien-Pao|Ice Spinner|p1b: Ceruledge\n|-activate|p1b: Ceruledge|move: Protect\n|\n|-weather|Snow|[upkeep]\n|upkeep\n|turn|8\n|inactive|Alcuna possibilita has 30 seconds left.\n|\n|t:|1683114522\n|move|p2b: Chien-Pao|Protect|p2b: Chien-Pao\n|-singleturn|p2b: Chien-Pao|Protect\n|move|p1b: Ceruledge|Shadow Sneak|p2b: Chien-Pao\n|-activate|p2b: Chien-Pao|move: Protect\n|move|p1a: Sableye|Encore|p2a: Iron Hands\n|-start|p2a: Iron Hands|Encore\n|move|p2a: Iron Hands|Fake Out||[still]\n|-hint|Fake Out only works on your first turn out.\n|-fail|p2a: Iron Hands\n|\n|-weather|Snow|[upkeep]\n|-sideend|p1: Vendread90|Reflect\n|upkeep\n|turn|9\n|\n|t:|1683114541\n|-end|p2a: Iron Hands|Quark Drive|[silent]\n|switch|p2a: Chi-Yu|Chi-Yu, L50|11\/100\n|-ability|p2a: Chi-Yu|Beads of Ruin\n|move|p1a: Sableye|Reflect|p1a: Sableye\n|-sidestart|p1: Vendread90|Reflect\n|move|p2b: Chien-Pao|Ice Spinner|p1b: Ceruledge\n|-supereffective|p1b: Ceruledge\n|-damage|p1b: Ceruledge|60\/100\n|-enditem|p1b: Ceruledge|Weakness Policy\n|-boost|p1b: Ceruledge|atk|2|[from] item: Weakness Policy\n|-boost|p1b: Ceruledge|spa|2|[from] item: Weakness Policy\n|move|p1b: Ceruledge|Bitter Blade|p2a: Chi-Yu\n|-resisted|p2a: Chi-Yu\n|-damage|p2a: Chi-Yu|0 fnt\n|-heal|p1b: Ceruledge|65\/100|[from] drain|[of] p2a: Chi-Yu\n|faint|p2a: Chi-Yu\n|\n|-weather|none\n|upkeep\n|\n|t:|1683114561\n|switch|p2a: Flutter Mane|Flutter Mane, L50|100\/100\n|turn|10\n|inactive|Alcuna possibilita has 30 seconds left.\n|\n|t:|1683114592\n|switch|p1a: Cetitan|Cetitan, L50, M|100\/100\n|-terastallize|p2a: Flutter Mane|Fairy\n|move|p2b: Chien-Pao|Protect|p2b: Chien-Pao\n|-singleturn|p2b: Chien-Pao|Protect\n|move|p1b: Ceruledge|Protect|p1b: Ceruledge\n|-singleturn|p1b: Ceruledge|Protect\n|move|p2a: Flutter Mane|Dazzling Gleam|p1a: Cetitan|[spread] p1a\n|-activate|p1b: Ceruledge|move: Protect\n|-crit|p1a: Cetitan\n|-damage|p1a: Cetitan|0 fnt\n|faint|p1a: Cetitan\n|\n|upkeep\n|\n|t:|1683114607\n|switch|p1a: Sableye|Sableye, L50, F|47\/100\n|turn|11\n|\n|t:|1683114625\n|-end|p2a: Flutter Mane|Protosynthesis|[silent]\n|switch|p2a: Iron Hands|Iron Hands, L50|82\/100\n|move|p2b: Chien-Pao|Sucker Punch|p1b: Ceruledge\n|-crit|p1b: Ceruledge\n|-damage|p1b: Ceruledge|0 fnt\n|faint|p1b: Ceruledge\n|move|p1a: Sableye|Disable||[still]\n|-fail|p1a: Sableye\n|\n|-sideend|p1: Vendread90|move: Light Screen\n|upkeep\n|turn|12\n|-message|Vendread90 forfeited.\n|\n|win|Alcuna possibilita\n|raw|Vendread90's rating: 1179 → 1157<\/strong> (-22 for losing)\n|raw|Alcuna possibilita's rating: 1221 → 1243<\/strong> (+22 for winning)\n|l|\u2606Vendread90\n","uploadtime":1683114641,"views":10,"p1id":"vendread90","p2id":"alcunapossibilita","formatid":"gen9vgc2023regulationc","rating":1157,"private":0,"password":""}