{"id":"gen9vgc2023regulationc-1861503275","p1":"PlayerRowlet","p2":"cormyrean","format":"[Gen 9] VGC 2023 Regulation C","log":"|j|\u2606PlayerRowlet\n|j|\u2606cormyrean\n|t:|1683765910\n|gametype|doubles\n|player|p1|PlayerRowlet|alder|1138\n|player|p2|cormyrean|skyla|1128\n|teamsize|p1|6\n|teamsize|p2|6\n|gen|9\n|tier|[Gen 9] VGC 2023 Regulation C\n|rated|\n|rule|Species Clause: Limit one of each Pok\u00e9mon\n|rule|Item Clause: Limit one of each item\n|clearpoke\n|poke|p1|Oranguru, L50, M|\n|poke|p1|Iron Hands, L50|\n|poke|p1|Kingambit, L50, F|\n|poke|p1|Torkoal, L50, F|\n|poke|p1|Sylveon, L50, F|\n|poke|p1|Farigiraf, L50, F|\n|poke|p2|Baxcalibur, L50, M|\n|poke|p2|Maushold, L50|\n|poke|p2|Annihilape, L50, F|\n|poke|p2|Ting-Lu, L50|\n|poke|p2|Volcarona, L50, M|\n|poke|p2|Amoonguss, L50, F|\n|teampreview|4\n|\n|t:|1683765961\n|start\n|switch|p1a: Oranguru|Oranguru, L50, M|100\/100\n|switch|p1b: Iron Hands|Iron Hands, L50|100\/100\n|switch|p2a: Ting-Lu|Ting-Lu, L50|100\/100\n|switch|p2b: Volcarona|Volcarona, L50, M|100\/100\n|-ability|p2a: Ting-Lu|Vessel of Ruin\n|turn|1\n|\n|t:|1683765977\n|move|p2b: Volcarona|Quiver Dance|p2b: Volcarona\n|-boost|p2b: Volcarona|spa|1\n|-boost|p2b: Volcarona|spd|1\n|-boost|p2b: Volcarona|spe|1\n|move|p2a: Ting-Lu|Fissure|p1a: Oranguru|[miss]\n|-miss|p2a: Ting-Lu|p1a: Oranguru\n|move|p1b: Iron Hands|Belly Drum|p1b: Iron Hands\n|-damage|p1b: Iron Hands|50\/100\n|-setboost|p1b: Iron Hands|atk|6|[from] move: Belly Drum\n|-enditem|p1b: Iron Hands|Sitrus Berry|[eat]\n|-heal|p1b: Iron Hands|75\/100|[from] item: Sitrus Berry\n|move|p1a: Oranguru|Trick Room|p1a: Oranguru\n|-fieldstart|move: Trick Room|[of] p1a: Oranguru\n|\n|upkeep\n|turn|2\n|\n|t:|1683765999\n|switch|p2a: Annihilape|Annihilape, L50, F|100\/100\n|-terastallize|p1b: Iron Hands|Fighting\n|move|p1b: Iron Hands|Drain Punch|p2a: Annihilape\n|-immune|p2a: Annihilape\n|move|p1a: Oranguru|Instruct|p1b: Iron Hands\n|-singleturn|p1b: Iron Hands|move: Instruct|[of] p1a: Oranguru\n|move|p1b: Iron Hands|Drain Punch|p2a: Annihilape\n|-immune|p2a: Annihilape\n|move|p2b: Volcarona|Heat Wave|p1a: Oranguru|[spread] p1a,p1b\n|-damage|p1a: Oranguru|65\/100\n|-damage|p1b: Iron Hands|32\/100\n|-status|p1b: Iron Hands|brn\n|\n|-damage|p1b: Iron Hands|25\/100 brn|[from] brn\n|upkeep\n|turn|3\n|\n|t:|1683766030\n|switch|p2a: Ting-Lu|Ting-Lu, L50|100\/100\n|-ability|p2a: Ting-Lu|Vessel of Ruin\n|move|p2b: Volcarona|Protect|p2b: Volcarona\n|-singleturn|p2b: Volcarona|Protect\n|move|p1b: Iron Hands|Drain Punch|p2b: Volcarona\n|-activate|p2b: Volcarona|move: Protect\n|move|p1a: Oranguru|Instruct|p1b: Iron Hands\n|-singleturn|p1b: Iron Hands|move: Instruct|[of] p1a: Oranguru\n|move|p1b: Iron Hands|Drain Punch|p2b: Volcarona\n|-activate|p2b: Volcarona|move: Protect\n|\n|-damage|p1b: Iron Hands|19\/100 brn|[from] brn\n|upkeep\n|turn|4\n|inactive|Battle timer is ON: inactive players will automatically lose when time's up. (requested by PlayerRowlet)\n|\n|t:|1683766050\n|switch|p2a: Annihilape|Annihilape, L50, F|100\/100\n|switch|p2b: Amoonguss|Amoonguss, L50, F|100\/100\n|move|p1b: Iron Hands|Drain Punch|p2a: Annihilape\n|-immune|p2a: Annihilape\n|move|p1a: Oranguru|Instruct|p1b: Iron Hands\n|-singleturn|p1b: Iron Hands|move: Instruct|[of] p1a: Oranguru\n|move|p1b: Iron Hands|Drain Punch|p2a: Annihilape\n|-immune|p2a: Annihilape\n|\n|-damage|p1b: Iron Hands|13\/100 brn|[from] brn\n|upkeep\n|turn|5\n|\n|t:|1683766067\n|move|p2a: Annihilape|Protect|p2a: Annihilape\n|-singleturn|p2a: Annihilape|Protect\n|move|p2b: Amoonguss|Spore|p1a: Oranguru\n|-status|p1a: Oranguru|slp|[from] move: Spore\n|move|p1b: Iron Hands|Drain Punch|p2b: Amoonguss\n|-resisted|p2b: Amoonguss\n|-damage|p2b: Amoonguss|50\/100\n|-heal|p1b: Iron Hands|35\/100 brn|[from] drain|[of] p2b: Amoonguss\n|-enditem|p2b: Amoonguss|Sitrus Berry|[eat]\n|-heal|p2b: Amoonguss|75\/100|[from] item: Sitrus Berry\n|cant|p1a: Oranguru|slp\n|\n|-damage|p1b: Iron Hands|29\/100 brn|[from] brn\n|-fieldend|move: Trick Room\n|upkeep\n|turn|6\n|inactive|cormyrean has 30 seconds left.\n|\n|t:|1683766094\n|move|p2a: Annihilape|Drain Punch|p1b: Iron Hands\n|-damage|p1b: Iron Hands|8\/100 brn\n|move|p1b: Iron Hands|Drain Punch|p2b: Amoonguss\n|-resisted|p2b: Amoonguss\n|-damage|p2b: Amoonguss|31\/100\n|-heal|p1b: Iron Hands|27\/100 brn|[from] drain|[of] p2b: Amoonguss\n|move|p2b: Amoonguss|Clear Smog|p1b: Iron Hands\n|-damage|p1b: Iron Hands|12\/100 brn\n|-clearboost|p1b: Iron Hands\n|cant|p1a: Oranguru|slp\n|\n|-damage|p1b: Iron Hands|5\/100 brn|[from] brn\n|upkeep\n|turn|7\n|\n|t:|1683766109\n|switch|p2b: Volcarona|Volcarona, L50, M|100\/100\n|move|p2a: Annihilape|Bulk Up|p2a: Annihilape\n|-boost|p2a: Annihilape|atk|1\n|-boost|p2a: Annihilape|def|1\n|move|p1b: Iron Hands|Drain Punch|p2b: Volcarona\n|-resisted|p2b: Volcarona\n|-damage|p2b: Volcarona|82\/100\n|-heal|p1b: Iron Hands|12\/100 brn|[from] drain|[of] p2b: Volcarona\n|cant|p1a: Oranguru|slp\n|\n|-damage|p1b: Iron Hands|6\/100 brn|[from] brn\n|upkeep\n|turn|8\n|\n|t:|1683766128\n|move|p2b: Volcarona|Giga Drain|p1b: Iron Hands\n|-damage|p1b: Iron Hands|0 fnt\n|-heal|p2b: Volcarona|86\/100|[from] drain|[of] p1b: Iron Hands\n|faint|p1b: Iron Hands\n|-end|p1b: Iron Hands|Quark Drive|[silent]\n|move|p2a: Annihilape|Drain Punch|p1a: Oranguru\n|-damage|p1a: Oranguru|23\/100 slp\n|-enditem|p1a: Oranguru|Aguav Berry|[eat]\n|-heal|p1a: Oranguru|56\/100 slp|[from] item: Aguav Berry\n|-curestatus|p1a: Oranguru|slp|[msg]\n|move|p1a: Oranguru|Trick Room|p1a: Oranguru\n|-fieldstart|move: Trick Room|[of] p1a: Oranguru\n|\n|upkeep\n|\n|t:|1683766146\n|switch|p1b: Kingambit|Kingambit, L50, F|100\/100\n|turn|9\n|\n|t:|1683766157\n|move|p2a: Annihilape|Protect|p2a: Annihilape\n|-singleturn|p2a: Annihilape|Protect\n|move|p2b: Volcarona|Protect|p2b: Volcarona\n|-singleturn|p2b: Volcarona|Protect\n|move|p1b: Kingambit|Kowtow Cleave|p2b: Volcarona\n|-activate|p2b: Volcarona|move: Protect\n|move|p1a: Oranguru|Instruct|p1b: Kingambit\n|-singleturn|p1b: Kingambit|move: Instruct|[of] p1a: Oranguru\n|move|p1b: Kingambit|Kowtow Cleave|p2b: Volcarona\n|-activate|p2b: Volcarona|move: Protect\n|\n|upkeep\n|turn|10\n|\n|t:|1683766182\n|move|p1b: Kingambit|Kowtow Cleave|p2b: Volcarona\n|-damage|p2b: Volcarona|17\/100\n|-status|p1b: Kingambit|brn|[from] ability: Flame Body|[of] p2b: Volcarona\n|-damage|p1b: Kingambit|91\/100 brn|[from] item: Life Orb\n|move|p1a: Oranguru|Instruct|p1b: Kingambit\n|-singleturn|p1b: Kingambit|move: Instruct|[of] p1a: Oranguru\n|move|p1b: Kingambit|Kowtow Cleave|p2b: Volcarona\n|-damage|p2b: Volcarona|0 fnt\n|faint|p2b: Volcarona\n|-damage|p1b: Kingambit|81\/100 brn|[from] item: Life Orb\n|move|p2a: Annihilape|Drain Punch|p1b: Kingambit\n|-supereffective|p1b: Kingambit\n|-damage|p1b: Kingambit|0 fnt\n|faint|p1b: Kingambit\n|\n|upkeep\n|\n|t:|1683766198\n|switch|p1b: Sylveon|Sylveon, L50, F|100\/100\n|switch|p2b: Amoonguss|Amoonguss, L50, F|64\/100\n|turn|11\n|\n|t:|1683766208\n|-terastallize|p2a: Annihilape|Fire\n|move|p2b: Amoonguss|Spore|p1b: Sylveon\n|-status|p1b: Sylveon|slp|[from] move: Spore\n|move|p1a: Oranguru|Instruct||[still]\n|-fail|p1a: Oranguru\n|cant|p1b: Sylveon|slp\n|move|p2a: Annihilape|Bulk Up|p2a: Annihilape\n|-boost|p2a: Annihilape|atk|1\n|-boost|p2a: Annihilape|def|1\n|\n|upkeep\n|turn|12\n|\n|t:|1683766228\n|move|p2b: Amoonguss|Clear Smog|p1b: Sylveon\n|-supereffective|p1b: Sylveon\n|-damage|p1b: Sylveon|80\/100 slp\n|-clearboost|p1b: Sylveon\n|move|p1a: Oranguru|Rock Slide|p2b: Amoonguss|[spread] p2b\n|-miss|p1a: Oranguru|p2a: Annihilape\n|-damage|p2b: Amoonguss|57\/100\n|-curestatus|p1b: Sylveon|slp|[msg]\n|move|p1b: Sylveon|Hyper Voice|p2a: Annihilape|[spread] p2a,p2b\n|-resisted|p2a: Annihilape\n|-resisted|p2b: Amoonguss\n|-damage|p2a: Annihilape|85\/100\n|-damage|p2b: Amoonguss|42\/100\n|move|p2a: Annihilape|Drain Punch|p1a: Oranguru\n|-damage|p1a: Oranguru|2\/100\n|-heal|p2a: Annihilape|100\/100|[from] drain|[of] p1a: Oranguru\n|\n|-fieldend|move: Trick Room\n|upkeep\n|turn|13\n|-message|PlayerRowlet forfeited.\n|\n|win|cormyrean\n|raw|PlayerRowlet's rating: 1138 → 1112<\/strong> (-26 for losing)\n|raw|cormyrean's rating: 1128 → 1154<\/strong> (+26 for winning)\n|l|\u2606PlayerRowlet\n","uploadtime":1683766256,"views":15,"p1id":"playerrowlet","p2id":"cormyrean","formatid":"gen9vgc2023regulationc","rating":1112,"private":0,"password":""}