{"id":"gen9vgc2023regulationc-1849068198","p1":"dadarvin","p2":"redbullcyndaquil","format":"[Gen 9] VGC 2023 Regulation C","log":"|j|\u2606dadarvin\n|j|\u2606redbullcyndaquil\n|t:|1682149025\n|gametype|doubles\n|player|p1|dadarvin|265|1158\n|player|p2|redbullcyndaquil|102|1193\n|teamsize|p1|6\n|teamsize|p2|6\n|gen|9\n|tier|[Gen 9] VGC 2023 Regulation C\n|rated|\n|rule|Species Clause: Limit one of each Pok\u00e9mon\n|rule|Item Clause: Limit one of each item\n|clearpoke\n|poke|p1|Torkoal, L50, F|\n|poke|p1|Armarouge, L50, F|\n|poke|p1|Gothitelle, L50, F|\n|poke|p1|Indeedee, L50, M|\n|poke|p1|Gallade, L50, M|\n|poke|p1|Flutter Mane, L50|\n|poke|p2|Pelipper, L50, F|\n|poke|p2|Barraskewda, L50, M|\n|poke|p2|Tatsugiri, L50, M|\n|poke|p2|Dondozo, L50, F|\n|poke|p2|Palafin, L50, F|\n|poke|p2|Chien-Pao, L50|\n|teampreview|4\n|\n|t:|1682149057\n|start\n|switch|p1a: Torkoal|Torkoal, L50, F|100\/100\n|switch|p1b: Armarouge|Armarouge, L50, F|100\/100\n|switch|p2a: Barraskewda|Barraskewda, L50, M|100\/100\n|switch|p2b: Palafin|Palafin, L50, F|100\/100\n|-weather|SunnyDay|[from] ability: Drought|[of] p1a: Torkoal\n|turn|1\n|\n|t:|1682149070\n|detailschange|p2b: Palafin|Palafin-Hero, L50, F\n|switch|p2b: Pelipper|Pelipper, L50, F|100\/100\n|-weather|RainDance|[from] ability: Drizzle|[of] p2b: Pelipper\n|switch|p1a: Indeedee|Indeedee, L50, M|100\/100\n|-fieldstart|move: Psychic Terrain|[from] ability: Psychic Surge|[of] p1a: Indeedee\n|-terastallize|p2a: Barraskewda|Water\n|-terastallize|p1b: Armarouge|Grass\n|move|p2a: Barraskewda|Liquidation|p1a: Indeedee\n|-damage|p1a: Indeedee|0 fnt\n|faint|p1a: Indeedee\n|move|p1b: Armarouge|Expanding Force|p2a: Barraskewda|[spread] p2a,p2b\n|-damage|p2a: Barraskewda|0 fnt\n|-damage|p2b: Pelipper|25\/100\n|faint|p2a: Barraskewda\n|\n|-weather|RainDance|[upkeep]\n|upkeep\n|\n|t:|1682149095\n|switch|p2a: Chien-Pao|Chien-Pao, L50|100\/100\n|switch|p1a: Torkoal|Torkoal, L50, F|100\/100\n|-ability|p2a: Chien-Pao|Sword of Ruin\n|-weather|SunnyDay|[from] ability: Drought|[of] p1a: Torkoal\n|turn|2\n|inactive|Battle timer is ON: inactive players will automatically lose when time's up. (requested by dadarvin)\n|\n|t:|1682149110\n|move|p1b: Armarouge|Protect|p1b: Armarouge\n|-singleturn|p1b: Armarouge|Protect\n|move|p2b: Pelipper|Wide Guard|p2b: Pelipper\n|-singleturn|p2b: Pelipper|Wide Guard\n|move|p2a: Chien-Pao|Ice Spinner|p1b: Armarouge\n|-activate|p1b: Armarouge|move: Protect\n|move|p1a: Torkoal|Solar Beam||[still]\n|-prepare|p1a: Torkoal|Solar Beam\n|-anim|p1a: Torkoal|Solar Beam|p2b: Pelipper\n|-damage|p2b: Pelipper|0 fnt\n|faint|p2b: Pelipper\n|\n|-weather|SunnyDay|[upkeep]\n|upkeep\n|\n|t:|1682149122\n|switch|p2b: Palafin|Palafin-Hero, L50, F|100\/100\n|-activate|p2b: Palafin|ability: Zero to Hero\n|turn|3\n|\n|t:|1682149128\n|move|p2a: Chien-Pao|Ice Spinner|p1b: Armarouge\n|-supereffective|p1b: Armarouge\n|-damage|p1b: Armarouge|6\/100\n|-fieldend|move: Psychic Terrain\n|-enditem|p1b: Armarouge|Weakness Policy\n|-boost|p1b: Armarouge|atk|2|[from] item: Weakness Policy\n|-boost|p1b: Armarouge|spa|2|[from] item: Weakness Policy\n|move|p2b: Palafin|Wave Crash|p1a: Torkoal\n|-supereffective|p1a: Torkoal\n|-damage|p1a: Torkoal|5\/100\n|-damage|p2b: Palafin|69\/100|[from] Recoil\n|move|p1a: Torkoal|Eruption|p2a: Chien-Pao|[spread] p2a,p2b\n|-supereffective|p2a: Chien-Pao\n|-resisted|p2b: Palafin\n|-damage|p2a: Chien-Pao|91\/100\n|-damage|p2b: Palafin|67\/100\n|move|p1b: Armarouge|Trick Room|p1b: Armarouge\n|-fieldstart|move: Trick Room|[of] p1b: Armarouge\n|\n|-weather|SunnyDay|[upkeep]\n|upkeep\n|turn|4\n|\n|t:|1682149150\n|move|p1b: Armarouge|Protect|p1b: Armarouge\n|-singleturn|p1b: Armarouge|Protect\n|move|p2b: Palafin|Jet Punch|p1a: Torkoal\n|-supereffective|p1a: Torkoal\n|-crit|p1a: Torkoal\n|-damage|p1a: Torkoal|0 fnt\n|faint|p1a: Torkoal\n|move|p2a: Chien-Pao|Sucker Punch||[still]\n|-fail|p2a: Chien-Pao\n|\n|-weather|SunnyDay|[upkeep]\n|upkeep\n|\n|t:|1682149152\n|switch|p1a: Gallade|Gallade, L50, M|100\/100\n|turn|5\n|\n|t:|1682149167\n|move|p2b: Palafin|Protect|p2b: Palafin\n|-singleturn|p2b: Palafin|Protect\n|move|p2a: Chien-Pao|Sucker Punch|p1b: Armarouge\n|-damage|p1b: Armarouge|0 fnt\n|faint|p1b: Armarouge\n|move|p1a: Gallade|Sacred Sword|p2a: Chien-Pao\n|-supereffective|p2a: Chien-Pao\n|-damage|p2a: Chien-Pao|0 fnt\n|faint|p2a: Chien-Pao\n|\n|-weather|SunnyDay|[upkeep]\n|upkeep\n|turn|6\n|\n|t:|1682149183\n|move|p1a: Gallade|Sacred Sword|p2b: Palafin\n|-damage|p2b: Palafin|0 fnt\n|faint|p2b: Palafin\n|\n|win|dadarvin\n|raw|dadarvin's rating: 1158 → 1186<\/strong> (+28 for winning)\n|raw|redbullcyndaquil's rating: 1193 → 1165<\/strong> (-28 for losing)\n|c|\u2606dadarvin|gg\n|l|\u2606redbullcyndaquil\n","uploadtime":1682149225,"views":6,"p1id":"dadarvin","p2id":"redbullcyndaquil","formatid":"gen9vgc2023regulationc","rating":1165,"private":0,"password":""}