{"id":"gen9vgc2023regulationc-1845921623","p1":"AguaSteppin'","p2":"NickNoName","format":"[Gen 9] VGC 2023 Regulation C","log":"|j|\u2606AguaSteppin'\n|j|\u2606NickNoName\n|t:|1681779526\n|gametype|doubles\n|player|p1|AguaSteppin'|red|1341\n|player|p2|NickNoName|101|1404\n|teamsize|p1|6\n|teamsize|p2|6\n|gen|9\n|tier|[Gen 9] VGC 2023 Regulation C\n|rated|\n|rule|Species Clause: Limit one of each Pok\u00e9mon\n|rule|Item Clause: Limit one of each item\n|clearpoke\n|poke|p1|Palafin, L50, M|\n|poke|p1|Amoonguss, L50, M|\n|poke|p1|Arcanine, L50, M|\n|poke|p1|Kingambit, L50, M|\n|poke|p1|Flutter Mane, L50|\n|poke|p1|Dragonite, L50, M|\n|poke|p2|Dondozo, L50, M|\n|poke|p2|Tatsugiri-Stretchy, L50, F|\n|poke|p2|Pelipper, L50, F|\n|poke|p2|Drednaw, L50, F|\n|poke|p2|Flutter Mane, L50|\n|poke|p2|Gholdengo, L50|\n|teampreview|4\n|inactive|Battle timer is ON: inactive players will automatically lose when time's up. (requested by AguaSteppin')\n|\n|t:|1681779549\n|start\n|switch|p1a: MoistCrit|Palafin, L50, M, shiny|100\/100\n|switch|p1b: Hasanabi|Kingambit, L50, M, shiny|100\/100\n|switch|p2a: Dondozo|Dondozo, L50, M, shiny|100\/100\n|switch|p2b: Pelipper|Pelipper, L50, F|100\/100\n|-weather|RainDance|[from] ability: Drizzle|[of] p2b: Pelipper\n|turn|1\n|\n|t:|1681779565\n|switch|p2b: Tatsugiri|Tatsugiri-Stretchy, L50, F|100\/100\n|-activate|p2b: Tatsugiri|ability: Commander|[of] p2a: Dondozo\n|-boost|p2a: Dondozo|atk|2\n|-boost|p2a: Dondozo|spa|2\n|-boost|p2a: Dondozo|spe|2\n|-boost|p2a: Dondozo|def|2\n|-boost|p2a: Dondozo|spd|2\n|-terastallize|p2a: Dondozo|Water\n|move|p1a: MoistCrit|Protect|p1a: MoistCrit\n|-singleturn|p1a: MoistCrit|Protect\n|move|p1b: Hasanabi|Protect|p1b: Hasanabi\n|-singleturn|p1b: Hasanabi|Protect\n|move|p2a: Dondozo|Surf|p1b: Hasanabi|[spread] \n|-miss|p2a: Dondozo|p2b: Tatsugiri\n|-activate|p1a: MoistCrit|move: Protect\n|-activate|p1b: Hasanabi|move: Protect\n|\n|-weather|RainDance|[upkeep]\n|upkeep\n|turn|2\n|\n|t:|1681779583\n|switch|p1b: OliverTree|Amoonguss, L50, M|100\/100\n|-terastallize|p1a: MoistCrit|Grass\n|move|p2a: Dondozo|Wave Crash|p1a: MoistCrit\n|-resisted|p1a: MoistCrit\n|-damage|p1a: MoistCrit|0 fnt\n|faint|p1a: MoistCrit\n|-damage|p2a: Dondozo|71\/100|[from] Recoil\n|-damage|p2a: Dondozo|62\/100|[from] item: Life Orb\n|\n|-weather|RainDance|[upkeep]\n|upkeep\n|\n|t:|1681779594\n|switch|p1a: PokiMane|Flutter Mane, L50|100\/100\n|-enditem|p1a: PokiMane|Booster Energy\n|-activate|p1a: PokiMane|ability: Protosynthesis|[fromitem]\n|-start|p1a: PokiMane|protosynthesisspa\n|turn|3\n|\n|t:|1681779608\n|move|p1a: PokiMane|Protect|p1a: PokiMane\n|-singleturn|p1a: PokiMane|Protect\n|move|p2a: Dondozo|Surf|p1a: PokiMane|[spread] p1b\n|-miss|p2a: Dondozo|p2b: Tatsugiri\n|-activate|p1a: PokiMane|move: Protect\n|-resisted|p1b: OliverTree\n|-damage|p1b: OliverTree|53\/100\n|-damage|p2a: Dondozo|52\/100|[from] item: Life Orb\n|move|p1b: OliverTree|Spore|p2a: Dondozo\n|-status|p2a: Dondozo|slp|[from] move: Spore\n|\n|-weather|RainDance|[upkeep]\n|upkeep\n|turn|4\n|\n|t:|1681779626\n|cant|p2a: Dondozo|slp\n|move|p2a: Dondozo|Sleep Talk|p2a: Dondozo\n|move|p2a: Dondozo|Protect|p2a: Dondozo|[from]move: Sleep Talk\n|-singleturn|p2a: Dondozo|Protect\n|move|p1a: PokiMane|Thunderbolt|p2a: Dondozo\n|-activate|p2a: Dondozo|move: Protect\n|move|p1b: OliverTree|Spore|p2a: Dondozo\n|-activate|p2a: Dondozo|move: Protect\n|\n|-weather|RainDance|[upkeep]\n|upkeep\n|turn|5\n|\n|t:|1681779648\n|move|p1a: PokiMane|Protect|p1a: PokiMane\n|-singleturn|p1a: PokiMane|Protect\n|cant|p2a: Dondozo|slp\n|move|p2a: Dondozo|Sleep Talk|p2a: Dondozo\n|move|p2a: Dondozo|Protect||[from]move: Sleep Talk|[still]\n|-fail|p2a: Dondozo\n|move|p1b: OliverTree|Pollen Puff|p2a: Dondozo\n|-damage|p2a: Dondozo|41\/100 slp\n|\n|-weather|RainDance|[upkeep]\n|upkeep\n|turn|6\n|\n|t:|1681779664\n|cant|p2a: Dondozo|slp\n|move|p1a: PokiMane|Thunderbolt|p2a: Dondozo\n|-supereffective|p2a: Dondozo\n|-damage|p2a: Dondozo|0 fnt\n|faint|p2a: Dondozo\n|move|p1b: OliverTree|Spore|p2b: Tatsugiri\n|-status|p2b: Tatsugiri|slp|[from] move: Spore\n|\n|-weather|RainDance|[upkeep]\n|upkeep\n|\n|t:|1681779668\n|switch|p2a: Drednaw|Drednaw, L50, F|100\/100\n|turn|7\n|\n|t:|1681779681\n|move|p1a: PokiMane|Protect|p1a: PokiMane\n|-singleturn|p1a: PokiMane|Protect\n|move|p2a: Drednaw|Rock Slide|p1b: OliverTree|[spread] p1b\n|-activate|p1a: PokiMane|move: Protect\n|-damage|p1b: OliverTree|19\/100\n|-enditem|p1b: OliverTree|Sitrus Berry|[eat]\n|-heal|p1b: OliverTree|44\/100|[from] item: Sitrus Berry\n|cant|p2b: Tatsugiri|slp\n|cant|p1b: OliverTree|flinch\n|\n|-weather|RainDance|[upkeep]\n|upkeep\n|turn|8\n|\n|t:|1681779702\n|switch|p1b: Hasanabi|Kingambit, L50, M, shiny|100\/100\n|move|p2a: Drednaw|Rock Slide|p1b: Hasanabi|[spread] p1a,p1b\n|-resisted|p1b: Hasanabi\n|-damage|p1a: PokiMane|25\/100\n|-damage|p1b: Hasanabi|85\/100\n|cant|p2b: Tatsugiri|slp\n|move|p2b: Tatsugiri|Sleep Talk|p2b: Tatsugiri\n|move|p2b: Tatsugiri|Icy Wind|p1b: Hasanabi|[from]move: Sleep Talk|[spread] p1a,p1b\n|-resisted|p1b: Hasanabi\n|-damage|p1a: PokiMane|13\/100\n|-damage|p1b: Hasanabi|79\/100\n|-unboost|p1a: PokiMane|spe|1\n|-unboost|p1b: Hasanabi|spe|1\n|-ability|p1b: Hasanabi|Defiant|boost\n|-boost|p1b: Hasanabi|atk|2\n|move|p1a: PokiMane|Moonblast|p2b: Tatsugiri\n|-supereffective|p2b: Tatsugiri\n|-damage|p2b: Tatsugiri|0 fnt\n|faint|p2b: Tatsugiri\n|\n|-weather|none\n|upkeep\n|\n|t:|1681779714\n|switch|p2b: Pelipper|Pelipper, L50, F|100\/100\n|-weather|RainDance|[from] ability: Drizzle|[of] p2b: Pelipper\n|turn|9\n|\n|t:|1681779732\n|move|p1b: Hasanabi|Sucker Punch|p2a: Drednaw\n|-damage|p2a: Drednaw|0 fnt\n|faint|p2a: Drednaw\n|move|p1a: PokiMane|Thunderbolt|p2b: Pelipper\n|-supereffective|p2b: Pelipper\n|-damage|p2b: Pelipper|0 fnt\n|faint|p2b: Pelipper\n|\n|win|AguaSteppin'\n|raw|AguaSteppin''s rating: 1341 → 1365<\/strong> (+24 for winning)\n|raw|NickNoName's rating: 1404 → 1380<\/strong> (-24 for losing)\n|l|\u2606NickNoName\n","uploadtime":1681779883,"views":15,"p1id":"aguasteppin","p2id":"nicknoname","formatid":"gen9vgc2023regulationc","rating":1365,"private":0,"password":""}