{"id":"gen9vgc2023regulationc-1848025870","p1":"heitordopolo","p2":"pls be kind to me","format":"[Gen 9] VGC 2023 Regulation C","log":"|j|\u2606heitordopolo\n|j|\u2606pls be kind to me\n|t:|1682021868\n|gametype|doubles\n|player|p1|heitordopolo|roxie|1099\n|player|p2|pls be kind to me|flannery|1140\n|teamsize|p1|6\n|teamsize|p2|6\n|gen|9\n|tier|[Gen 9] VGC 2023 Regulation C\n|rated|\n|rule|Species Clause: Limit one of each Pok\u00e9mon\n|rule|Item Clause: Limit one of each item\n|clearpoke\n|poke|p1|Garchomp, L50, M|\n|poke|p1|Flutter Mane, L50|\n|poke|p1|Chien-Pao, L50|\n|poke|p1|Volcarona, L50, M|\n|poke|p1|Palafin, L50, M|\n|poke|p1|Amoonguss, L50, M|\n|poke|p2|Gyarados, L50, M|\n|poke|p2|Maushold-Four, L50|\n|poke|p2|Chien-Pao, L50|\n|poke|p2|Flutter Mane, L50|\n|poke|p2|Corviknight, L50, F|\n|poke|p2|Scream Tail, L50|\n|teampreview|4\npls be kind to me has agreed to open team sheets.\n|\n|t:|1682021900\n|start\n|switch|p1a: tubar\u00e3o|Garchomp, L50, M|100\/100\n|switch|p1b: isabela|Flutter Mane, L50, shiny|100\/100\n|switch|p2a: Gyarados|Gyarados, L50, M|100\/100\n|switch|p2b: Scream Tail|Scream Tail, L50|100\/100\n|-ability|p2a: Gyarados|Intimidate|boost\n|-unboost|p1a: tubar\u00e3o|atk|1\n|-unboost|p1b: isabela|atk|1\n|-enditem|p1b: isabela|Booster Energy\n|-activate|p1b: isabela|ability: Protosynthesis|[fromitem]\n|-start|p1b: isabela|protosynthesisspe\n|-enditem|p2b: Scream Tail|Booster Energy\n|-activate|p2b: Scream Tail|ability: Protosynthesis|[fromitem]\n|-start|p2b: Scream Tail|protosynthesisspe\n|turn|1\n|c|\u2606heitordopolo|Your username is familiar\n|\n|t:|1682021948\n|move|p2a: Gyarados|Protect|p2a: Gyarados\n|-singleturn|p2a: Gyarados|Protect\n|move|p1b: isabela|Shadow Ball|p2b: Scream Tail\n|-supereffective|p2b: Scream Tail\n|-damage|p2b: Scream Tail|35\/100\n|-unboost|p2b: Scream Tail|spd|1\n|move|p2b: Scream Tail|Disable|p1b: isabela\n|-start|p1b: isabela|Disable|Shadow Ball\n|move|p1a: tubar\u00e3o|Rock Slide|p2a: Gyarados|[spread] p2b\n|-activate|p2a: Gyarados|move: Protect\n|-damage|p2b: Scream Tail|25\/100\n|\n|upkeep\n|turn|2\n|\n|t:|1682021988\n|-end|p2b: Scream Tail|Protosynthesis|[silent]\n|switch|p2b: Maushold|Maushold-Four, L50|100\/100\n|move|p1b: isabela|Moonblast|p2b: Maushold\n|-damage|p2b: Maushold|23\/100\n|-unboost|p2b: Maushold|spa|1\n|move|p1a: tubar\u00e3o|Rock Slide|p2b: Maushold|[spread] p2a,p2b\n|-supereffective|p2a: Gyarados\n|-damage|p2a: Gyarados|77\/100\n|-damage|p2b: Maushold|3\/100\n|cant|p2a: Gyarados|flinch\n|\n|upkeep\n|turn|3\n|\n|t:|1682022009\n|-end|p1b: isabela|Protosynthesis|[silent]\n|switch|p1b: on\u00e7a pintada|Chien-Pao, L50|100\/100\n|-ability|p1b: on\u00e7a pintada|Sword of Ruin\n|move|p2b: Maushold|Protect|p2b: Maushold\n|-singleturn|p2b: Maushold|Protect\n|move|p1a: tubar\u00e3o|Protect|p1a: tubar\u00e3o\n|-singleturn|p1a: tubar\u00e3o|Protect\n|move|p2a: Gyarados|Dragon Dance|p2a: Gyarados\n|-boost|p2a: Gyarados|atk|1\n|-boost|p2a: Gyarados|spe|1\n|\n|upkeep\n|turn|4\n|\n|t:|1682022064\n|move|p2b: Maushold|Follow Me|p2b: Maushold\n|-singleturn|p2b: Maushold|move: Follow Me\n|move|p1b: on\u00e7a pintada|Ice Shard|p2b: Maushold\n|-damage|p2b: Maushold|0 fnt\n|faint|p2b: Maushold\n|move|p2a: Gyarados|Waterfall|p1b: on\u00e7a pintada\n|-damage|p1b: on\u00e7a pintada|23\/100\n|move|p1a: tubar\u00e3o|Rock Slide|p2a: Gyarados\n|-supereffective|p2a: Gyarados\n|-damage|p2a: Gyarados|22\/100\n|\n|upkeep\n|\n|t:|1682022076\n|switch|p2b: Corviknight|Corviknight, L50, F, shiny|100\/100\n|turn|5\n|\n|t:|1682022089\n|move|p2a: Gyarados|Protect|p2a: Gyarados\n|-singleturn|p2a: Gyarados|Protect\n|move|p1b: on\u00e7a pintada|Ice Shard|p2a: Gyarados\n|-activate|p2a: Gyarados|move: Protect\n|move|p1a: tubar\u00e3o|Rock Slide|p2b: Corviknight|[spread] p2b\n|-activate|p2a: Gyarados|move: Protect\n|-damage|p2b: Corviknight|86\/100\n|move|p2b: Corviknight|Iron Head|p1b: on\u00e7a pintada\n|-supereffective|p1b: on\u00e7a pintada\n|-damage|p1b: on\u00e7a pintada|0 fnt\n|faint|p1b: on\u00e7a pintada\n|\n|upkeep\n|\n|t:|1682022095\n|switch|p1b: isabela|Flutter Mane, L50, shiny|100\/100\n|turn|6\n|\n|t:|1682022140\n|switch|p1a: bruxo|Volcarona, L50, M, shiny|100\/100\n|-terastallize|p2a: Gyarados|Flying\n|move|p2a: Gyarados|Tera Blast|p1b: isabela\n|-damage|p1b: isabela|0 fnt\n|faint|p1b: isabela\n|-end|p1b: isabela|Protosynthesis|[silent]\n|move|p2b: Corviknight|Tailwind|p2b: Corviknight\n|-sidestart|p2: pls be kind to me|move: Tailwind\n|\n|upkeep\n|\n|t:|1682022151\n|switch|p1b: tubar\u00e3o|Garchomp, L50, M|100\/100\n|turn|7\n|\n|t:|1682022161\n|move|p2a: Gyarados|Tera Blast|p1a: bruxo\n|-supereffective|p1a: bruxo\n|-damage|p1a: bruxo|0 fnt\n|faint|p1a: bruxo\n|move|p2b: Corviknight|Brave Bird|p1b: tubar\u00e3o\n|-damage|p1b: tubar\u00e3o|68\/100\n|-damage|p2b: Corviknight|74\/100|[from] ability: Rough Skin|[of] p1b: tubar\u00e3o\n|-damage|p2b: Corviknight|57\/100|[from] item: Rocky Helmet|[of] p1b: tubar\u00e3o\n|-damage|p2b: Corviknight|47\/100|[from] Recoil\n|move|p1b: tubar\u00e3o|Rock Slide|p2a: Gyarados|[spread] p2a,p2b\n|-supereffective|p2a: Gyarados\n|-damage|p2a: Gyarados|0 fnt\n|-damage|p2b: Corviknight|32\/100\n|faint|p2a: Gyarados\n|\n|upkeep\n|\n|t:|1682022172\n|switch|p2a: Scream Tail|Scream Tail, L50|25\/100\n|turn|8\n|\n|t:|1682022186\n|-terastallize|p1b: tubar\u00e3o|Steel\n|move|p2a: Scream Tail|Disable|p1b: tubar\u00e3o\n|-start|p1b: tubar\u00e3o|Disable|Rock Slide\n|move|p2b: Corviknight|Roost|p2b: Corviknight\n|-heal|p2b: Corviknight|82\/100\n|-singleturn|p2b: Corviknight|move: Roost\n|cant|p1b: tubar\u00e3o|Disable|Rock Slide\n|\n|upkeep\n|turn|9\n|\n|t:|1682022207\n|move|p2a: Scream Tail|Encore|p1b: tubar\u00e3o\n|-start|p1b: tubar\u00e3o|Encore\n|move|p2b: Corviknight|Iron Head|p1b: tubar\u00e3o\n|-resisted|p1b: tubar\u00e3o\n|-damage|p1b: tubar\u00e3o|57\/100\n|-damage|p2b: Corviknight|70\/100|[from] ability: Rough Skin|[of] p1b: tubar\u00e3o\n|-damage|p2b: Corviknight|53\/100|[from] item: Rocky Helmet|[of] p1b: tubar\u00e3o\n|cant|p1b: tubar\u00e3o|flinch\n|\n|-sideend|p2: pls be kind to me|move: Tailwind\n|upkeep\n|turn|10\n|c|\u2606heitordopolo|You fool\n|\n|t:|1682022220\n|move|p2a: Scream Tail|Howl|p2a: Scream Tail|[spread] p2a,p2b\n|-boost|p2a: Scream Tail|atk|1\n|-boost|p2b: Corviknight|atk|1\n|-activate|p1b: tubar\u00e3o|move: Struggle\n|move|p1b: tubar\u00e3o|Struggle|p2b: Corviknight\n|-damage|p2b: Corviknight|39\/100\n|-damage|p1b: tubar\u00e3o|32\/100|[from] recoil\n|move|p2b: Corviknight|Tailwind|p2b: Corviknight\n|-sidestart|p2: pls be kind to me|move: Tailwind\n|\n|upkeep\n|turn|11\n|\n|t:|1682022232\n|move|p2a: Scream Tail|Howl|p2a: Scream Tail|[spread] p2a,p2b\n|-boost|p2a: Scream Tail|atk|1\n|-boost|p2b: Corviknight|atk|1\n|move|p2b: Corviknight|Roost|p2b: Corviknight\n|-heal|p2b: Corviknight|89\/100\n|-singleturn|p2b: Corviknight|move: Roost\n|-activate|p1b: tubar\u00e3o|move: Struggle\n|move|p1b: tubar\u00e3o|Struggle|p2b: Corviknight\n|-damage|p2b: Corviknight|75\/100\n|-damage|p1b: tubar\u00e3o|7\/100|[from] recoil\n|\n|-end|p1b: tubar\u00e3o|Encore\n|-end|p1b: tubar\u00e3o|Disable\n|upkeep\n|turn|12\n|\n|t:|1682022242\n|move|p2a: Scream Tail|Play Rough|p1b: tubar\u00e3o\n|-resisted|p1b: tubar\u00e3o\n|-damage|p1b: tubar\u00e3o|0 fnt\n|-damage|p2a: Scream Tail|13\/100|[from] ability: Rough Skin|[of] p1b: tubar\u00e3o\n|-damage|p2a: Scream Tail|0 fnt|[from] item: Rocky Helmet|[of] p1b: tubar\u00e3o\n|faint|p1b: tubar\u00e3o\n|faint|p2a: Scream Tail\n|-end|p2a: Scream Tail|Protosynthesis|[silent]\n|\n|win|pls be kind to me\n|raw|heitordopolo's rating: 1099 → 1077<\/strong> (-22 for losing)\n|raw|pls be kind to me's rating: 1140 → 1162<\/strong> (+22 for winning)\n|l|\u2606heitordopolo\n","uploadtime":1682022251,"views":11,"p1id":"heitordopolo","p2id":"plsbekindtome","formatid":"gen9vgc2023regulationc","rating":1077,"private":0,"password":""}