{"id":"gen9vgc2023regulationc-1856026361","p1":"Inrentyrion","p2":"Kim Wexler Gaming","format":"[Gen 9] VGC 2023 Regulation C","log":"|j|\u2606Inrentyrion\n|j|\u2606Kim Wexler Gaming\n|t:|1683019408\n|gametype|doubles\n|player|p1|Inrentyrion|cynthia|1223\n|player|p2|Kim Wexler Gaming|penny|1167\n|teamsize|p1|6\n|teamsize|p2|6\n|gen|9\n|tier|[Gen 9] VGC 2023 Regulation C\n|rated|\n|rule|Species Clause: Limit one of each Pok\u00e9mon\n|rule|Item Clause: Limit one of each item\n|clearpoke\n|poke|p1|Chi-Yu, L50|\n|poke|p1|Flutter Mane, L50|\n|poke|p1|Scizor, L50, F|\n|poke|p1|Gyarados, L50, F|\n|poke|p1|Dragapult, L50, F|\n|poke|p1|Iron Bundle, L50|\n|poke|p2|Bronzong, L50|\n|poke|p2|Gholdengo, L50|\n|poke|p2|Kingambit, L50, F|\n|poke|p2|Ting-Lu, L50|\n|poke|p2|Hatterene, L50, F|\n|poke|p2|Gyarados, L50, F|\n|teampreview|4\n|inactive|Battle timer is ON: inactive players will automatically lose when time's up. (requested by Kim Wexler Gaming)\n|c|\u2606Kim Wexler Gaming|Good luck, have fun.\n|inactive|Inrentyrion has 60 seconds left.\n|\n|t:|1683019451\n|start\n|switch|p1a: Scizor|Scizor, L50, F|100\/100\n|switch|p1b: Dragapult|Dragapult, L50, F|100\/100\n|switch|p2a: Hell Bell|Bronzong, L50, shiny|100\/100\n|switch|p2b: Bottom Bitch|Gholdengo, L50|100\/100\n|turn|1\n|c|\u2606Inrentyrion|^^\n|inactive|Inrentyrion has 30 seconds left.\n|\n|t:|1683019485\n|move|p2b: Bottom Bitch|Protect|p2b: Bottom Bitch\n|-singleturn|p2b: Bottom Bitch|Protect\n|move|p1b: Dragapult|Phantom Force||[still]\n|-prepare|p1b: Dragapult|Phantom Force\n|move|p1a: Scizor|U-turn|p2a: Hell Bell\n|-damage|p2a: Hell Bell|62\/100\n|\n|t:|1683019496\n|switch|p1a: Chi-Yu|Chi-Yu, L50|100\/100|[from] U-turn\n|-ability|p1a: Chi-Yu|Beads of Ruin\n|move|p2a: Hell Bell|Trick Room|p2a: Hell Bell\n|-fieldstart|move: Trick Room|[of] p2a: Hell Bell\n|\n|-heal|p2a: Hell Bell|68\/100|[from] item: Leftovers\n|upkeep\n|turn|2\n|\n|t:|1683019509\n|move|p1a: Chi-Yu|Protect|p1a: Chi-Yu\n|-singleturn|p1a: Chi-Yu|Protect\n|move|p2a: Hell Bell|Bulldoze|p1b: Dragapult|[spread] p2b\n|-miss|p2a: Hell Bell|p1b: Dragapult\n|-activate|p1a: Chi-Yu|move: Protect\n|-supereffective|p2b: Bottom Bitch\n|-damage|p2b: Bottom Bitch|85\/100\n|-unboost|p2b: Bottom Bitch|spe|1\n|-enditem|p2b: Bottom Bitch|Weakness Policy\n|-boost|p2b: Bottom Bitch|atk|2|[from] item: Weakness Policy\n|-boost|p2b: Bottom Bitch|spa|2|[from] item: Weakness Policy\n|move|p2b: Bottom Bitch|Focus Blast|p1a: Chi-Yu\n|-activate|p1a: Chi-Yu|move: Protect\n|move|p1b: Dragapult|Phantom Force|p2b: Bottom Bitch|[from]lockedmove\n|-supereffective|p2b: Bottom Bitch\n|-damage|p2b: Bottom Bitch|0 fnt\n|faint|p2b: Bottom Bitch\n|\n|-heal|p2a: Hell Bell|73\/100|[from] item: Leftovers\n|upkeep\n|\n|t:|1683019513\n|switch|p2b: Tremor|Ting-Lu, L50|100\/100\n|-ability|p2b: Tremor|Vessel of Ruin\n|turn|3\n|inactive|Inrentyrion has 30 seconds left.\n|\n|t:|1683019542\n|switch|p1a: Scizor|Scizor, L50, F|100\/100\n|move|p2a: Hell Bell|Psyshock|p1b: Dragapult\n|-damage|p1b: Dragapult|70\/100\n|move|p2b: Tremor|Earthquake|p1a: Scizor|[spread] p2a,p1a,p1b\n|-supereffective|p2a: Hell Bell\n|-damage|p2a: Hell Bell|0 fnt\n|-damage|p1a: Scizor|42\/100\n|-damage|p1b: Dragapult|0 fnt\n|faint|p2a: Hell Bell\n|faint|p1b: Dragapult\n|\n|upkeep\n|\n|t:|1683019556\n|switch|p2a: Sara & Skittles|Kingambit, L50, F, shiny|100\/100\n|switch|p1b: Chi-Yu|Chi-Yu, L50|100\/100\n|-ability|p1b: Chi-Yu|Beads of Ruin\n|turn|4\n|\n|t:|1683019571\n|-terastallize|p2a: Sara & Skittles|Water\n|move|p1b: Chi-Yu|Protect|p1b: Chi-Yu\n|-singleturn|p1b: Chi-Yu|Protect\n|move|p2a: Sara & Skittles|Tera Blast|p1a: Scizor\n|-damage|p1a: Scizor|0 fnt\n|faint|p1a: Scizor\n|move|p2b: Tremor|Earthquake|p1b: Chi-Yu|[spread] p2a\n|-activate|p1b: Chi-Yu|move: Protect\n|-damage|p2a: Sara & Skittles|57\/100\n|\n|upkeep\n|\n|t:|1683019582\n|switch|p1a: Flutter Mane|Flutter Mane, L50|100\/100\n|-enditem|p1a: Flutter Mane|Booster Energy\n|-activate|p1a: Flutter Mane|ability: Protosynthesis|[fromitem]\n|-start|p1a: Flutter Mane|protosynthesisspa\n|turn|5\n|inactive|Inrentyrion has 30 seconds left.\n|\n|t:|1683019616\n|move|p1a: Flutter Mane|Protect|p1a: Flutter Mane\n|-singleturn|p1a: Flutter Mane|Protect\n|move|p2a: Sara & Skittles|Kowtow Cleave|p1b: Chi-Yu\n|-resisted|p1b: Chi-Yu\n|-damage|p1b: Chi-Yu|61\/100\n|move|p2b: Tremor|Earthquake|p1a: Flutter Mane|[spread] p2a,p1b\n|-activate|p1a: Flutter Mane|move: Protect\n|-supereffective|p1b: Chi-Yu\n|-damage|p2a: Sara & Skittles|11\/100\n|-damage|p1b: Chi-Yu|0 fnt\n|faint|p1b: Chi-Yu\n|\n|-fieldend|move: Trick Room\n|upkeep\n|turn|6\n|inactive|Inrentyrion has 30 seconds left.\n|\n|t:|1683019644\n|-terastallize|p1a: Flutter Mane|Water\n|move|p1a: Flutter Mane|Dazzling Gleam|p2b: Tremor|[spread] p2a,p2b\n|-supereffective|p2b: Tremor\n|-damage|p2a: Sara & Skittles|0 fnt\n|-damage|p2b: Tremor|47\/100\n|faint|p2a: Sara & Skittles\n|move|p2b: Tremor|Earthquake|p1a: Flutter Mane\n|-damage|p1a: Flutter Mane|0 fnt\n|faint|p1a: Flutter Mane\n|-end|p1a: Flutter Mane|Protosynthesis|[silent]\n|\n|win|Kim Wexler Gaming\n|raw|Inrentyrion's rating: 1223 → 1194<\/strong> (-29 for losing)\n|raw|Kim Wexler Gaming's rating: 1167 → 1196<\/strong> (+29 for winning)\n|c|\u2606Kim Wexler Gaming|G.g.w.p.\n|l|\u2606Inrentyrion\n","uploadtime":1683019657,"views":17,"p1id":"inrentyrion","p2id":"kimwexlergaming","formatid":"gen9vgc2023regulationc","rating":1194,"private":0,"password":""}