{"id":"gen9vgc2023regulationc-1858519477","p1":"TheNamesNap","p2":"Giga_Silver_Fox","format":"[Gen 9] VGC 2023 Regulation C","log":"|j|\u2606TheNamesNap\n|j|\u2606Giga_Silver_Fox\n|t:|1683320683\n|gametype|doubles\n|player|p1|TheNamesNap|1|1152\n|player|p2|Giga_Silver_Fox|riley|1163\n|teamsize|p1|6\n|teamsize|p2|6\n|gen|9\n|tier|[Gen 9] VGC 2023 Regulation C\n|rated|\n|rule|Species Clause: Limit one of each Pok\u00e9mon\n|rule|Item Clause: Limit one of each item\n|clearpoke\n|poke|p1|Tyranitar, L50, F|\n|poke|p1|Lycanroc, L50, F|\n|poke|p1|Gyarados, L50, F|\n|poke|p1|Amoonguss, L50, F|\n|poke|p1|Flutter Mane, L50|\n|poke|p1|Ting-Lu, L50|\n|poke|p2|Chien-Pao, L50|\n|poke|p2|Garchomp, L50, F|\n|poke|p2|Tyranitar, L50, M|\n|poke|p2|Iron Bundle, L50|\n|poke|p2|Flutter Mane, L50|\n|poke|p2|Talonflame, L50, F|\n|teampreview|4\nTheNamesNap has agreed to open team sheets.\n|\n|t:|1683320717\n|start\n|switch|p1a: Gyarados|Gyarados, L50, F|100\/100\n|switch|p1b: Flutter Mane|Flutter Mane, L50|100\/100\n|switch|p2a: Garchomp|Garchomp, L50, F|100\/100\n|switch|p2b: Iron Bundle|Iron Bundle, L50|100\/100\n|-ability|p1a: Gyarados|Intimidate|boost\n|-unboost|p2a: Garchomp|atk|1\n|-unboost|p2b: Iron Bundle|atk|1\n|-enditem|p1b: Flutter Mane|Booster Energy\n|-activate|p1b: Flutter Mane|ability: Protosynthesis|[fromitem]\n|-start|p1b: Flutter Mane|protosynthesisspe\n|turn|1\n|\n|t:|1683320743\n|-terastallize|p2a: Garchomp|Steel\n|move|p1b: Flutter Mane|Protect|p1b: Flutter Mane\n|-singleturn|p1b: Flutter Mane|Protect\n|move|p2b: Iron Bundle|Freeze-Dry|p1a: Gyarados\n|-supereffective|p1a: Gyarados\n|-damage|p1a: Gyarados|9\/100\n|-enditem|p1a: Gyarados|Sitrus Berry|[eat]\n|-heal|p1a: Gyarados|34\/100|[from] item: Sitrus Berry\n|move|p2a: Garchomp|Swords Dance|p2a: Garchomp\n|-boost|p2a: Garchomp|atk|2\n|move|p1a: Gyarados|Thunder Wave|p2b: Iron Bundle\n|-status|p2b: Iron Bundle|par\n|\n|upkeep\n|turn|2\n|\n|t:|1683320768\n|move|p1b: Flutter Mane|Shadow Ball|p2a: Garchomp\n|-damage|p2a: Garchomp|53\/100\n|move|p2a: Garchomp|Iron Head|p1b: Flutter Mane\n|-supereffective|p1b: Flutter Mane\n|-damage|p1b: Flutter Mane|0 fnt\n|faint|p1b: Flutter Mane\n|-end|p1b: Flutter Mane|Protosynthesis|[silent]\n|move|p1a: Gyarados|Waterfall|p2a: Garchomp\n|-damage|p2a: Garchomp|18\/100\n|move|p2b: Iron Bundle|Freeze-Dry|p1a: Gyarados\n|-supereffective|p1a: Gyarados\n|-damage|p1a: Gyarados|0 fnt\n|faint|p1a: Gyarados\n|\n|upkeep\n|\n|t:|1683320773\n|switch|p1b: Lycanroc|Lycanroc, L50, F|100\/100\n|switch|p1a: Tyranitar|Tyranitar, L50, F|100\/100\n|-weather|Sandstorm|[from] ability: Sand Stream|[of] p1a: Tyranitar\n|turn|3\n|\n|t:|1683320789\n|move|p1b: Lycanroc|Bulldoze|p2a: Garchomp|[spread] p1a,p2a,p2b\n|-supereffective|p1a: Tyranitar\n|-supereffective|p2a: Garchomp\n|-damage|p1a: Tyranitar|79\/100\n|-damage|p2a: Garchomp|0 fnt\n|-damage|p2b: Iron Bundle|82\/100 par\n|-unboost|p1a: Tyranitar|spe|1\n|-unboost|p2b: Iron Bundle|spe|1\n|-enditem|p1a: Tyranitar|Weakness Policy\n|-boost|p1a: Tyranitar|atk|2|[from] item: Weakness Policy\n|-boost|p1a: Tyranitar|spa|2|[from] item: Weakness Policy\n|faint|p2a: Garchomp\n|move|p2b: Iron Bundle|Hydro Pump|p1a: Tyranitar|[miss]\n|-miss|p2b: Iron Bundle|p1a: Tyranitar\n|-enditem|p2b: Iron Bundle|Blunder Policy\n|-boost|p2b: Iron Bundle|spe|2\n|move|p1a: Tyranitar|Rock Slide|p2b: Iron Bundle\n|-supereffective|p2b: Iron Bundle\n|-damage|p2b: Iron Bundle|0 fnt\n|faint|p2b: Iron Bundle\n|-end|p2b: Iron Bundle|Quark Drive|[silent]\n|\n|-weather|Sandstorm|[upkeep]\n|upkeep\n|\n|t:|1683320798\n|switch|p2b: Talonflame|Talonflame, L50, F|100\/100\n|switch|p2a: Flutter Mane|Flutter Mane, L50|100\/100\n|-enditem|p2a: Flutter Mane|Booster Energy\n|-activate|p2a: Flutter Mane|ability: Protosynthesis|[fromitem]\n|-start|p2a: Flutter Mane|protosynthesisspe\n|turn|4\n|\n|t:|1683320818\n|-terastallize|p1a: Tyranitar|Flying\n|move|p2a: Flutter Mane|Protect|p2a: Flutter Mane\n|-singleturn|p2a: Flutter Mane|Protect\n|move|p2b: Talonflame|Brave Bird|p1b: Lycanroc\n|-resisted|p1b: Lycanroc\n|-damage|p1b: Lycanroc|64\/100\n|-damage|p2b: Talonflame|89\/100|[from] Recoil\n|move|p1b: Lycanroc|Rock Slide|p2a: Flutter Mane|[spread] p2b\n|-activate|p2a: Flutter Mane|move: Protect\n|-supereffective|p2b: Talonflame\n|-damage|p2b: Talonflame|0 fnt\n|faint|p2b: Talonflame\n|move|p1a: Tyranitar|Rock Slide|p2a: Flutter Mane\n|-activate|p2a: Flutter Mane|move: Protect\n|\n|-weather|Sandstorm|[upkeep]\n|-damage|p2a: Flutter Mane|94\/100|[from] Sandstorm\n|-damage|p1a: Tyranitar|73\/100|[from] Sandstorm\n|upkeep\n|turn|5\n|\n|t:|1683320839\n|move|p1b: Lycanroc|Rock Slide|p2a: Flutter Mane\n|-damage|p2a: Flutter Mane|13\/100\n|cant|p2a: Flutter Mane|flinch\n|move|p1a: Tyranitar|Crunch|p2a: Flutter Mane\n|-damage|p2a: Flutter Mane|0 fnt\n|faint|p2a: Flutter Mane\n|-end|p2a: Flutter Mane|Protosynthesis|[silent]\n|\n|win|TheNamesNap\n|raw|TheNamesNap's rating: 1152 → 1178<\/strong> (+26 for winning)\n|raw|Giga_Silver_Fox's rating: 1163 → 1137<\/strong> (-26 for losing)\n|l|\u2606Giga_Silver_Fox\n","uploadtime":1683320861,"views":5,"p1id":"thenamesnap","p2id":"gigasilverfox","formatid":"gen9vgc2023regulationc","rating":1137,"private":0,"password":""}