{"id":"gen9vgc2023regulationc-1861077099","p1":"ITS PAPAW TIME","p2":"Kipzho","format":"[Gen 9] VGC 2023 Regulation C","log":"|j|\u2606ITS PAPAW TIME\n|j|\u2606Kipzho\n|t:|1683724199\n|gametype|doubles\n|player|p1|ITS PAPAW TIME|veteran|\n|player|p2|Kipzho|adaman|\n|teamsize|p1|6\n|teamsize|p2|6\n|gen|9\n|tier|[Gen 9] VGC 2023 Regulation C\n|rule|Species Clause: Limit one of each Pok\u00e9mon\n|rule|Item Clause: Limit one of each item\n|clearpoke\n|poke|p1|Baxcalibur, L50, M|\n|poke|p1|Palafin, L50, F|\n|poke|p1|Arcanine, L50, M|\n|poke|p1|Flutter Mane, L50|\n|poke|p1|Ting-Lu, L50|\n|poke|p1|Amoonguss, L50, F|\n|poke|p2|Scizor, L50, M|\n|poke|p2|Tauros-Paldea-Blaze, L50, M|\n|poke|p2|Chien-Pao, L50|\n|poke|p2|Garchomp, L50, M|\n|poke|p2|Rotom-Wash, L50|\n|poke|p2|Flutter Mane, L50|\n|teampreview|4\nKipzho has agreed to open team sheets.\nITS PAPAW TIME has agreed to open team sheets.\n|c|\u2606ITS PAPAW TIME|pan\n|c|\u2606ITS PAPAW TIME|debes darlo todo\n|c|\u2606ITS PAPAW TIME|no te contengas\n|c|\u2606Kipzho|ULTRA CASAAAAAS\n|c|\u2606Kipzho|Cualquier cosa si me demoro mucho, es porque pasa mi supervisor a ver que estoy haciendo\n|c|\u2606Kipzho|nvjfsdkvfd\n|c|\u2606ITS PAPAW TIME|si relajao\n|c|\u2606ITS PAPAW TIME|x2\n|\n|t:|1683724309\n|start\n|switch|p1a: Flutter Mane|Flutter Mane, L50|100\/100\n|switch|p1b: Baxcalibur|Baxcalibur, L50, M|100\/100\n|switch|p2a: Andes|Chien-Pao, L50|100\/100\n|switch|p2b: OMO|Rotom-Wash, L50|100\/100\n|-ability|p2a: Andes|Sword of Ruin\n|turn|1\n|l|\u2606Kipzho\n|player|p2|\n|j|\u2606Kipzho\n|player|p2|Kipzho|adaman\n|\n|t:|1683724435\n|-terastallize|p1b: Baxcalibur|Poison\n|move|p2b: OMO|Protect|p2b: OMO\n|-singleturn|p2b: OMO|Protect\n|move|p2a: Andes|Ice Spinner|p1a: Flutter Mane\n|-damage|p1a: Flutter Mane|0 fnt\n|faint|p1a: Flutter Mane\n|-end|p1a: Flutter Mane|Protosynthesis|[silent]\n|move|p1b: Baxcalibur|Dragon Dance|p1b: Baxcalibur\n|-boost|p1b: Baxcalibur|atk|1\n|-boost|p1b: Baxcalibur|spe|1\n|\n|upkeep\n|\n|t:|1683724446\n|switch|p1a: Arcanine|Arcanine, L50, M|100\/100\n|-ability|p1a: Arcanine|Intimidate|boost\n|-unboost|p2a: Andes|atk|1\n|-unboost|p2b: OMO|atk|1\n|turn|2\n|\n|t:|1683724487\n|switch|p2a: Coquiao|Tauros-Paldea-Blaze, L50, M|100\/100\n|-ability|p2a: Coquiao|Intimidate|boost\n|-unboost|p1a: Arcanine|atk|1\n|-fail|p1b: Baxcalibur|unboost|[from] item: Clear Amulet|[of] p1b: Baxcalibur\n|move|p1b: Baxcalibur|Glaive Rush|p2b: OMO\n|-damage|p2b: OMO|0 fnt\n|-singlemove|p1b: Baxcalibur|Glaive Rush|[silent]\n|faint|p2b: OMO\n|move|p1a: Arcanine|Will-O-Wisp|p2a: Coquiao\n|-immune|p2a: Coquiao\n|\n|upkeep\n|\n|t:|1683724512\n|switch|p2b: Fiura|Flutter Mane, L50|100\/100\n|turn|3\n|\n|t:|1683724550\n|switch|p1a: Ting-Lu|Ting-Lu, L50|100\/100\n|-ability|p1a: Ting-Lu|Vessel of Ruin\n|move|p1b: Baxcalibur|Icicle Crash|p2b: Fiura\n|-damage|p2b: Fiura|0 fnt\n|faint|p2b: Fiura\n|-end|p2b: Fiura|Protosynthesis|[silent]\n|move|p2a: Coquiao|Close Combat|p1a: Ting-Lu\n|-supereffective|p1a: Ting-Lu\n|-damage|p1a: Ting-Lu|52\/100\n|-unboost|p2a: Coquiao|def|1\n|-unboost|p2a: Coquiao|spd|1\n|\n|upkeep\n|\n|t:|1683724562\n|switch|p2b: Andes|Chien-Pao, L50|100\/100\n|-ability|p2b: Andes|Sword of Ruin\n|turn|4\n|\n|t:|1683724585\n|switch|p1a: Arcanine|Arcanine, L50, M|100\/100\n|-ability|p1a: Arcanine|Intimidate|boost\n|-unboost|p2a: Coquiao|atk|1\n|-unboost|p2b: Andes|atk|1\n|move|p1b: Baxcalibur|Glaive Rush|p2a: Coquiao\n|-damage|p2a: Coquiao|0 fnt\n|-singlemove|p1b: Baxcalibur|Glaive Rush|[silent]\n|faint|p2a: Coquiao\n|move|p2b: Andes|Throat Chop|p1a: Arcanine\n|-damage|p1a: Arcanine|67\/100\n|-start|p1a: Arcanine|Throat Chop|[silent]\n|\n|upkeep\n|turn|5\n|\n|t:|1683724598\n|move|p1a: Arcanine|Extreme Speed|p2b: Andes\n|-damage|p2b: Andes|73\/100\n|move|p1b: Baxcalibur|Glaive Rush|p2b: Andes\n|-damage|p2b: Andes|0 fnt\n|-singlemove|p1b: Baxcalibur|Glaive Rush|[silent]\n|faint|p2b: Andes\n|\n|win|ITS PAPAW TIME\n|l|\u2606ITS PAPAW TIME\n|l|\u2606Kipzho\n|j|\u2606ITS PAPAW TIME\n|player|p1|ITS PAPAW TIME|ingo\n","uploadtime":1683725195,"views":11,"p1id":"itspapawtime","p2id":"kipzho","formatid":"gen9vgc2023regulationc","rating":0,"private":0,"password":""}