{"id":"gen9vgc2023regulationc-1858190204","p1":"Phthia04","p2":"chdhehhdhg","format":"[Gen 9] VGC 2023 Regulation C","log":"|j|\u2606Phthia04\n|j|\u2606chdhehhdhg\n|t:|1683289102\n|gametype|doubles\n|player|p1|Phthia04|101|1232\n|player|p2|chdhehhdhg|caitlin|1159\n|teamsize|p1|6\n|teamsize|p2|6\n|gen|9\n|tier|[Gen 9] VGC 2023 Regulation C\n|rated|\n|rule|Species Clause: Limit one of each Pok\u00e9mon\n|rule|Item Clause: Limit one of each item\n|clearpoke\n|poke|p1|Talonflame, L50, M|\n|poke|p1|Great Tusk, L50|\n|poke|p1|Gholdengo, L50|\n|poke|p1|Gothitelle, L50, M|\n|poke|p1|Tyranitar, L50, M|\n|poke|p1|Flutter Mane, L50|\n|poke|p2|Jumpluff, L50, M|\n|poke|p2|Torkoal, L50, F|\n|poke|p2|Flutter Mane, L50|\n|poke|p2|Great Tusk, L50|\n|poke|p2|Chi-Yu, L50|\n|poke|p2|Gyarados, L50, F|\n|teampreview|4\n|inactive|Battle timer is ON: inactive players will automatically lose when time's up. (requested by chdhehhdhg)\nchdhehhdhg rejected open team sheets.\n|\n|t:|1683289147\n|start\n|switch|p1a: Great Tusk|Great Tusk, L50, shiny|100\/100\n|switch|p1b: Talonflame|Talonflame, L50, M|100\/100\n|switch|p2a: Great Tusk|Great Tusk, L50|100\/100\n|switch|p2b: Gyarados|Gyarados, L50, F|100\/100\n|-ability|p2b: Gyarados|Intimidate|boost\n|-unboost|p1a: Great Tusk|atk|1\n|-unboost|p1b: Talonflame|atk|1\n|turn|1\n|\n|t:|1683289165\n|switch|p2b: Torkoal|Torkoal, L50, F|100\/100\n|-weather|SunnyDay|[from] ability: Drought|[of] p2b: Torkoal\n|-activate|p2a: Great Tusk|ability: Protosynthesis\n|-start|p2a: Great Tusk|protosynthesisatk\n|-activate|p1a: Great Tusk|ability: Protosynthesis\n|-start|p1a: Great Tusk|protosynthesisdef\n|move|p1a: Great Tusk|Protect|p1a: Great Tusk\n|-singleturn|p1a: Great Tusk|Protect\n|move|p2a: Great Tusk|Rock Slide|p1a: Great Tusk|[spread] p1b\n|-activate|p1a: Great Tusk|move: Protect\n|-supereffective|p1b: Talonflame\n|-damage|p1b: Talonflame|0 fnt\n|faint|p1b: Talonflame\n|\n|-weather|SunnyDay|[upkeep]\n|upkeep\n|\n|t:|1683289175\n|switch|p1b: Tyranitar|Tyranitar, L50, M|100\/100\n|-weather|Sandstorm|[from] ability: Sand Stream|[of] p1b: Tyranitar\n|-end|p2a: Great Tusk|Protosynthesis\n|-end|p1a: Great Tusk|Protosynthesis\n|turn|2\n|\n|t:|1683289184\n|switch|p2b: Gyarados|Gyarados, L50, F|100\/100\n|-ability|p2b: Gyarados|Intimidate|boost\n|-unboost|p1a: Great Tusk|atk|1\n|-unboost|p1b: Tyranitar|atk|1\n|-terastallize|p1b: Tyranitar|Flying\n|move|p2a: Great Tusk|Rock Slide|p1b: Tyranitar|[spread] p1a,p1b\n|-resisted|p1a: Great Tusk\n|-supereffective|p1b: Tyranitar\n|-damage|p1a: Great Tusk|96\/100\n|-damage|p1b: Tyranitar|64\/100\n|cant|p1a: Great Tusk|flinch\n|cant|p1b: Tyranitar|flinch\n|\n|-weather|Sandstorm|[upkeep]\n|-damage|p2b: Gyarados|95\/100|[from] Sandstorm\n|-damage|p1b: Tyranitar|58\/100|[from] Sandstorm\n|upkeep\n|turn|3\n|\n|t:|1683289208\n|-end|p1a: Great Tusk|Protosynthesis|[silent]\n|switch|p1a: Gothitelle|Gothitelle, L50, M|100\/100\n|switch|p2b: Torkoal|Torkoal, L50, F|100\/100\n|-weather|SunnyDay|[from] ability: Drought|[of] p2b: Torkoal\n|-activate|p2a: Great Tusk|ability: Protosynthesis\n|-start|p2a: Great Tusk|protosynthesisatk\n|move|p2a: Great Tusk|Rock Slide|p1b: Tyranitar|[spread] p1a,p1b\n|-supereffective|p1b: Tyranitar\n|-damage|p1a: Gothitelle|72\/100\n|-damage|p1b: Tyranitar|14\/100\n|move|p1b: Tyranitar|Rock Slide|p2a: Great Tusk|[spread] p2a,p2b\n|-resisted|p2a: Great Tusk\n|-supereffective|p2b: Torkoal\n|-damage|p2a: Great Tusk|96\/100\n|-damage|p2b: Torkoal|69\/100\n|\n|-weather|SunnyDay|[upkeep]\n|upkeep\n|turn|4\n|inactive|chdhehhdhg has 30 seconds left.\n|\n|t:|1683289233\n|move|p2b: Torkoal|Protect|p2b: Torkoal\n|-singleturn|p2b: Torkoal|Protect\n|move|p1a: Gothitelle|Fake Out|p2a: Great Tusk\n|-damage|p2a: Great Tusk|93\/100\n|cant|p2a: Great Tusk|flinch\n|move|p1b: Tyranitar|Rock Slide|p2a: Great Tusk|[spread] p2a\n|-activate|p2b: Torkoal|move: Protect\n|-resisted|p2a: Great Tusk\n|-damage|p2a: Great Tusk|89\/100\n|\n|-weather|SunnyDay|[upkeep]\n|upkeep\n|turn|5\n|\n|t:|1683289255\n|move|p2a: Great Tusk|Rock Slide|p1b: Tyranitar|[spread] p1a,p1b\n|-supereffective|p1b: Tyranitar\n|-damage|p1a: Gothitelle|45\/100\n|-damage|p1b: Tyranitar|0 fnt\n|-enditem|p1a: Gothitelle|Sitrus Berry|[eat]\n|-heal|p1a: Gothitelle|69\/100|[from] item: Sitrus Berry\n|faint|p1b: Tyranitar\n|move|p2b: Torkoal|Fissure|p1a: Gothitelle\n|-damage|p1a: Gothitelle|0 fnt\n|faint|p1a: Gothitelle\n|-ohko\n|\n|-weather|SunnyDay|[upkeep]\n|upkeep\n|-message|Phthia04 forfeited.\n|\n|win|chdhehhdhg\n|raw|Phthia04's rating: 1232 → 1202<\/strong> (-30 for losing)\n|raw|chdhehhdhg's rating: 1159 → 1189<\/strong> (+30 for winning)\n|l|\u2606Phthia04\n|l|\u2606chdhehhdhg\n","uploadtime":1683289391,"views":12,"p1id":"phthia04","p2id":"chdhehhdhg","formatid":"gen9vgc2023regulationc","rating":1189,"private":0,"password":""}