{"id":"gen9vgc2023regulationc-1858539164","p1":"Arcacagne","p2":"qunqun24","format":"[Gen 9] VGC 2023 Regulation C","log":"|j|\u2606Arcacagne\n|j|\u2606qunqun24\n|t:|1683322940\n|gametype|doubles\n|player|p1|Arcacagne|1|1417\n|player|p2|qunqun24|101|1328\n|teamsize|p1|6\n|teamsize|p2|6\n|gen|9\n|tier|[Gen 9] VGC 2023 Regulation C\n|rated|\n|rule|Species Clause: Limit one of each Pok\u00e9mon\n|rule|Item Clause: Limit one of each item\n|clearpoke\n|poke|p1|Chi-Yu, L50|\n|poke|p1|Flutter Mane, L50|\n|poke|p1|Amoonguss, L50, F|\n|poke|p1|Palafin, L50, M|\n|poke|p1|Kingambit, L50, M|\n|poke|p1|Arcanine, L50, F|\n|poke|p2|Annihilape, L50, F|\n|poke|p2|Maushold-Four, L50|\n|poke|p2|Gholdengo, L50|\n|poke|p2|Gyarados, L50, F|\n|poke|p2|Scream Tail, L50|\n|poke|p2|Ting-Lu, L50|\n|teampreview|4\n|inactive|Battle timer is ON: inactive players will automatically lose when time's up. (requested by qunqun24)\n|inactive|Arcacagne has 60 seconds left.\n|inactive|Arcacagne has 30 seconds left.\n|inactive|Arcacagne has 20 seconds left.\n|\n|t:|1683323014\n|start\n|switch|p1a: Chi-Yu|Chi-Yu, L50|100\/100\n|switch|p1b: Amoonguss|Amoonguss, L50, F|100\/100\n|switch|p2a: Ting-Lu|Ting-Lu, L50|100\/100\n|switch|p2b: Maushold|Maushold-Four, L50|100\/100\n|-ability|p1a: Chi-Yu|Beads of Ruin\n|-ability|p2a: Ting-Lu|Vessel of Ruin\n|turn|1\n|\n|t:|1683323028\n|-terastallize|p1a: Chi-Yu|Water\n|move|p2b: Maushold|Follow Me|p2b: Maushold\n|-singleturn|p2b: Maushold|move: Follow Me\n|move|p1a: Chi-Yu|Nasty Plot|p1a: Chi-Yu\n|-boost|p1a: Chi-Yu|spa|2\n|move|p2a: Ting-Lu|Stomping Tantrum|p1a: Chi-Yu\n|-damage|p1a: Chi-Yu|54\/100\n|move|p1b: Amoonguss|Spore|p2b: Maushold\n|-activate|p2b: Maushold|item: Safety Goggles|Spore\n|\n|upkeep\n|turn|2\n|inactive|Arcacagne has 30 seconds left.\n|\n|t:|1683323054\n|move|p1b: Amoonguss|Rage Powder|p1b: Amoonguss\n|-singleturn|p1b: Amoonguss|move: Rage Powder\n|move|p1a: Chi-Yu|Dark Pulse|p2b: Maushold\n|-damage|p2b: Maushold|26\/100\n|cant|p2b: Maushold|flinch\n|move|p2a: Ting-Lu|Payback|p1b: Amoonguss\n|-damage|p1b: Amoonguss|57\/100\n|\n|upkeep\n|turn|3\n|\n|t:|1683323072\n|move|p2b: Maushold|Protect|p2b: Maushold\n|-singleturn|p2b: Maushold|Protect\n|move|p1a: Chi-Yu|Heat Wave|p2b: Maushold|[spread] p2a\n|-activate|p2b: Maushold|move: Protect\n|-damage|p2a: Ting-Lu|77\/100\n|move|p2a: Ting-Lu|Payback|p1b: Amoonguss\n|-damage|p1b: Amoonguss|35\/100\n|-enditem|p1b: Amoonguss|Sitrus Berry|[eat]\n|-heal|p1b: Amoonguss|60\/100|[from] item: Sitrus Berry\n|move|p1b: Amoonguss|Pollen Puff|p1a: Chi-Yu\n|-heal|p1a: Chi-Yu|100\/100\n|\n|upkeep\n|turn|4\n|inactive|Arcacagne has 30 seconds left.\n|inactive|qunqun24 has 30 seconds left.\n|inactive|qunqun24 has 20 seconds left.\n|\n|t:|1683323108\n|switch|p2b: Annihilape|Annihilape, L50, F|100\/100\n|move|p1b: Amoonguss|Protect|p1b: Amoonguss\n|-singleturn|p1b: Amoonguss|Protect\n|move|p1a: Chi-Yu|Heat Wave|p2b: Annihilape|[spread] \n|-miss|p1a: Chi-Yu|p2a: Ting-Lu\n|-miss|p1a: Chi-Yu|p2b: Annihilape\n|move|p2a: Ting-Lu|Stomping Tantrum|p1b: Amoonguss\n|-activate|p1b: Amoonguss|move: Protect\n|\n|upkeep\n|turn|5\n|inactive|qunqun24 has 30 seconds left.\n|\n|t:|1683323140\n|move|p1a: Chi-Yu|Protect|p1a: Chi-Yu\n|-singleturn|p1a: Chi-Yu|Protect\n|move|p2b: Annihilape|Protect|p2b: Annihilape\n|-singleturn|p2b: Annihilape|Protect\n|move|p2a: Ting-Lu|Heavy Slam|p1b: Amoonguss\n|-damage|p1b: Amoonguss|27\/100\n|move|p1b: Amoonguss|Spore|p2b: Annihilape\n|-activate|p2b: Annihilape|move: Protect\n|\n|upkeep\n|turn|6\n|\n|t:|1683323164\n|switch|p1b: Kingambit|Kingambit, L50, M|100\/100\n|-terastallize|p2b: Annihilape|Water\n|move|p1a: Chi-Yu|Dark Pulse|p2a: Ting-Lu\n|-resisted|p2a: Ting-Lu\n|-damage|p2a: Ting-Lu|61\/100\n|move|p2b: Annihilape|Rage Fist|p1b: Kingambit\n|-resisted|p1b: Kingambit\n|-damage|p1b: Kingambit|91\/100\n|cant|p2a: Ting-Lu|flinch\n|\n|upkeep\n|turn|7\n|inactive|Arcacagne has 30 seconds left.\n|inactive|Arcacagne has 20 seconds left.\n|\n|t:|1683323199\n|switch|p1b: Amoonguss|Amoonguss, L50, F|60\/100\n|move|p1a: Chi-Yu|Heat Wave|p2b: Annihilape|[spread] p2a,p2b\n|-resisted|p2b: Annihilape\n|-damage|p2a: Ting-Lu|30\/100\n|-damage|p2b: Annihilape|74\/100\n|-status|p2b: Annihilape|brn\n|move|p2b: Annihilape|Drain Punch|p1b: Amoonguss\n|-resisted|p1b: Amoonguss\n|-damage|p1b: Amoonguss|53\/100\n|-heal|p2b: Annihilape|78\/100 brn|[from] drain|[of] p1b: Amoonguss\n|move|p2a: Ting-Lu|Stomping Tantrum|p1b: Amoonguss\n|-damage|p1b: Amoonguss|0 fnt\n|faint|p1b: Amoonguss\n|\n|-heal|p2b: Annihilape|84\/100 brn|[from] item: Leftovers\n|-damage|p2b: Annihilape|78\/100 brn|[from] brn\n|upkeep\n|\n|t:|1683323215\n|switch|p1b: Flutter Mane|Flutter Mane, L50|100\/100\n|-enditem|p1b: Flutter Mane|Booster Energy\n|-activate|p1b: Flutter Mane|ability: Protosynthesis|[fromitem]\n|-start|p1b: Flutter Mane|protosynthesisspa\n|turn|8\n|\n|t:|1683323230\n|move|p1b: Flutter Mane|Substitute|p1b: Flutter Mane\n|-start|p1b: Flutter Mane|Substitute\n|-damage|p1b: Flutter Mane|76\/100\n|move|p1a: Chi-Yu|Nasty Plot|p1a: Chi-Yu\n|-boost|p1a: Chi-Yu|spa|2\n|move|p2b: Annihilape|Rage Fist|p1b: Flutter Mane\n|-supereffective|p1b: Flutter Mane\n|-end|p1b: Flutter Mane|Substitute\n|move|p2a: Ting-Lu|Heavy Slam|p1b: Flutter Mane\n|-supereffective|p1b: Flutter Mane\n|-crit|p1b: Flutter Mane\n|-damage|p1b: Flutter Mane|0 fnt\n|faint|p1b: Flutter Mane\n|-end|p1b: Flutter Mane|Protosynthesis|[silent]\n|\n|-heal|p2b: Annihilape|84\/100 brn|[from] item: Leftovers\n|-damage|p2b: Annihilape|78\/100 brn|[from] brn\n|upkeep\n|\n|t:|1683323246\n|switch|p1b: Kingambit|Kingambit, L50, M|91\/100\n|turn|9\n|c|\u2606Arcacagne|non sense\n|c|\u2606Arcacagne|moonblast ko\n|inactive|Arcacagne has 30 seconds left.\n|\n|t:|1683323276\n|switch|p2a: Maushold|Maushold-Four, L50|26\/100\n|move|p2b: Annihilape|Protect|p2b: Annihilape\n|-singleturn|p2b: Annihilape|Protect\n|move|p1b: Kingambit|Sucker Punch||[still]\n|-fail|p1b: Kingambit\n|move|p1a: Chi-Yu|Dark Pulse|p2b: Annihilape\n|-activate|p2b: Annihilape|move: Protect\n|\n|-heal|p2b: Annihilape|84\/100 brn|[from] item: Leftovers\n|-damage|p2b: Annihilape|78\/100 brn|[from] brn\n|upkeep\n|turn|10\n|\n|t:|1683323296\n|move|p2a: Maushold|Follow Me|p2a: Maushold\n|-singleturn|p2a: Maushold|move: Follow Me\n|move|p1a: Chi-Yu|Heat Wave|p2a: Maushold|[spread] \n|-miss|p1a: Chi-Yu|p2a: Maushold\n|-miss|p1a: Chi-Yu|p2b: Annihilape\n|move|p2b: Annihilape|Drain Punch|p1b: Kingambit\n|-supereffective|p1b: Kingambit\n|-damage|p1b: Kingambit|36\/100\n|-heal|p2b: Annihilape|100\/100 brn|[from] drain|[of] p1b: Kingambit\n|move|p1b: Kingambit|Kowtow Cleave|p2a: Maushold\n|-damage|p2a: Maushold|0 fnt\n|faint|p2a: Maushold\n|\n|-damage|p2b: Annihilape|94\/100 brn|[from] brn\n|upkeep\n|c|\u2606Arcacagne|nice\n|\n|t:|1683323306\n|switch|p2a: Ting-Lu|Ting-Lu, L50|30\/100\n|-ability|p2a: Ting-Lu|Vessel of Ruin\n|turn|11\n|\n|t:|1683323320\n|move|p1b: Kingambit|Sucker Punch|p2b: Annihilape\n|-damage|p2b: Annihilape|60\/100 brn\n|move|p1a: Chi-Yu|Heat Wave|p2a: Ting-Lu|[spread] p2a,p2b\n|-resisted|p2b: Annihilape\n|-damage|p2a: Ting-Lu|0 fnt\n|-damage|p2b: Annihilape|21\/100 brn\n|faint|p2a: Ting-Lu\n|move|p2b: Annihilape|Drain Punch|p1b: Kingambit\n|-supereffective|p1b: Kingambit\n|-damage|p1b: Kingambit|0 fnt\n|-heal|p2b: Annihilape|37\/100 brn|[from] drain|[of] p1b: Kingambit\n|faint|p1b: Kingambit\n|\n|-heal|p2b: Annihilape|44\/100 brn|[from] item: Leftovers\n|-damage|p2b: Annihilape|37\/100 brn|[from] brn\n|upkeep\n|\n|t:|1683323326\n|switch|p2a: Gyarados|Gyarados, L50, F|100\/100\n|-ability|p2a: Gyarados|Intimidate|boost\n|-unboost|p1a: Chi-Yu|atk|1\n|turn|12\n|\n|t:|1683323338\n|move|p2b: Annihilape|Protect|p2b: Annihilape\n|-singleturn|p2b: Annihilape|Protect\n|move|p1a: Chi-Yu|Dark Pulse|p2a: Gyarados\n|-damage|p2a: Gyarados|0 fnt\n|faint|p2a: Gyarados\n|\n|-heal|p2b: Annihilape|44\/100 brn|[from] item: Leftovers\n|-damage|p2b: Annihilape|37\/100 brn|[from] brn\n|upkeep\n|turn|13\n|inactive|Arcacagne has 30 seconds left.\n|c|\u2606Arcacagne|man u lose a match with all the hax of the world\n|c|\u2606qunqun24|Lol\n|inactive|Arcacagne has 20 seconds left.\n|\n|t:|1683323373\n|move|p1a: Chi-Yu|Dark Pulse|p2b: Annihilape\n|-damage|p2b: Annihilape|0 fnt\n|faint|p2b: Annihilape\n|\n|win|Arcacagne\n|raw|Arcacagne's rating: 1417 → 1432<\/strong> (+15 for winning)\n|raw|qunqun24's rating: 1328 → 1313<\/strong> (-15 for losing)\n|c|\u2606qunqun24|Heat wave burn\n|c|\u2606qunqun24|Okay\n","uploadtime":1683323382,"views":4,"p1id":"arcacagne","p2id":"qunqun24","formatid":"gen9vgc2023regulationc","rating":1313,"private":0,"password":""}