{"id":"gen9vgc2023regulationc-1858289644","p1":"Jelperro","p2":"gorilnx","format":"[Gen 9] VGC 2023 Regulation C","log":"|j|\u2606Jelperro\n|j|\u2606gorilnx\n|t:|1683298922\n|gametype|doubles\n|player|p1|Jelperro|169|1190\n|player|p2|gorilnx|dawn-gen4pt|1277\n|teamsize|p1|6\n|teamsize|p2|6\n|gen|9\n|tier|[Gen 9] VGC 2023 Regulation C\n|rated|\n|rule|Species Clause: Limit one of each Pok\u00e9mon\n|rule|Item Clause: Limit one of each item\n|clearpoke\n|poke|p1|Amoonguss, L50, M|\n|poke|p1|Arcanine, L50, F|\n|poke|p1|Palafin, L50, M|\n|poke|p1|Flutter Mane, L50|\n|poke|p1|Wo-Chien, L50|\n|poke|p1|Goodra, L50, M|\n|poke|p2|Palafin, L50, M|\n|poke|p2|Amoonguss, L50, M|\n|poke|p2|Flutter Mane, L50|\n|poke|p2|Arcanine, L50, F|\n|poke|p2|Ting-Lu, L50|\n|poke|p2|Baxcalibur, L50, M|\n|teampreview|4\n|inactive|Battle timer is ON: inactive players will automatically lose when time's up. (requested by gorilnx)\n|\n|t:|1683298958\n|start\n|switch|p1a: Arcanito|Arcanine, L50, F|100\/100\n|switch|p1b: Delfindescojones|Palafin, L50, M|100\/100\n|switch|p2a: Arcanine|Arcanine, L50, F|100\/100\n|switch|p2b: Amoonguss|Amoonguss, L50, M|100\/100\n|-ability|p1a: Arcanito|Intimidate|boost\n|-unboost|p2a: Arcanine|atk|1\n|-unboost|p2b: Amoonguss|atk|1\n|-ability|p2a: Arcanine|Intimidate|boost\n|-unboost|p1a: Arcanito|atk|1\n|-unboost|p1b: Delfindescojones|atk|1\n|turn|1\n|\n|t:|1683298974\n|detailschange|p1b: Delfindescojones|Palafin-Hero, L50, M\n|switch|p1b: Chien-Wo|Wo-Chien, L50|100\/100\n|-ability|p1b: Chien-Wo|Tablets of Ruin\n|switch|p2b: Baxcalibur|Baxcalibur, L50, M|100\/100\n|move|p1a: Arcanito|Flare Blitz|p2b: Baxcalibur\n|-damage|p2b: Baxcalibur|77\/100\n|-ability|p2b: Baxcalibur|Thermal Exchange|boost\n|-boost|p2b: Baxcalibur|atk|1\n|-damage|p1a: Arcanito|91\/100|[from] Recoil\n|move|p2a: Arcanine|Flare Blitz|p1b: Chien-Wo\n|-supereffective|p1b: Chien-Wo\n|-damage|p1b: Chien-Wo|56\/100\n|-damage|p2a: Arcanine|86\/100|[from] Recoil\n|\n|-heal|p1b: Chien-Wo|62\/100|[from] item: Leftovers\n|upkeep\n|turn|2\n|inactive|Jelperro has 30 seconds left.\n|inactive|gorilnx has 30 seconds left.\n|\n|t:|1683299002\n|switch|p1a: Delfindescojones|Palafin-Hero, L50, M|100\/100\n|-activate|p1a: Delfindescojones|ability: Zero to Hero\n|switch|p2a: Ting-Lu|Ting-Lu, L50|100\/100\n|-ability|p2a: Ting-Lu|Vessel of Ruin\n|move|p2b: Baxcalibur|Icicle Spear|p1b: Chien-Wo\n|-supereffective|p1b: Chien-Wo\n|-crit|p1b: Chien-Wo\n|-damage|p1b: Chien-Wo|17\/100\n|-supereffective|p1b: Chien-Wo\n|-damage|p1b: Chien-Wo|0 fnt\n|faint|p1b: Chien-Wo\n|-hitcount|p1: Chien-Wo|2\n|\n|upkeep\n|\n|t:|1683299014\n|switch|p1b: Arcanito|Arcanine, L50, F|91\/100\n|-ability|p1b: Arcanito|Intimidate|boost\n|-unboost|p2a: Ting-Lu|atk|1\n|-unboost|p2b: Baxcalibur|atk|1\n|turn|3\n|\n|t:|1683299030\n|switch|p1b: Elbabas|Goodra, L50, M|100\/100\n|switch|p2a: Amoonguss|Amoonguss, L50, M|100\/100\n|move|p1a: Delfindescojones|Wave Crash|p2a: Amoonguss\n|-resisted|p2a: Amoonguss\n|-damage|p2a: Amoonguss|62\/100\n|-damage|p1a: Delfindescojones|86\/100|[from] Recoil\n|move|p2b: Baxcalibur|Glaive Rush|p1a: Delfindescojones\n|-damage|p1a: Delfindescojones|15\/100\n|-singlemove|p2b: Baxcalibur|Glaive Rush|[silent]\n|\n|upkeep\n|turn|4\n|inactive|gorilnx has 30 seconds left.\n|\n|t:|1683299056\n|switch|p2a: Arcanine|Arcanine, L50, F|86\/100\n|-ability|p2a: Arcanine|Intimidate|boost\n|-unboost|p1a: Delfindescojones|atk|1\n|-unboost|p1b: Elbabas|atk|1\n|move|p2b: Baxcalibur|Protect|p2b: Baxcalibur\n|-singleturn|p2b: Baxcalibur|Protect\n|move|p1a: Delfindescojones|Wave Crash|p2b: Baxcalibur\n|-activate|p2b: Baxcalibur|move: Protect\n|move|p1b: Elbabas|Acid Armor|p1b: Elbabas\n|-boost|p1b: Elbabas|def|2\n|\n|upkeep\n|turn|5\n|\n|t:|1683299074\n|move|p2a: Arcanine|Extreme Speed|p1a: Delfindescojones\n|-damage|p1a: Delfindescojones|0 fnt\n|faint|p1a: Delfindescojones\n|move|p2b: Baxcalibur|Icicle Spear|p1b: Elbabas\n|-supereffective|p1b: Elbabas\n|-damage|p1b: Elbabas|84\/100\n|-supereffective|p1b: Elbabas\n|-damage|p1b: Elbabas|68\/100\n|-supereffective|p1b: Elbabas\n|-damage|p1b: Elbabas|52\/100\n|-supereffective|p1b: Elbabas\n|-damage|p1b: Elbabas|33\/100\n|-hitcount|p1b: Elbabas|4\n|move|p1b: Elbabas|Dragon Pulse|p2b: Baxcalibur\n|-supereffective|p2b: Baxcalibur\n|-damage|p2b: Baxcalibur|14\/100\n|\n|upkeep\n|\n|t:|1683299080\n|switch|p1a: Arcanito|Arcanine, L50, F|91\/100\n|-ability|p1a: Arcanito|Intimidate|boost\n|-unboost|p2a: Arcanine|atk|1\n|-unboost|p2b: Baxcalibur|atk|1\n|turn|6\n|inactive|gorilnx has 30 seconds left.\n|\n|t:|1683299114\n|switch|p2a: Ting-Lu|Ting-Lu, L50|100\/100\n|-ability|p2a: Ting-Lu|Vessel of Ruin\n|switch|p2b: Amoonguss|Amoonguss, L50, M|95\/100\n|move|p1a: Arcanito|Flare Blitz|p2b: Amoonguss\n|-supereffective|p2b: Amoonguss\n|-damage|p2b: Amoonguss|13\/100\n|-enditem|p2b: Amoonguss|Sitrus Berry|[eat]\n|-heal|p2b: Amoonguss|38\/100|[from] item: Sitrus Berry\n|-damage|p1a: Arcanito|58\/100|[from] Recoil\n|move|p1b: Elbabas|Life Dew|p1b: Elbabas|[spread] p1a,p1b\n|-heal|p1a: Arcanito|83\/100\n|-heal|p1b: Elbabas|58\/100\n|\n|upkeep\n|turn|7\n|\n|t:|1683299137\n|switch|p2b: Arcanine|Arcanine, L50, F|86\/100\n|-ability|p2b: Arcanine|Intimidate|boost\n|-unboost|p1a: Arcanito|atk|1\n|-unboost|p1b: Elbabas|atk|1\n|move|p1a: Arcanito|Will-O-Wisp|p2a: Ting-Lu\n|-status|p2a: Ting-Lu|brn\n|move|p1b: Elbabas|Life Dew|p1b: Elbabas|[spread] p1a,p1b\n|-heal|p1a: Arcanito|100\/100\n|-heal|p1b: Elbabas|83\/100\n|move|p2a: Ting-Lu|Fissure|p1b: Elbabas\n|-damage|p1b: Elbabas|0 fnt\n|faint|p1b: Elbabas\n|-ohko\n|\n|-damage|p2a: Ting-Lu|95\/100 brn|[from] brn\n|upkeep\n|turn|8\n|-message|Jelperro forfeited.\n|\n|win|gorilnx\n|raw|Jelperro's rating: 1190 → 1171<\/strong> (-19 for losing)\n|raw|gorilnx's rating: 1277 → 1296<\/strong> (+19 for winning)\n|l|\u2606Jelperro\n","uploadtime":1683299161,"views":6,"p1id":"jelperro","p2id":"gorilnx","formatid":"gen9vgc2023regulationc","rating":1171,"private":0,"password":""}