{"id":"gen9vgc2023regulationc-1848563301","p1":"That_Leek","p2":"itsmichaelk122","format":"[Gen 9] VGC 2023 Regulation C","log":"|j|\u2606That_Leek\n|j|\u2606itsmichaelk122\n|t:|1682090338\n|gametype|doubles\n|player|p1|That_Leek|blue-masters|1060\n|player|p2|itsmichaelk122|lance|1000\n|teamsize|p1|6\n|teamsize|p2|6\n|gen|9\n|tier|[Gen 9] VGC 2023 Regulation C\n|rated|\n|rule|Species Clause: Limit one of each Pok\u00e9mon\n|rule|Item Clause: Limit one of each item\n|clearpoke\n|poke|p1|Gholdengo, L50|\n|poke|p1|Gyarados, L50, M|\n|poke|p1|Tyranitar, L50, F|\n|poke|p1|Maushold-Four, L50|\n|poke|p1|Annihilape, L50, M|\n|poke|p1|Volcarona, L50, F|\n|poke|p2|Chi-Yu, L50|\n|poke|p2|Flutter Mane, L50|\n|poke|p2|Torkoal, L50, M|\n|poke|p2|Lilligant, L50, F|\n|poke|p2|Murkrow, L50, F|\n|poke|p2|Palafin, L50, M|\n|teampreview|4\nThat_Leek has agreed to open team sheets.\nitsmichaelk122 rejected open team sheets.\n|c|\u2606That_Leek|Why the reject?\n|c|\u2606itsmichaelk122|why not?\n|inactive|Battle timer is ON: inactive players will automatically lose when time's up. (requested by itsmichaelk122)\n|c|\u2606That_Leek|That\u2019s begging the question.\n|c|\u2606itsmichaelk122|just play or ff\n|inactive|That_Leek has 60 seconds left.\n|\n|t:|1682090411\n|start\n|switch|p1a: Volcarona|Volcarona, L50, F|100\/100\n|switch|p1b: Gyarados|Gyarados, L50, M|100\/100\n|switch|p2a: Torkoal|Torkoal, L50, M|100\/100\n|switch|p2b: Murkrow|Murkrow, L50, F, shiny|100\/100\n|-ability|p1b: Gyarados|Intimidate|boost\n|-unboost|p2a: Torkoal|atk|1\n|-unboost|p2b: Murkrow|atk|1\n|-weather|SunnyDay|[from] ability: Drought|[of] p2a: Torkoal\n|turn|1\n|c|\u2606That_Leek|I just rarely get open teamsheets practice\n|inactive|That_Leek has 30 seconds left.\n|inactive|itsmichaelk122 has 30 seconds left.\n|\n|t:|1682090439\n|switch|p1a: Tyranitar|Tyranitar, L50, F|100\/100\n|-weather|Sandstorm|[from] ability: Sand Stream|[of] p1a: Tyranitar\n|switch|p2a: Lilligant|Lilligant, L50, F, shiny|100\/100\n|move|p2b: Murkrow|Tailwind|p2b: Murkrow\n|-sidestart|p2: itsmichaelk122|move: Tailwind\n|move|p1b: Gyarados|Dragon Dance|p1b: Gyarados\n|-boost|p1b: Gyarados|atk|1\n|-boost|p1b: Gyarados|spe|1\n|\n|-weather|Sandstorm|[upkeep]\n|-damage|p2b: Murkrow|95\/100|[from] Sandstorm\n|-damage|p2a: Lilligant|94\/100|[from] Sandstorm\n|-damage|p1b: Gyarados|95\/100|[from] Sandstorm\n|upkeep\n|turn|2\n|c|\u2606That_Leek|Also why reject tho\n|c|\u2606itsmichaelk122|why not?\n|inactive|That_Leek has 30 seconds left.\n|c|\u2606That_Leek|I told you that\u2019s begging the question\n|c|\u2606itsmichaelk122|k.\n|inactive|That_Leek has 20 seconds left.\n|c|\u2606That_Leek|ABD cause I would like practice\n|inactive|That_Leek has 15 seconds left.\n|inactive|That_Leek has 10 seconds left.\n|c|\u2606That_Leek|and cause I always wanted to know why\n|c|\u2606That_Leek|people rejetce\n|inactive|That_Leek has 5 seconds left.\n|c|\u2606itsmichaelk122|go\n|\n|t:|1682090494\n|move|p2b: Murkrow|Haze|p2b: Murkrow\n|-clearallboost\n|move|p2a: Lilligant|Leaf Storm|p1b: Gyarados\n|-damage|p1b: Gyarados|37\/100\n|-unboost|p2a: Lilligant|spa|2\n|-enditem|p1b: Gyarados|Sitrus Berry|[eat]\n|-heal|p1b: Gyarados|62\/100|[from] item: Sitrus Berry\n|move|p1b: Gyarados|Waterfall|p2b: Murkrow\n|-damage|p2b: Murkrow|33\/100\n|move|p1a: Tyranitar|Rock Slide|p2a: Lilligant|[spread] p2a\n|-miss|p1a: Tyranitar|p2b: Murkrow\n|-crit|p2a: Lilligant\n|-damage|p2a: Lilligant|25\/100\n|\n|-weather|Sandstorm|[upkeep]\n|-damage|p2b: Murkrow|27\/100|[from] Sandstorm\n|-damage|p2a: Lilligant|19\/100|[from] Sandstorm\n|-damage|p1b: Gyarados|56\/100|[from] Sandstorm\n|upkeep\n|turn|3\n|inactive|itsmichaelk122 has 30 seconds left.\n|\n|t:|1682090524\n|move|p2b: Murkrow|Foul Play|p1a: Tyranitar\n|-resisted|p1a: Tyranitar\n|-damage|p1a: Tyranitar|81\/100\n|move|p2a: Lilligant|Leaf Storm|p1b: Gyarados\n|-damage|p1b: Gyarados|29\/100\n|-unboost|p2a: Lilligant|spa|2\n|move|p1b: Gyarados|Waterfall|p2a: Lilligant\n|-resisted|p2a: Lilligant\n|-damage|p2a: Lilligant|0 fnt\n|faint|p2a: Lilligant\n|move|p1a: Tyranitar|Rock Slide|p2b: Murkrow\n|-supereffective|p2b: Murkrow\n|-damage|p2b: Murkrow|0 fnt\n|faint|p2b: Murkrow\n|\n|-weather|Sandstorm|[upkeep]\n|-damage|p1b: Gyarados|23\/100|[from] Sandstorm\n|upkeep\n|\n|t:|1682090531\n|switch|p2b: Palafin|Palafin, L50, M|100\/100\n|switch|p2a: Torkoal|Torkoal, L50, M|100\/100\n|-weather|SunnyDay|[from] ability: Drought|[of] p2a: Torkoal\n|turn|4\n|\n|t:|1682090542\n|switch|p1b: Gholdengo|Gholdengo, L50|100\/100\n|switch|p1a: Volcarona|Volcarona, L50, F|100\/100\n|move|p2a: Torkoal|Protect|p2a: Torkoal\n|-singleturn|p2a: Torkoal|Protect\n|move|p2b: Palafin|Ice Punch|p1b: Gholdengo\n|-resisted|p1b: Gholdengo\n|-damage|p1b: Gholdengo|88\/100\n|\n|-weather|SunnyDay|[upkeep]\n|-sideend|p2: itsmichaelk122|move: Tailwind\n|upkeep\n|turn|5\n|\n|t:|1682090569\n|switch|p1a: Tyranitar|Tyranitar, L50, F|81\/100\n|-weather|Sandstorm|[from] ability: Sand Stream|[of] p1a: Tyranitar\n|-terastallize|p1b: Gholdengo|Water\n|move|p2b: Palafin|Ice Punch|p1a: Tyranitar\n|-damage|p1a: Tyranitar|61\/100\n|move|p1b: Gholdengo|Nasty Plot|p1b: Gholdengo\n|-boost|p1b: Gholdengo|spa|2\n|move|p2a: Torkoal|Flamethrower|p1a: Tyranitar\n|-resisted|p1a: Tyranitar\n|-damage|p1a: Tyranitar|52\/100\n|\n|-weather|Sandstorm|[upkeep]\n|-damage|p2b: Palafin|95\/100|[from] Sandstorm\n|-damage|p1b: Gholdengo|83\/100|[from] Sandstorm\n|-damage|p2a: Torkoal|94\/100|[from] Sandstorm\n|upkeep\n|turn|6\n|\n|t:|1682090587\n|switch|p1a: Volcarona|Volcarona, L50, F|100\/100\n|move|p1b: Gholdengo|Protect|p1b: Gholdengo\n|-singleturn|p1b: Gholdengo|Protect\n|move|p2b: Palafin|Ice Punch|p1b: Gholdengo\n|-activate|p1b: Gholdengo|move: Protect\n|move|p2a: Torkoal|Earth Power|p1a: Volcarona\n|-damage|p1a: Volcarona|72\/100\n|\n|-weather|Sandstorm|[upkeep]\n|-damage|p1a: Volcarona|65\/100|[from] Sandstorm\n|-damage|p2b: Palafin|89\/100|[from] Sandstorm\n|-damage|p1b: Gholdengo|77\/100|[from] Sandstorm\n|-damage|p2a: Torkoal|88\/100|[from] Sandstorm\n|upkeep\n|turn|7\n|\n|t:|1682090596\n|move|p1a: Volcarona|Rage Powder|p1a: Volcarona\n|-singleturn|p1a: Volcarona|move: Rage Powder\n|move|p2b: Palafin|Ice Punch|p1a: Volcarona\n|-resisted|p1a: Volcarona\n|-damage|p1a: Volcarona|49\/100\n|move|p1b: Gholdengo|Nasty Plot|p1b: Gholdengo\n|-boost|p1b: Gholdengo|spa|2\n|move|p2a: Torkoal|Earth Power|p1a: Volcarona\n|-crit|p1a: Volcarona\n|-damage|p1a: Volcarona|3\/100\n|\n|-weather|Sandstorm|[upkeep]\n|-damage|p2b: Palafin|83\/100|[from] Sandstorm\n|-damage|p1a: Volcarona|0 fnt|[from] Sandstorm\n|-damage|p1b: Gholdengo|71\/100|[from] Sandstorm\n|-damage|p2a: Torkoal|82\/100|[from] Sandstorm\n|faint|p1a: Volcarona\n|upkeep\n|\n|t:|1682090606\n|switch|p1a: Gyarados|Gyarados, L50, M|23\/100\n|-ability|p1a: Gyarados|Intimidate|boost\n|-unboost|p2a: Torkoal|atk|1\n|-unboost|p2b: Palafin|atk|1\n|turn|8\n|\n|t:|1682090613\n|move|p2b: Palafin|Ice Punch|p1a: Gyarados\n|-damage|p1a: Gyarados|5\/100\n|move|p1b: Gholdengo|Make It Rain|p2b: Palafin|[spread] p2a,p2b\n|-resisted|p2a: Torkoal\n|-resisted|p2b: Palafin\n|-damage|p2a: Torkoal|0 fnt\n|-damage|p2b: Palafin|0 fnt\n|-unboost|p1b: Gholdengo|spa|1\n|faint|p2a: Torkoal\n|faint|p2b: Palafin\n|-damage|p1b: Gholdengo|61\/100|[from] item: Life Orb\n|\n|win|That_Leek\n|raw|That_Leek's rating: 1060 → 1086<\/strong> (+26 for winning)\n|raw|itsmichaelk122's rating: 1000 → 1000<\/strong> (+0 for losing)\n|l|\u2606itsmichaelk122\n","uploadtime":1682090629,"views":6,"p1id":"thatleek","p2id":"itsmichaelk122","formatid":"gen9vgc2023regulationc","rating":1000,"private":0,"password":""}