{"id":"gen9vgc2023regulationc-1859827962","p1":"Just Crit And Win","p2":"WhatWasIC00KING","format":"[Gen 9] VGC 2023 Regulation C","log":"|j|\u2606Just Crit And Win\n|j|\u2606WhatWasIC00KING\n|t:|1683567903\n|gametype|doubles\n|player|p1|Just Crit And Win|1|\n|player|p2|WhatWasIC00KING|gambler|\n|teamsize|p1|6\n|teamsize|p2|6\n|gen|9\n|tier|[Gen 9] VGC 2023 Regulation C\n|rule|Species Clause: Limit one of each Pok\u00e9mon\n|rule|Item Clause: Limit one of each item\n|clearpoke\n|poke|p1|Flutter Mane, L50|\n|poke|p1|Arcanine, L50, F|\n|poke|p1|Palafin, L50, M|\n|poke|p1|Chien-Pao, L50|\n|poke|p1|Great Tusk, L50|\n|poke|p1|Amoonguss, L50, M|\n|poke|p2|Iron Hands, L50|\n|poke|p2|Oranguru, L50, F|\n|poke|p2|Hatterene, L50, F|\n|poke|p2|Kingambit, L50, F|\n|poke|p2|Torkoal, L50, M|\n|poke|p2|Indeedee-F, L50, F|\n|teampreview|4\n|inactive|Battle timer is ON: inactive players will automatically lose when time's up. (requested by Just Crit And Win)\nWhatWasIC00KING has agreed to open team sheets.\nJust Crit And Win has agreed to open team sheets.\n|\n|t:|1683567931\n|start\n|switch|p1a: Chien-Pao|Chien-Pao, L50|100\/100\n|switch|p1b: Palafin|Palafin, L50, M|100\/100\n|switch|p2a: Indeedee|Indeedee-F, L50, F|100\/100\n|switch|p2b: Hatterene|Hatterene, L50, F|100\/100\n|-ability|p1a: Chien-Pao|Sword of Ruin\n|-fieldstart|move: Psychic Terrain|[from] ability: Psychic Surge|[of] p2a: Indeedee\n|-enditem|p2a: Indeedee|Psychic Seed\n|-boost|p2a: Indeedee|spd|1|[from] item: Psychic Seed\n|turn|1\n|\n|t:|1683567946\n|-terastallize|p1b: Palafin|Water\n|move|p2a: Indeedee|Follow Me|p2a: Indeedee\n|-singleturn|p2a: Indeedee|move: Follow Me\n|move|p1a: Chien-Pao|Throat Chop|p2a: Indeedee\n|-supereffective|p2a: Indeedee\n|-damage|p2a: Indeedee|0 fnt\n|faint|p2a: Indeedee\n|move|p1b: Palafin|Wave Crash|p2b: Hatterene\n|-damage|p2b: Hatterene|7\/100\n|-damage|p1b: Palafin|75\/100|[from] Recoil\n|move|p2b: Hatterene|Trick Room|p2b: Hatterene\n|-fieldstart|move: Trick Room|[of] p2b: Hatterene\n|\n|upkeep\n|\n|t:|1683567959\n|switch|p2a: Torkoal|Torkoal, L50, M|100\/100\n|-weather|SunnyDay|[from] ability: Drought|[of] p2a: Torkoal\n|turn|2\n|inactive|Just Crit And Win has 30 seconds left.\n|inactive|Just Crit And Win has 20 seconds left.\n|inactive|Just Crit And Win has 15 seconds left.\n|inactive|Just Crit And Win has 10 seconds left.\n|\n|t:|1683568007\n|move|p1b: Palafin|Protect|p1b: Palafin\n|-singleturn|p1b: Palafin|Protect\n|move|p1a: Chien-Pao|Protect|p1a: Chien-Pao\n|-singleturn|p1a: Chien-Pao|Protect\n|move|p2a: Torkoal|Eruption|p1b: Palafin|[spread] \n|-activate|p1a: Chien-Pao|move: Protect\n|-activate|p1b: Palafin|move: Protect\n|move|p2b: Hatterene|Dazzling Gleam|p1b: Palafin|[spread] \n|-activate|p1a: Chien-Pao|move: Protect\n|-activate|p1b: Palafin|move: Protect\n|\n|-weather|SunnyDay|[upkeep]\n|upkeep\n|turn|3\n|\n|t:|1683568023\n|detailschange|p1b: Palafin|Palafin-Hero, L50, M, tera:Water\n|switch|p1b: Flutter Mane|Flutter Mane, L50|100\/100\n|-activate|p1b: Flutter Mane|ability: Protosynthesis\n|-start|p1b: Flutter Mane|protosynthesisspa\n|move|p2a: Torkoal|Eruption|p1b: Flutter Mane|[spread] p1a,p1b\n|-supereffective|p1a: Chien-Pao\n|-enditem|p1a: Chien-Pao|Focus Sash\n|-damage|p1a: Chien-Pao|1\/100\n|-damage|p1b: Flutter Mane|28\/100\n|move|p2b: Hatterene|Dazzling Gleam|p1b: Flutter Mane|[spread] p1a,p1b\n|-supereffective|p1a: Chien-Pao\n|-damage|p1a: Chien-Pao|0 fnt\n|-damage|p1b: Flutter Mane|0 fnt\n|faint|p1a: Chien-Pao\n|faint|p1b: Flutter Mane\n|-end|p1b: Flutter Mane|Protosynthesis|[silent]\n|-damage|p2b: Hatterene|0 fnt|[from] item: Life Orb\n|faint|p2b: Hatterene\n|\n|-weather|SunnyDay|[upkeep]\n|upkeep\n|\n|t:|1683568041\n|switch|p2b: Kingambit|Kingambit, L50, F|100\/100\n|switch|p1b: Amoonguss|Amoonguss, L50, M|100\/100\n|switch|p1a: Palafin|Palafin-Hero, L50, M, tera:Water|75\/100\n|-activate|p1a: Palafin|ability: Zero to Hero\n|turn|4\n|\n|t:|1683568056\n|move|p1b: Amoonguss|Protect|p1b: Amoonguss\n|-singleturn|p1b: Amoonguss|Protect\n|move|p2a: Torkoal|Eruption|p1a: Palafin|[spread] p1a\n|-activate|p1b: Amoonguss|move: Protect\n|-resisted|p1a: Palafin\n|-damage|p1a: Palafin|35\/100\n|move|p2b: Kingambit|Kowtow Cleave|p1a: Palafin\n|-damage|p1a: Palafin|0 fnt\n|faint|p1a: Palafin\n|\n|-weather|SunnyDay|[upkeep]\n|upkeep\n|turn|5\n|\n|t:|1683568074\n|move|p2a: Torkoal|Eruption|p1b: Amoonguss\n|-supereffective|p1b: Amoonguss\n|-damage|p1b: Amoonguss|0 fnt\n|faint|p1b: Amoonguss\n|\n|win|WhatWasIC00KING\n|l|\u2606WhatWasIC00KING\n","uploadtime":1683568130,"views":14,"p1id":"justcritandwin","p2id":"whatwasic00king","formatid":"gen9vgc2023regulationc","rating":0,"private":0,"password":""}