{"id":"gen9vgc2023regulationc-1855873305","p1":"o'fenomenon't","p2":"ivangraus17","format":"[Gen 9] VGC 2023 Regulation C","log":"|j|\u2606o'fenomenon't\n|j|\u2606ivangraus17\n|t:|1682994463\n|gametype|doubles\n|player|p1|o'fenomenon't|swimmer-gen4|\n|player|p2|ivangraus17|1|\n|teamsize|p1|6\n|teamsize|p2|6\n|gen|9\n|tier|[Gen 9] VGC 2023 Regulation C\n|rule|Species Clause: Limit one of each Pok\u00e9mon\n|rule|Item Clause: Limit one of each item\n|clearpoke\n|poke|p1|Muk, L50, M|\n|poke|p1|Talonflame, L50, F|\n|poke|p1|Tauros-Paldea-Aqua, L50, M|\n|poke|p1|Dragonite, L50, F|\n|poke|p1|Great Tusk, L50|\n|poke|p1|Rotom-Wash, L50|\n|poke|p2|Tauros-Paldea-Aqua, L50, M|\n|poke|p2|Gengar, L50, M|\n|poke|p2|Garchomp, L50, F|\n|poke|p2|Great Tusk, L50|\n|poke|p2|Rotom-Wash, L50|\n|poke|p2|Annihilape, L50, M|\n|teampreview|4\n|c|\u2606o'fenomenon't|Ya sabes\n|inactive|Battle timer is ON: inactive players will automatically lose when time's up. (requested by ivangraus17)\n|c|\u2606o'fenomenon't|Pto el que me gane\n|j| buenocomoeloro\n|c|\u2606ivangraus17|recontra soy unu\n|c| buenocomoeloro|jajaja\n|c|\u2606o'fenomenon't|Bueno, te la comes si ganas XD\n|c| buenocomoeloro|faceoof\n|inactive|o'fenomenon't has 60 seconds left.\n|c| buenocomoeloro|face off\n|\n|t:|1682994517\n|start\n|switch|p1a: Talonflame|Talonflame, L50, F|100\/100\n|switch|p1b: Dragonite|Dragonite, L50, F|100\/100\n|switch|p2a: Annihilape|Annihilape, L50, M|100\/100\n|switch|p2b: Gengar|Gengar, L50, M|100\/100\n|-item|p2b: Gengar|Air Balloon\n|turn|1\n|inactive|ivangraus17 has 30 seconds left.\n|\n|t:|1682994551\n|move|p1a: Talonflame|Tailwind|p1a: Talonflame\n|-sidestart|p1: o'fenomenon't|move: Tailwind\n|move|p1b: Dragonite|Dragon Claw|p2b: Gengar\n|-damage|p2b: Gengar|0 fnt\n|-enditem|p2b: Gengar|Air Balloon\n|faint|p2b: Gengar\n|move|p2a: Annihilape|Bulk Up|p2a: Annihilape\n|-boost|p2a: Annihilape|atk|1\n|-boost|p2a: Annihilape|def|1\n|\n|upkeep\n|\n|t:|1682994563\n|switch|p2b: Rotom|Rotom-Wash, L50|100\/100\n|turn|2\n|\n|t:|1682994583\n|switch|p1b: Muk|Muk, L50, M|100\/100\n|move|p1a: Talonflame|Brave Bird|p2a: Annihilape\n|-supereffective|p2a: Annihilape\n|-damage|p2a: Annihilape|47\/100\n|-damage|p1a: Talonflame|76\/100|[from] Recoil\n|move|p2a: Annihilape|Bulk Up|p2a: Annihilape\n|-boost|p2a: Annihilape|atk|1\n|-boost|p2a: Annihilape|def|1\n|move|p2b: Rotom|Discharge|p1b: Muk|[spread] p2a,p1a,p1b\n|-supereffective|p1a: Talonflame\n|-damage|p2a: Annihilape|28\/100\n|-damage|p1a: Talonflame|13\/100\n|-damage|p1b: Muk|82\/100\n|-status|p2a: Annihilape|par\n|\n|-heal|p1b: Muk|88\/100|[from] item: Black Sludge\n|upkeep\n|turn|3\n|c|\u2606ivangraus17|gg\n|inactive|ivangraus17 has 30 seconds left.\n|inactive|ivangraus17 has 20 seconds left.\n|inactive|ivangraus17 has 15 seconds left.\n|\n|t:|1682994628\n|move|p1a: Talonflame|Brave Bird|p2a: Annihilape\n|-supereffective|p2a: Annihilape\n|-damage|p2a: Annihilape|0 fnt\n|faint|p2a: Annihilape\n|-damage|p1a: Talonflame|1\/100|[from] Recoil\n|move|p1b: Muk|Curse|p1b: Muk\n|-unboost|p1b: Muk|spe|1\n|-boost|p1b: Muk|atk|1\n|-boost|p1b: Muk|def|1\n|move|p2b: Rotom|Reflect|p2b: Rotom\n|-sidestart|p2: ivangraus17|Reflect\n|\n|-heal|p1b: Muk|94\/100|[from] item: Black Sludge\n|upkeep\n|\n|t:|1682994639\n|switch|p2a: Great Tusk|Great Tusk, L50|100\/100\n|turn|4\n|\n|t:|1682994658\n|move|p1a: Talonflame|Will-O-Wisp|p2a: Great Tusk\n|-status|p2a: Great Tusk|brn\n|move|p2a: Great Tusk|Headlong Rush|p1b: Muk\n|-supereffective|p1b: Muk\n|-damage|p1b: Muk|42\/100\n|-unboost|p2a: Great Tusk|def|1\n|-unboost|p2a: Great Tusk|spd|1\n|move|p2b: Rotom|Discharge|p1a: Talonflame|[spread] p1a,p1b\n|-immune|p2a: Great Tusk\n|-supereffective|p1a: Talonflame\n|-damage|p1a: Talonflame|0 fnt\n|-damage|p1b: Muk|25\/100\n|faint|p1a: Talonflame\n|move|p1b: Muk|Toxic|p2b: Rotom\n|-status|p2b: Rotom|tox\n|\n|-heal|p1b: Muk|31\/100|[from] item: Black Sludge\n|-damage|p2b: Rotom|95\/100 tox|[from] psn\n|-damage|p2a: Great Tusk|95\/100 brn|[from] brn\n|-sideend|p1: o'fenomenon't|move: Tailwind\n|upkeep\n|\n|t:|1682994677\n|switch|p1a: Tauros|Tauros-Paldea-Aqua, L50, M|100\/100\n|-ability|p1a: Tauros|Intimidate|boost\n|-unboost|p2a: Great Tusk|atk|1\n|-unboost|p2b: Rotom|atk|1\n|turn|5\n|inactive|ivangraus17 has 30 seconds left.\n|\n|t:|1682994710\n|-terastallize|p2a: Great Tusk|Grass\n|move|p1b: Muk|Protect|p1b: Muk\n|-singleturn|p1b: Muk|Protect\n|move|p1a: Tauros|Aqua Jet|p2a: Great Tusk\n|-resisted|p2a: Great Tusk\n|-damage|p2a: Great Tusk|88\/100 brn\n|move|p2a: Great Tusk|Headlong Rush|p1b: Muk\n|-activate|p1b: Muk|move: Protect\n|move|p2b: Rotom|Will-O-Wisp|p1a: Tauros\n|-status|p1a: Tauros|brn\n|-enditem|p1a: Tauros|Lum Berry|[eat]\n|-curestatus|p1a: Tauros|brn|[msg]\n|\n|-heal|p2b: Rotom|100\/100 tox|[from] item: Leftovers\n|-heal|p1b: Muk|37\/100|[from] item: Black Sludge\n|-damage|p2b: Rotom|89\/100 tox|[from] psn\n|-damage|p2a: Great Tusk|82\/100 brn|[from] brn\n|upkeep\n|turn|6\n|inactive|ivangraus17 has 30 seconds left.\n|\n|t:|1682994737\n|move|p1a: Tauros|Protect|p1a: Tauros\n|-singleturn|p1a: Tauros|Protect\n|move|p2a: Great Tusk|Headlong Rush|p1b: Muk\n|-supereffective|p1b: Muk\n|-damage|p1b: Muk|2\/100\n|-unboost|p2a: Great Tusk|def|1\n|-unboost|p2a: Great Tusk|spd|1\n|move|p2b: Rotom|Discharge|p1a: Tauros|[spread] p2a,p1b\n|-activate|p1a: Tauros|move: Protect\n|-resisted|p2a: Great Tusk\n|-damage|p2a: Great Tusk|51\/100 brn\n|-damage|p1b: Muk|0 fnt\n|faint|p1b: Muk\n|\n|-heal|p2b: Rotom|95\/100 tox|[from] item: Leftovers\n|-damage|p2b: Rotom|78\/100 tox|[from] psn\n|-damage|p2a: Great Tusk|45\/100 brn|[from] brn\n|upkeep\n|\n|t:|1682994749\n|switch|p1b: Dragonite|Dragonite, L50, F|100\/100\n|turn|7\n|\n|t:|1682994771\n|move|p2a: Great Tusk|Headlong Rush|p1a: Tauros\n|-damage|p1a: Tauros|71\/100\n|-unboost|p2a: Great Tusk|def|1\n|-unboost|p2a: Great Tusk|spd|1\n|move|p1a: Tauros|Close Combat|p2a: Great Tusk\n|-damage|p2a: Great Tusk|0 fnt\n|-unboost|p1a: Tauros|def|1\n|-unboost|p1a: Tauros|spd|1\n|faint|p2a: Great Tusk\n|-end|p2a: Great Tusk|Protosynthesis|[silent]\n|move|p2b: Rotom|Will-O-Wisp|p1b: Dragonite\n|-status|p1b: Dragonite|brn\n|move|p1b: Dragonite|Dragon Claw|p2b: Rotom\n|-damage|p2b: Rotom|59\/100 tox\n|\n|-heal|p2b: Rotom|65\/100 tox|[from] item: Leftovers\n|-damage|p2b: Rotom|42\/100 tox|[from] psn\n|-damage|p1b: Dragonite|95\/100 brn|[from] brn\n|-sideend|p2: ivangraus17|Reflect\n|upkeep\n|turn|8\n|\n|t:|1682994789\n|move|p1a: Tauros|Close Combat|p2b: Rotom\n|-damage|p2b: Rotom|1\/100 tox\n|-unboost|p1a: Tauros|def|1\n|-unboost|p1a: Tauros|spd|1\n|move|p2b: Rotom|Discharge|p1b: Dragonite|[spread] p1a,p1b\n|-supereffective|p1a: Tauros\n|-damage|p1a: Tauros|0 fnt\n|-damage|p1b: Dragonite|77\/100 brn\n|faint|p1a: Tauros\n|move|p1b: Dragonite|Dragon Claw|p2b: Rotom\n|-damage|p2b: Rotom|0 fnt\n|faint|p2b: Rotom\n|\n|win|o'fenomenon't\n|c|\u2606ivangraus17|gg\n|l|\u2606ivangraus17\n","uploadtime":1682994802,"views":12,"p1id":"ofenomenont","p2id":"ivangraus17","formatid":"gen9vgc2023regulationc","rating":0,"private":0,"password":""}