{"id":"gen9vgc2023regulationc-1855775740","p1":"titandoubles","p2":"rodjilius","format":"[Gen 9] VGC 2023 Regulation C","log":"|j|\u2606titandoubles\n|j|\u2606rodjilius\n|t:|1682982760\n|gametype|doubles\n|player|p1|titandoubles|silver|1122\n|player|p2|rodjilius|101|1157\n|teamsize|p1|6\n|teamsize|p2|6\n|gen|9\n|tier|[Gen 9] VGC 2023 Regulation C\n|rated|\n|rule|Species Clause: Limit one of each Pok\u00e9mon\n|rule|Item Clause: Limit one of each item\n|clearpoke\n|poke|p1|Ting-Lu, L50|\n|poke|p1|Gyarados, L50, F|\n|poke|p1|Arcanine, L50, M|\n|poke|p1|Orthworm, L50, M|\n|poke|p1|Amoonguss, L50, F|\n|poke|p1|Scream Tail, L50|\n|poke|p2|Iron Thorns, L50|\n|poke|p2|Tyranitar, L50, F|\n|poke|p2|Houndstone, L50, M|\n|poke|p2|Murkrow, L50, F|\n|poke|p2|Amoonguss, L50, F|\n|poke|p2|Flutter Mane, L50|\n|teampreview|4\n|inactive|Battle timer is ON: inactive players will automatically lose when time's up. (requested by titandoubles)\n|inactive|titandoubles has 60 seconds left.\n|inactive|rodjilius has 60 seconds left.\nrodjilius rejected open team sheets.\n|\n|t:|1682982815\n|start\n|switch|p1a: Arcanine|Arcanine, L50, M|100\/100\n|switch|p1b: Orthworm|Orthworm, L50, M|100\/100\n|switch|p2a: Amoonguss|Amoonguss, L50, F|100\/100\n|switch|p2b: Iron Thorns|Iron Thorns, L50|100\/100\n|-ability|p1a: Arcanine|Intimidate|boost\n|-unboost|p2a: Amoonguss|atk|1\n|-unboost|p2b: Iron Thorns|atk|1\n|turn|1\n|\n|t:|1682982836\n|move|p2b: Iron Thorns|Rock Slide|p1b: Orthworm|[spread] p1a,p1b\n|-supereffective|p1a: Arcanine\n|-resisted|p1b: Orthworm\n|-damage|p1a: Arcanine|61\/100\n|-damage|p1b: Orthworm|94\/100\n|cant|p1a: Arcanine|flinch\n|move|p1b: Orthworm|Shed Tail|p1b: Orthworm\n|-start|p1b: Orthworm|Substitute|[from] move: Shed Tail\n|-damage|p1b: Orthworm|43\/100\n|\n|t:|1682982841\n|switch|p1b: Gyarados|Gyarados, L50, F|100\/100|[from] Shed Tail\n|move|p2a: Amoonguss|Spore||[still]\n|-fail|p2a: Amoonguss\n|\n|upkeep\n|turn|2\n|inactive|titandoubles has 30 seconds left.\n|\n|t:|1682982868\n|move|p1a: Arcanine|Protect|p1a: Arcanine\n|-singleturn|p1a: Arcanine|Protect\n|move|p2a: Amoonguss|Rage Powder|p2a: Amoonguss\n|-singleturn|p2a: Amoonguss|move: Rage Powder\n|move|p2b: Iron Thorns|Rock Slide|p1b: Gyarados|[spread] p1b\n|-activate|p1a: Arcanine|move: Protect\n|-supereffective|p1b: Gyarados\n|-end|p1b: Gyarados|Substitute\n|move|p1b: Gyarados|Earthquake|p2b: Iron Thorns|[spread] p2a,p2b\n|-activate|p1a: Arcanine|move: Protect\n|-supereffective|p2b: Iron Thorns\n|-damage|p2a: Amoonguss|74\/100\n|-damage|p2b: Iron Thorns|0 fnt\n|faint|p2b: Iron Thorns\n|-end|p2b: Iron Thorns|Quark Drive|[silent]\n|-ability|p1b: Gyarados|Moxie|boost\n|-boost|p1b: Gyarados|atk|1\n|-damage|p1b: Gyarados|90\/100|[from] item: Life Orb\n|\n|-heal|p2a: Amoonguss|80\/100|[from] item: Black Sludge\n|upkeep\n|\n|t:|1682982890\n|switch|p2b: Flutter Mane|Flutter Mane, L50|100\/100\n|-enditem|p2b: Flutter Mane|Booster Energy\n|-activate|p2b: Flutter Mane|ability: Protosynthesis|[fromitem]\n|-start|p2b: Flutter Mane|protosynthesisspa\n|turn|3\n|\n|t:|1682982915\n|switch|p1a: Orthworm|Orthworm, L50, M|43\/100\n|move|p2b: Flutter Mane|Protect|p2b: Flutter Mane\n|-singleturn|p2b: Flutter Mane|Protect\n|move|p1b: Gyarados|Earthquake|p2a: Amoonguss|[spread] p2a\n|-activate|p2b: Flutter Mane|move: Protect\n|-heal|p1a: Orthworm|68\/100|[from] ability: Earth Eater|[of] p1b: Gyarados\n|-damage|p2a: Amoonguss|38\/100\n|-damage|p1b: Gyarados|80\/100|[from] item: Life Orb\n|move|p2a: Amoonguss|Spore|p1b: Gyarados\n|-status|p1b: Gyarados|slp|[from] move: Spore\n|\n|-heal|p1a: Orthworm|75\/100|[from] item: Leftovers\n|-heal|p2a: Amoonguss|44\/100|[from] item: Black Sludge\n|upkeep\n|turn|4\n|inactive|titandoubles has 30 seconds left.\n|inactive|rodjilius has 30 seconds left.\n|\n|t:|1682982946\n|switch|p2a: Houndstone|Houndstone, L50, M|100\/100\n|move|p2b: Flutter Mane|Shadow Ball|p1b: Gyarados\n|-damage|p1b: Gyarados|20\/100 slp\n|cant|p1b: Gyarados|slp\n|move|p1a: Orthworm|Heavy Slam|p2b: Flutter Mane\n|-supereffective|p2b: Flutter Mane\n|-damage|p2b: Flutter Mane|0 fnt\n|faint|p2b: Flutter Mane\n|-end|p2b: Flutter Mane|Protosynthesis|[silent]\n|\n|-heal|p1a: Orthworm|81\/100|[from] item: Leftovers\n|upkeep\n|\n|t:|1682982961\n|switch|p2b: Amoonguss|Amoonguss, L50, F|77\/100\n|turn|5\n|inactive|titandoubles has 30 seconds left.\n|\n|t:|1682982989\n|cant|p1b: Gyarados|slp\n|move|p2b: Amoonguss|Rage Powder|p2b: Amoonguss\n|-singleturn|p2b: Amoonguss|move: Rage Powder\n|move|p2a: Houndstone|Body Press|p1a: Orthworm\n|-supereffective|p1a: Orthworm\n|-damage|p1a: Orthworm|51\/100\n|move|p1a: Orthworm|Shed Tail|p1a: Orthworm\n|-start|p1a: Orthworm|Substitute|[from] move: Shed Tail\n|-damage|p1a: Orthworm|1\/100\n|\n|t:|1682983004\n|switch|p1a: Scream Tail|Scream Tail, L50|100\/100|[from] Shed Tail\n|-enditem|p1a: Scream Tail|Booster Energy\n|-activate|p1a: Scream Tail|ability: Protosynthesis|[fromitem]\n|-start|p1a: Scream Tail|protosynthesisspe\n|\n|-heal|p2b: Amoonguss|83\/100|[from] item: Black Sludge\n|upkeep\n|turn|6\n|\n|t:|1682983020\n|-terastallize|p2a: Houndstone|Ghost\n|-curestatus|p1b: Gyarados|slp|[msg]\n|move|p1b: Gyarados|Protect|p1b: Gyarados\n|-singleturn|p1b: Gyarados|Protect\n|move|p2a: Houndstone|Shadow Sneak|p1b: Gyarados\n|-activate|p1b: Gyarados|move: Protect\n|move|p1a: Scream Tail|Perish Song|p1a: Scream Tail\n|-start|p1a: Scream Tail|perish3|[silent]\n|-start|p1b: Gyarados|perish3|[silent]\n|-start|p2a: Houndstone|perish3|[silent]\n|-start|p2b: Amoonguss|perish3|[silent]\n|-fieldactivate|move: Perish Song\n|move|p2b: Amoonguss|Giga Drain|p1a: Scream Tail\n|-activate|p1a: Scream Tail|move: Substitute|[damage]\n|-heal|p2b: Amoonguss|91\/100|[from] drain|[of] p1a: Scream Tail\n|\n|-heal|p2b: Amoonguss|97\/100|[from] item: Black Sludge\n|-start|p1a: Scream Tail|perish3\n|-start|p1b: Gyarados|perish3\n|-start|p2a: Houndstone|perish3\n|-start|p2b: Amoonguss|perish3\n|upkeep\n|turn|7\n|inactive|titandoubles has 30 seconds left.\n|inactive|rodjilius has 30 seconds left.\n|\n|t:|1682983054\n|-terastallize|p1b: Gyarados|Flying\n|move|p2a: Houndstone|Shadow Sneak|p1b: Gyarados\n|-damage|p1b: Gyarados|0 fnt\n|faint|p1b: Gyarados\n|move|p1a: Scream Tail|Howl|p1a: Scream Tail\n|-boost|p1a: Scream Tail|atk|1\n|move|p2b: Amoonguss|Giga Drain|p1a: Scream Tail\n|-end|p1a: Scream Tail|Substitute\n|-heal|p2b: Amoonguss|99\/100|[from] drain|[of] p1a: Scream Tail\n|\n|-heal|p2b: Amoonguss|100\/100|[from] item: Black Sludge\n|-start|p1a: Scream Tail|perish2\n|-start|p2a: Houndstone|perish2\n|-start|p2b: Amoonguss|perish2\n|upkeep\n|\n|t:|1682983064\n|switch|p1b: Arcanine|Arcanine, L50, M|61\/100\n|-ability|p1b: Arcanine|Intimidate|boost\n|-unboost|p2a: Houndstone|atk|1\n|-unboost|p2b: Amoonguss|atk|1\n|turn|8\n|l|\u2606rodjilius\n|inactive|rodjilius disconnected and has a minute to reconnect!\n|player|p2|\n|inactive|rodjilius has 30 seconds left.\n|inactive|rodjilius has 20 seconds left.\n|inactive|rodjilius has 15 seconds left.\n|inactive|rodjilius has 10 seconds left.\n|inactive|rodjilius has 5 seconds left.\n|-message|rodjilius lost due to inactivity.\n|\n|win|titandoubles\n|raw|titandoubles's rating: 1122 → 1150<\/strong> (+28 for winning)\n|raw|rodjilius's rating: 1157 → 1129<\/strong> (-28 for losing)\n","uploadtime":1682983128,"views":24,"p1id":"titandoubles","p2id":"rodjilius","formatid":"gen9vgc2023regulationc","rating":1129,"private":0,"password":""}