{"id":"gen9vgc2023regulationc-1854991451","p1":"Jjenkinsp","p2":"Sanghyeon","format":"[Gen 9] VGC 2023 Regulation C","log":"|j|\u2606Jjenkinsp\n|j|\u2606Sanghyeon\n|t:|1682888558\n|gametype|doubles\n|player|p1|Jjenkinsp|flannery|1202\n|player|p2|Sanghyeon|blue|1147\n|teamsize|p1|6\n|teamsize|p2|6\n|gen|9\n|tier|[Gen 9] VGC 2023 Regulation C\n|rated|\n|rule|Species Clause: Limit one of each Pok\u00e9mon\n|rule|Item Clause: Limit one of each item\n|clearpoke\n|poke|p1|Flutter Mane, L50|\n|poke|p1|Chi-Yu, L50|\n|poke|p1|Chien-Pao, L50|\n|poke|p1|Dragonite, L50, F|\n|poke|p1|Iron Bundle, L50|\n|poke|p1|Torkoal, L50, F|\n|poke|p2|Kingambit, L50, M|\n|poke|p2|Flutter Mane, L50|\n|poke|p2|Corviknight, L50, F|\n|poke|p2|Ting-Lu, L50|\n|poke|p2|Gastrodon, L50, F|\n|poke|p2|Ceruledge, L50, F|\n|teampreview|4\n|\n|t:|1682888603\n|start\n|switch|p1a: Chien-Pao|Chien-Pao, L50|100\/100\n|switch|p1b: Chi-Yu|Chi-Yu, L50|100\/100\n|switch|p2a: Ting-Lu|Ting-Lu, L50|100\/100\n|switch|p2b: Flutter Mane|Flutter Mane, L50|100\/100\n|-ability|p1b: Chi-Yu|Beads of Ruin\n|-ability|p1a: Chien-Pao|Sword of Ruin\n|-ability|p2a: Ting-Lu|Vessel of Ruin\n|turn|1\n|\n|t:|1682888626\n|-terastallize|p2a: Ting-Lu|Poison\n|move|p1b: Chi-Yu|Overheat|p2b: Flutter Mane|[miss]\n|-miss|p1b: Chi-Yu|p2b: Flutter Mane\n|move|p1a: Chien-Pao|Sacred Sword|p2a: Ting-Lu\n|-resisted|p2a: Ting-Lu\n|-damage|p2a: Ting-Lu|89\/100\n|move|p2b: Flutter Mane|Power Gem|p1b: Chi-Yu\n|-supereffective|p1b: Chi-Yu\n|-damage|p1b: Chi-Yu|32\/100\n|move|p2a: Ting-Lu|Stealth Rock|p1b: Chi-Yu\n|-sidestart|p1: Jjenkinsp|move: Stealth Rock\n|\n|upkeep\n|turn|2\n|\n|t:|1682888653\n|-end|p2b: Flutter Mane|Protosynthesis|[silent]\n|switch|p2b: Ceruledge|Ceruledge, L50, F|100\/100\n|move|p1b: Chi-Yu|Overheat|p2b: Ceruledge\n|-start|p2b: Ceruledge|ability: Flash Fire\n|move|p1a: Chien-Pao|Sacred Sword|p2a: Ting-Lu\n|-resisted|p2a: Ting-Lu\n|-damage|p2a: Ting-Lu|76\/100\n|move|p2a: Ting-Lu|Whirlwind|p1a: Chien-Pao\n|drag|p1a: Flutter Mane|Flutter Mane, L50|100\/100\n|-damage|p1a: Flutter Mane|88\/100|[from] Stealth Rock\n|\n|upkeep\n|turn|3\n|\n|t:|1682888688\n|move|p2b: Ceruledge|Protect|p2b: Ceruledge\n|-singleturn|p2b: Ceruledge|Protect\n|move|p1b: Chi-Yu|Overheat|p2a: Ting-Lu|[miss]\n|-miss|p1b: Chi-Yu|p2a: Ting-Lu\n|move|p1a: Flutter Mane|Shadow Ball|p2b: Ceruledge\n|-activate|p2b: Ceruledge|move: Protect\n|move|p2a: Ting-Lu|Heavy Slam|p1a: Flutter Mane\n|-supereffective|p1a: Flutter Mane\n|-damage|p1a: Flutter Mane|0 fnt\n|faint|p1a: Flutter Mane\n|-end|p1a: Flutter Mane|Protosynthesis|[silent]\n|\n|upkeep\n|\n|t:|1682888705\n|switch|p1a: Chien-Pao|Chien-Pao, L50|100\/100\n|-damage|p1a: Chien-Pao|76\/100|[from] Stealth Rock\n|-ability|p1a: Chien-Pao|Sword of Ruin\n|turn|4\n|\n|t:|1682888725\n|move|p2b: Ceruledge|Ally Switch|p2b: Ceruledge\n|swap|p2b: Ceruledge|0|[from] move: Ally Switch\n|move|p1a: Chien-Pao|Sucker Punch||[still]\n|-fail|p1a: Chien-Pao\n|move|p1b: Chi-Yu|Overheat|p2a: Ceruledge\n|-immune|p2a: Ceruledge|[from] ability: Flash Fire\n|move|p2b: Ting-Lu|Whirlwind|p1a: Chien-Pao\n|drag|p1a: Dragonite|Dragonite, L50, F|100\/100\n|-damage|p1a: Dragonite|76\/100|[from] Stealth Rock\n|\n|upkeep\n|turn|5\n|\n|t:|1682888766\n|switch|p1b: Chien-Pao|Chien-Pao, L50|76\/100\n|-damage|p1b: Chien-Pao|51\/100|[from] Stealth Rock\n|-ability|p1b: Chien-Pao|Sword of Ruin\n|-terastallize|p1a: Dragonite|Normal\n|move|p1a: Dragonite|Extreme Speed|p2b: Ting-Lu\n|-damage|p2b: Ting-Lu|25\/100\n|-enditem|p2b: Ting-Lu|Sitrus Berry|[eat]\n|-heal|p2b: Ting-Lu|50\/100|[from] item: Sitrus Berry\n|move|p2a: Ceruledge|Shadow Sneak|p1a: Dragonite\n|-immune|p1a: Dragonite\n|move|p2b: Ting-Lu|Whirlwind|p1a: Dragonite\n|drag|p1a: Chi-Yu|Chi-Yu, L50|32\/100\n|-damage|p1a: Chi-Yu|8\/100|[from] Stealth Rock\n|-ability|p1a: Chi-Yu|Beads of Ruin\n|\n|upkeep\n|turn|6\n|\n|t:|1682888802\n|move|p2a: Ceruledge|Shadow Sneak|p1b: Chien-Pao\n|-resisted|p1b: Chien-Pao\n|-damage|p1b: Chien-Pao|37\/100\n|move|p1a: Chi-Yu|Dark Pulse|p2a: Ceruledge\n|-supereffective|p2a: Ceruledge\n|-damage|p2a: Ceruledge|6\/100\n|move|p1b: Chien-Pao|Ice Spinner|p2b: Ting-Lu\n|-crit|p2b: Ting-Lu\n|-damage|p2b: Ting-Lu|0 fnt\n|faint|p2b: Ting-Lu\n|\n|upkeep\n|\n|t:|1682888816\n|switch|p2b: Kingambit|Kingambit, L50, M|100\/100\n|turn|7\n|\n|t:|1682888836\n|move|p2a: Ceruledge|Protect|p2a: Ceruledge\n|-singleturn|p2a: Ceruledge|Protect\n|move|p1a: Chi-Yu|Dark Pulse|p2a: Ceruledge\n|-activate|p2a: Ceruledge|move: Protect\n|move|p1b: Chien-Pao|Sacred Sword|p2b: Kingambit\n|-supereffective|p2b: Kingambit\n|-damage|p2b: Kingambit|0 fnt\n|faint|p2b: Kingambit\n|\n|upkeep\n|\n|t:|1682888844\n|switch|p2b: Flutter Mane|Flutter Mane, L50|100\/100\n|turn|8\n|\n|t:|1682888860\n|move|p2a: Ceruledge|Ally Switch||[still]\n|-fail|p2a: Ceruledge\n|move|p1b: Chien-Pao|Sucker Punch|p2b: Flutter Mane\n|-damage|p2b: Flutter Mane|0 fnt\n|faint|p2b: Flutter Mane\n|-end|p2b: Flutter Mane|Protosynthesis|[silent]\n|move|p1a: Chi-Yu|Dark Pulse|p2a: Ceruledge\n|-supereffective|p2a: Ceruledge\n|-damage|p2a: Ceruledge|0 fnt\n|faint|p2a: Ceruledge\n|\n|win|Jjenkinsp\n|raw|Jjenkinsp's rating: 1202 → 1223<\/strong> (+21 for winning)\n|raw|Sanghyeon's rating: 1147 → 1126<\/strong> (-21 for losing)\n|l|\u2606Sanghyeon\n","uploadtime":1682888874,"views":9,"p1id":"jjenkinsp","p2id":"sanghyeon","formatid":"gen9vgc2023regulationc","rating":1126,"private":0,"password":""}