{"id":"gen9vgc2023regulationc-1863411367","p1":"SoggyWaffles35","p2":"Firaas","format":"[Gen 9] VGC 2023 Regulation C","log":"|j|\u2606SoggyWaffles35\n|j|\u2606Firaas\n|t:|1684013596\n|gametype|doubles\n|player|p1|SoggyWaffles35|169|1344\n|player|p2|Firaas|169|1320\n|teamsize|p1|6\n|teamsize|p2|6\n|gen|9\n|tier|[Gen 9] VGC 2023 Regulation C\n|rated|\n|rule|Species Clause: Limit one of each Pok\u00e9mon\n|rule|Item Clause: Limit one of each item\n|clearpoke\n|poke|p1|Orthworm, L50, F|\n|poke|p1|Ting-Lu, L50|\n|poke|p1|Chien-Pao, L50|\n|poke|p1|Dragonite, L50, F|\n|poke|p1|Gyarados, L50, F|\n|poke|p1|Flutter Mane, L50|\n|poke|p2|Iron Moth, L50|\n|poke|p2|Scizor, L50, M|\n|poke|p2|Orthworm, L50, F|\n|poke|p2|Garchomp, L50, F|\n|poke|p2|Gyarados, L50, F|\n|poke|p2|Tyranitar, L50, M|\n|teampreview|4\n|inactive|Battle timer is ON: inactive players will automatically lose when time's up. (requested by Firaas)\nSoggyWaffles35 has agreed to open team sheets.\n|inactive|SoggyWaffles35 has 60 seconds left.\n|\n|t:|1684013639\n|start\n|switch|p1a: Orthworm|Orthworm, L50, F|100\/100\n|switch|p1b: Gyarados|Gyarados, L50, F|100\/100\n|switch|p2a: Iron Moth|Iron Moth, L50|100\/100\n|switch|p2b: Scizor|Scizor, L50, M|100\/100\n|-ability|p1b: Gyarados|Intimidate|boost\n|-unboost|p2a: Iron Moth|atk|1\n|-fail|p2b: Scizor|unboost|[from] item: Clear Amulet|[of] p2b: Scizor\n|-enditem|p2a: Iron Moth|Booster Energy\n|-activate|p2a: Iron Moth|ability: Quark Drive|[fromitem]\n|-start|p2a: Iron Moth|quarkdrivespa\n|turn|1\n|inactive|Firaas has 30 seconds left.\n|\n|t:|1684013670\n|-terastallize|p1a: Orthworm|Fire\n|move|p2b: Scizor|Protect|p2b: Scizor\n|-singleturn|p2b: Scizor|Protect\n|move|p2a: Iron Moth|Substitute|p2a: Iron Moth\n|-start|p2a: Iron Moth|Substitute\n|-damage|p2a: Iron Moth|75\/100\n|move|p1b: Gyarados|Bulldoze|p2a: Iron Moth|[spread] p2a\n|-activate|p2b: Scizor|move: Protect\n|-immune|p1a: Orthworm|[from] ability: Earth Eater\n|-supereffective|p2a: Iron Moth\n|-crit|p2a: Iron Moth\n|-end|p2a: Iron Moth|Substitute\n|move|p1a: Orthworm|Iron Defense|p1a: Orthworm\n|-boost|p1a: Orthworm|def|2\n|\n|upkeep\n|turn|2\n|inactive|SoggyWaffles35 has 30 seconds left.\n|inactive|Firaas has 30 seconds left.\n|inactive|Firaas has 20 seconds left.\n|\n|t:|1684013709\n|-terastallize|p2b: Scizor|Ground\n|move|p2a: Iron Moth|Discharge|p1a: Orthworm|[spread] p1a,p1b\n|-immune|p2b: Scizor\n|-supereffective|p1b: Gyarados\n|-damage|p1a: Orthworm|65\/100\n|-damage|p1b: Gyarados|10\/100\n|move|p1b: Gyarados|Bulldoze|p2b: Scizor|[spread] p2a,p2b\n|-heal|p1a: Orthworm|90\/100|[from] ability: Earth Eater|[of] p1b: Gyarados\n|-supereffective|p2a: Iron Moth\n|-damage|p2a: Iron Moth|0 fnt\n|-damage|p2b: Scizor|89\/100\n|faint|p2a: Iron Moth\n|-end|p2a: Iron Moth|Quark Drive|[silent]\n|move|p1a: Orthworm|Body Press|p2b: Scizor\n|-damage|p2b: Scizor|28\/100\n|move|p2b: Scizor|X-Scissor|p1a: Orthworm\n|-resisted|p1a: Orthworm\n|-crit|p1a: Orthworm\n|-damage|p1a: Orthworm|65\/100\n|\n|upkeep\n|\n|t:|1684013731\n|switch|p2a: Gyarados|Gyarados, L50, F|100\/100\n|-ability|p2a: Gyarados|Intimidate|boost\n|-unboost|p1a: Orthworm|atk|1\n|-unboost|p1b: Gyarados|atk|1\n|turn|3\n|c|\u2606SoggyWaffles35|what?\n|c|\u2606Firaas|yes?\n|inactive|SoggyWaffles35 has 30 seconds left.\n|c|\u2606SoggyWaffles35|discharge iron moth?\n|c|\u2606Firaas|yeah lol\n|inactive|SoggyWaffles35 has 20 seconds left.\n|inactive|SoggyWaffles35 has 15 seconds left.\n|c|\u2606Firaas|amongus always tera water\n|inactive|SoggyWaffles35 has 10 seconds left.\n|\n|t:|1684013777\n|switch|p1a: Dragonite|Dragonite, L50, F|100\/100\n|move|p2b: Scizor|Bullet Punch|p1b: Gyarados\n|-resisted|p1b: Gyarados\n|-damage|p1b: Gyarados|0 fnt\n|faint|p1b: Gyarados\n|move|p2a: Gyarados|Waterfall|p1a: Dragonite\n|-resisted|p1a: Dragonite\n|-damage|p1a: Dragonite|89\/100\n|\n|upkeep\n|c|\u2606Firaas|heatwave was useless\n|\n|t:|1684013794\n|switch|p1b: Orthworm|Orthworm, L50, F, tera:Fire|65\/100\n|turn|4\n|\n|t:|1684013810\n|move|p2b: Scizor|Protect|p2b: Scizor\n|-singleturn|p2b: Scizor|Protect\n|move|p1a: Dragonite|Thunder Punch|p2a: Gyarados\n|-supereffective|p2a: Gyarados\n|-damage|p2a: Gyarados|0 fnt\n|faint|p2a: Gyarados\n|move|p1b: Orthworm|Body Press|p2b: Scizor\n|-activate|p2b: Scizor|move: Protect\n|\n|upkeep\n|\n|t:|1684013818\n|switch|p2a: Tyranitar|Tyranitar, L50, M|100\/100\n|-weather|Sandstorm|[from] ability: Sand Stream|[of] p2a: Tyranitar\n|turn|5\n|\n|t:|1684013833\n|move|p2b: Scizor|Bullet Punch|p1b: Orthworm\n|-resisted|p1b: Orthworm\n|-damage|p1b: Orthworm|54\/100\n|move|p1a: Dragonite|Earthquake|p2a: Tyranitar|[spread] p2a,p2b\n|-heal|p1b: Orthworm|79\/100|[from] ability: Earth Eater|[of] p1a: Dragonite\n|-supereffective|p2a: Tyranitar\n|-damage|p2a: Tyranitar|56\/100\n|-damage|p2b: Scizor|0 fnt\n|faint|p2b: Scizor\n|move|p1b: Orthworm|Body Press|p2a: Tyranitar\n|-supereffective|p2a: Tyranitar\n|-damage|p2a: Tyranitar|0 fnt\n|faint|p2a: Tyranitar\n|\n|win|SoggyWaffles35\n|raw|SoggyWaffles35's rating: 1344 → 1363<\/strong> (+19 for winning)\n|raw|Firaas's rating: 1320 → 1301<\/strong> (-19 for losing)\n|c|\u2606SoggyWaffles35|gg\n","uploadtime":1684013845,"views":11,"p1id":"soggywaffles35","p2id":"firaas","formatid":"gen9vgc2023regulationc","rating":1301,"private":0,"password":""}