{"id":"gen9vgc2023regulationc-1856553770","p1":"Agisuru","p2":"IxLAMPxI","format":"[Gen 9] VGC 2023 Regulation C","log":"|j|\u2606Agisuru\n|j|\u2606IxLAMPxI\n|t:|1683075048\n|gametype|doubles\n|player|p1|Agisuru|flannery|1267\n|player|p2|IxLAMPxI|backpacker|1251\n|teamsize|p1|6\n|teamsize|p2|6\n|gen|9\n|tier|[Gen 9] VGC 2023 Regulation C\n|rated|\n|rule|Species Clause: Limit one of each Pok\u00e9mon\n|rule|Item Clause: Limit one of each item\n|clearpoke\n|poke|p1|Hariyama, L50, M|\n|poke|p1|Farigiraf, L50, M|\n|poke|p1|Arboliva, L50, F|\n|poke|p1|Bellibolt, L50, M|\n|poke|p1|Brute Bonnet, L50|\n|poke|p1|Flutter Mane, L50|\n|poke|p2|Ting-Lu, L50|\n|poke|p2|Abomasnow, L50, F|\n|poke|p2|Iron Bundle, L50|\n|poke|p2|Vivillon-Ocean, L50, F|\n|poke|p2|Bronzong, L50|\n|poke|p2|Rotom-Heat, L50|\n|teampreview|4\n|inactive|Battle timer is ON: inactive players will automatically lose when time's up. (requested by Agisuru)\nAgisuru has agreed to open team sheets.\n|c|\u2606Agisuru|gl hf my guy\n|inactive|IxLAMPxI has 60 seconds left.\n|c|\u2606Agisuru|Is your team christmas themed\n|\n|t:|1683075102\n|start\n|switch|p1a: Bluegrass|Hariyama, L50, M|100\/100\n|switch|p1b: Bermuda|Farigiraf, L50, M, shiny|100\/100\n|switch|p2a: Bronzong|Bronzong, L50, shiny|100\/100\n|switch|p2b: Ting-Lu|Ting-Lu, L50|100\/100\n|-ability|p2b: Ting-Lu|Vessel of Ruin\n|turn|1\n|c|\u2606Agisuru|Santa, a christmas tree, a vaguely reindeer-esque ting lu\n|c|\u2606IxLAMPxI|haha no its not\n|inactive|IxLAMPxI has 30 seconds left.\n|c|\u2606Agisuru|Bells? Are christmassy? I think?\n|c|\u2606Agisuru|I have no Rotom justification\n|inactive|IxLAMPxI has 20 seconds left.\n|inactive|IxLAMPxI has 15 seconds left.\n|\n|t:|1683075146\n|switch|p2a: Vivillon|Vivillon-Ocean, L50, F, shiny|100\/100\n|-terastallize|p2b: Ting-Lu|Ground\n|move|p2b: Ting-Lu|Earthquake|p1b: Bermuda|[spread] p1a,p1b\n|-immune|p2a: Vivillon\n|-damage|p1a: Bluegrass|22\/100\n|-damage|p1b: Bermuda|14\/100\n|move|p1b: Bermuda|Dazzling Gleam|p2b: Ting-Lu|[spread] p2a,p2b\n|-damage|p2a: Vivillon|71\/100\n|-damage|p2b: Ting-Lu|93\/100\n|move|p1a: Bluegrass|Close Combat|p2b: Ting-Lu\n|-damage|p2b: Ting-Lu|63\/100\n|-unboost|p1a: Bluegrass|def|1\n|-unboost|p1a: Bluegrass|spd|1\n|\n|-status|p1a: Bluegrass|brn|[from] item: Flame Orb\n|upkeep\n|turn|2\n|\n|t:|1683075171\n|move|p1a: Bluegrass|Wide Guard|p1a: Bluegrass\n|-singleturn|p1a: Bluegrass|Wide Guard\n|move|p2a: Vivillon|Pollen Puff|p2b: Ting-Lu\n|-heal|p2b: Ting-Lu|100\/100\n|move|p2b: Ting-Lu|Earthquake|p1b: Bermuda|[spread] \n|-activate|p1a: Bluegrass|move: Wide Guard\n|-activate|p1b: Bermuda|move: Wide Guard\n|-immune|p2a: Vivillon\n|move|p1b: Bermuda|Trick Room|p1b: Bermuda\n|-fieldstart|move: Trick Room|[of] p1b: Bermuda\n|\n|-damage|p1a: Bluegrass|16\/100 brn|[from] brn\n|upkeep\n|turn|3\n|inactive|IxLAMPxI has 30 seconds left.\n|\n|t:|1683075196\n|move|p1a: Bluegrass|Knock Off|p2b: Ting-Lu\n|-damage|p2b: Ting-Lu|78\/100\n|-enditem|p2b: Ting-Lu|Choice Band|[from] move: Knock Off|[of] p1a: Bluegrass\n|move|p1b: Bermuda|Hyper Voice|p2b: Ting-Lu|[spread] p2a,p2b\n|-damage|p2a: Vivillon|17\/100\n|-damage|p2b: Ting-Lu|64\/100\n|move|p2b: Ting-Lu|Earthquake|p1a: Bluegrass|[spread] p1a,p1b\n|-immune|p2a: Vivillon\n|-damage|p1a: Bluegrass|0 fnt\n|-damage|p1b: Bermuda|0 fnt\n|faint|p1a: Bluegrass\n|faint|p1b: Bermuda\n|move|p2a: Vivillon|Pollen Puff|p1: Bluegrass|[notarget]\n|-fail|p2a: Vivillon\n|\n|upkeep\n|\n|t:|1683075204\n|switch|p1a: Floratam|Arboliva, L50, F|100\/100\n|switch|p1b: Dichondra|Bellibolt, L50, M, shiny|100\/100\n|turn|4\n|\n|t:|1683075226\n|move|p2a: Vivillon|Rage Powder|p2a: Vivillon\n|-singleturn|p2a: Vivillon|move: Rage Powder\n|move|p1a: Floratam|Reflect|p1a: Floratam\n|-sidestart|p1: Agisuru|Reflect\n|move|p1b: Dichondra|Muddy Water|p2b: Ting-Lu|[spread] p2a,p2b\n|-supereffective|p2b: Ting-Lu\n|-damage|p2a: Vivillon|0 fnt\n|-damage|p2b: Ting-Lu|48\/100\n|faint|p2a: Vivillon\n|move|p2b: Ting-Lu|Earthquake|p1a: Floratam|[spread] p1a,p1b\n|-resisted|p1a: Floratam\n|-supereffective|p1b: Dichondra\n|-damage|p1a: Floratam|82\/100\n|-damage|p1b: Dichondra|34\/100\n|-start|p1b: Dichondra|Charge|Earthquake|[from] ability: Electromorphosis\n|-fieldstart|move: Grassy Terrain|[from] ability: Seed Sower|[of] p1a: Floratam\n|-enditem|p1b: Dichondra|Grassy Seed\n|-boost|p1b: Dichondra|def|1|[from] item: Grassy Seed\n|\n|-heal|p1a: Floratam|88\/100|[from] Grassy Terrain\n|-heal|p1b: Dichondra|40\/100|[from] Grassy Terrain\n|-heal|p2b: Ting-Lu|54\/100|[from] Grassy Terrain\n|upkeep\n|\n|t:|1683075247\n|switch|p2a: Abomasnow|Abomasnow, L50, F, shiny|100\/100\n|-weather|Snow|[from] ability: Snow Warning|[of] p2a: Abomasnow\n|turn|5\n|inactive|IxLAMPxI has 30 seconds left.\n|\n|t:|1683075278\n|-terastallize|p1b: Dichondra|Electric\n|move|p1a: Floratam|Giga Drain|p2b: Ting-Lu\n|-supereffective|p2b: Ting-Lu\n|-damage|p2b: Ting-Lu|0 fnt\n|-heal|p1a: Floratam|100\/100|[from] drain|[of] p2b: Ting-Lu\n|faint|p2b: Ting-Lu\n|move|p1b: Dichondra|Parabolic Charge|p2a: Abomasnow|[spread] p1a,p2a\n|-resisted|p1a: Floratam\n|-resisted|p2a: Abomasnow\n|-damage|p1a: Floratam|76\/100\n|-heal|p1b: Dichondra|51\/100|[from] drain|[of] p1a: Floratam\n|-damage|p2a: Abomasnow|67\/100\n|-heal|p1b: Dichondra|67\/100|[from] drain|[of] p2a: Abomasnow\n|-end|p1b: Dichondra|Charge|[silent]\n|move|p2a: Abomasnow|Blizzard|p1a: Floratam|[spread] p1a,p1b\n|-supereffective|p1a: Floratam\n|-damage|p1a: Floratam|8\/100\n|-damage|p1b: Dichondra|38\/100\n|-start|p1b: Dichondra|Charge|Blizzard|[from] ability: Electromorphosis\n|\n|-weather|Snow|[upkeep]\n|-heal|p1a: Floratam|13\/100|[from] Grassy Terrain\n|-heal|p1b: Dichondra|44\/100|[from] Grassy Terrain\n|-heal|p2a: Abomasnow|72\/100|[from] Grassy Terrain\n|upkeep\n|\n|t:|1683075298\n|switch|p2b: Bronzong|Bronzong, L50, shiny|100\/100\n|turn|6\n|inactive|IxLAMPxI has 30 seconds left.\n|\n|t:|1683075325\n|move|p2b: Bronzong|Safeguard|p2b: Bronzong\n|-sidestart|p2: IxLAMPxI|Safeguard\n|move|p1a: Floratam|Light Screen|p1a: Floratam\n|-sidestart|p1: Agisuru|move: Light Screen\n|move|p1b: Dichondra|Soak|p2a: Abomasnow\n|-start|p2a: Abomasnow|typechange|Water\n|move|p2a: Abomasnow|Blizzard|p1b: Dichondra|[spread] p1a,p1b\n|-supereffective|p1a: Floratam\n|-damage|p1a: Floratam|0 fnt\n|-damage|p1b: Dichondra|30\/100\n|-start|p1b: Dichondra|Charge|Blizzard|[from] ability: Electromorphosis\n|faint|p1a: Floratam\n|\n|-weather|Snow|[upkeep]\n|-heal|p1b: Dichondra|37\/100|[from] Grassy Terrain\n|-heal|p2a: Abomasnow|78\/100|[from] Grassy Terrain\n|-fieldend|move: Trick Room\n|upkeep\n|turn|7\n|\n|t:|1683075348\n|move|p2a: Abomasnow|Blizzard|p1b: Dichondra\n|-damage|p1b: Dichondra|19\/100\n|-start|p1b: Dichondra|Charge|Blizzard|[from] ability: Electromorphosis\n|move|p1b: Dichondra|Parabolic Charge|p2b: Bronzong|[spread] p2a,p2b\n|-supereffective|p2a: Abomasnow\n|-damage|p2a: Abomasnow|0 fnt\n|-heal|p1b: Dichondra|54\/100|[from] drain|[of] p2a: Abomasnow\n|-damage|p2b: Bronzong|59\/100\n|-heal|p1b: Dichondra|71\/100|[from] drain|[of] p2b: Bronzong\n|faint|p2a: Abomasnow\n|-end|p1b: Dichondra|Charge|[silent]\n|move|p2b: Bronzong|Gyro Ball|p1b: Dichondra\n|-resisted|p1b: Dichondra\n|-damage|p1b: Dichondra|69\/100\n|-start|p1b: Dichondra|Charge|Gyro Ball|[from] ability: Electromorphosis\n|\n|-weather|Snow|[upkeep]\n|-heal|p1b: Dichondra|75\/100|[from] Grassy Terrain\n|upkeep\n|turn|8\n|inactive|IxLAMPxI has 30 seconds left.\n|c|\u2606IxLAMPxI|gg\n|-message|IxLAMPxI forfeited.\n|\n|win|Agisuru\n|raw|Agisuru's rating: 1267 → 1291<\/strong> (+24 for winning)\n|raw|IxLAMPxI's rating: 1251 → 1227<\/strong> (-24 for losing)\n|l|\u2606IxLAMPxI\n","uploadtime":1683075390,"views":7,"p1id":"agisuru","p2id":"ixlampxi","formatid":"gen9vgc2023regulationc","rating":1227,"private":0,"password":""}