{"id":"gen9vgc2023regulationc-1855668158","p1":"Topperlecat","p2":"Leafeon Enjoyer","format":"[Gen 9] VGC 2023 Regulation C","log":"|j|\u2606Topperlecat\n|j|\u2606Leafeon Enjoyer\n|t:|1682971467\n|gametype|doubles\n|player|p1|Topperlecat|n|1093\n|player|p2|Leafeon Enjoyer|lady-gen4|1126\n|teamsize|p1|6\n|teamsize|p2|6\n|gen|9\n|tier|[Gen 9] VGC 2023 Regulation C\n|rated|\n|rule|Species Clause: Limit one of each Pok\u00e9mon\n|rule|Item Clause: Limit one of each item\n|clearpoke\n|poke|p1|Volcarona, L50, F|\n|poke|p1|Gastrodon, L50, M|\n|poke|p1|Corviknight, L50, M|\n|poke|p1|Iron Bundle, L50|\n|poke|p1|Indeedee-F, L50, F|\n|poke|p1|Flutter Mane, L50|\n|poke|p2|Ting-Lu, L50|\n|poke|p2|Vivillon-Fancy, L50, F|\n|poke|p2|Iron Bundle, L50|\n|poke|p2|Abomasnow, L50, M|\n|poke|p2|Annihilape, L50, F|\n|poke|p2|Chien-Pao, L50|\n|teampreview|4\n|inactive|Battle timer is ON: inactive players will automatically lose when time's up. (requested by Leafeon Enjoyer)\nLeafeon Enjoyer rejected open team sheets.\n|inactive|Topperlecat has 60 seconds left.\n|\n|t:|1682971503\n|start\n|switch|p1a: radiance|Volcarona, L50, F|100\/100\n|switch|p1b: croissant|Indeedee-F, L50, F|100\/100\n|switch|p2a: Abomasnow|Abomasnow, L50, M|100\/100\n|switch|p2b: Iron Bundle|Iron Bundle, L50|100\/100\n|-fieldstart|move: Psychic Terrain|[from] ability: Psychic Surge|[of] p1b: croissant\n|-enditem|p1b: croissant|Psychic Seed\n|-boost|p1b: croissant|spd|1|[from] item: Psychic Seed\n|-weather|Snow|[from] ability: Snow Warning|[of] p2a: Abomasnow\n|-enditem|p2b: Iron Bundle|Booster Energy\n|-activate|p2b: Iron Bundle|ability: Quark Drive|[fromitem]\n|-start|p2b: Iron Bundle|quarkdrivespe\n|turn|1\n|\n|t:|1682971512\n|-terastallize|p2a: Abomasnow|Water\n|move|p1b: croissant|Follow Me|p1b: croissant\n|-singleturn|p1b: croissant|move: Follow Me\n|move|p2b: Iron Bundle|Aurora Veil|p2b: Iron Bundle\n|-sidestart|p2: Leafeon Enjoyer|move: Aurora Veil\n|move|p1a: radiance|Fiery Dance|p2a: Abomasnow\n|-resisted|p2a: Abomasnow\n|-damage|p2a: Abomasnow|88\/100\n|move|p2a: Abomasnow|Blizzard|p1b: croissant|[spread] p1a,p1b\n|-resisted|p1a: radiance\n|-damage|p1a: radiance|82\/100\n|-damage|p1b: croissant|76\/100\n|-damage|p2a: Abomasnow|78\/100|[from] item: Life Orb\n|\n|-weather|Snow|[upkeep]\n|-heal|p1a: radiance|88\/100|[from] item: Leftovers\n|upkeep\n|turn|2\n|\n|t:|1682971531\n|move|p1b: croissant|Follow Me|p1b: croissant\n|-singleturn|p1b: croissant|move: Follow Me\n|move|p2b: Iron Bundle|Blizzard|p1a: radiance|[spread] p1a,p1b\n|-resisted|p1a: radiance\n|-damage|p1a: radiance|70\/100\n|-damage|p1b: croissant|54\/100\n|move|p1a: radiance|Quiver Dance|p1a: radiance\n|-boost|p1a: radiance|spa|1\n|-boost|p1a: radiance|spd|1\n|-boost|p1a: radiance|spe|1\n|move|p2a: Abomasnow|Blizzard|p1b: croissant|[spread] p1a,p1b\n|-resisted|p1a: radiance\n|-damage|p1a: radiance|59\/100\n|-damage|p1b: croissant|32\/100\n|-damage|p2a: Abomasnow|69\/100|[from] item: Life Orb\n|\n|-weather|Snow|[upkeep]\n|-heal|p1a: radiance|65\/100|[from] item: Leftovers\n|upkeep\n|turn|3\n|\n|t:|1682971548\n|move|p1b: croissant|Helping Hand|p1a: radiance\n|-singleturn|p1a: radiance|Helping Hand|[of] p1b: croissant\n|move|p2b: Iron Bundle|Blizzard|p1b: croissant|[spread] p1a,p1b\n|-resisted|p1a: radiance\n|-crit|p1b: croissant\n|-damage|p1a: radiance|55\/100\n|-damage|p1b: croissant|0 fnt\n|faint|p1b: croissant\n|move|p1a: radiance|Giga Drain|p2a: Abomasnow\n|-supereffective|p2a: Abomasnow\n|-damage|p2a: Abomasnow|0 fnt\n|-heal|p1a: radiance|89\/100|[from] drain|[of] p2a: Abomasnow\n|faint|p2a: Abomasnow\n|\n|-weather|Snow|[upkeep]\n|-heal|p1a: radiance|95\/100|[from] item: Leftovers\n|upkeep\n|\n|t:|1682971560\n|switch|p1b: weezer|Flutter Mane, L50|100\/100\n|switch|p2a: Vivillon|Vivillon-Fancy, L50, F|100\/100\n|-enditem|p1b: weezer|Booster Energy\n|-activate|p1b: weezer|ability: Protosynthesis|[fromitem]\n|-start|p1b: weezer|protosynthesisspa\n|turn|4\n|\n|t:|1682971573\n|-terastallize|p1b: weezer|Fairy\n|move|p2a: Vivillon|Rage Powder|p2a: Vivillon\n|-singleturn|p2a: Vivillon|move: Rage Powder\n|move|p2b: Iron Bundle|Hydro Pump|p1a: radiance\n|-supereffective|p1a: radiance\n|-damage|p1a: radiance|33\/100\n|move|p1a: radiance|Fiery Dance|p2a: Vivillon\n|-supereffective|p2a: Vivillon\n|-enditem|p2a: Vivillon|Focus Sash\n|-damage|p2a: Vivillon|1\/100\n|move|p1b: weezer|Dazzling Gleam|p2b: Iron Bundle|[spread] p2a,p2b\n|-damage|p2a: Vivillon|0 fnt\n|-damage|p2b: Iron Bundle|58\/100\n|faint|p2a: Vivillon\n|\n|-weather|Snow|[upkeep]\n|-heal|p1a: radiance|39\/100|[from] item: Leftovers\n|upkeep\n|\n|t:|1682971587\n|switch|p2a: Annihilape|Annihilape, L50, F|100\/100\n|turn|5\n|\n|t:|1682971595\n|move|p1a: radiance|Protect|p1a: radiance\n|-singleturn|p1a: radiance|Protect\n|move|p1b: weezer|Protect|p1b: weezer\n|-singleturn|p1b: weezer|Protect\n|move|p2b: Iron Bundle|Hydro Pump|p1a: radiance\n|-activate|p1a: radiance|move: Protect\n|move|p2a: Annihilape|Rage Fist|p1b: weezer\n|-activate|p1b: weezer|move: Protect\n|\n|-weather|none\n|-heal|p1a: radiance|45\/100|[from] item: Leftovers\n|-sideend|p2: Leafeon Enjoyer|move: Aurora Veil\n|-fieldend|move: Psychic Terrain\n|upkeep\n|turn|6\n|\n|t:|1682971612\n|move|p2b: Iron Bundle|Hydro Pump|p1a: radiance\n|-supereffective|p1a: radiance\n|-damage|p1a: radiance|0 fnt\n|faint|p1a: radiance\n|move|p1b: weezer|Moonblast|p2a: Annihilape\n|-supereffective|p2a: Annihilape\n|-enditem|p2a: Annihilape|Roseli Berry|[eat]\n|-enditem|p2a: Annihilape|Roseli Berry|[weaken]\n|-damage|p2a: Annihilape|25\/100\n|move|p2a: Annihilape|Phantom Force||[still]\n|-prepare|p2a: Annihilape|Phantom Force\n|\n|upkeep\n|\n|t:|1682971620\n|switch|p1a: the biggest bird|Corviknight, L50, M|100\/100\n|turn|7\n|\n|t:|1682971634\n|move|p2b: Iron Bundle|Hydro Pump|p1a: the biggest bird\n|-damage|p1a: the biggest bird|54\/100\n|move|p1b: weezer|Moonblast|p2b: Iron Bundle\n|-damage|p2b: Iron Bundle|0 fnt\n|faint|p2b: Iron Bundle\n|-end|p2b: Iron Bundle|Quark Drive|[silent]\n|move|p2a: Annihilape|Phantom Force|p1b: weezer|[from]lockedmove\n|-damage|p1b: weezer|33\/100\n|move|p1a: the biggest bird|Brave Bird|p2a: Annihilape\n|-supereffective|p2a: Annihilape\n|-damage|p2a: Annihilape|0 fnt\n|faint|p2a: Annihilape\n|-damage|p1a: the biggest bird|45\/100|[from] Recoil\n|\n|win|Topperlecat\n|raw|Topperlecat's rating: 1093 → 1122<\/strong> (+29 for winning)\n|raw|Leafeon Enjoyer's rating: 1126 → 1099<\/strong> (-27 for losing)\n|l|\u2606Leafeon Enjoyer\n","uploadtime":1682971657,"views":10,"p1id":"topperlecat","p2id":"leafeonenjoyer","formatid":"gen9vgc2023regulationc","rating":1099,"private":0,"password":""}