{"id":"gen9vgc2023regulationc-1853494196","p1":"BTLH83","p2":"vollzeitmetaler","format":"[Gen 9] VGC 2023 Regulation C","log":"|j|\u2606BTLH83\n|j|\u2606vollzeitmetaler\n|t:|1682690661\n|gametype|doubles\n|player|p1|BTLH83|1|1049\n|player|p2|vollzeitmetaler|1|1033\n|teamsize|p1|6\n|teamsize|p2|6\n|gen|9\n|tier|[Gen 9] VGC 2023 Regulation C\n|rated|\n|rule|Species Clause: Limit one of each Pok\u00e9mon\n|rule|Item Clause: Limit one of each item\n|clearpoke\n|poke|p1|Flutter Mane, L50|\n|poke|p1|Chi-Yu, L50|\n|poke|p1|Palafin, L50, M|\n|poke|p1|Ting-Lu, L50|\n|poke|p1|Wo-Chien, L50|\n|poke|p1|Baxcalibur, L50, M|\n|poke|p2|Arcanine, L50, F|\n|poke|p2|Chien-Pao, L50|\n|poke|p2|Flutter Mane, L50|\n|poke|p2|Great Tusk, L50|\n|poke|p2|Amoonguss, L50, M|\n|poke|p2|Sableye, L50, M|\n|teampreview|4\nBTLH83 rejected open team sheets.\n|\n|t:|1682690693\n|start\n|switch|p1a: Chi-Yu|Chi-Yu, L50|100\/100\n|switch|p1b: Palafin|Palafin, L50, M|100\/100\n|switch|p2a: Chien-Pao|Chien-Pao, L50|100\/100\n|switch|p2b: Flutter Mane|Flutter Mane, L50|100\/100\n|-ability|p1a: Chi-Yu|Beads of Ruin\n|-ability|p2a: Chien-Pao|Sword of Ruin\n|turn|1\n|inactive|Battle timer is ON: inactive players will automatically lose when time's up. (requested by BTLH83)\n|\n|t:|1682690718\n|-terastallize|p2b: Flutter Mane|Ghost\n|move|p2a: Chien-Pao|Protect|p2a: Chien-Pao\n|-singleturn|p2a: Chien-Pao|Protect\n|move|p1b: Palafin|Protect|p1b: Palafin\n|-singleturn|p1b: Palafin|Protect\n|move|p1a: Chi-Yu|Overheat|p2a: Chien-Pao\n|-activate|p2a: Chien-Pao|move: Protect\n|move|p2b: Flutter Mane|Energy Ball|p1b: Palafin\n|-activate|p1b: Palafin|move: Protect\n|\n|upkeep\n|turn|2\n|inactive|vollzeitmetaler has 30 seconds left.\n|\n|t:|1682690747\n|-end|p2b: Flutter Mane|Protosynthesis|[silent]\n|switch|p2b: Sableye|Sableye, L50, M|100\/100\n|switch|p2a: Arcanine|Arcanine, L50, F|100\/100\n|-ability|p2a: Arcanine|Intimidate|boost\n|-unboost|p1a: Chi-Yu|atk|1\n|-unboost|p1b: Palafin|atk|1\n|move|p1a: Chi-Yu|Overheat|p2a: Arcanine\n|-resisted|p2a: Arcanine\n|-damage|p2a: Arcanine|39\/100\n|-unboost|p1a: Chi-Yu|spa|2\n|move|p1b: Palafin|Substitute|p1b: Palafin\n|-start|p1b: Palafin|Substitute\n|-damage|p1b: Palafin|76\/100\n|\n|upkeep\n|turn|3\n|inactive|vollzeitmetaler has 30 seconds left.\n|\n|t:|1682690774\n|move|p1b: Palafin|Protect|p1b: Palafin\n|-singleturn|p1b: Palafin|Protect\n|move|p2b: Sableye|Shadow Sneak|p1b: Palafin\n|-activate|p1b: Palafin|move: Protect\n|move|p1a: Chi-Yu|Overheat|p2a: Arcanine|[miss]\n|-miss|p1a: Chi-Yu|p2a: Arcanine\n|move|p2a: Arcanine|Sunny Day|p2a: Arcanine\n|-weather|SunnyDay\n|\n|-weather|SunnyDay|[upkeep]\n|upkeep\n|turn|4\n|\n|t:|1682690796\n|move|p2a: Arcanine|Extreme Speed|p1b: Palafin\n|-end|p1b: Palafin|Substitute\n|-damage|p2a: Arcanine|30\/100|[from] item: Life Orb\n|move|p2b: Sableye|Will-O-Wisp|p1b: Palafin\n|-status|p1b: Palafin|brn\n|move|p1a: Chi-Yu|Overheat|p2a: Arcanine\n|-resisted|p2a: Arcanine\n|-damage|p2a: Arcanine|0 fnt\n|-unboost|p1a: Chi-Yu|spa|2\n|faint|p2a: Arcanine\n|move|p1b: Palafin|Wave Crash|p2b: Sableye\n|-damage|p2b: Sableye|88\/100\n|-damage|p1b: Palafin|73\/100 brn|[from] Recoil\n|\n|-weather|SunnyDay|[upkeep]\n|-heal|p2b: Sableye|94\/100|[from] item: Leftovers\n|-damage|p1b: Palafin|66\/100 brn|[from] brn\n|upkeep\n|\n|t:|1682690805\n|switch|p2a: Flutter Mane|Flutter Mane, L50, tera:Ghost|100\/100\n|-activate|p2a: Flutter Mane|ability: Protosynthesis\n|-start|p2a: Flutter Mane|protosynthesisspe\n|turn|5\n|\n|t:|1682690824\n|detailschange|p1b: Palafin|Palafin-Hero, L50, M\n|switch|p1b: Ting-Lu|Ting-Lu, L50|100\/100\n|-ability|p1b: Ting-Lu|Vessel of Ruin\n|move|p2b: Sableye|Quash|p1a: Chi-Yu\n|-hint|Since gen 7, Dark is immune to Prankster moves.\n|-immune|p1a: Chi-Yu\n|move|p2a: Flutter Mane|Draining Kiss|p1a: Chi-Yu\n|-damage|p1a: Chi-Yu|81\/100\n|move|p1a: Chi-Yu|Overheat|p2b: Sableye\n|-damage|p2b: Sableye|44\/100\n|-unboost|p1a: Chi-Yu|spa|2\n|\n|-weather|SunnyDay|[upkeep]\n|-heal|p2b: Sableye|50\/100|[from] item: Leftovers\n|upkeep\n|turn|6\n|inactive|BTLH83 has 30 seconds left.\n|inactive|vollzeitmetaler has 30 seconds left.\n|\n|t:|1682690854\n|switch|p1a: Palafin|Palafin-Hero, L50, M|66\/100 brn\n|-activate|p1a: Palafin|ability: Zero to Hero\n|move|p2b: Sableye|Will-O-Wisp|p1b: Ting-Lu\n|-hint|Since gen 7, Dark is immune to Prankster moves.\n|-immune|p1b: Ting-Lu\n|move|p2a: Flutter Mane|Energy Ball|p1b: Ting-Lu\n|-supereffective|p1b: Ting-Lu\n|-damage|p1b: Ting-Lu|77\/100\n|move|p1b: Ting-Lu|Fissure|p2a: Flutter Mane\n|-damage|p2a: Flutter Mane|0 fnt\n|faint|p2a: Flutter Mane\n|-end|p2a: Flutter Mane|Protosynthesis|[silent]\n|-ohko\n|\n|-weather|SunnyDay|[upkeep]\n|-heal|p2b: Sableye|56\/100|[from] item: Leftovers\n|-damage|p1a: Palafin|60\/100 brn|[from] brn\n|upkeep\n|\n|t:|1682690874\n|switch|p2a: Chien-Pao|Chien-Pao, L50|100\/100\n|-ability|p2a: Chien-Pao|Sword of Ruin\n|turn|7\n|inactive|vollzeitmetaler has 30 seconds left.\n|inactive|vollzeitmetaler has 20 seconds left.\n|inactive|vollzeitmetaler has 15 seconds left.\n|\n|t:|1682690919\n|move|p1a: Palafin|Protect|p1a: Palafin\n|-singleturn|p1a: Palafin|Protect\n|move|p2b: Sableye|Quash|p1a: Palafin\n|-activate|p1a: Palafin|move: Protect\n|move|p2a: Chien-Pao|Ice Spinner|p1b: Ting-Lu\n|-supereffective|p1b: Ting-Lu\n|-damage|p1b: Ting-Lu|10\/100\n|move|p1b: Ting-Lu|Heavy Slam|p2a: Chien-Pao\n|-supereffective|p2a: Chien-Pao\n|-crit|p2a: Chien-Pao\n|-enditem|p2a: Chien-Pao|Focus Sash\n|-damage|p2a: Chien-Pao|1\/100\n|\n|-weather|none\n|-heal|p2b: Sableye|62\/100|[from] item: Leftovers\n|-damage|p1a: Palafin|54\/100 brn|[from] brn\n|upkeep\n|turn|8\n|inactive|BTLH83 has 30 seconds left.\n|\n|t:|1682690953\n|switch|p1b: Flutter Mane|Flutter Mane, L50|100\/100\n|move|p2b: Sableye|Quash|p1a: Palafin\n|-activate|p1a: Palafin|move: Quash\n|move|p2a: Chien-Pao|Crunch|p1a: Palafin\n|-damage|p1a: Palafin|5\/100 brn\n|move|p1a: Palafin|Substitute|p1a: Palafin\n|-fail|p1a: Palafin|move: Substitute|[weak]\n|\n|-heal|p2b: Sableye|67\/100|[from] item: Leftovers\n|-damage|p1a: Palafin|0 fnt|[from] brn\n|faint|p1a: Palafin\n|upkeep\n|\n|t:|1682690966\n|switch|p1a: Chi-Yu|Chi-Yu, L50|81\/100\n|-ability|p1a: Chi-Yu|Beads of Ruin\n|turn|9\n|\n|t:|1682690985\n|move|p2b: Sableye|Shadow Sneak|p1b: Flutter Mane\n|-supereffective|p1b: Flutter Mane\n|-damage|p1b: Flutter Mane|38\/100\n|move|p1a: Chi-Yu|Overheat|p2b: Sableye\n|-damage|p2b: Sableye|0 fnt\n|-unboost|p1a: Chi-Yu|spa|2\n|faint|p2b: Sableye\n|move|p2a: Chien-Pao|Crunch|p1b: Flutter Mane\n|-damage|p1b: Flutter Mane|0 fnt\n|faint|p1b: Flutter Mane\n|-end|p1b: Flutter Mane|Protosynthesis|[silent]\n|\n|upkeep\n|\n|t:|1682690996\n|switch|p1b: Ting-Lu|Ting-Lu, L50|10\/100\n|-ability|p1b: Ting-Lu|Vessel of Ruin\n|turn|10\n|c|\u2606vollzeitmetaler|Gg :)\n|\n|t:|1682691021\n|-terastallize|p1b: Ting-Lu|Poison\n|move|p1a: Chi-Yu|Overheat|p2a: Chien-Pao\n|-supereffective|p2a: Chien-Pao\n|-damage|p2a: Chien-Pao|0 fnt\n|-unboost|p1a: Chi-Yu|spa|2\n|faint|p2a: Chien-Pao\n|\n|win|BTLH83\n|raw|BTLH83's rating: 1049 → 1080<\/strong> (+31 for winning)\n|raw|vollzeitmetaler's rating: 1033 → 1019<\/strong> (-14 for losing)\n|l|\u2606vollzeitmetaler\n","uploadtime":1682691034,"views":8,"p1id":"btlh83","p2id":"vollzeitmetaler","formatid":"gen9vgc2023regulationc","rating":1019,"private":0,"password":""}