{"id":"gen9vgc2023regulationc-1852404523","p1":"SorcererBadgerTG","p2":"anshar_training","format":"[Gen 9] VGC 2023 Regulation C","log":"|j|\u2606SorcererBadgerTG\n|j|\u2606anshar_training\n|t:|1682553470\n|gametype|doubles\n|player|p1|SorcererBadgerTG|169|1131\n|player|p2|anshar_training|colress|1101\n|teamsize|p1|6\n|teamsize|p2|6\n|gen|9\n|tier|[Gen 9] VGC 2023 Regulation C\n|rated|\n|rule|Species Clause: Limit one of each Pok\u00e9mon\n|rule|Item Clause: Limit one of each item\n|clearpoke\n|poke|p1|Great Tusk, L50|\n|poke|p1|Palafin, L50, F|\n|poke|p1|Gholdengo, L50|\n|poke|p1|Slither Wing, L50|\n|poke|p1|Flutter Mane, L50|\n|poke|p1|Murkrow, L50, F|\n|poke|p2|Palafin, L50, M|\n|poke|p2|Flutter Mane, L50|\n|poke|p2|Arcanine, L50, F|\n|poke|p2|Amoonguss, L50, M|\n|poke|p2|Ting-Lu, L50|\n|poke|p2|Roaring Moon, L50|\n|teampreview|4\n|inactive|Battle timer is ON: inactive players will automatically lose when time's up. (requested by SorcererBadgerTG)\nSorcererBadgerTG has agreed to open team sheets.\n|inactive|SorcererBadgerTG has 60 seconds left.\n|l|\u2606anshar_training\n|inactive|anshar_training disconnected and has a minute to reconnect!\n|player|p2|\n|j|\u2606anshar_training\n|inactive|anshar_training reconnected.\n|player|p2|anshar_training|colress\n|inactive|SorcererBadgerTG has 30 seconds left.\n|inactive|anshar_training has 60 seconds left.\n|\n|t:|1682553548\n|start\n|switch|p1a: Murkrow|Murkrow, L50, F|100\/100\n|switch|p1b: Palafin|Palafin, L50, F|100\/100\n|switch|p2a: Susy|Amoonguss, L50, M|100\/100\n|switch|p2b: Benito|Roaring Moon, L50|100\/100\n|-enditem|p2b: Benito|Booster Energy\n|-activate|p2b: Benito|ability: Protosynthesis|[fromitem]\n|-start|p2b: Benito|protosynthesisatk\n|turn|1\n|inactive|SorcererBadgerTG has 30 seconds left.\n|\n|t:|1682553573\n|move|p1b: Palafin|Protect|p1b: Palafin\n|-singleturn|p1b: Palafin|Protect\n|move|p2a: Susy|Rage Powder|p2a: Susy\n|-singleturn|p2a: Susy|move: Rage Powder\n|move|p1a: Murkrow|Tailwind|p1a: Murkrow\n|-sidestart|p1: SorcererBadgerTG|move: Tailwind\n|move|p2b: Benito|Dragon Dance|p2b: Benito\n|-boost|p2b: Benito|atk|1\n|-boost|p2b: Benito|spe|1\n|\n|upkeep\n|turn|2\n|inactive|SorcererBadgerTG has 30 seconds left.\n|inactive|anshar_training has 30 seconds left.\n|\n|t:|1682553601\n|detailschange|p1b: Palafin|Palafin-Hero, L50, F\n|switch|p1b: Great Tusk|Great Tusk, L50|100\/100\n|-end|p2b: Benito|Protosynthesis|[silent]\n|switch|p2b: Cornelia|Flutter Mane, L50|100\/100\n|move|p1a: Murkrow|Haze|p1a: Murkrow\n|-clearallboost\n|move|p2a: Susy|Spore|p1a: Murkrow\n|-status|p1a: Murkrow|slp|[from] move: Spore\n|\n|upkeep\n|turn|3\n|inactive|SorcererBadgerTG has 30 seconds left.\n|inactive|anshar_training has 30 seconds left.\n|\n|t:|1682553633\n|-terastallize|p1b: Great Tusk|Ground\n|-terastallize|p2b: Cornelia|Fairy\n|cant|p1a: Murkrow|slp\n|move|p1b: Great Tusk|Ice Spinner|p2a: Susy\n|-supereffective|p2a: Susy\n|-damage|p2a: Susy|21\/100\n|-enditem|p2a: Susy|Sitrus Berry|[eat]\n|-heal|p2a: Susy|46\/100|[from] item: Sitrus Berry\n|move|p2b: Cornelia|Dazzling Gleam|p1a: Murkrow|[spread] p1a,p1b\n|-supereffective|p1a: Murkrow\n|-damage|p1a: Murkrow|0 fnt\n|-damage|p1b: Great Tusk|34\/100\n|faint|p1a: Murkrow\n|move|p2a: Susy|Spore|p1b: Great Tusk\n|-status|p1b: Great Tusk|slp|[from] move: Spore\n|\n|upkeep\n|\n|t:|1682553658\n|switch|p1a: Palafin|Palafin-Hero, L50, F|100\/100\n|-activate|p1a: Palafin|ability: Zero to Hero\n|turn|4\n|\n|t:|1682553672\n|move|p2a: Susy|Rage Powder|p2a: Susy\n|-singleturn|p2a: Susy|move: Rage Powder\n|move|p1a: Palafin|Jet Punch|p2a: Susy\n|-resisted|p2a: Susy\n|-damage|p2a: Susy|24\/100\n|-damage|p1a: Palafin|91\/100|[from] item: Life Orb\n|cant|p1b: Great Tusk|slp\n|move|p2b: Cornelia|Dazzling Gleam|p1a: Palafin|[spread] p1a,p1b\n|-damage|p1a: Palafin|22\/100\n|-damage|p1b: Great Tusk|0 fnt\n|faint|p1b: Great Tusk\n|-end|p1b: Great Tusk|Protosynthesis|[silent]\n|\n|-sideend|p1: SorcererBadgerTG|move: Tailwind\n|upkeep\n|\n|t:|1682553681\n|switch|p1b: Flutter Mane|Flutter Mane, L50|100\/100\n|turn|5\n|\n|t:|1682553698\n|move|p1a: Palafin|Protect|p1a: Palafin\n|-singleturn|p1a: Palafin|Protect\n|move|p2a: Susy|Rage Powder|p2a: Susy\n|-singleturn|p2a: Susy|move: Rage Powder\n|move|p2b: Cornelia|Dazzling Gleam|p1b: Flutter Mane|[spread] p1b\n|-activate|p1a: Palafin|move: Protect\n|-damage|p1b: Flutter Mane|65\/100\n|move|p1b: Flutter Mane|Moonblast|p2a: Susy\n|-resisted|p2a: Susy\n|-damage|p2a: Susy|5\/100\n|\n|upkeep\n|turn|6\n|\n|t:|1682553723\n|switch|p2a: Apolo|Arcanine, L50, F|100\/100\n|-ability|p2a: Apolo|Intimidate|boost\n|-unboost|p1a: Palafin|atk|1\n|-unboost|p1b: Flutter Mane|atk|1\n|move|p1a: Palafin|Jet Punch|p2b: Cornelia\n|-damage|p2b: Cornelia|40\/100\n|-damage|p1a: Palafin|12\/100|[from] item: Life Orb\n|move|p2b: Cornelia|Dazzling Gleam|p1a: Palafin|[spread] p1a,p1b\n|-damage|p1a: Palafin|0 fnt\n|-damage|p1b: Flutter Mane|30\/100\n|faint|p1a: Palafin\n|move|p1b: Flutter Mane|Moonblast|p2a: Apolo\n|-resisted|p2a: Apolo\n|-damage|p2a: Apolo|76\/100\n|\n|upkeep\n|turn|7\n|-message|SorcererBadgerTG forfeited.\n|\n|win|anshar_training\n|raw|SorcererBadgerTG's rating: 1131 → 1104<\/strong> (-27 for losing)\n|raw|anshar_training's rating: 1101 → 1128<\/strong> (+27 for winning)\n|l|\u2606SorcererBadgerTG\n","uploadtime":1682553749,"views":13,"p1id":"sorcererbadgertg","p2id":"anshartraining","formatid":"gen9vgc2023regulationc","rating":1104,"private":0,"password":""}