{"id":"gen9vgc2023regulationc-1860154417","p1":"Joe870502","p2":"Wow_Yangg","format":"[Gen 9] VGC 2023 Regulation C","log":"|j|\u2606Joe870502\n|j|\u2606Wow_Yangg\n|t:|1683601966\n|gametype|doubles\n|player|p1|Joe870502|dawn|1556\n|player|p2|Wow_Yangg|fisherman-gen4|1468\n|teamsize|p1|6\n|teamsize|p2|6\n|gen|9\n|tier|[Gen 9] VGC 2023 Regulation C\n|rated|\n|rule|Species Clause: Limit one of each Pok\u00e9mon\n|rule|Item Clause: Limit one of each item\n|clearpoke\n|poke|p1|Jumpluff, L50, F|\n|poke|p1|Torkoal, L50, M|\n|poke|p1|Great Tusk, L50|\n|poke|p1|Flutter Mane, L50|\n|poke|p1|Chien-Pao, L50|\n|poke|p1|Kingambit, L50, F|\n|poke|p2|Bellibolt, L50, F|\n|poke|p2|Scizor, L50, M|\n|poke|p2|Flutter Mane, L50|\n|poke|p2|Wo-Chien, L50|\n|poke|p2|Arcanine, L50, M|\n|poke|p2|Baxcalibur, L50, F|\n|teampreview|4\nJoe870502 has agreed to open team sheets.\n|inactive|Battle timer is ON: inactive players will automatically lose when time's up. (requested by Wow_Yangg)\n|\n|t:|1683602013\n|start\n|switch|p1a: Jumpluff|Jumpluff, L50, F|100\/100\n|switch|p1b: Torkoal|Torkoal, L50, M|100\/100\n|switch|p2a: Scizor|Scizor, L50, M|100\/100\n|switch|p2b: Baxcalibur|Baxcalibur, L50, F|100\/100\n|-weather|SunnyDay|[from] ability: Drought|[of] p1b: Torkoal\n|turn|1\n|\n|t:|1683602037\n|switch|p2a: Arcanine|Arcanine, L50, M|100\/100\n|-ability|p2a: Arcanine|Intimidate|boost\n|-unboost|p1a: Jumpluff|atk|1\n|-unboost|p1b: Torkoal|atk|1\n|-enditem|p1b: Torkoal|Eject Pack\n|\n|t:|1683602043\n|switch|p1b: Great Tusk|Great Tusk, L50|100\/100\n|-activate|p1b: Great Tusk|ability: Protosynthesis\n|-start|p1b: Great Tusk|protosynthesisatk\n|-terastallize|p1a: Jumpluff|Water\n|move|p1a: Jumpluff|Tailwind|p1a: Jumpluff\n|-sidestart|p1: Joe870502|move: Tailwind\n|move|p2b: Baxcalibur|Icicle Spear|p1b: Great Tusk\n|-supereffective|p1b: Great Tusk\n|-damage|p1b: Great Tusk|78\/100\n|-supereffective|p1b: Great Tusk\n|-damage|p1b: Great Tusk|56\/100\n|-supereffective|p1b: Great Tusk\n|-damage|p1b: Great Tusk|34\/100\n|-supereffective|p1b: Great Tusk\n|-damage|p1b: Great Tusk|9\/100\n|-supereffective|p1b: Great Tusk\n|-damage|p1b: Great Tusk|0 fnt\n|faint|p1b: Great Tusk\n|-end|p1b: Great Tusk|Protosynthesis|[silent]\n|-hitcount|p1: Great Tusk|5\n|\n|-weather|SunnyDay|[upkeep]\n|upkeep\n|\n|t:|1683602054\n|switch|p1b: Flutter Mane|Flutter Mane, L50|100\/100\n|-activate|p1b: Flutter Mane|ability: Protosynthesis\n|-start|p1b: Flutter Mane|protosynthesisspe\n|turn|2\n|\n|t:|1683602067\n|move|p2b: Baxcalibur|Protect|p2b: Baxcalibur\n|-singleturn|p2b: Baxcalibur|Protect\n|move|p1a: Jumpluff|Sleep Powder|p2b: Baxcalibur\n|-activate|p2b: Baxcalibur|move: Protect\n|move|p1b: Flutter Mane|Shadow Ball|p2a: Arcanine\n|-damage|p2a: Arcanine|26\/100\n|move|p2a: Arcanine|Flare Blitz|p1b: Flutter Mane\n|-damage|p1b: Flutter Mane|0 fnt\n|faint|p1b: Flutter Mane\n|-end|p1b: Flutter Mane|Protosynthesis|[silent]\n|-damage|p2a: Arcanine|0 fnt|[from] Recoil\n|faint|p2a: Arcanine\n|\n|-weather|SunnyDay|[upkeep]\n|upkeep\n|\n|t:|1683602085\n|switch|p1b: Torkoal|Torkoal, L50, M|100\/100\n|switch|p2a: Bellibolt|Bellibolt, L50, F|100\/100\n|turn|3\n|\n|t:|1683602095\n|-terastallize|p2a: Bellibolt|Water\n|move|p2b: Baxcalibur|Ice Shard|p1b: Torkoal\n|-resisted|p1b: Torkoal\n|-damage|p1b: Torkoal|91\/100\n|move|p1a: Jumpluff|Encore|p2b: Baxcalibur\n|-start|p2b: Baxcalibur|Encore\n|move|p1b: Torkoal|Yawn|p2a: Bellibolt\n|-start|p2a: Bellibolt|move: Yawn|[of] p1b: Torkoal\n|move|p2a: Bellibolt|Parabolic Charge|p1b: Torkoal|[spread] p2b,p1a,p1b\n|-resisted|p2b: Baxcalibur\n|-supereffective|p1a: Jumpluff\n|-damage|p2b: Baxcalibur|90\/100\n|-damage|p1a: Jumpluff|57\/100\n|-damage|p1b: Torkoal|65\/100\n|\n|-weather|SunnyDay|[upkeep]\n|upkeep\n|turn|4\n|inactive|Joe870502 has 30 seconds left.\n|\n|t:|1683602120\n|switch|p2a: Scizor|Scizor, L50, M|100\/100\n|move|p2b: Baxcalibur|Ice Shard|p1a: Jumpluff\n|-resisted|p1a: Jumpluff\n|-damage|p1a: Jumpluff|43\/100\n|move|p1a: Jumpluff|Sleep Powder|p2a: Scizor\n|-status|p2a: Scizor|slp|[from] move: Sleep Powder\n|move|p1b: Torkoal|Yawn|p2b: Baxcalibur\n|-start|p2b: Baxcalibur|move: Yawn|[of] p1b: Torkoal\n|\n|-weather|SunnyDay|[upkeep]\n|-sideend|p1: Joe870502|move: Tailwind\n|upkeep\n|turn|5\n|\n|t:|1683602142\n|move|p1b: Torkoal|Helping Hand|p1a: Jumpluff\n|-singleturn|p1a: Jumpluff|Helping Hand|[of] p1b: Torkoal\n|move|p2b: Baxcalibur|Ice Shard|p1a: Jumpluff\n|-resisted|p1a: Jumpluff\n|-damage|p1a: Jumpluff|29\/100\n|cant|p2a: Scizor|slp\n|move|p1a: Jumpluff|Leaf Storm|p2b: Baxcalibur\n|-resisted|p2b: Baxcalibur\n|-damage|p2b: Baxcalibur|71\/100\n|-unboost|p1a: Jumpluff|spa|2\n|\n|-weather|none\n|-end|p2b: Baxcalibur|move: Yawn|[silent]\n|-status|p2b: Baxcalibur|slp\n|upkeep\n|turn|6\n|-message|Joe870502 forfeited.\n|\n|win|Wow_Yangg\n|raw|Joe870502's rating: 1556 → 1531<\/strong> (-25 for losing)\n|raw|Wow_Yangg's rating: 1468 → 1493<\/strong> (+25 for winning)\n|l|\u2606Joe870502\n","uploadtime":1683602157,"views":20,"p1id":"joe870502","p2id":"wowyangg","formatid":"gen9vgc2023regulationc","rating":1493,"private":0,"password":""}