{"id":"gen9vgc2023regulationc-1845836648","p1":"Stefoakes","p2":"AXiS Fan","format":"[Gen 9] VGC 2023 Regulation C","log":"|j|\u2606Stefoakes\n|j|\u2606AXiS Fan\n|t:|1681769679\n|gametype|doubles\n|player|p1|Stefoakes|102|1408\n|player|p2|AXiS Fan|veteranf|1419\n|teamsize|p1|6\n|teamsize|p2|6\n|gen|9\n|tier|[Gen 9] VGC 2023 Regulation C\n|rated|\n|rule|Species Clause: Limit one of each Pok\u00e9mon\n|rule|Item Clause: Limit one of each item\n|clearpoke\n|poke|p1|Amoonguss, L50, M|\n|poke|p1|Chien-Pao, L50|\n|poke|p1|Dragonite, L50, M|\n|poke|p1|Gholdengo, L50|\n|poke|p1|Iron Bundle, L50|\n|poke|p1|Arcanine, L50, M|\n|poke|p2|Abomasnow, L50, M|\n|poke|p2|Cetitan, L50, M|\n|poke|p2|Ting-Lu, L50|\n|poke|p2|Arcanine, L50, M|\n|poke|p2|Flutter Mane, L50|\n|poke|p2|Rotom-Wash, L50|\n|teampreview|4\n|\n|t:|1681769712\n|start\n|switch|p1a: Optimus|Arcanine, L50, M|100\/100\n|switch|p1b: Gholdengo|Gholdengo, L50|100\/100\n|switch|p2a: Rotom|Rotom-Wash, L50|100\/100\n|switch|p2b: Abomasnow|Abomasnow, L50, M|100\/100\n|-ability|p1a: Optimus|Intimidate|boost\n|-unboost|p2a: Rotom|atk|1\n|-unboost|p2b: Abomasnow|atk|1\n|-weather|Snow|[from] ability: Snow Warning|[of] p2b: Abomasnow\n|turn|1\n|\n|t:|1681769736\n|switch|p2b: Arcanine|Arcanine, L50, M|100\/100\n|-ability|p2b: Arcanine|Intimidate|boost\n|-unboost|p1a: Optimus|atk|1\n|-unboost|p1b: Gholdengo|atk|1\n|move|p1b: Gholdengo|Thunderbolt|p2b: Arcanine\n|-damage|p2b: Arcanine|51\/100\n|move|p2a: Rotom|Hydro Pump|p1a: Optimus\n|-supereffective|p1a: Optimus\n|-damage|p1a: Optimus|14\/100\n|move|p1a: Optimus|Flare Blitz|p2b: Arcanine\n|-resisted|p2b: Arcanine\n|-damage|p2b: Arcanine|35\/100\n|-damage|p1a: Optimus|9\/100|[from] Recoil\n|\n|-weather|Snow|[upkeep]\n|upkeep\n|turn|2\n|\n|t:|1681769777\n|move|p2b: Arcanine|Flare Blitz|p1b: Gholdengo\n|-supereffective|p1b: Gholdengo\n|-damage|p1b: Gholdengo|0 fnt\n|faint|p1b: Gholdengo\n|-damage|p2b: Arcanine|7\/100|[from] Recoil\n|move|p2a: Rotom|Thunderbolt|p1a: Optimus\n|-damage|p1a: Optimus|0 fnt\n|faint|p1a: Optimus\n|\n|-weather|Snow|[upkeep]\n|upkeep\n|\n|t:|1681769789\n|switch|p1b: Hot Dog|Chien-Pao, L50|100\/100\n|switch|p1a: Iron Bundle|Iron Bundle, L50|100\/100\n|-ability|p1b: Hot Dog|Sword of Ruin\n|-enditem|p1a: Iron Bundle|Booster Energy\n|-activate|p1a: Iron Bundle|ability: Quark Drive|[fromitem]\n|-start|p1a: Iron Bundle|quarkdrivespe\n|turn|3\n|\n|t:|1681769833\n|-terastallize|p1a: Iron Bundle|Grass\n|move|p2b: Arcanine|Extreme Speed|p1b: Hot Dog\n|-damage|p1b: Hot Dog|83\/100\n|move|p1a: Iron Bundle|Freeze-Dry|p2a: Rotom\n|-supereffective|p2a: Rotom\n|-damage|p2a: Rotom|24\/100\n|-enditem|p2a: Rotom|Sitrus Berry|[eat]\n|-heal|p2a: Rotom|49\/100|[from] item: Sitrus Berry\n|move|p1b: Hot Dog|Ice Spinner|p2b: Arcanine\n|-resisted|p2b: Arcanine\n|-damage|p2b: Arcanine|0 fnt\n|faint|p2b: Arcanine\n|move|p2a: Rotom|Thunderbolt|p1a: Iron Bundle\n|-resisted|p1a: Iron Bundle\n|-damage|p1a: Iron Bundle|61\/100\n|\n|-weather|Snow|[upkeep]\n|upkeep\n|\n|t:|1681769840\n|switch|p2b: Cetitan|Cetitan, L50, M|100\/100\n|turn|4\n|\n|t:|1681769873\n|move|p1a: Iron Bundle|Protect|p1a: Iron Bundle\n|-singleturn|p1a: Iron Bundle|Protect\n|move|p2b: Cetitan|Protect|p2b: Cetitan\n|-singleturn|p2b: Cetitan|Protect\n|move|p1b: Hot Dog|Sacred Sword|p2a: Rotom\n|-damage|p2a: Rotom|4\/100\n|move|p2a: Rotom|Thunderbolt|p1b: Hot Dog\n|-damage|p1b: Hot Dog|17\/100\n|\n|-weather|Snow|[upkeep]\n|upkeep\n|turn|5\n|\n|t:|1681769921\n|move|p1a: Iron Bundle|Icy Wind|p2b: Cetitan|[spread] p2a,p2b\n|-resisted|p2a: Rotom\n|-resisted|p2b: Cetitan\n|-crit|p2b: Cetitan\n|-damage|p2a: Rotom|0 fnt\n|-damage|p2b: Cetitan|84\/100\n|-unboost|p2b: Cetitan|spe|1\n|faint|p2a: Rotom\n|move|p1b: Hot Dog|Sacred Sword|p2b: Cetitan\n|-supereffective|p2b: Cetitan\n|-damage|p2b: Cetitan|33\/100\n|move|p2b: Cetitan|Ice Spinner|p1a: Iron Bundle\n|-supereffective|p1a: Iron Bundle\n|-damage|p1a: Iron Bundle|0 fnt\n|faint|p1a: Iron Bundle\n|-end|p1a: Iron Bundle|Quark Drive|[silent]\n|-damage|p2b: Cetitan|23\/100|[from] item: Life Orb\n|\n|-weather|none\n|upkeep\n|\n|t:|1681769924\n|switch|p2a: Abomasnow|Abomasnow, L50, M|100\/100\n|-weather|Snow|[from] ability: Snow Warning|[of] p2a: Abomasnow\n|turn|6\n|\n|t:|1681769942\n|move|p1b: Hot Dog|Sacred Sword|p2a: Abomasnow\n|-supereffective|p2a: Abomasnow\n|-damage|p2a: Abomasnow|45\/100\n|move|p2b: Cetitan|Liquidation|p1b: Hot Dog\n|-damage|p1b: Hot Dog|0 fnt\n|faint|p1b: Hot Dog\n|-damage|p2b: Cetitan|13\/100|[from] item: Life Orb\n|\n|win|AXiS Fan\n|raw|Stefoakes's rating: 1408 → 1389<\/strong> (-19 for losing)\n|raw|AXiS Fan's rating: 1419 → 1438<\/strong> (+19 for winning)\n|l|\u2606Stefoakes\n","uploadtime":1681769953,"views":6,"p1id":"stefoakes","p2id":"axisfan","formatid":"gen9vgc2023regulationc","rating":1389,"private":0,"password":""}