{"id":"gen9vgc2023regulationc-1859855931","p1":"GFORCEPKMN","p2":"LobsterLiveGaming","format":"[Gen 9] VGC 2023 Regulation C","log":"|j|\u2606GFORCEPKMN\n|j|\u2606LobsterLiveGaming\n|t:|1683570207\n|gametype|doubles\n|player|p1|GFORCEPKMN|265|1143\n|player|p2|LobsterLiveGaming|darach-caitlin|1088\n|teamsize|p1|6\n|teamsize|p2|6\n|gen|9\n|tier|[Gen 9] VGC 2023 Regulation C\n|rated|\n|rule|Species Clause: Limit one of each Pok\u00e9mon\n|rule|Item Clause: Limit one of each item\n|clearpoke\n|poke|p1|Gholdengo, L50|\n|poke|p1|Wo-Chien, L50|\n|poke|p1|Iron Bundle, L50|\n|poke|p1|Dragapult, L50, M|\n|poke|p1|Hippowdon, L50, M|\n|poke|p1|Glimmora, L50, F|\n|poke|p2|Gastrodon-East, L50, F|\n|poke|p2|Chi-Yu, L50|\n|poke|p2|Drednaw, L50, M|\n|poke|p2|Pelipper, L50, F|\n|poke|p2|Flutter Mane, L50|\n|poke|p2|Amoonguss, L50, M|\n|teampreview|4\n|inactive|Battle timer is ON: inactive players will automatically lose when time's up. (requested by LobsterLiveGaming)\n|inactive|GFORCEPKMN has 60 seconds left.\n|inactive|LobsterLiveGaming has 60 seconds left.\n|\n|t:|1683570250\n|start\n|switch|p1a: Glimmora|Glimmora, L50, F|100\/100\n|switch|p1b: Iron Bundle|Iron Bundle, L50|100\/100\n|switch|p2a: Flutter Mane|Flutter Mane, L50|100\/100\n|switch|p2b: Chi-Yu|Chi-Yu, L50|100\/100\n|-ability|p2b: Chi-Yu|Beads of Ruin\n|-enditem|p2a: Flutter Mane|Booster Energy\n|-activate|p2a: Flutter Mane|ability: Protosynthesis|[fromitem]\n|-start|p2a: Flutter Mane|protosynthesisspe\n|-enditem|p1b: Iron Bundle|Booster Energy\n|-activate|p1b: Iron Bundle|ability: Quark Drive|[fromitem]\n|-start|p1b: Iron Bundle|quarkdrivespe\n|turn|1\n|inactive|GFORCEPKMN has 30 seconds left.\n|inactive|GFORCEPKMN has 20 seconds left.\n|\n|t:|1683570288\n|switch|p2b: Pelipper|Pelipper, L50, F|100\/100\n|-weather|RainDance|[from] ability: Drizzle|[of] p2b: Pelipper\n|move|p1b: Iron Bundle|Protect|p1b: Iron Bundle\n|-singleturn|p1b: Iron Bundle|Protect\n|move|p2a: Flutter Mane|Thunder|p1b: Iron Bundle\n|-activate|p1b: Iron Bundle|move: Protect\n|move|p1a: Glimmora|Mortal Spin|p2a: Flutter Mane|[spread] p2a,p2b\n|-damage|p2a: Flutter Mane|91\/100\n|-damage|p2b: Pelipper|93\/100\n|-status|p2a: Flutter Mane|psn\n|-status|p2b: Pelipper|psn\n|\n|-weather|RainDance|[upkeep]\n|-damage|p2a: Flutter Mane|79\/100 psn|[from] psn\n|-damage|p2b: Pelipper|81\/100 psn|[from] psn\n|upkeep\n|turn|2\n|\n|t:|1683570311\n|-end|p1b: Iron Bundle|Quark Drive|[silent]\n|switch|p1b: Hippowdon|Hippowdon, L50, M|100\/100\n|-weather|Sandstorm|[from] ability: Sand Stream|[of] p1b: Hippowdon\n|move|p2a: Flutter Mane|Thunder|p1b: Hippowdon\n|-immune|p1b: Hippowdon\n|move|p1a: Glimmora|Power Gem|p2b: Pelipper\n|-supereffective|p2b: Pelipper\n|-damage|p2b: Pelipper|0 fnt\n|faint|p2b: Pelipper\n|\n|-weather|Sandstorm|[upkeep]\n|-damage|p2a: Flutter Mane|73\/100 psn|[from] Sandstorm\n|-damage|p2a: Flutter Mane|60\/100 psn|[from] psn\n|upkeep\n|\n|t:|1683570318\n|switch|p2b: Chi-Yu|Chi-Yu, L50|100\/100\n|-ability|p2b: Chi-Yu|Beads of Ruin\n|turn|3\n|\n|t:|1683570343\n|-terastallize|p2b: Chi-Yu|Grass\n|move|p2a: Flutter Mane|Dazzling Gleam|p1a: Glimmora|[spread] p1a,p1b\n|-resisted|p1a: Glimmora\n|-damage|p1a: Glimmora|91\/100\n|-damage|p1b: Hippowdon|67\/100\n|move|p2b: Chi-Yu|Tera Blast|p1a: Glimmora\n|-damage|p1a: Glimmora|52\/100\n|-damage|p2b: Chi-Yu|90\/100|[from] item: Life Orb\n|move|p1a: Glimmora|Mortal Spin|p2b: Chi-Yu|[spread] p2a,p2b\n|-supereffective|p2b: Chi-Yu\n|-damage|p2a: Flutter Mane|51\/100 psn\n|-damage|p2b: Chi-Yu|77\/100\n|-status|p2b: Chi-Yu|psn\n|move|p1b: Hippowdon|Sand Tomb|p2b: Chi-Yu\n|-resisted|p2b: Chi-Yu\n|-damage|p2b: Chi-Yu|65\/100 psn\n|-activate|p2b: Chi-Yu|move: Sand Tomb|[of] p1b: Hippowdon\n|\n|-weather|Sandstorm|[upkeep]\n|-damage|p2a: Flutter Mane|45\/100 psn|[from] Sandstorm\n|-damage|p2b: Chi-Yu|59\/100 psn|[from] Sandstorm\n|-damage|p2a: Flutter Mane|33\/100 psn|[from] psn\n|-damage|p2b: Chi-Yu|47\/100 psn|[from] psn\n|-damage|p2b: Chi-Yu|34\/100 psn|[from] move: Sand Tomb|[partiallytrapped]\n|upkeep\n|turn|4\n|inactive|GFORCEPKMN has 30 seconds left.\n|inactive|GFORCEPKMN has 20 seconds left.\n|inactive|GFORCEPKMN has 15 seconds left.\n|inactive|GFORCEPKMN has 10 seconds left.\n|\n|t:|1683570389\n|move|p2a: Flutter Mane|Moonblast|p1b: Hippowdon\n|-damage|p1b: Hippowdon|12\/100\n|-enditem|p1b: Hippowdon|Mago Berry|[eat]\n|-heal|p1b: Hippowdon|45\/100|[from] item: Mago Berry\n|move|p2b: Chi-Yu|Dark Pulse|p1a: Glimmora\n|-damage|p1a: Glimmora|12\/100\n|-damage|p2b: Chi-Yu|24\/100 psn|[from] item: Life Orb\n|move|p1a: Glimmora|Power Gem|p2a: Flutter Mane\n|-damage|p2a: Flutter Mane|0 fnt\n|faint|p2a: Flutter Mane\n|-end|p2a: Flutter Mane|Protosynthesis|[silent]\n|move|p1b: Hippowdon|Yawn||[still]\n|-fail|p1b: Hippowdon\n|\n|-weather|Sandstorm|[upkeep]\n|-damage|p2b: Chi-Yu|18\/100 psn|[from] Sandstorm\n|-damage|p2b: Chi-Yu|6\/100 psn|[from] psn\n|-damage|p2b: Chi-Yu|0 fnt|[from] move: Sand Tomb|[partiallytrapped]\n|faint|p2b: Chi-Yu\n|upkeep\n|\n|t:|1683570398\n|switch|p2b: Drednaw|Drednaw, L50, M|100\/100\n|turn|5\n|-message|LobsterLiveGaming forfeited.\n|\n|win|GFORCEPKMN\n|raw|GFORCEPKMN's rating: 1143 → 1164<\/strong> (+21 for winning)\n|raw|LobsterLiveGaming's rating: 1088 → 1068<\/strong> (-20 for losing)\n|l|\u2606LobsterLiveGaming\n|l|\u2606GFORCEPKMN\n|j|\u2606LobsterLiveGaming\n|player|p2|LobsterLiveGaming|darach-caitlin\n","uploadtime":1683570533,"views":16,"p1id":"gforcepkmn","p2id":"lobsterlivegaming","formatid":"gen9vgc2023regulationc","rating":1068,"private":0,"password":""}