{"id":"gen9vgc2023regulationc-1846314250","p1":"Jimmynutron1","p2":"kjlsadjklasdkjl","format":"[Gen 9] VGC 2023 Regulation C","log":"|j|\u2606Jimmynutron1\n|j|\u2606kjlsadjklasdkjl\n|t:|1681830883\n|gametype|doubles\n|player|p1|Jimmynutron1|169|1088\n|player|p2|kjlsadjklasdkjl|101|1000\n|teamsize|p1|6\n|teamsize|p2|6\n|gen|9\n|tier|[Gen 9] VGC 2023 Regulation C\n|rated|\n|rule|Species Clause: Limit one of each Pok\u00e9mon\n|rule|Item Clause: Limit one of each item\n|clearpoke\n|poke|p1|Palafin, L50, M|\n|poke|p1|Arcanine, L50, M|\n|poke|p1|Iron Hands, L50|\n|poke|p1|Scizor, L50, M|\n|poke|p1|Wo-Chien, L50|\n|poke|p1|Flutter Mane, L50|\n|poke|p2|Iron Jugulis, L50|\n|poke|p2|Chi-Yu, L50|\n|poke|p2|Flutter Mane, L50|\n|poke|p2|Amoonguss, L50, M|\n|poke|p2|Gyarados, L50, F|\n|poke|p2|Kingambit, L50, F|\n|teampreview|4\n|inactive|Battle timer is ON: inactive players will automatically lose when time's up. (requested by Jimmynutron1)\nJimmynutron1 rejected open team sheets.\n|\n|t:|1681830945\n|start\n|switch|p1a: Palafin|Palafin, L50, M|100\/100\n|switch|p1b: Iron Hands|Iron Hands, L50|100\/100\n|switch|p2a: Iron Jugulis|Iron Jugulis, L50|100\/100\n|switch|p2b: Chi-Yu|Chi-Yu, L50|100\/100\n|-ability|p2b: Chi-Yu|Beads of Ruin\n|-enditem|p2a: Iron Jugulis|Booster Energy\n|-activate|p2a: Iron Jugulis|ability: Quark Drive|[fromitem]\n|-start|p2a: Iron Jugulis|quarkdrivespe\n|turn|1\n|inactive|kjlsadjklasdkjl has 30 seconds left.\n|\n|t:|1681830976\n|-terastallize|p1a: Palafin|Water\n|move|p2b: Chi-Yu|Protect|p2b: Chi-Yu\n|-singleturn|p2b: Chi-Yu|Protect\n|move|p1b: Iron Hands|Fake Out|p2b: Chi-Yu\n|-activate|p2b: Chi-Yu|move: Protect\n|move|p1a: Palafin|Jet Punch|p2b: Chi-Yu\n|-activate|p2b: Chi-Yu|move: Protect\n|move|p2a: Iron Jugulis|Sunny Day|p2a: Iron Jugulis\n|-weather|SunnyDay\n|\n|-weather|SunnyDay|[upkeep]\n|upkeep\n|turn|2\n|inactive|kjlsadjklasdkjl has 30 seconds left.\n|\n|t:|1681831010\n|-terastallize|p2b: Chi-Yu|Grass\n|move|p1a: Palafin|Jet Punch|p2b: Chi-Yu\n|-resisted|p2b: Chi-Yu\n|-damage|p2b: Chi-Yu|88\/100\n|move|p2a: Iron Jugulis|Tailwind|p2a: Iron Jugulis\n|-sidestart|p2: kjlsadjklasdkjl|move: Tailwind\n|move|p2b: Chi-Yu|Nasty Plot|p2b: Chi-Yu\n|-boost|p2b: Chi-Yu|spa|2\n|move|p1b: Iron Hands|Drain Punch|p2b: Chi-Yu\n|-damage|p2b: Chi-Yu|23\/100\n|\n|-weather|SunnyDay|[upkeep]\n|upkeep\n|turn|3\n|inactive|Jimmynutron1 has 30 seconds left.\n|inactive|kjlsadjklasdkjl has 30 seconds left.\n|inactive|kjlsadjklasdkjl has 20 seconds left.\n|\n|t:|1681831049\n|move|p1a: Palafin|Jet Punch|p2b: Chi-Yu\n|-resisted|p2b: Chi-Yu\n|-damage|p2b: Chi-Yu|9\/100\n|move|p2a: Iron Jugulis|Air Slash|p1b: Iron Hands\n|-damage|p1b: Iron Hands|76\/100\n|move|p2b: Chi-Yu|Dark Pulse|p1a: Palafin\n|-damage|p1a: Palafin|0 fnt\n|faint|p1a: Palafin\n|-damage|p2b: Chi-Yu|0 fnt|[from] item: Life Orb\n|faint|p2b: Chi-Yu\n|move|p1b: Iron Hands|Drain Punch|p2a: Iron Jugulis\n|-damage|p2a: Iron Jugulis|60\/100\n|-heal|p1b: Iron Hands|91\/100|[from] drain|[of] p2a: Iron Jugulis\n|\n|-weather|SunnyDay|[upkeep]\n|upkeep\n|\n|t:|1681831063\n|switch|p2b: Flutter Mane|Flutter Mane, L50|100\/100\n|switch|p1a: Flutter Mane|Flutter Mane, L50|100\/100\n|-activate|p2b: Flutter Mane|ability: Protosynthesis\n|-start|p2b: Flutter Mane|protosynthesisspa\n|-activate|p1a: Flutter Mane|ability: Protosynthesis\n|-start|p1a: Flutter Mane|protosynthesisspe\n|turn|4\n|\n|t:|1681831085\n|-end|p2a: Iron Jugulis|Quark Drive|[silent]\n|switch|p2a: Amoonguss|Amoonguss, L50, M|100\/100\n|move|p2b: Flutter Mane|Dazzling Gleam|p1a: Flutter Mane|[spread] p1a,p1b\n|-supereffective|p1b: Iron Hands\n|-damage|p1a: Flutter Mane|35\/100\n|-damage|p1b: Iron Hands|22\/100\n|move|p1a: Flutter Mane|Moonblast|p2b: Flutter Mane\n|-damage|p2b: Flutter Mane|59\/100\n|-unboost|p2b: Flutter Mane|spa|1\n|move|p1b: Iron Hands|Drain Punch|p2a: Amoonguss\n|-resisted|p2a: Amoonguss\n|-damage|p2a: Amoonguss|84\/100\n|-heal|p1b: Iron Hands|30\/100|[from] drain|[of] p2a: Amoonguss\n|\n|-weather|SunnyDay|[upkeep]\n|upkeep\n|turn|5\n|\n|t:|1681831105\n|-end|p1b: Iron Hands|Quark Drive|[silent]\n|switch|p1b: Wo-Chien|Wo-Chien, L50|100\/100\n|-ability|p1b: Wo-Chien|Tablets of Ruin\n|move|p1a: Flutter Mane|Protect|p1a: Flutter Mane\n|-singleturn|p1a: Flutter Mane|Protect\n|move|p2a: Amoonguss|Rage Powder|p2a: Amoonguss\n|-singleturn|p2a: Amoonguss|move: Rage Powder\n|move|p2b: Flutter Mane|Dazzling Gleam|p1b: Wo-Chien|[spread] p1b\n|-activate|p1a: Flutter Mane|move: Protect\n|-supereffective|p1b: Wo-Chien\n|-damage|p1b: Wo-Chien|60\/100\n|\n|-weather|none\n|-end|p2b: Flutter Mane|Protosynthesis\n|-end|p1a: Flutter Mane|Protosynthesis\n|-heal|p1b: Wo-Chien|66\/100|[from] item: Leftovers\n|-sideend|p2: kjlsadjklasdkjl|move: Tailwind\n|upkeep\n|turn|6\n|inactive|Jimmynutron1 has 30 seconds left.\n|\n|t:|1681831133\n|-end|p2b: Flutter Mane|Protosynthesis|[silent]\n|switch|p2b: Iron Jugulis|Iron Jugulis, L50|60\/100\n|move|p1a: Flutter Mane|Shadow Ball|p2b: Iron Jugulis\n|-resisted|p2b: Iron Jugulis\n|-damage|p2b: Iron Jugulis|41\/100\n|move|p1b: Wo-Chien|Leech Seed|p2b: Iron Jugulis\n|-start|p2b: Iron Jugulis|move: Leech Seed\n|move|p2a: Amoonguss|Spore|p1a: Flutter Mane\n|-status|p1a: Flutter Mane|slp|[from] move: Spore\n|\n|-heal|p1b: Wo-Chien|72\/100|[from] item: Leftovers\n|-damage|p2b: Iron Jugulis|28\/100|[from] Leech Seed|[of] p1b: Wo-Chien\n|-heal|p1b: Wo-Chien|85\/100|[silent]\n|upkeep\n|turn|7\n|\n|t:|1681831153\n|cant|p1a: Flutter Mane|slp\n|move|p2b: Iron Jugulis|Sunny Day|p2b: Iron Jugulis\n|-weather|SunnyDay\n|-activate|p1a: Flutter Mane|ability: Protosynthesis\n|-start|p1a: Flutter Mane|protosynthesisspe\n|move|p1b: Wo-Chien|Knock Off|p2a: Amoonguss\n|-damage|p2a: Amoonguss|63\/100\n|-enditem|p2a: Amoonguss|Sitrus Berry|[from] move: Knock Off|[of] p1b: Wo-Chien\n|move|p2a: Amoonguss|Pollen Puff|p2b: Iron Jugulis\n|-heal|p2b: Iron Jugulis|78\/100\n|\n|-weather|SunnyDay|[upkeep]\n|-heal|p1b: Wo-Chien|91\/100|[from] item: Leftovers\n|-damage|p2b: Iron Jugulis|66\/100|[from] Leech Seed|[of] p1b: Wo-Chien\n|-heal|p1b: Wo-Chien|100\/100|[silent]\n|upkeep\n|turn|8\n|inactive|kjlsadjklasdkjl has 30 seconds left.\n|\n|t:|1681831186\n|cant|p1a: Flutter Mane|slp\n|move|p2b: Iron Jugulis|Tailwind|p2b: Iron Jugulis\n|-sidestart|p2: kjlsadjklasdkjl|move: Tailwind\n|move|p1b: Wo-Chien|Pollen Puff|p1a: Flutter Mane\n|-heal|p1a: Flutter Mane|85\/100 slp\n|move|p2a: Amoonguss|Pollen Puff|p1b: Wo-Chien\n|-supereffective|p1b: Wo-Chien\n|-damage|p1b: Wo-Chien|61\/100\n|\n|-weather|SunnyDay|[upkeep]\n|-heal|p1b: Wo-Chien|67\/100|[from] item: Leftovers\n|-damage|p2b: Iron Jugulis|54\/100|[from] Leech Seed|[of] p1b: Wo-Chien\n|-heal|p1b: Wo-Chien|80\/100|[silent]\n|upkeep\n|turn|9\n|\n|t:|1681831207\n|switch|p2a: Flutter Mane|Flutter Mane, L50|59\/100\n|-activate|p2a: Flutter Mane|ability: Protosynthesis\n|-start|p2a: Flutter Mane|protosynthesisspa\n|-curestatus|p1a: Flutter Mane|slp|[msg]\n|move|p1a: Flutter Mane|Shadow Ball|p2a: Flutter Mane\n|-supereffective|p2a: Flutter Mane\n|-damage|p2a: Flutter Mane|0 fnt\n|faint|p2a: Flutter Mane\n|-end|p2a: Flutter Mane|Protosynthesis|[silent]\n|move|p2b: Iron Jugulis|Air Slash|p1b: Wo-Chien\n|-supereffective|p1b: Wo-Chien\n|-damage|p1b: Wo-Chien|44\/100\n|move|p1b: Wo-Chien|Pollen Puff|p1a: Flutter Mane\n|-heal|p1a: Flutter Mane|100\/100\n|\n|-weather|SunnyDay|[upkeep]\n|-heal|p1b: Wo-Chien|50\/100|[from] item: Leftovers\n|-damage|p2b: Iron Jugulis|42\/100|[from] Leech Seed|[of] p1b: Wo-Chien\n|-heal|p1b: Wo-Chien|63\/100|[silent]\n|upkeep\n|\n|t:|1681831224\n|switch|p2a: Amoonguss|Amoonguss, L50, M|96\/100\n|turn|10\n|\n|t:|1681831240\n|move|p2b: Iron Jugulis|Protect|p2b: Iron Jugulis\n|-singleturn|p2b: Iron Jugulis|Protect\n|move|p1a: Flutter Mane|Shadow Ball|p2a: Amoonguss\n|-damage|p2a: Amoonguss|56\/100\n|-unboost|p2a: Amoonguss|spd|1\n|move|p1b: Wo-Chien|Knock Off|p2a: Amoonguss\n|-damage|p2a: Amoonguss|42\/100\n|move|p2a: Amoonguss|Spore|p1a: Flutter Mane\n|-status|p1a: Flutter Mane|slp|[from] move: Spore\n|\n|-weather|SunnyDay|[upkeep]\n|-heal|p1b: Wo-Chien|69\/100|[from] item: Leftovers\n|-damage|p2b: Iron Jugulis|29\/100|[from] Leech Seed|[of] p1b: Wo-Chien\n|-heal|p1b: Wo-Chien|82\/100|[silent]\n|upkeep\n|turn|11\n|-message|kjlsadjklasdkjl forfeited.\n|\n|win|Jimmynutron1\n|raw|Jimmynutron1's rating: 1088 → 1108<\/strong> (+20 for winning)\n|raw|kjlsadjklasdkjl's rating: 1000 → 1000<\/strong> (+0 for losing)\n|l|\u2606kjlsadjklasdkjl\n","uploadtime":1681831259,"views":6,"p1id":"jimmynutron1","p2id":"kjlsadjklasdkjl","formatid":"gen9vgc2023regulationc","rating":1000,"private":0,"password":""}