{"id":"gen9vgc2023regulationc-1847501057","p1":"BodaciousBulbasaur","p2":"StrawHatRonin","format":"[Gen 9] VGC 2023 Regulation C","log":"|j|\u2606BodaciousBulbasaur\n|j|\u2606StrawHatRonin\n|t:|1681963324\n|gametype|doubles\n|player|p1|BodaciousBulbasaur|acetrainerf-gen4dp|1188\n|player|p2|StrawHatRonin|morty|1263\n|teamsize|p1|6\n|teamsize|p2|6\n|gen|9\n|tier|[Gen 9] VGC 2023 Regulation C\n|rated|\n|rule|Species Clause: Limit one of each Pok\u00e9mon\n|rule|Item Clause: Limit one of each item\n|clearpoke\n|poke|p1|Scream Tail, L50|\n|poke|p1|Salamence, L50, M|\n|poke|p1|Scizor, L50, M|\n|poke|p1|Azumarill, L50, M|\n|poke|p1|Grimmsnarl, L50, M|\n|poke|p1|Dragapult, L50, F|\n|poke|p2|Maushold, L50|\n|poke|p2|Annihilape, L50, F|\n|poke|p2|Arcanine, L50, M|\n|poke|p2|Amoonguss, L50, M|\n|poke|p2|Gastrodon-East, L50, M|\n|poke|p2|Tsareena, L50, F|\n|teampreview|4\n|inactive|Battle timer is ON: inactive players will automatically lose when time's up. (requested by StrawHatRonin)\n|\n|t:|1681963345\n|start\n|switch|p1a: Grimmsnarl|Grimmsnarl, L50, M|100\/100\n|switch|p1b: Dragapult|Dragapult, L50, F|100\/100\n|switch|p2a: Maushold|Maushold, L50|100\/100\n|switch|p2b: Annihilape|Annihilape, L50, F|100\/100\n|turn|1\n|inactive|StrawHatRonin has 30 seconds left.\n|\n|t:|1681963370\n|move|p2a: Maushold|Protect|p2a: Maushold\n|-singleturn|p2a: Maushold|Protect\n|move|p2b: Annihilape|Protect|p2b: Annihilape\n|-singleturn|p2b: Annihilape|Protect\n|move|p1a: Grimmsnarl|Fake Out|p2a: Maushold\n|-activate|p2a: Maushold|move: Protect\n|move|p1b: Dragapult|Dragon Darts|p2a: Maushold\n|-activate|p2b: Annihilape|move: Protect\n|\n|upkeep\n|turn|2\n|\n|t:|1681963393\n|-terastallize|p2b: Annihilape|Fire\n|move|p1b: Dragapult|Dragon Darts|p2a: Maushold\n|-damage|p2a: Maushold|52\/100\n|-anim|p1b: Dragapult|Dragon Darts|p2b: Annihilape\n|-damage|p2b: Annihilape|74\/100\n|move|p2a: Maushold|Beat Up|p2b: Annihilape\n|-damage|p2b: Annihilape|72\/100\n|-damage|p2b: Annihilape|70\/100\n|-damage|p2b: Annihilape|68\/100\n|-damage|p2b: Annihilape|66\/100\n|-hitcount|p2b: Annihilape|4\n|move|p2b: Annihilape|Rage Fist|p1a: Grimmsnarl\n|-resisted|p1a: Grimmsnarl\n|-damage|p1a: Grimmsnarl|44\/100\n|move|p1a: Grimmsnarl|Spirit Break|p2b: Annihilape\n|-resisted|p2b: Annihilape\n|-crit|p2b: Annihilape\n|-damage|p2b: Annihilape|49\/100\n|-unboost|p2b: Annihilape|spa|1\n|-ability|p2b: Annihilape|Defiant|boost\n|-boost|p2b: Annihilape|atk|2\n|\n|-heal|p2b: Annihilape|55\/100|[from] item: Leftovers\n|upkeep\n|turn|3\n|inactive|BodaciousBulbasaur has 30 seconds left.\n|inactive|StrawHatRonin has 30 seconds left.\n|\n|t:|1681963425\n|move|p2a: Maushold|Follow Me|p2a: Maushold\n|-singleturn|p2a: Maushold|move: Follow Me\n|move|p1a: Grimmsnarl|Parting Shot|p2a: Maushold\n|-unboost|p2a: Maushold|atk|1\n|-unboost|p2a: Maushold|spa|1\n|\n|t:|1681963431\n|switch|p1a: Scizor|Scizor, L50, M|100\/100|[from] Parting Shot\n|move|p1b: Dragapult|Dragon Darts|p2a: Maushold\n|-damage|p2a: Maushold|0 fnt\n|faint|p2a: Maushold\n|move|p2b: Annihilape|Rage Fist|p1b: Dragapult\n|-supereffective|p1b: Dragapult\n|-damage|p1b: Dragapult|0 fnt\n|faint|p1b: Dragapult\n|\n|-heal|p2b: Annihilape|62\/100|[from] item: Leftovers\n|upkeep\n|\n|t:|1681963445\n|switch|p1b: Grimmsnarl|Grimmsnarl, L50, M|44\/100\n|switch|p2a: Amoonguss|Amoonguss, L50, M|100\/100\n|turn|4\n|\n|t:|1681963454\n|move|p2b: Annihilape|Protect|p2b: Annihilape\n|-singleturn|p2b: Annihilape|Protect\n|move|p2a: Amoonguss|Protect|p2a: Amoonguss\n|-singleturn|p2a: Amoonguss|Protect\n|move|p1b: Grimmsnarl|Fake Out|p2a: Amoonguss\n|-activate|p2a: Amoonguss|move: Protect\n|move|p1a: Scizor|Close Combat|p2b: Annihilape\n|-activate|p2b: Annihilape|move: Protect\n|\n|-heal|p2b: Annihilape|68\/100|[from] item: Leftovers\n|upkeep\n|turn|5\n|-message|BodaciousBulbasaur forfeited.\n|\n|win|StrawHatRonin\n|raw|BodaciousBulbasaur's rating: 1188 → 1168<\/strong> (-20 for losing)\n|raw|StrawHatRonin's rating: 1263 → 1283<\/strong> (+20 for winning)\n|l|\u2606BodaciousBulbasaur\n","uploadtime":1681963493,"views":13,"p1id":"bodaciousbulbasaur","p2id":"strawhatronin","formatid":"gen9vgc2023regulationc","rating":1168,"private":0,"password":""}