{"id":"gen9vgc2023regulationc-1852477487","p1":"tarkus474","p2":"Dymosin","format":"[Gen 9] VGC 2023 Regulation C","log":"|j|\u2606tarkus474\n|j|\u2606Dymosin\n|t:|1682562628\n|gametype|doubles\n|player|p1|tarkus474|chuck|1020\n|player|p2|Dymosin|volkner|1037\n|teamsize|p1|6\n|teamsize|p2|6\n|gen|9\n|tier|[Gen 9] VGC 2023 Regulation C\n|rated|\n|rule|Species Clause: Limit one of each Pok\u00e9mon\n|rule|Item Clause: Limit one of each item\n|clearpoke\n|poke|p1|Salamence, L50, F|\n|poke|p1|Clawitzer, L50, F|\n|poke|p1|Flutter Mane, L50|\n|poke|p1|Sandy Shocks, L50|\n|poke|p1|Gyarados, L50, M|\n|poke|p1|Gholdengo, L50|\n|poke|p2|Great Tusk, L50|\n|poke|p2|Armarouge, L50, M|\n|poke|p2|Arboliva, L50, F|\n|poke|p2|Annihilape, L50, M|\n|poke|p2|Talonflame, L50, M|\n|poke|p2|Chien-Pao, L50|\n|teampreview|4\n|inactive|Battle timer is ON: inactive players will automatically lose when time's up. (requested by Dymosin)\ntarkus474 rejected open team sheets.\n|inactive|tarkus474 has 60 seconds left.\n|\n|t:|1682562663\n|start\n|switch|p1a: Clawitzer|Clawitzer, L50, F|100\/100\n|switch|p1b: Gholdengo|Gholdengo, L50|100\/100\n|switch|p2a: Dumbo|Great Tusk, L50|100\/100\n|switch|p2b: Green Zenyatta|Arboliva, L50, F|100\/100\n|turn|1\n|\n|t:|1682562685\n|-terastallize|p1b: Gholdengo|Flying\n|move|p2b: Green Zenyatta|Protect|p2b: Green Zenyatta\n|-singleturn|p2b: Green Zenyatta|Protect\n|move|p1b: Gholdengo|Focus Blast|p2b: Green Zenyatta\n|-activate|p2b: Green Zenyatta|move: Protect\n|move|p2a: Dumbo|Sunny Day|p2a: Dumbo\n|-weather|SunnyDay\n|-activate|p2a: Dumbo|ability: Protosynthesis\n|-start|p2a: Dumbo|protosynthesisatk\n|move|p1a: Clawitzer|Water Pulse|p2a: Dumbo\n|-supereffective|p2a: Dumbo\n|-damage|p2a: Dumbo|29\/100\n|\n|-weather|SunnyDay|[upkeep]\n|upkeep\n|turn|2\n|\n|t:|1682562710\n|-terastallize|p2b: Green Zenyatta|Fairy\n|move|p1b: Gholdengo|Focus Blast|p2b: Green Zenyatta\n|-resisted|p2b: Green Zenyatta\n|-damage|p2b: Green Zenyatta|85\/100\n|move|p2a: Dumbo|Rock Slide|p1a: Clawitzer|[spread] p1a\n|-miss|p2a: Dumbo|p1b: Gholdengo\n|-damage|p1a: Clawitzer|57\/100\n|-damage|p2a: Dumbo|18\/100|[from] item: Life Orb\n|move|p1a: Clawitzer|Water Pulse|p2a: Dumbo\n|-supereffective|p2a: Dumbo\n|-damage|p2a: Dumbo|0 fnt\n|faint|p2a: Dumbo\n|-end|p2a: Dumbo|Protosynthesis|[silent]\n|move|p2b: Green Zenyatta|Dazzling Gleam|p1a: Clawitzer|[spread] p1a,p1b\n|-damage|p1a: Clawitzer|23\/100\n|-damage|p1b: Gholdengo|73\/100\n|\n|-weather|SunnyDay|[upkeep]\n|upkeep\n|\n|t:|1682562727\n|switch|p2a: Tenshinhan|Armarouge, L50, M|100\/100\n|turn|3\n|\n|t:|1682562745\n|switch|p1b: Sandy Shocks|Sandy Shocks, L50|100\/100\n|-activate|p1b: Sandy Shocks|ability: Protosynthesis\n|-start|p1b: Sandy Shocks|protosynthesisspa\n|move|p2a: Tenshinhan|Energy Ball|p1a: Clawitzer\n|-supereffective|p1a: Clawitzer\n|-damage|p1a: Clawitzer|0 fnt\n|faint|p1a: Clawitzer\n|move|p2b: Green Zenyatta|Fling|p2a: Tenshinhan\n|-supereffective|p2a: Tenshinhan\n|-damage|p2a: Tenshinhan|95\/100\n|-boost|p2a: Tenshinhan|spe|1|[from] item: Salac Berry\n|-ability|p2a: Tenshinhan|Weak Armor|boost\n|-unboost|p2a: Tenshinhan|def|1\n|-boost|p2a: Tenshinhan|spe|2\n|-enditem|p2a: Tenshinhan|White Herb\n|-clearnegativeboost|p2a: Tenshinhan|[silent]\n|-enditem|p2b: Green Zenyatta|Salac Berry|[from] move: Fling\n|\n|-weather|SunnyDay|[upkeep]\n|-item|p2b: Green Zenyatta|Salac Berry|[from] ability: Harvest\n|upkeep\n|\n|t:|1682562763\n|switch|p1a: Salamence|Salamence, L50, F|100\/100\n|-ability|p1a: Salamence|Intimidate|boost\n|-unboost|p2a: Tenshinhan|atk|1\n|-unboost|p2b: Green Zenyatta|atk|1\n|turn|4\n|\n|t:|1682562788\n|move|p2a: Tenshinhan|Energy Ball|p1b: Sandy Shocks\n|-supereffective|p1b: Sandy Shocks\n|-damage|p1b: Sandy Shocks|19\/100\n|move|p1b: Sandy Shocks|Flash Cannon|p2b: Green Zenyatta\n|-supereffective|p2b: Green Zenyatta\n|-damage|p2b: Green Zenyatta|17\/100\n|-enditem|p2b: Green Zenyatta|Salac Berry|[eat]\n|-boost|p2b: Green Zenyatta|spe|1|[from] item: Salac Berry\n|-damage|p1b: Sandy Shocks|9\/100|[from] item: Life Orb\n|move|p1a: Salamence|Air Slash|p2a: Tenshinhan\n|-damage|p2a: Tenshinhan|60\/100\n|move|p2b: Green Zenyatta|Dazzling Gleam|p1a: Salamence|[spread] p1a,p1b\n|-supereffective|p1a: Salamence\n|-damage|p1a: Salamence|59\/100\n|-damage|p1b: Sandy Shocks|0 fnt\n|faint|p1b: Sandy Shocks\n|-end|p1b: Sandy Shocks|Protosynthesis|[silent]\n|\n|-weather|SunnyDay|[upkeep]\n|-heal|p1a: Salamence|65\/100|[from] item: Leftovers\n|-item|p2b: Green Zenyatta|Salac Berry|[from] ability: Harvest\n|upkeep\n|-enditem|p2b: Green Zenyatta|Salac Berry|[eat]\n|-boost|p2b: Green Zenyatta|spe|1|[from] item: Salac Berry\n|\n|t:|1682562807\n|switch|p1b: Gholdengo|Gholdengo, L50, tera:Flying|73\/100\n|turn|5\n|\n|t:|1682562823\n|move|p2b: Green Zenyatta|Helping Hand|p2a: Tenshinhan\n|-singleturn|p2a: Tenshinhan|Helping Hand|[of] p2b: Green Zenyatta\n|move|p2a: Tenshinhan|Armor Cannon|p1b: Gholdengo\n|-damage|p1b: Gholdengo|0 fnt\n|-unboost|p2a: Tenshinhan|def|1\n|-unboost|p2a: Tenshinhan|spd|1\n|faint|p1b: Gholdengo\n|move|p1a: Salamence|Tailwind|p1a: Salamence\n|-sidestart|p1: tarkus474|move: Tailwind\n|\n|-weather|none\n|-heal|p1a: Salamence|71\/100|[from] item: Leftovers\n|upkeep\n|turn|6\n|\n|t:|1682562845\n|move|p2a: Tenshinhan|Armor Cannon|p1a: Salamence\n|-resisted|p1a: Salamence\n|-damage|p1a: Salamence|43\/100\n|-unboost|p2a: Tenshinhan|def|1\n|-unboost|p2a: Tenshinhan|spd|1\n|move|p1a: Salamence|Hydro Pump|p2a: Tenshinhan\n|-supereffective|p2a: Tenshinhan\n|-damage|p2a: Tenshinhan|0 fnt\n|faint|p2a: Tenshinhan\n|move|p2b: Green Zenyatta|Dazzling Gleam|p1a: Salamence\n|-supereffective|p1a: Salamence\n|-damage|p1a: Salamence|0 fnt\n|faint|p1a: Salamence\n|\n|win|Dymosin\n|raw|tarkus474's rating: 1020 → 1008<\/strong> (-12 for losing)\n|raw|Dymosin's rating: 1037 → 1070<\/strong> (+33 for winning)\n|c|\u2606Dymosin|gg\n|l|\u2606tarkus474\n","uploadtime":1682562861,"views":11,"p1id":"tarkus474","p2id":"dymosin","formatid":"gen9vgc2023regulationc","rating":1008,"private":0,"password":""}