{"id":"gen9vgc2023regulationc-1845912762","p1":"BMKing1212","p2":"Yaretherenonames","format":"[Gen 9] VGC 2023 Regulation C","log":"|j|\u2606BMKing1212\n|j|\u2606Yaretherenonames\n|t:|1681778508\n|gametype|doubles\n|player|p1|BMKing1212|265|1211\n|player|p2|Yaretherenonames|battlegirl-gen4|1177\n|teamsize|p1|6\n|teamsize|p2|6\n|gen|9\n|tier|[Gen 9] VGC 2023 Regulation C\n|rated|\n|rule|Species Clause: Limit one of each Pok\u00e9mon\n|rule|Item Clause: Limit one of each item\n|clearpoke\n|poke|p1|Ting-Lu, L50|\n|poke|p1|Flutter Mane, L50|\n|poke|p1|Amoonguss, L50, M|\n|poke|p1|Baxcalibur, L50, M|\n|poke|p1|Palafin, L50, M|\n|poke|p1|Tauros-Paldea-Blaze, L50, M|\n|poke|p2|Baxcalibur, L50, F|\n|poke|p2|Tauros-Paldea-Aqua, L50, M|\n|poke|p2|Flutter Mane, L50|\n|poke|p2|Skeledirge, L50, M|\n|poke|p2|Kingambit, L50, M|\n|poke|p2|Amoonguss, L50, M|\n|teampreview|4\n|inactive|Battle timer is ON: inactive players will automatically lose when time's up. (requested by Yaretherenonames)\nBMKing1212 has agreed to open team sheets.\n|\n|t:|1681778542\n|start\n|switch|p1a: Baxcalibur|Baxcalibur, L50, M|100\/100\n|switch|p1b: Amoonguss|Amoonguss, L50, M|100\/100\n|switch|p2a: Tauros|Tauros-Paldea-Aqua, L50, M|100\/100\n|switch|p2b: Amoonguss|Amoonguss, L50, M|100\/100\n|-ability|p2a: Tauros|Intimidate|boost\n|-fail|p1a: Baxcalibur|unboost|[from] item: Clear Amulet|[of] p1a: Baxcalibur\n|-unboost|p1b: Amoonguss|atk|1\n|turn|1\n|inactive|Yaretherenonames has 30 seconds left.\n|\n|t:|1681778571\n|move|p1a: Baxcalibur|Protect|p1a: Baxcalibur\n|-singleturn|p1a: Baxcalibur|Protect\n|move|p2a: Tauros|Close Combat|p1a: Baxcalibur\n|-activate|p1a: Baxcalibur|move: Protect\n|move|p1b: Amoonguss|Spore|p2a: Tauros\n|-status|p2a: Tauros|slp|[from] move: Spore\n|move|p2b: Amoonguss|Spore|p1a: Baxcalibur\n|-activate|p1a: Baxcalibur|move: Protect\n|\n|upkeep\n|turn|2\n|inactive|BMKing1212 has 30 seconds left.\n|inactive|Yaretherenonames has 30 seconds left.\n|\n|t:|1681778603\n|-terastallize|p2b: Amoonguss|Water\n|cant|p2a: Tauros|slp\n|move|p1a: Baxcalibur|Dragon Dance|p1a: Baxcalibur\n|-boost|p1a: Baxcalibur|atk|1\n|-boost|p1a: Baxcalibur|spe|1\n|-enditem|p2a: Tauros|Mirror Herb\n|-boost|p2a: Tauros|atk|1|[from] item: Mirror Herb\n|-boost|p2a: Tauros|spe|1|[from] item: Mirror Herb\n|move|p1b: Amoonguss|Spore|p2a: Tauros\n|-fail|p2a: Tauros|slp\n|move|p2b: Amoonguss|Spore|p1a: Baxcalibur\n|-status|p1a: Baxcalibur|slp|[from] move: Spore\n|\n|upkeep\n|turn|3\n|\n|t:|1681778625\n|cant|p1a: Baxcalibur|slp\n|cant|p2a: Tauros|slp\n|move|p1b: Amoonguss|Spore|p2b: Amoonguss\n|-status|p2b: Amoonguss|slp|[from] move: Spore\n|cant|p2b: Amoonguss|slp\n|\n|upkeep\n|turn|4\n|\n|t:|1681778642\n|switch|p2b: Flutter Mane|Flutter Mane, L50|100\/100\n|-enditem|p2b: Flutter Mane|Booster Energy\n|-activate|p2b: Flutter Mane|ability: Protosynthesis|[fromitem]\n|-start|p2b: Flutter Mane|protosynthesisspe\n|move|p1b: Amoonguss|Rage Powder|p1b: Amoonguss\n|-singleturn|p1b: Amoonguss|move: Rage Powder\n|-curestatus|p2a: Tauros|slp|[msg]\n|move|p2a: Tauros|Close Combat|p1b: Amoonguss\n|-resisted|p1b: Amoonguss\n|-damage|p1b: Amoonguss|68\/100\n|-unboost|p2a: Tauros|def|1\n|-unboost|p2a: Tauros|spd|1\n|cant|p1a: Baxcalibur|slp\n|\n|upkeep\n|turn|5\n|inactive|Yaretherenonames has 30 seconds left.\n|inactive|BMKing1212 has 30 seconds left.\n|\n|t:|1681778674\n|-terastallize|p1a: Baxcalibur|Poison\n|-curestatus|p1a: Baxcalibur|slp|[msg]\n|move|p1a: Baxcalibur|Protect|p1a: Baxcalibur\n|-singleturn|p1a: Baxcalibur|Protect\n|move|p2b: Flutter Mane|Dazzling Gleam|p1a: Baxcalibur|[spread] p1b\n|-activate|p1a: Baxcalibur|move: Protect\n|-resisted|p1b: Amoonguss\n|-damage|p1b: Amoonguss|55\/100\n|move|p2a: Tauros|Close Combat|p1b: Amoonguss\n|-resisted|p1b: Amoonguss\n|-damage|p1b: Amoonguss|24\/100\n|-unboost|p2a: Tauros|def|1\n|-unboost|p2a: Tauros|spd|1\n|-enditem|p1b: Amoonguss|Sitrus Berry|[eat]\n|-heal|p1b: Amoonguss|49\/100|[from] item: Sitrus Berry\n|move|p1b: Amoonguss|Spore|p2a: Tauros\n|-status|p2a: Tauros|slp|[from] move: Spore\n|\n|upkeep\n|turn|6\n|inactive|Yaretherenonames has 30 seconds left.\n|\n|t:|1681778700\n|switch|p2a: Amoonguss|Amoonguss, L50, M, tera:Water|100\/100 slp\n|move|p2b: Flutter Mane|Shadow Ball|p1b: Amoonguss\n|-damage|p1b: Amoonguss|15\/100\n|move|p1a: Baxcalibur|Dragon Dance|p1a: Baxcalibur\n|-boost|p1a: Baxcalibur|atk|1\n|-boost|p1a: Baxcalibur|spe|1\n|move|p1b: Amoonguss|Spore|p2b: Flutter Mane\n|-status|p2b: Flutter Mane|slp|[from] move: Spore\n|\n|upkeep\n|turn|7\n|\n|t:|1681778723\n|-end|p2b: Flutter Mane|Protosynthesis|[silent]\n|switch|p2b: Tauros|Tauros-Paldea-Aqua, L50, M|100\/100 slp\n|-ability|p2b: Tauros|Intimidate|boost\n|-fail|p1a: Baxcalibur|unboost|[from] item: Clear Amulet|[of] p1a: Baxcalibur\n|-unboost|p1b: Amoonguss|atk|1\n|switch|p1b: Flutter Mane|Flutter Mane, L50|100\/100\n|move|p1a: Baxcalibur|Glaive Rush|p2a: Amoonguss\n|-damage|p2a: Amoonguss|0 fnt\n|-singlemove|p1a: Baxcalibur|Glaive Rush|[silent]\n|faint|p2a: Amoonguss\n|\n|upkeep\n|\n|t:|1681778736\n|switch|p2a: Kingambit|Kingambit, L50, M|100\/100\n|turn|8\n|\n|t:|1681778752\n|move|p1a: Baxcalibur|Protect|p1a: Baxcalibur\n|-singleturn|p1a: Baxcalibur|Protect\n|move|p2a: Kingambit|Sucker Punch|p1b: Flutter Mane\n|-damage|p1b: Flutter Mane|39\/100\n|move|p1b: Flutter Mane|Dazzling Gleam|p2b: Tauros|[spread] p2a,p2b\n|-supereffective|p2b: Tauros\n|-damage|p2a: Kingambit|68\/100\n|-damage|p2b: Tauros|0 fnt\n|faint|p2b: Tauros\n|\n|upkeep\n|\n|t:|1681778763\n|switch|p2b: Flutter Mane|Flutter Mane, L50|100\/100 slp\n|turn|9\n|\n|t:|1681778775\n|-end|p1b: Flutter Mane|Protosynthesis|[silent]\n|switch|p1b: Amoonguss|Amoonguss, L50, M|49\/100\n|cant|p2b: Flutter Mane|slp\n|move|p2a: Kingambit|Sucker Punch||[still]\n|-fail|p2a: Kingambit\n|move|p1a: Baxcalibur|Glaive Rush|p2a: Kingambit\n|-resisted|p2a: Kingambit\n|-damage|p2a: Kingambit|25\/100\n|-singlemove|p1a: Baxcalibur|Glaive Rush|[silent]\n|\n|upkeep\n|turn|10\n|inactive|Yaretherenonames has 30 seconds left.\n|inactive|Yaretherenonames has 20 seconds left.\n|inactive|Yaretherenonames has 15 seconds left.\n|inactive|Yaretherenonames has 10 seconds left.\n|inactive|Yaretherenonames has 5 seconds left.\n|\n|t:|1681778827\n|switch|p1b: Flutter Mane|Flutter Mane, L50|39\/100\n|move|p1a: Baxcalibur|Protect|p1a: Baxcalibur\n|-singleturn|p1a: Baxcalibur|Protect\n|move|p2a: Kingambit|Sucker Punch||[still]\n|-fail|p2a: Kingambit\n|cant|p2b: Flutter Mane|slp\n|\n|upkeep\n|turn|11\n|\n|t:|1681778843\n|-end|p1b: Flutter Mane|Protosynthesis|[silent]\n|switch|p1b: Amoonguss|Amoonguss, L50, M|82\/100\n|move|p1a: Baxcalibur|Glaive Rush|p2a: Kingambit\n|-resisted|p2a: Kingambit\n|-damage|p2a: Kingambit|0 fnt\n|-singlemove|p1a: Baxcalibur|Glaive Rush|[silent]\n|faint|p2a: Kingambit\n|cant|p2b: Flutter Mane|slp\n|\n|upkeep\n|turn|12\n|\n|t:|1681778855\n|move|p1a: Baxcalibur|Protect|p1a: Baxcalibur\n|-singleturn|p1a: Baxcalibur|Protect\n|-curestatus|p2b: Flutter Mane|slp|[msg]\n|move|p2b: Flutter Mane|Shadow Ball|p1b: Amoonguss\n|-damage|p1b: Amoonguss|45\/100\n|move|p1b: Amoonguss|Spore|p2b: Flutter Mane\n|-status|p2b: Flutter Mane|slp|[from] move: Spore\n|\n|upkeep\n|turn|13\n|-message|Yaretherenonames forfeited.\n|\n|win|BMKing1212\n|raw|BMKing1212's rating: 1211 → 1234<\/strong> (+23 for winning)\n|raw|Yaretherenonames's rating: 1177 → 1154<\/strong> (-23 for losing)\n|l|\u2606Yaretherenonames\n","uploadtime":1681778871,"views":12,"p1id":"bmking1212","p2id":"yaretherenonames","formatid":"gen9vgc2023regulationc","rating":1154,"private":0,"password":""}