{"id":"gen9vgc2023regulationc-1863887788","p1":"mathtass","p2":"G4rug4","format":"[Gen 9] VGC 2023 Regulation C","log":"|j|\u2606mathtass\n|j|\u2606G4rug4\n|t:|1684089644\n|gametype|doubles\n|player|p1|mathtass|101|1379\n|player|p2|G4rug4|101|1348\n|teamsize|p1|6\n|teamsize|p2|6\n|gen|9\n|tier|[Gen 9] VGC 2023 Regulation C\n|rated|\n|rule|Species Clause: Limit one of each Pok\u00e9mon\n|rule|Item Clause: Limit one of each item\n|clearpoke\n|poke|p1|Palafin, L50, M|\n|poke|p1|Chien-Pao, L50|\n|poke|p1|Dragapult, L50, F|\n|poke|p1|Amoonguss, L50, F|\n|poke|p1|Arcanine, L50, M|\n|poke|p1|Flutter Mane, L50|\n|poke|p2|Ceruledge, L50, M|\n|poke|p2|Flutter Mane, L50|\n|poke|p2|Maushold, L50|\n|poke|p2|Gyarados, L50, M|\n|poke|p2|Ting-Lu, L50|\n|poke|p2|Gholdengo, L50|\n|teampreview|4\n|inactive|Battle timer is ON: inactive players will automatically lose when time's up. (requested by G4rug4)\nG4rug4 has agreed to open team sheets.\nmathtass has agreed to open team sheets.\n|inactive|G4rug4 has 60 seconds left.\n|inactive|G4rug4 has 30 seconds left.\n|\n|t:|1684089714\n|start\n|switch|p1a: Blair|Dragapult, L50, F, shiny|100\/100\n|switch|p1b: Poseidon|Palafin, L50, M, shiny|100\/100\n|switch|p2a: Gyarados|Gyarados, L50, M|100\/100\n|switch|p2b: Ceruledge|Ceruledge, L50, M|100\/100\n|-ability|p2a: Gyarados|Intimidate|boost\n|-fail|p1a: Blair|unboost|[from] ability: Clear Body|[of] p1a: Blair\n|-unboost|p1b: Poseidon|atk|1\n|turn|1\n|\n|t:|1684089737\n|detailschange|p1b: Poseidon|Palafin-Hero, L50, M, shiny\n|switch|p1b: Manila|Amoonguss, L50, F, shiny|100\/100\n|move|p2b: Ceruledge|Protect|p2b: Ceruledge\n|-singleturn|p2b: Ceruledge|Protect\n|move|p1a: Blair|Phantom Force||[still]\n|-prepare|p1a: Blair|Phantom Force\n|move|p2a: Gyarados|Thunder Wave|p1a: Blair|[miss]\n|-miss|p2a: Gyarados|p1a: Blair\n|\n|upkeep\n|turn|2\n|\n|t:|1684089762\n|-terastallize|p2b: Ceruledge|Grass\n|-terastallize|p1b: Manila|Water\n|move|p1a: Blair|Phantom Force|p2b: Ceruledge|[from]lockedmove\n|-damage|p2b: Ceruledge|21\/100\n|move|p2b: Ceruledge|Bulk Up|p2b: Ceruledge\n|-boost|p2b: Ceruledge|atk|1\n|-boost|p2b: Ceruledge|def|1\n|move|p2a: Gyarados|Taunt|p1b: Manila\n|-start|p1b: Manila|move: Taunt\n|cant|p1b: Manila|move: Taunt|Spore\n|\n|upkeep\n|turn|3\n|inactive|G4rug4 has 30 seconds left.\n|\n|t:|1684089791\n|move|p2b: Ceruledge|Shadow Sneak|p1a: Blair\n|-supereffective|p1a: Blair\n|-damage|p1a: Blair|29\/100\n|move|p1a: Blair|Phantom Force||[still]\n|-prepare|p1a: Blair|Phantom Force\n|move|p2a: Gyarados|Thunder Wave|p1b: Manila\n|-status|p1b: Manila|par\n|cant|p1b: Manila|par\n|\n|upkeep\n|turn|4\n|\n|t:|1684089806\n|switch|p2b: Ting-Lu|Ting-Lu, L50|100\/100\n|-ability|p2b: Ting-Lu|Vessel of Ruin\n|move|p1a: Blair|Phantom Force|p2a: Gyarados|[from]lockedmove\n|-damage|p2a: Gyarados|44\/100\n|move|p2a: Gyarados|Waterfall|p1a: Blair\n|-resisted|p1a: Blair\n|-damage|p1a: Blair|5\/100\n|move|p1b: Manila|Clear Smog|p2b: Ting-Lu\n|-resisted|p2b: Ting-Lu\n|-damage|p2b: Ting-Lu|95\/100\n|-clearboost|p2b: Ting-Lu\n|\n|-end|p1b: Manila|move: Taunt\n|upkeep\n|turn|5\n|\n|t:|1684089830\n|switch|p1b: Dante|Chien-Pao, L50|100\/100\n|-ability|p1b: Dante|Sword of Ruin\n|move|p1a: Blair|Phantom Force||[still]\n|-prepare|p1a: Blair|Phantom Force\n|move|p2a: Gyarados|Taunt|p1b: Dante\n|-start|p1b: Dante|move: Taunt\n|move|p2b: Ting-Lu|Ruination|p1b: Dante\n|-damage|p1b: Dante|50\/100\n|\n|upkeep\n|turn|6\n|inactive|G4rug4 has 30 seconds left.\n|\n|t:|1684089858\n|move|p1a: Blair|Phantom Force|p2a: Gyarados|[from]lockedmove\n|-damage|p2a: Gyarados|0 fnt\n|faint|p2a: Gyarados\n|move|p1b: Dante|Ice Spinner|p2b: Ting-Lu\n|-supereffective|p2b: Ting-Lu\n|-damage|p2b: Ting-Lu|39\/100\n|-enditem|p2b: Ting-Lu|Weakness Policy\n|-boost|p2b: Ting-Lu|atk|2|[from] item: Weakness Policy\n|-boost|p2b: Ting-Lu|spa|2|[from] item: Weakness Policy\n|move|p2b: Ting-Lu|Earthquake|p1a: Blair|[spread] p1a,p1b\n|-damage|p1a: Blair|0 fnt\n|-damage|p1b: Dante|0 fnt\n|faint|p1a: Blair\n|faint|p1b: Dante\n|\n|upkeep\n|inactive|G4rug4 has 30 seconds left.\n|\n|t:|1684089886\n|switch|p1a: Poseidon|Palafin-Hero, L50, M, shiny|100\/100\n|switch|p1b: Manila|Amoonguss, L50, F, shiny, tera:Water|100\/100 par\n|switch|p2a: Flutter Mane|Flutter Mane, L50|100\/100\n|-activate|p1a: Poseidon|ability: Zero to Hero\n|-enditem|p2a: Flutter Mane|Booster Energy\n|-activate|p2a: Flutter Mane|ability: Protosynthesis|[fromitem]\n|-start|p2a: Flutter Mane|protosynthesisspa\n|turn|7\n|inactive|G4rug4 has 30 seconds left.\n|\n|t:|1684089913\n|move|p1a: Poseidon|Jet Punch|p2b: Ting-Lu\n|-supereffective|p2b: Ting-Lu\n|-damage|p2b: Ting-Lu|0 fnt\n|faint|p2b: Ting-Lu\n|move|p2a: Flutter Mane|Shadow Ball|p1b: Manila\n|-damage|p1b: Manila|53\/100 par\n|move|p1b: Manila|Spore|p2a: Flutter Mane\n|-status|p2a: Flutter Mane|slp|[from] move: Spore\n|\n|-heal|p1b: Manila|59\/100 par|[from] item: Leftovers\n|upkeep\n|\n|t:|1684089919\n|switch|p2b: Ceruledge|Ceruledge, L50, M, tera:Grass|21\/100\n|turn|8\n|\n|t:|1684089941\n|move|p2b: Ceruledge|Shadow Sneak|p1a: Poseidon\n|-damage|p1a: Poseidon|84\/100\n|cant|p2a: Flutter Mane|slp\n|move|p1a: Poseidon|Wave Crash|p2b: Ceruledge\n|-resisted|p2b: Ceruledge\n|-damage|p2b: Ceruledge|0 fnt\n|faint|p2b: Ceruledge\n|-damage|p1a: Poseidon|77\/100|[from] Recoil\n|move|p1b: Manila|Clear Smog|p2a: Flutter Mane\n|-damage|p2a: Flutter Mane|87\/100 slp\n|-clearboost|p2a: Flutter Mane\n|\n|-heal|p1b: Manila|65\/100 par|[from] item: Leftovers\n|upkeep\n|turn|9\n|\n|t:|1684089951\n|move|p1a: Poseidon|Jet Punch|p2a: Flutter Mane\n|-damage|p2a: Flutter Mane|3\/100 slp\n|-curestatus|p2a: Flutter Mane|slp|[msg]\n|move|p2a: Flutter Mane|Shadow Ball|p1a: Poseidon\n|-damage|p1a: Poseidon|22\/100\n|cant|p1b: Manila|par\n|\n|-heal|p1b: Manila|71\/100 par|[from] item: Leftovers\n|upkeep\n|turn|10\n|\n|t:|1684089964\n|move|p2a: Flutter Mane|Protect|p2a: Flutter Mane\n|-singleturn|p2a: Flutter Mane|Protect\n|move|p1a: Poseidon|Jet Punch|p2a: Flutter Mane\n|-activate|p2a: Flutter Mane|move: Protect\n|move|p1b: Manila|Pollen Puff|p1a: Poseidon\n|-heal|p1a: Poseidon|72\/100\n|\n|-heal|p1b: Manila|77\/100 par|[from] item: Leftovers\n|upkeep\n|turn|11\n|\n|t:|1684089972\n|move|p1a: Poseidon|Jet Punch|p2a: Flutter Mane\n|-damage|p2a: Flutter Mane|0 fnt\n|faint|p2a: Flutter Mane\n|-end|p2a: Flutter Mane|Protosynthesis|[silent]\n|\n|win|mathtass\n|raw|mathtass's rating: 1379 → 1397<\/strong> (+18 for winning)\n|raw|G4rug4's rating: 1348 → 1330<\/strong> (-18 for losing)\n","uploadtime":1684089997,"views":5,"p1id":"mathtass","p2id":"g4rug4","formatid":"gen9vgc2023regulationc","rating":1330,"private":0,"password":""}