{"id":"gen9vgc2023regulationc-1863996391","p1":"CbuttyVGC","p2":"PoGoboy","format":"[Gen 9] VGC 2023 Regulation C","log":"|j|\u2606CbuttyVGC\n|j|\u2606PoGoboy\n|t:|1684102917\n|gametype|doubles\n|player|p1|CbuttyVGC|acetrainer-gen4dp|1100\n|player|p2|PoGoboy|lucas-gen4pt|1093\n|teamsize|p1|6\n|teamsize|p2|6\n|gen|9\n|tier|[Gen 9] VGC 2023 Regulation C\n|rated|\n|rule|Species Clause: Limit one of each Pok\u00e9mon\n|rule|Item Clause: Limit one of each item\n|clearpoke\n|poke|p1|Ting-Lu, L50|\n|poke|p1|Palafin, L50, M|\n|poke|p1|Amoonguss, L50, M|\n|poke|p1|Arcanine, L50, M|\n|poke|p1|Flutter Mane, L50|\n|poke|p1|Iron Hands, L50|\n|poke|p2|Lycanroc, L50, M|\n|poke|p2|Klefki, L50, M|\n|poke|p2|Corviknight, L50, M|\n|poke|p2|Garchomp, L50, M|\n|poke|p2|Great Tusk, L50|\n|poke|p2|Azumarill, L50, F|\n|teampreview|4\n|inactive|Battle timer is ON: inactive players will automatically lose when time's up. (requested by PoGoboy)\n|inactive|CbuttyVGC also wants the timer to be on.\nCbuttyVGC has agreed to open team sheets.\n|inactive|CbuttyVGC has 60 seconds left.\n|\n|t:|1684102963\n|start\n|switch|p1a: Fissure|Amoonguss, L50, M|100\/100\n|switch|p1b: Rk9|Iron Hands, L50|100\/100\n|switch|p2a: Sir Knight|Corviknight, L50, M, shiny|100\/100\n|switch|p2b: Captain E.Q.|Garchomp, L50, M|100\/100\n|turn|1\n|\n|t:|1684102984\n|move|p2b: Captain E.Q.|Protect|p2b: Captain E.Q.\n|-singleturn|p2b: Captain E.Q.|Protect\n|move|p2a: Sir Knight|Protect|p2a: Sir Knight\n|-singleturn|p2a: Sir Knight|Protect\n|move|p1b: Rk9|Swords Dance|p1b: Rk9\n|-boost|p1b: Rk9|atk|2\n|move|p1a: Fissure|Spore|p2b: Captain E.Q.\n|-activate|p2b: Captain E.Q.|move: Protect\n|\n|upkeep\n|turn|2\n|\n|t:|1684102995\n|-terastallize|p2a: Sir Knight|Flying\n|move|p1b: Rk9|Protect|p1b: Rk9\n|-singleturn|p1b: Rk9|Protect\n|move|p2b: Captain E.Q.|Earthquake|p1b: Rk9|[spread] p1a\n|-activate|p1b: Rk9|move: Protect\n|-immune|p2a: Sir Knight\n|-damage|p1a: Fissure|64\/100\n|move|p2a: Sir Knight|Brave Bird|p1a: Fissure\n|-supereffective|p1a: Fissure\n|-damage|p1a: Fissure|0 fnt\n|faint|p1a: Fissure\n|-damage|p2a: Sir Knight|79\/100|[from] Recoil\n|\n|upkeep\n|c|\u2606CbuttyVGC|SIR???\n|\n|t:|1684103004\n|switch|p1a: Hands|Flutter Mane, L50|100\/100\n|turn|3\n|\n|t:|1684103009\n|move|p1a: Hands|Dazzling Gleam|p2a: Sir Knight|[spread] p2a,p2b\n|-supereffective|p2b: Captain E.Q.\n|-damage|p2a: Sir Knight|38\/100\n|-damage|p2b: Captain E.Q.|11\/100\n|move|p2b: Captain E.Q.|Earthquake|p1b: Rk9|[spread] p1a,p1b\n|-immune|p2a: Sir Knight\n|-supereffective|p1b: Rk9\n|-damage|p1a: Hands|22\/100\n|-damage|p1b: Rk9|35\/100\n|move|p2a: Sir Knight|Iron Head|p1a: Hands\n|-supereffective|p1a: Hands\n|-damage|p1a: Hands|0 fnt\n|faint|p1a: Hands\n|-end|p1a: Hands|Protosynthesis|[silent]\n|move|p1b: Rk9|Thunder Punch|p2a: Sir Knight\n|-supereffective|p2a: Sir Knight\n|-damage|p2a: Sir Knight|0 fnt\n|faint|p2a: Sir Knight\n|\n|upkeep\n|\n|t:|1684103033\n|switch|p1a: Pala|Ting-Lu, L50|100\/100\n|switch|p2a: Azumarill|Azumarill, L50, F|100\/100\n|-ability|p1a: Pala|Vessel of Ruin\n|turn|4\n|\n|t:|1684103053\n|-terastallize|p1a: Pala|Grass\n|move|p1b: Rk9|Protect|p1b: Rk9\n|-singleturn|p1b: Rk9|Protect\n|move|p2b: Captain E.Q.|Stomping Tantrum|p1a: Pala\n|-resisted|p1a: Pala\n|-damage|p1a: Pala|87\/100\n|move|p1a: Pala|Stomping Tantrum|p2b: Captain E.Q.\n|-damage|p2b: Captain E.Q.|0 fnt\n|faint|p2b: Captain E.Q.\n|move|p2a: Azumarill|Play Rough|p1a: Pala\n|-damage|p1a: Pala|53\/100\n|\n|upkeep\n|\n|t:|1684103055\n|switch|p2b: Great Tusk|Great Tusk, L50|100\/100\n|-enditem|p2b: Great Tusk|Booster Energy\n|-activate|p2b: Great Tusk|ability: Protosynthesis|[fromitem]\n|-start|p2b: Great Tusk|protosynthesisatk\n|turn|5\n|\n|t:|1684103067\n|move|p2b: Great Tusk|Headlong Rush|p1b: Rk9\n|-supereffective|p1b: Rk9\n|-damage|p1b: Rk9|0 fnt\n|-unboost|p2b: Great Tusk|def|1\n|-unboost|p2b: Great Tusk|spd|1\n|faint|p1b: Rk9\n|-end|p1b: Rk9|Quark Drive|[silent]\n|move|p1a: Pala|Fissure|p2b: Great Tusk\n|-damage|p2b: Great Tusk|0 fnt\n|faint|p2b: Great Tusk\n|-end|p2b: Great Tusk|Protosynthesis|[silent]\n|-ohko\n|move|p2a: Azumarill|Ice Spinner|p1a: Pala\n|-supereffective|p1a: Pala\n|-damage|p1a: Pala|19\/100\n|\n|upkeep\n|turn|6\n|c|\u2606PoGoboy|gg\n|\n|t:|1684103076\n|move|p1a: Pala|Fissure|p2a: Azumarill\n|-damage|p2a: Azumarill|0 fnt\n|faint|p2a: Azumarill\n|-ohko\n|\n|win|CbuttyVGC\n|raw|CbuttyVGC's rating: 1100 → 1123<\/strong> (+23 for winning)\n|raw|PoGoboy's rating: 1073 → 1054<\/strong> (-19 for losing)\n|c|\u2606CbuttyVGC|Gg\n|c|\u2606PoGoboy|WTF\n|c|\u2606CbuttyVGC|\ud83d\udc80\n|c|\u2606PoGoboy|i hate fissure\n|l|\u2606PoGoboy\n","uploadtime":1684103106,"views":3,"p1id":"cbuttyvgc","p2id":"pogoboy","formatid":"gen9vgc2023regulationc","rating":1054,"private":0,"password":""}