{"id":"gen9vgc2023regulationc-1854580523","p1":"Evlers","p2":"zjwf","format":"[Gen 9] VGC 2023 Regulation C","log":"|j|\u2606Evlers\n|j|\u2606zjwf\n|t:|1682830258\n|gametype|doubles\n|player|p1|Evlers|cynthia-gen7|\n|player|p2|zjwf|irida|\n|teamsize|p1|6\n|teamsize|p2|6\n|gen|9\n|tier|[Gen 9] VGC 2023 Regulation C\n|rule|Species Clause: Limit one of each Pok\u00e9mon\n|rule|Item Clause: Limit one of each item\n|clearpoke\n|poke|p1|Chien-Pao, L50|\n|poke|p1|Flutter Mane, L50|\n|poke|p1|Chi-Yu, L50|\n|poke|p1|Dragonite, L50, F|\n|poke|p1|Dondozo, L50, F|\n|poke|p1|Tatsugiri, L50, M|\n|poke|p2|Chien-Pao, L50|\n|poke|p2|Palafin, L50, F|\n|poke|p2|Arcanine, L50, F|\n|poke|p2|Amoonguss, L50, F|\n|poke|p2|Flutter Mane, L50|\n|poke|p2|Dragapult, L50, M|\n|teampreview|4\nzjwf has agreed to open team sheets.\nEvlers has agreed to open team sheets.\n|\n|t:|1682830280\n|start\n|switch|p1a: \u9526\u9ca4\u85cf\u4e8e\u707e\u7389|Chi-Yu, L50|100\/100\n|switch|p1b: \u4e0e\u5fc3\u7231\u7684\u4f60\uff0c\u884c\u81f3\u6bd4\u8d5b\u5c3d\u5934|Tatsugiri, L50, M|100\/100\n|switch|p2a: \u57ce\u4e4b\u5185\u706b\u7130|Arcanine, L50, F|100\/100\n|switch|p2b: \u5965\u897f\u91cc\u65af\u7684\u5929\u7a7a\u9f99|Dragapult, L50, M|100\/100\n|-ability|p1a: \u9526\u9ca4\u85cf\u4e8e\u707e\u7389|Beads of Ruin\n|-ability|p2a: \u57ce\u4e4b\u5185\u706b\u7130|Intimidate|boost\n|-unboost|p1a: \u9526\u9ca4\u85cf\u4e8e\u707e\u7389|atk|1\n|-unboost|p1b: \u4e0e\u5fc3\u7231\u7684\u4f60\uff0c\u884c\u81f3\u6bd4\u8d5b\u5c3d\u5934|atk|1\n|turn|1\n|\n|t:|1682830338\n|move|p2a: \u57ce\u4e4b\u5185\u706b\u7130|Extreme Speed|p1a: \u9526\u9ca4\u85cf\u4e8e\u707e\u7389\n|-damage|p1a: \u9526\u9ca4\u85cf\u4e8e\u707e\u7389|61\/100\n|move|p1b: \u4e0e\u5fc3\u7231\u7684\u4f60\uff0c\u884c\u81f3\u6bd4\u8d5b\u5c3d\u5934|Draco Meteor|p2b: \u5965\u897f\u91cc\u65af\u7684\u5929\u7a7a\u9f99\n|-supereffective|p2b: \u5965\u897f\u91cc\u65af\u7684\u5929\u7a7a\u9f99\n|-damage|p2b: \u5965\u897f\u91cc\u65af\u7684\u5929\u7a7a\u9f99|0 fnt\n|-unboost|p1b: \u4e0e\u5fc3\u7231\u7684\u4f60\uff0c\u884c\u81f3\u6bd4\u8d5b\u5c3d\u5934|spa|2\n|faint|p2b: \u5965\u897f\u91cc\u65af\u7684\u5929\u7a7a\u9f99\n|move|p1a: \u9526\u9ca4\u85cf\u4e8e\u707e\u7389|Dark Pulse|p2a: \u57ce\u4e4b\u5185\u706b\u7130\n|-damage|p2a: \u57ce\u4e4b\u5185\u706b\u7130|46\/100\n|\n|upkeep\n|\n|t:|1682830350\n|switch|p2b: \u6697\u9ed1\u604b\u5c38\u72c2|Flutter Mane, L50|100\/100\n|-enditem|p2b: \u6697\u9ed1\u604b\u5c38\u72c2|Booster Energy\n|-activate|p2b: \u6697\u9ed1\u604b\u5c38\u72c2|ability: Protosynthesis|[fromitem]\n|-start|p2b: \u6697\u9ed1\u604b\u5c38\u72c2|protosynthesisspa\n|turn|2\n|\n|t:|1682830365\n|switch|p1b: \u4e50\u8fea|Dragonite, L50, F|100\/100\n|switch|p2a: \u6817\u5b50\u7403|Amoonguss, L50, F|100\/100\n|move|p2b: \u6697\u9ed1\u604b\u5c38\u72c2|Moonblast|p1a: \u9526\u9ca4\u85cf\u4e8e\u707e\u7389\n|-damage|p1a: \u9526\u9ca4\u85cf\u4e8e\u707e\u7389|0 fnt\n|faint|p1a: \u9526\u9ca4\u85cf\u4e8e\u707e\u7389\n|\n|upkeep\n|\n|t:|1682830379\n|switch|p1a: \u8c01\u5bf9\u738b\u5ea7\u9732\u51fa\u7360\u7259|Chien-Pao, L50|100\/100\n|-ability|p1a: \u8c01\u5bf9\u738b\u5ea7\u9732\u51fa\u7360\u7259|Sword of Ruin\n|turn|3\n|\n|t:|1682830428\n|-terastallize|p1b: \u4e50\u8fea|Flying\n|-terastallize|p2a: \u6817\u5b50\u7403|Water\n|move|p1a: \u8c01\u5bf9\u738b\u5ea7\u9732\u51fa\u7360\u7259|Ice Spinner|p2a: \u6817\u5b50\u7403\n|-resisted|p2a: \u6817\u5b50\u7403\n|-damage|p2a: \u6817\u5b50\u7403|77\/100\n|move|p2b: \u6697\u9ed1\u604b\u5c38\u72c2|Thunderbolt|p1b: \u4e50\u8fea\n|-supereffective|p1b: \u4e50\u8fea\n|-damage|p1b: \u4e50\u8fea|59\/100\n|move|p1b: \u4e50\u8fea|Tera Blast|p2b: \u6697\u9ed1\u604b\u5c38\u72c2\n|-damage|p2b: \u6697\u9ed1\u604b\u5c38\u72c2|0 fnt\n|faint|p2b: \u6697\u9ed1\u604b\u5c38\u72c2\n|-end|p2b: \u6697\u9ed1\u604b\u5c38\u72c2|Protosynthesis|[silent]\n|move|p2a: \u6817\u5b50\u7403|Pollen Puff|p1a: \u8c01\u5bf9\u738b\u5ea7\u9732\u51fa\u7360\u7259\n|-supereffective|p1a: \u8c01\u5bf9\u738b\u5ea7\u9732\u51fa\u7360\u7259\n|-damage|p1a: \u8c01\u5bf9\u738b\u5ea7\u9732\u51fa\u7360\u7259|39\/100\n|\n|upkeep\n|\n|t:|1682830438\n|switch|p2b: \u57ce\u4e4b\u5185\u706b\u7130|Arcanine, L50, F|46\/100\n|-ability|p2b: \u57ce\u4e4b\u5185\u706b\u7130|Intimidate|boost\n|-unboost|p1a: \u8c01\u5bf9\u738b\u5ea7\u9732\u51fa\u7360\u7259|atk|1\n|-unboost|p1b: \u4e50\u8fea|atk|1\n|turn|4\n|\n|t:|1682830468\n|move|p1a: \u8c01\u5bf9\u738b\u5ea7\u9732\u51fa\u7360\u7259|Sacred Sword|p2b: \u57ce\u4e4b\u5185\u706b\u7130\n|-damage|p2b: \u57ce\u4e4b\u5185\u706b\u7130|16\/100\n|move|p2b: \u57ce\u4e4b\u5185\u706b\u7130|Will-O-Wisp|p1b: \u4e50\u8fea\n|-status|p1b: \u4e50\u8fea|brn\n|move|p1b: \u4e50\u8fea|Tera Blast|p2b: \u57ce\u4e4b\u5185\u706b\u7130\n|-damage|p2b: \u57ce\u4e4b\u5185\u706b\u7130|0 fnt\n|faint|p2b: \u57ce\u4e4b\u5185\u706b\u7130\n|move|p2a: \u6817\u5b50\u7403|Pollen Puff|p1a: \u8c01\u5bf9\u738b\u5ea7\u9732\u51fa\u7360\u7259\n|-supereffective|p1a: \u8c01\u5bf9\u738b\u5ea7\u9732\u51fa\u7360\u7259\n|-damage|p1a: \u8c01\u5bf9\u738b\u5ea7\u9732\u51fa\u7360\u7259|0 fnt\n|faint|p1a: \u8c01\u5bf9\u738b\u5ea7\u9732\u51fa\u7360\u7259\n|\n|-damage|p1b: \u4e50\u8fea|53\/100 brn|[from] brn\n|upkeep\n|\n|t:|1682830477\n|switch|p1a: \u4e0e\u5fc3\u7231\u7684\u4f60\uff0c\u884c\u81f3\u6bd4\u8d5b\u5c3d\u5934|Tatsugiri, L50, M|100\/100\n|turn|5\n|\n|t:|1682830485\n|move|p1a: \u4e0e\u5fc3\u7231\u7684\u4f60\uff0c\u884c\u81f3\u6bd4\u8d5b\u5c3d\u5934|Draco Meteor|p2a: \u6817\u5b50\u7403\n|-damage|p2a: \u6817\u5b50\u7403|22\/100\n|-unboost|p1a: \u4e0e\u5fc3\u7231\u7684\u4f60\uff0c\u884c\u81f3\u6bd4\u8d5b\u5c3d\u5934|spa|2\n|-enditem|p2a: \u6817\u5b50\u7403|Sitrus Berry|[eat]\n|-heal|p2a: \u6817\u5b50\u7403|47\/100|[from] item: Sitrus Berry\n|move|p1b: \u4e50\u8fea|Tera Blast|p2a: \u6817\u5b50\u7403\n|-damage|p2a: \u6817\u5b50\u7403|30\/100\n|move|p2a: \u6817\u5b50\u7403|Pollen Puff|p1b: \u4e50\u8fea\n|-resisted|p1b: \u4e50\u8fea\n|-damage|p1b: \u4e50\u8fea|45\/100 brn\n|\n|-damage|p1b: \u4e50\u8fea|38\/100 brn|[from] brn\n|upkeep\n|turn|6\n|\n|t:|1682830500\n|move|p2a: \u6817\u5b50\u7403|Protect|p2a: \u6817\u5b50\u7403\n|-singleturn|p2a: \u6817\u5b50\u7403|Protect\n|move|p1a: \u4e0e\u5fc3\u7231\u7684\u4f60\uff0c\u884c\u81f3\u6bd4\u8d5b\u5c3d\u5934|Draco Meteor|p2a: \u6817\u5b50\u7403\n|-activate|p2a: \u6817\u5b50\u7403|move: Protect\n|move|p1b: \u4e50\u8fea|Tera Blast|p2a: \u6817\u5b50\u7403\n|-activate|p2a: \u6817\u5b50\u7403|move: Protect\n|\n|-damage|p1b: \u4e50\u8fea|32\/100 brn|[from] brn\n|upkeep\n|turn|7\n|\n|t:|1682830505\n|move|p1a: \u4e0e\u5fc3\u7231\u7684\u4f60\uff0c\u884c\u81f3\u6bd4\u8d5b\u5c3d\u5934|Draco Meteor|p2a: \u6817\u5b50\u7403\n|-damage|p2a: \u6817\u5b50\u7403|2\/100\n|-unboost|p1a: \u4e0e\u5fc3\u7231\u7684\u4f60\uff0c\u884c\u81f3\u6bd4\u8d5b\u5c3d\u5934|spa|2\n|move|p1b: \u4e50\u8fea|Tera Blast|p2a: \u6817\u5b50\u7403\n|-damage|p2a: \u6817\u5b50\u7403|0 fnt\n|faint|p2a: \u6817\u5b50\u7403\n|\n|win|Evlers\n|l|\u2606zjwf\n|j|\u2606zjwf\n|player|p2|zjwf|irida\n|l|\u2606Evlers\n|l|\u2606zjwf\n|player|p2|\n|j|\u2606Evlers\n|player|p1|Evlers|cynthia-gen7\n","uploadtime":1682830515,"views":28,"p1id":"evlers","p2id":"zjwf","formatid":"gen9vgc2023regulationc","rating":0,"private":0,"password":""}