{"id":"gen9vgc2023regulationc-1862656024","p1":"Whcare","p2":"jchemmy","format":"[Gen 9] VGC 2023 Regulation C","log":"|j|\u2606Whcare\n|j|\u2606jchemmy\n|t:|1683909429\n|gametype|doubles\n|player|p1|Whcare|265|1406\n|player|p2|jchemmy|brock|1458\n|teamsize|p1|6\n|teamsize|p2|6\n|gen|9\n|tier|[Gen 9] VGC 2023 Regulation C\n|rated|\n|rule|Species Clause: Limit one of each Pok\u00e9mon\n|rule|Item Clause: Limit one of each item\n|clearpoke\n|poke|p1|Maushold, L50|\n|poke|p1|Ting-Lu, L50|\n|poke|p1|Annihilape, L50, M|\n|poke|p1|Grimmsnarl, L50, M|\n|poke|p1|Scream Tail, L50|\n|poke|p1|Glimmora, L50, F|\n|poke|p2|Flutter Mane, L50|\n|poke|p2|Ting-Lu, L50|\n|poke|p2|Baxcalibur, L50, M|\n|poke|p2|Palafin, L50, M|\n|poke|p2|Arcanine, L50, F|\n|poke|p2|Amoonguss, L50, M|\n|teampreview|4\n|inactive|Battle timer is ON: inactive players will automatically lose when time's up. (requested by jchemmy)\njchemmy has agreed to open team sheets.\n|inactive|Whcare has 60 seconds left.\n|\n|t:|1683909482\n|start\n|switch|p1a: Glimmora|Glimmora, L50, F|100\/100\n|switch|p1b: Scream Tail|Scream Tail, L50|100\/100\n|switch|p2a: Palafin|Palafin, L50, M|100\/100\n|switch|p2b: Arcanine|Arcanine, L50, F|100\/100\n|-ability|p2b: Arcanine|Intimidate|boost\n|-unboost|p1a: Glimmora|atk|1\n|-unboost|p1b: Scream Tail|atk|1\n|-enditem|p1b: Scream Tail|Booster Energy\n|-activate|p1b: Scream Tail|ability: Protosynthesis|[fromitem]\n|-start|p1b: Scream Tail|protosynthesisspe\n|turn|1\n|\n|t:|1683909506\n|detailschange|p2a: Palafin|Palafin-Hero, L50, M\n|switch|p2a: Baxcalibur|Baxcalibur, L50, M|100\/100\n|move|p1a: Glimmora|Spiky Shield|p1a: Glimmora\n|-singleturn|p1a: Glimmora|move: Protect\n|move|p1b: Scream Tail|Thunder Wave|p2a: Baxcalibur\n|-status|p2a: Baxcalibur|par\n|move|p2b: Arcanine|Howl|p2b: Arcanine|[spread] p2a,p2b\n|-boost|p2a: Baxcalibur|atk|1\n|-boost|p2b: Arcanine|atk|1\n|\n|upkeep\n|turn|2\n|j| ervf recf\n|l| ervf recf\n|inactive|jchemmy has 30 seconds left.\n|\n|t:|1683909538\n|switch|p2b: Palafin|Palafin-Hero, L50, M|100\/100\n|-activate|p2b: Palafin|ability: Zero to Hero\n|-terastallize|p2a: Baxcalibur|Poison\n|move|p1b: Scream Tail|Encore||[still]\n|-fail|p1b: Scream Tail\n|move|p1a: Glimmora|Power Gem|p2a: Baxcalibur\n|-damage|p2a: Baxcalibur|58\/100 par\n|move|p2a: Baxcalibur|Icicle Crash|p1b: Scream Tail\n|-damage|p1b: Scream Tail|46\/100\n|\n|upkeep\n|turn|3\n|inactive|Whcare has 30 seconds left.\n|inactive|jchemmy has 30 seconds left.\n|inactive|Whcare has 20 seconds left.\n|\n|t:|1683909577\n|switch|p2a: Flutter Mane|Flutter Mane, L50|100\/100\n|-terastallize|p1a: Glimmora|Grass\n|move|p1b: Scream Tail|Disable||[still]\n|-fail|p1b: Scream Tail\n|move|p1a: Glimmora|Energy Ball|p2b: Palafin\n|-supereffective|p2b: Palafin\n|-damage|p2b: Palafin|0 fnt\n|faint|p2b: Palafin\n|\n|upkeep\n|\n|t:|1683909587\n|switch|p2b: Baxcalibur|Baxcalibur, L50, M, tera:Poison|58\/100 par\n|turn|4\n|inactive|Whcare has 30 seconds left.\n|inactive|Whcare has 20 seconds left.\n|inactive|Whcare has 15 seconds left.\n|\n|t:|1683909631\n|move|p2b: Baxcalibur|Protect|p2b: Baxcalibur\n|-singleturn|p2b: Baxcalibur|Protect\n|move|p1b: Scream Tail|Thunder Wave|p2a: Flutter Mane\n|-status|p2a: Flutter Mane|par\n|move|p1a: Glimmora|Energy Ball|p2a: Flutter Mane\n|-damage|p2a: Flutter Mane|52\/100 par\n|move|p2a: Flutter Mane|Shadow Ball|p1a: Glimmora\n|-damage|p1a: Glimmora|21\/100\n|\n|upkeep\n|turn|5\n|inactive|Whcare has 30 seconds left.\n|\n|t:|1683909657\n|move|p1a: Glimmora|Spiky Shield|p1a: Glimmora\n|-singleturn|p1a: Glimmora|move: Protect\n|move|p2b: Baxcalibur|Ice Shard|p1a: Glimmora\n|-activate|p1a: Glimmora|move: Protect\n|move|p1b: Scream Tail|Disable|p2b: Baxcalibur\n|-start|p2b: Baxcalibur|Disable|Ice Shard\n|move|p2a: Flutter Mane|Shadow Ball|p1b: Scream Tail\n|-supereffective|p1b: Scream Tail\n|-damage|p1b: Scream Tail|0 fnt\n|faint|p1b: Scream Tail\n|-end|p1b: Scream Tail|Protosynthesis|[silent]\n|\n|upkeep\n|\n|t:|1683909668\n|switch|p1b: Maushold|Maushold, L50|100\/100\n|turn|6\n|\n|t:|1683909686\n|-end|p2a: Flutter Mane|Protosynthesis|[silent]\n|switch|p2a: Arcanine|Arcanine, L50, F|100\/100\n|-ability|p2a: Arcanine|Intimidate|boost\n|-unboost|p1a: Glimmora|atk|1\n|-unboost|p1b: Maushold|atk|1\n|move|p1b: Maushold|Population Bomb|p2b: Baxcalibur\n|-damage|p2b: Baxcalibur|52\/100 par\n|-damage|p2b: Baxcalibur|46\/100 par\n|-damage|p2b: Baxcalibur|39\/100 par\n|-damage|p2b: Baxcalibur|31\/100 par\n|-damage|p2b: Baxcalibur|24\/100 par\n|-damage|p2b: Baxcalibur|18\/100 par\n|-damage|p2b: Baxcalibur|11\/100 par\n|-damage|p2b: Baxcalibur|3\/100 par\n|-damage|p2b: Baxcalibur|0 fnt\n|faint|p2b: Baxcalibur\n|-hitcount|p2: Baxcalibur|9\n|move|p1a: Glimmora|Energy Ball|p2a: Arcanine\n|-resisted|p2a: Arcanine\n|-damage|p2a: Arcanine|77\/100\n|\n|upkeep\n|\n|t:|1683909705\n|switch|p2b: Flutter Mane|Flutter Mane, L50|52\/100 par\n|turn|7\n|\n|t:|1683909713\n|switch|p1b: Annihilape|Annihilape, L50, M|100\/100\n|move|p1a: Glimmora|Spiky Shield|p1a: Glimmora\n|-singleturn|p1a: Glimmora|move: Protect\n|move|p2a: Arcanine|Protect|p2a: Arcanine\n|-singleturn|p2a: Arcanine|Protect\n|move|p2b: Flutter Mane|Dazzling Gleam|p1a: Glimmora|[spread] p1b\n|-activate|p1a: Glimmora|move: Protect\n|-supereffective|p1b: Annihilape\n|-damage|p1b: Annihilape|17\/100\n|\n|-heal|p1b: Annihilape|23\/100|[from] item: Leftovers\n|upkeep\n|turn|8\n|\n|t:|1683909735\n|move|p1a: Glimmora|Power Gem|p2a: Arcanine\n|-supereffective|p2a: Arcanine\n|-damage|p2a: Arcanine|0 fnt\n|faint|p2a: Arcanine\n|move|p1b: Annihilape|Rage Fist|p2b: Flutter Mane\n|-supereffective|p2b: Flutter Mane\n|-damage|p2b: Flutter Mane|0 fnt\n|faint|p2b: Flutter Mane\n|-end|p2b: Flutter Mane|Protosynthesis|[silent]\n|\n|win|Whcare\n|raw|Whcare's rating: 1406 → 1429<\/strong> (+23 for winning)\n|raw|jchemmy's rating: 1458 → 1435<\/strong> (-23 for losing)\n","uploadtime":1683909742,"views":14,"p1id":"whcare","p2id":"jchemmy","formatid":"gen9vgc2023regulationc","rating":1429,"private":0,"password":""}