{"id":"gen9vgc2023regulationc-1852984645","p1":"b(R)2","p2":"Pog Johnson","format":"[Gen 9] VGC 2023 Regulation C","log":"|j|\u2606b(R)2\n|j|\u2606Pog Johnson\n|t:|1682622968\n|gametype|doubles\n|player|p1|b(R)2|266|1357\n|player|p2|Pog Johnson|emmet|1370\n|teamsize|p1|6\n|teamsize|p2|6\n|gen|9\n|tier|[Gen 9] VGC 2023 Regulation C\n|rated|\n|rule|Species Clause: Limit one of each Pok\u00e9mon\n|rule|Item Clause: Limit one of each item\n|clearpoke\n|poke|p1|Ting-Lu, L50|\n|poke|p1|Amoonguss, L50, F|\n|poke|p1|Garganacl, L50, F|\n|poke|p1|Arcanine, L50, M|\n|poke|p1|Roaring Moon, L50|\n|poke|p1|Iron Bundle, L50|\n|poke|p2|Palafin, L50, F|\n|poke|p2|Arcanine, L50, F|\n|poke|p2|Amoonguss, L50, M|\n|poke|p2|Baxcalibur, L50, M|\n|poke|p2|Corviknight, L50, F|\n|poke|p2|Sandy Shocks, L50|\n|teampreview|4\n|inactive|Battle timer is ON: inactive players will automatically lose when time's up. (requested by Pog Johnson)\nb(R)2 has agreed to open team sheets.\n|inactive|Pog Johnson has 60 seconds left.\n|\n|t:|1682623022\n|start\n|switch|p1a: Garganacl|Garganacl, L50, F|100\/100\n|switch|p1b: Arcanine|Arcanine, L50, M|100\/100\n|switch|p2a: Baxcalibur|Baxcalibur, L50, M|100\/100\n|switch|p2b: Sandy Shocks|Sandy Shocks, L50|100\/100\n|-ability|p1b: Arcanine|Intimidate|boost\n|-fail|p2a: Baxcalibur|unboost|[from] item: Clear Amulet|[of] p2a: Baxcalibur\n|-unboost|p2b: Sandy Shocks|atk|1\n|-enditem|p2b: Sandy Shocks|Booster Energy\n|-activate|p2b: Sandy Shocks|ability: Protosynthesis|[fromitem]\n|-start|p2b: Sandy Shocks|protosynthesisspa\n|turn|1\n|inactive|b(R)2 has 30 seconds left.\n|\n|t:|1682623056\n|move|p2b: Sandy Shocks|Substitute|p2b: Sandy Shocks\n|-start|p2b: Sandy Shocks|Substitute\n|-damage|p2b: Sandy Shocks|75\/100\n|move|p2a: Baxcalibur|Glaive Rush|p1b: Arcanine\n|-damage|p1b: Arcanine|32\/100\n|-singlemove|p2a: Baxcalibur|Glaive Rush|[silent]\n|move|p1b: Arcanine|Flare Blitz|p2b: Sandy Shocks\n|-end|p2b: Sandy Shocks|Substitute\n|-damage|p1b: Arcanine|25\/100|[from] Recoil|[of] p2b: Sandy Shocks\n|-enditem|p1b: Arcanine|Iapapa Berry|[eat]\n|-heal|p1b: Arcanine|58\/100|[from] item: Iapapa Berry\n|move|p1a: Garganacl|Stealth Rock|p2a: Baxcalibur\n|-sidestart|p2: Pog Johnson|move: Stealth Rock\n|\n|upkeep\n|turn|2\n|\n|t:|1682623076\n|move|p1b: Arcanine|Extreme Speed|p2a: Baxcalibur\n|-damage|p2a: Baxcalibur|51\/100\n|move|p2b: Sandy Shocks|Earth Power|p1a: Garganacl\n|-supereffective|p1a: Garganacl\n|-damage|p1a: Garganacl|31\/100\n|move|p2a: Baxcalibur|Glaive Rush|p1b: Arcanine\n|-damage|p1b: Arcanine|0 fnt\n|-singlemove|p2a: Baxcalibur|Glaive Rush|[silent]\n|faint|p1b: Arcanine\n|move|p1a: Garganacl|Salt Cure|p2a: Baxcalibur\n|-supereffective|p2a: Baxcalibur\n|-damage|p2a: Baxcalibur|0 fnt\n|faint|p2a: Baxcalibur\n|\n|-heal|p1a: Garganacl|37\/100|[from] item: Leftovers\n|upkeep\n|\n|t:|1682623089\n|switch|p2a: Amoonguss|Amoonguss, L50, M|100\/100\n|switch|p1b: Amoonguss|Amoonguss, L50, F|100\/100\n|-damage|p2a: Amoonguss|88\/100|[from] Stealth Rock\n|turn|3\n|\n|t:|1682623104\n|-terastallize|p2b: Sandy Shocks|Grass\n|move|p1b: Amoonguss|Rage Powder|p1b: Amoonguss\n|-singleturn|p1b: Amoonguss|move: Rage Powder\n|move|p2b: Sandy Shocks|Earth Power|p1a: Garganacl\n|-supereffective|p1a: Garganacl\n|-damage|p1a: Garganacl|0 fnt\n|faint|p1a: Garganacl\n|move|p2a: Amoonguss|Pollen Puff|p2b: Sandy Shocks\n|-heal|p2b: Sandy Shocks|100\/100\n|\n|upkeep\n|\n|t:|1682623113\n|switch|p1a: Roaring Moon|Roaring Moon, L50|100\/100\n|-enditem|p1a: Roaring Moon|Booster Energy\n|-activate|p1a: Roaring Moon|ability: Protosynthesis|[fromitem]\n|-start|p1a: Roaring Moon|protosynthesisatk\n|turn|4\n|\n|t:|1682623136\n|switch|p2a: Arcanine|Arcanine, L50, F|100\/100\n|-damage|p2a: Arcanine|76\/100|[from] Stealth Rock\n|-ability|p2a: Arcanine|Intimidate|boost\n|-unboost|p1a: Roaring Moon|atk|1\n|-unboost|p1b: Amoonguss|atk|1\n|move|p2b: Sandy Shocks|Thunderbolt|p1a: Roaring Moon\n|-resisted|p1a: Roaring Moon\n|-damage|p1a: Roaring Moon|75\/100\n|move|p1a: Roaring Moon|Acrobatics|p2b: Sandy Shocks\n|-supereffective|p2b: Sandy Shocks\n|-damage|p2b: Sandy Shocks|16\/100\n|move|p1b: Amoonguss|Pollen Puff|p1a: Roaring Moon\n|-heal|p1a: Roaring Moon|100\/100\n|\n|upkeep\n|turn|5\n|inactive|b(R)2 has 30 seconds left.\n|inactive|Pog Johnson has 30 seconds left.\n|\n|t:|1682623163\n|-terastallize|p1b: Amoonguss|Water\n|move|p2b: Sandy Shocks|Protect|p2b: Sandy Shocks\n|-singleturn|p2b: Sandy Shocks|Protect\n|move|p1a: Roaring Moon|Dragon Dance|p1a: Roaring Moon\n|-boost|p1a: Roaring Moon|atk|1\n|-boost|p1a: Roaring Moon|spe|1\n|move|p2a: Arcanine|Will-O-Wisp|p1a: Roaring Moon\n|-status|p1a: Roaring Moon|brn\n|move|p1b: Amoonguss|Pollen Puff|p2b: Sandy Shocks\n|-activate|p2b: Sandy Shocks|move: Protect\n|\n|-damage|p1a: Roaring Moon|95\/100 brn|[from] brn\n|upkeep\n|turn|6\n|\n|t:|1682623187\n|-end|p2b: Sandy Shocks|Protosynthesis|[silent]\n|switch|p2b: Amoonguss|Amoonguss, L50, M|88\/100\n|-damage|p2b: Amoonguss|76\/100|[from] Stealth Rock\n|move|p1a: Roaring Moon|Acrobatics|p2b: Amoonguss\n|-supereffective|p2b: Amoonguss\n|-damage|p2b: Amoonguss|32\/100\n|-enditem|p2b: Amoonguss|Sitrus Berry|[eat]\n|-heal|p2b: Amoonguss|57\/100|[from] item: Sitrus Berry\n|move|p2a: Arcanine|Flare Blitz|p1a: Roaring Moon\n|-resisted|p1a: Roaring Moon\n|-damage|p1a: Roaring Moon|70\/100 brn\n|-damage|p2a: Arcanine|67\/100|[from] Recoil\n|move|p1b: Amoonguss|Spore|p2a: Arcanine\n|-activate|p2a: Arcanine|item: Safety Goggles|Spore\n|\n|-damage|p1a: Roaring Moon|64\/100 brn|[from] brn\n|upkeep\n|turn|7\n|\n|t:|1682623215\n|move|p1a: Roaring Moon|Acrobatics|p2b: Amoonguss\n|-supereffective|p2b: Amoonguss\n|-damage|p2b: Amoonguss|15\/100\n|move|p2a: Arcanine|Flare Blitz|p1a: Roaring Moon\n|-resisted|p1a: Roaring Moon\n|-damage|p1a: Roaring Moon|42\/100 brn\n|-damage|p2a: Arcanine|59\/100|[from] Recoil\n|move|p2b: Amoonguss|Clear Smog|p1a: Roaring Moon\n|-damage|p1a: Roaring Moon|29\/100 brn\n|-clearboost|p1a: Roaring Moon\n|move|p1b: Amoonguss|Pollen Puff|p1a: Roaring Moon\n|-heal|p1a: Roaring Moon|79\/100 brn\n|\n|-damage|p1a: Roaring Moon|73\/100 brn|[from] brn\n|upkeep\n|turn|8\n|\n|t:|1682623239\n|move|p2a: Arcanine|Flare Blitz|p1b: Amoonguss\n|-resisted|p1b: Amoonguss\n|-damage|p1b: Amoonguss|84\/100\n|-damage|p2a: Arcanine|53\/100|[from] Recoil\n|move|p1a: Roaring Moon|Jaw Lock|p2a: Arcanine\n|-damage|p2a: Arcanine|22\/100\n|-activate|p1a: Roaring Moon|trapped\n|-activate|p2a: Arcanine|trapped\n|move|p2b: Amoonguss|Clear Smog|p1a: Roaring Moon\n|-damage|p1a: Roaring Moon|60\/100 brn\n|-clearboost|p1a: Roaring Moon\n|move|p1b: Amoonguss|Pollen Puff|p1a: Roaring Moon\n|-heal|p1a: Roaring Moon|100\/100 brn\n|\n|-damage|p1a: Roaring Moon|95\/100 brn|[from] brn\n|upkeep\n|turn|9\n|\n|t:|1682623263\n|move|p2a: Arcanine|Protect|p2a: Arcanine\n|-singleturn|p2a: Arcanine|Protect\n|move|p1a: Roaring Moon|Acrobatics|p2b: Amoonguss\n|-supereffective|p2b: Amoonguss\n|-damage|p2b: Amoonguss|0 fnt\n|faint|p2b: Amoonguss\n|move|p1b: Amoonguss|Pollen Puff|p1a: Roaring Moon\n|-heal|p1a: Roaring Moon|100\/100 brn\n|\n|-damage|p1a: Roaring Moon|95\/100 brn|[from] brn\n|upkeep\n|-message|Pog Johnson forfeited.\n|\n|win|b(R)2\n|raw|b(R)2's rating: 1357 → 1378<\/strong> (+21 for winning)\n|raw|Pog Johnson's rating: 1370 → 1349<\/strong> (-21 for losing)\n|l|\u2606Pog Johnson\n","uploadtime":1682623272,"views":5,"p1id":"br2","p2id":"pogjohnson","formatid":"gen9vgc2023regulationc","rating":1349,"private":0,"password":""}