{"id":"gen9vgc2023regulationc-1844822438","p1":"Arcacagne","p2":"felipeand_VGC","format":"[Gen 9] VGC 2023 Regulation C","log":"|j|\u2606Arcacagne\n|j|\u2606felipeand_VGC\n|t:|1681652800\n|gametype|doubles\n|player|p1|Arcacagne|2|1298\n|player|p2|felipeand_VGC|1|1384\n|teamsize|p1|6\n|teamsize|p2|6\n|gen|9\n|tier|[Gen 9] VGC 2023 Regulation C\n|rated|\n|rule|Species Clause: Limit one of each Pok\u00e9mon\n|rule|Item Clause: Limit one of each item\n|clearpoke\n|poke|p1|Chien-Pao, L50|\n|poke|p1|Palafin, L50, M|\n|poke|p1|Amoonguss, L50, F|\n|poke|p1|Arcanine, L50, M|\n|poke|p1|Kingambit, L50, M|\n|poke|p1|Iron Bundle, L50|\n|poke|p2|Amoonguss, L50, M|\n|poke|p2|Baxcalibur, L50, M|\n|poke|p2|Flutter Mane, L50|\n|poke|p2|Chi-Yu, L50|\n|poke|p2|Iron Hands, L50|\n|poke|p2|Gyarados, L50, M|\n|teampreview|4\nArcacagne has agreed to open team sheets.\nfelipeand_VGC has agreed to open team sheets.\n|c|\u2606Arcacagne|flutter without item?\n|inactive|Battle timer is ON: inactive players will automatically lose when time's up. (requested by felipeand_VGC)\n|\n|t:|1681652897\n|start\n|switch|p1a: Chien-Pao|Chien-Pao, L50|100\/100\n|switch|p1b: Palafin|Palafin, L50, M|100\/100\n|switch|p2a: Iron Hands|Iron Hands, L50|100\/100\n|switch|p2b: Baxcalibur|Baxcalibur, L50, M|100\/100\n|-ability|p1a: Chien-Pao|Sword of Ruin\n|turn|1\n|\n|t:|1681652921\n|detailschange|p1b: Palafin|Palafin-Hero, L50, M\n|switch|p1b: Amoonguss|Amoonguss, L50, F|100\/100\n|move|p1a: Chien-Pao|Protect|p1a: Chien-Pao\n|-singleturn|p1a: Chien-Pao|Protect\n|move|p2a: Iron Hands|Fake Out|p1a: Chien-Pao\n|-activate|p1a: Chien-Pao|move: Protect\n|move|p2b: Baxcalibur|Swords Dance|p2b: Baxcalibur\n|-boost|p2b: Baxcalibur|atk|2\n|\n|upkeep\n|turn|2\n|inactive|Arcacagne has 30 seconds left.\n|\n|t:|1681652947\n|-end|p2a: Iron Hands|Quark Drive|[silent]\n|switch|p2a: Gyarados|Gyarados, L50, M|100\/100\n|-ability|p2a: Gyarados|Intimidate|boost\n|-unboost|p1a: Chien-Pao|atk|1\n|-unboost|p1b: Amoonguss|atk|1\n|-terastallize|p1a: Chien-Pao|Ghost\n|move|p2b: Baxcalibur|Protect|p2b: Baxcalibur\n|-singleturn|p2b: Baxcalibur|Protect\n|move|p1a: Chien-Pao|Sacred Sword|p2b: Baxcalibur\n|-activate|p2b: Baxcalibur|move: Protect\n|move|p1b: Amoonguss|Spore|p2a: Gyarados\n|-status|p2a: Gyarados|slp|[from] move: Spore\n|\n|upkeep\n|turn|3\n|inactive|felipeand_VGC has 30 seconds left.\n|inactive|Arcacagne has 30 seconds left.\n|inactive|felipeand_VGC has 20 seconds left.\n|inactive|felipeand_VGC has 15 seconds left.\n|inactive|felipeand_VGC has 10 seconds left.\n|\n|t:|1681652997\n|switch|p1a: Kingambit|Kingambit, L50, M|100\/100\n|switch|p2b: Amoonguss|Amoonguss, L50, M|100\/100\n|cant|p2a: Gyarados|slp\n|move|p1b: Amoonguss|Spore|p2b: Amoonguss\n|-immune|p2b: Amoonguss\n|\n|upkeep\n|turn|4\n|inactive|Arcacagne has 30 seconds left.\n|inactive|felipeand_VGC has 30 seconds left.\n|\n|t:|1681653029\n|switch|p1b: Chien-Pao|Chien-Pao, L50, tera:Ghost|100\/100\n|-ability|p1b: Chien-Pao|Sword of Ruin\n|cant|p2a: Gyarados|slp\n|move|p1a: Kingambit|Swords Dance|p1a: Kingambit\n|-boost|p1a: Kingambit|atk|2\n|move|p2b: Amoonguss|Spore|p1a: Kingambit\n|-status|p1a: Kingambit|slp|[from] move: Spore\n|-enditem|p1a: Kingambit|Lum Berry|[eat]\n|-curestatus|p1a: Kingambit|slp|[msg]\n|\n|upkeep\n|turn|5\n|inactive|felipeand_VGC has 30 seconds left.\n|inactive|felipeand_VGC has 20 seconds left.\n|inactive|felipeand_VGC has 15 seconds left.\n|\n|t:|1681653070\n|-terastallize|p2b: Amoonguss|Water\n|move|p1b: Chien-Pao|Ice Spinner|p2b: Amoonguss\n|-resisted|p2b: Amoonguss\n|-damage|p2b: Amoonguss|77\/100\n|cant|p2a: Gyarados|slp\n|move|p1a: Kingambit|Kowtow Cleave|p2a: Gyarados\n|-damage|p2a: Gyarados|0 fnt\n|faint|p2a: Gyarados\n|move|p2b: Amoonguss|Spore|p1a: Kingambit\n|-status|p1a: Kingambit|slp|[from] move: Spore\n|\n|upkeep\n|\n|t:|1681653087\n|switch|p2a: Baxcalibur|Baxcalibur, L50, M|100\/100\n|turn|6\n|inactive|felipeand_VGC has 30 seconds left.\n|\n|t:|1681653116\n|switch|p2b: Iron Hands|Iron Hands, L50|100\/100\n|move|p1b: Chien-Pao|Sacred Sword|p2a: Baxcalibur\n|-supereffective|p2a: Baxcalibur\n|-damage|p2a: Baxcalibur|27\/100\n|move|p2a: Baxcalibur|Swords Dance|p2a: Baxcalibur\n|-boost|p2a: Baxcalibur|atk|2\n|cant|p1a: Kingambit|slp\n|\n|upkeep\n|turn|7\n|inactive|Arcacagne has 30 seconds left.\n|inactive|Arcacagne has 20 seconds left.\n|inactive|Arcacagne has 15 seconds left.\n|\n|t:|1681653157\n|switch|p1a: Amoonguss|Amoonguss, L50, F|100\/100\n|move|p2a: Baxcalibur|Protect|p2a: Baxcalibur\n|-singleturn|p2a: Baxcalibur|Protect\n|move|p1b: Chien-Pao|Sacred Sword|p2a: Baxcalibur\n|-activate|p2a: Baxcalibur|move: Protect\n|move|p2b: Iron Hands|Drain Punch|p1a: Amoonguss\n|-resisted|p1a: Amoonguss\n|-damage|p1a: Amoonguss|65\/100\n|\n|upkeep\n|turn|8\n|inactive|felipeand_VGC has 30 seconds left.\n|inactive|Arcacagne has 30 seconds left.\n|inactive|felipeand_VGC has 20 seconds left.\n|\n|t:|1681653197\n|-end|p2b: Iron Hands|Quark Drive|[silent]\n|switch|p2b: Amoonguss|Amoonguss, L50, M, tera:Water|100\/100\n|move|p1a: Amoonguss|Protect|p1a: Amoonguss\n|-singleturn|p1a: Amoonguss|Protect\n|move|p2a: Baxcalibur|Ice Shard|p1a: Amoonguss\n|-activate|p1a: Amoonguss|move: Protect\n|move|p1b: Chien-Pao|Sacred Sword|p2a: Baxcalibur\n|-supereffective|p2a: Baxcalibur\n|-damage|p2a: Baxcalibur|0 fnt\n|faint|p2a: Baxcalibur\n|\n|upkeep\n|\n|t:|1681653207\n|switch|p2a: Iron Hands|Iron Hands, L50|100\/100\n|turn|9\n|\n|t:|1681653227\n|switch|p1b: Kingambit|Kingambit, L50, M|100\/100 slp\n|move|p2a: Iron Hands|Heavy Slam|p1a: Amoonguss\n|-damage|p1a: Amoonguss|13\/100\n|-enditem|p1a: Amoonguss|Sitrus Berry|[eat]\n|-heal|p1a: Amoonguss|38\/100|[from] item: Sitrus Berry\n|move|p1a: Amoonguss|Spore|p2b: Amoonguss\n|-status|p2b: Amoonguss|slp|[from] move: Spore\n|cant|p2b: Amoonguss|slp\n|\n|upkeep\n|turn|10\n|inactive|Arcacagne has 30 seconds left.\n|inactive|felipeand_VGC has 30 seconds left.\n|\n|t:|1681653260\n|switch|p1b: Chien-Pao|Chien-Pao, L50, tera:Ghost|100\/100\n|-ability|p1b: Chien-Pao|Sword of Ruin\n|move|p2a: Iron Hands|Wild Charge|p1b: Chien-Pao\n|-damage|p1b: Chien-Pao|21\/100\n|-damage|p2a: Iron Hands|87\/100|[from] Recoil\n|-curestatus|p2b: Amoonguss|slp|[msg]\n|move|p2b: Amoonguss|Pollen Puff|p1b: Chien-Pao\n|-resisted|p1b: Chien-Pao\n|-damage|p1b: Chien-Pao|7\/100\n|move|p1a: Amoonguss|Spore|p2a: Iron Hands\n|-status|p2a: Iron Hands|slp|[from] move: Spore\n|\n|upkeep\n|turn|11\n|inactive|felipeand_VGC has 30 seconds left.\n|inactive|felipeand_VGC has 20 seconds left.\n|inactive|felipeand_VGC has 15 seconds left.\n|inactive|felipeand_VGC has 10 seconds left.\n|inactive|felipeand_VGC has 5 seconds left.\n|\n|t:|1681653313\n|move|p1b: Chien-Pao|Sacred Sword|p2a: Iron Hands\n|-damage|p2a: Iron Hands|56\/100 slp\n|cant|p2a: Iron Hands|slp\n|move|p1a: Amoonguss|Spore|p2b: Amoonguss\n|-status|p2b: Amoonguss|slp|[from] move: Spore\n|cant|p2b: Amoonguss|slp\n|\n|upkeep\n|turn|12\n|\n|t:|1681653335\n|switch|p1a: Kingambit|Kingambit, L50, M|100\/100 slp\n|move|p1b: Chien-Pao|Sacred Sword|p2a: Iron Hands\n|-damage|p2a: Iron Hands|28\/100 slp\n|cant|p2a: Iron Hands|slp\n|cant|p2b: Amoonguss|slp\n|\n|upkeep\n|turn|13\n|\n|t:|1681653357\n|-curestatus|p2b: Amoonguss|slp|[msg]\n|move|p2b: Amoonguss|Rage Powder|p2b: Amoonguss\n|-singleturn|p2b: Amoonguss|move: Rage Powder\n|move|p1b: Chien-Pao|Sacred Sword|p2b: Amoonguss\n|-damage|p2b: Amoonguss|69\/100\n|cant|p2a: Iron Hands|slp\n|-curestatus|p1a: Kingambit|slp|[msg]\n|move|p1a: Kingambit|Swords Dance|p1a: Kingambit\n|-boost|p1a: Kingambit|atk|2\n|\n|upkeep\n|turn|14\n|inactive|felipeand_VGC has 30 seconds left.\n|-message|felipeand_VGC forfeited.\n|\n|win|Arcacagne\n|inactive|felipeand_VGC has 30 seconds left this turn.\n|raw|Arcacagne's rating: 1298 → 1329<\/strong> (+31 for winning)\n|raw|felipeand_VGC's rating: 1384 → 1359<\/strong> (-25 for losing)\n|l|\u2606felipeand_VGC\n|c|\u2606Arcacagne|gg\n","uploadtime":1681653548,"views":10,"p1id":"arcacagne","p2id":"felipeandvgc","formatid":"gen9vgc2023regulationc","rating":1329,"private":0,"password":""}