{"id":"gen9vgc2023regulationc-1846067652","p1":"CowsParkedHere","p2":"qzy1993","format":"[Gen 9] VGC 2023 Regulation C","log":"|j|\u2606CowsParkedHere\n|j|\u2606qzy1993\n|t:|1681800816\n|gametype|doubles\n|player|p1|CowsParkedHere|266|1066\n|player|p2|qzy1993|2|1094\n|teamsize|p1|6\n|teamsize|p2|6\n|gen|9\n|tier|[Gen 9] VGC 2023 Regulation C\n|rated|\n|rule|Species Clause: Limit one of each Pok\u00e9mon\n|rule|Item Clause: Limit one of each item\n|clearpoke\n|poke|p1|Drednaw, L50, F|\n|poke|p1|Pelipper, L50, M|\n|poke|p1|Gallade, L50, M|\n|poke|p1|Amoonguss, L50, M|\n|poke|p1|Golduck, L50, F|\n|poke|p1|Breloom, L50, F|\n|poke|p2|Iron Valiant, L50|\n|poke|p2|Toxapex, L50, F|\n|poke|p2|Meowscarada, L50, M|\n|poke|p2|Kingambit, L50, F|\n|poke|p2|Chi-Yu, L50|\n|poke|p2|Talonflame, L50, F|\n|teampreview|4\n|inactive|Battle timer is ON: inactive players will automatically lose when time's up. (requested by CowsParkedHere)\n|\n|t:|1681800846\n|start\n|switch|p1a: Pelipper|Pelipper, L50, M|100\/100\n|switch|p1b: Drednaw|Drednaw, L50, F|100\/100\n|switch|p2a: Talonflame|Talonflame, L50, F|100\/100\n|switch|p2b: Iron Valiant|Iron Valiant, L50|100\/100\n|-weather|RainDance|[from] ability: Drizzle|[of] p1a: Pelipper\n|-enditem|p2b: Iron Valiant|Booster Energy\n|-activate|p2b: Iron Valiant|ability: Quark Drive|[fromitem]\n|-start|p2b: Iron Valiant|quarkdriveatk\n|turn|1\n|inactive|qzy1993 has 30 seconds left.\n|\n|t:|1681800871\n|move|p1b: Drednaw|Rock Slide|p2b: Iron Valiant|[spread] p2a,p2b\n|-supereffective|p2a: Talonflame\n|-resisted|p2b: Iron Valiant\n|-enditem|p2a: Talonflame|Focus Sash\n|-damage|p2a: Talonflame|1\/100\n|-damage|p2b: Iron Valiant|74\/100\n|move|p2a: Talonflame|Taunt|p1a: Pelipper\n|-start|p1a: Pelipper|move: Taunt\n|move|p2b: Iron Valiant|Close Combat|p1b: Drednaw\n|-supereffective|p1b: Drednaw\n|-damage|p1b: Drednaw|0 fnt\n|-unboost|p2b: Iron Valiant|def|1\n|-unboost|p2b: Iron Valiant|spd|1\n|faint|p1b: Drednaw\n|move|p1a: Pelipper|Hurricane|p2b: Iron Valiant\n|-supereffective|p2b: Iron Valiant\n|-damage|p2b: Iron Valiant|0 fnt\n|faint|p2b: Iron Valiant\n|-end|p2b: Iron Valiant|Quark Drive|[silent]\n|\n|-weather|RainDance|[upkeep]\n|upkeep\n|\n|t:|1681800895\n|switch|p2b: Kingambit|Kingambit, L50, F|100\/100\n|switch|p1b: Breloom|Breloom, L50, F|100\/100\n|turn|2\n|\n|t:|1681800908\n|-terastallize|p2b: Kingambit|Fairy\n|move|p2a: Talonflame|Taunt|p1b: Breloom\n|-start|p1b: Breloom|move: Taunt\n|move|p1a: Pelipper|U-turn|p2a: Talonflame\n|-resisted|p2a: Talonflame\n|-damage|p2a: Talonflame|0 fnt\n|faint|p2a: Talonflame\n|\n|t:|1681800915\n|switch|p1a: Golduck|Golduck, L50, F|100\/100|[from] U-turn\n|move|p1b: Breloom|Close Combat|p2b: Kingambit\n|-resisted|p2b: Kingambit\n|-crit|p2b: Kingambit\n|-damage|p2b: Kingambit|62\/100\n|-unboost|p1b: Breloom|def|1\n|-unboost|p1b: Breloom|spd|1\n|move|p2b: Kingambit|Tera Blast|p1b: Breloom\n|-supereffective|p1b: Breloom\n|-damage|p1b: Breloom|0 fnt\n|faint|p1b: Breloom\n|\n|-weather|RainDance|[upkeep]\n|upkeep\n|\n|t:|1681800931\n|switch|p2a: Toxapex|Toxapex, L50, F|100\/100\n|switch|p1b: Pelipper|Pelipper, L50, M|100\/100\n|turn|3\n|\n|t:|1681800955\n|move|p1a: Golduck|Psychic|p2a: Toxapex\n|-supereffective|p2a: Toxapex\n|-damage|p2a: Toxapex|36\/100\n|-enditem|p2a: Toxapex|Sitrus Berry|[eat]\n|-heal|p2a: Toxapex|60\/100|[from] item: Sitrus Berry\n|move|p1b: Pelipper|Hurricane|p2b: Kingambit\n|-damage|p2b: Kingambit|36\/100\n|-start|p2b: Kingambit|confusion\n|-activate|p2b: Kingambit|confusion\n|-damage|p2b: Kingambit|23\/100|[from] confusion\n|move|p2a: Toxapex|Sludge Bomb|p1a: Golduck\n|-damage|p1a: Golduck|73\/100\n|\n|-weather|RainDance|[upkeep]\n|upkeep\n|turn|4\n|\n|t:|1681800977\n|move|p2a: Toxapex|Baneful Bunker|p2a: Toxapex\n|-singleturn|p2a: Toxapex|move: Protect\n|-activate|p2b: Kingambit|confusion\n|move|p2b: Kingambit|Sucker Punch|p1a: Golduck\n|-damage|p1a: Golduck|15\/100\n|move|p1a: Golduck|Psychic|p2a: Toxapex\n|-activate|p2a: Toxapex|move: Protect\n|move|p1b: Pelipper|Hurricane|p2b: Kingambit\n|-damage|p2b: Kingambit|1\/100\n|\n|-weather|RainDance|[upkeep]\n|upkeep\n|turn|5\n|\n|t:|1681800995\n|-end|p2b: Kingambit|confusion\n|move|p2b: Kingambit|Sucker Punch|p1a: Golduck\n|-damage|p1a: Golduck|0 fnt\n|faint|p1a: Golduck\n|move|p1b: Pelipper|Hurricane|p2b: Kingambit\n|-damage|p2b: Kingambit|0 fnt\n|faint|p2b: Kingambit\n|move|p2a: Toxapex|Sludge Bomb|p1b: Pelipper\n|-damage|p1b: Pelipper|70\/100\n|\n|-weather|RainDance|[upkeep]\n|upkeep\n|turn|6\n|\n|t:|1681801011\n|move|p2a: Toxapex|Baneful Bunker|p2a: Toxapex\n|-singleturn|p2a: Toxapex|move: Protect\n|move|p1b: Pelipper|Hurricane|p2a: Toxapex\n|-activate|p2a: Toxapex|move: Protect\n|\n|-weather|RainDance|[upkeep]\n|upkeep\n|turn|7\n|\n|t:|1681801020\n|move|p1b: Pelipper|Hurricane|p2a: Toxapex\n|-damage|p2a: Toxapex|31\/100\n|move|p2a: Toxapex|Sludge Bomb|p1b: Pelipper\n|-damage|p1b: Pelipper|39\/100\n|-status|p1b: Pelipper|psn\n|\n|-weather|RainDance|[upkeep]\n|-damage|p1b: Pelipper|27\/100 psn|[from] psn\n|upkeep\n|turn|8\n|\n|t:|1681801032\n|move|p2a: Toxapex|Baneful Bunker|p2a: Toxapex\n|-singleturn|p2a: Toxapex|move: Protect\n|move|p1b: Pelipper|Hurricane|p2a: Toxapex\n|-activate|p2a: Toxapex|move: Protect\n|\n|-weather|none\n|-damage|p1b: Pelipper|15\/100 psn|[from] psn\n|upkeep\n|turn|9\n|\n|t:|1681801043\n|-terastallize|p1b: Pelipper|Ground\n|move|p1b: Pelipper|Hurricane|p2a: Toxapex\n|-crit|p2a: Toxapex\n|-damage|p2a: Toxapex|0 fnt\n|faint|p2a: Toxapex\n|\n|win|CowsParkedHere\n|raw|CowsParkedHere's rating: 1066 → 1099<\/strong> (+33 for winning)\n|raw|qzy1993's rating: 1094 → 1068<\/strong> (-26 for losing)\n|l|\u2606CowsParkedHere\n","uploadtime":1681801055,"views":5,"p1id":"cowsparkedhere","p2id":"qzy1993","formatid":"gen9vgc2023regulationc","rating":1068,"private":0,"password":""}