{"id":"gen9vgc2023regulationc-1861110153","p1":"Heatwavegang","p2":"WAPBaddie","format":"[Gen 9] VGC 2023 Regulation C","log":"|j|\u2606Heatwavegang\n|j|\u2606WAPBaddie\n|t:|1683727445\n|gametype|doubles\n|player|p1|Heatwavegang|lucas|1048\n|player|p2|WAPBaddie|elesa|1048\n|teamsize|p1|6\n|teamsize|p2|6\n|gen|9\n|tier|[Gen 9] VGC 2023 Regulation C\n|rated|\n|rule|Species Clause: Limit one of each Pok\u00e9mon\n|rule|Item Clause: Limit one of each item\n|clearpoke\n|poke|p1|Ceruledge, L50, F|\n|poke|p1|Garganacl, L50, M|\n|poke|p1|Amoonguss, L50, F|\n|poke|p1|Iron Bundle, L50|\n|poke|p1|Corviknight, L50, M|\n|poke|p1|Flutter Mane, L50|\n|poke|p2|Dragalge, L50, F|\n|poke|p2|Arcanine, L50, F|\n|poke|p2|Wo-Chien, L50|\n|poke|p2|Grimmsnarl, L50, M|\n|poke|p2|Gholdengo, L50|\n|poke|p2|Alomomola, L50, F|\n|teampreview|4\nWAPBaddie rejected open team sheets.\n|\n|t:|1683727478\n|start\n|switch|p1a: Ceruledge|Ceruledge, L50, F|100\/100\n|switch|p1b: Corviknight|Corviknight, L50, M|100\/100\n|switch|p2a: Grimmsnarl|Grimmsnarl, L50, M|100\/100\n|switch|p2b: Dragalge|Dragalge, L50, F|100\/100\n|turn|1\n|\n|t:|1683727508\n|move|p2a: Grimmsnarl|Fake Tears|p1a: Ceruledge\n|-unboost|p1a: Ceruledge|spd|2\n|move|p1a: Ceruledge|Swords Dance|p1a: Ceruledge\n|-boost|p1a: Ceruledge|atk|2\n|move|p1b: Corviknight|Taunt|p2a: Grimmsnarl\n|-start|p2a: Grimmsnarl|move: Taunt\n|move|p2b: Dragalge|Shadow Ball|p1a: Ceruledge\n|-supereffective|p1a: Ceruledge\n|-enditem|p1a: Ceruledge|Focus Sash\n|-damage|p1a: Ceruledge|1\/100\n|\n|upkeep\n|turn|2\n|\n|t:|1683727550\n|switch|p2b: Arcanine|Arcanine, L50, F|100\/100\n|-ability|p2b: Arcanine|Intimidate|boost\n|-unboost|p1a: Ceruledge|atk|1\n|-ability|p1b: Corviknight|Mirror Armor\n|-unboost|p2b: Arcanine|atk|1\n|move|p1a: Ceruledge|Bitter Blade|p2b: Arcanine\n|-resisted|p2b: Arcanine\n|-damage|p2b: Arcanine|62\/100\n|-heal|p1a: Ceruledge|26\/100|[from] drain|[of] p2b: Arcanine\n|move|p1b: Corviknight|Brave Bird|p2b: Arcanine\n|-damage|p2b: Arcanine|24\/100\n|-damage|p1b: Corviknight|88\/100|[from] Recoil\n|move|p2a: Grimmsnarl|Spirit Break|p1a: Ceruledge\n|-resisted|p1a: Ceruledge\n|-damage|p1a: Ceruledge|6\/100\n|-unboost|p1a: Ceruledge|spa|1\n|-ability|p1a: Ceruledge|Weak Armor|boost\n|-unboost|p1a: Ceruledge|def|1\n|-boost|p1a: Ceruledge|spe|2\n|\n|-heal|p2b: Arcanine|30\/100|[from] item: Leftovers\n|upkeep\n|turn|3\n|\n|t:|1683727588\n|switch|p2a: Dragalge|Dragalge, L50, F|100\/100\n|move|p1a: Ceruledge|Bitter Blade|p2a: Dragalge\n|-resisted|p2a: Dragalge\n|-damage|p2a: Dragalge|55\/100\n|-heal|p1a: Ceruledge|32\/100|[from] drain|[of] p2a: Dragalge\n|move|p2b: Arcanine|Will-O-Wisp|p1b: Corviknight\n|-status|p1b: Corviknight|brn\n|move|p1b: Corviknight|Brave Bird|p2b: Arcanine\n|-damage|p2b: Arcanine|10\/100\n|-damage|p1b: Corviknight|82\/100 brn|[from] Recoil\n|\n|-heal|p2b: Arcanine|16\/100|[from] item: Leftovers\n|-damage|p1b: Corviknight|76\/100 brn|[from] brn\n|upkeep\n|turn|4\n|\n|t:|1683727616\n|move|p1a: Ceruledge|Bitter Blade|p2b: Arcanine\n|-resisted|p2b: Arcanine\n|-damage|p2b: Arcanine|0 fnt\n|-heal|p1a: Ceruledge|43\/100|[from] drain|[of] p2b: Arcanine\n|faint|p2b: Arcanine\n|move|p1b: Corviknight|Brave Bird|p2a: Dragalge\n|-damage|p2a: Dragalge|35\/100\n|-damage|p1b: Corviknight|71\/100 brn|[from] Recoil\n|move|p2a: Dragalge|Shadow Ball|p1a: Ceruledge\n|-supereffective|p1a: Ceruledge\n|-damage|p1a: Ceruledge|0 fnt\n|faint|p1a: Ceruledge\n|\n|-damage|p1b: Corviknight|65\/100 brn|[from] brn\n|upkeep\n|\n|t:|1683727634\n|switch|p1a: Flutter Mane|Flutter Mane, L50|100\/100\n|switch|p2b: Wo-Chien|Wo-Chien, L50|100\/100\n|-ability|p2b: Wo-Chien|Tablets of Ruin\n|turn|5\n|\n|t:|1683727668\n|-terastallize|p2a: Dragalge|Poison\n|move|p1a: Flutter Mane|Dazzling Gleam|p2b: Wo-Chien|[spread] p2a,p2b\n|-resisted|p2a: Dragalge\n|-supereffective|p2b: Wo-Chien\n|-damage|p2a: Dragalge|21\/100\n|-damage|p2b: Wo-Chien|46\/100\n|move|p2b: Wo-Chien|Pollen Puff|p2a: Dragalge\n|-heal|p2a: Dragalge|71\/100\n|move|p1b: Corviknight|Taunt|p2b: Wo-Chien\n|-start|p2b: Wo-Chien|move: Taunt\n|move|p2a: Dragalge|Sludge Bomb|p1a: Flutter Mane\n|-damage|p1a: Flutter Mane|38\/100\n|\n|-damage|p1b: Corviknight|59\/100 brn|[from] brn\n|upkeep\n|turn|6\n|\n|t:|1683727711\n|switch|p2b: Grimmsnarl|Grimmsnarl, L50, M|100\/100\n|-terastallize|p1a: Flutter Mane|Fairy\n|move|p1a: Flutter Mane|Dazzling Gleam|p2a: Dragalge|[spread] p2a,p2b\n|-resisted|p2a: Dragalge\n|-supereffective|p2b: Grimmsnarl\n|-damage|p2a: Dragalge|52\/100\n|-damage|p2b: Grimmsnarl|3\/100\n|move|p1b: Corviknight|Iron Head|p2a: Dragalge\n|-damage|p2a: Dragalge|39\/100\n|move|p2a: Dragalge|Shadow Ball|p1b: Corviknight\n|-damage|p1b: Corviknight|38\/100 brn\n|\n|-damage|p1b: Corviknight|32\/100 brn|[from] brn\n|upkeep\n|turn|7\n|\n|t:|1683727742\n|move|p2b: Grimmsnarl|Light Screen|p2b: Grimmsnarl\n|-sidestart|p2: WAPBaddie|move: Light Screen\n|move|p1a: Flutter Mane|Dazzling Gleam|p2b: Grimmsnarl|[spread] p2a,p2b\n|-resisted|p2a: Dragalge\n|-supereffective|p2b: Grimmsnarl\n|-damage|p2a: Dragalge|25\/100\n|-damage|p2b: Grimmsnarl|0 fnt\n|faint|p2b: Grimmsnarl\n|move|p1b: Corviknight|Iron Head|p2a: Dragalge\n|-damage|p2a: Dragalge|12\/100\n|move|p2a: Dragalge|Sludge Bomb|p1a: Flutter Mane\n|-supereffective|p1a: Flutter Mane\n|-damage|p1a: Flutter Mane|0 fnt\n|faint|p1a: Flutter Mane\n|-end|p1a: Flutter Mane|Protosynthesis|[silent]\n|\n|-damage|p1b: Corviknight|26\/100 brn|[from] brn\n|upkeep\n|\n|t:|1683727757\n|switch|p1a: Iron Bundle|Iron Bundle, L50|100\/100\n|switch|p2b: Wo-Chien|Wo-Chien, L50|46\/100\n|-ability|p2b: Wo-Chien|Tablets of Ruin\n|-enditem|p1a: Iron Bundle|Booster Energy\n|-activate|p1a: Iron Bundle|ability: Quark Drive|[fromitem]\n|-start|p1a: Iron Bundle|quarkdrivespe\n|turn|8\n|\n|t:|1683727782\n|move|p2b: Wo-Chien|Protect|p2b: Wo-Chien\n|-singleturn|p2b: Wo-Chien|Protect\n|move|p1a: Iron Bundle|Freeze-Dry|p2b: Wo-Chien\n|-activate|p2b: Wo-Chien|move: Protect\n|move|p1b: Corviknight|Brave Bird|p2b: Wo-Chien\n|-activate|p2b: Wo-Chien|move: Protect\n|move|p2a: Dragalge|Draco Meteor|p1a: Iron Bundle\n|-damage|p1a: Iron Bundle|0 fnt\n|-unboost|p2a: Dragalge|spa|2\n|faint|p1a: Iron Bundle\n|-end|p1a: Iron Bundle|Quark Drive|[silent]\n|\n|-damage|p1b: Corviknight|20\/100 brn|[from] brn\n|upkeep\n|turn|9\n|\n|t:|1683727813\n|move|p2b: Wo-Chien|Pollen Puff|p2a: Dragalge\n|-heal|p2a: Dragalge|62\/100\n|move|p1b: Corviknight|Roost|p1b: Corviknight\n|-heal|p1b: Corviknight|71\/100 brn\n|-singleturn|p1b: Corviknight|move: Roost\n|move|p2a: Dragalge|Shadow Ball|p1b: Corviknight\n|-damage|p1b: Corviknight|59\/100 brn\n|\n|-damage|p1b: Corviknight|53\/100 brn|[from] brn\n|upkeep\n|turn|10\n|\n|t:|1683727831\n|move|p2b: Wo-Chien|Leech Seed|p1b: Corviknight\n|-start|p1b: Corviknight|move: Leech Seed\n|move|p1b: Corviknight|Brave Bird|p2b: Wo-Chien\n|-supereffective|p2b: Wo-Chien\n|-damage|p2b: Wo-Chien|17\/100\n|-damage|p1b: Corviknight|44\/100 brn|[from] Recoil\n|move|p2a: Dragalge|Shadow Ball|p1b: Corviknight\n|-damage|p1b: Corviknight|34\/100 brn\n|\n|-damage|p1b: Corviknight|22\/100 brn|[from] Leech Seed|[of] p2b: Wo-Chien\n|-heal|p2b: Wo-Chien|34\/100|[silent]\n|-damage|p1b: Corviknight|16\/100 brn|[from] brn\n|upkeep\n|turn|11\n|\n|t:|1683727849\n|move|p2b: Wo-Chien|Protect|p2b: Wo-Chien\n|-singleturn|p2b: Wo-Chien|Protect\n|move|p1b: Corviknight|Roost|p1b: Corviknight\n|-heal|p1b: Corviknight|66\/100 brn\n|-singleturn|p1b: Corviknight|move: Roost\n|move|p2a: Dragalge|Shadow Ball|p1b: Corviknight\n|-damage|p1b: Corviknight|55\/100 brn\n|-ability|p1b: Corviknight|Mirror Armor\n|-unboost|p2a: Dragalge|spd|1\n|\n|-damage|p1b: Corviknight|42\/100 brn|[from] Leech Seed|[of] p2b: Wo-Chien\n|-heal|p2b: Wo-Chien|51\/100|[silent]\n|-damage|p1b: Corviknight|37\/100 brn|[from] brn\n|upkeep\n|turn|12\n|\n|t:|1683727870\n|move|p2b: Wo-Chien|Ruination|p1b: Corviknight\n|-damage|p1b: Corviknight|19\/100 brn\n|move|p1b: Corviknight|Roost|p1b: Corviknight\n|-heal|p1b: Corviknight|69\/100 brn\n|-singleturn|p1b: Corviknight|move: Roost\n|move|p2a: Dragalge|Shadow Ball|p1b: Corviknight\n|-damage|p1b: Corviknight|58\/100 brn\n|\n|-damage|p1b: Corviknight|46\/100 brn|[from] Leech Seed|[of] p2b: Wo-Chien\n|-heal|p2b: Wo-Chien|68\/100|[silent]\n|-damage|p1b: Corviknight|40\/100 brn|[from] brn\n|upkeep\n|turn|13\n|\n|t:|1683727887\n|move|p2b: Wo-Chien|Protect|p2b: Wo-Chien\n|-singleturn|p2b: Wo-Chien|Protect\n|move|p1b: Corviknight|Brave Bird|p2a: Dragalge\n|-damage|p2a: Dragalge|45\/100\n|-damage|p1b: Corviknight|36\/100 brn|[from] Recoil\n|move|p2a: Dragalge|Shadow Ball|p1b: Corviknight\n|-damage|p1b: Corviknight|24\/100 brn\n|\n|-damage|p1b: Corviknight|12\/100 brn|[from] Leech Seed|[of] p2b: Wo-Chien\n|-heal|p2b: Wo-Chien|84\/100|[silent]\n|-damage|p1b: Corviknight|6\/100 brn|[from] brn\n|upkeep\n|turn|14\n|c|\u2606Heatwavegang|bro fucking wo chien is gay as shit\n|-message|Heatwavegang forfeited.\n|\n|win|WAPBaddie\n|raw|Heatwavegang's rating: 1048 → 1031<\/strong> (-17 for losing)\n|raw|WAPBaddie's rating: 1048 → 1081<\/strong> (+33 for winning)\n|l|\u2606Heatwavegang\n","uploadtime":1683727892,"views":13,"p1id":"heatwavegang","p2id":"wapbaddie","formatid":"gen9vgc2023regulationc","rating":1031,"private":0,"password":""}