{"id":"gen9vgc2023regulationc-1858546382","p1":"TommeeVGC","p2":"Arcacagne","format":"[Gen 9] VGC 2023 Regulation C","log":"|j|\u2606TommeeVGC\n|j|\u2606Arcacagne\n|t:|1683323767\n|gametype|doubles\n|player|p1|TommeeVGC|ethan|1414\n|player|p2|Arcacagne|1|1418\n|teamsize|p1|6\n|teamsize|p2|6\n|gen|9\n|tier|[Gen 9] VGC 2023 Regulation C\n|rated|\n|rule|Species Clause: Limit one of each Pok\u00e9mon\n|rule|Item Clause: Limit one of each item\n|clearpoke\n|poke|p1|Vivillon-Fancy, L50, F|\n|poke|p1|Annihilape, L50, M|\n|poke|p1|Abomasnow, L50, F|\n|poke|p1|Iron Bundle, L50|\n|poke|p1|Chien-Pao, L50|\n|poke|p1|Ting-Lu, L50|\n|poke|p2|Chi-Yu, L50|\n|poke|p2|Flutter Mane, L50|\n|poke|p2|Amoonguss, L50, M|\n|poke|p2|Palafin, L50, M|\n|poke|p2|Kingambit, L50, M|\n|poke|p2|Arcanine, L50, M|\n|teampreview|4\n|inactive|Battle timer is ON: inactive players will automatically lose when time's up. (requested by TommeeVGC)\n|inactive|Arcacagne has 60 seconds left.\n|\n|t:|1683323822\n|start\n|switch|p1a: Vivillon|Vivillon-Fancy, L50, F|100\/100\n|switch|p1b: Ting-Lu|Ting-Lu, L50|100\/100\n|switch|p2a: Flutter Mane|Flutter Mane, L50|100\/100\n|switch|p2b: Arcanine|Arcanine, L50, M|100\/100\n|-ability|p2b: Arcanine|Intimidate|boost\n|-unboost|p1a: Vivillon|atk|1\n|-unboost|p1b: Ting-Lu|atk|1\n|-ability|p1b: Ting-Lu|Vessel of Ruin\n|-enditem|p2a: Flutter Mane|Booster Energy\n|-activate|p2a: Flutter Mane|ability: Protosynthesis|[fromitem]\n|-start|p2a: Flutter Mane|protosynthesisspa\n|turn|1\n|\n|t:|1683323846\n|-terastallize|p1b: Ting-Lu|Ground\n|move|p1a: Vivillon|Protect|p1a: Vivillon\n|-singleturn|p1a: Vivillon|Protect\n|move|p2a: Flutter Mane|Substitute|p2a: Flutter Mane\n|-start|p2a: Flutter Mane|Substitute\n|-damage|p2a: Flutter Mane|76\/100\n|move|p2b: Arcanine|Will-O-Wisp|p1b: Ting-Lu\n|-status|p1b: Ting-Lu|brn\n|move|p1b: Ting-Lu|Earthquake|p2b: Arcanine|[spread] p2a,p2b\n|-activate|p1a: Vivillon|move: Protect\n|-end|p2a: Flutter Mane|Substitute\n|-supereffective|p2b: Arcanine\n|-damage|p2b: Arcanine|54\/100\n|\n|-damage|p1b: Ting-Lu|95\/100 brn|[from] brn\n|upkeep\n|turn|2\n|inactive|TommeeVGC has 30 seconds left.\n|inactive|Arcacagne has 30 seconds left.\n|inactive|Arcacagne has 20 seconds left.\n|inactive|Arcacagne has 15 seconds left.\n|\n|t:|1683323887\n|-terastallize|p2a: Flutter Mane|Fairy\n|move|p1a: Vivillon|Rage Powder|p1a: Vivillon\n|-singleturn|p1a: Vivillon|move: Rage Powder\n|move|p2a: Flutter Mane|Moonblast|p1a: Vivillon\n|-enditem|p1a: Vivillon|Focus Sash\n|-damage|p1a: Vivillon|1\/100\n|move|p2b: Arcanine|Flare Blitz|p1a: Vivillon\n|-supereffective|p1a: Vivillon\n|-damage|p1a: Vivillon|0 fnt\n|faint|p1a: Vivillon\n|-damage|p2b: Arcanine|53\/100|[from] Recoil\n|move|p1b: Ting-Lu|Earthquake|p2a: Flutter Mane|[spread] p2a,p2b\n|-supereffective|p2b: Arcanine\n|-damage|p2a: Flutter Mane|41\/100\n|-damage|p2b: Arcanine|6\/100\n|-enditem|p2b: Arcanine|Aguav Berry|[eat]\n|-heal|p2b: Arcanine|39\/100|[from] item: Aguav Berry\n|\n|-damage|p1b: Ting-Lu|89\/100 brn|[from] brn\n|upkeep\n|\n|t:|1683323904\n|switch|p1a: Iron Bundle|Iron Bundle, L50|100\/100\n|-enditem|p1a: Iron Bundle|Booster Energy\n|-activate|p1a: Iron Bundle|ability: Quark Drive|[fromitem]\n|-start|p1a: Iron Bundle|quarkdrivespe\n|turn|3\n|\n|t:|1683323925\n|switch|p2b: Kingambit|Kingambit, L50, M|100\/100\n|move|p1a: Iron Bundle|Protect|p1a: Iron Bundle\n|-singleturn|p1a: Iron Bundle|Protect\n|move|p2a: Flutter Mane|Protect|p2a: Flutter Mane\n|-singleturn|p2a: Flutter Mane|Protect\n|move|p1b: Ting-Lu|Earthquake|p2b: Kingambit|[spread] p2b\n|-activate|p1a: Iron Bundle|move: Protect\n|-activate|p2a: Flutter Mane|move: Protect\n|-supereffective|p2b: Kingambit\n|-crit|p2b: Kingambit\n|-damage|p2b: Kingambit|7\/100\n|\n|-damage|p1b: Ting-Lu|83\/100 brn|[from] brn\n|upkeep\n|turn|4\n|inactive|Arcacagne has 30 seconds left.\n|\n|t:|1683323952\n|-end|p2a: Flutter Mane|Protosynthesis|[silent]\n|switch|p2a: Arcanine|Arcanine, L50, M|39\/100\n|-ability|p2a: Arcanine|Intimidate|boost\n|-unboost|p1a: Iron Bundle|atk|1\n|-unboost|p1b: Ting-Lu|atk|1\n|switch|p1b: Abomasnow|Abomasnow, L50, F|100\/100\n|-weather|Snow|[from] ability: Snow Warning|[of] p1b: Abomasnow\n|move|p2b: Kingambit|Sucker Punch||[still]\n|-fail|p2b: Kingambit\n|move|p1a: Iron Bundle|Blizzard|p2b: Kingambit|[spread] p2a,p2b\n|-resisted|p2a: Arcanine\n|-crit|p2a: Arcanine\n|-resisted|p2b: Kingambit\n|-damage|p2a: Arcanine|10\/100\n|-damage|p2b: Kingambit|0 fnt\n|faint|p2b: Kingambit\n|\n|-weather|Snow|[upkeep]\n|upkeep\n|\n|t:|1683323969\n|switch|p2b: Chi-Yu|Chi-Yu, L50|100\/100\n|-ability|p2b: Chi-Yu|Beads of Ruin\n|turn|5\n|\n|t:|1683323992\n|move|p1a: Iron Bundle|Aurora Veil|p1a: Iron Bundle\n|-sidestart|p1: TommeeVGC|move: Aurora Veil\n|move|p2b: Chi-Yu|Dark Pulse|p1a: Iron Bundle\n|-damage|p1a: Iron Bundle|50\/100\n|move|p2a: Arcanine|Flare Blitz|p1b: Abomasnow\n|-supereffective|p1b: Abomasnow\n|-damage|p1b: Abomasnow|14\/100\n|-damage|p2a: Arcanine|0 fnt|[from] Recoil\n|faint|p2a: Arcanine\n|move|p1b: Abomasnow|Blizzard|p2b: Chi-Yu\n|-resisted|p2b: Chi-Yu\n|-damage|p2b: Chi-Yu|71\/100\n|-damage|p1b: Abomasnow|5\/100|[from] item: Life Orb\n|\n|-weather|Snow|[upkeep]\n|upkeep\n|\n|t:|1683324005\n|switch|p2a: Flutter Mane|Flutter Mane, L50, tera:Fairy|41\/100\n|turn|6\n|\n|t:|1683324016\n|move|p2a: Flutter Mane|Protect|p2a: Flutter Mane\n|-singleturn|p2a: Flutter Mane|Protect\n|move|p1b: Abomasnow|Ice Shard|p2a: Flutter Mane\n|-activate|p2a: Flutter Mane|move: Protect\n|move|p1a: Iron Bundle|Hydro Pump|p2b: Chi-Yu\n|-supereffective|p2b: Chi-Yu\n|-damage|p2b: Chi-Yu|0 fnt\n|faint|p2b: Chi-Yu\n|\n|-weather|Snow|[upkeep]\n|upkeep\n|turn|7\n|\n|t:|1683324031\n|move|p1b: Abomasnow|Ice Shard|p2a: Flutter Mane\n|-damage|p2a: Flutter Mane|20\/100\n|-damage|p1b: Abomasnow|0 fnt|[from] item: Life Orb\n|faint|p1b: Abomasnow\n|move|p1a: Iron Bundle|Blizzard|p2a: Flutter Mane\n|-damage|p2a: Flutter Mane|0 fnt\n|faint|p2a: Flutter Mane\n|-end|p2a: Flutter Mane|Protosynthesis|[silent]\n|\n|win|TommeeVGC\n|raw|TommeeVGC's rating: 1414 → 1434<\/strong> (+20 for winning)\n|raw|Arcacagne's rating: 1418 → 1398<\/strong> (-20 for losing)\n|l|\u2606TommeeVGC\n","uploadtime":1683324043,"views":5,"p1id":"tommeevgc","p2id":"arcacagne","formatid":"gen9vgc2023regulationc","rating":1398,"private":0,"password":""}