{"id":"gen9vgc2023regulationc-1854472035","p1":"rare kendi","p2":"yungelghonami","format":"[Gen 9] VGC 2023 Regulation C","log":"|j|\u2606rare kendi\n|j|\u2606yungelghonami\n|t:|1682815281\n|gametype|doubles\n|player|p1|rare kendi|2|\n|player|p2|yungelghonami|169|\n|teamsize|p1|6\n|teamsize|p2|6\n|gen|9\n|tier|[Gen 9] VGC 2023 Regulation C\n|rule|Species Clause: Limit one of each Pok\u00e9mon\n|rule|Item Clause: Limit one of each item\n|clearpoke\n|poke|p1|Jumpluff, L50, F|\n|poke|p1|Torkoal, L50, F|\n|poke|p1|Great Tusk, L50|\n|poke|p1|Iron Bundle, L50|\n|poke|p1|Farigiraf, L50, M|\n|poke|p1|Iron Hands, L50|\n|poke|p2|Bellibolt, L50, F|\n|poke|p2|Pawmot, L50, M|\n|poke|p2|Scream Tail, L50|\n|poke|p2|Great Tusk, L50|\n|poke|p2|Torkoal, L50, F|\n|poke|p2|Wo-Chien, L50|\n|teampreview|4\n|inactive|Battle timer is ON: inactive players will automatically lose when time's up. (requested by rare kendi)\nrare kendi has agreed to open team sheets.\n|inactive|rare kendi has 60 seconds left.\nyungelghonami has agreed to open team sheets.\n|\n|t:|1682815316\n|start\n|switch|p1a: Jumpluff|Jumpluff, L50, F|100\/100\n|switch|p1b: Great Tusk|Great Tusk, L50|100\/100\n|switch|p2a: Scream Tail|Scream Tail, L50|100\/100\n|switch|p2b: Pawmot|Pawmot, L50, M|100\/100\n|turn|1\n|\n|t:|1682815328\n|-end|p1b: Great Tusk|Protosynthesis|[silent]\n|switch|p1b: Farigiraf|Farigiraf, L50, M|100\/100\n|move|p2b: Pawmot|Fake Out||[still]\n|cant|p1b: Farigiraf|ability: Armor Tail|Fake Out|[of] p2b: Pawmot\n|move|p1a: Jumpluff|Sleep Powder|p2a: Scream Tail\n|-status|p2a: Scream Tail|slp|[from] move: Sleep Powder\n|cant|p2a: Scream Tail|slp\n|\n|upkeep\n|turn|2\n|inactive|yungelghonami has 30 seconds left.\n|\n|t:|1682815355\n|move|p1a: Jumpluff|Sleep Powder|p2b: Pawmot\n|-status|p2b: Pawmot|slp|[from] move: Sleep Powder\n|cant|p2a: Scream Tail|slp\n|cant|p2b: Pawmot|slp\n|move|p1b: Farigiraf|Psychic|p2b: Pawmot\n|-supereffective|p2b: Pawmot\n|-enditem|p2b: Pawmot|Focus Sash\n|-damage|p2b: Pawmot|1\/100 slp\n|\n|upkeep\n|turn|3\n|\n|t:|1682815378\n|switch|p1a: Iron Hands|Iron Hands, L50, shiny|100\/100\n|switch|p2b: Wo-Chien|Wo-Chien, L50|100\/100\n|-ability|p2b: Wo-Chien|Tablets of Ruin\n|move|p1b: Farigiraf|Dazzling Gleam|p2b: Wo-Chien|[spread] p2a,p2b\n|-supereffective|p2b: Wo-Chien\n|-damage|p2a: Scream Tail|90\/100 slp\n|-damage|p2b: Wo-Chien|79\/100\n|-curestatus|p2a: Scream Tail|slp|[msg]\n|move|p2a: Scream Tail|Trick Room|p2a: Scream Tail\n|-fieldstart|move: Trick Room|[of] p2a: Scream Tail\n|\n|-heal|p2b: Wo-Chien|85\/100|[from] item: Leftovers\n|upkeep\n|turn|4\n|inactive|rare kendi has 30 seconds left.\n|inactive|yungelghonami has 30 seconds left.\n|inactive|rare kendi has 20 seconds left.\n|\n|t:|1682815415\n|switch|p1b: Jumpluff|Jumpluff, L50, F|100\/100\n|move|p1a: Iron Hands|Heavy Slam|p2a: Scream Tail\n|-supereffective|p2a: Scream Tail\n|-damage|p2a: Scream Tail|39\/100\n|move|p2b: Wo-Chien|Mud-Slap|p1b: Jumpluff\n|-immune|p1b: Jumpluff\n|move|p2a: Scream Tail|Light Screen|p2a: Scream Tail\n|-sidestart|p2: yungelghonami|move: Light Screen\n|\n|-heal|p2b: Wo-Chien|91\/100|[from] item: Leftovers\n|upkeep\n|turn|5\n|inactive|yungelghonami has 30 seconds left.\n|\n|t:|1682815441\n|move|p2b: Wo-Chien|Protect|p2b: Wo-Chien\n|-singleturn|p2b: Wo-Chien|Protect\n|move|p1a: Iron Hands|Heavy Slam|p2a: Scream Tail\n|-supereffective|p2a: Scream Tail\n|-damage|p2a: Scream Tail|0 fnt\n|faint|p2a: Scream Tail\n|-end|p2a: Scream Tail|Protosynthesis|[silent]\n|move|p1b: Jumpluff|Pollen Puff|p2b: Wo-Chien\n|-activate|p2b: Wo-Chien|move: Protect\n|\n|-heal|p2b: Wo-Chien|97\/100|[from] item: Leftovers\n|upkeep\n|\n|t:|1682815454\n|switch|p2a: Pawmot|Pawmot, L50, M|1\/100 slp\n|turn|6\n|\n|t:|1682815465\n|cant|p2a: Pawmot|slp\n|move|p1a: Iron Hands|Drain Punch|p2a: Pawmot\n|-damage|p2a: Pawmot|0 fnt\n|faint|p2a: Pawmot\n|move|p2b: Wo-Chien|Leech Seed|p1a: Iron Hands\n|-start|p1a: Iron Hands|move: Leech Seed\n|move|p1b: Jumpluff|Pollen Puff|p2b: Wo-Chien\n|-supereffective|p2b: Wo-Chien\n|-damage|p2b: Wo-Chien|72\/100\n|\n|-heal|p2b: Wo-Chien|79\/100|[from] item: Leftovers\n|-damage|p1a: Iron Hands|88\/100|[from] Leech Seed|[of] p2b: Wo-Chien\n|-heal|p2b: Wo-Chien|94\/100|[silent]\n|upkeep\n|\n|t:|1682815478\n|switch|p2a: Bellibolt|Bellibolt, L50, F|100\/100\n|turn|7\n|\n|t:|1682815498\n|-terastallize|p2a: Bellibolt|Electric\n|move|p2b: Wo-Chien|Protect|p2b: Wo-Chien\n|-singleturn|p2b: Wo-Chien|Protect\n|move|p2a: Bellibolt|Parabolic Charge|p1b: Jumpluff|[spread] p1a,p1b\n|-activate|p2b: Wo-Chien|move: Protect\n|-resisted|p1a: Iron Hands\n|-crit|p1a: Iron Hands\n|-damage|p1a: Iron Hands|75\/100\n|-damage|p1b: Jumpluff|66\/100\n|move|p1a: Iron Hands|Drain Punch|p2b: Wo-Chien\n|-activate|p2b: Wo-Chien|move: Protect\n|move|p1b: Jumpluff|Sleep Powder|p2a: Bellibolt|[miss]\n|-miss|p1b: Jumpluff|p2a: Bellibolt\n|\n|-heal|p2b: Wo-Chien|100\/100|[from] item: Leftovers\n|-damage|p1a: Iron Hands|63\/100|[from] Leech Seed|[of] p2b: Wo-Chien\n|-fieldend|move: Trick Room\n|upkeep\n|turn|8\n|inactive|yungelghonami has 30 seconds left.\n|\n|t:|1682815524\n|-end|p1a: Iron Hands|Quark Drive|[silent]\n|switch|p1a: Farigiraf|Farigiraf, L50, M|100\/100\n|move|p1b: Jumpluff|Sleep Powder|p2a: Bellibolt\n|-status|p2a: Bellibolt|slp|[from] move: Sleep Powder\n|move|p2b: Wo-Chien|Mud-Slap|p1a: Farigiraf\n|-crit|p1a: Farigiraf\n|-damage|p1a: Farigiraf|95\/100\n|-unboost|p1a: Farigiraf|accuracy|1\n|cant|p2a: Bellibolt|slp\n|\n|-sideend|p2: yungelghonami|move: Light Screen\n|upkeep\n|turn|9\n|\n|t:|1682815540\n|switch|p1b: Great Tusk|Great Tusk, L50|100\/100\n|move|p2b: Wo-Chien|Protect|p2b: Wo-Chien\n|-singleturn|p2b: Wo-Chien|Protect\n|move|p1a: Farigiraf|Dazzling Gleam|p2a: Bellibolt|[spread] \n|-activate|p2b: Wo-Chien|move: Protect\n|-miss|p1a: Farigiraf|p2a: Bellibolt\n|-curestatus|p2a: Bellibolt|slp|[msg]\n|move|p2a: Bellibolt|Parabolic Charge|p1b: Great Tusk|[spread] p1a\n|-activate|p2b: Wo-Chien|move: Protect\n|-immune|p1b: Great Tusk\n|-damage|p1a: Farigiraf|71\/100\n|\n|upkeep\n|turn|10\n|\n|t:|1682815562\n|switch|p1a: Iron Hands|Iron Hands, L50, shiny|63\/100\n|move|p1b: Great Tusk|Protect|p1b: Great Tusk\n|-singleturn|p1b: Great Tusk|Protect\n|move|p2b: Wo-Chien|Giga Drain|p1b: Great Tusk\n|-activate|p1b: Great Tusk|move: Protect\n|move|p2a: Bellibolt|Muddy Water|p1a: Iron Hands|[spread] p1a\n|-activate|p1b: Great Tusk|move: Protect\n|-damage|p1a: Iron Hands|52\/100\n|\n|upkeep\n|turn|11\n|\n|t:|1682815584\n|move|p1a: Iron Hands|Fake Out|p2b: Wo-Chien\n|-damage|p2b: Wo-Chien|92\/100\n|move|p1b: Great Tusk|Headlong Rush|p2a: Bellibolt\n|-supereffective|p2a: Bellibolt\n|-damage|p2a: Bellibolt|23\/100\n|-unboost|p1b: Great Tusk|def|1\n|-unboost|p1b: Great Tusk|spd|1\n|-start|p2a: Bellibolt|Charge|Headlong Rush|[from] ability: Electromorphosis\n|cant|p2b: Wo-Chien|flinch\n|move|p2a: Bellibolt|Mud Shot|p1a: Iron Hands\n|-supereffective|p1a: Iron Hands\n|-damage|p1a: Iron Hands|35\/100\n|-unboost|p1a: Iron Hands|spe|1\n|\n|-heal|p2b: Wo-Chien|98\/100|[from] item: Leftovers\n|upkeep\n|turn|12\n|\n|t:|1682815603\n|-end|p1a: Iron Hands|Quark Drive|[silent]\n|switch|p1a: Jumpluff|Jumpluff, L50, F|66\/100\n|move|p1b: Great Tusk|Headlong Rush|p2a: Bellibolt\n|-supereffective|p2a: Bellibolt\n|-damage|p2a: Bellibolt|0 fnt\n|-unboost|p1b: Great Tusk|def|1\n|-unboost|p1b: Great Tusk|spd|1\n|faint|p2a: Bellibolt\n|move|p2b: Wo-Chien|Giga Drain|p1b: Great Tusk\n|-supereffective|p1b: Great Tusk\n|-enditem|p1b: Great Tusk|Focus Sash\n|-damage|p1b: Great Tusk|1\/100\n|-heal|p2b: Wo-Chien|100\/100|[from] drain|[of] p1b: Great Tusk\n|\n|upkeep\n|turn|13\n|\n|t:|1682815619\n|move|p1b: Great Tusk|Protect|p1b: Great Tusk\n|-singleturn|p1b: Great Tusk|Protect\n|move|p2b: Wo-Chien|Protect|p2b: Wo-Chien\n|-singleturn|p2b: Wo-Chien|Protect\n|move|p1a: Jumpluff|Pollen Puff|p2b: Wo-Chien\n|-activate|p2b: Wo-Chien|move: Protect\n|\n|upkeep\n|turn|14\n|\n|t:|1682815640\n|-end|p1b: Great Tusk|Protosynthesis|[silent]\n|switch|p1b: Iron Hands|Iron Hands, L50, shiny|35\/100\n|move|p1a: Jumpluff|Pollen Puff|p1b: Iron Hands\n|-heal|p1b: Iron Hands|85\/100\n|move|p2b: Wo-Chien|Giga Drain|p1a: Jumpluff\n|-resisted|p1a: Jumpluff\n|-damage|p1a: Jumpluff|60\/100\n|\n|upkeep\n|turn|15\n|l|\u2606yungelghonami\n|inactive|yungelghonami disconnected!\n|player|p2|\n|inactive|yungelghonami has 30 seconds left.\n|inactive|yungelghonami has 20 seconds left.\n|inactive|yungelghonami has 15 seconds left.\n|inactive|yungelghonami has 10 seconds left.\n|inactive|yungelghonami has 5 seconds left.\n|-message|yungelghonami lost due to inactivity.\n|\n|win|rare kendi\n|l|\u2606rare kendi\n","uploadtime":1682815700,"views":14,"p1id":"rarekendi","p2id":"yungelghonami","formatid":"gen9vgc2023regulationc","rating":0,"private":0,"password":""}