{"id":"gen9vgc2023regulationc-1861296846","p1":"Gui7","p2":"doctorfisio","format":"[Gen 9] VGC 2023 Regulation C","log":"|j|\u2606Gui7\n|j|\u2606doctorfisio\n|t:|1683743505\n|gametype|doubles\n|player|p1|Gui7|102|1477\n|player|p2|doctorfisio|unknown|1357\n|teamsize|p1|6\n|teamsize|p2|6\n|gen|9\n|tier|[Gen 9] VGC 2023 Regulation C\n|rated|\n|rule|Species Clause: Limit one of each Pok\u00e9mon\n|rule|Item Clause: Limit one of each item\n|clearpoke\n|poke|p1|Ting-Lu, L50|\n|poke|p1|Arcanine, L50, M|\n|poke|p1|Amoonguss, L50, F|\n|poke|p1|Palafin, L50, F|\n|poke|p1|Baxcalibur, L50, M|\n|poke|p1|Flutter Mane, L50|\n|poke|p2|Amoonguss, L50, M|\n|poke|p2|Gyarados, L50, M|\n|poke|p2|Chi-Yu, L50|\n|poke|p2|Flutter Mane, L50|\n|poke|p2|Iron Hands, L50|\n|poke|p2|Gholdengo, L50|\n|teampreview|4\nGui7 has agreed to open team sheets.\n|inactive|Battle timer is ON: inactive players will automatically lose when time's up. (requested by doctorfisio)\ndoctorfisio has agreed to open team sheets.\n|inactive|Gui7 has 60 seconds left.\n|\n|t:|1683743553\n|start\n|switch|p1a: Deyverson|Ting-Lu, L50|100\/100\n|switch|p1b: GustavoG\u00f3mez|Arcanine, L50, M|100\/100\n|switch|p2a: Iron Hands|Iron Hands, L50|100\/100\n|switch|p2b: Amoonguss|Amoonguss, L50, M|100\/100\n|-ability|p1b: GustavoG\u00f3mez|Intimidate|boost\n|-unboost|p2a: Iron Hands|atk|1\n|-unboost|p2b: Amoonguss|atk|1\n|-ability|p1a: Deyverson|Vessel of Ruin\n|turn|1\n|inactive|Gui7 has 30 seconds left.\n|inactive|Gui7 has 20 seconds left.\n|inactive|Gui7 has 15 seconds left.\n|inactive|Gui7 has 10 seconds left.\n|\n|t:|1683743602\n|move|p2a: Iron Hands|Fake Out|p1b: GustavoG\u00f3mez\n|-damage|p1b: GustavoG\u00f3mez|89\/100\n|cant|p1b: GustavoG\u00f3mez|flinch\n|move|p1a: Deyverson|Ruination|p2a: Iron Hands\n|-damage|p2a: Iron Hands|51\/100\n|move|p2b: Amoonguss|Spore|p1a: Deyverson\n|-status|p1a: Deyverson|slp|[from] move: Spore\n|\n|upkeep\n|turn|2\n|inactive|Gui7 has 30 seconds left.\n|\n|t:|1683743637\n|switch|p2b: Gyarados|Gyarados, L50, M, shiny|100\/100\n|-ability|p2b: Gyarados|Intimidate|boost\n|-unboost|p1a: Deyverson|atk|1\n|-unboost|p1b: GustavoG\u00f3mez|atk|1\n|move|p1b: GustavoG\u00f3mez|Flare Blitz|p2b: Gyarados\n|-resisted|p2b: Gyarados\n|-damage|p2b: Gyarados|84\/100\n|-damage|p1b: GustavoG\u00f3mez|83\/100|[from] Recoil\n|move|p2a: Iron Hands|Drain Punch|p1a: Deyverson\n|-supereffective|p1a: Deyverson\n|-damage|p1a: Deyverson|68\/100 slp\n|-heal|p2a: Iron Hands|67\/100|[from] drain|[of] p1a: Deyverson\n|cant|p1a: Deyverson|slp\n|\n|upkeep\n|turn|3\n|inactive|Gui7 has 30 seconds left.\n|\n|t:|1683743664\n|switch|p1b: Weverton|Amoonguss, L50, F|100\/100\n|switch|p1a: Valdivia|Flutter Mane, L50, shiny|100\/100\n|move|p2b: Gyarados|Waterfall|p1a: Valdivia\n|-damage|p1a: Valdivia|47\/100\n|move|p2a: Iron Hands|Volt Switch|p1b: Weverton\n|-resisted|p1b: Weverton\n|-damage|p1b: Weverton|95\/100\n|\n|t:|1683743680\n|-end|p2a: Iron Hands|Quark Drive|[silent]\n|switch|p2a: Gholdengo|Gholdengo, L50|100\/100|[from] Volt Switch\n|\n|upkeep\n|turn|4\n|\n|t:|1683743700\n|-end|p1a: Valdivia|Protosynthesis|[silent]\n|switch|p1a: Deyverson|Ting-Lu, L50|68\/100 slp\n|-ability|p1a: Deyverson|Vessel of Ruin\n|-terastallize|p2a: Gholdengo|Water\n|move|p2a: Gholdengo|Nasty Plot|p2a: Gholdengo\n|-boost|p2a: Gholdengo|spa|2\n|move|p2b: Gyarados|Iron Head|p1a: Deyverson\n|-damage|p1a: Deyverson|54\/100 slp\n|move|p1b: Weverton|Pollen Puff|p1a: Deyverson\n|-heal|p1a: Deyverson|100\/100 slp\n|\n|upkeep\n|turn|5\n|\n|t:|1683743720\n|switch|p2b: Amoonguss|Amoonguss, L50, M|100\/100\n|-terastallize|p1a: Deyverson|Electric\n|move|p2a: Gholdengo|Nasty Plot|p2a: Gholdengo\n|-boost|p2a: Gholdengo|spa|2\n|cant|p1a: Deyverson|slp\n|move|p1b: Weverton|Energy Ball|p2a: Gholdengo\n|-supereffective|p2a: Gholdengo\n|-damage|p2a: Gholdengo|61\/100\n|\n|-heal|p2a: Gholdengo|67\/100|[from] item: Leftovers\n|upkeep\n|turn|6\n|inactive|Gui7 has 30 seconds left.\n|\n|t:|1683743746\n|move|p2b: Amoonguss|Rage Powder|p2b: Amoonguss\n|-singleturn|p2b: Amoonguss|move: Rage Powder\n|move|p2a: Gholdengo|Make It Rain|p1b: Weverton|[spread] p1a,p1b\n|-resisted|p1a: Deyverson\n|-damage|p1a: Deyverson|79\/100 slp\n|-damage|p1b: Weverton|0 fnt\n|-unboost|p2a: Gholdengo|spa|1\n|faint|p1b: Weverton\n|cant|p1a: Deyverson|slp\n|\n|-heal|p2a: Gholdengo|73\/100|[from] item: Leftovers\n|upkeep\n|\n|t:|1683743757\n|switch|p1b: GustavoG\u00f3mez|Arcanine, L50, M|83\/100\n|-ability|p1b: GustavoG\u00f3mez|Intimidate|boost\n|-unboost|p2a: Gholdengo|atk|1\n|-unboost|p2b: Amoonguss|atk|1\n|turn|7\n|\n|t:|1683743773\n|switch|p2b: Iron Hands|Iron Hands, L50|67\/100\n|move|p2a: Gholdengo|Protect|p2a: Gholdengo\n|-singleturn|p2a: Gholdengo|Protect\n|move|p1b: GustavoG\u00f3mez|Flare Blitz|p2b: Iron Hands\n|-damage|p2b: Iron Hands|36\/100\n|-damage|p1b: GustavoG\u00f3mez|71\/100|[from] Recoil\n|-curestatus|p1a: Deyverson|slp|[msg]\n|move|p1a: Deyverson|Ruination|p2b: Iron Hands\n|-damage|p2b: Iron Hands|18\/100\n|\n|-heal|p2a: Gholdengo|79\/100|[from] item: Leftovers\n|upkeep\n|turn|8\n|\n|t:|1683743792\n|move|p2b: Iron Hands|Fake Out|p1b: GustavoG\u00f3mez\n|-damage|p1b: GustavoG\u00f3mez|54\/100\n|cant|p1b: GustavoG\u00f3mez|flinch\n|move|p2a: Gholdengo|Shadow Ball|p1a: Deyverson\n|-damage|p1a: Deyverson|47\/100\n|move|p1a: Deyverson|Tera Blast|p2a: Gholdengo\n|-supereffective|p2a: Gholdengo\n|-damage|p2a: Gholdengo|6\/100\n|\n|-heal|p2a: Gholdengo|12\/100|[from] item: Leftovers\n|upkeep\n|turn|9\n|inactive|Gui7 has 30 seconds left.\n|inactive|doctorfisio has 30 seconds left.\n|inactive|Gui7 has 20 seconds left.\n|\n|t:|1683743829\n|move|p2a: Gholdengo|Protect|p2a: Gholdengo\n|-singleturn|p2a: Gholdengo|Protect\n|move|p1b: GustavoG\u00f3mez|Extreme Speed|p2a: Gholdengo\n|-activate|p2a: Gholdengo|move: Protect\n|move|p2b: Iron Hands|Drain Punch|p1a: Deyverson\n|-damage|p1a: Deyverson|18\/100\n|-heal|p2b: Iron Hands|33\/100|[from] drain|[of] p1a: Deyverson\n|move|p1a: Deyverson|Stomping Tantrum|p2b: Iron Hands\n|-supereffective|p2b: Iron Hands\n|-damage|p2b: Iron Hands|0 fnt\n|faint|p2b: Iron Hands\n|-end|p2b: Iron Hands|Quark Drive|[silent]\n|\n|-heal|p2a: Gholdengo|17\/100|[from] item: Leftovers\n|upkeep\n|\n|t:|1683743844\n|switch|p2b: Amoonguss|Amoonguss, L50, M|100\/100\n|turn|10\n|\n|t:|1683743857\n|switch|p2a: Gyarados|Gyarados, L50, M, shiny|84\/100\n|-ability|p2a: Gyarados|Intimidate|boost\n|-unboost|p1a: Deyverson|atk|1\n|-unboost|p1b: GustavoG\u00f3mez|atk|1\n|move|p1b: GustavoG\u00f3mez|Flare Blitz|p2b: Amoonguss\n|-supereffective|p2b: Amoonguss\n|-damage|p2b: Amoonguss|51\/100\n|-damage|p1b: GustavoG\u00f3mez|35\/100|[from] Recoil\n|move|p1a: Deyverson|Ruination|p2b: Amoonguss\n|-damage|p2b: Amoonguss|26\/100\n|-enditem|p2b: Amoonguss|Sitrus Berry|[eat]\n|-heal|p2b: Amoonguss|51\/100|[from] item: Sitrus Berry\n|move|p2b: Amoonguss|Spore|p1a: Deyverson\n|-status|p1a: Deyverson|slp|[from] move: Spore\n|\n|upkeep\n|turn|11\n|inactive|Gui7 has 30 seconds left.\n|\n|t:|1683743887\n|switch|p2b: Gholdengo|Gholdengo, L50, tera:Water|17\/100\n|move|p1b: GustavoG\u00f3mez|Protect|p1b: GustavoG\u00f3mez\n|-singleturn|p1b: GustavoG\u00f3mez|Protect\n|move|p2a: Gyarados|Waterfall|p1b: GustavoG\u00f3mez\n|-activate|p1b: GustavoG\u00f3mez|move: Protect\n|cant|p1a: Deyverson|slp\n|\n|-heal|p2b: Gholdengo|23\/100|[from] item: Leftovers\n|upkeep\n|turn|12\n|inactive|Gui7 has 30 seconds left.\n|\n|t:|1683743919\n|move|p2b: Gholdengo|Protect|p2b: Gholdengo\n|-singleturn|p2b: Gholdengo|Protect\n|move|p1b: GustavoG\u00f3mez|Extreme Speed|p2b: Gholdengo\n|-activate|p2b: Gholdengo|move: Protect\n|move|p2a: Gyarados|Iron Head|p1a: Deyverson\n|-resisted|p1a: Deyverson\n|-damage|p1a: Deyverson|11\/100 slp\n|cant|p1a: Deyverson|slp\n|\n|-heal|p2b: Gholdengo|29\/100|[from] item: Leftovers\n|upkeep\n|turn|13\n|\n|t:|1683743943\n|switch|p2b: Amoonguss|Amoonguss, L50, M|84\/100\n|move|p1b: GustavoG\u00f3mez|Extreme Speed|p2b: Amoonguss\n|-damage|p2b: Amoonguss|73\/100\n|move|p2a: Gyarados|Waterfall|p1b: GustavoG\u00f3mez\n|-supereffective|p1b: GustavoG\u00f3mez\n|-damage|p1b: GustavoG\u00f3mez|0 fnt\n|faint|p1b: GustavoG\u00f3mez\n|cant|p1a: Deyverson|slp\n|\n|upkeep\n|\n|t:|1683743953\n|switch|p1b: Valdivia|Flutter Mane, L50, shiny|47\/100\n|turn|14\n|\n|t:|1683743964\n|move|p2b: Amoonguss|Rage Powder|p2b: Amoonguss\n|-singleturn|p2b: Amoonguss|move: Rage Powder\n|move|p1b: Valdivia|Shadow Ball|p2b: Amoonguss\n|-damage|p2b: Amoonguss|30\/100\n|move|p2a: Gyarados|Iron Head|p1b: Valdivia\n|-supereffective|p1b: Valdivia\n|-damage|p1b: Valdivia|0 fnt\n|faint|p1b: Valdivia\n|-end|p1b: Valdivia|Protosynthesis|[silent]\n|-curestatus|p1a: Deyverson|slp|[msg]\n|move|p1a: Deyverson|Tera Blast|p2b: Amoonguss\n|-resisted|p2b: Amoonguss\n|-damage|p2b: Amoonguss|21\/100\n|\n|upkeep\n|turn|15\n|-message|Gui7 forfeited.\n|\n|win|doctorfisio\n|raw|Gui7's rating: 1477 → 1450<\/strong> (-27 for losing)\n|raw|doctorfisio's rating: 1357 → 1384<\/strong> (+27 for winning)\n|l|\u2606Gui7\n|l|\u2606doctorfisio\n|j|\u2606doctorfisio\n|player|p2|doctorfisio|unknown\n","uploadtime":1683743995,"views":14,"p1id":"gui7","p2id":"doctorfisio","formatid":"gen9vgc2023regulationc","rating":1384,"private":0,"password":""}