{"id":"gen9vgc2023regulationc-1861930290","p1":"lontrammaestrata","p2":"Arcacagne","format":"[Gen 9] VGC 2023 Regulation C","log":"|j|\u2606lontrammaestrata\n|j|\u2606Arcacagne\n|t:|1683821723\n|gametype|doubles\n|player|p1|lontrammaestrata|skier|1191\n|player|p2|Arcacagne|102|1277\n|teamsize|p1|6\n|teamsize|p2|6\n|gen|9\n|tier|[Gen 9] VGC 2023 Regulation C\n|rated|\n|rule|Species Clause: Limit one of each Pok\u00e9mon\n|rule|Item Clause: Limit one of each item\n|clearpoke\n|poke|p1|Chi-Yu, L50|\n|poke|p1|Dragapult, L50, F|\n|poke|p1|Iron Hands, L50|\n|poke|p1|Gyarados, L50, M|\n|poke|p1|Ting-Lu, L50|\n|poke|p1|Bisharp, L50, M|\n|poke|p2|Chi-Yu, L50|\n|poke|p2|Flutter Mane, L50|\n|poke|p2|Amoonguss, L50, F|\n|poke|p2|Ting-Lu, L50|\n|poke|p2|Iron Hands, L50|\n|poke|p2|Gyarados, L50, F|\n|teampreview|4\nlontrammaestrata has agreed to open team sheets.\n|\n|t:|1683821764\n|start\n|switch|p1a: Dragapult|Dragapult, L50, F|100\/100\n|switch|p1b: Iron Hands|Iron Hands, L50|100\/100\n|switch|p2a: Chi-Yu|Chi-Yu, L50|100\/100\n|switch|p2b: Iron Hands|Iron Hands, L50|100\/100\n|-ability|p2a: Chi-Yu|Beads of Ruin\n|turn|1\n|\n|t:|1683821782\n|move|p2a: Chi-Yu|Protect|p2a: Chi-Yu\n|-singleturn|p2a: Chi-Yu|Protect\n|move|p1b: Iron Hands|Fake Out|p2a: Chi-Yu\n|-activate|p2a: Chi-Yu|move: Protect\n|move|p1a: Dragapult|Assurance|p2a: Chi-Yu\n|-activate|p2a: Chi-Yu|move: Protect\n|move|p2b: Iron Hands|Swords Dance|p2b: Iron Hands\n|-boost|p2b: Iron Hands|atk|2\n|\n|upkeep\n|turn|2\n|\n|t:|1683821810\n|move|p1a: Dragapult|U-turn|p2b: Iron Hands\n|-resisted|p2b: Iron Hands\n|-damage|p2b: Iron Hands|93\/100\n|\n|t:|1683821813\n|switch|p1a: Gyarados|Gyarados, L50, M|100\/100|[from] U-turn\n|-ability|p1a: Gyarados|Intimidate|boost\n|-unboost|p2a: Chi-Yu|atk|1\n|-fail|p2b: Iron Hands|unboost|[from] item: Clear Amulet|[of] p2b: Iron Hands\n|move|p2a: Chi-Yu|Dark Pulse|p1a: Gyarados\n|-damage|p1a: Gyarados|66\/100\n|move|p1b: Iron Hands|Drain Punch|p2a: Chi-Yu\n|-supereffective|p2a: Chi-Yu\n|-damage|p2a: Chi-Yu|7\/100\n|move|p2b: Iron Hands|Thunder Punch|p1a: Gyarados\n|-supereffective|p1a: Gyarados\n|-damage|p1a: Gyarados|0 fnt\n|faint|p1a: Gyarados\n|\n|upkeep\n|\n|t:|1683821828\n|switch|p1a: Dragapult|Dragapult, L50, F|100\/100\n|turn|3\n|\n|t:|1683821843\n|move|p1a: Dragapult|Dragon Darts|p2a: Chi-Yu\n|-damage|p2a: Chi-Yu|0 fnt\n|-anim|p1a: Dragapult|Dragon Darts|p2b: Iron Hands\n|-crit|p2b: Iron Hands\n|-damage|p2b: Iron Hands|68\/100\n|faint|p2a: Chi-Yu\n|move|p1b: Iron Hands|Play Rough|p2b: Iron Hands\n|-supereffective|p2b: Iron Hands\n|-damage|p2b: Iron Hands|32\/100\n|move|p2b: Iron Hands|Drain Punch|p1b: Iron Hands\n|-damage|p1b: Iron Hands|58\/100\n|-heal|p2b: Iron Hands|54\/100|[from] drain|[of] p1b: Iron Hands\n|\n|upkeep\n|\n|t:|1683821870\n|switch|p2a: Amoonguss|Amoonguss, L50, F|100\/100\n|turn|4\n|inactive|Battle timer is ON: inactive players will automatically lose when time's up. (requested by Arcacagne)\n|\n|t:|1683821898\n|move|p2a: Amoonguss|Rage Powder|p2a: Amoonguss\n|-singleturn|p2a: Amoonguss|move: Rage Powder\n|move|p1a: Dragapult|Dragon Darts|p2a: Amoonguss\n|-damage|p2a: Amoonguss|79\/100\n|-anim|p1a: Dragapult|Dragon Darts|p2b: Iron Hands\n|-damage|p2b: Iron Hands|38\/100\n|move|p2b: Iron Hands|Drain Punch|p1b: Iron Hands\n|-damage|p1b: Iron Hands|15\/100\n|-heal|p2b: Iron Hands|60\/100|[from] drain|[of] p1b: Iron Hands\n|move|p1b: Iron Hands|Drain Punch|p2a: Amoonguss\n|-resisted|p2a: Amoonguss\n|-damage|p2a: Amoonguss|62\/100\n|-heal|p1b: Iron Hands|22\/100|[from] drain|[of] p2a: Amoonguss\n|\n|upkeep\n|turn|5\n|\n|t:|1683821920\n|move|p2a: Amoonguss|Rage Powder|p2a: Amoonguss\n|-singleturn|p2a: Amoonguss|move: Rage Powder\n|move|p1a: Dragapult|U-turn|p2b: Iron Hands\n|-resisted|p2b: Iron Hands\n|-damage|p2b: Iron Hands|53\/100\n|\n|t:|1683821925\n|switch|p1a: Bisharp|Bisharp, L50, M|100\/100|[from] U-turn\n|move|p2b: Iron Hands|Drain Punch|p1b: Iron Hands\n|-damage|p1b: Iron Hands|0 fnt\n|-heal|p2b: Iron Hands|64\/100|[from] drain|[of] p1b: Iron Hands\n|faint|p1b: Iron Hands\n|-end|p1b: Iron Hands|Quark Drive|[silent]\n|\n|upkeep\n|\n|t:|1683821933\n|switch|p1b: Dragapult|Dragapult, L50, F|100\/100\n|turn|6\n|\n|t:|1683821953\n|move|p2a: Amoonguss|Rage Powder|p2a: Amoonguss\n|-singleturn|p2a: Amoonguss|move: Rage Powder\n|move|p1b: Dragapult|Tera Blast|p2b: Iron Hands\n|-damage|p2b: Iron Hands|52\/100\n|move|p1a: Bisharp|Substitute|p1a: Bisharp\n|-start|p1a: Bisharp|Substitute\n|-damage|p1a: Bisharp|75\/100\n|move|p2b: Iron Hands|Drain Punch|p1a: Bisharp\n|-supereffective|p1a: Bisharp\n|-crit|p1a: Bisharp\n|-end|p1a: Bisharp|Substitute\n|-heal|p2b: Iron Hands|61\/100|[from] drain|[of] p1a: Bisharp\n|\n|upkeep\n|turn|7\n|inactive|lontrammaestrata has 30 seconds left.\n|inactive|lontrammaestrata has 20 seconds left.\n|\n|t:|1683821988\n|-terastallize|p1a: Bisharp|Flying\n|move|p2a: Amoonguss|Rage Powder|p2a: Amoonguss\n|-singleturn|p2a: Amoonguss|move: Rage Powder\n|move|p1b: Dragapult|Dragon Darts|p2a: Amoonguss\n|-crit|p2a: Amoonguss\n|-damage|p2a: Amoonguss|30\/100\n|-enditem|p2a: Amoonguss|Sitrus Berry|[eat]\n|-heal|p2a: Amoonguss|55\/100|[from] item: Sitrus Berry\n|-anim|p1b: Dragapult|Dragon Darts|p2b: Iron Hands\n|-damage|p2b: Iron Hands|44\/100\n|move|p1a: Bisharp|Iron Head|p2a: Amoonguss\n|-damage|p2a: Amoonguss|21\/100\n|move|p2b: Iron Hands|Drain Punch|p1a: Bisharp\n|-resisted|p1a: Bisharp\n|-damage|p1a: Bisharp|53\/100\n|-heal|p2b: Iron Hands|52\/100|[from] drain|[of] p1a: Bisharp\n|\n|upkeep\n|turn|8\n|inactive|Arcacagne has 30 seconds left.\n|\n|t:|1683822019\n|switch|p2a: Flutter Mane|Flutter Mane, L50|100\/100\n|-enditem|p2a: Flutter Mane|Booster Energy\n|-activate|p2a: Flutter Mane|ability: Protosynthesis|[fromitem]\n|-start|p2a: Flutter Mane|protosynthesisspa\n|move|p1b: Dragapult|Dragon Darts|p2b: Iron Hands\n|-damage|p2b: Iron Hands|36\/100\n|-anim|p1b: Dragapult|Dragon Darts|p2b: Iron Hands\n|-damage|p2b: Iron Hands|20\/100\n|move|p1a: Bisharp|Iron Head|p2b: Iron Hands\n|-resisted|p2b: Iron Hands\n|-damage|p2b: Iron Hands|6\/100\n|cant|p2b: Iron Hands|flinch\n|\n|upkeep\n|turn|9\n|inactive|lontrammaestrata has 30 seconds left.\n|inactive|Arcacagne has 30 seconds left.\n|inactive|lontrammaestrata has 20 seconds left.\n|inactive|lontrammaestrata has 15 seconds left.\n|inactive|lontrammaestrata has 10 seconds left.\n|inactive|lontrammaestrata has 5 seconds left.\n|\n|t:|1683822074\n|move|p2a: Flutter Mane|Protect|p2a: Flutter Mane\n|-singleturn|p2a: Flutter Mane|Protect\n|move|p1b: Dragapult|Assurance|p2a: Flutter Mane\n|-activate|p2a: Flutter Mane|move: Protect\n|move|p1a: Bisharp|Iron Head|p2a: Flutter Mane\n|-activate|p2a: Flutter Mane|move: Protect\n|move|p2b: Iron Hands|Thunder Punch|p1a: Bisharp\n|-supereffective|p1a: Bisharp\n|-damage|p1a: Bisharp|0 fnt\n|faint|p1a: Bisharp\n|\n|upkeep\n|turn|10\n|inactive|Arcacagne has 30 seconds left.\n|inactive|Arcacagne has 20 seconds left.\n|\n|t:|1683822110\n|-terastallize|p2a: Flutter Mane|Fairy\n|move|p1b: Dragapult|Dragon Darts|p2b: Iron Hands\n|-damage|p2b: Iron Hands|0 fnt\n|faint|p2b: Iron Hands\n|-end|p2b: Iron Hands|Quark Drive|[silent]\n|move|p2a: Flutter Mane|Moonblast|p1b: Dragapult\n|-supereffective|p1b: Dragapult\n|-damage|p1b: Dragapult|0 fnt\n|faint|p1b: Dragapult\n|\n|win|Arcacagne\n|raw|lontrammaestrata's rating: 1191 → 1172<\/strong> (-19 for losing)\n|raw|Arcacagne's rating: 1277 → 1296<\/strong> (+19 for winning)\n|l|\u2606lontrammaestrata\n","uploadtime":1683822127,"views":12,"p1id":"lontrammaestrata","p2id":"arcacagne","formatid":"gen9vgc2023regulationc","rating":1172,"private":0,"password":""}