{"id":"gen9vgc2023regulationc-1863956267","p1":"pokemetti1","p2":"elmaswaza","format":"[Gen 9] VGC 2023 Regulation C","log":"|j|\u2606pokemetti1\n|j|\u2606elmaswaza\n|t:|1684097745\n|gametype|doubles\n|player|p1|pokemetti1|102|1250\n|player|p2|elmaswaza|1|1158\n|teamsize|p1|6\n|teamsize|p2|6\n|gen|9\n|tier|[Gen 9] VGC 2023 Regulation C\n|rated|\n|rule|Species Clause: Limit one of each Pok\u00e9mon\n|rule|Item Clause: Limit one of each item\n|clearpoke\n|poke|p1|Palafin, L50, M|\n|poke|p1|Pelipper, L50, M|\n|poke|p1|Amoonguss, L50, F|\n|poke|p1|Ting-Lu, L50|\n|poke|p1|Gyarados, L50, M|\n|poke|p1|Volcarona, L50, M|\n|poke|p2|Dragapult, L50, F|\n|poke|p2|Amoonguss, L50, F|\n|poke|p2|Arcanine, L50, M|\n|poke|p2|Iron Bundle, L50|\n|poke|p2|Chien-Pao, L50|\n|poke|p2|Tauros-Paldea-Aqua, L50, M|\n|teampreview|4\n|inactive|Battle timer is ON: inactive players will automatically lose when time's up. (requested by elmaswaza)\n|inactive|pokemetti1 has 60 seconds left.\n|\n|t:|1684097798\n|start\n|switch|p1a: OG FLIPPER|Palafin, L50, M|100\/100\n|switch|p1b: Volcarona|Volcarona, L50, M|100\/100\n|switch|p2a: Dragapult|Dragapult, L50, F, shiny|100\/100\n|switch|p2b: Iron Bundle|Iron Bundle, L50|100\/100\n|-enditem|p2b: Iron Bundle|Booster Energy\n|-activate|p2b: Iron Bundle|ability: Quark Drive|[fromitem]\n|-start|p2b: Iron Bundle|quarkdrivespe\n|turn|1\n|inactive|pokemetti1 has 30 seconds left.\n|\n|t:|1684097829\n|detailschange|p1a: OG FLIPPER|Palafin-Hero, L50, M\n|switch|p1a: Pelipper|Pelipper, L50, M|100\/100\n|-weather|RainDance|[from] ability: Drizzle|[of] p1a: Pelipper\n|move|p1b: Volcarona|Protect|p1b: Volcarona\n|-singleturn|p1b: Volcarona|Protect\n|move|p2b: Iron Bundle|Freeze-Dry|p1a: Pelipper\n|-supereffective|p1a: Pelipper\n|-damage|p1a: Pelipper|0 fnt\n|faint|p1a: Pelipper\n|move|p2a: Dragapult|Dragon Dance|p2a: Dragapult\n|-boost|p2a: Dragapult|atk|1\n|-boost|p2a: Dragapult|spe|1\n|\n|-weather|RainDance|[upkeep]\n|upkeep\n|inactive|pokemetti1 has 30 seconds left.\n|inactive|pokemetti1 has 20 seconds left.\n|inactive|pokemetti1 has 15 seconds left.\n|inactive|pokemetti1 has 10 seconds left.\n|\n|t:|1684097878\n|switch|p1a: Gyarados|Gyarados, L50, M|100\/100\n|-ability|p1a: Gyarados|Intimidate|boost\n|-unboost|p2a: Dragapult|atk|1\n|-unboost|p2b: Iron Bundle|atk|1\n|turn|2\n|\n|t:|1684097888\n|-terastallize|p1a: Gyarados|Steel\n|move|p2a: Dragapult|Dragon Dance|p2a: Dragapult\n|-boost|p2a: Dragapult|atk|1\n|-boost|p2a: Dragapult|spe|1\n|move|p2b: Iron Bundle|Freeze-Dry|p1a: Gyarados\n|-resisted|p1a: Gyarados\n|-damage|p1a: Gyarados|89\/100\n|move|p1b: Volcarona|Giga Drain|p2b: Iron Bundle\n|-supereffective|p2b: Iron Bundle\n|-damage|p2b: Iron Bundle|0 fnt\n|faint|p2b: Iron Bundle\n|-end|p2b: Iron Bundle|Quark Drive|[silent]\n|move|p1a: Gyarados|Waterfall|p2a: Dragapult\n|-resisted|p2a: Dragapult\n|-damage|p2a: Dragapult|68\/100\n|\n|-weather|RainDance|[upkeep]\n|upkeep\n|\n|t:|1684097903\n|switch|p2b: Chien-Pao|Chien-Pao, L50|100\/100\n|-ability|p2b: Chien-Pao|Sword of Ruin\n|turn|3\n|inactive|pokemetti1 has 30 seconds left.\n|\n|t:|1684097930\n|move|p2a: Dragapult|Dragon Darts|p1b: Volcarona\n|-damage|p1b: Volcarona|46\/100\n|-anim|p2a: Dragapult|Dragon Darts|p1a: Gyarados\n|-resisted|p1a: Gyarados\n|-damage|p1a: Gyarados|62\/100\n|move|p2b: Chien-Pao|Sacred Sword|p1a: Gyarados\n|-supereffective|p1a: Gyarados\n|-damage|p1a: Gyarados|0 fnt\n|faint|p1a: Gyarados\n|move|p1b: Volcarona|Quiver Dance|p1b: Volcarona\n|-boost|p1b: Volcarona|spa|1\n|-boost|p1b: Volcarona|spd|1\n|-boost|p1b: Volcarona|spe|1\n|\n|-weather|RainDance|[upkeep]\n|-heal|p1b: Volcarona|51\/100|[from] item: Leftovers\n|upkeep\n|\n|t:|1684097938\n|switch|p1a: OG FLIPPER|Palafin-Hero, L50, M|100\/100\n|-activate|p1a: OG FLIPPER|ability: Zero to Hero\n|turn|4\n|inactive|elmaswaza has 30 seconds left.\n|\n|t:|1684097969\n|move|p1a: OG FLIPPER|Jet Punch|p2a: Dragapult\n|-resisted|p2a: Dragapult\n|-damage|p2a: Dragapult|13\/100\n|move|p2a: Dragapult|Phantom Force||[still]\n|-prepare|p2a: Dragapult|Phantom Force\n|move|p1b: Volcarona|Fiery Dance|p2b: Chien-Pao\n|-supereffective|p2b: Chien-Pao\n|-damage|p2b: Chien-Pao|0 fnt\n|faint|p2b: Chien-Pao\n|\n|-weather|RainDance|[upkeep]\n|-heal|p1b: Volcarona|57\/100|[from] item: Leftovers\n|upkeep\n|\n|t:|1684097978\n|switch|p2b: Arcanine|Arcanine, L50, M|100\/100\n|-ability|p2b: Arcanine|Intimidate|boost\n|-unboost|p1a: OG FLIPPER|atk|1\n|-unboost|p1b: Volcarona|atk|1\n|turn|5\n|\n|t:|1684097992\n|-terastallize|p2b: Arcanine|Fire\n|move|p1a: OG FLIPPER|Jet Punch|p2b: Arcanine\n|-supereffective|p2b: Arcanine\n|-damage|p2b: Arcanine|9\/100\n|-enditem|p2b: Arcanine|Iapapa Berry|[eat]\n|-heal|p2b: Arcanine|42\/100|[from] item: Iapapa Berry\n|move|p2a: Dragapult|Phantom Force|p1b: Volcarona|[from]lockedmove\n|-damage|p1b: Volcarona|0 fnt\n|-status|p2a: Dragapult|brn|[from] ability: Flame Body|[of] p1b: Volcarona\n|faint|p1b: Volcarona\n|move|p2b: Arcanine|Will-O-Wisp|p1a: OG FLIPPER\n|-status|p1a: OG FLIPPER|brn\n|\n|-weather|RainDance|[upkeep]\n|-damage|p2a: Dragapult|7\/100 brn|[from] brn\n|-damage|p1a: OG FLIPPER|95\/100 brn|[from] brn\n|upkeep\n|turn|6\n|inactive|elmaswaza has 30 seconds left.\n|inactive|elmaswaza has 20 seconds left.\n|\n|t:|1684098030\n|move|p1a: OG FLIPPER|Protect|p1a: OG FLIPPER\n|-singleturn|p1a: OG FLIPPER|Protect\n|move|p2b: Arcanine|Extreme Speed|p1a: OG FLIPPER\n|-activate|p1a: OG FLIPPER|move: Protect\n|move|p2a: Dragapult|Dragon Darts|p1a: OG FLIPPER\n|-activate|p1a: OG FLIPPER|move: Protect\n|\n|-weather|RainDance|[upkeep]\n|-damage|p2a: Dragapult|1\/100 brn|[from] brn\n|-damage|p1a: OG FLIPPER|89\/100 brn|[from] brn\n|upkeep\n|turn|7\n|\n|t:|1684098042\n|move|p2b: Arcanine|Extreme Speed|p1a: OG FLIPPER\n|-damage|p1a: OG FLIPPER|67\/100 brn\n|move|p1a: OG FLIPPER|Jet Punch|p2a: Dragapult\n|-resisted|p2a: Dragapult\n|-damage|p2a: Dragapult|0 fnt\n|faint|p2a: Dragapult\n|\n|-weather|RainDance|[upkeep]\n|-damage|p1a: OG FLIPPER|61\/100 brn|[from] brn\n|upkeep\n|turn|8\n|\n|t:|1684098051\n|move|p2b: Arcanine|Extreme Speed|p1a: OG FLIPPER\n|-damage|p1a: OG FLIPPER|42\/100 brn\n|move|p1a: OG FLIPPER|Wave Crash|p2b: Arcanine\n|-supereffective|p2b: Arcanine\n|-damage|p2b: Arcanine|0 fnt\n|faint|p2b: Arcanine\n|-damage|p1a: OG FLIPPER|29\/100 brn|[from] Recoil\n|\n|win|pokemetti1\n|raw|pokemetti1's rating: 1250 → 1269<\/strong> (+19 for winning)\n|raw|elmaswaza's rating: 1158 → 1139<\/strong> (-19 for losing)\n","uploadtime":1684098063,"views":7,"p1id":"pokemetti1","p2id":"elmaswaza","formatid":"gen9vgc2023regulationc","rating":1139,"private":0,"password":""}