{"id":"gen9vgc2023regulationc-1846601519","p1":"ReCapra","p2":"Asd4321","format":"[Gen 9] VGC 2023 Regulation C","log":"|j|\u2606ReCapra\n|j|\u2606Asd4321\n|t:|1681856019\n|gametype|doubles\n|player|p1|ReCapra|102|1248\n|player|p2|Asd4321|supernerd|1229\n|teamsize|p1|6\n|teamsize|p2|6\n|gen|9\n|tier|[Gen 9] VGC 2023 Regulation C\n|rated|\n|rule|Species Clause: Limit one of each Pok\u00e9mon\n|rule|Item Clause: Limit one of each item\n|clearpoke\n|poke|p1|Ting-Lu, L50|\n|poke|p1|Orthworm, L50, F|\n|poke|p1|Gyarados, L50, M|\n|poke|p1|Kingambit, L50, M|\n|poke|p1|Dragonite, L50, M|\n|poke|p1|Flutter Mane, L50|\n|poke|p2|Chi-Yu, L50|\n|poke|p2|Flutter Mane, L50|\n|poke|p2|Great Tusk, L50|\n|poke|p2|Corviknight, L50, M|\n|poke|p2|Palafin, L50, M|\n|poke|p2|Amoonguss, L50, F|\n|teampreview|4\n|\n|t:|1681856079\n|start\n|switch|p1a: Flutter Mane|Flutter Mane, L50|100\/100\n|switch|p1b: Cocchetto|Ting-Lu, L50|100\/100\n|switch|p2a: Palafin|Palafin, L50, M|100\/100\n|switch|p2b: Corviknight|Corviknight, L50, M|100\/100\n|-ability|p1b: Cocchetto|Vessel of Ruin\n|turn|1\n|\n|t:|1681856096\n|-terastallize|p1a: Flutter Mane|Water\n|move|p2a: Palafin|Protect|p2a: Palafin\n|-singleturn|p2a: Palafin|Protect\n|move|p1a: Flutter Mane|Thunderbolt|p2b: Corviknight\n|-supereffective|p2b: Corviknight\n|-damage|p2b: Corviknight|44\/100\n|-enditem|p2b: Corviknight|Sitrus Berry|[eat]\n|-heal|p2b: Corviknight|69\/100|[from] item: Sitrus Berry\n|move|p2b: Corviknight|Tailwind|p2b: Corviknight\n|-sidestart|p2: Asd4321|move: Tailwind\n|move|p1b: Cocchetto|Rock Slide|p2b: Corviknight|[spread] p2b\n|-activate|p2a: Palafin|move: Protect\n|-damage|p2b: Corviknight|48\/100\n|\n|upkeep\n|turn|2\n|\n|t:|1681856114\n|detailschange|p2a: Palafin|Palafin-Hero, L50, M\n|switch|p2a: Flutter Mane|Flutter Mane, L50|100\/100\n|move|p2b: Corviknight|Brave Bird|p1a: Flutter Mane\n|-damage|p1a: Flutter Mane|41\/100\n|-damage|p2b: Corviknight|33\/100|[from] Recoil\n|move|p1a: Flutter Mane|Thunderbolt|p2b: Corviknight\n|-supereffective|p2b: Corviknight\n|-damage|p2b: Corviknight|0 fnt\n|faint|p2b: Corviknight\n|move|p1b: Cocchetto|Rock Slide|p2a: Flutter Mane\n|-damage|p2a: Flutter Mane|39\/100\n|\n|upkeep\n|\n|t:|1681856116\n|switch|p2b: Palafin|Palafin-Hero, L50, M|100\/100\n|-activate|p2b: Palafin|ability: Zero to Hero\n|turn|3\n|\n|t:|1681856136\n|-end|p1a: Flutter Mane|Protosynthesis|[silent]\n|switch|p1a: Gyaragod|Gyarados, L50, M|100\/100\n|-ability|p1a: Gyaragod|Intimidate|boost\n|-unboost|p2a: Flutter Mane|atk|1\n|-unboost|p2b: Palafin|atk|1\n|-terastallize|p2b: Palafin|Water\n|move|p2a: Flutter Mane|Moonblast|p1a: Gyaragod\n|-damage|p1a: Gyaragod|53\/100\n|-unboost|p1a: Gyaragod|spa|1\n|-damage|p2a: Flutter Mane|30\/100|[from] item: Life Orb\n|move|p2b: Palafin|Wave Crash|p1b: Cocchetto\n|-supereffective|p1b: Cocchetto\n|-damage|p1b: Cocchetto|0 fnt\n|faint|p1b: Cocchetto\n|-damage|p2b: Palafin|63\/100|[from] Recoil\n|\n|upkeep\n|\n|t:|1681856156\n|switch|p1b: Lui|Dragonite, L50, M|100\/100\n|turn|4\n|\n|t:|1681856190\n|move|p2a: Flutter Mane|Moonblast|p1a: Gyaragod\n|-damage|p1a: Gyaragod|0 fnt\n|faint|p1a: Gyaragod\n|-damage|p2a: Flutter Mane|21\/100|[from] item: Life Orb\n|move|p2b: Palafin|Wave Crash|p1b: Lui\n|-resisted|p1b: Lui\n|-damage|p1b: Lui|77\/100\n|-damage|p2b: Palafin|56\/100|[from] Recoil\n|move|p1b: Lui|Dragon Dance|p1b: Lui\n|-boost|p1b: Lui|atk|1\n|-boost|p1b: Lui|spe|1\n|\n|-sideend|p2: Asd4321|move: Tailwind\n|upkeep\n|\n|t:|1681856203\n|switch|p1a: Flutter Mane|Flutter Mane, L50, tera:Water|41\/100\n|turn|5\n|\n|t:|1681856221\n|-end|p2a: Flutter Mane|Protosynthesis|[silent]\n|switch|p2a: Chi-Yu|Chi-Yu, L50|100\/100\n|-ability|p2a: Chi-Yu|Beads of Ruin\n|move|p1b: Lui|Earthquake|p2b: Palafin|[spread] p1a,p2a,p2b\n|-supereffective|p2a: Chi-Yu\n|-damage|p1a: Flutter Mane|0 fnt\n|-damage|p2a: Chi-Yu|0 fnt\n|-damage|p2b: Palafin|19\/100\n|faint|p1a: Flutter Mane\n|-end|p1a: Flutter Mane|Protosynthesis|[silent]\n|faint|p2a: Chi-Yu\n|move|p2b: Palafin|Haze|p2b: Palafin\n|-clearallboost\n|\n|upkeep\n|\n|t:|1681856224\n|switch|p2a: Flutter Mane|Flutter Mane, L50|21\/100\n|turn|6\n|\n|t:|1681856237\n|move|p2a: Flutter Mane|Moonblast|p1b: Lui\n|-supereffective|p1b: Lui\n|-damage|p1b: Lui|0 fnt\n|faint|p1b: Lui\n|-damage|p2a: Flutter Mane|11\/100|[from] item: Life Orb\n|\n|win|Asd4321\n|raw|ReCapra's rating: 1248 → 1222<\/strong> (-26 for losing)\n|raw|Asd4321's rating: 1229 → 1255<\/strong> (+26 for winning)\n|l|\u2606ReCapra\n","uploadtime":1681856245,"views":8,"p1id":"recapra","p2id":"asd4321","formatid":"gen9vgc2023regulationc","rating":1222,"private":0,"password":""}