{"id":"gen9vgc2023regulationc-1846076802","p1":"Rkier55","p2":"tghdfgh","format":"[Gen 9] VGC 2023 Regulation C","log":"|j|\u2606Rkier55\n|j|\u2606tghdfgh\n|t:|1681802378\n|gametype|doubles\n|player|p1|Rkier55|265|1085\n|player|p2|tghdfgh|1|1053\n|teamsize|p1|6\n|teamsize|p2|6\n|gen|9\n|tier|[Gen 9] VGC 2023 Regulation C\n|rated|\n|rule|Species Clause: Limit one of each Pok\u00e9mon\n|rule|Item Clause: Limit one of each item\n|clearpoke\n|poke|p1|Arcanine, L50, M|\n|poke|p1|Amoonguss, L50, F|\n|poke|p1|Iron Hands, L50|\n|poke|p1|Great Tusk, L50|\n|poke|p1|Flutter Mane, L50|\n|poke|p1|Iron Bundle, L50|\n|poke|p2|Torkoal, L50, F|\n|poke|p2|Chi-Yu, L50|\n|poke|p2|Bronzong, L50|\n|poke|p2|Gastrodon, L50, M|\n|poke|p2|Grimmsnarl, L50, M|\n|poke|p2|Skeledirge, L50, M|\n|teampreview|4\n|inactive|Battle timer is ON: inactive players will automatically lose when time's up. (requested by Rkier55)\n|inactive|tghdfgh has 60 seconds left.\n|\n|t:|1681802414\n|start\n|switch|p1a: Arcanine|Arcanine, L50, M|100\/100\n|switch|p1b: EL PAJERO|Iron Hands, L50|100\/100\n|switch|p2a: Grimmsnarl|Grimmsnarl, L50, M|100\/100\n|switch|p2b: Chi-Yu|Chi-Yu, L50|100\/100\n|-ability|p2b: Chi-Yu|Beads of Ruin\n|-ability|p1a: Arcanine|Intimidate|boost\n|-unboost|p2a: Grimmsnarl|atk|1\n|-unboost|p2b: Chi-Yu|atk|1\n|turn|1\n|\n|t:|1681802434\n|switch|p2b: Skeledirge|Skeledirge, L50, M|100\/100\n|move|p1b: EL PAJERO|Fake Out|p2b: Skeledirge\n|-immune|p2b: Skeledirge\n|move|p2a: Grimmsnarl|Trick|p1a: Arcanine\n|-activate|p2a: Grimmsnarl|move: Trick|[of] p1a: Arcanine\n|-item|p1a: Arcanine|Lagging Tail|[from] move: Trick\n|-item|p2a: Grimmsnarl|Safety Goggles|[from] move: Trick\n|move|p1a: Arcanine|Snarl|p2a: Grimmsnarl|[spread] p2a,p2b\n|-resisted|p2a: Grimmsnarl\n|-supereffective|p2b: Skeledirge\n|-damage|p2a: Grimmsnarl|98\/100\n|-damage|p2b: Skeledirge|81\/100\n|-unboost|p2a: Grimmsnarl|spa|1\n|-unboost|p2b: Skeledirge|spa|1\n|\n|-heal|p2b: Skeledirge|87\/100|[from] item: Leftovers\n|upkeep\n|turn|2\n|\n|t:|1681802453\n|switch|p2a: Gastrodon|Gastrodon, L50, M|100\/100\n|move|p2b: Skeledirge|Encore|p1b: EL PAJERO\n|-start|p1b: EL PAJERO|Encore\n|move|p1b: EL PAJERO|Fake Out||[still]\n|-hint|Fake Out only works on your first turn out.\n|-fail|p1b: EL PAJERO\n|move|p1a: Arcanine|Snarl|p2b: Skeledirge|[spread] p2a,p2b\n|-supereffective|p2b: Skeledirge\n|-damage|p2a: Gastrodon|94\/100\n|-damage|p2b: Skeledirge|67\/100\n|-unboost|p2b: Skeledirge|spa|1\n|\n|-heal|p2b: Skeledirge|72\/100|[from] item: Leftovers\n|upkeep\n|turn|3\n|\n|t:|1681802464\n|switch|p2b: Grimmsnarl|Grimmsnarl, L50, M|98\/100\n|-end|p1b: EL PAJERO|Quark Drive|[silent]\n|switch|p1b: TU NOVIA|Flutter Mane, L50|100\/100\n|move|p2a: Gastrodon|Earth Power|p1a: Arcanine\n|-supereffective|p1a: Arcanine\n|-damage|p1a: Arcanine|29\/100\n|move|p1a: Arcanine|Snarl|p2a: Gastrodon|[spread] p2a,p2b\n|-resisted|p2b: Grimmsnarl\n|-damage|p2a: Gastrodon|87\/100\n|-damage|p2b: Grimmsnarl|96\/100\n|-unboost|p2b: Grimmsnarl|spa|1\n|\n|upkeep\n|turn|4\n|\n|t:|1681802476\n|switch|p1a: EL PAJERO|Iron Hands, L50|100\/100\n|move|p2b: Grimmsnarl|Sucker Punch|p1b: TU NOVIA\n|-damage|p1b: TU NOVIA|14\/100\n|move|p1b: TU NOVIA|Moonblast|p2a: Gastrodon\n|-damage|p2a: Gastrodon|30\/100\n|-damage|p1b: TU NOVIA|4\/100|[from] item: Life Orb\n|move|p2a: Gastrodon|Sludge Bomb|p1b: TU NOVIA\n|-damage|p1b: TU NOVIA|0 fnt\n|faint|p1b: TU NOVIA\n|-end|p1b: TU NOVIA|Protosynthesis|[silent]\n|\n|upkeep\n|\n|t:|1681802484\n|switch|p1b: Arcanine|Arcanine, L50, M|29\/100\n|-ability|p1b: Arcanine|Intimidate|boost\n|-unboost|p2a: Gastrodon|atk|1\n|-unboost|p2b: Grimmsnarl|atk|1\n|turn|5\n|\n|t:|1681802499\n|switch|p2b: Skeledirge|Skeledirge, L50, M|72\/100\n|move|p2a: Gastrodon|Protect|p2a: Gastrodon\n|-singleturn|p2a: Gastrodon|Protect\n|move|p1a: EL PAJERO|Wild Charge|p2a: Gastrodon\n|-activate|p2a: Gastrodon|move: Protect\n|move|p1b: Arcanine|Flare Blitz|p2a: Gastrodon\n|-activate|p2a: Gastrodon|move: Protect\n|\n|-heal|p2b: Skeledirge|78\/100|[from] item: Leftovers\n|upkeep\n|turn|6\n|\n|t:|1681802514\n|switch|p2a: Grimmsnarl|Grimmsnarl, L50, M|96\/100\n|move|p2b: Skeledirge|Tera Blast|p1b: Arcanine\n|-damage|p1b: Arcanine|5\/100\n|move|p1a: EL PAJERO|Drain Punch|p2a: Grimmsnarl\n|-damage|p2a: Grimmsnarl|49\/100\n|move|p1b: Arcanine|Snarl|p2a: Grimmsnarl|[spread] p2a,p2b\n|-resisted|p2a: Grimmsnarl\n|-supereffective|p2b: Skeledirge\n|-damage|p2a: Grimmsnarl|47\/100\n|-damage|p2b: Skeledirge|60\/100\n|-unboost|p2a: Grimmsnarl|spa|1\n|-unboost|p2b: Skeledirge|spa|1\n|\n|-heal|p2b: Skeledirge|66\/100|[from] item: Leftovers\n|upkeep\n|turn|7\n|\n|t:|1681802532\n|move|p1b: Arcanine|Protect|p1b: Arcanine\n|-singleturn|p1b: Arcanine|Protect\n|move|p2a: Grimmsnarl|Fake Out|p1a: EL PAJERO\n|-damage|p1a: EL PAJERO|90\/100\n|move|p2b: Skeledirge|Torch Song|p1b: Arcanine\n|-activate|p1b: Arcanine|move: Protect\n|cant|p1a: EL PAJERO|flinch\n|\n|-heal|p2b: Skeledirge|72\/100|[from] item: Leftovers\n|upkeep\n|turn|8\n|inactive|tghdfgh has 30 seconds left.\n|\n|t:|1681802561\n|switch|p1b: PAP\u00c1 NOEL|Iron Bundle, L50|100\/100\n|-enditem|p1b: PAP\u00c1 NOEL|Booster Energy\n|-activate|p1b: PAP\u00c1 NOEL|ability: Quark Drive|[fromitem]\n|-start|p1b: PAP\u00c1 NOEL|quarkdrivespe\n|move|p2b: Skeledirge|Torch Song|p1b: PAP\u00c1 NOEL\n|-damage|p1b: PAP\u00c1 NOEL|53\/100\n|-boost|p2b: Skeledirge|spa|1\n|move|p1a: EL PAJERO|Drain Punch|p2a: Grimmsnarl\n|-damage|p2a: Grimmsnarl|0 fnt\n|-heal|p1a: EL PAJERO|100\/100|[from] drain|[of] p2a: Grimmsnarl\n|faint|p2a: Grimmsnarl\n|\n|-heal|p2b: Skeledirge|77\/100|[from] item: Leftovers\n|upkeep\n|\n|t:|1681802569\n|switch|p2a: Gastrodon|Gastrodon, L50, M|30\/100\n|turn|9\n|\n|t:|1681802578\n|move|p2a: Gastrodon|Protect|p2a: Gastrodon\n|-singleturn|p2a: Gastrodon|Protect\n|move|p1b: PAP\u00c1 NOEL|Hydro Pump|p2a: Gastrodon\n|-activate|p2a: Gastrodon|ability: Storm Drain\n|-activate|p2a: Gastrodon|move: Protect\n|move|p2b: Skeledirge|Torch Song|p1b: PAP\u00c1 NOEL\n|-damage|p1b: PAP\u00c1 NOEL|0 fnt\n|-boost|p2b: Skeledirge|spa|1\n|faint|p1b: PAP\u00c1 NOEL\n|-end|p1b: PAP\u00c1 NOEL|Quark Drive|[silent]\n|move|p1a: EL PAJERO|Drain Punch|p2a: Gastrodon\n|-activate|p2a: Gastrodon|move: Protect\n|\n|-heal|p2b: Skeledirge|83\/100|[from] item: Leftovers\n|upkeep\n|\n|t:|1681802583\n|switch|p1b: Arcanine|Arcanine, L50, M|5\/100\n|-ability|p1b: Arcanine|Intimidate|boost\n|-unboost|p2a: Gastrodon|atk|1\n|-unboost|p2b: Skeledirge|atk|1\n|turn|10\n|l|\u2606Rkier55\n|inactive|Rkier55 disconnected and has a minute to reconnect!\n|player|p1|\n|inactive|Rkier55 has 30 seconds left.\n|inactive|Rkier55 has 20 seconds left.\n|inactive|Rkier55 has 15 seconds left.\n|inactive|Rkier55 has 10 seconds left.\n|inactive|Rkier55 has 5 seconds left.\n|-message|Rkier55 lost due to inactivity.\n|\n|win|tghdfgh\n|raw|Rkier55's rating: 1085 → 1060<\/strong> (-25 for losing)\n|raw|tghdfgh's rating: 1053 → 1088<\/strong> (+35 for winning)\n","uploadtime":1681802641,"views":5,"p1id":"rkier55","p2id":"tghdfgh","formatid":"gen9vgc2023regulationc","rating":1060,"private":0,"password":""}