{"id":"gen9vgc2023regulationc-1851149958","p1":"Thicc Juicy Boi","p2":"SumoVGC","format":"[Gen 9] VGC 2023 Regulation C","log":"|j|\u2606Thicc Juicy Boi\n|j|\u2606SumoVGC\n|t:|1682417339\n|gametype|doubles\n|player|p1|Thicc Juicy Boi|rood|1213\n|player|p2|SumoVGC|1|1148\n|teamsize|p1|6\n|teamsize|p2|6\n|gen|9\n|tier|[Gen 9] VGC 2023 Regulation C\n|rated|\n|rule|Species Clause: Limit one of each Pok\u00e9mon\n|rule|Item Clause: Limit one of each item\n|clearpoke\n|poke|p1|Abomasnow, L50, F|\n|poke|p1|Iron Bundle, L50|\n|poke|p1|Cetitan, L50, M|\n|poke|p1|Arcanine, L50, M|\n|poke|p1|Amoonguss, L50, M|\n|poke|p1|Ting-Lu, L50|\n|poke|p2|Palafin, L50, M|\n|poke|p2|Amoonguss, L50, F|\n|poke|p2|Arcanine, L50, M|\n|poke|p2|Chien-Pao, L50|\n|poke|p2|Talonflame, L50, M|\n|poke|p2|Great Tusk, L50|\n|teampreview|4\n|inactive|Battle timer is ON: inactive players will automatically lose when time's up. (requested by SumoVGC)\nSumoVGC has agreed to open team sheets.\n|inactive|SumoVGC has 60 seconds left.\n|\n|t:|1682417393\n|start\n|switch|p1a: Abomasnow|Abomasnow, L50, F|100\/100\n|switch|p1b: Iron Bundle|Iron Bundle, L50|100\/100\n|switch|p2a: Arcanine|Arcanine, L50, M|100\/100\n|switch|p2b: Great Tusk|Great Tusk, L50|100\/100\n|-ability|p2a: Arcanine|Intimidate|boost\n|-unboost|p1a: Abomasnow|atk|1\n|-unboost|p1b: Iron Bundle|atk|1\n|-weather|Snow|[from] ability: Snow Warning|[of] p1a: Abomasnow\n|turn|1\n|\n|t:|1682417408\n|-terastallize|p2b: Great Tusk|Steel\n|move|p1b: Iron Bundle|Hydro Pump|p2a: Arcanine\n|-supereffective|p2a: Arcanine\n|-damage|p2a: Arcanine|0 fnt\n|faint|p2a: Arcanine\n|-damage|p1b: Iron Bundle|91\/100|[from] item: Life Orb\n|move|p2b: Great Tusk|Close Combat|p1b: Iron Bundle\n|-supereffective|p1b: Iron Bundle\n|-damage|p1b: Iron Bundle|0 fnt\n|-unboost|p2b: Great Tusk|def|1\n|-unboost|p2b: Great Tusk|spd|1\n|faint|p1b: Iron Bundle\n|-end|p1b: Iron Bundle|Quark Drive|[silent]\n|move|p1a: Abomasnow|Blizzard|p2b: Great Tusk\n|-resisted|p2b: Great Tusk\n|-damage|p2b: Great Tusk|68\/100\n|\n|-weather|Snow|[upkeep]\n|upkeep\n|\n|t:|1682417426\n|switch|p1b: Arcanine|Arcanine, L50, M|100\/100\n|switch|p2a: Chien-Pao|Chien-Pao, L50|100\/100\n|-ability|p2a: Chien-Pao|Sword of Ruin\n|-ability|p1b: Arcanine|Intimidate|boost\n|-unboost|p2a: Chien-Pao|atk|1\n|-unboost|p2b: Great Tusk|atk|1\n|turn|2\n|inactive|Thicc Juicy Boi has 30 seconds left.\n|\n|t:|1682417453\n|-end|p2b: Great Tusk|Protosynthesis|[silent]\n|switch|p2b: Amoonguss|Amoonguss, L50, F|100\/100\n|-terastallize|p1b: Arcanine|Water\n|move|p2a: Chien-Pao|Sucker Punch|p1b: Arcanine\n|-damage|p1b: Arcanine|65\/100\n|move|p1b: Arcanine|Flare Blitz|p2b: Amoonguss\n|-supereffective|p2b: Amoonguss\n|-damage|p2b: Amoonguss|0 fnt\n|faint|p2b: Amoonguss\n|-damage|p1b: Arcanine|28\/100|[from] Recoil\n|move|p1a: Abomasnow|Aurora Veil|p1a: Abomasnow\n|-sidestart|p1: Thicc Juicy Boi|move: Aurora Veil\n|\n|-weather|Snow|[upkeep]\n|upkeep\n|\n|t:|1682417462\n|switch|p2b: Great Tusk|Great Tusk, L50, tera:Steel|68\/100\n|turn|3\n|\n|t:|1682417478\n|move|p2a: Chien-Pao|Sucker Punch|p1b: Arcanine\n|-damage|p1b: Arcanine|3\/100\n|move|p1b: Arcanine|Flare Blitz|p2b: Great Tusk\n|-supereffective|p2b: Great Tusk\n|-damage|p2b: Great Tusk|0 fnt\n|faint|p2b: Great Tusk\n|-end|p2b: Great Tusk|Protosynthesis|[silent]\n|-damage|p1b: Arcanine|0 fnt|[from] Recoil\n|faint|p1b: Arcanine\n|move|p1a: Abomasnow|Blizzard|p2a: Chien-Pao\n|-resisted|p2a: Chien-Pao\n|-damage|p2a: Chien-Pao|60\/100\n|\n|-weather|Snow|[upkeep]\n|upkeep\n|\n|t:|1682417493\n|switch|p1b: Amoonguss|Amoonguss, L50, M|100\/100\n|turn|4\n|\n|t:|1682417500\n|move|p2a: Chien-Pao|Ice Spinner|p1b: Amoonguss\n|-supereffective|p1b: Amoonguss\n|-damage|p1b: Amoonguss|56\/100\n|move|p1a: Abomasnow|Blizzard|p2a: Chien-Pao\n|-resisted|p2a: Chien-Pao\n|-damage|p2a: Chien-Pao|24\/100\n|move|p1b: Amoonguss|Spore|p2a: Chien-Pao\n|-status|p2a: Chien-Pao|slp|[from] move: Spore\n|\n|-weather|Snow|[upkeep]\n|upkeep\n|turn|5\n|\n|t:|1682417511\n|cant|p2a: Chien-Pao|slp\n|move|p1a: Abomasnow|Blizzard|p2a: Chien-Pao\n|-resisted|p2a: Chien-Pao\n|-damage|p2a: Chien-Pao|0 fnt\n|faint|p2a: Chien-Pao\n|\n|win|Thicc Juicy Boi\n|raw|Thicc Juicy Boi's rating: 1213 → 1233<\/strong> (+20 for winning)\n|raw|SumoVGC's rating: 1148 → 1128<\/strong> (-20 for losing)\n","uploadtime":1682417515,"views":11,"p1id":"thiccjuicyboi","p2id":"sumovgc","formatid":"gen9vgc2023regulationc","rating":1128,"private":0,"password":""}