{"id":"gen9vgc2023regulationc-1852772239","p1":"SilverrorT","p2":"Jbenn","format":"[Gen 9] VGC 2023 Regulation C","log":"|j|\u2606SilverrorT\n|j|\u2606Jbenn\n|t:|1682604999\n|gametype|doubles\n|player|p1|SilverrorT|1|1470\n|player|p2|Jbenn|steven|1422\n|teamsize|p1|6\n|teamsize|p2|6\n|gen|9\n|tier|[Gen 9] VGC 2023 Regulation C\n|rated|\n|rule|Species Clause: Limit one of each Pok\u00e9mon\n|rule|Item Clause: Limit one of each item\n|clearpoke\n|poke|p1|Flutter Mane, L50|\n|poke|p1|Palafin, L50, M|\n|poke|p1|Ting-Lu, L50|\n|poke|p1|Amoonguss, L50, M|\n|poke|p1|Arcanine, L50, M|\n|poke|p1|Dragapult, L50, F|\n|poke|p2|Roaring Moon, L50|\n|poke|p2|Great Tusk, L50|\n|poke|p2|Gholdengo, L50|\n|poke|p2|Hariyama, L50, F|\n|poke|p2|Mimikyu, L50, F|\n|poke|p2|Gyarados, L50, M|\n|teampreview|4\n|inactive|Battle timer is ON: inactive players will automatically lose when time's up. (requested by SilverrorT)\nSilverrorT rejected open team sheets.\n|\n|t:|1682605056\n|start\n|switch|p1a: Arcanine|Arcanine, L50, M|100\/100\n|switch|p1b: Palafin|Palafin, L50, M|100\/100\n|switch|p2a: Yokozuna|Hariyama, L50, F, shiny|100\/100\n|switch|p2b: 50 Cent|Gholdengo, L50|100\/100\n|-ability|p1a: Arcanine|Intimidate|boost\n|-unboost|p2a: Yokozuna|atk|1\n|-unboost|p2b: 50 Cent|atk|1\n|turn|1\n|inactive|Jbenn has 30 seconds left.\n|inactive|Jbenn has 20 seconds left.\n|\n|t:|1682605093\n|switch|p2b: Haku|Gyarados, L50, M, shiny|100\/100\n|-ability|p2b: Haku|Intimidate|boost\n|-unboost|p1a: Arcanine|atk|1\n|-unboost|p1b: Palafin|atk|1\n|move|p1b: Palafin|Protect|p1b: Palafin\n|-singleturn|p1b: Palafin|Protect\n|move|p1a: Arcanine|Protect|p1a: Arcanine\n|-singleturn|p1a: Arcanine|Protect\n|move|p2a: Yokozuna|Fake Out|p1a: Arcanine\n|-activate|p1a: Arcanine|move: Protect\n|\n|upkeep\n|turn|2\n|inactive|Jbenn has 30 seconds left.\n|\n|t:|1682605124\n|detailschange|p1b: Palafin|Palafin-Hero, L50, M\n|switch|p1b: Amoonguss|Amoonguss, L50, M|100\/100\n|-terastallize|p1a: Arcanine|Grass\n|move|p1a: Arcanine|Will-O-Wisp|p2a: Yokozuna\n|-status|p2a: Yokozuna|brn\n|move|p2b: Haku|Thunder Wave|p1b: Amoonguss\n|-status|p1b: Amoonguss|par\n|move|p2a: Yokozuna|Iron Head|p1b: Amoonguss\n|-damage|p1b: Amoonguss|94\/100 par\n|-damage|p2a: Yokozuna|84\/100 brn|[from] item: Rocky Helmet|[of] p1b: Amoonguss\n|\n|-damage|p2a: Yokozuna|78\/100 brn|[from] brn\n|upkeep\n|turn|3\n|inactive|Jbenn has 30 seconds left.\n|inactive|Jbenn has 20 seconds left.\n|inactive|Jbenn has 15 seconds left.\n|\n|t:|1682605164\n|switch|p2a: Smaug|Roaring Moon, L50|100\/100\n|-enditem|p2a: Smaug|Booster Energy\n|-activate|p2a: Smaug|ability: Protosynthesis|[fromitem]\n|-start|p2a: Smaug|protosynthesisspe\n|move|p2b: Haku|Protect|p2b: Haku\n|-singleturn|p2b: Haku|Protect\n|move|p1b: Amoonguss|Rage Powder|p1b: Amoonguss\n|-singleturn|p1b: Amoonguss|move: Rage Powder\n|move|p1a: Arcanine|Will-O-Wisp|p2b: Haku\n|-activate|p2b: Haku|move: Protect\n|\n|upkeep\n|turn|4\n|\n|t:|1682605185\n|-terastallize|p2b: Haku|Flying\n|move|p1b: Amoonguss|Rage Powder|p1b: Amoonguss\n|-singleturn|p1b: Amoonguss|move: Rage Powder\n|move|p2a: Smaug|Acrobatics|p1b: Amoonguss\n|-supereffective|p1b: Amoonguss\n|-damage|p1b: Amoonguss|30\/100 par\n|-damage|p2a: Smaug|84\/100|[from] item: Rocky Helmet|[of] p1b: Amoonguss\n|move|p1a: Arcanine|Will-O-Wisp|p2a: Smaug\n|-status|p2a: Smaug|brn\n|move|p2b: Haku|Tera Blast|p1b: Amoonguss\n|-supereffective|p1b: Amoonguss\n|-damage|p1b: Amoonguss|0 fnt\n|faint|p1b: Amoonguss\n|\n|-damage|p2a: Smaug|78\/100 brn|[from] brn\n|upkeep\n|\n|t:|1682605201\n|switch|p1b: Palafin|Palafin-Hero, L50, M|100\/100\n|-activate|p1b: Palafin|ability: Zero to Hero\n|turn|5\n|inactive|Jbenn has 30 seconds left.\n|\n|t:|1682605226\n|switch|p2b: Yokozuna|Hariyama, L50, F, shiny|78\/100 brn\n|move|p2a: Smaug|Protect|p2a: Smaug\n|-singleturn|p2a: Smaug|Protect\n|move|p1a: Arcanine|Protect|p1a: Arcanine\n|-singleturn|p1a: Arcanine|Protect\n|move|p1b: Palafin|Wave Crash|p2b: Yokozuna\n|-damage|p2b: Yokozuna|0 fnt\n|faint|p2b: Yokozuna\n|-damage|p1b: Palafin|68\/100|[from] Recoil\n|\n|-damage|p2a: Smaug|72\/100 brn|[from] brn\n|upkeep\n|\n|t:|1682605238\n|switch|p2b: Haku|Gyarados, L50, M, shiny, tera:Flying|100\/100\n|-ability|p2b: Haku|Intimidate|boost\n|-unboost|p1a: Arcanine|atk|1\n|-unboost|p1b: Palafin|atk|1\n|turn|6\n|\n|t:|1682605260\n|move|p2b: Haku|Protect|p2b: Haku\n|-singleturn|p2b: Haku|Protect\n|move|p2a: Smaug|Tailwind|p2a: Smaug\n|-sidestart|p2: Jbenn|move: Tailwind\n|move|p1b: Palafin|Haze|p1b: Palafin\n|-clearallboost\n|move|p1a: Arcanine|Will-O-Wisp|p2b: Haku\n|-activate|p2b: Haku|move: Protect\n|\n|-damage|p2a: Smaug|65\/100 brn|[from] brn\n|upkeep\n|turn|7\n|\n|t:|1682605282\n|move|p2a: Smaug|Acrobatics|p1b: Palafin\n|-damage|p1b: Palafin|50\/100\n|move|p2b: Haku|Tera Blast|p1b: Palafin\n|-damage|p1b: Palafin|0 fnt\n|faint|p1b: Palafin\n|move|p1a: Arcanine|Will-O-Wisp|p2b: Haku\n|-status|p2b: Haku|brn\n|-enditem|p2b: Haku|Lum Berry|[eat]\n|-curestatus|p2b: Haku|brn|[msg]\n|\n|-damage|p2a: Smaug|59\/100 brn|[from] brn\n|upkeep\n|\n|t:|1682605293\n|switch|p1b: Flutter Mane|Flutter Mane, L50|100\/100\n|turn|8\n|inactive|Jbenn has 30 seconds left.\n|\n|t:|1682605318\n|move|p2a: Smaug|Acrobatics|p1a: Arcanine\n|-supereffective|p1a: Arcanine\n|-damage|p1a: Arcanine|52\/100\n|move|p2b: Haku|Thunder Wave|p1b: Flutter Mane\n|-status|p1b: Flutter Mane|par\n|move|p1a: Arcanine|Flare Blitz|p2b: Haku\n|-damage|p2b: Haku|48\/100\n|-damage|p1a: Arcanine|34\/100|[from] Recoil\n|move|p1b: Flutter Mane|Thunderbolt|p2b: Haku\n|-supereffective|p2b: Haku\n|-damage|p2b: Haku|0 fnt\n|faint|p2b: Haku\n|\n|-damage|p2a: Smaug|53\/100 brn|[from] brn\n|upkeep\n|\n|t:|1682605330\n|switch|p2b: 50 Cent|Gholdengo, L50|100\/100\n|turn|9\n|inactive|Jbenn has 30 seconds left.\n|inactive|Jbenn has 20 seconds left.\n|\n|t:|1682605365\n|move|p2b: 50 Cent|Protect|p2b: 50 Cent\n|-singleturn|p2b: 50 Cent|Protect\n|move|p1a: Arcanine|Protect|p1a: Arcanine\n|-singleturn|p1a: Arcanine|Protect\n|move|p2a: Smaug|Acrobatics|p1a: Arcanine\n|-activate|p1a: Arcanine|move: Protect\n|move|p1b: Flutter Mane|Shadow Ball|p2b: 50 Cent\n|-activate|p2b: 50 Cent|move: Protect\n|\n|-damage|p2a: Smaug|47\/100 brn|[from] brn\n|-sideend|p2: Jbenn|move: Tailwind\n|upkeep\n|turn|10\n|\n|t:|1682605383\n|move|p2a: Smaug|Tailwind|p2a: Smaug\n|-sidestart|p2: Jbenn|move: Tailwind\n|move|p2b: 50 Cent|Make It Rain|p1a: Arcanine|[spread] p1a,p1b\n|-supereffective|p1b: Flutter Mane\n|-damage|p1a: Arcanine|0 fnt\n|-enditem|p1b: Flutter Mane|Focus Sash\n|-damage|p1b: Flutter Mane|1\/100 par\n|-unboost|p2b: 50 Cent|spa|1\n|faint|p1a: Arcanine\n|move|p1b: Flutter Mane|Dazzling Gleam|p2a: Smaug|[spread] p2a,p2b\n|-supereffective|p2a: Smaug\n|-resisted|p2b: 50 Cent\n|-damage|p2a: Smaug|0 fnt\n|-damage|p2b: 50 Cent|84\/100\n|faint|p2a: Smaug\n|-end|p2a: Smaug|Protosynthesis|[silent]\n|\n|-heal|p2b: 50 Cent|90\/100|[from] item: Leftovers\n|upkeep\n|turn|11\n|\n|t:|1682605397\n|move|p2b: 50 Cent|Make It Rain|p1b: Flutter Mane\n|-supereffective|p1b: Flutter Mane\n|-damage|p1b: Flutter Mane|0 fnt\n|-unboost|p2b: 50 Cent|spa|1\n|faint|p1b: Flutter Mane\n|-end|p1b: Flutter Mane|Protosynthesis|[silent]\n|\n|win|Jbenn\n|raw|SilverrorT's rating: 1470 → 1447<\/strong> (-23 for losing)\n|raw|Jbenn's rating: 1422 → 1445<\/strong> (+23 for winning)\n","uploadtime":1682605401,"views":10,"p1id":"silverrort","p2id":"jbenn","formatid":"gen9vgc2023regulationc","rating":1445,"private":0,"password":""}