{"id":"gen9vgc2023regulationc-1848708508","p1":"Enroclets","p2":"westleyfsm","format":"[Gen 9] VGC 2023 Regulation C","log":"|j|\u2606Enroclets\n|j|\u2606westleyfsm\n|t:|1682102720\n|gametype|doubles\n|player|p1|Enroclets|265|1000\n|player|p2|westleyfsm|265|1070\n|teamsize|p1|6\n|teamsize|p2|6\n|gen|9\n|tier|[Gen 9] VGC 2023 Regulation C\n|rated|\n|rule|Species Clause: Limit one of each Pok\u00e9mon\n|rule|Item Clause: Limit one of each item\n|clearpoke\n|poke|p1|Toxtricity, L50, F|\n|poke|p1|Palafin, L50, M|\n|poke|p1|Maushold, L50|\n|poke|p1|Great Tusk, L50|\n|poke|p1|Toedscruel, L50, F|\n|poke|p1|Flutter Mane, L50|\n|poke|p2|Salamence, L50, M|\n|poke|p2|Umbreon, L50, M|\n|poke|p2|Meowscarada, L50, M|\n|poke|p2|Goodra, L50, F|\n|poke|p2|Iron Valiant, L50|\n|poke|p2|Masquerain, L50, F|\n|teampreview|4\n|inactive|Battle timer is ON: inactive players will automatically lose when time's up. (requested by Enroclets)\n|inactive|westleyfsm has 60 seconds left.\n|\n|t:|1682102775\n|start\n|switch|p1a: CapiPutazo|Palafin, L50, M|100\/100\n|switch|p1b: Callampa|Toedscruel, L50, F|100\/100\n|switch|p2a: Masquerain|Masquerain, L50, F|100\/100\n|switch|p2b: Goodra|Goodra, L50, F|100\/100\n|-ability|p2a: Masquerain|Intimidate|boost\n|-unboost|p1a: CapiPutazo|atk|1\n|-unboost|p1b: Callampa|atk|1\n|turn|1\n|inactive|westleyfsm has 30 seconds left.\n|\n|t:|1682102803\n|-terastallize|p2b: Goodra|Water\n|move|p1a: CapiPutazo|Flip Turn|p2a: Masquerain\n|-damage|p2a: Masquerain|62\/100\n|-damage|p1a: CapiPutazo|91\/100|[from] item: Life Orb\n|\n|t:|1682102809\n|detailschange|p1a: CapiPutazo|Palafin-Hero, L50, M\n|switch|p1a: Flutter Mane|Flutter Mane, L50|100\/100|[from] Flip Turn\n|move|p2a: Masquerain|Air Slash|p1b: Callampa\n|-supereffective|p1b: Callampa\n|-damage|p1b: Callampa|58\/100\n|move|p2b: Goodra|Aqua Tail|p1b: Callampa|[miss]\n|-miss|p2b: Goodra|p1b: Callampa\n|move|p1b: Callampa|Spore|p2b: Goodra\n|-status|p2b: Goodra|slp|[from] move: Spore\n|\n|-heal|p1b: Callampa|64\/100|[from] item: Leftovers\n|upkeep\n|turn|2\n|\n|t:|1682102827\n|move|p1a: Flutter Mane|Icy Wind|p2a: Masquerain|[spread] p2a,p2b\n|-supereffective|p2a: Masquerain\n|-resisted|p2b: Goodra\n|-damage|p2a: Masquerain|12\/100\n|-damage|p2b: Goodra|97\/100 slp\n|-unboost|p2a: Masquerain|spe|1\n|-unboost|p2b: Goodra|spe|1\n|move|p2a: Masquerain|Tailwind|p2a: Masquerain\n|-sidestart|p2: westleyfsm|move: Tailwind\n|cant|p2b: Goodra|slp\n|move|p1b: Callampa|Leech Seed|p2b: Goodra\n|-start|p2b: Goodra|move: Leech Seed\n|\n|-heal|p1b: Callampa|69\/100|[from] item: Leftovers\n|-damage|p2b: Goodra|85\/100 slp|[from] Leech Seed|[of] p1b: Callampa\n|-heal|p1b: Callampa|82\/100|[silent]\n|upkeep\n|turn|3\n|inactive|westleyfsm has 30 seconds left.\n|\n|t:|1682102858\n|move|p1a: Flutter Mane|Icy Wind|p2b: Goodra|[spread] p2a,p2b\n|-supereffective|p2a: Masquerain\n|-resisted|p2b: Goodra\n|-damage|p2a: Masquerain|0 fnt\n|-damage|p2b: Goodra|82\/100 slp\n|-unboost|p2b: Goodra|spe|1\n|faint|p2a: Masquerain\n|move|p1b: Callampa|Energy Ball|p2b: Goodra\n|-ability|p2b: Goodra|Sap Sipper|boost\n|-boost|p2b: Goodra|atk|1\n|cant|p2b: Goodra|slp\n|\n|-heal|p1b: Callampa|88\/100|[from] item: Leftovers\n|-damage|p2b: Goodra|70\/100 slp|[from] Leech Seed|[of] p1b: Callampa\n|-heal|p1b: Callampa|100\/100|[silent]\n|upkeep\n|\n|t:|1682102867\n|switch|p2a: Meowscarada|Meowscarada, L50, M|100\/100\n|turn|4\n|\n|t:|1682102886\n|-end|p1a: Flutter Mane|Protosynthesis|[silent]\n|switch|p1a: CapiPutazo|Palafin-Hero, L50, M|91\/100\n|-activate|p1a: CapiPutazo|ability: Zero to Hero\n|move|p1b: Callampa|Rage Powder|p1b: Callampa\n|-singleturn|p1b: Callampa|move: Rage Powder\n|move|p2a: Meowscarada|Petal Blizzard|p1b: Callampa|[spread] p1a,p1b\n|-start|p2a: Meowscarada|typechange|Grass|[from] ability: Protean\n|-ability|p2b: Goodra|Sap Sipper|boost\n|-boost|p2b: Goodra|atk|1\n|-supereffective|p1a: CapiPutazo\n|-damage|p1a: CapiPutazo|0 fnt\n|-damage|p1b: Callampa|33\/100\n|faint|p1a: CapiPutazo\n|cant|p2b: Goodra|slp\n|\n|-heal|p1b: Callampa|38\/100|[from] item: Leftovers\n|-damage|p2b: Goodra|58\/100 slp|[from] Leech Seed|[of] p1b: Callampa\n|-heal|p1b: Callampa|51\/100|[silent]\n|upkeep\n|\n|t:|1682102905\n|switch|p1a: Flutter Mane|Flutter Mane, L50|100\/100\n|turn|5\n|\n|t:|1682102923\n|move|p1b: Callampa|Rage Powder|p1b: Callampa\n|-singleturn|p1b: Callampa|move: Rage Powder\n|move|p2a: Meowscarada|Petal Blizzard|p1a: Flutter Mane|[spread] p1a,p1b\n|-ability|p2b: Goodra|Sap Sipper|boost\n|-boost|p2b: Goodra|atk|1\n|-damage|p1a: Flutter Mane|0 fnt\n|-damage|p1b: Callampa|0 fnt\n|faint|p1a: Flutter Mane\n|-end|p1a: Flutter Mane|Protosynthesis|[silent]\n|faint|p1b: Callampa\n|-curestatus|p2b: Goodra|slp|[msg]\n|move|p2b: Goodra|Aqua Tail|p1: Flutter Mane|[notarget]\n|-fail|p2b: Goodra\n|\n|-sideend|p2: westleyfsm|move: Tailwind\n|upkeep\n|\n|t:|1682102938\n|switch|p1b: Great Tusk|Great Tusk, L50|100\/100\n|-enditem|p1b: Great Tusk|Booster Energy\n|-activate|p1b: Great Tusk|ability: Protosynthesis|[fromitem]\n|-start|p1b: Great Tusk|protosynthesisatk\n|turn|6\n|\n|t:|1682102949\n|-terastallize|p1b: Great Tusk|Ground\n|move|p2a: Meowscarada|Petal Blizzard|p1b: Great Tusk|[spread] p1b\n|-ability|p2b: Goodra|Sap Sipper|boost\n|-boost|p2b: Goodra|atk|1\n|-supereffective|p1b: Great Tusk\n|-damage|p1b: Great Tusk|46\/100\n|move|p1b: Great Tusk|Knock Off|p2a: Meowscarada\n|-damage|p2a: Meowscarada|24\/100\n|-enditem|p2a: Meowscarada|Choice Band|[from] move: Knock Off|[of] p1b: Great Tusk\n|move|p2b: Goodra|Aqua Tail|p1b: Great Tusk\n|-supereffective|p1b: Great Tusk\n|-damage|p1b: Great Tusk|0 fnt\n|faint|p1b: Great Tusk\n|-end|p1b: Great Tusk|Protosynthesis|[silent]\n|\n|win|westleyfsm\n|raw|Enroclets's rating: 1000 → 1000<\/strong> (+0 for losing)\n|raw|westleyfsm's rating: 1070 → 1094<\/strong> (+24 for winning)\n|l|\u2606Enroclets\n","uploadtime":1682102973,"views":12,"p1id":"enroclets","p2id":"westleyfsm","formatid":"gen9vgc2023regulationc","rating":1000,"private":0,"password":""}