{"id":"gen9vgc2023regulationc-1860995889","p1":"Vasy98ita","p2":"Chaddyfootball","format":"[Gen 9] VGC 2023 Regulation C","log":"|j|\u2606Vasy98ita\n|j|\u2606Chaddyfootball\n|t:|1683710839\n|gametype|doubles\n|player|p1|Vasy98ita|266|1125\n|player|p2|Chaddyfootball|red|1090\n|teamsize|p1|6\n|teamsize|p2|6\n|gen|9\n|tier|[Gen 9] VGC 2023 Regulation C\n|rated|\n|rule|Species Clause: Limit one of each Pok\u00e9mon\n|rule|Item Clause: Limit one of each item\n|clearpoke\n|poke|p1|Amoonguss, L50, F|\n|poke|p1|Arcanine, L50, F|\n|poke|p1|Flutter Mane, L50|\n|poke|p1|Chi-Yu, L50|\n|poke|p1|Iron Hands, L50|\n|poke|p1|Palafin, L50, M|\n|poke|p2|Dragonite, L50, M|\n|poke|p2|Gholdengo, L50|\n|poke|p2|Sylveon, L50, F|\n|poke|p2|Arcanine, L50, M|\n|poke|p2|Amoonguss, L50, M|\n|poke|p2|Palafin, L50, F|\n|teampreview|4\n|\n|t:|1683710914\n|start\n|switch|p1a: Amoonguss|Amoonguss, L50, F|100\/100\n|switch|p1b: Arcanine|Arcanine, L50, F|100\/100\n|switch|p2a: Dragonite|Dragonite, L50, M|100\/100\n|switch|p2b: Palafin|Palafin, L50, F|100\/100\n|-ability|p1b: Arcanine|Intimidate|boost\n|-fail|p2a: Dragonite|unboost|Attack|[from] ability: Inner Focus|[of] p2a: Dragonite\n|-unboost|p2b: Palafin|atk|1\n|turn|1\n|inactive|Battle timer is ON: inactive players will automatically lose when time's up. (requested by Vasy98ita)\n|\n|t:|1683710940\n|-terastallize|p2b: Palafin|Water\n|move|p2a: Dragonite|Extreme Speed|p1b: Arcanine\n|-damage|p1b: Arcanine|55\/100\n|move|p2b: Palafin|Jet Punch|p1b: Arcanine\n|-supereffective|p1b: Arcanine\n|-damage|p1b: Arcanine|7\/100\n|move|p1b: Arcanine|Will-O-Wisp|p2a: Dragonite\n|-status|p2a: Dragonite|brn\n|move|p1a: Amoonguss|Spore|p2b: Palafin\n|-status|p2b: Palafin|slp|[from] move: Spore\n|\n|-damage|p2a: Dragonite|94\/100 brn|[from] brn\n|upkeep\n|turn|2\n|inactive|Vasy98ita has 30 seconds left.\n|inactive|Chaddyfootball has 30 seconds left.\n|inactive|Chaddyfootball has 20 seconds left.\n|inactive|Chaddyfootball has 15 seconds left.\n|\n|t:|1683710984\n|switch|p1b: Flutter Mane|Flutter Mane, L50|100\/100\n|-enditem|p1b: Flutter Mane|Booster Energy\n|-activate|p1b: Flutter Mane|ability: Protosynthesis|[fromitem]\n|-start|p1b: Flutter Mane|protosynthesisspe\n|detailschange|p2b: Palafin|Palafin-Hero, L50, F, tera:Water\n|switch|p2b: Gholdengo|Gholdengo, L50|100\/100\n|move|p2a: Dragonite|Extreme Speed|p1b: Flutter Mane\n|-immune|p1b: Flutter Mane\n|move|p1a: Amoonguss|Spore|p2b: Gholdengo\n|-immune|p2b: Gholdengo|[from] ability: Good as Gold\n|\n|-damage|p2a: Dragonite|88\/100 brn|[from] brn\n|upkeep\n|turn|3\n|inactive|Chaddyfootball has 30 seconds left.\n|inactive|Chaddyfootball has 20 seconds left.\n|inactive|Chaddyfootball has 15 seconds left.\n|inactive|Chaddyfootball has 10 seconds left.\n|inactive|Chaddyfootball has 5 seconds left.\n|\n|t:|1683711039\n|-terastallize|p1b: Flutter Mane|Water\n|move|p2a: Dragonite|Extreme Speed|p1a: Amoonguss\n|-damage|p1a: Amoonguss|86\/100\n|move|p1b: Flutter Mane|Shadow Ball|p2b: Gholdengo\n|-supereffective|p2b: Gholdengo\n|-damage|p2b: Gholdengo|14\/100\n|move|p2b: Gholdengo|Make It Rain|p1b: Flutter Mane|[spread] p1a,p1b\n|-resisted|p1b: Flutter Mane\n|-damage|p1a: Amoonguss|45\/100\n|-damage|p1b: Flutter Mane|75\/100\n|-unboost|p2b: Gholdengo|spa|1\n|-enditem|p1a: Amoonguss|Sitrus Berry|[eat]\n|-heal|p1a: Amoonguss|70\/100|[from] item: Sitrus Berry\n|move|p1a: Amoonguss|Pollen Puff|p1b: Flutter Mane\n|-heal|p1b: Flutter Mane|100\/100\n|\n|-damage|p2a: Dragonite|82\/100 brn|[from] brn\n|upkeep\n|turn|4\n|inactive|Vasy98ita has 30 seconds left.\n|inactive|Chaddyfootball has 30 seconds left.\n|\n|t:|1683711068\n|switch|p2b: Sylveon|Sylveon, L50, F|100\/100\n|move|p1a: Amoonguss|Rage Powder|p1a: Amoonguss\n|-singleturn|p1a: Amoonguss|move: Rage Powder\n|move|p1b: Flutter Mane|Dazzling Gleam|p2a: Dragonite|[spread] p2a,p2b\n|-supereffective|p2a: Dragonite\n|-damage|p2a: Dragonite|27\/100 brn\n|-damage|p2b: Sylveon|78\/100\n|move|p2a: Dragonite|Tailwind|p2a: Dragonite\n|-sidestart|p2: Chaddyfootball|move: Tailwind\n|\n|-damage|p2a: Dragonite|21\/100 brn|[from] brn\n|upkeep\n|turn|5\n|inactive|Chaddyfootball has 30 seconds left.\n|\n|t:|1683711096\n|move|p1b: Flutter Mane|Protect|p1b: Flutter Mane\n|-singleturn|p1b: Flutter Mane|Protect\n|move|p2a: Dragonite|Tera Blast|p1a: Amoonguss\n|-damage|p1a: Amoonguss|53\/100\n|move|p2b: Sylveon|Yawn|p1b: Flutter Mane\n|-activate|p1b: Flutter Mane|move: Protect\n|move|p1a: Amoonguss|Spore|p2b: Sylveon\n|-status|p2b: Sylveon|slp|[from] move: Spore\n|\n|-damage|p2a: Dragonite|15\/100 brn|[from] brn\n|upkeep\n|turn|6\n|inactive|Chaddyfootball has 30 seconds left.\n|\n|t:|1683711121\n|switch|p1a: Iron Hands|Iron Hands, L50|100\/100\n|move|p2a: Dragonite|Extreme Speed|p1a: Iron Hands\n|-damage|p1a: Iron Hands|88\/100\n|move|p1b: Flutter Mane|Dazzling Gleam|p2b: Sylveon|[spread] p2a,p2b\n|-supereffective|p2a: Dragonite\n|-damage|p2a: Dragonite|0 fnt\n|-damage|p2b: Sylveon|53\/100 slp\n|faint|p2a: Dragonite\n|cant|p2b: Sylveon|slp\n|\n|upkeep\n|\n|t:|1683711136\n|switch|p2a: Gholdengo|Gholdengo, L50|14\/100\n|turn|7\n|inactive|Vasy98ita has 30 seconds left.\n|\n|t:|1683711162\n|move|p1a: Iron Hands|Fake Out|p2b: Sylveon\n|-damage|p2b: Sylveon|32\/100 slp\n|move|p1b: Flutter Mane|Shadow Ball|p2a: Gholdengo\n|-supereffective|p2a: Gholdengo\n|-damage|p2a: Gholdengo|0 fnt\n|faint|p2a: Gholdengo\n|cant|p2b: Sylveon|slp\n|\n|-sideend|p2: Chaddyfootball|move: Tailwind\n|upkeep\n|-message|Chaddyfootball forfeited.\n|\n|win|Vasy98ita\n|raw|Vasy98ita's rating: 1125 → 1147<\/strong> (+22 for winning)\n|raw|Chaddyfootball's rating: 1090 → 1069<\/strong> (-21 for losing)\n|c|\u2606Vasy98ita|Gg\n","uploadtime":1683711187,"views":13,"p1id":"vasy98ita","p2id":"chaddyfootball","formatid":"gen9vgc2023regulationc","rating":1069,"private":0,"password":""}