{"id":"gen9vgc2023regulationc-1844988034","p1":"Aydsss","p2":"CJCUTest","format":"[Gen 9] VGC 2023 Regulation C","log":"|j|\u2606Aydsss\n|j|\u2606CJCUTest\n|t:|1681671334\n|gametype|doubles\n|player|p1|Aydsss|102|1053\n|player|p2|CJCUTest|iono|1135\n|teamsize|p1|6\n|teamsize|p2|6\n|gen|9\n|tier|[Gen 9] VGC 2023 Regulation C\n|rated|\n|rule|Species Clause: Limit one of each Pok\u00e9mon\n|rule|Item Clause: Limit one of each item\n|clearpoke\n|poke|p1|Dragonite, L50, F|\n|poke|p1|Amoonguss, L50, M|\n|poke|p1|Grimmsnarl, L50, M|\n|poke|p1|Tauros-Paldea-Aqua, L50, M|\n|poke|p1|Orthworm, L50, F|\n|poke|p1|Ting-Lu, L50|\n|poke|p2|Dragonite, L50, F|\n|poke|p2|Chi-Yu, L50|\n|poke|p2|Palafin, L50, M|\n|poke|p2|Amoonguss, L50, F|\n|poke|p2|Flutter Mane, L50|\n|poke|p2|Arcanine, L50, M|\n|teampreview|4\n|\n|t:|1681671367\n|start\n|switch|p1a: Tauros|Tauros-Paldea-Aqua, L50, M|100\/100\n|switch|p1b: Orthworm|Orthworm, L50, F, shiny|100\/100\n|switch|p2a: Chi-Yu|Chi-Yu, L50|100\/100\n|switch|p2b: Flutter Mane|Flutter Mane, L50|100\/100\n|-ability|p1a: Tauros|Intimidate|boost\n|-unboost|p2a: Chi-Yu|atk|1\n|-unboost|p2b: Flutter Mane|atk|1\n|-ability|p2a: Chi-Yu|Beads of Ruin\n|turn|1\n|\n|t:|1681671391\n|move|p1a: Tauros|Close Combat|p2a: Chi-Yu\n|-supereffective|p2a: Chi-Yu\n|-enditem|p2a: Chi-Yu|Focus Sash\n|-damage|p2a: Chi-Yu|1\/100\n|-unboost|p1a: Tauros|def|1\n|-unboost|p1a: Tauros|spd|1\n|move|p2b: Flutter Mane|Dazzling Gleam|p1a: Tauros|[spread] p1a,p1b\n|-supereffective|p1a: Tauros\n|-resisted|p1b: Orthworm\n|-damage|p1a: Tauros|0 fnt\n|-damage|p1b: Orthworm|53\/100\n|faint|p1a: Tauros\n|move|p2a: Chi-Yu|Overheat|p1b: Orthworm\n|-supereffective|p1b: Orthworm\n|-damage|p1b: Orthworm|0 fnt\n|-unboost|p2a: Chi-Yu|spa|2\n|faint|p1b: Orthworm\n|\n|upkeep\n|\n|t:|1681671407\n|switch|p1a: Dragonite|Dragonite, L50, F|100\/100\n|switch|p1b: Ting-Lu|Ting-Lu, L50|100\/100\n|-ability|p1b: Ting-Lu|Vessel of Ruin\n|turn|2\n|\n|t:|1681671416\n|-terastallize|p2b: Flutter Mane|Fairy\n|move|p2a: Chi-Yu|Protect|p2a: Chi-Yu\n|-singleturn|p2a: Chi-Yu|Protect\n|move|p1a: Dragonite|Protect|p1a: Dragonite\n|-singleturn|p1a: Dragonite|Protect\n|move|p2b: Flutter Mane|Dazzling Gleam|p1a: Dragonite|[spread] p1b\n|-activate|p1a: Dragonite|move: Protect\n|-supereffective|p1b: Ting-Lu\n|-damage|p1b: Ting-Lu|40\/100\n|move|p1b: Ting-Lu|Earthquake|p2a: Chi-Yu|[spread] p2b\n|-activate|p1a: Dragonite|move: Protect\n|-activate|p2a: Chi-Yu|move: Protect\n|-damage|p2b: Flutter Mane|38\/100\n|\n|upkeep\n|turn|3\n|inactive|Battle timer is ON: inactive players will automatically lose when time's up. (requested by CJCUTest)\n|inactive|Aydsss has 60 seconds left.\n|\n|t:|1681671501\n|-end|p2b: Flutter Mane|Protosynthesis|[silent]\n|switch|p2b: Amoonguss|Amoonguss, L50, F|100\/100\n|-terastallize|p1b: Ting-Lu|Grass\n|move|p2a: Chi-Yu|Dark Pulse|p1a: Dragonite\n|-damage|p1a: Dragonite|88\/100\n|move|p1a: Dragonite|Fire Blast|p2a: Chi-Yu\n|-resisted|p2a: Chi-Yu\n|-damage|p2a: Chi-Yu|0 fnt\n|faint|p2a: Chi-Yu\n|move|p1b: Ting-Lu|Earthquake|p2b: Amoonguss|[spread] p2b\n|-immune|p1a: Dragonite\n|-damage|p2b: Amoonguss|73\/100\n|\n|upkeep\n|\n|t:|1681671514\n|switch|p2a: Flutter Mane|Flutter Mane, L50, tera:Fairy|38\/100\n|turn|4\n|\n|t:|1681671522\n|move|p1a: Dragonite|Protect|p1a: Dragonite\n|-singleturn|p1a: Dragonite|Protect\n|move|p2b: Amoonguss|Rage Powder|p2b: Amoonguss\n|-singleturn|p2b: Amoonguss|move: Rage Powder\n|move|p2a: Flutter Mane|Dazzling Gleam|p1a: Dragonite|[spread] p1b\n|-activate|p1a: Dragonite|move: Protect\n|-damage|p1b: Ting-Lu|18\/100\n|move|p1b: Ting-Lu|Earthquake|p2a: Flutter Mane|[spread] p2a,p2b\n|-activate|p1a: Dragonite|move: Protect\n|-damage|p2a: Flutter Mane|0 fnt\n|-damage|p2b: Amoonguss|43\/100\n|-enditem|p2b: Amoonguss|Sitrus Berry|[eat]\n|-heal|p2b: Amoonguss|68\/100|[from] item: Sitrus Berry\n|faint|p2a: Flutter Mane\n|-end|p2a: Flutter Mane|Protosynthesis|[silent]\n|\n|upkeep\n|\n|t:|1681671536\n|switch|p2a: Dragonite|Dragonite, L50, F|100\/100\n|turn|5\n|inactive|Aydsss has 30 seconds left.\n|\n|t:|1681671562\n|move|p1a: Dragonite|Fire Blast|p2b: Amoonguss\n|-supereffective|p2b: Amoonguss\n|-damage|p2b: Amoonguss|25\/100\n|move|p2a: Dragonite|Rock Slide|p1a: Dragonite|[spread] p1a,p1b\n|-supereffective|p1a: Dragonite\n|-damage|p1a: Dragonite|41\/100\n|-damage|p1b: Ting-Lu|6\/100\n|move|p1b: Ting-Lu|Ruination|p2a: Dragonite\n|-damage|p2a: Dragonite|51\/100\n|move|p2b: Amoonguss|Pollen Puff|p1b: Ting-Lu\n|-supereffective|p1b: Ting-Lu\n|-damage|p1b: Ting-Lu|0 fnt\n|faint|p1b: Ting-Lu\n|\n|upkeep\n|turn|6\n|inactive|CJCUTest has 30 seconds left.\n|inactive|Aydsss has 30 seconds left.\n|\n|t:|1681671602\n|move|p2b: Amoonguss|Protect|p2b: Amoonguss\n|-singleturn|p2b: Amoonguss|Protect\n|move|p1a: Dragonite|Draco Meteor|p2a: Dragonite\n|-supereffective|p2a: Dragonite\n|-damage|p2a: Dragonite|0 fnt\n|-unboost|p1a: Dragonite|spa|2\n|faint|p2a: Dragonite\n|\n|upkeep\n|turn|7\n|\n|t:|1681671616\n|move|p1a: Dragonite|Fire Blast|p2b: Amoonguss\n|-supereffective|p2b: Amoonguss\n|-crit|p2b: Amoonguss\n|-damage|p2b: Amoonguss|0 fnt\n|faint|p2b: Amoonguss\n|\n|win|Aydsss\n|raw|Aydsss's rating: 1053 → 1092<\/strong> (+39 for winning)\n|raw|CJCUTest's rating: 1135 → 1104<\/strong> (-31 for losing)\n|l|\u2606Aydsss\n","uploadtime":1681671627,"views":6,"p1id":"aydsss","p2id":"cjcutest","formatid":"gen9vgc2023regulationc","rating":1092,"private":0,"password":""}