{"id":"gen9vgc2023regulationc-1860392754","p1":"valhala alfa","p2":"Hanou143","format":"[Gen 9] VGC 2023 Regulation C","log":"|j|\u2606valhala alfa\n|j|\u2606Hanou143\n|t:|1683640184\n|gametype|doubles\n|player|p1|valhala alfa|169|1389\n|player|p2|Hanou143|1|1374\n|teamsize|p1|6\n|teamsize|p2|6\n|gen|9\n|tier|[Gen 9] VGC 2023 Regulation C\n|rated|\n|rule|Species Clause: Limit one of each Pok\u00e9mon\n|rule|Item Clause: Limit one of each item\n|clearpoke\n|poke|p1|Cyclizar, L50, M|\n|poke|p1|Bisharp, L50, M|\n|poke|p1|Iron Hands, L50|\n|poke|p1|Dragonite, L50, F|\n|poke|p1|Iron Moth, L50|\n|poke|p1|Avalugg, L50, M|\n|poke|p2|Jumpluff, L50, M|\n|poke|p2|Torkoal, L50, F|\n|poke|p2|Flutter Mane, L50|\n|poke|p2|Chien-Pao, L50|\n|poke|p2|Great Tusk, L50|\n|poke|p2|Kingambit, L50, M|\n|teampreview|4\n|inactive|Battle timer is ON: inactive players will automatically lose when time's up. (requested by valhala alfa)\nvalhala alfa rejected open team sheets.\n|inactive|valhala alfa has 60 seconds left.\n|\n|t:|1683640220\n|start\n|switch|p1a: Cyclizar|Cyclizar, L50, M|100\/100\n|switch|p1b: Iron Hands|Iron Hands, L50|100\/100\n|switch|p2a: Torkoal|Torkoal, L50, F|100\/100\n|switch|p2b: Jumpluff|Jumpluff, L50, M|100\/100\n|-weather|SunnyDay|[from] ability: Drought|[of] p2a: Torkoal\n|turn|1\n|\n|t:|1683640238\n|move|p1b: Iron Hands|Fake Out|p2b: Jumpluff\n|-damage|p2b: Jumpluff|74\/100\n|move|p2b: Jumpluff|Tailwind|p2b: Jumpluff\n|-sidestart|p2: Hanou143|move: Tailwind\n|move|p1a: Cyclizar|Shed Tail|p1a: Cyclizar\n|-start|p1a: Cyclizar|Substitute|[from] move: Shed Tail\n|-damage|p1a: Cyclizar|50\/100\n|\n|t:|1683640248\n|switch|p1a: Dragonite|Dragonite, L50, F|100\/100|[from] Shed Tail\n|move|p2a: Torkoal|Overheat|p1a: Dragonite\n|-resisted|p1a: Dragonite\n|-end|p1a: Dragonite|Substitute\n|-unboost|p2a: Torkoal|spa|2\n|-enditem|p2a: Torkoal|Eject Pack\n|\n|t:|1683640261\n|switch|p2a: Flutter Mane|Flutter Mane, L50|100\/100\n|-activate|p2a: Flutter Mane|ability: Protosynthesis\n|-start|p2a: Flutter Mane|protosynthesisspa\n|\n|-weather|SunnyDay|[upkeep]\n|upkeep\n|turn|2\n|\n|t:|1683640277\n|-terastallize|p1a: Dragonite|Normal\n|move|p1a: Dragonite|Extreme Speed|p2b: Jumpluff\n|-damage|p2b: Jumpluff|6\/100\n|move|p2b: Jumpluff|Encore|p1b: Iron Hands\n|-start|p1b: Iron Hands|Encore\n|move|p2a: Flutter Mane|Dazzling Gleam|p1b: Iron Hands|[spread] p1a,p1b\n|-supereffective|p1b: Iron Hands\n|-damage|p1a: Dragonite|70\/100\n|-damage|p1b: Iron Hands|29\/100\n|move|p1b: Iron Hands|Fake Out||[still]\n|-hint|Fake Out only works on your first turn out.\n|-fail|p1b: Iron Hands\n|\n|-weather|SunnyDay|[upkeep]\n|upkeep\n|turn|3\n|\n|t:|1683640296\n|switch|p2b: Great Tusk|Great Tusk, L50|100\/100\n|-activate|p2b: Great Tusk|ability: Protosynthesis\n|-start|p2b: Great Tusk|protosynthesisatk\n|-end|p1b: Iron Hands|Quark Drive|[silent]\n|switch|p1b: Iron Moth|Iron Moth, L50|100\/100\n|-enditem|p1b: Iron Moth|Booster Energy\n|-activate|p1b: Iron Moth|ability: Quark Drive|[fromitem]\n|-start|p1b: Iron Moth|quarkdrivespe\n|move|p2a: Flutter Mane|Dazzling Gleam|p1b: Iron Moth|[spread] p1a,p1b\n|-resisted|p1b: Iron Moth\n|-damage|p1a: Dragonite|11\/100\n|-damage|p1b: Iron Moth|84\/100\n|move|p1a: Dragonite|Iron Head|p2a: Flutter Mane\n|-supereffective|p2a: Flutter Mane\n|-damage|p2a: Flutter Mane|0 fnt\n|faint|p2a: Flutter Mane\n|-end|p2a: Flutter Mane|Protosynthesis|[silent]\n|\n|-weather|SunnyDay|[upkeep]\n|upkeep\n|\n|t:|1683640312\n|switch|p2a: Torkoal|Torkoal, L50, F|100\/100\n|turn|4\n|inactive|valhala alfa has 30 seconds left.\n|inactive|Hanou143 has 30 seconds left.\n|\n|t:|1683640346\n|-terastallize|p2a: Torkoal|Flying\n|move|p2a: Torkoal|Helping Hand|p2b: Great Tusk\n|-singleturn|p2b: Great Tusk|Helping Hand|[of] p2a: Torkoal\n|move|p1a: Dragonite|Extreme Speed|p2b: Great Tusk\n|-damage|p2b: Great Tusk|64\/100\n|move|p2b: Great Tusk|Earthquake|p1b: Iron Moth|[spread] p1a,p1b\n|-immune|p2a: Torkoal\n|-supereffective|p1b: Iron Moth\n|-damage|p1a: Dragonite|0 fnt\n|-damage|p1b: Iron Moth|0 fnt\n|faint|p1a: Dragonite\n|faint|p1b: Iron Moth\n|-end|p1b: Iron Moth|Quark Drive|[silent]\n|\n|-weather|SunnyDay|[upkeep]\n|-sideend|p2: Hanou143|move: Tailwind\n|upkeep\n|\n|t:|1683640359\n|switch|p1b: Iron Hands|Iron Hands, L50|29\/100\n|switch|p1a: Cyclizar|Cyclizar, L50, M|83\/100\n|turn|5\n|\n|t:|1683640370\n|move|p1b: Iron Hands|Fake Out|p2b: Great Tusk\n|-damage|p2b: Great Tusk|53\/100\n|move|p1a: Cyclizar|Hyper Voice|p2b: Great Tusk|[spread] p2a,p2b\n|-damage|p2a: Torkoal|71\/100\n|-damage|p2b: Great Tusk|9\/100\n|cant|p2b: Great Tusk|flinch\n|move|p2a: Torkoal|Overheat|p1b: Iron Hands\n|-damage|p1b: Iron Hands|0 fnt\n|-unboost|p2a: Torkoal|spa|2\n|faint|p1b: Iron Hands\n|-end|p1b: Iron Hands|Quark Drive|[silent]\n|\n|-weather|none\n|-end|p2b: Great Tusk|Protosynthesis\n|upkeep\n|turn|6\n|\n|t:|1683640384\n|move|p2a: Torkoal|Helping Hand|p2b: Great Tusk\n|-singleturn|p2b: Great Tusk|Helping Hand|[of] p2a: Torkoal\n|move|p1a: Cyclizar|Hyper Voice|p2a: Torkoal|[spread] p2a,p2b\n|-damage|p2a: Torkoal|40\/100\n|-damage|p2b: Great Tusk|0 fnt\n|faint|p2b: Great Tusk\n|-end|p2b: Great Tusk|Protosynthesis|[silent]\n|\n|upkeep\n|\n|t:|1683640391\n|switch|p2b: Jumpluff|Jumpluff, L50, M|6\/100\n|turn|7\n|\n|t:|1683640406\n|move|p1a: Cyclizar|Hyper Voice|p2b: Jumpluff|[spread] p2a,p2b\n|-damage|p2a: Torkoal|7\/100\n|-damage|p2b: Jumpluff|0 fnt\n|faint|p2b: Jumpluff\n|move|p2a: Torkoal|Overheat|p1a: Cyclizar\n|-resisted|p1a: Cyclizar\n|-damage|p1a: Cyclizar|58\/100\n|-unboost|p2a: Torkoal|spa|2\n|\n|upkeep\n|turn|8\n|-message|Hanou143 forfeited.\n|\n|win|valhala alfa\n|raw|valhala alfa's rating: 1389 → 1408<\/strong> (+19 for winning)\n|raw|Hanou143's rating: 1374 → 1355<\/strong> (-19 for losing)\n|l|\u2606Hanou143\n|c|\u2606valhala alfa|bike wins\n","uploadtime":1683640419,"views":8,"p1id":"valhalaalfa","p2id":"hanou143","formatid":"gen9vgc2023regulationc","rating":1355,"private":0,"password":""}