{"id":"gen9vgc2023regulationc-1851454325","p1":"SpikeMike","p2":"Samzeon","format":"[Gen 9] VGC 2023 Regulation C","log":"|j|\u2606SpikeMike\n|j|\u2606Samzeon\n|t:|1682446451\n|gametype|doubles\n|player|p1|SpikeMike|giacomo|1073\n|player|p2|Samzeon|steven|1000\n|teamsize|p1|6\n|teamsize|p2|6\n|gen|9\n|tier|[Gen 9] VGC 2023 Regulation C\n|rated|\n|rule|Species Clause: Limit one of each Pok\u00e9mon\n|rule|Item Clause: Limit one of each item\n|clearpoke\n|poke|p1|Grafaiai, L50, F|\n|poke|p1|Slaking, L50, F|\n|poke|p1|Dragonite, L50, M|\n|poke|p1|Chien-Pao, L50|\n|poke|p1|Iron Hands, L50|\n|poke|p1|Amoonguss, L50, M|\n|poke|p2|Bellibolt, L50, M|\n|poke|p2|Wo-Chien, L50|\n|poke|p2|Flutter Mane, L50|\n|poke|p2|Glimmora, L50, M|\n|poke|p2|Chi-Yu, L50|\n|poke|p2|Amoonguss, L50, M|\n|teampreview|4\n|inactive|Battle timer is ON: inactive players will automatically lose when time's up. (requested by SpikeMike)\n|\n|t:|1682446468\n|start\n|switch|p1a: Bruno Mars|Dragonite, L50, M|100\/100\n|switch|p1b: Charlie Puth|Chien-Pao, L50|100\/100\n|switch|p2a: Wo-Chien|Wo-Chien, L50|100\/100\n|switch|p2b: Amoonguss|Amoonguss, L50, M|100\/100\n|-ability|p1b: Charlie Puth|Sword of Ruin\n|-ability|p2a: Wo-Chien|Tablets of Ruin\n|turn|1\n|\n|t:|1682446482\n|move|p2b: Amoonguss|Rage Powder|p2b: Amoonguss\n|-singleturn|p2b: Amoonguss|move: Rage Powder\n|move|p1b: Charlie Puth|Ice Spinner|p2b: Amoonguss\n|-supereffective|p2b: Amoonguss\n|-damage|p2b: Amoonguss|10\/100\n|-enditem|p2b: Amoonguss|Sitrus Berry|[eat]\n|-heal|p2b: Amoonguss|35\/100|[from] item: Sitrus Berry\n|move|p1a: Bruno Mars|Fire Punch|p2b: Amoonguss\n|-supereffective|p2b: Amoonguss\n|-damage|p2b: Amoonguss|0 fnt\n|faint|p2b: Amoonguss\n|move|p2a: Wo-Chien|Leech Seed|p1b: Charlie Puth\n|-start|p1b: Charlie Puth|move: Leech Seed\n|\n|-damage|p1b: Charlie Puth|88\/100|[from] Leech Seed|[of] p2a: Wo-Chien\n|upkeep\n|\n|t:|1682446501\n|switch|p2b: Bellibolt|Bellibolt, L50, M|100\/100\n|turn|2\n|\n|t:|1682446515\n|-terastallize|p1a: Bruno Mars|Normal\n|-terastallize|p2b: Bellibolt|Water\n|move|p2a: Wo-Chien|Protect|p2a: Wo-Chien\n|-singleturn|p2a: Wo-Chien|Protect\n|move|p1a: Bruno Mars|Extreme Speed|p2a: Wo-Chien\n|-activate|p2a: Wo-Chien|move: Protect\n|move|p1b: Charlie Puth|Ice Spinner|p2a: Wo-Chien\n|-activate|p2a: Wo-Chien|move: Protect\n|move|p2b: Bellibolt|Thunderbolt|p1a: Bruno Mars\n|-damage|p1a: Bruno Mars|69\/100\n|\n|-damage|p1b: Charlie Puth|76\/100|[from] Leech Seed|[of] p2a: Wo-Chien\n|upkeep\n|turn|3\n|c|\u2606SpikeMike|trolled lol\n|\n|t:|1682446534\n|move|p1a: Bruno Mars|Extreme Speed|p2a: Wo-Chien\n|-damage|p2a: Wo-Chien|55\/100\n|move|p1b: Charlie Puth|Ice Spinner|p2a: Wo-Chien\n|-supereffective|p2a: Wo-Chien\n|-crit|p2a: Wo-Chien\n|-damage|p2a: Wo-Chien|0 fnt\n|faint|p2a: Wo-Chien\n|move|p2b: Bellibolt|Muddy Water|p1a: Bruno Mars|[spread] p1a,p1b\n|-damage|p1a: Bruno Mars|46\/100\n|-damage|p1b: Charlie Puth|25\/100\n|\n|upkeep\n|\n|t:|1682446543\n|switch|p2a: Glimmora|Glimmora, L50, M|100\/100\n|turn|4\n|\n|t:|1682446554\n|move|p1b: Charlie Puth|Protect|p1b: Charlie Puth\n|-singleturn|p1b: Charlie Puth|Protect\n|move|p2b: Bellibolt|Sucker Punch||[still]\n|-fail|p2b: Bellibolt\n|move|p2a: Glimmora|Sludge Bomb|p1a: Bruno Mars\n|-damage|p1a: Bruno Mars|14\/100\n|move|p1a: Bruno Mars|Earthquake|p2a: Glimmora|[spread] p2a,p2b\n|-activate|p1b: Charlie Puth|move: Protect\n|-supereffective|p2a: Glimmora\n|-enditem|p2a: Glimmora|Focus Sash\n|-damage|p2a: Glimmora|1\/100\n|-damage|p2b: Bellibolt|66\/100\n|-start|p2b: Bellibolt|Charge|Earthquake|[from] ability: Electromorphosis\n|-activate|p2a: Glimmora|ability: Toxic Debris\n|-sidestart|p1: SpikeMike|move: Toxic Spikes\n|\n|-damage|p1b: Charlie Puth|13\/100|[from] Leech Seed|[of] p2a: Glimmora\n|-heal|p2a: Glimmora|13\/100|[silent]\n|upkeep\n|turn|5\n|\n|t:|1682446576\n|move|p1a: Bruno Mars|Extreme Speed|p2a: Glimmora\n|-resisted|p2a: Glimmora\n|-damage|p2a: Glimmora|0 fnt\n|-activate|p2a: Glimmora|ability: Toxic Debris\n|-sidestart|p1: SpikeMike|move: Toxic Spikes\n|faint|p2a: Glimmora\n|move|p1b: Charlie Puth|Sucker Punch|p2b: Bellibolt\n|-damage|p2b: Bellibolt|23\/100\n|-start|p2b: Bellibolt|Charge|Sucker Punch|[from] ability: Electromorphosis\n|move|p2b: Bellibolt|Sucker Punch||[still]\n|-fail|p2b: Bellibolt\n|\n|upkeep\n|turn|6\n|\n|t:|1682446588\n|move|p1a: Bruno Mars|Extreme Speed|p2b: Bellibolt\n|-damage|p2b: Bellibolt|0 fnt\n|faint|p2b: Bellibolt\n|\n|win|SpikeMike\n|raw|SpikeMike's rating: 1073 → 1096<\/strong> (+23 for winning)\n|raw|Samzeon's rating: 1000 → 1000<\/strong> (+0 for losing)\n|c|\u2606SpikeMike|gg\n|l|\u2606Samzeon\n","uploadtime":1682446625,"views":9,"p1id":"spikemike","p2id":"samzeon","formatid":"gen9vgc2023regulationc","rating":1000,"private":0,"password":""}