{"id":"gen9vgc2023regulationc-1849215271","p1":"ppyyy","p2":"ironman064","format":"[Gen 9] VGC 2023 Regulation C","log":"|j|\u2606ppyyy\n|j|\u2606ironman064\n|t:|1682173753\n|gametype|doubles\n|player|p1|ppyyy|clair|1080\n|player|p2|ironman064|101|1133\n|teamsize|p1|6\n|teamsize|p2|6\n|gen|9\n|tier|[Gen 9] VGC 2023 Regulation C\n|rated|\n|rule|Species Clause: Limit one of each Pok\u00e9mon\n|rule|Item Clause: Limit one of each item\n|clearpoke\n|poke|p1|Chi-Yu, L50|\n|poke|p1|Palafin, L50, M|\n|poke|p1|Meowscarada, L50, F|\n|poke|p1|Flutter Mane, L50|\n|poke|p1|Umbreon, L50, F|\n|poke|p1|Rotom-Wash, L50|\n|poke|p2|Pelipper, L50, M|\n|poke|p2|Palafin, L50, F|\n|poke|p2|Kilowattrel, L50, F|\n|poke|p2|Espeon, L50, F|\n|poke|p2|Iron Valiant, L50|\n|poke|p2|Chien-Pao, L50|\n|teampreview|4\n|\n|t:|1682173780\n|start\n|switch|p1a: Rotom|Rotom-Wash, L50|100\/100\n|switch|p1b: Meowscarada|Meowscarada, L50, F|100\/100\n|switch|p2a: Pelipper|Pelipper, L50, M, shiny|100\/100\n|switch|p2b: Kilowattrel|Kilowattrel, L50, F|100\/100\n|-weather|RainDance|[from] ability: Drizzle|[of] p2a: Pelipper\n|turn|1\n|\n|t:|1682173833\n|-terastallize|p2b: Kilowattrel|Electric\n|move|p2b: Kilowattrel|Thunder|p1a: Rotom\n|-damage|p1a: Rotom|0 fnt\n|faint|p1a: Rotom\n|move|p1b: Meowscarada|Flower Trick|p2b: Kilowattrel\n|-crit|p2b: Kilowattrel\n|-damage|p2b: Kilowattrel|7\/100\n|move|p2a: Pelipper|Tailwind|p2a: Pelipper\n|-sidestart|p2: ironman064|move: Tailwind\n|-start|p2b: Kilowattrel|Charge|Tailwind|[from] ability: Wind Power\n|\n|-weather|RainDance|[upkeep]\n|upkeep\n|\n|t:|1682173847\n|switch|p1a: Chi-Yu|Chi-Yu, L50|100\/100\n|-ability|p1a: Chi-Yu|Beads of Ruin\n|turn|2\n|\n|t:|1682173913\n|switch|p2b: Iron Valiant|Iron Valiant, L50|100\/100\n|-enditem|p2b: Iron Valiant|Booster Energy\n|-activate|p2b: Iron Valiant|ability: Quark Drive|[fromitem]\n|-start|p2b: Iron Valiant|quarkdrivespe\n|move|p1a: Chi-Yu|Protect|p1a: Chi-Yu\n|-singleturn|p1a: Chi-Yu|Protect\n|move|p1b: Meowscarada|Sucker Punch||[still]\n|-fail|p1b: Meowscarada\n|move|p2a: Pelipper|Hurricane|p1b: Meowscarada\n|-supereffective|p1b: Meowscarada\n|-enditem|p1b: Meowscarada|Focus Sash\n|-damage|p1b: Meowscarada|1\/100\n|-start|p1b: Meowscarada|confusion\n|\n|-weather|RainDance|[upkeep]\n|upkeep\n|turn|3\n|\n|t:|1682173956\n|-terastallize|p1a: Chi-Yu|Grass\n|move|p2b: Iron Valiant|Shadow Sneak|p1b: Meowscarada\n|-resisted|p1b: Meowscarada\n|-damage|p1b: Meowscarada|0 fnt\n|faint|p1b: Meowscarada\n|move|p2a: Pelipper|Hydro Pump|p1a: Chi-Yu\n|-resisted|p1a: Chi-Yu\n|-damage|p1a: Chi-Yu|57\/100\n|move|p1a: Chi-Yu|Lava Plume|p2a: Pelipper|[spread] p2a,p2b\n|-resisted|p2a: Pelipper\n|-crit|p2a: Pelipper\n|-damage|p2a: Pelipper|63\/100\n|-damage|p2b: Iron Valiant|54\/100\n|-status|p2b: Iron Valiant|brn\n|\n|-weather|RainDance|[upkeep]\n|-damage|p2b: Iron Valiant|48\/100 brn|[from] brn\n|upkeep\n|\n|t:|1682173969\n|switch|p1b: Flutter Mane|Flutter Mane, L50|100\/100\n|-enditem|p1b: Flutter Mane|Booster Energy\n|-activate|p1b: Flutter Mane|ability: Protosynthesis|[fromitem]\n|-start|p1b: Flutter Mane|protosynthesisspe\n|turn|4\n|\n|t:|1682173999\n|move|p1a: Chi-Yu|Protect|p1a: Chi-Yu\n|-singleturn|p1a: Chi-Yu|Protect\n|move|p2b: Iron Valiant|Wide Guard|p2b: Iron Valiant\n|-singleturn|p2b: Iron Valiant|Wide Guard\n|move|p1b: Flutter Mane|Dazzling Gleam|p2a: Pelipper|[spread] \n|-activate|p2a: Pelipper|move: Wide Guard\n|-activate|p2b: Iron Valiant|move: Wide Guard\n|move|p2a: Pelipper|Hydro Pump|p1b: Flutter Mane\n|-damage|p1b: Flutter Mane|0 fnt\n|faint|p1b: Flutter Mane\n|-end|p1b: Flutter Mane|Protosynthesis|[silent]\n|\n|-weather|RainDance|[upkeep]\n|-damage|p2b: Iron Valiant|42\/100 brn|[from] brn\n|-sideend|p2: ironman064|move: Tailwind\n|upkeep\n|turn|5\n|-message|ppyyy forfeited.\n|\n|win|ironman064\n|raw|ppyyy's rating: 1080 → 1061<\/strong> (-19 for losing)\n|raw|ironman064's rating: 1133 → 1154<\/strong> (+21 for winning)\n|l|\u2606ppyyy\n","uploadtime":1682174023,"views":4,"p1id":"ppyyy","p2id":"ironman064","formatid":"gen9vgc2023regulationc","rating":1061,"private":0,"password":""}