{"id":"gen9vgc2023regulationc-1845042976","p1":"H0p5t3r","p2":"xJPNH","format":"[Gen 9] VGC 2023 Regulation C","log":"|j|\u2606H0p5t3r\n|j|\u2606xJPNH\n|t:|1681677157\n|gametype|doubles\n|player|p1|H0p5t3r|guitarist|\n|player|p2|xJPNH|flannery|\n|teamsize|p1|6\n|teamsize|p2|6\n|gen|9\n|tier|[Gen 9] VGC 2023 Regulation C\n|rule|Species Clause: Limit one of each Pok\u00e9mon\n|rule|Item Clause: Limit one of each item\n|clearpoke\n|poke|p1|Chewtle, L5, M|\n|poke|p1|Wattrel, L5, F|\n|poke|p1|Growlithe, L5, M|\n|poke|p1|Eevee, L5, M|\n|poke|p1|Croagunk, L5, M|\n|poke|p1|Spoink, L5, M|\n|poke|p2|Axew, L5, M|\n|poke|p2|Slowpoke, L5, F|\n|poke|p2|Cetoddle, L5, F|\n|poke|p2|Lechonk, L5, F|\n|poke|p2|Bergmite, L5, F|\n|poke|p2|Shellder, L5, F|\n|teampreview|4\n|j| Cerpin T\n|c| Cerpin T|heblo\n|j| haydyg\n|j| mharidain\n|j| Scrandrew\n|c| haydyg|watrel be like\n|l| mharidain\n|j| mharidain\n|c| haydyg|AY YO WATS GOOD WHO THIS?\n|c| Scrandrew|Ello\n|c| haydyg|I like that lechonk has a model\n|c| haydyg|elolo scranny\nH0p5t3r rejected open team sheets.\n|\n|t:|1681677239\n|start\n|switch|p1a: Chewtle|Chewtle, L5, M|100\/100\n|switch|p1b: Wattrel|Wattrel, L5, F|100\/100\n|switch|p2a: Bergmite|Bergmite, L5, F|100\/100\n|switch|p2b: Tampax|Shellder, L5, F|100\/100\n|turn|1\n|\n|t:|1681677267\n|move|p1b: Wattrel|Thunderbolt|p2b: Tampax\n|-supereffective|p2b: Tampax\n|-damage|p2b: Tampax|0 fnt\n|faint|p2b: Tampax\n|move|p1a: Chewtle|Shell Smash|p1a: Chewtle\n|-unboost|p1a: Chewtle|def|1\n|-unboost|p1a: Chewtle|spd|1\n|-boost|p1a: Chewtle|atk|2\n|-boost|p1a: Chewtle|spa|2\n|-boost|p1a: Chewtle|spe|2\n|-enditem|p1a: Chewtle|White Herb\n|-clearnegativeboost|p1a: Chewtle|[silent]\n|move|p2a: Bergmite|Snowscape|p2a: Bergmite\n|-weather|Snow\n|\n|-weather|Snow|[upkeep]\n|upkeep\n|j| tap water gang\n|\n|t:|1681677280\n|switch|p2b: Cetoddle|Cetoddle, L5, F|100\/100\n|turn|2\n|\n|t:|1681677297\n|move|p1a: Chewtle|Waterfall|p2b: Cetoddle\n|-damage|p2b: Cetoddle|36\/100\n|-enditem|p2b: Cetoddle|Sitrus Berry|[eat]\n|-heal|p2b: Cetoddle|61\/100|[from] item: Sitrus Berry\n|move|p1b: Wattrel|Thunderbolt|p2b: Cetoddle\n|-damage|p2b: Cetoddle|18\/100\n|move|p2b: Cetoddle|Ice Spinner|p1a: Chewtle\n|-resisted|p1a: Chewtle\n|-damage|p1a: Chewtle|67\/100\n|move|p2a: Bergmite|Aurora Veil|p2a: Bergmite\n|-sidestart|p2: xJPNH|move: Aurora Veil\n|\n|-weather|Snow|[upkeep]\n|upkeep\n|turn|3\n|\n|t:|1681677333\n|move|p2b: Cetoddle|Ice Shard|p1a: Chewtle\n|-resisted|p1a: Chewtle\n|-damage|p1a: Chewtle|53\/100\n|move|p1a: Chewtle|Waterfall|p2b: Cetoddle|[miss]\n|-miss|p1a: Chewtle|p2b: Cetoddle\n|move|p1b: Wattrel|Air Slash|p2a: Bergmite\n|-damage|p2a: Bergmite|69\/100\n|move|p2a: Bergmite|Avalanche|p1b: Wattrel\n|-supereffective|p1b: Wattrel\n|-damage|p1b: Wattrel|0 fnt\n|faint|p1b: Wattrel\n|\n|-weather|Snow|[upkeep]\n|upkeep\n|\n|t:|1681677358\n|switch|p1b: Croagunk|Croagunk, L5, M|100\/100\n|turn|4\n|\n|t:|1681677373\n|move|p1b: Croagunk|Fake Out|p2b: Cetoddle\n|-damage|p2b: Cetoddle|11\/100\n|move|p1a: Chewtle|Waterfall|p2b: Cetoddle\n|-damage|p2b: Cetoddle|0 fnt\n|faint|p2b: Cetoddle\n|move|p2a: Bergmite|Recover|p2a: Bergmite\n|-heal|p2a: Bergmite|100\/100\n|\n|-weather|Snow|[upkeep]\n|upkeep\n|\n|t:|1681677382\n|switch|p2b: Jaws|Axew, L5, M|100\/100\n|-ability|p2b: Jaws|Mold Breaker\n|turn|5\n|\n|t:|1681677406\n|move|p1a: Chewtle|Ice Fang|p2b: Jaws\n|-supereffective|p2b: Jaws\n|-damage|p2b: Jaws|0 fnt\n|faint|p2b: Jaws\n|move|p1b: Croagunk|Sludge Bomb|p2a: Bergmite\n|-damage|p2a: Bergmite|60\/100\n|move|p2a: Bergmite|Avalanche|p1a: Chewtle\n|-resisted|p1a: Chewtle\n|-damage|p1a: Chewtle|34\/100\n|\n|-weather|none\n|upkeep\n|turn|6\n|\n|t:|1681677431\n|move|p1a: Chewtle|Waterfall|p2a: Bergmite\n|-damage|p2a: Bergmite|5\/100\n|move|p1b: Croagunk|Sludge Bomb|p2a: Bergmite\n|-crit|p2a: Bergmite\n|-damage|p2a: Bergmite|0 fnt\n|faint|p2a: Bergmite\n|\n|win|H0p5t3r\n|c|\u2606H0p5t3r|GG\n|c| haydyg|gggg\n","uploadtime":1681677440,"views":65,"p1id":"h0p5t3r","p2id":"xjpnh","formatid":"gen9vgc2023regulationc","rating":0,"private":0,"password":""}