{"id":"gen9vgc2023regulationc-1851631659","p1":"Skribbls07","p2":"jgjvg","format":"[Gen 9] VGC 2023 Regulation C","log":"|j|\u2606Skribbls07\n|j|\u2606jgjvg\n|t:|1682463379\n|gametype|doubles\n|player|p1|Skribbls07|102|1059\n|player|p2|jgjvg|alder|1076\n|teamsize|p1|6\n|teamsize|p2|6\n|gen|9\n|tier|[Gen 9] VGC 2023 Regulation C\n|rated|\n|rule|Species Clause: Limit one of each Pok\u00e9mon\n|rule|Item Clause: Limit one of each item\n|clearpoke\n|poke|p1|Armarouge, L50, F|\n|poke|p1|Indeedee-F, L50, F|\n|poke|p1|Torkoal, L50, F|\n|poke|p1|Amoonguss, L50, M|\n|poke|p1|Kingambit, L50, M|\n|poke|p1|Garganacl, L50, F|\n|poke|p2|Iron Bundle, L50|\n|poke|p2|Armarouge, L50, F|\n|poke|p2|Indeedee-F, L50, F|\n|poke|p2|Klefki, L50, F|\n|poke|p2|Baxcalibur, L50, F|\n|poke|p2|Flamigo, L50, M|\n|teampreview|4\n|inactive|Battle timer is ON: inactive players will automatically lose when time's up. (requested by jgjvg)\n|inactive|Skribbls07 has 60 seconds left.\n|\n|t:|1682463413\n|start\n|switch|p1a: Armarouge|Armarouge, L50, F|100\/100\n|switch|p1b: Indeedee|Indeedee-F, L50, F|100\/100\n|switch|p2a: Iron Bundle|Iron Bundle, L50|100\/100\n|switch|p2b: Armarouge|Armarouge, L50, F|100\/100\n|-fieldstart|move: Psychic Terrain|[from] ability: Psychic Surge|[of] p1b: Indeedee\n|-enditem|p1b: Indeedee|Psychic Seed\n|-boost|p1b: Indeedee|spd|1|[from] item: Psychic Seed\n|turn|1\n|\n|t:|1682463438\n|-terastallize|p1a: Armarouge|Psychic\n|move|p2a: Iron Bundle|Flip Turn|p2b: Armarouge\n|-supereffective|p2b: Armarouge\n|-damage|p2b: Armarouge|63\/100\n|-ability|p2b: Armarouge|Weak Armor|boost\n|-unboost|p2b: Armarouge|def|1\n|-boost|p2b: Armarouge|spe|2\n|-enditem|p2b: Armarouge|Weakness Policy\n|-boost|p2b: Armarouge|atk|2|[from] item: Weakness Policy\n|-boost|p2b: Armarouge|spa|2|[from] item: Weakness Policy\n|\n|t:|1682463446\n|-end|p2a: Iron Bundle|Quark Drive|[silent]\n|switch|p2a: Indeedee|Indeedee-F, L50, F|100\/100|[from] Flip Turn\n|-enditem|p2a: Indeedee|Psychic Seed\n|-boost|p2a: Indeedee|spd|1|[from] item: Psychic Seed\n|move|p2b: Armarouge|Expanding Force|p1b: Indeedee|[spread] p1a,p1b\n|-resisted|p1a: Armarouge\n|-resisted|p1b: Indeedee\n|-damage|p1a: Armarouge|34\/100\n|-damage|p1b: Indeedee|53\/100\n|move|p1a: Armarouge|Destiny Bond|p1a: Armarouge\n|-singlemove|p1a: Armarouge|Destiny Bond\n|move|p1b: Indeedee|Trick Room|p1b: Indeedee\n|-fieldstart|move: Trick Room|[of] p1b: Indeedee\n|\n|upkeep\n|turn|2\n|inactive|jgjvg has 30 seconds left.\n|\n|t:|1682463483\n|move|p1b: Indeedee|Helping Hand|p1a: Armarouge\n|-singleturn|p1a: Armarouge|Helping Hand|[of] p1b: Indeedee\n|move|p2b: Armarouge|Protect|p2b: Armarouge\n|-singleturn|p2b: Armarouge|Protect\n|move|p1a: Armarouge|Fire Blast|p2a: Indeedee\n|-damage|p2a: Indeedee|43\/100\n|move|p2a: Indeedee|Energy Ball|p1a: Armarouge\n|-damage|p1a: Armarouge|13\/100\n|-enditem|p1a: Armarouge|Wiki Berry|[eat]\n|-heal|p1a: Armarouge|46\/100|[from] item: Wiki Berry\n|\n|upkeep\n|turn|3\n|\n|t:|1682463507\n|move|p2a: Indeedee|Follow Me|p2a: Indeedee\n|-singleturn|p2a: Indeedee|move: Follow Me\n|move|p1b: Indeedee|Dazzling Gleam|p2b: Armarouge|[spread] p2a,p2b\n|-resisted|p2b: Armarouge\n|-damage|p2a: Indeedee|32\/100\n|-damage|p2b: Armarouge|52\/100\n|move|p1a: Armarouge|Destiny Bond|p1a: Armarouge\n|-singlemove|p1a: Armarouge|Destiny Bond\n|move|p2b: Armarouge|Expanding Force|p1a: Armarouge|[spread] p1a,p1b\n|-resisted|p1a: Armarouge\n|-resisted|p1b: Indeedee\n|-damage|p1a: Armarouge|0 fnt\n|-damage|p1b: Indeedee|11\/100\n|faint|p1a: Armarouge\n|-activate|p1a: Armarouge|move: Destiny Bond\n|faint|p2b: Armarouge\n|\n|upkeep\n|\n|t:|1682463527\n|switch|p1a: Torkoal|Torkoal, L50, F|100\/100\n|switch|p2b: Flamigo|Flamigo, L50, M|100\/100\n|-weather|SunnyDay|[from] ability: Drought|[of] p1a: Torkoal\n|-copyboost|p2b: Flamigo|p2a: Indeedee|[from] ability: Costar\n|turn|4\n|\n|t:|1682463541\n|move|p1b: Indeedee|Helping Hand|p1a: Torkoal\n|-singleturn|p1a: Torkoal|Helping Hand|[of] p1b: Indeedee\n|move|p2a: Indeedee|Protect|p2a: Indeedee\n|-singleturn|p2a: Indeedee|Protect\n|move|p2b: Flamigo|Detect|p2b: Flamigo\n|-singleturn|p2b: Flamigo|Protect\n|move|p1a: Torkoal|Eruption|p2b: Flamigo|[spread] \n|-activate|p2a: Indeedee|move: Protect\n|-activate|p2b: Flamigo|move: Protect\n|\n|-weather|SunnyDay|[upkeep]\n|upkeep\n|turn|5\n|inactive|jgjvg has 30 seconds left.\n|\n|t:|1682463570\n|switch|p2b: Iron Bundle|Iron Bundle, L50|100\/100\n|move|p1b: Indeedee|Helping Hand|p1a: Torkoal\n|-singleturn|p1a: Torkoal|Helping Hand|[of] p1b: Indeedee\n|move|p1a: Torkoal|Eruption|p2b: Iron Bundle|[spread] p2a,p2b\n|-damage|p2a: Indeedee|0 fnt\n|-damage|p2b: Iron Bundle|0 fnt\n|faint|p2a: Indeedee\n|faint|p2b: Iron Bundle\n|-end|p2b: Iron Bundle|Quark Drive|[silent]\n|\n|-weather|SunnyDay|[upkeep]\n|-fieldend|move: Trick Room\n|-fieldend|move: Psychic Terrain\n|upkeep\n|\n|t:|1682463579\n|switch|p2b: Flamigo|Flamigo, L50, M|100\/100\n|turn|6\n|\n|t:|1682463590\n|-terastallize|p2b: Flamigo|Ground\n|move|p1a: Torkoal|Protect|p1a: Torkoal\n|-singleturn|p1a: Torkoal|Protect\n|move|p2b: Flamigo|Close Combat|p1a: Torkoal\n|-activate|p1a: Torkoal|move: Protect\n|move|p1b: Indeedee|Trick Room|p1b: Indeedee\n|-fieldstart|move: Trick Room|[of] p1b: Indeedee\n|\n|-weather|SunnyDay|[upkeep]\n|upkeep\n|turn|7\n|\n|t:|1682463606\n|move|p1b: Indeedee|Helping Hand|p1a: Torkoal\n|-singleturn|p1a: Torkoal|Helping Hand|[of] p1b: Indeedee\n|move|p1a: Torkoal|Solar Beam||[still]\n|-prepare|p1a: Torkoal|Solar Beam\n|-anim|p1a: Torkoal|Solar Beam|p2b: Flamigo\n|-supereffective|p2b: Flamigo\n|-damage|p2b: Flamigo|0 fnt\n|faint|p2b: Flamigo\n|\n|win|Skribbls07\n|raw|Skribbls07's rating: 1059 → 1092<\/strong> (+33 for winning)\n|raw|jgjvg's rating: 1076 → 1054<\/strong> (-22 for losing)\n|l|\u2606jgjvg\n|j|\u2606jgjvg\n|player|p2|jgjvg|alder\n","uploadtime":1682463711,"views":15,"p1id":"skribbls07","p2id":"jgjvg","formatid":"gen9vgc2023regulationc","rating":1054,"private":0,"password":""}