{"id":"gen9vgc2023regulationc-1862295611","p1":"LuquierLucier","p2":"Voiceactive","format":"[Gen 9] VGC 2023 Regulation C","log":"|j|\u2606LuquierLucier\n|j|\u2606Voiceactive\n|t:|1683861217\n|gametype|doubles\n|player|p1|LuquierLucier|169|1055\n|player|p2|Voiceactive|102|1103\n|teamsize|p1|6\n|teamsize|p2|6\n|gen|9\n|tier|[Gen 9] VGC 2023 Regulation C\n|rated|\n|rule|Species Clause: Limit one of each Pok\u00e9mon\n|rule|Item Clause: Limit one of each item\n|clearpoke\n|poke|p1|Abomasnow, L50, M|\n|poke|p1|Iron Bundle, L50|\n|poke|p1|Chi-Yu, L50|\n|poke|p1|Flutter Mane, L50|\n|poke|p1|Corviknight, L50, F|\n|poke|p1|Salamence, L50, M|\n|poke|p2|Roaring Moon, L50|\n|poke|p2|Gogoat, L50, M|\n|poke|p2|Abomasnow, L50, F|\n|poke|p2|Frosmoth, L50, F|\n|poke|p2|Great Tusk, L50|\n|poke|p2|Flutter Mane, L50|\n|teampreview|4\n|inactive|Battle timer is ON: inactive players will automatically lose when time's up. (requested by LuquierLucier)\nLuquierLucier rejected open team sheets.\n|\n|t:|1683861252\n|start\n|switch|p1a: Abomasnow|Abomasnow, L50, M, shiny|100\/100\n|switch|p1b: Iron Bundle|Iron Bundle, L50, shiny|100\/100\n|switch|p2a: Roaring Moon|Roaring Moon, L50|100\/100\n|switch|p2b: Flutter Mane|Flutter Mane, L50|100\/100\n|-weather|Snow|[from] ability: Snow Warning|[of] p1a: Abomasnow\n|-enditem|p2a: Roaring Moon|Booster Energy\n|-activate|p2a: Roaring Moon|ability: Protosynthesis|[fromitem]\n|-start|p2a: Roaring Moon|protosynthesisatk\n|turn|1\n|inactive|LuquierLucier has 30 seconds left.\n|inactive|Voiceactive has 30 seconds left.\n|inactive|Voiceactive has 20 seconds left.\n|inactive|Voiceactive has 15 seconds left.\n|\n|t:|1683861292\n|move|p2b: Flutter Mane|Sunny Day|p2b: Flutter Mane\n|-weather|SunnyDay\n|-activate|p2b: Flutter Mane|ability: Protosynthesis\n|-start|p2b: Flutter Mane|protosynthesisspe\n|move|p1b: Iron Bundle|Blizzard|p2a: Roaring Moon|[spread] p2b\n|-miss|p1b: Iron Bundle|p2a: Roaring Moon\n|-damage|p2b: Flutter Mane|59\/100\n|move|p2a: Roaring Moon|Acrobatics|p1a: Abomasnow\n|-supereffective|p1a: Abomasnow\n|-enditem|p1a: Abomasnow|Focus Sash\n|-damage|p1a: Abomasnow|1\/100\n|move|p1a: Abomasnow|Aurora Veil||[still]\n|-fail|p1a: Abomasnow\n|\n|-weather|SunnyDay|[upkeep]\n|upkeep\n|turn|2\n|inactive|LuquierLucier has 30 seconds left.\n|inactive|Voiceactive has 30 seconds left.\n|inactive|LuquierLucier has 20 seconds left.\n|inactive|LuquierLucier has 15 seconds left.\n|\n|t:|1683861334\n|switch|p1a: Corviknight|Corviknight, L50, F, shiny|100\/100\n|-terastallize|p2a: Roaring Moon|Flying\n|move|p2b: Flutter Mane|Dazzling Gleam|p1b: Iron Bundle|[spread] p1a,p1b\n|-resisted|p1a: Corviknight\n|-crit|p1a: Corviknight\n|-damage|p1a: Corviknight|80\/100\n|-damage|p1b: Iron Bundle|68\/100\n|move|p1b: Iron Bundle|Blizzard|p2b: Flutter Mane|[spread] p2a,p2b\n|-supereffective|p2a: Roaring Moon\n|-damage|p2a: Roaring Moon|20\/100\n|-damage|p2b: Flutter Mane|19\/100\n|move|p2a: Roaring Moon|Acrobatics|p1b: Iron Bundle\n|-damage|p1b: Iron Bundle|0 fnt\n|faint|p1b: Iron Bundle\n|-end|p1b: Iron Bundle|Quark Drive|[silent]\n|\n|-weather|SunnyDay|[upkeep]\n|upkeep\n|\n|t:|1683861348\n|switch|p1b: Abomasnow|Abomasnow, L50, M, shiny|1\/100\n|-weather|Snow|[from] ability: Snow Warning|[of] p1b: Abomasnow\n|-end|p2b: Flutter Mane|Protosynthesis\n|turn|3\n|\n|t:|1683861361\n|move|p1b: Abomasnow|Protect|p1b: Abomasnow\n|-singleturn|p1b: Abomasnow|Protect\n|move|p2b: Flutter Mane|Mystical Fire|p1a: Corviknight\n|-supereffective|p1a: Corviknight\n|-damage|p1a: Corviknight|38\/100\n|-ability|p1a: Corviknight|Mirror Armor\n|-unboost|p2b: Flutter Mane|spa|1\n|move|p2a: Roaring Moon|U-turn|p1b: Abomasnow\n|-activate|p1b: Abomasnow|move: Protect\n|move|p1a: Corviknight|Tailwind|p1a: Corviknight\n|-sidestart|p1: LuquierLucier|move: Tailwind\n|\n|-weather|Snow|[upkeep]\n|upkeep\n|turn|4\n|\n|t:|1683861382\n|-end|p2a: Roaring Moon|Protosynthesis|[silent]\n|switch|p2a: Abomasnow|Abomasnow, L50, F|100\/100\n|move|p1b: Abomasnow|Aurora Veil|p1b: Abomasnow\n|-sidestart|p1: LuquierLucier|move: Aurora Veil\n|move|p2b: Flutter Mane|Sunny Day|p2b: Flutter Mane\n|-weather|SunnyDay\n|-activate|p2b: Flutter Mane|ability: Protosynthesis\n|-start|p2b: Flutter Mane|protosynthesisspe\n|move|p1a: Corviknight|Roost|p1a: Corviknight\n|-heal|p1a: Corviknight|88\/100\n|-singleturn|p1a: Corviknight|move: Roost\n|\n|-weather|SunnyDay|[upkeep]\n|upkeep\n|turn|5\n|inactive|Voiceactive has 30 seconds left.\n|\n|t:|1683861416\n|switch|p2a: Great Tusk|Great Tusk, L50|100\/100\n|-activate|p2a: Great Tusk|ability: Protosynthesis\n|-start|p2a: Great Tusk|protosynthesisatk\n|move|p2b: Flutter Mane|Mystical Fire|p1b: Abomasnow\n|-supereffective|p1b: Abomasnow\n|-damage|p1b: Abomasnow|0 fnt\n|faint|p1b: Abomasnow\n|move|p1a: Corviknight|Brave Bird|p2a: Great Tusk\n|-supereffective|p2a: Great Tusk\n|-damage|p2a: Great Tusk|37\/100\n|-damage|p1a: Corviknight|68\/100|[from] Recoil\n|\n|-weather|SunnyDay|[upkeep]\n|upkeep\n|\n|t:|1683861429\n|switch|p1b: Flutter Mane|Flutter Mane, L50, shiny|100\/100\n|-activate|p1b: Flutter Mane|ability: Protosynthesis\n|-start|p1b: Flutter Mane|protosynthesisspa\n|turn|6\n|\n|t:|1683861447\n|-terastallize|p1b: Flutter Mane|Fairy\n|move|p2a: Great Tusk|Protect|p2a: Great Tusk\n|-singleturn|p2a: Great Tusk|Protect\n|move|p1b: Flutter Mane|Dazzling Gleam|p2b: Flutter Mane|[spread] p2b\n|-activate|p2a: Great Tusk|move: Protect\n|-damage|p2b: Flutter Mane|0 fnt\n|faint|p2b: Flutter Mane\n|-end|p2b: Flutter Mane|Protosynthesis|[silent]\n|move|p1a: Corviknight|Iron Head|p2a: Great Tusk\n|-activate|p2a: Great Tusk|move: Protect\n|\n|-weather|SunnyDay|[upkeep]\n|-sideend|p1: LuquierLucier|move: Tailwind\n|upkeep\n|\n|t:|1683861462\n|switch|p2b: Abomasnow|Abomasnow, L50, F|100\/100\n|-weather|Snow|[from] ability: Snow Warning|[of] p2b: Abomasnow\n|-end|p1b: Flutter Mane|Protosynthesis\n|-end|p2a: Great Tusk|Protosynthesis\n|-enditem|p1b: Flutter Mane|Booster Energy\n|-activate|p1b: Flutter Mane|ability: Protosynthesis|[fromitem]\n|-start|p1b: Flutter Mane|protosynthesisspa\n|turn|7\n|\n|t:|1683861487\n|move|p1b: Flutter Mane|Dazzling Gleam|p2a: Great Tusk|[spread] p2a,p2b\n|-supereffective|p2a: Great Tusk\n|-damage|p2a: Great Tusk|0 fnt\n|-damage|p2b: Abomasnow|40\/100\n|faint|p2a: Great Tusk\n|-end|p2a: Great Tusk|Protosynthesis|[silent]\n|move|p1a: Corviknight|Tailwind|p1a: Corviknight\n|-sidestart|p1: LuquierLucier|move: Tailwind\n|move|p2b: Abomasnow|Blizzard|p1a: Corviknight|[spread] p1a,p1b\n|-damage|p1a: Corviknight|41\/100\n|-damage|p1b: Flutter Mane|74\/100\n|\n|-weather|Snow|[upkeep]\n|upkeep\n|\n|t:|1683861499\n|switch|p2a: Roaring Moon|Roaring Moon, L50, tera:Flying|20\/100\n|turn|8\n|-message|Voiceactive forfeited.\n|\n|win|LuquierLucier\n|raw|LuquierLucier's rating: 1055 → 1091<\/strong> (+36 for winning)\n|raw|Voiceactive's rating: 1103 → 1075<\/strong> (-28 for losing)\n|l|\u2606Voiceactive\n","uploadtime":1683861531,"views":14,"p1id":"luquierlucier","p2id":"voiceactive","formatid":"gen9vgc2023regulationc","rating":1075,"private":0,"password":""}