{"id":"gen9vgc2023regulationc-1862821837","p1":"Samax2599","p2":"Camodude27","format":"[Gen 9] VGC 2023 Regulation C","log":"|j|\u2606Samax2599\n|j|\u2606Camodude27\n|t:|1683925755\n|gametype|doubles\n|player|p1|Samax2599|266|\n|player|p2|Camodude27|palmer|\n|teamsize|p1|6\n|teamsize|p2|6\n|gen|9\n|tier|[Gen 9] VGC 2023 Regulation C\n|rule|Species Clause: Limit one of each Pok\u00e9mon\n|rule|Item Clause: Limit one of each item\n|clearpoke\n|poke|p1|Arcanine, L50, M|\n|poke|p1|Roaring Moon, L50|\n|poke|p1|Gengar, L50, F|\n|poke|p1|Medicham, L50, F|\n|poke|p1|Sylveon, L50, F|\n|poke|p1|Ampharos, L50, M|\n|poke|p2|Meowscarada, L50, M|\n|poke|p2|Primeape, L50, M|\n|poke|p2|Chi-Yu, L50|\n|poke|p2|Persian, L50, F|\n|poke|p2|Kilowattrel, L50, F|\n|poke|p2|Gardevoir, L50, F|\n|teampreview|4\n|c|\u2606Camodude27|g2\n|j| PurpleStyle\n|j| thejordanvgc\n|c|\u2606Samax2599|glhf!\n|j| sucabaVGC\n|c|\u2606Camodude27|u2\n|\n|t:|1683926126\n|start\n|switch|p1a: Iroh|Arcanine, L50, M|100\/100\n|switch|p1b: Yue|Roaring Moon, L50|100\/100\n|switch|p2a: Meowscarada|Meowscarada, L50, M|100\/100\n|switch|p2b: Primeape|Primeape, L50, M|100\/100\n|-enditem|p1b: Yue|Booster Energy\n|-activate|p1b: Yue|ability: Protosynthesis|[fromitem]\n|-start|p1b: Yue|protosynthesisspe\n|turn|1\n|\n|t:|1683926154\n|-terastallize|p1b: Yue|Poison\n|move|p1b: Yue|Tera Blast|p2b: Primeape\n|-damage|p2b: Primeape|73\/100\n|move|p2a: Meowscarada|Flower Trick|p2b: Primeape\n|-crit|p2b: Primeape\n|-damage|p2b: Primeape|48\/100\n|-setboost|p2b: Primeape|atk|6|[from] ability: Anger Point\n|move|p1a: Iroh|Howl|p1a: Iroh|[spread] p1a,p1b\n|-boost|p1a: Iroh|atk|1\n|-boost|p1b: Yue|atk|1\n|move|p2b: Primeape|Drain Punch|p1b: Yue\n|-resisted|p1b: Yue\n|-damage|p1b: Yue|44\/100\n|-heal|p2b: Primeape|82\/100|[from] drain|[of] p1b: Yue\n|\n|upkeep\n|turn|2\n|\n|t:|1683926191\n|move|p1b: Yue|Protect|p1b: Yue\n|-singleturn|p1b: Yue|Protect\n|move|p2a: Meowscarada|Pollen Puff|p2b: Primeape\n|-heal|p2b: Primeape|100\/100\n|move|p1a: Iroh|Howl|p1a: Iroh|[spread] p1a,p1b\n|-boost|p1a: Iroh|atk|1\n|-boost|p1b: Yue|atk|1\n|move|p2b: Primeape|Rage Fist|p1b: Yue\n|-activate|p1b: Yue|move: Protect\n|\n|upkeep\n|turn|3\n|\n|t:|1683926209\n|move|p1b: Yue|Tera Blast|p2b: Primeape\n|-damage|p2b: Primeape|50\/100\n|move|p2a: Meowscarada|Pollen Puff|p2b: Primeape\n|-heal|p2b: Primeape|99\/100\n|move|p1a: Iroh|Flare Blitz|p2b: Primeape\n|-damage|p2b: Primeape|35\/100\n|-damage|p1a: Iroh|82\/100|[from] Recoil\n|move|p2b: Primeape|Rage Fist|p1b: Yue\n|-damage|p1b: Yue|0 fnt\n|faint|p1b: Yue\n|-end|p1b: Yue|Protosynthesis|[silent]\n|\n|upkeep\n|\n|t:|1683926223\n|switch|p1b: Ty Lee|Medicham, L50, F|100\/100\n|turn|4\n|\n|t:|1683926242\n|-terastallize|p2b: Primeape|Ghost\n|move|p1b: Ty Lee|Psycho Cut|p2b: Primeape\n|-crit|p2b: Primeape\n|-damage|p2b: Primeape|0 fnt\n|faint|p2b: Primeape\n|move|p2a: Meowscarada|Pollen Puff|p2: Primeape|[notarget]\n|-fail|p2a: Meowscarada\n|move|p1a: Iroh|Howl|p1a: Iroh|[spread] p1a,p1b\n|-boost|p1a: Iroh|atk|1\n|-boost|p1b: Ty Lee|atk|1\n|\n|upkeep\n|\n|t:|1683926263\n|switch|p2b: Persian|Persian, L50, F|100\/100\n|-ability|p2b: Persian|Unnerve\n|turn|5\n|\n|t:|1683926297\n|move|p2b: Persian|Fake Out|p1b: Ty Lee\n|-damage|p1b: Ty Lee|87\/100\n|move|p1a: Iroh|Extreme Speed|p2a: Meowscarada\n|-damage|p2a: Meowscarada|15\/100\n|cant|p1b: Ty Lee|flinch\n|move|p2a: Meowscarada|Pollen Puff|p1b: Ty Lee\n|-damage|p1b: Ty Lee|52\/100\n|\n|upkeep\n|turn|6\n|\n|t:|1683926317\n|move|p1b: Ty Lee|Psycho Cut|p2b: Persian\n|-damage|p2b: Persian|0 fnt\n|faint|p2b: Persian\n|move|p2a: Meowscarada|Pollen Puff|p1b: Ty Lee\n|-damage|p1b: Ty Lee|16\/100\n|move|p1a: Iroh|Howl|p1a: Iroh|[spread] p1a,p1b\n|-boost|p1a: Iroh|atk|1\n|-boost|p1b: Ty Lee|atk|1\n|\n|upkeep\n|\n|t:|1683926326\n|switch|p2b: Gardevoir|Gardevoir, L50, F|100\/100\n|turn|7\n|\n|t:|1683926335\n|switch|p1b: Azula|Ampharos, L50, M|100\/100\n|move|p1a: Iroh|Extreme Speed|p2b: Gardevoir\n|-damage|p2b: Gardevoir|0 fnt\n|faint|p2b: Gardevoir\n|move|p2a: Meowscarada|Pollen Puff|p1b: Azula\n|-damage|p1b: Azula|76\/100\n|\n|upkeep\n|turn|8\n|c|\u2606Camodude27|ggs\n|\n|t:|1683926350\n|move|p1a: Iroh|Extreme Speed|p2a: Meowscarada\n|-crit|p2a: Meowscarada\n|-damage|p2a: Meowscarada|0 fnt\n|faint|p2a: Meowscarada\n|\n|win|Samax2599\n|c|\u2606Samax2599|ggs\n|l| thejordanvgc\n","uploadtime":1683926382,"views":31,"p1id":"samax2599","p2id":"camodude27","formatid":"gen9vgc2023regulationc","rating":0,"private":0,"password":""}