{"id":"gen9vgc2023regulationc-1847058091","p1":"meeklosh","p2":"Gazamie","format":"[Gen 9] VGC 2023 Regulation C","log":"|j|\u2606meeklosh\n|j|\u2606Gazamie\n|t:|1681915574\n|gametype|doubles\n|player|p1|meeklosh|cynthia-gen4|1425\n|player|p2|Gazamie|2|1375\n|teamsize|p1|6\n|teamsize|p2|6\n|gen|9\n|tier|[Gen 9] VGC 2023 Regulation C\n|rated|\n|rule|Species Clause: Limit one of each Pok\u00e9mon\n|rule|Item Clause: Limit one of each item\n|clearpoke\n|poke|p1|Dondozo, L50, F|\n|poke|p1|Tatsugiri-Droopy, L50, M|\n|poke|p1|Pelipper, L50, F|\n|poke|p1|Drednaw, L50, F|\n|poke|p1|Dragonite, L50, M|\n|poke|p1|Chien-Pao, L50|\n|poke|p2|Azumarill, L50, M|\n|poke|p2|Flamigo, L50, M|\n|poke|p2|Maushold-Four, L50|\n|poke|p2|Chien-Pao, L50|\n|poke|p2|Gholdengo, L50|\n|poke|p2|Flutter Mane, L50|\n|teampreview|4\n|inactive|Battle timer is ON: inactive players will automatically lose when time's up. (requested by meeklosh)\n|\n|t:|1681915593\n|start\n|switch|p1a: Pelipper|Pelipper, L50, F|100\/100\n|switch|p1b: Drednaw|Drednaw, L50, F|100\/100\n|switch|p2a: Azumarill|Azumarill, L50, M|100\/100\n|switch|p2b: Maushold|Maushold-Four, L50|100\/100\n|-weather|RainDance|[from] ability: Drizzle|[of] p1a: Pelipper\n|turn|1\n|\n|t:|1681915612\n|move|p1b: Drednaw|Rock Slide|p2a: Azumarill|[spread] p2b\n|-miss|p1b: Drednaw|p2a: Azumarill\n|-damage|p2b: Maushold|42\/100\n|move|p2b: Maushold|Taunt|p1a: Pelipper\n|-start|p1a: Pelipper|move: Taunt\n|move|p1a: Pelipper|Hurricane|p2a: Azumarill\n|-damage|p2a: Azumarill|62\/100\n|-start|p2a: Azumarill|confusion\n|-activate|p2a: Azumarill|confusion\n|move|p2a: Azumarill|Belly Drum|p2a: Azumarill\n|-damage|p2a: Azumarill|12\/100\n|-setboost|p2a: Azumarill|atk|6|[from] move: Belly Drum\n|-enditem|p2a: Azumarill|Sitrus Berry|[eat]\n|-heal|p2a: Azumarill|37\/100|[from] item: Sitrus Berry\n|\n|-weather|RainDance|[upkeep]\n|upkeep\n|turn|2\n|inactive|Gazamie has 30 seconds left.\n|\n|t:|1681915642\n|-end|p2a: Azumarill|confusion\n|move|p2a: Azumarill|Protect|p2a: Azumarill\n|-singleturn|p2a: Azumarill|Protect\n|move|p1b: Drednaw|Rock Slide|p2b: Maushold|[spread] \n|-activate|p2a: Azumarill|move: Protect\n|-miss|p1b: Drednaw|p2b: Maushold\n|move|p2b: Maushold|Super Fang|p1b: Drednaw\n|-damage|p1b: Drednaw|50\/100\n|move|p1a: Pelipper|Hurricane|p2a: Azumarill\n|-activate|p2a: Azumarill|move: Protect\n|\n|-weather|RainDance|[upkeep]\n|upkeep\n|turn|3\n|\n|t:|1681915663\n|switch|p2b: Flamigo|Flamigo, L50, M, shiny|100\/100\n|-copyboost|p2b: Flamigo|p2a: Azumarill|[from] ability: Costar\n|move|p2a: Azumarill|Aqua Jet|p1b: Drednaw\n|-damage|p1b: Drednaw|0 fnt\n|faint|p1b: Drednaw\n|move|p1a: Pelipper|Hurricane|p2a: Azumarill\n|-damage|p2a: Azumarill|0 fnt\n|faint|p2a: Azumarill\n|\n|-weather|RainDance|[upkeep]\n|-end|p1a: Pelipper|move: Taunt\n|upkeep\n|\n|t:|1681915684\n|switch|p1b: Dondozo|Dondozo, L50, F|100\/100\n|switch|p2a: Maushold|Maushold-Four, L50|42\/100\n|turn|4\n|\n|t:|1681915708\n|move|p1b: Dondozo|Protect|p1b: Dondozo\n|-singleturn|p1b: Dondozo|Protect\n|move|p2b: Flamigo|Brave Bird|p1b: Dondozo\n|-activate|p1b: Dondozo|move: Protect\n|move|p2a: Maushold|Super Fang|p1b: Dondozo\n|-activate|p1b: Dondozo|move: Protect\n|move|p1a: Pelipper|Tailwind|p1a: Pelipper\n|-sidestart|p1: meeklosh|move: Tailwind\n|\n|-weather|RainDance|[upkeep]\n|upkeep\n|turn|5\n|\n|t:|1681915728\n|switch|p1a: Tatsugiri|Tatsugiri-Droopy, L50, M, shiny|100\/100\n|-activate|p1a: Tatsugiri|ability: Commander|[of] p1b: Dondozo\n|-boost|p1b: Dondozo|atk|2\n|-boost|p1b: Dondozo|spa|2\n|-boost|p1b: Dondozo|spe|2\n|-boost|p1b: Dondozo|def|2\n|-boost|p1b: Dondozo|spd|2\n|-terastallize|p1b: Dondozo|Water\n|move|p1b: Dondozo|Surf|p2b: Flamigo|[spread] p2a,p2b\n|-miss|p1b: Dondozo|p1a: Tatsugiri\n|-damage|p2a: Maushold|0 fnt\n|-damage|p2b: Flamigo|0 fnt\n|faint|p2a: Maushold\n|faint|p2b: Flamigo\n|-damage|p1b: Dondozo|91\/100|[from] item: Life Orb\n|\n|-weather|RainDance|[upkeep]\n|upkeep\n|\n|t:|1681915743\n|switch|p2b: Chien-Pao|Chien-Pao, L50|100\/100\n|-ability|p2b: Chien-Pao|Sword of Ruin\n|turn|6\n|\n|t:|1681915752\n|move|p1b: Dondozo|Surf|p2b: Chien-Pao|[spread] p2b\n|-miss|p1b: Dondozo|p1a: Tatsugiri\n|-damage|p2b: Chien-Pao|0 fnt\n|faint|p2b: Chien-Pao\n|-damage|p1b: Dondozo|81\/100|[from] item: Life Orb\n|\n|win|meeklosh\n|raw|meeklosh's rating: 1425 → 1442<\/strong> (+17 for winning)\n|raw|Gazamie's rating: 1375 → 1358<\/strong> (-17 for losing)\n|l|\u2606Gazamie\n","uploadtime":1681915763,"views":8,"p1id":"meeklosh","p2id":"gazamie","formatid":"gen9vgc2023regulationc","rating":1358,"private":0,"password":""}