{"id":"gen9vgc2023regulationc-1863087855","p1":"MotherModie","p2":"Guest 5841291","format":"[Gen 9] VGC 2023 Regulation C","log":"|j|\u2606MotherModie\n|t:|1683967370\n|gametype|doubles\n|player|p1|MotherModie|zinzolin|\n|player|p2|Guest 5841291|zinzolin|\n|teamsize|p1|6\n|teamsize|p2|6\n|gen|9\n|tier|[Gen 9] VGC 2023 Regulation C\n|rule|Species Clause: Limit one of each Pok\u00e9mon\n|rule|Item Clause: Limit one of each item\n|clearpoke\n|poke|p1|Iron Hands, L50|\n|poke|p1|Honchkrow, L50, M|\n|poke|p1|Amoonguss, L50, F|\n|poke|p1|Ursaring, L50, F|\n|poke|p1|Weavile, L50, F|\n|poke|p1|Iron Moth, L50|\n|poke|p2|Tauros-Paldea-Blaze, L50, M|\n|poke|p2|Umbreon, L50, F|\n|poke|p2|Kilowattrel, L50, M|\n|poke|p2|Slowbro, L50, F|\n|poke|p2|Roaring Moon, L50|\n|poke|p2|Scream Tail, L50|\n|teampreview|4\n|\n|t:|1683967427\n|start\n|switch|p1a: Weavile|Weavile, L50, F|100\/100\n|switch|p1b: Amoonguss|Amoonguss, L50, F|100\/100\n|switch|p2a: Umbreon|Umbreon, L50, F|100\/100\n|switch|p2b: Slowbro|Slowbro, L50, F|100\/100\n|-ability|p1a: Weavile|Pressure\n|turn|1\n|\n|t:|1683967469\n|-terastallize|p1a: Weavile|Dark\n|move|p1b: Amoonguss|Rage Powder|p1b: Amoonguss\n|-singleturn|p1b: Amoonguss|move: Rage Powder\n|move|p1a: Weavile|Night Slash|p2b: Slowbro\n|-supereffective|p2b: Slowbro\n|-damage|p2b: Slowbro|23\/100\n|-damage|p1a: Weavile|84\/100|[from] item: Rocky Helmet|[of] p2b: Slowbro\n|move|p2a: Umbreon|Foul Play|p1b: Amoonguss\n|-damage|p1b: Amoonguss|78\/100\n|move|p2b: Slowbro|Iron Defense|p2b: Slowbro\n|-boost|p2b: Slowbro|def|2\n|\n|-heal|p1b: Amoonguss|84\/100|[from] item: Leftovers\n|upkeep\n|turn|2\n|\n|t:|1683967548\n|switch|p2b: Tauros|Tauros-Paldea-Blaze, L50, M|100\/100\n|-ability|p2b: Tauros|Intimidate|boost\n|-unboost|p1a: Weavile|atk|1\n|-unboost|p1b: Amoonguss|atk|1\n|move|p1a: Weavile|Night Slash|p2b: Tauros\n|-resisted|p2b: Tauros\n|-damage|p2b: Tauros|72\/100\n|move|p2a: Umbreon|Foul Play|p1a: Weavile\n|-resisted|p1a: Weavile\n|-damage|p1a: Weavile|54\/100\n|move|p1b: Amoonguss|Pollen Puff|p2a: Umbreon\n|-supereffective|p2a: Umbreon\n|-damage|p2a: Umbreon|82\/100\n|\n|-heal|p1b: Amoonguss|90\/100|[from] item: Leftovers\n|upkeep\n|turn|3\n|\n|t:|1683967593\n|switch|p1a: Honchkrow|Honchkrow, L50, M|100\/100\n|move|p1b: Amoonguss|Protect|p1b: Amoonguss\n|-singleturn|p1b: Amoonguss|Protect\n|move|p2b: Tauros|Raging Bull|p1b: Amoonguss\n|-activate|p1b: Amoonguss|move: Protect\n|move|p2a: Umbreon|Foul Play|p1a: Honchkrow\n|-resisted|p1a: Honchkrow\n|-damage|p1a: Honchkrow|79\/100\n|\n|-heal|p1b: Amoonguss|96\/100|[from] item: Leftovers\n|upkeep\n|turn|4\n|\n|t:|1683967633\n|switch|p1a: Iron Hands|Iron Hands, L50|100\/100\n|move|p2b: Tauros|Raging Bull|p1b: Amoonguss\n|-supereffective|p1b: Amoonguss\n|-damage|p1b: Amoonguss|9\/100\n|move|p2a: Umbreon|Snarl|p1a: Iron Hands|[spread] p1a,p1b\n|-resisted|p1a: Iron Hands\n|-damage|p1a: Iron Hands|98\/100\n|-damage|p1b: Amoonguss|3\/100\n|-unboost|p1a: Iron Hands|spa|1\n|-unboost|p1b: Amoonguss|spa|1\n|move|p1b: Amoonguss|Foul Play|p2b: Tauros\n|-resisted|p2b: Tauros\n|-damage|p2b: Tauros|55\/100\n|\n|-heal|p1b: Amoonguss|9\/100|[from] item: Leftovers\n|upkeep\n|turn|5\n|\n|t:|1683967675\n|move|p2b: Tauros|Protect|p2b: Tauros\n|-singleturn|p2b: Tauros|Protect\n|move|p1b: Amoonguss|Protect|p1b: Amoonguss\n|-singleturn|p1b: Amoonguss|Protect\n|move|p2a: Umbreon|Snarl|p1b: Amoonguss|[spread] p1a\n|-activate|p1b: Amoonguss|move: Protect\n|-resisted|p1a: Iron Hands\n|-damage|p1a: Iron Hands|95\/100\n|-unboost|p1a: Iron Hands|spa|1\n|move|p1a: Iron Hands|Drain Punch|p2b: Tauros\n|-activate|p2b: Tauros|move: Protect\n|\n|-heal|p1b: Amoonguss|15\/100|[from] item: Leftovers\n|upkeep\n|turn|6\n|\n|t:|1683967746\n|switch|p1b: Honchkrow|Honchkrow, L50, M|79\/100\n|move|p2b: Tauros|Raging Bull|p1b: Honchkrow\n|-crit|p1b: Honchkrow\n|-damage|p1b: Honchkrow|0 fnt\n|faint|p1b: Honchkrow\n|move|p2a: Umbreon|Snarl|p1a: Iron Hands\n|-resisted|p1a: Iron Hands\n|-damage|p1a: Iron Hands|91\/100\n|-unboost|p1a: Iron Hands|spa|1\n|move|p1a: Iron Hands|Drain Punch|p2b: Tauros\n|-damage|p2b: Tauros|13\/100\n|-heal|p1a: Iron Hands|100\/100|[from] drain|[of] p2b: Tauros\n|\n|upkeep\n|\n|t:|1683967762\n|switch|p1b: Weavile|Weavile, L50, F, tera:Dark|54\/100\n|-ability|p1b: Weavile|Pressure\n|turn|7\n|\n|t:|1683967819\n|move|p2b: Tauros|Protect|p2b: Tauros\n|-singleturn|p2b: Tauros|Protect\n|move|p1b: Weavile|Shadow Claw|p2b: Tauros\n|-activate|p2b: Tauros|move: Protect\n|move|p2a: Umbreon|Foul Play|p1b: Weavile\n|-resisted|p1b: Weavile\n|-damage|p1b: Weavile|16\/100\n|move|p1a: Iron Hands|Drain Punch|p2a: Umbreon\n|-supereffective|p2a: Umbreon\n|-damage|p2a: Umbreon|24\/100\n|-enditem|p2a: Umbreon|Iapapa Berry|[eat]\n|-heal|p2a: Umbreon|57\/100|[from] item: Iapapa Berry\n|\n|upkeep\n|turn|8\n|\n|t:|1683967861\n|switch|p2b: Slowbro|Slowbro, L50, F|56\/100\n|move|p1b: Weavile|Shadow Claw|p2b: Slowbro\n|-supereffective|p2b: Slowbro\n|-damage|p2b: Slowbro|17\/100\n|-damage|p1b: Weavile|0 fnt|[from] item: Rocky Helmet|[of] p2b: Slowbro\n|faint|p1b: Weavile\n|move|p2a: Umbreon|Foul Play|p1a: Iron Hands\n|-resisted|p1a: Iron Hands\n|-damage|p1a: Iron Hands|85\/100\n|move|p1a: Iron Hands|Drain Punch|p2a: Umbreon\n|-supereffective|p2a: Umbreon\n|-damage|p2a: Umbreon|0 fnt\n|-heal|p1a: Iron Hands|100\/100|[from] drain|[of] p2a: Umbreon\n|faint|p2a: Umbreon\n|\n|upkeep\n|\n|t:|1683967889\n|switch|p1b: Amoonguss|Amoonguss, L50, F|15\/100\n|switch|p2a: Tauros|Tauros-Paldea-Blaze, L50, M|13\/100\n|-ability|p2a: Tauros|Intimidate|boost\n|-unboost|p1a: Iron Hands|atk|1\n|-unboost|p1b: Amoonguss|atk|1\n|turn|9\n|\n|t:|1683967947\n|move|p2a: Tauros|Protect|p2a: Tauros\n|-singleturn|p2a: Tauros|Protect\n|move|p1a: Iron Hands|Drain Punch|p2b: Slowbro\n|-resisted|p2b: Slowbro\n|-damage|p2b: Slowbro|10\/100\n|-damage|p1a: Iron Hands|84\/100|[from] item: Rocky Helmet|[of] p2b: Slowbro\n|move|p2b: Slowbro|Slack Off|p2b: Slowbro\n|-heal|p2b: Slowbro|60\/100\n|move|p1b: Amoonguss|Foul Play|p2a: Tauros\n|-activate|p2a: Tauros|move: Protect\n|\n|-heal|p1b: Amoonguss|21\/100|[from] item: Leftovers\n|upkeep\n|turn|10\n|\n|t:|1683967984\n|move|p1b: Amoonguss|Protect|p1b: Amoonguss\n|-singleturn|p1b: Amoonguss|Protect\n|move|p2a: Tauros|Raging Bull|p1a: Iron Hands\n|-damage|p1a: Iron Hands|58\/100\n|move|p1a: Iron Hands|Drain Punch|p2a: Tauros\n|-damage|p2a: Tauros|0 fnt\n|-heal|p1a: Iron Hands|62\/100|[from] drain|[of] p2a: Tauros\n|faint|p2a: Tauros\n|move|p2b: Slowbro|Substitute|p2b: Slowbro\n|-start|p2b: Slowbro|Substitute\n|-damage|p2b: Slowbro|35\/100\n|\n|-heal|p1b: Amoonguss|27\/100|[from] item: Leftovers\n|upkeep\n|\n|t:|1683967996\n|switch|p2a: Kilowattrel|Kilowattrel, L50, M|100\/100\n|turn|11\n|\n|t:|1683968050\n|-terastallize|p2a: Kilowattrel|Electric\n|move|p2a: Kilowattrel|Thunderbolt|p1b: Amoonguss\n|-resisted|p1b: Amoonguss\n|-damage|p1b: Amoonguss|5\/100\n|-status|p1b: Amoonguss|par\n|move|p1a: Iron Hands|Ice Punch|p2a: Kilowattrel\n|-damage|p2a: Kilowattrel|74\/100\n|move|p2b: Slowbro|Slack Off|p2b: Slowbro\n|-heal|p2b: Slowbro|85\/100\n|cant|p1b: Amoonguss|par\n|\n|-heal|p1b: Amoonguss|10\/100 par|[from] item: Leftovers\n|upkeep\n|turn|12\n|\n|t:|1683968092\n|cant|p1b: Amoonguss|par\n|move|p2a: Kilowattrel|Thunderbolt|p1b: Amoonguss\n|-resisted|p1b: Amoonguss\n|-damage|p1b: Amoonguss|0 fnt\n|faint|p1b: Amoonguss\n|move|p1a: Iron Hands|Ice Punch|p2a: Kilowattrel\n|-damage|p2a: Kilowattrel|43\/100\n|move|p2b: Slowbro|Iron Defense|p2b: Slowbro\n|-boost|p2b: Slowbro|def|2\n|\n|upkeep\n|turn|13\n|\n|t:|1683968140\n|move|p2a: Kilowattrel|Thunderbolt|p1a: Iron Hands\n|-resisted|p1a: Iron Hands\n|-damage|p1a: Iron Hands|42\/100\n|move|p1a: Iron Hands|Ice Punch|p2a: Kilowattrel\n|-damage|p2a: Kilowattrel|16\/100\n|move|p2b: Slowbro|Body Press|p1a: Iron Hands\n|-damage|p1a: Iron Hands|6\/100\n|-enditem|p1a: Iron Hands|Aguav Berry|[eat]\n|-heal|p1a: Iron Hands|40\/100|[from] item: Aguav Berry\n|\n|upkeep\n|turn|14\n|\n|t:|1683968158\n|move|p2a: Kilowattrel|Thunderbolt|p1a: Iron Hands\n|-resisted|p1a: Iron Hands\n|-damage|p1a: Iron Hands|19\/100\n|move|p1a: Iron Hands|Ice Punch|p2a: Kilowattrel\n|-damage|p2a: Kilowattrel|0 fnt\n|faint|p2a: Kilowattrel\n|move|p2b: Slowbro|Body Press|p1a: Iron Hands\n|-crit|p1a: Iron Hands\n|-damage|p1a: Iron Hands|0 fnt\n|faint|p1a: Iron Hands\n|-end|p1a: Iron Hands|Quark Drive|[silent]\n|\n|win|Guest 5841291\n","uploadtime":1683968182,"views":8,"p1id":"mothermodie","p2id":"guest5841291","formatid":"gen9vgc2023regulationc","rating":0,"private":0,"password":""}