{"id":"gen9vgc2023regulationc-1862907426","p1":"Count Sliggoo","p2":"Lordblacksage","format":"[Gen 9] VGC 2023 Regulation C","log":"|j|\u2606Count Sliggoo\n|j|\u2606Lordblacksage\n|t:|1683936758\n|gametype|doubles\n|player|p1|Count Sliggoo|ruinmaniac-gen3rs|1171\n|player|p2|Lordblacksage|giovanni|1158\n|teamsize|p1|6\n|teamsize|p2|6\n|gen|9\n|tier|[Gen 9] VGC 2023 Regulation C\n|rated|\n|rule|Species Clause: Limit one of each Pok\u00e9mon\n|rule|Item Clause: Limit one of each item\n|clearpoke\n|poke|p1|Flutter Mane, L50|\n|poke|p1|Lilligant, L50, F|\n|poke|p1|Torkoal, L50, M|\n|poke|p1|Toedscruel, L50, M|\n|poke|p1|Chien-Pao, L50|\n|poke|p1|Great Tusk, L50|\n|poke|p2|Flutter Mane, L50|\n|poke|p2|Annihilape, L50, M|\n|poke|p2|Armarouge, L50, F|\n|poke|p2|Gyarados, L50, F|\n|poke|p2|Chi-Yu, L50|\n|poke|p2|Maushold-Four, L50|\n|teampreview|4\nCount Sliggoo rejected open team sheets.\n|inactive|Battle timer is ON: inactive players will automatically lose when time's up. (requested by Count Sliggoo)\n|\n|t:|1683936837\n|start\n|switch|p1a: Ti-Lung|Chien-Pao, L50|100\/100\n|switch|p1b: Manny|Great Tusk, L50|100\/100\n|switch|p2a: Flutter Mane|Flutter Mane, L50|100\/100\n|switch|p2b: Chi-Yu|Chi-Yu, L50|100\/100\n|-ability|p2b: Chi-Yu|Beads of Ruin\n|-ability|p1a: Ti-Lung|Sword of Ruin\n|-enditem|p2a: Flutter Mane|Booster Energy\n|-activate|p2a: Flutter Mane|ability: Protosynthesis|[fromitem]\n|-start|p2a: Flutter Mane|protosynthesisspe\n|turn|1\n|inactive|Count Sliggoo has 30 seconds left.\n|inactive|Lordblacksage has 30 seconds left.\n|inactive|Count Sliggoo has 20 seconds left.\n|inactive|Count Sliggoo has 15 seconds left.\n|\n|t:|1683936877\n|move|p1a: Ti-Lung|Sucker Punch|p2a: Flutter Mane\n|-damage|p2a: Flutter Mane|0 fnt\n|faint|p2a: Flutter Mane\n|-end|p2a: Flutter Mane|Protosynthesis|[silent]\n|move|p1b: Manny|Rock Slide|p2b: Chi-Yu\n|-supereffective|p2b: Chi-Yu\n|-damage|p2b: Chi-Yu|0 fnt\n|faint|p2b: Chi-Yu\n|\n|upkeep\n|\n|t:|1683936889\n|switch|p2a: Annihilape|Annihilape, L50, M, shiny|100\/100\n|switch|p2b: Armarouge|Armarouge, L50, F, shiny|100\/100\n|turn|2\n|inactive|Lordblacksage has 30 seconds left.\n|inactive|Lordblacksage has 20 seconds left.\n|inactive|Lordblacksage has 15 seconds left.\n|inactive|Lordblacksage has 10 seconds left.\n|inactive|Lordblacksage has 5 seconds left.\n|\n|t:|1683936944\n|move|p1a: Ti-Lung|Sucker Punch|p2a: Annihilape\n|-damage|p2a: Annihilape|64\/100\n|move|p1b: Manny|Rock Slide|p2a: Annihilape|[spread] p2a,p2b\n|-resisted|p2a: Annihilape\n|-supereffective|p2b: Armarouge\n|-damage|p2a: Annihilape|52\/100\n|-damage|p2b: Armarouge|54\/100\n|move|p2a: Annihilape|Drain Punch|p1a: Ti-Lung\n|-supereffective|p1a: Ti-Lung\n|-enditem|p1a: Ti-Lung|Focus Sash\n|-damage|p1a: Ti-Lung|1\/100\n|-heal|p2a: Annihilape|89\/100|[from] drain|[of] p1a: Ti-Lung\n|move|p2b: Armarouge|Trick Room|p2b: Armarouge\n|-fieldstart|move: Trick Room|[of] p2b: Armarouge\n|\n|upkeep\n|turn|3\n|inactive|Lordblacksage has 30 seconds left.\n|inactive|Lordblacksage has 20 seconds left.\n|inactive|Lordblacksage has 15 seconds left.\n|inactive|Lordblacksage has 10 seconds left.\n|inactive|Lordblacksage has 5 seconds left.\n|\n|t:|1683936997\n|-terastallize|p2b: Armarouge|Grass\n|move|p1a: Ti-Lung|Protect|p1a: Ti-Lung\n|-singleturn|p1a: Ti-Lung|Protect\n|move|p2b: Armarouge|Energy Ball|p1b: Manny\n|-supereffective|p1b: Manny\n|-damage|p1b: Manny|0 fnt\n|faint|p1b: Manny\n|-end|p1b: Manny|Protosynthesis|[silent]\n|-damage|p2b: Armarouge|44\/100|[from] item: Life Orb\n|move|p2a: Annihilape|Rage Fist|p1a: Ti-Lung\n|-activate|p1a: Ti-Lung|move: Protect\n|\n|upkeep\n|\n|t:|1683937014\n|switch|p1b: Mr. Squidward|Toedscruel, L50, M|100\/100\n|turn|4\n|inactive|Count Sliggoo has 30 seconds left.\n|inactive|Lordblacksage has 30 seconds left.\n|\n|t:|1683937046\n|move|p2b: Armarouge|Protect|p2b: Armarouge\n|-singleturn|p2b: Armarouge|Protect\n|move|p1b: Mr. Squidward|Rage Powder|p1b: Mr. Squidward\n|-singleturn|p1b: Mr. Squidward|move: Rage Powder\n|move|p2a: Annihilape|Rage Fist|p1b: Mr. Squidward\n|-damage|p1b: Mr. Squidward|0 fnt\n|faint|p1b: Mr. Squidward\n|move|p1a: Ti-Lung|Ice Spinner|p2b: Armarouge\n|-activate|p2b: Armarouge|move: Protect\n|\n|upkeep\n|\n|t:|1683937055\n|switch|p1b: Baelnorn|Flutter Mane, L50|100\/100\n|turn|5\n|inactive|Lordblacksage has 30 seconds left.\n|inactive|Lordblacksage has 20 seconds left.\n|inactive|Lordblacksage has 15 seconds left.\n|inactive|Lordblacksage has 10 seconds left.\n|inactive|Lordblacksage has 5 seconds left.\n|\n|t:|1683937108\n|move|p1b: Baelnorn|Protect|p1b: Baelnorn\n|-singleturn|p1b: Baelnorn|Protect\n|move|p1a: Ti-Lung|Protect|p1a: Ti-Lung\n|-singleturn|p1a: Ti-Lung|Protect\n|move|p2b: Armarouge|Armor Cannon|p1b: Baelnorn\n|-activate|p1b: Baelnorn|move: Protect\n|move|p2a: Annihilape|Rock Slide|p1a: Ti-Lung|[spread] \n|-activate|p1a: Ti-Lung|move: Protect\n|-activate|p1b: Baelnorn|move: Protect\n|\n|upkeep\n|turn|6\n|inactive|Lordblacksage has 30 seconds left.\n|inactive|Lordblacksage has 20 seconds left.\n|\n|t:|1683937148\n|-terastallize|p1b: Baelnorn|Fire\n|move|p1a: Ti-Lung|Sucker Punch|p2b: Armarouge\n|-damage|p2b: Armarouge|3\/100\n|move|p2b: Armarouge|Armor Cannon|p1a: Ti-Lung\n|-supereffective|p1a: Ti-Lung\n|-damage|p1a: Ti-Lung|0 fnt\n|-unboost|p2b: Armarouge|def|1\n|-unboost|p2b: Armarouge|spd|1\n|faint|p1a: Ti-Lung\n|-damage|p2b: Armarouge|0 fnt|[from] item: Life Orb\n|faint|p2b: Armarouge\n|move|p2a: Annihilape|Rage Fist|p1b: Baelnorn\n|-damage|p1b: Baelnorn|10\/100\n|move|p1b: Baelnorn|Shadow Ball|p2a: Annihilape\n|-supereffective|p2a: Annihilape\n|-damage|p2a: Annihilape|18\/100\n|\n|-heal|p1b: Baelnorn|16\/100|[from] item: Leftovers\n|-fieldend|move: Trick Room\n|upkeep\n|turn|7\n|\n|t:|1683937166\n|move|p1b: Baelnorn|Shadow Ball|p2a: Annihilape\n|-supereffective|p2a: Annihilape\n|-damage|p2a: Annihilape|0 fnt\n|faint|p2a: Annihilape\n|\n|win|Count Sliggoo\n|raw|Count Sliggoo's rating: 1171 → 1195<\/strong> (+24 for winning)\n|raw|Lordblacksage's rating: 1158 → 1134<\/strong> (-24 for losing)\n|l|\u2606Lordblacksage\n","uploadtime":1683937245,"views":9,"p1id":"countsliggoo","p2id":"lordblacksage","formatid":"gen9vgc2023regulationc","rating":1134,"private":0,"password":""}