{"id":"gen9vgc2023regulationc-1847343393","p1":"totallynotatworkrn","p2":"teamskull_testing","format":"[Gen 9] VGC 2023 Regulation C","log":"|j|\u2606totallynotatworkrn\n|j|\u2606teamskull_testing\n|t:|1681940509\n|gametype|doubles\n|player|p1|totallynotatworkrn|worker-gen4|1255\n|player|p2|teamskull_testing|guzma-masters|1356\n|teamsize|p1|6\n|teamsize|p2|6\n|gen|9\n|tier|[Gen 9] VGC 2023 Regulation C\n|rated|\n|rule|Species Clause: Limit one of each Pok\u00e9mon\n|rule|Item Clause: Limit one of each item\n|clearpoke\n|poke|p1|Wo-Chien, L50|\n|poke|p1|Ting-Lu, L50|\n|poke|p1|Garganacl, L50, F|\n|poke|p1|Glimmora, L50, M|\n|poke|p1|Baxcalibur, L50, F|\n|poke|p1|Arcanine, L50, M|\n|poke|p2|Chien-Pao, L50|\n|poke|p2|Corviknight, L50, F|\n|poke|p2|Garchomp, L50, M|\n|poke|p2|Flutter Mane, L50|\n|poke|p2|Ceruledge, L50, M|\n|poke|p2|Amoonguss, L50, F|\n|teampreview|4\n|inactive|Battle timer is ON: inactive players will automatically lose when time's up. (requested by totallynotatworkrn)\ntotallynotatworkrn has agreed to open team sheets.\nteamskull_testing has agreed to open team sheets.\n|c|\u2606teamskull_testing|Highkey playing this at work rn too\n|c|\u2606teamskull_testing|Good luck bro\n|c|\u2606totallynotatworkrn|no u\n|inactive|totallynotatworkrn has 60 seconds left.\n|inactive|teamskull_testing has 60 seconds left.\n|\n|t:|1681940563\n|start\n|switch|p1a: Glimmora|Glimmora, L50, M|100\/100\n|switch|p1b: Arcanine|Arcanine, L50, M|100\/100\n|switch|p2a: Ceruledge|Ceruledge, L50, M|100\/100\n|switch|p2b: Amoonguss|Amoonguss, L50, F|100\/100\n|-ability|p1b: Arcanine|Intimidate|boost\n|-fail|p2a: Ceruledge|unboost|[from] item: Clear Amulet|[of] p2a: Ceruledge\n|-unboost|p2b: Amoonguss|atk|1\n|turn|1\n|inactive|totallynotatworkrn has 30 seconds left.\n|\n|t:|1681940597\n|-terastallize|p2a: Ceruledge|Grass\n|move|p1b: Arcanine|Flare Blitz|p2b: Amoonguss\n|-supereffective|p2b: Amoonguss\n|-enditem|p2b: Amoonguss|Occa Berry|[eat]\n|-enditem|p2b: Amoonguss|Occa Berry|[weaken]\n|-damage|p2b: Amoonguss|62\/100\n|-damage|p1b: Arcanine|86\/100|[from] Recoil\n|move|p1a: Glimmora|Mortal Spin|p2b: Amoonguss|[spread] p2a,p2b\n|-supereffective|p2a: Ceruledge\n|-damage|p2a: Ceruledge|90\/100\n|-damage|p2b: Amoonguss|58\/100\n|-status|p2a: Ceruledge|psn\n|move|p2a: Ceruledge|Swords Dance|p2a: Ceruledge\n|-boost|p2a: Ceruledge|atk|2\n|move|p2b: Amoonguss|Spore|p1a: Glimmora\n|-status|p1a: Glimmora|slp|[from] move: Spore\n|\n|-damage|p2a: Ceruledge|77\/100 psn|[from] psn\n|upkeep\n|turn|2\n|inactive|totallynotatworkrn has 30 seconds left.\n|inactive|teamskull_testing has 30 seconds left.\n|\n|t:|1681940628\n|move|p2a: Ceruledge|Shadow Sneak|p1b: Arcanine\n|-damage|p1b: Arcanine|32\/100\n|move|p1b: Arcanine|Flare Blitz|p2b: Amoonguss\n|-supereffective|p2b: Amoonguss\n|-damage|p2b: Amoonguss|0 fnt\n|faint|p2b: Amoonguss\n|-damage|p1b: Arcanine|10\/100|[from] Recoil\n|cant|p1a: Glimmora|slp\n|\n|-damage|p2a: Ceruledge|65\/100 psn|[from] psn\n|upkeep\n|\n|t:|1681940634\n|switch|p2b: Garchomp|Garchomp, L50, M|100\/100\n|turn|3\n|\n|t:|1681940643\n|move|p1b: Arcanine|Protect|p1b: Arcanine\n|-singleturn|p1b: Arcanine|Protect\n|move|p2a: Ceruledge|Shadow Sneak|p1b: Arcanine\n|-activate|p1b: Arcanine|move: Protect\n|move|p2b: Garchomp|Stomping Tantrum|p1a: Glimmora\n|-supereffective|p1a: Glimmora\n|-enditem|p1a: Glimmora|Focus Sash\n|-damage|p1a: Glimmora|1\/100 slp\n|-activate|p1a: Glimmora|ability: Toxic Debris\n|-sidestart|p2: teamskull_testing|move: Toxic Spikes\n|-curestatus|p1a: Glimmora|slp|[msg]\n|move|p1a: Glimmora|Mortal Spin|p2a: Ceruledge|[spread] p2a,p2b\n|-supereffective|p2a: Ceruledge\n|-resisted|p2b: Garchomp\n|-damage|p2a: Ceruledge|54\/100 psn\n|-damage|p2b: Garchomp|98\/100\n|-status|p2b: Garchomp|psn\n|-damage|p1a: Glimmora|0 fnt|[from] ability: Rough Skin|[of] p2b: Garchomp\n|faint|p1a: Glimmora\n|\n|-damage|p2b: Garchomp|86\/100 psn|[from] psn\n|-damage|p2a: Ceruledge|42\/100 psn|[from] psn\n|upkeep\n|\n|t:|1681940656\n|switch|p1a: Baxcalibur|Baxcalibur, L50, F|100\/100\n|turn|4\n|inactive|totallynotatworkrn has 30 seconds left.\n|inactive|totallynotatworkrn has 20 seconds left.\n|\n|t:|1681940694\n|switch|p1b: Garganacl|Garganacl, L50, F|100\/100\n|move|p1a: Baxcalibur|Ice Shard|p2a: Ceruledge\n|-supereffective|p2a: Ceruledge\n|-damage|p2a: Ceruledge|0 fnt\n|faint|p2a: Ceruledge\n|move|p2b: Garchomp|Stomping Tantrum|p1b: Garganacl\n|-supereffective|p1b: Garganacl\n|-damage|p1b: Garganacl|45\/100\n|-enditem|p1b: Garganacl|Sitrus Berry|[eat]\n|-heal|p1b: Garganacl|70\/100|[from] item: Sitrus Berry\n|\n|-damage|p2b: Garchomp|74\/100 psn|[from] psn\n|upkeep\n|\n|t:|1681940701\n|switch|p2a: Flutter Mane|Flutter Mane, L50|100\/100\n|-status|p2a: Flutter Mane|psn\n|turn|5\n|\n|t:|1681940717\n|-terastallize|p1a: Baxcalibur|Water\n|move|p1a: Baxcalibur|Ice Shard|p2b: Garchomp\n|-supereffective|p2b: Garchomp\n|-damage|p2b: Garchomp|0 fnt\n|faint|p2b: Garchomp\n|move|p2a: Flutter Mane|Moonblast|p1a: Baxcalibur\n|-crit|p1a: Baxcalibur\n|-damage|p1a: Baxcalibur|27\/100\n|move|p1b: Garganacl|Salt Cure|p2a: Flutter Mane\n|-damage|p2a: Flutter Mane|70\/100 psn\n|-start|p2a: Flutter Mane|Salt Cure\n|\n|-damage|p2a: Flutter Mane|57\/100 psn|[from] psn\n|-damage|p2a: Flutter Mane|45\/100 psn|[from] Salt Cure\n|upkeep\n|turn|6\n|\n|t:|1681940726\n|move|p1a: Baxcalibur|Protect|p1a: Baxcalibur\n|-singleturn|p1a: Baxcalibur|Protect\n|move|p1b: Garganacl|Protect|p1b: Garganacl\n|-singleturn|p1b: Garganacl|Protect\n|move|p2a: Flutter Mane|Dazzling Gleam|p1a: Baxcalibur|[spread] \n|-activate|p1a: Baxcalibur|move: Protect\n|-activate|p1b: Garganacl|move: Protect\n|\n|-damage|p2a: Flutter Mane|33\/100 psn|[from] psn\n|-damage|p2a: Flutter Mane|20\/100 psn|[from] Salt Cure\n|upkeep\n|turn|7\n|c|\u2606totallynotatworkrn|gg\n|c|\u2606teamskull_testing|gg\n|\n|t:|1681940735\n|move|p1a: Baxcalibur|Ice Shard|p2a: Flutter Mane\n|-damage|p2a: Flutter Mane|0 fnt\n|faint|p2a: Flutter Mane\n|-end|p2a: Flutter Mane|Protosynthesis|[silent]\n|\n|win|totallynotatworkrn\n|raw|totallynotatworkrn's rating: 1255 → 1287<\/strong> (+32 for winning)\n|raw|teamskull_testing's rating: 1356 → 1330<\/strong> (-26 for losing)\n|c|\u2606totallynotatworkrn|have fun at work\n|c|\u2606totallynotatworkrn|I mean\n|c|\u2606totallynotatworkrn|at home\n|c|\u2606totallynotatworkrn|because we are responsible\n|c|\u2606teamskull_testing|Thx lmao\n","uploadtime":1681940767,"views":4,"p1id":"totallynotatworkrn","p2id":"teamskulltesting","formatid":"gen9vgc2023regulationc","rating":1287,"private":0,"password":""}