{"id":"gen9vgc2023regulationc-1852202679","p1":"Dancingace1000","p2":"ErPaoletto","format":"[Gen 9] VGC 2023 Regulation C","log":"|j|\u2606Dancingace1000\n|j|\u2606ErPaoletto\n|t:|1682532602\n|gametype|doubles\n|player|p1|Dancingace1000|riley|1047\n|player|p2|ErPaoletto|169|1062\n|teamsize|p1|6\n|teamsize|p2|6\n|gen|9\n|tier|[Gen 9] VGC 2023 Regulation C\n|rated|\n|rule|Species Clause: Limit one of each Pok\u00e9mon\n|rule|Item Clause: Limit one of each item\n|clearpoke\n|poke|p1|Slaking, L50, M|\n|poke|p1|Grafaiai, L50, M|\n|poke|p1|Flutter Mane, L50|\n|poke|p1|Arcanine, L50, M|\n|poke|p1|Dragonite, L50, M|\n|poke|p1|Iron Bundle, L50|\n|poke|p2|Abomasnow, L50, M|\n|poke|p2|Cetitan, L50, M|\n|poke|p2|Tauros-Paldea-Aqua, L50, M|\n|poke|p2|Gothorita, L50, M|\n|poke|p2|Dragonite, L50, M|\n|poke|p2|Eelektross, L50, M|\n|teampreview|4\n|inactive|Battle timer is ON: inactive players will automatically lose when time's up. (requested by ErPaoletto)\n|inactive|ErPaoletto has 60 seconds left.\n|\n|t:|1682532645\n|start\n|switch|p1a: Grafaiai|Grafaiai, L50, M|100\/100\n|switch|p1b: Slaking|Slaking, L50, M|100\/100\n|switch|p2a: Tauros|Tauros-Paldea-Aqua, L50, M|100\/100\n|switch|p2b: Gothorita|Gothorita, L50, M|100\/100\n|-ability|p2a: Tauros|Intimidate|boost\n|-unboost|p1a: Grafaiai|atk|1\n|-fail|p1b: Slaking|unboost|[from] item: Clear Amulet|[of] p1b: Slaking\n|turn|1\n|inactive|Dancingace1000 has 30 seconds left.\n|inactive|ErPaoletto has 30 seconds left.\n|\n|t:|1682532682\n|-terastallize|p1b: Slaking|Ghost\n|-terastallize|p2b: Gothorita|Ghost\n|move|p2b: Gothorita|Helping Hand|p2a: Tauros\n|-singleturn|p2a: Tauros|Helping Hand|[of] p2b: Gothorita\n|move|p1a: Grafaiai|Doodle|p2a: Tauros\n|-endability|p1a: Grafaiai|Prankster|[from] move: Doodle\n|-ability|p1a: Grafaiai|Intimidate|boost\n|-unboost|p2a: Tauros|atk|1\n|-unboost|p2b: Gothorita|atk|1\n|-ability|p1a: Grafaiai|Intimidate|[from] move: Doodle\n|-endability|p1b: Slaking|Truant|[from] move: Doodle\n|-ability|p1b: Slaking|Intimidate|boost\n|-unboost|p2a: Tauros|atk|1\n|-unboost|p2b: Gothorita|atk|1\n|-ability|p1b: Slaking|Intimidate|[from] move: Doodle\n|move|p1b: Slaking|Bulk Up|p1b: Slaking\n|-boost|p1b: Slaking|atk|1\n|-boost|p1b: Slaking|def|1\n|-enditem|p2a: Tauros|Mirror Herb\n|-boost|p2a: Tauros|atk|1|[from] item: Mirror Herb\n|-boost|p2a: Tauros|def|1|[from] item: Mirror Herb\n|move|p2a: Tauros|Close Combat|p1b: Slaking\n|-immune|p1b: Slaking\n|\n|upkeep\n|turn|2\n|inactive|Dancingace1000 has 30 seconds left.\n|inactive|ErPaoletto has 30 seconds left.\n|\n|t:|1682532715\n|move|p1b: Slaking|Sucker Punch||[still]\n|-fail|p1b: Slaking\n|move|p2a: Tauros|Raging Bull|p1b: Slaking\n|-damage|p1b: Slaking|87\/100\n|move|p1a: Grafaiai|Doodle|p2b: Gothorita\n|-endability|p1a: Grafaiai|Intimidate|[from] move: Doodle\n|-ability|p1a: Grafaiai|Shadow Tag|[from] move: Doodle\n|-endability|p1b: Slaking|Intimidate|[from] move: Doodle\n|-ability|p1b: Slaking|Shadow Tag|[from] move: Doodle\n|move|p2b: Gothorita|Psych Up|p1b: Slaking\n|-copyboost|p2b: Gothorita|p1b: Slaking|[from] move: Psych Up\n|\n|upkeep\n|turn|3\n|inactive|Dancingace1000 has 30 seconds left.\n|inactive|ErPaoletto has 30 seconds left.\n|\n|t:|1682532750\n|move|p2a: Tauros|Raging Bull|p1a: Grafaiai\n|-damage|p1a: Grafaiai|66\/100\n|move|p1b: Slaking|Body Slam|p2b: Gothorita\n|-immune|p2b: Gothorita\n|move|p1a: Grafaiai|Parting Shot|p2b: Gothorita\n|-unboost|p2b: Gothorita|atk|1\n|-unboost|p2b: Gothorita|spa|1\n|\n|t:|1682532759\n|switch|p1a: Flutter Mane|Flutter Mane, L50|100\/100|[from] Parting Shot\n|-enditem|p1a: Flutter Mane|Booster Energy\n|-activate|p1a: Flutter Mane|ability: Protosynthesis|[fromitem]\n|-start|p1a: Flutter Mane|protosynthesisspe\n|move|p2b: Gothorita|Shadow Ball|p1b: Slaking\n|-supereffective|p1b: Slaking\n|-damage|p1b: Slaking|57\/100\n|\n|upkeep\n|turn|4\n|inactive|Dancingace1000 has 30 seconds left.\n|inactive|Dancingace1000 has 20 seconds left.\n|\n|t:|1682532794\n|move|p2a: Tauros|Protect|p2a: Tauros\n|-singleturn|p2a: Tauros|Protect\n|move|p1a: Flutter Mane|Dazzling Gleam|p2a: Tauros|[spread] p2b\n|-activate|p2a: Tauros|move: Protect\n|-damage|p2b: Gothorita|78\/100\n|move|p1b: Slaking|Body Slam|p2a: Tauros\n|-activate|p2a: Tauros|move: Protect\n|move|p2b: Gothorita|Psych Up|p1b: Slaking\n|-copyboost|p2b: Gothorita|p1b: Slaking|[from] move: Psych Up\n|\n|upkeep\n|turn|5\n|inactive|ErPaoletto has 30 seconds left.\n|inactive|ErPaoletto has 20 seconds left.\n|\n|t:|1682532832\n|move|p1a: Flutter Mane|Shadow Ball|p2b: Gothorita\n|-supereffective|p2b: Gothorita\n|-damage|p2b: Gothorita|8\/100\n|-unboost|p2b: Gothorita|spd|1\n|move|p1b: Slaking|Drain Punch|p2a: Tauros\n|-damage|p2a: Tauros|71\/100\n|-heal|p1b: Slaking|67\/100|[from] drain|[of] p2a: Tauros\n|move|p2a: Tauros|Raging Bull|p1a: Flutter Mane\n|-damage|p1a: Flutter Mane|49\/100\n|move|p2b: Gothorita|Shadow Ball|p1a: Flutter Mane\n|-supereffective|p1a: Flutter Mane\n|-damage|p1a: Flutter Mane|7\/100\n|\n|upkeep\n|turn|6\n|inactive|Dancingace1000 has 30 seconds left.\n|\n|t:|1682532860\n|move|p2a: Tauros|Aqua Jet|p1a: Flutter Mane\n|-damage|p1a: Flutter Mane|0 fnt\n|faint|p1a: Flutter Mane\n|-end|p1a: Flutter Mane|Protosynthesis|[silent]\n|move|p1b: Slaking|Body Slam|p2a: Tauros\n|-damage|p2a: Tauros|21\/100\n|-status|p2a: Tauros|par\n|move|p2b: Gothorita|Shadow Ball|p1b: Slaking\n|-supereffective|p1b: Slaking\n|-damage|p1b: Slaking|26\/100\n|\n|upkeep\n|\n|t:|1682532874\n|switch|p1a: Iron Bundle|Iron Bundle, L50|100\/100\n|turn|7\n|\n|t:|1682532891\n|cant|p2a: Tauros|par\n|move|p1a: Iron Bundle|Freeze-Dry|p2b: Gothorita\n|-damage|p2b: Gothorita|0 fnt\n|faint|p2b: Gothorita\n|move|p1b: Slaking|Body Slam|p2a: Tauros\n|-damage|p2a: Tauros|0 fnt\n|faint|p2a: Tauros\n|\n|upkeep\n|\n|t:|1682532899\n|switch|p2a: Eelektross|Eelektross, L50, M, shiny|100\/100\n|switch|p2b: Abomasnow|Abomasnow, L50, M, shiny|100\/100\n|-weather|Snow|[from] ability: Snow Warning|[of] p2b: Abomasnow\n|turn|8\n|inactive|Dancingace1000 has 30 seconds left.\n|\n|t:|1682532929\n|move|p1a: Iron Bundle|Freeze-Dry|p2b: Abomasnow\n|-damage|p2b: Abomasnow|55\/100\n|move|p1b: Slaking|Drain Punch|p2b: Abomasnow\n|-supereffective|p2b: Abomasnow\n|-damage|p2b: Abomasnow|0 fnt\n|-heal|p1b: Slaking|46\/100|[from] drain|[of] p2b: Abomasnow\n|faint|p2b: Abomasnow\n|move|p2a: Eelektross|Coil|p2a: Eelektross\n|-boost|p2a: Eelektross|atk|1\n|-boost|p2a: Eelektross|def|1\n|-boost|p2a: Eelektross|accuracy|1\n|\n|-weather|Snow|[upkeep]\n|upkeep\n|turn|9\n|inactive|Dancingace1000 has 30 seconds left.\n|inactive|Dancingace1000 has 20 seconds left.\n|\n|t:|1682532965\n|move|p1a: Iron Bundle|Hydro Pump|p2a: Eelektross\n|-damage|p2a: Eelektross|37\/100\n|move|p1b: Slaking|Body Slam|p2a: Eelektross\n|-damage|p2a: Eelektross|0 fnt\n|faint|p2a: Eelektross\n|\n|win|Dancingace1000\n|raw|Dancingace1000's rating: 1047 → 1081<\/strong> (+34 for winning)\n|raw|ErPaoletto's rating: 1062 → 1042<\/strong> (-20 for losing)\n","uploadtime":1682532974,"views":9,"p1id":"dancingace1000","p2id":"erpaoletto","formatid":"gen9vgc2023regulationc","rating":1042,"private":0,"password":""}