{"id":"gen9vgc2023regulationc-1845181576","p1":"Zydroxequil","p2":"JuanSR","format":"[Gen 9] VGC 2023 Regulation C","log":"|j|\u2606Zydroxequil\n|j|\u2606JuanSR\n|t:|1681693315\n|gametype|doubles\n|player|p1|Zydroxequil|scientist-gen4dp|1183\n|player|p2|JuanSR|dancer|1158\n|teamsize|p1|6\n|teamsize|p2|6\n|gen|9\n|tier|[Gen 9] VGC 2023 Regulation C\n|rated|\n|rule|Species Clause: Limit one of each Pok\u00e9mon\n|rule|Item Clause: Limit one of each item\n|clearpoke\n|poke|p1|Corviknight, L50, F|\n|poke|p1|Tyranitar, L50, F|\n|poke|p1|Garchomp, L50, M|\n|poke|p1|Gyarados, L50, F|\n|poke|p1|Amoonguss, L50, M|\n|poke|p1|Iron Hands, L50|\n|poke|p2|Chien-Pao, L50|\n|poke|p2|Ting-Lu, L50|\n|poke|p2|Flutter Mane, L50|\n|poke|p2|Palafin, L50, F|\n|poke|p2|Arcanine, L50, F|\n|poke|p2|Amoonguss, L50, F|\n|teampreview|4\n|\n|t:|1681693416\n|start\n|switch|p1a: Corviknight|Corviknight, L50, F|100\/100\n|switch|p1b: Gyarados|Gyarados, L50, F, shiny|100\/100\n|switch|p2a: Flutter Mane|Flutter Mane, L50|100\/100\n|switch|p2b: Palafin|Palafin, L50, F|100\/100\n|-ability|p1b: Gyarados|Intimidate|boost\n|-unboost|p2a: Flutter Mane|atk|1\n|-unboost|p2b: Palafin|atk|1\n|turn|1\n|\n|t:|1681693478\n|detailschange|p2b: Palafin|Palafin-Hero, L50, F\n|switch|p2b: Arcanine|Arcanine, L50, F|100\/100\n|-ability|p2b: Arcanine|Intimidate|boost\n|-ability|p1a: Corviknight|Mirror Armor\n|-unboost|p2b: Arcanine|atk|1\n|-unboost|p1b: Gyarados|atk|1\n|move|p2a: Flutter Mane|Thunderbolt|p1b: Gyarados\n|-supereffective|p1b: Gyarados\n|-damage|p1b: Gyarados|0 fnt\n|faint|p1b: Gyarados\n|move|p1a: Corviknight|Iron Head|p2a: Flutter Mane\n|-supereffective|p2a: Flutter Mane\n|-damage|p2a: Flutter Mane|0 fnt\n|faint|p2a: Flutter Mane\n|-end|p2a: Flutter Mane|Protosynthesis|[silent]\n|\n|upkeep\n|\n|t:|1681693499\n|switch|p2a: Palafin|Palafin-Hero, L50, F|100\/100\n|switch|p1b: Garchomp|Garchomp, L50, M|100\/100\n|-activate|p2a: Palafin|ability: Zero to Hero\n|turn|2\n|\n|t:|1681693522\n|switch|p2b: Amoonguss|Amoonguss, L50, F|100\/100\n|-terastallize|p2a: Palafin|Water\n|move|p2a: Palafin|Jet Punch|p1b: Garchomp\n|-damage|p1b: Garchomp|38\/100\n|move|p1b: Garchomp|Earthquake|p2b: Amoonguss|[spread] p2a,p2b\n|-immune|p1a: Corviknight\n|-damage|p2a: Palafin|49\/100\n|-damage|p2b: Amoonguss|58\/100\n|move|p1a: Corviknight|Taunt|p2b: Amoonguss\n|-start|p2b: Amoonguss|move: Taunt\n|\n|upkeep\n|turn|3\n|\n|t:|1681693563\n|switch|p2b: Arcanine|Arcanine, L50, F|100\/100\n|-ability|p2b: Arcanine|Intimidate|boost\n|-ability|p1a: Corviknight|Mirror Armor\n|-unboost|p2b: Arcanine|atk|1\n|-unboost|p1b: Garchomp|atk|1\n|-terastallize|p1b: Garchomp|Fire\n|move|p2a: Palafin|Protect|p2a: Palafin\n|-singleturn|p2a: Palafin|Protect\n|move|p1b: Garchomp|Earthquake|p2a: Palafin|[spread] p2b\n|-activate|p2a: Palafin|move: Protect\n|-immune|p1a: Corviknight\n|-supereffective|p2b: Arcanine\n|-damage|p2b: Arcanine|14\/100\n|move|p1a: Corviknight|Brave Bird|p2b: Arcanine\n|-damage|p2b: Arcanine|0 fnt\n|faint|p2b: Arcanine\n|-damage|p1a: Corviknight|96\/100|[from] Recoil\n|\n|upkeep\n|\n|t:|1681693580\n|switch|p2b: Amoonguss|Amoonguss, L50, F|91\/100\n|turn|4\n|\n|t:|1681693606\n|switch|p1b: Tyranitar|Tyranitar, L50, F, shiny|100\/100\n|-weather|Sandstorm|[from] ability: Sand Stream|[of] p1b: Tyranitar\n|move|p2a: Palafin|Jet Punch|p1b: Tyranitar\n|-supereffective|p1b: Tyranitar\n|-damage|p1b: Tyranitar|0 fnt\n|faint|p1b: Tyranitar\n|move|p1a: Corviknight|Brave Bird|p2a: Palafin\n|-damage|p2a: Palafin|16\/100\n|-damage|p1a: Corviknight|85\/100|[from] Recoil\n|move|p2b: Amoonguss|Spore|p1a: Corviknight\n|-status|p1a: Corviknight|slp|[from] move: Spore\n|-enditem|p1a: Corviknight|Lum Berry|[eat]\n|-curestatus|p1a: Corviknight|slp|[msg]\n|\n|-weather|Sandstorm|[upkeep]\n|-damage|p2a: Palafin|10\/100|[from] Sandstorm\n|-damage|p2b: Amoonguss|85\/100|[from] Sandstorm\n|upkeep\n|\n|t:|1681693609\n|switch|p1b: Garchomp|Garchomp, L50, M, tera:Fire|38\/100\n|turn|5\n|\n|t:|1681693629\n|move|p2b: Amoonguss|Rage Powder|p2b: Amoonguss\n|-singleturn|p2b: Amoonguss|move: Rage Powder\n|move|p2a: Palafin|Jet Punch|p1b: Garchomp|[miss]\n|-miss|p2a: Palafin|p1b: Garchomp\n|move|p1b: Garchomp|Earthquake|p2a: Palafin|[spread] p2a,p2b\n|-immune|p1a: Corviknight\n|-damage|p2a: Palafin|0 fnt\n|-damage|p2b: Amoonguss|38\/100\n|-enditem|p2b: Amoonguss|Sitrus Berry|[eat]\n|-heal|p2b: Amoonguss|63\/100|[from] item: Sitrus Berry\n|faint|p2a: Palafin\n|move|p1a: Corviknight|Taunt|p2b: Amoonguss\n|-start|p2b: Amoonguss|move: Taunt\n|\n|-weather|Sandstorm|[upkeep]\n|-damage|p2b: Amoonguss|57\/100|[from] Sandstorm\n|upkeep\n|turn|6\n|c|\u2606JuanSR|miss?\n|c|\u2606JuanSR|how?\n|c|\u2606JuanSR|is 100%\n|c|\u2606Zydroxequil|sand veil\n|c|\u2606JuanSR|what thas sand veil does?\n|c|\u2606Zydroxequil|20% evasion\n|c|\u2606Zydroxequil|in sand\n|c|\u2606JuanSR|lol...\n|c|\u2606JuanSR|gwp\n|c|\u2606JuanSR|ggwp\n|-message|JuanSR forfeited.\n|\n|win|Zydroxequil\n|raw|Zydroxequil's rating: 1183 → 1206<\/strong> (+23 for winning)\n|raw|JuanSR's rating: 1158 → 1135<\/strong> (-23 for losing)\n|l|\u2606JuanSR\n|c|\u2606Zydroxequil|ggwp\n","uploadtime":1681693697,"views":11,"p1id":"zydroxequil","p2id":"juansr","formatid":"gen9vgc2023regulationc","rating":1135,"private":0,"password":""}