{"id":"gen9vgc2023regulationc-1863079576","p1":"iightable","p2":"Gurrasnurra5","format":"[Gen 9] VGC 2023 Regulation C","log":"|j|\u2606iightable\n|j|\u2606Gurrasnurra5\n|t:|1683965634\n|gametype|doubles\n|player|p1|iightable|backersf|1051\n|player|p2|Gurrasnurra5|crasherwake|1021\n|teamsize|p1|6\n|teamsize|p2|6\n|gen|9\n|tier|[Gen 9] VGC 2023 Regulation C\n|rated|\n|rule|Species Clause: Limit one of each Pok\u00e9mon\n|rule|Item Clause: Limit one of each item\n|clearpoke\n|poke|p1|Ting-Lu, L50|\n|poke|p1|Florges, L50, F|\n|poke|p1|Brambleghast, L50, F|\n|poke|p1|Volcarona, L50, M|\n|poke|p1|Meowscarada, L50, M|\n|poke|p1|Sandy Shocks, L50|\n|poke|p2|Ceruledge, L50, F|\n|poke|p2|Amoonguss, L50, F|\n|poke|p2|Flutter Mane, L50|\n|poke|p2|Baxcalibur, L50, F|\n|poke|p2|Kingambit, L50, M|\n|poke|p2|Braviary, L50, M|\n|teampreview|4\nGurrasnurra5 has agreed to open team sheets.\n|inactive|Battle timer is ON: inactive players will automatically lose when time's up. (requested by iightable)\n|\n|t:|1683965688\n|start\n|switch|p1a: Ting-Lu|Ting-Lu, L50|100\/100\n|switch|p1b: Sandy Shocks|Sandy Shocks, L50, shiny|100\/100\n|switch|p2a: Kingambit|Kingambit, L50, M|100\/100\n|switch|p2b: Braviary|Braviary, L50, M|100\/100\n|-ability|p1a: Ting-Lu|Vessel of Ruin\n|-enditem|p1b: Sandy Shocks|Booster Energy\n|-activate|p1b: Sandy Shocks|ability: Protosynthesis|[fromitem]\n|-start|p1b: Sandy Shocks|protosynthesisspe\n|turn|1\n|inactive|iightable has 30 seconds left.\n|inactive|Gurrasnurra5 has 30 seconds left.\n|inactive|iightable has 20 seconds left.\n|inactive|Gurrasnurra5 has 20 seconds left.\n|\n|t:|1683965727\n|move|p1b: Sandy Shocks|Thunderbolt|p2b: Braviary\n|-supereffective|p2b: Braviary\n|-crit|p2b: Braviary\n|-damage|p2b: Braviary|0 fnt\n|faint|p2b: Braviary\n|move|p2a: Kingambit|Kowtow Cleave|p1b: Sandy Shocks\n|-damage|p1b: Sandy Shocks|50\/100\n|move|p1a: Ting-Lu|Stomping Tantrum|p2a: Kingambit\n|-supereffective|p2a: Kingambit\n|-damage|p2a: Kingambit|59\/100\n|\n|upkeep\n|\n|t:|1683965737\n|switch|p2b: Baxcalibur|Baxcalibur, L50, F|100\/100\n|turn|2\n|\n|t:|1683965751\n|switch|p2a: Amoonguss|Amoonguss, L50, F|100\/100\n|-terastallize|p1a: Ting-Lu|Poison\n|move|p1b: Sandy Shocks|Earthquake|p2a: Amoonguss|[spread] p1a,p2a,p2b\n|-supereffective|p1a: Ting-Lu\n|-damage|p1a: Ting-Lu|77\/100\n|-damage|p2a: Amoonguss|84\/100\n|-damage|p2b: Baxcalibur|83\/100\n|-enditem|p1a: Ting-Lu|Weakness Policy\n|-boost|p1a: Ting-Lu|atk|2|[from] item: Weakness Policy\n|-boost|p1a: Ting-Lu|spa|2|[from] item: Weakness Policy\n|move|p2b: Baxcalibur|Icicle Crash|p1a: Ting-Lu\n|-damage|p1a: Ting-Lu|47\/100\n|cant|p1a: Ting-Lu|flinch\n|\n|upkeep\n|turn|3\n|inactive|Gurrasnurra5 has 30 seconds left.\n|\n|t:|1683965781\n|-end|p1b: Sandy Shocks|Protosynthesis|[silent]\n|switch|p1b: Volcarona|Volcarona, L50, M, shiny|100\/100\n|move|p2b: Baxcalibur|Protect|p2b: Baxcalibur\n|-singleturn|p2b: Baxcalibur|Protect\n|move|p1a: Ting-Lu|Protect|p1a: Ting-Lu\n|-singleturn|p1a: Ting-Lu|Protect\n|move|p2a: Amoonguss|Spore|p1a: Ting-Lu\n|-activate|p1a: Ting-Lu|move: Protect\n|\n|upkeep\n|turn|4\n|\n|t:|1683965797\n|move|p1b: Volcarona|Fiery Dance|p2a: Amoonguss\n|-supereffective|p2a: Amoonguss\n|-damage|p2a: Amoonguss|32\/100\n|-boost|p1b: Volcarona|spa|1\n|move|p2b: Baxcalibur|Glaive Rush|p1b: Volcarona\n|-damage|p1b: Volcarona|0 fnt\n|-singlemove|p2b: Baxcalibur|Glaive Rush|[silent]\n|faint|p1b: Volcarona\n|move|p1a: Ting-Lu|Heavy Slam|p2b: Baxcalibur\n|-supereffective|p2b: Baxcalibur\n|-damage|p2b: Baxcalibur|0 fnt\n|faint|p2b: Baxcalibur\n|move|p2a: Amoonguss|Spore|p1a: Ting-Lu\n|-status|p1a: Ting-Lu|slp|[from] move: Spore\n|\n|upkeep\n|\n|t:|1683965811\n|switch|p1b: Brambleghast|Brambleghast, L50, F|100\/100\n|switch|p2b: Kingambit|Kingambit, L50, M|59\/100\n|turn|5\n|\n|t:|1683965827\n|move|p2a: Amoonguss|Rage Powder|p2a: Amoonguss\n|-singleturn|p2a: Amoonguss|move: Rage Powder\n|move|p1b: Brambleghast|Substitute|p1b: Brambleghast\n|-start|p1b: Brambleghast|Substitute\n|-damage|p1b: Brambleghast|76\/100\n|move|p2b: Kingambit|Kowtow Cleave|p1b: Brambleghast\n|-supereffective|p1b: Brambleghast\n|-end|p1b: Brambleghast|Substitute\n|cant|p1a: Ting-Lu|slp\n|\n|upkeep\n|turn|6\n|\n|t:|1683965847\n|move|p2a: Amoonguss|Rage Powder|p2a: Amoonguss\n|-singleturn|p2a: Amoonguss|move: Rage Powder\n|move|p1b: Brambleghast|Substitute|p1b: Brambleghast\n|-start|p1b: Brambleghast|Substitute\n|-damage|p1b: Brambleghast|52\/100\n|move|p2b: Kingambit|Iron Head|p1a: Ting-Lu\n|-damage|p1a: Ting-Lu|21\/100 slp\n|-curestatus|p1a: Ting-Lu|slp|[msg]\n|cant|p1a: Ting-Lu|flinch\n|\n|upkeep\n|turn|7\n|c|\u2606iightable|nobody likes you\n|c|\u2606Gurrasnurra5|hehehe :)\n|inactive|Gurrasnurra5 has 30 seconds left.\n|\n|t:|1683965875\n|move|p2a: Amoonguss|Protect|p2a: Amoonguss\n|-singleturn|p2a: Amoonguss|Protect\n|move|p1b: Brambleghast|Phantom Force||[still]\n|-prepare|p1b: Brambleghast|Phantom Force\n|-enditem|p1b: Brambleghast|Power Herb\n|-anim|p1b: Brambleghast|Phantom Force|p2a: Amoonguss\n|-activate|p2a: Amoonguss|move: Phantom Force|[broken]\n|-damage|p2a: Amoonguss|0 fnt\n|-damage|p1b: Brambleghast|36\/100|[from] item: Rocky Helmet|[of] p2a: Amoonguss\n|faint|p2a: Amoonguss\n|move|p2b: Kingambit|Iron Head|p1a: Ting-Lu\n|-damage|p1a: Ting-Lu|0 fnt\n|faint|p1a: Ting-Lu\n|\n|upkeep\n|\n|t:|1683965887\n|switch|p1a: Sandy Shocks|Sandy Shocks, L50, shiny|50\/100\n|turn|8\n|inactive|Gurrasnurra5 has 30 seconds left.\n|\n|t:|1683965913\n|-terastallize|p2b: Kingambit|Flying\n|move|p1a: Sandy Shocks|Earth Power|p2b: Kingambit\n|-immune|p2b: Kingambit\n|move|p1b: Brambleghast|Phantom Force||[still]\n|-prepare|p1b: Brambleghast|Phantom Force\n|move|p2b: Kingambit|Kowtow Cleave|p1a: Sandy Shocks\n|-damage|p1a: Sandy Shocks|0 fnt\n|faint|p1a: Sandy Shocks\n|-end|p1a: Sandy Shocks|Protosynthesis|[silent]\n|\n|upkeep\n|turn|9\n|\n|t:|1683965924\n|move|p2b: Kingambit|Sucker Punch|p1b: Brambleghast|[miss]\n|-miss|p2b: Kingambit|p1b: Brambleghast\n|move|p1b: Brambleghast|Phantom Force|p2b: Kingambit|[from]lockedmove\n|-damage|p2b: Kingambit|28\/100\n|\n|upkeep\n|turn|10\n|c|\u2606Gurrasnurra5|you are gross\n|c|\u2606iightable|no more than you\n|c|\u2606Gurrasnurra5|you disgustme\n|inactive|Gurrasnurra5 has 30 seconds left.\n|\n|t:|1683965953\n|move|p2b: Kingambit|Sucker Punch|p1b: Brambleghast\n|-supereffective|p1b: Brambleghast\n|-end|p1b: Brambleghast|Substitute\n|move|p1b: Brambleghast|Phantom Force||[still]\n|-prepare|p1b: Brambleghast|Phantom Force\n|\n|upkeep\n|turn|11\n|\n|t:|1683965960\n|move|p1b: Brambleghast|Phantom Force|p2b: Kingambit|[from]lockedmove\n|-damage|p2b: Kingambit|0 fnt\n|faint|p2b: Kingambit\n|\n|win|iightable\n|raw|iightable's rating: 1051 → 1081<\/strong> (+30 for winning)\n|raw|Gurrasnurra5's rating: 1021 → 1009<\/strong> (-12 for losing)\n|l|\u2606Gurrasnurra5\n","uploadtime":1683965972,"views":11,"p1id":"iightable","p2id":"gurrasnurra5","formatid":"gen9vgc2023regulationc","rating":1009,"private":0,"password":""}