{"id":"gen9vgc2023regulationc-1864312212","p1":"revocolombia","p2":"JamStunna","format":"[Gen 9] VGC 2023 Regulation C","log":"|j|\u2606revocolombia\n|j|\u2606JamStunna\n|t:|1684153884\n|gametype|doubles\n|player|p1|revocolombia|pokemonranger-gen4|1267\n|player|p2|JamStunna|265|1339\n|teamsize|p1|6\n|teamsize|p2|6\n|gen|9\n|tier|[Gen 9] VGC 2023 Regulation C\n|rated|\n|rule|Species Clause: Limit one of each Pok\u00e9mon\n|rule|Item Clause: Limit one of each item\n|clearpoke\n|poke|p1|Flutter Mane, L50|\n|poke|p1|Annihilape, L50, F|\n|poke|p1|Dragonite, L50, M|\n|poke|p1|Chien-Pao, L50|\n|poke|p1|Murkrow, L50, F|\n|poke|p1|Rotom-Wash, L50|\n|poke|p2|Gothitelle, L50, F|\n|poke|p2|Sylveon, L50, F|\n|poke|p2|Roaring Moon, L50|\n|poke|p2|Gengar, L50, F|\n|poke|p2|Azumarill, L50, F|\n|poke|p2|Gothorita, L50, M|\n|teampreview|4\n|inactive|Battle timer is ON: inactive players will automatically lose when time's up. (requested by JamStunna)\n|\n|t:|1684153915\n|start\n|switch|p1a: Annihilape|Annihilape, L50, F, shiny|100\/100\n|switch|p1b: Chien-Pao|Chien-Pao, L50|100\/100\n|switch|p2a: Roaring Moon|Roaring Moon, L50|100\/100\n|switch|p2b: Gengar|Gengar, L50, F|100\/100\n|-ability|p1b: Chien-Pao|Sword of Ruin\n|-enditem|p2a: Roaring Moon|Booster Energy\n|-activate|p2a: Roaring Moon|ability: Protosynthesis|[fromitem]\n|-start|p2a: Roaring Moon|protosynthesisatk\n|turn|1\n|inactive|revocolombia has 30 seconds left.\n|\n|t:|1684153943\n|-terastallize|p1a: Annihilape|Fire\n|move|p2a: Roaring Moon|Protect|p2a: Roaring Moon\n|-singleturn|p2a: Roaring Moon|Protect\n|move|p2b: Gengar|Shadow Ball|p1a: Annihilape\n|-damage|p1a: Annihilape|65\/100\n|move|p1b: Chien-Pao|Ice Spinner|p2a: Roaring Moon\n|-activate|p2a: Roaring Moon|move: Protect\n|move|p1a: Annihilape|Bulk Up|p1a: Annihilape\n|-boost|p1a: Annihilape|atk|1\n|-boost|p1a: Annihilape|def|1\n|\n|-heal|p1a: Annihilape|72\/100|[from] item: Leftovers\n|upkeep\n|turn|2\n|inactive|JamStunna has 30 seconds left.\n|\n|t:|1684153969\n|move|p2a: Roaring Moon|Throat Chop|p1a: Annihilape\n|-damage|p1a: Annihilape|18\/100\n|-start|p1a: Annihilape|Throat Chop|[silent]\n|move|p2b: Gengar|Sludge Bomb|p1a: Annihilape\n|-damage|p1a: Annihilape|0 fnt\n|faint|p1a: Annihilape\n|move|p1b: Chien-Pao|Ice Spinner|p2a: Roaring Moon\n|-supereffective|p2a: Roaring Moon\n|-damage|p2a: Roaring Moon|0 fnt\n|faint|p2a: Roaring Moon\n|-end|p2a: Roaring Moon|Protosynthesis|[silent]\n|\n|upkeep\n|\n|t:|1684153982\n|switch|p2a: Sylveon|Sylveon, L50, F|100\/100\n|switch|p1a: Flutter Mane|Flutter Mane, L50|100\/100\n|-enditem|p1a: Flutter Mane|Booster Energy\n|-activate|p1a: Flutter Mane|ability: Protosynthesis|[fromitem]\n|-start|p1a: Flutter Mane|protosynthesisspe\n|turn|3\n|\n|t:|1684153993\n|move|p1a: Flutter Mane|Shadow Ball|p2a: Sylveon\n|-damage|p2a: Sylveon|72\/100\n|-unboost|p2a: Sylveon|spd|1\n|move|p2b: Gengar|Sludge Bomb|p1b: Chien-Pao\n|-damage|p1b: Chien-Pao|37\/100\n|move|p1b: Chien-Pao|Ice Spinner|p2b: Gengar\n|-enditem|p2b: Gengar|Focus Sash\n|-damage|p2b: Gengar|1\/100\n|-start|p1b: Chien-Pao|Disable|Ice Spinner|[from] ability: Cursed Body|[of] p2b: Gengar\n|move|p2a: Sylveon|Hyper Voice|p1a: Flutter Mane|[spread] p1a,p1b\n|-supereffective|p1b: Chien-Pao\n|-damage|p1a: Flutter Mane|61\/100\n|-damage|p1b: Chien-Pao|0 fnt\n|faint|p1b: Chien-Pao\n|-enditem|p2a: Sylveon|Throat Spray\n|-boost|p2a: Sylveon|spa|1|[from] item: Throat Spray\n|\n|upkeep\n|\n|t:|1684154012\n|switch|p1b: Dragonite|Dragonite, L50, M|100\/100\n|turn|4\n|\n|t:|1684154022\n|move|p1a: Flutter Mane|Dazzling Gleam|p2b: Gengar|[spread] p2a,p2b\n|-resisted|p2b: Gengar\n|-damage|p2a: Sylveon|36\/100\n|-damage|p2b: Gengar|0 fnt\n|faint|p2b: Gengar\n|move|p1b: Dragonite|Dragon Dance|p1b: Dragonite\n|-boost|p1b: Dragonite|atk|1\n|-boost|p1b: Dragonite|spe|1\n|move|p2a: Sylveon|Hyper Voice|p1a: Flutter Mane|[spread] p1a,p1b\n|-supereffective|p1b: Dragonite\n|-damage|p1a: Flutter Mane|0 fnt\n|-damage|p1b: Dragonite|32\/100\n|faint|p1a: Flutter Mane\n|-end|p1a: Flutter Mane|Protosynthesis|[silent]\n|\n|upkeep\n|\n|t:|1684154041\n|switch|p2b: Azumarill|Azumarill, L50, F|100\/100\n|turn|5\n|\n|t:|1684154049\n|-terastallize|p2b: Azumarill|Water\n|move|p1b: Dragonite|Thunder Punch|p2b: Azumarill\n|-supereffective|p2b: Azumarill\n|-damage|p2b: Azumarill|6\/100\n|move|p2a: Sylveon|Hyper Voice|p1b: Dragonite\n|-supereffective|p1b: Dragonite\n|-damage|p1b: Dragonite|0 fnt\n|faint|p1b: Dragonite\n|\n|win|JamStunna\n|raw|revocolombia's rating: 1267 → 1247<\/strong> (-20 for losing)\n|raw|JamStunna's rating: 1339 → 1355<\/strong> (+16 for winning)\n","uploadtime":1684154061,"views":8,"p1id":"revocolombia","p2id":"jamstunna","formatid":"gen9vgc2023regulationc","rating":1247,"private":0,"password":""}