{"id":"gen9vgc2023regulationc-1857301168","p1":"CharlesDriven","p2":"bdogplatinum","format":"[Gen 9] VGC 2023 Regulation C","log":"|j|\u2606CharlesDriven\n|j|\u2606bdogplatinum\n|t:|1683169997\n|gametype|doubles\n|player|p1|CharlesDriven|palmer|1266\n|player|p2|bdogplatinum|cress|1364\n|teamsize|p1|6\n|teamsize|p2|6\n|gen|9\n|tier|[Gen 9] VGC 2023 Regulation C\n|rated|\n|rule|Species Clause: Limit one of each Pok\u00e9mon\n|rule|Item Clause: Limit one of each item\n|clearpoke\n|poke|p1|Palafin, L50, F|\n|poke|p1|Arcanine, L50, F|\n|poke|p1|Amoonguss, L50, F|\n|poke|p1|Dragapult, L50, M|\n|poke|p1|Flutter Mane, L50|\n|poke|p1|Chien-Pao, L50|\n|poke|p2|Iron Valiant, L50|\n|poke|p2|Pincurchin, L50, F|\n|poke|p2|Slowking, L50, F|\n|poke|p2|Cetitan, L50, M|\n|poke|p2|Iron Moth, L50|\n|poke|p2|Wo-Chien, L50|\n|teampreview|4\n|\n|t:|1683170035\n|start\n|switch|p1a: Dragapult|Dragapult, L50, M|100\/100\n|switch|p1b: Chien-Pao|Chien-Pao, L50|100\/100\n|switch|p2a: Slowking|Slowking, L50, F|100\/100\n|switch|p2b: Iron Moth|Iron Moth, L50|100\/100\n|-ability|p1b: Chien-Pao|Sword of Ruin\n|-enditem|p2b: Iron Moth|Booster Energy\n|-activate|p2b: Iron Moth|ability: Quark Drive|[fromitem]\n|-start|p2b: Iron Moth|quarkdrivespa\n|turn|1\n|\n|t:|1683170051\n|-terastallize|p2a: Slowking|Fairy\n|move|p2b: Iron Moth|Protect|p2b: Iron Moth\n|-singleturn|p2b: Iron Moth|Protect\n|move|p1a: Dragapult|U-turn|p2a: Slowking\n|-resisted|p2a: Slowking\n|-damage|p2a: Slowking|83\/100\n|\n|t:|1683170057\n|switch|p1a: Arcanine|Arcanine, L50, F|100\/100|[from] U-turn\n|-ability|p1a: Arcanine|Intimidate|boost\n|-fail|p2a: Slowking|unboost|Attack|[from] ability: Oblivious|[of] p2a: Slowking\n|-unboost|p2b: Iron Moth|atk|1\n|move|p1b: Chien-Pao|Throat Chop|p2a: Slowking\n|-resisted|p2a: Slowking\n|-damage|p2a: Slowking|61\/100\n|-start|p2a: Slowking|Throat Chop|[silent]\n|move|p2a: Slowking|Trick Room|p2a: Slowking\n|-fieldstart|move: Trick Room|[of] p2a: Slowking\n|\n|upkeep\n|turn|2\n|\n|t:|1683170076\n|switch|p2a: Pincurchin|Pincurchin, L50, F|100\/100\n|-fieldstart|move: Electric Terrain|[from] ability: Electric Surge|[of] p2a: Pincurchin\n|move|p1a: Arcanine|Extreme Speed|p2b: Iron Moth\n|-damage|p2b: Iron Moth|53\/100\n|move|p2b: Iron Moth|Fiery Dance|p1b: Chien-Pao\n|-supereffective|p1b: Chien-Pao\n|-enditem|p1b: Chien-Pao|Focus Sash\n|-damage|p1b: Chien-Pao|1\/100\n|move|p1b: Chien-Pao|Throat Chop|p2b: Iron Moth\n|-damage|p2b: Iron Moth|0 fnt\n|faint|p2b: Iron Moth\n|-end|p2b: Iron Moth|Quark Drive|[silent]\n|\n|upkeep\n|\n|t:|1683170087\n|switch|p2b: Wo-Chien|Wo-Chien, L50|100\/100\n|-ability|p2b: Wo-Chien|Tablets of Ruin\n|turn|3\n|\n|t:|1683170104\n|move|p1b: Chien-Pao|Protect|p1b: Chien-Pao\n|-singleturn|p1b: Chien-Pao|Protect\n|move|p2a: Pincurchin|Thunderbolt|p1a: Arcanine\n|-damage|p1a: Arcanine|44\/100\n|move|p2b: Wo-Chien|Snarl|p1a: Arcanine|[spread] p1a\n|-activate|p1b: Chien-Pao|move: Protect\n|-damage|p1a: Arcanine|12\/100\n|-unboost|p1a: Arcanine|spa|1\n|move|p1a: Arcanine|Flare Blitz|p2b: Wo-Chien\n|-supereffective|p2b: Wo-Chien\n|-damage|p2b: Wo-Chien|13\/100\n|-damage|p1a: Arcanine|0 fnt|[from] Recoil\n|faint|p1a: Arcanine\n|\n|upkeep\n|\n|t:|1683170120\n|switch|p1a: Flutter Mane|Flutter Mane, L50|100\/100\n|turn|4\n|\n|t:|1683170146\n|switch|p1b: Dragapult|Dragapult, L50, M|100\/100\n|-terastallize|p1a: Flutter Mane|Fairy\n|move|p2a: Pincurchin|Thunderbolt|p1a: Flutter Mane\n|-crit|p1a: Flutter Mane\n|-damage|p1a: Flutter Mane|14\/100\n|move|p2b: Wo-Chien|Snarl|p1b: Dragapult|[spread] p1a\n|-miss|p2b: Wo-Chien|p1b: Dragapult\n|-resisted|p1a: Flutter Mane\n|-damage|p1a: Flutter Mane|0 fnt\n|faint|p1a: Flutter Mane\n|-end|p1a: Flutter Mane|Protosynthesis|[silent]\n|\n|upkeep\n|\n|t:|1683170157\n|switch|p1a: Chien-Pao|Chien-Pao, L50|1\/100\n|-ability|p1a: Chien-Pao|Sword of Ruin\n|turn|5\n|\n|t:|1683170166\n|move|p1a: Chien-Pao|Protect|p1a: Chien-Pao\n|-singleturn|p1a: Chien-Pao|Protect\n|move|p2a: Pincurchin|Thunderbolt|p1b: Dragapult\n|-resisted|p1b: Dragapult\n|-damage|p1b: Dragapult|67\/100\n|move|p2b: Wo-Chien|Snarl|p1b: Dragapult|[spread] p1b\n|-activate|p1a: Chien-Pao|move: Protect\n|-supereffective|p1b: Dragapult\n|-damage|p1b: Dragapult|0 fnt\n|faint|p1b: Dragapult\n|\n|-fieldend|move: Trick Room\n|upkeep\n|turn|6\n|-message|CharlesDriven forfeited.\n|\n|win|bdogplatinum\n|raw|CharlesDriven's rating: 1266 → 1248<\/strong> (-18 for losing)\n|raw|bdogplatinum's rating: 1364 → 1379<\/strong> (+15 for winning)\n|l|\u2606CharlesDriven\n","uploadtime":1683170182,"views":16,"p1id":"charlesdriven","p2id":"bdogplatinum","formatid":"gen9vgc2023regulationc","rating":1248,"private":0,"password":""}