{"id":"gen9vgc2023regulationc-1852359316","p1":"AbsRam","p2":"WTFisThisEffinTeam","format":"[Gen 9] VGC 2023 Regulation C","log":"|j|\u2606AbsRam\n|j|\u2606WTFisThisEffinTeam\n|t:|1682547994\n|gametype|doubles\n|player|p1|AbsRam|101|1288\n|player|p2|WTFisThisEffinTeam|striker|1333\n|teamsize|p1|6\n|teamsize|p2|6\n|gen|9\n|tier|[Gen 9] VGC 2023 Regulation C\n|rated|\n|rule|Species Clause: Limit one of each Pok\u00e9mon\n|rule|Item Clause: Limit one of each item\n|clearpoke\n|poke|p1|Hatterene, L50, F|\n|poke|p1|Indeedee-F, L50, F|\n|poke|p1|Torkoal, L50, F|\n|poke|p1|Chi-Yu, L50|\n|poke|p1|Flutter Mane, L50|\n|poke|p1|Iron Hands, L50|\n|poke|p2|Scream Tail, L50|\n|poke|p2|Arcanine, L50, M|\n|poke|p2|Gothitelle, L50, F|\n|poke|p2|Azumarill, L50, F|\n|poke|p2|Wo-Chien, L50|\n|poke|p2|Ting-Lu, L50|\n|teampreview|4\n|inactive|Battle timer is ON: inactive players will automatically lose when time's up. (requested by AbsRam)\n|\n|t:|1682548017\n|start\n|switch|p1a: Indeedee|Indeedee-F, L50, F|100\/100\n|switch|p1b: Hatterene|Hatterene, L50, F|100\/100\n|switch|p2a: Azumarill|Azumarill, L50, F|100\/100\n|switch|p2b: Arcanine|Arcanine, L50, M|100\/100\n|-ability|p2b: Arcanine|Intimidate|boost\n|-unboost|p1a: Indeedee|atk|1\n|-unboost|p1b: Hatterene|atk|1\n|-fieldstart|move: Psychic Terrain|[from] ability: Psychic Surge|[of] p1a: Indeedee\n|turn|1\n|inactive|AbsRam has 30 seconds left.\n|inactive|AbsRam has 20 seconds left.\n|\n|t:|1682548055\n|move|p2b: Arcanine|Snarl|p1b: Hatterene|[spread] p1a\n|-miss|p2b: Arcanine|p1b: Hatterene\n|-supereffective|p1a: Indeedee\n|-damage|p1a: Indeedee|84\/100\n|-unboost|p1a: Indeedee|spa|1\n|move|p2a: Azumarill|Perish Song|p2a: Azumarill\n|-start|p1a: Indeedee|perish3|[silent]\n|-start|p1b: Hatterene|perish3|[silent]\n|-start|p2a: Azumarill|perish3|[silent]\n|-start|p2b: Arcanine|perish3|[silent]\n|-fieldactivate|move: Perish Song\n|move|p1b: Hatterene|Psyshock|p2b: Arcanine\n|-damage|p2b: Arcanine|7\/100\n|-damage|p1b: Hatterene|91\/100|[from] item: Life Orb\n|move|p1a: Indeedee|Trick Room|p1a: Indeedee\n|-fieldstart|move: Trick Room|[of] p1a: Indeedee\n|\n|-start|p1b: Hatterene|perish3\n|-start|p2a: Azumarill|perish3\n|-start|p1a: Indeedee|perish3\n|-start|p2b: Arcanine|perish3\n|upkeep\n|turn|2\n|\n|t:|1682548078\n|switch|p2b: Gothitelle|Gothitelle, L50, F|100\/100\n|move|p1b: Hatterene|Giga Drain|p2a: Azumarill\n|-ability|p2a: Azumarill|Sap Sipper|boost\n|-boost|p2a: Azumarill|atk|1\n|move|p2a: Azumarill|Soak|p1b: Hatterene\n|move|p1b: Hatterene|Soak|p2a: Azumarill|[from]ability: Magic Bounce\n|-start|p2a: Azumarill|typechange|Water\n|move|p1a: Indeedee|Psychic|p2b: Gothitelle\n|-resisted|p2b: Gothitelle\n|-damage|p2b: Gothitelle|90\/100\n|\n|-start|p1b: Hatterene|perish2\n|-start|p2a: Azumarill|perish2\n|-start|p1a: Indeedee|perish2\n|upkeep\n|turn|3\n|inactive|AbsRam has 30 seconds left.\n|inactive|WTFisThisEffinTeam has 30 seconds left.\n|\n|t:|1682548111\n|switch|p2a: Arcanine|Arcanine, L50, M|7\/100\n|-ability|p2a: Arcanine|Intimidate|boost\n|-unboost|p1a: Indeedee|atk|1\n|-unboost|p1b: Hatterene|atk|1\n|move|p1b: Hatterene|Dazzling Gleam|p2a: Arcanine|[spread] p2a,p2b\n|-resisted|p2a: Arcanine\n|-damage|p2a: Arcanine|0 fnt\n|-damage|p2b: Gothitelle|53\/100\n|faint|p2a: Arcanine\n|-damage|p1b: Hatterene|81\/100|[from] item: Life Orb\n|move|p2b: Gothitelle|Hypnosis|p1a: Indeedee\n|-status|p1a: Indeedee|slp|[from] move: Hypnosis\n|-enditem|p1a: Indeedee|Chesto Berry|[eat]\n|-curestatus|p1a: Indeedee|slp|[msg]\n|move|p1a: Indeedee|Skill Swap|p2b: Gothitelle\n|-activate|p1a: Indeedee|move: Skill Swap|Shadow Tag|Psychic Surge|[of] p2b: Gothitelle\n|\n|-start|p1b: Hatterene|perish1\n|-start|p1a: Indeedee|perish1\n|upkeep\n|\n|t:|1682548124\n|switch|p2a: Azumarill|Azumarill, L50, F|100\/100\n|turn|4\n|\n|t:|1682548147\n|switch|p1b: Torkoal|Torkoal, L50, F|100\/100\n|-weather|SunnyDay|[from] ability: Drought|[of] p1b: Torkoal\n|switch|p1a: Iron Hands|Iron Hands, L50|100\/100\n|move|p2a: Azumarill|Protect|p2a: Azumarill\n|-singleturn|p2a: Azumarill|Protect\n|move|p2b: Gothitelle|Protect||[still]\n|-fail|p2b: Gothitelle\n|\n|-weather|SunnyDay|[upkeep]\n|upkeep\n|turn|5\n|\n|t:|1682548164\n|switch|p2b: Ting-Lu|Ting-Lu, L50|100\/100\n|-ability|p2b: Ting-Lu|Vessel of Ruin\n|move|p1b: Torkoal|Eruption|p2a: Azumarill|[spread] p2a,p2b\n|-resisted|p2a: Azumarill\n|-damage|p2a: Azumarill|81\/100\n|-damage|p2b: Ting-Lu|80\/100\n|move|p1a: Iron Hands|Wild Charge|p2a: Azumarill\n|-supereffective|p2a: Azumarill\n|-enditem|p2a: Azumarill|Wacan Berry|[eat]\n|-enditem|p2a: Azumarill|Wacan Berry|[weaken]\n|-damage|p2a: Azumarill|29\/100\n|-damage|p1a: Iron Hands|90\/100|[from] Recoil\n|move|p2a: Azumarill|Perish Song|p2a: Azumarill\n|-start|p1a: Iron Hands|perish3|[silent]\n|-start|p1b: Torkoal|perish3|[silent]\n|-start|p2a: Azumarill|perish3|[silent]\n|-start|p2b: Ting-Lu|perish3|[silent]\n|-fieldactivate|move: Perish Song\n|\n|-weather|SunnyDay|[upkeep]\n|-start|p1b: Torkoal|perish3\n|-start|p2b: Ting-Lu|perish3\n|-start|p1a: Iron Hands|perish3\n|-start|p2a: Azumarill|perish3\n|-fieldend|move: Trick Room\n|-fieldend|move: Psychic Terrain\n|upkeep\n|turn|6\n|inactive|AbsRam has 30 seconds left.\n|\n|t:|1682548195\n|-end|p1a: Iron Hands|Quark Drive|[silent]\n|switch|p1a: Indeedee|Indeedee-F, L50, F|84\/100\n|-fieldstart|move: Psychic Terrain|[from] ability: Psychic Surge|[of] p1a: Indeedee\n|switch|p2a: Gothitelle|Gothitelle, L50, F|53\/100\n|switch|p1b: Hatterene|Hatterene, L50, F|81\/100\n|move|p2b: Ting-Lu|Fissure|p1b: Hatterene|[miss]\n|-miss|p2b: Ting-Lu|p1b: Hatterene\n|\n|-weather|SunnyDay|[upkeep]\n|-start|p2b: Ting-Lu|perish2\n|upkeep\n|turn|7\n|\n|t:|1682548215\n|-terastallize|p2b: Ting-Lu|Poison\n|move|p2a: Gothitelle|Protect|p2a: Gothitelle\n|-singleturn|p2a: Gothitelle|Protect\n|move|p1a: Indeedee|Skill Swap|p2a: Gothitelle\n|-activate|p2a: Gothitelle|move: Protect\n|move|p2b: Ting-Lu|Heavy Slam|p1b: Hatterene\n|-supereffective|p1b: Hatterene\n|-damage|p1b: Hatterene|15\/100\n|move|p1b: Hatterene|Trick Room|p1b: Hatterene\n|-fieldstart|move: Trick Room|[of] p1b: Hatterene\n|\n|-weather|SunnyDay|[upkeep]\n|-start|p2b: Ting-Lu|perish1\n|upkeep\n|turn|8\n|inactive|WTFisThisEffinTeam has 30 seconds left.\n|\n|t:|1682548244\n|move|p1b: Hatterene|Psyshock|p2b: Ting-Lu\n|-supereffective|p2b: Ting-Lu\n|-damage|p2b: Ting-Lu|17\/100\n|-damage|p1b: Hatterene|5\/100|[from] item: Life Orb\n|move|p2b: Ting-Lu|Heavy Slam|p1b: Hatterene\n|-supereffective|p1b: Hatterene\n|-damage|p1b: Hatterene|0 fnt\n|faint|p1b: Hatterene\n|move|p2a: Gothitelle|Heal Pulse|p2b: Ting-Lu\n|-heal|p2b: Ting-Lu|67\/100\n|move|p1a: Indeedee|Skill Swap|p2a: Gothitelle\n|-activate|p1a: Indeedee|move: Skill Swap|Shadow Tag|Psychic Surge|[of] p2a: Gothitelle\n|\n|-weather|none\n|-start|p2b: Ting-Lu|perish0\n|faint|p2b: Ting-Lu\n|upkeep\n|-message|WTFisThisEffinTeam forfeited.\n|\n|win|AbsRam\n|raw|AbsRam's rating: 1288 → 1316<\/strong> (+28 for winning)\n|raw|WTFisThisEffinTeam's rating: 1333 → 1310<\/strong> (-23 for losing)\n|l|\u2606WTFisThisEffinTeam\n","uploadtime":1682548283,"views":16,"p1id":"absram","p2id":"wtfisthiseffinteam","formatid":"gen9vgc2023regulationc","rating":1310,"private":0,"password":""}