{"id":"gen9vgc2023regulationc-1847457808","p1":"TrainerRYSA","p2":"The Penguinari","format":"[Gen 9] VGC 2023 Regulation C","log":"|j|\u2606TrainerRYSA\n|j|\u2606The Penguinari\n|t:|1681957515\n|gametype|doubles\n|player|p1|TrainerRYSA|169|\n|player|p2|The Penguinari|grimsley|\n|teamsize|p1|6\n|teamsize|p2|6\n|gen|9\n|tier|[Gen 9] VGC 2023 Regulation C\n|rule|Species Clause: Limit one of each Pok\u00e9mon\n|rule|Item Clause: Limit one of each item\n|clearpoke\n|poke|p1|Flutter Mane, L50|\n|poke|p1|Iron Hands, L50|\n|poke|p1|Dragonite, L50, M|\n|poke|p1|Umbreon, L50, M|\n|poke|p1|Gyarados, L50, F|\n|poke|p1|Palafin, L50, F|\n|poke|p2|Iron Bundle, L50|\n|poke|p2|Amoonguss, L50, F|\n|poke|p2|Chi-Yu, L50|\n|poke|p2|Gyarados, L50, M|\n|poke|p2|Dragapult, L50, F|\n|poke|p2|Chien-Pao, L50|\n|teampreview|4\nThe Penguinari has agreed to open team sheets.\nTrainerRYSA has agreed to open team sheets.\n|\n|t:|1681957568\n|start\n|switch|p1a: Flutter Mane|Flutter Mane, L50|100\/100\n|switch|p1b: Iron Hands|Iron Hands, L50|100\/100\n|switch|p2a: Amoonguss|Amoonguss, L50, F|100\/100\n|switch|p2b: Iron Bundle|Iron Bundle, L50|100\/100\n|-enditem|p2b: Iron Bundle|Booster Energy\n|-activate|p2b: Iron Bundle|ability: Quark Drive|[fromitem]\n|-start|p2b: Iron Bundle|quarkdrivespe\n|-enditem|p1a: Flutter Mane|Booster Energy\n|-activate|p1a: Flutter Mane|ability: Protosynthesis|[fromitem]\n|-start|p1a: Flutter Mane|protosynthesisspa\n|turn|1\n|\n|t:|1681957614\n|move|p2a: Amoonguss|Protect|p2a: Amoonguss\n|-singleturn|p2a: Amoonguss|Protect\n|move|p1b: Iron Hands|Fake Out|p2a: Amoonguss\n|-activate|p2a: Amoonguss|move: Protect\n|move|p2b: Iron Bundle|Freeze-Dry|p1a: Flutter Mane\n|-damage|p1a: Flutter Mane|67\/100\n|-status|p1a: Flutter Mane|frz\n|cant|p1a: Flutter Mane|frz\n|\n|upkeep\n|turn|2\n|c|\u2606The Penguinari|sry\n|c|\u2606TrainerRYSA|lol\n|\n|t:|1681957647\n|switch|p2a: Chi-Yu|Chi-Yu, L50|100\/100\n|-ability|p2a: Chi-Yu|Beads of Ruin\n|move|p2b: Iron Bundle|Encore|p1b: Iron Hands\n|-start|p1b: Iron Hands|Encore\n|cant|p1a: Flutter Mane|frz\n|move|p1b: Iron Hands|Fake Out||[still]\n|-hint|Fake Out only works on your first turn out.\n|-fail|p1b: Iron Hands\n|\n|upkeep\n|turn|3\n|\n|t:|1681957699\n|-end|p1a: Flutter Mane|Protosynthesis|[silent]\n|switch|p1a: Gyarados|Gyarados, L50, F, shiny|100\/100\n|-ability|p1a: Gyarados|Intimidate|boost\n|-unboost|p2a: Chi-Yu|atk|1\n|-unboost|p2b: Iron Bundle|atk|1\n|move|p1b: Iron Hands|Fake Out||[still]\n|-hint|Fake Out only works on your first turn out.\n|-fail|p1b: Iron Hands\n|move|p2b: Iron Bundle|Freeze-Dry|p1b: Iron Hands\n|-damage|p1b: Iron Hands|79\/100\n|move|p2a: Chi-Yu|Dark Pulse|p1a: Gyarados\n|-damage|p1a: Gyarados|43\/100\n|-enditem|p1a: Gyarados|Sitrus Berry|[eat]\n|-heal|p1a: Gyarados|68\/100|[from] item: Sitrus Berry\n|\n|upkeep\n|turn|4\n|\n|t:|1681957732\n|-terastallize|p1a: Gyarados|Poison\n|move|p1b: Iron Hands|Fake Out||[still]\n|-hint|Fake Out only works on your first turn out.\n|-fail|p1b: Iron Hands\n|move|p2b: Iron Bundle|Freeze-Dry|p1a: Gyarados\n|-damage|p1a: Gyarados|20\/100\n|move|p1a: Gyarados|Thunder Wave|p2b: Iron Bundle\n|-status|p2b: Iron Bundle|par\n|move|p2a: Chi-Yu|Heat Wave|p1a: Gyarados|[spread] p1a,p1b\n|-damage|p1a: Gyarados|0 fnt\n|-damage|p1b: Iron Hands|55\/100\n|faint|p1a: Gyarados\n|\n|-end|p1b: Iron Hands|Encore\n|upkeep\n|\n|t:|1681957746\n|switch|p1a: Flutter Mane|Flutter Mane, L50|67\/100 frz\n|turn|5\n|\n|t:|1681957767\n|-terastallize|p2a: Chi-Yu|Ghost\n|cant|p1a: Flutter Mane|frz\n|move|p2b: Iron Bundle|Freeze-Dry|p1a: Flutter Mane\n|-damage|p1a: Flutter Mane|23\/100 frz\n|move|p2a: Chi-Yu|Dark Pulse|p1a: Flutter Mane\n|-damage|p1a: Flutter Mane|0 fnt\n|faint|p1a: Flutter Mane\n|-end|p1a: Flutter Mane|Protosynthesis|[silent]\n|move|p1b: Iron Hands|Drain Punch|p2b: Iron Bundle\n|-supereffective|p2b: Iron Bundle\n|-crit|p2b: Iron Bundle\n|-damage|p2b: Iron Bundle|0 fnt\n|-heal|p1b: Iron Hands|84\/100|[from] drain|[of] p2b: Iron Bundle\n|faint|p2b: Iron Bundle\n|-end|p2b: Iron Bundle|Quark Drive|[silent]\n|\n|upkeep\n|\n|t:|1681957785\n|switch|p2b: Amoonguss|Amoonguss, L50, F|100\/100\n|switch|p1a: Dragonite|Dragonite, L50, M, shiny|100\/100\n|turn|6\n|\n|t:|1681957810\n|move|p2a: Chi-Yu|Protect|p2a: Chi-Yu\n|-singleturn|p2a: Chi-Yu|Protect\n|move|p1a: Dragonite|Outrage|p2b: Amoonguss\n|-damage|p2b: Amoonguss|25\/100\n|-enditem|p2b: Amoonguss|Sitrus Berry|[eat]\n|-heal|p2b: Amoonguss|49\/100|[from] item: Sitrus Berry\n|move|p1b: Iron Hands|Heavy Slam|p2b: Amoonguss\n|-damage|p2b: Amoonguss|16\/100\n|move|p2b: Amoonguss|Spore|p1a: Dragonite\n|-status|p1a: Dragonite|slp|[from] move: Spore\n|\n|upkeep\n|turn|7\n|\n|t:|1681957851\n|move|p2b: Amoonguss|Protect|p2b: Amoonguss\n|-singleturn|p2b: Amoonguss|Protect\n|move|p2a: Chi-Yu|Dark Pulse|p1a: Dragonite\n|-damage|p1a: Dragonite|46\/100 slp\n|cant|p1a: Dragonite|slp\n|move|p1b: Iron Hands|Drain Punch|p2b: Amoonguss\n|-activate|p2b: Amoonguss|move: Protect\n|\n|upkeep\n|turn|8\n|\n|t:|1681957864\n|switch|p2b: Dragapult|Dragapult, L50, F|100\/100\n|move|p2a: Chi-Yu|Dark Pulse|p1a: Dragonite\n|-damage|p1a: Dragonite|0 fnt\n|faint|p1a: Dragonite\n|move|p1b: Iron Hands|Drain Punch|p2b: Dragapult\n|-immune|p2b: Dragapult\n|\n|upkeep\n|turn|9\n|\n|t:|1681957879\n|move|p2b: Dragapult|Dragon Darts|p1b: Iron Hands\n|-damage|p1b: Iron Hands|58\/100\n|-anim|p2b: Dragapult|Dragon Darts|p1b: Iron Hands\n|-damage|p1b: Iron Hands|33\/100\n|move|p2a: Chi-Yu|Overheat|p1b: Iron Hands\n|-damage|p1b: Iron Hands|0 fnt\n|-unboost|p2a: Chi-Yu|spa|2\n|faint|p1b: Iron Hands\n|-end|p1b: Iron Hands|Quark Drive|[silent]\n|\n|win|The Penguinari\n|c|\u2606The Penguinari|gg\n|c|\u2606TrainerRYSA|gg\n|c|\u2606The Penguinari|I can report scores\n|c|\u2606TrainerRYSA|i got it\n","uploadtime":1681957907,"views":18,"p1id":"trainerrysa","p2id":"thepenguinari","formatid":"gen9vgc2023regulationc","rating":0,"private":0,"password":""}