{"id":"gen9vgc2023regulationc-1851368780","p1":"Duecal1on","p2":"ZhalfirinMageVGC","format":"[Gen 9] VGC 2023 Regulation C","log":"|j|\u2606Duecal1on\n|j|\u2606ZhalfirinMageVGC\n|t:|1682439531\n|gametype|doubles\n|player|p1|Duecal1on|102|1189\n|player|p2|ZhalfirinMageVGC|cynthia-gen4|1112\n|teamsize|p1|6\n|teamsize|p2|6\n|gen|9\n|tier|[Gen 9] VGC 2023 Regulation C\n|rated|\n|rule|Species Clause: Limit one of each Pok\u00e9mon\n|rule|Item Clause: Limit one of each item\n|clearpoke\n|poke|p1|Palafin, L50, M|\n|poke|p1|Pelipper, L50, M|\n|poke|p1|Scizor, L50, M|\n|poke|p1|Arcanine, L50, M|\n|poke|p1|Dragonite, L50, F|\n|poke|p1|Chien-Pao, L50|\n|poke|p2|Armarouge, L50, F|\n|poke|p2|Indeedee-F, L50, F|\n|poke|p2|Torkoal, L50, F|\n|poke|p2|Slither Wing, L50|\n|poke|p2|Annihilape, L50, M|\n|poke|p2|Amoonguss, L50, M|\n|teampreview|4\n|inactive|Battle timer is ON: inactive players will automatically lose when time's up. (requested by ZhalfirinMageVGC)\n|\n|t:|1682439559\n|start\n|switch|p1a: Dragonite|Dragonite, L50, F|100\/100\n|switch|p1b: Arcanine|Arcanine, L50, M, shiny|100\/100\n|switch|p2a: Indeedee|Indeedee-F, L50, F|100\/100\n|switch|p2b: Annihilape|Annihilape, L50, M|100\/100\n|-ability|p1b: Arcanine|Intimidate|boost\n|-unboost|p2a: Indeedee|atk|1\n|-unboost|p2b: Annihilape|atk|1\n|-ability|p2b: Annihilape|Defiant|boost\n|-boost|p2b: Annihilape|atk|2\n|-fieldstart|move: Psychic Terrain|[from] ability: Psychic Surge|[of] p2a: Indeedee\n|-enditem|p2b: Annihilape|Psychic Seed\n|-boost|p2b: Annihilape|spd|1|[from] item: Psychic Seed\n|turn|1\n|\n|t:|1682439583\n|switch|p1b: Pelipper|Pelipper, L50, M|100\/100\n|-weather|RainDance|[from] ability: Drizzle|[of] p1b: Pelipper\n|-terastallize|p1a: Dragonite|Flying\n|-terastallize|p2b: Annihilape|Fire\n|move|p1a: Dragonite|Hurricane|p2b: Annihilape\n|-damage|p2b: Annihilape|53\/100\n|-start|p2b: Annihilape|confusion\n|-activate|p2b: Annihilape|confusion\n|move|p2b: Annihilape|Bulk Up|p2b: Annihilape\n|-boost|p2b: Annihilape|atk|1\n|-boost|p2b: Annihilape|def|1\n|move|p2a: Indeedee|Trick Room|p2a: Indeedee\n|-fieldstart|move: Trick Room|[of] p2a: Indeedee\n|\n|-weather|RainDance|[upkeep]\n|upkeep\n|turn|2\n|inactive|ZhalfirinMageVGC has 30 seconds left.\n|\n|t:|1682439617\n|move|p2a: Indeedee|Follow Me|p2a: Indeedee\n|-singleturn|p2a: Indeedee|move: Follow Me\n|move|p1b: Pelipper|Hurricane|p2a: Indeedee\n|-damage|p2a: Indeedee|73\/100\n|-activate|p2b: Annihilape|confusion\n|move|p2b: Annihilape|Rage Fist|p1a: Dragonite\n|-damage|p1a: Dragonite|50\/100\n|move|p1a: Dragonite|Hurricane|p2a: Indeedee\n|-damage|p2a: Indeedee|10\/100\n|\n|-weather|RainDance|[upkeep]\n|upkeep\n|turn|3\n|\n|t:|1682439636\n|move|p1a: Dragonite|Protect|p1a: Dragonite\n|-singleturn|p1a: Dragonite|Protect\n|move|p2a: Indeedee|Follow Me|p2a: Indeedee\n|-singleturn|p2a: Indeedee|move: Follow Me\n|-end|p2b: Annihilape|confusion\n|move|p2b: Annihilape|Rage Fist|p1a: Dragonite\n|-activate|p1a: Dragonite|move: Protect\n|move|p1b: Pelipper|Hurricane|p2a: Indeedee\n|-damage|p2a: Indeedee|0 fnt\n|faint|p2a: Indeedee\n|\n|-weather|RainDance|[upkeep]\n|upkeep\n|\n|t:|1682439651\n|switch|p2a: Armarouge|Armarouge, L50, F, shiny|100\/100\n|turn|4\n|\n|t:|1682439666\n|switch|p2b: Torkoal|Torkoal, L50, F|100\/100\n|-weather|SunnyDay|[from] ability: Drought|[of] p2b: Torkoal\n|move|p1b: Pelipper|Wide Guard|p1b: Pelipper\n|-singleturn|p1b: Pelipper|Wide Guard\n|move|p2a: Armarouge|Expanding Force|p1a: Dragonite|[spread] \n|-activate|p1a: Dragonite|move: Wide Guard\n|-activate|p1b: Pelipper|move: Wide Guard\n|move|p1a: Dragonite|Hurricane|p2b: Torkoal\n|-damage|p2b: Torkoal|0 fnt\n|faint|p2b: Torkoal\n|\n|-weather|SunnyDay|[upkeep]\n|upkeep\n|\n|t:|1682439682\n|switch|p2b: Annihilape|Annihilape, L50, M, tera:Fire|53\/100\n|turn|5\n|\n|t:|1682439693\n|switch|p1b: Chien-Pao|Chien-Pao, L50|100\/100\n|-ability|p1b: Chien-Pao|Sword of Ruin\n|move|p2a: Armarouge|Protect|p2a: Armarouge\n|-singleturn|p2a: Armarouge|Protect\n|move|p1a: Dragonite|Protect|p1a: Dragonite\n|-singleturn|p1a: Dragonite|Protect\n|move|p2b: Annihilape|Rage Fist|p1b: Chien-Pao\n|-resisted|p1b: Chien-Pao\n|-damage|p1b: Chien-Pao|66\/100\n|\n|-weather|SunnyDay|[upkeep]\n|-fieldend|move: Trick Room\n|-fieldend|move: Psychic Terrain\n|upkeep\n|turn|6\n|-message|ZhalfirinMageVGC forfeited.\n|\n|win|Duecal1on\n|raw|Duecal1on's rating: 1189 → 1209<\/strong> (+20 for winning)\n|raw|ZhalfirinMageVGC's rating: 1112 → 1092<\/strong> (-20 for losing)\n|l|\u2606ZhalfirinMageVGC\n","uploadtime":1682439721,"views":14,"p1id":"duecal1on","p2id":"zhalfirinmagevgc","formatid":"gen9vgc2023regulationc","rating":1092,"private":0,"password":""}