{"id":"gen9vgc2023regulationc-1860441117","p1":"Destiny03","p2":"Starling77","format":"[Gen 9] VGC 2023 Regulation C","log":"|j|\u2606Destiny03\n|j|\u2606Starling77\n|t:|1683644492\n|gametype|doubles\n|player|p1|Destiny03|cynthia|1052\n|player|p2|Starling77|guitarist-gen4|1097\n|teamsize|p1|6\n|teamsize|p2|6\n|gen|9\n|tier|[Gen 9] VGC 2023 Regulation C\n|rated|\n|rule|Species Clause: Limit one of each Pok\u00e9mon\n|rule|Item Clause: Limit one of each item\n|clearpoke\n|poke|p1|Talonflame, L50, F|\n|poke|p1|Gengar, L50, F|\n|poke|p1|Sylveon, L50, F|\n|poke|p1|Baxcalibur, L50, M|\n|poke|p1|Meowscarada, L50, M|\n|poke|p1|Sandy Shocks, L50|\n|poke|p2|Amoonguss, L50, M|\n|poke|p2|Maushold-Four, L50|\n|poke|p2|Slaking, L50, M|\n|poke|p2|Grafaiai, L50, M|\n|poke|p2|Toxtricity-Low-Key, L50, M|\n|poke|p2|Annihilape, L50, M|\n|teampreview|4\n|inactive|Battle timer is ON: inactive players will automatically lose when time's up. (requested by Starling77)\n|\n|t:|1683644553\n|start\n|switch|p1a: Talonflame|Talonflame, L50, F|100\/100\n|switch|p1b: Gengar|Gengar, L50, F|100\/100\n|switch|p2a: Slaking|Slaking, L50, M|100\/100\n|switch|p2b: Grafaiai|Grafaiai, L50, M|100\/100\n|turn|1\n|\n|t:|1683644575\n|move|p1a: Talonflame|Tailwind|p1a: Talonflame\n|-sidestart|p1: Destiny03|move: Tailwind\n|move|p2b: Grafaiai|Doodle|p1b: Gengar\n|-endability|p2a: Slaking|Truant|[from] move: Doodle\n|-ability|p2a: Slaking|Cursed Body|[from] move: Doodle\n|-endability|p2b: Grafaiai|Prankster|[from] move: Doodle\n|-ability|p2b: Grafaiai|Cursed Body|[from] move: Doodle\n|move|p1b: Gengar|Focus Blast|p2b: Grafaiai|[miss]\n|-miss|p1b: Gengar|p2b: Grafaiai\n|move|p2a: Slaking|Shadow Claw|p1b: Gengar\n|-supereffective|p1b: Gengar\n|-damage|p1b: Gengar|0 fnt\n|faint|p1b: Gengar\n|\n|upkeep\n|\n|t:|1683644593\n|switch|p1b: Sylveon|Sylveon, L50, F|100\/100\n|turn|2\n|\n|t:|1683644606\n|move|p1a: Talonflame|Swords Dance|p1a: Talonflame\n|-boost|p1a: Talonflame|atk|2\n|move|p1b: Sylveon|Hyper Voice|p2a: Slaking|[spread] p2a,p2b\n|-resisted|p2b: Grafaiai\n|-damage|p2a: Slaking|69\/100\n|-damage|p2b: Grafaiai|74\/100\n|-start|p1b: Sylveon|Disable|Hyper Voice|[from] ability: Cursed Body|[of] p2a: Slaking\n|move|p2a: Slaking|Gunk Shot|p1b: Sylveon\n|-supereffective|p1b: Sylveon\n|-damage|p1b: Sylveon|0 fnt\n|faint|p1b: Sylveon\n|move|p2b: Grafaiai|Knock Off|p1a: Talonflame\n|-damage|p1a: Talonflame|71\/100\n|-enditem|p1a: Talonflame|Life Orb|[from] move: Knock Off|[of] p2b: Grafaiai\n|\n|upkeep\n|\n|t:|1683644627\n|switch|p1b: Sandy Shocks|Sandy Shocks, L50|100\/100\n|turn|3\n|\n|t:|1683644649\n|move|p2b: Grafaiai|Helping Hand|p2a: Slaking\n|-singleturn|p2a: Slaking|Helping Hand|[of] p2b: Grafaiai\n|move|p1b: Sandy Shocks|Thunderbolt|p2b: Grafaiai\n|-damage|p2b: Grafaiai|16\/100\n|-start|p1b: Sandy Shocks|Disable|Thunderbolt|[from] ability: Cursed Body|[of] p2b: Grafaiai\n|move|p1a: Talonflame|Flare Blitz|p2a: Slaking\n|-damage|p2a: Slaking|0 fnt\n|faint|p2a: Slaking\n|-damage|p1a: Talonflame|41\/100|[from] Recoil\n|\n|upkeep\n|\n|t:|1683644663\n|switch|p2a: Annihilape|Annihilape, L50, M|100\/100\n|turn|4\n|\n|t:|1683644685\n|move|p2b: Grafaiai|Helping Hand|p2a: Annihilape\n|-singleturn|p2a: Annihilape|Helping Hand|[of] p2b: Grafaiai\n|-activate|p1b: Sandy Shocks|move: Struggle\n|move|p1b: Sandy Shocks|Struggle|p2b: Grafaiai\n|-damage|p2b: Grafaiai|6\/100\n|-damage|p1b: Sandy Shocks|76\/100|[from] recoil\n|move|p1a: Talonflame|Brave Bird|p2a: Annihilape\n|-supereffective|p2a: Annihilape\n|-damage|p2a: Annihilape|0 fnt\n|faint|p2a: Annihilape\n|-damage|p1a: Talonflame|5\/100|[from] Recoil\n|\n|-sideend|p1: Destiny03|move: Tailwind\n|upkeep\n|\n|t:|1683644698\n|switch|p2a: Toxtricity|Toxtricity-Low-Key, L50, M|100\/100\n|turn|5\n|inactive|Starling77 has 30 seconds left.\n|\n|t:|1683644723\n|-terastallize|p1a: Talonflame|Ghost\n|move|p2a: Toxtricity|Protect|p2a: Toxtricity\n|-singleturn|p2a: Toxtricity|Protect\n|-activate|p1b: Sandy Shocks|move: Struggle\n|move|p1b: Sandy Shocks|Struggle|p2b: Grafaiai\n|-damage|p2b: Grafaiai|0 fnt\n|faint|p2b: Grafaiai\n|-damage|p1b: Sandy Shocks|51\/100|[from] recoil\n|move|p1a: Talonflame|Flare Blitz|p2a: Toxtricity\n|-activate|p2a: Toxtricity|move: Protect\n|\n|upkeep\n|turn|6\n|inactive|Starling77 has 30 seconds left.\n|\n|t:|1683644751\n|-terastallize|p2a: Toxtricity|Fire\n|-activate|p1b: Sandy Shocks|move: Struggle\n|move|p1b: Sandy Shocks|Struggle|p2a: Toxtricity\n|-damage|p2a: Toxtricity|89\/100\n|-damage|p1b: Sandy Shocks|26\/100|[from] recoil\n|move|p1a: Talonflame|Flare Blitz|p2a: Toxtricity\n|-resisted|p2a: Toxtricity\n|-damage|p2a: Toxtricity|12\/100\n|-damage|p1a: Talonflame|0 fnt|[from] Recoil\n|faint|p1a: Talonflame\n|move|p2a: Toxtricity|Sludge Bomb|p1b: Sandy Shocks\n|-resisted|p1b: Sandy Shocks\n|-damage|p1b: Sandy Shocks|0 fnt\n|faint|p1b: Sandy Shocks\n|-end|p1b: Sandy Shocks|Protosynthesis|[silent]\n|-damage|p2a: Toxtricity|2\/100|[from] item: Life Orb\n|\n|win|Starling77\n|raw|Destiny03's rating: 1052 → 1036<\/strong> (-16 for losing)\n|raw|Starling77's rating: 1097 → 1119<\/strong> (+22 for winning)\n|l|\u2606Starling77\n","uploadtime":1683644816,"views":4,"p1id":"destiny03","p2id":"starling77","formatid":"gen9vgc2023regulationc","rating":1036,"private":0,"password":""}