{"id":"gen9vgc2023regulationc-1857126921","p1":"Ciq108","p2":"Kyogre Canucks","format":"[Gen 9] VGC 2023 Regulation C","log":"|j|\u2606Ciq108\n|j|\u2606Kyogre Canucks\n|t:|1683148525\n|gametype|doubles\n|player|p1|Ciq108|102|\n|player|p2|Kyogre Canucks|flannery|\n|teamsize|p1|6\n|teamsize|p2|6\n|gen|9\n|tier|[Gen 9] VGC 2023 Regulation C\n|rule|Species Clause: Limit one of each Pok\u00e9mon\n|rule|Item Clause: Limit one of each item\n|clearpoke\n|poke|p1|Garchomp, L50, M|\n|poke|p1|Orthworm, L50, F|\n|poke|p1|Hydreigon, L50, F|\n|poke|p1|Tauros-Paldea-Blaze, L50, M|\n|poke|p1|Kilowattrel, L50, M|\n|poke|p1|Gardevoir, L50, M|\n|poke|p2|Dragonite, L50, F|\n|poke|p2|Garganacl, L50, F|\n|poke|p2|Tauros-Paldea-Aqua, L50, M|\n|poke|p2|Pachirisu, L50, M|\n|poke|p2|Bruxish, L50, F|\n|poke|p2|Gothitelle, L50, F|\n|teampreview|4\n|c|\u2606Kyogre Canucks|g1\n|c|\u2606Ciq108|Glhf mate\n|c|\u2606Kyogre Canucks|glhf\n|c|\u2606Kyogre Canucks|I ma just posting the links rq\n|c|\u2606Ciq108|K\n|j| MattStarVGC\n|j| Memebasedgod\n|c| Memebasedgod|Fortnite\n|j| Jennayy\n|c|\u2606Kyogre Canucks|Just setting up the recording\n|c|\u2606Ciq108|Nw\n|c|\u2606Kyogre Canucks|alright glhf\nKyogre Canucks rejected open team sheets.\n|c|\u2606Ciq108|Damn I wanted ots smh\n|c|\u2606Kyogre Canucks|lmao\n|c|\u2606Kyogre Canucks|Feel free to share yours\n|c|\u2606Ciq108|XD\n|\n|t:|1683148738\n|start\n|switch|p1a: da chompy boi|Garchomp, L50, M|100\/100\n|switch|p1b: da wormy boi|Orthworm, L50, F|100\/100\n|switch|p2a: Whatever It Takes|Gothitelle, L50, F|100\/100\n|switch|p2b: Demons|Bruxish, L50, F|100\/100\n|turn|1\n|\n|t:|1683148754\n|move|p1a: da chompy boi|Protect|p1a: da chompy boi\n|-singleturn|p1a: da chompy boi|Protect\n|move|p2a: Whatever It Takes|Fake Out|p1b: da wormy boi\n|-resisted|p1b: da wormy boi\n|-damage|p1b: da wormy boi|99\/100\n|move|p2b: Demons|Ice Fang|p1a: da chompy boi\n|-activate|p1a: da chompy boi|move: Protect\n|move|p1b: da wormy boi|Shed Tail|p1b: da wormy boi\n|-start|p1b: da wormy boi|Substitute|[from] move: Shed Tail\n|-damage|p1b: da wormy boi|49\/100\n|\n|t:|1683148768\n|switch|p1b: no burn neck boi|Hydreigon, L50, F|100\/100|[from] Shed Tail\n|\n|upkeep\n|turn|2\n|c|\u2606Ciq108|I like the imagine dragons btw\n|c|\u2606Kyogre Canucks|Thank you lol\n|c|\u2606Ciq108|Imma guess garg is radioactive\n|\n|t:|1683148822\n|switch|p2b: Radioactive|Tauros-Paldea-Aqua, L50, M|100\/100\n|-ability|p2b: Radioactive|Intimidate|boost\n|-fail|p1a: da chompy boi|unboost|[from] item: Clear Amulet|[of] p1a: da chompy boi\n|-immune|p1b: no burn neck boi\n|-terastallize|p1a: da chompy boi|Steel\n|move|p2a: Whatever It Takes|Protect|p2a: Whatever It Takes\n|-singleturn|p2a: Whatever It Takes|Protect\n|move|p1a: da chompy boi|Earthquake|p2a: Whatever It Takes|[spread] p2b\n|-activate|p2a: Whatever It Takes|move: Protect\n|-immune|p1b: no burn neck boi|[from] ability: Levitate\n|-damage|p2b: Radioactive|58\/100\n|move|p1b: no burn neck boi|Dark Pulse|p2a: Whatever It Takes\n|-activate|p2a: Whatever It Takes|move: Protect\n|\n|upkeep\n|turn|3\n|c|\u2606Ciq108|Fuck\n|\n|t:|1683148888\n|move|p2a: Whatever It Takes|Protect||[still]\n|-fail|p2a: Whatever It Takes\n|move|p1a: da chompy boi|Substitute|p1a: da chompy boi\n|-start|p1a: da chompy boi|Substitute\n|-damage|p1a: da chompy boi|76\/100\n|move|p2b: Radioactive|Close Combat|p1a: da chompy boi\n|-supereffective|p1a: da chompy boi\n|-end|p1a: da chompy boi|Substitute\n|-unboost|p2b: Radioactive|def|1\n|-unboost|p2b: Radioactive|spd|1\n|move|p1b: no burn neck boi|Draco Meteor|p2b: Radioactive\n|-damage|p2b: Radioactive|0 fnt\n|-unboost|p1b: no burn neck boi|spa|2\n|faint|p2b: Radioactive\n|\n|upkeep\n|\n|t:|1683148903\n|switch|p2b: Start Over|Garganacl, L50, F|100\/100\n|turn|4\n|\n|t:|1683148919\n|-terastallize|p2b: Start Over|Ghost\n|move|p1a: da chompy boi|Substitute|p1a: da chompy boi\n|-start|p1a: da chompy boi|Substitute\n|-damage|p1a: da chompy boi|51\/100\n|move|p1b: no burn neck boi|Dark Pulse|p2a: Whatever It Takes\n|-supereffective|p2a: Whatever It Takes\n|-damage|p2a: Whatever It Takes|67\/100\n|move|p2b: Start Over|Salt Cure|p1a: da chompy boi\n|-resisted|p1a: da chompy boi\n|-activate|p1a: da chompy boi|move: Substitute|[damage]\n|move|p2a: Whatever It Takes|Trick Room|p2a: Whatever It Takes\n|-fieldstart|move: Trick Room|[of] p2a: Whatever It Takes\n|\n|upkeep\n|turn|5\n|\n|t:|1683148942\n|move|p1a: da chompy boi|Protect|p1a: da chompy boi\n|-singleturn|p1a: da chompy boi|Protect\n|move|p2b: Start Over|Salt Cure|p1b: no burn neck boi\n|-activate|p1b: no burn neck boi|move: Substitute|[damage]\n|move|p2a: Whatever It Takes|Psychic|p1a: da chompy boi\n|-activate|p1a: da chompy boi|move: Protect\n|move|p1b: no burn neck boi|Dark Pulse|p2a: Whatever It Takes\n|-supereffective|p2a: Whatever It Takes\n|-damage|p2a: Whatever It Takes|32\/100\n|-enditem|p2a: Whatever It Takes|Sitrus Berry|[eat]\n|-heal|p2a: Whatever It Takes|56\/100|[from] item: Sitrus Berry\n|\n|upkeep\n|turn|6\n|\n|t:|1683148965\n|move|p2b: Start Over|Salt Cure|p1b: no burn neck boi\n|-end|p1b: no burn neck boi|Substitute\n|move|p2a: Whatever It Takes|Psychic|p1a: da chompy boi\n|-resisted|p1a: da chompy boi\n|-activate|p1a: da chompy boi|move: Substitute|[damage]\n|move|p1b: no burn neck boi|Dark Pulse|p2b: Start Over\n|-supereffective|p2b: Start Over\n|-damage|p2b: Start Over|69\/100\n|move|p1a: da chompy boi|Iron Head|p2b: Start Over\n|-damage|p2b: Start Over|42\/100\n|\n|-heal|p2b: Start Over|48\/100|[from] item: Leftovers\n|upkeep\n|turn|7\n|\n|t:|1683149001\n|move|p2b: Start Over|Recover|p2b: Start Over\n|-heal|p2b: Start Over|98\/100\n|move|p2a: Whatever It Takes|Psychic|p1a: da chompy boi\n|-resisted|p1a: da chompy boi\n|-end|p1a: da chompy boi|Substitute\n|move|p1b: no burn neck boi|Dark Pulse|p2a: Whatever It Takes\n|-supereffective|p2a: Whatever It Takes\n|-crit|p2a: Whatever It Takes\n|-damage|p2a: Whatever It Takes|0 fnt\n|faint|p2a: Whatever It Takes\n|move|p1a: da chompy boi|Earthquake|p2b: Start Over|[spread] p2b\n|-immune|p1b: no burn neck boi|[from] ability: Levitate\n|-damage|p2b: Start Over|70\/100\n|\n|-heal|p2b: Start Over|76\/100|[from] item: Leftovers\n|upkeep\n|\n|t:|1683149015\n|switch|p2a: Demons|Bruxish, L50, F|100\/100\n|turn|8\n|c| MattStarVGC|Crit mattered\n|\n|t:|1683149021\n|switch|p1b: da wormy boi|Orthworm, L50, F|49\/100\n|move|p1a: da chompy boi|Protect|p1a: da chompy boi\n|-singleturn|p1a: da chompy boi|Protect\n|move|p2b: Start Over|Salt Cure|p1a: da chompy boi\n|-activate|p1a: da chompy boi|move: Protect\n|move|p2a: Demons|Wave Crash|p1b: da wormy boi\n|-damage|p1b: da wormy boi|10\/100\n|-damage|p2a: Demons|85\/100|[from] Recoil\n|\n|-heal|p2b: Start Over|82\/100|[from] item: Leftovers\n|-fieldend|move: Trick Room\n|upkeep\n|turn|9\n|c| MattStarVGC|I always thought the line in Demons was \u201cit\u2019s where Matt Damon hides\u201d\n|\n|t:|1683149061\n|move|p2b: Start Over|Wide Guard|p2b: Start Over\n|-singleturn|p2b: Start Over|Wide Guard\n|move|p2a: Demons|Wave Crash|p1b: da wormy boi\n|-damage|p1b: da wormy boi|0 fnt\n|faint|p1b: da wormy boi\n|-damage|p2a: Demons|82\/100|[from] Recoil\n|move|p1a: da chompy boi|Earthquake|p2a: Demons|[spread] \n|-activate|p2a: Demons|move: Wide Guard\n|-activate|p2b: Start Over|move: Wide Guard\n|\n|-heal|p2b: Start Over|89\/100|[from] item: Leftovers\n|upkeep\n|\n|t:|1683149075\n|switch|p1b: no burn neck boi|Hydreigon, L50, F|100\/100\n|turn|10\n|\n|t:|1683149081\n|move|p1a: da chompy boi|Protect|p1a: da chompy boi\n|-singleturn|p1a: da chompy boi|Protect\n|move|p2a: Demons|Wave Crash|p1a: da chompy boi\n|-activate|p1a: da chompy boi|move: Protect\n|move|p1b: no burn neck boi|Dark Pulse|p2a: Demons\n|-supereffective|p2a: Demons\n|-damage|p2a: Demons|0 fnt\n|faint|p2a: Demons\n|move|p2b: Start Over|Salt Cure|p1b: no burn neck boi\n|-crit|p1b: no burn neck boi\n|-damage|p1b: no burn neck boi|79\/100\n|-start|p1b: no burn neck boi|Salt Cure\n|\n|-heal|p2b: Start Over|95\/100|[from] item: Leftovers\n|-damage|p1b: no burn neck boi|67\/100|[from] Salt Cure\n|upkeep\n|turn|11\n|\n|t:|1683149097\n|switch|p1b: da waifu boi|Gardevoir, L50, M|100\/100\n|move|p2b: Start Over|Protect|p2b: Start Over\n|-singleturn|p2b: Start Over|Protect\n|move|p1a: da chompy boi|Substitute|p1a: da chompy boi\n|-start|p1a: da chompy boi|Substitute\n|-damage|p1a: da chompy boi|27\/100\n|\n|-heal|p2b: Start Over|100\/100|[from] item: Leftovers\n|upkeep\n|turn|12\n|c|\u2606Kyogre Canucks|gg\n|\n|t:|1683149112\n|move|p1a: da chompy boi|Iron Head|p2b: Start Over\n|-damage|p2b: Start Over|73\/100\n|move|p1b: da waifu boi|Moonblast|p2b: Start Over\n|-damage|p2b: Start Over|42\/100\n|move|p2b: Start Over|Salt Cure|p1b: da waifu boi\n|-damage|p1b: da waifu boi|82\/100\n|-start|p1b: da waifu boi|Salt Cure\n|\n|-heal|p2b: Start Over|48\/100|[from] item: Leftovers\n|-damage|p1b: da waifu boi|70\/100|[from] Salt Cure\n|upkeep\n|turn|13\n|\n|t:|1683149127\n|move|p2b: Start Over|Protect|p2b: Start Over\n|-singleturn|p2b: Start Over|Protect\n|move|p1a: da chompy boi|Iron Head|p2b: Start Over\n|-activate|p2b: Start Over|move: Protect\n|move|p1b: da waifu boi|Moonblast|p2b: Start Over\n|-activate|p2b: Start Over|move: Protect\n|\n|-heal|p2b: Start Over|55\/100|[from] item: Leftovers\n|-damage|p1b: da waifu boi|58\/100|[from] Salt Cure\n|upkeep\n|turn|14\n|\n|t:|1683149138\n|move|p1a: da chompy boi|Iron Head|p2b: Start Over\n|-damage|p2b: Start Over|28\/100\n|move|p1b: da waifu boi|Moonblast|p2b: Start Over\n|-damage|p2b: Start Over|0 fnt\n|faint|p2b: Start Over\n|\n|win|Ciq108\n|c|\u2606Ciq108|Gg\n|l| Jennayy\n|l| Memebasedgod\n|c| MattStarVGC|ggs lads\n|l| MattStarVGC\n|l|\u2606Ciq108\n|j| Aarontmarshall\n|l| Aarontmarshall\n","uploadtime":1683149499,"views":13,"p1id":"ciq108","p2id":"kyogrecanucks","formatid":"gen9vgc2023regulationc","rating":0,"private":0,"password":""}