{"id":"gen9vgc2023regulationc-1855248594","p1":"StantlerGOAT","p2":"cheesecakep","format":"[Gen 9] VGC 2023 Regulation C","log":"|j|\u2606StantlerGOAT\n|j|\u2606cheesecakep\n|t:|1682922562\n|gametype|doubles\n|player|p1|StantlerGOAT|265|1051\n|player|p2|cheesecakep|266|1026\n|teamsize|p1|6\n|teamsize|p2|6\n|gen|9\n|tier|[Gen 9] VGC 2023 Regulation C\n|rated|\n|rule|Species Clause: Limit one of each Pok\u00e9mon\n|rule|Item Clause: Limit one of each item\n|clearpoke\n|poke|p1|Crabominable, L50, M|\n|poke|p1|Farigiraf, L50, F|\n|poke|p1|Ting-Lu, L50|\n|poke|p1|Corviknight, L50, F|\n|poke|p1|Abomasnow, L50, M|\n|poke|p1|Clawitzer, L50, F|\n|poke|p2|Dondozo, L50, M|\n|poke|p2|Tatsugiri-Droopy, L50, M|\n|poke|p2|Ting-Lu, L50|\n|poke|p2|Dragonite, L50, F|\n|poke|p2|Flutter Mane, L50|\n|poke|p2|Torkoal, L50, M|\n|teampreview|4\n|inactive|Battle timer is ON: inactive players will automatically lose when time's up. (requested by StantlerGOAT)\n|\n|t:|1682922587\n|start\n|switch|p1a: Crabominable|Crabominable, L50, M|100\/100\n|switch|p1b: Farigiraf|Farigiraf, L50, F|100\/100\n|switch|p2a: Thorn|Dondozo, L50, M|100\/100\n|switch|p2b: sushi|Tatsugiri-Droopy, L50, M|100\/100\n|-activate|p2b: sushi|ability: Commander|[of] p2a: Thorn\n|-boost|p2a: Thorn|atk|2\n|-boost|p2a: Thorn|spa|2\n|-boost|p2a: Thorn|spe|2\n|-boost|p2a: Thorn|def|2\n|-boost|p2a: Thorn|spd|2\n|turn|1\n|inactive|cheesecakep has 30 seconds left.\n|c|\u2606StantlerGOAT|Do people still play dondozo\n|inactive|cheesecakep has 20 seconds left.\n|\n|t:|1682922624\n|move|p1a: Crabominable|Protect|p1a: Crabominable\n|-singleturn|p1a: Crabominable|Protect\n|move|p2a: Thorn|Earthquake|p1a: Crabominable|[spread] p1b\n|-miss|p2a: Thorn|p2b: sushi\n|-activate|p1a: Crabominable|move: Protect\n|-damage|p1b: Farigiraf|56\/100\n|move|p1b: Farigiraf|Trick Room|p1b: Farigiraf\n|-fieldstart|move: Trick Room|[of] p1b: Farigiraf\n|\n|upkeep\n|turn|2\n|\n|t:|1682922644\n|-terastallize|p1a: Crabominable|Grass\n|move|p1a: Crabominable|Thunder Punch|p2a: Thorn\n|-supereffective|p2a: Thorn\n|-damage|p2a: Thorn|69\/100\n|move|p1b: Farigiraf|Foul Play|p2a: Thorn\n|-damage|p2a: Thorn|57\/100\n|move|p2a: Thorn|Earthquake|p1a: Crabominable|[spread] p1a,p1b\n|-miss|p2a: Thorn|p2b: sushi\n|-resisted|p1a: Crabominable\n|-damage|p1a: Crabominable|77\/100\n|-damage|p1b: Farigiraf|11\/100\n|\n|-heal|p2a: Thorn|63\/100|[from] item: Leftovers\n|upkeep\n|turn|3\n|\n|t:|1682922660\n|move|p1b: Farigiraf|Helping Hand|p1a: Crabominable\n|-singleturn|p1a: Crabominable|Helping Hand|[of] p1b: Farigiraf\n|move|p1a: Crabominable|Thunder Punch|p2a: Thorn\n|-supereffective|p2a: Thorn\n|-damage|p2a: Thorn|18\/100\n|move|p2a: Thorn|Earthquake|p1a: Crabominable|[spread] p1a,p1b\n|-miss|p2a: Thorn|p2b: sushi\n|-resisted|p1a: Crabominable\n|-damage|p1a: Crabominable|53\/100\n|-damage|p1b: Farigiraf|0 fnt\n|faint|p1b: Farigiraf\n|\n|-heal|p2a: Thorn|24\/100|[from] item: Leftovers\n|upkeep\n|\n|t:|1682922672\n|switch|p1b: Clawitzer|Clawitzer, L50, F|100\/100\n|turn|4\n|\n|t:|1682922696\n|move|p1a: Crabominable|Thunder Punch|p2a: Thorn\n|-supereffective|p2a: Thorn\n|-crit|p2a: Thorn\n|-damage|p2a: Thorn|0 fnt\n|faint|p2a: Thorn\n|move|p1b: Clawitzer|Dark Pulse|p2b: sushi\n|-damage|p2b: sushi|26\/100\n|-damage|p1b: Clawitzer|91\/100|[from] item: Life Orb\n|\n|upkeep\n|inactive|cheesecakep has 30 seconds left.\n|inactive|cheesecakep has 20 seconds left.\n|\n|t:|1682922732\n|switch|p2a: Ham|Dragonite, L50, F|100\/100\n|turn|5\n|inactive|StantlerGOAT has 30 seconds left.\n|\n|t:|1682922766\n|-terastallize|p2a: Ham|Normal\n|move|p1a: Crabominable|Drain Punch|p2b: sushi\n|-damage|p2b: sushi|0 fnt\n|-heal|p1a: Crabominable|63\/100|[from] drain|[of] p2b: sushi\n|faint|p2b: sushi\n|move|p1b: Clawitzer|Aura Sphere|p2a: Ham\n|-supereffective|p2a: Ham\n|-crit|p2a: Ham\n|-damage|p2a: Ham|26\/100\n|-damage|p1b: Clawitzer|81\/100|[from] item: Life Orb\n|move|p2a: Ham|Tera Blast|p1b: Clawitzer\n|-damage|p1b: Clawitzer|39\/100\n|\n|-fieldend|move: Trick Room\n|upkeep\n|\n|t:|1682922780\n|switch|p2b: Memer|Flutter Mane, L50|100\/100\n|turn|6\n|\n|t:|1682922796\n|move|p1b: Clawitzer|Protect|p1b: Clawitzer\n|-singleturn|p1b: Clawitzer|Protect\n|move|p2a: Ham|Extreme Speed|p1b: Clawitzer\n|-activate|p1b: Clawitzer|move: Protect\n|move|p2b: Memer|Dazzling Gleam|p1b: Clawitzer|[spread] p1a\n|-activate|p1b: Clawitzer|move: Protect\n|-damage|p1a: Crabominable|22\/100\n|move|p1a: Crabominable|Thunder Punch|p2b: Memer\n|-damage|p2b: Memer|24\/100\n|\n|upkeep\n|turn|7\n|inactive|StantlerGOAT has 30 seconds left.\n|inactive|StantlerGOAT has 20 seconds left.\n|inactive|StantlerGOAT has 15 seconds left.\n|inactive|StantlerGOAT has 10 seconds left.\n|\n|t:|1682922841\n|move|p2a: Ham|Extreme Speed|p1b: Clawitzer\n|-damage|p1b: Clawitzer|0 fnt\n|faint|p1b: Clawitzer\n|move|p2b: Memer|Dazzling Gleam|p1a: Crabominable\n|-damage|p1a: Crabominable|0 fnt\n|faint|p1a: Crabominable\n|\n|upkeep\n|\n|t:|1682922847\n|switch|p1b: Abomasnow|Abomasnow, L50, M|100\/100\n|-weather|Snow|[from] ability: Snow Warning|[of] p1b: Abomasnow\n|turn|8\n|\n|t:|1682922861\n|move|p2b: Memer|Moonblast|p1b: Abomasnow\n|-damage|p1b: Abomasnow|45\/100\n|move|p2a: Ham|Tera Blast|p1b: Abomasnow\n|-damage|p1b: Abomasnow|5\/100\n|move|p1b: Abomasnow|Blizzard|p2a: Ham|[spread] p2a,p2b\n|-damage|p2a: Ham|0 fnt\n|-damage|p2b: Memer|0 fnt\n|faint|p2a: Ham\n|faint|p2b: Memer\n|-end|p2b: Memer|Protosynthesis|[silent]\n|\n|win|StantlerGOAT\n|raw|StantlerGOAT's rating: 1051 → 1081<\/strong> (+30 for winning)\n|raw|cheesecakep's rating: 1026 → 1013<\/strong> (-13 for losing)\n","uploadtime":1682922875,"views":22,"p1id":"stantlergoat","p2id":"cheesecakep","formatid":"gen9vgc2023regulationc","rating":1013,"private":0,"password":""}