{"id":"gen9vgc2023regulationc-1846301305","p1":"LucienTaran","p2":"Ricardo Randorez","format":"[Gen 9] VGC 2023 Regulation C","log":"|j|\u2606LucienTaran\n|j|\u2606Ricardo Randorez\n|t:|1681829804\n|gametype|doubles\n|player|p1|LucienTaran|lucas|1057\n|player|p2|Ricardo Randorez|101|1126\n|teamsize|p1|6\n|teamsize|p2|6\n|gen|9\n|tier|[Gen 9] VGC 2023 Regulation C\n|rated|\n|rule|Species Clause: Limit one of each Pok\u00e9mon\n|rule|Item Clause: Limit one of each item\n|clearpoke\n|poke|p1|Arcanine, L50, F|\n|poke|p1|Annihilape, L50, F|\n|poke|p1|Arboliva, L50, M|\n|poke|p1|Barraskewda, L50, F|\n|poke|p1|Garchomp, L50, M|\n|poke|p1|Espeon, L50, M|\n|poke|p2|Gyarados, L50, F|\n|poke|p2|Arcanine, L50, M|\n|poke|p2|Dragonite, L50, F|\n|poke|p2|Flutter Mane, L50|\n|poke|p2|Volcarona, L50, F|\n|poke|p2|Chien-Pao, L50|\n|teampreview|4\nLucienTaran rejected open team sheets.\n|inactive|Battle timer is ON: inactive players will automatically lose when time's up. (requested by Ricardo Randorez)\n|\n|t:|1681829826\n|start\n|switch|p1a: Barraskewda|Barraskewda, L50, F|100\/100\n|switch|p1b: Espeon|Espeon, L50, M|100\/100\n|switch|p2a: Gyarados|Gyarados, L50, F|100\/100\n|switch|p2b: Volcarona|Volcarona, L50, F|100\/100\n|turn|1\n|inactive|Ricardo Randorez has 30 seconds left.\n|\n|t:|1681829851\n|move|p2b: Volcarona|Protect|p2b: Volcarona\n|-singleturn|p2b: Volcarona|Protect\n|move|p1a: Barraskewda|Waterfall|p2b: Volcarona\n|-activate|p2b: Volcarona|move: Protect\n|move|p1b: Espeon|Calm Mind|p1b: Espeon\n|-boost|p1b: Espeon|spa|1\n|-boost|p1b: Espeon|spd|1\n|move|p2a: Gyarados|Dragon Dance|p2a: Gyarados\n|-boost|p2a: Gyarados|atk|1\n|-boost|p2a: Gyarados|spe|1\n|-enditem|p1a: Barraskewda|Mirror Herb\n|-boost|p1a: Barraskewda|atk|1|[from] item: Mirror Herb\n|-boost|p1a: Barraskewda|spe|1|[from] item: Mirror Herb\n|\n|upkeep\n|turn|2\n|\n|t:|1681829868\n|move|p2b: Volcarona|Rage Powder|p2b: Volcarona\n|-singleturn|p2b: Volcarona|move: Rage Powder\n|move|p1a: Barraskewda|Waterfall|p2b: Volcarona\n|-supereffective|p2b: Volcarona\n|-damage|p2b: Volcarona|0 fnt\n|-damage|p1a: Barraskewda|84\/100|[from] item: Rocky Helmet|[of] p2b: Volcarona\n|-status|p1a: Barraskewda|brn|[from] ability: Flame Body|[of] p2b: Volcarona\n|faint|p2b: Volcarona\n|move|p2a: Gyarados|Dragon Dance|p2a: Gyarados\n|-boost|p2a: Gyarados|atk|1\n|-boost|p2a: Gyarados|spe|1\n|move|p1b: Espeon|Psychic|p2a: Gyarados\n|-damage|p2a: Gyarados|38\/100\n|\n|-damage|p1a: Barraskewda|79\/100 brn|[from] brn\n|upkeep\n|\n|t:|1681829887\n|switch|p2b: Dragonite|Dragonite, L50, F|100\/100\n|turn|3\n|\n|t:|1681829899\n|-terastallize|p2b: Dragonite|Normal\n|move|p2b: Dragonite|Extreme Speed|p1a: Barraskewda\n|-damage|p1a: Barraskewda|0 fnt\n|faint|p1a: Barraskewda\n|move|p2a: Gyarados|Waterfall|p1b: Espeon\n|-damage|p1b: Espeon|0 fnt\n|faint|p1b: Espeon\n|-ability|p2a: Gyarados|Moxie|boost\n|-boost|p2a: Gyarados|atk|1\n|\n|upkeep\n|\n|t:|1681829909\n|switch|p1a: Arboliva|Arboliva, L50, M|100\/100\n|switch|p1b: Garchomp|Garchomp, L50, M|100\/100\n|turn|4\n|\n|t:|1681829920\n|move|p2b: Dragonite|Extreme Speed|p1a: Arboliva\n|-damage|p1a: Arboliva|25\/100\n|-fieldstart|move: Grassy Terrain|[from] ability: Seed Sower|[of] p1a: Arboliva\n|move|p2a: Gyarados|Waterfall|p1b: Garchomp\n|-damage|p1b: Garchomp|26\/100\n|move|p1b: Garchomp|Swords Dance|p1b: Garchomp\n|-boost|p1b: Garchomp|atk|2\n|move|p1a: Arboliva|Giga Drain|p2a: Gyarados\n|-damage|p2a: Gyarados|0 fnt\n|-heal|p1a: Arboliva|46\/100|[from] drain|[of] p2a: Gyarados\n|faint|p2a: Gyarados\n|\n|-heal|p1b: Garchomp|32\/100|[from] Grassy Terrain\n|-heal|p1a: Arboliva|52\/100|[from] Grassy Terrain\n|-heal|p1a: Arboliva|58\/100|[from] item: Leftovers\n|upkeep\n|\n|t:|1681829939\n|switch|p2a: Chien-Pao|Chien-Pao, L50|100\/100\n|-ability|p2a: Chien-Pao|Sword of Ruin\n|turn|5\n|\n|t:|1681829948\n|-terastallize|p1b: Garchomp|Ice\n|move|p1a: Arboliva|Protect|p1a: Arboliva\n|-singleturn|p1a: Arboliva|Protect\n|move|p2b: Dragonite|Extreme Speed|p1b: Garchomp\n|-damage|p1b: Garchomp|0 fnt\n|faint|p1b: Garchomp\n|move|p2a: Chien-Pao|Ice Spinner|p1a: Arboliva\n|-activate|p1a: Arboliva|move: Protect\n|\n|-heal|p1a: Arboliva|64\/100|[from] Grassy Terrain\n|-heal|p1a: Arboliva|70\/100|[from] item: Leftovers\n|upkeep\n|turn|6\n|\n|t:|1681829964\n|move|p2b: Dragonite|Extreme Speed|p1a: Arboliva\n|-damage|p1a: Arboliva|0 fnt\n|faint|p1a: Arboliva\n|\n|win|Ricardo Randorez\n|raw|LucienTaran's rating: 1057 → 1042<\/strong> (-15 for losing)\n|raw|Ricardo Randorez's rating: 1126 → 1146<\/strong> (+20 for winning)\n|l|\u2606LucienTaran\n","uploadtime":1681829972,"views":5,"p1id":"lucientaran","p2id":"ricardorandorez","formatid":"gen9vgc2023regulationc","rating":1042,"private":0,"password":""}