{"id":"gen9vgc2023regulationc-1848626061","p1":"Titi Grech","p2":"cmoncmonman","format":"[Gen 9] VGC 2023 Regulation C","log":"|j|\u2606Titi Grech\n|j|\u2606cmoncmonman\n|t:|1682095605\n|gametype|doubles\n|player|p1|Titi Grech|2|1195\n|player|p2|cmoncmonman|169|1258\n|teamsize|p1|6\n|teamsize|p2|6\n|gen|9\n|tier|[Gen 9] VGC 2023 Regulation C\n|rated|\n|rule|Species Clause: Limit one of each Pok\u00e9mon\n|rule|Item Clause: Limit one of each item\n|clearpoke\n|poke|p1|Vaporeon, L50, F|\n|poke|p1|Toxicroak, L50, F|\n|poke|p1|Clodsire, L50, F|\n|poke|p1|Cacturne, L50, M|\n|poke|p1|Amoonguss, L50, M|\n|poke|p1|Rotom-Wash, L50|\n|poke|p2|Wo-Chien, L50|\n|poke|p2|Barraskewda, L50, F|\n|poke|p2|Chien-Pao, L50|\n|poke|p2|Scizor, L50, M|\n|poke|p2|Flutter Mane, L50|\n|poke|p2|Pelipper, L50, F|\n|teampreview|4\n|inactive|Battle timer is ON: inactive players will automatically lose when time's up. (requested by Titi Grech)\n|inactive|Titi Grech has 60 seconds left.\n|inactive|cmoncmonman has 60 seconds left.\n|\n|t:|1682095664\n|start\n|switch|p1a: Rotom|Rotom-Wash, L50|100\/100\n|switch|p1b: Cacturne|Cacturne, L50, M|100\/100\n|switch|p2a: Wo-Chien|Wo-Chien, L50|100\/100\n|switch|p2b: Chien-Pao|Chien-Pao, L50|100\/100\n|-ability|p2b: Chien-Pao|Sword of Ruin\n|-ability|p2a: Wo-Chien|Tablets of Ruin\n|turn|1\n|inactive|Titi Grech has 30 seconds left.\n|\n|t:|1682095692\n|move|p2b: Chien-Pao|Giga Impact|p1b: Cacturne|[miss]\n|-miss|p2b: Chien-Pao|p1b: Cacturne\n|move|p1a: Rotom|Thunderbolt|p2b: Chien-Pao\n|-damage|p2b: Chien-Pao|7\/100\n|move|p2a: Wo-Chien|Giga Drain|p1a: Rotom\n|-supereffective|p1a: Rotom\n|-damage|p1a: Rotom|14\/100\n|move|p1b: Cacturne|Drain Punch|p2a: Wo-Chien\n|-supereffective|p2a: Wo-Chien\n|-damage|p2a: Wo-Chien|34\/100\n|-enditem|p2a: Wo-Chien|Weakness Policy\n|-boost|p2a: Wo-Chien|atk|2|[from] item: Weakness Policy\n|-boost|p2a: Wo-Chien|spa|2|[from] item: Weakness Policy\n|\n|upkeep\n|turn|2\n|inactive|cmoncmonman has 30 seconds left.\n|\n|t:|1682095723\n|switch|p2b: Pelipper|Pelipper, L50, F|100\/100\n|-weather|RainDance|[from] ability: Drizzle|[of] p2b: Pelipper\n|move|p2a: Wo-Chien|Protect|p2a: Wo-Chien\n|-singleturn|p2a: Wo-Chien|Protect\n|move|p1a: Rotom|Thunderbolt|p2a: Wo-Chien\n|-activate|p2a: Wo-Chien|move: Protect\n|move|p1b: Cacturne|Drain Punch|p2a: Wo-Chien\n|-activate|p2a: Wo-Chien|move: Protect\n|\n|-weather|RainDance|[upkeep]\n|upkeep\n|turn|3\n|inactive|cmoncmonman has 30 seconds left.\n|inactive|cmoncmonman has 20 seconds left.\n|\n|t:|1682095761\n|move|p1a: Rotom|Thunderbolt|p2b: Pelipper\n|-supereffective|p2b: Pelipper\n|-damage|p2b: Pelipper|0 fnt\n|faint|p2b: Pelipper\n|move|p2a: Wo-Chien|Dark Pulse|p1a: Rotom\n|-damage|p1a: Rotom|0 fnt\n|faint|p1a: Rotom\n|move|p1b: Cacturne|Drain Punch|p2a: Wo-Chien\n|-supereffective|p2a: Wo-Chien\n|-damage|p2a: Wo-Chien|0 fnt\n|faint|p2a: Wo-Chien\n|\n|-weather|RainDance|[upkeep]\n|upkeep\n|\n|t:|1682095778\n|switch|p1a: Toxicroak|Toxicroak, L50, F|100\/100\n|switch|p2b: Flutter Mane|Flutter Mane, L50|100\/100\n|switch|p2a: Chien-Pao|Chien-Pao, L50|7\/100\n|-ability|p2a: Chien-Pao|Sword of Ruin\n|-enditem|p2b: Flutter Mane|Booster Energy\n|-activate|p2b: Flutter Mane|ability: Protosynthesis|[fromitem]\n|-start|p2b: Flutter Mane|protosynthesisspa\n|turn|4\n|\n|t:|1682095797\n|-terastallize|p2b: Flutter Mane|Fairy\n|move|p1a: Toxicroak|Bullet Punch|p2b: Flutter Mane\n|-supereffective|p2b: Flutter Mane\n|-damage|p2b: Flutter Mane|31\/100\n|move|p2b: Flutter Mane|Dazzling Gleam|p1b: Cacturne|[spread] p1a,p1b\n|-supereffective|p1b: Cacturne\n|-damage|p1a: Toxicroak|55\/100\n|-damage|p1b: Cacturne|0 fnt\n|faint|p1b: Cacturne\n|move|p2a: Chien-Pao|Giga Impact|p1a: Toxicroak|[miss]\n|-miss|p2a: Chien-Pao|p1a: Toxicroak\n|\n|-weather|RainDance|[upkeep]\n|-heal|p1a: Toxicroak|67\/100|[from] ability: Dry Skin\n|upkeep\n|c|\u2606cmoncmonman|very confused\n|\n|t:|1682095809\n|switch|p1b: Clodsire|Clodsire, L50, F|100\/100\n|turn|5\n|c|\u2606cmoncmonman|why is gig impact missing?\n|c|\u2606Titi Grech|wait fr\n|c|\u2606cmoncmonman|yeah, is that mechanic i don tknow?\n|inactive|Titi Grech has 30 seconds left.\n|c|\u2606Titi Grech|no\n|inactive|Titi Grech has 20 seconds left.\n|c|\u2606Titi Grech|i dont have any ability\n|inactive|Titi Grech has 15 seconds left.\n|inactive|Titi Grech has 10 seconds left.\n|\n|t:|1682095857\n|-terastallize|p1b: Clodsire|Fire\n|move|p1a: Toxicroak|Bullet Punch|p2b: Flutter Mane\n|-supereffective|p2b: Flutter Mane\n|-damage|p2b: Flutter Mane|0 fnt\n|faint|p2b: Flutter Mane\n|-end|p2b: Flutter Mane|Protosynthesis|[silent]\n|move|p2a: Chien-Pao|Giga Impact|p1b: Clodsire|[miss]\n|-miss|p2a: Chien-Pao|p1b: Clodsire\n|move|p1b: Clodsire|Low Kick|p2a: Chien-Pao\n|-supereffective|p2a: Chien-Pao\n|-crit|p2a: Chien-Pao\n|-damage|p2a: Chien-Pao|0 fnt\n|faint|p2a: Chien-Pao\n|\n|win|Titi Grech\n|raw|Titi Grech's rating: 1195 → 1224<\/strong> (+29 for winning)\n|raw|cmoncmonman's rating: 1258 → 1229<\/strong> (-29 for losing)\n|c|\u2606Titi Grech|what\n","uploadtime":1682095888,"views":7,"p1id":"titigrech","p2id":"cmoncmonman","formatid":"gen9vgc2023regulationc","rating":1224,"private":0,"password":""}