{"id":"gen9vgc2023regulationc-1846544083","p1":"TheWanderer55","p2":"Ceolocanth200703","format":"[Gen 9] VGC 2023 Regulation C","log":"|j|\u2606TheWanderer55\n|j|\u203dCeolocanth200703\n|t:|1681850106\n|gametype|doubles\n|player|p1|TheWanderer55|flannery|1141\n|player|p2|Ceolocanth200703|265|1028\n|teamsize|p1|6\n|teamsize|p2|6\n|gen|9\n|tier|[Gen 9] VGC 2023 Regulation C\n|rated|\n|rule|Species Clause: Limit one of each Pok\u00e9mon\n|rule|Item Clause: Limit one of each item\n|clearpoke\n|poke|p1|Slither Wing, L50|\n|poke|p1|Torkoal, L50, F|\n|poke|p1|Armarouge, L50, F|\n|poke|p1|Ceruledge, L50, F|\n|poke|p1|Indeedee-F, L50, F|\n|poke|p1|Roaring Moon, L50|\n|poke|p2|Dragalge, L50, M|\n|poke|p2|Copperajah, L50, F|\n|poke|p2|Corviknight, L50, M|\n|poke|p2|Tauros-Paldea-Blaze, L50, M|\n|poke|p2|Houndstone, L50, M|\n|poke|p2|Tyranitar, L50, F|\n|teampreview|4\n|\n|t:|1681850136\n|start\n|switch|p1a: Indeedee|Indeedee-F, L50, F, shiny|100\/100\n|switch|p1b: Armarouge|Armarouge, L50, F, shiny|100\/100\n|switch|p2a: Tyranitar|Tyranitar, L50, F|100\/100\n|switch|p2b: Houndstone|Houndstone, L50, M|100\/100\n|-fieldstart|move: Psychic Terrain|[from] ability: Psychic Surge|[of] p1a: Indeedee\n|-enditem|p1a: Indeedee|Psychic Seed\n|-boost|p1a: Indeedee|spd|1|[from] item: Psychic Seed\n|-weather|Sandstorm|[from] ability: Sand Stream|[of] p2a: Tyranitar\n|turn|1\n|\n|t:|1681850187\n|move|p1b: Armarouge|Protect|p1b: Armarouge\n|-singleturn|p1b: Armarouge|Protect\n|move|p2b: Houndstone|Stomping Tantrum|p1b: Armarouge\n|-activate|p1b: Armarouge|move: Protect\n|move|p1a: Indeedee|Draining Kiss|p2a: Tyranitar\n|-supereffective|p2a: Tyranitar\n|-damage|p2a: Tyranitar|91\/100\n|move|p2a: Tyranitar|Rock Slide|p1b: Armarouge|[spread] p1a\n|-activate|p1b: Armarouge|move: Protect\n|-damage|p1a: Indeedee|59\/100\n|\n|-weather|Sandstorm|[upkeep]\n|-damage|p1b: Armarouge|95\/100|[from] Sandstorm\n|-damage|p1a: Indeedee|53\/100|[from] Sandstorm\n|upkeep\n|turn|2\n|\n|t:|1681850209\n|move|p2b: Houndstone|Phantom Force||[still]\n|-prepare|p2b: Houndstone|Phantom Force\n|move|p1b: Armarouge|Expanding Force|p2b: Houndstone|[spread] \n|-miss|p1b: Armarouge|p2b: Houndstone\n|-immune|p2a: Tyranitar\n|move|p1a: Indeedee|Draining Kiss|p2a: Tyranitar\n|-supereffective|p2a: Tyranitar\n|-damage|p2a: Tyranitar|82\/100\n|-heal|p1a: Indeedee|62\/100|[from] drain|[of] p2a: Tyranitar\n|move|p2a: Tyranitar|Rock Slide|p1a: Indeedee|[spread] p1a\n|-miss|p2a: Tyranitar|p1b: Armarouge\n|-damage|p1a: Indeedee|18\/100\n|\n|-weather|Sandstorm|[upkeep]\n|-damage|p1b: Armarouge|89\/100|[from] Sandstorm\n|-damage|p1a: Indeedee|12\/100|[from] Sandstorm\n|upkeep\n|turn|3\n|\n|t:|1681850239\n|move|p1a: Indeedee|Follow Me|p1a: Indeedee\n|-singleturn|p1a: Indeedee|move: Follow Me\n|move|p2b: Houndstone|Phantom Force|p1a: Indeedee|[from]lockedmove\n|-immune|p1a: Indeedee\n|move|p1b: Armarouge|Will-O-Wisp|p2a: Tyranitar\n|-status|p2a: Tyranitar|brn\n|move|p2a: Tyranitar|Rock Slide|p1a: Indeedee|[spread] p1a,p1b\n|-supereffective|p1b: Armarouge\n|-damage|p1a: Indeedee|0 fnt\n|-damage|p1b: Armarouge|58\/100\n|faint|p1a: Indeedee\n|\n|-weather|Sandstorm|[upkeep]\n|-damage|p1b: Armarouge|52\/100|[from] Sandstorm\n|-damage|p2a: Tyranitar|76\/100 brn|[from] brn\n|upkeep\n|\n|t:|1681850254\n|switch|p1a: Slither Wing|Slither Wing, L50, shiny|100\/100\n|turn|4\n|\n|t:|1681850266\n|move|p1b: Armarouge|Protect|p1b: Armarouge\n|-singleturn|p1b: Armarouge|Protect\n|move|p2b: Houndstone|Phantom Force||[still]\n|-prepare|p2b: Houndstone|Phantom Force\n|move|p1a: Slither Wing|Close Combat|p2a: Tyranitar\n|-supereffective|p2a: Tyranitar\n|-damage|p2a: Tyranitar|0 fnt\n|-unboost|p1a: Slither Wing|def|1\n|-unboost|p1a: Slither Wing|spd|1\n|faint|p2a: Tyranitar\n|\n|-weather|Sandstorm|[upkeep]\n|-damage|p1a: Slither Wing|94\/100|[from] Sandstorm\n|-damage|p1b: Armarouge|46\/100|[from] Sandstorm\n|upkeep\n|\n|t:|1681850294\n|switch|p2a: Tauros|Tauros-Paldea-Blaze, L50, M|100\/100\n|-ability|p2a: Tauros|Intimidate|boost\n|-unboost|p1a: Slither Wing|atk|1\n|-unboost|p1b: Armarouge|atk|1\n|turn|5\n|-activate|p2a: Tauros|item: Quick Claw\n|\n|t:|1681850316\n|-terastallize|p1a: Slither Wing|Water\n|move|p1b: Armarouge|Protect||[still]\n|-fail|p1b: Armarouge\n|move|p2a: Tauros|Flare Blitz|p1a: Slither Wing\n|-resisted|p1a: Slither Wing\n|-damage|p1a: Slither Wing|47\/100\n|-damage|p2a: Tauros|84\/100|[from] Recoil\n|move|p2b: Houndstone|Phantom Force|p1a: Slither Wing|[from]lockedmove\n|-damage|p1a: Slither Wing|0 fnt\n|faint|p1a: Slither Wing\n|-end|p1a: Slither Wing|Protosynthesis|[silent]\n|\n|-weather|none\n|-fieldend|move: Psychic Terrain\n|upkeep\n|\n|t:|1681850329\n|switch|p1a: Ceruledge|Ceruledge, L50, F, shiny|100\/100\n|turn|6\n|\n|t:|1681850355\n|move|p2a: Tauros|Iron Head|p1b: Armarouge\n|-resisted|p1b: Armarouge\n|-damage|p1b: Armarouge|34\/100\n|move|p1a: Ceruledge|Bitter Blade|p2b: Houndstone\n|-damage|p2b: Houndstone|43\/100\n|move|p2b: Houndstone|Phantom Force||[still]\n|-prepare|p2b: Houndstone|Phantom Force\n|move|p1b: Armarouge|Expanding Force|p2a: Tauros\n|-supereffective|p2a: Tauros\n|-damage|p2a: Tauros|0 fnt\n|faint|p2a: Tauros\n|\n|upkeep\n|\n|t:|1681850369\n|switch|p2a: Corviknight|Corviknight, L50, M|100\/100\n|-ability|p2a: Corviknight|Pressure\n|turn|7\n|\n|t:|1681850403\n|move|p1b: Armarouge|Protect|p1b: Armarouge\n|-singleturn|p1b: Armarouge|Protect\n|move|p2a: Corviknight|Protect|p2a: Corviknight\n|-singleturn|p2a: Corviknight|Protect\n|move|p1a: Ceruledge|Phantom Force||[still]\n|-prepare|p1a: Ceruledge|Phantom Force\n|move|p2b: Houndstone|Phantom Force|p1a: Ceruledge|[from]lockedmove|[miss]\n|-miss|p2b: Houndstone|p1a: Ceruledge\n|\n|upkeep\n|turn|8\n|\n|t:|1681850455\n|move|p1a: Ceruledge|Phantom Force|p2b: Houndstone|[from]lockedmove\n|-supereffective|p2b: Houndstone\n|-damage|p2b: Houndstone|0 fnt\n|faint|p2b: Houndstone\n|move|p1b: Armarouge|Armor Cannon|p2a: Corviknight\n|-supereffective|p2a: Corviknight\n|-damage|p2a: Corviknight|0 fnt\n|-unboost|p1b: Armarouge|def|1\n|-unboost|p1b: Armarouge|spd|1\n|faint|p2a: Corviknight\n|\n|win|TheWanderer55\n|raw|TheWanderer55's rating: 1141 → 1158<\/strong> (+17 for winning)\n|raw|Ceolocanth200703's rating: 1028 → 1018<\/strong> (-10 for losing)\n|c|\u2606TheWanderer55|gg\n|l|\u203dCeolocanth200703\n|j|\u2606Ceolocanth200703\n|player|p2|Ceolocanth200703|265\n|l|\u2606Ceolocanth200703\n|player|p2|\n","uploadtime":1681850873,"views":6,"p1id":"thewanderer55","p2id":"ceolocanth200703","formatid":"gen9vgc2023regulationc","rating":1018,"private":0,"password":""}