{"id":"gen9vgc2023regulationc-1857322977","p1":"NilkSp","p2":"AootyPooty","format":"[Gen 9] VGC 2023 Regulation C","log":"|j|\u2606NilkSp\n|j|\u2606AootyPooty\n|t:|1683173234\n|gametype|doubles\n|player|p1|NilkSp|102|1120\n|player|p2|AootyPooty|drayden|1117\n|teamsize|p1|6\n|teamsize|p2|6\n|gen|9\n|tier|[Gen 9] VGC 2023 Regulation C\n|rated|\n|rule|Species Clause: Limit one of each Pok\u00e9mon\n|rule|Item Clause: Limit one of each item\n|clearpoke\n|poke|p1|Ceruledge, L50, M|\n|poke|p1|Maushold, L50|\n|poke|p1|Gastrodon-East, L50, F|\n|poke|p1|Flutter Mane, L50|\n|poke|p1|Scream Tail, L50|\n|poke|p1|Gothitelle, L50, M|\n|poke|p2|Pincurchin, L50, M|\n|poke|p2|Farigiraf, L50, M|\n|poke|p2|Iron Bundle, L50|\n|poke|p2|Iron Thorns, L50|\n|poke|p2|Cetitan, L50, M|\n|poke|p2|Abomasnow, L50, F|\n|teampreview|4\nAootyPooty rejected open team sheets.\n|\n|t:|1683173274\n|start\n|switch|p1a: Flutter Mane|Flutter Mane, L50|100\/100\n|switch|p1b: Gothitelle|Gothitelle, L50, M|100\/100\n|switch|p2a: Cetitan|Cetitan, L50, M, shiny|100\/100\n|switch|p2b: Abomasnow|Abomasnow, L50, F, shiny|100\/100\n|-weather|Snow|[from] ability: Snow Warning|[of] p2b: Abomasnow\n|turn|1\n|\n|t:|1683173288\n|move|p1b: Gothitelle|Fake Out|p2b: Abomasnow\n|-damage|p2b: Abomasnow|97\/100\n|move|p2a: Cetitan|Heavy Slam|p1a: Flutter Mane\n|-supereffective|p1a: Flutter Mane\n|-enditem|p1a: Flutter Mane|Focus Sash\n|-damage|p1a: Flutter Mane|1\/100\n|move|p1a: Flutter Mane|Perish Song|p1a: Flutter Mane\n|-start|p1a: Flutter Mane|perish3|[silent]\n|-start|p1b: Gothitelle|perish3|[silent]\n|-start|p2a: Cetitan|perish3|[silent]\n|-start|p2b: Abomasnow|perish3|[silent]\n|-fieldactivate|move: Perish Song\n|cant|p2b: Abomasnow|flinch\n|\n|-weather|Snow|[upkeep]\n|-start|p2a: Cetitan|perish3\n|-start|p1a: Flutter Mane|perish3\n|-start|p1b: Gothitelle|perish3\n|-start|p2b: Abomasnow|perish3\n|upkeep\n|turn|2\n|\n|t:|1683173312\n|move|p1a: Flutter Mane|Protect|p1a: Flutter Mane\n|-singleturn|p1a: Flutter Mane|Protect\n|move|p2a: Cetitan|Belly Drum|p2a: Cetitan\n|-damage|p2a: Cetitan|51\/100\n|-setboost|p2a: Cetitan|atk|6|[from] move: Belly Drum\n|move|p2b: Abomasnow|Aurora Veil|p2b: Abomasnow\n|-sidestart|p2: AootyPooty|move: Aurora Veil\n|move|p1b: Gothitelle|Trick Room|p1b: Gothitelle\n|-fieldstart|move: Trick Room|[of] p1b: Gothitelle\n|\n|-weather|Snow|[upkeep]\n|-start|p2b: Abomasnow|perish2\n|-start|p1b: Gothitelle|perish2\n|-start|p1a: Flutter Mane|perish2\n|-start|p2a: Cetitan|perish2\n|upkeep\n|turn|3\n|\n|t:|1683173331\n|move|p1b: Gothitelle|Protect|p1b: Gothitelle\n|-singleturn|p1b: Gothitelle|Protect\n|move|p2b: Abomasnow|Blizzard|p1a: Flutter Mane|[spread] p1a\n|-activate|p1b: Gothitelle|move: Protect\n|-damage|p1a: Flutter Mane|0 fnt\n|faint|p1a: Flutter Mane\n|-end|p1a: Flutter Mane|Protosynthesis|[silent]\n|move|p2a: Cetitan|Earthquake|p1b: Gothitelle|[spread] p2b\n|-activate|p1b: Gothitelle|move: Protect\n|-resisted|p2b: Abomasnow\n|-damage|p2b: Abomasnow|72\/100\n|\n|-weather|Snow|[upkeep]\n|-start|p2b: Abomasnow|perish1\n|-start|p1b: Gothitelle|perish1\n|-start|p2a: Cetitan|perish1\n|upkeep\n|\n|t:|1683173348\n|switch|p1a: Maushold|Maushold, L50|100\/100\n|turn|4\n|\n|t:|1683173363\n|move|p1a: Maushold|Protect|p1a: Maushold\n|-singleturn|p1a: Maushold|Protect\n|move|p2b: Abomasnow|Blizzard|p1a: Maushold|[spread] p1b\n|-activate|p1a: Maushold|move: Protect\n|-damage|p1b: Gothitelle|80\/100\n|move|p1b: Gothitelle|Psyshock|p2b: Abomasnow\n|-damage|p2b: Abomasnow|58\/100\n|move|p2a: Cetitan|Earthquake|p1b: Gothitelle|[spread] p2b,p1b\n|-activate|p1a: Maushold|move: Protect\n|-resisted|p2b: Abomasnow\n|-damage|p2b: Abomasnow|37\/100\n|-damage|p1b: Gothitelle|17\/100\n|-enditem|p1b: Gothitelle|Mago Berry|[eat]\n|-heal|p1b: Gothitelle|51\/100|[from] item: Mago Berry\n|\n|-weather|Snow|[upkeep]\n|-start|p2b: Abomasnow|perish0\n|-start|p1b: Gothitelle|perish0\n|-start|p2a: Cetitan|perish0\n|faint|p2b: Abomasnow\n|faint|p1b: Gothitelle\n|faint|p2a: Cetitan\n|upkeep\n|\n|t:|1683173381\n|switch|p2b: Pincurchin|Pincurchin, L50, M, shiny|100\/100\n|switch|p1b: Ceruledge|Ceruledge, L50, M|100\/100\n|switch|p2a: Iron Thorns|Iron Thorns, L50, shiny|100\/100\n|-fieldstart|move: Electric Terrain|[from] ability: Electric Surge|[of] p2b: Pincurchin\n|-activate|p2a: Iron Thorns|ability: Quark Drive\n|-start|p2a: Iron Thorns|quarkdrivedef\n|-item|p2b: Pincurchin|Air Balloon\n|turn|5\n|\n|t:|1683173404\n|-terastallize|p1b: Ceruledge|Grass\n|move|p2b: Pincurchin|Thunder Wave|p1b: Ceruledge\n|-status|p1b: Ceruledge|par\n|cant|p1b: Ceruledge|par\n|move|p2a: Iron Thorns|Dragon Dance|p2a: Iron Thorns\n|-boost|p2a: Iron Thorns|atk|1\n|-boost|p2a: Iron Thorns|spe|1\n|move|p1a: Maushold|Encore|p2a: Iron Thorns\n|-start|p2a: Iron Thorns|Encore\n|\n|-weather|none\n|upkeep\n|turn|6\n|\n|t:|1683173431\n|move|p2b: Pincurchin|Zing Zap|p1a: Maushold\n|-damage|p1a: Maushold|62\/100\n|move|p1b: Ceruledge|Bitter Blade|p2a: Iron Thorns\n|-resisted|p2a: Iron Thorns\n|-damage|p2a: Iron Thorns|93\/100\n|move|p2a: Iron Thorns|Dragon Dance|p2a: Iron Thorns\n|-boost|p2a: Iron Thorns|atk|1\n|-boost|p2a: Iron Thorns|spe|1\n|move|p1a: Maushold|Super Fang|p2a: Iron Thorns\n|-damage|p2a: Iron Thorns|47\/100\n|\n|-sideend|p2: AootyPooty|move: Aurora Veil\n|-fieldend|move: Trick Room\n|upkeep\n|turn|7\n|\n|t:|1683173450\n|move|p2a: Iron Thorns|Dragon Dance|p2a: Iron Thorns\n|-boost|p2a: Iron Thorns|atk|1\n|-boost|p2a: Iron Thorns|spe|1\n|move|p1a: Maushold|Super Fang|p2b: Pincurchin\n|-damage|p2b: Pincurchin|51\/100\n|-enditem|p2b: Pincurchin|Air Balloon\n|move|p1b: Ceruledge|Bitter Blade|p2a: Iron Thorns\n|-resisted|p2a: Iron Thorns\n|-damage|p2a: Iron Thorns|34\/100\n|move|p2b: Pincurchin|Zing Zap|p1a: Maushold\n|-damage|p1a: Maushold|12\/100\n|\n|upkeep\n|turn|8\n|\n|t:|1683173474\n|move|p1a: Maushold|Protect|p1a: Maushold\n|-singleturn|p1a: Maushold|Protect\n|move|p2b: Pincurchin|Sucker Punch||[still]\n|-fail|p2b: Pincurchin\n|move|p2a: Iron Thorns|Dragon Dance|p2a: Iron Thorns\n|-boost|p2a: Iron Thorns|atk|1\n|-boost|p2a: Iron Thorns|spe|1\n|move|p1b: Ceruledge|Bitter Blade|p2a: Iron Thorns\n|-resisted|p2a: Iron Thorns\n|-damage|p2a: Iron Thorns|22\/100\n|\n|-end|p2a: Iron Thorns|Encore\n|upkeep\n|turn|9\n|\n|t:|1683173495\n|move|p1a: Maushold|Follow Me|p1a: Maushold\n|-singleturn|p1a: Maushold|move: Follow Me\n|move|p2b: Pincurchin|Sucker Punch||[still]\n|-fail|p2b: Pincurchin\n|move|p2a: Iron Thorns|Pin Missile|p1a: Maushold\n|-damage|p1a: Maushold|0 fnt\n|faint|p1a: Maushold\n|-hitcount|p1: Maushold|1\n|cant|p1b: Ceruledge|par\n|\n|-fieldend|move: Electric Terrain\n|-end|p2a: Iron Thorns|Quark Drive\n|upkeep\n|turn|10\n|\n|t:|1683173518\n|cant|p1b: Ceruledge|par\n|move|p2b: Pincurchin|Sucker Punch||[still]\n|-fail|p2b: Pincurchin\n|move|p2a: Iron Thorns|Pin Missile|p1b: Ceruledge\n|-supereffective|p1b: Ceruledge\n|-damage|p1b: Ceruledge|48\/100 par\n|-supereffective|p1b: Ceruledge\n|-damage|p1b: Ceruledge|0 fnt\n|faint|p1b: Ceruledge\n|-hitcount|p1: Ceruledge|2\n|\n|win|AootyPooty\n|raw|NilkSp's rating: 1120 → 1095<\/strong> (-25 for losing)\n|raw|AootyPooty's rating: 1117 → 1142<\/strong> (+25 for winning)\n|l|\u2606NilkSp\n","uploadtime":1683173533,"views":9,"p1id":"nilksp","p2id":"aootypooty","formatid":"gen9vgc2023regulationc","rating":1095,"private":0,"password":""}