{"id":"gen9vgc2023regulationc-1861579354","p1":"Catv470","p2":"Itacema","format":"[Gen 9] VGC 2023 Regulation C","log":"|j|\u2606Catv470\n|j|\u2606Itacema\n|t:|1683775990\n|gametype|doubles\n|player|p1|Catv470|sonia-professor|1000\n|player|p2|Itacema|169|1100\n|teamsize|p1|6\n|teamsize|p2|6\n|gen|9\n|tier|[Gen 9] VGC 2023 Regulation C\n|rated|\n|rule|Species Clause: Limit one of each Pok\u00e9mon\n|rule|Item Clause: Limit one of each item\n|clearpoke\n|poke|p1|Chien-Pao, L50|\n|poke|p1|Dragonite, L50, M|\n|poke|p1|Farigiraf, L50, F|\n|poke|p1|Gyarados, L50, F|\n|poke|p1|Flutter Mane, L50|\n|poke|p1|Roaring Moon, L50|\n|poke|p2|Chien-Pao, L50|\n|poke|p2|Palafin, L50, F|\n|poke|p2|Arcanine, L50, F|\n|poke|p2|Amoonguss, L50, M|\n|poke|p2|Iron Hands, L50|\n|poke|p2|Flutter Mane, L50|\n|teampreview|4\n|inactive|Battle timer is ON: inactive players will automatically lose when time's up. (requested by Catv470)\n|inactive|Itacema also wants the timer to be on.\nCatv470 has agreed to open team sheets.\n|inactive|Catv470 has 60 seconds left.\n|inactive|Itacema has 60 seconds left.\n|\n|t:|1683776037\n|start\n|switch|p1a: !|Chien-Pao, L50|100\/100\n|switch|p1b: huh|Dragonite, L50, M, shiny|100\/100\n|switch|p2a: Palafin|Palafin, L50, F|100\/100\n|switch|p2b: Iron Hands|Iron Hands, L50|100\/100\n|-ability|p1a: !|Sword of Ruin\n|turn|1\n|inactive|Catv470 has 30 seconds left.\n|inactive|Itacema has 30 seconds left.\n|inactive|Itacema has 20 seconds left.\n|\n|t:|1683776072\n|switch|p1a: l + ratio|Farigiraf, L50, F|100\/100\n|detailschange|p2a: Palafin|Palafin-Hero, L50, F\n|switch|p2a: Flutter Mane|Flutter Mane, L50|100\/100\n|-enditem|p2a: Flutter Mane|Booster Energy\n|-activate|p2a: Flutter Mane|ability: Protosynthesis|[fromitem]\n|-start|p2a: Flutter Mane|protosynthesisspa\n|-terastallize|p1b: huh|Normal\n|move|p2b: Iron Hands|Fake Out||[still]\n|cant|p1a: l + ratio|ability: Armor Tail|Fake Out|[of] p2b: Iron Hands\n|move|p1b: huh|Extreme Speed|p2b: Iron Hands\n|-damage|p2b: Iron Hands|51\/100\n|\n|upkeep\n|turn|2\n|inactive|Itacema has 30 seconds left.\n|inactive|Itacema has 20 seconds left.\n|inactive|Itacema has 15 seconds left.\n|\n|t:|1683776115\n|-terastallize|p2a: Flutter Mane|Ghost\n|move|p1b: huh|Extreme Speed|p2b: Iron Hands\n|-damage|p2b: Iron Hands|3\/100\n|move|p1a: l + ratio|Ally Switch|p1a: l + ratio\n|swap|p1a: l + ratio|1|[from] move: Ally Switch\n|move|p2a: Flutter Mane|Dazzling Gleam|p1b: l + ratio|[spread] p1a,p1b\n|-damage|p1a: huh|82\/100\n|-damage|p1b: l + ratio|68\/100\n|move|p2b: Iron Hands|Volt Switch|p1a: huh\n|-damage|p1a: huh|70\/100\n|\n|t:|1683776125\n|-end|p2b: Iron Hands|Quark Drive|[silent]\n|switch|p2b: Chien-Pao|Chien-Pao, L50|100\/100|[from] Volt Switch\n|-ability|p2b: Chien-Pao|Sword of Ruin\n|\n|-heal|p1b: l + ratio|75\/100|[from] item: Leftovers\n|upkeep\n|turn|3\n|inactive|Itacema has 30 seconds left.\n|\n|t:|1683776157\n|switch|p1b: !|Chien-Pao, L50|100\/100\n|-ability|p1b: !|Sword of Ruin\n|move|p1a: huh|Extreme Speed|p2b: Chien-Pao\n|-enditem|p2b: Chien-Pao|Focus Sash\n|-damage|p2b: Chien-Pao|1\/100\n|move|p2b: Chien-Pao|Throat Chop|p1b: !\n|-resisted|p1b: !\n|-damage|p1b: !|74\/100\n|-start|p1b: !|Throat Chop|[silent]\n|move|p2a: Flutter Mane|Moonblast|p1a: huh\n|-damage|p1a: huh|12\/100\n|\n|upkeep\n|turn|4\n|\n|t:|1683776177\n|move|p2b: Chien-Pao|Protect|p2b: Chien-Pao\n|-singleturn|p2b: Chien-Pao|Protect\n|move|p1a: huh|Extreme Speed|p2b: Chien-Pao\n|-activate|p2b: Chien-Pao|move: Protect\n|move|p1b: !|Crunch|p2a: Flutter Mane\n|-supereffective|p2a: Flutter Mane\n|-damage|p2a: Flutter Mane|0 fnt\n|faint|p2a: Flutter Mane\n|-end|p2a: Flutter Mane|Protosynthesis|[silent]\n|-damage|p1b: !|64\/100|[from] item: Life Orb\n|\n|-end|p1b: !|Throat Chop|[silent]\n|upkeep\n|\n|t:|1683776189\n|switch|p2a: Palafin|Palafin-Hero, L50, F|100\/100\n|-activate|p2a: Palafin|ability: Zero to Hero\n|turn|5\n|\n|t:|1683776201\n|move|p1a: huh|Extreme Speed|p2a: Palafin\n|-damage|p2a: Palafin|15\/100\n|move|p2b: Chien-Pao|Sucker Punch||[still]\n|-fail|p2b: Chien-Pao\n|move|p2a: Palafin|Jet Punch|p1b: !\n|-damage|p1b: !|0 fnt\n|faint|p1b: !\n|\n|upkeep\n|\n|t:|1683776209\n|switch|p1b: salt|Roaring Moon, L50|100\/100\n|-enditem|p1b: salt|Booster Energy\n|-activate|p1b: salt|ability: Protosynthesis|[fromitem]\n|-start|p1b: salt|protosynthesisatk\n|turn|6\n|\n|t:|1683776219\n|move|p2a: Palafin|Protect|p2a: Palafin\n|-singleturn|p2a: Palafin|Protect\n|move|p1a: huh|Extreme Speed|p2a: Palafin\n|-activate|p2a: Palafin|move: Protect\n|move|p2b: Chien-Pao|Sucker Punch||[still]\n|-fail|p2b: Chien-Pao\n|move|p1b: salt|Acrobatics|p2b: Chien-Pao\n|-damage|p2b: Chien-Pao|0 fnt\n|faint|p2b: Chien-Pao\n|\n|upkeep\n|\n|t:|1683776229\n|switch|p2b: Iron Hands|Iron Hands, L50|3\/100\n|turn|7\n|\n|t:|1683776238\n|move|p2b: Iron Hands|Fake Out|p1a: huh\n|-damage|p1a: huh|0 fnt\n|faint|p1a: huh\n|move|p2a: Palafin|Jet Punch|p1b: salt\n|-resisted|p1b: salt\n|-crit|p1b: salt\n|-damage|p1b: salt|56\/100\n|move|p1b: salt|Acrobatics|p2b: Iron Hands\n|-damage|p2b: Iron Hands|0 fnt\n|faint|p2b: Iron Hands\n|-end|p2b: Iron Hands|Quark Drive|[silent]\n|\n|upkeep\n|\n|t:|1683776241\n|switch|p1a: l + ratio|Farigiraf, L50, F|75\/100\n|turn|8\n|-message|Itacema forfeited.\n|\n|win|Catv470\n|raw|Catv470's rating: 1000 → 1051<\/strong> (+51 for winning)\n|raw|Itacema's rating: 1100 → 1068<\/strong> (-32 for losing)\n|l|\u2606Itacema\n","uploadtime":1683776255,"views":17,"p1id":"catv470","p2id":"itacema","formatid":"gen9vgc2023regulationc","rating":1051,"private":0,"password":""}