{"id":"gen9vgc2023regulationc-1851534937","p1":"trynderror","p2":"Privnoval016","format":"[Gen 9] VGC 2023 Regulation C","log":"|j|\u2606trynderror\n|j|\u2606Privnoval016\n|t:|1682453405\n|gametype|doubles\n|player|p1|trynderror|265|1379\n|player|p2|Privnoval016|101|1416\n|teamsize|p1|6\n|teamsize|p2|6\n|gen|9\n|tier|[Gen 9] VGC 2023 Regulation C\n|rated|\n|rule|Species Clause: Limit one of each Pok\u00e9mon\n|rule|Item Clause: Limit one of each item\n|clearpoke\n|poke|p1|Maushold, L50|\n|poke|p1|Annihilape, L50, F|\n|poke|p1|Iron Bundle, L50|\n|poke|p1|Arcanine, L50, M|\n|poke|p1|Gholdengo, L50|\n|poke|p1|Roaring Moon, L50|\n|poke|p2|Ceruledge, L50, F|\n|poke|p2|Amoonguss, L50, M|\n|poke|p2|Dragonite, L50, M|\n|poke|p2|Chien-Pao, L50|\n|poke|p2|Scream Tail, L50|\n|poke|p2|Palafin, L50, F|\n|teampreview|4\n|inactive|Battle timer is ON: inactive players will automatically lose when time's up. (requested by trynderror)\n|j| NaecheVGC\nPrivnoval016 has agreed to open team sheets.\n|inactive|Privnoval016 has 60 seconds left.\n|\n|t:|1682453447\n|start\n|switch|p1a: Maushold|Maushold, L50|100\/100\n|switch|p1b: Gholdengo|Gholdengo, L50|100\/100\n|switch|p2a: Standing Here|Ceruledge, L50, F|100\/100\n|switch|p2b: I Realize|Amoonguss, L50, M, shiny|100\/100\n|turn|1\n|inactive|trynderror has 30 seconds left.\n|inactive|trynderror has 20 seconds left.\n|inactive|trynderror has 15 seconds left.\n|inactive|trynderror has 10 seconds left.\n|inactive|trynderror has 5 seconds left.\n|\n|t:|1682453502\n|move|p2b: I Realize|Rage Powder|p2b: I Realize\n|-singleturn|p2b: I Realize|move: Rage Powder\n|move|p1a: Maushold|Super Fang|p2a: Standing Here\n|-immune|p2a: Standing Here\n|move|p1b: Gholdengo|Make It Rain|p2b: I Realize|[spread] p2a,p2b\n|-resisted|p2a: Standing Here\n|-damage|p2a: Standing Here|83\/100\n|-damage|p2b: I Realize|58\/100\n|-unboost|p1b: Gholdengo|spa|1\n|move|p2a: Standing Here|Bulk Up|p2a: Standing Here\n|-boost|p2a: Standing Here|atk|1\n|-boost|p2a: Standing Here|def|1\n|\n|upkeep\n|turn|2\n|inactive|trynderror has 30 seconds left.\n|inactive|Privnoval016 has 30 seconds left.\n|\n|t:|1682453537\n|-terastallize|p1b: Gholdengo|Water\n|move|p1a: Maushold|Protect|p1a: Maushold\n|-singleturn|p1a: Maushold|Protect\n|move|p2b: I Realize|Rage Powder|p2b: I Realize\n|-singleturn|p2b: I Realize|move: Rage Powder\n|move|p1b: Gholdengo|Nasty Plot|p1b: Gholdengo\n|-boost|p1b: Gholdengo|spa|2\n|move|p2a: Standing Here|Bitter Blade|p1b: Gholdengo\n|-resisted|p1b: Gholdengo\n|-damage|p1b: Gholdengo|80\/100\n|-heal|p2a: Standing Here|94\/100|[from] drain|[of] p1b: Gholdengo\n|\n|-heal|p1b: Gholdengo|86\/100|[from] item: Leftovers\n|upkeep\n|turn|3\n|\n|t:|1682453562\n|switch|p2b: Trying To Make|Scream Tail, L50|100\/100\n|-enditem|p2b: Trying To Make|Booster Energy\n|-activate|p2b: Trying To Make|ability: Protosynthesis|[fromitem]\n|-start|p2b: Trying To Make|protosynthesisspe\n|move|p2a: Standing Here|Protect|p2a: Standing Here\n|-singleturn|p2a: Standing Here|Protect\n|move|p1a: Maushold|Super Fang|p2b: Trying To Make\n|-damage|p2b: Trying To Make|50\/100\n|move|p1b: Gholdengo|Nasty Plot|p1b: Gholdengo\n|-boost|p1b: Gholdengo|spa|2\n|\n|-heal|p1b: Gholdengo|92\/100|[from] item: Leftovers\n|upkeep\n|turn|4\n|\n|t:|1682453585\n|move|p1a: Maushold|Follow Me|p1a: Maushold\n|-singleturn|p1a: Maushold|move: Follow Me\n|move|p2b: Trying To Make|Encore|p1a: Maushold\n|-start|p1a: Maushold|Encore\n|move|p1b: Gholdengo|Shadow Ball|p2b: Trying To Make\n|-supereffective|p2b: Trying To Make\n|-damage|p2b: Trying To Make|0 fnt\n|faint|p2b: Trying To Make\n|-end|p2b: Trying To Make|Protosynthesis|[silent]\n|move|p2a: Standing Here|Bitter Blade|p1a: Maushold\n|-damage|p1a: Maushold|40\/100\n|-heal|p2a: Standing Here|100\/100|[from] drain|[of] p1a: Maushold\n|\n|-heal|p1b: Gholdengo|98\/100|[from] item: Leftovers\n|upkeep\n|\n|t:|1682453595\n|switch|p2b: I Realize|Amoonguss, L50, M, shiny|91\/100\n|turn|5\n|\n|t:|1682453611\n|move|p1a: Maushold|Follow Me|p1a: Maushold\n|-singleturn|p1a: Maushold|move: Follow Me\n|move|p2b: I Realize|Rage Powder|p2b: I Realize\n|-singleturn|p2b: I Realize|move: Rage Powder\n|move|p1b: Gholdengo|Nasty Plot|p1b: Gholdengo\n|-boost|p1b: Gholdengo|spa|2\n|move|p2a: Standing Here|Bitter Blade|p1a: Maushold\n|-damage|p1a: Maushold|0 fnt\n|faint|p1a: Maushold\n|\n|-heal|p1b: Gholdengo|100\/100|[from] item: Leftovers\n|upkeep\n|\n|t:|1682453613\n|switch|p1a: Iron Bundle|Iron Bundle, L50|100\/100\n|turn|6\n|l| NaecheVGC\n|\n|t:|1682453627\n|move|p1a: Iron Bundle|Protect|p1a: Iron Bundle\n|-singleturn|p1a: Iron Bundle|Protect\n|move|p2a: Standing Here|Protect|p2a: Standing Here\n|-singleturn|p2a: Standing Here|Protect\n|move|p1b: Gholdengo|Shadow Ball|p2a: Standing Here\n|-activate|p2a: Standing Here|move: Protect\n|move|p2b: I Realize|Spore|p1a: Iron Bundle\n|-activate|p1a: Iron Bundle|move: Protect\n|\n|upkeep\n|turn|7\n|\n|t:|1682453646\n|move|p2b: I Realize|Rage Powder|p2b: I Realize\n|-singleturn|p2b: I Realize|move: Rage Powder\n|move|p1a: Iron Bundle|Freeze-Dry|p2b: I Realize\n|-supereffective|p2b: I Realize\n|-damage|p2b: I Realize|26\/100\n|move|p1b: Gholdengo|Shadow Ball|p2b: I Realize\n|-damage|p2b: I Realize|0 fnt\n|faint|p2b: I Realize\n|move|p2a: Standing Here|Bitter Blade|p1a: Iron Bundle\n|-damage|p1a: Iron Bundle|19\/100\n|\n|upkeep\n|\n|t:|1682453656\n|switch|p2b: Just Like Me|Chien-Pao, L50|100\/100\n|-ability|p2b: Just Like Me|Sword of Ruin\n|turn|8\n|inactive|trynderror has 30 seconds left.\n|inactive|trynderror has 20 seconds left.\n|inactive|trynderror has 15 seconds left.\n|\n|t:|1682453699\n|move|p1a: Iron Bundle|Protect|p1a: Iron Bundle\n|-singleturn|p1a: Iron Bundle|Protect\n|move|p2a: Standing Here|Protect|p2a: Standing Here\n|-singleturn|p2a: Standing Here|Protect\n|move|p2b: Just Like Me|Sacred Sword|p1b: Gholdengo\n|-damage|p1b: Gholdengo|63\/100\n|move|p1b: Gholdengo|Make It Rain|p2b: Just Like Me|[spread] p2b\n|-activate|p2a: Standing Here|move: Protect\n|-supereffective|p2b: Just Like Me\n|-enditem|p2b: Just Like Me|Focus Sash\n|-damage|p2b: Just Like Me|1\/100\n|-unboost|p1b: Gholdengo|spa|1\n|\n|-heal|p1b: Gholdengo|69\/100|[from] item: Leftovers\n|upkeep\n|turn|9\n|\n|t:|1682453722\n|-terastallize|p2a: Standing Here|Grass\n|move|p2b: Just Like Me|Sucker Punch|p1b: Gholdengo\n|-damage|p1b: Gholdengo|25\/100\n|move|p2a: Standing Here|Shadow Sneak|p1b: Gholdengo\n|-damage|p1b: Gholdengo|0 fnt\n|faint|p1b: Gholdengo\n|move|p1a: Iron Bundle|Encore|p2a: Standing Here\n|-start|p2a: Standing Here|Encore\n|\n|upkeep\n|\n|t:|1682453729\n|switch|p1b: Annihilape|Annihilape, L50, F|100\/100\n|turn|10\n|\n|t:|1682453739\n|move|p1a: Iron Bundle|Protect|p1a: Iron Bundle\n|-singleturn|p1a: Iron Bundle|Protect\n|move|p2b: Just Like Me|Protect|p2b: Just Like Me\n|-singleturn|p2b: Just Like Me|Protect\n|move|p2a: Standing Here|Shadow Sneak|p1a: Iron Bundle\n|-activate|p1a: Iron Bundle|move: Protect\n|move|p1b: Annihilape|Drain Punch|p2b: Just Like Me\n|-activate|p2b: Just Like Me|move: Protect\n|\n|upkeep\n|turn|11\n|inactive|trynderror has 30 seconds left.\n|\n|t:|1682453767\n|move|p2b: Just Like Me|Protect||[still]\n|-fail|p2b: Just Like Me\n|move|p2a: Standing Here|Shadow Sneak|p1a: Iron Bundle\n|-damage|p1a: Iron Bundle|0 fnt\n|faint|p1a: Iron Bundle\n|-end|p1a: Iron Bundle|Quark Drive|[silent]\n|move|p1b: Annihilape|Drain Punch|p2b: Just Like Me\n|-supereffective|p2b: Just Like Me\n|-damage|p2b: Just Like Me|0 fnt\n|faint|p2b: Just Like Me\n|\n|upkeep\n|turn|12\n|\n|t:|1682453775\n|move|p2a: Standing Here|Shadow Sneak|p1b: Annihilape\n|-supereffective|p1b: Annihilape\n|-damage|p1b: Annihilape|41\/100\n|-enditem|p1b: Annihilape|Sitrus Berry|[eat]\n|-heal|p1b: Annihilape|65\/100|[from] item: Sitrus Berry\n|move|p1b: Annihilape|Bulk Up|p1b: Annihilape\n|-boost|p1b: Annihilape|atk|1\n|-boost|p1b: Annihilape|def|1\n|\n|-end|p2a: Standing Here|Encore\n|upkeep\n|turn|13\n|\n|t:|1682453794\n|move|p1b: Annihilape|Rage Fist|p2a: Standing Here\n|-damage|p2a: Standing Here|47\/100\n|move|p2a: Standing Here|Bulk Up|p2a: Standing Here\n|-boost|p2a: Standing Here|atk|1\n|-boost|p2a: Standing Here|def|1\n|\n|upkeep\n|turn|14\n|\n|t:|1682453801\n|move|p1b: Annihilape|Rage Fist|p2a: Standing Here\n|-damage|p2a: Standing Here|11\/100\n|move|p2a: Standing Here|Bitter Blade|p1b: Annihilape\n|-damage|p1b: Annihilape|13\/100\n|-heal|p2a: Standing Here|39\/100|[from] drain|[of] p1b: Annihilape\n|\n|upkeep\n|turn|15\n|\n|t:|1682453807\n|move|p2a: Standing Here|Shadow Sneak|p1b: Annihilape\n|-supereffective|p1b: Annihilape\n|-damage|p1b: Annihilape|0 fnt\n|faint|p1b: Annihilape\n|\n|win|Privnoval016\n|raw|trynderror's rating: 1379 → 1361<\/strong> (-18 for losing)\n|raw|Privnoval016's rating: 1416 → 1434<\/strong> (+18 for winning)\n|l|\u2606trynderror\n","uploadtime":1682453814,"views":8,"p1id":"trynderror","p2id":"privnoval016","formatid":"gen9vgc2023regulationc","rating":1361,"private":0,"password":""}