{"id":"gen9vgc2023regulationc-1861000149","p1":"D-scNSe","p2":"0291FS","format":"[Gen 9] VGC 2023 Regulation C","log":"|j|\u2606D-scNSe\n|j|\u26060291FS\n|t:|1683711577\n|gametype|doubles\n|player|p1|D-scNSe|169|1313\n|player|p2|0291FS|steven|1397\n|teamsize|p1|6\n|teamsize|p2|6\n|gen|9\n|tier|[Gen 9] VGC 2023 Regulation C\n|rated|\n|rule|Species Clause: Limit one of each Pok\u00e9mon\n|rule|Item Clause: Limit one of each item\n|clearpoke\n|poke|p1|Flutter Mane, L50|\n|poke|p1|Ting-Lu, L50|\n|poke|p1|Maushold-Four, L50|\n|poke|p1|Annihilape, L50, F|\n|poke|p1|Iron Bundle, L50|\n|poke|p1|Arcanine, L50, F|\n|poke|p2|Dragonite, L50, F|\n|poke|p2|Lilligant, L50, F|\n|poke|p2|Great Tusk, L50|\n|poke|p2|Torkoal, L50, M|\n|poke|p2|Chien-Pao, L50|\n|poke|p2|Flutter Mane, L50|\n|teampreview|4\n|inactive|Battle timer is ON: inactive players will automatically lose when time's up. (requested by 0291FS)\n|\n|t:|1683711652\n|start\n|switch|p1a: Maushold|Maushold-Four, L50|100\/100\n|switch|p1b: Annihilape|Annihilape, L50, F|100\/100\n|switch|p2a: Torkoal|Torkoal, L50, M|100\/100\n|switch|p2b: Great Tusk|Great Tusk, L50|100\/100\n|-weather|SunnyDay|[from] ability: Drought|[of] p2a: Torkoal\n|-activate|p2b: Great Tusk|ability: Protosynthesis\n|-start|p2b: Great Tusk|protosynthesisatk\n|turn|1\n|inactive|D-scNSe has 30 seconds left.\n|inactive|0291FS has 30 seconds left.\n|\n|t:|1683711684\n|move|p2a: Torkoal|Protect|p2a: Torkoal\n|-singleturn|p2a: Torkoal|Protect\n|move|p2b: Great Tusk|Earthquake|p1b: Annihilape|[spread] p1a,p1b\n|-activate|p2a: Torkoal|move: Protect\n|-damage|p1a: Maushold|49\/100\n|-damage|p1b: Annihilape|63\/100\n|move|p1a: Maushold|Beat Up|p1b: Annihilape\n|-damage|p1b: Annihilape|61\/100\n|-damage|p1b: Annihilape|59\/100\n|-damage|p1b: Annihilape|56\/100\n|-damage|p1b: Annihilape|54\/100\n|-hitcount|p1b: Annihilape|4\n|move|p1b: Annihilape|Rage Fist|p2b: Great Tusk\n|-damage|p2b: Great Tusk|0 fnt\n|faint|p2b: Great Tusk\n|-end|p2b: Great Tusk|Protosynthesis|[silent]\n|\n|-weather|SunnyDay|[upkeep]\n|-heal|p1b: Annihilape|60\/100|[from] item: Leftovers\n|upkeep\n|\n|t:|1683711702\n|switch|p2b: Chien-Pao|Chien-Pao, L50|100\/100\n|-ability|p2b: Chien-Pao|Sword of Ruin\n|turn|2\n|\n|t:|1683711709\n|move|p2b: Chien-Pao|Protect|p2b: Chien-Pao\n|-singleturn|p2b: Chien-Pao|Protect\n|move|p1a: Maushold|Feint|p2b: Chien-Pao\n|-activate|p2b: Chien-Pao|move: Feint\n|-damage|p2b: Chien-Pao|88\/100\n|move|p1b: Annihilape|Drain Punch|p2b: Chien-Pao\n|-supereffective|p2b: Chien-Pao\n|-damage|p2b: Chien-Pao|0 fnt\n|-heal|p1b: Annihilape|92\/100|[from] drain|[of] p2b: Chien-Pao\n|faint|p2b: Chien-Pao\n|move|p2a: Torkoal|Eruption|p1b: Annihilape|[spread] p1a,p1b\n|-crit|p1a: Maushold\n|-damage|p1a: Maushold|0 fnt\n|-damage|p1b: Annihilape|35\/100\n|faint|p1a: Maushold\n|\n|-weather|SunnyDay|[upkeep]\n|-heal|p1b: Annihilape|41\/100|[from] item: Leftovers\n|upkeep\n|\n|t:|1683711728\n|switch|p2b: Dragonite|Dragonite, L50, F|100\/100\n|switch|p1a: Arcanine|Arcanine, L50, F|100\/100\n|-ability|p1a: Arcanine|Intimidate|boost\n|-unboost|p2a: Torkoal|atk|1\n|-unboost|p2b: Dragonite|atk|1\n|turn|3\n|\n|t:|1683711737\n|-terastallize|p1b: Annihilape|Fire\n|move|p2b: Dragonite|Protect|p2b: Dragonite\n|-singleturn|p2b: Dragonite|Protect\n|move|p1a: Arcanine|Will-O-Wisp|p2b: Dragonite\n|-activate|p2b: Dragonite|move: Protect\n|move|p1b: Annihilape|Drain Punch|p2a: Torkoal\n|-damage|p2a: Torkoal|73\/100\n|-heal|p1b: Annihilape|53\/100|[from] drain|[of] p2a: Torkoal\n|move|p2a: Torkoal|Flamethrower|p1b: Annihilape\n|-resisted|p1b: Annihilape\n|-damage|p1b: Annihilape|21\/100\n|\n|-weather|SunnyDay|[upkeep]\n|-heal|p1b: Annihilape|27\/100|[from] item: Leftovers\n|upkeep\n|turn|4\n|inactive|D-scNSe has 30 seconds left.\n|inactive|0291FS has 30 seconds left.\n|\n|t:|1683711764\n|move|p2b: Dragonite|Extreme Speed|p1b: Annihilape\n|-damage|p1b: Annihilape|7\/100\n|move|p1a: Arcanine|Snarl|p2b: Dragonite|[spread] p2a,p2b\n|-damage|p2a: Torkoal|61\/100\n|-damage|p2b: Dragonite|97\/100\n|-unboost|p2a: Torkoal|spa|1\n|-unboost|p2b: Dragonite|spa|1\n|move|p1b: Annihilape|Rage Fist|p2a: Torkoal\n|-damage|p2a: Torkoal|0 fnt\n|faint|p2a: Torkoal\n|\n|-weather|SunnyDay|[upkeep]\n|-heal|p1b: Annihilape|13\/100|[from] item: Leftovers\n|upkeep\n|turn|5\n|-message|0291FS forfeited.\n|\n|win|D-scNSe\n|raw|D-scNSe's rating: 1313 → 1338<\/strong> (+25 for winning)\n|raw|0291FS's rating: 1397 → 1372<\/strong> (-25 for losing)\n|l|\u26060291FS\n||Ladder isn't responding, score probably updated but might not have (Request timeout).\n","uploadtime":1683712270,"views":19,"p1id":"dscnse","p2id":"0291fs","formatid":"gen9vgc2023regulationc","rating":1338,"private":0,"password":""}