{"id":"gen9vgc2023regulationc-1863731884","p1":"revocolombia","p2":"BienMrd","format":"[Gen 9] VGC 2023 Regulation C","log":"|j|\u2606revocolombia\n|j|\u2606BienMrd\n|t:|1684068828\n|gametype|doubles\n|player|p1|revocolombia|pokemonranger-gen4|1470\n|player|p2|BienMrd|1|1372\n|teamsize|p1|6\n|teamsize|p2|6\n|gen|9\n|tier|[Gen 9] VGC 2023 Regulation C\n|rated|\n|rule|Species Clause: Limit one of each Pok\u00e9mon\n|rule|Item Clause: Limit one of each item\n|clearpoke\n|poke|p1|Flutter Mane, L50|\n|poke|p1|Annihilape, L50, F|\n|poke|p1|Dragonite, L50, M|\n|poke|p1|Chien-Pao, L50|\n|poke|p1|Murkrow, L50, M|\n|poke|p1|Gholdengo, L50|\n|poke|p2|Dragonite, L50, M|\n|poke|p2|Amoonguss, L50, M|\n|poke|p2|Kilowattrel, L50, M|\n|poke|p2|Arcanine, L50, M|\n|poke|p2|Palafin, L50, M|\n|poke|p2|Chien-Pao, L50|\n|teampreview|4\n|inactive|Battle timer is ON: inactive players will automatically lose when time's up. (requested by BienMrd)\n|inactive|BienMrd has 60 seconds left.\n|\n|t:|1684068877\n|start\n|switch|p1a: Annihilape|Annihilape, L50, F, shiny|100\/100\n|switch|p1b: Murkrow|Murkrow, L50, M|100\/100\n|switch|p2a: Kilowattrel|Kilowattrel, L50, M|100\/100\n|switch|p2b: Dragonite|Dragonite, L50, M|100\/100\n|turn|1\n|inactive|BienMrd has 30 seconds left.\n|\n|t:|1684068904\n|-terastallize|p1a: Annihilape|Fire\n|move|p1b: Murkrow|Taunt|p2a: Kilowattrel\n|-start|p2a: Kilowattrel|move: Taunt\n|cant|p2a: Kilowattrel|move: Taunt|Tailwind\n|move|p1a: Annihilape|Bulk Up|p1a: Annihilape\n|-boost|p1a: Annihilape|atk|1\n|-boost|p1a: Annihilape|def|1\n|move|p2b: Dragonite|Outrage|p1a: Annihilape\n|-damage|p1a: Annihilape|32\/100\n|\n|-heal|p1a: Annihilape|38\/100|[from] item: Leftovers\n|upkeep\n|turn|2\n|inactive|revocolombia has 30 seconds left.\n|inactive|BienMrd has 30 seconds left.\n|\n|t:|1684068938\n|move|p2a: Kilowattrel|Thunderbolt|p1a: Annihilape\n|-damage|p1a: Annihilape|6\/100\n|move|p1a: Annihilape|Rage Fist|p2b: Dragonite\n|-damage|p2b: Dragonite|3\/100\n|move|p1b: Murkrow|Foul Play|p2b: Dragonite\n|-damage|p2b: Dragonite|0 fnt\n|faint|p2b: Dragonite\n|\n|-heal|p1a: Annihilape|13\/100|[from] item: Leftovers\n|upkeep\n|\n|t:|1684068951\n|switch|p2b: Chien-Pao|Chien-Pao, L50|100\/100\n|-ability|p2b: Chien-Pao|Sword of Ruin\n|turn|3\n|inactive|BienMrd has 30 seconds left.\n|\n|t:|1684068985\n|switch|p1a: Chien-Pao|Chien-Pao, L50|100\/100\n|-ability|p1a: Chien-Pao|Sword of Ruin\n|switch|p1b: Dragonite|Dragonite, L50, M|100\/100\n|-terastallize|p2b: Chien-Pao|Ghost\n|move|p2b: Chien-Pao|Ice Spinner|p1b: Dragonite\n|-supereffective|p1b: Dragonite\n|-damage|p1b: Dragonite|0 fnt\n|faint|p1b: Dragonite\n|-damage|p2b: Chien-Pao|91\/100|[from] item: Life Orb\n|move|p2a: Kilowattrel|Thunderbolt|p1a: Chien-Pao\n|-damage|p1a: Chien-Pao|39\/100\n|\n|-end|p2a: Kilowattrel|move: Taunt\n|upkeep\n|\n|t:|1684069005\n|switch|p1b: Murkrow|Murkrow, L50, M|100\/100\n|turn|4\n|inactive|BienMrd has 30 seconds left.\n|inactive|BienMrd has 20 seconds left.\n|inactive|BienMrd has 15 seconds left.\n|inactive|BienMrd has 10 seconds left.\n|inactive|BienMrd has 5 seconds left.\n|\n|t:|1684069056\n|move|p2b: Chien-Pao|Protect|p2b: Chien-Pao\n|-singleturn|p2b: Chien-Pao|Protect\n|move|p1a: Chien-Pao|Sucker Punch||[still]\n|-fail|p1a: Chien-Pao\n|move|p1b: Murkrow|Taunt|p2a: Kilowattrel\n|-start|p2a: Kilowattrel|move: Taunt\n|move|p2a: Kilowattrel|Thunderbolt|p1a: Chien-Pao\n|-damage|p1a: Chien-Pao|0 fnt\n|faint|p1a: Chien-Pao\n|\n|upkeep\n|\n|t:|1684069072\n|switch|p1a: Annihilape|Annihilape, L50, F, shiny, tera:Fire|13\/100\n|turn|5\n|\n|t:|1684069096\n|move|p1a: Annihilape|Protect|p1a: Annihilape\n|-singleturn|p1a: Annihilape|Protect\n|move|p2b: Chien-Pao|Sucker Punch||[still]\n|-fail|p2b: Chien-Pao\n|move|p2a: Kilowattrel|Thunderbolt|p1b: Murkrow\n|-supereffective|p1b: Murkrow\n|-damage|p1b: Murkrow|13\/100\n|move|p1b: Murkrow|Foul Play|p2b: Chien-Pao\n|-supereffective|p2b: Chien-Pao\n|-damage|p2b: Chien-Pao|0 fnt\n|faint|p2b: Chien-Pao\n|\n|-heal|p1a: Annihilape|19\/100|[from] item: Leftovers\n|upkeep\n|\n|t:|1684069110\n|switch|p2b: Amoonguss|Amoonguss, L50, M, shiny|100\/100\n|turn|6\n|\n|t:|1684069133\n|move|p2b: Amoonguss|Rage Powder|p2b: Amoonguss\n|-singleturn|p2b: Amoonguss|move: Rage Powder\n|move|p1b: Murkrow|Tailwind|p1b: Murkrow\n|-sidestart|p1: revocolombia|move: Tailwind\n|move|p1a: Annihilape|Rage Fist|p2b: Amoonguss\n|-damage|p2b: Amoonguss|47\/100\n|-enditem|p2b: Amoonguss|Sitrus Berry|[eat]\n|-heal|p2b: Amoonguss|72\/100|[from] item: Sitrus Berry\n|move|p2a: Kilowattrel|Thunderbolt|p1a: Annihilape\n|-damage|p1a: Annihilape|0 fnt\n|faint|p1a: Annihilape\n|\n|-end|p2a: Kilowattrel|move: Taunt\n|upkeep\n|turn|7\n|\n|t:|1684069151\n|move|p2b: Amoonguss|Rage Powder|p2b: Amoonguss\n|-singleturn|p2b: Amoonguss|move: Rage Powder\n|move|p1b: Murkrow|Foul Play|p2b: Amoonguss\n|-damage|p2b: Amoonguss|56\/100\n|move|p2a: Kilowattrel|Thunderbolt|p1b: Murkrow\n|-supereffective|p1b: Murkrow\n|-crit|p1b: Murkrow\n|-damage|p1b: Murkrow|0 fnt\n|faint|p1b: Murkrow\n|\n|win|BienMrd\n|raw|revocolombia's rating: 1470 → 1445<\/strong> (-25 for losing)\n|raw|BienMrd's rating: 1372 → 1397<\/strong> (+25 for winning)\n","uploadtime":1684069163,"views":8,"p1id":"revocolombia","p2id":"bienmrd","formatid":"gen9vgc2023regulationc","rating":1397,"private":0,"password":""}