{"id":"gen9vgc2023regulationc-1855294739","p1":"teambuilder44","p2":"fghrhg","format":"[Gen 9] VGC 2023 Regulation C","log":"|j|\u2606teambuilder44\n|j|\u2606fghrhg\n|t:|1682931820\n|gametype|doubles\n|player|p1|teambuilder44|169|1119\n|player|p2|fghrhg|2|1154\n|teamsize|p1|6\n|teamsize|p2|6\n|gen|9\n|tier|[Gen 9] VGC 2023 Regulation C\n|rated|\n|rule|Species Clause: Limit one of each Pok\u00e9mon\n|rule|Item Clause: Limit one of each item\n|clearpoke\n|poke|p1|Grafaiai, L50, F|\n|poke|p1|Chi-Yu, L50|\n|poke|p1|Ampharos, L50, M|\n|poke|p1|Amoonguss, L50, F|\n|poke|p1|Ting-Lu, L50|\n|poke|p1|Goodra, L50, M|\n|poke|p2|Torkoal, L50, M|\n|poke|p2|Chi-Yu, L50|\n|poke|p2|Bronzong, L50|\n|poke|p2|Gastrodon, L50, F|\n|poke|p2|Grimmsnarl, L50, M|\n|poke|p2|Skeledirge, L50, F|\n|teampreview|4\n|inactive|Battle timer is ON: inactive players will automatically lose when time's up. (requested by fghrhg)\n|inactive|teambuilder44 has 60 seconds left.\n|\n|t:|1682931883\n|start\n|switch|p1a: Goodra|Goodra, L50, M|100\/100\n|switch|p1b: Grafaiai|Grafaiai, L50, F|100\/100\n|switch|p2a: Grimmsnarl|Grimmsnarl, L50, M|100\/100\n|switch|p2b: Chi-Yu|Chi-Yu, L50|100\/100\n|-ability|p2b: Chi-Yu|Beads of Ruin\n|turn|1\n|\n|t:|1682931903\n|-terastallize|p1a: Goodra|Water\n|move|p2a: Grimmsnarl|Fake Out|p1a: Goodra\n|-damage|p1a: Goodra|84\/100\n|move|p1b: Grafaiai|Acid Spray|p2a: Grimmsnarl\n|-supereffective|p2a: Grimmsnarl\n|-damage|p2a: Grimmsnarl|57\/100\n|-unboost|p2a: Grimmsnarl|spd|2\n|move|p2b: Chi-Yu|Substitute|p2b: Chi-Yu\n|-start|p2b: Chi-Yu|Substitute\n|-damage|p2b: Chi-Yu|76\/100\n|cant|p1a: Goodra|flinch\n|\n|upkeep\n|turn|2\n|inactive|teambuilder44 has 30 seconds left.\n|\n|t:|1682931931\n|switch|p2a: Bronzong|Bronzong, L50|100\/100\n|move|p1b: Grafaiai|Helping Hand|p1a: Goodra\n|-singleturn|p1a: Goodra|Helping Hand|[of] p1b: Grafaiai\n|move|p2b: Chi-Yu|Protect|p2b: Chi-Yu\n|-singleturn|p2b: Chi-Yu|Protect\n|move|p1a: Goodra|Muddy Water|p2a: Bronzong|[spread] p2a\n|-activate|p2b: Chi-Yu|move: Protect\n|-damage|p2a: Bronzong|39\/100\n|\n|upkeep\n|turn|3\n|inactive|teambuilder44 has 30 seconds left.\n|\n|t:|1682931957\n|move|p1b: Grafaiai|Helping Hand|p1a: Goodra\n|-singleturn|p1a: Goodra|Helping Hand|[of] p1b: Grafaiai\n|move|p2b: Chi-Yu|Snarl|p1a: Goodra|[spread] p1a,p1b\n|-damage|p1a: Goodra|69\/100\n|-damage|p1b: Grafaiai|59\/100\n|-unboost|p1a: Goodra|spa|1\n|-unboost|p1b: Grafaiai|spa|1\n|move|p1a: Goodra|Muddy Water|p2b: Chi-Yu|[spread] p2a,p2b\n|-supereffective|p2b: Chi-Yu\n|-end|p2b: Chi-Yu|Substitute\n|-damage|p2a: Bronzong|0 fnt\n|faint|p2a: Bronzong\n|\n|upkeep\n|\n|t:|1682931970\n|switch|p2a: Grimmsnarl|Grimmsnarl, L50, M|57\/100\n|turn|4\n|\n|t:|1682931992\n|switch|p1a: Ting-Lu|Ting-Lu, L50|100\/100\n|-ability|p1a: Ting-Lu|Vessel of Ruin\n|move|p2a: Grimmsnarl|Fake Out|p1a: Ting-Lu\n|-damage|p1a: Ting-Lu|93\/100\n|move|p1b: Grafaiai|Taunt|p2b: Chi-Yu\n|-hint|Since gen 7, Dark is immune to Prankster moves.\n|-immune|p2b: Chi-Yu\n|move|p2b: Chi-Yu|Snarl|p1b: Grafaiai|[spread] p1a,p1b\n|-resisted|p1a: Ting-Lu\n|-crit|p1a: Ting-Lu\n|-damage|p1a: Ting-Lu|86\/100\n|-damage|p1b: Grafaiai|29\/100\n|-unboost|p1a: Ting-Lu|spa|1\n|-unboost|p1b: Grafaiai|spa|1\n|\n|upkeep\n|turn|5\n|inactive|teambuilder44 has 30 seconds left.\n|\n|t:|1682932021\n|move|p2b: Chi-Yu|Protect|p2b: Chi-Yu\n|-singleturn|p2b: Chi-Yu|Protect\n|move|p2a: Grimmsnarl|Sucker Punch|p1b: Grafaiai\n|-damage|p1b: Grafaiai|0 fnt\n|faint|p1b: Grafaiai\n|move|p1a: Ting-Lu|Stomping Tantrum|p2b: Chi-Yu\n|-activate|p2b: Chi-Yu|move: Protect\n|\n|upkeep\n|\n|t:|1682932030\n|switch|p1b: Goodra|Goodra, L50, M, tera:Water|69\/100\n|turn|6\n|inactive|teambuilder44 has 30 seconds left.\n|\n|t:|1682932059\n|move|p2a: Grimmsnarl|Trick|p1b: Goodra\n|-activate|p2a: Grimmsnarl|move: Trick|[of] p1b: Goodra\n|-item|p1b: Goodra|Lagging Tail|[from] move: Trick\n|-item|p2a: Grimmsnarl|Sitrus Berry|[from] move: Trick\n|move|p2b: Chi-Yu|Snarl|p1b: Goodra|[spread] p1a,p1b\n|-resisted|p1a: Ting-Lu\n|-damage|p1a: Ting-Lu|81\/100\n|-damage|p1b: Goodra|58\/100\n|-unboost|p1a: Ting-Lu|spa|1\n|-unboost|p1b: Goodra|spa|1\n|move|p1b: Goodra|Life Dew|p1b: Goodra|[spread] p1a,p1b\n|-heal|p1a: Ting-Lu|100\/100\n|-heal|p1b: Goodra|83\/100\n|move|p1a: Ting-Lu|Heavy Slam|p2a: Grimmsnarl\n|-supereffective|p2a: Grimmsnarl\n|-damage|p2a: Grimmsnarl|0 fnt\n|faint|p2a: Grimmsnarl\n|\n|upkeep\n|\n|t:|1682932070\n|switch|p2a: Skeledirge|Skeledirge, L50, F|100\/100\n|turn|7\n|\n|t:|1682932083\n|move|p1b: Goodra|Protect|p1b: Goodra\n|-singleturn|p1b: Goodra|Protect\n|move|p2b: Chi-Yu|Snarl|p1b: Goodra|[spread] p1a\n|-activate|p1b: Goodra|move: Protect\n|-resisted|p1a: Ting-Lu\n|-damage|p1a: Ting-Lu|96\/100\n|-unboost|p1a: Ting-Lu|spa|1\n|move|p2a: Skeledirge|Encore|p1a: Ting-Lu\n|-start|p1a: Ting-Lu|Encore\n|move|p1a: Ting-Lu|Heavy Slam|p2b: Chi-Yu\n|-resisted|p2b: Chi-Yu\n|-damage|p2b: Chi-Yu|51\/100\n|\n|upkeep\n|turn|8\n|\n|t:|1682932101\n|move|p2b: Chi-Yu|Snarl|p1b: Goodra|[spread] p1a,p1b\n|-resisted|p1a: Ting-Lu\n|-damage|p1a: Ting-Lu|91\/100\n|-damage|p1b: Goodra|71\/100\n|-unboost|p1a: Ting-Lu|spa|1\n|-unboost|p1b: Goodra|spa|1\n|move|p2a: Skeledirge|Encore|p1b: Goodra\n|-start|p1b: Goodra|Encore\n|move|p1a: Ting-Lu|Heavy Slam|p2b: Chi-Yu\n|-resisted|p2b: Chi-Yu\n|-damage|p2b: Chi-Yu|24\/100\n|-enditem|p2b: Chi-Yu|Wiki Berry|[eat]\n|-heal|p2b: Chi-Yu|58\/100|[from] item: Wiki Berry\n|move|p1b: Goodra|Protect||[still]\n|-fail|p1b: Goodra\n|\n|upkeep\n|turn|9\n|\n|t:|1682932113\n|move|p1b: Goodra|Protect|p1b: Goodra\n|-singleturn|p1b: Goodra|Protect\n|move|p2b: Chi-Yu|Snarl|p1a: Ting-Lu|[spread] p1a\n|-activate|p1b: Goodra|move: Protect\n|-resisted|p1a: Ting-Lu\n|-damage|p1a: Ting-Lu|87\/100\n|-unboost|p1a: Ting-Lu|spa|1\n|move|p2a: Skeledirge|Torch Song|p1a: Ting-Lu\n|-damage|p1a: Ting-Lu|62\/100\n|-boost|p2a: Skeledirge|spa|1\n|move|p1a: Ting-Lu|Heavy Slam|p2b: Chi-Yu\n|-resisted|p2b: Chi-Yu\n|-damage|p2b: Chi-Yu|30\/100\n|\n|-end|p1a: Ting-Lu|Encore\n|upkeep\n|turn|10\n|\n|t:|1682932138\n|-terastallize|p2a: Skeledirge|Fairy\n|move|p1b: Goodra|Protect||[still]\n|-fail|p1b: Goodra\n|move|p2b: Chi-Yu|Tera Blast|p1a: Ting-Lu\n|-damage|p1a: Ting-Lu|49\/100\n|move|p2a: Skeledirge|Tera Blast|p1a: Ting-Lu\n|-supereffective|p1a: Ting-Lu\n|-damage|p1a: Ting-Lu|0 fnt\n|faint|p1a: Ting-Lu\n|\n|-end|p1b: Goodra|Encore\n|upkeep\n|\n|t:|1682932147\n|switch|p1a: Amoonguss|Amoonguss, L50, F|100\/100\n|turn|11\n|\n|t:|1682932162\n|move|p1b: Goodra|Protect|p1b: Goodra\n|-singleturn|p1b: Goodra|Protect\n|move|p2b: Chi-Yu|Snarl|p1b: Goodra|[spread] p1a\n|-activate|p1b: Goodra|move: Protect\n|-damage|p1a: Amoonguss|84\/100\n|-unboost|p1a: Amoonguss|spa|1\n|move|p2a: Skeledirge|Torch Song|p1a: Amoonguss\n|-supereffective|p1a: Amoonguss\n|-damage|p1a: Amoonguss|0 fnt\n|-boost|p2a: Skeledirge|spa|1\n|faint|p1a: Amoonguss\n|\n|upkeep\n|turn|12\n|-message|teambuilder44 forfeited.\n|\n|win|fghrhg\n|raw|teambuilder44's rating: 1119 → 1097<\/strong> (-22 for losing)\n|raw|fghrhg's rating: 1154 → 1176<\/strong> (+22 for winning)\n|l|\u2606teambuilder44\n","uploadtime":1682932179,"views":25,"p1id":"teambuilder44","p2id":"fghrhg","formatid":"gen9vgc2023regulationc","rating":1097,"private":0,"password":""}