{"id":"gen9vgc2023regulationc-1846780274","p1":"Cilan123","p2":"nagio","format":"[Gen 9] VGC 2023 Regulation C","log":"|j|\u2606Cilan123\n|j|\u2606nagio\n|t:|1681878129\n|gametype|doubles\n|player|p1|Cilan123|cilan|1372\n|player|p2|nagio|102|1323\n|teamsize|p1|6\n|teamsize|p2|6\n|gen|9\n|tier|[Gen 9] VGC 2023 Regulation C\n|rated|\n|rule|Species Clause: Limit one of each Pok\u00e9mon\n|rule|Item Clause: Limit one of each item\n|clearpoke\n|poke|p1|Arboliva, L50, F|\n|poke|p1|Maushold, L50|\n|poke|p1|Annihilape, L50, M|\n|poke|p1|Iron Thorns, L50|\n|poke|p1|Talonflame, L50, F|\n|poke|p1|Gholdengo, L50|\n|poke|p2|Chien-Pao, L50|\n|poke|p2|Chi-Yu, L50|\n|poke|p2|Flutter Mane, L50|\n|poke|p2|Dragonite, L50, F|\n|poke|p2|Talonflame, L50, M|\n|poke|p2|Glimmora, L50, M|\n|teampreview|4\nCilan123 has agreed to open team sheets.\n|inactive|Battle timer is ON: inactive players will automatically lose when time's up. (requested by nagio)\n|\n|t:|1681878185\n|start\n|switch|p1a: Iron Thorns|Iron Thorns, L50|100\/100\n|switch|p1b: Maushold|Maushold, L50|100\/100\n|switch|p2a: Talonflame|Talonflame, L50, M, shiny|100\/100\n|switch|p2b: Glimmora|Glimmora, L50, M, shiny|100\/100\n|turn|1\n|\n|t:|1681878208\n|move|p2a: Talonflame|Tailwind|p2a: Talonflame\n|-sidestart|p2: nagio|move: Tailwind\n|move|p2b: Glimmora|Earth Power|p1a: Iron Thorns\n|-supereffective|p1a: Iron Thorns\n|-damage|p1a: Iron Thorns|4\/100\n|move|p1b: Maushold|Taunt|p2a: Talonflame\n|-start|p2a: Talonflame|move: Taunt\n|move|p1a: Iron Thorns|Dragon Dance|p1a: Iron Thorns\n|-boost|p1a: Iron Thorns|atk|1\n|-boost|p1a: Iron Thorns|spe|1\n|\n|upkeep\n|turn|2\n|\n|t:|1681878228\n|move|p1b: Maushold|Follow Me|p1b: Maushold\n|-singleturn|p1b: Maushold|move: Follow Me\n|move|p2a: Talonflame|Brave Bird|p1b: Maushold\n|-damage|p1b: Maushold|54\/100\n|-damage|p2a: Talonflame|84\/100|[from] Recoil\n|move|p2b: Glimmora|Mortal Spin|p1a: Iron Thorns|[spread] p1a,p1b\n|-resisted|p1a: Iron Thorns\n|-damage|p1a: Iron Thorns|3\/100\n|-damage|p1b: Maushold|49\/100\n|-status|p1a: Iron Thorns|psn\n|-status|p1b: Maushold|psn\n|move|p1a: Iron Thorns|Rock Blast|p2a: Talonflame|[miss]\n|-miss|p1a: Iron Thorns|p2a: Talonflame\n|\n|-damage|p1b: Maushold|36\/100 psn|[from] psn\n|-damage|p1a: Iron Thorns|0 fnt|[from] psn\n|faint|p1a: Iron Thorns\n|-end|p1a: Iron Thorns|Quark Drive|[silent]\n|upkeep\n|c|\u2606Cilan123|:\/\n|\n|t:|1681878250\n|switch|p1a: Gholdengo|Gholdengo, L50|100\/100\n|turn|3\n|c|\u2606nagio|lol\n|\n|t:|1681878262\n|move|p1b: Maushold|Follow Me|p1b: Maushold\n|-singleturn|p1b: Maushold|move: Follow Me\n|move|p2a: Talonflame|Brave Bird|p1b: Maushold\n|-damage|p1b: Maushold|0 fnt\n|faint|p1b: Maushold\n|-damage|p2a: Talonflame|72\/100|[from] Recoil\n|move|p2b: Glimmora|Earth Power|p1a: Gholdengo\n|-supereffective|p1a: Gholdengo\n|-damage|p1a: Gholdengo|24\/100\n|move|p1a: Gholdengo|Nasty Plot|p1a: Gholdengo\n|-boost|p1a: Gholdengo|spa|2\n|\n|upkeep\n|c|\u2606Cilan123|the game said how about nah\n|\n|t:|1681878278\n|switch|p1b: Annihilape|Annihilape, L50, M|100\/100\n|turn|4\n|\n|t:|1681878298\n|-terastallize|p1b: Annihilape|Fire\n|move|p1a: Gholdengo|Protect|p1a: Gholdengo\n|-singleturn|p1a: Gholdengo|Protect\n|move|p2a: Talonflame|Brave Bird|p1b: Annihilape\n|-crit|p1b: Annihilape\n|-damage|p1b: Annihilape|50\/100\n|-damage|p2a: Talonflame|52\/100|[from] Recoil\n|move|p2b: Glimmora|Earth Power|p1a: Gholdengo\n|-activate|p1a: Gholdengo|move: Protect\n|move|p1b: Annihilape|Rage Fist|p2a: Talonflame\n|-damage|p2a: Talonflame|9\/100\n|-damage|p1b: Annihilape|34\/100|[from] item: Rocky Helmet|[of] p2a: Talonflame\n|\n|-heal|p1b: Annihilape|40\/100|[from] item: Leftovers\n|-end|p2a: Talonflame|move: Taunt\n|-sideend|p2: nagio|move: Tailwind\n|upkeep\n|turn|5\n|inactive|Cilan123 has 30 seconds left.\n|\n|t:|1681878326\n|move|p2a: Talonflame|Tailwind|p2a: Talonflame\n|-sidestart|p2: nagio|move: Tailwind\n|move|p2b: Glimmora|Earth Power|p1a: Gholdengo\n|-supereffective|p1a: Gholdengo\n|-damage|p1a: Gholdengo|0 fnt\n|faint|p1a: Gholdengo\n|move|p1b: Annihilape|Drain Punch|p2a: Talonflame\n|-resisted|p2a: Talonflame\n|-damage|p2a: Talonflame|0 fnt\n|-heal|p1b: Annihilape|44\/100|[from] drain|[of] p2a: Talonflame\n|-damage|p1b: Annihilape|27\/100|[from] item: Rocky Helmet|[of] p2a: Talonflame\n|faint|p2a: Talonflame\n|\n|-heal|p1b: Annihilape|33\/100|[from] item: Leftovers\n|upkeep\n|c|\u2606nagio|gg\n|\n|t:|1681878343\n|switch|p2a: Flutter Mane|Flutter Mane, L50|100\/100\n|turn|6\n|c|\u2606Cilan123|GG\n|\n|t:|1681878361\n|move|p2a: Flutter Mane|Dazzling Gleam|p1b: Annihilape\n|-resisted|p1b: Annihilape\n|-damage|p1b: Annihilape|10\/100\n|move|p2b: Glimmora|Earth Power|p1b: Annihilape\n|-supereffective|p1b: Annihilape\n|-damage|p1b: Annihilape|0 fnt\n|faint|p1b: Annihilape\n|\n|win|nagio\n|raw|Cilan123's rating: 1372 → 1349<\/strong> (-23 for losing)\n|raw|nagio's rating: 1323 → 1346<\/strong> (+23 for winning)\n","uploadtime":1681878382,"views":8,"p1id":"cilan123","p2id":"nagio","formatid":"gen9vgc2023regulationc","rating":1346,"private":0,"password":""}