{"id":"gen9vgc2023regulationc-1848783956","p1":"CoDameron","p2":"micktown","format":"[Gen 9] VGC 2023 Regulation C","log":"|j|\u2606CoDameron\n|j|\u2606micktown\n|t:|1682110005\n|gametype|doubles\n|player|p1|CoDameron|2|1030\n|player|p2|micktown|101|1079\n|teamsize|p1|6\n|teamsize|p2|6\n|gen|9\n|tier|[Gen 9] VGC 2023 Regulation C\n|rated|\n|rule|Species Clause: Limit one of each Pok\u00e9mon\n|rule|Item Clause: Limit one of each item\n|clearpoke\n|poke|p1|Wo-Chien, L50|\n|poke|p1|Salamence, L50, F|\n|poke|p1|Bellibolt, L50, M|\n|poke|p1|Foongus, L50, M|\n|poke|p1|Polteageist, L50|\n|poke|p1|Scizor, L50, F|\n|poke|p2|Amoonguss, L50, F|\n|poke|p2|Arcanine, L50, M|\n|poke|p2|Gyarados, L50, F|\n|poke|p2|Kingambit, L50, F|\n|poke|p2|Palafin, L50, F|\n|poke|p2|Ting-Lu, L50|\n|teampreview|4\n|\n|t:|1682110051\n|start\n|switch|p1a: Salamence|Salamence, L50, F|100\/100\n|switch|p1b: Bellibolt|Bellibolt, L50, M, shiny|100\/100\n|switch|p2a: Amoonguss|Amoonguss, L50, F|100\/100\n|switch|p2b: Gyarados|Gyarados, L50, F|100\/100\n|-ability|p1a: Salamence|Intimidate|boost\n|-unboost|p2a: Amoonguss|atk|1\n|-unboost|p2b: Gyarados|atk|1\n|-ability|p2b: Gyarados|Intimidate|boost\n|-unboost|p1a: Salamence|atk|1\n|-unboost|p1b: Bellibolt|atk|1\n|turn|1\n|\n|t:|1682110088\n|switch|p2b: Ting-Lu|Ting-Lu, L50|100\/100\n|-ability|p2b: Ting-Lu|Vessel of Ruin\n|move|p1a: Salamence|Dragon Dance|p1a: Salamence\n|-boost|p1a: Salamence|atk|1\n|-boost|p1a: Salamence|spe|1\n|move|p1b: Bellibolt|Thunderbolt|p2b: Ting-Lu\n|-immune|p2b: Ting-Lu\n|move|p2a: Amoonguss|Spore|p1a: Salamence\n|-status|p1a: Salamence|slp|[from] move: Spore\n|\n|upkeep\n|turn|2\n|\n|t:|1682110118\n|switch|p1b: Wo-Chien|Wo-Chien, L50|100\/100\n|-ability|p1b: Wo-Chien|Tablets of Ruin\n|cant|p1a: Salamence|slp\n|move|p2b: Ting-Lu|Ruination|p1a: Salamence\n|-damage|p1a: Salamence|50\/100 slp\n|move|p2a: Amoonguss|Pollen Puff|p1b: Wo-Chien\n|-supereffective|p1b: Wo-Chien\n|-damage|p1b: Wo-Chien|67\/100\n|\n|-heal|p1b: Wo-Chien|73\/100|[from] item: Leftovers\n|upkeep\n|turn|3\n|\n|t:|1682110151\n|move|p2a: Amoonguss|Protect|p2a: Amoonguss\n|-singleturn|p2a: Amoonguss|Protect\n|cant|p1a: Salamence|slp\n|move|p1b: Wo-Chien|Leech Seed|p2b: Ting-Lu\n|-start|p2b: Ting-Lu|move: Leech Seed\n|move|p2b: Ting-Lu|Heavy Slam|p1a: Salamence\n|-damage|p1a: Salamence|14\/100 slp\n|\n|-heal|p1b: Wo-Chien|80\/100|[from] item: Leftovers\n|-damage|p2b: Ting-Lu|88\/100|[from] Leech Seed|[of] p1b: Wo-Chien\n|-heal|p1b: Wo-Chien|96\/100|[silent]\n|upkeep\n|turn|4\n|\n|t:|1682110177\n|switch|p2a: Arcanine|Arcanine, L50, M|100\/100\n|-ability|p2a: Arcanine|Intimidate|boost\n|-unboost|p1a: Salamence|atk|1\n|-unboost|p1b: Wo-Chien|atk|1\n|-curestatus|p1a: Salamence|slp|[msg]\n|move|p1a: Salamence|Dual Wingbeat|p2a: Arcanine\n|-damage|p2a: Arcanine|88\/100\n|-damage|p2a: Arcanine|76\/100\n|-hitcount|p2a: Arcanine|2\n|move|p1b: Wo-Chien|Pollen Puff|p1a: Salamence\n|-heal|p1a: Salamence|64\/100\n|move|p2b: Ting-Lu|Heavy Slam|p1a: Salamence\n|-damage|p1a: Salamence|31\/100\n|\n|-heal|p1b: Wo-Chien|100\/100|[from] item: Leftovers\n|-damage|p2b: Ting-Lu|76\/100|[from] Leech Seed|[of] p1b: Wo-Chien\n|upkeep\n|turn|5\n|\n|t:|1682110206\n|switch|p1a: Bellibolt|Bellibolt, L50, M, shiny|100\/100\n|move|p1b: Wo-Chien|Protect|p1b: Wo-Chien\n|-singleturn|p1b: Wo-Chien|Protect\n|move|p2a: Arcanine|Howl|p2a: Arcanine|[spread] p2a,p2b\n|-boost|p2a: Arcanine|atk|1\n|-boost|p2b: Ting-Lu|atk|1\n|move|p2b: Ting-Lu|Heavy Slam|p1a: Bellibolt\n|-resisted|p1a: Bellibolt\n|-damage|p1a: Bellibolt|86\/100\n|-start|p1a: Bellibolt|Charge|Heavy Slam|[from] ability: Electromorphosis\n|\n|-damage|p2b: Ting-Lu|64\/100|[from] Leech Seed|[of] p1b: Wo-Chien\n|upkeep\n|turn|6\n|\n|t:|1682110243\n|-terastallize|p1a: Bellibolt|Water\n|move|p2a: Arcanine|Flare Blitz|p1b: Wo-Chien\n|-supereffective|p1b: Wo-Chien\n|-damage|p1b: Wo-Chien|0 fnt\n|faint|p1b: Wo-Chien\n|-damage|p2a: Arcanine|44\/100|[from] Recoil\n|move|p1a: Bellibolt|Muddy Water|p2b: Ting-Lu|[spread] p2a,p2b\n|-supereffective|p2a: Arcanine\n|-supereffective|p2b: Ting-Lu\n|-damage|p2a: Arcanine|8\/100\n|-damage|p2b: Ting-Lu|46\/100\n|-unboost|p2a: Arcanine|accuracy|1\n|-unboost|p2b: Ting-Lu|accuracy|1\n|move|p2b: Ting-Lu|Stomping Tantrum|p1a: Bellibolt|[miss]\n|-miss|p2b: Ting-Lu|p1a: Bellibolt\n|\n|upkeep\n|\n|t:|1682110257\n|switch|p1b: Scizor|Scizor, L50, F|100\/100\n|turn|7\n|\n|t:|1682110312\n|switch|p2a: Amoonguss|Amoonguss, L50, F|100\/100\n|move|p1b: Scizor|Bullet Punch|p2a: Amoonguss\n|-damage|p2a: Amoonguss|68\/100\n|-damage|p1b: Scizor|84\/100|[from] item: Rocky Helmet|[of] p2a: Amoonguss\n|-damage|p1b: Scizor|75\/100|[from] item: Life Orb\n|move|p1a: Bellibolt|Muddy Water|p2b: Ting-Lu|[spread] p2a,p2b\n|-resisted|p2a: Amoonguss\n|-crit|p2a: Amoonguss\n|-supereffective|p2b: Ting-Lu\n|-damage|p2a: Amoonguss|57\/100\n|-damage|p2b: Ting-Lu|26\/100\n|move|p2b: Ting-Lu|Stomping Tantrum|p1a: Bellibolt\n|-damage|p1a: Bellibolt|16\/100\n|-start|p1a: Bellibolt|Charge|Stomping Tantrum|[from] ability: Electromorphosis\n|-enditem|p1a: Bellibolt|Sitrus Berry|[eat]\n|-heal|p1a: Bellibolt|40\/100|[from] item: Sitrus Berry\n|\n|-damage|p2b: Ting-Lu|14\/100|[from] Leech Seed|[of] p1b: Scizor\n|-heal|p1b: Scizor|93\/100|[silent]\n|upkeep\n|turn|8\n|\n|t:|1682110369\n|switch|p2b: Gyarados|Gyarados, L50, F|100\/100\n|-ability|p2b: Gyarados|Intimidate|boost\n|-unboost|p1a: Bellibolt|atk|1\n|-unboost|p1b: Scizor|atk|1\n|move|p2a: Amoonguss|Rage Powder|p2a: Amoonguss\n|-singleturn|p2a: Amoonguss|move: Rage Powder\n|move|p1b: Scizor|Pounce|p2a: Amoonguss\n|-damage|p2a: Amoonguss|28\/100\n|-unboost|p2a: Amoonguss|spe|1\n|-damage|p1b: Scizor|76\/100|[from] item: Rocky Helmet|[of] p2a: Amoonguss\n|-damage|p1b: Scizor|67\/100|[from] item: Life Orb\n|move|p1a: Bellibolt|Muddy Water|p2a: Amoonguss|[spread] p2a,p2b\n|-resisted|p2a: Amoonguss\n|-resisted|p2b: Gyarados\n|-damage|p2a: Amoonguss|17\/100\n|-damage|p2b: Gyarados|92\/100\n|\n|upkeep\n|turn|9\n|\n|t:|1682110423\n|switch|p1b: Salamence|Salamence, L50, F|31\/100\n|-ability|p1b: Salamence|Intimidate|boost\n|-unboost|p2a: Amoonguss|atk|1\n|-unboost|p2b: Gyarados|atk|1\n|-terastallize|p2b: Gyarados|Steel\n|move|p2a: Amoonguss|Protect|p2a: Amoonguss\n|-singleturn|p2a: Amoonguss|Protect\n|move|p2b: Gyarados|Waterfall|p1b: Salamence\n|-resisted|p1b: Salamence\n|-damage|p1b: Salamence|19\/100\n|move|p1a: Bellibolt|Thunderbolt|p2b: Gyarados\n|-damage|p2b: Gyarados|43\/100\n|-end|p1a: Bellibolt|Charge|[silent]\n|\n|upkeep\n|turn|10\n|\n|t:|1682110472\n|switch|p2b: Ting-Lu|Ting-Lu, L50|14\/100\n|-ability|p2b: Ting-Lu|Vessel of Ruin\n|switch|p2a: Arcanine|Arcanine, L50, M|8\/100\n|-ability|p2a: Arcanine|Intimidate|boost\n|-unboost|p1a: Bellibolt|atk|1\n|-unboost|p1b: Salamence|atk|1\n|move|p1b: Salamence|Dragon Claw|p2b: Ting-Lu\n|-damage|p2b: Ting-Lu|0 fnt\n|faint|p2b: Ting-Lu\n|move|p1a: Bellibolt|Muddy Water|p2a: Arcanine\n|-supereffective|p2a: Arcanine\n|-damage|p2a: Arcanine|0 fnt\n|faint|p2a: Arcanine\n|\n|upkeep\n|\n|t:|1682110492\n|switch|p2a: Amoonguss|Amoonguss, L50, F|51\/100\n|switch|p2b: Gyarados|Gyarados, L50, F, tera:Steel|43\/100\n|-ability|p2b: Gyarados|Intimidate|boost\n|-unboost|p1a: Bellibolt|atk|1\n|-unboost|p1b: Salamence|atk|1\n|turn|11\n|\n|t:|1682110513\n|switch|p1b: Scizor|Scizor, L50, F|67\/100\n|move|p2b: Gyarados|Iron Head|p1b: Scizor\n|-resisted|p1b: Scizor\n|-damage|p1b: Scizor|51\/100\n|move|p1a: Bellibolt|Soak|p2a: Amoonguss\n|-start|p2a: Amoonguss|typechange|Water\n|move|p2a: Amoonguss|Pollen Puff|p2b: Gyarados\n|-heal|p2b: Gyarados|93\/100\n|\n|upkeep\n|turn|12\n|\n|t:|1682110551\n|switch|p1b: Salamence|Salamence, L50, F|19\/100\n|-ability|p1b: Salamence|Intimidate|boost\n|-unboost|p2a: Amoonguss|atk|1\n|-unboost|p2b: Gyarados|atk|1\n|move|p2b: Gyarados|Thunder Wave|p1b: Salamence\n|-status|p1b: Salamence|par\n|move|p1a: Bellibolt|Thunderbolt|p2a: Amoonguss\n|-supereffective|p2a: Amoonguss\n|-damage|p2a: Amoonguss|0 fnt\n|faint|p2a: Amoonguss\n|\n|upkeep\n|turn|13\n|\n|t:|1682110566\n|switch|p1b: Scizor|Scizor, L50, F|51\/100\n|move|p1a: Bellibolt|Protect|p1a: Bellibolt\n|-singleturn|p1a: Bellibolt|Protect\n|move|p2b: Gyarados|Waterfall|p1b: Scizor\n|-damage|p1b: Scizor|30\/100\n|\n|upkeep\n|turn|14\n|\n|t:|1682110580\n|switch|p1b: Salamence|Salamence, L50, F|19\/100 par\n|-ability|p1b: Salamence|Intimidate|boost\n|-unboost|p2b: Gyarados|atk|1\n|move|p2b: Gyarados|Waterfall|p1b: Salamence\n|-resisted|p1b: Salamence\n|-damage|p1b: Salamence|9\/100 par\n|move|p1a: Bellibolt|Thunderbolt|p2b: Gyarados\n|-damage|p2b: Gyarados|67\/100\n|-status|p2b: Gyarados|par\n|\n|upkeep\n|turn|15\n|\n|t:|1682110597\n|move|p1a: Bellibolt|Thunderbolt|p2b: Gyarados\n|-damage|p2b: Gyarados|42\/100 par\n|move|p1b: Salamence|Dragon Claw|p2b: Gyarados\n|-resisted|p2b: Gyarados\n|-damage|p2b: Gyarados|14\/100 par\n|move|p2b: Gyarados|Waterfall|p1b: Salamence\n|-resisted|p1b: Salamence\n|-damage|p1b: Salamence|0 fnt\n|faint|p1b: Salamence\n|\n|upkeep\n|\n|t:|1682110606\n|switch|p1b: Scizor|Scizor, L50, F|30\/100\n|turn|16\n|c|\u2606micktown|gg\n|\n|t:|1682110615\n|move|p1b: Scizor|Pounce|p2b: Gyarados\n|-resisted|p2b: Gyarados\n|-damage|p2b: Gyarados|0 fnt\n|faint|p2b: Gyarados\n|-damage|p1b: Scizor|20\/100|[from] item: Life Orb\n|\n|win|CoDameron\n|raw|CoDameron's rating: 1030 → 1070<\/strong> (+40 for winning)\n|raw|micktown's rating: 1079 → 1054<\/strong> (-25 for losing)\n","uploadtime":1682110622,"views":11,"p1id":"codameron","p2id":"micktown","formatid":"gen9vgc2023regulationc","rating":1054,"private":0,"password":""}