{"id":"gen9vgc2023regulationc-1860437799","p1":"Mike2811","p2":"Yojohanpop","format":"[Gen 9] VGC 2023 Regulation C","log":"|j|\u2606Mike2811\n|j|\u2606Yojohanpop\n|t:|1683644203\n|gametype|doubles\n|player|p1|Mike2811|170|1154\n|player|p2|Yojohanpop|crasherwake|1105\n|teamsize|p1|6\n|teamsize|p2|6\n|gen|9\n|tier|[Gen 9] VGC 2023 Regulation C\n|rated|\n|rule|Species Clause: Limit one of each Pok\u00e9mon\n|rule|Item Clause: Limit one of each item\n|clearpoke\n|poke|p1|Lycanroc, L50, F|\n|poke|p1|Corviknight, L50, F|\n|poke|p1|Iron Bundle, L50|\n|poke|p1|Tyranitar, L50, M|\n|poke|p1|Garchomp, L50, M|\n|poke|p1|Flutter Mane, L50|\n|poke|p2|Indeedee-F, L50, F|\n|poke|p2|Armarouge, L50, M|\n|poke|p2|Maushold-Four, L50|\n|poke|p2|Annihilape, L50, F|\n|poke|p2|Amoonguss, L50, M|\n|poke|p2|Roaring Moon, L50|\n|teampreview|4\n|\n|t:|1683644251\n|start\n|switch|p1a: Tyranitar|Tyranitar, L50, M|100\/100\n|switch|p1b: Flutter Mane|Flutter Mane, L50|100\/100\n|switch|p2a: Annihilape|Annihilape, L50, F|100\/100\n|switch|p2b: Amoonguss|Amoonguss, L50, M|100\/100\n|-weather|Sandstorm|[from] ability: Sand Stream|[of] p1a: Tyranitar\n|turn|1\n|\n|t:|1683644288\n|switch|p1a: Garchomp|Garchomp, L50, M|100\/100\n|move|p2b: Amoonguss|Rage Powder|p2b: Amoonguss\n|-singleturn|p2b: Amoonguss|move: Rage Powder\n|move|p1b: Flutter Mane|Shadow Ball|p2b: Amoonguss\n|-damage|p2b: Amoonguss|57\/100\n|-damage|p1b: Flutter Mane|90\/100|[from] item: Life Orb\n|move|p2a: Annihilape|Drain Punch|p1a: Garchomp\n|-damage|p1a: Garchomp|69\/100\n|\n|-weather|Sandstorm|[upkeep]\n|-damage|p1b: Flutter Mane|84\/100|[from] Sandstorm\n|-damage|p2a: Annihilape|95\/100|[from] Sandstorm\n|-damage|p2b: Amoonguss|51\/100|[from] Sandstorm\n|-heal|p1a: Garchomp|75\/100|[from] item: Leftovers\n|-heal|p2b: Amoonguss|57\/100|[from] item: Black Sludge\n|upkeep\n|turn|2\n|\n|t:|1683644313\n|move|p1b: Flutter Mane|Protect|p1b: Flutter Mane\n|-singleturn|p1b: Flutter Mane|Protect\n|move|p2a: Annihilape|Protect|p2a: Annihilape\n|-singleturn|p2a: Annihilape|Protect\n|move|p1a: Garchomp|Earthquake|p2a: Annihilape|[spread] p2b\n|-activate|p1b: Flutter Mane|move: Protect\n|-activate|p2a: Annihilape|move: Protect\n|-damage|p2b: Amoonguss|27\/100\n|move|p2b: Amoonguss|Spore|p1b: Flutter Mane\n|-activate|p1b: Flutter Mane|move: Protect\n|\n|-weather|Sandstorm|[upkeep]\n|-damage|p1b: Flutter Mane|78\/100|[from] Sandstorm\n|-damage|p2a: Annihilape|89\/100|[from] Sandstorm\n|-damage|p2b: Amoonguss|21\/100|[from] Sandstorm\n|-heal|p1a: Garchomp|81\/100|[from] item: Leftovers\n|-heal|p2b: Amoonguss|27\/100|[from] item: Black Sludge\n|upkeep\n|turn|3\n|\n|t:|1683644337\n|switch|p2b: Maushold|Maushold-Four, L50|100\/100\n|-terastallize|p1b: Flutter Mane|Fairy\n|-terastallize|p2a: Annihilape|Fire\n|move|p1b: Flutter Mane|Dazzling Gleam|p2b: Maushold|[spread] p2a,p2b\n|-resisted|p2a: Annihilape\n|-damage|p2a: Annihilape|63\/100\n|-damage|p2b: Maushold|19\/100\n|-damage|p1b: Flutter Mane|68\/100|[from] item: Life Orb\n|move|p1a: Garchomp|Substitute|p1a: Garchomp\n|-start|p1a: Garchomp|Substitute\n|-damage|p1a: Garchomp|57\/100\n|move|p2a: Annihilape|Rage Fist|p1b: Flutter Mane\n|-damage|p1b: Flutter Mane|0 fnt\n|faint|p1b: Flutter Mane\n|-end|p1b: Flutter Mane|Protosynthesis|[silent]\n|\n|-weather|Sandstorm|[upkeep]\n|-damage|p2b: Maushold|13\/100|[from] Sandstorm\n|-damage|p2a: Annihilape|57\/100|[from] Sandstorm\n|-heal|p1a: Garchomp|63\/100|[from] item: Leftovers\n|upkeep\n|\n|t:|1683644363\n|switch|p1b: Iron Bundle|Iron Bundle, L50|100\/100\n|-enditem|p1b: Iron Bundle|Booster Energy\n|-activate|p1b: Iron Bundle|ability: Quark Drive|[fromitem]\n|-start|p1b: Iron Bundle|quarkdrivespe\n|turn|4\n|\n|t:|1683644376\n|move|p1b: Iron Bundle|Protect|p1b: Iron Bundle\n|-singleturn|p1b: Iron Bundle|Protect\n|move|p2a: Annihilape|Protect|p2a: Annihilape\n|-singleturn|p2a: Annihilape|Protect\n|move|p2b: Maushold|Population Bomb|p1b: Iron Bundle\n|-activate|p1b: Iron Bundle|move: Protect\n|move|p1a: Garchomp|Earthquake|p2b: Maushold|[spread] p2b\n|-activate|p1b: Iron Bundle|move: Protect\n|-activate|p2a: Annihilape|move: Protect\n|-damage|p2b: Maushold|0 fnt\n|faint|p2b: Maushold\n|\n|-weather|Sandstorm|[upkeep]\n|-damage|p1b: Iron Bundle|94\/100|[from] Sandstorm\n|-damage|p2a: Annihilape|51\/100|[from] Sandstorm\n|-heal|p1a: Garchomp|69\/100|[from] item: Leftovers\n|upkeep\n|\n|t:|1683644397\n|switch|p2b: Amoonguss|Amoonguss, L50, M|60\/100\n|turn|5\n|\n|t:|1683644415\n|move|p1b: Iron Bundle|Freeze-Dry|p2b: Amoonguss\n|-supereffective|p2b: Amoonguss\n|-damage|p2b: Amoonguss|8\/100\n|move|p1a: Garchomp|Earthquake|p2a: Annihilape|[spread] p1b,p2a,p2b\n|-supereffective|p2a: Annihilape\n|-damage|p1b: Iron Bundle|53\/100\n|-damage|p2a: Annihilape|0 fnt\n|-damage|p2b: Amoonguss|0 fnt\n|faint|p2a: Annihilape\n|faint|p2b: Amoonguss\n|\n|-weather|none\n|-heal|p1a: Garchomp|75\/100|[from] item: Leftovers\n|upkeep\n|\n|t:|1683644428\n|switch|p2b: Roaring Moon|Roaring Moon, L50|100\/100\n|-enditem|p2b: Roaring Moon|Booster Energy\n|-activate|p2b: Roaring Moon|ability: Protosynthesis|[fromitem]\n|-start|p2b: Roaring Moon|protosynthesisatk\n|turn|6\n|\n|t:|1683644437\n|move|p1b: Iron Bundle|Freeze-Dry|p2b: Roaring Moon\n|-supereffective|p2b: Roaring Moon\n|-damage|p2b: Roaring Moon|30\/100\n|move|p2b: Roaring Moon|Acrobatics|p1a: Garchomp\n|-end|p1a: Garchomp|Substitute\n|move|p1a: Garchomp|Dragon Claw|p2b: Roaring Moon\n|-supereffective|p2b: Roaring Moon\n|-damage|p2b: Roaring Moon|0 fnt\n|faint|p2b: Roaring Moon\n|-end|p2b: Roaring Moon|Protosynthesis|[silent]\n|\n|win|Mike2811\n|raw|Mike2811's rating: 1154 → 1175<\/strong> (+21 for winning)\n|raw|Yojohanpop's rating: 1105 → 1084<\/strong> (-21 for losing)\n|l|\u2606Yojohanpop\n","uploadtime":1683644470,"views":4,"p1id":"mike2811","p2id":"yojohanpop","formatid":"gen9vgc2023regulationc","rating":1084,"private":0,"password":""}