{"id":"gen9vgc2023regulationc-1852309417","p1":"r3gCt3st","p2":"Marco Fettuccine","format":"[Gen 9] VGC 2023 Regulation C","log":"|j|\u2606r3gCt3st\n|j|\u2606Marco Fettuccine\n|t:|1682542491\n|gametype|doubles\n|player|p1|r3gCt3st|unknown|1235\n|player|p2|Marco Fettuccine|benga|1258\n|teamsize|p1|6\n|teamsize|p2|6\n|gen|9\n|tier|[Gen 9] VGC 2023 Regulation C\n|rated|\n|rule|Species Clause: Limit one of each Pok\u00e9mon\n|rule|Item Clause: Limit one of each item\n|clearpoke\n|poke|p1|Gyarados, L50, M|\n|poke|p1|Annihilape, L50, F|\n|poke|p1|Ting-Lu, L50|\n|poke|p1|Flutter Mane, L50|\n|poke|p1|Amoonguss, L50, F|\n|poke|p1|Grimmsnarl, L50, M|\n|poke|p2|Flutter Mane, L50|\n|poke|p2|Arcanine, L50, F|\n|poke|p2|Dragapult, L50, F|\n|poke|p2|Chien-Pao, L50|\n|poke|p2|Amoonguss, L50, F|\n|poke|p2|Palafin, L50, M|\n|teampreview|4\n|\n|t:|1682542546\n|start\n|switch|p1a: Grimmsnarl|Grimmsnarl, L50, M|100\/100\n|switch|p1b: Annihilape|Annihilape, L50, F|100\/100\n|switch|p2a: Dragapult|Dragapult, L50, F|100\/100\n|switch|p2b: Chien-Pao|Chien-Pao, L50|100\/100\n|-ability|p2b: Chien-Pao|Sword of Ruin\n|turn|1\n|\n|t:|1682542573\n|-terastallize|p1b: Annihilape|Fire\n|move|p2b: Chien-Pao|Protect|p2b: Chien-Pao\n|-singleturn|p2b: Chien-Pao|Protect\n|move|p1a: Grimmsnarl|Reflect|p1a: Grimmsnarl\n|-sidestart|p1: r3gCt3st|Reflect\n|move|p2a: Dragapult|Phantom Force||[still]\n|-prepare|p2a: Dragapult|Phantom Force\n|move|p1b: Annihilape|Bulk Up|p1b: Annihilape\n|-boost|p1b: Annihilape|atk|1\n|-boost|p1b: Annihilape|def|1\n|\n|upkeep\n|turn|2\n|\n|t:|1682542594\n|switch|p2b: Palafin|Palafin, L50, M|100\/100\n|move|p2a: Dragapult|Phantom Force|p1b: Annihilape|[from]lockedmove\n|-damage|p1b: Annihilape|74\/100\n|move|p1b: Annihilape|Rage Fist|p2a: Dragapult\n|-supereffective|p2a: Dragapult\n|-damage|p2a: Dragapult|0 fnt\n|faint|p2a: Dragapult\n|move|p1a: Grimmsnarl|Spirit Break|p2b: Palafin\n|-damage|p2b: Palafin|63\/100\n|-unboost|p2b: Palafin|spa|1\n|\n|-heal|p1b: Annihilape|80\/100|[from] item: Leftovers\n|upkeep\n|\n|t:|1682542617\n|switch|p2a: Flutter Mane|Flutter Mane, L50|100\/100\n|-enditem|p2a: Flutter Mane|Booster Energy\n|-activate|p2a: Flutter Mane|ability: Protosynthesis|[fromitem]\n|-start|p2a: Flutter Mane|protosynthesisspe\n|turn|3\n|\n|t:|1682542627\n|detailschange|p2b: Palafin|Palafin-Hero, L50, M\n|switch|p2b: Chien-Pao|Chien-Pao, L50|100\/100\n|-ability|p2b: Chien-Pao|Sword of Ruin\n|switch|p1a: Gyarados|Gyarados, L50, M|100\/100\n|-ability|p1a: Gyarados|Intimidate|boost\n|-unboost|p2a: Flutter Mane|atk|1\n|-unboost|p2b: Chien-Pao|atk|1\n|move|p2a: Flutter Mane|Protect|p2a: Flutter Mane\n|-singleturn|p2a: Flutter Mane|Protect\n|move|p1b: Annihilape|Drain Punch|p2b: Chien-Pao\n|-supereffective|p2b: Chien-Pao\n|-enditem|p2b: Chien-Pao|Focus Sash\n|-damage|p2b: Chien-Pao|1\/100\n|-heal|p1b: Annihilape|100\/100|[from] drain|[of] p2b: Chien-Pao\n|\n|upkeep\n|turn|4\n|\n|t:|1682542649\n|switch|p1a: Grimmsnarl|Grimmsnarl, L50, M|100\/100\n|move|p2b: Chien-Pao|Sucker Punch|p1b: Annihilape\n|-damage|p1b: Annihilape|88\/100\n|move|p2a: Flutter Mane|Shadow Ball|p1b: Annihilape\n|-damage|p1b: Annihilape|55\/100\n|move|p1b: Annihilape|Rage Fist|p2a: Flutter Mane\n|-supereffective|p2a: Flutter Mane\n|-damage|p2a: Flutter Mane|0 fnt\n|faint|p2a: Flutter Mane\n|-end|p2a: Flutter Mane|Protosynthesis|[silent]\n|\n|-heal|p1b: Annihilape|61\/100|[from] item: Leftovers\n|upkeep\n|\n|t:|1682542662\n|switch|p2a: Palafin|Palafin-Hero, L50, M|63\/100\n|-activate|p2a: Palafin|ability: Zero to Hero\n|turn|5\n|\n|t:|1682542673\n|move|p1b: Annihilape|Protect|p1b: Annihilape\n|-singleturn|p1b: Annihilape|Protect\n|move|p2b: Chien-Pao|Ice Spinner|p1a: Grimmsnarl\n|-damage|p1a: Grimmsnarl|77\/100\n|move|p2a: Palafin|Wave Crash|p1b: Annihilape\n|-activate|p1b: Annihilape|move: Protect\n|move|p1a: Grimmsnarl|Spirit Break|p2b: Chien-Pao\n|-supereffective|p2b: Chien-Pao\n|-crit|p2b: Chien-Pao\n|-damage|p2b: Chien-Pao|0 fnt\n|faint|p2b: Chien-Pao\n|\n|-heal|p1b: Annihilape|67\/100|[from] item: Leftovers\n|upkeep\n|turn|6\n|-message|Marco Fettuccine forfeited.\n|\n|win|r3gCt3st\n|raw|r3gCt3st's rating: 1235 → 1262<\/strong> (+27 for winning)\n|raw|Marco Fettuccine's rating: 1258 → 1231<\/strong> (-27 for losing)\n|l|\u2606Marco Fettuccine\n","uploadtime":1682542689,"views":11,"p1id":"r3gct3st","p2id":"marcofettuccine","formatid":"gen9vgc2023regulationc","rating":1231,"private":0,"password":""}