{"id":"gen9vgc2023regulationc-1856417104","p1":"Lizardon0311","p2":"Lironss","format":"[Gen 9] VGC 2023 Regulation C","log":"|j|\u2606Lizardon0311\n|j|\u2606Lironss\n|t:|1683059433\n|gametype|doubles\n|player|p1|Lizardon0311|101|1170\n|player|p2|Lironss|veteran-gen4|1148\n|teamsize|p1|6\n|teamsize|p2|6\n|gen|9\n|tier|[Gen 9] VGC 2023 Regulation C\n|rated|\n|rule|Species Clause: Limit one of each Pok\u00e9mon\n|rule|Item Clause: Limit one of each item\n|clearpoke\n|poke|p1|Ting-Lu, L50|\n|poke|p1|Flutter Mane, L50|\n|poke|p1|Ceruledge, L50, F|\n|poke|p1|Palafin, L50, M|\n|poke|p1|Amoonguss, L50, F|\n|poke|p1|Iron Hands, L50|\n|poke|p2|Roaring Moon, L50|\n|poke|p2|Amoonguss, L50, M|\n|poke|p2|Ceruledge, L50, M|\n|poke|p2|Iron Bundle, L50|\n|poke|p2|Iron Hands, L50|\n|poke|p2|Great Tusk, L50|\n|teampreview|4\n|inactive|Battle timer is ON: inactive players will automatically lose when time's up. (requested by Lizardon0311)\n|inactive|Lizardon0311 has 60 seconds left.\n|inactive|Lironss has 60 seconds left.\n|inactive|Lizardon0311 has 30 seconds left.\n|\n|t:|1683059499\n|start\n|switch|p1a: Flutter Mane|Flutter Mane, L50, shiny|100\/100\n|switch|p1b: Amoonguss|Amoonguss, L50, F, shiny|100\/100\n|switch|p2a: Iron Hands|Iron Hands, L50|100\/100\n|switch|p2b: Great Tusk|Great Tusk, L50|100\/100\n|turn|1\n|inactive|Lizardon0311 has 30 seconds left.\n|inactive|Lizardon0311 has 20 seconds left.\n|\n|t:|1683059537\n|move|p1b: Amoonguss|Protect|p1b: Amoonguss\n|-singleturn|p1b: Amoonguss|Protect\n|move|p2a: Iron Hands|Fake Out|p1b: Amoonguss\n|-activate|p1b: Amoonguss|move: Protect\n|move|p2b: Great Tusk|Headlong Rush|p1a: Flutter Mane\n|-damage|p1a: Flutter Mane|10\/100\n|-unboost|p2b: Great Tusk|def|1\n|-unboost|p2b: Great Tusk|spd|1\n|move|p1a: Flutter Mane|Dazzling Gleam|p2b: Great Tusk|[spread] p2a,p2b\n|-supereffective|p2a: Iron Hands\n|-supereffective|p2b: Great Tusk\n|-damage|p2a: Iron Hands|55\/100\n|-damage|p2b: Great Tusk|0 fnt\n|faint|p2b: Great Tusk\n|-end|p2b: Great Tusk|Protosynthesis|[silent]\n|\n|upkeep\n|\n|t:|1683059555\n|switch|p2b: Iron Bundle|Iron Bundle, L50|100\/100\n|turn|2\n|inactive|Lizardon0311 has 30 seconds left.\n|inactive|Lizardon0311 has 20 seconds left.\n|\n|t:|1683059594\n|-end|p1a: Flutter Mane|Protosynthesis|[silent]\n|switch|p1a: Iron Hands|Iron Hands, L50, shiny|100\/100\n|move|p2b: Iron Bundle|Icy Wind|p1a: Iron Hands|[spread] p1a,p1b\n|-supereffective|p1b: Amoonguss\n|-damage|p1a: Iron Hands|89\/100\n|-damage|p1b: Amoonguss|67\/100\n|-unboost|p1a: Iron Hands|spe|1\n|-unboost|p1b: Amoonguss|spe|1\n|move|p2a: Iron Hands|Drain Punch|p1b: Amoonguss\n|-resisted|p1b: Amoonguss\n|-damage|p1b: Amoonguss|49\/100\n|-heal|p2a: Iron Hands|63\/100|[from] drain|[of] p1b: Amoonguss\n|-enditem|p1b: Amoonguss|Sitrus Berry|[eat]\n|-heal|p1b: Amoonguss|74\/100|[from] item: Sitrus Berry\n|move|p1b: Amoonguss|Spore|p2b: Iron Bundle\n|-status|p2b: Iron Bundle|slp|[from] move: Spore\n|\n|upkeep\n|turn|3\n|inactive|Lizardon0311 has 30 seconds left.\n|inactive|Lironss has 30 seconds left.\n|\n|t:|1683059626\n|-end|p2b: Iron Bundle|Quark Drive|[silent]\n|switch|p2b: Amoonguss|Amoonguss, L50, M|100\/100\n|move|p2a: Iron Hands|Drain Punch|p1a: Iron Hands\n|-damage|p1a: Iron Hands|60\/100\n|-heal|p2a: Iron Hands|77\/100|[from] drain|[of] p1a: Iron Hands\n|move|p1a: Iron Hands|Drain Punch|p2b: Amoonguss\n|-resisted|p2b: Amoonguss\n|-damage|p2b: Amoonguss|83\/100\n|-heal|p1a: Iron Hands|68\/100|[from] drain|[of] p2b: Amoonguss\n|-damage|p1a: Iron Hands|52\/100|[from] item: Rocky Helmet|[of] p2b: Amoonguss\n|move|p1b: Amoonguss|Spore|p2a: Iron Hands\n|-status|p2a: Iron Hands|slp|[from] move: Spore\n|\n|upkeep\n|turn|4\n|inactive|Lizardon0311 has 30 seconds left.\n|inactive|Lizardon0311 has 20 seconds left.\n|inactive|Lizardon0311 has 15 seconds left.\n|inactive|Lizardon0311 has 10 seconds left.\n|inactive|Lizardon0311 has 5 seconds left.\n|\n|t:|1683059676\n|cant|p2a: Iron Hands|slp\n|move|p1a: Iron Hands|Drain Punch|p2a: Iron Hands\n|-damage|p2a: Iron Hands|48\/100 slp\n|-heal|p1a: Iron Hands|67\/100|[from] drain|[of] p2a: Iron Hands\n|move|p2b: Amoonguss|Spore|p1a: Iron Hands\n|-status|p1a: Iron Hands|slp|[from] move: Spore\n|move|p1b: Amoonguss|Pollen Puff|p1a: Iron Hands\n|-heal|p1a: Iron Hands|100\/100 slp\n|\n|upkeep\n|turn|5\n|\n|t:|1683059699\n|-curestatus|p2a: Iron Hands|slp|[msg]\n|move|p2a: Iron Hands|Drain Punch|p1b: Amoonguss\n|-resisted|p1b: Amoonguss\n|-damage|p1b: Amoonguss|57\/100\n|-heal|p2a: Iron Hands|55\/100|[from] drain|[of] p1b: Amoonguss\n|cant|p1a: Iron Hands|slp\n|move|p2b: Amoonguss|Pollen Puff|p2a: Iron Hands\n|-heal|p2a: Iron Hands|100\/100\n|move|p1b: Amoonguss|Spore|p2a: Iron Hands\n|-status|p2a: Iron Hands|slp|[from] move: Spore\n|\n|upkeep\n|turn|6\n|\n|t:|1683059721\n|cant|p2a: Iron Hands|slp\n|-curestatus|p1a: Iron Hands|slp|[msg]\n|move|p1a: Iron Hands|Volt Switch|p2a: Iron Hands\n|-resisted|p2a: Iron Hands\n|-damage|p2a: Iron Hands|97\/100 slp\n|\n|t:|1683059725\n|-end|p1a: Iron Hands|Quark Drive|[silent]\n|switch|p1a: Flutter Mane|Flutter Mane, L50, shiny|10\/100|[from] Volt Switch\n|move|p2b: Amoonguss|Pollen Puff|p1b: Amoonguss\n|-damage|p1b: Amoonguss|42\/100\n|move|p1b: Amoonguss|Pollen Puff|p1a: Flutter Mane\n|-heal|p1a: Flutter Mane|59\/100\n|\n|upkeep\n|turn|7\n|\n|t:|1683059750\n|switch|p1b: Ceruledge|Ceruledge, L50, F, shiny|100\/100\n|-terastallize|p1a: Flutter Mane|Fairy\n|move|p1a: Flutter Mane|Dazzling Gleam|p2a: Iron Hands|[spread] p2a,p2b\n|-supereffective|p2a: Iron Hands\n|-resisted|p2b: Amoonguss\n|-damage|p2a: Iron Hands|41\/100 slp\n|-damage|p2b: Amoonguss|58\/100\n|cant|p2a: Iron Hands|slp\n|move|p2b: Amoonguss|Spore|p1a: Flutter Mane\n|-status|p1a: Flutter Mane|slp|[from] move: Spore\n|\n|upkeep\n|turn|8\n|inactive|Lironss has 30 seconds left.\n|\n|t:|1683059776\n|-terastallize|p2b: Amoonguss|Water\n|cant|p1a: Flutter Mane|slp\n|move|p1b: Ceruledge|Bitter Blade|p2b: Amoonguss\n|-resisted|p2b: Amoonguss\n|-damage|p2b: Amoonguss|39\/100\n|-damage|p1b: Ceruledge|84\/100|[from] item: Rocky Helmet|[of] p2b: Amoonguss\n|-curestatus|p2a: Iron Hands|slp|[msg]\n|move|p2a: Iron Hands|Drain Punch|p1a: Flutter Mane\n|-resisted|p1a: Flutter Mane\n|-damage|p1a: Flutter Mane|28\/100 slp\n|-heal|p2a: Iron Hands|50\/100|[from] drain|[of] p1a: Flutter Mane\n|move|p2b: Amoonguss|Pollen Puff|p2a: Iron Hands\n|-heal|p2a: Iron Hands|100\/100\n|\n|upkeep\n|turn|9\n|inactive|Lizardon0311 has 30 seconds left.\n|inactive|Lironss has 30 seconds left.\n|\n|t:|1683059807\n|-end|p1a: Flutter Mane|Protosynthesis|[silent]\n|switch|p1a: Iron Hands|Iron Hands, L50, shiny|100\/100\n|switch|p2b: Iron Bundle|Iron Bundle, L50|100\/100 slp\n|move|p1b: Ceruledge|Protect|p1b: Ceruledge\n|-singleturn|p1b: Ceruledge|Protect\n|move|p2a: Iron Hands|Drain Punch|p1a: Iron Hands\n|-damage|p1a: Iron Hands|70\/100\n|\n|upkeep\n|turn|10\n|inactive|Lironss has 30 seconds left.\n|\n|t:|1683059834\n|-end|p2b: Iron Bundle|Quark Drive|[silent]\n|switch|p2b: Amoonguss|Amoonguss, L50, M, tera:Water|73\/100\n|move|p1b: Ceruledge|Bulk Up|p1b: Ceruledge\n|-boost|p1b: Ceruledge|atk|1\n|-boost|p1b: Ceruledge|def|1\n|move|p1a: Iron Hands|Drain Punch|p2b: Amoonguss\n|-damage|p2b: Amoonguss|38\/100\n|-heal|p1a: Iron Hands|86\/100|[from] drain|[of] p2b: Amoonguss\n|-damage|p1a: Iron Hands|70\/100|[from] item: Rocky Helmet|[of] p2b: Amoonguss\n|move|p2a: Iron Hands|Drain Punch|p1a: Iron Hands\n|-damage|p1a: Iron Hands|44\/100\n|\n|upkeep\n|turn|11\n|\n|t:|1683059859\n|move|p1b: Ceruledge|Bitter Blade|p2a: Iron Hands\n|-damage|p2a: Iron Hands|58\/100\n|-heal|p1b: Ceruledge|100\/100|[from] drain|[of] p2a: Iron Hands\n|move|p1a: Iron Hands|Wild Charge|p2b: Amoonguss\n|-supereffective|p2b: Amoonguss\n|-damage|p2b: Amoonguss|0 fnt\n|-damage|p1a: Iron Hands|27\/100|[from] item: Rocky Helmet|[of] p2b: Amoonguss\n|faint|p2b: Amoonguss\n|-damage|p1a: Iron Hands|18\/100|[from] Recoil\n|move|p2a: Iron Hands|Wild Charge|p1b: Ceruledge\n|-damage|p1b: Ceruledge|64\/100\n|-damage|p2a: Iron Hands|51\/100|[from] Recoil\n|\n|upkeep\n|\n|t:|1683059875\n|switch|p2b: Iron Bundle|Iron Bundle, L50|100\/100 slp\n|turn|12\n|inactive|Lizardon0311 has 30 seconds left.\n|inactive|Lizardon0311 has 20 seconds left.\n|inactive|Lizardon0311 has 15 seconds left.\n|inactive|Lizardon0311 has 10 seconds left.\n|\n|t:|1683059921\n|cant|p2b: Iron Bundle|slp\n|move|p1b: Ceruledge|Bitter Blade|p2a: Iron Hands\n|-damage|p2a: Iron Hands|8\/100\n|-heal|p1b: Ceruledge|93\/100|[from] drain|[of] p2a: Iron Hands\n|move|p1a: Iron Hands|Drain Punch|p2b: Iron Bundle\n|-supereffective|p2b: Iron Bundle\n|-enditem|p2b: Iron Bundle|Focus Sash\n|-damage|p2b: Iron Bundle|1\/100 slp\n|-heal|p1a: Iron Hands|46\/100|[from] drain|[of] p2b: Iron Bundle\n|move|p2a: Iron Hands|Drain Punch|p1a: Iron Hands\n|-damage|p1a: Iron Hands|18\/100\n|-heal|p2a: Iron Hands|21\/100|[from] drain|[of] p1a: Iron Hands\n|\n|upkeep\n|turn|13\n|inactive|Lironss has 30 seconds left.\n|\n|t:|1683059948\n|move|p1b: Ceruledge|Shadow Sneak|p2b: Iron Bundle\n|-damage|p2b: Iron Bundle|0 fnt\n|faint|p2b: Iron Bundle\n|-end|p2b: Iron Bundle|Quark Drive|[silent]\n|move|p1a: Iron Hands|Drain Punch|p2a: Iron Hands\n|-damage|p2a: Iron Hands|0 fnt\n|-heal|p1a: Iron Hands|29\/100|[from] drain|[of] p2a: Iron Hands\n|faint|p2a: Iron Hands\n|-end|p2a: Iron Hands|Quark Drive|[silent]\n|\n|win|Lizardon0311\n|raw|Lizardon0311's rating: 1170 → 1193<\/strong> (+23 for winning)\n|raw|Lironss's rating: 1148 → 1125<\/strong> (-23 for losing)\n|l|\u2606Lironss\n","uploadtime":1683059960,"views":3,"p1id":"lizardon0311","p2id":"lironss","formatid":"gen9vgc2023regulationc","rating":1125,"private":0,"password":""}