{"id":"gen9vgc2023regulationc-1845980876","p1":"413XPlayz","p2":"Sophie Lumina","format":"[Gen 9] VGC 2023 Regulation C","log":"|j|\u2606413XPlayz\n|j|\u2606Sophie Lumina\n|t:|1681786806\n|gametype|doubles\n|player|p1|413XPlayz|psychic|\n|player|p2|Sophie Lumina|iono|\n|teamsize|p1|6\n|teamsize|p2|6\n|gen|9\n|tier|[Gen 9] VGC 2023 Regulation C\n|rated|Tournament battle\n|rule|Species Clause: Limit one of each Pok\u00e9mon\n|rule|Item Clause: Limit one of each item\n|clearpoke\n|poke|p1|Iron Hands, L50|\n|poke|p1|Amoonguss, L50, F|\n|poke|p1|Pelipper, L50, F|\n|poke|p1|Palafin, L50, F|\n|poke|p1|Baxcalibur, L50, F|\n|poke|p1|Flutter Mane, L50|\n|poke|p2|Volcarona, L50, F|\n|poke|p2|Bellibolt, L50, M|\n|poke|p2|Glimmora, L50, F|\n|poke|p2|Orthworm, L50, F|\n|poke|p2|Dragonite, L50, M|\n|poke|p2|Great Tusk, L50|\n|teampreview|4\n|raw| Open Team Sheet for 413XPlayz<\/summary>Iron Hands @ Assault Vest Ability: Quark Drive Level: 50 Shiny: Yes Tera Type: Grass - Fake Out - Close Combat - Wild Charge - Volt Switch Amoonguss (F) @ Sitrus Berry Ability: Regenerator Level: 50 Tera Type: Steel - Spore - Rage Powder - Pollen Puff - Protect Pelipper (F) @ Focus Sash Ability: Drizzle Level: 50 Tera Type: Flying - Hurricane - Hydro Pump - Tailwind - Protect Palafin (F) @ Mystic Water Ability: Zero to Hero Level: 50 Tera Type: Water - Jet Punch - Wave Crash - Haze - Protect Baxcalibur (F) @ Dragon Fang Ability: Thermal Exchange Level: 50 Tera Type: Poison - Glaive Rush - Ice Shard - Icicle Crash - Protect Flutter Mane @ Booster Energy Ability: Protosynthesis Level: 50 Tera Type: Steel - Moonblast - Shadow Ball - Dazzling Gleam - Protect <\/details><\/div> Open Team Sheet for Sophie Lumina<\/summary>Volcarona @ Leftovers Ability: Flame Body Level: 50 Tera Type: Water - Tailwind - Will-O-Wisp - Struggle Bug - Protect Bellibolt @ Magnet Ability: Electromorphosis Level: 50 Tera Type: Grass - Parabolic Charge - Acid Spray - Muddy Water - Protect Glimmora @ Light Clay Ability: Toxic Debris Level: 50 Tera Type: Grass - Reflect - Light Screen - Mortal Spin - Rock Slide Orthworm @ Chesto Berry Ability: Earth Eater Level: 50 Tera Type: Electric - Iron Head - Body Press - Iron Defense - Rest Dragonite @ Assault Vest Ability: Multiscale Level: 50 Tera Type: Normal - Extreme Speed - Ice Spinner - Fire Punch - Brick Break Great Tusk @ Booster Energy Ability: Protosynthesis Level: 50 Hidden Power: Fighting Tera Type: Steel - Earthquake - Close Combat - Knock Off - Protect <\/details><\/div>\n|j| blooperlink123\n|c|\u2606Sophie Lumina|hi blooper\n|\n|t:|1681786880\n|start\n|switch|p1a: Baxcalibur|Baxcalibur, L50, F|100\/100\n|switch|p1b: Amoonguss|Amoonguss, L50, F|100\/100\n|switch|p2a: Glimmora|Glimmora, L50, F|100\/100\n|switch|p2b: Volcarona|Volcarona, L50, F|100\/100\n|turn|1\n|j|%Borghi\n|\n|t:|1681786911\n|move|p2a: Glimmora|Reflect|p2a: Glimmora\n|-sidestart|p2: Sophie Lumina|Reflect\n|move|p2b: Volcarona|Tailwind|p2b: Volcarona\n|-sidestart|p2: Sophie Lumina|move: Tailwind\n|move|p1a: Baxcalibur|Glaive Rush|p2a: Glimmora\n|-damage|p2a: Glimmora|21\/100\n|-singlemove|p1a: Baxcalibur|Glaive Rush|[silent]\n|-activate|p2a: Glimmora|ability: Toxic Debris\n|-sidestart|p1: 413XPlayz|move: Toxic Spikes\n|move|p1b: Amoonguss|Spore|p2b: Volcarona\n|-status|p2b: Volcarona|slp|[from] move: Spore\n|\n|upkeep\n|turn|2\n|c| blooperlink123|sup\n|\n|t:|1681786959\n|switch|p1b: Pelipper|Pelipper, L50, F|100\/100\n|-weather|RainDance|[from] ability: Drizzle|[of] p1b: Pelipper\n|cant|p2b: Volcarona|slp\n|move|p1a: Baxcalibur|Ice Shard|p2a: Glimmora\n|-damage|p2a: Glimmora|0 fnt\n|-activate|p2a: Glimmora|ability: Toxic Debris\n|-sidestart|p1: 413XPlayz|move: Toxic Spikes\n|faint|p2a: Glimmora\n|\n|-weather|RainDance|[upkeep]\n|upkeep\n|\n|t:|1681786980\n|switch|p2a: Bellibolt|Bellibolt, L50, M|100\/100\n|turn|3\n|\n|t:|1681787022\n|cant|p2b: Volcarona|slp\n|move|p1b: Pelipper|Protect|p1b: Pelipper\n|-singleturn|p1b: Pelipper|Protect\n|move|p2a: Bellibolt|Parabolic Charge|p1b: Pelipper|[spread] p2b,p1a\n|-activate|p1b: Pelipper|move: Protect\n|-resisted|p1a: Baxcalibur\n|-damage|p2b: Volcarona|80\/100 slp\n|-damage|p1a: Baxcalibur|89\/100\n|move|p1a: Baxcalibur|Glaive Rush|p2b: Volcarona\n|-damage|p2b: Volcarona|3\/100 slp\n|-singlemove|p1a: Baxcalibur|Glaive Rush|[silent]\n|\n|-weather|RainDance|[upkeep]\n|-heal|p2b: Volcarona|8\/100 slp|[from] item: Leftovers\n|upkeep\n|turn|4\n|\n|t:|1681787047\n|switch|p1b: Amoonguss|Amoonguss, L50, F|100\/100\n|-sideend|p1: 413XPlayz|move: Toxic Spikes|[of] p1b: Amoonguss\n|move|p1a: Baxcalibur|Protect|p1a: Baxcalibur\n|-singleturn|p1a: Baxcalibur|Protect\n|cant|p2b: Volcarona|slp\n|move|p2a: Bellibolt|Parabolic Charge|p1b: Amoonguss|[spread] p2b,p1b\n|-activate|p1a: Baxcalibur|move: Protect\n|-resisted|p1b: Amoonguss\n|-damage|p2b: Volcarona|0 fnt\n|-damage|p1b: Amoonguss|90\/100\n|faint|p2b: Volcarona\n|\n|-weather|RainDance|[upkeep]\n|-sideend|p2: Sophie Lumina|move: Tailwind\n|upkeep\n|j| Radio Free C-Side\n|c|\u2606413XPlayz|ty\n|\n|t:|1681787062\n|switch|p2b: Dragonite|Dragonite, L50, M|100\/100\n|turn|5\n|\n|t:|1681787107\n|move|p1a: Baxcalibur|Glaive Rush|p2a: Bellibolt\n|-damage|p2a: Bellibolt|45\/100\n|-singlemove|p1a: Baxcalibur|Glaive Rush|[silent]\n|-start|p2a: Bellibolt|Charge|Glaive Rush|[from] ability: Electromorphosis\n|move|p2b: Dragonite|Fire Punch|p1b: Amoonguss\n|-supereffective|p1b: Amoonguss\n|-damage|p1b: Amoonguss|63\/100\n|move|p2a: Bellibolt|Muddy Water|p1b: Amoonguss|[spread] p1a\n|-miss|p2a: Bellibolt|p1b: Amoonguss\n|-resisted|p1a: Baxcalibur\n|-damage|p1a: Baxcalibur|59\/100\n|move|p1b: Amoonguss|Spore|p2b: Dragonite\n|-status|p2b: Dragonite|slp|[from] move: Spore\n|\n|-weather|RainDance|[upkeep]\n|upkeep\n|turn|6\n|\n|t:|1681787136\n|switch|p1b: Flutter Mane|Flutter Mane, L50|100\/100\n|-enditem|p1b: Flutter Mane|Booster Energy\n|-activate|p1b: Flutter Mane|ability: Protosynthesis|[fromitem]\n|-start|p1b: Flutter Mane|protosynthesisspa\n|move|p1a: Baxcalibur|Glaive Rush|p2a: Bellibolt\n|-damage|p2a: Bellibolt|0 fnt\n|-singlemove|p1a: Baxcalibur|Glaive Rush|[silent]\n|faint|p2a: Bellibolt\n|cant|p2b: Dragonite|slp\n|\n|-weather|none\n|upkeep\n|turn|7\n|\n|t:|1681787159\n|-terastallize|p2b: Dragonite|Normal\n|move|p1b: Flutter Mane|Moonblast|p2b: Dragonite\n|-damage|p2b: Dragonite|83\/100 slp\n|move|p1a: Baxcalibur|Glaive Rush|p2b: Dragonite\n|-damage|p2b: Dragonite|30\/100 slp\n|-singlemove|p1a: Baxcalibur|Glaive Rush|[silent]\n|cant|p2b: Dragonite|slp\n|\n|upkeep\n|turn|8\n|c|\u2606413XPlayz|gg\n|c|\u2606413XPlayz|o\n|l|%Borghi\n|-message|Sophie Lumina forfeited.\n|\n|win|413XPlayz\n|n|\u2606413XPlayz|413xplayz\n|n|\u2606Sophie Lumina|sophielumina\n|n| blooperlink123|blooperlink123\n|n| Radio Free C-Side|radiofreecside\n|l|\u2606Sophie Lumina\n|c|\u2606413XPlayz|gg\n|l| Radio Free C-Side\n|l| blooperlink123\n","uploadtime":1681787195,"views":4,"p1id":"413xplayz","p2id":"sophielumina","formatid":"gen9vgc2023regulationc","rating":0,"private":0,"password":""}