{"id":"gen9vgc2023regulationc-1847293304","p1":"Lowkeyttesting","p2":"DevandRoxie","format":"[Gen 9] VGC 2023 Regulation C","log":"|j|\u2606Lowkeyttesting\n|j|\u2606DevandRoxie\n|t:|1681935468\n|gametype|doubles\n|player|p1|Lowkeyttesting|acetrainer-gen4|1101\n|player|p2|DevandRoxie|darach-caitlin|1000\n|teamsize|p1|6\n|teamsize|p2|6\n|gen|9\n|tier|[Gen 9] VGC 2023 Regulation C\n|rated|\n|rule|Species Clause: Limit one of each Pok\u00e9mon\n|rule|Item Clause: Limit one of each item\n|clearpoke\n|poke|p1|Tyranitar, L50, M|\n|poke|p1|Houndstone, L50, F|\n|poke|p1|Palafin, L50, M|\n|poke|p1|Amoonguss, L50, F|\n|poke|p1|Talonflame, L50, F|\n|poke|p1|Lucario, L50, M|\n|poke|p2|Ting-Lu, L50|\n|poke|p2|Amoonguss, L50, F|\n|poke|p2|Arcanine, L50, M|\n|poke|p2|Flutter Mane, L50|\n|poke|p2|Palafin, L50, F|\n|poke|p2|Baxcalibur, L50, F|\n|teampreview|4\n|\n|t:|1681935501\n|start\n|switch|p1a: Amoonguss|Amoonguss, L50, F, shiny|100\/100\n|switch|p1b: Palafin|Palafin, L50, M|100\/100\n|switch|p2a: Goldpup|Arcanine, L50, M, shiny|100\/100\n|switch|p2b: Deku|Palafin, L50, F|100\/100\n|-ability|p2a: Goldpup|Intimidate|boost\n|-unboost|p1a: Amoonguss|atk|1\n|-unboost|p1b: Palafin|atk|1\n|turn|1\n|inactive|Battle timer is ON: inactive players will automatically lose when time's up. (requested by DevandRoxie)\n|inactive|Lowkeyttesting has 60 seconds left.\n|\n|t:|1681935535\n|detailschange|p1b: Palafin|Palafin-Hero, L50, M\n|switch|p1b: Houndstone|Houndstone, L50, F|100\/100\n|-terastallize|p1a: Amoonguss|Water\n|move|p2a: Goldpup|Howl|p2a: Goldpup|[spread] p2a,p2b\n|-boost|p2a: Goldpup|atk|1\n|-boost|p2b: Deku|atk|1\n|move|p2b: Deku|Substitute|p2b: Deku\n|-start|p2b: Deku|Substitute\n|-damage|p2b: Deku|76\/100\n|move|p1a: Amoonguss|Spore||[still]\n|-fail|p1a: Amoonguss\n|\n|upkeep\n|turn|2\n|\n|t:|1681935558\n|switch|p1a: Tyranitar|Tyranitar, L50, M, shiny|100\/100\n|-weather|Sandstorm|[from] ability: Sand Stream|[of] p1a: Tyranitar\n|-terastallize|p2b: Deku|Water\n|move|p1b: Houndstone|Howl|p1b: Houndstone|[spread] p1a,p1b\n|-boost|p1a: Tyranitar|atk|1\n|-boost|p1b: Houndstone|atk|1\n|move|p2a: Goldpup|Will-O-Wisp|p1b: Houndstone\n|-status|p1b: Houndstone|brn\n|move|p2b: Deku|Wave Crash|p1b: Houndstone\n|-damage|p1b: Houndstone|0 fnt\n|faint|p1b: Houndstone\n|-damage|p2b: Deku|51\/100|[from] Recoil\n|\n|-weather|Sandstorm|[upkeep]\n|-damage|p2b: Deku|45\/100|[from] Sandstorm\n|upkeep\n|\n|t:|1681935575\n|switch|p1b: Amoonguss|Amoonguss, L50, F, shiny, tera:Water|100\/100\n|turn|3\n|\n|t:|1681935590\n|move|p1b: Amoonguss|Rage Powder|p1b: Amoonguss\n|-singleturn|p1b: Amoonguss|move: Rage Powder\n|move|p2a: Goldpup|Flare Blitz|p1b: Amoonguss\n|-resisted|p1b: Amoonguss\n|-damage|p1b: Amoonguss|72\/100\n|-damage|p2a: Goldpup|90\/100|[from] Recoil\n|move|p2b: Deku|Wave Crash|p1b: Amoonguss\n|-resisted|p1b: Amoonguss\n|-damage|p1b: Amoonguss|26\/100\n|-damage|p2b: Deku|28\/100|[from] Recoil\n|move|p1a: Tyranitar|Rock Slide|p2a: Goldpup|[spread] p2a,p2b\n|-end|p2b: Deku|Substitute\n|-supereffective|p2a: Goldpup\n|-damage|p2a: Goldpup|0 fnt\n|faint|p2a: Goldpup\n|\n|-weather|Sandstorm|[upkeep]\n|-damage|p2b: Deku|22\/100|[from] Sandstorm\n|-damage|p1b: Amoonguss|20\/100|[from] Sandstorm\n|upkeep\n|\n|t:|1681935606\n|switch|p2a: Cancer|Ting-Lu, L50|100\/100\n|-ability|p2a: Cancer|Vessel of Ruin\n|turn|4\n|inactive|Lowkeyttesting has 30 seconds left.\n|inactive|Lowkeyttesting has 20 seconds left.\n|\n|t:|1681935646\n|move|p2b: Deku|Protect|p2b: Deku\n|-singleturn|p2b: Deku|Protect\n|move|p1b: Amoonguss|Rage Powder|p1b: Amoonguss\n|-singleturn|p1b: Amoonguss|move: Rage Powder\n|move|p1a: Tyranitar|Rock Slide|p2b: Deku|[spread] p2a\n|-activate|p2b: Deku|move: Protect\n|-resisted|p2a: Cancer\n|-damage|p2a: Cancer|89\/100\n|cant|p2a: Cancer|flinch\n|\n|-weather|Sandstorm|[upkeep]\n|-damage|p2b: Deku|16\/100|[from] Sandstorm\n|-damage|p1b: Amoonguss|14\/100|[from] Sandstorm\n|upkeep\n|turn|5\n|\n|t:|1681935665\n|detailschange|p2b: Deku|Palafin-Hero, L50, F, tera:Water\n|switch|p2b: Blueball|Amoonguss, L50, F, shiny|100\/100\n|switch|p1b: Palafin|Palafin-Hero, L50, M|100\/100\n|-activate|p1b: Palafin|ability: Zero to Hero\n|move|p1a: Tyranitar|Ice Punch|p2a: Cancer\n|-supereffective|p2a: Cancer\n|-damage|p2a: Cancer|46\/100\n|move|p2a: Cancer|Stomping Tantrum|p1b: Palafin\n|-damage|p1b: Palafin|37\/100\n|\n|-weather|Sandstorm|[upkeep]\n|-damage|p1b: Palafin|31\/100|[from] Sandstorm\n|-damage|p2b: Blueball|95\/100|[from] Sandstorm\n|upkeep\n|turn|6\n|inactive|Lowkeyttesting has 30 seconds left.\n|\n|t:|1681935691\n|move|p2b: Blueball|Rage Powder|p2b: Blueball\n|-singleturn|p2b: Blueball|move: Rage Powder\n|move|p1b: Palafin|Wave Crash|p2b: Blueball\n|-resisted|p2b: Blueball\n|-damage|p2b: Blueball|56\/100\n|-damage|p1b: Palafin|16\/100|[from] Recoil\n|move|p1a: Tyranitar|Ice Punch|p2b: Blueball\n|-supereffective|p2b: Blueball\n|-damage|p2b: Blueball|0 fnt\n|faint|p2b: Blueball\n|move|p2a: Cancer|Stomping Tantrum|p1a: Tyranitar\n|-supereffective|p1a: Tyranitar\n|-damage|p1a: Tyranitar|54\/100\n|\n|-weather|none\n|upkeep\n|\n|t:|1681935700\n|switch|p2b: Deku|Palafin-Hero, L50, F, tera:Water|16\/100\n|-activate|p2b: Deku|ability: Zero to Hero\n|turn|7\n|\n|t:|1681935709\n|switch|p1b: Amoonguss|Amoonguss, L50, F, shiny, tera:Water|47\/100\n|move|p2b: Deku|Jet Punch|p1a: Tyranitar\n|-supereffective|p1a: Tyranitar\n|-damage|p1a: Tyranitar|0 fnt\n|faint|p1a: Tyranitar\n|move|p2a: Cancer|Stomping Tantrum|p1b: Amoonguss\n|-damage|p1b: Amoonguss|22\/100\n|\n|upkeep\n|\n|t:|1681935716\n|switch|p1a: Palafin|Palafin-Hero, L50, M|16\/100\n|turn|8\n|\n|t:|1681935739\n|move|p1b: Amoonguss|Rage Powder|p1b: Amoonguss\n|-singleturn|p1b: Amoonguss|move: Rage Powder\n|move|p1a: Palafin|Close Combat|p2a: Cancer\n|-supereffective|p2a: Cancer\n|-damage|p2a: Cancer|0 fnt\n|-unboost|p1a: Palafin|def|1\n|-unboost|p1a: Palafin|spd|1\n|faint|p2a: Cancer\n|move|p2b: Deku|Wave Crash|p1b: Amoonguss\n|-resisted|p1b: Amoonguss\n|-damage|p1b: Amoonguss|0 fnt\n|faint|p1b: Amoonguss\n|-damage|p2b: Deku|8\/100|[from] Recoil\n|\n|upkeep\n|turn|9\n|\n|t:|1681935752\n|move|p1a: Palafin|Jet Punch|p2b: Deku\n|-resisted|p2b: Deku\n|-damage|p2b: Deku|0 fnt\n|faint|p2b: Deku\n|\n|win|Lowkeyttesting\n|raw|Lowkeyttesting's rating: 1101 → 1119<\/strong> (+18 for winning)\n|raw|DevandRoxie's rating: 1000 → 1000<\/strong> (+0 for losing)\n|l|\u2606DevandRoxie\n","uploadtime":1681935767,"views":10,"p1id":"lowkeyttesting","p2id":"devandroxie","formatid":"gen9vgc2023regulationc","rating":1000,"private":0,"password":""}