{"id":"gen9vgc2023regulationc-1849070297","p1":"kazejinn","p2":"Azrocketman","format":"[Gen 9] VGC 2023 Regulation C","log":"|j|\u2606kazejinn\n|j|\u2606Azrocketman\n|t:|1682149444\n|gametype|doubles\n|player|p1|kazejinn|ethan|1127\n|player|p2|Azrocketman|101|1050\n|teamsize|p1|6\n|teamsize|p2|6\n|gen|9\n|tier|[Gen 9] VGC 2023 Regulation C\n|rated|\n|rule|Species Clause: Limit one of each Pok\u00e9mon\n|rule|Item Clause: Limit one of each item\n|clearpoke\n|poke|p1|Annihilape, L50, M|\n|poke|p1|Baxcalibur, L50, F|\n|poke|p1|Arcanine, L50, M|\n|poke|p1|Garganacl, L50, F|\n|poke|p1|Palafin, L50, F|\n|poke|p1|Espeon, L50, F|\n|poke|p2|Arcanine, L50, F|\n|poke|p2|Sandy Shocks, L50|\n|poke|p2|Stonjourner, L50, M|\n|poke|p2|Torkoal, L50, M|\n|poke|p2|Lilligant, L50, F|\n|poke|p2|Annihilape, L50, M|\n|teampreview|4\nAzrocketman has agreed to open team sheets.\n|\n|t:|1682149482\n|start\n|switch|p1a: Espeon|Espeon, L50, F|100\/100\n|switch|p1b: Garganacl|Garganacl, L50, F|100\/100\n|switch|p2a: Torkoal|Torkoal, L50, M|100\/100\n|switch|p2b: Sandy Shocks|Sandy Shocks, L50|100\/100\n|-weather|SunnyDay|[from] ability: Drought|[of] p2a: Torkoal\n|-activate|p2b: Sandy Shocks|ability: Protosynthesis\n|-start|p2b: Sandy Shocks|protosynthesisspa\n|turn|1\n|inactive|Battle timer is ON: inactive players will automatically lose when time's up. (requested by kazejinn)\n|\n|t:|1682149507\n|move|p1a: Espeon|Detect|p1a: Espeon\n|-singleturn|p1a: Espeon|Protect\n|move|p2a: Torkoal|Protect|p2a: Torkoal\n|-singleturn|p2a: Torkoal|Protect\n|move|p2b: Sandy Shocks|Earth Power|p1b: Garganacl\n|-supereffective|p1b: Garganacl\n|-crit|p1b: Garganacl\n|-damage|p1b: Garganacl|0 fnt\n|faint|p1b: Garganacl\n|\n|-weather|SunnyDay|[upkeep]\n|upkeep\n|\n|t:|1682149516\n|switch|p1b: Palafin|Palafin, L50, F|100\/100\n|turn|2\n|\n|t:|1682149536\n|switch|p2a: Lilligant|Lilligant, L50, F|100\/100\n|-terastallize|p1b: Palafin|Water\n|move|p1b: Palafin|Jet Punch|p2b: Sandy Shocks\n|-supereffective|p2b: Sandy Shocks\n|-damage|p2b: Sandy Shocks|68\/100\n|move|p1a: Espeon|Psychic|p2b: Sandy Shocks\n|-damage|p2b: Sandy Shocks|8\/100\n|move|p2b: Sandy Shocks|Thunderbolt|p1b: Palafin\n|-supereffective|p1b: Palafin\n|-damage|p1b: Palafin|0 fnt\n|faint|p1b: Palafin\n|\n|-weather|SunnyDay|[upkeep]\n|upkeep\n|\n|t:|1682149548\n|switch|p1b: Annihilape|Annihilape, L50, M|100\/100\n|turn|3\n|inactive|Azrocketman has 30 seconds left.\n|\n|t:|1682149579\n|move|p1b: Annihilape|Protect|p1b: Annihilape\n|-singleturn|p1b: Annihilape|Protect\n|move|p2a: Lilligant|After You|p2b: Sandy Shocks\n|-activate|p2b: Sandy Shocks|move: After You\n|move|p2b: Sandy Shocks|Thunderbolt|p1a: Espeon\n|-damage|p1a: Espeon|25\/100\n|-status|p1a: Espeon|par\n|move|p1a: Espeon|Dazzling Gleam|p2a: Lilligant|[spread] p2a,p2b\n|-damage|p2a: Lilligant|70\/100\n|-damage|p2b: Sandy Shocks|0 fnt\n|faint|p2b: Sandy Shocks\n|-end|p2b: Sandy Shocks|Protosynthesis|[silent]\n|\n|-weather|SunnyDay|[upkeep]\n|upkeep\n|\n|t:|1682149592\n|switch|p2b: Torkoal|Torkoal, L50, M|100\/100\n|turn|4\n|\n|t:|1682149603\n|move|p1a: Espeon|Detect|p1a: Espeon\n|-singleturn|p1a: Espeon|Protect\n|move|p2a: Lilligant|After You|p2b: Torkoal\n|-activate|p2b: Torkoal|move: After You\n|move|p2b: Torkoal|Eruption|p1b: Annihilape|[spread] p1b\n|-activate|p1a: Espeon|move: Protect\n|-damage|p1b: Annihilape|31\/100\n|move|p1b: Annihilape|Drain Punch|p2a: Lilligant\n|-damage|p2a: Lilligant|3\/100\n|-heal|p1b: Annihilape|54\/100|[from] drain|[of] p2a: Lilligant\n|\n|-weather|SunnyDay|[upkeep]\n|upkeep\n|turn|5\n|inactive|kazejinn has 30 seconds left.\n|\n|t:|1682149628\n|-terastallize|p2b: Torkoal|Fire\n|move|p2a: Lilligant|After You|p2b: Torkoal\n|-activate|p2b: Torkoal|move: After You\n|move|p2b: Torkoal|Eruption|p1b: Annihilape|[spread] p1a,p1b\n|-damage|p1a: Espeon|0 fnt\n|-damage|p1b: Annihilape|0 fnt\n|faint|p1a: Espeon\n|faint|p1b: Annihilape\n|\n|win|Azrocketman\n|raw|kazejinn's rating: 1127 → 1097<\/strong> (-30 for losing)\n|raw|Azrocketman's rating: 1050 → 1090<\/strong> (+40 for winning)\n|l|\u2606kazejinn\n","uploadtime":1682149672,"views":9,"p1id":"kazejinn","p2id":"azrocketman","formatid":"gen9vgc2023regulationc","rating":1090,"private":0,"password":""}