{"id":"gen9vgc2023regulationc-1845473038","p1":"usernamesarehard2","p2":"GB Seraphix","format":"[Gen 9] VGC 2023 Regulation C","log":"|j|\u2606usernamesarehard2\n|j|\u2606GB Seraphix\n|t:|1681737160\n|gametype|doubles\n|player|p1|usernamesarehard2|170|1181\n|player|p2|GB Seraphix|rosa|1221\n|teamsize|p1|6\n|teamsize|p2|6\n|gen|9\n|tier|[Gen 9] VGC 2023 Regulation C\n|rated|\n|rule|Species Clause: Limit one of each Pok\u00e9mon\n|rule|Item Clause: Limit one of each item\n|clearpoke\n|poke|p1|Chien-Pao, L50|\n|poke|p1|Palafin, L50, F|\n|poke|p1|Gholdengo, L50|\n|poke|p1|Amoonguss, L50, F|\n|poke|p1|Arcanine, L50, M|\n|poke|p1|Salamence, L50, M|\n|poke|p2|Maushold, L50|\n|poke|p2|Annihilape, L50, F|\n|poke|p2|Amoonguss, L50, F|\n|poke|p2|Gholdengo, L50|\n|poke|p2|Ting-Lu, L50|\n|poke|p2|Gyarados, L50, M|\n|teampreview|4\n|\n|t:|1681737204\n|start\n|switch|p1a: Palafin|Palafin, L50, F|100\/100\n|switch|p1b: Gholdengo|Gholdengo, L50|100\/100\n|switch|p2a: Maushold|Maushold, L50|100\/100\n|switch|p2b: Annihilape|Annihilape, L50, F|100\/100\n|turn|1\n|inactive|Battle timer is ON: inactive players will automatically lose when time's up. (requested by usernamesarehard2)\n|\n|t:|1681737250\n|detailschange|p1a: Palafin|Palafin-Hero, L50, F\n|switch|p1a: Amoonguss|Amoonguss, L50, F|100\/100\n|-terastallize|p1b: Gholdengo|Steel\n|move|p1b: Gholdengo|Make It Rain|p2b: Annihilape|[spread] p2a,p2b\n|-crit|p2b: Annihilape\n|-damage|p2a: Maushold|24\/100\n|-damage|p2b: Annihilape|28\/100\n|-unboost|p1b: Gholdengo|spa|1\n|-damage|p1b: Gholdengo|91\/100|[from] item: Life Orb\n|move|p2a: Maushold|Beat Up|p2b: Annihilape\n|-damage|p2b: Annihilape|26\/100\n|-damage|p2b: Annihilape|24\/100\n|-damage|p2b: Annihilape|23\/100\n|-damage|p2b: Annihilape|21\/100\n|-hitcount|p2b: Annihilape|4\n|move|p2b: Annihilape|Rage Fist|p1b: Gholdengo\n|-damage|p1b: Gholdengo|0 fnt\n|faint|p1b: Gholdengo\n|\n|-heal|p2b: Annihilape|27\/100|[from] item: Leftovers\n|upkeep\n|\n|t:|1681737271\n|switch|p1b: Palafin|Palafin-Hero, L50, F|100\/100\n|-activate|p1b: Palafin|ability: Zero to Hero\n|turn|2\n|\n|t:|1681737276\n|move|p2a: Maushold|Protect|p2a: Maushold\n|-singleturn|p2a: Maushold|Protect\n|move|p2b: Annihilape|Protect|p2b: Annihilape\n|-singleturn|p2b: Annihilape|Protect\n|move|p1a: Amoonguss|Rage Powder|p1a: Amoonguss\n|-singleturn|p1a: Amoonguss|move: Rage Powder\n|move|p1b: Palafin|Jet Punch|p2b: Annihilape\n|-activate|p2b: Annihilape|move: Protect\n|\n|-heal|p2b: Annihilape|33\/100|[from] item: Leftovers\n|upkeep\n|turn|3\n|inactive|GB Seraphix has 30 seconds left.\n|\n|t:|1681737310\n|switch|p2a: Gyarados|Gyarados, L50, M|100\/100\n|-ability|p2a: Gyarados|Intimidate|boost\n|-unboost|p1a: Amoonguss|atk|1\n|-unboost|p1b: Palafin|atk|1\n|switch|p2b: Amoonguss|Amoonguss, L50, F|100\/100\n|move|p1b: Palafin|Jet Punch|p2a: Gyarados\n|-resisted|p2a: Gyarados\n|-damage|p2a: Gyarados|85\/100\n|move|p1a: Amoonguss|Spore|p2b: Amoonguss\n|-immune|p2b: Amoonguss\n|\n|upkeep\n|turn|4\n|\n|t:|1681737327\n|switch|p1a: Chien-Pao|Chien-Pao, L50|100\/100\n|-ability|p1a: Chien-Pao|Sword of Ruin\n|move|p1b: Palafin|Protect|p1b: Palafin\n|-singleturn|p1b: Palafin|Protect\n|move|p2a: Gyarados|Taunt|p1a: Chien-Pao\n|-start|p1a: Chien-Pao|move: Taunt\n|move|p2b: Amoonguss|Spore|p1b: Palafin\n|-activate|p1b: Palafin|move: Protect\n|\n|upkeep\n|turn|5\n|\n|t:|1681737349\n|move|p2b: Amoonguss|Protect|p2b: Amoonguss\n|-singleturn|p2b: Amoonguss|Protect\n|move|p1a: Chien-Pao|Ice Spinner|p2b: Amoonguss\n|-activate|p2b: Amoonguss|move: Protect\n|move|p1b: Palafin|Wave Crash|p2b: Amoonguss\n|-activate|p2b: Amoonguss|move: Protect\n|move|p2a: Gyarados|Thunder Wave|p1b: Palafin\n|-status|p1b: Palafin|par\n|\n|upkeep\n|turn|6\n|inactive|GB Seraphix has 30 seconds left.\n|\n|t:|1681737378\n|switch|p2b: Maushold|Maushold, L50|24\/100\n|move|p1a: Chien-Pao|Ice Spinner|p2a: Gyarados\n|-damage|p2a: Gyarados|53\/100\n|move|p2a: Gyarados|Thunder Wave|p1a: Chien-Pao\n|-status|p1a: Chien-Pao|par\n|move|p1b: Palafin|Wave Crash|p2a: Gyarados\n|-resisted|p2a: Gyarados\n|-damage|p2a: Gyarados|24\/100\n|-enditem|p2a: Gyarados|Sitrus Berry|[eat]\n|-heal|p2a: Gyarados|49\/100|[from] item: Sitrus Berry\n|-damage|p1b: Palafin|91\/100 par|[from] Recoil\n|\n|-end|p1a: Chien-Pao|move: Taunt\n|upkeep\n|turn|7\n|\n|t:|1681737402\n|move|p2b: Maushold|Protect|p2b: Maushold\n|-singleturn|p2b: Maushold|Protect\n|move|p1b: Palafin|Jet Punch|p2b: Maushold\n|-activate|p2b: Maushold|move: Protect\n|move|p1a: Chien-Pao|Ice Spinner|p2a: Gyarados\n|-damage|p2a: Gyarados|17\/100\n|move|p2a: Gyarados|Waterfall|p1a: Chien-Pao\n|-damage|p1a: Chien-Pao|54\/100 par\n|\n|upkeep\n|turn|8\n|inactive|GB Seraphix has 30 seconds left.\n|\n|t:|1681737432\n|switch|p2b: Annihilape|Annihilape, L50, F|33\/100\n|move|p2a: Gyarados|Protect|p2a: Gyarados\n|-singleturn|p2a: Gyarados|Protect\n|move|p1a: Chien-Pao|Sucker Punch||[still]\n|-fail|p1a: Chien-Pao\n|move|p1b: Palafin|Jet Punch|p2b: Annihilape\n|-damage|p2b: Annihilape|0 fnt\n|faint|p2b: Annihilape\n|\n|upkeep\n|\n|t:|1681737444\n|switch|p2b: Amoonguss|Amoonguss, L50, F|100\/100\n|turn|9\n|inactive|GB Seraphix has 30 seconds left.\n|\n|t:|1681737474\n|move|p1b: Palafin|Jet Punch|p2a: Gyarados\n|-resisted|p2a: Gyarados\n|-damage|p2a: Gyarados|0 fnt\n|faint|p2a: Gyarados\n|cant|p1a: Chien-Pao|par\n|move|p2b: Amoonguss|Pollen Puff|p2: Gyarados|[notarget]\n|-fail|p2b: Amoonguss\n|\n|upkeep\n|\n|t:|1681737481\n|switch|p2a: Maushold|Maushold, L50|24\/100\n|turn|10\n|\n|t:|1681737498\n|move|p1b: Palafin|Jet Punch|p2a: Maushold\n|-damage|p2a: Maushold|0 fnt\n|faint|p2a: Maushold\n|move|p1a: Chien-Pao|Ice Spinner|p2b: Amoonguss\n|-supereffective|p2b: Amoonguss\n|-damage|p2b: Amoonguss|6\/100\n|move|p2b: Amoonguss|Pollen Puff|p1a: Chien-Pao\n|-supereffective|p1a: Chien-Pao\n|-damage|p1a: Chien-Pao|0 fnt\n|faint|p1a: Chien-Pao\n|\n|upkeep\n|\n|t:|1681737503\n|switch|p1a: Amoonguss|Amoonguss, L50, F|100\/100\n|turn|11\n|\n|t:|1681737518\n|move|p2b: Amoonguss|Protect|p2b: Amoonguss\n|-singleturn|p2b: Amoonguss|Protect\n|move|p1b: Palafin|Jet Punch|p2b: Amoonguss\n|-activate|p2b: Amoonguss|move: Protect\n|move|p1a: Amoonguss|Pollen Puff|p1b: Palafin\n|-heal|p1b: Palafin|100\/100 par\n|\n|upkeep\n|turn|12\n|inactive|usernamesarehard2 has 30 seconds left.\n|\n|t:|1681737549\n|move|p2b: Amoonguss|Rage Powder|p2b: Amoonguss\n|-singleturn|p2b: Amoonguss|move: Rage Powder\n|move|p1b: Palafin|Wave Crash|p2b: Amoonguss\n|-resisted|p2b: Amoonguss\n|-damage|p2b: Amoonguss|0 fnt\n|faint|p2b: Amoonguss\n|-damage|p1b: Palafin|99\/100 par|[from] Recoil\n|\n|win|usernamesarehard2\n|raw|usernamesarehard2's rating: 1181 → 1209<\/strong> (+28 for winning)\n|raw|GB Seraphix's rating: 1221 → 1193<\/strong> (-28 for losing)\n|l|\u2606usernamesarehard2\n","uploadtime":1681737583,"views":8,"p1id":"usernamesarehard2","p2id":"gbseraphix","formatid":"gen9vgc2023regulationc","rating":1193,"private":0,"password":""}