{"id":"gen9vgc2023regulationc-1849866871","p1":"Jasmeat2983","p2":"Nucleartoad","format":"[Gen 9] VGC 2023 Regulation C","log":"|j|\u2606Jasmeat2983\n|j|\u2606Nucleartoad\n|t:|1682262374\n|gametype|doubles\n|player|p1|Jasmeat2983|blue|1306\n|player|p2|Nucleartoad|janine|1431\n|teamsize|p1|6\n|teamsize|p2|6\n|gen|9\n|tier|[Gen 9] VGC 2023 Regulation C\n|rated|\n|rule|Species Clause: Limit one of each Pok\u00e9mon\n|rule|Item Clause: Limit one of each item\n|clearpoke\n|poke|p1|Talonflame, L50, F|\n|poke|p1|Baxcalibur, L50, F|\n|poke|p1|Great Tusk, L50|\n|poke|p1|Flutter Mane, L50|\n|poke|p1|Chi-Yu, L50|\n|poke|p1|Gyarados, L50, F|\n|poke|p2|Sunflora, L50, M|\n|poke|p2|Torkoal, L50, M|\n|poke|p2|Hatterene, L50, F|\n|poke|p2|Hariyama, L50, M|\n|poke|p2|Flamigo, L50, M|\n|poke|p2|Luxray, L50, M|\n|teampreview|4\n|inactive|Battle timer is ON: inactive players will automatically lose when time's up. (requested by Jasmeat2983)\n|j| MondayXyz\n|inactive|Jasmeat2983 has 60 seconds left.\n|inactive|Nucleartoad has 60 seconds left.\n|inactive|Jasmeat2983 has 30 seconds left.\n|inactive|Jasmeat2983 has 20 seconds left.\n|inactive|Jasmeat2983 has 15 seconds left.\n|\n|t:|1682262462\n|start\n|switch|p1a: Talonflame|Talonflame, L50, F|100\/100\n|switch|p1b: Chi-Yu|Chi-Yu, L50|100\/100\n|switch|p2a: NatKing Koal|Torkoal, L50, M|100\/100\n|switch|p2b: Irene Cara|Hatterene, L50, F|100\/100\n|-ability|p1b: Chi-Yu|Beads of Ruin\n|-weather|SunnyDay|[from] ability: Drought|[of] p2a: NatKing Koal\n|turn|1\n|inactive|Jasmeat2983 has 30 seconds left.\n|\n|t:|1682262490\n|move|p2b: Irene Cara|Protect|p2b: Irene Cara\n|-singleturn|p2b: Irene Cara|Protect\n|move|p1a: Talonflame|Taunt|p2b: Irene Cara\n|-activate|p2b: Irene Cara|move: Protect\n|move|p1b: Chi-Yu|Dark Pulse|p2a: NatKing Koal\n|-damage|p2a: NatKing Koal|0 fnt\n|faint|p2a: NatKing Koal\n|\n|-weather|SunnyDay|[upkeep]\n|upkeep\n|\n|t:|1682262505\n|switch|p2a: Sunny Bono|Sunflora, L50, M|100\/100\n|turn|2\n|\n|t:|1682262523\n|move|p2a: Sunny Bono|Protect|p2a: Sunny Bono\n|-singleturn|p2a: Sunny Bono|Protect\n|move|p1a: Talonflame|Taunt|p2b: Irene Cara\n|move|p2b: Irene Cara|Taunt|p1a: Talonflame|[from]ability: Magic Bounce\n|-start|p1a: Talonflame|move: Taunt\n|move|p1b: Chi-Yu|Dark Pulse|p2a: Sunny Bono\n|-activate|p2a: Sunny Bono|move: Protect\n|move|p2b: Irene Cara|Trick Room|p2b: Irene Cara\n|-fieldstart|move: Trick Room|[of] p2b: Irene Cara\n|\n|-weather|SunnyDay|[upkeep]\n|-damage|p2a: Sunny Bono|88\/100|[from] ability: Solar Power|[of] p2a: Sunny Bono\n|upkeep\n|turn|3\n|inactive|Nucleartoad has 30 seconds left.\n|inactive|Nucleartoad has 20 seconds left.\n|inactive|Nucleartoad has 15 seconds left.\n|\n|t:|1682262565\n|-terastallize|p2a: Sunny Bono|Fairy\n|move|p1a: Talonflame|Brave Bird|p2a: Sunny Bono\n|-damage|p2a: Sunny Bono|16\/100\n|-damage|p1a: Talonflame|77\/100|[from] Recoil\n|move|p2b: Irene Cara|Draining Kiss|p1b: Chi-Yu\n|-damage|p1b: Chi-Yu|64\/100\n|move|p2a: Sunny Bono|Dazzling Gleam|p1b: Chi-Yu|[spread] p1a,p1b\n|-resisted|p1a: Talonflame\n|-crit|p1b: Chi-Yu\n|-damage|p1a: Talonflame|28\/100\n|-damage|p1b: Chi-Yu|0 fnt\n|faint|p1b: Chi-Yu\n|-damage|p2a: Sunny Bono|6\/100|[from] item: Life Orb\n|\n|-weather|SunnyDay|[upkeep]\n|-damage|p2a: Sunny Bono|0 fnt|[from] ability: Solar Power|[of] p2a: Sunny Bono\n|faint|p2a: Sunny Bono\n|upkeep\n|inactive|Jasmeat2983 has 30 seconds left.\n|\n|t:|1682262595\n|switch|p2a: MigoStrvnsky|Flamigo, L50, M|100\/100\n|switch|p1b: Great Tusk|Great Tusk, L50|100\/100\n|-activate|p1b: Great Tusk|ability: Protosynthesis\n|-start|p1b: Great Tusk|protosynthesisatk\n|turn|4\n|inactive|Nucleartoad has 30 seconds left.\n|\n|t:|1682262623\n|move|p1b: Great Tusk|Protect|p1b: Great Tusk\n|-singleturn|p1b: Great Tusk|Protect\n|move|p2a: MigoStrvnsky|Feint|p1b: Great Tusk\n|-activate|p1b: Great Tusk|move: Feint\n|-damage|p1b: Great Tusk|93\/100\n|move|p2b: Irene Cara|Psychic|p1b: Great Tusk\n|-supereffective|p1b: Great Tusk\n|-damage|p1b: Great Tusk|0 fnt\n|faint|p1b: Great Tusk\n|-end|p1b: Great Tusk|Protosynthesis|[silent]\n|move|p1a: Talonflame|Brave Bird|p2a: MigoStrvnsky\n|-supereffective|p2a: MigoStrvnsky\n|-damage|p2a: MigoStrvnsky|8\/100\n|-damage|p1a: Talonflame|0 fnt|[from] Recoil\n|faint|p1a: Talonflame\n|\n|-weather|SunnyDay|[upkeep]\n|upkeep\n|\n|t:|1682262639\n|switch|p1b: Flutter Mane|Flutter Mane, L50|100\/100\n|-activate|p1b: Flutter Mane|ability: Protosynthesis\n|-start|p1b: Flutter Mane|protosynthesisspe\n|turn|5\n|inactive|Nucleartoad has 30 seconds left.\n|\n|t:|1682262670\n|move|p1b: Flutter Mane|Protect|p1b: Flutter Mane\n|-singleturn|p1b: Flutter Mane|Protect\n|move|p2b: Irene Cara|Psychic|p1b: Flutter Mane\n|-activate|p1b: Flutter Mane|move: Protect\n|move|p2a: MigoStrvnsky|Close Combat|p1b: Flutter Mane\n|-activate|p1b: Flutter Mane|move: Protect\n|\n|-weather|none\n|-end|p1b: Flutter Mane|Protosynthesis\n|upkeep\n|-enditem|p1b: Flutter Mane|Booster Energy\n|-activate|p1b: Flutter Mane|ability: Protosynthesis|[fromitem]\n|-start|p1b: Flutter Mane|protosynthesisspe\n|turn|6\n|inactive|Jasmeat2983 has 30 seconds left.\n|\n|t:|1682262698\n|move|p1b: Flutter Mane|Protect||[still]\n|-fail|p1b: Flutter Mane\n|move|p2b: Irene Cara|Psychic|p1b: Flutter Mane\n|-damage|p1b: Flutter Mane|49\/100\n|move|p2a: MigoStrvnsky|Close Combat|p1b: Flutter Mane\n|-resisted|p1b: Flutter Mane\n|-damage|p1b: Flutter Mane|2\/100\n|-unboost|p2a: MigoStrvnsky|def|1\n|-unboost|p2a: MigoStrvnsky|spd|1\n|\n|-fieldend|move: Trick Room\n|upkeep\n|turn|7\n|\n|t:|1682262710\n|move|p2a: MigoStrvnsky|Feint|p1b: Flutter Mane\n|-damage|p1b: Flutter Mane|0 fnt\n|faint|p1b: Flutter Mane\n|-end|p1b: Flutter Mane|Protosynthesis|[silent]\n|\n|win|Nucleartoad\n|raw|Jasmeat2983's rating: 1306 → 1293<\/strong> (-13 for losing)\n|raw|Nucleartoad's rating: 1431 → 1444<\/strong> (+13 for winning)\n|c|\u2606Nucleartoad|Gg\n|c|\u2606Jasmeat2983|gg\n|l|\u2606Jasmeat2983\n","uploadtime":1682262736,"views":9,"p1id":"jasmeat2983","p2id":"nucleartoad","formatid":"gen9vgc2023regulationc","rating":1293,"private":0,"password":""}