{"id":"gen9vgc2023regulationc-1856951902","p1":"GFORCEPKMN","p2":"WhatWasIC00KING","format":"[Gen 9] VGC 2023 Regulation C","log":"|j|\u2606GFORCEPKMN\n|j|\u2606WhatWasIC00KING\n|t:|1683129719\n|gametype|doubles\n|player|p1|GFORCEPKMN|266|1341\n|player|p2|WhatWasIC00KING|gambler|1320\n|teamsize|p1|6\n|teamsize|p2|6\n|gen|9\n|tier|[Gen 9] VGC 2023 Regulation C\n|rated|\n|rule|Species Clause: Limit one of each Pok\u00e9mon\n|rule|Item Clause: Limit one of each item\n|clearpoke\n|poke|p1|Abomasnow, L50, M|\n|poke|p1|Ting-Lu, L50|\n|poke|p1|Iron Hands, L50|\n|poke|p1|Flutter Mane, L50|\n|poke|p1|Arcanine, L50, M|\n|poke|p1|Bronzong, L50|\n|poke|p2|Ting-Lu, L50|\n|poke|p2|Annihilape, L50, F|\n|poke|p2|Palafin, L50, F|\n|poke|p2|Flutter Mane, L50|\n|poke|p2|Arcanine, L50, M|\n|poke|p2|Amoonguss, L50, M|\n|teampreview|4\nWhatWasIC00KING has agreed to open team sheets.\n|inactive|Battle timer is ON: inactive players will automatically lose when time's up. (requested by WhatWasIC00KING)\n|inactive|GFORCEPKMN has 60 seconds left.\n|\n|t:|1683129807\n|start\n|switch|p1a: Bronzong|Bronzong, L50|100\/100\n|switch|p1b: Iron Hands|Iron Hands, L50|100\/100\n|switch|p2a: Ares|Annihilape, L50, F, shiny|100\/100\n|switch|p2b: Perses|Ting-Lu, L50|100\/100\n|-ability|p2b: Perses|Vessel of Ruin\n|turn|1\n|inactive|GFORCEPKMN has 30 seconds left.\n|j| AnvilMeetHead\n|inactive|GFORCEPKMN has 20 seconds left.\n|inactive|GFORCEPKMN has 15 seconds left.\n|inactive|GFORCEPKMN has 10 seconds left.\n|\n|t:|1683129855\n|switch|p2b: Hypnos|Amoonguss, L50, M, shiny|100\/100\n|-terastallize|p1a: Bronzong|Fire\n|move|p2a: Ares|Bulk Up|p2a: Ares\n|-boost|p2a: Ares|atk|1\n|-boost|p2a: Ares|def|1\n|move|p1b: Iron Hands|Volt Switch|p2a: Ares\n|-damage|p2a: Ares|89\/100\n|inactive|GFORCEPKMN has 30 seconds left.\n|inactive|GFORCEPKMN has 20 seconds left.\n|inactive|GFORCEPKMN has 15 seconds left.\n|\n|t:|1683129895\n|-end|p1b: Iron Hands|Quark Drive|[silent]\n|switch|p1b: Abomasnow|Abomasnow, L50, M|100\/100|[from] Volt Switch\n|-weather|Snow|[from] ability: Snow Warning|[of] p1b: Abomasnow\n|move|p1a: Bronzong|Trick Room|p1a: Bronzong\n|-fieldstart|move: Trick Room|[of] p1a: Bronzong\n|\n|-weather|Snow|[upkeep]\n|-heal|p2a: Ares|95\/100|[from] item: Leftovers\n|upkeep\n|turn|2\n|inactive|GFORCEPKMN has 30 seconds left.\n|\n|t:|1683129930\n|move|p1a: Bronzong|Gyro Ball|p1b: Abomasnow\n|-supereffective|p1b: Abomasnow\n|-damage|p1b: Abomasnow|81\/100\n|-enditem|p1b: Abomasnow|Weakness Policy\n|-boost|p1b: Abomasnow|atk|2|[from] item: Weakness Policy\n|-boost|p1b: Abomasnow|spa|2|[from] item: Weakness Policy\n|move|p2b: Hypnos|Spore|p1a: Bronzong\n|-activate|p1a: Bronzong|item: Safety Goggles|Spore\n|move|p1b: Abomasnow|Blizzard|p2a: Ares|[spread] p2a,p2b\n|-supereffective|p2b: Hypnos\n|-damage|p2a: Ares|35\/100\n|-damage|p2b: Hypnos|0 fnt\n|faint|p2b: Hypnos\n|move|p2a: Ares|Drain Punch|p1b: Abomasnow\n|-supereffective|p1b: Abomasnow\n|-damage|p1b: Abomasnow|11\/100\n|-heal|p2a: Ares|66\/100|[from] drain|[of] p1b: Abomasnow\n|\n|-weather|Snow|[upkeep]\n|-heal|p2a: Ares|72\/100|[from] item: Leftovers\n|upkeep\n|\n|t:|1683129947\n|switch|p2b: Perses|Ting-Lu, L50|100\/100\n|-ability|p2b: Perses|Vessel of Ruin\n|turn|3\n|inactive|GFORCEPKMN has 30 seconds left.\n|inactive|GFORCEPKMN has 20 seconds left.\n|\n|t:|1683129983\n|move|p1a: Bronzong|Gyro Ball|p2b: Perses\n|-damage|p2b: Perses|90\/100\n|move|p1b: Abomasnow|Giga Drain|p2b: Perses\n|-supereffective|p2b: Perses\n|-damage|p2b: Perses|43\/100\n|-heal|p1b: Abomasnow|40\/100|[from] drain|[of] p2b: Perses\n|move|p2b: Perses|Heavy Slam|p1b: Abomasnow\n|-supereffective|p1b: Abomasnow\n|-damage|p1b: Abomasnow|0 fnt\n|faint|p1b: Abomasnow\n|move|p2a: Ares|Drain Punch|p1a: Bronzong\n|-damage|p1a: Bronzong|64\/100\n|-heal|p2a: Ares|87\/100|[from] drain|[of] p1a: Bronzong\n|\n|-weather|Snow|[upkeep]\n|-heal|p2a: Ares|93\/100|[from] item: Leftovers\n|upkeep\n|\n|t:|1683129999\n|switch|p1b: Ting-Lu|Ting-Lu, L50|100\/100\n|-ability|p1b: Ting-Lu|Vessel of Ruin\n|turn|4\n|\n|t:|1683130010\n|move|p1a: Bronzong|Gyro Ball|p2a: Ares\n|-damage|p2a: Ares|77\/100\n|move|p1b: Ting-Lu|Earthquake|p2b: Perses|[spread] p2a,p2b\n|-immune|p1a: Bronzong|[from] ability: Levitate\n|-damage|p2a: Ares|39\/100\n|-damage|p2b: Perses|8\/100\n|move|p2b: Perses|Stomping Tantrum|p1b: Ting-Lu\n|-damage|p1b: Ting-Lu|79\/100\n|move|p2a: Ares|Drain Punch|p1b: Ting-Lu\n|-supereffective|p1b: Ting-Lu\n|-damage|p1b: Ting-Lu|15\/100\n|-heal|p2a: Ares|75\/100|[from] drain|[of] p1b: Ting-Lu\n|\n|-weather|Snow|[upkeep]\n|-heal|p2a: Ares|81\/100|[from] item: Leftovers\n|upkeep\n|turn|5\n|inactive|GFORCEPKMN has 30 seconds left.\n|inactive|WhatWasIC00KING has 30 seconds left.\n|inactive|GFORCEPKMN has 20 seconds left.\n|\n|t:|1683130047\n|move|p1a: Bronzong|Gyro Ball|p2a: Ares\n|-damage|p2a: Ares|64\/100\n|move|p1b: Ting-Lu|Earthquake|p2b: Perses|[spread] p2a,p2b\n|-immune|p1a: Bronzong|[from] ability: Levitate\n|-damage|p2a: Ares|27\/100\n|-damage|p2b: Perses|0 fnt\n|faint|p2b: Perses\n|move|p2a: Ares|Rage Fist|p1a: Bronzong\n|-damage|p1a: Bronzong|0 fnt\n|faint|p1a: Bronzong\n|\n|-weather|none\n|-heal|p2a: Ares|33\/100|[from] item: Leftovers\n|-fieldend|move: Trick Room\n|upkeep\n|\n|t:|1683130059\n|switch|p2b: Eris|Flutter Mane, L50|100\/100\n|switch|p1a: Iron Hands|Iron Hands, L50|100\/100\n|turn|6\n|-message|GFORCEPKMN forfeited.\n|\n|win|WhatWasIC00KING\n|raw|GFORCEPKMN's rating: 1324 → 1304<\/strong> (-20 for losing)\n|raw|WhatWasIC00KING's rating: 1320 → 1340<\/strong> (+20 for winning)\n|l|\u2606GFORCEPKMN\n","uploadtime":1683130081,"views":31,"p1id":"gforcepkmn","p2id":"whatwasic00king","formatid":"gen9vgc2023regulationc","rating":1304,"private":0,"password":""}