{"id":"gen9vgc2023regulationc-1860239460","p1":"JoshuaMunji11","p2":"TonyJazs","format":"[Gen 9] VGC 2023 Regulation C","log":"|j|\u2606JoshuaMunji11\n|j|\u2606TonyJazs\n|t:|1683616494\n|gametype|doubles\n|player|p1|JoshuaMunji11|102|1109\n|player|p2|TonyJazs|brawly|1047\n|teamsize|p1|6\n|teamsize|p2|6\n|gen|9\n|tier|[Gen 9] VGC 2023 Regulation C\n|rated|\n|rule|Species Clause: Limit one of each Pok\u00e9mon\n|rule|Item Clause: Limit one of each item\n|clearpoke\n|poke|p1|Flutter Mane, L50|\n|poke|p1|Chi-Yu, L50|\n|poke|p1|Roaring Moon, L50|\n|poke|p1|Jumpluff, L50, F|\n|poke|p1|Wo-Chien, L50|\n|poke|p1|Torkoal, L50, M|\n|poke|p2|Sableye, L50, F|\n|poke|p2|Magnezone, L50|\n|poke|p2|Eelektross, L50, M|\n|poke|p2|Flutter Mane, L50|\n|poke|p2|Chien-Pao, L50|\n|poke|p2|Garganacl, L50, F|\n|teampreview|4\n|inactive|Battle timer is ON: inactive players will automatically lose when time's up. (requested by TonyJazs)\n|inactive|JoshuaMunji11 has 60 seconds left.\n|inactive|TonyJazs has 60 seconds left.\nJoshuaMunji11 rejected open team sheets.\n|\n|t:|1683616534\n|start\n|switch|p1a: Flutter Mane|Flutter Mane, L50|100\/100\n|switch|p1b: Torkoal|Torkoal, L50, M, shiny|100\/100\n|switch|p2a: Sableye|Sableye, L50, F, shiny|100\/100\n|switch|p2b: Flutter Mane|Flutter Mane, L50, shiny|100\/100\n|-weather|SunnyDay|[from] ability: Drought|[of] p1b: Torkoal\n|-activate|p2b: Flutter Mane|ability: Protosynthesis\n|-start|p2b: Flutter Mane|protosynthesisspd\n|-activate|p1a: Flutter Mane|ability: Protosynthesis\n|-start|p1a: Flutter Mane|protosynthesisspa\n|turn|1\n|inactive|JoshuaMunji11 has 30 seconds left.\n|inactive|JoshuaMunji11 has 20 seconds left.\n|\n|t:|1683616574\n|move|p2a: Sableye|Taunt|p1a: Flutter Mane\n|-start|p1a: Flutter Mane|move: Taunt\n|move|p2b: Flutter Mane|Shadow Ball|p1b: Torkoal\n|-damage|p1b: Torkoal|56\/100\n|move|p1a: Flutter Mane|Dazzling Gleam|p2b: Flutter Mane|[spread] p2a,p2b\n|-supereffective|p2a: Sableye\n|-damage|p2a: Sableye|3\/100\n|-damage|p2b: Flutter Mane|82\/100\n|move|p1b: Torkoal|Eruption|p2a: Sableye|[spread] p2a,p2b\n|-damage|p2a: Sableye|0 fnt\n|-damage|p2b: Flutter Mane|52\/100\n|faint|p2a: Sableye\n|\n|-weather|SunnyDay|[upkeep]\n|upkeep\n|\n|t:|1683616588\n|switch|p2a: Garganacl|Garganacl, L50, F|100\/100\n|turn|2\n|\n|t:|1683616608\n|switch|p1b: Roaring Moon|Roaring Moon, L50|100\/100\n|-activate|p1b: Roaring Moon|ability: Protosynthesis\n|-start|p1b: Roaring Moon|protosynthesisatk\n|move|p2b: Flutter Mane|Shadow Ball|p1a: Flutter Mane\n|-supereffective|p1a: Flutter Mane\n|-damage|p1a: Flutter Mane|37\/100\n|move|p1a: Flutter Mane|Shadow Ball|p2b: Flutter Mane\n|-supereffective|p2b: Flutter Mane\n|-damage|p2b: Flutter Mane|2\/100\n|move|p2a: Garganacl|Salt Cure|p1b: Roaring Moon\n|-damage|p1b: Roaring Moon|83\/100\n|-start|p1b: Roaring Moon|Salt Cure\n|\n|-weather|SunnyDay|[upkeep]\n|-damage|p1b: Roaring Moon|71\/100|[from] Salt Cure\n|upkeep\n|turn|3\n|inactive|JoshuaMunji11 has 30 seconds left.\n|inactive|TonyJazs has 30 seconds left.\n|\n|t:|1683616642\n|-end|p1a: Flutter Mane|Protosynthesis|[silent]\n|switch|p1a: Jumpluff|Jumpluff, L50, F, shiny|100\/100\n|move|p2a: Garganacl|Wide Guard|p2a: Garganacl\n|-singleturn|p2a: Garganacl|Wide Guard\n|move|p1b: Roaring Moon|Earthquake|p2b: Flutter Mane|[spread] \n|-activate|p2a: Garganacl|move: Wide Guard\n|-activate|p2b: Flutter Mane|move: Wide Guard\n|-immune|p1a: Jumpluff\n|move|p2b: Flutter Mane|Shadow Ball|p1a: Jumpluff\n|-damage|p1a: Jumpluff|63\/100\n|-unboost|p1a: Jumpluff|spd|1\n|\n|-weather|SunnyDay|[upkeep]\n|-damage|p1b: Roaring Moon|59\/100|[from] Salt Cure\n|upkeep\n|turn|4\n|\n|t:|1683616667\n|move|p2b: Flutter Mane|Protect|p2b: Flutter Mane\n|-singleturn|p2b: Flutter Mane|Protect\n|move|p1a: Jumpluff|Absorb|p1b: Roaring Moon\n|-resisted|p1b: Roaring Moon\n|-damage|p1b: Roaring Moon|57\/100\n|-heal|p1a: Jumpluff|64\/100|[from] drain|[of] p1b: Roaring Moon\n|move|p1b: Roaring Moon|Earthquake|p2b: Flutter Mane|[spread] p2a\n|-activate|p2b: Flutter Mane|move: Protect\n|-immune|p1a: Jumpluff\n|-supereffective|p2a: Garganacl\n|-damage|p2a: Garganacl|55\/100\n|move|p2a: Garganacl|Salt Cure|p1a: Jumpluff\n|-supereffective|p1a: Jumpluff\n|-damage|p1a: Jumpluff|31\/100\n|-start|p1a: Jumpluff|Salt Cure\n|\n|-weather|SunnyDay|[upkeep]\n|-heal|p2a: Garganacl|61\/100|[from] item: Leftovers\n|-damage|p1a: Jumpluff|19\/100|[from] Salt Cure\n|-damage|p1b: Roaring Moon|44\/100|[from] Salt Cure\n|upkeep\n|turn|5\n|inactive|JoshuaMunji11 has 30 seconds left.\n|inactive|TonyJazs has 30 seconds left.\n|\n|t:|1683616695\n|-end|p1b: Roaring Moon|Protosynthesis|[silent]\n|switch|p1b: Flutter Mane|Flutter Mane, L50|37\/100\n|-activate|p1b: Flutter Mane|ability: Protosynthesis\n|-start|p1b: Flutter Mane|protosynthesisspa\n|move|p2a: Garganacl|Wide Guard|p2a: Garganacl\n|-singleturn|p2a: Garganacl|Wide Guard\n|move|p1a: Jumpluff|Rage Powder|p1a: Jumpluff\n|-singleturn|p1a: Jumpluff|move: Rage Powder\n|move|p2b: Flutter Mane|Dazzling Gleam|p1b: Flutter Mane|[spread] p1a,p1b\n|-damage|p1a: Jumpluff|0 fnt\n|-damage|p1b: Flutter Mane|12\/100\n|faint|p1a: Jumpluff\n|\n|-weather|none\n|-end|p2b: Flutter Mane|Protosynthesis\n|-end|p1b: Flutter Mane|Protosynthesis\n|-heal|p2a: Garganacl|67\/100|[from] item: Leftovers\n|upkeep\n|-enditem|p2b: Flutter Mane|Booster Energy\n|-activate|p2b: Flutter Mane|ability: Protosynthesis|[fromitem]\n|-start|p2b: Flutter Mane|protosynthesisspd\n|\n|t:|1683616707\n|switch|p1a: Roaring Moon|Roaring Moon, L50|44\/100\n|turn|6\n|\n|t:|1683616723\n|-terastallize|p1a: Roaring Moon|Ground\n|move|p2b: Flutter Mane|Protect|p2b: Flutter Mane\n|-singleturn|p2b: Flutter Mane|Protect\n|move|p1a: Roaring Moon|Earthquake|p2b: Flutter Mane|[spread] p1b,p2a\n|-activate|p2b: Flutter Mane|move: Protect\n|-supereffective|p2a: Garganacl\n|-damage|p1b: Flutter Mane|0 fnt\n|-damage|p2a: Garganacl|14\/100\n|faint|p1b: Flutter Mane\n|-end|p1b: Flutter Mane|Protosynthesis|[silent]\n|move|p2a: Garganacl|Salt Cure|p1a: Roaring Moon\n|-resisted|p1a: Roaring Moon\n|-damage|p1a: Roaring Moon|37\/100\n|-start|p1a: Roaring Moon|Salt Cure\n|\n|-heal|p2a: Garganacl|19\/100|[from] item: Leftovers\n|-damage|p1a: Roaring Moon|25\/100|[from] Salt Cure\n|upkeep\n|\n|t:|1683616735\n|switch|p1b: Torkoal|Torkoal, L50, M, shiny|56\/100\n|-weather|SunnyDay|[from] ability: Drought|[of] p1b: Torkoal\n|-activate|p1a: Roaring Moon|ability: Protosynthesis\n|-start|p1a: Roaring Moon|protosynthesisatk\n|turn|7\n|\n|t:|1683616759\n|switch|p2a: Eelektross|Eelektross, L50, M, shiny|100\/100\n|move|p1a: Roaring Moon|Acrobatics|p2a: Eelektross\n|-resisted|p2a: Eelektross\n|-damage|p2a: Eelektross|84\/100\n|move|p2b: Flutter Mane|Shadow Ball|p1b: Torkoal\n|-damage|p1b: Torkoal|10\/100\n|move|p1b: Torkoal|Flamethrower|p2b: Flutter Mane\n|-damage|p2b: Flutter Mane|0 fnt\n|faint|p2b: Flutter Mane\n|-end|p2b: Flutter Mane|Protosynthesis|[silent]\n|\n|-weather|SunnyDay|[upkeep]\n|-damage|p1a: Roaring Moon|13\/100|[from] Salt Cure\n|upkeep\n|\n|t:|1683616772\n|switch|p2b: Garganacl|Garganacl, L50, F|19\/100\n|turn|8\n|-message|JoshuaMunji11 forfeited.\n|\n|win|TonyJazs\n|raw|JoshuaMunji11's rating: 1109 → 1080<\/strong> (-29 for losing)\n|raw|TonyJazs's rating: 1047 → 1086<\/strong> (+39 for winning)\n|l|\u2606JoshuaMunji11\n","uploadtime":1683616789,"views":6,"p1id":"joshuamunji11","p2id":"tonyjazs","formatid":"gen9vgc2023regulationc","rating":1080,"private":0,"password":""}