{"id":"gen9vgc2023regulationc-1859635208","p1":"pupulovessixsheep","p2":"kirisdaf","format":"[Gen 9] VGC 2023 Regulation C","log":"|j|\u2606pupulovessixsheep\n|j|\u2606kirisdaf\n|t:|1683551231\n|gametype|doubles\n|player|p1|pupulovessixsheep|169|1249\n|player|p2|kirisdaf|1|1281\n|teamsize|p1|6\n|teamsize|p2|6\n|gen|9\n|tier|[Gen 9] VGC 2023 Regulation C\n|rated|\n|rule|Species Clause: Limit one of each Pok\u00e9mon\n|rule|Item Clause: Limit one of each item\n|clearpoke\n|poke|p1|Talonflame, L50, M|\n|poke|p1|Chi-Yu, L50|\n|poke|p1|Flutter Mane, L50|\n|poke|p1|Amoonguss, L50, M|\n|poke|p1|Tyranitar, L50, F|\n|poke|p1|Houndstone, L50, M|\n|poke|p2|Indeedee-F, L50, F|\n|poke|p2|Armarouge, L50, F|\n|poke|p2|Iron Hands, L50|\n|poke|p2|Dondozo, L50, F|\n|poke|p2|Tatsugiri, L50, M|\n|poke|p2|Wo-Chien, L50|\n|teampreview|4\n|inactive|Battle timer is ON: inactive players will automatically lose when time's up. (requested by pupulovessixsheep)\n|\n|t:|1683551255\n|start\n|switch|p1a: Tyranitar|Tyranitar, L50, F, shiny|100\/100\n|switch|p1b: Amoonguss|Amoonguss, L50, M|100\/100\n|switch|p2a: Indeedee|Indeedee-F, L50, F|100\/100\n|switch|p2b: Wo-Chien|Wo-Chien, L50|100\/100\n|-weather|Sandstorm|[from] ability: Sand Stream|[of] p1a: Tyranitar\n|-ability|p2b: Wo-Chien|Tablets of Ruin\n|-fieldstart|move: Psychic Terrain|[from] ability: Psychic Surge|[of] p2a: Indeedee\n|-enditem|p2a: Indeedee|Psychic Seed\n|-boost|p2a: Indeedee|spd|1|[from] item: Psychic Seed\n|turn|1\n|inactive|pupulovessixsheep has 30 seconds left.\n|inactive|kirisdaf has 30 seconds left.\n|\n|t:|1683551283\n|move|p2a: Indeedee|Follow Me|p2a: Indeedee\n|-singleturn|p2a: Indeedee|move: Follow Me\n|move|p1a: Tyranitar|Dragon Dance|p1a: Tyranitar\n|-boost|p1a: Tyranitar|atk|1\n|-boost|p1a: Tyranitar|spe|1\n|move|p2b: Wo-Chien|Giga Drain|p1a: Tyranitar\n|-supereffective|p1a: Tyranitar\n|-damage|p1a: Tyranitar|69\/100\n|-enditem|p1a: Tyranitar|Weakness Policy\n|-boost|p1a: Tyranitar|atk|2|[from] item: Weakness Policy\n|-boost|p1a: Tyranitar|spa|2|[from] item: Weakness Policy\n|move|p1b: Amoonguss|Spore|p2a: Indeedee\n|-status|p2a: Indeedee|slp|[from] move: Spore\n|\n|-weather|Sandstorm|[upkeep]\n|-damage|p2b: Wo-Chien|94\/100|[from] Sandstorm\n|-damage|p2a: Indeedee|94\/100 slp|[from] Sandstorm\n|-damage|p1b: Amoonguss|95\/100|[from] Sandstorm\n|-heal|p1b: Amoonguss|100\/100|[from] item: Leftovers\n|upkeep\n|turn|2\n|inactive|kirisdaf has 30 seconds left.\n|\n|t:|1683551316\n|move|p1a: Tyranitar|Dragon Dance|p1a: Tyranitar\n|-boost|p1a: Tyranitar|atk|1\n|-boost|p1a: Tyranitar|spe|1\n|move|p2b: Wo-Chien|Leech Seed|p1a: Tyranitar\n|-start|p1a: Tyranitar|move: Leech Seed\n|cant|p2a: Indeedee|slp\n|move|p1b: Amoonguss|Pollen Puff|p1a: Tyranitar\n|-heal|p1a: Tyranitar|100\/100\n|\n|-weather|Sandstorm|[upkeep]\n|-damage|p2b: Wo-Chien|88\/100|[from] Sandstorm\n|-damage|p2a: Indeedee|88\/100 slp|[from] Sandstorm\n|-damage|p1b: Amoonguss|95\/100|[from] Sandstorm\n|-heal|p1b: Amoonguss|100\/100|[from] item: Leftovers\n|-damage|p1a: Tyranitar|88\/100|[from] Leech Seed|[of] p2b: Wo-Chien\n|-heal|p2b: Wo-Chien|99\/100|[silent]\n|upkeep\n|turn|3\n|inactive|pupulovessixsheep has 30 seconds left.\n|inactive|kirisdaf has 30 seconds left.\n|inactive|pupulovessixsheep has 20 seconds left.\n|inactive|pupulovessixsheep has 15 seconds left.\n|inactive|pupulovessixsheep has 10 seconds left.\n|inactive|pupulovessixsheep has 5 seconds left.\n|\n|t:|1683551368\n|move|p1a: Tyranitar|Rock Slide|p2b: Wo-Chien|[spread] p2a,p2b\n|-damage|p2a: Indeedee|0 fnt\n|-damage|p2b: Wo-Chien|42\/100\n|faint|p2a: Indeedee\n|move|p2b: Wo-Chien|Foul Play|p1a: Tyranitar\n|-resisted|p1a: Tyranitar\n|-damage|p1a: Tyranitar|26\/100\n|move|p1b: Amoonguss|Pollen Puff|p1a: Tyranitar\n|-heal|p1a: Tyranitar|76\/100\n|\n|-weather|Sandstorm|[upkeep]\n|-damage|p2b: Wo-Chien|35\/100|[from] Sandstorm\n|-damage|p1b: Amoonguss|95\/100|[from] Sandstorm\n|-heal|p1b: Amoonguss|100\/100|[from] item: Leftovers\n|-damage|p1a: Tyranitar|64\/100|[from] Leech Seed|[of] p2b: Wo-Chien\n|-heal|p2b: Wo-Chien|47\/100|[silent]\n|upkeep\n|\n|t:|1683551386\n|switch|p2a: Dondozo|Dondozo, L50, F|100\/100\n|turn|4\n|\n|t:|1683551396\n|switch|p2b: Tatsugiri|Tatsugiri, L50, M|100\/100\n|-activate|p2b: Tatsugiri|ability: Commander|[of] p2a: Dondozo\n|-boost|p2a: Dondozo|atk|2\n|-boost|p2a: Dondozo|spa|2\n|-boost|p2a: Dondozo|spe|2\n|-boost|p2a: Dondozo|def|2\n|-boost|p2a: Dondozo|spd|2\n|-terastallize|p2a: Dondozo|Grass\n|move|p1b: Amoonguss|Rage Powder|p1b: Amoonguss\n|-singleturn|p1b: Amoonguss|move: Rage Powder\n|move|p1a: Tyranitar|Rock Slide|p2b: Tatsugiri|[spread] p2a\n|-miss|p1a: Tyranitar|p2b: Tatsugiri\n|-damage|p2a: Dondozo|91\/100\n|move|p2a: Dondozo|Wave Crash|p1a: Tyranitar\n|-supereffective|p1a: Tyranitar\n|-damage|p1a: Tyranitar|0 fnt\n|faint|p1a: Tyranitar\n|-damage|p2a: Dondozo|75\/100|[from] Recoil\n|\n|-weather|Sandstorm|[upkeep]\n|-damage|p2b: Tatsugiri|95\/100|[from] Sandstorm\n|-damage|p2a: Dondozo|69\/100|[from] Sandstorm\n|-damage|p1b: Amoonguss|95\/100|[from] Sandstorm\n|-heal|p2a: Dondozo|75\/100|[from] item: Leftovers\n|-heal|p1b: Amoonguss|100\/100|[from] item: Leftovers\n|upkeep\n|inactive|pupulovessixsheep has 30 seconds left.\n|\n|t:|1683551421\n|switch|p1a: Flutter Mane|Flutter Mane, L50|100\/100\n|-enditem|p1a: Flutter Mane|Booster Energy\n|-activate|p1a: Flutter Mane|ability: Protosynthesis|[fromitem]\n|-start|p1a: Flutter Mane|protosynthesisspa\n|turn|5\n|\n|t:|1683551432\n|move|p1a: Flutter Mane|Protect|p1a: Flutter Mane\n|-singleturn|p1a: Flutter Mane|Protect\n|move|p2a: Dondozo|Wave Crash|p1a: Flutter Mane\n|-activate|p1a: Flutter Mane|move: Protect\n|move|p1b: Amoonguss|Clear Smog|p2a: Dondozo\n|-supereffective|p2a: Dondozo\n|-damage|p2a: Dondozo|59\/100\n|-clearboost|p2a: Dondozo\n|\n|-weather|none\n|-heal|p2a: Dondozo|65\/100|[from] item: Leftovers\n|-fieldend|move: Psychic Terrain\n|upkeep\n|turn|6\n|-message|kirisdaf forfeited.\n|\n|win|pupulovessixsheep\n|raw|pupulovessixsheep's rating: 1249 → 1276<\/strong> (+27 for winning)\n|raw|kirisdaf's rating: 1281 → 1254<\/strong> (-27 for losing)\n|l|\u2606kirisdaf\n","uploadtime":1683551450,"views":5,"p1id":"pupulovessixsheep","p2id":"kirisdaf","formatid":"gen9vgc2023regulationc","rating":1254,"private":0,"password":""}