{"id":"gen9vgc2023regulationc-1852355539","p1":"anshar_training","p2":"Loomer91","format":"[Gen 9] VGC 2023 Regulation C","log":"|j|\u2606anshar_training\n|j|\u2606Loomer91\n|t:|1682547557\n|gametype|doubles\n|player|p1|anshar_training|colress|1070\n|player|p2|Loomer91|steven|1000\n|teamsize|p1|6\n|teamsize|p2|6\n|gen|9\n|tier|[Gen 9] VGC 2023 Regulation C\n|rated|\n|rule|Species Clause: Limit one of each Pok\u00e9mon\n|rule|Item Clause: Limit one of each item\n|clearpoke\n|poke|p1|Palafin, L50, M|\n|poke|p1|Flutter Mane, L50|\n|poke|p1|Arcanine, L50, F|\n|poke|p1|Amoonguss, L50, F|\n|poke|p1|Ting-Lu, L50|\n|poke|p1|Roaring Moon, L50|\n|poke|p2|Flutter Mane, L50|\n|poke|p2|Chi-Yu, L50|\n|poke|p2|Amoonguss, L50, M|\n|poke|p2|Gyarados, L50, F|\n|poke|p2|Kingambit, L50, M|\n|poke|p2|Dragonite, L50, F|\n|teampreview|4\n|\n|t:|1682547576\n|start\n|switch|p1a: PlusUltra|Palafin, L50, M|100\/100\n|switch|p1b: Cornelia|Flutter Mane, L50|100\/100\n|switch|p2a: Gyarados|Gyarados, L50, F, shiny|100\/100\n|switch|p2b: Dragonite|Dragonite, L50, F, shiny|100\/100\n|-ability|p2a: Gyarados|Intimidate|boost\n|-unboost|p1a: PlusUltra|atk|1\n|-unboost|p1b: Cornelia|atk|1\n|turn|1\n|inactive|Battle timer is ON: inactive players will automatically lose when time's up. (requested by anshar_training)\n|inactive|Loomer91 has 60 seconds left.\n|inactive|Loomer91 has 30 seconds left.\n|\n|t:|1682547649\n|-terastallize|p2b: Dragonite|Water\n|move|p1a: PlusUltra|Protect|p1a: PlusUltra\n|-singleturn|p1a: PlusUltra|Protect\n|move|p2a: Gyarados|Protect|p2a: Gyarados\n|-singleturn|p2a: Gyarados|Protect\n|move|p1b: Cornelia|Thunderbolt|p2a: Gyarados\n|-activate|p2a: Gyarados|move: Protect\n|move|p2b: Dragonite|Waterfall|p1b: Cornelia\n|-damage|p1b: Cornelia|0 fnt\n|faint|p1b: Cornelia\n|-end|p1b: Cornelia|Protosynthesis|[silent]\n|\n|upkeep\n|\n|t:|1682547674\n|switch|p1b: Benito|Roaring Moon, L50|100\/100\n|-enditem|p1b: Benito|Booster Energy\n|-activate|p1b: Benito|ability: Protosynthesis|[fromitem]\n|-start|p1b: Benito|protosynthesisatk\n|turn|2\n|inactive|Loomer91 has 30 seconds left.\n|inactive|Loomer91 has 20 seconds left.\n|inactive|Loomer91 has 15 seconds left.\n|\n|t:|1682547714\n|switch|p2b: Chi-Yu|Chi-Yu, L50|100\/100\n|-ability|p2b: Chi-Yu|Beads of Ruin\n|detailschange|p1a: PlusUltra|Palafin-Hero, L50, M\n|switch|p1a: Susy|Amoonguss, L50, F|100\/100\n|-terastallize|p1b: Benito|Flying\n|move|p1b: Benito|Dragon Dance|p1b: Benito\n|-boost|p1b: Benito|atk|1\n|-boost|p1b: Benito|spe|1\n|move|p2a: Gyarados|Dragon Dance|p2a: Gyarados\n|-boost|p2a: Gyarados|atk|1\n|-boost|p2a: Gyarados|spe|1\n|\n|upkeep\n|turn|3\n|inactive|anshar_training has 30 seconds left.\n|inactive|Loomer91 has 30 seconds left.\n|inactive|anshar_training has 20 seconds left.\n|inactive|anshar_training has 15 seconds left.\n|\n|t:|1682547756\n|move|p2a: Gyarados|Protect|p2a: Gyarados\n|-singleturn|p2a: Gyarados|Protect\n|move|p1a: Susy|Protect|p1a: Susy\n|-singleturn|p1a: Susy|Protect\n|move|p1b: Benito|Throat Chop|p2b: Chi-Yu\n|-resisted|p2b: Chi-Yu\n|-damage|p2b: Chi-Yu|50\/100\n|-start|p2b: Chi-Yu|Throat Chop|[silent]\n|move|p2b: Chi-Yu|Reflect|p2b: Chi-Yu\n|-sidestart|p2: Loomer91|Reflect\n|\n|upkeep\n|turn|4\n|inactive|Loomer91 has 30 seconds left.\n|\n|t:|1682547789\n|move|p1b: Benito|Throat Chop|p2b: Chi-Yu\n|-resisted|p2b: Chi-Yu\n|-damage|p2b: Chi-Yu|16\/100\n|move|p2a: Gyarados|Waterfall|p1b: Benito\n|-damage|p1b: Benito|28\/100\n|move|p2b: Chi-Yu|Heat Wave|p1a: Susy|[spread] p1a\n|-miss|p2b: Chi-Yu|p1b: Benito\n|-supereffective|p1a: Susy\n|-damage|p1a: Susy|24\/100\n|-enditem|p1a: Susy|Sitrus Berry|[eat]\n|-heal|p1a: Susy|48\/100|[from] item: Sitrus Berry\n|move|p1a: Susy|Spore|p2a: Gyarados\n|-activate|p2a: Gyarados|item: Safety Goggles|Spore\n|\n|-end|p2b: Chi-Yu|Throat Chop|[silent]\n|upkeep\n|turn|5\n|inactive|Loomer91 has 30 seconds left.\n|inactive|Loomer91 has 20 seconds left.\n|inactive|Loomer91 has 15 seconds left.\n|\n|t:|1682547829\n|move|p1b: Benito|Acrobatics|p2b: Chi-Yu\n|-damage|p2b: Chi-Yu|0 fnt\n|faint|p2b: Chi-Yu\n|move|p2a: Gyarados|Dragon Dance|p2a: Gyarados\n|-boost|p2a: Gyarados|atk|1\n|-boost|p2a: Gyarados|spe|1\n|move|p1a: Susy|Pollen Puff|p1b: Benito\n|-heal|p1b: Benito|77\/100\n|\n|upkeep\n|\n|t:|1682547845\n|switch|p2b: Flutter Mane|Flutter Mane, L50|100\/100\n|turn|6\n|\n|t:|1682547864\n|switch|p1a: PlusUltra|Palafin-Hero, L50, M|100\/100\n|-activate|p1a: PlusUltra|ability: Zero to Hero\n|move|p1b: Benito|Protect|p1b: Benito\n|-singleturn|p1b: Benito|Protect\n|move|p2b: Flutter Mane|Dazzling Gleam|p1a: PlusUltra|[spread] p1a\n|-activate|p1b: Benito|move: Protect\n|-crit|p1a: PlusUltra\n|-damage|p1a: PlusUltra|46\/100\n|move|p2a: Gyarados|Waterfall|p1b: Benito\n|-activate|p1b: Benito|move: Protect\n|\n|upkeep\n|turn|7\n|\n|t:|1682547879\n|move|p2a: Gyarados|Protect|p2a: Gyarados\n|-singleturn|p2a: Gyarados|Protect\n|move|p2b: Flutter Mane|Dazzling Gleam|p1b: Benito|[spread] p1a,p1b\n|-damage|p1a: PlusUltra|11\/100\n|-damage|p1b: Benito|45\/100\n|move|p1b: Benito|Throat Chop|p2b: Flutter Mane\n|-damage|p2b: Flutter Mane|0 fnt\n|faint|p2b: Flutter Mane\n|-end|p2b: Flutter Mane|Protosynthesis|[silent]\n|move|p1a: PlusUltra|Haze|p1a: PlusUltra\n|-clearallboost\n|\n|upkeep\n|\n|t:|1682547889\n|switch|p2b: Dragonite|Dragonite, L50, F, shiny, tera:Water|100\/100\n|turn|8\n|inactive|anshar_training has 30 seconds left.\n|\n|t:|1682547916\n|move|p1a: PlusUltra|Jet Punch|p2b: Dragonite\n|-resisted|p2b: Dragonite\n|-damage|p2b: Dragonite|91\/100\n|move|p2b: Dragonite|Ice Spinner|p1b: Benito\n|-supereffective|p1b: Benito\n|-damage|p1b: Benito|0 fnt\n|faint|p1b: Benito\n|-end|p1b: Benito|Protosynthesis|[silent]\n|move|p2a: Gyarados|Waterfall|p1a: PlusUltra\n|-resisted|p1a: PlusUltra\n|-damage|p1a: PlusUltra|0 fnt\n|faint|p1a: PlusUltra\n|\n|upkeep\n|\n|t:|1682547941\n|switch|p1a: Susy|Amoonguss, L50, F|82\/100\n|turn|9\n|\n|t:|1682547956\n|move|p2b: Dragonite|Ice Spinner|p1a: Susy\n|-supereffective|p1a: Susy\n|-damage|p1a: Susy|13\/100\n|move|p2a: Gyarados|Dragon Dance|p2a: Gyarados\n|-boost|p2a: Gyarados|atk|1\n|-boost|p2a: Gyarados|spe|1\n|move|p1a: Susy|Spore|p2b: Dragonite\n|-status|p2b: Dragonite|slp|[from] move: Spore\n|\n|upkeep\n|turn|10\n|\n|t:|1682547974\n|move|p1a: Susy|Rage Powder|p1a: Susy\n|-singleturn|p1a: Susy|move: Rage Powder\n|move|p2a: Gyarados|Waterfall|p1a: Susy\n|-resisted|p1a: Susy\n|-damage|p1a: Susy|0 fnt\n|faint|p1a: Susy\n|\n|win|Loomer91\n|raw|anshar_training's rating: 1070 → 1045<\/strong> (-25 for losing)\n|raw|Loomer91's rating: 1000 → 1048<\/strong> (+48 for winning)\n|l|\u2606Loomer91\n","uploadtime":1682547986,"views":14,"p1id":"anshartraining","p2id":"loomer91","formatid":"gen9vgc2023regulationc","rating":1045,"private":0,"password":""}