{"id":"gen9vgc2023regulationc-1861420676","p1":"DaGreedent+","p2":"scoliPEDs 3.0","format":"[Gen 9] VGC 2023 Regulation C","log":"|j|\u2606DaGreedent+\n|j|\u2606scoliPEDs 3.0\n|t:|1683755832\n|gametype|doubles\n|player|p1|DaGreedent+|hilbert|\n|player|p2|scoliPEDs 3.0|volkner|\n|teamsize|p1|6\n|teamsize|p2|6\n|gen|9\n|tier|[Gen 9] VGC 2023 Regulation C\n|rated|Tournament battle\n|rule|Species Clause: Limit one of each Pok\u00e9mon\n|rule|Item Clause: Limit one of each item\n|clearpoke\n|poke|p1|Glimmora, L50, M|\n|poke|p1|Annihilape, L50, F|\n|poke|p1|Dondozo, L50, M|\n|poke|p1|Ting-Lu, L50|\n|poke|p1|Tatsugiri, L50, M|\n|poke|p1|Skwovet, L50, M|\n|poke|p2|Glimmora, L50, M|\n|poke|p2|Tyranitar, L50, F|\n|poke|p2|Gyarados, L50, M|\n|poke|p2|Chi-Yu, L50|\n|poke|p2|Flutter Mane, L50|\n|poke|p2|Wo-Chien, L50|\n|teampreview|4\n|raw| Open Team Sheet for DaGreedent+<\/summary>Glimmora @ Focus Sash Ability: Toxic Debris Level: 50 Tera Type: Flying - Mortal Spin - Sludge Bomb - Power Gem - Spiky Shield Annihilape @ Choice Scarf Ability: Defiant Level: 50 Tera Type: Fire - Final Gambit - Shadow Claw - Close Combat - Fire Punch Dondozo @ Chesto Berry Ability: Unaware Level: 50 Shiny: Yes Tera Type: Steel - Rest - Earthquake - Order Up - Sleep Talk ARGHHHHHH (Ting-Lu) @ Assault Vest Ability: Vessel of Ruin Level: 50 Tera Type: Poison - Heavy Slam - Rock Slide - Stomping Tantrum - Fissure Tatsugiri @ Choice Specs Ability: Commander Level: 50 Shiny: Yes Tera Type: Ghost - Draco Meteor - Muddy Water - Tera Blast - Icy Wind Bestest Boy (Skwovet) (M) @ Eviolite Ability: Cheek Pouch Level: 50 Shiny: Yes Tera Type: Flying - Substitute - Protect - Mud Shot - Super Fang <\/details><\/div> Open Team Sheet for scoliPEDs 3.0<\/summary>Glimmora @ Focus Sash Ability: Toxic Debris Level: 50 Tera Type: Water - Power Gem - Earth Power - Mortal Spin - Spiky Shield Tyranitar @ Assault Vest Ability: Sand Stream Level: 50 Tera Type: Flying - Brick Break - Assurance - Rock Slide - Tera Blast Gyarados @ Safety Goggles Ability: Intimidate Level: 50 Tera Type: Steel - Protect - Taunt - Waterfall - Thunder Wave Chi-Yu @ Sitrus Berry Ability: Beads of Ruin Level: 50 Tera Type: Water - Protect - Dark Pulse - Heat Wave - Flamethrower Flutter Mane @ Booster Energy Ability: Protosynthesis Level: 50 Tera Type: Ghost - Protect - Substitute - Hex - Dazzling Gleam Wo-Chien @ Leftovers Ability: Tablets of Ruin Level: 50 Tera Type: Water - Leech Seed - Pollen Puff - Foul Play - Protect <\/details><\/div>\n|inactive|Battle timer is ON: inactive players will automatically lose when time's up. (requested by DaGreedent+)\n|j| Garydosses\n|\n|t:|1683755862\n|start\n|switch|p1a: Glimmora|Glimmora, L50, M|100\/100\n|switch|p1b: Annihilape|Annihilape, L50, F|100\/100\n|switch|p2a: Glimmora|Glimmora, L50, M|100\/100\n|switch|p2b: Wo-Chien|Wo-Chien, L50|100\/100\n|-ability|p2b: Wo-Chien|Tablets of Ruin\n|turn|1\n|\n|t:|1683755885\n|move|p2b: Wo-Chien|Protect|p2b: Wo-Chien\n|-singleturn|p2b: Wo-Chien|Protect\n|move|p1b: Annihilape|Final Gambit|p2b: Wo-Chien\n|-activate|p2b: Wo-Chien|move: Protect\n|move|p1a: Glimmora|Sludge Bomb|p2b: Wo-Chien\n|-activate|p2b: Wo-Chien|move: Protect\n|move|p2a: Glimmora|Earth Power|p1a: Glimmora\n|-supereffective|p1a: Glimmora\n|-enditem|p1a: Glimmora|Focus Sash\n|-damage|p1a: Glimmora|1\/100\n|\n|upkeep\n|turn|2\n|j| FunneeMonkee\n|j| blinkerton city\n|j| Beyontle\n|inactive|scoliPEDs 3.0 has 30 seconds left.\n|\n|t:|1683755913\n|switch|p2b: Flutter Mane|Flutter Mane, L50|100\/100\n|-enditem|p2b: Flutter Mane|Booster Energy\n|-activate|p2b: Flutter Mane|ability: Protosynthesis|[fromitem]\n|-start|p2b: Flutter Mane|protosynthesisspe\n|move|p1a: Glimmora|Spiky Shield|p1a: Glimmora\n|-singleturn|p1a: Glimmora|move: Protect\n|move|p1b: Annihilape|Final Gambit|p2b: Flutter Mane\n|-immune|p2b: Flutter Mane\n|move|p2a: Glimmora|Power Gem|p1a: Glimmora\n|-activate|p1a: Glimmora|move: Protect\n|\n|upkeep\n|turn|3\n|\n|t:|1683755924\n|move|p2a: Glimmora|Spiky Shield|p2a: Glimmora\n|-singleturn|p2a: Glimmora|move: Protect\n|move|p2b: Flutter Mane|Dazzling Gleam|p1a: Glimmora|[spread] p1a,p1b\n|-resisted|p1a: Glimmora\n|-supereffective|p1b: Annihilape\n|-damage|p1a: Glimmora|0 fnt\n|-damage|p1b: Annihilape|48\/100\n|faint|p1a: Glimmora\n|move|p1b: Annihilape|Final Gambit|p2a: Glimmora\n|-activate|p2a: Glimmora|move: Protect\n|\n|upkeep\n|c|\u2606DaGreedent+|rip\n|\n|t:|1683755930\n|switch|p1a: Dondozo|Dondozo, L50, M, shiny|100\/100\n|turn|4\n|c|\u2606DaGreedent+|oh well\n|c|\u2606DaGreedent+|cant win them all\n|inactive|scoliPEDs 3.0 has 30 seconds left.\n|c| Garydosses|Shoulda brought skwovet\n|c|\u2606DaGreedent+|true\n|inactive|scoliPEDs 3.0 has 20 seconds left.\n|c|\u2606DaGreedent+|woulda already won\n|inactive|scoliPEDs 3.0 has 15 seconds left.\n|j| 17th sylveon\n|\n|t:|1683755972\n|switch|p1b: Tatsugiri|Tatsugiri, L50, M, shiny|100\/100\n|-activate|p1b: Tatsugiri|ability: Commander|[of] p1a: Dondozo\n|-boost|p1a: Dondozo|atk|2\n|-boost|p1a: Dondozo|spa|2\n|-boost|p1a: Dondozo|spe|2\n|-boost|p1a: Dondozo|def|2\n|-boost|p1a: Dondozo|spd|2\n|move|p2b: Flutter Mane|Substitute|p2b: Flutter Mane\n|-start|p2b: Flutter Mane|Substitute\n|-damage|p2b: Flutter Mane|76\/100\n|move|p2a: Glimmora|Mortal Spin|p1a: Dondozo|[spread] p1a\n|-miss|p2a: Glimmora|p1b: Tatsugiri\n|-damage|p1a: Dondozo|99\/100\n|-status|p1a: Dondozo|psn\n|move|p1a: Dondozo|Earthquake|p2b: Flutter Mane|[spread] p2a,p2b\n|-miss|p1a: Dondozo|p1b: Tatsugiri\n|-end|p2b: Flutter Mane|Substitute\n|-supereffective|p2a: Glimmora\n|-enditem|p2a: Glimmora|Focus Sash\n|-damage|p2a: Glimmora|1\/100\n|-activate|p2a: Glimmora|ability: Toxic Debris\n|-sidestart|p1: DaGreedent+|move: Toxic Spikes\n|\n|-damage|p1a: Dondozo|86\/100 psn|[from] psn\n|upkeep\n|turn|5\n|\n|t:|1683755985\n|switch|p2a: Gyarados|Gyarados, L50, M|100\/100\n|-ability|p2a: Gyarados|Intimidate|boost\n|-unboost|p1a: Dondozo|atk|1\n|-unboost|p1b: Tatsugiri|atk|1\n|move|p2b: Flutter Mane|Protect|p2b: Flutter Mane\n|-singleturn|p2b: Flutter Mane|Protect\n|move|p1a: Dondozo|Earthquake|p2a: Gyarados|[spread] \n|-miss|p1a: Dondozo|p1b: Tatsugiri\n|-activate|p2b: Flutter Mane|move: Protect\n|-immune|p2a: Gyarados\n|\n|-damage|p1a: Dondozo|74\/100 psn|[from] psn\n|upkeep\n|turn|6\n|c|\u2606DaGreedent+|tryna stall me\n|inactive|scoliPEDs 3.0 has 30 seconds left.\n|\n|t:|1683756017\n|switch|p2a: Glimmora|Glimmora, L50, M|1\/100\n|-terastallize|p1a: Dondozo|Steel\n|move|p2b: Flutter Mane|Substitute|p2b: Flutter Mane\n|-start|p2b: Flutter Mane|Substitute\n|-damage|p2b: Flutter Mane|51\/100\n|move|p1a: Dondozo|Earthquake|p2a: Glimmora|[spread] p2a,p2b\n|-miss|p1a: Dondozo|p1b: Tatsugiri\n|-end|p2b: Flutter Mane|Substitute\n|-supereffective|p2a: Glimmora\n|-damage|p2a: Glimmora|0 fnt\n|-activate|p2a: Glimmora|ability: Toxic Debris\n|-sidestart|p1: DaGreedent+|move: Toxic Spikes\n|faint|p2a: Glimmora\n|\n|-damage|p1a: Dondozo|62\/100 psn|[from] psn\n|upkeep\n|c|\u2606DaGreedent+|\ud83d\udc80\n|c|\u2606DaGreedent+|go away nerd\n|\n|t:|1683756031\n|switch|p2a: Gyarados|Gyarados, L50, M|100\/100\n|-ability|p2a: Gyarados|Intimidate|boost\n|-unboost|p1a: Dondozo|atk|1\n|-unboost|p1b: Tatsugiri|atk|1\n|turn|7\n|c|\u2606DaGreedent+|i dont care abt uuu\n|\n|t:|1683756036\n|move|p2b: Flutter Mane|Protect|p2b: Flutter Mane\n|-singleturn|p2b: Flutter Mane|Protect\n|move|p1a: Dondozo|Order Up|p2a: Gyarados\n|-damage|p2a: Gyarados|73\/100\n|-boost|p1a: Dondozo|atk|1\n|move|p2a: Gyarados|Waterfall|p1a: Dondozo\n|-damage|p1a: Dondozo|51\/100 psn\n|\n|-damage|p1a: Dondozo|39\/100 psn|[from] psn\n|upkeep\n|turn|8\n|\n|t:|1683756046\n|-terastallize|p2b: Flutter Mane|Ghost\n|move|p2b: Flutter Mane|Hex|p1a: Dondozo\n|-damage|p1a: Dondozo|0 fnt\n|faint|p1a: Dondozo\n|move|p2a: Gyarados|Thunder Wave|p1b: Tatsugiri\n|-status|p1b: Tatsugiri|par\n|\n|upkeep\n|c|\u2606DaGreedent+|crap\n|\n|t:|1683756055\n|switch|p1a: Annihilape|Annihilape, L50, F|48\/100\n|-status|p1a: Annihilape|tox\n|turn|9\n|c|\u2606DaGreedent+|that changes things\n|c| Garydosses|Ragefist unironically could carry\n|c|\u2606DaGreedent+|hex op\n|inactive|DaGreedent+ has 30 seconds left.\n|inactive|scoliPEDs 3.0 has 30 seconds left.\n|inactive|DaGreedent+ has 20 seconds left.\n|c|\u2606DaGreedent+|he faster\n|inactive|DaGreedent+ has 15 seconds left.\n|\n|t:|1683756095\n|switch|p2a: Wo-Chien|Wo-Chien, L50|100\/100\n|-ability|p2a: Wo-Chien|Tablets of Ruin\n|move|p2b: Flutter Mane|Hex|p1a: Annihilape\n|-supereffective|p1a: Annihilape\n|-damage|p1a: Annihilape|0 fnt\n|faint|p1a: Annihilape\n|cant|p1b: Tatsugiri|par\n|\n|upkeep\n|turn|10\n|c| Garydosses|I had forgot the wo chien tbh\n|c|\u2606DaGreedent+|paraaaa\n|c| Garydosses|Eye issue\n|c|\u2606DaGreedent+|ggs\n|c|\u2606DaGreedent+|snail wins\n|c|\u2606DaGreedent+|fish loosse\n|inactive|scoliPEDs 3.0 has 30 seconds left.\n|l| 17th sylveon\n|c|\u2606scoliPEDs 3.0|ggs\n|inactive|scoliPEDs 3.0 has 20 seconds left.\n|\n|t:|1683756130\n|move|p2b: Flutter Mane|Hex|p1b: Tatsugiri\n|-damage|p1b: Tatsugiri|0 fnt\n|faint|p1b: Tatsugiri\n|\n|win|scoliPEDs 3.0\n|n|\u2606DaGreedent+|dagreedent\n|n|\u2606scoliPEDs 3.0|scolipeds30\n|n| Garydosses|garydosses\n|n| FunneeMonkee|funneemonkee\n|n| blinkerton city|blinkertoncity\n|n| Beyontle|beyontle\n","uploadtime":1683756132,"views":5,"p1id":"dagreedent","p2id":"scolipeds30","formatid":"gen9vgc2023regulationc","rating":0,"private":0,"password":""}