{"id":"gen9vgc2023regulationc-1861439395","p1":"eggplanet07","p2":"bobw_1213","format":"[Gen 9] VGC 2023 Regulation C","log":"|j|\u2606eggplanet07\n|j|\u2606bobw_1213\n|t:|1683758044\n|gametype|doubles\n|player|p1|eggplanet07|roxie|1259\n|player|p2|bobw_1213|170|1318\n|teamsize|p1|6\n|teamsize|p2|6\n|gen|9\n|tier|[Gen 9] VGC 2023 Regulation C\n|rated|\n|rule|Species Clause: Limit one of each Pok\u00e9mon\n|rule|Item Clause: Limit one of each item\n|clearpoke\n|poke|p1|Raichu, L50, M|\n|poke|p1|Azumarill, L50, F|\n|poke|p1|Amoonguss, L50, F|\n|poke|p1|Gyarados, L50, F|\n|poke|p1|Flutter Mane, L50|\n|poke|p1|Palafin, L50, M|\n|poke|p2|Baxcalibur, L50, F|\n|poke|p2|Maushold, L50|\n|poke|p2|Flutter Mane, L50|\n|poke|p2|Amoonguss, L50, M|\n|poke|p2|Gyarados, L50, F|\n|poke|p2|Rotom-Wash, L50|\n|teampreview|4\n|inactive|Battle timer is ON: inactive players will automatically lose when time's up. (requested by eggplanet07)\n|inactive|eggplanet07 has 60 seconds left.\n|inactive|bobw_1213 has 60 seconds left.\n|\n|t:|1683758101\n|start\n|switch|p1a: Flutter Mane|Flutter Mane, L50, shiny|100\/100\n|switch|p1b: Palafin|Palafin, L50, M|100\/100\n|switch|p2a: Baxcalibur|Baxcalibur, L50, F|100\/100\n|switch|p2b: Maushold|Maushold, L50|100\/100\n|-enditem|p1a: Flutter Mane|Booster Energy\n|-activate|p1a: Flutter Mane|ability: Protosynthesis|[fromitem]\n|-start|p1a: Flutter Mane|protosynthesisspa\n|turn|1\n|inactive|bobw_1213 has 30 seconds left.\n|\n|t:|1683758129\n|detailschange|p1b: Palafin|Palafin-Hero, L50, M\n|switch|p1b: Gyarados|Gyarados, L50, F, shiny|100\/100\n|-ability|p1b: Gyarados|Intimidate|boost\n|-fail|p2a: Baxcalibur|unboost|[from] item: Clear Amulet|[of] p2a: Baxcalibur\n|-unboost|p2b: Maushold|atk|1\n|-terastallize|p2a: Baxcalibur|Ground\n|move|p2b: Maushold|Protect|p2b: Maushold\n|-singleturn|p2b: Maushold|Protect\n|move|p1a: Flutter Mane|Dazzling Gleam|p2a: Baxcalibur|[spread] p2a\n|-activate|p2b: Maushold|move: Protect\n|-damage|p2a: Baxcalibur|64\/100\n|move|p2a: Baxcalibur|Dragon Dance|p2a: Baxcalibur\n|-boost|p2a: Baxcalibur|atk|1\n|-boost|p2a: Baxcalibur|spe|1\n|\n|upkeep\n|turn|2\n|inactive|eggplanet07 has 30 seconds left.\n|inactive|bobw_1213 has 30 seconds left.\n|inactive|eggplanet07 has 20 seconds left.\n|\n|t:|1683758164\n|move|p2b: Maushold|Follow Me|p2b: Maushold\n|-singleturn|p2b: Maushold|move: Follow Me\n|move|p2a: Baxcalibur|Icicle Crash|p1b: Gyarados\n|-damage|p1b: Gyarados|19\/100\n|move|p1a: Flutter Mane|Energy Ball|p2b: Maushold\n|-damage|p2b: Maushold|60\/100\n|move|p1b: Gyarados|Taunt|p2b: Maushold\n|-start|p2b: Maushold|move: Taunt\n|\n|upkeep\n|turn|3\n|inactive|bobw_1213 has 30 seconds left.\n|\n|t:|1683758191\n|switch|p2b: Gyarados|Gyarados, L50, F|100\/100\n|-ability|p2b: Gyarados|Intimidate|boost\n|-unboost|p1a: Flutter Mane|atk|1\n|-unboost|p1b: Gyarados|atk|1\n|move|p1a: Flutter Mane|Protect|p1a: Flutter Mane\n|-singleturn|p1a: Flutter Mane|Protect\n|move|p2a: Baxcalibur|Earthquake|p1b: Gyarados|[spread] \n|-activate|p1a: Flutter Mane|move: Protect\n|-immune|p2b: Gyarados\n|-immune|p1b: Gyarados\n|move|p1b: Gyarados|Waterfall|p2a: Baxcalibur\n|-supereffective|p2a: Baxcalibur\n|-damage|p2a: Baxcalibur|10\/100\n|\n|upkeep\n|turn|4\n|inactive|bobw_1213 has 30 seconds left.\n|\n|t:|1683758218\n|move|p2a: Baxcalibur|Protect|p2a: Baxcalibur\n|-singleturn|p2a: Baxcalibur|Protect\n|move|p1b: Gyarados|Protect|p1b: Gyarados\n|-singleturn|p1b: Gyarados|Protect\n|move|p1a: Flutter Mane|Dazzling Gleam|p2a: Baxcalibur|[spread] p2b\n|-activate|p2a: Baxcalibur|move: Protect\n|-damage|p2b: Gyarados|78\/100\n|move|p2b: Gyarados|Icy Wind|p1a: Flutter Mane|[spread] p1a\n|-activate|p1b: Gyarados|move: Protect\n|-damage|p1a: Flutter Mane|94\/100\n|-unboost|p1a: Flutter Mane|spe|1\n|\n|upkeep\n|turn|5\n|inactive|bobw_1213 has 30 seconds left.\n|inactive|bobw_1213 has 20 seconds left.\n|\n|t:|1683758257\n|move|p1a: Flutter Mane|Protect|p1a: Flutter Mane\n|-singleturn|p1a: Flutter Mane|Protect\n|move|p2a: Baxcalibur|Icicle Crash|p1a: Flutter Mane\n|-activate|p1a: Flutter Mane|move: Protect\n|move|p1b: Gyarados|Waterfall|p2a: Baxcalibur\n|-supereffective|p2a: Baxcalibur\n|-damage|p2a: Baxcalibur|0 fnt\n|faint|p2a: Baxcalibur\n|move|p2b: Gyarados|Waterfall|p1b: Gyarados\n|-resisted|p1b: Gyarados\n|-damage|p1b: Gyarados|0 fnt\n|faint|p1b: Gyarados\n|\n|upkeep\n|\n|t:|1683758271\n|switch|p2a: Maushold|Maushold, L50|60\/100\n|switch|p1b: Raichu|Raichu, L50, M|100\/100\n|turn|6\n|inactive|eggplanet07 has 30 seconds left.\n|inactive|bobw_1213 has 30 seconds left.\n|inactive|eggplanet07 has 20 seconds left.\n|inactive|eggplanet07 has 15 seconds left.\n|inactive|eggplanet07 has 10 seconds left.\n|inactive|eggplanet07 has 5 seconds left.\n|\n|t:|1683758326\n|move|p2a: Maushold|Protect|p2a: Maushold\n|-singleturn|p2a: Maushold|Protect\n|move|p1b: Raichu|Fake Out|p2a: Maushold\n|-activate|p2a: Maushold|move: Protect\n|move|p1a: Flutter Mane|Dazzling Gleam|p2a: Maushold|[spread] p2b\n|-activate|p2a: Maushold|move: Protect\n|-crit|p2b: Gyarados\n|-damage|p2b: Gyarados|54\/100\n|move|p2b: Gyarados|Icy Wind|p1a: Flutter Mane|[spread] p1a,p1b\n|-damage|p1a: Flutter Mane|89\/100\n|-damage|p1b: Raichu|92\/100\n|-unboost|p1a: Flutter Mane|spe|1\n|\n|upkeep\n|turn|7\n|inactive|bobw_1213 has 30 seconds left.\n|\n|t:|1683758354\n|-end|p1a: Flutter Mane|Protosynthesis|[silent]\n|switch|p1a: Palafin|Palafin-Hero, L50, M|100\/100\n|-activate|p1a: Palafin|ability: Zero to Hero\n|-terastallize|p1b: Raichu|Steel\n|move|p2a: Maushold|Follow Me|p2a: Maushold\n|-singleturn|p2a: Maushold|move: Follow Me\n|move|p1b: Raichu|Thunderbolt|p2a: Maushold\n|-damage|p2a: Maushold|32\/100\n|move|p2b: Gyarados|Waterfall|p1a: Palafin\n|-resisted|p1a: Palafin\n|-damage|p1a: Palafin|83\/100\n|\n|upkeep\n|turn|8\n|\n|t:|1683758372\n|switch|p2b: Amoonguss|Amoonguss, L50, M|100\/100\n|move|p2a: Maushold|Protect|p2a: Maushold\n|-singleturn|p2a: Maushold|Protect\n|move|p1a: Palafin|Jet Punch|p2a: Maushold\n|-activate|p2a: Maushold|move: Protect\n|move|p1b: Raichu|Thunderbolt|p2b: Amoonguss\n|-resisted|p2b: Amoonguss\n|-damage|p2b: Amoonguss|91\/100\n|\n|upkeep\n|turn|9\n|inactive|eggplanet07 has 30 seconds left.\n|inactive|bobw_1213 has 30 seconds left.\n|\n|t:|1683758406\n|switch|p1b: Flutter Mane|Flutter Mane, L50, shiny|89\/100\n|switch|p2a: Gyarados|Gyarados, L50, F|54\/100\n|-ability|p2a: Gyarados|Intimidate|boost\n|-unboost|p1a: Palafin|atk|1\n|-unboost|p1b: Flutter Mane|atk|1\n|move|p1a: Palafin|Jet Punch|p2a: Gyarados\n|-resisted|p2a: Gyarados\n|-damage|p2a: Gyarados|39\/100\n|move|p2b: Amoonguss|Spore|p1a: Palafin\n|-status|p1a: Palafin|slp|[from] move: Spore\n|\n|upkeep\n|turn|10\n|inactive|bobw_1213 has 30 seconds left.\n|inactive|bobw_1213 has 20 seconds left.\n|inactive|eggplanet07 has 30 seconds left.\n|inactive|bobw_1213 has 15 seconds left.\n|\n|t:|1683758453\n|switch|p1a: Raichu|Raichu, L50, M, tera:Steel|92\/100\n|move|p1b: Flutter Mane|Shadow Ball|p2a: Gyarados\n|-damage|p2a: Gyarados|17\/100\n|-unboost|p2a: Gyarados|spd|1\n|move|p2a: Gyarados|Waterfall|p1b: Flutter Mane\n|-damage|p1b: Flutter Mane|17\/100\n|move|p2b: Amoonguss|Spore|p1b: Flutter Mane\n|-status|p1b: Flutter Mane|slp|[from] move: Spore\n|\n|upkeep\n|turn|11\n|inactive|bobw_1213 has 30 seconds left.\n|\n|t:|1683758480\n|switch|p2a: Maushold|Maushold, L50|32\/100\n|move|p1a: Raichu|Thunderbolt|p2a: Maushold\n|-damage|p2a: Maushold|3\/100\n|cant|p1b: Flutter Mane|slp\n|move|p2b: Amoonguss|Spore|p1a: Raichu\n|-status|p1a: Raichu|slp|[from] move: Spore\n|\n|upkeep\n|turn|12\n|\n|t:|1683758498\n|cant|p1a: Raichu|slp\n|-curestatus|p1b: Flutter Mane|slp|[msg]\n|move|p1b: Flutter Mane|Dazzling Gleam|p2b: Amoonguss|[spread] p2a,p2b\n|-resisted|p2b: Amoonguss\n|-damage|p2a: Maushold|0 fnt\n|-damage|p2b: Amoonguss|80\/100\n|faint|p2a: Maushold\n|move|p2b: Amoonguss|Pollen Puff|p1b: Flutter Mane\n|-resisted|p1b: Flutter Mane\n|-damage|p1b: Flutter Mane|12\/100\n|\n|upkeep\n|\n|t:|1683758508\n|switch|p2a: Gyarados|Gyarados, L50, F|17\/100\n|-ability|p2a: Gyarados|Intimidate|boost\n|-unboost|p1a: Raichu|atk|1\n|-unboost|p1b: Flutter Mane|atk|1\n|turn|13\n|\n|t:|1683758525\n|-curestatus|p1a: Raichu|slp|[msg]\n|move|p1a: Raichu|Encore|p2b: Amoonguss\n|-start|p2b: Amoonguss|Encore\n|move|p1b: Flutter Mane|Dazzling Gleam|p2b: Amoonguss|[spread] p2a,p2b\n|-resisted|p2b: Amoonguss\n|-damage|p2a: Gyarados|0 fnt\n|-damage|p2b: Amoonguss|63\/100\n|faint|p2a: Gyarados\n|move|p2b: Amoonguss|Pollen Puff|p1a: Raichu\n|-resisted|p1a: Raichu\n|-damage|p1a: Raichu|80\/100\n|\n|upkeep\n|turn|14\n|-message|bobw_1213 forfeited.\n|\n|win|eggplanet07\n|raw|eggplanet07's rating: 1259 → 1288<\/strong> (+29 for winning)\n|raw|bobw_1213's rating: 1318 → 1295<\/strong> (-23 for losing)\n|l|\u2606bobw_1213\n","uploadtime":1683758541,"views":6,"p1id":"eggplanet07","p2id":"bobw1213","formatid":"gen9vgc2023regulationc","rating":1288,"private":0,"password":""}