{"id":"gen9vgc2023regulationc-1856449382","p1":"Sgargog","p2":"leittttooo","format":"[Gen 9] VGC 2023 Regulation C","log":"|j|\u2606Sgargog\n|j|\u2606leittttooo\n|t:|1683062734\n|gametype|doubles\n|player|p1|Sgargog|riley|1152\n|player|p2|leittttooo|169|1055\n|teamsize|p1|6\n|teamsize|p2|6\n|gen|9\n|tier|[Gen 9] VGC 2023 Regulation C\n|rated|\n|rule|Species Clause: Limit one of each Pok\u00e9mon\n|rule|Item Clause: Limit one of each item\n|clearpoke\n|poke|p1|Chi-Yu, L50|\n|poke|p1|Flutter Mane, L50|\n|poke|p1|Dragonite, L50, M|\n|poke|p1|Arcanine, L50, M|\n|poke|p1|Amoonguss, L50, M|\n|poke|p1|Iron Bundle, L50|\n|poke|p2|Grafaiai, L50, M|\n|poke|p2|Gastrodon-East, L50, M|\n|poke|p2|Baxcalibur, L50, F|\n|poke|p2|Arcanine, L50, F|\n|poke|p2|Flutter Mane, L50|\n|poke|p2|Gholdengo, L50|\n|teampreview|4\nSgargog rejected open team sheets.\n|\n|t:|1683062778\n|start\n|switch|p1a: Chi-Yu|Chi-Yu, L50|100\/100\n|switch|p1b: Amoonguss|Amoonguss, L50, M|100\/100\n|switch|p2a: Grafaiai|Grafaiai, L50, M|100\/100\n|switch|p2b: Gholdengo|Gholdengo, L50|100\/100\n|-ability|p1a: Chi-Yu|Beads of Ruin\n|turn|1\n|\n|t:|1683062810\n|switch|p2b: Gastrodon|Gastrodon-East, L50, M|100\/100\n|move|p1b: Amoonguss|Rage Powder|p1b: Amoonguss\n|-singleturn|p1b: Amoonguss|move: Rage Powder\n|move|p2a: Grafaiai|Taunt|p1b: Amoonguss\n|-start|p1b: Amoonguss|move: Taunt\n|move|p1a: Chi-Yu|Heat Wave|p2a: Grafaiai|[spread] p2b\n|-miss|p1a: Chi-Yu|p2a: Grafaiai\n|-resisted|p2b: Gastrodon\n|-crit|p2b: Gastrodon\n|-damage|p2b: Gastrodon|55\/100\n|\n|-heal|p2b: Gastrodon|61\/100|[from] item: Leftovers\n|upkeep\n|turn|2\n|\n|t:|1683062841\n|switch|p1a: Iron Bundle|Iron Bundle, L50|100\/100\n|switch|p1b: Flutter Mane|Flutter Mane, L50|100\/100\n|-enditem|p1b: Flutter Mane|Booster Energy\n|-activate|p1b: Flutter Mane|ability: Protosynthesis|[fromitem]\n|-start|p1b: Flutter Mane|protosynthesisspe\n|move|p2b: Gastrodon|Earth Power|p1a: Iron Bundle\n|-damage|p1a: Iron Bundle|38\/100\n|-unboost|p1a: Iron Bundle|spd|1\n|move|p2a: Grafaiai|Super Fang|p1a: Iron Bundle\n|-damage|p1a: Iron Bundle|20\/100\n|\n|-heal|p2b: Gastrodon|67\/100|[from] item: Leftovers\n|upkeep\n|turn|3\n|\n|t:|1683062870\n|-end|p1b: Flutter Mane|Protosynthesis|[silent]\n|switch|p1b: Amoonguss|Amoonguss, L50, M|100\/100\n|move|p2b: Gastrodon|Protect|p2b: Gastrodon\n|-singleturn|p2b: Gastrodon|Protect\n|move|p2a: Grafaiai|Switcheroo|p1b: Amoonguss\n|-activate|p2a: Grafaiai|move: Trick|[of] p1b: Amoonguss\n|-item|p1b: Amoonguss|Lagging Tail|[from] move: Switcheroo\n|-item|p2a: Grafaiai|Sitrus Berry|[from] move: Switcheroo\n|move|p1a: Iron Bundle|Freeze-Dry|p2b: Gastrodon\n|-activate|p2b: Gastrodon|move: Protect\n|\n|-heal|p2b: Gastrodon|73\/100|[from] item: Leftovers\n|upkeep\n|turn|4\n|\n|t:|1683062890\n|move|p2a: Grafaiai|Taunt|p1b: Amoonguss\n|-start|p1b: Amoonguss|move: Taunt\n|move|p1a: Iron Bundle|Freeze-Dry|p2b: Gastrodon\n|-supereffective|p2b: Gastrodon\n|-damage|p2b: Gastrodon|0 fnt\n|faint|p2b: Gastrodon\n|move|p1b: Amoonguss|Pollen Puff|p1a: Iron Bundle\n|-heal|p1a: Iron Bundle|69\/100\n|\n|upkeep\n|\n|t:|1683062930\n|switch|p2b: Gholdengo|Gholdengo, L50|100\/100\n|turn|5\n|\n|t:|1683062945\n|move|p1a: Iron Bundle|Blizzard|p2a: Grafaiai|[spread] p2a,p2b\n|-resisted|p2b: Gholdengo\n|-damage|p2a: Grafaiai|39\/100\n|-damage|p2b: Gholdengo|80\/100\n|-status|p2a: Grafaiai|frz\n|-enditem|p2a: Grafaiai|Sitrus Berry|[eat]\n|-heal|p2a: Grafaiai|63\/100 frz|[from] item: Sitrus Berry\n|cant|p2a: Grafaiai|frz\n|move|p2b: Gholdengo|Make It Rain|p1b: Amoonguss|[spread] p1a,p1b\n|-crit|p1a: Iron Bundle\n|-damage|p1a: Iron Bundle|0 fnt\n|-damage|p1b: Amoonguss|47\/100\n|-unboost|p2b: Gholdengo|spa|1\n|faint|p1a: Iron Bundle\n|-end|p1a: Iron Bundle|Quark Drive|[silent]\n|-damage|p2b: Gholdengo|71\/100|[from] item: Life Orb\n|move|p1b: Amoonguss|Pollen Puff|p1: Iron Bundle|[notarget]\n|-fail|p1b: Amoonguss\n|\n|upkeep\n|\n|t:|1683062961\n|switch|p1a: Chi-Yu|Chi-Yu, L50|100\/100\n|-ability|p1a: Chi-Yu|Beads of Ruin\n|turn|6\n|\n|t:|1683063001\n|switch|p2a: Flutter Mane|Flutter Mane, L50|100\/100\n|move|p2b: Gholdengo|Protect|p2b: Gholdengo\n|-singleturn|p2b: Gholdengo|Protect\n|move|p1a: Chi-Yu|Heat Wave|p2b: Gholdengo|[spread] p2a\n|-activate|p2b: Gholdengo|move: Protect\n|-damage|p2a: Flutter Mane|15\/100\n|-status|p2a: Flutter Mane|brn\n|move|p1b: Amoonguss|Pollen Puff|p1a: Chi-Yu\n|-immune|p1a: Chi-Yu\n|\n|-damage|p2a: Flutter Mane|9\/100 brn|[from] brn\n|-end|p1b: Amoonguss|move: Taunt\n|upkeep\n|turn|7\n|\n|t:|1683063064\n|-terastallize|p2b: Gholdengo|Steel\n|move|p1b: Amoonguss|Rage Powder|p1b: Amoonguss\n|-singleturn|p1b: Amoonguss|move: Rage Powder\n|move|p2a: Flutter Mane|Icy Wind|p1a: Chi-Yu|[spread] p1a,p1b\n|-resisted|p1a: Chi-Yu\n|-supereffective|p1b: Amoonguss\n|-damage|p1a: Chi-Yu|91\/100\n|-damage|p1b: Amoonguss|9\/100\n|-unboost|p1a: Chi-Yu|spe|1\n|-unboost|p1b: Amoonguss|spe|1\n|move|p2b: Gholdengo|Make It Rain|p1b: Amoonguss|[spread] p1a,p1b\n|-resisted|p1a: Chi-Yu\n|-damage|p1a: Chi-Yu|59\/100\n|-damage|p1b: Amoonguss|0 fnt\n|-unboost|p2b: Gholdengo|spa|1\n|faint|p1b: Amoonguss\n|-damage|p2b: Gholdengo|61\/100|[from] item: Life Orb\n|move|p1a: Chi-Yu|Heat Wave|p2a: Flutter Mane|[spread] p2a,p2b\n|-supereffective|p2b: Gholdengo\n|-damage|p2a: Flutter Mane|0 fnt\n|-damage|p2b: Gholdengo|0 fnt\n|faint|p2a: Flutter Mane\n|-end|p2a: Flutter Mane|Protosynthesis|[silent]\n|faint|p2b: Gholdengo\n|\n|upkeep\n|\n|t:|1683063089\n|switch|p2a: Grafaiai|Grafaiai, L50, M|63\/100 frz\n|switch|p1b: Flutter Mane|Flutter Mane, L50|100\/100\n|turn|8\n|\n|t:|1683063098\n|move|p1b: Flutter Mane|Protect|p1b: Flutter Mane\n|-singleturn|p1b: Flutter Mane|Protect\n|cant|p2a: Grafaiai|frz\n|move|p1a: Chi-Yu|Heat Wave|p2a: Grafaiai\n|-damage|p2a: Grafaiai|0 fnt\n|faint|p2a: Grafaiai\n|\n|win|Sgargog\n|raw|Sgargog's rating: 1152 → 1170<\/strong> (+18 for winning)\n|raw|leittttooo's rating: 1055 → 1042<\/strong> (-13 for losing)\n|l|\u2606leittttooo\n","uploadtime":1683063112,"views":6,"p1id":"sgargog","p2id":"leittttooo","formatid":"gen9vgc2023regulationc","rating":1042,"private":0,"password":""}