{"id":"gen9vgc2023regulationc-1855627542","p1":"tdydc","p2":"ewanchap","format":"[Gen 9] VGC 2023 Regulation C","log":"|j|\u203dtdydc\n|j|\u2606ewanchap\n|t:|1682967771\n|gametype|doubles\n|player|p1|tdydc|170|1083\n|player|p2|ewanchap|169|1078\n|teamsize|p1|6\n|teamsize|p2|6\n|gen|9\n|tier|[Gen 9] VGC 2023 Regulation C\n|rated|\n|rule|Species Clause: Limit one of each Pok\u00e9mon\n|rule|Item Clause: Limit one of each item\n|clearpoke\n|poke|p1|Dondozo, L50, F|\n|poke|p1|Tatsugiri-Droopy, L50, M|\n|poke|p1|Pelipper, L50, F|\n|poke|p1|Drednaw, L50, F|\n|poke|p1|Dragonite, L50, F|\n|poke|p1|Chien-Pao, L50|\n|poke|p2|Tyranitar, L50, F|\n|poke|p2|Amoonguss, L50, F|\n|poke|p2|Lycanroc, L50, F|\n|poke|p2|Tinkaton, L50, F|\n|poke|p2|Misdreavus, L50, F|\n|poke|p2|Garchomp, L50, M|\n|teampreview|4\n|inactive|Battle timer is ON: inactive players will automatically lose when time's up. (requested by tdydc)\n|\n|t:|1682967805\n|start\n|switch|p1a: Dondozo|Dondozo, L50, F|100\/100\n|switch|p1b: Pelipper|Pelipper, L50, F|100\/100\n|switch|p2a: Tinkaton|Tinkaton, L50, F, shiny|100\/100\n|switch|p2b: Lycanroc|Lycanroc, L50, F, shiny|100\/100\n|-ability|p2a: Tinkaton|Mold Breaker\n|-item|p2a: Tinkaton|Air Balloon\n|-weather|RainDance|[from] ability: Drizzle|[of] p1b: Pelipper\n|turn|1\n|inactive|tdydc has 30 seconds left.\n|inactive|ewanchap has 30 seconds left.\n|inactive|tdydc has 20 seconds left.\n|inactive|ewanchap has 20 seconds left.\n|inactive|tdydc has 15 seconds left.\n|inactive|ewanchap has 15 seconds left.\n|\n|t:|1682967847\n|switch|p1b: Drednaw|Drednaw, L50, F|100\/100\n|move|p2a: Tinkaton|Fake Out|p1b: Drednaw\n|-resisted|p1b: Drednaw\n|-damage|p1b: Drednaw|94\/100\n|move|p2b: Lycanroc|Rock Slide|p1a: Dondozo|[spread] p1a,p1b\n|-damage|p1a: Dondozo|78\/100\n|-damage|p1b: Drednaw|63\/100\n|cant|p1a: Dondozo|flinch\n|\n|-weather|RainDance|[upkeep]\n|upkeep\n|turn|2\n|\n|t:|1682967868\n|switch|p2a: Tyranitar|Tyranitar, L50, F|100\/100\n|-weather|Sandstorm|[from] ability: Sand Stream|[of] p2a: Tyranitar\n|switch|p1a: Pelipper|Pelipper, L50, F|100\/100\n|-weather|RainDance|[from] ability: Drizzle|[of] p1a: Pelipper\n|move|p1b: Drednaw|Earthquake|p2a: Tyranitar|[spread] p2a,p2b\n|-immune|p1a: Pelipper\n|-supereffective|p2a: Tyranitar\n|-supereffective|p2b: Lycanroc\n|-damage|p2a: Tyranitar|40\/100\n|-enditem|p2b: Lycanroc|Focus Sash\n|-damage|p2b: Lycanroc|1\/100\n|move|p2b: Lycanroc|Close Combat|p1b: Drednaw\n|-supereffective|p1b: Drednaw\n|-damage|p1b: Drednaw|0 fnt\n|-unboost|p2b: Lycanroc|def|1\n|-unboost|p2b: Lycanroc|spd|1\n|faint|p1b: Drednaw\n|\n|-weather|RainDance|[upkeep]\n|-heal|p2a: Tyranitar|46\/100|[from] item: Leftovers\n|upkeep\n|\n|t:|1682967883\n|switch|p1b: Dondozo|Dondozo, L50, F|78\/100\n|turn|3\n|\n|t:|1682967903\n|switch|p2a: Amoonguss|Amoonguss, L50, F, shiny|100\/100\n|move|p2b: Lycanroc|Endure|p2b: Lycanroc\n|-singleturn|p2b: Lycanroc|move: Endure\n|move|p1b: Dondozo|Surf|p2b: Lycanroc|[spread] p1a,p2a,p2b\n|-resisted|p1a: Pelipper\n|-resisted|p2a: Amoonguss\n|-supereffective|p2b: Lycanroc\n|-damage|p1a: Pelipper|70\/100\n|-damage|p2a: Amoonguss|83\/100\n|-activate|p2b: Lycanroc|move: Endure\n|-damage|p2b: Lycanroc|1\/100\n|-damage|p1b: Dondozo|68\/100|[from] item: Life Orb\n|move|p1a: Pelipper|Tailwind|p1a: Pelipper\n|-sidestart|p1: tdydc|move: Tailwind\n|\n|-weather|RainDance|[upkeep]\n|upkeep\n|turn|4\n|inactive|tdydc has 30 seconds left.\n|inactive|ewanchap has 30 seconds left.\n|inactive|tdydc has 20 seconds left.\n|inactive|ewanchap has 20 seconds left.\n|\n|t:|1682967943\n|switch|p2b: Tyranitar|Tyranitar, L50, F|46\/100\n|-weather|Sandstorm|[from] ability: Sand Stream|[of] p2b: Tyranitar\n|move|p1b: Dondozo|Protect|p1b: Dondozo\n|-singleturn|p1b: Dondozo|Protect\n|move|p2a: Amoonguss|Protect|p2a: Amoonguss\n|-singleturn|p2a: Amoonguss|Protect\n|move|p1a: Pelipper|Hurricane|p2b: Tyranitar|[miss]\n|-miss|p1a: Pelipper|p2b: Tyranitar\n|\n|-weather|Sandstorm|[upkeep]\n|-damage|p1b: Dondozo|62\/100|[from] Sandstorm\n|-damage|p1a: Pelipper|64\/100|[from] Sandstorm\n|-damage|p2a: Amoonguss|77\/100|[from] Sandstorm\n|-heal|p2b: Tyranitar|52\/100|[from] item: Leftovers\n|upkeep\n|turn|5\n|inactive|tdydc has 30 seconds left.\n|inactive|ewanchap has 30 seconds left.\n|inactive|tdydc has 20 seconds left.\n|inactive|ewanchap has 20 seconds left.\n|inactive|tdydc has 15 seconds left.\n|\n|t:|1682967985\n|switch|p1a: Tatsugiri|Tatsugiri-Droopy, L50, M, shiny|100\/100\n|-activate|p1a: Tatsugiri|ability: Commander|[of] p1b: Dondozo\n|-boost|p1b: Dondozo|atk|2\n|-boost|p1b: Dondozo|spa|2\n|-boost|p1b: Dondozo|spe|2\n|-boost|p1b: Dondozo|def|2\n|-boost|p1b: Dondozo|spd|2\n|move|p2b: Tyranitar|Protect|p2b: Tyranitar\n|-singleturn|p2b: Tyranitar|Protect\n|move|p1b: Dondozo|Wave Crash|p2b: Tyranitar\n|-activate|p2b: Tyranitar|move: Protect\n|move|p2a: Amoonguss|Spore|p1b: Dondozo\n|-status|p1b: Dondozo|slp|[from] move: Spore\n|\n|-weather|Sandstorm|[upkeep]\n|-damage|p1a: Tatsugiri|94\/100|[from] Sandstorm\n|-damage|p1b: Dondozo|56\/100 slp|[from] Sandstorm\n|-damage|p2a: Amoonguss|71\/100|[from] Sandstorm\n|-heal|p2b: Tyranitar|58\/100|[from] item: Leftovers\n|upkeep\n|turn|6\n|\n|t:|1682968005\n|cant|p1b: Dondozo|slp\n|move|p1b: Dondozo|Sleep Talk|p1b: Dondozo\n|move|p1b: Dondozo|Surf|p2b: Tyranitar|[from]move: Sleep Talk|[spread] p2a,p2b\n|-miss|p1b: Dondozo|p1a: Tatsugiri\n|-resisted|p2a: Amoonguss\n|-supereffective|p2b: Tyranitar\n|-damage|p2a: Amoonguss|48\/100\n|-damage|p2b: Tyranitar|0 fnt\n|faint|p2b: Tyranitar\n|-damage|p1b: Dondozo|46\/100 slp|[from] item: Life Orb\n|move|p2a: Amoonguss|Clear Smog|p1b: Dondozo\n|-damage|p1b: Dondozo|38\/100 slp\n|-clearboost|p1b: Dondozo\n|\n|-weather|Sandstorm|[upkeep]\n|-damage|p1a: Tatsugiri|88\/100|[from] Sandstorm\n|-damage|p1b: Dondozo|31\/100 slp|[from] Sandstorm\n|-damage|p2a: Amoonguss|43\/100|[from] Sandstorm\n|-sideend|p1: tdydc|move: Tailwind\n|upkeep\n|\n|t:|1682968020\n|switch|p2b: Lycanroc|Lycanroc, L50, F, shiny|1\/100\n|turn|7\n|\n|t:|1682968030\n|switch|p2a: Tinkaton|Tinkaton, L50, F, shiny|100\/100\n|-ability|p2a: Tinkaton|Mold Breaker\n|-item|p2a: Tinkaton|Air Balloon\n|move|p2b: Lycanroc|Endeavor|p1b: Dondozo\n|-damage|p1b: Dondozo|1\/100 slp\n|cant|p1b: Dondozo|slp\n|move|p1b: Dondozo|Sleep Talk|p1b: Dondozo\n|move|p1b: Dondozo|Surf|p2b: Lycanroc|[from]move: Sleep Talk|[spread] p2a,p2b\n|-miss|p1b: Dondozo|p1a: Tatsugiri\n|-supereffective|p2b: Lycanroc\n|-damage|p2a: Tinkaton|71\/100\n|-damage|p2b: Lycanroc|0 fnt\n|-enditem|p2a: Tinkaton|Air Balloon\n|faint|p2b: Lycanroc\n|-damage|p1b: Dondozo|0 fnt|[from] item: Life Orb\n|faint|p1b: Dondozo\n|\n|-weather|Sandstorm|[upkeep]\n|-damage|p1a: Tatsugiri|82\/100|[from] Sandstorm\n|upkeep\n|\n|t:|1682968049\n|switch|p2b: Amoonguss|Amoonguss, L50, F, shiny|76\/100\n|switch|p1b: Pelipper|Pelipper, L50, F|64\/100\n|-weather|RainDance|[from] ability: Drizzle|[of] p1b: Pelipper\n|turn|8\n|inactive|ewanchap has 30 seconds left.\n|\n|t:|1682968076\n|-terastallize|p1a: Tatsugiri|Steel\n|move|p1b: Pelipper|Protect|p1b: Pelipper\n|-singleturn|p1b: Pelipper|Protect\n|move|p2a: Tinkaton|Fake Out|p1b: Pelipper\n|-activate|p1b: Pelipper|move: Protect\n|move|p1a: Tatsugiri|Muddy Water|p2b: Amoonguss|[spread] p2a,p2b\n|-resisted|p2b: Amoonguss\n|-crit|p2b: Amoonguss\n|-damage|p2a: Tinkaton|23\/100\n|-damage|p2b: Amoonguss|42\/100\n|-unboost|p2b: Amoonguss|accuracy|1\n|move|p2b: Amoonguss|Spore|p1b: Pelipper\n|-activate|p1b: Pelipper|move: Protect\n|\n|-weather|RainDance|[upkeep]\n|upkeep\n|turn|9\n|inactive|ewanchap has 30 seconds left.\n|\n|t:|1682968101\n|move|p1a: Tatsugiri|Muddy Water|p2a: Tinkaton|[spread] p2a,p2b\n|-resisted|p2b: Amoonguss\n|-damage|p2a: Tinkaton|0 fnt\n|-damage|p2b: Amoonguss|20\/100\n|-unboost|p2b: Amoonguss|accuracy|1\n|faint|p2a: Tinkaton\n|move|p1b: Pelipper|Hurricane|p2b: Amoonguss\n|-supereffective|p2b: Amoonguss\n|-damage|p2b: Amoonguss|0 fnt\n|faint|p2b: Amoonguss\n|\n|win|tdydc\n|raw|tdydc's rating: 1083 → 1110<\/strong> (+27 for winning)\n|raw|ewanchap's rating: 1078 → 1057<\/strong> (-21 for losing)\n|l|\u2606ewanchap\n","uploadtime":1682968112,"views":16,"p1id":"tdydc","p2id":"ewanchap","formatid":"gen9vgc2023regulationc","rating":1057,"private":0,"password":""}