{"id":"gen9vgc2023regulationc-1854224069","p1":"adoroipocket","p2":"Solerma","format":"[Gen 9] VGC 2023 Regulation C","log":"|j|\u2606adoroipocket\n|j|\u2606Solerma\n|t:|1682785583\n|gametype|doubles\n|player|p1|adoroipocket|sage|\n|player|p2|Solerma|backpacker|\n|teamsize|p1|6\n|teamsize|p2|6\n|gen|9\n|tier|[Gen 9] VGC 2023 Regulation C\n|rated|Tournament battle\n|rule|Species Clause: Limit one of each Pok\u00e9mon\n|rule|Item Clause: Limit one of each item\n|clearpoke\n|poke|p1|Iron Bundle, L50|\n|poke|p1|Glimmora, L50, F|\n|poke|p1|Dondozo, L50, M|\n|poke|p1|Tatsugiri, L50, M|\n|poke|p1|Flutter Mane, L50|\n|poke|p1|Gholdengo, L50|\n|poke|p2|Chien-Pao, L50|\n|poke|p2|Gholdengo, L50|\n|poke|p2|Arcanine, L50, M|\n|poke|p2|Palafin, L50, M|\n|poke|p2|Flutter Mane, L50|\n|poke|p2|Amoonguss, L50, M|\n|teampreview|4\n|raw| Open Team Sheet for adoroipocket<\/summary>Iron Bundle @ Booster Energy Ability: Quark Drive Level: 50 Tera Type: Ghost - Freeze-Dry - Icy Wind - Encore - Protect Glimmora @ Focus Sash Ability: Toxic Debris Level: 50 Tera Type: Grass - Power Gem - Energy Ball - Spiky Shield - Mortal Spin Dondozo @ Leftovers Ability: Unaware Level: 50 Tera Type: Steel - Wave Crash - Order Up - Substitute - Protect Tatsugiri @ Lum Berry Ability: Commander Level: 50 Tera Type: Steel - Icy Wind - Draco Meteor - Muddy Water - Protect Flutter Mane @ Choice Specs Ability: Protosynthesis Level: 50 Tera Type: Fairy - Moonblast - Shadow Ball - Dazzling Gleam - Mystical Fire Gholdengo @ Choice Scarf Ability: Good as Gold Level: 50 Tera Type: Water - Make It Rain - Thunderbolt - Shadow Ball - Trick <\/details><\/div> Open Team Sheet for Solerma<\/summary>Chien-Pao @ Focus Sash Ability: Sword of Ruin Level: 50 Tera Type: Ghost - Ice Spinner - Sucker Punch - Sacred Sword - Protect Gholdengo @ Sitrus Berry Ability: Good as Gold Level: 50 Tera Type: Water - Protect - Make It Rain - Thunderbolt - Nasty Plot Arcanine @ Safety Goggles Ability: Intimidate Level: 50 Tera Type: Flying - Flare Blitz - Will-O-Wisp - Extreme Speed - Howl Palafin @ Mystic Water Ability: Zero to Hero Level: 50 Tera Type: Ground - Protect - Haze - Wave Crash - Jet Punch Flutter Mane @ Choice Specs Ability: Protosynthesis Level: 50 Tera Type: Fairy - Moonblast - Dazzling Gleam - Shadow Ball - Thunderbolt Amoonguss @ Mental Herb Ability: Regenerator Level: 50 Tera Type: Water - Spore - Pollen Puff - Rage Powder - Protect <\/details><\/div>\n|inactive|Battle timer is ON: inactive players will automatically lose when time's up. (requested by adoroipocket)\n|inactive|adoroipocket has 60 seconds left.\n|inactive|Solerma has 60 seconds left.\n|\n|t:|1682785626\n|start\n|switch|p1a: Glimmora|Glimmora, L50, F|100\/100\n|switch|p1b: Dondozo|Dondozo, L50, M|100\/100\n|switch|p2a: Palafin|Palafin, L50, M|100\/100\n|switch|p2b: Chien-Pao|Chien-Pao, L50|100\/100\n|-ability|p2b: Chien-Pao|Sword of Ruin\n|turn|1\n|inactive|Solerma has 30 seconds left.\n|inactive|Solerma has 20 seconds left.\n|inactive|Solerma has 15 seconds left.\n|\n|t:|1682785667\n|move|p1a: Glimmora|Spiky Shield|p1a: Glimmora\n|-singleturn|p1a: Glimmora|move: Protect\n|move|p2b: Chien-Pao|Sucker Punch||[still]\n|-fail|p2b: Chien-Pao\n|move|p2a: Palafin|Jet Punch|p1a: Glimmora\n|-activate|p1a: Glimmora|move: Protect\n|-damage|p2a: Palafin|88\/100|[from] Spiky Shield|[of] p1a: Glimmora\n|move|p1b: Dondozo|Substitute|p1b: Dondozo\n|-start|p1b: Dondozo|Substitute\n|-damage|p1b: Dondozo|75\/100\n|\n|-heal|p1b: Dondozo|82\/100|[from] item: Leftovers\n|upkeep\n|turn|2\n|j| Somerandoguylol\n|l| Somerandoguylol\n|inactive|adoroipocket has 30 seconds left.\n|inactive|adoroipocket has 20 seconds left.\n|\n|t:|1682785705\n|move|p2a: Palafin|Jet Punch|p1a: Glimmora\n|-supereffective|p1a: Glimmora\n|-damage|p1a: Glimmora|9\/100\n|-activate|p1a: Glimmora|ability: Toxic Debris\n|-sidestart|p2: Solerma|move: Toxic Spikes\n|move|p2b: Chien-Pao|Sacred Sword|p1b: Dondozo\n|-end|p1b: Dondozo|Substitute\n|move|p1a: Glimmora|Mortal Spin|p2a: Palafin|[spread] p2a,p2b\n|-damage|p2a: Palafin|82\/100\n|-damage|p2b: Chien-Pao|95\/100\n|-status|p2a: Palafin|psn\n|-status|p2b: Chien-Pao|psn\n|move|p1b: Dondozo|Order Up|p2a: Palafin\n|-damage|p2a: Palafin|50\/100 psn\n|\n|-heal|p1b: Dondozo|88\/100|[from] item: Leftovers\n|-damage|p2b: Chien-Pao|83\/100 psn|[from] psn\n|-damage|p2a: Palafin|38\/100 psn|[from] psn\n|upkeep\n|turn|3\n|inactive|Solerma has 30 seconds left.\n|inactive|adoroipocket has 30 seconds left.\n|inactive|Solerma has 20 seconds left.\n|\n|t:|1682785741\n|switch|p1a: Tatsugiri|Tatsugiri, L50, M|100\/100\n|-activate|p1a: Tatsugiri|ability: Commander|[of] p1b: Dondozo\n|-boost|p1b: Dondozo|atk|2\n|-boost|p1b: Dondozo|spa|2\n|-boost|p1b: Dondozo|spe|2\n|-boost|p1b: Dondozo|def|2\n|-boost|p1b: Dondozo|spd|2\n|detailschange|p2a: Palafin|Palafin-Hero, L50, M\n|switch|p2a: Amoonguss|Amoonguss, L50, M|100\/100\n|-sideend|p2: Solerma|move: Toxic Spikes|[of] p2a: Amoonguss\n|move|p2b: Chien-Pao|Sacred Sword|p1b: Dondozo\n|-damage|p1b: Dondozo|64\/100\n|move|p1b: Dondozo|Order Up|p2a: Amoonguss\n|-damage|p2a: Amoonguss|43\/100\n|-boost|p1b: Dondozo|atk|1\n|\n|-heal|p1b: Dondozo|70\/100|[from] item: Leftovers\n|-damage|p2b: Chien-Pao|70\/100 psn|[from] psn\n|upkeep\n|turn|4\n|inactive|adoroipocket has 30 seconds left.\n|inactive|Solerma has 30 seconds left.\n|\n|t:|1682785771\n|move|p2b: Chien-Pao|Sacred Sword|p1b: Dondozo\n|-damage|p1b: Dondozo|43\/100\n|move|p1b: Dondozo|Substitute|p1b: Dondozo\n|-start|p1b: Dondozo|Substitute\n|-damage|p1b: Dondozo|18\/100\n|move|p2a: Amoonguss|Spore||[still]\n|-fail|p2a: Amoonguss\n|\n|-heal|p1b: Dondozo|24\/100|[from] item: Leftovers\n|-damage|p2b: Chien-Pao|58\/100 psn|[from] psn\n|upkeep\n|turn|5\n|\n|t:|1682785793\n|move|p1b: Dondozo|Protect|p1b: Dondozo\n|-singleturn|p1b: Dondozo|Protect\n|move|p2b: Chien-Pao|Sacred Sword|p1b: Dondozo\n|-activate|p1b: Dondozo|move: Protect\n|move|p2a: Amoonguss|Spore|p1b: Dondozo\n|-activate|p1b: Dondozo|move: Protect\n|\n|-heal|p1b: Dondozo|30\/100|[from] item: Leftovers\n|-damage|p2b: Chien-Pao|46\/100 psn|[from] psn\n|upkeep\n|turn|6\n|\n|t:|1682785813\n|move|p2b: Chien-Pao|Sacred Sword|p1b: Dondozo\n|-activate|p1b: Dondozo|move: Substitute|[damage]\n|move|p1b: Dondozo|Order Up|p2a: Amoonguss\n|-damage|p2a: Amoonguss|0 fnt\n|faint|p2a: Amoonguss\n|-boost|p1b: Dondozo|atk|1\n|\n|-heal|p1b: Dondozo|37\/100|[from] item: Leftovers\n|-damage|p2b: Chien-Pao|34\/100 psn|[from] psn\n|upkeep\n|\n|t:|1682785820\n|switch|p2a: Palafin|Palafin-Hero, L50, M|38\/100 psn\n|-activate|p2a: Palafin|ability: Zero to Hero\n|turn|7\n|\n|t:|1682785835\n|move|p2b: Chien-Pao|Sacred Sword|p1b: Dondozo\n|-end|p1b: Dondozo|Substitute\n|move|p1b: Dondozo|Order Up|p2b: Chien-Pao\n|-damage|p2b: Chien-Pao|0 fnt\n|faint|p2b: Chien-Pao\n|-boost|p1b: Dondozo|atk|1\n|move|p2a: Palafin|Haze|p2a: Palafin\n|-clearallboost\n|\n|-heal|p1b: Dondozo|43\/100|[from] item: Leftovers\n|-damage|p2a: Palafin|26\/100 psn|[from] psn\n|upkeep\n|\n|t:|1682785847\n|switch|p2b: Gholdengo|Gholdengo, L50|100\/100\n|turn|8\n|j| 413XPlayz\n|inactive|Solerma has 30 seconds left.\n|inactive|Solerma has 20 seconds left.\n|\n|t:|1682785886\n|move|p2a: Palafin|Wave Crash|p1b: Dondozo\n|-resisted|p1b: Dondozo\n|-damage|p1b: Dondozo|12\/100\n|-damage|p2a: Palafin|11\/100 psn|[from] Recoil\n|move|p2b: Gholdengo|Nasty Plot|p2b: Gholdengo\n|-boost|p2b: Gholdengo|spa|2\n|move|p1b: Dondozo|Wave Crash|p2b: Gholdengo\n|-damage|p2b: Gholdengo|60\/100\n|-damage|p1b: Dondozo|2\/100|[from] Recoil\n|\n|-heal|p1b: Dondozo|8\/100|[from] item: Leftovers\n|-damage|p2a: Palafin|0 fnt|[from] psn\n|faint|p2a: Palafin\n|upkeep\n|turn|9\n|\n|t:|1682785910\n|-terastallize|p2b: Gholdengo|Water\n|move|p2b: Gholdengo|Thunderbolt|p1b: Dondozo\n|-supereffective|p1b: Dondozo\n|-damage|p1b: Dondozo|0 fnt\n|faint|p1b: Dondozo\n|\n|upkeep\n|\n|t:|1682785914\n|switch|p1b: Glimmora|Glimmora, L50, F|9\/100\n|turn|10\n|c|\u2606adoroipocket|gg\n|\n|t:|1682785934\n|move|p1a: Tatsugiri|Protect|p1a: Tatsugiri\n|-singleturn|p1a: Tatsugiri|Protect\n|move|p1b: Glimmora|Energy Ball|p2b: Gholdengo\n|-supereffective|p2b: Gholdengo\n|-damage|p2b: Gholdengo|0 fnt\n|faint|p2b: Gholdengo\n|\n|win|adoroipocket\n|n|\u2606adoroipocket|adoroipocket\n|n|\u2606Solerma|solerma\n|n| 413XPlayz|413xplayz\n|c|\u2606Solerma|hgg\n|l|\u2606Solerma\n","uploadtime":1682785948,"views":19,"p1id":"adoroipocket","p2id":"solerma","formatid":"gen9vgc2023regulationc","rating":0,"private":0,"password":""}