{"id":"gen9vgc2023regulationc-1864078087","p1":"ClessCL","p2":"Bout It 27","format":"[Gen 9] VGC 2023 Regulation C","log":"|j|\u2606ClessCL\n|j|\u2606Bout It 27\n|t:|1684114264\n|gametype|doubles\n|player|p1|ClessCL|lance|1492\n|player|p2|Bout It 27|265|1445\n|teamsize|p1|6\n|teamsize|p2|6\n|gen|9\n|tier|[Gen 9] VGC 2023 Regulation C\n|rated|\n|rule|Species Clause: Limit one of each Pok\u00e9mon\n|rule|Item Clause: Limit one of each item\n|clearpoke\n|poke|p1|Gyarados, L50, M|\n|poke|p1|Tinkaton, L50, F|\n|poke|p1|Iron Bundle, L50|\n|poke|p1|Mudsdale, L50, M|\n|poke|p1|Iron Moth, L50|\n|poke|p1|Wo-Chien, L50|\n|poke|p2|Flutter Mane, L50|\n|poke|p2|Chi-Yu, L50|\n|poke|p2|Chien-Pao, L50|\n|poke|p2|Palafin, L50, M|\n|poke|p2|Murkrow, L50, F|\n|poke|p2|Amoonguss, L50, M|\n|teampreview|4\n|inactive|Battle timer is ON: inactive players will automatically lose when time's up. (requested by ClessCL)\n|inactive|ClessCL has 60 seconds left.\n|\n|t:|1684114311\n|start\n|switch|p1a: Iron Bundle|Iron Bundle, L50|100\/100\n|switch|p1b: Wo-Chien|Wo-Chien, L50|100\/100\n|switch|p2a: Palafin|Palafin, L50, M|100\/100\n|switch|p2b: Murkrow|Murkrow, L50, F|100\/100\n|-ability|p1b: Wo-Chien|Tablets of Ruin\n|-enditem|p1a: Iron Bundle|Booster Energy\n|-activate|p1a: Iron Bundle|ability: Quark Drive|[fromitem]\n|-start|p1a: Iron Bundle|quarkdrivespe\n|turn|1\n|\n|t:|1684114327\n|move|p2b: Murkrow|Tailwind|p2b: Murkrow\n|-sidestart|p2: Bout It 27|move: Tailwind\n|move|p2a: Palafin|Flip Turn|p1a: Iron Bundle\n|-resisted|p1a: Iron Bundle\n|-damage|p1a: Iron Bundle|87\/100\n|\n|t:|1684114332\n|detailschange|p2a: Palafin|Palafin-Hero, L50, M\n|switch|p2a: Chi-Yu|Chi-Yu, L50|100\/100|[from] Flip Turn\n|-ability|p2a: Chi-Yu|Beads of Ruin\n|move|p1a: Iron Bundle|Icy Wind|p2a: Chi-Yu|[spread] p2a,p2b\n|-resisted|p2a: Chi-Yu\n|-supereffective|p2b: Murkrow\n|-damage|p2a: Chi-Yu|88\/100\n|-damage|p2b: Murkrow|42\/100\n|-unboost|p2a: Chi-Yu|spe|1\n|-unboost|p2b: Murkrow|spe|1\n|move|p1b: Wo-Chien|Leech Seed|p2a: Chi-Yu\n|-start|p2a: Chi-Yu|move: Leech Seed\n|\n|-damage|p2a: Chi-Yu|76\/100|[from] Leech Seed|[of] p1b: Wo-Chien\n|upkeep\n|turn|2\n|inactive|ClessCL has 30 seconds left.\n|\n|t:|1684114365\n|switch|p2b: Palafin|Palafin-Hero, L50, M|100\/100\n|-activate|p2b: Palafin|ability: Zero to Hero\n|move|p1a: Iron Bundle|Icy Wind|p2a: Chi-Yu|[spread] p2a,p2b\n|-resisted|p2a: Chi-Yu\n|-resisted|p2b: Palafin\n|-crit|p2b: Palafin\n|-damage|p2a: Chi-Yu|65\/100\n|-damage|p2b: Palafin|76\/100\n|-unboost|p2a: Chi-Yu|spe|1\n|-unboost|p2b: Palafin|spe|1\n|move|p2a: Chi-Yu|Heat Wave|p1a: Iron Bundle|[spread] p1a\n|-miss|p2a: Chi-Yu|p1b: Wo-Chien\n|-damage|p1a: Iron Bundle|0 fnt\n|faint|p1a: Iron Bundle\n|-end|p1a: Iron Bundle|Quark Drive|[silent]\n|move|p1b: Wo-Chien|Snarl|p2a: Chi-Yu|[spread] p2a,p2b\n|-resisted|p2a: Chi-Yu\n|-crit|p2b: Palafin\n|-damage|p2a: Chi-Yu|56\/100\n|-damage|p2b: Palafin|47\/100\n|-unboost|p2a: Chi-Yu|spa|1\n|-unboost|p2b: Palafin|spa|1\n|\n|-damage|p2a: Chi-Yu|44\/100|[from] Leech Seed|[of] p1b: Wo-Chien\n|upkeep\n|\n|t:|1684114386\n|switch|p1a: Gyarados|Gyarados, L50, M|100\/100\n|-ability|p1a: Gyarados|Intimidate|boost\n|-unboost|p2a: Chi-Yu|atk|1\n|-unboost|p2b: Palafin|atk|1\n|turn|3\n|\n|t:|1684114398\n|switch|p2a: Flutter Mane|Flutter Mane, L50|100\/100\n|-enditem|p2a: Flutter Mane|Booster Energy\n|-activate|p2a: Flutter Mane|ability: Protosynthesis|[fromitem]\n|-start|p2a: Flutter Mane|protosynthesisspe\n|move|p2b: Palafin|Drain Punch|p1b: Wo-Chien\n|-supereffective|p1b: Wo-Chien\n|-damage|p1b: Wo-Chien|55\/100\n|-heal|p2b: Palafin|72\/100|[from] drain|[of] p1b: Wo-Chien\n|move|p1a: Gyarados|Waterfall|p2a: Flutter Mane\n|-damage|p2a: Flutter Mane|45\/100\n|move|p1b: Wo-Chien|Leech Seed|p2b: Palafin\n|-start|p2b: Palafin|move: Leech Seed\n|\n|-heal|p1b: Wo-Chien|61\/100|[from] item: Leftovers\n|-damage|p2b: Palafin|59\/100|[from] Leech Seed|[of] p1b: Wo-Chien\n|-heal|p1b: Wo-Chien|72\/100|[silent]\n|upkeep\n|turn|4\n|\n|t:|1684114419\n|switch|p2b: Murkrow|Murkrow, L50, F|42\/100\n|move|p1a: Gyarados|Protect|p1a: Gyarados\n|-singleturn|p1a: Gyarados|Protect\n|move|p2a: Flutter Mane|Dazzling Gleam|p1a: Gyarados|[spread] p1b\n|-activate|p1a: Gyarados|move: Protect\n|-supereffective|p1b: Wo-Chien\n|-damage|p1b: Wo-Chien|34\/100\n|move|p1b: Wo-Chien|Leech Seed|p2a: Flutter Mane\n|-start|p2a: Flutter Mane|move: Leech Seed\n|\n|-heal|p1b: Wo-Chien|40\/100|[from] item: Leftovers\n|-damage|p2a: Flutter Mane|33\/100|[from] Leech Seed|[of] p1b: Wo-Chien\n|-heal|p1b: Wo-Chien|48\/100|[silent]\n|-sideend|p2: Bout It 27|move: Tailwind\n|upkeep\n|turn|5\n|\n|t:|1684114443\n|switch|p1b: Iron Moth|Iron Moth, L50|100\/100\n|move|p2b: Murkrow|Taunt|p1a: Gyarados\n|-start|p1a: Gyarados|move: Taunt\n|move|p2a: Flutter Mane|Moonblast|p1b: Iron Moth\n|-resisted|p1b: Iron Moth\n|-damage|p1b: Iron Moth|89\/100\n|move|p1a: Gyarados|Waterfall|p2b: Murkrow\n|-damage|p2b: Murkrow|2\/100\n|\n|-damage|p2a: Flutter Mane|20\/100|[from] Leech Seed|[of] p1b: Iron Moth\n|-heal|p1b: Iron Moth|99\/100|[silent]\n|upkeep\n|turn|6\n|\n|t:|1684114463\n|move|p1b: Iron Moth|Protect|p1b: Iron Moth\n|-singleturn|p1b: Iron Moth|Protect\n|move|p2a: Flutter Mane|Moonblast|p1a: Gyarados\n|-damage|p1a: Gyarados|55\/100\n|-unboost|p1a: Gyarados|spa|1\n|move|p1a: Gyarados|Waterfall|p2a: Flutter Mane\n|-damage|p2a: Flutter Mane|0 fnt\n|faint|p2a: Flutter Mane\n|-end|p2a: Flutter Mane|Protosynthesis|[silent]\n|move|p2b: Murkrow|Foul Play|p1a: Gyarados\n|-damage|p1a: Gyarados|11\/100\n|-enditem|p1a: Gyarados|Sitrus Berry|[eat]\n|-heal|p1a: Gyarados|36\/100|[from] item: Sitrus Berry\n|\n|upkeep\n|\n|t:|1684114482\n|switch|p2a: Chi-Yu|Chi-Yu, L50|44\/100\n|-ability|p2a: Chi-Yu|Beads of Ruin\n|turn|7\n|\n|t:|1684114502\n|-terastallize|p2a: Chi-Yu|Water\n|move|p1b: Iron Moth|Heat Wave|p2a: Chi-Yu|[spread] p2a,p2b\n|-resisted|p2a: Chi-Yu\n|-damage|p2a: Chi-Yu|15\/100\n|-damage|p2b: Murkrow|0 fnt\n|faint|p2b: Murkrow\n|-damage|p1b: Iron Moth|89\/100|[from] item: Life Orb\n|move|p2a: Chi-Yu|Tera Blast|p1b: Iron Moth\n|-supereffective|p1b: Iron Moth\n|-damage|p1b: Iron Moth|0 fnt\n|faint|p1b: Iron Moth\n|-end|p1b: Iron Moth|Quark Drive|[silent]\n|move|p1a: Gyarados|Waterfall|p2a: Chi-Yu\n|-resisted|p2a: Chi-Yu\n|-damage|p2a: Chi-Yu|0 fnt\n|faint|p2a: Chi-Yu\n|\n|-end|p1a: Gyarados|move: Taunt\n|upkeep\n|\n|t:|1684114522\n|switch|p1b: Wo-Chien|Wo-Chien, L50|48\/100\n|switch|p2b: Palafin|Palafin-Hero, L50, M|59\/100\n|-ability|p1b: Wo-Chien|Tablets of Ruin\n|turn|8\n|\n|t:|1684114531\n|move|p1b: Wo-Chien|Protect|p1b: Wo-Chien\n|-singleturn|p1b: Wo-Chien|Protect\n|move|p2b: Palafin|Drain Punch|p1b: Wo-Chien\n|-activate|p1b: Wo-Chien|move: Protect\n|move|p1a: Gyarados|Thunder Wave|p2b: Palafin\n|-status|p2b: Palafin|par\n|\n|-heal|p1b: Wo-Chien|54\/100|[from] item: Leftovers\n|upkeep\n|turn|9\n|\n|t:|1684114544\n|move|p1a: Gyarados|Iron Head|p2b: Palafin\n|-resisted|p2b: Palafin\n|-damage|p2b: Palafin|49\/100 par\n|move|p1b: Wo-Chien|Leech Seed|p2b: Palafin\n|-start|p2b: Palafin|move: Leech Seed\n|move|p2b: Palafin|Drain Punch|p1b: Wo-Chien\n|-supereffective|p1b: Wo-Chien\n|-damage|p1b: Wo-Chien|0 fnt\n|-heal|p2b: Palafin|78\/100 par|[from] drain|[of] p1b: Wo-Chien\n|faint|p1b: Wo-Chien\n|\n|upkeep\n|turn|10\n|\n|t:|1684114556\n|move|p1a: Gyarados|Waterfall|p2b: Palafin\n|-resisted|p2b: Palafin\n|-damage|p2b: Palafin|58\/100 par\n|cant|p2b: Palafin|flinch\n|\n|upkeep\n|turn|11\n|\n|t:|1684114563\n|move|p1a: Gyarados|Waterfall|p2b: Palafin\n|-resisted|p2b: Palafin\n|-damage|p2b: Palafin|39\/100 par\n|move|p2b: Palafin|Drain Punch|p1a: Gyarados\n|-resisted|p1a: Gyarados\n|-damage|p1a: Gyarados|11\/100\n|-heal|p2b: Palafin|53\/100 par|[from] drain|[of] p1a: Gyarados\n|\n|upkeep\n|turn|12\n|\n|t:|1684114573\n|move|p1a: Gyarados|Waterfall|p2b: Palafin\n|-resisted|p2b: Palafin\n|-crit|p2b: Palafin\n|-damage|p2b: Palafin|24\/100 par\n|move|p2b: Palafin|Drain Punch|p1a: Gyarados\n|-resisted|p1a: Gyarados\n|-damage|p1a: Gyarados|0 fnt\n|-heal|p2b: Palafin|30\/100 par|[from] drain|[of] p1a: Gyarados\n|faint|p1a: Gyarados\n|\n|win|Bout It 27\n|raw|ClessCL's rating: 1492 → 1469<\/strong> (-23 for losing)\n|raw|Bout It 27's rating: 1445 → 1468<\/strong> (+23 for winning)\n|l|\u2606ClessCL\n","uploadtime":1684114607,"views":11,"p1id":"clesscl","p2id":"boutit27","formatid":"gen9vgc2023regulationc","rating":1468,"private":0,"password":""}