{"id":"gen9vgc2023regulationc-1845956245","p1":"Bolt-Beam Studios","p2":"torwildheart","format":"[Gen 9] VGC 2023 Regulation C","log":"|j|\u2606Bolt-Beam Studios\n|j|\u2606torwildheart\n|t:|1681783625\n|gametype|doubles\n|player|p1|Bolt-Beam Studios|ghetsis|\n|player|p2|torwildheart|teamrocket|\n|teamsize|p1|6\n|teamsize|p2|6\n|gen|9\n|tier|[Gen 9] VGC 2023 Regulation C\n|rated|Tournament battle\n|rule|Species Clause: Limit one of each Pok\u00e9mon\n|rule|Item Clause: Limit one of each item\n|clearpoke\n|poke|p1|Murkrow, L50, F|\n|poke|p1|Great Tusk, L50|\n|poke|p1|Flutter Mane, L50|\n|poke|p1|Amoonguss, L50, F|\n|poke|p1|Chi-Yu, L50|\n|poke|p1|Chien-Pao, L50|\n|poke|p2|Iron Bundle, L50|\n|poke|p2|Ting-Lu, L50|\n|poke|p2|Ceruledge, L50, M|\n|poke|p2|Amoonguss, L50, F|\n|poke|p2|Flutter Mane, L50|\n|poke|p2|Tauros-Paldea-Aqua, L50, M|\n|teampreview|4\n|raw| Open Team Sheet for Bolt-Beam Studios<\/summary>Funnyman (Murkrow) @ Eviolite Ability: Prankster Level: 50 Tera Type: Ghost - Brave Bird - Tailwind - Sunny Day - Taunt Great Tusk @ Life Orb Ability: Protosynthesis Level: 50 Hidden Power: Fighting Tera Type: Ground - Earthquake - Protect - Close Combat - Headlong Rush Flutter Mane @ Choice Specs Ability: Protosynthesis Level: 50 Tera Type: Fairy - Thunderbolt - Moonblast - Dazzling Gleam - Shadow Ball Amoonguss @ Sitrus Berry Ability: Regenerator Level: 50 Tera Type: Water - Pollen Puff - Clear Smog - Spore - Rage Powder Chi-Yu @ Leftovers Ability: Beads of Ruin Level: 50 Tera Type: Grass - Heat Wave - Dark Pulse - Overheat - Protect Chien-Pao @ Focus Sash Ability: Sword of Ruin Level: 50 Tera Type: Ghost - Haze - Ice Spinner - Sucker Punch - Protect <\/details><\/div> Open Team Sheet for torwildheart<\/summary>FuturamaS2E4 (Iron Bundle) @ Booster Energy Ability: Quark Drive Level: 50 Tera Type: Water - Freeze-Dry - Icy Wind - Hydro Pump - Protect Drink Me (Ting-Lu) @ Assault Vest Ability: Vessel of Ruin Level: 50 Tera Type: Water - Heavy Slam - Fissure - Stomping Tantrum - Body Press Ow The Edge (Ceruledge) @ Clear Amulet Ability: Flash Fire Level: 50 Tera Type: Grass - Bitter Blade - Shadow Sneak - Bulk Up - Protect Sus (Amoonguss) @ Rocky Helmet Ability: Regenerator Level: 50 Tera Type: Water - Spore - Rage Powder - Pollen Puff - Protect Banned (Flutter Mane) @ Choice Specs Ability: Protosynthesis Level: 50 Tera Type: Fairy - Moonblast - Shadow Ball - Dazzling Gleam - Power Gem Agua Furiosa (Tauros-Paldea-Aqua) (M) @ Mirror Herb Ability: Intimidate Level: 50 Tera Type: Fire - Aqua Jet - Raging Bull - Close Combat - Protect <\/details><\/div>\n|inactive|Battle timer is ON: inactive players will automatically lose when time's up. (requested by Bolt-Beam Studios)\n|j| blooperlink123\n|j| Someone#58\n|inactive|torwildheart has 60 seconds left.\n|\n|t:|1681783671\n|start\n|switch|p1a: Funnyman|Murkrow, L50, F|100\/100\n|switch|p1b: Flutter Mane|Flutter Mane, L50|100\/100\n|switch|p2a: Drink Me|Ting-Lu, L50|100\/100\n|switch|p2b: Ow The Edge|Ceruledge, L50, M|100\/100\n|-ability|p2a: Drink Me|Vessel of Ruin\n|turn|1\n|inactive|Bolt-Beam Studios has 30 seconds left.\n|\n|t:|1681783703\n|move|p2b: Ow The Edge|Protect|p2b: Ow The Edge\n|-singleturn|p2b: Ow The Edge|Protect\n|move|p1a: Funnyman|Tailwind|p1a: Funnyman\n|-sidestart|p1: Bolt-Beam Studios|move: Tailwind\n|move|p1b: Flutter Mane|Dazzling Gleam|p2a: Drink Me|[spread] p2a\n|-activate|p2b: Ow The Edge|move: Protect\n|-supereffective|p2a: Drink Me\n|-damage|p2a: Drink Me|68\/100\n|move|p2a: Drink Me|Heavy Slam|p1b: Flutter Mane\n|-supereffective|p1b: Flutter Mane\n|-damage|p1b: Flutter Mane|0 fnt\n|faint|p1b: Flutter Mane\n|-end|p1b: Flutter Mane|Protosynthesis|[silent]\n|\n|upkeep\n|\n|t:|1681783718\n|switch|p1b: Chien-Pao|Chien-Pao, L50|100\/100\n|-ability|p1b: Chien-Pao|Sword of Ruin\n|turn|2\n|\n|t:|1681783730\n|switch|p2a: Agua Furiosa|Tauros-Paldea-Aqua, L50, M|100\/100\n|-ability|p2a: Agua Furiosa|Intimidate|boost\n|-unboost|p1a: Funnyman|atk|1\n|-unboost|p1b: Chien-Pao|atk|1\n|move|p1a: Funnyman|Taunt|p2b: Ow The Edge\n|-start|p2b: Ow The Edge|move: Taunt\n|move|p1b: Chien-Pao|Ice Spinner|p2a: Agua Furiosa\n|-resisted|p2a: Agua Furiosa\n|-damage|p2a: Agua Furiosa|83\/100\n|move|p2b: Ow The Edge|Bitter Blade|p1b: Chien-Pao\n|-supereffective|p1b: Chien-Pao\n|-enditem|p1b: Chien-Pao|Focus Sash\n|-damage|p1b: Chien-Pao|1\/100\n|\n|upkeep\n|turn|3\n|\n|t:|1681783741\n|move|p1b: Chien-Pao|Sucker Punch|p2b: Ow The Edge\n|-supereffective|p2b: Ow The Edge\n|-damage|p2b: Ow The Edge|38\/100\n|move|p2b: Ow The Edge|Shadow Sneak|p1b: Chien-Pao\n|-resisted|p1b: Chien-Pao\n|-damage|p1b: Chien-Pao|0 fnt\n|faint|p1b: Chien-Pao\n|move|p1a: Funnyman|Brave Bird|p2a: Agua Furiosa\n|-supereffective|p2a: Agua Furiosa\n|-damage|p2a: Agua Furiosa|38\/100\n|-damage|p1a: Funnyman|86\/100|[from] Recoil\n|move|p2a: Agua Furiosa|Raging Bull|p1a: Funnyman\n|-damage|p1a: Funnyman|17\/100\n|\n|upkeep\n|\n|t:|1681783743\n|switch|p1b: Great Tusk|Great Tusk, L50|100\/100\n|turn|4\n|\n|t:|1681783764\n|-terastallize|p1b: Great Tusk|Ground\n|move|p1a: Funnyman|Sunny Day|p1a: Funnyman\n|-weather|SunnyDay\n|-activate|p1b: Great Tusk|ability: Protosynthesis\n|-start|p1b: Great Tusk|protosynthesisatk\n|move|p2a: Agua Furiosa|Aqua Jet|p1a: Funnyman\n|-damage|p1a: Funnyman|2\/100\n|move|p2b: Ow The Edge|Shadow Sneak|p1b: Great Tusk\n|-damage|p1b: Great Tusk|85\/100\n|move|p1b: Great Tusk|Earthquake|p2a: Agua Furiosa|[spread] p2a,p2b\n|-immune|p1a: Funnyman\n|-supereffective|p2b: Ow The Edge\n|-damage|p2a: Agua Furiosa|0 fnt\n|-damage|p2b: Ow The Edge|0 fnt\n|faint|p2a: Agua Furiosa\n|faint|p2b: Ow The Edge\n|-damage|p1b: Great Tusk|75\/100|[from] item: Life Orb\n|\n|-weather|SunnyDay|[upkeep]\n|-sideend|p1: Bolt-Beam Studios|move: Tailwind\n|upkeep\n|\n|t:|1681783770\n|switch|p2a: Drink Me|Ting-Lu, L50|68\/100\n|switch|p2b: FuturamaS2E4|Iron Bundle, L50|100\/100\n|-ability|p2a: Drink Me|Vessel of Ruin\n|-enditem|p2b: FuturamaS2E4|Booster Energy\n|-activate|p2b: FuturamaS2E4|ability: Quark Drive|[fromitem]\n|-start|p2b: FuturamaS2E4|quarkdrivespe\n|turn|5\n|inactive|torwildheart has 30 seconds left.\n|\n|t:|1681783796\n|-terastallize|p2b: FuturamaS2E4|Water\n|move|p1b: Great Tusk|Protect|p1b: Great Tusk\n|-singleturn|p1b: Great Tusk|Protect\n|move|p2b: FuturamaS2E4|Icy Wind|p1a: Funnyman|[spread] p1a\n|-activate|p1b: Great Tusk|move: Protect\n|-supereffective|p1a: Funnyman\n|-damage|p1a: Funnyman|0 fnt\n|faint|p1a: Funnyman\n|move|p2a: Drink Me|Fissure|p1b: Great Tusk\n|-activate|p1b: Great Tusk|move: Protect\n|\n|-weather|SunnyDay|[upkeep]\n|upkeep\n|turn|6\n|\n|t:|1681783804\n|move|p2b: FuturamaS2E4|Freeze-Dry|p1b: Great Tusk\n|-supereffective|p1b: Great Tusk\n|-damage|p1b: Great Tusk|1\/100\n|move|p1b: Great Tusk|Earthquake|p2a: Drink Me|[spread] p2a,p2b\n|-damage|p2a: Drink Me|15\/100\n|-damage|p2b: FuturamaS2E4|0 fnt\n|faint|p2b: FuturamaS2E4\n|-end|p2b: FuturamaS2E4|Quark Drive|[silent]\n|-damage|p1b: Great Tusk|0 fnt|[from] item: Life Orb\n|faint|p1b: Great Tusk\n|-end|p1b: Great Tusk|Protosynthesis|[silent]\n|\n|win|torwildheart\n|n|\u2606Bolt-Beam Studios|boltbeamstudios\n|n|\u2606torwildheart|torwildheart\n|n| blooperlink123|blooperlink123\n|n| Someone#58|someone58\n|c|\u2606Bolt-Beam Studios|gg\n|c|\u2606torwildheart|gg\n","uploadtime":1681783816,"views":6,"p1id":"boltbeamstudios","p2id":"torwildheart","formatid":"gen9vgc2023regulationc","rating":0,"private":0,"password":""}