{"id":"gen9vgc2023regulationc-1847450591","p1":"RagnaC","p2":"ModernNeesh","format":"[Gen 9] VGC 2023 Regulation C","log":"|j|\u2606RagnaC\n|j|\u2606ModernNeesh\n|t:|1681956624\n|gametype|doubles\n|player|p1|RagnaC|red|\n|player|p2|ModernNeesh|hilbert|\n|teamsize|p1|6\n|teamsize|p2|6\n|gen|9\n|tier|[Gen 9] VGC 2023 Regulation C\n|rule|Species Clause: Limit one of each Pok\u00e9mon\n|rule|Item Clause: Limit one of each item\n|clearpoke\n|poke|p1|Ceruledge, L50, M|\n|poke|p1|Flutter Mane, L50|\n|poke|p1|Amoonguss, L50, M|\n|poke|p1|Gyarados, L50, M|\n|poke|p1|Great Tusk, L50|\n|poke|p1|Iron Hands, L50|\n|poke|p2|Talonflame, L50, M|\n|poke|p2|Flutter Mane, L50|\n|poke|p2|Dragonite, L50, F|\n|poke|p2|Amoonguss, L50, F|\n|poke|p2|Iron Bundle, L50|\n|poke|p2|Great Tusk, L50|\n|teampreview|4\n|inactive|Battle timer is ON: inactive players will automatically lose when time's up. (requested by RagnaC)\nRagnaC has agreed to open team sheets.\nModernNeesh has agreed to open team sheets.\n|inactive|RagnaC has 60 seconds left.\n|inactive|ModernNeesh has 60 seconds left.\n|inactive|RagnaC has 30 seconds left.\n|inactive|ModernNeesh has 30 seconds left.\n|inactive|RagnaC has 20 seconds left.\n|inactive|ModernNeesh has 20 seconds left.\n|inactive|RagnaC has 15 seconds left.\n|inactive|RagnaC has 10 seconds left.\n|\n|t:|1681956706\n|start\n|switch|p1a: Amoonguss|Amoonguss, L50, M|100\/100\n|switch|p1b: Iron Hands|Iron Hands, L50|100\/100\n|switch|p2a: Iron Bundle|Iron Bundle, L50|100\/100\n|switch|p2b: Great Tusk|Great Tusk, L50|100\/100\n|-enditem|p2a: Iron Bundle|Booster Energy\n|-activate|p2a: Iron Bundle|ability: Quark Drive|[fromitem]\n|-start|p2a: Iron Bundle|quarkdrivespe\n|turn|1\n|inactive|ModernNeesh has 30 seconds left.\n|\n|t:|1681956736\n|move|p2a: Iron Bundle|Protect|p2a: Iron Bundle\n|-singleturn|p2a: Iron Bundle|Protect\n|move|p1b: Iron Hands|Fake Out|p2a: Iron Bundle\n|-activate|p2a: Iron Bundle|move: Protect\n|move|p2b: Great Tusk|Headlong Rush|p1b: Iron Hands\n|-supereffective|p1b: Iron Hands\n|-damage|p1b: Iron Hands|22\/100\n|-unboost|p2b: Great Tusk|def|1\n|-unboost|p2b: Great Tusk|spd|1\n|move|p1a: Amoonguss|Spore|p2b: Great Tusk\n|-status|p2b: Great Tusk|slp|[from] move: Spore\n|\n|upkeep\n|turn|2\n|inactive|ModernNeesh has 30 seconds left.\n|inactive|ModernNeesh has 20 seconds left.\n|inactive|ModernNeesh has 15 seconds left.\n|inactive|ModernNeesh has 10 seconds left.\n|inactive|ModernNeesh has 5 seconds left.\n|\n|t:|1681956787\n|move|p2a: Iron Bundle|Freeze-Dry|p1b: Iron Hands\n|-damage|p1b: Iron Hands|2\/100\n|cant|p2b: Great Tusk|slp\n|move|p1b: Iron Hands|Wild Charge|p2a: Iron Bundle\n|-supereffective|p2a: Iron Bundle\n|-damage|p2a: Iron Bundle|0 fnt\n|faint|p2a: Iron Bundle\n|-end|p2a: Iron Bundle|Quark Drive|[silent]\n|-damage|p1b: Iron Hands|0 fnt|[from] Recoil\n|faint|p1b: Iron Hands\n|-end|p1b: Iron Hands|Quark Drive|[silent]\n|move|p1a: Amoonguss|Spore|p2b: Great Tusk\n|-fail|p2b: Great Tusk|slp\n|\n|upkeep\n|\n|t:|1681956808\n|switch|p2a: Amoonguss|Amoonguss, L50, F|100\/100\n|switch|p1b: Flutter Mane|Flutter Mane, L50|100\/100\n|-enditem|p1b: Flutter Mane|Booster Energy\n|-activate|p1b: Flutter Mane|ability: Protosynthesis|[fromitem]\n|-start|p1b: Flutter Mane|protosynthesisspe\n|turn|3\n|inactive|ModernNeesh has 30 seconds left.\n|inactive|RagnaC has 30 seconds left.\n|inactive|ModernNeesh has 20 seconds left.\n|\n|t:|1681956845\n|-end|p2b: Great Tusk|Protosynthesis|[silent]\n|switch|p2b: Flutter Mane|Flutter Mane, L50|100\/100\n|-terastallize|p1b: Flutter Mane|Fairy\n|move|p2a: Amoonguss|Rage Powder|p2a: Amoonguss\n|-singleturn|p2a: Amoonguss|move: Rage Powder\n|move|p1b: Flutter Mane|Moonblast|p2a: Amoonguss\n|-resisted|p2a: Amoonguss\n|-damage|p2a: Amoonguss|72\/100\n|move|p1a: Amoonguss|Spore|p2b: Flutter Mane\n|-status|p2b: Flutter Mane|slp|[from] move: Spore\n|\n|upkeep\n|turn|4\n|\n|t:|1681956862\n|switch|p1a: Great Tusk|Great Tusk, L50|100\/100\n|move|p1b: Flutter Mane|Protect|p1b: Flutter Mane\n|-singleturn|p1b: Flutter Mane|Protect\n|cant|p2b: Flutter Mane|slp\n|move|p2a: Amoonguss|Spore|p1b: Flutter Mane\n|-activate|p1b: Flutter Mane|move: Protect\n|\n|upkeep\n|turn|5\n|\n|t:|1681956879\n|cant|p2b: Flutter Mane|slp\n|move|p1b: Flutter Mane|Shadow Ball|p2a: Amoonguss\n|-damage|p2a: Amoonguss|38\/100\n|-enditem|p2a: Amoonguss|Sitrus Berry|[eat]\n|-heal|p2a: Amoonguss|63\/100|[from] item: Sitrus Berry\n|move|p1a: Great Tusk|Headlong Rush|p2a: Amoonguss\n|-damage|p2a: Amoonguss|12\/100\n|-unboost|p1a: Great Tusk|def|1\n|-unboost|p1a: Great Tusk|spd|1\n|move|p2a: Amoonguss|Spore|p1b: Flutter Mane\n|-status|p1b: Flutter Mane|slp|[from] move: Spore\n|\n|upkeep\n|turn|6\n|\n|t:|1681956900\n|cant|p1b: Flutter Mane|slp\n|move|p2a: Amoonguss|Rage Powder|p2a: Amoonguss\n|-singleturn|p2a: Amoonguss|move: Rage Powder\n|move|p1a: Great Tusk|Headlong Rush|p2a: Amoonguss\n|-damage|p2a: Amoonguss|0 fnt\n|-unboost|p1a: Great Tusk|def|1\n|-unboost|p1a: Great Tusk|spd|1\n|faint|p2a: Amoonguss\n|-curestatus|p2b: Flutter Mane|slp|[msg]\n|move|p2b: Flutter Mane|Dazzling Gleam|p1b: Flutter Mane|[spread] p1a,p1b\n|-supereffective|p1a: Great Tusk\n|-damage|p1a: Great Tusk|0 fnt\n|-damage|p1b: Flutter Mane|59\/100 slp\n|faint|p1a: Great Tusk\n|-end|p1a: Great Tusk|Protosynthesis|[silent]\n|-damage|p2b: Flutter Mane|91\/100|[from] item: Life Orb\n|\n|upkeep\n|\n|t:|1681956915\n|switch|p1a: Amoonguss|Amoonguss, L50, M|100\/100\n|switch|p2a: Great Tusk|Great Tusk, L50|100\/100 slp\n|turn|7\n|inactive|ModernNeesh has 30 seconds left.\n|\n|t:|1681956947\n|-terastallize|p2a: Great Tusk|Ground\n|cant|p1b: Flutter Mane|slp\n|move|p2b: Flutter Mane|Icy Wind|p1a: Amoonguss|[spread] p1a,p1b\n|-supereffective|p1a: Amoonguss\n|-damage|p1a: Amoonguss|64\/100\n|-damage|p1b: Flutter Mane|38\/100 slp\n|-unboost|p1a: Amoonguss|spe|1\n|-unboost|p1b: Flutter Mane|spe|1\n|-damage|p2b: Flutter Mane|81\/100|[from] item: Life Orb\n|cant|p2a: Great Tusk|slp\n|move|p1a: Amoonguss|Spore|p2b: Flutter Mane\n|-status|p2b: Flutter Mane|slp|[from] move: Spore\n|\n|upkeep\n|turn|8\n|inactive|RagnaC has 30 seconds left.\n|inactive|ModernNeesh has 30 seconds left.\n|\n|t:|1681956980\n|cant|p1b: Flutter Mane|slp\n|cant|p2b: Flutter Mane|slp\n|cant|p2a: Great Tusk|slp\n|move|p1a: Amoonguss|Spore|p2a: Great Tusk\n|-fail|p2a: Great Tusk|slp\n|\n|upkeep\n|turn|9\n|\n|t:|1681956996\n|cant|p2b: Flutter Mane|slp\n|move|p1a: Amoonguss|Rage Powder|p1a: Amoonguss\n|-singleturn|p1a: Amoonguss|move: Rage Powder\n|-curestatus|p1b: Flutter Mane|slp|[msg]\n|move|p1b: Flutter Mane|Dazzling Gleam|p2b: Flutter Mane|[spread] p2a,p2b\n|-damage|p2a: Great Tusk|58\/100 slp\n|-damage|p2b: Flutter Mane|38\/100 slp\n|-curestatus|p2a: Great Tusk|slp|[msg]\n|move|p2a: Great Tusk|Headlong Rush|p1a: Amoonguss\n|-damage|p1a: Amoonguss|0 fnt\n|-unboost|p2a: Great Tusk|def|1\n|-unboost|p2a: Great Tusk|spd|1\n|-damage|p2a: Great Tusk|42\/100|[from] item: Rocky Helmet|[of] p1a: Amoonguss\n|faint|p1a: Amoonguss\n|\n|upkeep\n|turn|10\n|inactive|ModernNeesh has 30 seconds left.\n|inactive|ModernNeesh has 20 seconds left.\n|inactive|ModernNeesh has 15 seconds left.\n|\n|t:|1681957037\n|-curestatus|p2b: Flutter Mane|slp|[msg]\n|move|p2b: Flutter Mane|Shadow Ball|p1b: Flutter Mane\n|-damage|p1b: Flutter Mane|0 fnt\n|faint|p1b: Flutter Mane\n|-end|p1b: Flutter Mane|Protosynthesis|[silent]\n|-damage|p2b: Flutter Mane|28\/100|[from] item: Life Orb\n|\n|win|ModernNeesh\n|c|\u2606RagnaC|gg\n|c|\u2606ModernNeesh|gg\n|l|\u2606ModernNeesh\n|j|\u2606ModernNeesh\n|player|p2|ModernNeesh|hilbert\n","uploadtime":1681957105,"views":17,"p1id":"ragnac","p2id":"modernneesh","formatid":"gen9vgc2023regulationc","rating":0,"private":0,"password":""}