{"id":"gen9vgc2023regulationc-1851460014","p1":"Jstardude","p2":"DerpyBronze117","format":"[Gen 9] VGC 2023 Regulation C","log":"|j|\u2606Jstardude\n|j|\u2606DerpyBronze117\n|t:|1682446916\n|gametype|doubles\n|player|p1|Jstardude|102|\n|player|p2|DerpyBronze117|102|\n|teamsize|p1|6\n|teamsize|p2|6\n|gen|9\n|tier|[Gen 9] VGC 2023 Regulation C\n|rule|Species Clause: Limit one of each Pok\u00e9mon\n|rule|Item Clause: Limit one of each item\n|clearpoke\n|poke|p1|Chien-Pao, L50|\n|poke|p1|Dragapult, L50, M|\n|poke|p1|Tauros-Paldea-Blaze, L50, M|\n|poke|p1|Scream Tail, L50|\n|poke|p1|Scizor, L50, F|\n|poke|p1|Raichu, L50, M|\n|poke|p2|Tyranitar, L50, F|\n|poke|p2|Azumarill, L50, M|\n|poke|p2|Corviknight, L50, F|\n|poke|p2|Kilowattrel, L50, M|\n|poke|p2|Houndstone, L50, M|\n|poke|p2|Goodra, L50, F|\n|teampreview|4\n|j| jayballester\n|j| Tuxmux\n|c| Tuxmux|lets go rookie !\n|c| Tuxmux|we tryna take down all the undefeated players week 1\n|c|\u2606DerpyBronze117|Ill try my best\n|\n|t:|1682447005\n|start\n|switch|p1a: Raichu|Raichu, L50, M|100\/100\n|switch|p1b: Scizor|Scizor, L50, F|100\/100\n|switch|p2a: Tyranitar|Tyranitar, L50, F|100\/100\n|switch|p2b: Kilowattrel|Kilowattrel, L50, M|100\/100\n|-item|p1a: Raichu|Air Balloon\n|-weather|Sandstorm|[from] ability: Sand Stream|[of] p2a: Tyranitar\n|turn|1\n|\n|t:|1682447034\n|-terastallize|p2a: Tyranitar|Flying\n|move|p1a: Raichu|Fake Out|p2b: Kilowattrel\n|-damage|p2b: Kilowattrel|87\/100\n|cant|p2b: Kilowattrel|flinch\n|move|p2a: Tyranitar|Fire Punch|p1b: Scizor\n|-supereffective|p1b: Scizor\n|-damage|p1b: Scizor|0 fnt\n|faint|p1b: Scizor\n|\n|-weather|Sandstorm|[upkeep]\n|-damage|p2b: Kilowattrel|81\/100|[from] Sandstorm\n|-damage|p1a: Raichu|95\/100|[from] Sandstorm\n|-damage|p2a: Tyranitar|94\/100|[from] Sandstorm\n|upkeep\n|\n|t:|1682447053\n|switch|p1b: Chien-Pao|Chien-Pao, L50|100\/100\n|-ability|p1b: Chien-Pao|Sword of Ruin\n|turn|2\n|\n|t:|1682447085\n|-terastallize|p1b: Chien-Pao|Ghost\n|move|p1b: Chien-Pao|Ice Spinner|p2b: Kilowattrel\n|-supereffective|p2b: Kilowattrel\n|-enditem|p2b: Kilowattrel|Yache Berry|[eat]\n|-enditem|p2b: Kilowattrel|Yache Berry|[weaken]\n|-damage|p2b: Kilowattrel|2\/100\n|move|p2b: Kilowattrel|Tailwind|p2b: Kilowattrel\n|-sidestart|p2: DerpyBronze117|move: Tailwind\n|move|p2a: Tyranitar|Low Kick|p1b: Chien-Pao\n|-immune|p1b: Chien-Pao\n|move|p1a: Raichu|Thunderbolt|p2a: Tyranitar\n|-supereffective|p2a: Tyranitar\n|-damage|p2a: Tyranitar|38\/100\n|\n|-weather|Sandstorm|[upkeep]\n|-damage|p2b: Kilowattrel|0 fnt|[from] Sandstorm\n|-damage|p2a: Tyranitar|32\/100|[from] Sandstorm\n|-damage|p1b: Chien-Pao|94\/100|[from] Sandstorm\n|-damage|p1a: Raichu|89\/100|[from] Sandstorm\n|faint|p2b: Kilowattrel\n|upkeep\n|\n|t:|1682447105\n|switch|p2b: Corviknight|Corviknight, L50, F|100\/100\n|turn|3\n|\n|t:|1682447124\n|move|p1b: Chien-Pao|Protect|p1b: Chien-Pao\n|-singleturn|p1b: Chien-Pao|Protect\n|move|p2a: Tyranitar|Tera Blast|p1b: Chien-Pao\n|-activate|p1b: Chien-Pao|move: Protect\n|move|p2b: Corviknight|Body Press|p1a: Raichu\n|-damage|p1a: Raichu|51\/100\n|-enditem|p1a: Raichu|Air Balloon\n|move|p1a: Raichu|Thunderbolt|p2a: Tyranitar\n|-supereffective|p2a: Tyranitar\n|-crit|p2a: Tyranitar\n|-damage|p2a: Tyranitar|0 fnt\n|faint|p2a: Tyranitar\n|\n|-weather|Sandstorm|[upkeep]\n|-damage|p1b: Chien-Pao|88\/100|[from] Sandstorm\n|-damage|p1a: Raichu|45\/100|[from] Sandstorm\n|upkeep\n|\n|t:|1682447142\n|switch|p2a: Houndstone|Houndstone, L50, M|100\/100\n|turn|4\n|\n|t:|1682447207\n|move|p1b: Chien-Pao|Protect||[still]\n|-fail|p1b: Chien-Pao\n|move|p2a: Houndstone|Last Respects|p1b: Chien-Pao\n|-supereffective|p1b: Chien-Pao\n|-damage|p1b: Chien-Pao|0 fnt\n|faint|p1b: Chien-Pao\n|move|p2b: Corviknight|Body Press|p1a: Raichu\n|-damage|p1a: Raichu|20\/100\n|move|p1a: Raichu|Nuzzle|p2a: Houndstone\n|-damage|p2a: Houndstone|94\/100\n|-status|p2a: Houndstone|par\n|\n|-weather|Sandstorm|[upkeep]\n|-damage|p1a: Raichu|14\/100|[from] Sandstorm\n|upkeep\n|\n|t:|1682447218\n|switch|p1b: Dragapult|Dragapult, L50, M|100\/100\n|turn|5\n|\n|t:|1682447241\n|move|p1b: Dragapult|Protect|p1b: Dragapult\n|-singleturn|p1b: Dragapult|Protect\n|move|p1a: Raichu|Protect|p1a: Raichu\n|-singleturn|p1a: Raichu|Protect\n|move|p2a: Houndstone|Ally Switch|p2a: Houndstone\n|swap|p2a: Houndstone|1|[from] move: Ally Switch\n|move|p2a: Corviknight|Bulk Up|p2a: Corviknight\n|-boost|p2a: Corviknight|atk|1\n|-boost|p2a: Corviknight|def|1\n|\n|-weather|none\n|-sideend|p2: DerpyBronze117|move: Tailwind\n|upkeep\n|turn|6\n|\n|t:|1682447283\n|move|p1b: Dragapult|Phantom Force||[still]\n|-prepare|p1b: Dragapult|Phantom Force\n|move|p1a: Raichu|Nuzzle|p2a: Corviknight\n|-supereffective|p2a: Corviknight\n|-damage|p2a: Corviknight|95\/100\n|-status|p2a: Corviknight|par\n|cant|p2b: Houndstone|par\n|move|p2a: Corviknight|Brave Bird|p1b: Dragapult|[miss]\n|-miss|p2a: Corviknight|p1b: Dragapult\n|\n|upkeep\n|turn|7\n|\n|t:|1682447301\n|move|p2b: Houndstone|Ally Switch|p2b: Houndstone\n|swap|p2b: Houndstone|0|[from] move: Ally Switch\n|move|p1b: Dragapult|Phantom Force|p2b: Corviknight|[from]lockedmove\n|-damage|p2b: Corviknight|68\/100 par\n|-damage|p1b: Dragapult|91\/100|[from] item: Life Orb\n|move|p1a: Raichu|Thunderbolt|p2b: Corviknight\n|-supereffective|p2b: Corviknight\n|-damage|p2b: Corviknight|17\/100 par\n|-enditem|p2b: Corviknight|Sitrus Berry|[eat]\n|-heal|p2b: Corviknight|42\/100 par|[from] item: Sitrus Berry\n|move|p2b: Corviknight|Brave Bird|p1b: Dragapult\n|-damage|p1b: Dragapult|28\/100\n|-damage|p2b: Corviknight|25\/100 par|[from] Recoil\n|\n|upkeep\n|turn|8\n|\n|t:|1682447322\n|move|p1b: Dragapult|Phantom Force||[still]\n|-prepare|p1b: Dragapult|Phantom Force\n|move|p1a: Raichu|Thunderbolt|p2b: Corviknight\n|-supereffective|p2b: Corviknight\n|-damage|p2b: Corviknight|0 fnt\n|faint|p2b: Corviknight\n|move|p2a: Houndstone|Last Respects|p1b: Dragapult|[miss]\n|-miss|p2a: Houndstone|p1b: Dragapult\n|\n|upkeep\n|turn|9\n|c| jayballester|rip\n|\n|t:|1682447333\n|move|p1b: Dragapult|Phantom Force|p2a: Houndstone|[from]lockedmove\n|-supereffective|p2a: Houndstone\n|-damage|p2a: Houndstone|0 fnt\n|faint|p2a: Houndstone\n|-damage|p1b: Dragapult|18\/100|[from] item: Life Orb\n|\n|win|Jstardude\n|c|\u2606Jstardude|GG\n|l|\u2606DerpyBronze117\n|l| Tuxmux\n|l| jayballester\n|j| Tuxmux\n|l| Tuxmux\n","uploadtime":1682447730,"views":14,"p1id":"jstardude","p2id":"derpybronze117","formatid":"gen9vgc2023regulationc","rating":0,"private":0,"password":""}