{"id":"gen9vgc2023regulationc-1849697556","p1":"lukyluky","p2":"Peripuff","format":"[Gen 9] VGC 2023 Regulation C","log":"|j|\u2606lukyluky\n|j|\u2606Peripuff\n|t:|1682234497\n|gametype|doubles\n|player|p1|lukyluky|cynthia-gen4|1000\n|player|p2|Peripuff|bianca|1068\n|teamsize|p1|6\n|teamsize|p2|6\n|gen|9\n|tier|[Gen 9] VGC 2023 Regulation C\n|rated|\n|rule|Species Clause: Limit one of each Pok\u00e9mon\n|rule|Item Clause: Limit one of each item\n|clearpoke\n|poke|p1|Brambleghast, L50, F|\n|poke|p1|Kilowattrel, L50, F|\n|poke|p1|Dragapult, L50, F|\n|poke|p1|Amoonguss, L50, M|\n|poke|p1|Grimmsnarl, L50, M|\n|poke|p1|Salamence, L50, M|\n|poke|p2|Maushold-Four, L50|\n|poke|p2|Annihilape, L50, F|\n|poke|p2|Iron Bundle, L50|\n|poke|p2|Flutter Mane, L50|\n|poke|p2|Chi-Yu, L50|\n|poke|p2|Amoonguss, L50, F|\n|teampreview|4\n|\n|t:|1682234545\n|start\n|switch|p1a: Grimmsnarl|Grimmsnarl, L50, M, shiny|100\/100\n|switch|p1b: Salamence|Salamence, L50, M, shiny|100\/100\n|switch|p2a: TRANS!!!!!!!|Maushold-Four, L50|100\/100\n|switch|p2b: angy >:(|Annihilape, L50, F|100\/100\n|-ability|p1b: Salamence|Intimidate|boost\n|-unboost|p2a: TRANS!!!!!!!|atk|1\n|-unboost|p2b: angy >:(|atk|1\n|-ability|p2b: angy >:(|Defiant|boost\n|-boost|p2b: angy >:(|atk|2\n|turn|1\n|\n|t:|1682234576\n|-terastallize|p2b: angy >:(|Water\n|move|p1a: Grimmsnarl|Reflect|p1a: Grimmsnarl\n|-sidestart|p1: lukyluky|Reflect\n|move|p2a: TRANS!!!!!!!|Beat Up|p2b: angy >:(\n|-damage|p2b: angy >:(|99\/100\n|-damage|p2b: angy >:(|98\/100\n|-damage|p2b: angy >:(|97\/100\n|-damage|p2b: angy >:(|96\/100\n|-hitcount|p2b: angy >:(|4\n|move|p1b: Salamence|Dual Wingbeat|p2b: angy >:(\n|-crit|p2b: angy >:(\n|-damage|p2b: angy >:(|70\/100\n|-damage|p2b: angy >:(|54\/100\n|-hitcount|p2b: angy >:(|2\n|move|p2b: angy >:(|Bulk Up|p2b: angy >:(\n|-boost|p2b: angy >:(|atk|1\n|-boost|p2b: angy >:(|def|1\n|\n|-heal|p2b: angy >:(|61\/100|[from] item: Leftovers\n|upkeep\n|turn|2\n|\n|t:|1682234606\n|move|p2a: TRANS!!!!!!!|Follow Me|p2a: TRANS!!!!!!!\n|-singleturn|p2a: TRANS!!!!!!!|move: Follow Me\n|move|p1b: Salamence|Dragon Dance|p1b: Salamence\n|-boost|p1b: Salamence|atk|1\n|-boost|p1b: Salamence|spe|1\n|move|p2b: angy >:(|Drain Punch|p1a: Grimmsnarl\n|-damage|p1a: Grimmsnarl|34\/100\n|-heal|p2b: angy >:(|90\/100|[from] drain|[of] p1a: Grimmsnarl\n|move|p1a: Grimmsnarl|Foul Play|p2a: TRANS!!!!!!!\n|-damage|p2a: TRANS!!!!!!!|77\/100\n|\n|-heal|p2b: angy >:(|96\/100|[from] item: Leftovers\n|upkeep\n|turn|3\n|\n|t:|1682234637\n|-terastallize|p1a: Grimmsnarl|Fairy\n|move|p1a: Grimmsnarl|Light Screen|p1a: Grimmsnarl\n|-sidestart|p1: lukyluky|move: Light Screen\n|move|p1b: Salamence|Dual Wingbeat|p2b: angy >:(\n|-damage|p2b: angy >:(|78\/100\n|-damage|p2b: angy >:(|62\/100\n|-hitcount|p2b: angy >:(|2\n|move|p2a: TRANS!!!!!!!|Beat Up|p2b: angy >:(\n|-damage|p2b: angy >:(|62\/100\n|-damage|p2b: angy >:(|61\/100\n|-damage|p2b: angy >:(|60\/100\n|-damage|p2b: angy >:(|58\/100\n|-hitcount|p2b: angy >:(|4\n|move|p2b: angy >:(|Drain Punch|p1a: Grimmsnarl\n|-resisted|p1a: Grimmsnarl\n|-damage|p1a: Grimmsnarl|3\/100\n|-heal|p2b: angy >:(|72\/100|[from] drain|[of] p1a: Grimmsnarl\n|\n|-heal|p2b: angy >:(|78\/100|[from] item: Leftovers\n|upkeep\n|turn|4\n|\n|t:|1682234658\n|move|p1a: Grimmsnarl|Protect|p1a: Grimmsnarl\n|-singleturn|p1a: Grimmsnarl|Protect\n|move|p1b: Salamence|Dragon Dance|p1b: Salamence\n|-boost|p1b: Salamence|atk|1\n|-boost|p1b: Salamence|spe|1\n|move|p2a: TRANS!!!!!!!|Beat Up|p1a: Grimmsnarl\n|-activate|p1a: Grimmsnarl|move: Protect\n|move|p2b: angy >:(|Rage Fist|p1b: Salamence\n|-damage|p1b: Salamence|0 fnt\n|faint|p1b: Salamence\n|\n|-heal|p2b: angy >:(|85\/100|[from] item: Leftovers\n|upkeep\n|\n|t:|1682234671\n|switch|p1b: Kilowattrel|Kilowattrel, L50, F, shiny|100\/100\n|turn|5\n|\n|t:|1682234705\n|move|p2a: TRANS!!!!!!!|Follow Me|p2a: TRANS!!!!!!!\n|-singleturn|p2a: TRANS!!!!!!!|move: Follow Me\n|move|p1b: Kilowattrel|Thunderbolt|p2a: TRANS!!!!!!!\n|-damage|p2a: TRANS!!!!!!!|20\/100\n|move|p2b: angy >:(|Rage Fist|p1b: Kilowattrel\n|-enditem|p1b: Kilowattrel|Focus Sash\n|-damage|p1b: Kilowattrel|1\/100\n|move|p1a: Grimmsnarl|Foul Play|p2a: TRANS!!!!!!!\n|-damage|p2a: TRANS!!!!!!!|0 fnt\n|faint|p2a: TRANS!!!!!!!\n|\n|-heal|p2b: angy >:(|91\/100|[from] item: Leftovers\n|upkeep\n|\n|t:|1682234721\n|switch|p2a: fish|Chi-Yu, L50|100\/100\n|-ability|p2a: fish|Beads of Ruin\n|turn|6\n|\n|t:|1682234750\n|move|p2b: angy >:(|Protect|p2b: angy >:(\n|-singleturn|p2b: angy >:(|Protect\n|move|p1b: Kilowattrel|Thunderbolt|p2b: angy >:(\n|-activate|p2b: angy >:(|move: Protect\n|move|p2a: fish|Heat Wave|p1a: Grimmsnarl|[spread] p1a,p1b\n|-damage|p1a: Grimmsnarl|0 fnt\n|-damage|p1b: Kilowattrel|0 fnt\n|faint|p1a: Grimmsnarl\n|faint|p1b: Kilowattrel\n|\n|-heal|p2b: angy >:(|97\/100|[from] item: Leftovers\n|upkeep\n|-message|lukyluky forfeited.\n|\n|win|Peripuff\n|raw|lukyluky's rating: 1000 → 1000<\/strong> (+0 for losing)\n|raw|Peripuff's rating: 1068 → 1092<\/strong> (+24 for winning)\n|l|\u2606lukyluky\n","uploadtime":1682234765,"views":10,"p1id":"lukyluky","p2id":"peripuff","formatid":"gen9vgc2023regulationc","rating":1000,"private":0,"password":""}