{"id":"gen9vgc2023regulationc-1845510717","p1":"Supersuperscoops","p2":"WillieDangerously","format":"[Gen 9] VGC 2023 Regulation C","log":"|j|\u2606Supersuperscoops\n|j|\u2606WillieDangerously\n|t:|1681740760\n|gametype|doubles\n|player|p1|Supersuperscoops|169|1314\n|player|p2|WillieDangerously|psychic-gen4|1320\n|teamsize|p1|6\n|teamsize|p2|6\n|gen|9\n|tier|[Gen 9] VGC 2023 Regulation C\n|rated|\n|rule|Species Clause: Limit one of each Pok\u00e9mon\n|rule|Item Clause: Limit one of each item\n|clearpoke\n|poke|p1|Ting-Lu, L50|\n|poke|p1|Chi-Yu, L50|\n|poke|p1|Amoonguss, L50, M|\n|poke|p1|Azumarill, L50, M|\n|poke|p1|Orthworm, L50, F|\n|poke|p1|Flutter Mane, L50|\n|poke|p2|Corviknight, L50, F|\n|poke|p2|Tyranitar, L50, F|\n|poke|p2|Houndstone, L50, M|\n|poke|p2|Amoonguss, L50, F|\n|poke|p2|Iron Bundle, L50|\n|poke|p2|Arcanine, L50, F|\n|teampreview|4\n|inactive|Battle timer is ON: inactive players will automatically lose when time's up. (requested by Supersuperscoops)\nWillieDangerously has agreed to open team sheets.\n|inactive|WillieDangerously has 60 seconds left.\n|\n|t:|1681740818\n|start\n|switch|p1a: Orthworm|Orthworm, L50, F|100\/100\n|switch|p1b: Amoonguss|Amoonguss, L50, M|100\/100\n|switch|p2a: Iron Bundle|Iron Bundle, L50|100\/100\n|switch|p2b: Amoonguss|Amoonguss, L50, F|100\/100\n|-enditem|p2a: Iron Bundle|Booster Energy\n|-activate|p2a: Iron Bundle|ability: Quark Drive|[fromitem]\n|-start|p2a: Iron Bundle|quarkdrivespe\n|turn|1\n|inactive|WillieDangerously has 30 seconds left.\n|\n|t:|1681740844\n|move|p2a: Iron Bundle|Protect|p2a: Iron Bundle\n|-singleturn|p2a: Iron Bundle|Protect\n|move|p1b: Amoonguss|Protect|p1b: Amoonguss\n|-singleturn|p1b: Amoonguss|Protect\n|move|p1a: Orthworm|Shed Tail|p1a: Orthworm\n|-start|p1a: Orthworm|Substitute|[from] move: Shed Tail\n|-damage|p1a: Orthworm|50\/100\n|-enditem|p1a: Orthworm|Sitrus Berry|[eat]\n|-heal|p1a: Orthworm|75\/100|[from] item: Sitrus Berry\n|\n|t:|1681740849\n|switch|p1a: Azumarill|Azumarill, L50, M|100\/100|[from] Shed Tail\n|move|p2b: Amoonguss|Spore|p1a: Azumarill\n|-activate|p1a: Azumarill|item: Safety Goggles|Spore\n|\n|upkeep\n|turn|2\n|inactive|WillieDangerously has 30 seconds left.\n|\n|t:|1681740881\n|move|p2a: Iron Bundle|Freeze-Dry|p1a: Azumarill\n|-supereffective|p1a: Azumarill\n|-end|p1a: Azumarill|Substitute\n|move|p1a: Azumarill|Belly Drum|p1a: Azumarill\n|-damage|p1a: Azumarill|50\/100\n|-setboost|p1a: Azumarill|atk|6|[from] move: Belly Drum\n|move|p1b: Amoonguss|Pollen Puff|p1a: Azumarill\n|-heal|p1a: Azumarill|100\/100\n|move|p2b: Amoonguss|Energy Ball|p1a: Azumarill\n|-supereffective|p1a: Azumarill\n|-damage|p1a: Azumarill|46\/100\n|\n|upkeep\n|turn|3\n|\n|t:|1681740905\n|-terastallize|p1a: Azumarill|Fairy\n|move|p2a: Iron Bundle|Freeze-Dry|p1a: Azumarill\n|-damage|p1a: Azumarill|19\/100\n|move|p1a: Azumarill|Play Rough|p2b: Amoonguss\n|-resisted|p2b: Amoonguss\n|-damage|p2b: Amoonguss|0 fnt\n|faint|p2b: Amoonguss\n|move|p1b: Amoonguss|Pollen Puff|p1a: Azumarill\n|-heal|p1a: Azumarill|69\/100\n|\n|upkeep\n|\n|t:|1681740918\n|switch|p2b: Corviknight|Corviknight, L50, F|100\/100\n|turn|4\n|inactive|WillieDangerously has 30 seconds left.\n|\n|t:|1681740949\n|move|p1b: Amoonguss|Rage Powder|p1b: Amoonguss\n|-singleturn|p1b: Amoonguss|move: Rage Powder\n|move|p1a: Azumarill|Aqua Jet|p2b: Corviknight\n|-damage|p2b: Corviknight|13\/100\n|move|p2a: Iron Bundle|Icy Wind|p1b: Amoonguss|[spread] p1a,p1b\n|-supereffective|p1b: Amoonguss\n|-damage|p1a: Azumarill|53\/100\n|-damage|p1b: Amoonguss|68\/100\n|-unboost|p1a: Azumarill|spe|1\n|-unboost|p1b: Amoonguss|spe|1\n|move|p2b: Corviknight|Brave Bird|p1b: Amoonguss\n|-supereffective|p1b: Amoonguss\n|-damage|p1b: Amoonguss|0 fnt\n|-damage|p2b: Corviknight|0 fnt|[from] item: Rocky Helmet|[of] p1b: Amoonguss\n|faint|p1b: Amoonguss\n|faint|p2b: Corviknight\n|\n|upkeep\n|\n|t:|1681740965\n|switch|p2b: Houndstone|Houndstone, L50, M|100\/100\n|switch|p1b: Orthworm|Orthworm, L50, F|75\/100\n|turn|5\n|inactive|WillieDangerously has 30 seconds left.\n|\n|t:|1681740992\n|move|p1b: Orthworm|Helping Hand|p1a: Azumarill\n|-singleturn|p1a: Azumarill|Helping Hand|[of] p1b: Orthworm\n|move|p2b: Houndstone|Ally Switch|p2b: Houndstone\n|swap|p2b: Houndstone|0|[from] move: Ally Switch\n|move|p1a: Azumarill|Aqua Jet|p2b: Iron Bundle\n|-resisted|p2b: Iron Bundle\n|-damage|p2b: Iron Bundle|9\/100\n|move|p2b: Iron Bundle|Hydro Pump|p1a: Azumarill\n|-damage|p1a: Azumarill|3\/100\n|\n|upkeep\n|turn|6\n|\n|t:|1681741016\n|move|p1a: Azumarill|Protect|p1a: Azumarill\n|-singleturn|p1a: Azumarill|Protect\n|move|p2b: Iron Bundle|Icy Wind|p1b: Orthworm|[spread] p1b\n|-activate|p1a: Azumarill|move: Protect\n|-resisted|p1b: Orthworm\n|-damage|p1b: Orthworm|64\/100\n|-unboost|p1b: Orthworm|spe|1\n|move|p2a: Houndstone|Last Respects|p1a: Azumarill\n|-activate|p1a: Azumarill|move: Protect\n|move|p1b: Orthworm|Heavy Slam|p2b: Iron Bundle\n|-damage|p2b: Iron Bundle|0 fnt\n|faint|p2b: Iron Bundle\n|-end|p2b: Iron Bundle|Quark Drive|[silent]\n|\n|upkeep\n|turn|7\n|inactive|Supersuperscoops has 30 seconds left.\n|inactive|Supersuperscoops has 20 seconds left.\n|\n|t:|1681741056\n|move|p1b: Orthworm|Helping Hand|p1a: Azumarill\n|-singleturn|p1a: Azumarill|Helping Hand|[of] p1b: Orthworm\n|move|p1a: Azumarill|Aqua Jet|p2a: Houndstone\n|-damage|p2a: Houndstone|0 fnt\n|faint|p2a: Houndstone\n|\n|win|Supersuperscoops\n|raw|Supersuperscoops's rating: 1314 → 1334<\/strong> (+20 for winning)\n|raw|WillieDangerously's rating: 1320 → 1300<\/strong> (-20 for losing)\n","uploadtime":1681741062,"views":13,"p1id":"supersuperscoops","p2id":"williedangerously","formatid":"gen9vgc2023regulationc","rating":1300,"private":0,"password":""}