{"id":"gen9vgc2023regulationc-1849966512","p1":"Sr.Jedito1996","p2":"OarYouOkay","format":"[Gen 9] VGC 2023 Regulation C","log":"|j|\u2606Sr.Jedito1996\n|j|\u2606OarYouOkay\n|t:|1682273119\n|gametype|doubles\n|player|p1|Sr.Jedito1996|hilda|1113\n|player|p2|OarYouOkay|pokemonrangerf-gen4|1162\n|teamsize|p1|6\n|teamsize|p2|6\n|gen|9\n|tier|[Gen 9] VGC 2023 Regulation C\n|rated|\n|rule|Species Clause: Limit one of each Pok\u00e9mon\n|rule|Item Clause: Limit one of each item\n|clearpoke\n|poke|p1|Lurantis, L50, F|\n|poke|p1|Torkoal, L50, M|\n|poke|p1|Dachsbun, L50, M|\n|poke|p1|Flutter Mane, L50|\n|poke|p1|Farigiraf, L50, M|\n|poke|p1|Grumpig, L50, M|\n|poke|p2|Gyarados, L50, F|\n|poke|p2|Riolu, L50, M|\n|poke|p2|Scizor, L50, F|\n|poke|p2|Dragonite, L50, F|\n|poke|p2|Espeon, L50, M|\n|poke|p2|Passimian, L50, F|\n|teampreview|4\n|inactive|Battle timer is ON: inactive players will automatically lose when time's up. (requested by OarYouOkay)\n|\n|t:|1682273145\n|start\n|switch|p1a: Torkoal|Torkoal, L50, M|100\/100\n|switch|p1b: Dachsbun|Dachsbun, L50, M|100\/100\n|switch|p2a: Snip Snip|Scizor, L50, F|100\/100\n|switch|p2b: Emerald Kitty|Espeon, L50, M, shiny|100\/100\n|-weather|SunnyDay|[from] ability: Drought|[of] p1a: Torkoal\n|turn|1\n|inactive|OarYouOkay has 30 seconds left.\n|inactive|OarYouOkay has 20 seconds left.\n|inactive|OarYouOkay has 15 seconds left.\n|\n|t:|1682273187\n|move|p2b: Emerald Kitty|Psychic|p1b: Dachsbun\n|-damage|p1b: Dachsbun|57\/100\n|move|p1b: Dachsbun|Wish|p1b: Dachsbun\n|move|p2a: Snip Snip|U-turn|p1b: Dachsbun\n|-resisted|p1b: Dachsbun\n|-damage|p1b: Dachsbun|38\/100\n|\n|t:|1682273199\n|switch|p2a: Lighthouse|Dragonite, L50, F|100\/100|[from] U-turn\n|move|p1a: Torkoal|Lava Plume|p2b: Emerald Kitty|[spread] p2a,p2b\n|-ability|p1b: Dachsbun|Well-Baked Body|boost\n|-boost|p1b: Dachsbun|def|2\n|-resisted|p2a: Lighthouse\n|-damage|p2a: Lighthouse|89\/100\n|-damage|p2b: Emerald Kitty|43\/100\n|-status|p2a: Lighthouse|brn\n|\n|-weather|SunnyDay|[upkeep]\n|-heal|p1b: Dachsbun|44\/100|[from] item: Leftovers\n|-damage|p2a: Lighthouse|83\/100 brn|[from] brn\n|upkeep\n|turn|2\n|inactive|OarYouOkay has 30 seconds left.\n|\n|t:|1682273225\n|switch|p1a: Pal\u00edndromo|Farigiraf, L50, M|100\/100\n|move|p1b: Dachsbun|Protect|p1b: Dachsbun\n|-singleturn|p1b: Dachsbun|Protect\n|move|p2b: Emerald Kitty|Psychic|p1b: Dachsbun\n|-activate|p1b: Dachsbun|move: Protect\n|move|p2a: Lighthouse|Ice Spinner|p1b: Dachsbun\n|-activate|p1b: Dachsbun|move: Protect\n|\n|-weather|SunnyDay|[upkeep]\n|-heal|p1b: Dachsbun|94\/100|[from] move: Wish|[wisher] Dachsbun\n|-heal|p1b: Dachsbun|100\/100|[from] item: Leftovers\n|-damage|p2a: Lighthouse|77\/100 brn|[from] brn\n|upkeep\n|turn|3\n|inactive|Sr.Jedito1996 has 30 seconds left.\n|\n|t:|1682273260\n|-terastallize|p1b: Dachsbun|Ghost\n|move|p2b: Emerald Kitty|Psychic|p1b: Dachsbun\n|-damage|p1b: Dachsbun|58\/100\n|move|p1b: Dachsbun|Body Press|p2b: Emerald Kitty\n|-resisted|p2b: Emerald Kitty\n|-damage|p2b: Emerald Kitty|6\/100\n|move|p2a: Lighthouse|Dragon Tail|p1a: Pal\u00edndromo\n|-damage|p1a: Pal\u00edndromo|84\/100\n|drag|p1a: Torkoal|Torkoal, L50, M|100\/100\n|\n|-weather|SunnyDay|[upkeep]\n|-heal|p1b: Dachsbun|65\/100|[from] item: Leftovers\n|-damage|p2a: Lighthouse|71\/100 brn|[from] brn\n|upkeep\n|turn|4\n|inactive|OarYouOkay has 30 seconds left.\n|inactive|OarYouOkay has 20 seconds left.\n|\n|t:|1682273296\n|move|p2b: Emerald Kitty|Protect|p2b: Emerald Kitty\n|-singleturn|p2b: Emerald Kitty|Protect\n|move|p1b: Dachsbun|Wish|p1b: Dachsbun\n|move|p1a: Torkoal|Lava Plume|p2b: Emerald Kitty|[spread] p2a\n|-activate|p2b: Emerald Kitty|move: Protect\n|-ability|p1b: Dachsbun|Well-Baked Body|boost\n|-boost|p1b: Dachsbun|def|2\n|-resisted|p2a: Lighthouse\n|-damage|p2a: Lighthouse|52\/100 brn\n|move|p2a: Lighthouse|Dragon Tail|p1a: Torkoal\n|-damage|p1a: Torkoal|87\/100\n|drag|p1a: Pal\u00edndromo|Farigiraf, L50, M|84\/100\n|\n|-weather|SunnyDay|[upkeep]\n|-heal|p1b: Dachsbun|71\/100|[from] item: Leftovers\n|-damage|p2a: Lighthouse|45\/100 brn|[from] brn\n|upkeep\n|turn|5\n|inactive|Sr.Jedito1996 has 30 seconds left.\n|\n|t:|1682273326\n|move|p1b: Dachsbun|Protect|p1b: Dachsbun\n|-singleturn|p1b: Dachsbun|Protect\n|move|p2b: Emerald Kitty|Dazzling Gleam|p1a: Pal\u00edndromo|[spread] p1a\n|-activate|p1b: Dachsbun|move: Protect\n|-damage|p1a: Pal\u00edndromo|65\/100\n|move|p2a: Lighthouse|Dragon Tail|p1a: Pal\u00edndromo\n|-damage|p1a: Pal\u00edndromo|49\/100\n|drag|p1a: Torkoal|Torkoal, L50, M|87\/100\n|\n|-weather|none\n|-heal|p1b: Dachsbun|100\/100|[from] move: Wish|[wisher] Dachsbun\n|-damage|p2a: Lighthouse|39\/100 brn|[from] brn\n|upkeep\n|turn|6\n|\n|t:|1682273347\n|move|p2b: Emerald Kitty|Shadow Ball|p1b: Dachsbun\n|-supereffective|p1b: Dachsbun\n|-damage|p1b: Dachsbun|50\/100\n|move|p1b: Dachsbun|Body Press|p2a: Lighthouse\n|-resisted|p2a: Lighthouse\n|-damage|p2a: Lighthouse|9\/100 brn\n|move|p1a: Torkoal|Lava Plume|p2a: Lighthouse|[spread] p2a,p2b\n|-ability|p1b: Dachsbun|Well-Baked Body|boost\n|-boost|p1b: Dachsbun|def|2\n|-resisted|p2a: Lighthouse\n|-damage|p2a: Lighthouse|0 fnt\n|-damage|p2b: Emerald Kitty|0 fnt\n|faint|p2a: Lighthouse\n|faint|p2b: Emerald Kitty\n|\n|-heal|p1b: Dachsbun|57\/100|[from] item: Leftovers\n|upkeep\n|\n|t:|1682273359\n|switch|p2b: Snip Snip|Scizor, L50, F|100\/100\n|switch|p2a: Skullkraken|Gyarados, L50, F, shiny|100\/100\n|-ability|p2a: Skullkraken|Intimidate|boost\n|-unboost|p1a: Torkoal|atk|1\n|-unboost|p1b: Dachsbun|atk|1\n|turn|7\n|\n|t:|1682273372\n|switch|p1a: Pal\u00edndromo|Farigiraf, L50, M|49\/100\n|-terastallize|p2b: Snip Snip|Flying\n|move|p2a: Skullkraken|Earthquake|p1a: Pal\u00edndromo|[spread] p1a,p1b\n|-immune|p2b: Snip Snip\n|-damage|p1a: Pal\u00edndromo|25\/100\n|-damage|p1b: Dachsbun|50\/100\n|move|p1b: Dachsbun|Body Press|p2b: Snip Snip\n|-resisted|p2b: Snip Snip\n|-damage|p2b: Snip Snip|55\/100\n|move|p2b: Snip Snip|Aerial Ace|p1a: Pal\u00edndromo\n|-damage|p1a: Pal\u00edndromo|0 fnt\n|faint|p1a: Pal\u00edndromo\n|\n|-heal|p1b: Dachsbun|57\/100|[from] item: Leftovers\n|upkeep\n|\n|t:|1682273387\n|switch|p1a: Torkoal|Torkoal, L50, M|87\/100\n|-weather|SunnyDay|[from] ability: Drought|[of] p1a: Torkoal\n|turn|8\n|\n|t:|1682273404\n|move|p2a: Skullkraken|Earthquake|p1a: Torkoal|[spread] p1a,p1b\n|-immune|p2b: Snip Snip\n|-supereffective|p1a: Torkoal\n|-damage|p1a: Torkoal|47\/100\n|-damage|p1b: Dachsbun|49\/100\n|move|p1b: Dachsbun|Yawn|p2a: Skullkraken\n|-start|p2a: Skullkraken|move: Yawn|[of] p1b: Dachsbun\n|move|p2b: Snip Snip|Aerial Ace|p1a: Torkoal\n|-damage|p1a: Torkoal|8\/100\n|move|p1a: Torkoal|Lava Plume|p2b: Snip Snip|[spread] p2a,p2b\n|-immune|p1b: Dachsbun|[from] ability: Well-Baked Body\n|-resisted|p2a: Skullkraken\n|-damage|p2a: Skullkraken|75\/100\n|-damage|p2b: Snip Snip|4\/100\n|-status|p2b: Snip Snip|brn\n|\n|-weather|SunnyDay|[upkeep]\n|-heal|p1b: Dachsbun|55\/100|[from] item: Leftovers\n|-damage|p2b: Snip Snip|0 fnt|[from] brn\n|faint|p2b: Snip Snip\n|upkeep\n|turn|9\n|-message|OarYouOkay forfeited.\n|\n|win|Sr.Jedito1996\n|raw|Sr.Jedito1996's rating: 1113 → 1142<\/strong> (+29 for winning)\n|raw|OarYouOkay's rating: 1162 → 1133<\/strong> (-29 for losing)\n|l|\u2606OarYouOkay\n","uploadtime":1682273435,"views":8,"p1id":"srjedito1996","p2id":"oaryouokay","formatid":"gen9vgc2023regulationc","rating":1133,"private":0,"password":""}