{"id":"gen9vgc2023regulationc-1861149576","p1":"Sokolata Florou","p2":"devilakos","format":"[Gen 9] VGC 2023 Regulation C","log":"|j|\u2606Sokolata Florou\n|j|\u2606devilakos\n|t:|1683730918\n|gametype|doubles\n|player|p1|Sokolata Florou|baker|\n|player|p2|devilakos|170|\n|teamsize|p1|6\n|teamsize|p2|6\n|gen|9\n|tier|[Gen 9] VGC 2023 Regulation C\n|rule|Species Clause: Limit one of each Pok\u00e9mon\n|rule|Item Clause: Limit one of each item\n|clearpoke\n|poke|p1|Flutter Mane, L50|\n|poke|p1|Arcanine, L50, M|\n|poke|p1|Palafin, L50, M|\n|poke|p1|Amoonguss, L50, F|\n|poke|p1|Iron Hands, L50|\n|poke|p1|Ting-Lu, L50|\n|poke|p2|Arcanine, L50, M|\n|poke|p2|Palafin, L50, F|\n|poke|p2|Chien-Pao, L50|\n|poke|p2|Flutter Mane, L50|\n|poke|p2|Dragonite, L50, F|\n|poke|p2|Amoonguss, L50, M|\n|teampreview|4\n|inactive|Battle timer is ON: inactive players will automatically lose when time's up. (requested by Sokolata Florou)\ndevilakos has agreed to open team sheets.\nSokolata Florou has agreed to open team sheets.\n|inactive|Sokolata Florou has 60 seconds left.\n|\n|t:|1683730955\n|start\n|switch|p1a: Super Dad|Palafin, L50, M, shiny|100\/100\n|switch|p1b: Unfunny|Amoonguss, L50, F|100\/100\n|switch|p2a: Amoonguss|Amoonguss, L50, M|100\/100\n|switch|p2b: Palafin|Palafin, L50, F|100\/100\n|turn|1\n|\n|t:|1683730976\n|detailschange|p1a: Super Dad|Palafin-Hero, L50, M, shiny\n|switch|p1a: Good boy|Arcanine, L50, M|100\/100\n|-ability|p1a: Good boy|Intimidate|boost\n|-unboost|p2a: Amoonguss|atk|1\n|-unboost|p2b: Palafin|atk|1\n|detailschange|p2b: Palafin|Palafin-Hero, L50, F\n|switch|p2b: Flutter Mane|Flutter Mane, L50|100\/100\n|-enditem|p2b: Flutter Mane|Booster Energy\n|-activate|p2b: Flutter Mane|ability: Protosynthesis|[fromitem]\n|-start|p2b: Flutter Mane|protosynthesisspa\n|move|p2a: Amoonguss|Rage Powder|p2a: Amoonguss\n|-singleturn|p2a: Amoonguss|move: Rage Powder\n|move|p1b: Unfunny|Spore|p2b: Flutter Mane\n|-status|p2b: Flutter Mane|slp|[from] move: Spore\n|\n|upkeep\n|turn|2\n|\n|t:|1683731000\n|cant|p2b: Flutter Mane|slp\n|move|p1a: Good boy|Flare Blitz|p2a: Amoonguss\n|-supereffective|p2a: Amoonguss\n|-damage|p2a: Amoonguss|29\/100\n|-enditem|p2a: Amoonguss|Sitrus Berry|[eat]\n|-heal|p2a: Amoonguss|54\/100|[from] item: Sitrus Berry\n|-damage|p1a: Good boy|74\/100|[from] Recoil\n|move|p1b: Unfunny|Pollen Puff|p1a: Good boy\n|-heal|p1a: Good boy|100\/100\n|move|p2a: Amoonguss|Spore|p1a: Good boy\n|-activate|p1a: Good boy|item: Safety Goggles|Spore\n|\n|upkeep\n|turn|3\n|\n|t:|1683731018\n|switch|p1b: Super Dad|Palafin-Hero, L50, M, shiny|100\/100\n|-activate|p1b: Super Dad|ability: Zero to Hero\n|switch|p2a: Dragonite|Dragonite, L50, F|100\/100\n|cant|p2b: Flutter Mane|slp\n|move|p1a: Good boy|Flare Blitz|p2a: Dragonite\n|-resisted|p2a: Dragonite\n|-damage|p2a: Dragonite|89\/100\n|-damage|p1a: Good boy|97\/100|[from] Recoil\n|\n|upkeep\n|turn|4\n|\n|t:|1683731041\n|-terastallize|p1b: Super Dad|Water\n|move|p1b: Super Dad|Jet Punch|p2b: Flutter Mane\n|-damage|p2b: Flutter Mane|0 fnt\n|faint|p2b: Flutter Mane\n|-end|p2b: Flutter Mane|Protosynthesis|[silent]\n|move|p1a: Good boy|Will-O-Wisp|p2a: Dragonite|[miss]\n|-miss|p1a: Good boy|p2a: Dragonite\n|move|p2a: Dragonite|Earthquake|p1b: Super Dad|[spread] p1a,p1b\n|-supereffective|p1a: Good boy\n|-damage|p1a: Good boy|7\/100\n|-damage|p1b: Super Dad|60\/100\n|\n|upkeep\n|\n|t:|1683731055\n|switch|p2b: Palafin|Palafin-Hero, L50, F|100\/100\n|-activate|p2b: Palafin|ability: Zero to Hero\n|turn|5\n|\n|t:|1683731066\n|switch|p1a: Unfunny|Amoonguss, L50, F|100\/100\n|-terastallize|p2b: Palafin|Water\n|move|p2b: Palafin|Protect|p2b: Palafin\n|-singleturn|p2b: Palafin|Protect\n|move|p1b: Super Dad|Wave Crash|p2b: Palafin\n|-activate|p2b: Palafin|move: Protect\n|move|p2a: Dragonite|Earthquake|p1a: Unfunny|[spread] p1a,p1b\n|-activate|p2b: Palafin|move: Protect\n|-damage|p1a: Unfunny|64\/100\n|-damage|p1b: Super Dad|22\/100\n|\n|upkeep\n|turn|6\n|\n|t:|1683731089\n|move|p1a: Unfunny|Rage Powder|p1a: Unfunny\n|-singleturn|p1a: Unfunny|move: Rage Powder\n|move|p2b: Palafin|Jet Punch|p1a: Unfunny\n|-resisted|p1a: Unfunny\n|-damage|p1a: Unfunny|39\/100\n|-enditem|p1a: Unfunny|Sitrus Berry|[eat]\n|-heal|p1a: Unfunny|64\/100|[from] item: Sitrus Berry\n|move|p1b: Super Dad|Wave Crash|p2b: Palafin\n|-resisted|p2b: Palafin\n|-damage|p2b: Palafin|46\/100\n|-damage|p1b: Super Dad|3\/100|[from] Recoil\n|move|p2a: Dragonite|Earthquake|p1a: Unfunny|[spread] p2b,p1a,p1b\n|-damage|p2b: Palafin|8\/100\n|-damage|p1a: Unfunny|31\/100\n|-damage|p1b: Super Dad|0 fnt\n|faint|p1b: Super Dad\n|\n|upkeep\n|\n|t:|1683731101\n|switch|p1b: Good boy|Arcanine, L50, M|7\/100\n|-ability|p1b: Good boy|Intimidate|boost\n|-unboost|p2a: Dragonite|atk|1\n|-unboost|p2b: Palafin|atk|1\n|turn|7\n|\n|t:|1683731119\n|move|p2b: Palafin|Protect|p2b: Palafin\n|-singleturn|p2b: Palafin|Protect\n|move|p1a: Unfunny|Rage Powder|p1a: Unfunny\n|-singleturn|p1a: Unfunny|move: Rage Powder\n|move|p1b: Good boy|Will-O-Wisp|p2b: Palafin\n|-activate|p2b: Palafin|move: Protect\n|move|p2a: Dragonite|Earthquake|p1a: Unfunny|[spread] p1a,p1b\n|-activate|p2b: Palafin|move: Protect\n|-supereffective|p1b: Good boy\n|-damage|p1a: Unfunny|8\/100\n|-damage|p1b: Good boy|0 fnt\n|faint|p1b: Good boy\n|\n|upkeep\n|\n|t:|1683731125\n|switch|p1b: Misery|Flutter Mane, L50|100\/100\n|-enditem|p1b: Misery|Booster Energy\n|-activate|p1b: Misery|ability: Protosynthesis|[fromitem]\n|-start|p1b: Misery|protosynthesisspa\n|turn|8\n|\n|t:|1683731147\n|move|p2b: Palafin|Jet Punch|p1b: Misery\n|-damage|p1b: Misery|33\/100\n|move|p1b: Misery|Moonblast|p2a: Dragonite\n|-supereffective|p2a: Dragonite\n|-damage|p2a: Dragonite|0 fnt\n|faint|p2a: Dragonite\n|move|p1a: Unfunny|Pollen Puff|p1b: Misery\n|-heal|p1b: Misery|83\/100\n|\n|upkeep\n|\n|t:|1683731158\n|switch|p2a: Amoonguss|Amoonguss, L50, M|87\/100\n|turn|9\n|\n|t:|1683731177\n|move|p1b: Misery|Protect|p1b: Misery\n|-singleturn|p1b: Misery|Protect\n|move|p2b: Palafin|Jet Punch|p1a: Unfunny\n|-resisted|p1a: Unfunny\n|-damage|p1a: Unfunny|0 fnt\n|faint|p1a: Unfunny\n|move|p2a: Amoonguss|Pollen Puff|p2b: Palafin\n|-heal|p2b: Palafin|58\/100\n|\n|upkeep\n|turn|10\n|\n|t:|1683731192\n|move|p2a: Amoonguss|Rage Powder|p2a: Amoonguss\n|-singleturn|p2a: Amoonguss|move: Rage Powder\n|move|p2b: Palafin|Jet Punch|p1b: Misery\n|-damage|p1b: Misery|9\/100\n|move|p1b: Misery|Moonblast|p2a: Amoonguss\n|-resisted|p2a: Amoonguss\n|-damage|p2a: Amoonguss|61\/100\n|\n|upkeep\n|turn|11\n|\n|t:|1683731204\n|move|p2b: Palafin|Jet Punch|p1b: Misery\n|-damage|p1b: Misery|0 fnt\n|faint|p1b: Misery\n|-end|p1b: Misery|Protosynthesis|[silent]\n|\n|win|devilakos\n|c|\u2606Sokolata Florou|Gg\n|l|\u2606Sokolata Florou\n","uploadtime":1683731220,"views":6,"p1id":"sokolataflorou","p2id":"devilakos","formatid":"gen9vgc2023regulationc","rating":0,"private":0,"password":""}