{"id":"gen9vgc2023regulationc-1850640039","p1":"BBnoCrit$","p2":"omlov","format":"[Gen 9] VGC 2023 Regulation C","log":"|j|\u203dBBnoCrit$\n|j|\u2606omlov\n|t:|1682355253\n|gametype|doubles\n|player|p1|BBnoCrit$|170|1453\n|player|p2|omlov|lass-gen4dp|1379\n|teamsize|p1|6\n|teamsize|p2|6\n|gen|9\n|tier|[Gen 9] VGC 2023 Regulation C\n|rated|\n|rule|Species Clause: Limit one of each Pok\u00e9mon\n|rule|Item Clause: Limit one of each item\n|clearpoke\n|poke|p1|Amoonguss, L50, F|\n|poke|p1|Arcanine, L50, M|\n|poke|p1|Palafin, L50, M|\n|poke|p1|Flutter Mane, L50|\n|poke|p1|Chi-Yu, L50|\n|poke|p1|Dragonite, L50, F|\n|poke|p2|Amoonguss, L50, M|\n|poke|p2|Chi-Yu, L50|\n|poke|p2|Gyarados, L50, M|\n|poke|p2|Flutter Mane, L50|\n|poke|p2|Iron Hands, L50|\n|poke|p2|Kingambit, L50, M|\n|teampreview|4\n|inactive|Battle timer is ON: inactive players will automatically lose when time's up. (requested by omlov)\n|inactive|BBnoCrit$ has 60 seconds left.\n|inactive|omlov has 60 seconds left.\n|inactive|BBnoCrit$ has 30 seconds left.\n|inactive|BBnoCrit$ has 20 seconds left.\n|inactive|BBnoCrit$ has 15 seconds left.\n|inactive|BBnoCrit$ has 10 seconds left.\n|\n|t:|1682355334\n|start\n|switch|p1a: Flutter Mane|Flutter Mane, L50|100\/100\n|switch|p1b: Chi-Yu|Chi-Yu, L50|100\/100\n|switch|p2a: Kingambit|Kingambit, L50, M|100\/100\n|switch|p2b: Gyarados|Gyarados, L50, M|100\/100\n|-ability|p1b: Chi-Yu|Beads of Ruin\n|-ability|p2b: Gyarados|Intimidate|boost\n|-unboost|p1a: Flutter Mane|atk|1\n|-unboost|p1b: Chi-Yu|atk|1\n|-enditem|p1a: Flutter Mane|Booster Energy\n|-activate|p1a: Flutter Mane|ability: Protosynthesis|[fromitem]\n|-start|p1a: Flutter Mane|protosynthesisspe\n|turn|1\n|inactive|BBnoCrit$ has 30 seconds left.\n|inactive|omlov has 30 seconds left.\n|inactive|BBnoCrit$ has 20 seconds left.\n|inactive|omlov has 20 seconds left.\n|inactive|BBnoCrit$ has 15 seconds left.\n|\n|t:|1682355377\n|-terastallize|p2a: Kingambit|Fire\n|move|p1a: Flutter Mane|Moonblast|p2b: Gyarados\n|-damage|p2b: Gyarados|51\/100\n|-unboost|p2b: Gyarados|spa|1\n|move|p1b: Chi-Yu|Dark Pulse|p2b: Gyarados\n|-damage|p2b: Gyarados|0 fnt\n|faint|p2b: Gyarados\n|move|p2a: Kingambit|Low Kick|p1b: Chi-Yu\n|-supereffective|p1b: Chi-Yu\n|-damage|p1b: Chi-Yu|76\/100\n|\n|upkeep\n|\n|t:|1682355392\n|switch|p2b: Amoonguss|Amoonguss, L50, M|100\/100\n|turn|2\n|\n|t:|1682355404\n|switch|p1b: Amoonguss|Amoonguss, L50, F|100\/100\n|move|p1a: Flutter Mane|Protect|p1a: Flutter Mane\n|-singleturn|p1a: Flutter Mane|Protect\n|move|p2a: Kingambit|Iron Head|p1a: Flutter Mane\n|-activate|p1a: Flutter Mane|move: Protect\n|move|p2b: Amoonguss|Spore|p1b: Amoonguss\n|-immune|p1b: Amoonguss\n|\n|upkeep\n|turn|3\n|\n|t:|1682355422\n|move|p1a: Flutter Mane|Shadow Ball|p2b: Amoonguss\n|-damage|p2b: Amoonguss|68\/100\n|move|p2a: Kingambit|Assurance|p1a: Flutter Mane\n|-damage|p1a: Flutter Mane|45\/100\n|move|p2b: Amoonguss|Spore|p1a: Flutter Mane\n|-status|p1a: Flutter Mane|slp|[from] move: Spore\n|move|p1b: Amoonguss|Spore|p2a: Kingambit\n|-status|p2a: Kingambit|slp|[from] move: Spore\n|\n|upkeep\n|turn|4\n|\n|t:|1682355444\n|cant|p1a: Flutter Mane|slp\n|cant|p2a: Kingambit|slp\n|move|p2b: Amoonguss|Clear Smog|p1a: Flutter Mane\n|-damage|p1a: Flutter Mane|30\/100 slp\n|-clearboost|p1a: Flutter Mane\n|move|p1b: Amoonguss|Pollen Puff|p1a: Flutter Mane\n|-heal|p1a: Flutter Mane|80\/100 slp\n|\n|upkeep\n|turn|5\n|\n|t:|1682355460\n|-curestatus|p1a: Flutter Mane|slp|[msg]\n|move|p1a: Flutter Mane|Protect|p1a: Flutter Mane\n|-singleturn|p1a: Flutter Mane|Protect\n|-curestatus|p2a: Kingambit|slp|[msg]\n|move|p2a: Kingambit|Iron Head|p1a: Flutter Mane\n|-activate|p1a: Flutter Mane|move: Protect\n|move|p2b: Amoonguss|Clear Smog|p1a: Flutter Mane\n|-activate|p1a: Flutter Mane|move: Protect\n|move|p1b: Amoonguss|Pollen Puff|p2b: Amoonguss\n|-damage|p2b: Amoonguss|50\/100\n|\n|upkeep\n|turn|6\n|\n|t:|1682355475\n|switch|p2b: Flutter Mane|Flutter Mane, L50|100\/100\n|-enditem|p2b: Flutter Mane|Booster Energy\n|-activate|p2b: Flutter Mane|ability: Protosynthesis|[fromitem]\n|-start|p2b: Flutter Mane|protosynthesisspa\n|move|p1b: Amoonguss|Rage Powder|p1b: Amoonguss\n|-singleturn|p1b: Amoonguss|move: Rage Powder\n|move|p1a: Flutter Mane|Shadow Ball|p2b: Flutter Mane\n|-supereffective|p2b: Flutter Mane\n|-damage|p2b: Flutter Mane|39\/100\n|move|p2a: Kingambit|Iron Head|p1b: Amoonguss\n|-damage|p1b: Amoonguss|62\/100\n|\n|upkeep\n|turn|7\n|\n|t:|1682355496\n|-end|p2b: Flutter Mane|Protosynthesis|[silent]\n|switch|p2b: Amoonguss|Amoonguss, L50, M|84\/100\n|move|p1a: Flutter Mane|Shadow Ball|p2a: Kingambit\n|-damage|p2a: Kingambit|77\/100\n|move|p2a: Kingambit|Iron Head|p1a: Flutter Mane\n|-supereffective|p1a: Flutter Mane\n|-damage|p1a: Flutter Mane|0 fnt\n|faint|p1a: Flutter Mane\n|-end|p1a: Flutter Mane|Protosynthesis|[silent]\n|move|p1b: Amoonguss|Spore|p2a: Kingambit\n|-status|p2a: Kingambit|slp|[from] move: Spore\n|\n|upkeep\n|\n|t:|1682355504\n|switch|p1a: Chi-Yu|Chi-Yu, L50|76\/100\n|-ability|p1a: Chi-Yu|Beads of Ruin\n|turn|8\n|\n|t:|1682355523\n|switch|p1b: Palafin|Palafin, L50, M, shiny|100\/100\n|move|p1a: Chi-Yu|Heat Wave|p2b: Amoonguss|[spread] p2a,p2b\n|-resisted|p2a: Kingambit\n|-supereffective|p2b: Amoonguss\n|-damage|p2a: Kingambit|52\/100 slp\n|-damage|p2b: Amoonguss|0 fnt\n|faint|p2b: Amoonguss\n|cant|p2a: Kingambit|slp\n|\n|upkeep\n|\n|t:|1682355530\n|switch|p2b: Flutter Mane|Flutter Mane, L50|39\/100\n|turn|9\n|inactive|BBnoCrit$ has 30 seconds left.\n|\n|t:|1682355558\n|move|p1b: Palafin|Jet Punch|p2b: Flutter Mane\n|-damage|p2b: Flutter Mane|11\/100\n|cant|p2a: Kingambit|slp\n|move|p2b: Flutter Mane|Dazzling Gleam|p1a: Chi-Yu|[spread] p1a,p1b\n|-damage|p1a: Chi-Yu|42\/100\n|-damage|p1b: Palafin|48\/100\n|move|p1a: Chi-Yu|Heat Wave|p2b: Flutter Mane|[spread] p2a,p2b\n|-resisted|p2a: Kingambit\n|-damage|p2a: Kingambit|29\/100 slp\n|-damage|p2b: Flutter Mane|0 fnt\n|faint|p2b: Flutter Mane\n|-end|p2b: Flutter Mane|Protosynthesis|[silent]\n|\n|-heal|p1b: Palafin|54\/100|[from] item: Leftovers\n|upkeep\n|turn|10\n|\n|t:|1682355574\n|switch|p1a: Amoonguss|Amoonguss, L50, F|96\/100\n|move|p1b: Palafin|Wave Crash|p2a: Kingambit\n|-supereffective|p2a: Kingambit\n|-damage|p2a: Kingambit|0 fnt\n|faint|p2a: Kingambit\n|-damage|p1b: Palafin|44\/100|[from] Recoil\n|\n|win|BBnoCrit$\n|raw|BBnoCrit$'s rating: 1453 → 1469<\/strong> (+16 for winning)\n|raw|omlov's rating: 1379 → 1363<\/strong> (-16 for losing)\n|l|\u2606omlov\n","uploadtime":1682355649,"views":16,"p1id":"bbnocrit","p2id":"omlov","formatid":"gen9vgc2023regulationc","rating":1363,"private":0,"password":""}