{"id":"gen9vgc2023regulationc-1856741921","p1":"Hejeisn","p2":"saccuz","format":"[Gen 9] VGC 2023 Regulation C","log":"|j|\u2606Hejeisn\n|j|\u2606saccuz\n|t:|1683104106\n|gametype|doubles\n|player|p1|Hejeisn|265|1079\n|player|p2|saccuz|blue|1049\n|teamsize|p1|6\n|teamsize|p2|6\n|gen|9\n|tier|[Gen 9] VGC 2023 Regulation C\n|rated|\n|rule|Species Clause: Limit one of each Pok\u00e9mon\n|rule|Item Clause: Limit one of each item\n|clearpoke\n|poke|p1|Brute Bonnet, L50|\n|poke|p1|Murkrow, L50, F|\n|poke|p1|Flutter Mane, L50|\n|poke|p1|Great Tusk, L50|\n|poke|p1|Roaring Moon, L50|\n|poke|p1|Corviknight, L50, F|\n|poke|p2|Iron Thorns, L50|\n|poke|p2|Sylveon, L50, M|\n|poke|p2|Dragapult, L50, M|\n|poke|p2|Corviknight, L50, F|\n|poke|p2|Wo-Chien, L50|\n|poke|p2|Arcanine, L50, F|\n|teampreview|4\n|inactive|Battle timer is ON: inactive players will automatically lose when time's up. (requested by saccuz)\n|\n|t:|1683104167\n|start\n|switch|p1a: Murkrow|Murkrow, L50, F|100\/100\n|switch|p1b: Flutter Mane|Flutter Mane, L50|100\/100\n|switch|p2a: Dragapult|Dragapult, L50, M|100\/100\n|switch|p2b: Corviknight|Corviknight, L50, F, shiny|100\/100\n|turn|1\n|\n|t:|1683104184\n|move|p1b: Flutter Mane|Protect|p1b: Flutter Mane\n|-singleturn|p1b: Flutter Mane|Protect\n|move|p1a: Murkrow|Tailwind|p1a: Murkrow\n|-sidestart|p1: Hejeisn|move: Tailwind\n|move|p2a: Dragapult|U-turn|p1a: Murkrow\n|-damage|p1a: Murkrow|66\/100\n|\n|t:|1683104195\n|switch|p2a: Sylveon|Sylveon, L50, M, shiny|100\/100|[from] U-turn\n|move|p2b: Corviknight|Tailwind|p2b: Corviknight\n|-sidestart|p2: saccuz|move: Tailwind\n|\n|upkeep\n|turn|2\n|\n|t:|1683104220\n|move|p1a: Murkrow|Sunny Day|p1a: Murkrow\n|-weather|SunnyDay\n|-activate|p1b: Flutter Mane|ability: Protosynthesis\n|-start|p1b: Flutter Mane|protosynthesisspa\n|move|p1b: Flutter Mane|Moonblast|p2a: Sylveon\n|-damage|p2a: Sylveon|57\/100\n|move|p2b: Corviknight|Iron Head|p1b: Flutter Mane\n|-supereffective|p1b: Flutter Mane\n|-enditem|p1b: Flutter Mane|Focus Sash\n|-damage|p1b: Flutter Mane|1\/100\n|move|p2a: Sylveon|Hyper Voice|p1b: Flutter Mane|[spread] p1a,p1b\n|-supereffective|p1a: Murkrow\n|-damage|p1a: Murkrow|0 fnt\n|-damage|p1b: Flutter Mane|0 fnt\n|faint|p1a: Murkrow\n|faint|p1b: Flutter Mane\n|-end|p1b: Flutter Mane|Protosynthesis|[silent]\n|-enditem|p2a: Sylveon|Throat Spray\n|-boost|p2a: Sylveon|spa|1|[from] item: Throat Spray\n|\n|-weather|SunnyDay|[upkeep]\n|upkeep\n|\n|t:|1683104239\n|switch|p1b: Great Tusk|Great Tusk, L50|100\/100\n|switch|p1a: Roaring Moon|Roaring Moon, L50|100\/100\n|-activate|p1a: Roaring Moon|ability: Protosynthesis\n|-start|p1a: Roaring Moon|protosynthesisatk\n|-activate|p1b: Great Tusk|ability: Protosynthesis\n|-start|p1b: Great Tusk|protosynthesisatk\n|turn|3\n|\n|t:|1683104262\n|switch|p2b: Arcanine|Arcanine, L50, F, shiny|100\/100\n|-ability|p2b: Arcanine|Intimidate|boost\n|-unboost|p1a: Roaring Moon|atk|1\n|-unboost|p1b: Great Tusk|atk|1\n|-terastallize|p1a: Roaring Moon|Flying\n|move|p2a: Sylveon|Protect|p2a: Sylveon\n|-singleturn|p2a: Sylveon|Protect\n|move|p1a: Roaring Moon|Acrobatics|p2a: Sylveon\n|-activate|p2a: Sylveon|move: Protect\n|move|p1b: Great Tusk|Rock Slide|p2a: Sylveon|[spread] p2b\n|-activate|p2a: Sylveon|move: Protect\n|-supereffective|p2b: Arcanine\n|-damage|p2b: Arcanine|62\/100\n|\n|-weather|SunnyDay|[upkeep]\n|upkeep\n|turn|4\n|inactive|saccuz has 30 seconds left.\n|\n|t:|1683104292\n|move|p2b: Arcanine|Will-O-Wisp|p1b: Great Tusk\n|-status|p1b: Great Tusk|brn\n|move|p1a: Roaring Moon|Dragon Dance|p1a: Roaring Moon\n|-boost|p1a: Roaring Moon|atk|1\n|-boost|p1a: Roaring Moon|spe|1\n|move|p1b: Great Tusk|Earthquake|p2a: Sylveon|[spread] p2a,p2b\n|-immune|p1a: Roaring Moon\n|-supereffective|p2b: Arcanine\n|-damage|p2a: Sylveon|33\/100\n|-damage|p2b: Arcanine|21\/100\n|move|p2a: Sylveon|Hyper Voice|p1b: Great Tusk|[spread] p1a,p1b\n|-crit|p1a: Roaring Moon\n|-supereffective|p1b: Great Tusk\n|-damage|p1a: Roaring Moon|32\/100\n|-damage|p1b: Great Tusk|33\/100 brn\n|\n|-weather|SunnyDay|[upkeep]\n|-damage|p1b: Great Tusk|27\/100 brn|[from] brn\n|-sideend|p1: Hejeisn|move: Tailwind\n|-sideend|p2: saccuz|move: Tailwind\n|upkeep\n|turn|5\n|inactive|Hejeisn has 30 seconds left.\n|\n|t:|1683104318\n|move|p2b: Arcanine|Extreme Speed|p1a: Roaring Moon\n|-damage|p1a: Roaring Moon|8\/100\n|move|p2a: Sylveon|Quick Attack|p1a: Roaring Moon\n|-damage|p1a: Roaring Moon|0 fnt\n|faint|p1a: Roaring Moon\n|-end|p1a: Roaring Moon|Protosynthesis|[silent]\n|move|p1b: Great Tusk|Headlong Rush|p2b: Arcanine\n|-supereffective|p2b: Arcanine\n|-damage|p2b: Arcanine|0 fnt\n|-unboost|p1b: Great Tusk|def|1\n|-unboost|p1b: Great Tusk|spd|1\n|faint|p2b: Arcanine\n|\n|-weather|SunnyDay|[upkeep]\n|-damage|p1b: Great Tusk|22\/100 brn|[from] brn\n|upkeep\n|\n|t:|1683104328\n|switch|p2b: Dragapult|Dragapult, L50, M|100\/100\n|turn|6\n|c|\u2606saccuz|gg\n|\n|t:|1683104336\n|move|p2b: Dragapult|Dragon Darts|p1b: Great Tusk\n|-damage|p1b: Great Tusk|0 fnt\n|faint|p1b: Great Tusk\n|-end|p1b: Great Tusk|Protosynthesis|[silent]\n|\n|win|saccuz\n|raw|Hejeisn's rating: 1079 → 1055<\/strong> (-24 for losing)\n|raw|saccuz's rating: 1049 → 1084<\/strong> (+35 for winning)\n","uploadtime":1683104345,"views":13,"p1id":"hejeisn","p2id":"saccuz","formatid":"gen9vgc2023regulationc","rating":1055,"private":0,"password":""}