{"id":"gen9vgc2023regulationc-1854390624","p1":"Flopi667","p2":"Abugbog","format":"[Gen 9] VGC 2023 Regulation C","log":"|j|\u2606Flopi667\n|j|\u2606Abugbog\n|t:|1682804947\n|gametype|doubles\n|player|p1|Flopi667|brawly|1174\n|player|p2|Abugbog|266|1166\n|teamsize|p1|6\n|teamsize|p2|6\n|gen|9\n|tier|[Gen 9] VGC 2023 Regulation C\n|rated|\n|rule|Species Clause: Limit one of each Pok\u00e9mon\n|rule|Item Clause: Limit one of each item\n|clearpoke\n|poke|p1|Chi-Yu, L50|\n|poke|p1|Flutter Mane, L50|\n|poke|p1|Iron Bundle, L50|\n|poke|p1|Annihilape, L50, F|\n|poke|p1|Maushold-Four, L50|\n|poke|p1|Dragonite, L50, F|\n|poke|p2|Chien-Pao, L50|\n|poke|p2|Dragonite, L50, M|\n|poke|p2|Drednaw, L50, M|\n|poke|p2|Pelipper, L50, M|\n|poke|p2|Dondozo, L50, M|\n|poke|p2|Tatsugiri-Droopy, L50, M|\n|teampreview|4\n|inactive|Battle timer is ON: inactive players will automatically lose when time's up. (requested by Flopi667)\n|j| Gugsi Gugstar\n|\n|t:|1682804997\n|start\n|switch|p1a: Maushold|Maushold-Four, L50|100\/100\n|switch|p1b: Annihilape|Annihilape, L50, F|100\/100\n|switch|p2a: Pelipper|Pelipper, L50, M|100\/100\n|switch|p2b: Drednaw|Drednaw, L50, M, shiny|100\/100\n|-weather|RainDance|[from] ability: Drizzle|[of] p2a: Pelipper\n|turn|1\n|inactive|Flopi667 has 30 seconds left.\n|inactive|Abugbog has 30 seconds left.\n|inactive|Abugbog has 20 seconds left.\n|\n|t:|1682805037\n|move|p1b: Annihilape|Protect|p1b: Annihilape\n|-singleturn|p1b: Annihilape|Protect\n|move|p2b: Drednaw|Rock Slide|p1a: Maushold|[spread] p1a\n|-activate|p1b: Annihilape|move: Protect\n|-damage|p1a: Maushold|48\/100\n|-damage|p2b: Drednaw|91\/100|[from] item: Life Orb\n|move|p1a: Maushold|Super Fang|p2a: Pelipper\n|-damage|p2a: Pelipper|50\/100\n|move|p2a: Pelipper|Hurricane|p1b: Annihilape\n|-activate|p1b: Annihilape|move: Protect\n|\n|-weather|RainDance|[upkeep]\n|upkeep\n|turn|2\n|inactive|Flopi667 has 30 seconds left.\n|inactive|Flopi667 has 20 seconds left.\n|\n|t:|1682805073\n|move|p1a: Maushold|Follow Me|p1a: Maushold\n|-singleturn|p1a: Maushold|move: Follow Me\n|move|p2b: Drednaw|Rock Slide|p1b: Annihilape|[spread] p1a,p1b\n|-resisted|p1b: Annihilape\n|-damage|p1a: Maushold|0 fnt\n|-damage|p1b: Annihilape|85\/100\n|faint|p1a: Maushold\n|-damage|p2b: Drednaw|81\/100|[from] item: Life Orb\n|move|p1b: Annihilape|Drain Punch|p2b: Drednaw\n|-supereffective|p2b: Drednaw\n|-damage|p2b: Drednaw|0 fnt\n|-heal|p1b: Annihilape|100\/100|[from] drain|[of] p2b: Drednaw\n|faint|p2b: Drednaw\n|move|p2a: Pelipper|Hurricane|p1b: Annihilape\n|-supereffective|p1b: Annihilape\n|-damage|p1b: Annihilape|22\/100\n|\n|-weather|RainDance|[upkeep]\n|-heal|p1b: Annihilape|28\/100|[from] item: Leftovers\n|upkeep\n|\n|t:|1682805096\n|switch|p1a: Iron Bundle|Iron Bundle, L50|100\/100\n|switch|p2b: Dondozo|Dondozo, L50, M|100\/100\n|-enditem|p1a: Iron Bundle|Booster Energy\n|-activate|p1a: Iron Bundle|ability: Quark Drive|[fromitem]\n|-start|p1a: Iron Bundle|quarkdrivespe\n|turn|3\n|\n|t:|1682805114\n|switch|p2a: Tatsugiri|Tatsugiri-Droopy, L50, M|100\/100\n|-activate|p2a: Tatsugiri|ability: Commander|[of] p2b: Dondozo\n|-boost|p2b: Dondozo|atk|2\n|-boost|p2b: Dondozo|spa|2\n|-boost|p2b: Dondozo|spe|2\n|-boost|p2b: Dondozo|def|2\n|-boost|p2b: Dondozo|spd|2\n|-terastallize|p2b: Dondozo|Steel\n|move|p1a: Iron Bundle|Freeze-Dry|p2b: Dondozo\n|-resisted|p2b: Dondozo\n|-damage|p2b: Dondozo|91\/100\n|move|p2b: Dondozo|Earthquake|p1b: Annihilape|[spread] p1a,p1b\n|-miss|p2b: Dondozo|p2a: Tatsugiri\n|-damage|p1a: Iron Bundle|46\/100\n|-damage|p1b: Annihilape|0 fnt\n|faint|p1b: Annihilape\n|\n|-weather|RainDance|[upkeep]\n|-heal|p2b: Dondozo|98\/100|[from] item: Leftovers\n|upkeep\n|\n|t:|1682805127\n|switch|p1b: Chi-Yu|Chi-Yu, L50|100\/100\n|-ability|p1b: Chi-Yu|Beads of Ruin\n|turn|4\n|inactive|Flopi667 has 30 seconds left.\n|\n|t:|1682805159\n|-terastallize|p1b: Chi-Yu|Grass\n|move|p1a: Iron Bundle|Icy Wind|p2a: Tatsugiri|[spread] p2b\n|-miss|p1a: Iron Bundle|p2a: Tatsugiri\n|-resisted|p2b: Dondozo\n|-crit|p2b: Dondozo\n|-damage|p2b: Dondozo|77\/100\n|-unboost|p2b: Dondozo|spe|1\n|move|p1b: Chi-Yu|Nasty Plot|p1b: Chi-Yu\n|-boost|p1b: Chi-Yu|spa|2\n|move|p2b: Dondozo|Earthquake|p1b: Chi-Yu|[spread] p1a,p1b\n|-miss|p2b: Dondozo|p2a: Tatsugiri\n|-crit|p1a: Iron Bundle\n|-resisted|p1b: Chi-Yu\n|-damage|p1a: Iron Bundle|0 fnt\n|-damage|p1b: Chi-Yu|65\/100\n|faint|p1a: Iron Bundle\n|-end|p1a: Iron Bundle|Quark Drive|[silent]\n|\n|-weather|RainDance|[upkeep]\n|-heal|p2b: Dondozo|83\/100|[from] item: Leftovers\n|upkeep\n|turn|5\n|inactive|Abugbog has 30 seconds left.\n|\n|t:|1682805187\n|move|p1b: Chi-Yu|Protect|p1b: Chi-Yu\n|-singleturn|p1b: Chi-Yu|Protect\n|move|p2b: Dondozo|Wave Crash|p1b: Chi-Yu\n|-activate|p1b: Chi-Yu|move: Protect\n|\n|-weather|RainDance|[upkeep]\n|-heal|p2b: Dondozo|89\/100|[from] item: Leftovers\n|upkeep\n|turn|6\n|\n|t:|1682805202\n|move|p1b: Chi-Yu|Heat Wave|p2b: Dondozo|[spread] \n|-miss|p1b: Chi-Yu|p2a: Tatsugiri\n|-miss|p1b: Chi-Yu|p2b: Dondozo\n|move|p2b: Dondozo|Order Up|p1b: Chi-Yu\n|-damage|p1b: Chi-Yu|0 fnt\n|faint|p1b: Chi-Yu\n|\n|win|Abugbog\n|raw|Flopi667's rating: 1174 → 1148<\/strong> (-26 for losing)\n|raw|Abugbog's rating: 1166 → 1192<\/strong> (+26 for winning)\n|l|\u2606Flopi667\n|l| Gugsi Gugstar\n","uploadtime":1682805230,"views":21,"p1id":"flopi667","p2id":"abugbog","formatid":"gen9vgc2023regulationc","rating":1148,"private":0,"password":""}