{"id":"gen9vgc2023regulationc-1857483359","p1":"dada097","p2":"Chaitanya 123456","format":"[Gen 9] VGC 2023 Regulation C","log":"|j|\u2606dada097\n|j|\u2606Chaitanya 123456\n|t:|1683199948\n|gametype|doubles\n|player|p1|dada097|calem-masters|1252\n|player|p2|Chaitanya 123456|266|1160\n|teamsize|p1|6\n|teamsize|p2|6\n|gen|9\n|tier|[Gen 9] VGC 2023 Regulation C\n|rated|\n|rule|Species Clause: Limit one of each Pok\u00e9mon\n|rule|Item Clause: Limit one of each item\n|clearpoke\n|poke|p1|Dragapult, L50, F|\n|poke|p1|Palafin, L50, M|\n|poke|p1|Scizor, L50, M|\n|poke|p1|Flutter Mane, L50|\n|poke|p1|Amoonguss, L50, M|\n|poke|p1|Gyarados, L50, M|\n|poke|p2|Dragonite, L50, F|\n|poke|p2|Gyarados, L50, F|\n|poke|p2|Flutter Mane, L50|\n|poke|p2|Ceruledge, L50, F|\n|poke|p2|Amoonguss, L50, F|\n|poke|p2|Chien-Pao, L50|\n|teampreview|4\n|inactive|Battle timer is ON: inactive players will automatically lose when time's up. (requested by dada097)\n|inactive|Chaitanya 123456 has 60 seconds left.\n|\n|t:|1683199979\n|start\n|switch|p1a: Flutter Mane|Flutter Mane, L50|100\/100\n|switch|p1b: Amoonguss|Amoonguss, L50, M, shiny|100\/100\n|switch|p2a: Dragonite|Dragonite, L50, F|100\/100\n|switch|p2b: Chien-Pao|Chien-Pao, L50|100\/100\n|-ability|p2b: Chien-Pao|Sword of Ruin\n|turn|1\n|inactive|Chaitanya 123456 has 30 seconds left.\n|\n|t:|1683200008\n|-terastallize|p1a: Flutter Mane|Fairy\n|-terastallize|p2a: Dragonite|Normal\n|move|p2b: Chien-Pao|Protect|p2b: Chien-Pao\n|-singleturn|p2b: Chien-Pao|Protect\n|move|p2a: Dragonite|Extreme Speed|p1b: Amoonguss\n|-damage|p1b: Amoonguss|17\/100\n|-damage|p2a: Dragonite|84\/100|[from] item: Rocky Helmet|[of] p1b: Amoonguss\n|move|p1b: Amoonguss|Rage Powder|p1b: Amoonguss\n|-singleturn|p1b: Amoonguss|move: Rage Powder\n|move|p1a: Flutter Mane|Dazzling Gleam|p2b: Chien-Pao|[spread] p2a\n|-activate|p2b: Chien-Pao|move: Protect\n|-damage|p2a: Dragonite|25\/100\n|\n|upkeep\n|turn|2\n|inactive|dada097 has 30 seconds left.\n|inactive|Chaitanya 123456 has 30 seconds left.\n|inactive|dada097 has 20 seconds left.\n|inactive|Chaitanya 123456 has 20 seconds left.\n|inactive|Chaitanya 123456 has 15 seconds left.\n|\n|t:|1683200052\n|-end|p1a: Flutter Mane|Protosynthesis|[silent]\n|switch|p1a: Scizor|Scizor, L50, M, shiny|100\/100\n|move|p2a: Dragonite|Extreme Speed|p1a: Scizor\n|-resisted|p1a: Scizor\n|-damage|p1a: Scizor|52\/100\n|move|p1b: Amoonguss|Rage Powder|p1b: Amoonguss\n|-singleturn|p1b: Amoonguss|move: Rage Powder\n|move|p2b: Chien-Pao|Crunch|p1b: Amoonguss\n|-damage|p1b: Amoonguss|0 fnt\n|-damage|p2b: Chien-Pao|84\/100|[from] item: Rocky Helmet|[of] p1b: Amoonguss\n|faint|p1b: Amoonguss\n|\n|upkeep\n|\n|t:|1683200067\n|switch|p1b: Flutter Mane|Flutter Mane, L50, tera:Fairy|100\/100\n|turn|3\n|\n|t:|1683200074\n|switch|p2b: Ceruledge|Ceruledge, L50, F|100\/100\n|-end|p1b: Flutter Mane|Protosynthesis|[silent]\n|switch|p1b: Dragapult|Dragapult, L50, F, shiny|100\/100\n|move|p2a: Dragonite|Extreme Speed|p1b: Dragapult\n|-immune|p1b: Dragapult\n|move|p1a: Scizor|Bullet Punch|p2b: Ceruledge\n|-resisted|p2b: Ceruledge\n|-damage|p2b: Ceruledge|78\/100\n|\n|-heal|p2b: Ceruledge|85\/100|[from] item: Leftovers\n|upkeep\n|turn|4\n|inactive|dada097 has 30 seconds left.\n|\n|t:|1683200100\n|move|p2b: Ceruledge|Protect|p2b: Ceruledge\n|-singleturn|p2b: Ceruledge|Protect\n|move|p2a: Dragonite|Extreme Speed|p1a: Scizor\n|-resisted|p1a: Scizor\n|-damage|p1a: Scizor|16\/100\n|move|p1a: Scizor|Bullet Punch|p2a: Dragonite\n|-damage|p2a: Dragonite|0 fnt\n|faint|p2a: Dragonite\n|move|p1b: Dragapult|Phantom Force||[still]\n|-prepare|p1b: Dragapult|Phantom Force\n|\n|-heal|p2b: Ceruledge|91\/100|[from] item: Leftovers\n|upkeep\n|\n|t:|1683200118\n|switch|p2a: Gyarados|Gyarados, L50, F, shiny|100\/100\n|-ability|p2a: Gyarados|Intimidate|boost\n|-fail|p1a: Scizor|unboost|[from] item: Clear Amulet|[of] p1a: Scizor\n|-fail|p1b: Dragapult|unboost|[from] ability: Clear Body|[of] p1b: Dragapult\n|turn|5\n|inactive|dada097 has 30 seconds left.\n|\n|t:|1683200145\n|move|p2a: Gyarados|Protect|p2a: Gyarados\n|-singleturn|p2a: Gyarados|Protect\n|move|p1b: Dragapult|Phantom Force|p2b: Ceruledge|[from]lockedmove\n|-supereffective|p2b: Ceruledge\n|-damage|p2b: Ceruledge|0 fnt\n|faint|p2b: Ceruledge\n|-damage|p1b: Dragapult|91\/100|[from] item: Life Orb\n|move|p1a: Scizor|Pounce|p2a: Gyarados\n|-activate|p2a: Gyarados|move: Protect\n|\n|upkeep\n|\n|t:|1683200157\n|switch|p2b: Chien-Pao|Chien-Pao, L50|84\/100\n|-ability|p2b: Chien-Pao|Sword of Ruin\n|turn|6\n|\n|t:|1683200173\n|move|p2b: Chien-Pao|Protect|p2b: Chien-Pao\n|-singleturn|p2b: Chien-Pao|Protect\n|move|p1a: Scizor|Bullet Punch|p2b: Chien-Pao\n|-activate|p2b: Chien-Pao|move: Protect\n|move|p1b: Dragapult|Dragon Darts|p2a: Gyarados\n|-damage|p2a: Gyarados|48\/100\n|-anim|p1b: Dragapult|Dragon Darts|p2a: Gyarados\n|-damage|p2a: Gyarados|4\/100\n|-damage|p1b: Dragapult|81\/100|[from] item: Life Orb\n|move|p2a: Gyarados|Dragon Dance|p2a: Gyarados\n|-boost|p2a: Gyarados|atk|1\n|-boost|p2a: Gyarados|spe|1\n|\n|upkeep\n|turn|7\n|\n|t:|1683200193\n|move|p2a: Gyarados|Protect|p2a: Gyarados\n|-singleturn|p2a: Gyarados|Protect\n|move|p1a: Scizor|Bullet Punch|p2b: Chien-Pao\n|-supereffective|p2b: Chien-Pao\n|-damage|p2b: Chien-Pao|0 fnt\n|faint|p2b: Chien-Pao\n|move|p1b: Dragapult|Dragon Darts|p2a: Gyarados\n|-activate|p2a: Gyarados|move: Protect\n|\n|upkeep\n|turn|8\n|c|\u2606dada097|gg wp\n|-message|Chaitanya 123456 forfeited.\n|\n|win|dada097\n|raw|dada097's rating: 1252 → 1271<\/strong> (+19 for winning)\n|raw|Chaitanya 123456's rating: 1160 → 1141<\/strong> (-19 for losing)\n|l|\u2606Chaitanya 123456\n|l|\u2606dada097\n|j|\u2606dada097\n|player|p1|dada097|calem-masters\n","uploadtime":1683200284,"views":17,"p1id":"dada097","p2id":"chaitanya123456","formatid":"gen9vgc2023regulationc","rating":1141,"private":0,"password":""}