{"id":"gen9vgc2023regulationc-1864054529","p1":"RonJohn","p2":"Pic1070","format":"[Gen 9] VGC 2023 Regulation C","log":"|j|\u2606RonJohn\n|j|\u2606Pic1070\n|t:|1684111028\n|gametype|doubles\n|player|p1|RonJohn|169|1179\n|player|p2|Pic1070|266|1240\n|teamsize|p1|6\n|teamsize|p2|6\n|gen|9\n|tier|[Gen 9] VGC 2023 Regulation C\n|rated|\n|rule|Species Clause: Limit one of each Pok\u00e9mon\n|rule|Item Clause: Limit one of each item\n|clearpoke\n|poke|p1|Flutter Mane, L50|\n|poke|p1|Orthworm, L50, M|\n|poke|p1|Dragonite, L50, M|\n|poke|p1|Amoonguss, L50, M|\n|poke|p1|Gyarados, L50, M|\n|poke|p1|Ting-Lu, L50|\n|poke|p2|Gholdengo, L50|\n|poke|p2|Murkrow, L50, F|\n|poke|p2|Arcanine, L50, M|\n|poke|p2|Rotom-Wash, L50|\n|poke|p2|Garchomp, L50, F|\n|poke|p2|Meowscarada, L50, F|\n|teampreview|4\nRonJohn has agreed to open team sheets.\n|\n|t:|1684111057\n|start\n|switch|p1a: Ting-Lu|Ting-Lu, L50|100\/100\n|switch|p1b: Gyarados|Gyarados, L50, M|100\/100\n|switch|p2a: Rotom|Rotom-Wash, L50|100\/100\n|switch|p2b: Arcanine|Arcanine, L50, M|100\/100\n|-ability|p1b: Gyarados|Intimidate|boost\n|-unboost|p2a: Rotom|atk|1\n|-unboost|p2b: Arcanine|atk|1\n|-ability|p2b: Arcanine|Intimidate|boost\n|-unboost|p1a: Ting-Lu|atk|1\n|-unboost|p1b: Gyarados|atk|1\n|-ability|p1a: Ting-Lu|Vessel of Ruin\n|turn|1\n|inactive|Battle timer is ON: inactive players will automatically lose when time's up. (requested by Pic1070)\n|\n|t:|1684111100\n|switch|p1b: Orthworm|Orthworm, L50, M|100\/100\n|move|p2b: Arcanine|Protect|p2b: Arcanine\n|-singleturn|p2b: Arcanine|Protect\n|move|p2a: Rotom|Will-O-Wisp|p1a: Ting-Lu\n|-status|p1a: Ting-Lu|brn\n|move|p1a: Ting-Lu|Earthquake|p2a: Rotom|[spread] \n|-activate|p2b: Arcanine|move: Protect\n|-immune|p1b: Orthworm|[from] ability: Earth Eater\n|-immune|p2a: Rotom|[from] ability: Levitate\n|\n|-damage|p1a: Ting-Lu|95\/100 brn|[from] brn\n|upkeep\n|turn|2\n|inactive|RonJohn has 30 seconds left.\n|inactive|Pic1070 has 30 seconds left.\n|\n|t:|1684111136\n|switch|p1b: Gyarados|Gyarados, L50, M|100\/100\n|-ability|p1b: Gyarados|Intimidate|boost\n|-unboost|p2a: Rotom|atk|1\n|-unboost|p2b: Arcanine|atk|1\n|move|p2a: Rotom|Hydro Pump|p1b: Gyarados|[miss]\n|-miss|p2a: Rotom|p1b: Gyarados\n|move|p2b: Arcanine|Flare Blitz|p1b: Gyarados\n|-resisted|p1b: Gyarados\n|-damage|p1b: Gyarados|87\/100\n|-damage|p2b: Arcanine|96\/100|[from] Recoil\n|move|p1a: Ting-Lu|Ruination|p2b: Arcanine\n|-damage|p2b: Arcanine|48\/100\n|\n|-damage|p1a: Ting-Lu|89\/100 brn|[from] brn\n|upkeep\n|turn|3\n|\n|t:|1684111159\n|switch|p1b: Orthworm|Orthworm, L50, M|100\/100\n|move|p2b: Arcanine|Protect|p2b: Arcanine\n|-singleturn|p2b: Arcanine|Protect\n|move|p2a: Rotom|Thunderbolt|p1b: Orthworm\n|-damage|p1b: Orthworm|76\/100\n|move|p1a: Ting-Lu|Earthquake|p2a: Rotom|[spread] \n|-activate|p2b: Arcanine|move: Protect\n|-heal|p1b: Orthworm|100\/100|[from] ability: Earth Eater|[of] p1a: Ting-Lu\n|-immune|p2a: Rotom|[from] ability: Levitate\n|\n|-damage|p1a: Ting-Lu|83\/100 brn|[from] brn\n|upkeep\n|turn|4\n|inactive|RonJohn has 30 seconds left.\n|inactive|Pic1070 has 30 seconds left.\n|\n|t:|1684111190\n|move|p1b: Orthworm|Protect|p1b: Orthworm\n|-singleturn|p1b: Orthworm|Protect\n|move|p2a: Rotom|Will-O-Wisp|p1b: Orthworm\n|-activate|p1b: Orthworm|move: Protect\n|move|p2b: Arcanine|Flare Blitz|p1b: Orthworm\n|-activate|p1b: Orthworm|move: Protect\n|move|p1a: Ting-Lu|Earthquake|p2b: Arcanine|[spread] p2b\n|-activate|p1b: Orthworm|move: Protect\n|-immune|p2a: Rotom|[from] ability: Levitate\n|-supereffective|p2b: Arcanine\n|-damage|p2b: Arcanine|28\/100\n|\n|-damage|p1a: Ting-Lu|77\/100 brn|[from] brn\n|upkeep\n|turn|5\n|inactive|RonJohn has 30 seconds left.\n|\n|t:|1684111222\n|switch|p1a: Gyarados|Gyarados, L50, M|87\/100\n|-ability|p1a: Gyarados|Intimidate|boost\n|-unboost|p2a: Rotom|atk|1\n|-unboost|p2b: Arcanine|atk|1\n|move|p2a: Rotom|Will-O-Wisp|p1b: Orthworm\n|-status|p1b: Orthworm|brn\n|move|p2b: Arcanine|Flare Blitz|p1b: Orthworm\n|-supereffective|p1b: Orthworm\n|-damage|p1b: Orthworm|72\/100 brn\n|-damage|p2b: Arcanine|19\/100|[from] Recoil\n|-enditem|p2b: Arcanine|Aguav Berry|[eat]\n|-heal|p2b: Arcanine|52\/100|[from] item: Aguav Berry\n|move|p1b: Orthworm|Shed Tail|p1b: Orthworm\n|-start|p1b: Orthworm|Substitute|[from] move: Shed Tail\n|-damage|p1b: Orthworm|22\/100 brn\n|-enditem|p1b: Orthworm|Sitrus Berry|[eat]\n|-heal|p1b: Orthworm|47\/100 brn|[from] item: Sitrus Berry\n|\n|t:|1684111238\n|switch|p1b: Dragonite|Dragonite, L50, M|100\/100|[from] Shed Tail\n|\n|upkeep\n|turn|6\n|\n|t:|1684111266\n|move|p2b: Arcanine|Protect|p2b: Arcanine\n|-singleturn|p2b: Arcanine|Protect\n|move|p1b: Dragonite|Dragon Dance|p1b: Dragonite\n|-boost|p1b: Dragonite|atk|1\n|-boost|p1b: Dragonite|spe|1\n|move|p1a: Gyarados|Taunt|p2b: Arcanine\n|-activate|p2b: Arcanine|move: Protect\n|move|p2a: Rotom|Thunderbolt|p1b: Dragonite\n|-activate|p1b: Dragonite|move: Substitute|[damage]\n|\n|upkeep\n|turn|7\n|inactive|RonJohn has 30 seconds left.\n|inactive|RonJohn has 20 seconds left.\n|\n|t:|1684111306\n|switch|p1a: Orthworm|Orthworm, L50, M|47\/100 brn\n|switch|p2b: Gholdengo|Gholdengo, L50|100\/100\n|move|p1b: Dragonite|Earthquake|p2a: Rotom|[spread] p2b\n|-heal|p1a: Orthworm|72\/100 brn|[from] ability: Earth Eater|[of] p1b: Dragonite\n|-immune|p2a: Rotom|[from] ability: Levitate\n|-supereffective|p2b: Gholdengo\n|-damage|p2b: Gholdengo|3\/100\n|move|p2a: Rotom|Thunderbolt|p1a: Orthworm\n|-damage|p1a: Orthworm|36\/100 brn\n|\n|-damage|p1a: Orthworm|29\/100 brn|[from] brn\n|upkeep\n|turn|8\n|inactive|RonJohn has 30 seconds left.\n|inactive|RonJohn has 20 seconds left.\n|inactive|RonJohn has 15 seconds left.\n|inactive|RonJohn has 10 seconds left.\n|\n|t:|1684111353\n|move|p1b: Dragonite|Earthquake|p2b: Gholdengo|[spread] p2b\n|-heal|p1a: Orthworm|54\/100 brn|[from] ability: Earth Eater|[of] p1b: Dragonite\n|-immune|p2a: Rotom|[from] ability: Levitate\n|-supereffective|p2b: Gholdengo\n|-damage|p2b: Gholdengo|0 fnt\n|faint|p2b: Gholdengo\n|move|p2a: Rotom|Thunderbolt|p1b: Dragonite\n|-end|p1b: Dragonite|Substitute\n|move|p1a: Orthworm|Body Press|p2a: Rotom\n|-damage|p2a: Rotom|88\/100\n|\n|-heal|p2a: Rotom|94\/100|[from] item: Leftovers\n|-damage|p1a: Orthworm|48\/100 brn|[from] brn\n|upkeep\n|\n|t:|1684111360\n|switch|p2b: Meowscarada|Meowscarada, L50, F, shiny|100\/100\n|turn|9\n|inactive|RonJohn has 30 seconds left.\n|inactive|Pic1070 has 30 seconds left.\n|c|\u2606Pic1070|!weak orthworm\n|c| Pic1070|\/raw Orthworm (ignoring abilities): Weaknesses<\/span>: Fighting, Fire, Ground Resistances<\/span>: Bug, Dragon, Fairy, Flying, Grass, Ice, Normal, Psychic, Rock, Steel Immunities<\/span>: Poison, Sandstorm damage, Toxic<\/div>\n|inactive|RonJohn has 20 seconds left.\n|inactive|Pic1070 has 20 seconds left.\n|inactive|RonJohn has 15 seconds left.\n|\n|t:|1684111401\n|-terastallize|p1b: Dragonite|Normal\n|move|p1b: Dragonite|Extreme Speed|p2a: Rotom\n|-damage|p2a: Rotom|21\/100\n|move|p2b: Meowscarada|Sucker Punch||[still]\n|-fail|p2b: Meowscarada\n|move|p2a: Rotom|Will-O-Wisp|p1b: Dragonite\n|-status|p1b: Dragonite|brn\n|-enditem|p1b: Dragonite|Lum Berry|[eat]\n|-curestatus|p1b: Dragonite|brn|[msg]\n|move|p1a: Orthworm|Body Press|p2b: Meowscarada\n|-supereffective|p2b: Meowscarada\n|-damage|p2b: Meowscarada|62\/100\n|\n|-heal|p2a: Rotom|27\/100|[from] item: Leftovers\n|-damage|p1a: Orthworm|42\/100 brn|[from] brn\n|upkeep\n|turn|10\n|\n|t:|1684111424\n|switch|p2b: Arcanine|Arcanine, L50, M|52\/100\n|-ability|p2b: Arcanine|Intimidate|boost\n|-unboost|p1a: Orthworm|atk|1\n|-unboost|p1b: Dragonite|atk|1\n|move|p2a: Rotom|Protect|p2a: Rotom\n|-singleturn|p2a: Rotom|Protect\n|move|p1a: Orthworm|Protect|p1a: Orthworm\n|-singleturn|p1a: Orthworm|Protect\n|move|p1b: Dragonite|Ice Spinner|p2b: Arcanine\n|-resisted|p2b: Arcanine\n|-damage|p2b: Arcanine|37\/100\n|\n|-heal|p2a: Rotom|32\/100|[from] item: Leftovers\n|-damage|p1a: Orthworm|36\/100 brn|[from] brn\n|upkeep\n|turn|11\n|inactive|RonJohn has 30 seconds left.\n|inactive|Pic1070 has 30 seconds left.\n|\n|t:|1684111455\n|switch|p1a: Gyarados|Gyarados, L50, M|87\/100\n|-ability|p1a: Gyarados|Intimidate|boost\n|-unboost|p2a: Rotom|atk|1\n|-unboost|p2b: Arcanine|atk|1\n|move|p2b: Arcanine|Protect|p2b: Arcanine\n|-singleturn|p2b: Arcanine|Protect\n|move|p1b: Dragonite|Extreme Speed|p2a: Rotom\n|-damage|p2a: Rotom|0 fnt\n|faint|p2a: Rotom\n|\n|upkeep\n|-message|Pic1070 forfeited.\n|\n|win|RonJohn\n|raw|RonJohn's rating: 1179 → 1210<\/strong> (+31 for winning)\n|raw|Pic1070's rating: 1260 → 1229<\/strong> (-31 for losing)\n|l|\u2606Pic1070\n|c|\u2606RonJohn|gg\n","uploadtime":1684111471,"views":35,"p1id":"ronjohn","p2id":"pic1070","formatid":"gen9vgc2023regulationc","rating":1210,"private":0,"password":""}