{"id":"gen9vgc2023regulationc-1856711289","p1":"Quadspoon","p2":"myselfkula","format":"[Gen 9] VGC 2023 Regulation C","log":"|j|\u2606Quadspoon\n|j|\u2606myselfkula\n|t:|1683098848\n|gametype|doubles\n|player|p1|Quadspoon|266|1204\n|player|p2|myselfkula|102|1261\n|teamsize|p1|6\n|teamsize|p2|6\n|gen|9\n|tier|[Gen 9] VGC 2023 Regulation C\n|rated|\n|rule|Species Clause: Limit one of each Pok\u00e9mon\n|rule|Item Clause: Limit one of each item\n|clearpoke\n|poke|p1|Bronzong, L50|\n|poke|p1|Wo-Chien, L50|\n|poke|p1|Baxcalibur, L50, F|\n|poke|p1|Torkoal, L50, M|\n|poke|p1|Slither Wing, L50|\n|poke|p1|Gholdengo, L50|\n|poke|p2|Flutter Mane, L50|\n|poke|p2|Chi-Yu, L50|\n|poke|p2|Roaring Moon, L50|\n|poke|p2|Jumpluff, L50, M|\n|poke|p2|Wo-Chien, L50|\n|poke|p2|Torkoal, L50, F|\n|teampreview|4\n|inactive|Battle timer is ON: inactive players will automatically lose when time's up. (requested by myselfkula)\n|\n|t:|1683098893\n|start\n|switch|p1a: Bronzong|Bronzong, L50|100\/100\n|switch|p1b: Baxcalibur|Baxcalibur, L50, F|100\/100\n|switch|p2a: Flutter Mane|Flutter Mane, L50|100\/100\n|switch|p2b: Wo-Chien|Wo-Chien, L50|100\/100\n|-ability|p2b: Wo-Chien|Tablets of Ruin\n|turn|1\n|inactive|Quadspoon has 30 seconds left.\n|inactive|myselfkula has 30 seconds left.\n|\n|t:|1683098922\n|move|p1b: Baxcalibur|Icicle Crash|p2b: Wo-Chien|[miss]\n|-miss|p1b: Baxcalibur|p2b: Wo-Chien\n|move|p2b: Wo-Chien|Leaf Storm|p1a: Bronzong\n|-resisted|p1a: Bronzong\n|-damage|p1a: Bronzong|81\/100\n|-unboost|p2b: Wo-Chien|spa|2\n|-enditem|p2b: Wo-Chien|Eject Pack\n|\n|t:|1683098929\n|switch|p2b: Torkoal|Torkoal, L50, F|100\/100\n|-weather|SunnyDay|[from] ability: Drought|[of] p2b: Torkoal\n|-activate|p2a: Flutter Mane|ability: Protosynthesis\n|-start|p2a: Flutter Mane|protosynthesisspa\n|move|p1a: Bronzong|Gyro Ball|p2a: Flutter Mane\n|-supereffective|p2a: Flutter Mane\n|-damage|p2a: Flutter Mane|67\/100\n|move|p2a: Flutter Mane|Trick Room|p2a: Flutter Mane\n|-fieldstart|move: Trick Room|[of] p2a: Flutter Mane\n|\n|-weather|SunnyDay|[upkeep]\n|upkeep\n|turn|2\n|\n|t:|1683098948\n|-terastallize|p2b: Torkoal|Fire\n|-terastallize|p1a: Bronzong|Fire\n|move|p2b: Torkoal|Eruption|p1a: Bronzong|[spread] p1a,p1b\n|-resisted|p1a: Bronzong\n|-damage|p1a: Bronzong|33\/100\n|-damage|p1b: Baxcalibur|11\/100\n|-ability|p1b: Baxcalibur|Thermal Exchange|boost\n|-boost|p1b: Baxcalibur|atk|1\n|move|p2a: Flutter Mane|Dazzling Gleam|p1b: Baxcalibur|[spread] p1a,p1b\n|-resisted|p1a: Bronzong\n|-supereffective|p1b: Baxcalibur\n|-damage|p1a: Bronzong|22\/100\n|-damage|p1b: Baxcalibur|0 fnt\n|faint|p1b: Baxcalibur\n|move|p1a: Bronzong|Trick Room|p1a: Bronzong\n|-fieldend|move: Trick Room\n|\n|-weather|SunnyDay|[upkeep]\n|upkeep\n|\n|t:|1683098966\n|switch|p1b: Gholdengo|Gholdengo, L50|100\/100\n|turn|3\n|\n|t:|1683098986\n|move|p1b: Gholdengo|Shadow Ball|p2b: Torkoal\n|-damage|p2b: Torkoal|48\/100\n|-unboost|p2b: Torkoal|spd|1\n|move|p2a: Flutter Mane|Shadow Ball|p1b: Gholdengo\n|-supereffective|p1b: Gholdengo\n|-damage|p1b: Gholdengo|19\/100\n|move|p1a: Bronzong|Gyro Ball|p2a: Flutter Mane\n|-supereffective|p2a: Flutter Mane\n|-damage|p2a: Flutter Mane|33\/100\n|move|p2b: Torkoal|Eruption|p1a: Bronzong|[spread] p1a,p1b\n|-resisted|p1a: Bronzong\n|-supereffective|p1b: Gholdengo\n|-damage|p1a: Bronzong|0 fnt\n|-damage|p1b: Gholdengo|0 fnt\n|faint|p1a: Bronzong\n|faint|p1b: Gholdengo\n|\n|-weather|SunnyDay|[upkeep]\n|upkeep\n|\n|t:|1683098999\n|switch|p1b: Torkoal|Torkoal, L50, M|100\/100\n|turn|4\n|\n|t:|1683099010\n|move|p2a: Flutter Mane|Shadow Ball|p1b: Torkoal\n|-damage|p1b: Torkoal|43\/100\n|move|p1b: Torkoal|Heat Wave|p2b: Torkoal|[spread] p2a,p2b\n|-resisted|p2b: Torkoal\n|-damage|p2a: Flutter Mane|0 fnt\n|-damage|p2b: Torkoal|0 fnt\n|faint|p2a: Flutter Mane\n|-end|p2a: Flutter Mane|Protosynthesis|[silent]\n|faint|p2b: Torkoal\n|\n|-weather|SunnyDay|[upkeep]\n|upkeep\n|\n|t:|1683099019\n|switch|p2a: Wo-Chien|Wo-Chien, L50|100\/100\n|switch|p2b: Roaring Moon|Roaring Moon, L50|100\/100\n|-activate|p2b: Roaring Moon|ability: Protosynthesis\n|-start|p2b: Roaring Moon|protosynthesisatk\n|-ability|p2a: Wo-Chien|Tablets of Ruin\n|turn|5\n|-message|Quadspoon forfeited.\n|\n|win|myselfkula\n|raw|Quadspoon's rating: 1204 → 1183<\/strong> (-21 for losing)\n|raw|myselfkula's rating: 1261 → 1282<\/strong> (+21 for winning)\n|l|\u2606Quadspoon\n","uploadtime":1683099042,"views":12,"p1id":"quadspoon","p2id":"myselfkula","formatid":"gen9vgc2023regulationc","rating":1183,"private":0,"password":""}