{"id":"gen9vgc2023regulationc-1851789400","p1":"Zakkalla","p2":"AceJac3","format":"[Gen 9] VGC 2023 Regulation C","log":"|j|\u2606Zakkalla\n|j|\u2606AceJac3\n|t:|1682483994\n|gametype|doubles\n|player|p1|Zakkalla|170|1053\n|player|p2|AceJac3|acetrainerf|1017\n|teamsize|p1|6\n|teamsize|p2|6\n|gen|9\n|tier|[Gen 9] VGC 2023 Regulation C\n|rated|\n|rule|Species Clause: Limit one of each Pok\u00e9mon\n|rule|Item Clause: Limit one of each item\n|clearpoke\n|poke|p1|Talonflame, L50, M|\n|poke|p1|Sylveon, L50, M|\n|poke|p1|Pikachu, L50, M|\n|poke|p1|Meowscarada, L50, F|\n|poke|p1|Amoonguss, L50, F|\n|poke|p1|Maushold, L50|\n|poke|p2|Noivern, L50, F|\n|poke|p2|Ceruledge, L50, F|\n|poke|p2|Murkrow, L50, F|\n|poke|p2|Electrode, L50|\n|poke|p2|Copperajah, L50, M|\n|poke|p2|Kingambit, L50, F|\n|teampreview|4\n|\n|t:|1682484016\n|start\n|switch|p1a: Fenyx|Talonflame, L50, M|100\/100\n|switch|p1b: Pikachu|Pikachu, L50, M|100\/100\n|switch|p2a: Noivern|Noivern, L50, F|100\/100\n|switch|p2b: Ceruledge|Ceruledge, L50, F|100\/100\n|turn|1\n|\n|t:|1682484033\n|-terastallize|p2a: Noivern|Normal\n|move|p2b: Ceruledge|Helping Hand|p2a: Noivern\n|-singleturn|p2a: Noivern|Helping Hand|[of] p2b: Ceruledge\n|move|p1a: Fenyx|Tailwind|p1a: Fenyx\n|-sidestart|p1: Zakkalla|move: Tailwind\n|move|p1b: Pikachu|Volt Switch|p2a: Noivern\n|-damage|p2a: Noivern|69\/100\n|\n|t:|1682484044\n|switch|p1b: Satin|Sylveon, L50, M|100\/100|[from] Volt Switch\n|move|p2a: Noivern|Boomburst|p1b: Satin|[spread] p1a,p1b\n|-immune|p2b: Ceruledge\n|-damage|p1a: Fenyx|0 fnt\n|-damage|p1b: Satin|12\/100\n|faint|p1a: Fenyx\n|\n|upkeep\n|\n|t:|1682484055\n|switch|p1a: Pikachu|Pikachu, L50, M|100\/100\n|turn|2\n|\n|t:|1682484071\n|move|p1b: Satin|Protect|p1b: Satin\n|-singleturn|p1b: Satin|Protect\n|move|p2b: Ceruledge|Shadow Sneak|p1b: Satin\n|-activate|p1b: Satin|move: Protect\n|move|p1a: Pikachu|Brick Break|p2a: Noivern\n|-supereffective|p2a: Noivern\n|-damage|p2a: Noivern|0 fnt\n|faint|p2a: Noivern\n|\n|upkeep\n|\n|t:|1682484080\n|switch|p2a: Electrode|Electrode, L50|100\/100\n|turn|3\n|\n|t:|1682484102\n|switch|p1b: Red Sus|Amoonguss, L50, F|100\/100\n|move|p2b: Ceruledge|Shadow Sneak|p1b: Red Sus\n|-damage|p1b: Red Sus|84\/100\n|-damage|p2b: Ceruledge|84\/100|[from] item: Rocky Helmet|[of] p1b: Red Sus\n|move|p1a: Pikachu|Volt Switch|p2b: Ceruledge\n|-damage|p2b: Ceruledge|51\/100\n|\n|t:|1682484111\n|switch|p1a: Satin|Sylveon, L50, M|12\/100|[from] Volt Switch\n|move|p2a: Electrode|Light Screen|p2a: Electrode\n|-sidestart|p2: AceJac3|move: Light Screen\n|\n|upkeep\n|turn|4\n|\n|t:|1682484129\n|move|p2a: Electrode|Helping Hand|p2b: Ceruledge\n|-singleturn|p2b: Ceruledge|Helping Hand|[of] p2a: Electrode\n|move|p1a: Satin|Protect|p1a: Satin\n|-singleturn|p1a: Satin|Protect\n|move|p2b: Ceruledge|Bitter Blade|p1b: Red Sus\n|-supereffective|p1b: Red Sus\n|-damage|p1b: Red Sus|0 fnt\n|-heal|p2b: Ceruledge|100\/100|[from] drain|[of] p1b: Red Sus\n|-damage|p2b: Ceruledge|84\/100|[from] item: Rocky Helmet|[of] p1b: Red Sus\n|faint|p1b: Red Sus\n|\n|-sideend|p1: Zakkalla|move: Tailwind\n|upkeep\n|\n|t:|1682484141\n|switch|p1b: Pikachu|Pikachu, L50, M|100\/100\n|turn|5\n|\n|t:|1682484152\n|-terastallize|p1b: Pikachu|Electric\n|move|p1a: Satin|Protect||[still]\n|-fail|p1a: Satin\n|move|p2a: Electrode|Volt Switch|p1b: Pikachu\n|-activate|p1b: Pikachu|ability: Lightning Rod\n|-ability|p1b: Pikachu|Lightning Rod|boost\n|-boost|p1b: Pikachu|spa|1\n|move|p2b: Ceruledge|Bitter Blade|p1b: Pikachu\n|-damage|p1b: Pikachu|0 fnt\n|-heal|p2b: Ceruledge|100\/100|[from] drain|[of] p1b: Pikachu\n|faint|p1b: Pikachu\n|\n|upkeep\n|turn|6\n|-message|Zakkalla forfeited.\n|\n|win|AceJac3\n|raw|Zakkalla's rating: 1053 → 1033<\/strong> (-20 for losing)\n|raw|AceJac3's rating: 1017 → 1058<\/strong> (+41 for winning)\n|l|\u2606Zakkalla\n","uploadtime":1682484177,"views":9,"p1id":"zakkalla","p2id":"acejac3","formatid":"gen9vgc2023regulationc","rating":1033,"private":0,"password":""}