{"id":"gen9vgc2023regulationc-1858920262","p1":"Quikwix","p2":"GoldDoh","format":"[Gen 9] VGC 2023 Regulation C","log":"|j|\u2606Quikwix\n|j|\u2606GoldDoh\n|t:|1683383543\n|gametype|doubles\n|player|p1|Quikwix|backers|\n|player|p2|GoldDoh|waitress|\n|teamsize|p1|6\n|teamsize|p2|6\n|gen|9\n|tier|[Gen 9] VGC 2023 Regulation C\n|rule|Species Clause: Limit one of each Pok\u00e9mon\n|rule|Item Clause: Limit one of each item\n|clearpoke\n|poke|p1|Azumarill, L50, M|\n|poke|p1|Flamigo, L50, M|\n|poke|p1|Tauros-Paldea-Blaze, L50, M|\n|poke|p1|Volcarona, L50, F|\n|poke|p1|Iron Bundle, L50|\n|poke|p1|Raichu, L50, M|\n|poke|p2|Armarouge, L50, F|\n|poke|p2|Brute Bonnet, L50|\n|poke|p2|Garchomp, L50, F|\n|poke|p2|Pelipper, L50, F|\n|poke|p2|Drednaw, L50, M|\n|poke|p2|Rotom-Wash, L50|\n|teampreview|4\n|j| Tomatosaurs\n|j| S4mm3h\n|\n|t:|1683383598\n|start\n|switch|p1a: Azumarill|Azumarill, L50, M|100\/100\n|switch|p1b: Raichu|Raichu, L50, M|100\/100\n|switch|p2a: Pelipper|Pelipper, L50, F|100\/100\n|switch|p2b: Drednaw|Drednaw, L50, M|100\/100\n|-item|p2b: Drednaw|Air Balloon\n|-weather|RainDance|[from] ability: Drizzle|[of] p2a: Pelipper\n|turn|1\n|\n|t:|1683383620\n|move|p2a: Pelipper|Protect|p2a: Pelipper\n|-singleturn|p2a: Pelipper|Protect\n|move|p1b: Raichu|Fake Out|p2b: Drednaw\n|-resisted|p2b: Drednaw\n|-damage|p2b: Drednaw|96\/100\n|-enditem|p2b: Drednaw|Air Balloon\n|cant|p2b: Drednaw|flinch\n|move|p1a: Azumarill|Belly Drum|p1a: Azumarill\n|-damage|p1a: Azumarill|50\/100\n|-setboost|p1a: Azumarill|atk|6|[from] move: Belly Drum\n|\n|-weather|RainDance|[upkeep]\n|upkeep\n|turn|2\n|\n|t:|1683383651\n|move|p1a: Azumarill|Protect|p1a: Azumarill\n|-singleturn|p1a: Azumarill|Protect\n|move|p2b: Drednaw|Liquidation|p1a: Azumarill\n|-activate|p1a: Azumarill|move: Protect\n|move|p1b: Raichu|Thunderbolt|p2a: Pelipper\n|-supereffective|p2a: Pelipper\n|-crit|p2a: Pelipper\n|-enditem|p2a: Pelipper|Focus Sash\n|-damage|p2a: Pelipper|1\/100\n|move|p2a: Pelipper|Hydro Pump|p1a: Azumarill\n|-activate|p1a: Azumarill|move: Protect\n|\n|-weather|RainDance|[upkeep]\n|upkeep\n|turn|3\n|\n|t:|1683383682\n|switch|p1b: Flamigo|Flamigo, L50, M|100\/100\n|-copyboost|p1b: Flamigo|p1a: Azumarill|[from] ability: Costar\n|move|p2a: Pelipper|Protect|p2a: Pelipper\n|-singleturn|p2a: Pelipper|Protect\n|move|p1a: Azumarill|Aqua Jet|p2b: Drednaw\n|-damage|p2b: Drednaw|0 fnt\n|faint|p2b: Drednaw\n|\n|-weather|RainDance|[upkeep]\n|upkeep\n|\n|t:|1683383702\n|switch|p2b: Brute Bonnet|Brute Bonnet, L50|100\/100\n|turn|4\n|\n|t:|1683383727\n|move|p2b: Brute Bonnet|Sucker Punch|p1b: Flamigo\n|-resisted|p1b: Flamigo\n|-damage|p1b: Flamigo|78\/100\n|move|p1a: Azumarill|Aqua Jet|p2a: Pelipper\n|-resisted|p2a: Pelipper\n|-damage|p2a: Pelipper|0 fnt\n|faint|p2a: Pelipper\n|move|p1b: Flamigo|Brave Bird|p2b: Brute Bonnet\n|-supereffective|p2b: Brute Bonnet\n|-damage|p2b: Brute Bonnet|0 fnt\n|faint|p2b: Brute Bonnet\n|-end|p2b: Brute Bonnet|Protosynthesis|[silent]\n|-damage|p1b: Flamigo|32\/100|[from] Recoil\n|\n|-weather|RainDance|[upkeep]\n|upkeep\n|\n|t:|1683383748\n|switch|p2b: Armarouge|Armarouge, L50, F|100\/100\n|turn|5\n|\n|t:|1683383759\n|move|p2b: Armarouge|Protect|p2b: Armarouge\n|-singleturn|p2b: Armarouge|Protect\n|move|p1a: Azumarill|Aqua Jet|p2b: Armarouge\n|-activate|p2b: Armarouge|move: Protect\n|move|p1b: Flamigo|Brave Bird|p2b: Armarouge\n|-activate|p2b: Armarouge|move: Protect\n|\n|-weather|none\n|upkeep\n|turn|6\n|\n|t:|1683383788\n|-terastallize|p2b: Armarouge|Grass\n|move|p1a: Azumarill|Aqua Jet|p2b: Armarouge\n|-resisted|p2b: Armarouge\n|-crit|p2b: Armarouge\n|-damage|p2b: Armarouge|34\/100\n|move|p1b: Flamigo|Brave Bird|p2b: Armarouge\n|-supereffective|p2b: Armarouge\n|-damage|p2b: Armarouge|0 fnt\n|faint|p2b: Armarouge\n|-damage|p1b: Flamigo|18\/100|[from] Recoil\n|\n|win|Quikwix\n|l| Tomatosaurs\n|l| S4mm3h\n","uploadtime":1683383840,"views":10,"p1id":"quikwix","p2id":"golddoh","formatid":"gen9vgc2023regulationc","rating":0,"private":0,"password":""}