{"id":"gen9vgc2023regulationc-1857731946","p1":"MrNeilMcPotato","p2":"chi-yuonetrick","format":"[Gen 9] VGC 2023 Regulation C","log":"|j|\u2606MrNeilMcPotato\n|j|\u2606chi-yuonetrick\n|t:|1683226515\n|gametype|doubles\n|player|p1|MrNeilMcPotato|harlequin|1362\n|player|p2|chi-yuonetrick|acetrainer-gen6xy|1369\n|teamsize|p1|6\n|teamsize|p2|6\n|gen|9\n|tier|[Gen 9] VGC 2023 Regulation C\n|rated|\n|rule|Species Clause: Limit one of each Pok\u00e9mon\n|rule|Item Clause: Limit one of each item\n|clearpoke\n|poke|p1|Wo-Chien, L50|\n|poke|p1|Glimmora, L50, F|\n|poke|p1|Gyarados, L50, M|\n|poke|p1|Rotom-Heat, L50|\n|poke|p1|Flutter Mane, L50|\n|poke|p1|Garchomp, L50, F|\n|poke|p2|Iron Hands, L50|\n|poke|p2|Gyarados, L50, M|\n|poke|p2|Flutter Mane, L50|\n|poke|p2|Chi-Yu, L50|\n|poke|p2|Amoonguss, L50, M|\n|poke|p2|Bronzong, L50|\n|teampreview|4\nMrNeilMcPotato has agreed to open team sheets.\n|inactive|Battle timer is ON: inactive players will automatically lose when time's up. (requested by MrNeilMcPotato)\nchi-yuonetrick has agreed to open team sheets.\n|inactive|MrNeilMcPotato has 60 seconds left.\n|\n|t:|1683226580\n|start\n|switch|p1a: VanessaBloom|Glimmora, L50, F|100\/100\n|switch|p1b: Karliah|Flutter Mane, L50|100\/100\n|switch|p2a: Flutter Mane|Flutter Mane, L50|100\/100\n|switch|p2b: Iron Hands|Iron Hands, L50|100\/100\n|turn|1\n|inactive|MrNeilMcPotato has 30 seconds left.\n|inactive|chi-yuonetrick has 30 seconds left.\n|inactive|MrNeilMcPotato has 20 seconds left.\n|inactive|MrNeilMcPotato has 15 seconds left.\n|inactive|MrNeilMcPotato has 10 seconds left.\n|\n|t:|1683226630\n|switch|p1a: Turbo|Wo-Chien, L50|100\/100\n|-ability|p1a: Turbo|Tablets of Ruin\n|move|p2b: Iron Hands|Fake Out|p1a: Turbo\n|-damage|p1a: Turbo|91\/100\n|move|p2a: Flutter Mane|Psyshock|p1a: Turbo\n|-immune|p1a: Turbo\n|move|p1b: Karliah|Hex|p2a: Flutter Mane\n|-supereffective|p2a: Flutter Mane\n|-damage|p2a: Flutter Mane|3\/100\n|\n|-heal|p1a: Turbo|97\/100|[from] item: Leftovers\n|upkeep\n|turn|2\n|inactive|MrNeilMcPotato has 30 seconds left.\n|inactive|MrNeilMcPotato has 20 seconds left.\n|inactive|MrNeilMcPotato has 15 seconds left.\n|inactive|MrNeilMcPotato has 10 seconds left.\n|\n|t:|1683226678\n|-end|p2a: Flutter Mane|Protosynthesis|[silent]\n|switch|p2a: Bronzong|Bronzong, L50|100\/100\n|switch|p1a: VanessaBloom|Glimmora, L50, F|100\/100\n|-end|p2b: Iron Hands|Quark Drive|[silent]\n|switch|p2b: Amoonguss|Amoonguss, L50, M|100\/100\n|move|p1b: Karliah|Hex|p2a: Bronzong\n|-supereffective|p2a: Bronzong\n|-damage|p2a: Bronzong|17\/100\n|\n|upkeep\n|turn|3\n|inactive|MrNeilMcPotato has 30 seconds left.\n|inactive|MrNeilMcPotato has 20 seconds left.\n|inactive|MrNeilMcPotato has 15 seconds left.\n|inactive|MrNeilMcPotato has 10 seconds left.\n|inactive|chi-yuonetrick has 30 seconds left.\n|\n|t:|1683226731\n|-end|p1b: Karliah|Protosynthesis|[silent]\n|switch|p1b: Turbo|Wo-Chien, L50|97\/100\n|-ability|p1b: Turbo|Tablets of Ruin\n|switch|p2a: Iron Hands|Iron Hands, L50|100\/100\n|-terastallize|p1a: VanessaBloom|Grass\n|move|p1a: VanessaBloom|Power Gem|p2b: Amoonguss\n|-damage|p2b: Amoonguss|62\/100\n|move|p2b: Amoonguss|Spore|p1b: Turbo\n|-immune|p1b: Turbo\n|\n|-heal|p1b: Turbo|100\/100|[from] item: Leftovers\n|upkeep\n|turn|4\n|\n|t:|1683226745\n|-end|p2a: Iron Hands|Quark Drive|[silent]\n|switch|p2a: Bronzong|Bronzong, L50|17\/100\n|move|p1b: Turbo|Protect|p1b: Turbo\n|-singleturn|p1b: Turbo|Protect\n|move|p1a: VanessaBloom|Mortal Spin|p2b: Amoonguss|[spread] p2b\n|-immune|p2a: Bronzong\n|-damage|p2b: Amoonguss|59\/100\n|move|p2b: Amoonguss|Pollen Puff|p2a: Bronzong\n|-heal|p2a: Bronzong|67\/100\n|\n|upkeep\n|turn|5\n|inactive|MrNeilMcPotato has 30 seconds left.\n|\n|t:|1683226777\n|move|p1a: VanessaBloom|Power Gem|p2b: Amoonguss\n|-damage|p2b: Amoonguss|19\/100\n|-enditem|p2b: Amoonguss|Sitrus Berry|[eat]\n|-heal|p2b: Amoonguss|43\/100|[from] item: Sitrus Berry\n|move|p1b: Turbo|Leech Seed|p2a: Bronzong\n|-start|p2a: Bronzong|move: Leech Seed\n|move|p2b: Amoonguss|Pollen Puff|p1b: Turbo\n|-supereffective|p1b: Turbo\n|-damage|p1b: Turbo|57\/100\n|move|p2a: Bronzong|Trick Room|p2a: Bronzong\n|-fieldstart|move: Trick Room|[of] p2a: Bronzong\n|\n|-heal|p1b: Turbo|63\/100|[from] item: Leftovers\n|-damage|p2a: Bronzong|55\/100|[from] Leech Seed|[of] p1b: Turbo\n|-heal|p1b: Turbo|74\/100|[silent]\n|upkeep\n|turn|6\n|inactive|chi-yuonetrick has 30 seconds left.\n|\n|t:|1683226806\n|move|p1b: Turbo|Protect|p1b: Turbo\n|-singleturn|p1b: Turbo|Protect\n|move|p2b: Amoonguss|Pollen Puff|p2a: Bronzong\n|-heal|p2a: Bronzong|100\/100\n|move|p2a: Bronzong|Iron Defense|p2a: Bronzong\n|-boost|p2a: Bronzong|def|2\n|move|p1a: VanessaBloom|Power Gem|p2b: Amoonguss\n|-damage|p2b: Amoonguss|9\/100\n|\n|-heal|p1b: Turbo|80\/100|[from] item: Leftovers\n|-damage|p2a: Bronzong|88\/100|[from] Leech Seed|[of] p1b: Turbo\n|-heal|p1b: Turbo|91\/100|[silent]\n|upkeep\n|turn|7\n|inactive|MrNeilMcPotato has 30 seconds left.\n|inactive|MrNeilMcPotato has 20 seconds left.\n|\n|t:|1683226843\n|switch|p2b: Iron Hands|Iron Hands, L50|100\/100\n|switch|p1b: Karliah|Flutter Mane, L50|100\/100\n|move|p2a: Bronzong|Heavy Slam|p1b: Karliah\n|-supereffective|p1b: Karliah\n|-damage|p1b: Karliah|0 fnt\n|faint|p1b: Karliah\n|-end|p1b: Karliah|Protosynthesis|[silent]\n|move|p1a: VanessaBloom|Power Gem|p2b: Iron Hands\n|-resisted|p2b: Iron Hands\n|-damage|p2b: Iron Hands|90\/100\n|\n|upkeep\n|\n|t:|1683226856\n|switch|p1b: Turbo|Wo-Chien, L50|91\/100\n|-ability|p1b: Turbo|Tablets of Ruin\n|turn|8\n|\n|t:|1683226864\n|move|p2b: Iron Hands|Fake Out|p1b: Turbo\n|-damage|p1b: Turbo|81\/100\n|move|p2a: Bronzong|Iron Defense|p2a: Bronzong\n|-boost|p2a: Bronzong|def|2\n|cant|p1b: Turbo|flinch\n|move|p1a: VanessaBloom|Mortal Spin|p2a: Bronzong|[spread] p2b\n|-immune|p2a: Bronzong\n|-damage|p2b: Iron Hands|87\/100\n|-status|p2b: Iron Hands|psn\n|\n|-heal|p1b: Turbo|87\/100|[from] item: Leftovers\n|-damage|p2a: Bronzong|76\/100|[from] Leech Seed|[of] p1b: Turbo\n|-heal|p1b: Turbo|98\/100|[silent]\n|-damage|p2b: Iron Hands|75\/100 psn|[from] psn\n|upkeep\n|turn|9\n|\n|t:|1683226882\n|switch|p1a: Chef Mike|Rotom-Heat, L50|100\/100\n|move|p2a: Bronzong|Body Press|p1b: Turbo\n|-supereffective|p1b: Turbo\n|-damage|p1b: Turbo|0 fnt\n|faint|p1b: Turbo\n|move|p2b: Iron Hands|Fire Punch|p1a: Chef Mike\n|-resisted|p1a: Chef Mike\n|-damage|p1a: Chef Mike|86\/100\n|\n|-damage|p2b: Iron Hands|63\/100 psn|[from] psn\n|-fieldend|move: Trick Room\n|upkeep\n|\n|t:|1683226890\n|switch|p1b: VanessaBloom|Glimmora, L50, F, tera:Grass|100\/100\n|turn|10\n|\n|t:|1683226911\n|-terastallize|p2a: Bronzong|Water\n|move|p1a: Chef Mike|Thunderbolt|p2a: Bronzong\n|-supereffective|p2a: Bronzong\n|-damage|p2a: Bronzong|7\/100\n|move|p1b: VanessaBloom|Venoshock|p2b: Iron Hands\n|-damage|p2b: Iron Hands|27\/100 psn\n|move|p2b: Iron Hands|Fire Punch|p1b: VanessaBloom\n|-supereffective|p1b: VanessaBloom\n|-damage|p1b: VanessaBloom|45\/100\n|-activate|p1b: VanessaBloom|ability: Toxic Debris\n|-sidestart|p2: chi-yuonetrick|move: Toxic Spikes\n|move|p2a: Bronzong|Trick Room|p2a: Bronzong\n|-fieldstart|move: Trick Room|[of] p2a: Bronzong\n|\n|-damage|p2a: Bronzong|0 fnt|[from] Leech Seed|[of] p1b: VanessaBloom\n|-heal|p1b: VanessaBloom|51\/100|[silent]\n|faint|p2a: Bronzong\n|-damage|p2b: Iron Hands|14\/100 psn|[from] psn\n|upkeep\n|\n|t:|1683226923\n|switch|p2a: Amoonguss|Amoonguss, L50, M|43\/100\n|-sideend|p2: chi-yuonetrick|move: Toxic Spikes|[of] p2a: Amoonguss\n|turn|11\n|inactive|MrNeilMcPotato has 30 seconds left.\n|\n|t:|1683226951\n|move|p2a: Amoonguss|Pollen Puff|p2b: Iron Hands\n|-heal|p2b: Iron Hands|64\/100 psn\n|move|p2b: Iron Hands|Fire Punch|p1b: VanessaBloom\n|-supereffective|p1b: VanessaBloom\n|-damage|p1b: VanessaBloom|2\/100\n|-activate|p1b: VanessaBloom|ability: Toxic Debris\n|-sidestart|p2: chi-yuonetrick|move: Toxic Spikes\n|move|p1b: VanessaBloom|Venoshock|p2b: Iron Hands\n|-damage|p2b: Iron Hands|30\/100 psn\n|move|p1a: Chef Mike|Nasty Plot|p1a: Chef Mike\n|-boost|p1a: Chef Mike|spa|2\n|\n|-damage|p2b: Iron Hands|18\/100 psn|[from] psn\n|upkeep\n|turn|12\n|\n|t:|1683226970\n|move|p2a: Amoonguss|Pollen Puff|p2b: Iron Hands\n|-heal|p2b: Iron Hands|68\/100 psn\n|move|p2b: Iron Hands|Fire Punch|p1b: VanessaBloom\n|-supereffective|p1b: VanessaBloom\n|-crit|p1b: VanessaBloom\n|-damage|p1b: VanessaBloom|0 fnt\n|-activate|p1b: VanessaBloom|ability: Toxic Debris\n|-sidestart|p2: chi-yuonetrick|move: Toxic Spikes\n|faint|p1b: VanessaBloom\n|move|p1a: Chef Mike|Overheat|p2a: Amoonguss\n|-supereffective|p2a: Amoonguss\n|-damage|p2a: Amoonguss|0 fnt\n|-unboost|p1a: Chef Mike|spa|2\n|faint|p2a: Amoonguss\n|\n|-damage|p2b: Iron Hands|56\/100 psn|[from] psn\n|upkeep\n|\n|t:|1683226975\n|switch|p2a: Flutter Mane|Flutter Mane, L50|3\/100\n|-status|p2a: Flutter Mane|tox\n|turn|13\n|\n|t:|1683226981\n|move|p1a: Chef Mike|Protect|p1a: Chef Mike\n|-singleturn|p1a: Chef Mike|Protect\n|move|p2b: Iron Hands|Drain Punch|p1a: Chef Mike\n|-activate|p1a: Chef Mike|move: Protect\n|move|p2a: Flutter Mane|Shadow Ball|p1a: Chef Mike\n|-activate|p1a: Chef Mike|move: Protect\n|\n|-damage|p2b: Iron Hands|44\/100 psn|[from] psn\n|-damage|p2a: Flutter Mane|0 fnt|[from] psn\n|faint|p2a: Flutter Mane\n|-end|p2a: Flutter Mane|Protosynthesis|[silent]\n|upkeep\n|turn|14\n|\n|t:|1683226996\n|move|p2b: Iron Hands|Drain Punch|p1a: Chef Mike\n|-damage|p1a: Chef Mike|39\/100\n|-heal|p2b: Iron Hands|60\/100 psn|[from] drain|[of] p1a: Chef Mike\n|move|p1a: Chef Mike|Nasty Plot|p1a: Chef Mike\n|-boost|p1a: Chef Mike|spa|2\n|\n|-damage|p2b: Iron Hands|47\/100 psn|[from] psn\n|-fieldend|move: Trick Room\n|upkeep\n|turn|15\n|\n|t:|1683226999\n|move|p1a: Chef Mike|Overheat|p2b: Iron Hands\n|-damage|p2b: Iron Hands|0 fnt\n|-unboost|p1a: Chef Mike|spa|2\n|faint|p2b: Iron Hands\n|-end|p2b: Iron Hands|Quark Drive|[silent]\n|\n|win|MrNeilMcPotato\n|raw|MrNeilMcPotato's rating: 1362 → 1382<\/strong> (+20 for winning)\n|raw|chi-yuonetrick's rating: 1369 → 1349<\/strong> (-20 for losing)\n|l|\u2606chi-yuonetrick\n|l|\u2606MrNeilMcPotato\n|j|\u2606MrNeilMcPotato\n|player|p1|MrNeilMcPotato|harlequin\n","uploadtime":1683227031,"views":9,"p1id":"mrneilmcpotato","p2id":"chiyuonetrick","formatid":"gen9vgc2023regulationc","rating":1349,"private":0,"password":""}