{"id":"gen9vgc2023regulationc-1852044853","p1":"Cholismo","p2":"LibraryMushroom","format":"[Gen 9] VGC 2023 Regulation C","log":"|j|\u2606Cholismo\n|j|\u2606LibraryMushroom\n|t:|1682519528\n|gametype|doubles\n|player|p1|Cholismo|burglar|1138\n|player|p2|LibraryMushroom|blue|1141\n|teamsize|p1|6\n|teamsize|p2|6\n|gen|9\n|tier|[Gen 9] VGC 2023 Regulation C\n|rated|\n|rule|Species Clause: Limit one of each Pok\u00e9mon\n|rule|Item Clause: Limit one of each item\n|clearpoke\n|poke|p1|Ting-Lu, L50|\n|poke|p1|Glimmora, L50, M|\n|poke|p1|Gyarados, L50, M|\n|poke|p1|Wo-Chien, L50|\n|poke|p1|Rotom-Heat, L50|\n|poke|p1|Flutter Mane, L50|\n|poke|p2|Scizor, L50, M|\n|poke|p2|Flutter Mane, L50|\n|poke|p2|Chien-Pao, L50|\n|poke|p2|Arcanine, L50, F|\n|poke|p2|Azumarill, L50, F|\n|poke|p2|Amoonguss, L50, M|\n|teampreview|4\n|\n|t:|1682519561\n|start\n|switch|p1a: Glimmora|Glimmora, L50, M, shiny|100\/100\n|switch|p1b: Rotom|Rotom-Heat, L50|100\/100\n|switch|p2a: Jessica|Azumarill, L50, F|100\/100\n|switch|p2b: Scissors|Scizor, L50, M|100\/100\n|turn|1\n|\n|t:|1682519595\n|-terastallize|p2a: Jessica|Water\n|move|p1b: Rotom|Protect|p1b: Rotom\n|-singleturn|p1b: Rotom|Protect\n|move|p1a: Glimmora|Toxic|p2b: Scissors\n|-status|p2b: Scissors|tox\n|move|p2b: Scissors|U-turn|p1b: Rotom\n|-activate|p1b: Rotom|move: Protect\n|move|p2a: Jessica|Liquidation|p1b: Rotom\n|-activate|p1b: Rotom|move: Protect\n|\n|-damage|p2b: Scissors|94\/100 tox|[from] psn\n|upkeep\n|turn|2\n|\n|t:|1682519622\n|-terastallize|p1b: Rotom|Electric\n|move|p1a: Glimmora|Energy Ball|p2a: Jessica\n|-supereffective|p2a: Jessica\n|-damage|p2a: Jessica|59\/100\n|move|p1b: Rotom|Thunderbolt|p2a: Jessica\n|-supereffective|p2a: Jessica\n|-damage|p2a: Jessica|0 fnt\n|faint|p2a: Jessica\n|move|p2b: Scissors|U-turn|p1b: Rotom\n|-damage|p1b: Rotom|62\/100\n|\n|t:|1682519631\n|switch|p2b: Misdreavus v2|Flutter Mane, L50|100\/100|[from] U-turn\n|-enditem|p2b: Misdreavus v2|Booster Energy\n|-activate|p2b: Misdreavus v2|ability: Protosynthesis|[fromitem]\n|-start|p2b: Misdreavus v2|protosynthesisspa\n|\n|upkeep\n|\n|t:|1682519633\n|switch|p2a: Ice Weasel|Chien-Pao, L50|100\/100\n|-ability|p2a: Ice Weasel|Sword of Ruin\n|turn|3\n|\n|t:|1682519651\n|move|p2a: Ice Weasel|Sacred Sword|p1a: Glimmora\n|-damage|p1a: Glimmora|46\/100\n|move|p2b: Misdreavus v2|Shadow Ball|p1b: Rotom\n|-damage|p1b: Rotom|6\/100\n|-unboost|p1b: Rotom|spd|1\n|move|p1a: Glimmora|Toxic|p2b: Misdreavus v2\n|-status|p2b: Misdreavus v2|tox\n|move|p1b: Rotom|Overheat|p2a: Ice Weasel\n|-supereffective|p2a: Ice Weasel\n|-enditem|p2a: Ice Weasel|Focus Sash\n|-damage|p2a: Ice Weasel|1\/100\n|-unboost|p1b: Rotom|spa|2\n|\n|-damage|p2b: Misdreavus v2|95\/100 tox|[from] psn\n|upkeep\n|turn|4\n|\n|t:|1682519679\n|move|p1a: Glimmora|Spiky Shield|p1a: Glimmora\n|-singleturn|p1a: Glimmora|move: Protect\n|move|p2a: Ice Weasel|Sacred Sword|p1a: Glimmora\n|-activate|p1a: Glimmora|move: Protect\n|-damage|p2a: Ice Weasel|0 fnt|[from] Spiky Shield|[of] p1a: Glimmora\n|faint|p2a: Ice Weasel\n|move|p2b: Misdreavus v2|Shadow Ball|p1b: Rotom\n|-damage|p1b: Rotom|0 fnt\n|faint|p1b: Rotom\n|\n|-damage|p2b: Misdreavus v2|84\/100 tox|[from] psn\n|upkeep\n|\n|t:|1682519687\n|switch|p2a: Scissors|Scizor, L50, M|94\/100 tox\n|switch|p1b: Gyarados|Gyarados, L50, M, shiny|100\/100\n|-ability|p1b: Gyarados|Intimidate|boost\n|-fail|p2a: Scissors|unboost|[from] item: Clear Amulet|[of] p2a: Scissors\n|-unboost|p2b: Misdreavus v2|atk|1\n|turn|5\n|\n|t:|1682519710\n|move|p2b: Misdreavus v2|Shadow Ball|p1b: Gyarados\n|-damage|p1b: Gyarados|62\/100\n|move|p1a: Glimmora|Power Gem|p2a: Scissors\n|-damage|p2a: Scissors|45\/100 tox\n|move|p1b: Gyarados|Waterfall|p2b: Misdreavus v2\n|-damage|p2b: Misdreavus v2|25\/100 tox\n|move|p2a: Scissors|Close Combat|p1a: Glimmora\n|-damage|p1a: Glimmora|0 fnt\n|-unboost|p2a: Scissors|def|1\n|-unboost|p2a: Scissors|spd|1\n|faint|p1a: Glimmora\n|\n|-damage|p2b: Misdreavus v2|8\/100 tox|[from] psn\n|-damage|p2a: Scissors|38\/100 tox|[from] psn\n|upkeep\n|\n|t:|1682519721\n|switch|p1a: Wo-Chien|Wo-Chien, L50|100\/100\n|-ability|p1a: Wo-Chien|Tablets of Ruin\n|turn|6\n|\n|t:|1682519731\n|move|p1b: Gyarados|Protect|p1b: Gyarados\n|-singleturn|p1b: Gyarados|Protect\n|move|p1a: Wo-Chien|Protect|p1a: Wo-Chien\n|-singleturn|p1a: Wo-Chien|Protect\n|move|p2b: Misdreavus v2|Shadow Ball|p1b: Gyarados\n|-activate|p1b: Gyarados|move: Protect\n|move|p2a: Scissors|U-turn|p1a: Wo-Chien\n|-activate|p1a: Wo-Chien|move: Protect\n|\n|-damage|p2b: Misdreavus v2|0 fnt|[from] psn\n|faint|p2b: Misdreavus v2\n|-end|p2b: Misdreavus v2|Protosynthesis|[silent]\n|-damage|p2a: Scissors|26\/100 tox|[from] psn\n|upkeep\n|turn|7\n|\n|t:|1682519754\n|move|p1b: Gyarados|Waterfall|p2a: Scissors\n|-damage|p2a: Scissors|0 fnt\n|faint|p2a: Scissors\n|\n|win|Cholismo\n|raw|Cholismo's rating: 1138 → 1163<\/strong> (+25 for winning)\n|raw|LibraryMushroom's rating: 1141 → 1116<\/strong> (-25 for losing)\n","uploadtime":1682519759,"views":17,"p1id":"cholismo","p2id":"librarymushroom","formatid":"gen9vgc2023regulationc","rating":1116,"private":0,"password":""}