{"id":"gen9vgc2023regulationc-1847410967","p1":"mysafewordisharder","p2":"Seatoe","format":"[Gen 9] VGC 2023 Regulation C","log":"|j|\u2606mysafewordisharder\n|j|\u2606Seatoe\n|t:|1681951918\n|gametype|doubles\n|player|p1|mysafewordisharder|milo|1243\n|player|p2|Seatoe|sailor|1201\n|teamsize|p1|6\n|teamsize|p2|6\n|gen|9\n|tier|[Gen 9] VGC 2023 Regulation C\n|rated|\n|rule|Species Clause: Limit one of each Pok\u00e9mon\n|rule|Item Clause: Limit one of each item\n|clearpoke\n|poke|p1|Orthworm, L50, M|\n|poke|p1|Dragonite, L50, F|\n|poke|p1|Ting-Lu, L50|\n|poke|p1|Gyarados, L50, M|\n|poke|p1|Flutter Mane, L50|\n|poke|p1|Chien-Pao, L50|\n|poke|p2|Palafin, L50, M|\n|poke|p2|Baxcalibur, L50, F|\n|poke|p2|Arcanine, L50, M|\n|poke|p2|Tinkaton, L50, F|\n|poke|p2|Amoonguss, L50, F|\n|poke|p2|Ting-Lu, L50|\n|teampreview|4\nmysafewordisharder has agreed to open team sheets.\n|\n|t:|1681951954\n|start\n|switch|p1a: PTSD Snek|Gyarados, L50, M|100\/100\n|switch|p1b: Orthworm Jim|Orthworm, L50, M, shiny|100\/100\n|switch|p2a: Pine|Baxcalibur, L50, F|100\/100\n|switch|p2b: Willow|Palafin, L50, M|100\/100\n|-ability|p1a: PTSD Snek|Intimidate|boost\n|-unboost|p2a: Pine|atk|1\n|-unboost|p2b: Willow|atk|1\n|turn|1\n|\n|t:|1681951986\n|detailschange|p2b: Willow|Palafin-Hero, L50, M\n|switch|p2b: Bonsai|Arcanine, L50, M|100\/100\n|-ability|p2b: Bonsai|Intimidate|boost\n|-unboost|p1a: PTSD Snek|atk|1\n|-unboost|p1b: Orthworm Jim|atk|1\n|move|p2a: Pine|Icicle Spear|p1a: PTSD Snek\n|-damage|p1a: PTSD Snek|91\/100\n|-damage|p1a: PTSD Snek|81\/100\n|-damage|p1a: PTSD Snek|72\/100\n|-damage|p1a: PTSD Snek|63\/100\n|-hitcount|p1a: PTSD Snek|4\n|move|p1a: PTSD Snek|Thunder Wave|p2a: Pine\n|-status|p2a: Pine|par\n|move|p1b: Orthworm Jim|Shed Tail|p1b: Orthworm Jim\n|-start|p1b: Orthworm Jim|Substitute|[from] move: Shed Tail\n|-damage|p1b: Orthworm Jim|50\/100\n|-enditem|p1b: Orthworm Jim|Sitrus Berry|[eat]\n|-heal|p1b: Orthworm Jim|75\/100|[from] item: Sitrus Berry\n|\n|t:|1681952000\n|switch|p1b: Huggies|Dragonite, L50, F|100\/100|[from] Shed Tail\n|\n|upkeep\n|turn|2\n|\n|t:|1681952031\n|switch|p1b: Orthworm Jim|Orthworm, L50, M, shiny|75\/100\n|-terastallize|p2b: Bonsai|Water\n|move|p2b: Bonsai|Flare Blitz|p1a: PTSD Snek\n|-resisted|p1a: PTSD Snek\n|-damage|p1a: PTSD Snek|35\/100\n|-damage|p2b: Bonsai|91\/100|[from] Recoil\n|move|p1a: PTSD Snek|Bulldoze|p2b: Bonsai|[spread] p2a,p2b\n|-heal|p1b: Orthworm Jim|100\/100|[from] ability: Earth Eater|[of] p1a: PTSD Snek\n|-damage|p2a: Pine|92\/100 par\n|-damage|p2b: Bonsai|83\/100\n|-unboost|p2a: Pine|spe|1\n|-unboost|p2b: Bonsai|spe|1\n|cant|p2a: Pine|par\n|\n|upkeep\n|turn|3\n|\n|t:|1681952055\n|switch|p1a: Huggies|Dragonite, L50, F|100\/100\n|switch|p2a: Acacia|Amoonguss, L50, F|100\/100\n|-terastallize|p1b: Orthworm Jim|Fire\n|move|p1b: Orthworm Jim|Iron Defense|p1b: Orthworm Jim\n|-boost|p1b: Orthworm Jim|def|2\n|move|p2b: Bonsai|Flare Blitz|p1b: Orthworm Jim\n|-resisted|p1b: Orthworm Jim\n|-damage|p1b: Orthworm Jim|91\/100\n|-damage|p2b: Bonsai|79\/100|[from] Recoil\n|\n|upkeep\n|turn|4\n|\n|t:|1681952084\n|move|p1a: Huggies|Dragon Dance|p1a: Huggies\n|-boost|p1a: Huggies|atk|1\n|-boost|p1a: Huggies|spe|1\n|move|p1b: Orthworm Jim|Body Press|p2b: Bonsai\n|-damage|p2b: Bonsai|18\/100\n|move|p2b: Bonsai|Flare Blitz|p1a: Huggies\n|-resisted|p1a: Huggies\n|-damage|p1a: Huggies|84\/100\n|-status|p1a: Huggies|brn\n|-enditem|p1a: Huggies|Lum Berry|[eat]\n|-curestatus|p1a: Huggies|brn|[msg]\n|-damage|p2b: Bonsai|13\/100|[from] Recoil\n|move|p2a: Acacia|Spore|p1b: Orthworm Jim\n|-status|p1b: Orthworm Jim|slp|[from] move: Spore\n|\n|upkeep\n|turn|5\n|\n|t:|1681952106\n|move|p2b: Bonsai|Protect|p2b: Bonsai\n|-singleturn|p2b: Bonsai|Protect\n|move|p1a: Huggies|Earthquake|p2b: Bonsai|[spread] p2a\n|-activate|p2b: Bonsai|move: Protect\n|-heal|p1b: Orthworm Jim|100\/100 slp|[from] ability: Earth Eater|[of] p1a: Huggies\n|-damage|p2a: Acacia|72\/100\n|cant|p1b: Orthworm Jim|slp\n|move|p2a: Acacia|Spore|p1a: Huggies\n|-status|p1a: Huggies|slp|[from] move: Spore\n|\n|upkeep\n|turn|6\n|\n|t:|1681952133\n|switch|p2b: Willow|Palafin-Hero, L50, M|100\/100\n|-activate|p2b: Willow|ability: Zero to Hero\n|cant|p1a: Huggies|slp\n|cant|p1b: Orthworm Jim|slp\n|move|p2a: Acacia|Spore|p1b: Orthworm Jim\n|-fail|p1b: Orthworm Jim|slp\n|\n|upkeep\n|turn|7\n|\n|t:|1681952150\n|switch|p1b: PTSD Snek|Gyarados, L50, M|35\/100\n|-ability|p1b: PTSD Snek|Intimidate|boost\n|-unboost|p2a: Acacia|atk|1\n|-unboost|p2b: Willow|atk|1\n|switch|p2a: Pine|Baxcalibur, L50, F|92\/100 par\n|cant|p1a: Huggies|slp\n|move|p2b: Willow|Haze|p2b: Willow\n|-clearallboost\n|\n|upkeep\n|turn|8\n|\n|t:|1681952173\n|switch|p1a: Orthworm Jim|Orthworm, L50, M, shiny, tera:Fire|100\/100 slp\n|move|p1b: PTSD Snek|Thunder Wave|p2b: Willow\n|-status|p2b: Willow|par\n|cant|p2a: Pine|par\n|cant|p2b: Willow|par\n|\n|upkeep\n|turn|9\n|c|\u2606mysafewordisharder|that was extremely lucky :O\n|\n|t:|1681952193\n|move|p1b: PTSD Snek|Bulldoze|p2a: Pine|[spread] p2a,p2b\n|-immune|p1a: Orthworm Jim|[from] ability: Earth Eater\n|-damage|p2a: Pine|78\/100 par\n|-damage|p2b: Willow|89\/100 par\n|-unboost|p2a: Pine|spe|1\n|-unboost|p2b: Willow|spe|1\n|-curestatus|p1a: Orthworm Jim|slp|[msg]\n|move|p1a: Orthworm Jim|Shed Tail|p1a: Orthworm Jim\n|-start|p1a: Orthworm Jim|Substitute|[from] move: Shed Tail\n|-damage|p1a: Orthworm Jim|50\/100\n|\n|t:|1681952202\n|switch|p1a: Can't think of 1|Flutter Mane, L50, shiny|100\/100|[from] Shed Tail\n|move|p2a: Pine|Icicle Spear|p1b: PTSD Snek\n|-damage|p1b: PTSD Snek|21\/100\n|-damage|p1b: PTSD Snek|6\/100\n|-damage|p1b: PTSD Snek|0 fnt\n|faint|p1b: PTSD Snek\n|-hitcount|p1: PTSD Snek|3\n|cant|p2b: Willow|par\n|\n|upkeep\n|\n|t:|1681952213\n|switch|p1b: Orthworm Jim|Orthworm, L50, M, shiny, tera:Fire|50\/100\n|turn|10\n|\n|t:|1681952225\n|switch|p2a: Acacia|Amoonguss, L50, F|100\/100\n|move|p1a: Can't think of 1|Dazzling Gleam|p2a: Acacia|[spread] p2a,p2b\n|-resisted|p2a: Acacia\n|-damage|p2a: Acacia|83\/100\n|-damage|p2b: Willow|49\/100 par\n|move|p1b: Orthworm Jim|Iron Defense|p1b: Orthworm Jim\n|-boost|p1b: Orthworm Jim|def|2\n|cant|p2b: Willow|par\n|\n|upkeep\n|turn|11\n|\n|t:|1681952250\n|move|p2b: Willow|Jet Punch|p1b: Orthworm Jim\n|-supereffective|p1b: Orthworm Jim\n|-damage|p1b: Orthworm Jim|19\/100\n|move|p1a: Can't think of 1|Dazzling Gleam|p2a: Acacia|[spread] p2a,p2b\n|-resisted|p2a: Acacia\n|-damage|p2a: Acacia|67\/100\n|-damage|p2b: Willow|10\/100 par\n|move|p1b: Orthworm Jim|Body Press|p2b: Willow\n|-damage|p2b: Willow|0 fnt\n|faint|p2b: Willow\n|move|p2a: Acacia|Pollen Puff|p2: Willow|[notarget]\n|-fail|p2a: Acacia\n|\n|upkeep\n|\n|t:|1681952262\n|switch|p2b: Bonsai|Arcanine, L50, M, tera:Water|13\/100\n|-ability|p2b: Bonsai|Intimidate|boost\n|-immune|p1a: Can't think of 1\n|-unboost|p1b: Orthworm Jim|atk|1\n|turn|12\n|\n|t:|1681952269\n|move|p1a: Can't think of 1|Dazzling Gleam|p2a: Acacia|[spread] p2a,p2b\n|-resisted|p2a: Acacia\n|-damage|p2a: Acacia|49\/100\n|-damage|p2b: Bonsai|0 fnt\n|-enditem|p2a: Acacia|Sitrus Berry|[eat]\n|-heal|p2a: Acacia|74\/100|[from] item: Sitrus Berry\n|faint|p2b: Bonsai\n|move|p1b: Orthworm Jim|Heavy Slam|p2a: Acacia\n|-crit|p2a: Acacia\n|-damage|p2a: Acacia|33\/100\n|move|p2a: Acacia|Pollen Puff|p2: Bonsai|[notarget]\n|-fail|p2a: Acacia\n|\n|upkeep\n|\n|t:|1681952272\n|switch|p2b: Pine|Baxcalibur, L50, F|78\/100 par\n|turn|13\n|\n|t:|1681952285\n|move|p2b: Pine|Protect|p2b: Pine\n|-singleturn|p2b: Pine|Protect\n|move|p1a: Can't think of 1|Dazzling Gleam|p2a: Acacia|[spread] p2a\n|-activate|p2b: Pine|move: Protect\n|-resisted|p2a: Acacia\n|-damage|p2a: Acacia|15\/100\n|move|p1b: Orthworm Jim|Body Press|p2b: Pine\n|-activate|p2b: Pine|move: Protect\n|move|p2a: Acacia|Pollen Puff|p1b: Orthworm Jim\n|-resisted|p1b: Orthworm Jim\n|-damage|p1b: Orthworm Jim|9\/100\n|\n|upkeep\n|turn|14\n|\n|t:|1681952305\n|move|p2b: Pine|Ice Shard|p1b: Orthworm Jim\n|-resisted|p1b: Orthworm Jim\n|-damage|p1b: Orthworm Jim|5\/100\n|move|p1a: Can't think of 1|Dazzling Gleam|p2b: Pine|[spread] p2a,p2b\n|-resisted|p2a: Acacia\n|-supereffective|p2b: Pine\n|-crit|p2b: Pine\n|-damage|p2a: Acacia|0 fnt\n|-damage|p2b: Pine|0 fnt\n|faint|p2a: Acacia\n|faint|p2b: Pine\n|\n|win|mysafewordisharder\n|raw|mysafewordisharder's rating: 1243 → 1265<\/strong> (+22 for winning)\n|raw|Seatoe's rating: 1201 → 1179<\/strong> (-22 for losing)\n|l|\u2606Seatoe\n","uploadtime":1681952316,"views":11,"p1id":"mysafewordisharder","p2id":"seatoe","formatid":"gen9vgc2023regulationc","rating":1179,"private":0,"password":""}