{"id":"gen9vgc2023regulationc-1847383471","p1":"Tempest brute","p2":"rillaroar","format":"[Gen 9] VGC 2023 Regulation C","log":"|j|\u2606Tempest brute\n|j|\u2606rillaroar\n|t:|1681948672\n|gametype|doubles\n|player|p1|Tempest brute|veteran|\n|player|p2|rillaroar|1|\n|teamsize|p1|4\n|teamsize|p2|6\n|gen|9\n|tier|[Gen 9] VGC 2023 Regulation C\n|rated|Tournament battle\n|rule|Species Clause: Limit one of each Pok\u00e9mon\n|rule|Item Clause: Limit one of each item\n|clearpoke\n|poke|p1|Ting-Lu, L50|\n|poke|p1|Roaring Moon, L50|\n|poke|p1|Klefki, L50, F|\n|poke|p1|Skeledirge, L50, F|\n|poke|p2|Rotom-Wash, L50|\n|poke|p2|Kingambit, L50, M|\n|poke|p2|Gyarados, L50, M|\n|poke|p2|Flutter Mane, L50|\n|poke|p2|Amoonguss, L50, M|\n|poke|p2|Talonflame, L50, M|\n|teampreview|4\n|j| repeatt\n|l| repeatt\n|\n|t:|1681948769\n|start\n|switch|p1a: Klefki|Klefki, L50, F|100\/100\n|switch|p1b: Skeledirge|Skeledirge, L50, F|100\/100\n|switch|p2a: Flutter Mane|Flutter Mane, L50|100\/100\n|switch|p2b: Talonflame|Talonflame, L50, M, shiny|100\/100\n|turn|1\n|\n|t:|1681948800\n|switch|p1b: Ting-Lu|Ting-Lu, L50|100\/100\n|-ability|p1b: Ting-Lu|Vessel of Ruin\n|move|p1a: Klefki|Light Screen|p1a: Klefki\n|-sidestart|p1: Tempest brute|move: Light Screen\n|move|p2a: Flutter Mane|Shadow Ball|p1b: Ting-Lu\n|-resisted|p1b: Ting-Lu\n|-damage|p1b: Ting-Lu|89\/100\n|move|p2b: Talonflame|Taunt|p1a: Klefki\n|-start|p1a: Klefki|move: Taunt\n|\n|-heal|p1b: Ting-Lu|96\/100|[from] item: Leftovers\n|upkeep\n|turn|2\n|j| acorn_viyici\n|\n|t:|1681948821\n|-end|p2a: Flutter Mane|Protosynthesis|[silent]\n|switch|p2a: Rotom|Rotom-Wash, L50, shiny|100\/100\n|switch|p2b: Gyarados|Gyarados, L50, M|100\/100\n|-ability|p2b: Gyarados|Intimidate|boost\n|-unboost|p1a: Klefki|atk|1\n|-unboost|p1b: Ting-Lu|atk|1\n|switch|p1a: Roaring Moon|Roaring Moon, L50|100\/100\n|-enditem|p1a: Roaring Moon|Booster Energy\n|-activate|p1a: Roaring Moon|ability: Protosynthesis|[fromitem]\n|-start|p1a: Roaring Moon|protosynthesisspe\n|move|p1b: Ting-Lu|Protect||[still]\n|-fail|p1b: Ting-Lu\n|\n|-heal|p1b: Ting-Lu|100\/100|[from] item: Leftovers\n|upkeep\n|turn|3\n|j| blackspearow\n|\n|t:|1681948845\n|switch|p1b: Klefki|Klefki, L50, F|100\/100\n|move|p1a: Roaring Moon|Substitute|p1a: Roaring Moon\n|-start|p1a: Roaring Moon|Substitute\n|-damage|p1a: Roaring Moon|76\/100\n|move|p2b: Gyarados|Dragon Dance|p2b: Gyarados\n|-boost|p2b: Gyarados|atk|1\n|-boost|p2b: Gyarados|spe|1\n|move|p2a: Rotom|Will-O-Wisp||[still]\n|-fail|p2a: Rotom\n|\n|upkeep\n|turn|4\n|l| acorn_viyici\n|\n|t:|1681948882\n|-terastallize|p2b: Gyarados|Ground\n|move|p1b: Klefki|Reflect|p1b: Klefki\n|-sidestart|p1: Tempest brute|Reflect\n|move|p1a: Roaring Moon|Jaw Lock|p2b: Gyarados\n|-damage|p2b: Gyarados|56\/100\n|-activate|p1a: Roaring Moon|trapped\n|-activate|p2b: Gyarados|trapped\n|move|p2b: Gyarados|Earthquake|p1a: Roaring Moon|[spread] p1a,p1b\n|-immune|p2a: Rotom|[from] ability: Levitate\n|-end|p1a: Roaring Moon|Substitute\n|-supereffective|p1b: Klefki\n|-damage|p1b: Klefki|10\/100\n|move|p2a: Rotom|Will-O-Wisp|p1a: Roaring Moon\n|-status|p1a: Roaring Moon|brn\n|\n|-damage|p1a: Roaring Moon|70\/100 brn|[from] brn\n|upkeep\n|turn|5\n|j| repeatt\n|c|\u2606Tempest brute|why\n|\n|t:|1681948910\n|switch|p1b: Ting-Lu|Ting-Lu, L50|100\/100\n|-ability|p1b: Ting-Lu|Vessel of Ruin\n|move|p2b: Gyarados|Protect|p2b: Gyarados\n|-singleturn|p2b: Gyarados|Protect\n|move|p1a: Roaring Moon|Jaw Lock|p2b: Gyarados\n|-activate|p2b: Gyarados|move: Protect\n|move|p2a: Rotom|Thunderbolt|p1b: Ting-Lu\n|-immune|p1b: Ting-Lu\n|\n|-damage|p1a: Roaring Moon|64\/100 brn|[from] brn\n|upkeep\n|turn|6\n|j| WeirdPolyCouple\n|\n|t:|1681948934\n|move|p1a: Roaring Moon|Protect|p1a: Roaring Moon\n|-singleturn|p1a: Roaring Moon|Protect\n|move|p2b: Gyarados|Earthquake|p1b: Ting-Lu|[spread] p1b\n|-activate|p1a: Roaring Moon|move: Protect\n|-immune|p2a: Rotom|[from] ability: Levitate\n|-damage|p1b: Ting-Lu|83\/100\n|move|p2a: Rotom|Will-O-Wisp|p1b: Ting-Lu|[miss]\n|-miss|p2a: Rotom|p1b: Ting-Lu\n|move|p1b: Ting-Lu|Whirlwind|p2b: Gyarados\n|drag|p2b: Talonflame|Talonflame, L50, M, shiny|100\/100\n|\n|-heal|p1b: Ting-Lu|89\/100|[from] item: Leftovers\n|-damage|p1a: Roaring Moon|57\/100 brn|[from] brn\n|upkeep\n|turn|7\n|l| repeatt\n|\n|t:|1681948980\n|switch|p1b: Skeledirge|Skeledirge, L50, F|100\/100\n|move|p2b: Talonflame|Brave Bird|p1a: Roaring Moon\n|-damage|p1a: Roaring Moon|30\/100 brn\n|-damage|p2b: Talonflame|89\/100|[from] Recoil\n|move|p1a: Roaring Moon|Jaw Lock|p2b: Talonflame\n|-damage|p2b: Talonflame|62\/100\n|-activate|p1a: Roaring Moon|trapped\n|-activate|p2b: Talonflame|trapped\n|move|p2a: Rotom|Will-O-Wisp|p1b: Skeledirge\n|-immune|p1b: Skeledirge\n|\n|-damage|p1a: Roaring Moon|24\/100 brn|[from] brn\n|upkeep\n|turn|8\n|j| Stempe\n|\n|t:|1681949011\n|-terastallize|p1b: Skeledirge|Poison\n|move|p1a: Roaring Moon|Jaw Lock|p2b: Talonflame\n|-damage|p2b: Talonflame|37\/100\n|move|p2b: Talonflame|Brave Bird|p1a: Roaring Moon\n|-damage|p1a: Roaring Moon|0 fnt\n|faint|p1a: Roaring Moon\n|-end|p1a: Roaring Moon|Protosynthesis|[silent]\n|-damage|p2b: Talonflame|27\/100|[from] Recoil\n|move|p2a: Rotom|Hydro Pump|p1b: Skeledirge\n|-damage|p1b: Skeledirge|64\/100\n|-damage|p2a: Rotom|91\/100|[from] item: Life Orb\n|move|p1b: Skeledirge|Torch Song|p2b: Talonflame\n|-resisted|p2b: Talonflame\n|-damage|p2b: Talonflame|8\/100\n|-boost|p1b: Skeledirge|spa|1\n|\n|-sideend|p1: Tempest brute|move: Light Screen\n|upkeep\n|\n|t:|1681949028\n|switch|p1a: Klefki|Klefki, L50, F|10\/100\n|turn|9\n|j| xerntest\n|\n|t:|1681949056\n|move|p1a: Klefki|Light Screen|p1a: Klefki\n|-sidestart|p1: Tempest brute|move: Light Screen\n|move|p2b: Talonflame|Flare Blitz|p1b: Skeledirge\n|-damage|p1b: Skeledirge|40\/100\n|-enditem|p1b: Skeledirge|Sitrus Berry|[eat]\n|-heal|p1b: Skeledirge|65\/100|[from] item: Sitrus Berry\n|-damage|p2b: Talonflame|0 fnt|[from] Recoil\n|faint|p2b: Talonflame\n|move|p2a: Rotom|Thunderbolt|p1a: Klefki\n|-damage|p1a: Klefki|0 fnt\n|faint|p1a: Klefki\n|-damage|p2a: Rotom|81\/100|[from] item: Life Orb\n|move|p1b: Skeledirge|Shadow Ball|p2a: Rotom\n|-damage|p2a: Rotom|30\/100\n|\n|upkeep\n|\n|t:|1681949080\n|switch|p2b: Gyarados|Gyarados, L50, M, tera:Ground|56\/100\n|switch|p1a: Ting-Lu|Ting-Lu, L50|89\/100\n|-ability|p2b: Gyarados|Intimidate|boost\n|-unboost|p1a: Ting-Lu|atk|1\n|-unboost|p1b: Skeledirge|atk|1\n|-ability|p1a: Ting-Lu|Vessel of Ruin\n|turn|10\n|\n|t:|1681949114\n|move|p2b: Gyarados|Protect|p2b: Gyarados\n|-singleturn|p2b: Gyarados|Protect\n|move|p2a: Rotom|Will-O-Wisp|p1a: Ting-Lu\n|-status|p1a: Ting-Lu|brn\n|move|p1b: Skeledirge|Slack Off|p1b: Skeledirge\n|-heal|p1b: Skeledirge|100\/100\n|move|p1a: Ting-Lu|Throat Chop|p2b: Gyarados\n|-activate|p2b: Gyarados|move: Protect\n|\n|-heal|p1a: Ting-Lu|95\/100 brn|[from] item: Leftovers\n|-damage|p1a: Ting-Lu|89\/100 brn|[from] brn\n|upkeep\n|turn|11\n|j| AlmostAPear9\n|l| AlmostAPear9\n|inactive|Battle timer is ON: inactive players will automatically lose when time's up. (requested by Tempest brute)\n|j| Riquelme14\n|\n|t:|1681949172\n|switch|p2b: Flutter Mane|Flutter Mane, L50|100\/100\n|move|p2a: Rotom|Hydro Pump|p1a: Ting-Lu\n|-supereffective|p1a: Ting-Lu\n|-damage|p1a: Ting-Lu|39\/100 brn\n|-damage|p2a: Rotom|20\/100|[from] item: Life Orb\n|move|p1b: Skeledirge|Will-O-Wisp|p2b: Flutter Mane\n|-status|p2b: Flutter Mane|brn\n|move|p1a: Ting-Lu|Throat Chop|p2a: Rotom\n|-damage|p2a: Rotom|8\/100\n|-start|p2a: Rotom|Throat Chop|[silent]\n|\n|-heal|p1a: Ting-Lu|45\/100 brn|[from] item: Leftovers\n|-damage|p2b: Flutter Mane|94\/100 brn|[from] brn\n|-damage|p1a: Ting-Lu|39\/100 brn|[from] brn\n|-sideend|p1: Tempest brute|Reflect\n|upkeep\n|turn|12\n|inactive|rillaroar has 30 seconds left.\n|\n|t:|1681949201\n|move|p1a: Ting-Lu|Protect|p1a: Ting-Lu\n|-singleturn|p1a: Ting-Lu|Protect\n|move|p2b: Flutter Mane|Shadow Ball|p1b: Skeledirge\n|-damage|p1b: Skeledirge|75\/100\n|move|p2a: Rotom|Hydro Pump|p1a: Ting-Lu\n|-activate|p1a: Ting-Lu|move: Protect\n|move|p1b: Skeledirge|Shadow Ball|p2b: Flutter Mane\n|-supereffective|p2b: Flutter Mane\n|-damage|p2b: Flutter Mane|24\/100 brn\n|\n|-heal|p1a: Ting-Lu|45\/100 brn|[from] item: Leftovers\n|-damage|p2b: Flutter Mane|17\/100 brn|[from] brn\n|-damage|p1a: Ting-Lu|39\/100 brn|[from] brn\n|-end|p2a: Rotom|Throat Chop|[silent]\n|upkeep\n|turn|13\n|l| Riquelme14\n|l| xerntest\n|\n|t:|1681949215\n|move|p1a: Ting-Lu|Protect||[still]\n|-fail|p1a: Ting-Lu\n|move|p2b: Flutter Mane|Shadow Ball|p1b: Skeledirge\n|-damage|p1b: Skeledirge|50\/100\n|-unboost|p1b: Skeledirge|spd|1\n|move|p2a: Rotom|Hydro Pump|p1a: Ting-Lu\n|-supereffective|p1a: Ting-Lu\n|-damage|p1a: Ting-Lu|0 fnt\n|faint|p1a: Ting-Lu\n|-damage|p2a: Rotom|0 fnt|[from] item: Life Orb\n|faint|p2a: Rotom\n|move|p1b: Skeledirge|Slack Off|p1b: Skeledirge\n|-heal|p1b: Skeledirge|99\/100\n|\n|-damage|p2b: Flutter Mane|11\/100 brn|[from] brn\n|upkeep\n|\n|t:|1681949224\n|switch|p2a: Gyarados|Gyarados, L50, M, tera:Ground|56\/100\n|-ability|p2a: Gyarados|Intimidate|boost\n|-unboost|p1b: Skeledirge|atk|1\n|turn|14\n|inactive|rillaroar has 30 seconds left.\n|inactive|rillaroar has 20 seconds left.\n|inactive|rillaroar has 15 seconds left.\n|inactive|rillaroar has 10 seconds left.\n|inactive|rillaroar has 5 seconds left.\n|\n|t:|1681949279\n|move|p2b: Flutter Mane|Shadow Ball|p1b: Skeledirge\n|-damage|p1b: Skeledirge|46\/100\n|move|p2a: Gyarados|Waterfall|p1b: Skeledirge\n|-damage|p1b: Skeledirge|11\/100\n|move|p1b: Skeledirge|Slack Off|p1b: Skeledirge\n|-heal|p1b: Skeledirge|61\/100\n|\n|-damage|p2b: Flutter Mane|5\/100 brn|[from] brn\n|upkeep\n|turn|15\n|\n|t:|1681949299\n|move|p2b: Flutter Mane|Shadow Ball|p1b: Skeledirge\n|-damage|p1b: Skeledirge|4\/100\n|move|p2a: Gyarados|Earthquake|p1b: Skeledirge|[spread] p2b,p1b\n|-supereffective|p1b: Skeledirge\n|-damage|p2b: Flutter Mane|0 fnt\n|-damage|p1b: Skeledirge|0 fnt\n|faint|p2b: Flutter Mane\n|-end|p2b: Flutter Mane|Protosynthesis|[silent]\n|faint|p1b: Skeledirge\n|\n|win|rillaroar\n|n|\u2606Tempest brute|tempestbrute\n|n|\u2606rillaroar|rillaroar\n|n| blackspearow|blackspearow\n|n| WeirdPolyCouple|weirdpolycouple\n|n| Stempe|stempe\n|c|\u2606rillaroar|gg\n|l|\u2606Tempest brute\n|l| WeirdPolyCouple\n|l| Stempe\n|l| blackspearow\n|j| Eelstartega\n|l| Eelstartega\n","uploadtime":1681949300,"views":3,"p1id":"tempestbrute","p2id":"rillaroar","formatid":"gen9vgc2023regulationc","rating":0,"private":0,"password":""}