{"id":"gen9vgc2023regulationc-1846720067","p1":"ThatGuyTi","p2":"athico","format":"[Gen 9] VGC 2023 Regulation C","log":"|j|\u2606ThatGuyTi\n|j|\u2606athico\n|t:|1681869882\n|gametype|doubles\n|player|p1|ThatGuyTi|266|1124\n|player|p2|athico|266|1069\n|teamsize|p1|6\n|teamsize|p2|6\n|gen|9\n|tier|[Gen 9] VGC 2023 Regulation C\n|rated|\n|rule|Species Clause: Limit one of each Pok\u00e9mon\n|rule|Item Clause: Limit one of each item\n|clearpoke\n|poke|p1|Dragapult, L50, M|\n|poke|p1|Palafin, L50, M|\n|poke|p1|Amoonguss, L50, F|\n|poke|p1|Arcanine, L50, F|\n|poke|p1|Chien-Pao, L50|\n|poke|p1|Flutter Mane, L50|\n|poke|p2|Annihilape, L50, M|\n|poke|p2|Flutter Mane, L50|\n|poke|p2|Maushold-Four, L50|\n|poke|p2|Amoonguss, L50, F|\n|poke|p2|Dragapult, L50, F|\n|poke|p2|Chien-Pao, L50|\n|teampreview|4\n|inactive|Battle timer is ON: inactive players will automatically lose when time's up. (requested by athico)\n|\n|t:|1681869924\n|start\n|switch|p1a: Amoonguss|Amoonguss, L50, F|100\/100\n|switch|p1b: Flutter Mane|Flutter Mane, L50|100\/100\n|switch|p2a: Maushold|Maushold-Four, L50|100\/100\n|switch|p2b: Dragapult|Dragapult, L50, F|100\/100\n|-enditem|p1b: Flutter Mane|Booster Energy\n|-activate|p1b: Flutter Mane|ability: Protosynthesis|[fromitem]\n|-start|p1b: Flutter Mane|protosynthesisspe\n|turn|1\n|\n|t:|1681869944\n|move|p1b: Flutter Mane|Protect|p1b: Flutter Mane\n|-singleturn|p1b: Flutter Mane|Protect\n|move|p2a: Maushold|Follow Me|p2a: Maushold\n|-singleturn|p2a: Maushold|move: Follow Me\n|move|p2b: Dragapult|Phantom Force||[still]\n|-prepare|p2b: Dragapult|Phantom Force\n|move|p1a: Amoonguss|Spore|p2a: Maushold\n|-activate|p2a: Maushold|item: Safety Goggles|Spore\n|\n|upkeep\n|turn|2\n|\n|t:|1681869966\n|-end|p1b: Flutter Mane|Protosynthesis|[silent]\n|switch|p1b: Chien-Pao|Chien-Pao, L50|100\/100\n|-ability|p1b: Chien-Pao|Sword of Ruin\n|switch|p1a: Dragapult|Dragapult, L50, M|100\/100\n|move|p2a: Maushold|Follow Me|p2a: Maushold\n|-singleturn|p2a: Maushold|move: Follow Me\n|move|p2b: Dragapult|Phantom Force|p1b: Chien-Pao|[from]lockedmove\n|-resisted|p1b: Chien-Pao\n|-damage|p1b: Chien-Pao|55\/100\n|\n|upkeep\n|turn|3\n|\n|t:|1681869984\n|move|p2a: Maushold|Follow Me|p2a: Maushold\n|-singleturn|p2a: Maushold|move: Follow Me\n|move|p1a: Dragapult|Dragon Darts|p2a: Maushold\n|-damage|p2a: Maushold|50\/100\n|-anim|p1a: Dragapult|Dragon Darts|p2a: Maushold\n|-damage|p2a: Maushold|5\/100\n|move|p2b: Dragapult|Phantom Force||[still]\n|-prepare|p2b: Dragapult|Phantom Force\n|move|p1b: Chien-Pao|Sacred Sword|p2a: Maushold\n|-supereffective|p2a: Maushold\n|-damage|p2a: Maushold|0 fnt\n|faint|p2a: Maushold\n|\n|upkeep\n|\n|t:|1681869996\n|switch|p2a: Chien-Pao|Chien-Pao, L50|100\/100\n|-ability|p2a: Chien-Pao|Sword of Ruin\n|turn|4\n|\n|t:|1681870002\n|switch|p1a: Amoonguss|Amoonguss, L50, F|100\/100\n|move|p1b: Chien-Pao|Protect|p1b: Chien-Pao\n|-singleturn|p1b: Chien-Pao|Protect\n|move|p2a: Chien-Pao|Protect|p2a: Chien-Pao\n|-singleturn|p2a: Chien-Pao|Protect\n|move|p2b: Dragapult|Phantom Force|p1a: Amoonguss|[from]lockedmove\n|-damage|p1a: Amoonguss|24\/100\n|\n|-heal|p1a: Amoonguss|30\/100|[from] item: Leftovers\n|upkeep\n|turn|5\n|\n|t:|1681870022\n|switch|p2b: Annihilape|Annihilape, L50, M|100\/100\n|move|p1a: Amoonguss|Rage Powder|p1a: Amoonguss\n|-singleturn|p1a: Amoonguss|move: Rage Powder\n|move|p2a: Chien-Pao|Sucker Punch||[still]\n|-fail|p2a: Chien-Pao\n|move|p1b: Chien-Pao|Sacred Sword|p2a: Chien-Pao\n|-supereffective|p2a: Chien-Pao\n|-enditem|p2a: Chien-Pao|Focus Sash\n|-damage|p2a: Chien-Pao|1\/100\n|\n|-heal|p1a: Amoonguss|36\/100|[from] item: Leftovers\n|upkeep\n|turn|6\n|inactive|ThatGuyTi has 30 seconds left.\n|\n|t:|1681870047\n|switch|p1a: Flutter Mane|Flutter Mane, L50|100\/100\n|move|p1b: Chien-Pao|Protect|p1b: Chien-Pao\n|-singleturn|p1b: Chien-Pao|Protect\n|move|p2a: Chien-Pao|Protect|p2a: Chien-Pao\n|-singleturn|p2a: Chien-Pao|Protect\n|move|p2b: Annihilape|Close Combat|p1b: Chien-Pao\n|-activate|p1b: Chien-Pao|move: Protect\n|\n|upkeep\n|turn|7\n|\n|t:|1681870070\n|switch|p1b: Amoonguss|Amoonguss, L50, F|69\/100\n|-terastallize|p1a: Flutter Mane|Fairy\n|move|p2a: Chien-Pao|Sucker Punch|p1a: Flutter Mane\n|-resisted|p1a: Flutter Mane\n|-damage|p1a: Flutter Mane|49\/100\n|move|p1a: Flutter Mane|Dazzling Gleam|p2b: Annihilape|[spread] p2a,p2b\n|-supereffective|p2a: Chien-Pao\n|-supereffective|p2b: Annihilape\n|-damage|p2a: Chien-Pao|0 fnt\n|-damage|p2b: Annihilape|27\/100\n|faint|p2a: Chien-Pao\n|move|p2b: Annihilape|Drain Punch|p1b: Amoonguss\n|-resisted|p1b: Amoonguss\n|-damage|p1b: Amoonguss|55\/100\n|-heal|p2b: Annihilape|33\/100|[from] drain|[of] p1b: Amoonguss\n|\n|-heal|p2b: Annihilape|39\/100|[from] item: Leftovers\n|-heal|p1b: Amoonguss|60\/100|[from] item: Leftovers\n|upkeep\n|\n|t:|1681870086\n|switch|p2a: Dragapult|Dragapult, L50, F|100\/100\n|turn|8\n|\n|t:|1681870104\n|-terastallize|p2b: Annihilape|Steel\n|move|p1b: Amoonguss|Rage Powder|p1b: Amoonguss\n|-singleturn|p1b: Amoonguss|move: Rage Powder\n|move|p2a: Dragapult|Dragon Darts|p1b: Amoonguss\n|-damage|p1b: Amoonguss|27\/100\n|-anim|p2a: Dragapult|Dragon Darts|p1b: Amoonguss\n|-damage|p1b: Amoonguss|0 fnt\n|faint|p1b: Amoonguss\n|move|p1a: Flutter Mane|Dazzling Gleam|p2a: Dragapult|[spread] p2a,p2b\n|-supereffective|p2a: Dragapult\n|-resisted|p2b: Annihilape\n|-damage|p2a: Dragapult|0 fnt\n|-damage|p2b: Annihilape|19\/100\n|faint|p2a: Dragapult\n|move|p2b: Annihilape|Rage Fist|p1a: Flutter Mane\n|-damage|p1a: Flutter Mane|0 fnt\n|faint|p1a: Flutter Mane\n|-end|p1a: Flutter Mane|Protosynthesis|[silent]\n|\n|-heal|p2b: Annihilape|25\/100|[from] item: Leftovers\n|upkeep\n|\n|t:|1681870119\n|switch|p1a: Dragapult|Dragapult, L50, M|100\/100\n|switch|p1b: Chien-Pao|Chien-Pao, L50|55\/100\n|-ability|p1b: Chien-Pao|Sword of Ruin\n|turn|9\n|-message|athico forfeited.\n|\n|win|ThatGuyTi\n|raw|ThatGuyTi's rating: 1124 → 1145<\/strong> (+21 for winning)\n|raw|athico's rating: 1069 → 1052<\/strong> (-17 for losing)\n|l|\u2606athico\n","uploadtime":1681870127,"views":10,"p1id":"thatguyti","p2id":"athico","formatid":"gen9vgc2023regulationc","rating":1052,"private":0,"password":""}