{"id":"gen9vgc2023regulationc-1856483594","p1":"Nilzeus","p2":"VeeGey","format":"[Gen 9] VGC 2023 Regulation C","log":"|j|\u2606Nilzeus\n|j|\u2606VeeGey\n|t:|1683066558\n|gametype|doubles\n|player|p1|Nilzeus|101|1222\n|player|p2|VeeGey|1|1179\n|teamsize|p1|6\n|teamsize|p2|6\n|gen|9\n|tier|[Gen 9] VGC 2023 Regulation C\n|rated|\n|rule|Species Clause: Limit one of each Pok\u00e9mon\n|rule|Item Clause: Limit one of each item\n|clearpoke\n|poke|p1|Orthworm, L50, F|\n|poke|p1|Dragonite, L50, M|\n|poke|p1|Ting-Lu, L50|\n|poke|p1|Gyarados, L50, M|\n|poke|p1|Flutter Mane, L50|\n|poke|p1|Chien-Pao, L50|\n|poke|p2|Golduck, L50, M|\n|poke|p2|Pelipper, L50, M|\n|poke|p2|Barraskewda, L50, F|\n|poke|p2|Qwilfish, L50, M|\n|poke|p2|Gastrodon, L50, M|\n|poke|p2|Tsareena, L50, F|\n|teampreview|4\n|inactive|Battle timer is ON: inactive players will automatically lose when time's up. (requested by VeeGey)\n|inactive|Nilzeus has 60 seconds left.\nVeeGey rejected open team sheets.\n|inactive|Nilzeus has 30 seconds left.\n|inactive|Nilzeus has 20 seconds left.\n|inactive|Nilzeus has 15 seconds left.\n|inactive|Nilzeus has 10 seconds left.\n|\n|t:|1683066642\n|start\n|switch|p1a: Gyarados|Gyarados, L50, M|100\/100\n|switch|p1b: Flutter Mane|Flutter Mane, L50|100\/100\n|switch|p2a: Golduck|Golduck, L50, M, shiny|100\/100\n|switch|p2b: Barraskewda|Barraskewda, L50, F|100\/100\n|-ability|p1a: Gyarados|Intimidate|boost\n|-unboost|p2a: Golduck|atk|1\n|-unboost|p2b: Barraskewda|atk|1\n|turn|1\n|inactive|Nilzeus has 30 seconds left.\n|\n|t:|1683066668\n|switch|p2a: Pelipper|Pelipper, L50, M|100\/100\n|-weather|RainDance|[from] ability: Drizzle|[of] p2a: Pelipper\n|move|p2b: Barraskewda|Liquidation|p1b: Flutter Mane\n|-damage|p1b: Flutter Mane|9\/100\n|move|p1b: Flutter Mane|Dazzling Gleam|p2b: Barraskewda|[spread] p2a,p2b\n|-damage|p2a: Pelipper|60\/100\n|-damage|p2b: Barraskewda|3\/100\n|move|p1a: Gyarados|Thunder Wave|p2a: Pelipper\n|-status|p2a: Pelipper|par\n|\n|-weather|RainDance|[upkeep]\n|upkeep\n|turn|2\n|\n|t:|1683066693\n|-end|p1b: Flutter Mane|Protosynthesis|[silent]\n|switch|p1b: Chien-Pao|Chien-Pao, L50|100\/100\n|-ability|p1b: Chien-Pao|Sword of Ruin\n|move|p2b: Barraskewda|Liquidation|p1b: Chien-Pao\n|-crit|p1b: Chien-Pao\n|-enditem|p1b: Chien-Pao|Focus Sash\n|-damage|p1b: Chien-Pao|1\/100\n|move|p1a: Gyarados|Thunder Wave|p2b: Barraskewda\n|-status|p2b: Barraskewda|par\n|move|p2a: Pelipper|Tailwind|p2a: Pelipper\n|-sidestart|p2: VeeGey|move: Tailwind\n|\n|-weather|RainDance|[upkeep]\n|upkeep\n|turn|3\n|\n|t:|1683066717\n|switch|p2a: Tsareena|Tsareena, L50, F|100\/100\n|move|p1b: Chien-Pao|Sucker Punch||[still]\n|cant|p2a: Tsareena|ability: Queenly Majesty|Sucker Punch|[of] p1b: Chien-Pao\n|move|p2b: Barraskewda|Liquidation|p1b: Chien-Pao\n|-damage|p1b: Chien-Pao|0 fnt\n|faint|p1b: Chien-Pao\n|move|p1a: Gyarados|Waterfall|p2b: Barraskewda\n|-resisted|p2b: Barraskewda\n|-damage|p2b: Barraskewda|0 fnt\n|faint|p2b: Barraskewda\n|\n|-weather|RainDance|[upkeep]\n|upkeep\n|\n|t:|1683066735\n|switch|p2b: Pelipper|Pelipper, L50, M|60\/100 par\n|switch|p1b: Flutter Mane|Flutter Mane, L50|9\/100\n|turn|4\n|\n|t:|1683066746\n|move|p2b: Pelipper|Wide Guard|p2b: Pelipper\n|-singleturn|p2b: Pelipper|Wide Guard\n|move|p1b: Flutter Mane|Dazzling Gleam|p2b: Pelipper|[spread] \n|-activate|p2a: Tsareena|move: Wide Guard\n|-activate|p2b: Pelipper|move: Wide Guard\n|move|p2a: Tsareena|Trop Kick|p1b: Flutter Mane\n|-damage|p1b: Flutter Mane|0 fnt\n|faint|p1b: Flutter Mane\n|-end|p1b: Flutter Mane|Protosynthesis|[silent]\n|move|p1a: Gyarados|Thunder Wave|p2a: Tsareena\n|-status|p2a: Tsareena|par\n|\n|-weather|RainDance|[upkeep]\n|upkeep\n|\n|t:|1683066759\n|switch|p1b: Dragonite|Dragonite, L50, M|100\/100\n|turn|5\n|\n|t:|1683066783\n|-terastallize|p1b: Dragonite|Flying\n|move|p1b: Dragonite|Tera Blast|p2a: Tsareena\n|-supereffective|p2a: Tsareena\n|-damage|p2a: Tsareena|0 fnt\n|faint|p2a: Tsareena\n|move|p1a: Gyarados|Waterfall|p2b: Pelipper\n|-resisted|p2b: Pelipper\n|-damage|p2b: Pelipper|35\/100 par\n|cant|p2b: Pelipper|par\n|\n|-weather|RainDance|[upkeep]\n|-sideend|p2: VeeGey|move: Tailwind\n|upkeep\n|\n|t:|1683066787\n|switch|p2a: Golduck|Golduck, L50, M, shiny|100\/100\n|turn|6\n|\n|t:|1683066802\n|-terastallize|p2a: Golduck|Ice\n|move|p2a: Golduck|Ice Beam|p1b: Dragonite\n|-supereffective|p1b: Dragonite\n|-damage|p1b: Dragonite|52\/100\n|-status|p1b: Dragonite|frz\n|-enditem|p1b: Dragonite|Lum Berry|[eat]\n|-curestatus|p1b: Dragonite|frz|[msg]\n|-damage|p2a: Golduck|91\/100|[from] item: Life Orb\n|move|p1b: Dragonite|Dragon Dance|p1b: Dragonite\n|-boost|p1b: Dragonite|atk|1\n|-boost|p1b: Dragonite|spe|1\n|move|p1a: Gyarados|Thunder Wave|p2a: Golduck\n|-status|p2a: Golduck|par\n|move|p2b: Pelipper|Tailwind|p2b: Pelipper\n|-sidestart|p2: VeeGey|move: Tailwind\n|\n|-weather|RainDance|[upkeep]\n|upkeep\n|turn|7\n|inactive|Nilzeus has 30 seconds left.\n|\n|t:|1683066837\n|move|p2a: Golduck|Ice Beam|p1b: Dragonite\n|-supereffective|p1b: Dragonite\n|-damage|p1b: Dragonite|0 fnt\n|faint|p1b: Dragonite\n|-damage|p2a: Golduck|81\/100 par|[from] item: Life Orb\n|move|p1a: Gyarados|Waterfall|p2a: Golduck\n|-damage|p2a: Golduck|15\/100 par\n|move|p2b: Pelipper|Hurricane|p1a: Gyarados\n|-damage|p1a: Gyarados|70\/100\n|-start|p1a: Gyarados|confusion\n|\n|-weather|RainDance|[upkeep]\n|upkeep\n|turn|8\n|\n|t:|1683066851\n|move|p2a: Golduck|Ice Beam|p1a: Gyarados\n|-damage|p1a: Gyarados|29\/100\n|-damage|p2a: Golduck|5\/100 par|[from] item: Life Orb\n|-activate|p1a: Gyarados|confusion\n|move|p1a: Gyarados|Waterfall|p2a: Golduck\n|-damage|p2a: Golduck|0 fnt\n|faint|p2a: Golduck\n|cant|p2b: Pelipper|par\n|\n|-weather|none\n|upkeep\n|turn|9\n|\n|t:|1683066865\n|-activate|p1a: Gyarados|confusion\n|move|p1a: Gyarados|Waterfall|p2b: Pelipper\n|-resisted|p2b: Pelipper\n|-damage|p2b: Pelipper|19\/100 par\n|move|p2b: Pelipper|Hurricane|p1a: Gyarados\n|-crit|p1a: Gyarados\n|-damage|p1a: Gyarados|0 fnt\n|faint|p1a: Gyarados\n|\n|win|VeeGey\n|raw|Nilzeus's rating: 1222 → 1194<\/strong> (-28 for losing)\n|raw|VeeGey's rating: 1179 → 1207<\/strong> (+28 for winning)\n|c|\u2606VeeGey|Fg\n|c|\u2606VeeGey|Gg\n|l|\u2606Nilzeus\n","uploadtime":1683066876,"views":5,"p1id":"nilzeus","p2id":"veegey","formatid":"gen9vgc2023regulationc","rating":1194,"private":0,"password":""}