{"id":"gen9vgc2023regulationc-1859139255","p1":"ScrubShadedPurple","p2":"wDelo","format":"[Gen 9] VGC 2023 Regulation C","log":"|j|\u2606ScrubShadedPurple\n|j|\u2606wDelo\n|t:|1683409187\n|gametype|doubles\n|player|p1|ScrubShadedPurple|170|1092\n|player|p2|wDelo|veteran|1203\n|teamsize|p1|6\n|teamsize|p2|6\n|gen|9\n|tier|[Gen 9] VGC 2023 Regulation C\n|rated|\n|rule|Species Clause: Limit one of each Pok\u00e9mon\n|rule|Item Clause: Limit one of each item\n|clearpoke\n|poke|p1|Ceruledge, L50, M|\n|poke|p1|Gyarados, L50, F|\n|poke|p1|Ting-Lu, L50|\n|poke|p1|Baxcalibur, L50, M|\n|poke|p1|Amoonguss, L50, M|\n|poke|p1|Flutter Mane, L50|\n|poke|p2|Volcarona, L50, F|\n|poke|p2|Chien-Pao, L50|\n|poke|p2|Breloom, L50, F|\n|poke|p2|Gyarados, L50, M|\n|poke|p2|Iron Hands, L50|\n|poke|p2|Flutter Mane, L50|\n|teampreview|4\n|inactive|Battle timer is ON: inactive players will automatically lose when time's up. (requested by wDelo)\n|inactive|ScrubShadedPurple also wants the timer to be on.\n|inactive|ScrubShadedPurple has 60 seconds left.\n|inactive|wDelo has 60 seconds left.\n|\n|t:|1683409241\n|start\n|switch|p1a: Amoonguss|Amoonguss, L50, M|100\/100\n|switch|p1b: Flutter Mane|Flutter Mane, L50|100\/100\n|switch|p2a: Volcarona|Volcarona, L50, F|100\/100\n|switch|p2b: Breloom|Breloom, L50, F|100\/100\n|-enditem|p1b: Flutter Mane|Booster Energy\n|-activate|p1b: Flutter Mane|ability: Protosynthesis|[fromitem]\n|-start|p1b: Flutter Mane|protosynthesisspa\n|turn|1\n|inactive|ScrubShadedPurple has 30 seconds left.\n|inactive|wDelo has 30 seconds left.\n|inactive|wDelo has 20 seconds left.\n|\n|t:|1683409276\n|move|p2a: Volcarona|Rage Powder|p2a: Volcarona\n|-singleturn|p2a: Volcarona|move: Rage Powder\n|move|p1a: Amoonguss|Rage Powder|p1a: Amoonguss\n|-singleturn|p1a: Amoonguss|move: Rage Powder\n|move|p1b: Flutter Mane|Shadow Ball|p2a: Volcarona\n|-damage|p2a: Volcarona|42\/100\n|move|p2b: Breloom|Spore|p1b: Flutter Mane\n|-status|p1b: Flutter Mane|slp|[from] move: Spore\n|\n|upkeep\n|turn|2\n|inactive|ScrubShadedPurple has 30 seconds left.\n|inactive|wDelo has 30 seconds left.\n|\n|t:|1683409305\n|switch|p2b: Chien-Pao|Chien-Pao, L50|100\/100\n|-ability|p2b: Chien-Pao|Sword of Ruin\n|cant|p1b: Flutter Mane|slp\n|move|p2a: Volcarona|Tailwind|p2a: Volcarona\n|-sidestart|p2: wDelo|move: Tailwind\n|move|p1a: Amoonguss|Clear Smog|p2a: Volcarona\n|-damage|p2a: Volcarona|26\/100\n|-clearboost|p2a: Volcarona\n|\n|upkeep\n|turn|3\n|\n|t:|1683409329\n|-terastallize|p1a: Amoonguss|Water\n|move|p2b: Chien-Pao|Ice Spinner|p1b: Flutter Mane\n|-damage|p1b: Flutter Mane|0 fnt\n|faint|p1b: Flutter Mane\n|-end|p1b: Flutter Mane|Protosynthesis|[silent]\n|move|p2a: Volcarona|Heat Wave|p1a: Amoonguss|[miss]\n|-miss|p2a: Volcarona|p1a: Amoonguss\n|move|p1a: Amoonguss|Spore|p2b: Chien-Pao\n|-status|p2b: Chien-Pao|slp|[from] move: Spore\n|\n|upkeep\n|\n|t:|1683409344\n|switch|p1b: Baxcalibur|Baxcalibur, L50, M|100\/100\n|turn|4\n|\n|t:|1683409364\n|switch|p2a: Iron Hands|Iron Hands, L50|100\/100\n|cant|p2b: Chien-Pao|slp\n|move|p1b: Baxcalibur|Dragon Dance|p1b: Baxcalibur\n|-boost|p1b: Baxcalibur|atk|1\n|-boost|p1b: Baxcalibur|spe|1\n|move|p1a: Amoonguss|Spore|p2a: Iron Hands\n|-status|p2a: Iron Hands|slp|[from] move: Spore\n|\n|upkeep\n|turn|5\n|\n|t:|1683409388\n|switch|p1a: Gyarados|Gyarados, L50, F|100\/100\n|-ability|p1a: Gyarados|Intimidate|boost\n|-unboost|p2a: Iron Hands|atk|1\n|-unboost|p2b: Chien-Pao|atk|1\n|cant|p2b: Chien-Pao|slp\n|move|p1b: Baxcalibur|Glaive Rush|p2b: Chien-Pao\n|-enditem|p2b: Chien-Pao|Focus Sash\n|-damage|p2b: Chien-Pao|1\/100 slp\n|-singlemove|p1b: Baxcalibur|Glaive Rush|[silent]\n|cant|p2a: Iron Hands|slp\n|\n|-sideend|p2: wDelo|move: Tailwind\n|upkeep\n|turn|6\n|\n|t:|1683409411\n|move|p1b: Baxcalibur|Protect|p1b: Baxcalibur\n|-singleturn|p1b: Baxcalibur|Protect\n|cant|p2b: Chien-Pao|slp\n|move|p1a: Gyarados|Thunder Wave|p2b: Chien-Pao|[miss]\n|-miss|p1a: Gyarados|p2b: Chien-Pao\n|cant|p2a: Iron Hands|slp\n|\n|upkeep\n|turn|7\n|\n|t:|1683409429\n|move|p1b: Baxcalibur|Icicle Crash|p2b: Chien-Pao\n|-resisted|p2b: Chien-Pao\n|-damage|p2b: Chien-Pao|0 fnt\n|faint|p2b: Chien-Pao\n|move|p1a: Gyarados|Thunder Wave||[still]\n|-fail|p1a: Gyarados\n|-curestatus|p2a: Iron Hands|slp|[msg]\n|move|p2a: Iron Hands|Wild Charge|p1a: Gyarados\n|-supereffective|p1a: Gyarados\n|-damage|p1a: Gyarados|0 fnt\n|faint|p1a: Gyarados\n|-damage|p2a: Iron Hands|79\/100|[from] Recoil\n|\n|upkeep\n|\n|t:|1683409443\n|switch|p2b: Breloom|Breloom, L50, F|100\/100\n|switch|p1a: Amoonguss|Amoonguss, L50, M, tera:Water|100\/100\n|turn|8\n|inactive|wDelo has 30 seconds left.\n|\n|t:|1683409476\n|move|p1b: Baxcalibur|Icicle Crash|p2b: Breloom\n|-supereffective|p2b: Breloom\n|-damage|p2b: Breloom|0 fnt\n|faint|p2b: Breloom\n|move|p2a: Iron Hands|Wild Charge|p1a: Amoonguss\n|-supereffective|p1a: Amoonguss\n|-damage|p1a: Amoonguss|48\/100\n|-damage|p2a: Iron Hands|63\/100|[from] item: Rocky Helmet|[of] p1a: Amoonguss\n|-damage|p2a: Iron Hands|50\/100|[from] Recoil\n|move|p1a: Amoonguss|Spore|p2a: Iron Hands\n|-status|p2a: Iron Hands|slp|[from] move: Spore\n|\n|upkeep\n|\n|t:|1683409487\n|switch|p2b: Volcarona|Volcarona, L50, F|26\/100\n|turn|9\n|\n|t:|1683409498\n|move|p1a: Amoonguss|Rage Powder|p1a: Amoonguss\n|-singleturn|p1a: Amoonguss|move: Rage Powder\n|move|p1b: Baxcalibur|Glaive Rush|p2b: Volcarona\n|-damage|p2b: Volcarona|0 fnt\n|-singlemove|p1b: Baxcalibur|Glaive Rush|[silent]\n|faint|p2b: Volcarona\n|cant|p2a: Iron Hands|slp\n|\n|upkeep\n|turn|10\n|\n|t:|1683409513\n|move|p1a: Amoonguss|Rage Powder|p1a: Amoonguss\n|-singleturn|p1a: Amoonguss|move: Rage Powder\n|move|p1b: Baxcalibur|Glaive Rush|p2a: Iron Hands\n|-damage|p2a: Iron Hands|0 fnt\n|-singlemove|p1b: Baxcalibur|Glaive Rush|[silent]\n|faint|p2a: Iron Hands\n|-end|p2a: Iron Hands|Quark Drive|[silent]\n|\n|win|ScrubShadedPurple\n|raw|ScrubShadedPurple's rating: 1092 → 1126<\/strong> (+34 for winning)\n|raw|wDelo's rating: 1203 → 1170<\/strong> (-33 for losing)\n|c|\u2606ScrubShadedPurple|That was close\n|c|\u2606ScrubShadedPurple|Holy crap\n","uploadtime":1683409551,"views":8,"p1id":"scrubshadedpurple","p2id":"wdelo","formatid":"gen9vgc2023regulationc","rating":1126,"private":0,"password":""}