{"id":"gen9vgc2023regulationc-1845874920","p1":"Ricardo Randorez","p2":"Louie5","format":"[Gen 9] VGC 2023 Regulation C","log":"|j|\u2606Ricardo Randorez\n|j|\u2606Louie5\n|t:|1681774082\n|gametype|doubles\n|player|p1|Ricardo Randorez|169|1167\n|player|p2|Louie5|2|1026\n|teamsize|p1|6\n|teamsize|p2|6\n|gen|9\n|tier|[Gen 9] VGC 2023 Regulation C\n|rated|\n|rule|Species Clause: Limit one of each Pok\u00e9mon\n|rule|Item Clause: Limit one of each item\n|clearpoke\n|poke|p1|Arcanine, L50, M|\n|poke|p1|Gyarados, L50, F|\n|poke|p1|Flutter Mane, L50|\n|poke|p1|Volcarona, L50, M|\n|poke|p1|Dragonite, L50, F|\n|poke|p1|Ting-Lu, L50|\n|poke|p2|Ceruledge, L50, M|\n|poke|p2|Rotom-Wash, L50|\n|poke|p2|Iron Valiant, L50|\n|poke|p2|Bellibolt, L50, M|\n|poke|p2|Maushold, L50|\n|poke|p2|Chi-Yu, L50|\n|teampreview|4\n|inactive|Battle timer is ON: inactive players will automatically lose when time's up. (requested by Louie5)\n|\n|t:|1681774108\n|start\n|switch|p1a: Gyarados|Gyarados, L50, F|100\/100\n|switch|p1b: Volcarona|Volcarona, L50, M|100\/100\n|switch|p2a: Maushold|Maushold, L50|100\/100\n|switch|p2b: Iron Valiant|Iron Valiant, L50|100\/100\n|-enditem|p2b: Iron Valiant|Booster Energy\n|-activate|p2b: Iron Valiant|ability: Quark Drive|[fromitem]\n|-start|p2b: Iron Valiant|quarkdrivespe\n|turn|1\n|\n|t:|1681774125\n|move|p1b: Volcarona|Rage Powder|p1b: Volcarona\n|-singleturn|p1b: Volcarona|move: Rage Powder\n|move|p2b: Iron Valiant|Thunderbolt|p1b: Volcarona\n|-damage|p1b: Volcarona|76\/100\n|move|p2a: Maushold|Tidy Up|p2a: Maushold\n|-boost|p2a: Maushold|atk|1\n|-boost|p2a: Maushold|spe|1\n|move|p1a: Gyarados|Dragon Dance|p1a: Gyarados\n|-boost|p1a: Gyarados|atk|1\n|-boost|p1a: Gyarados|spe|1\n|\n|upkeep\n|turn|2\n|\n|t:|1681774148\n|move|p1b: Volcarona|Rage Powder|p1b: Volcarona\n|-singleturn|p1b: Volcarona|move: Rage Powder\n|move|p2b: Iron Valiant|Thunderbolt|p1b: Volcarona\n|-damage|p1b: Volcarona|51\/100\n|move|p2a: Maushold|Population Bomb|p1b: Volcarona\n|-damage|p1b: Volcarona|31\/100\n|-damage|p2a: Maushold|84\/100|[from] item: Rocky Helmet|[of] p1b: Volcarona\n|-damage|p1b: Volcarona|14\/100\n|-damage|p2a: Maushold|68\/100|[from] item: Rocky Helmet|[of] p1b: Volcarona\n|-damage|p1b: Volcarona|0 fnt\n|-damage|p2a: Maushold|52\/100|[from] item: Rocky Helmet|[of] p1b: Volcarona\n|-status|p2a: Maushold|brn|[from] ability: Flame Body|[of] p1b: Volcarona\n|faint|p1b: Volcarona\n|-hitcount|p1: Volcarona|3\n|move|p1a: Gyarados|Waterfall|p2a: Maushold\n|-damage|p2a: Maushold|0 fnt\n|faint|p2a: Maushold\n|-ability|p1a: Gyarados|Moxie|boost\n|-boost|p1a: Gyarados|atk|1\n|\n|upkeep\n|\n|t:|1681774172\n|switch|p2a: Ceruledge|Ceruledge, L50, M|100\/100\n|switch|p1b: Arcanine|Arcanine, L50, M|100\/100\n|-ability|p1b: Arcanine|Intimidate|boost\n|-unboost|p2a: Ceruledge|atk|1\n|-unboost|p2b: Iron Valiant|atk|1\n|turn|3\n|\n|t:|1681774183\n|move|p1a: Gyarados|Protect|p1a: Gyarados\n|-singleturn|p1a: Gyarados|Protect\n|move|p2b: Iron Valiant|Thunderbolt|p1a: Gyarados\n|-activate|p1a: Gyarados|move: Protect\n|move|p2a: Ceruledge|Swords Dance|p2a: Ceruledge\n|-boost|p2a: Ceruledge|atk|2\n|move|p1b: Arcanine|Snarl|p2a: Ceruledge|[spread] p2a,p2b\n|-supereffective|p2a: Ceruledge\n|-resisted|p2b: Iron Valiant\n|-damage|p2a: Ceruledge|82\/100\n|-damage|p2b: Iron Valiant|97\/100\n|-unboost|p2a: Ceruledge|spa|1\n|-unboost|p2b: Iron Valiant|spa|1\n|\n|upkeep\n|turn|4\n|\n|t:|1681774206\n|move|p2a: Ceruledge|Shadow Sneak|p1a: Gyarados\n|-damage|p1a: Gyarados|65\/100\n|move|p2b: Iron Valiant|Thunderbolt|p1a: Gyarados\n|-supereffective|p1a: Gyarados\n|-damage|p1a: Gyarados|0 fnt\n|faint|p1a: Gyarados\n|move|p1b: Arcanine|Snarl|p2b: Iron Valiant|[spread] p2a,p2b\n|-supereffective|p2a: Ceruledge\n|-resisted|p2b: Iron Valiant\n|-damage|p2a: Ceruledge|64\/100\n|-damage|p2b: Iron Valiant|94\/100\n|-unboost|p2a: Ceruledge|spa|1\n|-unboost|p2b: Iron Valiant|spa|1\n|\n|upkeep\n|\n|t:|1681774218\n|switch|p1a: Ting-Lu|Ting-Lu, L50|100\/100\n|-ability|p1a: Ting-Lu|Vessel of Ruin\n|turn|5\n|inactive|Louie5 has 30 seconds left.\n|\n|t:|1681774247\n|move|p2b: Iron Valiant|Moonblast|p1a: Ting-Lu\n|-supereffective|p1a: Ting-Lu\n|-damage|p1a: Ting-Lu|84\/100\n|move|p2a: Ceruledge|Bitter Blade|p1a: Ting-Lu\n|-damage|p1a: Ting-Lu|40\/100\n|-heal|p2a: Ceruledge|100\/100|[from] drain|[of] p1a: Ting-Lu\n|move|p1b: Arcanine|Howl|p1b: Arcanine|[spread] p1a,p1b\n|-boost|p1a: Ting-Lu|atk|1\n|-boost|p1b: Arcanine|atk|1\n|move|p1a: Ting-Lu|Stomping Tantrum|p2a: Ceruledge\n|-supereffective|p2a: Ceruledge\n|-damage|p2a: Ceruledge|0 fnt\n|faint|p2a: Ceruledge\n|\n|upkeep\n|\n|t:|1681774261\n|switch|p2a: Chi-Yu|Chi-Yu, L50|100\/100\n|-ability|p2a: Chi-Yu|Beads of Ruin\n|turn|6\n|\n|t:|1681774285\n|-terastallize|p1a: Ting-Lu|Fire\n|move|p2b: Iron Valiant|Moonblast|p1a: Ting-Lu\n|-resisted|p1a: Ting-Lu\n|-damage|p1a: Ting-Lu|34\/100\n|move|p2a: Chi-Yu|Heat Wave|p1a: Ting-Lu|[spread] p1a,p1b\n|-resisted|p1a: Ting-Lu\n|-resisted|p1b: Arcanine\n|-crit|p1b: Arcanine\n|-damage|p1a: Ting-Lu|26\/100\n|-damage|p1b: Arcanine|78\/100\n|move|p1b: Arcanine|Snarl|p2b: Iron Valiant|[spread] p2a,p2b\n|-resisted|p2a: Chi-Yu\n|-resisted|p2b: Iron Valiant\n|-damage|p2a: Chi-Yu|97\/100\n|-damage|p2b: Iron Valiant|90\/100\n|-unboost|p2a: Chi-Yu|spa|1\n|-unboost|p2b: Iron Valiant|spa|1\n|move|p1a: Ting-Lu|Stomping Tantrum|p2a: Chi-Yu\n|-supereffective|p2a: Chi-Yu\n|-crit|p2a: Chi-Yu\n|-damage|p2a: Chi-Yu|0 fnt\n|faint|p2a: Chi-Yu\n|\n|upkeep\n|turn|7\n|-message|Louie5 forfeited.\n|\n|win|Ricardo Randorez\n|raw|Ricardo Randorez's rating: 1167 → 1182<\/strong> (+15 for winning)\n|raw|Louie5's rating: 1026 → 1017<\/strong> (-9 for losing)\n|l|\u2606Louie5\n","uploadtime":1681774308,"views":9,"p1id":"ricardorandorez","p2id":"louie5","formatid":"gen9vgc2023regulationc","rating":1017,"private":0,"password":""}