{"id":"gen9vgc2023regulationc-1860437237","p1":"JoRequena","p2":"JustAWoterBattle","format":"[Gen 9] VGC 2023 Regulation C","log":"|j|\u2606JoRequena\n|j|\u2606JustAWoterBattle\n|t:|1683644150\n|gametype|doubles\n|player|p1|JoRequena|266|1032\n|player|p2|JustAWoterBattle|roxanne|1019\n|teamsize|p1|6\n|teamsize|p2|6\n|gen|9\n|tier|[Gen 9] VGC 2023 Regulation C\n|rated|\n|rule|Species Clause: Limit one of each Pok\u00e9mon\n|rule|Item Clause: Limit one of each item\n|clearpoke\n|poke|p1|Talonflame, L50, F|\n|poke|p1|Iron Bundle, L50|\n|poke|p1|Iron Hands, L50|\n|poke|p1|Gholdengo, L50|\n|poke|p1|Garchomp, L50, M|\n|poke|p1|Chien-Pao, L50|\n|poke|p2|Bombirdier, L50, F|\n|poke|p2|Meowscarada, L50, M|\n|poke|p2|Flutter Mane, L50|\n|poke|p2|Gothitelle, L50, F|\n|poke|p2|Arcanine, L50, M|\n|poke|p2|Iron Hands, L50|\n|teampreview|4\n|inactive|Battle timer is ON: inactive players will automatically lose when time's up. (requested by JoRequena)\n|inactive|JoRequena has 60 seconds left.\n|\n|t:|1683644184\n|start\n|switch|p1a: Kareem|Talonflame, L50, F|100\/100\n|switch|p1b: Alfredo|Iron Bundle, L50|100\/100\n|switch|p2a: Bombilla|Bombirdier, L50, F, shiny|100\/100\n|switch|p2b: Gothitelle|Gothitelle, L50, F|100\/100\n|-enditem|p1b: Alfredo|Booster Energy\n|-activate|p1b: Alfredo|ability: Quark Drive|[fromitem]\n|-start|p1b: Alfredo|quarkdrivespe\n|turn|1\n|inactive|JustAWoterBattle has 30 seconds left.\n|\n|t:|1683644214\n|-terastallize|p2a: Bombilla|Rock\n|move|p2b: Gothitelle|Fake Out|p1a: Kareem\n|-damage|p1a: Kareem|93\/100\n|move|p1b: Alfredo|Freeze-Dry|p2a: Bombilla\n|-damage|p2a: Bombilla|49\/100\n|cant|p1a: Kareem|flinch\n|move|p2a: Bombilla|Rock Blast|p1b: Alfredo\n|-supereffective|p1b: Alfredo\n|-damage|p1b: Alfredo|62\/100\n|-supereffective|p1b: Alfredo\n|-damage|p1b: Alfredo|26\/100\n|-supereffective|p1b: Alfredo\n|-damage|p1b: Alfredo|0 fnt\n|faint|p1b: Alfredo\n|-end|p1b: Alfredo|Quark Drive|[silent]\n|-hitcount|p1: Alfredo|3\n|\n|upkeep\n|\n|t:|1683644234\n|switch|p1b: Kophi|Chien-Pao, L50|100\/100\n|-ability|p1b: Kophi|Sword of Ruin\n|turn|2\n|\n|t:|1683644252\n|switch|p2b: Arcanine|Arcanine, L50, M|100\/100\n|-ability|p2b: Arcanine|Intimidate|boost\n|-unboost|p1a: Kareem|atk|1\n|-unboost|p1b: Kophi|atk|1\n|move|p1b: Kophi|Protect|p1b: Kophi\n|-singleturn|p1b: Kophi|Protect\n|move|p2a: Bombilla|Protect|p2a: Bombilla\n|-singleturn|p2a: Bombilla|Protect\n|move|p1a: Kareem|Brave Bird|p2a: Bombilla\n|-activate|p2a: Bombilla|move: Protect\n|\n|upkeep\n|turn|3\n|inactive|JustAWoterBattle has 30 seconds left.\n|\n|t:|1683644278\n|switch|p1b: Jackson|Garchomp, L50, M|100\/100\n|move|p2b: Arcanine|Extreme Speed|p1a: Kareem\n|-damage|p1a: Kareem|67\/100\n|move|p1a: Kareem|Tailwind|p1a: Kareem\n|-sidestart|p1: JoRequena|move: Tailwind\n|move|p2a: Bombilla|Rock Blast|p1b: Jackson\n|-resisted|p1b: Jackson\n|-damage|p1b: Jackson|92\/100\n|-resisted|p1b: Jackson\n|-damage|p1b: Jackson|84\/100\n|-resisted|p1b: Jackson\n|-damage|p1b: Jackson|75\/100\n|-resisted|p1b: Jackson\n|-damage|p1b: Jackson|68\/100\n|-hitcount|p1b: Jackson|4\n|\n|upkeep\n|turn|4\n|inactive|JustAWoterBattle has 30 seconds left.\n|inactive|JustAWoterBattle has 20 seconds left.\n|\n|t:|1683644313\n|switch|p1a: Kophi|Chien-Pao, L50|100\/100\n|-ability|p1a: Kophi|Sword of Ruin\n|switch|p2b: Gothitelle|Gothitelle, L50, F|100\/100\n|move|p2a: Bombilla|Protect|p2a: Bombilla\n|-singleturn|p2a: Bombilla|Protect\n|move|p1b: Jackson|Earthquake|p2b: Gothitelle|[spread] p1a,p2b\n|-activate|p2a: Bombilla|move: Protect\n|-crit|p1a: Kophi\n|-enditem|p1a: Kophi|Focus Sash\n|-damage|p1a: Kophi|1\/100\n|-damage|p2b: Gothitelle|33\/100\n|-enditem|p2b: Gothitelle|Sitrus Berry|[eat]\n|-heal|p2b: Gothitelle|58\/100|[from] item: Sitrus Berry\n|-damage|p1b: Jackson|58\/100|[from] item: Life Orb\n|\n|upkeep\n|turn|5\n|inactive|JustAWoterBattle has 30 seconds left.\n|inactive|JustAWoterBattle has 20 seconds left.\n|\n|t:|1683644350\n|move|p1a: Kophi|Protect|p1a: Kophi\n|-singleturn|p1a: Kophi|Protect\n|move|p2b: Gothitelle|Fake Out|p1a: Kophi\n|-activate|p1a: Kophi|move: Protect\n|move|p1b: Jackson|Earthquake|p2a: Bombilla|[spread] p2a,p2b\n|-activate|p1a: Kophi|move: Protect\n|-supereffective|p2a: Bombilla\n|-crit|p2b: Gothitelle\n|-damage|p2a: Bombilla|0 fnt\n|-damage|p2b: Gothitelle|0 fnt\n|faint|p2a: Bombilla\n|faint|p2b: Gothitelle\n|-damage|p1b: Jackson|48\/100|[from] item: Life Orb\n|\n|upkeep\n|\n|t:|1683644353\n|switch|p2a: Arcanine|Arcanine, L50, M|100\/100\n|switch|p2b: Missie|Meowscarada, L50, M, shiny|100\/100\n|-ability|p2a: Arcanine|Intimidate|boost\n|-unboost|p1a: Kophi|atk|1\n|-unboost|p1b: Jackson|atk|1\n|turn|6\n|inactive|JoRequena has 30 seconds left.\n|\n|t:|1683644383\n|switch|p1a: Kareem|Talonflame, L50, F|67\/100\n|-terastallize|p1b: Jackson|Fire\n|move|p2b: Missie|Protect|p2b: Missie\n|-singleturn|p2b: Missie|Protect\n|move|p2a: Arcanine|Protect|p2a: Arcanine\n|-singleturn|p2a: Arcanine|Protect\n|move|p1b: Jackson|Earthquake|p2a: Arcanine|[spread] \n|-activate|p2a: Arcanine|move: Protect\n|-activate|p2b: Missie|move: Protect\n|-immune|p1a: Kareem\n|\n|-sideend|p1: JoRequena|move: Tailwind\n|upkeep\n|turn|7\n|inactive|JustAWoterBattle has 30 seconds left.\n|\n|t:|1683644408\n|move|p1b: Jackson|Protect|p1b: Jackson\n|-singleturn|p1b: Jackson|Protect\n|move|p2a: Arcanine|Extreme Speed|p1b: Jackson\n|-activate|p1b: Jackson|move: Protect\n|move|p1a: Kareem|Tailwind|p1a: Kareem\n|-sidestart|p1: JoRequena|move: Tailwind\n|move|p2b: Missie|Knock Off|p1a: Kareem\n|-damage|p1a: Kareem|6\/100\n|-enditem|p1a: Kareem|Safety Goggles|[from] move: Knock Off|[of] p2b: Missie\n|\n|upkeep\n|turn|8\n|\n|t:|1683644431\n|move|p2a: Arcanine|Extreme Speed|p1a: Kareem\n|-damage|p1a: Kareem|0 fnt\n|faint|p1a: Kareem\n|move|p2b: Missie|Sucker Punch|p1b: Jackson\n|-damage|p1b: Jackson|16\/100\n|-damage|p2b: Missie|88\/100|[from] ability: Rough Skin|[of] p1b: Jackson\n|move|p1b: Jackson|Earthquake|p2b: Missie|[spread] p2a,p2b\n|-supereffective|p2a: Arcanine\n|-resisted|p2b: Missie\n|-damage|p2a: Arcanine|32\/100\n|-damage|p2b: Missie|62\/100\n|-damage|p1b: Jackson|7\/100|[from] item: Life Orb\n|\n|upkeep\n|\n|t:|1683644444\n|switch|p1a: Kophi|Chien-Pao, L50|1\/100\n|-ability|p1a: Kophi|Sword of Ruin\n|turn|9\n|inactive|JoRequena has 30 seconds left.\n|\n|t:|1683644479\n|move|p1b: Jackson|Protect|p1b: Jackson\n|-singleturn|p1b: Jackson|Protect\n|move|p2a: Arcanine|Protect|p2a: Arcanine\n|-singleturn|p2a: Arcanine|Protect\n|move|p1a: Kophi|Sucker Punch|p2b: Missie\n|-resisted|p2b: Missie\n|-damage|p2b: Missie|25\/100\n|move|p2b: Missie|Sucker Punch||[still]\n|-fail|p2b: Missie\n|\n|upkeep\n|turn|10\n|inactive|JoRequena has 30 seconds left.\n|\n|t:|1683644507\n|move|p1b: Jackson|Protect||[still]\n|-fail|p1b: Jackson\n|move|p2b: Missie|Protect|p2b: Missie\n|-singleturn|p2b: Missie|Protect\n|move|p2a: Arcanine|Extreme Speed|p1b: Jackson\n|-damage|p1b: Jackson|0 fnt\n|-damage|p2a: Arcanine|20\/100|[from] ability: Rough Skin|[of] p1b: Jackson\n|faint|p1b: Jackson\n|move|p1a: Kophi|Sucker Punch||[still]\n|-fail|p1a: Kophi\n|\n|-sideend|p1: JoRequena|move: Tailwind\n|upkeep\n|turn|11\n|\n|t:|1683644524\n|move|p1a: Kophi|Protect|p1a: Kophi\n|-singleturn|p1a: Kophi|Protect\n|move|p2a: Arcanine|Extreme Speed|p1a: Kophi\n|-activate|p1a: Kophi|move: Protect\n|move|p2b: Missie|Flower Trick|p1a: Kophi\n|-activate|p1a: Kophi|move: Protect\n|\n|upkeep\n|turn|12\n|\n|t:|1683644537\n|move|p2a: Arcanine|Extreme Speed|p1a: Kophi\n|-damage|p1a: Kophi|0 fnt\n|faint|p1a: Kophi\n|\n|win|JustAWoterBattle\n|raw|JoRequena's rating: 1032 → 1017<\/strong> (-15 for losing)\n|raw|JustAWoterBattle's rating: 1019 → 1058<\/strong> (+39 for winning)\n|l|\u2606JustAWoterBattle\n","uploadtime":1683644555,"views":5,"p1id":"jorequena","p2id":"justawoterbattle","formatid":"gen9vgc2023regulationc","rating":1017,"private":0,"password":""}