{"id":"gen9vgc2023regulationc-1864371546","p1":"JK_Jirachi","p2":"lorenzosecond","format":"[Gen 9] VGC 2023 Regulation C","log":"|j|\u2606JK_Jirachi\n|j|\u2606lorenzosecond\n|t:|1684160511\n|gametype|doubles\n|player|p1|JK_Jirachi|rosa|1135\n|player|p2|lorenzosecond|fisherman-gen4|1177\n|teamsize|p1|6\n|teamsize|p2|6\n|gen|9\n|tier|[Gen 9] VGC 2023 Regulation C\n|rated|\n|rule|Species Clause: Limit one of each Pok\u00e9mon\n|rule|Item Clause: Limit one of each item\n|clearpoke\n|poke|p1|Chi-Yu, L50|\n|poke|p1|Flutter Mane, L50|\n|poke|p1|Tatsugiri-Droopy, L50, M|\n|poke|p1|Iron Valiant, L50|\n|poke|p1|Indeedee-F, L50, F|\n|poke|p1|Armarouge, L50, F|\n|poke|p2|Amoonguss, L50, F|\n|poke|p2|Gyarados, L50, F|\n|poke|p2|Murkrow, L50, M|\n|poke|p2|Great Tusk, L50|\n|poke|p2|Flutter Mane, L50|\n|poke|p2|Gholdengo, L50|\n|teampreview|4\n|inactive|Battle timer is ON: inactive players will automatically lose when time's up. (requested by lorenzosecond)\nlorenzosecond has agreed to open team sheets.\nJK_Jirachi has agreed to open team sheets.\n|inactive|lorenzosecond has 60 seconds left.\n|\n|t:|1684160567\n|start\n|switch|p1a: Indeedee|Indeedee-F, L50, F|100\/100\n|switch|p1b: Iron Valiant|Iron Valiant, L50, shiny|100\/100\n|switch|p2a: Gyarados|Gyarados, L50, F|100\/100\n|switch|p2b: Great Tusk|Great Tusk, L50|100\/100\n|-ability|p2a: Gyarados|Intimidate|boost\n|-unboost|p1a: Indeedee|atk|1\n|-unboost|p1b: Iron Valiant|atk|1\n|-fieldstart|move: Psychic Terrain|[from] ability: Psychic Surge|[of] p1a: Indeedee\n|-enditem|p1a: Indeedee|Psychic Seed\n|-boost|p1a: Indeedee|spd|1|[from] item: Psychic Seed\n|turn|1\n|inactive|JK_Jirachi has 30 seconds left.\n|\n|t:|1684160592\n|-terastallize|p2b: Great Tusk|Fire\n|move|p1a: Indeedee|Helping Hand|p1b: Iron Valiant\n|-singleturn|p1b: Iron Valiant|Helping Hand|[of] p1a: Indeedee\n|move|p2b: Great Tusk|Earthquake|p1b: Iron Valiant|[spread] p1a,p1b\n|-immune|p2a: Gyarados\n|-damage|p1a: Indeedee|63\/100\n|-damage|p1b: Iron Valiant|52\/100\n|move|p1b: Iron Valiant|Thunderbolt|p2a: Gyarados\n|-supereffective|p2a: Gyarados\n|-damage|p2a: Gyarados|0 fnt\n|faint|p2a: Gyarados\n|\n|upkeep\n|\n|t:|1684160612\n|switch|p2a: Flutter Mane|Flutter Mane, L50, shiny|100\/100\n|turn|2\n|inactive|JK_Jirachi has 30 seconds left.\n|inactive|JK_Jirachi has 20 seconds left.\n|inactive|lorenzosecond has 30 seconds left.\n|\n|t:|1684160662\n|-end|p2a: Flutter Mane|Protosynthesis|[silent]\n|switch|p2a: Murkrow|Murkrow, L50, M|100\/100\n|move|p1a: Indeedee|Protect|p1a: Indeedee\n|-singleturn|p1a: Indeedee|Protect\n|move|p2b: Great Tusk|Earthquake|p1a: Indeedee|[spread] p1b\n|-activate|p1a: Indeedee|move: Protect\n|-immune|p2a: Murkrow\n|-damage|p1b: Iron Valiant|0 fnt\n|faint|p1b: Iron Valiant\n|-end|p1b: Iron Valiant|Quark Drive|[silent]\n|\n|upkeep\n|\n|t:|1684160674\n|switch|p1b: Flutter Mane|Flutter Mane, L50, shiny|100\/100\n|turn|3\n|\n|t:|1684160681\n|move|p1a: Indeedee|Helping Hand|p1b: Flutter Mane\n|-singleturn|p1b: Flutter Mane|Helping Hand|[of] p1a: Indeedee\n|move|p2a: Murkrow|Tailwind|p2a: Murkrow\n|-sidestart|p2: lorenzosecond|move: Tailwind\n|move|p2b: Great Tusk|Earthquake|p1b: Flutter Mane|[spread] p1a,p1b\n|-immune|p2a: Murkrow\n|-damage|p1a: Indeedee|24\/100\n|-damage|p1b: Flutter Mane|22\/100\n|move|p1b: Flutter Mane|Power Gem|p2b: Great Tusk\n|-supereffective|p2b: Great Tusk\n|-damage|p2b: Great Tusk|0 fnt\n|faint|p2b: Great Tusk\n|-end|p2b: Great Tusk|Protosynthesis|[silent]\n|\n|upkeep\n|\n|t:|1684160693\n|switch|p2b: Flutter Mane|Flutter Mane, L50, shiny|100\/100\n|turn|4\n|\n|t:|1684160717\n|move|p1a: Indeedee|Protect|p1a: Indeedee\n|-singleturn|p1a: Indeedee|Protect\n|move|p2a: Murkrow|Sunny Day|p2a: Murkrow\n|-weather|SunnyDay\n|-activate|p2b: Flutter Mane|ability: Protosynthesis\n|-start|p2b: Flutter Mane|protosynthesisspa\n|-activate|p1b: Flutter Mane|ability: Protosynthesis\n|-start|p1b: Flutter Mane|protosynthesisspe\n|move|p2b: Flutter Mane|Thunderbolt|p1b: Flutter Mane\n|-damage|p1b: Flutter Mane|0 fnt\n|faint|p1b: Flutter Mane\n|-end|p1b: Flutter Mane|Protosynthesis|[silent]\n|\n|-weather|SunnyDay|[upkeep]\n|upkeep\n|\n|t:|1684160728\n|switch|p1b: Chi-Yu|Chi-Yu, L50|100\/100\n|-ability|p1b: Chi-Yu|Beads of Ruin\n|turn|5\n|\n|t:|1684160738\n|move|p1a: Indeedee|Follow Me|p1a: Indeedee\n|-singleturn|p1a: Indeedee|move: Follow Me\n|move|p2b: Flutter Mane|Thunderbolt|p1a: Indeedee\n|-damage|p1a: Indeedee|0 fnt\n|faint|p1a: Indeedee\n|move|p2a: Murkrow|Foul Play|p1b: Chi-Yu\n|-resisted|p1b: Chi-Yu\n|-damage|p1b: Chi-Yu|82\/100\n|move|p1b: Chi-Yu|Flamethrower|p2b: Flutter Mane\n|-damage|p2b: Flutter Mane|0 fnt\n|faint|p2b: Flutter Mane\n|-end|p2b: Flutter Mane|Protosynthesis|[silent]\n|\n|-weather|SunnyDay|[upkeep]\n|-fieldend|move: Psychic Terrain\n|upkeep\n|turn|6\n|\n|t:|1684160750\n|move|p2a: Murkrow|Foul Play|p1b: Chi-Yu\n|-resisted|p1b: Chi-Yu\n|-damage|p1b: Chi-Yu|66\/100\n|move|p1b: Chi-Yu|Flamethrower|p2a: Murkrow\n|-damage|p2a: Murkrow|0 fnt\n|faint|p2a: Murkrow\n|\n|win|JK_Jirachi\n|raw|JK_Jirachi's rating: 1135 → 1163<\/strong> (+28 for winning)\n|raw|lorenzosecond's rating: 1177 → 1149<\/strong> (-28 for losing)\n|l|\u2606lorenzosecond\n","uploadtime":1684160760,"views":5,"p1id":"jkjirachi","p2id":"lorenzosecond","formatid":"gen9vgc2023regulationc","rating":1149,"private":0,"password":""}