{"id":"gen9vgc2023regulationc-1851538538","p1":"WillieDangerously","p2":"snjbreb","format":"[Gen 9] VGC 2023 Regulation C","log":"|j|\u2606WillieDangerously\n|j|\u2606snjbreb\n|t:|1682453736\n|gametype|doubles\n|player|p1|WillieDangerously|psychic-gen4|1175\n|player|p2|snjbreb|266|1162\n|teamsize|p1|6\n|teamsize|p2|6\n|gen|9\n|tier|[Gen 9] VGC 2023 Regulation C\n|rated|\n|rule|Species Clause: Limit one of each Pok\u00e9mon\n|rule|Item Clause: Limit one of each item\n|clearpoke\n|poke|p1|Espathra, L50, M|\n|poke|p1|Iron Bundle, L50|\n|poke|p1|Iron Valiant, L50|\n|poke|p1|Salamence, L50, M|\n|poke|p1|Scizor, L50, F|\n|poke|p1|Sandy Shocks, L50|\n|poke|p2|Orthworm, L50, M|\n|poke|p2|Ting-Lu, L50|\n|poke|p2|Chien-Pao, L50|\n|poke|p2|Dragonite, L50, F|\n|poke|p2|Flutter Mane, L50|\n|poke|p2|Gyarados, L50, M|\n|teampreview|4\n|\n|t:|1682453828\n|start\n|switch|p1a: Sandy Shocks|Sandy Shocks, L50|100\/100\n|switch|p1b: Iron Valiant|Iron Valiant, L50|100\/100\n|switch|p2a: Orthworm|Orthworm, L50, M, shiny|100\/100\n|switch|p2b: Chien-Pao|Chien-Pao, L50|100\/100\n|-ability|p2b: Chien-Pao|Sword of Ruin\n|-enditem|p1a: Sandy Shocks|Booster Energy\n|-activate|p1a: Sandy Shocks|ability: Protosynthesis|[fromitem]\n|-start|p1a: Sandy Shocks|protosynthesisspe\n|turn|1\n|\n|t:|1682453877\n|switch|p2b: Ting-Lu|Ting-Lu, L50|100\/100\n|-ability|p2b: Ting-Lu|Vessel of Ruin\n|-terastallize|p1a: Sandy Shocks|Ghost\n|move|p1a: Sandy Shocks|Gravity|p1a: Sandy Shocks\n|-fieldstart|move: Gravity\n|move|p1b: Iron Valiant|Hypnosis|p2a: Orthworm\n|-status|p2a: Orthworm|slp|[from] move: Hypnosis\n|cant|p2a: Orthworm|slp\n|\n|upkeep\n|turn|2\n|\n|t:|1682453918\n|-end|p1a: Sandy Shocks|Protosynthesis|[silent]\n|switch|p1a: Salamence|Salamence, L50, M|100\/100\n|move|p1b: Iron Valiant|Hypnosis|p2b: Ting-Lu\n|-status|p2b: Ting-Lu|slp|[from] move: Hypnosis\n|-curestatus|p2a: Orthworm|slp|[msg]\n|move|p2a: Orthworm|Shed Tail|p2a: Orthworm\n|-start|p2a: Orthworm|Substitute|[from] move: Shed Tail\n|-damage|p2a: Orthworm|50\/100\n|-enditem|p2a: Orthworm|Sitrus Berry|[eat]\n|-heal|p2a: Orthworm|75\/100|[from] item: Sitrus Berry\n|\n|t:|1682453933\n|switch|p2a: Dragonite|Dragonite, L50, F|100\/100|[from] Shed Tail\n|cant|p2b: Ting-Lu|slp\n|\n|upkeep\n|turn|3\n|\n|t:|1682453950\n|switch|p1a: Scizor|Scizor, L50, F|100\/100\n|switch|p2b: Orthworm|Orthworm, L50, M, shiny|75\/100\n|move|p1b: Iron Valiant|Moonblast|p2a: Dragonite\n|-supereffective|p2a: Dragonite\n|-end|p2a: Dragonite|Substitute\n|move|p2a: Dragonite|Earthquake|p1b: Iron Valiant|[spread] p1a,p1b\n|-heal|p2b: Orthworm|99\/100|[from] ability: Earth Eater|[of] p2a: Dragonite\n|-crit|p1b: Iron Valiant\n|-damage|p1a: Scizor|68\/100\n|-damage|p1b: Iron Valiant|48\/100\n|\n|upkeep\n|turn|4\n|\n|t:|1682453981\n|move|p1b: Iron Valiant|Hypnosis|p2a: Dragonite\n|-status|p2a: Dragonite|slp|[from] move: Hypnosis\n|cant|p2a: Dragonite|slp\n|move|p1a: Scizor|Swords Dance|p1a: Scizor\n|-boost|p1a: Scizor|atk|2\n|move|p2b: Orthworm|Iron Defense|p2b: Orthworm\n|-boost|p2b: Orthworm|def|2\n|\n|upkeep\n|turn|5\n|\n|t:|1682454007\n|move|p1a: Scizor|Bullet Punch|p2a: Dragonite\n|-damage|p2a: Dragonite|55\/100 slp\n|move|p1b: Iron Valiant|Focus Blast|p2b: Orthworm\n|-supereffective|p2b: Orthworm\n|-damage|p2b: Orthworm|0 fnt\n|faint|p2b: Orthworm\n|cant|p2a: Dragonite|slp\n|\n|-fieldend|move: Gravity\n|upkeep\n|\n|t:|1682454019\n|switch|p2b: Chien-Pao|Chien-Pao, L50|100\/100\n|-ability|p2b: Chien-Pao|Sword of Ruin\n|turn|6\n|\n|t:|1682454056\n|-terastallize|p2a: Dragonite|Flying\n|move|p1a: Scizor|Bullet Punch|p2b: Chien-Pao\n|-supereffective|p2b: Chien-Pao\n|-enditem|p2b: Chien-Pao|Focus Sash\n|-damage|p2b: Chien-Pao|1\/100\n|move|p2b: Chien-Pao|Ice Spinner|p1b: Iron Valiant\n|-damage|p1b: Iron Valiant|0 fnt\n|faint|p1b: Iron Valiant\n|-end|p1b: Iron Valiant|Quark Drive|[silent]\n|-curestatus|p2a: Dragonite|slp|[msg]\n|move|p2a: Dragonite|Tera Blast|p1a: Scizor\n|-damage|p1a: Scizor|0 fnt\n|faint|p1a: Scizor\n|\n|upkeep\n|\n|t:|1682454066\n|switch|p1b: Salamence|Salamence, L50, M|100\/100\n|switch|p1a: Sandy Shocks|Sandy Shocks, L50, tera:Ghost|100\/100\n|turn|7\n|\n|t:|1682454100\n|move|p2a: Dragonite|Extreme Speed|p1b: Salamence\n|-damage|p1b: Salamence|48\/100\n|move|p2b: Chien-Pao|Sucker Punch|p1a: Sandy Shocks\n|-supereffective|p1a: Sandy Shocks\n|-damage|p1a: Sandy Shocks|2\/100\n|move|p1b: Salamence|Rock Slide|p2b: Chien-Pao|[spread] p2a,p2b\n|-supereffective|p2a: Dragonite\n|-supereffective|p2b: Chien-Pao\n|-damage|p2a: Dragonite|0 fnt\n|-damage|p2b: Chien-Pao|0 fnt\n|faint|p2a: Dragonite\n|faint|p2b: Chien-Pao\n|-ability|p1b: Salamence|Moxie|boost\n|-boost|p1b: Salamence|atk|2\n|move|p1a: Sandy Shocks|Thunder|p2: Dragonite|[notarget]\n|-fail|p1a: Sandy Shocks\n|\n|upkeep\n|\n|t:|1682454125\n|switch|p2b: Ting-Lu|Ting-Lu, L50|100\/100 slp\n|-ability|p2b: Ting-Lu|Vessel of Ruin\n|turn|8\n|\n|t:|1682454138\n|move|p1b: Salamence|Rock Slide|p2b: Ting-Lu\n|-resisted|p2b: Ting-Lu\n|-damage|p2b: Ting-Lu|84\/100 slp\n|move|p1a: Sandy Shocks|Earth Power|p2b: Ting-Lu\n|-damage|p2b: Ting-Lu|55\/100 slp\n|-unboost|p2b: Ting-Lu|spd|1\n|cant|p2b: Ting-Lu|slp\n|\n|upkeep\n|turn|9\n|\n|t:|1682454153\n|move|p1b: Salamence|Rock Slide|p2b: Ting-Lu\n|-resisted|p2b: Ting-Lu\n|-damage|p2b: Ting-Lu|38\/100 slp\n|move|p1a: Sandy Shocks|Earth Power|p2b: Ting-Lu\n|-damage|p2b: Ting-Lu|0 fnt\n|faint|p2b: Ting-Lu\n|\n|win|WillieDangerously\n|raw|WillieDangerously's rating: 1175 → 1199<\/strong> (+24 for winning)\n|raw|snjbreb's rating: 1162 → 1138<\/strong> (-24 for losing)\n","uploadtime":1682454160,"views":15,"p1id":"williedangerously","p2id":"snjbreb","formatid":"gen9vgc2023regulationc","rating":1138,"private":0,"password":""}