{"id":"gen9vgc2023regulationc-1861020961","p1":"Anderah7","p2":"Uao","format":"[Gen 9] VGC 2023 Regulation C","log":"|j|\u2606Anderah7\n|j|\u2606Uao\n|t:|1683715842\n|gametype|doubles\n|player|p1|Anderah7|1|1112\n|player|p2|Uao|silver|1061\n|teamsize|p1|6\n|teamsize|p2|6\n|gen|9\n|tier|[Gen 9] VGC 2023 Regulation C\n|rated|\n|rule|Species Clause: Limit one of each Pok\u00e9mon\n|rule|Item Clause: Limit one of each item\n|clearpoke\n|poke|p1|Iron Bundle, L50|\n|poke|p1|Iron Hands, L50|\n|poke|p1|Talonflame, L50, M|\n|poke|p1|Gholdengo, L50|\n|poke|p1|Chien-Pao, L50|\n|poke|p1|Garchomp, L50, F|\n|poke|p2|Sandy Shocks, L50|\n|poke|p2|Torkoal, L50, M|\n|poke|p2|Lilligant, L50, F|\n|poke|p2|Flutter Mane, L50|\n|poke|p2|Grumpig, L50, M|\n|poke|p2|Hydreigon, L50, M|\n|teampreview|4\n|inactive|Battle timer is ON: inactive players will automatically lose when time's up. (requested by Uao)\n|\n|t:|1683715867\n|start\n|switch|p1a: Chien-Pao|Chien-Pao, L50|100\/100\n|switch|p1b: Iron Hands|Iron Hands, L50|100\/100\n|switch|p2a: Lizzo|Grumpig, L50, M|100\/100\n|switch|p2b: Pelomagneto|Sandy Shocks, L50|100\/100\n|-ability|p1a: Chien-Pao|Sword of Ruin\n|turn|1\n|inactive|Anderah7 has 30 seconds left.\n|inactive|Uao has 30 seconds left.\n|inactive|Uao has 20 seconds left.\n|inactive|Uao has 15 seconds left.\n|inactive|Uao has 10 seconds left.\n|inactive|Uao has 5 seconds left.\n|\n|t:|1683715918\n|-end|p2b: Pelomagneto|Protosynthesis|[silent]\n|switch|p2b: Vape|Torkoal, L50, M|100\/100\n|-weather|SunnyDay|[from] ability: Drought|[of] p2b: Vape\n|-terastallize|p2a: Lizzo|Fire\n|move|p1a: Chien-Pao|Sucker Punch||[still]\n|-fail|p1a: Chien-Pao\n|move|p1b: Iron Hands|Drain Punch|p2b: Vape\n|-damage|p2b: Vape|56\/100\n|move|p2a: Lizzo|Trick Room|p2a: Lizzo\n|-fieldstart|move: Trick Room|[of] p2a: Lizzo\n|\n|-weather|SunnyDay|[upkeep]\n|upkeep\n|turn|2\n|inactive|Uao has 30 seconds left.\n|inactive|Uao has 20 seconds left.\n|\n|t:|1683715955\n|move|p2b: Vape|Protect|p2b: Vape\n|-singleturn|p2b: Vape|Protect\n|move|p1b: Iron Hands|Drain Punch|p2b: Vape\n|-activate|p2b: Vape|move: Protect\n|move|p2a: Lizzo|Psychic|p1b: Iron Hands\n|-supereffective|p1b: Iron Hands\n|-damage|p1b: Iron Hands|73\/100\n|move|p1a: Chien-Pao|Sacred Sword|p2b: Vape\n|-activate|p2b: Vape|move: Protect\n|\n|-weather|SunnyDay|[upkeep]\n|upkeep\n|turn|3\n|\n|t:|1683715970\n|move|p2b: Vape|Eruption|p1a: Chien-Pao|[spread] p1a,p1b\n|-supereffective|p1a: Chien-Pao\n|-enditem|p1a: Chien-Pao|Focus Sash\n|-damage|p1a: Chien-Pao|1\/100\n|-damage|p1b: Iron Hands|52\/100\n|move|p1b: Iron Hands|Drain Punch|p2b: Vape\n|-damage|p2b: Vape|17\/100\n|-heal|p1b: Iron Hands|66\/100|[from] drain|[of] p2b: Vape\n|move|p2a: Lizzo|Snarl|p1a: Chien-Pao|[spread] p1a,p1b\n|-resisted|p1a: Chien-Pao\n|-resisted|p1b: Iron Hands\n|-damage|p1a: Chien-Pao|0 fnt\n|-damage|p1b: Iron Hands|64\/100\n|-unboost|p1b: Iron Hands|spa|1\n|faint|p1a: Chien-Pao\n|\n|-weather|SunnyDay|[upkeep]\n|upkeep\n|\n|t:|1683715988\n|switch|p1a: Iron Bundle|Iron Bundle, L50|100\/100\n|-enditem|p1a: Iron Bundle|Booster Energy\n|-activate|p1a: Iron Bundle|ability: Quark Drive|[fromitem]\n|-start|p1a: Iron Bundle|quarkdrivespe\n|turn|4\n|\n|t:|1683716010\n|move|p2b: Vape|Overheat|p1b: Iron Hands\n|-damage|p1b: Iron Hands|25\/100\n|-unboost|p2b: Vape|spa|2\n|-enditem|p2b: Vape|Eject Pack\n|\n|t:|1683716020\n|switch|p2b: Heady|Hydreigon, L50, M|100\/100\n|move|p1b: Iron Hands|Drain Punch|p2b: Heady\n|-supereffective|p2b: Heady\n|-damage|p2b: Heady|22\/100\n|-heal|p1b: Iron Hands|56\/100|[from] drain|[of] p2b: Heady\n|move|p2a: Lizzo|Snarl|p1b: Iron Hands|[spread] p1a,p1b\n|-resisted|p1b: Iron Hands\n|-damage|p1a: Iron Bundle|82\/100\n|-damage|p1b: Iron Hands|54\/100\n|-unboost|p1a: Iron Bundle|spa|1\n|-unboost|p1b: Iron Hands|spa|1\n|move|p1a: Iron Bundle|Hydro Pump|p2a: Lizzo\n|-supereffective|p2a: Lizzo\n|-damage|p2a: Lizzo|72\/100\n|\n|-weather|SunnyDay|[upkeep]\n|upkeep\n|turn|5\n|inactive|Uao has 30 seconds left.\n|\n|t:|1683716050\n|move|p2b: Heady|Protect|p2b: Heady\n|-singleturn|p2b: Heady|Protect\n|move|p1b: Iron Hands|Drain Punch|p2a: Lizzo\n|-damage|p2a: Lizzo|33\/100\n|-heal|p1b: Iron Hands|69\/100|[from] drain|[of] p2a: Lizzo\n|-enditem|p2a: Lizzo|Sitrus Berry|[eat]\n|-heal|p2a: Lizzo|57\/100|[from] item: Sitrus Berry\n|move|p2a: Lizzo|Psychic|p1b: Iron Hands\n|-supereffective|p1b: Iron Hands\n|-damage|p1b: Iron Hands|40\/100\n|move|p1a: Iron Bundle|Icy Wind|p2a: Lizzo|[spread] p2a\n|-activate|p2b: Heady|move: Protect\n|-resisted|p2a: Lizzo\n|-damage|p2a: Lizzo|55\/100\n|-unboost|p2a: Lizzo|spe|1\n|\n|-weather|none\n|-fieldend|move: Trick Room\n|upkeep\n|turn|6\n|inactive|Anderah7 has 30 seconds left.\n|\n|t:|1683716083\n|-terastallize|p1a: Iron Bundle|Ghost\n|move|p1a: Iron Bundle|Freeze-Dry|p2b: Heady\n|-supereffective|p2b: Heady\n|-damage|p2b: Heady|0 fnt\n|faint|p2b: Heady\n|move|p1b: Iron Hands|Drain Punch|p2a: Lizzo\n|-damage|p2a: Lizzo|19\/100\n|-heal|p1b: Iron Hands|54\/100|[from] drain|[of] p2a: Lizzo\n|move|p2a: Lizzo|Trick Room|p2a: Lizzo\n|-fieldstart|move: Trick Room|[of] p2a: Lizzo\n|\n|upkeep\n|\n|t:|1683716089\n|switch|p2b: Vape|Torkoal, L50, M|17\/100\n|-weather|SunnyDay|[from] ability: Drought|[of] p2b: Vape\n|turn|7\n|\n|t:|1683716105\n|move|p2b: Vape|Overheat|p1b: Iron Hands\n|-damage|p1b: Iron Hands|16\/100\n|-unboost|p2b: Vape|spa|2\n|move|p2a: Lizzo|Psychic|p1b: Iron Hands\n|-supereffective|p1b: Iron Hands\n|-damage|p1b: Iron Hands|0 fnt\n|faint|p1b: Iron Hands\n|-end|p1b: Iron Hands|Quark Drive|[silent]\n|move|p1a: Iron Bundle|Hydro Pump|p2b: Vape\n|-supereffective|p2b: Vape\n|-damage|p2b: Vape|0 fnt\n|faint|p2b: Vape\n|\n|-weather|SunnyDay|[upkeep]\n|upkeep\n|\n|t:|1683716116\n|switch|p2b: Pelomagneto|Sandy Shocks, L50|100\/100\n|switch|p1b: Gholdengo|Gholdengo, L50|100\/100\n|-activate|p2b: Pelomagneto|ability: Protosynthesis\n|-start|p2b: Pelomagneto|protosynthesisspe\n|turn|8\n|\n|t:|1683716135\n|move|p2a: Lizzo|Snarl|p1a: Iron Bundle|[spread] p1a,p1b\n|-supereffective|p1a: Iron Bundle\n|-supereffective|p1b: Gholdengo\n|-crit|p1b: Gholdengo\n|-damage|p1a: Iron Bundle|49\/100\n|-damage|p1b: Gholdengo|71\/100\n|-unboost|p1a: Iron Bundle|spa|1\n|-unboost|p1b: Gholdengo|spa|1\n|move|p1b: Gholdengo|Make It Rain|p2a: Lizzo|[spread] p2a,p2b\n|-resisted|p2a: Lizzo\n|-resisted|p2b: Pelomagneto\n|-damage|p2a: Lizzo|0 fnt\n|-damage|p2b: Pelomagneto|68\/100\n|-unboost|p1b: Gholdengo|spa|1\n|faint|p2a: Lizzo\n|move|p2b: Pelomagneto|Earth Power|p1b: Gholdengo\n|-supereffective|p1b: Gholdengo\n|-damage|p1b: Gholdengo|0 fnt\n|faint|p1b: Gholdengo\n|move|p1a: Iron Bundle|Hydro Pump|p2b: Pelomagneto\n|-supereffective|p2b: Pelomagneto\n|-damage|p2b: Pelomagneto|32\/100\n|\n|-weather|SunnyDay|[upkeep]\n|upkeep\n|turn|9\n|inactive|Anderah7 has 30 seconds left.\n|\n|t:|1683716163\n|move|p2b: Pelomagneto|Earth Power|p1a: Iron Bundle\n|-damage|p1a: Iron Bundle|0 fnt\n|faint|p1a: Iron Bundle\n|-end|p1a: Iron Bundle|Quark Drive|[silent]\n|\n|win|Uao\n|raw|Anderah7's rating: 1112 → 1083<\/strong> (-29 for losing)\n|raw|Uao's rating: 1061 → 1096<\/strong> (+35 for winning)\n","uploadtime":1683716166,"views":16,"p1id":"anderah7","p2id":"uao","formatid":"gen9vgc2023regulationc","rating":1083,"private":0,"password":""}