{"id":"gen9vgc2023regulationc-1850985857","p1":"starkhd","p2":"Do1n13","format":"[Gen 9] VGC 2023 Regulation C","log":"|j|\u2606starkhd\n|j|\u2606Do1n13\n|t:|1682390383\n|gametype|doubles\n|player|p1|starkhd|1|1000\n|player|p2|Do1n13|101|1092\n|teamsize|p1|6\n|teamsize|p2|6\n|gen|9\n|tier|[Gen 9] VGC 2023 Regulation C\n|rated|\n|rule|Species Clause: Limit one of each Pok\u00e9mon\n|rule|Item Clause: Limit one of each item\n|clearpoke\n|poke|p1|Dragonite, L50, F|\n|poke|p1|Chien-Pao, L50|\n|poke|p1|Flutter Mane, L50|\n|poke|p1|Arcanine, L50, M|\n|poke|p1|Amoonguss, L50, F|\n|poke|p1|Palafin, L50, F|\n|poke|p2|Iron Bundle, L50|\n|poke|p2|Palafin, L50, M|\n|poke|p2|Pelipper, L50, F|\n|poke|p2|Amoonguss, L50, M|\n|poke|p2|Flutter Mane, L50|\n|poke|p2|Arcanine, L50, F|\n|teampreview|4\n|\n|t:|1682390420\n|start\n|switch|p1a: Amoonguss|Amoonguss, L50, F, shiny|100\/100\n|switch|p1b: Flutter Mane|Flutter Mane, L50, shiny|100\/100\n|switch|p2a: Pelipper|Pelipper, L50, F|100\/100\n|switch|p2b: Palafin|Palafin, L50, M, shiny|100\/100\n|-weather|RainDance|[from] ability: Drizzle|[of] p2a: Pelipper\n|-enditem|p1b: Flutter Mane|Booster Energy\n|-activate|p1b: Flutter Mane|ability: Protosynthesis|[fromitem]\n|-start|p1b: Flutter Mane|protosynthesisspa\n|turn|1\n|\n|t:|1682390442\n|-terastallize|p2b: Palafin|Water\n|move|p2a: Pelipper|Protect|p2a: Pelipper\n|-singleturn|p2a: Pelipper|Protect\n|move|p2b: Palafin|Jet Punch|p1b: Flutter Mane\n|-damage|p1b: Flutter Mane|9\/100\n|move|p1b: Flutter Mane|Thunderbolt|p2b: Palafin\n|-supereffective|p2b: Palafin\n|-damage|p2b: Palafin|0 fnt\n|faint|p2b: Palafin\n|move|p1a: Amoonguss|Spore|p2a: Pelipper\n|-activate|p2a: Pelipper|move: Protect\n|\n|-weather|RainDance|[upkeep]\n|upkeep\n|\n|t:|1682390458\n|switch|p2b: Iron Bundle|Iron Bundle, L50, shiny|100\/100\n|-enditem|p2b: Iron Bundle|Booster Energy\n|-activate|p2b: Iron Bundle|ability: Quark Drive|[fromitem]\n|-start|p2b: Iron Bundle|quarkdrivespe\n|turn|2\n|\n|t:|1682390467\n|move|p1b: Flutter Mane|Protect|p1b: Flutter Mane\n|-singleturn|p1b: Flutter Mane|Protect\n|move|p2b: Iron Bundle|Icy Wind|p1b: Flutter Mane|[spread] p1a\n|-activate|p1b: Flutter Mane|move: Protect\n|-supereffective|p1a: Amoonguss\n|-damage|p1a: Amoonguss|62\/100\n|-unboost|p1a: Amoonguss|spe|1\n|move|p2a: Pelipper|Hurricane|p1a: Amoonguss\n|-supereffective|p1a: Amoonguss\n|-damage|p1a: Amoonguss|0 fnt\n|faint|p1a: Amoonguss\n|\n|-weather|RainDance|[upkeep]\n|upkeep\n|\n|t:|1682390482\n|switch|p1a: Chien-Pao|Chien-Pao, L50|100\/100\n|-ability|p1a: Chien-Pao|Sword of Ruin\n|turn|3\n|\n|t:|1682390497\n|switch|p2a: Arcanine|Arcanine, L50, F|100\/100\n|-ability|p2a: Arcanine|Intimidate|boost\n|-unboost|p1a: Chien-Pao|atk|1\n|-unboost|p1b: Flutter Mane|atk|1\n|move|p2b: Iron Bundle|Icy Wind|p1b: Flutter Mane|[spread] p1a,p1b\n|-resisted|p1a: Chien-Pao\n|-damage|p1a: Chien-Pao|85\/100\n|-damage|p1b: Flutter Mane|0 fnt\n|-unboost|p1a: Chien-Pao|spe|1\n|faint|p1b: Flutter Mane\n|-end|p1b: Flutter Mane|Protosynthesis|[silent]\n|move|p1a: Chien-Pao|Sacred Sword|p2b: Iron Bundle\n|-supereffective|p2b: Iron Bundle\n|-damage|p2b: Iron Bundle|35\/100\n|\n|-weather|RainDance|[upkeep]\n|upkeep\n|\n|t:|1682390509\n|switch|p1b: Dragonite|Dragonite, L50, F, shiny|100\/100\n|turn|4\n|\n|t:|1682390520\n|-terastallize|p1a: Chien-Pao|Ghost\n|move|p2b: Iron Bundle|Icy Wind|p1b: Dragonite|[spread] p1a,p1b\n|-supereffective|p1b: Dragonite\n|-damage|p1a: Chien-Pao|50\/100\n|-damage|p1b: Dragonite|60\/100\n|-unboost|p1a: Chien-Pao|spe|1\n|-unboost|p1b: Dragonite|spe|1\n|move|p2a: Arcanine|Will-O-Wisp|p1b: Dragonite|[miss]\n|-miss|p2a: Arcanine|p1b: Dragonite\n|move|p1a: Chien-Pao|Sacred Sword|p2b: Iron Bundle\n|-supereffective|p2b: Iron Bundle\n|-damage|p2b: Iron Bundle|0 fnt\n|faint|p2b: Iron Bundle\n|-end|p2b: Iron Bundle|Quark Drive|[silent]\n|move|p1b: Dragonite|Tailwind|p1b: Dragonite\n|-sidestart|p1: starkhd|move: Tailwind\n|\n|-weather|RainDance|[upkeep]\n|upkeep\n|\n|t:|1682390538\n|switch|p2b: Pelipper|Pelipper, L50, F|100\/100\n|turn|5\n|\n|t:|1682390556\n|move|p1a: Chien-Pao|Ice Spinner|p2b: Pelipper\n|-damage|p2b: Pelipper|53\/100\n|move|p1b: Dragonite|Stomping Tantrum|p2a: Arcanine\n|-supereffective|p2a: Arcanine\n|-damage|p2a: Arcanine|28\/100\n|move|p2b: Pelipper|Hurricane|p1a: Chien-Pao\n|-damage|p1a: Chien-Pao|0 fnt\n|faint|p1a: Chien-Pao\n|move|p2a: Arcanine|Will-O-Wisp|p1b: Dragonite|[miss]\n|-miss|p2a: Arcanine|p1b: Dragonite\n|\n|-weather|none\n|upkeep\n|turn|6\n|\n|t:|1682390577\n|move|p1b: Dragonite|Stomping Tantrum|p2a: Arcanine\n|-supereffective|p2a: Arcanine\n|-damage|p2a: Arcanine|0 fnt\n|faint|p2a: Arcanine\n|move|p2b: Pelipper|Hurricane|p1b: Dragonite|[miss]\n|-miss|p2b: Pelipper|p1b: Dragonite\n|\n|upkeep\n|turn|7\n|\n|t:|1682390593\n|move|p1b: Dragonite|Tera Blast|p2b: Pelipper\n|-damage|p2b: Pelipper|25\/100\n|move|p2b: Pelipper|Hydro Pump|p1b: Dragonite\n|-resisted|p1b: Dragonite\n|-damage|p1b: Dragonite|39\/100\n|\n|-sideend|p1: starkhd|move: Tailwind\n|upkeep\n|turn|8\n|\n|t:|1682390602\n|move|p1b: Dragonite|Extreme Speed|p2b: Pelipper\n|-damage|p2b: Pelipper|0 fnt\n|faint|p2b: Pelipper\n|\n|win|starkhd\n|raw|starkhd's rating: 1000 → 1050<\/strong> (+50 for winning)\n|raw|Do1n13's rating: 1092 → 1062<\/strong> (-30 for losing)\n|l|\u2606Do1n13\n","uploadtime":1682390610,"views":10,"p1id":"starkhd","p2id":"do1n13","formatid":"gen9vgc2023regulationc","rating":1050,"private":0,"password":""}