{"id":"gen9vgc2023regulationc-1849216911","p1":"ReCapra","p2":"Terry kloak","format":"[Gen 9] VGC 2023 Regulation C","log":"|j|\u2606ReCapra\n|j|\u2606Terry kloak\n|t:|1682173954\n|gametype|doubles\n|player|p1|ReCapra|emmet|1496\n|player|p2|Terry kloak|gentleman-gen4|1567\n|teamsize|p1|6\n|teamsize|p2|6\n|gen|9\n|tier|[Gen 9] VGC 2023 Regulation C\n|rated|\n|rule|Species Clause: Limit one of each Pok\u00e9mon\n|rule|Item Clause: Limit one of each item\n|clearpoke\n|poke|p1|Flutter Mane, L50|\n|poke|p1|Gyarados, L50, M|\n|poke|p1|Abomasnow, L50, M|\n|poke|p1|Iron Bundle, L50|\n|poke|p1|Garchomp, L50, M|\n|poke|p1|Talonflame, L50, M|\n|poke|p2|Ceruledge, L50, F|\n|poke|p2|Orthworm, L50, M|\n|poke|p2|Ting-Lu, L50|\n|poke|p2|Dragonite, L50, F|\n|poke|p2|Iron Bundle, L50|\n|poke|p2|Grimmsnarl, L50, M|\n|teampreview|4\n|j| QtPolpetta\n|l| QtPolpetta\n|inactive|Battle timer is ON: inactive players will automatically lose when time's up. (requested by ReCapra)\nReCapra rejected open team sheets.\n|j| QtPolpetta\n|\n|t:|1682174050\n|start\n|switch|p1a: Nicolas Cage|Flutter Mane, L50|100\/100\n|switch|p1b: Kowalsky|Iron Bundle, L50, shiny|100\/100\n|switch|p2a: Orthworm|Orthworm, L50, M|100\/100\n|switch|p2b: Dragonite|Dragonite, L50, F|100\/100\n|turn|1\n|inactive|ReCapra has 30 seconds left.\n|inactive|ReCapra has 20 seconds left.\n|\n|t:|1682174085\n|-terastallize|p1a: Nicolas Cage|Water\n|move|p2b: Dragonite|Protect|p2b: Dragonite\n|-singleturn|p2b: Dragonite|Protect\n|move|p1b: Kowalsky|Hydro Pump|p2a: Orthworm\n|-damage|p2a: Orthworm|35\/100\n|-enditem|p2a: Orthworm|Sitrus Berry|[eat]\n|-heal|p2a: Orthworm|60\/100|[from] item: Sitrus Berry\n|move|p1a: Nicolas Cage|Dazzling Gleam|p2b: Dragonite|[spread] p2a\n|-activate|p2b: Dragonite|move: Protect\n|-resisted|p2a: Orthworm\n|-damage|p2a: Orthworm|27\/100\n|move|p2a: Orthworm|Shed Tail|p2a: Orthworm\n|-fail|p2a: Orthworm|move: Shed Tail|[weak]\n|\n|upkeep\n|turn|2\n|\n|t:|1682174108\n|-end|p1a: Nicolas Cage|Protosynthesis|[silent]\n|switch|p1a: Aaaboomaa|Abomasnow, L50, M, shiny|100\/100\n|-weather|Snow|[from] ability: Snow Warning|[of] p1a: Aaaboomaa\n|switch|p2b: Ting-Lu|Ting-Lu, L50|100\/100\n|-ability|p2b: Ting-Lu|Vessel of Ruin\n|move|p2a: Orthworm|Protect|p2a: Orthworm\n|-singleturn|p2a: Orthworm|Protect\n|move|p1b: Kowalsky|Blizzard|p2a: Orthworm|[spread] p2b\n|-activate|p2a: Orthworm|move: Protect\n|-supereffective|p2b: Ting-Lu\n|-damage|p2b: Ting-Lu|73\/100\n|\n|-weather|Snow|[upkeep]\n|upkeep\n|turn|3\n|\n|t:|1682174128\n|-terastallize|p2b: Ting-Lu|Poison\n|move|p1b: Kowalsky|Blizzard|p2a: Orthworm|[spread] p2a,p2b\n|-resisted|p2a: Orthworm\n|-damage|p2a: Orthworm|10\/100\n|-damage|p2b: Ting-Lu|59\/100\n|move|p1a: Aaaboomaa|Leech Seed|p2b: Ting-Lu\n|-start|p2b: Ting-Lu|move: Leech Seed\n|move|p2b: Ting-Lu|Earthquake|p1b: Kowalsky|[spread] p1a,p1b\n|-heal|p2a: Orthworm|34\/100|[from] ability: Earth Eater|[of] p2b: Ting-Lu\n|-resisted|p1a: Aaaboomaa\n|-crit|p1b: Kowalsky\n|-damage|p1a: Aaaboomaa|90\/100\n|-damage|p1b: Kowalsky|61\/100\n|move|p2a: Orthworm|Body Press|p1b: Kowalsky\n|-supereffective|p1b: Kowalsky\n|-damage|p1b: Kowalsky|13\/100\n|\n|-weather|Snow|[upkeep]\n|-heal|p1a: Aaaboomaa|96\/100|[from] item: Leftovers\n|-damage|p2b: Ting-Lu|46\/100|[from] Leech Seed|[of] p1a: Aaaboomaa\n|-heal|p1a: Aaaboomaa|100\/100|[silent]\n|upkeep\n|turn|4\n|inactive|ReCapra has 30 seconds left.\n|inactive|Terry kloak has 30 seconds left.\n|inactive|ReCapra has 20 seconds left.\n|inactive|ReCapra has 15 seconds left.\n|inactive|ReCapra has 10 seconds left.\n|inactive|ReCapra has 5 seconds left.\n|\n|t:|1682174180\n|move|p1b: Kowalsky|Blizzard|p2a: Orthworm|[spread] p2a,p2b\n|-resisted|p2a: Orthworm\n|-damage|p2a: Orthworm|14\/100\n|-damage|p2b: Ting-Lu|33\/100\n|move|p1a: Aaaboomaa|Aurora Veil|p1a: Aaaboomaa\n|-sidestart|p1: ReCapra|move: Aurora Veil\n|move|p2b: Ting-Lu|Earthquake|p1a: Aaaboomaa|[spread] p1a,p1b\n|-heal|p2a: Orthworm|39\/100|[from] ability: Earth Eater|[of] p2b: Ting-Lu\n|-resisted|p1a: Aaaboomaa\n|-damage|p1a: Aaaboomaa|93\/100\n|-damage|p1b: Kowalsky|0 fnt\n|faint|p1b: Kowalsky\n|-end|p1b: Kowalsky|Quark Drive|[silent]\n|move|p2a: Orthworm|Body Press|p1a: Aaaboomaa\n|-supereffective|p1a: Aaaboomaa\n|-damage|p1a: Aaaboomaa|66\/100\n|\n|-weather|Snow|[upkeep]\n|-heal|p1a: Aaaboomaa|73\/100|[from] item: Leftovers\n|-damage|p2b: Ting-Lu|20\/100|[from] Leech Seed|[of] p1a: Aaaboomaa\n|-heal|p1a: Aaaboomaa|88\/100|[silent]\n|upkeep\n|\n|t:|1682174202\n|switch|p1b: Desfo|Garchomp, L50, M|100\/100\n|turn|5\n|\n|t:|1682174216\n|switch|p2b: Grimmsnarl|Grimmsnarl, L50, M|100\/100\n|move|p1b: Desfo|Rock Slide|p2a: Orthworm|[spread] p2a,p2b\n|-resisted|p2a: Orthworm\n|-damage|p2a: Orthworm|29\/100\n|-damage|p2b: Grimmsnarl|69\/100\n|-damage|p1b: Desfo|91\/100|[from] item: Life Orb\n|move|p1a: Aaaboomaa|Blizzard|p2a: Orthworm|[spread] p2a,p2b\n|-resisted|p2a: Orthworm\n|-damage|p2a: Orthworm|5\/100\n|-damage|p2b: Grimmsnarl|39\/100\n|move|p2a: Orthworm|Body Press|p1a: Aaaboomaa\n|-supereffective|p1a: Aaaboomaa\n|-damage|p1a: Aaaboomaa|63\/100\n|\n|-weather|Snow|[upkeep]\n|-heal|p1a: Aaaboomaa|70\/100|[from] item: Leftovers\n|upkeep\n|turn|6\n|inactive|Terry kloak has 30 seconds left.\n|\n|t:|1682174242\n|move|p2b: Grimmsnarl|Reflect|p2b: Grimmsnarl\n|-sidestart|p2: Terry kloak|Reflect\n|move|p1b: Desfo|Rock Slide|p2a: Orthworm|[spread] p2a,p2b\n|-resisted|p2a: Orthworm\n|-damage|p2a: Orthworm|0 fnt\n|-damage|p2b: Grimmsnarl|17\/100\n|faint|p2a: Orthworm\n|-damage|p1b: Desfo|81\/100|[from] item: Life Orb\n|move|p1a: Aaaboomaa|Blizzard|p2b: Grimmsnarl\n|-damage|p2b: Grimmsnarl|0 fnt\n|faint|p2b: Grimmsnarl\n|\n|-weather|none\n|-heal|p1a: Aaaboomaa|76\/100|[from] item: Leftovers\n|upkeep\n|\n|t:|1682174257\n|switch|p2b: Dragonite|Dragonite, L50, F|100\/100\n|switch|p2a: Ting-Lu|Ting-Lu, L50, tera:Poison|20\/100\n|-ability|p2a: Ting-Lu|Vessel of Ruin\n|turn|7\n|\n|t:|1682174269\n|switch|p1a: Nicolas Cage|Flutter Mane, L50, tera:Water|100\/100\n|move|p1b: Desfo|Rock Slide|p2b: Dragonite|[spread] p2a,p2b\n|-supereffective|p2b: Dragonite\n|-damage|p2a: Ting-Lu|9\/100\n|-damage|p2b: Dragonite|82\/100\n|-damage|p1b: Desfo|72\/100|[from] item: Life Orb\n|move|p2b: Dragonite|Dragon Dance|p2b: Dragonite\n|-boost|p2b: Dragonite|atk|1\n|-boost|p2b: Dragonite|spe|1\n|cant|p2a: Ting-Lu|flinch\n|\n|upkeep\n|turn|8\n|\n|t:|1682174288\n|move|p2b: Dragonite|Protect|p2b: Dragonite\n|-singleturn|p2b: Dragonite|Protect\n|move|p1a: Nicolas Cage|Moonblast|p2b: Dragonite\n|-activate|p2b: Dragonite|move: Protect\n|move|p1b: Desfo|Rock Slide|p2a: Ting-Lu|[spread] p2a\n|-activate|p2b: Dragonite|move: Protect\n|-damage|p2a: Ting-Lu|0 fnt\n|faint|p2a: Ting-Lu\n|-damage|p1b: Desfo|62\/100|[from] item: Life Orb\n|\n|-sideend|p1: ReCapra|move: Aurora Veil\n|upkeep\n|turn|9\n|\n|t:|1682174302\n|move|p2b: Dragonite|Earthquake|p1b: Desfo|[spread] p1a,p1b\n|-damage|p1a: Nicolas Cage|31\/100\n|-damage|p1b: Desfo|25\/100\n|move|p1a: Nicolas Cage|Moonblast|p2b: Dragonite\n|-supereffective|p2b: Dragonite\n|-damage|p2b: Dragonite|0 fnt\n|faint|p2b: Dragonite\n|\n|win|ReCapra\n|raw|ReCapra's rating: 1496 → 1520<\/strong> (+24 for winning)\n|raw|Terry kloak's rating: 1567 → 1543<\/strong> (-24 for losing)\n|l|\u2606Terry kloak\n","uploadtime":1682174312,"views":4,"p1id":"recapra","p2id":"terrykloak","formatid":"gen9vgc2023regulationc","rating":1520,"private":0,"password":""}