{"id":"gen9vgc2023regulationc-1860190307","p1":"mummycass","p2":"Borghi","format":"[Gen 9] VGC 2023 Regulation C","log":"|j|\u2606mummycass\n|j|\u2606Borghi\n|t:|1683607355\n|gametype|doubles\n|player|p1|mummycass|leon-masters|\n|player|p2|Borghi|blue-masters|\n|teamsize|p1|6\n|teamsize|p2|6\n|gen|9\n|tier|[Gen 9] VGC 2023 Regulation C\n|rated|Tournament battle\n|rule|Species Clause: Limit one of each Pok\u00e9mon\n|rule|Item Clause: Limit one of each item\n|clearpoke\n|poke|p1|Annihilape, L50, M|\n|poke|p1|Maushold, L50|\n|poke|p1|Baxcalibur, L50, M|\n|poke|p1|Ting-Lu, L50|\n|poke|p1|Flutter Mane, L50|\n|poke|p1|Talonflame, L50, F|\n|poke|p2|Iron Hands, L50|\n|poke|p2|Talonflame, L50, M|\n|poke|p2|Flutter Mane, L50|\n|poke|p2|Dragonite, L50, M|\n|poke|p2|Chien-Pao, L50|\n|poke|p2|Brute Bonnet, L50|\n|teampreview|4\n|raw| Open Team Sheet for mummycass<\/summary>Denjiape Partched (Annihilape) (M) @ Sitrus Berry Ability: Defiant Level: 50 Shiny: Yes Tera Type: Water - Rage Fist - Protect - Drain Punch - Bulk Up Kishimaus Apethy (Maushold) @ Safety Goggles Ability: Friend Guard Level: 50 Tera Type: Poison - Beat Up - Follow Me - Protect - Feint Akicalibur Snow (Baxcalibur) (M) @ Loaded Dice Ability: Thermal Exchange Level: 50 Shiny: Yes Tera Type: Poison - Protect - Icicle Spear - Ice Shard - Glaive Rush The Ting-Devil (Ting-Lu) @ Assault Vest Ability: Vessel of Ruin Level: 50 Tera Type: Ground - Ruination - Stomping Tantrum - Stone Edge - Earthquake Makimane Arrogant (Flutter Mane) @ Choice Specs Ability: Protosynthesis Level: 50 Tera Type: Fairy - Dazzling Gleam - Shadow Ball - Moonblast - Thunderbolt POWER Pompous (Talonflame) (F) @ Life Orb Ability: Gale Wings Level: 50 Tera Type: Ghost - Tailwind - Brave Bird - Protect - Flare Blitz <\/details><\/div> Open Team Sheet for Borghi<\/summary>Iron Hands @ Sitrus Berry Ability: Quark Drive Level: 50 Tera Type: Grass - Protect - Drain Punch - Earthquake - Belly Drum Talonflame @ Safety Goggles Ability: Gale Wings Level: 50 Tera Type: Ghost - Brave Bird - Will-O-Wisp - Taunt - Tailwind Flutter Mane @ Choice Specs Ability: Protosynthesis Level: 50 Tera Type: Fairy - Moonblast - Shadow Ball - Dazzling Gleam - Thunderbolt Dragonite @ Lum Berry Ability: Inner Focus Level: 50 Tera Type: Flying - Protect - Tera Blast - Extreme Speed - Low Kick Chien-Pao @ Focus Sash Ability: Sword of Ruin Level: 50 Tera Type: Dark - Protect - Ice Spinner - Sucker Punch - Haze Brute Bonnet @ Loaded Dice Ability: Protosynthesis Level: 50 Tera Type: Flying - Protect - Spore - Rage Powder - Bullet Seed <\/details><\/div>\n|inactive|Battle timer is ON: inactive players will automatically lose when time's up. (requested by Borghi)\n|j| blinkerton city\n|c|\u2606mummycass|The rematch\n|l| blinkerton city\n|j| StupidFlandrs48\n|c|\u2606Borghi|oo\n|c|\u2606Borghi|hf\n|j| vbxsvbxsd\n|c| StupidFlandrs48|Popcorn time\n|inactive|mummycass has 60 seconds left.\n|inactive|Borghi has 60 seconds left.\n|\n|t:|1683607404\n|start\n|switch|p1a: Akicalibur Snow|Baxcalibur, L50, M, shiny|100\/100\n|switch|p1b: POWER Pompous|Talonflame, L50, F|100\/100\n|switch|p2a: Brute Bonnet|Brute Bonnet, L50|100\/100\n|switch|p2b: Iron Hands|Iron Hands, L50|100\/100\n|turn|1\n|j| xafy\n|inactive|mummycass has 30 seconds left.\n|\n|t:|1683607435\n|switch|p1b: Makimane Arrogant|Flutter Mane, L50|100\/100\n|-terastallize|p1a: Akicalibur Snow|Poison\n|move|p2a: Brute Bonnet|Protect|p2a: Brute Bonnet\n|-singleturn|p2a: Brute Bonnet|Protect\n|move|p1a: Akicalibur Snow|Icicle Spear|p2a: Brute Bonnet\n|-activate|p2a: Brute Bonnet|move: Protect\n|move|p2b: Iron Hands|Drain Punch|p1a: Akicalibur Snow\n|-resisted|p1a: Akicalibur Snow\n|-damage|p1a: Akicalibur Snow|83\/100\n|\n|upkeep\n|turn|2\n|\n|t:|1683607458\n|-end|p1b: Makimane Arrogant|Protosynthesis|[silent]\n|switch|p1b: POWER Pompous|Talonflame, L50, F|100\/100\n|-terastallize|p2b: Iron Hands|Grass\n|move|p2a: Brute Bonnet|Rage Powder|p2a: Brute Bonnet\n|-singleturn|p2a: Brute Bonnet|move: Rage Powder\n|move|p1a: Akicalibur Snow|Icicle Spear|p2a: Brute Bonnet\n|-supereffective|p2a: Brute Bonnet\n|-damage|p2a: Brute Bonnet|78\/100\n|-supereffective|p2a: Brute Bonnet\n|-damage|p2a: Brute Bonnet|53\/100\n|-supereffective|p2a: Brute Bonnet\n|-damage|p2a: Brute Bonnet|28\/100\n|-supereffective|p2a: Brute Bonnet\n|-damage|p2a: Brute Bonnet|0 fnt\n|faint|p2a: Brute Bonnet\n|-end|p2a: Brute Bonnet|Protosynthesis|[silent]\n|-hitcount|p2: Brute Bonnet|4\n|move|p2b: Iron Hands|Earthquake|p1b: POWER Pompous|[spread] p1a\n|-immune|p1b: POWER Pompous\n|-supereffective|p1a: Akicalibur Snow\n|-damage|p1a: Akicalibur Snow|36\/100\n|\n|upkeep\n|\n|t:|1683607461\n|switch|p2a: Talonflame|Talonflame, L50, M|100\/100\n|turn|3\n|\n|t:|1683607473\n|move|p2a: Talonflame|Tailwind|p2a: Talonflame\n|-sidestart|p2: Borghi|move: Tailwind\n|move|p1b: POWER Pompous|Tailwind|p1b: POWER Pompous\n|-sidestart|p1: mummycass|move: Tailwind\n|move|p1a: Akicalibur Snow|Icicle Spear|p2b: Iron Hands\n|-supereffective|p2b: Iron Hands\n|-damage|p2b: Iron Hands|80\/100\n|-supereffective|p2b: Iron Hands\n|-damage|p2b: Iron Hands|59\/100\n|-supereffective|p2b: Iron Hands\n|-damage|p2b: Iron Hands|38\/100\n|-enditem|p2b: Iron Hands|Sitrus Berry|[eat]\n|-heal|p2b: Iron Hands|63\/100|[from] item: Sitrus Berry\n|-supereffective|p2b: Iron Hands\n|-damage|p2b: Iron Hands|42\/100\n|-hitcount|p2b: Iron Hands|4\n|move|p2b: Iron Hands|Earthquake|p1b: POWER Pompous|[spread] p1a\n|-immune|p2a: Talonflame\n|-immune|p1b: POWER Pompous\n|-supereffective|p1a: Akicalibur Snow\n|-damage|p1a: Akicalibur Snow|0 fnt\n|faint|p1a: Akicalibur Snow\n|\n|upkeep\n|\n|t:|1683607495\n|switch|p1a: Makimane Arrogant|Flutter Mane, L50|100\/100\n|turn|4\n|\n|t:|1683607519\n|move|p2b: Iron Hands|Protect|p2b: Iron Hands\n|-singleturn|p2b: Iron Hands|Protect\n|move|p2a: Talonflame|Brave Bird|p1a: Makimane Arrogant\n|-damage|p1a: Makimane Arrogant|49\/100\n|-damage|p2a: Talonflame|88\/100|[from] Recoil\n|move|p1b: POWER Pompous|Brave Bird|p2b: Iron Hands\n|-activate|p2b: Iron Hands|move: Protect\n|move|p1a: Makimane Arrogant|Thunderbolt|p2a: Talonflame\n|-supereffective|p2a: Talonflame\n|-damage|p2a: Talonflame|0 fnt\n|faint|p2a: Talonflame\n|\n|upkeep\n|\n|t:|1683607523\n|switch|p2a: Flutter Mane|Flutter Mane, L50|100\/100\n|turn|5\n|\n|t:|1683607531\n|-end|p1a: Makimane Arrogant|Protosynthesis|[silent]\n|switch|p1a: Denjiape Partched|Annihilape, L50, M, shiny|100\/100\n|move|p1b: POWER Pompous|Brave Bird|p2a: Flutter Mane\n|-damage|p2a: Flutter Mane|0 fnt\n|faint|p2a: Flutter Mane\n|-end|p2a: Flutter Mane|Protosynthesis|[silent]\n|-damage|p1b: POWER Pompous|67\/100|[from] Recoil\n|-damage|p1b: POWER Pompous|57\/100|[from] item: Life Orb\n|move|p2b: Iron Hands|Drain Punch|p1b: POWER Pompous\n|-resisted|p1b: POWER Pompous\n|-damage|p1b: POWER Pompous|26\/100\n|-heal|p2b: Iron Hands|52\/100|[from] drain|[of] p1b: POWER Pompous\n|\n|upkeep\n|turn|6\n|c|\u2606Borghi|oh god\n|c|\u2606Borghi|that ohkod\n|c|\u2606Borghi|holy\n|j| MasterofMetapods5\n|c|\u2606mummycass|Adamant max attack baybeee\n|c| StupidFlandrs48|Flutter mane fair and balanced ngl\n|inactive|mummycass has 30 seconds left.\n|\n|t:|1683607564\n|move|p1b: POWER Pompous|Flare Blitz|p2b: Iron Hands\n|-supereffective|p2b: Iron Hands\n|-damage|p2b: Iron Hands|0 fnt\n|faint|p2b: Iron Hands\n|-end|p2b: Iron Hands|Quark Drive|[silent]\n|-damage|p1b: POWER Pompous|0 fnt|[from] Recoil\n|faint|p1b: POWER Pompous\n|\n|win|mummycass\n|n|\u2606mummycass|mummycass\n|n|\u2606Borghi|borghi\n|n| StupidFlandrs48|stupidflandrs48\n|n| vbxsvbxsd|vbxsvbxsd\n|n| xafy|xafy\n|n| MasterofMetapods5|masterofmetapods5\n","uploadtime":1683607565,"views":10,"p1id":"mummycass","p2id":"borghi","formatid":"gen9vgc2023regulationc","rating":0,"private":0,"password":""}