{"id":"gen9vgc2023regulationc-1862555294","p1":"betelgeuse","p2":"Doksa","format":"[Gen 9] VGC 2023 Regulation C","log":"|j|\u2606betelgeuse\n|j|\u2606Doksa\n|t:|1683900363\n|gametype|doubles\n|player|p1|betelgeuse|janitor|1145\n|player|p2|Doksa|169|1096\n|teamsize|p1|6\n|teamsize|p2|6\n|gen|9\n|tier|[Gen 9] VGC 2023 Regulation C\n|rated|\n|rule|Species Clause: Limit one of each Pok\u00e9mon\n|rule|Item Clause: Limit one of each item\n|clearpoke\n|poke|p1|Vaporeon, L50, M|\n|poke|p1|Jolteon, L50, M|\n|poke|p1|Sylveon, L50, M|\n|poke|p1|Umbreon, L50, M|\n|poke|p1|Espeon, L50, F|\n|poke|p1|Leafeon, L50, F|\n|poke|p2|Gholdengo, L50|\n|poke|p2|Gastrodon, L50, M|\n|poke|p2|Tyranitar, L50, F|\n|poke|p2|Glimmora, L50, M|\n|poke|p2|Sylveon, L50, M|\n|poke|p2|Grafaiai, L50, M|\n|teampreview|4\n|inactive|Battle timer is ON: inactive players will automatically lose when time's up. (requested by Doksa)\n|inactive|Doksa has 60 seconds left.\n|\n|t:|1683900393\n|start\n|switch|p1a: Vaporeon|Vaporeon, L50, M|100\/100\n|switch|p1b: Umbreon|Umbreon, L50, M|100\/100\n|switch|p2a: Grafaiai|Grafaiai, L50, M|100\/100\n|switch|p2b: Gholdengo|Gholdengo, L50|100\/100\n|turn|1\n|inactive|betelgeuse has 30 seconds left.\n|inactive|Doksa has 30 seconds left.\n|inactive|betelgeuse has 20 seconds left.\n|\n|t:|1683900432\n|move|p2b: Gholdengo|Dazzling Gleam|p1a: Vaporeon|[spread] p1a,p1b\n|-supereffective|p1b: Umbreon\n|-damage|p1a: Vaporeon|80\/100\n|-damage|p1b: Umbreon|60\/100\n|-damage|p2b: Gholdengo|91\/100|[from] item: Life Orb\n|move|p1b: Umbreon|Snarl|p2b: Gholdengo|[spread] p2a,p2b\n|-supereffective|p2b: Gholdengo\n|-damage|p2a: Grafaiai|85\/100\n|-damage|p2b: Gholdengo|68\/100\n|-unboost|p2a: Grafaiai|spa|1\n|-unboost|p2b: Gholdengo|spa|1\n|move|p1a: Vaporeon|Haze|p1a: Vaporeon\n|-clearallboost\n|move|p2a: Grafaiai|Knock Off|p1b: Umbreon\n|-resisted|p1b: Umbreon\n|-damage|p1b: Umbreon|51\/100\n|-enditem|p1b: Umbreon|Sitrus Berry|[from] move: Knock Off|[of] p2a: Grafaiai\n|\n|-heal|p1a: Vaporeon|86\/100|[from] item: Leftovers\n|upkeep\n|turn|2\n|inactive|Doksa has 30 seconds left.\n|inactive|Doksa has 20 seconds left.\n|\n|t:|1683900472\n|switch|p2b: Gastrodon|Gastrodon, L50, M|100\/100\n|-terastallize|p1b: Umbreon|Fairy\n|move|p1b: Umbreon|Moonlight|p1b: Umbreon\n|-heal|p1b: Umbreon|100\/100\n|move|p1a: Vaporeon|Muddy Water|p2b: Gastrodon|[spread] p2a\n|-ability|p2b: Gastrodon|Storm Drain|boost\n|-boost|p2b: Gastrodon|spa|1\n|-damage|p2a: Grafaiai|41\/100\n|-unboost|p2a: Grafaiai|accuracy|1\n|move|p2a: Grafaiai|Knock Off|p1a: Vaporeon\n|-damage|p1a: Vaporeon|62\/100\n|-enditem|p1a: Vaporeon|Leftovers|[from] move: Knock Off|[of] p2a: Grafaiai\n|\n|upkeep\n|turn|3\n|inactive|Doksa has 30 seconds left.\n|inactive|Doksa has 20 seconds left.\n|\n|t:|1683900507\n|move|p1b: Umbreon|Snarl|p2a: Grafaiai|[spread] p2a,p2b\n|-damage|p2a: Grafaiai|24\/100\n|-damage|p2b: Gastrodon|93\/100\n|-unboost|p2a: Grafaiai|spa|1\n|-unboost|p2b: Gastrodon|spa|1\n|move|p1a: Vaporeon|Yawn|p2b: Gastrodon\n|-start|p2b: Gastrodon|move: Yawn|[of] p1a: Vaporeon\n|move|p2a: Grafaiai|Fling|p1b: Umbreon\n|-resisted|p1b: Umbreon\n|-crit|p1b: Umbreon\n|-damage|p1b: Umbreon|83\/100\n|-enditem|p2a: Grafaiai|Iron Ball|[from] move: Fling\n|move|p2b: Gastrodon|Clear Smog|p1b: Umbreon\n|-supereffective|p1b: Umbreon\n|-damage|p1b: Umbreon|66\/100\n|-clearboost|p1b: Umbreon\n|\n|-heal|p2b: Gastrodon|99\/100|[from] item: Leftovers\n|upkeep\n|turn|4\n|inactive|betelgeuse has 30 seconds left.\n|\n|t:|1683900534\n|switch|p2a: Tyranitar|Tyranitar, L50, F|100\/100\n|-weather|Sandstorm|[from] ability: Sand Stream|[of] p2a: Tyranitar\n|switch|p2b: Gholdengo|Gholdengo, L50|68\/100\n|move|p1b: Umbreon|Moonlight|p1b: Umbreon\n|-heal|p1b: Umbreon|91\/100\n|move|p1a: Vaporeon|Yawn|p2a: Tyranitar\n|-start|p2a: Tyranitar|move: Yawn|[of] p1a: Vaporeon\n|\n|-weather|Sandstorm|[upkeep]\n|-damage|p1b: Umbreon|85\/100|[from] Sandstorm\n|-damage|p1a: Vaporeon|56\/100|[from] Sandstorm\n|upkeep\n|turn|5\n|inactive|Doksa has 30 seconds left.\n|\n|t:|1683900561\n|switch|p2a: Gastrodon|Gastrodon, L50, M|99\/100\n|move|p2b: Gholdengo|Make It Rain|p1b: Umbreon|[spread] p1a,p1b\n|-resisted|p1a: Vaporeon\n|-supereffective|p1b: Umbreon\n|-damage|p1a: Vaporeon|34\/100\n|-damage|p1b: Umbreon|7\/100\n|-unboost|p2b: Gholdengo|spa|1\n|-damage|p2b: Gholdengo|59\/100|[from] item: Life Orb\n|move|p1b: Umbreon|Foul Play|p2b: Gholdengo\n|-supereffective|p2b: Gholdengo\n|-damage|p2b: Gholdengo|21\/100\n|move|p1a: Vaporeon|Muddy Water|p2a: Gastrodon|[spread] p2b\n|-ability|p2a: Gastrodon|Storm Drain|boost\n|-boost|p2a: Gastrodon|spa|1\n|-damage|p2b: Gholdengo|0 fnt\n|faint|p2b: Gholdengo\n|\n|-weather|Sandstorm|[upkeep]\n|-damage|p1b: Umbreon|1\/100|[from] Sandstorm\n|-damage|p1a: Vaporeon|28\/100|[from] Sandstorm\n|-heal|p2a: Gastrodon|100\/100|[from] item: Leftovers\n|upkeep\n|inactive|Doksa has 30 seconds left.\n|\n|t:|1683900588\n|switch|p2b: Grafaiai|Grafaiai, L50, M|24\/100\n|turn|6\n|\n|t:|1683900600\n|move|p2a: Gastrodon|Protect|p2a: Gastrodon\n|-singleturn|p2a: Gastrodon|Protect\n|move|p2b: Grafaiai|Parting Shot|p2a: Gastrodon\n|-activate|p2a: Gastrodon|move: Protect\n|move|p1b: Umbreon|Moonlight|p1b: Umbreon\n|-heal|p1b: Umbreon|26\/100\n|move|p1a: Vaporeon|Yawn|p2a: Gastrodon\n|-activate|p2a: Gastrodon|move: Protect\n|\n|-weather|Sandstorm|[upkeep]\n|-damage|p2b: Grafaiai|18\/100|[from] Sandstorm\n|-damage|p1b: Umbreon|20\/100|[from] Sandstorm\n|-damage|p1a: Vaporeon|22\/100|[from] Sandstorm\n|upkeep\n|turn|7\n|\n|t:|1683900622\n|move|p2b: Grafaiai|Parting Shot|p1a: Vaporeon\n|-unboost|p1a: Vaporeon|atk|1\n|-unboost|p1a: Vaporeon|spa|1\n|\n|t:|1683900627\n|switch|p2b: Tyranitar|Tyranitar, L50, F|100\/100|[from] Parting Shot\n|move|p1b: Umbreon|Moonlight|p1b: Umbreon\n|-heal|p1b: Umbreon|45\/100\n|move|p1a: Vaporeon|Yawn|p2a: Gastrodon\n|-start|p2a: Gastrodon|move: Yawn|[of] p1a: Vaporeon\n|move|p2a: Gastrodon|Clear Smog|p1b: Umbreon\n|-supereffective|p1b: Umbreon\n|-damage|p1b: Umbreon|18\/100\n|-clearboost|p1b: Umbreon\n|\n|-weather|Sandstorm|[upkeep]\n|-damage|p1b: Umbreon|12\/100|[from] Sandstorm\n|-damage|p1a: Vaporeon|16\/100|[from] Sandstorm\n|upkeep\n|turn|8\n|inactive|Doksa has 30 seconds left.\n|\n|t:|1683900660\n|switch|p2a: Grafaiai|Grafaiai, L50, M|18\/100\n|move|p1b: Umbreon|Foul Play|p2a: Grafaiai\n|-damage|p2a: Grafaiai|0 fnt\n|faint|p2a: Grafaiai\n|move|p1a: Vaporeon|Muddy Water|p2b: Tyranitar|[miss]\n|-miss|p1a: Vaporeon|p2b: Tyranitar\n|move|p2b: Tyranitar|Crunch|p1a: Vaporeon\n|-damage|p1a: Vaporeon|0 fnt\n|faint|p1a: Vaporeon\n|\n|-weather|Sandstorm|[upkeep]\n|-damage|p1b: Umbreon|6\/100|[from] Sandstorm\n|upkeep\n|\n|t:|1683900677\n|switch|p2a: Gastrodon|Gastrodon, L50, M|100\/100\n|switch|p1a: Leafeon|Leafeon, L50, F|100\/100\n|turn|9\n|inactive|Doksa has 30 seconds left.\n|\n|t:|1683900711\n|move|p1a: Leafeon|Leaf Blade|p2b: Tyranitar\n|-supereffective|p2b: Tyranitar\n|-damage|p2b: Tyranitar|39\/100\n|move|p1b: Umbreon|Yawn|p2a: Gastrodon\n|-start|p2a: Gastrodon|move: Yawn|[of] p1b: Umbreon\n|move|p2b: Tyranitar|Rock Blast|p1b: Umbreon\n|-damage|p1b: Umbreon|0 fnt\n|faint|p1b: Umbreon\n|-hitcount|p1: Umbreon|1\n|move|p2a: Gastrodon|Clear Smog|p1a: Leafeon\n|-supereffective|p1a: Leafeon\n|-damage|p1a: Leafeon|75\/100\n|-clearboost|p1a: Leafeon\n|\n|-weather|Sandstorm|[upkeep]\n|-damage|p1a: Leafeon|69\/100|[from] Sandstorm\n|upkeep\n|\n|t:|1683900734\n|switch|p1b: Jolteon|Jolteon, L50, M|100\/100\n|turn|10\n|\n|t:|1683900754\n|-terastallize|p2b: Tyranitar|Ghost\n|move|p1b: Jolteon|Thunderbolt|p2b: Tyranitar\n|-damage|p2b: Tyranitar|8\/100\n|move|p1a: Leafeon|Leaf Blade|p2a: Gastrodon\n|-supereffective|p2a: Gastrodon\n|-damage|p2a: Gastrodon|0 fnt\n|faint|p2a: Gastrodon\n|move|p2b: Tyranitar|Rock Blast|p1b: Jolteon\n|-damage|p1b: Jolteon|75\/100\n|-damage|p1b: Jolteon|54\/100\n|-hitcount|p1b: Jolteon|2\n|\n|-weather|Sandstorm|[upkeep]\n|-damage|p1b: Jolteon|48\/100|[from] Sandstorm\n|-damage|p1a: Leafeon|63\/100|[from] Sandstorm\n|-damage|p2b: Tyranitar|2\/100|[from] Sandstorm\n|upkeep\n|turn|11\n|c|\u2606betelgeuse|Gg\n|c|\u2606Doksa|Gg\n|inactive|Doksa has 30 seconds left.\n|\n|t:|1683900786\n|move|p1b: Jolteon|Thunderbolt|p2b: Tyranitar\n|-damage|p2b: Tyranitar|0 fnt\n|faint|p2b: Tyranitar\n|\n|win|betelgeuse\n|raw|betelgeuse's rating: 1145 → 1166<\/strong> (+21 for winning)\n|raw|Doksa's rating: 1096 → 1075<\/strong> (-21 for losing)\n","uploadtime":1683900799,"views":10,"p1id":"betelgeuse","p2id":"doksa","formatid":"gen9vgc2023regulationc","rating":1075,"private":0,"password":""}