{"id":"gen9vgc2023regulationc-1848742340","p1":"Krazy Korean","p2":"tt5yy","format":"[Gen 9] VGC 2023 Regulation C","log":"|j|\u2606Krazy Korean\n|j|\u2606tt5yy\n|t:|1682105894\n|gametype|doubles\n|player|p1|Krazy Korean|266|1069\n|player|p2|tt5yy|102|1049\n|teamsize|p1|6\n|teamsize|p2|6\n|gen|9\n|tier|[Gen 9] VGC 2023 Regulation C\n|rated|\n|rule|Species Clause: Limit one of each Pok\u00e9mon\n|rule|Item Clause: Limit one of each item\n|clearpoke\n|poke|p1|Oricorio-Pom-Pom, L50, F|\n|poke|p1|Quaquaval, L50, M|\n|poke|p1|Volcarona, L50, F|\n|poke|p1|Lilligant, L50, F|\n|poke|p1|Flamigo, L50, M|\n|poke|p1|Mimikyu, L50, F|\n|poke|p2|Torkoal, L50, M|\n|poke|p2|Chi-Yu, L50|\n|poke|p2|Bronzong, L50|\n|poke|p2|Gastrodon, L50, F|\n|poke|p2|Grimmsnarl, L50, M|\n|poke|p2|Skeledirge, L50, M|\n|teampreview|4\n|\n|t:|1682105925\n|start\n|switch|p1a: Oricorio|Oricorio-Pom-Pom, L50, F|100\/100\n|switch|p1b: Volcarona|Volcarona, L50, F|100\/100\n|switch|p2a: Grimmsnarl|Grimmsnarl, L50, M|100\/100\n|switch|p2b: Chi-Yu|Chi-Yu, L50|100\/100\n|-ability|p2b: Chi-Yu|Beads of Ruin\n|turn|1\n|inactive|Battle timer is ON: inactive players will automatically lose when time's up. (requested by tt5yy)\n|\n|t:|1682105940\n|move|p2a: Grimmsnarl|Fake Out|p1b: Volcarona\n|-damage|p1b: Volcarona|86\/100\n|move|p2b: Chi-Yu|Snarl|p1a: Oricorio|[spread] p1b\n|-miss|p2b: Chi-Yu|p1a: Oricorio\n|-damage|p1b: Volcarona|63\/100\n|-unboost|p1b: Volcarona|spa|1\n|move|p1a: Oricorio|Revelation Dance|p2b: Chi-Yu\n|-damage|p2b: Chi-Yu|64\/100\n|cant|p1b: Volcarona|flinch\n|\n|upkeep\n|turn|2\n|\n|t:|1682105956\n|move|p2b: Chi-Yu|Protect|p2b: Chi-Yu\n|-singleturn|p2b: Chi-Yu|Protect\n|move|p1a: Oricorio|Protect|p1a: Oricorio\n|-singleturn|p1a: Oricorio|Protect\n|move|p2a: Grimmsnarl|Trick|p1a: Oricorio\n|-activate|p1a: Oricorio|move: Protect\n|move|p1b: Volcarona|Tailwind|p1b: Volcarona\n|-sidestart|p1: Krazy Korean|move: Tailwind\n|\n|upkeep\n|turn|3\n|inactive|Krazy Korean has 30 seconds left.\n|\n|t:|1682105981\n|switch|p2b: Gastrodon|Gastrodon, L50, F|100\/100\n|move|p2a: Grimmsnarl|Trick|p1a: Oricorio\n|-activate|p2a: Grimmsnarl|move: Trick|[of] p1a: Oricorio\n|-item|p1a: Oricorio|Lagging Tail|[from] move: Trick\n|-item|p2a: Grimmsnarl|Focus Sash|[from] move: Trick\n|move|p1a: Oricorio|Revelation Dance|p2b: Gastrodon\n|-immune|p2b: Gastrodon\n|move|p1b: Volcarona|Fiery Dance|p2a: Grimmsnarl\n|-damage|p2a: Grimmsnarl|69\/100\n|-activate|p1a: Oricorio|ability: Dancer\n|move|p1a: Oricorio|Fiery Dance|p2a: Grimmsnarl|[from]ability: Dancer\n|-damage|p2a: Grimmsnarl|42\/100\n|\n|upkeep\n|turn|4\n|\n|t:|1682106003\n|switch|p1a: Lilligant|Lilligant, L50, F|100\/100\n|switch|p1b: Quaquaval|Quaquaval, L50, M|100\/100\n|move|p2b: Gastrodon|Protect|p2b: Gastrodon\n|-singleturn|p2b: Gastrodon|Protect\n|move|p2a: Grimmsnarl|Spirit Break|p1a: Lilligant\n|-damage|p1a: Lilligant|55\/100\n|-unboost|p1a: Lilligant|spa|1\n|\n|upkeep\n|turn|5\n|\n|t:|1682106022\n|switch|p2b: Skeledirge|Skeledirge, L50, M|100\/100\n|move|p2a: Grimmsnarl|Sucker Punch|p1a: Lilligant\n|-damage|p1a: Lilligant|15\/100\n|move|p1b: Quaquaval|Aqua Step|p2a: Grimmsnarl\n|-damage|p2a: Grimmsnarl|0 fnt\n|-boost|p1b: Quaquaval|spe|1\n|faint|p2a: Grimmsnarl\n|-ability|p1b: Quaquaval|Moxie|boost\n|-boost|p1b: Quaquaval|atk|1\n|move|p1a: Lilligant|Petal Dance|p2b: Skeledirge\n|-resisted|p2b: Skeledirge\n|-damage|p2b: Skeledirge|79\/100\n|\n|-heal|p2b: Skeledirge|85\/100|[from] item: Leftovers\n|-sideend|p1: Krazy Korean|move: Tailwind\n|upkeep\n|\n|t:|1682106033\n|switch|p2a: Chi-Yu|Chi-Yu, L50|64\/100\n|-ability|p2a: Chi-Yu|Beads of Ruin\n|turn|6\n|\n|t:|1682106050\n|switch|p2a: Gastrodon|Gastrodon, L50, F|100\/100\n|move|p1b: Quaquaval|Aqua Step|p2a: Gastrodon\n|-ability|p2a: Gastrodon|Storm Drain|boost\n|-boost|p2a: Gastrodon|spa|1\n|move|p1a: Lilligant|Petal Dance|p2a: Gastrodon|[from]lockedmove\n|-supereffective|p2a: Gastrodon\n|-damage|p2a: Gastrodon|0 fnt\n|faint|p2a: Gastrodon\n|-start|p1a: Lilligant|confusion|[fatigue]\n|move|p2b: Skeledirge|Torch Song|p1b: Quaquaval\n|-resisted|p1b: Quaquaval\n|-damage|p1b: Quaquaval|78\/100\n|-boost|p2b: Skeledirge|spa|1\n|\n|-heal|p2b: Skeledirge|91\/100|[from] item: Leftovers\n|upkeep\n|\n|t:|1682106058\n|switch|p2a: Chi-Yu|Chi-Yu, L50|64\/100\n|-ability|p2a: Chi-Yu|Beads of Ruin\n|turn|7\n|inactive|Krazy Korean has 30 seconds left.\n|\n|t:|1682106084\n|switch|p1a: Volcarona|Volcarona, L50, F|63\/100\n|-terastallize|p2b: Skeledirge|Fairy\n|move|p2a: Chi-Yu|Protect|p2a: Chi-Yu\n|-singleturn|p2a: Chi-Yu|Protect\n|move|p1b: Quaquaval|Aqua Step|p2b: Skeledirge\n|-damage|p2b: Skeledirge|46\/100\n|-boost|p1b: Quaquaval|spe|1\n|move|p2b: Skeledirge|Tera Blast|p1b: Quaquaval\n|-supereffective|p1b: Quaquaval\n|-damage|p1b: Quaquaval|0 fnt\n|faint|p1b: Quaquaval\n|\n|-heal|p2b: Skeledirge|52\/100|[from] item: Leftovers\n|upkeep\n|\n|t:|1682106101\n|switch|p1b: Oricorio|Oricorio-Pom-Pom, L50, F|100\/100\n|turn|8\n|\n|t:|1682106107\n|move|p1b: Oricorio|Protect|p1b: Oricorio\n|-singleturn|p1b: Oricorio|Protect\n|move|p2a: Chi-Yu|Snarl|p1a: Volcarona|[spread] p1a\n|-activate|p1b: Oricorio|move: Protect\n|-damage|p1a: Volcarona|40\/100\n|-unboost|p1a: Volcarona|spa|1\n|move|p1a: Volcarona|Tailwind|p1a: Volcarona\n|-sidestart|p1: Krazy Korean|move: Tailwind\n|move|p2b: Skeledirge|Encore|p1a: Volcarona\n|-start|p1a: Volcarona|Encore\n|\n|-heal|p2b: Skeledirge|58\/100|[from] item: Leftovers\n|upkeep\n|turn|9\n|inactive|Krazy Korean has 30 seconds left.\n|\n|t:|1682106138\n|switch|p1a: Lilligant|Lilligant, L50, F|15\/100\n|move|p2a: Chi-Yu|Snarl|p1a: Lilligant|[spread] p1a,p1b\n|-damage|p1a: Lilligant|0 fnt\n|-damage|p1b: Oricorio|63\/100\n|-unboost|p1b: Oricorio|spa|1\n|faint|p1a: Lilligant\n|move|p2b: Skeledirge|Encore|p1b: Oricorio\n|-start|p1b: Oricorio|Encore\n|move|p1b: Oricorio|Protect||[still]\n|-fail|p1b: Oricorio\n|\n|-heal|p2b: Skeledirge|63\/100|[from] item: Leftovers\n|upkeep\n|\n|t:|1682106161\n|switch|p1a: Volcarona|Volcarona, L50, F|40\/100\n|turn|10\n|\n|t:|1682106179\n|move|p2b: Skeledirge|Protect|p2b: Skeledirge\n|-singleturn|p2b: Skeledirge|Protect\n|move|p1b: Oricorio|Protect|p1b: Oricorio\n|-singleturn|p1b: Oricorio|Protect\n|move|p1a: Volcarona|Quiver Dance|p1a: Volcarona\n|-boost|p1a: Volcarona|spa|1\n|-boost|p1a: Volcarona|spd|1\n|-boost|p1a: Volcarona|spe|1\n|-activate|p1b: Oricorio|ability: Dancer\n|move|p1b: Oricorio|Quiver Dance|p1b: Oricorio|[from]ability: Dancer\n|-boost|p1b: Oricorio|spa|1\n|-boost|p1b: Oricorio|spd|1\n|-boost|p1b: Oricorio|spe|1\n|move|p2a: Chi-Yu|Snarl|p1b: Oricorio|[spread] p1a\n|-activate|p1b: Oricorio|move: Protect\n|-damage|p1a: Volcarona|25\/100\n|-unboost|p1a: Volcarona|spa|1\n|\n|-heal|p2b: Skeledirge|69\/100|[from] item: Leftovers\n|upkeep\n|turn|11\n|\n|t:|1682106202\n|move|p1b: Oricorio|Protect|p1b: Oricorio\n|-singleturn|p1b: Oricorio|Protect\n|move|p1a: Volcarona|Fiery Dance|p2b: Skeledirge\n|-damage|p2b: Skeledirge|4\/100\n|-activate|p1b: Oricorio|ability: Dancer\n|move|p1b: Oricorio|Fiery Dance|p2b: Skeledirge|[from]ability: Dancer\n|-damage|p2b: Skeledirge|0 fnt\n|faint|p2b: Skeledirge\n|move|p2a: Chi-Yu|Snarl|p1b: Oricorio|[spread] p1a\n|-activate|p1b: Oricorio|move: Protect\n|-damage|p1a: Volcarona|11\/100\n|-unboost|p1a: Volcarona|spa|1\n|\n|-end|p1b: Oricorio|Encore\n|-sideend|p1: Krazy Korean|move: Tailwind\n|upkeep\n|turn|12\n|inactive|Krazy Korean has 30 seconds left.\n|inactive|Krazy Korean has 20 seconds left.\n|inactive|Krazy Korean has 15 seconds left.\n|inactive|Krazy Korean has 10 seconds left.\n|inactive|Krazy Korean has 5 seconds left.\n|\n|t:|1682106257\n|move|p1a: Volcarona|Fiery Dance|p2a: Chi-Yu\n|-resisted|p2a: Chi-Yu\n|-damage|p2a: Chi-Yu|51\/100\n|-activate|p1b: Oricorio|ability: Dancer\n|move|p1b: Oricorio|Fiery Dance|p2a: Chi-Yu|[from]ability: Dancer\n|-resisted|p2a: Chi-Yu\n|-damage|p2a: Chi-Yu|39\/100\n|-boost|p1b: Oricorio|spa|1\n|move|p2a: Chi-Yu|Snarl|p1a: Volcarona|[spread] p1a,p1b\n|-damage|p1a: Volcarona|0 fnt\n|-damage|p1b: Oricorio|36\/100\n|-unboost|p1b: Oricorio|spa|1\n|faint|p1a: Volcarona\n|move|p1b: Oricorio|Quiver Dance|p1b: Oricorio\n|-boost|p1b: Oricorio|spa|1\n|-boost|p1b: Oricorio|spd|1\n|-boost|p1b: Oricorio|spe|1\n|\n|upkeep\n|turn|13\n|inactive|Krazy Korean has 30 seconds left.\n|\n|t:|1682106287\n|move|p2a: Chi-Yu|Substitute|p2a: Chi-Yu\n|-start|p2a: Chi-Yu|Substitute\n|-damage|p2a: Chi-Yu|15\/100\n|-enditem|p2a: Chi-Yu|Wiki Berry|[eat]\n|-heal|p2a: Chi-Yu|48\/100|[from] item: Wiki Berry\n|move|p1b: Oricorio|Revelation Dance|p2a: Chi-Yu\n|-end|p2a: Chi-Yu|Substitute\n|\n|upkeep\n|turn|14\n|\n|t:|1682106299\n|move|p2a: Chi-Yu|Snarl|p1b: Oricorio\n|-damage|p1b: Oricorio|10\/100\n|-unboost|p1b: Oricorio|spa|1\n|move|p1b: Oricorio|Revelation Dance|p2a: Chi-Yu\n|-damage|p2a: Chi-Yu|7\/100\n|\n|upkeep\n|turn|15\n|\n|t:|1682106310\n|move|p1b: Oricorio|Protect|p1b: Oricorio\n|-singleturn|p1b: Oricorio|Protect\n|move|p2a: Chi-Yu|Tera Blast|p1b: Oricorio\n|-activate|p1b: Oricorio|move: Protect\n|\n|upkeep\n|turn|16\n|\n|t:|1682106318\n|-terastallize|p1b: Oricorio|Electric\n|move|p2a: Chi-Yu|Tera Blast|p1b: Oricorio\n|-damage|p1b: Oricorio|0 fnt\n|faint|p1b: Oricorio\n|\n|win|tt5yy\n|raw|Krazy Korean's rating: 1069 → 1047<\/strong> (-22 for losing)\n|raw|tt5yy's rating: 1049 → 1084<\/strong> (+35 for winning)\n|l|\u2606Krazy Korean\n","uploadtime":1682106338,"views":8,"p1id":"krazykorean","p2id":"tt5yy","formatid":"gen9vgc2023regulationc","rating":1047,"private":0,"password":""}