{"id":"gen9vgc2023regulationc-1851502222","p1":"Krib_Underscore","p2":"13dobe","format":"[Gen 9] VGC 2023 Regulation C","log":"|j|\u2606Krib_Underscore\n|j|\u260613dobe\n|t:|1682450485\n|gametype|doubles\n|player|p1|Krib_Underscore|benga|1161\n|player|p2|13dobe|101|1231\n|teamsize|p1|6\n|teamsize|p2|6\n|gen|9\n|tier|[Gen 9] VGC 2023 Regulation C\n|rated|\n|rule|Species Clause: Limit one of each Pok\u00e9mon\n|rule|Item Clause: Limit one of each item\n|clearpoke\n|poke|p1|Armarouge, L50, M|\n|poke|p1|Indeedee-F, L50, F|\n|poke|p1|Great Tusk, L50|\n|poke|p1|Corviknight, L50, M|\n|poke|p1|Iron Bundle, L50|\n|poke|p1|Roaring Moon, L50|\n|poke|p2|Azumarill, L50, F|\n|poke|p2|Tyranitar, L50, F|\n|poke|p2|Leafeon, L50, F|\n|poke|p2|Lycanroc, L50, F|\n|poke|p2|Torkoal, L50, F|\n|poke|p2|Lilligant, L50, F|\n|teampreview|4\n|inactive|Battle timer is ON: inactive players will automatically lose when time's up. (requested by 13dobe)\n|\n|t:|1682450521\n|start\n|switch|p1a: Megaman|Armarouge, L50, M|100\/100\n|switch|p1b: Big Horns|Great Tusk, L50|100\/100\n|switch|p2a: Tyranitar|Tyranitar, L50, F|100\/100\n|switch|p2b: Lycanroc|Lycanroc, L50, F|100\/100\n|-weather|Sandstorm|[from] ability: Sand Stream|[of] p2a: Tyranitar\n|turn|1\n|inactive|Krib_Underscore has 30 seconds left.\n|inactive|13dobe has 30 seconds left.\n|inactive|Krib_Underscore has 20 seconds left.\n|inactive|13dobe has 20 seconds left.\n|inactive|13dobe has 15 seconds left.\n|inactive|13dobe has 10 seconds left.\n|\n|t:|1682450567\n|switch|p2b: Leafeon|Leafeon, L50, F|100\/100\n|-terastallize|p2a: Tyranitar|Rock\n|move|p1a: Megaman|Protect|p1a: Megaman\n|-singleturn|p1a: Megaman|Protect\n|move|p1b: Big Horns|Headlong Rush|p2b: Leafeon\n|-resisted|p2b: Leafeon\n|-damage|p2b: Leafeon|78\/100\n|-unboost|p1b: Big Horns|def|1\n|-unboost|p1b: Big Horns|spd|1\n|move|p2a: Tyranitar|Crunch|p1a: Megaman\n|-activate|p1a: Megaman|move: Protect\n|\n|-weather|Sandstorm|[upkeep]\n|-damage|p2b: Leafeon|72\/100|[from] Sandstorm\n|-damage|p1a: Megaman|95\/100|[from] Sandstorm\n|upkeep\n|turn|2\n|inactive|Krib_Underscore has 30 seconds left.\n|\n|t:|1682450599\n|-terastallize|p1a: Megaman|Grass\n|move|p1b: Big Horns|Headlong Rush|p2a: Tyranitar\n|-supereffective|p2a: Tyranitar\n|-damage|p2a: Tyranitar|2\/100\n|-unboost|p1b: Big Horns|def|1\n|-unboost|p1b: Big Horns|spd|1\n|move|p2a: Tyranitar|Crunch|p1a: Megaman\n|-damage|p1a: Megaman|49\/100\n|-unboost|p1a: Megaman|def|1\n|move|p2b: Leafeon|Leaf Blade|p1b: Big Horns\n|-supereffective|p1b: Big Horns\n|-damage|p1b: Big Horns|0 fnt\n|faint|p1b: Big Horns\n|-end|p1b: Big Horns|Protosynthesis|[silent]\n|move|p1a: Megaman|Armor Cannon|p2b: Leafeon\n|-supereffective|p2b: Leafeon\n|-damage|p2b: Leafeon|0 fnt\n|-unboost|p1a: Megaman|def|1\n|-unboost|p1a: Megaman|spd|1\n|faint|p2b: Leafeon\n|-damage|p1a: Megaman|39\/100|[from] item: Life Orb\n|\n|-weather|Sandstorm|[upkeep]\n|-damage|p1a: Megaman|33\/100|[from] Sandstorm\n|upkeep\n|\n|t:|1682450616\n|switch|p1b: HoHoHomicide|Iron Bundle, L50|100\/100\n|switch|p2b: Lycanroc|Lycanroc, L50, F|100\/100\n|turn|3\n|\n|t:|1682450631\n|move|p1a: Megaman|Protect|p1a: Megaman\n|-singleturn|p1a: Megaman|Protect\n|move|p2b: Lycanroc|Rock Slide|p1b: HoHoHomicide|[spread] p1b\n|-activate|p1a: Megaman|move: Protect\n|-supereffective|p1b: HoHoHomicide\n|-damage|p1b: HoHoHomicide|30\/100\n|move|p1b: HoHoHomicide|Icy Wind|p2a: Tyranitar|[spread] p2a,p2b\n|-damage|p2a: Tyranitar|0 fnt\n|-damage|p2b: Lycanroc|78\/100\n|faint|p2a: Tyranitar\n|\n|-weather|Sandstorm|[upkeep]\n|-damage|p1b: HoHoHomicide|24\/100|[from] Sandstorm\n|-damage|p1a: Megaman|28\/100|[from] Sandstorm\n|upkeep\n|\n|t:|1682450634\n|switch|p2a: Torkoal|Torkoal, L50, F|100\/100\n|-weather|SunnyDay|[from] ability: Drought|[of] p2a: Torkoal\n|turn|4\n|inactive|Krib_Underscore has 30 seconds left.\n|\n|t:|1682450664\n|move|p1b: HoHoHomicide|Hydro Pump|p2a: Torkoal\n|-supereffective|p2a: Torkoal\n|-damage|p2a: Torkoal|32\/100\n|move|p2b: Lycanroc|Rock Slide|p1a: Megaman|[spread] p1a,p1b\n|-supereffective|p1b: HoHoHomicide\n|-damage|p1a: Megaman|0 fnt\n|-damage|p1b: HoHoHomicide|0 fnt\n|faint|p1a: Megaman\n|faint|p1b: HoHoHomicide\n|-end|p1b: HoHoHomicide|Quark Drive|[silent]\n|move|p2a: Torkoal|Eruption|p1: Megaman|[notarget]\n|-fail|p2a: Torkoal\n|\n|-weather|SunnyDay|[upkeep]\n|upkeep\n|\n|t:|1682450671\n|switch|p1b: Taxi Service|Corviknight, L50, M, shiny|100\/100\n|turn|5\n|\n|t:|1682450677\n|move|p2b: Lycanroc|Rock Slide|p1b: Taxi Service\n|-damage|p1b: Taxi Service|75\/100\n|cant|p1b: Taxi Service|flinch\n|move|p2a: Torkoal|Flamethrower|p1b: Taxi Service\n|-supereffective|p1b: Taxi Service\n|-damage|p1b: Taxi Service|0 fnt\n|faint|p1b: Taxi Service\n|\n|win|13dobe\n|raw|Krib_Underscore's rating: 1161 → 1141<\/strong> (-20 for losing)\n|raw|13dobe's rating: 1231 → 1251<\/strong> (+20 for winning)\n|c|\u260613dobe|Oof\n|l|\u260613dobe\n","uploadtime":1682450692,"views":8,"p1id":"kribunderscore","p2id":"13dobe","formatid":"gen9vgc2023regulationc","rating":1141,"private":0,"password":""}