{"id":"gen9vgc2023regulationc-1859281540","p1":"Evil Phamton","p2":"kokialcazar","format":"[Gen 9] VGC 2023 Regulation C","log":"|j|\u2606Evil Phamton\n|j|\u2606kokialcazar\n|t:|1683428139\n|gametype|doubles\n|player|p1|Evil Phamton|grimsley|\n|player|p2|kokialcazar|morty|\n|teamsize|p1|6\n|teamsize|p2|6\n|gen|9\n|tier|[Gen 9] VGC 2023 Regulation C\n|rule|Species Clause: Limit one of each Pok\u00e9mon\n|rule|Item Clause: Limit one of each item\n|clearpoke\n|poke|p1|Baxcalibur, L50, M|\n|poke|p1|Arcanine, L50, F|\n|poke|p1|Rotom-Wash, L50|\n|poke|p1|Amoonguss, L50, F|\n|poke|p1|Ting-Lu, L50|\n|poke|p1|Flutter Mane, L50|\n|poke|p2|Dondozo, L50, M|\n|poke|p2|Tatsugiri-Stretchy, L50, M|\n|poke|p2|Glimmora, L50, M|\n|poke|p2|Dragonite, L50, M|\n|poke|p2|Chien-Pao, L50|\n|poke|p2|Ceruledge, L50, M|\n|teampreview|4\n|inactive|Battle timer is ON: inactive players will automatically lose when time's up. (requested by kokialcazar)\n|inactive|Evil Phamton has 60 seconds left.\n|\n|t:|1683428219\n|start\n|switch|p1a: Ting-Lu|Ting-Lu, L50|100\/100\n|switch|p1b: Flutter Mane|Flutter Mane, L50, shiny|100\/100\n|switch|p2a: Glimmora|Glimmora, L50, M, shiny|100\/100\n|switch|p2b: Dragonite|Dragonite, L50, M, shiny|100\/100\n|-ability|p1a: Ting-Lu|Vessel of Ruin\n|turn|1\n|inactive|Evil Phamton has 30 seconds left.\n|inactive|Evil Phamton has 20 seconds left.\n|inactive|Evil Phamton has 15 seconds left.\n|\n|t:|1683428260\n|-terastallize|p1a: Ting-Lu|Poison\n|move|p1b: Flutter Mane|Moonblast|p2b: Dragonite\n|-supereffective|p2b: Dragonite\n|-damage|p2b: Dragonite|51\/100\n|move|p2b: Dragonite|Tailwind|p2b: Dragonite\n|-sidestart|p2: kokialcazar|move: Tailwind\n|move|p2a: Glimmora|Sludge Bomb|p1b: Flutter Mane\n|-damage|p1b: Flutter Mane|62\/100\n|move|p1a: Ting-Lu|Stomping Tantrum|p2a: Glimmora\n|-supereffective|p2a: Glimmora\n|-damage|p2a: Glimmora|0 fnt\n|-activate|p2a: Glimmora|ability: Toxic Debris\n|-sidestart|p1: Evil Phamton|move: Toxic Spikes\n|faint|p2a: Glimmora\n|\n|upkeep\n|\n|t:|1683428278\n|switch|p2a: Dondozo|Dondozo, L50, M, shiny|100\/100\n|turn|2\n|\n|t:|1683428293\n|move|p2a: Dondozo|Protect|p2a: Dondozo\n|-singleturn|p2a: Dondozo|Protect\n|move|p2b: Dragonite|Iron Head|p1b: Flutter Mane\n|-supereffective|p1b: Flutter Mane\n|-damage|p1b: Flutter Mane|0 fnt\n|faint|p1b: Flutter Mane\n|-end|p1b: Flutter Mane|Protosynthesis|[silent]\n|move|p1a: Ting-Lu|Ruination|p2a: Dondozo\n|-activate|p2a: Dondozo|move: Protect\n|\n|upkeep\n|\n|t:|1683428304\n|switch|p1b: Rotom|Rotom-Wash, L50, shiny|100\/100\n|turn|3\n|inactive|kokialcazar has 30 seconds left.\n|\n|t:|1683428330\n|switch|p2b: Tatsugiri|Tatsugiri-Stretchy, L50, M, shiny|100\/100\n|-activate|p2b: Tatsugiri|ability: Commander|[of] p2a: Dondozo\n|-boost|p2a: Dondozo|atk|2\n|-boost|p2a: Dondozo|spa|2\n|-boost|p2a: Dondozo|spe|2\n|-boost|p2a: Dondozo|def|2\n|-boost|p2a: Dondozo|spd|2\n|-terastallize|p2a: Dondozo|Grass\n|move|p1b: Rotom|Protect|p1b: Rotom\n|-singleturn|p1b: Rotom|Protect\n|move|p2a: Dondozo|Tera Blast|p1b: Rotom\n|-activate|p1b: Rotom|move: Protect\n|move|p1a: Ting-Lu|Ruination|p2a: Dondozo\n|-damage|p2a: Dondozo|50\/100\n|\n|-heal|p2a: Dondozo|57\/100|[from] item: Leftovers\n|upkeep\n|turn|4\n|inactive|Evil Phamton has 30 seconds left.\n|\n|t:|1683428364\n|switch|p1b: Arcanine|Arcanine, L50, F|100\/100\n|-status|p1b: Arcanine|psn\n|-ability|p1b: Arcanine|Intimidate|boost\n|-unboost|p2a: Dondozo|atk|1\n|-unboost|p2b: Tatsugiri|atk|1\n|move|p2a: Dondozo|Tera Blast|p1b: Arcanine\n|-resisted|p1b: Arcanine\n|-damage|p1b: Arcanine|76\/100 psn\n|move|p1a: Ting-Lu|Ruination|p2a: Dondozo\n|-damage|p2a: Dondozo|29\/100\n|\n|-heal|p2a: Dondozo|35\/100|[from] item: Leftovers\n|-damage|p1b: Arcanine|63\/100 psn|[from] psn\n|-sideend|p2: kokialcazar|move: Tailwind\n|upkeep\n|turn|5\n|\n|t:|1683428383\n|move|p2a: Dondozo|Protect|p2a: Dondozo\n|-singleturn|p2a: Dondozo|Protect\n|move|p1b: Arcanine|Extreme Speed|p2a: Dondozo\n|-activate|p2a: Dondozo|move: Protect\n|move|p1a: Ting-Lu|Heavy Slam|p2a: Dondozo\n|-activate|p2a: Dondozo|move: Protect\n|\n|-heal|p2a: Dondozo|41\/100|[from] item: Leftovers\n|-damage|p1b: Arcanine|51\/100 psn|[from] psn\n|upkeep\n|turn|6\n|\n|t:|1683428404\n|move|p2a: Dondozo|Earthquake|p1a: Ting-Lu|[spread] p1a,p1b\n|-miss|p2a: Dondozo|p2b: Tatsugiri\n|-supereffective|p1a: Ting-Lu\n|-supereffective|p1b: Arcanine\n|-damage|p1a: Ting-Lu|70\/100\n|-damage|p1b: Arcanine|0 fnt\n|faint|p1b: Arcanine\n|move|p1a: Ting-Lu|Ruination|p2a: Dondozo|[miss]\n|-miss|p1a: Ting-Lu|p2a: Dondozo\n|\n|-heal|p2a: Dondozo|48\/100|[from] item: Leftovers\n|upkeep\n|\n|t:|1683428414\n|switch|p1b: Rotom|Rotom-Wash, L50, shiny|100\/100\n|turn|7\n|\n|t:|1683428438\n|move|p2a: Dondozo|Protect|p2a: Dondozo\n|-singleturn|p2a: Dondozo|Protect\n|move|p1b: Rotom|Nasty Plot|p1b: Rotom\n|-boost|p1b: Rotom|spa|2\n|move|p1a: Ting-Lu|Ruination|p2a: Dondozo\n|-activate|p2a: Dondozo|move: Protect\n|\n|-heal|p2a: Dondozo|54\/100|[from] item: Leftovers\n|upkeep\n|turn|8\n|-message|Evil Phamton forfeited.\n|\n|win|kokialcazar\n|l|\u2606Evil Phamton\n","uploadtime":1683428464,"views":14,"p1id":"evilphamton","p2id":"kokialcazar","formatid":"gen9vgc2023regulationc","rating":0,"private":0,"password":""}