{"id":"gen9vgc2023regulationc-1850453131","p1":"Bambambi","p2":"Moonlight Flutter","format":"[Gen 9] VGC 2023 Regulation C","log":"|j|\u2606Bambambi\n|j|\u2606Moonlight Flutter\n|t:|1682338528\n|gametype|doubles\n|player|p1|Bambambi|wallace-gen6|\n|player|p2|Moonlight Flutter|dawn-masters2|\n|teamsize|p1|6\n|teamsize|p2|6\n|gen|9\n|tier|[Gen 9] VGC 2023 Regulation C\n|rule|Species Clause: Limit one of each Pok\u00e9mon\n|rule|Item Clause: Limit one of each item\n|clearpoke\n|poke|p1|Flutter Mane, L50|\n|poke|p1|Gothitelle, L50, F|\n|poke|p1|Scream Tail, L50|\n|poke|p1|Chi-Yu, L50|\n|poke|p1|Amoonguss, L50, F|\n|poke|p1|Palafin, L50, M|\n|poke|p2|Flutter Mane, L50|\n|poke|p2|Chi-Yu, L50|\n|poke|p2|Meowscarada, L50, M|\n|poke|p2|Gyarados, L50, M|\n|poke|p2|Baxcalibur, L50, F|\n|poke|p2|Corviknight, L50, F|\n|teampreview|4\nBambambi has agreed to open team sheets.\nMoonlight Flutter has agreed to open team sheets.\n|c|\u2606Moonlight Flutter|glhf\n|c|\u2606Bambambi|U2!\n|\n|t:|1682338600\n|start\n|switch|p1a: Pearls|Flutter Mane, L50|100\/100\n|switch|p1b: Palafin|Palafin, L50, M|100\/100\n|switch|p2a: Meowscarada|Meowscarada, L50, M|100\/100\n|switch|p2b: Flutter Mane|Flutter Mane, L50|100\/100\n|-enditem|p2b: Flutter Mane|Booster Energy\n|-activate|p2b: Flutter Mane|ability: Protosynthesis|[fromitem]\n|-start|p2b: Flutter Mane|protosynthesisspa\n|turn|1\n|\n|t:|1682338628\n|move|p1a: Pearls|Protect|p1a: Pearls\n|-singleturn|p1a: Pearls|Protect\n|move|p2b: Flutter Mane|Protect|p2b: Flutter Mane\n|-singleturn|p2b: Flutter Mane|Protect\n|move|p1b: Palafin|Protect|p1b: Palafin\n|-singleturn|p1b: Palafin|Protect\n|move|p2a: Meowscarada|U-turn|p1a: Pearls\n|-start|p2a: Meowscarada|typechange|Bug|[from] ability: Protean\n|-activate|p1a: Pearls|move: Protect\n|\n|upkeep\n|turn|2\n|\n|t:|1682338666\n|-end|p1a: Pearls|Protosynthesis|[silent]\n|switch|p1a: SSJ3 Jiggly|Scream Tail, L50, shiny|100\/100\n|-enditem|p1a: SSJ3 Jiggly|Booster Energy\n|-activate|p1a: SSJ3 Jiggly|ability: Protosynthesis|[fromitem]\n|-start|p1a: SSJ3 Jiggly|protosynthesisspe\n|-end|p2b: Flutter Mane|Protosynthesis|[silent]\n|switch|p2b: Gyarados|Gyarados, L50, M, shiny|100\/100\n|-ability|p2b: Gyarados|Intimidate|boost\n|-unboost|p1a: SSJ3 Jiggly|atk|1\n|-unboost|p1b: Palafin|atk|1\n|-terastallize|p1b: Palafin|Water\n|move|p1b: Palafin|Jet Punch|p2a: Meowscarada\n|-damage|p2a: Meowscarada|67\/100\n|move|p2a: Meowscarada|U-turn|p1a: SSJ3 Jiggly\n|-damage|p1a: SSJ3 Jiggly|74\/100\n|\n|t:|1682338682\n|switch|p2a: Flutter Mane|Flutter Mane, L50|100\/100|[from] U-turn\n|\n|upkeep\n|turn|3\n|\n|t:|1682338699\n|move|p2a: Flutter Mane|Protect|p2a: Flutter Mane\n|-singleturn|p2a: Flutter Mane|Protect\n|move|p1b: Palafin|Protect|p1b: Palafin\n|-singleturn|p1b: Palafin|Protect\n|move|p1a: SSJ3 Jiggly|Reflect|p1a: SSJ3 Jiggly\n|-sidestart|p1: Bambambi|Reflect\n|move|p2b: Gyarados|Thunder Wave|p1a: SSJ3 Jiggly\n|-status|p1a: SSJ3 Jiggly|par\n|\n|upkeep\n|turn|4\n|\n|t:|1682338733\n|move|p2a: Flutter Mane|Moonblast|p1b: Palafin\n|-damage|p1b: Palafin|43\/100\n|move|p1a: SSJ3 Jiggly|Play Rough|p2a: Flutter Mane\n|-damage|p2a: Flutter Mane|75\/100\n|move|p1b: Palafin|Wave Crash|p2a: Flutter Mane\n|-damage|p2a: Flutter Mane|0 fnt\n|faint|p2a: Flutter Mane\n|-end|p2a: Flutter Mane|Protosynthesis|[silent]\n|-damage|p1b: Palafin|25\/100|[from] Recoil\n|move|p2b: Gyarados|Taunt|p1a: SSJ3 Jiggly\n|-start|p1a: SSJ3 Jiggly|move: Taunt\n|\n|upkeep\n|\n|t:|1682338749\n|switch|p2a: Meowscarada|Meowscarada, L50, M|67\/100\n|turn|5\n|\n|t:|1682338771\n|-terastallize|p2a: Meowscarada|Grass\n|move|p2b: Gyarados|Helping Hand|p2a: Meowscarada\n|-singleturn|p2a: Meowscarada|Helping Hand|[of] p2b: Gyarados\n|move|p1b: Palafin|Protect|p1b: Palafin\n|-singleturn|p1b: Palafin|Protect\n|move|p2a: Meowscarada|Flower Trick|p1a: SSJ3 Jiggly\n|-crit|p1a: SSJ3 Jiggly\n|-damage|p1a: SSJ3 Jiggly|0 fnt\n|faint|p1a: SSJ3 Jiggly\n|-end|p1a: SSJ3 Jiggly|Protosynthesis|[silent]\n|\n|upkeep\n|\n|t:|1682338784\n|switch|p1a: Pearls|Flutter Mane, L50|100\/100\n|turn|6\n|\n|t:|1682338823\n|move|p1b: Palafin|Jet Punch|p2a: Meowscarada\n|-resisted|p2a: Meowscarada\n|-damage|p2a: Meowscarada|51\/100\n|move|p2a: Meowscarada|Flower Trick|p1b: Palafin\n|-supereffective|p1b: Palafin\n|-crit|p1b: Palafin\n|-damage|p1b: Palafin|0 fnt\n|faint|p1b: Palafin\n|move|p1a: Pearls|Dazzling Gleam|p2a: Meowscarada|[spread] p2a,p2b\n|-damage|p2a: Meowscarada|0 fnt\n|-damage|p2b: Gyarados|69\/100\n|faint|p2a: Meowscarada\n|move|p2b: Gyarados|Thunder Wave|p1a: Pearls\n|-status|p1a: Pearls|par\n|\n|upkeep\n|\n|t:|1682338836\n|switch|p2a: Chi-Yu|Chi-Yu, L50|100\/100\n|switch|p1b: Chi-Yu|Chi-Yu, L50|100\/100\n|-ability|p2a: Chi-Yu|Beads of Ruin\n|-ability|p1b: Chi-Yu|Beads of Ruin\n|turn|7\n|c|\u2606Moonlight Flutter|oh i might have thrwe that\n|\n|t:|1682338872\n|move|p2a: Chi-Yu|Protect|p2a: Chi-Yu\n|-singleturn|p2a: Chi-Yu|Protect\n|move|p1b: Chi-Yu|Snarl|p2b: Gyarados|[spread] p2b\n|-activate|p2a: Chi-Yu|move: Protect\n|-damage|p2b: Gyarados|48\/100\n|-unboost|p2b: Gyarados|spa|1\n|-enditem|p2b: Gyarados|Sitrus Berry|[eat]\n|-heal|p2b: Gyarados|73\/100|[from] item: Sitrus Berry\n|move|p2b: Gyarados|Thunder Wave|p1b: Chi-Yu\n|-status|p1b: Chi-Yu|par\n|move|p1a: Pearls|Dazzling Gleam|p2a: Chi-Yu|[spread] p2b\n|-activate|p2a: Chi-Yu|move: Protect\n|-damage|p2b: Gyarados|35\/100\n|\n|-sideend|p1: Bambambi|Reflect\n|upkeep\n|turn|8\n|\n|t:|1682338893\n|move|p1b: Chi-Yu|Protect|p1b: Chi-Yu\n|-singleturn|p1b: Chi-Yu|Protect\n|move|p2a: Chi-Yu|Heat Wave|p1a: Pearls|[spread] p1a\n|-activate|p1b: Chi-Yu|move: Protect\n|-damage|p1a: Pearls|43\/100 par\n|move|p2b: Gyarados|Waterfall|p1a: Pearls\n|-damage|p1a: Pearls|0 fnt\n|faint|p1a: Pearls\n|-end|p1a: Pearls|Protosynthesis|[silent]\n|\n|upkeep\n|turn|9\n|\n|t:|1682338903\n|move|p2a: Chi-Yu|Overheat|p1b: Chi-Yu|[miss]\n|-miss|p2a: Chi-Yu|p1b: Chi-Yu\n|move|p2b: Gyarados|Waterfall|p1b: Chi-Yu\n|-supereffective|p1b: Chi-Yu\n|-damage|p1b: Chi-Yu|0 fnt\n|faint|p1b: Chi-Yu\n|\n|win|Moonlight Flutter\n|c|\u2606Moonlight Flutter|gg\n|l|\u2606Moonlight Flutter\n|j|\u2606Moonlight Flutter\n|player|p2|Moonlight Flutter|dawn-masters2\n","uploadtime":1682338919,"views":28,"p1id":"bambambi","p2id":"moonlightflutter","formatid":"gen9vgc2023regulationc","rating":0,"private":0,"password":""}