{"id":"gen9vgc2023regulationc-1860111011","p1":"xndo","p2":"Jayyster","format":"[Gen 9] VGC 2023 Regulation C","log":"|j|\u2606xndo\n|j|\u2606Jayyster\n|t:|1683596464\n|gametype|doubles\n|player|p1|xndo|265|\n|player|p2|Jayyster|266|\n|teamsize|p1|6\n|teamsize|p2|6\n|gen|9\n|tier|[Gen 9] VGC 2023 Regulation C\n|rule|Species Clause: Limit one of each Pok\u00e9mon\n|rule|Item Clause: Limit one of each item\n|clearpoke\n|poke|p1|Hippowdon, L50, M|\n|poke|p1|Palossand, L50, F|\n|poke|p1|Noivern, L50, M|\n|poke|p1|Spidops, L50, M|\n|poke|p1|Kilowattrel, L50, M|\n|poke|p1|Revavroom, L50, F|\n|poke|p2|Rotom-Mow, L50|\n|poke|p2|Goodra, L50, F|\n|poke|p2|Salazzle, L50, F|\n|poke|p2|Hippowdon, L50, M|\n|poke|p2|Palossand, L50, F|\n|poke|p2|Medicham, L50, F|\n|teampreview|4\n|c|\u2606Jayyster|gl hf <3\nJayyster rejected open team sheets.\n|c|\u2606xndo|glhf\n|c|\u2606Jayyster|we both brought hippo and sand castle wow\n|c|\u2606Jayyster|my team is fully ai generated, so im intrigued as to how it will do\n|c|\u2606xndo|Crap I shouldnt have asked chatgpt to make me a sand team\n|\n|t:|1683596545\n|start\n|switch|p1a: Classic Jerm|Hippowdon, L50, M|100\/100\n|switch|p1b: Iolani Palace|Palossand, L50, F|100\/100\n|switch|p2a: Grass Chopper|Rotom-Mow, L50, shiny|100\/100\n|switch|p2b: TNT MVP|Medicham, L50, F, shiny|100\/100\n|-weather|Sandstorm|[from] ability: Sand Stream|[of] p1a: Classic Jerm\n|turn|1\n|c|\u2606Jayyster|haha, it did everything but the tera types\n|c|\u2606Jayyster|so i had to do that myself\n|\n|t:|1683596581\n|move|p2b: TNT MVP|Fake Out|p1a: Classic Jerm\n|-damage|p1a: Classic Jerm|88\/100\n|move|p2a: Grass Chopper|Trick|p1b: Iolani Palace\n|-activate|p2a: Grass Chopper|move: Trick|[of] p1b: Iolani Palace\n|-item|p1b: Iolani Palace|Choice Scarf|[from] move: Trick\n|-item|p2a: Grass Chopper|Rocky Helmet|[from] move: Trick\n|move|p1b: Iolani Palace|Shadow Ball|p2b: TNT MVP\n|-supereffective|p2b: TNT MVP\n|-damage|p2b: TNT MVP|3\/100\n|-enditem|p2b: TNT MVP|Sitrus Berry|[eat]\n|-heal|p2b: TNT MVP|27\/100|[from] item: Sitrus Berry\n|cant|p1a: Classic Jerm|flinch\n|\n|-weather|Sandstorm|[upkeep]\n|-damage|p2a: Grass Chopper|95\/100|[from] Sandstorm\n|-damage|p2b: TNT MVP|21\/100|[from] Sandstorm\n|upkeep\n|turn|2\n|\n|t:|1683596600\n|move|p2b: TNT MVP|Protect|p2b: TNT MVP\n|-singleturn|p2b: TNT MVP|Protect\n|move|p2a: Grass Chopper|Leaf Storm|p1b: Iolani Palace\n|-supereffective|p1b: Iolani Palace\n|-damage|p1b: Iolani Palace|0 fnt\n|-unboost|p2a: Grass Chopper|spa|2\n|faint|p1b: Iolani Palace\n|move|p1a: Classic Jerm|Ice Fang|p2a: Grass Chopper\n|-supereffective|p2a: Grass Chopper\n|-crit|p2a: Grass Chopper\n|-damage|p2a: Grass Chopper|28\/100\n|-damage|p1a: Classic Jerm|72\/100|[from] item: Rocky Helmet|[of] p2a: Grass Chopper\n|\n|-weather|Sandstorm|[upkeep]\n|-damage|p2a: Grass Chopper|22\/100|[from] Sandstorm\n|-damage|p2b: TNT MVP|15\/100|[from] Sandstorm\n|upkeep\n|\n|t:|1683596608\n|switch|p1b: Best Free Agent|Kilowattrel, L50, M|100\/100\n|turn|3\n|\n|t:|1683596631\n|switch|p2a: Hungry Hippo|Hippowdon, L50, M|100\/100\n|move|p1b: Best Free Agent|Tailwind|p1b: Best Free Agent\n|-sidestart|p1: xndo|move: Tailwind\n|-start|p1b: Best Free Agent|Charge|Tailwind|[from] ability: Wind Power\n|move|p2b: TNT MVP|Drain Punch|p1b: Best Free Agent\n|-resisted|p1b: Best Free Agent\n|-damage|p1b: Best Free Agent|63\/100\n|-heal|p2b: TNT MVP|40\/100|[from] drain|[of] p1b: Best Free Agent\n|move|p1a: Classic Jerm|Body Press|p2b: TNT MVP\n|-resisted|p2b: TNT MVP\n|-damage|p2b: TNT MVP|23\/100\n|\n|-weather|Sandstorm|[upkeep]\n|-damage|p1b: Best Free Agent|57\/100|[from] Sandstorm\n|-damage|p2b: TNT MVP|18\/100|[from] Sandstorm\n|upkeep\n|turn|4\n|\n|t:|1683596656\n|switch|p2b: Grass Chopper|Rotom-Mow, L50, shiny|22\/100\n|move|p1b: Best Free Agent|Air Slash|p2a: Hungry Hippo\n|-damage|p2a: Hungry Hippo|74\/100\n|move|p1a: Classic Jerm|Ice Fang|p2a: Hungry Hippo\n|-supereffective|p2a: Hungry Hippo\n|-damage|p2a: Hungry Hippo|54\/100\n|move|p2a: Hungry Hippo|Ice Fang|p1b: Best Free Agent\n|-supereffective|p1b: Best Free Agent\n|-damage|p1b: Best Free Agent|4\/100\n|-enditem|p1b: Best Free Agent|Aguav Berry|[eat]\n|-heal|p1b: Best Free Agent|37\/100|[from] item: Aguav Berry\n|\n|-weather|Sandstorm|[upkeep]\n|-damage|p1b: Best Free Agent|31\/100|[from] Sandstorm\n|-damage|p2b: Grass Chopper|16\/100|[from] Sandstorm\n|-heal|p2a: Hungry Hippo|60\/100|[from] item: Leftovers\n|upkeep\n|turn|5\n|c|\u2606xndo|chatgpt really be out here\n|c|\u2606Jayyster|really do haha\n|\n|t:|1683596700\n|move|p2a: Hungry Hippo|Protect|p2a: Hungry Hippo\n|-singleturn|p2a: Hungry Hippo|Protect\n|move|p1b: Best Free Agent|Air Slash|p2b: Grass Chopper\n|-damage|p2b: Grass Chopper|0 fnt\n|faint|p2b: Grass Chopper\n|move|p1a: Classic Jerm|Yawn|p2a: Hungry Hippo\n|-activate|p2a: Hungry Hippo|move: Protect\n|\n|-weather|Sandstorm|[upkeep]\n|-damage|p1b: Best Free Agent|25\/100|[from] Sandstorm\n|-heal|p2a: Hungry Hippo|66\/100|[from] item: Leftovers\n|upkeep\n|\n|t:|1683596710\n|switch|p2b: TNT MVP|Medicham, L50, F, shiny|18\/100\n|turn|6\n|\n|t:|1683596747\n|switch|p1a: Concept of Love|Noivern, L50, M|100\/100\n|-terastallize|p2b: TNT MVP|Ghost\n|move|p2b: TNT MVP|Fake Out|p1b: Best Free Agent\n|-damage|p1b: Best Free Agent|0 fnt\n|faint|p1b: Best Free Agent\n|move|p2a: Hungry Hippo|Ice Fang|p1a: Concept of Love\n|-supereffective|p1a: Concept of Love\n|-damage|p1a: Concept of Love|14\/100\n|\n|-weather|Sandstorm|[upkeep]\n|-damage|p1a: Concept of Love|7\/100|[from] Sandstorm\n|-damage|p2b: TNT MVP|12\/100|[from] Sandstorm\n|-heal|p2a: Hungry Hippo|72\/100|[from] item: Leftovers\n|-sideend|p1: xndo|move: Tailwind\n|upkeep\n|\n|t:|1683596754\n|switch|p1b: Classic Jerm|Hippowdon, L50, M|72\/100\n|turn|7\n|\n|t:|1683596766\n|move|p1a: Concept of Love|Boomburst|p2b: TNT MVP|[spread] p1b,p2a\n|-immune|p2b: TNT MVP\n|-damage|p1b: Classic Jerm|50\/100\n|-damage|p2a: Hungry Hippo|41\/100\n|-enditem|p1a: Concept of Love|Throat Spray\n|-boost|p1a: Concept of Love|spa|1|[from] item: Throat Spray\n|move|p2b: TNT MVP|Drain Punch|p1a: Concept of Love\n|-resisted|p1a: Concept of Love\n|-damage|p1a: Concept of Love|0 fnt\n|-heal|p2b: TNT MVP|16\/100|[from] drain|[of] p1a: Concept of Love\n|faint|p1a: Concept of Love\n|move|p1b: Classic Jerm|Slack Off|p1b: Classic Jerm\n|-heal|p1b: Classic Jerm|99\/100\n|move|p2a: Hungry Hippo|Ice Fang|p1b: Classic Jerm\n|-supereffective|p1b: Classic Jerm\n|-damage|p1b: Classic Jerm|78\/100\n|\n|-weather|Sandstorm|[upkeep]\n|-damage|p2b: TNT MVP|10\/100|[from] Sandstorm\n|-heal|p2a: Hungry Hippo|47\/100|[from] item: Leftovers\n|upkeep\n|turn|8\n|\n|t:|1683596788\n|move|p2b: TNT MVP|Drain Punch|p1b: Classic Jerm\n|-damage|p1b: Classic Jerm|43\/100\n|-heal|p2b: TNT MVP|38\/100|[from] drain|[of] p1b: Classic Jerm\n|move|p2a: Hungry Hippo|Slack Off|p2a: Hungry Hippo\n|-heal|p2a: Hungry Hippo|98\/100\n|move|p1b: Classic Jerm|Ice Fang|p2b: TNT MVP\n|-damage|p2b: TNT MVP|11\/100\n|\n|-weather|none\n|-heal|p2a: Hungry Hippo|100\/100|[from] item: Leftovers\n|upkeep\n|turn|9\n|\n|t:|1683596802\n|move|p2b: TNT MVP|Drain Punch|p1b: Classic Jerm\n|-damage|p1b: Classic Jerm|7\/100\n|-heal|p2b: TNT MVP|39\/100|[from] drain|[of] p1b: Classic Jerm\n|move|p1b: Classic Jerm|Slack Off|p1b: Classic Jerm\n|-heal|p1b: Classic Jerm|58\/100\n|move|p2a: Hungry Hippo|Ice Fang|p1b: Classic Jerm\n|-supereffective|p1b: Classic Jerm\n|-damage|p1b: Classic Jerm|34\/100\n|-status|p1b: Classic Jerm|frz\n|\n|upkeep\n|turn|10\n|c|\u2606xndo|gg\n|\n|t:|1683596815\n|move|p2b: TNT MVP|Drain Punch|p1b: Classic Jerm\n|-damage|p1b: Classic Jerm|0 fnt\n|-heal|p2b: TNT MVP|66\/100|[from] drain|[of] p1b: Classic Jerm\n|faint|p1b: Classic Jerm\n|\n|win|Jayyster\n|c|\u2606Jayyster|gg\n|l|\u2606xndo\n","uploadtime":1683596822,"views":18,"p1id":"xndo","p2id":"jayyster","formatid":"gen9vgc2023regulationc","rating":0,"private":0,"password":""}