{"id":"gen9vgc2023regulationc-1855836546","p1":"beetle the bard","p2":"hhhyy6","format":"[Gen 9] VGC 2023 Regulation C","log":"|j|\u2606beetle the bard\n|j|\u2606hhhyy6\n|t:|1682989958\n|gametype|doubles\n|player|p1|beetle the bard|palmer|1327\n|player|p2|hhhyy6|266|1240\n|teamsize|p1|6\n|teamsize|p2|6\n|gen|9\n|tier|[Gen 9] VGC 2023 Regulation C\n|rated|\n|rule|Species Clause: Limit one of each Pok\u00e9mon\n|rule|Item Clause: Limit one of each item\n|clearpoke\n|poke|p1|Murkrow, L50, F|\n|poke|p1|Chi-Yu, L50|\n|poke|p1|Brute Bonnet, L50|\n|poke|p1|Flutter Mane, L50|\n|poke|p1|Great Tusk, L50|\n|poke|p1|Gholdengo, L50|\n|poke|p2|Torkoal, L50, F|\n|poke|p2|Chi-Yu, L50|\n|poke|p2|Bronzong, L50|\n|poke|p2|Gastrodon, L50, M|\n|poke|p2|Grimmsnarl, L50, M|\n|poke|p2|Skeledirge, L50, M|\n|teampreview|4\n|inactive|Battle timer is ON: inactive players will automatically lose when time's up. (requested by beetle the bard)\n|\n|t:|1682989988\n|start\n|switch|p1a: Chi-Yu|Chi-Yu, L50|100\/100\n|switch|p1b: Flutter Mane|Flutter Mane, L50|100\/100\n|switch|p2a: Grimmsnarl|Grimmsnarl, L50, M|100\/100\n|switch|p2b: Bronzong|Bronzong, L50|100\/100\n|-ability|p1a: Chi-Yu|Beads of Ruin\n|turn|1\n|\n|t:|1682989999\n|move|p2a: Grimmsnarl|Fake Out|p1a: Chi-Yu\n|-damage|p1a: Chi-Yu|83\/100\n|move|p1b: Flutter Mane|Shadow Ball|p2b: Bronzong\n|-supereffective|p2b: Bronzong\n|-enditem|p2b: Bronzong|Kasib Berry|[eat]\n|-enditem|p2b: Bronzong|Kasib Berry|[weaken]\n|-damage|p2b: Bronzong|17\/100\n|cant|p1a: Chi-Yu|flinch\n|move|p2b: Bronzong|Trick Room|p2b: Bronzong\n|-fieldstart|move: Trick Room|[of] p2b: Bronzong\n|\n|upkeep\n|turn|2\n|\n|t:|1682990017\n|-end|p1b: Flutter Mane|Protosynthesis|[silent]\n|switch|p1b: Brute Bonnet|Brute Bonnet, L50|100\/100\n|move|p2a: Grimmsnarl|Sucker Punch||[still]\n|-fail|p2a: Grimmsnarl\n|move|p2b: Bronzong|Body Press|p1a: Chi-Yu\n|-supereffective|p1a: Chi-Yu\n|-crit|p1a: Chi-Yu\n|-damage|p1a: Chi-Yu|0 fnt\n|faint|p1a: Chi-Yu\n|\n|upkeep\n|\n|t:|1682990028\n|switch|p1a: Flutter Mane|Flutter Mane, L50|100\/100\n|turn|3\n|\n|t:|1682990041\n|-terastallize|p1b: Brute Bonnet|Fire\n|move|p1b: Brute Bonnet|Rage Powder|p1b: Brute Bonnet\n|-singleturn|p1b: Brute Bonnet|move: Rage Powder\n|move|p2b: Bronzong|Iron Head|p1b: Brute Bonnet\n|-resisted|p1b: Brute Bonnet\n|-damage|p1b: Brute Bonnet|91\/100\n|move|p1a: Flutter Mane|Dazzling Gleam|p2a: Grimmsnarl|[spread] p2a,p2b\n|-supereffective|p2a: Grimmsnarl\n|-resisted|p2b: Bronzong\n|-damage|p2a: Grimmsnarl|0 fnt\n|-damage|p2b: Bronzong|0 fnt\n|faint|p2a: Grimmsnarl\n|faint|p2b: Bronzong\n|\n|upkeep\n|\n|t:|1682990046\n|switch|p2b: Skeledirge|Skeledirge, L50, M|100\/100\n|switch|p2a: Torkoal|Torkoal, L50, F|100\/100\n|-weather|SunnyDay|[from] ability: Drought|[of] p2a: Torkoal\n|-activate|p1b: Brute Bonnet|ability: Protosynthesis\n|-start|p1b: Brute Bonnet|protosynthesisatk\n|-activate|p1a: Flutter Mane|ability: Protosynthesis\n|-start|p1a: Flutter Mane|protosynthesisspa\n|turn|4\n|inactive|beetle the bard has 30 seconds left.\n|\n|t:|1682990078\n|-terastallize|p2b: Skeledirge|Fairy\n|move|p2a: Torkoal|Eruption|p1a: Flutter Mane|[spread] p1a,p1b\n|-resisted|p1b: Brute Bonnet\n|-damage|p1a: Flutter Mane|47\/100\n|-damage|p1b: Brute Bonnet|65\/100\n|move|p1b: Brute Bonnet|Spore|p2a: Torkoal\n|-activate|p2a: Torkoal|item: Safety Goggles|Spore\n|move|p2b: Skeledirge|Torch Song|p1a: Flutter Mane\n|-damage|p1a: Flutter Mane|0 fnt\n|-boost|p2b: Skeledirge|spa|1\n|faint|p1a: Flutter Mane\n|-end|p1a: Flutter Mane|Protosynthesis|[silent]\n|\n|-weather|SunnyDay|[upkeep]\n|upkeep\n|\n|t:|1682990088\n|switch|p1a: Great Tusk|Great Tusk, L50|100\/100\n|-activate|p1a: Great Tusk|ability: Protosynthesis\n|-start|p1a: Great Tusk|protosynthesisatk\n|turn|5\n|inactive|beetle the bard has 30 seconds left.\n|\n|t:|1682990116\n|move|p2b: Skeledirge|Protect|p2b: Skeledirge\n|-singleturn|p2b: Skeledirge|Protect\n|move|p1b: Brute Bonnet|Rage Powder|p1b: Brute Bonnet\n|-singleturn|p1b: Brute Bonnet|move: Rage Powder\n|move|p2a: Torkoal|Eruption|p1b: Brute Bonnet|[spread] p1a,p1b\n|-resisted|p1b: Brute Bonnet\n|-damage|p1a: Great Tusk|24\/100\n|-damage|p1b: Brute Bonnet|41\/100\n|move|p1a: Great Tusk|Iron Head|p2b: Skeledirge\n|-activate|p2b: Skeledirge|move: Protect\n|\n|-weather|SunnyDay|[upkeep]\n|-fieldend|move: Trick Room\n|upkeep\n|turn|6\n|\n|t:|1682990135\n|move|p1b: Brute Bonnet|Sucker Punch|p2a: Torkoal\n|-damage|p2a: Torkoal|68\/100\n|move|p1a: Great Tusk|Iron Head|p2b: Skeledirge\n|-supereffective|p2b: Skeledirge\n|-damage|p2b: Skeledirge|37\/100\n|move|p2b: Skeledirge|Torch Song|p1a: Great Tusk\n|-damage|p1a: Great Tusk|0 fnt\n|-boost|p2b: Skeledirge|spa|1\n|faint|p1a: Great Tusk\n|-end|p1a: Great Tusk|Protosynthesis|[silent]\n|move|p2a: Torkoal|Eruption|p1b: Brute Bonnet\n|-resisted|p1b: Brute Bonnet\n|-damage|p1b: Brute Bonnet|19\/100\n|\n|-weather|SunnyDay|[upkeep]\n|-heal|p2b: Skeledirge|43\/100|[from] item: Leftovers\n|upkeep\n|turn|7\n|\n|t:|1682990150\n|move|p2b: Skeledirge|Torch Song|p1b: Brute Bonnet\n|-resisted|p1b: Brute Bonnet\n|-damage|p1b: Brute Bonnet|0 fnt\n|-boost|p2b: Skeledirge|spa|1\n|faint|p1b: Brute Bonnet\n|-end|p1b: Brute Bonnet|Protosynthesis|[silent]\n|\n|win|hhhyy6\n|raw|beetle the bard's rating: 1327 → 1303<\/strong> (-24 for losing)\n|raw|hhhyy6's rating: 1263 → 1293<\/strong> (+30 for winning)\n|l|\u2606beetle the bard\n","uploadtime":1682990158,"views":16,"p1id":"beetlethebard","p2id":"hhhyy6","formatid":"gen9vgc2023regulationc","rating":1293,"private":0,"password":""}