{"id":"gen9vgc2023regulationc-1856921674","p1":"Argon6","p2":"Bcdefault","format":"[Gen 9] VGC 2023 Regulation C","log":"|j|\u2606Argon6\n|j|\u2606Bcdefault\n|t:|1683125977\n|gametype|doubles\n|player|p1|Argon6|roxie|1100\n|player|p2|Bcdefault|170|1013\n|teamsize|p1|6\n|teamsize|p2|6\n|gen|9\n|tier|[Gen 9] VGC 2023 Regulation C\n|rated|\n|rule|Species Clause: Limit one of each Pok\u00e9mon\n|rule|Item Clause: Limit one of each item\n|clearpoke\n|poke|p1|Amoonguss, L50, F|\n|poke|p1|Arcanine, L50, F|\n|poke|p1|Palafin, L50, M|\n|poke|p1|Scream Tail, L50|\n|poke|p1|Flutter Mane, L50|\n|poke|p1|Gothitelle, L50, M|\n|poke|p2|Lucario, L50, F|\n|poke|p2|Houndoom, L50, F|\n|poke|p2|Farigiraf, L50, M|\n|poke|p2|Camerupt, L50, M|\n|poke|p2|Cryogonal, L50|\n|poke|p2|Altaria, L50, F|\n|teampreview|4\n|c|\u2606Bcdefault|jeez\n|c|\u2606Bcdefault|this is the 12th perish song team today\n|inactive|Battle timer is ON: inactive players will automatically lose when time's up. (requested by Bcdefault)\n|\n|t:|1683126025\n|start\n|switch|p1a: Palafin|Palafin, L50, M|100\/100\n|switch|p1b: Scream Tail|Scream Tail, L50|100\/100\n|switch|p2a: Camerupt|Camerupt, L50, M|100\/100\n|switch|p2b: Cryogonal|Cryogonal, L50|100\/100\n|-enditem|p1b: Scream Tail|Booster Energy\n|-activate|p1b: Scream Tail|ability: Protosynthesis|[fromitem]\n|-start|p1b: Scream Tail|protosynthesisspe\n|turn|1\n|\n|t:|1683126035\n|-terastallize|p2a: Camerupt|Water\n|move|p1a: Palafin|Protect|p1a: Palafin\n|-singleturn|p1a: Palafin|Protect\n|move|p1b: Scream Tail|Perish Song|p1b: Scream Tail\n|-start|p1a: Palafin|perish3|[silent]\n|-start|p1b: Scream Tail|perish3|[silent]\n|-start|p2a: Camerupt|perish3|[silent]\n|-start|p2b: Cryogonal|perish3|[silent]\n|-fieldactivate|move: Perish Song\n|move|p2b: Cryogonal|Frost Breath|p2a: Camerupt\n|-resisted|p2a: Camerupt\n|-crit|p2a: Camerupt\n|-damage|p2a: Camerupt|82\/100\n|-setboost|p2a: Camerupt|atk|6|[from] ability: Anger Point\n|move|p2a: Camerupt|Earthquake|p1a: Palafin|[spread] p1b\n|-activate|p1a: Palafin|move: Protect\n|-immune|p2b: Cryogonal|[from] ability: Levitate\n|-crit|p1b: Scream Tail\n|-damage|p1b: Scream Tail|0 fnt\n|faint|p1b: Scream Tail\n|-end|p1b: Scream Tail|Protosynthesis|[silent]\n|\n|-start|p1a: Palafin|perish3\n|-start|p2b: Cryogonal|perish3\n|-start|p2a: Camerupt|perish3\n|upkeep\n|\n|t:|1683126055\n|switch|p1b: Gothitelle|Gothitelle, L50, M|100\/100\n|turn|2\n|\n|t:|1683126077\n|detailschange|p1a: Palafin|Palafin-Hero, L50, M\n|switch|p1a: Amoonguss|Amoonguss, L50, F|100\/100\n|move|p1b: Gothitelle|Fake Out|p2a: Camerupt\n|-damage|p2a: Camerupt|73\/100\n|move|p2b: Cryogonal|Freeze-Dry|p1a: Amoonguss\n|-supereffective|p1a: Amoonguss\n|-damage|p1a: Amoonguss|57\/100\n|cant|p2a: Camerupt|flinch\n|\n|-heal|p1a: Amoonguss|63\/100|[from] item: Leftovers\n|-start|p2b: Cryogonal|perish2\n|-start|p2a: Camerupt|perish2\n|upkeep\n|turn|3\n|\n|t:|1683126095\n|move|p1b: Gothitelle|Protect|p1b: Gothitelle\n|-singleturn|p1b: Gothitelle|Protect\n|move|p2b: Cryogonal|Freeze-Dry|p1a: Amoonguss\n|-supereffective|p1a: Amoonguss\n|-damage|p1a: Amoonguss|18\/100\n|move|p2a: Camerupt|Earthquake|p1a: Amoonguss|[spread] p1a\n|-activate|p1b: Gothitelle|move: Protect\n|-immune|p2b: Cryogonal|[from] ability: Levitate\n|-damage|p1a: Amoonguss|0 fnt\n|faint|p1a: Amoonguss\n|\n|-start|p2b: Cryogonal|perish1\n|-start|p2a: Camerupt|perish1\n|upkeep\n|c|\u2606Bcdefault|protect\n|c|\u2606Bcdefault|yep\n|\n|t:|1683126104\n|switch|p1a: Palafin|Palafin-Hero, L50, M|100\/100\n|-activate|p1a: Palafin|ability: Zero to Hero\n|turn|4\n|c|\u2606Bcdefault|protect again\n|\n|t:|1683126118\n|move|p1a: Palafin|Protect|p1a: Palafin\n|-singleturn|p1a: Palafin|Protect\n|move|p1b: Gothitelle|Protect||[still]\n|-fail|p1b: Gothitelle\n|move|p2b: Cryogonal|Freeze-Dry|p1a: Palafin\n|-activate|p1a: Palafin|move: Protect\n|move|p2a: Camerupt|Earthquake|p1a: Palafin|[spread] p1b\n|-activate|p1a: Palafin|move: Protect\n|-immune|p2b: Cryogonal|[from] ability: Levitate\n|-damage|p1b: Gothitelle|10\/100\n|-enditem|p1b: Gothitelle|Sitrus Berry|[eat]\n|-heal|p1b: Gothitelle|35\/100|[from] item: Sitrus Berry\n|\n|-start|p2b: Cryogonal|perish0\n|-start|p2a: Camerupt|perish0\n|faint|p2b: Cryogonal\n|faint|p2a: Camerupt\n|upkeep\n|c|\u2606Bcdefault|yep\n|c|\u2606Bcdefault|the meta is so boring now\n|\n|t:|1683126135\n|switch|p2b: Farigiraf|Farigiraf, L50, M|100\/100\n|switch|p2a: Houndoom|Houndoom, L50, F|100\/100\n|turn|5\n|c|\u2606Bcdefault|jet punch\n|\n|t:|1683126153\n|-terastallize|p1a: Palafin|Water\n|move|p1a: Palafin|Jet Punch||[still]\n|cant|p2b: Farigiraf|ability: Armor Tail|Jet Punch|[of] p1a: Palafin\n|move|p2a: Houndoom|Dark Pulse|p1a: Palafin\n|-damage|p1a: Palafin|61\/100\n|move|p1b: Gothitelle|Psychic|p2b: Farigiraf\n|-resisted|p2b: Farigiraf\n|-damage|p2b: Farigiraf|89\/100\n|-unboost|p2b: Farigiraf|spd|1\n|move|p2b: Farigiraf|Thunder Wave|p1a: Palafin|[miss]\n|-miss|p2b: Farigiraf|p1a: Palafin\n|\n|upkeep\n|turn|6\n|inactive|Argon6 has 30 seconds left.\n|\n|t:|1683126179\n|move|p2b: Farigiraf|Ally Switch|p2b: Farigiraf\n|swap|p2b: Farigiraf|0|[from] move: Ally Switch\n|move|p2b: Houndoom|Dark Pulse|p1a: Palafin\n|-damage|p1a: Palafin|18\/100\n|move|p1a: Palafin|Wave Crash|p2a: Farigiraf\n|-crit|p2a: Farigiraf\n|-damage|p2a: Farigiraf|0 fnt\n|-damage|p1a: Palafin|2\/100|[from] item: Rocky Helmet|[of] p2a: Farigiraf\n|faint|p2a: Farigiraf\n|-damage|p1a: Palafin|0 fnt|[from] Recoil\n|faint|p1a: Palafin\n|move|p1b: Gothitelle|Heal Pulse|p1: Palafin|[notarget]\n|-fail|p1b: Gothitelle\n|\n|upkeep\n|turn|7\n|c|\u2606Argon6|gg\n|c|\u2606Bcdefault|gg\n|c|\u2606Bcdefault|well played\n|\n|t:|1683126199\n|move|p2b: Houndoom|Dark Pulse|p1b: Gothitelle\n|-supereffective|p1b: Gothitelle\n|-damage|p1b: Gothitelle|0 fnt\n|faint|p1b: Gothitelle\n|\n|win|Bcdefault\n|raw|Argon6's rating: 1100 → 1069<\/strong> (-31 for losing)\n|raw|Bcdefault's rating: 1013 → 1060<\/strong> (+47 for winning)\n","uploadtime":1683126207,"views":5,"p1id":"argon6","p2id":"bcdefault","formatid":"gen9vgc2023regulationc","rating":1060,"private":0,"password":""}