{"id":"gen9vgc2023regulationc-1860943057","p1":"Aveni","p2":"Arcacagne","format":"[Gen 9] VGC 2023 Regulation C","log":"|j|\u2606Aveni\n|j|\u2606Arcacagne\n|t:|1683700368\n|gametype|doubles\n|player|p1|Aveni|102|1210\n|player|p2|Arcacagne|102|1311\n|teamsize|p1|6\n|teamsize|p2|6\n|gen|9\n|tier|[Gen 9] VGC 2023 Regulation C\n|rated|\n|rule|Species Clause: Limit one of each Pok\u00e9mon\n|rule|Item Clause: Limit one of each item\n|clearpoke\n|poke|p1|Amoonguss, L50, M|\n|poke|p1|Gyarados, L50, F|\n|poke|p1|Murkrow, L50, M|\n|poke|p1|Great Tusk, L50|\n|poke|p1|Flutter Mane, L50|\n|poke|p1|Gholdengo, L50|\n|poke|p2|Chi-Yu, L50|\n|poke|p2|Flutter Mane, L50|\n|poke|p2|Amoonguss, L50, M|\n|poke|p2|Palafin, L50, F|\n|poke|p2|Iron Hands, L50|\n|poke|p2|Arcanine, L50, F|\n|teampreview|4\n|inactive|Battle timer is ON: inactive players will automatically lose when time's up. (requested by Aveni)\n|inactive|Aveni has 60 seconds left.\n|inactive|Arcacagne has 60 seconds left.\n|\n|t:|1683700432\n|start\n|switch|p1a: Murkrow|Murkrow, L50, M|100\/100\n|switch|p1b: Gyarados|Gyarados, L50, F|100\/100\n|switch|p2a: Iron Hands|Iron Hands, L50|100\/100\n|switch|p2b: Amoonguss|Amoonguss, L50, M|100\/100\n|-ability|p1b: Gyarados|Intimidate|boost\n|-unboost|p2a: Iron Hands|atk|1\n|-unboost|p2b: Amoonguss|atk|1\n|turn|1\n|\n|t:|1683700455\n|switch|p1b: Gholdengo|Gholdengo, L50|100\/100\n|move|p1a: Murkrow|Tailwind|p1a: Murkrow\n|-sidestart|p1: Aveni|move: Tailwind\n|move|p2a: Iron Hands|Swords Dance|p2a: Iron Hands\n|-boost|p2a: Iron Hands|atk|2\n|move|p2b: Amoonguss|Spore|p1b: Gholdengo\n|-immune|p1b: Gholdengo|[from] ability: Good as Gold\n|\n|upkeep\n|turn|2\n|inactive|Arcacagne has 30 seconds left.\n|\n|t:|1683700483\n|switch|p2b: Arcanine|Arcanine, L50, F|100\/100\n|-ability|p2b: Arcanine|Intimidate|boost\n|-unboost|p1a: Murkrow|atk|1\n|-unboost|p1b: Gholdengo|atk|1\n|move|p1a: Murkrow|Haze|p1a: Murkrow\n|-clearallboost\n|move|p1b: Gholdengo|Nasty Plot|p1b: Gholdengo\n|-boost|p1b: Gholdengo|spa|2\n|move|p2a: Iron Hands|Thunder Punch|p1a: Murkrow\n|-supereffective|p1a: Murkrow\n|-damage|p1a: Murkrow|36\/100\n|\n|upkeep\n|turn|3\n|\n|t:|1683700507\n|-terastallize|p1b: Gholdengo|Water\n|-terastallize|p2a: Iron Hands|Fire\n|move|p1b: Gholdengo|Shadow Ball|p2a: Iron Hands\n|-damage|p2a: Iron Hands|43\/100\n|move|p1a: Murkrow|Foul Play|p2a: Iron Hands\n|-damage|p2a: Iron Hands|12\/100\n|move|p2b: Arcanine|Flare Blitz|p1b: Gholdengo\n|-resisted|p1b: Gholdengo\n|-damage|p1b: Gholdengo|78\/100\n|-damage|p2b: Arcanine|93\/100|[from] Recoil\n|move|p2a: Iron Hands|Thunder Punch|p1a: Murkrow\n|-supereffective|p1a: Murkrow\n|-damage|p1a: Murkrow|0 fnt\n|faint|p1a: Murkrow\n|\n|-heal|p1b: Gholdengo|84\/100|[from] item: Leftovers\n|upkeep\n|\n|t:|1683700524\n|switch|p1a: Gyarados|Gyarados, L50, F|100\/100\n|-ability|p1a: Gyarados|Intimidate|boost\n|-unboost|p2a: Iron Hands|atk|1\n|-unboost|p2b: Arcanine|atk|1\n|turn|4\n|\n|t:|1683700544\n|-end|p2a: Iron Hands|Quark Drive|[silent]\n|switch|p2a: Amoonguss|Amoonguss, L50, M|100\/100\n|move|p1a: Gyarados|Waterfall|p2a: Amoonguss\n|-resisted|p2a: Amoonguss\n|-damage|p2a: Amoonguss|86\/100\n|move|p1b: Gholdengo|Shadow Ball|p2b: Arcanine\n|-damage|p2b: Arcanine|3\/100\n|-enditem|p2b: Arcanine|Aguav Berry|[eat]\n|-heal|p2b: Arcanine|36\/100|[from] item: Aguav Berry\n|move|p2b: Arcanine|Will-O-Wisp|p1a: Gyarados\n|-status|p1a: Gyarados|brn\n|-enditem|p1a: Gyarados|Lum Berry|[eat]\n|-curestatus|p1a: Gyarados|brn|[msg]\n|\n|-heal|p1b: Gholdengo|90\/100|[from] item: Leftovers\n|-sideend|p1: Aveni|move: Tailwind\n|upkeep\n|turn|5\n|inactive|Arcacagne has 30 seconds left.\n|\n|t:|1683700573\n|move|p2b: Arcanine|Protect|p2b: Arcanine\n|-singleturn|p2b: Arcanine|Protect\n|move|p1a: Gyarados|Waterfall|p2b: Arcanine\n|-activate|p2b: Arcanine|move: Protect\n|move|p1b: Gholdengo|Shadow Ball|p2a: Amoonguss\n|-damage|p2a: Amoonguss|12\/100\n|-enditem|p2a: Amoonguss|Sitrus Berry|[eat]\n|-heal|p2a: Amoonguss|37\/100|[from] item: Sitrus Berry\n|move|p2a: Amoonguss|Spore|p1a: Gyarados\n|-status|p1a: Gyarados|slp|[from] move: Spore\n|\n|-heal|p1b: Gholdengo|96\/100|[from] item: Leftovers\n|upkeep\n|turn|6\n|\n|t:|1683700596\n|switch|p2a: Iron Hands|Iron Hands, L50, tera:Fire|12\/100\n|move|p2b: Arcanine|Extreme Speed|p1b: Gholdengo\n|-damage|p1b: Gholdengo|83\/100\n|cant|p1a: Gyarados|slp\n|move|p1b: Gholdengo|Make It Rain|p2a: Iron Hands|[spread] p2a,p2b\n|-resisted|p2a: Iron Hands\n|-resisted|p2b: Arcanine\n|-damage|p2a: Iron Hands|0 fnt\n|-damage|p2b: Arcanine|0 fnt\n|-unboost|p1b: Gholdengo|spa|1\n|faint|p2a: Iron Hands\n|-end|p2a: Iron Hands|Quark Drive|[silent]\n|faint|p2b: Arcanine\n|\n|-heal|p1b: Gholdengo|89\/100|[from] item: Leftovers\n|upkeep\n|\n|t:|1683700612\n|switch|p2b: Amoonguss|Amoonguss, L50, M|70\/100\n|switch|p2a: Flutter Mane|Flutter Mane, L50|100\/100\n|-enditem|p2a: Flutter Mane|Booster Energy\n|-activate|p2a: Flutter Mane|ability: Protosynthesis|[fromitem]\n|-start|p2a: Flutter Mane|protosynthesisspa\n|turn|7\n|\n|t:|1683700631\n|move|p1b: Gholdengo|Protect|p1b: Gholdengo\n|-singleturn|p1b: Gholdengo|Protect\n|move|p2b: Amoonguss|Rage Powder|p2b: Amoonguss\n|-singleturn|p2b: Amoonguss|move: Rage Powder\n|move|p2a: Flutter Mane|Moonblast|p1b: Gholdengo\n|-activate|p1b: Gholdengo|move: Protect\n|cant|p1a: Gyarados|slp\n|\n|-heal|p1b: Gholdengo|95\/100|[from] item: Leftovers\n|upkeep\n|turn|8\n|\n|t:|1683700650\n|move|p2a: Flutter Mane|Moonblast|p1b: Gholdengo\n|-damage|p1b: Gholdengo|41\/100\n|cant|p1a: Gyarados|slp\n|move|p1b: Gholdengo|Make It Rain|p2b: Amoonguss|[spread] p2a,p2b\n|-supereffective|p2a: Flutter Mane\n|-crit|p2b: Amoonguss\n|-damage|p2a: Flutter Mane|0 fnt\n|-damage|p2b: Amoonguss|0 fnt\n|-unboost|p1b: Gholdengo|spa|1\n|faint|p2a: Flutter Mane\n|-end|p2a: Flutter Mane|Protosynthesis|[silent]\n|faint|p2b: Amoonguss\n|\n|win|Aveni\n|raw|Aveni's rating: 1210 → 1242<\/strong> (+32 for winning)\n|raw|Arcacagne's rating: 1311 → 1285<\/strong> (-26 for losing)\n","uploadtime":1683700664,"views":17,"p1id":"aveni","p2id":"arcacagne","formatid":"gen9vgc2023regulationc","rating":1242,"private":0,"password":""}