{"id":"gen9vgc2023regulationc-1856117405","p1":"PokemonSince1994","p2":"runningcatdog","format":"[Gen 9] VGC 2023 Regulation C","log":"|j|\u2606PokemonSince1994\n|j|\u2606runningcatdog\n|t:|1683032013\n|gametype|doubles\n|player|p1|PokemonSince1994|2|1395\n|player|p2|runningcatdog|2|1396\n|teamsize|p1|6\n|teamsize|p2|6\n|gen|9\n|tier|[Gen 9] VGC 2023 Regulation C\n|rated|\n|rule|Species Clause: Limit one of each Pok\u00e9mon\n|rule|Item Clause: Limit one of each item\n|clearpoke\n|poke|p1|Ting-Lu, L50|\n|poke|p1|Flutter Mane, L50|\n|poke|p1|Arcanine, L50, F|\n|poke|p1|Amoonguss, L50, F|\n|poke|p1|Palafin, L50, M|\n|poke|p1|Kingambit, L50, M|\n|poke|p2|Garganacl, L50, M|\n|poke|p2|Ting-Lu, L50|\n|poke|p2|Roaring Moon, L50|\n|poke|p2|Iron Bundle, L50|\n|poke|p2|Amoonguss, L50, F|\n|poke|p2|Arcanine, L50, M|\n|teampreview|4\n|\n|t:|1683032046\n|start\n|switch|p1a: Kingambit|Kingambit, L50, M|100\/100\n|switch|p1b: Palafin|Palafin, L50, M|100\/100\n|switch|p2a: Garganacl|Garganacl, L50, M|100\/100\n|switch|p2b: Roaring Moon|Roaring Moon, L50|100\/100\n|-enditem|p2b: Roaring Moon|Booster Energy\n|-activate|p2b: Roaring Moon|ability: Protosynthesis|[fromitem]\n|-start|p2b: Roaring Moon|protosynthesisatk\n|turn|1\n|inactive|Battle timer is ON: inactive players will automatically lose when time's up. (requested by runningcatdog)\n|\n|t:|1683032062\n|detailschange|p1b: Palafin|Palafin-Hero, L50, M\n|switch|p1b: Arcanine|Arcanine, L50, F|100\/100\n|-ability|p1b: Arcanine|Intimidate|boost\n|-unboost|p2a: Garganacl|atk|1\n|-unboost|p2b: Roaring Moon|atk|1\n|move|p2b: Roaring Moon|Jaw Lock|p1a: Kingambit\n|-resisted|p1a: Kingambit\n|-damage|p1a: Kingambit|86\/100\n|-activate|p2b: Roaring Moon|trapped\n|-activate|p1a: Kingambit|trapped\n|move|p1a: Kingambit|Swords Dance|p1a: Kingambit\n|-boost|p1a: Kingambit|atk|2\n|move|p2a: Garganacl|Salt Cure|p1a: Kingambit\n|-resisted|p1a: Kingambit\n|-damage|p1a: Kingambit|82\/100\n|-start|p1a: Kingambit|Salt Cure\n|\n|-damage|p1a: Kingambit|58\/100|[from] Salt Cure\n|upkeep\n|turn|2\n|inactive|runningcatdog has 30 seconds left.\n|inactive|runningcatdog has 20 seconds left.\n|inactive|runningcatdog has 15 seconds left.\n|\n|t:|1683032103\n|switch|p1b: Amoonguss|Amoonguss, L50, F|100\/100\n|move|p2b: Roaring Moon|Protect|p2b: Roaring Moon\n|-singleturn|p2b: Roaring Moon|Protect\n|move|p2a: Garganacl|Protect|p2a: Garganacl\n|-singleturn|p2a: Garganacl|Protect\n|move|p1a: Kingambit|Sucker Punch||[still]\n|-fail|p1a: Kingambit\n|\n|-damage|p1a: Kingambit|33\/100|[from] Salt Cure\n|upkeep\n|turn|3\n|inactive|PokemonSince1994 has 30 seconds left.\n|\n|t:|1683032129\n|-terastallize|p2b: Roaring Moon|Flying\n|move|p1a: Kingambit|Sucker Punch||[still]\n|-fail|p1a: Kingambit\n|move|p2b: Roaring Moon|Acrobatics|p1b: Amoonguss\n|-supereffective|p1b: Amoonguss\n|-damage|p1b: Amoonguss|14\/100\n|-enditem|p1b: Amoonguss|Sitrus Berry|[eat]\n|-heal|p1b: Amoonguss|39\/100|[from] item: Sitrus Berry\n|move|p2a: Garganacl|Stealth Rock|p1b: Amoonguss\n|-sidestart|p1: PokemonSince1994|move: Stealth Rock\n|move|p1b: Amoonguss|Pollen Puff|p1a: Kingambit\n|-heal|p1a: Kingambit|83\/100\n|\n|-damage|p1a: Kingambit|58\/100|[from] Salt Cure\n|upkeep\n|turn|4\n|c|\u2606runningcatdog|Pokemon didnt exist in 1994 :(\n|inactive|PokemonSince1994 has 30 seconds left.\n|inactive|runningcatdog has 30 seconds left.\n|inactive|runningcatdog has 20 seconds left.\n|inactive|runningcatdog has 15 seconds left.\n|\n|t:|1683032172\n|move|p1a: Kingambit|Sucker Punch||[still]\n|-fail|p1a: Kingambit\n|move|p2b: Roaring Moon|Dragon Dance|p2b: Roaring Moon\n|-boost|p2b: Roaring Moon|atk|1\n|-boost|p2b: Roaring Moon|spe|1\n|move|p2a: Garganacl|Salt Cure|p1b: Amoonguss\n|-damage|p1b: Amoonguss|32\/100\n|-start|p1b: Amoonguss|Salt Cure\n|move|p1b: Amoonguss|Pollen Puff|p1a: Kingambit\n|-heal|p1a: Kingambit|100\/100\n|\n|-damage|p1a: Kingambit|76\/100|[from] Salt Cure\n|-damage|p1b: Amoonguss|19\/100|[from] Salt Cure\n|upkeep\n|turn|5\n|inactive|PokemonSince1994 has 30 seconds left.\n|\n|t:|1683032205\n|switch|p1b: Arcanine|Arcanine, L50, F|100\/100\n|-damage|p1b: Arcanine|76\/100|[from] Stealth Rock\n|-ability|p1b: Arcanine|Intimidate|boost\n|-unboost|p2a: Garganacl|atk|1\n|-unboost|p2b: Roaring Moon|atk|1\n|move|p2b: Roaring Moon|Dragon Dance|p2b: Roaring Moon\n|-boost|p2b: Roaring Moon|atk|1\n|-boost|p2b: Roaring Moon|spe|1\n|move|p1a: Kingambit|Kowtow Cleave|p2b: Roaring Moon\n|-damage|p2b: Roaring Moon|0 fnt\n|faint|p2b: Roaring Moon\n|-end|p2b: Roaring Moon|Protosynthesis|[silent]\n|move|p2a: Garganacl|Salt Cure|p1b: Arcanine\n|-supereffective|p1b: Arcanine\n|-damage|p1b: Arcanine|60\/100\n|-start|p1b: Arcanine|Salt Cure\n|\n|-damage|p1b: Arcanine|48\/100|[from] Salt Cure\n|-damage|p1a: Kingambit|51\/100|[from] Salt Cure\n|upkeep\n|\n|t:|1683032224\n|switch|p2b: Iron Bundle|Iron Bundle, L50|100\/100\n|turn|6\n|\n|t:|1683032239\n|move|p2b: Iron Bundle|Protect|p2b: Iron Bundle\n|-singleturn|p2b: Iron Bundle|Protect\n|move|p2a: Garganacl|Protect|p2a: Garganacl\n|-singleturn|p2a: Garganacl|Protect\n|move|p1b: Arcanine|Extreme Speed|p2b: Iron Bundle\n|-activate|p2b: Iron Bundle|move: Protect\n|move|p1a: Kingambit|Sucker Punch||[still]\n|-fail|p1a: Kingambit\n|\n|-damage|p1b: Arcanine|36\/100|[from] Salt Cure\n|-damage|p1a: Kingambit|27\/100|[from] Salt Cure\n|upkeep\n|turn|7\n|\n|t:|1683032256\n|switch|p1b: Amoonguss|Amoonguss, L50, F|52\/100\n|-damage|p1b: Amoonguss|40\/100|[from] Stealth Rock\n|switch|p2a: Arcanine|Arcanine, L50, M|100\/100\n|-ability|p2a: Arcanine|Intimidate|boost\n|-unboost|p1a: Kingambit|atk|1\n|-ability|p1a: Kingambit|Defiant|boost\n|-boost|p1a: Kingambit|atk|2\n|-unboost|p1b: Amoonguss|atk|1\n|move|p2b: Iron Bundle|Encore|p1a: Kingambit\n|-start|p1a: Kingambit|Encore\n|move|p1a: Kingambit|Sucker Punch||[still]\n|-fail|p1a: Kingambit\n|\n|-damage|p1a: Kingambit|2\/100|[from] Salt Cure\n|upkeep\n|turn|8\n|inactive|PokemonSince1994 has 30 seconds left.\n|\n|t:|1683032284\n|-end|p2b: Iron Bundle|Quark Drive|[silent]\n|switch|p2b: Garganacl|Garganacl, L50, M|100\/100\n|switch|p1a: Arcanine|Arcanine, L50, F|36\/100\n|-damage|p1a: Arcanine|11\/100|[from] Stealth Rock\n|-ability|p1a: Arcanine|Intimidate|boost\n|-unboost|p2a: Arcanine|atk|1\n|-unboost|p2b: Garganacl|atk|1\n|switch|p1b: Palafin|Palafin-Hero, L50, M|100\/100\n|-damage|p1b: Palafin|88\/100|[from] Stealth Rock\n|-activate|p1b: Palafin|ability: Zero to Hero\n|move|p2a: Arcanine|Flare Blitz|p1b: Palafin\n|-resisted|p1b: Palafin\n|-damage|p1b: Palafin|72\/100\n|-damage|p2a: Arcanine|95\/100|[from] Recoil\n|\n|upkeep\n|turn|9\n|\n|t:|1683032305\n|switch|p1a: Amoonguss|Amoonguss, L50, F|73\/100\n|-damage|p1a: Amoonguss|61\/100|[from] Stealth Rock\n|move|p2a: Arcanine|Will-O-Wisp|p1b: Palafin\n|-status|p1b: Palafin|brn\n|move|p1b: Palafin|Wave Crash|p2b: Garganacl\n|-supereffective|p2b: Garganacl\n|-crit|p2b: Garganacl\n|-damage|p2b: Garganacl|2\/100\n|-damage|p1b: Palafin|39\/100 brn|[from] Recoil\n|move|p2b: Garganacl|Salt Cure|p1b: Palafin\n|-damage|p1b: Palafin|31\/100 brn\n|-start|p1b: Palafin|Salt Cure\n|\n|-heal|p2b: Garganacl|8\/100|[from] item: Leftovers\n|-damage|p1b: Palafin|25\/100 brn|[from] brn\n|-damage|p1b: Palafin|0 fnt|[from] Salt Cure\n|faint|p1b: Palafin\n|upkeep\n|\n|t:|1683032326\n|switch|p1b: Kingambit|Kingambit, L50, M|2\/100\n|-damage|p1b: Kingambit|0 fnt|[from] Stealth Rock\n|faint|p1b: Kingambit\n|\n|t:|1683032331\n|switch|p1b: Arcanine|Arcanine, L50, F|11\/100\n|-damage|p1b: Arcanine|0 fnt|[from] Stealth Rock\n|faint|p1b: Arcanine\n|turn|10\n|-message|PokemonSince1994 forfeited.\n|\n|win|runningcatdog\n|raw|PokemonSince1994's rating: 1395 → 1375<\/strong> (-20 for losing)\n|raw|runningcatdog's rating: 1396 → 1416<\/strong> (+20 for winning)\n|l|\u2606PokemonSince1994\n","uploadtime":1683032349,"views":9,"p1id":"pokemonsince1994","p2id":"runningcatdog","formatid":"gen9vgc2023regulationc","rating":1375,"private":0,"password":""}