{"id":"gen9vgc2023regulationc-1850504784","p1":"brunovisk2","p2":"ChoiceScarfTR","format":"[Gen 9] VGC 2023 Regulation C","log":"|j|\u2606brunovisk2\n|j|\u2606ChoiceScarfTR\n|t:|1682343827\n|gametype|doubles\n|player|p1|brunovisk2|bruno|\n|player|p2|ChoiceScarfTR|scientist-gen4dp|\n|teamsize|p1|6\n|teamsize|p2|6\n|gen|9\n|tier|[Gen 9] VGC 2023 Regulation C\n|rated|Tournament battle\n|rule|Species Clause: Limit one of each Pok\u00e9mon\n|rule|Item Clause: Limit one of each item\n|clearpoke\n|poke|p1|Dondozo, L50, M|\n|poke|p1|Tatsugiri, L50, M|\n|poke|p1|Wo-Chien, L50|\n|poke|p1|Glimmora, L50, M|\n|poke|p1|Maushold-Four, L50|\n|poke|p1|Annihilape, L50, F|\n|poke|p2|Lilligant, L50, F|\n|poke|p2|Torkoal, L50, F|\n|poke|p2|Indeedee, L50, M|\n|poke|p2|Brute Bonnet, L50|\n|poke|p2|Hariyama, L50, M|\n|poke|p2|Mimikyu, L50, M|\n|teampreview|4\n|raw| Open Team Sheet for brunovisk2<\/summary>Dondozo @ Leftovers Ability: Unaware Level: 50 Tera Type: Steel - Wave Crash - Earthquake - Fissure - Protect Tatsugiri @ Choice Scarf Ability: Commander Level: 50 Tera Type: Water - Draco Meteor - Muddy Water - Icy Wind - Chilling Water Wo-Chien @ Iapapa Berry Ability: Tablets of Ruin Level: 50 Tera Type: Water - Foul Play - Leech Seed - Mean Look - Protect Glimmora @ Assault Vest Ability: Toxic Debris Level: 50 Tera Type: Grass - Power Gem - Energy Ball - Mortal Spin - Earth Power Maushold (Maushold-Four) @ Safety Goggles Ability: Friend Guard Level: 50 Tera Type: Ghost - Follow Me - Beat Up - Super Fang - Protect Annihilape @ Sitrus Berry Ability: Defiant Level: 50 Tera Type: Water - Drain Punch - Bulk Up - Rage Fist - Protect <\/details><\/div> Open Team Sheet for ChoiceScarfTR<\/summary>Lilligant (F) @ Wide Lens Ability: Chlorophyll Level: 50 Shiny: Yes Tera Type: Ghost - Sleep Powder - After You - Leaf Storm - Protect Torkoal @ Life Orb Ability: Drought Level: 50 Tera Type: Grass - Eruption - Earth Power - Solar Beam - Protect Indeedee (M) @ Focus Sash Ability: Psychic Surge Level: 50 Tera Type: Fairy - Trick Room - Psychic - Dazzling Gleam - After You Brute Bonnet @ Sitrus Berry Ability: Protosynthesis Level: 50 Tera Type: Poison - Spore - Rage Powder - Pollen Puff - Crunch Hariyama @ Flame Orb Ability: Guts Level: 50 Tera Type: Steel - Fake Out - Close Combat - Iron Head - Facade Mimikyu @ Safety Goggles Ability: Disguise Level: 50 Tera Type: Fire - Trick Room - Shadow Claw - Play Rough - Destiny Bond <\/details><\/div>\n|j| Cakestering\n|inactive|Battle timer is ON: inactive players will automatically lose when time's up. (requested by brunovisk2)\n|\n|t:|1682343876\n|start\n|switch|p1a: Annihilape|Annihilape, L50, F|100\/100\n|switch|p1b: Maushold|Maushold-Four, L50|100\/100\n|switch|p2a: Hariyama|Hariyama, L50, M|100\/100\n|switch|p2b: Mimikyu|Mimikyu, L50, M|100\/100\n|turn|1\n|j|+TheLoanRanger\n|\n|t:|1682343899\n|-terastallize|p1b: Maushold|Ghost\n|move|p2a: Hariyama|Fake Out|p1b: Maushold\n|-immune|p1b: Maushold\n|move|p1b: Maushold|Super Fang|p2a: Hariyama\n|-damage|p2a: Hariyama|50\/100\n|move|p1a: Annihilape|Rage Fist|p2b: Mimikyu\n|-activate|p2b: Mimikyu|ability: Disguise\n|-damage|p2b: Mimikyu|100\/100\n|detailschange|p2b: Mimikyu|Mimikyu-Busted, L50, M\n|-damage|p2b: Mimikyu|88\/100|[from] pokemon: Mimikyu-Busted\n|move|p2b: Mimikyu|Trick Room|p2b: Mimikyu\n|-fieldstart|move: Trick Room|[of] p2b: Mimikyu\n|\n|-status|p2a: Hariyama|brn|[from] item: Flame Orb\n|upkeep\n|turn|2\n|\n|t:|1682343924\n|move|p1b: Maushold|Follow Me|p1b: Maushold\n|-singleturn|p1b: Maushold|move: Follow Me\n|move|p2a: Hariyama|Iron Head|p1b: Maushold\n|-damage|p1b: Maushold|42\/100\n|move|p2b: Mimikyu|Shadow Claw|p1b: Maushold\n|-supereffective|p1b: Maushold\n|-damage|p1b: Maushold|0 fnt\n|faint|p1b: Maushold\n|move|p1a: Annihilape|Rage Fist|p2b: Mimikyu\n|-supereffective|p2b: Mimikyu\n|-damage|p2b: Mimikyu|10\/100\n|\n|-damage|p2a: Hariyama|45\/100 brn|[from] brn\n|upkeep\n|\n|t:|1682343932\n|switch|p1b: Dondozo|Dondozo, L50, M|100\/100\n|turn|3\n|j| roby nait\n|l| roby nait\n|\n|t:|1682343959\n|move|p2a: Hariyama|Close Combat|p1b: Dondozo\n|-damage|p1b: Dondozo|52\/100\n|-unboost|p2a: Hariyama|def|1\n|-unboost|p2a: Hariyama|spd|1\n|move|p1b: Dondozo|Wave Crash|p2b: Mimikyu\n|-damage|p2b: Mimikyu|0 fnt\n|faint|p2b: Mimikyu\n|-damage|p1b: Dondozo|49\/100|[from] Recoil\n|move|p1a: Annihilape|Rage Fist|p2a: Hariyama\n|-damage|p2a: Hariyama|0 fnt\n|faint|p2a: Hariyama\n|\n|-heal|p1b: Dondozo|56\/100|[from] item: Leftovers\n|upkeep\n|\n|t:|1682343973\n|switch|p2a: Indeedee|Indeedee, L50, M|100\/100\n|switch|p2b: Torkoal|Torkoal, L50, F|100\/100\n|-weather|SunnyDay|[from] ability: Drought|[of] p2b: Torkoal\n|-fieldstart|move: Psychic Terrain|[from] ability: Psychic Surge|[of] p2a: Indeedee\n|turn|4\n|\n|t:|1682343992\n|-terastallize|p2b: Torkoal|Grass\n|move|p2b: Torkoal|Eruption|p1a: Annihilape|[spread] p1a,p1b\n|-resisted|p1b: Dondozo\n|-damage|p1a: Annihilape|12\/100\n|-damage|p1b: Dondozo|11\/100\n|-enditem|p1a: Annihilape|Sitrus Berry|[eat]\n|-heal|p1a: Annihilape|37\/100|[from] item: Sitrus Berry\n|-damage|p2b: Torkoal|91\/100|[from] item: Life Orb\n|move|p1b: Dondozo|Wave Crash|p2b: Torkoal\n|-resisted|p2b: Torkoal\n|-damage|p2b: Torkoal|83\/100\n|-damage|p1b: Dondozo|10\/100|[from] Recoil\n|move|p1a: Annihilape|Drain Punch|p2a: Indeedee\n|-damage|p2a: Indeedee|32\/100\n|-heal|p1a: Annihilape|63\/100|[from] drain|[of] p2a: Indeedee\n|move|p2a: Indeedee|Psychic|p1a: Annihilape\n|-supereffective|p1a: Annihilape\n|-damage|p1a: Annihilape|0 fnt\n|faint|p1a: Annihilape\n|\n|-weather|SunnyDay|[upkeep]\n|-heal|p1b: Dondozo|16\/100|[from] item: Leftovers\n|upkeep\n|\n|t:|1682344013\n|switch|p1a: Tatsugiri|Tatsugiri, L50, M|100\/100\n|-activate|p1a: Tatsugiri|ability: Commander|[of] p1b: Dondozo\n|-boost|p1b: Dondozo|atk|2\n|-boost|p1b: Dondozo|spa|2\n|-boost|p1b: Dondozo|spe|2\n|-boost|p1b: Dondozo|def|2\n|-boost|p1b: Dondozo|spd|2\n|turn|5\n|\n|t:|1682344029\n|move|p2b: Torkoal|Eruption|p1b: Dondozo|[spread] p1b\n|-miss|p2b: Torkoal|p1a: Tatsugiri\n|-resisted|p1b: Dondozo\n|-damage|p1b: Dondozo|0 fnt\n|faint|p1b: Dondozo\n|-damage|p2b: Torkoal|74\/100|[from] item: Life Orb\n|move|p2a: Indeedee|Dazzling Gleam|p1a: Tatsugiri\n|-supereffective|p1a: Tatsugiri\n|-damage|p1a: Tatsugiri|31\/100\n|\n|-weather|SunnyDay|[upkeep]\n|-fieldend|move: Trick Room\n|upkeep\n|turn|6\n|-message|brunovisk2 forfeited.\n|\n|win|ChoiceScarfTR\n|n|\u2606brunovisk2|brunovisk2\n|n|\u2606ChoiceScarfTR|choicescarftr\n|n| Cakestering|cakestering\n|n| TheLoanRanger|theloanranger\n|l|\u2606brunovisk2\n|l| TheLoanRanger\n","uploadtime":1682344055,"views":29,"p1id":"brunovisk2","p2id":"choicescarftr","formatid":"gen9vgc2023regulationc","rating":0,"private":0,"password":""}