{"id":"gen9vgc2023regulationc-1854480177","p1":"xiao1nK","p2":"Post GC2 testing","format":"[Gen 9] VGC 2023 Regulation C","log":"|j|\u2606xiao1nK\n|j|\u2606Post GC2 testing\n|t:|1682816337\n|gametype|doubles\n|player|p1|xiao1nK|dawn|1421\n|player|p2|Post GC2 testing|colress|1472\n|teamsize|p1|6\n|teamsize|p2|6\n|gen|9\n|tier|[Gen 9] VGC 2023 Regulation C\n|rated|\n|rule|Species Clause: Limit one of each Pok\u00e9mon\n|rule|Item Clause: Limit one of each item\n|clearpoke\n|poke|p1|Baxcalibur, L50, F|\n|poke|p1|Chi-Yu, L50|\n|poke|p1|Flutter Mane, L50|\n|poke|p1|Amoonguss, L50, F|\n|poke|p1|Kingambit, L50, M|\n|poke|p1|Talonflame, L50, M|\n|poke|p2|Orthworm, L50, F|\n|poke|p2|Dragonite, L50, M|\n|poke|p2|Ting-Lu, L50|\n|poke|p2|Gyarados, L50, F|\n|poke|p2|Flutter Mane, L50|\n|poke|p2|Chien-Pao, L50|\n|teampreview|4\n|inactive|Battle timer is ON: inactive players will automatically lose when time's up. (requested by xiao1nK)\n|\n|t:|1682816358\n|start\n|switch|p1a: Chi-Yu|Chi-Yu, L50|100\/100\n|switch|p1b: Amoonguss|Amoonguss, L50, F|100\/100\n|switch|p2a: Percival|Chien-Pao, L50|100\/100\n|switch|p2b: Lancelot|Dragonite, L50, M|100\/100\n|-ability|p2a: Percival|Sword of Ruin\n|-ability|p1a: Chi-Yu|Beads of Ruin\n|turn|1\n|\n|t:|1682816367\n|-terastallize|p1b: Amoonguss|Electric\n|move|p1b: Amoonguss|Rage Powder|p1b: Amoonguss\n|-singleturn|p1b: Amoonguss|move: Rage Powder\n|move|p2a: Percival|Ice Spinner|p1b: Amoonguss\n|-damage|p1b: Amoonguss|59\/100\n|move|p1a: Chi-Yu|Heat Wave|p2a: Percival|[spread] p2a,p2b\n|-supereffective|p2a: Percival\n|-resisted|p2b: Lancelot\n|-enditem|p2a: Percival|Focus Sash\n|-damage|p2a: Percival|1\/100\n|-damage|p2b: Lancelot|83\/100\n|-status|p2b: Lancelot|brn\n|-enditem|p2b: Lancelot|Lum Berry|[eat]\n|-curestatus|p2b: Lancelot|brn|[msg]\n|-damage|p1a: Chi-Yu|91\/100|[from] item: Life Orb\n|move|p2b: Lancelot|Dragon Dance|p2b: Lancelot\n|-boost|p2b: Lancelot|atk|1\n|-boost|p2b: Lancelot|spe|1\n|\n|upkeep\n|turn|2\n|\n|t:|1682816384\n|switch|p2a: Muppet|Orthworm, L50, F, shiny|100\/100\n|move|p1b: Amoonguss|Rage Powder|p1b: Amoonguss\n|-singleturn|p1b: Amoonguss|move: Rage Powder\n|move|p2b: Lancelot|Earthquake|p1a: Chi-Yu|[spread] p1a,p1b\n|-immune|p2a: Muppet|[from] ability: Earth Eater\n|-supereffective|p1a: Chi-Yu\n|-supereffective|p1b: Amoonguss\n|-damage|p1a: Chi-Yu|0 fnt\n|-damage|p1b: Amoonguss|0 fnt\n|faint|p1a: Chi-Yu\n|faint|p1b: Amoonguss\n|\n|upkeep\n|\n|t:|1682816391\n|switch|p1a: Baxcalibur|Baxcalibur, L50, F|100\/100\n|switch|p1b: Flutter Mane|Flutter Mane, L50|100\/100\n|turn|3\n|\n|t:|1682816401\n|move|p1b: Flutter Mane|Protect|p1b: Flutter Mane\n|-singleturn|p1b: Flutter Mane|Protect\n|move|p2b: Lancelot|Earthquake|p1b: Flutter Mane|[spread] p1a\n|-activate|p1b: Flutter Mane|move: Protect\n|-immune|p2a: Muppet|[from] ability: Earth Eater\n|-damage|p1a: Baxcalibur|67\/100\n|move|p1a: Baxcalibur|Icicle Crash|p2b: Lancelot\n|-supereffective|p2b: Lancelot\n|-damage|p2b: Lancelot|0 fnt\n|faint|p2b: Lancelot\n|move|p2a: Muppet|Heavy Slam|p1b: Flutter Mane\n|-activate|p1b: Flutter Mane|move: Protect\n|\n|upkeep\n|\n|t:|1682816404\n|switch|p2b: Dem eyes tho|Flutter Mane, L50|100\/100\n|turn|4\n|\n|t:|1682816412\n|-terastallize|p2b: Dem eyes tho|Fairy\n|move|p1a: Baxcalibur|Ice Shard|p2b: Dem eyes tho\n|-damage|p2b: Dem eyes tho|58\/100\n|move|p1b: Flutter Mane|Shadow Ball|p2b: Dem eyes tho\n|-damage|p2b: Dem eyes tho|21\/100\n|move|p2b: Dem eyes tho|Moonblast|p1a: Baxcalibur\n|-supereffective|p1a: Baxcalibur\n|-damage|p1a: Baxcalibur|0 fnt\n|faint|p1a: Baxcalibur\n|move|p2a: Muppet|Heavy Slam|p1b: Flutter Mane\n|-supereffective|p1b: Flutter Mane\n|-enditem|p1b: Flutter Mane|Focus Sash\n|-damage|p1b: Flutter Mane|1\/100\n|\n|upkeep\n|turn|5\n|\n|t:|1682816424\n|move|p1b: Flutter Mane|Dazzling Gleam|p2b: Dem eyes tho|[spread] p2a,p2b\n|-resisted|p2a: Muppet\n|-damage|p2a: Muppet|83\/100\n|-damage|p2b: Dem eyes tho|0 fnt\n|faint|p2b: Dem eyes tho\n|-end|p2b: Dem eyes tho|Protosynthesis|[silent]\n|move|p2a: Muppet|Heavy Slam|p1b: Flutter Mane\n|-supereffective|p1b: Flutter Mane\n|-damage|p1b: Flutter Mane|0 fnt\n|faint|p1b: Flutter Mane\n|-end|p1b: Flutter Mane|Protosynthesis|[silent]\n|\n|win|Post GC2 testing\n|raw|xiao1nK's rating: 1421 → 1404<\/strong> (-17 for losing)\n|raw|Post GC2 testing's rating: 1472 → 1489<\/strong> (+17 for winning)\n|c|\u2606Post GC2 testing|Gg\n|l|\u2606xiao1nK\n","uploadtime":1682816442,"views":8,"p1id":"xiao1nk","p2id":"postgc2testing","formatid":"gen9vgc2023regulationc","rating":1404,"private":0,"password":""}