{"id":"gen9vgc2023regulationc-1848575944","p1":"Ym949","p2":"Hagatomato","format":"[Gen 9] VGC 2023 Regulation C","log":"|j|\u2606Ym949\n|j|\u2606Hagatomato\n|t:|1682091366\n|gametype|doubles\n|player|p1|Ym949|acetrainer|\n|player|p2|Hagatomato|101|\n|teamsize|p1|6\n|teamsize|p2|6\n|gen|9\n|tier|[Gen 9] VGC 2023 Regulation C\n|rule|Species Clause: Limit one of each Pok\u00e9mon\n|rule|Item Clause: Limit one of each item\n|clearpoke\n|poke|p1|Ting-Lu, L50|\n|poke|p1|Flutter Mane, L50|\n|poke|p1|Amoonguss, L50, M|\n|poke|p1|Iron Bundle, L50|\n|poke|p1|Tauros-Paldea-Blaze, L50, M|\n|poke|p1|Dragonite, L50, M|\n|poke|p2|Ting-Lu, L50|\n|poke|p2|Cryogonal, L50|\n|poke|p2|Dondozo, L50, M|\n|poke|p2|Kingambit, L50, M|\n|poke|p2|Amoonguss, L50, F|\n|poke|p2|Haxorus, L50, F|\n|teampreview|4\n|inactive|Battle timer is ON: inactive players will automatically lose when time's up. (requested by Ym949)\n|inactiveoff|Battle timer is now OFF.\n|\n|t:|1682091421\n|start\n|switch|p1a: Ting-Lu|Ting-Lu, L50|100\/100\n|switch|p1b: Amoonguss|Amoonguss, L50, M|100\/100\n|switch|p2a: Haxorus|Haxorus, L50, F|100\/100\n|switch|p2b: Ting-Lu|Ting-Lu, L50|100\/100\n|-ability|p2a: Haxorus|Mold Breaker\n|-ability|p1a: Ting-Lu|Vessel of Ruin\n|-ability|p2b: Ting-Lu|Vessel of Ruin\n|turn|1\n|\n|t:|1682091449\n|move|p1a: Ting-Lu|Protect|p1a: Ting-Lu\n|-singleturn|p1a: Ting-Lu|Protect\n|move|p2a: Haxorus|Guillotine|p1b: Amoonguss|[miss]\n|-miss|p2a: Haxorus|p1b: Amoonguss\n|move|p2b: Ting-Lu|Fissure|p1b: Amoonguss\n|-damage|p1b: Amoonguss|0 fnt\n|faint|p1b: Amoonguss\n|-ohko\n|\n|upkeep\n|inactive|Battle timer is ON: inactive players will automatically lose when time's up. (requested by Ym949)\n|\n|t:|1682091467\n|switch|p1b: Tauros|Tauros-Paldea-Blaze, L50, M|100\/100\n|-ability|p1b: Tauros|Intimidate|boost\n|-unboost|p2a: Haxorus|atk|1\n|-unboost|p2b: Ting-Lu|atk|1\n|turn|2\n|\n|t:|1682091475\n|move|p1b: Tauros|Close Combat|p2b: Ting-Lu\n|-supereffective|p2b: Ting-Lu\n|-damage|p2b: Ting-Lu|47\/100\n|-unboost|p1b: Tauros|def|1\n|-unboost|p1b: Tauros|spd|1\n|move|p2a: Haxorus|Guillotine|p1a: Ting-Lu|[miss]\n|-miss|p2a: Haxorus|p1a: Ting-Lu\n|move|p2b: Ting-Lu|Fissure|p1a: Ting-Lu|[miss]\n|-miss|p2b: Ting-Lu|p1a: Ting-Lu\n|move|p1a: Ting-Lu|Stomping Tantrum|p2a: Haxorus\n|-damage|p2a: Haxorus|49\/100\n|\n|upkeep\n|turn|3\n|inactive|Ym949 has 30 seconds left.\n|inactive|Hagatomato has 30 seconds left.\n|inactive|Ym949 has 20 seconds left.\n|inactive|Hagatomato has 20 seconds left.\n|\n|t:|1682091516\n|-terastallize|p2b: Ting-Lu|Poison\n|move|p1b: Tauros|Protect|p1b: Tauros\n|-singleturn|p1b: Tauros|Protect\n|move|p2a: Haxorus|Guillotine|p1b: Tauros\n|-activate|p1b: Tauros|move: Protect\n|move|p2b: Ting-Lu|Fissure|p1a: Ting-Lu\n|-damage|p1a: Ting-Lu|0 fnt\n|faint|p1a: Ting-Lu\n|-ohko\n|\n|upkeep\n|\n|t:|1682091529\n|switch|p1a: Dragonite|Dragonite, L50, M|100\/100\n|turn|4\n|inactive|Hagatomato has 30 seconds left.\n|inactive|Hagatomato has 20 seconds left.\n|\n|t:|1682091566\n|move|p1b: Tauros|Protect||[still]\n|-fail|p1b: Tauros\n|move|p2a: Haxorus|Guillotine|p1b: Tauros\n|-damage|p1b: Tauros|0 fnt\n|faint|p1b: Tauros\n|-ohko\n|move|p1a: Dragonite|Dragon Claw|p2a: Haxorus\n|-supereffective|p2a: Haxorus\n|-damage|p2a: Haxorus|0 fnt\n|faint|p2a: Haxorus\n|move|p2b: Ting-Lu|Fissure|p1a: Dragonite\n|-immune|p1a: Dragonite\n|\n|upkeep\n|\n|t:|1682091584\n|switch|p2a: Kingambit|Kingambit, L50, M|100\/100\n|-ability|p2a: Kingambit|Pressure\n|turn|5\n|\n|t:|1682091595\n|move|p2a: Kingambit|Protect|p2a: Kingambit\n|-singleturn|p2a: Kingambit|Protect\n|move|p1a: Dragonite|Low Kick|p2a: Kingambit\n|-activate|p2a: Kingambit|move: Protect\n|move|p2b: Ting-Lu|Ruination|p1a: Dragonite\n|-damage|p1a: Dragonite|51\/100\n|\n|upkeep\n|turn|6\n|\n|t:|1682091609\n|switch|p2a: Dondozo|Dondozo, L50, M|100\/100\n|move|p1a: Dragonite|Low Kick|p2a: Dondozo\n|-damage|p2a: Dondozo|71\/100\n|move|p2b: Ting-Lu|Stone Edge|p1a: Dragonite\n|-supereffective|p1a: Dragonite\n|-crit|p1a: Dragonite\n|-damage|p1a: Dragonite|0 fnt\n|faint|p1a: Dragonite\n|\n|win|Hagatomato\n|l|\u2606Ym949\n","uploadtime":1682091623,"views":12,"p1id":"ym949","p2id":"hagatomato","formatid":"gen9vgc2023regulationc","rating":0,"private":0,"password":""}