{"id":"gen9vgc2023regulationc-1854087232","p1":"qiin5","p2":"JFACKE","format":"[Gen 9] VGC 2023 Regulation C","log":"|j|\u2606qiin5\n|j|\u2606JFACKE\n|t:|1682766943\n|gametype|doubles\n|player|p1|qiin5|policeman|\n|player|p2|JFACKE|ethan|\n|teamsize|p1|6\n|teamsize|p2|6\n|gen|9\n|tier|[Gen 9] VGC 2023 Regulation C\n|rule|Species Clause: Limit one of each Pok\u00e9mon\n|rule|Item Clause: Limit one of each item\n|clearpoke\n|poke|p1|Amoonguss, L50, M|\n|poke|p1|Arcanine, L50, F|\n|poke|p1|Palafin, L50, M|\n|poke|p1|Ting-Lu, L50|\n|poke|p1|Flutter Mane, L50|\n|poke|p1|Baxcalibur, L50, F|\n|poke|p2|Dondozo, L50, M|\n|poke|p2|Tatsugiri-Droopy, L50, F|\n|poke|p2|Abomasnow, L50, F|\n|poke|p2|Iron Bundle, L50|\n|poke|p2|Chien-Pao, L50|\n|poke|p2|Flutter Mane, L50|\n|teampreview|4\nJFACKE has agreed to open team sheets.\nqiin5 has agreed to open team sheets.\n|\n|t:|1682766983\n|start\n|switch|p1a: Ting-Lu|Ting-Lu, L50|100\/100\n|switch|p1b: Baxcalibur|Baxcalibur, L50, F|100\/100\n|switch|p2a: \u53d1\u59d0|Flutter Mane, L50, shiny|100\/100\n|switch|p2b: \u829d\u58eb\u96ea\u8c79|Chien-Pao, L50|100\/100\n|-ability|p2b: \u829d\u58eb\u96ea\u8c79|Sword of Ruin\n|-ability|p1a: Ting-Lu|Vessel of Ruin\n|turn|1\n|\n|t:|1682767013\n|move|p2b: \u829d\u58eb\u96ea\u8c79|Protect|p2b: \u829d\u58eb\u96ea\u8c79\n|-singleturn|p2b: \u829d\u58eb\u96ea\u8c79|Protect\n|move|p2a: \u53d1\u59d0|Protect|p2a: \u53d1\u59d0\n|-singleturn|p2a: \u53d1\u59d0|Protect\n|move|p1b: Baxcalibur|Glaive Rush|p2b: \u829d\u58eb\u96ea\u8c79\n|-activate|p2b: \u829d\u58eb\u96ea\u8c79|move: Protect\n|move|p1a: Ting-Lu|Heavy Slam|p2b: \u829d\u58eb\u96ea\u8c79\n|-activate|p2b: \u829d\u58eb\u96ea\u8c79|move: Protect\n|\n|upkeep\n|turn|2\n|\n|t:|1682767048\n|move|p1b: Baxcalibur|Protect|p1b: Baxcalibur\n|-singleturn|p1b: Baxcalibur|Protect\n|move|p2b: \u829d\u58eb\u96ea\u8c79|Sacred Sword|p1b: Baxcalibur\n|-activate|p1b: Baxcalibur|move: Protect\n|move|p2a: \u53d1\u59d0|Dazzling Gleam|p1b: Baxcalibur|[spread] p1a\n|-activate|p1b: Baxcalibur|move: Protect\n|-supereffective|p1a: Ting-Lu\n|-damage|p1a: Ting-Lu|76\/100\n|-damage|p2a: \u53d1\u59d0|91\/100|[from] item: Life Orb\n|move|p1a: Ting-Lu|Heavy Slam|p2a: \u53d1\u59d0\n|-supereffective|p2a: \u53d1\u59d0\n|-damage|p2a: \u53d1\u59d0|0 fnt\n|faint|p2a: \u53d1\u59d0\n|-end|p2a: \u53d1\u59d0|Protosynthesis|[silent]\n|\n|upkeep\n|\n|t:|1682767053\n|switch|p2a: \u7b54\u8fa9|Dondozo, L50, M, shiny|100\/100\n|turn|3\n|\n|t:|1682767074\n|switch|p2b: \u4eb2\u5144\u5f1f|Tatsugiri-Droopy, L50, F, shiny|100\/100\n|-activate|p2b: \u4eb2\u5144\u5f1f|ability: Commander|[of] p2a: \u7b54\u8fa9\n|-boost|p2a: \u7b54\u8fa9|atk|2\n|-boost|p2a: \u7b54\u8fa9|spa|2\n|-boost|p2a: \u7b54\u8fa9|spe|2\n|-boost|p2a: \u7b54\u8fa9|def|2\n|-boost|p2a: \u7b54\u8fa9|spd|2\n|move|p2a: \u7b54\u8fa9|Wave Crash|p1a: Ting-Lu\n|-supereffective|p1a: Ting-Lu\n|-damage|p1a: Ting-Lu|0 fnt\n|faint|p1a: Ting-Lu\n|-damage|p2a: \u7b54\u8fa9|72\/100|[from] Recoil\n|move|p1b: Baxcalibur|Glaive Rush|p2b: \u4eb2\u5144\u5f1f|[miss]\n|-miss|p1b: Baxcalibur|p2b: \u4eb2\u5144\u5f1f\n|\n|upkeep\n|\n|t:|1682767079\n|switch|p1a: Amoonguss|Amoonguss, L50, M|100\/100\n|turn|4\n|\n|t:|1682767094\n|-terastallize|p2a: \u7b54\u8fa9|Fire\n|-terastallize|p1a: Amoonguss|Water\n|move|p1b: Baxcalibur|Protect|p1b: Baxcalibur\n|-singleturn|p1b: Baxcalibur|Protect\n|move|p2a: \u7b54\u8fa9|Tera Blast|p1a: Amoonguss\n|-resisted|p1a: Amoonguss\n|-damage|p1a: Amoonguss|68\/100\n|move|p1a: Amoonguss|Clear Smog|p2a: \u7b54\u8fa9\n|-damage|p2a: \u7b54\u8fa9|63\/100\n|-clearboost|p2a: \u7b54\u8fa9\n|\n|upkeep\n|turn|5\n|\n|t:|1682767110\n|move|p1b: Baxcalibur|Icicle Crash|p2a: \u7b54\u8fa9|[miss]\n|-miss|p1b: Baxcalibur|p2a: \u7b54\u8fa9\n|move|p2a: \u7b54\u8fa9|Earthquake|p1b: Baxcalibur|[spread] p1a,p1b\n|-miss|p2a: \u7b54\u8fa9|p2b: \u4eb2\u5144\u5f1f\n|-damage|p1a: Amoonguss|47\/100\n|-damage|p1b: Baxcalibur|79\/100\n|-enditem|p1a: Amoonguss|Sitrus Berry|[eat]\n|-heal|p1a: Amoonguss|72\/100|[from] item: Sitrus Berry\n|move|p1a: Amoonguss|Spore|p2a: \u7b54\u8fa9\n|-status|p2a: \u7b54\u8fa9|slp|[from] move: Spore\n|\n|upkeep\n|turn|6\n|\n|t:|1682767122\n|move|p1b: Baxcalibur|Glaive Rush|p2a: \u7b54\u8fa9\n|-damage|p2a: \u7b54\u8fa9|12\/100 slp\n|-singlemove|p1b: Baxcalibur|Glaive Rush|[silent]\n|cant|p2a: \u7b54\u8fa9|slp\n|move|p1a: Amoonguss|Pollen Puff|p1b: Baxcalibur\n|-heal|p1b: Baxcalibur|100\/100\n|\n|upkeep\n|turn|7\n|\n|t:|1682767133\n|move|p1b: Baxcalibur|Glaive Rush|p2a: \u7b54\u8fa9\n|-damage|p2a: \u7b54\u8fa9|0 fnt\n|-singlemove|p1b: Baxcalibur|Glaive Rush|[silent]\n|faint|p2a: \u7b54\u8fa9\n|move|p1a: Amoonguss|Spore|p2b: \u4eb2\u5144\u5f1f\n|-status|p2b: \u4eb2\u5144\u5f1f|slp|[from] move: Spore\n|\n|upkeep\n|\n|t:|1682767136\n|switch|p2a: \u829d\u58eb\u96ea\u8c79|Chien-Pao, L50|100\/100\n|-ability|p2a: \u829d\u58eb\u96ea\u8c79|Sword of Ruin\n|turn|8\n|\n|t:|1682767155\n|move|p2a: \u829d\u58eb\u96ea\u8c79|Protect|p2a: \u829d\u58eb\u96ea\u8c79\n|-singleturn|p2a: \u829d\u58eb\u96ea\u8c79|Protect\n|move|p1a: Amoonguss|Rage Powder|p1a: Amoonguss\n|-singleturn|p1a: Amoonguss|move: Rage Powder\n|cant|p2b: \u4eb2\u5144\u5f1f|slp\n|move|p1b: Baxcalibur|Glaive Rush|p2b: \u4eb2\u5144\u5f1f\n|-supereffective|p2b: \u4eb2\u5144\u5f1f\n|-damage|p2b: \u4eb2\u5144\u5f1f|0 fnt\n|-singlemove|p1b: Baxcalibur|Glaive Rush|[silent]\n|faint|p2b: \u4eb2\u5144\u5f1f\n|\n|upkeep\n|turn|9\n|\n|t:|1682767164\n|move|p1b: Baxcalibur|Protect|p1b: Baxcalibur\n|-singleturn|p1b: Baxcalibur|Protect\n|move|p2a: \u829d\u58eb\u96ea\u8c79|Sacred Sword|p1b: Baxcalibur\n|-activate|p1b: Baxcalibur|move: Protect\n|move|p1a: Amoonguss|Spore|p2a: \u829d\u58eb\u96ea\u8c79\n|-status|p2a: \u829d\u58eb\u96ea\u8c79|slp|[from] move: Spore\n|\n|upkeep\n|turn|10\n|\n|t:|1682767170\n|cant|p2a: \u829d\u58eb\u96ea\u8c79|slp\n|move|p1b: Baxcalibur|Glaive Rush|p2a: \u829d\u58eb\u96ea\u8c79\n|-enditem|p2a: \u829d\u58eb\u96ea\u8c79|Focus Sash\n|-damage|p2a: \u829d\u58eb\u96ea\u8c79|1\/100 slp\n|-singlemove|p1b: Baxcalibur|Glaive Rush|[silent]\n|move|p1a: Amoonguss|Pollen Puff|p2a: \u829d\u58eb\u96ea\u8c79\n|-supereffective|p2a: \u829d\u58eb\u96ea\u8c79\n|-damage|p2a: \u829d\u58eb\u96ea\u8c79|0 fnt\n|faint|p2a: \u829d\u58eb\u96ea\u8c79\n|\n|win|qiin5\n","uploadtime":1682767174,"views":40,"p1id":"qiin5","p2id":"jfacke","formatid":"gen9vgc2023regulationc","rating":0,"private":0,"password":""}