{"id":"gen9vgc2023regulationc-1852864498","p1":"eshe0","p2":"Bardo52","format":"[Gen 9] VGC 2023 Regulation C","log":"|j|\u2606eshe0\n|j|\u2606Bardo52\n|t:|1682612713\n|gametype|doubles\n|player|p1|eshe0|265|\n|player|p2|Bardo52|brycenman|\n|teamsize|p1|6\n|teamsize|p2|6\n|gen|9\n|tier|[Gen 9] VGC 2023 Regulation C\n|rule|Species Clause: Limit one of each Pok\u00e9mon\n|rule|Item Clause: Limit one of each item\n|clearpoke\n|poke|p1|Iron Valiant, L50|\n|poke|p1|Dachsbun, L50, F|\n|poke|p1|Staraptor, L50, F|\n|poke|p1|Pawmot, L50, F|\n|poke|p1|Krokorok, L50, M|\n|poke|p1|Gengar, L50, M|\n|poke|p2|Dondozo, L50, M|\n|poke|p2|Tatsugiri, L50, F|\n|poke|p2|Annihilape, L50, F|\n|poke|p2|Maushold, L50|\n|poke|p2|Iron Moth, L50|\n|poke|p2|Zoroark, L50, M|\n|teampreview|4\n|j| PorygonTheBot\n|c| PorygonTheBot|This game looks fun!\n|c|\u2606Bardo52|I\u2019m on mobile so if I switch to discord I get kicked\n|c|\u2606Bardo52|glhf\n|c|\u2606eshe0|kk, wait a sec\n|c|\u2606eshe0|can you accept g2?\n|j| JDeezy34\n|j| exstraspaceDND\n|j| judevgc\n|c| exstraspaceDND|God dam\n|c| exstraspaceDND|bardos team is stacked\n|c| judevgc|We got an AUDIENCE here huh\n|c|\u2606eshe0|k, perfect\n|c|\u2606Bardo52|We don\u2019t mess around\n|\n|t:|1682612795\n|start\n|switch|p1a: Iron Valiant|Iron Valiant, L50|100\/100\n|switch|p1b: Gengar|Gengar, L50, M|100\/100\n|switch|p2a: Annihilape|Annihilape, L50, F|100\/100\n|switch|p2b: Maushold|Maushold, L50|100\/100\n|-enditem|p1a: Iron Valiant|Booster Energy\n|-activate|p1a: Iron Valiant|ability: Quark Drive|[fromitem]\n|-start|p1a: Iron Valiant|quarkdrivespe\n|turn|1\n|c| judevgc|Glhf both\n|c|\u2606eshe0|glhf\n|c| exstraspaceDND|GLHF both of you\n|\n|t:|1682612828\n|-terastallize|p2a: Annihilape|Poison\n|move|p2b: Maushold|Protect|p2b: Maushold\n|-singleturn|p2b: Maushold|Protect\n|move|p1a: Iron Valiant|Moonblast|p2a: Annihilape\n|-resisted|p2a: Annihilape\n|-damage|p2a: Annihilape|83\/100\n|-unboost|p2a: Annihilape|spa|1\n|-ability|p2a: Annihilape|Defiant|boost\n|-boost|p2a: Annihilape|atk|2\n|move|p1b: Gengar|Will-O-Wisp|p2a: Annihilape|[miss]\n|-miss|p1b: Gengar|p2a: Annihilape\n|move|p2a: Annihilape|Rage Fist|p1b: Gengar\n|-supereffective|p1b: Gengar\n|-damage|p1b: Gengar|0 fnt\n|-start|p2a: Annihilape|Disable|Rage Fist|[from] ability: Cursed Body|[of] p1b: Gengar\n|faint|p1b: Gengar\n|-damage|p2a: Annihilape|74\/100|[from] item: Life Orb\n|\n|upkeep\n|l| judevgc\n|\n|t:|1682612843\n|switch|p1b: Pawmot|Pawmot, L50, F|100\/100\n|turn|2\n|j| judevgc\n|\n|t:|1682612861\n|move|p2b: Maushold|Follow Me|p2b: Maushold\n|-singleturn|p2b: Maushold|move: Follow Me\n|move|p1a: Iron Valiant|Psychic|p2b: Maushold\n|-damage|p2b: Maushold|66\/100\n|move|p1b: Pawmot|Encore|p2b: Maushold\n|-start|p2b: Maushold|Encore\n|move|p2a: Annihilape|Poison Jab|p1a: Iron Valiant\n|-supereffective|p1a: Iron Valiant\n|-damage|p1a: Iron Valiant|0 fnt\n|faint|p1a: Iron Valiant\n|-end|p1a: Iron Valiant|Quark Drive|[silent]\n|-damage|p2a: Annihilape|64\/100|[from] item: Life Orb\n|\n|upkeep\n|c| exstraspaceDND|That was so fucked up\n|\n|t:|1682612870\n|switch|p1a: Staraptor|Staraptor, L50, F|100\/100\n|turn|3\n|c| JDeezy34|damn this is a threat\n|c| judevgc|Thats like the absolute worst case scenario\n|\n|t:|1682612885\n|move|p2b: Maushold|Follow Me|p2b: Maushold\n|-singleturn|p2b: Maushold|move: Follow Me\n|move|p1b: Pawmot|Revival Blessing|p1b: Pawmot\n|c| exstraspaceDND|yea fr\n|\n|t:|1682612890\n|-heal|p1: Gengar|50\/100|[from] move: Revival Blessing\n|move|p1a: Staraptor|Brave Bird|p2b: Maushold\n|-damage|p2b: Maushold|0 fnt\n|faint|p2b: Maushold\n|-damage|p1a: Staraptor|77\/100|[from] Recoil\n|move|p2a: Annihilape|Drain Punch|p1b: Pawmot\n|-enditem|p1b: Pawmot|Focus Sash\n|-damage|p1b: Pawmot|1\/100\n|-heal|p2a: Annihilape|98\/100|[from] drain|[of] p1b: Pawmot\n|-damage|p2a: Annihilape|88\/100|[from] item: Life Orb\n|\n|upkeep\n|\n|t:|1682612905\n|switch|p2b: Tatsugiri|Tatsugiri, L50, F|100\/100\n|turn|4\n|j| sthkippy\n|c| JDeezy34|and then dozo tasu in the back lmao\n|\n|t:|1682612921\n|-terastallize|p1a: Staraptor|Flying\n|move|p2b: Tatsugiri|Icy Wind|p1a: Staraptor|[spread] p1a,p1b\n|-supereffective|p1a: Staraptor\n|-damage|p1a: Staraptor|32\/100\n|-damage|p1b: Pawmot|0 fnt\n|faint|p1b: Pawmot\n|move|p1a: Staraptor|Brave Bird|p2a: Annihilape\n|-damage|p2a: Annihilape|0 fnt\n|faint|p2a: Annihilape\n|-damage|p1a: Staraptor|0 fnt|[from] Recoil\n|faint|p1a: Staraptor\n|\n|upkeep\n|l| sthkippy\n|\n|t:|1682612935\n|switch|p1b: Gengar|Gengar, L50, M|50\/100\n|switch|p2a: Dondozo|Dondozo, L50, M|100\/100\n|-activate|p2b: Tatsugiri|ability: Commander|[of] p2a: Dondozo\n|-boost|p2a: Dondozo|atk|2\n|-boost|p2a: Dondozo|spa|2\n|-boost|p2a: Dondozo|spe|2\n|-boost|p2a: Dondozo|def|2\n|-boost|p2a: Dondozo|spd|2\n|turn|5\n|c| exstraspaceDND|so its gengar vs the world\n|\n|t:|1682612944\n|move|p2a: Dondozo|Earthquake|p1b: Gengar|[spread] p1b\n|-miss|p2a: Dondozo|p2b: Tatsugiri\n|-supereffective|p1b: Gengar\n|-damage|p1b: Gengar|0 fnt\n|-start|p2a: Dondozo|Disable|Earthquake|[from] ability: Cursed Body|[of] p1b: Gengar\n|faint|p1b: Gengar\n|\n|win|Bardo52\n","uploadtime":1682612944,"views":13,"p1id":"eshe0","p2id":"bardo52","formatid":"gen9vgc2023regulationc","rating":0,"private":0,"password":null}