{"id":"gen9vgc2023regulationc-1861387800","p1":"ProtonX","p2":"wackomarko","format":"[Gen 9] VGC 2023 Regulation C","log":"|j|\u2606ProtonX\n|j|\u2606wackomarko\n|t:|1683752252\n|gametype|doubles\n|player|p1|ProtonX|brawly|1086\n|player|p2|wackomarko|hiker-gen4|1023\n|teamsize|p1|6\n|teamsize|p2|6\n|gen|9\n|tier|[Gen 9] VGC 2023 Regulation C\n|rated|\n|rule|Species Clause: Limit one of each Pok\u00e9mon\n|rule|Item Clause: Limit one of each item\n|clearpoke\n|poke|p1|Scizor, L50, F|\n|poke|p1|Arcanine, L50, M|\n|poke|p1|Ting-Lu, L50|\n|poke|p1|Toxapex, L50, F|\n|poke|p1|Glimmora, L50, M|\n|poke|p1|Chien-Pao, L50|\n|poke|p2|Talonflame, L50, M|\n|poke|p2|Amoonguss, L50, M|\n|poke|p2|Flutter Mane, L50|\n|poke|p2|Chien-Pao, L50|\n|poke|p2|Gyarados, L50, M|\n|poke|p2|Dragapult, L50, M|\n|teampreview|4\nwackomarko has agreed to open team sheets.\n|\n|t:|1683752288\n|start\n|switch|p1a: Scizor|Scizor, L50, F|100\/100\n|switch|p1b: Arcanine|Arcanine, L50, M|100\/100\n|switch|p2a: Amoonguss|Amoonguss, L50, M|100\/100\n|switch|p2b: Flutter Mane|Flutter Mane, L50, shiny|100\/100\n|-ability|p1b: Arcanine|Intimidate|boost\n|-unboost|p2a: Amoonguss|atk|1\n|-unboost|p2b: Flutter Mane|atk|1\n|turn|1\n|\n|t:|1683752305\n|-terastallize|p1a: Scizor|Fire\n|move|p2b: Flutter Mane|Protect|p2b: Flutter Mane\n|-singleturn|p2b: Flutter Mane|Protect\n|move|p1a: Scizor|Bullet Punch|p2b: Flutter Mane\n|-activate|p2b: Flutter Mane|move: Protect\n|move|p1b: Arcanine|Snarl|p2a: Amoonguss|[spread] p2a\n|-activate|p2b: Flutter Mane|move: Protect\n|-damage|p2a: Amoonguss|94\/100\n|-unboost|p2a: Amoonguss|spa|1\n|move|p2a: Amoonguss|Spore|p1a: Scizor\n|-status|p1a: Scizor|slp|[from] move: Spore\n|\n|upkeep\n|turn|2\n|\n|t:|1683752329\n|-terastallize|p2b: Flutter Mane|Fairy\n|move|p2a: Amoonguss|Rage Powder|p2a: Amoonguss\n|-singleturn|p2a: Amoonguss|move: Rage Powder\n|move|p2b: Flutter Mane|Dazzling Gleam|p1a: Scizor|[spread] p1a,p1b\n|-resisted|p1a: Scizor\n|-resisted|p1b: Arcanine\n|-damage|p1a: Scizor|69\/100 slp\n|-damage|p1b: Arcanine|76\/100\n|-damage|p2b: Flutter Mane|91\/100|[from] item: Life Orb\n|move|p1b: Arcanine|Howl|p1b: Arcanine|[spread] p1a,p1b\n|-boost|p1a: Scizor|atk|1\n|-boost|p1b: Arcanine|atk|1\n|cant|p1a: Scizor|slp\n|\n|-heal|p1a: Scizor|75\/100 slp|[from] item: Leftovers\n|upkeep\n|turn|3\n|\n|t:|1683752351\n|-end|p2b: Flutter Mane|Protosynthesis|[silent]\n|switch|p2b: Dragapult|Dragapult, L50, M, shiny|100\/100\n|-curestatus|p1a: Scizor|slp|[msg]\n|move|p1a: Scizor|Bullet Punch|p2b: Dragapult\n|-damage|p2b: Dragapult|34\/100\n|move|p1b: Arcanine|Flare Blitz|p2a: Amoonguss\n|-supereffective|p2a: Amoonguss\n|-damage|p2a: Amoonguss|0 fnt\n|faint|p2a: Amoonguss\n|-damage|p1b: Arcanine|41\/100|[from] Recoil\n|\n|-heal|p1a: Scizor|81\/100|[from] item: Leftovers\n|upkeep\n|\n|t:|1683752363\n|switch|p2a: Chien-Pao|Chien-Pao, L50|100\/100\n|-ability|p2a: Chien-Pao|Sword of Ruin\n|turn|4\n|\n|t:|1683752373\n|move|p2a: Chien-Pao|Sucker Punch|p1a: Scizor\n|-damage|p1a: Scizor|37\/100\n|move|p1a: Scizor|Bullet Punch|p2a: Chien-Pao\n|-supereffective|p2a: Chien-Pao\n|-enditem|p2a: Chien-Pao|Focus Sash\n|-damage|p2a: Chien-Pao|1\/100\n|move|p2b: Dragapult|Dragon Darts|p1a: Scizor\n|-damage|p1a: Scizor|0 fnt\n|-anim|p2b: Dragapult|Dragon Darts|p1b: Arcanine\n|-damage|p1b: Arcanine|0 fnt\n|faint|p1a: Scizor\n|faint|p1b: Arcanine\n|\n|upkeep\n|\n|t:|1683752377\n|switch|p1b: Toxapex|Toxapex, L50, F|100\/100\n|switch|p1a: Glimmora|Glimmora, L50, M|100\/100\n|turn|5\n|\n|t:|1683752400\n|move|p2a: Chien-Pao|Ice Shard|p1b: Toxapex\n|-resisted|p1b: Toxapex\n|-damage|p1b: Toxapex|91\/100\n|move|p2b: Dragapult|Dragon Darts|p1b: Toxapex\n|-damage|p1b: Toxapex|49\/100\n|-anim|p2b: Dragapult|Dragon Darts|p1a: Glimmora\n|-damage|p1a: Glimmora|34\/100\n|move|p1a: Glimmora|Mortal Spin|p2a: Chien-Pao|[spread] p2a,p2b\n|-resisted|p2b: Dragapult\n|-damage|p2a: Chien-Pao|0 fnt\n|-damage|p2b: Dragapult|30\/100\n|-status|p2b: Dragapult|psn\n|faint|p2a: Chien-Pao\n|move|p1b: Toxapex|Gunk Shot|p2b: Dragapult\n|-resisted|p2b: Dragapult\n|-crit|p2b: Dragapult\n|-damage|p2b: Dragapult|0 fnt\n|faint|p2b: Dragapult\n|\n|upkeep\n|\n|t:|1683752418\n|switch|p2a: Flutter Mane|Flutter Mane, L50, shiny, tera:Fairy|91\/100\n|turn|6\n|\n|t:|1683752425\n|move|p2a: Flutter Mane|Dazzling Gleam|p1b: Toxapex|[spread] p1a,p1b\n|-resisted|p1a: Glimmora\n|-resisted|p1b: Toxapex\n|-damage|p1a: Glimmora|0 fnt\n|-damage|p1b: Toxapex|24\/100\n|faint|p1a: Glimmora\n|-damage|p2a: Flutter Mane|81\/100|[from] item: Life Orb\n|move|p1b: Toxapex|Gunk Shot|p2a: Flutter Mane\n|-supereffective|p2a: Flutter Mane\n|-damage|p2a: Flutter Mane|0 fnt\n|faint|p2a: Flutter Mane\n|-end|p2a: Flutter Mane|Protosynthesis|[silent]\n|\n|win|ProtonX\n|raw|ProtonX's rating: 1086 → 1108<\/strong> (+22 for winning)\n|raw|wackomarko's rating: 1023 → 1012<\/strong> (-11 for losing)\n","uploadtime":1683752437,"views":7,"p1id":"protonx","p2id":"wackomarko","formatid":"gen9vgc2023regulationc","rating":1012,"private":0,"password":""}