{"id":"gen9vgc2023regulationc-1858312578","p1":"Bakonlikescufant","p2":"ShatteredPugVGC","format":"[Gen 9] VGC 2023 Regulation C","log":"|j|\u2606Bakonlikescufant\n|j|\u2606ShatteredPugVGC\n|t:|1683300975\n|gametype|doubles\n|player|p1|Bakonlikescufant|iono|1012\n|player|p2|ShatteredPugVGC|265|1120\n|teamsize|p1|6\n|teamsize|p2|6\n|gen|9\n|tier|[Gen 9] VGC 2023 Regulation C\n|rated|\n|rule|Species Clause: Limit one of each Pok\u00e9mon\n|rule|Item Clause: Limit one of each item\n|clearpoke\n|poke|p1|Palafin, L50, F|\n|poke|p1|Baxcalibur, L50, M|\n|poke|p1|Amoonguss, L50, M|\n|poke|p1|Flutter Mane, L50|\n|poke|p1|Arcanine, L50, M|\n|poke|p1|Iron Hands, L50|\n|poke|p2|Gengar, L50, M|\n|poke|p2|Sandy Shocks, L50|\n|poke|p2|Gyarados, L50, M|\n|poke|p2|Amoonguss, L50, M|\n|poke|p2|Chi-Yu, L50|\n|poke|p2|Kingambit, L50, F|\n|teampreview|4\n|inactive|Battle timer is ON: inactive players will automatically lose when time's up. (requested by Bakonlikescufant)\nBakonlikescufant has agreed to open team sheets.\nShatteredPugVGC rejected open team sheets.\n|inactive|Bakonlikescufant has 60 seconds left.\n|inactive|Bakonlikescufant has 30 seconds left.\n|c|\u2606Bakonlikescufant|Oh shattered pug?\n|inactive|Bakonlikescufant has 20 seconds left.\n|\n|t:|1683301049\n|start\n|switch|p1a: Fincineroar|Palafin, L50, F, shiny|100\/100\n|switch|p1b: Bedtime\ud83d\udd14|Amoonguss, L50, M|100\/100\n|switch|p2a: Gengar|Gengar, L50, M|100\/100\n|switch|p2b: Sandy Shocks|Sandy Shocks, L50|100\/100\n|-enditem|p2b: Sandy Shocks|Booster Energy\n|-activate|p2b: Sandy Shocks|ability: Protosynthesis|[fromitem]\n|-start|p2b: Sandy Shocks|protosynthesisspe\n|turn|1\n|inactive|Bakonlikescufant has 30 seconds left.\n|\n|t:|1683301078\n|-terastallize|p2b: Sandy Shocks|Water\n|move|p1a: Fincineroar|Protect|p1a: Fincineroar\n|-singleturn|p1a: Fincineroar|Protect\n|move|p2b: Sandy Shocks|Gravity|p2b: Sandy Shocks\n|-fieldstart|move: Gravity\n|move|p2a: Gengar|Hypnosis|p1b: Bedtime\ud83d\udd14\n|-status|p1b: Bedtime\ud83d\udd14|slp|[from] move: Hypnosis\n|cant|p1b: Bedtime\ud83d\udd14|slp\n|\n|upkeep\n|turn|2\n|inactive|Bakonlikescufant has 30 seconds left.\n|\n|t:|1683301103\n|detailschange|p1a: Fincineroar|Palafin-Hero, L50, F, shiny\n|switch|p1a: Sonic|Baxcalibur, L50, M|100\/100\n|move|p2b: Sandy Shocks|Thunderbolt|p1a: Sonic\n|-resisted|p1a: Sonic\n|-damage|p1a: Sonic|80\/100\n|move|p2a: Gengar|Dream Eater|p1b: Bedtime\ud83d\udd14\n|-supereffective|p1b: Bedtime\ud83d\udd14\n|-damage|p1b: Bedtime\ud83d\udd14|36\/100 slp\n|-enditem|p1b: Bedtime\ud83d\udd14|Sitrus Berry|[eat]\n|-heal|p1b: Bedtime\ud83d\udd14|61\/100 slp|[from] item: Sitrus Berry\n|-damage|p2a: Gengar|91\/100|[from] item: Life Orb\n|-curestatus|p1b: Bedtime\ud83d\udd14|slp|[msg]\n|move|p1b: Bedtime\ud83d\udd14|Spore|p2a: Gengar\n|-status|p2a: Gengar|slp|[from] move: Spore\n|\n|upkeep\n|turn|3\n|c|\u2606ShatteredPugVGC|Yes it\u2019s me\n|inactive|Bakonlikescufant has 30 seconds left.\n|inactive|ShatteredPugVGC has 30 seconds left.\n|c|\u2606Bakonlikescufant|Hi\n|c|\u2606ShatteredPugVGC|whats up. Just team testing\n|c|\u2606ShatteredPugVGC|hi\n|inactive|Bakonlikescufant has 20 seconds left.\n|inactive|ShatteredPugVGC has 20 seconds left.\n|inactive|Bakonlikescufant has 15 seconds left.\n|inactive|ShatteredPugVGC has 15 seconds left.\n|\n|t:|1683301147\n|switch|p2a: Gyarados|Gyarados, L50, M, shiny|100\/100\n|-ability|p2a: Gyarados|Intimidate|boost\n|-fail|p1a: Sonic|unboost|[from] item: Clear Amulet|[of] p1a: Sonic\n|-unboost|p1b: Bedtime\ud83d\udd14|atk|1\n|move|p1b: Bedtime\ud83d\udd14|Rage Powder|p1b: Bedtime\ud83d\udd14\n|-singleturn|p1b: Bedtime\ud83d\udd14|move: Rage Powder\n|move|p2b: Sandy Shocks|Stealth Rock|p1b: Bedtime\ud83d\udd14\n|-sidestart|p1: Bakonlikescufant|move: Stealth Rock\n|move|p1a: Sonic|Dragon Dance|p1a: Sonic\n|-boost|p1a: Sonic|atk|1\n|-boost|p1a: Sonic|spe|1\n|\n|upkeep\n|turn|4\n|inactive|Bakonlikescufant has 30 seconds left.\n|inactive|Bakonlikescufant has 20 seconds left.\n|\n|t:|1683301184\n|move|p2b: Sandy Shocks|Thunderbolt|p1b: Bedtime\ud83d\udd14\n|-resisted|p1b: Bedtime\ud83d\udd14\n|-damage|p1b: Bedtime\ud83d\udd14|44\/100\n|move|p1a: Sonic|Glaive Rush|p2a: Gyarados\n|-damage|p2a: Gyarados|6\/100\n|-singlemove|p1a: Sonic|Glaive Rush|[silent]\n|-enditem|p2a: Gyarados|Sitrus Berry|[eat]\n|-heal|p2a: Gyarados|31\/100|[from] item: Sitrus Berry\n|move|p2a: Gyarados|Thunder Wave|p1a: Sonic\n|-status|p1a: Sonic|par\n|move|p1b: Bedtime\ud83d\udd14|Pollen Puff|p1a: Sonic\n|-heal|p1a: Sonic|100\/100 par\n|\n|upkeep\n|turn|5\n|inactive|Bakonlikescufant has 30 seconds left.\n|\n|t:|1683301210\n|move|p1b: Bedtime\ud83d\udd14|Rage Powder|p1b: Bedtime\ud83d\udd14\n|-singleturn|p1b: Bedtime\ud83d\udd14|move: Rage Powder\n|move|p2b: Sandy Shocks|Earth Power|p1b: Bedtime\ud83d\udd14\n|-damage|p1b: Bedtime\ud83d\udd14|14\/100\n|move|p2a: Gyarados|Taunt|p1b: Bedtime\ud83d\udd14\n|-start|p1b: Bedtime\ud83d\udd14|move: Taunt\n|move|p1a: Sonic|Glaive Rush|p2b: Sandy Shocks\n|-damage|p2b: Sandy Shocks|0 fnt\n|-singlemove|p1a: Sonic|Glaive Rush|[silent]\n|faint|p2b: Sandy Shocks\n|-end|p2b: Sandy Shocks|Protosynthesis|[silent]\n|\n|-fieldend|move: Gravity\n|upkeep\n|\n|t:|1683301225\n|switch|p2b: Gengar|Gengar, L50, M|91\/100 slp\n|turn|6\n|\n|t:|1683301237\n|cant|p2b: Gengar|slp\n|move|p2a: Gyarados|Waterfall|p1a: Sonic\n|-resisted|p1a: Sonic\n|-damage|p1a: Sonic|68\/100 par\n|move|p1a: Sonic|Icicle Crash|p2b: Gengar\n|-damage|p2b: Gengar|0 fnt\n|faint|p2b: Gengar\n|move|p1b: Bedtime\ud83d\udd14|Pollen Puff|p1a: Sonic\n|-heal|p1a: Sonic|100\/100 par\n|\n|upkeep\n|\n|t:|1683301247\n|switch|p2b: Chi-Yu|Chi-Yu, L50|100\/100\n|-ability|p2b: Chi-Yu|Beads of Ruin\n|turn|7\n|\n|t:|1683301269\n|move|p2b: Chi-Yu|Heat Wave|p1b: Bedtime\ud83d\udd14|[spread] p1a,p1b\n|-supereffective|p1b: Bedtime\ud83d\udd14\n|-damage|p1a: Sonic|56\/100 par\n|-damage|p1b: Bedtime\ud83d\udd14|0 fnt\n|-ability|p1a: Sonic|Thermal Exchange|boost\n|-boost|p1a: Sonic|atk|1\n|faint|p1b: Bedtime\ud83d\udd14\n|move|p2a: Gyarados|Thunder Wave|p1a: Sonic\n|-fail|p1a: Sonic|par\n|move|p1a: Sonic|Glaive Rush|p2a: Gyarados\n|-damage|p2a: Gyarados|0 fnt\n|-singlemove|p1a: Sonic|Glaive Rush|[silent]\n|faint|p2a: Gyarados\n|\n|upkeep\n|\n|t:|1683301280\n|switch|p1b: Fincineroar|Palafin-Hero, L50, F, shiny|100\/100\n|-damage|p1b: Fincineroar|88\/100|[from] Stealth Rock\n|-activate|p1b: Fincineroar|ability: Zero to Hero\n|turn|8\n|\n|t:|1683301290\n|move|p1b: Fincineroar|Jet Punch|p2b: Chi-Yu\n|-supereffective|p2b: Chi-Yu\n|-damage|p2b: Chi-Yu|0 fnt\n|faint|p2b: Chi-Yu\n|-damage|p1b: Fincineroar|78\/100|[from] item: Life Orb\n|\n|win|Bakonlikescufant\n|raw|Bakonlikescufant's rating: 1012 → 1062<\/strong> (+50 for winning)\n|raw|ShatteredPugVGC's rating: 1120 → 1087<\/strong> (-33 for losing)\n|l|\u2606ShatteredPugVGC\n|c|\u2606Bakonlikescufant|Gg\n","uploadtime":1683301322,"views":10,"p1id":"bakonlikescufant","p2id":"shatteredpugvgc","formatid":"gen9vgc2023regulationc","rating":1062,"private":0,"password":""}