{"id":"gen9vgc2023regulationc-1858933780","p1":"peppeld","p2":"Tamejo","format":"[Gen 9] VGC 2023 Regulation C","log":"|j|\u2606peppeld\n|j|\u2606Tamejo\n|t:|1683385129\n|gametype|doubles\n|player|p1|peppeld|2|\n|player|p2|Tamejo|rood|\n|teamsize|p1|6\n|teamsize|p2|6\n|gen|9\n|tier|[Gen 9] VGC 2023 Regulation C\n|rule|Species Clause: Limit one of each Pok\u00e9mon\n|rule|Item Clause: Limit one of each item\n|clearpoke\n|poke|p1|Maushold-Four, L50|\n|poke|p1|Annihilape, L50, M|\n|poke|p1|Arcanine, L50, M|\n|poke|p1|Ting-Lu, L50|\n|poke|p1|Iron Bundle, L50|\n|poke|p1|Flutter Mane, L50|\n|poke|p2|Murkrow, L50, M|\n|poke|p2|Great Tusk, L50|\n|poke|p2|Iron Bundle, L50|\n|poke|p2|Chi-Yu, L50|\n|poke|p2|Iron Hands, L50|\n|poke|p2|Amoonguss, L50, F|\n|teampreview|4\npeppeld has agreed to open team sheets.\nTamejo has agreed to open team sheets.\n|\n|t:|1683385300\n|start\n|switch|p1a: Arcanine|Arcanine, L50, M|100\/100\n|switch|p1b: Annihilape|Annihilape, L50, M, shiny|100\/100\n|switch|p2a: Iron Bundle|Iron Bundle, L50|100\/100\n|switch|p2b: Chi-Yu|Chi-Yu, L50|100\/100\n|-ability|p2b: Chi-Yu|Beads of Ruin\n|-ability|p1a: Arcanine|Intimidate|boost\n|-unboost|p2a: Iron Bundle|atk|1\n|-unboost|p2b: Chi-Yu|atk|1\n|-enditem|p2a: Iron Bundle|Booster Energy\n|-activate|p2a: Iron Bundle|ability: Quark Drive|[fromitem]\n|-start|p2a: Iron Bundle|quarkdrivespe\n|turn|1\n|\n|t:|1683385329\n|-terastallize|p2b: Chi-Yu|Water\n|move|p1a: Arcanine|Protect|p1a: Arcanine\n|-singleturn|p1a: Arcanine|Protect\n|move|p2a: Iron Bundle|Hydro Pump|p1a: Arcanine\n|-activate|p1a: Arcanine|move: Protect\n|move|p2b: Chi-Yu|Heat Wave|p1b: Annihilape|[spread] p1b\n|-activate|p1a: Arcanine|move: Protect\n|-damage|p1b: Annihilape|45\/100\n|move|p1b: Annihilape|Drain Punch|p2a: Iron Bundle\n|-supereffective|p2a: Iron Bundle\n|-damage|p2a: Iron Bundle|26\/100\n|-heal|p1b: Annihilape|69\/100|[from] drain|[of] p2a: Iron Bundle\n|\n|-heal|p1b: Annihilape|75\/100|[from] item: Leftovers\n|upkeep\n|turn|2\n|\n|t:|1683385450\n|-end|p2a: Iron Bundle|Quark Drive|[silent]\n|switch|p2a: Amoonguss|Amoonguss, L50, F|100\/100\n|move|p2b: Chi-Yu|Heat Wave|p1b: Annihilape|[spread] p1a,p1b\n|-resisted|p1a: Arcanine\n|-damage|p1a: Arcanine|59\/100\n|-damage|p1b: Annihilape|20\/100\n|move|p1a: Arcanine|Flare Blitz|p2a: Amoonguss\n|-supereffective|p2a: Amoonguss\n|-damage|p2a: Amoonguss|24\/100\n|-enditem|p2a: Amoonguss|Sitrus Berry|[eat]\n|-heal|p2a: Amoonguss|49\/100|[from] item: Sitrus Berry\n|-damage|p1a: Arcanine|31\/100|[from] Recoil\n|-enditem|p1a: Arcanine|Sitrus Berry|[eat]\n|-heal|p1a: Arcanine|56\/100|[from] item: Sitrus Berry\n|move|p1b: Annihilape|Drain Punch|p2a: Amoonguss\n|-resisted|p2a: Amoonguss\n|-damage|p2a: Amoonguss|37\/100\n|-heal|p1b: Annihilape|27\/100|[from] drain|[of] p2a: Amoonguss\n|\n|-heal|p1b: Annihilape|33\/100|[from] item: Leftovers\n|upkeep\n|turn|3\n|\n|t:|1683385511\n|-terastallize|p1b: Annihilape|Water\n|move|p2a: Amoonguss|Rage Powder|p2a: Amoonguss\n|-singleturn|p2a: Amoonguss|move: Rage Powder\n|move|p2b: Chi-Yu|Heat Wave|p1b: Annihilape|[spread] p1a,p1b\n|-resisted|p1a: Arcanine\n|-resisted|p1b: Annihilape\n|-damage|p1a: Arcanine|13\/100\n|-damage|p1b: Annihilape|5\/100\n|move|p1a: Arcanine|Flare Blitz|p2a: Amoonguss\n|-supereffective|p2a: Amoonguss\n|-damage|p2a: Amoonguss|0 fnt\n|faint|p2a: Amoonguss\n|-damage|p1a: Arcanine|0 fnt|[from] Recoil\n|faint|p1a: Arcanine\n|move|p1b: Annihilape|Rage Fist|p2b: Chi-Yu\n|-damage|p2b: Chi-Yu|0 fnt\n|faint|p2b: Chi-Yu\n|\n|-heal|p1b: Annihilape|12\/100|[from] item: Leftovers\n|upkeep\n|\n|t:|1683385537\n|switch|p2b: Iron Bundle|Iron Bundle, L50|26\/100\n|switch|p1a: Iron Bundle|Iron Bundle, L50, shiny|100\/100\n|switch|p2a: Great Tusk|Great Tusk, L50|100\/100\n|-enditem|p1a: Iron Bundle|Booster Energy\n|-activate|p1a: Iron Bundle|ability: Quark Drive|[fromitem]\n|-start|p1a: Iron Bundle|quarkdrivespe\n|turn|4\n|\n|t:|1683385592\n|move|p1a: Iron Bundle|Protect|p1a: Iron Bundle\n|-singleturn|p1a: Iron Bundle|Protect\n|move|p2b: Iron Bundle|Protect|p2b: Iron Bundle\n|-singleturn|p2b: Iron Bundle|Protect\n|move|p2a: Great Tusk|Rock Slide|p1a: Iron Bundle|[spread] p1b\n|-activate|p1a: Iron Bundle|move: Protect\n|-damage|p1b: Annihilape|0 fnt\n|faint|p1b: Annihilape\n|\n|upkeep\n|\n|t:|1683385600\n|switch|p1b: Flutter Mane|Flutter Mane, L50|100\/100\n|turn|5\n|\n|t:|1683385607\n|move|p2a: Great Tusk|Protect|p2a: Great Tusk\n|-singleturn|p2a: Great Tusk|Protect\n|move|p1a: Iron Bundle|Icy Wind|p2b: Iron Bundle|[spread] p2b\n|-activate|p2a: Great Tusk|move: Protect\n|-resisted|p2b: Iron Bundle\n|-damage|p2b: Iron Bundle|17\/100\n|-unboost|p2b: Iron Bundle|spe|1\n|move|p1b: Flutter Mane|Dazzling Gleam|p2b: Iron Bundle|[spread] p2b\n|-activate|p2a: Great Tusk|move: Protect\n|-damage|p2b: Iron Bundle|0 fnt\n|faint|p2b: Iron Bundle\n|-end|p2b: Iron Bundle|Quark Drive|[silent]\n|\n|upkeep\n|turn|6\n|\n|t:|1683385622\n|move|p1a: Iron Bundle|Icy Wind|p2a: Great Tusk\n|-supereffective|p2a: Great Tusk\n|-damage|p2a: Great Tusk|18\/100\n|-unboost|p2a: Great Tusk|spe|1\n|move|p1b: Flutter Mane|Dazzling Gleam|p2a: Great Tusk\n|-supereffective|p2a: Great Tusk\n|-damage|p2a: Great Tusk|0 fnt\n|faint|p2a: Great Tusk\n|-end|p2a: Great Tusk|Protosynthesis|[silent]\n|\n|win|peppeld\n|c|\u2606Tamejo|Gg\n|c|\u2606peppeld|gg\n|l|\u2606peppeld\n|j| lucarioex555\n|l| lucarioex555\n","uploadtime":1683386715,"views":7,"p1id":"peppeld","p2id":"tamejo","formatid":"gen9vgc2023regulationc","rating":0,"private":0,"password":""}