{"id":"gen9vgc2023regulationc-1862738715","p1":"Pikachimon","p2":"K0nec","format":"[Gen 9] VGC 2023 Regulation C","log":"|j|\u2606Pikachimon\n|j|\u2606K0nec\n|t:|1683916966\n|gametype|doubles\n|player|p1|Pikachimon|supernerd|1161\n|player|p2|K0nec|ethan|1232\n|teamsize|p1|6\n|teamsize|p2|6\n|gen|9\n|tier|[Gen 9] VGC 2023 Regulation C\n|rated|\n|rule|Species Clause: Limit one of each Pok\u00e9mon\n|rule|Item Clause: Limit one of each item\n|clearpoke\n|poke|p1|Gholdengo, L50|\n|poke|p1|Flutter Mane, L50|\n|poke|p1|Amoonguss, L50, M|\n|poke|p1|Glimmora, L50, M|\n|poke|p1|Lycanroc-Dusk, L50, F|\n|poke|p1|Houndstone, L50, F|\n|poke|p2|Ting-Lu, L50|\n|poke|p2|Hatterene, L50, F|\n|poke|p2|Torkoal, L50, M|\n|poke|p2|Iron Hands, L50|\n|poke|p2|Azumarill, L50, M|\n|poke|p2|Flamigo, L50, F|\n|teampreview|4\n|inactive|Battle timer is ON: inactive players will automatically lose when time's up. (requested by K0nec)\nK0nec rejected open team sheets.\n|inactive|Pikachimon has 60 seconds left.\n|\n|t:|1683917016\n|start\n|switch|p1a: Glimmora|Glimmora, L50, M|100\/100\n|switch|p1b: Lycanroc|Lycanroc-Dusk, L50, F|100\/100\n|switch|p2a: Hatterene|Hatterene, L50, F|100\/100\n|switch|p2b: Iron Hands|Iron Hands, L50|100\/100\n|-enditem|p2b: Iron Hands|Booster Energy\n|-activate|p2b: Iron Hands|ability: Quark Drive|[fromitem]\n|-start|p2b: Iron Hands|quarkdriveatk\n|turn|1\n|\n|t:|1683917035\n|move|p2b: Iron Hands|Fake Out|p1b: Lycanroc\n|-resisted|p1b: Lycanroc\n|-damage|p1b: Lycanroc|83\/100\n|cant|p1b: Lycanroc|flinch\n|move|p1a: Glimmora|Sludge Bomb|p2a: Hatterene\n|-supereffective|p2a: Hatterene\n|-enditem|p2a: Hatterene|Focus Sash\n|-damage|p2a: Hatterene|1\/100\n|-status|p2a: Hatterene|psn\n|move|p2a: Hatterene|Trick Room|p2a: Hatterene\n|-fieldstart|move: Trick Room|[of] p2a: Hatterene\n|\n|-damage|p2a: Hatterene|0 fnt|[from] psn\n|faint|p2a: Hatterene\n|upkeep\n|\n|t:|1683917048\n|switch|p2a: Ting-Lu|Ting-Lu, L50|100\/100\n|-ability|p2a: Ting-Lu|Vessel of Ruin\n|turn|2\n|\n|t:|1683917067\n|-terastallize|p1a: Glimmora|Grass\n|move|p2a: Ting-Lu|Stomping Tantrum|p1a: Glimmora\n|-resisted|p1a: Glimmora\n|-damage|p1a: Glimmora|74\/100\n|-activate|p1a: Glimmora|ability: Toxic Debris\n|-sidestart|p2: K0nec|move: Toxic Spikes\n|move|p2b: Iron Hands|Close Combat|p1b: Lycanroc\n|-supereffective|p1b: Lycanroc\n|-damage|p1b: Lycanroc|0 fnt\n|-unboost|p2b: Iron Hands|def|1\n|-unboost|p2b: Iron Hands|spd|1\n|faint|p1b: Lycanroc\n|move|p1a: Glimmora|Energy Ball|p2a: Ting-Lu\n|-supereffective|p2a: Ting-Lu\n|-damage|p2a: Ting-Lu|48\/100\n|\n|upkeep\n|\n|t:|1683917084\n|switch|p1b: Amoonguss|Amoonguss, L50, M, shiny|100\/100\n|turn|3\n|\n|t:|1683917099\n|move|p2b: Iron Hands|Detect|p2b: Iron Hands\n|-singleturn|p2b: Iron Hands|Protect\n|move|p2a: Ting-Lu|Earthquake|p1b: Amoonguss|[spread] p1a,p1b\n|-activate|p2b: Iron Hands|move: Protect\n|-resisted|p1a: Glimmora\n|-damage|p1a: Glimmora|48\/100\n|-damage|p1b: Amoonguss|68\/100\n|-activate|p1a: Glimmora|ability: Toxic Debris\n|-sidestart|p2: K0nec|move: Toxic Spikes\n|move|p1b: Amoonguss|Spore|p2b: Iron Hands\n|-activate|p2b: Iron Hands|move: Protect\n|move|p1a: Glimmora|Energy Ball|p2a: Ting-Lu\n|-supereffective|p2a: Ting-Lu\n|-damage|p2a: Ting-Lu|0 fnt\n|faint|p2a: Ting-Lu\n|\n|upkeep\n|\n|t:|1683917114\n|switch|p2a: Torkoal|Torkoal, L50, M|100\/100\n|-status|p2a: Torkoal|tox\n|-weather|SunnyDay|[from] ability: Drought|[of] p2a: Torkoal\n|turn|4\n|inactive|Pikachimon has 30 seconds left.\n|\n|t:|1683917142\n|move|p1b: Amoonguss|Protect|p1b: Amoonguss\n|-singleturn|p1b: Amoonguss|Protect\n|move|p2a: Torkoal|Eruption|p1b: Amoonguss|[spread] p1a\n|-activate|p1b: Amoonguss|move: Protect\n|-supereffective|p1a: Glimmora\n|-damage|p1a: Glimmora|0 fnt\n|faint|p1a: Glimmora\n|move|p2b: Iron Hands|Close Combat|p1b: Amoonguss\n|-activate|p1b: Amoonguss|move: Protect\n|\n|-weather|SunnyDay|[upkeep]\n|-damage|p2a: Torkoal|94\/100 tox|[from] psn\n|upkeep\n|\n|t:|1683917153\n|switch|p1a: Houndstone|Houndstone, L50, F|100\/100\n|turn|5\n|\n|t:|1683917168\n|move|p1a: Houndstone|Protect|p1a: Houndstone\n|-singleturn|p1a: Houndstone|Protect\n|move|p2a: Torkoal|Eruption|p1b: Amoonguss|[spread] p1b\n|-activate|p1a: Houndstone|move: Protect\n|-supereffective|p1b: Amoonguss\n|-damage|p1b: Amoonguss|0 fnt\n|faint|p1b: Amoonguss\n|move|p2b: Iron Hands|Thunder Punch|p1a: Houndstone\n|-activate|p1a: Houndstone|move: Protect\n|\n|-weather|SunnyDay|[upkeep]\n|-damage|p2a: Torkoal|82\/100 tox|[from] psn\n|-fieldend|move: Trick Room\n|upkeep\n|turn|6\n|\n|t:|1683917193\n|move|p1a: Houndstone|Last Respects|p2a: Torkoal\n|-damage|p2a: Torkoal|0 fnt\n|faint|p2a: Torkoal\n|-damage|p1a: Houndstone|91\/100|[from] item: Life Orb\n|move|p2b: Iron Hands|Thunder Punch|p1a: Houndstone\n|-damage|p1a: Houndstone|56\/100\n|\n|-weather|SunnyDay|[upkeep]\n|upkeep\n|turn|7\n|\n|t:|1683917206\n|move|p2b: Iron Hands|Detect|p2b: Iron Hands\n|-singleturn|p2b: Iron Hands|Protect\n|move|p1a: Houndstone|Last Respects|p2b: Iron Hands\n|-activate|p2b: Iron Hands|move: Protect\n|\n|-weather|SunnyDay|[upkeep]\n|upkeep\n|turn|8\n|-message|K0nec forfeited.\n|\n|win|Pikachimon\n|raw|Pikachimon's rating: 1161 → 1191<\/strong> (+30 for winning)\n|raw|K0nec's rating: 1232 → 1202<\/strong> (-30 for losing)\n|l|\u2606K0nec\n","uploadtime":1683917218,"views":14,"p1id":"pikachimon","p2id":"k0nec","formatid":"gen9vgc2023regulationc","rating":1191,"private":0,"password":""}