{"id":"gen9vgc2023regulationc-1844911898","p1":"haha u rage quit","p2":"Azun Kurone","format":"[Gen 9] VGC 2023 Regulation C","log":"|j|\u2606haha u rage quit\n|j|\u2606Azun Kurone\n|t:|1681663318\n|gametype|doubles\n|player|p1|haha u rage quit|pokemaniac|1419\n|player|p2|Azun Kurone|169|1468\n|teamsize|p1|6\n|teamsize|p2|6\n|gen|9\n|tier|[Gen 9] VGC 2023 Regulation C\n|rated|\n|rule|Species Clause: Limit one of each Pok\u00e9mon\n|rule|Item Clause: Limit one of each item\n|clearpoke\n|poke|p1|Meowscarada, L50, M|\n|poke|p1|Tatsugiri-Droopy, L50, M|\n|poke|p1|Talonflame, L50, M|\n|poke|p1|Pawmot, L50, M|\n|poke|p1|Dondozo, L50, M|\n|poke|p1|Arcanine, L50, M|\n|poke|p2|Annihilape, L50, F|\n|poke|p2|Chien-Pao, L50|\n|poke|p2|Farigiraf, L50, F|\n|poke|p2|Amoonguss, L50, F|\n|poke|p2|Murkrow, L50, M|\n|poke|p2|Arcanine, L50, F|\n|teampreview|4\n|inactive|Battle timer is ON: inactive players will automatically lose when time's up. (requested by Azun Kurone)\n|\n|t:|1681663341\n|start\n|switch|p1a: Meowscarada|Meowscarada, L50, M|100\/100\n|switch|p1b: Pawmot|Pawmot, L50, M, shiny|100\/100\n|switch|p2a: Annihilape|Annihilape, L50, F|100\/100\n|switch|p2b: Arcanine|Arcanine, L50, F|100\/100\n|-ability|p2b: Arcanine|Intimidate|boost\n|-unboost|p1a: Meowscarada|atk|1\n|-unboost|p1b: Pawmot|atk|1\n|turn|1\n|inactive|Azun Kurone has 30 seconds left.\n|\n|t:|1681663372\n|-terastallize|p2a: Annihilape|Fire\n|move|p1a: Meowscarada|Play Rough|p2a: Annihilape\n|-start|p1a: Meowscarada|typechange|Fairy|[from] ability: Protean\n|-resisted|p2a: Annihilape\n|-damage|p2a: Annihilape|83\/100\n|move|p1b: Pawmot|Double Shock|p2a: Annihilape\n|-damage|p2a: Annihilape|42\/100\n|-start|p1b: Pawmot|typechange|???\/Fighting|[from] move: Double Shock\n|move|p2b: Arcanine|Flare Blitz|p1b: Pawmot\n|-damage|p1b: Pawmot|10\/100\n|-damage|p2b: Arcanine|74\/100|[from] Recoil\n|move|p2a: Annihilape|Close Combat|p1a: Meowscarada\n|-resisted|p1a: Meowscarada\n|-damage|p1a: Meowscarada|64\/100\n|-unboost|p2a: Annihilape|def|1\n|-unboost|p2a: Annihilape|spd|1\n|\n|upkeep\n|turn|2\n|inactive|haha u rage quit has 30 seconds left.\n|\n|t:|1681663404\n|switch|p1a: Tatsugiri|Tatsugiri-Droopy, L50, M|100\/100\n|switch|p1b: Dondozo|Dondozo, L50, M|100\/100\n|-activate|p1a: Tatsugiri|ability: Commander|[of] p1b: Dondozo\n|-boost|p1b: Dondozo|atk|2\n|-boost|p1b: Dondozo|spa|2\n|-boost|p1b: Dondozo|spe|2\n|-boost|p1b: Dondozo|def|2\n|-boost|p1b: Dondozo|spd|2\n|-enditem|p2b: Arcanine|Mirror Herb\n|-boost|p2b: Arcanine|atk|2|[from] item: Mirror Herb\n|-boost|p2b: Arcanine|spa|2|[from] item: Mirror Herb\n|-boost|p2b: Arcanine|spe|2|[from] item: Mirror Herb\n|-boost|p2b: Arcanine|def|2|[from] item: Mirror Herb\n|-boost|p2b: Arcanine|spd|2|[from] item: Mirror Herb\n|move|p2b: Arcanine|Extreme Speed|p1b: Dondozo\n|-crit|p1b: Dondozo\n|-damage|p1b: Dondozo|47\/100\n|move|p2a: Annihilape|Rage Fist|p1a: Tatsugiri|[miss]\n|-miss|p2a: Annihilape|p1a: Tatsugiri\n|\n|upkeep\n|turn|3\n|\n|t:|1681663421\n|move|p2a: Annihilape|Endure|p2a: Annihilape\n|-singleturn|p2a: Annihilape|move: Endure\n|move|p2b: Arcanine|Howl|p2b: Arcanine|[spread] p2a,p2b\n|-boost|p2a: Annihilape|atk|1\n|-boost|p2b: Arcanine|atk|1\n|move|p1b: Dondozo|Wave Crash|p2b: Arcanine\n|-supereffective|p2b: Arcanine\n|-damage|p2b: Arcanine|0 fnt\n|faint|p2b: Arcanine\n|-damage|p1b: Dondozo|29\/100|[from] Recoil\n|\n|upkeep\n|\n|t:|1681663436\n|switch|p2b: Murkrow|Murkrow, L50, M|100\/100\n|turn|4\n|\n|t:|1681663445\n|move|p2b: Murkrow|Haze|p2b: Murkrow\n|-clearallboost\n|move|p2a: Annihilape|Rage Fist|p1b: Dondozo\n|-damage|p1b: Dondozo|0 fnt\n|faint|p1b: Dondozo\n|\n|upkeep\n|\n|t:|1681663457\n|switch|p1b: Pawmot|Pawmot, L50, M, shiny|10\/100\n|turn|5\n|\n|t:|1681663472\n|move|p1b: Pawmot|Protect|p1b: Pawmot\n|-singleturn|p1b: Pawmot|Protect\n|move|p2a: Annihilape|Endure|p2a: Annihilape\n|-singleturn|p2a: Annihilape|move: Endure\n|move|p2b: Murkrow|Taunt|p1b: Pawmot\n|-activate|p1b: Pawmot|move: Protect\n|move|p1a: Tatsugiri|Muddy Water|p2b: Murkrow|[spread] p2a\n|-miss|p1a: Tatsugiri|p2b: Murkrow\n|-supereffective|p2a: Annihilape\n|-activate|p2a: Annihilape|move: Endure\n|-damage|p2a: Annihilape|1\/100\n|-unboost|p2a: Annihilape|accuracy|1\n|-ability|p2a: Annihilape|Defiant|boost\n|-boost|p2a: Annihilape|atk|2\n|-enditem|p2a: Annihilape|Salac Berry|[eat]\n|-boost|p2a: Annihilape|spe|1|[from] item: Salac Berry\n|\n|upkeep\n|turn|6\n|inactive|Azun Kurone has 30 seconds left.\n|inactive|Azun Kurone has 20 seconds left.\n|inactive|Azun Kurone has 15 seconds left.\n|inactive|Azun Kurone has 10 seconds left.\n|inactive|Azun Kurone has 5 seconds left.\n|\n|t:|1681663527\n|-terastallize|p1b: Pawmot|Electric\n|move|p2a: Annihilape|Rage Fist|p1b: Pawmot|[miss]\n|-miss|p2a: Annihilape|p1b: Pawmot\n|move|p1b: Pawmot|Double Shock|p2b: Murkrow\n|-supereffective|p2b: Murkrow\n|-damage|p2b: Murkrow|0 fnt\n|-start|p1b: Pawmot|typechange|Electric|[from] move: Double Shock\n|faint|p2b: Murkrow\n|move|p1a: Tatsugiri|Muddy Water|p2a: Annihilape\n|-supereffective|p2a: Annihilape\n|-damage|p2a: Annihilape|0 fnt\n|faint|p2a: Annihilape\n|\n|upkeep\n|-message|Azun Kurone forfeited.\n|\n|win|haha u rage quit\n|raw|haha u rage quit's rating: 1419 → 1442<\/strong> (+23 for winning)\n|raw|Azun Kurone's rating: 1468 → 1445<\/strong> (-23 for losing)\n|l|\u2606Azun Kurone\n","uploadtime":1681663567,"views":13,"p1id":"hahauragequit","p2id":"azunkurone","formatid":"gen9vgc2023regulationc","rating":1442,"private":0,"password":""}