{"id":"gen9vgc2023regulationc-1855147594","p1":"Namelis","p2":"AgenteDino","format":"[Gen 9] VGC 2023 Regulation C","log":"|j|\u2606Namelis\n|j|\u2606AgenteDino\n|t:|1682907104\n|gametype|doubles\n|player|p1|Namelis|shadowtriad|\n|player|p2|AgenteDino|zinnia|\n|teamsize|p1|6\n|teamsize|p2|6\n|gen|9\n|tier|[Gen 9] VGC 2023 Regulation C\n|rule|Species Clause: Limit one of each Pok\u00e9mon\n|rule|Item Clause: Limit one of each item\n|clearpoke\n|poke|p1|Gengar, L50, M|\n|poke|p1|Rotom-Wash, L50|\n|poke|p1|Great Tusk, L50|\n|poke|p1|Raichu, L50, M|\n|poke|p1|Staraptor, L50, F|\n|poke|p1|Garchomp, L50, F|\n|poke|p2|Torkoal, L50, M|\n|poke|p2|Garchomp, L50, M|\n|poke|p2|Great Tusk, L50|\n|poke|p2|Lycanroc-Midnight, L50, M|\n|poke|p2|Gengar, L50, M|\n|poke|p2|Glalie, L50, M|\n|teampreview|4\n|inactive|Battle timer is ON: inactive players will automatically lose when time's up. (requested by Namelis)\n|inactive|Namelis has 60 seconds left.\n|\n|t:|1682907149\n|start\n|switch|p1a: Gengar|Gengar, L50, M|100\/100\n|switch|p1b: Rotom|Rotom-Wash, L50|100\/100\n|switch|p2a: Lycanroc|Lycanroc-Midnight, L50, M|100\/100\n|switch|p2b: Great Tusk|Great Tusk, L50|100\/100\n|turn|1\n|inactive|AgenteDino has 30 seconds left.\n|\n|t:|1682907182\n|switch|p2a: Glalie|Glalie, L50, M, shiny|100\/100\n|move|p1a: Gengar|Protect|p1a: Gengar\n|-singleturn|p1a: Gengar|Protect\n|move|p2b: Great Tusk|Earthquake|p1b: Rotom|[spread] p2a\n|-activate|p1a: Gengar|move: Protect\n|-immune|p1b: Rotom|[from] ability: Levitate\n|-damage|p2a: Glalie|47\/100\n|-damage|p2b: Great Tusk|90\/100|[from] item: Life Orb\n|move|p1b: Rotom|Will-O-Wisp|p2b: Great Tusk\n|-status|p2b: Great Tusk|brn\n|\n|-damage|p2b: Great Tusk|84\/100 brn|[from] brn\n|-ability|p2a: Glalie|Moody|boost\n|-boost|p2a: Glalie|spe|2\n|-unboost|p2a: Glalie|atk|1\n|upkeep\n|turn|2\n|inactive|AgenteDino has 30 seconds left.\n|\n|t:|1682907215\n|switch|p1a: Staraptor|Staraptor, L50, F|100\/100\n|move|p2b: Great Tusk|Protect|p2b: Great Tusk\n|-singleturn|p2b: Great Tusk|Protect\n|move|p2a: Glalie|Earthquake|p1b: Rotom|[spread] \n|-activate|p2b: Great Tusk|move: Protect\n|-immune|p1a: Staraptor\n|-immune|p1b: Rotom|[from] ability: Levitate\n|move|p1b: Rotom|Hydro Pump|p2b: Great Tusk\n|-activate|p2b: Great Tusk|move: Protect\n|\n|-damage|p2b: Great Tusk|78\/100 brn|[from] brn\n|-ability|p2a: Glalie|Moody|boost\n|-boost|p2a: Glalie|def|2\n|-unboost|p2a: Glalie|spa|1\n|upkeep\n|turn|3\n|inactive|Namelis has 30 seconds left.\n|inactive|AgenteDino has 30 seconds left.\n|inactive|AgenteDino has 20 seconds left.\n|\n|t:|1682907252\n|-end|p2b: Great Tusk|Protosynthesis|[silent]\n|switch|p2b: Gengar|Gengar, L50, M, shiny|100\/100\n|move|p1a: Staraptor|Close Combat|p2a: Glalie\n|-supereffective|p2a: Glalie\n|-damage|p2a: Glalie|0 fnt\n|-unboost|p1a: Staraptor|def|1\n|-unboost|p1a: Staraptor|spd|1\n|faint|p2a: Glalie\n|move|p1b: Rotom|Hydro Pump|p2b: Gengar\n|-damage|p2b: Gengar|29\/100\n|\n|upkeep\n|j| Ricomam\n|\n|t:|1682907264\n|switch|p2a: Lycanroc|Lycanroc-Midnight, L50, M|100\/100\n|turn|4\n|j| buenocomoeloro\n|inactive|Namelis has 30 seconds left.\n|inactive|Namelis has 20 seconds left.\n|\n|t:|1682907300\n|move|p2a: Lycanroc|Stone Edge|p1a: Staraptor\n|-supereffective|p1a: Staraptor\n|-damage|p1a: Staraptor|0 fnt\n|faint|p1a: Staraptor\n|move|p2b: Gengar|Thunderbolt|p1b: Rotom\n|-damage|p1b: Rotom|65\/100\n|move|p1b: Rotom|Volt Switch|p2b: Gengar\n|-damage|p2b: Gengar|0 fnt\n|faint|p2b: Gengar\n|\n|t:|1682907303\n|switch|p1b: Gengar|Gengar, L50, M|100\/100|[from] Volt Switch\n|\n|upkeep\n|\n|t:|1682907316\n|switch|p2b: Great Tusk|Great Tusk, L50|78\/100 brn\n|switch|p1a: Great Tusk|Great Tusk, L50|100\/100\n|turn|5\n|inactive|AgenteDino has 30 seconds left.\n|\n|t:|1682907342\n|-terastallize|p1b: Gengar|Fairy\n|move|p1a: Great Tusk|Headlong Rush|p2a: Lycanroc\n|-supereffective|p2a: Lycanroc\n|-damage|p2a: Lycanroc|0 fnt\n|-unboost|p1a: Great Tusk|def|1\n|-unboost|p1a: Great Tusk|spd|1\n|faint|p2a: Lycanroc\n|move|p1b: Gengar|Dazzling Gleam|p2b: Great Tusk\n|-supereffective|p2b: Great Tusk\n|-damage|p2b: Great Tusk|0 fnt\n|faint|p2b: Great Tusk\n|-end|p2b: Great Tusk|Protosynthesis|[silent]\n|\n|win|Namelis\n|l|\u2606Namelis\n|l| Ricomam\n|j| Ricomam\n|l| Ricomam\n|l|\u2606AgenteDino\n","uploadtime":1682907712,"views":15,"p1id":"namelis","p2id":"agentedino","formatid":"gen9vgc2023regulationc","rating":0,"private":0,"password":""}