{"id":"gen9vgc2023regulationc-1851533387","p1":"icedragonkid105","p2":"Celiakiller","format":"[Gen 9] VGC 2023 Regulation C","log":"|j|\u2606icedragonkid105\n|j|\u2606Celiakiller\n|t:|1682453268\n|gametype|doubles\n|player|p1|icedragonkid105|101|1155\n|player|p2|Celiakiller|medium|1066\n|teamsize|p1|6\n|teamsize|p2|6\n|gen|9\n|tier|[Gen 9] VGC 2023 Regulation C\n|rated|\n|rule|Species Clause: Limit one of each Pok\u00e9mon\n|rule|Item Clause: Limit one of each item\n|clearpoke\n|poke|p1|Baxcalibur, L50, M|\n|poke|p1|Flutter Mane, L50|\n|poke|p1|Chi-Yu, L50|\n|poke|p1|Armarouge, L50, M|\n|poke|p1|Iron Bundle, L50|\n|poke|p1|Arcanine, L50, M|\n|poke|p2|Kilowattrel, L50, M|\n|poke|p2|Roaring Moon, L50|\n|poke|p2|Arcanine, L50, F|\n|poke|p2|Iron Hands, L50|\n|poke|p2|Chi-Yu, L50|\n|poke|p2|Ting-Lu, L50|\n|teampreview|4\n|\n|t:|1682453316\n|start\n|switch|p1a: Glacius|Baxcalibur, L50, M|100\/100\n|switch|p1b: K-9|Arcanine, L50, M|100\/100\n|switch|p2a: Kilowattrel|Kilowattrel, L50, M|100\/100\n|switch|p2b: Arcanine|Arcanine, L50, F|100\/100\n|-ability|p2b: Arcanine|Intimidate|boost\n|-fail|p1a: Glacius|unboost|[from] item: Clear Amulet|[of] p1a: Glacius\n|-unboost|p1b: K-9|atk|1\n|-ability|p1b: K-9|Intimidate|boost\n|-unboost|p2a: Kilowattrel|atk|1\n|-ability|p2a: Kilowattrel|Competitive|boost\n|-boost|p2a: Kilowattrel|spa|2\n|-fail|p2b: Arcanine|unboost|[from] item: Clear Amulet|[of] p2b: Arcanine\n|turn|1\n|\n|t:|1682453343\n|move|p2a: Kilowattrel|Protect|p2a: Kilowattrel\n|-singleturn|p2a: Kilowattrel|Protect\n|move|p1b: K-9|Extreme Speed|p2a: Kilowattrel\n|-activate|p2a: Kilowattrel|move: Protect\n|move|p1a: Glacius|Ice Shard|p2a: Kilowattrel\n|-activate|p2a: Kilowattrel|move: Protect\n|move|p2b: Arcanine|Will-O-Wisp|p1a: Glacius|[miss]\n|-miss|p2b: Arcanine|p1a: Glacius\n|\n|upkeep\n|turn|2\n|\n|t:|1682453363\n|switch|p2a: Iron Hands|Iron Hands, L50|100\/100\n|move|p2b: Arcanine|Will-O-Wisp|p1a: Glacius|[miss]\n|-miss|p2b: Arcanine|p1a: Glacius\n|move|p1b: K-9|Howl|p1b: K-9|[spread] p1a,p1b\n|-boost|p1a: Glacius|atk|1\n|-boost|p1b: K-9|atk|1\n|move|p1a: Glacius|Glaive Rush|p2b: Arcanine\n|-damage|p2b: Arcanine|0 fnt\n|-singlemove|p1a: Glacius|Glaive Rush|[silent]\n|faint|p2b: Arcanine\n|\n|upkeep\n|\n|t:|1682453378\n|switch|p2b: Chi-Yu|Chi-Yu, L50|100\/100\n|-ability|p2b: Chi-Yu|Beads of Ruin\n|turn|3\n|\n|t:|1682453400\n|move|p1a: Glacius|Protect|p1a: Glacius\n|-singleturn|p1a: Glacius|Protect\n|move|p2b: Chi-Yu|Dark Pulse|p1b: K-9\n|-damage|p1b: K-9|28\/100\n|move|p1b: K-9|Howl|p1b: K-9|[spread] p1a,p1b\n|-boost|p1a: Glacius|atk|1\n|-boost|p1b: K-9|atk|1\n|move|p2a: Iron Hands|Drain Punch|p1a: Glacius\n|-activate|p1a: Glacius|move: Protect\n|\n|upkeep\n|turn|4\n|inactive|Battle timer is ON: inactive players will automatically lose when time's up. (requested by icedragonkid105)\n|inactive|icedragonkid105 has 60 seconds left.\n|\n|t:|1682453454\n|-terastallize|p1a: Glacius|Poison\n|move|p1b: K-9|Extreme Speed|p2a: Iron Hands\n|-damage|p2a: Iron Hands|68\/100\n|move|p2b: Chi-Yu|Dark Pulse|p1b: K-9\n|-crit|p1b: K-9\n|-damage|p1b: K-9|0 fnt\n|faint|p1b: K-9\n|move|p1a: Glacius|Glaive Rush|p2a: Iron Hands\n|-damage|p2a: Iron Hands|0 fnt\n|-singlemove|p1a: Glacius|Glaive Rush|[silent]\n|faint|p2a: Iron Hands\n|-end|p2a: Iron Hands|Quark Drive|[silent]\n|\n|upkeep\n|\n|t:|1682453468\n|switch|p1b: Rouge|Flutter Mane, L50, shiny|100\/100\n|switch|p2a: Kilowattrel|Kilowattrel, L50, M|100\/100\n|-enditem|p1b: Rouge|Booster Energy\n|-activate|p1b: Rouge|ability: Protosynthesis|[fromitem]\n|-start|p1b: Rouge|protosynthesisspe\n|turn|5\n|\n|t:|1682453492\n|move|p1a: Glacius|Ice Shard|p2a: Kilowattrel\n|-supereffective|p2a: Kilowattrel\n|-enditem|p2a: Kilowattrel|Focus Sash\n|-damage|p2a: Kilowattrel|1\/100\n|move|p1b: Rouge|Dazzling Gleam|p2a: Kilowattrel|[spread] p2a,p2b\n|-damage|p2a: Kilowattrel|0 fnt\n|-damage|p2b: Chi-Yu|62\/100\n|faint|p2a: Kilowattrel\n|move|p2b: Chi-Yu|Dark Pulse|p1a: Glacius\n|-damage|p1a: Glacius|51\/100\n|\n|upkeep\n|turn|6\n|-message|Celiakiller forfeited.\n|\n|win|icedragonkid105\n|raw|icedragonkid105's rating: 1155 → 1174<\/strong> (+19 for winning)\n|raw|Celiakiller's rating: 1066 → 1051<\/strong> (-15 for losing)\n|l|\u2606Celiakiller\n","uploadtime":1682453528,"views":19,"p1id":"icedragonkid105","p2id":"celiakiller","formatid":"gen9vgc2023regulationc","rating":1051,"private":0,"password":""}