{"id":"gen9vgc2023regulationc-1858196717","p1":"hit my whip","p2":"PureNeutral","format":"[Gen 9] VGC 2023 Regulation C","log":"|j|\u2606hit my whip\n|j|\u2606PureNeutral\n|t:|1683289852\n|gametype|doubles\n|player|p1|hit my whip|acetrainerf-gen4dp|1499\n|player|p2|PureNeutral|elesa|1549\n|teamsize|p1|6\n|teamsize|p2|6\n|gen|9\n|tier|[Gen 9] VGC 2023 Regulation C\n|rated|\n|rule|Species Clause: Limit one of each Pok\u00e9mon\n|rule|Item Clause: Limit one of each item\n|clearpoke\n|poke|p1|Jumpluff, L50, F|\n|poke|p1|Torkoal, L50, F|\n|poke|p1|Arcanine, L50, F|\n|poke|p1|Cyclizar, L50, M|\n|poke|p1|Roaring Moon, L50|\n|poke|p1|Indeedee-F, L50, F|\n|poke|p2|Maushold, L50|\n|poke|p2|Annihilape, L50, M|\n|poke|p2|Flutter Mane, L50|\n|poke|p2|Talonflame, L50, M|\n|poke|p2|Great Tusk, L50|\n|poke|p2|Chien-Pao, L50|\n|teampreview|4\n|inactive|Battle timer is ON: inactive players will automatically lose when time's up. (requested by hit my whip)\n|inactive|PureNeutral has 60 seconds left.\n|\n|t:|1683289901\n|start\n|switch|p1a: Torkoal|Torkoal, L50, F|100\/100\n|switch|p1b: Jumpluff|Jumpluff, L50, F|100\/100\n|switch|p2a: Squeakers|Maushold, L50|100\/100\n|switch|p2b: Illyana|Flutter Mane, L50|100\/100\n|-weather|SunnyDay|[from] ability: Drought|[of] p1a: Torkoal\n|-activate|p2b: Illyana|ability: Protosynthesis\n|-start|p2b: Illyana|protosynthesisspa\n|turn|1\n|\n|t:|1683289909\n|-terastallize|p2b: Illyana|Fairy\n|move|p2a: Squeakers|Follow Me|p2a: Squeakers\n|-singleturn|p2a: Squeakers|move: Follow Me\n|move|p1b: Jumpluff|Tailwind|p1b: Jumpluff\n|-sidestart|p1: hit my whip|move: Tailwind\n|move|p2b: Illyana|Dazzling Gleam|p1a: Torkoal|[spread] p1a,p1b\n|-resisted|p1a: Torkoal\n|-damage|p1a: Torkoal|41\/100\n|-damage|p1b: Jumpluff|13\/100\n|move|p1a: Torkoal|Overheat|p2a: Squeakers|[miss]\n|-miss|p1a: Torkoal|p2a: Squeakers\n|\n|-weather|SunnyDay|[upkeep]\n|upkeep\n|turn|2\n|\n|t:|1683289926\n|move|p2a: Squeakers|Follow Me|p2a: Squeakers\n|-singleturn|p2a: Squeakers|move: Follow Me\n|move|p1b: Jumpluff|Sleep Powder|p2a: Squeakers\n|-activate|p2a: Squeakers|item: Safety Goggles|Sleep Powder\n|move|p2b: Illyana|Dazzling Gleam|p1b: Jumpluff|[spread] p1a,p1b\n|-resisted|p1a: Torkoal\n|-damage|p1a: Torkoal|0 fnt\n|-damage|p1b: Jumpluff|0 fnt\n|faint|p1a: Torkoal\n|faint|p1b: Jumpluff\n|\n|-weather|SunnyDay|[upkeep]\n|upkeep\n|\n|t:|1683289930\n|switch|p1b: roaring mid|Roaring Moon, L50|100\/100\n|switch|p1a: Arcanine|Arcanine, L50, F|100\/100\n|-activate|p1b: roaring mid|ability: Protosynthesis\n|-start|p1b: roaring mid|protosynthesisatk\n|-ability|p1a: Arcanine|Intimidate|boost\n|-unboost|p2a: Squeakers|atk|1\n|-unboost|p2b: Illyana|atk|1\n|turn|3\n|\n|t:|1683289935\n|-terastallize|p1b: roaring mid|Fire\n|move|p2a: Squeakers|Follow Me|p2a: Squeakers\n|-singleturn|p2a: Squeakers|move: Follow Me\n|move|p1b: roaring mid|Dragon Dance|p1b: roaring mid\n|-boost|p1b: roaring mid|atk|1\n|-boost|p1b: roaring mid|spe|1\n|move|p1a: Arcanine|Flare Blitz|p2a: Squeakers\n|-crit|p2a: Squeakers\n|-damage|p2a: Squeakers|0 fnt\n|faint|p2a: Squeakers\n|-damage|p1a: Arcanine|70\/100|[from] Recoil\n|move|p2b: Illyana|Dazzling Gleam|p1a: Arcanine|[spread] p1a,p1b\n|-resisted|p1a: Arcanine\n|-resisted|p1b: roaring mid\n|-damage|p1a: Arcanine|21\/100\n|-damage|p1b: roaring mid|69\/100\n|-enditem|p1a: Arcanine|Sitrus Berry|[eat]\n|-heal|p1a: Arcanine|46\/100|[from] item: Sitrus Berry\n|\n|-weather|SunnyDay|[upkeep]\n|upkeep\n|\n|t:|1683289950\n|switch|p2a: BIRB|Talonflame, L50, M|100\/100\n|turn|4\n|\n|t:|1683289959\n|move|p1a: Arcanine|Extreme Speed|p2a: BIRB\n|-damage|p2a: BIRB|63\/100\n|move|p1b: roaring mid|Tera Blast|p2b: Illyana\n|-damage|p2b: Illyana|0 fnt\n|faint|p2b: Illyana\n|-end|p2b: Illyana|Protosynthesis|[silent]\n|move|p2a: BIRB|Tailwind|p2a: BIRB\n|-sidestart|p2: PureNeutral|move: Tailwind\n|\n|-weather|SunnyDay|[upkeep]\n|-sideend|p1: hit my whip|move: Tailwind\n|upkeep\n|\n|t:|1683289966\n|switch|p2b: Chien-POW!|Chien-Pao, L50|100\/100\n|-ability|p2b: Chien-POW!|Sword of Ruin\n|turn|5\n|inactive|PureNeutral has 30 seconds left.\n|\n|t:|1683290000\n|move|p1a: Arcanine|Extreme Speed|p2b: Chien-POW!\n|-damage|p2b: Chien-POW!|71\/100\n|move|p2b: Chien-POW!|Sucker Punch|p1b: roaring mid\n|-damage|p1b: roaring mid|0 fnt\n|faint|p1b: roaring mid\n|-end|p1b: roaring mid|Protosynthesis|[silent]\n|-damage|p2b: Chien-POW!|62\/100|[from] item: Life Orb\n|move|p2a: BIRB|Brave Bird|p1a: Arcanine\n|-damage|p1a: Arcanine|0 fnt\n|faint|p1a: Arcanine\n|-damage|p2a: BIRB|45\/100|[from] Recoil\n|\n|win|PureNeutral\n|raw|hit my whip's rating: 1514 → 1496<\/strong> (-18 for losing)\n|raw|PureNeutral's rating: 1549 → 1567<\/strong> (+18 for winning)\n|l|\u2606hit my whip\n|l|\u2606PureNeutral\n","uploadtime":1683290016,"views":12,"p1id":"hitmywhip","p2id":"pureneutral","formatid":"gen9vgc2023regulationc","rating":1496,"private":0,"password":""}