{"id":"gen9vgc2023regulationc-1855054708","p1":"Isaiahwins mAtches","p2":"RitmanTesting1","format":"[Gen 9] VGC 2023 Regulation C","log":"|j|\u2606Isaiahwins mAtches\n|j|\u2606RitmanTesting1\n|t:|1682895795\n|gametype|doubles\n|player|p1|Isaiahwins mAtches|lucas|1426\n|player|p2|RitmanTesting1|byron|1511\n|teamsize|p1|6\n|teamsize|p2|6\n|gen|9\n|tier|[Gen 9] VGC 2023 Regulation C\n|rated|\n|rule|Species Clause: Limit one of each Pok\u00e9mon\n|rule|Item Clause: Limit one of each item\n|clearpoke\n|poke|p1|Chi-Yu, L50|\n|poke|p1|Flutter Mane, L50|\n|poke|p1|Iron Bundle, L50|\n|poke|p1|Talonflame, L50, M|\n|poke|p1|Kingambit, L50, M|\n|poke|p1|Great Tusk, L50|\n|poke|p2|Arcanine, L50, F|\n|poke|p2|Flutter Mane, L50|\n|poke|p2|Rotom-Wash, L50|\n|poke|p2|Wo-Chien, L50|\n|poke|p2|Glimmora, L50, F|\n|poke|p2|Baxcalibur, L50, F|\n|teampreview|4\n|inactive|Battle timer is ON: inactive players will automatically lose when time's up. (requested by Isaiahwins mAtches)\nRitmanTesting1 has agreed to open team sheets.\n|inactive|RitmanTesting1 has 60 seconds left.\n|\n|t:|1682895836\n|start\n|switch|p1a: Iron Bundle|Iron Bundle, L50|100\/100\n|switch|p1b: Flutter Mane|Flutter Mane, L50|100\/100\n|switch|p2a: Glimmora|Glimmora, L50, F|100\/100\n|switch|p2b: Wo-Chien|Wo-Chien, L50|100\/100\n|-ability|p2b: Wo-Chien|Tablets of Ruin\n|-enditem|p1a: Iron Bundle|Booster Energy\n|-activate|p1a: Iron Bundle|ability: Quark Drive|[fromitem]\n|-start|p1a: Iron Bundle|quarkdrivespe\n|turn|1\n|inactive|Isaiahwins mAtches has 30 seconds left.\n|\n|t:|1682895862\n|-terastallize|p2b: Wo-Chien|Poison\n|move|p1a: Iron Bundle|Freeze-Dry|p2a: Glimmora\n|-damage|p2a: Glimmora|77\/100\n|-status|p2a: Glimmora|frz\n|move|p1b: Flutter Mane|Dazzling Gleam|p2a: Glimmora|[spread] p2a,p2b\n|-resisted|p2a: Glimmora\n|-resisted|p2b: Wo-Chien\n|-damage|p2a: Glimmora|60\/100 frz\n|-damage|p2b: Wo-Chien|84\/100\n|-curestatus|p2a: Glimmora|frz|[msg]\n|move|p2a: Glimmora|Power Gem|p1a: Iron Bundle\n|-supereffective|p1a: Iron Bundle\n|-damage|p1a: Iron Bundle|0 fnt\n|faint|p1a: Iron Bundle\n|-end|p1a: Iron Bundle|Quark Drive|[silent]\n|move|p2b: Wo-Chien|Snarl|p1b: Flutter Mane\n|-damage|p1b: Flutter Mane|79\/100\n|-unboost|p1b: Flutter Mane|spa|1\n|\n|-heal|p2b: Wo-Chien|91\/100|[from] item: Leftovers\n|upkeep\n|\n|t:|1682895868\n|switch|p1a: Great Tusk|Great Tusk, L50|100\/100\n|turn|2\n|\n|t:|1682895888\n|-end|p1b: Flutter Mane|Protosynthesis|[silent]\n|switch|p1b: Talonflame|Talonflame, L50, M|100\/100\n|switch|p2a: Rotom|Rotom-Wash, L50|100\/100\n|move|p1a: Great Tusk|Earthquake|p2b: Wo-Chien|[spread] p2b\n|-immune|p1b: Talonflame\n|-immune|p2a: Rotom|[from] ability: Levitate\n|-supereffective|p2b: Wo-Chien\n|-crit|p2b: Wo-Chien\n|-damage|p2b: Wo-Chien|21\/100\n|move|p2b: Wo-Chien|Leech Seed|p1a: Great Tusk\n|-start|p1a: Great Tusk|move: Leech Seed\n|\n|-heal|p2b: Wo-Chien|27\/100|[from] item: Leftovers\n|-damage|p1a: Great Tusk|88\/100|[from] Leech Seed|[of] p2b: Wo-Chien\n|-heal|p2b: Wo-Chien|39\/100|[silent]\n|upkeep\n|turn|3\n|\n|t:|1682895913\n|move|p2b: Wo-Chien|Protect|p2b: Wo-Chien\n|-singleturn|p2b: Wo-Chien|Protect\n|move|p1b: Talonflame|Brave Bird|p2b: Wo-Chien\n|-activate|p2b: Wo-Chien|move: Protect\n|move|p1a: Great Tusk|Earthquake|p2a: Rotom|[spread] \n|-activate|p2b: Wo-Chien|move: Protect\n|-immune|p1b: Talonflame\n|-immune|p2a: Rotom|[from] ability: Levitate\n|move|p2a: Rotom|Thunderbolt|p1b: Talonflame\n|-supereffective|p1b: Talonflame\n|-damage|p1b: Talonflame|0 fnt\n|faint|p1b: Talonflame\n|\n|-heal|p2b: Wo-Chien|45\/100|[from] item: Leftovers\n|-damage|p1a: Great Tusk|76\/100|[from] Leech Seed|[of] p2b: Wo-Chien\n|-heal|p2b: Wo-Chien|57\/100|[silent]\n|upkeep\n|\n|t:|1682895916\n|switch|p1b: Flutter Mane|Flutter Mane, L50|79\/100\n|turn|4\n|inactive|RitmanTesting1 has 30 seconds left.\n|\n|t:|1682895942\n|-terastallize|p1b: Flutter Mane|Fairy\n|move|p1b: Flutter Mane|Dazzling Gleam|p2a: Rotom|[spread] p2a,p2b\n|-resisted|p2b: Wo-Chien\n|-damage|p2a: Rotom|44\/100\n|-damage|p2b: Wo-Chien|37\/100\n|-enditem|p2a: Rotom|Sitrus Berry|[eat]\n|-heal|p2a: Rotom|69\/100|[from] item: Sitrus Berry\n|move|p1a: Great Tusk|Headlong Rush|p2b: Wo-Chien\n|-supereffective|p2b: Wo-Chien\n|-damage|p2b: Wo-Chien|0 fnt\n|-unboost|p1a: Great Tusk|def|1\n|-unboost|p1a: Great Tusk|spd|1\n|faint|p2b: Wo-Chien\n|move|p2a: Rotom|Hydro Pump|p1a: Great Tusk\n|-supereffective|p1a: Great Tusk\n|-damage|p1a: Great Tusk|0 fnt\n|faint|p1a: Great Tusk\n|-end|p1a: Great Tusk|Protosynthesis|[silent]\n|\n|upkeep\n|\n|t:|1682895954\n|switch|p2b: Glimmora|Glimmora, L50, F|60\/100\n|turn|5\n|\n|t:|1682895963\n|move|p1b: Flutter Mane|Dazzling Gleam|p2b: Glimmora|[spread] p2a,p2b\n|-resisted|p2b: Glimmora\n|-damage|p2a: Rotom|9\/100\n|-damage|p2b: Glimmora|39\/100\n|move|p2a: Rotom|Thunderbolt|p1b: Flutter Mane\n|-damage|p1b: Flutter Mane|37\/100\n|move|p2b: Glimmora|Sludge Bomb|p1b: Flutter Mane\n|-supereffective|p1b: Flutter Mane\n|-damage|p1b: Flutter Mane|0 fnt\n|faint|p1b: Flutter Mane\n|-end|p1b: Flutter Mane|Protosynthesis|[silent]\n|\n|win|RitmanTesting1\n|raw|Isaiahwins mAtches's rating: 1426 → 1411<\/strong> (-15 for losing)\n|raw|RitmanTesting1's rating: 1511 → 1526<\/strong> (+15 for winning)\n|l|\u2606Isaiahwins mAtches\n","uploadtime":1682895976,"views":10,"p1id":"isaiahwinsmatches","p2id":"ritmantesting1","formatid":"gen9vgc2023regulationc","rating":1411,"private":0,"password":""}