{"id":"gen9vgc2023regulationc-1853298039","p1":"1100rainteamabuser","p2":"mugiwaraLux","format":"[Gen 9] VGC 2023 Regulation C","log":"|j|\u26061100rainteamabuser\n|j|\u2606mugiwaraLux\n|t:|1682663448\n|gametype|doubles\n|player|p1|1100rainteamabuser|101|1451\n|player|p2|mugiwaraLux|1|1386\n|teamsize|p1|6\n|teamsize|p2|6\n|gen|9\n|tier|[Gen 9] VGC 2023 Regulation C\n|rated|\n|rule|Species Clause: Limit one of each Pok\u00e9mon\n|rule|Item Clause: Limit one of each item\n|clearpoke\n|poke|p1|Indeedee-F, L50, F|\n|poke|p1|Hatterene, L50, F|\n|poke|p1|Torkoal, L50, M|\n|poke|p1|Kingambit, L50, M|\n|poke|p1|Oranguru, L50, F|\n|poke|p1|Hariyama, L50, F|\n|poke|p2|Palafin, L50, F|\n|poke|p2|Amoonguss, L50, M|\n|poke|p2|Flutter Mane, L50|\n|poke|p2|Arcanine, L50, F|\n|poke|p2|Chien-Pao, L50|\n|poke|p2|Roaring Moon, L50|\n|teampreview|4\n|inactive|Battle timer is ON: inactive players will automatically lose when time's up. (requested by mugiwaraLux)\nmugiwaraLux has agreed to open team sheets.\n|inactive|mugiwaraLux has 60 seconds left.\n|\n|t:|1682663493\n|start\n|switch|p1a: Indeedee|Indeedee-F, L50, F|100\/100\n|switch|p1b: Hatterene|Hatterene, L50, F|100\/100\n|switch|p2a: Roaring Moon|Roaring Moon, L50|100\/100\n|switch|p2b: Chien-Pao|Chien-Pao, L50|100\/100\n|-ability|p2b: Chien-Pao|Sword of Ruin\n|-fieldstart|move: Psychic Terrain|[from] ability: Psychic Surge|[of] p1a: Indeedee\n|-enditem|p1a: Indeedee|Psychic Seed\n|-boost|p1a: Indeedee|spd|1|[from] item: Psychic Seed\n|-enditem|p2a: Roaring Moon|Booster Energy\n|-activate|p2a: Roaring Moon|ability: Protosynthesis|[fromitem]\n|-start|p2a: Roaring Moon|protosynthesisatk\n|turn|1\n|inactive|1100rainteamabuser has 30 seconds left.\n|\n|t:|1682663524\n|-terastallize|p2a: Roaring Moon|Flying\n|move|p1a: Indeedee|Follow Me|p1a: Indeedee\n|-singleturn|p1a: Indeedee|move: Follow Me\n|move|p2b: Chien-Pao|Ice Spinner|p1a: Indeedee\n|-damage|p1a: Indeedee|49\/100\n|-fieldend|move: Psychic Terrain\n|move|p2a: Roaring Moon|Throat Chop|p1a: Indeedee\n|-supereffective|p1a: Indeedee\n|-damage|p1a: Indeedee|0 fnt\n|faint|p1a: Indeedee\n|move|p1b: Hatterene|Trick Room|p1b: Hatterene\n|-fieldstart|move: Trick Room|[of] p1b: Hatterene\n|\n|upkeep\n|\n|t:|1682663537\n|switch|p1a: Torkoal|Torkoal, L50, M|100\/100\n|-weather|SunnyDay|[from] ability: Drought|[of] p1a: Torkoal\n|turn|2\n|\n|t:|1682663555\n|-end|p2a: Roaring Moon|Protosynthesis|[silent]\n|switch|p2a: Arcanine|Arcanine, L50, F|100\/100\n|-ability|p2a: Arcanine|Intimidate|boost\n|-unboost|p1a: Torkoal|atk|1\n|-unboost|p1b: Hatterene|atk|1\n|-terastallize|p1a: Torkoal|Fire\n|move|p2b: Chien-Pao|Sucker Punch|p1a: Torkoal\n|-damage|p1a: Torkoal|63\/100\n|move|p1a: Torkoal|Eruption|p2b: Chien-Pao|[spread] p2a,p2b\n|-resisted|p2a: Arcanine\n|-supereffective|p2b: Chien-Pao\n|-damage|p2a: Arcanine|72\/100\n|-enditem|p2b: Chien-Pao|Focus Sash\n|-damage|p2b: Chien-Pao|1\/100\n|move|p1b: Hatterene|Dazzling Gleam|p2a: Arcanine|[spread] p2a,p2b\n|-resisted|p2a: Arcanine\n|-supereffective|p2b: Chien-Pao\n|-damage|p2a: Arcanine|54\/100\n|-damage|p2b: Chien-Pao|0 fnt\n|faint|p2b: Chien-Pao\n|-damage|p1b: Hatterene|91\/100|[from] item: Life Orb\n|\n|-weather|SunnyDay|[upkeep]\n|upkeep\n|\n|t:|1682663568\n|switch|p2b: Palafin|Palafin, L50, F|100\/100\n|turn|3\n|\n|t:|1682663584\n|move|p2b: Palafin|Protect|p2b: Palafin\n|-singleturn|p2b: Palafin|Protect\n|move|p1a: Torkoal|Eruption|p2a: Arcanine|[spread] p2a\n|-activate|p2b: Palafin|move: Protect\n|-resisted|p2a: Arcanine\n|-damage|p2a: Arcanine|26\/100\n|move|p1b: Hatterene|Dazzling Gleam|p2a: Arcanine|[spread] p2a\n|-activate|p2b: Palafin|move: Protect\n|-resisted|p2a: Arcanine\n|-damage|p2a: Arcanine|9\/100\n|-damage|p1b: Hatterene|82\/100|[from] item: Life Orb\n|move|p2a: Arcanine|Flare Blitz|p1b: Hatterene\n|-damage|p1b: Hatterene|2\/100\n|-damage|p2a: Arcanine|0 fnt|[from] Recoil\n|faint|p2a: Arcanine\n|\n|-weather|SunnyDay|[upkeep]\n|upkeep\n|\n|t:|1682663594\n|switch|p2a: Roaring Moon|Roaring Moon, L50, tera:Flying|100\/100\n|-activate|p2a: Roaring Moon|ability: Protosynthesis\n|-start|p2a: Roaring Moon|protosynthesisatk\n|turn|4\n|\n|t:|1682663609\n|move|p2a: Roaring Moon|Protect|p2a: Roaring Moon\n|-singleturn|p2a: Roaring Moon|Protect\n|move|p2b: Palafin|Jet Punch|p1a: Torkoal\n|-supereffective|p1a: Torkoal\n|-damage|p1a: Torkoal|46\/100\n|move|p1a: Torkoal|Flamethrower|p2a: Roaring Moon\n|-activate|p2a: Roaring Moon|move: Protect\n|move|p1b: Hatterene|Psychic|p2b: Palafin\n|-damage|p2b: Palafin|24\/100\n|-damage|p1b: Hatterene|0 fnt|[from] item: Life Orb\n|faint|p1b: Hatterene\n|\n|-weather|SunnyDay|[upkeep]\n|upkeep\n|\n|t:|1682663619\n|switch|p1b: Kingambit|Kingambit, L50, M|100\/100\n|turn|5\n|\n|t:|1682663631\n|move|p2b: Palafin|Protect|p2b: Palafin\n|-singleturn|p2b: Palafin|Protect\n|move|p2a: Roaring Moon|Protect|p2a: Roaring Moon\n|-singleturn|p2a: Roaring Moon|Protect\n|move|p1a: Torkoal|Flamethrower|p2a: Roaring Moon\n|-activate|p2a: Roaring Moon|move: Protect\n|move|p1b: Kingambit|Kowtow Cleave|p2b: Palafin\n|-activate|p2b: Palafin|move: Protect\n|\n|-weather|SunnyDay|[upkeep]\n|-fieldend|move: Trick Room\n|upkeep\n|turn|6\n|\n|t:|1682663648\n|move|p2a: Roaring Moon|Acrobatics|p1a: Torkoal\n|-damage|p1a: Torkoal|0 fnt\n|faint|p1a: Torkoal\n|move|p2b: Palafin|Wave Crash|p1b: Kingambit\n|-damage|p1b: Kingambit|82\/100\n|-damage|p2b: Palafin|17\/100|[from] Recoil\n|move|p1b: Kingambit|Kowtow Cleave|p2a: Roaring Moon\n|-damage|p2a: Roaring Moon|38\/100\n|\n|-weather|none\n|-end|p2a: Roaring Moon|Protosynthesis\n|upkeep\n|turn|7\n|\n|t:|1682663671\n|move|p1b: Kingambit|Sucker Punch|p2a: Roaring Moon\n|-damage|p2a: Roaring Moon|0 fnt\n|faint|p2a: Roaring Moon\n|-end|p2a: Roaring Moon|Protosynthesis|[silent]\n|move|p2b: Palafin|Wave Crash|p1b: Kingambit\n|-damage|p1b: Kingambit|43\/100\n|-damage|p2b: Palafin|3\/100|[from] Recoil\n|\n|upkeep\n|turn|8\n|\n|t:|1682663680\n|move|p2b: Palafin|Jet Punch|p1b: Kingambit\n|-damage|p1b: Kingambit|23\/100\n|move|p1b: Kingambit|Kowtow Cleave|p2b: Palafin\n|-damage|p2b: Palafin|0 fnt\n|faint|p2b: Palafin\n|\n|win|1100rainteamabuser\n|raw|1100rainteamabuser's rating: 1451 → 1467<\/strong> (+16 for winning)\n|raw|mugiwaraLux's rating: 1386 → 1370<\/strong> (-16 for losing)\n","uploadtime":1682663685,"views":13,"p1id":"1100rainteamabuser","p2id":"mugiwaralux","formatid":"gen9vgc2023regulationc","rating":1370,"private":0,"password":""}