{"id":"gen9vgc2023regulationc-1854844831","p1":"WillieDangerously","p2":"PITTOKIOTOMARE","format":"[Gen 9] VGC 2023 Regulation C","log":"|j|\u2606WillieDangerously\n|j|\u2606PITTOKIOTOMARE\n|t:|1682872616\n|gametype|doubles\n|player|p1|WillieDangerously|psychic-gen4|1335\n|player|p2|PITTOKIOTOMARE|alder|1297\n|teamsize|p1|6\n|teamsize|p2|6\n|gen|9\n|tier|[Gen 9] VGC 2023 Regulation C\n|rated|\n|rule|Species Clause: Limit one of each Pok\u00e9mon\n|rule|Item Clause: Limit one of each item\n|clearpoke\n|poke|p1|Chien-Pao, L50|\n|poke|p1|Amoonguss, L50, M|\n|poke|p1|Palafin, L50, F|\n|poke|p1|Dragapult, L50, M|\n|poke|p1|Scream Tail, L50|\n|poke|p1|Arcanine, L50, F|\n|poke|p2|Dragonite, L50, F|\n|poke|p2|Garganacl, L50, F|\n|poke|p2|Chi-Yu, L50|\n|poke|p2|Tinkaton, L50, F|\n|poke|p2|Gastrodon, L50, F|\n|poke|p2|Talonflame, L50, F|\n|teampreview|4\nPITTOKIOTOMARE has agreed to open team sheets.\n|inactive|Battle timer is ON: inactive players will automatically lose when time's up. (requested by PITTOKIOTOMARE)\n|\n|t:|1682872696\n|start\n|switch|p1a: Scream Tail|Scream Tail, L50|100\/100\n|switch|p1b: Palafin|Palafin, L50, F|100\/100\n|switch|p2a: Talonflame|Talonflame, L50, F|100\/100\n|switch|p2b: Tinkaton|Tinkaton, L50, F|100\/100\n|-enditem|p1a: Scream Tail|Booster Energy\n|-activate|p1a: Scream Tail|ability: Protosynthesis|[fromitem]\n|-start|p1a: Scream Tail|protosynthesisspe\n|turn|1\n|inactive|WillieDangerously has 30 seconds left.\n|\n|t:|1682872730\n|detailschange|p1b: Palafin|Palafin-Hero, L50, F\n|switch|p1b: Arcanine|Arcanine, L50, F|100\/100\n|-ability|p1b: Arcanine|Intimidate|boost\n|-unboost|p2a: Talonflame|atk|1\n|-fail|p2b: Tinkaton|unboost|Attack|[from] ability: Own Tempo|[of] p2b: Tinkaton\n|move|p2b: Tinkaton|Fake Out|p1a: Scream Tail\n|-damage|p1a: Scream Tail|93\/100\n|cant|p1a: Scream Tail|flinch\n|move|p2a: Talonflame|Will-O-Wisp|p1b: Arcanine\n|-immune|p1b: Arcanine\n|\n|upkeep\n|turn|2\n|inactive|WillieDangerously has 30 seconds left.\n|inactive|WillieDangerously has 20 seconds left.\n|inactive|WillieDangerously has 15 seconds left.\n|inactive|WillieDangerously has 10 seconds left.\n|inactive|WillieDangerously has 5 seconds left.\n|\n|t:|1682872783\n|-end|p1a: Scream Tail|Protosynthesis|[silent]\n|switch|p1a: Palafin|Palafin-Hero, L50, F|100\/100\n|-activate|p1a: Palafin|ability: Zero to Hero\n|switch|p2b: Gastrodon|Gastrodon, L50, F|100\/100\n|move|p2a: Talonflame|Tailwind|p2a: Talonflame\n|-sidestart|p2: PITTOKIOTOMARE|move: Tailwind\n|move|p1b: Arcanine|Flare Blitz|p2b: Gastrodon\n|-resisted|p2b: Gastrodon\n|-damage|p2b: Gastrodon|73\/100\n|-damage|p1b: Arcanine|89\/100|[from] Recoil\n|\n|upkeep\n|turn|3\n|\n|t:|1682872808\n|-terastallize|p1b: Arcanine|Normal\n|move|p1b: Arcanine|Extreme Speed|p2b: Gastrodon\n|-damage|p2b: Gastrodon|31\/100\n|move|p2a: Talonflame|Will-O-Wisp|p1a: Palafin\n|-status|p1a: Palafin|brn\n|move|p1a: Palafin|Ice Punch|p2b: Gastrodon\n|-damage|p2b: Gastrodon|14\/100\n|-status|p2b: Gastrodon|frz\n|-enditem|p2b: Gastrodon|Aguav Berry|[eat]\n|-heal|p2b: Gastrodon|47\/100 frz|[from] item: Aguav Berry\n|cant|p2b: Gastrodon|frz\n|\n|-damage|p1a: Palafin|95\/100 brn|[from] brn\n|upkeep\n|turn|4\n|\n|t:|1682872833\n|move|p1b: Arcanine|Protect|p1b: Arcanine\n|-singleturn|p1b: Arcanine|Protect\n|move|p2a: Talonflame|Will-O-Wisp|p1b: Arcanine\n|-activate|p1b: Arcanine|move: Protect\n|move|p1a: Palafin|Close Combat|p2b: Gastrodon\n|-damage|p2b: Gastrodon|20\/100 frz\n|-unboost|p1a: Palafin|def|1\n|-unboost|p1a: Palafin|spd|1\n|cant|p2b: Gastrodon|frz\n|\n|-damage|p1a: Palafin|89\/100 brn|[from] brn\n|upkeep\n|turn|5\n|inactive|WillieDangerously has 30 seconds left.\n|inactive|PITTOKIOTOMARE has 30 seconds left.\n|\n|t:|1682872864\n|switch|p2b: Tinkaton|Tinkaton, L50, F|100\/100\n|move|p1b: Arcanine|Extreme Speed|p2b: Tinkaton\n|-resisted|p2b: Tinkaton\n|-damage|p2b: Tinkaton|80\/100\n|move|p2a: Talonflame|Will-O-Wisp|p1b: Arcanine\n|-status|p1b: Arcanine|brn\n|move|p1a: Palafin|Wave Crash|p2a: Talonflame\n|-supereffective|p2a: Talonflame\n|-damage|p2a: Talonflame|1\/100\n|-damage|p1a: Palafin|54\/100 brn|[from] Recoil\n|\n|-damage|p1b: Arcanine|83\/100 brn|[from] brn\n|-damage|p1a: Palafin|48\/100 brn|[from] brn\n|-sideend|p2: PITTOKIOTOMARE|move: Tailwind\n|upkeep\n|turn|6\n|inactive|WillieDangerously has 30 seconds left.\n|inactive|PITTOKIOTOMARE has 30 seconds left.\n|inactive|WillieDangerously has 20 seconds left.\n|inactive|WillieDangerously has 15 seconds left.\n|\n|t:|1682872908\n|switch|p2a: Gastrodon|Gastrodon, L50, F|20\/100 frz\n|switch|p1b: Scream Tail|Scream Tail, L50|93\/100\n|move|p2b: Tinkaton|Fake Out|p1b: Scream Tail\n|-crit|p1b: Scream Tail\n|-damage|p1b: Scream Tail|82\/100\n|move|p1a: Palafin|Jet Punch|p2a: Gastrodon\n|-ability|p2a: Gastrodon|Storm Drain|boost\n|-boost|p2a: Gastrodon|spa|1\n|\n|-damage|p1a: Palafin|43\/100 brn|[from] brn\n|upkeep\n|turn|7\n|inactive|WillieDangerously has 30 seconds left.\n|\n|t:|1682872942\n|switch|p1a: Arcanine|Arcanine, L50, F, tera:Normal|83\/100 brn\n|-ability|p1a: Arcanine|Intimidate|boost\n|-unboost|p2a: Gastrodon|atk|1\n|-fail|p2b: Tinkaton|unboost|Attack|[from] ability: Own Tempo|[of] p2b: Tinkaton\n|cant|p2a: Gastrodon|frz\n|move|p1b: Scream Tail|Howl|p1b: Scream Tail|[spread] p1a,p1b\n|-boost|p1a: Arcanine|atk|1\n|-boost|p1b: Scream Tail|atk|1\n|move|p2b: Tinkaton|Gigaton Hammer|p1b: Scream Tail\n|-supereffective|p1b: Scream Tail\n|-damage|p1b: Scream Tail|0 fnt\n|faint|p1b: Scream Tail\n|-end|p1b: Scream Tail|Protosynthesis|[silent]\n|\n|-damage|p1a: Arcanine|77\/100 brn|[from] brn\n|upkeep\n|\n|t:|1682872960\n|switch|p1b: Dragapult|Dragapult, L50, M|100\/100\n|turn|8\n|\n|t:|1682872980\n|move|p1b: Dragapult|Dragon Darts|p2a: Gastrodon\n|-damage|p2a: Gastrodon|0 fnt\n|faint|p2a: Gastrodon\n|move|p1a: Arcanine|Iron Head|p2b: Tinkaton\n|-crit|p2b: Tinkaton\n|-damage|p2b: Tinkaton|50\/100\n|move|p2b: Tinkaton|Play Rough|p1b: Dragapult\n|-supereffective|p1b: Dragapult\n|-crit|p1b: Dragapult\n|-damage|p1b: Dragapult|0 fnt\n|faint|p1b: Dragapult\n|\n|-damage|p1a: Arcanine|71\/100 brn|[from] brn\n|upkeep\n|\n|t:|1682873000\n|switch|p1b: Palafin|Palafin-Hero, L50, F|43\/100 brn\n|switch|p2a: Talonflame|Talonflame, L50, F|1\/100\n|turn|9\n|c|\u2606WillieDangerously|Very good reads on me\n|c|\u2606PITTOKIOTOMARE|thx bro\n|inactive|WillieDangerously has 30 seconds left.\n|c|\u2606PITTOKIOTOMARE|bo3?\n|inactive|WillieDangerously has 20 seconds left.\n|\n|t:|1682873037\n|move|p1a: Arcanine|Extreme Speed|p2a: Talonflame\n|-damage|p2a: Talonflame|0 fnt\n|faint|p2a: Talonflame\n|move|p1b: Palafin|Wave Crash|p2b: Tinkaton\n|-damage|p2b: Tinkaton|6\/100\n|-damage|p1b: Palafin|27\/100 brn|[from] Recoil\n|move|p2b: Tinkaton|Brick Break|p1a: Arcanine\n|-supereffective|p1a: Arcanine\n|-damage|p1a: Arcanine|18\/100 brn\n|\n|-damage|p1a: Arcanine|12\/100 brn|[from] brn\n|-damage|p1b: Palafin|21\/100 brn|[from] brn\n|upkeep\n|\n|t:|1682873053\n|switch|p2a: Dragonite|Dragonite, L50, F|100\/100\n|turn|10\n|c|\u2606WillieDangerously|Sure, if you send the invite. Im on mobile and cant navigate very well lol\n|\n|t:|1682873075\n|move|p1a: Arcanine|Extreme Speed|p2b: Tinkaton\n|-resisted|p2b: Tinkaton\n|-damage|p2b: Tinkaton|0 fnt\n|faint|p2b: Tinkaton\n|move|p1b: Palafin|Ice Punch|p2a: Dragonite\n|-supereffective|p2a: Dragonite\n|-damage|p2a: Dragonite|37\/100\n|move|p2a: Dragonite|Thunder Punch|p1b: Palafin\n|-supereffective|p1b: Palafin\n|-damage|p1b: Palafin|0 fnt\n|faint|p1b: Palafin\n|\n|-damage|p1a: Arcanine|6\/100 brn|[from] brn\n|upkeep\n|turn|11\n|c|\u2606PITTOKIOTOMARE|of course\n|c|\u2606WillieDangerously|Ty\n|\n|t:|1682873097\n|-terastallize|p2a: Dragonite|Flying\n|move|p1a: Arcanine|Extreme Speed|p2a: Dragonite\n|-damage|p2a: Dragonite|13\/100\n|move|p2a: Dragonite|Extreme Speed|p1a: Arcanine\n|-damage|p1a: Arcanine|0 fnt\n|faint|p1a: Arcanine\n|\n|win|PITTOKIOTOMARE\n|raw|WillieDangerously's rating: 1335 → 1313<\/strong> (-22 for losing)\n|raw|PITTOKIOTOMARE's rating: 1297 → 1325<\/strong> (+28 for winning)\n","uploadtime":1682873103,"views":13,"p1id":"williedangerously","p2id":"pittokiotomare","formatid":"gen9vgc2023regulationc","rating":1313,"private":0,"password":""}