{"id":"gen9vgc2023regulationc-1852640951","p1":"SlifVGC","p2":"gEBEMBA","format":"[Gen 9] VGC 2023 Regulation C","log":"|j|\u2606SlifVGC\n|j|\u2606gEBEMBA\n|t:|1682589778\n|gametype|doubles\n|player|p1|SlifVGC|169|\n|player|p2|gEBEMBA|266|\n|teamsize|p1|6\n|teamsize|p2|6\n|gen|9\n|tier|[Gen 9] VGC 2023 Regulation C\n|rule|Species Clause: Limit one of each Pok\u00e9mon\n|rule|Item Clause: Limit one of each item\n|clearpoke\n|poke|p1|Annihilape, L50, M|\n|poke|p1|Chien-Pao, L50|\n|poke|p1|Flutter Mane, L50|\n|poke|p1|Arcanine, L50, M|\n|poke|p1|Palafin, L50, F|\n|poke|p1|Amoonguss, L50, F|\n|poke|p2|Iron Moth, L50|\n|poke|p2|Talonflame, L50, F|\n|poke|p2|Flutter Mane, L50|\n|poke|p2|Gyarados, L50, M|\n|poke|p2|Slaking, L50, F|\n|poke|p2|Ting-Lu, L50|\n|teampreview|4\ngEBEMBA has agreed to open team sheets.\n|\n|t:|1682589831\n|start\n|switch|p1a: Badder Gril|Palafin, L50, F, shiny|100\/100\n|switch|p1b: Goodest Boi|Arcanine, L50, M, shiny|100\/100\n|switch|p2a: Gyarados|Gyarados, L50, M|100\/100\n|switch|p2b: Flutter Mane|Flutter Mane, L50|100\/100\n|-ability|p1b: Goodest Boi|Intimidate|boost\n|-unboost|p2a: Gyarados|atk|1\n|-unboost|p2b: Flutter Mane|atk|1\n|-ability|p2a: Gyarados|Intimidate|boost\n|-unboost|p1a: Badder Gril|atk|1\n|-unboost|p1b: Goodest Boi|atk|1\n|turn|1\n|\n|t:|1682589863\n|move|p1a: Badder Gril|Protect|p1a: Badder Gril\n|-singleturn|p1a: Badder Gril|Protect\n|move|p2b: Flutter Mane|Thunderbolt|p1a: Badder Gril\n|-activate|p1a: Badder Gril|move: Protect\n|move|p1b: Goodest Boi|Flare Blitz|p2b: Flutter Mane\n|-damage|p2b: Flutter Mane|33\/100\n|-damage|p1b: Goodest Boi|85\/100|[from] Recoil\n|move|p2a: Gyarados|Thunder Wave|p1b: Goodest Boi\n|-status|p1b: Goodest Boi|par\n|\n|upkeep\n|turn|2\n|\n|t:|1682589889\n|-end|p2b: Flutter Mane|Protosynthesis|[silent]\n|switch|p2b: Slaking|Slaking, L50, F, shiny|100\/100\n|detailschange|p1a: Badder Gril|Palafin-Hero, L50, F, shiny\n|switch|p1a: POLLEN PUFF|Amoonguss, L50, F, shiny|100\/100\n|move|p2a: Gyarados|Waterfall|p1b: Goodest Boi\n|-supereffective|p1b: Goodest Boi\n|-damage|p1b: Goodest Boi|35\/100 par\n|cant|p1b: Goodest Boi|flinch\n|\n|upkeep\n|turn|3\n|\n|t:|1682589910\n|move|p1b: Goodest Boi|Protect|p1b: Goodest Boi\n|-singleturn|p1b: Goodest Boi|Protect\n|move|p2b: Slaking|Giga Impact|p1a: POLLEN PUFF\n|-damage|p1a: POLLEN PUFF|1\/100\n|-mustrecharge|p2b: Slaking\n|-enditem|p1a: POLLEN PUFF|Sitrus Berry|[eat]\n|-heal|p1a: POLLEN PUFF|26\/100|[from] item: Sitrus Berry\n|move|p2a: Gyarados|Waterfall|p1b: Goodest Boi\n|-activate|p1b: Goodest Boi|move: Protect\n|move|p1a: POLLEN PUFF|Spore|p2b: Slaking\n|-status|p2b: Slaking|slp|[from] move: Spore\n|\n|upkeep\n|turn|4\n|\n|t:|1682589946\n|switch|p1b: Badder Gril|Palafin-Hero, L50, F, shiny|100\/100\n|-activate|p1b: Badder Gril|ability: Zero to Hero\n|cant|p2b: Slaking|recharge\n|move|p2a: Gyarados|Waterfall|p1b: Badder Gril\n|-resisted|p1b: Badder Gril\n|-damage|p1b: Badder Gril|92\/100\n|move|p1a: POLLEN PUFF|Spore|p2a: Gyarados\n|-status|p2a: Gyarados|slp|[from] move: Spore\n|\n|upkeep\n|turn|5\n|\n|t:|1682589980\n|switch|p1a: Goodest Boi|Arcanine, L50, M, shiny|35\/100 par\n|-ability|p1a: Goodest Boi|Intimidate|boost\n|-unboost|p2a: Gyarados|atk|1\n|-unboost|p2b: Slaking|atk|1\n|cant|p2b: Slaking|slp\n|move|p1b: Badder Gril|Wave Crash|p2b: Slaking\n|-damage|p2b: Slaking|19\/100 slp\n|-damage|p1b: Badder Gril|63\/100|[from] Recoil\n|cant|p2a: Gyarados|slp\n|\n|upkeep\n|turn|6\n|\n|t:|1682590001\n|switch|p1a: POLLEN PUFF|Amoonguss, L50, F, shiny|59\/100\n|move|p1b: Badder Gril|Jet Punch|p2b: Slaking\n|-damage|p2b: Slaking|0 fnt\n|faint|p2b: Slaking\n|cant|p2a: Gyarados|slp\n|\n|upkeep\n|\n|t:|1682590009\n|switch|p2b: Iron Moth|Iron Moth, L50|100\/100\n|-enditem|p2b: Iron Moth|Booster Energy\n|-activate|p2b: Iron Moth|ability: Quark Drive|[fromitem]\n|-start|p2b: Iron Moth|quarkdrivespa\n|turn|7\n|\n|t:|1682590030\n|move|p1b: Badder Gril|Protect|p1b: Badder Gril\n|-singleturn|p1b: Badder Gril|Protect\n|move|p2b: Iron Moth|Energy Ball|p1b: Badder Gril\n|-activate|p1b: Badder Gril|move: Protect\n|cant|p2a: Gyarados|slp\n|move|p1a: POLLEN PUFF|Spore|p2b: Iron Moth\n|-status|p2b: Iron Moth|slp|[from] move: Spore\n|\n|upkeep\n|turn|8\n|\n|t:|1682590051\n|-terastallize|p2b: Iron Moth|Water\n|cant|p2b: Iron Moth|slp\n|move|p1b: Badder Gril|Wave Crash|p2b: Iron Moth\n|-resisted|p2b: Iron Moth\n|-damage|p2b: Iron Moth|17\/100 slp\n|-damage|p1b: Badder Gril|42\/100|[from] Recoil\n|-curestatus|p2a: Gyarados|slp|[msg]\n|move|p2a: Gyarados|Thunder Wave|p1b: Badder Gril\n|-status|p1b: Badder Gril|par\n|move|p1a: POLLEN PUFF|Pollen Puff|p1b: Badder Gril\n|-heal|p1b: Badder Gril|92\/100 par\n|\n|upkeep\n|turn|9\n|\n|t:|1682590078\n|move|p1b: Badder Gril|Jet Punch|p2b: Iron Moth\n|-resisted|p2b: Iron Moth\n|-damage|p2b: Iron Moth|0 fnt\n|faint|p2b: Iron Moth\n|-end|p2b: Iron Moth|Quark Drive|[silent]\n|move|p2a: Gyarados|Taunt|p1a: POLLEN PUFF\n|-start|p1a: POLLEN PUFF|move: Taunt\n|cant|p1a: POLLEN PUFF|move: Taunt|Spore\n|\n|upkeep\n|\n|t:|1682590081\n|switch|p2b: Flutter Mane|Flutter Mane, L50|33\/100\n|turn|10\n|-message|gEBEMBA forfeited.\n|\n|win|SlifVGC\n","uploadtime":1682590102,"views":5,"p1id":"slifvgc","p2id":"gebemba","formatid":"gen9vgc2023regulationc","rating":0,"private":0,"password":""}