{"id":"gen9vgc2023regulationc-1845194592","p1":"Training_ArcTM","p2":"ScraggypantsYT","format":"[Gen 9] VGC 2023 Regulation C","log":"|j|\u2606Training_ArcTM\n|j|\u2606ScraggypantsYT\n|t:|1681694877\n|gametype|doubles\n|player|p1|Training_ArcTM|1|\n|player|p2|ScraggypantsYT|plasmagrunt|\n|teamsize|p1|6\n|teamsize|p2|6\n|gen|9\n|tier|[Gen 9] VGC 2023 Regulation C\n|rule|Species Clause: Limit one of each Pok\u00e9mon\n|rule|Item Clause: Limit one of each item\n|clearpoke\n|poke|p1|Roaring Moon, L50|\n|poke|p1|Chien-Pao, L50|\n|poke|p1|Klefki, L50, F|\n|poke|p1|Azumarill, L50, F|\n|poke|p1|Lucario, L50, F|\n|poke|p1|Tauros-Paldea-Blaze, L50, M|\n|poke|p2|Pelipper, L50, F|\n|poke|p2|Palafin, L50, F|\n|poke|p2|Barraskewda, L50, M|\n|poke|p2|Magneton, L50|\n|poke|p2|Garganacl, L50, M|\n|poke|p2|Whiscash, L50, M|\n|teampreview|4\n|inactive|Battle timer is ON: inactive players will automatically lose when time's up. (requested by Training_ArcTM)\n|\n|t:|1681694921\n|start\n|switch|p1a: Chien-Pao|Chien-Pao, L50|100\/100\n|switch|p1b: Lucario|Lucario, L50, F|100\/100\n|switch|p2a: Strong Dolphin|Palafin, L50, F|100\/100\n|switch|p2b: The New Guy|Whiscash, L50, M|100\/100\n|-ability|p1a: Chien-Pao|Sword of Ruin\n|turn|1\n|\n|t:|1681694941\n|-terastallize|p1b: Lucario|Normal\n|move|p1a: Chien-Pao|Protect|p1a: Chien-Pao\n|-singleturn|p1a: Chien-Pao|Protect\n|move|p1b: Lucario|Extreme Speed|p2a: Strong Dolphin\n|-damage|p2a: Strong Dolphin|0 fnt\n|faint|p2a: Strong Dolphin\n|move|p2b: The New Guy|Sandstorm|p2b: The New Guy\n|-weather|Sandstorm\n|\n|-weather|Sandstorm|[upkeep]\n|-damage|p1a: Chien-Pao|95\/100|[from] Sandstorm\n|-damage|p1b: Lucario|94\/100|[from] Sandstorm\n|upkeep\n|\n|t:|1681694953\n|switch|p2a: Don't Be Salty|Garganacl, L50, M|100\/100\n|turn|2\n|\n|t:|1681694973\n|-terastallize|p2a: Don't Be Salty|Fairy\n|move|p1b: Lucario|Extreme Speed|p2b: The New Guy\n|-damage|p2b: The New Guy|30\/100\n|move|p1a: Chien-Pao|Throat Chop|p2b: The New Guy\n|-damage|p2b: The New Guy|0 fnt\n|faint|p2b: The New Guy\n|move|p2a: Don't Be Salty|Body Press|p1a: Chien-Pao\n|-supereffective|p1a: Chien-Pao\n|-damage|p1a: Chien-Pao|0 fnt\n|faint|p1a: Chien-Pao\n|\n|-weather|Sandstorm|[upkeep]\n|-damage|p1b: Lucario|88\/100|[from] Sandstorm\n|-damage|p2a: Don't Be Salty|95\/100|[from] Sandstorm\n|-heal|p2a: Don't Be Salty|100\/100|[from] item: Leftovers\n|upkeep\n|inactive|Training_ArcTM has 30 seconds left.\n|\n|t:|1681695001\n|switch|p1a: Azumarill|Azumarill, L50, F|100\/100\n|switch|p2b: Boltz|Magneton, L50, shiny|100\/100\n|turn|3\n|\n|t:|1681695015\n|switch|p1b: Roaring Moon|Roaring Moon, L50|100\/100\n|-enditem|p1b: Roaring Moon|Booster Energy\n|-activate|p1b: Roaring Moon|ability: Protosynthesis|[fromitem]\n|-start|p1b: Roaring Moon|protosynthesisatk\n|move|p1a: Azumarill|Liquidation|p2b: Boltz\n|-damage|p2b: Boltz|70\/100\n|move|p2b: Boltz|Thunder Wave|p1a: Azumarill\n|-status|p1a: Azumarill|par\n|move|p2a: Don't Be Salty|Iron Defense|p2a: Don't Be Salty\n|-boost|p2a: Don't Be Salty|def|2\n|\n|-weather|Sandstorm|[upkeep]\n|-damage|p1b: Roaring Moon|94\/100|[from] Sandstorm\n|-damage|p2a: Don't Be Salty|95\/100|[from] Sandstorm\n|-damage|p1a: Azumarill|95\/100 par|[from] Sandstorm\n|-heal|p2a: Don't Be Salty|100\/100|[from] item: Leftovers\n|upkeep\n|turn|4\n|inactive|ScraggypantsYT has 30 seconds left.\n|inactive|Training_ArcTM has 30 seconds left.\n|\n|t:|1681695049\n|move|p1b: Roaring Moon|Throat Chop|p2b: Boltz\n|-damage|p2b: Boltz|36\/100\n|-start|p2b: Boltz|Throat Chop|[silent]\n|move|p2b: Boltz|Thunder Wave|p1b: Roaring Moon\n|-status|p1b: Roaring Moon|par\n|move|p2a: Don't Be Salty|Salt Cure|p1a: Azumarill\n|-damage|p1a: Azumarill|79\/100 par\n|-start|p1a: Azumarill|Salt Cure\n|move|p1a: Azumarill|Liquidation|p2b: Boltz\n|-damage|p2b: Boltz|1\/100\n|-unboost|p2b: Boltz|def|1\n|\n|-weather|Sandstorm|[upkeep]\n|-damage|p1b: Roaring Moon|88\/100 par|[from] Sandstorm\n|-damage|p2a: Don't Be Salty|95\/100|[from] Sandstorm\n|-damage|p1a: Azumarill|73\/100 par|[from] Sandstorm\n|-heal|p2a: Don't Be Salty|100\/100|[from] item: Leftovers\n|-damage|p1a: Azumarill|48\/100 par|[from] Salt Cure\n|upkeep\n|turn|5\n|inactive|ScraggypantsYT has 30 seconds left.\n|\n|t:|1681695077\n|move|p1a: Azumarill|Aqua Jet|p2b: Boltz\n|-damage|p2b: Boltz|0 fnt\n|faint|p2b: Boltz\n|move|p1b: Roaring Moon|Dragon Dance|p1b: Roaring Moon\n|-boost|p1b: Roaring Moon|atk|1\n|-boost|p1b: Roaring Moon|spe|1\n|move|p2a: Don't Be Salty|Body Press|p1b: Roaring Moon\n|-supereffective|p1b: Roaring Moon\n|-damage|p1b: Roaring Moon|0 fnt\n|faint|p1b: Roaring Moon\n|-end|p1b: Roaring Moon|Protosynthesis|[silent]\n|\n|-weather|none\n|-damage|p1a: Azumarill|24\/100 par|[from] Salt Cure\n|upkeep\n|\n|t:|1681695087\n|switch|p1b: Lucario|Lucario, L50, F, tera:Normal|88\/100\n|turn|6\n|inactive|ScraggypantsYT has 30 seconds left.\n|\n|t:|1681695119\n|move|p1b: Lucario|Meteor Mash|p2a: Don't Be Salty\n|-supereffective|p2a: Don't Be Salty\n|-damage|p2a: Don't Be Salty|54\/100\n|move|p2a: Don't Be Salty|Body Press|p1b: Lucario\n|-supereffective|p1b: Lucario\n|-damage|p1b: Lucario|0 fnt\n|faint|p1b: Lucario\n|cant|p1a: Azumarill|par\n|\n|-heal|p2a: Don't Be Salty|60\/100|[from] item: Leftovers\n|-damage|p1a: Azumarill|0 fnt|[from] Salt Cure\n|faint|p1a: Azumarill\n|\n|win|ScraggypantsYT\n|upkeep\n|l|\u2606Training_ArcTM\n|c|\u2606ScraggypantsYT|gg\n","uploadtime":1681695137,"views":18,"p1id":"trainingarctm","p2id":"scraggypantsyt","formatid":"gen9vgc2023regulationc","rating":0,"private":0,"password":""}