{"id":"gen9vgc2023regulationc-1845710808","p1":"Goldjunge1994","p2":"gohan92","format":"[Gen 9] VGC 2023 Regulation C","log":"|j|\u2606Goldjunge1994\n|j|\u2606gohan92\n|t:|1681757576\n|gametype|doubles\n|player|p1|Goldjunge1994|170|\n|player|p2|gohan92|170|\n|teamsize|p1|6\n|teamsize|p2|6\n|gen|9\n|tier|[Gen 9] VGC 2023 Regulation C\n|rule|Species Clause: Limit one of each Pok\u00e9mon\n|rule|Item Clause: Limit one of each item\n|clearpoke\n|poke|p1|Dragonite, L50, F|\n|poke|p1|Palafin, L50, M|\n|poke|p1|Flutter Mane, L50|\n|poke|p1|Arcanine, L50, F|\n|poke|p1|Chien-Pao, L50|\n|poke|p1|Amoonguss, L50, F|\n|poke|p2|Chi-Yu, L50|\n|poke|p2|Baxcalibur, L50, F|\n|poke|p2|Flutter Mane, L50|\n|poke|p2|Ting-Lu, L50|\n|poke|p2|Gyarados, L50, M|\n|poke|p2|Amoonguss, L50, M|\n|teampreview|4\nGoldjunge1994 has agreed to open team sheets.\n|c|\u2606gohan92|gl&hf!\n|c|\u2606Goldjunge1994|gl hf\n|c|\u2606Goldjunge1994|Du musst noch OTS zustimmen\ngohan92 has agreed to open team sheets.\n|\n|t:|1681757694\n|start\n|switch|p1a: Geist|Chien-Pao, L50|100\/100\n|switch|p1b: Vhagar|Dragonite, L50, F|100\/100\n|switch|p2a: Chi-Yu|Chi-Yu, L50|100\/100\n|switch|p2b: Gyarados|Gyarados, L50, M|100\/100\n|-ability|p2a: Chi-Yu|Beads of Ruin\n|-ability|p1a: Geist|Sword of Ruin\n|-ability|p2b: Gyarados|Intimidate|boost\n|-unboost|p1a: Geist|atk|1\n|-unboost|p1b: Vhagar|atk|1\n|turn|1\n|\n|t:|1681757741\n|move|p1a: Geist|Protect|p1a: Geist\n|-singleturn|p1a: Geist|Protect\n|move|p2a: Chi-Yu|Heat Wave|p1a: Geist|[spread] p1b\n|-activate|p1a: Geist|move: Protect\n|-resisted|p1b: Vhagar\n|-damage|p1b: Vhagar|87\/100\n|move|p1b: Vhagar|Outrage|p2b: Gyarados\n|-damage|p2b: Gyarados|1\/100\n|move|p2b: Gyarados|Thunder Wave|p1b: Vhagar\n|-status|p1b: Vhagar|par\n|\n|upkeep\n|turn|2\n|\n|t:|1681757767\n|switch|p1a: Grauwind|Arcanine, L50, F|100\/100\n|-ability|p1a: Grauwind|Intimidate|boost\n|-unboost|p2a: Chi-Yu|atk|1\n|-unboost|p2b: Gyarados|atk|1\n|switch|p2b: Amoonguss|Amoonguss, L50, M|100\/100\n|move|p2a: Chi-Yu|Heat Wave|p1a: Grauwind|[spread] p1a,p1b\n|-resisted|p1a: Grauwind\n|-resisted|p1b: Vhagar\n|-damage|p1a: Grauwind|70\/100\n|-damage|p1b: Vhagar|63\/100 par\n|move|p1b: Vhagar|Outrage|p2b: Amoonguss|[from]lockedmove\n|-damage|p2b: Amoonguss|45\/100\n|-enditem|p2b: Amoonguss|Sitrus Berry|[eat]\n|-heal|p2b: Amoonguss|70\/100|[from] item: Sitrus Berry\n|\n|upkeep\n|turn|3\n|\n|t:|1681757820\n|switch|p2a: Gyarados|Gyarados, L50, M|1\/100\n|-ability|p2a: Gyarados|Intimidate|boost\n|-unboost|p1a: Grauwind|atk|1\n|-unboost|p1b: Vhagar|atk|1\n|-terastallize|p2b: Amoonguss|Water\n|move|p1a: Grauwind|Flare Blitz|p2b: Amoonguss\n|-resisted|p2b: Amoonguss\n|-damage|p2b: Amoonguss|56\/100\n|-damage|p1a: Grauwind|64\/100|[from] Recoil\n|move|p1b: Vhagar|Outrage|p2a: Gyarados|[from]lockedmove\n|-damage|p2a: Gyarados|0 fnt\n|faint|p2a: Gyarados\n|-start|p1b: Vhagar|confusion|[fatigue]\n|move|p2b: Amoonguss|Pollen Puff|p2: Gyarados|[notarget]\n|-fail|p2b: Amoonguss\n|\n|upkeep\n|\n|t:|1681757837\n|switch|p2a: Baxcalibur|Baxcalibur, L50, F|100\/100\n|turn|4\n|\n|t:|1681757908\n|switch|p1b: Geist|Chien-Pao, L50|100\/100\n|-ability|p1b: Geist|Sword of Ruin\n|switch|p2b: Chi-Yu|Chi-Yu, L50|100\/100\n|-ability|p2b: Chi-Yu|Beads of Ruin\n|move|p1a: Grauwind|Howl|p1a: Grauwind|[spread] p1a,p1b\n|-boost|p1a: Grauwind|atk|1\n|-boost|p1b: Geist|atk|1\n|move|p2a: Baxcalibur|Icicle Spear|p1b: Geist\n|-resisted|p1b: Geist\n|-damage|p1b: Geist|90\/100\n|-resisted|p1b: Geist\n|-damage|p1b: Geist|79\/100\n|-resisted|p1b: Geist\n|-damage|p1b: Geist|68\/100\n|-resisted|p1b: Geist\n|-damage|p1b: Geist|58\/100\n|-hitcount|p1b: Geist|4\n|\n|upkeep\n|turn|5\n|\n|t:|1681757936\n|move|p1b: Geist|Protect|p1b: Geist\n|-singleturn|p1b: Geist|Protect\n|move|p1a: Grauwind|Protect|p1a: Grauwind\n|-singleturn|p1a: Grauwind|Protect\n|move|p2b: Chi-Yu|Heat Wave|p1a: Grauwind|[spread] \n|-activate|p1a: Grauwind|move: Protect\n|-activate|p1b: Geist|move: Protect\n|move|p2a: Baxcalibur|Glaive Rush|p1a: Grauwind\n|-activate|p1a: Grauwind|move: Protect\n|\n|upkeep\n|turn|6\n|\n|t:|1681757989\n|move|p1b: Geist|Sucker Punch|p2b: Chi-Yu\n|-resisted|p2b: Chi-Yu\n|-damage|p2b: Chi-Yu|49\/100\n|move|p2b: Chi-Yu|Heat Wave|p1a: Grauwind|[spread] p1a,p1b\n|-resisted|p1a: Grauwind\n|-supereffective|p1b: Geist\n|-damage|p1a: Grauwind|36\/100\n|-damage|p1b: Geist|0 fnt\n|faint|p1b: Geist\n|move|p1a: Grauwind|Flare Blitz|p2b: Chi-Yu\n|-resisted|p2b: Chi-Yu\n|-damage|p2b: Chi-Yu|16\/100\n|-damage|p1a: Grauwind|28\/100|[from] Recoil\n|move|p2a: Baxcalibur|Glaive Rush|p1a: Grauwind\n|-crit|p1a: Grauwind\n|-damage|p1a: Grauwind|0 fnt\n|-singlemove|p2a: Baxcalibur|Glaive Rush|[silent]\n|faint|p1a: Grauwind\n|\n|upkeep\n|\n|t:|1681758003\n|switch|p1b: Skarm|Amoonguss, L50, F|100\/100\n|switch|p1a: Vhagar|Dragonite, L50, F|63\/100 par\n|turn|7\n|\n|t:|1681758091\n|-terastallize|p1b: Skarm|Water\n|move|p1b: Skarm|Rage Powder|p1b: Skarm\n|-singleturn|p1b: Skarm|move: Rage Powder\n|move|p2b: Chi-Yu|Heat Wave|p1b: Skarm|[spread] p1a,p1b\n|-resisted|p1a: Vhagar\n|-resisted|p1b: Skarm\n|-damage|p1a: Vhagar|36\/100 par\n|-damage|p1b: Skarm|77\/100\n|move|p2a: Baxcalibur|Icicle Spear|p1b: Skarm\n|-resisted|p1b: Skarm\n|-damage|p1b: Skarm|70\/100\n|-resisted|p1b: Skarm\n|-damage|p1b: Skarm|63\/100\n|-resisted|p1b: Skarm\n|-damage|p1b: Skarm|57\/100\n|-resisted|p1b: Skarm\n|-damage|p1b: Skarm|51\/100\n|-resisted|p1b: Skarm\n|-damage|p1b: Skarm|45\/100\n|-enditem|p1b: Skarm|Sitrus Berry|[eat]\n|-heal|p1b: Skarm|70\/100|[from] item: Sitrus Berry\n|-hitcount|p1b: Skarm|5\n|move|p1a: Vhagar|Facade|p2a: Baxcalibur\n|-damage|p2a: Baxcalibur|29\/100\n|\n|upkeep\n|turn|8\n|\n|t:|1681758140\n|switch|p2b: Amoonguss|Amoonguss, L50, M, tera:Water|89\/100\n|move|p2a: Baxcalibur|Protect|p2a: Baxcalibur\n|-singleturn|p2a: Baxcalibur|Protect\n|move|p1b: Skarm|Rage Powder|p1b: Skarm\n|-singleturn|p1b: Skarm|move: Rage Powder\n|move|p1a: Vhagar|Facade|p2a: Baxcalibur\n|-activate|p2a: Baxcalibur|move: Protect\n|\n|upkeep\n|turn|9\n|\n|t:|1681758192\n|switch|p2a: Chi-Yu|Chi-Yu, L50|16\/100\n|-ability|p2a: Chi-Yu|Beads of Ruin\n|move|p1b: Skarm|Rage Powder|p1b: Skarm\n|-singleturn|p1b: Skarm|move: Rage Powder\n|move|p1a: Vhagar|Facade|p2a: Chi-Yu\n|-damage|p2a: Chi-Yu|0 fnt\n|faint|p2a: Chi-Yu\n|move|p2b: Amoonguss|Spore|p1b: Skarm\n|-status|p1b: Skarm|slp|[from] move: Spore\n|\n|upkeep\n|\n|t:|1681758203\n|switch|p2a: Baxcalibur|Baxcalibur, L50, F|29\/100\n|turn|10\n|\n|t:|1681758216\n|cant|p1b: Skarm|slp\n|move|p2a: Baxcalibur|Ice Shard|p1a: Vhagar\n|-supereffective|p1a: Vhagar\n|-damage|p1a: Vhagar|0 fnt\n|faint|p1a: Vhagar\n|move|p2b: Amoonguss|Pollen Puff|p2a: Baxcalibur\n|-heal|p2a: Baxcalibur|79\/100\n|\n|upkeep\n|turn|11\n|\n|t:|1681758236\n|move|p2b: Amoonguss|Rage Powder|p2b: Amoonguss\n|-singleturn|p2b: Amoonguss|move: Rage Powder\n|move|p2a: Baxcalibur|Glaive Rush|p1b: Skarm\n|-damage|p1b: Skarm|10\/100 slp\n|-singlemove|p2a: Baxcalibur|Glaive Rush|[silent]\n|cant|p1b: Skarm|slp\n|\n|upkeep\n|turn|12\n|\n|t:|1681758244\n|move|p2b: Amoonguss|Rage Powder|p2b: Amoonguss\n|-singleturn|p2b: Amoonguss|move: Rage Powder\n|move|p2a: Baxcalibur|Glaive Rush|p1b: Skarm\n|-damage|p1b: Skarm|0 fnt\n|-singlemove|p2a: Baxcalibur|Glaive Rush|[silent]\n|faint|p1b: Skarm\n|\n|win|gohan92\n|c|\u2606Goldjunge1994|gg\n|c|\u2606gohan92|gg\n","uploadtime":1681758253,"views":9,"p1id":"goldjunge1994","p2id":"gohan92","formatid":"gen9vgc2023regulationc","rating":0,"private":0,"password":""}