{"id":"gen9vgc2023regulationc-1856374032","p1":"Himi_Him","p2":"Obvaltisobv","format":"[Gen 9] VGC 2023 Regulation C","log":"|j|\u2606Himi_Him\n|j|\u2606Obvaltisobv\n|t:|1683055338\n|gametype|doubles\n|player|p1|Himi_Him|steven|1420\n|player|p2|Obvaltisobv|101|1485\n|teamsize|p1|6\n|teamsize|p2|6\n|gen|9\n|tier|[Gen 9] VGC 2023 Regulation C\n|rated|\n|rule|Species Clause: Limit one of each Pok\u00e9mon\n|rule|Item Clause: Limit one of each item\n|clearpoke\n|poke|p1|Pincurchin, L50, M|\n|poke|p1|Iron Bundle, L50|\n|poke|p1|Flutter Mane, L50|\n|poke|p1|Iron Hands, L50|\n|poke|p1|Iron Treads, L50|\n|poke|p1|Gyarados, L50, F|\n|poke|p2|Ting-Lu, L50|\n|poke|p2|Grimmsnarl, L50, M|\n|poke|p2|Corviknight, L50, M|\n|poke|p2|Annihilape, L50, M|\n|poke|p2|Iron Moth, L50|\n|poke|p2|Gholdengo, L50|\n|teampreview|4\n|inactive|Battle timer is ON: inactive players will automatically lose when time's up. (requested by Himi_Him)\nObvaltisobv has agreed to open team sheets.\n|\n|t:|1683055363\n|start\n|switch|p1a: Iron Hands|Iron Hands, L50|100\/100\n|switch|p1b: Flutter Mane|Flutter Mane, L50|100\/100\n|switch|p2a: Annihilape|Annihilape, L50, M|100\/100\n|switch|p2b: Grimmsnarl|Grimmsnarl, L50, M|100\/100\n|-enditem|p1b: Flutter Mane|Booster Energy\n|-activate|p1b: Flutter Mane|ability: Protosynthesis|[fromitem]\n|-start|p1b: Flutter Mane|protosynthesisspe\n|turn|1\n|inactive|Himi_Him has 30 seconds left.\n|inactive|Obvaltisobv has 30 seconds left.\n|\n|t:|1683055389\n|-terastallize|p2b: Grimmsnarl|Steel\n|move|p2a: Annihilape|Protect|p2a: Annihilape\n|-singleturn|p2a: Annihilape|Protect\n|move|p2b: Grimmsnarl|Light Screen|p2b: Grimmsnarl\n|-sidestart|p2: Obvaltisobv|move: Light Screen\n|move|p1b: Flutter Mane|Moonblast|p2b: Grimmsnarl\n|-resisted|p2b: Grimmsnarl\n|-damage|p2b: Grimmsnarl|85\/100\n|move|p1a: Iron Hands|Swords Dance|p1a: Iron Hands\n|-boost|p1a: Iron Hands|atk|2\n|\n|upkeep\n|turn|2\n|inactive|Himi_Him has 30 seconds left.\n|inactive|Himi_Him has 20 seconds left.\n|inactive|Himi_Him has 15 seconds left.\n|inactive|Himi_Him has 10 seconds left.\n|\n|t:|1683055434\n|move|p2b: Grimmsnarl|Reflect|p2b: Grimmsnarl\n|-sidestart|p2: Obvaltisobv|Reflect\n|move|p1b: Flutter Mane|Moonblast|p2a: Annihilape\n|-supereffective|p2a: Annihilape\n|-damage|p2a: Annihilape|51\/100\n|move|p2a: Annihilape|Bulk Up|p2a: Annihilape\n|-boost|p2a: Annihilape|atk|1\n|-boost|p2a: Annihilape|def|1\n|-enditem|p1a: Iron Hands|Mirror Herb\n|-boost|p1a: Iron Hands|atk|1|[from] item: Mirror Herb\n|-boost|p1a: Iron Hands|def|1|[from] item: Mirror Herb\n|move|p1a: Iron Hands|Wild Charge|p2a: Annihilape\n|-damage|p2a: Annihilape|1\/100\n|-enditem|p2a: Annihilape|Sitrus Berry|[eat]\n|-heal|p2a: Annihilape|26\/100|[from] item: Sitrus Berry\n|-damage|p1a: Iron Hands|90\/100|[from] Recoil\n|\n|upkeep\n|turn|3\n|\n|t:|1683055456\n|move|p2a: Annihilape|Protect|p2a: Annihilape\n|-singleturn|p2a: Annihilape|Protect\n|move|p1b: Flutter Mane|Moonblast|p2a: Annihilape\n|-activate|p2a: Annihilape|move: Protect\n|move|p2b: Grimmsnarl|Spirit Break|p1b: Flutter Mane\n|-damage|p1b: Flutter Mane|31\/100\n|-unboost|p1b: Flutter Mane|spa|1\n|move|p1a: Iron Hands|Fire Punch|p2b: Grimmsnarl\n|-supereffective|p2b: Grimmsnarl\n|-damage|p2b: Grimmsnarl|0 fnt\n|faint|p2b: Grimmsnarl\n|\n|upkeep\n|\n|t:|1683055470\n|switch|p2b: Iron Moth|Iron Moth, L50|100\/100\n|-enditem|p2b: Iron Moth|Booster Energy\n|-activate|p2b: Iron Moth|ability: Quark Drive|[fromitem]\n|-start|p2b: Iron Moth|quarkdrivespa\n|turn|4\n|\n|t:|1683055488\n|-terastallize|p1a: Iron Hands|Fire\n|move|p1b: Flutter Mane|Protect|p1b: Flutter Mane\n|-singleturn|p1b: Flutter Mane|Protect\n|move|p2b: Iron Moth|Fiery Dance|p1a: Iron Hands\n|-resisted|p1a: Iron Hands\n|-damage|p1a: Iron Hands|67\/100\n|-boost|p2b: Iron Moth|spa|1\n|move|p2a: Annihilape|Rage Fist|p1a: Iron Hands\n|-damage|p1a: Iron Hands|28\/100\n|move|p1a: Iron Hands|Wild Charge|p2a: Annihilape\n|-damage|p2a: Annihilape|0 fnt\n|faint|p2a: Annihilape\n|-damage|p1a: Iron Hands|22\/100|[from] Recoil\n|\n|upkeep\n|\n|t:|1683055499\n|switch|p2a: Ting-Lu|Ting-Lu, L50|100\/100\n|-ability|p2a: Ting-Lu|Vessel of Ruin\n|turn|5\n|\n|t:|1683055514\n|move|p1b: Flutter Mane|Moonblast|p2a: Ting-Lu\n|-supereffective|p2a: Ting-Lu\n|-damage|p2a: Ting-Lu|84\/100\n|-unboost|p2a: Ting-Lu|spa|1\n|move|p2b: Iron Moth|Sludge Wave|p1a: Iron Hands|[spread] p2a,p1a,p1b\n|-resisted|p2a: Ting-Lu\n|-crit|p1a: Iron Hands\n|-damage|p2a: Ting-Lu|77\/100\n|-damage|p1a: Iron Hands|0 fnt\n|-damage|p1b: Flutter Mane|0 fnt\n|faint|p1a: Iron Hands\n|-end|p1a: Iron Hands|Quark Drive|[silent]\n|faint|p1b: Flutter Mane\n|-end|p1b: Flutter Mane|Protosynthesis|[silent]\n|move|p2a: Ting-Lu|Stomping Tantrum|p1: Iron Hands|[notarget]\n|-fail|p2a: Ting-Lu\n|\n|upkeep\n|\n|t:|1683055527\n|switch|p1b: Iron Bundle|Iron Bundle, L50|100\/100\n|switch|p1a: Pincurchin|Pincurchin, L50, M|100\/100\n|-fieldstart|move: Electric Terrain|[from] ability: Electric Surge|[of] p1a: Pincurchin\n|-activate|p1b: Iron Bundle|ability: Quark Drive\n|-start|p1b: Iron Bundle|quarkdrivespe\n|turn|6\n|\n|t:|1683055539\n|move|p1b: Iron Bundle|Protect|p1b: Iron Bundle\n|-singleturn|p1b: Iron Bundle|Protect\n|move|p2b: Iron Moth|Protect|p2b: Iron Moth\n|-singleturn|p2b: Iron Moth|Protect\n|move|p1a: Pincurchin|Protect|p1a: Pincurchin\n|-singleturn|p1a: Pincurchin|Protect\n|move|p2a: Ting-Lu|Earthquake|p1a: Pincurchin|[spread] \n|-activate|p2b: Iron Moth|move: Protect\n|-activate|p1a: Pincurchin|move: Protect\n|-activate|p1b: Iron Bundle|move: Protect\n|\n|upkeep\n|turn|7\n|\n|t:|1683055563\n|move|p1b: Iron Bundle|Hydro Pump|p2b: Iron Moth\n|-supereffective|p2b: Iron Moth\n|-damage|p2b: Iron Moth|40\/100\n|move|p2b: Iron Moth|Energy Ball|p1b: Iron Bundle\n|-supereffective|p1b: Iron Bundle\n|-enditem|p1b: Iron Bundle|Focus Sash\n|-damage|p1b: Iron Bundle|1\/100\n|move|p2a: Ting-Lu|Rock Slide|p1b: Iron Bundle|[spread] p1a,p1b\n|-supereffective|p1b: Iron Bundle\n|-damage|p1a: Pincurchin|80\/100\n|-damage|p1b: Iron Bundle|0 fnt\n|faint|p1b: Iron Bundle\n|-end|p1b: Iron Bundle|Quark Drive|[silent]\n|cant|p1a: Pincurchin|flinch\n|\n|upkeep\n|turn|8\n|inactive|Himi_Him has 30 seconds left.\n|inactive|Himi_Him has 20 seconds left.\n|-message|Himi_Him forfeited.\n|\n|win|Obvaltisobv\n|raw|Himi_Him's rating: 1420 → 1404<\/strong> (-16 for losing)\n|raw|Obvaltisobv's rating: 1485 → 1501<\/strong> (+16 for winning)\n|l|\u2606Himi_Him\n","uploadtime":1683055611,"views":7,"p1id":"himihim","p2id":"obvaltisobv","formatid":"gen9vgc2023regulationc","rating":1404,"private":0,"password":""}