{"id":"gen9vgc2023regulationc-1851799445","p1":"Mean tweets","p2":"WildPaulxxx","format":"[Gen 9] VGC 2023 Regulation C","log":"|j|\u2606Mean tweets\n|j|\u2606WildPaulxxx\n|t:|1682485760\n|gametype|doubles\n|player|p1|Mean tweets|backers|1064\n|player|p2|WildPaulxxx|1|1000\n|teamsize|p1|6\n|teamsize|p2|6\n|gen|9\n|tier|[Gen 9] VGC 2023 Regulation C\n|rated|\n|rule|Species Clause: Limit one of each Pok\u00e9mon\n|rule|Item Clause: Limit one of each item\n|clearpoke\n|poke|p1|Luxray, L50, F|\n|poke|p1|Toedscruel, L50, M|\n|poke|p1|Palafin, L50, F|\n|poke|p1|Gengar, L50, F|\n|poke|p1|Gastrodon-East, L50, M|\n|poke|p1|Pelipper, L50, F|\n|poke|p2|Chien-Pao, L50|\n|poke|p2|Arcanine, L50, F|\n|poke|p2|Amoonguss, L50, F|\n|poke|p2|Florges-Blue, L50, F|\n|poke|p2|Great Tusk, L50|\n|poke|p2|Gyarados, L50, M|\n|teampreview|4\n|inactive|Battle timer is ON: inactive players will automatically lose when time's up. (requested by WildPaulxxx)\n|inactive|WildPaulxxx has 60 seconds left.\n|\n|t:|1682485820\n|start\n|switch|p1a: Luxray|Luxray, L50, F|100\/100\n|switch|p1b: Toedscruel|Toedscruel, L50, M|100\/100\n|switch|p2a: Great Tusk|Great Tusk, L50|100\/100\n|switch|p2b: Florges|Florges-Blue, L50, F|100\/100\n|-ability|p1a: Luxray|Intimidate|boost\n|-unboost|p2a: Great Tusk|atk|1\n|-unboost|p2b: Florges|atk|1\n|-enditem|p2a: Great Tusk|Booster Energy\n|-activate|p2b: Florges|ability: Symbiosis|Safety Goggles|[of] p2a: Great Tusk\n|-activate|p2a: Great Tusk|ability: Protosynthesis|[fromitem]\n|-start|p2a: Great Tusk|protosynthesisspe\n|turn|1\n|inactive|Mean tweets has 30 seconds left.\n|inactive|WildPaulxxx has 30 seconds left.\n|inactive|WildPaulxxx has 20 seconds left.\n|inactive|Mean tweets has 20 seconds left.\n|inactive|WildPaulxxx has 15 seconds left.\n|\n|t:|1682485865\n|move|p2a: Great Tusk|Headlong Rush|p1a: Luxray\n|-supereffective|p1a: Luxray\n|-damage|p1a: Luxray|29\/100\n|-unboost|p2a: Great Tusk|def|1\n|-unboost|p2a: Great Tusk|spd|1\n|move|p2b: Florges|Trick|p1b: Toedscruel\n|-activate|p2b: Florges|move: Trick|[of] p1b: Toedscruel\n|-enditem|p1b: Toedscruel|Sitrus Berry|[silent]|[from] move: Trick\n|-item|p2b: Florges|Sitrus Berry|[from] move: Trick\n|move|p1a: Luxray|Volt Switch|p2b: Florges\n|-damage|p2b: Florges|86\/100\n|\n|t:|1682485875\n|switch|p1a: Pelipper|Pelipper, L50, F|100\/100|[from] Volt Switch\n|-weather|RainDance|[from] ability: Drizzle|[of] p1a: Pelipper\n|move|p1b: Toedscruel|Spore|p2a: Great Tusk\n|-activate|p2a: Great Tusk|item: Safety Goggles|Spore\n|\n|-weather|RainDance|[upkeep]\n|upkeep\n|turn|2\n|inactive|WildPaulxxx has 30 seconds left.\n|\n|t:|1682485909\n|-end|p2a: Great Tusk|Protosynthesis|[silent]\n|switch|p2a: Gyarados|Gyarados, L50, M|100\/100\n|-ability|p2a: Gyarados|Intimidate|boost\n|-unboost|p1a: Pelipper|atk|1\n|-unboost|p1b: Toedscruel|atk|1\n|move|p1b: Toedscruel|Giga Drain|p2a: Gyarados\n|-damage|p2a: Gyarados|80\/100\n|move|p2b: Florges|Dazzling Gleam|p1b: Toedscruel|[spread] p1a,p1b\n|-damage|p1a: Pelipper|68\/100\n|-damage|p1b: Toedscruel|81\/100\n|move|p1a: Pelipper|Tailwind|p1a: Pelipper\n|-sidestart|p1: Mean tweets|move: Tailwind\n|\n|-weather|RainDance|[upkeep]\n|upkeep\n|turn|3\n|inactive|Mean tweets has 30 seconds left.\n|inactive|WildPaulxxx has 30 seconds left.\n|inactive|WildPaulxxx has 20 seconds left.\n|\n|t:|1682485947\n|switch|p1a: Luxray|Luxray, L50, F|29\/100\n|-ability|p1a: Luxray|Intimidate|boost\n|-unboost|p2a: Gyarados|atk|1\n|-unboost|p2b: Florges|atk|1\n|-terastallize|p2a: Gyarados|Dragon\n|move|p2b: Florges|Dazzling Gleam|p1a: Luxray|[spread] p1a,p1b\n|-damage|p1a: Luxray|14\/100\n|-damage|p1b: Toedscruel|63\/100\n|move|p2a: Gyarados|Outrage|p1a: Luxray\n|-crit|p1a: Luxray\n|-damage|p1a: Luxray|0 fnt\n|faint|p1a: Luxray\n|move|p1b: Toedscruel|Spore|p2a: Gyarados\n|-status|p2a: Gyarados|slp|[from] move: Spore\n|-enditem|p2a: Gyarados|Lum Berry|[eat]\n|-curestatus|p2a: Gyarados|slp|[msg]\n|-activate|p2b: Florges|ability: Symbiosis|Sitrus Berry|[of] p2a: Gyarados\n|\n|-weather|RainDance|[upkeep]\n|upkeep\n|\n|t:|1682485964\n|switch|p1a: Gastrodon|Gastrodon-East, L50, M|100\/100\n|turn|4\n|\n|t:|1682485979\n|move|p1a: Gastrodon|Yawn|p2a: Gyarados\n|-start|p2a: Gyarados|move: Yawn|[of] p1a: Gastrodon\n|move|p2b: Florges|Moonblast|p1b: Toedscruel\n|-damage|p1b: Toedscruel|34\/100\n|move|p2a: Gyarados|Outrage|p1a: Gastrodon|[from]lockedmove\n|-damage|p1a: Gastrodon|53\/100\n|-start|p2a: Gyarados|confusion|[fatigue]\n|move|p1b: Toedscruel|Spore|p2a: Gyarados\n|-status|p2a: Gyarados|slp|[from] move: Spore\n|\n|-weather|RainDance|[upkeep]\n|upkeep\n|turn|5\n|inactive|WildPaulxxx has 30 seconds left.\n|\n|t:|1682486013\n|switch|p2a: Great Tusk|Great Tusk, L50|100\/100\n|move|p1b: Toedscruel|Giga Drain|p2a: Great Tusk\n|-supereffective|p2a: Great Tusk\n|-damage|p2a: Great Tusk|47\/100\n|-heal|p1b: Toedscruel|61\/100|[from] drain|[of] p2a: Great Tusk\n|move|p1a: Gastrodon|Recover|p1a: Gastrodon\n|-heal|p1a: Gastrodon|100\/100\n|move|p2b: Florges|Trick|p1a: Gastrodon\n|-immune|p1a: Gastrodon\n|\n|-weather|RainDance|[upkeep]\n|-sideend|p1: Mean tweets|move: Tailwind\n|upkeep\n|turn|6\n|inactive|Mean tweets has 30 seconds left.\n|inactive|WildPaulxxx has 30 seconds left.\n|inactive|WildPaulxxx has 20 seconds left.\n|\n|t:|1682486050\n|move|p2a: Great Tusk|Protect|p2a: Great Tusk\n|-singleturn|p2a: Great Tusk|Protect\n|move|p1b: Toedscruel|Giga Drain|p2a: Great Tusk\n|-activate|p2a: Great Tusk|move: Protect\n|move|p2b: Florges|Moonblast|p1a: Gastrodon\n|-damage|p1a: Gastrodon|63\/100\n|move|p1a: Gastrodon|Muddy Water|p2b: Florges|[spread] p2b\n|-activate|p2a: Great Tusk|move: Protect\n|-damage|p2b: Florges|51\/100\n|-unboost|p2b: Florges|accuracy|1\n|-damage|p1a: Gastrodon|54\/100|[from] item: Life Orb\n|\n|-weather|RainDance|[upkeep]\n|upkeep\n|turn|7\n|inactive|WildPaulxxx has 30 seconds left.\n|inactive|WildPaulxxx has 20 seconds left.\n|\n|t:|1682486087\n|-end|p2a: Great Tusk|Protosynthesis|[silent]\n|switch|p2a: Chien-Pao|Chien-Pao, L50|100\/100\n|-ability|p2a: Chien-Pao|Sword of Ruin\n|move|p2b: Florges|Moonblast|p1b: Toedscruel\n|-damage|p1b: Toedscruel|33\/100\n|move|p1a: Gastrodon|Muddy Water|p2a: Chien-Pao|[spread] p2a,p2b\n|-enditem|p2a: Chien-Pao|Focus Sash\n|-damage|p2a: Chien-Pao|1\/100\n|-damage|p2b: Florges|15\/100\n|-damage|p1a: Gastrodon|44\/100|[from] item: Life Orb\n|move|p1b: Toedscruel|Spore|p2b: Florges\n|-status|p2b: Florges|slp|[from] move: Spore\n|\n|-weather|RainDance|[upkeep]\n|upkeep\n|turn|8\n|inactive|WildPaulxxx has 30 seconds left.\n|inactive|WildPaulxxx has 20 seconds left.\n|inactive|WildPaulxxx has 15 seconds left.\n|\n|t:|1682486129\n|cant|p2b: Florges|slp\n|move|p1b: Toedscruel|Rage Powder|p1b: Toedscruel\n|-singleturn|p1b: Toedscruel|move: Rage Powder\n|move|p2a: Chien-Pao|Ice Spinner|p1b: Toedscruel\n|-supereffective|p1b: Toedscruel\n|-damage|p1b: Toedscruel|0 fnt\n|faint|p1b: Toedscruel\n|move|p1a: Gastrodon|Muddy Water|p2b: Florges|[spread] \n|-miss|p1a: Gastrodon|p2a: Chien-Pao\n|-miss|p1a: Gastrodon|p2b: Florges\n|\n|-weather|none\n|upkeep\n|\n|t:|1682486138\n|switch|p1b: Pelipper|Pelipper, L50, F|68\/100\n|-weather|RainDance|[from] ability: Drizzle|[of] p1b: Pelipper\n|turn|9\n|\n|t:|1682486155\n|switch|p2b: Gyarados|Gyarados, L50, M, tera:Dragon|80\/100 slp\n|-ability|p2b: Gyarados|Intimidate|boost\n|-unboost|p1a: Gastrodon|atk|1\n|-unboost|p1b: Pelipper|atk|1\n|move|p2a: Chien-Pao|Ice Spinner|p1a: Gastrodon\n|-damage|p1a: Gastrodon|0 fnt\n|faint|p1a: Gastrodon\n|move|p1b: Pelipper|Surf|p2b: Gyarados|[spread] p2a,p2b\n|-resisted|p2b: Gyarados\n|-crit|p2b: Gyarados\n|-damage|p2a: Chien-Pao|0 fnt\n|-damage|p2b: Gyarados|48\/100 slp\n|-enditem|p2b: Gyarados|Sitrus Berry|[eat]\n|-heal|p2b: Gyarados|72\/100 slp|[from] item: Sitrus Berry\n|faint|p2a: Chien-Pao\n|\n|-weather|RainDance|[upkeep]\n|upkeep\n|\n|t:|1682486170\n|switch|p2a: Great Tusk|Great Tusk, L50|47\/100\n|turn|10\n|\n|t:|1682486176\n|move|p2a: Great Tusk|Protect|p2a: Great Tusk\n|-singleturn|p2a: Great Tusk|Protect\n|cant|p2b: Gyarados|slp\n|move|p1b: Pelipper|Surf|p2b: Gyarados|[spread] p2b\n|-activate|p2a: Great Tusk|move: Protect\n|-resisted|p2b: Gyarados\n|-damage|p2b: Gyarados|52\/100 slp\n|\n|-weather|RainDance|[upkeep]\n|upkeep\n|turn|11\n|\n|t:|1682486187\n|-end|p2a: Great Tusk|Protosynthesis|[silent]\n|switch|p2a: Florges|Florges-Blue, L50, F|15\/100 slp\n|cant|p2b: Gyarados|slp\n|move|p1b: Pelipper|Surf|p2b: Gyarados|[spread] p2a,p2b\n|-resisted|p2b: Gyarados\n|-damage|p2a: Florges|0 fnt\n|-damage|p2b: Gyarados|30\/100 slp\n|faint|p2a: Florges\n|\n|-weather|RainDance|[upkeep]\n|upkeep\n|\n|t:|1682486195\n|switch|p2a: Great Tusk|Great Tusk, L50|47\/100\n|turn|12\n|inactive|WildPaulxxx has 30 seconds left.\n|\n|t:|1682486222\n|move|p2a: Great Tusk|Close Combat|p1b: Pelipper\n|-resisted|p1b: Pelipper\n|-damage|p1b: Pelipper|40\/100\n|-unboost|p2a: Great Tusk|def|1\n|-unboost|p2a: Great Tusk|spd|1\n|-curestatus|p2b: Gyarados|slp|[msg]\n|move|p2b: Gyarados|Waterfall|p1b: Pelipper\n|-resisted|p1b: Pelipper\n|-damage|p1b: Pelipper|9\/100\n|cant|p1b: Pelipper|flinch\n|\n|-weather|RainDance|[upkeep]\n|upkeep\n|turn|13\n|-message|Mean tweets forfeited.\n|\n|win|WildPaulxxx\n|raw|Mean tweets's rating: 1064 → 1041<\/strong> (-23 for losing)\n|raw|WildPaulxxx's rating: 1000 → 1047<\/strong> (+47 for winning)\n|l|\u2606Mean tweets\n","uploadtime":1682486340,"views":22,"p1id":"meantweets","p2id":"wildpaulxxx","formatid":"gen9vgc2023regulationc","rating":1041,"private":0,"password":""}