{"id":"gen9vgc2023regulationc-1846171534","p1":"Taca y Taca","p2":"Marconeus1991","format":"[Gen 9] VGC 2023 Regulation C","log":"|j|\u2606Taca y Taca\n|j|\u2606Marconeus1991\n|t:|1681816990\n|gametype|doubles\n|player|p1|Taca y Taca|lucas-gen4pt|1201\n|player|p2|Marconeus1991|169|1169\n|teamsize|p1|6\n|teamsize|p2|6\n|gen|9\n|tier|[Gen 9] VGC 2023 Regulation C\n|rated|\n|rule|Species Clause: Limit one of each Pok\u00e9mon\n|rule|Item Clause: Limit one of each item\n|clearpoke\n|poke|p1|Flutter Mane, L50|\n|poke|p1|Palafin, L50, M|\n|poke|p1|Amoonguss, L50, F|\n|poke|p1|Arcanine, L50, M|\n|poke|p1|Dragonite, L50, M|\n|poke|p1|Chien-Pao, L50|\n|poke|p2|Torkoal, L50, F|\n|poke|p2|Amoonguss, L50, F|\n|poke|p2|Mimikyu, L50, F|\n|poke|p2|Kingambit, L50, M|\n|poke|p2|Indeedee-F, L50, F|\n|poke|p2|Iron Hands, L50|\n|teampreview|4\n|inactive|Battle timer is ON: inactive players will automatically lose when time's up. (requested by Marconeus1991)\n|\n|t:|1681817025\n|start\n|switch|p1a: Chien-Pao|Chien-Pao, L50|100\/100\n|switch|p1b: Cabe\u00e7a de Borracha|Flutter Mane, L50|100\/100\n|switch|p2a: Iron Hands|Iron Hands, L50|100\/100\n|switch|p2b: Indeedee|Indeedee-F, L50, F, shiny|100\/100\n|-ability|p1a: Chien-Pao|Sword of Ruin\n|-fieldstart|move: Psychic Terrain|[from] ability: Psychic Surge|[of] p2b: Indeedee\n|-enditem|p2b: Indeedee|Psychic Seed\n|-boost|p2b: Indeedee|spd|1|[from] item: Psychic Seed\n|-enditem|p1b: Cabe\u00e7a de Borracha|Booster Energy\n|-activate|p1b: Cabe\u00e7a de Borracha|ability: Protosynthesis|[fromitem]\n|-start|p1b: Cabe\u00e7a de Borracha|protosynthesisspa\n|turn|1\n|inactive|Taca y Taca has 30 seconds left.\n|inactive|Marconeus1991 has 30 seconds left.\n|\n|t:|1681817054\n|-terastallize|p2a: Iron Hands|Fire\n|move|p1a: Chien-Pao|Ice Spinner|p2a: Iron Hands\n|-resisted|p2a: Iron Hands\n|-damage|p2a: Iron Hands|83\/100\n|-fieldend|move: Psychic Terrain\n|move|p1b: Cabe\u00e7a de Borracha|Moonblast|p2a: Iron Hands\n|-resisted|p2a: Iron Hands\n|-damage|p2a: Iron Hands|61\/100\n|move|p2a: Iron Hands|Drain Punch|p1a: Chien-Pao\n|-supereffective|p1a: Chien-Pao\n|-enditem|p1a: Chien-Pao|Focus Sash\n|-damage|p1a: Chien-Pao|1\/100\n|-heal|p2a: Iron Hands|92\/100|[from] drain|[of] p1a: Chien-Pao\n|move|p2b: Indeedee|Trick Room|p2b: Indeedee\n|-fieldstart|move: Trick Room|[of] p2b: Indeedee\n|\n|upkeep\n|turn|2\n|inactive|Taca y Taca has 30 seconds left.\n|inactive|Marconeus1991 has 30 seconds left.\n|c|\u2606Taca y Taca|Lol\n|inactive|Taca y Taca has 20 seconds left.\n|c|\u2606Taca y Taca|what do I do now?\n|inactive|Taca y Taca has 15 seconds left.\n|c|\u2606Marconeus1991|I believe in you\n|inactive|Taca y Taca has 10 seconds left.\n|inactive|Taca y Taca has 5 seconds left.\n|\n|t:|1681817106\n|move|p1b: Cabe\u00e7a de Borracha|Protect|p1b: Cabe\u00e7a de Borracha\n|-singleturn|p1b: Cabe\u00e7a de Borracha|Protect\n|move|p1a: Chien-Pao|Protect|p1a: Chien-Pao\n|-singleturn|p1a: Chien-Pao|Protect\n|move|p2a: Iron Hands|Wild Charge|p1b: Cabe\u00e7a de Borracha\n|-activate|p1b: Cabe\u00e7a de Borracha|move: Protect\n|move|p2b: Indeedee|Dazzling Gleam|p1a: Chien-Pao|[spread] \n|-activate|p1a: Chien-Pao|move: Protect\n|-activate|p1b: Cabe\u00e7a de Borracha|move: Protect\n|\n|upkeep\n|turn|3\n|c|\u2606Marconeus1991|Most people get the indeedee down quick\n|\n|t:|1681817123\n|-end|p1b: Cabe\u00e7a de Borracha|Protosynthesis|[silent]\n|switch|p1b: Amoonguss|Amoonguss, L50, F|100\/100\n|switch|p1a: Dragonite|Dragonite, L50, M|100\/100\n|move|p2a: Iron Hands|Wild Charge|p1b: Amoonguss\n|-resisted|p1b: Amoonguss\n|-damage|p1b: Amoonguss|82\/100\n|-damage|p2a: Iron Hands|88\/100|[from] Recoil\n|move|p2b: Indeedee|Dazzling Gleam|p1b: Amoonguss|[spread] p1a,p1b\n|-supereffective|p1a: Dragonite\n|-resisted|p1b: Amoonguss\n|-damage|p1a: Dragonite|86\/100\n|-damage|p1b: Amoonguss|75\/100\n|\n|upkeep\n|turn|4\n|inactive|Taca y Taca has 30 seconds left.\n|\n|t:|1681817150\n|move|p1b: Amoonguss|Protect|p1b: Amoonguss\n|-singleturn|p1b: Amoonguss|Protect\n|move|p2a: Iron Hands|Swords Dance|p2a: Iron Hands\n|-boost|p2a: Iron Hands|atk|2\n|move|p2b: Indeedee|Psychic|p1b: Amoonguss\n|-activate|p1b: Amoonguss|move: Protect\n|move|p1a: Dragonite|Earthquake|p2a: Iron Hands|[spread] p2a,p2b\n|-activate|p1b: Amoonguss|move: Protect\n|-supereffective|p2a: Iron Hands\n|-crit|p2a: Iron Hands\n|-damage|p2a: Iron Hands|36\/100\n|-damage|p2b: Indeedee|69\/100\n|\n|upkeep\n|turn|5\n|inactive|Marconeus1991 has 30 seconds left.\n|\n|t:|1681817182\n|move|p1a: Dragonite|Protect|p1a: Dragonite\n|-singleturn|p1a: Dragonite|Protect\n|move|p1b: Amoonguss|Spore|p2b: Indeedee\n|-status|p2b: Indeedee|slp|[from] move: Spore\n|move|p2a: Iron Hands|Drain Punch|p1a: Dragonite\n|-activate|p1a: Dragonite|move: Protect\n|cant|p2b: Indeedee|slp\n|\n|-fieldend|move: Trick Room\n|upkeep\n|turn|6\n|\n|t:|1681817203\n|move|p2a: Iron Hands|Protect|p2a: Iron Hands\n|-singleturn|p2a: Iron Hands|Protect\n|move|p1b: Amoonguss|Protect|p1b: Amoonguss\n|-singleturn|p1b: Amoonguss|Protect\n|move|p1a: Dragonite|Earthquake|p2b: Indeedee|[spread] p2b\n|-activate|p1b: Amoonguss|move: Protect\n|-activate|p2a: Iron Hands|move: Protect\n|-damage|p2b: Indeedee|34\/100 slp\n|cant|p2b: Indeedee|slp\n|\n|upkeep\n|turn|7\n|c|\u2606Taca y Taca|The problem is to hold iron hands\n|c|\u2606Taca y Taca|hit like a truck\n|inactive|Marconeus1991 has 30 seconds left.\n|inactive|Marconeus1991 has 20 seconds left.\n|inactive|Marconeus1991 has 15 seconds left.\n|\n|t:|1681817243\n|move|p1a: Dragonite|Earthquake|p2a: Iron Hands|[spread] p1b,p2a,p2b\n|-supereffective|p2a: Iron Hands\n|-damage|p1b: Amoonguss|50\/100\n|-damage|p2a: Iron Hands|0 fnt\n|-damage|p2b: Indeedee|5\/100 slp\n|-enditem|p1b: Amoonguss|Sitrus Berry|[eat]\n|-heal|p1b: Amoonguss|75\/100|[from] item: Sitrus Berry\n|faint|p2a: Iron Hands\n|-end|p2a: Iron Hands|Quark Drive|[silent]\n|-curestatus|p2b: Indeedee|slp|[msg]\n|move|p2b: Indeedee|Psychic|p1b: Amoonguss\n|-supereffective|p1b: Amoonguss\n|-damage|p1b: Amoonguss|11\/100\n|-unboost|p1b: Amoonguss|spd|1\n|move|p1b: Amoonguss|Pollen Puff|p1a: Dragonite\n|-heal|p1a: Dragonite|100\/100\n|\n|upkeep\n|\n|t:|1681817259\n|switch|p2a: Mimikyu|Mimikyu, L50, F, shiny|100\/100\n|turn|8\n|\n|t:|1681817267\n|move|p1b: Amoonguss|Protect|p1b: Amoonguss\n|-singleturn|p1b: Amoonguss|Protect\n|move|p2b: Indeedee|Follow Me|p2b: Indeedee\n|-singleturn|p2b: Indeedee|move: Follow Me\n|move|p1a: Dragonite|Earthquake|p2b: Indeedee|[spread] p2a,p2b\n|-activate|p1b: Amoonguss|move: Protect\n|-activate|p2a: Mimikyu|ability: Disguise\n|-damage|p2a: Mimikyu|100\/100\n|-damage|p2b: Indeedee|0 fnt\n|detailschange|p2a: Mimikyu|Mimikyu-Busted, L50, F, shiny\n|-damage|p2a: Mimikyu|88\/100|[from] pokemon: Mimikyu-Busted\n|faint|p2b: Indeedee\n|move|p2a: Mimikyu|Trick Room|p2a: Mimikyu\n|-fieldstart|move: Trick Room|[of] p2a: Mimikyu\n|\n|upkeep\n|\n|t:|1681817280\n|switch|p2b: Torkoal|Torkoal, L50, F, shiny|100\/100\n|-weather|SunnyDay|[from] ability: Drought|[of] p2b: Torkoal\n|turn|9\n|inactive|Taca y Taca has 30 seconds left.\n|\n|t:|1681817305\n|switch|p1b: Cabe\u00e7a de Borracha|Flutter Mane, L50|100\/100\n|-activate|p1b: Cabe\u00e7a de Borracha|ability: Protosynthesis\n|-start|p1b: Cabe\u00e7a de Borracha|protosynthesisspa\n|-terastallize|p1a: Dragonite|Flying\n|move|p2b: Torkoal|Heat Wave|p1a: Dragonite|[spread] p1a,p1b\n|-damage|p1a: Dragonite|78\/100\n|-damage|p1b: Cabe\u00e7a de Borracha|55\/100\n|-status|p1b: Cabe\u00e7a de Borracha|brn\n|move|p2a: Mimikyu|Play Rough|p1a: Dragonite\n|-damage|p1a: Dragonite|30\/100\n|-damage|p2a: Mimikyu|78\/100|[from] item: Life Orb\n|move|p1a: Dragonite|Tera Blast|p2b: Torkoal\n|-damage|p2b: Torkoal|50\/100\n|\n|-weather|SunnyDay|[upkeep]\n|-damage|p1b: Cabe\u00e7a de Borracha|49\/100 brn|[from] brn\n|upkeep\n|turn|10\n|inactive|Taca y Taca has 30 seconds left.\n|inactive|Marconeus1991 has 30 seconds left.\n|inactive|Taca y Taca has 20 seconds left.\n|inactive|Marconeus1991 has 20 seconds left.\n|inactive|Taca y Taca has 15 seconds left.\n|inactive|Marconeus1991 has 15 seconds left.\n|\n|t:|1681817347\n|switch|p1a: Chien-Pao|Chien-Pao, L50|1\/100\n|-ability|p1a: Chien-Pao|Sword of Ruin\n|move|p1b: Cabe\u00e7a de Borracha|Protect|p1b: Cabe\u00e7a de Borracha\n|-singleturn|p1b: Cabe\u00e7a de Borracha|Protect\n|move|p2b: Torkoal|Heat Wave|p1a: Chien-Pao|[spread] p1a\n|-activate|p1b: Cabe\u00e7a de Borracha|move: Protect\n|-supereffective|p1a: Chien-Pao\n|-damage|p1a: Chien-Pao|0 fnt\n|faint|p1a: Chien-Pao\n|move|p2a: Mimikyu|Play Rough|p1b: Cabe\u00e7a de Borracha\n|-activate|p1b: Cabe\u00e7a de Borracha|move: Protect\n|\n|-weather|SunnyDay|[upkeep]\n|-damage|p1b: Cabe\u00e7a de Borracha|43\/100 brn|[from] brn\n|upkeep\n|\n|t:|1681817362\n|switch|p1a: Amoonguss|Amoonguss, L50, F|44\/100\n|turn|11\n|inactive|Taca y Taca has 30 seconds left.\n|\n|t:|1681817389\n|move|p1a: Amoonguss|Spore|p2b: Torkoal\n|-status|p2b: Torkoal|slp|[from] move: Spore\n|cant|p2b: Torkoal|slp\n|move|p2a: Mimikyu|Phantom Force||[still]\n|-prepare|p2a: Mimikyu|Phantom Force\n|move|p1b: Cabe\u00e7a de Borracha|Shadow Ball|p2b: Torkoal\n|-damage|p2b: Torkoal|0 fnt\n|faint|p2b: Torkoal\n|\n|-weather|SunnyDay|[upkeep]\n|-damage|p1b: Cabe\u00e7a de Borracha|37\/100 brn|[from] brn\n|upkeep\n|turn|12\n|\n|t:|1681817401\n|move|p1a: Amoonguss|Rage Powder|p1a: Amoonguss\n|-singleturn|p1a: Amoonguss|move: Rage Powder\n|move|p2a: Mimikyu|Phantom Force|p1a: Amoonguss|[from]lockedmove\n|-damage|p1a: Amoonguss|0 fnt\n|faint|p1a: Amoonguss\n|-damage|p2a: Mimikyu|68\/100|[from] item: Life Orb\n|move|p1b: Cabe\u00e7a de Borracha|Shadow Ball|p2a: Mimikyu\n|-supereffective|p2a: Mimikyu\n|-damage|p2a: Mimikyu|0 fnt\n|faint|p2a: Mimikyu\n|\n|win|Taca y Taca\n|raw|Taca y Taca's rating: 1201 → 1224<\/strong> (+23 for winning)\n|raw|Marconeus1991's rating: 1169 → 1146<\/strong> (-23 for losing)\n|c|\u2606Taca y Taca|Ggs man\n|c|\u2606Marconeus1991|Gg\n|l|\u2606Marconeus1991\n","uploadtime":1681817428,"views":8,"p1id":"tacaytaca","p2id":"marconeus1991","formatid":"gen9vgc2023regulationc","rating":1146,"private":0,"password":""}