{"id":"gen9vgc2023regulationc-1857605825","p1":"Qwhehey","p2":"DjPr1me","format":"[Gen 9] VGC 2023 Regulation C","log":"|j|\u2606Qwhehey\n|j|\u2606DjPr1me\n|t:|1683212376\n|gametype|doubles\n|player|p1|Qwhehey|2|1113\n|player|p2|DjPr1me|acetrainer|1060\n|teamsize|p1|6\n|teamsize|p2|6\n|gen|9\n|tier|[Gen 9] VGC 2023 Regulation C\n|rated|\n|rule|Species Clause: Limit one of each Pok\u00e9mon\n|rule|Item Clause: Limit one of each item\n|clearpoke\n|poke|p1|Hippowdon, L50, M|\n|poke|p1|Donphan, L50, F|\n|poke|p1|Kingambit, L50, M|\n|poke|p1|Houndstone, L50, M|\n|poke|p1|Dragonite, L50, M|\n|poke|p1|Gengar, L50, M|\n|poke|p2|Braviary, L50, M|\n|poke|p2|Maushold-Four, L50|\n|poke|p2|Arcanine, L50, M|\n|poke|p2|Dragonite, L50, F|\n|poke|p2|Chien-Pao, L50|\n|poke|p2|Scizor, L50, F|\n|teampreview|4\n|inactive|Battle timer is ON: inactive players will automatically lose when time's up. (requested by DjPr1me)\n|inactive|Qwhehey has 60 seconds left.\n|\n|t:|1683212407\n|start\n|switch|p1a: Dragonite|Dragonite, L50, M, shiny|100\/100\n|switch|p1b: Kingambit|Kingambit, L50, M, shiny|100\/100\n|switch|p2a: Dragonite|Dragonite, L50, F|100\/100\n|switch|p2b: Chien-Pao|Chien-Pao, L50|100\/100\n|-ability|p2b: Chien-Pao|Sword of Ruin\n|turn|1\n|\n|t:|1683212423\n|-terastallize|p2b: Chien-Pao|Flying\n|-terastallize|p1b: Kingambit|Flying\n|move|p2b: Chien-Pao|Ice Spinner|p1a: Dragonite\n|-supereffective|p1a: Dragonite\n|-damage|p1a: Dragonite|0 fnt\n|faint|p1a: Dragonite\n|move|p2a: Dragonite|Dragon Dance|p2a: Dragonite\n|-boost|p2a: Dragonite|atk|1\n|-boost|p2a: Dragonite|spe|1\n|move|p1b: Kingambit|Guillotine|p2a: Dragonite\n|-damage|p2a: Dragonite|0 fnt\n|faint|p2a: Dragonite\n|-ohko\n|\n|upkeep\n|c|\u2606DjPr1me|ARE YOU FUCKING SHITTING ME?!\n|inactive|DjPr1me has 30 seconds left.\n|c|\u2606Qwhehey|lols\n|\n|t:|1683212454\n|switch|p1a: Houndstone|Houndstone, L50, M, shiny|100\/100\n|switch|p2a: Scizor|Scizor, L50, F|100\/100\n|turn|2\n|c|\u2606DjPr1me|SHUT UP\n|\n|t:|1683212468\n|move|p2b: Chien-Pao|Ice Spinner|p1b: Kingambit\n|-supereffective|p1b: Kingambit\n|-damage|p1b: Kingambit|14\/100\n|move|p2a: Scizor|Swords Dance|p2a: Scizor\n|-boost|p2a: Scizor|atk|2\n|move|p1a: Houndstone|Will-O-Wisp|p2b: Chien-Pao|[miss]\n|-miss|p1a: Houndstone|p2b: Chien-Pao\n|move|p1b: Kingambit|Guillotine|p2a: Scizor\n|-damage|p2a: Scizor|0 fnt\n|faint|p2a: Scizor\n|-ohko\n|\n|upkeep\n|c|\u2606Qwhehey|make me\n|c|\u2606DjPr1me|WHAT THE ACTUAL HELL IS THIS BULLSHIT\n|\n|t:|1683212493\n|switch|p2a: Arcanine|Arcanine, L50, M|100\/100\n|-ability|p2a: Arcanine|Intimidate|boost\n|-unboost|p1a: Houndstone|atk|1\n|-unboost|p1b: Kingambit|atk|1\n|-ability|p1b: Kingambit|Defiant|boost\n|-boost|p1b: Kingambit|atk|2\n|turn|3\n|c|\u2606Qwhehey|heheh\n|\n|t:|1683212505\n|move|p2a: Arcanine|Extreme Speed|p1b: Kingambit\n|-damage|p1b: Kingambit|0 fnt\n|faint|p1b: Kingambit\n|move|p2b: Chien-Pao|Ice Spinner|p1a: Houndstone\n|-damage|p1a: Houndstone|76\/100\n|move|p1a: Houndstone|Will-O-Wisp|p2b: Chien-Pao\n|-status|p2b: Chien-Pao|brn\n|\n|-damage|p2b: Chien-Pao|95\/100 brn|[from] brn\n|upkeep\n|\n|t:|1683212515\n|switch|p1b: Hippowdon|Hippowdon, L50, M, shiny|100\/100\n|-weather|Sandstorm|[from] ability: Sand Stream|[of] p1b: Hippowdon\n|turn|4\n|c|\u2606DjPr1me|MOTHER FUCKING CHEESE BULLSHIT\n|\n|t:|1683212526\n|move|p2b: Chien-Pao|Protect|p2b: Chien-Pao\n|-singleturn|p2b: Chien-Pao|Protect\n|move|p2a: Arcanine|Howl|p2a: Arcanine|[spread] p2a,p2b\n|-boost|p2a: Arcanine|atk|1\n|-boost|p2b: Chien-Pao|atk|1\n|move|p1a: Houndstone|Howl|p1a: Houndstone|[spread] p1a,p1b\n|-boost|p1a: Houndstone|atk|1\n|-boost|p1b: Hippowdon|atk|1\n|move|p1b: Hippowdon|Sand Tomb|p2a: Arcanine\n|-supereffective|p2a: Arcanine\n|-damage|p2a: Arcanine|33\/100\n|-activate|p2a: Arcanine|move: Sand Tomb|[of] p1b: Hippowdon\n|\n|-weather|Sandstorm|[upkeep]\n|-damage|p2b: Chien-Pao|89\/100 brn|[from] Sandstorm\n|-damage|p2a: Arcanine|27\/100|[from] Sandstorm\n|-damage|p2b: Chien-Pao|83\/100 brn|[from] brn\n|-damage|p2a: Arcanine|15\/100|[from] move: Sand Tomb|[partiallytrapped]\n|upkeep\n|-enditem|p2a: Arcanine|Figy Berry|[eat]\n|-heal|p2a: Arcanine|48\/100|[from] item: Figy Berry\n|turn|5\n|inactive|Qwhehey has 30 seconds left.\n|\n|t:|1683212556\n|move|p1b: Hippowdon|Protect|p1b: Hippowdon\n|-singleturn|p1b: Hippowdon|Protect\n|move|p2b: Chien-Pao|Ice Spinner|p1b: Hippowdon\n|-activate|p1b: Hippowdon|move: Protect\n|move|p2a: Arcanine|Flare Blitz|p1b: Hippowdon\n|-activate|p1b: Hippowdon|move: Protect\n|move|p1a: Houndstone|Night Shade|p2a: Arcanine\n|-damage|p2a: Arcanine|22\/100\n|\n|-weather|Sandstorm|[upkeep]\n|-damage|p2b: Chien-Pao|77\/100 brn|[from] Sandstorm\n|-damage|p2a: Arcanine|16\/100|[from] Sandstorm\n|-damage|p2b: Chien-Pao|71\/100 brn|[from] brn\n|-damage|p2a: Arcanine|4\/100|[from] move: Sand Tomb|[partiallytrapped]\n|upkeep\n|turn|6\n|c|\u2606DjPr1me|YOURE ONLY WINNING BECAUSE OF DUMB LUCK YOU KNOW THAT?\n|inactive|Qwhehey has 30 seconds left.\n|\n|t:|1683212583\n|move|p1b: Hippowdon|Protect||[still]\n|-fail|p1b: Hippowdon\n|move|p2b: Chien-Pao|Ice Spinner|p1b: Hippowdon\n|-supereffective|p1b: Hippowdon\n|-damage|p1b: Hippowdon|36\/100\n|move|p2a: Arcanine|Flare Blitz|p1b: Hippowdon\n|-crit|p1b: Hippowdon\n|-damage|p1b: Hippowdon|0 fnt\n|faint|p1b: Hippowdon\n|-damage|p2a: Arcanine|0 fnt|[from] Recoil\n|faint|p2a: Arcanine\n|move|p1a: Houndstone|Night Shade|p2b: Chien-Pao\n|-damage|p2b: Chien-Pao|39\/100 brn\n|\n|-weather|Sandstorm|[upkeep]\n|-damage|p2b: Chien-Pao|33\/100 brn|[from] Sandstorm\n|-damage|p2b: Chien-Pao|28\/100 brn|[from] brn\n|upkeep\n|turn|7\n|\n|t:|1683212603\n|move|p2b: Chien-Pao|Sucker Punch|p1a: Houndstone\n|-supereffective|p1a: Houndstone\n|-damage|p1a: Houndstone|45\/100\n|move|p1a: Houndstone|Night Shade|p2b: Chien-Pao\n|-damage|p2b: Chien-Pao|0 fnt\n|faint|p2b: Chien-Pao\n|\n|win|Qwhehey\n|raw|Qwhehey's rating: 1113 → 1134<\/strong> (+21 for winning)\n|raw|DjPr1me's rating: 1060 → 1044<\/strong> (-16 for losing)\n","uploadtime":1683212447,"views":7,"p1id":"qwhehey","p2id":"djpr1me","formatid":"gen9vgc2023regulationc","rating":1044,"private":0,"password":""}