{"id":"gen9vgc2023regulationc-1851900530","p1":"adrilf2000","p2":"Kagura_9","format":"[Gen 9] VGC 2023 Regulation C","log":"|j|\u2606adrilf2000\n|j|\u2606Kagura_9\n|t:|1682502995\n|gametype|doubles\n|player|p1|adrilf2000|ghetsis|1079\n|player|p2|Kagura_9|flannery|1019\n|teamsize|p1|6\n|teamsize|p2|6\n|gen|9\n|tier|[Gen 9] VGC 2023 Regulation C\n|rated|\n|rule|Species Clause: Limit one of each Pok\u00e9mon\n|rule|Item Clause: Limit one of each item\n|clearpoke\n|poke|p1|Bellibolt, L50, M|\n|poke|p1|Corviknight, L50, M|\n|poke|p1|Brute Bonnet, L50|\n|poke|p1|Arcanine, L50, M|\n|poke|p1|Dragapult, L50, F|\n|poke|p1|Chi-Yu, L50|\n|poke|p2|Murkrow, L50, F|\n|poke|p2|Meowscarada, L50, F|\n|poke|p2|Arcanine, L50, M|\n|poke|p2|Gengar, L50, F|\n|poke|p2|Palafin, L50, F|\n|poke|p2|Ceruledge, L50, F|\n|teampreview|4\n|inactive|Battle timer is ON: inactive players will automatically lose when time's up. (requested by adrilf2000)\n|\n|t:|1682503015\n|start\n|switch|p1a: Corviknight|Corviknight, L50, M|100\/100\n|switch|p1b: Dragapult|Dragapult, L50, F|100\/100\n|switch|p2a: Murkrow|Murkrow, L50, F|100\/100\n|switch|p2b: Gengar|Gengar, L50, F|100\/100\n|turn|1\n|\n|t:|1682503039\n|move|p1b: Dragapult|Protect|p1b: Dragapult\n|-singleturn|p1b: Dragapult|Protect\n|move|p2a: Murkrow|Tailwind|p2a: Murkrow\n|-sidestart|p2: Kagura_9|move: Tailwind\n|move|p2b: Gengar|Shadow Ball|p1b: Dragapult\n|-activate|p1b: Dragapult|move: Protect\n|move|p1a: Corviknight|Light Screen|p1a: Corviknight\n|-sidestart|p1: adrilf2000|move: Light Screen\n|\n|upkeep\n|turn|2\n|\n|t:|1682503058\n|switch|p2a: Ceruledge|Ceruledge, L50, F|100\/100\n|move|p2b: Gengar|Protect|p2b: Gengar\n|-singleturn|p2b: Gengar|Protect\n|move|p1b: Dragapult|Dragon Dance|p1b: Dragapult\n|-boost|p1b: Dragapult|atk|1\n|-boost|p1b: Dragapult|spe|1\n|move|p1a: Corviknight|Iron Defense|p1a: Corviknight\n|-boost|p1a: Corviknight|def|2\n|\n|upkeep\n|turn|3\n|\n|t:|1682503077\n|move|p1b: Dragapult|Protect|p1b: Dragapult\n|-singleturn|p1b: Dragapult|Protect\n|move|p2b: Gengar|Thunderbolt|p1a: Corviknight\n|-supereffective|p1a: Corviknight\n|-damage|p1a: Corviknight|62\/100\n|move|p2a: Ceruledge|Bitter Blade|p1a: Corviknight\n|-supereffective|p1a: Corviknight\n|-damage|p1a: Corviknight|35\/100\n|move|p1a: Corviknight|Reflect|p1a: Corviknight\n|-sidestart|p1: adrilf2000|Reflect\n|\n|upkeep\n|turn|4\n|\n|t:|1682503101\n|move|p2a: Ceruledge|Shadow Sneak|p1b: Dragapult\n|-supereffective|p1b: Dragapult\n|-damage|p1b: Dragapult|69\/100\n|move|p2b: Gengar|Shadow Ball|p1b: Dragapult\n|-supereffective|p1b: Dragapult\n|-damage|p1b: Dragapult|0 fnt\n|faint|p1b: Dragapult\n|move|p1a: Corviknight|Iron Defense|p1a: Corviknight\n|-boost|p1a: Corviknight|def|2\n|\n|-sideend|p2: Kagura_9|move: Tailwind\n|upkeep\n|\n|t:|1682503107\n|switch|p1b: Brute Bonnet|Brute Bonnet, L50|100\/100\n|turn|5\n|\n|t:|1682503129\n|move|p2b: Gengar|Thunderbolt|p1a: Corviknight\n|-supereffective|p1a: Corviknight\n|-damage|p1a: Corviknight|0 fnt\n|faint|p1a: Corviknight\n|move|p2a: Ceruledge|Brick Break|p1b: Brute Bonnet\n|-sideend|p1: adrilf2000|Reflect\n|-sideend|p1: adrilf2000|move: Light Screen\n|-supereffective|p1b: Brute Bonnet\n|-damage|p1b: Brute Bonnet|69\/100\n|move|p1b: Brute Bonnet|Spore|p2a: Ceruledge\n|-status|p2a: Ceruledge|slp|[from] move: Spore\n|\n|-heal|p1b: Brute Bonnet|75\/100|[from] item: Leftovers\n|upkeep\n|\n|t:|1682503142\n|switch|p1a: Bellibolt|Bellibolt, L50, M|100\/100\n|turn|6\n|\n|t:|1682503154\n|switch|p2b: Murkrow|Murkrow, L50, F|100\/100\n|-terastallize|p1a: Bellibolt|Electric\n|move|p1b: Brute Bonnet|Sucker Punch||[still]\n|-fail|p1b: Brute Bonnet\n|cant|p2a: Ceruledge|slp\n|move|p1a: Bellibolt|Parabolic Charge|p2b: Murkrow|[spread] p1b,p2a,p2b\n|-resisted|p1b: Brute Bonnet\n|-supereffective|p2b: Murkrow\n|-damage|p1b: Brute Bonnet|66\/100\n|-damage|p2a: Ceruledge|82\/100 slp\n|-damage|p2b: Murkrow|41\/100\n|\n|-heal|p1b: Brute Bonnet|72\/100|[from] item: Leftovers\n|upkeep\n|turn|7\n|\n|t:|1682503169\n|move|p1b: Brute Bonnet|Protect|p1b: Brute Bonnet\n|-singleturn|p1b: Brute Bonnet|Protect\n|move|p2b: Murkrow|Tailwind|p2b: Murkrow\n|-sidestart|p2: Kagura_9|move: Tailwind\n|cant|p2a: Ceruledge|slp\n|move|p1a: Bellibolt|Parabolic Charge|p2a: Ceruledge|[spread] p2a,p2b\n|-activate|p1b: Brute Bonnet|move: Protect\n|-supereffective|p2b: Murkrow\n|-damage|p2a: Ceruledge|60\/100 slp\n|-damage|p2b: Murkrow|0 fnt\n|faint|p2b: Murkrow\n|\n|-heal|p1b: Brute Bonnet|78\/100|[from] item: Leftovers\n|upkeep\n|\n|t:|1682503181\n|switch|p2b: Meowscarada|Meowscarada, L50, F|100\/100\n|turn|8\n|\n|t:|1682503197\n|-terastallize|p2b: Meowscarada|Grass\n|move|p1a: Bellibolt|Protect|p1a: Bellibolt\n|-singleturn|p1a: Bellibolt|Protect\n|move|p1b: Brute Bonnet|Sucker Punch|p2a: Ceruledge\n|-supereffective|p2a: Ceruledge\n|-damage|p2a: Ceruledge|0 fnt\n|faint|p2a: Ceruledge\n|move|p2b: Meowscarada|U-turn|p1b: Brute Bonnet\n|-supereffective|p1b: Brute Bonnet\n|-damage|p1b: Brute Bonnet|19\/100\n|\n|t:|1682503206\n|switch|p2b: Gengar|Gengar, L50, F|100\/100|[from] U-turn\n|\n|-heal|p1b: Brute Bonnet|25\/100|[from] item: Leftovers\n|upkeep\n|\n|t:|1682503208\n|switch|p2a: Meowscarada|Meowscarada, L50, F, tera:Grass|100\/100\n|turn|9\n|\n|t:|1682503220\n|move|p1b: Brute Bonnet|Protect|p1b: Brute Bonnet\n|-singleturn|p1b: Brute Bonnet|Protect\n|move|p2a: Meowscarada|Knock Off|p1a: Bellibolt\n|-damage|p1a: Bellibolt|68\/100\n|-start|p1a: Bellibolt|Charge|Knock Off|[from] ability: Electromorphosis\n|-enditem|p1a: Bellibolt|Sitrus Berry|[from] move: Knock Off|[of] p2a: Meowscarada\n|move|p2b: Gengar|Sludge Bomb|p1b: Brute Bonnet\n|-activate|p1b: Brute Bonnet|move: Protect\n|move|p1a: Bellibolt|Parabolic Charge|p2a: Meowscarada|[spread] p2a,p2b\n|-activate|p1b: Brute Bonnet|move: Protect\n|-resisted|p2a: Meowscarada\n|-damage|p2a: Meowscarada|64\/100\n|-heal|p1a: Bellibolt|81\/100|[from] drain|[of] p2a: Meowscarada\n|-damage|p2b: Gengar|15\/100\n|-heal|p1a: Bellibolt|100\/100|[from] drain|[of] p2b: Gengar\n|-end|p1a: Bellibolt|Charge|[silent]\n|\n|-heal|p1b: Brute Bonnet|31\/100|[from] item: Leftovers\n|upkeep\n|turn|10\n|\n|t:|1682503244\n|move|p1b: Brute Bonnet|Sucker Punch|p2b: Gengar\n|-supereffective|p2b: Gengar\n|-damage|p2b: Gengar|0 fnt\n|faint|p2b: Gengar\n|move|p2a: Meowscarada|Flower Trick|p1b: Brute Bonnet\n|-resisted|p1b: Brute Bonnet\n|-crit|p1b: Brute Bonnet\n|-damage|p1b: Brute Bonnet|1\/100\n|move|p1a: Bellibolt|Parabolic Charge|p2a: Meowscarada|[spread] p1b,p2a\n|-resisted|p1b: Brute Bonnet\n|-resisted|p2a: Meowscarada\n|-damage|p1b: Brute Bonnet|0 fnt\n|-damage|p2a: Meowscarada|42\/100\n|faint|p1b: Brute Bonnet\n|-end|p1b: Brute Bonnet|Protosynthesis|[silent]\n|\n|-sideend|p2: Kagura_9|move: Tailwind\n|upkeep\n|turn|11\n|\n|t:|1682503258\n|move|p2a: Meowscarada|Flower Trick|p1a: Bellibolt\n|-crit|p1a: Bellibolt\n|-damage|p1a: Bellibolt|45\/100\n|-start|p1a: Bellibolt|Charge|Flower Trick|[from] ability: Electromorphosis\n|move|p1a: Bellibolt|Parabolic Charge|p2a: Meowscarada\n|-resisted|p2a: Meowscarada\n|-damage|p2a: Meowscarada|0 fnt\n|-heal|p1a: Bellibolt|60\/100|[from] drain|[of] p2a: Meowscarada\n|faint|p2a: Meowscarada\n|-end|p1a: Bellibolt|Charge|[silent]\n|\n|win|adrilf2000\n|raw|adrilf2000's rating: 1079 → 1102<\/strong> (+23 for winning)\n|raw|Kagura_9's rating: 1019 → 1008<\/strong> (-11 for losing)\n|l|\u2606Kagura_9\n","uploadtime":1682503274,"views":8,"p1id":"adrilf2000","p2id":"kagura9","formatid":"gen9vgc2023regulationc","rating":1008,"private":0,"password":""}