{"id":"gen9vgc2023regulationc-1854957999","p1":"aquaarmor23","p2":"awesome10billion","format":"[Gen 9] VGC 2023 Regulation C","log":"|j|\u2606aquaarmor23\n|j|\u2606awesome10billion\n|t:|1682884952\n|gametype|doubles\n|player|p1|aquaarmor23|266|\n|player|p2|awesome10billion|170|\n|teamsize|p1|6\n|teamsize|p2|6\n|gen|9\n|tier|[Gen 9] VGC 2023 Regulation C\n|rule|Species Clause: Limit one of each Pok\u00e9mon\n|rule|Item Clause: Limit one of each item\n|clearpoke\n|poke|p1|Torkoal, L50, F|\n|poke|p1|Flutter Mane, L50|\n|poke|p1|Lilligant, L50, F|\n|poke|p1|Great Tusk, L50|\n|poke|p1|Iron Hands, L50|\n|poke|p1|Chien-Pao, L50|\n|poke|p2|Iron Hands, L50|\n|poke|p2|Amoonguss, L50, F|\n|poke|p2|Pelipper, L50, M|\n|poke|p2|Palafin, L50, F|\n|poke|p2|Baxcalibur, L50, F|\n|poke|p2|Dragonite, L50, F|\n|teampreview|4\n|inactive|Battle timer is ON: inactive players will automatically lose when time's up. (requested by awesome10billion)\naquaarmor23 has agreed to open team sheets.\n|inactive|awesome10billion has 60 seconds left.\n|\n|t:|1682885000\n|start\n|switch|p1a: flowey|Lilligant, L50, F|100\/100\n|switch|p1b: flesh hands|Iron Hands, L50|100\/100\n|switch|p2a: Amoonguss|Amoonguss, L50, F|100\/100\n|switch|p2b: Palafin|Palafin, L50, F|100\/100\n|-enditem|p1b: flesh hands|Booster Energy\n|-activate|p1b: flesh hands|ability: Quark Drive|[fromitem]\n|-start|p1b: flesh hands|quarkdriveatk\n|turn|1\n|inactive|aquaarmor23 has 30 seconds left.\n|\n|t:|1682885031\n|detailschange|p2b: Palafin|Palafin-Hero, L50, F\n|switch|p2b: Baxcalibur|Baxcalibur, L50, F|100\/100\n|move|p1a: flowey|Protect|p1a: flowey\n|-singleturn|p1a: flowey|Protect\n|move|p1b: flesh hands|Fake Out|p2b: Baxcalibur\n|-damage|p2b: Baxcalibur|82\/100\n|move|p2a: Amoonguss|Rage Powder|p2a: Amoonguss\n|-singleturn|p2a: Amoonguss|move: Rage Powder\n|\n|upkeep\n|turn|2\n|inactive|aquaarmor23 has 30 seconds left.\n|\n|t:|1682885065\n|switch|p1a: i like turtles|Torkoal, L50, F|100\/100\n|-weather|SunnyDay|[from] ability: Drought|[of] p1a: i like turtles\n|-terastallize|p2b: Baxcalibur|Poison\n|move|p2b: Baxcalibur|Icicle Crash|p1a: i like turtles\n|-resisted|p1a: i like turtles\n|-damage|p1a: i like turtles|80\/100\n|move|p1b: flesh hands|Close Combat|p2b: Baxcalibur\n|-resisted|p2b: Baxcalibur\n|-damage|p2b: Baxcalibur|42\/100\n|-unboost|p1b: flesh hands|def|1\n|-unboost|p1b: flesh hands|spd|1\n|move|p2a: Amoonguss|Spore|p1b: flesh hands\n|-status|p1b: flesh hands|slp|[from] move: Spore\n|\n|-weather|SunnyDay|[upkeep]\n|upkeep\n|turn|3\n|inactive|aquaarmor23 has 30 seconds left.\n|inactive|awesome10billion has 30 seconds left.\n|\n|t:|1682885096\n|switch|p2a: Pelipper|Pelipper, L50, M|100\/100\n|-weather|RainDance|[from] ability: Drizzle|[of] p2a: Pelipper\n|move|p2b: Baxcalibur|Glaive Rush|p1a: i like turtles\n|-damage|p1a: i like turtles|12\/100\n|-singlemove|p2b: Baxcalibur|Glaive Rush|[silent]\n|cant|p1b: flesh hands|slp\n|move|p1a: i like turtles|Eruption|p2b: Baxcalibur|[spread] p2a,p2b\n|-resisted|p2a: Pelipper\n|-damage|p2a: Pelipper|98\/100\n|-damage|p2b: Baxcalibur|38\/100\n|-ability|p2b: Baxcalibur|Thermal Exchange|boost\n|-boost|p2b: Baxcalibur|atk|1\n|\n|-weather|RainDance|[upkeep]\n|upkeep\n|turn|4\n|inactive|awesome10billion has 30 seconds left.\n|inactive|awesome10billion has 20 seconds left.\n|\n|t:|1682885136\n|move|p1a: i like turtles|Protect|p1a: i like turtles\n|-singleturn|p1a: i like turtles|Protect\n|move|p2a: Pelipper|Hurricane|p1a: i like turtles\n|-activate|p1a: i like turtles|move: Protect\n|move|p2b: Baxcalibur|Glaive Rush|p1b: flesh hands\n|-damage|p1b: flesh hands|0 fnt\n|-singlemove|p2b: Baxcalibur|Glaive Rush|[silent]\n|faint|p1b: flesh hands\n|-end|p1b: flesh hands|Quark Drive|[silent]\n|\n|-weather|RainDance|[upkeep]\n|upkeep\n|\n|t:|1682885151\n|switch|p1b: flowey|Lilligant, L50, F|100\/100\n|turn|5\n|\n|t:|1682885171\n|switch|p1a: tusk|Great Tusk, L50|100\/100\n|move|p1b: flowey|Protect|p1b: flowey\n|-singleturn|p1b: flowey|Protect\n|move|p2b: Baxcalibur|Protect|p2b: Baxcalibur\n|-singleturn|p2b: Baxcalibur|Protect\n|move|p2a: Pelipper|Hurricane|p1a: tusk\n|-supereffective|p1a: tusk\n|-crit|p1a: tusk\n|-damage|p1a: tusk|0 fnt\n|faint|p1a: tusk\n|-end|p1a: tusk|Protosynthesis|[silent]\n|\n|-weather|RainDance|[upkeep]\n|upkeep\n|\n|t:|1682885182\n|switch|p1a: i like turtles|Torkoal, L50, F|12\/100\n|-weather|SunnyDay|[from] ability: Drought|[of] p1a: i like turtles\n|turn|6\n|inactive|aquaarmor23 has 30 seconds left.\n|\n|t:|1682885209\n|switch|p2a: Amoonguss|Amoonguss, L50, F|100\/100\n|-terastallize|p1a: i like turtles|Fire\n|move|p1b: flowey|After You|p1a: i like turtles\n|-activate|p1a: i like turtles|move: After You\n|move|p1a: i like turtles|Heat Wave|p2b: Baxcalibur|[spread] p2a\n|-miss|p1a: i like turtles|p2b: Baxcalibur\n|-supereffective|p2a: Amoonguss\n|-damage|p2a: Amoonguss|8\/100\n|-enditem|p2a: Amoonguss|Sitrus Berry|[eat]\n|-heal|p2a: Amoonguss|33\/100|[from] item: Sitrus Berry\n|move|p2b: Baxcalibur|Icicle Crash|p1b: flowey\n|-supereffective|p1b: flowey\n|-crit|p1b: flowey\n|-damage|p1b: flowey|0 fnt\n|faint|p1b: flowey\n|\n|-weather|SunnyDay|[upkeep]\n|upkeep\n|turn|7\n|c|\u2606aquaarmor23|gg\n|-message|aquaarmor23 forfeited.\n|\n|win|awesome10billion\n|l|\u2606aquaarmor23\n","uploadtime":1682885230,"views":7,"p1id":"aquaarmor23","p2id":"awesome10billion","formatid":"gen9vgc2023regulationc","rating":0,"private":0,"password":""}