{"id":"gen9vgc2023regulationc-1854235483","p1":"SilverDragon550","p2":"yaCHEWY","format":"[Gen 9] VGC 2023 Regulation C","log":"|j|\u2606SilverDragon550\n|j|\u2606yaCHEWY\n|t:|1682786896\n|gametype|doubles\n|player|p1|SilverDragon550|silver|1293\n|player|p2|yaCHEWY|265|1379\n|teamsize|p1|6\n|teamsize|p2|6\n|gen|9\n|tier|[Gen 9] VGC 2023 Regulation C\n|rated|\n|rule|Species Clause: Limit one of each Pok\u00e9mon\n|rule|Item Clause: Limit one of each item\n|clearpoke\n|poke|p1|Chien-Pao, L50|\n|poke|p1|Iron Valiant, L50|\n|poke|p1|Amoonguss, L50, M|\n|poke|p1|Dragapult, L50, M|\n|poke|p1|Gyarados, L50, F|\n|poke|p1|Ting-Lu, L50|\n|poke|p2|Chien-Pao, L50|\n|poke|p2|Dondozo, L50, M|\n|poke|p2|Tatsugiri, L50, F|\n|poke|p2|Flutter Mane, L50|\n|poke|p2|Dragonite, L50, M|\n|poke|p2|Chi-Yu, L50|\n|teampreview|4\n|inactive|Battle timer is ON: inactive players will automatically lose when time's up. (requested by yaCHEWY)\nSilverDragon550 has agreed to open team sheets.\n|inactive|SilverDragon550 has 60 seconds left.\n|\n|t:|1682786954\n|start\n|switch|p1a: Bing Chiling|Chien-Pao, L50|100\/100\n|switch|p1b: Jetsicle|Dragapult, L50, M|100\/100\n|switch|p2a: Flutter Mane|Flutter Mane, L50, shiny|100\/100\n|switch|p2b: Chien-Pao|Chien-Pao, L50|100\/100\n|-ability|p1a: Bing Chiling|Sword of Ruin\n|-ability|p2b: Chien-Pao|Sword of Ruin\n|-enditem|p2a: Flutter Mane|Booster Energy\n|-activate|p2a: Flutter Mane|ability: Protosynthesis|[fromitem]\n|-start|p2a: Flutter Mane|protosynthesisspa\n|turn|1\n|inactive|SilverDragon550 has 30 seconds left.\n|\n|t:|1682786980\n|-terastallize|p1b: Jetsicle|Steel\n|move|p1b: Jetsicle|Tera Blast|p2a: Flutter Mane\n|-supereffective|p2a: Flutter Mane\n|-damage|p2a: Flutter Mane|0 fnt\n|faint|p2a: Flutter Mane\n|-end|p2a: Flutter Mane|Protosynthesis|[silent]\n|move|p2b: Chien-Pao|Sacred Sword|p1a: Bing Chiling\n|-supereffective|p1a: Bing Chiling\n|-enditem|p1a: Bing Chiling|Focus Sash\n|-damage|p1a: Bing Chiling|1\/100\n|move|p1a: Bing Chiling|Sacred Sword|p2b: Chien-Pao\n|-supereffective|p2b: Chien-Pao\n|-crit|p2b: Chien-Pao\n|-enditem|p2b: Chien-Pao|Focus Sash\n|-damage|p2b: Chien-Pao|1\/100\n|\n|upkeep\n|\n|t:|1682786997\n|switch|p2a: Dondozo|Dondozo, L50, M, shiny|100\/100\n|turn|2\n|inactive|SilverDragon550 has 30 seconds left.\n|\n|t:|1682787024\n|switch|p1b: Sussy Gussy|Amoonguss, L50, M, shiny|100\/100\n|switch|p2b: Tatsugiri|Tatsugiri, L50, F, shiny|100\/100\n|-activate|p2b: Tatsugiri|ability: Commander|[of] p2a: Dondozo\n|-boost|p2a: Dondozo|atk|2\n|-boost|p2a: Dondozo|spa|2\n|-boost|p2a: Dondozo|spe|2\n|-boost|p2a: Dondozo|def|2\n|-boost|p2a: Dondozo|spd|2\n|move|p1a: Bing Chiling|Protect|p1a: Bing Chiling\n|-singleturn|p1a: Bing Chiling|Protect\n|move|p2a: Dondozo|Earthquake|p1b: Sussy Gussy|[spread] p1b\n|-miss|p2a: Dondozo|p2b: Tatsugiri\n|-activate|p1a: Bing Chiling|move: Protect\n|-damage|p1b: Sussy Gussy|56\/100\n|\n|upkeep\n|turn|3\n|\n|t:|1682787040\n|move|p1a: Bing Chiling|Sacred Sword|p2a: Dondozo\n|-damage|p2a: Dondozo|74\/100\n|move|p2a: Dondozo|Wave Crash|p1b: Sussy Gussy\n|-resisted|p1b: Sussy Gussy\n|-damage|p1b: Sussy Gussy|1\/100\n|-enditem|p1b: Sussy Gussy|Sitrus Berry|[eat]\n|-heal|p1b: Sussy Gussy|26\/100|[from] item: Sitrus Berry\n|-damage|p2a: Dondozo|56\/100|[from] Recoil\n|move|p1b: Sussy Gussy|Clear Smog|p2a: Dondozo\n|-damage|p2a: Dondozo|49\/100\n|-clearboost|p2a: Dondozo\n|\n|-heal|p2a: Dondozo|55\/100|[from] item: Leftovers\n|upkeep\n|turn|4\n|inactive|SilverDragon550 has 30 seconds left.\n|\n|t:|1682787068\n|-terastallize|p2a: Dondozo|Grass\n|move|p1a: Bing Chiling|Sucker Punch|p2a: Dondozo\n|-damage|p2a: Dondozo|22\/100\n|move|p2a: Dondozo|Earthquake|p1b: Sussy Gussy|[spread] p1a,p1b\n|-miss|p2a: Dondozo|p2b: Tatsugiri\n|-damage|p1a: Bing Chiling|0 fnt\n|-damage|p1b: Sussy Gussy|2\/100\n|faint|p1a: Bing Chiling\n|move|p1b: Sussy Gussy|Spore|p2a: Dondozo\n|-immune|p2a: Dondozo\n|\n|-heal|p2a: Dondozo|28\/100|[from] item: Leftovers\n|upkeep\n|\n|t:|1682787074\n|switch|p1a: Jetsicle|Dragapult, L50, M, tera:Steel|100\/100\n|turn|5\n|\n|t:|1682787084\n|move|p1b: Sussy Gussy|Protect|p1b: Sussy Gussy\n|-singleturn|p1b: Sussy Gussy|Protect\n|move|p1a: Jetsicle|U-turn|p2a: Dondozo\n|-supereffective|p2a: Dondozo\n|-damage|p2a: Dondozo|0 fnt\n|faint|p2a: Dondozo\n|\n|t:|1682787089\n|switch|p1a: Love Wins|Iron Valiant, L50|100\/100|[from] U-turn\n|\n|upkeep\n|\n|t:|1682787092\n|switch|p2a: Chien-Pao|Chien-Pao, L50|1\/100\n|-ability|p2a: Chien-Pao|Sword of Ruin\n|turn|6\n|\n|t:|1682787114\n|move|p1b: Sussy Gussy|Rage Powder|p1b: Sussy Gussy\n|-singleturn|p1b: Sussy Gussy|move: Rage Powder\n|move|p2a: Chien-Pao|Ice Spinner|p1b: Sussy Gussy\n|-supereffective|p1b: Sussy Gussy\n|-damage|p1b: Sussy Gussy|0 fnt\n|faint|p1b: Sussy Gussy\n|move|p1a: Love Wins|Swords Dance|p1a: Love Wins\n|-boost|p1a: Love Wins|atk|2\n|move|p2b: Tatsugiri|Icy Wind|p1a: Love Wins\n|-damage|p1a: Love Wins|50\/100\n|-unboost|p1a: Love Wins|spe|1\n|\n|upkeep\n|\n|t:|1682787119\n|switch|p1b: Jetsicle|Dragapult, L50, M, tera:Steel|100\/100\n|turn|7\n|\n|t:|1682787125\n|move|p1a: Love Wins|Protect|p1a: Love Wins\n|-singleturn|p1a: Love Wins|Protect\n|move|p1b: Jetsicle|Dragon Darts|p2a: Chien-Pao\n|-damage|p2a: Chien-Pao|0 fnt\n|-anim|p1b: Jetsicle|Dragon Darts|p2b: Tatsugiri\n|-supereffective|p2b: Tatsugiri\n|-damage|p2b: Tatsugiri|0 fnt\n|faint|p2a: Chien-Pao\n|faint|p2b: Tatsugiri\n|\n|win|SilverDragon550\n|raw|SilverDragon550's rating: 1293 → 1324<\/strong> (+31 for winning)\n|raw|yaCHEWY's rating: 1379 → 1354<\/strong> (-25 for losing)\n|l|\u2606yaCHEWY\n","uploadtime":1682787195,"views":24,"p1id":"silverdragon550","p2id":"yachewy","formatid":"gen9vgc2023regulationc","rating":1324,"private":0,"password":""}