{"id":"gen9vgc2023regulationc-1856854359","p1":"Vengeful potato","p2":"JogadorZero","format":"[Gen 9] VGC 2023 Regulation C","log":"|j|\u2606Vengeful potato\n|j|\u2606JogadorZero\n|t:|1683119680\n|gametype|doubles\n|player|p1|Vengeful potato|swimmer-gen4|\n|player|p2|JogadorZero|veteran-gen6|\n|teamsize|p1|6\n|teamsize|p2|6\n|gen|9\n|tier|[Gen 9] VGC 2023 Regulation C\n|rated|Tournament battle\n|rule|Species Clause: Limit one of each Pok\u00e9mon\n|rule|Item Clause: Limit one of each item\n|clearpoke\n|poke|p1|Dudunsparce-*, L50, M|\n|poke|p1|Hariyama, L50, M|\n|poke|p1|Chi-Yu, L50|\n|poke|p1|Salamence, L50, F|\n|poke|p1|Toedscruel, L50, F|\n|poke|p1|Rotom-Wash, L50|\n|poke|p2|Ting-Lu, L50|\n|poke|p2|Chi-Yu, L50|\n|poke|p2|Talonflame, L50, F|\n|poke|p2|Amoonguss, L50, M|\n|poke|p2|Scizor, L50, F|\n|poke|p2|Flutter Mane, L50|\n|teampreview|4\n|raw| Open Team Sheet for Vengeful potato<\/summary>Double Down (Dudunsparce) (M) @ Sitrus Berry Ability: Serene Grace Level: 50 Tera Type: Poison - Rock Slide - Glare - Roost - Protect THICC (Hariyama) (M) @ Mago Berry Ability: Thick Fat Level: 50 Shiny: Yes Tera Type: Steel - Fake Out - Drain Punch - Bullet Punch - Wide Guard Nemo (Chi-Yu) @ Choice Specs Ability: Beads of Ruin Level: 50 Tera Type: Ghost - Heat Wave - Dark Pulse - Hex - Psychic MENACING (Salamence) (F) @ Safety Goggles Ability: Intimidate Level: 50 Tera Type: Fire - Draco Meteor - Air Slash - Heat Wave - Roost Magic (Toedscruel) (F) @ Yache Berry Ability: Mycelium Might Level: 50 Shiny: Yes Tera Type: Water - Earth Power - Giga Drain - Spore - Rage Powder \ud83d\udca6 (Rotom-Wash) @ Wiki Berry Ability: Levitate Level: 50 Shiny: Yes Tera Type: Poison - Volt Switch - Hydro Pump - Will-O-Wisp - Protect <\/details><\/div> Open Team Sheet for JogadorZero<\/summary>Ting-Lu @ Assault Vest Ability: Vessel of Ruin Level: 50 Tera Type: Poison - Earthquake - Throat Chop - Ruination - Heavy Slam Chi-Yu @ Life Orb Ability: Beads of Ruin Level: 50 Tera Type: Grass - Heat Wave - Dark Pulse - Tera Blast - Protect Talonflame @ Covert Cloak Ability: Gale Wings Level: 50 Tera Type: Ghost - Brave Bird - Tailwind - Flare Blitz - Will-O-Wisp Amoonguss (M) @ Black Sludge Ability: Regenerator Level: 50 Tera Type: Grass - Giga Drain - Rage Powder - Spore - Clear Smog Scizor (F) @ Safety Goggles Ability: Technician Level: 50 Tera Type: Water - Bullet Punch - Trailblaze - Pounce - Swords Dance Flutter Mane @ Focus Sash Ability: Protosynthesis Level: 50 Tera Type: Fairy - Dazzling Gleam - Shadow Ball - Thunderbolt - Protect <\/details><\/div>\n|inactive|Battle timer is ON: inactive players will automatically lose when time's up. (requested by JogadorZero)\n|j| La Strada\n|\n|t:|1683119713\n|start\n|switch|p1a: Double Down|Dudunsparce, L50, M|100\/100\n|switch|p1b: THICC|Hariyama, L50, M, shiny|100\/100\n|switch|p2a: Talonflame|Talonflame, L50, F|100\/100\n|switch|p2b: Flutter Mane|Flutter Mane, L50|100\/100\n|turn|1\n|j| sadgirl23\n|inactive|JogadorZero has 30 seconds left.\n|\n|t:|1683119739\n|move|p1b: THICC|Wide Guard|p1b: THICC\n|-singleturn|p1b: THICC|Wide Guard\n|move|p2a: Talonflame|Tailwind|p2a: Talonflame\n|-sidestart|p2: JogadorZero|move: Tailwind\n|move|p2b: Flutter Mane|Dazzling Gleam|p1a: Double Down|[spread] \n|-activate|p1a: Double Down|move: Wide Guard\n|-activate|p1b: THICC|move: Wide Guard\n|move|p1a: Double Down|Glare|p2a: Talonflame\n|-status|p2a: Talonflame|par\n|\n|upkeep\n|turn|2\n|\n|t:|1683119754\n|switch|p1b: MENACING|Salamence, L50, F|100\/100\n|-ability|p1b: MENACING|Intimidate|boost\n|-unboost|p2a: Talonflame|atk|1\n|-unboost|p2b: Flutter Mane|atk|1\n|move|p2a: Talonflame|Brave Bird|p1b: MENACING\n|-damage|p1b: MENACING|72\/100\n|-damage|p2a: Talonflame|90\/100 par|[from] Recoil\n|move|p2b: Flutter Mane|Shadow Ball|p1b: MENACING\n|-crit|p1b: MENACING\n|-damage|p1b: MENACING|6\/100\n|-unboost|p1b: MENACING|spd|1\n|move|p1a: Double Down|Glare|p2b: Flutter Mane\n|-status|p2b: Flutter Mane|par\n|\n|upkeep\n|turn|3\n|\n|t:|1683119776\n|switch|p1b: Nemo|Chi-Yu, L50|100\/100\n|-ability|p1b: Nemo|Beads of Ruin\n|cant|p2b: Flutter Mane|par\n|cant|p2a: Talonflame|par\n|move|p1a: Double Down|Rock Slide|p2b: Flutter Mane|[spread] p2a,p2b\n|-supereffective|p2a: Talonflame\n|-damage|p2a: Talonflame|23\/100 par\n|-damage|p2b: Flutter Mane|73\/100 par\n|\n|upkeep\n|turn|4\n|j| jazzunderground\n|\n|t:|1683119791\n|move|p2b: Flutter Mane|Dazzling Gleam|p1b: Nemo|[spread] p1a,p1b\n|-damage|p1a: Double Down|63\/100\n|-damage|p1b: Nemo|69\/100\n|move|p2a: Talonflame|Flare Blitz|p1a: Double Down\n|-damage|p1a: Double Down|40\/100\n|-enditem|p1a: Double Down|Sitrus Berry|[eat]\n|-heal|p1a: Double Down|65\/100|[from] item: Sitrus Berry\n|-damage|p2a: Talonflame|14\/100 par|[from] Recoil\n|move|p1b: Nemo|Hex|p2b: Flutter Mane\n|-supereffective|p2b: Flutter Mane\n|-damage|p2b: Flutter Mane|0 fnt\n|faint|p2b: Flutter Mane\n|-end|p2b: Flutter Mane|Protosynthesis|[silent]\n|move|p1a: Double Down|Rock Slide|p2a: Talonflame\n|-supereffective|p2a: Talonflame\n|-damage|p2a: Talonflame|0 fnt\n|faint|p2a: Talonflame\n|\n|-sideend|p2: JogadorZero|move: Tailwind\n|upkeep\n|c| La Strada|Wtf is going on\n|\n|t:|1683119808\n|switch|p2b: Chi-Yu|Chi-Yu, L50|100\/100\n|switch|p2a: Scizor|Scizor, L50, F|100\/100\n|-ability|p2b: Chi-Yu|Beads of Ruin\n|turn|5\n|c|\u2606Vengeful potato|Dudunsparce\n|\n|t:|1683119820\n|switch|p1b: THICC|Hariyama, L50, M, shiny|100\/100\n|-terastallize|p2a: Scizor|Water\n|move|p1a: Double Down|Protect|p1a: Double Down\n|-singleturn|p1a: Double Down|Protect\n|move|p2b: Chi-Yu|Dark Pulse|p1a: Double Down\n|-activate|p1a: Double Down|move: Protect\n|move|p2a: Scizor|Pounce|p1b: THICC\n|-resisted|p1b: THICC\n|-damage|p1b: THICC|80\/100\n|-unboost|p1b: THICC|spe|1\n|\n|upkeep\n|turn|6\n|\n|t:|1683119836\n|move|p2b: Chi-Yu|Protect|p2b: Chi-Yu\n|-singleturn|p2b: Chi-Yu|Protect\n|move|p1b: THICC|Fake Out|p2a: Scizor\n|-damage|p2a: Scizor|85\/100\n|cant|p2a: Scizor|flinch\n|move|p1a: Double Down|Glare|p2a: Scizor\n|-status|p2a: Scizor|par\n|\n|upkeep\n|turn|7\n|\n|t:|1683119855\n|move|p1a: Double Down|Protect|p1a: Double Down\n|-singleturn|p1a: Double Down|Protect\n|move|p2b: Chi-Yu|Heat Wave|p1b: THICC|[spread] p1b\n|-activate|p1a: Double Down|move: Protect\n|-damage|p1b: THICC|50\/100\n|-damage|p2b: Chi-Yu|90\/100|[from] item: Life Orb\n|move|p2a: Scizor|Swords Dance|p2a: Scizor\n|-boost|p2a: Scizor|atk|2\n|move|p1b: THICC|Drain Punch|p2b: Chi-Yu\n|-supereffective|p2b: Chi-Yu\n|-damage|p2b: Chi-Yu|0 fnt\n|-heal|p1b: THICC|77\/100|[from] drain|[of] p2b: Chi-Yu\n|faint|p2b: Chi-Yu\n|\n|upkeep\n|turn|8\n|\n|t:|1683119873\n|move|p1a: Double Down|Rock Slide|p2a: Scizor\n|-damage|p2a: Scizor|64\/100 par\n|cant|p2a: Scizor|flinch\n|move|p1b: THICC|Drain Punch|p2a: Scizor\n|-damage|p2a: Scizor|24\/100 par\n|-heal|p1b: THICC|90\/100|[from] drain|[of] p2a: Scizor\n|\n|upkeep\n|turn|9\n|\n|t:|1683119878\n|cant|p2a: Scizor|par\n|move|p1a: Double Down|Rock Slide|p2a: Scizor\n|-crit|p2a: Scizor\n|-damage|p2a: Scizor|0 fnt\n|faint|p2a: Scizor\n|\n|win|Vengeful potato\n|n|\u2606Vengeful potato|vengefulpotato\n|n|\u2606JogadorZero|jogadorzero\n|n| La Strada|lastrada\n|n| sadgirl23|sadgirl23\n|n| jazzunderground|jazzunderground\n","uploadtime":1683119879,"views":10,"p1id":"vengefulpotato","p2id":"jogadorzero","formatid":"gen9vgc2023regulationc","rating":0,"private":0,"password":""}