{"id":"gen9vgc2023regulationc-1864344966","p1":"Umbra Hand","p2":"revocolombia","format":"[Gen 9] VGC 2023 Regulation C","log":"|j|\u2606Umbra Hand\n|j|\u2606revocolombia\n|t:|1684157858\n|gametype|doubles\n|player|p1|Umbra Hand|janitor|1408\n|player|p2|revocolombia|pokemonranger-gen4|1318\n|teamsize|p1|6\n|teamsize|p2|6\n|gen|9\n|tier|[Gen 9] VGC 2023 Regulation C\n|rated|\n|rule|Species Clause: Limit one of each Pok\u00e9mon\n|rule|Item Clause: Limit one of each item\n|clearpoke\n|poke|p1|Murkrow, L50, F|\n|poke|p1|Chien-Pao, L50|\n|poke|p1|Kingambit, L50, M|\n|poke|p1|Brambleghast, L50, F|\n|poke|p1|Ting-Lu, L50|\n|poke|p1|Talonflame, L50, F|\n|poke|p2|Flutter Mane, L50|\n|poke|p2|Annihilape, L50, M|\n|poke|p2|Dragonite, L50, M|\n|poke|p2|Chien-Pao, L50|\n|poke|p2|Murkrow, L50, M|\n|poke|p2|Gholdengo, L50|\n|teampreview|4\n|\n|t:|1684157877\n|start\n|switch|p1a: Murkrow|Murkrow, L50, F|100\/100\n|switch|p1b: Ting-Lu|Ting-Lu, L50|100\/100\n|switch|p2a: Dragonite|Dragonite, L50, M|100\/100\n|switch|p2b: Annihilape|Annihilape, L50, M|100\/100\n|-ability|p1b: Ting-Lu|Vessel of Ruin\n|turn|1\n|\n|t:|1684157899\n|move|p1a: Murkrow|Taunt|p2b: Annihilape\n|-start|p2b: Annihilape|move: Taunt\n|move|p2a: Dragonite|Low Kick|p1b: Ting-Lu\n|-supereffective|p1b: Ting-Lu\n|-damage|p1b: Ting-Lu|43\/100\n|cant|p2b: Annihilape|move: Taunt|Bulk Up\n|move|p1b: Ting-Lu|Throat Chop|p2b: Annihilape\n|-damage|p2b: Annihilape|48\/100\n|-start|p2b: Annihilape|Throat Chop|[silent]\n|\n|-heal|p2b: Annihilape|54\/100|[from] item: Leftovers\n|upkeep\n|turn|2\n|\n|t:|1684157920\n|move|p1a: Murkrow|Tailwind|p1a: Murkrow\n|-sidestart|p1: Umbra Hand|move: Tailwind\n|move|p1b: Ting-Lu|Throat Chop|p2b: Annihilape\n|-damage|p2b: Annihilape|0 fnt\n|faint|p2b: Annihilape\n|move|p2a: Dragonite|Dragon Dance|p2a: Dragonite\n|-boost|p2a: Dragonite|atk|1\n|-boost|p2a: Dragonite|spe|1\n|\n|upkeep\n|\n|t:|1684157931\n|switch|p2b: Chien-Pao|Chien-Pao, L50|100\/100\n|-ability|p2b: Chien-Pao|Sword of Ruin\n|turn|3\n|\n|t:|1684157941\n|switch|p1b: Brambleghast|Brambleghast, L50, F|100\/100\n|-ability|p1b: Brambleghast|Wind Rider|boost\n|-boost|p1b: Brambleghast|atk|1\n|move|p1a: Murkrow|Foul Play|p2a: Dragonite\n|-damage|p2a: Dragonite|46\/100\n|move|p2a: Dragonite|Thunder Punch|p1a: Murkrow\n|-supereffective|p1a: Murkrow\n|-enditem|p1a: Murkrow|Focus Sash\n|-damage|p1a: Murkrow|1\/100\n|move|p2b: Chien-Pao|Ice Spinner|p1b: Brambleghast\n|-supereffective|p1b: Brambleghast\n|-damage|p1b: Brambleghast|0 fnt\n|faint|p1b: Brambleghast\n|\n|upkeep\n|\n|t:|1684157956\n|switch|p1b: Ting-Lu|Ting-Lu, L50|43\/100\n|-ability|p1b: Ting-Lu|Vessel of Ruin\n|turn|4\n|\n|t:|1684157968\n|-terastallize|p1b: Ting-Lu|Poison\n|move|p2a: Dragonite|Extreme Speed|p1a: Murkrow\n|-damage|p1a: Murkrow|0 fnt\n|faint|p1a: Murkrow\n|move|p2b: Chien-Pao|Ice Spinner|p1b: Ting-Lu\n|-damage|p1b: Ting-Lu|7\/100\n|move|p1b: Ting-Lu|Rock Slide|p2b: Chien-Pao|[spread] p2a,p2b\n|-supereffective|p2a: Dragonite\n|-supereffective|p2b: Chien-Pao\n|-damage|p2a: Dragonite|0 fnt\n|-damage|p2b: Chien-Pao|21\/100\n|faint|p2a: Dragonite\n|\n|upkeep\n|\n|t:|1684157980\n|switch|p2a: Flutter Mane|Flutter Mane, L50|100\/100\n|switch|p1a: Chien-Pao|Chien-Pao, L50|100\/100\n|-ability|p1a: Chien-Pao|Sword of Ruin\n|-item|p1a: Chien-Pao|Air Balloon\n|-enditem|p2a: Flutter Mane|Booster Energy\n|-activate|p2a: Flutter Mane|ability: Protosynthesis|[fromitem]\n|-start|p2a: Flutter Mane|protosynthesisspe\n|turn|5\n|\n|t:|1684158001\n|-terastallize|p2a: Flutter Mane|Fairy\n|move|p2b: Chien-Pao|Ice Shard|p1b: Ting-Lu\n|-damage|p1b: Ting-Lu|0 fnt\n|faint|p1b: Ting-Lu\n|move|p1a: Chien-Pao|Ice Spinner|p2a: Flutter Mane\n|-damage|p2a: Flutter Mane|11\/100\n|move|p2a: Flutter Mane|Dazzling Gleam|p1a: Chien-Pao\n|-supereffective|p1a: Chien-Pao\n|-damage|p1a: Chien-Pao|0 fnt\n|-enditem|p1a: Chien-Pao|Air Balloon\n|faint|p1a: Chien-Pao\n|\n|win|revocolombia\n|raw|Umbra Hand's rating: 1408 → 1383<\/strong> (-25 for losing)\n|raw|revocolombia's rating: 1318 → 1343<\/strong> (+25 for winning)\n|l|\u2606Umbra Hand\n","uploadtime":1684158022,"views":8,"p1id":"umbrahand","p2id":"revocolombia","formatid":"gen9vgc2023regulationc","rating":1343,"private":0,"password":""}