{"id":"gen9vgc2023regulationc-1850015378","p1":"u2uzw","p2":"Hecma","format":"[Gen 9] VGC 2023 Regulation C","log":"|j|\u2606u2uzw\n|j|\u2606Hecma\n|t:|1682278186\n|gametype|doubles\n|player|p1|u2uzw|fisherman-gen4|1015\n|player|p2|Hecma|170|1095\n|teamsize|p1|6\n|teamsize|p2|6\n|gen|9\n|tier|[Gen 9] VGC 2023 Regulation C\n|rated|\n|rule|Species Clause: Limit one of each Pok\u00e9mon\n|rule|Item Clause: Limit one of each item\n|clearpoke\n|poke|p1|Houndoom, L50, M|\n|poke|p1|Appletun, L50, M|\n|poke|p1|Banette, L50, M|\n|poke|p1|Gallade, L50, M|\n|poke|p1|Revavroom, L50, M|\n|poke|p1|Noivern, L50, M|\n|poke|p2|Chi-Yu, L50|\n|poke|p2|Dachsbun, L50, M|\n|poke|p2|Dragonite, L50, M|\n|poke|p2|Flutter Mane, L50|\n|poke|p2|Azumarill, L50, M|\n|poke|p2|Chien-Pao, L50|\n|teampreview|4\n|inactive|Battle timer is ON: inactive players will automatically lose when time's up. (requested by Hecma)\n|inactive|Hecma has 60 seconds left.\n|inactive|Hecma has 30 seconds left.\n|\n|t:|1682278254\n|start\n|switch|p1a: Revavroom|Revavroom, L50, M|100\/100\n|switch|p1b: Gallade|Gallade, L50, M|100\/100\n|switch|p2a: Chi-Yu|Chi-Yu, L50|100\/100\n|switch|p2b: Dachsbun|Dachsbun, L50, M|100\/100\n|-ability|p2a: Chi-Yu|Beads of Ruin\n|turn|1\n|inactive|u2uzw has 30 seconds left.\n|\n|t:|1682278283\n|-terastallize|p2a: Chi-Yu|Ghost\n|-terastallize|p1b: Gallade|Fighting\n|move|p2a: Chi-Yu|Lava Plume|p1a: Revavroom|[spread] p1a,p1b\n|-ability|p2b: Dachsbun|Well-Baked Body|boost\n|-boost|p2b: Dachsbun|def|2\n|-supereffective|p1a: Revavroom\n|-damage|p1a: Revavroom|0 fnt\n|-damage|p1b: Gallade|56\/100\n|faint|p1a: Revavroom\n|move|p2b: Dachsbun|Yawn|p1b: Gallade\n|-start|p1b: Gallade|move: Yawn|[of] p2b: Dachsbun\n|move|p1b: Gallade|Trick Room|p1b: Gallade\n|-fieldstart|move: Trick Room|[of] p1b: Gallade\n|\n|upkeep\n|\n|t:|1682278298\n|switch|p1a: Banette|Banette, L50, M|100\/100\n|turn|2\n|\n|t:|1682278306\n|switch|p1b: Appletun|Appletun, L50, M, shiny|100\/100\n|switch|p2a: Azumarill|Azumarill, L50, M|100\/100\n|move|p1a: Banette|Swords Dance|p1a: Banette\n|-boost|p1a: Banette|atk|2\n|move|p2b: Dachsbun|Yawn|p1a: Banette\n|-start|p1a: Banette|move: Yawn|[of] p2b: Dachsbun\n|\n|upkeep\n|turn|3\n|\n|t:|1682278322\n|move|p2a: Azumarill|Protect|p2a: Azumarill\n|-singleturn|p2a: Azumarill|Protect\n|move|p1b: Appletun|Leech Seed|p2b: Dachsbun|[miss]\n|-miss|p1b: Appletun|p2b: Dachsbun\n|move|p1a: Banette|Will-O-Wisp|p2a: Azumarill\n|-activate|p2a: Azumarill|move: Protect\n|move|p2b: Dachsbun|Yawn|p1b: Appletun\n|-start|p1b: Appletun|move: Yawn|[of] p2b: Dachsbun\n|\n|-end|p1a: Banette|move: Yawn|[silent]\n|upkeep\n|turn|4\n|inactive|Hecma has 30 seconds left.\n|\n|t:|1682278349\n|switch|p2a: Chi-Yu|Chi-Yu, L50, tera:Ghost|100\/100\n|-ability|p2a: Chi-Yu|Beads of Ruin\n|move|p1b: Appletun|Leech Seed|p2b: Dachsbun\n|-start|p2b: Dachsbun|move: Leech Seed\n|move|p1a: Banette|Will-O-Wisp|p2a: Chi-Yu\n|-status|p2a: Chi-Yu|brn\n|move|p2b: Dachsbun|Body Press|p1b: Appletun\n|-damage|p1b: Appletun|62\/100\n|\n|-heal|p1b: Appletun|68\/100|[from] item: Leftovers\n|-damage|p2b: Dachsbun|88\/100|[from] Leech Seed|[of] p1b: Appletun\n|-heal|p1b: Appletun|78\/100|[silent]\n|-damage|p2a: Chi-Yu|94\/100 brn|[from] brn\n|-end|p1b: Appletun|move: Yawn|[silent]\n|-status|p1b: Appletun|slp\n|upkeep\n|turn|5\n|inactive|Hecma has 30 seconds left.\n|inactive|Hecma has 20 seconds left.\n|inactive|Hecma has 15 seconds left.\n|inactive|Hecma has 10 seconds left.\n|inactive|Hecma has 5 seconds left.\n|\n|t:|1682278402\n|move|p1a: Banette|Shadow Sneak|p2a: Chi-Yu\n|-supereffective|p2a: Chi-Yu\n|-damage|p2a: Chi-Yu|0 fnt\n|faint|p2a: Chi-Yu\n|cant|p1b: Appletun|slp\n|move|p2b: Dachsbun|Body Press|p1b: Appletun\n|-damage|p1b: Appletun|40\/100 slp\n|\n|-heal|p1b: Appletun|46\/100 slp|[from] item: Leftovers\n|-heal|p2b: Dachsbun|94\/100|[from] item: Leftovers\n|-damage|p2b: Dachsbun|82\/100|[from] Leech Seed|[of] p1b: Appletun\n|-heal|p1b: Appletun|56\/100 slp|[silent]\n|-fieldend|move: Trick Room\n|upkeep\n|\n|t:|1682278411\n|switch|p2a: Dragonite|Dragonite, L50, M|100\/100\n|turn|6\n|\n|t:|1682278417\n|move|p2b: Dachsbun|Body Press|p1b: Appletun\n|-damage|p1b: Appletun|19\/100 slp\n|move|p2a: Dragonite|Iron Head|p1a: Banette\n|-damage|p1a: Banette|54\/100\n|cant|p1b: Appletun|slp\n|cant|p1a: Banette|flinch\n|\n|-heal|p2b: Dachsbun|88\/100|[from] item: Leftovers\n|-heal|p1b: Appletun|25\/100 slp|[from] item: Leftovers\n|-damage|p2b: Dachsbun|76\/100|[from] Leech Seed|[of] p1b: Appletun\n|-heal|p1b: Appletun|35\/100 slp|[silent]\n|upkeep\n|turn|7\n|\n|t:|1682278437\n|switch|p2b: Azumarill|Azumarill, L50, M|100\/100\n|move|p2a: Dragonite|Protect|p2a: Dragonite\n|-singleturn|p2a: Dragonite|Protect\n|-curestatus|p1b: Appletun|slp|[msg]\n|move|p1b: Appletun|Recover|p1b: Appletun\n|-heal|p1b: Appletun|85\/100\n|move|p1a: Banette|Trick Room|p1a: Banette\n|-fieldstart|move: Trick Room|[of] p1a: Banette\n|\n|-heal|p1b: Appletun|91\/100|[from] item: Leftovers\n|upkeep\n|turn|8\n|\n|t:|1682278454\n|move|p2b: Azumarill|Aqua Jet|p1a: Banette\n|-crit|p1a: Banette\n|-damage|p1a: Banette|0 fnt\n|faint|p1a: Banette\n|move|p1b: Appletun|Leech Seed|p2a: Dragonite\n|-start|p2a: Dragonite|move: Leech Seed\n|move|p2a: Dragonite|Iron Head|p1b: Appletun\n|-damage|p1b: Appletun|63\/100\n|\n|-heal|p1b: Appletun|69\/100|[from] item: Leftovers\n|-damage|p2a: Dragonite|88\/100|[from] Leech Seed|[of] p1b: Appletun\n|-heal|p1b: Appletun|80\/100|[silent]\n|upkeep\n|\n|t:|1682278460\n|switch|p1a: Gallade|Gallade, L50, M, tera:Fighting|56\/100\n|turn|9\n|\n|t:|1682278469\n|move|p1a: Gallade|Protect|p1a: Gallade\n|-singleturn|p1a: Gallade|Protect\n|move|p2a: Dragonite|Extreme Speed|p1a: Gallade\n|-activate|p1a: Gallade|move: Protect\n|move|p2b: Azumarill|Aqua Jet|p1a: Gallade\n|-activate|p1a: Gallade|move: Protect\n|move|p1b: Appletun|Leech Seed|p2b: Azumarill\n|-start|p2b: Azumarill|move: Leech Seed\n|\n|-heal|p1b: Appletun|86\/100|[from] item: Leftovers\n|-damage|p2b: Azumarill|88\/100|[from] Leech Seed|[of] p1b: Appletun\n|-heal|p1b: Appletun|98\/100|[silent]\n|-damage|p2a: Dragonite|76\/100|[from] Leech Seed|[of] p1b: Appletun\n|-heal|p1b: Appletun|100\/100|[silent]\n|upkeep\n|turn|10\n|\n|t:|1682278492\n|move|p2a: Dragonite|Extreme Speed|p1a: Gallade\n|-damage|p1a: Gallade|14\/100\n|move|p2b: Azumarill|Aqua Jet|p1a: Gallade\n|-damage|p1a: Gallade|0 fnt\n|faint|p1a: Gallade\n|move|p1b: Appletun|Apple Acid|p2a: Dragonite\n|-resisted|p2a: Dragonite\n|-damage|p2a: Dragonite|70\/100\n|\n|-damage|p2b: Azumarill|76\/100|[from] Leech Seed|[of] p1b: Appletun\n|-damage|p2a: Dragonite|58\/100|[from] Leech Seed|[of] p1b: Appletun\n|upkeep\n|turn|11\n|\n|t:|1682278504\n|switch|p2a: Dachsbun|Dachsbun, L50, M|76\/100\n|move|p1b: Appletun|Apple Acid|p2b: Azumarill\n|-supereffective|p2b: Azumarill\n|-damage|p2b: Azumarill|10\/100\n|-unboost|p2b: Azumarill|spd|1\n|move|p2b: Azumarill|Play Rough|p1b: Appletun\n|-supereffective|p1b: Appletun\n|-damage|p1b: Appletun|0 fnt\n|faint|p1b: Appletun\n|\n|win|Hecma\n|raw|u2uzw's rating: 1015 → 1006<\/strong> (-9 for losing)\n|raw|Hecma's rating: 1095 → 1115<\/strong> (+20 for winning)\n","uploadtime":1682278514,"views":6,"p1id":"u2uzw","p2id":"hecma","formatid":"gen9vgc2023regulationc","rating":1006,"private":0,"password":""}