{"id":"gen9vgc2023regulationc-1863646293","p1":"HiKraunty","p2":"aa230","format":"[Gen 9] VGC 2023 Regulation C","log":"|j|\u2606HiKraunty\n|j|\u2606aa230\n|t:|1684050951\n|gametype|doubles\n|player|p1|HiKraunty|hilda|1723\n|player|p2|aa230|dawn|1654\n|teamsize|p1|6\n|teamsize|p2|6\n|gen|9\n|tier|[Gen 9] VGC 2023 Regulation C\n|rated|\n|rule|Species Clause: Limit one of each Pok\u00e9mon\n|rule|Item Clause: Limit one of each item\n|clearpoke\n|poke|p1|Flutter Mane, L50|\n|poke|p1|Murkrow, L50, M|\n|poke|p1|Great Tusk, L50|\n|poke|p1|Chi-Yu, L50|\n|poke|p1|Iron Bundle, L50|\n|poke|p1|Amoonguss, L50, F|\n|poke|p2|Chi-Yu, L50|\n|poke|p2|Flutter Mane, L50|\n|poke|p2|Corviknight, L50, M|\n|poke|p2|Rotom-Wash, L50|\n|poke|p2|Baxcalibur, L50, M|\n|poke|p2|Klefki, L50, F|\n|teampreview|4\n|inactive|Battle timer is ON: inactive players will automatically lose when time's up. (requested by aa230)\nHiKraunty has agreed to open team sheets.\n|inactive|HiKraunty has 60 seconds left.\naa230 rejected open team sheets.\n|inactive|HiKraunty has 30 seconds left.\n|\n|t:|1684051021\n|start\n|switch|p1a: Overcooked|Chi-Yu, L50|100\/100\n|switch|p1b: 252SpA|Amoonguss, L50, F|100\/100\n|switch|p2a: Rotom|Rotom-Wash, L50|100\/100\n|switch|p2b: Klefki|Klefki, L50, F|100\/100\n|-ability|p1a: Overcooked|Beads of Ruin\n|turn|1\n|inactive|aa230 has 30 seconds left.\n|\n|t:|1684051052\n|switch|p2b: Chi-Yu|Chi-Yu, L50|100\/100\n|-ability|p2b: Chi-Yu|Beads of Ruin\n|move|p1a: Overcooked|Protect|p1a: Overcooked\n|-singleturn|p1a: Overcooked|Protect\n|move|p2a: Rotom|Hydro Pump|p1b: 252SpA\n|-resisted|p1b: 252SpA\n|-damage|p1b: 252SpA|55\/100\n|move|p1b: 252SpA|Leaf Storm|p2a: Rotom\n|-supereffective|p2a: Rotom\n|-damage|p2a: Rotom|0 fnt\n|-unboost|p1b: 252SpA|spa|2\n|faint|p2a: Rotom\n|\n|upkeep\n|j| jcjfjxjxndn\n|\n|t:|1684051067\n|switch|p2a: Flutter Mane|Flutter Mane, L50|100\/100\n|-enditem|p2a: Flutter Mane|Booster Energy\n|-activate|p2a: Flutter Mane|ability: Protosynthesis|[fromitem]\n|-start|p2a: Flutter Mane|protosynthesisspa\n|turn|2\n|\n|t:|1684051088\n|move|p1b: 252SpA|Rage Powder|p1b: 252SpA\n|-singleturn|p1b: 252SpA|move: Rage Powder\n|move|p2a: Flutter Mane|Dazzling Gleam|p1b: 252SpA|[spread] p1a,p1b\n|-resisted|p1b: 252SpA\n|-damage|p1a: Overcooked|61\/100\n|-damage|p1b: 252SpA|28\/100\n|-enditem|p1b: 252SpA|Sitrus Berry|[eat]\n|-heal|p1b: 252SpA|53\/100|[from] item: Sitrus Berry\n|move|p2b: Chi-Yu|Heat Wave|p1b: 252SpA|[spread] p1a\n|-miss|p2b: Chi-Yu|p1b: 252SpA\n|-resisted|p1a: Overcooked\n|-damage|p1a: Overcooked|38\/100\n|-damage|p2b: Chi-Yu|91\/100|[from] item: Life Orb\n|move|p1a: Overcooked|Heat Wave|p2b: Chi-Yu|[spread] p2a,p2b\n|-resisted|p2b: Chi-Yu\n|-damage|p2a: Flutter Mane|42\/100\n|-damage|p2b: Chi-Yu|65\/100\n|\n|upkeep\n|turn|3\n|inactive|HiKraunty has 30 seconds left.\n|inactive|aa230 has 30 seconds left.\n|inactive|HiKraunty has 20 seconds left.\n|inactive|aa230 has 20 seconds left.\n|\n|t:|1684051125\n|move|p1a: Overcooked|Protect|p1a: Overcooked\n|-singleturn|p1a: Overcooked|Protect\n|move|p2a: Flutter Mane|Dazzling Gleam|p1b: 252SpA|[spread] p1b\n|-activate|p1a: Overcooked|move: Protect\n|-resisted|p1b: 252SpA\n|-damage|p1b: 252SpA|27\/100\n|move|p2b: Chi-Yu|Heat Wave|p1b: 252SpA|[spread] p1b\n|-activate|p1a: Overcooked|move: Protect\n|-supereffective|p1b: 252SpA\n|-damage|p1b: 252SpA|0 fnt\n|faint|p1b: 252SpA\n|-damage|p2b: Chi-Yu|55\/100|[from] item: Life Orb\n|\n|upkeep\n|\n|t:|1684051135\n|switch|p1b: Iceki|Iron Bundle, L50|100\/100\n|-enditem|p1b: Iceki|Booster Energy\n|-activate|p1b: Iceki|ability: Quark Drive|[fromitem]\n|-start|p1b: Iceki|quarkdrivespe\n|turn|4\n|inactive|HiKraunty has 30 seconds left.\n|inactive|HiKraunty has 20 seconds left.\n|\n|t:|1684051177\n|-terastallize|p2b: Chi-Yu|Water\n|move|p2a: Flutter Mane|Protect|p2a: Flutter Mane\n|-singleturn|p2a: Flutter Mane|Protect\n|move|p1b: Iceki|Icy Wind|p2a: Flutter Mane|[spread] p2b\n|-activate|p2a: Flutter Mane|move: Protect\n|-resisted|p2b: Chi-Yu\n|-damage|p2b: Chi-Yu|44\/100\n|-unboost|p2b: Chi-Yu|spe|1\n|move|p1a: Overcooked|Heat Wave|p2b: Chi-Yu|[spread] p2b\n|-activate|p2a: Flutter Mane|move: Protect\n|-resisted|p2b: Chi-Yu\n|-damage|p2b: Chi-Yu|20\/100\n|move|p2b: Chi-Yu|Dark Pulse|p1b: Iceki\n|-damage|p1b: Iceki|0 fnt\n|faint|p1b: Iceki\n|-end|p1b: Iceki|Quark Drive|[silent]\n|-damage|p2b: Chi-Yu|10\/100|[from] item: Life Orb\n|\n|upkeep\n|\n|t:|1684051181\n|switch|p1b: WisTee|Great Tusk, L50|100\/100\n|turn|5\n|inactive|aa230 has 30 seconds left.\n|inactive|aa230 has 20 seconds left.\n|\n|t:|1684051219\n|switch|p2b: Klefki|Klefki, L50, F|100\/100\n|-terastallize|p1b: WisTee|Fire\n|move|p1a: Overcooked|Protect|p1a: Overcooked\n|-singleturn|p1a: Overcooked|Protect\n|move|p2a: Flutter Mane|Dazzling Gleam|p1a: Overcooked|[spread] p1b\n|-activate|p1a: Overcooked|move: Protect\n|-resisted|p1b: WisTee\n|-damage|p1b: WisTee|74\/100\n|move|p1b: WisTee|Earthquake|p2a: Flutter Mane|[spread] p2a,p2b\n|-activate|p1a: Overcooked|move: Protect\n|-supereffective|p2b: Klefki\n|-damage|p2a: Flutter Mane|0 fnt\n|-damage|p2b: Klefki|15\/100\n|faint|p2a: Flutter Mane\n|-end|p2a: Flutter Mane|Protosynthesis|[silent]\n|\n|upkeep\n|j| aizoubot\n|\n|t:|1684051233\n|switch|p2a: Chi-Yu|Chi-Yu, L50, tera:Water|10\/100\n|-ability|p2a: Chi-Yu|Beads of Ruin\n|turn|6\n|\n|t:|1684051258\n|move|p2b: Klefki|Thunder Wave|p1b: WisTee\n|-status|p1b: WisTee|par\n|move|p2a: Chi-Yu|Tera Blast|p1a: Overcooked\n|-supereffective|p1a: Overcooked\n|-damage|p1a: Overcooked|0 fnt\n|faint|p1a: Overcooked\n|-damage|p2a: Chi-Yu|0 fnt|[from] item: Life Orb\n|faint|p2a: Chi-Yu\n|move|p1b: WisTee|Close Combat|p2b: Klefki\n|-damage|p2b: Klefki|0 fnt\n|-unboost|p1b: WisTee|def|1\n|-unboost|p1b: WisTee|spd|1\n|faint|p2b: Klefki\n|\n|win|HiKraunty\n|raw|HiKraunty's rating: 1723 → 1739<\/strong> (+16 for winning)\n|raw|aa230's rating: 1654 → 1638<\/strong> (-16 for losing)\n|l|\u2606aa230\n","uploadtime":1684051276,"views":10,"p1id":"hikraunty","p2id":"aa230","formatid":"gen9vgc2023regulationc","rating":1638,"private":0,"password":""}