{"id":"gen9vgc2023regulationc-1848978430","p1":"drake-deck","p2":"CoDameron","format":"[Gen 9] VGC 2023 Regulation C","log":"|j|\u2606drake-deck\n|j|\u2606CoDameron\n|t:|1682133808\n|gametype|doubles\n|player|p1|drake-deck|roxie|1098\n|player|p2|CoDameron|2|1035\n|teamsize|p1|6\n|teamsize|p2|6\n|gen|9\n|tier|[Gen 9] VGC 2023 Regulation C\n|rated|\n|rule|Species Clause: Limit one of each Pok\u00e9mon\n|rule|Item Clause: Limit one of each item\n|clearpoke\n|poke|p1|Palafin, L50, F|\n|poke|p1|Arcanine, L50, M|\n|poke|p1|Amoonguss, L50, F|\n|poke|p1|Ting-Lu, L50|\n|poke|p1|Corviknight, L50, F|\n|poke|p1|Sandy Shocks, L50|\n|poke|p2|Bellibolt, L50, M|\n|poke|p2|Wo-Chien, L50|\n|poke|p2|Salamence, L50, F|\n|poke|p2|Cloyster, L50, F|\n|poke|p2|Foongus, L50, M|\n|poke|p2|Morgrem, L50, M|\n|teampreview|4\n|\n|t:|1682133876\n|start\n|switch|p1a: BIRD UP|Corviknight, L50, F|100\/100\n|switch|p1b: DA SHOX|Sandy Shocks, L50|100\/100\n|switch|p2a: Cloyster|Cloyster, L50, F|100\/100\n|switch|p2b: Foongus|Foongus, L50, M|100\/100\n|-enditem|p1b: DA SHOX|Booster Energy\n|-activate|p1b: DA SHOX|ability: Protosynthesis|[fromitem]\n|-start|p1b: DA SHOX|protosynthesisspe\n|turn|1\n|\n|t:|1682133904\n|-end|p1b: DA SHOX|Protosynthesis|[silent]\n|switch|p1b: MIDRANGE|Arcanine, L50, M|100\/100\n|-ability|p1b: MIDRANGE|Intimidate|boost\n|-unboost|p2a: Cloyster|atk|1\n|-unboost|p2b: Foongus|atk|1\n|move|p2a: Cloyster|Protect|p2a: Cloyster\n|-singleturn|p2a: Cloyster|Protect\n|move|p1a: BIRD UP|Brave Bird|p2b: Foongus\n|-supereffective|p2b: Foongus\n|-damage|p2b: Foongus|0 fnt\n|faint|p2b: Foongus\n|-damage|p1a: BIRD UP|72\/100|[from] Recoil\n|\n|upkeep\n|\n|t:|1682133917\n|switch|p2b: Wo-Chien|Wo-Chien, L50|100\/100\n|-ability|p2b: Wo-Chien|Tablets of Ruin\n|turn|2\n|c|\u2606drake-deck|no sash...\n|\n|t:|1682133943\n|move|p2b: Wo-Chien|Protect|p2b: Wo-Chien\n|-singleturn|p2b: Wo-Chien|Protect\n|move|p1b: MIDRANGE|Will-O-Wisp|p2b: Wo-Chien\n|-activate|p2b: Wo-Chien|move: Protect\n|move|p2a: Cloyster|Shell Smash|p2a: Cloyster\n|-unboost|p2a: Cloyster|def|1\n|-unboost|p2a: Cloyster|spd|1\n|-boost|p2a: Cloyster|atk|2\n|-boost|p2a: Cloyster|spa|2\n|-boost|p2a: Cloyster|spe|2\n|move|p1a: BIRD UP|Bulk Up|p1a: BIRD UP\n|-boost|p1a: BIRD UP|atk|1\n|-boost|p1a: BIRD UP|def|1\n|\n|upkeep\n|turn|3\n|\n|t:|1682133975\n|move|p1b: MIDRANGE|Extreme Speed|p2a: Cloyster\n|-damage|p2a: Cloyster|78\/100\n|move|p2a: Cloyster|Rock Blast|p1b: MIDRANGE\n|-supereffective|p1b: MIDRANGE\n|-damage|p1b: MIDRANGE|82\/100\n|-supereffective|p1b: MIDRANGE\n|-damage|p1b: MIDRANGE|64\/100\n|-supereffective|p1b: MIDRANGE\n|-damage|p1b: MIDRANGE|48\/100\n|-supereffective|p1b: MIDRANGE\n|-damage|p1b: MIDRANGE|29\/100\n|-supereffective|p1b: MIDRANGE\n|-damage|p1b: MIDRANGE|10\/100\n|-hitcount|p1b: MIDRANGE|5\n|move|p1a: BIRD UP|Tailwind|p1a: BIRD UP\n|-sidestart|p1: drake-deck|move: Tailwind\n|move|p2b: Wo-Chien|Leech Seed|p1a: BIRD UP\n|-start|p1a: BIRD UP|move: Leech Seed\n|\n|-damage|p1a: BIRD UP|60\/100|[from] Leech Seed|[of] p2b: Wo-Chien\n|upkeep\n|turn|4\n|\n|t:|1682134009\n|switch|p1b: FISSURE|Ting-Lu, L50|100\/100\n|-ability|p1b: FISSURE|Vessel of Ruin\n|move|p2a: Cloyster|Icicle Spear|p1a: BIRD UP\n|-damage|p1a: BIRD UP|52\/100\n|-damage|p1a: BIRD UP|46\/100\n|-damage|p1a: BIRD UP|40\/100\n|-damage|p1a: BIRD UP|32\/100\n|-damage|p1a: BIRD UP|25\/100\n|-hitcount|p1a: BIRD UP|5\n|move|p1a: BIRD UP|Roost|p1a: BIRD UP\n|-heal|p1a: BIRD UP|75\/100\n|-singleturn|p1a: BIRD UP|move: Roost\n|move|p2b: Wo-Chien|Leech Seed|p1b: FISSURE|[miss]\n|-miss|p2b: Wo-Chien|p1b: FISSURE\n|\n|-damage|p1a: BIRD UP|63\/100|[from] Leech Seed|[of] p2b: Wo-Chien\n|upkeep\n|turn|5\n|\n|t:|1682134039\n|move|p2a: Cloyster|Shell Smash|p2a: Cloyster\n|-unboost|p2a: Cloyster|def|1\n|-unboost|p2a: Cloyster|spd|1\n|-boost|p2a: Cloyster|atk|2\n|-boost|p2a: Cloyster|spa|2\n|-boost|p2a: Cloyster|spe|2\n|move|p1a: BIRD UP|Brave Bird|p2b: Wo-Chien\n|-supereffective|p2b: Wo-Chien\n|-damage|p2b: Wo-Chien|7\/100\n|-damage|p1a: BIRD UP|34\/100|[from] Recoil\n|move|p1b: FISSURE|Rock Slide|p2a: Cloyster|[spread] p2a,p2b\n|-supereffective|p2a: Cloyster\n|-damage|p2a: Cloyster|30\/100\n|-damage|p2b: Wo-Chien|0 fnt\n|faint|p2b: Wo-Chien\n|\n|upkeep\n|\n|t:|1682134054\n|switch|p2b: Bellibolt|Bellibolt, L50, M, shiny|100\/100\n|turn|6\n|\n|t:|1682134081\n|switch|p1a: MIDRANGE|Arcanine, L50, M|10\/100\n|-ability|p1a: MIDRANGE|Intimidate|boost\n|-unboost|p2a: Cloyster|atk|1\n|-unboost|p2b: Bellibolt|atk|1\n|-terastallize|p1b: FISSURE|Ground\n|-terastallize|p2b: Bellibolt|Water\n|move|p2a: Cloyster|Icicle Spear|p1b: FISSURE\n|-supereffective|p1b: FISSURE\n|-damage|p1b: FISSURE|72\/100\n|-enditem|p1b: FISSURE|Weakness Policy\n|-boost|p1b: FISSURE|atk|2|[from] item: Weakness Policy\n|-boost|p1b: FISSURE|spa|2|[from] item: Weakness Policy\n|-supereffective|p1b: FISSURE\n|-damage|p1b: FISSURE|46\/100\n|-supereffective|p1b: FISSURE\n|-damage|p1b: FISSURE|18\/100\n|-supereffective|p1b: FISSURE\n|-damage|p1b: FISSURE|0 fnt\n|faint|p1b: FISSURE\n|-hitcount|p1: FISSURE|4\n|move|p2b: Bellibolt|Muddy Water|p1a: MIDRANGE\n|-supereffective|p1a: MIDRANGE\n|-damage|p1a: MIDRANGE|0 fnt\n|faint|p1a: MIDRANGE\n|\n|-sideend|p1: drake-deck|move: Tailwind\n|upkeep\n|c|\u2606drake-deck|AAAAAAAAA\n|c|\u2606drake-deck|DICE\n|c|\u2606drake-deck|I WAS SO CLOSE\n|\n|t:|1682134104\n|switch|p1a: DA SHOX|Sandy Shocks, L50|100\/100\n|switch|p1b: BIRD UP|Corviknight, L50, F|34\/100\n|turn|7\n|\n|t:|1682134121\n|move|p1a: DA SHOX|Protect|p1a: DA SHOX\n|-singleturn|p1a: DA SHOX|Protect\n|move|p2a: Cloyster|Icicle Spear|p1b: BIRD UP\n|-damage|p1b: BIRD UP|17\/100\n|-damage|p1b: BIRD UP|0 fnt\n|faint|p1b: BIRD UP\n|-hitcount|p1: BIRD UP|2\n|move|p2b: Bellibolt|Soak|p1a: DA SHOX\n|-activate|p1a: DA SHOX|move: Protect\n|\n|upkeep\n|turn|8\n|-message|drake-deck forfeited.\n|\n|win|CoDameron\n|raw|drake-deck's rating: 1098 → 1069<\/strong> (-29 for losing)\n|raw|CoDameron's rating: 1035 → 1076<\/strong> (+41 for winning)\n|l|\u2606drake-deck\n","uploadtime":1682134140,"views":15,"p1id":"drakedeck","p2id":"codameron","formatid":"gen9vgc2023regulationc","rating":1069,"private":0,"password":""}