{"id":"gen9vgc2023regulationc-1852965949","p1":"Bnt162b2","p2":"kevintoodlepoot","format":"[Gen 9] VGC 2023 Regulation C","log":"|j|\u2606Bnt162b2\n|j|\u2606kevintoodlepoot\n|t:|1682621270\n|gametype|doubles\n|player|p1|Bnt162b2|101|1338\n|player|p2|kevintoodlepoot|pokemaniac|1360\n|teamsize|p1|6\n|teamsize|p2|6\n|gen|9\n|tier|[Gen 9] VGC 2023 Regulation C\n|rated|\n|rule|Species Clause: Limit one of each Pok\u00e9mon\n|rule|Item Clause: Limit one of each item\n|clearpoke\n|poke|p1|Maushold-Four, L50|\n|poke|p1|Annihilape, L50, M|\n|poke|p1|Roaring Moon, L50|\n|poke|p1|Arcanine, L50, M|\n|poke|p1|Amoonguss, L50, M|\n|poke|p1|Flutter Mane, L50|\n|poke|p2|Baxcalibur, L50, F|\n|poke|p2|Ting-Lu, L50|\n|poke|p2|Amoonguss, L50, F|\n|poke|p2|Arcanine, L50, F|\n|poke|p2|Flutter Mane, L50|\n|poke|p2|Palafin, L50, F|\n|teampreview|4\nkevintoodlepoot has agreed to open team sheets.\nBnt162b2 rejected open team sheets.\n|\n|t:|1682621323\n|start\n|switch|p1a: Maushold|Maushold-Four, L50, shiny|100\/100\n|switch|p1b: Annihilape|Annihilape, L50, M, shiny|100\/100\n|switch|p2a: Flutter Mane|Flutter Mane, L50|100\/100\n|switch|p2b: Baxcalibur|Baxcalibur, L50, F|100\/100\n|turn|1\n|\n|t:|1682621333\n|-terastallize|p2a: Flutter Mane|Fairy\n|-terastallize|p1b: Annihilape|Water\n|move|p2b: Baxcalibur|Ice Shard|p1a: Maushold\n|-damage|p1a: Maushold|69\/100\n|move|p2a: Flutter Mane|Moonblast|p1a: Maushold\n|-damage|p1a: Maushold|0 fnt\n|faint|p1a: Maushold\n|move|p1b: Annihilape|Rage Fist|p2a: Flutter Mane\n|-damage|p2a: Flutter Mane|58\/100\n|\n|upkeep\n|\n|t:|1682621344\n|switch|p1a: Roaring Moon|Roaring Moon, L50, shiny|100\/100\n|-enditem|p1a: Roaring Moon|Booster Energy\n|-activate|p1a: Roaring Moon|ability: Protosynthesis|[fromitem]\n|-start|p1a: Roaring Moon|protosynthesisspe\n|turn|2\n|\n|t:|1682621369\n|-end|p2a: Flutter Mane|Protosynthesis|[silent]\n|switch|p2a: Amoonguss|Amoonguss, L50, F|100\/100\n|move|p1a: Roaring Moon|Protect|p1a: Roaring Moon\n|-singleturn|p1a: Roaring Moon|Protect\n|move|p2b: Baxcalibur|Icicle Spear|p1a: Roaring Moon\n|-activate|p1a: Roaring Moon|move: Protect\n|move|p1b: Annihilape|Rage Fist|p2a: Amoonguss\n|-damage|p2a: Amoonguss|73\/100\n|\n|upkeep\n|turn|3\n|\n|t:|1682621394\n|move|p1a: Roaring Moon|Tailwind|p1a: Roaring Moon\n|-sidestart|p1: Bnt162b2|move: Tailwind\n|move|p1b: Annihilape|Taunt|p2a: Amoonguss\n|-start|p2a: Amoonguss|move: Taunt\n|move|p2b: Baxcalibur|Icicle Spear|p1a: Roaring Moon\n|-supereffective|p1a: Roaring Moon\n|-damage|p1a: Roaring Moon|64\/100\n|-supereffective|p1a: Roaring Moon\n|-damage|p1a: Roaring Moon|30\/100\n|-supereffective|p1a: Roaring Moon\n|-damage|p1a: Roaring Moon|0 fnt\n|faint|p1a: Roaring Moon\n|-end|p1a: Roaring Moon|Protosynthesis|[silent]\n|-hitcount|p1: Roaring Moon|3\n|cant|p2a: Amoonguss|move: Taunt|Spore\n|\n|upkeep\n|\n|t:|1682621401\n|switch|p1a: Arcanine|Arcanine, L50, M, shiny|100\/100\n|-ability|p1a: Arcanine|Intimidate|boost\n|-unboost|p2a: Amoonguss|atk|1\n|-unboost|p2b: Baxcalibur|atk|1\n|turn|4\n|\n|t:|1682621430\n|switch|p2b: Flutter Mane|Flutter Mane, L50, tera:Fairy|58\/100\n|move|p1a: Arcanine|Extreme Speed|p1b: Annihilape\n|-damage|p1b: Annihilape|80\/100\n|move|p1b: Annihilape|Rage Fist|p2a: Amoonguss\n|-damage|p2a: Amoonguss|20\/100\n|-enditem|p2a: Amoonguss|Sitrus Berry|[eat]\n|-heal|p2a: Amoonguss|45\/100|[from] item: Sitrus Berry\n|move|p2a: Amoonguss|Pollen Puff|p2b: Flutter Mane\n|-heal|p2b: Flutter Mane|100\/100\n|\n|upkeep\n|turn|5\n|\n|t:|1682621476\n|switch|p2a: Baxcalibur|Baxcalibur, L50, F|100\/100\n|move|p1a: Arcanine|Extreme Speed|p1b: Annihilape\n|-damage|p1b: Annihilape|62\/100\n|move|p1b: Annihilape|Rage Fist|p2b: Flutter Mane\n|-damage|p2b: Flutter Mane|0 fnt\n|faint|p2b: Flutter Mane\n|-end|p2b: Flutter Mane|Protosynthesis|[silent]\n|\n|upkeep\n|\n|t:|1682621491\n|switch|p2b: Amoonguss|Amoonguss, L50, F|78\/100\n|turn|6\n|\n|t:|1682621522\n|move|p2b: Amoonguss|Protect|p2b: Amoonguss\n|-singleturn|p2b: Amoonguss|Protect\n|move|p1a: Arcanine|Flare Blitz|p2b: Amoonguss\n|-activate|p2b: Amoonguss|move: Protect\n|move|p1b: Annihilape|Rage Fist|p2b: Amoonguss\n|-activate|p2b: Amoonguss|move: Protect\n|move|p2a: Baxcalibur|Icicle Spear|p1b: Annihilape\n|-resisted|p1b: Annihilape\n|-damage|p1b: Annihilape|55\/100\n|-resisted|p1b: Annihilape\n|-damage|p1b: Annihilape|47\/100\n|-resisted|p1b: Annihilape\n|-damage|p1b: Annihilape|39\/100\n|-resisted|p1b: Annihilape\n|-damage|p1b: Annihilape|32\/100\n|-hitcount|p1b: Annihilape|4\n|\n|-sideend|p1: Bnt162b2|move: Tailwind\n|upkeep\n|turn|7\n|\n|t:|1682621546\n|move|p2a: Baxcalibur|Ice Shard|p1b: Annihilape\n|-resisted|p1b: Annihilape\n|-damage|p1b: Annihilape|19\/100\n|move|p1a: Arcanine|Flare Blitz|p2b: Amoonguss\n|-supereffective|p2b: Amoonguss\n|-damage|p2b: Amoonguss|3\/100\n|-damage|p1a: Arcanine|73\/100|[from] Recoil\n|move|p1b: Annihilape|Rage Fist|p2a: Baxcalibur\n|-damage|p2a: Baxcalibur|0 fnt\n|faint|p2a: Baxcalibur\n|move|p2b: Amoonguss|Spore|p1b: Annihilape\n|-status|p1b: Annihilape|slp|[from] move: Spore\n|\n|upkeep\n|\n|t:|1682621558\n|switch|p2a: Arcanine|Arcanine, L50, F|100\/100\n|-ability|p2a: Arcanine|Intimidate|boost\n|-unboost|p1a: Arcanine|atk|1\n|-unboost|p1b: Annihilape|atk|1\n|-ability|p1b: Annihilape|Defiant|boost\n|-boost|p1b: Annihilape|atk|2\n|turn|8\n|\n|t:|1682621582\n|move|p2a: Arcanine|Extreme Speed|p1b: Annihilape\n|-damage|p1b: Annihilape|0 fnt\n|faint|p1b: Annihilape\n|move|p1a: Arcanine|Extreme Speed|p2b: Amoonguss\n|-damage|p2b: Amoonguss|0 fnt\n|faint|p2b: Amoonguss\n|\n|upkeep\n|turn|9\n|j| Piccolo Ruiz\n|\n|t:|1682621595\n|move|p2a: Arcanine|Extreme Speed|p1a: Arcanine\n|-damage|p1a: Arcanine|55\/100\n|move|p1a: Arcanine|Flare Blitz|p2a: Arcanine\n|-resisted|p2a: Arcanine\n|-damage|p2a: Arcanine|83\/100\n|-damage|p1a: Arcanine|49\/100|[from] Recoil\n|-enditem|p1a: Arcanine|Sitrus Berry|[eat]\n|-heal|p1a: Arcanine|74\/100|[from] item: Sitrus Berry\n|\n|upkeep\n|turn|10\n|\n|t:|1682621605\n|move|p2a: Arcanine|Extreme Speed|p1a: Arcanine\n|-damage|p1a: Arcanine|55\/100\n|move|p1a: Arcanine|Extreme Speed|p2a: Arcanine\n|-damage|p2a: Arcanine|68\/100\n|\n|upkeep\n|turn|11\n|-message|Bnt162b2 forfeited.\n|\n|win|kevintoodlepoot\n|raw|Bnt162b2's rating: 1338 → 1319<\/strong> (-19 for losing)\n|raw|kevintoodlepoot's rating: 1360 → 1379<\/strong> (+19 for winning)\n|l|\u2606Bnt162b2\n","uploadtime":1682621617,"views":8,"p1id":"bnt162b2","p2id":"kevintoodlepoot","formatid":"gen9vgc2023regulationc","rating":1319,"private":0,"password":""}