{"id":"gen9vgc2023regulationc-1860108621","p1":"taterstotz","p2":"zlint","format":"[Gen 9] VGC 2023 Regulation C","log":"|j|\u2606taterstotz\n|j|\u2606zlint\n|t:|1683596176\n|gametype|doubles\n|player|p1|taterstotz|170|1184\n|player|p2|zlint|may|1155\n|teamsize|p1|6\n|teamsize|p2|6\n|gen|9\n|tier|[Gen 9] VGC 2023 Regulation C\n|rated|\n|rule|Species Clause: Limit one of each Pok\u00e9mon\n|rule|Item Clause: Limit one of each item\n|clearpoke\n|poke|p1|Grafaiai, L50, F|\n|poke|p1|Maushold, L50|\n|poke|p1|Annihilape, L50, M|\n|poke|p1|Ting-Lu, L50|\n|poke|p1|Gyarados, L50, M|\n|poke|p1|Tyranitar, L50, M|\n|poke|p2|Scream Tail, L50|\n|poke|p2|Baxcalibur, L50, F|\n|poke|p2|Corviknight, L50, M|\n|poke|p2|Rotom-Wash, L50|\n|poke|p2|Flutter Mane, L50|\n|poke|p2|Tyranitar, L50, M|\n|teampreview|4\n|inactive|Battle timer is ON: inactive players will automatically lose when time's up. (requested by taterstotz)\ntaterstotz has agreed to open team sheets.\nzlint has agreed to open team sheets.\n|inactive|zlint has 60 seconds left.\n|inactive|taterstotz has 60 seconds left.\n|inactive|zlint has 30 seconds left.\n|inactive|zlint has 20 seconds left.\n|inactive|zlint has 15 seconds left.\n|inactive|zlint has 10 seconds left.\n|inactive|zlint has 5 seconds left.\n|\n|t:|1683596265\n|start\n|switch|p1a: Annihilape|Annihilape, L50, M|100\/100\n|switch|p1b: Grafaiai|Grafaiai, L50, F|100\/100\n|switch|p2a: Scream Tail|Scream Tail, L50, shiny|100\/100\n|switch|p2b: Flutter Mane|Flutter Mane, L50|100\/100\n|-enditem|p2a: Scream Tail|Booster Energy\n|-activate|p2a: Scream Tail|ability: Protosynthesis|[fromitem]\n|-start|p2a: Scream Tail|protosynthesisspe\n|turn|1\n|inactive|zlint has 30 seconds left.\n|inactive|zlint has 20 seconds left.\n|inactive|zlint has 15 seconds left.\n|\n|t:|1683596310\n|-end|p2a: Scream Tail|Protosynthesis|[silent]\n|switch|p2a: Tyranitar|Tyranitar, L50, M|100\/100\n|-weather|Sandstorm|[from] ability: Sand Stream|[of] p2a: Tyranitar\n|-terastallize|p1a: Annihilape|Fire\n|move|p1b: Grafaiai|Taunt|p2a: Tyranitar\n|-hint|Since gen 7, Dark is immune to Prankster moves.\n|-immune|p2a: Tyranitar\n|move|p2b: Flutter Mane|Substitute|p2b: Flutter Mane\n|-start|p2b: Flutter Mane|Substitute\n|-damage|p2b: Flutter Mane|76\/100\n|move|p1a: Annihilape|Bulk Up|p1a: Annihilape\n|-boost|p1a: Annihilape|atk|1\n|-boost|p1a: Annihilape|def|1\n|\n|-weather|Sandstorm|[upkeep]\n|-damage|p2b: Flutter Mane|70\/100|[from] Sandstorm\n|-damage|p1b: Grafaiai|95\/100|[from] Sandstorm\n|-damage|p1a: Annihilape|95\/100|[from] Sandstorm\n|-heal|p1a: Annihilape|100\/100|[from] item: Leftovers\n|upkeep\n|turn|2\n|\n|t:|1683596332\n|-terastallize|p2a: Tyranitar|Flying\n|move|p1b: Grafaiai|Encore|p2b: Flutter Mane\n|-start|p2b: Flutter Mane|Encore\n|move|p2b: Flutter Mane|Substitute|p2b: Flutter Mane\n|-fail|p2b: Flutter Mane|move: Substitute\n|move|p1a: Annihilape|Drain Punch|p2a: Tyranitar\n|-resisted|p2a: Tyranitar\n|-damage|p2a: Tyranitar|76\/100\n|move|p2a: Tyranitar|Rock Slide|p1a: Annihilape|[spread] p1a,p1b\n|-supereffective|p1a: Annihilape\n|-crit|p1a: Annihilape\n|-damage|p1a: Annihilape|0 fnt\n|-damage|p1b: Grafaiai|53\/100\n|faint|p1a: Annihilape\n|\n|-weather|Sandstorm|[upkeep]\n|-damage|p2b: Flutter Mane|65\/100|[from] Sandstorm\n|-damage|p1b: Grafaiai|47\/100|[from] Sandstorm\n|-damage|p2a: Tyranitar|70\/100|[from] Sandstorm\n|upkeep\n|c|\u2606taterstotz|sick\n|\n|t:|1683596350\n|switch|p1a: Gyarados|Gyarados, L50, M|100\/100\n|-ability|p1a: Gyarados|Intimidate|boost\n|-unboost|p2a: Tyranitar|atk|1\n|-immune|p2b: Flutter Mane\n|turn|3\n|\n|t:|1683596371\n|-end|p2b: Flutter Mane|Protosynthesis|[silent]\n|switch|p2b: Scream Tail|Scream Tail, L50, shiny|100\/100\n|switch|p2a: Rotom|Rotom-Wash, L50, shiny|100\/100\n|move|p1b: Grafaiai|Parting Shot|p2a: Rotom\n|-unboost|p2a: Rotom|atk|1\n|-unboost|p2a: Rotom|spa|1\n|\n|t:|1683596380\n|switch|p1b: Maushold|Maushold, L50|100\/100|[from] Parting Shot\n|move|p1a: Gyarados|Dragon Dance|p1a: Gyarados\n|-boost|p1a: Gyarados|atk|1\n|-boost|p1a: Gyarados|spe|1\n|\n|-weather|Sandstorm|[upkeep]\n|-damage|p1a: Gyarados|95\/100|[from] Sandstorm\n|-damage|p2b: Scream Tail|95\/100|[from] Sandstorm\n|-damage|p2a: Rotom|95\/100|[from] Sandstorm\n|upkeep\n|turn|4\n|inactive|zlint has 30 seconds left.\n|\n|t:|1683596409\n|move|p1b: Maushold|Follow Me|p1b: Maushold\n|-singleturn|p1b: Maushold|move: Follow Me\n|move|p1a: Gyarados|Waterfall|p2b: Scream Tail\n|-damage|p2b: Scream Tail|57\/100\n|move|p2b: Scream Tail|Disable|p1b: Maushold\n|-start|p1b: Maushold|Disable|Follow Me\n|move|p2a: Rotom|Nasty Plot|p2a: Rotom\n|-boost|p2a: Rotom|spa|2\n|\n|-weather|Sandstorm|[upkeep]\n|-damage|p1a: Gyarados|89\/100|[from] Sandstorm\n|-damage|p2b: Scream Tail|51\/100|[from] Sandstorm\n|-damage|p2a: Rotom|89\/100|[from] Sandstorm\n|upkeep\n|turn|5\n|-message|taterstotz forfeited.\n|\n|win|zlint\n|raw|taterstotz's rating: 1184 → 1157<\/strong> (-27 for losing)\n|raw|zlint's rating: 1155 → 1182<\/strong> (+27 for winning)\n|l|\u2606taterstotz\n","uploadtime":1683596427,"views":6,"p1id":"taterstotz","p2id":"zlint","formatid":"gen9vgc2023regulationc","rating":1157,"private":0,"password":""}