{"id":"gen9vgc2023regulationc-1846335242","p1":"StrawHatRonin","p2":"potentius","format":"[Gen 9] VGC 2023 Regulation C","log":"|j|\u2606StrawHatRonin\n|j|\u2606potentius\n|t:|1681832584\n|gametype|doubles\n|player|p1|StrawHatRonin|morty|1131\n|player|p2|potentius|265|1150\n|teamsize|p1|6\n|teamsize|p2|6\n|gen|9\n|tier|[Gen 9] VGC 2023 Regulation C\n|rated|\n|rule|Species Clause: Limit one of each Pok\u00e9mon\n|rule|Item Clause: Limit one of each item\n|clearpoke\n|poke|p1|Annihilape, L50, F|\n|poke|p1|Amoonguss, L50, M|\n|poke|p1|Arcanine, L50, M|\n|poke|p1|Maushold, L50|\n|poke|p1|Pelipper, L50, F|\n|poke|p1|Drednaw, L50, F|\n|poke|p2|Tyranitar, L50, F|\n|poke|p2|Talonflame, L50, F|\n|poke|p2|Jolteon, L50, F|\n|poke|p2|Flutter Mane, L50|\n|poke|p2|Arcanine, L50, M|\n|poke|p2|Garchomp, L50, M|\n|teampreview|4\n|inactive|Battle timer is ON: inactive players will automatically lose when time's up. (requested by StrawHatRonin)\nStrawHatRonin has agreed to open team sheets.\n|\n|t:|1681832611\n|start\n|switch|p1a: Annihilape|Annihilape, L50, F|100\/100\n|switch|p1b: Maushold|Maushold, L50|100\/100\n|switch|p2a: Tyranitar|Tyranitar, L50, F|100\/100\n|switch|p2b: Talonflame|Talonflame, L50, F|100\/100\n|-weather|Sandstorm|[from] ability: Sand Stream|[of] p2a: Tyranitar\n|turn|1\n|inactive|potentius has 30 seconds left.\n|\n|t:|1681832642\n|-terastallize|p2a: Tyranitar|Flying\n|move|p2b: Talonflame|Will-O-Wisp|p1b: Maushold|[miss]\n|-miss|p2b: Talonflame|p1b: Maushold\n|move|p1b: Maushold|Beat Up|p1a: Annihilape\n|-damage|p1a: Annihilape|98\/100\n|-damage|p1a: Annihilape|96\/100\n|-crit|p1a: Annihilape\n|-damage|p1a: Annihilape|93\/100\n|-damage|p1a: Annihilape|91\/100\n|-hitcount|p1a: Annihilape|4\n|move|p1a: Annihilape|Bulk Up|p1a: Annihilape\n|-boost|p1a: Annihilape|atk|1\n|-boost|p1a: Annihilape|def|1\n|move|p2a: Tyranitar|Tera Blast|p1a: Annihilape\n|-supereffective|p1a: Annihilape\n|-damage|p1a: Annihilape|40\/100\n|\n|-weather|Sandstorm|[upkeep]\n|-damage|p2b: Talonflame|95\/100|[from] Sandstorm\n|-damage|p1a: Annihilape|34\/100|[from] Sandstorm\n|-damage|p2a: Tyranitar|95\/100|[from] Sandstorm\n|-heal|p1a: Annihilape|40\/100|[from] item: Leftovers\n|upkeep\n|turn|2\n|inactive|StrawHatRonin has 30 seconds left.\n|inactive|potentius has 30 seconds left.\n|\n|t:|1681832674\n|move|p1b: Maushold|Follow Me|p1b: Maushold\n|-singleturn|p1b: Maushold|move: Follow Me\n|move|p2b: Talonflame|Brave Bird|p1b: Maushold\n|-damage|p1b: Maushold|35\/100\n|-damage|p2b: Talonflame|73\/100|[from] Recoil\n|move|p1a: Annihilape|Rage Fist|p2a: Tyranitar\n|-damage|p2a: Tyranitar|0 fnt\n|faint|p2a: Tyranitar\n|\n|-weather|Sandstorm|[upkeep]\n|-damage|p2b: Talonflame|68\/100|[from] Sandstorm\n|-damage|p1a: Annihilape|34\/100|[from] Sandstorm\n|-heal|p1a: Annihilape|40\/100|[from] item: Leftovers\n|upkeep\n|\n|t:|1681832687\n|switch|p2a: Garchomp|Garchomp, L50, M|100\/100\n|turn|3\n|\n|t:|1681832708\n|move|p1a: Annihilape|Protect|p1a: Annihilape\n|-singleturn|p1a: Annihilape|Protect\n|move|p2a: Garchomp|Earthquake|p1a: Annihilape|[spread] p1b\n|-activate|p1a: Annihilape|move: Protect\n|-immune|p2b: Talonflame\n|-damage|p1b: Maushold|0 fnt\n|faint|p1b: Maushold\n|-damage|p2a: Garchomp|91\/100|[from] item: Life Orb\n|move|p2b: Talonflame|Flare Blitz|p1a: Annihilape\n|-activate|p1a: Annihilape|move: Protect\n|\n|-weather|Sandstorm|[upkeep]\n|-damage|p2b: Talonflame|62\/100|[from] Sandstorm\n|-damage|p1a: Annihilape|34\/100|[from] Sandstorm\n|-heal|p1a: Annihilape|40\/100|[from] item: Leftovers\n|upkeep\n|\n|t:|1681832728\n|switch|p1b: Amoonguss|Amoonguss, L50, M|100\/100\n|turn|4\n|inactive|StrawHatRonin has 30 seconds left.\n|inactive|potentius has 30 seconds left.\n|inactive|potentius has 20 seconds left.\n|inactive|StrawHatRonin has 20 seconds left.\n|inactive|potentius has 15 seconds left.\n|inactive|potentius has 10 seconds left.\n|\n|t:|1681832776\n|switch|p1a: Arcanine|Arcanine, L50, M|100\/100\n|-ability|p1a: Arcanine|Intimidate|boost\n|-unboost|p2a: Garchomp|atk|1\n|-unboost|p2b: Talonflame|atk|1\n|-terastallize|p1b: Amoonguss|Flying\n|move|p2a: Garchomp|Protect|p2a: Garchomp\n|-singleturn|p2a: Garchomp|Protect\n|move|p2b: Talonflame|Brave Bird|p1b: Amoonguss\n|-damage|p1b: Amoonguss|78\/100\n|-damage|p2b: Talonflame|45\/100|[from] item: Rocky Helmet|[of] p1b: Amoonguss\n|-status|p2b: Talonflame|par|[from] ability: Effect Spore|[of] p1b: Amoonguss\n|-damage|p2b: Talonflame|37\/100 par|[from] Recoil\n|move|p1b: Amoonguss|Spore|p2a: Garchomp\n|-activate|p2a: Garchomp|move: Protect\n|\n|-weather|Sandstorm|[upkeep]\n|-damage|p1a: Arcanine|94\/100|[from] Sandstorm\n|-damage|p2b: Talonflame|31\/100 par|[from] Sandstorm\n|-damage|p1b: Amoonguss|72\/100|[from] Sandstorm\n|upkeep\n|turn|5\n|inactive|potentius has 30 seconds left.\n|inactive|potentius has 20 seconds left.\n|\n|t:|1681832813\n|switch|p2a: Jolteon|Jolteon, L50, F|100\/100\n|move|p1a: Arcanine|Extreme Speed|p2b: Talonflame\n|-damage|p2b: Talonflame|0 fnt\n|faint|p2b: Talonflame\n|-damage|p1a: Arcanine|85\/100|[from] item: Life Orb\n|move|p1b: Amoonguss|Spore|p2a: Jolteon\n|-status|p2a: Jolteon|slp|[from] move: Spore\n|\n|-weather|none\n|upkeep\n|\n|t:|1681832823\n|switch|p2b: Garchomp|Garchomp, L50, M|91\/100\n|turn|6\n|\n|t:|1681832836\n|move|p1a: Arcanine|Extreme Speed|p2a: Jolteon\n|-damage|p2a: Jolteon|45\/100 slp\n|-damage|p1a: Arcanine|75\/100|[from] item: Life Orb\n|cant|p2a: Jolteon|slp\n|move|p2b: Garchomp|Outrage|p1b: Amoonguss\n|-damage|p1b: Amoonguss|8\/100\n|-damage|p2b: Garchomp|74\/100|[from] item: Rocky Helmet|[of] p1b: Amoonguss\n|-damage|p2b: Garchomp|65\/100|[from] item: Life Orb\n|move|p1b: Amoonguss|Spore|p2b: Garchomp\n|-status|p2b: Garchomp|slp|[from] move: Spore\n|\n|upkeep\n|turn|7\n|\n|t:|1681832855\n|-curestatus|p2a: Jolteon|slp|[msg]\n|move|p2a: Jolteon|Protect|p2a: Jolteon\n|-singleturn|p2a: Jolteon|Protect\n|move|p1a: Arcanine|Extreme Speed|p2a: Jolteon\n|-activate|p2a: Jolteon|move: Protect\n|cant|p2b: Garchomp|slp\n|move|p1b: Amoonguss|Pollen Puff|p1a: Arcanine\n|-heal|p1a: Arcanine|100\/100\n|\n|upkeep\n|turn|8\n|\n|t:|1681832879\n|move|p2a: Jolteon|Protect|p2a: Jolteon\n|-singleturn|p2a: Jolteon|Protect\n|move|p1a: Arcanine|Extreme Speed|p2a: Jolteon\n|-activate|p2a: Jolteon|move: Protect\n|cant|p2b: Garchomp|slp\n|move|p1b: Amoonguss|Spore|p2a: Jolteon\n|-activate|p2a: Jolteon|move: Protect\n|\n|upkeep\n|turn|9\n|\n|t:|1681832903\n|move|p1a: Arcanine|Extreme Speed|p2a: Jolteon\n|-damage|p2a: Jolteon|0 fnt\n|faint|p2a: Jolteon\n|-damage|p1a: Arcanine|91\/100|[from] item: Life Orb\n|cant|p2b: Garchomp|slp\n|move|p1b: Amoonguss|Spore|p2b: Garchomp\n|-fail|p2b: Garchomp|slp\n|\n|upkeep\n|turn|10\n|\n|t:|1681832919\n|move|p1a: Arcanine|Protect|p1a: Arcanine\n|-singleturn|p1a: Arcanine|Protect\n|-curestatus|p2b: Garchomp|slp|[msg]\n|move|p2b: Garchomp|Earthquake|p1a: Arcanine|[spread] \n|-activate|p1a: Arcanine|move: Protect\n|-immune|p1b: Amoonguss\n|move|p1b: Amoonguss|Spore|p2b: Garchomp\n|-status|p2b: Garchomp|slp|[from] move: Spore\n|\n|upkeep\n|turn|11\n|-message|potentius forfeited.\n|\n|win|StrawHatRonin\n|raw|StrawHatRonin's rating: 1131 → 1157<\/strong> (+26 for winning)\n|raw|potentius's rating: 1150 → 1124<\/strong> (-26 for losing)\n|l|\u2606potentius\n","uploadtime":1681832935,"views":11,"p1id":"strawhatronin","p2id":"potentius","formatid":"gen9vgc2023regulationc","rating":1124,"private":0,"password":""}