{"id":"gen9vgc2023regulationc-1863167181","p1":"S!dd_1","p2":"CAUSEIMJP","format":"[Gen 9] VGC 2023 Regulation C","log":"|j|\u2606S!dd_1\n|j|\u2606CAUSEIMJP\n|t:|1683982707\n|gametype|doubles\n|player|p1|S!dd_1|n|1079\n|player|p2|CAUSEIMJP|265|1013\n|teamsize|p1|6\n|teamsize|p2|6\n|gen|9\n|tier|[Gen 9] VGC 2023 Regulation C\n|rated|\n|rule|Species Clause: Limit one of each Pok\u00e9mon\n|rule|Item Clause: Limit one of each item\n|clearpoke\n|poke|p1|Iron Valiant, L50|\n|poke|p1|Scizor, L50, F|\n|poke|p1|Gothitelle, L50, F|\n|poke|p1|Meowscarada, L50, M|\n|poke|p1|Armarouge, L50, F|\n|poke|p1|Baxcalibur, L50, F|\n|poke|p2|Riolu, L50, M|\n|poke|p2|Salamence, L50, F|\n|poke|p2|Flutter Mane, L50|\n|poke|p2|Farigiraf, L50, M|\n|poke|p2|Amoonguss, L50, M|\n|poke|p2|Salazzle, L50, F|\n|teampreview|4\n|inactive|Battle timer is ON: inactive players will automatically lose when time's up. (requested by CAUSEIMJP)\n|\n|t:|1683982744\n|start\n|switch|p1a: Gothitelle|Gothitelle, L50, F|100\/100\n|switch|p1b: Armarouge|Armarouge, L50, F|100\/100\n|switch|p2a: Farigiraf|Farigiraf, L50, M|100\/100\n|switch|p2b: Flutter Mane|Flutter Mane, L50|100\/100\n|turn|1\n|\n|t:|1683982764\n|-terastallize|p2b: Flutter Mane|Fairy\n|move|p1a: Gothitelle|Fake Out||[still]\n|cant|p2a: Farigiraf|ability: Armor Tail|Fake Out|[of] p1a: Gothitelle\n|move|p2b: Flutter Mane|Dazzling Gleam|p1b: Armarouge|[spread] p1a,p1b\n|-resisted|p1b: Armarouge\n|-damage|p1a: Gothitelle|56\/100\n|-damage|p1b: Armarouge|80\/100\n|move|p1b: Armarouge|Flash Cannon|p2b: Flutter Mane\n|-supereffective|p2b: Flutter Mane\n|-damage|p2b: Flutter Mane|45\/100\n|move|p2a: Farigiraf|Imprison|p2a: Farigiraf\n|-start|p2a: Farigiraf|move: Imprison\n|\n|-heal|p1a: Gothitelle|62\/100|[from] item: Leftovers\n|upkeep\n|turn|2\n|inactive|S!dd_1 has 30 seconds left.\n|inactive|CAUSEIMJP has 30 seconds left.\n|inactive|CAUSEIMJP has 20 seconds left.\n|inactive|CAUSEIMJP has 15 seconds left.\n|\n|t:|1683982809\n|move|p1a: Gothitelle|Helping Hand|p1b: Armarouge\n|-singleturn|p1b: Armarouge|Helping Hand|[of] p1a: Gothitelle\n|move|p2b: Flutter Mane|Dazzling Gleam|p1b: Armarouge|[spread] p1a,p1b\n|-resisted|p1b: Armarouge\n|-damage|p1a: Gothitelle|17\/100\n|-damage|p1b: Armarouge|59\/100\n|move|p1b: Armarouge|Armor Cannon|p2a: Farigiraf\n|-damage|p2a: Farigiraf|0 fnt\n|-unboost|p1b: Armarouge|def|1\n|-unboost|p1b: Armarouge|spd|1\n|faint|p2a: Farigiraf\n|\n|-heal|p1a: Gothitelle|23\/100|[from] item: Leftovers\n|upkeep\n|\n|t:|1683982820\n|switch|p2a: Salazzle|Salazzle, L50, F, shiny|100\/100\n|turn|3\n|\n|t:|1683982840\n|move|p1a: Gothitelle|Protect|p1a: Gothitelle\n|-singleturn|p1a: Gothitelle|Protect\n|move|p2a: Salazzle|Fake Out|p1b: Armarouge\n|-damage|p1b: Armarouge|50\/100\n|move|p2b: Flutter Mane|Dazzling Gleam|p1b: Armarouge|[spread] p1b\n|-activate|p1a: Gothitelle|move: Protect\n|-resisted|p1b: Armarouge\n|-damage|p1b: Armarouge|18\/100\n|cant|p1b: Armarouge|flinch\n|\n|-heal|p1a: Gothitelle|29\/100|[from] item: Leftovers\n|upkeep\n|turn|4\n|inactive|CAUSEIMJP has 30 seconds left.\n|\n|t:|1683982873\n|move|p2b: Flutter Mane|Dazzling Gleam|p1b: Armarouge|[spread] p1a,p1b\n|-resisted|p1b: Armarouge\n|-damage|p1a: Gothitelle|0 fnt\n|-damage|p1b: Armarouge|0 fnt\n|faint|p1a: Gothitelle\n|faint|p1b: Armarouge\n|move|p2a: Salazzle|Sludge Bomb|p1: Gothitelle|[notarget]\n|-fail|p2a: Salazzle\n|\n|upkeep\n|\n|t:|1683982883\n|switch|p1b: Baxcalibur|Baxcalibur, L50, F|100\/100\n|switch|p1a: Iron Valiant|Iron Valiant, L50|100\/100\n|-enditem|p1a: Iron Valiant|Booster Energy\n|-activate|p1a: Iron Valiant|ability: Quark Drive|[fromitem]\n|-start|p1a: Iron Valiant|quarkdrivespe\n|turn|5\n|inactive|S!dd_1 has 30 seconds left.\n|inactive|S!dd_1 has 20 seconds left.\n|inactive|S!dd_1 has 15 seconds left.\n|\n|t:|1683982927\n|-end|p2b: Flutter Mane|Protosynthesis|[silent]\n|switch|p2b: Amoonguss|Amoonguss, L50, M, shiny|100\/100\n|-terastallize|p1b: Baxcalibur|Poison\n|move|p1a: Iron Valiant|Protect|p1a: Iron Valiant\n|-singleturn|p1a: Iron Valiant|Protect\n|move|p1b: Baxcalibur|Tera Blast|p2b: Amoonguss\n|-damage|p2b: Amoonguss|66\/100\n|move|p2a: Salazzle|Sludge Bomb|p1a: Iron Valiant\n|-activate|p1a: Iron Valiant|move: Protect\n|\n|upkeep\n|turn|6\n|inactive|S!dd_1 has 30 seconds left.\n|inactive|CAUSEIMJP has 30 seconds left.\n|\n|t:|1683982956\n|move|p1a: Iron Valiant|Drain Punch|p2a: Salazzle\n|-resisted|p2a: Salazzle\n|-damage|p2a: Salazzle|69\/100\n|move|p1b: Baxcalibur|Icicle Spear|p2b: Amoonguss\n|-supereffective|p2b: Amoonguss\n|-damage|p2b: Amoonguss|42\/100\n|-enditem|p2b: Amoonguss|Sitrus Berry|[eat]\n|-heal|p2b: Amoonguss|67\/100|[from] item: Sitrus Berry\n|-supereffective|p2b: Amoonguss\n|-damage|p2b: Amoonguss|47\/100\n|-supereffective|p2b: Amoonguss\n|-damage|p2b: Amoonguss|24\/100\n|-supereffective|p2b: Amoonguss\n|-damage|p2b: Amoonguss|4\/100\n|-hitcount|p2b: Amoonguss|4\n|move|p2a: Salazzle|Sludge Bomb|p1a: Iron Valiant\n|-supereffective|p1a: Iron Valiant\n|-damage|p1a: Iron Valiant|0 fnt\n|faint|p1a: Iron Valiant\n|-end|p1a: Iron Valiant|Quark Drive|[silent]\n|move|p2b: Amoonguss|Spore|p1b: Baxcalibur\n|-status|p1b: Baxcalibur|slp|[from] move: Spore\n|\n|upkeep\n|turn|7\n|\n|t:|1683982979\n|switch|p2a: Flutter Mane|Flutter Mane, L50, tera:Fairy|45\/100\n|cant|p1b: Baxcalibur|slp\n|move|p2b: Amoonguss|Pollen Puff|p2a: Flutter Mane\n|-heal|p2a: Flutter Mane|94\/100\n|\n|upkeep\n|turn|8\n|\n|t:|1683983003\n|cant|p1b: Baxcalibur|slp\n|move|p2a: Flutter Mane|Moonblast|p1b: Baxcalibur\n|-resisted|p1b: Baxcalibur\n|-damage|p1b: Baxcalibur|38\/100 slp\n|-unboost|p1b: Baxcalibur|spa|1\n|move|p2b: Amoonguss|Pollen Puff|p1b: Baxcalibur\n|-resisted|p1b: Baxcalibur\n|-damage|p1b: Baxcalibur|28\/100 slp\n|\n|upkeep\n|turn|9\n|-message|S!dd_1 forfeited.\n|\n|win|CAUSEIMJP\n|raw|S!dd_1's rating: 1079 → 1053<\/strong> (-26 for losing)\n|raw|CAUSEIMJP's rating: 1013 → 1058<\/strong> (+45 for winning)\n|l|\u2606S!dd_1\n","uploadtime":1683983024,"views":16,"p1id":"sdd1","p2id":"causeimjp","formatid":"gen9vgc2023regulationc","rating":1053,"private":0,"password":""}