{"id":"gen9vgc2023regulationc-1854533393","p1":"ShaytheFair","p2":"rare kendi","format":"[Gen 9] VGC 2023 Regulation C","log":"|j|\u2606ShaytheFair\n|j|\u2606rare kendi\n|t:|1682823336\n|gametype|doubles\n|player|p1|ShaytheFair|veteranf|\n|player|p2|rare kendi|2|\n|teamsize|p1|6\n|teamsize|p2|6\n|gen|9\n|tier|[Gen 9] VGC 2023 Regulation C\n|rule|Species Clause: Limit one of each Pok\u00e9mon\n|rule|Item Clause: Limit one of each item\n|clearpoke\n|poke|p1|Palafin, L50, F|\n|poke|p1|Flutter Mane, L50|\n|poke|p1|Arcanine, L50, F|\n|poke|p1|Ting-Lu, L50|\n|poke|p1|Amoonguss, L50, F|\n|poke|p1|Kingambit, L50, F|\n|poke|p2|Jumpluff, L50, F|\n|poke|p2|Torkoal, L50, F|\n|poke|p2|Great Tusk, L50|\n|poke|p2|Iron Bundle, L50|\n|poke|p2|Farigiraf, L50, M|\n|poke|p2|Iron Hands, L50|\n|teampreview|4\nShaytheFair has agreed to open team sheets.\nrare kendi has agreed to open team sheets.\n|inactive|Battle timer is ON: inactive players will automatically lose when time's up. (requested by rare kendi)\n|inactive|ShaytheFair has 60 seconds left.\n|inactive|rare kendi has 60 seconds left.\n|inactive|ShaytheFair has 30 seconds left.\n|inactive|rare kendi has 30 seconds left.\n|inactive|ShaytheFair has 20 seconds left.\n|inactive|rare kendi has 20 seconds left.\n|inactive|ShaytheFair has 15 seconds left.\n|inactive|rare kendi has 15 seconds left.\n|inactive|rare kendi has 10 seconds left.\n|inactive|rare kendi has 5 seconds left.\n|\n|t:|1682823450\n|start\n|switch|p1a: Fish Food|Palafin, L50, F|100\/100\n|switch|p1b: Cookies n Cream|Amoonguss, L50, F|100\/100\n|switch|p2a: Jumpluff|Jumpluff, L50, F|100\/100\n|switch|p2b: Torkoal|Torkoal, L50, F|100\/100\n|-weather|SunnyDay|[from] ability: Drought|[of] p2b: Torkoal\n|turn|1\n|inactive|ShaytheFair has 30 seconds left.\n|inactive|rare kendi has 30 seconds left.\n|inactive|ShaytheFair has 20 seconds left.\n|inactive|ShaytheFair has 15 seconds left.\n|inactive|ShaytheFair has 10 seconds left.\n|inactive|ShaytheFair has 5 seconds left.\n|\n|t:|1682823501\n|switch|p2a: Great Tusk|Great Tusk, L50|100\/100\n|-activate|p2a: Great Tusk|ability: Protosynthesis\n|-start|p2a: Great Tusk|protosynthesisatk\n|detailschange|p1a: Fish Food|Palafin-Hero, L50, F\n|switch|p1a: Moose Tracks|Ting-Lu, L50|100\/100\n|-ability|p1a: Moose Tracks|Vessel of Ruin\n|move|p2b: Torkoal|Overheat|p1b: Cookies n Cream\n|-supereffective|p1b: Cookies n Cream\n|-damage|p1b: Cookies n Cream|31\/100\n|-unboost|p2b: Torkoal|spa|2\n|-enditem|p2b: Torkoal|Eject Pack\n|\n|t:|1682823510\n|switch|p2b: Jumpluff|Jumpluff, L50, F|100\/100\n|move|p1b: Cookies n Cream|Pollen Puff|p2a: Great Tusk\n|-resisted|p2a: Great Tusk\n|-damage|p2a: Great Tusk|90\/100\n|\n|-weather|SunnyDay|[upkeep]\n|upkeep\n|turn|2\n|inactive|ShaytheFair has 30 seconds left.\n|inactive|ShaytheFair has 20 seconds left.\n|\n|t:|1682823548\n|switch|p1b: Fish Food|Palafin-Hero, L50, F|100\/100\n|-activate|p1b: Fish Food|ability: Zero to Hero\n|-terastallize|p2a: Great Tusk|Ground\n|move|p2b: Jumpluff|Sleep Powder|p1a: Moose Tracks\n|-status|p1a: Moose Tracks|slp|[from] move: Sleep Powder\n|move|p2a: Great Tusk|Headlong Rush|p1b: Fish Food\n|-damage|p1b: Fish Food|9\/100\n|-unboost|p2a: Great Tusk|def|1\n|-unboost|p2a: Great Tusk|spd|1\n|cant|p1a: Moose Tracks|slp\n|\n|-weather|SunnyDay|[upkeep]\n|upkeep\n|turn|3\n|inactive|ShaytheFair has 30 seconds left.\n|\n|t:|1682823575\n|-end|p2a: Great Tusk|Protosynthesis|[silent]\n|switch|p2a: Torkoal|Torkoal, L50, F|100\/100\n|switch|p1a: Cookies n Cream|Amoonguss, L50, F|64\/100\n|move|p2b: Jumpluff|Pollen Puff|p1b: Fish Food\n|-damage|p1b: Fish Food|0 fnt\n|faint|p1b: Fish Food\n|\n|-weather|SunnyDay|[upkeep]\n|upkeep\n|\n|t:|1682823586\n|switch|p1b: Chocolate Cherry|Flutter Mane, L50|100\/100\n|-activate|p1b: Chocolate Cherry|ability: Protosynthesis\n|-start|p1b: Chocolate Cherry|protosynthesisspa\n|turn|4\n|\n|t:|1682823602\n|-terastallize|p1b: Chocolate Cherry|Fairy\n|move|p2b: Jumpluff|Sleep Powder|p1b: Chocolate Cherry|[miss]\n|-miss|p2b: Jumpluff|p1b: Chocolate Cherry\n|move|p1b: Chocolate Cherry|Dazzling Gleam|p2a: Torkoal|[spread] p2a,p2b\n|-resisted|p2a: Torkoal\n|-damage|p2a: Torkoal|72\/100\n|-damage|p2b: Jumpluff|40\/100\n|move|p2a: Torkoal|Overheat|p1a: Cookies n Cream\n|-supereffective|p1a: Cookies n Cream\n|-damage|p1a: Cookies n Cream|0 fnt\n|-unboost|p2a: Torkoal|spa|2\n|faint|p1a: Cookies n Cream\n|\n|-weather|SunnyDay|[upkeep]\n|upkeep\n|\n|t:|1682823616\n|switch|p1a: Moose Tracks|Ting-Lu, L50|100\/100 slp\n|-ability|p1a: Moose Tracks|Vessel of Ruin\n|turn|5\n|\n|t:|1682823625\n|move|p2b: Jumpluff|Strength Sap|p1a: Moose Tracks\n|-unboost|p1a: Moose Tracks|atk|1\n|-heal|p2b: Jumpluff|100\/100\n|move|p1b: Chocolate Cherry|Shadow Ball|p2b: Jumpluff\n|-damage|p2b: Jumpluff|55\/100\n|-unboost|p2b: Jumpluff|spd|1\n|cant|p1a: Moose Tracks|slp\n|move|p2a: Torkoal|Yawn|p1b: Chocolate Cherry\n|-start|p1b: Chocolate Cherry|move: Yawn|[of] p2a: Torkoal\n|\n|-weather|none\n|-end|p1b: Chocolate Cherry|Protosynthesis\n|upkeep\n|-enditem|p1b: Chocolate Cherry|Booster Energy\n|-activate|p1b: Chocolate Cherry|ability: Protosynthesis|[fromitem]\n|-start|p1b: Chocolate Cherry|protosynthesisspa\n|turn|6\n|\n|t:|1682823647\n|move|p1b: Chocolate Cherry|Dazzling Gleam|p2a: Torkoal|[spread] p2a,p2b\n|-resisted|p2a: Torkoal\n|-damage|p2a: Torkoal|50\/100\n|-damage|p2b: Jumpluff|0 fnt\n|faint|p2b: Jumpluff\n|cant|p1a: Moose Tracks|slp\n|move|p2a: Torkoal|Body Press|p1a: Moose Tracks\n|-supereffective|p1a: Moose Tracks\n|-damage|p1a: Moose Tracks|68\/100 slp\n|\n|-end|p1b: Chocolate Cherry|move: Yawn|[silent]\n|-status|p1b: Chocolate Cherry|slp\n|upkeep\n|\n|t:|1682823657\n|switch|p2b: Great Tusk|Great Tusk, L50, tera:Ground|90\/100\n|turn|7\n|\n|t:|1682823675\n|cant|p1b: Chocolate Cherry|slp\n|move|p2b: Great Tusk|Headlong Rush|p1b: Chocolate Cherry\n|-damage|p1b: Chocolate Cherry|0 fnt\n|-unboost|p2b: Great Tusk|def|1\n|-unboost|p2b: Great Tusk|spd|1\n|faint|p1b: Chocolate Cherry\n|-end|p1b: Chocolate Cherry|Protosynthesis|[silent]\n|-curestatus|p1a: Moose Tracks|slp|[msg]\n|move|p1a: Moose Tracks|Ruination|p2b: Great Tusk\n|-damage|p2b: Great Tusk|45\/100\n|move|p2a: Torkoal|Yawn|p1a: Moose Tracks\n|-start|p1a: Moose Tracks|move: Yawn|[of] p2a: Torkoal\n|\n|upkeep\n|turn|8\n|\n|t:|1682823688\n|move|p2a: Torkoal|Helping Hand|p2b: Great Tusk\n|-singleturn|p2b: Great Tusk|Helping Hand|[of] p2a: Torkoal\n|move|p2b: Great Tusk|Close Combat|p1a: Moose Tracks\n|-supereffective|p1a: Moose Tracks\n|-damage|p1a: Moose Tracks|0 fnt\n|-unboost|p2b: Great Tusk|def|1\n|-unboost|p2b: Great Tusk|spd|1\n|faint|p1a: Moose Tracks\n|\n|win|rare kendi\n|c|\u2606ShaytheFair|Yeah there was no way I was winning that! I did not led well. GG\n","uploadtime":1682823710,"views":14,"p1id":"shaythefair","p2id":"rarekendi","formatid":"gen9vgc2023regulationc","rating":0,"private":0,"password":""}