{"id":"gen9vgc2023regulationc-1850886784","p1":"Jjzhdhdbsbh","p2":"jcgvjyhm","format":"[Gen 9] VGC 2023 Regulation C","log":"|j|\u2606Jjzhdhdbsbh\n|j|\u2606jcgvjyhm\n|t:|1682378433\n|gametype|doubles\n|player|p1|Jjzhdhdbsbh|2|1083\n|player|p2|jcgvjyhm|1|1051\n|teamsize|p1|6\n|teamsize|p2|6\n|gen|9\n|tier|[Gen 9] VGC 2023 Regulation C\n|rated|\n|rule|Species Clause: Limit one of each Pok\u00e9mon\n|rule|Item Clause: Limit one of each item\n|clearpoke\n|poke|p1|Garganacl, L50, F|\n|poke|p1|Glimmora, L50, M|\n|poke|p1|Iron Bundle, L50|\n|poke|p1|Gyarados, L50, F|\n|poke|p1|Amoonguss, L50, F|\n|poke|p1|Iron Hands, L50|\n|poke|p2|Gothitelle, L50, M|\n|poke|p2|Maushold, L50|\n|poke|p2|Ting-Lu, L50|\n|poke|p2|Dugtrio, L50, M|\n|poke|p2|Wo-Chien, L50|\n|poke|p2|Misdreavus, L50, M|\n|teampreview|4\njcgvjyhm rejected open team sheets.\n|inactive|Battle timer is ON: inactive players will automatically lose when time's up. (requested by Jjzhdhdbsbh)\n|inactive|Jjzhdhdbsbh has 60 seconds left.\n|\n|t:|1682378474\n|start\n|switch|p1a: Garganacl|Garganacl, L50, F|100\/100\n|switch|p1b: Glimmora|Glimmora, L50, M|100\/100\n|switch|p2a: Dugtrio|Dugtrio, L50, M|100\/100\n|switch|p2b: Misdreavus|Misdreavus, L50, M|100\/100\n|turn|1\n|inactive|Jjzhdhdbsbh has 30 seconds left.\n|\n|t:|1682378501\n|-terastallize|p1a: Garganacl|Ghost\n|move|p2a: Dugtrio|Fissure|p1a: Garganacl|[miss]\n|-miss|p2a: Dugtrio|p1a: Garganacl\n|move|p1b: Glimmora|Mortal Spin|p2b: Misdreavus|[spread] p2a,p2b\n|-resisted|p2a: Dugtrio\n|-resisted|p2b: Misdreavus\n|-damage|p2a: Dugtrio|95\/100\n|-damage|p2b: Misdreavus|98\/100\n|-status|p2a: Dugtrio|psn\n|-status|p2b: Misdreavus|psn\n|move|p2b: Misdreavus|Perish Song|p2b: Misdreavus\n|-start|p1a: Garganacl|perish3|[silent]\n|-start|p1b: Glimmora|perish3|[silent]\n|-start|p2a: Dugtrio|perish3|[silent]\n|-start|p2b: Misdreavus|perish3|[silent]\n|-fieldactivate|move: Perish Song\n|move|p1a: Garganacl|Salt Cure|p2a: Dugtrio\n|-resisted|p2a: Dugtrio\n|-damage|p2a: Dugtrio|76\/100 psn\n|-start|p2a: Dugtrio|Salt Cure\n|\n|-damage|p2a: Dugtrio|64\/100 psn|[from] psn\n|-damage|p2b: Misdreavus|86\/100 psn|[from] psn\n|-damage|p2a: Dugtrio|52\/100 psn|[from] Salt Cure\n|-start|p2a: Dugtrio|perish3\n|-start|p1b: Glimmora|perish3\n|-start|p2b: Misdreavus|perish3\n|-start|p1a: Garganacl|perish3\n|upkeep\n|turn|2\n|inactive|Jjzhdhdbsbh has 30 seconds left.\n|inactive|jcgvjyhm has 30 seconds left.\n|inactive|jcgvjyhm has 20 seconds left.\n|\n|t:|1682378538\n|move|p2b: Misdreavus|Protect|p2b: Misdreavus\n|-singleturn|p2b: Misdreavus|Protect\n|move|p1a: Garganacl|Protect|p1a: Garganacl\n|-singleturn|p1a: Garganacl|Protect\n|move|p2a: Dugtrio|Stomping Tantrum|p1b: Glimmora\n|-supereffective|p1b: Glimmora\n|-enditem|p1b: Glimmora|Focus Sash\n|-damage|p1b: Glimmora|1\/100\n|-activate|p1b: Glimmora|ability: Toxic Debris\n|-sidestart|p2: jcgvjyhm|move: Toxic Spikes\n|-damage|p2a: Dugtrio|42\/100 psn|[from] item: Life Orb\n|move|p1b: Glimmora|Stealth Rock|p2b: Misdreavus\n|-sidestart|p2: jcgvjyhm|move: Stealth Rock\n|\n|-damage|p2a: Dugtrio|30\/100 psn|[from] psn\n|-damage|p2b: Misdreavus|74\/100 psn|[from] psn\n|-damage|p2a: Dugtrio|19\/100 psn|[from] Salt Cure\n|-start|p2a: Dugtrio|perish2\n|-start|p1b: Glimmora|perish2\n|-start|p2b: Misdreavus|perish2\n|-start|p1a: Garganacl|perish2\n|upkeep\n|turn|3\n|inactive|Jjzhdhdbsbh has 30 seconds left.\n|inactive|jcgvjyhm has 30 seconds left.\n|\n|t:|1682378573\n|move|p2a: Dugtrio|Protect|p2a: Dugtrio\n|-singleturn|p2a: Dugtrio|Protect\n|move|p1b: Glimmora|Spiky Shield|p1b: Glimmora\n|-singleturn|p1b: Glimmora|move: Protect\n|move|p2b: Misdreavus|Will-O-Wisp|p1a: Garganacl\n|-immune|p1a: Garganacl|[from] ability: Purifying Salt\n|move|p1a: Garganacl|Salt Cure|p2b: Misdreavus\n|-damage|p2b: Misdreavus|59\/100 psn\n|-start|p2b: Misdreavus|Salt Cure\n|\n|-damage|p2a: Dugtrio|7\/100 psn|[from] psn\n|-damage|p2b: Misdreavus|47\/100 psn|[from] psn\n|-damage|p2a: Dugtrio|0 fnt|[from] Salt Cure\n|faint|p2a: Dugtrio\n|-damage|p2b: Misdreavus|35\/100 psn|[from] Salt Cure\n|-start|p1b: Glimmora|perish1\n|-start|p2b: Misdreavus|perish1\n|-start|p1a: Garganacl|perish1\n|upkeep\n|\n|t:|1682378595\n|switch|p2a: Ting-Lu|Ting-Lu, L50|100\/100\n|-status|p2a: Ting-Lu|psn\n|-damage|p2a: Ting-Lu|94\/100 psn|[from] Stealth Rock\n|-ability|p2a: Ting-Lu|Vessel of Ruin\n|turn|4\n|inactive|jcgvjyhm has 30 seconds left.\n|\n|t:|1682378624\n|switch|p1b: Gyarados|Gyarados, L50, F|100\/100\n|-ability|p1b: Gyarados|Intimidate|boost\n|-unboost|p2a: Ting-Lu|atk|1\n|-unboost|p2b: Misdreavus|atk|1\n|switch|p1a: Iron Bundle|Iron Bundle, L50|100\/100\n|-enditem|p1a: Iron Bundle|Booster Energy\n|-activate|p1a: Iron Bundle|ability: Quark Drive|[fromitem]\n|-start|p1a: Iron Bundle|quarkdrivespe\n|move|p2b: Misdreavus|Will-O-Wisp|p1a: Iron Bundle\n|-status|p1a: Iron Bundle|brn\n|move|p2a: Ting-Lu|Fissure|p1a: Iron Bundle|[miss]\n|-miss|p2a: Ting-Lu|p1a: Iron Bundle\n|\n|-damage|p2b: Misdreavus|23\/100 psn|[from] psn\n|-damage|p2a: Ting-Lu|82\/100 psn|[from] psn\n|-damage|p1a: Iron Bundle|94\/100 brn|[from] brn\n|-damage|p2b: Misdreavus|11\/100 psn|[from] Salt Cure\n|-start|p2b: Misdreavus|perish0\n|upkeep\n|faint|p2b: Misdreavus\n|\n|t:|1682378642\n|switch|p2b: Wo-Chien|Wo-Chien, L50|100\/100\n|-status|p2b: Wo-Chien|psn\n|-damage|p2b: Wo-Chien|88\/100 psn|[from] Stealth Rock\n|-ability|p2b: Wo-Chien|Tablets of Ruin\n|turn|5\n|inactive|Jjzhdhdbsbh has 30 seconds left.\n|inactive|jcgvjyhm has 30 seconds left.\n|\n|t:|1682378670\n|-terastallize|p2b: Wo-Chien|Dark\n|move|p1a: Iron Bundle|Protect|p1a: Iron Bundle\n|-singleturn|p1a: Iron Bundle|Protect\n|move|p1b: Gyarados|Waterfall|p2a: Ting-Lu\n|-supereffective|p2a: Ting-Lu\n|-damage|p2a: Ting-Lu|59\/100 psn\n|move|p2b: Wo-Chien|Ruination|p1b: Gyarados\n|-damage|p1b: Gyarados|50\/100\n|move|p2a: Ting-Lu|Stomping Tantrum|p1a: Iron Bundle\n|-activate|p1a: Iron Bundle|move: Protect\n|\n|-damage|p2b: Wo-Chien|76\/100 psn|[from] psn\n|-damage|p2a: Ting-Lu|47\/100 psn|[from] psn\n|-damage|p1a: Iron Bundle|88\/100 brn|[from] brn\n|upkeep\n|turn|6\n|inactive|jcgvjyhm has 30 seconds left.\n|inactive|jcgvjyhm has 20 seconds left.\n|\n|t:|1682378705\n|move|p1a: Iron Bundle|Freeze-Dry|p2a: Ting-Lu\n|-supereffective|p2a: Ting-Lu\n|-damage|p2a: Ting-Lu|17\/100 psn\n|move|p1b: Gyarados|Waterfall|p2a: Ting-Lu\n|-supereffective|p2a: Ting-Lu\n|-crit|p2a: Ting-Lu\n|-damage|p2a: Ting-Lu|0 fnt\n|faint|p2a: Ting-Lu\n|move|p2b: Wo-Chien|Leech Seed|p1b: Gyarados\n|-start|p1b: Gyarados|move: Leech Seed\n|\n|-damage|p1b: Gyarados|38\/100|[from] Leech Seed|[of] p2b: Wo-Chien\n|-heal|p2b: Wo-Chien|90\/100 psn|[silent]\n|-damage|p2b: Wo-Chien|77\/100 psn|[from] psn\n|-damage|p1a: Iron Bundle|82\/100 brn|[from] brn\n|upkeep\n|turn|7\n|inactive|Jjzhdhdbsbh has 30 seconds left.\n|inactive|jcgvjyhm has 30 seconds left.\n|\n|t:|1682378733\n|move|p2b: Wo-Chien|Protect|p2b: Wo-Chien\n|-singleturn|p2b: Wo-Chien|Protect\n|move|p1a: Iron Bundle|Encore|p2b: Wo-Chien\n|-activate|p2b: Wo-Chien|move: Protect\n|move|p1b: Gyarados|Taunt|p2b: Wo-Chien\n|-activate|p2b: Wo-Chien|move: Protect\n|\n|-damage|p1b: Gyarados|26\/100|[from] Leech Seed|[of] p2b: Wo-Chien\n|-heal|p2b: Wo-Chien|91\/100 psn|[silent]\n|-damage|p2b: Wo-Chien|79\/100 psn|[from] psn\n|-damage|p1a: Iron Bundle|76\/100 brn|[from] brn\n|upkeep\n|turn|8\n|\n|t:|1682378744\n|move|p1a: Iron Bundle|Encore|p2b: Wo-Chien\n|-start|p2b: Wo-Chien|Encore\n|move|p1b: Gyarados|Taunt|p2b: Wo-Chien\n|-start|p2b: Wo-Chien|move: Taunt\n|cant|p2b: Wo-Chien|move: Taunt|Protect\n|\n|-damage|p1b: Gyarados|13\/100|[from] Leech Seed|[of] p2b: Wo-Chien\n|-heal|p2b: Wo-Chien|92\/100 psn|[silent]\n|-damage|p2b: Wo-Chien|80\/100 psn|[from] psn\n|-damage|p1a: Iron Bundle|70\/100 brn|[from] brn\n|upkeep\n|turn|9\n|\n|t:|1682378756\n|switch|p1b: Glimmora|Glimmora, L50, M|1\/100\n|move|p1a: Iron Bundle|Freeze-Dry|p2b: Wo-Chien\n|-damage|p2b: Wo-Chien|59\/100 psn\n|-activate|p2b: Wo-Chien|move: Struggle\n|move|p2b: Wo-Chien|Struggle|p1a: Iron Bundle\n|-damage|p1a: Iron Bundle|60\/100 brn\n|-damage|p2b: Wo-Chien|34\/100 psn|[from] recoil\n|\n|-damage|p2b: Wo-Chien|22\/100 psn|[from] psn\n|-damage|p1a: Iron Bundle|54\/100 brn|[from] brn\n|upkeep\n|turn|10\n|\n|t:|1682378768\n|move|p1a: Iron Bundle|Freeze-Dry|p2b: Wo-Chien\n|-damage|p2b: Wo-Chien|1\/100 psn\n|move|p1b: Glimmora|Power Gem|p2b: Wo-Chien\n|-damage|p2b: Wo-Chien|0 fnt\n|faint|p2b: Wo-Chien\n|\n|win|Jjzhdhdbsbh\n|raw|Jjzhdhdbsbh's rating: 1083 → 1108<\/strong> (+25 for winning)\n|raw|jcgvjyhm's rating: 1051 → 1035<\/strong> (-16 for losing)\n|l|\u2606jcgvjyhm\n","uploadtime":1682378972,"views":12,"p1id":"jjzhdhdbsbh","p2id":"jcgvjyhm","formatid":"gen9vgc2023regulationc","rating":1035,"private":0,"password":""}