{"id":"gen9vgc2023regulationc-1858270767","p1":"ikarusdj","p2":"Arcacagne","format":"[Gen 9] VGC 2023 Regulation C","log":"|j|\u2606ikarusdj\n|j|\u2606Arcacagne\n|t:|1683297215\n|gametype|doubles\n|player|p1|ikarusdj|2|1345\n|player|p2|Arcacagne|1|1335\n|teamsize|p1|6\n|teamsize|p2|6\n|gen|9\n|tier|[Gen 9] VGC 2023 Regulation C\n|rated|\n|rule|Species Clause: Limit one of each Pok\u00e9mon\n|rule|Item Clause: Limit one of each item\n|clearpoke\n|poke|p1|Tropius, L50, F|\n|poke|p1|Dondozo, L50, F|\n|poke|p1|Tatsugiri, L50, M|\n|poke|p1|Garganacl, L50, F|\n|poke|p1|Gholdengo, L50|\n|poke|p1|Glimmora, L50, M|\n|poke|p2|Chi-Yu, L50|\n|poke|p2|Flutter Mane, L50|\n|poke|p2|Amoonguss, L50, F|\n|poke|p2|Palafin, L50, M|\n|poke|p2|Kingambit, L50, F|\n|poke|p2|Arcanine, L50, F|\n|teampreview|4\n|\n|t:|1683297237\n|start\n|switch|p1a: Tropius|Tropius, L50, F, shiny|100\/100\n|switch|p1b: Glimmora|Glimmora, L50, M|100\/100\n|switch|p2a: Chi-Yu|Chi-Yu, L50|100\/100\n|switch|p2b: Palafin|Palafin, L50, M|100\/100\n|-ability|p2a: Chi-Yu|Beads of Ruin\n|turn|1\n|inactive|Battle timer is ON: inactive players will automatically lose when time's up. (requested by Arcacagne)\n|\n|t:|1683297259\n|-terastallize|p2a: Chi-Yu|Water\n|move|p1a: Tropius|Wide Guard|p1a: Tropius\n|-singleturn|p1a: Tropius|Wide Guard\n|move|p2a: Chi-Yu|Heat Wave|p1b: Glimmora|[spread] \n|-activate|p1a: Tropius|move: Wide Guard\n|-activate|p1b: Glimmora|move: Wide Guard\n|move|p2b: Palafin|Wave Crash|p1b: Glimmora\n|-supereffective|p1b: Glimmora\n|-enditem|p1b: Glimmora|Focus Sash\n|-damage|p1b: Glimmora|1\/100\n|-activate|p1b: Glimmora|ability: Toxic Debris\n|-sidestart|p2: Arcacagne|move: Toxic Spikes\n|-damage|p2b: Palafin|71\/100|[from] Recoil\n|move|p1b: Glimmora|Power Gem|p2a: Chi-Yu\n|-damage|p2a: Chi-Yu|65\/100\n|\n|upkeep\n|turn|2\n|inactive|ikarusdj has 30 seconds left.\n|inactive|Arcacagne has 30 seconds left.\n|\n|t:|1683297293\n|detailschange|p2b: Palafin|Palafin-Hero, L50, M\n|switch|p2b: Amoonguss|Amoonguss, L50, F|100\/100\n|-sideend|p2: Arcacagne|move: Toxic Spikes|[of] p2b: Amoonguss\n|move|p2a: Chi-Yu|Protect|p2a: Chi-Yu\n|-singleturn|p2a: Chi-Yu|Protect\n|move|p1b: Glimmora|Spiky Shield|p1b: Glimmora\n|-singleturn|p1b: Glimmora|move: Protect\n|move|p1a: Tropius|Leech Seed|p2a: Chi-Yu\n|-activate|p2a: Chi-Yu|move: Protect\n|\n|upkeep\n|turn|3\n|inactive|Arcacagne has 30 seconds left.\n|\n|t:|1683297324\n|switch|p1b: Garganacl|Garganacl, L50, F|100\/100\n|move|p2a: Chi-Yu|Nasty Plot|p2a: Chi-Yu\n|-boost|p2a: Chi-Yu|spa|2\n|move|p1a: Tropius|Leech Seed|p2a: Chi-Yu\n|-start|p2a: Chi-Yu|move: Leech Seed\n|move|p2b: Amoonguss|Pollen Puff|p2a: Chi-Yu\n|-heal|p2a: Chi-Yu|100\/100\n|\n|-damage|p2a: Chi-Yu|88\/100|[from] Leech Seed|[of] p1a: Tropius\n|upkeep\n|turn|4\n|\n|t:|1683297344\n|switch|p2b: Palafin|Palafin-Hero, L50, M|71\/100\n|-activate|p2b: Palafin|ability: Zero to Hero\n|move|p1a: Tropius|Wide Guard|p1a: Tropius\n|-singleturn|p1a: Tropius|Wide Guard\n|move|p2a: Chi-Yu|Heat Wave|p1b: Garganacl|[spread] \n|-activate|p1a: Tropius|move: Wide Guard\n|-activate|p1b: Garganacl|move: Wide Guard\n|move|p1b: Garganacl|Salt Cure|p2a: Chi-Yu\n|-damage|p2a: Chi-Yu|68\/100\n|-start|p2a: Chi-Yu|Salt Cure\n|\n|-damage|p2a: Chi-Yu|55\/100|[from] Leech Seed|[of] p1a: Tropius\n|-damage|p2a: Chi-Yu|31\/100|[from] Salt Cure\n|upkeep\n|turn|5\n|inactive|ikarusdj has 30 seconds left.\n|\n|t:|1683297375\n|switch|p1a: Glimmora|Glimmora, L50, M|1\/100\n|move|p2a: Chi-Yu|Dark Pulse|p1a: Glimmora\n|-damage|p1a: Glimmora|0 fnt\n|faint|p1a: Glimmora\n|move|p2b: Palafin|Wave Crash|p1b: Garganacl\n|-supereffective|p1b: Garganacl\n|-damage|p1b: Garganacl|0 fnt\n|-damage|p2b: Palafin|54\/100|[from] item: Rocky Helmet|[of] p1b: Garganacl\n|faint|p1b: Garganacl\n|-damage|p2b: Palafin|16\/100|[from] Recoil\n|\n|-damage|p2a: Chi-Yu|6\/100|[from] Salt Cure\n|upkeep\n|\n|t:|1683297390\n|switch|p1a: Tropius|Tropius, L50, F, shiny|100\/100\n|switch|p1b: Gholdengo|Gholdengo, L50|100\/100\n|turn|6\n|inactive|ikarusdj has 30 seconds left.\n|\n|t:|1683297418\n|switch|p2a: Amoonguss|Amoonguss, L50, F|100\/100\n|-terastallize|p1b: Gholdengo|Steel\n|move|p2b: Palafin|Protect|p2b: Palafin\n|-singleturn|p2b: Palafin|Protect\n|move|p1b: Gholdengo|Shadow Ball|p2b: Palafin\n|-activate|p2b: Palafin|move: Protect\n|move|p1a: Tropius|Air Slash|p2b: Palafin\n|-activate|p2b: Palafin|move: Protect\n|\n|upkeep\n|turn|7\n|inactive|Arcacagne has 30 seconds left.\n|\n|t:|1683297451\n|switch|p2b: Kingambit|Kingambit, L50, F|100\/100\n|move|p1b: Gholdengo|Shadow Ball|p2b: Kingambit\n|-resisted|p2b: Kingambit\n|-damage|p2b: Kingambit|67\/100\n|-unboost|p2b: Kingambit|spd|1\n|-ability|p2b: Kingambit|Defiant|boost\n|-boost|p2b: Kingambit|atk|2\n|move|p1a: Tropius|Air Slash|p2b: Kingambit\n|-resisted|p2b: Kingambit\n|-damage|p2b: Kingambit|53\/100\n|move|p2a: Amoonguss|Pollen Puff|p1a: Tropius\n|-damage|p1a: Tropius|84\/100\n|\n|upkeep\n|turn|8\n|\n|t:|1683297470\n|move|p2a: Amoonguss|Rage Powder|p2a: Amoonguss\n|-singleturn|p2a: Amoonguss|move: Rage Powder\n|move|p1b: Gholdengo|Shadow Ball|p2a: Amoonguss\n|-crit|p2a: Amoonguss\n|-damage|p2a: Amoonguss|5\/100\n|-unboost|p2a: Amoonguss|spd|1\n|-enditem|p2a: Amoonguss|Sitrus Berry|[eat]\n|-heal|p2a: Amoonguss|30\/100|[from] item: Sitrus Berry\n|move|p1a: Tropius|Air Slash|p2b: Kingambit\n|-resisted|p2b: Kingambit\n|-damage|p2b: Kingambit|41\/100\n|move|p2b: Kingambit|Kowtow Cleave|p1b: Gholdengo\n|-damage|p1b: Gholdengo|0 fnt\n|faint|p1b: Gholdengo\n|\n|upkeep\n|turn|9\n|\n|t:|1683297492\n|move|p2b: Kingambit|Kowtow Cleave|p1a: Tropius\n|-damage|p1a: Tropius|9\/100\n|-enditem|p1a: Tropius|Sitrus Berry|[eat]\n|-heal|p1a: Tropius|34\/100|[from] item: Sitrus Berry\n|move|p1a: Tropius|Leech Seed|p2b: Kingambit\n|-start|p2b: Kingambit|move: Leech Seed\n|move|p2a: Amoonguss|Pollen Puff|p2b: Kingambit\n|-heal|p2b: Kingambit|90\/100\n|\n|-damage|p2b: Kingambit|78\/100|[from] Leech Seed|[of] p1a: Tropius\n|-heal|p1a: Tropius|46\/100|[silent]\n|-item|p1a: Tropius|Sitrus Berry|[from] ability: Harvest\n|upkeep\n|-enditem|p1a: Tropius|Sitrus Berry|[eat]\n|-heal|p1a: Tropius|70\/100|[from] item: Sitrus Berry\n|turn|10\n|\n|t:|1683297514\n|switch|p2a: Palafin|Palafin-Hero, L50, M|16\/100\n|move|p1a: Tropius|Protect|p1a: Tropius\n|-singleturn|p1a: Tropius|Protect\n|move|p2b: Kingambit|Kowtow Cleave|p1a: Tropius\n|-activate|p1a: Tropius|move: Protect\n|\n|-damage|p2b: Kingambit|66\/100|[from] Leech Seed|[of] p1a: Tropius\n|-heal|p1a: Tropius|82\/100|[silent]\n|-item|p1a: Tropius|Sitrus Berry|[from] ability: Harvest\n|upkeep\n|turn|11\n|\n|t:|1683297534\n|switch|p2a: Amoonguss|Amoonguss, L50, F|63\/100\n|move|p1a: Tropius|Leech Seed|p2a: Amoonguss\n|-immune|p2a: Amoonguss\n|move|p2b: Kingambit|Kowtow Cleave|p1a: Tropius\n|-damage|p1a: Tropius|18\/100\n|-enditem|p1a: Tropius|Sitrus Berry|[eat]\n|-heal|p1a: Tropius|43\/100|[from] item: Sitrus Berry\n|\n|-damage|p2b: Kingambit|54\/100|[from] Leech Seed|[of] p1a: Tropius\n|-heal|p1a: Tropius|54\/100|[silent]\n|upkeep\n|turn|12\n|c|\u2606Arcacagne|gg\n|inactive|ikarusdj has 30 seconds left.\n|inactive|ikarusdj has 20 seconds left.\n|inactive|ikarusdj has 15 seconds left.\n|inactive|ikarusdj has 10 seconds left.\n|\n|t:|1683297579\n|move|p1a: Tropius|Air Slash|p2a: Amoonguss\n|-supereffective|p2a: Amoonguss\n|-damage|p2a: Amoonguss|30\/100\n|move|p2b: Kingambit|Swords Dance|p2b: Kingambit\n|-boost|p2b: Kingambit|atk|2\n|cant|p2a: Amoonguss|flinch\n|\n|-damage|p2b: Kingambit|42\/100|[from] Leech Seed|[of] p1a: Tropius\n|-heal|p1a: Tropius|66\/100|[silent]\n|-item|p1a: Tropius|Sitrus Berry|[from] ability: Harvest\n|upkeep\n|turn|13\n|inactive|ikarusdj has 30 seconds left.\n|inactive|Arcacagne has 30 seconds left.\n|inactive|ikarusdj has 20 seconds left.\n|inactive|ikarusdj has 15 seconds left.\n|inactive|ikarusdj has 10 seconds left.\n|c|\u2606Arcacagne|no wincon\n|inactive|ikarusdj has 5 seconds left.\n|\n|t:|1683297635\n|switch|p2a: Palafin|Palafin-Hero, L50, M|16\/100\n|move|p2b: Kingambit|Sucker Punch|p1a: Tropius\n|-damage|p1a: Tropius|0 fnt\n|faint|p1a: Tropius\n|\n|win|Arcacagne\n|raw|ikarusdj's rating: 1345 → 1324<\/strong> (-21 for losing)\n|raw|Arcacagne's rating: 1335 → 1356<\/strong> (+21 for winning)\n|c|\u2606Arcacagne|gg\n","uploadtime":1683297651,"views":3,"p1id":"ikarusdj","p2id":"arcacagne","formatid":"gen9vgc2023regulationc","rating":1324,"private":0,"password":""}