{"id":"gen9vgc2023regulationc-1848133073","p1":"ihatesplatoon","p2":"dunsparcedingo","format":"[Gen 9] VGC 2023 Regulation C","log":"|j|\u2606ihatesplatoon\n|j|\u2606dunsparcedingo\n|t:|1682033541\n|gametype|doubles\n|player|p1|ihatesplatoon|101|1175\n|player|p2|dunsparcedingo|zinnia|1127\n|teamsize|p1|6\n|teamsize|p2|6\n|gen|9\n|tier|[Gen 9] VGC 2023 Regulation C\n|rated|\n|rule|Species Clause: Limit one of each Pok\u00e9mon\n|rule|Item Clause: Limit one of each item\n|clearpoke\n|poke|p1|Chien-Pao, L50|\n|poke|p1|Tatsugiri, L50, F|\n|poke|p1|Dondozo, L50, M|\n|poke|p1|Scream Tail, L50|\n|poke|p1|Dragonite, L50, M|\n|poke|p1|Gholdengo, L50|\n|poke|p2|Torkoal, L50, F|\n|poke|p2|Jumpluff, L50, F|\n|poke|p2|Chi-Yu, L50|\n|poke|p2|Flutter Mane, L50|\n|poke|p2|Iron Bundle, L50|\n|poke|p2|Slither Wing, L50|\n|teampreview|4\ndunsparcedingo has agreed to open team sheets.\n|\n|t:|1682033635\n|start\n|switch|p1a: Dragonite|Dragonite, L50, M|100\/100\n|switch|p1b: Chien-Pao|Chien-Pao, L50|100\/100\n|switch|p2a: Jumpluff|Jumpluff, L50, F|100\/100\n|switch|p2b: Torkoal|Torkoal, L50, F|100\/100\n|-ability|p1b: Chien-Pao|Sword of Ruin\n|-weather|SunnyDay|[from] ability: Drought|[of] p2b: Torkoal\n|turn|1\n|\n|t:|1682033687\n|move|p1b: Chien-Pao|Protect|p1b: Chien-Pao\n|-singleturn|p1b: Chien-Pao|Protect\n|move|p2a: Jumpluff|Sleep Powder|p1b: Chien-Pao\n|-activate|p1b: Chien-Pao|move: Protect\n|move|p1a: Dragonite|Earthquake|p2b: Torkoal|[spread] p2b\n|-activate|p1b: Chien-Pao|move: Protect\n|-immune|p2a: Jumpluff\n|-supereffective|p2b: Torkoal\n|-damage|p2b: Torkoal|31\/100\n|-damage|p1a: Dragonite|91\/100|[from] item: Life Orb\n|move|p2b: Torkoal|Will-O-Wisp|p1a: Dragonite\n|-status|p1a: Dragonite|brn\n|\n|-weather|SunnyDay|[upkeep]\n|-heal|p2b: Torkoal|37\/100|[from] item: Leftovers\n|-damage|p1a: Dragonite|84\/100 brn|[from] brn\n|upkeep\n|turn|2\n|\n|t:|1682033755\n|switch|p1b: Scream Tail|Scream Tail, L50|100\/100\n|-activate|p1b: Scream Tail|ability: Protosynthesis\n|-start|p1b: Scream Tail|protosynthesisspe\n|switch|p2b: Iron Bundle|Iron Bundle, L50|100\/100\n|move|p2a: Jumpluff|Encore||[still]\n|-fail|p2a: Jumpluff\n|move|p1a: Dragonite|Dragon Claw|p2b: Iron Bundle\n|-damage|p2b: Iron Bundle|70\/100\n|-damage|p1a: Dragonite|75\/100 brn|[from] item: Life Orb\n|\n|-weather|SunnyDay|[upkeep]\n|-damage|p1a: Dragonite|68\/100 brn|[from] brn\n|upkeep\n|turn|3\n|\n|t:|1682033796\n|move|p1a: Dragonite|Extreme Speed|p2a: Jumpluff\n|-damage|p2a: Jumpluff|75\/100\n|-damage|p1a: Dragonite|59\/100 brn|[from] item: Life Orb\n|move|p2a: Jumpluff|Sleep Powder|p1b: Scream Tail\n|-status|p1b: Scream Tail|slp|[from] move: Sleep Powder\n|cant|p1b: Scream Tail|slp\n|move|p2b: Iron Bundle|Freeze-Dry|p1a: Dragonite\n|-supereffective|p1a: Dragonite\n|-damage|p1a: Dragonite|0 fnt\n|faint|p1a: Dragonite\n|\n|-weather|SunnyDay|[upkeep]\n|upkeep\n|\n|t:|1682033815\n|switch|p1a: Gholdengo|Gholdengo, L50|100\/100\n|turn|4\n|\n|t:|1682033848\n|-end|p2b: Iron Bundle|Quark Drive|[silent]\n|switch|p2b: Chi-Yu|Chi-Yu, L50|100\/100\n|-ability|p2b: Chi-Yu|Beads of Ruin\n|move|p2a: Jumpluff|Tailwind|p2a: Jumpluff\n|-sidestart|p2: dunsparcedingo|move: Tailwind\n|-curestatus|p1b: Scream Tail|slp|[msg]\n|move|p1b: Scream Tail|Thunder Wave|p2a: Jumpluff\n|-status|p2a: Jumpluff|par\n|move|p1a: Gholdengo|Thunderbolt|p2b: Chi-Yu\n|-damage|p2b: Chi-Yu|65\/100\n|\n|-weather|SunnyDay|[upkeep]\n|upkeep\n|turn|5\n|\n|t:|1682033907\n|switch|p1a: Chien-Pao|Chien-Pao, L50|100\/100\n|-ability|p1a: Chien-Pao|Sword of Ruin\n|move|p2a: Jumpluff|Sleep Powder|p1b: Scream Tail\n|-status|p1b: Scream Tail|slp|[from] move: Sleep Powder\n|move|p2b: Chi-Yu|Heat Wave|p1a: Chien-Pao|[spread] p1a,p1b\n|-supereffective|p1a: Chien-Pao\n|-enditem|p1a: Chien-Pao|Focus Sash\n|-damage|p1a: Chien-Pao|1\/100\n|-damage|p1b: Scream Tail|46\/100 slp\n|cant|p1b: Scream Tail|slp\n|\n|-weather|none\n|-end|p1b: Scream Tail|Protosynthesis\n|upkeep\n|-enditem|p1b: Scream Tail|Booster Energy\n|-activate|p1b: Scream Tail|ability: Protosynthesis|[fromitem]\n|-start|p1b: Scream Tail|protosynthesisspe\n|turn|6\n|\n|t:|1682033936\n|switch|p2b: Torkoal|Torkoal, L50, F|37\/100\n|-weather|SunnyDay|[from] ability: Drought|[of] p2b: Torkoal\n|move|p1a: Chien-Pao|Protect|p1a: Chien-Pao\n|-singleturn|p1a: Chien-Pao|Protect\n|move|p2a: Jumpluff|Pollen Puff|p1a: Chien-Pao\n|-activate|p1a: Chien-Pao|move: Protect\n|-curestatus|p1b: Scream Tail|slp|[msg]\n|move|p1b: Scream Tail|Thunder Wave|p2b: Torkoal\n|-status|p2b: Torkoal|par\n|\n|-weather|SunnyDay|[upkeep]\n|-heal|p2b: Torkoal|43\/100 par|[from] item: Leftovers\n|upkeep\n|turn|7\n|\n|t:|1682033983\n|cant|p2a: Jumpluff|par\n|move|p1b: Scream Tail|Encore|p2a: Jumpluff\n|-start|p2a: Jumpluff|Encore\n|move|p1a: Chien-Pao|Ice Spinner|p2a: Jumpluff\n|-supereffective|p2a: Jumpluff\n|-damage|p2a: Jumpluff|0 fnt\n|faint|p2a: Jumpluff\n|move|p2b: Torkoal|Overheat|p1a: Chien-Pao\n|-supereffective|p1a: Chien-Pao\n|-damage|p1a: Chien-Pao|0 fnt\n|-unboost|p2b: Torkoal|spa|2\n|faint|p1a: Chien-Pao\n|\n|-weather|SunnyDay|[upkeep]\n|-heal|p2b: Torkoal|49\/100 par|[from] item: Leftovers\n|-sideend|p2: dunsparcedingo|move: Tailwind\n|upkeep\n|\n|t:|1682034001\n|switch|p1a: Gholdengo|Gholdengo, L50|100\/100\n|switch|p2a: Chi-Yu|Chi-Yu, L50|65\/100\n|-ability|p2a: Chi-Yu|Beads of Ruin\n|turn|8\n|\n|t:|1682034034\n|-terastallize|p1a: Gholdengo|Flying\n|move|p2b: Torkoal|Helping Hand|p2a: Chi-Yu\n|-singleturn|p2a: Chi-Yu|Helping Hand|[of] p2b: Torkoal\n|move|p1b: Scream Tail|Thunder Wave|p2a: Chi-Yu\n|-status|p2a: Chi-Yu|par\n|move|p1a: Gholdengo|Power Gem|p2a: Chi-Yu\n|-supereffective|p2a: Chi-Yu\n|-damage|p2a: Chi-Yu|3\/100 par\n|move|p2a: Chi-Yu|Heat Wave|p1b: Scream Tail|[spread] p1a,p1b\n|-damage|p1a: Gholdengo|8\/100\n|-damage|p1b: Scream Tail|0 fnt\n|faint|p1b: Scream Tail\n|-end|p1b: Scream Tail|Protosynthesis|[silent]\n|\n|-weather|SunnyDay|[upkeep]\n|-heal|p2b: Torkoal|55\/100 par|[from] item: Leftovers\n|upkeep\n|turn|9\n|c|\u2606ihatesplatoon|fat ass fish\n|c|\u2606dunsparcedingo|i love splatoon\n|c|\u2606ihatesplatoon|ggs fam\n|c|\u2606dunsparcedingo|gg\n|c|\u2606ihatesplatoon|im shocked it lived that lol\n|\n|t:|1682034080\n|move|p1a: Gholdengo|Power Gem|p2a: Chi-Yu\n|-supereffective|p2a: Chi-Yu\n|-damage|p2a: Chi-Yu|0 fnt\n|faint|p2a: Chi-Yu\n|move|p2b: Torkoal|Overheat|p1a: Gholdengo\n|-damage|p1a: Gholdengo|0 fnt\n|-unboost|p2b: Torkoal|spa|2\n|faint|p1a: Gholdengo\n|\n|win|dunsparcedingo\n|raw|ihatesplatoon's rating: 1175 → 1147<\/strong> (-28 for losing)\n|raw|dunsparcedingo's rating: 1127 → 1155<\/strong> (+28 for winning)\n|c|\u2606dunsparcedingo|lmao same, that actuall dec spdef showing up\n","uploadtime":1682034094,"views":12,"p1id":"ihatesplatoon","p2id":"dunsparcedingo","formatid":"gen9vgc2023regulationc","rating":1147,"private":0,"password":""}