{"id":"gen9vgc2023regulationc-1847535016","p1":"Sprye0216","p2":"entrapy_13","format":"[Gen 9] VGC 2023 Regulation C","log":"|j|\u2606Sprye0216\n|j|\u2606entrapy_13\n|t:|1681968947\n|gametype|doubles\n|player|p1|Sprye0216|skyla|1067\n|player|p2|entrapy_13|gambler|1135\n|teamsize|p1|6\n|teamsize|p2|6\n|gen|9\n|tier|[Gen 9] VGC 2023 Regulation C\n|rated|\n|rule|Species Clause: Limit one of each Pok\u00e9mon\n|rule|Item Clause: Limit one of each item\n|clearpoke\n|poke|p1|Talonflame, L50, M|\n|poke|p1|Garchomp, L50, F|\n|poke|p1|Gholdengo, L50|\n|poke|p1|Palafin, L50, M|\n|poke|p1|Amoonguss, L50, F|\n|poke|p1|Chien-Pao, L50|\n|poke|p2|Chi-Yu, L50|\n|poke|p2|Flutter Mane, L50|\n|poke|p2|Great Tusk, L50|\n|poke|p2|Gyarados, L50, F|\n|poke|p2|Talonflame, L50, M|\n|poke|p2|Amoonguss, L50, M|\n|teampreview|4\n|inactive|Battle timer is ON: inactive players will automatically lose when time's up. (requested by entrapy_13)\nSprye0216 has agreed to open team sheets.\n|\n|t:|1681968970\n|start\n|switch|p1a: Palafin|Palafin, L50, M|100\/100\n|switch|p1b: Talonflame|Talonflame, L50, M|100\/100\n|switch|p2a: Talonflame|Talonflame, L50, M, shiny|100\/100\n|switch|p2b: Great Tusk|Great Tusk, L50|100\/100\n|turn|1\n|inactive|entrapy_13 has 30 seconds left.\n|\n|t:|1681968998\n|-terastallize|p1a: Palafin|Water\n|move|p2a: Talonflame|Tailwind|p2a: Talonflame\n|-sidestart|p2: entrapy_13|move: Tailwind\n|move|p1b: Talonflame|Tailwind|p1b: Talonflame\n|-sidestart|p1: Sprye0216|move: Tailwind\n|move|p2b: Great Tusk|Close Combat|p1a: Palafin\n|-damage|p1a: Palafin|21\/100\n|-unboost|p2b: Great Tusk|def|1\n|-unboost|p2b: Great Tusk|spd|1\n|move|p1a: Palafin|Wave Crash|p2b: Great Tusk\n|-supereffective|p2b: Great Tusk\n|-damage|p2b: Great Tusk|0 fnt\n|faint|p2b: Great Tusk\n|-end|p2b: Great Tusk|Protosynthesis|[silent]\n|-damage|p1a: Palafin|0 fnt|[from] Recoil\n|faint|p1a: Palafin\n|\n|upkeep\n|\n|t:|1681969015\n|switch|p2b: Chi-Yu|Chi-Yu, L50|100\/100\n|switch|p1a: Gholdengo|Gholdengo, L50|100\/100\n|-ability|p2b: Chi-Yu|Beads of Ruin\n|turn|2\n|\n|t:|1681969032\n|switch|p1a: Chien-Pao|Chien-Pao, L50|100\/100\n|-ability|p1a: Chien-Pao|Sword of Ruin\n|move|p2b: Chi-Yu|Protect|p2b: Chi-Yu\n|-singleturn|p2b: Chi-Yu|Protect\n|move|p2a: Talonflame|Brave Bird|p1b: Talonflame\n|-damage|p1b: Talonflame|39\/100\n|-damage|p2a: Talonflame|80\/100|[from] Recoil\n|move|p1b: Talonflame|Brave Bird|p2b: Chi-Yu\n|-activate|p2b: Chi-Yu|move: Protect\n|\n|upkeep\n|turn|3\n|\n|t:|1681969052\n|-terastallize|p2b: Chi-Yu|Grass\n|move|p1a: Chien-Pao|Sacred Sword|p2b: Chi-Yu\n|-damage|p2b: Chi-Yu|47\/100\n|move|p2a: Talonflame|Brave Bird|p1a: Chien-Pao\n|-damage|p1a: Chien-Pao|50\/100\n|-damage|p2a: Talonflame|66\/100|[from] Recoil\n|move|p1b: Talonflame|Brave Bird|p2b: Chi-Yu\n|-supereffective|p2b: Chi-Yu\n|-damage|p2b: Chi-Yu|0 fnt\n|faint|p2b: Chi-Yu\n|-damage|p1b: Talonflame|26\/100|[from] Recoil\n|\n|upkeep\n|\n|t:|1681969065\n|switch|p2b: Flutter Mane|Flutter Mane, L50, shiny|100\/100\n|turn|4\n|inactive|entrapy_13 has 30 seconds left.\n|\n|t:|1681969095\n|move|p1a: Chien-Pao|Sucker Punch|p2b: Flutter Mane\n|-damage|p2b: Flutter Mane|20\/100\n|move|p2b: Flutter Mane|Shadow Ball|p1a: Chien-Pao\n|-resisted|p1a: Chien-Pao\n|-damage|p1a: Chien-Pao|10\/100\n|move|p2a: Talonflame|Brave Bird|p1a: Chien-Pao\n|-damage|p1a: Chien-Pao|0 fnt\n|faint|p1a: Chien-Pao\n|-damage|p2a: Talonflame|64\/100|[from] Recoil\n|move|p1b: Talonflame|Brave Bird|p2a: Talonflame\n|-damage|p2a: Talonflame|16\/100\n|-damage|p1b: Talonflame|10\/100|[from] Recoil\n|\n|-sideend|p2: entrapy_13|move: Tailwind\n|-sideend|p1: Sprye0216|move: Tailwind\n|upkeep\n|\n|t:|1681969110\n|switch|p1a: Gholdengo|Gholdengo, L50|100\/100\n|turn|5\n|inactive|Sprye0216 has 30 seconds left.\n|\n|t:|1681969144\n|move|p2b: Flutter Mane|Shadow Ball|p1a: Gholdengo\n|-supereffective|p1a: Gholdengo\n|-damage|p1a: Gholdengo|0 fnt\n|faint|p1a: Gholdengo\n|move|p2a: Talonflame|Tailwind|p2a: Talonflame\n|-sidestart|p2: entrapy_13|move: Tailwind\n|move|p1b: Talonflame|Brave Bird|p2a: Talonflame\n|-damage|p2a: Talonflame|0 fnt\n|faint|p2a: Talonflame\n|-damage|p1b: Talonflame|5\/100|[from] Recoil\n|\n|upkeep\n|turn|6\n|\n|t:|1681969156\n|move|p2b: Flutter Mane|Shadow Ball|p1b: Talonflame\n|-damage|p1b: Talonflame|0 fnt\n|faint|p1b: Talonflame\n|\n|win|entrapy_13\n|raw|Sprye0216's rating: 1067 → 1051<\/strong> (-16 for losing)\n|raw|entrapy_13's rating: 1135 → 1155<\/strong> (+20 for winning)\n|l|\u2606entrapy_13\n","uploadtime":1681969164,"views":8,"p1id":"sprye0216","p2id":"entrapy13","formatid":"gen9vgc2023regulationc","rating":1051,"private":0,"password":""}