{"id":"gen9vgc2023regulationc-1863431352","p1":"revocolombia","p2":"Nibbonzo","format":"[Gen 9] VGC 2023 Regulation C","log":"|j|\u2606revocolombia\n|j|\u2606Nibbonzo\n|t:|1684016236\n|gametype|doubles\n|player|p1|revocolombia|pokemonranger-gen4|1455\n|player|p2|Nibbonzo|workerice|1355\n|teamsize|p1|6\n|teamsize|p2|6\n|gen|9\n|tier|[Gen 9] VGC 2023 Regulation C\n|rated|\n|rule|Species Clause: Limit one of each Pok\u00e9mon\n|rule|Item Clause: Limit one of each item\n|clearpoke\n|poke|p1|Flutter Mane, L50|\n|poke|p1|Annihilape, L50, M|\n|poke|p1|Dragonite, L50, M|\n|poke|p1|Chien-Pao, L50|\n|poke|p1|Murkrow, L50, F|\n|poke|p1|Gholdengo, L50|\n|poke|p2|Tinkaton, L50, F|\n|poke|p2|Grimmsnarl, L50, M|\n|poke|p2|Gyarados, L50, M|\n|poke|p2|Flutter Mane, L50|\n|poke|p2|Amoonguss, L50, M|\n|poke|p2|Annihilape, L50, M|\n|teampreview|4\n|\n|t:|1684016266\n|start\n|switch|p1a: Annihilape|Annihilape, L50, M, shiny|100\/100\n|switch|p1b: Flutter Mane|Flutter Mane, L50|100\/100\n|switch|p2a: Annihilape|Annihilape, L50, M|100\/100\n|switch|p2b: Sgnaruz|Grimmsnarl, L50, M|100\/100\n|-enditem|p1b: Flutter Mane|Booster Energy\n|-activate|p1b: Flutter Mane|ability: Protosynthesis|[fromitem]\n|-start|p1b: Flutter Mane|protosynthesisspe\n|turn|1\n|\n|t:|1684016284\n|-terastallize|p2a: Annihilape|Fire\n|-terastallize|p1a: Annihilape|Fire\n|move|p2b: Sgnaruz|Thunder Wave|p1b: Flutter Mane\n|-status|p1b: Flutter Mane|par\n|move|p1b: Flutter Mane|Dazzling Gleam|p2a: Annihilape|[spread] p2a,p2b\n|-resisted|p2a: Annihilape\n|-supereffective|p2b: Sgnaruz\n|-crit|p2b: Sgnaruz\n|-enditem|p2b: Sgnaruz|Roseli Berry|[eat]\n|-enditem|p2b: Sgnaruz|Roseli Berry|[weaken]\n|-damage|p2a: Annihilape|86\/100\n|-damage|p2b: Sgnaruz|59\/100\n|move|p2a: Annihilape|Bulk Up|p2a: Annihilape\n|-boost|p2a: Annihilape|atk|1\n|-boost|p2a: Annihilape|def|1\n|move|p1a: Annihilape|Bulk Up|p1a: Annihilape\n|-boost|p1a: Annihilape|atk|1\n|-boost|p1a: Annihilape|def|1\n|\n|upkeep\n|turn|2\n|\n|t:|1684016313\n|move|p2b: Sgnaruz|Thunder Wave|p1a: Annihilape\n|-status|p1a: Annihilape|par\n|move|p1b: Flutter Mane|Dazzling Gleam|p2b: Sgnaruz|[spread] p2a,p2b\n|-resisted|p2a: Annihilape\n|-supereffective|p2b: Sgnaruz\n|-damage|p2a: Annihilape|74\/100\n|-damage|p2b: Sgnaruz|5\/100\n|move|p2a: Annihilape|Bulk Up|p2a: Annihilape\n|-boost|p2a: Annihilape|atk|1\n|-boost|p2a: Annihilape|def|1\n|move|p1a: Annihilape|Rage Fist|p2a: Annihilape\n|-damage|p2a: Annihilape|54\/100\n|\n|upkeep\n|turn|3\n|\n|t:|1684016348\n|move|p2b: Sgnaruz|Parting Shot|p1b: Flutter Mane\n|-unboost|p1b: Flutter Mane|atk|1\n|-unboost|p1b: Flutter Mane|spa|1\n|\n|t:|1684016350\n|switch|p2b: Flutter Mango|Flutter Mane, L50, shiny|100\/100|[from] Parting Shot\n|-enditem|p2b: Flutter Mango|Booster Energy\n|-activate|p2b: Flutter Mango|ability: Protosynthesis|[fromitem]\n|-start|p2b: Flutter Mango|protosynthesisspa\n|move|p1b: Flutter Mane|Shadow Ball|p2a: Annihilape\n|-damage|p2a: Annihilape|30\/100\n|move|p2a: Annihilape|Rage Fist|p1b: Flutter Mane\n|-supereffective|p1b: Flutter Mane\n|-damage|p1b: Flutter Mane|0 fnt\n|faint|p1b: Flutter Mane\n|-end|p1b: Flutter Mane|Protosynthesis|[silent]\n|move|p1a: Annihilape|Bulk Up|p1a: Annihilape\n|-boost|p1a: Annihilape|atk|1\n|-boost|p1a: Annihilape|def|1\n|\n|upkeep\n|\n|t:|1684016372\n|switch|p1b: Dragonite|Dragonite, L50, M|100\/100\n|turn|4\n|\n|t:|1684016400\n|move|p1b: Dragonite|Extreme Speed|p2a: Annihilape\n|-damage|p2a: Annihilape|14\/100\n|move|p2b: Flutter Mango|Moonblast|p1b: Dragonite\n|-supereffective|p1b: Dragonite\n|-damage|p1b: Dragonite|35\/100\n|-unboost|p1b: Dragonite|spa|1\n|move|p2a: Annihilape|Drain Punch|p1b: Dragonite\n|-resisted|p1b: Dragonite\n|-damage|p1b: Dragonite|1\/100\n|-heal|p2a: Annihilape|28\/100|[from] drain|[of] p1b: Dragonite\n|move|p1a: Annihilape|Rage Fist|p2b: Flutter Mango\n|-supereffective|p2b: Flutter Mango\n|-crit|p2b: Flutter Mango\n|-damage|p2b: Flutter Mango|0 fnt\n|faint|p2b: Flutter Mango\n|-end|p2b: Flutter Mango|Protosynthesis|[silent]\n|\n|upkeep\n|\n|t:|1684016427\n|switch|p2b: Gyarados|Gyarados, L50, M|100\/100\n|-ability|p2b: Gyarados|Intimidate|boost\n|-unboost|p1a: Annihilape|atk|1\n|-ability|p1a: Annihilape|Defiant|boost\n|-boost|p1a: Annihilape|atk|2\n|-unboost|p1b: Dragonite|atk|1\n|turn|5\n|\n|t:|1684016447\n|move|p2a: Annihilape|Protect|p2a: Annihilape\n|-singleturn|p2a: Annihilape|Protect\n|move|p1b: Dragonite|Extreme Speed|p2b: Gyarados\n|-damage|p2b: Gyarados|79\/100\n|move|p2b: Gyarados|Waterfall|p1b: Dragonite\n|-resisted|p1b: Dragonite\n|-damage|p1b: Dragonite|0 fnt\n|faint|p1b: Dragonite\n|cant|p1a: Annihilape|par\n|\n|upkeep\n|\n|t:|1684016459\n|switch|p1b: Chien-Pao|Chien-Pao, L50|100\/100\n|-ability|p1b: Chien-Pao|Sword of Ruin\n|turn|6\n|\n|t:|1684016468\n|switch|p2b: Sgnaruz|Grimmsnarl, L50, M|5\/100\n|move|p1b: Chien-Pao|Sacred Sword|p2a: Annihilape\n|-damage|p2a: Annihilape|0 fnt\n|faint|p2a: Annihilape\n|move|p1a: Annihilape|Rage Fist|p2b: Sgnaruz\n|-resisted|p2b: Sgnaruz\n|-damage|p2b: Sgnaruz|0 fnt\n|faint|p2b: Sgnaruz\n|\n|upkeep\n|-message|Nibbonzo forfeited.\n|\n|win|revocolombia\n|raw|revocolombia's rating: 1455 → 1469<\/strong> (+14 for winning)\n|raw|Nibbonzo's rating: 1355 → 1341<\/strong> (-14 for losing)\n|l|\u2606Nibbonzo\n|j|\u2606Nibbonzo\n|player|p2|Nibbonzo|workerice\n|l|\u2606Nibbonzo\n|player|p2|\n","uploadtime":1684016482,"views":13,"p1id":"revocolombia","p2id":"nibbonzo","formatid":"gen9vgc2023regulationc","rating":1341,"private":0,"password":""}