{"id":"gen9vgc2023regulationc-1862228618","p1":"akcolade","p2":"NeverGonnaDoIt","format":"[Gen 9] VGC 2023 Regulation C","log":"|j|\u2606akcolade\n|j|\u2606NeverGonnaDoIt\n|t:|1683852217\n|gametype|doubles\n|player|p1|akcolade|101|1255\n|player|p2|NeverGonnaDoIt|red-gen2|1328\n|teamsize|p1|6\n|teamsize|p2|6\n|gen|9\n|tier|[Gen 9] VGC 2023 Regulation C\n|rated|\n|rule|Species Clause: Limit one of each Pok\u00e9mon\n|rule|Item Clause: Limit one of each item\n|clearpoke\n|poke|p1|Pelipper, L50, F|\n|poke|p1|Palafin, L50, M|\n|poke|p1|Gholdengo, L50|\n|poke|p1|Chi-Yu, L50|\n|poke|p1|Dachsbun, L50, M|\n|poke|p1|Amoonguss, L50, M|\n|poke|p2|Chi-Yu, L50|\n|poke|p2|Flutter Mane, L50|\n|poke|p2|Gyarados, L50, F|\n|poke|p2|Iron Hands, L50|\n|poke|p2|Iron Bundle, L50|\n|poke|p2|Amoonguss, L50, F|\n|teampreview|4\nakcolade has agreed to open team sheets.\n|\n|t:|1683852254\n|start\n|switch|p1a: Amoonguss|Amoonguss, L50, M|100\/100\n|switch|p1b: Gholdengo|Gholdengo, L50|100\/100\n|switch|p2a: Iron Bundle|Iron Bundle, L50|100\/100\n|switch|p2b: Flutter Mane|Flutter Mane, L50|100\/100\n|-enditem|p2a: Iron Bundle|Booster Energy\n|-activate|p2a: Iron Bundle|ability: Quark Drive|[fromitem]\n|-start|p2a: Iron Bundle|quarkdrivespe\n|turn|1\n|\n|t:|1683852282\n|move|p1a: Amoonguss|Rage Powder|p1a: Amoonguss\n|-singleturn|p1a: Amoonguss|move: Rage Powder\n|move|p2a: Iron Bundle|Freeze-Dry|p1a: Amoonguss\n|-supereffective|p1a: Amoonguss\n|-damage|p1a: Amoonguss|43\/100\n|move|p2b: Flutter Mane|Shadow Ball|p1a: Amoonguss\n|-damage|p1a: Amoonguss|0 fnt\n|faint|p1a: Amoonguss\n|move|p1b: Gholdengo|Nasty Plot|p1b: Gholdengo\n|-boost|p1b: Gholdengo|spa|2\n|\n|upkeep\n|\n|t:|1683852287\n|switch|p1a: Chi-Yu|Chi-Yu, L50|100\/100\n|-ability|p1a: Chi-Yu|Beads of Ruin\n|turn|2\n|\n|t:|1683852297\n|-terastallize|p1b: Gholdengo|Steel\n|move|p1a: Chi-Yu|Snarl|p2a: Iron Bundle|[spread] p2b\n|-miss|p1a: Chi-Yu|p2a: Iron Bundle\n|-damage|p2b: Flutter Mane|70\/100\n|-unboost|p2b: Flutter Mane|spa|1\n|move|p2a: Iron Bundle|Icy Wind|p1a: Chi-Yu|[spread] p1a,p1b\n|-resisted|p1a: Chi-Yu\n|-resisted|p1b: Gholdengo\n|-damage|p1a: Chi-Yu|89\/100\n|-damage|p1b: Gholdengo|90\/100\n|-unboost|p1a: Chi-Yu|spe|1\n|-unboost|p1b: Gholdengo|spe|1\n|move|p2b: Flutter Mane|Shadow Ball|p1b: Gholdengo\n|-damage|p1b: Gholdengo|49\/100\n|move|p1b: Gholdengo|Make It Rain|p2b: Flutter Mane|[spread] p2a,p2b\n|-supereffective|p2b: Flutter Mane\n|-damage|p2a: Iron Bundle|0 fnt\n|-damage|p2b: Flutter Mane|0 fnt\n|-unboost|p1b: Gholdengo|spa|1\n|faint|p2a: Iron Bundle\n|-end|p2a: Iron Bundle|Quark Drive|[silent]\n|faint|p2b: Flutter Mane\n|-end|p2b: Flutter Mane|Protosynthesis|[silent]\n|-damage|p1b: Gholdengo|40\/100|[from] item: Life Orb\n|\n|upkeep\n|\n|t:|1683852314\n|switch|p2b: Chi-Yu|Chi-Yu, L50|100\/100\n|switch|p2a: Gyarados|Gyarados, L50, F, shiny|100\/100\n|-ability|p2b: Chi-Yu|Beads of Ruin\n|-ability|p2a: Gyarados|Intimidate|boost\n|-unboost|p1a: Chi-Yu|atk|1\n|-unboost|p1b: Gholdengo|atk|1\n|turn|3\n|\n|t:|1683852332\n|move|p1a: Chi-Yu|Snarl|p2b: Chi-Yu|[spread] p2a,p2b\n|-resisted|p2b: Chi-Yu\n|-damage|p2a: Gyarados|73\/100\n|-damage|p2b: Chi-Yu|91\/100\n|-unboost|p2a: Gyarados|spa|1\n|-unboost|p2b: Chi-Yu|spa|1\n|move|p2b: Chi-Yu|Heat Wave|p1a: Chi-Yu|[spread] p1a\n|-miss|p2b: Chi-Yu|p1b: Gholdengo\n|-resisted|p1a: Chi-Yu\n|-damage|p1a: Chi-Yu|74\/100\n|-damage|p2b: Chi-Yu|81\/100|[from] item: Life Orb\n|move|p2a: Gyarados|Thunder Wave|p1a: Chi-Yu\n|-status|p1a: Chi-Yu|par\n|move|p1b: Gholdengo|Make It Rain|p2b: Chi-Yu|[spread] p2a,p2b\n|-resisted|p2a: Gyarados\n|-resisted|p2b: Chi-Yu\n|-damage|p2a: Gyarados|2\/100\n|-damage|p2b: Chi-Yu|24\/100\n|-unboost|p1b: Gholdengo|spa|1\n|-enditem|p2a: Gyarados|Sitrus Berry|[eat]\n|-heal|p2a: Gyarados|27\/100|[from] item: Sitrus Berry\n|-damage|p1b: Gholdengo|30\/100|[from] item: Life Orb\n|\n|upkeep\n|turn|4\n|\n|t:|1683852357\n|move|p2b: Chi-Yu|Heat Wave|p1b: Gholdengo|[spread] p1a,p1b\n|-resisted|p1a: Chi-Yu\n|-supereffective|p1b: Gholdengo\n|-damage|p1a: Chi-Yu|57\/100 par\n|-damage|p1b: Gholdengo|0 fnt\n|faint|p1b: Gholdengo\n|-damage|p2b: Chi-Yu|14\/100|[from] item: Life Orb\n|move|p2a: Gyarados|Waterfall|p1a: Chi-Yu\n|-supereffective|p1a: Chi-Yu\n|-damage|p1a: Chi-Yu|0 fnt\n|faint|p1a: Chi-Yu\n|\n|upkeep\n|\n|t:|1683852359\n|switch|p1b: Dachsbun|Dachsbun, L50, M|100\/100\n|turn|5\n|\n|t:|1683852370\n|move|p2b: Chi-Yu|Protect|p2b: Chi-Yu\n|-singleturn|p2b: Chi-Yu|Protect\n|move|p1b: Dachsbun|Body Press|p2b: Chi-Yu\n|-activate|p2b: Chi-Yu|move: Protect\n|move|p2a: Gyarados|Thunder Wave|p1b: Dachsbun\n|-status|p1b: Dachsbun|par\n|\n|upkeep\n|turn|6\n|\n|t:|1683852385\n|move|p2a: Gyarados|Helping Hand|p2b: Chi-Yu\n|-singleturn|p2b: Chi-Yu|Helping Hand|[of] p2a: Gyarados\n|move|p2b: Chi-Yu|Heat Wave|p1b: Dachsbun\n|-ability|p1b: Dachsbun|Well-Baked Body|boost\n|-boost|p1b: Dachsbun|def|2\n|cant|p1b: Dachsbun|par\n|\n|upkeep\n|turn|7\n|\n|t:|1683852399\n|-terastallize|p2b: Chi-Yu|Grass\n|move|p2a: Gyarados|Helping Hand|p2b: Chi-Yu\n|-singleturn|p2b: Chi-Yu|Helping Hand|[of] p2a: Gyarados\n|move|p2b: Chi-Yu|Tera Blast|p1b: Dachsbun\n|-damage|p1b: Dachsbun|24\/100 par\n|-damage|p2b: Chi-Yu|4\/100|[from] item: Life Orb\n|move|p1b: Dachsbun|Body Press|p2b: Chi-Yu\n|-damage|p2b: Chi-Yu|0 fnt\n|faint|p2b: Chi-Yu\n|\n|-heal|p1b: Dachsbun|30\/100 par|[from] item: Leftovers\n|upkeep\n|turn|8\n|\n|t:|1683852409\n|move|p2a: Gyarados|Waterfall|p1b: Dachsbun\n|-damage|p1b: Dachsbun|12\/100 par\n|cant|p1b: Dachsbun|flinch\n|\n|-heal|p1b: Dachsbun|18\/100 par|[from] item: Leftovers\n|upkeep\n|turn|9\n|\n|t:|1683852414\n|move|p2a: Gyarados|Waterfall|p1b: Dachsbun\n|-damage|p1b: Dachsbun|1\/100 par\n|move|p1b: Dachsbun|Body Press|p2a: Gyarados\n|-resisted|p2a: Gyarados\n|-damage|p2a: Gyarados|5\/100\n|\n|-heal|p1b: Dachsbun|7\/100 par|[from] item: Leftovers\n|upkeep\n|turn|10\n|\n|t:|1683852419\n|move|p2a: Gyarados|Waterfall|p1b: Dachsbun\n|-damage|p1b: Dachsbun|0 fnt\n|faint|p1b: Dachsbun\n|\n|win|NeverGonnaDoIt\n|raw|akcolade's rating: 1255 → 1235<\/strong> (-20 for losing)\n|raw|NeverGonnaDoIt's rating: 1328 → 1344<\/strong> (+16 for winning)\n","uploadtime":1683852423,"views":12,"p1id":"akcolade","p2id":"nevergonnadoit","formatid":"gen9vgc2023regulationc","rating":1235,"private":0,"password":""}