{"id":"gen9vgc2023regulationc-1859137684","p1":"MadMax0229","p2":"Charlisito","format":"[Gen 9] VGC 2023 Regulation C","log":"|j|\u2606MadMax0229\n|j|\u2606Charlisito\n|t:|1683408992\n|gametype|doubles\n|player|p1|MadMax0229|pokemaniac|1260\n|player|p2|Charlisito|101|1258\n|teamsize|p1|6\n|teamsize|p2|6\n|gen|9\n|tier|[Gen 9] VGC 2023 Regulation C\n|rated|\n|rule|Species Clause: Limit one of each Pok\u00e9mon\n|rule|Item Clause: Limit one of each item\n|clearpoke\n|poke|p1|Flutter Mane, L50|\n|poke|p1|Arcanine, L50, M|\n|poke|p1|Iron Bundle, L50|\n|poke|p1|Ting-Lu, L50|\n|poke|p1|Dragonite, L50, F|\n|poke|p1|Amoonguss, L50, M|\n|poke|p2|Bellibolt, L50, F|\n|poke|p2|Palafin, L50, M|\n|poke|p2|Arcanine, L50, M|\n|poke|p2|Amoonguss, L50, M|\n|poke|p2|Flutter Mane, L50|\n|poke|p2|Ting-Lu, L50|\n|teampreview|4\n|\n|t:|1683409045\n|start\n|switch|p1a: Ting-Lu|Ting-Lu, L50|100\/100\n|switch|p1b: Amoonguss|Amoonguss, L50, M|100\/100\n|switch|p2a: Bellibolt|Bellibolt, L50, F|100\/100\n|switch|p2b: Palafin|Palafin, L50, M|100\/100\n|-ability|p1a: Ting-Lu|Vessel of Ruin\n|turn|1\n|inactive|Battle timer is ON: inactive players will automatically lose when time's up. (requested by MadMax0229)\n|\n|t:|1683409064\n|move|p2b: Palafin|Protect|p2b: Palafin\n|-singleturn|p2b: Palafin|Protect\n|move|p1a: Ting-Lu|Stomping Tantrum|p2b: Palafin\n|-activate|p2b: Palafin|move: Protect\n|move|p2a: Bellibolt|Volt Switch|p1b: Amoonguss\n|-resisted|p1b: Amoonguss\n|-damage|p1b: Amoonguss|91\/100\n|\n|t:|1683409070\n|switch|p2a: Arcanine|Arcanine, L50, M|100\/100|[from] Volt Switch\n|-ability|p2a: Arcanine|Intimidate|boost\n|-unboost|p1a: Ting-Lu|atk|1\n|-unboost|p1b: Amoonguss|atk|1\n|move|p1b: Amoonguss|Spore|p2a: Arcanine\n|-activate|p2a: Arcanine|item: Safety Goggles|Spore\n|\n|upkeep\n|turn|2\n|\n|t:|1683409076\n|detailschange|p2b: Palafin|Palafin-Hero, L50, M\n|switch|p2b: Bellibolt|Bellibolt, L50, F|100\/100\n|move|p2a: Arcanine|Will-O-Wisp|p1a: Ting-Lu\n|-status|p1a: Ting-Lu|brn\n|move|p1a: Ting-Lu|Stomping Tantrum|p2a: Arcanine\n|-supereffective|p2a: Arcanine\n|-damage|p2a: Arcanine|79\/100\n|move|p1b: Amoonguss|Spore|p2b: Bellibolt\n|-status|p2b: Bellibolt|slp|[from] move: Spore\n|\n|-damage|p1a: Ting-Lu|95\/100 brn|[from] brn\n|upkeep\n|turn|3\n|\n|t:|1683409092\n|move|p1b: Amoonguss|Protect|p1b: Amoonguss\n|-singleturn|p1b: Amoonguss|Protect\n|move|p2a: Arcanine|Flare Blitz|p1b: Amoonguss\n|-activate|p1b: Amoonguss|move: Protect\n|move|p1a: Ting-Lu|Body Press|p2a: Arcanine\n|-damage|p2a: Arcanine|66\/100\n|cant|p2b: Bellibolt|slp\n|\n|-damage|p1a: Ting-Lu|89\/100 brn|[from] brn\n|upkeep\n|turn|4\n|\n|t:|1683409112\n|switch|p1b: Flutter Mane|Flutter Mane, L50|100\/100\n|move|p2a: Arcanine|Flare Blitz|p1b: Flutter Mane\n|-damage|p1b: Flutter Mane|17\/100\n|-damage|p2a: Arcanine|43\/100|[from] Recoil\n|move|p1a: Ting-Lu|Stomping Tantrum|p2a: Arcanine\n|-supereffective|p2a: Arcanine\n|-damage|p2a: Arcanine|17\/100\n|cant|p2b: Bellibolt|slp\n|\n|-damage|p1a: Ting-Lu|83\/100 brn|[from] brn\n|upkeep\n|turn|5\n|\n|t:|1683409128\n|switch|p2a: Palafin|Palafin-Hero, L50, M|100\/100\n|-activate|p2a: Palafin|ability: Zero to Hero\n|move|p1b: Flutter Mane|Dazzling Gleam|p2a: Palafin|[spread] p2a,p2b\n|-damage|p2a: Palafin|70\/100\n|-damage|p2b: Bellibolt|84\/100 slp\n|-start|p2b: Bellibolt|Charge|Dazzling Gleam|[from] ability: Electromorphosis\n|move|p1a: Ting-Lu|Stomping Tantrum|p2b: Bellibolt\n|-supereffective|p2b: Bellibolt\n|-damage|p2b: Bellibolt|64\/100 slp\n|-start|p2b: Bellibolt|Charge|Stomping Tantrum|[from] ability: Electromorphosis\n|-curestatus|p2b: Bellibolt|slp|[msg]\n|move|p2b: Bellibolt|Volt Switch|p1b: Flutter Mane\n|-damage|p1b: Flutter Mane|0 fnt\n|faint|p1b: Flutter Mane\n|-end|p1b: Flutter Mane|Protosynthesis|[silent]\n|-end|p2b: Bellibolt|Charge|[silent]\n|\n|t:|1683409131\n|switch|p2b: Arcanine|Arcanine, L50, M|17\/100|[from] Volt Switch\n|-ability|p2b: Arcanine|Intimidate|boost\n|-unboost|p1a: Ting-Lu|atk|1\n|\n|-damage|p1a: Ting-Lu|77\/100 brn|[from] brn\n|upkeep\n|\n|t:|1683409146\n|switch|p1b: Iron Bundle|Iron Bundle, L50|100\/100\n|-enditem|p1b: Iron Bundle|Booster Energy\n|-activate|p1b: Iron Bundle|ability: Quark Drive|[fromitem]\n|-start|p1b: Iron Bundle|quarkdrivespe\n|turn|6\n|\n|t:|1683409158\n|move|p1b: Iron Bundle|Protect|p1b: Iron Bundle\n|-singleturn|p1b: Iron Bundle|Protect\n|move|p2a: Palafin|Protect|p2a: Palafin\n|-singleturn|p2a: Palafin|Protect\n|move|p2b: Arcanine|Extreme Speed|p1b: Iron Bundle\n|-activate|p1b: Iron Bundle|move: Protect\n|move|p1a: Ting-Lu|Stomping Tantrum|p2b: Arcanine\n|-supereffective|p2b: Arcanine\n|-damage|p2b: Arcanine|0 fnt\n|faint|p2b: Arcanine\n|\n|-damage|p1a: Ting-Lu|71\/100 brn|[from] brn\n|upkeep\n|\n|t:|1683409161\n|switch|p2b: Bellibolt|Bellibolt, L50, F|64\/100\n|turn|7\n|\n|t:|1683409181\n|switch|p2a: Flutter Mane|Flutter Mane, L50|100\/100\n|-enditem|p2a: Flutter Mane|Booster Energy\n|-activate|p2a: Flutter Mane|ability: Protosynthesis|[fromitem]\n|-start|p2a: Flutter Mane|protosynthesisspa\n|switch|p1a: Amoonguss|Amoonguss, L50, M|100\/100\n|-terastallize|p2b: Bellibolt|Grass\n|move|p1b: Iron Bundle|Freeze-Dry|p2a: Flutter Mane\n|-damage|p2a: Flutter Mane|71\/100\n|move|p2b: Bellibolt|Tera Blast|p1b: Iron Bundle\n|-supereffective|p1b: Iron Bundle\n|-damage|p1b: Iron Bundle|0 fnt\n|faint|p1b: Iron Bundle\n|-end|p1b: Iron Bundle|Quark Drive|[silent]\n|\n|upkeep\n|\n|t:|1683409193\n|switch|p1b: Ting-Lu|Ting-Lu, L50|71\/100 brn\n|-ability|p1b: Ting-Lu|Vessel of Ruin\n|turn|8\n|\n|t:|1683409208\n|-terastallize|p1b: Ting-Lu|Poison\n|move|p2a: Flutter Mane|Moonblast|p1b: Ting-Lu\n|-resisted|p1b: Ting-Lu\n|-damage|p1b: Ting-Lu|59\/100 brn\n|-unboost|p1b: Ting-Lu|spa|1\n|move|p1b: Ting-Lu|Payback|p2b: Bellibolt\n|-damage|p2b: Bellibolt|55\/100\n|-start|p2b: Bellibolt|Charge|Payback|[from] ability: Electromorphosis\n|move|p2b: Bellibolt|Tera Blast|p1b: Ting-Lu\n|-resisted|p1b: Ting-Lu\n|-damage|p1b: Ting-Lu|54\/100 brn\n|move|p1a: Amoonguss|Spore|p2a: Flutter Mane\n|-status|p2a: Flutter Mane|slp|[from] move: Spore\n|\n|-damage|p1b: Ting-Lu|48\/100 brn|[from] brn\n|upkeep\n|turn|9\n|\n|t:|1683409225\n|cant|p2a: Flutter Mane|slp\n|move|p1b: Ting-Lu|Heavy Slam|p2a: Flutter Mane\n|-supereffective|p2a: Flutter Mane\n|-damage|p2a: Flutter Mane|5\/100 slp\n|move|p2b: Bellibolt|Chilling Water|p1b: Ting-Lu\n|-damage|p1b: Ting-Lu|43\/100 brn\n|-unboost|p1b: Ting-Lu|atk|1\n|move|p1a: Amoonguss|Pollen Puff|p1b: Ting-Lu\n|-heal|p1b: Ting-Lu|93\/100 brn\n|\n|-damage|p1b: Ting-Lu|87\/100 brn|[from] brn\n|upkeep\n|turn|10\n|\n|t:|1683409241\n|cant|p2a: Flutter Mane|slp\n|move|p1b: Ting-Lu|Heavy Slam|p2a: Flutter Mane\n|-supereffective|p2a: Flutter Mane\n|-damage|p2a: Flutter Mane|0 fnt\n|faint|p2a: Flutter Mane\n|-end|p2a: Flutter Mane|Protosynthesis|[silent]\n|move|p2b: Bellibolt|Parabolic Charge|p1b: Ting-Lu|[spread] p1a,p1b\n|-resisted|p1a: Amoonguss\n|-damage|p1a: Amoonguss|89\/100\n|-heal|p2b: Bellibolt|62\/100|[from] drain|[of] p1a: Amoonguss\n|-damage|p1b: Ting-Lu|72\/100 brn\n|-heal|p2b: Bellibolt|70\/100|[from] drain|[of] p1b: Ting-Lu\n|-end|p2b: Bellibolt|Charge|[silent]\n|move|p1a: Amoonguss|Pollen Puff|p2b: Bellibolt\n|-supereffective|p2b: Bellibolt\n|-damage|p2b: Bellibolt|53\/100\n|-start|p2b: Bellibolt|Charge|Pollen Puff|[from] ability: Electromorphosis\n|\n|-damage|p1b: Ting-Lu|67\/100 brn|[from] brn\n|upkeep\n|\n|t:|1683409247\n|switch|p2a: Palafin|Palafin-Hero, L50, M|70\/100\n|turn|11\n|inactive|MadMax0229 has 30 seconds left.\n|\n|t:|1683409274\n|move|p2a: Palafin|Wave Crash|p1b: Ting-Lu\n|-damage|p1b: Ting-Lu|10\/100 brn\n|-damage|p2a: Palafin|48\/100|[from] Recoil\n|move|p1b: Ting-Lu|Heavy Slam|p2b: Bellibolt\n|-damage|p2b: Bellibolt|43\/100\n|-start|p2b: Bellibolt|Charge|Heavy Slam|[from] ability: Electromorphosis\n|move|p2b: Bellibolt|Volt Switch|p1b: Ting-Lu\n|-damage|p1b: Ting-Lu|0 fnt\n|faint|p1b: Ting-Lu\n|-end|p2b: Bellibolt|Charge|[silent]\n|move|p1a: Amoonguss|Spore|p2a: Palafin\n|-status|p2a: Palafin|slp|[from] move: Spore\n|\n|upkeep\n|turn|12\n|\n|t:|1683409286\n|cant|p2a: Palafin|slp\n|move|p2b: Bellibolt|Volt Switch|p1a: Amoonguss\n|-resisted|p1a: Amoonguss\n|-damage|p1a: Amoonguss|75\/100\n|move|p1a: Amoonguss|Pollen Puff|p2b: Bellibolt\n|-supereffective|p2b: Bellibolt\n|-damage|p2b: Bellibolt|22\/100\n|-start|p2b: Bellibolt|Charge|Pollen Puff|[from] ability: Electromorphosis\n|\n|upkeep\n|turn|13\n|\n|t:|1683409298\n|cant|p2a: Palafin|slp\n|move|p2b: Bellibolt|Parabolic Charge|p1a: Amoonguss|[spread] p2a,p1a\n|-supereffective|p2a: Palafin\n|-resisted|p1a: Amoonguss\n|-damage|p2a: Palafin|0 fnt\n|-heal|p2b: Bellibolt|46\/100|[from] drain|[of] p2a: Palafin\n|-damage|p1a: Amoonguss|58\/100\n|-heal|p2b: Bellibolt|55\/100|[from] drain|[of] p1a: Amoonguss\n|faint|p2a: Palafin\n|-end|p2b: Bellibolt|Charge|[silent]\n|move|p1a: Amoonguss|Pollen Puff|p2b: Bellibolt\n|-supereffective|p2b: Bellibolt\n|-damage|p2b: Bellibolt|37\/100\n|-start|p2b: Bellibolt|Charge|Pollen Puff|[from] ability: Electromorphosis\n|\n|upkeep\n|turn|14\n|\n|t:|1683409307\n|move|p2b: Bellibolt|Parabolic Charge|p1a: Amoonguss\n|-resisted|p1a: Amoonguss\n|-damage|p1a: Amoonguss|35\/100\n|-heal|p2b: Bellibolt|49\/100|[from] drain|[of] p1a: Amoonguss\n|-enditem|p1a: Amoonguss|Sitrus Berry|[eat]\n|-heal|p1a: Amoonguss|60\/100|[from] item: Sitrus Berry\n|-end|p2b: Bellibolt|Charge|[silent]\n|move|p1a: Amoonguss|Pollen Puff|p2b: Bellibolt\n|-supereffective|p2b: Bellibolt\n|-damage|p2b: Bellibolt|31\/100\n|-start|p2b: Bellibolt|Charge|Pollen Puff|[from] ability: Electromorphosis\n|\n|upkeep\n|turn|15\n|\n|t:|1683409324\n|move|p2b: Bellibolt|Parabolic Charge|p1a: Amoonguss\n|-resisted|p1a: Amoonguss\n|-damage|p1a: Amoonguss|36\/100\n|-heal|p2b: Bellibolt|44\/100|[from] drain|[of] p1a: Amoonguss\n|-end|p2b: Bellibolt|Charge|[silent]\n|move|p1a: Amoonguss|Pollen Puff|p2b: Bellibolt\n|-supereffective|p2b: Bellibolt\n|-damage|p2b: Bellibolt|23\/100\n|-start|p2b: Bellibolt|Charge|Pollen Puff|[from] ability: Electromorphosis\n|\n|upkeep\n|turn|16\n|\n|t:|1683409337\n|move|p2b: Bellibolt|Parabolic Charge|p1a: Amoonguss\n|-resisted|p1a: Amoonguss\n|-damage|p1a: Amoonguss|14\/100\n|-heal|p2b: Bellibolt|35\/100|[from] drain|[of] p1a: Amoonguss\n|-end|p2b: Bellibolt|Charge|[silent]\n|move|p1a: Amoonguss|Pollen Puff|p2b: Bellibolt\n|-supereffective|p2b: Bellibolt\n|-damage|p2b: Bellibolt|16\/100\n|-start|p2b: Bellibolt|Charge|Pollen Puff|[from] ability: Electromorphosis\n|\n|upkeep\n|turn|17\n|\n|t:|1683409347\n|move|p2b: Bellibolt|Parabolic Charge|p1a: Amoonguss\n|-resisted|p1a: Amoonguss\n|-damage|p1a: Amoonguss|0 fnt\n|-heal|p2b: Bellibolt|24\/100|[from] drain|[of] p1a: Amoonguss\n|faint|p1a: Amoonguss\n|-end|p2b: Bellibolt|Charge|[silent]\n|\n|win|Charlisito\n|raw|MadMax0229's rating: 1260 → 1235<\/strong> (-25 for losing)\n|raw|Charlisito's rating: 1258 → 1283<\/strong> (+25 for winning)\n|l|\u2606MadMax0229\n","uploadtime":1683409728,"views":13,"p1id":"madmax0229","p2id":"charlisito","formatid":"gen9vgc2023regulationc","rating":1235,"private":0,"password":""}