{"id":"gen9vgc2023regulationc-1845417452","p1":"Henry80825","p2":"Atiko0928","format":"[Gen 9] VGC 2023 Regulation C","log":"|j|\u2606Henry80825\n|j|\u2606Atiko0928\n|t:|1681730546\n|gametype|doubles\n|player|p1|Henry80825|169|1305\n|player|p2|Atiko0928|parasollady|1254\n|teamsize|p1|6\n|teamsize|p2|6\n|gen|9\n|tier|[Gen 9] VGC 2023 Regulation C\n|rated|\n|rule|Species Clause: Limit one of each Pok\u00e9mon\n|rule|Item Clause: Limit one of each item\n|clearpoke\n|poke|p1|Arcanine, L50, F|\n|poke|p1|Baxcalibur, L50, M|\n|poke|p1|Flutter Mane, L50|\n|poke|p1|Amoonguss, L50, M|\n|poke|p1|Ting-Lu, L50|\n|poke|p1|Palafin, L50, M|\n|poke|p2|Garchomp, L50, F|\n|poke|p2|Corviknight, L50, F|\n|poke|p2|Chi-Yu, L50|\n|poke|p2|Flutter Mane, L50|\n|poke|p2|Amoonguss, L50, F|\n|poke|p2|Ting-Lu, L50|\n|teampreview|4\n|inactive|Battle timer is ON: inactive players will automatically lose when time's up. (requested by Henry80825)\n|\n|t:|1681730598\n|start\n|switch|p1a: Flutter Mane|Flutter Mane, L50|100\/100\n|switch|p1b: Arcanine|Arcanine, L50, F|100\/100\n|switch|p2a: Garchomp|Garchomp, L50, F|100\/100\n|switch|p2b: Chi-Yu|Chi-Yu, L50|100\/100\n|-ability|p2b: Chi-Yu|Beads of Ruin\n|-ability|p1b: Arcanine|Intimidate|boost\n|-unboost|p2a: Garchomp|atk|1\n|-unboost|p2b: Chi-Yu|atk|1\n|turn|1\n|inactive|Henry80825 has 30 seconds left.\n|inactive|Atiko0928 has 30 seconds left.\n|inactive|Atiko0928 has 20 seconds left.\n|inactive|Atiko0928 has 15 seconds left.\n|\n|t:|1681730642\n|switch|p2b: Ting-Lu|Ting-Lu, L50|100\/100\n|-ability|p2b: Ting-Lu|Vessel of Ruin\n|-terastallize|p2a: Garchomp|Steel\n|move|p1a: Flutter Mane|Energy Ball|p2a: Garchomp\n|-resisted|p2a: Garchomp\n|-damage|p2a: Garchomp|83\/100\n|move|p2a: Garchomp|Iron Head|p1a: Flutter Mane\n|-supereffective|p1a: Flutter Mane\n|-damage|p1a: Flutter Mane|17\/100\n|move|p1b: Arcanine|Will-O-Wisp|p2a: Garchomp\n|-status|p2a: Garchomp|brn\n|-enditem|p2a: Garchomp|Lum Berry|[eat]\n|-curestatus|p2a: Garchomp|brn|[msg]\n|\n|upkeep\n|turn|2\n|inactive|Henry80825 has 30 seconds left.\n|inactive|Atiko0928 has 30 seconds left.\n|\n|t:|1681730670\n|-end|p1a: Flutter Mane|Protosynthesis|[silent]\n|switch|p1a: Amoonguss|Amoonguss, L50, M|100\/100\n|move|p2a: Garchomp|Protect|p2a: Garchomp\n|-singleturn|p2a: Garchomp|Protect\n|move|p1b: Arcanine|Will-O-Wisp|p2b: Ting-Lu\n|-status|p2b: Ting-Lu|brn\n|move|p2b: Ting-Lu|Heavy Slam|p1a: Amoonguss\n|-damage|p1a: Amoonguss|88\/100\n|\n|-damage|p2b: Ting-Lu|94\/100 brn|[from] brn\n|upkeep\n|turn|3\n|inactive|Henry80825 has 30 seconds left.\n|inactive|Atiko0928 has 30 seconds left.\n|\n|t:|1681730700\n|move|p2a: Garchomp|Earthquake|p1a: Amoonguss|[spread] p2b,p1a,p1b\n|-supereffective|p1b: Arcanine\n|-damage|p2b: Ting-Lu|80\/100 brn\n|-damage|p1a: Amoonguss|67\/100\n|-damage|p1b: Arcanine|44\/100\n|move|p1b: Arcanine|Will-O-Wisp|p2a: Garchomp\n|-status|p2a: Garchomp|brn\n|move|p2b: Ting-Lu|Heavy Slam|p1a: Amoonguss\n|-damage|p1a: Amoonguss|56\/100\n|move|p1a: Amoonguss|Pollen Puff|p1b: Arcanine\n|-heal|p1b: Arcanine|94\/100\n|\n|-damage|p2a: Garchomp|77\/100 brn|[from] brn\n|-damage|p2b: Ting-Lu|74\/100 brn|[from] brn\n|upkeep\n|turn|4\n|\n|t:|1681730721\n|switch|p2a: Chi-Yu|Chi-Yu, L50|100\/100\n|-ability|p2a: Chi-Yu|Beads of Ruin\n|switch|p1a: Baxcalibur|Baxcalibur, L50, M|100\/100\n|move|p1b: Arcanine|Howl|p1b: Arcanine|[spread] p1a,p1b\n|-boost|p1a: Baxcalibur|atk|1\n|-boost|p1b: Arcanine|atk|1\n|move|p2b: Ting-Lu|Ruination|p1b: Arcanine|[miss]\n|-miss|p2b: Ting-Lu|p1b: Arcanine\n|\n|-damage|p2b: Ting-Lu|68\/100 brn|[from] brn\n|upkeep\n|turn|5\n|inactive|Henry80825 has 30 seconds left.\n|\n|t:|1681730752\n|switch|p2b: Amoonguss|Amoonguss, L50, F|100\/100\n|move|p2a: Chi-Yu|Heat Wave|p1a: Baxcalibur|[spread] p1a,p1b\n|-resisted|p1b: Arcanine\n|-damage|p1a: Baxcalibur|28\/100\n|-damage|p1b: Arcanine|51\/100\n|-ability|p1a: Baxcalibur|Thermal Exchange|boost\n|-boost|p1a: Baxcalibur|atk|1\n|move|p1b: Arcanine|Howl|p1b: Arcanine|[spread] p1a,p1b\n|-boost|p1a: Baxcalibur|atk|1\n|-boost|p1b: Arcanine|atk|1\n|move|p1a: Baxcalibur|Icicle Crash|p2b: Amoonguss\n|-supereffective|p2b: Amoonguss\n|-damage|p2b: Amoonguss|0 fnt\n|faint|p2b: Amoonguss\n|\n|upkeep\n|\n|t:|1681730771\n|switch|p2b: Ting-Lu|Ting-Lu, L50|68\/100 brn\n|-ability|p2b: Ting-Lu|Vessel of Ruin\n|turn|6\n|\n|t:|1681730779\n|move|p1a: Baxcalibur|Ice Shard|p2a: Chi-Yu\n|-resisted|p2a: Chi-Yu\n|-damage|p2a: Chi-Yu|47\/100\n|move|p2a: Chi-Yu|Heat Wave|p1a: Baxcalibur|[spread] p1a,p1b\n|-resisted|p1b: Arcanine\n|-damage|p1a: Baxcalibur|0 fnt\n|-damage|p1b: Arcanine|23\/100\n|faint|p1a: Baxcalibur\n|move|p1b: Arcanine|Flare Blitz|p2a: Chi-Yu\n|-resisted|p2a: Chi-Yu\n|-damage|p2a: Chi-Yu|0 fnt\n|faint|p2a: Chi-Yu\n|-damage|p1b: Arcanine|12\/100|[from] Recoil\n|move|p2b: Ting-Lu|Stomping Tantrum|p1b: Arcanine\n|-supereffective|p1b: Arcanine\n|-damage|p1b: Arcanine|0 fnt\n|faint|p1b: Arcanine\n|\n|-damage|p2b: Ting-Lu|62\/100 brn|[from] brn\n|upkeep\n|\n|t:|1681730799\n|switch|p2a: Garchomp|Garchomp, L50, F, tera:Steel|77\/100 brn\n|switch|p1b: Flutter Mane|Flutter Mane, L50|17\/100\n|switch|p1a: Amoonguss|Amoonguss, L50, M|89\/100\n|turn|7\n|\n|t:|1681730813\n|-terastallize|p1b: Flutter Mane|Fairy\n|move|p1b: Flutter Mane|Dazzling Gleam|p2a: Garchomp|[spread] p2a,p2b\n|-resisted|p2a: Garchomp\n|-supereffective|p2b: Ting-Lu\n|-damage|p2a: Garchomp|52\/100 brn\n|-damage|p2b: Ting-Lu|25\/100 brn\n|move|p2a: Garchomp|Iron Head|p1b: Flutter Mane\n|-supereffective|p1b: Flutter Mane\n|-damage|p1b: Flutter Mane|0 fnt\n|faint|p1b: Flutter Mane\n|-end|p1b: Flutter Mane|Protosynthesis|[silent]\n|move|p2b: Ting-Lu|Ruination|p1a: Amoonguss\n|-damage|p1a: Amoonguss|45\/100\n|-enditem|p1a: Amoonguss|Sitrus Berry|[eat]\n|-heal|p1a: Amoonguss|70\/100|[from] item: Sitrus Berry\n|move|p1a: Amoonguss|Pollen Puff|p1: Flutter Mane|[notarget]\n|-fail|p1a: Amoonguss\n|\n|-damage|p2a: Garchomp|46\/100 brn|[from] brn\n|-damage|p2b: Ting-Lu|19\/100 brn|[from] brn\n|upkeep\n|turn|8\n|inactive|Atiko0928 has 30 seconds left.\n|\n|t:|1681730841\n|move|p1a: Amoonguss|Protect|p1a: Amoonguss\n|-singleturn|p1a: Amoonguss|Protect\n|move|p2a: Garchomp|Iron Head|p1a: Amoonguss\n|-activate|p1a: Amoonguss|move: Protect\n|move|p2b: Ting-Lu|Ruination|p1a: Amoonguss\n|-activate|p1a: Amoonguss|move: Protect\n|\n|-damage|p2a: Garchomp|40\/100 brn|[from] brn\n|-damage|p2b: Ting-Lu|13\/100 brn|[from] brn\n|upkeep\n|turn|9\n|\n|t:|1681730862\n|move|p2a: Garchomp|Iron Head|p1a: Amoonguss\n|-damage|p1a: Amoonguss|53\/100\n|move|p2b: Ting-Lu|Ruination|p1a: Amoonguss\n|-damage|p1a: Amoonguss|27\/100\n|cant|p1a: Amoonguss|flinch\n|\n|-damage|p2a: Garchomp|34\/100 brn|[from] brn\n|-damage|p2b: Ting-Lu|7\/100 brn|[from] brn\n|upkeep\n|turn|10\n|\n|t:|1681730877\n|move|p1a: Amoonguss|Protect|p1a: Amoonguss\n|-singleturn|p1a: Amoonguss|Protect\n|move|p2a: Garchomp|Iron Head|p1a: Amoonguss\n|-activate|p1a: Amoonguss|move: Protect\n|move|p2b: Ting-Lu|Ruination|p1a: Amoonguss\n|-activate|p1a: Amoonguss|move: Protect\n|\n|-damage|p2a: Garchomp|28\/100 brn|[from] brn\n|-damage|p2b: Ting-Lu|1\/100 brn|[from] brn\n|upkeep\n|turn|11\n|\n|t:|1681730890\n|move|p1a: Amoonguss|Protect||[still]\n|-fail|p1a: Amoonguss\n|move|p2a: Garchomp|Iron Head|p1a: Amoonguss\n|-damage|p1a: Amoonguss|9\/100\n|move|p2b: Ting-Lu|Ruination|p1a: Amoonguss\n|-damage|p1a: Amoonguss|5\/100\n|\n|-damage|p2a: Garchomp|22\/100 brn|[from] brn\n|-damage|p2b: Ting-Lu|0 fnt|[from] brn\n|faint|p2b: Ting-Lu\n|upkeep\n|turn|12\n|\n|t:|1681730904\n|move|p1a: Amoonguss|Protect|p1a: Amoonguss\n|-singleturn|p1a: Amoonguss|Protect\n|move|p2a: Garchomp|Iron Head|p1a: Amoonguss\n|-activate|p1a: Amoonguss|move: Protect\n|\n|-damage|p2a: Garchomp|16\/100 brn|[from] brn\n|upkeep\n|turn|13\n|\n|t:|1681730912\n|move|p1a: Amoonguss|Protect|p1a: Amoonguss\n|-singleturn|p1a: Amoonguss|Protect\n|move|p2a: Garchomp|Iron Head|p1a: Amoonguss\n|-activate|p1a: Amoonguss|move: Protect\n|\n|-damage|p2a: Garchomp|10\/100 brn|[from] brn\n|upkeep\n|turn|14\n|\n|t:|1681730921\n|move|p1a: Amoonguss|Protect||[still]\n|-fail|p1a: Amoonguss\n|move|p2a: Garchomp|Iron Head|p1a: Amoonguss\n|-crit|p1a: Amoonguss\n|-damage|p1a: Amoonguss|0 fnt\n|faint|p1a: Amoonguss\n|\n|win|Atiko0928\n|raw|Henry80825's rating: 1305 → 1282<\/strong> (-23 for losing)\n|raw|Atiko0928's rating: 1254 → 1283<\/strong> (+29 for winning)\n|l|\u2606Henry80825\n","uploadtime":1681730933,"views":9,"p1id":"henry80825","p2id":"atiko0928","formatid":"gen9vgc2023regulationc","rating":1282,"private":0,"password":""}