{"id":"gen9vgc2023regulationc-1857985586","p1":"LobsterLiveGaming","p2":"penny my beloved","format":"[Gen 9] VGC 2023 Regulation C","log":"|j|\u2606LobsterLiveGaming\n|j|\u2606penny my beloved\n|t:|1683256045\n|gametype|doubles\n|player|p1|LobsterLiveGaming|darach-caitlin|1347\n|player|p2|penny my beloved|penny|1425\n|teamsize|p1|6\n|teamsize|p2|6\n|gen|9\n|tier|[Gen 9] VGC 2023 Regulation C\n|rated|\n|rule|Species Clause: Limit one of each Pok\u00e9mon\n|rule|Item Clause: Limit one of each item\n|clearpoke\n|poke|p1|Garchomp, L50, M|\n|poke|p1|Talonflame, L50, F|\n|poke|p1|Arcanine, L50, M|\n|poke|p1|Iron Bundle, L50|\n|poke|p1|Flutter Mane, L50|\n|poke|p1|Amoonguss, L50, F|\n|poke|p2|Palafin, L50, M|\n|poke|p2|Amoonguss, L50, F|\n|poke|p2|Arcanine, L50, F|\n|poke|p2|Flutter Mane, L50|\n|poke|p2|Dragapult, L50, M|\n|poke|p2|Ting-Lu, L50|\n|teampreview|4\n|inactive|Battle timer is ON: inactive players will automatically lose when time's up. (requested by LobsterLiveGaming)\npenny my beloved has agreed to open team sheets.\n|inactive|LobsterLiveGaming has 60 seconds left.\n|inactive|penny my beloved has 60 seconds left.\n|\n|t:|1683256095\n|start\n|switch|p1a: Arcanine|Arcanine, L50, M|100\/100\n|switch|p1b: Talonflame|Talonflame, L50, F|100\/100\n|switch|p2a: Arcanine|Arcanine, L50, F, shiny|100\/100\n|switch|p2b: Flutter Mane|Flutter Mane, L50, shiny|100\/100\n|-ability|p2a: Arcanine|Intimidate|boost\n|-unboost|p1a: Arcanine|atk|1\n|-unboost|p1b: Talonflame|atk|1\n|-ability|p1a: Arcanine|Intimidate|boost\n|-unboost|p2a: Arcanine|atk|1\n|-unboost|p2b: Flutter Mane|atk|1\n|-enditem|p2b: Flutter Mane|Booster Energy\n|-activate|p2b: Flutter Mane|ability: Protosynthesis|[fromitem]\n|-start|p2b: Flutter Mane|protosynthesisspa\n|turn|1\n|inactive|penny my beloved has 30 seconds left.\n|\n|t:|1683256124\n|move|p2a: Arcanine|Extreme Speed|p1b: Talonflame\n|-damage|p1b: Talonflame|73\/100\n|move|p2b: Flutter Mane|Shadow Ball|p1a: Arcanine\n|-damage|p1a: Arcanine|46\/100\n|-enditem|p1a: Arcanine|Sitrus Berry|[eat]\n|-heal|p1a: Arcanine|71\/100|[from] item: Sitrus Berry\n|move|p1b: Talonflame|Tailwind|p1b: Talonflame\n|-sidestart|p1: LobsterLiveGaming|move: Tailwind\n|move|p1a: Arcanine|Flare Blitz|p2b: Flutter Mane\n|-damage|p2b: Flutter Mane|45\/100\n|-damage|p1a: Arcanine|54\/100|[from] Recoil\n|\n|upkeep\n|turn|2\n|inactive|penny my beloved has 30 seconds left.\n|\n|t:|1683256151\n|move|p2a: Arcanine|Extreme Speed|p1a: Arcanine\n|-damage|p1a: Arcanine|37\/100\n|move|p1b: Talonflame|Brave Bird|p2a: Arcanine\n|-damage|p2a: Arcanine|58\/100\n|-damage|p1b: Talonflame|57\/100|[from] Recoil\n|move|p1a: Arcanine|Flare Blitz|p2b: Flutter Mane\n|-damage|p2b: Flutter Mane|0 fnt\n|faint|p2b: Flutter Mane\n|-end|p2b: Flutter Mane|Protosynthesis|[silent]\n|-damage|p1a: Arcanine|25\/100|[from] Recoil\n|\n|upkeep\n|\n|t:|1683256161\n|switch|p2b: Ting-Lu|Ting-Lu, L50|100\/100\n|-ability|p2b: Ting-Lu|Vessel of Ruin\n|turn|3\n|\n|t:|1683256175\n|move|p1a: Arcanine|Extreme Speed|p2a: Arcanine\n|-damage|p2a: Arcanine|42\/100\n|move|p1b: Talonflame|Brave Bird|p2a: Arcanine\n|-damage|p2a: Arcanine|0 fnt\n|faint|p2a: Arcanine\n|-damage|p1b: Talonflame|42\/100|[from] Recoil\n|move|p2b: Ting-Lu|Stomping Tantrum|p1a: Arcanine\n|-supereffective|p1a: Arcanine\n|-damage|p1a: Arcanine|0 fnt\n|faint|p1a: Arcanine\n|\n|upkeep\n|\n|t:|1683256182\n|switch|p2a: Dragapult|Dragapult, L50, M, shiny|100\/100\n|switch|p1a: Flutter Mane|Flutter Mane, L50|100\/100\n|turn|4\n|\n|t:|1683256205\n|-terastallize|p1a: Flutter Mane|Fairy\n|move|p2a: Dragapult|Protect|p2a: Dragapult\n|-singleturn|p2a: Dragapult|Protect\n|move|p1a: Flutter Mane|Dazzling Gleam|p2b: Ting-Lu|[spread] p2b\n|-activate|p2a: Dragapult|move: Protect\n|-supereffective|p2b: Ting-Lu\n|-damage|p2b: Ting-Lu|50\/100\n|move|p1b: Talonflame|Brave Bird|p2b: Ting-Lu\n|-damage|p2b: Ting-Lu|30\/100\n|-damage|p1b: Talonflame|32\/100|[from] Recoil\n|move|p2b: Ting-Lu|Heavy Slam|p1a: Flutter Mane\n|-supereffective|p1a: Flutter Mane\n|-damage|p1a: Flutter Mane|0 fnt\n|faint|p1a: Flutter Mane\n|-end|p1a: Flutter Mane|Protosynthesis|[silent]\n|\n|-sideend|p1: LobsterLiveGaming|move: Tailwind\n|upkeep\n|\n|t:|1683256212\n|switch|p1a: Garchomp|Garchomp, L50, M|100\/100\n|turn|5\n|c|\u2606penny my beloved|gg\n|inactive|penny my beloved has 30 seconds left.\n|c|\u2606LobsterLiveGaming|gg\n|inactive|penny my beloved has 20 seconds left.\n|inactive|penny my beloved has 15 seconds left.\n|\n|t:|1683256253\n|move|p2a: Dragapult|Protect||[still]\n|-fail|p2a: Dragapult\n|move|p1b: Talonflame|Tailwind|p1b: Talonflame\n|-sidestart|p1: LobsterLiveGaming|move: Tailwind\n|move|p1a: Garchomp|Earthquake|p2a: Dragapult|[spread] p2a,p2b\n|-immune|p1b: Talonflame\n|-damage|p2a: Dragapult|29\/100\n|-damage|p2b: Ting-Lu|0 fnt\n|faint|p2b: Ting-Lu\n|-damage|p1a: Garchomp|91\/100|[from] item: Life Orb\n|\n|upkeep\n|turn|6\n|\n|t:|1683256269\n|move|p1b: Talonflame|Brave Bird|p2a: Dragapult\n|-damage|p2a: Dragapult|0 fnt\n|faint|p2a: Dragapult\n|-damage|p1b: Talonflame|21\/100|[from] Recoil\n|\n|win|LobsterLiveGaming\n|raw|LobsterLiveGaming's rating: 1347 → 1371<\/strong> (+24 for winning)\n|raw|penny my beloved's rating: 1425 → 1401<\/strong> (-24 for losing)\n|l|\u2606penny my beloved\n","uploadtime":1683256284,"views":16,"p1id":"lobsterlivegaming","p2id":"pennymybeloved","formatid":"gen9vgc2023regulationc","rating":1371,"private":0,"password":""}