{"id":"gen9vgc2023regulationc-1857601948","p1":"Tondislav","p2":"quinn4444","format":"[Gen 9] VGC 2023 Regulation C","log":"|j|\u2606Tondislav\n|j|\u2606quinn4444\n|t:|1683212036\n|gametype|doubles\n|player|p1|Tondislav|169|1214\n|player|p2|quinn4444|170|1188\n|teamsize|p1|6\n|teamsize|p2|6\n|gen|9\n|tier|[Gen 9] VGC 2023 Regulation C\n|rated|\n|rule|Species Clause: Limit one of each Pok\u00e9mon\n|rule|Item Clause: Limit one of each item\n|clearpoke\n|poke|p1|Abomasnow, L50, M|\n|poke|p1|Glaceon, L50, M|\n|poke|p1|Roaring Moon, L50|\n|poke|p1|Cyclizar, L50, F|\n|poke|p1|Jumpluff, L50, F|\n|poke|p1|Torkoal, L50, F|\n|poke|p2|Amoonguss, L50, F|\n|poke|p2|Palafin, L50, F|\n|poke|p2|Arcanine, L50, F|\n|poke|p2|Flutter Mane, L50|\n|poke|p2|Chien-Pao, L50|\n|poke|p2|Dragapult, L50, M|\n|teampreview|4\n|\n|t:|1683212069\n|start\n|switch|p1a: Abomasnow|Abomasnow, L50, M|100\/100\n|switch|p1b: Cyclizar|Cyclizar, L50, F|100\/100\n|switch|p2a: Arcanine|Arcanine, L50, F|100\/100\n|switch|p2b: Palafin|Palafin, L50, F|100\/100\n|-ability|p2a: Arcanine|Intimidate|boost\n|-unboost|p1a: Abomasnow|atk|1\n|-unboost|p1b: Cyclizar|atk|1\n|-weather|Snow|[from] ability: Snow Warning|[of] p1a: Abomasnow\n|turn|1\n|\n|t:|1683212105\n|detailschange|p2b: Palafin|Palafin-Hero, L50, F\n|switch|p2b: Chien-Pao|Chien-Pao, L50|100\/100\n|-ability|p2b: Chien-Pao|Sword of Ruin\n|-terastallize|p1a: Abomasnow|Water\n|move|p1b: Cyclizar|Shed Tail|p1b: Cyclizar\n|-start|p1b: Cyclizar|Substitute|[from] move: Shed Tail\n|-damage|p1b: Cyclizar|50\/100\n|-enditem|p1b: Cyclizar|Sitrus Berry|[eat]\n|-heal|p1b: Cyclizar|75\/100|[from] item: Sitrus Berry\n|\n|t:|1683212114\n|switch|p1b: Glaceon|Glaceon, L50, M|100\/100|[from] Shed Tail\n|move|p2a: Arcanine|Flare Blitz|p1a: Abomasnow\n|-resisted|p1a: Abomasnow\n|-damage|p1a: Abomasnow|60\/100\n|-damage|p2a: Arcanine|87\/100|[from] Recoil\n|move|p1a: Abomasnow|Aurora Veil|p1a: Abomasnow\n|-sidestart|p1: Tondislav|move: Aurora Veil\n|\n|-weather|Snow|[upkeep]\n|upkeep\n|turn|2\n|\n|t:|1683212131\n|move|p2b: Chien-Pao|Sacred Sword|p1b: Glaceon\n|-supereffective|p1b: Glaceon\n|-end|p1b: Glaceon|Substitute\n|move|p2a: Arcanine|Flare Blitz|p1b: Glaceon\n|-supereffective|p1b: Glaceon\n|-damage|p1b: Glaceon|47\/100\n|-damage|p2a: Arcanine|72\/100|[from] Recoil\n|move|p1b: Glaceon|Calm Mind|p1b: Glaceon\n|-boost|p1b: Glaceon|spa|1\n|-boost|p1b: Glaceon|spd|1\n|move|p1a: Abomasnow|Blizzard|p2b: Chien-Pao|[spread] p2a,p2b\n|-resisted|p2a: Arcanine\n|-resisted|p2b: Chien-Pao\n|-damage|p2a: Arcanine|57\/100\n|-damage|p2b: Chien-Pao|81\/100\n|\n|-weather|Snow|[upkeep]\n|-heal|p1b: Glaceon|53\/100|[from] item: Leftovers\n|upkeep\n|turn|3\n|\n|t:|1683212162\n|switch|p1a: Roaring Moon|Roaring Moon, L50|100\/100\n|move|p1b: Glaceon|Protect|p1b: Glaceon\n|-singleturn|p1b: Glaceon|Protect\n|move|p2b: Chien-Pao|Sacred Sword|p1a: Roaring Moon\n|-supereffective|p1a: Roaring Moon\n|-damage|p1a: Roaring Moon|40\/100\n|-enditem|p1a: Roaring Moon|Weakness Policy\n|-boost|p1a: Roaring Moon|atk|2|[from] item: Weakness Policy\n|-boost|p1a: Roaring Moon|spa|2|[from] item: Weakness Policy\n|move|p2a: Arcanine|Flare Blitz|p1a: Roaring Moon\n|-resisted|p1a: Roaring Moon\n|-damage|p1a: Roaring Moon|14\/100\n|-damage|p2a: Arcanine|48\/100|[from] Recoil\n|\n|-weather|Snow|[upkeep]\n|-heal|p1b: Glaceon|59\/100|[from] item: Leftovers\n|upkeep\n|turn|4\n|\n|t:|1683212189\n|move|p1b: Glaceon|Protect|p1b: Glaceon\n|-singleturn|p1b: Glaceon|Protect\n|move|p2a: Arcanine|Extreme Speed|p1a: Roaring Moon\n|-damage|p1a: Roaring Moon|0 fnt\n|faint|p1a: Roaring Moon\n|-end|p1a: Roaring Moon|Protosynthesis|[silent]\n|move|p2b: Chien-Pao|Sacred Sword|p1b: Glaceon\n|-activate|p1b: Glaceon|move: Protect\n|\n|-weather|Snow|[upkeep]\n|-heal|p1b: Glaceon|64\/100|[from] item: Leftovers\n|upkeep\n|\n|t:|1683212204\n|switch|p1a: Abomasnow|Abomasnow, L50, M, tera:Water|60\/100\n|turn|5\n|\n|t:|1683212216\n|move|p2b: Chien-Pao|Sacred Sword|p1b: Glaceon\n|-supereffective|p1b: Glaceon\n|-damage|p1b: Glaceon|39\/100\n|move|p2a: Arcanine|Flare Blitz|p1b: Glaceon\n|-supereffective|p1b: Glaceon\n|-damage|p1b: Glaceon|0 fnt\n|faint|p1b: Glaceon\n|-damage|p2a: Arcanine|37\/100|[from] Recoil\n|move|p1a: Abomasnow|Energy Ball|p2b: Chien-Pao\n|-damage|p2b: Chien-Pao|30\/100\n|\n|-weather|none\n|upkeep\n|\n|t:|1683212227\n|switch|p1b: Cyclizar|Cyclizar, L50, F|100\/100\n|turn|6\n|\n|t:|1683212236\n|move|p1b: Cyclizar|Protect|p1b: Cyclizar\n|-singleturn|p1b: Cyclizar|Protect\n|move|p2b: Chien-Pao|Sucker Punch|p1a: Abomasnow\n|-damage|p1a: Abomasnow|25\/100\n|move|p2a: Arcanine|Flare Blitz|p1a: Abomasnow\n|-resisted|p1a: Abomasnow\n|-damage|p1a: Abomasnow|0 fnt\n|faint|p1a: Abomasnow\n|-damage|p2a: Arcanine|29\/100|[from] Recoil\n|\n|upkeep\n|turn|7\n|-message|Tondislav forfeited.\n|\n|win|quinn4444\n|raw|Tondislav's rating: 1214 → 1187<\/strong> (-27 for losing)\n|raw|quinn4444's rating: 1188 → 1215<\/strong> (+27 for winning)\n|l|\u2606Tondislav\n","uploadtime":1683212250,"views":10,"p1id":"tondislav","p2id":"quinn4444","formatid":"gen9vgc2023regulationc","rating":1187,"private":0,"password":""}