{"id":"gen9vgc2023regulationc-1846957829","p1":"Terry kloak","p2":"JKetsuo","format":"[Gen 9] VGC 2023 Regulation C","log":"|j|\u2606Terry kloak\n|j|\u2606JKetsuo\n|t:|1681906037\n|gametype|doubles\n|player|p1|Terry kloak|gentleman-gen4|\n|player|p2|JKetsuo|psychic|\n|teamsize|p1|6\n|teamsize|p2|6\n|gen|9\n|tier|[Gen 9] VGC 2023 Regulation C\n|rule|Species Clause: Limit one of each Pok\u00e9mon\n|rule|Item Clause: Limit one of each item\n|clearpoke\n|poke|p1|Ceruledge, L50, M|\n|poke|p1|Orthworm, L50, F|\n|poke|p1|Ting-Lu, L50|\n|poke|p1|Dragonite, L50, M|\n|poke|p1|Iron Bundle, L50|\n|poke|p1|Grimmsnarl, L50, M|\n|poke|p2|Breloom, L50, M|\n|poke|p2|Wo-Chien, L50|\n|poke|p2|Arcanine, L50, M|\n|poke|p2|Flutter Mane, L50|\n|poke|p2|Gothitelle, L50, F|\n|poke|p2|Scream Tail, L50|\n|teampreview|4\nTerry kloak has agreed to open team sheets.\n|c|\u2606Terry kloak|G2\n|inactive|Battle timer is ON: inactive players will automatically lose when time's up. (requested by JKetsuo)\n|\n|t:|1681906105\n|start\n|switch|p1a: Orthworm|Orthworm, L50, F|100\/100\n|switch|p1b: Ting-Lu|Ting-Lu, L50|100\/100\n|switch|p2a: Kirisak1|Flutter Mane, L50|100\/100\n|switch|p2b: Flippo|Scream Tail, L50|100\/100\n|-ability|p1b: Ting-Lu|Vessel of Ruin\n|-enditem|p2a: Kirisak1|Booster Energy\n|-activate|p2a: Kirisak1|ability: Protosynthesis|[fromitem]\n|-start|p2a: Kirisak1|protosynthesisspe\n|turn|1\n|\n|t:|1681906125\n|-end|p2a: Kirisak1|Protosynthesis|[silent]\n|switch|p2a: Simba|Arcanine, L50, M|100\/100\n|-ability|p2a: Simba|Intimidate|boost\n|-unboost|p1a: Orthworm|atk|1\n|-unboost|p1b: Ting-Lu|atk|1\n|move|p2b: Flippo|Protect|p2b: Flippo\n|-singleturn|p2b: Flippo|Protect\n|move|p1b: Ting-Lu|Earthquake|p2a: Simba|[spread] p2a\n|-activate|p2b: Flippo|move: Protect\n|-immune|p1a: Orthworm|[from] ability: Earth Eater\n|-supereffective|p2a: Simba\n|-damage|p2a: Simba|48\/100\n|move|p1a: Orthworm|Iron Head|p2a: Simba\n|-resisted|p2a: Simba\n|-damage|p2a: Simba|37\/100\n|\n|upkeep\n|turn|2\n|\n|t:|1681906143\n|switch|p1b: Ceruledge|Ceruledge, L50, M|100\/100\n|move|p2b: Flippo|Disable||[still]\n|-fail|p2b: Flippo\n|move|p2a: Simba|Flare Blitz|p1a: Orthworm\n|-supereffective|p1a: Orthworm\n|-damage|p1a: Orthworm|23\/100\n|-enditem|p1a: Orthworm|Sitrus Berry|[eat]\n|-heal|p1a: Orthworm|48\/100|[from] item: Sitrus Berry\n|-damage|p2a: Simba|12\/100|[from] Recoil\n|move|p1a: Orthworm|Shed Tail|p1a: Orthworm\n|-fail|p1a: Orthworm|move: Shed Tail|[weak]\n|\n|upkeep\n|turn|3\n|inactive|Terry kloak has 30 seconds left.\n|inactive|JKetsuo has 30 seconds left.\n|\n|t:|1681906187\n|switch|p1a: Ting-Lu|Ting-Lu, L50|100\/100\n|-ability|p1a: Ting-Lu|Vessel of Ruin\n|move|p2a: Simba|Protect|p2a: Simba\n|-singleturn|p2a: Simba|Protect\n|move|p1b: Ceruledge|Shadow Sneak|p2a: Simba\n|-activate|p2a: Simba|move: Protect\n|move|p2b: Flippo|Disable||[still]\n|-fail|p2b: Flippo\n|\n|upkeep\n|turn|4\n|inactive|Terry kloak has 30 seconds left.\n|\n|t:|1681906214\n|switch|p2a: chrome|Gothitelle, L50, F|100\/100\n|move|p1b: Ceruledge|Shadow Sneak|p2a: chrome\n|-supereffective|p2a: chrome\n|-damage|p2a: chrome|63\/100\n|move|p2b: Flippo|Perish Song|p2b: Flippo\n|-start|p1a: Ting-Lu|perish3|[silent]\n|-start|p1b: Ceruledge|perish3|[silent]\n|-start|p2a: chrome|perish3|[silent]\n|-start|p2b: Flippo|perish3|[silent]\n|-fieldactivate|move: Perish Song\n|move|p1a: Ting-Lu|Heavy Slam|p2b: Flippo\n|-supereffective|p2b: Flippo\n|-damage|p2b: Flippo|53\/100\n|\n|-start|p2b: Flippo|perish3\n|-start|p1b: Ceruledge|perish3\n|-start|p2a: chrome|perish3\n|-start|p1a: Ting-Lu|perish3\n|upkeep\n|turn|5\n|\n|t:|1681906234\n|move|p2a: chrome|Fake Out|p1a: Ting-Lu\n|-damage|p1a: Ting-Lu|97\/100\n|move|p2b: Flippo|Disable|p1b: Ceruledge\n|-start|p1b: Ceruledge|Disable|Shadow Sneak\n|move|p1b: Ceruledge|Bitter Blade|p2a: chrome\n|-damage|p2a: chrome|22\/100\n|-enditem|p2a: chrome|Sitrus Berry|[eat]\n|-heal|p2a: chrome|47\/100|[from] item: Sitrus Berry\n|cant|p1a: Ting-Lu|flinch\n|\n|-start|p2b: Flippo|perish2\n|-start|p1b: Ceruledge|perish2\n|-start|p2a: chrome|perish2\n|-start|p1a: Ting-Lu|perish2\n|upkeep\n|turn|6\n|inactive|JKetsuo has 30 seconds left.\n|inactive|JKetsuo has 20 seconds left.\n|inactive|JKetsuo has 15 seconds left.\n|\n|t:|1681906275\n|switch|p1b: Orthworm|Orthworm, L50, F|48\/100\n|move|p2b: Flippo|Protect|p2b: Flippo\n|-singleturn|p2b: Flippo|Protect\n|move|p2a: chrome|Protect|p2a: chrome\n|-singleturn|p2a: chrome|Protect\n|move|p1a: Ting-Lu|Earthquake|p2a: chrome|[spread] \n|-activate|p2a: chrome|move: Protect\n|-activate|p2b: Flippo|move: Protect\n|-heal|p1b: Orthworm|72\/100|[from] ability: Earth Eater|[of] p1a: Ting-Lu\n|\n|-start|p2b: Flippo|perish1\n|-start|p2a: chrome|perish1\n|-start|p1a: Ting-Lu|perish1\n|upkeep\n|turn|7\n|inactive|Terry kloak has 30 seconds left.\n|inactive|JKetsuo has 30 seconds left.\n|\n|t:|1681906304\n|switch|p2a: Simba|Arcanine, L50, M|12\/100\n|-ability|p2a: Simba|Intimidate|boost\n|-unboost|p1a: Ting-Lu|atk|1\n|-unboost|p1b: Orthworm|atk|1\n|move|p2b: Flippo|Perish Song|p2b: Flippo\n|-start|p1b: Orthworm|perish3|[silent]\n|-start|p2a: Simba|perish3|[silent]\n|-fieldactivate|move: Perish Song\n|move|p1a: Ting-Lu|Earthquake|p2b: Flippo|[spread] p2a,p2b\n|-heal|p1b: Orthworm|97\/100|[from] ability: Earth Eater|[of] p1a: Ting-Lu\n|-supereffective|p2a: Simba\n|-damage|p2a: Simba|0 fnt\n|-damage|p2b: Flippo|36\/100\n|faint|p2a: Simba\n|move|p1b: Orthworm|Shed Tail|p1b: Orthworm\n|-start|p1b: Orthworm|Substitute|[from] move: Shed Tail\n|-damage|p1b: Orthworm|47\/100\n|\n|t:|1681906318\n|switch|p1b: Dragonite|Dragonite, L50, M|100\/100|[from] Shed Tail\n|\n|-start|p2b: Flippo|perish0\n|-start|p1a: Ting-Lu|perish0\n|upkeep\n|faint|p2b: Flippo\n|-end|p2b: Flippo|Protosynthesis|[silent]\n|faint|p1a: Ting-Lu\n|\n|t:|1681906327\n|switch|p2b: Kirisak1|Flutter Mane, L50|100\/100\n|switch|p2a: chrome|Gothitelle, L50, F|47\/100\n|switch|p1a: Ceruledge|Ceruledge, L50, M|100\/100\n|turn|8\n|\n|t:|1681906339\n|-terastallize|p1b: Dragonite|Flying\n|-terastallize|p2a: chrome|Dragon\n|move|p1a: Ceruledge|Protect|p1a: Ceruledge\n|-singleturn|p1a: Ceruledge|Protect\n|move|p2b: Kirisak1|Shadow Ball|p1a: Ceruledge\n|-activate|p1a: Ceruledge|move: Protect\n|move|p1b: Dragonite|Dragon Dance|p1b: Dragonite\n|-boost|p1b: Dragonite|atk|1\n|-boost|p1b: Dragonite|spe|1\n|move|p2a: chrome|Heal Pulse|p2b: Kirisak1\n|-fail|p2b: Kirisak1|heal\n|\n|upkeep\n|turn|9\n|\n|t:|1681906358\n|switch|p1a: Orthworm|Orthworm, L50, F|47\/100\n|move|p1b: Dragonite|Earthquake|p2b: Kirisak1|[spread] p2a,p2b\n|-heal|p1a: Orthworm|71\/100|[from] ability: Earth Eater|[of] p1b: Dragonite\n|-damage|p2a: chrome|11\/100\n|-damage|p2b: Kirisak1|28\/100\n|move|p2b: Kirisak1|Shadow Ball|p1a: Orthworm\n|-damage|p1a: Orthworm|19\/100\n|move|p2a: chrome|Heal Pulse|p2b: Kirisak1\n|-heal|p2b: Kirisak1|78\/100\n|\n|upkeep\n|turn|10\n|inactive|JKetsuo has 30 seconds left.\n|\n|t:|1681906392\n|move|p2a: chrome|Protect|p2a: chrome\n|-singleturn|p2a: chrome|Protect\n|move|p1b: Dragonite|Earthquake|p2b: Kirisak1|[spread] p2b\n|-activate|p2a: chrome|move: Protect\n|-heal|p1a: Orthworm|43\/100|[from] ability: Earth Eater|[of] p1b: Dragonite\n|-damage|p2b: Kirisak1|3\/100\n|move|p2b: Kirisak1|Shadow Ball|p1a: Orthworm\n|-damage|p1a: Orthworm|0 fnt\n|faint|p1a: Orthworm\n|\n|upkeep\n|\n|t:|1681906406\n|switch|p1a: Ceruledge|Ceruledge, L50, M|100\/100\n|turn|11\n|\n|t:|1681906415\n|move|p2b: Kirisak1|Protect|p2b: Kirisak1\n|-singleturn|p2b: Kirisak1|Protect\n|move|p1a: Ceruledge|Shadow Sneak|p2a: chrome\n|-damage|p2a: chrome|0 fnt\n|faint|p2a: chrome\n|move|p1b: Dragonite|Tera Blast|p2b: Kirisak1\n|-activate|p2b: Kirisak1|move: Protect\n|\n|upkeep\n|turn|12\n|-message|JKetsuo forfeited.\n|\n|win|Terry kloak\n|l|\u2606JKetsuo\n|c|\u2606Terry kloak|Gg\n","uploadtime":1681906432,"views":10,"p1id":"terrykloak","p2id":"jketsuo","formatid":"gen9vgc2023regulationc","rating":0,"private":0,"password":""}