{"id":"gen9vgc2023regulationc-1850887079","p1":"idususjsua","p2":"idolhunter28273","format":"[Gen 9] VGC 2023 Regulation C","log":"|j|\u2606idususjsua\n|j|\u2606idolhunter28273\n|t:|1682378469\n|gametype|doubles\n|player|p1|idususjsua|102|1264\n|player|p2|idolhunter28273|265|1345\n|teamsize|p1|6\n|teamsize|p2|6\n|gen|9\n|tier|[Gen 9] VGC 2023 Regulation C\n|rated|\n|rule|Species Clause: Limit one of each Pok\u00e9mon\n|rule|Item Clause: Limit one of each item\n|clearpoke\n|poke|p1|Flutter Mane, L50|\n|poke|p1|Farigiraf, L50, F|\n|poke|p1|Iron Hands, L50|\n|poke|p1|Amoonguss, L50, F|\n|poke|p1|Talonflame, L50, M|\n|poke|p1|Great Tusk, L50|\n|poke|p2|Gholdengo, L50|\n|poke|p2|Rotom-Wash, L50|\n|poke|p2|Garchomp, L50, F|\n|poke|p2|Talonflame, L50, F|\n|poke|p2|Wo-Chien, L50|\n|poke|p2|Glimmora, L50, M|\n|teampreview|4\n|inactive|Battle timer is ON: inactive players will automatically lose when time's up. (requested by idususjsua)\nidolhunter28273 has agreed to open team sheets.\nidususjsua has agreed to open team sheets.\n|\n|t:|1682378495\n|start\n|switch|p1a: Iron Hands|Iron Hands, L50|100\/100\n|switch|p1b: Flutter Mane|Flutter Mane, L50|100\/100\n|switch|p2a: Rotom|Rotom-Wash, L50|100\/100\n|switch|p2b: Wo-Chien|Wo-Chien, L50|100\/100\n|-ability|p2b: Wo-Chien|Tablets of Ruin\n|turn|1\n|\n|t:|1682378511\n|-terastallize|p1b: Flutter Mane|Poison\n|move|p1a: Iron Hands|Fake Out|p2a: Rotom\n|-damage|p2a: Rotom|90\/100\n|move|p1b: Flutter Mane|Tera Blast|p2b: Wo-Chien\n|-supereffective|p2b: Wo-Chien\n|-damage|p2b: Wo-Chien|22\/100\n|-enditem|p2b: Wo-Chien|Sitrus Berry|[eat]\n|-heal|p2b: Wo-Chien|47\/100|[from] item: Sitrus Berry\n|cant|p2a: Rotom|flinch\n|move|p2b: Wo-Chien|Leech Seed|p1a: Iron Hands|[miss]\n|-miss|p2b: Wo-Chien|p1a: Iron Hands\n|\n|-heal|p2a: Rotom|95\/100|[from] item: Leftovers\n|upkeep\n|turn|2\n|inactive|idususjsua has 30 seconds left.\n|inactive|idolhunter28273 has 30 seconds left.\n|\n|t:|1682378543\n|switch|p2b: Gholdengo|Gholdengo, L50|100\/100\n|move|p1b: Flutter Mane|Tera Blast|p2b: Gholdengo\n|-immune|p2b: Gholdengo\n|move|p2a: Rotom|Eerie Impulse|p1b: Flutter Mane\n|-unboost|p1b: Flutter Mane|spa|2\n|move|p1a: Iron Hands|Wild Charge|p2a: Rotom\n|-damage|p2a: Rotom|51\/100\n|-damage|p1a: Iron Hands|94\/100|[from] Recoil\n|\n|-heal|p2a: Rotom|57\/100|[from] item: Leftovers\n|upkeep\n|turn|3\n|\n|t:|1682378561\n|-end|p1a: Iron Hands|Quark Drive|[silent]\n|switch|p1a: Amoonguss|Amoonguss, L50, F|100\/100\n|move|p1b: Flutter Mane|Tera Blast|p2a: Rotom\n|-damage|p2a: Rotom|30\/100\n|move|p2b: Gholdengo|Make It Rain|p1b: Flutter Mane|[spread] p1a,p1b\n|-damage|p1a: Amoonguss|50\/100\n|-damage|p1b: Flutter Mane|35\/100\n|-unboost|p2b: Gholdengo|spa|1\n|-enditem|p1a: Amoonguss|Sitrus Berry|[eat]\n|-heal|p1a: Amoonguss|75\/100|[from] item: Sitrus Berry\n|move|p2a: Rotom|Will-O-Wisp|p1a: Amoonguss\n|-status|p1a: Amoonguss|brn\n|\n|-heal|p2a: Rotom|36\/100|[from] item: Leftovers\n|-damage|p1a: Amoonguss|69\/100 brn|[from] brn\n|upkeep\n|turn|4\n|inactive|idususjsua has 30 seconds left.\n|inactive|idolhunter28273 has 30 seconds left.\n|inactive|idususjsua has 20 seconds left.\n|inactive|idususjsua has 15 seconds left.\n|inactive|idususjsua has 10 seconds left.\n|inactive|idususjsua has 5 seconds left.\n|\n|t:|1682378611\n|move|p1a: Amoonguss|Rage Powder|p1a: Amoonguss\n|-singleturn|p1a: Amoonguss|move: Rage Powder\n|move|p1b: Flutter Mane|Tera Blast|p2a: Rotom\n|-damage|p2a: Rotom|8\/100\n|move|p2b: Gholdengo|Make It Rain|p1b: Flutter Mane|[spread] p1a,p1b\n|-damage|p1a: Amoonguss|36\/100 brn\n|-damage|p1b: Flutter Mane|0 fnt\n|-unboost|p2b: Gholdengo|spa|1\n|faint|p1b: Flutter Mane\n|-end|p1b: Flutter Mane|Protosynthesis|[silent]\n|move|p2a: Rotom|Will-O-Wisp|p1a: Amoonguss\n|-fail|p1a: Amoonguss|brn\n|\n|-heal|p2a: Rotom|14\/100|[from] item: Leftovers\n|-damage|p1a: Amoonguss|30\/100 brn|[from] brn\n|upkeep\n|inactive|idususjsua has 30 seconds left.\n|inactive|idususjsua has 20 seconds left.\n|inactive|idususjsua has 15 seconds left.\n|\n|t:|1682378653\n|switch|p1b: Great Tusk|Great Tusk, L50|100\/100\n|turn|5\n|\n|t:|1682378665\n|switch|p2b: Garchomp|Garchomp, L50, F|100\/100\n|switch|p2a: Wo-Chien|Wo-Chien, L50|47\/100\n|-ability|p2a: Wo-Chien|Tablets of Ruin\n|move|p1a: Amoonguss|Protect|p1a: Amoonguss\n|-singleturn|p1a: Amoonguss|Protect\n|move|p1b: Great Tusk|Earthquake|p2b: Garchomp|[spread] p2a,p2b\n|-activate|p1a: Amoonguss|move: Protect\n|-resisted|p2a: Wo-Chien\n|-damage|p2a: Wo-Chien|34\/100\n|-damage|p2b: Garchomp|73\/100\n|\n|-damage|p1a: Amoonguss|24\/100 brn|[from] brn\n|upkeep\n|turn|6\n|inactive|idususjsua has 30 seconds left.\n|\n|t:|1682378692\n|-end|p1b: Great Tusk|Protosynthesis|[silent]\n|switch|p1b: Iron Hands|Iron Hands, L50|94\/100\n|switch|p2a: Gholdengo|Gholdengo, L50|100\/100\n|move|p2b: Garchomp|Dragon Claw|p1b: Iron Hands\n|-crit|p1b: Iron Hands\n|-damage|p1b: Iron Hands|44\/100\n|-damage|p2b: Garchomp|64\/100|[from] item: Life Orb\n|move|p1a: Amoonguss|Pollen Puff|p2a: Gholdengo\n|-resisted|p2a: Gholdengo\n|-damage|p2a: Gholdengo|96\/100\n|\n|-damage|p1a: Amoonguss|18\/100 brn|[from] brn\n|upkeep\n|turn|7\n|\n|t:|1682378716\n|move|p2b: Garchomp|Protect|p2b: Garchomp\n|-singleturn|p2b: Garchomp|Protect\n|move|p1b: Iron Hands|Fake Out|p2b: Garchomp\n|-activate|p2b: Garchomp|move: Protect\n|move|p2a: Gholdengo|Make It Rain|p1b: Iron Hands|[spread] p1a,p1b\n|-resisted|p1b: Iron Hands\n|-damage|p1a: Amoonguss|0 fnt\n|-damage|p1b: Iron Hands|29\/100\n|-unboost|p2a: Gholdengo|spa|1\n|faint|p1a: Amoonguss\n|\n|upkeep\n|\n|t:|1682378725\n|switch|p1a: Great Tusk|Great Tusk, L50|100\/100\n|turn|8\n|inactive|idususjsua has 30 seconds left.\n|inactive|idolhunter28273 has 30 seconds left.\n|\n|t:|1682378755\n|switch|p2b: Wo-Chien|Wo-Chien, L50|34\/100\n|-ability|p2b: Wo-Chien|Tablets of Ruin\n|switch|p2a: Rotom|Rotom-Wash, L50|14\/100\n|move|p1a: Great Tusk|Headlong Rush|p2a: Rotom\n|-immune|p2a: Rotom|[from] ability: Levitate\n|move|p1b: Iron Hands|Drain Punch|p2b: Wo-Chien\n|-supereffective|p2b: Wo-Chien\n|-damage|p2b: Wo-Chien|0 fnt\n|-heal|p1b: Iron Hands|41\/100|[from] drain|[of] p2b: Wo-Chien\n|faint|p2b: Wo-Chien\n|\n|-heal|p2a: Rotom|20\/100|[from] item: Leftovers\n|upkeep\n|\n|t:|1682378769\n|switch|p2b: Garchomp|Garchomp, L50, F|64\/100\n|turn|9\n|\n|t:|1682378783\n|move|p2b: Garchomp|Protect|p2b: Garchomp\n|-singleturn|p2b: Garchomp|Protect\n|move|p1a: Great Tusk|Headlong Rush|p2b: Garchomp\n|-activate|p2b: Garchomp|move: Protect\n|move|p2a: Rotom|Will-O-Wisp|p1a: Great Tusk\n|-status|p1a: Great Tusk|brn\n|move|p1b: Iron Hands|Drain Punch|p2a: Rotom\n|-damage|p2a: Rotom|0 fnt\n|-heal|p1b: Iron Hands|47\/100|[from] drain|[of] p2a: Rotom\n|faint|p2a: Rotom\n|\n|-damage|p1a: Great Tusk|95\/100 brn|[from] brn\n|upkeep\n|\n|t:|1682378793\n|switch|p2a: Gholdengo|Gholdengo, L50|96\/100\n|turn|10\n|\n|t:|1682378804\n|-terastallize|p2a: Gholdengo|Water\n|move|p1a: Great Tusk|Headlong Rush|p2a: Gholdengo\n|-damage|p2a: Gholdengo|64\/100\n|-unboost|p1a: Great Tusk|def|1\n|-unboost|p1a: Great Tusk|spd|1\n|move|p2b: Garchomp|Stomping Tantrum|p1b: Iron Hands\n|-supereffective|p1b: Iron Hands\n|-damage|p1b: Iron Hands|0 fnt\n|faint|p1b: Iron Hands\n|-end|p1b: Iron Hands|Quark Drive|[silent]\n|-damage|p2b: Garchomp|54\/100|[from] item: Life Orb\n|move|p2a: Gholdengo|Shadow Ball|p1a: Great Tusk\n|-damage|p1a: Great Tusk|0 fnt\n|faint|p1a: Great Tusk\n|-end|p1a: Great Tusk|Protosynthesis|[silent]\n|\n|win|idolhunter28273\n|raw|idususjsua's rating: 1264 → 1245<\/strong> (-19 for losing)\n|raw|idolhunter28273's rating: 1345 → 1360<\/strong> (+15 for winning)\n","uploadtime":1682378819,"views":13,"p1id":"idususjsua","p2id":"idolhunter28273","formatid":"gen9vgc2023regulationc","rating":1245,"private":0,"password":""}