{"id":"gen9vgc2023regulationc-1851611886","p1":"silencio nb","p2":"MigraineMan","format":"[Gen 9] VGC 2023 Regulation C","log":"|j|\u2606silencio nb\n|j|\u2606MigraineMan\n|t:|1682461112\n|gametype|doubles\n|player|p1|silencio nb|cynthia-gen4|1225\n|player|p2|MigraineMan|1|1343\n|teamsize|p1|6\n|teamsize|p2|6\n|gen|9\n|tier|[Gen 9] VGC 2023 Regulation C\n|rated|\n|rule|Species Clause: Limit one of each Pok\u00e9mon\n|rule|Item Clause: Limit one of each item\n|clearpoke\n|poke|p1|Lilligant, L50, F|\n|poke|p1|Torkoal, L50, M|\n|poke|p1|Flutter Mane, L50|\n|poke|p1|Great Tusk, L50|\n|poke|p1|Dragonite, L50, F|\n|poke|p1|Chien-Pao, L50|\n|poke|p2|Espathra, L50, M|\n|poke|p2|Sandy Shocks, L50|\n|poke|p2|Slaking, L50, M|\n|poke|p2|Chi-Yu, L50|\n|poke|p2|Hawlucha, L50, F|\n|poke|p2|Dragapult, L50, M|\n|teampreview|4\n|\n|t:|1682461157\n|start\n|switch|p1a: Torkoal|Torkoal, L50, M|100\/100\n|switch|p1b: Lilligant|Lilligant, L50, F|100\/100\n|switch|p2a: Hawlucha|Hawlucha, L50, F|100\/100\n|switch|p2b: Sandy Shocks|Sandy Shocks, L50|100\/100\n|-weather|SunnyDay|[from] ability: Drought|[of] p1a: Torkoal\n|-activate|p2b: Sandy Shocks|ability: Protosynthesis\n|-start|p2b: Sandy Shocks|protosynthesisspe\n|turn|1\n|\n|t:|1682461168\n|-terastallize|p1a: Torkoal|Fire\n|move|p2b: Sandy Shocks|Protect|p2b: Sandy Shocks\n|-singleturn|p2b: Sandy Shocks|Protect\n|move|p2a: Hawlucha|Endure|p2a: Hawlucha\n|-singleturn|p2a: Hawlucha|move: Endure\n|move|p1b: Lilligant|After You|p1a: Torkoal\n|-activate|p1a: Torkoal|move: After You\n|move|p1a: Torkoal|Eruption|p2b: Sandy Shocks|[spread] p2a\n|-activate|p2b: Sandy Shocks|move: Protect\n|-activate|p2a: Hawlucha|move: Endure\n|-damage|p2a: Hawlucha|1\/100\n|-enditem|p2a: Hawlucha|Liechi Berry|[eat]\n|-boost|p2a: Hawlucha|atk|1|[from] item: Liechi Berry\n|\n|-weather|SunnyDay|[upkeep]\n|upkeep\n|turn|2\n|\n|t:|1682461196\n|move|p2a: Hawlucha|Acrobatics|p1b: Lilligant\n|-supereffective|p1b: Lilligant\n|-damage|p1b: Lilligant|0 fnt\n|faint|p1b: Lilligant\n|move|p2b: Sandy Shocks|Earth Power|p1a: Torkoal\n|-supereffective|p1a: Torkoal\n|-damage|p1a: Torkoal|0 fnt\n|faint|p1a: Torkoal\n|\n|-weather|SunnyDay|[upkeep]\n|upkeep\n|\n|t:|1682461213\n|switch|p1b: Great Tusk|Great Tusk, L50|100\/100\n|switch|p1a: Flutter Mane|Flutter Mane, L50|100\/100\n|-activate|p1b: Great Tusk|ability: Protosynthesis\n|-start|p1b: Great Tusk|protosynthesisatk\n|-activate|p1a: Flutter Mane|ability: Protosynthesis\n|-start|p1a: Flutter Mane|protosynthesisspe\n|turn|3\n|\n|t:|1682461252\n|move|p2a: Hawlucha|Endure|p2a: Hawlucha\n|-singleturn|p2a: Hawlucha|move: Endure\n|move|p2b: Sandy Shocks|Protect|p2b: Sandy Shocks\n|-singleturn|p2b: Sandy Shocks|Protect\n|move|p1a: Flutter Mane|Moonblast|p2a: Hawlucha\n|-supereffective|p2a: Hawlucha\n|-activate|p2a: Hawlucha|move: Endure\n|-damage|p2a: Hawlucha|1\/100\n|-unboost|p2a: Hawlucha|spa|1\n|move|p1b: Great Tusk|Headlong Rush|p2b: Sandy Shocks\n|-activate|p2b: Sandy Shocks|move: Protect\n|\n|-weather|SunnyDay|[upkeep]\n|upkeep\n|turn|4\n|\n|t:|1682461283\n|move|p2a: Hawlucha|Acrobatics|p1b: Great Tusk\n|-supereffective|p1b: Great Tusk\n|-damage|p1b: Great Tusk|0 fnt\n|faint|p1b: Great Tusk\n|-end|p1b: Great Tusk|Protosynthesis|[silent]\n|move|p1a: Flutter Mane|Moonblast|p2a: Hawlucha\n|-supereffective|p2a: Hawlucha\n|-damage|p2a: Hawlucha|0 fnt\n|faint|p2a: Hawlucha\n|move|p2b: Sandy Shocks|Earth Power|p1a: Flutter Mane\n|-damage|p1a: Flutter Mane|56\/100\n|\n|-weather|SunnyDay|[upkeep]\n|upkeep\n|\n|t:|1682461289\n|switch|p2a: Espathra|Espathra, L50, M, shiny|100\/100\n|turn|5\n|\n|t:|1682461297\n|-end|p2b: Sandy Shocks|Protosynthesis|[silent]\n|switch|p2b: Slaking|Slaking, L50, M, shiny|100\/100\n|move|p1a: Flutter Mane|Moonblast|p2b: Slaking\n|-damage|p2b: Slaking|25\/100\n|-enditem|p2b: Slaking|Sitrus Berry|[eat]\n|-heal|p2b: Slaking|50\/100|[from] item: Sitrus Berry\n|move|p2a: Espathra|Skill Swap|p2b: Slaking\n|-activate|p2a: Espathra|move: Skill Swap|||[of] p2b: Slaking\n|\n|-weather|none\n|-end|p1a: Flutter Mane|Protosynthesis\n|upkeep\n|turn|6\n|\n|t:|1682461309\n|move|p2b: Slaking|Protect|p2b: Slaking\n|-singleturn|p2b: Slaking|Protect\n|move|p1a: Flutter Mane|Moonblast|p2b: Slaking\n|-activate|p2b: Slaking|move: Protect\n|cant|p2a: Espathra|ability: Truant\n|\n|-ability|p2b: Slaking|Speed Boost|boost\n|-boost|p2b: Slaking|spe|1\n|upkeep\n|turn|7\n|\n|t:|1682461322\n|move|p2b: Slaking|Heavy Slam|p1a: Flutter Mane\n|-supereffective|p1a: Flutter Mane\n|-damage|p1a: Flutter Mane|0 fnt\n|faint|p1a: Flutter Mane\n|-end|p1a: Flutter Mane|Protosynthesis|[silent]\n|\n|win|MigraineMan\n|raw|silencio nb's rating: 1225 → 1208<\/strong> (-17 for losing)\n|raw|MigraineMan's rating: 1343 → 1356<\/strong> (+13 for winning)\n","uploadtime":1682461325,"views":12,"p1id":"silencionb","p2id":"migraineman","formatid":"gen9vgc2023regulationc","rating":1208,"private":0,"password":""}