{"id":"gen9vgc2023regulationc-1864109738","p1":"jdubs4lief","p2":"Mast3rCruz","format":"[Gen 9] VGC 2023 Regulation C","log":"|j|\u2606jdubs4lief\n|j|\u2606Mast3rCruz\n|t:|1684118768\n|gametype|doubles\n|player|p1|jdubs4lief|2|1050\n|player|p2|Mast3rCruz|dragontamer|1083\n|teamsize|p1|6\n|teamsize|p2|6\n|gen|9\n|tier|[Gen 9] VGC 2023 Regulation C\n|rated|\n|rule|Species Clause: Limit one of each Pok\u00e9mon\n|rule|Item Clause: Limit one of each item\n|clearpoke\n|poke|p1|Rabsca, L50, M|\n|poke|p1|Garchomp, L50, F|\n|poke|p1|Kingambit, L50, F|\n|poke|p1|Annihilape, L50, M|\n|poke|p1|Gholdengo, L50|\n|poke|p1|Pawmot, L50, M|\n|poke|p2|Amoonguss, L50, M|\n|poke|p2|Armarouge, L50, F|\n|poke|p2|Gyarados, L50, M|\n|poke|p2|Hydreigon, L50, F|\n|poke|p2|Iron Hands, L50|\n|poke|p2|Iron Treads, L50|\n|teampreview|4\n|\n|t:|1684118804\n|start\n|switch|p1a: Annihilape|Annihilape, L50, M|100\/100\n|switch|p1b: Garchomp|Garchomp, L50, F|100\/100\n|switch|p2a: Gott Mit Uns|Hydreigon, L50, F|100\/100\n|switch|p2b: Bismarck|Gyarados, L50, M|100\/100\n|-ability|p2b: Bismarck|Intimidate|boost\n|-unboost|p1a: Annihilape|atk|1\n|-unboost|p1b: Garchomp|atk|1\n|turn|1\n|\n|t:|1684118841\n|switch|p1b: Gholdengo|Gholdengo, L50|100\/100\n|-terastallize|p2a: Gott Mit Uns|Ghost\n|move|p1a: Annihilape|Close Combat|p2a: Gott Mit Uns\n|-immune|p2a: Gott Mit Uns\n|move|p2a: Gott Mit Uns|Dark Pulse|p1a: Annihilape\n|-damage|p1a: Annihilape|30\/100\n|move|p2b: Bismarck|Dragon Dance|p2b: Bismarck\n|-boost|p2b: Bismarck|atk|1\n|-boost|p2b: Bismarck|spe|1\n|\n|upkeep\n|turn|2\n|\n|t:|1684118865\n|switch|p1a: Garchomp|Garchomp, L50, F|100\/100\n|move|p2b: Bismarck|Waterfall|p1b: Gholdengo\n|-damage|p1b: Gholdengo|31\/100\n|move|p1b: Gholdengo|Shadow Ball|p2a: Gott Mit Uns\n|-supereffective|p2a: Gott Mit Uns\n|-damage|p2a: Gott Mit Uns|1\/100\n|-heal|p1b: Gholdengo|44\/100|[from] item: Shell Bell|[of] p2a: Gott Mit Uns\n|move|p2a: Gott Mit Uns|Dark Pulse|p1a: Garchomp\n|-damage|p1a: Garchomp|28\/100\n|\n|upkeep\n|turn|3\n|\n|t:|1684118884\n|move|p2b: Bismarck|Waterfall|p1b: Gholdengo\n|-damage|p1b: Gholdengo|0 fnt\n|faint|p1b: Gholdengo\n|move|p1a: Garchomp|Outrage|p2b: Bismarck\n|-damage|p2b: Bismarck|0 fnt\n|faint|p2b: Bismarck\n|move|p2a: Gott Mit Uns|Dark Pulse|p1a: Garchomp\n|-damage|p1a: Garchomp|0 fnt\n|faint|p1a: Garchomp\n|\n|upkeep\n|\n|t:|1684118899\n|switch|p1a: Rabsca|Rabsca, L50, M|100\/100\n|switch|p1b: Annihilape|Annihilape, L50, M|30\/100\n|switch|p2b: Midway|Amoonguss, L50, M|100\/100\n|turn|4\n|\n|t:|1684118910\n|move|p2b: Midway|Rage Powder|p2b: Midway\n|-singleturn|p2b: Midway|move: Rage Powder\n|move|p1b: Annihilape|U-turn|p2b: Midway\n|-damage|p2b: Midway|84\/100\n|move|p2a: Gott Mit Uns|Dark Pulse|p1b: Annihilape\n|-damage|p1b: Annihilape|0 fnt\n|faint|p1b: Annihilape\n|move|p1a: Rabsca|Revival Blessing|p1a: Rabsca\n|\n|t:|1684118925\n|-heal|p1: Garchomp|50\/100|[from] move: Revival Blessing\n|\n|upkeep\n|\n|t:|1684118928\n|switch|p1b: Garchomp|Garchomp, L50, F|50\/100\n|turn|5\n|\n|t:|1684118939\n|move|p2b: Midway|Rage Powder|p2b: Midway\n|-singleturn|p2b: Midway|move: Rage Powder\n|move|p1b: Garchomp|Earthquake|p2a: Gott Mit Uns|[spread] p2b\n|-activate|p1a: Rabsca|ability: Telepathy\n|-immune|p2a: Gott Mit Uns|[from] ability: Levitate\n|-damage|p2b: Midway|32\/100\n|-enditem|p2b: Midway|Sitrus Berry|[eat]\n|-heal|p2b: Midway|57\/100|[from] item: Sitrus Berry\n|move|p2a: Gott Mit Uns|Dark Pulse|p1b: Garchomp\n|-damage|p1b: Garchomp|0 fnt\n|faint|p1b: Garchomp\n|move|p1a: Rabsca|Rest|p1a: Rabsca\n|-fail|p1a: Rabsca|heal\n|\n|upkeep\n|turn|6\n|\n|t:|1684118962\n|move|p2a: Gott Mit Uns|Dark Pulse|p1a: Rabsca\n|-supereffective|p1a: Rabsca\n|-damage|p1a: Rabsca|0 fnt\n|faint|p1a: Rabsca\n|\n|win|Mast3rCruz\n|raw|jdubs4lief's rating: 1050 → 1034<\/strong> (-16 for losing)\n|raw|Mast3rCruz's rating: 1083 → 1108<\/strong> (+25 for winning)\n|l|\u2606jdubs4lief\n","uploadtime":1684118972,"views":8,"p1id":"jdubs4lief","p2id":"mast3rcruz","formatid":"gen9vgc2023regulationc","rating":1034,"private":0,"password":""}