{"id":"gen9vgc2023regulationc-1856389019","p1":"Topical Rainstorm","p2":"Shadow Hippie","format":"[Gen 9] VGC 2023 Regulation C","log":"|j|\u2606Topical Rainstorm\n|j|\u2606Shadow Hippie\n|t:|1683056746\n|gametype|doubles\n|player|p1|Topical Rainstorm|zinzolin|1084\n|player|p2|Shadow Hippie|burglar|1089\n|teamsize|p1|6\n|teamsize|p2|6\n|gen|9\n|tier|[Gen 9] VGC 2023 Regulation C\n|rated|\n|rule|Species Clause: Limit one of each Pok\u00e9mon\n|rule|Item Clause: Limit one of each item\n|clearpoke\n|poke|p1|Palafin, L50, M|\n|poke|p1|Tatsugiri-Stretchy, L50, M|\n|poke|p1|Iron Bundle, L50|\n|poke|p1|Arcanine, L50, M|\n|poke|p1|Amoonguss, L50, F|\n|poke|p1|Flutter Mane, L50|\n|poke|p2|Garganacl, L50, F|\n|poke|p2|Chi-Yu, L50|\n|poke|p2|Tyranitar, L50, F|\n|poke|p2|Dachsbun, L50, M|\n|poke|p2|Houndstone, L50, M|\n|poke|p2|Hippowdon, L50, F|\n|teampreview|4\n|inactive|Battle timer is ON: inactive players will automatically lose when time's up. (requested by Topical Rainstorm)\nTopical Rainstorm has agreed to open team sheets.\n|inactive|Topical Rainstorm has 60 seconds left.\n|inactive|Shadow Hippie has 60 seconds left.\n|inactive|Topical Rainstorm has 30 seconds left.\n|inactive|Topical Rainstorm has 20 seconds left.\n|\n|t:|1683056818\n|start\n|switch|p1a: Iron Bundle|Iron Bundle, L50|100\/100\n|switch|p1b: Tatsugiri|Tatsugiri-Stretchy, L50, M|100\/100\n|switch|p2a: Chi-Yu|Chi-Yu, L50|100\/100\n|switch|p2b: Dachsbun|Dachsbun, L50, M|100\/100\n|-ability|p2a: Chi-Yu|Beads of Ruin\n|-enditem|p1a: Iron Bundle|Booster Energy\n|-activate|p1a: Iron Bundle|ability: Quark Drive|[fromitem]\n|-start|p1a: Iron Bundle|quarkdrivespe\n|turn|1\n|\n|t:|1683056841\n|-terastallize|p1a: Iron Bundle|Steel\n|move|p1a: Iron Bundle|Tera Blast|p2b: Dachsbun\n|-supereffective|p2b: Dachsbun\n|-damage|p2b: Dachsbun|0 fnt\n|faint|p2b: Dachsbun\n|move|p2a: Chi-Yu|Lava Plume|p1a: Iron Bundle|[spread] p1a,p1b\n|-supereffective|p1a: Iron Bundle\n|-crit|p1a: Iron Bundle\n|-resisted|p1b: Tatsugiri\n|-damage|p1a: Iron Bundle|0 fnt\n|-damage|p1b: Tatsugiri|86\/100\n|faint|p1a: Iron Bundle\n|-end|p1a: Iron Bundle|Quark Drive|[silent]\n|move|p1b: Tatsugiri|Muddy Water|p2a: Chi-Yu\n|-supereffective|p2a: Chi-Yu\n|-damage|p2a: Chi-Yu|0 fnt\n|faint|p2a: Chi-Yu\n|\n|upkeep\n|\n|t:|1683056859\n|switch|p1a: Amoonguss|Amoonguss, L50, F, shiny|100\/100\n|switch|p2a: Garganacl|Garganacl, L50, F|100\/100\n|switch|p2b: Hippowdon|Hippowdon, L50, F|100\/100\n|-weather|Sandstorm|[from] ability: Sand Stream|[of] p2b: Hippowdon\n|turn|2\n|\n|t:|1683056875\n|move|p2a: Garganacl|Wide Guard|p2a: Garganacl\n|-singleturn|p2a: Garganacl|Wide Guard\n|move|p1b: Tatsugiri|Nasty Plot|p1b: Tatsugiri\n|-boost|p1b: Tatsugiri|spa|2\n|move|p2b: Hippowdon|Sand Tomb|p1b: Tatsugiri|[miss]\n|-miss|p2b: Hippowdon|p1b: Tatsugiri\n|move|p1a: Amoonguss|Pollen Puff|p1b: Tatsugiri\n|-heal|p1b: Tatsugiri|100\/100\n|\n|-weather|Sandstorm|[upkeep]\n|-damage|p1b: Tatsugiri|95\/100|[from] Sandstorm\n|-damage|p1a: Amoonguss|95\/100|[from] Sandstorm\n|upkeep\n|turn|3\n|inactive|Shadow Hippie has 30 seconds left.\n|\n|t:|1683056900\n|move|p2b: Hippowdon|Protect|p2b: Hippowdon\n|-singleturn|p2b: Hippowdon|Protect\n|move|p1a: Amoonguss|Rage Powder|p1a: Amoonguss\n|-singleturn|p1a: Amoonguss|move: Rage Powder\n|move|p1b: Tatsugiri|Muddy Water|p2b: Hippowdon|[spread] p2a\n|-activate|p2b: Hippowdon|move: Protect\n|-supereffective|p2a: Garganacl\n|-damage|p2a: Garganacl|25\/100\n|-unboost|p2a: Garganacl|accuracy|1\n|move|p2a: Garganacl|Salt Cure|p1a: Amoonguss\n|-damage|p1a: Amoonguss|79\/100\n|-start|p1a: Amoonguss|Salt Cure\n|\n|-weather|Sandstorm|[upkeep]\n|-damage|p1b: Tatsugiri|89\/100|[from] Sandstorm\n|-damage|p1a: Amoonguss|73\/100|[from] Sandstorm\n|-heal|p2a: Garganacl|31\/100|[from] item: Leftovers\n|-damage|p1a: Amoonguss|61\/100|[from] Salt Cure\n|upkeep\n|turn|4\n|\n|t:|1683056922\n|move|p2a: Garganacl|Wide Guard|p2a: Garganacl\n|-singleturn|p2a: Garganacl|Wide Guard\n|move|p1a: Amoonguss|Rage Powder|p1a: Amoonguss\n|-singleturn|p1a: Amoonguss|move: Rage Powder\n|move|p1b: Tatsugiri|Muddy Water|p2a: Garganacl|[spread] \n|-activate|p2a: Garganacl|move: Wide Guard\n|-activate|p2b: Hippowdon|move: Wide Guard\n|move|p2b: Hippowdon|Yawn|p1a: Amoonguss\n|-start|p1a: Amoonguss|move: Yawn|[of] p2b: Hippowdon\n|\n|-weather|Sandstorm|[upkeep]\n|-damage|p1b: Tatsugiri|84\/100|[from] Sandstorm\n|-damage|p1a: Amoonguss|55\/100|[from] Sandstorm\n|-heal|p2a: Garganacl|37\/100|[from] item: Leftovers\n|-damage|p1a: Amoonguss|43\/100|[from] Salt Cure\n|upkeep\n|turn|5\n|inactive|Shadow Hippie has 30 seconds left.\n|\n|t:|1683056955\n|-terastallize|p2b: Hippowdon|Grass\n|move|p1a: Amoonguss|Rage Powder|p1a: Amoonguss\n|-singleturn|p1a: Amoonguss|move: Rage Powder\n|move|p1b: Tatsugiri|Draco Meteor|p2b: Hippowdon\n|-damage|p2b: Hippowdon|0 fnt\n|-unboost|p1b: Tatsugiri|spa|2\n|faint|p2b: Hippowdon\n|move|p2a: Garganacl|Recover|p2a: Garganacl\n|-heal|p2a: Garganacl|87\/100\n|\n|-weather|Sandstorm|[upkeep]\n|-damage|p1b: Tatsugiri|78\/100|[from] Sandstorm\n|-damage|p1a: Amoonguss|37\/100|[from] Sandstorm\n|-heal|p2a: Garganacl|93\/100|[from] item: Leftovers\n|-damage|p1a: Amoonguss|25\/100|[from] Salt Cure\n|-end|p1a: Amoonguss|move: Yawn|[silent]\n|-status|p1a: Amoonguss|slp\n|upkeep\n|-enditem|p1a: Amoonguss|Wiki Berry|[eat]\n|-heal|p1a: Amoonguss|58\/100 slp|[from] item: Wiki Berry\n|turn|6\n|\n|t:|1683056974\n|cant|p1a: Amoonguss|slp\n|move|p1b: Tatsugiri|Muddy Water|p2a: Garganacl\n|-supereffective|p2a: Garganacl\n|-damage|p2a: Garganacl|45\/100\n|-unboost|p2a: Garganacl|accuracy|1\n|move|p2a: Garganacl|Salt Cure|p1b: Tatsugiri|[miss]\n|-miss|p2a: Garganacl|p1b: Tatsugiri\n|\n|-weather|none\n|-heal|p2a: Garganacl|50\/100|[from] item: Leftovers\n|-damage|p1a: Amoonguss|46\/100 slp|[from] Salt Cure\n|upkeep\n|turn|7\n|\n|t:|1683056986\n|cant|p1a: Amoonguss|slp\n|move|p1b: Tatsugiri|Muddy Water|p2a: Garganacl\n|-supereffective|p2a: Garganacl\n|-damage|p2a: Garganacl|0 fnt\n|faint|p2a: Garganacl\n|\n|win|Topical Rainstorm\n|raw|Topical Rainstorm's rating: 1084 → 1112<\/strong> (+28 for winning)\n|raw|Shadow Hippie's rating: 1089 → 1065<\/strong> (-24 for losing)\n|l|\u2606Shadow Hippie\n","uploadtime":1683056994,"views":10,"p1id":"topicalrainstorm","p2id":"shadowhippie","formatid":"gen9vgc2023regulationc","rating":1065,"private":0,"password":""}