{"id":"gen9vgc2023regulationc-1855165977","p1":"liiixk","p2":"rose_zkldin","format":"[Gen 9] VGC 2023 Regulation C","log":"|j|\u2606liiixk\n|j|\u2606rose_zkldin\n|t:|1682909422\n|gametype|doubles\n|player|p1|liiixk|leaf-masters|1000\n|player|p2|rose_zkldin|cynthia-gen4|1000\n|teamsize|p1|6\n|teamsize|p2|4\n|gen|9\n|tier|[Gen 9] VGC 2023 Regulation C\n|rated|\n|rule|Species Clause: Limit one of each Pok\u00e9mon\n|rule|Item Clause: Limit one of each item\n|clearpoke\n|poke|p1|Ceruledge, L50, F|\n|poke|p1|Brute Bonnet, L50|\n|poke|p1|Azumarill, L50, F|\n|poke|p1|Flutter Mane, L50|\n|poke|p1|Tyranitar, L50, F|\n|poke|p1|Talonflame, L50, F|\n|poke|p2|Krookodile, L50, M|\n|poke|p2|Meowscarada, L50, F|\n|poke|p2|Dragapult, L50, M|\n|poke|p2|Azumarill, L50, M|\n|teampreview|4\n|inactive|Battle timer is ON: inactive players will automatically lose when time's up. (requested by rose_zkldin)\n|\n|t:|1682909440\n|start\n|switch|p1a: Ceruledge|Ceruledge, L50, F|100\/100\n|switch|p1b: Brute Bonnet|Brute Bonnet, L50|100\/100\n|switch|p2a: Meowscarada|Meowscarada, L50, F|100\/100\n|switch|p2b: Krookodile|Krookodile, L50, M|100\/100\n|turn|1\n|inactive|liiixk has 30 seconds left.\n|inactive|liiixk has 20 seconds left.\n|\n|t:|1682909478\n|switch|p2b: Dragapult|Dragapult, L50, M|100\/100\n|move|p2a: Meowscarada|Knock Off|p1a: Ceruledge\n|-start|p2a: Meowscarada|typechange|Dark|[from] ability: Protean\n|-supereffective|p1a: Ceruledge\n|-damage|p1a: Ceruledge|0 fnt\n|-enditem|p1a: Ceruledge|Clear Amulet|[from] move: Knock Off|[of] p2a: Meowscarada\n|faint|p1a: Ceruledge\n|move|p1b: Brute Bonnet|Pollen Puff|p1: Ceruledge|[notarget]\n|-fail|p1b: Brute Bonnet\n|\n|upkeep\n|\n|t:|1682909492\n|switch|p1a: Tyranitar|Tyranitar, L50, F|100\/100\n|-weather|Sandstorm|[from] ability: Sand Stream|[of] p1a: Tyranitar\n|turn|2\n|inactive|rose_zkldin has 30 seconds left.\n|\n|t:|1682909517\n|move|p2a: Meowscarada|Knock Off|p1b: Brute Bonnet\n|-resisted|p1b: Brute Bonnet\n|-damage|p1b: Brute Bonnet|84\/100\n|-enditem|p1b: Brute Bonnet|Sitrus Berry|[from] move: Knock Off|[of] p2a: Meowscarada\n|move|p2b: Dragapult|Reflect|p2b: Dragapult\n|-sidestart|p2: rose_zkldin|Reflect\n|move|p1a: Tyranitar|Earthquake|p2a: Meowscarada|[spread] p1b,p2a,p2b\n|-resisted|p1b: Brute Bonnet\n|-damage|p1b: Brute Bonnet|67\/100\n|-damage|p2a: Meowscarada|57\/100\n|-damage|p2b: Dragapult|66\/100\n|move|p1b: Brute Bonnet|Spore|p2b: Dragapult\n|-status|p2b: Dragapult|slp|[from] move: Spore\n|\n|-weather|Sandstorm|[upkeep]\n|-damage|p2a: Meowscarada|51\/100|[from] Sandstorm\n|-damage|p2b: Dragapult|60\/100 slp|[from] Sandstorm\n|-damage|p1b: Brute Bonnet|62\/100|[from] Sandstorm\n|upkeep\n|turn|3\n|\n|t:|1682909538\n|switch|p2a: Azumarill|Azumarill, L50, M|100\/100\n|switch|p2b: Krookodile|Krookodile, L50, M|100\/100\n|move|p1b: Brute Bonnet|Rage Powder|p1b: Brute Bonnet\n|-singleturn|p1b: Brute Bonnet|move: Rage Powder\n|move|p1a: Tyranitar|Earthquake|p2b: Krookodile|[spread] p1b,p2a,p2b\n|-resisted|p1b: Brute Bonnet\n|-crit|p2b: Krookodile\n|-damage|p1b: Brute Bonnet|44\/100\n|-damage|p2a: Azumarill|71\/100\n|-damage|p2b: Krookodile|17\/100\n|-setboost|p2b: Krookodile|atk|6|[from] ability: Anger Point\n|-enditem|p2b: Krookodile|Salac Berry|[eat]\n|-boost|p2b: Krookodile|spe|1|[from] item: Salac Berry\n|\n|-weather|Sandstorm|[upkeep]\n|-damage|p1b: Brute Bonnet|38\/100|[from] Sandstorm\n|-damage|p2a: Azumarill|65\/100|[from] Sandstorm\n|upkeep\n|turn|4\n|inactive|liiixk has 30 seconds left.\n|inactive|rose_zkldin has 30 seconds left.\n|\n|t:|1682909565\n|-terastallize|p2b: Krookodile|Ground\n|move|p2a: Azumarill|Protect|p2a: Azumarill\n|-singleturn|p2a: Azumarill|Protect\n|move|p1b: Brute Bonnet|Sucker Punch|p2b: Krookodile\n|-damage|p2b: Krookodile|0 fnt\n|faint|p2b: Krookodile\n|move|p1a: Tyranitar|Earthquake|p2a: Azumarill|[spread] p1b\n|-activate|p2a: Azumarill|move: Protect\n|-resisted|p1b: Brute Bonnet\n|-crit|p1b: Brute Bonnet\n|-damage|p1b: Brute Bonnet|11\/100\n|\n|-weather|Sandstorm|[upkeep]\n|-damage|p1b: Brute Bonnet|5\/100|[from] Sandstorm\n|-damage|p2a: Azumarill|59\/100|[from] Sandstorm\n|upkeep\n|\n|t:|1682909584\n|switch|p2b: Meowscarada|Meowscarada, L50, F|51\/100\n|turn|5\n|\n|t:|1682909596\n|move|p2a: Azumarill|Aqua Jet|p1b: Brute Bonnet\n|-resisted|p1b: Brute Bonnet\n|-crit|p1b: Brute Bonnet\n|-damage|p1b: Brute Bonnet|0 fnt\n|faint|p1b: Brute Bonnet\n|-end|p1b: Brute Bonnet|Protosynthesis|[silent]\n|move|p2b: Meowscarada|Flower Trick|p1a: Tyranitar\n|-start|p2b: Meowscarada|typechange|Grass|[from] ability: Protean\n|-supereffective|p1a: Tyranitar\n|-crit|p1a: Tyranitar\n|-damage|p1a: Tyranitar|13\/100\n|move|p1a: Tyranitar|Earthquake|p2b: Meowscarada|[spread] p2a,p2b\n|-resisted|p2b: Meowscarada\n|-damage|p2a: Azumarill|30\/100\n|-damage|p2b: Meowscarada|30\/100\n|-enditem|p2a: Azumarill|Sitrus Berry|[eat]\n|-heal|p2a: Azumarill|55\/100|[from] item: Sitrus Berry\n|\n|-weather|Sandstorm|[upkeep]\n|-damage|p2b: Meowscarada|24\/100|[from] Sandstorm\n|-damage|p2a: Azumarill|49\/100|[from] Sandstorm\n|upkeep\n|\n|t:|1682909612\n|switch|p1b: Talonflame|Talonflame, L50, F|100\/100\n|turn|6\n|\n|t:|1682909629\n|move|p1b: Talonflame|Tailwind|p1b: Talonflame\n|-sidestart|p1: liiixk|move: Tailwind\n|move|p2a: Azumarill|Aqua Jet|p1b: Talonflame\n|-supereffective|p1b: Talonflame\n|-damage|p1b: Talonflame|61\/100\n|move|p2b: Meowscarada|Flower Trick|p1a: Tyranitar\n|-supereffective|p1a: Tyranitar\n|-crit|p1a: Tyranitar\n|-damage|p1a: Tyranitar|0 fnt\n|faint|p1a: Tyranitar\n|\n|-weather|none\n|upkeep\n|turn|7\n|\n|t:|1682909645\n|move|p2a: Azumarill|Aqua Jet|p1b: Talonflame\n|-supereffective|p1b: Talonflame\n|-damage|p1b: Talonflame|29\/100\n|move|p1b: Talonflame|Brave Bird|p2b: Meowscarada\n|-supereffective|p2b: Meowscarada\n|-crit|p2b: Meowscarada\n|-damage|p2b: Meowscarada|0 fnt\n|faint|p2b: Meowscarada\n|-damage|p1b: Talonflame|21\/100|[from] Recoil\n|\n|upkeep\n|\n|t:|1682909655\n|switch|p2b: Dragapult|Dragapult, L50, M|60\/100 slp\n|turn|8\n|\n|t:|1682909667\n|cant|p2b: Dragapult|slp\n|move|p2a: Azumarill|Aqua Jet|p1b: Talonflame\n|-supereffective|p1b: Talonflame\n|-damage|p1b: Talonflame|0 fnt\n|faint|p1b: Talonflame\n|\n|win|rose_zkldin\n|raw|liiixk's rating: 1000 → 1000<\/strong> (+0 for losing)\n|raw|rose_zkldin's rating: 1000 → 1040<\/strong> (+40 for winning)\n","uploadtime":1682909674,"views":13,"p1id":"liiixk","p2id":"rosezkldin","formatid":"gen9vgc2023regulationc","rating":1000,"private":0,"password":""}