{"id":"gen9vgc2023regulationc-1860156931","p1":"valhala alfa","p2":"BlnglF","format":"[Gen 9] VGC 2023 Regulation C","log":"|j|\u2606valhala alfa\n|j|\u2606BlnglF\n|t:|1683602301\n|gametype|doubles\n|player|p1|valhala alfa|266|1367\n|player|p2|BlnglF|1|1338\n|teamsize|p1|6\n|teamsize|p2|6\n|gen|9\n|tier|[Gen 9] VGC 2023 Regulation C\n|rated|\n|rule|Species Clause: Limit one of each Pok\u00e9mon\n|rule|Item Clause: Limit one of each item\n|clearpoke\n|poke|p1|Gholdengo, L50|\n|poke|p1|Murkrow, L50, F|\n|poke|p1|Orthworm, L50, M|\n|poke|p1|Ting-Lu, L50|\n|poke|p1|Flutter Mane, L50|\n|poke|p1|Braviary, L50, M|\n|poke|p2|Torkoal, L50, F|\n|poke|p2|Jumpluff, L50, M|\n|poke|p2|Flutter Mane, L50|\n|poke|p2|Chi-Yu, L50|\n|poke|p2|Rotom-Wash, L50|\n|poke|p2|Gholdengo, L50|\n|teampreview|4\n|inactive|Battle timer is ON: inactive players will automatically lose when time's up. (requested by valhala alfa)\nvalhala alfa rejected open team sheets.\n|inactive|valhala alfa has 60 seconds left.\n|\n|t:|1683602349\n|start\n|switch|p1a: Murkrow|Murkrow, L50, F|100\/100\n|switch|p1b: Braviary|Braviary, L50, M|100\/100\n|switch|p2a: Torkoal|Torkoal, L50, F|100\/100\n|switch|p2b: Jumpluff|Jumpluff, L50, M|100\/100\n|-weather|SunnyDay|[from] ability: Drought|[of] p2a: Torkoal\n|turn|1\n|\n|t:|1683602370\n|switch|p2b: Rotom|Rotom-Wash, L50|100\/100\n|move|p1a: Murkrow|Taunt|p2b: Rotom\n|-start|p2b: Rotom|move: Taunt\n|move|p1b: Braviary|Brave Bird|p2a: Torkoal\n|-damage|p2a: Torkoal|56\/100\n|-damage|p1b: Braviary|86\/100|[from] Recoil\n|move|p2a: Torkoal|Overheat|p1a: Murkrow\n|-damage|p1a: Murkrow|5\/100\n|-unboost|p2a: Torkoal|spa|2\n|-enditem|p2a: Torkoal|Eject Pack\n|\n|t:|1683602387\n|switch|p2a: Jumpluff|Jumpluff, L50, M|100\/100\n|\n|-weather|SunnyDay|[upkeep]\n|upkeep\n|turn|2\n|\n|t:|1683602410\n|switch|p2a: Torkoal|Torkoal, L50, F|56\/100\n|-terastallize|p1b: Braviary|Ground\n|move|p1a: Murkrow|Tailwind|p1a: Murkrow\n|-sidestart|p1: valhala alfa|move: Tailwind\n|move|p1b: Braviary|Brave Bird|p2a: Torkoal\n|-damage|p2a: Torkoal|9\/100\n|-damage|p1b: Braviary|71\/100|[from] Recoil\n|move|p2b: Rotom|Thunderbolt|p1a: Murkrow\n|-supereffective|p1a: Murkrow\n|-damage|p1a: Murkrow|0 fnt\n|faint|p1a: Murkrow\n|\n|-weather|SunnyDay|[upkeep]\n|upkeep\n|\n|t:|1683602422\n|switch|p1a: Orthworm|Orthworm, L50, M|100\/100\n|turn|3\n|\n|t:|1683602436\n|move|p1b: Braviary|Brave Bird|p2a: Torkoal\n|-damage|p2a: Torkoal|0 fnt\n|faint|p2a: Torkoal\n|-damage|p1b: Braviary|68\/100|[from] Recoil\n|move|p1a: Orthworm|Shed Tail|p1a: Orthworm\n|-start|p1a: Orthworm|Substitute|[from] move: Shed Tail\n|-damage|p1a: Orthworm|50\/100\n|-enditem|p1a: Orthworm|Sitrus Berry|[eat]\n|-heal|p1a: Orthworm|75\/100|[from] item: Sitrus Berry\n|\n|t:|1683602446\n|switch|p1a: Gholdengo|Gholdengo, L50|100\/100|[from] Shed Tail\n|move|p2b: Rotom|Thunderbolt|p1a: Gholdengo\n|-end|p1a: Gholdengo|Substitute\n|\n|-weather|SunnyDay|[upkeep]\n|-end|p2b: Rotom|move: Taunt\n|upkeep\n|\n|t:|1683602451\n|switch|p2a: Jumpluff|Jumpluff, L50, M|100\/100\n|turn|4\n|\n|t:|1683602466\n|move|p1b: Braviary|Brave Bird|p2a: Jumpluff\n|-supereffective|p2a: Jumpluff\n|-damage|p2a: Jumpluff|0 fnt\n|faint|p2a: Jumpluff\n|-damage|p1b: Braviary|35\/100|[from] Recoil\n|move|p1a: Gholdengo|Shadow Ball|p2b: Rotom\n|-damage|p2b: Rotom|62\/100\n|-unboost|p2b: Rotom|spd|1\n|move|p2b: Rotom|Thunderbolt|p1a: Gholdengo\n|-damage|p1a: Gholdengo|68\/100\n|\n|-weather|SunnyDay|[upkeep]\n|-heal|p1a: Gholdengo|74\/100|[from] item: Leftovers\n|upkeep\n|\n|t:|1683602470\n|switch|p2a: Chi-Yu|Chi-Yu, L50|100\/100\n|-ability|p2a: Chi-Yu|Beads of Ruin\n|turn|5\n|inactive|valhala alfa has 30 seconds left.\n|\n|t:|1683602499\n|move|p1b: Braviary|Brave Bird|p2a: Chi-Yu\n|-damage|p2a: Chi-Yu|0 fnt\n|faint|p2a: Chi-Yu\n|-damage|p1b: Braviary|11\/100|[from] Recoil\n|move|p1a: Gholdengo|Thunderbolt|p2b: Rotom\n|-damage|p2b: Rotom|22\/100\n|-enditem|p2b: Rotom|Sitrus Berry|[eat]\n|-heal|p2b: Rotom|46\/100|[from] item: Sitrus Berry\n|move|p2b: Rotom|Thunderbolt|p1a: Gholdengo\n|-damage|p1a: Gholdengo|40\/100\n|\n|-weather|none\n|-heal|p1a: Gholdengo|47\/100|[from] item: Leftovers\n|-sideend|p1: valhala alfa|move: Tailwind\n|upkeep\n|turn|6\n|-message|BlnglF forfeited.\n|\n|win|valhala alfa\n|raw|valhala alfa's rating: 1367 → 1385<\/strong> (+18 for winning)\n|raw|BlnglF's rating: 1338 → 1320<\/strong> (-18 for losing)\n|l|\u2606BlnglF\n","uploadtime":1683602577,"views":13,"p1id":"valhalaalfa","p2id":"blnglf","formatid":"gen9vgc2023regulationc","rating":1320,"private":0,"password":""}