{"id":"gen9vgc2023regulationc-1860925107","p1":"evakyoo","p2":"Dont141","format":"[Gen 9] VGC 2023 Regulation C","log":"|j|\u2606evakyoo\n|j|\u2606Dont141\n|t:|1683696996\n|gametype|doubles\n|player|p1|evakyoo|waitress|1092\n|player|p2|Dont141|misty|1146\n|teamsize|p1|6\n|teamsize|p2|6\n|gen|9\n|tier|[Gen 9] VGC 2023 Regulation C\n|rated|\n|rule|Species Clause: Limit one of each Pok\u00e9mon\n|rule|Item Clause: Limit one of each item\n|clearpoke\n|poke|p1|Dondozo, L50, M|\n|poke|p1|Tatsugiri, L50, F|\n|poke|p1|Chi-Yu, L50|\n|poke|p1|Iron Bundle, L50|\n|poke|p1|Flutter Mane, L50|\n|poke|p1|Glimmora, L50, M|\n|poke|p2|Iron Valiant, L50|\n|poke|p2|Scizor, L50, M|\n|poke|p2|Ceruledge, L50, F|\n|poke|p2|Chien-Pao, L50|\n|poke|p2|Dragapult, L50, M|\n|poke|p2|Espathra, L50, M|\n|teampreview|4\n|inactive|Battle timer is ON: inactive players will automatically lose when time's up. (requested by Dont141)\n|\n|t:|1683697020\n|start\n|switch|p1a: Glimmora|Glimmora, L50, M, shiny|100\/100\n|switch|p1b: Flutter Mane|Flutter Mane, L50, shiny|100\/100\n|switch|p2a: Ceruledge|Ceruledge, L50, F|100\/100\n|switch|p2b: Espathra|Espathra, L50, M|100\/100\n|turn|1\n|inactive|evakyoo has 30 seconds left.\n|inactive|evakyoo has 20 seconds left.\n|\n|t:|1683697058\n|move|p2a: Ceruledge|Protect|p2a: Ceruledge\n|-singleturn|p2a: Ceruledge|Protect\n|move|p1b: Flutter Mane|Shadow Ball|p2a: Ceruledge\n|-activate|p2a: Ceruledge|move: Protect\n|move|p2b: Espathra|Lumina Crash|p1a: Glimmora\n|-supereffective|p1a: Glimmora\n|-damage|p1a: Glimmora|55\/100\n|-unboost|p1a: Glimmora|spd|2\n|move|p1a: Glimmora|Earth Power|p2a: Ceruledge\n|-activate|p2a: Ceruledge|move: Protect\n|\n|-ability|p2b: Espathra|Speed Boost|boost\n|-boost|p2b: Espathra|spe|1\n|upkeep\n|turn|2\n|\n|t:|1683697078\n|-terastallize|p2a: Ceruledge|Grass\n|move|p2a: Ceruledge|Shadow Sneak|p1b: Flutter Mane\n|-supereffective|p1b: Flutter Mane\n|-damage|p1b: Flutter Mane|40\/100\n|move|p2b: Espathra|Lumina Crash|p1a: Glimmora\n|-supereffective|p1a: Glimmora\n|-damage|p1a: Glimmora|0 fnt\n|faint|p1a: Glimmora\n|move|p1b: Flutter Mane|Shadow Ball|p2a: Ceruledge\n|-damage|p2a: Ceruledge|24\/100\n|\n|-ability|p2b: Espathra|Speed Boost|boost\n|-boost|p2b: Espathra|spe|1\n|upkeep\n|\n|t:|1683697103\n|switch|p1a: Dondozo|Dondozo, L50, M|100\/100\n|turn|3\n|\n|t:|1683697117\n|move|p1a: Dondozo|Protect|p1a: Dondozo\n|-singleturn|p1a: Dondozo|Protect\n|move|p2a: Ceruledge|Shadow Sneak|p1b: Flutter Mane\n|-supereffective|p1b: Flutter Mane\n|-damage|p1b: Flutter Mane|0 fnt\n|faint|p1b: Flutter Mane\n|-end|p1b: Flutter Mane|Protosynthesis|[silent]\n|move|p2b: Espathra|Lumina Crash|p1a: Dondozo\n|-activate|p1a: Dondozo|move: Protect\n|\n|-ability|p2b: Espathra|Speed Boost|boost\n|-boost|p2b: Espathra|spe|1\n|upkeep\n|\n|t:|1683697121\n|switch|p1b: Tatsugiri|Tatsugiri, L50, F|100\/100\n|-activate|p1b: Tatsugiri|ability: Commander|[of] p1a: Dondozo\n|-boost|p1a: Dondozo|atk|2\n|-boost|p1a: Dondozo|spa|2\n|-boost|p1a: Dondozo|spe|2\n|-boost|p1a: Dondozo|def|2\n|-boost|p1a: Dondozo|spd|2\n|turn|4\n|\n|t:|1683697136\n|move|p2b: Espathra|Lumina Crash|p1a: Dondozo\n|-damage|p1a: Dondozo|85\/100\n|-unboost|p1a: Dondozo|spd|2\n|move|p1a: Dondozo|Earthquake|p2b: Espathra|[spread] p2a,p2b\n|-miss|p1a: Dondozo|p1b: Tatsugiri\n|-resisted|p2a: Ceruledge\n|-damage|p2a: Ceruledge|0 fnt\n|-damage|p2b: Espathra|37\/100\n|faint|p2a: Ceruledge\n|\n|-heal|p2b: Espathra|43\/100|[from] item: Leftovers\n|-heal|p1a: Dondozo|91\/100|[from] item: Leftovers\n|-ability|p2b: Espathra|Speed Boost|boost\n|-boost|p2b: Espathra|spe|1\n|upkeep\n|\n|t:|1683697140\n|switch|p2a: Chien-Pao|Chien-Pao, L50|100\/100\n|-ability|p2a: Chien-Pao|Sword of Ruin\n|turn|5\n|inactive|evakyoo has 30 seconds left.\n|\n|t:|1683697167\n|move|p2b: Espathra|Protect|p2b: Espathra\n|-singleturn|p2b: Espathra|Protect\n|move|p2a: Chien-Pao|Haze|p2a: Chien-Pao\n|-clearallboost\n|move|p1a: Dondozo|Earthquake|p2b: Espathra|[spread] p2a\n|-miss|p1a: Dondozo|p1b: Tatsugiri\n|-activate|p2b: Espathra|move: Protect\n|-damage|p2a: Chien-Pao|71\/100\n|\n|-heal|p2b: Espathra|49\/100|[from] item: Leftovers\n|-heal|p1a: Dondozo|97\/100|[from] item: Leftovers\n|-ability|p2b: Espathra|Speed Boost|boost\n|-boost|p2b: Espathra|spe|1\n|upkeep\n|turn|6\n|\n|t:|1683697180\n|move|p2a: Chien-Pao|Sucker Punch|p1a: Dondozo\n|-damage|p1a: Dondozo|64\/100\n|move|p2b: Espathra|Lumina Crash|p1a: Dondozo\n|-damage|p1a: Dondozo|34\/100\n|-unboost|p1a: Dondozo|spd|2\n|move|p1a: Dondozo|Wave Crash|p2a: Chien-Pao\n|-crit|p2a: Chien-Pao\n|-damage|p2a: Chien-Pao|0 fnt\n|faint|p2a: Chien-Pao\n|-damage|p1a: Dondozo|18\/100|[from] Recoil\n|\n|-heal|p2b: Espathra|55\/100|[from] item: Leftovers\n|-heal|p1a: Dondozo|24\/100|[from] item: Leftovers\n|-ability|p2b: Espathra|Speed Boost|boost\n|-boost|p2b: Espathra|spe|1\n|upkeep\n|\n|t:|1683697187\n|switch|p2a: Iron Valiant|Iron Valiant, L50|100\/100\n|-enditem|p2a: Iron Valiant|Booster Energy\n|-activate|p2a: Iron Valiant|ability: Quark Drive|[fromitem]\n|-start|p2a: Iron Valiant|quarkdrivespa\n|turn|7\n|\n|t:|1683697191\n|move|p1a: Dondozo|Protect|p1a: Dondozo\n|-singleturn|p1a: Dondozo|Protect\n|move|p2b: Espathra|Lumina Crash|p1a: Dondozo\n|-activate|p1a: Dondozo|move: Protect\n|move|p2a: Iron Valiant|Moonblast|p1b: Tatsugiri|[miss]\n|-miss|p2a: Iron Valiant|p1b: Tatsugiri\n|\n|-heal|p2b: Espathra|61\/100|[from] item: Leftovers\n|-heal|p1a: Dondozo|31\/100|[from] item: Leftovers\n|-ability|p2b: Espathra|Speed Boost|boost\n|-boost|p2b: Espathra|spe|1\n|upkeep\n|turn|8\n|\n|t:|1683697212\n|move|p1a: Dondozo|Protect||[still]\n|-fail|p1a: Dondozo\n|move|p2b: Espathra|Lumina Crash|p1a: Dondozo\n|-damage|p1a: Dondozo|0 fnt\n|faint|p1a: Dondozo\n|move|p2a: Iron Valiant|Moonblast|p1b: Tatsugiri\n|-supereffective|p1b: Tatsugiri\n|-damage|p1b: Tatsugiri|0 fnt\n|faint|p1b: Tatsugiri\n|\n|win|Dont141\n|raw|evakyoo's rating: 1092 → 1072<\/strong> (-20 for losing)\n|raw|Dont141's rating: 1146 → 1167<\/strong> (+21 for winning)\n|l|\u2606evakyoo\n|c|\u2606Dont141|gg\n","uploadtime":1683697231,"views":16,"p1id":"evakyoo","p2id":"dont141","formatid":"gen9vgc2023regulationc","rating":1072,"private":0,"password":""}