{"id":"gen9vgc2023regulationc-1857464542","p1":"BlazinBoomsy","p2":"betelgeuse","format":"[Gen 9] VGC 2023 Regulation C","log":"|j|\u2606BlazinBoomsy\n|j|\u2606betelgeuse\n|t:|1683197297\n|gametype|doubles\n|player|p1|BlazinBoomsy|169|1000\n|player|p2|betelgeuse|janitor|1078\n|teamsize|p1|6\n|teamsize|p2|6\n|gen|9\n|tier|[Gen 9] VGC 2023 Regulation C\n|rated|\n|rule|Species Clause: Limit one of each Pok\u00e9mon\n|rule|Item Clause: Limit one of each item\n|clearpoke\n|poke|p1|Gallade, L50, M|\n|poke|p1|Farigiraf, L50, M|\n|poke|p1|Armarouge, L50, F|\n|poke|p1|Breloom, L50, M|\n|poke|p1|Ting-Lu, L50|\n|poke|p1|Dondozo, L50, F|\n|poke|p2|Vaporeon, L50, M|\n|poke|p2|Jolteon, L50, F|\n|poke|p2|Sylveon, L50, F|\n|poke|p2|Umbreon, L50, M|\n|poke|p2|Espeon, L50, M|\n|poke|p2|Leafeon, L50, F|\n|teampreview|4\n|c|\u2606BlazinBoomsy|Glhf\n|\n|t:|1683197336\n|start\n|switch|p1a: Farigiraf|Farigiraf, L50, M|100\/100\n|switch|p1b: Gallade|Gallade, L50, M|100\/100\n|switch|p2a: Espeon|Espeon, L50, M|100\/100\n|switch|p2b: Sylveon|Sylveon, L50, F|100\/100\n|turn|1\n|c|\u2606betelgeuse|Gli\n|\n|t:|1683197355\n|move|p2a: Espeon|Helping Hand|p2b: Sylveon\n|-singleturn|p2b: Sylveon|Helping Hand|[of] p2a: Espeon\n|move|p1b: Gallade|Wide Guard|p1b: Gallade\n|-singleturn|p1b: Gallade|Wide Guard\n|move|p2b: Sylveon|Hyper Voice|p1a: Farigiraf|[spread] \n|-activate|p1a: Farigiraf|move: Wide Guard\n|-activate|p1b: Gallade|move: Wide Guard\n|move|p1a: Farigiraf|Trick Room|p1a: Farigiraf\n|-fieldstart|move: Trick Room|[of] p1a: Farigiraf\n|\n|upkeep\n|turn|2\n|\n|t:|1683197376\n|switch|p2b: Leafeon|Leafeon, L50, F|100\/100\n|-terastallize|p1b: Gallade|Flying\n|move|p1a: Farigiraf|Reflect|p1a: Farigiraf\n|-sidestart|p1: BlazinBoomsy|Reflect\n|move|p1b: Gallade|Calm Mind|p1b: Gallade\n|-boost|p1b: Gallade|spa|1\n|-boost|p1b: Gallade|spd|1\n|move|p2a: Espeon|Psychic|p1b: Gallade\n|-damage|p1b: Gallade|74\/100\n|\n|upkeep\n|turn|3\n|\n|t:|1683197402\n|move|p1a: Farigiraf|Dazzling Gleam|p2a: Espeon|[spread] p2a,p2b\n|-damage|p2a: Espeon|82\/100\n|-damage|p2b: Leafeon|85\/100\n|move|p1b: Gallade|Air Slash|p2b: Leafeon|[miss]\n|-miss|p1b: Gallade|p2b: Leafeon\n|move|p2b: Leafeon|Leaf Blade|p1a: Farigiraf\n|-damage|p1a: Farigiraf|75\/100\n|move|p2a: Espeon|Reflect|p2a: Espeon\n|-sidestart|p2: betelgeuse|Reflect\n|\n|upkeep\n|turn|4\n|\n|t:|1683197421\n|switch|p2b: Sylveon|Sylveon, L50, F|100\/100\n|move|p1a: Farigiraf|Dazzling Gleam|p2b: Sylveon|[spread] p2a,p2b\n|-damage|p2a: Espeon|64\/100\n|-damage|p2b: Sylveon|89\/100\n|move|p1b: Gallade|Calm Mind|p1b: Gallade\n|-boost|p1b: Gallade|spa|1\n|-boost|p1b: Gallade|spd|1\n|move|p2a: Espeon|Light Screen|p2a: Espeon\n|-sidestart|p2: betelgeuse|move: Light Screen\n|\n|upkeep\n|turn|5\n|\n|t:|1683197448\n|move|p1b: Gallade|Wide Guard|p1b: Gallade\n|-singleturn|p1b: Gallade|Wide Guard\n|move|p1a: Farigiraf|Dazzling Gleam|p2a: Espeon|[spread] p2a,p2b\n|-crit|p2a: Espeon\n|-damage|p2a: Espeon|34\/100\n|-damage|p2b: Sylveon|82\/100\n|move|p2b: Sylveon|Hyper Voice|p1b: Gallade|[spread] \n|-activate|p1a: Farigiraf|move: Wide Guard\n|-activate|p1b: Gallade|move: Wide Guard\n|move|p2a: Espeon|Psychic|p1b: Gallade\n|-damage|p1b: Gallade|54\/100\n|-unboost|p1b: Gallade|spd|1\n|\n|-fieldend|move: Trick Room\n|upkeep\n|turn|6\n|\n|t:|1683197469\n|switch|p2b: Vaporeon|Vaporeon, L50, M|100\/100\n|move|p2a: Espeon|Psychic|p1b: Gallade\n|-damage|p1b: Gallade|26\/100\n|move|p1b: Gallade|Heal Pulse|p1a: Farigiraf\n|-heal|p1a: Farigiraf|100\/100\n|move|p1a: Farigiraf|Trick Room|p1a: Farigiraf\n|-fieldstart|move: Trick Room|[of] p1a: Farigiraf\n|\n|-sideend|p1: BlazinBoomsy|Reflect\n|upkeep\n|turn|7\n|\n|t:|1683197488\n|move|p1a: Farigiraf|Dazzling Gleam|p2b: Vaporeon|[spread] p2a,p2b\n|-damage|p2a: Espeon|21\/100\n|-damage|p2b: Vaporeon|92\/100\n|move|p1b: Gallade|Air Slash|p2a: Espeon|[miss]\n|-miss|p1b: Gallade|p2a: Espeon\n|move|p2b: Vaporeon|Yawn|p1a: Farigiraf\n|-start|p1a: Farigiraf|move: Yawn|[of] p2b: Vaporeon\n|move|p2a: Espeon|Psychic|p1b: Gallade\n|-damage|p1b: Gallade|1\/100\n|\n|-heal|p2b: Vaporeon|98\/100|[from] item: Leftovers\n|upkeep\n|turn|8\n|\n|t:|1683197513\n|switch|p2a: Sylveon|Sylveon, L50, F|82\/100\n|move|p1a: Farigiraf|Reflect|p1a: Farigiraf\n|-sidestart|p1: BlazinBoomsy|Reflect\n|move|p1b: Gallade|Air Slash|p2b: Vaporeon\n|-damage|p2b: Vaporeon|75\/100\n|move|p2b: Vaporeon|Muddy Water|p1a: Farigiraf|[spread] p1a,p1b\n|-damage|p1a: Farigiraf|77\/100\n|-damage|p1b: Gallade|0 fnt\n|-unboost|p1a: Farigiraf|accuracy|1\n|-enditem|p1a: Farigiraf|White Herb\n|-clearnegativeboost|p1a: Farigiraf|[silent]\n|faint|p1b: Gallade\n|\n|-heal|p2b: Vaporeon|81\/100|[from] item: Leftovers\n|-end|p1a: Farigiraf|move: Yawn|[silent]\n|-status|p1a: Farigiraf|slp\n|upkeep\n|\n|t:|1683197536\n|switch|p1b: Dondozo|Dondozo, L50, F|100\/100\n|turn|9\n|\n|t:|1683197550\n|move|p1b: Dondozo|Heavy Slam|p2a: Sylveon\n|-supereffective|p2a: Sylveon\n|-damage|p2a: Sylveon|35\/100\n|cant|p1a: Farigiraf|slp\n|move|p2b: Vaporeon|Yawn|p1b: Dondozo\n|-start|p1b: Dondozo|move: Yawn|[of] p2b: Vaporeon\n|move|p2a: Sylveon|Hyper Voice|p1b: Dondozo|[spread] p1a,p1b\n|-damage|p1a: Farigiraf|26\/100 slp\n|-damage|p1b: Dondozo|65\/100\n|\n|-heal|p2b: Vaporeon|87\/100|[from] item: Leftovers\n|upkeep\n|turn|10\n|\n|t:|1683197586\n|-terastallize|p2a: Sylveon|Ground\n|move|p1b: Dondozo|Heavy Slam|p2a: Sylveon\n|-damage|p2a: Sylveon|11\/100\n|cant|p1a: Farigiraf|slp\n|move|p2b: Vaporeon|Muddy Water|p1b: Dondozo|[spread] p1a,p1b\n|-resisted|p1b: Dondozo\n|-damage|p1a: Farigiraf|3\/100 slp\n|-damage|p1b: Dondozo|57\/100\n|move|p2a: Sylveon|Hyper Voice|p1b: Dondozo|[spread] p1a,p1b\n|-damage|p1a: Farigiraf|0 fnt\n|-damage|p1b: Dondozo|21\/100\n|faint|p1a: Farigiraf\n|\n|-heal|p2b: Vaporeon|92\/100|[from] item: Leftovers\n|-end|p1b: Dondozo|move: Yawn|[silent]\n|-status|p1b: Dondozo|slp\n|-enditem|p1b: Dondozo|Lum Berry|[eat]\n|-curestatus|p1b: Dondozo|slp|[msg]\n|-sideend|p2: betelgeuse|Reflect\n|-fieldend|move: Trick Room\n|upkeep\n|\n|t:|1683197607\n|switch|p1a: Ting-Lu|Ting-Lu, L50|100\/100\n|-ability|p1a: Ting-Lu|Vessel of Ruin\n|turn|11\n|\n|t:|1683197631\n|move|p2a: Sylveon|Hyper Voice|p1a: Ting-Lu|[spread] p1a,p1b\n|-supereffective|p1a: Ting-Lu\n|-damage|p1a: Ting-Lu|65\/100\n|-damage|p1b: Dondozo|0 fnt\n|faint|p1b: Dondozo\n|move|p2b: Vaporeon|Yawn|p1a: Ting-Lu\n|-start|p1a: Ting-Lu|move: Yawn|[of] p2b: Vaporeon\n|move|p1a: Ting-Lu|Stomping Tantrum|p2a: Sylveon\n|-damage|p2a: Sylveon|0 fnt\n|faint|p2a: Sylveon\n|\n|-heal|p2b: Vaporeon|98\/100|[from] item: Leftovers\n|-sideend|p2: betelgeuse|move: Light Screen\n|upkeep\n|c|\u2606BlazinBoomsy|Wow\n|\n|t:|1683197641\n|switch|p2a: Leafeon|Leafeon, L50, F|85\/100\n|turn|12\n|c|\u2606BlazinBoomsy|Wp\n|c|\u2606betelgeuse|Gg\n|c|\u2606betelgeuse|Thanks\n|\n|t:|1683197655\n|move|p2a: Leafeon|Leaf Blade|p1a: Ting-Lu\n|-supereffective|p1a: Ting-Lu\n|-damage|p1a: Ting-Lu|30\/100\n|move|p2b: Vaporeon|Chilling Water|p1a: Ting-Lu\n|-supereffective|p1a: Ting-Lu\n|-damage|p1a: Ting-Lu|17\/100\n|-unboost|p1a: Ting-Lu|atk|1\n|move|p1a: Ting-Lu|Stone Edge|p2a: Leafeon\n|-damage|p2a: Leafeon|67\/100\n|\n|-heal|p2b: Vaporeon|100\/100|[from] item: Leftovers\n|-end|p1a: Ting-Lu|move: Yawn|[silent]\n|-status|p1a: Ting-Lu|slp\n|-sideend|p1: BlazinBoomsy|Reflect\n|upkeep\n|turn|13\n|\n|t:|1683197673\n|move|p2a: Leafeon|Leaf Blade|p1a: Ting-Lu\n|-supereffective|p1a: Ting-Lu\n|-damage|p1a: Ting-Lu|0 fnt\n|faint|p1a: Ting-Lu\n|\n|win|betelgeuse\n|raw|BlazinBoomsy's rating: 1000 → 1000<\/strong> (+0 for losing)\n|raw|betelgeuse's rating: 1078 → 1100<\/strong> (+22 for winning)\n|c|\u2606BlazinBoomsy|Gg\n|l|\u2606BlazinBoomsy\n","uploadtime":1683197693,"views":11,"p1id":"blazinboomsy","p2id":"betelgeuse","formatid":"gen9vgc2023regulationc","rating":1000,"private":0,"password":""}