{"id":"gen9vgc2023regulationc-1857611977","p1":"3g only","p2":"mike3092","format":"[Gen 9] VGC 2023 Regulation C","log":"|j|\u26063g only\n|j|\u2606mike3092\n|t:|1683212919\n|gametype|doubles\n|player|p1|3g only|juan|1290\n|player|p2|mike3092|170|1385\n|teamsize|p1|6\n|teamsize|p2|6\n|gen|9\n|tier|[Gen 9] VGC 2023 Regulation C\n|rated|\n|rule|Species Clause: Limit one of each Pok\u00e9mon\n|rule|Item Clause: Limit one of each item\n|clearpoke\n|poke|p1|Murkrow, L50, M|\n|poke|p1|Chi-Yu, L50|\n|poke|p1|Flutter Mane, L50|\n|poke|p1|Great Tusk, L50|\n|poke|p1|Corviknight, L50, M|\n|poke|p1|Iron Hands, L50|\n|poke|p2|Goodra, L50, F|\n|poke|p2|Flutter Mane, L50|\n|poke|p2|Annihilape, L50, M|\n|poke|p2|Grimmsnarl, L50, M|\n|poke|p2|Chi-Yu, L50|\n|poke|p2|Vaporeon, L50, F|\n|teampreview|4\n|inactive|Battle timer is ON: inactive players will automatically lose when time's up. (requested by 3g only)\n|\n|t:|1683212979\n|start\n|switch|p1a: Iron Hands|Iron Hands, L50|100\/100\n|switch|p1b: Corviknight|Corviknight, L50, M|100\/100\n|switch|p2a: Flutter Mane|Flutter Mane, L50, shiny|100\/100\n|switch|p2b: Grimmsnarl|Grimmsnarl, L50, M, shiny|100\/100\n|turn|1\n|\n|t:|1683213003\n|switch|p2b: Goodra|Goodra, L50, F|100\/100\n|move|p1a: Iron Hands|Fake Out|p2b: Goodra\n|-damage|p2b: Goodra|83\/100\n|move|p2a: Flutter Mane|Thunderbolt|p1b: Corviknight\n|-supereffective|p1b: Corviknight\n|-crit|p1b: Corviknight\n|-damage|p1b: Corviknight|0 fnt\n|faint|p1b: Corviknight\n|\n|upkeep\n|\n|t:|1683213012\n|switch|p1b: Flutter Mane|Flutter Mane, L50|100\/100\n|turn|2\n|\n|t:|1683213031\n|move|p2a: Flutter Mane|Protect|p2a: Flutter Mane\n|-singleturn|p2a: Flutter Mane|Protect\n|move|p1b: Flutter Mane|Moonblast|p2b: Goodra\n|-supereffective|p2b: Goodra\n|-damage|p2b: Goodra|9\/100\n|-unboost|p2b: Goodra|spa|1\n|move|p2b: Goodra|Muddy Water|p1b: Flutter Mane|[spread] p1a,p1b\n|-damage|p1a: Iron Hands|94\/100\n|-damage|p1b: Flutter Mane|86\/100\n|-unboost|p1a: Iron Hands|accuracy|1\n|-unboost|p1b: Flutter Mane|accuracy|1\n|move|p1a: Iron Hands|Wild Charge|p2a: Flutter Mane\n|-activate|p2a: Flutter Mane|move: Protect\n|\n|upkeep\n|turn|3\n|\n|t:|1683213050\n|-end|p1b: Flutter Mane|Protosynthesis|[silent]\n|switch|p1b: Murkrow|Murkrow, L50, M, shiny|100\/100\n|-terastallize|p2a: Flutter Mane|Fairy\n|move|p2a: Flutter Mane|Moonblast|p1a: Iron Hands\n|-supereffective|p1a: Iron Hands\n|-damage|p1a: Iron Hands|24\/100\n|-unboost|p1a: Iron Hands|spa|1\n|move|p2b: Goodra|Muddy Water|p1a: Iron Hands|[spread] p1a,p1b\n|-damage|p1a: Iron Hands|18\/100\n|-damage|p1b: Murkrow|86\/100\n|move|p1a: Iron Hands|Wild Charge|p2a: Flutter Mane|[miss]\n|-miss|p1a: Iron Hands|p2a: Flutter Mane\n|\n|upkeep\n|turn|4\n|\n|t:|1683213069\n|move|p1b: Murkrow|Tailwind|p1b: Murkrow\n|-sidestart|p1: 3g only|move: Tailwind\n|move|p2a: Flutter Mane|Moonblast|p1b: Murkrow\n|-supereffective|p1b: Murkrow\n|-damage|p1b: Murkrow|0 fnt\n|faint|p1b: Murkrow\n|move|p1a: Iron Hands|Wild Charge|p2a: Flutter Mane\n|-enditem|p2a: Flutter Mane|Focus Sash\n|-damage|p2a: Flutter Mane|1\/100\n|-damage|p1a: Iron Hands|4\/100|[from] Recoil\n|move|p2b: Goodra|Muddy Water|p1a: Iron Hands\n|-damage|p1a: Iron Hands|0 fnt\n|faint|p1a: Iron Hands\n|-end|p1a: Iron Hands|Quark Drive|[silent]\n|\n|upkeep\n|\n|t:|1683213083\n|switch|p1b: Flutter Mane|Flutter Mane, L50|86\/100\n|turn|5\n|\n|t:|1683213092\n|move|p1b: Flutter Mane|Dazzling Gleam|p2b: Goodra|[spread] p2a,p2b\n|-supereffective|p2b: Goodra\n|-damage|p2a: Flutter Mane|0 fnt\n|-damage|p2b: Goodra|0 fnt\n|faint|p2a: Flutter Mane\n|-end|p2a: Flutter Mane|Protosynthesis|[silent]\n|faint|p2b: Goodra\n|\n|upkeep\n|\n|t:|1683213098\n|switch|p2a: Grimmsnarl|Grimmsnarl, L50, M, shiny|100\/100\n|switch|p2b: Vaporeon|Vaporeon, L50, F|100\/100\n|turn|6\n|\n|t:|1683213108\n|-terastallize|p1b: Flutter Mane|Fairy\n|move|p2a: Grimmsnarl|Light Screen|p2a: Grimmsnarl\n|-sidestart|p2: mike3092|move: Light Screen\n|move|p1b: Flutter Mane|Dazzling Gleam|p2a: Grimmsnarl|[spread] p2a,p2b\n|-supereffective|p2a: Grimmsnarl\n|-damage|p2a: Grimmsnarl|17\/100\n|-damage|p2b: Vaporeon|68\/100\n|move|p2b: Vaporeon|Muddy Water|p1b: Flutter Mane\n|-damage|p1b: Flutter Mane|49\/100\n|\n|upkeep\n|turn|7\n|inactive|mike3092 has 30 seconds left.\n|\n|t:|1683213137\n|move|p1b: Flutter Mane|Dazzling Gleam|p2b: Vaporeon|[spread] p2a,p2b\n|-supereffective|p2a: Grimmsnarl\n|-damage|p2a: Grimmsnarl|0 fnt\n|-damage|p2b: Vaporeon|35\/100\n|-enditem|p2b: Vaporeon|Sitrus Berry|[eat]\n|-heal|p2b: Vaporeon|60\/100|[from] item: Sitrus Berry\n|faint|p2a: Grimmsnarl\n|move|p2b: Vaporeon|Muddy Water|p1b: Flutter Mane\n|-damage|p1b: Flutter Mane|12\/100\n|-unboost|p1b: Flutter Mane|accuracy|1\n|\n|-sideend|p1: 3g only|move: Tailwind\n|upkeep\n|turn|8\n|\n|t:|1683213149\n|move|p1b: Flutter Mane|Dazzling Gleam|p2b: Vaporeon\n|-damage|p2b: Vaporeon|17\/100\n|move|p2b: Vaporeon|Ice Beam|p1b: Flutter Mane\n|-damage|p1b: Flutter Mane|0 fnt\n|faint|p1b: Flutter Mane\n|-end|p1b: Flutter Mane|Protosynthesis|[silent]\n|\n|win|mike3092\n|raw|3g only's rating: 1290 → 1272<\/strong> (-18 for losing)\n|raw|mike3092's rating: 1385 → 1400<\/strong> (+15 for winning)\n|l|\u26063g only\n","uploadtime":1683213164,"views":13,"p1id":"3gonly","p2id":"mike3092","formatid":"gen9vgc2023regulationc","rating":1272,"private":0,"password":""}