{"id":"gen9vgc2023regulationc-1854263111","p1":"Delilahman","p2":"Jscoot12","format":"[Gen 9] VGC 2023 Regulation C","log":"|j|\u2606Delilahman\n|j|\u2606Jscoot12\n|t:|1682790057\n|gametype|doubles\n|player|p1|Delilahman|2|1097\n|player|p2|Jscoot12|102|1205\n|teamsize|p1|6\n|teamsize|p2|6\n|gen|9\n|tier|[Gen 9] VGC 2023 Regulation C\n|rated|\n|rule|Species Clause: Limit one of each Pok\u00e9mon\n|rule|Item Clause: Limit one of each item\n|clearpoke\n|poke|p1|Flutter Mane, L50|\n|poke|p1|Amoonguss, L50, M|\n|poke|p1|Arcanine, L50, M|\n|poke|p1|Iron Hands, L50|\n|poke|p1|Kingambit, L50, M|\n|poke|p1|Gastrodon-East, L50, F|\n|poke|p2|Orthworm, L50, F|\n|poke|p2|Dragonite, L50, M|\n|poke|p2|Flutter Mane, L50|\n|poke|p2|Chi-Yu, L50|\n|poke|p2|Gastrodon-East, L50, M|\n|poke|p2|Baxcalibur, L50, M|\n|teampreview|4\n|\n|t:|1682790089\n|start\n|switch|p1a: Kingambit|Kingambit, L50, M|100\/100\n|switch|p1b: Flutter Mane|Flutter Mane, L50|100\/100\n|switch|p2a: Flutter Mane|Flutter Mane, L50|100\/100\n|switch|p2b: Chi-Yu|Chi-Yu, L50|100\/100\n|-ability|p2b: Chi-Yu|Beads of Ruin\n|-enditem|p1b: Flutter Mane|Booster Energy\n|-activate|p1b: Flutter Mane|ability: Protosynthesis|[fromitem]\n|-start|p1b: Flutter Mane|protosynthesisspe\n|-enditem|p2a: Flutter Mane|Booster Energy\n|-activate|p2a: Flutter Mane|ability: Protosynthesis|[fromitem]\n|-start|p2a: Flutter Mane|protosynthesisspe\n|turn|1\n|\n|t:|1682790135\n|-terastallize|p2b: Chi-Yu|Grass\n|-terastallize|p1a: Kingambit|Flying\n|move|p1b: Flutter Mane|Protect|p1b: Flutter Mane\n|-singleturn|p1b: Flutter Mane|Protect\n|move|p2a: Flutter Mane|Shadow Ball|p1b: Flutter Mane\n|-activate|p1b: Flutter Mane|move: Protect\n|move|p2b: Chi-Yu|Flamethrower|p1a: Kingambit\n|-damage|p1a: Kingambit|36\/100\n|move|p1a: Kingambit|Iron Head|p2a: Flutter Mane\n|-supereffective|p2a: Flutter Mane\n|-damage|p2a: Flutter Mane|0 fnt\n|faint|p2a: Flutter Mane\n|-end|p2a: Flutter Mane|Protosynthesis|[silent]\n|\n|upkeep\n|\n|t:|1682790156\n|switch|p2a: Orthworm|Orthworm, L50, F|100\/100\n|turn|2\n|\n|t:|1682790181\n|move|p1b: Flutter Mane|Thunderbolt|p2a: Orthworm\n|-damage|p2a: Orthworm|52\/100\n|move|p2b: Chi-Yu|Flamethrower|p1a: Kingambit\n|-damage|p1a: Kingambit|0 fnt\n|faint|p1a: Kingambit\n|move|p2a: Orthworm|Heavy Slam|p1b: Flutter Mane\n|-supereffective|p1b: Flutter Mane\n|-crit|p1b: Flutter Mane\n|-damage|p1b: Flutter Mane|0 fnt\n|faint|p1b: Flutter Mane\n|-end|p1b: Flutter Mane|Protosynthesis|[silent]\n|\n|-heal|p2a: Orthworm|58\/100|[from] item: Leftovers\n|upkeep\n|\n|t:|1682790189\n|switch|p1b: Gastrodon|Gastrodon-East, L50, F|100\/100\n|switch|p1a: Arcanine|Arcanine, L50, M, shiny|100\/100\n|-ability|p1a: Arcanine|Intimidate|boost\n|-unboost|p2a: Orthworm|atk|1\n|-unboost|p2b: Chi-Yu|atk|1\n|turn|3\n|\n|t:|1682790227\n|switch|p2b: Baxcalibur|Baxcalibur, L50, M|100\/100\n|move|p1a: Arcanine|Flare Blitz|p2b: Baxcalibur\n|-damage|p2b: Baxcalibur|44\/100\n|-ability|p2b: Baxcalibur|Thermal Exchange|boost\n|-boost|p2b: Baxcalibur|atk|1\n|-damage|p1a: Arcanine|79\/100|[from] Recoil\n|move|p2a: Orthworm|Body Press|p1a: Arcanine\n|-damage|p1a: Arcanine|46\/100\n|move|p1b: Gastrodon|Muddy Water|p2a: Orthworm|[spread] p2a,p2b\n|-resisted|p2b: Baxcalibur\n|-damage|p2a: Orthworm|33\/100\n|-damage|p2b: Baxcalibur|33\/100\n|-unboost|p2b: Baxcalibur|accuracy|1\n|\n|-heal|p2a: Orthworm|39\/100|[from] item: Leftovers\n|upkeep\n|turn|4\n|\n|t:|1682790282\n|move|p1a: Arcanine|Extreme Speed|p2b: Baxcalibur\n|-damage|p2b: Baxcalibur|7\/100\n|move|p2b: Baxcalibur|Earthquake|p1b: Gastrodon|[spread] p1b\n|-heal|p2a: Orthworm|64\/100|[from] ability: Earth Eater|[of] p2b: Baxcalibur\n|-miss|p2b: Baxcalibur|p1a: Arcanine\n|-damage|p1b: Gastrodon|28\/100\n|-enditem|p1b: Gastrodon|Sitrus Berry|[eat]\n|-heal|p1b: Gastrodon|53\/100|[from] item: Sitrus Berry\n|-damage|p2b: Baxcalibur|0 fnt|[from] item: Life Orb\n|faint|p2b: Baxcalibur\n|move|p2a: Orthworm|Body Press|p1a: Arcanine\n|-damage|p1a: Arcanine|16\/100\n|move|p1b: Gastrodon|Muddy Water|p2a: Orthworm|[miss]\n|-miss|p1b: Gastrodon|p2a: Orthworm\n|\n|-heal|p2a: Orthworm|70\/100|[from] item: Leftovers\n|upkeep\n|\n|t:|1682790301\n|switch|p2b: Chi-Yu|Chi-Yu, L50, tera:Grass|100\/100\n|-ability|p2b: Chi-Yu|Beads of Ruin\n|turn|5\n|\n|t:|1682790314\n|move|p1a: Arcanine|Protect|p1a: Arcanine\n|-singleturn|p1a: Arcanine|Protect\n|move|p2b: Chi-Yu|Tera Blast|p1b: Gastrodon\n|-supereffective|p1b: Gastrodon\n|-damage|p1b: Gastrodon|0 fnt\n|faint|p1b: Gastrodon\n|move|p2a: Orthworm|Body Press|p1a: Arcanine\n|-activate|p1a: Arcanine|move: Protect\n|\n|-heal|p2a: Orthworm|76\/100|[from] item: Leftovers\n|upkeep\n|turn|6\n|\n|t:|1682790328\n|move|p2b: Chi-Yu|Tera Blast|p1a: Arcanine\n|-resisted|p1a: Arcanine\n|-damage|p1a: Arcanine|0 fnt\n|faint|p1a: Arcanine\n|\n|win|Jscoot12\n|raw|Delilahman's rating: 1097 → 1080<\/strong> (-17 for losing)\n|raw|Jscoot12's rating: 1205 → 1222<\/strong> (+17 for winning)\n","uploadtime":1682790338,"views":25,"p1id":"delilahman","p2id":"jscoot12","formatid":"gen9vgc2023regulationc","rating":1080,"private":0,"password":""}