{"id":"gen9vgc2023regulationc-1854417536","p1":"That_Leek","p2":"pmal919","format":"[Gen 9] VGC 2023 Regulation C","log":"|j|\u2606That_Leek\n|j|\u2606pmal919\n|t:|1682808301\n|gametype|doubles\n|player|p1|That_Leek|blue-masters|1146\n|player|p2|pmal919|acetrainer-gen4dp|1102\n|teamsize|p1|6\n|teamsize|p2|6\n|gen|9\n|tier|[Gen 9] VGC 2023 Regulation C\n|rated|\n|rule|Species Clause: Limit one of each Pok\u00e9mon\n|rule|Item Clause: Limit one of each item\n|clearpoke\n|poke|p1|Gholdengo, L50|\n|poke|p1|Gyarados, L50, F|\n|poke|p1|Tyranitar, L50, F|\n|poke|p1|Maushold-Four, L50|\n|poke|p1|Annihilape, L50, F|\n|poke|p1|Iron Moth, L50|\n|poke|p2|Arcanine, L50, M|\n|poke|p2|Palafin, L50, M|\n|poke|p2|Amoonguss, L50, F|\n|poke|p2|Sandy Shocks, L50|\n|poke|p2|Scream Tail, L50|\n|poke|p2|Dragonite, L50, M|\n|teampreview|4\nThat_Leek has agreed to open team sheets.\n|\n|t:|1682808331\n|start\n|switch|p1a: Iron Moth|Iron Moth, L50|100\/100\n|switch|p1b: Annihilape|Annihilape, L50, F|100\/100\n|switch|p2a: Palafin|Palafin, L50, M|100\/100\n|switch|p2b: Sandy Shocks|Sandy Shocks, L50|100\/100\n|-enditem|p1a: Iron Moth|Booster Energy\n|-activate|p1a: Iron Moth|ability: Quark Drive|[fromitem]\n|-start|p1a: Iron Moth|quarkdrivespa\n|turn|1\n|\n|t:|1682808362\n|-terastallize|p1a: Iron Moth|Grass\n|move|p2a: Palafin|Jet Punch|p1a: Iron Moth\n|-resisted|p1a: Iron Moth\n|-damage|p1a: Iron Moth|77\/100\n|move|p1a: Iron Moth|Sludge Wave|p2b: Sandy Shocks|[spread] p1b,p2a,p2b\n|-resisted|p1b: Annihilape\n|-resisted|p2b: Sandy Shocks\n|-damage|p1b: Annihilape|80\/100\n|-damage|p2a: Palafin|45\/100\n|-damage|p2b: Sandy Shocks|77\/100\n|move|p2b: Sandy Shocks|Thunderbolt|p1b: Annihilape\n|-damage|p1b: Annihilape|48\/100\n|move|p1b: Annihilape|Rage Fist|p2b: Sandy Shocks\n|-damage|p2b: Sandy Shocks|6\/100\n|\n|-heal|p1b: Annihilape|54\/100|[from] item: Leftovers\n|upkeep\n|turn|2\n|\n|t:|1682808394\n|detailschange|p2a: Palafin|Palafin-Hero, L50, M\n|switch|p2a: Scream Tail|Scream Tail, L50, shiny|100\/100\n|-enditem|p2a: Scream Tail|Booster Energy\n|-activate|p2a: Scream Tail|ability: Protosynthesis|[fromitem]\n|-start|p2a: Scream Tail|protosynthesisspe\n|move|p1a: Iron Moth|Energy Ball|p2b: Sandy Shocks\n|-supereffective|p2b: Sandy Shocks\n|-damage|p2b: Sandy Shocks|0 fnt\n|faint|p2b: Sandy Shocks\n|-end|p2b: Sandy Shocks|Protosynthesis|[silent]\n|move|p1b: Annihilape|Drain Punch|p2a: Scream Tail\n|-resisted|p2a: Scream Tail\n|-damage|p2a: Scream Tail|95\/100\n|-heal|p1b: Annihilape|57\/100|[from] drain|[of] p2a: Scream Tail\n|\n|-heal|p1b: Annihilape|63\/100|[from] item: Leftovers\n|upkeep\n|\n|t:|1682808418\n|switch|p2b: Palafin|Palafin-Hero, L50, M|45\/100\n|-activate|p2b: Palafin|ability: Zero to Hero\n|turn|3\n|\n|t:|1682808439\n|switch|p1b: Gyarados|Gyarados, L50, F|100\/100\n|-ability|p1b: Gyarados|Intimidate|boost\n|-unboost|p2a: Scream Tail|atk|1\n|-unboost|p2b: Palafin|atk|1\n|move|p2a: Scream Tail|Disable||[still]\n|-fail|p2a: Scream Tail\n|move|p1a: Iron Moth|Energy Ball|p2b: Palafin\n|-supereffective|p2b: Palafin\n|-damage|p2b: Palafin|0 fnt\n|faint|p2b: Palafin\n|\n|upkeep\n|\n|t:|1682808451\n|switch|p2b: Dragonite|Dragonite, L50, M|100\/100\n|turn|4\n|\n|t:|1682808490\n|move|p1b: Gyarados|Protect|p1b: Gyarados\n|-singleturn|p1b: Gyarados|Protect\n|move|p2a: Scream Tail|Howl|p2a: Scream Tail|[spread] p2a,p2b\n|-boost|p2a: Scream Tail|atk|1\n|-boost|p2b: Dragonite|atk|1\n|move|p1a: Iron Moth|Sludge Wave|p2b: Dragonite|[spread] p2a,p2b\n|-activate|p1b: Gyarados|move: Protect\n|-supereffective|p2a: Scream Tail\n|-damage|p2a: Scream Tail|21\/100\n|-damage|p2b: Dragonite|54\/100\n|move|p2b: Dragonite|Ice Spinner|p1a: Iron Moth\n|-supereffective|p1a: Iron Moth\n|-damage|p1a: Iron Moth|0 fnt\n|faint|p1a: Iron Moth\n|-end|p1a: Iron Moth|Quark Drive|[silent]\n|\n|upkeep\n|\n|t:|1682808500\n|switch|p1a: Annihilape|Annihilape, L50, F|63\/100\n|turn|5\n|\n|t:|1682808520\n|move|p2b: Dragonite|Extreme Speed|p1b: Gyarados\n|-damage|p1b: Gyarados|61\/100\n|move|p2a: Scream Tail|Thunder Wave|p1a: Annihilape\n|-status|p1a: Annihilape|par\n|move|p1b: Gyarados|Waterfall|p2a: Scream Tail\n|-damage|p2a: Scream Tail|0 fnt\n|faint|p2a: Scream Tail\n|-end|p2a: Scream Tail|Protosynthesis|[silent]\n|move|p1a: Annihilape|Rage Fist|p2b: Dragonite\n|-damage|p2b: Dragonite|0 fnt\n|faint|p2b: Dragonite\n|\n|win|That_Leek\n|raw|That_Leek's rating: 1146 → 1168<\/strong> (+22 for winning)\n|raw|pmal919's rating: 1102 → 1080<\/strong> (-22 for losing)\n","uploadtime":1682808532,"views":15,"p1id":"thatleek","p2id":"pmal919","formatid":"gen9vgc2023regulationc","rating":1080,"private":0,"password":""}