{"id":"gen9vgc2023regulationc-1861138840","p1":"Toy Time King","p2":"head 0f the table","format":"[Gen 9] VGC 2023 Regulation C","log":"|j|\u2606Toy Time King\n|j|\u2606head 0f the table\n|t:|1683729980\n|gametype|doubles\n|player|p1|Toy Time King|veteran|\n|player|p2|head 0f the table|cynthia-gen4|\n|teamsize|p1|6\n|teamsize|p2|6\n|gen|9\n|tier|[Gen 9] VGC 2023 Regulation C\n|rule|Tera Type Preview: Tera Types are shown at Team Preview\n|rule|Species Clause: Limit one of each Pok\u00e9mon\n|rule|Item Clause: Limit one of each item\n|clearpoke\n|poke|p1|Hariyama, L50, M|\n|poke|p1|Oranguru, L50, M|\n|poke|p1|Clawitzer, L50, M|\n|poke|p1|Amoonguss, L50, M|\n|poke|p1|Flutter Mane, L50|\n|poke|p1|Eelektross, L50, M|\n|poke|p2|Arcanine, L50, M|\n|poke|p2|Baxcalibur, L50, F|\n|poke|p2|Indeedee-F, L50, F|\n|poke|p2|Hatterene, L50, F|\n|poke|p2|Hariyama, L50, M|\n|poke|p2|Orthworm, L50, M|\n|teampreview|4\n|raw|Toy Time King's Tera Types: \/ \/ \/ \/ \/ \n|raw|head 0f the table's Tera Types: \/ \/ \/ \/ \/ \nhead 0f the table rejected open team sheets.\n|j| Ciq108\n|c|\u2606Toy Time King|hf\n|j| Ace98121212\n|j| Psycho782\n|c| Psycho782|G2 rite?\n|c|\u2606Toy Time King|yh\n|c|\u2606head 0f the table|gl hf\n|l| Ace98121212\n|j| scribls\n|c| Psycho782|ight good luck to both of you\n|\n|t:|1683730476\n|start\n|switch|p1a: The Claw|Clawitzer, L50, M|100\/100\n|switch|p1b: Psymonke|Oranguru, L50, M|100\/100\n|switch|p2a: Hariyama|Hariyama, L50, M|100\/100\n|switch|p2b: Hatterene|Hatterene, L50, F|100\/100\n|turn|1\n|j| Ace98121212\n|\n|t:|1683730497\n|move|p2a: Hariyama|Fake Out|p1b: Psymonke\n|-damage|p1b: Psymonke|84\/100\n|cant|p1b: Psymonke|flinch\n|move|p1a: The Claw|Muddy Water|p2b: Hatterene|[spread] p2a\n|-miss|p1a: The Claw|p2b: Hatterene\n|-damage|p2a: Hariyama|49\/100\n|-damage|p1a: The Claw|91\/100|[from] item: Life Orb\n|move|p2b: Hatterene|Trick Room|p2b: Hatterene\n|-fieldstart|move: Trick Room|[of] p2b: Hatterene\n|\n|-status|p2a: Hariyama|brn|[from] item: Flame Orb\n|upkeep\n|turn|2\n|\n|t:|1683730548\n|-terastallize|p2b: Hatterene|Fairy\n|move|p2b: Hatterene|Dazzling Gleam|p1b: Psymonke|[spread] p1a,p1b\n|-damage|p1a: The Claw|25\/100\n|-damage|p1b: Psymonke|28\/100\n|-damage|p2b: Hatterene|91\/100|[from] item: Life Orb\n|move|p1a: The Claw|Muddy Water|p2b: Hatterene|[spread] p2a\n|-miss|p1a: The Claw|p2b: Hatterene\n|-damage|p2a: Hariyama|0 fnt\n|faint|p2a: Hariyama\n|-damage|p1a: The Claw|15\/100|[from] item: Life Orb\n|move|p1b: Psymonke|Hyper Voice|p2b: Hatterene\n|-damage|p2b: Hatterene|48\/100\n|\n|upkeep\n|\n|t:|1683730567\n|switch|p2a: Orthworm|Orthworm, L50, M|100\/100\n|turn|3\n|c| Psycho782|That moment when 2 trick room setters face each other and gotta time it so u don\u2019t remove trick room set by oppo\n|c| Ace98121212|Yeah\n|\n|t:|1683730611\n|move|p2b: Hatterene|Dazzling Gleam|p1b: Psymonke|[spread] p1a,p1b\n|-damage|p1a: The Claw|0 fnt\n|-damage|p1b: Psymonke|0 fnt\n|faint|p1a: The Claw\n|faint|p1b: Psymonke\n|-damage|p2b: Hatterene|38\/100|[from] item: Life Orb\n|move|p2a: Orthworm|Shed Tail|p2a: Orthworm\n|-start|p2a: Orthworm|Substitute|[from] move: Shed Tail\n|-damage|p2a: Orthworm|50\/100\n|-enditem|p2a: Orthworm|Sitrus Berry|[eat]\n|-heal|p2a: Orthworm|75\/100|[from] item: Sitrus Berry\n|\n|t:|1683730617\n|switch|p2a: Arcanine|Arcanine, L50, M|100\/100|[from] Shed Tail\n|\n|upkeep\n|\n|t:|1683730621\n|switch|p1a: DEM HANDS|Hariyama, L50, M|100\/100\n|switch|p1b: Habatakukami|Flutter Mane, L50|100\/100\n|turn|4\n|l| Psycho782\n|\n|t:|1683730643\n|switch|p2b: Orthworm|Orthworm, L50, M|75\/100\n|-terastallize|p1a: DEM HANDS|Normal\n|move|p1a: DEM HANDS|Fake Out|p2b: Orthworm\n|-resisted|p2b: Orthworm\n|-damage|p2b: Orthworm|69\/100\n|move|p2a: Arcanine|Flare Blitz|p1b: Habatakukami\n|-enditem|p1b: Habatakukami|Focus Sash\n|-damage|p1b: Habatakukami|1\/100\n|-damage|p2a: Arcanine|75\/100|[from] Recoil\n|move|p1b: Habatakukami|Shadow Ball|p2a: Arcanine\n|-end|p2a: Arcanine|Substitute\n|\n|-status|p1a: DEM HANDS|brn|[from] item: Flame Orb\n|upkeep\n|turn|5\n|\n|t:|1683730713\n|move|p1b: Habatakukami|Protect|p1b: Habatakukami\n|-singleturn|p1b: Habatakukami|Protect\n|move|p1a: DEM HANDS|Close Combat|p2b: Orthworm\n|-supereffective|p2b: Orthworm\n|-damage|p2b: Orthworm|0 fnt\n|-unboost|p1a: DEM HANDS|def|1\n|-unboost|p1a: DEM HANDS|spd|1\n|faint|p2b: Orthworm\n|move|p2a: Arcanine|Flare Blitz|p1b: Habatakukami\n|-activate|p1b: Habatakukami|move: Protect\n|\n|-damage|p1a: DEM HANDS|95\/100 brn|[from] brn\n|-fieldend|move: Trick Room\n|upkeep\n|\n|t:|1683730722\n|switch|p2b: Hatterene|Hatterene, L50, F, tera:Fairy|38\/100\n|turn|6\n|\n|t:|1683730779\n|move|p1b: Habatakukami|Shadow Ball|p2b: Hatterene\n|-damage|p2b: Hatterene|0 fnt\n|faint|p2b: Hatterene\n|move|p2a: Arcanine|Flare Blitz|p1b: Habatakukami\n|-damage|p1b: Habatakukami|0 fnt\n|faint|p1b: Habatakukami\n|-end|p1b: Habatakukami|Protosynthesis|[silent]\n|-damage|p2a: Arcanine|75\/100|[from] Recoil\n|move|p1a: DEM HANDS|Facade|p2a: Arcanine\n|-damage|p2a: Arcanine|0 fnt\n|faint|p2a: Arcanine\n|\n|win|Toy Time King\n|c|\u2606Toy Time King|ggs\n|c|\u2606head 0f the table|gg wp\n|c| Ace98121212|Gg\n|l| Ciq108\n|l| Ace98121212\n|l| scribls\n","uploadtime":1683730792,"views":27,"p1id":"toytimeking","p2id":"head0fthetable","formatid":"gen9vgc2023regulationc","rating":0,"private":0,"password":""}