{"id":"gen9vgc2023regulationc-1856039064","p1":"Dizzycat","p2":"777lol","format":"[Gen 9] VGC 2023 Regulation C","log":"|j|\u2606Dizzycat\n|j|\u2606777lol\n|t:|1683021470\n|gametype|doubles\n|player|p1|Dizzycat|lyra|1000\n|player|p2|777lol|101|1080\n|teamsize|p1|6\n|teamsize|p2|6\n|gen|9\n|tier|[Gen 9] VGC 2023 Regulation C\n|rated|\n|rule|Species Clause: Limit one of each Pok\u00e9mon\n|rule|Item Clause: Limit one of each item\n|clearpoke\n|poke|p1|Iron Valiant, L50|\n|poke|p1|Annihilape, L50, M|\n|poke|p1|Scream Tail, L50|\n|poke|p1|Garganacl, L50, F|\n|poke|p1|Maushold-Four, L50|\n|poke|p1|Fletchling, L50, F|\n|poke|p2|Scovillain, L50, M|\n|poke|p2|Quaquaval, L50, F|\n|poke|p2|Armarouge, L50, M|\n|poke|p2|Kingambit, L50, F|\n|poke|p2|Azumarill, L50, F|\n|poke|p2|Tyranitar, L50, F|\n|teampreview|4\n|\n|t:|1683021515\n|start\n|switch|p1a: Garganacl|Garganacl, L50, F|100\/100\n|switch|p1b: Maushold|Maushold-Four, L50|100\/100\n|switch|p2a: Quaquaval|Quaquaval, L50, F|100\/100\n|switch|p2b: Scovillain|Scovillain, L50, M|100\/100\n|turn|1\n|\n|t:|1683021539\n|-terastallize|p1a: Garganacl|Normal\n|move|p1b: Maushold|Follow Me|p1b: Maushold\n|-singleturn|p1b: Maushold|move: Follow Me\n|move|p2b: Scovillain|Spicy Extract|p1b: Maushold\n|-boost|p1b: Maushold|atk|2\n|-unboost|p1b: Maushold|def|2\n|move|p2a: Quaquaval|Aqua Step|p1b: Maushold\n|-damage|p1b: Maushold|5\/100\n|-boost|p2a: Quaquaval|spe|1\n|move|p1a: Garganacl|Explosion|p2b: Scovillain|[spread] p1b,p2a,p2b\n|-enditem|p1a: Garganacl|Normal Gem|[from] gem\n|-damage|p1b: Maushold|0 fnt\n|-damage|p2a: Quaquaval|0 fnt\n|-damage|p2b: Scovillain|0 fnt\n|faint|p1a: Garganacl\n|faint|p1b: Maushold\n|faint|p2a: Quaquaval\n|faint|p2b: Scovillain\n|\n|upkeep\n|\n|t:|1683021556\n|switch|p1b: Fletchling|Fletchling, L50, F|100\/100\n|switch|p2a: Kingambit|Kingambit, L50, F|100\/100\n|switch|p2b: Azumarill|Azumarill, L50, F|100\/100\n|switch|p1a: Scream Tail|Scream Tail, L50|100\/100\n|turn|2\n|\n|t:|1683021571\n|-terastallize|p2a: Kingambit|Flying\n|move|p1b: Fletchling|Protect|p1b: Fletchling\n|-singleturn|p1b: Fletchling|Protect\n|move|p2b: Azumarill|Aqua Jet|p1b: Fletchling\n|-activate|p1b: Fletchling|move: Protect\n|move|p1a: Scream Tail|Perish Song|p1a: Scream Tail\n|-start|p1a: Scream Tail|perish3|[silent]\n|-start|p1b: Fletchling|perish3|[silent]\n|-start|p2a: Kingambit|perish3|[silent]\n|-start|p2b: Azumarill|perish3|[silent]\n|-fieldactivate|move: Perish Song\n|move|p2a: Kingambit|Iron Head|p1a: Scream Tail\n|-supereffective|p1a: Scream Tail\n|-damage|p1a: Scream Tail|24\/100\n|\n|-start|p1a: Scream Tail|perish3\n|-start|p1b: Fletchling|perish3\n|-start|p2b: Azumarill|perish3\n|-start|p2a: Kingambit|perish3\n|-status|p1b: Fletchling|tox|[from] item: Toxic Orb\n|upkeep\n|turn|3\n|\n|t:|1683021603\n|move|p1b: Fletchling|Fly||[still]\n|-prepare|p1b: Fletchling|Fly\n|move|p2b: Azumarill|Aqua Jet|p1b: Fletchling|[miss]\n|-miss|p2b: Azumarill|p1b: Fletchling\n|move|p2a: Kingambit|Kowtow Cleave|p1b: Fletchling|[miss]\n|-miss|p2a: Kingambit|p1b: Fletchling\n|move|p1a: Scream Tail|Trick Room|p1a: Scream Tail\n|-fieldstart|move: Trick Room|[of] p1a: Scream Tail\n|\n|-damage|p1b: Fletchling|95\/100 tox|[from] psn\n|-start|p2a: Kingambit|perish2\n|-start|p2b: Azumarill|perish2\n|-start|p1b: Fletchling|perish2\n|-start|p1a: Scream Tail|perish2\n|upkeep\n|turn|4\n|\n|t:|1683021627\n|move|p2b: Azumarill|Protect|p2b: Azumarill\n|-singleturn|p2b: Azumarill|Protect\n|move|p1a: Scream Tail|Protect|p1a: Scream Tail\n|-singleturn|p1a: Scream Tail|Protect\n|move|p2a: Kingambit|Iron Head|p1a: Scream Tail\n|-activate|p1a: Scream Tail|move: Protect\n|move|p1b: Fletchling|Fly|p2a: Kingambit|[from]lockedmove\n|-damage|p2a: Kingambit|86\/100\n|\n|-damage|p1b: Fletchling|83\/100 tox|[from] psn\n|-start|p2a: Kingambit|perish1\n|-start|p2b: Azumarill|perish1\n|-start|p1b: Fletchling|perish1\n|-start|p1a: Scream Tail|perish1\n|upkeep\n|turn|5\n|\n|t:|1683021654\n|move|p1b: Fletchling|Protect|p1b: Fletchling\n|-singleturn|p1b: Fletchling|Protect\n|move|p1a: Scream Tail|Protect||[still]\n|-fail|p1a: Scream Tail\n|move|p2a: Kingambit|Iron Head|p1a: Scream Tail\n|-supereffective|p1a: Scream Tail\n|-damage|p1a: Scream Tail|0 fnt\n|faint|p1a: Scream Tail\n|-end|p1a: Scream Tail|Protosynthesis|[silent]\n|move|p2b: Azumarill|Play Rough|p1b: Fletchling\n|-activate|p1b: Fletchling|move: Protect\n|\n|-damage|p1b: Fletchling|65\/100 tox|[from] psn\n|-start|p2a: Kingambit|perish0\n|-start|p2b: Azumarill|perish0\n|-start|p1b: Fletchling|perish0\n|faint|p2a: Kingambit\n|faint|p2b: Azumarill\n|faint|p1b: Fletchling\n|\n|win|Dizzycat\n|upkeep\n|raw|Dizzycat's rating: 1000 → 1049<\/strong> (+49 for winning)\n|raw|777lol's rating: 1080 → 1053<\/strong> (-27 for losing)\n|l|\u2606777lol\n","uploadtime":1683021685,"views":12,"p1id":"dizzycat","p2id":"777lol","formatid":"gen9vgc2023regulationc","rating":1049,"private":0,"password":""}