{"id":"gen9vgc2023regulationc-1851532563","p1":"DevasterMAT","p2":"r3gCt3st","format":"[Gen 9] VGC 2023 Regulation C","log":"|j|\u2606DevasterMAT\n|j|\u2606r3gCt3st\n|t:|1682453192\n|gametype|doubles\n|player|p1|DevasterMAT|169|1376\n|player|p2|r3gCt3st|unknown|1339\n|teamsize|p1|6\n|teamsize|p2|6\n|gen|9\n|tier|[Gen 9] VGC 2023 Regulation C\n|rated|\n|rule|Species Clause: Limit one of each Pok\u00e9mon\n|rule|Item Clause: Limit one of each item\n|clearpoke\n|poke|p1|Flutter Mane, L50|\n|poke|p1|Arcanine, L50, F|\n|poke|p1|Chien-Pao, L50|\n|poke|p1|Dragapult, L50, F|\n|poke|p1|Corviknight, L50, F|\n|poke|p1|Palafin, L50, F|\n|poke|p2|Glimmora, L50, F|\n|poke|p2|Tyranitar, L50, F|\n|poke|p2|Amoonguss, L50, M|\n|poke|p2|Ting-Lu, L50|\n|poke|p2|Gholdengo, L50|\n|poke|p2|Great Tusk, L50|\n|teampreview|4\n|\n|t:|1682453255\n|start\n|switch|p1a: Corviknight|Corviknight, L50, F|100\/100\n|switch|p1b: Palafin|Palafin, L50, F|100\/100\n|switch|p2a: Glimmora|Glimmora, L50, F|100\/100\n|switch|p2b: Tyranitar|Tyranitar, L50, F|100\/100\n|-weather|Sandstorm|[from] ability: Sand Stream|[of] p2b: Tyranitar\n|turn|1\n|\n|t:|1682453273\n|detailschange|p1b: Palafin|Palafin-Hero, L50, F\n|switch|p1b: Arcanine|Arcanine, L50, F|100\/100\n|-ability|p1b: Arcanine|Intimidate|boost\n|-unboost|p2a: Glimmora|atk|1\n|-unboost|p2b: Tyranitar|atk|1\n|move|p2b: Tyranitar|Dragon Dance|p2b: Tyranitar\n|-boost|p2b: Tyranitar|atk|1\n|-boost|p2b: Tyranitar|spe|1\n|move|p2a: Glimmora|Energy Ball|p1b: Arcanine\n|-resisted|p1b: Arcanine\n|-damage|p1b: Arcanine|83\/100\n|move|p1a: Corviknight|Iron Defense|p1a: Corviknight\n|-boost|p1a: Corviknight|def|2\n|\n|-weather|Sandstorm|[upkeep]\n|-damage|p1b: Arcanine|76\/100|[from] Sandstorm\n|upkeep\n|turn|2\n|\n|t:|1682453308\n|switch|p1b: Palafin|Palafin-Hero, L50, F|100\/100\n|-activate|p1b: Palafin|ability: Zero to Hero\n|-terastallize|p2b: Tyranitar|Flying\n|move|p2b: Tyranitar|Dragon Dance|p2b: Tyranitar\n|-boost|p2b: Tyranitar|atk|1\n|-boost|p2b: Tyranitar|spe|1\n|move|p2a: Glimmora|Power Gem|p1b: Palafin\n|-crit|p1b: Palafin\n|-damage|p1b: Palafin|33\/100\n|move|p1a: Corviknight|Tailwind|p1a: Corviknight\n|-sidestart|p1: DevasterMAT|move: Tailwind\n|\n|-weather|Sandstorm|[upkeep]\n|-damage|p1b: Palafin|27\/100|[from] Sandstorm\n|-damage|p2b: Tyranitar|95\/100|[from] Sandstorm\n|upkeep\n|turn|3\n|\n|t:|1682453334\n|switch|p1b: Arcanine|Arcanine, L50, F|76\/100\n|-ability|p1b: Arcanine|Intimidate|boost\n|-unboost|p2a: Glimmora|atk|1\n|-unboost|p2b: Tyranitar|atk|1\n|move|p2b: Tyranitar|Rock Slide|p1b: Arcanine|[spread] p1a,p1b\n|-supereffective|p1b: Arcanine\n|-damage|p1a: Corviknight|92\/100\n|-damage|p1b: Arcanine|24\/100\n|-enditem|p1b: Arcanine|Sitrus Berry|[eat]\n|-heal|p1b: Arcanine|49\/100|[from] item: Sitrus Berry\n|move|p1a: Corviknight|Iron Defense|p1a: Corviknight\n|-boost|p1a: Corviknight|def|2\n|move|p2a: Glimmora|Energy Ball|p1b: Arcanine\n|-resisted|p1b: Arcanine\n|-damage|p1b: Arcanine|29\/100\n|\n|-weather|Sandstorm|[upkeep]\n|-damage|p1b: Arcanine|23\/100|[from] Sandstorm\n|-damage|p2b: Tyranitar|89\/100|[from] Sandstorm\n|upkeep\n|turn|4\n|\n|t:|1682453353\n|move|p1b: Arcanine|Protect|p1b: Arcanine\n|-singleturn|p1b: Arcanine|Protect\n|move|p2b: Tyranitar|Dragon Dance|p2b: Tyranitar\n|-boost|p2b: Tyranitar|atk|1\n|-boost|p2b: Tyranitar|spe|1\n|move|p1a: Corviknight|Body Press|p2b: Tyranitar\n|-resisted|p2b: Tyranitar\n|-damage|p2b: Tyranitar|61\/100\n|move|p2a: Glimmora|Energy Ball|p1b: Arcanine\n|-activate|p1b: Arcanine|move: Protect\n|\n|-weather|Sandstorm|[upkeep]\n|-damage|p2b: Tyranitar|55\/100|[from] Sandstorm\n|-damage|p1b: Arcanine|16\/100|[from] Sandstorm\n|upkeep\n|turn|5\n|\n|t:|1682453376\n|move|p2b: Tyranitar|Rock Slide|p1b: Arcanine|[spread] p1a,p1b\n|-supereffective|p1b: Arcanine\n|-damage|p1a: Corviknight|82\/100\n|-damage|p1b: Arcanine|0 fnt\n|faint|p1b: Arcanine\n|cant|p1a: Corviknight|flinch\n|move|p2a: Glimmora|Power Gem|p1a: Corviknight\n|-damage|p1a: Corviknight|43\/100\n|\n|-weather|none\n|-sideend|p1: DevasterMAT|move: Tailwind\n|upkeep\n|\n|t:|1682453385\n|switch|p1b: Palafin|Palafin-Hero, L50, F|27\/100\n|turn|6\n|\n|t:|1682453413\n|move|p1b: Palafin|Jet Punch|p2a: Glimmora\n|-supereffective|p2a: Glimmora\n|-damage|p2a: Glimmora|3\/100\n|-activate|p2a: Glimmora|ability: Toxic Debris\n|-sidestart|p1: DevasterMAT|move: Toxic Spikes\n|move|p2b: Tyranitar|Rock Slide|p1a: Corviknight|[spread] p1b\n|-miss|p2b: Tyranitar|p1a: Corviknight\n|-damage|p1b: Palafin|0 fnt\n|faint|p1b: Palafin\n|move|p2a: Glimmora|Power Gem|p1a: Corviknight\n|-damage|p1a: Corviknight|5\/100\n|move|p1a: Corviknight|Roost|p1a: Corviknight\n|-heal|p1a: Corviknight|55\/100\n|-singleturn|p1a: Corviknight|move: Roost\n|\n|upkeep\n|\n|t:|1682453427\n|switch|p1b: Chien-Pao|Chien-Pao, L50|100\/100\n|-status|p1b: Chien-Pao|psn\n|-ability|p1b: Chien-Pao|Sword of Ruin\n|turn|7\n|\n|t:|1682453457\n|move|p1b: Chien-Pao|Protect|p1b: Chien-Pao\n|-singleturn|p1b: Chien-Pao|Protect\n|move|p2b: Tyranitar|Rock Slide|p1b: Chien-Pao|[spread] p1a\n|-activate|p1b: Chien-Pao|move: Protect\n|-damage|p1a: Corviknight|43\/100\n|move|p2a: Glimmora|Power Gem|p1a: Corviknight\n|-damage|p1a: Corviknight|6\/100\n|move|p1a: Corviknight|Body Press|p2a: Glimmora\n|-damage|p2a: Glimmora|0 fnt\n|-activate|p2a: Glimmora|ability: Toxic Debris\n|-sidestart|p1: DevasterMAT|move: Toxic Spikes\n|faint|p2a: Glimmora\n|\n|-damage|p1b: Chien-Pao|88\/100 psn|[from] psn\n|upkeep\n|\n|t:|1682453464\n|switch|p2a: Amoonguss|Amoonguss, L50, M|100\/100\n|turn|8\n|\n|t:|1682453485\n|-terastallize|p1b: Chien-Pao|Dark\n|move|p2a: Amoonguss|Rage Powder|p2a: Amoonguss\n|-singleturn|p2a: Amoonguss|move: Rage Powder\n|move|p1b: Chien-Pao|Sucker Punch||[still]\n|-fail|p1b: Chien-Pao\n|move|p2b: Tyranitar|Crunch|p1a: Corviknight\n|-damage|p1a: Corviknight|0 fnt\n|faint|p1a: Corviknight\n|\n|-damage|p1b: Chien-Pao|76\/100 psn|[from] psn\n|upkeep\n|turn|9\n|-message|DevasterMAT forfeited.\n|\n|win|r3gCt3st\n|raw|DevasterMAT's rating: 1376 → 1354<\/strong> (-22 for losing)\n|raw|r3gCt3st's rating: 1339 → 1361<\/strong> (+22 for winning)\n|l|\u2606DevasterMAT\n","uploadtime":1682453508,"views":10,"p1id":"devastermat","p2id":"r3gct3st","formatid":"gen9vgc2023regulationc","rating":1354,"private":0,"password":""}