{"id":"gen9vgc2023regulationc-1852616876","p1":"Prompto88","p2":"KZ17","format":"[Gen 9] VGC 2023 Regulation C","log":"|j|\u2606Prompto88\n|j|\u2606KZ17\n|t:|1682585899\n|gametype|doubles\n|player|p1|Prompto88|169|1129\n|player|p2|KZ17|red|1040\n|teamsize|p1|6\n|teamsize|p2|6\n|gen|9\n|tier|[Gen 9] VGC 2023 Regulation C\n|rated|\n|rule|Species Clause: Limit one of each Pok\u00e9mon\n|rule|Item Clause: Limit one of each item\n|clearpoke\n|poke|p1|Gyarados, L50, M|\n|poke|p1|Arcanine, L50, F|\n|poke|p1|Garganacl, L50, M|\n|poke|p1|Ting-Lu, L50|\n|poke|p1|Wo-Chien, L50|\n|poke|p1|Orthworm, L50, F|\n|poke|p2|Ting-Lu, L50|\n|poke|p2|Dragonite, L50, F|\n|poke|p2|Palafin, L50, F|\n|poke|p2|Flutter Mane, L50|\n|poke|p2|Chien-Pao, L50|\n|poke|p2|Ceruledge, L50, M|\n|teampreview|4\n|inactive|Battle timer is ON: inactive players will automatically lose when time's up. (requested by KZ17)\n|inactive|Prompto88 also wants the timer to be on.\n|\n|t:|1682585917\n|start\n|switch|p1a: Gyarados|Gyarados, L50, M|100\/100\n|switch|p1b: Garganacl|Garganacl, L50, M|100\/100\n|switch|p2a: Dragonite|Dragonite, L50, F|100\/100\n|switch|p2b: Palafin|Palafin, L50, F|100\/100\n|-ability|p1a: Gyarados|Intimidate|boost\n|-unboost|p2a: Dragonite|atk|1\n|-unboost|p2b: Palafin|atk|1\n|turn|1\n|\n|t:|1682585930\n|switch|p1a: Arcanine|Arcanine, L50, F|100\/100\n|-ability|p1a: Arcanine|Intimidate|boost\n|-unboost|p2a: Dragonite|atk|1\n|-unboost|p2b: Palafin|atk|1\n|move|p2b: Palafin|Wave Crash|p1b: Garganacl\n|-supereffective|p1b: Garganacl\n|-damage|p1b: Garganacl|59\/100\n|-damage|p2b: Palafin|84\/100|[from] Recoil\n|move|p2a: Dragonite|Dragon Dance|p2a: Dragonite\n|-boost|p2a: Dragonite|atk|1\n|-boost|p2a: Dragonite|spe|1\n|move|p1b: Garganacl|Salt Cure|p2a: Dragonite\n|-supereffective|p2a: Dragonite\n|-damage|p2a: Dragonite|84\/100\n|-start|p2a: Dragonite|Salt Cure\n|-enditem|p2a: Dragonite|Weakness Policy\n|-boost|p2a: Dragonite|atk|2|[from] item: Weakness Policy\n|-boost|p2a: Dragonite|spa|2|[from] item: Weakness Policy\n|\n|-heal|p1b: Garganacl|65\/100|[from] item: Leftovers\n|-damage|p2a: Dragonite|72\/100|[from] Salt Cure\n|upkeep\n|turn|2\n|inactive|Prompto88 has 30 seconds left.\n|\n|t:|1682585955\n|switch|p1b: Gyarados|Gyarados, L50, M|100\/100\n|-ability|p1b: Gyarados|Intimidate|boost\n|-unboost|p2a: Dragonite|atk|1\n|-unboost|p2b: Palafin|atk|1\n|move|p2a: Dragonite|Dragon Claw|p1b: Gyarados\n|-damage|p1b: Gyarados|54\/100\n|move|p2b: Palafin|Wave Crash|p1b: Gyarados\n|-resisted|p1b: Gyarados\n|-damage|p1b: Gyarados|41\/100\n|-damage|p2b: Palafin|79\/100|[from] Recoil\n|move|p1a: Arcanine|Will-O-Wisp|p2a: Dragonite\n|-status|p2a: Dragonite|brn\n|\n|-damage|p2a: Dragonite|66\/100 brn|[from] brn\n|-damage|p2a: Dragonite|54\/100 brn|[from] Salt Cure\n|upkeep\n|turn|3\n|\n|t:|1682585979\n|switch|p1b: Orthworm|Orthworm, L50, F|100\/100\n|move|p2a: Dragonite|Roost|p2a: Dragonite\n|-heal|p2a: Dragonite|100\/100 brn\n|-singleturn|p2a: Dragonite|move: Roost\n|move|p2b: Palafin|Wave Crash|p1a: Arcanine\n|-supereffective|p1a: Arcanine\n|-damage|p1a: Arcanine|48\/100\n|-damage|p2b: Palafin|60\/100|[from] Recoil\n|move|p1a: Arcanine|Will-O-Wisp|p2b: Palafin|[miss]\n|-miss|p1a: Arcanine|p2b: Palafin\n|\n|-damage|p2a: Dragonite|94\/100 brn|[from] brn\n|-damage|p2a: Dragonite|82\/100 brn|[from] Salt Cure\n|upkeep\n|turn|4\n|\n|t:|1682585997\n|detailschange|p2b: Palafin|Palafin-Hero, L50, F\n|switch|p2b: Ceruledge|Ceruledge, L50, M|100\/100\n|switch|p1a: Gyarados|Gyarados, L50, M|41\/100\n|-ability|p1a: Gyarados|Intimidate|boost\n|-unboost|p2a: Dragonite|atk|1\n|-unboost|p2b: Ceruledge|atk|1\n|move|p2a: Dragonite|Dragon Dance|p2a: Dragonite\n|-boost|p2a: Dragonite|atk|1\n|-boost|p2a: Dragonite|spe|1\n|move|p1b: Orthworm|Iron Defense|p1b: Orthworm\n|-boost|p1b: Orthworm|def|2\n|\n|-damage|p2a: Dragonite|76\/100 brn|[from] brn\n|-damage|p2a: Dragonite|64\/100 brn|[from] Salt Cure\n|upkeep\n|turn|5\n|\n|t:|1682586018\n|-terastallize|p1b: Orthworm|Ghost\n|move|p2a: Dragonite|Dragon Claw|p1a: Gyarados\n|-damage|p1a: Gyarados|17\/100\n|-enditem|p1a: Gyarados|Figy Berry|[eat]\n|-heal|p1a: Gyarados|50\/100|[from] item: Figy Berry\n|move|p1a: Gyarados|Thunder Wave|p2b: Ceruledge\n|-status|p2b: Ceruledge|par\n|move|p1b: Orthworm|Iron Defense|p1b: Orthworm\n|-boost|p1b: Orthworm|def|2\n|move|p2b: Ceruledge|Bitter Blade|p1b: Orthworm\n|-damage|p1b: Orthworm|95\/100\n|\n|-damage|p2a: Dragonite|58\/100 brn|[from] brn\n|-damage|p2a: Dragonite|46\/100 brn|[from] Salt Cure\n|upkeep\n|turn|6\n|inactive|KZ17 has 30 seconds left.\n|inactive|KZ17 has 20 seconds left.\n|inactive|KZ17 has 15 seconds left.\n|inactive|KZ17 has 10 seconds left.\n|\n|t:|1682586066\n|move|p2b: Ceruledge|Shadow Sneak|p1b: Orthworm\n|-supereffective|p1b: Orthworm\n|-damage|p1b: Orthworm|88\/100\n|move|p2a: Dragonite|Dragon Claw|p1a: Gyarados\n|-damage|p1a: Gyarados|28\/100\n|move|p1a: Gyarados|Waterfall|p2b: Ceruledge\n|-supereffective|p2b: Ceruledge\n|-damage|p2b: Ceruledge|20\/100 par\n|move|p1b: Orthworm|Iron Defense|p1b: Orthworm\n|-boost|p1b: Orthworm|def|2\n|\n|-damage|p2a: Dragonite|40\/100 brn|[from] brn\n|-damage|p2a: Dragonite|28\/100 brn|[from] Salt Cure\n|upkeep\n|turn|7\n|\n|t:|1682586086\n|move|p2a: Dragonite|Roost|p2a: Dragonite\n|-heal|p2a: Dragonite|78\/100 brn\n|-singleturn|p2a: Dragonite|move: Roost\n|move|p1a: Gyarados|Waterfall|p2b: Ceruledge\n|-supereffective|p2b: Ceruledge\n|-damage|p2b: Ceruledge|0 fnt\n|faint|p2b: Ceruledge\n|move|p1b: Orthworm|Body Press|p2a: Dragonite\n|-damage|p2a: Dragonite|0 fnt\n|faint|p2a: Dragonite\n|\n|upkeep\n|\n|t:|1682586095\n|switch|p2a: Chien-Pao|Chien-Pao, L50|100\/100\n|switch|p2b: Palafin|Palafin-Hero, L50, F|60\/100\n|-ability|p2a: Chien-Pao|Sword of Ruin\n|-activate|p2b: Palafin|ability: Zero to Hero\n|turn|8\n|\n|t:|1682586105\n|switch|p1a: Arcanine|Arcanine, L50, F|48\/100\n|-ability|p1a: Arcanine|Intimidate|boost\n|-unboost|p2a: Chien-Pao|atk|1\n|-unboost|p2b: Palafin|atk|1\n|-terastallize|p2a: Chien-Pao|Electric\n|move|p2a: Chien-Pao|Tera Blast|p1a: Arcanine\n|-damage|p1a: Arcanine|13\/100\n|move|p2b: Palafin|Wave Crash|p1b: Orthworm\n|-damage|p1b: Orthworm|70\/100\n|-damage|p2b: Palafin|54\/100|[from] Recoil\n|move|p1b: Orthworm|Body Press|p2b: Palafin\n|-damage|p2b: Palafin|0 fnt\n|faint|p2b: Palafin\n|\n|upkeep\n|turn|9\n|\n|t:|1682586121\n|switch|p1a: Gyarados|Gyarados, L50, M|28\/100\n|-ability|p1a: Gyarados|Intimidate|boost\n|-unboost|p2a: Chien-Pao|atk|1\n|move|p2a: Chien-Pao|Crunch|p1a: Gyarados\n|-damage|p1a: Gyarados|1\/100\n|move|p1b: Orthworm|Body Press|p2a: Chien-Pao\n|-enditem|p2a: Chien-Pao|Focus Sash\n|-damage|p2a: Chien-Pao|1\/100\n|\n|upkeep\n|turn|10\n|-message|KZ17 forfeited.\n|\n|win|Prompto88\n|raw|Prompto88's rating: 1129 → 1148<\/strong> (+19 for winning)\n|raw|KZ17's rating: 1040 → 1028<\/strong> (-12 for losing)\n|l|\u2606KZ17\n","uploadtime":1682586134,"views":16,"p1id":"prompto88","p2id":"kz17","formatid":"gen9vgc2023regulationc","rating":1028,"private":0,"password":""}