{"id":"gen9vgc2023regulationc-1851370460","p1":"Seal00","p2":"The Dod","format":"[Gen 9] VGC 2023 Regulation C","log":"|j|\u2606Seal00\n|j|\u2606The Dod\n|t:|1682439668\n|gametype|doubles\n|player|p1|Seal00|266|1066\n|player|p2|The Dod|giovanni|1111\n|teamsize|p1|5\n|teamsize|p2|6\n|gen|9\n|tier|[Gen 9] VGC 2023 Regulation C\n|rated|\n|rule|Species Clause: Limit one of each Pok\u00e9mon\n|rule|Item Clause: Limit one of each item\n|clearpoke\n|poke|p1|Talonflame, L50, F|\n|poke|p1|Slither Wing, L50|\n|poke|p1|Gyarados, L50, M|\n|poke|p1|Flutter Mane, L50|\n|poke|p1|Iron Bundle, L50|\n|poke|p2|Torkoal, L50, M|\n|poke|p2|Oranguru, L50, F|\n|poke|p2|Great Tusk, L50|\n|poke|p2|Chi-Yu, L50|\n|poke|p2|Dachsbun, L50, F|\n|poke|p2|Lilligant, L50, F|\n|teampreview|4\n|inactive|Battle timer is ON: inactive players will automatically lose when time's up. (requested by The Dod)\nThe Dod has agreed to open team sheets.\n|inactive|The Dod has 60 seconds left.\nSeal00 has agreed to open team sheets.\n|inactive|Seal00 has 60 seconds left.\n|\n|t:|1682439732\n|start\n|switch|p1a: Slither Wing|Slither Wing, L50|100\/100\n|switch|p1b: Talonflame|Talonflame, L50, F|100\/100\n|switch|p2a: Chi-Yu|Chi-Yu, L50|100\/100\n|switch|p2b: Dachsbun|Dachsbun, L50, F|100\/100\n|-ability|p2a: Chi-Yu|Beads of Ruin\n|turn|1\n|inactive|Seal00 has 30 seconds left.\n|\n|t:|1682439761\n|-terastallize|p1a: Slither Wing|Fire\n|move|p2a: Chi-Yu|Protect|p2a: Chi-Yu\n|-singleturn|p2a: Chi-Yu|Protect\n|move|p2b: Dachsbun|Protect|p2b: Dachsbun\n|-singleturn|p2b: Dachsbun|Protect\n|move|p1b: Talonflame|Tailwind|p1b: Talonflame\n|-sidestart|p1: Seal00|move: Tailwind\n|move|p1a: Slither Wing|Close Combat|p2a: Chi-Yu\n|-activate|p2a: Chi-Yu|move: Protect\n|\n|upkeep\n|turn|2\n|inactive|The Dod has 30 seconds left.\n|\n|t:|1682439789\n|switch|p2a: Oranguru|Oranguru, L50, F|100\/100\n|move|p1b: Talonflame|Taunt|p2b: Dachsbun\n|-start|p2b: Dachsbun|move: Taunt\n|move|p1a: Slither Wing|Close Combat|p2a: Oranguru\n|-damage|p2a: Oranguru|35\/100\n|-unboost|p1a: Slither Wing|def|1\n|-unboost|p1a: Slither Wing|spd|1\n|cant|p2b: Dachsbun|move: Taunt|Yawn\n|\n|upkeep\n|turn|3\n|inactive|Seal00 has 30 seconds left.\n|inactive|The Dod has 30 seconds left.\n|inactive|The Dod has 20 seconds left.\n|\n|t:|1682439825\n|switch|p2b: Chi-Yu|Chi-Yu, L50|100\/100\n|-ability|p2b: Chi-Yu|Beads of Ruin\n|move|p1b: Talonflame|Sunny Day|p1b: Talonflame\n|-weather|SunnyDay\n|-activate|p1a: Slither Wing|ability: Protosynthesis\n|-start|p1a: Slither Wing|protosynthesisatk\n|move|p1a: Slither Wing|Leech Life|p2a: Oranguru\n|-supereffective|p2a: Oranguru\n|-damage|p2a: Oranguru|0 fnt\n|faint|p2a: Oranguru\n|\n|-weather|SunnyDay|[upkeep]\n|upkeep\n|inactive|The Dod has 30 seconds left.\n|\n|t:|1682439857\n|switch|p2a: Dachsbun|Dachsbun, L50, F|100\/100\n|turn|4\n|inactive|The Dod has 30 seconds left.\n|\n|t:|1682439886\n|-terastallize|p2a: Dachsbun|Steel\n|move|p1b: Talonflame|Taunt|p2a: Dachsbun\n|-start|p2a: Dachsbun|move: Taunt\n|move|p1a: Slither Wing|Leech Life|p2b: Chi-Yu\n|-crit|p2b: Chi-Yu\n|-enditem|p2b: Chi-Yu|Focus Sash\n|-damage|p2b: Chi-Yu|1\/100\n|move|p2b: Chi-Yu|Lava Plume|p1a: Slither Wing|[spread] p1a,p1b\n|-ability|p2a: Dachsbun|Well-Baked Body|boost\n|-boost|p2a: Dachsbun|def|2\n|-resisted|p1a: Slither Wing\n|-resisted|p1b: Talonflame\n|-damage|p1a: Slither Wing|70\/100\n|-damage|p1b: Talonflame|56\/100\n|move|p2a: Dachsbun|Body Press|p1a: Slither Wing\n|-damage|p1a: Slither Wing|0 fnt\n|faint|p1a: Slither Wing\n|-end|p1a: Slither Wing|Protosynthesis|[silent]\n|\n|-weather|SunnyDay|[upkeep]\n|-sideend|p1: Seal00|move: Tailwind\n|upkeep\n|\n|t:|1682439908\n|switch|p1a: Flutter Mane|Flutter Mane, L50|100\/100\n|-activate|p1a: Flutter Mane|ability: Protosynthesis\n|-start|p1a: Flutter Mane|protosynthesisspa\n|turn|5\n|\n|t:|1682439930\n|switch|p2b: Torkoal|Torkoal, L50, M|100\/100\n|move|p1b: Talonflame|Tailwind|p1b: Talonflame\n|-sidestart|p1: Seal00|move: Tailwind\n|move|p1a: Flutter Mane|Shadow Ball|p2a: Dachsbun\n|-damage|p2a: Dachsbun|0 fnt\n|faint|p2a: Dachsbun\n|\n|-weather|SunnyDay|[upkeep]\n|upkeep\n|\n|t:|1682439941\n|switch|p2a: Chi-Yu|Chi-Yu, L50|1\/100\n|-ability|p2a: Chi-Yu|Beads of Ruin\n|turn|6\n|\n|t:|1682439966\n|move|p1b: Talonflame|Brave Bird|p2a: Chi-Yu\n|-damage|p2a: Chi-Yu|0 fnt\n|faint|p2a: Chi-Yu\n|-damage|p1b: Talonflame|55\/100|[from] Recoil\n|move|p1a: Flutter Mane|Shadow Ball|p2b: Torkoal\n|-damage|p2b: Torkoal|0 fnt\n|faint|p2b: Torkoal\n|\n|win|Seal00\n|raw|Seal00's rating: 1066 → 1100<\/strong> (+34 for winning)\n|raw|The Dod's rating: 1111 → 1083<\/strong> (-28 for losing)\n|c|\u2606The Dod|ggs\n","uploadtime":1682439994,"views":11,"p1id":"seal00","p2id":"thedod","formatid":"gen9vgc2023regulationc","rating":1083,"private":0,"password":""}