{"id":"gen9vgc2023regulationc-1852778110","p1":"zarderino","p2":"Scorpion257","format":"[Gen 9] VGC 2023 Regulation C","log":"|j|\u2606zarderino\n|j|\u2606Scorpion257\n|t:|1682605504\n|gametype|doubles\n|player|p1|zarderino|266|1458\n|player|p2|Scorpion257|giovanni|1467\n|teamsize|p1|6\n|teamsize|p2|6\n|gen|9\n|tier|[Gen 9] VGC 2023 Regulation C\n|rated|\n|rule|Species Clause: Limit one of each Pok\u00e9mon\n|rule|Item Clause: Limit one of each item\n|clearpoke\n|poke|p1|Annihilape, L50, M|\n|poke|p1|Maushold-Four, L50|\n|poke|p1|Azumarill, L50, F|\n|poke|p1|Flutter Mane, L50|\n|poke|p1|Chien-Pao, L50|\n|poke|p1|Dragonite, L50, F|\n|poke|p2|Flutter Mane, L50|\n|poke|p2|Chi-Yu, L50|\n|poke|p2|Dondozo, L50, F|\n|poke|p2|Tatsugiri, L50, M|\n|poke|p2|Wo-Chien, L50|\n|poke|p2|Glimmora, L50, F|\n|teampreview|4\n|inactive|Battle timer is ON: inactive players will automatically lose when time's up. (requested by Scorpion257)\nScorpion257 has agreed to open team sheets.\nzarderino rejected open team sheets.\n|\n|t:|1682605526\n|start\n|switch|p1a: Annihilape|Annihilape, L50, M|100\/100\n|switch|p1b: Maushold|Maushold-Four, L50|100\/100\n|switch|p2a: Wo-Chien|Wo-Chien, L50|100\/100\n|switch|p2b: Twitter|Glimmora, L50, F|100\/100\n|-ability|p2a: Wo-Chien|Tablets of Ruin\n|turn|1\n|inactive|zarderino has 30 seconds left.\n|inactive|zarderino has 20 seconds left.\n|inactive|zarderino has 15 seconds left.\n|inactive|zarderino has 10 seconds left.\n|inactive|zarderino has 5 seconds left.\n|\n|t:|1682605581\n|move|p1b: Maushold|Super Fang|p2b: Twitter|[miss]\n|-miss|p1b: Maushold|p2b: Twitter\n|move|p1a: Annihilape|Drain Punch|p2b: Twitter\n|-damage|p2b: Twitter|75\/100\n|move|p2b: Twitter|Mortal Spin|p1b: Maushold|[spread] p1a,p1b\n|-resisted|p1a: Annihilape\n|-damage|p1a: Annihilape|99\/100\n|-damage|p1b: Maushold|97\/100\n|-status|p1a: Annihilape|psn\n|-status|p1b: Maushold|psn\n|move|p2a: Wo-Chien|Leech Seed|p1a: Annihilape\n|-start|p1a: Annihilape|move: Leech Seed\n|\n|-heal|p1a: Annihilape|100\/100 psn|[from] item: Leftovers\n|-damage|p1a: Annihilape|88\/100 psn|[from] Leech Seed|[of] p2a: Wo-Chien\n|-damage|p1b: Maushold|85\/100 psn|[from] psn\n|-damage|p1a: Annihilape|76\/100 psn|[from] psn\n|upkeep\n|turn|2\n|\n|t:|1682605604\n|move|p1b: Maushold|Super Fang|p2a: Wo-Chien|[miss]\n|-miss|p1b: Maushold|p2a: Wo-Chien\n|move|p1a: Annihilape|Drain Punch|p2a: Wo-Chien\n|-supereffective|p2a: Wo-Chien\n|-damage|p2a: Wo-Chien|59\/100\n|-heal|p1a: Annihilape|94\/100 psn|[from] drain|[of] p2a: Wo-Chien\n|move|p2b: Twitter|Venoshock|p1b: Maushold\n|-damage|p1b: Maushold|14\/100 psn\n|move|p2a: Wo-Chien|Pollen Puff|p2b: Twitter\n|-heal|p2b: Twitter|100\/100\n|\n|-heal|p1a: Annihilape|99\/100 psn|[from] item: Leftovers\n|-damage|p1a: Annihilape|88\/100 psn|[from] Leech Seed|[of] p2a: Wo-Chien\n|-heal|p2a: Wo-Chien|73\/100|[silent]\n|-damage|p1b: Maushold|2\/100 psn|[from] psn\n|-damage|p1a: Annihilape|75\/100 psn|[from] psn\n|upkeep\n|turn|3\n|inactive|Scorpion257 has 30 seconds left.\n|\n|t:|1682605633\n|move|p2a: Wo-Chien|Protect|p2a: Wo-Chien\n|-singleturn|p2a: Wo-Chien|Protect\n|move|p1b: Maushold|Beat Up|p1a: Annihilape\n|-damage|p1a: Annihilape|74\/100 psn\n|-damage|p1a: Annihilape|72\/100 psn\n|-damage|p1a: Annihilape|71\/100 psn\n|-hitcount|p1a: Annihilape|3\n|move|p1a: Annihilape|Rage Fist|p2b: Twitter\n|-damage|p2b: Twitter|30\/100\n|move|p2b: Twitter|Venoshock|p1b: Maushold\n|-damage|p1b: Maushold|0 fnt\n|faint|p1b: Maushold\n|\n|-heal|p1a: Annihilape|77\/100 psn|[from] item: Leftovers\n|-damage|p1a: Annihilape|65\/100 psn|[from] Leech Seed|[of] p2a: Wo-Chien\n|-heal|p2a: Wo-Chien|87\/100|[silent]\n|-damage|p1a: Annihilape|52\/100 psn|[from] psn\n|upkeep\n|\n|t:|1682605648\n|switch|p1b: Chien-Pao|Chien-Pao, L50|100\/100\n|-ability|p1b: Chien-Pao|Sword of Ruin\n|turn|4\n|\n|t:|1682605658\n|move|p1b: Chien-Pao|Ice Spinner|p2a: Wo-Chien\n|-supereffective|p2a: Wo-Chien\n|-damage|p2a: Wo-Chien|23\/100\n|-enditem|p2a: Wo-Chien|Sitrus Berry|[eat]\n|-heal|p2a: Wo-Chien|48\/100|[from] item: Sitrus Berry\n|move|p1a: Annihilape|Rage Fist|p2a: Wo-Chien\n|-resisted|p2a: Wo-Chien\n|-crit|p2a: Wo-Chien\n|-damage|p2a: Wo-Chien|0 fnt\n|faint|p2a: Wo-Chien\n|move|p2b: Twitter|Power Gem|p1b: Chien-Pao\n|-supereffective|p1b: Chien-Pao\n|-enditem|p1b: Chien-Pao|Focus Sash\n|-damage|p1b: Chien-Pao|1\/100\n|\n|-heal|p1a: Annihilape|58\/100 psn|[from] item: Leftovers\n|-damage|p1a: Annihilape|46\/100 psn|[from] psn\n|upkeep\n|\n|t:|1682605672\n|switch|p2a: Dondozo|Dondozo, L50, F|100\/100\n|turn|5\n|inactive|Scorpion257 has 30 seconds left.\n|\n|t:|1682605701\n|move|p2a: Dondozo|Protect|p2a: Dondozo\n|-singleturn|p2a: Dondozo|Protect\n|move|p1b: Chien-Pao|Haze|p1b: Chien-Pao\n|-clearallboost\n|move|p1a: Annihilape|Rage Fist|p2b: Twitter\n|-damage|p2b: Twitter|0 fnt\n|faint|p2b: Twitter\n|\n|-heal|p1a: Annihilape|52\/100 psn|[from] item: Leftovers\n|-damage|p1a: Annihilape|39\/100 psn|[from] Leech Seed|[of] p2a: Dondozo\n|-damage|p1a: Annihilape|27\/100 psn|[from] psn\n|upkeep\n|\n|t:|1682605709\n|switch|p2b: Tatsugiri|Tatsugiri, L50, M|100\/100\n|-activate|p2b: Tatsugiri|ability: Commander|[of] p2a: Dondozo\n|-boost|p2a: Dondozo|atk|2\n|-boost|p2a: Dondozo|spa|2\n|-boost|p2a: Dondozo|spe|2\n|-boost|p2a: Dondozo|def|2\n|-boost|p2a: Dondozo|spd|2\n|turn|6\n|\n|t:|1682605723\n|move|p1b: Chien-Pao|Haze|p1b: Chien-Pao\n|-clearallboost\n|move|p1a: Annihilape|Rage Fist|p2a: Dondozo\n|-damage|p2a: Dondozo|0 fnt\n|faint|p2a: Dondozo\n|\n|-heal|p1a: Annihilape|33\/100 psn|[from] item: Leftovers\n|-damage|p1a: Annihilape|20\/100 psn|[from] psn\n|upkeep\n|turn|7\n|\n|t:|1682605735\n|-terastallize|p2b: Tatsugiri|Water\n|move|p1b: Chien-Pao|Sucker Punch|p2b: Tatsugiri\n|-damage|p2b: Tatsugiri|17\/100\n|move|p2b: Tatsugiri|Muddy Water|p1a: Annihilape|[spread] p1a\n|-miss|p2b: Tatsugiri|p1b: Chien-Pao\n|-damage|p1a: Annihilape|0 fnt\n|faint|p1a: Annihilape\n|\n|upkeep\n|\n|t:|1682605742\n|switch|p1a: Azumarill|Azumarill, L50, F|100\/100\n|turn|8\n|-message|Scorpion257 forfeited.\n|\n|win|zarderino\n|raw|zarderino's rating: 1458 → 1479<\/strong> (+21 for winning)\n|raw|Scorpion257's rating: 1467 → 1446<\/strong> (-21 for losing)\n|l|\u2606Scorpion257\n","uploadtime":1682605795,"views":9,"p1id":"zarderino","p2id":"scorpion257","formatid":"gen9vgc2023regulationc","rating":1446,"private":0,"password":""}