{"id":"gen9vgc2023regulationc-1860148913","p1":"Espada007","p2":"bwahacough","format":"[Gen 9] VGC 2023 Regulation C","log":"|j|\u2606Espada007\n|j|\u2606bwahacough\n|t:|1683601230\n|gametype|doubles\n|player|p1|Espada007|101|1574\n|player|p2|bwahacough|madame-gen4|1766\n|teamsize|p1|6\n|teamsize|p2|6\n|gen|9\n|tier|[Gen 9] VGC 2023 Regulation C\n|rated|\n|rule|Species Clause: Limit one of each Pok\u00e9mon\n|rule|Item Clause: Limit one of each item\n|clearpoke\n|poke|p1|Flutter Mane, L50|\n|poke|p1|Baxcalibur, L50, M|\n|poke|p1|Palafin, L50, M|\n|poke|p1|Abomasnow, L50, F|\n|poke|p1|Arcanine, L50, F|\n|poke|p1|Braviary, L50, M|\n|poke|p2|Lycanroc, L50, F|\n|poke|p2|Tyranitar, L50, F|\n|poke|p2|Flutter Mane, L50|\n|poke|p2|Chi-Yu, L50|\n|poke|p2|Corviknight, L50, M|\n|poke|p2|Farigiraf, L50, M|\n|teampreview|4\n|\n|t:|1683601257\n|start\n|switch|p1a: Flutter Mane|Flutter Mane, L50|100\/100\n|switch|p1b: Palafin|Palafin, L50, M|100\/100\n|switch|p2a: Lycanroc|Lycanroc, L50, F|100\/100\n|switch|p2b: Tyranitar|Tyranitar, L50, F, shiny|100\/100\n|-weather|Sandstorm|[from] ability: Sand Stream|[of] p2b: Tyranitar\n|turn|1\n|\n|t:|1683601264\n|detailschange|p1b: Palafin|Palafin-Hero, L50, M\n|switch|p1b: Abomasnow|Abomasnow, L50, F|100\/100\n|-weather|Snow|[from] ability: Snow Warning|[of] p1b: Abomasnow\n|-terastallize|p1a: Flutter Mane|Steel\n|move|p1a: Flutter Mane|Dazzling Gleam|p2b: Tyranitar|[spread] p2a,p2b\n|-supereffective|p2b: Tyranitar\n|-damage|p2a: Lycanroc|7\/100\n|-damage|p2b: Tyranitar|17\/100\n|-enditem|p2b: Tyranitar|Aguav Berry|[eat]\n|-heal|p2b: Tyranitar|50\/100|[from] item: Aguav Berry\n|move|p2a: Lycanroc|Rock Slide|p1a: Flutter Mane|[spread] \n|-miss|p2a: Lycanroc|p1a: Flutter Mane\n|-miss|p2a: Lycanroc|p1b: Abomasnow\n|move|p2b: Tyranitar|Rock Slide|p1b: Abomasnow|[spread] p1b\n|-miss|p2b: Tyranitar|p1a: Flutter Mane\n|-supereffective|p1b: Abomasnow\n|-damage|p1b: Abomasnow|53\/100\n|\n|-weather|Snow|[upkeep]\n|upkeep\n|turn|2\n|\n|t:|1683601276\n|switch|p2b: Farigiraf|Farigiraf, L50, M, shiny|100\/100\n|move|p2a: Lycanroc|Protect|p2a: Lycanroc\n|-singleturn|p2a: Lycanroc|Protect\n|move|p1a: Flutter Mane|Dazzling Gleam|p2a: Lycanroc|[spread] p2b\n|-activate|p2a: Lycanroc|move: Protect\n|-damage|p2b: Farigiraf|57\/100\n|move|p1b: Abomasnow|Aurora Veil|p1b: Abomasnow\n|-sidestart|p1: Espada007|move: Aurora Veil\n|\n|-weather|Snow|[upkeep]\n|upkeep\n|turn|3\n|\n|t:|1683601302\n|switch|p1b: Palafin|Palafin-Hero, L50, M|100\/100\n|-activate|p1b: Palafin|ability: Zero to Hero\n|switch|p2b: Tyranitar|Tyranitar, L50, F, shiny|50\/100\n|-weather|Sandstorm|[from] ability: Sand Stream|[of] p2b: Tyranitar\n|move|p2a: Lycanroc|Close Combat|p1a: Flutter Mane\n|-supereffective|p1a: Flutter Mane\n|-damage|p1a: Flutter Mane|0 fnt\n|-unboost|p2a: Lycanroc|def|1\n|-unboost|p2a: Lycanroc|spd|1\n|faint|p1a: Flutter Mane\n|-end|p1a: Flutter Mane|Protosynthesis|[silent]\n|\n|-weather|Sandstorm|[upkeep]\n|-damage|p1b: Palafin|95\/100|[from] Sandstorm\n|upkeep\n|\n|t:|1683601315\n|switch|p1a: Abomasnow|Abomasnow, L50, F|53\/100\n|-weather|Snow|[from] ability: Snow Warning|[of] p1a: Abomasnow\n|turn|4\n|\n|t:|1683601328\n|switch|p2b: Farigiraf|Farigiraf, L50, M, shiny|57\/100\n|move|p1b: Palafin|Protect|p1b: Palafin\n|-singleturn|p1b: Palafin|Protect\n|move|p2a: Lycanroc|Close Combat|p1a: Abomasnow\n|-supereffective|p1a: Abomasnow\n|-damage|p1a: Abomasnow|14\/100\n|-unboost|p2a: Lycanroc|def|1\n|-unboost|p2a: Lycanroc|spd|1\n|move|p1a: Abomasnow|Blizzard|p2a: Lycanroc|[spread] p2a,p2b\n|-damage|p2a: Lycanroc|0 fnt\n|-damage|p2b: Farigiraf|24\/100\n|-enditem|p2b: Farigiraf|Sitrus Berry|[eat]\n|-heal|p2b: Farigiraf|49\/100|[from] item: Sitrus Berry\n|faint|p2a: Lycanroc\n|\n|-weather|Snow|[upkeep]\n|upkeep\n|\n|t:|1683601334\n|switch|p2a: Tyranitar|Tyranitar, L50, F, shiny|50\/100\n|-weather|Sandstorm|[from] ability: Sand Stream|[of] p2a: Tyranitar\n|turn|5\n|j| shine like a gem\n|\n|t:|1683601350\n|-terastallize|p2b: Farigiraf|Water\n|move|p2a: Tyranitar|Protect|p2a: Tyranitar\n|-singleturn|p2a: Tyranitar|Protect\n|move|p1b: Palafin|Wave Crash|p2a: Tyranitar\n|-activate|p2a: Tyranitar|move: Protect\n|move|p1a: Abomasnow|Energy Ball|p2b: Farigiraf\n|-supereffective|p2b: Farigiraf\n|-damage|p2b: Farigiraf|0 fnt\n|faint|p2b: Farigiraf\n|\n|-weather|Sandstorm|[upkeep]\n|-damage|p1b: Palafin|89\/100|[from] Sandstorm\n|-damage|p1a: Abomasnow|8\/100|[from] Sandstorm\n|upkeep\n|\n|t:|1683601358\n|switch|p2b: Flutter Mane|Flutter Mane, L50, shiny|100\/100\n|-enditem|p2b: Flutter Mane|Booster Energy\n|-activate|p2b: Flutter Mane|ability: Protosynthesis|[fromitem]\n|-start|p2b: Flutter Mane|protosynthesisspa\n|turn|6\n|\n|t:|1683601364\n|move|p2b: Flutter Mane|Dazzling Gleam|p1a: Abomasnow|[spread] p1a,p1b\n|-damage|p1a: Abomasnow|0 fnt\n|-damage|p1b: Palafin|59\/100\n|faint|p1a: Abomasnow\n|move|p1b: Palafin|Wave Crash|p2a: Tyranitar\n|-supereffective|p2a: Tyranitar\n|-damage|p2a: Tyranitar|0 fnt\n|faint|p2a: Tyranitar\n|-damage|p1b: Palafin|43\/100|[from] Recoil\n|\n|-weather|Sandstorm|[upkeep]\n|-damage|p2b: Flutter Mane|94\/100|[from] Sandstorm\n|-damage|p1b: Palafin|37\/100|[from] Sandstorm\n|upkeep\n|\n|t:|1683601367\n|switch|p1a: Baxcalibur|Baxcalibur, L50, M|100\/100\n|turn|7\n|\n|t:|1683601381\n|move|p1b: Palafin|Jet Punch|p2b: Flutter Mane\n|-crit|p2b: Flutter Mane\n|-damage|p2b: Flutter Mane|0 fnt\n|faint|p2b: Flutter Mane\n|-end|p2b: Flutter Mane|Protosynthesis|[silent]\n|\n|win|Espada007\n|raw|Espada007's rating: 1574 → 1603<\/strong> (+29 for winning)\n|raw|bwahacough's rating: 1741 → 1712<\/strong> (-29 for losing)\n|l|\u2606Espada007\n|l|\u2606bwahacough\n","uploadtime":1683601672,"views":7,"p1id":"espada007","p2id":"bwahacough","formatid":"gen9vgc2023regulationc","rating":1603,"private":0,"password":""}