{"id":"gen9vgc2023regulationc-1847053725","p1":"RitmanTesting1","p2":"Mess in Distress","format":"[Gen 9] VGC 2023 Regulation C","log":"|j|\u2606RitmanTesting1\n|j|\u2606Mess in Distress\n|t:|1681915196\n|gametype|doubles\n|player|p1|RitmanTesting1|byron|1321\n|player|p2|Mess in Distress|iono|1398\n|teamsize|p1|6\n|teamsize|p2|6\n|gen|9\n|tier|[Gen 9] VGC 2023 Regulation C\n|rated|\n|rule|Species Clause: Limit one of each Pok\u00e9mon\n|rule|Item Clause: Limit one of each item\n|clearpoke\n|poke|p1|Chi-Yu, L50|\n|poke|p1|Flutter Mane, L50|\n|poke|p1|Gyarados, L50, M|\n|poke|p1|Brute Bonnet, L50|\n|poke|p1|Baxcalibur, L50, F|\n|poke|p1|Glimmora, L50, M|\n|poke|p2|Murkrow, L50, M|\n|poke|p2|Gholdengo, L50|\n|poke|p2|Iron Hands, L50|\n|poke|p2|Tyranitar, L50, M|\n|poke|p2|Iron Bundle, L50|\n|poke|p2|Gyarados, L50, M|\n|teampreview|4\n|inactive|Battle timer is ON: inactive players will automatically lose when time's up. (requested by RitmanTesting1)\nRitmanTesting1 has agreed to open team sheets.\n|inactive|RitmanTesting1 has 60 seconds left.\n|\n|t:|1681915234\n|start\n|switch|p1a: Baxcalibur|Baxcalibur, L50, F|100\/100\n|switch|p1b: Flutter Mane|Flutter Mane, L50|100\/100\n|switch|p2a: Murkrow|Murkrow, L50, M|100\/100\n|switch|p2b: Bejeweled|Gholdengo, L50|100\/100\n|-enditem|p1b: Flutter Mane|Booster Energy\n|-activate|p1b: Flutter Mane|ability: Protosynthesis|[fromitem]\n|-start|p1b: Flutter Mane|protosynthesisspa\n|turn|1\n|inactive|Mess in Distress has 30 seconds left.\n|inactive|Mess in Distress has 20 seconds left.\n|inactive|Mess in Distress has 15 seconds left.\n|inactive|Mess in Distress has 10 seconds left.\n|inactive|Mess in Distress has 5 seconds left.\n|\n|t:|1681915286\n|-terastallize|p1a: Baxcalibur|Poison\n|-terastallize|p2b: Bejeweled|Steel\n|move|p2a: Murkrow|Tailwind|p2a: Murkrow\n|-sidestart|p2: Mess in Distress|move: Tailwind\n|move|p2b: Bejeweled|Make It Rain|p1a: Baxcalibur|[spread] p1a,p1b\n|-supereffective|p1b: Flutter Mane\n|-damage|p1a: Baxcalibur|14\/100\n|-damage|p1b: Flutter Mane|0 fnt\n|-unboost|p2b: Bejeweled|spa|1\n|faint|p1b: Flutter Mane\n|-end|p1b: Flutter Mane|Protosynthesis|[silent]\n|move|p1a: Baxcalibur|Icicle Spear|p2a: Murkrow\n|-supereffective|p2a: Murkrow\n|-damage|p2a: Murkrow|75\/100\n|-supereffective|p2a: Murkrow\n|-damage|p2a: Murkrow|47\/100\n|-supereffective|p2a: Murkrow\n|-damage|p2a: Murkrow|18\/100\n|-supereffective|p2a: Murkrow\n|-damage|p2a: Murkrow|0 fnt\n|faint|p2a: Murkrow\n|-hitcount|p2: Murkrow|4\n|\n|upkeep\n|\n|t:|1681915303\n|switch|p1b: Gyarados|Gyarados, L50, M|100\/100\n|switch|p2a: Iron Hands|Iron Hands, L50|100\/100\n|-ability|p1b: Gyarados|Intimidate|boost\n|-unboost|p2a: Iron Hands|atk|1\n|-unboost|p2b: Bejeweled|atk|1\n|turn|2\n|\n|t:|1681915321\n|move|p1b: Gyarados|Protect|p1b: Gyarados\n|-singleturn|p1b: Gyarados|Protect\n|move|p1a: Baxcalibur|Protect|p1a: Baxcalibur\n|-singleturn|p1a: Baxcalibur|Protect\n|move|p2b: Bejeweled|Make It Rain|p1a: Baxcalibur|[spread] \n|-activate|p1a: Baxcalibur|move: Protect\n|-activate|p1b: Gyarados|move: Protect\n|move|p2a: Iron Hands|Wild Charge|p1b: Gyarados\n|-activate|p1b: Gyarados|move: Protect\n|\n|upkeep\n|turn|3\n|\n|t:|1681915337\n|switch|p1b: Brute Bonnet|Brute Bonnet, L50|100\/100\n|move|p1a: Baxcalibur|Ice Shard|p2a: Iron Hands\n|-damage|p2a: Iron Hands|85\/100\n|move|p2b: Bejeweled|Make It Rain|p1a: Baxcalibur|[spread] p1a,p1b\n|-damage|p1a: Baxcalibur|0 fnt\n|-damage|p1b: Brute Bonnet|50\/100\n|-unboost|p2b: Bejeweled|spa|1\n|-enditem|p1b: Brute Bonnet|Sitrus Berry|[eat]\n|-heal|p1b: Brute Bonnet|75\/100|[from] item: Sitrus Berry\n|faint|p1a: Baxcalibur\n|move|p2a: Iron Hands|Wild Charge|p1b: Brute Bonnet\n|-resisted|p1b: Brute Bonnet\n|-damage|p1b: Brute Bonnet|64\/100\n|-damage|p2a: Iron Hands|82\/100|[from] Recoil\n|\n|upkeep\n|\n|t:|1681915340\n|switch|p1a: Gyarados|Gyarados, L50, M|100\/100\n|-ability|p1a: Gyarados|Intimidate|boost\n|-unboost|p2a: Iron Hands|atk|1\n|-unboost|p2b: Bejeweled|atk|1\n|turn|4\n|\n|t:|1681915355\n|-end|p2a: Iron Hands|Quark Drive|[silent]\n|switch|p2a: Tyranitar|Tyranitar, L50, M|100\/100\n|-weather|Sandstorm|[from] ability: Sand Stream|[of] p2a: Tyranitar\n|move|p1a: Gyarados|Protect|p1a: Gyarados\n|-singleturn|p1a: Gyarados|Protect\n|move|p2b: Bejeweled|Make It Rain|p1a: Gyarados|[spread] p1b\n|-activate|p1a: Gyarados|move: Protect\n|-damage|p1b: Brute Bonnet|27\/100\n|-unboost|p2b: Bejeweled|spa|1\n|move|p1b: Brute Bonnet|Spore|p2a: Tyranitar\n|-status|p2a: Tyranitar|slp|[from] move: Spore\n|\n|-weather|Sandstorm|[upkeep]\n|-damage|p1b: Brute Bonnet|21\/100|[from] Sandstorm\n|-sideend|p2: Mess in Distress|move: Tailwind\n|upkeep\n|turn|5\n|inactive|RitmanTesting1 has 30 seconds left.\n|\n|t:|1681915383\n|switch|p2b: Iron Hands|Iron Hands, L50|82\/100\n|move|p1a: Gyarados|Dragon Dance|p1a: Gyarados\n|-boost|p1a: Gyarados|atk|1\n|-boost|p1a: Gyarados|spe|1\n|cant|p2a: Tyranitar|slp\n|move|p1b: Brute Bonnet|Seed Bomb|p2a: Tyranitar\n|-supereffective|p2a: Tyranitar\n|-damage|p2a: Tyranitar|37\/100 slp\n|\n|-weather|Sandstorm|[upkeep]\n|-damage|p2b: Iron Hands|76\/100|[from] Sandstorm\n|-damage|p1b: Brute Bonnet|15\/100|[from] Sandstorm\n|upkeep\n|turn|6\n|\n|t:|1681915397\n|move|p1a: Gyarados|Protect|p1a: Gyarados\n|-singleturn|p1a: Gyarados|Protect\n|-curestatus|p2a: Tyranitar|slp|[msg]\n|move|p2a: Tyranitar|Rock Slide|p1a: Gyarados|[spread] p1b\n|-activate|p1a: Gyarados|move: Protect\n|-damage|p1b: Brute Bonnet|0 fnt\n|faint|p1b: Brute Bonnet\n|-end|p1b: Brute Bonnet|Protosynthesis|[silent]\n|move|p2b: Iron Hands|Wild Charge|p1a: Gyarados\n|-activate|p1a: Gyarados|move: Protect\n|\n|-weather|Sandstorm|[upkeep]\n|-damage|p2b: Iron Hands|70\/100|[from] Sandstorm\n|upkeep\n|turn|7\n|-message|RitmanTesting1 forfeited.\n|\n|win|Mess in Distress\n|raw|RitmanTesting1's rating: 1321 → 1307<\/strong> (-14 for losing)\n|raw|Mess in Distress's rating: 1420 → 1434<\/strong> (+14 for winning)\n|l|\u2606RitmanTesting1\n","uploadtime":1681915416,"views":9,"p1id":"ritmantesting1","p2id":"messindistress","formatid":"gen9vgc2023regulationc","rating":1307,"private":0,"password":""}