{"id":"gen9vgc2023regulationc-1853209492","p1":"PBpancake","p2":"MidianVGC","format":"[Gen 9] VGC 2023 Regulation C","log":"|j|\u2606PBpancake\n|j|\u2606MidianVGC\n|t:|1682648945\n|gametype|doubles\n|player|p1|PBpancake|169|1305\n|player|p2|MidianVGC|266|1366\n|teamsize|p1|6\n|teamsize|p2|6\n|gen|9\n|tier|[Gen 9] VGC 2023 Regulation C\n|rated|\n|rule|Species Clause: Limit one of each Pok\u00e9mon\n|rule|Item Clause: Limit one of each item\n|clearpoke\n|poke|p1|Chi-Yu, L50|\n|poke|p1|Iron Hands, L50|\n|poke|p1|Iron Bundle, L50|\n|poke|p1|Talonflame, L50, M|\n|poke|p1|Gholdengo, L50|\n|poke|p1|Garchomp, L50, M|\n|poke|p2|Iron Bundle, L50|\n|poke|p2|Chi-Yu, L50|\n|poke|p2|Flutter Mane, L50|\n|poke|p2|Chien-Pao, L50|\n|poke|p2|Grimmsnarl, L50, M|\n|poke|p2|Dragonite, L50, F|\n|teampreview|4\n|\n|t:|1682649001\n|start\n|switch|p1a: Talonflame|Talonflame, L50, M|100\/100\n|switch|p1b: Chi-Yu|Chi-Yu, L50|100\/100\n|switch|p2a: Chi-Yu|Chi-Yu, L50|100\/100\n|switch|p2b: Grimmsnarl|Grimmsnarl, L50, M, shiny|100\/100\n|-ability|p1b: Chi-Yu|Beads of Ruin\n|-ability|p2a: Chi-Yu|Beads of Ruin\n|turn|1\n|\n|t:|1682649040\n|move|p1a: Talonflame|Tailwind|p1a: Talonflame\n|-sidestart|p1: PBpancake|move: Tailwind\n|move|p2b: Grimmsnarl|Light Screen|p2b: Grimmsnarl\n|-sidestart|p2: MidianVGC|move: Light Screen\n|move|p1b: Chi-Yu|Overheat|p2b: Grimmsnarl\n|-damage|p2b: Grimmsnarl|46\/100\n|-unboost|p1b: Chi-Yu|spa|2\n|move|p2a: Chi-Yu|Substitute|p2a: Chi-Yu\n|-start|p2a: Chi-Yu|Substitute\n|-damage|p2a: Chi-Yu|76\/100\n|\n|upkeep\n|turn|2\n|\n|t:|1682649087\n|move|p1b: Chi-Yu|Protect|p1b: Chi-Yu\n|-singleturn|p1b: Chi-Yu|Protect\n|move|p2b: Grimmsnarl|Thunder Wave|p1a: Talonflame\n|-status|p1a: Talonflame|par\n|cant|p1a: Talonflame|par\n|move|p2a: Chi-Yu|Dark Pulse|p1a: Talonflame\n|-damage|p1a: Talonflame|0 fnt\n|faint|p1a: Talonflame\n|-damage|p2a: Chi-Yu|66\/100|[from] item: Life Orb\n|\n|upkeep\n|\n|t:|1682649118\n|switch|p1a: Iron Hands|Iron Hands, L50|100\/100\n|turn|3\n|\n|t:|1682649148\n|move|p1a: Iron Hands|Fake Out|p2b: Grimmsnarl\n|-damage|p2b: Grimmsnarl|31\/100\n|cant|p2b: Grimmsnarl|flinch\n|move|p1b: Chi-Yu|Dark Pulse|p2a: Chi-Yu\n|-resisted|p2a: Chi-Yu\n|-activate|p2a: Chi-Yu|move: Substitute|[damage]\n|move|p2a: Chi-Yu|Heat Wave|p1a: Iron Hands|[spread] p1a,p1b\n|-resisted|p1b: Chi-Yu\n|-damage|p1a: Iron Hands|60\/100\n|-damage|p1b: Chi-Yu|67\/100\n|-status|p1a: Iron Hands|brn\n|-damage|p2a: Chi-Yu|56\/100|[from] item: Life Orb\n|\n|-damage|p1a: Iron Hands|54\/100 brn|[from] brn\n|upkeep\n|turn|4\n|\n|t:|1682649172\n|move|p2b: Grimmsnarl|Reflect|p2b: Grimmsnarl\n|-sidestart|p2: MidianVGC|Reflect\n|move|p1b: Chi-Yu|Dark Pulse|p2a: Chi-Yu\n|-resisted|p2a: Chi-Yu\n|-activate|p2a: Chi-Yu|move: Substitute|[damage]\n|move|p1a: Iron Hands|Drain Punch|p2a: Chi-Yu\n|-supereffective|p2a: Chi-Yu\n|-end|p2a: Chi-Yu|Substitute\n|-heal|p1a: Iron Hands|56\/100 brn|[from] drain|[of] p2a: Chi-Yu\n|move|p2a: Chi-Yu|Heat Wave|p1a: Iron Hands|[spread] p1a,p1b\n|-resisted|p1b: Chi-Yu\n|-damage|p1a: Iron Hands|20\/100 brn\n|-damage|p1b: Chi-Yu|35\/100\n|-damage|p2a: Chi-Yu|46\/100|[from] item: Life Orb\n|\n|-damage|p1a: Iron Hands|14\/100 brn|[from] brn\n|-sideend|p1: PBpancake|move: Tailwind\n|upkeep\n|turn|5\n|\n|t:|1682649204\n|switch|p2b: Dragonite|Dragonite, L50, F, shiny|100\/100\n|move|p1b: Chi-Yu|Overheat|p2a: Chi-Yu\n|-resisted|p2a: Chi-Yu\n|-damage|p2a: Chi-Yu|34\/100\n|-unboost|p1b: Chi-Yu|spa|2\n|move|p2a: Chi-Yu|Heat Wave|p1a: Iron Hands|[spread] p1a,p1b\n|-resisted|p1b: Chi-Yu\n|-damage|p1a: Iron Hands|0 fnt\n|-damage|p1b: Chi-Yu|2\/100\n|faint|p1a: Iron Hands\n|-end|p1a: Iron Hands|Quark Drive|[silent]\n|-damage|p2a: Chi-Yu|24\/100|[from] item: Life Orb\n|\n|-sideend|p2: MidianVGC|move: Light Screen\n|upkeep\n|-message|PBpancake forfeited.\n|\n|win|MidianVGC\n|raw|PBpancake's rating: 1305 → 1288<\/strong> (-17 for losing)\n|raw|MidianVGC's rating: 1366 → 1383<\/strong> (+17 for winning)\n|l|\u2606PBpancake\n","uploadtime":1682649234,"views":15,"p1id":"pbpancake","p2id":"midianvgc","formatid":"gen9vgc2023regulationc","rating":1288,"private":0,"password":""}