{"id":"gen9vgc2023regulationc-1847106771","p1":"the mudkip warrior","p2":"ApplinFan773","format":"[Gen 9] VGC 2023 Regulation C","log":"|j|\u2606the mudkip warrior\n|j|\u2606ApplinFan773\n|t:|1681919596\n|gametype|doubles\n|player|p1|the mudkip warrior|acetrainer-gen4dp|1131\n|player|p2|ApplinFan773|cilan|1130\n|teamsize|p1|6\n|teamsize|p2|6\n|gen|9\n|tier|[Gen 9] VGC 2023 Regulation C\n|rated|\n|rule|Species Clause: Limit one of each Pok\u00e9mon\n|rule|Item Clause: Limit one of each item\n|clearpoke\n|poke|p1|Grimmsnarl, L50, M|\n|poke|p1|Palafin, L50, M|\n|poke|p1|Flutter Mane, L50|\n|poke|p1|Arcanine, L50, M|\n|poke|p1|Dragonite, L50, F|\n|poke|p1|Dragapult, L50, M|\n|poke|p2|Maushold-Four, L50|\n|poke|p2|Flutter Mane, L50|\n|poke|p2|Scream Tail, L50|\n|poke|p2|Ceruledge, L50, M|\n|poke|p2|Meowscarada, L50, F|\n|poke|p2|Salamence, L50, M|\n|teampreview|4\n|inactive|Battle timer is ON: inactive players will automatically lose when time's up. (requested by ApplinFan773)\n|c|\u2606the mudkip warrior|gl\n|c|\u2606ApplinFan773|Glhf!\nApplinFan773 rejected open team sheets.\n|\n|t:|1681919624\n|start\n|switch|p1a: Twilight|Flutter Mane, L50|100\/100\n|switch|p1b: Taylor|Arcanine, L50, M|100\/100\n|switch|p2a: Salami|Salamence, L50, M, shiny|100\/100\n|switch|p2b: Grim Shady|Ceruledge, L50, M|100\/100\n|-ability|p1b: Taylor|Intimidate|boost\n|-unboost|p2a: Salami|atk|1\n|-unboost|p2b: Grim Shady|atk|1\n|-ability|p2a: Salami|Intimidate|boost\n|-unboost|p1a: Twilight|atk|1\n|-unboost|p1b: Taylor|atk|1\n|turn|1\n|inactive|ApplinFan773 has 30 seconds left.\n|\n|t:|1681919650\n|switch|p2a: Persephone|Scream Tail, L50, shiny|100\/100\n|-enditem|p2a: Persephone|Booster Energy\n|-activate|p2a: Persephone|ability: Protosynthesis|[fromitem]\n|-start|p2a: Persephone|protosynthesisspe\n|move|p2b: Grim Shady|Shadow Sneak|p1a: Twilight\n|-supereffective|p1a: Twilight\n|-damage|p1a: Twilight|45\/100\n|move|p1a: Twilight|Dazzling Gleam|p2a: Persephone|[spread] p2a,p2b\n|-resisted|p2b: Grim Shady\n|-damage|p2a: Persephone|73\/100\n|-damage|p2b: Grim Shady|86\/100\n|-damage|p1a: Twilight|35\/100|[from] item: Life Orb\n|move|p1b: Taylor|Will-O-Wisp|p2a: Persephone|[miss]\n|-miss|p1b: Taylor|p2a: Persephone\n|\n|upkeep\n|turn|2\n|c|\u2606the mudkip warrior|way to aim boy\n|\n|t:|1681919673\n|move|p1a: Twilight|Protect|p1a: Twilight\n|-singleturn|p1a: Twilight|Protect\n|move|p2b: Grim Shady|Shadow Sneak|p1a: Twilight\n|-activate|p1a: Twilight|move: Protect\n|move|p2a: Persephone|Disable|p1b: Taylor\n|-start|p1b: Taylor|Disable|Will-O-Wisp\n|cant|p1b: Taylor|Disable|Will-O-Wisp\n|\n|upkeep\n|turn|3\n|\n|t:|1681919686\n|move|p2b: Grim Shady|Shadow Sneak|p1a: Twilight\n|-supereffective|p1a: Twilight\n|-damage|p1a: Twilight|0 fnt\n|faint|p1a: Twilight\n|-end|p1a: Twilight|Protosynthesis|[silent]\n|move|p2a: Persephone|Howl|p2a: Persephone|[spread] p2a,p2b\n|-boost|p2a: Persephone|atk|1\n|-boost|p2b: Grim Shady|atk|1\n|move|p1b: Taylor|Snarl|p2a: Persephone|[spread] p2a,p2b\n|-supereffective|p2b: Grim Shady\n|-damage|p2a: Persephone|67\/100\n|-damage|p2b: Grim Shady|75\/100\n|-unboost|p2a: Persephone|spa|1\n|-unboost|p2b: Grim Shady|spa|1\n|\n|upkeep\n|\n|t:|1681919702\n|switch|p1a: Dolce|Dragonite, L50, F|100\/100\n|turn|4\n|\n|t:|1681919712\n|switch|p2b: Salami|Salamence, L50, M, shiny|100\/100\n|-ability|p2b: Salami|Intimidate|boost\n|-unboost|p1a: Dolce|atk|1\n|-unboost|p1b: Taylor|atk|1\n|-terastallize|p1a: Dolce|Normal\n|move|p2a: Persephone|Play Rough|p1a: Dolce\n|-damage|p1a: Dolce|85\/100\n|move|p1b: Taylor|Flare Blitz|p2a: Persephone\n|-damage|p2a: Persephone|50\/100\n|-damage|p1b: Taylor|94\/100|[from] Recoil\n|move|p1a: Dolce|Dragon Dance|p1a: Dolce\n|-boost|p1a: Dolce|atk|1\n|-boost|p1a: Dolce|spe|1\n|-enditem|p2b: Salami|Mirror Herb\n|-boost|p2b: Salami|atk|1|[from] item: Mirror Herb\n|-boost|p2b: Salami|spe|1|[from] item: Mirror Herb\n|\n|upkeep\n|turn|5\n|inactive|the mudkip warrior has 30 seconds left.\n|inactive|ApplinFan773 has 30 seconds left.\n|\n|t:|1681919743\n|move|p2b: Salami|Protect|p2b: Salami\n|-singleturn|p2b: Salami|Protect\n|move|p2a: Persephone|Disable|p1a: Dolce\n|-start|p1a: Dolce|Disable|Dragon Dance\n|move|p1b: Taylor|Flare Blitz|p2a: Persephone\n|-damage|p2a: Persephone|32\/100\n|-damage|p1b: Taylor|87\/100|[from] Recoil\n|cant|p1a: Dolce|Disable|Dragon Dance\n|\n|-end|p1b: Taylor|Disable\n|upkeep\n|turn|6\n|\n|t:|1681919767\n|move|p1a: Dolce|Extreme Speed|p2b: Salami\n|-damage|p2b: Salami|51\/100\n|move|p2a: Persephone|Howl|p2a: Persephone|[spread] p2a,p2b\n|-boost|p2a: Persephone|atk|1\n|-boost|p2b: Salami|atk|1\n|move|p2b: Salami|Dragon Claw|p1a: Dolce\n|-damage|p1a: Dolce|15\/100\n|move|p1b: Taylor|Will-O-Wisp|p2a: Persephone\n|-status|p2a: Persephone|brn\n|\n|-damage|p2a: Persephone|26\/100 brn|[from] brn\n|upkeep\n|turn|7\n|\n|t:|1681919786\n|-terastallize|p2b: Salami|Steel\n|move|p1b: Taylor|Extreme Speed|p2b: Salami\n|-resisted|p2b: Salami\n|-damage|p2b: Salami|45\/100\n|move|p1a: Dolce|Extreme Speed|p2b: Salami\n|-resisted|p2b: Salami\n|-damage|p2b: Salami|21\/100\n|move|p2a: Persephone|Howl|p2a: Persephone|[spread] p2a,p2b\n|-boost|p2a: Persephone|atk|1\n|-boost|p2b: Salami|atk|1\n|move|p2b: Salami|Dragon Claw|p1a: Dolce\n|-damage|p1a: Dolce|0 fnt\n|faint|p1a: Dolce\n|\n|-damage|p2a: Persephone|20\/100 brn|[from] brn\n|upkeep\n|\n|t:|1681919800\n|switch|p1a: Salvo|Dragapult, L50, M, shiny|100\/100\n|turn|8\n|\n|t:|1681919816\n|move|p1b: Taylor|Extreme Speed|p2a: Persephone\n|-damage|p2a: Persephone|12\/100 brn\n|move|p2a: Persephone|Disable|p1b: Taylor\n|-start|p1b: Taylor|Disable|Extreme Speed\n|move|p2b: Salami|Dragon Claw|p1a: Salvo\n|-supereffective|p1a: Salvo\n|-damage|p1a: Salvo|0 fnt\n|faint|p1a: Salvo\n|\n|-damage|p2a: Persephone|6\/100 brn|[from] brn\n|upkeep\n|turn|9\n|\n|t:|1681919834\n|move|p2a: Persephone|Howl|p2a: Persephone|[spread] p2a,p2b\n|-boost|p2a: Persephone|atk|1\n|-boost|p2b: Salami|atk|1\n|move|p2b: Salami|Dual Wingbeat|p1b: Taylor\n|-damage|p1b: Taylor|22\/100\n|-damage|p1b: Taylor|0 fnt\n|faint|p1b: Taylor\n|-hitcount|p1: Taylor|2\n|\n|win|ApplinFan773\n|raw|the mudkip warrior's rating: 1131 → 1106<\/strong> (-25 for losing)\n|raw|ApplinFan773's rating: 1130 → 1155<\/strong> (+25 for winning)\n|c|\u2606the mudkip warrior|i dont think this couldve gone any worse for me\n|c|\u2606the mudkip warrior|gg\n|l|\u2606the mudkip warrior\n|c|\u2606ApplinFan773|gg wp\n","uploadtime":1681919852,"views":4,"p1id":"themudkipwarrior","p2id":"applinfan773","formatid":"gen9vgc2023regulationc","rating":1106,"private":0,"password":""}