{"id":"gen9vgc2023regulationc-1854889991","p1":"TheEeveeAnimations","p2":"massan2580","format":"[Gen 9] VGC 2023 Regulation C","log":"|j|\u2606TheEeveeAnimations\n|j|\u2606massan2580\n|t:|1682877534\n|gametype|doubles\n|player|p1|TheEeveeAnimations|dahlia|1504\n|player|p2|massan2580|170|1538\n|teamsize|p1|6\n|teamsize|p2|6\n|gen|9\n|tier|[Gen 9] VGC 2023 Regulation C\n|rated|\n|rule|Species Clause: Limit one of each Pok\u00e9mon\n|rule|Item Clause: Limit one of each item\n|clearpoke\n|poke|p1|Gholdengo, L50|\n|poke|p1|Maushold-Four, L50|\n|poke|p1|Flutter Mane, L50|\n|poke|p1|Wo-Chien, L50|\n|poke|p1|Palafin, L50, F|\n|poke|p1|Arcanine, L50, F|\n|poke|p2|Glimmora, L50, F|\n|poke|p2|Dragonite, L50, F|\n|poke|p2|Ting-Lu, L50|\n|poke|p2|Annihilape, L50, F|\n|poke|p2|Chien-Pao, L50|\n|poke|p2|Talonflame, L50, F|\n|teampreview|4\n|c|\u2606TheEeveeAnimations|glhf\nTheEeveeAnimations has agreed to open team sheets.\n|\n|t:|1682877580\n|start\n|switch|p1a: Palafin|Palafin, L50, F|100\/100\n|switch|p1b: Cloud|Arcanine, L50, F|100\/100\n|switch|p2a: Annihilape|Annihilape, L50, F|100\/100\n|switch|p2b: Ting-Lu|Ting-Lu, L50|100\/100\n|-ability|p1b: Cloud|Intimidate|boost\n|-unboost|p2a: Annihilape|atk|1\n|-unboost|p2b: Ting-Lu|atk|1\n|-ability|p2b: Ting-Lu|Vessel of Ruin\n|turn|1\n|\n|t:|1682877600\n|detailschange|p1a: Palafin|Palafin-Hero, L50, F\n|switch|p1a: badonkadonk|Flutter Mane, L50|100\/100\n|move|p1b: Cloud|Will-O-Wisp|p2a: Annihilape\n|-status|p2a: Annihilape|brn\n|move|p2a: Annihilape|Bulk Up|p2a: Annihilape\n|-boost|p2a: Annihilape|atk|1\n|-boost|p2a: Annihilape|def|1\n|move|p2b: Ting-Lu|Earthquake|p1a: badonkadonk|[spread] p2a,p1a,p1b\n|-supereffective|p1b: Cloud\n|-damage|p2a: Annihilape|88\/100 brn\n|-damage|p1a: badonkadonk|73\/100\n|-damage|p1b: Cloud|57\/100\n|\n|-heal|p2a: Annihilape|95\/100 brn|[from] item: Leftovers\n|-damage|p2a: Annihilape|88\/100 brn|[from] brn\n|upkeep\n|turn|2\n|\n|t:|1682877628\n|-terastallize|p2a: Annihilape|Water\n|move|p2b: Ting-Lu|Protect|p2b: Ting-Lu\n|-singleturn|p2b: Ting-Lu|Protect\n|move|p1a: badonkadonk|Dazzling Gleam|p2a: Annihilape|[spread] p2a\n|-activate|p2b: Ting-Lu|move: Protect\n|-damage|p2a: Annihilape|62\/100 brn\n|move|p1b: Cloud|Will-O-Wisp|p2b: Ting-Lu\n|-activate|p2b: Ting-Lu|move: Protect\n|move|p2a: Annihilape|Rage Fist|p1a: badonkadonk\n|-supereffective|p1a: badonkadonk\n|-damage|p1a: badonkadonk|0 fnt\n|faint|p1a: badonkadonk\n|-end|p1a: badonkadonk|Protosynthesis|[silent]\n|\n|-heal|p2a: Annihilape|68\/100 brn|[from] item: Leftovers\n|-damage|p2a: Annihilape|62\/100 brn|[from] brn\n|upkeep\n|\n|t:|1682877641\n|switch|p1a: Gholdengo|Gholdengo, L50|100\/100\n|turn|3\n|\n|t:|1682877662\n|-terastallize|p1a: Gholdengo|Water\n|move|p1b: Cloud|Will-O-Wisp|p2b: Ting-Lu\n|-status|p2b: Ting-Lu|brn\n|move|p1a: Gholdengo|Nasty Plot|p1a: Gholdengo\n|-boost|p1a: Gholdengo|spa|2\n|move|p2a: Annihilape|Rage Fist|p1b: Cloud\n|-damage|p1b: Cloud|17\/100\n|-enditem|p1b: Cloud|Sitrus Berry|[eat]\n|-heal|p1b: Cloud|42\/100|[from] item: Sitrus Berry\n|move|p2b: Ting-Lu|Earthquake|p1b: Cloud|[spread] p2a,p1a,p1b\n|-supereffective|p1b: Cloud\n|-damage|p2a: Annihilape|56\/100 brn\n|-damage|p1a: Gholdengo|92\/100\n|-damage|p1b: Cloud|21\/100\n|\n|-heal|p1a: Gholdengo|97\/100|[from] item: Leftovers\n|-heal|p2a: Annihilape|63\/100 brn|[from] item: Leftovers\n|-damage|p2a: Annihilape|56\/100 brn|[from] brn\n|-damage|p2b: Ting-Lu|94\/100 brn|[from] brn\n|upkeep\n|turn|4\n|\n|t:|1682877687\n|switch|p1b: Palafin|Palafin-Hero, L50, F|100\/100\n|-activate|p1b: Palafin|ability: Zero to Hero\n|move|p1a: Gholdengo|Shadow Ball|p2a: Annihilape\n|-damage|p2a: Annihilape|17\/100 brn\n|move|p2a: Annihilape|Rage Fist|p1b: Palafin\n|-damage|p1b: Palafin|48\/100\n|move|p2b: Ting-Lu|Fissure|p1a: Gholdengo|[miss]\n|-miss|p2b: Ting-Lu|p1a: Gholdengo\n|\n|-heal|p1a: Gholdengo|100\/100|[from] item: Leftovers\n|-heal|p2a: Annihilape|23\/100 brn|[from] item: Leftovers\n|-damage|p2a: Annihilape|17\/100 brn|[from] brn\n|-damage|p2b: Ting-Lu|88\/100 brn|[from] brn\n|upkeep\n|turn|5\n|\n|t:|1682877708\n|move|p1a: Gholdengo|Shadow Ball|p2a: Annihilape\n|-damage|p2a: Annihilape|0 fnt\n|faint|p2a: Annihilape\n|move|p1b: Palafin|Wave Crash|p2b: Ting-Lu\n|-supereffective|p2b: Ting-Lu\n|-damage|p2b: Ting-Lu|0 fnt\n|faint|p2b: Ting-Lu\n|-damage|p1b: Palafin|10\/100|[from] Recoil\n|\n|upkeep\n|\n|t:|1682877722\n|switch|p2a: Dragonite|Dragonite, L50, F|100\/100\n|switch|p2b: Chien-Pao|Chien-Pao, L50|100\/100\n|-ability|p2b: Chien-Pao|Sword of Ruin\n|turn|6\n|j| Nuyln\n|\n|t:|1682877750\n|move|p1a: Gholdengo|Protect|p1a: Gholdengo\n|-singleturn|p1a: Gholdengo|Protect\n|move|p2a: Dragonite|Extreme Speed|p1a: Gholdengo\n|-activate|p1a: Gholdengo|move: Protect\n|move|p2b: Chien-Pao|Sucker Punch||[still]\n|-fail|p2b: Chien-Pao\n|move|p1b: Palafin|Jet Punch|p2a: Dragonite\n|-resisted|p2a: Dragonite\n|-damage|p2a: Dragonite|85\/100\n|\n|upkeep\n|turn|7\n|\n|t:|1682877770\n|switch|p1b: Cloud|Arcanine, L50, F|21\/100\n|-ability|p1b: Cloud|Intimidate|boost\n|-unboost|p2a: Dragonite|atk|1\n|-unboost|p2b: Chien-Pao|atk|1\n|move|p2a: Dragonite|Extreme Speed|p1b: Cloud\n|-damage|p1b: Cloud|0 fnt\n|faint|p1b: Cloud\n|move|p2b: Chien-Pao|Sucker Punch|p1a: Gholdengo\n|-damage|p1a: Gholdengo|70\/100\n|move|p1a: Gholdengo|Make It Rain|p2a: Dragonite|[spread] p2a,p2b\n|-supereffective|p2b: Chien-Pao\n|-damage|p2a: Dragonite|9\/100\n|-enditem|p2b: Chien-Pao|Focus Sash\n|-damage|p2b: Chien-Pao|1\/100\n|-unboost|p1a: Gholdengo|spa|1\n|\n|-heal|p1a: Gholdengo|76\/100|[from] item: Leftovers\n|upkeep\n|\n|t:|1682877788\n|switch|p1b: Palafin|Palafin-Hero, L50, F|10\/100\n|turn|8\n|\n|t:|1682877796\n|move|p1b: Palafin|Protect|p1b: Palafin\n|-singleturn|p1b: Palafin|Protect\n|move|p2a: Dragonite|Extreme Speed|p1a: Gholdengo\n|-damage|p1a: Gholdengo|38\/100\n|move|p2b: Chien-Pao|Sucker Punch|p1a: Gholdengo\n|-damage|p1a: Gholdengo|9\/100\n|move|p1a: Gholdengo|Make It Rain|p2a: Dragonite|[spread] p2a,p2b\n|-supereffective|p2b: Chien-Pao\n|-damage|p2a: Dragonite|0 fnt\n|-damage|p2b: Chien-Pao|0 fnt\n|-unboost|p1a: Gholdengo|spa|1\n|faint|p2a: Dragonite\n|faint|p2b: Chien-Pao\n|\n|win|TheEeveeAnimations\n|raw|TheEeveeAnimations's rating: 1504 → 1526<\/strong> (+22 for winning)\n|raw|massan2580's rating: 1538 → 1516<\/strong> (-22 for losing)\n|l|\u2606massan2580\n|c|\u2606TheEeveeAnimations|gg\n|l| Nuyln\n","uploadtime":1682877815,"views":10,"p1id":"theeeveeanimations","p2id":"massan2580","formatid":"gen9vgc2023regulationc","rating":1516,"private":0,"password":""}