{"id":"gen9vgc2023regulationc-1863389179","p1":"Arcacagne","p2":"Made In Toronto","format":"[Gen 9] VGC 2023 Regulation C","log":"|j|\u2606Arcacagne\n|j|\u2606Made In Toronto\n|t:|1684010723\n|gametype|doubles\n|player|p1|Arcacagne|169|1363\n|player|p2|Made In Toronto|bellelba|1443\n|teamsize|p1|6\n|teamsize|p2|6\n|gen|9\n|tier|[Gen 9] VGC 2023 Regulation C\n|rated|\n|rule|Species Clause: Limit one of each Pok\u00e9mon\n|rule|Item Clause: Limit one of each item\n|clearpoke\n|poke|p1|Chi-Yu, L50|\n|poke|p1|Flutter Mane, L50|\n|poke|p1|Amoonguss, L50, M|\n|poke|p1|Ting-Lu, L50|\n|poke|p1|Iron Hands, L50|\n|poke|p1|Gyarados, L50, M|\n|poke|p2|Annihilape, L50, F|\n|poke|p2|Maushold-Four, L50|\n|poke|p2|Iron Moth, L50|\n|poke|p2|Iron Bundle, L50|\n|poke|p2|Amoonguss, L50, M|\n|poke|p2|Tinkaton, L50, F|\n|teampreview|4\nMade In Toronto has agreed to open team sheets.\n|inactive|Battle timer is ON: inactive players will automatically lose when time's up. (requested by Made In Toronto)\n|inactive|Made In Toronto has 60 seconds left.\n|\n|t:|1684010774\n|start\n|switch|p1a: Ting-Lu|Ting-Lu, L50|100\/100\n|switch|p1b: Iron Hands|Iron Hands, L50|100\/100\n|switch|p2a: Annihilape|Annihilape, L50, F, shiny|100\/100\n|switch|p2b: Amoonguss|Amoonguss, L50, M|100\/100\n|-ability|p1a: Ting-Lu|Vessel of Ruin\n|turn|1\n|\n|t:|1684010795\n|move|p2a: Annihilape|Bulk Up|p2a: Annihilape\n|-boost|p2a: Annihilape|atk|1\n|-boost|p2a: Annihilape|def|1\n|move|p1a: Ting-Lu|Stomping Tantrum|p2b: Amoonguss\n|-damage|p2b: Amoonguss|51\/100\n|move|p1b: Iron Hands|Swords Dance|p1b: Iron Hands\n|-boost|p1b: Iron Hands|atk|2\n|move|p2b: Amoonguss|Spore|p1a: Ting-Lu\n|-status|p1a: Ting-Lu|slp|[from] move: Spore\n|\n|upkeep\n|turn|2\n|inactive|Arcacagne has 30 seconds left.\n|inactive|Made In Toronto has 30 seconds left.\n|\n|t:|1684010825\n|switch|p1a: Flutter Mane|Flutter Mane, L50|100\/100\n|-enditem|p1a: Flutter Mane|Booster Energy\n|-activate|p1a: Flutter Mane|ability: Protosynthesis|[fromitem]\n|-start|p1a: Flutter Mane|protosynthesisspe\n|move|p2a: Annihilape|Rage Fist|p1b: Iron Hands\n|-damage|p1b: Iron Hands|80\/100\n|move|p1b: Iron Hands|Drain Punch|p2b: Amoonguss\n|-resisted|p2b: Amoonguss\n|-damage|p2b: Amoonguss|18\/100\n|-heal|p1b: Iron Hands|95\/100|[from] drain|[of] p2b: Amoonguss\n|-enditem|p2b: Amoonguss|Wiki Berry|[eat]\n|-heal|p2b: Amoonguss|52\/100|[from] item: Wiki Berry\n|move|p2b: Amoonguss|Clear Smog|p1b: Iron Hands\n|-damage|p1b: Iron Hands|85\/100\n|-clearboost|p1b: Iron Hands\n|\n|upkeep\n|turn|3\n|inactive|Arcacagne has 30 seconds left.\n|inactive|Arcacagne has 20 seconds left.\n|inactive|Arcacagne has 15 seconds left.\n|inactive|Arcacagne has 10 seconds left.\n|\n|t:|1684010870\n|switch|p2b: Hope's Peak|Iron Moth, L50|100\/100\n|-enditem|p2b: Hope's Peak|Booster Energy\n|-activate|p2b: Hope's Peak|ability: Quark Drive|[fromitem]\n|-start|p2b: Hope's Peak|quarkdrivespe\n|-terastallize|p2a: Annihilape|Fire\n|move|p1a: Flutter Mane|Shadow Ball|p2a: Annihilape\n|-damage|p2a: Annihilape|73\/100\n|move|p2a: Annihilape|Rage Fist|p1a: Flutter Mane\n|-supereffective|p1a: Flutter Mane\n|-damage|p1a: Flutter Mane|0 fnt\n|faint|p1a: Flutter Mane\n|-end|p1a: Flutter Mane|Protosynthesis|[silent]\n|move|p1b: Iron Hands|Thunder Punch|p2a: Annihilape\n|-crit|p2a: Annihilape\n|-damage|p2a: Annihilape|19\/100\n|\n|-heal|p2a: Annihilape|25\/100|[from] item: Leftovers\n|upkeep\n|\n|t:|1684010887\n|switch|p1a: Ting-Lu|Ting-Lu, L50|100\/100 slp\n|-ability|p1a: Ting-Lu|Vessel of Ruin\n|turn|4\n|\n|t:|1684010905\n|-terastallize|p1a: Ting-Lu|Poison\n|move|p2b: Hope's Peak|Energy Ball|p1a: Ting-Lu\n|-resisted|p1a: Ting-Lu\n|-damage|p1a: Ting-Lu|91\/100 slp\n|move|p2a: Annihilape|Drain Punch|p1a: Ting-Lu\n|-resisted|p1a: Ting-Lu\n|-damage|p1a: Ting-Lu|75\/100 slp\n|-heal|p2a: Annihilape|34\/100|[from] drain|[of] p1a: Ting-Lu\n|cant|p1a: Ting-Lu|slp\n|move|p1b: Iron Hands|Thunder Punch|p2a: Annihilape\n|-damage|p2a: Annihilape|11\/100\n|\n|-heal|p2a: Annihilape|17\/100|[from] item: Leftovers\n|upkeep\n|turn|5\n|\n|t:|1684010926\n|-end|p2b: Hope's Peak|Quark Drive|[silent]\n|switch|p2b: Amoonguss|Amoonguss, L50, M|85\/100\n|move|p2a: Annihilape|Rage Fist|p1b: Iron Hands\n|-damage|p1b: Iron Hands|2\/100\n|cant|p1a: Ting-Lu|slp\n|move|p1b: Iron Hands|Thunder Punch|p2a: Annihilape\n|-damage|p2a: Annihilape|0 fnt\n|faint|p2a: Annihilape\n|\n|upkeep\n|\n|t:|1684010932\n|switch|p2a: Hope's Peak|Iron Moth, L50|100\/100\n|turn|6\n|\n|t:|1684010948\n|move|p2b: Amoonguss|Rage Powder|p2b: Amoonguss\n|-singleturn|p2b: Amoonguss|move: Rage Powder\n|move|p2a: Hope's Peak|Heat Wave|p1b: Iron Hands|[spread] p1a,p1b\n|-damage|p1a: Ting-Lu|54\/100 slp\n|-damage|p1b: Iron Hands|0 fnt\n|faint|p1b: Iron Hands\n|-end|p1b: Iron Hands|Quark Drive|[silent]\n|cant|p1a: Ting-Lu|slp\n|\n|upkeep\n|\n|t:|1684010955\n|switch|p1b: Chi-Yu|Chi-Yu, L50|100\/100\n|-ability|p1b: Chi-Yu|Beads of Ruin\n|turn|7\n|\n|t:|1684010970\n|move|p2a: Hope's Peak|Heat Wave|p1b: Chi-Yu|[spread] p1a,p1b\n|-resisted|p1b: Chi-Yu\n|-damage|p1a: Ting-Lu|26\/100 slp\n|-damage|p1b: Chi-Yu|84\/100\n|move|p1b: Chi-Yu|Heat Wave|p2a: Hope's Peak|[spread] p2a,p2b\n|-resisted|p2a: Hope's Peak\n|-supereffective|p2b: Amoonguss\n|-damage|p2a: Hope's Peak|83\/100\n|-damage|p2b: Amoonguss|30\/100\n|-status|p2b: Amoonguss|brn\n|-curestatus|p1a: Ting-Lu|slp|[msg]\n|move|p1a: Ting-Lu|Stomping Tantrum|p2a: Hope's Peak\n|-supereffective|p2a: Hope's Peak\n|-damage|p2a: Hope's Peak|0 fnt\n|faint|p2a: Hope's Peak\n|-end|p2a: Hope's Peak|Quark Drive|[silent]\n|move|p2b: Amoonguss|Spore|p1a: Ting-Lu\n|-status|p1a: Ting-Lu|slp|[from] move: Spore\n|\n|-damage|p2b: Amoonguss|24\/100 brn|[from] brn\n|upkeep\n|\n|t:|1684010973\n|switch|p2a: Iron Bundle|Iron Bundle, L50, shiny|100\/100\n|turn|8\n|\n|t:|1684010997\n|move|p2b: Amoonguss|Rage Powder|p2b: Amoonguss\n|-singleturn|p2b: Amoonguss|move: Rage Powder\n|move|p2a: Iron Bundle|Hydro Pump|p1b: Chi-Yu|[miss]\n|-miss|p2a: Iron Bundle|p1b: Chi-Yu\n|move|p1b: Chi-Yu|Dark Pulse|p2b: Amoonguss\n|-damage|p2b: Amoonguss|0 fnt\n|faint|p2b: Amoonguss\n|cant|p1a: Ting-Lu|slp\n|\n|upkeep\n|turn|9\n|\n|t:|1684011008\n|move|p1b: Chi-Yu|Protect|p1b: Chi-Yu\n|-singleturn|p1b: Chi-Yu|Protect\n|move|p2a: Iron Bundle|Hydro Pump|p1b: Chi-Yu\n|-activate|p1b: Chi-Yu|move: Protect\n|cant|p1a: Ting-Lu|slp\n|\n|upkeep\n|turn|10\n|\n|t:|1684011020\n|move|p2a: Iron Bundle|Hydro Pump|p1b: Chi-Yu\n|-supereffective|p1b: Chi-Yu\n|-damage|p1b: Chi-Yu|0 fnt\n|faint|p1b: Chi-Yu\n|-curestatus|p1a: Ting-Lu|slp|[msg]\n|move|p1a: Ting-Lu|Stomping Tantrum|p2a: Iron Bundle\n|-enditem|p2a: Iron Bundle|Focus Sash\n|-damage|p2a: Iron Bundle|1\/100\n|\n|upkeep\n|turn|11\n|\n|t:|1684011030\n|move|p2a: Iron Bundle|Hydro Pump|p1a: Ting-Lu\n|-damage|p1a: Ting-Lu|0 fnt\n|faint|p1a: Ting-Lu\n|\n|win|Made In Toronto\n|raw|Arcacagne's rating: 1363 → 1348<\/strong> (-15 for losing)\n|raw|Made In Toronto's rating: 1443 → 1458<\/strong> (+15 for winning)\n|c|\u2606Made In Toronto|gg\n","uploadtime":1684011036,"views":19,"p1id":"arcacagne","p2id":"madeintoronto","formatid":"gen9vgc2023regulationc","rating":1348,"private":0,"password":""}