{"id":"gen9vgc2023regulationc-1846675342","p1":"jyhgfguy","p2":"Yfhufid","format":"[Gen 9] VGC 2023 Regulation C","log":"|j|\u2606jyhgfguy\n|j|\u2606Yfhufid\n|t:|1681864511\n|gametype|doubles\n|player|p1|jyhgfguy|169|1143\n|player|p2|Yfhufid|102|1028\n|teamsize|p1|6\n|teamsize|p2|6\n|gen|9\n|tier|[Gen 9] VGC 2023 Regulation C\n|rated|\n|rule|Species Clause: Limit one of each Pok\u00e9mon\n|rule|Item Clause: Limit one of each item\n|clearpoke\n|poke|p1|Torkoal, L50, M|\n|poke|p1|Chi-Yu, L50|\n|poke|p1|Bronzong, L50|\n|poke|p1|Gastrodon, L50, F|\n|poke|p1|Grimmsnarl, L50, M|\n|poke|p1|Skeledirge, L50, M|\n|poke|p2|Flutter Mane, L50|\n|poke|p2|Arcanine, L50, F|\n|poke|p2|Palafin, L50, M|\n|poke|p2|Kingambit, L50, F|\n|poke|p2|Amoonguss, L50, F|\n|poke|p2|Gothitelle, L50, F|\n|teampreview|4\n|inactive|Battle timer is ON: inactive players will automatically lose when time's up. (requested by jyhgfguy)\n|\n|t:|1681864544\n|start\n|switch|p1a: Chi-Yu|Chi-Yu, L50|100\/100\n|switch|p1b: Grimmsnarl|Grimmsnarl, L50, M|100\/100\n|switch|p2a: Arcanine|Arcanine, L50, F|100\/100\n|switch|p2b: Flutter Mane|Flutter Mane, L50|100\/100\n|-ability|p1a: Chi-Yu|Beads of Ruin\n|-ability|p2a: Arcanine|Intimidate|boost\n|-unboost|p1a: Chi-Yu|atk|1\n|-unboost|p1b: Grimmsnarl|atk|1\n|turn|1\n|\n|t:|1681864556\n|-terastallize|p2b: Flutter Mane|Fairy\n|move|p1a: Chi-Yu|Protect|p1a: Chi-Yu\n|-singleturn|p1a: Chi-Yu|Protect\n|move|p2a: Arcanine|Extreme Speed|p1a: Chi-Yu\n|-activate|p1a: Chi-Yu|move: Protect\n|move|p1b: Grimmsnarl|Trick|p2b: Flutter Mane\n|-activate|p1b: Grimmsnarl|move: Trick|[of] p2b: Flutter Mane\n|-item|p2b: Flutter Mane|Lagging Tail|[from] move: Trick\n|-item|p1b: Grimmsnarl|Choice Specs|[from] move: Trick\n|move|p2b: Flutter Mane|Dazzling Gleam|p1a: Chi-Yu|[spread] p1b\n|-activate|p1a: Chi-Yu|move: Protect\n|-supereffective|p1b: Grimmsnarl\n|-damage|p1b: Grimmsnarl|0 fnt\n|faint|p1b: Grimmsnarl\n|\n|upkeep\n|\n|t:|1681864571\n|switch|p1b: Skeledirge|Skeledirge, L50, M|100\/100\n|turn|2\n|\n|t:|1681864588\n|-terastallize|p1a: Chi-Yu|Ghost\n|move|p2a: Arcanine|Extreme Speed|p1b: Skeledirge\n|-immune|p1b: Skeledirge\n|move|p1a: Chi-Yu|Tera Blast|p2b: Flutter Mane\n|-damage|p2b: Flutter Mane|47\/100\n|move|p1b: Skeledirge|Torch Song|p2b: Flutter Mane\n|-damage|p2b: Flutter Mane|0 fnt\n|-boost|p1b: Skeledirge|spa|1\n|faint|p2b: Flutter Mane\n|-end|p2b: Flutter Mane|Protosynthesis|[silent]\n|\n|upkeep\n|\n|t:|1681864600\n|switch|p2b: Kingambit|Kingambit, L50, F|100\/100\n|turn|3\n|\n|t:|1681864620\n|move|p1a: Chi-Yu|Protect|p1a: Chi-Yu\n|-singleturn|p1a: Chi-Yu|Protect\n|move|p2b: Kingambit|Sucker Punch||[still]\n|-fail|p2b: Kingambit\n|move|p2a: Arcanine|Flare Blitz|p1b: Skeledirge\n|-resisted|p1b: Skeledirge\n|-damage|p1b: Skeledirge|79\/100\n|-damage|p2a: Arcanine|93\/100|[from] Recoil\n|move|p1b: Skeledirge|Encore|p2b: Kingambit\n|-start|p2b: Kingambit|Encore\n|\n|-heal|p1b: Skeledirge|85\/100|[from] item: Leftovers\n|upkeep\n|turn|4\n|\n|t:|1681864641\n|switch|p1a: Gastrodon|Gastrodon, L50, F|100\/100\n|move|p1b: Skeledirge|Protect|p1b: Skeledirge\n|-singleturn|p1b: Skeledirge|Protect\n|move|p2b: Kingambit|Sucker Punch||[still]\n|-fail|p2b: Kingambit\n|move|p2a: Arcanine|Flare Blitz|p1b: Skeledirge\n|-activate|p1b: Skeledirge|move: Protect\n|\n|-heal|p1b: Skeledirge|91\/100|[from] item: Leftovers\n|upkeep\n|turn|5\n|-message|Yfhufid forfeited.\n|\n|win|jyhgfguy\n|raw|jyhgfguy's rating: 1143 → 1160<\/strong> (+17 for winning)\n|raw|Yfhufid's rating: 1028 → 1018<\/strong> (-10 for losing)\n|l|\u2606Yfhufid\n","uploadtime":1681864657,"views":11,"p1id":"jyhgfguy","p2id":"yfhufid","formatid":"gen9vgc2023regulationc","rating":1018,"private":0,"password":""}