{"id":"gen9vgc2023regulationc-1851419117","p1":"jashon12","p2":"Jalapeppah","format":"[Gen 9] VGC 2023 Regulation C","log":"|j|\u2606jashon12\n|j|\u2606Jalapeppah\n|t:|1682443587\n|gametype|doubles\n|player|p1|jashon12|170|1379\n|player|p2|Jalapeppah|flint|1478\n|teamsize|p1|6\n|teamsize|p2|6\n|gen|9\n|tier|[Gen 9] VGC 2023 Regulation C\n|rated|\n|rule|Species Clause: Limit one of each Pok\u00e9mon\n|rule|Item Clause: Limit one of each item\n|clearpoke\n|poke|p1|Dragonite, L50, M|\n|poke|p1|Tatsugiri-Stretchy, L50, F|\n|poke|p1|Dondozo, L50, F|\n|poke|p1|Ting-Lu, L50|\n|poke|p1|Iron Hands, L50|\n|poke|p1|Chien-Pao, L50|\n|poke|p2|Tyranitar, L50, M|\n|poke|p2|Lycanroc, L50, M|\n|poke|p2|Flutter Mane, L50|\n|poke|p2|Chi-Yu, L50|\n|poke|p2|Gastrodon-East, L50, M|\n|poke|p2|Salamence, L50, M|\n|teampreview|4\n|inactive|Battle timer is ON: inactive players will automatically lose when time's up. (requested by Jalapeppah)\n|\n|t:|1682443620\n|start\n|switch|p1a: Iron Hands|Iron Hands, L50|100\/100\n|switch|p1b: Dragonite|Dragonite, L50, M|100\/100\n|switch|p2a: Salamence|Salamence, L50, M|100\/100\n|switch|p2b: Flutter Mane|Flutter Mane, L50|100\/100\n|-ability|p2a: Salamence|Intimidate|boost\n|-unboost|p1a: Iron Hands|atk|1\n|-fail|p1b: Dragonite|unboost|Attack|[from] ability: Inner Focus|[of] p1b: Dragonite\n|-enditem|p2b: Flutter Mane|Booster Energy\n|-activate|p2b: Flutter Mane|ability: Protosynthesis|[fromitem]\n|-start|p2b: Flutter Mane|protosynthesisspa\n|-enditem|p1a: Iron Hands|Booster Energy\n|-activate|p1a: Iron Hands|ability: Quark Drive|[fromitem]\n|-start|p1a: Iron Hands|quarkdrivedef\n|turn|1\n|\n|t:|1682443643\n|-terastallize|p1b: Dragonite|Normal\n|move|p1a: Iron Hands|Detect|p1a: Iron Hands\n|-singleturn|p1a: Iron Hands|Protect\n|move|p2b: Flutter Mane|Dazzling Gleam|p1a: Iron Hands|[spread] p1b\n|-activate|p1a: Iron Hands|move: Protect\n|-damage|p1b: Dragonite|68\/100\n|move|p2a: Salamence|Tailwind|p2a: Salamence\n|-sidestart|p2: Jalapeppah|move: Tailwind\n|move|p1b: Dragonite|Ice Spinner|p2a: Salamence\n|-supereffective|p2a: Salamence\n|-damage|p2a: Salamence|0 fnt\n|faint|p2a: Salamence\n|\n|upkeep\n|\n|t:|1682443662\n|switch|p2a: Ttar|Tyranitar, L50, M|100\/100\n|-weather|Sandstorm|[from] ability: Sand Stream|[of] p2a: Ttar\n|turn|2\n|inactive|Jalapeppah has 30 seconds left.\n|\n|t:|1682443691\n|-terastallize|p2b: Flutter Mane|Fairy\n|move|p2b: Flutter Mane|Dazzling Gleam|p1b: Dragonite|[spread] p1a,p1b\n|-supereffective|p1a: Iron Hands\n|-damage|p1a: Iron Hands|19\/100\n|-damage|p1b: Dragonite|23\/100\n|move|p2a: Ttar|Assurance|p1a: Iron Hands\n|-resisted|p1a: Iron Hands\n|-crit|p1a: Iron Hands\n|-damage|p1a: Iron Hands|0 fnt\n|faint|p1a: Iron Hands\n|-end|p1a: Iron Hands|Quark Drive|[silent]\n|move|p1b: Dragonite|Ice Spinner|p2b: Flutter Mane\n|-damage|p2b: Flutter Mane|26\/100\n|\n|-weather|Sandstorm|[upkeep]\n|-damage|p2b: Flutter Mane|20\/100|[from] Sandstorm\n|-damage|p1b: Dragonite|17\/100|[from] Sandstorm\n|upkeep\n|\n|t:|1682443704\n|switch|p1a: Ting-Lu|Ting-Lu, L50|100\/100\n|-ability|p1a: Ting-Lu|Vessel of Ruin\n|turn|3\n|\n|t:|1682443712\n|move|p2b: Flutter Mane|Protect|p2b: Flutter Mane\n|-singleturn|p2b: Flutter Mane|Protect\n|move|p2a: Ttar|Rock Slide|p1b: Dragonite|[spread] p1a,p1b\n|-resisted|p1a: Ting-Lu\n|-damage|p1a: Ting-Lu|93\/100\n|-damage|p1b: Dragonite|0 fnt\n|faint|p1b: Dragonite\n|move|p1a: Ting-Lu|Body Press|p2a: Ttar\n|-supereffective|p2a: Ttar\n|-damage|p2a: Ttar|20\/100\n|\n|-weather|Sandstorm|[upkeep]\n|-damage|p2b: Flutter Mane|15\/100|[from] Sandstorm\n|upkeep\n|\n|t:|1682443725\n|switch|p1b: Chien-Pao|Chien-Pao, L50|100\/100\n|-ability|p1b: Chien-Pao|Sword of Ruin\n|turn|4\n|\n|t:|1682443740\n|move|p1b: Chien-Pao|Protect|p1b: Chien-Pao\n|-singleturn|p1b: Chien-Pao|Protect\n|move|p2b: Flutter Mane|Moonblast|p1a: Ting-Lu\n|-supereffective|p1a: Ting-Lu\n|-damage|p1a: Ting-Lu|21\/100\n|move|p2a: Ttar|Low Kick|p1b: Chien-Pao\n|-activate|p1b: Chien-Pao|move: Protect\n|move|p1a: Ting-Lu|Body Press|p2b: Flutter Mane\n|-resisted|p2b: Flutter Mane\n|-damage|p2b: Flutter Mane|0 fnt\n|faint|p2b: Flutter Mane\n|-end|p2b: Flutter Mane|Protosynthesis|[silent]\n|\n|-weather|Sandstorm|[upkeep]\n|-damage|p1b: Chien-Pao|95\/100|[from] Sandstorm\n|-sideend|p2: Jalapeppah|move: Tailwind\n|upkeep\n|\n|t:|1682443749\n|switch|p2b: Gastrodon|Gastrodon-East, L50, M|100\/100\n|turn|5\n|\n|t:|1682443773\n|move|p1b: Chien-Pao|Sacred Sword|p2a: Ttar\n|-supereffective|p2a: Ttar\n|-damage|p2a: Ttar|0 fnt\n|faint|p2a: Ttar\n|move|p1a: Ting-Lu|Ruination|p2b: Gastrodon\n|-damage|p2b: Gastrodon|50\/100\n|move|p2b: Gastrodon|Earth Power|p1b: Chien-Pao\n|-damage|p1b: Chien-Pao|50\/100\n|\n|-weather|Sandstorm|[upkeep]\n|-damage|p1b: Chien-Pao|44\/100|[from] Sandstorm\n|-heal|p2b: Gastrodon|57\/100|[from] item: Leftovers\n|upkeep\n|turn|6\n|\n|t:|1682443794\n|move|p2b: Gastrodon|Protect|p2b: Gastrodon\n|-singleturn|p2b: Gastrodon|Protect\n|move|p1b: Chien-Pao|Ice Spinner|p2b: Gastrodon\n|-activate|p2b: Gastrodon|move: Protect\n|move|p1a: Ting-Lu|Ruination|p2b: Gastrodon\n|-activate|p2b: Gastrodon|move: Protect\n|\n|-weather|none\n|-heal|p2b: Gastrodon|63\/100|[from] item: Leftovers\n|upkeep\n|turn|7\n|\n|t:|1682443806\n|move|p1b: Chien-Pao|Ice Spinner|p2b: Gastrodon\n|-damage|p2b: Gastrodon|15\/100\n|move|p1a: Ting-Lu|Ruination|p2b: Gastrodon\n|-damage|p2b: Gastrodon|8\/100\n|move|p2b: Gastrodon|Earth Power|p1b: Chien-Pao\n|-damage|p1b: Chien-Pao|5\/100\n|\n|-heal|p2b: Gastrodon|14\/100|[from] item: Leftovers\n|upkeep\n|turn|8\n|-message|Jalapeppah forfeited.\n|\n|win|jashon12\n|raw|jashon12's rating: 1379 → 1405<\/strong> (+26 for winning)\n|raw|Jalapeppah's rating: 1478 → 1452<\/strong> (-26 for losing)\n|l|\u2606Jalapeppah\n||Ladder isn't responding, score probably updated but might not have (Request timeout).\n","uploadtime":1682443860,"views":8,"p1id":"jashon12","p2id":"jalapeppah","formatid":"gen9vgc2023regulationc","rating":1405,"private":0,"password":""}