{"id":"gen9vgc2023regulationc-1848850639","p1":"p-funky","p2":"OznerolVGC","format":"[Gen 9] VGC 2023 Regulation C","log":"|j|\u2606p-funky\n|j|\u2606OznerolVGC\n|t:|1682117406\n|gametype|doubles\n|player|p1|p-funky|twins-gen2|1264\n|player|p2|OznerolVGC|102|1321\n|teamsize|p1|6\n|teamsize|p2|6\n|gen|9\n|tier|[Gen 9] VGC 2023 Regulation C\n|rated|\n|rule|Species Clause: Limit one of each Pok\u00e9mon\n|rule|Item Clause: Limit one of each item\n|clearpoke\n|poke|p1|Muk, L50, F|\n|poke|p1|Flamigo, L50, M|\n|poke|p1|Iron Bundle, L50|\n|poke|p1|Flutter Mane, L50|\n|poke|p1|Iron Moth, L50|\n|poke|p1|Iron Hands, L50|\n|poke|p2|Palafin, L50, M|\n|poke|p2|Arcanine, L50, M|\n|poke|p2|Flutter Mane, L50|\n|poke|p2|Amoonguss, L50, F|\n|poke|p2|Ting-Lu, L50|\n|poke|p2|Garganacl, L50, F|\n|teampreview|4\n|inactive|Battle timer is ON: inactive players will automatically lose when time's up. (requested by OznerolVGC)\n|\n|t:|1682117432\n|start\n|switch|p1a: Iron Bundle|Iron Bundle, L50|100\/100\n|switch|p1b: Muk|Muk, L50, F|100\/100\n|switch|p2a: Garganacl|Garganacl, L50, F|100\/100\n|switch|p2b: Arcanine|Arcanine, L50, M|100\/100\n|-ability|p2b: Arcanine|Intimidate|boost\n|-unboost|p1a: Iron Bundle|atk|1\n|-unboost|p1b: Muk|atk|1\n|turn|1\n|\n|t:|1682117455\n|move|p2b: Arcanine|Protect|p2b: Arcanine\n|-singleturn|p2b: Arcanine|Protect\n|move|p1a: Iron Bundle|Hydro Pump|p2a: Garganacl\n|-supereffective|p2a: Garganacl\n|-damage|p2a: Garganacl|0 fnt\n|faint|p2a: Garganacl\n|-damage|p1a: Iron Bundle|91\/100|[from] item: Life Orb\n|move|p1b: Muk|Minimize|p1b: Muk\n|-boost|p1b: Muk|evasion|2\n|\n|upkeep\n|inactive|OznerolVGC has 30 seconds left.\n|inactive|OznerolVGC has 20 seconds left.\n|inactive|OznerolVGC has 15 seconds left.\n|inactive|OznerolVGC has 10 seconds left.\n|inactive|OznerolVGC has 5 seconds left.\n|\n|t:|1682117506\n|switch|p2a: Ting-Lu|Ting-Lu, L50|100\/100\n|-ability|p2a: Ting-Lu|Vessel of Ruin\n|turn|2\n|\n|t:|1682117523\n|move|p1a: Iron Bundle|Hydro Pump|p2b: Arcanine|[miss]\n|-miss|p1a: Iron Bundle|p2b: Arcanine\n|move|p2b: Arcanine|Howl|p2b: Arcanine|[spread] p2a,p2b\n|-boost|p2a: Ting-Lu|atk|1\n|-boost|p2b: Arcanine|atk|1\n|move|p1b: Muk|Minimize|p1b: Muk\n|-boost|p1b: Muk|evasion|2\n|move|p2a: Ting-Lu|Stomping Tantrum|p1a: Iron Bundle\n|-damage|p1a: Iron Bundle|19\/100\n|\n|upkeep\n|turn|3\n|\n|t:|1682117545\n|move|p1a: Iron Bundle|Protect|p1a: Iron Bundle\n|-singleturn|p1a: Iron Bundle|Protect\n|move|p2b: Arcanine|Howl|p2b: Arcanine|[spread] p2a,p2b\n|-boost|p2a: Ting-Lu|atk|1\n|-boost|p2b: Arcanine|atk|1\n|move|p1b: Muk|Toxic|p2a: Ting-Lu\n|-status|p2a: Ting-Lu|tox\n|move|p2a: Ting-Lu|Stomping Tantrum|p1b: Muk|[miss]\n|-miss|p2a: Ting-Lu|p1b: Muk\n|\n|-damage|p2a: Ting-Lu|94\/100 tox|[from] psn\n|upkeep\n|turn|4\n|\n|t:|1682117564\n|-terastallize|p2b: Arcanine|Grass\n|move|p1a: Iron Bundle|Hydro Pump|p2b: Arcanine\n|-resisted|p2b: Arcanine\n|-damage|p2b: Arcanine|79\/100\n|-damage|p1a: Iron Bundle|10\/100|[from] item: Life Orb\n|move|p2b: Arcanine|Howl|p2b: Arcanine|[spread] p2a,p2b\n|-boost|p2a: Ting-Lu|atk|1\n|-boost|p2b: Arcanine|atk|1\n|move|p1b: Muk|Minimize|p1b: Muk\n|-boost|p1b: Muk|evasion|2\n|move|p2a: Ting-Lu|Stomping Tantrum|p1b: Muk|[miss]\n|-miss|p2a: Ting-Lu|p1b: Muk\n|\n|-damage|p2a: Ting-Lu|82\/100 tox|[from] psn\n|upkeep\n|turn|5\n|\n|t:|1682117585\n|move|p2b: Arcanine|Protect|p2b: Arcanine\n|-singleturn|p2b: Arcanine|Protect\n|move|p1a: Iron Bundle|Hydro Pump|p2a: Ting-Lu\n|-supereffective|p2a: Ting-Lu\n|-damage|p2a: Ting-Lu|24\/100 tox\n|-damage|p1a: Iron Bundle|0 fnt|[from] item: Life Orb\n|faint|p1a: Iron Bundle\n|-end|p1a: Iron Bundle|Quark Drive|[silent]\n|move|p1b: Muk|Toxic|p2b: Arcanine\n|-activate|p2b: Arcanine|move: Protect\n|move|p2a: Ting-Lu|Stomping Tantrum|p1b: Muk|[miss]\n|-miss|p2a: Ting-Lu|p1b: Muk\n|\n|-damage|p2a: Ting-Lu|6\/100 tox|[from] psn\n|upkeep\n|\n|t:|1682117606\n|switch|p1a: Iron Moth|Iron Moth, L50|100\/100\n|turn|6\n|\n|t:|1682117616\n|switch|p2a: Amoonguss|Amoonguss, L50, F|100\/100\n|move|p1a: Iron Moth|Heat Wave|p2b: Arcanine|[spread] p2a,p2b\n|-supereffective|p2a: Amoonguss\n|-supereffective|p2b: Arcanine\n|-damage|p2a: Amoonguss|0 fnt\n|-damage|p2b: Arcanine|0 fnt\n|faint|p2a: Amoonguss\n|faint|p2b: Arcanine\n|move|p1b: Muk|Fire Punch|p2: Amoonguss|[notarget]\n|-fail|p1b: Muk\n|\n|upkeep\n|-message|OznerolVGC forfeited.\n|\n|win|p-funky\n|raw|p-funky's rating: 1264 → 1293<\/strong> (+29 for winning)\n|raw|OznerolVGC's rating: 1321 → 1298<\/strong> (-23 for losing)\n|l|\u2606OznerolVGC\n","uploadtime":1682117664,"views":8,"p1id":"pfunky","p2id":"oznerolvgc","formatid":"gen9vgc2023regulationc","rating":1293,"private":0,"password":""}