{"id":"gen9vgc2023regulationc-1861562048","p1":"cb-sooner","p2":"jenzz2","format":"[Gen 9] VGC 2023 Regulation C","log":"|j|\u2606cb-sooner\n|j|\u2606jenzz2\n|t:|1683773542\n|gametype|doubles\n|player|p1|cb-sooner|1|1503\n|player|p2|jenzz2|265|1514\n|teamsize|p1|6\n|teamsize|p2|6\n|gen|9\n|tier|[Gen 9] VGC 2023 Regulation C\n|rated|\n|rule|Species Clause: Limit one of each Pok\u00e9mon\n|rule|Item Clause: Limit one of each item\n|clearpoke\n|poke|p1|Iron Hands, L50|\n|poke|p1|Oranguru, L50, M|\n|poke|p1|Indeedee-F, L50, F|\n|poke|p1|Torkoal, L50, F|\n|poke|p1|Tyranitar, L50, F|\n|poke|p1|Armarouge, L50, F|\n|poke|p2|Iron Hands, L50|\n|poke|p2|Flutter Mane, L50|\n|poke|p2|Indeedee-F, L50, F|\n|poke|p2|Iron Bundle, L50|\n|poke|p2|Iron Valiant, L50|\n|poke|p2|Armarouge, L50, F|\n|teampreview|4\n|\n|t:|1683773580\n|start\n|switch|p1a: Indeedee|Indeedee-F, L50, F|100\/100\n|switch|p1b: Oranguru|Oranguru, L50, M|100\/100\n|switch|p2a: Iron Hands|Iron Hands, L50, shiny|100\/100\n|switch|p2b: Flutter Mane|Flutter Mane, L50|100\/100\n|-fieldstart|move: Psychic Terrain|[from] ability: Psychic Surge|[of] p1a: Indeedee\n|turn|1\n|j| Wheeel\n|\n|t:|1683773616\n|-terastallize|p2a: Iron Hands|Grass\n|move|p2b: Flutter Mane|Moonblast|p1b: Oranguru\n|-damage|p1b: Oranguru|53\/100\n|-unboost|p1b: Oranguru|spa|1\n|move|p1a: Indeedee|Psychic|p2a: Iron Hands\n|-damage|p2a: Iron Hands|61\/100\n|move|p2a: Iron Hands|Belly Drum|p2a: Iron Hands\n|-damage|p2a: Iron Hands|11\/100\n|-setboost|p2a: Iron Hands|atk|6|[from] move: Belly Drum\n|-enditem|p2a: Iron Hands|Sitrus Berry|[eat]\n|-heal|p2a: Iron Hands|36\/100|[from] item: Sitrus Berry\n|move|p1b: Oranguru|Trick Room|p1b: Oranguru\n|-fieldstart|move: Trick Room|[of] p1b: Oranguru\n|-enditem|p2b: Flutter Mane|Room Service\n|-unboost|p2b: Flutter Mane|spe|1|[from] item: Room Service\n|\n|upkeep\n|turn|2\n|inactive|Battle timer is ON: inactive players will automatically lose when time's up. (requested by jenzz2)\n|\n|t:|1683773695\n|move|p1a: Indeedee|Follow Me|p1a: Indeedee\n|-singleturn|p1a: Indeedee|move: Follow Me\n|move|p2a: Iron Hands|Drain Punch|p1a: Indeedee\n|-damage|p1a: Indeedee|0 fnt\n|-heal|p2a: Iron Hands|71\/100|[from] drain|[of] p1a: Indeedee\n|faint|p1a: Indeedee\n|move|p1b: Oranguru|Taunt|p2b: Flutter Mane\n|-start|p2b: Flutter Mane|move: Taunt\n|cant|p2b: Flutter Mane|move: Taunt|Trick Room\n|\n|upkeep\n|\n|t:|1683773712\n|switch|p1a: Iron Hands|Iron Hands, L50|100\/100\n|-enditem|p1a: Iron Hands|Booster Energy\n|-activate|p1b: Oranguru|ability: Symbiosis|Life Orb|[of] p1a: Iron Hands\n|-activate|p1a: Iron Hands|ability: Quark Drive|[fromitem]\n|-start|p1a: Iron Hands|quarkdriveatk\n|turn|3\n|inactive|cb-sooner has 30 seconds left.\n|inactive|cb-sooner has 20 seconds left.\n|inactive|cb-sooner has 15 seconds left.\n|inactive|cb-sooner has 10 seconds left.\n|inactive|cb-sooner has 5 seconds left.\n|\n|t:|1683773767\n|-terastallize|p1a: Iron Hands|Electric\n|move|p1a: Iron Hands|Close Combat|p2a: Iron Hands\n|-damage|p2a: Iron Hands|0 fnt\n|-unboost|p1a: Iron Hands|def|1\n|-unboost|p1a: Iron Hands|spd|1\n|faint|p2a: Iron Hands\n|-end|p2a: Iron Hands|Quark Drive|[silent]\n|-damage|p1a: Iron Hands|91\/100|[from] item: Life Orb\n|move|p1b: Oranguru|Instruct|p1a: Iron Hands\n|-singleturn|p1a: Iron Hands|move: Instruct|[of] p1b: Oranguru\n|move|p1a: Iron Hands|Close Combat|p2b: Flutter Mane\n|-immune|p2b: Flutter Mane\n|move|p2b: Flutter Mane|Moonblast|p1b: Oranguru\n|-damage|p1b: Oranguru|12\/100\n|\n|upkeep\n|inactive|jenzz2 has 30 seconds left.\n|inactive|jenzz2 has 20 seconds left.\n|inactive|jenzz2 has 15 seconds left.\n|inactive|jenzz2 has 10 seconds left.\n|\n|t:|1683773816\n|switch|p2a: Indeedee|Indeedee-F, L50, F|100\/100\n|-enditem|p2a: Indeedee|Psychic Seed\n|-boost|p2a: Indeedee|spd|1|[from] item: Psychic Seed\n|turn|4\n|inactive|cb-sooner has 30 seconds left.\n|inactive|jenzz2 has 30 seconds left.\n|\n|t:|1683773846\n|move|p2a: Indeedee|Follow Me|p2a: Indeedee\n|-singleturn|p2a: Indeedee|move: Follow Me\n|move|p1a: Iron Hands|Wild Charge|p2a: Indeedee\n|-crit|p2a: Indeedee\n|-damage|p2a: Indeedee|0 fnt\n|faint|p2a: Indeedee\n|-damage|p1a: Iron Hands|72\/100|[from] Recoil\n|-damage|p1a: Iron Hands|62\/100|[from] item: Life Orb\n|move|p1b: Oranguru|Instruct|p1a: Iron Hands\n|-singleturn|p1a: Iron Hands|move: Instruct|[of] p1b: Oranguru\n|move|p1a: Iron Hands|Wild Charge|p2b: Flutter Mane\n|-damage|p2b: Flutter Mane|0 fnt\n|faint|p2b: Flutter Mane\n|-end|p2b: Flutter Mane|Protosynthesis|[silent]\n|-damage|p1a: Iron Hands|45\/100|[from] Recoil\n|-damage|p1a: Iron Hands|35\/100|[from] item: Life Orb\n|\n|upkeep\n|\n|t:|1683773864\n|switch|p2b: Armarouge|Armarouge, L50, F|100\/100\n|turn|5\n|l| Wheeel\n|inactive|cb-sooner has 30 seconds left.\n|\n|t:|1683773889\n|move|p2b: Armarouge|Protect|p2b: Armarouge\n|-singleturn|p2b: Armarouge|Protect\n|move|p1a: Iron Hands|Wild Charge|p2b: Armarouge\n|-activate|p2b: Armarouge|move: Protect\n|move|p1b: Oranguru|Taunt|p2b: Armarouge\n|-activate|p2b: Armarouge|move: Protect\n|\n|-fieldend|move: Trick Room\n|-fieldend|move: Psychic Terrain\n|upkeep\n|turn|6\n|\n|t:|1683773909\n|move|p1a: Iron Hands|Detect|p1a: Iron Hands\n|-singleturn|p1a: Iron Hands|Protect\n|move|p2b: Armarouge|Expanding Force|p1a: Iron Hands\n|-activate|p1a: Iron Hands|move: Protect\n|move|p1b: Oranguru|Trick Room|p1b: Oranguru\n|-fieldstart|move: Trick Room|[of] p1b: Oranguru\n|\n|upkeep\n|turn|7\n|-message|jenzz2 forfeited.\n|\n|win|cb-sooner\n|raw|cb-sooner's rating: 1503 → 1524<\/strong> (+21 for winning)\n|raw|jenzz2's rating: 1514 → 1493<\/strong> (-21 for losing)\n|l|\u2606jenzz2\n","uploadtime":1683773919,"views":11,"p1id":"cbsooner","p2id":"jenzz2","formatid":"gen9vgc2023regulationc","rating":1493,"private":0,"password":""}