{"id":"gen9vgc2023regulationc-1859903702","p1":"arlehk","p2":"GruffuddH","format":"[Gen 9] VGC 2023 Regulation C","log":"|j|\u2606arlehk\n|j|\u2606GruffuddH\n|t:|1683574359\n|gametype|doubles\n|player|p1|arlehk|101|1165\n|player|p2|GruffuddH|rika|1074\n|teamsize|p1|6\n|teamsize|p2|6\n|gen|9\n|tier|[Gen 9] VGC 2023 Regulation C\n|rated|\n|rule|Species Clause: Limit one of each Pok\u00e9mon\n|rule|Item Clause: Limit one of each item\n|clearpoke\n|poke|p1|Barraskewda, L50, M|\n|poke|p1|Pelipper, L50, M|\n|poke|p1|Dragapult, L50, F|\n|poke|p1|Lucario, L50, F|\n|poke|p1|Grimmsnarl, L50, M|\n|poke|p1|Meowscarada, L50, F|\n|poke|p2|Gastrodon, L50, M|\n|poke|p2|Flutter Mane, L50|\n|poke|p2|Wo-Chien, L50|\n|poke|p2|Chi-Yu, L50|\n|poke|p2|Gyarados, L50, M|\n|poke|p2|Glimmora, L50, F|\n|teampreview|4\nGruffuddH has agreed to open team sheets.\n|inactive|Battle timer is ON: inactive players will automatically lose when time's up. (requested by arlehk)\narlehk rejected open team sheets.\n|\n|t:|1683574398\n|start\n|switch|p1a: Barraskewda|Barraskewda, L50, M|100\/100\n|switch|p1b: Meowscarada|Meowscarada, L50, F|100\/100\n|switch|p2a: BLOW-chien|Wo-Chien, L50|100\/100\n|switch|p2b: GliBOREa|Glimmora, L50, F|100\/100\n|-ability|p2a: BLOW-chien|Tablets of Ruin\n|turn|1\n|\n|t:|1683574415\n|-terastallize|p2b: GliBOREa|Grass\n|move|p1b: Meowscarada|U-turn|p2a: BLOW-chien\n|-start|p1b: Meowscarada|typechange|Bug|[from] ability: Protean\n|-supereffective|p2a: BLOW-chien\n|-damage|p2a: BLOW-chien|0 fnt\n|faint|p2a: BLOW-chien\n|-damage|p1b: Meowscarada|91\/100|[from] item: Life Orb\n|\n|t:|1683574423\n|switch|p1b: Pelipper|Pelipper, L50, M|100\/100|[from] U-turn\n|-weather|RainDance|[from] ability: Drizzle|[of] p1b: Pelipper\n|move|p1a: Barraskewda|Liquidation|p2b: GliBOREa\n|-resisted|p2b: GliBOREa\n|-damage|p2b: GliBOREa|53\/100\n|-activate|p2b: GliBOREa|ability: Toxic Debris\n|-sidestart|p1: arlehk|move: Toxic Spikes\n|move|p2b: GliBOREa|Mortal Spin|p1b: Pelipper|[spread] p1a,p1b\n|-damage|p1a: Barraskewda|91\/100\n|-damage|p1b: Pelipper|95\/100\n|-status|p1a: Barraskewda|psn\n|-status|p1b: Pelipper|psn\n|\n|-weather|RainDance|[upkeep]\n|-damage|p1a: Barraskewda|79\/100 psn|[from] psn\n|-damage|p1b: Pelipper|83\/100 psn|[from] psn\n|upkeep\n|inactive|GruffuddH has 30 seconds left.\n|\n|t:|1683574450\n|switch|p2a: ASStrodon|Gastrodon, L50, M|100\/100\n|turn|2\n|\n|t:|1683574472\n|move|p1a: Barraskewda|Protect|p1a: Barraskewda\n|-singleturn|p1a: Barraskewda|Protect\n|move|p2b: GliBOREa|Energy Ball|p1b: Pelipper\n|-damage|p1b: Pelipper|9\/100 psn\n|move|p1b: Pelipper|Hurricane|p2b: GliBOREa\n|-supereffective|p2b: GliBOREa\n|-damage|p2b: GliBOREa|0 fnt\n|faint|p2b: GliBOREa\n|move|p2a: ASStrodon|Earth Power|p1a: Barraskewda\n|-activate|p1a: Barraskewda|move: Protect\n|\n|-weather|RainDance|[upkeep]\n|-damage|p1a: Barraskewda|66\/100 psn|[from] psn\n|-damage|p1b: Pelipper|0 fnt|[from] psn\n|faint|p1b: Pelipper\n|upkeep\n|\n|t:|1683574485\n|switch|p2b: Flutter LAME|Flutter Mane, L50|100\/100\n|switch|p1b: Meowscarada|Meowscarada, L50, F|91\/100\n|-status|p1b: Meowscarada|psn\n|turn|3\n|\n|t:|1683574501\n|move|p1b: Meowscarada|Protect|p1b: Meowscarada\n|-start|p1b: Meowscarada|typechange|Normal|[from] ability: Protean\n|-singleturn|p1b: Meowscarada|Protect\n|move|p1a: Barraskewda|Drill Run|p2a: ASStrodon\n|-damage|p2a: ASStrodon|65\/100\n|move|p2b: Flutter LAME|Dazzling Gleam|p1b: Meowscarada|[spread] p1a\n|-activate|p1b: Meowscarada|move: Protect\n|-damage|p1a: Barraskewda|0 fnt\n|faint|p1a: Barraskewda\n|move|p2a: ASStrodon|Clear Smog|p1b: Meowscarada\n|-activate|p1b: Meowscarada|move: Protect\n|\n|-weather|RainDance|[upkeep]\n|-damage|p1b: Meowscarada|78\/100 psn|[from] psn\n|upkeep\n|\n|t:|1683574510\n|switch|p1a: Dragapult|Dragapult, L50, F|100\/100\n|-status|p1a: Dragapult|psn\n|turn|4\n|\n|t:|1683574519\n|-terastallize|p1a: Dragapult|Steel\n|move|p1a: Dragapult|Tera Blast|p2b: Flutter LAME\n|-supereffective|p2b: Flutter LAME\n|-damage|p2b: Flutter LAME|35\/100\n|move|p1b: Meowscarada|Flower Trick|p2a: ASStrodon\n|-supereffective|p2a: ASStrodon\n|-crit|p2a: ASStrodon\n|-damage|p2a: ASStrodon|0 fnt\n|faint|p2a: ASStrodon\n|-damage|p1b: Meowscarada|68\/100 psn|[from] item: Life Orb\n|move|p2b: Flutter LAME|Dazzling Gleam|p1a: Dragapult|[spread] p1a,p1b\n|-resisted|p1a: Dragapult\n|-damage|p1a: Dragapult|80\/100 psn\n|-damage|p1b: Meowscarada|1\/100 psn\n|\n|-weather|RainDance|[upkeep]\n|-damage|p1a: Dragapult|68\/100 psn|[from] psn\n|-damage|p1b: Meowscarada|0 fnt|[from] psn\n|faint|p1b: Meowscarada\n|upkeep\n|turn|5\n|\n|t:|1683574535\n|move|p1a: Dragapult|Tera Blast|p2b: Flutter LAME\n|-supereffective|p2b: Flutter LAME\n|-damage|p2b: Flutter LAME|0 fnt\n|faint|p2b: Flutter LAME\n|-end|p2b: Flutter LAME|Protosynthesis|[silent]\n|\n|win|arlehk\n|raw|arlehk's rating: 1165 → 1184<\/strong> (+19 for winning)\n|raw|GruffuddH's rating: 1074 → 1058<\/strong> (-16 for losing)\n|l|\u2606arlehk\n","uploadtime":1683574563,"views":9,"p1id":"arlehk","p2id":"gruffuddh","formatid":"gen9vgc2023regulationc","rating":1058,"private":0,"password":""}