{"id":"gen9vgc2023regulationc-1847649831","p1":"IGOBONK","p2":"Blazing Blackness","format":"[Gen 9] VGC 2023 Regulation C","log":"|j|\u2606IGOBONK\n|j|\u2606Blazing Blackness\n|t:|1681987571\n|gametype|doubles\n|player|p1|IGOBONK|ninjaboy|1078\n|player|p2|Blazing Blackness|chuck|1111\n|teamsize|p1|6\n|teamsize|p2|6\n|gen|9\n|tier|[Gen 9] VGC 2023 Regulation C\n|rated|\n|rule|Species Clause: Limit one of each Pok\u00e9mon\n|rule|Item Clause: Limit one of each item\n|clearpoke\n|poke|p1|Vaporeon, L50, F|\n|poke|p1|Annihilape, L50, F|\n|poke|p1|Roaring Moon, L50|\n|poke|p1|Tinkaton, L50, F|\n|poke|p1|Arcanine, L50, M|\n|poke|p1|Flutter Mane, L50|\n|poke|p2|Wo-Chien, L50|\n|poke|p2|Grimmsnarl, L50, M|\n|poke|p2|Ting-Lu, L50|\n|poke|p2|Lucario, L50, M|\n|poke|p2|Chien-Pao, L50|\n|poke|p2|Chi-Yu, L50|\n|teampreview|4\n|inactive|Battle timer is ON: inactive players will automatically lose when time's up. (requested by Blazing Blackness)\n|inactive|IGOBONK has 60 seconds left.\n|inactive|Blazing Blackness has 60 seconds left.\n|\n|t:|1681987618\n|start\n|switch|p1a: Roaring Moon|Roaring Moon, L50|100\/100\n|switch|p1b: Tinkaton|Tinkaton, L50, F|100\/100\n|switch|p2a: Grimmsnarl|Grimmsnarl, L50, M|100\/100\n|switch|p2b: Wo-Chien|Wo-Chien, L50|100\/100\n|-ability|p1b: Tinkaton|Mold Breaker\n|-ability|p2b: Wo-Chien|Tablets of Ruin\n|-enditem|p1a: Roaring Moon|Booster Energy\n|-activate|p1a: Roaring Moon|ability: Protosynthesis|[fromitem]\n|-start|p1a: Roaring Moon|protosynthesisatk\n|turn|1\n|\n|t:|1681987635\n|move|p2b: Wo-Chien|Protect|p2b: Wo-Chien\n|-singleturn|p2b: Wo-Chien|Protect\n|move|p1b: Tinkaton|Fake Out|p2a: Grimmsnarl\n|-damage|p2a: Grimmsnarl|90\/100\n|cant|p2a: Grimmsnarl|flinch\n|move|p1a: Roaring Moon|Tailwind|p1a: Roaring Moon\n|-sidestart|p1: IGOBONK|move: Tailwind\n|\n|upkeep\n|turn|2\n|\n|t:|1681987658\n|-terastallize|p2b: Wo-Chien|Water\n|move|p1a: Roaring Moon|Protect|p1a: Roaring Moon\n|-singleturn|p1a: Roaring Moon|Protect\n|move|p2a: Grimmsnarl|Reflect|p2a: Grimmsnarl\n|-sidestart|p2: Blazing Blackness|Reflect\n|move|p1b: Tinkaton|Thunder Wave|p2a: Grimmsnarl\n|-status|p2a: Grimmsnarl|par\n|move|p2b: Wo-Chien|Leech Seed|p1a: Roaring Moon\n|-activate|p1a: Roaring Moon|move: Protect\n|\n|upkeep\n|turn|3\n|inactive|IGOBONK has 30 seconds left.\n|\n|t:|1681987689\n|-end|p1a: Roaring Moon|Protosynthesis|[silent]\n|switch|p1a: Annihilape|Annihilape, L50, F|100\/100\n|cant|p2a: Grimmsnarl|par\n|move|p1b: Tinkaton|Thunder Wave|p2b: Wo-Chien\n|-status|p2b: Wo-Chien|par\n|move|p2b: Wo-Chien|Leech Seed|p1a: Annihilape\n|-start|p1a: Annihilape|move: Leech Seed\n|\n|-damage|p1a: Annihilape|88\/100|[from] Leech Seed|[of] p2b: Wo-Chien\n|upkeep\n|turn|4\n|inactive|Blazing Blackness has 30 seconds left.\n|inactive|Blazing Blackness has 20 seconds left.\n|\n|t:|1681987725\n|move|p1b: Tinkaton|Gigaton Hammer|p2a: Grimmsnarl\n|-supereffective|p2a: Grimmsnarl\n|-damage|p2a: Grimmsnarl|9\/100 par\n|move|p1a: Annihilape|Drain Punch|p2a: Grimmsnarl\n|-damage|p2a: Grimmsnarl|0 fnt\n|-heal|p1a: Annihilape|92\/100|[from] drain|[of] p2a: Grimmsnarl\n|faint|p2a: Grimmsnarl\n|cant|p2b: Wo-Chien|par\n|\n|-heal|p1a: Annihilape|98\/100|[from] item: Leftovers\n|-damage|p1a: Annihilape|86\/100|[from] Leech Seed|[of] p2b: Wo-Chien\n|-sideend|p1: IGOBONK|move: Tailwind\n|upkeep\n|\n|t:|1681987746\n|switch|p2a: Ting-Lu|Ting-Lu, L50|100\/100\n|-ability|p2a: Ting-Lu|Vessel of Ruin\n|turn|5\n|\n|t:|1681987767\n|switch|p1b: Roaring Moon|Roaring Moon, L50|100\/100\n|switch|p1a: Flutter Mane|Flutter Mane, L50|100\/100\n|move|p2a: Ting-Lu|Fissure|p1b: Roaring Moon\n|-damage|p1b: Roaring Moon|0 fnt\n|faint|p1b: Roaring Moon\n|-end|p1b: Roaring Moon|Protosynthesis|[silent]\n|-ohko\n|move|p2b: Wo-Chien|Ruination|p1a: Flutter Mane\n|-damage|p1a: Flutter Mane|50\/100\n|\n|upkeep\n|\n|t:|1681987779\n|switch|p1b: Tinkaton|Tinkaton, L50, F|100\/100\n|-ability|p1b: Tinkaton|Mold Breaker\n|turn|6\n|\n|t:|1681987800\n|-terastallize|p1a: Flutter Mane|Fairy\n|move|p1b: Tinkaton|Fake Out|p2a: Ting-Lu\n|-damage|p2a: Ting-Lu|97\/100\n|move|p1a: Flutter Mane|Dazzling Gleam|p2a: Ting-Lu|[spread] p2a,p2b\n|-supereffective|p2a: Ting-Lu\n|-damage|p2a: Ting-Lu|52\/100\n|-damage|p2b: Wo-Chien|71\/100 par\n|cant|p2a: Ting-Lu|flinch\n|move|p2b: Wo-Chien|Snarl|p1b: Tinkaton|[spread] p1a,p1b\n|-resisted|p1a: Flutter Mane\n|-resisted|p1b: Tinkaton\n|-damage|p1a: Flutter Mane|45\/100\n|-damage|p1b: Tinkaton|95\/100\n|-unboost|p1a: Flutter Mane|spa|1\n|-unboost|p1b: Tinkaton|spa|1\n|\n|-heal|p2b: Wo-Chien|78\/100 par|[from] item: Leftovers\n|upkeep\n|turn|7\n|c|\u2606IGOBONK|you luck fucker\n|n|!IGOBONK|igobonk\n|inactive|IGOBONK has 30 seconds left.\n|inactive|Blazing Blackness has 30 seconds left.\n|\n|t:|1681987829\n|move|p1a: Flutter Mane|Dazzling Gleam|p2b: Wo-Chien|[spread] p2a,p2b\n|-supereffective|p2a: Ting-Lu\n|-damage|p2a: Ting-Lu|23\/100\n|-damage|p2b: Wo-Chien|56\/100 par\n|move|p1b: Tinkaton|Gigaton Hammer|p2b: Wo-Chien\n|-resisted|p2b: Wo-Chien\n|-damage|p2b: Wo-Chien|44\/100 par\n|move|p2a: Ting-Lu|Stomping Tantrum|p1a: Flutter Mane\n|-damage|p1a: Flutter Mane|0 fnt\n|faint|p1a: Flutter Mane\n|-end|p1a: Flutter Mane|Protosynthesis|[silent]\n|move|p2b: Wo-Chien|Leech Seed|p1b: Tinkaton\n|-start|p1b: Tinkaton|move: Leech Seed\n|\n|-heal|p2b: Wo-Chien|50\/100 par|[from] item: Leftovers\n|-damage|p1b: Tinkaton|82\/100|[from] Leech Seed|[of] p2b: Wo-Chien\n|-heal|p2b: Wo-Chien|61\/100 par|[silent]\n|upkeep\n|\n|t:|1681987843\n|switch|p1a: Annihilape|Annihilape, L50, F|86\/100\n|turn|8\n|\n|t:|1681987862\n|move|p1b: Tinkaton|Protect|p1b: Tinkaton\n|-singleturn|p1b: Tinkaton|Protect\n|move|p1a: Annihilape|Bulk Up|p1a: Annihilape\n|-boost|p1a: Annihilape|atk|1\n|-boost|p1a: Annihilape|def|1\n|move|p2a: Ting-Lu|Fissure|p1a: Annihilape|[miss]\n|-miss|p2a: Ting-Lu|p1a: Annihilape\n|move|p2b: Wo-Chien|Ruination|p1a: Annihilape\n|-damage|p1a: Annihilape|43\/100\n|\n|-heal|p1a: Annihilape|49\/100|[from] item: Leftovers\n|-heal|p2b: Wo-Chien|67\/100 par|[from] item: Leftovers\n|-damage|p1b: Tinkaton|70\/100|[from] Leech Seed|[of] p2b: Wo-Chien\n|-heal|p2b: Wo-Chien|78\/100 par|[silent]\n|upkeep\n|turn|9\n|inactive|Blazing Blackness has 30 seconds left.\n|\n|t:|1681987893\n|move|p1b: Tinkaton|Gigaton Hammer|p2a: Ting-Lu\n|-damage|p2a: Ting-Lu|1\/100\n|move|p1a: Annihilape|Drain Punch|p2a: Ting-Lu\n|-supereffective|p2a: Ting-Lu\n|-damage|p2a: Ting-Lu|0 fnt\n|-heal|p1a: Annihilape|50\/100|[from] drain|[of] p2a: Ting-Lu\n|faint|p2a: Ting-Lu\n|move|p2b: Wo-Chien|Leech Seed|p1a: Annihilape|[miss]\n|-miss|p2b: Wo-Chien|p1a: Annihilape\n|\n|-heal|p1a: Annihilape|56\/100|[from] item: Leftovers\n|-heal|p2b: Wo-Chien|84\/100 par|[from] item: Leftovers\n|-damage|p1b: Tinkaton|57\/100|[from] Leech Seed|[of] p2b: Wo-Chien\n|-heal|p2b: Wo-Chien|94\/100 par|[silent]\n|-sideend|p2: Blazing Blackness|Reflect\n|upkeep\n|\n|t:|1681987904\n|switch|p2a: Chien-Pao|Chien-Pao, L50|100\/100\n|-ability|p2a: Chien-Pao|Sword of Ruin\n|turn|10\n|inactive|Blazing Blackness has 30 seconds left.\n|inactive|Blazing Blackness has 20 seconds left.\n|\n|t:|1681987943\n|move|p2a: Chien-Pao|Crunch|p1a: Annihilape\n|-damage|p1a: Annihilape|19\/100\n|move|p1b: Tinkaton|Thunder Wave|p2a: Chien-Pao\n|-status|p2a: Chien-Pao|par\n|move|p1a: Annihilape|Drain Punch|p2a: Chien-Pao\n|-supereffective|p2a: Chien-Pao\n|-damage|p2a: Chien-Pao|0 fnt\n|-heal|p1a: Annihilape|55\/100|[from] drain|[of] p2a: Chien-Pao\n|faint|p2a: Chien-Pao\n|cant|p2b: Wo-Chien|par\n|\n|-heal|p1a: Annihilape|61\/100|[from] item: Leftovers\n|-heal|p2b: Wo-Chien|100\/100 par|[from] item: Leftovers\n|-damage|p1b: Tinkaton|45\/100|[from] Leech Seed|[of] p2b: Wo-Chien\n|upkeep\n|turn|11\n|\n|t:|1681987964\n|move|p2b: Wo-Chien|Protect|p2b: Wo-Chien\n|-singleturn|p2b: Wo-Chien|Protect\n|move|p1b: Tinkaton|Gigaton Hammer|p2b: Wo-Chien\n|-activate|p2b: Wo-Chien|move: Protect\n|move|p1a: Annihilape|Rage Fist|p2b: Wo-Chien\n|-activate|p2b: Wo-Chien|move: Protect\n|\n|-heal|p1a: Annihilape|67\/100|[from] item: Leftovers\n|-damage|p1b: Tinkaton|32\/100|[from] Leech Seed|[of] p2b: Wo-Chien\n|upkeep\n|turn|12\n|c|\u2606Blazing Blackness|Wo-Chien is stupid...\ud83d\ude02\n|\n|t:|1681987985\n|move|p1b: Tinkaton|Protect|p1b: Tinkaton\n|-singleturn|p1b: Tinkaton|Protect\n|move|p1a: Annihilape|Rage Fist|p2b: Wo-Chien\n|-damage|p2b: Wo-Chien|32\/100 par\n|move|p2b: Wo-Chien|Leech Seed|p1a: Annihilape\n|-start|p1a: Annihilape|move: Leech Seed\n|\n|-heal|p1a: Annihilape|73\/100|[from] item: Leftovers\n|-heal|p2b: Wo-Chien|38\/100 par|[from] item: Leftovers\n|-damage|p1b: Tinkaton|20\/100|[from] Leech Seed|[of] p2b: Wo-Chien\n|-heal|p2b: Wo-Chien|48\/100 par|[silent]\n|-damage|p1a: Annihilape|61\/100|[from] Leech Seed|[of] p2b: Wo-Chien\n|-heal|p2b: Wo-Chien|62\/100 par|[silent]\n|upkeep\n|turn|13\n|inactive|Blazing Blackness has 30 seconds left.\n|\n|t:|1681988011\n|move|p1b: Tinkaton|Gigaton Hammer|p2b: Wo-Chien\n|-resisted|p2b: Wo-Chien\n|-damage|p2b: Wo-Chien|45\/100 par\n|move|p1a: Annihilape|Bulk Up|p1a: Annihilape\n|-boost|p1a: Annihilape|atk|1\n|-boost|p1a: Annihilape|def|1\n|cant|p2b: Wo-Chien|par\n|\n|-heal|p1a: Annihilape|67\/100|[from] item: Leftovers\n|-heal|p2b: Wo-Chien|51\/100 par|[from] item: Leftovers\n|-damage|p1b: Tinkaton|7\/100|[from] Leech Seed|[of] p2b: Wo-Chien\n|-heal|p2b: Wo-Chien|61\/100 par|[silent]\n|-damage|p1a: Annihilape|54\/100|[from] Leech Seed|[of] p2b: Wo-Chien\n|-heal|p2b: Wo-Chien|75\/100 par|[silent]\n|upkeep\n|turn|14\n|inactive|Blazing Blackness has 30 seconds left.\n|\n|t:|1681988038\n|move|p1b: Tinkaton|Protect|p1b: Tinkaton\n|-singleturn|p1b: Tinkaton|Protect\n|move|p2b: Wo-Chien|Protect|p2b: Wo-Chien\n|-singleturn|p2b: Wo-Chien|Protect\n|move|p1a: Annihilape|Drain Punch|p2b: Wo-Chien\n|-activate|p2b: Wo-Chien|move: Protect\n|\n|-heal|p1a: Annihilape|60\/100|[from] item: Leftovers\n|-heal|p2b: Wo-Chien|82\/100 par|[from] item: Leftovers\n|-damage|p1b: Tinkaton|0 fnt|[from] Leech Seed|[of] p2b: Wo-Chien\n|-heal|p2b: Wo-Chien|87\/100 par|[silent]\n|faint|p1b: Tinkaton\n|-damage|p1a: Annihilape|48\/100|[from] Leech Seed|[of] p2b: Wo-Chien\n|-heal|p2b: Wo-Chien|100\/100 par|[silent]\n|upkeep\n|turn|15\n|inactive|IGOBONK has 30 seconds left.\n|\n|t:|1681988068\n|move|p1a: Annihilape|Drain Punch|p2b: Wo-Chien\n|-damage|p2b: Wo-Chien|58\/100 par\n|-heal|p1a: Annihilape|67\/100|[from] drain|[of] p2b: Wo-Chien\n|cant|p2b: Wo-Chien|par\n|\n|-heal|p1a: Annihilape|73\/100|[from] item: Leftovers\n|-heal|p2b: Wo-Chien|65\/100 par|[from] item: Leftovers\n|-damage|p1a: Annihilape|60\/100|[from] Leech Seed|[of] p2b: Wo-Chien\n|-heal|p2b: Wo-Chien|79\/100 par|[silent]\n|upkeep\n|turn|16\n|\n|t:|1681988077\n|move|p1a: Annihilape|Bulk Up|p1a: Annihilape\n|-boost|p1a: Annihilape|atk|1\n|-boost|p1a: Annihilape|def|1\n|move|p2b: Wo-Chien|Ruination|p1a: Annihilape\n|-damage|p1a: Annihilape|30\/100\n|\n|-heal|p1a: Annihilape|36\/100|[from] item: Leftovers\n|-heal|p2b: Wo-Chien|85\/100 par|[from] item: Leftovers\n|-damage|p1a: Annihilape|24\/100|[from] Leech Seed|[of] p2b: Wo-Chien\n|-heal|p2b: Wo-Chien|99\/100 par|[silent]\n|upkeep\n|turn|17\n|\n|t:|1681988090\n|move|p2b: Wo-Chien|Protect|p2b: Wo-Chien\n|-singleturn|p2b: Wo-Chien|Protect\n|move|p1a: Annihilape|Drain Punch|p2b: Wo-Chien\n|-activate|p2b: Wo-Chien|move: Protect\n|\n|-heal|p1a: Annihilape|30\/100|[from] item: Leftovers\n|-heal|p2b: Wo-Chien|100\/100 par|[from] item: Leftovers\n|-damage|p1a: Annihilape|18\/100|[from] Leech Seed|[of] p2b: Wo-Chien\n|upkeep\n|turn|18\n|\n|t:|1681988110\n|move|p1a: Annihilape|Drain Punch|p2b: Wo-Chien\n|-damage|p2b: Wo-Chien|49\/100 par\n|-heal|p1a: Annihilape|41\/100|[from] drain|[of] p2b: Wo-Chien\n|move|p2b: Wo-Chien|Ruination|p1a: Annihilape|[miss]\n|-miss|p2b: Wo-Chien|p1a: Annihilape\n|\n|-heal|p1a: Annihilape|47\/100|[from] item: Leftovers\n|-heal|p2b: Wo-Chien|55\/100 par|[from] item: Leftovers\n|-damage|p1a: Annihilape|34\/100|[from] Leech Seed|[of] p2b: Wo-Chien\n|-heal|p2b: Wo-Chien|69\/100 par|[silent]\n|upkeep\n|turn|19\n|inactive|Blazing Blackness has 30 seconds left.\n|\n|t:|1681988130\n|move|p1a: Annihilape|Drain Punch|p2b: Wo-Chien\n|-damage|p2b: Wo-Chien|16\/100 par\n|-heal|p1a: Annihilape|58\/100|[from] drain|[of] p2b: Wo-Chien\n|move|p2b: Wo-Chien|Ruination|p1a: Annihilape\n|-damage|p1a: Annihilape|30\/100\n|\n|-heal|p1a: Annihilape|36\/100|[from] item: Leftovers\n|-heal|p2b: Wo-Chien|22\/100 par|[from] item: Leftovers\n|-damage|p1a: Annihilape|23\/100|[from] Leech Seed|[of] p2b: Wo-Chien\n|-heal|p2b: Wo-Chien|36\/100 par|[silent]\n|upkeep\n|turn|20\n|inactive|Blazing Blackness has 25 seconds left this turn.\n|inactive|Blazing Blackness has 20 seconds left.\n|inactive|Blazing Blackness has 15 seconds left.\n|inactive|Blazing Blackness has 10 seconds left.\n|\n|t:|1681988146\n|move|p2b: Wo-Chien|Protect|p2b: Wo-Chien\n|-singleturn|p2b: Wo-Chien|Protect\n|move|p1a: Annihilape|Drain Punch|p2b: Wo-Chien\n|-activate|p2b: Wo-Chien|move: Protect\n|\n|-heal|p1a: Annihilape|29\/100|[from] item: Leftovers\n|-heal|p2b: Wo-Chien|42\/100 par|[from] item: Leftovers\n|-damage|p1a: Annihilape|17\/100|[from] Leech Seed|[of] p2b: Wo-Chien\n|-heal|p2b: Wo-Chien|56\/100 par|[silent]\n|upkeep\n|turn|21\n|inactive|Blazing Blackness has 10 seconds left this turn.\n|inactive|Blazing Blackness has 5 seconds left.\n|-message|Blazing Blackness lost due to inactivity.\n|\n|win|IGOBONK\n|raw|IGOBONK's rating: 1078 → 1109<\/strong> (+31 for winning)\n|raw|Blazing Blackness's rating: 1111 → 1084<\/strong> (-27 for losing)\n","uploadtime":1681987814,"views":12,"p1id":"igobonk","p2id":"blazingblackness","formatid":"gen9vgc2023regulationc","rating":1084,"private":0,"password":""}