{"id":"gen9vgc2023regulationc-1854337846","p1":"RamonTheKiller","p2":"Vengeful potato","format":"[Gen 9] VGC 2023 Regulation C","log":"|j|\u2606RamonTheKiller\n|j|\u2606Vengeful potato\n|t:|1682798654\n|gametype|doubles\n|player|p1|RamonTheKiller|169|1185\n|player|p2|Vengeful potato|swimmer-gen4|1130\n|teamsize|p1|6\n|teamsize|p2|6\n|gen|9\n|tier|[Gen 9] VGC 2023 Regulation C\n|rated|\n|rule|Species Clause: Limit one of each Pok\u00e9mon\n|rule|Item Clause: Limit one of each item\n|clearpoke\n|poke|p1|Flutter Mane, L50|\n|poke|p1|Palafin, L50, F|\n|poke|p1|Amoonguss, L50, F|\n|poke|p1|Arcanine, L50, F|\n|poke|p1|Ting-Lu, L50|\n|poke|p1|Iron Hands, L50|\n|poke|p2|Iron Treads, L50|\n|poke|p2|Gyarados, L50, M|\n|poke|p2|Armarouge, L50, F|\n|poke|p2|Wo-Chien, L50|\n|poke|p2|Maushold-Four, L50|\n|poke|p2|Flutter Mane, L50|\n|teampreview|4\n|\n|t:|1682798689\n|start\n|switch|p1a: Ting-Lu|Ting-Lu, L50|100\/100\n|switch|p1b: Palafin|Palafin, L50, F, shiny|100\/100\n|switch|p2a: Iron Treads|Iron Treads, L50|100\/100\n|switch|p2b: Gyarados|Gyarados, L50, M|100\/100\n|-ability|p2b: Gyarados|Intimidate|boost\n|-unboost|p1a: Ting-Lu|atk|1\n|-unboost|p1b: Palafin|atk|1\n|-ability|p1a: Ting-Lu|Vessel of Ruin\n|turn|1\n|\n|t:|1682798708\n|detailschange|p1b: Palafin|Palafin-Hero, L50, F, shiny\n|switch|p1b: Arcanine|Arcanine, L50, F|100\/100\n|-ability|p1b: Arcanine|Intimidate|boost\n|-unboost|p2a: Iron Treads|atk|1\n|-unboost|p2b: Gyarados|atk|1\n|move|p2a: Iron Treads|Volt Switch|p1b: Arcanine\n|-damage|p1b: Arcanine|92\/100\n|\n|t:|1682798714\n|-end|p2a: Iron Treads|Quark Drive|[silent]\n|switch|p2a: Flutter Mane|Flutter Mane, L50|100\/100|[from] Volt Switch\n|move|p2b: Gyarados|Waterfall|p1a: Ting-Lu\n|-supereffective|p1a: Ting-Lu\n|-damage|p1a: Ting-Lu|71\/100\n|cant|p1a: Ting-Lu|flinch\n|\n|upkeep\n|turn|2\n|\n|t:|1682798731\n|switch|p1b: Amoonguss|Amoonguss, L50, F|100\/100\n|move|p2a: Flutter Mane|Power Gem|p1b: Amoonguss\n|-damage|p1b: Amoonguss|74\/100\n|move|p2b: Gyarados|Waterfall|p1a: Ting-Lu\n|-supereffective|p1a: Ting-Lu\n|-damage|p1a: Ting-Lu|42\/100\n|cant|p1a: Ting-Lu|flinch\n|\n|upkeep\n|turn|3\n|\n|t:|1682798762\n|-end|p2a: Flutter Mane|Protosynthesis|[silent]\n|switch|p2a: Armarouge|Armarouge, L50, F, shiny|100\/100\n|-terastallize|p1a: Ting-Lu|Ghost\n|move|p2b: Gyarados|Taunt|p1b: Amoonguss\n|-start|p1b: Amoonguss|move: Taunt\n|move|p1a: Ting-Lu|Heavy Slam|p2a: Armarouge\n|-resisted|p2a: Armarouge\n|-damage|p2a: Armarouge|88\/100\n|move|p1b: Amoonguss|Pollen Puff|p1a: Ting-Lu\n|-heal|p1a: Ting-Lu|92\/100\n|\n|upkeep\n|turn|4\n|\n|t:|1682798783\n|switch|p1a: Arcanine|Arcanine, L50, F|92\/100\n|-ability|p1a: Arcanine|Intimidate|boost\n|-unboost|p2a: Armarouge|atk|1\n|-unboost|p2b: Gyarados|atk|1\n|switch|p1b: Palafin|Palafin-Hero, L50, F, shiny|100\/100\n|-activate|p1b: Palafin|ability: Zero to Hero\n|move|p2a: Armarouge|Ally Switch|p2a: Armarouge\n|swap|p2a: Armarouge|1|[from] move: Ally Switch\n|move|p2a: Gyarados|Thunder Wave|p1b: Palafin\n|-status|p1b: Palafin|par\n|\n|upkeep\n|turn|5\n|\n|t:|1682798802\n|switch|p2b: Flutter Mane|Flutter Mane, L50|100\/100\n|cant|p1b: Palafin|par\n|move|p1a: Arcanine|Will-O-Wisp|p2a: Gyarados|[miss]\n|-miss|p1a: Arcanine|p2a: Gyarados\n|move|p2a: Gyarados|Thunder Wave|p1a: Arcanine\n|-status|p1a: Arcanine|par\n|\n|upkeep\n|turn|6\n|\n|t:|1682798820\n|switch|p2a: Armarouge|Armarouge, L50, F, shiny|88\/100\n|cant|p1b: Palafin|par\n|move|p2b: Flutter Mane|Hex|p1b: Palafin\n|-damage|p1b: Palafin|0 fnt\n|faint|p1b: Palafin\n|move|p1a: Arcanine|Flare Blitz|p2b: Flutter Mane\n|-damage|p2b: Flutter Mane|0 fnt\n|faint|p2b: Flutter Mane\n|-end|p2b: Flutter Mane|Protosynthesis|[silent]\n|-damage|p1a: Arcanine|70\/100 par|[from] Recoil\n|\n|upkeep\n|\n|t:|1682798834\n|switch|p2b: Gyarados|Gyarados, L50, M|100\/100\n|switch|p1b: Amoonguss|Amoonguss, L50, F|100\/100\n|-ability|p2b: Gyarados|Intimidate|boost\n|-unboost|p1a: Arcanine|atk|1\n|-unboost|p1b: Amoonguss|atk|1\n|turn|7\n|\n|t:|1682798845\n|switch|p1b: Ting-Lu|Ting-Lu, L50, tera:Ghost|92\/100\n|-ability|p1b: Ting-Lu|Vessel of Ruin\n|move|p2a: Armarouge|Armor Cannon|p1b: Ting-Lu\n|-damage|p1b: Ting-Lu|62\/100\n|-unboost|p2a: Armarouge|def|1\n|-unboost|p2a: Armarouge|spd|1\n|move|p2b: Gyarados|Waterfall|p1a: Arcanine\n|-supereffective|p1a: Arcanine\n|-damage|p1a: Arcanine|0 fnt\n|faint|p1a: Arcanine\n|\n|upkeep\n|\n|t:|1682798858\n|switch|p1a: Amoonguss|Amoonguss, L50, F|100\/100\n|turn|8\n|\n|t:|1682798865\n|move|p1a: Amoonguss|Protect|p1a: Amoonguss\n|-singleturn|p1a: Amoonguss|Protect\n|move|p2a: Armarouge|Ally Switch|p2a: Armarouge\n|swap|p2a: Armarouge|1|[from] move: Ally Switch\n|move|p2a: Gyarados|Taunt|p1a: Amoonguss\n|-activate|p1a: Amoonguss|move: Protect\n|move|p1b: Ting-Lu|Earthquake|p2a: Gyarados|[spread] p2b\n|-activate|p1a: Amoonguss|move: Protect\n|-immune|p2a: Gyarados\n|-supereffective|p2b: Armarouge\n|-damage|p2b: Armarouge|0 fnt\n|faint|p2b: Armarouge\n|\n|upkeep\n|\n|t:|1682798868\n|switch|p2b: Iron Treads|Iron Treads, L50|100\/100\n|turn|9\n|\n|t:|1682798887\n|-terastallize|p2b: Iron Treads|Water\n|move|p2b: Iron Treads|Iron Head|p1b: Ting-Lu\n|-damage|p1b: Ting-Lu|36\/100\n|move|p2a: Gyarados|Taunt|p1a: Amoonguss\n|-start|p1a: Amoonguss|move: Taunt\n|cant|p1b: Ting-Lu|flinch\n|move|p1a: Amoonguss|Pollen Puff|p1b: Ting-Lu\n|-heal|p1b: Ting-Lu|86\/100\n|\n|upkeep\n|turn|10\n|\n|t:|1682798903\n|move|p2b: Iron Treads|Ice Spinner|p1a: Amoonguss\n|-supereffective|p1a: Amoonguss\n|-damage|p1a: Amoonguss|57\/100\n|move|p2a: Gyarados|Waterfall|p1b: Ting-Lu\n|-damage|p1b: Ting-Lu|62\/100\n|cant|p1b: Ting-Lu|flinch\n|move|p1a: Amoonguss|Pollen Puff|p1b: Ting-Lu\n|-heal|p1b: Ting-Lu|100\/100\n|\n|upkeep\n|turn|11\n|\n|t:|1682798916\n|move|p2b: Iron Treads|Ice Spinner|p1a: Amoonguss\n|-supereffective|p1a: Amoonguss\n|-damage|p1a: Amoonguss|19\/100\n|-enditem|p1a: Amoonguss|Sitrus Berry|[eat]\n|-heal|p1a: Amoonguss|44\/100|[from] item: Sitrus Berry\n|move|p2a: Gyarados|Waterfall|p1a: Amoonguss\n|-resisted|p1a: Amoonguss\n|-damage|p1a: Amoonguss|30\/100\n|move|p1b: Ting-Lu|Rock Slide|p2b: Iron Treads|[spread] p2a,p2b\n|-supereffective|p2a: Gyarados\n|-damage|p2a: Gyarados|64\/100\n|-damage|p2b: Iron Treads|85\/100\n|move|p1a: Amoonguss|Pollen Puff|p1b: Ting-Lu\n|-immune|p1b: Ting-Lu\n|\n|-end|p1a: Amoonguss|move: Taunt\n|upkeep\n|turn|12\n|\n|t:|1682798937\n|move|p1a: Amoonguss|Protect|p1a: Amoonguss\n|-singleturn|p1a: Amoonguss|Protect\n|move|p2b: Iron Treads|Ice Spinner|p1a: Amoonguss\n|-activate|p1a: Amoonguss|move: Protect\n|move|p2a: Gyarados|Thunder Wave|p1b: Ting-Lu\n|-status|p1b: Ting-Lu|par\n|-enditem|p1b: Ting-Lu|Lum Berry|[eat]\n|-curestatus|p1b: Ting-Lu|par|[msg]\n|move|p1b: Ting-Lu|Earthquake|p2a: Gyarados|[spread] p2b\n|-activate|p1a: Amoonguss|move: Protect\n|-immune|p2a: Gyarados\n|-damage|p2b: Iron Treads|52\/100\n|\n|upkeep\n|turn|13\n|\n|t:|1682798959\n|move|p2b: Iron Treads|Ice Spinner|p1a: Amoonguss\n|-supereffective|p1a: Amoonguss\n|-damage|p1a: Amoonguss|0 fnt\n|faint|p1a: Amoonguss\n|move|p2a: Gyarados|Thunder Wave|p1b: Ting-Lu\n|-status|p1b: Ting-Lu|par\n|cant|p1b: Ting-Lu|par\n|\n|upkeep\n|turn|14\n|\n|t:|1682798967\n|move|p2b: Iron Treads|Iron Head|p1b: Ting-Lu\n|-crit|p1b: Ting-Lu\n|-damage|p1b: Ting-Lu|65\/100 par\n|move|p2a: Gyarados|Waterfall|p1b: Ting-Lu\n|-damage|p1b: Ting-Lu|44\/100 par\n|cant|p1b: Ting-Lu|flinch\n|\n|upkeep\n|turn|15\n|\n|t:|1682798976\n|move|p2b: Iron Treads|Iron Head|p1b: Ting-Lu\n|-damage|p1b: Ting-Lu|21\/100 par\n|move|p2a: Gyarados|Waterfall|p1b: Ting-Lu\n|-damage|p1b: Ting-Lu|0 fnt\n|faint|p1b: Ting-Lu\n|\n|win|Vengeful potato\n|raw|RamonTheKiller's rating: 1185 → 1156<\/strong> (-29 for losing)\n|raw|Vengeful potato's rating: 1130 → 1159<\/strong> (+29 for winning)\n|l|\u2606RamonTheKiller\n","uploadtime":1682798983,"views":13,"p1id":"ramonthekiller","p2id":"vengefulpotato","formatid":"gen9vgc2023regulationc","rating":1156,"private":0,"password":""}