{"id":"gen9vgc2023regulationc-1845277008","p1":"Jenky08","p2":"zjes9402221","format":"[Gen 9] VGC 2023 Regulation C","log":"|j|\u2606Jenky08\n|j|\u2606zjes9402221\n|t:|1681706299\n|gametype|doubles\n|player|p1|Jenky08|policeman-gen4|1136\n|player|p2|zjes9402221|1|1095\n|teamsize|p1|6\n|teamsize|p2|6\n|gen|9\n|tier|[Gen 9] VGC 2023 Regulation C\n|rated|\n|rule|Species Clause: Limit one of each Pok\u00e9mon\n|rule|Item Clause: Limit one of each item\n|clearpoke\n|poke|p1|Palafin, L50, M|\n|poke|p1|Chien-Pao, L50|\n|poke|p1|Dragapult, L50, M|\n|poke|p1|Amoonguss, L50, F|\n|poke|p1|Arcanine, L50, M|\n|poke|p1|Flutter Mane, L50|\n|poke|p2|Arcanine, L50, F|\n|poke|p2|Palafin, L50, F|\n|poke|p2|Amoonguss, L50, M|\n|poke|p2|Flutter Mane, L50|\n|poke|p2|Ting-Lu, L50|\n|poke|p2|Gothitelle, L50, F|\n|teampreview|4\n|inactive|Battle timer is ON: inactive players will automatically lose when time's up. (requested by zjes9402221)\n|inactive|Jenky08 has 60 seconds left.\n|inactive|zjes9402221 has 60 seconds left.\nJenky08 has agreed to open team sheets.\n|inactive|zjes9402221 has 30 seconds left.\n|inactive|zjes9402221 has 20 seconds left.\n|inactive|zjes9402221 has 15 seconds left.\n|\n|t:|1681706381\n|start\n|switch|p1a: Dozo|Palafin, L50, M|100\/100\n|switch|p1b: ChiYu|Arcanine, L50, M|100\/100\n|switch|p2a: Gothitelle|Gothitelle, L50, F|100\/100\n|switch|p2b: Flutter Mane|Flutter Mane, L50|100\/100\n|-ability|p1b: ChiYu|Intimidate|boost\n|-unboost|p2a: Gothitelle|atk|1\n|-unboost|p2b: Flutter Mane|atk|1\n|turn|1\n|inactive|Jenky08 has 30 seconds left.\n|inactive|zjes9402221 has 30 seconds left.\n|\n|t:|1681706410\n|-terastallize|p1a: Dozo|Water\n|move|p2a: Gothitelle|Fake Out|p1b: ChiYu\n|-damage|p1b: ChiYu|96\/100\n|move|p2b: Flutter Mane|Shadow Ball|p1a: Dozo\n|-damage|p1a: Dozo|48\/100\n|cant|p1b: ChiYu|flinch\n|move|p1a: Dozo|Wave Crash|p2b: Flutter Mane\n|-enditem|p2b: Flutter Mane|Focus Sash\n|-damage|p2b: Flutter Mane|1\/100\n|-damage|p1a: Dozo|26\/100|[from] Recoil\n|\n|upkeep\n|turn|2\n|inactive|zjes9402221 has 30 seconds left.\n|\n|t:|1681706438\n|move|p1b: ChiYu|Protect|p1b: ChiYu\n|-singleturn|p1b: ChiYu|Protect\n|move|p1a: Dozo|Jet Punch|p2b: Flutter Mane\n|-damage|p2b: Flutter Mane|0 fnt\n|faint|p2b: Flutter Mane\n|-end|p2b: Flutter Mane|Protosynthesis|[silent]\n|move|p2a: Gothitelle|Psychic|p1a: Dozo\n|-damage|p1a: Dozo|0 fnt\n|faint|p1a: Dozo\n|\n|upkeep\n|\n|t:|1681706449\n|switch|p2b: Palafin|Palafin, L50, F|100\/100\n|switch|p1a: Bundle|Chien-Pao, L50|100\/100\n|-ability|p1a: Bundle|Sword of Ruin\n|turn|3\n|inactive|Jenky08 has 30 seconds left.\n|\n|t:|1681706479\n|detailschange|p2b: Palafin|Palafin-Hero, L50, F\n|switch|p2b: Ting-Lu|Ting-Lu, L50|100\/100\n|-ability|p2b: Ting-Lu|Vessel of Ruin\n|-terastallize|p2a: Gothitelle|Fairy\n|move|p1a: Bundle|Ice Spinner|p2b: Ting-Lu\n|-supereffective|p2b: Ting-Lu\n|-damage|p2b: Ting-Lu|43\/100\n|move|p1b: ChiYu|Will-O-Wisp|p2b: Ting-Lu\n|-status|p2b: Ting-Lu|brn\n|move|p2a: Gothitelle|Tera Blast|p1a: Bundle\n|-supereffective|p1a: Bundle\n|-damage|p1a: Bundle|15\/100\n|\n|-heal|p2b: Ting-Lu|49\/100 brn|[from] item: Leftovers\n|-damage|p2b: Ting-Lu|43\/100 brn|[from] brn\n|upkeep\n|turn|4\n|\n|t:|1681706504\n|move|p1a: Bundle|Protect|p1a: Bundle\n|-singleturn|p1a: Bundle|Protect\n|move|p2b: Ting-Lu|Protect|p2b: Ting-Lu\n|-singleturn|p2b: Ting-Lu|Protect\n|move|p1b: ChiYu|Flare Blitz|p2a: Gothitelle\n|-damage|p2a: Gothitelle|45\/100\n|-damage|p1b: ChiYu|80\/100|[from] Recoil\n|move|p2a: Gothitelle|Tera Blast|p1a: Bundle\n|-activate|p1a: Bundle|move: Protect\n|\n|-heal|p2b: Ting-Lu|49\/100 brn|[from] item: Leftovers\n|-damage|p2b: Ting-Lu|43\/100 brn|[from] brn\n|upkeep\n|turn|5\n|inactive|zjes9402221 has 30 seconds left.\n|inactive|zjes9402221 has 20 seconds left.\n|inactive|zjes9402221 has 15 seconds left.\n|inactive|Jenky08 has 30 seconds left.\n|\n|t:|1681706551\n|move|p1b: ChiYu|Extreme Speed|p2a: Gothitelle\n|-damage|p2a: Gothitelle|20\/100\n|-enditem|p2a: Gothitelle|Aguav Berry|[eat]\n|-heal|p2a: Gothitelle|54\/100|[from] item: Aguav Berry\n|move|p1a: Bundle|Sucker Punch|p2a: Gothitelle\n|-resisted|p2a: Gothitelle\n|-damage|p2a: Gothitelle|35\/100\n|move|p2a: Gothitelle|Tera Blast|p1a: Bundle\n|-supereffective|p1a: Bundle\n|-damage|p1a: Bundle|0 fnt\n|faint|p1a: Bundle\n|move|p2b: Ting-Lu|Stomping Tantrum|p1b: ChiYu\n|-supereffective|p1b: ChiYu\n|-damage|p1b: ChiYu|42\/100\n|\n|-heal|p2b: Ting-Lu|49\/100 brn|[from] item: Leftovers\n|-damage|p2b: Ting-Lu|43\/100 brn|[from] brn\n|upkeep\n|\n|t:|1681706565\n|switch|p1a: Dnite|Dragapult, L50, M|100\/100\n|turn|6\n|inactive|zjes9402221 has 30 seconds left.\n|\n|t:|1681706590\n|switch|p2a: Palafin|Palafin-Hero, L50, F|100\/100\n|-activate|p2a: Palafin|ability: Zero to Hero\n|move|p1a: Dnite|Phantom Force||[still]\n|-prepare|p1a: Dnite|Phantom Force\n|move|p1b: ChiYu|Flare Blitz|p2a: Palafin\n|-resisted|p2a: Palafin\n|-damage|p2a: Palafin|78\/100\n|-status|p2a: Palafin|brn\n|-damage|p1b: ChiYu|34\/100|[from] Recoil\n|move|p2b: Ting-Lu|Stomping Tantrum|p1b: ChiYu\n|-supereffective|p1b: ChiYu\n|-damage|p1b: ChiYu|0 fnt\n|faint|p1b: ChiYu\n|\n|-heal|p2b: Ting-Lu|49\/100 brn|[from] item: Leftovers\n|-damage|p2a: Palafin|72\/100 brn|[from] brn\n|-damage|p2b: Ting-Lu|43\/100 brn|[from] brn\n|upkeep\n|turn|7\n|inactive|zjes9402221 has 30 seconds left.\n|inactive|zjes9402221 has 20 seconds left.\n|inactive|zjes9402221 has 15 seconds left.\n|\n|t:|1681706633\n|move|p1a: Dnite|Phantom Force|p2a: Palafin|[from]lockedmove\n|-damage|p2a: Palafin|17\/100 brn\n|move|p2a: Palafin|Wave Crash|p1a: Dnite\n|-resisted|p1a: Dnite\n|-damage|p1a: Dnite|68\/100\n|-damage|p2a: Palafin|8\/100 brn|[from] Recoil\n|move|p2b: Ting-Lu|Heavy Slam|p1a: Dnite\n|-damage|p1a: Dnite|42\/100\n|\n|-heal|p2b: Ting-Lu|49\/100 brn|[from] item: Leftovers\n|-damage|p2a: Palafin|2\/100 brn|[from] brn\n|-damage|p2b: Ting-Lu|43\/100 brn|[from] brn\n|upkeep\n|turn|8\n|\n|t:|1681706652\n|move|p2a: Palafin|Aqua Jet|p1a: Dnite\n|-resisted|p1a: Dnite\n|-damage|p1a: Dnite|33\/100\n|move|p1a: Dnite|Phantom Force||[still]\n|-prepare|p1a: Dnite|Phantom Force\n|move|p2b: Ting-Lu|Heavy Slam|p1a: Dnite|[miss]\n|-miss|p2b: Ting-Lu|p1a: Dnite\n|\n|-heal|p2b: Ting-Lu|49\/100 brn|[from] item: Leftovers\n|-damage|p2a: Palafin|0 fnt|[from] brn\n|faint|p2a: Palafin\n|-damage|p2b: Ting-Lu|43\/100 brn|[from] brn\n|upkeep\n|\n|t:|1681706659\n|switch|p2a: Gothitelle|Gothitelle, L50, F, tera:Fairy|35\/100\n|turn|9\n|\n|t:|1681706667\n|move|p1a: Dnite|Phantom Force|p2b: Ting-Lu|[from]lockedmove\n|-resisted|p2b: Ting-Lu\n|-damage|p2b: Ting-Lu|24\/100 brn\n|move|p2a: Gothitelle|Tera Blast|p1a: Dnite\n|-supereffective|p1a: Dnite\n|-damage|p1a: Dnite|0 fnt\n|faint|p1a: Dnite\n|\n|win|zjes9402221\n|raw|Jenky08's rating: 1136 → 1108<\/strong> (-28 for losing)\n|raw|zjes9402221's rating: 1095 → 1124<\/strong> (+29 for winning)\n","uploadtime":1681706674,"views":16,"p1id":"jenky08","p2id":"zjes9402221","formatid":"gen9vgc2023regulationc","rating":1108,"private":0,"password":""}