{"id":"gen9vgc2023regulationc-1856837837","p1":"Innho2","p2":"GB Seraphix","format":"[Gen 9] VGC 2023 Regulation C","log":"|j|\u2606Innho2\n|j|\u2606GB Seraphix\n|t:|1683117882\n|gametype|doubles\n|player|p1|Innho2|red-masters|1160\n|player|p2|GB Seraphix|rosa|1240\n|teamsize|p1|6\n|teamsize|p2|6\n|gen|9\n|tier|[Gen 9] VGC 2023 Regulation C\n|rated|\n|rule|Species Clause: Limit one of each Pok\u00e9mon\n|rule|Item Clause: Limit one of each item\n|clearpoke\n|poke|p1|Arcanine, L50, M|\n|poke|p1|Iron Bundle, L50|\n|poke|p1|Amoonguss, L50, M|\n|poke|p1|Ceruledge, L50, F|\n|poke|p1|Dragapult, L50, F|\n|poke|p1|Chien-Pao, L50|\n|poke|p2|Lurantis, L50, F|\n|poke|p2|Hatterene, L50, F|\n|poke|p2|Torkoal, L50, M|\n|poke|p2|Indeedee-F, L50, F|\n|poke|p2|Oranguru, L50, M|\n|poke|p2|Hariyama, L50, M|\n|teampreview|4\n|\n|t:|1683117900\n|start\n|switch|p1a: Iron Bundle|Iron Bundle, L50|100\/100\n|switch|p1b: Amoonguss|Amoonguss, L50, M|100\/100\n|switch|p2a: Sambalilo|Hatterene, L50, F|100\/100\n|switch|p2b: Preggy|Indeedee-F, L50, F|100\/100\n|-fieldstart|move: Psychic Terrain|[from] ability: Psychic Surge|[of] p2b: Preggy\n|-enditem|p2b: Preggy|Psychic Seed\n|-boost|p2b: Preggy|spd|1|[from] item: Psychic Seed\n|-enditem|p1a: Iron Bundle|Booster Energy\n|-activate|p1a: Iron Bundle|ability: Quark Drive|[fromitem]\n|-start|p1a: Iron Bundle|quarkdrivespe\n|turn|1\n|\n|t:|1683117920\n|switch|p2b: Reina|Lurantis, L50, F|100\/100\n|move|p1a: Iron Bundle|Hydro Pump|p2a: Sambalilo\n|-damage|p2a: Sambalilo|36\/100\n|move|p1b: Amoonguss|Spore|p2b: Reina\n|-immune|p2b: Reina\n|move|p2a: Sambalilo|Trick Room|p2a: Sambalilo\n|-fieldstart|move: Trick Room|[of] p2a: Sambalilo\n|\n|upkeep\n|turn|2\n|\n|t:|1683117938\n|move|p2a: Sambalilo|Psychic|p1b: Amoonguss\n|-supereffective|p1b: Amoonguss\n|-damage|p1b: Amoonguss|0 fnt\n|faint|p1b: Amoonguss\n|-damage|p2a: Sambalilo|26\/100|[from] item: Life Orb\n|move|p2b: Reina|Leaf Storm|p1a: Iron Bundle\n|-supereffective|p1a: Iron Bundle\n|-damage|p1a: Iron Bundle|0 fnt\n|-boost|p2b: Reina|spa|2\n|faint|p1a: Iron Bundle\n|-end|p1a: Iron Bundle|Quark Drive|[silent]\n|\n|upkeep\n|\n|t:|1683117947\n|switch|p1b: Dragapult|Dragapult, L50, F|100\/100\n|switch|p1a: Ceruledge|Ceruledge, L50, F|100\/100\n|turn|3\n|\n|t:|1683117966\n|switch|p2a: Preggy|Indeedee-F, L50, F|100\/100\n|-terastallize|p2b: Reina|Water\n|-terastallize|p1a: Ceruledge|Grass\n|move|p1b: Dragapult|Sucker Punch||[still]\n|-fail|p1b: Dragapult\n|move|p2b: Reina|Tera Blast|p1a: Ceruledge\n|-resisted|p1a: Ceruledge\n|-damage|p1a: Ceruledge|70\/100\n|move|p1a: Ceruledge|Bitter Blade|p2b: Reina\n|-resisted|p2b: Reina\n|-crit|p2b: Reina\n|-damage|p2b: Reina|73\/100\n|-heal|p1a: Ceruledge|86\/100|[from] drain|[of] p2b: Reina\n|\n|upkeep\n|turn|4\n|\n|t:|1683117994\n|move|p2a: Preggy|Follow Me|p2a: Preggy\n|-singleturn|p2a: Preggy|move: Follow Me\n|move|p2b: Reina|Pollen Puff|p1a: Ceruledge\n|-supereffective|p1a: Ceruledge\n|-damage|p1a: Ceruledge|0 fnt\n|faint|p1a: Ceruledge\n|move|p1b: Dragapult|Dragon Darts|p2a: Preggy\n|-damage|p2a: Preggy|73\/100\n|-anim|p1b: Dragapult|Dragon Darts|p2a: Preggy\n|-damage|p2a: Preggy|46\/100\n|\n|upkeep\n|turn|5\n|\n|t:|1683118019\n|switch|p2a: Sambalilo|Hatterene, L50, F|26\/100\n|move|p2b: Reina|Leaf Storm|p1b: Dragapult\n|-resisted|p1b: Dragapult\n|-damage|p1b: Dragapult|43\/100\n|-boost|p2b: Reina|spa|2\n|move|p1b: Dragapult|Outrage|p2a: Sambalilo\n|-immune|p2a: Sambalilo\n|\n|-fieldend|move: Trick Room\n|-fieldend|move: Psychic Terrain\n|upkeep\n|turn|6\n|\n|t:|1683118035\n|move|p1b: Dragapult|Outrage|p2a: Sambalilo\n|-immune|p2a: Sambalilo\n|move|p2b: Reina|Giga Drain|p1b: Dragapult\n|-resisted|p1b: Dragapult\n|-damage|p1b: Dragapult|0 fnt\n|-heal|p2b: Reina|93\/100|[from] drain|[of] p1b: Dragapult\n|faint|p1b: Dragapult\n|\n|win|GB Seraphix\n|raw|Innho2's rating: 1160 → 1141<\/strong> (-19 for losing)\n|raw|GB Seraphix's rating: 1240 → 1259<\/strong> (+19 for winning)\n|l|\u2606Innho2\n","uploadtime":1683118051,"views":8,"p1id":"innho2","p2id":"gbseraphix","formatid":"gen9vgc2023regulationc","rating":1141,"private":0,"password":""}