{"id":"gen9vgc2023regulationc-1846146851","p1":"Atc13","p2":"Dr_McKey","format":"[Gen 9] VGC 2023 Regulation C","log":"|j|\u2606Atc13\n|j|\u2606Dr_McKey\n|t:|1681813541\n|gametype|doubles\n|player|p1|Atc13|2|1023\n|player|p2|Dr_McKey|koga|1070\n|teamsize|p1|6\n|teamsize|p2|6\n|gen|9\n|tier|[Gen 9] VGC 2023 Regulation C\n|rated|\n|rule|Species Clause: Limit one of each Pok\u00e9mon\n|rule|Item Clause: Limit one of each item\n|clearpoke\n|poke|p1|Ceruledge, L50, M|\n|poke|p1|Chien-Pao, L50|\n|poke|p1|Murkrow, L50, F|\n|poke|p1|Dragapult, L50, M|\n|poke|p1|Dachsbun, L50, F|\n|poke|p1|Magnezone, L50|\n|poke|p2|Toxapex, L50, M|\n|poke|p2|Gengar, L50, M|\n|poke|p2|Glimmora, L50, M|\n|poke|p2|Iron Moth, L50|\n|poke|p2|Grafaiai, L50, F|\n|poke|p2|Amoonguss, L50, M|\n|teampreview|4\n|\n|t:|1681813598\n|start\n|switch|p1a: Murkrow|Murkrow, L50, F|100\/100\n|switch|p1b: Dragapult|Dragapult, L50, M, shiny|100\/100\n|switch|p2a: Glimmora|Glimmora, L50, M, shiny|100\/100\n|switch|p2b: Toxapex|Toxapex, L50, M, shiny|100\/100\n|turn|1\n|\n|t:|1681813649\n|move|p1a: Murkrow|Taunt|p2b: Toxapex\n|-start|p2b: Toxapex|move: Taunt\n|move|p1b: Dragapult|Phantom Force||[still]\n|-prepare|p1b: Dragapult|Phantom Force\n|move|p2a: Glimmora|Mortal Spin|p1b: Dragapult|[spread] p1a\n|-miss|p2a: Glimmora|p1b: Dragapult\n|-damage|p1a: Murkrow|95\/100\n|-status|p1a: Murkrow|psn\n|cant|p2b: Toxapex|move: Taunt|Toxic Spikes\n|\n|-damage|p1a: Murkrow|83\/100 psn|[from] psn\n|upkeep\n|turn|2\n|\n|t:|1681813689\n|move|p1a: Murkrow|Tailwind|p1a: Murkrow\n|-sidestart|p1: Atc13|move: Tailwind\n|move|p1b: Dragapult|Phantom Force|p2a: Glimmora|[from]lockedmove\n|-damage|p2a: Glimmora|58\/100\n|-damage|p1b: Dragapult|84\/100|[from] item: Rocky Helmet|[of] p2a: Glimmora\n|move|p2a: Glimmora|Power Gem|p1a: Murkrow\n|-supereffective|p1a: Murkrow\n|-damage|p1a: Murkrow|13\/100 psn\n|move|p2b: Toxapex|Chilling Water|p1b: Dragapult\n|-resisted|p1b: Dragapult\n|-damage|p1b: Dragapult|77\/100\n|-unboost|p1b: Dragapult|atk|1\n|\n|-damage|p1a: Murkrow|1\/100 psn|[from] psn\n|upkeep\n|turn|3\n|\n|t:|1681813718\n|move|p1a: Murkrow|Taunt|p2a: Glimmora\n|-start|p2a: Glimmora|move: Taunt\n|move|p1b: Dragapult|Thunder Wave|p2a: Glimmora|[miss]\n|-miss|p1b: Dragapult|p2a: Glimmora\n|move|p2a: Glimmora|Mortal Spin|p1a: Murkrow|[spread] p1a,p1b\n|-resisted|p1b: Dragapult\n|-damage|p1a: Murkrow|0 fnt\n|-damage|p1b: Dragapult|74\/100\n|-status|p1b: Dragapult|psn\n|faint|p1a: Murkrow\n|move|p2b: Toxapex|Chilling Water|p1b: Dragapult\n|-resisted|p1b: Dragapult\n|-damage|p1b: Dragapult|66\/100 psn\n|-unboost|p1b: Dragapult|atk|1\n|\n|-damage|p1b: Dragapult|54\/100 psn|[from] psn\n|-end|p2b: Toxapex|move: Taunt\n|upkeep\n|\n|t:|1681813740\n|switch|p1a: Ceruledge|Ceruledge, L50, M|100\/100\n|turn|4\n|\n|t:|1681813754\n|move|p1b: Dragapult|Dragon Darts|p2a: Glimmora\n|-damage|p2a: Glimmora|45\/100\n|-anim|p1b: Dragapult|Dragon Darts|p2b: Toxapex\n|-damage|p2b: Toxapex|91\/100\n|move|p1a: Ceruledge|Bulk Up|p1a: Ceruledge\n|-boost|p1a: Ceruledge|atk|1\n|-boost|p1a: Ceruledge|def|1\n|move|p2a: Glimmora|Mortal Spin|p1a: Ceruledge|[spread] p1a,p1b\n|-resisted|p1a: Ceruledge\n|-resisted|p1b: Dragapult\n|-damage|p1a: Ceruledge|99\/100\n|-damage|p1b: Dragapult|51\/100 psn\n|-status|p1a: Ceruledge|psn\n|move|p2b: Toxapex|Chilling Water|p1a: Ceruledge\n|-supereffective|p1a: Ceruledge\n|-damage|p1a: Ceruledge|76\/100 psn\n|\n|-heal|p2b: Toxapex|97\/100|[from] item: Leftovers\n|-damage|p1b: Dragapult|39\/100 psn|[from] psn\n|-damage|p1a: Ceruledge|64\/100 psn|[from] psn\n|upkeep\n|turn|5\n|\n|t:|1681813795\n|-terastallize|p1a: Ceruledge|Steel\n|move|p1b: Dragapult|Thunder Wave|p2b: Toxapex\n|-status|p2b: Toxapex|par\n|move|p1a: Ceruledge|Bitter Blade|p2a: Glimmora\n|-resisted|p2a: Glimmora\n|-damage|p2a: Glimmora|14\/100\n|-heal|p1a: Ceruledge|82\/100 psn|[from] drain|[of] p2a: Glimmora\n|-damage|p1a: Ceruledge|66\/100 psn|[from] item: Rocky Helmet|[of] p2a: Glimmora\n|move|p2a: Glimmora|Power Gem|p1a: Ceruledge\n|-resisted|p1a: Ceruledge\n|-damage|p1a: Ceruledge|44\/100 psn\n|move|p2b: Toxapex|Toxic Spikes|p1b: Dragapult\n|-sidestart|p1: Atc13|move: Toxic Spikes\n|\n|-heal|p2b: Toxapex|100\/100 par|[from] item: Leftovers\n|-damage|p1b: Dragapult|27\/100 psn|[from] psn\n|-damage|p1a: Ceruledge|32\/100 psn|[from] psn\n|-end|p2a: Glimmora|move: Taunt\n|-sideend|p1: Atc13|move: Tailwind\n|upkeep\n|turn|6\n|\n|t:|1681813824\n|move|p2a: Glimmora|Spiky Shield|p2a: Glimmora\n|-singleturn|p2a: Glimmora|move: Protect\n|move|p1b: Dragapult|Phantom Force||[still]\n|-prepare|p1b: Dragapult|Phantom Force\n|move|p1a: Ceruledge|Bitter Blade|p2b: Toxapex\n|-resisted|p2b: Toxapex\n|-damage|p2b: Toxapex|76\/100 par\n|-heal|p1a: Ceruledge|44\/100 psn|[from] drain|[of] p2b: Toxapex\n|cant|p2b: Toxapex|par\n|\n|-heal|p2b: Toxapex|82\/100 par|[from] item: Leftovers\n|-damage|p1b: Dragapult|15\/100 psn|[from] psn\n|-damage|p1a: Ceruledge|32\/100 psn|[from] psn\n|upkeep\n|turn|7\n|\n|t:|1681813862\n|move|p1b: Dragapult|Phantom Force|p2a: Glimmora|[from]lockedmove\n|-damage|p2a: Glimmora|0 fnt\n|-damage|p1b: Dragapult|0 fnt|[from] item: Rocky Helmet|[of] p2a: Glimmora\n|faint|p2a: Glimmora\n|faint|p1b: Dragapult\n|move|p1a: Ceruledge|Bitter Blade|p2b: Toxapex\n|-resisted|p2b: Toxapex\n|-damage|p2b: Toxapex|57\/100 par\n|-heal|p1a: Ceruledge|44\/100 psn|[from] drain|[of] p2b: Toxapex\n|move|p2b: Toxapex|Toxic Spikes|p1a: Ceruledge\n|-sidestart|p1: Atc13|move: Toxic Spikes\n|\n|-heal|p2b: Toxapex|63\/100 par|[from] item: Leftovers\n|-damage|p1a: Ceruledge|32\/100 psn|[from] psn\n|upkeep\n|\n|t:|1681813878\n|switch|p1b: Dachsbun|Dachsbun, L50, F|100\/100\n|switch|p2a: Iron Moth|Iron Moth, L50|100\/100\n|-status|p1b: Dachsbun|tox\n|turn|8\n|\n|t:|1681813912\n|move|p2a: Iron Moth|Venoshock|p1b: Dachsbun\n|-supereffective|p1b: Dachsbun\n|-damage|p1b: Dachsbun|0 fnt\n|faint|p1b: Dachsbun\n|move|p1a: Ceruledge|Bitter Blade|p2b: Toxapex\n|-resisted|p2b: Toxapex\n|-damage|p2b: Toxapex|38\/100 par\n|-heal|p1a: Ceruledge|44\/100 psn|[from] drain|[of] p2b: Toxapex\n|move|p2b: Toxapex|Chilling Water|p1a: Ceruledge\n|-crit|p1a: Ceruledge\n|-damage|p1a: Ceruledge|26\/100 psn\n|\n|-heal|p2b: Toxapex|44\/100 par|[from] item: Leftovers\n|-damage|p1a: Ceruledge|14\/100 psn|[from] psn\n|upkeep\n|turn|9\n|-message|Atc13 forfeited.\n|\n|win|Dr_McKey\n|raw|Atc13's rating: 1023 → 1011<\/strong> (-12 for losing)\n|raw|Dr_McKey's rating: 1070 → 1096<\/strong> (+26 for winning)\n|l|\u2606Atc13\n","uploadtime":1681813935,"views":10,"p1id":"atc13","p2id":"drmckey","formatid":"gen9vgc2023regulationc","rating":1011,"private":0,"password":""}