{"id":"gen9vgc2023regulationc-1852939036","p1":"b(R)2","p2":"GngrSnapz","format":"[Gen 9] VGC 2023 Regulation C","log":"|j|\u2606b(R)2\n|j|\u2606GngrSnapz\n|t:|1682618952\n|gametype|doubles\n|player|p1|b(R)2|266|1337\n|player|p2|GngrSnapz|gentleman-gen4|1260\n|teamsize|p1|6\n|teamsize|p2|6\n|gen|9\n|tier|[Gen 9] VGC 2023 Regulation C\n|rated|\n|rule|Species Clause: Limit one of each Pok\u00e9mon\n|rule|Item Clause: Limit one of each item\n|clearpoke\n|poke|p1|Ting-Lu, L50|\n|poke|p1|Amoonguss, L50, F|\n|poke|p1|Garganacl, L50, M|\n|poke|p1|Arcanine, L50, M|\n|poke|p1|Roaring Moon, L50|\n|poke|p1|Iron Bundle, L50|\n|poke|p2|Amoonguss, L50, M|\n|poke|p2|Iron Bundle, L50|\n|poke|p2|Dragonite, L50, F|\n|poke|p2|Great Tusk, L50|\n|poke|p2|Flutter Mane, L50|\n|poke|p2|Chi-Yu, L50|\n|teampreview|4\n|inactive|Battle timer is ON: inactive players will automatically lose when time's up. (requested by GngrSnapz)\nb(R)2 has agreed to open team sheets.\n|inactive|GngrSnapz has 60 seconds left.\n|\n|t:|1682618993\n|start\n|switch|p1a: Garganacl|Garganacl, L50, M|100\/100\n|switch|p1b: Arcanine|Arcanine, L50, M|100\/100\n|switch|p2a: Iron Bundle|Iron Bundle, L50|100\/100\n|switch|p2b: Chi-Yu|Chi-Yu, L50|100\/100\n|-ability|p2b: Chi-Yu|Beads of Ruin\n|-ability|p1b: Arcanine|Intimidate|boost\n|-unboost|p2a: Iron Bundle|atk|1\n|-unboost|p2b: Chi-Yu|atk|1\n|-enditem|p2a: Iron Bundle|Booster Energy\n|-activate|p2a: Iron Bundle|ability: Quark Drive|[fromitem]\n|-start|p2a: Iron Bundle|quarkdrivespe\n|turn|1\n|inactive|b(R)2 has 30 seconds left.\n|inactive|b(R)2 has 20 seconds left.\n|inactive|b(R)2 has 15 seconds left.\n|\n|t:|1682619033\n|switch|p1b: Ting-Lu|Ting-Lu, L50|100\/100\n|-ability|p1b: Ting-Lu|Vessel of Ruin\n|move|p2b: Chi-Yu|Protect|p2b: Chi-Yu\n|-singleturn|p2b: Chi-Yu|Protect\n|move|p2a: Iron Bundle|Hydro Pump|p1a: Garganacl\n|-supereffective|p1a: Garganacl\n|-damage|p1a: Garganacl|37\/100\n|move|p1a: Garganacl|Salt Cure|p2a: Iron Bundle\n|-supereffective|p2a: Iron Bundle\n|-damage|p2a: Iron Bundle|65\/100\n|-start|p2a: Iron Bundle|Salt Cure\n|\n|-heal|p1a: Garganacl|43\/100|[from] item: Leftovers\n|-damage|p2a: Iron Bundle|40\/100|[from] Salt Cure\n|upkeep\n|turn|2\n|inactive|b(R)2 has 30 seconds left.\n|inactive|GngrSnapz has 30 seconds left.\n|\n|t:|1682619060\n|-terastallize|p2b: Chi-Yu|Water\n|-terastallize|p1b: Ting-Lu|Poison\n|move|p1a: Garganacl|Protect|p1a: Garganacl\n|-singleturn|p1a: Garganacl|Protect\n|move|p2a: Iron Bundle|Hydro Pump|p1b: Ting-Lu\n|-damage|p1b: Ting-Lu|75\/100\n|move|p2b: Chi-Yu|Heat Wave|p1b: Ting-Lu|[spread] \n|-activate|p1a: Garganacl|move: Protect\n|-miss|p2b: Chi-Yu|p1b: Ting-Lu\n|move|p1b: Ting-Lu|Stomping Tantrum|p2b: Chi-Yu\n|-damage|p2b: Chi-Yu|43\/100\n|\n|-heal|p1a: Garganacl|48\/100|[from] item: Leftovers\n|-damage|p2a: Iron Bundle|15\/100|[from] Salt Cure\n|upkeep\n|turn|3\n|inactive|b(R)2 has 30 seconds left.\n|\n|t:|1682619092\n|move|p2a: Iron Bundle|Hydro Pump|p1a: Garganacl|[miss]\n|-miss|p2a: Iron Bundle|p1a: Garganacl\n|move|p2b: Chi-Yu|Heat Wave|p1b: Ting-Lu|[spread] p1a\n|-miss|p2b: Chi-Yu|p1b: Ting-Lu\n|-resisted|p1a: Garganacl\n|-damage|p1a: Garganacl|36\/100\n|move|p1b: Ting-Lu|Heavy Slam|p2a: Iron Bundle\n|-damage|p2a: Iron Bundle|0 fnt\n|faint|p2a: Iron Bundle\n|-end|p2a: Iron Bundle|Quark Drive|[silent]\n|move|p1a: Garganacl|Salt Cure|p2b: Chi-Yu\n|-damage|p2b: Chi-Yu|20\/100\n|-start|p2b: Chi-Yu|Salt Cure\n|\n|-heal|p1a: Garganacl|42\/100|[from] item: Leftovers\n|-damage|p2b: Chi-Yu|0 fnt|[from] Salt Cure\n|faint|p2b: Chi-Yu\n|upkeep\n|\n|t:|1682619111\n|switch|p2a: Flutter Mane|Flutter Mane, L50|100\/100\n|switch|p2b: Great Tusk|Great Tusk, L50|100\/100\n|turn|4\n|inactive|b(R)2 has 30 seconds left.\n|\n|t:|1682619142\n|switch|p1b: Arcanine|Arcanine, L50, M|100\/100\n|-ability|p1b: Arcanine|Intimidate|boost\n|-unboost|p2a: Flutter Mane|atk|1\n|-unboost|p2b: Great Tusk|atk|1\n|move|p2b: Great Tusk|Headlong Rush|p1b: Arcanine\n|-supereffective|p1b: Arcanine\n|-damage|p1b: Arcanine|18\/100\n|-unboost|p2b: Great Tusk|def|1\n|-unboost|p2b: Great Tusk|spd|1\n|-enditem|p1b: Arcanine|Iapapa Berry|[eat]\n|-heal|p1b: Arcanine|51\/100|[from] item: Iapapa Berry\n|move|p2a: Flutter Mane|Moonblast|p1a: Garganacl\n|-damage|p1a: Garganacl|0 fnt\n|faint|p1a: Garganacl\n|\n|upkeep\n|\n|t:|1682619155\n|switch|p1a: Amoonguss|Amoonguss, L50, F|100\/100\n|turn|5\n|\n|t:|1682619166\n|move|p1a: Amoonguss|Rage Powder|p1a: Amoonguss\n|-singleturn|p1a: Amoonguss|move: Rage Powder\n|move|p2b: Great Tusk|Headlong Rush|p1a: Amoonguss\n|-damage|p1a: Amoonguss|67\/100\n|-unboost|p2b: Great Tusk|def|1\n|-unboost|p2b: Great Tusk|spd|1\n|move|p2a: Flutter Mane|Moonblast|p1a: Amoonguss\n|-resisted|p1a: Amoonguss\n|-damage|p1a: Amoonguss|33\/100\n|-enditem|p1a: Amoonguss|Sitrus Berry|[eat]\n|-heal|p1a: Amoonguss|58\/100|[from] item: Sitrus Berry\n|move|p1b: Arcanine|Will-O-Wisp|p2b: Great Tusk\n|-status|p2b: Great Tusk|brn\n|\n|-damage|p2b: Great Tusk|95\/100 brn|[from] brn\n|upkeep\n|turn|6\n|inactive|b(R)2 has 30 seconds left.\n|\n|t:|1682619196\n|move|p2b: Great Tusk|Headlong Rush|p1b: Arcanine\n|-supereffective|p1b: Arcanine\n|-damage|p1b: Arcanine|13\/100\n|-unboost|p2b: Great Tusk|def|1\n|-unboost|p2b: Great Tusk|spd|1\n|move|p2a: Flutter Mane|Moonblast|p1b: Arcanine\n|-resisted|p1b: Arcanine\n|-damage|p1b: Arcanine|0 fnt\n|faint|p1b: Arcanine\n|move|p1a: Amoonguss|Spore|p2a: Flutter Mane\n|-status|p2a: Flutter Mane|slp|[from] move: Spore\n|\n|-damage|p2b: Great Tusk|89\/100 brn|[from] brn\n|upkeep\n|\n|t:|1682619208\n|switch|p1b: Ting-Lu|Ting-Lu, L50, tera:Poison|75\/100\n|-ability|p1b: Ting-Lu|Vessel of Ruin\n|turn|7\n|\n|t:|1682619225\n|move|p2b: Great Tusk|Headlong Rush|p1b: Ting-Lu\n|-supereffective|p1b: Ting-Lu\n|-damage|p1b: Ting-Lu|51\/100\n|-unboost|p2b: Great Tusk|def|1\n|-unboost|p2b: Great Tusk|spd|1\n|cant|p2a: Flutter Mane|slp\n|move|p1b: Ting-Lu|Stomping Tantrum|p2b: Great Tusk\n|-damage|p2b: Great Tusk|10\/100 brn\n|move|p1a: Amoonguss|Pollen Puff|p1b: Ting-Lu\n|-heal|p1b: Ting-Lu|100\/100\n|\n|-damage|p2b: Great Tusk|4\/100 brn|[from] brn\n|upkeep\n|turn|8\n|\n|t:|1682619243\n|move|p1a: Amoonguss|Rage Powder|p1a: Amoonguss\n|-singleturn|p1a: Amoonguss|move: Rage Powder\n|move|p2b: Great Tusk|Headlong Rush|p1a: Amoonguss\n|-damage|p1a: Amoonguss|42\/100\n|-unboost|p2b: Great Tusk|def|1\n|-unboost|p2b: Great Tusk|spd|1\n|cant|p2a: Flutter Mane|slp\n|move|p1b: Ting-Lu|Heavy Slam|p2a: Flutter Mane\n|-supereffective|p2a: Flutter Mane\n|-damage|p2a: Flutter Mane|0 fnt\n|faint|p2a: Flutter Mane\n|-end|p2a: Flutter Mane|Protosynthesis|[silent]\n|\n|-damage|p2b: Great Tusk|0 fnt|[from] brn\n|faint|p2b: Great Tusk\n|-end|p2b: Great Tusk|Protosynthesis|[silent]\n|\n|win|b(R)2\n|upkeep\n|raw|b(R)2's rating: 1337 → 1353<\/strong> (+16 for winning)\n|raw|GngrSnapz's rating: 1260 → 1240<\/strong> (-20 for losing)\n","uploadtime":1682619252,"views":6,"p1id":"br2","p2id":"gngrsnapz","formatid":"gen9vgc2023regulationc","rating":1240,"private":0,"password":""}