{"id":"gen9vgc2023regulationc-1860949365","p1":"TonyJazs","p2":"Poapap2","format":"[Gen 9] VGC 2023 Regulation C","log":"|j|\u2606TonyJazs\n|j|\u2606Poapap2\n|t:|1683701493\n|gametype|doubles\n|player|p1|TonyJazs|brawly|1094\n|player|p2|Poapap2|lucas|1005\n|teamsize|p1|6\n|teamsize|p2|6\n|gen|9\n|tier|[Gen 9] VGC 2023 Regulation C\n|rated|\n|rule|Species Clause: Limit one of each Pok\u00e9mon\n|rule|Item Clause: Limit one of each item\n|clearpoke\n|poke|p1|Sableye, L50, F|\n|poke|p1|Magnezone, L50|\n|poke|p1|Eelektross, L50, F|\n|poke|p1|Flutter Mane, L50|\n|poke|p1|Ting-Lu, L50|\n|poke|p1|Garganacl, L50, F|\n|poke|p2|Palafin, L50, F|\n|poke|p2|Maushold-Four, L50|\n|poke|p2|Gholdengo, L50|\n|poke|p2|Kingambit, L50, M|\n|poke|p2|Wo-Chien, L50|\n|poke|p2|Espathra, L50, M|\n|teampreview|4\n|inactive|Battle timer is ON: inactive players will automatically lose when time's up. (requested by TonyJazs)\n|inactive|TonyJazs has 60 seconds left.\n|\n|t:|1683701526\n|start\n|switch|p1a: Sableye|Sableye, L50, F, shiny|100\/100\n|switch|p1b: Eelektross|Eelektross, L50, F, shiny|100\/100\n|switch|p2a: Gholdengo|Gholdengo, L50|100\/100\n|switch|p2b: Espathra|Espathra, L50, M|100\/100\n|turn|1\n|\n|t:|1683701545\n|move|p2a: Gholdengo|Trick|p1a: Sableye\n|-activate|p2a: Gholdengo|move: Trick|[of] p1a: Sableye\n|-item|p1a: Sableye|Choice Specs|[from] move: Trick\n|-item|p2a: Gholdengo|Iron Ball|[from] move: Trick\n|move|p1b: Eelektross|Flamethrower|p2a: Gholdengo\n|-supereffective|p2a: Gholdengo\n|-damage|p2a: Gholdengo|31\/100\n|-status|p2a: Gholdengo|brn\n|move|p1a: Sableye|Fling|p2b: Espathra\n|-supereffective|p2b: Espathra\n|-crit|p2b: Espathra\n|-damage|p2b: Espathra|88\/100\n|-enditem|p2b: Espathra|Weakness Policy\n|-boost|p2b: Espathra|atk|2|[from] item: Weakness Policy\n|-boost|p2b: Espathra|spa|2|[from] item: Weakness Policy\n|-enditem|p1a: Sableye|Choice Specs|[from] move: Fling\n|move|p2b: Espathra|Trick Room|p2b: Espathra\n|-fieldstart|move: Trick Room|[of] p2b: Espathra\n|\n|-damage|p2a: Gholdengo|25\/100 brn|[from] brn\n|-ability|p2b: Espathra|Speed Boost|boost\n|-boost|p2b: Espathra|spe|1\n|upkeep\n|turn|2\n|inactive|TonyJazs has 30 seconds left.\n|inactive|Poapap2 has 30 seconds left.\n|inactive|TonyJazs has 20 seconds left.\n|inactive|TonyJazs has 15 seconds left.\n|\n|t:|1683701587\n|move|p2a: Gholdengo|Make It Rain|p1a: Sableye|[spread] p1a,p1b\n|-resisted|p1b: Eelektross\n|-damage|p1a: Sableye|48\/100\n|-damage|p1b: Eelektross|83\/100\n|-unboost|p2a: Gholdengo|spa|1\n|move|p1a: Sableye|Dark Pulse|p2b: Espathra\n|-supereffective|p2b: Espathra\n|-damage|p2b: Espathra|39\/100\n|move|p1b: Eelektross|Flamethrower|p2a: Gholdengo\n|-supereffective|p2a: Gholdengo\n|-damage|p2a: Gholdengo|0 fnt\n|faint|p2a: Gholdengo\n|move|p2b: Espathra|Stored Power|p1b: Eelektross\n|-damage|p1b: Eelektross|14\/100\n|\n|-ability|p2b: Espathra|Speed Boost|boost\n|-boost|p2b: Espathra|spe|1\n|upkeep\n|\n|t:|1683701600\n|switch|p2a: Kingambit|Kingambit, L50, M|100\/100\n|turn|3\n|\n|t:|1683701612\n|move|p2b: Espathra|Protect|p2b: Espathra\n|-singleturn|p2b: Espathra|Protect\n|move|p2a: Kingambit|Sucker Punch|p1a: Sableye\n|-damage|p1a: Sableye|0 fnt\n|faint|p1a: Sableye\n|move|p1b: Eelektross|Flamethrower|p2a: Kingambit\n|-supereffective|p2a: Kingambit\n|-damage|p2a: Kingambit|46\/100\n|\n|-ability|p2b: Espathra|Speed Boost|boost\n|-boost|p2b: Espathra|spe|1\n|upkeep\n|\n|t:|1683701624\n|switch|p1a: Garganacl|Garganacl, L50, F, shiny|100\/100\n|turn|4\n|\n|t:|1683701645\n|move|p2b: Espathra|Protect||[still]\n|-fail|p2b: Espathra\n|move|p2a: Kingambit|Sucker Punch|p1b: Eelektross\n|-damage|p1b: Eelektross|0 fnt\n|faint|p1b: Eelektross\n|move|p1a: Garganacl|Salt Cure|p2a: Kingambit\n|-resisted|p2a: Kingambit\n|-damage|p2a: Kingambit|41\/100\n|-start|p2a: Kingambit|Salt Cure\n|\n|-damage|p2a: Kingambit|16\/100|[from] Salt Cure\n|-ability|p2b: Espathra|Speed Boost|boost\n|-boost|p2b: Espathra|spe|1\n|upkeep\n|\n|t:|1683701656\n|switch|p1b: Flutter Mane|Flutter Mane, L50, shiny|100\/100\n|-enditem|p1b: Flutter Mane|Booster Energy\n|-activate|p1b: Flutter Mane|ability: Protosynthesis|[fromitem]\n|-start|p1b: Flutter Mane|protosynthesisspd\n|turn|5\n|\n|t:|1683701675\n|-terastallize|p2b: Espathra|Steel\n|move|p1a: Garganacl|Protect|p1a: Garganacl\n|-singleturn|p1a: Garganacl|Protect\n|move|p2a: Kingambit|Sucker Punch|p1b: Flutter Mane\n|-damage|p1b: Flutter Mane|11\/100\n|move|p1b: Flutter Mane|Shadow Ball|p2b: Espathra\n|-damage|p2b: Espathra|0 fnt\n|faint|p2b: Espathra\n|\n|-damage|p2a: Kingambit|0 fnt|[from] Salt Cure\n|faint|p2a: Kingambit\n|-fieldend|move: Trick Room\n|upkeep\n|\n|t:|1683701686\n|switch|p2b: Wo-Chien|Wo-Chien, L50|100\/100\n|-ability|p2b: Wo-Chien|Tablets of Ruin\n|turn|6\n|\n|t:|1683701706\n|move|p1b: Flutter Mane|Protect|p1b: Flutter Mane\n|-singleturn|p1b: Flutter Mane|Protect\n|move|p2b: Wo-Chien|Leech Seed|p1a: Garganacl\n|-start|p1a: Garganacl|move: Leech Seed\n|move|p1a: Garganacl|Salt Cure|p2b: Wo-Chien\n|-damage|p2b: Wo-Chien|92\/100\n|-start|p2b: Wo-Chien|Salt Cure\n|\n|-heal|p2b: Wo-Chien|98\/100|[from] item: Leftovers\n|-damage|p1a: Garganacl|88\/100|[from] Leech Seed|[of] p2b: Wo-Chien\n|-heal|p2b: Wo-Chien|100\/100|[silent]\n|-damage|p2b: Wo-Chien|88\/100|[from] Salt Cure\n|upkeep\n|turn|7\n|inactive|TonyJazs has 30 seconds left.\n|\n|t:|1683701732\n|-terastallize|p1b: Flutter Mane|Fairy\n|move|p2b: Wo-Chien|Protect|p2b: Wo-Chien\n|-singleturn|p2b: Wo-Chien|Protect\n|move|p1b: Flutter Mane|Dazzling Gleam|p2b: Wo-Chien\n|-activate|p2b: Wo-Chien|move: Protect\n|move|p1a: Garganacl|Salt Cure|p2b: Wo-Chien\n|-activate|p2b: Wo-Chien|move: Protect\n|\n|-heal|p2b: Wo-Chien|94\/100|[from] item: Leftovers\n|-heal|p1a: Garganacl|94\/100|[from] item: Leftovers\n|-damage|p1a: Garganacl|82\/100|[from] Leech Seed|[of] p2b: Wo-Chien\n|-heal|p2b: Wo-Chien|100\/100|[silent]\n|-damage|p2b: Wo-Chien|88\/100|[from] Salt Cure\n|upkeep\n|turn|8\n|\n|t:|1683701747\n|move|p1b: Flutter Mane|Dazzling Gleam|p2b: Wo-Chien\n|-supereffective|p2b: Wo-Chien\n|-crit|p2b: Wo-Chien\n|-damage|p2b: Wo-Chien|0 fnt\n|faint|p2b: Wo-Chien\n|\n|win|TonyJazs\n|raw|TonyJazs's rating: 1094 → 1113<\/strong> (+19 for winning)\n|raw|Poapap2's rating: 1005 → 1000<\/strong> (-5 for losing)\n|c|\u2606TonyJazs|gg\n|l|\u2606Poapap2\n","uploadtime":1683701754,"views":12,"p1id":"tonyjazs","p2id":"poapap2","formatid":"gen9vgc2023regulationc","rating":1000,"private":0,"password":""}