{"id":"gen9vgc2023regulationc-1845604700","p1":"veezilla","p2":"BigPapiKiryae","format":"[Gen 9] VGC 2023 Regulation C","log":"|j|\u2606veezilla\n|j|\u2606BigPapiKiryae\n|t:|1681748763\n|gametype|doubles\n|player|p1|veezilla|klara|1416\n|player|p2|BigPapiKiryae|101|1470\n|teamsize|p1|6\n|teamsize|p2|6\n|gen|9\n|tier|[Gen 9] VGC 2023 Regulation C\n|rated|\n|rule|Species Clause: Limit one of each Pok\u00e9mon\n|rule|Item Clause: Limit one of each item\n|clearpoke\n|poke|p1|Dragonite, L50, F|\n|poke|p1|Chien-Pao, L50|\n|poke|p1|Flutter Mane, L50|\n|poke|p1|Chi-Yu, L50|\n|poke|p1|Dondozo, L50, F|\n|poke|p1|Tatsugiri-Droopy, L50, M|\n|poke|p2|Chi-Yu, L50|\n|poke|p2|Iron Bundle, L50|\n|poke|p2|Flutter Mane, L50|\n|poke|p2|Maushold-Four, L50|\n|poke|p2|Dragonite, L50, M|\n|poke|p2|Ting-Lu, L50|\n|teampreview|4\n|inactive|Battle timer is ON: inactive players will automatically lose when time's up. (requested by veezilla)\nveezilla has agreed to open team sheets.\n|inactive|BigPapiKiryae has 60 seconds left.\n|inactive|BigPapiKiryae has 30 seconds left.\n|\n|t:|1681748829\n|start\n|switch|p1a: Willow|Dragonite, L50, F, shiny|100\/100\n|switch|p1b: Hunter|Chien-Pao, L50|100\/100\n|switch|p2a: Flutter Mane|Flutter Mane, L50|100\/100\n|switch|p2b: Maushold|Maushold-Four, L50|100\/100\n|-ability|p1b: Hunter|Sword of Ruin\n|turn|1\n|l|\u2606BigPapiKiryae\n|inactive|BigPapiKiryae disconnected and has a minute to reconnect!\n|player|p2|\n|inactive|BigPapiKiryae has 30 seconds left.\n|j|\u2606BigPapiKiryae\n|inactive|BigPapiKiryae reconnected and has 25 seconds left.\n|player|p2|BigPapiKiryae|101\n|inactive|BigPapiKiryae has 20 seconds left.\n|inactive|BigPapiKiryae has 15 seconds left.\n|\n|t:|1681748869\n|-terastallize|p1a: Willow|Normal\n|move|p2b: Maushold|Follow Me|p2b: Maushold\n|-singleturn|p2b: Maushold|move: Follow Me\n|move|p1a: Willow|Extreme Speed|p2b: Maushold\n|-damage|p2b: Maushold|14\/100\n|move|p1b: Hunter|Sucker Punch||[still]\n|-fail|p1b: Hunter\n|move|p2a: Flutter Mane|Dazzling Gleam|p1a: Willow|[spread] p1a,p1b\n|-supereffective|p1b: Hunter\n|-damage|p1a: Willow|62\/100\n|-enditem|p1b: Hunter|Focus Sash\n|-damage|p1b: Hunter|1\/100\n|\n|upkeep\n|turn|2\n|\n|t:|1681748890\n|-terastallize|p2b: Maushold|Ghost\n|move|p2b: Maushold|Follow Me|p2b: Maushold\n|-singleturn|p2b: Maushold|move: Follow Me\n|move|p1a: Willow|Extreme Speed|p2b: Maushold\n|-immune|p2b: Maushold\n|move|p1b: Hunter|Sucker Punch||[still]\n|-fail|p1b: Hunter\n|move|p2a: Flutter Mane|Dazzling Gleam|p1b: Hunter|[spread] p1a,p1b\n|-supereffective|p1b: Hunter\n|-damage|p1a: Willow|21\/100\n|-damage|p1b: Hunter|0 fnt\n|faint|p1b: Hunter\n|\n|upkeep\n|\n|t:|1681748894\n|switch|p1b: Amity|Flutter Mane, L50|100\/100\n|-enditem|p1b: Amity|Booster Energy\n|-activate|p1b: Amity|ability: Protosynthesis|[fromitem]\n|-start|p1b: Amity|protosynthesisspe\n|turn|3\n|\n|t:|1681748912\n|switch|p1a: Luz|Chi-Yu, L50|100\/100\n|-ability|p1a: Luz|Beads of Ruin\n|move|p2b: Maushold|Helping Hand|p2a: Flutter Mane\n|-singleturn|p2a: Flutter Mane|Helping Hand|[of] p2b: Maushold\n|move|p1b: Amity|Shadow Ball|p2a: Flutter Mane\n|-supereffective|p2a: Flutter Mane\n|-damage|p2a: Flutter Mane|21\/100\n|-unboost|p2a: Flutter Mane|spd|1\n|move|p2a: Flutter Mane|Dazzling Gleam|p1a: Luz|[spread] p1a,p1b\n|-damage|p1a: Luz|21\/100\n|-damage|p1b: Amity|19\/100\n|\n|upkeep\n|turn|4\n|\n|t:|1681748930\n|move|p2b: Maushold|Follow Me|p2b: Maushold\n|-singleturn|p2b: Maushold|move: Follow Me\n|move|p1b: Amity|Dazzling Gleam|p2b: Maushold|[spread] p2a,p2b\n|-damage|p2a: Flutter Mane|0 fnt\n|-damage|p2b: Maushold|0 fnt\n|faint|p2a: Flutter Mane\n|-end|p2a: Flutter Mane|Protosynthesis|[silent]\n|faint|p2b: Maushold\n|move|p1a: Luz|Heat Wave|p2: Flutter Mane|[notarget]\n|-fail|p1a: Luz\n|\n|upkeep\n|\n|t:|1681748941\n|switch|p2a: Iron Bundle|Iron Bundle, L50|100\/100\n|switch|p2b: Dragonite|Dragonite, L50, M|100\/100\n|-enditem|p2a: Iron Bundle|Booster Energy\n|-activate|p2a: Iron Bundle|ability: Quark Drive|[fromitem]\n|-start|p2a: Iron Bundle|quarkdrivespe\n|turn|5\n|\n|t:|1681748953\n|move|p2b: Dragonite|Extreme Speed|p1a: Luz\n|-damage|p1a: Luz|0 fnt\n|faint|p1a: Luz\n|move|p2a: Iron Bundle|Freeze-Dry|p1b: Amity\n|-damage|p1b: Amity|0 fnt\n|faint|p1b: Amity\n|-end|p1b: Amity|Protosynthesis|[silent]\n|\n|upkeep\n|\n|t:|1681748961\n|switch|p1b: Willow|Dragonite, L50, F, shiny, tera:Normal|21\/100\n|turn|6\n|\n|t:|1681748967\n|move|p2b: Dragonite|Extreme Speed|p1b: Willow\n|-damage|p1b: Willow|0 fnt\n|faint|p1b: Willow\n|\n|win|BigPapiKiryae\n|raw|veezilla's rating: 1416 → 1399<\/strong> (-17 for losing)\n|raw|BigPapiKiryae's rating: 1470 → 1487<\/strong> (+17 for winning)\n|l|\u2606veezilla\n","uploadtime":1681748979,"views":9,"p1id":"veezilla","p2id":"bigpapikiryae","formatid":"gen9vgc2023regulationc","rating":1399,"private":0,"password":""}