{"id":"gen9vgc2023regulationc-1849335747","p1":"PianginaPardo","p2":"aquinoxx","format":"[Gen 9] VGC 2023 Regulation C","log":"|j|\u2606PianginaPardo\n|j|\u2606aquinoxx\n|t:|1682187198\n|gametype|doubles\n|player|p1|PianginaPardo|102|1043\n|player|p2|aquinoxx|170|1114\n|teamsize|p1|6\n|teamsize|p2|6\n|gen|9\n|tier|[Gen 9] VGC 2023 Regulation C\n|rated|\n|rule|Species Clause: Limit one of each Pok\u00e9mon\n|rule|Item Clause: Limit one of each item\n|clearpoke\n|poke|p1|Gholdengo, L50|\n|poke|p1|Gyarados, L50, M|\n|poke|p1|Ting-Lu, L50|\n|poke|p1|Iron Bundle, L50|\n|poke|p1|Maushold-Four, L50|\n|poke|p1|Annihilape, L50, M|\n|poke|p2|Dondozo, L50, F|\n|poke|p2|Tatsugiri-Stretchy, L50, M|\n|poke|p2|Dragonite, L50, F|\n|poke|p2|Arcanine, L50, M|\n|poke|p2|Iron Moth, L50|\n|poke|p2|Flutter Mane, L50|\n|teampreview|4\n|\n|t:|1682187248\n|start\n|switch|p1a: Maushold|Maushold-Four, L50|100\/100\n|switch|p1b: MankeyDlufy|Annihilape, L50, M|100\/100\n|switch|p2a: Flutter Mane|Flutter Mane, L50|100\/100\n|switch|p2b: Dragonite|Dragonite, L50, F|100\/100\n|turn|1\n|\n|t:|1682187269\n|-terastallize|p2b: Dragonite|Flying\n|move|p1a: Maushold|Follow Me|p1a: Maushold\n|-singleturn|p1a: Maushold|move: Follow Me\n|move|p2a: Flutter Mane|Taunt|p1a: Maushold\n|-start|p1a: Maushold|move: Taunt\n|move|p1b: MankeyDlufy|Rage Fist|p2a: Flutter Mane\n|-supereffective|p2a: Flutter Mane\n|-damage|p2a: Flutter Mane|33\/100\n|move|p2b: Dragonite|Tera Blast|p1a: Maushold\n|-damage|p1a: Maushold|43\/100\n|\n|upkeep\n|turn|2\n|inactive|Battle timer is ON: inactive players will automatically lose when time's up. (requested by PianginaPardo)\n|\n|t:|1682187303\n|switch|p1a: Gyarados|Gyarados, L50, M|100\/100\n|-ability|p1a: Gyarados|Intimidate|boost\n|-unboost|p2a: Flutter Mane|atk|1\n|-unboost|p2b: Dragonite|atk|1\n|move|p1b: MankeyDlufy|Protect|p1b: MankeyDlufy\n|-singleturn|p1b: MankeyDlufy|Protect\n|move|p2a: Flutter Mane|Shadow Ball|p1b: MankeyDlufy\n|-activate|p1b: MankeyDlufy|move: Protect\n|move|p2b: Dragonite|Tera Blast|p1b: MankeyDlufy\n|-activate|p1b: MankeyDlufy|move: Protect\n|\n|upkeep\n|turn|3\n|inactive|PianginaPardo has 30 seconds left.\n|\n|t:|1682187333\n|-end|p2a: Flutter Mane|Protosynthesis|[silent]\n|switch|p2a: Tatsugiri|Tatsugiri-Stretchy, L50, M|100\/100\n|switch|p1b: Maushold|Maushold-Four, L50|43\/100\n|switch|p2b: Dondozo|Dondozo, L50, F|100\/100\n|-activate|p2a: Tatsugiri|ability: Commander|[of] p2b: Dondozo\n|-boost|p2b: Dondozo|atk|2\n|-boost|p2b: Dondozo|spa|2\n|-boost|p2b: Dondozo|spe|2\n|-boost|p2b: Dondozo|def|2\n|-boost|p2b: Dondozo|spd|2\n|move|p1a: Gyarados|Icy Wind|p2a: Tatsugiri|[spread] p2b\n|-miss|p1a: Gyarados|p2a: Tatsugiri\n|-resisted|p2b: Dondozo\n|-damage|p2b: Dondozo|99\/100\n|-unboost|p2b: Dondozo|spe|1\n|\n|upkeep\n|turn|4\n|inactive|PianginaPardo has 30 seconds left.\n|\n|t:|1682187365\n|switch|p1a: MankeyDlufy|Annihilape, L50, M|100\/100\n|move|p1b: Maushold|Follow Me|p1b: Maushold\n|-singleturn|p1b: Maushold|move: Follow Me\n|move|p2b: Dondozo|Wave Crash|p1b: Maushold\n|-damage|p1b: Maushold|0 fnt\n|faint|p1b: Maushold\n|-damage|p2b: Dondozo|88\/100|[from] Recoil\n|\n|upkeep\n|\n|t:|1682187374\n|switch|p1b: Gyarados|Gyarados, L50, M|100\/100\n|-ability|p1b: Gyarados|Intimidate|boost\n|-unboost|p2a: Tatsugiri|atk|1\n|-unboost|p2b: Dondozo|atk|1\n|turn|5\n|\n|t:|1682187388\n|-terastallize|p1a: MankeyDlufy|Water\n|move|p2b: Dondozo|Wave Crash|p1a: MankeyDlufy\n|-resisted|p1a: MankeyDlufy\n|-damage|p1a: MankeyDlufy|65\/100\n|-damage|p2b: Dondozo|77\/100|[from] Recoil\n|move|p1a: MankeyDlufy|Bulk Up|p1a: MankeyDlufy\n|-boost|p1a: MankeyDlufy|atk|1\n|-boost|p1a: MankeyDlufy|def|1\n|move|p1b: Gyarados|Thunder Wave|p2b: Dondozo\n|-status|p2b: Dondozo|par\n|\n|-heal|p1a: MankeyDlufy|71\/100|[from] item: Leftovers\n|upkeep\n|turn|6\n|\n|t:|1682187406\n|switch|p1b: Iron Bundle|Iron Bundle, L50|100\/100\n|move|p1a: MankeyDlufy|Protect|p1a: MankeyDlufy\n|-singleturn|p1a: MankeyDlufy|Protect\n|move|p2b: Dondozo|Wave Crash|p1a: MankeyDlufy\n|-activate|p1a: MankeyDlufy|move: Protect\n|\n|-heal|p1a: MankeyDlufy|77\/100|[from] item: Leftovers\n|upkeep\n|turn|7\n|inactive|PianginaPardo has 30 seconds left.\n|\n|t:|1682187439\n|-end|p1b: Iron Bundle|Quark Drive|[silent]\n|switch|p1b: Gyarados|Gyarados, L50, M|100\/100\n|-ability|p1b: Gyarados|Intimidate|boost\n|-unboost|p2a: Tatsugiri|atk|1\n|-unboost|p2b: Dondozo|atk|1\n|move|p1a: MankeyDlufy|Drain Punch|p2b: Dondozo\n|-damage|p2b: Dondozo|65\/100 par\n|-heal|p1a: MankeyDlufy|84\/100|[from] drain|[of] p2b: Dondozo\n|move|p2b: Dondozo|Rest|p2b: Dondozo\n|-status|p2b: Dondozo|slp|[from] move: Rest\n|-heal|p2b: Dondozo|100\/100 slp|[silent]\n|-enditem|p2b: Dondozo|Chesto Berry|[eat]\n|-curestatus|p2b: Dondozo|slp|[msg]\n|\n|-heal|p1a: MankeyDlufy|90\/100|[from] item: Leftovers\n|upkeep\n|turn|8\n|\n|t:|1682187460\n|move|p2b: Dondozo|Earthquake|p1a: MankeyDlufy|[spread] p1a\n|-miss|p2b: Dondozo|p2a: Tatsugiri\n|-immune|p1b: Gyarados\n|-damage|p1a: MankeyDlufy|70\/100\n|move|p1a: MankeyDlufy|Bulk Up|p1a: MankeyDlufy\n|-boost|p1a: MankeyDlufy|atk|1\n|-boost|p1a: MankeyDlufy|def|1\n|move|p1b: Gyarados|Thunder Wave|p2b: Dondozo\n|-status|p2b: Dondozo|par\n|\n|-heal|p1a: MankeyDlufy|76\/100|[from] item: Leftovers\n|upkeep\n|turn|9\n|\n|t:|1682187484\n|move|p1a: MankeyDlufy|Bulk Up|p1a: MankeyDlufy\n|-boost|p1a: MankeyDlufy|atk|1\n|-boost|p1a: MankeyDlufy|def|1\n|move|p1b: Gyarados|Taunt|p2b: Dondozo\n|-start|p2b: Dondozo|move: Taunt\n|move|p2b: Dondozo|Wave Crash|p1a: MankeyDlufy\n|-resisted|p1a: MankeyDlufy\n|-damage|p1a: MankeyDlufy|52\/100\n|-damage|p2b: Dondozo|93\/100 par|[from] Recoil\n|\n|-heal|p1a: MankeyDlufy|58\/100|[from] item: Leftovers\n|upkeep\n|turn|10\n|\n|t:|1682187506\n|switch|p1b: Iron Bundle|Iron Bundle, L50|100\/100\n|move|p1a: MankeyDlufy|Protect|p1a: MankeyDlufy\n|-singleturn|p1a: MankeyDlufy|Protect\n|move|p2b: Dondozo|Wave Crash|p1a: MankeyDlufy\n|-activate|p1a: MankeyDlufy|move: Protect\n|\n|-heal|p1a: MankeyDlufy|64\/100|[from] item: Leftovers\n|upkeep\n|turn|11\n|\n|t:|1682187523\n|-end|p1b: Iron Bundle|Quark Drive|[silent]\n|switch|p1b: Gyarados|Gyarados, L50, M|100\/100\n|-ability|p1b: Gyarados|Intimidate|boost\n|-unboost|p2a: Tatsugiri|atk|1\n|-unboost|p2b: Dondozo|atk|1\n|move|p1a: MankeyDlufy|Rage Fist|p2b: Dondozo\n|-damage|p2b: Dondozo|62\/100 par\n|move|p2b: Dondozo|Wave Crash|p1b: Gyarados\n|-resisted|p1b: Gyarados\n|-damage|p1b: Gyarados|86\/100\n|-damage|p2b: Dondozo|58\/100 par|[from] Recoil\n|\n|-heal|p1a: MankeyDlufy|70\/100|[from] item: Leftovers\n|-end|p2b: Dondozo|move: Taunt\n|upkeep\n|turn|12\n|c|\u2606aquinoxx|MDS\n|c|\u2606aquinoxx|hahahahahahahahahahah\n|\n|t:|1682187547\n|move|p1a: MankeyDlufy|Bulk Up|p1a: MankeyDlufy\n|-boost|p1a: MankeyDlufy|atk|1\n|-boost|p1a: MankeyDlufy|def|1\n|move|p1b: Gyarados|Taunt|p2b: Dondozo\n|-start|p2b: Dondozo|move: Taunt\n|cant|p2b: Dondozo|move: Taunt|Rest\n|\n|-heal|p1a: MankeyDlufy|76\/100|[from] item: Leftovers\n|upkeep\n|turn|13\n|\n|t:|1682187562\n|switch|p1b: Iron Bundle|Iron Bundle, L50|100\/100\n|move|p1a: MankeyDlufy|Bulk Up|p1a: MankeyDlufy\n|-boost|p1a: MankeyDlufy|atk|1\n|-boost|p1a: MankeyDlufy|def|1\n|move|p2b: Dondozo|Wave Crash|p1a: MankeyDlufy\n|-resisted|p1a: MankeyDlufy\n|-damage|p1a: MankeyDlufy|61\/100\n|-damage|p2b: Dondozo|53\/100 par|[from] Recoil\n|\n|-heal|p1a: MankeyDlufy|67\/100|[from] item: Leftovers\n|upkeep\n|turn|14\n|\n|t:|1682187581\n|-end|p1b: Iron Bundle|Quark Drive|[silent]\n|switch|p1b: Gyarados|Gyarados, L50, M|86\/100\n|-ability|p1b: Gyarados|Intimidate|boost\n|-unboost|p2a: Tatsugiri|atk|1\n|-unboost|p2b: Dondozo|atk|1\n|move|p1a: MankeyDlufy|Bulk Up|p1a: MankeyDlufy\n|-boost|p1a: MankeyDlufy|atk|1\n|-boost|p1a: MankeyDlufy|def|1\n|cant|p2b: Dondozo|par\n|\n|-heal|p1a: MankeyDlufy|73\/100|[from] item: Leftovers\n|-end|p2b: Dondozo|move: Taunt\n|upkeep\n|turn|15\n|\n|t:|1682187599\n|move|p1a: MankeyDlufy|Drain Punch|p2b: Dondozo\n|-damage|p2b: Dondozo|42\/100 par\n|-heal|p1a: MankeyDlufy|79\/100|[from] drain|[of] p2b: Dondozo\n|move|p1b: Gyarados|Taunt|p2b: Dondozo\n|-start|p2b: Dondozo|move: Taunt\n|cant|p2b: Dondozo|move: Taunt|Rest\n|\n|-heal|p1a: MankeyDlufy|85\/100|[from] item: Leftovers\n|upkeep\n|turn|16\n|inactive|PianginaPardo has 30 seconds left.\n|\n|t:|1682187624\n|move|p1a: MankeyDlufy|Drain Punch|p2b: Dondozo\n|-damage|p2b: Dondozo|30\/100 par\n|-heal|p1a: MankeyDlufy|91\/100|[from] drain|[of] p2b: Dondozo\n|move|p1b: Gyarados|Waterfall|p2b: Dondozo\n|-resisted|p2b: Dondozo\n|-damage|p2b: Dondozo|24\/100 par\n|move|p2b: Dondozo|Earthquake|p1b: Gyarados|[spread] p1a\n|-miss|p2b: Dondozo|p2a: Tatsugiri\n|-immune|p1b: Gyarados\n|-damage|p1a: MankeyDlufy|82\/100\n|\n|-heal|p1a: MankeyDlufy|88\/100|[from] item: Leftovers\n|upkeep\n|turn|17\n|\n|t:|1682187643\n|switch|p1b: Iron Bundle|Iron Bundle, L50|100\/100\n|move|p1a: MankeyDlufy|Drain Punch|p2b: Dondozo\n|-crit|p2b: Dondozo\n|-damage|p2b: Dondozo|0 fnt\n|-heal|p1a: MankeyDlufy|99\/100|[from] drain|[of] p2b: Dondozo\n|faint|p2b: Dondozo\n|\n|-heal|p1a: MankeyDlufy|100\/100|[from] item: Leftovers\n|upkeep\n|\n|t:|1682187656\n|switch|p2b: Flutter Mane|Flutter Mane, L50|33\/100\n|turn|18\n|inactive|aquinoxx has 30 seconds left.\n|\n|t:|1682187683\n|move|p1a: MankeyDlufy|Protect|p1a: MankeyDlufy\n|-singleturn|p1a: MankeyDlufy|Protect\n|move|p2a: Tatsugiri|Draco Meteor|p1a: MankeyDlufy\n|-activate|p1a: MankeyDlufy|move: Protect\n|move|p1b: Iron Bundle|Icy Wind|p2a: Tatsugiri|[spread] p2a,p2b\n|-damage|p2a: Tatsugiri|75\/100\n|-damage|p2b: Flutter Mane|14\/100\n|-unboost|p2a: Tatsugiri|spe|1\n|-unboost|p2b: Flutter Mane|spe|1\n|move|p2b: Flutter Mane|Shadow Ball|p1a: MankeyDlufy\n|-activate|p1a: MankeyDlufy|move: Protect\n|\n|upkeep\n|turn|19\n|-message|aquinoxx forfeited.\n|\n|win|PianginaPardo\n|raw|PianginaPardo's rating: 1043 → 1083<\/strong> (+40 for winning)\n|raw|aquinoxx's rating: 1114 → 1084<\/strong> (-30 for losing)\n|l|\u2606aquinoxx\n","uploadtime":1682187702,"views":9,"p1id":"pianginapardo","p2id":"aquinoxx","formatid":"gen9vgc2023regulationc","rating":1083,"private":0,"password":""}