{"id":"gen9vgc2023regulationc-1852487804","p1":"Ricardo Randorez","p2":"drewzyyyy","format":"[Gen 9] VGC 2023 Regulation C","log":"|j|\u2606Ricardo Randorez\n|j|\u2606drewzyyyy\n|t:|1682564061\n|gametype|doubles\n|player|p1|Ricardo Randorez|2|1178\n|player|p2|drewzyyyy|juggler|1107\n|teamsize|p1|6\n|teamsize|p2|6\n|gen|9\n|tier|[Gen 9] VGC 2023 Regulation C\n|rated|\n|rule|Species Clause: Limit one of each Pok\u00e9mon\n|rule|Item Clause: Limit one of each item\n|clearpoke\n|poke|p1|Gyarados, L50, F|\n|poke|p1|Arcanine, L50, F|\n|poke|p1|Great Tusk, L50|\n|poke|p1|Flutter Mane, L50|\n|poke|p1|Volcarona, L50, M|\n|poke|p1|Talonflame, L50, M|\n|poke|p2|Talonflame, L50, M|\n|poke|p2|Flutter Mane, L50|\n|poke|p2|Chi-Yu, L50|\n|poke|p2|Amoonguss, L50, F|\n|poke|p2|Gyarados, L50, F|\n|poke|p2|Garchomp, L50, F|\n|teampreview|4\n|inactive|Battle timer is ON: inactive players will automatically lose when time's up. (requested by Ricardo Randorez)\n|\n|t:|1682564101\n|start\n|switch|p1a: Gyarados|Gyarados, L50, F|100\/100\n|switch|p1b: Arcanine|Arcanine, L50, F|100\/100\n|switch|p2a: Gyarados|Gyarados, L50, F|100\/100\n|switch|p2b: Flutter Mane|Flutter Mane, L50|100\/100\n|-ability|p1b: Arcanine|Intimidate|boost\n|-unboost|p2a: Gyarados|atk|1\n|-unboost|p2b: Flutter Mane|atk|1\n|-ability|p2a: Gyarados|Intimidate|boost\n|-fail|p1a: Gyarados|unboost|[from] item: Clear Amulet|[of] p1a: Gyarados\n|-unboost|p1b: Arcanine|atk|1\n|turn|1\n|inactive|Ricardo Randorez has 30 seconds left.\n|inactive|drewzyyyy has 30 seconds left.\n|inactive|drewzyyyy has 20 seconds left.\n|\n|t:|1682564140\n|move|p2b: Flutter Mane|Power Gem|p1b: Arcanine\n|-supereffective|p1b: Arcanine\n|-damage|p1b: Arcanine|15\/100\n|move|p1b: Arcanine|Snarl|p2b: Flutter Mane|[spread] p2a,p2b\n|-damage|p2a: Gyarados|92\/100\n|-damage|p2b: Flutter Mane|91\/100\n|-unboost|p2a: Gyarados|spa|1\n|-unboost|p2b: Flutter Mane|spa|1\n|move|p1a: Gyarados|Dragon Dance|p1a: Gyarados\n|-boost|p1a: Gyarados|atk|1\n|-boost|p1a: Gyarados|spe|1\n|move|p2a: Gyarados|Taunt|p1a: Gyarados\n|-start|p1a: Gyarados|move: Taunt\n|\n|upkeep\n|turn|2\n|\n|t:|1682564165\n|move|p1a: Gyarados|Waterfall|p2b: Flutter Mane\n|-damage|p2b: Flutter Mane|9\/100\n|move|p2b: Flutter Mane|Power Gem|p1a: Gyarados\n|-supereffective|p1a: Gyarados\n|-crit|p1a: Gyarados\n|-damage|p1a: Gyarados|0 fnt\n|faint|p1a: Gyarados\n|move|p1b: Arcanine|Howl|p1b: Arcanine\n|-boost|p1b: Arcanine|atk|1\n|move|p2a: Gyarados|Icy Wind|p1b: Arcanine\n|-resisted|p1b: Arcanine\n|-damage|p1b: Arcanine|12\/100\n|-unboost|p1b: Arcanine|spe|1\n|\n|upkeep\n|\n|t:|1682564183\n|switch|p1a: Flutter Mane|Flutter Mane, L50|100\/100\n|turn|3\n|\n|t:|1682564194\n|move|p1a: Flutter Mane|Thunderbolt|p2a: Gyarados\n|-supereffective|p2a: Gyarados\n|-damage|p2a: Gyarados|0 fnt\n|faint|p2a: Gyarados\n|move|p2b: Flutter Mane|Power Gem|p1b: Arcanine\n|-supereffective|p1b: Arcanine\n|-damage|p1b: Arcanine|0 fnt\n|faint|p1b: Arcanine\n|\n|upkeep\n|\n|t:|1682564203\n|switch|p1b: Great Tusk|Great Tusk, L50|100\/100\n|switch|p2a: Talonflame|Talonflame, L50, M|100\/100\n|turn|4\n|\n|t:|1682564224\n|-terastallize|p1b: Great Tusk|Ground\n|move|p2a: Talonflame|Tailwind|p2a: Talonflame\n|-sidestart|p2: drewzyyyy|move: Tailwind\n|move|p2b: Flutter Mane|Power Gem|p1a: Flutter Mane\n|-damage|p1a: Flutter Mane|77\/100\n|move|p1a: Flutter Mane|Thunderbolt|p2a: Talonflame\n|-supereffective|p2a: Talonflame\n|-damage|p2a: Talonflame|0 fnt\n|faint|p2a: Talonflame\n|move|p1b: Great Tusk|Ice Spinner|p2b: Flutter Mane\n|-damage|p2b: Flutter Mane|0 fnt\n|faint|p2b: Flutter Mane\n|-end|p2b: Flutter Mane|Protosynthesis|[silent]\n|\n|upkeep\n|\n|t:|1682564237\n|switch|p2b: Goldie|Chi-Yu, L50|100\/100\n|-ability|p2b: Goldie|Beads of Ruin\n|turn|5\n|\n|t:|1682564251\n|move|p2b: Goldie|Psychic|p1b: Great Tusk\n|-damage|p1b: Great Tusk|57\/100\n|move|p1a: Flutter Mane|Thunderbolt|p2b: Goldie\n|-damage|p2b: Goldie|55\/100\n|move|p1b: Great Tusk|Headlong Rush|p2b: Goldie\n|-supereffective|p2b: Goldie\n|-damage|p2b: Goldie|0 fnt\n|-unboost|p1b: Great Tusk|def|1\n|-unboost|p1b: Great Tusk|spd|1\n|faint|p2b: Goldie\n|\n|win|Ricardo Randorez\n|raw|Ricardo Randorez's rating: 1178 → 1198<\/strong> (+20 for winning)\n|raw|drewzyyyy's rating: 1107 → 1087<\/strong> (-20 for losing)\n|l|\u2606drewzyyyy\n","uploadtime":1682564265,"views":7,"p1id":"ricardorandorez","p2id":"drewzyyyy","formatid":"gen9vgc2023regulationc","rating":1087,"private":0,"password":""}