{"id":"gen9vgc2023regulationc-1847848081","p1":"Ab0ve5029","p2":"Uahhhh","format":"[Gen 9] VGC 2023 Regulation C","log":"|j|\u2606Ab0ve5029\n|j|\u2606Uahhhh\n|t:|1682006911\n|gametype|doubles\n|player|p1|Ab0ve5029|n|\n|player|p2|Uahhhh|lady|\n|teamsize|p1|6\n|teamsize|p2|6\n|gen|9\n|tier|[Gen 9] VGC 2023 Regulation C\n|rated|Tournament battle\n|rule|Species Clause: Limit one of each Pok\u00e9mon\n|rule|Item Clause: Limit one of each item\n|clearpoke\n|poke|p1|Chien-Pao, L50|\n|poke|p1|Palafin, L50, F|\n|poke|p1|Dragapult, L50, M|\n|poke|p1|Kingambit, L50, F|\n|poke|p1|Arcanine, L50, M|\n|poke|p1|Amoonguss, L50, F|\n|poke|p2|Chi-Yu, L50|\n|poke|p2|Iron Bundle, L50|\n|poke|p2|Murkrow, L50, F|\n|poke|p2|Abomasnow, L50, F|\n|poke|p2|Gholdengo, L50|\n|poke|p2|Great Tusk, L50|\n|teampreview|4\n|raw| Open Team Sheet for Ab0ve5029<\/summary>Astrumy (Chien-Pao) @ Focus Sash Ability: Sword of Ruin Level: 50 Tera Type: Ghost - Ice Spinner - Throat Chop - Sacred Sword - Protect Above (Palafin) @ Mystic Water Ability: Zero to Hero Level: 50 Tera Type: Water - Wave Crash - Jet Punch - Haze - Protect RulingWillB (Dragapult) @ Choice Band Ability: Clear Body Level: 50 Tera Type: Steel - Dragon Darts - Phantom Force - Tera Blast - U-turn hancec (Kingambit) @ Lum Berry Ability: Defiant Level: 50 Tera Type: Dark - Kowtow Cleave - Sucker Punch - Swords Dance - Protect CaLdAbOoS (Arcanine) @ Safety Goggles Ability: Intimidate Level: 50 Tera Type: Water - Flare Blitz - Extreme Speed - Will-O-Wisp - Protect Whynus (Amoonguss) @ Sitrus Berry Ability: Regenerator Level: 50 Tera Type: Water - Pollen Puff - Spore - Rage Powder - Protect <\/details><\/div> Open Team Sheet for Uahhhh<\/summary>Liyuu (Chi-Yu) @ Choice Specs Ability: Beads of Ruin Level: 50 Tera Type: Ghost - Heat Wave - Overheat - Dark Pulse - Psychic \u5305\u88b1\u5305\u88b1 (Iron Bundle) @ Booster Energy Ability: Quark Drive Level: 50 Tera Type: Ice - Freeze-Dry - Blizzard - Icy Wind - Protect Murkrow @ Eviolite Ability: Prankster Level: 50 Tera Type: Ghost - Foul Play - Tailwind - Haze - Sunny Day Abomasnow (F) @ Light Clay Ability: Snow Warning Level: 50 Shiny: Yes Tera Type: Rock - Blizzard - Energy Ball - Tera Blast - Aurora Veil Gholdengo @ Sitrus Berry Ability: Good as Gold Level: 50 Tera Type: Water - Make It Rain - Shadow Ball - Nasty Plot - Protect Great Tusk @ Choice Scarf Ability: Protosynthesis Level: 50 Hidden Power: Fighting Tera Type: Fire - Earthquake - Headlong Rush - Close Combat - Protect <\/details><\/div>\n|c|\u2606Ab0ve5029|glhf\n|c|\u2606Uahhhh|glhf\n|j| Sibiiiiiii\n|j| riko 77\n|inactive|Battle timer is ON: inactive players will automatically lose when time's up. (requested by Uahhhh)\n|j| hancec\n|j| Radio Free C-Side\n|\n|t:|1682006996\n|start\n|switch|p1a: Above|Palafin, L50, F|100\/100\n|switch|p1b: Whynus|Amoonguss, L50, F|100\/100\n|switch|p2a: Murkrow|Murkrow, L50, F|100\/100\n|switch|p2b: Liyuu|Chi-Yu, L50|100\/100\n|-ability|p2b: Liyuu|Beads of Ruin\n|turn|1\n|\n|t:|1682007014\n|detailschange|p1a: Above|Palafin-Hero, L50, F\n|switch|p1a: RulingWillB|Dragapult, L50, M|100\/100\n|-terastallize|p1b: Whynus|Water\n|move|p2a: Murkrow|Sunny Day|p2a: Murkrow\n|-weather|SunnyDay\n|move|p2b: Liyuu|Overheat|p1b: Whynus\n|-resisted|p1b: Whynus\n|-damage|p1b: Whynus|11\/100\n|-unboost|p2b: Liyuu|spa|2\n|-enditem|p1b: Whynus|Sitrus Berry|[eat]\n|-heal|p1b: Whynus|36\/100|[from] item: Sitrus Berry\n|move|p1b: Whynus|Spore|p2b: Liyuu\n|-status|p2b: Liyuu|slp|[from] move: Spore\n|\n|-weather|SunnyDay|[upkeep]\n|upkeep\n|turn|2\n|inactive|Uahhhh has 30 seconds left.\n|\n|t:|1682007047\n|move|p1b: Whynus|Rage Powder|p1b: Whynus\n|-singleturn|p1b: Whynus|move: Rage Powder\n|move|p2a: Murkrow|Tailwind|p2a: Murkrow\n|-sidestart|p2: Uahhhh|move: Tailwind\n|cant|p2b: Liyuu|slp\n|move|p1a: RulingWillB|Dragon Darts|p2a: Murkrow\n|-damage|p2a: Murkrow|64\/100\n|-anim|p1a: RulingWillB|Dragon Darts|p2b: Liyuu\n|-damage|p2b: Liyuu|50\/100 slp\n|\n|-weather|SunnyDay|[upkeep]\n|upkeep\n|turn|3\n|l| Radio Free C-Side\n|inactive|Uahhhh has 30 seconds left.\n|inactive|Uahhhh has 20 seconds left.\n|\n|t:|1682007084\n|switch|p2b: \u5305\u88b1\u5305\u88b1|Iron Bundle, L50|100\/100\n|-enditem|p2b: \u5305\u88b1\u5305\u88b1|Booster Energy\n|-activate|p2b: \u5305\u88b1\u5305\u88b1|ability: Quark Drive|[fromitem]\n|-start|p2b: \u5305\u88b1\u5305\u88b1|quarkdrivespe\n|move|p1b: Whynus|Rage Powder|p1b: Whynus\n|-singleturn|p1b: Whynus|move: Rage Powder\n|move|p2a: Murkrow|Foul Play|p1b: Whynus\n|-damage|p1b: Whynus|16\/100\n|move|p1a: RulingWillB|Dragon Darts|p2a: Murkrow\n|-damage|p2a: Murkrow|27\/100\n|-anim|p1a: RulingWillB|Dragon Darts|p2b: \u5305\u88b1\u5305\u88b1\n|-damage|p2b: \u5305\u88b1\u5305\u88b1|54\/100\n|\n|-weather|SunnyDay|[upkeep]\n|upkeep\n|turn|4\n|inactive|Ab0ve5029 has 30 seconds left.\n|inactive|Uahhhh has 30 seconds left.\n|\n|t:|1682007117\n|move|p1b: Whynus|Protect|p1b: Whynus\n|-singleturn|p1b: Whynus|Protect\n|move|p2b: \u5305\u88b1\u5305\u88b1|Icy Wind|p1a: RulingWillB|[spread] p1a\n|-activate|p1b: Whynus|move: Protect\n|-supereffective|p1a: RulingWillB\n|-damage|p1a: RulingWillB|47\/100\n|move|p2a: Murkrow|Foul Play|p1a: RulingWillB\n|-supereffective|p1a: RulingWillB\n|-damage|p1a: RulingWillB|0 fnt\n|faint|p1a: RulingWillB\n|\n|-weather|SunnyDay|[upkeep]\n|upkeep\n|\n|t:|1682007121\n|switch|p1a: Astrumy|Chien-Pao, L50|100\/100\n|-ability|p1a: Astrumy|Sword of Ruin\n|turn|5\n|\n|t:|1682007145\n|switch|p2a: Liyuu|Chi-Yu, L50|50\/100 slp\n|-ability|p2a: Liyuu|Beads of Ruin\n|move|p1a: Astrumy|Protect|p1a: Astrumy\n|-singleturn|p1a: Astrumy|Protect\n|move|p2b: \u5305\u88b1\u5305\u88b1|Freeze-Dry|p1b: Whynus\n|-supereffective|p1b: Whynus\n|-damage|p1b: Whynus|0 fnt\n|faint|p1b: Whynus\n|\n|-weather|none\n|-sideend|p2: Uahhhh|move: Tailwind\n|upkeep\n|\n|t:|1682007147\n|switch|p1b: Above|Palafin-Hero, L50, F|100\/100\n|-activate|p1b: Above|ability: Zero to Hero\n|turn|6\n|\n|t:|1682007164\n|move|p1b: Above|Jet Punch|p2a: Liyuu\n|-supereffective|p2a: Liyuu\n|-damage|p2a: Liyuu|0 fnt\n|faint|p2a: Liyuu\n|move|p2b: \u5305\u88b1\u5305\u88b1|Icy Wind|p1b: Above|[spread] p1a,p1b\n|-resisted|p1a: Astrumy\n|-resisted|p1b: Above\n|-damage|p1a: Astrumy|84\/100\n|-damage|p1b: Above|90\/100\n|-unboost|p1a: Astrumy|spe|1\n|-unboost|p1b: Above|spe|1\n|move|p1a: Astrumy|Sacred Sword|p2b: \u5305\u88b1\u5305\u88b1\n|-supereffective|p2b: \u5305\u88b1\u5305\u88b1\n|-damage|p2b: \u5305\u88b1\u5305\u88b1|0 fnt\n|faint|p2b: \u5305\u88b1\u5305\u88b1\n|-end|p2b: \u5305\u88b1\u5305\u88b1|Quark Drive|[silent]\n|\n|upkeep\n|\n|t:|1682007176\n|switch|p2b: Great Tusk|Great Tusk, L50|100\/100\n|switch|p2a: Murkrow|Murkrow, L50, F|27\/100\n|turn|7\n|j| SlowHomie\n|\n|t:|1682007191\n|move|p2a: Murkrow|Sunny Day|p2a: Murkrow\n|-weather|SunnyDay\n|-activate|p2b: Great Tusk|ability: Protosynthesis\n|-start|p2b: Great Tusk|protosynthesisatk\n|move|p1b: Above|Jet Punch|p2a: Murkrow\n|-damage|p2a: Murkrow|0 fnt\n|faint|p2a: Murkrow\n|move|p2b: Great Tusk|Earthquake|p1a: Astrumy|[spread] p1a,p1b\n|-damage|p1a: Astrumy|8\/100\n|-damage|p1b: Above|25\/100\n|move|p1a: Astrumy|Ice Spinner|p2b: Great Tusk\n|-supereffective|p2b: Great Tusk\n|-damage|p2b: Great Tusk|27\/100\n|\n|-weather|SunnyDay|[upkeep]\n|upkeep\n|turn|8\n|l| SlowHomie\n|\n|t:|1682007213\n|move|p1b: Above|Jet Punch|p2b: Great Tusk\n|-supereffective|p2b: Great Tusk\n|-damage|p2b: Great Tusk|0 fnt\n|faint|p2b: Great Tusk\n|-end|p2b: Great Tusk|Protosynthesis|[silent]\n|\n|win|Ab0ve5029\n|n|\u2606Ab0ve5029|ab0ve5029\n|n|\u2606Uahhhh|uahhhh\n|n| Sibiiiiiii|sibiiiiiii\n|n| riko 77|riko77\n|n| hancec|hancec\n","uploadtime":1682007214,"views":6,"p1id":"ab0ve5029","p2id":"uahhhh","formatid":"gen9vgc2023regulationc","rating":0,"private":0,"password":""}