{"id":"gen9vgc2023regulationc-1849251629","p1":"siunhanech","p2":"Rekics13","format":"[Gen 9] VGC 2023 Regulation C","log":"|j|\u2606siunhanech\n|j|\u2606Rekics13\n|t:|1682177965\n|gametype|doubles\n|player|p1|siunhanech|265|1221\n|player|p2|Rekics13|cyrus|1125\n|teamsize|p1|6\n|teamsize|p2|6\n|gen|9\n|tier|[Gen 9] VGC 2023 Regulation C\n|rated|\n|rule|Species Clause: Limit one of each Pok\u00e9mon\n|rule|Item Clause: Limit one of each item\n|clearpoke\n|poke|p1|Torkoal, L50, F|\n|poke|p1|Flutter Mane, L50|\n|poke|p1|Great Tusk, L50|\n|poke|p1|Amoonguss, L50, F|\n|poke|p1|Iron Bundle, L50|\n|poke|p1|Abomasnow, L50, F|\n|poke|p2|Pelipper, L50, M|\n|poke|p2|Palafin, L50, F|\n|poke|p2|Iron Hands, L50|\n|poke|p2|Baxcalibur, L50, M|\n|poke|p2|Ting-Lu, L50|\n|poke|p2|Amoonguss, L50, F|\n|teampreview|4\n|j| LumSht\n|inactive|Battle timer is ON: inactive players will automatically lose when time's up. (requested by siunhanech)\n|inactive|Rekics13 has 60 seconds left.\nsiunhanech has agreed to open team sheets.\n|l| LumSht\n|inactive|Rekics13 has 30 seconds left.\n|\n|t:|1682178030\n|start\n|switch|p1a: ghetmoiden|Abomasnow, L50, F|100\/100\n|switch|p1b: L\u1ed1n c\u00f9|Iron Bundle, L50|100\/100\n|switch|p2a: Iron Hands|Iron Hands, L50, shiny|100\/100\n|switch|p2b: Ting-Lu|Ting-Lu, L50|100\/100\n|-weather|Snow|[from] ability: Snow Warning|[of] p1a: ghetmoiden\n|-ability|p2b: Ting-Lu|Vessel of Ruin\n|turn|1\n|inactive|Rekics13 has 30 seconds left.\n|inactive|Rekics13 has 20 seconds left.\n|inactive|Rekics13 has 15 seconds left.\n|inactive|Rekics13 has 10 seconds left.\n|inactive|Rekics13 has 5 seconds left.\n|\n|t:|1682178081\n|move|p2a: Iron Hands|Fake Out|p1a: ghetmoiden\n|-damage|p1a: ghetmoiden|89\/100\n|move|p1b: L\u1ed1n c\u00f9|Blizzard|p2a: Iron Hands|[spread] p2a,p2b\n|-supereffective|p2b: Ting-Lu\n|-damage|p2a: Iron Hands|83\/100\n|-damage|p2b: Ting-Lu|44\/100\n|cant|p1a: ghetmoiden|flinch\n|move|p2b: Ting-Lu|Fissure|p1b: L\u1ed1n c\u00f9|[miss]\n|-miss|p2b: Ting-Lu|p1b: L\u1ed1n c\u00f9\n|\n|-weather|Snow|[upkeep]\n|-heal|p2b: Ting-Lu|50\/100|[from] item: Leftovers\n|upkeep\n|turn|2\n|inactive|siunhanech has 30 seconds left.\n|\n|t:|1682178108\n|move|p2b: Ting-Lu|Protect|p2b: Ting-Lu\n|-singleturn|p2b: Ting-Lu|Protect\n|move|p1b: L\u1ed1n c\u00f9|Blizzard|p2a: Iron Hands|[spread] p2a\n|-activate|p2b: Ting-Lu|move: Protect\n|-damage|p2a: Iron Hands|66\/100\n|move|p1a: ghetmoiden|Aurora Veil|p1a: ghetmoiden\n|-sidestart|p1: siunhanech|move: Aurora Veil\n|move|p2a: Iron Hands|Wild Charge|p1b: L\u1ed1n c\u00f9\n|-supereffective|p1b: L\u1ed1n c\u00f9\n|-damage|p1b: L\u1ed1n c\u00f9|46\/100\n|-damage|p2a: Iron Hands|58\/100|[from] Recoil\n|\n|-weather|Snow|[upkeep]\n|-heal|p2b: Ting-Lu|56\/100|[from] item: Leftovers\n|upkeep\n|turn|3\n|inactive|Rekics13 has 30 seconds left.\n|inactive|Rekics13 has 20 seconds left.\n|\n|t:|1682178144\n|-terastallize|p1b: L\u1ed1n c\u00f9|Ice\n|move|p1a: ghetmoiden|Helping Hand|p1b: L\u1ed1n c\u00f9\n|-singleturn|p1b: L\u1ed1n c\u00f9|Helping Hand|[of] p1a: ghetmoiden\n|move|p1b: L\u1ed1n c\u00f9|Blizzard|p2a: Iron Hands|[spread] p2a,p2b\n|-supereffective|p2b: Ting-Lu\n|-damage|p2a: Iron Hands|25\/100\n|-damage|p2b: Ting-Lu|0 fnt\n|faint|p2b: Ting-Lu\n|move|p2a: Iron Hands|Wild Charge|p1b: L\u1ed1n c\u00f9\n|-damage|p1b: L\u1ed1n c\u00f9|18\/100\n|-damage|p2a: Iron Hands|22\/100|[from] Recoil\n|\n|-weather|Snow|[upkeep]\n|upkeep\n|\n|t:|1682178156\n|switch|p2b: Baxcalibur|Baxcalibur, L50, M, shiny|100\/100\n|turn|4\n|\n|t:|1682178172\n|-terastallize|p2b: Baxcalibur|Ice\n|move|p1a: ghetmoiden|Helping Hand|p1b: L\u1ed1n c\u00f9\n|-singleturn|p1b: L\u1ed1n c\u00f9|Helping Hand|[of] p1a: ghetmoiden\n|move|p1b: L\u1ed1n c\u00f9|Blizzard|p2a: Iron Hands|[spread] p2a,p2b\n|-resisted|p2b: Baxcalibur\n|-damage|p2a: Iron Hands|0 fnt\n|-damage|p2b: Baxcalibur|47\/100\n|faint|p2a: Iron Hands\n|-end|p2a: Iron Hands|Quark Drive|[silent]\n|move|p2b: Baxcalibur|Icicle Spear|p1a: ghetmoiden\n|-damage|p1a: ghetmoiden|79\/100\n|-damage|p1a: ghetmoiden|69\/100\n|-damage|p1a: ghetmoiden|57\/100\n|-damage|p1a: ghetmoiden|47\/100\n|-damage|p1a: ghetmoiden|35\/100\n|-hitcount|p1a: ghetmoiden|5\n|\n|-weather|Snow|[upkeep]\n|upkeep\n|\n|t:|1682178188\n|switch|p2a: Amoonguss|Amoonguss, L50, F|100\/100\n|turn|5\n|\n|t:|1682178204\n|move|p1a: ghetmoiden|Helping Hand|p1b: L\u1ed1n c\u00f9\n|-singleturn|p1b: L\u1ed1n c\u00f9|Helping Hand|[of] p1a: ghetmoiden\n|move|p2b: Baxcalibur|Ice Shard|p1b: L\u1ed1n c\u00f9\n|-resisted|p1b: L\u1ed1n c\u00f9\n|-damage|p1b: L\u1ed1n c\u00f9|8\/100\n|move|p1b: L\u1ed1n c\u00f9|Blizzard|p2a: Amoonguss|[spread] p2a,p2b\n|-supereffective|p2a: Amoonguss\n|-resisted|p2b: Baxcalibur\n|-damage|p2a: Amoonguss|0 fnt\n|-damage|p2b: Baxcalibur|0 fnt\n|faint|p2a: Amoonguss\n|faint|p2b: Baxcalibur\n|\n|win|siunhanech\n|raw|siunhanech's rating: 1221 → 1239<\/strong> (+18 for winning)\n|raw|Rekics13's rating: 1125 → 1107<\/strong> (-18 for losing)\n|l|\u2606Rekics13\n","uploadtime":1682178281,"views":9,"p1id":"siunhanech","p2id":"rekics13","formatid":"gen9vgc2023regulationc","rating":1107,"private":0,"password":""}