{"id":"gen9vgc2023regulationc-1855735539","p1":"VeeGey","p2":"TEO262002","format":"[Gen 9] VGC 2023 Regulation C","log":"|j|\u2606VeeGey\n|j|\u2606TEO262002\n|t:|1682978205\n|gametype|doubles\n|player|p1|VeeGey|101|1126\n|player|p2|TEO262002|266|1058\n|teamsize|p1|6\n|teamsize|p2|6\n|gen|9\n|tier|[Gen 9] VGC 2023 Regulation C\n|rated|\n|rule|Species Clause: Limit one of each Pok\u00e9mon\n|rule|Item Clause: Limit one of each item\n|clearpoke\n|poke|p1|Golduck, L50, F|\n|poke|p1|Pelipper, L50, M|\n|poke|p1|Barraskewda, L50, M|\n|poke|p1|Qwilfish, L50, M|\n|poke|p1|Gastrodon, L50, M|\n|poke|p1|Tsareena, L50, F|\n|poke|p2|Talonflame, L50, M|\n|poke|p2|Great Tusk, L50|\n|poke|p2|Iron Bundle, L50|\n|poke|p2|Flutter Mane, L50|\n|poke|p2|Chi-Yu, L50|\n|poke|p2|Amoonguss, L50, F|\n|teampreview|4\n|inactive|Battle timer is ON: inactive players will automatically lose when time's up. (requested by VeeGey)\n|inactive|TEO262002 has 60 seconds left.\n|\n|t:|1682978247\n|start\n|switch|p1a: Pelipper|Pelipper, L50, M|100\/100\n|switch|p1b: Golduck|Golduck, L50, F|100\/100\n|switch|p2a: Talonflame|Talonflame, L50, M, shiny|100\/100\n|switch|p2b: Iron Bundle|Iron Bundle, L50, shiny|100\/100\n|-weather|RainDance|[from] ability: Drizzle|[of] p1a: Pelipper\n|-enditem|p2b: Iron Bundle|Booster Energy\n|-activate|p2b: Iron Bundle|ability: Quark Drive|[fromitem]\n|-start|p2b: Iron Bundle|quarkdrivespe\n|turn|1\n|\n|t:|1682978263\n|-terastallize|p1b: Golduck|Ice\n|move|p2b: Iron Bundle|Freeze-Dry|p1b: Golduck\n|-resisted|p1b: Golduck\n|-damage|p1b: Golduck|77\/100\n|move|p1b: Golduck|Power Gem|p2a: Talonflame\n|-supereffective|p2a: Talonflame\n|-damage|p2a: Talonflame|0 fnt\n|faint|p2a: Talonflame\n|-damage|p1b: Golduck|68\/100|[from] item: Life Orb\n|move|p1a: Pelipper|Tailwind|p1a: Pelipper\n|-sidestart|p1: VeeGey|move: Tailwind\n|\n|-weather|RainDance|[upkeep]\n|upkeep\n|\n|t:|1682978277\n|switch|p2a: Amoonguss|Amoonguss, L50, F|100\/100\n|turn|2\n|\n|t:|1682978286\n|move|p2a: Amoonguss|Rage Powder|p2a: Amoonguss\n|-singleturn|p2a: Amoonguss|move: Rage Powder\n|move|p1b: Golduck|Ice Beam|p2a: Amoonguss\n|-supereffective|p2a: Amoonguss\n|-damage|p2a: Amoonguss|12\/100\n|-enditem|p2a: Amoonguss|Sitrus Berry|[eat]\n|-heal|p2a: Amoonguss|37\/100|[from] item: Sitrus Berry\n|-damage|p1b: Golduck|58\/100|[from] item: Life Orb\n|move|p2b: Iron Bundle|Freeze-Dry|p1a: Pelipper\n|-supereffective|p1a: Pelipper\n|-damage|p1a: Pelipper|0 fnt\n|faint|p1a: Pelipper\n|\n|-weather|RainDance|[upkeep]\n|upkeep\n|\n|t:|1682978292\n|switch|p1a: Barraskewda|Barraskewda, L50, M|100\/100\n|turn|3\n|\n|t:|1682978313\n|move|p2a: Amoonguss|Rage Powder|p2a: Amoonguss\n|-singleturn|p2a: Amoonguss|move: Rage Powder\n|move|p1b: Golduck|Ice Beam|p2a: Amoonguss\n|-supereffective|p2a: Amoonguss\n|-damage|p2a: Amoonguss|0 fnt\n|faint|p2a: Amoonguss\n|-damage|p1b: Golduck|48\/100|[from] item: Life Orb\n|move|p1a: Barraskewda|Close Combat|p2b: Iron Bundle\n|-supereffective|p2b: Iron Bundle\n|-damage|p2b: Iron Bundle|0 fnt\n|-unboost|p1a: Barraskewda|def|1\n|-unboost|p1a: Barraskewda|spd|1\n|faint|p2b: Iron Bundle\n|-end|p2b: Iron Bundle|Quark Drive|[silent]\n|\n|-weather|RainDance|[upkeep]\n|upkeep\n|\n|t:|1682978323\n|switch|p2b: Flutter Mane|Flutter Mane, L50, shiny|100\/100\n|turn|4\n|\n|t:|1682978329\n|switch|p1a: Tsareena|Tsareena, L50, F|100\/100\n|-terastallize|p2b: Flutter Mane|Fairy\n|move|p1b: Golduck|Surf|p2b: Flutter Mane|[spread] p1a,p2b\n|-resisted|p1a: Tsareena\n|-damage|p1a: Tsareena|79\/100\n|-damage|p2b: Flutter Mane|50\/100\n|-damage|p1b: Golduck|39\/100|[from] item: Life Orb\n|move|p2b: Flutter Mane|Dazzling Gleam|p1a: Tsareena|[spread] p1a,p1b\n|-damage|p1a: Tsareena|38\/100\n|-damage|p1b: Golduck|0 fnt\n|faint|p1b: Golduck\n|\n|-weather|RainDance|[upkeep]\n|-sideend|p1: VeeGey|move: Tailwind\n|upkeep\n|\n|t:|1682978336\n|switch|p1b: Barraskewda|Barraskewda, L50, M|100\/100\n|turn|5\n|\n|t:|1682978346\n|move|p1b: Barraskewda|Poison Jab|p2b: Flutter Mane\n|-supereffective|p2b: Flutter Mane\n|-damage|p2b: Flutter Mane|0 fnt\n|faint|p2b: Flutter Mane\n|-end|p2b: Flutter Mane|Protosynthesis|[silent]\n|\n|win|VeeGey\n|raw|VeeGey's rating: 1126 → 1146<\/strong> (+20 for winning)\n|raw|TEO262002's rating: 1058 → 1043<\/strong> (-15 for losing)\n|l|\u2606TEO262002\n","uploadtime":1682978393,"views":13,"p1id":"veegey","p2id":"teo262002","formatid":"gen9vgc2023regulationc","rating":1043,"private":0,"password":""}