{"id":"gen9vgc2023regulationc-1845891948","p1":"Taca y Taca","p2":"PBR ESC4N0R","format":"[Gen 9] VGC 2023 Regulation C","log":"|j|\u2606Taca y Taca\n|j|\u2606PBR ESC4N0R\n|t:|1681776079\n|gametype|doubles\n|player|p1|Taca y Taca|lucas-gen4pt|\n|player|p2|PBR ESC4N0R|firebreather|\n|teamsize|p1|6\n|teamsize|p2|6\n|gen|9\n|tier|[Gen 9] VGC 2023 Regulation C\n|rule|Species Clause: Limit one of each Pok\u00e9mon\n|rule|Item Clause: Limit one of each item\n|clearpoke\n|poke|p1|Palafin, L50, M|\n|poke|p1|Chien-Pao, L50|\n|poke|p1|Dragapult, L50, M|\n|poke|p1|Amoonguss, L50, F|\n|poke|p1|Arcanine, L50, F|\n|poke|p1|Flutter Mane, L50|\n|poke|p2|Arcanine, L50, M|\n|poke|p2|Flutter Mane, L50|\n|poke|p2|Chien-Pao, L50|\n|poke|p2|Amoonguss, L50, F|\n|poke|p2|Palafin, L50, M|\n|poke|p2|Baxcalibur, L50, M|\n|teampreview|4\nPBR ESC4N0R has agreed to open team sheets.\n|c|\u2606PBR ESC4N0R|g1\nTaca y Taca has agreed to open team sheets.\n|\n|t:|1681776241\n|start\n|switch|p1a: Dnite|Dragapult, L50, M|100\/100\n|switch|p1b: Bundle|Chien-Pao, L50|100\/100\n|switch|p2a: Flutter Mane|Flutter Mane, L50, shiny|100\/100\n|switch|p2b: Palafin|Palafin, L50, M, shiny|100\/100\n|-ability|p1b: Bundle|Sword of Ruin\n|-enditem|p2a: Flutter Mane|Booster Energy\n|-activate|p2a: Flutter Mane|ability: Protosynthesis|[fromitem]\n|-start|p2a: Flutter Mane|protosynthesisspa\n|turn|1\n|\n|t:|1681776272\n|detailschange|p2b: Palafin|Palafin-Hero, L50, M, shiny\n|switch|p2b: Arcanine|Arcanine, L50, M, shiny|100\/100\n|-ability|p2b: Arcanine|Intimidate|boost\n|-fail|p1a: Dnite|unboost|[from] ability: Clear Body|[of] p1a: Dnite\n|-unboost|p1b: Bundle|atk|1\n|-terastallize|p1a: Dnite|Steel\n|move|p1b: Bundle|Protect|p1b: Bundle\n|-singleturn|p1b: Bundle|Protect\n|move|p2a: Flutter Mane|Protect|p2a: Flutter Mane\n|-singleturn|p2a: Flutter Mane|Protect\n|move|p1a: Dnite|Dragon Darts|p2b: Arcanine\n|-damage|p2b: Arcanine|51\/100\n|-anim|p1a: Dnite|Dragon Darts|p2b: Arcanine\n|-damage|p2b: Arcanine|0 fnt\n|faint|p2b: Arcanine\n|\n|upkeep\n|\n|t:|1681776307\n|switch|p2b: Baxcalibur|Baxcalibur, L50, M|100\/100\n|turn|2\n|\n|t:|1681776350\n|switch|p1b: ChiYu|Arcanine, L50, F|100\/100\n|-ability|p1b: ChiYu|Intimidate|boost\n|-unboost|p2a: Flutter Mane|atk|1\n|-fail|p2b: Baxcalibur|unboost|[from] item: Clear Amulet|[of] p2b: Baxcalibur\n|-terastallize|p2b: Baxcalibur|Poison\n|move|p1a: Dnite|Dragon Darts|p2b: Baxcalibur\n|-damage|p2b: Baxcalibur|66\/100\n|-anim|p1a: Dnite|Dragon Darts|p2b: Baxcalibur\n|-damage|p2b: Baxcalibur|30\/100\n|move|p2a: Flutter Mane|Moonblast|p1b: ChiYu\n|-resisted|p1b: ChiYu\n|-damage|p1b: ChiYu|62\/100\n|move|p2b: Baxcalibur|Glaive Rush|p1a: Dnite\n|-resisted|p1a: Dnite\n|-damage|p1a: Dnite|55\/100\n|-singlemove|p2b: Baxcalibur|Glaive Rush|[silent]\n|\n|upkeep\n|turn|3\n|\n|t:|1681776411\n|switch|p1a: Mimi|Flutter Mane, L50|100\/100\n|-enditem|p1a: Mimi|Booster Energy\n|-activate|p1a: Mimi|ability: Protosynthesis|[fromitem]\n|-start|p1a: Mimi|protosynthesisspa\n|move|p2b: Baxcalibur|Ice Shard|p1a: Mimi\n|-damage|p1a: Mimi|63\/100\n|move|p2a: Flutter Mane|Shadow Ball|p1a: Mimi\n|-supereffective|p1a: Mimi\n|-damage|p1a: Mimi|0 fnt\n|faint|p1a: Mimi\n|-end|p1a: Mimi|Protosynthesis|[silent]\n|move|p1b: ChiYu|Flare Blitz|p2a: Flutter Mane\n|-damage|p2a: Flutter Mane|15\/100\n|-damage|p1b: ChiYu|43\/100|[from] Recoil\n|\n|upkeep\n|\n|t:|1681776432\n|switch|p1a: Dnite|Dragapult, L50, M, tera:Steel|55\/100\n|turn|4\n|\n|t:|1681776453\n|move|p2b: Baxcalibur|Ice Shard|p1a: Dnite\n|-resisted|p1a: Dnite\n|-damage|p1a: Dnite|37\/100\n|move|p1a: Dnite|U-turn|p2a: Flutter Mane\n|-resisted|p2a: Flutter Mane\n|-damage|p2a: Flutter Mane|0 fnt\n|faint|p2a: Flutter Mane\n|-end|p2a: Flutter Mane|Protosynthesis|[silent]\n|\n|t:|1681776462\n|switch|p1a: Bundle|Chien-Pao, L50|100\/100|[from] U-turn\n|-ability|p1a: Bundle|Sword of Ruin\n|move|p1b: ChiYu|Flare Blitz|p2b: Baxcalibur\n|-damage|p2b: Baxcalibur|0 fnt\n|faint|p2b: Baxcalibur\n|-damage|p1b: ChiYu|33\/100|[from] Recoil\n|\n|upkeep\n|\n|t:|1681776471\n|switch|p2b: Palafin|Palafin-Hero, L50, M, shiny|100\/100\n|-activate|p2b: Palafin|ability: Zero to Hero\n|turn|5\n|\n|t:|1681776490\n|move|p1b: ChiYu|Extreme Speed|p2b: Palafin\n|-crit|p2b: Palafin\n|-damage|p2b: Palafin|59\/100\n|move|p1a: Bundle|Sucker Punch|p2b: Palafin\n|-damage|p2b: Palafin|20\/100\n|move|p2b: Palafin|Jet Punch|p1a: Bundle\n|-damage|p1a: Bundle|29\/100\n|\n|upkeep\n|turn|6\n|\n|t:|1681776502\n|move|p1b: ChiYu|Extreme Speed|p2b: Palafin\n|-damage|p2b: Palafin|0 fnt\n|faint|p2b: Palafin\n|\n|win|Taca y Taca\n","uploadtime":1681776517,"views":9,"p1id":"tacaytaca","p2id":"pbresc4n0r","formatid":"gen9vgc2023regulationc","rating":0,"private":0,"password":""}