{"id":"gen9vgc2023regulationc-1860847761","p1":"They34","p2":"LazyR0bot","format":"[Gen 9] VGC 2023 Regulation C","log":"|j|\u2606They34\n|j|\u2606LazyR0bot\n|t:|1683685292\n|gametype|doubles\n|player|p1|They34|ruinmaniac|1322\n|player|p2|LazyR0bot|265|1228\n|teamsize|p1|6\n|teamsize|p2|6\n|gen|9\n|tier|[Gen 9] VGC 2023 Regulation C\n|rated|\n|rule|Species Clause: Limit one of each Pok\u00e9mon\n|rule|Item Clause: Limit one of each item\n|clearpoke\n|poke|p1|Ceruledge, L50, F|\n|poke|p1|Dragonite, L50, F|\n|poke|p1|Bronzong, L50|\n|poke|p1|Flutter Mane, L50|\n|poke|p1|Amoonguss, L50, M|\n|poke|p1|Ting-Lu, L50|\n|poke|p2|Torkoal, L50, F|\n|poke|p2|Great Tusk, L50|\n|poke|p2|Flutter Mane, L50|\n|poke|p2|Roaring Moon, L50|\n|poke|p2|Maushold, L50|\n|poke|p2|Corviknight, L50, M|\n|teampreview|4\nThey34 has agreed to open team sheets.\n|inactive|Battle timer is ON: inactive players will automatically lose when time's up. (requested by They34)\nLazyR0bot has agreed to open team sheets.\n|inactive|They34 has 60 seconds left.\n|inactive|LazyR0bot has 60 seconds left.\n|inactive|LazyR0bot has 30 seconds left.\n|inactive|LazyR0bot has 20 seconds left.\n|inactive|LazyR0bot has 15 seconds left.\n|inactive|LazyR0bot has 10 seconds left.\n|\n|t:|1683685377\n|start\n|switch|p1a: Dragonite|Dragonite, L50, F|100\/100\n|switch|p1b: Flutter Mane|Flutter Mane, L50|100\/100\n|switch|p2a: Great Tusk|Great Tusk, L50|100\/100\n|switch|p2b: Torkoal|Torkoal, L50, F|100\/100\n|-weather|SunnyDay|[from] ability: Drought|[of] p2b: Torkoal\n|-activate|p1b: Flutter Mane|ability: Protosynthesis\n|-start|p1b: Flutter Mane|protosynthesisspe\n|-activate|p2a: Great Tusk|ability: Protosynthesis\n|-start|p2a: Great Tusk|protosynthesisatk\n|turn|1\n|inactive|They34 has 30 seconds left.\n|\n|t:|1683685403\n|-terastallize|p1a: Dragonite|Flying\n|move|p1b: Flutter Mane|Protect|p1b: Flutter Mane\n|-singleturn|p1b: Flutter Mane|Protect\n|move|p2a: Great Tusk|Headlong Rush|p1b: Flutter Mane\n|-activate|p1b: Flutter Mane|move: Protect\n|move|p1a: Dragonite|Tera Blast|p2a: Great Tusk\n|-supereffective|p2a: Great Tusk\n|-damage|p2a: Great Tusk|0 fnt\n|faint|p2a: Great Tusk\n|-end|p2a: Great Tusk|Protosynthesis|[silent]\n|move|p2b: Torkoal|Yawn|p1a: Dragonite\n|-start|p1a: Dragonite|move: Yawn|[of] p2b: Torkoal\n|\n|-weather|SunnyDay|[upkeep]\n|upkeep\n|\n|t:|1683685409\n|switch|p2a: Corviknight|Corviknight, L50, M|100\/100\n|turn|2\n|\n|t:|1683685426\n|move|p1b: Flutter Mane|Thunderbolt|p2a: Corviknight\n|-supereffective|p2a: Corviknight\n|-damage|p2a: Corviknight|34\/100\n|-damage|p1b: Flutter Mane|91\/100|[from] item: Life Orb\n|move|p1a: Dragonite|Tera Blast|p2b: Torkoal\n|-damage|p2b: Torkoal|63\/100\n|move|p2a: Corviknight|Tailwind|p2a: Corviknight\n|-sidestart|p2: LazyR0bot|move: Tailwind\n|move|p2b: Torkoal|Yawn|p1b: Flutter Mane\n|-start|p1b: Flutter Mane|move: Yawn|[of] p2b: Torkoal\n|\n|-weather|SunnyDay|[upkeep]\n|-heal|p2a: Corviknight|40\/100|[from] item: Leftovers\n|-end|p1a: Dragonite|move: Yawn|[silent]\n|-status|p1a: Dragonite|slp\n|-enditem|p1a: Dragonite|Lum Berry|[eat]\n|-curestatus|p1a: Dragonite|slp|[msg]\n|upkeep\n|turn|3\n|inactive|They34 has 30 seconds left.\n|\n|t:|1683685456\n|-end|p1b: Flutter Mane|Protosynthesis|[silent]\n|switch|p1b: Ceruledge|Ceruledge, L50, F|100\/100\n|switch|p2b: Roaring Moon|Roaring Moon, L50|100\/100\n|-activate|p2b: Roaring Moon|ability: Protosynthesis\n|-start|p2b: Roaring Moon|protosynthesisatk\n|move|p2a: Corviknight|Brave Bird|p1b: Ceruledge\n|-damage|p1b: Ceruledge|55\/100\n|-damage|p2a: Corviknight|27\/100|[from] Recoil\n|move|p1a: Dragonite|Tera Blast|p2a: Corviknight\n|-resisted|p2a: Corviknight\n|-damage|p2a: Corviknight|4\/100\n|\n|-weather|SunnyDay|[upkeep]\n|-heal|p2a: Corviknight|10\/100|[from] item: Leftovers\n|upkeep\n|turn|4\n|inactive|They34 has 30 seconds left.\n|\n|t:|1683685484\n|move|p1a: Dragonite|Extreme Speed|p2a: Corviknight\n|-resisted|p2a: Corviknight\n|-damage|p2a: Corviknight|0 fnt\n|faint|p2a: Corviknight\n|move|p1b: Ceruledge|Shadow Sneak|p2b: Roaring Moon\n|-resisted|p2b: Roaring Moon\n|-damage|p2b: Roaring Moon|87\/100\n|move|p2b: Roaring Moon|Breaking Swipe|p1b: Ceruledge|[spread] p1a,p1b\n|-damage|p1a: Dragonite|86\/100\n|-damage|p1b: Ceruledge|16\/100\n|-unboost|p1a: Dragonite|atk|1\n|\n|-weather|SunnyDay|[upkeep]\n|upkeep\n|\n|t:|1683685495\n|switch|p2a: Torkoal|Torkoal, L50, F|63\/100\n|turn|5\n|\n|t:|1683685509\n|move|p1b: Ceruledge|Shadow Sneak|p2a: Torkoal\n|-damage|p2a: Torkoal|49\/100\n|-enditem|p2a: Torkoal|Sitrus Berry|[eat]\n|-heal|p2a: Torkoal|74\/100|[from] item: Sitrus Berry\n|move|p2b: Roaring Moon|Breaking Swipe|p1a: Dragonite|[spread] p1a,p1b\n|-damage|p1a: Dragonite|56\/100\n|-damage|p1b: Ceruledge|0 fnt\n|-unboost|p1a: Dragonite|atk|1\n|faint|p1b: Ceruledge\n|move|p1a: Dragonite|Tera Blast|p2a: Torkoal\n|-damage|p2a: Torkoal|33\/100\n|move|p2a: Torkoal|Yawn|p1a: Dragonite\n|-start|p1a: Dragonite|move: Yawn|[of] p2a: Torkoal\n|\n|-weather|none\n|-end|p2b: Roaring Moon|Protosynthesis\n|-sideend|p2: LazyR0bot|move: Tailwind\n|upkeep\n|\n|t:|1683685525\n|switch|p1b: Amoonguss|Amoonguss, L50, M|100\/100\n|turn|6\n|inactive|LazyR0bot has 30 seconds left.\n|\n|t:|1683685555\n|-terastallize|p2b: Roaring Moon|Fire\n|move|p1a: Dragonite|Extreme Speed|p2b: Roaring Moon\n|-crit|p2b: Roaring Moon\n|-damage|p2b: Roaring Moon|30\/100\n|move|p2b: Roaring Moon|Tera Blast|p1b: Amoonguss\n|-supereffective|p1b: Amoonguss\n|-damage|p1b: Amoonguss|24\/100\n|-enditem|p1b: Amoonguss|Sitrus Berry|[eat]\n|-heal|p1b: Amoonguss|49\/100|[from] item: Sitrus Berry\n|move|p2a: Torkoal|Overheat|p1a: Dragonite\n|-damage|p1a: Dragonite|21\/100\n|-unboost|p2a: Torkoal|spa|2\n|move|p1b: Amoonguss|Spore|p2a: Torkoal\n|-status|p2a: Torkoal|slp|[from] move: Spore\n|\n|-end|p1a: Dragonite|move: Yawn|[silent]\n|-status|p1a: Dragonite|slp\n|upkeep\n|turn|7\n|\n|t:|1683685579\n|move|p2b: Roaring Moon|Protect|p2b: Roaring Moon\n|-singleturn|p2b: Roaring Moon|Protect\n|cant|p1a: Dragonite|slp\n|cant|p2a: Torkoal|slp\n|move|p1b: Amoonguss|Spore|p2b: Roaring Moon\n|-activate|p2b: Roaring Moon|move: Protect\n|\n|upkeep\n|turn|8\n|\n|t:|1683685593\n|cant|p1a: Dragonite|slp\n|move|p2b: Roaring Moon|Tera Blast|p1b: Amoonguss\n|-supereffective|p1b: Amoonguss\n|-damage|p1b: Amoonguss|0 fnt\n|faint|p1b: Amoonguss\n|cant|p2a: Torkoal|slp\n|\n|upkeep\n|\n|t:|1683685599\n|switch|p1b: Flutter Mane|Flutter Mane, L50|91\/100\n|turn|9\n|\n|t:|1683685611\n|move|p2b: Roaring Moon|Protect|p2b: Roaring Moon\n|-singleturn|p2b: Roaring Moon|Protect\n|-curestatus|p1a: Dragonite|slp|[msg]\n|move|p1a: Dragonite|Extreme Speed|p2b: Roaring Moon\n|-activate|p2b: Roaring Moon|move: Protect\n|move|p1b: Flutter Mane|Shadow Ball|p2b: Roaring Moon\n|-activate|p2b: Roaring Moon|move: Protect\n|-curestatus|p2a: Torkoal|slp|[msg]\n|move|p2a: Torkoal|Overheat|p1a: Dragonite\n|-damage|p1a: Dragonite|2\/100\n|-unboost|p2a: Torkoal|spa|2\n|\n|upkeep\n|turn|10\n|\n|t:|1683685634\n|move|p2b: Roaring Moon|Protect|p2b: Roaring Moon\n|-singleturn|p2b: Roaring Moon|Protect\n|move|p1a: Dragonite|Extreme Speed|p2b: Roaring Moon\n|-activate|p2b: Roaring Moon|move: Protect\n|move|p1b: Flutter Mane|Dazzling Gleam|p2a: Torkoal|[spread] p2a\n|-activate|p2b: Roaring Moon|move: Protect\n|-resisted|p2a: Torkoal\n|-damage|p2a: Torkoal|13\/100\n|-damage|p1b: Flutter Mane|81\/100|[from] item: Life Orb\n|move|p2a: Torkoal|Overheat|p1a: Dragonite\n|-damage|p1a: Dragonite|0 fnt\n|-unboost|p2a: Torkoal|spa|2\n|faint|p1a: Dragonite\n|\n|upkeep\n|turn|11\n|inactive|LazyR0bot has 30 seconds left.\n|\n|t:|1683685660\n|move|p2b: Roaring Moon|Protect||[still]\n|-fail|p2b: Roaring Moon\n|move|p1b: Flutter Mane|Shadow Ball|p2b: Roaring Moon\n|-damage|p2b: Roaring Moon|0 fnt\n|faint|p2b: Roaring Moon\n|-end|p2b: Roaring Moon|Protosynthesis|[silent]\n|-damage|p1b: Flutter Mane|71\/100|[from] item: Life Orb\n|move|p2a: Torkoal|Yawn|p1b: Flutter Mane\n|-start|p1b: Flutter Mane|move: Yawn|[of] p2a: Torkoal\n|\n|upkeep\n|turn|12\n|\n|t:|1683685670\n|move|p2a: Torkoal|Protect|p2a: Torkoal\n|-singleturn|p2a: Torkoal|Protect\n|move|p1b: Flutter Mane|Shadow Ball|p2a: Torkoal\n|-activate|p2a: Torkoal|move: Protect\n|\n|-end|p1b: Flutter Mane|move: Yawn|[silent]\n|-status|p1b: Flutter Mane|slp\n|upkeep\n|turn|13\n|\n|t:|1683685679\n|cant|p1b: Flutter Mane|slp\n|move|p2a: Torkoal|Overheat|p1b: Flutter Mane\n|-damage|p1b: Flutter Mane|62\/100 slp\n|\n|upkeep\n|turn|14\n|\n|t:|1683685684\n|-curestatus|p1b: Flutter Mane|slp|[msg]\n|move|p1b: Flutter Mane|Shadow Ball|p2a: Torkoal\n|-damage|p2a: Torkoal|0 fnt\n|faint|p2a: Torkoal\n|-damage|p1b: Flutter Mane|52\/100|[from] item: Life Orb\n|\n|win|They34\n|raw|They34's rating: 1322 → 1337<\/strong> (+15 for winning)\n|raw|LazyR0bot's rating: 1228 → 1210<\/strong> (-18 for losing)\n|c|\u2606LazyR0bot|gg\n|l|\u2606LazyR0bot\n|c|\u2606They34|Gg\n|l|\u2606They34\n|j|\u2606They34\n|player|p1|They34|ruinmaniac\n","uploadtime":1683686288,"views":15,"p1id":"they34","p2id":"lazyr0bot","formatid":"gen9vgc2023regulationc","rating":1210,"private":0,"password":""}