{"id":"gen9vgc2023regulationc-1861570867","p1":"NickNoName","p2":"123ayo456","format":"[Gen 9] VGC 2023 Regulation C","log":"|j|\u2606NickNoName\n|j|\u2606123ayo456\n|t:|1683774758\n|gametype|doubles\n|player|p1|NickNoName|265|1150\n|player|p2|123ayo456|hilbert|1192\n|teamsize|p1|6\n|teamsize|p2|6\n|gen|9\n|tier|[Gen 9] VGC 2023 Regulation C\n|rated|\n|rule|Species Clause: Limit one of each Pok\u00e9mon\n|rule|Item Clause: Limit one of each item\n|clearpoke\n|poke|p1|Iron Bundle, L50|\n|poke|p1|Pincurchin, L50, M|\n|poke|p1|Abomasnow, L50, F|\n|poke|p1|Sandy Shocks, L50|\n|poke|p1|Flutter Mane, L50|\n|poke|p1|Chi-Yu, L50|\n|poke|p2|Gholdengo, L50|\n|poke|p2|Hydreigon, L50, M|\n|poke|p2|Sylveon, L50, F|\n|poke|p2|Ceruledge, L50, M|\n|poke|p2|Breloom, L50, F|\n|poke|p2|Amoonguss, L50, M|\n|teampreview|4\n|inactive|Battle timer is ON: inactive players will automatically lose when time's up. (requested by 123ayo456)\n|inactive|123ayo456 has 60 seconds left.\n|\n|t:|1683774799\n|start\n|switch|p1a: Pincurchin|Pincurchin, L50, M|100\/100\n|switch|p1b: Sandy Shocks|Sandy Shocks, L50|100\/100\n|switch|p2a: Ceruledge|Ceruledge, L50, M|100\/100\n|switch|p2b: Sylveon|Sylveon, L50, F|100\/100\n|-fieldstart|move: Electric Terrain|[from] ability: Electric Surge|[of] p1a: Pincurchin\n|turn|1\n|inactive|123ayo456 has 30 seconds left.\n|\n|t:|1683774833\n|-terastallize|p2a: Ceruledge|Grass\n|move|p1b: Sandy Shocks|Thunderbolt|p2a: Ceruledge\n|-resisted|p2a: Ceruledge\n|-damage|p2a: Ceruledge|60\/100\n|move|p2a: Ceruledge|Tera Blast|p1b: Sandy Shocks\n|-supereffective|p1b: Sandy Shocks\n|-damage|p1b: Sandy Shocks|0 fnt\n|faint|p1b: Sandy Shocks\n|-end|p1b: Sandy Shocks|Protosynthesis|[silent]\n|move|p2b: Sylveon|Hyper Voice|p1a: Pincurchin\n|-damage|p1a: Pincurchin|40\/100\n|-enditem|p2b: Sylveon|Throat Spray\n|-boost|p2b: Sylveon|spa|1|[from] item: Throat Spray\n|move|p1a: Pincurchin|Thunder Wave|p2a: Ceruledge\n|-status|p2a: Ceruledge|par\n|\n|upkeep\n|\n|t:|1683774848\n|switch|p1b: Iron Bundle|Iron Bundle, L50|100\/100\n|-activate|p1b: Iron Bundle|ability: Quark Drive\n|-start|p1b: Iron Bundle|quarkdrivespe\n|turn|2\n|\n|t:|1683774869\n|switch|p1a: Abomasnow|Abomasnow, L50, F|100\/100\n|-weather|Snow|[from] ability: Snow Warning|[of] p1a: Abomasnow\n|-terastallize|p1b: Iron Bundle|Ice\n|move|p2a: Ceruledge|Protect|p2a: Ceruledge\n|-singleturn|p2a: Ceruledge|Protect\n|move|p1b: Iron Bundle|Blizzard|p2a: Ceruledge|[spread] p2b\n|-activate|p2a: Ceruledge|move: Protect\n|-damage|p2b: Sylveon|32\/100\n|-status|p2b: Sylveon|frz\n|cant|p2b: Sylveon|frz\n|\n|-weather|Snow|[upkeep]\n|upkeep\n|turn|3\n|inactive|123ayo456 has 30 seconds left.\n|inactive|123ayo456 has 20 seconds left.\n|inactive|123ayo456 has 15 seconds left.\n|inactive|123ayo456 has 10 seconds left.\n|inactive|123ayo456 has 5 seconds left.\n|\n|t:|1683774920\n|move|p1b: Iron Bundle|Blizzard|p2a: Ceruledge|[spread] p2a,p2b\n|-supereffective|p2a: Ceruledge\n|-damage|p2a: Ceruledge|0 fnt\n|-damage|p2b: Sylveon|0 fnt\n|faint|p2a: Ceruledge\n|faint|p2b: Sylveon\n|move|p1a: Abomasnow|Aurora Veil|p1a: Abomasnow\n|-sidestart|p1: NickNoName|move: Aurora Veil\n|\n|-weather|Snow|[upkeep]\n|upkeep\n|\n|t:|1683774927\n|switch|p2a: Gholdengo|Gholdengo, L50|100\/100\n|switch|p2b: Breloom|Breloom, L50, F|100\/100\n|turn|4\n|\n|t:|1683774941\n|move|p1a: Abomasnow|Helping Hand|p1b: Iron Bundle\n|-singleturn|p1b: Iron Bundle|Helping Hand|[of] p1a: Abomasnow\n|move|p2b: Breloom|Mach Punch|p1b: Iron Bundle\n|-supereffective|p1b: Iron Bundle\n|-crit|p1b: Iron Bundle\n|-damage|p1b: Iron Bundle|31\/100\n|move|p1b: Iron Bundle|Blizzard|p2a: Gholdengo|[spread] p2a,p2b\n|-resisted|p2a: Gholdengo\n|-supereffective|p2b: Breloom\n|-damage|p2a: Gholdengo|31\/100\n|-enditem|p2b: Breloom|Focus Sash\n|-damage|p2b: Breloom|1\/100\n|move|p2a: Gholdengo|Nasty Plot|p2a: Gholdengo\n|-boost|p2a: Gholdengo|spa|2\n|\n|-weather|Snow|[upkeep]\n|-heal|p2a: Gholdengo|37\/100|[from] item: Leftovers\n|upkeep\n|turn|5\n|\n|t:|1683774961\n|-end|p1b: Iron Bundle|Quark Drive|[silent]\n|switch|p1b: Pincurchin|Pincurchin, L50, M|40\/100\n|move|p2a: Gholdengo|Protect|p2a: Gholdengo\n|-singleturn|p2a: Gholdengo|Protect\n|move|p2b: Breloom|Mach Punch|p1b: Pincurchin\n|-damage|p1b: Pincurchin|19\/100\n|move|p1a: Abomasnow|Blizzard|p2b: Breloom|[spread] p2b\n|-activate|p2a: Gholdengo|move: Protect\n|-supereffective|p2b: Breloom\n|-damage|p2b: Breloom|0 fnt\n|faint|p2b: Breloom\n|\n|-weather|Snow|[upkeep]\n|-heal|p2a: Gholdengo|43\/100|[from] item: Leftovers\n|-fieldend|move: Electric Terrain\n|upkeep\n|turn|6\n|c|\u2606123ayo456|\"Unfortunate\" doesn't begin to describe my series, this game rewards blind luck and nothing else, I am beyond convinced at this point. After getting completely tooled by scheduling with my opponent changing times on me last minute and refusing to provide confirmation prior to the day of the match as to play times, losing this way somehow felt even worse than I had thought possible. My preparation was superior, my play was superior, and I lost, so I don't see a reason to continue engaging in an activity where what is within my control is overwhelmingly outweighed by what is not. I am done with competitive Pokemon, and you won't get a fond farewell.\n|inactive|NickNoName has 30 seconds left.\n|inactive|123ayo456 has 30 seconds left.\n|inactive|123ayo456 has 20 seconds left.\n|\n|t:|1683774997\n|move|p1a: Abomasnow|Helping Hand|p1b: Pincurchin\n|-singleturn|p1b: Pincurchin|Helping Hand|[of] p1a: Abomasnow\n|move|p1b: Pincurchin|Sucker Punch|p2a: Gholdengo\n|-supereffective|p2a: Gholdengo\n|-damage|p2a: Gholdengo|0 fnt\n|faint|p2a: Gholdengo\n|\n|win|NickNoName\n|raw|NickNoName's rating: 1150 → 1178<\/strong> (+28 for winning)\n|raw|123ayo456's rating: 1192 → 1164<\/strong> (-28 for losing)\n|l|\u2606123ayo456\n","uploadtime":1683775037,"views":17,"p1id":"nicknoname","p2id":"123ayo456","formatid":"gen9vgc2023regulationc","rating":1164,"private":0,"password":""}