{"id":"gen9vgc2023regulationc-1848043514","p1":"Nano95","p2":"MothmansBiggestFan","format":"[Gen 9] VGC 2023 Regulation C","log":"|j|\u2606Nano95\n|j|\u2606MothmansBiggestFan\n|t:|1682023570\n|gametype|doubles\n|player|p1|Nano95|2|1236\n|player|p2|MothmansBiggestFan|medium|1286\n|teamsize|p1|6\n|teamsize|p2|6\n|gen|9\n|tier|[Gen 9] VGC 2023 Regulation C\n|rated|\n|rule|Species Clause: Limit one of each Pok\u00e9mon\n|rule|Item Clause: Limit one of each item\n|clearpoke\n|poke|p1|Bronzong, L50|\n|poke|p1|Ting-Lu, L50|\n|poke|p1|Arcanine, L50, F|\n|poke|p1|Amoonguss, L50, F|\n|poke|p1|Palafin, L50, M|\n|poke|p1|Flutter Mane, L50|\n|poke|p2|Goodra, L50, M|\n|poke|p2|Grimmsnarl, L50, M|\n|poke|p2|Corviknight, L50, F|\n|poke|p2|Pelipper, L50, M|\n|poke|p2|Wo-Chien, L50|\n|poke|p2|Sandy Shocks, L50|\n|teampreview|4\n|inactive|Battle timer is ON: inactive players will automatically lose when time's up. (requested by Nano95)\n|\n|t:|1682023602\n|start\n|switch|p1a: Bronzong|Bronzong, L50|100\/100\n|switch|p1b: Palafin|Palafin, L50, M|100\/100\n|switch|p2a: xXTRICKSHOTXx|Goodra, L50, M|100\/100\n|switch|p2b: Harry|Grimmsnarl, L50, M|100\/100\n|turn|1\n|\n|t:|1682023624\n|detailschange|p1b: Palafin|Palafin-Hero, L50, M\n|switch|p1b: Amoonguss|Amoonguss, L50, F|100\/100\n|move|p2b: Harry|Reflect|p2b: Harry\n|-sidestart|p2: MothmansBiggestFan|Reflect\n|move|p2a: xXTRICKSHOTXx|Fire Blast|p1a: Bronzong\n|-supereffective|p1a: Bronzong\n|-damage|p1a: Bronzong|45\/100\n|move|p1a: Bronzong|Trick Room|p1a: Bronzong\n|-fieldstart|move: Trick Room|[of] p1a: Bronzong\n|\n|-heal|p1a: Bronzong|51\/100|[from] item: Leftovers\n|upkeep\n|turn|2\n|inactive|Nano95 has 30 seconds left.\n|\n|t:|1682023653\n|switch|p2b: Friend :)|Corviknight, L50, F|100\/100\n|move|p1b: Amoonguss|Pollen Puff|p1a: Bronzong\n|-heal|p1a: Bronzong|100\/100\n|move|p1a: Bronzong|Gyro Ball|p2b: Friend :)\n|-resisted|p2b: Friend :)\n|-damage|p2b: Friend :)|95\/100\n|move|p2a: xXTRICKSHOTXx|Hydro Pump|p1a: Bronzong|[miss]\n|-miss|p2a: xXTRICKSHOTXx|p1a: Bronzong\n|\n|upkeep\n|turn|3\n|\n|t:|1682023675\n|switch|p2a: The Observer|Wo-Chien, L50|100\/100\n|-ability|p2a: The Observer|Tablets of Ruin\n|move|p1b: Amoonguss|Spore|p2a: The Observer\n|-immune|p2a: The Observer\n|move|p1a: Bronzong|Iron Defense|p1a: Bronzong\n|-boost|p1a: Bronzong|def|2\n|move|p2b: Friend :)|Bulk Up|p2b: Friend :)\n|-boost|p2b: Friend :)|atk|1\n|-boost|p2b: Friend :)|def|1\n|\n|upkeep\n|turn|4\n|\n|t:|1682023687\n|move|p1b: Amoonguss|Spore|p2b: Friend :)\n|-activate|p2b: Friend :)|item: Safety Goggles|Spore\n|move|p1a: Bronzong|Iron Defense|p1a: Bronzong\n|-boost|p1a: Bronzong|def|2\n|move|p2b: Friend :)|Bulk Up|p2b: Friend :)\n|-boost|p2b: Friend :)|atk|1\n|-boost|p2b: Friend :)|def|1\n|move|p2a: The Observer|Leech Seed|p1a: Bronzong\n|-start|p1a: Bronzong|move: Leech Seed\n|\n|-damage|p1a: Bronzong|88\/100|[from] Leech Seed|[of] p2a: The Observer\n|upkeep\n|turn|5\n|\n|t:|1682023702\n|move|p1b: Amoonguss|Pollen Puff|p2a: The Observer\n|-supereffective|p2a: The Observer\n|-damage|p2a: The Observer|61\/100\n|move|p1a: Bronzong|Body Press|p2a: The Observer\n|-supereffective|p2a: The Observer\n|-damage|p2a: The Observer|3\/100\n|move|p2b: Friend :)|Bulk Up|p2b: Friend :)\n|-boost|p2b: Friend :)|atk|1\n|-boost|p2b: Friend :)|def|1\n|move|p2a: The Observer|Ruination|p1a: Bronzong\n|-damage|p1a: Bronzong|45\/100\n|\n|-heal|p1a: Bronzong|50\/100|[from] item: Leftovers\n|-heal|p2a: The Observer|9\/100|[from] item: Leftovers\n|-damage|p1a: Bronzong|38\/100|[from] Leech Seed|[of] p2a: The Observer\n|-heal|p2a: The Observer|20\/100|[silent]\n|-fieldend|move: Trick Room\n|upkeep\n|turn|6\n|\n|t:|1682023721\n|move|p2a: The Observer|Protect|p2a: The Observer\n|-singleturn|p2a: The Observer|Protect\n|move|p2b: Friend :)|Brave Bird|p1b: Amoonguss\n|-supereffective|p1b: Amoonguss\n|-damage|p1b: Amoonguss|0 fnt\n|-damage|p2b: Friend :)|79\/100|[from] item: Rocky Helmet|[of] p1b: Amoonguss\n|faint|p1b: Amoonguss\n|-damage|p2b: Friend :)|43\/100|[from] Recoil\n|move|p1a: Bronzong|Trick Room|p1a: Bronzong\n|-fieldstart|move: Trick Room|[of] p1a: Bronzong\n|\n|-heal|p1a: Bronzong|44\/100|[from] item: Leftovers\n|-heal|p2a: The Observer|26\/100|[from] item: Leftovers\n|-damage|p1a: Bronzong|32\/100|[from] Leech Seed|[of] p2a: The Observer\n|-heal|p2a: The Observer|37\/100|[silent]\n|upkeep\n|\n|t:|1682023730\n|switch|p1b: Ting-Lu|Ting-Lu, L50|100\/100\n|-ability|p1b: Ting-Lu|Vessel of Ruin\n|turn|7\n|inactive|Nano95 has 30 seconds left.\n|inactive|Nano95 has 20 seconds left.\n|\n|t:|1682023769\n|switch|p2a: xXTRICKSHOTXx|Goodra, L50, M|100\/100\n|move|p1a: Bronzong|Body Press|p2a: xXTRICKSHOTXx\n|-damage|p2a: xXTRICKSHOTXx|44\/100\n|move|p1b: Ting-Lu|Heavy Slam|p2b: Friend :)\n|-resisted|p2b: Friend :)\n|-damage|p2b: Friend :)|39\/100\n|move|p2b: Friend :)|Roost|p2b: Friend :)\n|-heal|p2b: Friend :)|89\/100\n|-singleturn|p2b: Friend :)|move: Roost\n|\n|-heal|p1a: Bronzong|38\/100|[from] item: Leftovers\n|-damage|p1a: Bronzong|26\/100|[from] Leech Seed|[of] p2a: xXTRICKSHOTXx\n|-heal|p2a: xXTRICKSHOTXx|55\/100|[silent]\n|upkeep\n|turn|8\n|inactive|MothmansBiggestFan has 30 seconds left.\n|\n|t:|1682023797\n|switch|p2a: Harry|Grimmsnarl, L50, M|100\/100\n|move|p1b: Ting-Lu|Earthquake|p2b: Friend :)|[spread] p2a\n|-immune|p1a: Bronzong|[from] ability: Levitate\n|-immune|p2b: Friend :)\n|-damage|p2a: Harry|68\/100\n|move|p2b: Friend :)|Bulk Up|p2b: Friend :)\n|-boost|p2b: Friend :)|atk|1\n|-boost|p2b: Friend :)|def|1\n|move|p1a: Bronzong|Trick Room|p1a: Bronzong\n|-fieldend|move: Trick Room\n|\n|-heal|p1a: Bronzong|32\/100|[from] item: Leftovers\n|-damage|p1a: Bronzong|19\/100|[from] Leech Seed|[of] p2a: Harry\n|-heal|p2a: Harry|78\/100|[silent]\n|-sideend|p2: MothmansBiggestFan|Reflect\n|upkeep\n|turn|9\n|inactive|Nano95 has 30 seconds left.\n|inactive|Nano95 has 20 seconds left.\n|inactive|Nano95 has 15 seconds left.\n|inactive|Nano95 has 10 seconds left.\n|\n|t:|1682023845\n|move|p2a: Harry|Reflect|p2a: Harry\n|-sidestart|p2: MothmansBiggestFan|Reflect\n|move|p2b: Friend :)|Bulk Up|p2b: Friend :)\n|-boost|p2b: Friend :)|atk|1\n|-boost|p2b: Friend :)|def|1\n|move|p1b: Ting-Lu|Heavy Slam|p2a: Harry\n|-supereffective|p2a: Harry\n|-damage|p2a: Harry|7\/100\n|move|p1a: Bronzong|Gyro Ball|p2a: Harry\n|-supereffective|p2a: Harry\n|-damage|p2a: Harry|0 fnt\n|faint|p2a: Harry\n|\n|-heal|p1a: Bronzong|25\/100|[from] item: Leftovers\n|upkeep\n|\n|t:|1682023858\n|switch|p2a: The Observer|Wo-Chien, L50|37\/100\n|-ability|p2a: The Observer|Tablets of Ruin\n|turn|10\n|\n|t:|1682023871\n|switch|p1a: Palafin|Palafin-Hero, L50, M|100\/100\n|-activate|p1a: Palafin|ability: Zero to Hero\n|-terastallize|p1b: Ting-Lu|Grass\n|move|p2a: The Observer|Protect|p2a: The Observer\n|-singleturn|p2a: The Observer|Protect\n|move|p2b: Friend :)|Brave Bird|p1b: Ting-Lu\n|-supereffective|p1b: Ting-Lu\n|-damage|p1b: Ting-Lu|0 fnt\n|faint|p1b: Ting-Lu\n|-damage|p2b: Friend :)|51\/100|[from] Recoil\n|\n|-heal|p2a: The Observer|43\/100|[from] item: Leftovers\n|upkeep\n|\n|t:|1682023879\n|switch|p1b: Bronzong|Bronzong, L50|25\/100\n|turn|11\n|\n|t:|1682023894\n|move|p1a: Palafin|Haze|p1a: Palafin\n|-clearallboost\n|move|p2a: The Observer|Leech Seed|p1a: Palafin\n|-start|p1a: Palafin|move: Leech Seed\n|move|p2b: Friend :)|Roost|p2b: Friend :)\n|-heal|p2b: Friend :)|100\/100\n|-singleturn|p2b: Friend :)|move: Roost\n|move|p1b: Bronzong|Trick Room|p1b: Bronzong\n|-fieldstart|move: Trick Room|[of] p1b: Bronzong\n|\n|-heal|p1b: Bronzong|31\/100|[from] item: Leftovers\n|-heal|p2a: The Observer|49\/100|[from] item: Leftovers\n|-damage|p1a: Palafin|88\/100|[from] Leech Seed|[of] p2a: The Observer\n|-heal|p2a: The Observer|62\/100|[silent]\n|upkeep\n|turn|12\n|\n|t:|1682023915\n|move|p2a: The Observer|Protect|p2a: The Observer\n|-singleturn|p2a: The Observer|Protect\n|move|p1b: Bronzong|Iron Defense|p1b: Bronzong\n|-boost|p1b: Bronzong|def|2\n|move|p2b: Friend :)|Brave Bird|p1a: Palafin\n|-damage|p1a: Palafin|61\/100\n|-damage|p2b: Friend :)|92\/100|[from] Recoil\n|move|p1a: Palafin|Wave Crash|p2b: Friend :)\n|-damage|p2b: Friend :)|52\/100\n|-damage|p1a: Palafin|47\/100|[from] Recoil\n|\n|-heal|p1b: Bronzong|37\/100|[from] item: Leftovers\n|-heal|p2a: The Observer|69\/100|[from] item: Leftovers\n|-damage|p1a: Palafin|35\/100|[from] Leech Seed|[of] p2a: The Observer\n|-heal|p2a: The Observer|82\/100|[silent]\n|upkeep\n|turn|13\n|\n|t:|1682023943\n|-terastallize|p2b: Friend :)|Dragon\n|move|p1a: Palafin|Jet Punch|p2a: The Observer\n|-resisted|p2a: The Observer\n|-damage|p2a: The Observer|70\/100\n|move|p1b: Bronzong|Body Press|p2a: The Observer\n|-supereffective|p2a: The Observer\n|-damage|p2a: The Observer|29\/100\n|move|p2b: Friend :)|Roost|p2b: Friend :)\n|-heal|p2b: Friend :)|100\/100\n|move|p2a: The Observer|Leech Seed|p1b: Bronzong\n|-start|p1b: Bronzong|move: Leech Seed\n|\n|-heal|p1b: Bronzong|42\/100|[from] item: Leftovers\n|-heal|p2a: The Observer|35\/100|[from] item: Leftovers\n|-damage|p1b: Bronzong|30\/100|[from] Leech Seed|[of] p2a: The Observer\n|-heal|p2a: The Observer|46\/100|[silent]\n|-damage|p1a: Palafin|22\/100|[from] Leech Seed|[of] p2a: The Observer\n|-heal|p2a: The Observer|59\/100|[silent]\n|upkeep\n|turn|14\n|-message|Nano95 forfeited.\n|\n|win|MothmansBiggestFan\n|raw|Nano95's rating: 1236 → 1215<\/strong> (-21 for losing)\n|raw|MothmansBiggestFan's rating: 1286 → 1307<\/strong> (+21 for winning)\n|l|\u2606Nano95\n|c|\u2606MothmansBiggestFan|gg\n","uploadtime":1682023967,"views":12,"p1id":"nano95","p2id":"mothmansbiggestfan","formatid":"gen9vgc2023regulationc","rating":1215,"private":0,"password":""}