{"id":"gen9vgc2023regulationc-1855292778","p1":"Titi Grech","p2":"Sub-basser","format":"[Gen 9] VGC 2023 Regulation C","log":"|j|\u2606Titi Grech\n|j|\u2606Sub-basser\n|t:|1682931441\n|gametype|doubles\n|player|p1|Titi Grech|169|\n|player|p2|Sub-basser|102|\n|teamsize|p1|6\n|teamsize|p2|6\n|gen|9\n|tier|[Gen 9] VGC 2023 Regulation C\n|rated|Tournament battle\n|rule|Species Clause: Limit one of each Pok\u00e9mon\n|rule|Item Clause: Limit one of each item\n|clearpoke\n|poke|p1|Arcanine, L50, F|\n|poke|p1|Rotom-Wash, L50|\n|poke|p1|Scizor, L50, M|\n|poke|p1|Flutter Mane, L50|\n|poke|p1|Chien-Pao, L50|\n|poke|p1|Garchomp, L50, M|\n|poke|p2|Gholdengo, L50|\n|poke|p2|Murkrow, L50, M|\n|poke|p2|Glimmora, L50, F|\n|poke|p2|Pyroar, L50, F|\n|poke|p2|Klawf, L50, F|\n|poke|p2|Garganacl, L50, M|\n|teampreview|4\n|raw| Open Team Sheet for Titi Grech<\/summary>Arcanine @ Safety Goggles Ability: Intimidate Level: 50 Shiny: Yes Tera Type: Flying - Extreme Speed - Flare Blitz - Protect - Will-O-Wisp Rotom (Rotom-Wash) @ Choice Specs Ability: Levitate Level: 50 Tera Type: Fire - Discharge - Hydro Pump - Shadow Ball - Tera Blast Scizor @ Life Orb Ability: Technician Level: 50 Tera Type: Fighting - Bullet Punch - Close Combat - X-Scissor - Protect Flutter Mane @ Booster Energy Ability: Protosynthesis Level: 50 Shiny: Yes Tera Type: Fairy - Dazzling Gleam - Shadow Ball - Energy Ball - Protect Chien-Pao @ Focus Sash Ability: Sword of Ruin Level: 50 Tera Type: Dark - Ice Spinner - Sucker Punch - Haze - Sacred Sword Garchomp @ Choice Scarf Ability: Rough Skin Level: 50 Tera Type: Ground - Earthquake - Dragon Claw - Iron Head - Rock Slide <\/details><\/div> Open Team Sheet for Sub-basser<\/summary>Gholdengo @ Shell Bell Ability: Good as Gold Level: 50 Tera Type: Ground - Make It Rain - Dazzling Gleam - Recover - Nasty Plot Murkrow @ Eviolite Ability: Prankster Level: 50 Tera Type: Dark - Tailwind - Air Cutter - Perish Song - Confuse Ray Glimmora @ Black Sludge Ability: Toxic Debris Level: 50 Tera Type: Poison - Sludge Wave - Ancient Power - Mortal Spin - Spiky Shield Pyroar (F) @ Wise Glasses Ability: Unnerve Level: 50 Shiny: Yes Tera Type: Normal - Hyper Voice - Heat Wave - Snarl - Entrainment Klawf (F) @ Rocky Helmet Ability: Regenerator Level: 50 Hidden Power: Fighting Tera Type: Rock - Block - Rock Slide - Stealth Rock - Protect Garganacl @ Clear Amulet Ability: Purifying Salt Level: 50 Tera Type: Poison - Salt Cure - Recover - Wide Guard - Protect <\/details><\/div>\n|inactive|Battle timer is ON: inactive players will automatically lose when time's up. (requested by Titi Grech)\n|j| muddyswamppert\n|c|\u2606Titi Grech|gl\n|c|\u2606Titi Grech|what a creative team\n|j| Lori Ori\n|c|\u2606Sub-basser|u2\n|j| LoveforVGC\n|inactive|Titi Grech has 60 seconds left.\n|\n|t:|1682931506\n|start\n|switch|p1a: Garchomp|Garchomp, L50, M|100\/100\n|switch|p1b: Rotom|Rotom-Wash, L50|100\/100\n|switch|p2a: Murkrow|Murkrow, L50, M|100\/100\n|switch|p2b: Gholdengo|Gholdengo, L50|100\/100\n|turn|1\n|\n|t:|1682931526\n|move|p2a: Murkrow|Tailwind|p2a: Murkrow\n|-sidestart|p2: Sub-basser|move: Tailwind\n|move|p1a: Garchomp|Earthquake|p2a: Murkrow|[spread] p2b\n|-immune|p1b: Rotom|[from] ability: Levitate\n|-immune|p2a: Murkrow\n|-supereffective|p2b: Gholdengo\n|-damage|p2b: Gholdengo|22\/100\n|move|p2b: Gholdengo|Nasty Plot|p2b: Gholdengo\n|-boost|p2b: Gholdengo|spa|2\n|move|p1b: Rotom|Discharge|p2a: Murkrow|[spread] p2a,p2b\n|-immune|p1a: Garchomp\n|-supereffective|p2a: Murkrow\n|-crit|p2b: Gholdengo\n|-damage|p2a: Murkrow|14\/100\n|-damage|p2b: Gholdengo|0 fnt\n|faint|p2b: Gholdengo\n|\n|upkeep\n|c|\u2606Sub-basser|gg\n|c|\u2606Titi Grech|what\n|c|\u2606Sub-basser|I fucked up\n|inactive|Sub-basser has 30 seconds left.\n|\n|t:|1682931560\n|switch|p2b: Garganacl|Garganacl, L50, M|100\/100\n|turn|2\n|c|\u2606Titi Grech|i think gholdengo one shotted my garchomp there\n|\n|t:|1682931574\n|move|p2b: Garganacl|Wide Guard|p2b: Garganacl\n|-singleturn|p2b: Garganacl|Wide Guard\n|move|p2a: Murkrow|Perish Song|p2a: Murkrow\n|-start|p1a: Garchomp|perish3|[silent]\n|-start|p1b: Rotom|perish3|[silent]\n|-start|p2a: Murkrow|perish3|[silent]\n|-start|p2b: Garganacl|perish3|[silent]\n|-fieldactivate|move: Perish Song\n|move|p1a: Garchomp|Earthquake|p2a: Murkrow|[spread] \n|-activate|p2a: Murkrow|move: Wide Guard\n|-activate|p2b: Garganacl|move: Wide Guard\n|-immune|p1b: Rotom|[from] ability: Levitate\n|move|p1b: Rotom|Discharge|p2a: Murkrow|[spread] \n|-activate|p2a: Murkrow|move: Wide Guard\n|-activate|p2b: Garganacl|move: Wide Guard\n|-immune|p1a: Garchomp\n|\n|-start|p2a: Murkrow|perish3\n|-start|p1a: Garchomp|perish3\n|-start|p2b: Garganacl|perish3\n|-start|p1b: Rotom|perish3\n|upkeep\n|turn|3\n|c|\u2606Titi Grech|oh shi\n|\n|t:|1682931597\n|switch|p1a: Scizor|Scizor, L50, M|100\/100\n|switch|p1b: Flutter Mane|Flutter Mane, L50, shiny|100\/100\n|-enditem|p1b: Flutter Mane|Booster Energy\n|-activate|p1b: Flutter Mane|ability: Protosynthesis|[fromitem]\n|-start|p1b: Flutter Mane|protosynthesisspa\n|move|p2b: Garganacl|Protect|p2b: Garganacl\n|-singleturn|p2b: Garganacl|Protect\n|move|p2a: Murkrow|Confuse Ray|p1a: Scizor\n|-start|p1a: Scizor|confusion\n|\n|-start|p2a: Murkrow|perish2\n|-start|p2b: Garganacl|perish2\n|upkeep\n|turn|4\n|inactive|Titi Grech has 30 seconds left.\n|inactive|Sub-basser has 30 seconds left.\n|l| muddyswamppert\n|inactive|Titi Grech has 20 seconds left.\n|inactive|Sub-basser has 20 seconds left.\n|inactive|Sub-basser has 15 seconds left.\n|\n|t:|1682931638\n|switch|p2b: Glimmora|Glimmora, L50, F|100\/100\n|move|p2a: Murkrow|Perish Song|p2a: Murkrow\n|-start|p1a: Scizor|perish3|[silent]\n|-start|p1b: Flutter Mane|perish3|[silent]\n|-start|p2b: Glimmora|perish3|[silent]\n|-fieldactivate|move: Perish Song\n|move|p1b: Flutter Mane|Shadow Ball|p2a: Murkrow\n|-resisted|p2a: Murkrow\n|-damage|p2a: Murkrow|0 fnt\n|faint|p2a: Murkrow\n|-activate|p1a: Scizor|confusion\n|move|p1a: Scizor|Close Combat|p2b: Glimmora\n|-damage|p2b: Glimmora|31\/100\n|-unboost|p1a: Scizor|def|1\n|-unboost|p1a: Scizor|spd|1\n|-activate|p2b: Glimmora|ability: Toxic Debris\n|-sidestart|p1: Titi Grech|move: Toxic Spikes\n|-damage|p1a: Scizor|91\/100|[from] item: Life Orb\n|\n|-heal|p2b: Glimmora|37\/100|[from] item: Black Sludge\n|-start|p2b: Glimmora|perish3\n|-start|p1b: Flutter Mane|perish3\n|-start|p1a: Scizor|perish3\n|-sideend|p2: Sub-basser|move: Tailwind\n|upkeep\n|\n|t:|1682931649\n|switch|p2a: Garganacl|Garganacl, L50, M|100\/100\n|turn|5\n|inactive|Sub-basser has 30 seconds left.\n|inactive|Sub-basser has 20 seconds left.\n|\n|t:|1682931686\n|move|p2b: Glimmora|Spiky Shield|p2b: Glimmora\n|-singleturn|p2b: Glimmora|move: Protect\n|-activate|p1a: Scizor|confusion\n|-damage|p1a: Scizor|68\/100|[from] confusion\n|move|p1b: Flutter Mane|Shadow Ball|p2a: Garganacl\n|-damage|p2a: Garganacl|81\/100\n|move|p2a: Garganacl|Salt Cure|p1b: Flutter Mane\n|-damage|p1b: Flutter Mane|77\/100\n|-start|p1b: Flutter Mane|Salt Cure\n|\n|-heal|p2b: Glimmora|42\/100|[from] item: Black Sludge\n|-damage|p1b: Flutter Mane|65\/100|[from] Salt Cure\n|-start|p1b: Flutter Mane|perish2\n|-start|p2b: Glimmora|perish2\n|-start|p1a: Scizor|perish2\n|upkeep\n|turn|6\n|inactive|Sub-basser has 30 seconds left.\n|inactive|Sub-basser has 20 seconds left.\n|\n|t:|1682931725\n|move|p2a: Garganacl|Protect|p2a: Garganacl\n|-singleturn|p2a: Garganacl|Protect\n|-end|p1a: Scizor|confusion\n|move|p1a: Scizor|Bullet Punch|p2b: Glimmora\n|-supereffective|p2b: Glimmora\n|-crit|p2b: Glimmora\n|-damage|p2b: Glimmora|0 fnt\n|-activate|p2b: Glimmora|ability: Toxic Debris\n|-sidestart|p1: Titi Grech|move: Toxic Spikes\n|faint|p2b: Glimmora\n|-damage|p1a: Scizor|59\/100|[from] item: Life Orb\n|move|p1b: Flutter Mane|Energy Ball|p2a: Garganacl\n|-activate|p2a: Garganacl|move: Protect\n|\n|-damage|p1b: Flutter Mane|53\/100|[from] Salt Cure\n|-start|p1b: Flutter Mane|perish1\n|-start|p1a: Scizor|perish1\n|upkeep\n|turn|7\n|inactive|Titi Grech has 30 seconds left.\n|\n|t:|1682931757\n|-end|p1b: Flutter Mane|Protosynthesis|[silent]\n|switch|p1b: Garchomp|Garchomp, L50, M|100\/100\n|-status|p1b: Garchomp|tox\n|-terastallize|p2a: Garganacl|Poison\n|move|p1a: Scizor|Close Combat|p2a: Garganacl\n|-resisted|p2a: Garganacl\n|-damage|p2a: Garganacl|61\/100\n|-unboost|p1a: Scizor|def|1\n|-unboost|p1a: Scizor|spd|1\n|-damage|p1a: Scizor|49\/100|[from] item: Life Orb\n|move|p2a: Garganacl|Recover|p2a: Garganacl\n|-heal|p2a: Garganacl|100\/100\n|\n|-damage|p1b: Garchomp|95\/100 tox|[from] psn\n|-start|p1a: Scizor|perish0\n|upkeep\n|faint|p1a: Scizor\n|\n|t:|1682931773\n|switch|p1a: Rotom|Rotom-Wash, L50|100\/100\n|turn|8\n|\n|t:|1682931792\n|move|p2a: Garganacl|Protect|p2a: Garganacl\n|-singleturn|p2a: Garganacl|Protect\n|move|p1b: Garchomp|Dragon Claw|p2a: Garganacl\n|-activate|p2a: Garganacl|move: Protect\n|move|p1a: Rotom|Hydro Pump|p2a: Garganacl\n|-activate|p2a: Garganacl|move: Protect\n|\n|-damage|p1b: Garchomp|83\/100 tox|[from] psn\n|upkeep\n|turn|9\n|l| LoveforVGC\n|inactive|Sub-basser has 30 seconds left.\n|\n|t:|1682931819\n|move|p1b: Garchomp|Dragon Claw|p2a: Garganacl\n|-damage|p2a: Garganacl|70\/100\n|move|p1a: Rotom|Hydro Pump|p2a: Garganacl\n|-damage|p2a: Garganacl|11\/100\n|move|p2a: Garganacl|Salt Cure|p1b: Garchomp\n|-resisted|p1b: Garchomp\n|-damage|p1b: Garchomp|76\/100 tox\n|-start|p1b: Garchomp|Salt Cure\n|\n|-damage|p1b: Garchomp|59\/100 tox|[from] psn\n|-damage|p1b: Garchomp|47\/100 tox|[from] Salt Cure\n|upkeep\n|turn|10\n|\n|t:|1682931835\n|move|p2a: Garganacl|Protect|p2a: Garganacl\n|-singleturn|p2a: Garganacl|Protect\n|move|p1b: Garchomp|Dragon Claw|p2a: Garganacl\n|-activate|p2a: Garganacl|move: Protect\n|move|p1a: Rotom|Hydro Pump|p2a: Garganacl\n|-activate|p2a: Garganacl|move: Protect\n|\n|-damage|p1b: Garchomp|24\/100 tox|[from] psn\n|-damage|p1b: Garchomp|11\/100 tox|[from] Salt Cure\n|upkeep\n|turn|11\n|\n|t:|1682931848\n|move|p1b: Garchomp|Dragon Claw|p2a: Garganacl\n|-damage|p2a: Garganacl|0 fnt\n|faint|p2a: Garganacl\n|\n|win|Titi Grech\n|n|\u2606Titi Grech|titigrech\n|n|\u2606Sub-basser|subbasser\n|n| Lori Ori|loriori\n","uploadtime":1682931849,"views":22,"p1id":"titigrech","p2id":"subbasser","formatid":"gen9vgc2023regulationc","rating":0,"private":0,"password":""}