{"id":"gen9vgc2023regulationc-1859738150","p1":"Can'tStopFalling","p2":"Ozzy530","format":"[Gen 9] VGC 2023 Regulation C","log":"|j|\u2606Can'tStopFalling\n|j|\u2606Ozzy530\n|t:|1683560431\n|gametype|doubles\n|player|p1|Can'tStopFalling|parasollady|1403\n|player|p2|Ozzy530|265|1384\n|teamsize|p1|4\n|teamsize|p2|6\n|gen|9\n|tier|[Gen 9] VGC 2023 Regulation C\n|rated|\n|rule|Species Clause: Limit one of each Pok\u00e9mon\n|rule|Item Clause: Limit one of each item\n|clearpoke\n|poke|p1|Coalossal, L50, F|\n|poke|p1|Masquerain, L50, M|\n|poke|p1|Tatsugiri-Droopy, L50, M|\n|poke|p1|Cacturne, L50, M|\n|poke|p2|Garchomp, L50, M|\n|poke|p2|Murkrow, L50, F|\n|poke|p2|Baxcalibur, L50, F|\n|poke|p2|Maushold-Four, L50|\n|poke|p2|Iron Bundle, L50|\n|poke|p2|Gholdengo, L50|\n|teampreview|4\n|inactive|Battle timer is ON: inactive players will automatically lose when time's up. (requested by Ozzy530)\n|inactive|Ozzy530 has 60 seconds left.\n|inactive|Ozzy530 has 30 seconds left.\n|\n|t:|1683560495\n|start\n|switch|p1a: Masquerain|Masquerain, L50, M|100\/100\n|switch|p1b: Coalossal|Coalossal, L50, F|100\/100\n|switch|p2a: Iron Bundle|Iron Bundle, L50, shiny|100\/100\n|switch|p2b: Gholdengo|Gholdengo, L50|100\/100\n|-ability|p1a: Masquerain|Intimidate|boost\n|-unboost|p2a: Iron Bundle|atk|1\n|-unboost|p2b: Gholdengo|atk|1\n|turn|1\n|inactive|Can'tStopFalling has 30 seconds left.\n|\n|t:|1683560526\n|switch|p1b: Cacturne|Cacturne, L50, M|100\/100\n|-terastallize|p2b: Gholdengo|Steel\n|move|p2a: Iron Bundle|Hydro Pump|p1b: Cacturne\n|-immune|p1b: Cacturne|[from] ability: Water Absorb\n|move|p1a: Masquerain|Struggle Bug|p2b: Gholdengo|[spread] p2a,p2b\n|-resisted|p2b: Gholdengo\n|-damage|p2a: Iron Bundle|66\/100\n|-damage|p2b: Gholdengo|92\/100\n|-unboost|p2a: Iron Bundle|spa|1\n|-unboost|p2b: Gholdengo|spa|1\n|move|p2b: Gholdengo|Make It Rain|p1b: Cacturne|[spread] p1a,p1b\n|-crit|p1b: Cacturne\n|-damage|p1a: Masquerain|18\/100\n|-damage|p1b: Cacturne|0 fnt\n|-unboost|p2b: Gholdengo|spa|1\n|faint|p1b: Cacturne\n|-damage|p2b: Gholdengo|82\/100|[from] item: Life Orb\n|\n|upkeep\n|\n|t:|1683560548\n|switch|p1b: Coalossal|Coalossal, L50, F|100\/100\n|turn|2\n|\n|t:|1683560564\n|-terastallize|p1b: Coalossal|Rock\n|move|p1a: Masquerain|Aqua Jet|p1b: Coalossal\n|-supereffective|p1b: Coalossal\n|-damage|p1b: Coalossal|90\/100\n|-ability|p1b: Coalossal|Steam Engine|boost\n|-boost|p1b: Coalossal|spe|6\n|-enditem|p1b: Coalossal|Weakness Policy\n|-boost|p1b: Coalossal|atk|2|[from] item: Weakness Policy\n|-boost|p1b: Coalossal|spa|2|[from] item: Weakness Policy\n|move|p1b: Coalossal|Rock Slide|p2b: Gholdengo|[spread] p2a,p2b\n|-supereffective|p2a: Iron Bundle\n|-resisted|p2b: Gholdengo\n|-crit|p2b: Gholdengo\n|-damage|p2a: Iron Bundle|0 fnt\n|-damage|p2b: Gholdengo|41\/100\n|faint|p2a: Iron Bundle\n|-end|p2a: Iron Bundle|Quark Drive|[silent]\n|move|p2b: Gholdengo|Nasty Plot|p2b: Gholdengo\n|-boost|p2b: Gholdengo|spa|2\n|\n|upkeep\n|\n|t:|1683560570\n|switch|p2a: Garchomp|Garchomp, L50, M, shiny|100\/100\n|turn|3\n|inactive|Can'tStopFalling has 30 seconds left.\n|\n|t:|1683560599\n|move|p2b: Gholdengo|Protect|p2b: Gholdengo\n|-singleturn|p2b: Gholdengo|Protect\n|move|p1b: Coalossal|Earthquake|p2b: Gholdengo|[spread] p2a\n|-activate|p2b: Gholdengo|move: Protect\n|-immune|p1a: Masquerain\n|-damage|p2a: Garchomp|62\/100\n|move|p2a: Garchomp|Earthquake|p1a: Masquerain|[spread] p1b\n|-activate|p2b: Gholdengo|move: Protect\n|-immune|p1a: Masquerain\n|-supereffective|p1b: Coalossal\n|-damage|p1b: Coalossal|22\/100\n|move|p1a: Masquerain|Tailwind|p1a: Masquerain\n|-sidestart|p1: Can'tStopFalling|move: Tailwind\n|\n|upkeep\n|turn|4\n|\n|t:|1683560619\n|move|p1b: Coalossal|Earthquake|p2a: Garchomp|[spread] p2a,p2b\n|-immune|p1a: Masquerain\n|-supereffective|p2b: Gholdengo\n|-damage|p2a: Garchomp|25\/100\n|-damage|p2b: Gholdengo|0 fnt\n|faint|p2b: Gholdengo\n|move|p1a: Masquerain|Struggle Bug|p2a: Garchomp\n|-damage|p2a: Garchomp|0 fnt\n|faint|p2a: Garchomp\n|\n|upkeep\n|\n|t:|1683560627\n|switch|p2b: Baxcalibur|Baxcalibur, L50, F|100\/100\n|turn|5\n|\n|t:|1683560636\n|move|p2b: Baxcalibur|Protect|p2b: Baxcalibur\n|-singleturn|p2b: Baxcalibur|Protect\n|move|p1a: Masquerain|Aqua Jet|p2b: Baxcalibur\n|-activate|p2b: Baxcalibur|move: Protect\n|move|p1b: Coalossal|Power Gem|p2b: Baxcalibur\n|-activate|p2b: Baxcalibur|move: Protect\n|\n|upkeep\n|turn|6\n|\n|t:|1683560640\n|move|p1a: Masquerain|Aqua Jet|p2b: Baxcalibur\n|-resisted|p2b: Baxcalibur\n|-damage|p2b: Baxcalibur|98\/100\n|move|p1b: Coalossal|Power Gem|p2b: Baxcalibur\n|-supereffective|p2b: Baxcalibur\n|-damage|p2b: Baxcalibur|0 fnt\n|faint|p2b: Baxcalibur\n|\n|win|Can'tStopFalling\n|raw|Can'tStopFalling's rating: 1403 → 1422<\/strong> (+19 for winning)\n|raw|Ozzy530's rating: 1384 → 1365<\/strong> (-19 for losing)\n","uploadtime":1683560644,"views":12,"p1id":"cantstopfalling","p2id":"ozzy530","formatid":"gen9vgc2023regulationc","rating":1365,"private":0,"password":""}