{"id":"gen9vgc2023regulationc-1850817473","p1":"Dux-El52","p2":"lateralvs","format":"[Gen 9] VGC 2023 Regulation C","log":"|j|\u2606Dux-El52\n|j|\u2606lateralvs\n|t:|1682370721\n|gametype|doubles\n|player|p1|Dux-El52|266|1526\n|player|p2|lateralvs|giovanni|1646\n|teamsize|p1|6\n|teamsize|p2|6\n|gen|9\n|tier|[Gen 9] VGC 2023 Regulation C\n|rated|\n|rule|Species Clause: Limit one of each Pok\u00e9mon\n|rule|Item Clause: Limit one of each item\n|clearpoke\n|poke|p1|Iron Bundle, L50|\n|poke|p1|Annihilape, L50, F|\n|poke|p1|Azumarill, L50, F|\n|poke|p1|Chien-Pao, L50|\n|poke|p1|Arcanine, L50, M|\n|poke|p1|Chi-Yu, L50|\n|poke|p2|Iron Jugulis, L50|\n|poke|p2|Garchomp, L50, M|\n|poke|p2|Gyarados, L50, M|\n|poke|p2|Flutter Mane, L50|\n|poke|p2|Iron Hands, L50|\n|poke|p2|Amoonguss, L50, M|\n|teampreview|4\nlateralvs has agreed to open team sheets.\n|inactive|Battle timer is ON: inactive players will automatically lose when time's up. (requested by Dux-El52)\n|inactive|lateralvs has 60 seconds left.\n|\n|t:|1682370818\n|start\n|switch|p1a: Chi-Yu|Chi-Yu, L50|100\/100\n|switch|p1b: Chien-Pao|Chien-Pao, L50|100\/100\n|switch|p2a: Fagioli 2-0|Garchomp, L50, M|100\/100\n|switch|p2b: Kostic 1-0|Iron Jugulis, L50|100\/100\n|-ability|p1a: Chi-Yu|Beads of Ruin\n|-ability|p1b: Chien-Pao|Sword of Ruin\n|-enditem|p2b: Kostic 1-0|Booster Energy\n|-activate|p2b: Kostic 1-0|ability: Quark Drive|[fromitem]\n|-start|p2b: Kostic 1-0|quarkdrivespe\n|turn|1\n|inactive|Dux-El52 has 30 seconds left.\n|inactive|lateralvs has 30 seconds left.\n|inactive|lateralvs has 20 seconds left.\n|inactive|lateralvs has 15 seconds left.\n|inactive|lateralvs has 10 seconds left.\n|\n|t:|1682370867\n|move|p2a: Fagioli 2-0|Protect|p2a: Fagioli 2-0\n|-singleturn|p2a: Fagioli 2-0|Protect\n|move|p2b: Kostic 1-0|Tailwind|p2b: Kostic 1-0\n|-sidestart|p2: lateralvs|move: Tailwind\n|move|p1a: Chi-Yu|Heat Wave|p2a: Fagioli 2-0|[spread] p2b\n|-activate|p2a: Fagioli 2-0|move: Protect\n|-damage|p2b: Kostic 1-0|52\/100\n|-status|p2b: Kostic 1-0|brn\n|move|p1b: Chien-Pao|Ice Spinner|p2b: Kostic 1-0\n|-supereffective|p2b: Kostic 1-0\n|-damage|p2b: Kostic 1-0|0 fnt\n|faint|p2b: Kostic 1-0\n|-end|p2b: Kostic 1-0|Quark Drive|[silent]\n|\n|upkeep\n|\n|t:|1682370879\n|switch|p2b: Higuain 3-2|Flutter Mane, L50|100\/100\n|turn|2\n|\n|t:|1682370895\n|-terastallize|p2b: Higuain 3-2|Fairy\n|move|p1b: Chien-Pao|Sucker Punch|p2b: Higuain 3-2\n|-resisted|p2b: Higuain 3-2\n|-damage|p2b: Higuain 3-2|47\/100\n|move|p2b: Higuain 3-2|Dazzling Gleam|p1b: Chien-Pao|[spread] p1a,p1b\n|-supereffective|p1b: Chien-Pao\n|-damage|p1a: Chi-Yu|47\/100\n|-enditem|p1b: Chien-Pao|Focus Sash\n|-damage|p1b: Chien-Pao|1\/100\n|move|p2a: Fagioli 2-0|Rock Slide|p1a: Chi-Yu|[spread] p1a,p1b\n|-supereffective|p1a: Chi-Yu\n|-supereffective|p1b: Chien-Pao\n|-crit|p1b: Chien-Pao\n|-damage|p1a: Chi-Yu|0 fnt\n|-damage|p1b: Chien-Pao|0 fnt\n|faint|p1a: Chi-Yu\n|faint|p1b: Chien-Pao\n|-damage|p2a: Fagioli 2-0|91\/100|[from] item: Life Orb\n|\n|upkeep\n|\n|t:|1682370909\n|switch|p1b: Azumarill|Azumarill, L50, F, shiny|100\/100\n|switch|p1a: Iron Bundle|Iron Bundle, L50, shiny|100\/100\n|-enditem|p1a: Iron Bundle|Booster Energy\n|-activate|p1a: Iron Bundle|ability: Quark Drive|[fromitem]\n|-start|p1a: Iron Bundle|quarkdrivespe\n|turn|3\n|inactive|lateralvs has 30 seconds left.\n|inactive|lateralvs has 20 seconds left.\n|inactive|lateralvs has 15 seconds left.\n|inactive|lateralvs has 10 seconds left.\n|inactive|lateralvs has 5 seconds left.\n|\n|t:|1682370961\n|-end|p2b: Higuain 3-2|Protosynthesis|[silent]\n|switch|p2b: Cuadrado 3-2|Gyarados, L50, M|100\/100\n|-ability|p2b: Cuadrado 3-2|Intimidate|boost\n|-unboost|p1a: Iron Bundle|atk|1\n|-unboost|p1b: Azumarill|atk|1\n|move|p1b: Azumarill|Aqua Jet|p2b: Cuadrado 3-2\n|-resisted|p2b: Cuadrado 3-2\n|-damage|p2b: Cuadrado 3-2|94\/100\n|move|p2a: Fagioli 2-0|Rock Slide|p1b: Azumarill|[spread] p1a,p1b\n|-supereffective|p1a: Iron Bundle\n|-damage|p1a: Iron Bundle|39\/100\n|-damage|p1b: Azumarill|73\/100\n|-damage|p2a: Fagioli 2-0|81\/100|[from] item: Life Orb\n|cant|p1a: Iron Bundle|flinch\n|\n|upkeep\n|turn|4\n|j| checas\n|inactive|lateralvs has 30 seconds left.\n|\n|t:|1682370993\n|move|p1a: Iron Bundle|Protect|p1a: Iron Bundle\n|-singleturn|p1a: Iron Bundle|Protect\n|move|p2a: Fagioli 2-0|Earthquake|p1b: Azumarill|[spread] p1b\n|-activate|p1a: Iron Bundle|move: Protect\n|-immune|p2b: Cuadrado 3-2\n|-damage|p1b: Azumarill|10\/100\n|-damage|p2a: Fagioli 2-0|71\/100|[from] item: Life Orb\n|move|p2b: Cuadrado 3-2|Thunder Wave|p1a: Iron Bundle\n|-activate|p1a: Iron Bundle|move: Protect\n|move|p1b: Azumarill|Play Rough|p2a: Fagioli 2-0\n|-supereffective|p2a: Fagioli 2-0\n|-damage|p2a: Fagioli 2-0|0 fnt\n|-damage|p1b: Azumarill|0 fnt|[from] ability: Rough Skin|[of] p2a: Fagioli 2-0\n|faint|p2a: Fagioli 2-0\n|faint|p1b: Azumarill\n|\n|-sideend|p2: lateralvs|move: Tailwind\n|upkeep\n|\n|t:|1682370996\n|switch|p2a: Higuain 3-2|Flutter Mane, L50, tera:Fairy|47\/100\n|turn|5\n|j| jdarcan\n|\n|t:|1682371016\n|move|p1a: Iron Bundle|Freeze-Dry|p2a: Higuain 3-2\n|-crit|p2a: Higuain 3-2\n|-damage|p2a: Higuain 3-2|0 fnt\n|faint|p2a: Higuain 3-2\n|-end|p2a: Higuain 3-2|Protosynthesis|[silent]\n|move|p2b: Cuadrado 3-2|Thunder Wave|p1a: Iron Bundle\n|-status|p1a: Iron Bundle|par\n|\n|upkeep\n|turn|6\n|\n|t:|1682371025\n|move|p1a: Iron Bundle|Freeze-Dry|p2b: Cuadrado 3-2\n|-supereffective|p2b: Cuadrado 3-2\n|-damage|p2b: Cuadrado 3-2|0 fnt\n|faint|p2b: Cuadrado 3-2\n|\n|win|Dux-El52\n|raw|Dux-El52's rating: 1526 → 1553<\/strong> (+27 for winning)\n|raw|lateralvs's rating: 1646 → 1619<\/strong> (-27 for losing)\n|l|\u2606Dux-El52\n","uploadtime":1682371035,"views":17,"p1id":"duxel52","p2id":"lateralvs","formatid":"gen9vgc2023regulationc","rating":1553,"private":0,"password":""}