{"id":"gen9vgc2023regulationc-1849318915","p1":"TheOrangeGrape","p2":"punishmant","format":"[Gen 9] VGC 2023 Regulation C","log":"|j|\u2606TheOrangeGrape\n|j|\u2606punishmant\n|t:|1682185377\n|gametype|doubles\n|player|p1|TheOrangeGrape|266|1303\n|player|p2|punishmant|101|1336\n|teamsize|p1|6\n|teamsize|p2|6\n|gen|9\n|tier|[Gen 9] VGC 2023 Regulation C\n|rated|\n|rule|Species Clause: Limit one of each Pok\u00e9mon\n|rule|Item Clause: Limit one of each item\n|clearpoke\n|poke|p1|Baxcalibur, L50, M|\n|poke|p1|Grimmsnarl, L50, M|\n|poke|p1|Azumarill, L50, F|\n|poke|p1|Chi-Yu, L50|\n|poke|p1|Salamence, L50, F|\n|poke|p1|Flutter Mane, L50|\n|poke|p2|Talonflame, L50, M|\n|poke|p2|Great Tusk, L50|\n|poke|p2|Gyarados, L50, M|\n|poke|p2|Chien-Pao, L50|\n|poke|p2|Gholdengo, L50|\n|poke|p2|Glimmora, L50, F|\n|teampreview|4\n|inactive|Battle timer is ON: inactive players will automatically lose when time's up. (requested by punishmant)\n|inactive|TheOrangeGrape has 60 seconds left.\n|inactive|punishmant has 60 seconds left.\n|inactive|punishmant has 30 seconds left.\n|\n|t:|1682185447\n|start\n|switch|p1a: Grimmsnarl|Grimmsnarl, L50, M|100\/100\n|switch|p1b: Chi-Yu|Chi-Yu, L50|100\/100\n|switch|p2a: Talonflame|Talonflame, L50, M|100\/100\n|switch|p2b: Glimmora|Glimmora, L50, F|100\/100\n|-ability|p1b: Chi-Yu|Beads of Ruin\n|turn|1\n|\n|t:|1682185468\n|move|p1a: Grimmsnarl|Fake Out|p2a: Talonflame\n|-damage|p2a: Talonflame|86\/100\n|cant|p2a: Talonflame|flinch\n|move|p1b: Chi-Yu|Dark Pulse|p2b: Glimmora\n|-damage|p2b: Glimmora|59\/100\n|cant|p2b: Glimmora|flinch\n|\n|upkeep\n|turn|2\n|\n|t:|1682185491\n|move|p1a: Grimmsnarl|Misty Terrain|p1a: Grimmsnarl\n|-fieldstart|move: Misty Terrain\n|move|p2a: Talonflame|Tailwind|p2a: Talonflame\n|-sidestart|p2: punishmant|move: Tailwind\n|move|p2b: Glimmora|Sludge Bomb|p1a: Grimmsnarl\n|-supereffective|p1a: Grimmsnarl\n|-crit|p1a: Grimmsnarl\n|-damage|p1a: Grimmsnarl|0 fnt\n|faint|p1a: Grimmsnarl\n|move|p1b: Chi-Yu|Overheat|p2b: Glimmora\n|-resisted|p2b: Glimmora\n|-damage|p2b: Glimmora|18\/100\n|-unboost|p1b: Chi-Yu|spa|2\n|\n|upkeep\n|\n|t:|1682185504\n|switch|p1a: Azumarill|Azumarill, L50, F|100\/100\n|turn|3\n|\n|t:|1682185514\n|switch|p1b: Flutter Mane|Flutter Mane, L50|100\/100\n|-enditem|p1b: Flutter Mane|Booster Energy\n|-activate|p1b: Flutter Mane|ability: Protosynthesis|[fromitem]\n|-start|p1b: Flutter Mane|protosynthesisspa\n|move|p1a: Azumarill|Aqua Jet|p2a: Talonflame\n|-supereffective|p2a: Talonflame\n|-damage|p2a: Talonflame|25\/100\n|move|p2a: Talonflame|Will-O-Wisp|p1a: Azumarill\n|-activate|p1a: Azumarill|move: Misty Terrain\n|move|p2b: Glimmora|Sludge Bomb|p1a: Azumarill\n|-supereffective|p1a: Azumarill\n|-damage|p1a: Azumarill|31\/100\n|\n|upkeep\n|turn|4\n|\n|t:|1682185538\n|move|p1b: Flutter Mane|Protect|p1b: Flutter Mane\n|-singleturn|p1b: Flutter Mane|Protect\n|move|p1a: Azumarill|Aqua Jet|p2b: Glimmora\n|-supereffective|p2b: Glimmora\n|-damage|p2b: Glimmora|0 fnt\n|-activate|p2b: Glimmora|ability: Toxic Debris\n|-sidestart|p1: TheOrangeGrape|move: Toxic Spikes\n|faint|p2b: Glimmora\n|move|p2a: Talonflame|Brave Bird|p1a: Azumarill\n|-damage|p1a: Azumarill|0 fnt\n|faint|p1a: Azumarill\n|-damage|p2a: Talonflame|13\/100|[from] Recoil\n|\n|upkeep\n|\n|t:|1682185550\n|switch|p2b: Chien-Pao|Chien-Pao, L50|100\/100\n|switch|p1a: Chi-Yu|Chi-Yu, L50|100\/100\n|-ability|p2b: Chien-Pao|Sword of Ruin\n|-ability|p1a: Chi-Yu|Beads of Ruin\n|turn|5\n|\n|t:|1682185565\n|-terastallize|p1b: Flutter Mane|Steel\n|move|p1a: Chi-Yu|Protect|p1a: Chi-Yu\n|-singleturn|p1a: Chi-Yu|Protect\n|move|p2b: Chien-Pao|Ice Spinner|p1b: Flutter Mane\n|-resisted|p1b: Flutter Mane\n|-damage|p1b: Flutter Mane|51\/100\n|-fieldend|Misty Terrain\n|move|p2a: Talonflame|Brave Bird|p1a: Chi-Yu\n|-activate|p1a: Chi-Yu|move: Protect\n|move|p1b: Flutter Mane|Dazzling Gleam|p2a: Talonflame|[spread] p2a,p2b\n|-resisted|p2a: Talonflame\n|-supereffective|p2b: Chien-Pao\n|-damage|p2a: Talonflame|0 fnt\n|-enditem|p2b: Chien-Pao|Focus Sash\n|-damage|p2b: Chien-Pao|1\/100\n|faint|p2a: Talonflame\n|\n|-sideend|p2: punishmant|move: Tailwind\n|upkeep\n|\n|t:|1682185573\n|switch|p2a: Gholdengo|Gholdengo, L50|100\/100\n|turn|6\n|\n|t:|1682185590\n|-terastallize|p2a: Gholdengo|Water\n|move|p2b: Chien-Pao|Protect|p2b: Chien-Pao\n|-singleturn|p2b: Chien-Pao|Protect\n|move|p1b: Flutter Mane|Substitute|p1b: Flutter Mane\n|-start|p1b: Flutter Mane|Substitute\n|-damage|p1b: Flutter Mane|26\/100\n|move|p1a: Chi-Yu|Heat Wave|p2a: Gholdengo|[spread] p2a\n|-activate|p2b: Chien-Pao|move: Protect\n|-resisted|p2a: Gholdengo\n|-damage|p2a: Gholdengo|73\/100\n|move|p2a: Gholdengo|Nasty Plot|p2a: Gholdengo\n|-boost|p2a: Gholdengo|spa|2\n|\n|-heal|p2a: Gholdengo|79\/100|[from] item: Leftovers\n|upkeep\n|turn|7\n|\n|t:|1682185609\n|move|p2b: Chien-Pao|Sacred Sword|p1b: Flutter Mane\n|-supereffective|p1b: Flutter Mane\n|-end|p1b: Flutter Mane|Substitute\n|move|p1b: Flutter Mane|Dazzling Gleam|p2b: Chien-Pao|[spread] p2a,p2b\n|-supereffective|p2b: Chien-Pao\n|-damage|p2a: Gholdengo|24\/100\n|-damage|p2b: Chien-Pao|0 fnt\n|faint|p2b: Chien-Pao\n|move|p1a: Chi-Yu|Dark Pulse|p2a: Gholdengo\n|-damage|p2a: Gholdengo|0 fnt\n|faint|p2a: Gholdengo\n|\n|win|TheOrangeGrape\n|raw|TheOrangeGrape's rating: 1303 → 1325<\/strong> (+22 for winning)\n|raw|punishmant's rating: 1336 → 1314<\/strong> (-22 for losing)\n","uploadtime":1682185621,"views":7,"p1id":"theorangegrape","p2id":"punishmant","formatid":"gen9vgc2023regulationc","rating":1314,"private":0,"password":""}