{"id":"gen9vgc2023regulationc-1846380886","p1":"Rk9s","p2":"haha u rage quit","format":"[Gen 9] VGC 2023 Regulation C","log":"|j|\u2606Rk9s\n|j|\u2606haha u rage quit\n|t:|1681836283\n|gametype|doubles\n|player|p1|Rk9s|fantina|1114\n|player|p2|haha u rage quit|pokemaniac|1101\n|teamsize|p1|6\n|teamsize|p2|6\n|gen|9\n|tier|[Gen 9] VGC 2023 Regulation C\n|rated|\n|rule|Species Clause: Limit one of each Pok\u00e9mon\n|rule|Item Clause: Limit one of each item\n|clearpoke\n|poke|p1|Amoonguss, L50, F|\n|poke|p1|Azumarill, L50, F|\n|poke|p1|Arcanine, L50, M|\n|poke|p1|Ting-Lu, L50|\n|poke|p1|Kingambit, L50, M|\n|poke|p1|Hydreigon, L50, F|\n|poke|p2|Amoonguss, L50, M|\n|poke|p2|Flutter Mane, L50|\n|poke|p2|Arcanine, L50, M|\n|poke|p2|Iron Bundle, L50|\n|poke|p2|Baxcalibur, L50, M|\n|poke|p2|Palafin, L50, M|\n|teampreview|4\nRk9s has agreed to open team sheets.\n|inactive|Battle timer is ON: inactive players will automatically lose when time's up. (requested by Rk9s)\n|inactive|haha u rage quit has 60 seconds left.\n|\n|t:|1681836349\n|start\n|switch|p1a: Hydreigon|Hydreigon, L50, F|100\/100\n|switch|p1b: Kingambit|Kingambit, L50, M|100\/100\n|switch|p2a: Baxcalibur|Baxcalibur, L50, M|100\/100\n|switch|p2b: Palafin|Palafin, L50, M|100\/100\n|turn|1\n|inactive|Rk9s has 30 seconds left.\n|\n|t:|1681836381\n|-terastallize|p1a: Hydreigon|Electric\n|move|p2a: Baxcalibur|Protect|p2a: Baxcalibur\n|-singleturn|p2a: Baxcalibur|Protect\n|move|p1b: Kingambit|Sucker Punch||[still]\n|-fail|p1b: Kingambit\n|move|p1a: Hydreigon|Earth Power|p2a: Baxcalibur\n|-activate|p2a: Baxcalibur|move: Protect\n|move|p2b: Palafin|Close Combat|p1b: Kingambit\n|-supereffective|p1b: Kingambit\n|-damage|p1b: Kingambit|2\/100\n|-unboost|p2b: Palafin|def|1\n|-unboost|p2b: Palafin|spd|1\n|\n|upkeep\n|turn|2\n|inactive|haha u rage quit has 30 seconds left.\n|\n|t:|1681836409\n|switch|p1b: Arcanine|Arcanine, L50, M|100\/100\n|-ability|p1b: Arcanine|Intimidate|boost\n|-fail|p2a: Baxcalibur|unboost|[from] item: Clear Amulet|[of] p2a: Baxcalibur\n|-unboost|p2b: Palafin|atk|1\n|-terastallize|p2a: Baxcalibur|Grass\n|move|p2b: Palafin|Jet Punch|p1b: Arcanine\n|-supereffective|p1b: Arcanine\n|-damage|p1b: Arcanine|61\/100\n|move|p1a: Hydreigon|Earth Power|p2b: Palafin\n|-damage|p2b: Palafin|43\/100\n|move|p2a: Baxcalibur|Glaive Rush|p1a: Hydreigon\n|-damage|p1a: Hydreigon|15\/100\n|-singlemove|p2a: Baxcalibur|Glaive Rush|[silent]\n|\n|upkeep\n|turn|3\n|inactive|haha u rage quit has 30 seconds left.\n|\n|t:|1681836440\n|switch|p1a: Azumarill|Azumarill, L50, F|100\/100\n|move|p2a: Baxcalibur|Ice Shard|p1a: Azumarill\n|-resisted|p1a: Azumarill\n|-damage|p1a: Azumarill|87\/100\n|move|p1b: Arcanine|Will-O-Wisp|p2a: Baxcalibur\n|-immune|p2a: Baxcalibur|[from] ability: Thermal Exchange\n|move|p2b: Palafin|Wave Crash|p1b: Arcanine\n|-supereffective|p1b: Arcanine\n|-damage|p1b: Arcanine|0 fnt\n|faint|p1b: Arcanine\n|-damage|p2b: Palafin|26\/100|[from] Recoil\n|\n|upkeep\n|c|\u2606Rk9s|Ah forgot wisp doesn\u2019t work on him\n|inactive|Rk9s has 30 seconds left.\n|\n|t:|1681836467\n|switch|p1b: Kingambit|Kingambit, L50, M|2\/100\n|turn|4\n|\n|t:|1681836488\n|detailschange|p2b: Palafin|Palafin-Hero, L50, M\n|switch|p2b: Amoonguss|Amoonguss, L50, M|100\/100\n|move|p2a: Baxcalibur|Protect|p2a: Baxcalibur\n|-singleturn|p2a: Baxcalibur|Protect\n|move|p1b: Kingambit|Sucker Punch||[still]\n|-fail|p1b: Kingambit\n|move|p1a: Azumarill|Ice Spinner|p2a: Baxcalibur\n|-activate|p2a: Baxcalibur|move: Protect\n|\n|upkeep\n|turn|5\n|inactive|Rk9s has 30 seconds left.\n|\n|t:|1681836513\n|switch|p2a: Palafin|Palafin-Hero, L50, M|26\/100\n|-activate|p2a: Palafin|ability: Zero to Hero\n|move|p1a: Azumarill|Ice Spinner|p2a: Palafin\n|-resisted|p2a: Palafin\n|-damage|p2a: Palafin|11\/100\n|move|p1b: Kingambit|Assurance|p2a: Palafin\n|-damage|p2a: Palafin|0 fnt\n|faint|p2a: Palafin\n|move|p2b: Amoonguss|Pollen Puff|p2: Palafin|[notarget]\n|-fail|p2b: Amoonguss\n|\n|upkeep\n|\n|t:|1681836533\n|switch|p2a: Iron Bundle|Iron Bundle, L50, shiny|100\/100\n|turn|6\n|\n|t:|1681836552\n|move|p2a: Iron Bundle|Protect|p2a: Iron Bundle\n|-singleturn|p2a: Iron Bundle|Protect\n|move|p1b: Kingambit|Sucker Punch||[still]\n|-fail|p1b: Kingambit\n|move|p1a: Azumarill|Ice Spinner|p2b: Amoonguss\n|-supereffective|p2b: Amoonguss\n|-damage|p2b: Amoonguss|40\/100\n|-enditem|p2b: Amoonguss|Sitrus Berry|[eat]\n|-heal|p2b: Amoonguss|65\/100|[from] item: Sitrus Berry\n|move|p2b: Amoonguss|Pollen Puff|p1b: Kingambit\n|-damage|p1b: Kingambit|0 fnt\n|faint|p1b: Kingambit\n|\n|upkeep\n|\n|t:|1681836567\n|switch|p1b: Hydreigon|Hydreigon, L50, F, tera:Electric|15\/100\n|turn|7\n|\n|t:|1681836584\n|switch|p2b: Baxcalibur|Baxcalibur, L50, M, tera:Grass|100\/100\n|move|p1a: Azumarill|Aqua Jet|p2a: Iron Bundle\n|-resisted|p2a: Iron Bundle\n|-damage|p2a: Iron Bundle|85\/100\n|move|p1b: Hydreigon|Heat Wave|p2a: Iron Bundle|[spread] p2a\n|-miss|p1b: Hydreigon|p2b: Baxcalibur\n|-damage|p2a: Iron Bundle|32\/100\n|move|p2a: Iron Bundle|Freeze-Dry|p1a: Azumarill\n|-supereffective|p1a: Azumarill\n|-damage|p1a: Azumarill|13\/100\n|\n|upkeep\n|turn|8\n|\n|t:|1681836602\n|move|p2b: Baxcalibur|Ice Shard|p1b: Hydreigon\n|-damage|p1b: Hydreigon|0 fnt\n|faint|p1b: Hydreigon\n|move|p2a: Iron Bundle|Freeze-Dry|p1a: Azumarill\n|-supereffective|p1a: Azumarill\n|-damage|p1a: Azumarill|0 fnt\n|faint|p1a: Azumarill\n|\n|win|haha u rage quit\n|raw|Rk9s's rating: 1114 → 1088<\/strong> (-26 for losing)\n|raw|haha u rage quit's rating: 1101 → 1127<\/strong> (+26 for winning)\n|c|\u2606Rk9s|Gg\n","uploadtime":1681836617,"views":11,"p1id":"rk9s","p2id":"hahauragequit","formatid":"gen9vgc2023regulationc","rating":1088,"private":0,"password":""}