{"id":"gen9vgc2023regulationc-1852895072","p1":"Energiesole","p2":"Nehzzy","format":"[Gen 9] VGC 2023 Regulation C","log":"|j|\u2606Energiesole\n|j|\u2606Nehzzy\n|t:|1682615288\n|gametype|doubles\n|player|p1|Energiesole|cynthia-gen4|1128\n|player|p2|Nehzzy|steven|1206\n|teamsize|p1|6\n|teamsize|p2|6\n|gen|9\n|tier|[Gen 9] VGC 2023 Regulation C\n|rated|\n|rule|Species Clause: Limit one of each Pok\u00e9mon\n|rule|Item Clause: Limit one of each item\n|clearpoke\n|poke|p1|Chi-Yu, L50|\n|poke|p1|Dachsbun, L50, M|\n|poke|p1|Dragonite, L50, F|\n|poke|p1|Flutter Mane, L50|\n|poke|p1|Azumarill, L50, M|\n|poke|p1|Chien-Pao, L50|\n|poke|p2|Palafin, L50, F|\n|poke|p2|Arcanine, L50, F|\n|poke|p2|Flutter Mane, L50|\n|poke|p2|Amoonguss, L50, M|\n|poke|p2|Ting-Lu, L50|\n|poke|p2|Baxcalibur, L50, F|\n|teampreview|4\nNehzzy has agreed to open team sheets.\n|inactive|Battle timer is ON: inactive players will automatically lose when time's up. (requested by Nehzzy)\n|\n|t:|1682615332\n|start\n|switch|p1a: Chi-Yu|Chi-Yu, L50|100\/100\n|switch|p1b: Dachsbun|Dachsbun, L50, M|100\/100\n|switch|p2a: Flutter Mane|Flutter Mane, L50|100\/100\n|switch|p2b: Palafin|Palafin, L50, F|100\/100\n|-ability|p1a: Chi-Yu|Beads of Ruin\n|turn|1\n|\n|t:|1682615344\n|move|p2b: Palafin|Jet Punch|p1a: Chi-Yu\n|-supereffective|p1a: Chi-Yu\n|-damage|p1a: Chi-Yu|7\/100\n|move|p1a: Chi-Yu|Lava Plume|p2b: Palafin|[spread] p2a,p2b\n|-ability|p1b: Dachsbun|Well-Baked Body|boost\n|-boost|p1b: Dachsbun|def|2\n|-resisted|p2b: Palafin\n|-damage|p2a: Flutter Mane|57\/100\n|-damage|p2b: Palafin|72\/100\n|-status|p2b: Palafin|brn\n|move|p2a: Flutter Mane|Dazzling Gleam|p1a: Chi-Yu|[spread] p1a,p1b\n|-damage|p1a: Chi-Yu|0 fnt\n|-damage|p1b: Dachsbun|50\/100\n|faint|p1a: Chi-Yu\n|move|p1b: Dachsbun|Body Press|p2b: Palafin\n|-damage|p2b: Palafin|24\/100 brn\n|\n|-heal|p1b: Dachsbun|57\/100|[from] item: Leftovers\n|-damage|p2b: Palafin|18\/100 brn|[from] brn\n|upkeep\n|\n|t:|1682615354\n|switch|p1a: Flutter Mane|Flutter Mane, L50|100\/100\n|-enditem|p1a: Flutter Mane|Booster Energy\n|-activate|p1a: Flutter Mane|ability: Protosynthesis|[fromitem]\n|-start|p1a: Flutter Mane|protosynthesisspe\n|turn|2\n|\n|t:|1682615367\n|-terastallize|p1a: Flutter Mane|Fairy\n|-terastallize|p2b: Palafin|Water\n|move|p2b: Palafin|Jet Punch|p1a: Flutter Mane\n|-damage|p1a: Flutter Mane|67\/100\n|move|p1a: Flutter Mane|Dazzling Gleam|p2a: Flutter Mane|[spread] p2a,p2b\n|-damage|p2a: Flutter Mane|13\/100\n|-damage|p2b: Palafin|0 fnt\n|faint|p2b: Palafin\n|move|p2a: Flutter Mane|Dazzling Gleam|p1a: Flutter Mane|[spread] p1a,p1b\n|-damage|p1a: Flutter Mane|27\/100\n|-damage|p1b: Dachsbun|18\/100\n|move|p1b: Dachsbun|Wish|p1b: Dachsbun\n|\n|-heal|p1b: Dachsbun|24\/100|[from] item: Leftovers\n|upkeep\n|\n|t:|1682615385\n|switch|p2b: Baxcalibur|Baxcalibur, L50, F|100\/100\n|turn|3\n|\n|t:|1682615392\n|-end|p2a: Flutter Mane|Protosynthesis|[silent]\n|switch|p2a: Amoonguss|Amoonguss, L50, M|100\/100\n|move|p1a: Flutter Mane|Protect|p1a: Flutter Mane\n|-singleturn|p1a: Flutter Mane|Protect\n|move|p2b: Baxcalibur|Protect|p2b: Baxcalibur\n|-singleturn|p2b: Baxcalibur|Protect\n|move|p1b: Dachsbun|Protect||[still]\n|-fail|p1b: Dachsbun\n|\n|-heal|p1b: Dachsbun|74\/100|[from] move: Wish|[wisher] Dachsbun\n|-heal|p1b: Dachsbun|80\/100|[from] item: Leftovers\n|upkeep\n|turn|4\n|\n|t:|1682615412\n|move|p2a: Amoonguss|Rage Powder|p2a: Amoonguss\n|-singleturn|p2a: Amoonguss|move: Rage Powder\n|move|p2b: Baxcalibur|Ice Shard|p1a: Flutter Mane\n|-damage|p1a: Flutter Mane|0 fnt\n|faint|p1a: Flutter Mane\n|-end|p1a: Flutter Mane|Protosynthesis|[silent]\n|move|p1b: Dachsbun|Body Press|p2a: Amoonguss\n|-resisted|p2a: Amoonguss\n|-damage|p2a: Amoonguss|85\/100\n|\n|-heal|p1b: Dachsbun|86\/100|[from] item: Leftovers\n|upkeep\n|\n|t:|1682615415\n|switch|p1a: Chien-Pao|Chien-Pao, L50|100\/100\n|-ability|p1a: Chien-Pao|Sword of Ruin\n|turn|5\n|\n|t:|1682615435\n|move|p2a: Amoonguss|Protect|p2a: Amoonguss\n|-singleturn|p2a: Amoonguss|Protect\n|move|p1a: Chien-Pao|Ice Spinner|p2a: Amoonguss\n|-activate|p2a: Amoonguss|move: Protect\n|move|p2b: Baxcalibur|Glaive Rush|p1a: Chien-Pao\n|-enditem|p1a: Chien-Pao|Focus Sash\n|-damage|p1a: Chien-Pao|1\/100\n|-singlemove|p2b: Baxcalibur|Glaive Rush|[silent]\n|move|p1b: Dachsbun|Body Press|p2b: Baxcalibur\n|-supereffective|p2b: Baxcalibur\n|-damage|p2b: Baxcalibur|0 fnt\n|faint|p2b: Baxcalibur\n|\n|-heal|p1b: Dachsbun|92\/100|[from] item: Leftovers\n|upkeep\n|\n|t:|1682615446\n|switch|p2b: Flutter Mane|Flutter Mane, L50|13\/100\n|turn|6\n|\n|t:|1682615466\n|move|p2a: Amoonguss|Rage Powder|p2a: Amoonguss\n|-singleturn|p2a: Amoonguss|move: Rage Powder\n|move|p2b: Flutter Mane|Dazzling Gleam|p1a: Chien-Pao|[spread] p1a,p1b\n|-supereffective|p1a: Chien-Pao\n|-damage|p1a: Chien-Pao|0 fnt\n|-damage|p1b: Dachsbun|52\/100\n|faint|p1a: Chien-Pao\n|move|p1b: Dachsbun|Yawn|p2a: Amoonguss\n|-start|p2a: Amoonguss|move: Yawn|[of] p1b: Dachsbun\n|\n|-heal|p1b: Dachsbun|58\/100|[from] item: Leftovers\n|upkeep\n|turn|7\n|\n|t:|1682615479\n|move|p1b: Dachsbun|Protect|p1b: Dachsbun\n|-singleturn|p1b: Dachsbun|Protect\n|move|p2b: Flutter Mane|Dazzling Gleam|p1b: Dachsbun\n|-activate|p1b: Dachsbun|move: Protect\n|move|p2a: Amoonguss|Spore|p1b: Dachsbun\n|-activate|p1b: Dachsbun|move: Protect\n|\n|-heal|p1b: Dachsbun|64\/100|[from] item: Leftovers\n|-end|p2a: Amoonguss|move: Yawn|[silent]\n|-status|p2a: Amoonguss|slp\n|upkeep\n|turn|8\n|\n|t:|1682615484\n|move|p2b: Flutter Mane|Dazzling Gleam|p1b: Dachsbun\n|-damage|p1b: Dachsbun|15\/100\n|move|p1b: Dachsbun|Wish|p1b: Dachsbun\n|cant|p2a: Amoonguss|slp\n|\n|-heal|p1b: Dachsbun|21\/100|[from] item: Leftovers\n|upkeep\n|turn|9\n|-message|Energiesole forfeited.\n|\n|win|Nehzzy\n|raw|Energiesole's rating: 1128 → 1109<\/strong> (-19 for losing)\n|raw|Nehzzy's rating: 1206 → 1225<\/strong> (+19 for winning)\n|l|\u2606Energiesole\n","uploadtime":1682615495,"views":9,"p1id":"energiesole","p2id":"nehzzy","formatid":"gen9vgc2023regulationc","rating":1109,"private":0,"password":""}