{"id":"gen9vgc2023regulationc-1845229618","p1":"testin2","p2":"mad skwovet","format":"[Gen 9] VGC 2023 Regulation C","log":"|j|\u2606testin2\n|j|\u2606mad skwovet\n|t:|1681699260\n|gametype|doubles\n|player|p1|testin2|265|1411\n|player|p2|mad skwovet|pokemaniac|1336\n|teamsize|p1|6\n|teamsize|p2|6\n|gen|9\n|tier|[Gen 9] VGC 2023 Regulation C\n|rated|\n|rule|Species Clause: Limit one of each Pok\u00e9mon\n|rule|Item Clause: Limit one of each item\n|clearpoke\n|poke|p1|Amoonguss, L50, M|\n|poke|p1|Garchomp, L50, M|\n|poke|p1|Baxcalibur, L50, F|\n|poke|p1|Chi-Yu, L50|\n|poke|p1|Flutter Mane, L50|\n|poke|p1|Talonflame, L50, F|\n|poke|p2|Talonflame, L50, M|\n|poke|p2|Amoonguss, L50, F|\n|poke|p2|Gyarados, L50, F|\n|poke|p2|Tinkaton, L50, F|\n|poke|p2|Great Tusk, L50|\n|poke|p2|Flutter Mane, L50|\n|teampreview|4\n|inactive|Battle timer is ON: inactive players will automatically lose when time's up. (requested by testin2)\n|\n|t:|1681699324\n|start\n|switch|p1a: Garchomp|Garchomp, L50, M|100\/100\n|switch|p1b: Talonflame|Talonflame, L50, F|100\/100\n|switch|p2a: Tinkaton|Tinkaton, L50, F|100\/100\n|switch|p2b: Great Tusk|Great Tusk, L50|100\/100\n|-ability|p2a: Tinkaton|Mold Breaker\n|turn|1\n|inactive|mad skwovet has 30 seconds left.\n|\n|t:|1681699357\n|switch|p1a: Flutter Mane|Flutter Mane, L50|100\/100\n|move|p2a: Tinkaton|Fake Out|p1b: Talonflame\n|-damage|p1b: Talonflame|89\/100\n|cant|p1b: Talonflame|flinch\n|move|p2b: Great Tusk|Ice Spinner|p1a: Flutter Mane\n|-damage|p1a: Flutter Mane|37\/100\n|\n|upkeep\n|turn|2\n|inactive|mad skwovet has 30 seconds left.\n|inactive|testin2 has 30 seconds left.\n|\n|t:|1681699388\n|move|p2b: Great Tusk|Protect|p2b: Great Tusk\n|-singleturn|p2b: Great Tusk|Protect\n|move|p1a: Flutter Mane|Shadow Ball|p2a: Tinkaton\n|-damage|p2a: Tinkaton|44\/100\n|move|p1b: Talonflame|Brave Bird|p2a: Tinkaton\n|-resisted|p2a: Tinkaton\n|-damage|p2a: Tinkaton|9\/100\n|-damage|p1b: Talonflame|75\/100|[from] Recoil\n|move|p2a: Tinkaton|Thunder Wave|p1b: Talonflame\n|-status|p1b: Talonflame|par\n|\n|upkeep\n|turn|3\n|inactive|mad skwovet has 30 seconds left.\n|\n|t:|1681699419\n|-end|p1a: Flutter Mane|Protosynthesis|[silent]\n|switch|p1a: Garchomp|Garchomp, L50, M|100\/100\n|switch|p2a: Gyarados|Gyarados, L50, F|100\/100\n|-ability|p2a: Gyarados|Intimidate|boost\n|-fail|p1a: Garchomp|unboost|[from] item: Clear Amulet|[of] p1a: Garchomp\n|-unboost|p1b: Talonflame|atk|1\n|move|p2b: Great Tusk|Earthquake|p1a: Garchomp|[spread] p1a\n|-immune|p2a: Gyarados\n|-immune|p1b: Talonflame\n|-damage|p1a: Garchomp|65\/100\n|cant|p1b: Talonflame|par\n|\n|upkeep\n|turn|4\n|inactive|testin2 has 30 seconds left.\n|\n|t:|1681699445\n|move|p2b: Great Tusk|Ice Spinner|p1a: Garchomp\n|-supereffective|p1a: Garchomp\n|-damage|p1a: Garchomp|0 fnt\n|-damage|p2b: Great Tusk|88\/100|[from] ability: Rough Skin|[of] p1a: Garchomp\n|faint|p1a: Garchomp\n|move|p2a: Gyarados|Waterfall|p1b: Talonflame\n|-supereffective|p1b: Talonflame\n|-damage|p1b: Talonflame|0 fnt\n|faint|p1b: Talonflame\n|\n|upkeep\n|\n|t:|1681699448\n|switch|p1b: Flutter Mane|Flutter Mane, L50|37\/100\n|switch|p1a: Chi-Yu|Chi-Yu, L50|100\/100\n|-ability|p1a: Chi-Yu|Beads of Ruin\n|turn|5\n|inactive|mad skwovet has 30 seconds left.\n|inactive|mad skwovet has 20 seconds left.\n|inactive|mad skwovet has 15 seconds left.\n|inactive|mad skwovet has 10 seconds left.\n|\n|t:|1681699494\n|-terastallize|p1a: Chi-Yu|Flying\n|move|p2b: Great Tusk|Protect|p2b: Great Tusk\n|-singleturn|p2b: Great Tusk|Protect\n|move|p1a: Chi-Yu|Tera Blast|p2a: Gyarados\n|-damage|p2a: Gyarados|42\/100\n|-enditem|p2a: Gyarados|Sitrus Berry|[eat]\n|-heal|p2a: Gyarados|67\/100|[from] item: Sitrus Berry\n|move|p1b: Flutter Mane|Dazzling Gleam|p2b: Great Tusk|[spread] p2a\n|-activate|p2b: Great Tusk|move: Protect\n|-damage|p2a: Gyarados|4\/100\n|move|p2a: Gyarados|Waterfall|p1a: Chi-Yu\n|-damage|p1a: Chi-Yu|24\/100\n|\n|upkeep\n|turn|6\n|inactive|mad skwovet has 30 seconds left.\n|inactive|mad skwovet has 20 seconds left.\n|inactive|mad skwovet has 15 seconds left.\n|\n|t:|1681699535\n|move|p1a: Chi-Yu|Tera Blast|p2b: Great Tusk\n|-supereffective|p2b: Great Tusk\n|-damage|p2b: Great Tusk|0 fnt\n|faint|p2b: Great Tusk\n|-end|p2b: Great Tusk|Protosynthesis|[silent]\n|move|p1b: Flutter Mane|Dazzling Gleam|p2a: Gyarados\n|-damage|p2a: Gyarados|0 fnt\n|faint|p2a: Gyarados\n|\n|upkeep\n|\n|t:|1681699543\n|switch|p2b: Flutter Mane|Flutter Mane, L50|100\/100\n|switch|p2a: Tinkaton|Tinkaton, L50, F|9\/100\n|-ability|p2a: Tinkaton|Mold Breaker\n|-enditem|p2b: Flutter Mane|Booster Energy\n|-activate|p2b: Flutter Mane|ability: Protosynthesis|[fromitem]\n|-start|p2b: Flutter Mane|protosynthesisspa\n|turn|7\n|\n|t:|1681699561\n|-terastallize|p2b: Flutter Mane|Fairy\n|move|p2a: Tinkaton|Fake Out|p1a: Chi-Yu\n|-damage|p1a: Chi-Yu|12\/100\n|cant|p1a: Chi-Yu|flinch\n|move|p1b: Flutter Mane|Dazzling Gleam|p2a: Tinkaton|[spread] p2a,p2b\n|-resisted|p2a: Tinkaton\n|-damage|p2a: Tinkaton|0 fnt\n|-damage|p2b: Flutter Mane|44\/100\n|faint|p2a: Tinkaton\n|move|p2b: Flutter Mane|Dazzling Gleam|p1b: Flutter Mane|[spread] p1a,p1b\n|-damage|p1a: Chi-Yu|0 fnt\n|-damage|p1b: Flutter Mane|0 fnt\n|faint|p1a: Chi-Yu\n|faint|p1b: Flutter Mane\n|-end|p1b: Flutter Mane|Protosynthesis|[silent]\n|\n|win|mad skwovet\n|raw|testin2's rating: 1411 → 1387<\/strong> (-24 for losing)\n|raw|mad skwovet's rating: 1336 → 1360<\/strong> (+24 for winning)\n|l|\u2606testin2\n","uploadtime":1681699689,"views":8,"p1id":"testin2","p2id":"madskwovet","formatid":"gen9vgc2023regulationc","rating":1360,"private":0,"password":""}