{"id":"gen9vgc2023regulationc-1852924527","p1":"pokequimico","p2":"Wildtongue","format":"[Gen 9] VGC 2023 Regulation C","log":"|j|\u2606pokequimico\n|j|\u2606Wildtongue\n|t:|1682617740\n|gametype|doubles\n|player|p1|pokequimico|266|1242\n|player|p2|Wildtongue|265|1300\n|teamsize|p1|6\n|teamsize|p2|6\n|gen|9\n|tier|[Gen 9] VGC 2023 Regulation C\n|rated|\n|rule|Species Clause: Limit one of each Pok\u00e9mon\n|rule|Item Clause: Limit one of each item\n|clearpoke\n|poke|p1|Flutter Mane, L50|\n|poke|p1|Ting-Lu, L50|\n|poke|p1|Amoonguss, L50, F|\n|poke|p1|Baxcalibur, L50, M|\n|poke|p1|Iron Treads, L50|\n|poke|p1|Gothitelle, L50, M|\n|poke|p2|Palafin, L50, F|\n|poke|p2|Amoonguss, L50, M|\n|poke|p2|Arcanine, L50, F|\n|poke|p2|Flutter Mane, L50|\n|poke|p2|Ting-Lu, L50|\n|poke|p2|Baxcalibur, L50, M|\n|teampreview|4\nWildtongue has agreed to open team sheets.\n|inactive|Battle timer is ON: inactive players will automatically lose when time's up. (requested by pokequimico)\n|\n|t:|1682617837\n|start\n|switch|p1a: Baxcalibur|Baxcalibur, L50, M|100\/100\n|switch|p1b: Iron Treads|Iron Treads, L50|100\/100\n|switch|p2a: Palafin|Palafin, L50, F|100\/100\n|switch|p2b: Flutter Mane|Flutter Mane, L50|100\/100\n|-enditem|p1b: Iron Treads|Booster Energy\n|-activate|p1b: Iron Treads|ability: Quark Drive|[fromitem]\n|-start|p1b: Iron Treads|quarkdrivespe\n|turn|1\n|inactive|pokequimico has 30 seconds left.\n|\n|t:|1682617867\n|detailschange|p2a: Palafin|Palafin-Hero, L50, F\n|switch|p2a: Arcanine|Arcanine, L50, F|100\/100\n|-ability|p2a: Arcanine|Intimidate|boost\n|-fail|p1a: Baxcalibur|unboost|[from] item: Clear Amulet|[of] p1a: Baxcalibur\n|-unboost|p1b: Iron Treads|atk|1\n|-terastallize|p2b: Flutter Mane|Steel\n|move|p1a: Baxcalibur|Protect|p1a: Baxcalibur\n|-singleturn|p1a: Baxcalibur|Protect\n|move|p1b: Iron Treads|Bulldoze|p2a: Arcanine|[spread] p2a,p2b\n|-activate|p1a: Baxcalibur|move: Protect\n|-supereffective|p2a: Arcanine\n|-supereffective|p2b: Flutter Mane\n|-damage|p2a: Arcanine|73\/100\n|-damage|p2b: Flutter Mane|55\/100\n|-unboost|p2a: Arcanine|spe|1\n|-unboost|p2b: Flutter Mane|spe|1\n|move|p2b: Flutter Mane|Shadow Ball|p1b: Iron Treads\n|-damage|p1b: Iron Treads|33\/100\n|-damage|p2b: Flutter Mane|46\/100|[from] item: Life Orb\n|\n|upkeep\n|turn|2\n|inactive|pokequimico has 30 seconds left.\n|inactive|Wildtongue has 30 seconds left.\n|inactive|pokequimico has 20 seconds left.\n|inactive|pokequimico has 15 seconds left.\n|inactive|pokequimico has 10 seconds left.\n|inactive|pokequimico has 5 seconds left.\n|\n|t:|1682617922\n|switch|p2a: Ting-Lu|Ting-Lu, L50|100\/100\n|-ability|p2a: Ting-Lu|Vessel of Ruin\n|move|p1a: Baxcalibur|Protect|p1a: Baxcalibur\n|-singleturn|p1a: Baxcalibur|Protect\n|move|p1b: Iron Treads|Earthquake|p2b: Flutter Mane|[spread] p2a,p2b\n|-activate|p1a: Baxcalibur|move: Protect\n|-crit|p2a: Ting-Lu\n|-supereffective|p2b: Flutter Mane\n|-damage|p2a: Ting-Lu|74\/100\n|-damage|p2b: Flutter Mane|0 fnt\n|faint|p2b: Flutter Mane\n|-end|p2b: Flutter Mane|Protosynthesis|[silent]\n|\n|upkeep\n|\n|t:|1682617936\n|switch|p2b: Palafin|Palafin-Hero, L50, F|100\/100\n|-activate|p2b: Palafin|ability: Zero to Hero\n|turn|3\n|\n|t:|1682617950\n|switch|p1a: Amoonguss|Amoonguss, L50, F|100\/100\n|move|p1b: Iron Treads|Rock Tomb|p2a: Ting-Lu\n|-resisted|p2a: Ting-Lu\n|-damage|p2a: Ting-Lu|71\/100\n|-unboost|p2a: Ting-Lu|spe|1\n|move|p2b: Palafin|Wave Crash|p1b: Iron Treads\n|-supereffective|p1b: Iron Treads\n|-damage|p1b: Iron Treads|0 fnt\n|faint|p1b: Iron Treads\n|-end|p1b: Iron Treads|Quark Drive|[silent]\n|-damage|p2b: Palafin|91\/100|[from] Recoil\n|move|p2a: Ting-Lu|Heavy Slam|p1a: Amoonguss\n|-damage|p1a: Amoonguss|72\/100\n|\n|upkeep\n|\n|t:|1682617963\n|switch|p1b: Baxcalibur|Baxcalibur, L50, M|100\/100\n|turn|4\n|\n|t:|1682617976\n|move|p2b: Palafin|Wave Crash|p1b: Baxcalibur\n|-resisted|p1b: Baxcalibur\n|-damage|p1b: Baxcalibur|55\/100\n|-damage|p2b: Palafin|76\/100|[from] Recoil\n|move|p1b: Baxcalibur|Icicle Crash|p2a: Ting-Lu\n|-supereffective|p2a: Ting-Lu\n|-damage|p2a: Ting-Lu|5\/100\n|move|p1a: Amoonguss|Spore|p2b: Palafin\n|-status|p2b: Palafin|slp|[from] move: Spore\n|move|p2a: Ting-Lu|Ruination|p1a: Amoonguss\n|-damage|p1a: Amoonguss|37\/100\n|-enditem|p1a: Amoonguss|Sitrus Berry|[eat]\n|-heal|p1a: Amoonguss|62\/100|[from] item: Sitrus Berry\n|\n|upkeep\n|turn|5\n|\n|t:|1682618000\n|cant|p2b: Palafin|slp\n|move|p1b: Baxcalibur|Glaive Rush|p2b: Palafin\n|-damage|p2b: Palafin|5\/100 slp\n|-singlemove|p1b: Baxcalibur|Glaive Rush|[silent]\n|move|p1a: Amoonguss|Pollen Puff|p1b: Baxcalibur\n|-heal|p1b: Baxcalibur|100\/100\n|move|p2a: Ting-Lu|Heavy Slam|p1b: Baxcalibur\n|-supereffective|p1b: Baxcalibur\n|-damage|p1b: Baxcalibur|19\/100\n|\n|upkeep\n|turn|6\n|\n|t:|1682618019\n|cant|p2b: Palafin|slp\n|move|p1b: Baxcalibur|Ice Shard|p2a: Ting-Lu\n|-supereffective|p2a: Ting-Lu\n|-damage|p2a: Ting-Lu|0 fnt\n|faint|p2a: Ting-Lu\n|move|p1a: Amoonguss|Pollen Puff|p1b: Baxcalibur\n|-heal|p1b: Baxcalibur|69\/100\n|\n|upkeep\n|\n|t:|1682618027\n|switch|p2a: Arcanine|Arcanine, L50, F|73\/100\n|-ability|p2a: Arcanine|Intimidate|boost\n|-unboost|p1a: Amoonguss|atk|1\n|-fail|p1b: Baxcalibur|unboost|[from] item: Clear Amulet|[of] p1b: Baxcalibur\n|turn|7\n|\n|t:|1682618049\n|-terastallize|p1a: Amoonguss|Water\n|cant|p2b: Palafin|slp\n|move|p1b: Baxcalibur|Protect|p1b: Baxcalibur\n|-singleturn|p1b: Baxcalibur|Protect\n|move|p2a: Arcanine|Flare Blitz|p1a: Amoonguss\n|-resisted|p1a: Amoonguss\n|-damage|p1a: Amoonguss|41\/100\n|-damage|p2a: Arcanine|65\/100|[from] Recoil\n|move|p1a: Amoonguss|Pollen Puff|p2b: Palafin\n|-damage|p2b: Palafin|0 fnt\n|faint|p2b: Palafin\n|\n|upkeep\n|turn|8\n|-message|Wildtongue forfeited.\n|\n|win|pokequimico\n|raw|pokequimico's rating: 1242 → 1271<\/strong> (+29 for winning)\n|raw|Wildtongue's rating: 1300 → 1271<\/strong> (-29 for losing)\n|l|\u2606Wildtongue\n","uploadtime":1682618070,"views":7,"p1id":"pokequimico","p2id":"wildtongue","formatid":"gen9vgc2023regulationc","rating":1271,"private":0,"password":""}