{"id":"gen9vgc2023regulationc-1854927350","p1":"dada097","p2":"u got dirged","format":"[Gen 9] VGC 2023 Regulation C","log":"|j|\u2606dada097\n|j|\u2606u got dirged\n|t:|1682881637\n|gametype|doubles\n|player|p1|dada097|calem-masters|1160\n|player|p2|u got dirged|flannery|1225\n|teamsize|p1|6\n|teamsize|p2|6\n|gen|9\n|tier|[Gen 9] VGC 2023 Regulation C\n|rated|\n|rule|Species Clause: Limit one of each Pok\u00e9mon\n|rule|Item Clause: Limit one of each item\n|clearpoke\n|poke|p1|Dragapult, L50, F|\n|poke|p1|Palafin, L50, F|\n|poke|p1|Scizor, L50, M|\n|poke|p1|Flutter Mane, L50|\n|poke|p1|Amoonguss, L50, M|\n|poke|p1|Gyarados, L50, F|\n|poke|p2|Scream Tail, L50|\n|poke|p2|Baxcalibur, L50, M|\n|poke|p2|Corviknight, L50, M|\n|poke|p2|Ting-Lu, L50|\n|poke|p2|Gothitelle, L50, F|\n|poke|p2|Rotom-Wash, L50|\n|teampreview|4\n|inactive|Battle timer is ON: inactive players will automatically lose when time's up. (requested by dada097)\nu got dirged has agreed to open team sheets.\n|inactive|dada097 has 60 seconds left.\n|inactive|u got dirged has 60 seconds left.\n|\n|t:|1682881684\n|start\n|switch|p1a: Flutter Mane|Flutter Mane, L50|100\/100\n|switch|p1b: Dragapult|Dragapult, L50, F, shiny|100\/100\n|switch|p2a: Scream Tail|Scream Tail, L50, shiny|100\/100\n|switch|p2b: Baxcalibur|Baxcalibur, L50, M|100\/100\n|-enditem|p2a: Scream Tail|Booster Energy\n|-activate|p2a: Scream Tail|ability: Protosynthesis|[fromitem]\n|-start|p2a: Scream Tail|protosynthesisspe\n|turn|1\n|inactive|u got dirged has 30 seconds left.\n|\n|t:|1682881709\n|-terastallize|p1b: Dragapult|Steel\n|-terastallize|p2b: Baxcalibur|Poison\n|move|p2a: Scream Tail|Howl|p2a: Scream Tail|[spread] p2a,p2b\n|-boost|p2a: Scream Tail|atk|1\n|-boost|p2b: Baxcalibur|atk|1\n|move|p1b: Dragapult|Tera Blast|p2a: Scream Tail\n|-supereffective|p2a: Scream Tail\n|-damage|p2a: Scream Tail|22\/100\n|-damage|p1b: Dragapult|91\/100|[from] item: Life Orb\n|move|p1a: Flutter Mane|Shadow Ball|p2b: Baxcalibur\n|-damage|p2b: Baxcalibur|37\/100\n|move|p2b: Baxcalibur|Icicle Spear|p1a: Flutter Mane\n|-damage|p1a: Flutter Mane|60\/100\n|-damage|p1a: Flutter Mane|17\/100\n|-damage|p1a: Flutter Mane|0 fnt\n|faint|p1a: Flutter Mane\n|-end|p1a: Flutter Mane|Protosynthesis|[silent]\n|-hitcount|p1: Flutter Mane|3\n|\n|upkeep\n|inactive|dada097 has 30 seconds left.\n|\n|t:|1682881738\n|switch|p1a: Scizor|Scizor, L50, M, shiny|100\/100\n|turn|2\n|inactive|u got dirged has 30 seconds left.\n|\n|t:|1682881770\n|move|p2b: Baxcalibur|Protect|p2b: Baxcalibur\n|-singleturn|p2b: Baxcalibur|Protect\n|move|p1a: Scizor|Bullet Punch|p2a: Scream Tail\n|-supereffective|p2a: Scream Tail\n|-damage|p2a: Scream Tail|0 fnt\n|faint|p2a: Scream Tail\n|-end|p2a: Scream Tail|Protosynthesis|[silent]\n|move|p1b: Dragapult|Dragon Darts|p2b: Baxcalibur\n|-activate|p2b: Baxcalibur|move: Protect\n|\n|upkeep\n|\n|t:|1682881777\n|switch|p2a: Corviknight|Corviknight, L50, M, shiny|100\/100\n|turn|3\n|\n|t:|1682881790\n|move|p2b: Baxcalibur|Protect||[still]\n|-fail|p2b: Baxcalibur\n|move|p1b: Dragapult|Dragon Darts|p2b: Baxcalibur\n|-crit|p2b: Baxcalibur\n|-damage|p2b: Baxcalibur|0 fnt\n|-anim|p1b: Dragapult|Dragon Darts|p2a: Corviknight\n|-resisted|p2a: Corviknight\n|-damage|p2a: Corviknight|87\/100\n|faint|p2b: Baxcalibur\n|-damage|p1b: Dragapult|81\/100|[from] item: Life Orb\n|move|p2a: Corviknight|Tailwind|p2a: Corviknight\n|-sidestart|p2: u got dirged|move: Tailwind\n|move|p1a: Scizor|Thief|p2a: Corviknight\n|-damage|p2a: Corviknight|58\/100\n|\n|upkeep\n|\n|t:|1682881796\n|switch|p2b: Rotom|Rotom-Wash, L50, shiny|100\/100\n|turn|4\n|\n|t:|1682881809\n|move|p2b: Rotom|Will-O-Wisp|p1b: Dragapult|[miss]\n|-miss|p2b: Rotom|p1b: Dragapult\n|move|p1b: Dragapult|Dragon Darts|p2b: Rotom\n|-damage|p2b: Rotom|75\/100\n|-anim|p1b: Dragapult|Dragon Darts|p2a: Corviknight\n|-resisted|p2a: Corviknight\n|-damage|p2a: Corviknight|46\/100\n|-damage|p1b: Dragapult|71\/100|[from] item: Life Orb\n|move|p2a: Corviknight|Roost|p2a: Corviknight\n|-heal|p2a: Corviknight|96\/100\n|-singleturn|p2a: Corviknight|move: Roost\n|move|p1a: Scizor|Pounce|p2b: Rotom\n|-damage|p2b: Rotom|40\/100\n|-unboost|p2b: Rotom|spe|1\n|-enditem|p2b: Rotom|Sitrus Berry|[eat]\n|-heal|p2b: Rotom|65\/100|[from] item: Sitrus Berry\n|\n|upkeep\n|turn|5\n|\n|t:|1682881831\n|move|p1b: Dragapult|Phantom Force||[still]\n|-prepare|p1b: Dragapult|Phantom Force\n|move|p2a: Corviknight|Brave Bird|p1a: Scizor\n|-damage|p1a: Scizor|61\/100\n|-damage|p2a: Corviknight|86\/100|[from] Recoil\n|move|p2b: Rotom|Hydro Pump|p1b: Dragapult|[miss]\n|-miss|p2b: Rotom|p1b: Dragapult\n|move|p1a: Scizor|Pounce|p2b: Rotom\n|-damage|p2b: Rotom|27\/100\n|-unboost|p2b: Rotom|spe|1\n|\n|upkeep\n|turn|6\n|inactive|dada097 has 30 seconds left.\n|inactive|dada097 has 20 seconds left.\n|inactive|dada097 has 15 seconds left.\n|\n|t:|1682881872\n|move|p1b: Dragapult|Phantom Force|p2a: Corviknight|[from]lockedmove\n|-damage|p2a: Corviknight|34\/100\n|-damage|p1b: Dragapult|61\/100|[from] item: Life Orb\n|move|p2a: Corviknight|Brave Bird|p1a: Scizor\n|-damage|p1a: Scizor|18\/100\n|-damage|p2a: Corviknight|23\/100|[from] Recoil\n|move|p2b: Rotom|Hydro Pump|p1b: Dragapult\n|-damage|p1b: Dragapult|9\/100\n|move|p1a: Scizor|Pounce|p2b: Rotom\n|-damage|p2b: Rotom|0 fnt\n|faint|p2b: Rotom\n|\n|-sideend|p2: u got dirged|move: Tailwind\n|upkeep\n|turn|7\n|\n|t:|1682881886\n|move|p1b: Dragapult|Dragon Darts|p2a: Corviknight\n|-resisted|p2a: Corviknight\n|-damage|p2a: Corviknight|9\/100\n|-anim|p1b: Dragapult|Dragon Darts|p2a: Corviknight\n|-resisted|p2a: Corviknight\n|-damage|p2a: Corviknight|0 fnt\n|faint|p2a: Corviknight\n|-damage|p1b: Dragapult|0 fnt|[from] item: Life Orb\n|faint|p1b: Dragapult\n|\n|win|dada097\n|raw|dada097's rating: 1160 → 1190<\/strong> (+30 for winning)\n|raw|u got dirged's rating: 1225 → 1195<\/strong> (-30 for losing)\n|l|\u2606u got dirged\n|j|\u2606u got dirged\n|player|p2|u got dirged|flannery\n|l|\u2606u got dirged\n|player|p2|\n","uploadtime":1682881891,"views":5,"p1id":"dada097","p2id":"ugotdirged","formatid":"gen9vgc2023regulationc","rating":1190,"private":0,"password":""}