{"id":"gen9vgc2023regulationc-1860512706","p1":"Arcacagne","p2":"Auraen","format":"[Gen 9] VGC 2023 Regulation C","log":"|j|\u2606Arcacagne\n|j|\u2606Auraen\n|t:|1683650593\n|gametype|doubles\n|player|p1|Arcacagne|101|1294\n|player|p2|Auraen|flannery|1411\n|teamsize|p1|6\n|teamsize|p2|6\n|gen|9\n|tier|[Gen 9] VGC 2023 Regulation C\n|rated|\n|rule|Species Clause: Limit one of each Pok\u00e9mon\n|rule|Item Clause: Limit one of each item\n|clearpoke\n|poke|p1|Flutter Mane, L50|\n|poke|p1|Chi-Yu, L50|\n|poke|p1|Amoonguss, L50, M|\n|poke|p1|Annihilape, L50, M|\n|poke|p1|Scream Tail, L50|\n|poke|p1|Iron Bundle, L50|\n|poke|p2|Mimikyu, L50, M|\n|poke|p2|Tauros-Paldea-Aqua, L50, M|\n|poke|p2|Corviknight, L50, M|\n|poke|p2|Iron Moth, L50|\n|poke|p2|Wo-Chien, L50|\n|poke|p2|Glimmora, L50, M|\n|teampreview|4\n|\n|t:|1683650661\n|start\n|switch|p1a: Annihilape|Annihilape, L50, M|100\/100\n|switch|p1b: Amoonguss|Amoonguss, L50, M|100\/100\n|switch|p2a: Mimikyu|Mimikyu, L50, M|100\/100\n|switch|p2b: Iron Moth|Iron Moth, L50|100\/100\n|turn|1\n|\n|t:|1683650692\n|-terastallize|p1a: Annihilape|Fire\n|move|p2b: Iron Moth|Flamethrower|p1b: Amoonguss\n|-supereffective|p1b: Amoonguss\n|-damage|p1b: Amoonguss|27\/100\n|move|p2a: Mimikyu|Will-O-Wisp|p1a: Annihilape\n|-immune|p1a: Annihilape\n|move|p1a: Annihilape|Bulk Up|p1a: Annihilape\n|-boost|p1a: Annihilape|atk|1\n|-boost|p1a: Annihilape|def|1\n|move|p1b: Amoonguss|Spore|p2a: Mimikyu\n|-status|p2a: Mimikyu|slp|[from] move: Spore\n|\n|upkeep\n|turn|2\n|\n|t:|1683650718\n|switch|p2a: Corviknight|Corviknight, L50, M|100\/100\n|switch|p1b: Iron Bundle|Iron Bundle, L50|100\/100\n|move|p2b: Iron Moth|Flamethrower|p1b: Iron Bundle\n|-damage|p1b: Iron Bundle|23\/100\n|move|p1a: Annihilape|Bulk Up|p1a: Annihilape\n|-boost|p1a: Annihilape|atk|1\n|-boost|p1a: Annihilape|def|1\n|\n|upkeep\n|turn|3\n|\n|t:|1683650739\n|move|p1b: Iron Bundle|Protect|p1b: Iron Bundle\n|-singleturn|p1b: Iron Bundle|Protect\n|move|p2b: Iron Moth|Energy Ball|p1b: Iron Bundle\n|-activate|p1b: Iron Bundle|move: Protect\n|move|p1a: Annihilape|Drain Punch|p2a: Corviknight\n|-damage|p2a: Corviknight|34\/100\n|move|p2a: Corviknight|Tailwind|p2a: Corviknight\n|-sidestart|p2: Auraen|move: Tailwind\n|\n|upkeep\n|turn|4\n|\n|t:|1683650764\n|-end|p1b: Iron Bundle|Quark Drive|[silent]\n|switch|p1b: Amoonguss|Amoonguss, L50, M|60\/100\n|move|p2b: Iron Moth|Acid Spray|p1a: Annihilape\n|-damage|p1a: Annihilape|84\/100\n|-unboost|p1a: Annihilape|spd|2\n|-ability|p1a: Annihilape|Defiant|boost\n|-boost|p1a: Annihilape|atk|2\n|move|p2a: Corviknight|Iron Head|p1b: Amoonguss\n|-damage|p1b: Amoonguss|33\/100\n|-damage|p2a: Corviknight|18\/100|[from] item: Rocky Helmet|[of] p1b: Amoonguss\n|move|p1a: Annihilape|Drain Punch|p2a: Corviknight\n|-damage|p2a: Corviknight|0 fnt\n|-heal|p1a: Annihilape|92\/100|[from] drain|[of] p2a: Corviknight\n|faint|p2a: Corviknight\n|\n|upkeep\n|\n|t:|1683650778\n|switch|p2a: Glimmora|Glimmora, L50, M|100\/100\n|turn|5\n|\n|t:|1683650793\n|move|p2a: Glimmora|Spiky Shield|p2a: Glimmora\n|-singleturn|p2a: Glimmora|move: Protect\n|move|p1b: Amoonguss|Rage Powder|p1b: Amoonguss\n|-singleturn|p1b: Amoonguss|move: Rage Powder\n|move|p2b: Iron Moth|Flamethrower|p1b: Amoonguss\n|-supereffective|p1b: Amoonguss\n|-damage|p1b: Amoonguss|0 fnt\n|faint|p1b: Amoonguss\n|move|p1a: Annihilape|Rage Fist|p2b: Iron Moth\n|-damage|p2b: Iron Moth|0 fnt\n|faint|p2b: Iron Moth\n|-end|p2b: Iron Moth|Quark Drive|[silent]\n|\n|upkeep\n|\n|t:|1683650805\n|switch|p2b: Mimikyu|Mimikyu, L50, M|100\/100 slp\n|switch|p1b: Scream Tail|Scream Tail, L50|100\/100\n|-enditem|p1b: Scream Tail|Booster Energy\n|-activate|p1b: Scream Tail|ability: Protosynthesis|[fromitem]\n|-start|p1b: Scream Tail|protosynthesisspe\n|turn|6\n|\n|t:|1683650814\n|move|p1b: Scream Tail|Encore|p2a: Glimmora\n|-start|p2a: Glimmora|Encore\n|move|p2a: Glimmora|Spiky Shield|p2a: Glimmora\n|-singleturn|p2a: Glimmora|move: Protect\n|move|p1a: Annihilape|Rage Fist|p2b: Mimikyu\n|-activate|p2b: Mimikyu|ability: Disguise\n|-damage|p2b: Mimikyu|100\/100 slp\n|detailschange|p2b: Mimikyu|Mimikyu-Busted, L50, M\n|-damage|p2b: Mimikyu|88\/100 slp|[from] pokemon: Mimikyu-Busted\n|cant|p2b: Mimikyu|slp\n|\n|-sideend|p2: Auraen|move: Tailwind\n|upkeep\n|turn|7\n|-message|Auraen forfeited.\n|\n|win|Arcacagne\n|raw|Arcacagne's rating: 1294 → 1327<\/strong> (+33 for winning)\n|raw|Auraen's rating: 1411 → 1385<\/strong> (-26 for losing)\n|l|\u2606Auraen\n","uploadtime":1683650831,"views":15,"p1id":"arcacagne","p2id":"auraen","formatid":"gen9vgc2023regulationc","rating":1327,"private":0,"password":""}