{"id":"gen9vgc2023regulationc-1856162330","p1":"haha you rage quit","p2":"Terotes","format":"[Gen 9] VGC 2023 Regulation C","log":"|j|\u2606haha you rage quit\n|j|\u203dTerotes\n|t:|1683036465\n|gametype|doubles\n|player|p1|haha you rage quit|pokemaniac|1040\n|player|p2|Terotes|cyclistf|1011\n|teamsize|p1|6\n|teamsize|p2|6\n|gen|9\n|tier|[Gen 9] VGC 2023 Regulation C\n|rated|\n|rule|Species Clause: Limit one of each Pok\u00e9mon\n|rule|Item Clause: Limit one of each item\n|clearpoke\n|poke|p1|Hariyama, L50, M|\n|poke|p1|Slowpoke, L50, M|\n|poke|p1|Indeedee-F, L50, F|\n|poke|p1|Torkoal, L50, M|\n|poke|p1|Arboliva, L50, F|\n|poke|p1|Gastrodon, L50, F|\n|poke|p2|Garchomp, L50, F|\n|poke|p2|Wo-Chien, L50|\n|poke|p2|Masquerain, L50, F|\n|poke|p2|Tyranitar, L50, F|\n|poke|p2|Gholdengo, L50|\n|poke|p2|Corviknight, L50, M|\n|teampreview|4\n|\n|t:|1683036496\n|start\n|switch|p1a: Hariyama|Hariyama, L50, M, shiny|100\/100\n|switch|p1b: Slowpoke|Slowpoke, L50, M, shiny|100\/100\n|switch|p2a: Tyranitar|Tyranitar, L50, F|100\/100\n|switch|p2b: Garchomp|Garchomp, L50, F|100\/100\n|-weather|Sandstorm|[from] ability: Sand Stream|[of] p2a: Tyranitar\n|turn|1\n|inactive|Battle timer is ON: inactive players will automatically lose when time's up. (requested by Terotes)\n|\n|t:|1683036510\n|move|p1a: Hariyama|Wide Guard|p1a: Hariyama\n|-singleturn|p1a: Hariyama|Wide Guard\n|move|p2b: Garchomp|Draco Meteor|p1b: Slowpoke\n|-damage|p1b: Slowpoke|50\/100\n|-unboost|p2b: Garchomp|spa|2\n|-damage|p2b: Garchomp|91\/100|[from] item: Life Orb\n|move|p2a: Tyranitar|Dark Pulse|p1b: Slowpoke\n|-supereffective|p1b: Slowpoke\n|-damage|p1b: Slowpoke|0 fnt\n|faint|p1b: Slowpoke\n|\n|-weather|Sandstorm|[upkeep]\n|-damage|p1a: Hariyama|95\/100|[from] Sandstorm\n|-status|p1a: Hariyama|brn|[from] item: Flame Orb\n|upkeep\n|\n|t:|1683036531\n|switch|p1b: Gastrodon|Gastrodon, L50, F, shiny|100\/100\n|turn|2\n|\n|t:|1683036558\n|switch|p2b: Masquerain|Masquerain, L50, F|100\/100\n|-ability|p2b: Masquerain|Intimidate|boost\n|-unboost|p1a: Hariyama|atk|1\n|-unboost|p1b: Gastrodon|atk|1\n|move|p2a: Tyranitar|Dark Pulse|p1a: Hariyama\n|-resisted|p1a: Hariyama\n|-damage|p1a: Hariyama|79\/100 brn\n|move|p1a: Hariyama|Close Combat|p2a: Tyranitar\n|-supereffective|p2a: Tyranitar\n|-damage|p2a: Tyranitar|0 fnt\n|-unboost|p1a: Hariyama|def|1\n|-unboost|p1a: Hariyama|spd|1\n|faint|p2a: Tyranitar\n|move|p1b: Gastrodon|Ice Beam|p2b: Masquerain\n|-supereffective|p2b: Masquerain\n|-damage|p2b: Masquerain|11\/100\n|-damage|p1b: Gastrodon|91\/100|[from] item: Life Orb\n|\n|-weather|Sandstorm|[upkeep]\n|-damage|p2b: Masquerain|4\/100|[from] Sandstorm\n|-damage|p1a: Hariyama|73\/100 brn|[from] Sandstorm\n|-damage|p1a: Hariyama|67\/100 brn|[from] brn\n|upkeep\n|\n|t:|1683036569\n|switch|p2a: Garchomp|Garchomp, L50, F|91\/100\n|turn|3\n|inactive|haha you rage quit has 30 seconds left.\n|inactive|haha you rage quit has 20 seconds left.\n|\n|t:|1683036609\n|switch|p1a: Torkoal|Torkoal, L50, M, shiny|100\/100\n|-weather|SunnyDay|[from] ability: Drought|[of] p1a: Torkoal\n|-terastallize|p2b: Masquerain|Ground\n|move|p2a: Garchomp|Earth Power|p1a: Torkoal\n|-supereffective|p1a: Torkoal\n|-damage|p1a: Torkoal|0 fnt\n|faint|p1a: Torkoal\n|-damage|p2a: Garchomp|81\/100|[from] item: Life Orb\n|move|p2b: Masquerain|Quiver Dance|p2b: Masquerain\n|-boost|p2b: Masquerain|spa|1\n|-boost|p2b: Masquerain|spd|1\n|-boost|p2b: Masquerain|spe|1\n|move|p1b: Gastrodon|Ice Beam|p2a: Garchomp\n|-supereffective|p2a: Garchomp\n|-damage|p2a: Garchomp|0 fnt\n|faint|p2a: Garchomp\n|-damage|p1b: Gastrodon|81\/100|[from] item: Life Orb\n|\n|-weather|SunnyDay|[upkeep]\n|upkeep\n|\n|t:|1683036628\n|switch|p2a: Corviknight|Corviknight, L50, M|100\/100\n|switch|p1a: Hariyama|Hariyama, L50, M, shiny|67\/100 brn\n|turn|4\n|\n|t:|1683036648\n|-terastallize|p1a: Hariyama|Steel\n|move|p1a: Hariyama|Fake Out|p2b: Masquerain\n|-crit|p2b: Masquerain\n|-damage|p2b: Masquerain|0 fnt\n|faint|p2b: Masquerain\n|move|p2a: Corviknight|Bulk Up|p2a: Corviknight\n|-boost|p2a: Corviknight|atk|1\n|-boost|p2a: Corviknight|def|1\n|move|p1b: Gastrodon|Muddy Water|p2a: Corviknight\n|-damage|p2a: Corviknight|80\/100\n|-damage|p1b: Gastrodon|72\/100|[from] item: Life Orb\n|\n|-weather|SunnyDay|[upkeep]\n|-damage|p1a: Hariyama|61\/100 brn|[from] brn\n|upkeep\n|turn|5\n|\n|t:|1683036662\n|move|p2a: Corviknight|Bulk Up|p2a: Corviknight\n|-boost|p2a: Corviknight|atk|1\n|-boost|p2a: Corviknight|def|1\n|move|p1a: Hariyama|Knock Off|p2a: Corviknight\n|-damage|p2a: Corviknight|61\/100\n|-enditem|p2a: Corviknight|Figy Berry|[from] move: Knock Off|[of] p1a: Hariyama\n|move|p1b: Gastrodon|Clear Smog|p2a: Corviknight\n|-immune|p2a: Corviknight\n|\n|-weather|SunnyDay|[upkeep]\n|-damage|p1a: Hariyama|55\/100 brn|[from] brn\n|upkeep\n|turn|6\n|inactive|haha you rage quit has 30 seconds left.\n|\n|t:|1683036692\n|move|p2a: Corviknight|Roost|p2a: Corviknight\n|-heal|p2a: Corviknight|100\/100\n|-singleturn|p2a: Corviknight|move: Roost\n|move|p1a: Hariyama|Close Combat|p2a: Corviknight\n|-supereffective|p2a: Corviknight\n|-damage|p2a: Corviknight|35\/100\n|-unboost|p1a: Hariyama|def|1\n|-unboost|p1a: Hariyama|spd|1\n|move|p1b: Gastrodon|Muddy Water|p2a: Corviknight\n|-damage|p2a: Corviknight|14\/100\n|-ability|p2a: Corviknight|Mirror Armor\n|-unboost|p1b: Gastrodon|accuracy|1\n|-damage|p1b: Gastrodon|62\/100|[from] item: Life Orb\n|\n|-weather|SunnyDay|[upkeep]\n|-damage|p1a: Hariyama|49\/100 brn|[from] brn\n|upkeep\n|turn|7\n|inactive|Terotes has 30 seconds left.\n|\n|t:|1683036727\n|move|p2a: Corviknight|Power Trip|p1a: Hariyama\n|-damage|p1a: Hariyama|0 fnt\n|faint|p1a: Hariyama\n|move|p1b: Gastrodon|Ice Beam|p2a: Corviknight\n|-damage|p2a: Corviknight|0 fnt\n|faint|p2a: Corviknight\n|-damage|p1b: Gastrodon|52\/100|[from] item: Life Orb\n|\n|win|haha you rage quit\n|raw|haha you rage quit's rating: 1040 → 1071<\/strong> (+31 for winning)\n|raw|Terotes's rating: 1011 → 1000<\/strong> (-11 for losing)\n|l|\u203dTerotes\n","uploadtime":1683036738,"views":6,"p1id":"hahayouragequit","p2id":"terotes","formatid":"gen9vgc2023regulationc","rating":1000,"private":0,"password":""}