{"id":"gen9vgc2023regulationc-1861260544","p1":"Reece924","p2":"SasukeJohnson","format":"[Gen 9] VGC 2023 Regulation C","log":"|j|\u2606Reece924\n|j|\u2606SasukeJohnson\n|t:|1683740371\n|gametype|doubles\n|player|p1|Reece924|266|1227\n|player|p2|SasukeJohnson|266|1226\n|teamsize|p1|6\n|teamsize|p2|6\n|gen|9\n|tier|[Gen 9] VGC 2023 Regulation C\n|rated|\n|rule|Species Clause: Limit one of each Pok\u00e9mon\n|rule|Item Clause: Limit one of each item\n|clearpoke\n|poke|p1|Gyarados, L50, M|\n|poke|p1|Amoonguss, L50, F|\n|poke|p1|Arcanine, L50, F|\n|poke|p1|Iron Valiant, L50|\n|poke|p1|Iron Bundle, L50|\n|poke|p1|Ting-Lu, L50|\n|poke|p2|Dondozo, L50, F|\n|poke|p2|Tatsugiri, L50, M|\n|poke|p2|Iron Bundle, L50|\n|poke|p2|Abomasnow, L50, M|\n|poke|p2|Chi-Yu, L50|\n|poke|p2|Iron Valiant, L50|\n|teampreview|4\n|inactive|Battle timer is ON: inactive players will automatically lose when time's up. (requested by SasukeJohnson)\n|\n|t:|1683740417\n|start\n|switch|p1a: Amoonguss|Amoonguss, L50, F|100\/100\n|switch|p1b: Iron Valiant|Iron Valiant, L50|100\/100\n|switch|p2a: Iron Bundle|Iron Bundle, L50|100\/100\n|switch|p2b: Abomasnow|Abomasnow, L50, M|100\/100\n|-weather|Snow|[from] ability: Snow Warning|[of] p2b: Abomasnow\n|turn|1\n|inactive|Reece924 has 30 seconds left.\n|\n|t:|1683740446\n|-terastallize|p1a: Amoonguss|Water\n|move|p2a: Iron Bundle|Blizzard|p1b: Iron Valiant|[spread] p1a,p1b\n|-resisted|p1a: Amoonguss\n|-damage|p1a: Amoonguss|79\/100\n|-damage|p1b: Iron Valiant|47\/100\n|move|p1b: Iron Valiant|Aura Sphere|p2b: Abomasnow\n|-supereffective|p2b: Abomasnow\n|-damage|p2b: Abomasnow|27\/100\n|move|p2b: Abomasnow|Aurora Veil|p2b: Abomasnow\n|-sidestart|p2: SasukeJohnson|move: Aurora Veil\n|move|p1a: Amoonguss|Spore|p2a: Iron Bundle\n|-status|p2a: Iron Bundle|slp|[from] move: Spore\n|\n|-weather|Snow|[upkeep]\n|upkeep\n|turn|2\n|\n|t:|1683740465\n|cant|p2a: Iron Bundle|slp\n|move|p1b: Iron Valiant|Aura Sphere|p2b: Abomasnow\n|-supereffective|p2b: Abomasnow\n|-damage|p2b: Abomasnow|0 fnt\n|faint|p2b: Abomasnow\n|move|p1a: Amoonguss|Pollen Puff|p1b: Iron Valiant\n|-heal|p1b: Iron Valiant|97\/100\n|\n|-weather|Snow|[upkeep]\n|upkeep\n|\n|t:|1683740486\n|switch|p2b: Tatsugiri|Tatsugiri, L50, M|100\/100\n|turn|3\n|inactive|Reece924 has 30 seconds left.\n|\n|t:|1683740512\n|switch|p1a: Gyarados|Gyarados, L50, M|100\/100\n|-ability|p1a: Gyarados|Intimidate|boost\n|-unboost|p2a: Iron Bundle|atk|1\n|-unboost|p2b: Tatsugiri|atk|1\n|-terastallize|p2b: Tatsugiri|Steel\n|move|p2b: Tatsugiri|Draco Meteor|p1a: Gyarados\n|-damage|p1a: Gyarados|33\/100\n|-unboost|p2b: Tatsugiri|spa|2\n|cant|p2a: Iron Bundle|slp\n|move|p1b: Iron Valiant|Spirit Break|p2a: Iron Bundle\n|-damage|p2a: Iron Bundle|82\/100 slp\n|-unboost|p2a: Iron Bundle|spa|1\n|\n|-weather|Snow|[upkeep]\n|upkeep\n|turn|4\n|inactive|SasukeJohnson has 30 seconds left.\n|\n|t:|1683740542\n|switch|p2b: Dondozo|Dondozo, L50, F|100\/100\n|switch|p1a: Ting-Lu|Ting-Lu, L50|100\/100\n|-ability|p1a: Ting-Lu|Vessel of Ruin\n|cant|p2a: Iron Bundle|slp\n|move|p1b: Iron Valiant|Aura Sphere|p2b: Dondozo\n|-damage|p2b: Dondozo|84\/100\n|\n|-weather|Snow|[upkeep]\n|-heal|p2b: Dondozo|90\/100|[from] item: Leftovers\n|upkeep\n|turn|5\n|\n|t:|1683740566\n|-curestatus|p2a: Iron Bundle|slp|[msg]\n|move|p2a: Iron Bundle|Blizzard|p1a: Ting-Lu|[spread] p1a,p1b\n|-supereffective|p1a: Ting-Lu\n|-damage|p1a: Ting-Lu|64\/100\n|-damage|p1b: Iron Valiant|73\/100\n|-status|p1a: Ting-Lu|frz\n|move|p1b: Iron Valiant|Leaf Blade|p2b: Dondozo\n|-supereffective|p2b: Dondozo\n|-damage|p2b: Dondozo|62\/100\n|move|p2b: Dondozo|Wave Crash|p1b: Iron Valiant\n|-damage|p1b: Iron Valiant|15\/100\n|-damage|p2b: Dondozo|49\/100|[from] Recoil\n|-curestatus|p1a: Ting-Lu|frz|[msg]\n|move|p1a: Ting-Lu|Ruination|p2b: Dondozo\n|-damage|p2b: Dondozo|25\/100\n|\n|-weather|none\n|-heal|p2b: Dondozo|31\/100|[from] item: Leftovers\n|-heal|p1a: Ting-Lu|70\/100|[from] item: Leftovers\n|-sideend|p2: SasukeJohnson|move: Aurora Veil\n|upkeep\n|turn|6\n|inactive|Reece924 has 30 seconds left.\n|\n|t:|1683740595\n|-end|p2a: Iron Bundle|Quark Drive|[silent]\n|switch|p2a: Tatsugiri|Tatsugiri, L50, M, tera:Steel|100\/100\n|-activate|p2a: Tatsugiri|ability: Commander|[of] p2b: Dondozo\n|-boost|p2b: Dondozo|atk|2\n|-boost|p2b: Dondozo|spa|2\n|-boost|p2b: Dondozo|spe|2\n|-boost|p2b: Dondozo|def|2\n|-boost|p2b: Dondozo|spd|2\n|-end|p1b: Iron Valiant|Quark Drive|[silent]\n|switch|p1b: Amoonguss|Amoonguss, L50, F, tera:Water|100\/100\n|move|p2b: Dondozo|Earthquake|p1a: Ting-Lu|[spread] p1a,p1b\n|-miss|p2b: Dondozo|p2a: Tatsugiri\n|-damage|p1a: Ting-Lu|47\/100\n|-damage|p1b: Amoonguss|65\/100\n|move|p1a: Ting-Lu|Rock Slide|p2a: Tatsugiri|[spread] p2b\n|-miss|p1a: Ting-Lu|p2a: Tatsugiri\n|-damage|p2b: Dondozo|25\/100\n|\n|-heal|p2b: Dondozo|31\/100|[from] item: Leftovers\n|-heal|p1a: Ting-Lu|53\/100|[from] item: Leftovers\n|upkeep\n|turn|7\n|inactive|Reece924 has 30 seconds left.\n|\n|t:|1683740621\n|move|p2b: Dondozo|Wave Crash|p1a: Ting-Lu\n|-supereffective|p1a: Ting-Lu\n|-damage|p1a: Ting-Lu|0 fnt\n|faint|p1a: Ting-Lu\n|-damage|p2b: Dondozo|12\/100|[from] Recoil\n|move|p1b: Amoonguss|Spore|p2b: Dondozo\n|-status|p2b: Dondozo|slp|[from] move: Spore\n|\n|-heal|p2b: Dondozo|19\/100 slp|[from] item: Leftovers\n|upkeep\n|\n|t:|1683740631\n|switch|p1a: Iron Valiant|Iron Valiant, L50|15\/100\n|turn|8\n|\n|t:|1683740638\n|move|p1a: Iron Valiant|Leaf Blade|p2b: Dondozo\n|-supereffective|p2b: Dondozo\n|-damage|p2b: Dondozo|0 fnt\n|faint|p2b: Dondozo\n|move|p1b: Amoonguss|Pollen Puff|p1a: Iron Valiant\n|-heal|p1a: Iron Valiant|65\/100\n|\n|upkeep\n|\n|t:|1683740642\n|switch|p2b: Iron Bundle|Iron Bundle, L50|82\/100\n|turn|9\n|\n|t:|1683740660\n|move|p1b: Amoonguss|Protect|p1b: Amoonguss\n|-singleturn|p1b: Amoonguss|Protect\n|move|p2a: Tatsugiri|Muddy Water|p1a: Iron Valiant|[spread] p1a\n|-activate|p1b: Amoonguss|move: Protect\n|-damage|p1a: Iron Valiant|33\/100\n|-unboost|p1a: Iron Valiant|accuracy|1\n|move|p2b: Iron Bundle|Freeze-Dry|p1b: Amoonguss\n|-activate|p1b: Amoonguss|move: Protect\n|move|p1a: Iron Valiant|Aura Sphere|p2a: Tatsugiri\n|-supereffective|p2a: Tatsugiri\n|-damage|p2a: Tatsugiri|19\/100\n|\n|upkeep\n|turn|10\n|\n|t:|1683740681\n|-end|p1a: Iron Valiant|Quark Drive|[silent]\n|switch|p1a: Gyarados|Gyarados, L50, M|33\/100\n|-ability|p1a: Gyarados|Intimidate|boost\n|-unboost|p2a: Tatsugiri|atk|1\n|-unboost|p2b: Iron Bundle|atk|1\n|move|p2a: Tatsugiri|Muddy Water|p1a: Gyarados|[spread] p1a,p1b\n|-resisted|p1a: Gyarados\n|-resisted|p1b: Amoonguss\n|-damage|p1a: Gyarados|15\/100\n|-damage|p1b: Amoonguss|51\/100\n|-unboost|p1b: Amoonguss|accuracy|1\n|move|p2b: Iron Bundle|Freeze-Dry|p1b: Amoonguss\n|-supereffective|p1b: Amoonguss\n|-damage|p1b: Amoonguss|0 fnt\n|faint|p1b: Amoonguss\n|\n|upkeep\n|\n|t:|1683740693\n|switch|p1b: Iron Valiant|Iron Valiant, L50|33\/100\n|turn|11\n|\n|t:|1683740713\n|move|p2a: Tatsugiri|Muddy Water|p1a: Gyarados|[spread] p1b\n|-miss|p2a: Tatsugiri|p1a: Gyarados\n|-damage|p1b: Iron Valiant|0 fnt\n|faint|p1b: Iron Valiant\n|-end|p1b: Iron Valiant|Quark Drive|[silent]\n|move|p2b: Iron Bundle|Freeze-Dry|p1a: Gyarados\n|-supereffective|p1a: Gyarados\n|-damage|p1a: Gyarados|0 fnt\n|faint|p1a: Gyarados\n|\n|win|SasukeJohnson\n|raw|Reece924's rating: 1227 → 1202<\/strong> (-25 for losing)\n|raw|SasukeJohnson's rating: 1226 → 1251<\/strong> (+25 for winning)\n","uploadtime":1683740721,"views":11,"p1id":"reece924","p2id":"sasukejohnson","formatid":"gen9vgc2023regulationc","rating":1202,"private":0,"password":""}