{"id":"gen9vgc2023regulationc-1851238446","p1":"She shawty","p2":"gorilnx","format":"[Gen 9] VGC 2023 Regulation C","log":"|j|\u2606She shawty\n|j|\u2606gorilnx\n|t:|1682428350\n|gametype|doubles\n|player|p1|She shawty|koga|1267\n|player|p2|gorilnx|dawn-gen4pt|1257\n|teamsize|p1|6\n|teamsize|p2|6\n|gen|9\n|tier|[Gen 9] VGC 2023 Regulation C\n|rated|\n|rule|Species Clause: Limit one of each Pok\u00e9mon\n|rule|Item Clause: Limit one of each item\n|clearpoke\n|poke|p1|Rotom-Wash, L50|\n|poke|p1|Garganacl, L50, F|\n|poke|p1|Dragapult, L50, F|\n|poke|p1|Amoonguss, L50, F|\n|poke|p1|Arcanine, L50, F|\n|poke|p1|Flutter Mane, L50|\n|poke|p2|Abomasnow, L50, F|\n|poke|p2|Iron Bundle, L50|\n|poke|p2|Vivillon-Fancy, L50, F|\n|poke|p2|Ting-Lu, L50|\n|poke|p2|Annihilape, L50, M|\n|poke|p2|Chien-Pao, L50|\n|teampreview|4\n|inactive|Battle timer is ON: inactive players will automatically lose when time's up. (requested by She shawty)\n|\n|t:|1682428375\n|start\n|switch|p1a: Dnite|Dragapult, L50, F|100\/100\n|switch|p1b: WoChien|Amoonguss, L50, F|100\/100\n|switch|p2a: Vivillon|Vivillon-Fancy, L50, F|100\/100\n|switch|p2b: Ting-Lu|Ting-Lu, L50|100\/100\n|-ability|p2b: Ting-Lu|Vessel of Ruin\n|turn|1\n|\n|t:|1682428392\n|move|p1a: Dnite|U-turn|p2a: Vivillon\n|-resisted|p2a: Vivillon\n|-damage|p2a: Vivillon|66\/100\n|\n|t:|1682428396\n|switch|p1a: ChiYu|Arcanine, L50, F|100\/100|[from] U-turn\n|-ability|p1a: ChiYu|Intimidate|boost\n|-unboost|p2a: Vivillon|atk|1\n|-unboost|p2b: Ting-Lu|atk|1\n|move|p2a: Vivillon|Safeguard|p2a: Vivillon\n|-sidestart|p2: gorilnx|Safeguard\n|move|p2b: Ting-Lu|Throat Chop|p1a: ChiYu\n|-damage|p1a: ChiYu|54\/100\n|-start|p1a: ChiYu|Throat Chop|[silent]\n|move|p1b: WoChien|Spore|p2b: Ting-Lu\n|-activate|p2b: Ting-Lu|move: Safeguard\n|\n|upkeep\n|turn|2\n|inactive|gorilnx has 30 seconds left.\n|\n|t:|1682428426\n|switch|p2b: Iron Bundle|Iron Bundle, L50|100\/100\n|-enditem|p2b: Iron Bundle|Booster Energy\n|-activate|p2b: Iron Bundle|ability: Quark Drive|[fromitem]\n|-start|p2b: Iron Bundle|quarkdrivespe\n|-terastallize|p1a: ChiYu|Flying\n|move|p2a: Vivillon|Rage Powder|p2a: Vivillon\n|-singleturn|p2a: Vivillon|move: Rage Powder\n|move|p1a: ChiYu|Flare Blitz|p2a: Vivillon\n|-supereffective|p2a: Vivillon\n|-damage|p2a: Vivillon|0 fnt\n|faint|p2a: Vivillon\n|-damage|p1a: ChiYu|36\/100|[from] Recoil\n|move|p1b: WoChien|Pollen Puff|p1a: ChiYu\n|-heal|p1a: ChiYu|86\/100\n|\n|-end|p1a: ChiYu|Throat Chop|[silent]\n|upkeep\n|\n|t:|1682428442\n|switch|p2a: Abomasnow|Abomasnow, L50, F|100\/100\n|-weather|Snow|[from] ability: Snow Warning|[of] p2a: Abomasnow\n|turn|3\n|\n|t:|1682428461\n|move|p1a: ChiYu|Protect|p1a: ChiYu\n|-singleturn|p1a: ChiYu|Protect\n|move|p1b: WoChien|Protect|p1b: WoChien\n|-singleturn|p1b: WoChien|Protect\n|move|p2b: Iron Bundle|Blizzard|p1b: WoChien|[spread] \n|-activate|p1a: ChiYu|move: Protect\n|-activate|p1b: WoChien|move: Protect\n|move|p2a: Abomasnow|Blizzard|p1a: ChiYu|[spread] \n|-activate|p1a: ChiYu|move: Protect\n|-activate|p1b: WoChien|move: Protect\n|\n|-weather|Snow|[upkeep]\n|upkeep\n|turn|4\n|inactive|She shawty has 30 seconds left.\n|inactive|She shawty has 20 seconds left.\n|inactive|She shawty has 15 seconds left.\n|inactive|She shawty has 10 seconds left.\n|\n|t:|1682428508\n|switch|p1b: Garganacl|Garganacl, L50, F|100\/100\n|move|p2a: Abomasnow|Helping Hand|p2b: Iron Bundle\n|-singleturn|p2b: Iron Bundle|Helping Hand|[of] p2a: Abomasnow\n|move|p2b: Iron Bundle|Blizzard|p1a: ChiYu|[spread] p1a,p1b\n|-supereffective|p1a: ChiYu\n|-damage|p1a: ChiYu|0 fnt\n|-damage|p1b: Garganacl|52\/100\n|faint|p1a: ChiYu\n|\n|-weather|Snow|[upkeep]\n|-heal|p1b: Garganacl|58\/100|[from] item: Leftovers\n|upkeep\n|\n|t:|1682428531\n|switch|p1a: WoChien|Amoonguss, L50, F|100\/100\n|turn|5\n|\n|t:|1682428543\n|move|p1a: WoChien|Rage Powder|p1a: WoChien\n|-singleturn|p1a: WoChien|move: Rage Powder\n|move|p2b: Iron Bundle|Aurora Veil|p2b: Iron Bundle\n|-sidestart|p2: gorilnx|move: Aurora Veil\n|move|p2a: Abomasnow|Energy Ball|p1b: Garganacl\n|-supereffective|p1b: Garganacl\n|-damage|p1b: Garganacl|0 fnt\n|faint|p1b: Garganacl\n|-damage|p2a: Abomasnow|91\/100|[from] item: Life Orb\n|\n|-weather|Snow|[upkeep]\n|-sideend|p2: gorilnx|Safeguard\n|upkeep\n|-message|She shawty forfeited.\n|\n|win|gorilnx\n|raw|She shawty's rating: 1267 → 1241<\/strong> (-26 for losing)\n|raw|gorilnx's rating: 1257 → 1283<\/strong> (+26 for winning)\n|l|\u2606She shawty\n","uploadtime":1682428561,"views":12,"p1id":"sheshawty","p2id":"gorilnx","formatid":"gen9vgc2023regulationc","rating":1241,"private":0,"password":""}