{"id":"gen9vgc2023regulationc-1859043532","p1":"PokemonBreederJoey","p2":"A_Wild_Ymir","format":"[Gen 9] VGC 2023 Regulation C","log":"|j|\u2606PokemonBreederJoey\n|j|\u2606A_Wild_Ymir\n|t:|1683397819\n|gametype|doubles\n|player|p1|PokemonBreederJoey|266|1330\n|player|p2|A_Wild_Ymir|pokemonbreeder-gen4|1337\n|teamsize|p1|6\n|teamsize|p2|6\n|gen|9\n|tier|[Gen 9] VGC 2023 Regulation C\n|rated|\n|rule|Species Clause: Limit one of each Pok\u00e9mon\n|rule|Item Clause: Limit one of each item\n|clearpoke\n|poke|p1|Grimmsnarl, L50, M|\n|poke|p1|Garganacl, L50, F|\n|poke|p1|Sylveon, L50, F|\n|poke|p1|Hawlucha, L50, F|\n|poke|p1|Wo-Chien, L50|\n|poke|p1|Scizor, L50, F|\n|poke|p2|Farigiraf, L50, F|\n|poke|p2|Hariyama, L50, F|\n|poke|p2|Wo-Chien, L50|\n|poke|p2|Kingambit, L50, M|\n|poke|p2|Armarouge, L50, F|\n|poke|p2|Scizor, L50, F|\n|teampreview|4\n|inactive|Battle timer is ON: inactive players will automatically lose when time's up. (requested by A_Wild_Ymir)\n|inactive|PokemonBreederJoey has 60 seconds left.\n|inactive|A_Wild_Ymir has 60 seconds left.\n|inactive|PokemonBreederJoey has 30 seconds left.\n|\n|t:|1683397889\n|start\n|switch|p1a: Grimmsnarl|Grimmsnarl, L50, M|100\/100\n|switch|p1b: Sylveon|Sylveon, L50, F|100\/100\n|switch|p2a: Scizor|Scizor, L50, F, shiny|100\/100\n|switch|p2b: Hariyama|Hariyama, L50, F, shiny|100\/100\n|turn|1\n|inactive|PokemonBreederJoey has 30 seconds left.\n|\n|t:|1683397915\n|-terastallize|p1b: Sylveon|Fire\n|move|p1a: Grimmsnarl|Fake Out|p2b: Hariyama\n|-damage|p2b: Hariyama|89\/100\n|cant|p2b: Hariyama|flinch\n|move|p2a: Scizor|Bullet Punch|p1a: Grimmsnarl\n|-supereffective|p1a: Grimmsnarl\n|-damage|p1a: Grimmsnarl|28\/100\n|move|p1b: Sylveon|Tera Blast|p2a: Scizor\n|-supereffective|p2a: Scizor\n|-damage|p2a: Scizor|0 fnt\n|faint|p2a: Scizor\n|\n|-status|p2b: Hariyama|brn|[from] item: Flame Orb\n|upkeep\n|\n|t:|1683397932\n|switch|p2a: Armarouge|Armarouge, L50, F, shiny|100\/100\n|turn|2\n|\n|t:|1683397945\n|-terastallize|p2b: Hariyama|Ground\n|move|p1a: Grimmsnarl|Light Screen|p1a: Grimmsnarl\n|-sidestart|p1: PokemonBreederJoey|move: Light Screen\n|move|p1b: Sylveon|Hyper Voice|p2b: Hariyama|[spread] p2a,p2b\n|-resisted|p2a: Armarouge\n|-damage|p2a: Armarouge|75\/100\n|-damage|p2b: Hariyama|45\/100 brn\n|-enditem|p1b: Sylveon|Throat Spray\n|-boost|p1b: Sylveon|spa|1|[from] item: Throat Spray\n|move|p2b: Hariyama|Headlong Rush|p1b: Sylveon\n|-supereffective|p1b: Sylveon\n|-damage|p1b: Sylveon|0 fnt\n|-unboost|p2b: Hariyama|def|1\n|-unboost|p2b: Hariyama|spd|1\n|faint|p1b: Sylveon\n|move|p2a: Armarouge|Trick Room|p2a: Armarouge\n|-fieldstart|move: Trick Room|[of] p2a: Armarouge\n|\n|-damage|p2b: Hariyama|39\/100 brn|[from] brn\n|upkeep\n|\n|t:|1683397961\n|switch|p1b: Garganacl|Garganacl, L50, F|100\/100\n|turn|3\n|\n|t:|1683397986\n|switch|p2b: Wo-Chien|Wo-Chien, L50|100\/100\n|-ability|p2b: Wo-Chien|Tablets of Ruin\n|move|p1a: Grimmsnarl|Reflect|p1a: Grimmsnarl\n|-sidestart|p1: PokemonBreederJoey|Reflect\n|move|p1b: Garganacl|Salt Cure|p2b: Wo-Chien\n|-damage|p2b: Wo-Chien|91\/100\n|-start|p2b: Wo-Chien|Salt Cure\n|move|p2a: Armarouge|Armor Cannon|p1a: Grimmsnarl\n|-damage|p1a: Grimmsnarl|0 fnt\n|-unboost|p2a: Armarouge|def|1\n|-unboost|p2a: Armarouge|spd|1\n|faint|p1a: Grimmsnarl\n|\n|-heal|p2b: Wo-Chien|97\/100|[from] item: Leftovers\n|-damage|p2b: Wo-Chien|85\/100|[from] Salt Cure\n|upkeep\n|\n|t:|1683398001\n|switch|p1a: Wo-Chien|Wo-Chien, L50|100\/100\n|-ability|p1a: Wo-Chien|Tablets of Ruin\n|turn|4\n|\n|t:|1683398010\n|move|p2a: Armarouge|Protect|p2a: Armarouge\n|-singleturn|p2a: Armarouge|Protect\n|move|p1b: Garganacl|Salt Cure|p2a: Armarouge\n|-activate|p2a: Armarouge|move: Protect\n|move|p2b: Wo-Chien|Substitute|p2b: Wo-Chien\n|-start|p2b: Wo-Chien|Substitute\n|-damage|p2b: Wo-Chien|60\/100\n|move|p1a: Wo-Chien|Pollen Puff|p2b: Wo-Chien\n|-supereffective|p2b: Wo-Chien\n|-end|p2b: Wo-Chien|Substitute\n|\n|-heal|p2b: Wo-Chien|66\/100|[from] item: Leftovers\n|-damage|p2b: Wo-Chien|54\/100|[from] Salt Cure\n|upkeep\n|turn|5\n|\n|t:|1683398032\n|move|p1b: Garganacl|Salt Cure|p2a: Armarouge\n|-supereffective|p2a: Armarouge\n|-damage|p2a: Armarouge|44\/100\n|move|p2b: Wo-Chien|Leech Seed|p1b: Garganacl\n|-start|p1b: Garganacl|move: Leech Seed\n|move|p2a: Armarouge|Armor Cannon|p1a: Wo-Chien\n|-supereffective|p1a: Wo-Chien\n|-damage|p1a: Wo-Chien|44\/100\n|-unboost|p2a: Armarouge|def|1\n|-unboost|p2a: Armarouge|spd|1\n|-enditem|p1a: Wo-Chien|Sitrus Berry|[eat]\n|-heal|p1a: Wo-Chien|69\/100|[from] item: Sitrus Berry\n|move|p1a: Wo-Chien|Pollen Puff|p2b: Wo-Chien\n|-supereffective|p2b: Wo-Chien\n|-damage|p2b: Wo-Chien|6\/100\n|\n|-heal|p2b: Wo-Chien|11\/100|[from] item: Leftovers\n|-damage|p1b: Garganacl|88\/100|[from] Leech Seed|[of] p2b: Wo-Chien\n|-heal|p2b: Wo-Chien|25\/100|[silent]\n|-damage|p2b: Wo-Chien|13\/100|[from] Salt Cure\n|upkeep\n|turn|6\n|inactive|PokemonBreederJoey has 30 seconds left.\n|inactive|A_Wild_Ymir has 30 seconds left.\n|inactive|PokemonBreederJoey has 20 seconds left.\n|\n|t:|1683398068\n|move|p2b: Wo-Chien|Protect|p2b: Wo-Chien\n|-singleturn|p2b: Wo-Chien|Protect\n|move|p1b: Garganacl|Salt Cure|p2a: Armarouge\n|-supereffective|p2a: Armarouge\n|-damage|p2a: Armarouge|7\/100\n|move|p2a: Armarouge|Armor Cannon|p1a: Wo-Chien\n|-supereffective|p1a: Wo-Chien\n|-damage|p1a: Wo-Chien|15\/100\n|-unboost|p2a: Armarouge|def|1\n|-unboost|p2a: Armarouge|spd|1\n|move|p1a: Wo-Chien|Pollen Puff|p2b: Wo-Chien\n|-activate|p2b: Wo-Chien|move: Protect\n|\n|-heal|p1b: Garganacl|94\/100|[from] item: Leftovers\n|-heal|p2b: Wo-Chien|18\/100|[from] item: Leftovers\n|-damage|p1b: Garganacl|82\/100|[from] Leech Seed|[of] p2b: Wo-Chien\n|-heal|p2b: Wo-Chien|31\/100|[silent]\n|-damage|p2b: Wo-Chien|19\/100|[from] Salt Cure\n|-fieldend|move: Trick Room\n|upkeep\n|turn|7\n|inactive|PokemonBreederJoey has 30 seconds left.\n|inactive|A_Wild_Ymir has 30 seconds left.\n|inactive|A_Wild_Ymir has 20 seconds left.\n|\n|t:|1683398106\n|switch|p2b: Hariyama|Hariyama, L50, F, shiny, tera:Ground|39\/100 brn\n|move|p2a: Armarouge|Protect|p2a: Armarouge\n|-singleturn|p2a: Armarouge|Protect\n|move|p1a: Wo-Chien|Pollen Puff|p2b: Hariyama\n|-crit|p2b: Hariyama\n|-damage|p2b: Hariyama|9\/100 brn\n|move|p1b: Garganacl|Salt Cure|p2a: Armarouge\n|-activate|p2a: Armarouge|move: Protect\n|\n|-heal|p1b: Garganacl|88\/100|[from] item: Leftovers\n|-damage|p1b: Garganacl|76\/100|[from] Leech Seed|[of] p2b: Hariyama\n|-heal|p2b: Hariyama|21\/100 brn|[silent]\n|-damage|p2b: Hariyama|15\/100 brn|[from] brn\n|upkeep\n|turn|8\n|\n|t:|1683398130\n|move|p2b: Hariyama|Fake Out|p1b: Garganacl\n|-resisted|p1b: Garganacl\n|-damage|p1b: Garganacl|72\/100\n|move|p1a: Wo-Chien|Giga Drain|p2b: Hariyama\n|-supereffective|p2b: Hariyama\n|-damage|p2b: Hariyama|0 fnt\n|-heal|p1a: Wo-Chien|23\/100|[from] drain|[of] p2b: Hariyama\n|faint|p2b: Hariyama\n|move|p2a: Armarouge|Armor Cannon|p1a: Wo-Chien\n|-supereffective|p1a: Wo-Chien\n|-damage|p1a: Wo-Chien|0 fnt\n|-unboost|p2a: Armarouge|def|1\n|-unboost|p2a: Armarouge|spd|1\n|faint|p1a: Wo-Chien\n|cant|p1b: Garganacl|flinch\n|\n|-heal|p1b: Garganacl|78\/100|[from] item: Leftovers\n|upkeep\n|\n|t:|1683398140\n|switch|p2b: Wo-Chien|Wo-Chien, L50|19\/100\n|-ability|p2b: Wo-Chien|Tablets of Ruin\n|turn|9\n|\n|t:|1683398154\n|move|p2a: Armarouge|Protect|p2a: Armarouge\n|-singleturn|p2a: Armarouge|Protect\n|move|p2b: Wo-Chien|Protect|p2b: Wo-Chien\n|-singleturn|p2b: Wo-Chien|Protect\n|move|p1b: Garganacl|Salt Cure|p2a: Armarouge\n|-activate|p2a: Armarouge|move: Protect\n|\n|-heal|p2b: Wo-Chien|25\/100|[from] item: Leftovers\n|-heal|p1b: Garganacl|84\/100|[from] item: Leftovers\n|-damage|p1b: Garganacl|72\/100|[from] Leech Seed|[of] p2b: Wo-Chien\n|-heal|p2b: Wo-Chien|38\/100|[silent]\n|-sideend|p1: PokemonBreederJoey|move: Light Screen\n|upkeep\n|turn|10\n|\n|t:|1683398172\n|move|p2a: Armarouge|Armor Cannon|p1b: Garganacl\n|-resisted|p1b: Garganacl\n|-damage|p1b: Garganacl|50\/100\n|-unboost|p2a: Armarouge|def|1\n|-unboost|p2a: Armarouge|spd|1\n|move|p2b: Wo-Chien|Substitute|p2b: Wo-Chien\n|-start|p2b: Wo-Chien|Substitute\n|-damage|p2b: Wo-Chien|14\/100\n|move|p1b: Garganacl|Body Press|p2b: Wo-Chien\n|-supereffective|p2b: Wo-Chien\n|-end|p2b: Wo-Chien|Substitute\n|\n|-heal|p2b: Wo-Chien|19\/100|[from] item: Leftovers\n|-heal|p1b: Garganacl|56\/100|[from] item: Leftovers\n|-damage|p1b: Garganacl|43\/100|[from] Leech Seed|[of] p2b: Wo-Chien\n|-heal|p2b: Wo-Chien|32\/100|[silent]\n|-sideend|p1: PokemonBreederJoey|Reflect\n|upkeep\n|turn|11\n|\n|t:|1683398187\n|move|p2a: Armarouge|Protect|p2a: Armarouge\n|-singleturn|p2a: Armarouge|Protect\n|move|p2b: Wo-Chien|Protect|p2b: Wo-Chien\n|-singleturn|p2b: Wo-Chien|Protect\n|move|p1b: Garganacl|Recover|p1b: Garganacl\n|-heal|p1b: Garganacl|94\/100\n|\n|-heal|p2b: Wo-Chien|38\/100|[from] item: Leftovers\n|-heal|p1b: Garganacl|99\/100|[from] item: Leftovers\n|-damage|p1b: Garganacl|87\/100|[from] Leech Seed|[of] p2b: Wo-Chien\n|-heal|p2b: Wo-Chien|51\/100|[silent]\n|upkeep\n|turn|12\n|\n|t:|1683398208\n|move|p2a: Armarouge|Armor Cannon|p1b: Garganacl\n|-resisted|p1b: Garganacl\n|-damage|p1b: Garganacl|66\/100\n|-unboost|p2a: Armarouge|def|1\n|-unboost|p2a: Armarouge|spd|1\n|move|p2b: Wo-Chien|Substitute|p2b: Wo-Chien\n|-start|p2b: Wo-Chien|Substitute\n|-damage|p2b: Wo-Chien|27\/100\n|move|p1b: Garganacl|Salt Cure|p2a: Armarouge\n|-supereffective|p2a: Armarouge\n|-damage|p2a: Armarouge|0 fnt\n|faint|p2a: Armarouge\n|\n|-heal|p2b: Wo-Chien|32\/100|[from] item: Leftovers\n|-heal|p1b: Garganacl|72\/100|[from] item: Leftovers\n|-damage|p1b: Garganacl|59\/100|[from] Leech Seed|[of] p2b: Wo-Chien\n|-heal|p2b: Wo-Chien|46\/100|[silent]\n|upkeep\n|turn|13\n|\n|t:|1683398222\n|move|p2b: Wo-Chien|Snarl|p1b: Garganacl\n|-damage|p1b: Garganacl|46\/100\n|-unboost|p1b: Garganacl|spa|1\n|move|p1b: Garganacl|Iron Defense|p1b: Garganacl\n|-boost|p1b: Garganacl|def|2\n|\n|-heal|p2b: Wo-Chien|51\/100|[from] item: Leftovers\n|-heal|p1b: Garganacl|52\/100|[from] item: Leftovers\n|-damage|p1b: Garganacl|40\/100|[from] Leech Seed|[of] p2b: Wo-Chien\n|-heal|p2b: Wo-Chien|64\/100|[silent]\n|upkeep\n|turn|14\n|\n|t:|1683398234\n|move|p2b: Wo-Chien|Snarl|p1b: Garganacl\n|-damage|p1b: Garganacl|27\/100\n|-unboost|p1b: Garganacl|spa|1\n|move|p1b: Garganacl|Recover|p1b: Garganacl\n|-heal|p1b: Garganacl|77\/100\n|\n|-heal|p2b: Wo-Chien|70\/100|[from] item: Leftovers\n|-heal|p1b: Garganacl|83\/100|[from] item: Leftovers\n|-damage|p1b: Garganacl|71\/100|[from] Leech Seed|[of] p2b: Wo-Chien\n|-heal|p2b: Wo-Chien|83\/100|[silent]\n|upkeep\n|turn|15\n|\n|t:|1683398246\n|move|p2b: Wo-Chien|Snarl|p1b: Garganacl\n|-crit|p1b: Garganacl\n|-damage|p1b: Garganacl|52\/100\n|-unboost|p1b: Garganacl|spa|1\n|move|p1b: Garganacl|Iron Defense|p1b: Garganacl\n|-boost|p1b: Garganacl|def|2\n|\n|-heal|p2b: Wo-Chien|89\/100|[from] item: Leftovers\n|-heal|p1b: Garganacl|58\/100|[from] item: Leftovers\n|-damage|p1b: Garganacl|46\/100|[from] Leech Seed|[of] p2b: Wo-Chien\n|-heal|p2b: Wo-Chien|100\/100|[silent]\n|upkeep\n|turn|16\n|\n|t:|1683398256\n|move|p2b: Wo-Chien|Snarl|p1b: Garganacl\n|-damage|p1b: Garganacl|33\/100\n|-unboost|p1b: Garganacl|spa|1\n|move|p1b: Garganacl|Recover|p1b: Garganacl\n|-heal|p1b: Garganacl|83\/100\n|\n|-heal|p1b: Garganacl|89\/100|[from] item: Leftovers\n|-damage|p1b: Garganacl|77\/100|[from] Leech Seed|[of] p2b: Wo-Chien\n|upkeep\n|turn|17\n|\n|t:|1683398266\n|move|p2b: Wo-Chien|Substitute|p2b: Wo-Chien\n|-fail|p2b: Wo-Chien|move: Substitute\n|move|p1b: Garganacl|Body Press|p2b: Wo-Chien\n|-supereffective|p2b: Wo-Chien\n|-end|p2b: Wo-Chien|Substitute\n|\n|-heal|p1b: Garganacl|83\/100|[from] item: Leftovers\n|-damage|p1b: Garganacl|71\/100|[from] Leech Seed|[of] p2b: Wo-Chien\n|upkeep\n|turn|18\n|\n|t:|1683398275\n|move|p2b: Wo-Chien|Protect|p2b: Wo-Chien\n|-singleturn|p2b: Wo-Chien|Protect\n|move|p1b: Garganacl|Body Press|p2b: Wo-Chien\n|-activate|p2b: Wo-Chien|move: Protect\n|\n|-heal|p1b: Garganacl|76\/100|[from] item: Leftovers\n|-damage|p1b: Garganacl|64\/100|[from] Leech Seed|[of] p2b: Wo-Chien\n|upkeep\n|turn|19\n|\n|t:|1683398284\n|move|p2b: Wo-Chien|Substitute|p2b: Wo-Chien\n|-start|p2b: Wo-Chien|Substitute\n|-damage|p2b: Wo-Chien|76\/100\n|move|p1b: Garganacl|Body Press|p2b: Wo-Chien\n|-supereffective|p2b: Wo-Chien\n|-end|p2b: Wo-Chien|Substitute\n|\n|-heal|p2b: Wo-Chien|82\/100|[from] item: Leftovers\n|-heal|p1b: Garganacl|70\/100|[from] item: Leftovers\n|-damage|p1b: Garganacl|58\/100|[from] Leech Seed|[of] p2b: Wo-Chien\n|-heal|p2b: Wo-Chien|95\/100|[silent]\n|upkeep\n|turn|20\n|\n|t:|1683398296\n|move|p2b: Wo-Chien|Protect|p2b: Wo-Chien\n|-singleturn|p2b: Wo-Chien|Protect\n|move|p1b: Garganacl|Body Press|p2b: Wo-Chien\n|-activate|p2b: Wo-Chien|move: Protect\n|\n|-heal|p2b: Wo-Chien|100\/100|[from] item: Leftovers\n|-heal|p1b: Garganacl|64\/100|[from] item: Leftovers\n|-damage|p1b: Garganacl|52\/100|[from] Leech Seed|[of] p2b: Wo-Chien\n|upkeep\n|turn|21\n|\n|t:|1683398306\n|move|p2b: Wo-Chien|Substitute|p2b: Wo-Chien\n|-start|p2b: Wo-Chien|Substitute\n|-damage|p2b: Wo-Chien|76\/100\n|move|p1b: Garganacl|Body Press|p2b: Wo-Chien\n|-supereffective|p2b: Wo-Chien\n|-end|p2b: Wo-Chien|Substitute\n|\n|-heal|p2b: Wo-Chien|82\/100|[from] item: Leftovers\n|-heal|p1b: Garganacl|58\/100|[from] item: Leftovers\n|-damage|p1b: Garganacl|45\/100|[from] Leech Seed|[of] p2b: Wo-Chien\n|-heal|p2b: Wo-Chien|95\/100|[silent]\n|upkeep\n|turn|22\n|\n|t:|1683398317\n|move|p2b: Wo-Chien|Protect|p2b: Wo-Chien\n|-singleturn|p2b: Wo-Chien|Protect\n|move|p1b: Garganacl|Recover|p1b: Garganacl\n|-heal|p1b: Garganacl|96\/100\n|\n|-heal|p2b: Wo-Chien|100\/100|[from] item: Leftovers\n|-heal|p1b: Garganacl|100\/100|[from] item: Leftovers\n|-damage|p1b: Garganacl|88\/100|[from] Leech Seed|[of] p2b: Wo-Chien\n|upkeep\n|turn|23\n|c|\u2606A_Wild_Ymir|this is pain hahaha\n|\n|t:|1683398330\n|move|p2b: Wo-Chien|Substitute|p2b: Wo-Chien\n|-start|p2b: Wo-Chien|Substitute\n|-damage|p2b: Wo-Chien|76\/100\n|move|p1b: Garganacl|Body Press|p2b: Wo-Chien\n|-supereffective|p2b: Wo-Chien\n|-end|p2b: Wo-Chien|Substitute\n|\n|-heal|p2b: Wo-Chien|82\/100|[from] item: Leftovers\n|-heal|p1b: Garganacl|94\/100|[from] item: Leftovers\n|-damage|p1b: Garganacl|82\/100|[from] Leech Seed|[of] p2b: Wo-Chien\n|-heal|p2b: Wo-Chien|95\/100|[silent]\n|upkeep\n|turn|24\n|c|\u2606PokemonBreederJoey|yeah..\n|\n|t:|1683398344\n|move|p2b: Wo-Chien|Protect|p2b: Wo-Chien\n|-singleturn|p2b: Wo-Chien|Protect\n|move|p1b: Garganacl|Salt Cure|p2b: Wo-Chien\n|-activate|p2b: Wo-Chien|move: Protect\n|\n|-heal|p2b: Wo-Chien|100\/100|[from] item: Leftovers\n|-heal|p1b: Garganacl|88\/100|[from] item: Leftovers\n|-damage|p1b: Garganacl|76\/100|[from] Leech Seed|[of] p2b: Wo-Chien\n|upkeep\n|turn|25\n|\n|t:|1683398354\n|move|p2b: Wo-Chien|Substitute|p2b: Wo-Chien\n|-start|p2b: Wo-Chien|Substitute\n|-damage|p2b: Wo-Chien|76\/100\n|move|p1b: Garganacl|Salt Cure|p2b: Wo-Chien\n|-activate|p2b: Wo-Chien|move: Substitute|[damage]\n|\n|-heal|p2b: Wo-Chien|82\/100|[from] item: Leftovers\n|-heal|p1b: Garganacl|82\/100|[from] item: Leftovers\n|-damage|p1b: Garganacl|70\/100|[from] Leech Seed|[of] p2b: Wo-Chien\n|-heal|p2b: Wo-Chien|95\/100|[silent]\n|upkeep\n|turn|26\n|\n|t:|1683398371\n|move|p2b: Wo-Chien|Snarl|p1b: Garganacl\n|-damage|p1b: Garganacl|58\/100\n|-unboost|p1b: Garganacl|spa|1\n|move|p1b: Garganacl|Body Press|p2b: Wo-Chien\n|-supereffective|p2b: Wo-Chien\n|-end|p2b: Wo-Chien|Substitute\n|\n|-heal|p2b: Wo-Chien|100\/100|[from] item: Leftovers\n|-heal|p1b: Garganacl|63\/100|[from] item: Leftovers\n|-damage|p1b: Garganacl|51\/100|[from] Leech Seed|[of] p2b: Wo-Chien\n|upkeep\n|turn|27\n|\n|t:|1683398382\n|move|p2b: Wo-Chien|Substitute|p2b: Wo-Chien\n|-start|p2b: Wo-Chien|Substitute\n|-damage|p2b: Wo-Chien|76\/100\n|move|p1b: Garganacl|Body Press|p2b: Wo-Chien\n|-supereffective|p2b: Wo-Chien\n|-end|p2b: Wo-Chien|Substitute\n|\n|-heal|p2b: Wo-Chien|82\/100|[from] item: Leftovers\n|-heal|p1b: Garganacl|57\/100|[from] item: Leftovers\n|-damage|p1b: Garganacl|45\/100|[from] Leech Seed|[of] p2b: Wo-Chien\n|-heal|p2b: Wo-Chien|95\/100|[silent]\n|upkeep\n|turn|28\n|\n|t:|1683398392\n|move|p2b: Wo-Chien|Substitute|p2b: Wo-Chien\n|-start|p2b: Wo-Chien|Substitute\n|-damage|p2b: Wo-Chien|70\/100\n|move|p1b: Garganacl|Iron Defense|p1b: Garganacl\n|-boost|p1b: Garganacl|def|2\n|\n|-heal|p2b: Wo-Chien|76\/100|[from] item: Leftovers\n|-heal|p1b: Garganacl|51\/100|[from] item: Leftovers\n|-damage|p1b: Garganacl|39\/100|[from] Leech Seed|[of] p2b: Wo-Chien\n|-heal|p2b: Wo-Chien|89\/100|[silent]\n|upkeep\n|turn|29\n|inactive|PokemonBreederJoey has 30 seconds left.\n|\n|t:|1683398403\n|move|p2b: Wo-Chien|Snarl|p1b: Garganacl\n|-damage|p1b: Garganacl|25\/100\n|-unboost|p1b: Garganacl|spa|1\n|move|p1b: Garganacl|Recover|p1b: Garganacl\n|-heal|p1b: Garganacl|75\/100\n|\n|-heal|p2b: Wo-Chien|95\/100|[from] item: Leftovers\n|-heal|p1b: Garganacl|81\/100|[from] item: Leftovers\n|-damage|p1b: Garganacl|69\/100|[from] Leech Seed|[of] p2b: Wo-Chien\n|-heal|p2b: Wo-Chien|100\/100|[silent]\n|upkeep\n|turn|30\n|inactive|PokemonBreederJoey has 30 seconds left this turn.\n|inactive|PokemonBreederJoey has 20 seconds left.\n|\n|t:|1683398415\n|move|p2b: Wo-Chien|Snarl|p1b: Garganacl\n|-damage|p1b: Garganacl|57\/100\n|move|p1b: Garganacl|Body Press|p2b: Wo-Chien\n|-supereffective|p2b: Wo-Chien\n|-end|p2b: Wo-Chien|Substitute\n|\n|-heal|p1b: Garganacl|63\/100|[from] item: Leftovers\n|-damage|p1b: Garganacl|51\/100|[from] Leech Seed|[of] p2b: Wo-Chien\n|upkeep\n|turn|31\n|inactive|PokemonBreederJoey has 20 seconds left this turn.\n|inactive|PokemonBreederJoey has 15 seconds left.\n|\n|t:|1683398424\n|move|p2b: Wo-Chien|Substitute|p2b: Wo-Chien\n|-start|p2b: Wo-Chien|Substitute\n|-damage|p2b: Wo-Chien|76\/100\n|move|p1b: Garganacl|Body Press|p2b: Wo-Chien\n|-supereffective|p2b: Wo-Chien\n|-crit|p2b: Wo-Chien\n|-end|p2b: Wo-Chien|Substitute\n|\n|-heal|p2b: Wo-Chien|82\/100|[from] item: Leftovers\n|-heal|p1b: Garganacl|57\/100|[from] item: Leftovers\n|-damage|p1b: Garganacl|44\/100|[from] Leech Seed|[of] p2b: Wo-Chien\n|-heal|p2b: Wo-Chien|95\/100|[silent]\n|upkeep\n|turn|32\n|inactive|PokemonBreederJoey has 15 seconds left this turn.\n|inactive|PokemonBreederJoey has 10 seconds left.\n|c|\u2606PokemonBreederJoey|how many pp does this have\n|inactive|PokemonBreederJoey has 5 seconds left.\n|\n|t:|1683398436\n|move|p2b: Wo-Chien|Protect|p2b: Wo-Chien\n|-singleturn|p2b: Wo-Chien|Protect\n|move|p1b: Garganacl|Body Press|p2b: Wo-Chien\n|-activate|p2b: Wo-Chien|move: Protect\n|\n|-heal|p2b: Wo-Chien|100\/100|[from] item: Leftovers\n|-heal|p1b: Garganacl|50\/100|[from] item: Leftovers\n|-damage|p1b: Garganacl|38\/100|[from] Leech Seed|[of] p2b: Wo-Chien\n|upkeep\n|turn|33\n|inactive|PokemonBreederJoey has 5 seconds left this turn.\n|c|\u2606A_Wild_Ymir|too many haha\n|-message|PokemonBreederJoey lost due to inactivity.\n|\n|win|A_Wild_Ymir\n|raw|PokemonBreederJoey's rating: 1330 → 1310<\/strong> (-20 for losing)\n|raw|A_Wild_Ymir's rating: 1337 → 1357<\/strong> (+20 for winning)\n|c|\u2606PokemonBreederJoey|what\n|c|\u2606A_Wild_Ymir|xD\n|c|\u2606A_Wild_Ymir|ggs\n","uploadtime":1683398456,"views":18,"p1id":"pokemonbreederjoey","p2id":"awildymir","formatid":"gen9vgc2023regulationc","rating":1310,"private":0,"password":""}