{"id":"gen9vgc2023regulationc-1848159565","p1":"leoprosinpro","p2":"ApplinFan773","format":"[Gen 9] VGC 2023 Regulation C","log":"|j|\u2606leoprosinpro\n|j|\u2606ApplinFan773\n|t:|1682036731\n|gametype|doubles\n|player|p1|leoprosinpro|waiter-gen4dp|1063\n|player|p2|ApplinFan773|cilan|1151\n|teamsize|p1|6\n|teamsize|p2|6\n|gen|9\n|tier|[Gen 9] VGC 2023 Regulation C\n|rated|\n|rule|Species Clause: Limit one of each Pok\u00e9mon\n|rule|Item Clause: Limit one of each item\n|clearpoke\n|poke|p1|Indeedee-F, L50, F|\n|poke|p1|Camerupt, L50, M|\n|poke|p1|Flutter Mane, L50|\n|poke|p1|Altaria, L50, F|\n|poke|p1|Bruxish, L50, M|\n|poke|p1|Iron Thorns, L50|\n|poke|p2|Maushold-Four, L50|\n|poke|p2|Flutter Mane, L50|\n|poke|p2|Scream Tail, L50|\n|poke|p2|Arboliva, L50, F|\n|poke|p2|Ceruledge, L50, M|\n|poke|p2|Salamence, L50, M|\n|teampreview|4\n|inactive|Battle timer is ON: inactive players will automatically lose when time's up. (requested by ApplinFan773)\n|c|\u2606ApplinFan773|Glhf, cool team\n|inactive|ApplinFan773 has 60 seconds left.\n|\n|t:|1682036763\n|start\n|switch|p1a: Iron Thorns|Iron Thorns, L50|100\/100\n|switch|p1b: Indeedee|Indeedee-F, L50, F|100\/100\n|switch|p2a: Persephone|Scream Tail, L50, shiny|100\/100\n|switch|p2b: The Millers|Maushold-Four, L50|100\/100\n|-fieldstart|move: Psychic Terrain|[from] ability: Psychic Surge|[of] p1b: Indeedee\n|-enditem|p2a: Persephone|Booster Energy\n|-activate|p2a: Persephone|ability: Protosynthesis|[fromitem]\n|-start|p2a: Persephone|protosynthesisspe\n|-enditem|p1a: Iron Thorns|Booster Energy\n|-activate|p1a: Iron Thorns|ability: Quark Drive|[fromitem]\n|-start|p1a: Iron Thorns|quarkdriveatk\n|turn|1\n|\n|t:|1682036782\n|-terastallize|p1a: Iron Thorns|Rock\n|move|p2a: Persephone|Misty Terrain|p2a: Persephone\n|-fieldstart|move: Misty Terrain\n|move|p2b: The Millers|Population Bomb|p1b: Indeedee\n|-damage|p1b: Indeedee|85\/100\n|-damage|p1b: Indeedee|69\/100\n|-damage|p1b: Indeedee|52\/100\n|-damage|p1b: Indeedee|35\/100\n|-damage|p1b: Indeedee|19\/100\n|-damage|p1b: Indeedee|2\/100\n|-damage|p1b: Indeedee|0 fnt\n|faint|p1b: Indeedee\n|-hitcount|p1: Indeedee|7\n|move|p1a: Iron Thorns|Rock Slide|p2a: Persephone|[spread] p2a,p2b\n|-damage|p2a: Persephone|54\/100\n|-damage|p2b: The Millers|24\/100\n|\n|upkeep\n|\n|t:|1682036801\n|switch|p1b: Bruxish|Bruxish, L50, M|100\/100\n|turn|2\n|\n|t:|1682036810\n|move|p2a: Persephone|Disable|p1a: Iron Thorns\n|-start|p1a: Iron Thorns|Disable|Rock Slide\n|move|p2b: The Millers|Population Bomb|p1b: Bruxish\n|-damage|p1b: Bruxish|83\/100\n|-damage|p1b: Bruxish|64\/100\n|-damage|p1b: Bruxish|45\/100\n|-damage|p1b: Bruxish|26\/100\n|-damage|p1b: Bruxish|8\/100\n|-damage|p1b: Bruxish|0 fnt\n|faint|p1b: Bruxish\n|-hitcount|p1: Bruxish|6\n|cant|p1a: Iron Thorns|Disable|Rock Slide\n|\n|upkeep\n|\n|t:|1682036824\n|switch|p1b: Camerupt|Camerupt, L50, M|100\/100\n|turn|3\n|\n|t:|1682036832\n|-terastallize|p2b: The Millers|Normal\n|move|p2a: Persephone|Howl|p2a: Persephone|[spread] p2a,p2b\n|-boost|p2a: Persephone|atk|1\n|-boost|p2b: The Millers|atk|1\n|move|p2b: The Millers|Population Bomb|p1a: Iron Thorns\n|-resisted|p1a: Iron Thorns\n|-damage|p1a: Iron Thorns|92\/100\n|-resisted|p1a: Iron Thorns\n|-damage|p1a: Iron Thorns|84\/100\n|-resisted|p1a: Iron Thorns\n|-damage|p1a: Iron Thorns|75\/100\n|-resisted|p1a: Iron Thorns\n|-damage|p1a: Iron Thorns|66\/100\n|-resisted|p1a: Iron Thorns\n|-damage|p1a: Iron Thorns|58\/100\n|-resisted|p1a: Iron Thorns\n|-damage|p1a: Iron Thorns|48\/100\n|-resisted|p1a: Iron Thorns\n|-damage|p1a: Iron Thorns|40\/100\n|-resisted|p1a: Iron Thorns\n|-damage|p1a: Iron Thorns|31\/100\n|-resisted|p1a: Iron Thorns\n|-damage|p1a: Iron Thorns|23\/100\n|-resisted|p1a: Iron Thorns\n|-damage|p1a: Iron Thorns|14\/100\n|-hitcount|p1a: Iron Thorns|10\n|move|p1a: Iron Thorns|Wild Charge|p2b: The Millers\n|-damage|p2b: The Millers|0 fnt\n|faint|p2b: The Millers\n|-damage|p1a: Iron Thorns|9\/100|[from] Recoil\n|move|p1b: Camerupt|Heat Wave|p2a: Persephone\n|-damage|p2a: Persephone|16\/100\n|\n|upkeep\n|inactive|ApplinFan773 has 30 seconds left.\n|\n|t:|1682036860\n|switch|p2b: Rhea|Arboliva, L50, F, shiny|100\/100\n|turn|4\n|\n|t:|1682036872\n|move|p1a: Iron Thorns|Protect|p1a: Iron Thorns\n|-singleturn|p1a: Iron Thorns|Protect\n|move|p2b: Rhea|Protect|p2b: Rhea\n|-singleturn|p2b: Rhea|Protect\n|move|p2a: Persephone|Disable|p1a: Iron Thorns\n|-activate|p1a: Iron Thorns|move: Protect\n|move|p1b: Camerupt|Eruption|p2b: Rhea|[spread] p2a\n|-activate|p2b: Rhea|move: Protect\n|-damage|p2a: Persephone|0 fnt\n|faint|p2a: Persephone\n|-end|p2a: Persephone|Protosynthesis|[silent]\n|\n|upkeep\n|\n|t:|1682036876\n|switch|p2a: Myrtle|Flutter Mane, L50, shiny|100\/100\n|turn|5\n|\n|t:|1682036893\n|move|p2a: Myrtle|Moonblast|p1a: Iron Thorns\n|-damage|p1a: Iron Thorns|0 fnt\n|faint|p1a: Iron Thorns\n|-end|p1a: Iron Thorns|Quark Drive|[silent]\n|-damage|p2a: Myrtle|91\/100|[from] item: Life Orb\n|move|p2b: Rhea|Earth Power|p1b: Camerupt\n|-supereffective|p1b: Camerupt\n|-damage|p1b: Camerupt|20\/100\n|move|p1b: Camerupt|Heat Wave|p2a: Myrtle|[spread] p2a,p2b\n|-supereffective|p2b: Rhea\n|-damage|p2a: Myrtle|47\/100\n|-damage|p2b: Rhea|21\/100\n|-fieldstart|move: Grassy Terrain|[from] ability: Seed Sower|[of] p2b: Rhea\n|\n|-heal|p2a: Myrtle|53\/100|[from] Grassy Terrain\n|-heal|p2b: Rhea|27\/100|[from] Grassy Terrain\n|-heal|p1b: Camerupt|26\/100|[from] Grassy Terrain\n|upkeep\n|turn|6\n|\n|t:|1682036909\n|move|p2a: Myrtle|Moonblast|p1b: Camerupt\n|-resisted|p1b: Camerupt\n|-damage|p1b: Camerupt|0 fnt\n|faint|p1b: Camerupt\n|-damage|p2a: Myrtle|43\/100|[from] item: Life Orb\n|\n|win|ApplinFan773\n|raw|leoprosinpro's rating: 1063 → 1048<\/strong> (-15 for losing)\n|raw|ApplinFan773's rating: 1151 → 1170<\/strong> (+19 for winning)\n|l|\u2606leoprosinpro\n|c|\u2606ApplinFan773|gg wp\n","uploadtime":1682036919,"views":4,"p1id":"leoprosinpro","p2id":"applinfan773","formatid":"gen9vgc2023regulationc","rating":1048,"private":0,"password":""}