{"id":"gen9vgc2023regulationc-1854351745","p1":"JonatanGM","p2":"XMarcosPr710","format":"[Gen 9] VGC 2023 Regulation C","log":"|j|\u2606JonatanGM\n|j|\u2606XMarcosPr710\n|t:|1682800277\n|gametype|doubles\n|player|p1|JonatanGM|blackbelt-gen4dp|\n|player|p2|XMarcosPr710|266|\n|teamsize|p1|6\n|teamsize|p2|6\n|gen|9\n|tier|[Gen 9] VGC 2023 Regulation C\n|rule|Species Clause: Limit one of each Pok\u00e9mon\n|rule|Item Clause: Limit one of each item\n|clearpoke\n|poke|p1|Chien-Pao, L50|\n|poke|p1|Dragonite, L50, F|\n|poke|p1|Flutter Mane, L50|\n|poke|p1|Lilligant, L50, F|\n|poke|p1|Torkoal, L50, F|\n|poke|p1|Great Tusk, L50|\n|poke|p2|Ting-Lu, L50|\n|poke|p2|Flutter Mane, L50|\n|poke|p2|Roaring Moon, L50|\n|poke|p2|Palafin, L50, M|\n|poke|p2|Amoonguss, L50, F|\n|poke|p2|Arcanine, L50, F|\n|teampreview|4\n|j| fifier\n|j| TreckZoro\n|c| fifier|marcos\n|j| Agitativ40\n|c| fifier|prometeme\n|c| fifier|q en el proximo torneo de vgc q juegues\n|j| Slimeks\n|c| fifier|usaras el equipo q montamos\n|c|\u2606XMarcosPr710|si xd\n|c|\u2606XMarcosPr710|en el de ma\u00f1ana\n|j| gabsalma\n|c| fifier|choro\nXMarcosPr710 has agreed to open team sheets.\nJonatanGM has agreed to open team sheets.\n|c|\u2606JonatanGM|al final no me dijiste eso marcos\n|c|\u2606JonatanGM|u,u\n|c| Agitativ40|Pueden comenzar\n|\n|t:|1682800356\n|start\n|switch|p1a: Torkoal|Torkoal, L50, F, shiny|100\/100\n|switch|p1b: Great Tusk|Great Tusk, L50, shiny|100\/100\n|switch|p2a: Flutter Mane|Flutter Mane, L50|100\/100\n|switch|p2b: Amoonguss|Amoonguss, L50, F|100\/100\n|-weather|SunnyDay|[from] ability: Drought|[of] p1a: Torkoal\n|-activate|p1b: Great Tusk|ability: Protosynthesis\n|-start|p1b: Great Tusk|protosynthesisatk\n|-activate|p2a: Flutter Mane|ability: Protosynthesis\n|-start|p2a: Flutter Mane|protosynthesisspe\n|turn|1\n|c|\u2606XMarcosPr710|ah verdad\n|c|\u2606XMarcosPr710|ahora te lo paso por priv\n|c| fifier|q cosa\n|\n|t:|1682800381\n|switch|p1a: Dragonite|Dragonite, L50, F, shiny|100\/100\n|-terastallize|p2a: Flutter Mane|Fairy\n|move|p2a: Flutter Mane|Moonblast|p1b: Great Tusk\n|-supereffective|p1b: Great Tusk\n|-damage|p1b: Great Tusk|0 fnt\n|faint|p1b: Great Tusk\n|-end|p1b: Great Tusk|Protosynthesis|[silent]\n|move|p2b: Amoonguss|Spore|p1a: Dragonite\n|-status|p1a: Dragonite|slp|[from] move: Spore\n|\n|-weather|SunnyDay|[upkeep]\n|upkeep\n|c| fifier|tremendo\n|c|\u2606JonatanGM|me di cuenta que subio atk al bicho ese cuando le di\n|c|\u2606JonatanGM|supuestamente sube vel,el mas alto u,u\n|\n|t:|1682800422\n|switch|p1b: Torkoal|Torkoal, L50, F, shiny|100\/100\n|turn|2\n|inactive|Battle timer is ON: inactive players will automatically lose when time's up. (requested by JonatanGM)\n|\n|t:|1682800443\n|-end|p2a: Flutter Mane|Protosynthesis|[silent]\n|switch|p2a: Ting-Lu|Ting-Lu, L50|100\/100\n|-ability|p2a: Ting-Lu|Vessel of Ruin\n|-terastallize|p1a: Dragonite|Normal\n|cant|p1a: Dragonite|slp\n|move|p2b: Amoonguss|Spore|p1b: Torkoal\n|-status|p1b: Torkoal|slp|[from] move: Spore\n|cant|p1b: Torkoal|slp\n|\n|-weather|SunnyDay|[upkeep]\n|upkeep\n|turn|3\n|c| gabsalma|jona sube el mas alto fijate bien\n|c|\u2606JonatanGM|pues lo que dije\n|c|\u2606JonatanGM|xd\n|\n|t:|1682800461\n|move|p2b: Amoonguss|Protect|p2b: Amoonguss\n|-singleturn|p2b: Amoonguss|Protect\n|cant|p1a: Dragonite|slp\n|move|p2a: Ting-Lu|Sand Tomb|p1b: Torkoal\n|-supereffective|p1b: Torkoal\n|-damage|p1b: Torkoal|72\/100 slp\n|-activate|p1b: Torkoal|move: Sand Tomb|[of] p2a: Ting-Lu\n|cant|p1b: Torkoal|slp\n|\n|-weather|SunnyDay|[upkeep]\n|-damage|p1b: Torkoal|60\/100 slp|[from] move: Sand Tomb|[partiallytrapped]\n|upkeep\n|turn|4\n|c| gabsalma|lo pusiste mal xd\n|c| fifier|jonatan mira el mensaje q te mande\n|inactive|JonatanGM has 30 seconds left.\n|c|\u2606JonatanGM|lo puse bien yo creo el mensaje\n|inactive|JonatanGM has 20 seconds left.\n|c|\u2606JonatanGM|la coma que puse ,\n|c|\u2606JonatanGM|por donde?\n|inactive|JonatanGM has 15 seconds left.\n|\n|t:|1682800503\n|-curestatus|p1a: Dragonite|slp|[msg]\n|move|p1a: Dragonite|Extreme Speed|p2b: Amoonguss\n|-damage|p2b: Amoonguss|20\/100\n|-enditem|p2b: Amoonguss|Sitrus Berry|[eat]\n|-heal|p2b: Amoonguss|45\/100|[from] item: Sitrus Berry\n|move|p2a: Ting-Lu|Stomping Tantrum|p1b: Torkoal\n|-supereffective|p1b: Torkoal\n|-damage|p1b: Torkoal|2\/100 slp\n|move|p2b: Amoonguss|Spore|p1a: Dragonite\n|-status|p1a: Dragonite|slp|[from] move: Spore\n|-curestatus|p1b: Torkoal|slp|[msg]\n|move|p1b: Torkoal|Eruption|p2b: Amoonguss|[spread] p2a,p2b\n|-supereffective|p2b: Amoonguss\n|-damage|p2a: Ting-Lu|99\/100\n|-damage|p2b: Amoonguss|45\/100\n|\n|-weather|SunnyDay|[upkeep]\n|-damage|p1b: Torkoal|0 fnt|[from] move: Sand Tomb|[partiallytrapped]\n|faint|p1b: Torkoal\n|upkeep\n|c| fifier|en home\n|c| fifier|a la izquierda de lo del combate\n|c| gabsalma|sigan batalando y dejen de mensajearse xd\n|c| Agitativ40|1%\n|inactive|JonatanGM has 30 seconds left.\n|c|\u2606JonatanGM|le quite 0 cerdad?\n|c|\u2606JonatanGM|verdad*\n|c| fifier|si\n|inactive|JonatanGM has 20 seconds left.\n|c|\u2606JonatanGM|bien\n|\n|t:|1682800540\n|switch|p1b: Flutter Mane|Flutter Mane, L50|100\/100\n|-activate|p1b: Flutter Mane|ability: Protosynthesis\n|-start|p1b: Flutter Mane|protosynthesisspe\n|turn|5\n|inactive|XMarcosPr710 has 30 seconds left.\n|\n|t:|1682800568\n|cant|p1a: Dragonite|slp\n|move|p1b: Flutter Mane|Dazzling Gleam|p2b: Amoonguss|[spread] p2a,p2b\n|-supereffective|p2a: Ting-Lu\n|-resisted|p2b: Amoonguss\n|-damage|p2a: Ting-Lu|58\/100\n|-damage|p2b: Amoonguss|32\/100\n|move|p2a: Ting-Lu|Ruination|p1b: Flutter Mane\n|-damage|p1b: Flutter Mane|51\/100\n|move|p2b: Amoonguss|Spore|p1b: Flutter Mane\n|-status|p1b: Flutter Mane|slp|[from] move: Spore\n|\n|-weather|none\n|-end|p1b: Flutter Mane|Protosynthesis\n|upkeep\n|turn|6\n|c| gabsalma|veremos un fisure que no falle\n|c| gabsalma|?\n|c|\u2606XMarcosPr710|no llevo xd\n|c|\u2606JonatanGM|spore enjojer\n|c| gabsalma|xd\n|c|\u2606XMarcosPr710|p voy con amoongus\n|c|\u2606XMarcosPr710|xd\n|inactive|JonatanGM has 30 seconds left.\n|inactive|XMarcosPr710 has 30 seconds left.\n|c| Agitativ40|Por no llevar Lum Berry con Dragonite\n|inactive|JonatanGM has 20 seconds left.\n|\n|t:|1682800605\n|move|p2b: Amoonguss|Protect|p2b: Amoonguss\n|-singleturn|p2b: Amoonguss|Protect\n|-curestatus|p1a: Dragonite|slp|[msg]\n|move|p1a: Dragonite|Extreme Speed|p2a: Ting-Lu\n|-crit|p2a: Ting-Lu\n|-damage|p2a: Ting-Lu|0 fnt\n|faint|p2a: Ting-Lu\n|cant|p1b: Flutter Mane|slp\n|\n|upkeep\n|\n|t:|1682800614\n|switch|p2a: Arcanine|Arcanine, L50, F|100\/100\n|-ability|p2a: Arcanine|Intimidate|boost\n|-unboost|p1a: Dragonite|atk|1\n|-unboost|p1b: Flutter Mane|atk|1\n|turn|7\n|l| TreckZoro\n|\n|t:|1682800626\n|move|p1a: Dragonite|Extreme Speed|p2b: Amoonguss\n|-damage|p2b: Amoonguss|0 fnt\n|faint|p2b: Amoonguss\n|cant|p1b: Flutter Mane|slp\n|move|p2a: Arcanine|Will-O-Wisp|p1a: Dragonite|[miss]\n|-miss|p2a: Arcanine|p1a: Dragonite\n|\n|upkeep\n|c|\u2606JonatanGM|?\n|\n|t:|1682800635\n|switch|p2b: Flutter Mane|Flutter Mane, L50, tera:Fairy|100\/100\n|turn|8\n|\n|t:|1682800645\n|move|p1a: Dragonite|Extreme Speed|p2b: Flutter Mane\n|-damage|p2b: Flutter Mane|7\/100\n|cant|p1b: Flutter Mane|slp\n|move|p2b: Flutter Mane|Moonblast|p1b: Flutter Mane\n|-damage|p1b: Flutter Mane|0 fnt\n|faint|p1b: Flutter Mane\n|-end|p1b: Flutter Mane|Protosynthesis|[silent]\n|move|p2a: Arcanine|Snarl|p1a: Dragonite\n|-crit|p1a: Dragonite\n|-damage|p1a: Dragonite|92\/100\n|-unboost|p1a: Dragonite|spa|1\n|\n|upkeep\n|turn|9\n|\n|t:|1682800659\n|move|p1a: Dragonite|Extreme Speed|p2b: Flutter Mane\n|-damage|p2b: Flutter Mane|0 fnt\n|faint|p2b: Flutter Mane\n|-end|p2b: Flutter Mane|Protosynthesis|[silent]\n|move|p2a: Arcanine|Will-O-Wisp|p1a: Dragonite\n|-status|p1a: Dragonite|brn\n|\n|-damage|p1a: Dragonite|86\/100 brn|[from] brn\n|upkeep\n|turn|10\n|\n|t:|1682800670\n|move|p2a: Arcanine|Protect|p2a: Arcanine\n|-singleturn|p2a: Arcanine|Protect\n|move|p1a: Dragonite|Extreme Speed|p2a: Arcanine\n|-activate|p2a: Arcanine|move: Protect\n|\n|-damage|p1a: Dragonite|80\/100 brn|[from] brn\n|upkeep\n|turn|11\n|c|\u2606JonatanGM|a pecho descubierto\n|c| fifier|ojo\n|c| Slimeks|se viene crit?\n|c|\u2606JonatanGM|me stallea\n|\n|t:|1682800683\n|move|p1a: Dragonite|Extreme Speed|p2a: Arcanine\n|-damage|p2a: Arcanine|76\/100\n|move|p2a: Arcanine|Flare Blitz|p1a: Dragonite\n|-damage|p1a: Dragonite|35\/100 brn\n|-damage|p2a: Arcanine|62\/100|[from] Recoil\n|\n|-damage|p1a: Dragonite|30\/100 brn|[from] brn\n|upkeep\n|turn|12\n|\n|t:|1682800691\n|move|p1a: Dragonite|Extreme Speed|p2a: Arcanine\n|-damage|p2a: Arcanine|36\/100\n|move|p2a: Arcanine|Flare Blitz|p1a: Dragonite\n|-damage|p1a: Dragonite|0 fnt\n|faint|p1a: Dragonite\n|-damage|p2a: Arcanine|26\/100|[from] Recoil\n|\n|win|XMarcosPr710\n|c|\u2606JonatanGM|bueno gg\n|c| fifier|gg\n|c|\u2606XMarcosPr710|gg\n|l|\u2606JonatanGM\n|c|\u2606XMarcosPr710|mejor combate que jugue con este team xd\n|l| Slimeks\n|c| gabsalma|hh\n|c| gabsalma|gg\n|l| Agitativ40\n|l|\u2606XMarcosPr710\n|l| gabsalma\n|j| Agitativ40\n|l| fifier\n","uploadtime":1682800724,"views":15,"p1id":"jonatangm","p2id":"xmarcospr710","formatid":"gen9vgc2023regulationc","rating":0,"private":0,"password":""}