{"id":"gen9vgc2023regulationc-1864406034","p1":"HeatVW","p2":"littlemasteraik","format":"[Gen 9] VGC 2023 Regulation C","log":"|j|\u2606HeatVW\n|j|\u2606littlemasteraik\n|t:|1684163802\n|gametype|doubles\n|player|p1|HeatVW|marley|1305\n|player|p2|littlemasteraik|102|1362\n|teamsize|p1|6\n|teamsize|p2|6\n|gen|9\n|tier|[Gen 9] VGC 2023 Regulation C\n|rated|\n|rule|Species Clause: Limit one of each Pok\u00e9mon\n|rule|Item Clause: Limit one of each item\n|clearpoke\n|poke|p1|Ting-Lu, L50|\n|poke|p1|Arcanine, L50, F|\n|poke|p1|Flutter Mane, L50|\n|poke|p1|Chien-Pao, L50|\n|poke|p1|Dragonite, L50, M|\n|poke|p1|Glimmora, L50, F|\n|poke|p2|Talonflame, L50, F|\n|poke|p2|Amoonguss, L50, F|\n|poke|p2|Flutter Mane, L50|\n|poke|p2|Chi-Yu, L50|\n|poke|p2|Iron Hands, L50|\n|poke|p2|Azumarill, L50, F|\n|teampreview|4\n|inactive|Battle timer is ON: inactive players will automatically lose when time's up. (requested by HeatVW)\n|inactive|HeatVW has 60 seconds left.\n|inactive|littlemasteraik has 60 seconds left.\n|inactive|littlemasteraik has 30 seconds left.\n|inactive|littlemasteraik has 20 seconds left.\n|\n|t:|1684163874\n|start\n|switch|p1a: shakira|Flutter Mane, L50|100\/100\n|switch|p1b: Glimmora|Glimmora, L50, F|100\/100\n|switch|p2a: Talonflame|Talonflame, L50, F|100\/100\n|switch|p2b: Flutter Mane|Flutter Mane, L50|100\/100\n|-enditem|p1a: shakira|Booster Energy\n|-activate|p1a: shakira|ability: Protosynthesis|[fromitem]\n|-start|p1a: shakira|protosynthesisspe\n|turn|1\n|inactive|HeatVW has 30 seconds left.\n|inactive|littlemasteraik has 30 seconds left.\n|\n|t:|1684163904\n|-end|p1a: shakira|Protosynthesis|[silent]\n|switch|p1a: boopington|Dragonite, L50, M|100\/100\n|move|p2a: Talonflame|Tailwind|p2a: Talonflame\n|-sidestart|p2: littlemasteraik|move: Tailwind\n|move|p2b: Flutter Mane|Shadow Ball|p1a: boopington\n|-damage|p1a: boopington|71\/100\n|move|p1b: Glimmora|Sludge Bomb|p2b: Flutter Mane\n|-damage|p2b: Flutter Mane|43\/100\n|-status|p2b: Flutter Mane|psn\n|-damage|p1b: Glimmora|91\/100|[from] item: Life Orb\n|\n|-damage|p2b: Flutter Mane|31\/100 psn|[from] psn\n|upkeep\n|turn|2\n|inactive|HeatVW has 30 seconds left.\n|inactive|littlemasteraik has 30 seconds left.\n|\n|t:|1684163935\n|move|p1a: boopington|Protect|p1a: boopington\n|-singleturn|p1a: boopington|Protect\n|move|p2a: Talonflame|Will-O-Wisp|p1a: boopington\n|-activate|p1a: boopington|move: Protect\n|move|p2b: Flutter Mane|Shadow Ball|p1a: boopington\n|-activate|p1a: boopington|move: Protect\n|move|p1b: Glimmora|Power Gem|p2a: Talonflame\n|-supereffective|p2a: Talonflame\n|-damage|p2a: Talonflame|0 fnt\n|faint|p2a: Talonflame\n|-damage|p1b: Glimmora|82\/100|[from] item: Life Orb\n|\n|-damage|p2b: Flutter Mane|19\/100 psn|[from] psn\n|upkeep\n|\n|t:|1684163953\n|switch|p2a: Azumarill|Azumarill, L50, F|100\/100\n|turn|3\n|\n|t:|1684163975\n|-terastallize|p1b: Glimmora|Grass\n|move|p2b: Flutter Mane|Shadow Ball|p1b: Glimmora\n|-damage|p1b: Glimmora|0 fnt\n|faint|p1b: Glimmora\n|move|p2a: Azumarill|Ice Spinner|p1a: boopington\n|-supereffective|p1a: boopington\n|-damage|p1a: boopington|0 fnt\n|faint|p1a: boopington\n|\n|-damage|p2b: Flutter Mane|7\/100 psn|[from] psn\n|upkeep\n|\n|t:|1684163982\n|switch|p1b: shakira|Flutter Mane, L50|100\/100\n|switch|p1a: diego|Chien-Pao, L50|100\/100\n|-ability|p1a: diego|Sword of Ruin\n|turn|4\n|inactive|littlemasteraik has 30 seconds left.\n|\n|t:|1684164007\n|-end|p2b: Flutter Mane|Protosynthesis|[silent]\n|switch|p2b: Iron Hands|Iron Hands, L50|100\/100\n|-terastallize|p2a: Azumarill|Water\n|move|p1a: diego|Sucker Punch||[still]\n|-fail|p1a: diego\n|move|p1b: shakira|Moonblast|p2a: Azumarill\n|-damage|p2a: Azumarill|61\/100\n|move|p2a: Azumarill|Liquidation|p1b: shakira\n|-damage|p1b: shakira|0 fnt\n|faint|p1b: shakira\n|-end|p1b: shakira|Protosynthesis|[silent]\n|\n|-sideend|p2: littlemasteraik|move: Tailwind\n|upkeep\n|turn|5\n|\n|t:|1684164025\n|move|p1a: diego|Sacred Sword|p2a: Azumarill\n|-damage|p2a: Azumarill|27\/100\n|move|p2b: Iron Hands|Drain Punch|p1a: diego\n|-supereffective|p1a: diego\n|-enditem|p1a: diego|Focus Sash\n|-damage|p1a: diego|1\/100\n|move|p2a: Azumarill|Liquidation|p1a: diego\n|-damage|p1a: diego|0 fnt\n|faint|p1a: diego\n|\n|win|littlemasteraik\n|raw|HeatVW's rating: 1305 → 1288<\/strong> (-17 for losing)\n|raw|littlemasteraik's rating: 1362 → 1379<\/strong> (+17 for winning)\n|l|\u2606HeatVW\n","uploadtime":1684164043,"views":4,"p1id":"heatvw","p2id":"littlemasteraik","formatid":"gen9vgc2023regulationc","rating":1288,"private":0,"password":""}