{"id":"gen9vgc2023regulationc-1845849090","p1":"dfsadrgdfg","p2":"xemlev26","format":"[Gen 9] VGC 2023 Regulation C","log":"|j|\u2606dfsadrgdfg\n|j|\u2606xemlev26\n|t:|1681771098\n|gametype|doubles\n|player|p1|dfsadrgdfg|101|1129\n|player|p2|xemlev26|170|1043\n|teamsize|p1|6\n|teamsize|p2|6\n|gen|9\n|tier|[Gen 9] VGC 2023 Regulation C\n|rated|\n|rule|Species Clause: Limit one of each Pok\u00e9mon\n|rule|Item Clause: Limit one of each item\n|clearpoke\n|poke|p1|Torkoal, L50, M|\n|poke|p1|Chi-Yu, L50|\n|poke|p1|Bronzong, L50|\n|poke|p1|Gastrodon, L50, F|\n|poke|p1|Grimmsnarl, L50, M|\n|poke|p1|Skeledirge, L50, F|\n|poke|p2|Ting-Lu, L50|\n|poke|p2|Amoonguss, L50, M|\n|poke|p2|Tauros-Paldea-Blaze, L50, M|\n|poke|p2|Dragapult, L50, M|\n|poke|p2|Glimmora, L50, M|\n|poke|p2|Dragonite, L50, M|\n|teampreview|4\n|inactive|Battle timer is ON: inactive players will automatically lose when time's up. (requested by dfsadrgdfg)\n|inactive|xemlev26 has 60 seconds left.\n|\n|t:|1681771154\n|start\n|switch|p1a: Grimmsnarl|Grimmsnarl, L50, M|100\/100\n|switch|p1b: Chi-Yu|Chi-Yu, L50|100\/100\n|switch|p2a: Ting-Lu|Ting-Lu, L50|100\/100\n|switch|p2b: Glimmora|Glimmora, L50, M|100\/100\n|-ability|p1b: Chi-Yu|Beads of Ruin\n|-ability|p2a: Ting-Lu|Vessel of Ruin\n|turn|1\n|inactive|xemlev26 has 30 seconds left.\n|inactive|xemlev26 has 20 seconds left.\n|inactive|xemlev26 has 15 seconds left.\n|inactive|xemlev26 has 10 seconds left.\n|\n|t:|1681771200\n|-terastallize|p2b: Glimmora|Flying\n|move|p1b: Chi-Yu|Protect|p1b: Chi-Yu\n|-singleturn|p1b: Chi-Yu|Protect\n|move|p1a: Grimmsnarl|Trick|p2b: Glimmora\n|-activate|p1a: Grimmsnarl|move: Trick|[of] p2b: Glimmora\n|-item|p2b: Glimmora|Lagging Tail|[from] move: Trick\n|-item|p1a: Grimmsnarl|Focus Sash|[from] move: Trick\n|move|p2b: Glimmora|Power Gem|p1b: Chi-Yu\n|-activate|p1b: Chi-Yu|move: Protect\n|move|p2a: Ting-Lu|Bulldoze|p1a: Grimmsnarl|[spread] p1a\n|-activate|p1b: Chi-Yu|move: Protect\n|-immune|p2b: Glimmora\n|-damage|p1a: Grimmsnarl|80\/100\n|-unboost|p1a: Grimmsnarl|spe|1\n|\n|upkeep\n|turn|2\n|\n|t:|1681771219\n|switch|p1b: Bronzong|Bronzong, L50|100\/100\n|move|p2b: Glimmora|Spiky Shield|p2b: Glimmora\n|-singleturn|p2b: Glimmora|move: Protect\n|move|p2a: Ting-Lu|Bulldoze|p1a: Grimmsnarl|[spread] p1a\n|-activate|p2b: Glimmora|move: Protect\n|-immune|p1b: Bronzong|[from] ability: Levitate\n|-damage|p1a: Grimmsnarl|62\/100\n|-unboost|p1a: Grimmsnarl|spe|1\n|move|p1a: Grimmsnarl|Spirit Break|p2a: Ting-Lu\n|-supereffective|p2a: Ting-Lu\n|-damage|p2a: Ting-Lu|63\/100\n|-unboost|p2a: Ting-Lu|spa|1\n|\n|upkeep\n|turn|3\n|inactive|xemlev26 has 30 seconds left.\n|\n|t:|1681771248\n|switch|p2a: Amoonguss|Amoonguss, L50, M|100\/100\n|move|p1b: Bronzong|Body Press|p2a: Amoonguss\n|-resisted|p2a: Amoonguss\n|-damage|p2a: Amoonguss|89\/100\n|move|p1a: Grimmsnarl|Spirit Break|p2a: Amoonguss\n|-resisted|p2a: Amoonguss\n|-damage|p2a: Amoonguss|71\/100\n|-unboost|p2a: Amoonguss|spa|1\n|move|p2b: Glimmora|Power Gem|p1a: Grimmsnarl\n|-damage|p1a: Grimmsnarl|12\/100\n|\n|-heal|p2a: Amoonguss|77\/100|[from] item: Black Sludge\n|upkeep\n|turn|4\n|inactive|dfsadrgdfg has 30 seconds left.\n|\n|t:|1681771279\n|move|p1a: Grimmsnarl|Trick|p2a: Amoonguss\n|-activate|p1a: Grimmsnarl|move: Trick|[of] p2a: Amoonguss\n|-item|p2a: Amoonguss|Focus Sash|[from] move: Trick\n|-item|p1a: Grimmsnarl|Black Sludge|[from] move: Trick\n|move|p2a: Amoonguss|Foul Play|p1b: Bronzong\n|-supereffective|p1b: Bronzong\n|-damage|p1b: Bronzong|73\/100\n|move|p1b: Bronzong|Iron Head|p2a: Amoonguss\n|-damage|p2a: Amoonguss|55\/100\n|move|p2b: Glimmora|Dazzling Gleam|p1b: Bronzong|[spread] p1a,p1b\n|-supereffective|p1a: Grimmsnarl\n|-resisted|p1b: Bronzong\n|-crit|p1b: Bronzong\n|-damage|p1a: Grimmsnarl|0 fnt\n|-damage|p1b: Bronzong|58\/100\n|faint|p1a: Grimmsnarl\n|\n|upkeep\n|\n|t:|1681771291\n|switch|p1a: Skeledirge|Skeledirge, L50, F|100\/100\n|turn|5\n|\n|t:|1681771313\n|switch|p2a: Tauros|Tauros-Paldea-Blaze, L50, M|100\/100\n|-ability|p2a: Tauros|Intimidate|boost\n|-unboost|p1a: Skeledirge|atk|1\n|-unboost|p1b: Bronzong|atk|1\n|-item|p2a: Tauros|Air Balloon\n|switch|p1b: Chi-Yu|Chi-Yu, L50|100\/100\n|-ability|p1b: Chi-Yu|Beads of Ruin\n|move|p1a: Skeledirge|Protect|p1a: Skeledirge\n|-singleturn|p1a: Skeledirge|Protect\n|move|p2b: Glimmora|Power Gem|p1a: Skeledirge\n|-activate|p1a: Skeledirge|move: Protect\n|\n|upkeep\n|turn|6\n|\n|t:|1681771337\n|switch|p1a: Bronzong|Bronzong, L50|58\/100\n|move|p1b: Chi-Yu|Protect|p1b: Chi-Yu\n|-singleturn|p1b: Chi-Yu|Protect\n|move|p2b: Glimmora|Spiky Shield|p2b: Glimmora\n|-singleturn|p2b: Glimmora|move: Protect\n|move|p2a: Tauros|Close Combat|p1b: Chi-Yu\n|-activate|p1b: Chi-Yu|move: Protect\n|\n|upkeep\n|turn|7\n|inactive|dfsadrgdfg has 30 seconds left.\n|\n|t:|1681771370\n|switch|p2b: Ting-Lu|Ting-Lu, L50|63\/100\n|-ability|p2b: Ting-Lu|Vessel of Ruin\n|-terastallize|p1b: Chi-Yu|Ghost\n|move|p1b: Chi-Yu|Substitute|p1b: Chi-Yu\n|-start|p1b: Chi-Yu|Substitute\n|-damage|p1b: Chi-Yu|76\/100\n|move|p2a: Tauros|Close Combat|p1b: Chi-Yu\n|-immune|p1b: Chi-Yu\n|move|p1a: Bronzong|Body Press|p2a: Tauros\n|-damage|p2a: Tauros|69\/100\n|-enditem|p2a: Tauros|Air Balloon\n|\n|upkeep\n|turn|8\n|\n|t:|1681771394\n|move|p1b: Chi-Yu|Protect|p1b: Chi-Yu\n|-singleturn|p1b: Chi-Yu|Protect\n|move|p2a: Tauros|Raging Bull|p1b: Chi-Yu\n|-activate|p1b: Chi-Yu|move: Protect\n|move|p2b: Ting-Lu|Snarl|p1b: Chi-Yu|[spread] p1a\n|-activate|p1b: Chi-Yu|move: Protect\n|-supereffective|p1a: Bronzong\n|-damage|p1a: Bronzong|40\/100\n|-unboost|p1a: Bronzong|spa|1\n|move|p1a: Bronzong|Trick Room|p1a: Bronzong\n|-fieldstart|move: Trick Room|[of] p1a: Bronzong\n|\n|upkeep\n|turn|9\n|\n|t:|1681771421\n|move|p1a: Bronzong|Body Press|p2b: Ting-Lu\n|-supereffective|p2b: Ting-Lu\n|-damage|p2b: Ting-Lu|35\/100\n|move|p2b: Ting-Lu|Snarl|p1a: Bronzong|[spread] p1a,p1b\n|-supereffective|p1a: Bronzong\n|-supereffective|p1b: Chi-Yu\n|-damage|p1a: Bronzong|19\/100\n|-damage|p1b: Chi-Yu|60\/100\n|-unboost|p1a: Bronzong|spa|1\n|-unboost|p1b: Chi-Yu|spa|1\n|move|p2a: Tauros|Raging Bull|p1b: Chi-Yu\n|-end|p1b: Chi-Yu|Substitute\n|move|p1b: Chi-Yu|Tera Blast|p2a: Tauros\n|-damage|p2a: Tauros|29\/100\n|\n|upkeep\n|turn|10\n|inactive|xemlev26 has 30 seconds left.\n|\n|t:|1681771450\n|move|p1b: Chi-Yu|Protect|p1b: Chi-Yu\n|-singleturn|p1b: Chi-Yu|Protect\n|move|p1a: Bronzong|Body Press|p2a: Tauros\n|-damage|p2a: Tauros|0 fnt\n|faint|p2a: Tauros\n|move|p2b: Ting-Lu|Snarl|p1b: Chi-Yu|[spread] p1a\n|-activate|p1b: Chi-Yu|move: Protect\n|-supereffective|p1a: Bronzong\n|-damage|p1a: Bronzong|0 fnt\n|faint|p1a: Bronzong\n|\n|upkeep\n|\n|t:|1681771461\n|switch|p1a: Skeledirge|Skeledirge, L50, F|100\/100\n|switch|p2a: Glimmora|Glimmora, L50, M, tera:Flying|100\/100\n|turn|11\n|\n|t:|1681771477\n|move|p1a: Skeledirge|Protect|p1a: Skeledirge\n|-singleturn|p1a: Skeledirge|Protect\n|move|p2b: Ting-Lu|Bulldoze|p1a: Skeledirge|[spread] p1b\n|-activate|p1a: Skeledirge|move: Protect\n|-immune|p2a: Glimmora\n|-damage|p1b: Chi-Yu|39\/100\n|-unboost|p1b: Chi-Yu|spe|1\n|move|p1b: Chi-Yu|Snarl|p2a: Glimmora|[spread] p2a\n|-miss|p1b: Chi-Yu|p2b: Ting-Lu\n|-damage|p2a: Glimmora|82\/100\n|-unboost|p2a: Glimmora|spa|1\n|move|p2a: Glimmora|Power Gem|p1b: Chi-Yu\n|-damage|p1b: Chi-Yu|17\/100\n|-enditem|p1b: Chi-Yu|Wiki Berry|[eat]\n|-heal|p1b: Chi-Yu|51\/100|[from] item: Wiki Berry\n|\n|upkeep\n|turn|12\n|inactive|dfsadrgdfg has 30 seconds left.\n|inactive|xemlev26 has 30 seconds left.\n|\n|t:|1681771508\n|move|p2b: Ting-Lu|Snarl|p1b: Chi-Yu|[spread] p1a,p1b\n|-supereffective|p1a: Skeledirge\n|-supereffective|p1b: Chi-Yu\n|-damage|p1a: Skeledirge|77\/100\n|-damage|p1b: Chi-Yu|32\/100\n|-unboost|p1a: Skeledirge|spa|1\n|-unboost|p1b: Chi-Yu|spa|1\n|move|p1a: Skeledirge|Torch Song|p2b: Ting-Lu\n|-damage|p2b: Ting-Lu|23\/100\n|-boost|p1a: Skeledirge|spa|1\n|move|p1b: Chi-Yu|Snarl|p2a: Glimmora|[spread] p2a,p2b\n|-resisted|p2b: Ting-Lu\n|-damage|p2a: Glimmora|68\/100\n|-damage|p2b: Ting-Lu|21\/100\n|-unboost|p2a: Glimmora|spa|1\n|-unboost|p2b: Ting-Lu|spa|1\n|move|p2a: Glimmora|Power Gem|p1b: Chi-Yu\n|-damage|p1b: Chi-Yu|17\/100\n|\n|-heal|p1a: Skeledirge|83\/100|[from] item: Leftovers\n|-fieldend|move: Trick Room\n|upkeep\n|turn|13\n|inactive|xemlev26 has 30 seconds left.\n|\n|t:|1681771539\n|move|p1b: Chi-Yu|Snarl|p2a: Glimmora|[spread] p2a,p2b\n|-crit|p2a: Glimmora\n|-resisted|p2b: Ting-Lu\n|-damage|p2a: Glimmora|29\/100\n|-damage|p2b: Ting-Lu|19\/100\n|-unboost|p2a: Glimmora|spa|1\n|-unboost|p2b: Ting-Lu|spa|1\n|move|p1a: Skeledirge|Torch Song|p2a: Glimmora\n|-damage|p2a: Glimmora|0 fnt\n|-boost|p1a: Skeledirge|spa|1\n|faint|p2a: Glimmora\n|move|p2b: Ting-Lu|Snarl|p1b: Chi-Yu|[spread] p1a,p1b\n|-supereffective|p1a: Skeledirge\n|-supereffective|p1b: Chi-Yu\n|-damage|p1a: Skeledirge|72\/100\n|-damage|p1b: Chi-Yu|9\/100\n|-unboost|p1a: Skeledirge|spa|1\n|-unboost|p1b: Chi-Yu|spa|1\n|\n|-heal|p1a: Skeledirge|77\/100|[from] item: Leftovers\n|upkeep\n|\n|t:|1681771555\n|switch|p2a: Amoonguss|Amoonguss, L50, M|88\/100\n|turn|14\n|\n|t:|1681771564\n|move|p1b: Chi-Yu|Protect|p1b: Chi-Yu\n|-singleturn|p1b: Chi-Yu|Protect\n|move|p1a: Skeledirge|Protect|p1a: Skeledirge\n|-singleturn|p1a: Skeledirge|Protect\n|move|p2a: Amoonguss|Protect|p2a: Amoonguss\n|-singleturn|p2a: Amoonguss|Protect\n|move|p2b: Ting-Lu|Snarl|p1a: Skeledirge|[spread] \n|-activate|p1a: Skeledirge|move: Protect\n|-activate|p1b: Chi-Yu|move: Protect\n|\n|-heal|p1a: Skeledirge|83\/100|[from] item: Leftovers\n|upkeep\n|turn|15\n|\n|t:|1681771585\n|move|p1b: Chi-Yu|Snarl|p2a: Amoonguss|[spread] p2a,p2b\n|-resisted|p2b: Ting-Lu\n|-damage|p2a: Amoonguss|82\/100\n|-damage|p2b: Ting-Lu|17\/100\n|-unboost|p2a: Amoonguss|spa|1\n|-unboost|p2b: Ting-Lu|spa|1\n|move|p1a: Skeledirge|Encore|p2a: Amoonguss\n|-start|p2a: Amoonguss|Encore\n|move|p2b: Ting-Lu|Snarl|p1b: Chi-Yu|[spread] p1a\n|-miss|p2b: Ting-Lu|p1b: Chi-Yu\n|-supereffective|p1a: Skeledirge\n|-damage|p1a: Skeledirge|76\/100\n|-unboost|p1a: Skeledirge|spa|1\n|move|p2a: Amoonguss|Protect||[still]\n|-fail|p2a: Amoonguss\n|\n|-heal|p1a: Skeledirge|82\/100|[from] item: Leftovers\n|upkeep\n|turn|16\n|-message|xemlev26 forfeited.\n|\n|win|dfsadrgdfg\n|raw|dfsadrgdfg's rating: 1129 → 1148<\/strong> (+19 for winning)\n|raw|xemlev26's rating: 1043 → 1031<\/strong> (-12 for losing)\n|l|\u2606xemlev26\n","uploadtime":1681771602,"views":7,"p1id":"dfsadrgdfg","p2id":"xemlev26","formatid":"gen9vgc2023regulationc","rating":1031,"private":0,"password":""}