{"id":"gen9vgc2023regulationc-1849063247","p1":"grade a type b","p2":"CorruptionSource","format":"[Gen 9] VGC 2023 Regulation C","log":"|j|\u2606grade a type b\n|j|\u2606CorruptionSource\n|t:|1682148043\n|gametype|doubles\n|player|p1|grade a type b|linebacker|\n|player|p2|CorruptionSource|170|\n|teamsize|p1|6\n|teamsize|p2|6\n|gen|9\n|tier|[Gen 9] VGC 2023 Regulation C\n|rated|Tournament battle\n|rule|Species Clause: Limit one of each Pok\u00e9mon\n|rule|Item Clause: Limit one of each item\n|clearpoke\n|poke|p1|Armarouge, L50, F|\n|poke|p1|Indeedee-F, L50, F|\n|poke|p1|Flutter Mane, L50|\n|poke|p1|Iron Bundle, L50|\n|poke|p1|Torkoal, L50, M|\n|poke|p1|Iron Hands, L50|\n|poke|p2|Gholdengo, L50|\n|poke|p2|Skeledirge, L50, M|\n|poke|p2|Dragapult, L50, F|\n|poke|p2|Meowscarada, L50, F|\n|poke|p2|Palafin, L50, M|\n|poke|p2|Grimmsnarl, L50, M|\n|teampreview|4\n|raw| Open Team Sheet for grade a type b<\/summary>Hot Head (Armarouge) @ Weakness Policy Ability: Weak Armor Level: 50 Tera Type: Dark - Trick Room - Aura Sphere - Expanding Force - Armor Cannon Codeine Marsupial (Indeedee-F) (F) @ Psychic Seed Ability: Psychic Surge Level: 50 Tera Type: Psychic - Follow Me - Helping Hand - Dazzling Gleam - Protect RidingThruDatPu55y (Flutter Mane) @ Focus Sash Ability: Protosynthesis Level: 50 Tera Type: Fairy - Shadow Ball - Thunderbolt - Dazzling Gleam - Protect Robot Chicken (Iron Bundle) @ Booster Energy Ability: Quark Drive Level: 50 Tera Type: Ice - Freeze-Dry - U-turn - Protect - Hydro Pump Blowin' Smoke (Torkoal) @ Charcoal Ability: Drought Level: 50 Tera Type: Fire - Eruption - Earth Power - Heat Wave - Protect Ambidextrous (Iron Hands) @ Assault Vest Ability: Quark Drive Level: 50 Tera Type: Grass - Fake Out - Close Combat - Wild Charge - Drain Punch <\/details><\/div> Open Team Sheet for CorruptionSource<\/summary>Gholdengo @ Focus Sash Ability: Good as Gold Level: 50 Tera Type: Water - Nasty Plot - Make It Rain - Shadow Ball - Power Gem Skeledirge @ Leftovers Ability: Unaware Level: 50 Tera Type: Fire - Slack Off - Torch Song - Shadow Ball - Sing Dragapult @ Sitrus Berry Ability: Clear Body Level: 50 Tera Type: Normal - Dragon Dance - Dragon Darts - Phantom Force - Fire Blast Meowscarada @ Choice Band Ability: Overgrow Level: 50 Tera Type: Grass - Flower Trick - Knock Off - U-turn - Brick Break Palafin @ Life Orb Ability: Zero to Hero Level: 50 Tera Type: Water - Wave Crash - Jet Punch - Ice Punch - Close Combat Grimmsnarl (M) @ Light Clay Ability: Prankster Level: 50 Tera Type: Steel - Light Screen - Reflect - Thunder Wave - Spirit Break <\/details><\/div>\n|inactive|Battle timer is ON: inactive players will automatically lose when time's up. (requested by CorruptionSource)\n|\n|t:|1682148093\n|start\n|switch|p1a: Hot Head|Armarouge, L50, F|100\/100\n|switch|p1b: Codeine Marsupial|Indeedee-F, L50, F|100\/100\n|switch|p2a: Grimmsnarl|Grimmsnarl, L50, M|100\/100\n|switch|p2b: Palafin|Palafin, L50, M|100\/100\n|-fieldstart|move: Psychic Terrain|[from] ability: Psychic Surge|[of] p1b: Codeine Marsupial\n|-enditem|p1b: Codeine Marsupial|Psychic Seed\n|-boost|p1b: Codeine Marsupial|spd|1|[from] item: Psychic Seed\n|turn|1\n|inactive|CorruptionSource has 30 seconds left.\n|\n|t:|1682148126\n|switch|p1b: Blowin' Smoke|Torkoal, L50, M|100\/100\n|-weather|SunnyDay|[from] ability: Drought|[of] p1b: Blowin' Smoke\n|move|p2a: Grimmsnarl|Light Screen|p2a: Grimmsnarl\n|-sidestart|p2: CorruptionSource|move: Light Screen\n|move|p2b: Palafin|Wave Crash|p1a: Hot Head\n|-supereffective|p1a: Hot Head\n|-damage|p1a: Hot Head|42\/100\n|-ability|p1a: Hot Head|Weak Armor|boost\n|-unboost|p1a: Hot Head|def|1\n|-boost|p1a: Hot Head|spe|2\n|-enditem|p1a: Hot Head|Weakness Policy\n|-boost|p1a: Hot Head|atk|2|[from] item: Weakness Policy\n|-boost|p1a: Hot Head|spa|2|[from] item: Weakness Policy\n|-damage|p2b: Palafin|82\/100|[from] Recoil\n|-damage|p2b: Palafin|72\/100|[from] item: Life Orb\n|move|p1a: Hot Head|Trick Room|p1a: Hot Head\n|-fieldstart|move: Trick Room|[of] p1a: Hot Head\n|\n|-weather|SunnyDay|[upkeep]\n|upkeep\n|turn|2\n|\n|t:|1682148147\n|detailschange|p2b: Palafin|Palafin-Hero, L50, M\n|switch|p2b: Skeledirge|Skeledirge, L50, M|100\/100\n|move|p2a: Grimmsnarl|Reflect|p2a: Grimmsnarl\n|-sidestart|p2: CorruptionSource|Reflect\n|move|p1b: Blowin' Smoke|Eruption|p2a: Grimmsnarl|[spread] p2a,p2b\n|-resisted|p2b: Skeledirge\n|-damage|p2a: Grimmsnarl|57\/100\n|-damage|p2b: Skeledirge|68\/100\n|move|p1a: Hot Head|Trick Room|p1a: Hot Head\n|-fieldend|move: Trick Room\n|\n|-weather|SunnyDay|[upkeep]\n|-heal|p2b: Skeledirge|74\/100|[from] item: Leftovers\n|upkeep\n|turn|3\n|\n|t:|1682148166\n|move|p1a: Hot Head|Expanding Force|p2a: Grimmsnarl|[spread] p2b\n|-immune|p2a: Grimmsnarl\n|-damage|p2b: Skeledirge|29\/100\n|move|p2b: Skeledirge|Shadow Ball|p1a: Hot Head\n|-supereffective|p1a: Hot Head\n|-damage|p1a: Hot Head|0 fnt\n|faint|p1a: Hot Head\n|move|p2a: Grimmsnarl|Spirit Break|p1b: Blowin' Smoke\n|-resisted|p1b: Blowin' Smoke\n|-damage|p1b: Blowin' Smoke|89\/100\n|-unboost|p1b: Blowin' Smoke|spa|1\n|move|p1b: Blowin' Smoke|Eruption|p2b: Skeledirge|[spread] p2a,p2b\n|-resisted|p2b: Skeledirge\n|-damage|p2a: Grimmsnarl|33\/100\n|-damage|p2b: Skeledirge|1\/100\n|\n|-weather|SunnyDay|[upkeep]\n|-heal|p2b: Skeledirge|7\/100|[from] item: Leftovers\n|upkeep\n|\n|t:|1682148171\n|switch|p1a: RidingThruDatPu55y|Flutter Mane, L50|100\/100\n|-activate|p1a: RidingThruDatPu55y|ability: Protosynthesis\n|-start|p1a: RidingThruDatPu55y|protosynthesisspe\n|turn|4\n|\n|t:|1682148187\n|switch|p1b: Codeine Marsupial|Indeedee-F, L50, F|100\/100\n|-terastallize|p1a: RidingThruDatPu55y|Fairy\n|move|p1a: RidingThruDatPu55y|Dazzling Gleam|p2a: Grimmsnarl|[spread] p2a,p2b\n|-supereffective|p2a: Grimmsnarl\n|-resisted|p2b: Skeledirge\n|-damage|p2a: Grimmsnarl|0 fnt\n|-damage|p2b: Skeledirge|0 fnt\n|faint|p2a: Grimmsnarl\n|faint|p2b: Skeledirge\n|\n|-weather|SunnyDay|[upkeep]\n|upkeep\n|\n|t:|1682148193\n|switch|p2b: Palafin|Palafin-Hero, L50, M|72\/100\n|switch|p2a: Meowscarada|Meowscarada, L50, F|100\/100\n|-activate|p2b: Palafin|ability: Zero to Hero\n|turn|5\n|j| xzc2423762877\n|\n|t:|1682148215\n|-terastallize|p2a: Meowscarada|Grass\n|move|p1b: Codeine Marsupial|Follow Me|p1b: Codeine Marsupial\n|-singleturn|p1b: Codeine Marsupial|move: Follow Me\n|move|p1a: RidingThruDatPu55y|Thunderbolt|p2b: Palafin\n|-supereffective|p2b: Palafin\n|-damage|p2b: Palafin|23\/100\n|move|p2a: Meowscarada|Flower Trick|p1b: Codeine Marsupial\n|-crit|p1b: Codeine Marsupial\n|-damage|p1b: Codeine Marsupial|9\/100\n|move|p2b: Palafin|Wave Crash|p1b: Codeine Marsupial\n|-damage|p1b: Codeine Marsupial|0 fnt\n|faint|p1b: Codeine Marsupial\n|-damage|p2b: Palafin|20\/100|[from] Recoil\n|-damage|p2b: Palafin|10\/100|[from] item: Life Orb\n|\n|-weather|none\n|-end|p1a: RidingThruDatPu55y|Protosynthesis\n|-fieldend|move: Psychic Terrain\n|upkeep\n|\n|t:|1682148226\n|switch|p1b: Blowin' Smoke|Torkoal, L50, M|89\/100\n|-weather|SunnyDay|[from] ability: Drought|[of] p1b: Blowin' Smoke\n|-activate|p1a: RidingThruDatPu55y|ability: Protosynthesis\n|-start|p1a: RidingThruDatPu55y|protosynthesisspe\n|turn|6\n|\n|t:|1682148238\n|move|p2b: Palafin|Jet Punch|p1a: RidingThruDatPu55y\n|-damage|p1a: RidingThruDatPu55y|48\/100\n|-damage|p2b: Palafin|0 fnt|[from] item: Life Orb\n|faint|p2b: Palafin\n|move|p1a: RidingThruDatPu55y|Dazzling Gleam|p2a: Meowscarada\n|-damage|p2a: Meowscarada|40\/100\n|move|p2a: Meowscarada|Flower Trick|p1a: RidingThruDatPu55y\n|-crit|p1a: RidingThruDatPu55y\n|-damage|p1a: RidingThruDatPu55y|0 fnt\n|faint|p1a: RidingThruDatPu55y\n|-end|p1a: RidingThruDatPu55y|Protosynthesis|[silent]\n|move|p1b: Blowin' Smoke|Heat Wave|p2a: Meowscarada\n|-supereffective|p2a: Meowscarada\n|-damage|p2a: Meowscarada|0 fnt\n|faint|p2a: Meowscarada\n|\n|win|grade a type b\n|n|\u2606grade a type b|gradeatypeb\n|n|\u2606CorruptionSource|corruptionsource\n|n| xzc2423762877|xzc2423762877\n","uploadtime":1682148239,"views":7,"p1id":"gradeatypeb","p2id":"corruptionsource","formatid":"gen9vgc2023regulationc","rating":0,"private":0,"password":""}