{"id":"gen9vgc2023regulationc-1858634184","p1":"FinalGambitVGC","p2":"Turnips-suck","format":"[Gen 9] VGC 2023 Regulation C","log":"|j|\u2606FinalGambitVGC\n|j|\u2606Turnips-suck\n|t:|1683335156\n|gametype|doubles\n|player|p1|FinalGambitVGC|cynthia-masters|\n|player|p2|Turnips-suck|elesa|\n|teamsize|p1|6\n|teamsize|p2|6\n|gen|9\n|tier|[Gen 9] VGC 2023 Regulation C\n|rule|Species Clause: Limit one of each Pok\u00e9mon\n|rule|Item Clause: Limit one of each item\n|clearpoke\n|poke|p1|Iron Valiant, L50|\n|poke|p1|Ceruledge, L50, F|\n|poke|p1|Mabosstiff, L50, F|\n|poke|p1|Amoonguss, L50, M|\n|poke|p1|Slither Wing, L50|\n|poke|p1|Misdreavus, L50, M|\n|poke|p2|Flutter Mane, L50|\n|poke|p2|Ting-Lu, L50|\n|poke|p2|Tauros-Paldea-Blaze, L50, M|\n|poke|p2|Gyarados, L50, M|\n|poke|p2|Pachirisu, L50, M|\n|poke|p2|Rabsca, L50, M|\n|teampreview|4\n|inactive|Battle timer is ON: inactive players will automatically lose when time's up. (requested by Turnips-suck)\n|inactiveoff|Battle timer is now OFF.\n|c|\u2606Turnips-suck|glhf 1\n|c|\u2606FinalGambitVGC|glhf\n|j| GIANT OSHAWOTT\n|\n|t:|1683335378\n|start\n|switch|p1a: Iron Valiant|Iron Valiant, L50|100\/100\n|switch|p1b: Amoonguss|Amoonguss, L50, M|100\/100\n|switch|p2a: One Hit Wonder1|Flutter Mane, L50|100\/100\n|switch|p2b: Champ|Pachirisu, L50, M|100\/100\n|-enditem|p1a: Iron Valiant|Booster Energy\n|-activate|p1a: Iron Valiant|ability: Quark Drive|[fromitem]\n|-start|p1a: Iron Valiant|quarkdriveatk\n|turn|1\n|\n|t:|1683335404\n|move|p1a: Iron Valiant|Protect|p1a: Iron Valiant\n|-singleturn|p1a: Iron Valiant|Protect\n|move|p2b: Champ|Follow Me|p2b: Champ\n|-singleturn|p2b: Champ|move: Follow Me\n|move|p2a: One Hit Wonder1|Dazzling Gleam|p1b: Amoonguss|[spread] p1b\n|-activate|p1a: Iron Valiant|move: Protect\n|-resisted|p1b: Amoonguss\n|-damage|p1b: Amoonguss|83\/100\n|move|p1b: Amoonguss|Spore|p2b: Champ\n|-status|p2b: Champ|slp|[from] move: Spore\n|\n|-heal|p1b: Amoonguss|89\/100|[from] item: Black Sludge\n|upkeep\n|turn|2\n|\n|t:|1683335431\n|-end|p1a: Iron Valiant|Quark Drive|[silent]\n|switch|p1a: Ceruledge|Ceruledge, L50, F|100\/100\n|cant|p2b: Champ|slp\n|move|p2a: One Hit Wonder1|Dazzling Gleam|p1b: Amoonguss|[spread] p1a,p1b\n|-resisted|p1a: Ceruledge\n|-resisted|p1b: Amoonguss\n|-damage|p1a: Ceruledge|80\/100\n|-damage|p1b: Amoonguss|71\/100\n|move|p1b: Amoonguss|Spore|p2a: One Hit Wonder1\n|-status|p2a: One Hit Wonder1|slp|[from] move: Spore\n|\n|-heal|p1b: Amoonguss|77\/100|[from] item: Black Sludge\n|upkeep\n|turn|3\n|\n|t:|1683335466\n|-end|p2a: One Hit Wonder1|Protosynthesis|[silent]\n|switch|p2a: Some Ting Wong|Ting-Lu, L50|100\/100\n|-ability|p2a: Some Ting Wong|Vessel of Ruin\n|move|p1b: Amoonguss|Rage Powder|p1b: Amoonguss\n|-singleturn|p1b: Amoonguss|move: Rage Powder\n|move|p1a: Ceruledge|Bitter Blade|p2a: Some Ting Wong\n|-damage|p2a: Some Ting Wong|70\/100\n|-heal|p1a: Ceruledge|100\/100|[from] drain|[of] p2a: Some Ting Wong\n|cant|p2b: Champ|slp\n|\n|-heal|p1b: Amoonguss|83\/100|[from] item: Black Sludge\n|upkeep\n|turn|4\n|\n|t:|1683335481\n|switch|p1a: Iron Valiant|Iron Valiant, L50|100\/100\n|-curestatus|p2b: Champ|slp|[msg]\n|move|p2b: Champ|Nuzzle|p1a: Iron Valiant\n|-damage|p1a: Iron Valiant|94\/100\n|-status|p1a: Iron Valiant|par\n|move|p1b: Amoonguss|Spore|p2a: Some Ting Wong\n|-activate|p2a: Some Ting Wong|item: Safety Goggles|Spore\n|move|p2a: Some Ting Wong|Fissure|p1b: Amoonguss|[miss]\n|-miss|p2a: Some Ting Wong|p1b: Amoonguss\n|\n|-heal|p1b: Amoonguss|89\/100|[from] item: Black Sludge\n|upkeep\n|turn|5\n|\n|t:|1683335520\n|-terastallize|p2a: Some Ting Wong|Poison\n|move|p2b: Champ|Nuzzle|p1b: Amoonguss\n|-resisted|p1b: Amoonguss\n|-damage|p1b: Amoonguss|87\/100\n|-status|p1b: Amoonguss|par\n|move|p1a: Iron Valiant|Spirit Break|p2b: Champ\n|-damage|p2b: Champ|61\/100\n|-unboost|p2b: Champ|spa|1\n|move|p2a: Some Ting Wong|Stomping Tantrum|p1a: Iron Valiant\n|-damage|p1a: Iron Valiant|17\/100 par\n|move|p1b: Amoonguss|Spore|p2b: Champ\n|-status|p2b: Champ|slp|[from] move: Spore\n|\n|-heal|p1b: Amoonguss|93\/100 par|[from] item: Black Sludge\n|upkeep\n|turn|6\n|\n|t:|1683335557\n|cant|p2b: Champ|slp\n|move|p1a: Iron Valiant|Thunder Punch|p2a: Some Ting Wong\n|-damage|p2a: Some Ting Wong|58\/100\n|move|p2a: Some Ting Wong|Fissure|p1b: Amoonguss\n|-damage|p1b: Amoonguss|0 fnt\n|faint|p1b: Amoonguss\n|-ohko\n|\n|upkeep\n|\n|t:|1683335571\n|switch|p1b: Mabosstiff|Mabosstiff, L50, F|100\/100\n|-ability|p1b: Mabosstiff|Intimidate|boost\n|-unboost|p2a: Some Ting Wong|atk|1\n|-unboost|p2b: Champ|atk|1\n|turn|7\n|\n|t:|1683335608\n|move|p1b: Mabosstiff|Protect|p1b: Mabosstiff\n|-singleturn|p1b: Mabosstiff|Protect\n|move|p2a: Some Ting Wong|Protect|p2a: Some Ting Wong\n|-singleturn|p2a: Some Ting Wong|Protect\n|cant|p2b: Champ|slp\n|cant|p1a: Iron Valiant|par\n|\n|upkeep\n|turn|8\n|\n|t:|1683335646\n|cant|p2b: Champ|slp\n|move|p1b: Mabosstiff|Thunder Fang|p2a: Some Ting Wong\n|-damage|p2a: Some Ting Wong|50\/100\n|move|p1a: Iron Valiant|Spirit Break|p2b: Champ\n|-damage|p2b: Champ|21\/100 slp\n|-unboost|p2b: Champ|spa|1\n|-enditem|p2b: Champ|Sitrus Berry|[eat]\n|-heal|p2b: Champ|45\/100 slp|[from] item: Sitrus Berry\n|move|p2a: Some Ting Wong|Stomping Tantrum|p1b: Mabosstiff\n|-damage|p1b: Mabosstiff|86\/100\n|\n|upkeep\n|turn|9\n|\n|t:|1683335668\n|-curestatus|p2b: Champ|slp|[msg]\n|move|p2b: Champ|Nuzzle|p1b: Mabosstiff\n|-damage|p1b: Mabosstiff|83\/100\n|-status|p1b: Mabosstiff|par\n|move|p1a: Iron Valiant|Spirit Break|p2b: Champ\n|-damage|p2b: Champ|5\/100\n|-unboost|p2b: Champ|spa|1\n|cant|p1b: Mabosstiff|par\n|move|p2a: Some Ting Wong|Stomping Tantrum|p1b: Mabosstiff\n|-damage|p1b: Mabosstiff|68\/100 par\n|\n|upkeep\n|turn|10\n|\n|t:|1683335683\n|move|p2b: Champ|Baby-Doll Eyes|p1b: Mabosstiff\n|-unboost|p1b: Mabosstiff|atk|1\n|move|p1a: Iron Valiant|Shadow Sneak|p2b: Champ\n|-damage|p2b: Champ|0 fnt\n|faint|p2b: Champ\n|move|p1b: Mabosstiff|Thunder Fang|p2a: Some Ting Wong\n|-damage|p2a: Some Ting Wong|45\/100\n|move|p2a: Some Ting Wong|Stomping Tantrum|p1a: Iron Valiant\n|-damage|p1a: Iron Valiant|0 fnt\n|faint|p1a: Iron Valiant\n|-end|p1a: Iron Valiant|Quark Drive|[silent]\n|\n|upkeep\n|\n|t:|1683335692\n|switch|p1a: Ceruledge|Ceruledge, L50, F|100\/100\n|switch|p2b: Shrimp Fried Rice|Gyarados, L50, M, shiny|100\/100\n|turn|11\n|\n|t:|1683335713\n|move|p1a: Ceruledge|Bitter Blade|p2a: Some Ting Wong\n|-damage|p2a: Some Ting Wong|13\/100\n|move|p2b: Shrimp Fried Rice|Waterfall|p1a: Ceruledge\n|-supereffective|p1a: Ceruledge\n|-damage|p1a: Ceruledge|0 fnt\n|faint|p1a: Ceruledge\n|-ability|p2b: Shrimp Fried Rice|Moxie|boost\n|-boost|p2b: Shrimp Fried Rice|atk|1\n|move|p1b: Mabosstiff|Thunder Fang|p2b: Shrimp Fried Rice\n|-supereffective|p2b: Shrimp Fried Rice\n|-damage|p2b: Shrimp Fried Rice|49\/100\n|move|p2a: Some Ting Wong|Fissure|p1b: Mabosstiff|[miss]\n|-miss|p2a: Some Ting Wong|p1b: Mabosstiff\n|\n|upkeep\n|turn|12\n|c|\u2606Turnips-suck|gg\n|\n|t:|1683335726\n|move|p2b: Shrimp Fried Rice|Waterfall|p1b: Mabosstiff\n|-damage|p1b: Mabosstiff|17\/100 par\n|move|p1b: Mabosstiff|Thunder Fang|p2b: Shrimp Fried Rice\n|-supereffective|p2b: Shrimp Fried Rice\n|-damage|p2b: Shrimp Fried Rice|0 fnt\n|faint|p2b: Shrimp Fried Rice\n|move|p2a: Some Ting Wong|Stomping Tantrum|p1b: Mabosstiff\n|-damage|p1b: Mabosstiff|0 fnt\n|faint|p1b: Mabosstiff\n|\n|win|Turnips-suck\n","uploadtime":1683335731,"views":11,"p1id":"finalgambitvgc","p2id":"turnipssuck","formatid":"gen9vgc2023regulationc","rating":0,"private":0,"password":""}