{"id":"gen9vgc2023regulationc-1854250630","p1":"superseriousboi","p2":"franx93","format":"[Gen 9] VGC 2023 Regulation C","log":"|j|\u2606superseriousboi\n|j|\u2606franx93\n|t:|1682788640\n|gametype|doubles\n|player|p1|superseriousboi|169|1068\n|player|p2|franx93|supernerd|1089\n|teamsize|p1|4\n|teamsize|p2|6\n|gen|9\n|tier|[Gen 9] VGC 2023 Regulation C\n|rated|\n|rule|Species Clause: Limit one of each Pok\u00e9mon\n|rule|Item Clause: Limit one of each item\n|clearpoke\n|poke|p1|Kilowattrel, L50, F|\n|poke|p1|Murkrow, L50, M|\n|poke|p1|Scizor, L50, F|\n|poke|p1|Ting-Lu, L50|\n|poke|p2|Lilligant, L50, F|\n|poke|p2|Torkoal, L50, F|\n|poke|p2|Sylveon, L50, M|\n|poke|p2|Armarouge, L50, M|\n|poke|p2|Indeedee, L50, M|\n|poke|p2|Palafin, L50, M|\n|teampreview|4\n|\n|t:|1682788680\n|start\n|switch|p1a: Murkrow|Murkrow, L50, M|100\/100\n|switch|p1b: Scizor|Scizor, L50, F|100\/100\n|switch|p2a: Lilligant|Lilligant, L50, F|100\/100\n|switch|p2b: Torkoal|Torkoal, L50, F|100\/100\n|-weather|SunnyDay|[from] ability: Drought|[of] p2b: Torkoal\n|turn|1\n|inactive|Battle timer is ON: inactive players will automatically lose when time's up. (requested by franx93)\n|\n|t:|1682788705\n|-terastallize|p1b: Scizor|Fire\n|move|p1a: Murkrow|Rain Dance|p1a: Murkrow\n|-weather|RainDance\n|move|p2a: Lilligant|After You|p2b: Torkoal\n|-activate|p2b: Torkoal|move: After You\n|move|p2b: Torkoal|Eruption|p1a: Murkrow|[spread] p1a,p1b\n|-resisted|p1b: Scizor\n|-damage|p1a: Murkrow|78\/100\n|-damage|p1b: Scizor|83\/100\n|move|p1b: Scizor|U-turn|p2b: Torkoal\n|-resisted|p2b: Torkoal\n|-damage|p2b: Torkoal|78\/100\n|\n|t:|1682788717\n|switch|p1b: Kilowattrel|Kilowattrel, L50, F|100\/100|[from] U-turn\n|\n|-weather|RainDance|[upkeep]\n|upkeep\n|turn|2\n|\n|t:|1682788728\n|switch|p2b: Indeedee|Indeedee, L50, M|100\/100\n|-fieldstart|move: Psychic Terrain|[from] ability: Psychic Surge|[of] p2b: Indeedee\n|-terastallize|p2a: Lilligant|Rock\n|move|p1a: Murkrow|Tailwind|p1a: Murkrow\n|-sidestart|p1: superseriousboi|move: Tailwind\n|-start|p1b: Kilowattrel|Charge|Tailwind|[from] ability: Wind Power\n|move|p1b: Kilowattrel|Weather Ball|p2b: Indeedee\n|-damage|p2b: Indeedee|43\/100\n|move|p2a: Lilligant|Tera Blast|p1a: Murkrow\n|-supereffective|p1a: Murkrow\n|-damage|p1a: Murkrow|20\/100\n|\n|-weather|RainDance|[upkeep]\n|upkeep\n|turn|3\n|\n|t:|1682788752\n|switch|p1a: Ting-Lu|Ting-Lu, L50|100\/100\n|-ability|p1a: Ting-Lu|Vessel of Ruin\n|switch|p2a: Torkoal|Torkoal, L50, F|78\/100\n|-weather|SunnyDay|[from] ability: Drought|[of] p2a: Torkoal\n|move|p1b: Kilowattrel|Weather Ball|p2a: Torkoal\n|-resisted|p2a: Torkoal\n|-damage|p2a: Torkoal|53\/100\n|move|p2b: Indeedee|Dazzling Gleam|p1a: Ting-Lu|[spread] p1a,p1b\n|-supereffective|p1a: Ting-Lu\n|-damage|p1a: Ting-Lu|83\/100\n|-damage|p1b: Kilowattrel|72\/100\n|\n|-weather|SunnyDay|[upkeep]\n|upkeep\n|turn|4\n|\n|t:|1682788777\n|move|p1b: Kilowattrel|Weather Ball|p2b: Indeedee\n|-damage|p2b: Indeedee|2\/100\n|move|p1a: Ting-Lu|Stomping Tantrum|p2a: Torkoal\n|-supereffective|p2a: Torkoal\n|-damage|p2a: Torkoal|8\/100\n|move|p2b: Indeedee|Encore|p1a: Ting-Lu\n|-start|p1a: Ting-Lu|Encore\n|move|p2a: Torkoal|Heat Wave|p1b: Kilowattrel|[spread] p1a,p1b\n|-damage|p1a: Ting-Lu|63\/100\n|-damage|p1b: Kilowattrel|10\/100\n|-start|p1b: Kilowattrel|Charge|Heat Wave|[from] ability: Wind Power\n|\n|-weather|SunnyDay|[upkeep]\n|upkeep\n|turn|5\n|\n|t:|1682788796\n|move|p1b: Kilowattrel|Weather Ball|p2b: Indeedee\n|-damage|p2b: Indeedee|0 fnt\n|faint|p2b: Indeedee\n|move|p1a: Ting-Lu|Stomping Tantrum|p2a: Torkoal\n|-supereffective|p2a: Torkoal\n|-crit|p2a: Torkoal\n|-damage|p2a: Torkoal|0 fnt\n|faint|p2a: Torkoal\n|\n|-weather|SunnyDay|[upkeep]\n|-sideend|p1: superseriousboi|move: Tailwind\n|upkeep\n|\n|t:|1682788800\n|switch|p2b: Lilligant|Lilligant, L50, F, tera:Rock|100\/100\n|switch|p2a: Armarouge|Armarouge, L50, M|100\/100\n|turn|6\n|inactive|superseriousboi has 30 seconds left.\n|\n|t:|1682788831\n|move|p2b: Lilligant|Leech Seed|p1a: Ting-Lu\n|-start|p1a: Ting-Lu|move: Leech Seed\n|move|p1b: Kilowattrel|Tailwind|p1b: Kilowattrel\n|-sidestart|p1: superseriousboi|move: Tailwind\n|-start|p1b: Kilowattrel|Charge|Tailwind|[from] ability: Wind Power\n|move|p1a: Ting-Lu|Stomping Tantrum|p2b: Lilligant\n|-supereffective|p2b: Lilligant\n|-damage|p2b: Lilligant|32\/100\n|move|p2a: Armarouge|Expanding Force|p1b: Kilowattrel|[spread] p1b\n|-immune|p1a: Ting-Lu\n|-damage|p1b: Kilowattrel|0 fnt\n|faint|p1b: Kilowattrel\n|\n|-weather|SunnyDay|[upkeep]\n|-damage|p1a: Ting-Lu|51\/100|[from] Leech Seed|[of] p2b: Lilligant\n|-heal|p2b: Lilligant|50\/100|[silent]\n|upkeep\n|\n|t:|1682788842\n|switch|p1b: Murkrow|Murkrow, L50, M|20\/100\n|turn|7\n|\n|t:|1682788850\n|move|p1b: Murkrow|Screech|p2a: Armarouge\n|-activate|p2a: Armarouge|move: Psychic Terrain\n|move|p2b: Lilligant|Solar Beam||[still]\n|-prepare|p2b: Lilligant|Solar Beam\n|-anim|p2b: Lilligant|Solar Beam|p1a: Ting-Lu\n|-supereffective|p1a: Ting-Lu\n|-damage|p1a: Ting-Lu|16\/100\n|move|p1a: Ting-Lu|Stomping Tantrum|p2b: Lilligant\n|-supereffective|p2b: Lilligant\n|-damage|p2b: Lilligant|0 fnt\n|faint|p2b: Lilligant\n|move|p2a: Armarouge|Aura Sphere|p1b: Murkrow\n|-damage|p1b: Murkrow|0 fnt\n|faint|p1b: Murkrow\n|\n|-weather|SunnyDay|[upkeep]\n|-end|p1a: Ting-Lu|Encore\n|upkeep\n|\n|t:|1682788854\n|switch|p1b: Scizor|Scizor, L50, F, tera:Fire|83\/100\n|turn|8\n|\n|t:|1682788867\n|move|p1b: Scizor|U-turn|p2a: Armarouge\n|-damage|p2a: Armarouge|42\/100\n|move|p1a: Ting-Lu|Throat Chop|p2a: Armarouge\n|-supereffective|p2a: Armarouge\n|-damage|p2a: Armarouge|0 fnt\n|faint|p2a: Armarouge\n|\n|win|superseriousboi\n|raw|superseriousboi's rating: 1068 → 1100<\/strong> (+32 for winning)\n|raw|franx93's rating: 1089 → 1064<\/strong> (-25 for losing)\n|l|\u2606franx93\n","uploadtime":1682788874,"views":14,"p1id":"superseriousboi","p2id":"franx93","formatid":"gen9vgc2023regulationc","rating":1064,"private":0,"password":""}