{"id":"gen9vgc2023regulationc-1855997220","p1":"plubclub","p2":"arbokiara","format":"[Gen 9] VGC 2023 Regulation C","log":"|j|\u2606plubclub\n|j|\u2606arbokiara\n|t:|1683014347\n|gametype|doubles\n|player|p1|plubclub|2|1441\n|player|p2|arbokiara|aaron|1363\n|teamsize|p1|6\n|teamsize|p2|6\n|gen|9\n|tier|[Gen 9] VGC 2023 Regulation C\n|rated|\n|rule|Species Clause: Limit one of each Pok\u00e9mon\n|rule|Item Clause: Limit one of each item\n|clearpoke\n|poke|p1|Dondozo, L50, M|\n|poke|p1|Tatsugiri, L50, M|\n|poke|p1|Chi-Yu, L50|\n|poke|p1|Flutter Mane, L50|\n|poke|p1|Dragonite, L50, M|\n|poke|p1|Glimmora, L50, F|\n|poke|p2|Talonflame, L50, M|\n|poke|p2|Garchomp, L50, F|\n|poke|p2|Chien-Pao, L50|\n|poke|p2|Gholdengo, L50|\n|poke|p2|Amoonguss, L50, F|\n|poke|p2|Iron Bundle, L50|\n|teampreview|4\n|inactive|Battle timer is ON: inactive players will automatically lose when time's up. (requested by arbokiara)\n|\n|t:|1683014368\n|start\n|switch|p1a: Dondozo|Dondozo, L50, M|100\/100\n|switch|p1b: Glimmora|Glimmora, L50, F|100\/100\n|switch|p2a: Iron Bundle|Iron Bundle, L50|100\/100\n|switch|p2b: Garchomp|Garchomp, L50, F|100\/100\n|-enditem|p2a: Iron Bundle|Booster Energy\n|-activate|p2a: Iron Bundle|ability: Quark Drive|[fromitem]\n|-start|p2a: Iron Bundle|quarkdrivespe\n|turn|1\n|inactive|plubclub has 30 seconds left.\n|inactive|plubclub has 20 seconds left.\n|inactive|plubclub has 15 seconds left.\n|inactive|arbokiara has 30 seconds left.\n|\n|t:|1683014418\n|move|p2a: Iron Bundle|Protect|p2a: Iron Bundle\n|-singleturn|p2a: Iron Bundle|Protect\n|move|p1b: Glimmora|Spiky Shield|p1b: Glimmora\n|-singleturn|p1b: Glimmora|move: Protect\n|move|p2b: Garchomp|Rock Slide|p1a: Dondozo|[spread] p1a\n|-activate|p1b: Glimmora|move: Protect\n|-damage|p1a: Dondozo|87\/100\n|cant|p1a: Dondozo|flinch\n|\n|upkeep\n|turn|2\n|\n|t:|1683014443\n|move|p2a: Iron Bundle|Encore|p1b: Glimmora\n|-start|p1b: Glimmora|Encore\n|move|p2b: Garchomp|Rock Slide|p1b: Glimmora|[spread] p1a,p1b\n|-damage|p1a: Dondozo|74\/100\n|-damage|p1b: Glimmora|75\/100\n|-activate|p1b: Glimmora|ability: Toxic Debris\n|-sidestart|p2: arbokiara|move: Toxic Spikes\n|move|p1b: Glimmora|Spiky Shield|p1b: Glimmora\n|-singleturn|p1b: Glimmora|move: Protect\n|move|p1a: Dondozo|Yawn|p2a: Iron Bundle\n|-start|p2a: Iron Bundle|move: Yawn|[of] p1a: Dondozo\n|\n|upkeep\n|turn|3\n|inactive|plubclub has 30 seconds left.\n|\n|t:|1683014469\n|-end|p2a: Iron Bundle|Quark Drive|[silent]\n|switch|p2a: Gholdengo|Gholdengo, L50|100\/100\n|move|p1b: Glimmora|Spiky Shield||[still]\n|-fail|p1b: Glimmora\n|move|p2b: Garchomp|Rock Slide|p1b: Glimmora|[spread] p1a,p1b\n|-damage|p1a: Dondozo|61\/100\n|-damage|p1b: Glimmora|48\/100\n|-activate|p1b: Glimmora|ability: Toxic Debris\n|-sidestart|p2: arbokiara|move: Toxic Spikes\n|move|p1a: Dondozo|Yawn|p2b: Garchomp\n|-start|p2b: Garchomp|move: Yawn|[of] p1a: Dondozo\n|\n|upkeep\n|turn|4\n|\n|t:|1683014491\n|switch|p2b: Iron Bundle|Iron Bundle, L50|100\/100\n|-status|p2b: Iron Bundle|tox\n|move|p1b: Glimmora|Spiky Shield|p1b: Glimmora\n|-singleturn|p1b: Glimmora|move: Protect\n|move|p2a: Gholdengo|Make It Rain|p1b: Glimmora|[spread] p1a\n|-activate|p1b: Glimmora|move: Protect\n|-resisted|p1a: Dondozo\n|-damage|p1a: Dondozo|46\/100\n|-unboost|p2a: Gholdengo|spa|1\n|-enditem|p1a: Dondozo|Sitrus Berry|[eat]\n|-heal|p1a: Dondozo|71\/100|[from] item: Sitrus Berry\n|move|p1a: Dondozo|Bulldoze|p2b: Iron Bundle|[spread] p2a,p2b\n|-activate|p1b: Glimmora|move: Protect\n|-supereffective|p2a: Gholdengo\n|-damage|p2a: Gholdengo|82\/100\n|-damage|p2b: Iron Bundle|88\/100 tox\n|-unboost|p2a: Gholdengo|spe|1\n|-unboost|p2b: Iron Bundle|spe|1\n|\n|-damage|p2b: Iron Bundle|82\/100 tox|[from] psn\n|-end|p1b: Glimmora|Encore\n|upkeep\n|turn|5\n|inactive|plubclub has 30 seconds left.\n|\n|t:|1683014517\n|move|p1b: Glimmora|Power Gem|p2b: Iron Bundle\n|-supereffective|p2b: Iron Bundle\n|-damage|p2b: Iron Bundle|0 fnt\n|faint|p2b: Iron Bundle\n|-end|p2b: Iron Bundle|Quark Drive|[silent]\n|move|p2a: Gholdengo|Make It Rain|p1a: Dondozo|[spread] p1a,p1b\n|-resisted|p1a: Dondozo\n|-supereffective|p1b: Glimmora\n|-damage|p1a: Dondozo|54\/100\n|-damage|p1b: Glimmora|0 fnt\n|-unboost|p2a: Gholdengo|spa|1\n|faint|p1b: Glimmora\n|move|p1a: Dondozo|Wave Crash|p2a: Gholdengo\n|-damage|p2a: Gholdengo|44\/100\n|-enditem|p2a: Gholdengo|Sitrus Berry|[eat]\n|-heal|p2a: Gholdengo|69\/100|[from] item: Sitrus Berry\n|-damage|p1a: Dondozo|45\/100|[from] Recoil\n|\n|upkeep\n|\n|t:|1683014536\n|switch|p2b: Chien-Pao|Chien-Pao, L50|100\/100\n|switch|p1b: Flutter Mane|Flutter Mane, L50|100\/100\n|-status|p2b: Chien-Pao|tox\n|-ability|p2b: Chien-Pao|Sword of Ruin\n|-enditem|p1b: Flutter Mane|Booster Energy\n|-activate|p1b: Flutter Mane|ability: Protosynthesis|[fromitem]\n|-start|p1b: Flutter Mane|protosynthesisspe\n|turn|6\n|\n|t:|1683014546\n|move|p1b: Flutter Mane|Protect|p1b: Flutter Mane\n|-singleturn|p1b: Flutter Mane|Protect\n|move|p2a: Gholdengo|Protect|p2a: Gholdengo\n|-singleturn|p2a: Gholdengo|Protect\n|move|p2b: Chien-Pao|Haze|p2b: Chien-Pao\n|-clearallboost\n|move|p1a: Dondozo|Bulldoze|p2b: Chien-Pao|[spread] p2b\n|-activate|p1b: Flutter Mane|move: Protect\n|-activate|p2a: Gholdengo|move: Protect\n|-damage|p2b: Chien-Pao|86\/100 tox\n|-unboost|p2b: Chien-Pao|spe|1\n|\n|-damage|p2b: Chien-Pao|81\/100 tox|[from] psn\n|upkeep\n|turn|7\n|inactive|plubclub has 30 seconds left.\n|inactive|arbokiara has 30 seconds left.\n|\n|t:|1683014577\n|-terastallize|p2a: Gholdengo|Water\n|move|p2b: Chien-Pao|Protect|p2b: Chien-Pao\n|-singleturn|p2b: Chien-Pao|Protect\n|move|p1b: Flutter Mane|Moonblast|p2b: Chien-Pao\n|-activate|p2b: Chien-Pao|move: Protect\n|move|p2a: Gholdengo|Make It Rain|p1a: Dondozo|[spread] p1a,p1b\n|-resisted|p1a: Dondozo\n|-supereffective|p1b: Flutter Mane\n|-damage|p1a: Dondozo|27\/100\n|-damage|p1b: Flutter Mane|12\/100\n|-unboost|p2a: Gholdengo|spa|1\n|move|p1a: Dondozo|Wave Crash|p2a: Gholdengo\n|-resisted|p2a: Gholdengo\n|-damage|p2a: Gholdengo|44\/100\n|-damage|p1a: Dondozo|21\/100|[from] Recoil\n|\n|-damage|p2b: Chien-Pao|69\/100 tox|[from] psn\n|upkeep\n|turn|8\n|inactive|arbokiara has 30 seconds left.\n|\n|t:|1683014604\n|move|p1b: Flutter Mane|Protect|p1b: Flutter Mane\n|-singleturn|p1b: Flutter Mane|Protect\n|move|p2b: Chien-Pao|Sucker Punch||[still]\n|-fail|p2b: Chien-Pao\n|move|p2a: Gholdengo|Shadow Ball|p1a: Dondozo\n|-damage|p1a: Dondozo|0 fnt\n|faint|p1a: Dondozo\n|\n|-damage|p2b: Chien-Pao|52\/100 tox|[from] psn\n|upkeep\n|\n|t:|1683014613\n|switch|p1a: Chi-Yu|Chi-Yu, L50|100\/100\n|-ability|p1a: Chi-Yu|Beads of Ruin\n|turn|9\n|\n|t:|1683014633\n|move|p2b: Chien-Pao|Sucker Punch|p1b: Flutter Mane\n|-damage|p1b: Flutter Mane|0 fnt\n|faint|p1b: Flutter Mane\n|-end|p1b: Flutter Mane|Protosynthesis|[silent]\n|move|p1a: Chi-Yu|Flamethrower|p2b: Chien-Pao\n|-supereffective|p2b: Chien-Pao\n|-crit|p2b: Chien-Pao\n|-damage|p2b: Chien-Pao|0 fnt\n|faint|p2b: Chien-Pao\n|move|p2a: Gholdengo|Shadow Ball|p1a: Chi-Yu\n|-resisted|p1a: Chi-Yu\n|-damage|p1a: Chi-Yu|86\/100\n|\n|upkeep\n|\n|t:|1683014640\n|switch|p2b: Garchomp|Garchomp, L50, F|100\/100\n|-status|p2b: Garchomp|tox\n|turn|10\n|\n|t:|1683014647\n|move|p1a: Chi-Yu|Protect|p1a: Chi-Yu\n|-singleturn|p1a: Chi-Yu|Protect\n|move|p2b: Garchomp|Stomping Tantrum|p1a: Chi-Yu\n|-activate|p1a: Chi-Yu|move: Protect\n|move|p2a: Gholdengo|Nasty Plot|p2a: Gholdengo\n|-boost|p2a: Gholdengo|spa|2\n|\n|-damage|p2b: Garchomp|94\/100 tox|[from] psn\n|upkeep\n|turn|11\n|\n|t:|1683014658\n|-terastallize|p1a: Chi-Yu|Grass\n|move|p2b: Garchomp|Stomping Tantrum|p1a: Chi-Yu\n|-resisted|p1a: Chi-Yu\n|-damage|p1a: Chi-Yu|54\/100\n|move|p1a: Chi-Yu|Tera Blast|p2a: Gholdengo\n|-supereffective|p2a: Gholdengo\n|-damage|p2a: Gholdengo|0 fnt\n|faint|p2a: Gholdengo\n|\n|-damage|p2b: Garchomp|82\/100 tox|[from] psn\n|upkeep\n|turn|12\n|\n|t:|1683014672\n|move|p1a: Chi-Yu|Protect|p1a: Chi-Yu\n|-singleturn|p1a: Chi-Yu|Protect\n|move|p2b: Garchomp|Stomping Tantrum|p1a: Chi-Yu\n|-activate|p1a: Chi-Yu|move: Protect\n|\n|-damage|p2b: Garchomp|63\/100 tox|[from] psn\n|upkeep\n|turn|13\n|\n|t:|1683014680\n|move|p2b: Garchomp|Stomping Tantrum|p1a: Chi-Yu\n|-resisted|p1a: Chi-Yu\n|-damage|p1a: Chi-Yu|24\/100\n|move|p1a: Chi-Yu|Dark Pulse|p2b: Garchomp\n|-crit|p2b: Garchomp\n|-damage|p2b: Garchomp|0 fnt\n|faint|p2b: Garchomp\n|\n|win|plubclub\n|raw|plubclub's rating: 1441 → 1457<\/strong> (+16 for winning)\n|raw|arbokiara's rating: 1363 → 1347<\/strong> (-16 for losing)\n","uploadtime":1683014693,"views":20,"p1id":"plubclub","p2id":"arbokiara","formatid":"gen9vgc2023regulationc","rating":1347,"private":0,"password":""}