{"id":"gen9vgc2023regulationc-1851832980","p1":"Uvxie","p2":"shuijunjun","format":"[Gen 9] VGC 2023 Regulation C","log":"|j|\u2606Uvxie\n|j|\u2606shuijunjun\n|t:|1682491946\n|gametype|doubles\n|player|p1|Uvxie|169|1277\n|player|p2|shuijunjun|iono|1246\n|teamsize|p1|6\n|teamsize|p2|6\n|gen|9\n|tier|[Gen 9] VGC 2023 Regulation C\n|rated|\n|rule|Species Clause: Limit one of each Pok\u00e9mon\n|rule|Item Clause: Limit one of each item\n|clearpoke\n|poke|p1|Chi-Yu, L50|\n|poke|p1|Iron Hands, L50|\n|poke|p1|Amoonguss, L50, M|\n|poke|p1|Ting-Lu, L50|\n|poke|p1|Gyarados, L50, F|\n|poke|p1|Flutter Mane, L50|\n|poke|p2|Armarouge, L50, F|\n|poke|p2|Maushold-Four, L50|\n|poke|p2|Flutter Mane, L50|\n|poke|p2|Iron Bundle, L50|\n|poke|p2|Chien-Pao, L50|\n|poke|p2|Dragonite, L50, M|\n|teampreview|4\nshuijunjun has agreed to open team sheets.\n|\n|t:|1682491990\n|start\n|switch|p1a: Iron Hands|Iron Hands, L50|100\/100\n|switch|p1b: Vassoio|Ting-Lu, L50|100\/100\n|switch|p2a: Maushold|Maushold-Four, L50|100\/100\n|switch|p2b: Armarouge|Armarouge, L50, F|100\/100\n|-ability|p1b: Vassoio|Vessel of Ruin\n|turn|1\n|inactive|Battle timer is ON: inactive players will automatically lose when time's up. (requested by Uvxie)\n|\n|t:|1682492026\n|-end|p1a: Iron Hands|Quark Drive|[silent]\n|switch|p1a: Gyarados|Gyarados, L50, F|100\/100\n|-ability|p1a: Gyarados|Intimidate|boost\n|-unboost|p2a: Maushold|atk|1\n|-unboost|p2b: Armarouge|atk|1\n|move|p2a: Maushold|Follow Me|p2a: Maushold\n|-singleturn|p2a: Maushold|move: Follow Me\n|move|p2b: Armarouge|Aura Sphere|p1b: Vassoio\n|-supereffective|p1b: Vassoio\n|-damage|p1b: Vassoio|80\/100\n|move|p1b: Vassoio|Earthquake|p2b: Armarouge|[spread] p2a,p2b\n|-immune|p1a: Gyarados\n|-supereffective|p2b: Armarouge\n|-damage|p2a: Maushold|51\/100\n|-damage|p2b: Armarouge|48\/100\n|-ability|p2b: Armarouge|Weak Armor|boost\n|-unboost|p2b: Armarouge|def|1\n|-boost|p2b: Armarouge|spe|2\n|-enditem|p2b: Armarouge|Weakness Policy\n|-boost|p2b: Armarouge|atk|2|[from] item: Weakness Policy\n|-boost|p2b: Armarouge|spa|2|[from] item: Weakness Policy\n|\n|upkeep\n|turn|2\n|inactive|shuijunjun has 30 seconds left.\n|inactive|Uvxie has 30 seconds left.\n|\n|t:|1682492057\n|-terastallize|p1b: Vassoio|Flying\n|move|p2b: Armarouge|Stored Power|p1a: Gyarados\n|-damage|p1a: Gyarados|22\/100\n|-enditem|p1a: Gyarados|Aguav Berry|[eat]\n|-heal|p1a: Gyarados|56\/100|[from] item: Aguav Berry\n|move|p2a: Maushold|Population Bomb|p1b: Vassoio\n|-damage|p1b: Vassoio|77\/100\n|-damage|p1b: Vassoio|74\/100\n|-damage|p1b: Vassoio|72\/100\n|-damage|p1b: Vassoio|69\/100\n|-damage|p1b: Vassoio|67\/100\n|-damage|p1b: Vassoio|64\/100\n|-damage|p1b: Vassoio|62\/100\n|-hitcount|p1b: Vassoio|7\n|move|p1a: Gyarados|Waterfall|p2b: Armarouge\n|-supereffective|p2b: Armarouge\n|-damage|p2b: Armarouge|0 fnt\n|faint|p2b: Armarouge\n|move|p1b: Vassoio|Earthquake|p2a: Maushold|[spread] p2a\n|-immune|p1a: Gyarados\n|-damage|p2a: Maushold|7\/100\n|\n|upkeep\n|\n|t:|1682492071\n|switch|p2b: Dragonite|Dragonite, L50, M|100\/100\n|turn|3\n|\n|t:|1682492090\n|-terastallize|p2b: Dragonite|Normal\n|move|p2b: Dragonite|Extreme Speed|p1a: Gyarados\n|-crit|p1a: Gyarados\n|-damage|p1a: Gyarados|0 fnt\n|faint|p1a: Gyarados\n|-damage|p2b: Dragonite|91\/100|[from] item: Life Orb\n|move|p2a: Maushold|Population Bomb|p1b: Vassoio\n|-crit|p1b: Vassoio\n|-damage|p1b: Vassoio|56\/100\n|-damage|p1b: Vassoio|54\/100\n|-damage|p1b: Vassoio|51\/100\n|-damage|p1b: Vassoio|49\/100\n|-damage|p1b: Vassoio|46\/100\n|-damage|p1b: Vassoio|43\/100\n|-damage|p1b: Vassoio|41\/100\n|-damage|p1b: Vassoio|38\/100\n|-damage|p1b: Vassoio|36\/100\n|-damage|p1b: Vassoio|33\/100\n|-hitcount|p1b: Vassoio|10\n|move|p1b: Vassoio|Ruination|p2b: Dragonite\n|-damage|p2b: Dragonite|46\/100\n|\n|upkeep\n|\n|t:|1682492101\n|switch|p1a: Flutter Mane|Flutter Mane, L50|100\/100\n|turn|4\n|\n|t:|1682492113\n|switch|p2a: Chien-Pao|Chien-Pao, L50|100\/100\n|-ability|p2a: Chien-Pao|Sword of Ruin\n|move|p1a: Flutter Mane|Dazzling Gleam|p2b: Dragonite|[spread] p2a,p2b\n|-supereffective|p2a: Chien-Pao\n|-enditem|p2a: Chien-Pao|Focus Sash\n|-damage|p2a: Chien-Pao|1\/100\n|-damage|p2b: Dragonite|11\/100\n|move|p2b: Dragonite|Iron Head|p1a: Flutter Mane\n|-supereffective|p1a: Flutter Mane\n|-damage|p1a: Flutter Mane|0 fnt\n|faint|p1a: Flutter Mane\n|-end|p1a: Flutter Mane|Protosynthesis|[silent]\n|-damage|p2b: Dragonite|1\/100|[from] item: Life Orb\n|move|p1b: Vassoio|Stomping Tantrum|p2b: Dragonite\n|-damage|p2b: Dragonite|0 fnt\n|faint|p2b: Dragonite\n|\n|upkeep\n|\n|t:|1682492127\n|switch|p1a: Iron Hands|Iron Hands, L50|100\/100\n|switch|p2b: Maushold|Maushold-Four, L50|7\/100\n|turn|5\n|\n|t:|1682492143\n|move|p2a: Chien-Pao|Protect|p2a: Chien-Pao\n|-singleturn|p2a: Chien-Pao|Protect\n|move|p1a: Iron Hands|Fake Out|p2a: Chien-Pao\n|-activate|p2a: Chien-Pao|move: Protect\n|move|p2b: Maushold|Population Bomb|p1b: Vassoio\n|-damage|p1b: Vassoio|28\/100\n|-damage|p1b: Vassoio|23\/100\n|-damage|p1b: Vassoio|18\/100\n|-damage|p1b: Vassoio|13\/100\n|-damage|p1b: Vassoio|9\/100\n|-damage|p1b: Vassoio|4\/100\n|-damage|p1b: Vassoio|0 fnt\n|faint|p1b: Vassoio\n|-hitcount|p1: Vassoio|7\n|\n|upkeep\n|turn|6\n|inactive|shuijunjun has 30 seconds left.\n|\n|t:|1682492176\n|move|p2a: Chien-Pao|Sacred Sword|p1a: Iron Hands\n|-damage|p1a: Iron Hands|71\/100\n|move|p2b: Maushold|Population Bomb|p1a: Iron Hands\n|-damage|p1a: Iron Hands|66\/100\n|-damage|p1a: Iron Hands|61\/100\n|-damage|p1a: Iron Hands|56\/100\n|-damage|p1a: Iron Hands|51\/100\n|-damage|p1a: Iron Hands|46\/100\n|-damage|p1a: Iron Hands|40\/100\n|-damage|p1a: Iron Hands|35\/100\n|-damage|p1a: Iron Hands|30\/100\n|-damage|p1a: Iron Hands|25\/100\n|-damage|p1a: Iron Hands|19\/100\n|-hitcount|p1a: Iron Hands|10\n|move|p1a: Iron Hands|Drain Punch|p2a: Chien-Pao\n|-supereffective|p2a: Chien-Pao\n|-damage|p2a: Chien-Pao|0 fnt\n|-heal|p1a: Iron Hands|20\/100|[from] drain|[of] p2a: Chien-Pao\n|faint|p2a: Chien-Pao\n|\n|upkeep\n|turn|7\n|\n|t:|1682492192\n|move|p2b: Maushold|Population Bomb|p1a: Iron Hands\n|-damage|p1a: Iron Hands|16\/100\n|-damage|p1a: Iron Hands|12\/100\n|-damage|p1a: Iron Hands|9\/100\n|-damage|p1a: Iron Hands|5\/100\n|-damage|p1a: Iron Hands|0 fnt\n|faint|p1a: Iron Hands\n|-end|p1a: Iron Hands|Quark Drive|[silent]\n|-hitcount|p1: Iron Hands|5\n|\n|win|shuijunjun\n|raw|Uvxie's rating: 1277 → 1250<\/strong> (-27 for losing)\n|raw|shuijunjun's rating: 1246 → 1273<\/strong> (+27 for winning)\n|l|\u2606Uvxie\n|l|\u2606shuijunjun\n|j|\u2606shuijunjun\n|player|p2|shuijunjun|iono\n","uploadtime":1682492205,"views":19,"p1id":"uvxie","p2id":"shuijunjun","formatid":"gen9vgc2023regulationc","rating":1250,"private":0,"password":""}