{"id":"gen9vgc2023regulationc-1863953546","p1":"Blak_Seraph","p2":"sabertooth81","format":"[Gen 9] VGC 2023 Regulation C","log":"|j|\u2606Blak_Seraph\n|j|\u2606sabertooth81\n|t:|1684097413\n|gametype|doubles\n|player|p1|Blak_Seraph|1|1076\n|player|p2|sabertooth81|acetrainerf-gen4dp|1070\n|teamsize|p1|6\n|teamsize|p2|6\n|gen|9\n|tier|[Gen 9] VGC 2023 Regulation C\n|rated|\n|rule|Species Clause: Limit one of each Pok\u00e9mon\n|rule|Item Clause: Limit one of each item\n|clearpoke\n|poke|p1|Klefki, L50, F|\n|poke|p1|Chien-Pao, L50|\n|poke|p1|Amoonguss, L50, F|\n|poke|p1|Quaquaval, L50, F|\n|poke|p1|Raichu, L50, F|\n|poke|p1|Drednaw, L50, M|\n|poke|p2|Polteageist-Antique, L50|\n|poke|p2|Appletun, L50, F|\n|poke|p2|Garganacl, L50, F|\n|poke|p2|Veluza, L50, M|\n|poke|p2|Chansey, L50, F|\n|poke|p2|Vespiquen, L50, F|\n|teampreview|4\n|inactive|Battle timer is ON: inactive players will automatically lose when time's up. (requested by sabertooth81)\n|inactive|Blak_Seraph has 60 seconds left.\n|inactive|sabertooth81 has 60 seconds left.\n|inactive|Blak_Seraph has 30 seconds left.\n|inactive|Blak_Seraph has 20 seconds left.\n|inactive|Blak_Seraph has 15 seconds left.\n|inactive|Blak_Seraph has 10 seconds left.\n|inactive|Blak_Seraph has 5 seconds left.\n|\n|t:|1684097502\n|start\n|switch|p1a: Raichu|Raichu, L50, F|100\/100\n|switch|p1b: Drednaw|Drednaw, L50, M|100\/100\n|switch|p2a: \u8336|Polteageist-Antique, L50, shiny|100\/100\n|switch|p2b: \u5375|Chansey, L50, F|100\/100\n|turn|1\n|\n|t:|1684097523\n|move|p1a: Raichu|Eerie Impulse|p2a: \u8336\n|-unboost|p2a: \u8336|spa|2\n|move|p1b: Drednaw|Rain Dance|p1b: Drednaw\n|-weather|RainDance\n|move|p2b: \u5375|Body Slam|p1b: Drednaw\n|-resisted|p1b: Drednaw\n|-damage|p1b: Drednaw|97\/100\n|move|p2a: \u8336|Trick Room|p2a: \u8336\n|-fieldstart|move: Trick Room|[of] p2a: \u8336\n|\n|-weather|RainDance|[upkeep]\n|upkeep\n|turn|2\n|inactive|sabertooth81 has 30 seconds left.\n|inactive|Blak_Seraph has 30 seconds left.\n|inactive|sabertooth81 has 20 seconds left.\n|inactive|Blak_Seraph has 20 seconds left.\n|inactive|Blak_Seraph has 15 seconds left.\n|\n|t:|1684097572\n|switch|p1a: Amoonguss|Amoonguss, L50, F|100\/100\n|move|p2b: \u5375|Body Slam|p1a: Amoonguss\n|-damage|p1a: Amoonguss|95\/100\n|-status|p1a: Amoonguss|par\n|-damage|p2b: \u5375|84\/100|[from] item: Rocky Helmet|[of] p1a: Amoonguss\n|move|p2a: \u8336|Will-O-Wisp|p1b: Drednaw|[miss]\n|-miss|p2a: \u8336|p1b: Drednaw\n|move|p1b: Drednaw|Rock Slide|p2b: \u5375|[spread] p2a,p2b\n|-damage|p2a: \u8336|54\/100\n|-damage|p2b: \u5375|66\/100\n|\n|-weather|RainDance|[upkeep]\n|upkeep\n|turn|3\n|inactive|Blak_Seraph has 30 seconds left.\n|inactive|Blak_Seraph has 20 seconds left.\n|inactive|Blak_Seraph has 15 seconds left.\n|\n|t:|1684097613\n|move|p1a: Amoonguss|Rage Powder|p1a: Amoonguss\n|-singleturn|p1a: Amoonguss|move: Rage Powder\n|move|p2b: \u5375|Heal Pulse|p1a: Amoonguss\n|-heal|p1a: Amoonguss|100\/100 par\n|move|p2a: \u8336|Will-O-Wisp||[still]\n|-fail|p2a: \u8336\n|move|p1b: Drednaw|Waterfall|p2a: \u8336\n|-damage|p2a: \u8336|0 fnt\n|faint|p2a: \u8336\n|\n|-weather|RainDance|[upkeep]\n|upkeep\n|\n|t:|1684097633\n|switch|p2a: \u5869|Garganacl, L50, F|100\/100\n|turn|4\n|\n|t:|1684097644\n|cant|p1a: Amoonguss|par\n|move|p2a: \u5869|Iron Defense|p2a: \u5869\n|-boost|p2a: \u5869|def|2\n|move|p2b: \u5375|Rock Slide|p1b: Drednaw|[spread] p1a,p1b\n|-damage|p1a: Amoonguss|98\/100 par\n|-damage|p1b: Drednaw|93\/100\n|move|p1b: Drednaw|Rock Slide|p2a: \u5869|[spread] p2a,p2b\n|-damage|p2a: \u5869|89\/100\n|-damage|p2b: \u5375|46\/100\n|\n|-weather|RainDance|[upkeep]\n|upkeep\n|turn|5\n|\n|t:|1684097663\n|move|p1a: Amoonguss|Spore|p2a: \u5869\n|-immune|p2a: \u5869|[from] ability: Purifying Salt\n|move|p2a: \u5869|Iron Defense|p2a: \u5869\n|-boost|p2a: \u5869|def|2\n|move|p2b: \u5375|Soft-Boiled|p2b: \u5375\n|-heal|p2b: \u5375|97\/100\n|move|p1b: Drednaw|Rock Slide|p2b: \u5375|[spread] p2b\n|-miss|p1b: Drednaw|p2a: \u5869\n|-damage|p2b: \u5375|76\/100\n|\n|-weather|none\n|-fieldend|move: Trick Room\n|upkeep\n|turn|6\n|inactive|sabertooth81 has 30 seconds left.\n|\n|t:|1684097692\n|switch|p2b: \u308a\u3093\u3054|Appletun, L50, F, shiny|100\/100\n|move|p1a: Amoonguss|Rage Powder|p1a: Amoonguss\n|-singleturn|p1a: Amoonguss|move: Rage Powder\n|move|p1b: Drednaw|Rain Dance|p1b: Drednaw\n|-weather|RainDance\n|move|p2a: \u5869|Body Press|p1a: Amoonguss\n|-resisted|p1a: Amoonguss\n|-damage|p1a: Amoonguss|71\/100 par\n|-damage|p2a: \u5869|72\/100|[from] item: Rocky Helmet|[of] p1a: Amoonguss\n|\n|-weather|RainDance|[upkeep]\n|upkeep\n|turn|7\n|inactive|Blak_Seraph has 30 seconds left.\n|inactive|sabertooth81 has 30 seconds left.\n|inactive|Blak_Seraph has 20 seconds left.\n|inactive|sabertooth81 has 20 seconds left.\n|\n|t:|1684097732\n|move|p1a: Amoonguss|Rage Powder|p1a: Amoonguss\n|-singleturn|p1a: Amoonguss|move: Rage Powder\n|move|p1b: Drednaw|Rock Slide|p2b: \u308a\u3093\u3054|[spread] p2a,p2b\n|-damage|p2a: \u5869|66\/100\n|-damage|p2b: \u308a\u3093\u3054|69\/100\n|move|p2a: \u5869|Salt Cure|p1a: Amoonguss\n|-damage|p1a: Amoonguss|59\/100 par\n|-start|p1a: Amoonguss|Salt Cure\n|move|p2b: \u308a\u3093\u3054|Apple Acid|p1a: Amoonguss\n|-resisted|p1a: Amoonguss\n|-crit|p1a: Amoonguss\n|-damage|p1a: Amoonguss|50\/100 par\n|-unboost|p1a: Amoonguss|spd|1\n|\n|-weather|RainDance|[upkeep]\n|-heal|p2b: \u308a\u3093\u3054|75\/100|[from] item: Leftovers\n|-damage|p1a: Amoonguss|38\/100 par|[from] Salt Cure\n|upkeep\n|turn|8\n|\n|t:|1684097754\n|move|p2a: \u5869|Wide Guard|p2a: \u5869\n|-singleturn|p2a: \u5869|Wide Guard\n|cant|p1a: Amoonguss|par\n|move|p1b: Drednaw|Rock Slide|p2a: \u5869|[spread] \n|-activate|p2a: \u5869|move: Wide Guard\n|-activate|p2b: \u308a\u3093\u3054|move: Wide Guard\n|move|p2b: \u308a\u3093\u3054|Apple Acid|p1a: Amoonguss\n|-resisted|p1a: Amoonguss\n|-damage|p1a: Amoonguss|29\/100 par\n|-unboost|p1a: Amoonguss|spd|1\n|\n|-weather|RainDance|[upkeep]\n|-heal|p2b: \u308a\u3093\u3054|81\/100|[from] item: Leftovers\n|-damage|p1a: Amoonguss|17\/100 par|[from] Salt Cure\n|upkeep\n|turn|9\n|inactive|Blak_Seraph has 30 seconds left.\n|inactive|sabertooth81 has 30 seconds left.\n|\n|t:|1684097793\n|switch|p2b: \u5375|Chansey, L50, F|76\/100\n|switch|p1a: Raichu|Raichu, L50, F|100\/100\n|move|p1b: Drednaw|Stomping Tantrum|p2a: \u5869\n|-supereffective|p2a: \u5869\n|-damage|p2a: \u5869|55\/100\n|-enditem|p2a: \u5869|Weakness Policy\n|-boost|p2a: \u5869|atk|2|[from] item: Weakness Policy\n|-boost|p2a: \u5869|spa|2|[from] item: Weakness Policy\n|move|p2a: \u5869|Iron Defense|p2a: \u5869\n|-boost|p2a: \u5869|def|2\n|\n|-weather|RainDance|[upkeep]\n|upkeep\n|turn|10\n|inactive|Blak_Seraph has 30 seconds left.\n|inactive|sabertooth81 has 30 seconds left.\n|inactive|Blak_Seraph has 20 seconds left.\n|\n|t:|1684097830\n|-terastallize|p2a: \u5869|Ghost\n|move|p1a: Raichu|Fake Out|p2a: \u5869\n|-immune|p2a: \u5869\n|move|p1b: Drednaw|Waterfall|p2a: \u5869\n|-damage|p2a: \u5869|44\/100\n|move|p2b: \u5375|Heal Pulse|p2a: \u5869\n|-heal|p2a: \u5869|94\/100\n|cant|p2a: \u5869|flinch\n|\n|-weather|none\n|upkeep\n|turn|11\n|inactive|Blak_Seraph has 30 seconds left.\n|inactive|Blak_Seraph has 20 seconds left.\n|inactive|Blak_Seraph has 15 seconds left.\n|inactive|Blak_Seraph has 10 seconds left.\n|\n|t:|1684097876\n|move|p1a: Raichu|Volt Switch|p2b: \u5375\n|-damage|p2b: \u5375|66\/100\n|\n|t:|1684097880\n|switch|p1a: Amoonguss|Amoonguss, L50, F|50\/100 par|[from] Volt Switch\n|move|p1b: Drednaw|Rain Dance|p1b: Drednaw\n|-weather|RainDance\n|move|p2b: \u5375|Body Slam|p1a: Amoonguss\n|-damage|p1a: Amoonguss|44\/100 par\n|-damage|p2b: \u5375|50\/100|[from] item: Rocky Helmet|[of] p1a: Amoonguss\n|move|p2a: \u5869|Body Press|p1b: Drednaw\n|-supereffective|p1b: Drednaw\n|-damage|p1b: Drednaw|0 fnt\n|faint|p1b: Drednaw\n|\n|-weather|RainDance|[upkeep]\n|upkeep\n|\n|t:|1684097899\n|switch|p1b: Chien-Pao|Chien-Pao, L50|100\/100\n|-ability|p1b: Chien-Pao|Sword of Ruin\n|turn|12\n|\n|t:|1684097912\n|switch|p2b: \u308a\u3093\u3054|Appletun, L50, F, shiny|81\/100\n|move|p1b: Chien-Pao|Haze|p1b: Chien-Pao\n|-clearallboost\n|move|p2a: \u5869|Salt Cure|p1a: Amoonguss\n|-damage|p1a: Amoonguss|28\/100 par\n|-start|p1a: Amoonguss|Salt Cure\n|cant|p1a: Amoonguss|par\n|\n|-weather|RainDance|[upkeep]\n|-heal|p2b: \u308a\u3093\u3054|87\/100|[from] item: Leftovers\n|-damage|p1a: Amoonguss|16\/100 par|[from] Salt Cure\n|upkeep\n|turn|13\n|inactive|Blak_Seraph has 30 seconds left.\n|\n|t:|1684097937\n|switch|p2a: \u5375|Chansey, L50, F|50\/100\n|switch|p1a: Raichu|Raichu, L50, F|100\/100\n|move|p2b: \u308a\u3093\u3054|Protect|p2b: \u308a\u3093\u3054\n|-singleturn|p2b: \u308a\u3093\u3054|Protect\n|move|p1b: Chien-Pao|Sucker Punch||[still]\n|-fail|p1b: Chien-Pao\n|\n|-weather|RainDance|[upkeep]\n|-heal|p2b: \u308a\u3093\u3054|93\/100|[from] item: Leftovers\n|upkeep\n|turn|14\n|inactive|Blak_Seraph has 30 seconds left.\n|inactive|Blak_Seraph has 20 seconds left.\n|\n|t:|1684097973\n|move|p1a: Raichu|Fake Out|p2a: \u5375\n|-damage|p2a: \u5375|43\/100\n|move|p1b: Chien-Pao|Ice Spinner|p2b: \u308a\u3093\u3054\n|-supereffective|p2b: \u308a\u3093\u3054\n|-damage|p2b: \u308a\u3093\u3054|0 fnt\n|faint|p2b: \u308a\u3093\u3054\n|-damage|p1b: Chien-Pao|91\/100|[from] item: Life Orb\n|cant|p2a: \u5375|flinch\n|\n|-weather|RainDance|[upkeep]\n|upkeep\n|\n|t:|1684097975\n|switch|p2b: \u5869|Garganacl, L50, F, tera:Ghost|94\/100\n|turn|15\n|inactive|Blak_Seraph has 30 seconds left.\n|c|\u2606sabertooth81|loser\n|inactive|Blak_Seraph has 20 seconds left.\n|\n|t:|1684097994\n|move|p1b: Chien-Pao|Sucker Punch||[still]\n|-fail|p1b: Chien-Pao\n|move|p1a: Raichu|Thunder|p2b: \u5869\n|-damage|p2b: \u5869|65\/100\n|move|p2a: \u5375|Soft-Boiled|p2a: \u5375\n|-heal|p2a: \u5375|93\/100\n|move|p2b: \u5869|Iron Defense|p2b: \u5869\n|-boost|p2b: \u5869|def|2\n|\n|-weather|none\n|upkeep\n|turn|16\n|inactive|Blak_Seraph has 20 seconds left this turn.\n|inactive|Blak_Seraph has 15 seconds left.\n|inactive|Blak_Seraph has 10 seconds left.\n|inactive|Blak_Seraph has 5 seconds left.\n|\n|t:|1684098013\n|move|p1b: Chien-Pao|Ice Spinner|p2a: \u5375\n|-crit|p2a: \u5375\n|-damage|p2a: \u5375|30\/100\n|-damage|p1b: Chien-Pao|81\/100|[from] item: Life Orb\n|move|p1a: Raichu|Thunder|p2a: \u5375\n|-damage|p2a: \u5375|16\/100\n|move|p2a: \u5375|Heal Pulse|p2b: \u5869\n|-heal|p2b: \u5869|100\/100\n|move|p2b: \u5869|Body Press|p1b: Chien-Pao\n|-supereffective|p1b: Chien-Pao\n|-damage|p1b: Chien-Pao|0 fnt\n|faint|p1b: Chien-Pao\n|\n|upkeep\n|inactive|Blak_Seraph has 5 seconds left this turn.\n|-message|Blak_Seraph lost due to inactivity.\n|\n|win|sabertooth81\n|raw|Blak_Seraph's rating: 1076 → 1054<\/strong> (-22 for losing)\n|raw|sabertooth81's rating: 1070 → 1100<\/strong> (+30 for winning)\n|l|\u2606Blak_Seraph\n|l|\u2606sabertooth81\n|j|\u2606sabertooth81\n|player|p2|sabertooth81|acetrainerf-gen4dp\n","uploadtime":1684098039,"views":9,"p1id":"blakseraph","p2id":"sabertooth81","formatid":"gen9vgc2023regulationc","rating":1054,"private":0,"password":""}