{"id":"gen9vgc2023regulationc-1861471870","p1":"DaGreedent+","p2":"chicagolocaltop16","format":"[Gen 9] VGC 2023 Regulation C","log":"|j|\u2606DaGreedent+\n|j|\u2606chicagolocaltop16\n|t:|1683762013\n|gametype|doubles\n|player|p1|DaGreedent+|hilbert|\n|player|p2|chicagolocaltop16|flint|\n|teamsize|p1|6\n|teamsize|p2|6\n|gen|9\n|tier|[Gen 9] VGC 2023 Regulation C\n|rated|Tournament battle\n|rule|Species Clause: Limit one of each Pok\u00e9mon\n|rule|Item Clause: Limit one of each item\n|clearpoke\n|poke|p1|Glimmora, L50, M|\n|poke|p1|Annihilape, L50, F|\n|poke|p1|Dondozo, L50, F|\n|poke|p1|Ting-Lu, L50|\n|poke|p1|Tatsugiri, L50, F|\n|poke|p1|Skwovet, L50, M|\n|poke|p2|Abomasnow, L50, M|\n|poke|p2|Iron Bundle, L50|\n|poke|p2|Chien-Pao, L50|\n|poke|p2|Dragonite, L50, M|\n|poke|p2|Great Tusk, L50|\n|poke|p2|Iron Hands, L50|\n|teampreview|4\n|raw| Open Team Sheet for DaGreedent+<\/summary>Glimmora @ Focus Sash Ability: Toxic Debris Level: 50 Tera Type: Flying - Mortal Spin - Sludge Bomb - Power Gem - Spiky Shield Annihilape @ Choice Scarf Ability: Defiant Level: 50 Tera Type: Fire - Final Gambit - Shadow Claw - Close Combat - Fire Punch Dondozo @ Chesto Berry Ability: Unaware Level: 50 Shiny: Yes Tera Type: Steel - Rest - Earthquake - Order Up - Sleep Talk ARGHHHHHH (Ting-Lu) @ Assault Vest Ability: Vessel of Ruin Level: 50 Tera Type: Poison - Heavy Slam - Rock Slide - Stomping Tantrum - Fissure Tatsugiri @ Choice Specs Ability: Commander Level: 50 Shiny: Yes Tera Type: Ghost - Draco Meteor - Muddy Water - Tera Blast - Icy Wind Bestest Boy (Skwovet) (M) @ Eviolite Ability: Cheek Pouch Level: 50 Shiny: Yes Tera Type: Flying - Substitute - Protect - Mud Shot - Super Fang <\/details><\/div> Open Team Sheet for chicagolocaltop16<\/summary>Abomasnow @ Sitrus Berry Ability: Snow Warning Level: 50 Tera Type: Water - Blizzard - Giga Drain - Earth Power - Protect Iron Bundle @ Booster Energy Ability: Quark Drive Level: 50 Tera Type: Ghost - Blizzard - Hydro Pump - Aurora Veil - Freeze-Dry Chien-Pao @ Focus Sash Ability: Sword of Ruin Level: 50 Tera Type: Flying - Ice Spinner - Sucker Punch - Sacred Sword - Protect Lance (Dragonite) @ Lum Berry Ability: Multiscale Level: 50 Tera Type: Flying - Tera Blast - Stomping Tantrum - Extreme Speed - Dragon Dance Great Tusk @ Choice Scarf Ability: Protosynthesis Level: 50 Hidden Power: Fighting Tera Type: Fire - Earthquake - Headlong Rush - Close Combat - Rock Slide Iron Hands @ Assault Vest Ability: Quark Drive Level: 50 Tera Type: Grass - Heavy Slam - Wild Charge - Drain Punch - Fake Out <\/details><\/div>\n|inactive|Battle timer is ON: inactive players will automatically lose when time's up. (requested by DaGreedent+)\n|j| MachPunchVG\n|j| Sobble7\n|c|\u2606DaGreedent+|squirell or no squirell\n|j| devgeeks\n|c|\u2606DaGreedent+|yall\n|inactive|DaGreedent+ has 60 seconds left.\n|inactive|chicagolocaltop16 has 60 seconds left.\n|c|\u2606DaGreedent+|welp too late\n|j| WallyTryHard\n|c|\u2606DaGreedent+|squirell steal your food sir\n|\n|t:|1683762069\n|start\n|switch|p1a: Glimmora|Glimmora, L50, M|100\/100\n|switch|p1b: Annihilape|Annihilape, L50, F|100\/100\n|switch|p2a: Iron Bundle|Iron Bundle, L50|100\/100\n|switch|p2b: Abomasnow|Abomasnow, L50, M|100\/100\n|-weather|Snow|[from] ability: Snow Warning|[of] p2b: Abomasnow\n|-enditem|p2a: Iron Bundle|Booster Energy\n|-activate|p2a: Iron Bundle|ability: Quark Drive|[fromitem]\n|-start|p2a: Iron Bundle|quarkdrivespe\n|turn|1\n|c|\u2606DaGreedent+|:>\n|l| WallyTryHard\n|c|\u2606DaGreedent+|while u battle\n|c|\u2606DaGreedent+|squirell is rob u\n|inactive|DaGreedent+ has 30 seconds left.\n|inactive|chicagolocaltop16 has 30 seconds left.\n|inactive|chicagolocaltop16 has 20 seconds left.\n|\n|t:|1683762106\n|move|p2b: Abomasnow|Protect|p2b: Abomasnow\n|-singleturn|p2b: Abomasnow|Protect\n|move|p2a: Iron Bundle|Aurora Veil|p2a: Iron Bundle\n|-sidestart|p2: chicagolocaltop16|move: Aurora Veil\n|move|p1b: Annihilape|Close Combat|p2a: Iron Bundle\n|-supereffective|p2a: Iron Bundle\n|-damage|p2a: Iron Bundle|54\/100\n|-unboost|p1b: Annihilape|def|1\n|-unboost|p1b: Annihilape|spd|1\n|move|p1a: Glimmora|Mortal Spin|p2a: Iron Bundle|[spread] p2a\n|-activate|p2b: Abomasnow|move: Protect\n|-damage|p2a: Iron Bundle|52\/100\n|-status|p2a: Iron Bundle|psn\n|\n|-weather|Snow|[upkeep]\n|-damage|p2a: Iron Bundle|40\/100 psn|[from] psn\n|upkeep\n|turn|2\n|inactive|chicagolocaltop16 has 30 seconds left.\n|\n|t:|1683762137\n|move|p2a: Iron Bundle|Blizzard|p1a: Glimmora|[spread] p1a,p1b\n|-damage|p1a: Glimmora|34\/100\n|-damage|p1b: Annihilape|43\/100\n|move|p1b: Annihilape|Close Combat|p2b: Abomasnow\n|-supereffective|p2b: Abomasnow\n|-damage|p2b: Abomasnow|50\/100\n|-unboost|p1b: Annihilape|def|1\n|-unboost|p1b: Annihilape|spd|1\n|-enditem|p2b: Abomasnow|Sitrus Berry|[eat]\n|-heal|p2b: Abomasnow|75\/100|[from] item: Sitrus Berry\n|move|p1a: Glimmora|Power Gem|p2a: Iron Bundle\n|-supereffective|p2a: Iron Bundle\n|-damage|p2a: Iron Bundle|0 fnt\n|faint|p2a: Iron Bundle\n|-end|p2a: Iron Bundle|Quark Drive|[silent]\n|move|p2b: Abomasnow|Blizzard|p1b: Annihilape|[spread] p1a,p1b\n|-crit|p1a: Glimmora\n|-damage|p1a: Glimmora|0 fnt\n|-damage|p1b: Annihilape|0 fnt\n|faint|p1a: Glimmora\n|faint|p1b: Annihilape\n|\n|-weather|Snow|[upkeep]\n|upkeep\n|\n|t:|1683762153\n|switch|p2a: Iron Hands|Iron Hands, L50|100\/100\n|switch|p1b: Tatsugiri|Tatsugiri, L50, F, shiny|100\/100\n|switch|p1a: Dondozo|Dondozo, L50, F, shiny|100\/100\n|-activate|p1b: Tatsugiri|ability: Commander|[of] p1a: Dondozo\n|-boost|p1a: Dondozo|atk|2\n|-boost|p1a: Dondozo|spa|2\n|-boost|p1a: Dondozo|spe|2\n|-boost|p1a: Dondozo|def|2\n|-boost|p1a: Dondozo|spd|2\n|turn|3\n|inactive|chicagolocaltop16 has 30 seconds left.\n|\n|t:|1683762187\n|-terastallize|p1a: Dondozo|Steel\n|-terastallize|p2a: Iron Hands|Grass\n|move|p1a: Dondozo|Order Up|p2b: Abomasnow\n|-damage|p2b: Abomasnow|50\/100\n|-boost|p1a: Dondozo|atk|1\n|move|p2b: Abomasnow|Giga Drain|p1a: Dondozo\n|-resisted|p1a: Dondozo\n|-damage|p1a: Dondozo|93\/100\n|-heal|p2b: Abomasnow|55\/100|[from] drain|[of] p1a: Dondozo\n|move|p2a: Iron Hands|Wild Charge|p1a: Dondozo\n|-damage|p1a: Dondozo|78\/100\n|-damage|p2a: Iron Hands|97\/100|[from] Recoil\n|\n|-weather|Snow|[upkeep]\n|upkeep\n|turn|4\n|\n|t:|1683762200\n|move|p1a: Dondozo|Order Up|p2b: Abomasnow\n|-damage|p2b: Abomasnow|23\/100\n|-boost|p1a: Dondozo|atk|1\n|move|p2b: Abomasnow|Earth Power|p1a: Dondozo\n|-supereffective|p1a: Dondozo\n|-damage|p1a: Dondozo|50\/100\n|move|p2a: Iron Hands|Drain Punch|p1a: Dondozo\n|-supereffective|p1a: Dondozo\n|-damage|p1a: Dondozo|26\/100\n|-heal|p2a: Iron Hands|100\/100|[from] drain|[of] p1a: Dondozo\n|\n|-weather|Snow|[upkeep]\n|upkeep\n|turn|5\n|\n|t:|1683762219\n|move|p2b: Abomasnow|Protect|p2b: Abomasnow\n|-singleturn|p2b: Abomasnow|Protect\n|move|p1a: Dondozo|Rest|p1a: Dondozo\n|-status|p1a: Dondozo|slp|[from] move: Rest\n|-heal|p1a: Dondozo|100\/100 slp|[silent]\n|-enditem|p1a: Dondozo|Chesto Berry|[eat]\n|-curestatus|p1a: Dondozo|slp|[msg]\n|move|p2a: Iron Hands|Drain Punch|p1a: Dondozo\n|-supereffective|p1a: Dondozo\n|-damage|p1a: Dondozo|76\/100\n|\n|-weather|none\n|-sideend|p2: chicagolocaltop16|move: Aurora Veil\n|upkeep\n|turn|6\n|\n|t:|1683762226\n|move|p1a: Dondozo|Order Up|p2b: Abomasnow\n|-damage|p2b: Abomasnow|0 fnt\n|faint|p2b: Abomasnow\n|-boost|p1a: Dondozo|atk|1\n|move|p2a: Iron Hands|Drain Punch|p1a: Dondozo\n|-supereffective|p1a: Dondozo\n|-damage|p1a: Dondozo|51\/100\n|\n|upkeep\n|\n|t:|1683762228\n|switch|p2b: Chien-Pao|Chien-Pao, L50|100\/100\n|-ability|p2b: Chien-Pao|Sword of Ruin\n|turn|7\n|j| nobusae\n|j| MrOktagon\n|\n|t:|1683762238\n|move|p2b: Chien-Pao|Protect|p2b: Chien-Pao\n|-singleturn|p2b: Chien-Pao|Protect\n|move|p1a: Dondozo|Earthquake|p2a: Iron Hands|[spread] p2a\n|-miss|p1a: Dondozo|p1b: Tatsugiri\n|-activate|p2b: Chien-Pao|move: Protect\n|-resisted|p2a: Iron Hands\n|-damage|p2a: Iron Hands|67\/100\n|move|p2a: Iron Hands|Drain Punch|p1a: Dondozo\n|-supereffective|p1a: Dondozo\n|-damage|p1a: Dondozo|15\/100\n|-heal|p2a: Iron Hands|85\/100|[from] drain|[of] p1a: Dondozo\n|\n|upkeep\n|turn|8\n|c|\u2606DaGreedent+|gg\n|c|\u2606DaGreedent+|snow is op\n|c|\u2606chicagolocaltop16|thx\n|\n|t:|1683762260\n|move|p2b: Chien-Pao|Sacred Sword|p1a: Dondozo\n|-supereffective|p1a: Dondozo\n|-damage|p1a: Dondozo|0 fnt\n|faint|p1a: Dondozo\n|move|p2a: Iron Hands|Wild Charge|p1b: Tatsugiri\n|-damage|p1b: Tatsugiri|0 fnt\n|faint|p1b: Tatsugiri\n|-damage|p2a: Iron Hands|71\/100|[from] Recoil\n|\n|win|chicagolocaltop16\n|n|\u2606DaGreedent+|dagreedent\n|n|\u2606chicagolocaltop16|chicagolocaltop16\n|n| MachPunchVG|machpunchvg\n|n| Sobble7|sobble7\n|n| devgeeks|devgeeks\n|n| nobusae|nobusae\n|n| MrOktagon|mroktagon\n","uploadtime":1683762261,"views":4,"p1id":"dagreedent","p2id":"chicagolocaltop16","formatid":"gen9vgc2023regulationc","rating":0,"private":0,"password":""}