{"id":"gen9vgc2023regulationc-1848647830","p1":"yabaika","p2":"Vendra Prog","format":"[Gen 9] VGC 2023 Regulation C","log":"|j|\u2606yabaika\n|j|\u2606Vendra Prog\n|t:|1682097458\n|gametype|doubles\n|player|p1|yabaika|ethan|1174\n|player|p2|Vendra Prog|cynthia|1130\n|teamsize|p1|6\n|teamsize|p2|6\n|gen|9\n|tier|[Gen 9] VGC 2023 Regulation C\n|rated|\n|rule|Species Clause: Limit one of each Pok\u00e9mon\n|rule|Item Clause: Limit one of each item\n|clearpoke\n|poke|p1|Armarouge, L50, F|\n|poke|p1|Indeedee-F, L50, F|\n|poke|p1|Great Tusk, L50|\n|poke|p1|Scizor, L50, M|\n|poke|p1|Torkoal, L50, M|\n|poke|p1|Dachsbun, L50, F|\n|poke|p2|Flutter Mane, L50|\n|poke|p2|Arcanine, L50, M|\n|poke|p2|Palafin, L50, M|\n|poke|p2|Baxcalibur, L50, M|\n|poke|p2|Amoonguss, L50, M|\n|poke|p2|Ting-Lu, L50|\n|teampreview|4\nVendra Prog has agreed to open team sheets.\n|inactive|Battle timer is ON: inactive players will automatically lose when time's up. (requested by yabaika)\nyabaika rejected open team sheets.\n|inactive|Vendra Prog has 60 seconds left.\n|\n|t:|1682097499\n|start\n|switch|p1a: Armarouge|Armarouge, L50, F|100\/100\n|switch|p1b: Indeedee|Indeedee-F, L50, F|100\/100\n|switch|p2a: Tupperware|Amoonguss, L50, M|100\/100\n|switch|p2b: The New Kid|Palafin, L50, M|100\/100\n|-fieldstart|move: Psychic Terrain|[from] ability: Psychic Surge|[of] p1b: Indeedee\n|turn|1\n|\n|t:|1682097516\n|detailschange|p2b: The New Kid|Palafin-Hero, L50, M\n|switch|p2b: Super Craig|Ting-Lu, L50|100\/100\n|-ability|p2b: Super Craig|Vessel of Ruin\n|-terastallize|p1a: Armarouge|Grass\n|move|p1a: Armarouge|Expanding Force|p2a: Tupperware|[spread] p2a\n|-immune|p2b: Super Craig\n|-supereffective|p2a: Tupperware\n|-damage|p2a: Tupperware|18\/100\n|-enditem|p2a: Tupperware|Sitrus Berry|[eat]\n|-heal|p2a: Tupperware|43\/100|[from] item: Sitrus Berry\n|move|p1b: Indeedee|Psychic|p2a: Tupperware\n|-supereffective|p2a: Tupperware\n|-damage|p2a: Tupperware|0 fnt\n|faint|p2a: Tupperware\n|\n|upkeep\n|\n|t:|1682097534\n|switch|p2a: The New Kid|Palafin-Hero, L50, M|100\/100\n|-activate|p2a: The New Kid|ability: Zero to Hero\n|turn|2\n|\n|t:|1682097544\n|move|p2a: The New Kid|Protect|p2a: The New Kid\n|-singleturn|p2a: The New Kid|Protect\n|move|p1b: Indeedee|Protect|p1b: Indeedee\n|-singleturn|p1b: Indeedee|Protect\n|move|p1a: Armarouge|Tera Blast|p2a: The New Kid\n|-activate|p2a: The New Kid|move: Protect\n|move|p2b: Super Craig|Ruination|p1a: Armarouge\n|-damage|p1a: Armarouge|50\/100\n|\n|upkeep\n|turn|3\n|inactive|Vendra Prog has 30 seconds left.\n|inactive|yabaika has 30 seconds left.\n|inactive|Vendra Prog has 20 seconds left.\n|inactive|Vendra Prog has 15 seconds left.\n|inactive|Vendra Prog has 10 seconds left.\n|\n|t:|1682097590\n|-terastallize|p2a: The New Kid|Water\n|move|p1b: Indeedee|Follow Me|p1b: Indeedee\n|-singleturn|p1b: Indeedee|move: Follow Me\n|move|p2a: The New Kid|Wave Crash|p1b: Indeedee\n|-crit|p1b: Indeedee\n|-damage|p1b: Indeedee|0 fnt\n|faint|p1b: Indeedee\n|-damage|p2a: The New Kid|71\/100|[from] Recoil\n|move|p1a: Armarouge|Tera Blast|p2a: The New Kid\n|-supereffective|p2a: The New Kid\n|-damage|p2a: The New Kid|0 fnt\n|faint|p2a: The New Kid\n|move|p2b: Super Craig|Ruination|p1a: Armarouge\n|-damage|p1a: Armarouge|25\/100\n|\n|upkeep\n|\n|t:|1682097604\n|switch|p2a: Call Girl|Flutter Mane, L50|100\/100\n|switch|p1b: Torkoal|Torkoal, L50, M|100\/100\n|-weather|SunnyDay|[from] ability: Drought|[of] p1b: Torkoal\n|-activate|p2a: Call Girl|ability: Protosynthesis\n|-start|p2a: Call Girl|protosynthesisspa\n|turn|4\n|\n|t:|1682097623\n|move|p1a: Armarouge|Protect|p1a: Armarouge\n|-singleturn|p1a: Armarouge|Protect\n|move|p2a: Call Girl|Dazzling Gleam|p1b: Torkoal|[spread] p1b\n|-activate|p1a: Armarouge|move: Protect\n|-resisted|p1b: Torkoal\n|-damage|p1b: Torkoal|80\/100\n|move|p2b: Super Craig|Stomping Tantrum|p1b: Torkoal\n|-supereffective|p1b: Torkoal\n|-damage|p1b: Torkoal|25\/100\n|move|p1b: Torkoal|Lava Plume|p2a: Call Girl|[spread] p2a,p2b\n|-activate|p1a: Armarouge|move: Protect\n|-damage|p2a: Call Girl|76\/100\n|-damage|p2b: Super Craig|87\/100\n|-status|p2a: Call Girl|brn\n|\n|-weather|SunnyDay|[upkeep]\n|-damage|p2a: Call Girl|70\/100 brn|[from] brn\n|upkeep\n|turn|5\n|\n|t:|1682097647\n|move|p2a: Call Girl|Dazzling Gleam|p1b: Torkoal|[spread] p1a,p1b\n|-resisted|p1b: Torkoal\n|-damage|p1a: Armarouge|0 fnt\n|-damage|p1b: Torkoal|4\/100\n|faint|p1a: Armarouge\n|move|p2b: Super Craig|Stomping Tantrum|p1b: Torkoal\n|-supereffective|p1b: Torkoal\n|-damage|p1b: Torkoal|0 fnt\n|faint|p1b: Torkoal\n|\n|-weather|SunnyDay|[upkeep]\n|-damage|p2a: Call Girl|65\/100 brn|[from] brn\n|-fieldend|move: Psychic Terrain\n|upkeep\n|\n|t:|1682097657\n|switch|p1a: Great Tusk|Great Tusk, L50|100\/100\n|-activate|p1a: Great Tusk|ability: Protosynthesis\n|-start|p1a: Great Tusk|protosynthesisatk\n|turn|6\n|\n|t:|1682097671\n|move|p2a: Call Girl|Moonblast|p1a: Great Tusk\n|-supereffective|p1a: Great Tusk\n|-enditem|p1a: Great Tusk|Focus Sash\n|-damage|p1a: Great Tusk|1\/100\n|-unboost|p1a: Great Tusk|spa|1\n|move|p1a: Great Tusk|Earthquake|p2b: Super Craig|[spread] p2a,p2b\n|-damage|p2a: Call Girl|0 fnt\n|-damage|p2b: Super Craig|52\/100\n|faint|p2a: Call Girl\n|-end|p2a: Call Girl|Protosynthesis|[silent]\n|move|p2b: Super Craig|Stomping Tantrum|p1a: Great Tusk\n|-damage|p1a: Great Tusk|0 fnt\n|faint|p1a: Great Tusk\n|-end|p1a: Great Tusk|Protosynthesis|[silent]\n|\n|win|Vendra Prog\n|raw|yabaika's rating: 1174 → 1146<\/strong> (-28 for losing)\n|raw|Vendra Prog's rating: 1130 → 1158<\/strong> (+28 for winning)\n|l|\u2606yabaika\n","uploadtime":1682097685,"views":8,"p1id":"yabaika","p2id":"vendraprog","formatid":"gen9vgc2023regulationc","rating":1146,"private":0,"password":""}