{"id":"gen9vgc2023regulationc-1847795661","p1":"chicagolocaltop16","p2":"cristo.ct3","format":"[Gen 9] VGC 2023 Regulation C","log":"|j|\u2606chicagolocaltop16\n|j|\u2606cristo.ct3\n|t:|1682002658\n|gametype|doubles\n|player|p1|chicagolocaltop16|flint|\n|player|p2|cristo.ct3|169|\n|teamsize|p1|6\n|teamsize|p2|6\n|gen|9\n|tier|[Gen 9] VGC 2023 Regulation C\n|rated|Tournament battle\n|rule|Species Clause: Limit one of each Pok\u00e9mon\n|rule|Item Clause: Limit one of each item\n|clearpoke\n|poke|p1|Iron Hands, L50|\n|poke|p1|Amoonguss, L50, M|\n|poke|p1|Gyarados, L50, F|\n|poke|p1|Flutter Mane, L50|\n|poke|p1|Chi-Yu, L50|\n|poke|p1|Roaring Moon, L50|\n|poke|p2|Amoonguss, L50, F|\n|poke|p2|Torkoal, L50, M|\n|poke|p2|Hariyama, L50, M|\n|poke|p2|Hatterene, L50, F|\n|poke|p2|Oranguru, L50, M|\n|poke|p2|Kingambit, L50, F|\n|teampreview|4\n|raw| Open Team Sheet for chicagolocaltop16<\/summary>Iron Hands @ Assault Vest Ability: Quark Drive Level: 50 Tera Type: Grass - Heavy Slam - Wild Charge - Drain Punch - Fake Out Amoonguss @ Sitrus Berry Ability: Regenerator Level: 50 Tera Type: Water - Clear Smog - Spore - Pollen Puff - Rage Powder Gyarados @ Figy Berry Ability: Intimidate Level: 50 Tera Type: Steel - Protect - Thunder Wave - Waterfall - Taunt Flutter Mane @ Choice Specs Ability: Protosynthesis Level: 50 Tera Type: Fairy - Dazzling Gleam - Psyshock - Moonblast - Shadow Ball Chi-Yu @ Safety Goggles Ability: Beads of Ruin Level: 50 Tera Type: Water - Nasty Plot - Protect - Flamethrower - Dark Pulse Roaring Moon @ Booster Energy Ability: Protosynthesis Level: 50 Tera Type: Flying - Acrobatics - Throat Chop - Protect - Dragon Dance <\/details><\/div> Open Team Sheet for cristo.ct3<\/summary>Amoonguss @ Sitrus Berry Ability: Effect Spore Level: 50 Tera Type: Water - Spore - Pollen Puff - Rage Powder - Protect Torkoal @ Charcoal Ability: Drought Level: 50 Tera Type: Grass - Eruption - Flamethrower - Clear Smog - Protect Hariyama @ Flame Orb Ability: Guts Level: 50 Tera Type: Grass - Fake Out - Headlong Rush - Close Combat - Protect Hatterene (F) @ Life Orb Ability: Magic Bounce Level: 50 Tera Type: Fire - Psychic - Dazzling Gleam - Trick Room - Protect Oranguru @ Lum Berry Ability: Inner Focus Level: 50 Tera Type: Fire - Psyshock - Instruct - Trick Room - Protect Kingambit @ Safety Goggles Ability: Defiant Level: 50 Shiny: Yes Tera Type: Fire - Kowtow Cleave - Low Kick - Swords Dance - Sucker Punch <\/details><\/div>\n|inactive|Battle timer is ON: inactive players will automatically lose when time's up. (requested by cristo.ct3)\n|\n|t:|1682002700\n|start\n|switch|p1a: Flutter Mane|Flutter Mane, L50|100\/100\n|switch|p1b: Chi-Yu|Chi-Yu, L50|100\/100\n|switch|p2a: Oranguru|Oranguru, L50, M|100\/100\n|switch|p2b: Hariyama|Hariyama, L50, M|100\/100\n|-ability|p1b: Chi-Yu|Beads of Ruin\n|turn|1\n|\n|t:|1682002717\n|-terastallize|p2a: Oranguru|Fire\n|move|p2b: Hariyama|Protect|p2b: Hariyama\n|-singleturn|p2b: Hariyama|Protect\n|move|p1a: Flutter Mane|Dazzling Gleam|p2b: Hariyama|[spread] p2a\n|-activate|p2b: Hariyama|move: Protect\n|-resisted|p2a: Oranguru\n|-damage|p2a: Oranguru|81\/100\n|move|p1b: Chi-Yu|Dark Pulse|p2a: Oranguru\n|-damage|p2a: Oranguru|49\/100\n|move|p2a: Oranguru|Trick Room|p2a: Oranguru\n|-fieldstart|move: Trick Room|[of] p2a: Oranguru\n|\n|-status|p2b: Hariyama|brn|[from] item: Flame Orb\n|upkeep\n|turn|2\n|j| blooperlink123\n|l| blooperlink123\n|inactive|chicagolocaltop16 has 30 seconds left.\n|inactive|cristo.ct3 has 30 seconds left.\n|inactive|chicagolocaltop16 has 20 seconds left.\n|inactive|chicagolocaltop16 has 15 seconds left.\n|inactive|chicagolocaltop16 has 10 seconds left.\n|\n|t:|1682002765\n|-end|p1a: Flutter Mane|Protosynthesis|[silent]\n|switch|p1a: Iron Hands|Iron Hands, L50|100\/100\n|move|p1b: Chi-Yu|Protect|p1b: Chi-Yu\n|-singleturn|p1b: Chi-Yu|Protect\n|move|p2b: Hariyama|Headlong Rush|p1b: Chi-Yu\n|-activate|p1b: Chi-Yu|move: Protect\n|move|p2a: Oranguru|Psyshock|p1a: Iron Hands\n|-supereffective|p1a: Iron Hands\n|-damage|p1a: Iron Hands|65\/100\n|\n|-damage|p2b: Hariyama|95\/100 brn|[from] brn\n|upkeep\n|turn|3\n|j| LOUNG\n|j| blooperlink123\n|inactive|chicagolocaltop16 has 30 seconds left.\n|\n|t:|1682002799\n|switch|p2b: Torkoal|Torkoal, L50, M|100\/100\n|-weather|SunnyDay|[from] ability: Drought|[of] p2b: Torkoal\n|-terastallize|p1a: Iron Hands|Grass\n|move|p1a: Iron Hands|Fake Out|p2b: Torkoal\n|-damage|p2b: Torkoal|89\/100\n|move|p2a: Oranguru|Psyshock|p1a: Iron Hands\n|-crit|p1a: Iron Hands\n|-damage|p1a: Iron Hands|38\/100\n|move|p1b: Chi-Yu|Flamethrower|p2a: Oranguru\n|-resisted|p2a: Oranguru\n|-damage|p2a: Oranguru|20\/100\n|\n|-weather|SunnyDay|[upkeep]\n|upkeep\n|turn|4\n|inactive|chicagolocaltop16 has 30 seconds left.\n|inactive|cristo.ct3 has 30 seconds left.\n|inactive|chicagolocaltop16 has 20 seconds left.\n|inactive|cristo.ct3 has 20 seconds left.\n|\n|t:|1682002837\n|-end|p1a: Iron Hands|Quark Drive|[silent]\n|switch|p1a: Amoonguss|Amoonguss, L50, M|100\/100\n|move|p1b: Chi-Yu|Protect|p1b: Chi-Yu\n|-singleturn|p1b: Chi-Yu|Protect\n|move|p2b: Torkoal|Eruption|p1b: Chi-Yu|[spread] p1a\n|-activate|p1b: Chi-Yu|move: Protect\n|-supereffective|p1a: Amoonguss\n|-damage|p1a: Amoonguss|0 fnt\n|faint|p1a: Amoonguss\n|move|p2a: Oranguru|Instruct|p2b: Torkoal\n|-singleturn|p2b: Torkoal|move: Instruct|[of] p2a: Oranguru\n|move|p2b: Torkoal|Eruption|p1b: Chi-Yu\n|-activate|p1b: Chi-Yu|move: Protect\n|\n|-weather|SunnyDay|[upkeep]\n|upkeep\n|\n|t:|1682002844\n|switch|p1a: Iron Hands|Iron Hands, L50, tera:Grass|38\/100\n|turn|5\n|inactive|cristo.ct3 has 30 seconds left.\n|inactive|chicagolocaltop16 has 30 seconds left.\n|\n|t:|1682002877\n|move|p2b: Torkoal|Protect|p2b: Torkoal\n|-singleturn|p2b: Torkoal|Protect\n|move|p1a: Iron Hands|Fake Out|p2b: Torkoal\n|-activate|p2b: Torkoal|move: Protect\n|move|p2a: Oranguru|Psyshock|p1a: Iron Hands\n|-damage|p1a: Iron Hands|21\/100\n|move|p1b: Chi-Yu|Nasty Plot|p1b: Chi-Yu\n|-boost|p1b: Chi-Yu|spa|2\n|\n|-weather|SunnyDay|[upkeep]\n|-fieldend|move: Trick Room\n|upkeep\n|turn|6\n|\n|t:|1682002896\n|move|p1b: Chi-Yu|Dark Pulse|p2b: Torkoal\n|-damage|p2b: Torkoal|0 fnt\n|faint|p2b: Torkoal\n|move|p1a: Iron Hands|Drain Punch|p2a: Oranguru\n|-damage|p2a: Oranguru|0 fnt\n|-heal|p1a: Iron Hands|29\/100|[from] drain|[of] p2a: Oranguru\n|faint|p2a: Oranguru\n|\n|-weather|SunnyDay|[upkeep]\n|upkeep\n|\n|t:|1682002904\n|switch|p2a: Hatterene|Hatterene, L50, F|100\/100\n|switch|p2b: Hariyama|Hariyama, L50, M|95\/100 brn\n|turn|7\n|\n|t:|1682002918\n|move|p2b: Hariyama|Fake Out|p1b: Chi-Yu\n|-crit|p1b: Chi-Yu\n|-damage|p1b: Chi-Yu|63\/100\n|cant|p1b: Chi-Yu|flinch\n|move|p1a: Iron Hands|Heavy Slam|p2a: Hatterene\n|-supereffective|p2a: Hatterene\n|-damage|p2a: Hatterene|5\/100\n|move|p2a: Hatterene|Trick Room|p2a: Hatterene\n|-fieldstart|move: Trick Room|[of] p2a: Hatterene\n|\n|-weather|none\n|-damage|p2b: Hariyama|89\/100 brn|[from] brn\n|upkeep\n|turn|8\n|inactive|chicagolocaltop16 has 30 seconds left.\n|inactive|chicagolocaltop16 has 20 seconds left.\n|\n|t:|1682002958\n|move|p1b: Chi-Yu|Protect|p1b: Chi-Yu\n|-singleturn|p1b: Chi-Yu|Protect\n|move|p2a: Hatterene|Dazzling Gleam|p1a: Iron Hands|[spread] p1a\n|-activate|p1b: Chi-Yu|move: Protect\n|-crit|p1a: Iron Hands\n|-damage|p1a: Iron Hands|0 fnt\n|faint|p1a: Iron Hands\n|-end|p1a: Iron Hands|Quark Drive|[silent]\n|-damage|p2a: Hatterene|0 fnt|[from] item: Life Orb\n|faint|p2a: Hatterene\n|move|p2b: Hariyama|Headlong Rush|p1b: Chi-Yu\n|-activate|p1b: Chi-Yu|move: Protect\n|\n|-damage|p2b: Hariyama|83\/100 brn|[from] brn\n|upkeep\n|\n|t:|1682002968\n|switch|p1a: Flutter Mane|Flutter Mane, L50|100\/100\n|turn|9\n|\n|t:|1682002973\n|move|p2b: Hariyama|Headlong Rush|p1b: Chi-Yu\n|-supereffective|p1b: Chi-Yu\n|-damage|p1b: Chi-Yu|0 fnt\n|-unboost|p2b: Hariyama|def|1\n|-unboost|p2b: Hariyama|spd|1\n|faint|p1b: Chi-Yu\n|move|p1a: Flutter Mane|Moonblast|p2b: Hariyama\n|-supereffective|p2b: Hariyama\n|-damage|p2b: Hariyama|0 fnt\n|faint|p2b: Hariyama\n|\n|win|chicagolocaltop16\n|n|\u2606chicagolocaltop16|chicagolocaltop16\n|n|\u2606cristo.ct3|cristoct3\n|n| LOUNG|loung\n|n| blooperlink123|blooperlink123\n|l|\u2606cristo.ct3\n|l| LOUNG\n|l| blooperlink123\n","uploadtime":1682004248,"views":13,"p1id":"chicagolocaltop16","p2id":"cristoct3","formatid":"gen9vgc2023regulationc","rating":0,"private":0,"password":""}