{"id":"gen9vgc2023regulationc-1853307546","p1":"Breloom3912","p2":"SolarFish","format":"[Gen 9] VGC 2023 Regulation C","log":"|j|\u2606Breloom3912\n|j|\u2606SolarFish\n|t:|1682665158\n|gametype|doubles\n|player|p1|Breloom3912|thorton|1342\n|player|p2|SolarFish|cynthia-gen4|1259\n|teamsize|p1|6\n|teamsize|p2|6\n|gen|9\n|tier|[Gen 9] VGC 2023 Regulation C\n|rated|\n|rule|Species Clause: Limit one of each Pok\u00e9mon\n|rule|Item Clause: Limit one of each item\n|clearpoke\n|poke|p1|Amoonguss, L50, F|\n|poke|p1|Flutter Mane, L50|\n|poke|p1|Arcanine, L50, F|\n|poke|p1|Palafin, L50, M|\n|poke|p1|Kingambit, L50, M|\n|poke|p1|Iron Hands, L50|\n|poke|p2|Kingambit, L50, F|\n|poke|p2|Chien-Pao, L50|\n|poke|p2|Roaring Moon, L50|\n|poke|p2|Arcanine, L50, F|\n|poke|p2|Amoonguss, L50, F|\n|poke|p2|Great Tusk, L50|\n|teampreview|4\n|inactive|Battle timer is ON: inactive players will automatically lose when time's up. (requested by Breloom3912)\n|inactive|SolarFish has 60 seconds left.\n|\n|t:|1682665198\n|start\n|switch|p1a: Flutter Mane|Flutter Mane, L50|100\/100\n|switch|p1b: Iron Hands|Iron Hands, L50|100\/100\n|switch|p2a: Roaring Moon|Roaring Moon, L50|100\/100\n|switch|p2b: Great Tusk|Great Tusk, L50|100\/100\n|-enditem|p1a: Flutter Mane|Booster Energy\n|-activate|p1a: Flutter Mane|ability: Protosynthesis|[fromitem]\n|-start|p1a: Flutter Mane|protosynthesisspa\n|-enditem|p2a: Roaring Moon|Booster Energy\n|-activate|p2a: Roaring Moon|ability: Protosynthesis|[fromitem]\n|-start|p2a: Roaring Moon|protosynthesisatk\n|turn|1\n|inactive|SolarFish has 30 seconds left.\n|\n|t:|1682665231\n|-terastallize|p1a: Flutter Mane|Fairy\n|-terastallize|p2a: Roaring Moon|Steel\n|move|p1b: Iron Hands|Fake Out|p2b: Great Tusk\n|-damage|p2b: Great Tusk|88\/100\n|cant|p2b: Great Tusk|flinch\n|move|p1a: Flutter Mane|Dazzling Gleam|p2b: Great Tusk|[spread] p2a,p2b\n|-resisted|p2a: Roaring Moon\n|-supereffective|p2b: Great Tusk\n|-damage|p2a: Roaring Moon|75\/100\n|-damage|p2b: Great Tusk|0 fnt\n|faint|p2b: Great Tusk\n|-end|p2b: Great Tusk|Protosynthesis|[silent]\n|move|p2a: Roaring Moon|Tailwind|p2a: Roaring Moon\n|-sidestart|p2: SolarFish|move: Tailwind\n|\n|upkeep\n|\n|t:|1682665245\n|switch|p2b: Kingambit|Kingambit, L50, F|100\/100\n|turn|2\n|\n|t:|1682665267\n|move|p1a: Flutter Mane|Protect|p1a: Flutter Mane\n|-singleturn|p1a: Flutter Mane|Protect\n|move|p2b: Kingambit|Protect|p2b: Kingambit\n|-singleturn|p2b: Kingambit|Protect\n|move|p2a: Roaring Moon|Jaw Lock|p1a: Flutter Mane\n|-activate|p1a: Flutter Mane|move: Protect\n|move|p1b: Iron Hands|Drain Punch|p2a: Roaring Moon\n|-supereffective|p2a: Roaring Moon\n|-damage|p2a: Roaring Moon|0 fnt\n|faint|p2a: Roaring Moon\n|-end|p2a: Roaring Moon|Protosynthesis|[silent]\n|\n|upkeep\n|\n|t:|1682665279\n|switch|p2a: Arcanine|Arcanine, L50, F|100\/100\n|-ability|p2a: Arcanine|Intimidate|boost\n|-unboost|p1a: Flutter Mane|atk|1\n|-unboost|p1b: Iron Hands|atk|1\n|turn|3\n|\n|t:|1682665287\n|move|p2a: Arcanine|Snarl|p1b: Iron Hands|[spread] p1a,p1b\n|-resisted|p1a: Flutter Mane\n|-resisted|p1b: Iron Hands\n|-damage|p1a: Flutter Mane|96\/100\n|-damage|p1b: Iron Hands|98\/100\n|-unboost|p1a: Flutter Mane|spa|1\n|-unboost|p1b: Iron Hands|spa|1\n|move|p1a: Flutter Mane|Moonblast|p2a: Arcanine\n|-resisted|p2a: Arcanine\n|-damage|p2a: Arcanine|70\/100\n|move|p2b: Kingambit|Iron Head|p1a: Flutter Mane\n|-supereffective|p1a: Flutter Mane\n|-damage|p1a: Flutter Mane|0 fnt\n|faint|p1a: Flutter Mane\n|-end|p1a: Flutter Mane|Protosynthesis|[silent]\n|-damage|p2b: Kingambit|90\/100|[from] item: Life Orb\n|move|p1b: Iron Hands|Drain Punch|p2b: Kingambit\n|-supereffective|p2b: Kingambit\n|-crit|p2b: Kingambit\n|-damage|p2b: Kingambit|0 fnt\n|-heal|p1b: Iron Hands|100\/100|[from] drain|[of] p2b: Kingambit\n|faint|p2b: Kingambit\n|\n|upkeep\n|\n|t:|1682665308\n|switch|p1a: Flower|Arcanine, L50, F|100\/100\n|-ability|p1a: Flower|Intimidate|boost\n|-unboost|p2a: Arcanine|atk|1\n|turn|4\n|\n|t:|1682665315\n|-end|p1b: Iron Hands|Quark Drive|[silent]\n|switch|p1b: Excalibur|Kingambit, L50, M|100\/100\n|move|p2a: Arcanine|Will-O-Wisp|p1b: Excalibur\n|-status|p1b: Excalibur|brn\n|-enditem|p1b: Excalibur|Lum Berry|[eat]\n|-curestatus|p1b: Excalibur|brn|[msg]\n|move|p1a: Flower|Howl|p1a: Flower|[spread] p1a,p1b\n|-boost|p1a: Flower|atk|1\n|-boost|p1b: Excalibur|atk|1\n|\n|-sideend|p2: SolarFish|move: Tailwind\n|upkeep\n|turn|5\n|-message|SolarFish forfeited.\n|\n|win|Breloom3912\n|raw|Breloom3912's rating: 1342 → 1357<\/strong> (+15 for winning)\n|raw|SolarFish's rating: 1259 → 1240<\/strong> (-19 for losing)\n|l|\u2606SolarFish\n","uploadtime":1682665333,"views":14,"p1id":"breloom3912","p2id":"solarfish","formatid":"gen9vgc2023regulationc","rating":1240,"private":0,"password":""}