{"id":"gen9vgc2023regulationc-1847269507","p1":"vyxl","p2":"DivineCavalier","format":"[Gen 9] VGC 2023 Regulation C","log":"|j|\u2606vyxl\n|j|\u2606DivineCavalier\n|t:|1681933251\n|gametype|doubles\n|player|p1|vyxl|170|1294\n|player|p2|DivineCavalier|pokefan|1260\n|teamsize|p1|6\n|teamsize|p2|6\n|gen|9\n|tier|[Gen 9] VGC 2023 Regulation C\n|rated|\n|rule|Species Clause: Limit one of each Pok\u00e9mon\n|rule|Item Clause: Limit one of each item\n|clearpoke\n|poke|p1|Dragonite, L50, M|\n|poke|p1|Orthworm, L50, M|\n|poke|p1|Ting-Lu, L50|\n|poke|p1|Dondozo, L50, M|\n|poke|p1|Tatsugiri, L50, F|\n|poke|p1|Flutter Mane, L50|\n|poke|p2|Sandy Shocks, L50|\n|poke|p2|Torkoal, L50, M|\n|poke|p2|Kingambit, L50, F|\n|poke|p2|Espathra, L50, M|\n|poke|p2|Flutter Mane, L50|\n|poke|p2|Palafin, L50, F|\n|teampreview|4\n|inactive|Battle timer is ON: inactive players will automatically lose when time's up. (requested by vyxl)\n|\n|t:|1681933293\n|start\n|switch|p1a: Orthworm|Orthworm, L50, M|100\/100\n|switch|p1b: Ting-Lu|Ting-Lu, L50|100\/100\n|switch|p2a: Sandy Shocks|Sandy Shocks, L50|100\/100\n|switch|p2b: Espathra|Espathra, L50, M|100\/100\n|-ability|p1b: Ting-Lu|Vessel of Ruin\n|turn|1\n|inactive|DivineCavalier has 30 seconds left.\n|\n|t:|1681933323\n|-end|p2a: Sandy Shocks|Protosynthesis|[silent]\n|switch|p2a: Palafin|Palafin, L50, F|100\/100\n|move|p2b: Espathra|Protect|p2b: Espathra\n|-singleturn|p2b: Espathra|Protect\n|move|p1b: Ting-Lu|Bulldoze|p2b: Espathra|[spread] p2a\n|-activate|p2b: Espathra|move: Protect\n|-immune|p1a: Orthworm|[from] ability: Earth Eater\n|-damage|p2a: Palafin|78\/100\n|-unboost|p2a: Palafin|spe|1\n|move|p1a: Orthworm|Shed Tail|p1a: Orthworm\n|-start|p1a: Orthworm|Substitute|[from] move: Shed Tail\n|-damage|p1a: Orthworm|50\/100\n|-enditem|p1a: Orthworm|Sitrus Berry|[eat]\n|-heal|p1a: Orthworm|75\/100|[from] item: Sitrus Berry\n|\n|t:|1681933336\n|switch|p1a: Dondozo|Dondozo, L50, M|100\/100|[from] Shed Tail\n|\n|-ability|p2b: Espathra|Speed Boost|boost\n|-boost|p2b: Espathra|spe|1\n|upkeep\n|turn|2\n|inactive|DivineCavalier has 30 seconds left.\n|inactive|DivineCavalier has 20 seconds left.\n|inactive|DivineCavalier has 15 seconds left.\n|inactive|DivineCavalier has 10 seconds left.\n|\n|t:|1681933383\n|switch|p1b: Tatsugiri|Tatsugiri, L50, F|100\/100\n|-activate|p1b: Tatsugiri|ability: Commander|[of] p1a: Dondozo\n|-boost|p1a: Dondozo|atk|2\n|-boost|p1a: Dondozo|spa|2\n|-boost|p1a: Dondozo|spe|2\n|-boost|p1a: Dondozo|def|2\n|-boost|p1a: Dondozo|spd|2\n|move|p2a: Palafin|Protect|p2a: Palafin\n|-singleturn|p2a: Palafin|Protect\n|move|p2b: Espathra|Lumina Crash|p1a: Dondozo\n|-activate|p1a: Dondozo|move: Substitute|[damage]\n|move|p1a: Dondozo|Wave Crash|p2b: Espathra\n|-enditem|p2b: Espathra|Focus Sash\n|-damage|p2b: Espathra|1\/100\n|-damage|p1a: Dondozo|75\/100|[from] Recoil\n|\n|-heal|p1a: Dondozo|81\/100|[from] item: Leftovers\n|-ability|p2b: Espathra|Speed Boost|boost\n|-boost|p2b: Espathra|spe|1\n|upkeep\n|turn|3\n|\n|t:|1681933401\n|move|p2b: Espathra|Protect|p2b: Espathra\n|-singleturn|p2b: Espathra|Protect\n|move|p2a: Palafin|Drain Punch|p1a: Dondozo\n|-end|p1a: Dondozo|Substitute\n|-heal|p2a: Palafin|80\/100|[from] drain|[of] p1a: Dondozo\n|move|p1a: Dondozo|Earthquake|p2b: Espathra|[spread] p2a\n|-miss|p1a: Dondozo|p1b: Tatsugiri\n|-activate|p2b: Espathra|move: Protect\n|-damage|p2a: Palafin|17\/100\n|\n|-heal|p1a: Dondozo|87\/100|[from] item: Leftovers\n|-ability|p2b: Espathra|Speed Boost|boost\n|-boost|p2b: Espathra|spe|1\n|upkeep\n|turn|4\n|inactive|vyxl has 30 seconds left.\n|inactive|DivineCavalier has 30 seconds left.\n|\n|t:|1681933428\n|-terastallize|p1a: Dondozo|Flying\n|move|p2b: Espathra|Hypnosis|p1a: Dondozo|[miss]\n|-miss|p2b: Espathra|p1a: Dondozo\n|move|p2a: Palafin|Drain Punch|p1a: Dondozo\n|-resisted|p1a: Dondozo\n|-damage|p1a: Dondozo|85\/100\n|-heal|p2a: Palafin|19\/100|[from] drain|[of] p1a: Dondozo\n|move|p1a: Dondozo|Earthquake|p2b: Espathra|[spread] p2a,p2b\n|-miss|p1a: Dondozo|p1b: Tatsugiri\n|-damage|p2a: Palafin|0 fnt\n|-damage|p2b: Espathra|0 fnt\n|faint|p2a: Palafin\n|faint|p2b: Espathra\n|\n|-heal|p1a: Dondozo|91\/100|[from] item: Leftovers\n|upkeep\n|\n|t:|1681933433\n|switch|p2b: Sandy Shocks|Sandy Shocks, L50|100\/100\n|switch|p2a: Flutter Mane|Flutter Mane, L50|100\/100\n|turn|5\n|\n|t:|1681933452\n|-terastallize|p2b: Sandy Shocks|Electric\n|move|p1a: Dondozo|Protect|p1a: Dondozo\n|-singleturn|p1a: Dondozo|Protect\n|move|p2a: Flutter Mane|Mystical Fire|p1a: Dondozo\n|-activate|p1a: Dondozo|move: Protect\n|move|p2b: Sandy Shocks|Thunderbolt|p1a: Dondozo\n|-activate|p1a: Dondozo|move: Protect\n|\n|-heal|p1a: Dondozo|97\/100|[from] item: Leftovers\n|upkeep\n|turn|6\n|\n|t:|1681933462\n|move|p2a: Flutter Mane|Mystical Fire|p1a: Dondozo\n|-damage|p1a: Dondozo|78\/100\n|-unboost|p1a: Dondozo|spa|1\n|move|p2b: Sandy Shocks|Thunderbolt|p1a: Dondozo\n|-supereffective|p1a: Dondozo\n|-damage|p1a: Dondozo|8\/100\n|move|p1a: Dondozo|Earthquake|p2b: Sandy Shocks|[spread] p2a,p2b\n|-miss|p1a: Dondozo|p1b: Tatsugiri\n|-supereffective|p2b: Sandy Shocks\n|-damage|p2a: Flutter Mane|0 fnt\n|-damage|p2b: Sandy Shocks|0 fnt\n|faint|p2a: Flutter Mane\n|-end|p2a: Flutter Mane|Protosynthesis|[silent]\n|faint|p2b: Sandy Shocks\n|-end|p2b: Sandy Shocks|Protosynthesis|[silent]\n|\n|win|vyxl\n|raw|vyxl's rating: 1294 → 1317<\/strong> (+23 for winning)\n|raw|DivineCavalier's rating: 1260 → 1237<\/strong> (-23 for losing)\n|l|\u2606DivineCavalier\n","uploadtime":1681933476,"views":40,"p1id":"vyxl","p2id":"divinecavalier","formatid":"gen9vgc2023regulationc","rating":1237,"private":0,"password":""}