{"id":"gen9vgc2023regulationc-1862838481","p1":"BodaciousBulbasaur","p2":"Nehzzy","format":"[Gen 9] VGC 2023 Regulation C","log":"|j|\u2606BodaciousBulbasaur\n|j|\u2606Nehzzy\n|t:|1683927700\n|gametype|doubles\n|player|p1|BodaciousBulbasaur|acetrainerf-gen4dp|1273\n|player|p2|Nehzzy|1|1382\n|teamsize|p1|6\n|teamsize|p2|6\n|gen|9\n|tier|[Gen 9] VGC 2023 Regulation C\n|rated|\n|rule|Species Clause: Limit one of each Pok\u00e9mon\n|rule|Item Clause: Limit one of each item\n|clearpoke\n|poke|p1|Gholdengo, L50|\n|poke|p1|Scream Tail, L50|\n|poke|p1|Ceruledge, L50, M|\n|poke|p1|Salamence, L50, F|\n|poke|p1|Scizor, L50, F|\n|poke|p1|Ting-Lu, L50|\n|poke|p2|Amoonguss, L50, F|\n|poke|p2|Gyarados, L50, F|\n|poke|p2|Murkrow, L50, M|\n|poke|p2|Great Tusk, L50|\n|poke|p2|Flutter Mane, L50|\n|poke|p2|Gholdengo, L50|\n|teampreview|4\nNehzzy has agreed to open team sheets.\nBodaciousBulbasaur has agreed to open team sheets.\n|j| Imbion\n|l| Imbion\n|inactive|Battle timer is ON: inactive players will automatically lose when time's up. (requested by BodaciousBulbasaur)\n|\n|t:|1683927793\n|start\n|switch|p1a: Scream Tail|Scream Tail, L50|100\/100\n|switch|p1b: Scizor|Scizor, L50, F|100\/100\n|switch|p2a: Murkrow|Murkrow, L50, M|100\/100\n|switch|p2b: Great Tusk|Great Tusk, L50|100\/100\n|-enditem|p1a: Scream Tail|Booster Energy\n|-activate|p1a: Scream Tail|ability: Protosynthesis|[fromitem]\n|-start|p1a: Scream Tail|protosynthesisspe\n|turn|1\n|\n|t:|1683927812\n|-terastallize|p2b: Great Tusk|Ground\n|move|p1b: Scizor|Protect|p1b: Scizor\n|-singleturn|p1b: Scizor|Protect\n|move|p2a: Murkrow|Sunny Day|p2a: Murkrow\n|-weather|SunnyDay\n|-activate|p2b: Great Tusk|ability: Protosynthesis\n|-start|p2b: Great Tusk|protosynthesisatk\n|move|p1a: Scream Tail|Howl|p1a: Scream Tail|[spread] p1a,p1b\n|-boost|p1a: Scream Tail|atk|1\n|-boost|p1b: Scizor|atk|1\n|move|p2b: Great Tusk|Earthquake|p1a: Scream Tail|[spread] p1a\n|-activate|p1b: Scizor|move: Protect\n|-immune|p2a: Murkrow\n|-damage|p1a: Scream Tail|54\/100\n|\n|-weather|SunnyDay|[upkeep]\n|upkeep\n|turn|2\n|\n|t:|1683927830\n|move|p2a: Murkrow|Tailwind|p2a: Murkrow\n|-sidestart|p2: Nehzzy|move: Tailwind\n|move|p1b: Scizor|Bullet Punch|p2a: Murkrow\n|-damage|p2a: Murkrow|21\/100\n|move|p2b: Great Tusk|Earthquake|p1b: Scizor|[spread] p1a,p1b\n|-immune|p2a: Murkrow\n|-damage|p1a: Scream Tail|0 fnt\n|-damage|p1b: Scizor|35\/100\n|faint|p1a: Scream Tail\n|-end|p1a: Scream Tail|Protosynthesis|[silent]\n|\n|-weather|SunnyDay|[upkeep]\n|upkeep\n|\n|t:|1683927840\n|switch|p1a: Salamence|Salamence, L50, F|100\/100\n|-ability|p1a: Salamence|Intimidate|boost\n|-unboost|p2a: Murkrow|atk|1\n|-unboost|p2b: Great Tusk|atk|1\n|turn|3\n|inactive|BodaciousBulbasaur has 30 seconds left.\n|\n|t:|1683927868\n|move|p1b: Scizor|Protect|p1b: Scizor\n|-singleturn|p1b: Scizor|Protect\n|move|p2a: Murkrow|Haze|p2a: Murkrow\n|-clearallboost\n|move|p2b: Great Tusk|Earthquake|p1a: Salamence|[spread] \n|-activate|p1b: Scizor|move: Protect\n|-immune|p2a: Murkrow\n|-immune|p1a: Salamence\n|move|p1a: Salamence|Air Slash|p2b: Great Tusk\n|-damage|p2b: Great Tusk|41\/100\n|-damage|p1a: Salamence|91\/100|[from] item: Life Orb\n|\n|-weather|SunnyDay|[upkeep]\n|upkeep\n|turn|4\n|\n|t:|1683927886\n|move|p1b: Scizor|Bullet Punch|p2b: Great Tusk\n|-damage|p2b: Great Tusk|8\/100\n|move|p2b: Great Tusk|Earthquake|p1b: Scizor|[spread] p1b\n|-immune|p2a: Murkrow\n|-immune|p1a: Salamence\n|-damage|p1b: Scizor|0 fnt\n|faint|p1b: Scizor\n|move|p2a: Murkrow|Foul Play|p1a: Salamence\n|-damage|p1a: Salamence|56\/100\n|move|p1a: Salamence|Dragon Pulse|p2a: Murkrow\n|-damage|p2a: Murkrow|0 fnt\n|faint|p2a: Murkrow\n|-damage|p1a: Salamence|46\/100|[from] item: Life Orb\n|\n|-weather|SunnyDay|[upkeep]\n|upkeep\n|\n|t:|1683927909\n|switch|p2a: Gyarados|Gyarados, L50, F|100\/100\n|switch|p1b: Gholdengo|Gholdengo, L50|100\/100\n|-ability|p2a: Gyarados|Intimidate|boost\n|-unboost|p1a: Salamence|atk|1\n|-unboost|p1b: Gholdengo|atk|1\n|turn|5\n|\n|t:|1683927928\n|-terastallize|p1b: Gholdengo|Water\n|move|p2b: Great Tusk|Earthquake|p1b: Gholdengo|[spread] p1b\n|-immune|p2a: Gyarados\n|-immune|p1a: Salamence\n|-damage|p1b: Gholdengo|38\/100\n|move|p2a: Gyarados|Thunder Wave|p1a: Salamence\n|-status|p1a: Salamence|par\n|move|p1b: Gholdengo|Thunderbolt|p2a: Gyarados\n|-supereffective|p2a: Gyarados\n|-damage|p2a: Gyarados|0 fnt\n|faint|p2a: Gyarados\n|cant|p1a: Salamence|par\n|\n|-weather|none\n|-end|p2b: Great Tusk|Protosynthesis\n|-heal|p1b: Gholdengo|44\/100|[from] item: Leftovers\n|-sideend|p2: Nehzzy|move: Tailwind\n|upkeep\n|\n|t:|1683927940\n|switch|p2a: Flutter Mane|Flutter Mane, L50|100\/100\n|turn|6\n|\n|t:|1683927959\n|move|p2b: Great Tusk|Earthquake|p1a: Salamence|[spread] p2a,p1b\n|-immune|p1a: Salamence\n|-damage|p2a: Flutter Mane|19\/100\n|-damage|p1b: Gholdengo|0 fnt\n|faint|p1b: Gholdengo\n|move|p2a: Flutter Mane|Moonblast|p1a: Salamence\n|-supereffective|p1a: Salamence\n|-damage|p1a: Salamence|0 fnt\n|faint|p1a: Salamence\n|\n|win|Nehzzy\n|raw|BodaciousBulbasaur's rating: 1273 → 1256<\/strong> (-17 for losing)\n|raw|Nehzzy's rating: 1382 → 1396<\/strong> (+14 for winning)\n|c|\u2606Nehzzy|gg\n|c|\u2606BodaciousBulbasaur|gg\n","uploadtime":1683927971,"views":10,"p1id":"bodaciousbulbasaur","p2id":"nehzzy","formatid":"gen9vgc2023regulationc","rating":1256,"private":0,"password":""}