{"id":"gen9vgc2023regulationc-1864401367","p1":"littlemasteraik","p2":"Scorman","format":"[Gen 9] VGC 2023 Regulation C","log":"|j|\u2606littlemasteraik\n|j|\u2606Scorman\n|t:|1684163360\n|gametype|doubles\n|player|p1|littlemasteraik|102|1347\n|player|p2|Scorman|aaron|1263\n|teamsize|p1|6\n|teamsize|p2|6\n|gen|9\n|tier|[Gen 9] VGC 2023 Regulation C\n|rated|\n|rule|Species Clause: Limit one of each Pok\u00e9mon\n|rule|Item Clause: Limit one of each item\n|clearpoke\n|poke|p1|Talonflame, L50, M|\n|poke|p1|Amoonguss, L50, F|\n|poke|p1|Flutter Mane, L50|\n|poke|p1|Chi-Yu, L50|\n|poke|p1|Iron Hands, L50|\n|poke|p1|Azumarill, L50, F|\n|poke|p2|Flapple, L50, M|\n|poke|p2|Sandy Shocks, L50|\n|poke|p2|Gengar, L50, F|\n|poke|p2|Bronzong, L50|\n|poke|p2|Volcarona, L50, M|\n|poke|p2|Golduck, L50, M|\n|teampreview|4\n|\n|t:|1684163413\n|start\n|switch|p1a: Talonflame|Talonflame, L50, M|100\/100\n|switch|p1b: Flutter Mane|Flutter Mane, L50|100\/100\n|switch|p2a: Bronzong|Bronzong, L50, shiny|100\/100\n|switch|p2b: Volcarona|Volcarona, L50, M, shiny|100\/100\n|turn|1\n|inactive|Battle timer is ON: inactive players will automatically lose when time's up. (requested by littlemasteraik)\n|\n|t:|1684163468\n|-terastallize|p2b: Volcarona|Water\n|move|p2b: Volcarona|Rage Powder|p2b: Volcarona\n|-singleturn|p2b: Volcarona|move: Rage Powder\n|move|p1a: Talonflame|Taunt|p2b: Volcarona\n|-start|p2b: Volcarona|move: Taunt\n|move|p1b: Flutter Mane|Shadow Ball|p2b: Volcarona\n|-damage|p2b: Volcarona|44\/100\n|move|p2a: Bronzong|Trick Room|p2a: Bronzong\n|-fieldstart|move: Trick Room|[of] p2a: Bronzong\n|\n|upkeep\n|turn|2\n|\n|t:|1684163489\n|move|p2a: Bronzong|Gyro Ball|p1b: Flutter Mane\n|-supereffective|p1b: Flutter Mane\n|-damage|p1b: Flutter Mane|0 fnt\n|faint|p1b: Flutter Mane\n|-end|p1b: Flutter Mane|Protosynthesis|[silent]\n|move|p2b: Volcarona|Struggle Bug|p1a: Talonflame\n|-resisted|p1a: Talonflame\n|-damage|p1a: Talonflame|93\/100\n|move|p1a: Talonflame|Taunt|p2a: Bronzong\n|-start|p2a: Bronzong|move: Taunt\n|-enditem|p2a: Bronzong|Mental Herb\n|-end|p2a: Bronzong|move: Taunt\n|\n|upkeep\n|\n|t:|1684163510\n|switch|p1b: Azumarill|Azumarill, L50, F|100\/100\n|turn|3\n|inactive|Scorman has 30 seconds left.\n|inactive|Scorman has 20 seconds left.\n|\n|t:|1684163548\n|move|p2a: Bronzong|Gravity|p2a: Bronzong\n|-fieldstart|move: Gravity\n|move|p1b: Azumarill|Liquidation|p2a: Bronzong\n|-damage|p2a: Bronzong|59\/100\n|move|p2b: Volcarona|Struggle Bug|p1b: Azumarill|[spread] p1a,p1b\n|-resisted|p1a: Talonflame\n|-resisted|p1b: Azumarill\n|-damage|p1a: Talonflame|88\/100\n|-damage|p1b: Azumarill|94\/100\n|-unboost|p1b: Azumarill|spa|1\n|move|p1a: Talonflame|Brave Bird|p2b: Volcarona\n|-damage|p2b: Volcarona|10\/100\n|-damage|p1a: Talonflame|76\/100|[from] Recoil\n|\n|upkeep\n|turn|4\n|\n|t:|1684163569\n|move|p2a: Bronzong|Hypnosis|p1a: Talonflame\n|-status|p1a: Talonflame|slp|[from] move: Hypnosis\n|move|p1b: Azumarill|Liquidation|p2a: Bronzong\n|-damage|p2a: Bronzong|18\/100\n|move|p2b: Volcarona|Overheat|p1b: Azumarill\n|-resisted|p1b: Azumarill\n|-damage|p1b: Azumarill|73\/100\n|-unboost|p2b: Volcarona|spa|2\n|cant|p1a: Talonflame|slp\n|\n|-end|p2b: Volcarona|move: Taunt\n|upkeep\n|turn|5\n|\n|t:|1684163588\n|switch|p2b: Flapple|Flapple, L50, M, shiny|100\/100\n|move|p2a: Bronzong|Hypnosis|p1b: Azumarill\n|-status|p1b: Azumarill|slp|[from] move: Hypnosis\n|cant|p1b: Azumarill|slp\n|-curestatus|p1a: Talonflame|slp|[msg]\n|move|p1a: Talonflame|Brave Bird|p2a: Bronzong\n|-resisted|p2a: Bronzong\n|-damage|p2a: Bronzong|3\/100\n|-damage|p1a: Talonflame|71\/100|[from] Recoil\n|\n|-fieldend|move: Trick Room\n|upkeep\n|turn|6\n|\n|t:|1684163611\n|move|p2b: Flapple|Protect|p2b: Flapple\n|-singleturn|p2b: Flapple|Protect\n|move|p1a: Talonflame|Brave Bird|p2a: Bronzong\n|-resisted|p2a: Bronzong\n|-damage|p2a: Bronzong|0 fnt\n|faint|p2a: Bronzong\n|-damage|p1a: Talonflame|70\/100|[from] Recoil\n|cant|p1b: Azumarill|slp\n|\n|upkeep\n|\n|t:|1684163621\n|switch|p2a: Volcarona|Volcarona, L50, M, shiny, tera:Water|10\/100\n|turn|7\n|\n|t:|1684163636\n|move|p2a: Volcarona|Rage Powder|p2a: Volcarona\n|-singleturn|p2a: Volcarona|move: Rage Powder\n|move|p1a: Talonflame|Brave Bird|p2a: Volcarona\n|-damage|p2a: Volcarona|0 fnt\n|faint|p2a: Volcarona\n|-damage|p1a: Talonflame|67\/100|[from] Recoil\n|move|p2b: Flapple|Grav Apple|p1b: Azumarill\n|-supereffective|p1b: Azumarill\n|-damage|p1b: Azumarill|0 fnt\n|faint|p1b: Azumarill\n|-damage|p2b: Flapple|91\/100|[from] item: Life Orb\n|\n|-fieldend|move: Gravity\n|upkeep\n|\n|t:|1684163648\n|switch|p2a: Gengar|Gengar, L50, F, shiny|100\/100\n|switch|p1b: Chi-Yu|Chi-Yu, L50|100\/100\n|-ability|p1b: Chi-Yu|Beads of Ruin\n|turn|8\n|inactive|littlemasteraik has 30 seconds left.\n|\n|t:|1684163675\n|move|p2b: Flapple|Sucker Punch|p1a: Talonflame\n|-damage|p1a: Talonflame|16\/100\n|-damage|p2b: Flapple|81\/100|[from] item: Life Orb\n|move|p1a: Talonflame|Brave Bird|p2b: Flapple\n|-supereffective|p2b: Flapple\n|-damage|p2b: Flapple|0 fnt\n|faint|p2b: Flapple\n|-damage|p1a: Talonflame|0 fnt|[from] Recoil\n|faint|p1a: Talonflame\n|move|p2a: Gengar|Focus Blast|p1b: Chi-Yu|[miss]\n|-miss|p2a: Gengar|p1b: Chi-Yu\n|move|p1b: Chi-Yu|Dark Pulse|p2a: Gengar\n|-supereffective|p2a: Gengar\n|-enditem|p2a: Gengar|Focus Sash\n|-damage|p2a: Gengar|1\/100\n|\n|upkeep\n|turn|9\n|\n|t:|1684163696\n|move|p1b: Chi-Yu|Protect|p1b: Chi-Yu\n|-singleturn|p1b: Chi-Yu|Protect\n|move|p2a: Gengar|Focus Blast|p1b: Chi-Yu\n|-activate|p1b: Chi-Yu|move: Protect\n|\n|upkeep\n|turn|10\n|\n|t:|1684163705\n|-terastallize|p1b: Chi-Yu|Water\n|move|p2a: Gengar|Focus Blast|p1b: Chi-Yu\n|-damage|p1b: Chi-Yu|63\/100\n|move|p1b: Chi-Yu|Dark Pulse|p2a: Gengar\n|-supereffective|p2a: Gengar\n|-damage|p2a: Gengar|0 fnt\n|faint|p2a: Gengar\n|\n|win|littlemasteraik\n|raw|littlemasteraik's rating: 1347 → 1362<\/strong> (+15 for winning)\n|raw|Scorman's rating: 1263 → 1244<\/strong> (-19 for losing)\n|l|\u2606Scorman\n","uploadtime":1684163719,"views":3,"p1id":"littlemasteraik","p2id":"scorman","formatid":"gen9vgc2023regulationc","rating":1244,"private":0,"password":""}