{"id":"gen9vgc2023regulationc-1857304034","p1":"PokeVoltClub","p2":"hisanory","format":"[Gen 9] VGC 2023 Regulation C","log":"|j|\u2606PokeVoltClub\n|j|\u2606hisanory\n|t:|1683170385\n|gametype|doubles\n|player|p1|PokeVoltClub|elesa|1081\n|player|p2|hisanory|swimmer-gen4dp|1017\n|teamsize|p1|6\n|teamsize|p2|6\n|gen|9\n|tier|[Gen 9] VGC 2023 Regulation C\n|rated|\n|rule|Species Clause: Limit one of each Pok\u00e9mon\n|rule|Item Clause: Limit one of each item\n|clearpoke\n|poke|p1|Bellibolt, L50, F|\n|poke|p1|Gastrodon, L50, F|\n|poke|p1|Iron Treads, L50|\n|poke|p1|Mimikyu, L50, F|\n|poke|p1|Chi-Yu, L50|\n|poke|p1|Dragonite, L50, M|\n|poke|p2|Armarouge, L50, F|\n|poke|p2|Indeedee-F, L50, F|\n|poke|p2|Roaring Moon, L50|\n|poke|p2|Corviknight, L50, F|\n|poke|p2|Garchomp, L50, F|\n|poke|p2|Flutter Mane, L50|\n|teampreview|4\n|\n|t:|1683170411\n|start\n|switch|p1a: Gastrodon|Gastrodon, L50, F|100\/100\n|switch|p1b: Mimikyu|Mimikyu, L50, F|100\/100\n|switch|p2a: Roaring Moon|Roaring Moon, L50, shiny|100\/100\n|switch|p2b: Corviknight|Corviknight, L50, F|100\/100\n|-enditem|p2a: Roaring Moon|Booster Energy\n|-activate|p2a: Roaring Moon|ability: Protosynthesis|[fromitem]\n|-start|p2a: Roaring Moon|protosynthesisspe\n|turn|1\n|\n|t:|1683170434\n|move|p2a: Roaring Moon|Throat Chop|p1a: Gastrodon\n|-damage|p1a: Gastrodon|60\/100\n|move|p1b: Mimikyu|Will-O-Wisp|p2a: Roaring Moon\n|-status|p2a: Roaring Moon|brn\n|move|p2b: Corviknight|Tailwind|p2b: Corviknight\n|-sidestart|p2: hisanory|move: Tailwind\n|move|p1a: Gastrodon|Muddy Water|p2a: Roaring Moon|[spread] p2a,p2b\n|-resisted|p2a: Roaring Moon\n|-damage|p2a: Roaring Moon|87\/100 brn\n|-damage|p2b: Corviknight|75\/100\n|-unboost|p2a: Roaring Moon|accuracy|1\n|-ability|p2b: Corviknight|Mirror Armor\n|-unboost|p1a: Gastrodon|accuracy|1\n|\n|-damage|p2a: Roaring Moon|81\/100 brn|[from] brn\n|upkeep\n|turn|2\n|\n|t:|1683170473\n|move|p2a: Roaring Moon|Throat Chop|p1b: Mimikyu|[miss]\n|-miss|p2a: Roaring Moon|p1b: Mimikyu\n|move|p2b: Corviknight|Brave Bird|p1b: Mimikyu\n|-activate|p1b: Mimikyu|ability: Disguise\n|-damage|p1b: Mimikyu|100\/100\n|detailschange|p1b: Mimikyu|Mimikyu-Busted, L50, F\n|-damage|p1b: Mimikyu|88\/100|[from] pokemon: Mimikyu-Busted\n|move|p1b: Mimikyu|Play Rough|p2a: Roaring Moon\n|-supereffective|p2a: Roaring Moon\n|-damage|p2a: Roaring Moon|0 fnt\n|faint|p2a: Roaring Moon\n|-end|p2a: Roaring Moon|Protosynthesis|[silent]\n|-damage|p1b: Mimikyu|78\/100|[from] item: Life Orb\n|move|p1a: Gastrodon|Muddy Water|p2b: Corviknight\n|-damage|p2b: Corviknight|44\/100\n|-enditem|p2b: Corviknight|Sitrus Berry|[eat]\n|-heal|p2b: Corviknight|69\/100|[from] item: Sitrus Berry\n|\n|upkeep\n|\n|t:|1683170491\n|switch|p2a: Garchomp|Garchomp, L50, F|100\/100\n|turn|3\n|\n|t:|1683170507\n|move|p2a: Garchomp|Earthquake|p1a: Gastrodon|[spread] p1a,p1b\n|-immune|p2b: Corviknight\n|-damage|p1a: Gastrodon|18\/100\n|-damage|p1b: Mimikyu|20\/100\n|move|p2b: Corviknight|Roost|p2b: Corviknight\n|-heal|p2b: Corviknight|100\/100\n|-singleturn|p2b: Corviknight|move: Roost\n|move|p1b: Mimikyu|Play Rough|p2a: Garchomp|[miss]\n|-miss|p1b: Mimikyu|p2a: Garchomp\n|move|p1a: Gastrodon|Muddy Water|p2a: Garchomp|[spread] p2a,p2b\n|-damage|p2a: Garchomp|66\/100\n|-damage|p2b: Corviknight|74\/100\n|\n|upkeep\n|turn|4\n|\n|t:|1683170534\n|move|p2a: Garchomp|Earthquake|p1a: Gastrodon|[spread] p1a,p1b\n|-immune|p2b: Corviknight\n|-damage|p1a: Gastrodon|0 fnt\n|-damage|p1b: Mimikyu|0 fnt\n|faint|p1a: Gastrodon\n|faint|p1b: Mimikyu\n|move|p2b: Corviknight|Roost|p2b: Corviknight\n|-heal|p2b: Corviknight|100\/100\n|-singleturn|p2b: Corviknight|move: Roost\n|\n|-sideend|p2: hisanory|move: Tailwind\n|upkeep\n|\n|t:|1683170544\n|switch|p1b: Tin-Lu|Chi-Yu, L50|100\/100\n|switch|p1a: Bellibolt|Bellibolt, L50, F|100\/100\n|-ability|p1b: Tin-Lu|Beads of Ruin\n|turn|5\n|\n|t:|1683170575\n|-terastallize|p1a: Bellibolt|Flying\n|move|p2a: Garchomp|Earthquake|p1b: Tin-Lu|[spread] p1b\n|-immune|p2b: Corviknight\n|-immune|p1a: Bellibolt\n|-supereffective|p1b: Tin-Lu\n|-enditem|p1b: Tin-Lu|Focus Sash\n|-damage|p1b: Tin-Lu|1\/100\n|move|p1b: Tin-Lu|Heat Wave|p2a: Garchomp|[spread] p2a,p2b\n|-resisted|p2a: Garchomp\n|-supereffective|p2b: Corviknight\n|-damage|p2a: Garchomp|42\/100\n|-damage|p2b: Corviknight|27\/100\n|-status|p2a: Garchomp|brn\n|move|p2b: Corviknight|Tailwind|p2b: Corviknight\n|-sidestart|p2: hisanory|move: Tailwind\n|move|p1a: Bellibolt|Muddy Water|p2a: Garchomp|[spread] p2a,p2b\n|-damage|p2a: Garchomp|15\/100 brn\n|-damage|p2b: Corviknight|5\/100\n|-unboost|p2a: Garchomp|accuracy|1\n|\n|-damage|p2a: Garchomp|9\/100 brn|[from] brn\n|upkeep\n|turn|6\n|\n|t:|1683170621\n|switch|p2a: Indeedee|Indeedee-F, L50, F, shiny|100\/100\n|-fieldstart|move: Psychic Terrain|[from] ability: Psychic Surge|[of] p2a: Indeedee\n|move|p1b: Tin-Lu|Protect|p1b: Tin-Lu\n|-singleturn|p1b: Tin-Lu|Protect\n|move|p2b: Corviknight|Iron Head|p1b: Tin-Lu\n|-activate|p1b: Tin-Lu|move: Protect\n|move|p1a: Bellibolt|Muddy Water|p2b: Corviknight|[spread] p2a,p2b\n|-damage|p2a: Indeedee|78\/100\n|-damage|p2b: Corviknight|0 fnt\n|-unboost|p2a: Indeedee|accuracy|1\n|faint|p2b: Corviknight\n|\n|upkeep\n|\n|t:|1683170630\n|switch|p2b: Garchomp|Garchomp, L50, F|9\/100 brn\n|turn|7\n|\n|t:|1683170643\n|move|p2b: Garchomp|Rock Slide|p1b: Tin-Lu|[spread] p1a,p1b\n|-supereffective|p1a: Bellibolt\n|-crit|p1a: Bellibolt\n|-supereffective|p1b: Tin-Lu\n|-damage|p1a: Bellibolt|77\/100\n|-damage|p1b: Tin-Lu|0 fnt\n|-start|p1a: Bellibolt|Charge|Rock Slide|[from] ability: Electromorphosis\n|faint|p1b: Tin-Lu\n|move|p2a: Indeedee|Dazzling Gleam|p1a: Bellibolt|[miss]\n|-miss|p2a: Indeedee|p1a: Bellibolt\n|move|p1a: Bellibolt|Muddy Water|p2a: Indeedee|[spread] p2a,p2b\n|-damage|p2a: Indeedee|60\/100\n|-damage|p2b: Garchomp|0 fnt\n|faint|p2b: Garchomp\n|\n|upkeep\n|turn|8\n|\n|t:|1683170660\n|-terastallize|p2a: Indeedee|Fairy\n|move|p2a: Indeedee|Dazzling Gleam|p1a: Bellibolt\n|-damage|p1a: Bellibolt|61\/100\n|-start|p1a: Bellibolt|Charge|Dazzling Gleam|[from] ability: Electromorphosis\n|move|p1a: Bellibolt|Parabolic Charge|p2a: Indeedee\n|-crit|p2a: Indeedee\n|-damage|p2a: Indeedee|0 fnt\n|-heal|p1a: Bellibolt|86\/100|[from] drain|[of] p2a: Indeedee\n|faint|p2a: Indeedee\n|-end|p1a: Bellibolt|Charge|[silent]\n|\n|win|PokeVoltClub\n|raw|PokeVoltClub's rating: 1081 → 1104<\/strong> (+23 for winning)\n|raw|hisanory's rating: 1017 → 1007<\/strong> (-10 for losing)\n|l|\u2606hisanory\n|c|\u2606PokeVoltClub|gg\n","uploadtime":1683170682,"views":5,"p1id":"pokevoltclub","p2id":"hisanory","formatid":"gen9vgc2023regulationc","rating":1007,"private":0,"password":""}