{"id":"gen9vgc2023regulationc-1847034823","p1":"KoushiroTakeru","p2":"minionbanana57","format":"[Gen 9] VGC 2023 Regulation C","log":"|j|\u2606KoushiroTakeru\n|j|\u2606minionbanana57\n|t:|1681913593\n|gametype|doubles\n|player|p1|KoushiroTakeru|hilbert-wonderlauncher|1136\n|player|p2|minionbanana57|102|1166\n|teamsize|p1|6\n|teamsize|p2|6\n|gen|9\n|tier|[Gen 9] VGC 2023 Regulation C\n|rated|\n|rule|Species Clause: Limit one of each Pok\u00e9mon\n|rule|Item Clause: Limit one of each item\n|clearpoke\n|poke|p1|Sandy Shocks, L50|\n|poke|p1|Espathra, L50, F|\n|poke|p1|Scizor, L50, M|\n|poke|p1|Salamence, L50, F|\n|poke|p1|Iron Valiant, L50|\n|poke|p1|Iron Bundle, L50|\n|poke|p2|Grimmsnarl, L50, M|\n|poke|p2|Flutter Mane, L50|\n|poke|p2|Palafin, L50, F|\n|poke|p2|Ting-Lu, L50|\n|poke|p2|Dragonite, L50, F|\n|poke|p2|Chien-Pao, L50|\n|teampreview|4\n|inactive|Battle timer is ON: inactive players will automatically lose when time's up. (requested by minionbanana57)\nminionbanana57 has agreed to open team sheets.\n|inactive|KoushiroTakeru has 60 seconds left.\n|inactive|minionbanana57 has 60 seconds left.\n|\n|t:|1681913660\n|start\n|switch|p1a: Scizor|Scizor, L50, M|100\/100\n|switch|p1b: Salamence|Salamence, L50, F|100\/100\n|switch|p2a: Flutter Mane|Flutter Mane, L50, shiny|100\/100\n|switch|p2b: Grimmsnarl|Grimmsnarl, L50, M, shiny|100\/100\n|turn|1\n|inactive|KoushiroTakeru has 30 seconds left.\n|inactive|KoushiroTakeru has 20 seconds left.\n|\n|t:|1681913695\n|-terastallize|p1b: Salamence|Rock\n|-terastallize|p2a: Flutter Mane|Fairy\n|move|p2b: Grimmsnarl|Reflect|p2b: Grimmsnarl\n|-sidestart|p2: minionbanana57|Reflect\n|move|p1b: Salamence|Rock Slide|p2b: Grimmsnarl|[spread] p2a,p2b\n|-damage|p2a: Flutter Mane|52\/100\n|-damage|p2b: Grimmsnarl|83\/100\n|move|p2a: Flutter Mane|Dazzling Gleam|p1b: Salamence|[spread] p1a,p1b\n|-resisted|p1a: Scizor\n|-damage|p1a: Scizor|57\/100\n|-damage|p1b: Salamence|20\/100\n|move|p1a: Scizor|Swords Dance|p1a: Scizor\n|-boost|p1a: Scizor|atk|2\n|\n|upkeep\n|turn|2\n|\n|t:|1681913719\n|move|p1a: Scizor|Bullet Punch|p2a: Flutter Mane\n|-supereffective|p2a: Flutter Mane\n|-damage|p2a: Flutter Mane|0 fnt\n|faint|p2a: Flutter Mane\n|-end|p2a: Flutter Mane|Protosynthesis|[silent]\n|move|p1b: Salamence|Rock Slide|p2b: Grimmsnarl|[miss]\n|-miss|p1b: Salamence|p2b: Grimmsnarl\n|move|p2b: Grimmsnarl|Spirit Break|p1a: Scizor\n|-resisted|p1a: Scizor\n|-damage|p1a: Scizor|42\/100\n|-unboost|p1a: Scizor|spa|1\n|\n|upkeep\n|\n|t:|1681913726\n|switch|p2a: Dragonite|Dragonite, L50, F|100\/100\n|turn|3\n|\n|t:|1681913743\n|move|p2a: Dragonite|Extreme Speed|p1a: Scizor\n|-resisted|p1a: Scizor\n|-damage|p1a: Scizor|18\/100\n|move|p1a: Scizor|Bullet Punch|p2a: Dragonite\n|-damage|p2a: Dragonite|54\/100\n|move|p1b: Salamence|Rock Slide|p2a: Dragonite|[spread] p2a,p2b\n|-supereffective|p2a: Dragonite\n|-damage|p2a: Dragonite|12\/100\n|-damage|p2b: Grimmsnarl|63\/100\n|cant|p2b: Grimmsnarl|flinch\n|\n|upkeep\n|turn|4\n|c|\u2606minionbanana57|ma porco dio\n|\n|t:|1681913767\n|move|p2a: Dragonite|Extreme Speed|p1a: Scizor\n|-resisted|p1a: Scizor\n|-damage|p1a: Scizor|0 fnt\n|faint|p1a: Scizor\n|move|p1b: Salamence|Rock Slide|p2a: Dragonite|[spread] p2a,p2b\n|-supereffective|p2a: Dragonite\n|-damage|p2a: Dragonite|0 fnt\n|-damage|p2b: Grimmsnarl|46\/100\n|faint|p2a: Dragonite\n|-ability|p1b: Salamence|Moxie|boost\n|-boost|p1b: Salamence|atk|1\n|cant|p2b: Grimmsnarl|flinch\n|\n|upkeep\n|\n|t:|1681913787\n|switch|p2a: Chien-Pao|Chien-Pao, L50|100\/100\n|switch|p1a: Sandy Shocks|Sandy Shocks, L50|100\/100\n|-ability|p2a: Chien-Pao|Sword of Ruin\n|-enditem|p1a: Sandy Shocks|Booster Energy\n|-activate|p1a: Sandy Shocks|ability: Protosynthesis|[fromitem]\n|-start|p1a: Sandy Shocks|protosynthesisspe\n|turn|5\n|\n|t:|1681913799\n|move|p2a: Chien-Pao|Sucker Punch|p1b: Salamence\n|-damage|p1b: Salamence|0 fnt\n|faint|p1b: Salamence\n|move|p2b: Grimmsnarl|Light Screen|p2b: Grimmsnarl\n|-sidestart|p2: minionbanana57|move: Light Screen\n|move|p1a: Sandy Shocks|Gravity|p1a: Sandy Shocks\n|-fieldstart|move: Gravity\n|\n|upkeep\n|\n|t:|1681913806\n|switch|p1b: Espathra|Espathra, L50, F|100\/100\n|turn|6\n|\n|t:|1681913826\n|move|p2b: Grimmsnarl|Misty Terrain|p2b: Grimmsnarl\n|-fieldstart|move: Misty Terrain\n|move|p1a: Sandy Shocks|Thunder|p2b: Grimmsnarl\n|-damage|p2b: Grimmsnarl|10\/100\n|move|p2a: Chien-Pao|Ice Spinner|p1a: Sandy Shocks\n|-supereffective|p1a: Sandy Shocks\n|-damage|p1a: Sandy Shocks|0 fnt\n|-fieldend|Misty Terrain\n|faint|p1a: Sandy Shocks\n|-end|p1a: Sandy Shocks|Protosynthesis|[silent]\n|move|p1b: Espathra|Hypnosis|p2a: Chien-Pao\n|-status|p2a: Chien-Pao|slp|[from] move: Hypnosis\n|\n|-ability|p1b: Espathra|Speed Boost|boost\n|-boost|p1b: Espathra|spe|1\n|upkeep\n|turn|7\n|c|\u2606minionbanana57|I outplayed myself\n|\n|t:|1681913849\n|cant|p2a: Chien-Pao|slp\n|move|p2b: Grimmsnarl|Misty Terrain|p2b: Grimmsnarl\n|-fieldstart|move: Misty Terrain\n|move|p1b: Espathra|Dazzling Gleam|p2a: Chien-Pao|[spread] p2a,p2b\n|-supereffective|p2a: Chien-Pao\n|-supereffective|p2b: Grimmsnarl\n|-damage|p2a: Chien-Pao|69\/100 slp\n|-damage|p2b: Grimmsnarl|0 fnt\n|faint|p2b: Grimmsnarl\n|\n|-ability|p1b: Espathra|Speed Boost|boost\n|-boost|p1b: Espathra|spe|1\n|upkeep\n|turn|8\n|\n|t:|1681913864\n|cant|p2a: Chien-Pao|slp\n|move|p1b: Espathra|Dazzling Gleam|p2a: Chien-Pao\n|-supereffective|p2a: Chien-Pao\n|-damage|p2a: Chien-Pao|22\/100 slp\n|\n|-sideend|p2: minionbanana57|Reflect\n|-ability|p1b: Espathra|Speed Boost|boost\n|-boost|p1b: Espathra|spe|1\n|upkeep\n|turn|9\n|c|\u2606minionbanana57|please\n|\n|t:|1681913875\n|-curestatus|p2a: Chien-Pao|slp|[msg]\n|move|p2a: Chien-Pao|Sucker Punch|p1b: Espathra\n|-supereffective|p1b: Espathra\n|-damage|p1b: Espathra|0 fnt\n|faint|p1b: Espathra\n|\n|win|minionbanana57\n|raw|KoushiroTakeru's rating: 1136 → 1113<\/strong> (-23 for losing)\n|raw|minionbanana57's rating: 1166 → 1189<\/strong> (+23 for winning)\n|c|\u2606minionbanana57|let\u2019s go\n|l|\u2606minionbanana57\n|j|\u2606minionbanana57\n|player|p2|minionbanana57|102\n|l|\u2606minionbanana57\n|player|p2|\n","uploadtime":1681914450,"views":4,"p1id":"koushirotakeru","p2id":"minionbanana57","formatid":"gen9vgc2023regulationc","rating":1113,"private":0,"password":""}