{"id":"gen9vgc2023regulationc-1863130421","p1":"krangune\u2764","p2":"Magiplop","format":"[Gen 9] VGC 2023 Regulation C","log":"|j|\u2606krangune\u2764\n|j|\u2606Magiplop\n|t:|1683976232\n|gametype|doubles\n|player|p1|krangune\u2764|elesa|1445\n|player|p2|Magiplop|1|1365\n|teamsize|p1|6\n|teamsize|p2|6\n|gen|9\n|tier|[Gen 9] VGC 2023 Regulation C\n|rated|\n|rule|Species Clause: Limit one of each Pok\u00e9mon\n|rule|Item Clause: Limit one of each item\n|clearpoke\n|poke|p1|Chi-Yu, L50|\n|poke|p1|Coalossal, L50, F|\n|poke|p1|Gastrodon, L50, M|\n|poke|p1|Flutter Mane, L50|\n|poke|p1|Iron Hands, L50|\n|poke|p1|Orthworm, L50, F|\n|poke|p2|Gyarados, L50, M|\n|poke|p2|Pachirisu, L50, F|\n|poke|p2|Gothitelle, L50, M|\n|poke|p2|Gardevoir, L50, M|\n|poke|p2|Garchomp, L50, F|\n|poke|p2|Talonflame, L50, M|\n|teampreview|4\nkrangune\u2764 has agreed to open team sheets.\n|c|\u2606krangune\u2764|glhf\nMagiplop has agreed to open team sheets.\n|c|\u2606Magiplop|You too\n|j| BlueMD\n|l| BlueMD\n|inactive|Battle timer is ON: inactive players will automatically lose when time's up. (requested by Magiplop)\n|\n|t:|1683976304\n|start\n|switch|p1a: Flutter Mane|Flutter Mane, L50|100\/100\n|switch|p1b: Orthworm|Orthworm, L50, F|100\/100\n|switch|p2a: Gyarados|Gyarados, L50, M|100\/100\n|switch|p2b: Talonflame|Talonflame, L50, M|100\/100\n|turn|1\n|inactive|krangune\u2764 has 30 seconds left.\n|\n|t:|1683976330\n|switch|p1b: Coalossal|Coalossal, L50, F|100\/100\n|move|p2b: Talonflame|Brave Bird|p1a: Flutter Mane\n|-damage|p1a: Flutter Mane|0 fnt\n|faint|p1a: Flutter Mane\n|-end|p1a: Flutter Mane|Protosynthesis|[silent]\n|-damage|p2b: Talonflame|70\/100|[from] Recoil\n|-damage|p2b: Talonflame|61\/100|[from] item: Life Orb\n|move|p2a: Gyarados|Dragon Dance|p2a: Gyarados\n|-boost|p2a: Gyarados|atk|1\n|-boost|p2a: Gyarados|spe|1\n|\n|upkeep\n|c|\u2606krangune\u2764|ouch\n|inactive|krangune\u2764 has 30 seconds left.\n|\n|t:|1683976360\n|switch|p1a: Orthworm|Orthworm, L50, F|100\/100\n|turn|2\n|inactive|krangune\u2764 has 30 seconds left.\n|inactive|Magiplop has 30 seconds left.\n|\n|t:|1683976388\n|switch|p1a: Gastrodon|Gastrodon, L50, M|100\/100\n|move|p2a: Gyarados|Protect|p2a: Gyarados\n|-singleturn|p2a: Gyarados|Protect\n|move|p2b: Talonflame|Taunt|p1a: Gastrodon\n|-start|p1a: Gastrodon|move: Taunt\n|move|p1b: Coalossal|Power Gem|p2a: Gyarados\n|-activate|p2a: Gyarados|move: Protect\n|\n|upkeep\n|turn|3\n|\n|t:|1683976406\n|switch|p2b: Pachirisu|Pachirisu, L50, F|100\/100\n|-terastallize|p2a: Gyarados|Ground\n|-terastallize|p1b: Coalossal|Grass\n|move|p2a: Gyarados|Dragon Dance|p2a: Gyarados\n|-boost|p2a: Gyarados|atk|1\n|-boost|p2a: Gyarados|spe|1\n|move|p1b: Coalossal|Power Gem|p2a: Gyarados\n|-resisted|p2a: Gyarados\n|-damage|p2a: Gyarados|78\/100\n|-damage|p1b: Coalossal|91\/100|[from] item: Life Orb\n|move|p1a: Gastrodon|Muddy Water|p2a: Gyarados|[spread] p2a,p2b\n|-supereffective|p2a: Gyarados\n|-damage|p2a: Gyarados|19\/100\n|-damage|p2b: Pachirisu|66\/100\n|\n|upkeep\n|turn|4\n|inactive|krangune\u2764 has 30 seconds left.\n|inactive|Magiplop has 30 seconds left.\n|\n|t:|1683976438\n|switch|p1a: Orthworm|Orthworm, L50, F|100\/100\n|move|p2a: Gyarados|Earthquake|p1a: Orthworm|[spread] p2b,p1b\n|-immune|p1a: Orthworm|[from] ability: Earth Eater\n|-supereffective|p2b: Pachirisu\n|-resisted|p1b: Coalossal\n|-damage|p2b: Pachirisu|0 fnt\n|-damage|p1b: Coalossal|58\/100\n|faint|p2b: Pachirisu\n|-ability|p2a: Gyarados|Moxie|boost\n|-boost|p2a: Gyarados|atk|1\n|move|p1b: Coalossal|Heat Wave|p2a: Gyarados\n|-damage|p2a: Gyarados|0 fnt\n|faint|p2a: Gyarados\n|-damage|p1b: Coalossal|48\/100|[from] item: Life Orb\n|\n|upkeep\n|\n|t:|1683976441\n|switch|p2a: Talonflame|Talonflame, L50, M|61\/100\n|switch|p2b: Gardevoir|Gardevoir, L50, M|100\/100\n|turn|5\n|inactive|krangune\u2764 has 30 seconds left.\n|\n|t:|1683976469\n|switch|p1a: Gastrodon|Gastrodon, L50, M|100\/100\n|move|p2b: Gardevoir|Trick|p1a: Gastrodon\n|-activate|p2b: Gardevoir|move: Trick|[of] p1a: Gastrodon\n|-item|p1a: Gastrodon|Choice Scarf|[from] move: Trick\n|-item|p2b: Gardevoir|Covert Cloak|[from] move: Trick\n|move|p2a: Talonflame|Brave Bird|p1b: Coalossal\n|-supereffective|p1b: Coalossal\n|-damage|p1b: Coalossal|0 fnt\n|faint|p1b: Coalossal\n|-damage|p2a: Talonflame|42\/100|[from] Recoil\n|-damage|p2a: Talonflame|32\/100|[from] item: Life Orb\n|\n|upkeep\n|\n|t:|1683976481\n|switch|p1b: Orthworm|Orthworm, L50, F|100\/100\n|turn|6\n|\n|t:|1683976505\n|move|p2a: Talonflame|Overheat|p1b: Orthworm\n|-supereffective|p1b: Orthworm\n|-damage|p1b: Orthworm|0 fnt\n|-unboost|p2a: Talonflame|spa|2\n|faint|p1b: Orthworm\n|-damage|p2a: Talonflame|22\/100|[from] item: Life Orb\n|move|p2b: Gardevoir|Moonblast|p1a: Gastrodon\n|-damage|p1a: Gastrodon|52\/100\n|-unboost|p1a: Gastrodon|spa|1\n|move|p1a: Gastrodon|Muddy Water|p2a: Talonflame|[spread] p2a,p2b\n|-supereffective|p2a: Talonflame\n|-damage|p2a: Talonflame|0 fnt\n|-damage|p2b: Gardevoir|79\/100\n|faint|p2a: Talonflame\n|\n|upkeep\n|turn|7\n|\n|t:|1683976528\n|move|p2b: Gardevoir|Moonblast|p1a: Gastrodon\n|-damage|p1a: Gastrodon|10\/100\n|move|p1a: Gastrodon|Muddy Water|p2b: Gardevoir\n|-damage|p2b: Gardevoir|53\/100\n|\n|upkeep\n|turn|8\n|\n|t:|1683976535\n|move|p2b: Gardevoir|Moonblast|p1a: Gastrodon\n|-damage|p1a: Gastrodon|0 fnt\n|faint|p1a: Gastrodon\n|\n|win|Magiplop\n|raw|krangune\u2764's rating: 1445 → 1420<\/strong> (-25 for losing)\n|raw|Magiplop's rating: 1365 → 1390<\/strong> (+25 for winning)\n|c|\u2606krangune\u2764|gg\n|c|\u2606Magiplop|Gg\n|l|\u2606krangune\u2764\n","uploadtime":1683976544,"views":13,"p1id":"krangune","p2id":"magiplop","formatid":"gen9vgc2023regulationc","rating":1390,"private":0,"password":""}