{"id":"gen9vgc2023regulationc-1851501112","p1":"joshdonnie","p2":"Mr.SteelixYourGirl","format":"[Gen 9] VGC 2023 Regulation C","log":"|j|\u2606joshdonnie\n|j|\u2606Mr.SteelixYourGirl\n|t:|1682450384\n|gametype|doubles\n|player|p1|joshdonnie|1|1321\n|player|p2|Mr.SteelixYourGirl|steven|1263\n|teamsize|p1|6\n|teamsize|p2|6\n|gen|9\n|tier|[Gen 9] VGC 2023 Regulation C\n|rated|\n|rule|Species Clause: Limit one of each Pok\u00e9mon\n|rule|Item Clause: Limit one of each item\n|clearpoke\n|poke|p1|Garchomp, L50, M|\n|poke|p1|Annihilape, L50, M|\n|poke|p1|Kingambit, L50, M|\n|poke|p1|Chien-Pao, L50|\n|poke|p1|Farigiraf, L50, M|\n|poke|p1|Rotom-Wash, L50|\n|poke|p2|Great Tusk, L50|\n|poke|p2|Iron Jugulis, L50|\n|poke|p2|Bronzong, L50|\n|poke|p2|Iron Hands, L50|\n|poke|p2|Abomasnow, L50, M|\n|poke|p2|Glaceon, L50, M|\n|teampreview|4\n|c|\u2606joshdonnie|hey\n|c|\u2606Mr.SteelixYourGirl|howdy\n|c|\u2606joshdonnie|we meet again :)\n|c|\u2606Mr.SteelixYourGirl|you beat me last time? i forget\n|c|\u2606joshdonnie|yea super clsoe kingambit sucker punch on glaceon\n|c|\u2606Mr.SteelixYourGirl|right right. it twas a good game\n|\n|t:|1682450462\n|start\n|switch|p1a: Rotom|Rotom-Wash, L50, shiny|100\/100\n|switch|p1b: Oroku Saki|Kingambit, L50, M, shiny|100\/100\n|switch|p2a: Iron Jugulis|Iron Jugulis, L50|100\/100\n|switch|p2b: Glaceon|Glaceon, L50, M, shiny|100\/100\n|-enditem|p2a: Iron Jugulis|Booster Energy\n|-activate|p2a: Iron Jugulis|ability: Quark Drive|[fromitem]\n|-start|p2a: Iron Jugulis|quarkdrivespe\n|turn|1\n|\n|t:|1682450489\n|-terastallize|p1a: Rotom|Electric\n|move|p2b: Glaceon|Protect|p2b: Glaceon\n|-singleturn|p2b: Glaceon|Protect\n|move|p2a: Iron Jugulis|Tailwind|p2a: Iron Jugulis\n|-sidestart|p2: Mr.SteelixYourGirl|move: Tailwind\n|move|p1a: Rotom|Thunderbolt|p2a: Iron Jugulis\n|-supereffective|p2a: Iron Jugulis\n|-damage|p2a: Iron Jugulis|5\/100\n|-status|p2a: Iron Jugulis|par\n|move|p1b: Oroku Saki|Iron Head|p2a: Iron Jugulis\n|-damage|p2a: Iron Jugulis|0 fnt\n|faint|p2a: Iron Jugulis\n|-end|p2a: Iron Jugulis|Quark Drive|[silent]\n|\n|upkeep\n|\n|t:|1682450503\n|switch|p2a: Great Tusk|Great Tusk, L50|100\/100\n|turn|2\n|c|\u2606Mr.SteelixYourGirl|well i got it wrong lmao\n|c|\u2606Mr.SteelixYourGirl|gg\n|\n|t:|1682450527\n|switch|p1b: Annihilape|Annihilape, L50, M|100\/100\n|move|p2a: Great Tusk|Close Combat|p1b: Annihilape\n|-immune|p1b: Annihilape\n|move|p2b: Glaceon|Freeze-Dry|p1a: Rotom\n|-damage|p1a: Rotom|59\/100\n|move|p1a: Rotom|Hydro Pump|p2a: Great Tusk\n|-supereffective|p2a: Great Tusk\n|-damage|p2a: Great Tusk|0 fnt\n|faint|p2a: Great Tusk\n|-end|p2a: Great Tusk|Protosynthesis|[silent]\n|\n|upkeep\n|\n|t:|1682450531\n|switch|p2a: Abomasnow|Abomasnow, L50, M|100\/100\n|-weather|Snow|[from] ability: Snow Warning|[of] p2a: Abomasnow\n|turn|3\n|\n|t:|1682450550\n|switch|p1a: Oroku Saki|Kingambit, L50, M, shiny|100\/100\n|move|p2b: Glaceon|Blizzard|p1b: Annihilape|[spread] p1a,p1b\n|-resisted|p1a: Oroku Saki\n|-damage|p1a: Oroku Saki|86\/100\n|-damage|p1b: Annihilape|54\/100\n|-status|p1b: Annihilape|frz\n|move|p2a: Abomasnow|Blizzard|p1b: Annihilape|[spread] p1a,p1b\n|-resisted|p1a: Oroku Saki\n|-damage|p1a: Oroku Saki|75\/100\n|-damage|p1b: Annihilape|28\/100 frz\n|cant|p1b: Annihilape|frz\n|\n|-weather|Snow|[upkeep]\n|-heal|p1b: Annihilape|34\/100 frz|[from] item: Leftovers\n|upkeep\n|turn|4\n|c|\u2606joshdonnie|freeeeeze\n|\n|t:|1682450575\n|move|p2b: Glaceon|Blizzard|p1b: Annihilape|[spread] p1a,p1b\n|-resisted|p1a: Oroku Saki\n|-damage|p1a: Oroku Saki|59\/100\n|-damage|p1b: Annihilape|0 fnt\n|faint|p1b: Annihilape\n|move|p2a: Abomasnow|Earth Power|p1a: Oroku Saki\n|-supereffective|p1a: Oroku Saki\n|-damage|p1a: Oroku Saki|30\/100\n|move|p1a: Oroku Saki|Iron Head|p2b: Glaceon\n|-supereffective|p2b: Glaceon\n|-damage|p2b: Glaceon|44\/100\n|\n|-weather|Snow|[upkeep]\n|-sideend|p2: Mr.SteelixYourGirl|move: Tailwind\n|upkeep\n|c|\u2606Mr.SteelixYourGirl|this is a team im using to preactice for a draft league if you're wondering why its so strange\n|\n|t:|1682450586\n|switch|p1b: Chien-Pao|Chien-Pao, L50|100\/100\n|-ability|p1b: Chien-Pao|Sword of Ruin\n|turn|5\n|\n|t:|1682450603\n|move|p1b: Chien-Pao|Sacred Sword|p2a: Abomasnow\n|-supereffective|p2a: Abomasnow\n|-damage|p2a: Abomasnow|43\/100\n|-enditem|p2a: Abomasnow|Weakness Policy\n|-boost|p2a: Abomasnow|atk|2|[from] item: Weakness Policy\n|-boost|p2a: Abomasnow|spa|2|[from] item: Weakness Policy\n|move|p2b: Glaceon|Blizzard|p1a: Oroku Saki|[spread] p1a,p1b\n|-resisted|p1a: Oroku Saki\n|-resisted|p1b: Chien-Pao\n|-damage|p1a: Oroku Saki|16\/100\n|-damage|p1b: Chien-Pao|60\/100\n|move|p2a: Abomasnow|Earth Power|p1a: Oroku Saki\n|-supereffective|p1a: Oroku Saki\n|-damage|p1a: Oroku Saki|0 fnt\n|faint|p1a: Oroku Saki\n|\n|-weather|Snow|[upkeep]\n|upkeep\n|c|\u2606joshdonnie|thats fun\n|c|\u2606joshdonnie|wishing u good luck\n|\n|t:|1682450613\n|switch|p1a: Rotom|Rotom-Wash, L50, shiny, tera:Electric|59\/100\n|turn|6\n|\n|t:|1682450625\n|-terastallize|p2a: Abomasnow|Water\n|move|p1b: Chien-Pao|Sacred Sword|p2a: Abomasnow\n|-damage|p2a: Abomasnow|0 fnt\n|faint|p2a: Abomasnow\n|move|p1a: Rotom|Thunderbolt|p2b: Glaceon|[miss]\n|-miss|p1a: Rotom|p2b: Glaceon\n|move|p2b: Glaceon|Blizzard|p1a: Rotom|[spread] p1a,p1b\n|-resisted|p1b: Chien-Pao\n|-damage|p1a: Rotom|17\/100\n|-damage|p1b: Chien-Pao|21\/100\n|-enditem|p1a: Rotom|Sitrus Berry|[eat]\n|-heal|p1a: Rotom|42\/100|[from] item: Sitrus Berry\n|\n|-weather|Snow|[upkeep]\n|upkeep\n|turn|7\n|\n|t:|1682450638\n|move|p1b: Chien-Pao|Sucker Punch|p2b: Glaceon\n|-damage|p2b: Glaceon|12\/100\n|move|p1a: Rotom|Thunderbolt|p2b: Glaceon|[miss]\n|-miss|p1a: Rotom|p2b: Glaceon\n|move|p2b: Glaceon|Blizzard|p1a: Rotom|[spread] p1a,p1b\n|-resisted|p1b: Chien-Pao\n|-damage|p1a: Rotom|0 fnt\n|-damage|p1b: Chien-Pao|0 fnt\n|faint|p1a: Rotom\n|faint|p1b: Chien-Pao\n|\n|win|Mr.SteelixYourGirl\n|raw|joshdonnie's rating: 1321 → 1298<\/strong> (-23 for losing)\n|raw|Mr.SteelixYourGirl's rating: 1263 → 1292<\/strong> (+29 for winning)\n|c|\u2606Mr.SteelixYourGirl|wooooof\n|c|\u2606joshdonnie|ggs\n|c|\u2606Mr.SteelixYourGirl|ggs\n|c|\u2606joshdonnie|wild\n|c|\u2606Mr.SteelixYourGirl|bright powder\n|c|\u2606joshdonnie|ah\n|c|\u2606Mr.SteelixYourGirl|snow cloak, got lucky\n|c|\u2606joshdonnie|i thought it was cuz the snow\n|c|\u2606joshdonnie|oh so u got both there\n|c|\u2606Mr.SteelixYourGirl|both, i stacked it\n|c|\u2606joshdonnie|did not have thunderbolt miss on my bingo card\n|c|\u2606Mr.SteelixYourGirl|its like a 28% loss in accuracy\n","uploadtime":1682450652,"views":9,"p1id":"joshdonnie","p2id":"mrsteelixyourgirl","formatid":"gen9vgc2023regulationc","rating":1292,"private":0,"password":""}