{"id":"gen9vgc2023regulationc-1849494337","p1":"MarkOnWindows","p2":"SpeedyLinguine","format":"[Gen 9] VGC 2023 Regulation C","log":"|j|\u2606MarkOnWindows\n|j|\u2606SpeedyLinguine\n|t:|1682205123\n|gametype|doubles\n|player|p1|MarkOnWindows|skier|\n|player|p2|SpeedyLinguine|hoopster|\n|teamsize|p1|6\n|teamsize|p2|6\n|gen|9\n|tier|[Gen 9] VGC 2023 Regulation C\n|rule|Species Clause: Limit one of each Pok\u00e9mon\n|rule|Item Clause: Limit one of each item\n|clearpoke\n|poke|p1|Great Tusk, L50|\n|poke|p1|Sableye, L50, M|\n|poke|p1|Gholdengo, L50|\n|poke|p1|Iron Valiant, L50|\n|poke|p1|Roaring Moon, L50|\n|poke|p1|Amoonguss, L50, M|\n|poke|p2|Pelipper, L50, F|\n|poke|p2|Amoonguss, L50, F|\n|poke|p2|Flutter Mane, L50|\n|poke|p2|Floatzel, L50, F|\n|poke|p2|Iron Hands, L50|\n|poke|p2|Gholdengo, L50|\n|teampreview|4\nSpeedyLinguine has agreed to open team sheets.\nMarkOnWindows has agreed to open team sheets.\n|\n|t:|1682205173\n|start\n|switch|p1a: Gholdengo|Gholdengo, L50|100\/100\n|switch|p1b: Sableye|Sableye, L50, M|100\/100\n|switch|p2a: The Jordan of VGC|Pelipper, L50, F|100\/100\n|switch|p2b: El Nadador|Floatzel, L50, F|100\/100\n|-weather|RainDance|[from] ability: Drizzle|[of] p2a: The Jordan of VGC\n|turn|1\n|\n|t:|1682205190\n|move|p1b: Sableye|Will-O-Wisp|p2b: El Nadador|[miss]\n|-miss|p1b: Sableye|p2b: El Nadador\n|move|p2b: El Nadador|Crunch|p1a: Gholdengo\n|-supereffective|p1a: Gholdengo\n|-damage|p1a: Gholdengo|13\/100\n|move|p1a: Gholdengo|Thunderbolt|p2a: The Jordan of VGC\n|-supereffective|p2a: The Jordan of VGC\n|-damage|p2a: The Jordan of VGC|0 fnt\n|faint|p2a: The Jordan of VGC\n|\n|-weather|RainDance|[upkeep]\n|upkeep\n|\n|t:|1682205198\n|switch|p2a: Immovable object|Amoonguss, L50, F|100\/100\n|turn|2\n|\n|t:|1682205206\n|switch|p1a: Roaring Moon|Roaring Moon, L50|100\/100\n|-enditem|p1a: Roaring Moon|Booster Energy\n|-activate|p1a: Roaring Moon|ability: Protosynthesis|[fromitem]\n|-start|p1a: Roaring Moon|protosynthesisatk\n|move|p2a: Immovable object|Rage Powder|p2a: Immovable object\n|-singleturn|p2a: Immovable object|move: Rage Powder\n|move|p1b: Sableye|Disable|p2a: Immovable object\n|-start|p2a: Immovable object|Disable|Rage Powder\n|move|p2b: El Nadador|Crunch|p1a: Roaring Moon\n|-resisted|p1a: Roaring Moon\n|-damage|p1a: Roaring Moon|75\/100\n|\n|-weather|RainDance|[upkeep]\n|upkeep\n|turn|3\n|\n|t:|1682205229\n|move|p1b: Sableye|Encore|p2a: Immovable object\n|-start|p2a: Immovable object|Encore\n|move|p2b: El Nadador|Crunch|p1b: Sableye\n|-damage|p1b: Sableye|47\/100\n|-enditem|p1b: Sableye|Sitrus Berry|[eat]\n|-heal|p1b: Sableye|72\/100|[from] item: Sitrus Berry\n|move|p1a: Roaring Moon|Acrobatics|p2b: El Nadador\n|-damage|p2b: El Nadador|12\/100\n|cant|p2a: Immovable object|Disable|Rage Powder\n|\n|-weather|RainDance|[upkeep]\n|upkeep\n|turn|4\n|\n|t:|1682205248\n|switch|p2a: Darth Vader|Flutter Mane, L50|100\/100\n|move|p1b: Sableye|Disable|p2b: El Nadador\n|-start|p2b: El Nadador|Disable|Crunch\n|cant|p2b: El Nadador|Disable|Crunch\n|move|p1a: Roaring Moon|Acrobatics|p2a: Darth Vader\n|-enditem|p2a: Darth Vader|Focus Sash\n|-damage|p2a: Darth Vader|1\/100\n|\n|-weather|RainDance|[upkeep]\n|upkeep\n|turn|5\n|\n|t:|1682205274\n|switch|p2b: Immovable object|Amoonguss, L50, F|100\/100\n|-terastallize|p1a: Roaring Moon|Flying\n|move|p2a: Darth Vader|Moonblast|p1a: Roaring Moon\n|-damage|p1a: Roaring Moon|29\/100\n|move|p1a: Roaring Moon|Acrobatics|p2a: Darth Vader\n|-damage|p2a: Darth Vader|0 fnt\n|faint|p2a: Darth Vader\n|-end|p2a: Darth Vader|Protosynthesis|[silent]\n|move|p1b: Sableye|Foul Play|p2b: Immovable object\n|-damage|p2b: Immovable object|81\/100\n|\n|-weather|RainDance|[upkeep]\n|upkeep\n|\n|t:|1682205280\n|switch|p2a: El Nadador|Floatzel, L50, F|12\/100\n|turn|6\n|\n|t:|1682205296\n|move|p1b: Sableye|Will-O-Wisp|p2a: El Nadador\n|-status|p2a: El Nadador|brn\n|move|p2a: El Nadador|Liquidation|p1a: Roaring Moon\n|-crit|p1a: Roaring Moon\n|-damage|p1a: Roaring Moon|0 fnt\n|faint|p1a: Roaring Moon\n|-end|p1a: Roaring Moon|Protosynthesis|[silent]\n|move|p2b: Immovable object|Spore|p1b: Sableye\n|-status|p1b: Sableye|slp|[from] move: Spore\n|\n|-weather|RainDance|[upkeep]\n|-damage|p2a: El Nadador|6\/100 brn|[from] brn\n|upkeep\n|\n|t:|1682205308\n|switch|p1a: Iron Valiant|Iron Valiant, L50|100\/100\n|turn|7\n|\n|t:|1682205328\n|move|p2a: El Nadador|Liquidation|p1a: Iron Valiant\n|-damage|p1a: Iron Valiant|34\/100\n|move|p1a: Iron Valiant|Knock Off|p2b: Immovable object\n|-damage|p2b: Immovable object|53\/100\n|-enditem|p2b: Immovable object|Sitrus Berry|[from] move: Knock Off|[of] p1a: Iron Valiant\n|cant|p1b: Sableye|slp\n|move|p2b: Immovable object|Spore|p1a: Iron Valiant\n|-status|p1a: Iron Valiant|slp|[from] move: Spore\n|\n|-weather|RainDance|[upkeep]\n|-damage|p2a: El Nadador|0 fnt|[from] brn\n|faint|p2a: El Nadador\n|upkeep\n|turn|8\n|-message|SpeedyLinguine forfeited.\n|\n|win|MarkOnWindows\n|l|\u2606SpeedyLinguine\n","uploadtime":1682205355,"views":7,"p1id":"markonwindows","p2id":"speedylinguine","formatid":"gen9vgc2023regulationc","rating":0,"private":0,"password":""}