{"id":"gen9vgc2023regulationc-1853425076","p1":"filthy_sanchez","p2":"ethan06","format":"[Gen 9] VGC 2023 Regulation C","log":"|j|\u2606filthy_sanchez\n|j|\u2606ethan06\n|t:|1682683586\n|gametype|doubles\n|player|p1|filthy_sanchez|1|\n|player|p2|ethan06|ninjaboy|\n|teamsize|p1|6\n|teamsize|p2|6\n|gen|9\n|tier|[Gen 9] VGC 2023 Regulation C\n|rule|Species Clause: Limit one of each Pok\u00e9mon\n|rule|Item Clause: Limit one of each item\n|clearpoke\n|poke|p1|Haunter, L50, M|\n|poke|p1|Rotom-Mow, L50|\n|poke|p1|Toxicroak, L50, M|\n|poke|p1|Appletun, L50, M|\n|poke|p1|Glimmora, L50, F|\n|poke|p1|Ting-Lu, L50|\n|poke|p2|Dondozo, L50, M|\n|poke|p2|Tatsugiri, L50, M|\n|poke|p2|Spewpa, L50, F|\n|poke|p2|Slowking, L50, F|\n|poke|p2|Eelektross, L50, F|\n|poke|p2|Salamence, L50, F|\n|teampreview|4\n|j| Mattando97\n|j| Tonsoffamage\nethan06 has agreed to open team sheets.\n|c|\u2606ethan06|open ots ?\nfilthy_sanchez has agreed to open team sheets.\n|c|\u2606ethan06|<3\n|\n|t:|1682683709\n|start\n|switch|p1a: Rotom|Rotom-Mow, L50|100\/100\n|switch|p1b: Appletun|Appletun, L50, M|100\/100\n|switch|p2a: Salamence|Salamence, L50, F|100\/100\n|switch|p2b: Spewpa|Spewpa, L50, F|100\/100\n|-ability|p2a: Salamence|Intimidate|boost\n|-unboost|p1a: Rotom|atk|1\n|-unboost|p1b: Appletun|atk|1\n|turn|1\n|j| Say N-O-T-S to OTS\n|\n|t:|1682683821\n|switch|p1b: Glimmora|Glimmora, L50, F, shiny|100\/100\n|-terastallize|p1a: Rotom|Electric\n|move|p2a: Salamence|Dragon Dance|p2a: Salamence\n|-boost|p2a: Salamence|atk|1\n|-boost|p2a: Salamence|spe|1\n|move|p1a: Rotom|Thunderbolt|p2b: Spewpa\n|-damage|p2b: Spewpa|0 fnt\n|faint|p2b: Spewpa\n|\n|upkeep\n|\n|t:|1682683844\n|switch|p2b: Dondozo|Dondozo, L50, M|100\/100\n|turn|2\n|j| Freischieb\n|\n|t:|1682683893\n|-terastallize|p2b: Dondozo|Grass\n|move|p2a: Salamence|Earthquake|p1a: Rotom|[spread] p2b,p1b\n|-immune|p1a: Rotom|[from] ability: Levitate\n|-resisted|p2b: Dondozo\n|-supereffective|p1b: Glimmora\n|-damage|p2b: Dondozo|93\/100\n|-damage|p1b: Glimmora|1\/100\n|-activate|p1b: Glimmora|ability: Toxic Debris\n|-sidestart|p2: ethan06|move: Toxic Spikes\n|move|p1a: Rotom|Will-O-Wisp|p2b: Dondozo\n|-status|p2b: Dondozo|brn\n|move|p1b: Glimmora|Mortal Spin|p2a: Salamence|[spread] p2a,p2b\n|-supereffective|p2b: Dondozo\n|-damage|p2a: Salamence|95\/100\n|-damage|p2b: Dondozo|87\/100 brn\n|-status|p2a: Salamence|psn\n|-enditem|p2a: Salamence|Lum Berry|[eat]\n|-curestatus|p2a: Salamence|psn|[msg]\n|move|p2b: Dondozo|Order Up|p1a: Rotom\n|-damage|p1a: Rotom|85\/100\n|\n|-damage|p2b: Dondozo|81\/100 brn|[from] brn\n|upkeep\n|turn|3\n|\n|t:|1682683942\n|move|p2a: Salamence|Dual Wingbeat|p1a: Rotom\n|-resisted|p1a: Rotom\n|-damage|p1a: Rotom|66\/100\n|-resisted|p1a: Rotom\n|-damage|p1a: Rotom|47\/100\n|-hitcount|p1a: Rotom|2\n|move|p1a: Rotom|Thunderbolt|p2a: Salamence\n|-damage|p2a: Salamence|40\/100\n|move|p1b: Glimmora|Mortal Spin|p2a: Salamence|[spread] p2a,p2b\n|-supereffective|p2b: Dondozo\n|-damage|p2a: Salamence|35\/100\n|-damage|p2b: Dondozo|75\/100 brn\n|-status|p2a: Salamence|psn\n|move|p2b: Dondozo|Earthquake|p1a: Rotom|[spread] p1b\n|-immune|p2a: Salamence\n|-immune|p1a: Rotom|[from] ability: Levitate\n|-supereffective|p1b: Glimmora\n|-damage|p1b: Glimmora|0 fnt\n|-activate|p1b: Glimmora|ability: Toxic Debris\n|-sidestart|p2: ethan06|move: Toxic Spikes\n|faint|p1b: Glimmora\n|\n|-damage|p2a: Salamence|23\/100 psn|[from] psn\n|-damage|p2b: Dondozo|69\/100 brn|[from] brn\n|upkeep\n|\n|t:|1682683993\n|switch|p1b: Haunter|Haunter, L50, M|100\/100\n|turn|4\n|\n|t:|1682684039\n|move|p2a: Salamence|Dual Wingbeat|p1b: Haunter\n|-damage|p1b: Haunter|62\/100\n|-damage|p1b: Haunter|21\/100\n|-hitcount|p1b: Haunter|2\n|move|p1a: Rotom|Thunderbolt|p2a: Salamence\n|-damage|p2a: Salamence|0 fnt\n|faint|p2a: Salamence\n|move|p1b: Haunter|Sludge Bomb|p2b: Dondozo\n|-supereffective|p2b: Dondozo\n|-damage|p2b: Dondozo|4\/100 brn\n|move|p2b: Dondozo|Rest|p2b: Dondozo\n|-status|p2b: Dondozo|slp|[from] move: Rest\n|-heal|p2b: Dondozo|100\/100 slp|[silent]\n|-enditem|p2b: Dondozo|Chesto Berry|[eat]\n|-curestatus|p2b: Dondozo|slp|[msg]\n|\n|upkeep\n|\n|t:|1682684054\n|switch|p2a: Tatsugiri|Tatsugiri, L50, M|100\/100\n|-activate|p2a: Tatsugiri|ability: Commander|[of] p2b: Dondozo\n|-boost|p2b: Dondozo|atk|2\n|-boost|p2b: Dondozo|spa|2\n|-boost|p2b: Dondozo|spe|2\n|-boost|p2b: Dondozo|def|2\n|-boost|p2b: Dondozo|spd|2\n|turn|5\n|\n|t:|1682684109\n|move|p1a: Rotom|Will-O-Wisp|p2b: Dondozo\n|-status|p2b: Dondozo|brn\n|move|p2b: Dondozo|Order Up|p1b: Haunter\n|-damage|p1b: Haunter|0 fnt\n|faint|p1b: Haunter\n|-boost|p2b: Dondozo|atk|1\n|\n|-damage|p2b: Dondozo|94\/100 brn|[from] brn\n|upkeep\n|\n|t:|1682684119\n|switch|p1b: Appletun|Appletun, L50, M|100\/100\n|turn|6\n|\n|t:|1682684156\n|move|p1a: Rotom|Protect|p1a: Rotom\n|-singleturn|p1a: Rotom|Protect\n|move|p2b: Dondozo|Order Up|p1a: Rotom\n|-activate|p1a: Rotom|move: Protect\n|move|p1b: Appletun|Iron Defense|p1b: Appletun\n|-boost|p1b: Appletun|def|2\n|\n|-damage|p2b: Dondozo|88\/100 brn|[from] brn\n|upkeep\n|turn|7\n|\n|t:|1682684196\n|move|p1a: Rotom|Thunderbolt|p2b: Dondozo\n|-resisted|p2b: Dondozo\n|-damage|p2b: Dondozo|76\/100 brn\n|move|p2b: Dondozo|Order Up|p1a: Rotom\n|-damage|p1a: Rotom|12\/100\n|-boost|p2b: Dondozo|atk|1\n|move|p1b: Appletun|Body Press|p2b: Dondozo\n|-crit|p2b: Dondozo\n|-damage|p2b: Dondozo|62\/100 brn\n|\n|-damage|p2b: Dondozo|56\/100 brn|[from] brn\n|upkeep\n|turn|8\n|\n|t:|1682684222\n|move|p1a: Rotom|Thunderbolt|p2b: Dondozo\n|-resisted|p2b: Dondozo\n|-damage|p2b: Dondozo|43\/100 brn\n|move|p2b: Dondozo|Order Up|p1a: Rotom\n|-damage|p1a: Rotom|0 fnt\n|faint|p1a: Rotom\n|-boost|p2b: Dondozo|atk|1\n|move|p1b: Appletun|Apple Acid|p2b: Dondozo\n|-resisted|p2b: Dondozo\n|-damage|p2b: Dondozo|37\/100 brn\n|-unboost|p2b: Dondozo|spd|1\n|\n|-damage|p2b: Dondozo|31\/100 brn|[from] brn\n|upkeep\n|turn|9\n|\n|t:|1682684247\n|move|p2b: Dondozo|Order Up|p1b: Appletun\n|-supereffective|p1b: Appletun\n|-damage|p1b: Appletun|23\/100\n|-enditem|p1b: Appletun|Sitrus Berry|[eat]\n|-heal|p1b: Appletun|48\/100|[from] item: Sitrus Berry\n|-boost|p2b: Dondozo|atk|1\n|move|p1b: Appletun|Iron Defense|p1b: Appletun\n|-boost|p1b: Appletun|def|2\n|\n|-damage|p2b: Dondozo|25\/100 brn|[from] brn\n|upkeep\n|turn|10\n|c|\u2606ethan06|ggs\n|\n|t:|1682684260\n|move|p2b: Dondozo|Order Up|p1b: Appletun\n|-supereffective|p1b: Appletun\n|-damage|p1b: Appletun|0 fnt\n|faint|p1b: Appletun\n|\n|win|ethan06\n|c|\u2606ethan06|g2\n|c|\u2606filthy_sanchez|gg wp\n|c|\u2606ethan06|ty you too <3\n","uploadtime":1682684266,"views":8,"p1id":"filthysanchez","p2id":"ethan06","formatid":"gen9vgc2023regulationc","rating":0,"private":0,"password":""}