{"id":"gen9vgc2023regulationc-1847078229","p1":"6odot","p2":"PBR ESC4N0R","format":"[Gen 9] VGC 2023 Regulation C","log":"|j|\u26066odot\n|j|\u2606PBR ESC4N0R\n|t:|1681917269\n|gametype|doubles\n|player|p1|6odot|doctor|1304\n|player|p2|PBR ESC4N0R|firebreather|1252\n|teamsize|p1|6\n|teamsize|p2|6\n|gen|9\n|tier|[Gen 9] VGC 2023 Regulation C\n|rated|\n|rule|Species Clause: Limit one of each Pok\u00e9mon\n|rule|Item Clause: Limit one of each item\n|clearpoke\n|poke|p1|Flutter Mane, L50|\n|poke|p1|Gothitelle, L50, M|\n|poke|p1|Iron Hands, L50|\n|poke|p1|Gyarados, L50, F|\n|poke|p1|Ting-Lu, L50|\n|poke|p1|Amoonguss, L50, M|\n|poke|p2|Arcanine, L50, M|\n|poke|p2|Flutter Mane, L50|\n|poke|p2|Amoonguss, L50, F|\n|poke|p2|Palafin, L50, F|\n|poke|p2|Baxcalibur, L50, M|\n|poke|p2|Ting-Lu, L50|\n|teampreview|4\n6odot has agreed to open team sheets.\n|inactive|Battle timer is ON: inactive players will automatically lose when time's up. (requested by 6odot)\n|\n|t:|1681917322\n|start\n|switch|p1a: Flutter Mane|Flutter Mane, L50|100\/100\n|switch|p1b: Gothitelle|Gothitelle, L50, M|100\/100\n|switch|p2a: Flutter Mane|Flutter Mane, L50, shiny|100\/100\n|switch|p2b: Palafin|Palafin, L50, F, shiny|100\/100\n|-enditem|p2a: Flutter Mane|Booster Energy\n|-activate|p2a: Flutter Mane|ability: Protosynthesis|[fromitem]\n|-start|p2a: Flutter Mane|protosynthesisspa\n|turn|1\n|inactive|6odot has 30 seconds left.\n|inactive|PBR ESC4N0R has 30 seconds left.\n|inactive|6odot has 20 seconds left.\n|inactive|PBR ESC4N0R has 20 seconds left.\n|inactive|6odot has 15 seconds left.\n|inactive|PBR ESC4N0R has 15 seconds left.\n|inactive|PBR ESC4N0R has 10 seconds left.\n|\n|t:|1681917370\n|-end|p1a: Flutter Mane|Protosynthesis|[silent]\n|switch|p1a: Ting-Lu|Ting-Lu, L50|100\/100\n|-ability|p1a: Ting-Lu|Vessel of Ruin\n|-terastallize|p2b: Palafin|Water\n|move|p2b: Palafin|Jet Punch|p1a: Ting-Lu\n|-supereffective|p1a: Ting-Lu\n|-damage|p1a: Ting-Lu|50\/100\n|move|p2a: Flutter Mane|Shadow Ball|p1b: Gothitelle\n|-supereffective|p1b: Gothitelle\n|-crit|p1b: Gothitelle\n|-damage|p1b: Gothitelle|0 fnt\n|faint|p1b: Gothitelle\n|\n|upkeep\n|\n|t:|1681917388\n|switch|p1b: Iron Hands|Iron Hands, L50|100\/100\n|turn|2\n|inactive|6odot has 30 seconds left.\n|\n|t:|1681917418\n|detailschange|p2b: Palafin|Palafin-Hero, L50, F, shiny, tera:Water\n|switch|p2b: Arcanine|Arcanine, L50, M, shiny|100\/100\n|-ability|p2b: Arcanine|Intimidate|boost\n|-unboost|p1a: Ting-Lu|atk|1\n|-unboost|p1b: Iron Hands|atk|1\n|-end|p1b: Iron Hands|Quark Drive|[silent]\n|switch|p1b: Flutter Mane|Flutter Mane, L50|100\/100\n|-terastallize|p1a: Ting-Lu|Poison\n|move|p2a: Flutter Mane|Dazzling Gleam|p1a: Ting-Lu|[spread] p1a,p1b\n|-resisted|p1a: Ting-Lu\n|-crit|p1a: Ting-Lu\n|-damage|p1a: Ting-Lu|32\/100\n|-damage|p1b: Flutter Mane|64\/100\n|move|p1a: Ting-Lu|Heavy Slam|p2a: Flutter Mane\n|-supereffective|p2a: Flutter Mane\n|-damage|p2a: Flutter Mane|1\/100\n|\n|upkeep\n|turn|3\n|inactive|PBR ESC4N0R has 30 seconds left.\n|inactive|PBR ESC4N0R has 20 seconds left.\n|inactive|PBR ESC4N0R has 15 seconds left.\n|\n|t:|1681917463\n|switch|p1a: Iron Hands|Iron Hands, L50|100\/100\n|move|p1b: Flutter Mane|Protect|p1b: Flutter Mane\n|-singleturn|p1b: Flutter Mane|Protect\n|move|p2a: Flutter Mane|Shadow Ball|p1b: Flutter Mane\n|-activate|p1b: Flutter Mane|move: Protect\n|move|p2b: Arcanine|Will-O-Wisp|p1a: Iron Hands\n|-status|p1a: Iron Hands|brn\n|\n|-damage|p1a: Iron Hands|94\/100 brn|[from] brn\n|upkeep\n|turn|4\n|inactive|PBR ESC4N0R has 30 seconds left.\n|inactive|PBR ESC4N0R has 20 seconds left.\n|\n|t:|1681917500\n|move|p1b: Flutter Mane|Shadow Ball|p2a: Flutter Mane\n|-supereffective|p2a: Flutter Mane\n|-damage|p2a: Flutter Mane|0 fnt\n|faint|p2a: Flutter Mane\n|-end|p2a: Flutter Mane|Protosynthesis|[silent]\n|move|p2b: Arcanine|Flare Blitz|p1b: Flutter Mane\n|-crit|p1b: Flutter Mane\n|-damage|p1b: Flutter Mane|0 fnt\n|faint|p1b: Flutter Mane\n|-end|p1b: Flutter Mane|Protosynthesis|[silent]\n|-damage|p2b: Arcanine|87\/100|[from] Recoil\n|move|p1a: Iron Hands|Swords Dance|p1a: Iron Hands\n|-boost|p1a: Iron Hands|atk|2\n|\n|-damage|p1a: Iron Hands|88\/100 brn|[from] brn\n|upkeep\n|inactive|6odot has 30 seconds left.\n|inactive|PBR ESC4N0R has 30 seconds left.\n|\n|t:|1681917526\n|switch|p1b: Ting-Lu|Ting-Lu, L50, tera:Poison|32\/100\n|switch|p2a: Ting-Lu|Ting-Lu, L50|100\/100\n|-ability|p1b: Ting-Lu|Vessel of Ruin\n|-ability|p2a: Ting-Lu|Vessel of Ruin\n|turn|5\n|\n|t:|1681917546\n|move|p2b: Arcanine|Howl|p2b: Arcanine|[spread] p2a,p2b\n|-boost|p2a: Ting-Lu|atk|1\n|-boost|p2b: Arcanine|atk|1\n|move|p1a: Iron Hands|Drain Punch|p2a: Ting-Lu\n|-supereffective|p2a: Ting-Lu\n|-damage|p2a: Ting-Lu|50\/100\n|-heal|p1a: Iron Hands|100\/100 brn|[from] drain|[of] p2a: Ting-Lu\n|move|p2a: Ting-Lu|Earthquake|p1b: Ting-Lu|[spread] p2b,p1a,p1b\n|-supereffective|p2b: Arcanine\n|-supereffective|p1a: Iron Hands\n|-supereffective|p1b: Ting-Lu\n|-damage|p2b: Arcanine|0 fnt\n|-damage|p1a: Iron Hands|22\/100 brn\n|-damage|p1b: Ting-Lu|0 fnt\n|faint|p2b: Arcanine\n|faint|p1b: Ting-Lu\n|\n|-damage|p1a: Iron Hands|16\/100 brn|[from] brn\n|upkeep\n|\n|t:|1681917560\n|switch|p2b: Palafin|Palafin-Hero, L50, F, shiny, tera:Water|100\/100\n|-activate|p2b: Palafin|ability: Zero to Hero\n|turn|6\n|-message|6odot forfeited.\n|\n|win|PBR ESC4N0R\n|raw|6odot's rating: 1304 → 1281<\/strong> (-23 for losing)\n|raw|PBR ESC4N0R's rating: 1252 → 1281<\/strong> (+29 for winning)\n|l|\u26066odot\n","uploadtime":1681917567,"views":6,"p1id":"6odot","p2id":"pbresc4n0r","formatid":"gen9vgc2023regulationc","rating":1281,"private":0,"password":""}