{"id":"gen9vgc2023regulationc-1852849881","p1":"quiquezafi","p2":"Evil Flowey","format":"[Gen 9] VGC 2023 Regulation C","log":"|j|\u2606quiquezafi\n|j|\u2606Evil Flowey\n|t:|1682611488\n|gametype|doubles\n|player|p1|quiquezafi|ghetsis|1721\n|player|p2|Evil Flowey|volo|1772\n|teamsize|p1|6\n|teamsize|p2|6\n|gen|9\n|tier|[Gen 9] VGC 2023 Regulation C\n|rated|\n|rule|Species Clause: Limit one of each Pok\u00e9mon\n|rule|Item Clause: Limit one of each item\n|clearpoke\n|poke|p1|Dudunsparce-*, L50, F|\n|poke|p1|Krookodile, L50, F|\n|poke|p1|Talonflame, L50, M|\n|poke|p1|Tauros-Paldea-Blaze, L50, M|\n|poke|p1|Meowscarada, L50, M|\n|poke|p1|Maushold, L50|\n|poke|p2|Baxcalibur, L50, F|\n|poke|p2|Torkoal, L50, F|\n|poke|p2|Chi-Yu, L50|\n|poke|p2|Ting-Lu, L50|\n|poke|p2|Dachsbun, L50, M|\n|poke|p2|Kingambit, L50, F|\n|teampreview|4\n|inactive|Battle timer is ON: inactive players will automatically lose when time's up. (requested by Evil Flowey)\n|j| LC77777\n|inactive|Evil Flowey has 60 seconds left.\n|\n|t:|1682611529\n|start\n|switch|p1a: Meowscarada|Meowscarada, L50, M, shiny|100\/100\n|switch|p1b: Maushold|Maushold, L50, shiny|100\/100\n|switch|p2a: Chi-Yu|Chi-Yu, L50|100\/100\n|switch|p2b: Gelonite|Baxcalibur, L50, F|100\/100\n|-ability|p2a: Chi-Yu|Beads of Ruin\n|turn|1\n|inactive|Evil Flowey has 30 seconds left.\n|inactive|Evil Flowey has 20 seconds left.\n|inactive|Evil Flowey has 15 seconds left.\n|inactive|Evil Flowey has 10 seconds left.\n|\n|t:|1682611579\n|-terastallize|p1a: Meowscarada|Fire\n|move|p1b: Maushold|Follow Me|p1b: Maushold\n|-singleturn|p1b: Maushold|move: Follow Me\n|move|p2a: Chi-Yu|Heat Wave|p1a: Meowscarada|[spread] p1a,p1b\n|-resisted|p1a: Meowscarada\n|-damage|p1a: Meowscarada|79\/100\n|-damage|p1b: Maushold|28\/100\n|-status|p1b: Maushold|brn\n|move|p2b: Gelonite|Icicle Spear|p1b: Maushold\n|-damage|p1b: Maushold|4\/100 brn\n|-damage|p1b: Maushold|0 fnt\n|faint|p1b: Maushold\n|-hitcount|p1: Maushold|2\n|move|p1a: Meowscarada|Trick Room|p1a: Meowscarada\n|-fieldstart|move: Trick Room|[of] p1a: Meowscarada\n|-enditem|p1a: Meowscarada|Room Service\n|-unboost|p1a: Meowscarada|spe|1|[from] item: Room Service\n|\n|upkeep\n|\n|t:|1682611596\n|switch|p1b: Tauros|Tauros-Paldea-Blaze, L50, M, shiny|100\/100\n|turn|2\n|j| dcsvfwfeq\n|\n|t:|1682611611\n|move|p1a: Meowscarada|Flower Trick|p1b: Tauros\n|-resisted|p1b: Tauros\n|-crit|p1b: Tauros\n|-damage|p1b: Tauros|81\/100\n|-setboost|p1b: Tauros|atk|6|[from] ability: Anger Point\n|move|p1b: Tauros|Rock Slide|p2b: Gelonite|[spread] p2a\n|-miss|p1b: Tauros|p2b: Gelonite\n|-supereffective|p2a: Chi-Yu\n|-damage|p2a: Chi-Yu|0 fnt\n|faint|p2a: Chi-Yu\n|move|p2b: Gelonite|Glaive Rush|p1b: Tauros\n|-damage|p1b: Tauros|13\/100\n|-singlemove|p2b: Gelonite|Glaive Rush|[silent]\n|-enditem|p1b: Tauros|Sitrus Berry|[eat]\n|-heal|p1b: Tauros|38\/100|[from] item: Sitrus Berry\n|\n|upkeep\n|\n|t:|1682611626\n|switch|p2a: Luigi|Torkoal, L50, F|100\/100\n|-weather|SunnyDay|[from] ability: Drought|[of] p2a: Luigi\n|turn|3\n|\n|t:|1682611637\n|move|p1b: Tauros|Protect|p1b: Tauros\n|-singleturn|p1b: Tauros|Protect\n|move|p2b: Gelonite|Protect|p2b: Gelonite\n|-singleturn|p2b: Gelonite|Protect\n|move|p2a: Luigi|Lava Plume|p1a: Meowscarada|[spread] p1a\n|-activate|p2b: Gelonite|move: Protect\n|-activate|p1b: Tauros|move: Protect\n|-resisted|p1a: Meowscarada\n|-crit|p1a: Meowscarada\n|-damage|p1a: Meowscarada|48\/100\n|move|p1a: Meowscarada|Trick Room|p1a: Meowscarada\n|-fieldend|move: Trick Room\n|\n|-weather|SunnyDay|[upkeep]\n|upkeep\n|turn|4\n|\n|t:|1682611658\n|move|p1a: Meowscarada|Ally Switch|p1a: Meowscarada\n|swap|p1a: Meowscarada|1|[from] move: Ally Switch\n|move|p2b: Gelonite|Glaive Rush|p1b: Meowscarada\n|-damage|p1b: Meowscarada|0 fnt\n|-singlemove|p2b: Gelonite|Glaive Rush|[silent]\n|faint|p1b: Meowscarada\n|move|p1a: Tauros|Earthquake|p2a: Luigi|[spread] p2a,p2b\n|-supereffective|p2a: Luigi\n|-damage|p2a: Luigi|0 fnt\n|-damage|p2b: Gelonite|0 fnt\n|faint|p2a: Luigi\n|faint|p2b: Gelonite\n|\n|-weather|SunnyDay|[upkeep]\n|upkeep\n|c|\u2606Evil Flowey|nice one\n|\n|t:|1682611671\n|switch|p1b: Talonflame|Talonflame, L50, M, shiny|100\/100\n|switch|p2b: Ting-Lu|Ting-Lu, L50|100\/100\n|-ability|p2b: Ting-Lu|Vessel of Ruin\n|turn|5\n|\n|t:|1682611691\n|-terastallize|p2b: Ting-Lu|Poison\n|move|p1a: Tauros|Protect|p1a: Tauros\n|-singleturn|p1a: Tauros|Protect\n|move|p1b: Talonflame|Will-O-Wisp|p2b: Ting-Lu\n|-status|p2b: Ting-Lu|brn\n|move|p2b: Ting-Lu|Earthquake|p1a: Tauros|[spread] \n|-activate|p1a: Tauros|move: Protect\n|-immune|p1b: Talonflame\n|\n|-weather|SunnyDay|[upkeep]\n|-damage|p2b: Ting-Lu|94\/100 brn|[from] brn\n|upkeep\n|turn|6\n|\n|t:|1682611706\n|move|p1b: Talonflame|Brave Bird|p2b: Ting-Lu\n|-damage|p2b: Ting-Lu|62\/100 brn\n|-damage|p1b: Talonflame|82\/100|[from] Recoil\n|move|p1a: Tauros|Earthquake|p2b: Ting-Lu|[spread] p2b\n|-immune|p1b: Talonflame\n|-supereffective|p2b: Ting-Lu\n|-damage|p2b: Ting-Lu|0 fnt\n|faint|p2b: Ting-Lu\n|\n|win|quiquezafi\n|raw|quiquezafi's rating: 1721 → 1744<\/strong> (+23 for winning)\n|raw|Evil Flowey's rating: 1772 → 1749<\/strong> (-23 for losing)\n|l|\u2606Evil Flowey\n|l|\u2606quiquezafi\n","uploadtime":1682611854,"views":20,"p1id":"quiquezafi","p2id":"evilflowey","formatid":"gen9vgc2023regulationc","rating":1744,"private":0,"password":""}