{"id":"gen9vgc2023regulationc-1847431461","p1":"Bullish21","p2":"AceTrainerNite","format":"[Gen 9] VGC 2023 Regulation C","log":"|j|\u2606Bullish21\n|j|\u2606AceTrainerNite\n|t:|1681954309\n|gametype|doubles\n|player|p1|Bullish21|rancher|1223\n|player|p2|AceTrainerNite|benga|1236\n|teamsize|p1|6\n|teamsize|p2|6\n|gen|9\n|tier|[Gen 9] VGC 2023 Regulation C\n|rated|\n|rule|Species Clause: Limit one of each Pok\u00e9mon\n|rule|Item Clause: Limit one of each item\n|clearpoke\n|poke|p1|Indeedee-F, L50, F|\n|poke|p1|Armarouge, L50, F|\n|poke|p1|Hariyama, L50, F|\n|poke|p1|Hatterene, L50, F|\n|poke|p1|Haunter, L50, M|\n|poke|p1|Lurantis, L50, M|\n|poke|p2|Amoonguss, L50, F|\n|poke|p2|Palafin, L50, M|\n|poke|p2|Arcanine, L50, F|\n|poke|p2|Annihilape, L50, M|\n|poke|p2|Pelipper, L50, F|\n|poke|p2|Gholdengo, L50|\n|teampreview|4\n|inactive|Battle timer is ON: inactive players will automatically lose when time's up. (requested by AceTrainerNite)\nBullish21 rejected open team sheets.\n|inactive|AceTrainerNite has 60 seconds left.\n|\n|t:|1681954384\n|start\n|switch|p1a: Indeedee|Indeedee-F, L50, F, shiny|100\/100\n|switch|p1b: Armarouge|Armarouge, L50, F, shiny|100\/100\n|switch|p2a: Peeko|Pelipper, L50, F|100\/100\n|switch|p2b: The Man|Annihilape, L50, M|100\/100\n|-fieldstart|move: Psychic Terrain|[from] ability: Psychic Surge|[of] p1a: Indeedee\n|-weather|RainDance|[from] ability: Drizzle|[of] p2a: Peeko\n|turn|1\n|inactive|Bullish21 has 30 seconds left.\n|\n|t:|1681954418\n|move|p1b: Armarouge|Protect|p1b: Armarouge\n|-singleturn|p1b: Armarouge|Protect\n|move|p2b: The Man|U-turn|p1a: Indeedee\n|-supereffective|p1a: Indeedee\n|-damage|p1a: Indeedee|69\/100\n|\n|t:|1681954424\n|switch|p2b: Superlax|Palafin, L50, M|100\/100|[from] U-turn\n|move|p2a: Peeko|Hydro Pump|p1b: Armarouge\n|-activate|p1b: Armarouge|move: Protect\n|move|p1a: Indeedee|Trick Room|p1a: Indeedee\n|-fieldstart|move: Trick Room|[of] p1a: Indeedee\n|\n|-weather|RainDance|[upkeep]\n|upkeep\n|turn|2\n|\n|t:|1681954449\n|detailschange|p2b: Superlax|Palafin-Hero, L50, M\n|switch|p2b: The Man|Annihilape, L50, M|100\/100\n|move|p1a: Indeedee|Helping Hand|p1b: Armarouge\n|-singleturn|p1b: Armarouge|Helping Hand|[of] p1a: Indeedee\n|move|p2a: Peeko|Wide Guard|p2a: Peeko\n|-singleturn|p2a: Peeko|Wide Guard\n|move|p1b: Armarouge|Expanding Force|p2b: The Man|[spread] \n|-activate|p2a: Peeko|move: Wide Guard\n|-activate|p2b: The Man|move: Wide Guard\n|\n|-weather|RainDance|[upkeep]\n|upkeep\n|turn|3\n|inactive|Bullish21 has 30 seconds left.\n|\n|t:|1681954478\n|switch|p2b: Galbani|Gholdengo, L50|100\/100\n|move|p2a: Peeko|Wide Guard|p2a: Peeko\n|-singleturn|p2a: Peeko|Wide Guard\n|move|p1b: Armarouge|Expanding Force|p2b: Galbani|[spread] \n|-activate|p2a: Peeko|move: Wide Guard\n|-activate|p2b: Galbani|move: Wide Guard\n|move|p1a: Indeedee|Psyshock|p2b: Galbani\n|-resisted|p2b: Galbani\n|-damage|p2b: Galbani|83\/100\n|\n|-weather|RainDance|[upkeep]\n|upkeep\n|turn|4\n|inactive|Bullish21 has 30 seconds left.\n|inactive|AceTrainerNite has 30 seconds left.\n|inactive|Bullish21 has 20 seconds left.\n|inactive|Bullish21 has 15 seconds left.\n|inactive|Bullish21 has 10 seconds left.\n|\n|t:|1681954528\n|switch|p1a: Hariyama|Hariyama, L50, F, shiny|100\/100\n|switch|p2b: Superlax|Palafin-Hero, L50, M|100\/100\n|-activate|p2b: Superlax|ability: Zero to Hero\n|move|p1b: Armarouge|Protect|p1b: Armarouge\n|-singleturn|p1b: Armarouge|Protect\n|move|p2a: Peeko|Hydro Pump|p1b: Armarouge\n|-activate|p1b: Armarouge|move: Protect\n|\n|-weather|RainDance|[upkeep]\n|-status|p1a: Hariyama|brn|[from] item: Flame Orb\n|upkeep\n|turn|5\n|inactive|AceTrainerNite has 30 seconds left.\n|\n|t:|1681954559\n|switch|p2b: Galbani|Gholdengo, L50|83\/100\n|move|p1a: Hariyama|Fake Out|p2a: Peeko\n|-hint|Psychic Terrain doesn't affect Pok\u00e9mon immune to Ground.\n|-damage|p2a: Peeko|79\/100\n|move|p1b: Armarouge|Expanding Force|p2a: Peeko|[spread] p2a,p2b\n|-resisted|p2b: Galbani\n|-damage|p2a: Peeko|0 fnt\n|-damage|p2b: Galbani|60\/100\n|faint|p2a: Peeko\n|\n|-weather|none\n|-damage|p1a: Hariyama|95\/100 brn|[from] brn\n|-fieldend|move: Trick Room\n|upkeep\n|\n|t:|1681954574\n|switch|p2a: Superlax|Palafin-Hero, L50, M|100\/100\n|turn|6\n|\n|t:|1681954598\n|move|p1b: Armarouge|Protect|p1b: Armarouge\n|-singleturn|p1b: Armarouge|Protect\n|move|p2a: Superlax|Wave Crash|p1a: Hariyama\n|-damage|p1a: Hariyama|0 fnt\n|faint|p1a: Hariyama\n|-damage|p2a: Superlax|63\/100|[from] Recoil\n|move|p2b: Galbani|Shadow Ball|p1b: Armarouge\n|-activate|p1b: Armarouge|move: Protect\n|\n|upkeep\n|\n|t:|1681954614\n|switch|p1a: Hatterene|Hatterene, L50, F, shiny|100\/100\n|turn|7\n|\n|t:|1681954629\n|-terastallize|p2a: Superlax|Water\n|-terastallize|p1b: Armarouge|Grass\n|move|p2a: Superlax|Wave Crash|p1a: Hatterene\n|-damage|p1a: Hatterene|0 fnt\n|faint|p1a: Hatterene\n|-damage|p2a: Superlax|36\/100|[from] Recoil\n|move|p2b: Galbani|Make It Rain|p1b: Armarouge\n|-damage|p1b: Armarouge|23\/100\n|-unboost|p2b: Galbani|spa|1\n|move|p1b: Armarouge|Expanding Force|p2b: Galbani|[spread] p2a,p2b\n|-resisted|p2b: Galbani\n|-damage|p2a: Superlax|0 fnt\n|-damage|p2b: Galbani|33\/100\n|faint|p2a: Superlax\n|\n|upkeep\n|\n|t:|1681954649\n|switch|p2a: The Man|Annihilape, L50, M|100\/100\n|switch|p1a: Indeedee|Indeedee-F, L50, F, shiny|69\/100\n|turn|8\n|\n|t:|1681954660\n|move|p1b: Armarouge|Protect|p1b: Armarouge\n|-singleturn|p1b: Armarouge|Protect\n|move|p2a: The Man|Final Gambit|p1a: Indeedee\n|-damage|p1a: Indeedee|0 fnt\n|faint|p2a: The Man\n|faint|p1a: Indeedee\n|move|p2b: Galbani|Shadow Ball|p1b: Armarouge\n|-activate|p1b: Armarouge|move: Protect\n|\n|-fieldend|move: Psychic Terrain\n|upkeep\n|turn|9\n|\n|t:|1681954675\n|move|p2b: Galbani|Shadow Ball|p1b: Armarouge\n|-damage|p1b: Armarouge|0 fnt\n|faint|p1b: Armarouge\n|\n|win|AceTrainerNite\n|raw|Bullish21's rating: 1223 → 1199<\/strong> (-24 for losing)\n|raw|AceTrainerNite's rating: 1236 → 1260<\/strong> (+24 for winning)\n|l|\u2606Bullish21\n","uploadtime":1681954761,"views":8,"p1id":"bullish21","p2id":"acetrainernite","formatid":"gen9vgc2023regulationc","rating":1199,"private":0,"password":""}