{"id":"gen9vgc2023regulationc-1850388223","p1":"CbuttyVGC","p2":"LilithOfDarkness","format":"[Gen 9] VGC 2023 Regulation C","log":"|j|\u2606CbuttyVGC\n|j|\u2606LilithOfDarkness\n|t:|1682329273\n|gametype|doubles\n|player|p1|CbuttyVGC|acetrainer-gen4dp|1263\n|player|p2|LilithOfDarkness|roxie|1362\n|teamsize|p1|6\n|teamsize|p2|6\n|gen|9\n|tier|[Gen 9] VGC 2023 Regulation C\n|rated|\n|rule|Species Clause: Limit one of each Pok\u00e9mon\n|rule|Item Clause: Limit one of each item\n|clearpoke\n|poke|p1|Flutter Mane, L50|\n|poke|p1|Chi-Yu, L50|\n|poke|p1|Murkrow, L50, F|\n|poke|p1|Farigiraf, L50, F|\n|poke|p1|Brute Bonnet, L50|\n|poke|p1|Torkoal, L50, F|\n|poke|p2|Chien-Pao, L50|\n|poke|p2|Dragapult, L50, M|\n|poke|p2|Amoonguss, L50, F|\n|poke|p2|Palafin, L50, F|\n|poke|p2|Gyarados, L50, M|\n|poke|p2|Arcanine, L50, M|\n|teampreview|4\n|inactive|Battle timer is ON: inactive players will automatically lose when time's up. (requested by CbuttyVGC)\n|inactive|CbuttyVGC has 60 seconds left.\n|inactive|LilithOfDarkness has 60 seconds left.\n|inactive|LilithOfDarkness has 30 seconds left.\n|inactive|LilithOfDarkness has 20 seconds left.\n|inactive|LilithOfDarkness has 15 seconds left.\n|\n|t:|1682329350\n|start\n|switch|p1a: Flutter Mane|Flutter Mane, L50|100\/100\n|switch|p1b: Torkoal|Torkoal, L50, F|100\/100\n|switch|p2a: Arcanine|Arcanine, L50, M|100\/100\n|switch|p2b: Gyarados|Gyarados, L50, M, shiny|100\/100\n|-ability|p2a: Arcanine|Intimidate|boost\n|-unboost|p1a: Flutter Mane|atk|1\n|-unboost|p1b: Torkoal|atk|1\n|-ability|p2b: Gyarados|Intimidate|boost\n|-unboost|p1a: Flutter Mane|atk|1\n|-unboost|p1b: Torkoal|atk|1\n|-weather|SunnyDay|[from] ability: Drought|[of] p1b: Torkoal\n|-activate|p1a: Flutter Mane|ability: Protosynthesis\n|-start|p1a: Flutter Mane|protosynthesisspe\n|turn|1\n|inactive|CbuttyVGC has 30 seconds left.\n|inactive|CbuttyVGC has 20 seconds left.\n|\n|t:|1682329385\n|move|p2b: Gyarados|Protect|p2b: Gyarados\n|-singleturn|p2b: Gyarados|Protect\n|move|p1a: Flutter Mane|Shadow Ball|p2a: Arcanine\n|-damage|p2a: Arcanine|51\/100\n|-unboost|p2a: Arcanine|spd|1\n|move|p2a: Arcanine|Snarl|p1a: Flutter Mane|[spread] p1a,p1b\n|-damage|p1a: Flutter Mane|92\/100\n|-damage|p1b: Torkoal|90\/100\n|-unboost|p1a: Flutter Mane|spa|1\n|-unboost|p1b: Torkoal|spa|1\n|move|p1b: Torkoal|Earth Power|p2a: Arcanine\n|-supereffective|p2a: Arcanine\n|-damage|p2a: Arcanine|7\/100\n|-unboost|p2a: Arcanine|spd|1\n|\n|-weather|SunnyDay|[upkeep]\n|upkeep\n|turn|2\n|\n|t:|1682329405\n|switch|p2a: Amoonguss|Amoonguss, L50, F|100\/100\n|switch|p1b: Farigiraf|Farigiraf, L50, F|100\/100\n|move|p1a: Flutter Mane|Shadow Ball|p2b: Gyarados\n|-crit|p2b: Gyarados\n|-damage|p2b: Gyarados|35\/100\n|move|p2b: Gyarados|Thunder Wave|p1a: Flutter Mane\n|-status|p1a: Flutter Mane|par\n|\n|-weather|SunnyDay|[upkeep]\n|upkeep\n|turn|3\n|\n|t:|1682329423\n|-end|p1a: Flutter Mane|Protosynthesis|[silent]\n|switch|p1a: Brute Bonnet|Brute Bonnet, L50|100\/100\n|-activate|p1a: Brute Bonnet|ability: Protosynthesis\n|-start|p1a: Brute Bonnet|protosynthesisatk\n|move|p2b: Gyarados|Taunt|p1b: Farigiraf\n|-start|p1b: Farigiraf|move: Taunt\n|move|p2a: Amoonguss|Pollen Puff|p2b: Gyarados\n|-heal|p2b: Gyarados|85\/100\n|cant|p1b: Farigiraf|move: Taunt|Trick Room\n|\n|-weather|SunnyDay|[upkeep]\n|upkeep\n|turn|4\n|inactive|LilithOfDarkness has 30 seconds left.\n|\n|t:|1682329456\n|move|p2b: Gyarados|Protect|p2b: Gyarados\n|-singleturn|p2b: Gyarados|Protect\n|move|p1b: Farigiraf|Hyper Voice|p2b: Gyarados|[spread] p2a\n|-activate|p2b: Gyarados|move: Protect\n|-damage|p2a: Amoonguss|75\/100\n|-enditem|p1b: Farigiraf|Throat Spray\n|-boost|p1b: Farigiraf|spa|1|[from] item: Throat Spray\n|move|p1a: Brute Bonnet|Bullet Seed|p2b: Gyarados\n|-activate|p2b: Gyarados|move: Protect\n|move|p2a: Amoonguss|Pollen Puff|p1a: Brute Bonnet\n|-supereffective|p1a: Brute Bonnet\n|-damage|p1a: Brute Bonnet|43\/100\n|\n|-weather|SunnyDay|[upkeep]\n|upkeep\n|turn|5\n|\n|t:|1682329473\n|switch|p2b: Arcanine|Arcanine, L50, M|7\/100\n|-ability|p2b: Arcanine|Intimidate|boost\n|-unboost|p1a: Brute Bonnet|atk|1\n|-unboost|p1b: Farigiraf|atk|1\n|-terastallize|p1a: Brute Bonnet|Poison\n|move|p1b: Farigiraf|Hyper Voice|p2b: Arcanine|[spread] p2a,p2b\n|-damage|p2a: Amoonguss|36\/100\n|-damage|p2b: Arcanine|0 fnt\n|-enditem|p2a: Amoonguss|Sitrus Berry|[eat]\n|-heal|p2a: Amoonguss|60\/100|[from] item: Sitrus Berry\n|faint|p2b: Arcanine\n|move|p1a: Brute Bonnet|Bullet Seed|p2a: Amoonguss\n|-resisted|p2a: Amoonguss\n|-damage|p2a: Amoonguss|58\/100\n|-resisted|p2a: Amoonguss\n|-damage|p2a: Amoonguss|56\/100\n|-resisted|p2a: Amoonguss\n|-damage|p2a: Amoonguss|53\/100\n|-resisted|p2a: Amoonguss\n|-damage|p2a: Amoonguss|50\/100\n|-resisted|p2a: Amoonguss\n|-damage|p2a: Amoonguss|48\/100\n|-hitcount|p2a: Amoonguss|5\n|move|p2a: Amoonguss|Pollen Puff|p1a: Brute Bonnet\n|-resisted|p1a: Brute Bonnet\n|-damage|p1a: Brute Bonnet|36\/100\n|\n|-weather|none\n|-end|p1a: Brute Bonnet|Protosynthesis\n|-end|p1b: Farigiraf|move: Taunt\n|upkeep\n|\n|t:|1682329486\n|switch|p2b: Dragapult|Dragapult, L50, M, shiny|100\/100\n|turn|6\n|\n|t:|1682329501\n|move|p1a: Brute Bonnet|Rage Powder|p1a: Brute Bonnet\n|-singleturn|p1a: Brute Bonnet|move: Rage Powder\n|move|p2a: Amoonguss|Rage Powder|p2a: Amoonguss\n|-singleturn|p2a: Amoonguss|move: Rage Powder\n|move|p2b: Dragapult|Dragon Dance|p2b: Dragapult\n|-boost|p2b: Dragapult|atk|1\n|-boost|p2b: Dragapult|spe|1\n|move|p1b: Farigiraf|Trick Room|p1b: Farigiraf\n|-fieldstart|move: Trick Room|[of] p1b: Farigiraf\n|\n|upkeep\n|turn|7\n|\n|t:|1682329523\n|-end|p1a: Brute Bonnet|Protosynthesis|[silent]\n|switch|p1a: Flutter Mane|Flutter Mane, L50|92\/100 par\n|move|p2b: Dragapult|Protect|p2b: Dragapult\n|-singleturn|p2b: Dragapult|Protect\n|move|p2a: Amoonguss|Spore|p1b: Farigiraf\n|-status|p1b: Farigiraf|slp|[from] move: Spore\n|cant|p1b: Farigiraf|slp\n|\n|upkeep\n|turn|8\n|inactive|LilithOfDarkness has 30 seconds left.\n|\n|t:|1682329555\n|switch|p2a: Gyarados|Gyarados, L50, M, shiny|85\/100\n|-ability|p2a: Gyarados|Intimidate|boost\n|-unboost|p1a: Flutter Mane|atk|1\n|-unboost|p1b: Farigiraf|atk|1\n|move|p2b: Dragapult|Protect||[still]\n|-fail|p2b: Dragapult\n|-curestatus|p1b: Farigiraf|slp|[msg]\n|move|p1b: Farigiraf|Dazzling Gleam|p2b: Dragapult|[spread] p2a,p2b\n|-supereffective|p2b: Dragapult\n|-damage|p2a: Gyarados|67\/100\n|-damage|p2b: Dragapult|25\/100\n|-enditem|p2b: Dragapult|Weakness Policy\n|-boost|p2b: Dragapult|atk|2|[from] item: Weakness Policy\n|-boost|p2b: Dragapult|spa|2|[from] item: Weakness Policy\n|cant|p1a: Flutter Mane|par\n|\n|upkeep\n|turn|9\n|c|\u2606CbuttyVGC|WEAKNESS POLICY??\n|\n|t:|1682329578\n|move|p2b: Dragapult|Protect|p2b: Dragapult\n|-singleturn|p2b: Dragapult|Protect\n|move|p1b: Farigiraf|Dazzling Gleam|p2b: Dragapult|[spread] p2a\n|-activate|p2b: Dragapult|move: Protect\n|-damage|p2a: Gyarados|47\/100\n|move|p1a: Flutter Mane|Dazzling Gleam|p2a: Gyarados|[spread] p2a\n|-activate|p2b: Dragapult|move: Protect\n|-damage|p2a: Gyarados|14\/100\n|-enditem|p2a: Gyarados|Iapapa Berry|[eat]\n|-heal|p2a: Gyarados|47\/100|[from] item: Iapapa Berry\n|move|p2a: Gyarados|Waterfall|p1a: Flutter Mane\n|-damage|p1a: Flutter Mane|23\/100 par\n|\n|upkeep\n|turn|10\n|\n|t:|1682329601\n|-end|p1a: Flutter Mane|Protosynthesis|[silent]\n|switch|p1a: Brute Bonnet|Brute Bonnet, L50, tera:Poison|36\/100\n|switch|p2b: Amoonguss|Amoonguss, L50, F|81\/100\n|move|p2a: Gyarados|Protect|p2a: Gyarados\n|-singleturn|p2a: Gyarados|Protect\n|move|p1b: Farigiraf|Dazzling Gleam|p2b: Amoonguss|[spread] p2b\n|-activate|p2a: Gyarados|move: Protect\n|-resisted|p2b: Amoonguss\n|-damage|p2b: Amoonguss|69\/100\n|\n|-fieldend|move: Trick Room\n|upkeep\n|turn|11\n|\n|t:|1682329614\n|-end|p1a: Brute Bonnet|Protosynthesis|[silent]\n|switch|p1a: Flutter Mane|Flutter Mane, L50|23\/100 par\n|move|p2a: Gyarados|Taunt|p1b: Farigiraf\n|-start|p1b: Farigiraf|move: Taunt\n|move|p1b: Farigiraf|Hyper Voice|p2a: Gyarados|[spread] p2a,p2b\n|-damage|p2a: Gyarados|13\/100\n|-damage|p2b: Amoonguss|29\/100\n|move|p2b: Amoonguss|Spore|p1b: Farigiraf\n|-status|p1b: Farigiraf|slp|[from] move: Spore\n|\n|upkeep\n|turn|12\n|\n|t:|1682329625\n|move|p2a: Gyarados|Waterfall|p1a: Flutter Mane\n|-damage|p1a: Flutter Mane|0 fnt\n|faint|p1a: Flutter Mane\n|-end|p1a: Flutter Mane|Protosynthesis|[silent]\n|cant|p1b: Farigiraf|slp\n|move|p2b: Amoonguss|Pollen Puff|p2a: Gyarados\n|-heal|p2a: Gyarados|63\/100\n|\n|upkeep\n|\n|t:|1682329627\n|switch|p1a: Brute Bonnet|Brute Bonnet, L50, tera:Poison|36\/100\n|turn|13\n|\n|t:|1682329636\n|move|p2a: Gyarados|Waterfall|p1a: Brute Bonnet\n|-damage|p1a: Brute Bonnet|6\/100\n|cant|p1b: Farigiraf|slp\n|cant|p1a: Brute Bonnet|flinch\n|move|p2b: Amoonguss|Pollen Puff|p2a: Gyarados\n|-heal|p2a: Gyarados|100\/100\n|\n|-end|p1b: Farigiraf|move: Taunt\n|upkeep\n|turn|14\n|\n|t:|1682329651\n|switch|p2b: Dragapult|Dragapult, L50, M, shiny|25\/100\n|move|p2a: Gyarados|Taunt|p1b: Farigiraf\n|-start|p1b: Farigiraf|move: Taunt\n|cant|p1b: Farigiraf|slp\n|move|p1a: Brute Bonnet|Spore|p2a: Gyarados\n|-status|p2a: Gyarados|slp|[from] move: Spore\n|\n|upkeep\n|turn|15\n|\n|t:|1682329665\n|-end|p1a: Brute Bonnet|Protosynthesis|[silent]\n|switch|p1a: Torkoal|Torkoal, L50, F|90\/100\n|-weather|SunnyDay|[from] ability: Drought|[of] p1a: Torkoal\n|move|p2b: Dragapult|Dragon Darts|p1a: Torkoal\n|-damage|p1a: Torkoal|71\/100\n|-anim|p2b: Dragapult|Dragon Darts|p1b: Farigiraf\n|-damage|p1b: Farigiraf|75\/100 slp\n|cant|p2a: Gyarados|slp\n|-curestatus|p1b: Farigiraf|slp|[msg]\n|move|p1b: Farigiraf|Dazzling Gleam|p2b: Dragapult|[spread] p2a,p2b\n|-supereffective|p2b: Dragapult\n|-damage|p2a: Gyarados|81\/100 slp\n|-damage|p2b: Dragapult|0 fnt\n|faint|p2b: Dragapult\n|\n|-weather|SunnyDay|[upkeep]\n|upkeep\n|\n|t:|1682329678\n|switch|p2b: Amoonguss|Amoonguss, L50, F|63\/100\n|turn|16\n|\n|t:|1682329692\n|-terastallize|p2b: Amoonguss|Water\n|cant|p2a: Gyarados|slp\n|move|p1b: Farigiraf|Hyper Voice|p2b: Amoonguss|[spread] p2a,p2b\n|-damage|p2a: Gyarados|50\/100 slp\n|-damage|p2b: Amoonguss|27\/100\n|move|p2b: Amoonguss|Spore|p1a: Torkoal\n|-status|p1a: Torkoal|slp|[from] move: Spore\n|cant|p1a: Torkoal|slp\n|\n|-weather|SunnyDay|[upkeep]\n|-end|p1b: Farigiraf|move: Taunt\n|upkeep\n|turn|17\n|\n|t:|1682329704\n|cant|p2a: Gyarados|slp\n|move|p1b: Farigiraf|Hyper Voice|p2b: Amoonguss|[spread] p2a,p2b\n|-crit|p2a: Gyarados\n|-damage|p2a: Gyarados|4\/100 slp\n|-damage|p2b: Amoonguss|0 fnt\n|faint|p2b: Amoonguss\n|-curestatus|p1a: Torkoal|slp|[msg]\n|move|p1a: Torkoal|Flamethrower|p2a: Gyarados\n|-resisted|p2a: Gyarados\n|-damage|p2a: Gyarados|0 fnt\n|faint|p2a: Gyarados\n|\n|win|CbuttyVGC\n|raw|CbuttyVGC's rating: 1263 → 1295<\/strong> (+32 for winning)\n|raw|LilithOfDarkness's rating: 1362 → 1336<\/strong> (-26 for losing)\n|l|\u2606LilithOfDarkness\n","uploadtime":1682329712,"views":26,"p1id":"cbuttyvgc","p2id":"lilithofdarkness","formatid":"gen9vgc2023regulationc","rating":1295,"private":0,"password":""}