{"id":"gen9vgc2023regulationc-1857533371","p1":"CbuttyVGC","p2":"dada097","format":"[Gen 9] VGC 2023 Regulation C","log":"|j|\u2606CbuttyVGC\n|j|\u2606dada097\n|t:|1683205701\n|gametype|doubles\n|player|p1|CbuttyVGC|acetrainer-gen4dp|1296\n|player|p2|dada097|calem-masters|1270\n|teamsize|p1|6\n|teamsize|p2|6\n|gen|9\n|tier|[Gen 9] VGC 2023 Regulation C\n|rated|\n|rule|Species Clause: Limit one of each Pok\u00e9mon\n|rule|Item Clause: Limit one of each item\n|clearpoke\n|poke|p1|Ting-Lu, L50|\n|poke|p1|Palafin, L50, F|\n|poke|p1|Amoonguss, L50, F|\n|poke|p1|Arcanine, L50, M|\n|poke|p1|Flutter Mane, L50|\n|poke|p1|Iron Hands, L50|\n|poke|p2|Dragapult, L50, F|\n|poke|p2|Palafin, L50, M|\n|poke|p2|Scizor, L50, M|\n|poke|p2|Flutter Mane, L50|\n|poke|p2|Amoonguss, L50, M|\n|poke|p2|Gyarados, L50, M|\n|teampreview|4\n|inactive|Battle timer is ON: inactive players will automatically lose when time's up. (requested by dada097)\n|inactive|CbuttyVGC also wants the timer to be on.\n|inactive|CbuttyVGC has 60 seconds left.\n|\n|t:|1683205742\n|start\n|switch|p1a: Hands|Flutter Mane, L50|100\/100\n|switch|p1b: Fissure|Amoonguss, L50, F|100\/100\n|switch|p2a: Palafin|Palafin, L50, M, shiny|100\/100\n|switch|p2b: Flutter Mane|Flutter Mane, L50|100\/100\n|turn|1\n|\n|t:|1683205760\n|detailschange|p2a: Palafin|Palafin-Hero, L50, M, shiny\n|switch|p2a: Scizor|Scizor, L50, M, shiny|100\/100\n|-terastallize|p1a: Hands|Water\n|move|p2b: Flutter Mane|Shadow Ball|p1a: Hands\n|-damage|p1a: Hands|52\/100\n|move|p1a: Hands|Thunderbolt|p2a: Scizor\n|-damage|p2a: Scizor|49\/100\n|move|p1b: Fissure|Spore|p2b: Flutter Mane\n|-status|p2b: Flutter Mane|slp|[from] move: Spore\n|\n|upkeep\n|turn|2\n|inactive|CbuttyVGC has 30 seconds left.\n|\n|t:|1683205785\n|cant|p2b: Flutter Mane|slp\n|move|p1a: Hands|Thunderbolt|p2a: Scizor\n|-damage|p2a: Scizor|0 fnt\n|faint|p2a: Scizor\n|move|p1b: Fissure|Pollen Puff|p1a: Hands\n|-heal|p1a: Hands|100\/100\n|\n|upkeep\n|\n|t:|1683205792\n|switch|p2a: Dragapult|Dragapult, L50, F, shiny|100\/100\n|turn|3\n|\n|t:|1683205799\n|-end|p1a: Hands|Protosynthesis|[silent]\n|switch|p1a: Flutter|Arcanine, L50, M|100\/100\n|-ability|p1a: Flutter|Intimidate|boost\n|-fail|p2a: Dragapult|unboost|[from] ability: Clear Body|[of] p2a: Dragapult\n|-unboost|p2b: Flutter Mane|atk|1\n|move|p2a: Dragapult|Dragon Darts|p1a: Flutter\n|-damage|p1a: Flutter|63\/100\n|-anim|p2a: Dragapult|Dragon Darts|p1b: Fissure\n|-crit|p1b: Fissure\n|-damage|p1b: Fissure|62\/100\n|-damage|p2a: Dragapult|91\/100|[from] item: Life Orb\n|cant|p2b: Flutter Mane|slp\n|move|p1b: Fissure|Spore|p2a: Dragapult\n|-status|p2a: Dragapult|slp|[from] move: Spore\n|\n|upkeep\n|turn|4\n|\n|t:|1683205815\n|cant|p2a: Dragapult|slp\n|cant|p2b: Flutter Mane|slp\n|move|p1a: Flutter|Flare Blitz|p2b: Flutter Mane\n|-damage|p2b: Flutter Mane|0 fnt\n|faint|p2b: Flutter Mane\n|-end|p2b: Flutter Mane|Protosynthesis|[silent]\n|-damage|p1a: Flutter|40\/100|[from] Recoil\n|move|p1b: Fissure|Pollen Puff|p1a: Flutter\n|-heal|p1a: Flutter|90\/100\n|\n|upkeep\n|\n|t:|1683205820\n|switch|p2b: Palafin|Palafin-Hero, L50, M, shiny|100\/100\n|-activate|p2b: Palafin|ability: Zero to Hero\n|turn|5\n|\n|t:|1683205830\n|move|p2b: Palafin|Protect|p2b: Palafin\n|-singleturn|p2b: Palafin|Protect\n|move|p1b: Fissure|Rage Powder|p1b: Fissure\n|-singleturn|p1b: Fissure|move: Rage Powder\n|cant|p2a: Dragapult|slp\n|move|p1a: Flutter|Will-O-Wisp|p2b: Palafin\n|-activate|p2b: Palafin|move: Protect\n|\n|upkeep\n|turn|6\n|\n|t:|1683205840\n|-terastallize|p2b: Palafin|Water\n|move|p1b: Fissure|Rage Powder|p1b: Fissure\n|-singleturn|p1b: Fissure|move: Rage Powder\n|cant|p2a: Dragapult|slp\n|move|p2b: Palafin|Wave Crash|p1b: Fissure\n|-resisted|p1b: Fissure\n|-damage|p1b: Fissure|13\/100\n|-enditem|p1b: Fissure|Sitrus Berry|[eat]\n|-heal|p1b: Fissure|38\/100|[from] item: Sitrus Berry\n|-damage|p2b: Palafin|81\/100|[from] Recoil\n|move|p1a: Flutter|Will-O-Wisp|p2b: Palafin|[miss]\n|-miss|p1a: Flutter|p2b: Palafin\n|\n|upkeep\n|turn|7\n|c|\u2606CbuttyVGC|Damn lmao\n|\n|t:|1683205861\n|move|p1a: Flutter|Protect|p1a: Flutter\n|-singleturn|p1a: Flutter|Protect\n|-curestatus|p2a: Dragapult|slp|[msg]\n|move|p2a: Dragapult|Dragon Darts|p1b: Fissure\n|-damage|p1b: Fissure|11\/100\n|-anim|p2a: Dragapult|Dragon Darts|p1b: Fissure\n|-damage|p1b: Fissure|0 fnt\n|faint|p1b: Fissure\n|-damage|p2a: Dragapult|81\/100|[from] item: Life Orb\n|move|p2b: Palafin|Wave Crash|p1a: Flutter\n|-activate|p1a: Flutter|move: Protect\n|\n|upkeep\n|\n|t:|1683205869\n|switch|p1b: Rk9|Iron Hands, L50|100\/100\n|turn|8\n|\n|t:|1683205876\n|move|p2b: Palafin|Protect|p2b: Palafin\n|-singleturn|p2b: Palafin|Protect\n|move|p2a: Dragapult|Dragon Darts|p1b: Rk9\n|-damage|p1b: Rk9|76\/100\n|-anim|p2a: Dragapult|Dragon Darts|p1a: Flutter\n|-damage|p1a: Flutter|57\/100\n|-damage|p2a: Dragapult|71\/100|[from] item: Life Orb\n|move|p1a: Flutter|Will-O-Wisp|p2a: Dragapult|[miss]\n|-miss|p1a: Flutter|p2a: Dragapult\n|move|p1b: Rk9|Swords Dance|p1b: Rk9\n|-boost|p1b: Rk9|atk|2\n|\n|upkeep\n|turn|9\n|\n|t:|1683205892\n|move|p1a: Flutter|Protect|p1a: Flutter\n|-singleturn|p1a: Flutter|Protect\n|move|p2a: Dragapult|Dragon Darts|p1b: Rk9\n|-damage|p1b: Rk9|52\/100\n|-anim|p2a: Dragapult|Dragon Darts|p1b: Rk9\n|-damage|p1b: Rk9|27\/100\n|-damage|p2a: Dragapult|61\/100|[from] item: Life Orb\n|move|p2b: Palafin|Wave Crash|p1b: Rk9\n|-damage|p1b: Rk9|0 fnt\n|faint|p1b: Rk9\n|-end|p1b: Rk9|Quark Drive|[silent]\n|-damage|p2b: Palafin|70\/100|[from] Recoil\n|\n|upkeep\n|\n|t:|1683205901\n|switch|p1b: Hands|Flutter Mane, L50, tera:Water|100\/100\n|turn|10\n|\n|t:|1683205907\n|move|p2b: Palafin|Jet Punch|p1a: Flutter\n|-supereffective|p1a: Flutter\n|-damage|p1a: Flutter|0 fnt\n|faint|p1a: Flutter\n|move|p2a: Dragapult|Dragon Darts|p1b: Hands\n|-damage|p1b: Hands|49\/100\n|-anim|p2a: Dragapult|Dragon Darts|p1b: Hands\n|-damage|p1b: Hands|0 fnt\n|faint|p1b: Hands\n|-end|p1b: Hands|Protosynthesis|[silent]\n|-damage|p2a: Dragapult|51\/100|[from] item: Life Orb\n|\n|win|dada097\n|raw|CbuttyVGC's rating: 1296 → 1269<\/strong> (-27 for losing)\n|raw|dada097's rating: 1270 → 1297<\/strong> (+27 for winning)\n|c|\u2606dada097|gg\n","uploadtime":1683205913,"views":15,"p1id":"cbuttyvgc","p2id":"dada097","formatid":"gen9vgc2023regulationc","rating":1269,"private":0,"password":""}