{"id":"gen9vgc2023regulationc-1848545430","p1":"JellyBeanDeath","p2":"BlindMagneton","format":"[Gen 9] VGC 2023 Regulation C","log":"|j|\u2606JellyBeanDeath\n|j|\u2606BlindMagneton\n|t:|1682088854\n|gametype|doubles\n|player|p1|JellyBeanDeath|1|1302\n|player|p2|BlindMagneton|wattson|1294\n|teamsize|p1|6\n|teamsize|p2|6\n|gen|9\n|tier|[Gen 9] VGC 2023 Regulation C\n|rated|\n|rule|Species Clause: Limit one of each Pok\u00e9mon\n|rule|Item Clause: Limit one of each item\n|clearpoke\n|poke|p1|Salazzle, L50, F|\n|poke|p1|Roaring Moon, L50|\n|poke|p1|Gastrodon, L50, F|\n|poke|p1|Amoonguss, L50, F|\n|poke|p1|Chien-Pao, L50|\n|poke|p1|Farigiraf, L50, M|\n|poke|p2|Florges-White, L50, F|\n|poke|p2|Wo-Chien, L50|\n|poke|p2|Ceruledge, L50, M|\n|poke|p2|Grimmsnarl, L50, M|\n|poke|p2|Chien-Pao, L50|\n|poke|p2|Dragapult, L50, M|\n|teampreview|4\n|inactive|Battle timer is ON: inactive players will automatically lose when time's up. (requested by JellyBeanDeath)\n|inactive|JellyBeanDeath has 60 seconds left.\n|inactive|BlindMagneton has 60 seconds left.\n|inactive|BlindMagneton has 30 seconds left.\n|inactive|BlindMagneton has 20 seconds left.\n|inactive|BlindMagneton has 15 seconds left.\n|inactive|BlindMagneton has 10 seconds left.\n|\n|t:|1682088941\n|start\n|switch|p1a: Salazzle|Salazzle, L50, F|100\/100\n|switch|p1b: Roaring Moon|Roaring Moon, L50|100\/100\n|switch|p2a: Grimmsnarl|Grimmsnarl, L50, M|100\/100\n|switch|p2b: Dragapult|Dragapult, L50, M|100\/100\n|-enditem|p1b: Roaring Moon|Booster Energy\n|-activate|p1b: Roaring Moon|ability: Protosynthesis|[fromitem]\n|-start|p1b: Roaring Moon|protosynthesisatk\n|turn|1\n|inactive|BlindMagneton has 30 seconds left.\n|\n|t:|1682088972\n|-terastallize|p2b: Dragapult|Fairy\n|-terastallize|p1b: Roaring Moon|Flying\n|move|p1a: Salazzle|Fake Out|p2a: Grimmsnarl\n|-damage|p2a: Grimmsnarl|92\/100\n|cant|p2a: Grimmsnarl|flinch\n|move|p2b: Dragapult|Will-O-Wisp|p1b: Roaring Moon\n|-status|p1b: Roaring Moon|brn\n|move|p1b: Roaring Moon|Tailwind|p1b: Roaring Moon\n|-sidestart|p1: JellyBeanDeath|move: Tailwind\n|\n|-damage|p1b: Roaring Moon|94\/100 brn|[from] brn\n|upkeep\n|turn|2\n|inactive|BlindMagneton has 30 seconds left.\n|\n|t:|1682088999\n|move|p2a: Grimmsnarl|Thunder Wave|p1a: Salazzle\n|-status|p1a: Salazzle|par\n|move|p1b: Roaring Moon|Acrobatics|p2b: Dragapult\n|-damage|p2b: Dragapult|51\/100\n|move|p2b: Dragapult|Phantom Force||[still]\n|-prepare|p2b: Dragapult|Phantom Force\n|move|p1a: Salazzle|Toxic|p2b: Dragapult\n|-status|p2b: Dragapult|tox\n|\n|-damage|p2b: Dragapult|45\/100 tox|[from] psn\n|-damage|p1b: Roaring Moon|88\/100 brn|[from] brn\n|upkeep\n|turn|3\n|\n|t:|1682089015\n|move|p2a: Grimmsnarl|Swagger|p1a: Salazzle\n|-boost|p1a: Salazzle|atk|2\n|-enditem|p2b: Dragapult|Mirror Herb\n|-boost|p2b: Dragapult|atk|2|[from] item: Mirror Herb\n|-start|p1a: Salazzle|confusion\n|move|p1b: Roaring Moon|Acrobatics|p2a: Grimmsnarl\n|-damage|p2a: Grimmsnarl|32\/100\n|move|p2b: Dragapult|Phantom Force|p1b: Roaring Moon|[from]lockedmove\n|-damage|p1b: Roaring Moon|0 fnt\n|faint|p1b: Roaring Moon\n|-end|p1b: Roaring Moon|Protosynthesis|[silent]\n|-activate|p1a: Salazzle|confusion\n|-damage|p1a: Salazzle|78\/100 par|[from] confusion\n|\n|-damage|p2b: Dragapult|32\/100 tox|[from] psn\n|upkeep\n|\n|t:|1682089040\n|switch|p1b: Chien-Pao|Chien-Pao, L50|100\/100\n|-ability|p1b: Chien-Pao|Sword of Ruin\n|turn|4\n|\n|t:|1682089053\n|move|p1b: Chien-Pao|Sucker Punch|p2b: Dragapult\n|-resisted|p2b: Dragapult\n|-crit|p2b: Dragapult\n|-damage|p2b: Dragapult|0 fnt\n|faint|p2b: Dragapult\n|-damage|p1b: Chien-Pao|91\/100|[from] item: Life Orb\n|-activate|p1a: Salazzle|confusion\n|move|p1a: Salazzle|Toxic|p2a: Grimmsnarl\n|-status|p2a: Grimmsnarl|tox\n|move|p2a: Grimmsnarl|Drain Punch|p1b: Chien-Pao\n|-supereffective|p1b: Chien-Pao\n|-damage|p1b: Chien-Pao|0 fnt\n|-heal|p2a: Grimmsnarl|73\/100 tox|[from] drain|[of] p1b: Chien-Pao\n|faint|p1b: Chien-Pao\n|\n|-damage|p2a: Grimmsnarl|67\/100 tox|[from] psn\n|-sideend|p1: JellyBeanDeath|move: Tailwind\n|upkeep\n|\n|t:|1682089071\n|switch|p2b: Wo-Chien|Wo-Chien, L50|100\/100\n|switch|p1b: Farigiraf|Farigiraf, L50, M|100\/100\n|-ability|p2b: Wo-Chien|Tablets of Ruin\n|turn|5\n|inactive|BlindMagneton has 30 seconds left.\n|inactive|BlindMagneton has 20 seconds left.\n|inactive|JellyBeanDeath has 30 seconds left.\n|\n|t:|1682089112\n|switch|p2b: Ceruledge|Ceruledge, L50, M|100\/100\n|move|p2a: Grimmsnarl|Drain Punch|p1b: Farigiraf\n|-damage|p1b: Farigiraf|74\/100\n|-heal|p2a: Grimmsnarl|85\/100 tox|[from] drain|[of] p1b: Farigiraf\n|-end|p1a: Salazzle|confusion\n|move|p1a: Salazzle|Overheat|p2b: Ceruledge\n|-start|p2b: Ceruledge|ability: Flash Fire\n|move|p1b: Farigiraf|Dazzling Gleam|p2b: Ceruledge|[spread] p2a,p2b\n|-supereffective|p2a: Grimmsnarl\n|-resisted|p2b: Ceruledge\n|-damage|p2a: Grimmsnarl|33\/100 tox\n|-damage|p2b: Ceruledge|91\/100\n|\n|-damage|p2a: Grimmsnarl|21\/100 tox|[from] psn\n|upkeep\n|turn|6\n|inactive|BlindMagneton has 30 seconds left.\n|\n|t:|1682089140\n|move|p1b: Farigiraf|Protect|p1b: Farigiraf\n|-singleturn|p1b: Farigiraf|Protect\n|move|p2a: Grimmsnarl|Drain Punch|p1b: Farigiraf\n|-activate|p1b: Farigiraf|move: Protect\n|move|p2b: Ceruledge|Bitter Blade|p1a: Salazzle\n|-resisted|p1a: Salazzle\n|-damage|p1a: Salazzle|17\/100 par\n|-heal|p2b: Ceruledge|100\/100|[from] drain|[of] p1a: Salazzle\n|cant|p1a: Salazzle|par\n|\n|-damage|p2a: Grimmsnarl|3\/100 tox|[from] psn\n|upkeep\n|turn|7\n|-message|JellyBeanDeath forfeited.\n|\n|win|BlindMagneton\n|raw|JellyBeanDeath's rating: 1302 → 1282<\/strong> (-20 for losing)\n|raw|BlindMagneton's rating: 1294 → 1320<\/strong> (+26 for winning)\n|l|\u2606JellyBeanDeath\n","uploadtime":1682089159,"views":7,"p1id":"jellybeandeath","p2id":"blindmagneton","formatid":"gen9vgc2023regulationc","rating":1282,"private":0,"password":""}