{"id":"gen9vgc2023regulationc-1848774732","p1":"Gametoine76","p2":"Sprye0216","format":"[Gen 9] VGC 2023 Regulation C","log":"|j|\u2606Gametoine76\n|j|\u2606Sprye0216\n|t:|1682109091\n|gametype|doubles\n|player|p1|Gametoine76|red|1051\n|player|p2|Sprye0216|skyla|1066\n|teamsize|p1|6\n|teamsize|p2|6\n|gen|9\n|tier|[Gen 9] VGC 2023 Regulation C\n|rated|\n|rule|Species Clause: Limit one of each Pok\u00e9mon\n|rule|Item Clause: Limit one of each item\n|clearpoke\n|poke|p1|Annihilape, L50, M|\n|poke|p1|Grimmsnarl, L50, M|\n|poke|p1|Maushold, L50|\n|poke|p1|Armarouge, L50, M|\n|poke|p1|Ting-Lu, L50|\n|poke|p1|Amoonguss, L50, F|\n|poke|p2|Amoonguss, L50, M|\n|poke|p2|Gyarados, L50, M|\n|poke|p2|Talonflame, L50, M|\n|poke|p2|Garchomp, L50, M|\n|poke|p2|Flutter Mane, L50|\n|poke|p2|Ting-Lu, L50|\n|teampreview|4\n|inactive|Battle timer is ON: inactive players will automatically lose when time's up. (requested by Gametoine76)\nSprye0216 has agreed to open team sheets.\n|\n|t:|1682109118\n|start\n|switch|p1a: Annihilape|Annihilape, L50, M, shiny|100\/100\n|switch|p1b: Grimmsnarl|Grimmsnarl, L50, M|100\/100\n|switch|p2a: Talonflame|Talonflame, L50, M|100\/100\n|switch|p2b: Garchomp|Garchomp, L50, M|100\/100\n|turn|1\n|\n|t:|1682109141\n|-terastallize|p2b: Garchomp|Fire\n|move|p1b: Grimmsnarl|Reflect|p1b: Grimmsnarl\n|-sidestart|p1: Gametoine76|Reflect\n|move|p2a: Talonflame|Will-O-Wisp|p1a: Annihilape\n|-status|p1a: Annihilape|brn\n|move|p2b: Garchomp|Earthquake|p1a: Annihilape|[spread] p1a,p1b\n|-immune|p2a: Talonflame\n|-damage|p1a: Annihilape|70\/100 brn\n|-damage|p1b: Grimmsnarl|65\/100\n|-damage|p2b: Garchomp|91\/100|[from] item: Life Orb\n|move|p1a: Annihilape|Bulk Up|p1a: Annihilape\n|-boost|p1a: Annihilape|atk|1\n|-boost|p1a: Annihilape|def|1\n|\n|-heal|p1a: Annihilape|76\/100 brn|[from] item: Leftovers\n|-damage|p1a: Annihilape|70\/100 brn|[from] brn\n|upkeep\n|turn|2\n|\n|t:|1682109166\n|move|p2a: Talonflame|Brave Bird|p1a: Annihilape\n|-supereffective|p1a: Annihilape\n|-damage|p1a: Annihilape|37\/100 brn\n|-damage|p2a: Talonflame|88\/100|[from] Recoil\n|move|p1b: Grimmsnarl|Parting Shot|p2b: Garchomp\n|-unboost|p2b: Garchomp|atk|1\n|-unboost|p2b: Garchomp|spa|1\n|\n|t:|1682109174\n|switch|p1b: Amoonguss|Amoonguss, L50, F|100\/100|[from] Parting Shot\n|move|p2b: Garchomp|Earthquake|p1a: Annihilape|[spread] p1a,p1b\n|-immune|p2a: Talonflame\n|-damage|p1a: Annihilape|23\/100 brn\n|-damage|p1b: Amoonguss|83\/100\n|-damage|p2b: Garchomp|81\/100|[from] item: Life Orb\n|move|p1a: Annihilape|Rage Fist|p2a: Talonflame\n|-damage|p2a: Talonflame|5\/100\n|\n|-heal|p1a: Annihilape|29\/100 brn|[from] item: Leftovers\n|-damage|p1a: Annihilape|23\/100 brn|[from] brn\n|upkeep\n|turn|3\n|inactive|Gametoine76 has 30 seconds left.\n|\n|t:|1682109205\n|move|p2a: Talonflame|Brave Bird|p1b: Amoonguss\n|-supereffective|p1b: Amoonguss\n|-crit|p1b: Amoonguss\n|-damage|p1b: Amoonguss|0 fnt\n|faint|p1b: Amoonguss\n|-damage|p2a: Talonflame|0 fnt|[from] Recoil\n|faint|p2a: Talonflame\n|move|p2b: Garchomp|Rock Slide|p1a: Annihilape\n|-resisted|p1a: Annihilape\n|-damage|p1a: Annihilape|18\/100 brn\n|-damage|p2b: Garchomp|71\/100|[from] item: Life Orb\n|move|p1a: Annihilape|Drain Punch|p2b: Garchomp\n|-damage|p2b: Garchomp|43\/100\n|-heal|p1a: Annihilape|31\/100 brn|[from] drain|[of] p2b: Garchomp\n|-damage|p1a: Annihilape|18\/100 brn|[from] ability: Rough Skin|[of] p2b: Garchomp\n|\n|-heal|p1a: Annihilape|25\/100 brn|[from] item: Leftovers\n|-damage|p1a: Annihilape|18\/100 brn|[from] brn\n|upkeep\n|\n|t:|1682109222\n|switch|p2a: Flutter Mane|Flutter Mane, L50|100\/100\n|switch|p1b: Grimmsnarl|Grimmsnarl, L50, M|65\/100\n|-enditem|p2a: Flutter Mane|Booster Energy\n|-activate|p2a: Flutter Mane|ability: Protosynthesis|[fromitem]\n|-start|p2a: Flutter Mane|protosynthesisspa\n|turn|4\n|\n|t:|1682109234\n|move|p1a: Annihilape|Protect|p1a: Annihilape\n|-singleturn|p1a: Annihilape|Protect\n|move|p1b: Grimmsnarl|Light Screen|p1b: Grimmsnarl\n|-sidestart|p1: Gametoine76|move: Light Screen\n|move|p2a: Flutter Mane|Moonblast|p1a: Annihilape\n|-activate|p1a: Annihilape|move: Protect\n|move|p2b: Garchomp|Rock Slide|p1b: Grimmsnarl|[spread] p1b\n|-activate|p1a: Annihilape|move: Protect\n|-damage|p1b: Grimmsnarl|52\/100\n|-damage|p2b: Garchomp|33\/100|[from] item: Life Orb\n|\n|-heal|p1a: Annihilape|25\/100 brn|[from] item: Leftovers\n|-damage|p1a: Annihilape|18\/100 brn|[from] brn\n|upkeep\n|turn|5\n|\n|t:|1682109256\n|move|p1b: Grimmsnarl|Parting Shot|p2a: Flutter Mane\n|-unboost|p2a: Flutter Mane|atk|1\n|-unboost|p2a: Flutter Mane|spa|1\n|\n|t:|1682109259\n|switch|p1b: Ting-Lu|Ting-Lu, L50|100\/100|[from] Parting Shot\n|-ability|p1b: Ting-Lu|Vessel of Ruin\n|move|p2a: Flutter Mane|Moonblast|p1a: Annihilape\n|-supereffective|p1a: Annihilape\n|-damage|p1a: Annihilape|0 fnt\n|faint|p1a: Annihilape\n|move|p2b: Garchomp|Rock Slide|p1b: Ting-Lu|[miss]\n|-miss|p2b: Garchomp|p1b: Ting-Lu\n|\n|upkeep\n|\n|t:|1682109269\n|switch|p1a: Grimmsnarl|Grimmsnarl, L50, M|52\/100\n|turn|6\n|\n|t:|1682109279\n|move|p2a: Flutter Mane|Moonblast|p1b: Ting-Lu\n|-supereffective|p1b: Ting-Lu\n|-damage|p1b: Ting-Lu|82\/100\n|move|p2b: Garchomp|Stomping Tantrum|p1b: Ting-Lu\n|-damage|p1b: Ting-Lu|54\/100\n|-damage|p2b: Garchomp|23\/100|[from] item: Life Orb\n|move|p1a: Grimmsnarl|Spirit Break|p2a: Flutter Mane\n|-damage|p2a: Flutter Mane|44\/100\n|-unboost|p2a: Flutter Mane|spa|1\n|move|p1b: Ting-Lu|Stomping Tantrum|p2b: Garchomp\n|-supereffective|p2b: Garchomp\n|-damage|p2b: Garchomp|0 fnt\n|-damage|p1b: Ting-Lu|42\/100|[from] ability: Rough Skin|[of] p2b: Garchomp\n|faint|p2b: Garchomp\n|\n|upkeep\n|\n|t:|1682109293\n|switch|p2b: Gyarados|Gyarados, L50, M|100\/100\n|-ability|p2b: Gyarados|Intimidate|boost\n|-unboost|p1a: Grimmsnarl|atk|1\n|-unboost|p1b: Ting-Lu|atk|1\n|turn|7\n|\n|t:|1682109309\n|move|p1a: Grimmsnarl|Parting Shot|p2b: Gyarados\n|-fail|p2b: Gyarados|unboost|[from] item: Clear Amulet|[of] p2b: Gyarados\n|move|p2a: Flutter Mane|Moonblast|p1a: Grimmsnarl\n|-supereffective|p1a: Grimmsnarl\n|-damage|p1a: Grimmsnarl|17\/100\n|move|p2b: Gyarados|Waterfall|p1b: Ting-Lu\n|-supereffective|p1b: Ting-Lu\n|-damage|p1b: Ting-Lu|10\/100\n|move|p1b: Ting-Lu|Heavy Slam|p2a: Flutter Mane\n|-supereffective|p2a: Flutter Mane\n|-damage|p2a: Flutter Mane|0 fnt\n|faint|p2a: Flutter Mane\n|-end|p2a: Flutter Mane|Protosynthesis|[silent]\n|\n|upkeep\n|turn|8\n|\n|t:|1682109333\n|move|p2b: Gyarados|Waterfall|p1b: Ting-Lu\n|-supereffective|p1b: Ting-Lu\n|-damage|p1b: Ting-Lu|0 fnt\n|faint|p1b: Ting-Lu\n|move|p1a: Grimmsnarl|Spirit Break|p2b: Gyarados\n|-damage|p2b: Gyarados|74\/100\n|\n|-sideend|p1: Gametoine76|Reflect\n|upkeep\n|turn|9\n|\n|t:|1682109344\n|move|p2b: Gyarados|Waterfall|p1a: Grimmsnarl\n|-damage|p1a: Grimmsnarl|0 fnt\n|faint|p1a: Grimmsnarl\n|\n|win|Sprye0216\n|raw|Gametoine76's rating: 1051 → 1034<\/strong> (-17 for losing)\n|raw|Sprye0216's rating: 1066 → 1095<\/strong> (+29 for winning)\n","uploadtime":1682109350,"views":10,"p1id":"gametoine76","p2id":"sprye0216","formatid":"gen9vgc2023regulationc","rating":1034,"private":0,"password":""}