{"id":"gen9vgc2023regulationc-1861265348","p1":"Mino907","p2":"Local Nomad","format":"[Gen 9] VGC 2023 Regulation C","log":"|j|\u2606Mino907\n|j|\u2606Local Nomad\n|t:|1683740771\n|gametype|doubles\n|player|p1|Mino907|richboy|1216\n|player|p2|Local Nomad|cynthia|1272\n|teamsize|p1|6\n|teamsize|p2|6\n|gen|9\n|tier|[Gen 9] VGC 2023 Regulation C\n|rated|\n|rule|Species Clause: Limit one of each Pok\u00e9mon\n|rule|Item Clause: Limit one of each item\n|clearpoke\n|poke|p1|Abomasnow, L50, F|\n|poke|p1|Chien-Pao, L50|\n|poke|p1|Flutter Mane, L50|\n|poke|p1|Roaring Moon, L50|\n|poke|p1|Iron Bundle, L50|\n|poke|p1|Arcanine, L50, F|\n|poke|p2|Flutter Mane, L50|\n|poke|p2|Palafin, L50, F|\n|poke|p2|Talonflame, L50, M|\n|poke|p2|Arcanine, L50, M|\n|poke|p2|Amoonguss, L50, M|\n|poke|p2|Great Tusk, L50|\n|teampreview|4\nLocal Nomad has agreed to open team sheets.\n|inactive|Battle timer is ON: inactive players will automatically lose when time's up. (requested by Mino907)\n|\n|t:|1683740868\n|start\n|switch|p1a: Abomasnow|Abomasnow, L50, F|100\/100\n|switch|p1b: Iron Bundle|Iron Bundle, L50|100\/100\n|switch|p2a: Flutter Mane|Flutter Mane, L50|100\/100\n|switch|p2b: Talonflame|Talonflame, L50, M|100\/100\n|-weather|Snow|[from] ability: Snow Warning|[of] p1a: Abomasnow\n|turn|1\n|inactive|Mino907 has 30 seconds left.\n|inactive|Local Nomad has 30 seconds left.\n|inactive|Local Nomad has 20 seconds left.\n|inactive|Local Nomad has 15 seconds left.\n|inactive|Local Nomad has 10 seconds left.\n|\n|t:|1683740914\n|-terastallize|p2a: Flutter Mane|Water\n|-terastallize|p1a: Abomasnow|Fire\n|move|p2b: Talonflame|Tailwind|p2b: Talonflame\n|-sidestart|p2: Local Nomad|move: Tailwind\n|move|p2a: Flutter Mane|Dazzling Gleam|p1b: Iron Bundle|[spread] p1a,p1b\n|-resisted|p1a: Abomasnow\n|-damage|p1a: Abomasnow|79\/100\n|-damage|p1b: Iron Bundle|4\/100\n|move|p1b: Iron Bundle|Taunt|p2b: Talonflame\n|-start|p2b: Talonflame|move: Taunt\n|move|p1a: Abomasnow|Aurora Veil|p1a: Abomasnow\n|-sidestart|p1: Mino907|move: Aurora Veil\n|\n|-weather|Snow|[upkeep]\n|upkeep\n|turn|2\n|\n|t:|1683740935\n|-end|p2a: Flutter Mane|Protosynthesis|[silent]\n|switch|p2a: Arcanine|Arcanine, L50, M|100\/100\n|-ability|p2a: Arcanine|Intimidate|boost\n|-unboost|p1a: Abomasnow|atk|1\n|-unboost|p1b: Iron Bundle|atk|1\n|move|p1b: Iron Bundle|Protect|p1b: Iron Bundle\n|-singleturn|p1b: Iron Bundle|Protect\n|move|p2b: Talonflame|Brave Bird|p1b: Iron Bundle\n|-activate|p1b: Iron Bundle|move: Protect\n|move|p1a: Abomasnow|Giga Drain|p2a: Arcanine\n|-resisted|p2a: Arcanine\n|-damage|p2a: Arcanine|88\/100\n|-heal|p1a: Abomasnow|85\/100|[from] drain|[of] p2a: Arcanine\n|\n|-weather|Snow|[upkeep]\n|upkeep\n|turn|3\n|\n|t:|1683740949\n|move|p2b: Talonflame|Brave Bird|p1b: Iron Bundle\n|-damage|p1b: Iron Bundle|0 fnt\n|faint|p1b: Iron Bundle\n|-end|p1b: Iron Bundle|Quark Drive|[silent]\n|-damage|p2b: Talonflame|99\/100|[from] Recoil\n|move|p2a: Arcanine|Snarl|p1a: Abomasnow\n|-damage|p1a: Abomasnow|79\/100\n|-unboost|p1a: Abomasnow|spa|1\n|move|p1a: Abomasnow|Blizzard|p2b: Talonflame|[spread] p2a,p2b\n|-resisted|p2a: Arcanine\n|-damage|p2a: Arcanine|80\/100\n|-damage|p2b: Talonflame|77\/100\n|\n|-weather|Snow|[upkeep]\n|upkeep\n|\n|t:|1683740961\n|switch|p1b: Arcanine|Arcanine, L50, F|100\/100\n|-ability|p1b: Arcanine|Intimidate|boost\n|-unboost|p2a: Arcanine|atk|1\n|-unboost|p2b: Talonflame|atk|1\n|turn|4\n|\n|t:|1683740974\n|switch|p1a: Chien-Pao|Chien-Pao, L50|100\/100\n|-ability|p1a: Chien-Pao|Sword of Ruin\n|move|p2a: Arcanine|Protect|p2a: Arcanine\n|-singleturn|p2a: Arcanine|Protect\n|move|p2b: Talonflame|Brave Bird|p1b: Arcanine\n|-damage|p1b: Arcanine|74\/100\n|-damage|p2b: Talonflame|68\/100|[from] Recoil\n|move|p1b: Arcanine|Snarl|p2b: Talonflame|[spread] p2b\n|-activate|p2a: Arcanine|move: Protect\n|-damage|p2b: Talonflame|56\/100\n|-unboost|p2b: Talonflame|spa|1\n|\n|-weather|Snow|[upkeep]\n|-end|p2b: Talonflame|move: Taunt\n|-sideend|p2: Local Nomad|move: Tailwind\n|upkeep\n|turn|5\n|\n|t:|1683740996\n|switch|p2a: Great Tusk|Great Tusk, L50|100\/100\n|move|p2b: Talonflame|Tailwind|p2b: Talonflame\n|-sidestart|p2: Local Nomad|move: Tailwind\n|move|p1a: Chien-Pao|Throat Chop|p2a: Great Tusk\n|-resisted|p2a: Great Tusk\n|-damage|p2a: Great Tusk|68\/100\n|-start|p2a: Great Tusk|Throat Chop|[silent]\n|move|p1b: Arcanine|Flare Blitz|p2a: Great Tusk\n|-damage|p2a: Great Tusk|19\/100\n|-damage|p1b: Arcanine|57\/100|[from] Recoil\n|\n|-weather|none\n|upkeep\n|turn|6\n|\n|t:|1683741015\n|-end|p2a: Great Tusk|Protosynthesis|[silent]\n|switch|p2a: Arcanine|Arcanine, L50, M|80\/100\n|-ability|p2a: Arcanine|Intimidate|boost\n|-unboost|p1a: Chien-Pao|atk|1\n|-unboost|p1b: Arcanine|atk|1\n|switch|p1b: Abomasnow|Abomasnow, L50, F, tera:Fire|79\/100\n|-weather|Snow|[from] ability: Snow Warning|[of] p1b: Abomasnow\n|move|p2b: Talonflame|Brave Bird|p1a: Chien-Pao\n|-damage|p1a: Chien-Pao|82\/100\n|-damage|p2b: Talonflame|50\/100|[from] Recoil\n|move|p1a: Chien-Pao|Throat Chop|p2b: Talonflame\n|-damage|p2b: Talonflame|0 fnt\n|faint|p2b: Talonflame\n|\n|-weather|Snow|[upkeep]\n|upkeep\n|\n|t:|1683741040\n|switch|p2b: Flutter Mane|Flutter Mane, L50, tera:Water|100\/100\n|turn|7\n|\n|t:|1683741052\n|switch|p1a: Arcanine|Arcanine, L50, F|57\/100\n|-ability|p1a: Arcanine|Intimidate|boost\n|-unboost|p2a: Arcanine|atk|1\n|-unboost|p2b: Flutter Mane|atk|1\n|move|p2a: Arcanine|Helping Hand|p2b: Flutter Mane\n|-singleturn|p2b: Flutter Mane|Helping Hand|[of] p2a: Arcanine\n|move|p2b: Flutter Mane|Power Gem|p1b: Abomasnow\n|-supereffective|p1b: Abomasnow\n|-damage|p1b: Abomasnow|0 fnt\n|faint|p1b: Abomasnow\n|\n|-weather|Snow|[upkeep]\n|upkeep\n|\n|t:|1683741062\n|switch|p1b: Chien-Pao|Chien-Pao, L50|82\/100\n|-ability|p1b: Chien-Pao|Sword of Ruin\n|turn|8\n|\n|t:|1683741074\n|move|p2a: Arcanine|Helping Hand|p2b: Flutter Mane\n|-singleturn|p2b: Flutter Mane|Helping Hand|[of] p2a: Arcanine\n|move|p2b: Flutter Mane|Power Gem|p1a: Arcanine\n|-supereffective|p1a: Arcanine\n|-damage|p1a: Arcanine|0 fnt\n|faint|p1a: Arcanine\n|move|p1b: Chien-Pao|Throat Chop|p2b: Flutter Mane\n|-damage|p2b: Flutter Mane|0 fnt\n|faint|p2b: Flutter Mane\n|-end|p2b: Flutter Mane|Protosynthesis|[silent]\n|\n|-weather|Snow|[upkeep]\n|-sideend|p2: Local Nomad|move: Tailwind\n|-sideend|p1: Mino907|move: Aurora Veil\n|upkeep\n|\n|t:|1683741082\n|switch|p2b: Great Tusk|Great Tusk, L50|19\/100\n|turn|9\n|\n|t:|1683741088\n|move|p1b: Chien-Pao|Throat Chop|p2b: Great Tusk\n|-resisted|p2b: Great Tusk\n|-damage|p2b: Great Tusk|0 fnt\n|faint|p2b: Great Tusk\n|-end|p2b: Great Tusk|Protosynthesis|[silent]\n|move|p2a: Arcanine|Flare Blitz|p1b: Chien-Pao\n|-supereffective|p1b: Chien-Pao\n|-damage|p1b: Chien-Pao|23\/100\n|-damage|p2a: Arcanine|64\/100|[from] Recoil\n|\n|-weather|Snow|[upkeep]\n|upkeep\n|turn|10\n|\n|t:|1683741097\n|move|p1b: Chien-Pao|Throat Chop|p2a: Arcanine\n|-damage|p2a: Arcanine|0 fnt\n|faint|p2a: Arcanine\n|\n|win|Mino907\n|raw|Mino907's rating: 1216 → 1245<\/strong> (+29 for winning)\n|raw|Local Nomad's rating: 1272 → 1243<\/strong> (-29 for losing)\n|l|\u2606Mino907\n","uploadtime":1683741112,"views":13,"p1id":"mino907","p2id":"localnomad","formatid":"gen9vgc2023regulationc","rating":1243,"private":0,"password":""}