{"id":"gen9vgc2023regulationc-1848676047","p1":"NewRegret","p2":"inklines","format":"[Gen 9] VGC 2023 Regulation C","log":"|j|\u2606NewRegret\n|j|\u2606inklines\n|t:|1682099876\n|gametype|doubles\n|player|p1|NewRegret|lyra|1127\n|player|p2|inklines|lady-gen4|1077\n|teamsize|p1|6\n|teamsize|p2|6\n|gen|9\n|tier|[Gen 9] VGC 2023 Regulation C\n|rated|\n|rule|Species Clause: Limit one of each Pok\u00e9mon\n|rule|Item Clause: Limit one of each item\n|clearpoke\n|poke|p1|Tropius, L50, F|\n|poke|p1|Noivern, L50, F|\n|poke|p1|Torkoal, L50, F|\n|poke|p1|Azumarill, L50, F|\n|poke|p1|Dugtrio, L50, F|\n|poke|p1|Slither Wing, L50|\n|poke|p2|Garchomp, L50, F|\n|poke|p2|Bisharp, L50, F|\n|poke|p2|Arcanine, L50, F|\n|poke|p2|Vivillon, L50, M|\n|poke|p2|Magnezone, L50|\n|poke|p2|Salamence, L50, M|\n|teampreview|4\n|inactive|Battle timer is ON: inactive players will automatically lose when time's up. (requested by NewRegret)\n|\n|t:|1682099893\n|start\n|switch|p1a: Azumarill|Azumarill, L50, F|100\/100\n|switch|p1b: Dugtrio|Dugtrio, L50, F|100\/100\n|switch|p2a: Garchomp|Garchomp, L50, F|100\/100\n|switch|p2b: Vivillon|Vivillon, L50, M|100\/100\n|turn|1\n|inactive|NewRegret has 30 seconds left.\n|inactive|NewRegret has 20 seconds left.\n|inactive|NewRegret has 15 seconds left.\n|\n|t:|1682099936\n|-terastallize|p2a: Garchomp|Water\n|move|p1b: Dugtrio|Ancient Power|p2b: Vivillon\n|-supereffective|p2b: Vivillon\n|-damage|p2b: Vivillon|43\/100\n|move|p2a: Garchomp|Spikes|p1a: Azumarill\n|-sidestart|p1: NewRegret|Spikes\n|move|p2b: Vivillon|Tailwind|p2b: Vivillon\n|-sidestart|p2: inklines|move: Tailwind\n|move|p1a: Azumarill|Perish Song|p1a: Azumarill\n|-start|p1a: Azumarill|perish3|[silent]\n|-start|p1b: Dugtrio|perish3|[silent]\n|-start|p2a: Garchomp|perish3|[silent]\n|-start|p2b: Vivillon|perish3|[silent]\n|-fieldactivate|move: Perish Song\n|\n|-start|p2a: Garchomp|perish3\n|-start|p2b: Vivillon|perish3\n|-start|p1b: Dugtrio|perish3\n|-start|p1a: Azumarill|perish3\n|upkeep\n|turn|2\n|inactive|NewRegret has 30 seconds left.\n|\n|t:|1682099961\n|move|p1a: Azumarill|Aqua Jet|p2b: Vivillon\n|-damage|p2b: Vivillon|1\/100\n|move|p2a: Garchomp|Stealth Rock|p1a: Azumarill\n|-sidestart|p1: NewRegret|move: Stealth Rock\n|move|p2b: Vivillon|Light Screen|p2b: Vivillon\n|-sidestart|p2: inklines|move: Light Screen\n|move|p1b: Dugtrio|Ancient Power|p2a: Garchomp\n|-damage|p2a: Garchomp|97\/100\n|\n|-heal|p2a: Garchomp|100\/100|[from] item: Leftovers\n|-start|p2a: Garchomp|perish2\n|-start|p2b: Vivillon|perish2\n|-start|p1b: Dugtrio|perish2\n|-start|p1a: Azumarill|perish2\n|upkeep\n|turn|3\n|inactive|NewRegret has 30 seconds left.\n|\n|t:|1682099995\n|move|p2a: Garchomp|Stealth Rock||[still]\n|-fail|p2a: Garchomp\n|move|p2b: Vivillon|Pollen Puff|p1a: Azumarill\n|-resisted|p1a: Azumarill\n|-damage|p1a: Azumarill|86\/100\n|move|p1b: Dugtrio|Ancient Power|p2b: Vivillon\n|-supereffective|p2b: Vivillon\n|-damage|p2b: Vivillon|0 fnt\n|faint|p2b: Vivillon\n|move|p1a: Azumarill|Play Rough|p2a: Garchomp\n|-damage|p2a: Garchomp|53\/100\n|-damage|p1a: Azumarill|74\/100|[from] ability: Rough Skin|[of] p2a: Garchomp\n|\n|-heal|p2a: Garchomp|59\/100|[from] item: Leftovers\n|-start|p2a: Garchomp|perish1\n|-start|p1b: Dugtrio|perish1\n|-start|p1a: Azumarill|perish1\n|upkeep\n|\n|t:|1682100016\n|switch|p2b: Salamence|Salamence, L50, M|100\/100\n|-ability|p2b: Salamence|Intimidate|boost\n|-unboost|p1a: Azumarill|atk|1\n|-unboost|p1b: Dugtrio|atk|1\n|turn|4\n|inactive|inklines has 30 seconds left.\n|inactive|inklines has 20 seconds left.\n|\n|t:|1682100056\n|switch|p1b: Torkoal|Torkoal, L50, F|100\/100\n|-damage|p1b: Torkoal|88\/100|[from] Spikes\n|-damage|p1b: Torkoal|63\/100|[from] Stealth Rock\n|-weather|SunnyDay|[from] ability: Drought|[of] p1b: Torkoal\n|switch|p1a: Noivern|Noivern, L50, F|100\/100\n|-damage|p1a: Noivern|75\/100|[from] Stealth Rock\n|move|p2a: Garchomp|Earthquake|p1a: Noivern|[spread] p1b\n|-immune|p2b: Salamence\n|-immune|p1a: Noivern\n|-supereffective|p1b: Torkoal\n|-damage|p1b: Torkoal|8\/100\n|move|p2b: Salamence|Hurricane|p1a: Noivern|[miss]\n|-miss|p2b: Salamence|p1a: Noivern\n|\n|-weather|SunnyDay|[upkeep]\n|-heal|p2a: Garchomp|65\/100|[from] item: Leftovers\n|-start|p2a: Garchomp|perish0\n|faint|p2a: Garchomp\n|-sideend|p2: inklines|move: Tailwind\n|upkeep\n|\n|t:|1682100073\n|switch|p2a: Arcanine|Arcanine, L50, F|100\/100\n|-ability|p2a: Arcanine|Intimidate|boost\n|-unboost|p1a: Noivern|atk|1\n|-unboost|p1b: Torkoal|atk|1\n|turn|5\n|\n|t:|1682100089\n|move|p2b: Salamence|Roost||[still]\n|-fail|p2b: Salamence|heal\n|move|p2a: Arcanine|Will-O-Wisp|p1a: Noivern\n|-status|p1a: Noivern|brn\n|move|p1a: Noivern|Boomburst|p2a: Arcanine|[spread] p1b,p2a,p2b\n|-damage|p1b: Torkoal|0 fnt\n|-damage|p2a: Arcanine|74\/100\n|-damage|p2b: Salamence|72\/100\n|faint|p1b: Torkoal\n|-enditem|p1a: Noivern|Throat Spray\n|-boost|p1a: Noivern|spa|1|[from] item: Throat Spray\n|\n|-weather|SunnyDay|[upkeep]\n|-damage|p1a: Noivern|69\/100 brn|[from] brn\n|upkeep\n|\n|t:|1682100106\n|switch|p1b: Dugtrio|Dugtrio, L50, F|100\/100\n|-damage|p1b: Dugtrio|89\/100|[from] Spikes\n|-damage|p1b: Dugtrio|83\/100|[from] Stealth Rock\n|turn|6\n|\n|t:|1682100122\n|-terastallize|p1a: Noivern|Normal\n|move|p1b: Dugtrio|Earthquake|p2a: Arcanine|[spread] p2a\n|-activate|p1a: Noivern|ability: Telepathy\n|-immune|p2b: Salamence\n|-supereffective|p2a: Arcanine\n|-damage|p2a: Arcanine|0 fnt\n|faint|p2a: Arcanine\n|move|p2b: Salamence|Flamethrower|p1a: Noivern\n|-damage|p1a: Noivern|23\/100 brn\n|move|p1a: Noivern|Boomburst|p2b: Salamence|[spread] p1b,p2b\n|-damage|p1b: Dugtrio|0 fnt\n|-damage|p2b: Salamence|11\/100\n|faint|p1b: Dugtrio\n|\n|-weather|SunnyDay|[upkeep]\n|-damage|p1a: Noivern|17\/100 brn|[from] brn\n|-sideend|p2: inklines|move: Light Screen\n|upkeep\n|\n|t:|1682100140\n|switch|p1b: Azumarill|Azumarill, L50, F|74\/100\n|-damage|p1b: Azumarill|61\/100|[from] Spikes\n|-damage|p1b: Azumarill|49\/100|[from] Stealth Rock\n|-enditem|p1b: Azumarill|Sitrus Berry|[eat]\n|-heal|p1b: Azumarill|74\/100|[from] item: Sitrus Berry\n|turn|7\n|\n|t:|1682100156\n|move|p1b: Azumarill|Aqua Jet|p2b: Salamence\n|-resisted|p2b: Salamence\n|-damage|p2b: Salamence|3\/100\n|move|p2b: Salamence|Roost|p2b: Salamence\n|-heal|p2b: Salamence|53\/100\n|-singleturn|p2b: Salamence|move: Roost\n|move|p1a: Noivern|Heat Wave|p2b: Salamence\n|-resisted|p2b: Salamence\n|-damage|p2b: Salamence|12\/100\n|\n|-weather|SunnyDay|[upkeep]\n|-damage|p1a: Noivern|10\/100 brn|[from] brn\n|upkeep\n|turn|8\n|-message|inklines forfeited.\n|\n|win|NewRegret\n|raw|NewRegret's rating: 1127 → 1148<\/strong> (+21 for winning)\n|raw|inklines's rating: 1077 → 1059<\/strong> (-18 for losing)\n|l|\u2606inklines\n","uploadtime":1682100202,"views":11,"p1id":"newregret","p2id":"inklines","formatid":"gen9vgc2023regulationc","rating":1059,"private":0,"password":""}