{"id":"gen9vgc2023regulationc-1847529057","p1":"kookui","p2":"Kammala","format":"[Gen 9] VGC 2023 Regulation C","log":"|j|\u2606kookui\n|j|\u2606Kammala\n|t:|1681967917\n|gametype|doubles\n|player|p1|kookui|266|1228\n|player|p2|Kammala|102|1197\n|teamsize|p1|6\n|teamsize|p2|6\n|gen|9\n|tier|[Gen 9] VGC 2023 Regulation C\n|rated|\n|rule|Species Clause: Limit one of each Pok\u00e9mon\n|rule|Item Clause: Limit one of each item\n|clearpoke\n|poke|p1|Gyarados, L50, F|\n|poke|p1|Annihilape, L50, F|\n|poke|p1|Tsareena, L50, F|\n|poke|p1|Scream Tail, L50|\n|poke|p1|Amoonguss, L50, F|\n|poke|p1|Ting-Lu, L50|\n|poke|p2|Azumarill, L50, F|\n|poke|p2|Amoonguss, L50, F|\n|poke|p2|Tauros-Paldea-Blaze, L50, M|\n|poke|p2|Ting-Lu, L50|\n|poke|p2|Baxcalibur, L50, F|\n|poke|p2|Flutter Mane, L50|\n|teampreview|4\n|inactive|Battle timer is ON: inactive players will automatically lose when time's up. (requested by Kammala)\nKammala has agreed to open team sheets.\n|inactive|Kammala has 60 seconds left.\n|\n|t:|1681967965\n|start\n|switch|p1a: Gyarados|Gyarados, L50, F|100\/100\n|switch|p1b: Scream Tail|Scream Tail, L50|100\/100\n|switch|p2a: Baxcalibur|Baxcalibur, L50, F|100\/100\n|switch|p2b: Ting-Lu|Ting-Lu, L50|100\/100\n|-ability|p1a: Gyarados|Intimidate|boost\n|-fail|p2a: Baxcalibur|unboost|[from] item: Clear Amulet|[of] p2a: Baxcalibur\n|-unboost|p2b: Ting-Lu|atk|1\n|-ability|p2b: Ting-Lu|Vessel of Ruin\n|-enditem|p1b: Scream Tail|Booster Energy\n|-activate|p1b: Scream Tail|ability: Protosynthesis|[fromitem]\n|-start|p1b: Scream Tail|protosynthesisspe\n|turn|1\n|\n|t:|1681967987\n|-terastallize|p2a: Baxcalibur|Electric\n|move|p2b: Ting-Lu|Protect|p2b: Ting-Lu\n|-singleturn|p2b: Ting-Lu|Protect\n|move|p1b: Scream Tail|Reflect|p1b: Scream Tail\n|-sidestart|p1: kookui|Reflect\n|move|p2a: Baxcalibur|Tera Blast|p1a: Gyarados\n|-supereffective|p1a: Gyarados\n|-damage|p1a: Gyarados|0 fnt\n|faint|p1a: Gyarados\n|\n|upkeep\n|\n|t:|1681968000\n|switch|p1a: Tsareena|Tsareena, L50, F|100\/100\n|turn|2\n|\n|t:|1681968016\n|switch|p2a: Tauros|Tauros-Paldea-Blaze, L50, M|100\/100\n|-ability|p2a: Tauros|Intimidate|boost\n|-unboost|p1a: Tsareena|atk|1\n|-unboost|p1b: Scream Tail|atk|1\n|move|p1b: Scream Tail|Howl|p1b: Scream Tail|[spread] p1a,p1b\n|-boost|p1a: Tsareena|atk|1\n|-boost|p1b: Scream Tail|atk|1\n|move|p1a: Tsareena|Trop Kick|p2a: Tauros\n|-resisted|p2a: Tauros\n|-damage|p2a: Tauros|86\/100\n|-unboost|p2a: Tauros|atk|1\n|move|p2b: Ting-Lu|Ruination|p1a: Tsareena\n|-damage|p1a: Tsareena|50\/100\n|\n|-heal|p1a: Tsareena|57\/100|[from] item: Leftovers\n|upkeep\n|turn|3\n|\n|t:|1681968038\n|move|p1b: Scream Tail|Thunder Wave|p2a: Tauros\n|-status|p2a: Tauros|par\n|move|p1a: Tsareena|Trop Kick|p2b: Ting-Lu\n|-supereffective|p2b: Ting-Lu\n|-damage|p2b: Ting-Lu|58\/100\n|-unboost|p2b: Ting-Lu|atk|1\n|move|p2a: Tauros|Will-O-Wisp|p1a: Tsareena\n|-status|p1a: Tsareena|brn\n|move|p2b: Ting-Lu|Stealth Rock|p1b: Scream Tail\n|-sidestart|p1: kookui|move: Stealth Rock\n|\n|-heal|p1a: Tsareena|63\/100 brn|[from] item: Leftovers\n|-heal|p2b: Ting-Lu|64\/100|[from] item: Leftovers\n|-damage|p1a: Tsareena|57\/100 brn|[from] brn\n|upkeep\n|turn|4\n|inactive|Kammala has 30 seconds left.\n|\n|t:|1681968067\n|move|p2b: Ting-Lu|Protect|p2b: Ting-Lu\n|-singleturn|p2b: Ting-Lu|Protect\n|move|p1b: Scream Tail|Howl|p1b: Scream Tail|[spread] p1a,p1b\n|-boost|p1a: Tsareena|atk|1\n|-boost|p1b: Scream Tail|atk|1\n|move|p1a: Tsareena|Power Whip|p2b: Ting-Lu\n|-activate|p2b: Ting-Lu|move: Protect\n|move|p2a: Tauros|Flare Blitz|p1a: Tsareena\n|-supereffective|p1a: Tsareena\n|-damage|p1a: Tsareena|20\/100 brn\n|-damage|p2a: Tauros|74\/100 par|[from] Recoil\n|\n|-heal|p1a: Tsareena|26\/100 brn|[from] item: Leftovers\n|-heal|p2b: Ting-Lu|70\/100|[from] item: Leftovers\n|-damage|p1a: Tsareena|20\/100 brn|[from] brn\n|upkeep\n|turn|5\n|-message|kookui forfeited.\n|\n|win|Kammala\n|raw|kookui's rating: 1228 → 1201<\/strong> (-27 for losing)\n|raw|Kammala's rating: 1197 → 1224<\/strong> (+27 for winning)\n|l|\u2606kookui\n","uploadtime":1681968098,"views":6,"p1id":"kookui","p2id":"kammala","formatid":"gen9vgc2023regulationc","rating":1201,"private":0,"password":""}