{"id":"gen9vgc2023regulationc-1860125250","p1":"thrillcorner","p2":"dreameatergengar1","format":"[Gen 9] VGC 2023 Regulation C","log":"|j|\u2606thrillcorner\n|j|\u2606dreameatergengar1\n|t:|1683598187\n|gametype|doubles\n|player|p1|thrillcorner|red-masters2|1391\n|player|p2|dreameatergengar1|psychic-gen4|1360\n|teamsize|p1|6\n|teamsize|p2|6\n|gen|9\n|tier|[Gen 9] VGC 2023 Regulation C\n|rated|\n|rule|Species Clause: Limit one of each Pok\u00e9mon\n|rule|Item Clause: Limit one of each item\n|clearpoke\n|poke|p1|Arcanine, L50, M|\n|poke|p1|Amoonguss, L50, F|\n|poke|p1|Kingambit, L50, F|\n|poke|p1|Flutter Mane, L50|\n|poke|p1|Palafin, L50, F|\n|poke|p1|Ting-Lu, L50|\n|poke|p2|Chi-Yu, L50|\n|poke|p2|Flutter Mane, L50|\n|poke|p2|Gyarados, L50, F|\n|poke|p2|Amoonguss, L50, F|\n|poke|p2|Iron Hands, L50|\n|poke|p2|Scizor, L50, F|\n|teampreview|4\nthrillcorner has agreed to open team sheets.\n|\n|t:|1683598236\n|start\n|switch|p1a: Ripley|Arcanine, L50, M|100\/100\n|switch|p1b: Blueshido|Kingambit, L50, F, shiny|100\/100\n|switch|p2a: Chi-Yu|Chi-Yu, L50|100\/100\n|switch|p2b: Scizor|Scizor, L50, F|100\/100\n|-ability|p1a: Ripley|Intimidate|boost\n|-unboost|p2a: Chi-Yu|atk|1\n|-unboost|p2b: Scizor|atk|1\n|-ability|p2a: Chi-Yu|Beads of Ruin\n|turn|1\n|inactive|Battle timer is ON: inactive players will automatically lose when time's up. (requested by dreameatergengar1)\n|\n|t:|1683598266\n|switch|p1a: Mugman|Ting-Lu, L50|100\/100\n|-ability|p1a: Mugman|Vessel of Ruin\n|-terastallize|p2b: Scizor|Water\n|-terastallize|p1b: Blueshido|Dark\n|move|p2a: Chi-Yu|Nasty Plot|p2a: Chi-Yu\n|-boost|p2a: Chi-Yu|spa|2\n|move|p2b: Scizor|Tera Blast|p1a: Mugman\n|-supereffective|p1a: Mugman\n|-damage|p1a: Mugman|51\/100\n|move|p1b: Blueshido|Swords Dance|p1b: Blueshido\n|-boost|p1b: Blueshido|atk|2\n|\n|upkeep\n|turn|2\n|inactive|thrillcorner has 30 seconds left.\n|\n|t:|1683598291\n|switch|p2b: Flutter Mane|Flutter Mane, L50|100\/100\n|switch|p1a: Ripley|Arcanine, L50, M|100\/100\n|-ability|p1a: Ripley|Intimidate|boost\n|-unboost|p2a: Chi-Yu|atk|1\n|-unboost|p2b: Flutter Mane|atk|1\n|move|p2a: Chi-Yu|Protect|p2a: Chi-Yu\n|-singleturn|p2a: Chi-Yu|Protect\n|move|p1b: Blueshido|Sucker Punch||[still]\n|-fail|p1b: Blueshido\n|\n|upkeep\n|turn|3\n|\n|t:|1683598314\n|switch|p1a: Mugman|Ting-Lu, L50|51\/100\n|-ability|p1a: Mugman|Vessel of Ruin\n|move|p1b: Blueshido|Sucker Punch|p2b: Flutter Mane\n|-damage|p2b: Flutter Mane|0 fnt\n|faint|p2b: Flutter Mane\n|-end|p2b: Flutter Mane|Protosynthesis|[silent]\n|move|p2a: Chi-Yu|Heat Wave|p1a: Mugman|[spread] p1a,p1b\n|-damage|p1a: Mugman|15\/100\n|-damage|p1b: Blueshido|27\/100\n|\n|upkeep\n|\n|t:|1683598323\n|switch|p2b: Scizor|Scizor, L50, F, tera:Water|100\/100\n|turn|4\n|\n|t:|1683598331\n|switch|p1a: Ripley|Arcanine, L50, M|100\/100\n|-ability|p1a: Ripley|Intimidate|boost\n|-unboost|p2a: Chi-Yu|atk|1\n|-unboost|p2b: Scizor|atk|1\n|move|p1b: Blueshido|Protect|p1b: Blueshido\n|-singleturn|p1b: Blueshido|Protect\n|move|p2b: Scizor|Bullet Punch|p1b: Blueshido\n|-activate|p1b: Blueshido|move: Protect\n|move|p2a: Chi-Yu|Heat Wave|p1b: Blueshido|[spread] p1a\n|-activate|p1b: Blueshido|move: Protect\n|-resisted|p1a: Ripley\n|-damage|p1a: Ripley|52\/100\n|\n|upkeep\n|turn|5\n|inactive|thrillcorner has 30 seconds left.\n|\n|t:|1683598364\n|move|p2b: Scizor|Bullet Punch|p1b: Blueshido\n|-damage|p1b: Blueshido|2\/100\n|move|p1b: Blueshido|Sucker Punch|p2a: Chi-Yu\n|-resisted|p2a: Chi-Yu\n|-damage|p2a: Chi-Yu|41\/100\n|move|p1a: Ripley|Will-O-Wisp|p2b: Scizor\n|-status|p2b: Scizor|brn\n|move|p2a: Chi-Yu|Dark Pulse|p1b: Blueshido\n|-resisted|p1b: Blueshido\n|-damage|p1b: Blueshido|0 fnt\n|faint|p1b: Blueshido\n|\n|-damage|p2b: Scizor|94\/100 brn|[from] brn\n|upkeep\n|\n|t:|1683598381\n|switch|p1b: Spordyceps|Amoonguss, L50, F|100\/100\n|turn|6\n|inactive|thrillcorner has 30 seconds left.\n|\n|t:|1683598407\n|switch|p2b: Gyarados|Gyarados, L50, F|100\/100\n|-ability|p2b: Gyarados|Intimidate|boost\n|-unboost|p1a: Ripley|atk|1\n|-unboost|p1b: Spordyceps|atk|1\n|move|p1a: Ripley|Extreme Speed|p2a: Chi-Yu\n|-damage|p2a: Chi-Yu|25\/100\n|move|p2a: Chi-Yu|Heat Wave|p1b: Spordyceps|[spread] p1a,p1b\n|-resisted|p1a: Ripley\n|-supereffective|p1b: Spordyceps\n|-crit|p1b: Spordyceps\n|-damage|p1a: Ripley|2\/100\n|-damage|p1b: Spordyceps|0 fnt\n|faint|p1b: Spordyceps\n|\n|upkeep\n|\n|t:|1683598418\n|switch|p1b: Mugman|Ting-Lu, L50|15\/100\n|-ability|p1b: Mugman|Vessel of Ruin\n|turn|7\n|c|\u2606thrillcorner|gg\n|-message|thrillcorner forfeited.\n|\n|win|dreameatergengar1\n|raw|thrillcorner's rating: 1391 → 1369<\/strong> (-22 for losing)\n|raw|dreameatergengar1's rating: 1360 → 1382<\/strong> (+22 for winning)\n|l|\u2606dreameatergengar1\n","uploadtime":1683598433,"views":28,"p1id":"thrillcorner","p2id":"dreameatergengar1","formatid":"gen9vgc2023regulationc","rating":1369,"private":0,"password":""}