{"id":"gen9vgc2023regulationc-1852242448","p1":"mugiwaraLux","p2":"Alfredd2640","format":"[Gen 9] VGC 2023 Regulation C","log":"|j|\u2606mugiwaraLux\n|j|\u2606Alfredd2640\n|t:|1682536001\n|gametype|doubles\n|player|p1|mugiwaraLux|265|1323\n|player|p2|Alfredd2640|cynthia-gen4|1305\n|teamsize|p1|6\n|teamsize|p2|6\n|gen|9\n|tier|[Gen 9] VGC 2023 Regulation C\n|rated|\n|rule|Species Clause: Limit one of each Pok\u00e9mon\n|rule|Item Clause: Limit one of each item\n|clearpoke\n|poke|p1|Palafin, L50, M|\n|poke|p1|Amoonguss, L50, M|\n|poke|p1|Flutter Mane, L50|\n|poke|p1|Arcanine, L50, M|\n|poke|p1|Roaring Moon, L50|\n|poke|p1|Chien-Pao, L50|\n|poke|p2|Salamence, L50, F|\n|poke|p2|Ting-Lu, L50|\n|poke|p2|Flutter Mane, L50|\n|poke|p2|Palafin, L50, M|\n|poke|p2|Amoonguss, L50, F|\n|poke|p2|Arcanine, L50, M|\n|teampreview|4\n|inactive|Battle timer is ON: inactive players will automatically lose when time's up. (requested by Alfredd2640)\n|inactive|mugiwaraLux also wants the timer to be on.\nmugiwaraLux has agreed to open team sheets.\n|\n|t:|1682536025\n|start\n|switch|p1a: Mimi|Flutter Mane, L50|100\/100\n|switch|p1b: Amoonguss|Amoonguss, L50, M|100\/100\n|switch|p2a: Palafin|Palafin, L50, M|100\/100\n|switch|p2b: Flutter Mane|Flutter Mane, L50|100\/100\n|turn|1\n|inactive|Alfredd2640 has 30 seconds left.\n|\n|t:|1682536054\n|-end|p2b: Flutter Mane|Protosynthesis|[silent]\n|switch|p2b: Amoonguss|Amoonguss, L50, F|100\/100\n|-terastallize|p1a: Mimi|Fairy\n|-terastallize|p2a: Palafin|Water\n|move|p1b: Amoonguss|Rage Powder|p1b: Amoonguss\n|-singleturn|p1b: Amoonguss|move: Rage Powder\n|move|p1a: Mimi|Dazzling Gleam|p2b: Amoonguss|[spread] p2a,p2b\n|-resisted|p2b: Amoonguss\n|-damage|p2a: Palafin|24\/100\n|-damage|p2b: Amoonguss|72\/100\n|move|p2a: Palafin|Wave Crash|p1b: Amoonguss\n|-resisted|p1b: Amoonguss\n|-damage|p1b: Amoonguss|67\/100\n|-damage|p2a: Palafin|12\/100|[from] Recoil\n|\n|upkeep\n|turn|2\n|\n|t:|1682536074\n|-end|p1a: Mimi|Protosynthesis|[silent]\n|switch|p1a: ChiYu|Arcanine, L50, M|100\/100\n|-ability|p1a: ChiYu|Intimidate|boost\n|-unboost|p2a: Palafin|atk|1\n|-unboost|p2b: Amoonguss|atk|1\n|detailschange|p2a: Palafin|Palafin-Hero, L50, M, tera:Water\n|switch|p2a: Arcanine|Arcanine, L50, M, shiny|100\/100\n|-ability|p2a: Arcanine|Intimidate|boost\n|-unboost|p1a: ChiYu|atk|1\n|-unboost|p1b: Amoonguss|atk|1\n|move|p1b: Amoonguss|Rage Powder|p1b: Amoonguss\n|-singleturn|p1b: Amoonguss|move: Rage Powder\n|move|p2b: Amoonguss|Spore|p1a: ChiYu\n|-activate|p1a: ChiYu|item: Safety Goggles|Spore\n|\n|upkeep\n|turn|3\n|\n|t:|1682536094\n|switch|p2b: Flutter Mane|Flutter Mane, L50|100\/100\n|move|p1b: Amoonguss|Protect|p1b: Amoonguss\n|-singleturn|p1b: Amoonguss|Protect\n|move|p1a: ChiYu|Flare Blitz|p2b: Flutter Mane\n|-damage|p2b: Flutter Mane|46\/100\n|-damage|p1a: ChiYu|88\/100|[from] Recoil\n|move|p2a: Arcanine|Flare Blitz|p1b: Amoonguss\n|-activate|p1b: Amoonguss|move: Protect\n|\n|upkeep\n|turn|4\n|inactive|mugiwaraLux has 30 seconds left.\n|\n|t:|1682536120\n|move|p2b: Flutter Mane|Shadow Ball|p1a: ChiYu\n|-damage|p1a: ChiYu|37\/100\n|move|p1a: ChiYu|Flare Blitz|p2b: Flutter Mane\n|-damage|p2b: Flutter Mane|0 fnt\n|faint|p2b: Flutter Mane\n|-end|p2b: Flutter Mane|Protosynthesis|[silent]\n|-damage|p1a: ChiYu|26\/100|[from] Recoil\n|move|p2a: Arcanine|Flare Blitz|p1b: Amoonguss\n|-supereffective|p1b: Amoonguss\n|-damage|p1b: Amoonguss|0 fnt\n|faint|p1b: Amoonguss\n|-damage|p2a: Arcanine|75\/100|[from] Recoil\n|\n|upkeep\n|\n|t:|1682536135\n|switch|p2b: Amoonguss|Amoonguss, L50, F|100\/100\n|switch|p1b: Roaring Moon|Roaring Moon, L50|100\/100\n|-enditem|p1b: Roaring Moon|Booster Energy\n|-activate|p1b: Roaring Moon|ability: Protosynthesis|[fromitem]\n|-start|p1b: Roaring Moon|protosynthesisatk\n|turn|5\n|inactive|Alfredd2640 has 30 seconds left.\n|\n|t:|1682536160\n|move|p1b: Roaring Moon|Protect|p1b: Roaring Moon\n|-singleturn|p1b: Roaring Moon|Protect\n|move|p2b: Amoonguss|Protect|p2b: Amoonguss\n|-singleturn|p2b: Amoonguss|Protect\n|move|p1a: ChiYu|Flare Blitz|p2b: Amoonguss\n|-activate|p2b: Amoonguss|move: Protect\n|move|p2a: Arcanine|Will-O-Wisp|p1b: Roaring Moon\n|-activate|p1b: Roaring Moon|move: Protect\n|\n|upkeep\n|turn|6\n|inactive|Alfredd2640 has 30 seconds left.\n|inactive|Alfredd2640 has 20 seconds left.\n|inactive|Alfredd2640 has 15 seconds left.\n|\n|t:|1682536201\n|move|p1b: Roaring Moon|Acrobatics|p2b: Amoonguss\n|-supereffective|p2b: Amoonguss\n|-damage|p2b: Amoonguss|17\/100\n|-enditem|p2b: Amoonguss|Sitrus Berry|[eat]\n|-heal|p2b: Amoonguss|42\/100|[from] item: Sitrus Berry\n|move|p1a: ChiYu|Flare Blitz|p2b: Amoonguss\n|-supereffective|p2b: Amoonguss\n|-damage|p2b: Amoonguss|0 fnt\n|faint|p2b: Amoonguss\n|-damage|p1a: ChiYu|11\/100|[from] Recoil\n|move|p2a: Arcanine|Flare Blitz|p1a: ChiYu\n|-resisted|p1a: ChiYu\n|-damage|p1a: ChiYu|0 fnt\n|faint|p1a: ChiYu\n|-damage|p2a: Arcanine|72\/100|[from] Recoil\n|\n|upkeep\n|\n|t:|1682536214\n|switch|p1a: Mimi|Flutter Mane, L50, tera:Fairy|100\/100\n|switch|p2b: Palafin|Palafin-Hero, L50, M, tera:Water|12\/100\n|-activate|p2b: Palafin|ability: Zero to Hero\n|turn|7\n|\n|t:|1682536226\n|move|p2b: Palafin|Jet Punch|p1a: Mimi\n|-damage|p1a: Mimi|0 fnt\n|faint|p1a: Mimi\n|-end|p1a: Mimi|Protosynthesis|[silent]\n|move|p1b: Roaring Moon|Acrobatics|p2a: Arcanine\n|-damage|p2a: Arcanine|13\/100\n|-enditem|p2a: Arcanine|Iapapa Berry|[eat]\n|-heal|p2a: Arcanine|46\/100|[from] item: Iapapa Berry\n|move|p2a: Arcanine|Will-O-Wisp|p1b: Roaring Moon|[miss]\n|-miss|p2a: Arcanine|p1b: Roaring Moon\n|\n|upkeep\n|turn|8\n|\n|t:|1682536241\n|move|p2b: Palafin|Protect|p2b: Palafin\n|-singleturn|p2b: Palafin|Protect\n|move|p1b: Roaring Moon|Acrobatics|p2b: Palafin\n|-activate|p2b: Palafin|move: Protect\n|move|p2a: Arcanine|Will-O-Wisp|p1b: Roaring Moon\n|-status|p1b: Roaring Moon|brn\n|\n|-damage|p1b: Roaring Moon|95\/100 brn|[from] brn\n|upkeep\n|turn|9\n|\n|t:|1682536252\n|move|p2a: Arcanine|Extreme Speed|p1b: Roaring Moon\n|-damage|p1b: Roaring Moon|61\/100 brn\n|move|p1b: Roaring Moon|Acrobatics|p2b: Palafin\n|-damage|p2b: Palafin|0 fnt\n|faint|p2b: Palafin\n|\n|-damage|p1b: Roaring Moon|55\/100 brn|[from] brn\n|upkeep\n|turn|10\n|\n|t:|1682536262\n|move|p2a: Arcanine|Extreme Speed|p1b: Roaring Moon\n|-damage|p1b: Roaring Moon|21\/100 brn\n|move|p1b: Roaring Moon|Throat Chop|p2a: Arcanine\n|-damage|p2a: Arcanine|13\/100\n|-start|p2a: Arcanine|Throat Chop|[silent]\n|\n|-damage|p1b: Roaring Moon|15\/100 brn|[from] brn\n|upkeep\n|turn|11\n|\n|t:|1682536272\n|move|p2a: Arcanine|Extreme Speed|p1b: Roaring Moon\n|-damage|p1b: Roaring Moon|0 fnt\n|faint|p1b: Roaring Moon\n|-end|p1b: Roaring Moon|Protosynthesis|[silent]\n|\n|win|Alfredd2640\n|raw|mugiwaraLux's rating: 1323 → 1302<\/strong> (-21 for losing)\n|raw|Alfredd2640's rating: 1305 → 1326<\/strong> (+21 for winning)\n|l|\u2606Alfredd2640\n","uploadtime":1682536276,"views":11,"p1id":"mugiwaralux","p2id":"alfredd2640","formatid":"gen9vgc2023regulationc","rating":1302,"private":0,"password":""}