{"id":"gen9vgc2023regulationc-1852387582","p1":"Gioilele","p2":"vivian20","format":"[Gen 9] VGC 2023 Regulation C","log":"|j|\u2606Gioilele\n|j|\u2606vivian20\n|t:|1682551371\n|gametype|doubles\n|player|p1|Gioilele|pokemonbreeder-gen4|\n|player|p2|vivian20|170|\n|teamsize|p1|6\n|teamsize|p2|6\n|gen|9\n|tier|[Gen 9] VGC 2023 Regulation C\n|rule|Species Clause: Limit one of each Pok\u00e9mon\n|rule|Item Clause: Limit one of each item\n|clearpoke\n|poke|p1|Palafin, L50, F|\n|poke|p1|Chien-Pao, L50|\n|poke|p1|Dragapult, L50, M|\n|poke|p1|Amoonguss, L50, M|\n|poke|p1|Arcanine, L50, M|\n|poke|p1|Flutter Mane, L50|\n|poke|p2|Glimmora, L50, M|\n|poke|p2|Flutter Mane, L50|\n|poke|p2|Tatsugiri, L50, F|\n|poke|p2|Dondozo, L50, F|\n|poke|p2|Arcanine, L50, M|\n|poke|p2|Wo-Chien, L50|\n|teampreview|4\nvivian20 has agreed to open team sheets.\nGioilele has agreed to open team sheets.\n|\n|t:|1682551445\n|start\n|switch|p1a: Dozo|Palafin, L50, F|100\/100\n|switch|p1b: Dnite|Dragapult, L50, M|100\/100\n|switch|p2a: Arcanine|Arcanine, L50, M|100\/100\n|switch|p2b: Flutter Mane|Flutter Mane, L50|100\/100\n|-ability|p2a: Arcanine|Intimidate|boost\n|-unboost|p1a: Dozo|atk|1\n|-fail|p1b: Dnite|unboost|[from] ability: Clear Body|[of] p1b: Dnite\n|turn|1\n|\n|t:|1682551493\n|move|p2b: Flutter Mane|Protect|p2b: Flutter Mane\n|-singleturn|p2b: Flutter Mane|Protect\n|move|p1a: Dozo|Protect|p1a: Dozo\n|-singleturn|p1a: Dozo|Protect\n|move|p1b: Dnite|Phantom Force||[still]\n|-prepare|p1b: Dnite|Phantom Force\n|move|p2a: Arcanine|Will-O-Wisp|p1b: Dnite|[miss]\n|-miss|p2a: Arcanine|p1b: Dnite\n|\n|upkeep\n|turn|2\n|\n|t:|1682551517\n|move|p1a: Dozo|Jet Punch|p2b: Flutter Mane\n|-damage|p2b: Flutter Mane|63\/100\n|move|p1b: Dnite|Phantom Force|p2b: Flutter Mane|[from]lockedmove\n|-supereffective|p2b: Flutter Mane\n|-damage|p2b: Flutter Mane|0 fnt\n|faint|p2b: Flutter Mane\n|-end|p2b: Flutter Mane|Protosynthesis|[silent]\n|move|p2a: Arcanine|Will-O-Wisp|p1b: Dnite\n|-status|p1b: Dnite|brn\n|\n|-damage|p1b: Dnite|95\/100 brn|[from] brn\n|upkeep\n|\n|t:|1682551532\n|switch|p2b: Tatsugiri|Tatsugiri, L50, F|100\/100\n|turn|3\n|\n|t:|1682551552\n|detailschange|p1a: Dozo|Palafin-Hero, L50, F\n|switch|p1a: ChiYu|Arcanine, L50, M|100\/100\n|-ability|p1a: ChiYu|Intimidate|boost\n|-unboost|p2a: Arcanine|atk|1\n|-unboost|p2b: Tatsugiri|atk|1\n|move|p2b: Tatsugiri|Muddy Water|p1a: ChiYu|[spread] p1b\n|-miss|p2b: Tatsugiri|p1a: ChiYu\n|-resisted|p1b: Dnite\n|-damage|p1b: Dnite|74\/100 brn\n|move|p1b: Dnite|Phantom Force||[still]\n|-prepare|p1b: Dnite|Phantom Force\n|move|p2a: Arcanine|Will-O-Wisp|p1a: ChiYu|[miss]\n|-miss|p2a: Arcanine|p1a: ChiYu\n|\n|-damage|p1b: Dnite|68\/100 brn|[from] brn\n|upkeep\n|turn|4\n|\n|t:|1682551585\n|switch|p1a: Mimi|Flutter Mane, L50|100\/100\n|-enditem|p1a: Mimi|Booster Energy\n|-activate|p1a: Mimi|ability: Protosynthesis|[fromitem]\n|-start|p1a: Mimi|protosynthesisspa\n|move|p2b: Tatsugiri|Muddy Water|p1a: Mimi|[spread] p1a\n|-miss|p2b: Tatsugiri|p1b: Dnite\n|-damage|p1a: Mimi|70\/100\n|-unboost|p1a: Mimi|accuracy|1\n|move|p1b: Dnite|Phantom Force|p2a: Arcanine|[from]lockedmove\n|-damage|p2a: Arcanine|69\/100\n|move|p2a: Arcanine|Flare Blitz|p1b: Dnite\n|-resisted|p1b: Dnite\n|-damage|p1b: Dnite|49\/100 brn\n|-damage|p2a: Arcanine|63\/100|[from] Recoil\n|\n|-damage|p1b: Dnite|43\/100 brn|[from] brn\n|upkeep\n|turn|5\n|\n|t:|1682551605\n|switch|p2a: Dondozo|Dondozo, L50, F|100\/100\n|-activate|p2b: Tatsugiri|ability: Commander|[of] p2a: Dondozo\n|-boost|p2a: Dondozo|atk|2\n|-boost|p2a: Dondozo|spa|2\n|-boost|p2a: Dondozo|spe|2\n|-boost|p2a: Dondozo|def|2\n|-boost|p2a: Dondozo|spd|2\n|move|p1b: Dnite|Phantom Force||[still]\n|-prepare|p1b: Dnite|Phantom Force\n|move|p1a: Mimi|Dazzling Gleam|p2b: Tatsugiri|[spread] p2a\n|-miss|p1a: Mimi|p2b: Tatsugiri\n|-damage|p2a: Dondozo|83\/100\n|\n|-damage|p1b: Dnite|37\/100 brn|[from] brn\n|upkeep\n|turn|6\n|\n|t:|1682551619\n|move|p1b: Dnite|Phantom Force|p2b: Tatsugiri|[from]lockedmove|[miss]\n|-miss|p1b: Dnite|p2b: Tatsugiri\n|move|p1a: Mimi|Moonblast|p2a: Dondozo\n|-damage|p2a: Dondozo|54\/100\n|move|p2a: Dondozo|Earthquake|p1b: Dnite|[spread] p1a,p1b\n|-miss|p2a: Dondozo|p2b: Tatsugiri\n|-damage|p1a: Mimi|0 fnt\n|-damage|p1b: Dnite|0 fnt\n|faint|p1a: Mimi\n|-end|p1a: Mimi|Protosynthesis|[silent]\n|faint|p1b: Dnite\n|\n|upkeep\n|\n|t:|1682551620\n|switch|p1b: ChiYu|Arcanine, L50, M|100\/100\n|switch|p1a: Dozo|Palafin-Hero, L50, F|100\/100\n|-ability|p1b: ChiYu|Intimidate|boost\n|-unboost|p2a: Dondozo|atk|1\n|-unboost|p2b: Tatsugiri|atk|1\n|-activate|p1a: Dozo|ability: Zero to Hero\n|turn|7\n|\n|t:|1682551661\n|-terastallize|p1b: ChiYu|Flying\n|move|p1a: Dozo|Protect|p1a: Dozo\n|-singleturn|p1a: Dozo|Protect\n|move|p1b: ChiYu|Will-O-Wisp|p2a: Dondozo|[miss]\n|-miss|p1b: ChiYu|p2a: Dondozo\n|move|p2a: Dondozo|Wave Crash|p1b: ChiYu\n|-damage|p1b: ChiYu|8\/100\n|-damage|p2a: Dondozo|28\/100|[from] Recoil\n|\n|upkeep\n|turn|8\n|\n|t:|1682551692\n|move|p1b: ChiYu|Will-O-Wisp|p2a: Dondozo\n|-status|p2a: Dondozo|brn\n|move|p2a: Dondozo|Wave Crash|p1a: Dozo\n|-resisted|p1a: Dozo\n|-damage|p1a: Dozo|83\/100\n|-damage|p2a: Dondozo|23\/100 brn|[from] Recoil\n|-enditem|p2a: Dondozo|Aguav Berry|[eat]\n|-heal|p2a: Dondozo|56\/100 brn|[from] item: Aguav Berry\n|move|p1a: Dozo|Haze|p1a: Dozo\n|-clearallboost\n|\n|-damage|p2a: Dondozo|50\/100 brn|[from] brn\n|upkeep\n|turn|9\n|\n|t:|1682551713\n|move|p1b: ChiYu|Protect|p1b: ChiYu\n|-singleturn|p1b: ChiYu|Protect\n|move|p1a: Dozo|Wave Crash|p2a: Dondozo\n|-resisted|p2a: Dondozo\n|-damage|p2a: Dondozo|19\/100 brn\n|-damage|p1a: Dozo|72\/100|[from] Recoil\n|move|p2a: Dondozo|Wave Crash|p1b: ChiYu\n|-activate|p1b: ChiYu|move: Protect\n|\n|-damage|p2a: Dondozo|13\/100 brn|[from] brn\n|upkeep\n|turn|10\n|\n|t:|1682551725\n|move|p1b: ChiYu|Extreme Speed|p2a: Dondozo\n|-damage|p2a: Dondozo|0 fnt\n|faint|p2a: Dondozo\n|move|p1a: Dozo|Wave Crash|p2b: Tatsugiri\n|-resisted|p2b: Tatsugiri\n|-damage|p2b: Tatsugiri|57\/100\n|-damage|p1a: Dozo|62\/100|[from] Recoil\n|\n|upkeep\n|\n|t:|1682551733\n|switch|p2a: Arcanine|Arcanine, L50, M|63\/100\n|-ability|p2a: Arcanine|Intimidate|boost\n|-unboost|p1a: Dozo|atk|1\n|-unboost|p1b: ChiYu|atk|1\n|turn|11\n|\n|t:|1682551743\n|-terastallize|p2a: Arcanine|Water\n|move|p1b: ChiYu|Extreme Speed|p2b: Tatsugiri\n|-damage|p2b: Tatsugiri|32\/100\n|move|p2b: Tatsugiri|Muddy Water|p1a: Dozo|[spread] p1a,p1b\n|-resisted|p1a: Dozo\n|-crit|p1b: ChiYu\n|-damage|p1a: Dozo|44\/100\n|-damage|p1b: ChiYu|0 fnt\n|faint|p1b: ChiYu\n|move|p1a: Dozo|Wave Crash|p2a: Arcanine\n|-resisted|p2a: Arcanine\n|-damage|p2a: Arcanine|32\/100\n|-damage|p1a: Dozo|35\/100|[from] Recoil\n|move|p2a: Arcanine|Will-O-Wisp|p1a: Dozo|[miss]\n|-miss|p2a: Arcanine|p1a: Dozo\n|\n|upkeep\n|turn|12\n|\n|t:|1682551762\n|move|p1a: Dozo|Protect|p1a: Dozo\n|-singleturn|p1a: Dozo|Protect\n|move|p2b: Tatsugiri|Muddy Water|p1a: Dozo\n|-activate|p1a: Dozo|move: Protect\n|move|p2a: Arcanine|Will-O-Wisp|p1a: Dozo\n|-activate|p1a: Dozo|move: Protect\n|\n|upkeep\n|turn|13\n|\n|t:|1682551773\n|move|p2b: Tatsugiri|Muddy Water|p1a: Dozo\n|-resisted|p1a: Dozo\n|-damage|p1a: Dozo|13\/100\n|move|p1a: Dozo|Wave Crash|p2b: Tatsugiri\n|-resisted|p2b: Tatsugiri\n|-damage|p2b: Tatsugiri|1\/100\n|-damage|p1a: Dozo|5\/100|[from] Recoil\n|move|p2a: Arcanine|Will-O-Wisp|p1a: Dozo|[miss]\n|-miss|p2a: Arcanine|p1a: Dozo\n|\n|upkeep\n|turn|14\n|\n|t:|1682551785\n|move|p1a: Dozo|Jet Punch|p2b: Tatsugiri\n|-resisted|p2b: Tatsugiri\n|-damage|p2b: Tatsugiri|0 fnt\n|faint|p2b: Tatsugiri\n|move|p2a: Arcanine|Flare Blitz|p1a: Dozo\n|-resisted|p1a: Dozo\n|-damage|p1a: Dozo|0 fnt\n|faint|p1a: Dozo\n|-damage|p2a: Arcanine|31\/100|[from] Recoil\n|\n|win|vivian20\n|c|\u2606Gioilele|gg\n|l|\u2606Gioilele\n|j|\u2606Gioilele\n|player|p1|Gioilele|pokemonbreeder-gen4\n","uploadtime":1682551791,"views":10,"p1id":"gioilele","p2id":"vivian20","formatid":"gen9vgc2023regulationc","rating":0,"private":0,"password":""}