{"id":"gen9vgc2023regulationc-1857265645","p1":"RICHARDHAVOC","p2":"Peculiar Caribou","format":"[Gen 9] VGC 2023 Regulation C","log":"|j|\u2606RICHARDHAVOC\n|j|\u2606Peculiar Caribou\n|t:|1683165329\n|gametype|doubles\n|player|p1|RICHARDHAVOC|steven|\n|player|p2|Peculiar Caribou|cyclist|\n|teamsize|p1|6\n|teamsize|p2|6\n|gen|9\n|tier|[Gen 9] VGC 2023 Regulation C\n|rule|Species Clause: Limit one of each Pok\u00e9mon\n|rule|Item Clause: Limit one of each item\n|clearpoke\n|poke|p1|Scream Tail, L50|\n|poke|p1|Ceruledge, L50, F|\n|poke|p1|Rotom-Wash, L50|\n|poke|p1|Chien-Pao, L50|\n|poke|p1|Dragonite, L50, M|\n|poke|p1|Ting-Lu, L50|\n|poke|p2|Torkoal, L50, M|\n|poke|p2|Jumpluff, L50, F|\n|poke|p2|Flutter Mane, L50|\n|poke|p2|Great Tusk, L50|\n|poke|p2|Chien-Pao, L50|\n|poke|p2|Kingambit, L50, M|\n|teampreview|4\n|c|\u2606Peculiar Caribou|gl hf\nRICHARDHAVOC has agreed to open team sheets.\nPeculiar Caribou has agreed to open team sheets.\n|c|\u2606RICHARDHAVOC|glhf\n|\n|t:|1683165393\n|start\n|switch|p1a: HARLEY QUINN|Scream Tail, L50, shiny|100\/100\n|switch|p1b: YAN|Ceruledge, L50, F, shiny|100\/100\n|switch|p2a: Flutter Mane|Flutter Mane, L50|100\/100\n|switch|p2b: Great Tusk|Great Tusk, L50|100\/100\n|-enditem|p1a: HARLEY QUINN|Booster Energy\n|-activate|p1a: HARLEY QUINN|ability: Protosynthesis|[fromitem]\n|-start|p1a: HARLEY QUINN|protosynthesisspe\n|turn|1\n|\n|t:|1683165417\n|-terastallize|p2a: Flutter Mane|Water\n|move|p1b: YAN|Protect|p1b: YAN\n|-singleturn|p1b: YAN|Protect\n|move|p2b: Great Tusk|Rock Slide|p1a: HARLEY QUINN|[spread] p1a\n|-activate|p1b: YAN|move: Protect\n|-damage|p1a: HARLEY QUINN|86\/100\n|move|p1a: HARLEY QUINN|Thunder Wave|p2a: Flutter Mane\n|-status|p2a: Flutter Mane|par\n|move|p2a: Flutter Mane|Shadow Ball|p1a: HARLEY QUINN\n|-supereffective|p1a: HARLEY QUINN\n|-damage|p1a: HARLEY QUINN|0 fnt\n|faint|p1a: HARLEY QUINN\n|-end|p1a: HARLEY QUINN|Protosynthesis|[silent]\n|\n|upkeep\n|\n|t:|1683165432\n|switch|p1a: IRON TWITCH|Rotom-Wash, L50, shiny|100\/100\n|turn|2\n|\n|t:|1683165445\n|-terastallize|p1b: YAN|Grass\n|move|p2b: Great Tusk|Rock Slide|p1a: IRON TWITCH|[spread] p1a,p1b\n|-damage|p1a: IRON TWITCH|82\/100\n|-damage|p1b: YAN|82\/100\n|move|p1a: IRON TWITCH|Hydro Pump|p2b: Great Tusk|[miss]\n|-miss|p1a: IRON TWITCH|p2b: Great Tusk\n|move|p1b: YAN|Bitter Blade|p2a: Flutter Mane\n|-resisted|p2a: Flutter Mane\n|-damage|p2a: Flutter Mane|67\/100 par\n|-heal|p1b: YAN|95\/100|[from] drain|[of] p2a: Flutter Mane\n|move|p2a: Flutter Mane|Shadow Ball|p1b: YAN\n|-damage|p1b: YAN|35\/100\n|\n|upkeep\n|turn|3\n|\n|t:|1683165458\n|move|p1b: YAN|Protect|p1b: YAN\n|-singleturn|p1b: YAN|Protect\n|move|p2b: Great Tusk|Rock Slide|p1a: IRON TWITCH|[spread] p1a\n|-activate|p1b: YAN|move: Protect\n|-damage|p1a: IRON TWITCH|63\/100\n|move|p1a: IRON TWITCH|Hydro Pump|p2b: Great Tusk\n|-supereffective|p2b: Great Tusk\n|-damage|p2b: Great Tusk|0 fnt\n|faint|p2b: Great Tusk\n|-end|p2b: Great Tusk|Protosynthesis|[silent]\n|cant|p2a: Flutter Mane|par\n|\n|upkeep\n|\n|t:|1683165467\n|switch|p2b: Chien-Pao|Chien-Pao, L50|100\/100\n|-ability|p2b: Chien-Pao|Sword of Ruin\n|turn|4\n|\n|t:|1683165498\n|move|p2b: Chien-Pao|Sucker Punch|p1b: YAN\n|-damage|p1b: YAN|0 fnt\n|faint|p1b: YAN\n|move|p1a: IRON TWITCH|Thunderbolt|p2a: Flutter Mane\n|-supereffective|p2a: Flutter Mane\n|-damage|p2a: Flutter Mane|0 fnt\n|faint|p2a: Flutter Mane\n|-end|p2a: Flutter Mane|Protosynthesis|[silent]\n|\n|upkeep\n|\n|t:|1683165504\n|switch|p2a: Kingambit|Kingambit, L50, M|100\/100\n|switch|p1b: Ting-Lu|Ting-Lu, L50|100\/100\n|-ability|p1b: Ting-Lu|Vessel of Ruin\n|turn|5\n|\n|t:|1683165537\n|move|p1a: IRON TWITCH|Helping Hand|p1b: Ting-Lu\n|-singleturn|p1b: Ting-Lu|Helping Hand|[of] p1a: IRON TWITCH\n|move|p2b: Chien-Pao|Ice Spinner|p1b: Ting-Lu\n|-supereffective|p1b: Ting-Lu\n|-damage|p1b: Ting-Lu|43\/100\n|move|p1b: Ting-Lu|Earthquake|p2a: Kingambit|[spread] p2a,p2b\n|-immune|p1a: IRON TWITCH|[from] ability: Levitate\n|-supereffective|p2a: Kingambit\n|-damage|p2a: Kingambit|0 fnt\n|-enditem|p2b: Chien-Pao|Focus Sash\n|-damage|p2b: Chien-Pao|1\/100\n|faint|p2a: Kingambit\n|\n|upkeep\n|turn|6\n|c|\u2606Peculiar Caribou|gg\n|\n|t:|1683165548\n|move|p2b: Chien-Pao|Ice Spinner|p1b: Ting-Lu\n|-supereffective|p1b: Ting-Lu\n|-damage|p1b: Ting-Lu|0 fnt\n|faint|p1b: Ting-Lu\n|move|p1a: IRON TWITCH|Thunderbolt|p2b: Chien-Pao\n|-damage|p2b: Chien-Pao|0 fnt\n|faint|p2b: Chien-Pao\n|\n|win|RICHARDHAVOC\n|c|\u2606RICHARDHAVOC|gg\n|l|\u2606Peculiar Caribou\n|l|\u2606RICHARDHAVOC\n|j|\u2606RICHARDHAVOC\n|player|p1|RICHARDHAVOC|steven\n","uploadtime":1683165651,"views":7,"p1id":"richardhavoc","p2id":"peculiarcaribou","formatid":"gen9vgc2023regulationc","rating":0,"private":0,"password":""}