{"id":"gen9vgc2023regulationc-1862169410","p1":"DuelLuna","p2":"Samythril","format":"[Gen 9] VGC 2023 Regulation C","log":"|j|\u2606DuelLuna\n|j|\u2606Samythril\n|t:|1683844725\n|gametype|doubles\n|player|p1|DuelLuna|caitlin|\n|player|p2|Samythril|will|\n|teamsize|p1|6\n|teamsize|p2|6\n|gen|9\n|tier|[Gen 9] VGC 2023 Regulation C\n|rule|Species Clause: Limit one of each Pok\u00e9mon\n|rule|Item Clause: Limit one of each item\n|clearpoke\n|poke|p1|Salamence, L50, F|\n|poke|p1|Sandy Shocks, L50|\n|poke|p1|Houndstone, L50, F|\n|poke|p1|Iron Moth, L50|\n|poke|p1|Bellibolt, L50, F|\n|poke|p1|Morgrem, L50, M|\n|poke|p2|Kilowattrel, L50, F|\n|poke|p2|Baxcalibur, L50, F|\n|poke|p2|Volcarona, L50, F|\n|poke|p2|Klefki, L50, M|\n|poke|p2|Great Tusk, L50|\n|poke|p2|Staraptor, L50, F|\n|teampreview|4\nSamythril rejected open team sheets.\n|c|\u2606DuelLuna|Hf\n|c|\u2606Samythril|glhf!\n|\n|t:|1683844757\n|start\n|switch|p1a: Morgrem|Morgrem, L50, M|100\/100\n|switch|p1b: Iron Moth|Iron Moth, L50|100\/100\n|switch|p2a: Staraptor|Staraptor, L50, F|100\/100\n|switch|p2b: Kilowattrel|Kilowattrel, L50, F|100\/100\n|-ability|p2a: Staraptor|Intimidate|boost\n|-unboost|p1a: Morgrem|atk|1\n|-unboost|p1b: Iron Moth|atk|1\n|turn|1\n|\n|t:|1683844781\n|move|p1a: Morgrem|Reflect|p1a: Morgrem\n|-sidestart|p1: DuelLuna|Reflect\n|move|p2a: Staraptor|Brave Bird|p1b: Iron Moth\n|-damage|p1b: Iron Moth|31\/100\n|-damage|p2a: Staraptor|78\/100|[from] Recoil\n|move|p2b: Kilowattrel|Thunderbolt|p1b: Iron Moth\n|-damage|p1b: Iron Moth|0 fnt\n|faint|p1b: Iron Moth\n|-end|p1b: Iron Moth|Quark Drive|[silent]\n|\n|upkeep\n|\n|t:|1683844790\n|switch|p1b: Sandy Shocks|Sandy Shocks, L50|100\/100\n|turn|2\n|\n|t:|1683844810\n|move|p1a: Morgrem|Fake Tears|p2a: Staraptor\n|-unboost|p2a: Staraptor|spd|2\n|move|p2a: Staraptor|Brave Bird|p1a: Morgrem\n|-damage|p1a: Morgrem|21\/100\n|-damage|p2a: Staraptor|50\/100|[from] Recoil\n|move|p2b: Kilowattrel|Thunderbolt|p1a: Morgrem\n|-damage|p1a: Morgrem|0 fnt\n|faint|p1a: Morgrem\n|move|p1b: Sandy Shocks|Earth Power|p2a: Staraptor\n|-immune|p2a: Staraptor\n|\n|upkeep\n|c|\u2606DuelLuna|Welp that did not work out\n|c|\u2606Samythril|it did not\n|\n|t:|1683844825\n|switch|p1a: Houndstone|Houndstone, L50, F|100\/100\n|turn|3\n|\n|t:|1683844834\n|move|p2a: Staraptor|Brave Bird|p1a: Houndstone\n|-damage|p1a: Houndstone|80\/100\n|-damage|p2a: Staraptor|43\/100|[from] Recoil\n|move|p2b: Kilowattrel|Tailwind|p2b: Kilowattrel\n|-sidestart|p2: Samythril|move: Tailwind\n|-start|p2b: Kilowattrel|Charge|Tailwind|[from] ability: Wind Power\n|move|p1b: Sandy Shocks|Power Gem|p2a: Staraptor\n|-supereffective|p2a: Staraptor\n|-damage|p2a: Staraptor|0 fnt\n|faint|p2a: Staraptor\n|move|p1a: Houndstone|Last Respects|p2b: Kilowattrel\n|-enditem|p2b: Kilowattrel|Focus Sash\n|-damage|p2b: Kilowattrel|1\/100\n|\n|-heal|p1a: Houndstone|86\/100|[from] item: Leftovers\n|upkeep\n|\n|t:|1683844864\n|switch|p2a: Great Tusk|Great Tusk, L50|100\/100\n|turn|4\n|\n|t:|1683844877\n|move|p1a: Houndstone|Shadow Sneak|p2b: Kilowattrel\n|-damage|p2b: Kilowattrel|0 fnt\n|faint|p2b: Kilowattrel\n|move|p2a: Great Tusk|Earthquake|p1a: Houndstone|[spread] p1a,p1b\n|-supereffective|p1b: Sandy Shocks\n|-damage|p1a: Houndstone|52\/100\n|-damage|p1b: Sandy Shocks|13\/100\n|-damage|p2a: Great Tusk|91\/100|[from] item: Life Orb\n|move|p1b: Sandy Shocks|Earth Power|p2a: Great Tusk\n|-damage|p2a: Great Tusk|29\/100\n|-unboost|p2a: Great Tusk|spd|1\n|\n|-heal|p1a: Houndstone|58\/100|[from] item: Leftovers\n|upkeep\n|\n|t:|1683844888\n|switch|p2b: Baxcalibur|Baxcalibur, L50, F|100\/100\n|turn|5\n|\n|t:|1683844899\n|move|p1b: Sandy Shocks|Protect|p1b: Sandy Shocks\n|-singleturn|p1b: Sandy Shocks|Protect\n|move|p1a: Houndstone|Protect|p1a: Houndstone\n|-singleturn|p1a: Houndstone|Protect\n|move|p2b: Baxcalibur|Ice Shard|p1b: Sandy Shocks\n|-activate|p1b: Sandy Shocks|move: Protect\n|move|p2a: Great Tusk|Headlong Rush|p1a: Houndstone\n|-activate|p1a: Houndstone|move: Protect\n|\n|-heal|p1a: Houndstone|64\/100|[from] item: Leftovers\n|upkeep\n|turn|6\n|\n|t:|1683844913\n|move|p2b: Baxcalibur|Ice Shard|p1b: Sandy Shocks\n|-supereffective|p1b: Sandy Shocks\n|-damage|p1b: Sandy Shocks|0 fnt\n|faint|p1b: Sandy Shocks\n|-end|p1b: Sandy Shocks|Protosynthesis|[silent]\n|move|p2a: Great Tusk|Headlong Rush|p1a: Houndstone\n|-damage|p1a: Houndstone|33\/100\n|-unboost|p2a: Great Tusk|def|1\n|-unboost|p2a: Great Tusk|spd|1\n|-damage|p2a: Great Tusk|19\/100|[from] item: Life Orb\n|move|p1a: Houndstone|Last Respects|p2b: Baxcalibur\n|-damage|p2b: Baxcalibur|14\/100\n|\n|-heal|p1a: Houndstone|40\/100|[from] item: Leftovers\n|-sideend|p2: Samythril|move: Tailwind\n|upkeep\n|turn|7\n|\n|t:|1683844960\n|move|p1a: Houndstone|Shadow Sneak|p2a: Great Tusk\n|-damage|p2a: Great Tusk|0 fnt\n|faint|p2a: Great Tusk\n|-end|p2a: Great Tusk|Protosynthesis|[silent]\n|move|p2b: Baxcalibur|Glaive Rush|p1a: Houndstone\n|-damage|p1a: Houndstone|14\/100\n|-singlemove|p2b: Baxcalibur|Glaive Rush|[silent]\n|\n|-heal|p1a: Houndstone|20\/100|[from] item: Leftovers\n|upkeep\n|turn|8\n|\n|t:|1683844970\n|move|p2b: Baxcalibur|Protect|p2b: Baxcalibur\n|-singleturn|p2b: Baxcalibur|Protect\n|move|p1a: Houndstone|Shadow Sneak|p2b: Baxcalibur\n|-activate|p2b: Baxcalibur|move: Protect\n|\n|-heal|p1a: Houndstone|27\/100|[from] item: Leftovers\n|-sideend|p1: DuelLuna|Reflect\n|upkeep\n|turn|9\n|\n|t:|1683844977\n|move|p1a: Houndstone|Protect|p1a: Houndstone\n|-singleturn|p1a: Houndstone|Protect\n|move|p2b: Baxcalibur|Ice Shard|p1a: Houndstone\n|-activate|p1a: Houndstone|move: Protect\n|\n|-heal|p1a: Houndstone|33\/100|[from] item: Leftovers\n|upkeep\n|turn|10\n|c|\u2606Samythril|hmm\n|c|\u2606Samythril|gg\n|\n|t:|1683844988\n|move|p2b: Baxcalibur|Ice Shard|p1a: Houndstone\n|-damage|p1a: Houndstone|7\/100\n|move|p1a: Houndstone|Shadow Sneak|p2b: Baxcalibur\n|-damage|p2b: Baxcalibur|0 fnt\n|faint|p2b: Baxcalibur\n|\n|win|DuelLuna\n|c|\u2606Samythril|is that fluffy\n|c|\u2606DuelLuna|Gg\n|c|\u2606DuelLuna|Yes\n|c|\u2606Samythril|thats very cool\n|c|\u2606DuelLuna|It\u2019s been the mvp in testing so far\n|l|\u2606DuelLuna\n|j|\u2606DuelLuna\n|player|p1|DuelLuna|caitlin\n","uploadtime":1683845081,"views":9,"p1id":"duelluna","p2id":"samythril","formatid":"gen9vgc2023regulationc","rating":0,"private":0,"password":""}