{"id":"gen9vgc2023regulationc-1859740472","p1":"pardosimmia","p2":"Elpan0","format":"[Gen 9] VGC 2023 Regulation C","log":"|j|\u2606pardosimmia\n|j|\u2606Elpan0\n|t:|1683560622\n|gametype|doubles\n|player|p1|pardosimmia|265|1366\n|player|p2|Elpan0|266|1423\n|teamsize|p1|6\n|teamsize|p2|6\n|gen|9\n|tier|[Gen 9] VGC 2023 Regulation C\n|rated|\n|rule|Species Clause: Limit one of each Pok\u00e9mon\n|rule|Item Clause: Limit one of each item\n|clearpoke\n|poke|p1|Amoonguss, L50, F|\n|poke|p1|Arcanine, L50, M|\n|poke|p1|Palafin, L50, F|\n|poke|p1|Flutter Mane, L50|\n|poke|p1|Chi-Yu, L50|\n|poke|p1|Iron Bundle, L50|\n|poke|p2|Volcarona, L50, M|\n|poke|p2|Amoonguss, L50, M|\n|poke|p2|Flutter Mane, L50|\n|poke|p2|Iron Hands, L50|\n|poke|p2|Gyarados, L50, F|\n|poke|p2|Ting-Lu, L50|\n|teampreview|4\n|inactive|Battle timer is ON: inactive players will automatically lose when time's up. (requested by Elpan0)\n|\n|t:|1683560671\n|start\n|switch|p1a: Flutter Mane|Flutter Mane, L50|100\/100\n|switch|p1b: Iron Bundle|Iron Bundle, L50|100\/100\n|switch|p2a: Volcarona|Volcarona, L50, M|100\/100\n|switch|p2b: Amoonguss|Amoonguss, L50, M|100\/100\n|-enditem|p1b: Iron Bundle|Booster Energy\n|-activate|p1b: Iron Bundle|ability: Quark Drive|[fromitem]\n|-start|p1b: Iron Bundle|quarkdrivespe\n|turn|1\n|inactive|pardosimmia has 30 seconds left.\n|\n|t:|1683560705\n|move|p2a: Volcarona|Protect|p2a: Volcarona\n|-singleturn|p2a: Volcarona|Protect\n|move|p1b: Iron Bundle|Freeze-Dry|p2a: Volcarona\n|-activate|p2a: Volcarona|move: Protect\n|move|p1a: Flutter Mane|Shadow Ball|p2a: Volcarona\n|-activate|p2a: Volcarona|move: Protect\n|move|p2b: Amoonguss|Spore|p1a: Flutter Mane\n|-status|p1a: Flutter Mane|slp|[from] move: Spore\n|\n|upkeep\n|turn|2\n|\n|t:|1683560720\n|switch|p2b: Ting-Lu|Ting-Lu, L50|100\/100\n|-ability|p2b: Ting-Lu|Vessel of Ruin\n|move|p1b: Iron Bundle|Hydro Pump|p2a: Volcarona\n|-supereffective|p2a: Volcarona\n|-damage|p2a: Volcarona|10\/100\n|cant|p1a: Flutter Mane|slp\n|move|p2a: Volcarona|Quiver Dance|p2a: Volcarona\n|-boost|p2a: Volcarona|spa|1\n|-boost|p2a: Volcarona|spd|1\n|-boost|p2a: Volcarona|spe|1\n|\n|upkeep\n|turn|3\n|inactive|Elpan0 has 30 seconds left.\n|inactive|pardosimmia has 30 seconds left.\n|inactive|pardosimmia has 20 seconds left.\n|\n|t:|1683560762\n|-end|p1a: Flutter Mane|Protosynthesis|[silent]\n|switch|p1a: Chi-Yu|Chi-Yu, L50|100\/100\n|-ability|p1a: Chi-Yu|Beads of Ruin\n|-terastallize|p1b: Iron Bundle|Ice\n|move|p2a: Volcarona|Protect|p2a: Volcarona\n|-singleturn|p2a: Volcarona|Protect\n|move|p1b: Iron Bundle|Icy Wind|p2a: Volcarona|[spread] p2b\n|-activate|p2a: Volcarona|move: Protect\n|-supereffective|p2b: Ting-Lu\n|-damage|p2b: Ting-Lu|74\/100\n|-unboost|p2b: Ting-Lu|spe|1\n|move|p2b: Ting-Lu|Stomping Tantrum|p1b: Iron Bundle\n|-damage|p1b: Iron Bundle|59\/100\n|\n|upkeep\n|turn|4\n|inactive|pardosimmia has 30 seconds left.\n|inactive|Elpan0 has 30 seconds left.\n|inactive|pardosimmia has 20 seconds left.\n|\n|t:|1683560797\n|switch|p2a: Amoonguss|Amoonguss, L50, M|100\/100\n|move|p1b: Iron Bundle|Icy Wind|p2b: Ting-Lu|[spread] p2a,p2b\n|-supereffective|p2a: Amoonguss\n|-supereffective|p2b: Ting-Lu\n|-damage|p2a: Amoonguss|52\/100\n|-damage|p2b: Ting-Lu|45\/100\n|-unboost|p2a: Amoonguss|spe|1\n|-unboost|p2b: Ting-Lu|spe|1\n|move|p1a: Chi-Yu|Nasty Plot|p1a: Chi-Yu\n|-boost|p1a: Chi-Yu|spa|2\n|move|p2b: Ting-Lu|Stomping Tantrum|p1a: Chi-Yu\n|-supereffective|p1a: Chi-Yu\n|-damage|p1a: Chi-Yu|29\/100\n|\n|upkeep\n|turn|5\n|inactive|Elpan0 has 30 seconds left.\n|\n|t:|1683560830\n|-terastallize|p2b: Ting-Lu|Water\n|move|p1b: Iron Bundle|Icy Wind|p2b: Ting-Lu|[spread] p2a,p2b\n|-supereffective|p2a: Amoonguss\n|-resisted|p2b: Ting-Lu\n|-damage|p2a: Amoonguss|1\/100\n|-damage|p2b: Ting-Lu|37\/100\n|-unboost|p2a: Amoonguss|spe|1\n|-unboost|p2b: Ting-Lu|spe|1\n|-enditem|p2a: Amoonguss|Sitrus Berry|[eat]\n|-heal|p2a: Amoonguss|26\/100|[from] item: Sitrus Berry\n|move|p1a: Chi-Yu|Heat Wave|p2b: Ting-Lu|[spread] p2a,p2b\n|-supereffective|p2a: Amoonguss\n|-resisted|p2b: Ting-Lu\n|-damage|p2a: Amoonguss|0 fnt\n|-damage|p2b: Ting-Lu|20\/100\n|faint|p2a: Amoonguss\n|-damage|p1a: Chi-Yu|19\/100|[from] item: Life Orb\n|move|p2b: Ting-Lu|Stomping Tantrum|p1a: Chi-Yu\n|-supereffective|p1a: Chi-Yu\n|-damage|p1a: Chi-Yu|0 fnt\n|faint|p1a: Chi-Yu\n|\n|upkeep\n|\n|t:|1683560851\n|switch|p1a: Flutter Mane|Flutter Mane, L50|100\/100 slp\n|switch|p2a: Gyarados|Gyarados, L50, F|100\/100\n|-ability|p2a: Gyarados|Intimidate|boost\n|-unboost|p1a: Flutter Mane|atk|1\n|-unboost|p1b: Iron Bundle|atk|1\n|turn|6\n|\n|t:|1683560871\n|move|p1b: Iron Bundle|Freeze-Dry|p2a: Gyarados\n|-supereffective|p2a: Gyarados\n|-damage|p2a: Gyarados|5\/100\n|-curestatus|p1a: Flutter Mane|slp|[msg]\n|move|p1a: Flutter Mane|Moonblast|p2b: Ting-Lu\n|-damage|p2b: Ting-Lu|0 fnt\n|faint|p2b: Ting-Lu\n|move|p2a: Gyarados|Waterfall|p1b: Iron Bundle\n|-damage|p1b: Iron Bundle|13\/100\n|\n|upkeep\n|-message|Elpan0 forfeited.\n|\n|win|pardosimmia\n|raw|pardosimmia's rating: 1366 → 1389<\/strong> (+23 for winning)\n|raw|Elpan0's rating: 1423 → 1400<\/strong> (-23 for losing)\n|l|\u2606Elpan0\n","uploadtime":1683560983,"views":14,"p1id":"pardosimmia","p2id":"elpan0","formatid":"gen9vgc2023regulationc","rating":1389,"private":0,"password":""}