{"id":"gen9vgc2023regulationc-1849091784","p1":"Jerry opatech","p2":"worny 104 4 life","format":"[Gen 9] VGC 2023 Regulation C","log":"|j|\u2606Jerry opatech\n|j|\u2606worny 104 4 life\n|t:|1682153707\n|gametype|doubles\n|player|p1|Jerry opatech|linebacker|1028\n|player|p2|worny 104 4 life|2|1092\n|teamsize|p1|6\n|teamsize|p2|6\n|gen|9\n|tier|[Gen 9] VGC 2023 Regulation C\n|rated|\n|rule|Species Clause: Limit one of each Pok\u00e9mon\n|rule|Item Clause: Limit one of each item\n|clearpoke\n|poke|p1|Glimmora, L50, M|\n|poke|p1|Ting-Lu, L50|\n|poke|p1|Wo-Chien, L50|\n|poke|p1|Grimmsnarl, L50, M|\n|poke|p1|Flutter Mane, L50|\n|poke|p1|Scovillain, L50, F|\n|poke|p2|Chi-Yu, L50|\n|poke|p2|Flutter Mane, L50|\n|poke|p2|Garchomp, L50, F|\n|poke|p2|Iron Hands, L50|\n|poke|p2|Dragonite, L50, M|\n|poke|p2|Abomasnow, L50, M|\n|teampreview|4\n|\n|t:|1682153745\n|start\n|switch|p1a: Glimmora|Glimmora, L50, M, shiny|100\/100\n|switch|p1b: Grimmsnarl|Grimmsnarl, L50, M|100\/100\n|switch|p2a: Chi-Yu|Chi-Yu, L50|100\/100\n|switch|p2b: Flutter Mane|Flutter Mane, L50|100\/100\n|-ability|p2a: Chi-Yu|Beads of Ruin\n|turn|1\n|\n|t:|1682153765\n|-terastallize|p2a: Chi-Yu|Ghost\n|move|p1b: Grimmsnarl|Fake Out|p2b: Flutter Mane\n|-immune|p2b: Flutter Mane\n|move|p2a: Chi-Yu|Heat Wave|p1b: Grimmsnarl|[spread] p1a\n|-miss|p2a: Chi-Yu|p1b: Grimmsnarl\n|-resisted|p1a: Glimmora\n|-damage|p1a: Glimmora|70\/100\n|-enditem|p1a: Glimmora|Red Card|[of] p2a: Chi-Yu\n|drag|p2a: Iron Hands|Iron Hands, L50, shiny|100\/100\n|move|p2b: Flutter Mane|Dazzling Gleam|p1a: Glimmora|[spread] p1a,p1b\n|-resisted|p1a: Glimmora\n|-supereffective|p1b: Grimmsnarl\n|-damage|p1a: Glimmora|43\/100\n|-damage|p1b: Grimmsnarl|7\/100\n|-enditem|p1b: Grimmsnarl|Aguav Berry|[eat]\n|-heal|p1b: Grimmsnarl|41\/100|[from] item: Aguav Berry\n|move|p1a: Glimmora|Mortal Spin|p2a: Iron Hands|[spread] p2a,p2b\n|-damage|p2a: Iron Hands|98\/100\n|-damage|p2b: Flutter Mane|91\/100\n|-status|p2a: Iron Hands|psn\n|-status|p2b: Flutter Mane|psn\n|\n|-damage|p2b: Flutter Mane|79\/100 psn|[from] psn\n|-damage|p2a: Iron Hands|85\/100 psn|[from] psn\n|upkeep\n|turn|2\n|\n|t:|1682153793\n|move|p1a: Glimmora|Spiky Shield|p1a: Glimmora\n|-singleturn|p1a: Glimmora|move: Protect\n|move|p2a: Iron Hands|Fake Out|p1a: Glimmora\n|-activate|p1a: Glimmora|move: Protect\n|-damage|p2a: Iron Hands|73\/100 psn|[from] Spiky Shield|[of] p1a: Glimmora\n|move|p1b: Grimmsnarl|Light Screen|p1b: Grimmsnarl\n|-sidestart|p1: Jerry opatech|move: Light Screen\n|move|p2b: Flutter Mane|Dazzling Gleam|p1b: Grimmsnarl|[spread] p1b\n|-activate|p1a: Glimmora|move: Protect\n|-supereffective|p1b: Grimmsnarl\n|-damage|p1b: Grimmsnarl|0 fnt\n|faint|p1b: Grimmsnarl\n|\n|-damage|p2b: Flutter Mane|67\/100 psn|[from] psn\n|-damage|p2a: Iron Hands|61\/100 psn|[from] psn\n|upkeep\n|\n|t:|1682153809\n|switch|p1b: Scovillain|Scovillain, L50, F|100\/100\n|turn|3\n|\n|t:|1682153828\n|-end|p2b: Flutter Mane|Protosynthesis|[silent]\n|switch|p2b: Chi-Yu|Chi-Yu, L50, tera:Ghost|100\/100\n|-ability|p2b: Chi-Yu|Beads of Ruin\n|move|p1a: Glimmora|Sludge Bomb|p2a: Iron Hands\n|-damage|p2a: Iron Hands|24\/100 psn\n|move|p1b: Scovillain|Leech Seed|p2a: Iron Hands\n|-start|p2a: Iron Hands|move: Leech Seed\n|move|p2a: Iron Hands|Close Combat|p1a: Glimmora\n|-damage|p1a: Glimmora|0 fnt\n|-unboost|p2a: Iron Hands|def|1\n|-unboost|p2a: Iron Hands|spd|1\n|-activate|p1a: Glimmora|ability: Toxic Debris\n|-sidestart|p2: worny 104 4 life|move: Toxic Spikes\n|faint|p1a: Glimmora\n|\n|-damage|p2a: Iron Hands|12\/100 psn|[from] Leech Seed|[of] p1b: Scovillain\n|-damage|p2a: Iron Hands|0 fnt|[from] psn\n|faint|p2a: Iron Hands\n|-end|p2a: Iron Hands|Quark Drive|[silent]\n|-ability|p1b: Scovillain|Moody|boost\n|-boost|p1b: Scovillain|spd|2\n|-unboost|p1b: Scovillain|spe|1\n|upkeep\n|\n|t:|1682153851\n|switch|p1a: Ting-Lu|Ting-Lu, L50|100\/100\n|switch|p2a: Flutter Mane|Flutter Mane, L50|67\/100 psn\n|-ability|p1a: Ting-Lu|Vessel of Ruin\n|turn|4\n|\n|t:|1682153888\n|move|p2b: Chi-Yu|Heat Wave|p1b: Scovillain|[spread] p1a,p1b\n|-damage|p1a: Ting-Lu|84\/100\n|-damage|p1b: Scovillain|84\/100\n|move|p2a: Flutter Mane|Dazzling Gleam|p1b: Scovillain|[spread] p1a,p1b\n|-supereffective|p1a: Ting-Lu\n|-resisted|p1b: Scovillain\n|-damage|p1a: Ting-Lu|49\/100\n|-damage|p1b: Scovillain|75\/100\n|-enditem|p1a: Ting-Lu|Sitrus Berry|[eat]\n|-heal|p1a: Ting-Lu|73\/100|[from] item: Sitrus Berry\n|move|p1a: Ting-Lu|Ruination|p2b: Chi-Yu\n|-damage|p2b: Chi-Yu|50\/100\n|move|p1b: Scovillain|Leech Seed|p2b: Chi-Yu\n|-start|p2b: Chi-Yu|move: Leech Seed\n|\n|-heal|p1b: Scovillain|81\/100|[from] item: Leftovers\n|-damage|p2b: Chi-Yu|38\/100|[from] Leech Seed|[of] p1b: Scovillain\n|-heal|p1b: Scovillain|90\/100|[silent]\n|-damage|p2a: Flutter Mane|55\/100 psn|[from] psn\n|-ability|p1b: Scovillain|Moody|boost\n|-boost|p1b: Scovillain|spd|2\n|-unboost|p1b: Scovillain|spa|1\n|upkeep\n|turn|5\n|\n|t:|1682153912\n|move|p1a: Ting-Lu|Protect|p1a: Ting-Lu\n|-singleturn|p1a: Ting-Lu|Protect\n|move|p2b: Chi-Yu|Heat Wave|p1b: Scovillain|[spread] p1b\n|-activate|p1a: Ting-Lu|move: Protect\n|-damage|p1b: Scovillain|80\/100\n|move|p2a: Flutter Mane|Dazzling Gleam|p1b: Scovillain|[spread] p1b\n|-activate|p1a: Ting-Lu|move: Protect\n|-resisted|p1b: Scovillain\n|-damage|p1b: Scovillain|74\/100\n|move|p1b: Scovillain|Leech Seed|p2a: Flutter Mane|[miss]\n|-miss|p1b: Scovillain|p2a: Flutter Mane\n|\n|-heal|p1b: Scovillain|80\/100|[from] item: Leftovers\n|-damage|p2b: Chi-Yu|26\/100|[from] Leech Seed|[of] p1b: Scovillain\n|-heal|p1b: Scovillain|89\/100|[silent]\n|-damage|p2a: Flutter Mane|42\/100 psn|[from] psn\n|-ability|p1b: Scovillain|Moody|boost\n|-boost|p1b: Scovillain|spa|2\n|-unboost|p1b: Scovillain|atk|1\n|upkeep\n|turn|6\n|\n|t:|1682153941\n|-terastallize|p1a: Ting-Lu|Poison\n|move|p2b: Chi-Yu|Heat Wave|p1b: Scovillain|[spread] p1a,p1b\n|-crit|p1a: Ting-Lu\n|-damage|p1a: Ting-Lu|37\/100\n|-damage|p1b: Scovillain|79\/100\n|move|p2a: Flutter Mane|Dazzling Gleam|p1b: Scovillain|[spread] p1a,p1b\n|-resisted|p1a: Ting-Lu\n|-resisted|p1b: Scovillain\n|-damage|p1a: Ting-Lu|28\/100\n|-damage|p1b: Scovillain|73\/100\n|move|p1a: Ting-Lu|Ruination|p2a: Flutter Mane\n|-damage|p2a: Flutter Mane|22\/100 psn\n|move|p1b: Scovillain|Leech Seed|p2a: Flutter Mane\n|-start|p2a: Flutter Mane|move: Leech Seed\n|\n|-heal|p1b: Scovillain|79\/100|[from] item: Leftovers\n|-damage|p2b: Chi-Yu|14\/100|[from] Leech Seed|[of] p1b: Scovillain\n|-heal|p1b: Scovillain|88\/100|[silent]\n|-damage|p2a: Flutter Mane|10\/100 psn|[from] Leech Seed|[of] p1b: Scovillain\n|-heal|p1b: Scovillain|98\/100|[silent]\n|-damage|p2a: Flutter Mane|0 fnt|[from] psn\n|faint|p2a: Flutter Mane\n|-end|p2a: Flutter Mane|Protosynthesis|[silent]\n|-sideend|p1: Jerry opatech|move: Light Screen\n|-ability|p1b: Scovillain|Moody|boost\n|-boost|p1b: Scovillain|spa|2\n|-unboost|p1b: Scovillain|def|1\n|upkeep\n|\n|t:|1682153962\n|switch|p2a: Garchomp|Garchomp, L50, F|100\/100\n|-status|p2a: Garchomp|psn\n|turn|7\n|\n|t:|1682153976\n|move|p1b: Scovillain|Protect|p1b: Scovillain\n|-singleturn|p1b: Scovillain|Protect\n|move|p2b: Chi-Yu|Heat Wave|p1b: Scovillain|[spread] p1a\n|-activate|p1b: Scovillain|move: Protect\n|-damage|p1a: Ting-Lu|4\/100\n|move|p2a: Garchomp|Swords Dance|p2a: Garchomp\n|-boost|p2a: Garchomp|atk|2\n|move|p1a: Ting-Lu|Ruination|p2a: Garchomp\n|-damage|p2a: Garchomp|51\/100 psn\n|\n|-heal|p1b: Scovillain|100\/100|[from] item: Leftovers\n|-damage|p2b: Chi-Yu|1\/100|[from] Leech Seed|[of] p1b: Scovillain\n|-damage|p2a: Garchomp|39\/100 psn|[from] psn\n|-ability|p1b: Scovillain|Moody|boost\n|-boost|p1b: Scovillain|spe|2\n|-unboost|p1b: Scovillain|atk|1\n|upkeep\n|turn|8\n|\n|t:|1682154030\n|move|p1b: Scovillain|Protect|p1b: Scovillain\n|-singleturn|p1b: Scovillain|Protect\n|move|p1a: Ting-Lu|Protect|p1a: Ting-Lu\n|-singleturn|p1a: Ting-Lu|Protect\n|move|p2b: Chi-Yu|Heat Wave|p1a: Ting-Lu|[spread] \n|-activate|p1a: Ting-Lu|move: Protect\n|-activate|p1b: Scovillain|move: Protect\n|move|p2a: Garchomp|Earthquake|p1b: Scovillain|[spread] p2b\n|-activate|p1a: Ting-Lu|move: Protect\n|-activate|p1b: Scovillain|move: Protect\n|-damage|p2b: Chi-Yu|0 fnt\n|faint|p2b: Chi-Yu\n|-damage|p2a: Garchomp|29\/100 psn|[from] item: Life Orb\n|\n|-damage|p2a: Garchomp|17\/100 psn|[from] psn\n|-ability|p1b: Scovillain|Moody|boost\n|-boost|p1b: Scovillain|spe|2\n|-unboost|p1b: Scovillain|spd|1\n|upkeep\n|turn|9\n|\n|t:|1682154061\n|move|p1b: Scovillain|Flamethrower|p2a: Garchomp\n|-resisted|p2a: Garchomp\n|-crit|p2a: Garchomp\n|-damage|p2a: Garchomp|0 fnt\n|faint|p2a: Garchomp\n|\n|win|Jerry opatech\n|raw|Jerry opatech's rating: 1028 → 1070<\/strong> (+42 for winning)\n|raw|worny 104 4 life's rating: 1092 → 1064<\/strong> (-28 for losing)\n|l|\u2606worny 104 4 life\n","uploadtime":1682154116,"views":6,"p1id":"jerryopatech","p2id":"worny1044life","formatid":"gen9vgc2023regulationc","rating":1064,"private":0,"password":""}