{"id":"gen9vgc2023regulationc-1855394357","p1":"sahabatgomba","p2":"Aldrich DL","format":"[Gen 9] VGC 2023 Regulation C","log":"|j|\u2606sahabatgomba\n|j|\u2606Aldrich DL\n|t:|1682947018\n|gametype|doubles\n|player|p1|sahabatgomba|tuber|\n|player|p2|Aldrich DL|richboy-gen6|\n|teamsize|p1|6\n|teamsize|p2|6\n|gen|9\n|tier|[Gen 9] VGC 2023 Regulation C\n|rule|Species Clause: Limit one of each Pok\u00e9mon\n|rule|Item Clause: Limit one of each item\n|clearpoke\n|poke|p1|Gholdengo, L50|\n|poke|p1|Azumarill, L50, M|\n|poke|p1|Armarouge, L50, F|\n|poke|p1|Ceruledge, L50, M|\n|poke|p1|Arcanine, L50, M|\n|poke|p1|Indeedee-F, L50, F|\n|poke|p2|Armarouge, L50, F|\n|poke|p2|Dragapult, L50, M|\n|poke|p2|Rotom-Wash, L50|\n|poke|p2|Indeedee-F, L50, F|\n|poke|p2|Ceruledge, L50, F|\n|poke|p2|Hawlucha, L50, M|\n|teampreview|4\n|c|\u2606sahabatgomba|GAME DUA\n|c|\u2606Aldrich DL|gaperlu 3 la lu dah menang disini\n|j| Bullish21\n|c|\u2606sahabatgomba|GW KALAH\n|c|\u2606sahabatgomba|gaskan.com\nAldrich DL has agreed to open team sheets.\n|\n|t:|1682947543\n|start\n|switch|p1a: Arcanine|Arcanine, L50, M|100\/100\n|switch|p1b: Armarouge|Armarouge, L50, F|100\/100\n|switch|p2a: c|Ceruledge, L50, F|100\/100\n|switch|p2b: a|Armarouge, L50, F|100\/100\n|-ability|p1a: Arcanine|Intimidate|boost\n|-fail|p2a: c|unboost|[from] item: Clear Amulet|[of] p2a: c\n|-unboost|p2b: a|atk|1\n|turn|1\n|\n|t:|1682947584\n|-terastallize|p2a: c|Steel\n|move|p2a: c|Shadow Sneak|p2b: a\n|-supereffective|p2b: a\n|-damage|p2b: a|55\/100\n|-ability|p2b: a|Weak Armor|boost\n|-unboost|p2b: a|def|1\n|-boost|p2b: a|spe|2\n|-enditem|p2b: a|Weakness Policy\n|-boost|p2b: a|atk|2|[from] item: Weakness Policy\n|-boost|p2b: a|spa|2|[from] item: Weakness Policy\n|move|p2b: a|Stored Power|p1a: Arcanine\n|-damage|p1a: Arcanine|0 fnt\n|faint|p1a: Arcanine\n|move|p1b: Armarouge|Stored Power|p2a: c\n|-resisted|p2a: c\n|-damage|p2a: c|96\/100\n|\n|upkeep\n|c|\u2606sahabatgomba|yadonk\n|\n|t:|1682947607\n|switch|p1a: Azumarill|Azumarill, L50, M|100\/100\n|turn|2\n|\n|t:|1682947617\n|switch|p2a: i|Indeedee-F, L50, F|100\/100\n|-fieldstart|move: Psychic Terrain|[from] ability: Psychic Surge|[of] p2a: i\n|move|p2b: a|Expanding Force|p1b: Armarouge|[spread] p1a,p1b\n|-resisted|p1b: Armarouge\n|-damage|p1a: Azumarill|16\/100\n|-damage|p1b: Armarouge|14\/100\n|move|p1a: Azumarill|Brick Break|p2a: i\n|-damage|p2a: i|65\/100\n|move|p1b: Armarouge|Trick Room|p1b: Armarouge\n|-fieldstart|move: Trick Room|[of] p1b: Armarouge\n|\n|upkeep\n|turn|3\n|\n|t:|1682947636\n|-terastallize|p1b: Armarouge|Dark\n|move|p1a: Azumarill|Liquidation|p2b: a\n|-supereffective|p2b: a\n|-damage|p2b: a|0 fnt\n|faint|p2b: a\n|move|p2a: i|Psychic|p1b: Armarouge\n|-immune|p1b: Armarouge\n|move|p1b: Armarouge|Heat Wave|p2a: i\n|-damage|p2a: i|16\/100\n|-enditem|p2a: i|Aguav Berry|[eat]\n|-heal|p2a: i|50\/100|[from] item: Aguav Berry\n|\n|upkeep\n|\n|t:|1682947643\n|switch|p2b: c|Ceruledge, L50, F, tera:Steel|96\/100\n|turn|4\n|c|\u2606sahabatgomba|gantenk kan\n|c|\u2606Aldrich DL|gtg\n|\n|t:|1682947684\n|move|p1a: Azumarill|Brick Break|p2b: c\n|-supereffective|p2b: c\n|-damage|p2b: c|23\/100\n|move|p2a: i|Psychic|p1a: Azumarill\n|-damage|p1a: Azumarill|0 fnt\n|faint|p1a: Azumarill\n|move|p2b: c|Bitter Blade|p1b: Armarouge\n|-damage|p1b: Armarouge|0 fnt\n|-heal|p2b: c|29\/100|[from] drain|[of] p1b: Armarouge\n|faint|p1b: Armarouge\n|\n|upkeep\n|\n|t:|1682947688\n|switch|p1b: Gholdengo|Gholdengo, L50|100\/100\n|turn|5\n|\n|t:|1682947701\n|move|p2a: i|Follow Me|p2a: i\n|-singleturn|p2a: i|move: Follow Me\n|move|p2b: c|Bitter Blade|p1b: Gholdengo\n|-supereffective|p1b: Gholdengo\n|-damage|p1b: Gholdengo|22\/100\n|-heal|p2b: c|70\/100|[from] drain|[of] p1b: Gholdengo\n|move|p1b: Gholdengo|Make It Rain|p2b: c|[spread] p2a,p2b\n|-resisted|p2b: c\n|-damage|p2a: i|0 fnt\n|-damage|p2b: c|46\/100\n|-unboost|p1b: Gholdengo|spa|1\n|faint|p2a: i\n|-damage|p1b: Gholdengo|12\/100|[from] item: Life Orb\n|\n|upkeep\n|\n|t:|1682947711\n|switch|p2a: h|Hawlucha, L50, M|100\/100\n|-enditem|p2a: h|Psychic Seed\n|-boost|p2a: h|spd|1|[from] item: Psychic Seed\n|turn|6\n|\n|t:|1682947716\n|move|p2b: c|Bitter Blade|p1b: Gholdengo\n|-supereffective|p1b: Gholdengo\n|-damage|p1b: Gholdengo|0 fnt\n|-heal|p2b: c|52\/100|[from] drain|[of] p1b: Gholdengo\n|faint|p1b: Gholdengo\n|\n|win|Aldrich DL\n|c|\u2606sahabatgomba|GG T_T\n|c|\u2606Aldrich DL|gg\n|c| Bullish21|bagi lnk 3 haha\n|c| Bullish21|nice2\n|c|\u2606sahabatgomba|https:\/\/play.pokemonshowdown.com\/battle-gen9vgc2023regulationc-1855394801\n|l| Bullish21\n|l|\u2606sahabatgomba\n","uploadtime":1682948054,"views":21,"p1id":"sahabatgomba","p2id":"aldrichdl","formatid":"gen9vgc2023regulationc","rating":0,"private":0,"password":""}