{"id":"gen9vgc2023regulationc-1858354555","p1":"PedroGB512","p2":"Slackermaru","format":"[Gen 9] VGC 2023 Regulation C","log":"|j|\u2606PedroGB512\n|j|\u2606Slackermaru\n|t:|1683304709\n|gametype|doubles\n|player|p1|PedroGB512|lucas-gen4pt|1516\n|player|p2|Slackermaru|169|1501\n|teamsize|p1|6\n|teamsize|p2|6\n|gen|9\n|tier|[Gen 9] VGC 2023 Regulation C\n|rated|\n|rule|Species Clause: Limit one of each Pok\u00e9mon\n|rule|Item Clause: Limit one of each item\n|clearpoke\n|poke|p1|Murkrow, L50, F|\n|poke|p1|Chi-Yu, L50|\n|poke|p1|Flutter Mane, L50|\n|poke|p1|Great Tusk, L50|\n|poke|p1|Brute Bonnet, L50|\n|poke|p1|Corviknight, L50, F|\n|poke|p2|Palafin, L50, M|\n|poke|p2|Amoonguss, L50, F|\n|poke|p2|Arcanine, L50, F|\n|poke|p2|Iron Bundle, L50|\n|poke|p2|Baxcalibur, L50, F|\n|poke|p2|Ting-Lu, L50|\n|teampreview|4\nSlackermaru has agreed to open team sheets.\n|inactive|Battle timer is ON: inactive players will automatically lose when time's up. (requested by PedroGB512)\nPedroGB512 has agreed to open team sheets.\n|inactive|PedroGB512 has 60 seconds left.\n|inactive|Slackermaru has 60 seconds left.\n|\n|t:|1683304752\n|start\n|switch|p1a: Corviknight|Corviknight, L50, F|100\/100\n|switch|p1b: Great Tusk|Great Tusk, L50|100\/100\n|switch|p2a: Arcanine|Arcanine, L50, F|100\/100\n|switch|p2b: Iron Bundle|Iron Bundle, L50|100\/100\n|-ability|p2a: Arcanine|Intimidate|boost\n|-ability|p1a: Corviknight|Mirror Armor\n|-unboost|p2a: Arcanine|atk|1\n|-unboost|p1b: Great Tusk|atk|1\n|turn|1\n|inactive|Slackermaru has 30 seconds left.\n|\n|t:|1683304785\n|-terastallize|p1b: Great Tusk|Steel\n|move|p2b: Iron Bundle|Protect|p2b: Iron Bundle\n|-singleturn|p2b: Iron Bundle|Protect\n|move|p2a: Arcanine|Protect|p2a: Arcanine\n|-singleturn|p2a: Arcanine|Protect\n|move|p1b: Great Tusk|Earthquake|p2a: Arcanine|[spread] \n|-activate|p2a: Arcanine|move: Protect\n|-activate|p2b: Iron Bundle|move: Protect\n|-immune|p1a: Corviknight\n|move|p1a: Corviknight|Brave Bird|p2b: Iron Bundle\n|-activate|p2b: Iron Bundle|move: Protect\n|\n|upkeep\n|turn|2\n|inactive|Slackermaru has 30 seconds left.\n|\n|t:|1683304816\n|-end|p1b: Great Tusk|Protosynthesis|[silent]\n|switch|p1b: Flutter Mane|Flutter Mane, L50|100\/100\n|-terastallize|p2a: Arcanine|Flying\n|move|p2b: Iron Bundle|Hydro Pump|p1a: Corviknight\n|-damage|p1a: Corviknight|36\/100\n|move|p2a: Arcanine|Flare Blitz|p1b: Flutter Mane\n|-damage|p1b: Flutter Mane|42\/100\n|-damage|p2a: Arcanine|87\/100|[from] Recoil\n|move|p1a: Corviknight|Brave Bird|p2b: Iron Bundle\n|-damage|p2b: Iron Bundle|4\/100\n|-damage|p1a: Corviknight|14\/100|[from] Recoil\n|\n|upkeep\n|turn|3\n|\n|t:|1683304834\n|move|p2b: Iron Bundle|Freeze-Dry|p1b: Flutter Mane\n|-damage|p1b: Flutter Mane|7\/100\n|move|p1b: Flutter Mane|Dazzling Gleam|p2a: Arcanine|[spread] p2a,p2b\n|-damage|p2a: Arcanine|37\/100\n|-damage|p2b: Iron Bundle|0 fnt\n|-enditem|p2a: Arcanine|Sitrus Berry|[eat]\n|-heal|p2a: Arcanine|62\/100|[from] item: Sitrus Berry\n|faint|p2b: Iron Bundle\n|-end|p2b: Iron Bundle|Quark Drive|[silent]\n|move|p2a: Arcanine|Flare Blitz|p1a: Corviknight\n|-supereffective|p1a: Corviknight\n|-damage|p1a: Corviknight|0 fnt\n|faint|p1a: Corviknight\n|-damage|p2a: Arcanine|58\/100|[from] Recoil\n|\n|upkeep\n|\n|t:|1683304849\n|switch|p2b: Palafin|Palafin, L50, M|100\/100\n|switch|p1a: Great Tusk|Great Tusk, L50, tera:Steel|100\/100\n|turn|4\n|\n|t:|1683304861\n|-end|p1b: Flutter Mane|Protosynthesis|[silent]\n|switch|p1b: Brute Bonnet|Brute Bonnet, L50|100\/100\n|detailschange|p2b: Palafin|Palafin-Hero, L50, M\n|switch|p2b: Ting-Lu|Ting-Lu, L50|100\/100\n|-ability|p2b: Ting-Lu|Vessel of Ruin\n|move|p1a: Great Tusk|Rock Slide|p2b: Ting-Lu|[spread] p2b\n|-miss|p1a: Great Tusk|p2a: Arcanine\n|-resisted|p2b: Ting-Lu\n|-damage|p2b: Ting-Lu|94\/100\n|move|p2a: Arcanine|Will-O-Wisp|p1a: Great Tusk\n|-status|p1a: Great Tusk|brn\n|\n|-damage|p1a: Great Tusk|95\/100 brn|[from] brn\n|upkeep\n|turn|5\n|inactive|Slackermaru has 30 seconds left.\n|\n|t:|1683304886\n|switch|p2a: Palafin|Palafin-Hero, L50, M|100\/100\n|-activate|p2a: Palafin|ability: Zero to Hero\n|-end|p1b: Brute Bonnet|Protosynthesis|[silent]\n|switch|p1b: Flutter Mane|Flutter Mane, L50|7\/100\n|move|p1a: Great Tusk|Rock Slide|p2b: Ting-Lu|[spread] p2a,p2b\n|-resisted|p2b: Ting-Lu\n|-damage|p2a: Palafin|92\/100\n|-damage|p2b: Ting-Lu|91\/100\n|cant|p2b: Ting-Lu|flinch\n|\n|-damage|p1a: Great Tusk|89\/100 brn|[from] brn\n|upkeep\n|turn|6\n|inactive|PedroGB512 has 30 seconds left.\n|\n|t:|1683304912\n|move|p2a: Palafin|Jet Punch|p1b: Flutter Mane\n|-crit|p1b: Flutter Mane\n|-damage|p1b: Flutter Mane|0 fnt\n|faint|p1b: Flutter Mane\n|-end|p1b: Flutter Mane|Protosynthesis|[silent]\n|move|p1a: Great Tusk|Rock Slide|p2b: Ting-Lu|[spread] p2a,p2b\n|-resisted|p2b: Ting-Lu\n|-damage|p2a: Palafin|81\/100\n|-damage|p2b: Ting-Lu|88\/100\n|cant|p2b: Ting-Lu|flinch\n|\n|-damage|p1a: Great Tusk|83\/100 brn|[from] brn\n|upkeep\n|\n|t:|1683304915\n|switch|p1b: Brute Bonnet|Brute Bonnet, L50|100\/100\n|turn|7\n|\n|t:|1683304940\n|switch|p2a: Arcanine|Arcanine, L50, F, tera:Flying|58\/100\n|-ability|p2a: Arcanine|Intimidate|boost\n|-unboost|p1a: Great Tusk|atk|1\n|-unboost|p1b: Brute Bonnet|atk|1\n|move|p1a: Great Tusk|Rock Slide|p2a: Arcanine|[spread] p2a,p2b\n|-supereffective|p2a: Arcanine\n|-resisted|p2b: Ting-Lu\n|-damage|p2a: Arcanine|42\/100\n|-damage|p2b: Ting-Lu|86\/100\n|move|p1b: Brute Bonnet|Spore|p2b: Ting-Lu\n|-status|p2b: Ting-Lu|slp|[from] move: Spore\n|cant|p2b: Ting-Lu|slp\n|\n|-damage|p1a: Great Tusk|77\/100 brn|[from] brn\n|upkeep\n|turn|8\n|\n|t:|1683304961\n|move|p1a: Great Tusk|Rock Slide|p2b: Ting-Lu|[spread] p2a,p2b\n|-supereffective|p2a: Arcanine\n|-resisted|p2b: Ting-Lu\n|-damage|p2a: Arcanine|26\/100\n|-damage|p2b: Ting-Lu|84\/100 slp\n|cant|p2a: Arcanine|flinch\n|move|p1b: Brute Bonnet|Bullet Seed|p2a: Arcanine\n|-resisted|p2a: Arcanine\n|-damage|p2a: Arcanine|20\/100\n|-resisted|p2a: Arcanine\n|-damage|p2a: Arcanine|15\/100\n|-resisted|p2a: Arcanine\n|-damage|p2a: Arcanine|10\/100\n|-resisted|p2a: Arcanine\n|-damage|p2a: Arcanine|5\/100\n|-resisted|p2a: Arcanine\n|-damage|p2a: Arcanine|0 fnt\n|faint|p2a: Arcanine\n|-hitcount|p2: Arcanine|5\n|cant|p2b: Ting-Lu|slp\n|\n|-damage|p1a: Great Tusk|72\/100 brn|[from] brn\n|upkeep\n|\n|t:|1683304978\n|switch|p2a: Palafin|Palafin-Hero, L50, M|81\/100\n|turn|9\n|\n|t:|1683304992\n|move|p1a: Great Tusk|Rock Slide|p2a: Palafin|[spread] p2a,p2b\n|-resisted|p2b: Ting-Lu\n|-damage|p2a: Palafin|75\/100\n|-damage|p2b: Ting-Lu|82\/100 slp\n|move|p2a: Palafin|Wave Crash|p1a: Great Tusk\n|-damage|p1a: Great Tusk|14\/100 brn\n|-damage|p2a: Palafin|56\/100|[from] Recoil\n|move|p1b: Brute Bonnet|Bullet Seed|p2a: Palafin\n|-supereffective|p2a: Palafin\n|-damage|p2a: Palafin|38\/100\n|-supereffective|p2a: Palafin\n|-damage|p2a: Palafin|20\/100\n|-supereffective|p2a: Palafin\n|-damage|p2a: Palafin|1\/100\n|-supereffective|p2a: Palafin\n|-damage|p2a: Palafin|0 fnt\n|faint|p2a: Palafin\n|-hitcount|p2: Palafin|4\n|-curestatus|p2b: Ting-Lu|slp|[msg]\n|move|p2b: Ting-Lu|Ruination|p1b: Brute Bonnet\n|-damage|p1b: Brute Bonnet|50\/100\n|\n|-damage|p1a: Great Tusk|8\/100 brn|[from] brn\n|upkeep\n|turn|10\n|\n|t:|1683305016\n|move|p1a: Great Tusk|Rock Slide|p2b: Ting-Lu\n|-resisted|p2b: Ting-Lu\n|-damage|p2b: Ting-Lu|80\/100\n|move|p1b: Brute Bonnet|Spore|p2b: Ting-Lu\n|-status|p2b: Ting-Lu|slp|[from] move: Spore\n|cant|p2b: Ting-Lu|slp\n|\n|-damage|p1a: Great Tusk|2\/100 brn|[from] brn\n|upkeep\n|turn|11\n|\n|t:|1683305027\n|move|p1a: Great Tusk|Rock Slide|p2b: Ting-Lu\n|-resisted|p2b: Ting-Lu\n|-damage|p2b: Ting-Lu|77\/100 slp\n|move|p1b: Brute Bonnet|Bullet Seed|p2b: Ting-Lu\n|-supereffective|p2b: Ting-Lu\n|-damage|p2b: Ting-Lu|66\/100 slp\n|-supereffective|p2b: Ting-Lu\n|-damage|p2b: Ting-Lu|55\/100 slp\n|-supereffective|p2b: Ting-Lu\n|-damage|p2b: Ting-Lu|43\/100 slp\n|-supereffective|p2b: Ting-Lu\n|-damage|p2b: Ting-Lu|32\/100 slp\n|-supereffective|p2b: Ting-Lu\n|-damage|p2b: Ting-Lu|21\/100 slp\n|-hitcount|p2b: Ting-Lu|5\n|cant|p2b: Ting-Lu|slp\n|\n|-damage|p1a: Great Tusk|0 fnt|[from] brn\n|faint|p1a: Great Tusk\n|-end|p1a: Great Tusk|Protosynthesis|[silent]\n|upkeep\n|turn|12\n|-message|Slackermaru forfeited.\n|\n|win|PedroGB512\n|raw|PedroGB512's rating: 1516 → 1535<\/strong> (+19 for winning)\n|raw|Slackermaru's rating: 1501 → 1482<\/strong> (-19 for losing)\n|l|\u2606Slackermaru\n|l|\u2606PedroGB512\n","uploadtime":1683305138,"views":14,"p1id":"pedrogb512","p2id":"slackermaru","formatid":"gen9vgc2023regulationc","rating":1482,"private":0,"password":""}