{"id":"gen9vgc2023regulationc-1858065105","p1":"deadenne","p2":"carlospe1205","format":"[Gen 9] VGC 2023 Regulation C","log":"|j|\u2606deadenne\n|j|\u2606carlospe1205\n|t:|1683269621\n|gametype|doubles\n|player|p1|deadenne|ghetsis-gen5bw|1088\n|player|p2|carlospe1205|bugsy|1036\n|teamsize|p1|6\n|teamsize|p2|6\n|gen|9\n|tier|[Gen 9] VGC 2023 Regulation C\n|rated|\n|rule|Species Clause: Limit one of each Pok\u00e9mon\n|rule|Item Clause: Limit one of each item\n|clearpoke\n|poke|p1|Iron Bundle, L50|\n|poke|p1|Flutter Mane, L50|\n|poke|p1|Palafin, L50, M|\n|poke|p1|Indeedee-F, L50, F|\n|poke|p1|Armarouge, L50, M|\n|poke|p1|Hydreigon, L50, M|\n|poke|p2|Baxcalibur, L50, M|\n|poke|p2|Talonflame, L50, F|\n|poke|p2|Amoonguss, L50, M|\n|poke|p2|Grimmsnarl, L50, M|\n|poke|p2|Flutter Mane, L50|\n|poke|p2|Chi-Yu, L50|\n|teampreview|4\n|\n|t:|1683269700\n|start\n|switch|p1a: Rem|Indeedee-F, L50, F|100\/100\n|switch|p1b: Metroid|Armarouge, L50, M|100\/100\n|switch|p2a: Krompus|Grimmsnarl, L50, M|100\/100\n|switch|p2b: AMOGUS|Amoonguss, L50, M|100\/100\n|-fieldstart|move: Psychic Terrain|[from] ability: Psychic Surge|[of] p1a: Rem\n|-enditem|p1a: Rem|Psychic Seed\n|-boost|p1a: Rem|spd|1|[from] item: Psychic Seed\n|turn|1\n|inactive|Battle timer is ON: inactive players will automatically lose when time's up. (requested by deadenne)\n|\n|t:|1683269714\n|switch|p2b: Luz|Chi-Yu, L50|100\/100\n|-ability|p2b: Luz|Beads of Ruin\n|-terastallize|p1b: Metroid|Grass\n|move|p1a: Rem|Helping Hand|p1b: Metroid\n|-singleturn|p1b: Metroid|Helping Hand|[of] p1a: Rem\n|move|p2a: Krompus|Light Screen|p2a: Krompus\n|-sidestart|p2: carlospe1205|move: Light Screen\n|move|p1b: Metroid|Heat Wave|p2a: Krompus|[spread] p2a,p2b\n|-resisted|p2b: Luz\n|-damage|p2a: Krompus|6\/100\n|-damage|p2b: Luz|78\/100\n|-status|p2a: Krompus|brn\n|-damage|p1b: Metroid|90\/100|[from] item: Life Orb\n|\n|-damage|p2a: Krompus|0 fnt|[from] brn\n|faint|p2a: Krompus\n|upkeep\n|\n|t:|1683269725\n|switch|p2a: Miko|Flutter Mane, L50|100\/100\n|-enditem|p2a: Miko|Booster Energy\n|-activate|p2a: Miko|ability: Protosynthesis|[fromitem]\n|-start|p2a: Miko|protosynthesisspa\n|turn|2\n|\n|t:|1683269749\n|move|p2a: Miko|Protect|p2a: Miko\n|-singleturn|p2a: Miko|Protect\n|move|p1b: Metroid|Protect|p1b: Metroid\n|-singleturn|p1b: Metroid|Protect\n|move|p2b: Luz|Nasty Plot|p2b: Luz\n|-boost|p2b: Luz|spa|2\n|move|p1a: Rem|Trick Room|p1a: Rem\n|-fieldstart|move: Trick Room|[of] p1a: Rem\n|\n|upkeep\n|turn|3\n|\n|t:|1683269769\n|move|p1a: Rem|Follow Me|p1a: Rem\n|-singleturn|p1a: Rem|move: Follow Me\n|move|p1b: Metroid|Expanding Force|p2b: Luz|[spread] p2a\n|-immune|p2b: Luz\n|-damage|p2a: Miko|23\/100\n|-damage|p1b: Metroid|80\/100|[from] item: Life Orb\n|move|p2b: Luz|Dark Pulse|p1a: Rem\n|-supereffective|p1a: Rem\n|-damage|p1a: Rem|0 fnt\n|faint|p1a: Rem\n|-damage|p2b: Luz|68\/100|[from] item: Life Orb\n|move|p2a: Miko|Moonblast|p1b: Metroid\n|-damage|p1b: Metroid|0 fnt\n|faint|p1b: Metroid\n|\n|upkeep\n|\n|t:|1683269780\n|switch|p1a: Pingu|Iron Bundle, L50|100\/100\n|switch|p1b: Amidamaru|Flutter Mane, L50|100\/100\n|-enditem|p1a: Pingu|Booster Energy\n|-activate|p1a: Pingu|ability: Quark Drive|[fromitem]\n|-start|p1a: Pingu|quarkdrivespe\n|turn|4\n|\n|t:|1683269794\n|move|p2a: Miko|Protect|p2a: Miko\n|-singleturn|p2a: Miko|Protect\n|move|p2b: Luz|Heat Wave|p1a: Pingu|[spread] p1a,p1b\n|-crit|p1a: Pingu\n|-damage|p1a: Pingu|0 fnt\n|-enditem|p1b: Amidamaru|Focus Sash\n|-damage|p1b: Amidamaru|1\/100\n|faint|p1a: Pingu\n|-end|p1a: Pingu|Quark Drive|[silent]\n|-damage|p2b: Luz|59\/100|[from] item: Life Orb\n|move|p1b: Amidamaru|Dazzling Gleam|p2a: Miko|[spread] p2b\n|-activate|p2a: Miko|move: Protect\n|-damage|p2b: Luz|36\/100\n|\n|upkeep\n|turn|5\n|-message|deadenne forfeited.\n|\n|win|carlospe1205\n|raw|deadenne's rating: 1088 → 1061<\/strong> (-27 for losing)\n|raw|carlospe1205's rating: 1036 → 1076<\/strong> (+40 for winning)\n|l|\u2606deadenne\n","uploadtime":1683269808,"views":7,"p1id":"deadenne","p2id":"carlospe1205","formatid":"gen9vgc2023regulationc","rating":1061,"private":0,"password":""}