{"id":"gen9vgc2023regulationc-1846460079","p1":"panzerinoo","p2":"Foxtrot.098","format":"[Gen 9] VGC 2023 Regulation C","log":"|j|\u2606panzerinoo\n|j|\u2606Foxtrot.098\n|t:|1681842648\n|gametype|doubles\n|player|p1|panzerinoo|101|1077\n|player|p2|Foxtrot.098|bruno|1155\n|teamsize|p1|6\n|teamsize|p2|6\n|gen|9\n|tier|[Gen 9] VGC 2023 Regulation C\n|rated|\n|rule|Species Clause: Limit one of each Pok\u00e9mon\n|rule|Item Clause: Limit one of each item\n|clearpoke\n|poke|p1|Palafin, L50, F|\n|poke|p1|Chien-Pao, L50|\n|poke|p1|Dragonite, L50, M|\n|poke|p1|Amoonguss, L50, F|\n|poke|p1|Arcanine, L50, F|\n|poke|p1|Flutter Mane, L50|\n|poke|p2|Palafin, L50, M|\n|poke|p2|Chien-Pao, L50|\n|poke|p2|Dragapult, L50, F|\n|poke|p2|Amoonguss, L50, F|\n|poke|p2|Arcanine, L50, M|\n|poke|p2|Flutter Mane, L50|\n|teampreview|4\n|inactive|Battle timer is ON: inactive players will automatically lose when time's up. (requested by Foxtrot.098)\npanzerinoo rejected open team sheets.\n|inactive|Foxtrot.098 has 60 seconds left.\n|\n|t:|1681842681\n|start\n|switch|p1a: Bundle|Chien-Pao, L50|100\/100\n|switch|p1b: Palafin|Palafin, L50, F|100\/100\n|switch|p2a: Dnite|Dragapult, L50, F|100\/100\n|switch|p2b: Dozo|Palafin, L50, M|100\/100\n|-ability|p1a: Bundle|Sword of Ruin\n|turn|1\n|\n|t:|1681842699\n|switch|p1a: ChiYu|Arcanine, L50, F|100\/100\n|-ability|p1a: ChiYu|Intimidate|boost\n|-fail|p2a: Dnite|unboost|[from] ability: Clear Body|[of] p2a: Dnite\n|-unboost|p2b: Dozo|atk|1\n|detailschange|p1b: Palafin|Palafin-Hero, L50, F\n|switch|p1b: WoChien|Amoonguss, L50, F|100\/100\n|-terastallize|p2a: Dnite|Steel\n|move|p2b: Dozo|Jet Punch|p1a: ChiYu\n|-supereffective|p1a: ChiYu\n|-damage|p1a: ChiYu|60\/100\n|move|p2a: Dnite|Tera Blast|p1a: ChiYu\n|-resisted|p1a: ChiYu\n|-damage|p1a: ChiYu|29\/100\n|\n|upkeep\n|turn|2\n|\n|t:|1681842723\n|switch|p1a: Palafin|Palafin-Hero, L50, F|100\/100\n|-activate|p1a: Palafin|ability: Zero to Hero\n|detailschange|p2b: Dozo|Palafin-Hero, L50, M\n|switch|p2b: WoChien|Amoonguss, L50, F|100\/100\n|move|p2a: Dnite|Tera Blast|p1a: Palafin\n|-resisted|p1a: Palafin\n|-damage|p1a: Palafin|75\/100\n|move|p1b: WoChien|Spore|p2a: Dnite\n|-status|p2a: Dnite|slp|[from] move: Spore\n|\n|upkeep\n|turn|3\n|\n|t:|1681842742\n|switch|p1a: ChiYu|Arcanine, L50, F|29\/100\n|-ability|p1a: ChiYu|Intimidate|boost\n|-fail|p2a: Dnite|unboost|[from] ability: Clear Body|[of] p2a: Dnite\n|-unboost|p2b: WoChien|atk|1\n|cant|p2a: Dnite|slp\n|move|p1b: WoChien|Pollen Puff|p1a: ChiYu\n|-heal|p1a: ChiYu|78\/100\n|move|p2b: WoChien|Pollen Puff|p1b: WoChien\n|-damage|p1b: WoChien|86\/100\n|\n|upkeep\n|turn|4\n|inactive|Foxtrot.098 has 30 seconds left.\n|\n|t:|1681842769\n|switch|p2a: Dozo|Palafin-Hero, L50, M|100\/100\n|-activate|p2a: Dozo|ability: Zero to Hero\n|switch|p1b: Palafin|Palafin-Hero, L50, F|75\/100\n|move|p2b: WoChien|Protect|p2b: WoChien\n|-singleturn|p2b: WoChien|Protect\n|move|p1a: ChiYu|Flare Blitz|p2b: WoChien\n|-activate|p2b: WoChien|move: Protect\n|\n|upkeep\n|turn|5\n|\n|t:|1681842790\n|switch|p1a: WoChien|Amoonguss, L50, F|100\/100\n|-terastallize|p1b: Palafin|Water\n|move|p1b: Palafin|Wave Crash|p2a: Dozo\n|-resisted|p2a: Dozo\n|-damage|p2a: Dozo|40\/100\n|-damage|p1b: Palafin|55\/100|[from] Recoil\n|move|p2a: Dozo|Wave Crash|p1b: Palafin\n|-resisted|p1b: Palafin\n|-damage|p1b: Palafin|10\/100\n|-damage|p2a: Dozo|25\/100|[from] Recoil\n|move|p2b: WoChien|Spore|p1b: Palafin\n|-status|p1b: Palafin|slp|[from] move: Spore\n|\n|upkeep\n|turn|6\n|inactive|panzerinoo has 30 seconds left.\n|inactive|Foxtrot.098 has 30 seconds left.\n|\n|t:|1681842822\n|switch|p1b: ChiYu|Arcanine, L50, F|78\/100\n|-ability|p1b: ChiYu|Intimidate|boost\n|-unboost|p2a: Dozo|atk|1\n|-unboost|p2b: WoChien|atk|1\n|move|p2a: Dozo|Jet Punch|p1a: WoChien\n|-resisted|p1a: WoChien\n|-damage|p1a: WoChien|86\/100\n|move|p2b: WoChien|Pollen Puff|p2a: Dozo\n|-heal|p2a: Dozo|75\/100\n|move|p1a: WoChien|Spore|p2a: Dozo\n|-status|p2a: Dozo|slp|[from] move: Spore\n|\n|upkeep\n|turn|7\n|\n|t:|1681842843\n|switch|p1b: Palafin|Palafin-Hero, L50, F, tera:Water|10\/100 slp\n|switch|p2a: Dnite|Dragapult, L50, F, tera:Steel|100\/100 slp\n|move|p2b: WoChien|Protect|p2b: WoChien\n|-singleturn|p2b: WoChien|Protect\n|move|p1a: WoChien|Pollen Puff|p1b: Palafin\n|-heal|p1b: Palafin|60\/100 slp\n|\n|upkeep\n|turn|8\n|\n|t:|1681842865\n|-curestatus|p2a: Dnite|slp|[msg]\n|move|p2a: Dnite|Dragon Darts|p1b: Palafin\n|-damage|p1b: Palafin|25\/100 slp\n|-anim|p2a: Dnite|Dragon Darts|p1a: WoChien\n|-damage|p1a: WoChien|56\/100\n|cant|p1b: Palafin|slp\n|move|p2b: WoChien|Spore|p1b: Palafin\n|-fail|p1b: Palafin|slp\n|move|p1a: WoChien|Pollen Puff|p1b: Palafin\n|-heal|p1b: Palafin|75\/100 slp\n|\n|upkeep\n|turn|9\n|\n|t:|1681842888\n|-curestatus|p1b: Palafin|slp|[msg]\n|move|p1b: Palafin|Protect|p1b: Palafin\n|-singleturn|p1b: Palafin|Protect\n|move|p2b: WoChien|Rage Powder|p2b: WoChien\n|-singleturn|p2b: WoChien|move: Rage Powder\n|move|p2a: Dnite|Dragon Darts|p1a: WoChien\n|-damage|p1a: WoChien|25\/100\n|-enditem|p1a: WoChien|Sitrus Berry|[eat]\n|-heal|p1a: WoChien|50\/100|[from] item: Sitrus Berry\n|-anim|p2a: Dnite|Dragon Darts|p1a: WoChien\n|-damage|p1a: WoChien|17\/100\n|move|p1a: WoChien|Spore|p2a: Dnite\n|-status|p2a: Dnite|slp|[from] move: Spore\n|\n|upkeep\n|turn|10\n|\n|t:|1681842908\n|switch|p1b: ChiYu|Arcanine, L50, F|78\/100\n|-ability|p1b: ChiYu|Intimidate|boost\n|-fail|p2a: Dnite|unboost|[from] ability: Clear Body|[of] p2a: Dnite\n|-unboost|p2b: WoChien|atk|1\n|move|p1a: WoChien|Protect|p1a: WoChien\n|-singleturn|p1a: WoChien|Protect\n|cant|p2a: Dnite|slp\n|move|p2b: WoChien|Spore|p1b: ChiYu\n|-activate|p1b: ChiYu|item: Safety Goggles|Spore\n|\n|upkeep\n|turn|11\n|\n|t:|1681842931\n|switch|p1a: Palafin|Palafin-Hero, L50, F, tera:Water|75\/100\n|move|p2b: WoChien|Protect|p2b: WoChien\n|-singleturn|p2b: WoChien|Protect\n|cant|p2a: Dnite|slp\n|move|p1b: ChiYu|Flare Blitz|p2b: WoChien\n|-activate|p2b: WoChien|move: Protect\n|\n|upkeep\n|turn|12\n|\n|t:|1681842950\n|switch|p2b: Dozo|Palafin-Hero, L50, M|75\/100 slp\n|move|p1a: Palafin|Protect|p1a: Palafin\n|-singleturn|p1a: Palafin|Protect\n|cant|p2a: Dnite|slp\n|move|p1b: ChiYu|Flare Blitz|p2b: Dozo\n|-resisted|p2b: Dozo\n|-damage|p2b: Dozo|55\/100 slp\n|-damage|p1b: ChiYu|71\/100|[from] Recoil\n|\n|upkeep\n|turn|13\n|\n|t:|1681842968\n|move|p1b: ChiYu|Extreme Speed|p2b: Dozo\n|-damage|p2b: Dozo|34\/100 slp\n|-curestatus|p2a: Dnite|slp|[msg]\n|move|p2a: Dnite|Dragon Darts|p1b: ChiYu\n|-damage|p1b: ChiYu|34\/100\n|-anim|p2a: Dnite|Dragon Darts|p1a: Palafin\n|-damage|p1a: Palafin|43\/100\n|cant|p2b: Dozo|slp\n|move|p1a: Palafin|Wave Crash|p2b: Dozo\n|-resisted|p2b: Dozo\n|-damage|p2b: Dozo|0 fnt\n|faint|p2b: Dozo\n|-damage|p1a: Palafin|32\/100|[from] Recoil\n|\n|upkeep\n|\n|t:|1681842988\n|switch|p2b: WoChien|Amoonguss, L50, F|100\/100\n|turn|14\n|\n|t:|1681842997\n|switch|p1b: WoChien|Amoonguss, L50, F|50\/100\n|move|p2b: WoChien|Rage Powder|p2b: WoChien\n|-singleturn|p2b: WoChien|move: Rage Powder\n|move|p2a: Dnite|Dragon Darts|p1b: WoChien\n|-damage|p1b: WoChien|19\/100\n|-anim|p2a: Dnite|Dragon Darts|p1a: Palafin\n|-damage|p1a: Palafin|0 fnt\n|faint|p1a: Palafin\n|\n|upkeep\n|\n|t:|1681843005\n|switch|p1a: ChiYu|Arcanine, L50, F|34\/100\n|-ability|p1a: ChiYu|Intimidate|boost\n|-fail|p2a: Dnite|unboost|[from] ability: Clear Body|[of] p2a: Dnite\n|-unboost|p2b: WoChien|atk|1\n|turn|15\n|\n|t:|1681843019\n|move|p2b: WoChien|Protect|p2b: WoChien\n|-singleturn|p2b: WoChien|Protect\n|move|p2a: Dnite|Dragon Darts|p1b: WoChien\n|-damage|p1b: WoChien|0 fnt\n|-anim|p2a: Dnite|Dragon Darts|p1a: ChiYu\n|-damage|p1a: ChiYu|0 fnt\n|faint|p1b: WoChien\n|faint|p1a: ChiYu\n|\n|upkeep\n|\n|t:|1681843025\n|switch|p1b: Bundle|Chien-Pao, L50|100\/100\n|-ability|p1b: Bundle|Sword of Ruin\n|turn|16\n|\n|t:|1681843035\n|move|p2a: Dnite|Dragon Darts|p1b: Bundle\n|-crit|p1b: Bundle\n|-damage|p1b: Bundle|24\/100\n|-anim|p2a: Dnite|Dragon Darts|p1b: Bundle\n|-damage|p1b: Bundle|0 fnt\n|faint|p1b: Bundle\n|\n|win|Foxtrot.098\n|raw|panzerinoo's rating: 1077 → 1060<\/strong> (-17 for losing)\n|raw|Foxtrot.098's rating: 1155 → 1174<\/strong> (+19 for winning)\n|l|\u2606panzerinoo\n","uploadtime":1681843058,"views":20,"p1id":"panzerinoo","p2id":"foxtrot098","formatid":"gen9vgc2023regulationc","rating":1060,"private":0,"password":""}