{"id":"gen9vgc2023regulationc-1851045649","p1":"knowking Trump","p2":"PuniHina","format":"[Gen 9] VGC 2023 Regulation C","log":"|j|\u2606knowking Trump\n|j|\u2606PuniHina\n|t:|1682399275\n|gametype|doubles\n|player|p1|knowking Trump|rosa|1491\n|player|p2|PuniHina|marley|1578\n|teamsize|p1|6\n|teamsize|p2|6\n|gen|9\n|tier|[Gen 9] VGC 2023 Regulation C\n|rated|\n|rule|Species Clause: Limit one of each Pok\u00e9mon\n|rule|Item Clause: Limit one of each item\n|clearpoke\n|poke|p1|Ting-Lu, L50|\n|poke|p1|Amoonguss, L50, M|\n|poke|p1|Dondozo, L50, M|\n|poke|p1|Tatsugiri, L50, F|\n|poke|p1|Arcanine, L50, F|\n|poke|p1|Flutter Mane, L50|\n|poke|p2|Talonflame, L50, M|\n|poke|p2|Great Tusk, L50|\n|poke|p2|Chi-Yu, L50|\n|poke|p2|Flutter Mane, L50|\n|poke|p2|Gyarados, L50, M|\n|poke|p2|Indeedee-F, L50, F|\n|teampreview|4\n|\n|t:|1682399287\n|start\n|switch|p1a: Arcanine|Arcanine, L50, F|100\/100\n|switch|p1b: Flutter Mane|Flutter Mane, L50|100\/100\n|switch|p2a: Itachi Rin|Flutter Mane, L50|100\/100\n|switch|p2b: Gyarados|Gyarados, L50, M|100\/100\n|-ability|p1a: Arcanine|Intimidate|boost\n|-unboost|p2a: Itachi Rin|atk|1\n|-unboost|p2b: Gyarados|atk|1\n|-ability|p2b: Gyarados|Intimidate|boost\n|-unboost|p1a: Arcanine|atk|1\n|-unboost|p1b: Flutter Mane|atk|1\n|-enditem|p2a: Itachi Rin|Booster Energy\n|-activate|p2a: Itachi Rin|ability: Protosynthesis|[fromitem]\n|-start|p2a: Itachi Rin|protosynthesisspa\n|turn|1\n|inactive|Battle timer is ON: inactive players will automatically lose when time's up. (requested by PuniHina)\n|\n|t:|1682399331\n|move|p2a: Itachi Rin|Protect|p2a: Itachi Rin\n|-singleturn|p2a: Itachi Rin|Protect\n|move|p1b: Flutter Mane|Shadow Ball|p2a: Itachi Rin\n|-activate|p2a: Itachi Rin|move: Protect\n|move|p1a: Arcanine|Will-O-Wisp|p2b: Gyarados\n|-status|p2b: Gyarados|brn\n|move|p2b: Gyarados|Thunder Wave|p1b: Flutter Mane\n|-status|p1b: Flutter Mane|par\n|\n|-damage|p2b: Gyarados|95\/100 brn|[from] brn\n|upkeep\n|turn|2\n|\n|t:|1682399355\n|move|p2a: Itachi Rin|Substitute|p2a: Itachi Rin\n|-start|p2a: Itachi Rin|Substitute\n|-damage|p2a: Itachi Rin|76\/100\n|move|p1a: Arcanine|Flare Blitz|p2a: Itachi Rin\n|-end|p2a: Itachi Rin|Substitute\n|-damage|p1a: Arcanine|94\/100|[from] Recoil|[of] p2a: Itachi Rin\n|move|p2b: Gyarados|Iron Head|p1b: Flutter Mane\n|-supereffective|p1b: Flutter Mane\n|-damage|p1b: Flutter Mane|75\/100 par\n|cant|p1b: Flutter Mane|par\n|\n|-damage|p2b: Gyarados|89\/100 brn|[from] brn\n|upkeep\n|turn|3\n|\n|t:|1682399374\n|switch|p2b: Indeedee|Indeedee-F, L50, F|100\/100\n|-fieldstart|move: Psychic Terrain|[from] ability: Psychic Surge|[of] p2b: Indeedee\n|-enditem|p2b: Indeedee|Psychic Seed\n|-boost|p2b: Indeedee|spd|1|[from] item: Psychic Seed\n|move|p2a: Itachi Rin|Protect|p2a: Itachi Rin\n|-singleturn|p2a: Itachi Rin|Protect\n|move|p1a: Arcanine|Flare Blitz|p2a: Itachi Rin\n|-activate|p2a: Itachi Rin|move: Protect\n|cant|p1b: Flutter Mane|par\n|\n|upkeep\n|turn|4\n|\n|t:|1682399393\n|switch|p1a: Dondozo|Dondozo, L50, M|100\/100\n|-end|p1b: Flutter Mane|Protosynthesis|[silent]\n|switch|p1b: Tatsugiri|Tatsugiri, L50, F|100\/100\n|-activate|p1b: Tatsugiri|ability: Commander|[of] p1a: Dondozo\n|-boost|p1a: Dondozo|atk|2\n|-boost|p1a: Dondozo|spa|2\n|-boost|p1a: Dondozo|spe|2\n|-boost|p1a: Dondozo|def|2\n|-boost|p1a: Dondozo|spd|2\n|move|p2b: Indeedee|Follow Me|p2b: Indeedee\n|-singleturn|p2b: Indeedee|move: Follow Me\n|move|p2a: Itachi Rin|Substitute|p2a: Itachi Rin\n|-start|p2a: Itachi Rin|Substitute\n|-damage|p2a: Itachi Rin|51\/100\n|\n|upkeep\n|turn|5\n|\n|t:|1682399410\n|switch|p2b: Gyarados|Gyarados, L50, M|89\/100 brn\n|-ability|p2b: Gyarados|Intimidate|boost\n|-fail|p1a: Dondozo|unboost|Attack|[from] ability: Oblivious|[of] p1a: Dondozo\n|-unboost|p1b: Tatsugiri|atk|1\n|move|p2a: Itachi Rin|Protect|p2a: Itachi Rin\n|-singleturn|p2a: Itachi Rin|Protect\n|move|p1a: Dondozo|Earthquake|p2a: Itachi Rin|[spread] \n|-miss|p1a: Dondozo|p1b: Tatsugiri\n|-activate|p2a: Itachi Rin|move: Protect\n|-immune|p2b: Gyarados\n|\n|-damage|p2b: Gyarados|83\/100 brn|[from] brn\n|upkeep\n|turn|6\n|inactive|PuniHina has 30 seconds left.\n|\n|t:|1682399440\n|move|p1a: Dondozo|Earthquake|p2a: Itachi Rin|[spread] p2a\n|-miss|p1a: Dondozo|p1b: Tatsugiri\n|-immune|p2b: Gyarados\n|-end|p2a: Itachi Rin|Substitute\n|move|p2a: Itachi Rin|Moonblast|p1a: Dondozo\n|-damage|p1a: Dondozo|66\/100\n|move|p2b: Gyarados|Thunder Wave|p1a: Dondozo\n|-status|p1a: Dondozo|par\n|\n|-heal|p1a: Dondozo|72\/100 par|[from] item: Leftovers\n|-damage|p2b: Gyarados|77\/100 brn|[from] brn\n|upkeep\n|turn|7\n|inactive|knowking Trump has 30 seconds left.\n|l|\u2606knowking Trump\n|inactive|knowking Trump disconnected and has a minute to reconnect!\n|player|p1|\n|inactive|knowking Trump has 20 seconds left.\n|inactive|knowking Trump has 15 seconds left.\n|inactive|knowking Trump has 10 seconds left.\n|inactive|knowking Trump has 5 seconds left.\n|-message|knowking Trump lost due to inactivity.\n|\n|win|PuniHina\n|raw|knowking Trump's rating: 1491 → 1476<\/strong> (-15 for losing)\n|raw|PuniHina's rating: 1578 → 1593<\/strong> (+15 for winning)\n","uploadtime":1682399498,"views":17,"p1id":"knowkingtrump","p2id":"punihina","formatid":"gen9vgc2023regulationc","rating":1476,"private":0,"password":""}