{"id":"gen9vgc2023regulationc-1849845938","p1":"Bac0nat0r","p2":"BlindMagneton","format":"[Gen 9] VGC 2023 Regulation C","log":"|j|\u2606Bac0nat0r\n|j|\u2606BlindMagneton\n|t:|1682259931\n|gametype|doubles\n|player|p1|Bac0nat0r|gambler|1475\n|player|p2|BlindMagneton|wattson|1383\n|teamsize|p1|6\n|teamsize|p2|6\n|gen|9\n|tier|[Gen 9] VGC 2023 Regulation C\n|rated|\n|rule|Species Clause: Limit one of each Pok\u00e9mon\n|rule|Item Clause: Limit one of each item\n|clearpoke\n|poke|p1|Iron Bundle, L50|\n|poke|p1|Flutter Mane, L50|\n|poke|p1|Sableye, L50, M|\n|poke|p1|Ceruledge, L50, M|\n|poke|p1|Amoonguss, L50, M|\n|poke|p1|Iron Hands, L50|\n|poke|p2|Iron Valiant, L50|\n|poke|p2|Wo-Chien, L50|\n|poke|p2|Maushold, L50|\n|poke|p2|Grimmsnarl, L50, M|\n|poke|p2|Chien-Pao, L50|\n|poke|p2|Dragapult, L50, M|\n|teampreview|4\n|inactive|Battle timer is ON: inactive players will automatically lose when time's up. (requested by Bac0nat0r)\n|inactive|Bac0nat0r has 60 seconds left.\n|inactive|BlindMagneton has 60 seconds left.\n|inactive|BlindMagneton has 30 seconds left.\n|inactive|BlindMagneton has 20 seconds left.\n|inactive|BlindMagneton has 15 seconds left.\n|inactive|BlindMagneton has 10 seconds left.\n|inactive|BlindMagneton has 5 seconds left.\n|\n|t:|1682260021\n|start\n|switch|p1a: Ceruledge|Ceruledge, L50, M|100\/100\n|switch|p1b: Sableye|Sableye, L50, M|100\/100\n|switch|p2a: Grimmsnarl|Grimmsnarl, L50, M|100\/100\n|switch|p2b: Wo-Chien|Wo-Chien, L50|100\/100\n|-ability|p2b: Wo-Chien|Tablets of Ruin\n|turn|1\n|\n|t:|1682260042\n|-terastallize|p1a: Ceruledge|Grass\n|move|p2a: Grimmsnarl|Fake Out|p1a: Ceruledge\n|-damage|p1a: Ceruledge|87\/100\n|move|p1b: Sableye|Light Screen|p1b: Sableye\n|-sidestart|p1: Bac0nat0r|move: Light Screen\n|cant|p1a: Ceruledge|flinch\n|move|p2b: Wo-Chien|Foul Play|p1a: Ceruledge\n|-damage|p1a: Ceruledge|37\/100\n|\n|-heal|p1a: Ceruledge|43\/100|[from] item: Leftovers\n|upkeep\n|turn|2\n|\n|t:|1682260061\n|move|p1a: Ceruledge|Protect|p1a: Ceruledge\n|-singleturn|p1a: Ceruledge|Protect\n|move|p2a: Grimmsnarl|Thunder Wave|p1a: Ceruledge\n|-activate|p1a: Ceruledge|move: Protect\n|move|p1b: Sableye|Reflect|p1b: Sableye\n|-sidestart|p1: Bac0nat0r|Reflect\n|move|p2b: Wo-Chien|Foul Play|p1a: Ceruledge\n|-activate|p1a: Ceruledge|move: Protect\n|\n|-heal|p1a: Ceruledge|49\/100|[from] item: Leftovers\n|upkeep\n|turn|3\n|j| ElQuePruebaTimsUwU\n|inactive|BlindMagneton has 30 seconds left.\n|\n|t:|1682260096\n|switch|p1b: Iron Hands|Iron Hands, L50|100\/100\n|-terastallize|p2b: Wo-Chien|Fire\n|move|p2a: Grimmsnarl|Thunder Wave|p1a: Ceruledge|[miss]\n|-miss|p2a: Grimmsnarl|p1a: Ceruledge\n|move|p1a: Ceruledge|Bitter Blade|p2b: Wo-Chien\n|-resisted|p2b: Wo-Chien\n|-damage|p2b: Wo-Chien|86\/100\n|-heal|p1a: Ceruledge|57\/100|[from] drain|[of] p2b: Wo-Chien\n|move|p2b: Wo-Chien|Foul Play|p1a: Ceruledge\n|-damage|p1a: Ceruledge|24\/100\n|\n|-heal|p1a: Ceruledge|30\/100|[from] item: Leftovers\n|upkeep\n|turn|4\n|\n|t:|1682260121\n|switch|p2a: Dragapult|Dragapult, L50, M|100\/100\n|move|p1b: Iron Hands|Fake Out|p2a: Dragapult\n|-immune|p2a: Dragapult\n|move|p1a: Ceruledge|Bitter Blade|p2a: Dragapult\n|-resisted|p2a: Dragapult\n|-crit|p2a: Dragapult\n|-damage|p2a: Dragapult|70\/100\n|-heal|p1a: Ceruledge|44\/100|[from] drain|[of] p2a: Dragapult\n|move|p2b: Wo-Chien|Leech Seed|p1b: Iron Hands\n|-start|p1b: Iron Hands|move: Leech Seed\n|\n|-heal|p1a: Ceruledge|50\/100|[from] item: Leftovers\n|-damage|p1b: Iron Hands|88\/100|[from] Leech Seed|[of] p2b: Wo-Chien\n|-heal|p2b: Wo-Chien|100\/100|[silent]\n|upkeep\n|turn|5\n|inactive|BlindMagneton has 30 seconds left.\n|\n|t:|1682260149\n|move|p1a: Ceruledge|Protect|p1a: Ceruledge\n|-singleturn|p1a: Ceruledge|Protect\n|move|p2a: Dragapult|Will-O-Wisp|p1b: Iron Hands\n|-status|p1b: Iron Hands|brn\n|move|p2b: Wo-Chien|Foul Play|p1a: Ceruledge\n|-activate|p1a: Ceruledge|move: Protect\n|move|p1b: Iron Hands|Ice Punch|p2a: Dragapult\n|-supereffective|p2a: Dragapult\n|-damage|p2a: Dragapult|31\/100\n|-damage|p1b: Iron Hands|79\/100 brn|[from] item: Life Orb\n|\n|-heal|p1a: Ceruledge|56\/100|[from] item: Leftovers\n|-damage|p1b: Iron Hands|67\/100 brn|[from] Leech Seed|[of] p2b: Wo-Chien\n|-damage|p1b: Iron Hands|61\/100 brn|[from] brn\n|upkeep\n|turn|6\n|\n|t:|1682260171\n|switch|p2a: Maushold|Maushold, L50|100\/100\n|move|p1a: Ceruledge|Shadow Sneak|p2a: Maushold\n|-immune|p2a: Maushold\n|move|p2b: Wo-Chien|Foul Play|p1a: Ceruledge\n|-damage|p1a: Ceruledge|25\/100\n|move|p1b: Iron Hands|Drain Punch|p2b: Wo-Chien\n|-damage|p2b: Wo-Chien|83\/100\n|-heal|p1b: Iron Hands|68\/100 brn|[from] drain|[of] p2b: Wo-Chien\n|-damage|p1b: Iron Hands|58\/100 brn|[from] item: Life Orb\n|\n|-heal|p1a: Ceruledge|31\/100|[from] item: Leftovers\n|-damage|p1b: Iron Hands|46\/100 brn|[from] Leech Seed|[of] p2b: Wo-Chien\n|-heal|p2b: Wo-Chien|100\/100|[silent]\n|-damage|p1b: Iron Hands|40\/100 brn|[from] brn\n|upkeep\n|turn|7\n|inactive|BlindMagneton has 30 seconds left.\n|inactive|BlindMagneton has 20 seconds left.\n|inactive|BlindMagneton has 15 seconds left.\n|\n|t:|1682260213\n|-end|p1b: Iron Hands|Quark Drive|[silent]\n|switch|p1b: Sableye|Sableye, L50, M|100\/100\n|move|p1a: Ceruledge|Protect|p1a: Ceruledge\n|-singleturn|p1a: Ceruledge|Protect\n|move|p2a: Maushold|Population Bomb|p1b: Sableye\n|-immune|p1b: Sableye\n|move|p2b: Wo-Chien|Foul Play|p1a: Ceruledge\n|-activate|p1a: Ceruledge|move: Protect\n|\n|-heal|p1a: Ceruledge|37\/100|[from] item: Leftovers\n|upkeep\n|turn|8\n|inactive|BlindMagneton has 30 seconds left.\n|\n|t:|1682260240\n|switch|p1a: Flutter Mane|Flutter Mane, L50|100\/100\n|move|p1b: Sableye|Disable|p2b: Wo-Chien\n|-start|p2b: Wo-Chien|Disable|Foul Play\n|move|p2a: Maushold|Population Bomb|p1a: Flutter Mane\n|-immune|p1a: Flutter Mane\n|cant|p2b: Wo-Chien|Disable|Foul Play\n|\n|-sideend|p1: Bac0nat0r|move: Light Screen\n|upkeep\n|turn|9\n|inactive|BlindMagneton has 30 seconds left.\n|inactive|BlindMagneton has 20 seconds left.\n|inactive|BlindMagneton has 15 seconds left.\n|\n|t:|1682260283\n|move|p2a: Maushold|Follow Me|p2a: Maushold\n|-singleturn|p2a: Maushold|move: Follow Me\n|move|p1b: Sableye|Encore|p2a: Maushold\n|-start|p2a: Maushold|Encore\n|move|p1a: Flutter Mane|Power Gem|p2a: Maushold\n|-damage|p2a: Maushold|38\/100\n|move|p2b: Wo-Chien|Leech Seed|p1a: Flutter Mane\n|-start|p1a: Flutter Mane|move: Leech Seed\n|\n|-damage|p1a: Flutter Mane|88\/100|[from] Leech Seed|[of] p2b: Wo-Chien\n|-sideend|p1: Bac0nat0r|Reflect\n|upkeep\n|turn|10\n|inactive|BlindMagneton has 30 seconds left.\n|inactive|BlindMagneton has 20 seconds left.\n|\n|t:|1682260323\n|switch|p2a: Grimmsnarl|Grimmsnarl, L50, M|100\/100\n|-end|p1a: Flutter Mane|Protosynthesis|[silent]\n|switch|p1a: Ceruledge|Ceruledge, L50, M, tera:Grass|37\/100\n|switch|p2b: Dragapult|Dragapult, L50, M|31\/100\n|move|p1b: Sableye|Disable|p2a: Grimmsnarl\n|-hint|Since gen 7, Dark is immune to Prankster moves.\n|-immune|p2a: Grimmsnarl\n|\n|-heal|p1a: Ceruledge|43\/100|[from] item: Leftovers\n|upkeep\n|turn|11\n|\n|t:|1682260347\n|move|p2a: Grimmsnarl|Fake Out|p1a: Ceruledge\n|-damage|p1a: Ceruledge|27\/100\n|cant|p1a: Ceruledge|flinch\n|move|p1b: Sableye|Reflect|p1b: Sableye\n|-sidestart|p1: Bac0nat0r|Reflect\n|move|p2b: Dragapult|Phantom Force||[still]\n|-prepare|p2b: Dragapult|Phantom Force\n|\n|-heal|p1a: Ceruledge|33\/100|[from] item: Leftovers\n|upkeep\n|turn|12\n|\n|t:|1682260367\n|switch|p1a: Iron Hands|Iron Hands, L50|40\/100 brn\n|switch|p1b: Flutter Mane|Flutter Mane, L50|88\/100\n|move|p2a: Grimmsnarl|Swagger|p1a: Iron Hands\n|-boost|p1a: Iron Hands|atk|2\n|-enditem|p2b: Dragapult|Mirror Herb\n|-boost|p2b: Dragapult|atk|2|[from] item: Mirror Herb\n|-start|p1a: Iron Hands|confusion\n|move|p2b: Dragapult|Phantom Force|p1a: Iron Hands|[from]lockedmove\n|-damage|p1a: Iron Hands|0 fnt\n|faint|p1a: Iron Hands\n|-end|p1a: Iron Hands|Quark Drive|[silent]\n|\n|upkeep\n|\n|t:|1682260371\n|switch|p1a: Ceruledge|Ceruledge, L50, M, tera:Grass|33\/100\n|turn|13\n|inactive|BlindMagneton has 30 seconds left.\n|inactive|BlindMagneton has 20 seconds left.\n|inactive|BlindMagneton has 15 seconds left.\n|\n|t:|1682260414\n|switch|p2b: Wo-Chien|Wo-Chien, L50, tera:Fire|100\/100\n|-ability|p2b: Wo-Chien|Tablets of Ruin\n|move|p2a: Grimmsnarl|Thunder Wave|p1b: Flutter Mane\n|-status|p1b: Flutter Mane|par\n|move|p1a: Ceruledge|Bitter Blade|p2a: Grimmsnarl\n|-damage|p2a: Grimmsnarl|53\/100\n|-heal|p1a: Ceruledge|56\/100|[from] drain|[of] p2a: Grimmsnarl\n|move|p1b: Flutter Mane|Dazzling Gleam|p2a: Grimmsnarl|[spread] p2a,p2b\n|-supereffective|p2a: Grimmsnarl\n|-resisted|p2b: Wo-Chien\n|-damage|p2a: Grimmsnarl|0 fnt\n|-damage|p2b: Wo-Chien|86\/100\n|faint|p2a: Grimmsnarl\n|\n|-heal|p1a: Ceruledge|62\/100|[from] item: Leftovers\n|upkeep\n|inactive|BlindMagneton has 30 seconds left.\n|\n|t:|1682260443\n|switch|p2a: Dragapult|Dragapult, L50, M|31\/100\n|turn|14\n|\n|t:|1682260459\n|switch|p2a: Maushold|Maushold, L50|38\/100\n|move|p1a: Ceruledge|Shadow Sneak|p2a: Maushold\n|-immune|p2a: Maushold\n|move|p2b: Wo-Chien|Leech Seed|p1b: Flutter Mane\n|-start|p1b: Flutter Mane|move: Leech Seed\n|cant|p1b: Flutter Mane|par\n|\n|-heal|p1a: Ceruledge|68\/100|[from] item: Leftovers\n|-damage|p1b: Flutter Mane|76\/100 par|[from] Leech Seed|[of] p2b: Wo-Chien\n|-heal|p2b: Wo-Chien|98\/100|[silent]\n|upkeep\n|turn|15\n|inactive|BlindMagneton has 30 seconds left.\n|inactive|BlindMagneton has 20 seconds left.\n|inactive|BlindMagneton has 15 seconds left.\n|\n|t:|1682260497\n|-end|p1b: Flutter Mane|Protosynthesis|[silent]\n|switch|p1b: Sableye|Sableye, L50, M|100\/100\n|move|p1a: Ceruledge|Protect|p1a: Ceruledge\n|-singleturn|p1a: Ceruledge|Protect\n|move|p2a: Maushold|Population Bomb|p1a: Ceruledge\n|-activate|p1a: Ceruledge|move: Protect\n|move|p2b: Wo-Chien|Giga Drain|p1b: Sableye\n|-damage|p1b: Sableye|71\/100\n|-heal|p2b: Wo-Chien|100\/100|[from] drain|[of] p1b: Sableye\n|\n|-heal|p1a: Ceruledge|74\/100|[from] item: Leftovers\n|upkeep\n|turn|16\n|inactive|BlindMagneton has 15 seconds left this turn.\n|inactive|BlindMagneton has 10 seconds left.\n|inactive|BlindMagneton has 5 seconds left.\n|-message|BlindMagneton lost due to inactivity.\n|\n|win|Bac0nat0r\n|raw|Bac0nat0r's rating: 1475 → 1490<\/strong> (+15 for winning)\n|raw|BlindMagneton's rating: 1383 → 1368<\/strong> (-15 for losing)\n|l|\u2606Bac0nat0r\n|l|\u2606BlindMagneton\n","uploadtime":1682260547,"views":15,"p1id":"bac0nat0r","p2id":"blindmagneton","formatid":"gen9vgc2023regulationc","rating":1368,"private":0,"password":""}