{"id":"gen9vgc2023regulationc-1851764771","p1":"MLGmushroom","p2":"Rigs_batata","format":"[Gen 9] VGC 2023 Regulation C","log":"|j|\u2606MLGmushroom\n|j|\u2606Rigs_batata\n|t:|1682480030\n|gametype|doubles\n|player|p1|MLGmushroom|blue|1264\n|player|p2|Rigs_batata|waiter-gen4dp|1240\n|teamsize|p1|6\n|teamsize|p2|6\n|gen|9\n|tier|[Gen 9] VGC 2023 Regulation C\n|rated|\n|rule|Species Clause: Limit one of each Pok\u00e9mon\n|rule|Item Clause: Limit one of each item\n|clearpoke\n|poke|p1|Chien-Pao, L50|\n|poke|p1|Roaring Moon, L50|\n|poke|p1|Flutter Mane, L50|\n|poke|p1|Amoonguss, L50, M|\n|poke|p1|Gyarados, L50, F|\n|poke|p1|Scizor, L50, M|\n|poke|p2|Wo-Chien, L50|\n|poke|p2|Glimmora, L50, F|\n|poke|p2|Dondozo, L50, F|\n|poke|p2|Tatsugiri, L50, F|\n|poke|p2|Espathra, L50, M|\n|poke|p2|Gyarados, L50, F|\n|teampreview|4\n|inactive|Battle timer is ON: inactive players will automatically lose when time's up. (requested by Rigs_batata)\n|\n|t:|1682480057\n|start\n|switch|p1a: Scizor|Scizor, L50, M|100\/100\n|switch|p1b: Chien-Pao|Chien-Pao, L50|100\/100\n|switch|p2a: Gyarados|Gyarados, L50, F, shiny|100\/100\n|switch|p2b: Glimmora|Glimmora, L50, F|100\/100\n|-ability|p1b: Chien-Pao|Sword of Ruin\n|-ability|p2a: Gyarados|Intimidate|boost\n|-fail|p1a: Scizor|unboost|[from] item: Clear Amulet|[of] p1a: Scizor\n|-unboost|p1b: Chien-Pao|atk|1\n|turn|1\n|inactive|Rigs_batata has 30 seconds left.\n|\n|t:|1682480085\n|-terastallize|p2b: Glimmora|Grass\n|move|p1a: Scizor|Bullet Punch|p2b: Glimmora\n|-damage|p2b: Glimmora|74\/100\n|-activate|p2b: Glimmora|ability: Toxic Debris\n|-sidestart|p1: MLGmushroom|move: Toxic Spikes\n|move|p1b: Chien-Pao|Ice Spinner|p2a: Gyarados\n|-damage|p2a: Gyarados|62\/100\n|move|p2b: Glimmora|Power Gem|p1b: Chien-Pao\n|-supereffective|p1b: Chien-Pao\n|-enditem|p1b: Chien-Pao|Focus Sash\n|-damage|p1b: Chien-Pao|1\/100\n|move|p2a: Gyarados|Waterfall|p2b: Glimmora\n|-resisted|p2b: Glimmora\n|-damage|p2b: Glimmora|56\/100\n|-activate|p2b: Glimmora|ability: Toxic Debris\n|-sidestart|p1: MLGmushroom|move: Toxic Spikes\n|\n|upkeep\n|turn|2\n|\n|t:|1682480108\n|switch|p2b: Tatsugiri|Tatsugiri, L50, F|100\/100\n|move|p1b: Chien-Pao|Protect|p1b: Chien-Pao\n|-singleturn|p1b: Chien-Pao|Protect\n|move|p2a: Gyarados|Waterfall|p1b: Chien-Pao\n|-activate|p1b: Chien-Pao|move: Protect\n|move|p1a: Scizor|U-turn|p2b: Tatsugiri\n|-damage|p2b: Tatsugiri|7\/100\n|\n|t:|1682480116\n|switch|p1a: Amoonguss|Amoonguss, L50, M|100\/100|[from] U-turn\n|-sideend|p1: MLGmushroom|move: Toxic Spikes|[of] p1a: Amoonguss\n|\n|upkeep\n|turn|3\n|\n|t:|1682480123\n|switch|p2b: Dondozo|Dondozo, L50, F, shiny|100\/100\n|move|p1b: Chien-Pao|Sucker Punch||[still]\n|-fail|p1b: Chien-Pao\n|move|p2a: Gyarados|Taunt|p1a: Amoonguss\n|-start|p1a: Amoonguss|move: Taunt\n|cant|p1a: Amoonguss|move: Taunt|Spore\n|\n|upkeep\n|turn|4\n|\n|t:|1682480137\n|switch|p1a: Scizor|Scizor, L50, M|100\/100\n|move|p2b: Dondozo|Protect|p2b: Dondozo\n|-singleturn|p2b: Dondozo|Protect\n|move|p1b: Chien-Pao|Ice Spinner|p2a: Gyarados\n|-damage|p2a: Gyarados|25\/100\n|move|p2a: Gyarados|Waterfall|p1b: Chien-Pao\n|-damage|p1b: Chien-Pao|0 fnt\n|faint|p1b: Chien-Pao\n|\n|upkeep\n|\n|t:|1682480142\n|switch|p1b: Flutter Mane|Flutter Mane, L50|100\/100\n|turn|5\n|\n|t:|1682480152\n|switch|p2b: Glimmora|Glimmora, L50, F, tera:Grass|56\/100\n|move|p1b: Flutter Mane|Thunderbolt|p2b: Glimmora\n|-resisted|p2b: Glimmora\n|-damage|p2b: Glimmora|44\/100\n|-status|p2b: Glimmora|par\n|-damage|p1b: Flutter Mane|91\/100|[from] item: Life Orb\n|move|p2a: Gyarados|Waterfall|p1b: Flutter Mane\n|-damage|p1b: Flutter Mane|39\/100\n|move|p1a: Scizor|U-turn|p2a: Gyarados\n|-resisted|p2a: Gyarados\n|-crit|p2a: Gyarados\n|-damage|p2a: Gyarados|0 fnt\n|faint|p2a: Gyarados\n|\n|t:|1682480155\n|switch|p1a: Amoonguss|Amoonguss, L50, M|100\/100|[from] U-turn\n|\n|upkeep\n|\n|t:|1682480168\n|switch|p2a: Tatsugiri|Tatsugiri, L50, F|7\/100\n|turn|6\n|\n|t:|1682480185\n|-terastallize|p1b: Flutter Mane|Fairy\n|move|p2a: Tatsugiri|Muddy Water|p1b: Flutter Mane|[spread] p1a,p1b\n|-resisted|p1a: Amoonguss\n|-damage|p1a: Amoonguss|83\/100\n|-damage|p1b: Flutter Mane|6\/100\n|move|p1b: Flutter Mane|Dazzling Gleam|p2b: Glimmora|[spread] p2a,p2b\n|-supereffective|p2a: Tatsugiri\n|-damage|p2a: Tatsugiri|0 fnt\n|-damage|p2b: Glimmora|10\/100 par\n|faint|p2a: Tatsugiri\n|-damage|p1b: Flutter Mane|0 fnt|[from] item: Life Orb\n|faint|p1b: Flutter Mane\n|-end|p1b: Flutter Mane|Protosynthesis|[silent]\n|move|p1a: Amoonguss|Spore|p2b: Glimmora\n|-immune|p2b: Glimmora\n|move|p2b: Glimmora|Power Gem|p1a: Amoonguss\n|-damage|p1a: Amoonguss|50\/100\n|\n|upkeep\n|\n|t:|1682480192\n|switch|p1b: Scizor|Scizor, L50, M|100\/100\n|switch|p2a: Dondozo|Dondozo, L50, F, shiny|100\/100\n|turn|7\n|\n|t:|1682480198\n|move|p1b: Scizor|Bullet Punch|p2b: Glimmora\n|-damage|p2b: Glimmora|0 fnt\n|-activate|p2b: Glimmora|ability: Toxic Debris\n|-sidestart|p1: MLGmushroom|move: Toxic Spikes\n|faint|p2b: Glimmora\n|move|p1a: Amoonguss|Spore|p2a: Dondozo\n|-status|p2a: Dondozo|slp|[from] move: Spore\n|cant|p2a: Dondozo|slp\n|\n|upkeep\n|turn|8\n|-message|Rigs_batata forfeited.\n|\n|win|MLGmushroom\n|raw|MLGmushroom's rating: 1264 → 1287<\/strong> (+23 for winning)\n|raw|Rigs_batata's rating: 1240 → 1217<\/strong> (-23 for losing)\n|l|\u2606Rigs_batata\n","uploadtime":1682480227,"views":12,"p1id":"mlgmushroom","p2id":"rigsbatata","formatid":"gen9vgc2023regulationc","rating":1217,"private":0,"password":""}