{"id":"gen9vgc2023regulationc-1847057307","p1":"Joey2000","p2":"ANTIVALLEY","format":"[Gen 9] VGC 2023 Regulation C","log":"|j|\u2606Joey2000\n|j|\u2606ANTIVALLEY\n|t:|1681915508\n|gametype|doubles\n|player|p1|Joey2000|265|1137\n|player|p2|ANTIVALLEY|penny|1201\n|teamsize|p1|6\n|teamsize|p2|6\n|gen|9\n|tier|[Gen 9] VGC 2023 Regulation C\n|rated|\n|rule|Species Clause: Limit one of each Pok\u00e9mon\n|rule|Item Clause: Limit one of each item\n|clearpoke\n|poke|p1|Tyranitar, L50, F|\n|poke|p1|Houndstone, L50, M|\n|poke|p1|Scizor, L50, F|\n|poke|p1|Maushold-Four, L50|\n|poke|p1|Flutter Mane, L50|\n|poke|p1|Chien-Pao, L50|\n|poke|p2|Lycanroc, L50, M|\n|poke|p2|Tyranitar, L50, F|\n|poke|p2|Flutter Mane, L50|\n|poke|p2|Chi-Yu, L50|\n|poke|p2|Farigiraf, L50, M|\n|poke|p2|Gyarados, L50, M|\n|teampreview|4\n|\n|t:|1681915559\n|start\n|switch|p1a: Tyranitar|Tyranitar, L50, F|100\/100\n|switch|p1b: Houndstone|Houndstone, L50, M|100\/100\n|switch|p2a: Chi-Yu|Chi-Yu, L50|100\/100\n|switch|p2b: Flutter Mane|Flutter Mane, L50|100\/100\n|-ability|p2a: Chi-Yu|Beads of Ruin\n|-weather|Sandstorm|[from] ability: Sand Stream|[of] p1a: Tyranitar\n|-enditem|p2b: Flutter Mane|Booster Energy\n|-activate|p2b: Flutter Mane|ability: Protosynthesis|[fromitem]\n|-start|p2b: Flutter Mane|protosynthesisspe\n|turn|1\n|\n|t:|1681915597\n|switch|p2a: Gyarados|Gyarados, L50, M|100\/100\n|-ability|p2a: Gyarados|Intimidate|boost\n|-unboost|p1a: Tyranitar|atk|1\n|-unboost|p1b: Houndstone|atk|1\n|-terastallize|p2b: Flutter Mane|Fairy\n|-terastallize|p1a: Tyranitar|Flying\n|move|p2b: Flutter Mane|Dazzling Gleam|p1b: Houndstone|[spread] p1a,p1b\n|-damage|p1a: Tyranitar|74\/100\n|-damage|p1b: Houndstone|56\/100\n|move|p1b: Houndstone|Howl|p1b: Houndstone|[spread] p1a,p1b\n|-boost|p1a: Tyranitar|atk|1\n|-boost|p1b: Houndstone|atk|1\n|move|p1a: Tyranitar|Rock Slide|p2a: Gyarados|[spread] p2a,p2b\n|-supereffective|p2a: Gyarados\n|-damage|p2a: Gyarados|44\/100\n|-damage|p2b: Flutter Mane|29\/100\n|-enditem|p2a: Gyarados|Sitrus Berry|[eat]\n|-heal|p2a: Gyarados|69\/100|[from] item: Sitrus Berry\n|\n|-weather|Sandstorm|[upkeep]\n|-damage|p2b: Flutter Mane|23\/100|[from] Sandstorm\n|-damage|p2a: Gyarados|63\/100|[from] Sandstorm\n|-damage|p1a: Tyranitar|69\/100|[from] Sandstorm\n|upkeep\n|turn|2\n|\n|t:|1681915638\n|move|p2b: Flutter Mane|Dazzling Gleam|p1b: Houndstone|[spread] p1a,p1b\n|-damage|p1a: Tyranitar|43\/100\n|-damage|p1b: Houndstone|10\/100\n|-enditem|p1b: Houndstone|Sitrus Berry|[eat]\n|-heal|p1b: Houndstone|35\/100|[from] item: Sitrus Berry\n|move|p1b: Houndstone|Howl|p1b: Houndstone|[spread] p1a,p1b\n|-boost|p1a: Tyranitar|atk|1\n|-boost|p1b: Houndstone|atk|1\n|move|p2a: Gyarados|Waterfall|p1b: Houndstone\n|-damage|p1b: Houndstone|1\/100\n|move|p1a: Tyranitar|Rock Slide|p2b: Flutter Mane|[spread] p2a,p2b\n|-supereffective|p2a: Gyarados\n|-damage|p2a: Gyarados|0 fnt\n|-damage|p2b: Flutter Mane|0 fnt\n|faint|p2a: Gyarados\n|faint|p2b: Flutter Mane\n|-end|p2b: Flutter Mane|Protosynthesis|[silent]\n|\n|-weather|Sandstorm|[upkeep]\n|-damage|p1a: Tyranitar|38\/100|[from] Sandstorm\n|upkeep\n|\n|t:|1681915665\n|switch|p2b: Farigiraf|Farigiraf, L50, M|100\/100\n|switch|p2a: Chi-Yu|Chi-Yu, L50|100\/100\n|-ability|p2a: Chi-Yu|Beads of Ruin\n|turn|3\n|\n|t:|1681915676\n|move|p2a: Chi-Yu|Heat Wave|p1a: Tyranitar|[spread] p1a,p1b\n|-damage|p1a: Tyranitar|6\/100\n|-damage|p1b: Houndstone|0 fnt\n|faint|p1b: Houndstone\n|move|p2b: Farigiraf|Dazzling Gleam|p1a: Tyranitar\n|-damage|p1a: Tyranitar|0 fnt\n|faint|p1a: Tyranitar\n|\n|-weather|Sandstorm|[upkeep]\n|-damage|p2a: Chi-Yu|94\/100|[from] Sandstorm\n|upkeep\n|\n|t:|1681915686\n|switch|p1b: Flutter Mane|Flutter Mane, L50|100\/100\n|switch|p1a: Maushold|Maushold-Four, L50|100\/100\n|turn|4\n|\n|t:|1681915706\n|move|p2a: Chi-Yu|Heat Wave|p1b: Flutter Mane|[spread] p1a,p1b\n|-damage|p1a: Maushold|40\/100\n|-damage|p1b: Flutter Mane|56\/100\n|move|p1b: Flutter Mane|Dazzling Gleam|p2b: Farigiraf|[spread] p2a,p2b\n|-damage|p2a: Chi-Yu|34\/100\n|-damage|p2b: Farigiraf|44\/100\n|move|p1a: Maushold|Super Fang|p2a: Chi-Yu\n|-damage|p2a: Chi-Yu|17\/100\n|move|p2b: Farigiraf|Psychic|p1b: Flutter Mane\n|-damage|p1b: Flutter Mane|9\/100\n|\n|-weather|Sandstorm|[upkeep]\n|-damage|p2a: Chi-Yu|11\/100|[from] Sandstorm\n|-damage|p1b: Flutter Mane|3\/100|[from] Sandstorm\n|upkeep\n|turn|5\n|\n|t:|1681915753\n|move|p1a: Maushold|Protect|p1a: Maushold\n|-singleturn|p1a: Maushold|Protect\n|move|p2b: Farigiraf|Protect|p2b: Farigiraf\n|-singleturn|p2b: Farigiraf|Protect\n|move|p2a: Chi-Yu|Heat Wave|p1a: Maushold|[spread] p1b\n|-activate|p1a: Maushold|move: Protect\n|-damage|p1b: Flutter Mane|0 fnt\n|faint|p1b: Flutter Mane\n|-end|p1b: Flutter Mane|Protosynthesis|[silent]\n|\n|-weather|none\n|upkeep\n|turn|6\n|-message|Joey2000 forfeited.\n|\n|win|ANTIVALLEY\n|raw|Joey2000's rating: 1137 → 1117<\/strong> (-20 for losing)\n|raw|ANTIVALLEY's rating: 1201 → 1221<\/strong> (+20 for winning)\n|l|\u2606Joey2000\n","uploadtime":1681915771,"views":5,"p1id":"joey2000","p2id":"antivalley","formatid":"gen9vgc2023regulationc","rating":1117,"private":0,"password":""}