{"id":"gen9vgc2023regulationc-1859494193","p1":"zippLapZapper","p2":"SilverDragon550","format":"[Gen 9] VGC 2023 Regulation C","log":"|j|\u2606zippLapZapper\n|j|\u2606SilverDragon550\n|t:|1683475543\n|gametype|doubles\n|player|p1|zippLapZapper|hilbert-wonderlauncher|\n|player|p2|SilverDragon550|silver|\n|teamsize|p1|6\n|teamsize|p2|6\n|gen|9\n|tier|[Gen 9] VGC 2023 Regulation C\n|rule|Species Clause: Limit one of each Pok\u00e9mon\n|rule|Item Clause: Limit one of each item\n|clearpoke\n|poke|p1|Garchomp, L50, M|\n|poke|p1|Talonflame, L50, F|\n|poke|p1|Flutter Mane, L50|\n|poke|p1|Iron Bundle, L50|\n|poke|p1|Chien-Pao, L50|\n|poke|p1|Tyranitar, L50, M|\n|poke|p2|Roaring Moon, L50|\n|poke|p2|Amoonguss, L50, M|\n|poke|p2|Palafin, L50, M|\n|poke|p2|Flutter Mane, L50|\n|poke|p2|Chien-Pao, L50|\n|poke|p2|Scizor, L50, M|\n|teampreview|4\n|c|\u2606zippLapZapper|G1\n|c|\u2606SilverDragon550|game 1\nzippLapZapper has agreed to open team sheets.\nSilverDragon550 has agreed to open team sheets.\n|c|\u2606zippLapZapper|lets wait for stream to arrive\n|c|\u2606SilverDragon550|yea good plan\n|c|\u2606zippLapZapper|if they are coming lol\n|c|\u2606SilverDragon550|yea hope i didnt cause confusion pointing out tflame with the tailwind thing lol\n|c|\u2606zippLapZapper|its ok\n|c|\u2606zippLapZapper|its nice of you haha\n|c|\u2606SilverDragon550|im fine with it since you shared its actual move\n|c|\u2606zippLapZapper|I hope they let us know if they are coming or not :D\n|c|\u2606zippLapZapper|well\n|c|\u2606zippLapZapper|lets start then\n|c|\u2606SilverDragon550|yea\n|c|\u2606zippLapZapper|gl hf\n|c|\u2606SilverDragon550|u 2\n|inactive|Battle timer is ON: inactive players will automatically lose when time's up. (requested by SilverDragon550)\n|inactive|SilverDragon550 has 60 seconds left.\n|inactive|SilverDragon550 has 30 seconds left.\n|inactive|zippLapZapper has 60 seconds left.\n|\n|t:|1683475902\n|start\n|switch|p1a: Talonflame|Talonflame, L50, F|100\/100\n|switch|p1b: Garchomp|Garchomp, L50, M|100\/100\n|switch|p2a: Eclipse|Roaring Moon, L50|100\/100\n|switch|p2b: Saitama|Palafin, L50, M, shiny|100\/100\n|-enditem|p2a: Eclipse|Booster Energy\n|-activate|p2a: Eclipse|ability: Protosynthesis|[fromitem]\n|-start|p2a: Eclipse|protosynthesisspe\n|turn|1\n|inactive|zippLapZapper has 30 seconds left.\n|inactive|SilverDragon550 has 30 seconds left.\n|inactive|SilverDragon550 has 20 seconds left.\n|inactive|SilverDragon550 has 15 seconds left.\n|inactive|SilverDragon550 has 10 seconds left.\n|\n|t:|1683475950\n|-terastallize|p2b: Saitama|Water\n|move|p1a: Talonflame|Tailwind|p1a: Talonflame\n|-sidestart|p1: zippLapZapper|move: Tailwind\n|move|p2b: Saitama|Jet Punch|p1a: Talonflame\n|-supereffective|p1a: Talonflame\n|-damage|p1a: Talonflame|0 fnt\n|faint|p1a: Talonflame\n|move|p1b: Garchomp|Rock Slide|p2b: Saitama|[spread] p2a,p2b\n|-damage|p2a: Eclipse|75\/100\n|-damage|p2b: Saitama|77\/100\n|move|p2a: Eclipse|Tailwind|p2a: Eclipse\n|-sidestart|p2: SilverDragon550|move: Tailwind\n|\n|upkeep\n|\n|t:|1683475963\n|switch|p1a: Tyranitar|Tyranitar, L50, M|100\/100\n|-weather|Sandstorm|[from] ability: Sand Stream|[of] p1a: Tyranitar\n|turn|2\n|\n|t:|1683475984\n|detailschange|p2b: Saitama|Palafin-Hero, L50, M, shiny, tera:Water\n|switch|p2b: SV VGC|Flutter Mane, L50|100\/100\n|-terastallize|p1a: Tyranitar|Grass\n|move|p2a: Eclipse|Protect|p2a: Eclipse\n|-singleturn|p2a: Eclipse|Protect\n|move|p1b: Garchomp|Rock Slide|p2a: Eclipse|[spread] p2b\n|-activate|p2a: Eclipse|move: Protect\n|-crit|p2b: SV VGC\n|-damage|p2b: SV VGC|52\/100\n|move|p1a: Tyranitar|Assurance|p2b: SV VGC\n|-damage|p2b: SV VGC|0 fnt\n|faint|p2b: SV VGC\n|-end|p2b: SV VGC|Protosynthesis|[silent]\n|\n|-weather|Sandstorm|[upkeep]\n|-damage|p2a: Eclipse|70\/100|[from] Sandstorm\n|-damage|p1a: Tyranitar|95\/100|[from] Sandstorm\n|upkeep\n|\n|t:|1683475998\n|switch|p2b: Bing Chiling|Chien-Pao, L50|100\/100\n|-ability|p2b: Bing Chiling|Sword of Ruin\n|turn|3\n|inactive|zippLapZapper has 30 seconds left.\n|inactive|zippLapZapper has 20 seconds left.\n|\n|t:|1683476034\n|move|p1b: Garchomp|Protect|p1b: Garchomp\n|-singleturn|p1b: Garchomp|Protect\n|move|p2a: Eclipse|Acrobatics|p1a: Tyranitar\n|-supereffective|p1a: Tyranitar\n|-damage|p1a: Tyranitar|5\/100\n|move|p2b: Bing Chiling|Ice Spinner|p1a: Tyranitar\n|-supereffective|p1a: Tyranitar\n|-damage|p1a: Tyranitar|0 fnt\n|faint|p1a: Tyranitar\n|\n|-weather|Sandstorm|[upkeep]\n|-damage|p2a: Eclipse|64\/100|[from] Sandstorm\n|-damage|p2b: Bing Chiling|95\/100|[from] Sandstorm\n|upkeep\n|\n|t:|1683476041\n|switch|p1a: Iron Bundle|Iron Bundle, L50|100\/100\n|-enditem|p1a: Iron Bundle|Booster Energy\n|-activate|p1a: Iron Bundle|ability: Quark Drive|[fromitem]\n|-start|p1a: Iron Bundle|quarkdrivespe\n|turn|4\n|inactive|SilverDragon550 has 30 seconds left.\n|inactive|SilverDragon550 has 20 seconds left.\n|\n|t:|1683476077\n|move|p2a: Eclipse|Protect|p2a: Eclipse\n|-singleturn|p2a: Eclipse|Protect\n|move|p1a: Iron Bundle|Icy Wind|p2a: Eclipse|[spread] p2b\n|-activate|p2a: Eclipse|move: Protect\n|-resisted|p2b: Bing Chiling\n|-damage|p2b: Bing Chiling|81\/100\n|-unboost|p2b: Bing Chiling|spe|1\n|move|p1b: Garchomp|Rock Slide|p2a: Eclipse|[spread] p2b\n|-activate|p2a: Eclipse|move: Protect\n|-supereffective|p2b: Bing Chiling\n|-damage|p2b: Bing Chiling|25\/100\n|move|p2b: Bing Chiling|Ice Spinner|p1b: Garchomp\n|-supereffective|p1b: Garchomp\n|-damage|p1b: Garchomp|0 fnt\n|-damage|p2b: Bing Chiling|13\/100|[from] ability: Rough Skin|[of] p1b: Garchomp\n|faint|p1b: Garchomp\n|\n|-weather|Sandstorm|[upkeep]\n|-damage|p1a: Iron Bundle|95\/100|[from] Sandstorm\n|-damage|p2a: Eclipse|58\/100|[from] Sandstorm\n|-damage|p2b: Bing Chiling|8\/100|[from] Sandstorm\n|-sideend|p1: zippLapZapper|move: Tailwind\n|-sideend|p2: SilverDragon550|move: Tailwind\n|upkeep\n|turn|5\n|inactive|SilverDragon550 has 30 seconds left.\n|inactive|SilverDragon550 has 20 seconds left.\n|inactive|SilverDragon550 has 15 seconds left.\n|inactive|SilverDragon550 has 10 seconds left.\n|\n|t:|1683476124\n|switch|p2b: Saitama|Palafin-Hero, L50, M, shiny, tera:Water|77\/100\n|-activate|p2b: Saitama|ability: Zero to Hero\n|move|p1a: Iron Bundle|Encore|p2a: Eclipse\n|-start|p2a: Eclipse|Encore\n|move|p2a: Eclipse|Protect||[still]\n|-fail|p2a: Eclipse\n|\n|-weather|Sandstorm|[upkeep]\n|-damage|p1a: Iron Bundle|89\/100|[from] Sandstorm\n|-damage|p2a: Eclipse|52\/100|[from] Sandstorm\n|-damage|p2b: Saitama|71\/100|[from] Sandstorm\n|upkeep\n|turn|6\n|\n|t:|1683476147\n|move|p2a: Eclipse|Protect|p2a: Eclipse\n|-singleturn|p2a: Eclipse|Protect\n|move|p1a: Iron Bundle|Freeze-Dry|p2b: Saitama\n|-supereffective|p2b: Saitama\n|-damage|p2b: Saitama|4\/100\n|-status|p2b: Saitama|frz\n|cant|p2b: Saitama|frz\n|\n|-weather|none\n|upkeep\n|turn|7\n|inactive|zippLapZapper has 30 seconds left.\n|inactive|SilverDragon550 has 30 seconds left.\n|inactive|SilverDragon550 has 20 seconds left.\n|inactive|SilverDragon550 has 15 seconds left.\n|\n|t:|1683476189\n|move|p2a: Eclipse|Protect||[still]\n|-fail|p2a: Eclipse\n|cant|p2b: Saitama|frz\n|move|p1a: Iron Bundle|Freeze-Dry|p2a: Eclipse\n|-supereffective|p2a: Eclipse\n|-damage|p2a: Eclipse|0 fnt\n|faint|p2a: Eclipse\n|-end|p2a: Eclipse|Protosynthesis|[silent]\n|\n|upkeep\n|\n|t:|1683476195\n|switch|p2a: Bing Chiling|Chien-Pao, L50|8\/100\n|-ability|p2a: Bing Chiling|Sword of Ruin\n|turn|8\n|\n|t:|1683476229\n|move|p1a: Iron Bundle|Icy Wind|p2a: Bing Chiling|[spread] p2a,p2b\n|-resisted|p2a: Bing Chiling\n|-resisted|p2b: Saitama\n|-damage|p2a: Bing Chiling|0 fnt\n|-damage|p2b: Saitama|0 fnt\n|faint|p2a: Bing Chiling\n|faint|p2b: Saitama\n|\n|win|zippLapZapper\n|c|\u2606SilverDragon550|gg\n|c|\u2606zippLapZapper|gg\n|j| flameingpigey2\n|l| flameingpigey2\n|l|\u2606SilverDragon550\n","uploadtime":1683477361,"views":16,"p1id":"zipplapzapper","p2id":"silverdragon550","formatid":"gen9vgc2023regulationc","rating":0,"private":0,"password":""}