{"id":"gen9vgc2023regulationc-1858927219","p1":"Carven 888","p2":"Mac\/Jade","format":"[Gen 9] VGC 2023 Regulation C","log":"|j|\u2606Carven 888\n|j|\u2606Mac\/Jade\n|t:|1683384378\n|gametype|doubles\n|player|p1|Carven 888|1|1077\n|player|p2|Mac\/Jade|lass|1000\n|teamsize|p1|6\n|teamsize|p2|6\n|gen|9\n|tier|[Gen 9] VGC 2023 Regulation C\n|rated|\n|rule|Species Clause: Limit one of each Pok\u00e9mon\n|rule|Item Clause: Limit one of each item\n|clearpoke\n|poke|p1|Maushold-Four, L50|\n|poke|p1|Murkrow, L50, F|\n|poke|p1|Ting-Lu, L50|\n|poke|p1|Flutter Mane, L50|\n|poke|p1|Kingambit, L50, F|\n|poke|p1|Arcanine, L50, M|\n|poke|p2|Orthworm, L50, F|\n|poke|p2|Iron Moth, L50|\n|poke|p2|Bombirdier, L50, M|\n|poke|p2|Kilowattrel, L50, M|\n|poke|p2|Azumarill, L50, F|\n|poke|p2|Goodra, L50, M|\n|teampreview|4\n|\n|t:|1683384399\n|start\n|switch|p1a: Murkrow|Murkrow, L50, F|100\/100\n|switch|p1b: Arcanine|Arcanine, L50, M|100\/100\n|switch|p2a: Iron Moth|Iron Moth, L50|100\/100\n|switch|p2b: Kilowattrel|Kilowattrel, L50, M|100\/100\n|-item|p2a: Iron Moth|Air Balloon\n|-ability|p1b: Arcanine|Intimidate|boost\n|-unboost|p2a: Iron Moth|atk|1\n|-unboost|p2b: Kilowattrel|atk|1\n|-ability|p2b: Kilowattrel|Competitive|boost\n|-boost|p2b: Kilowattrel|spa|2\n|turn|1\n|\n|t:|1683384429\n|-terastallize|p1b: Arcanine|Fire\n|move|p1a: Murkrow|Tailwind|p1a: Murkrow\n|-sidestart|p1: Carven 888|move: Tailwind\n|move|p1b: Arcanine|Flare Blitz|p2b: Kilowattrel\n|-enditem|p2b: Kilowattrel|Focus Sash\n|-damage|p2b: Kilowattrel|1\/100\n|-damage|p1b: Arcanine|71\/100|[from] Recoil\n|move|p2b: Kilowattrel|Electro Ball|p1a: Murkrow\n|-supereffective|p1a: Murkrow\n|-damage|p1a: Murkrow|7\/100\n|-enditem|p1a: Murkrow|Sitrus Berry|[eat]\n|-heal|p1a: Murkrow|32\/100|[from] item: Sitrus Berry\n|move|p2a: Iron Moth|Solar Beam||[still]\n|-prepare|p2a: Iron Moth|Solar Beam\n|\n|upkeep\n|turn|2\n|\n|t:|1683384455\n|move|p1b: Arcanine|Flare Blitz|p2a: Iron Moth\n|-resisted|p2a: Iron Moth\n|-damage|p2a: Iron Moth|27\/100\n|-enditem|p2a: Iron Moth|Air Balloon\n|-damage|p1b: Arcanine|44\/100|[from] Recoil\n|move|p1a: Murkrow|Foul Play|p2b: Kilowattrel\n|-damage|p2b: Kilowattrel|0 fnt\n|faint|p2b: Kilowattrel\n|move|p2a: Iron Moth|Solar Beam|p1a: Murkrow|[from]lockedmove\n|-resisted|p1a: Murkrow\n|-damage|p1a: Murkrow|10\/100\n|\n|upkeep\n|\n|t:|1683384464\n|switch|p2b: Azumarill|Azumarill, L50, F|100\/100\n|turn|3\n|\n|t:|1683384486\n|-terastallize|p2b: Azumarill|Fire\n|move|p2b: Azumarill|Aqua Jet|p1b: Arcanine\n|-supereffective|p1b: Arcanine\n|-damage|p1b: Arcanine|0 fnt\n|faint|p1b: Arcanine\n|move|p1a: Murkrow|Foul Play|p2a: Iron Moth\n|-damage|p2a: Iron Moth|9\/100\n|move|p2a: Iron Moth|Sludge Wave|p1a: Murkrow|[spread] p2b,p1a\n|-damage|p2b: Azumarill|79\/100\n|-damage|p1a: Murkrow|0 fnt\n|faint|p1a: Murkrow\n|\n|upkeep\n|\n|t:|1683384496\n|switch|p1b: Ting-Lu|Ting-Lu, L50|100\/100\n|switch|p1a: Maushold|Maushold-Four, L50|100\/100\n|-ability|p1b: Ting-Lu|Vessel of Ruin\n|turn|4\n|\n|t:|1683384512\n|move|p2b: Azumarill|Aqua Jet|p1b: Ting-Lu\n|-supereffective|p1b: Ting-Lu\n|-damage|p1b: Ting-Lu|66\/100\n|move|p1a: Maushold|Population Bomb|p2b: Azumarill\n|-damage|p2b: Azumarill|67\/100\n|-damage|p2b: Azumarill|56\/100\n|-damage|p2b: Azumarill|45\/100\n|-damage|p2b: Azumarill|33\/100\n|-damage|p2b: Azumarill|21\/100\n|-damage|p2b: Azumarill|10\/100\n|-damage|p2b: Azumarill|0 fnt\n|faint|p2b: Azumarill\n|-hitcount|p2: Azumarill|7\n|move|p2a: Iron Moth|Fiery Dance|p1a: Maushold\n|-damage|p1a: Maushold|56\/100\n|-boost|p2a: Iron Moth|spa|1\n|move|p1b: Ting-Lu|Fissure|p2a: Iron Moth|[miss]\n|-miss|p1b: Ting-Lu|p2a: Iron Moth\n|\n|-sideend|p1: Carven 888|move: Tailwind\n|upkeep\n|\n|t:|1683384516\n|switch|p2b: Orthworm|Orthworm, L50, F, shiny|100\/100\n|turn|5\n|\n|t:|1683384539\n|move|p1a: Maushold|Population Bomb|p2a: Iron Moth\n|-crit|p2a: Iron Moth\n|-damage|p2a: Iron Moth|0 fnt\n|faint|p2a: Iron Moth\n|-end|p2a: Iron Moth|Quark Drive|[silent]\n|-hitcount|p2: Iron Moth|1\n|move|p2b: Orthworm|Iron Defense|p2b: Orthworm\n|-boost|p2b: Orthworm|def|2\n|move|p1b: Ting-Lu|Stomping Tantrum|p2b: Orthworm\n|-immune|p2b: Orthworm|[from] ability: Earth Eater\n|\n|upkeep\n|turn|6\n|\n|t:|1683384559\n|move|p1a: Maushold|Population Bomb|p2b: Orthworm\n|-resisted|p2b: Orthworm\n|-damage|p2b: Orthworm|99\/100\n|-resisted|p2b: Orthworm\n|-damage|p2b: Orthworm|97\/100\n|-resisted|p2b: Orthworm\n|-damage|p2b: Orthworm|95\/100\n|-resisted|p2b: Orthworm\n|-damage|p2b: Orthworm|94\/100\n|-resisted|p2b: Orthworm\n|-damage|p2b: Orthworm|92\/100\n|-resisted|p2b: Orthworm\n|-damage|p2b: Orthworm|90\/100\n|-resisted|p2b: Orthworm\n|-damage|p2b: Orthworm|89\/100\n|-resisted|p2b: Orthworm\n|-damage|p2b: Orthworm|87\/100\n|-resisted|p2b: Orthworm\n|-damage|p2b: Orthworm|85\/100\n|-resisted|p2b: Orthworm\n|-damage|p2b: Orthworm|84\/100\n|-hitcount|p2b: Orthworm|10\n|move|p2b: Orthworm|Body Press|p1a: Maushold\n|-supereffective|p1a: Maushold\n|-damage|p1a: Maushold|0 fnt\n|faint|p1a: Maushold\n|move|p1b: Ting-Lu|Rock Slide|p2b: Orthworm\n|-resisted|p2b: Orthworm\n|-damage|p2b: Orthworm|80\/100\n|\n|-heal|p2b: Orthworm|86\/100|[from] item: Leftovers\n|upkeep\n|turn|7\n|\n|t:|1683384581\n|move|p2b: Orthworm|Body Press|p1b: Ting-Lu\n|-supereffective|p1b: Ting-Lu\n|-damage|p1b: Ting-Lu|0 fnt\n|faint|p1b: Ting-Lu\n|\n|win|Mac\/Jade\n|raw|Carven 888's rating: 1077 → 1051<\/strong> (-26 for losing)\n|raw|Mac/Jade's rating: 1000 → 1049<\/strong> (+49 for winning)\n|l|\u2606Carven 888\n|c|\u2606Mac\/Jade|Gg\n","uploadtime":1683384593,"views":7,"p1id":"carven888","p2id":"macjade","formatid":"gen9vgc2023regulationc","rating":1049,"private":0,"password":""}