{"id":"gen9vgc2023regulationc-1847481587","p1":"Bolt-Beam Studios","p2":"leafyarrow","format":"[Gen 9] VGC 2023 Regulation C","log":"|j|\u2606Bolt-Beam Studios\n|j|\u2606leafyarrow\n|t:|1681960560\n|gametype|doubles\n|player|p1|Bolt-Beam Studios|ghetsis|\n|player|p2|leafyarrow|1|\n|teamsize|p1|6\n|teamsize|p2|6\n|gen|9\n|tier|[Gen 9] VGC 2023 Regulation C\n|rated|Tournament battle\n|rule|Species Clause: Limit one of each Pok\u00e9mon\n|rule|Item Clause: Limit one of each item\n|clearpoke\n|poke|p1|Dondozo, L50, M|\n|poke|p1|Tatsugiri, L50, F|\n|poke|p1|Flutter Mane, L50|\n|poke|p1|Gothitelle, L50, F|\n|poke|p1|Scream Tail, L50|\n|poke|p1|Chien-Pao, L50|\n|poke|p2|Flutter Mane, L50|\n|poke|p2|Palafin, L50, F|\n|poke|p2|Amoonguss, L50, F|\n|poke|p2|Ting-Lu, L50|\n|poke|p2|Arcanine, L50, M|\n|poke|p2|Roaring Moon, L50|\n|teampreview|4\n|raw| Open Team Sheet for Bolt-Beam Studios<\/summary>Dondozo @ Leftovers Ability: Unaware Level: 50 Tera Type: Grass - Liquidation - Tera Blast - Order Up - Protect Tatsugiri @ Choice Scarf Ability: Commander Level: 50 Tera Type: Grass - Icy Wind - Muddy Water - Draco Meteor - Dragon Pulse Flutter Mane @ Focus Sash Ability: Protosynthesis Level: 50 Tera Type: Fairy - Dazzling Gleam - Taunt - Perish Song - Protect Gothitelle @ Sitrus Berry Ability: Shadow Tag Level: 50 Tera Type: Poison - Fake Out - Psychic - Protect - Heal Pulse Scream Tail @ Booster Energy Ability: Protosynthesis Level: 50 Tera Type: Grass - Play Rough - Protect - Perish Song - Disable Chien-Pao @ Life Orb Ability: Sword of Ruin Level: 50 Tera Type: Fire - Ice Spinner - Sacred Sword - Sucker Punch - Protect <\/details><\/div> Open Team Sheet for leafyarrow<\/summary>Flutter Mane @ Choice Specs Ability: Protosynthesis Level: 50 Tera Type: Fairy - Moonblast - Dazzling Gleam - Shadow Ball - Power Gem Palafin @ Mystic Water Ability: Zero to Hero Level: 50 Tera Type: Water - Jet Punch - Wave Crash - Haze - Protect Amoonguss @ Sitrus Berry Ability: Regenerator Level: 50 Tera Type: Flying - Pollen Puff - Protect - Spore - Rage Powder Ting-Lu @ Assault Vest Ability: Vessel of Ruin Level: 50 Tera Type: Poison - Ruination - Stomping Tantrum - Heavy Slam - Fissure Arcanine @ Safety Goggles Ability: Intimidate Level: 50 Tera Type: Grass - Flare Blitz - Will-O-Wisp - Protect - Extreme Speed Roaring Moon @ Booster Energy Ability: Protosynthesis Level: 50 Tera Type: Flying - Throat Chop - Acrobatics - Dragon Dance - Protect <\/details><\/div>\n|inactive|Battle timer is ON: inactive players will automatically lose when time's up. (requested by Bolt-Beam Studios)\n|inactive|leafyarrow has 60 seconds left.\n|inactive|leafyarrow has 30 seconds left.\n|\n|t:|1681960627\n|start\n|switch|p1a: Dondozo|Dondozo, L50, M|100\/100\n|switch|p1b: Tatsugiri|Tatsugiri, L50, F|100\/100\n|switch|p2a: Flutter Mane|Flutter Mane, L50|100\/100\n|switch|p2b: Arcanine|Arcanine, L50, M|100\/100\n|-activate|p1b: Tatsugiri|ability: Commander|[of] p1a: Dondozo\n|-boost|p1a: Dondozo|atk|2\n|-boost|p1a: Dondozo|spa|2\n|-boost|p1a: Dondozo|spe|2\n|-boost|p1a: Dondozo|def|2\n|-boost|p1a: Dondozo|spd|2\n|-ability|p2b: Arcanine|Intimidate|boost\n|-unboost|p1a: Dondozo|atk|1\n|-unboost|p1b: Tatsugiri|atk|1\n|turn|1\n|\n|t:|1681960651\n|-end|p2a: Flutter Mane|Protosynthesis|[silent]\n|switch|p2a: Amoonguss|Amoonguss, L50, F|100\/100\n|-terastallize|p2b: Arcanine|Grass\n|move|p1a: Dondozo|Protect|p1a: Dondozo\n|-singleturn|p1a: Dondozo|Protect\n|move|p2b: Arcanine|Will-O-Wisp|p1a: Dondozo\n|-activate|p1a: Dondozo|move: Protect\n|\n|upkeep\n|turn|2\n|\n|t:|1681960666\n|-terastallize|p1a: Dondozo|Grass\n|move|p1a: Dondozo|Order Up|p2b: Arcanine\n|-damage|p2b: Arcanine|62\/100\n|-boost|p1a: Dondozo|atk|1\n|move|p2b: Arcanine|Will-O-Wisp|p1a: Dondozo\n|-status|p1a: Dondozo|brn\n|move|p2a: Amoonguss|Pollen Puff|p1a: Dondozo\n|-supereffective|p1a: Dondozo\n|-damage|p1a: Dondozo|79\/100 brn\n|\n|-heal|p1a: Dondozo|85\/100 brn|[from] item: Leftovers\n|-damage|p1a: Dondozo|79\/100 brn|[from] brn\n|upkeep\n|turn|3\n|\n|t:|1681960682\n|switch|p2b: Roaring Moon|Roaring Moon, L50|100\/100\n|-enditem|p2b: Roaring Moon|Booster Energy\n|-activate|p2b: Roaring Moon|ability: Protosynthesis|[fromitem]\n|-start|p2b: Roaring Moon|protosynthesisspe\n|move|p2a: Amoonguss|Rage Powder|p2a: Amoonguss\n|-singleturn|p2a: Amoonguss|move: Rage Powder\n|move|p1a: Dondozo|Order Up|p2b: Roaring Moon\n|-supereffective|p2b: Roaring Moon\n|-damage|p2b: Roaring Moon|44\/100\n|-boost|p1a: Dondozo|atk|1\n|\n|-heal|p1a: Dondozo|85\/100 brn|[from] item: Leftovers\n|-damage|p1a: Dondozo|79\/100 brn|[from] brn\n|upkeep\n|turn|4\n|inactive|leafyarrow has 30 seconds left.\n|\n|t:|1681960708\n|move|p2b: Roaring Moon|Acrobatics|p1a: Dondozo\n|-supereffective|p1a: Dondozo\n|-damage|p1a: Dondozo|51\/100 brn\n|move|p1a: Dondozo|Order Up|p2b: Roaring Moon\n|-supereffective|p2b: Roaring Moon\n|-damage|p2b: Roaring Moon|0 fnt\n|faint|p2b: Roaring Moon\n|-end|p2b: Roaring Moon|Protosynthesis|[silent]\n|-boost|p1a: Dondozo|atk|1\n|move|p2a: Amoonguss|Pollen Puff|p2: Roaring Moon|[notarget]\n|-fail|p2a: Amoonguss\n|\n|-heal|p1a: Dondozo|57\/100 brn|[from] item: Leftovers\n|-damage|p1a: Dondozo|51\/100 brn|[from] brn\n|upkeep\n|\n|t:|1681960720\n|switch|p2b: Arcanine|Arcanine, L50, M, tera:Grass|62\/100\n|-ability|p2b: Arcanine|Intimidate|boost\n|-unboost|p1a: Dondozo|atk|1\n|-unboost|p1b: Tatsugiri|atk|1\n|turn|5\n|\n|t:|1681960740\n|move|p1a: Dondozo|Protect|p1a: Dondozo\n|-singleturn|p1a: Dondozo|Protect\n|move|p2b: Arcanine|Flare Blitz|p1a: Dondozo\n|-activate|p1a: Dondozo|move: Protect\n|move|p2a: Amoonguss|Pollen Puff|p2b: Arcanine\n|-heal|p2b: Arcanine|100\/100\n|\n|-heal|p1a: Dondozo|57\/100 brn|[from] item: Leftovers\n|-damage|p1a: Dondozo|51\/100 brn|[from] brn\n|upkeep\n|turn|6\n|\n|t:|1681960753\n|move|p1a: Dondozo|Liquidation|p2b: Arcanine\n|-resisted|p2b: Arcanine\n|-damage|p2b: Arcanine|78\/100\n|-unboost|p2b: Arcanine|def|1\n|move|p2b: Arcanine|Flare Blitz|p1a: Dondozo\n|-supereffective|p1a: Dondozo\n|-damage|p1a: Dondozo|23\/100 brn\n|-damage|p2b: Arcanine|66\/100|[from] Recoil\n|move|p2a: Amoonguss|Pollen Puff|p2b: Arcanine\n|-heal|p2b: Arcanine|100\/100\n|\n|-heal|p1a: Dondozo|29\/100 brn|[from] item: Leftovers\n|-damage|p1a: Dondozo|23\/100 brn|[from] brn\n|upkeep\n|turn|7\n|\n|t:|1681960773\n|move|p1a: Dondozo|Order Up|p2b: Arcanine\n|-damage|p2b: Arcanine|67\/100\n|-boost|p1a: Dondozo|atk|1\n|move|p2b: Arcanine|Flare Blitz|p1a: Dondozo\n|-supereffective|p1a: Dondozo\n|-damage|p1a: Dondozo|0 fnt\n|faint|p1a: Dondozo\n|-damage|p2b: Arcanine|58\/100|[from] Recoil\n|move|p2a: Amoonguss|Spore|p1b: Tatsugiri\n|-status|p1b: Tatsugiri|slp|[from] move: Spore\n|\n|upkeep\n|\n|t:|1681960778\n|switch|p1a: Chien-Pao|Chien-Pao, L50|100\/100\n|-ability|p1a: Chien-Pao|Sword of Ruin\n|turn|8\n|inactive|leafyarrow has 30 seconds left.\n|\n|t:|1681960803\n|move|p1a: Chien-Pao|Protect|p1a: Chien-Pao\n|-singleturn|p1a: Chien-Pao|Protect\n|move|p2a: Amoonguss|Rage Powder|p2a: Amoonguss\n|-singleturn|p2a: Amoonguss|move: Rage Powder\n|cant|p1b: Tatsugiri|slp\n|move|p2b: Arcanine|Will-O-Wisp|p1a: Chien-Pao\n|-activate|p1a: Chien-Pao|move: Protect\n|\n|upkeep\n|turn|9\n|\n|t:|1681960817\n|switch|p1a: Scream Tail|Scream Tail, L50|100\/100\n|-enditem|p1a: Scream Tail|Booster Energy\n|-activate|p1a: Scream Tail|ability: Protosynthesis|[fromitem]\n|-start|p1a: Scream Tail|protosynthesisspe\n|switch|p2b: Flutter Mane|Flutter Mane, L50|100\/100\n|-curestatus|p1b: Tatsugiri|slp|[msg]\n|move|p1b: Tatsugiri|Icy Wind|p2b: Flutter Mane|[spread] p2b\n|-miss|p1b: Tatsugiri|p2a: Amoonguss\n|-damage|p2b: Flutter Mane|88\/100\n|-unboost|p2b: Flutter Mane|spe|1\n|move|p2a: Amoonguss|Pollen Puff|p2b: Flutter Mane\n|-heal|p2b: Flutter Mane|100\/100\n|\n|upkeep\n|turn|10\n|inactive|leafyarrow has 30 seconds left.\n|\n|t:|1681960843\n|move|p1a: Scream Tail|Play Rough|p2b: Flutter Mane\n|-damage|p2b: Flutter Mane|54\/100\n|-unboost|p2b: Flutter Mane|atk|1\n|move|p1b: Tatsugiri|Icy Wind|p2b: Flutter Mane|[spread] p2a,p2b\n|-supereffective|p2a: Amoonguss\n|-damage|p2a: Amoonguss|80\/100\n|-damage|p2b: Flutter Mane|42\/100\n|-unboost|p2a: Amoonguss|spe|1\n|-unboost|p2b: Flutter Mane|spe|1\n|move|p2b: Flutter Mane|Moonblast|p1b: Tatsugiri\n|-supereffective|p1b: Tatsugiri\n|-damage|p1b: Tatsugiri|0 fnt\n|faint|p1b: Tatsugiri\n|move|p2a: Amoonguss|Pollen Puff|p1a: Scream Tail\n|-damage|p1a: Scream Tail|87\/100\n|\n|upkeep\n|\n|t:|1681960850\n|switch|p1b: Chien-Pao|Chien-Pao, L50|100\/100\n|-ability|p1b: Chien-Pao|Sword of Ruin\n|turn|11\n|\n|t:|1681960871\n|-end|p2b: Flutter Mane|Protosynthesis|[silent]\n|switch|p2b: Arcanine|Arcanine, L50, M, tera:Grass|58\/100\n|-ability|p2b: Arcanine|Intimidate|boost\n|-unboost|p1a: Scream Tail|atk|1\n|-unboost|p1b: Chien-Pao|atk|1\n|move|p1b: Chien-Pao|Protect|p1b: Chien-Pao\n|-singleturn|p1b: Chien-Pao|Protect\n|move|p1a: Scream Tail|Disable|p2a: Amoonguss\n|-start|p2a: Amoonguss|Disable|Pollen Puff\n|move|p2a: Amoonguss|Spore|p1b: Chien-Pao\n|-activate|p1b: Chien-Pao|move: Protect\n|\n|upkeep\n|turn|12\n|\n|t:|1681960894\n|move|p2a: Amoonguss|Rage Powder|p2a: Amoonguss\n|-singleturn|p2a: Amoonguss|move: Rage Powder\n|move|p1a: Scream Tail|Play Rough|p2a: Amoonguss\n|-resisted|p2a: Amoonguss\n|-damage|p2a: Amoonguss|71\/100\n|move|p1b: Chien-Pao|Ice Spinner|p2a: Amoonguss\n|-supereffective|p2a: Amoonguss\n|-damage|p2a: Amoonguss|3\/100\n|-enditem|p2a: Amoonguss|Sitrus Berry|[eat]\n|-heal|p2a: Amoonguss|28\/100|[from] item: Sitrus Berry\n|-damage|p1b: Chien-Pao|91\/100|[from] item: Life Orb\n|move|p2b: Arcanine|Flare Blitz|p1b: Chien-Pao\n|-supereffective|p1b: Chien-Pao\n|-damage|p1b: Chien-Pao|0 fnt\n|faint|p1b: Chien-Pao\n|-damage|p2b: Arcanine|34\/100|[from] Recoil\n|\n|upkeep\n|turn|13\n|inactive|leafyarrow has 30 seconds left.\n|\n|t:|1681960921\n|move|p1a: Scream Tail|Play Rough|p2b: Arcanine\n|-damage|p2b: Arcanine|18\/100\n|-unboost|p2b: Arcanine|atk|1\n|move|p2b: Arcanine|Flare Blitz|p1a: Scream Tail\n|-damage|p1a: Scream Tail|61\/100\n|-damage|p2b: Arcanine|9\/100|[from] Recoil\n|move|p2a: Amoonguss|Spore|p1a: Scream Tail\n|-status|p1a: Scream Tail|slp|[from] move: Spore\n|\n|upkeep\n|turn|14\n|\n|t:|1681960940\n|move|p2a: Amoonguss|Rage Powder|p2a: Amoonguss\n|-singleturn|p2a: Amoonguss|move: Rage Powder\n|cant|p1a: Scream Tail|slp\n|move|p2b: Arcanine|Flare Blitz|p1a: Scream Tail\n|-damage|p1a: Scream Tail|36\/100 slp\n|-damage|p2b: Arcanine|0 fnt|[from] Recoil\n|faint|p2b: Arcanine\n|\n|-end|p2a: Amoonguss|Disable\n|upkeep\n|\n|t:|1681960949\n|switch|p2b: Flutter Mane|Flutter Mane, L50|42\/100\n|turn|15\n|\n|t:|1681960955\n|move|p2a: Amoonguss|Rage Powder|p2a: Amoonguss\n|-singleturn|p2a: Amoonguss|move: Rage Powder\n|cant|p1a: Scream Tail|slp\n|move|p2b: Flutter Mane|Shadow Ball|p1a: Scream Tail\n|-supereffective|p1a: Scream Tail\n|-damage|p1a: Scream Tail|0 fnt\n|faint|p1a: Scream Tail\n|-end|p1a: Scream Tail|Protosynthesis|[silent]\n|\n|win|leafyarrow\n|n|\u2606Bolt-Beam Studios|boltbeamstudios\n|n|\u2606leafyarrow|leafyarrow\n|c|\u2606Bolt-Beam Studios|gg\n|c|\u2606leafyarrow|gg\n","uploadtime":1681960966,"views":10,"p1id":"boltbeamstudios","p2id":"leafyarrow","formatid":"gen9vgc2023regulationc","rating":0,"private":0,"password":""}