{"id":"gen9vgc2023regulationc-1851126714","p1":"Bravo la b es muda","p2":"mewfours","format":"[Gen 9] VGC 2023 Regulation C","log":"|j|\u2606Bravo la b es muda\n|j|\u2606mewfours\n|t:|1682413636\n|gametype|doubles\n|player|p1|Bravo la b es muda|266|1218\n|player|p2|mewfours|102|1213\n|teamsize|p1|6\n|teamsize|p2|6\n|gen|9\n|tier|[Gen 9] VGC 2023 Regulation C\n|rated|\n|rule|Species Clause: Limit one of each Pok\u00e9mon\n|rule|Item Clause: Limit one of each item\n|clearpoke\n|poke|p1|Indeedee-F, L50, F|\n|poke|p1|Hatterene, L50, F|\n|poke|p1|Torkoal, L50, M|\n|poke|p1|Kingambit, L50, M|\n|poke|p1|Hariyama, L50, M|\n|poke|p1|Oranguru, L50, M|\n|poke|p2|Dachsbun, L50, M|\n|poke|p2|Chi-Yu, L50|\n|poke|p2|Dragonite, L50, M|\n|poke|p2|Chien-Pao, L50|\n|poke|p2|Flutter Mane, L50|\n|poke|p2|Palafin, L50, F|\n|teampreview|4\n|\n|t:|1682413703\n|start\n|switch|p1a: Indeedee|Indeedee-F, L50, F|100\/100\n|switch|p1b: Hatterene|Hatterene, L50, F|100\/100\n|switch|p2a: Chien-Pao|Chien-Pao, L50|100\/100\n|switch|p2b: Chi-Yu|Chi-Yu, L50|100\/100\n|-ability|p2b: Chi-Yu|Beads of Ruin\n|-ability|p2a: Chien-Pao|Sword of Ruin\n|-fieldstart|move: Psychic Terrain|[from] ability: Psychic Surge|[of] p1a: Indeedee\n|-enditem|p1a: Indeedee|Psychic Seed\n|-boost|p1a: Indeedee|spd|1|[from] item: Psychic Seed\n|turn|1\n|\n|t:|1682413776\n|move|p1a: Indeedee|Follow Me|p1a: Indeedee\n|-singleturn|p1a: Indeedee|move: Follow Me\n|move|p2b: Chi-Yu|Snarl|p1a: Indeedee|[spread] p1a,p1b\n|-supereffective|p1a: Indeedee\n|-damage|p1a: Indeedee|60\/100\n|-damage|p1b: Hatterene|64\/100\n|-unboost|p1a: Indeedee|spa|1\n|-unboost|p1b: Hatterene|spa|1\n|move|p2a: Chien-Pao|Ice Spinner|p1a: Indeedee\n|-damage|p1a: Indeedee|7\/100\n|-fieldend|move: Psychic Terrain\n|move|p1b: Hatterene|Trick Room|p1b: Hatterene\n|-fieldstart|move: Trick Room|[of] p1b: Hatterene\n|\n|upkeep\n|turn|2\n|\n|t:|1682413801\n|move|p1a: Indeedee|Helping Hand|p1b: Hatterene\n|-singleturn|p1b: Hatterene|Helping Hand|[of] p1a: Indeedee\n|move|p1b: Hatterene|Dazzling Gleam|p2b: Chi-Yu|[spread] p2a,p2b\n|-supereffective|p2a: Chien-Pao\n|-enditem|p2a: Chien-Pao|Focus Sash\n|-damage|p2a: Chien-Pao|1\/100\n|-damage|p2b: Chi-Yu|51\/100\n|-damage|p1b: Hatterene|55\/100|[from] item: Life Orb\n|move|p2a: Chien-Pao|Ice Spinner|p1b: Hatterene\n|-damage|p1b: Hatterene|0 fnt\n|faint|p1b: Hatterene\n|move|p2b: Chi-Yu|Snarl|p1a: Indeedee\n|-supereffective|p1a: Indeedee\n|-damage|p1a: Indeedee|0 fnt\n|faint|p1a: Indeedee\n|\n|upkeep\n|\n|t:|1682413816\n|switch|p1b: Torkoal|Torkoal, L50, M|100\/100\n|switch|p1a: Kingambit|Kingambit, L50, M|100\/100\n|-weather|SunnyDay|[from] ability: Drought|[of] p1b: Torkoal\n|turn|3\n|\n|t:|1682413869\n|switch|p2b: Dachsbun|Dachsbun, L50, M|100\/100\n|move|p2a: Chien-Pao|Protect|p2a: Chien-Pao\n|-singleturn|p2a: Chien-Pao|Protect\n|move|p1b: Torkoal|Eruption|p2b: Dachsbun|[spread] \n|-activate|p2a: Chien-Pao|move: Protect\n|-ability|p2b: Dachsbun|Well-Baked Body|boost\n|-boost|p2b: Dachsbun|def|2\n|move|p1a: Kingambit|Kowtow Cleave|p2b: Dachsbun\n|-resisted|p2b: Dachsbun\n|-crit|p2b: Dachsbun\n|-damage|p2b: Dachsbun|57\/100\n|\n|-weather|SunnyDay|[upkeep]\n|-heal|p2b: Dachsbun|63\/100|[from] item: Leftovers\n|upkeep\n|turn|4\n|inactive|Battle timer is ON: inactive players will automatically lose when time's up. (requested by Bravo la b es muda)\n|inactive|mewfours has 60 seconds left.\n|inactive|mewfours has 30 seconds left.\n|inactive|mewfours has 20 seconds left.\n|inactive|mewfours has 15 seconds left.\n|inactive|mewfours has 10 seconds left.\n|inactive|mewfours has 5 seconds left.\n|\n|t:|1682414035\n|-terastallize|p1a: Kingambit|Dark\n|move|p1b: Torkoal|Flamethrower|p2a: Chien-Pao\n|-supereffective|p2a: Chien-Pao\n|-damage|p2a: Chien-Pao|0 fnt\n|faint|p2a: Chien-Pao\n|move|p1a: Kingambit|Iron Head|p2b: Dachsbun\n|-supereffective|p2b: Dachsbun\n|-damage|p2b: Dachsbun|19\/100\n|move|p2b: Dachsbun|Body Press|p1b: Torkoal\n|-damage|p1b: Torkoal|69\/100\n|\n|-weather|SunnyDay|[upkeep]\n|-heal|p2b: Dachsbun|25\/100|[from] item: Leftovers\n|upkeep\n|inactive|mewfours has 30 seconds left.\n|inactive|mewfours has 20 seconds left.\n|inactive|mewfours has 15 seconds left.\n|inactive|mewfours has 10 seconds left.\n|inactive|mewfours has 5 seconds left.\n|\n|t:|1682414090\n|switch|p2a: Dragonite|Dragonite, L50, M|100\/100\n|turn|5\n|inactive|Bravo la b es muda has 30 seconds left.\n|inactive|mewfours has 30 seconds left.\n|inactive|Bravo la b es muda has 20 seconds left.\n|inactive|mewfours has 20 seconds left.\n|inactive|Bravo la b es muda has 15 seconds left.\n|inactive|mewfours has 15 seconds left.\n|inactive|Bravo la b es muda has 10 seconds left.\n|inactive|mewfours has 10 seconds left.\n|inactive|Bravo la b es muda has 5 seconds left.\n|inactive|mewfours has 5 seconds left.\n|\n|t:|1682414145\n|move|p2a: Dragonite|Protect|p2a: Dragonite\n|-singleturn|p2a: Dragonite|Protect\n|move|p1b: Torkoal|Eruption|p2a: Dragonite|[spread] \n|-activate|p2a: Dragonite|move: Protect\n|-ability|p2b: Dachsbun|Well-Baked Body|boost\n|-boost|p2b: Dachsbun|def|2\n|move|p1a: Kingambit|Kowtow Cleave|p2a: Dragonite\n|-activate|p2a: Dragonite|move: Protect\n|move|p2b: Dachsbun|Body Press|p1b: Torkoal\n|-damage|p1b: Torkoal|23\/100\n|\n|-weather|SunnyDay|[upkeep]\n|-heal|p2b: Dachsbun|31\/100|[from] item: Leftovers\n|-fieldend|move: Trick Room\n|upkeep\n|turn|6\n|inactive|Bravo la b es muda has 30 seconds left.\n|inactive|mewfours has 30 seconds left.\n|inactive|Bravo la b es muda has 20 seconds left.\n|inactive|mewfours has 20 seconds left.\n|inactive|Bravo la b es muda has 15 seconds left.\n|inactive|mewfours has 15 seconds left.\n|inactive|Bravo la b es muda has 10 seconds left.\n|inactive|mewfours has 10 seconds left.\n|inactive|Bravo la b es muda has 5 seconds left.\n|inactive|mewfours has 5 seconds left.\n|\n|t:|1682414200\n|move|p2a: Dragonite|Protect||[still]\n|-fail|p2a: Dragonite\n|move|p2b: Dachsbun|Body Press|p1b: Torkoal\n|-damage|p1b: Torkoal|0 fnt\n|faint|p1b: Torkoal\n|move|p1a: Kingambit|Kowtow Cleave|p2a: Dragonite\n|-damage|p2a: Dragonite|43\/100\n|\n|-weather|SunnyDay|[upkeep]\n|-heal|p2b: Dachsbun|37\/100|[from] item: Leftovers\n|upkeep\n|turn|7\n|inactive|Bravo la b es muda has 30 seconds left.\n|inactive|mewfours has 30 seconds left.\n|inactive|Bravo la b es muda has 20 seconds left.\n|inactive|mewfours has 20 seconds left.\n|inactive|Bravo la b es muda has 15 seconds left.\n|inactive|mewfours has 15 seconds left.\n|inactive|Bravo la b es muda has 10 seconds left.\n|inactive|mewfours has 10 seconds left.\n|inactive|Bravo la b es muda has 5 seconds left.\n|inactive|mewfours has 5 seconds left.\n|\n|t:|1682414255\n|move|p2a: Dragonite|Protect|p2a: Dragonite\n|-singleturn|p2a: Dragonite|Protect\n|move|p2b: Dachsbun|Body Press|p1a: Kingambit\n|-supereffective|p1a: Kingambit\n|-damage|p1a: Kingambit|15\/100\n|move|p1a: Kingambit|Kowtow Cleave|p2a: Dragonite\n|-activate|p2a: Dragonite|move: Protect\n|\n|-weather|none\n|-heal|p2b: Dachsbun|43\/100|[from] item: Leftovers\n|upkeep\n|turn|8\n|inactive|Bravo la b es muda has 30 seconds left.\n|inactive|Bravo la b es muda has 20 seconds left.\n|inactive|Bravo la b es muda has 15 seconds left.\n|inactive|Bravo la b es muda has 10 seconds left.\n|inactive|Bravo la b es muda has 5 seconds left.\n|\n|t:|1682414310\n|-terastallize|p2a: Dragonite|Normal\n|move|p2a: Dragonite|Extreme Speed|p1a: Kingambit\n|-damage|p1a: Kingambit|0 fnt\n|faint|p1a: Kingambit\n|-damage|p2a: Dragonite|33\/100|[from] item: Life Orb\n|\n|win|mewfours\n|raw|Bravo la b es muda's rating: 1218 → 1193<\/strong> (-25 for losing)\n|raw|mewfours's rating: 1213 → 1238<\/strong> (+25 for winning)\n","uploadtime":1682414319,"views":9,"p1id":"bravolabesmuda","p2id":"mewfours","formatid":"gen9vgc2023regulationc","rating":1193,"private":0,"password":""}