{"id":"gen9vgc2023regulationc-1847222119","p1":"Philzkidd","p2":"PkMnTrainerPavlos","format":"[Gen 9] VGC 2023 Regulation C","log":"|j|\u2606Philzkidd\n|j|\u2606PkMnTrainerPavlos\n|t:|1681929032\n|gametype|doubles\n|player|p1|Philzkidd|266|1095\n|player|p2|PkMnTrainerPavlos|lusamine-masters|1000\n|teamsize|p1|6\n|teamsize|p2|6\n|gen|9\n|tier|[Gen 9] VGC 2023 Regulation C\n|rated|\n|rule|Species Clause: Limit one of each Pok\u00e9mon\n|rule|Item Clause: Limit one of each item\n|clearpoke\n|poke|p1|Chien-Pao, L50|\n|poke|p1|Annihilape, L50, F|\n|poke|p1|Arcanine, L50, M|\n|poke|p1|Flutter Mane, L50|\n|poke|p1|Iron Bundle, L50|\n|poke|p1|Palafin, L50, M|\n|poke|p2|Meowscarada, L50, F|\n|poke|p2|Sawsbuck, L50, F|\n|poke|p2|Ting-Lu, L50|\n|poke|p2|Pelipper, L50, F|\n|poke|p2|Floatzel, L50, F|\n|poke|p2|Murkrow, L50, F|\n|teampreview|4\nPhilzkidd has agreed to open team sheets.\nPkMnTrainerPavlos rejected open team sheets.\n|inactive|Battle timer is ON: inactive players will automatically lose when time's up. (requested by Philzkidd)\n|\n|t:|1681929089\n|start\n|switch|p1a: Flutter Mane|Flutter Mane, L50|100\/100\n|switch|p1b: Arcanine|Arcanine, L50, M|100\/100\n|switch|p2a: Murkrow|Murkrow, L50, F|100\/100\n|switch|p2b: Ting-Lu|Ting-Lu, L50|100\/100\n|-ability|p1b: Arcanine|Intimidate|boost\n|-unboost|p2a: Murkrow|atk|1\n|-unboost|p2b: Ting-Lu|atk|1\n|-ability|p2b: Ting-Lu|Vessel of Ruin\n|turn|1\n|inactive|Philzkidd has 30 seconds left.\n|inactive|PkMnTrainerPavlos has 30 seconds left.\n|inactive|Philzkidd has 20 seconds left.\n|inactive|PkMnTrainerPavlos has 20 seconds left.\n|inactive|PkMnTrainerPavlos has 15 seconds left.\n|inactive|PkMnTrainerPavlos has 10 seconds left.\n|inactive|PkMnTrainerPavlos has 5 seconds left.\n|\n|t:|1681929144\n|move|p2a: Murkrow|Thunder Wave|p1a: Flutter Mane\n|-status|p1a: Flutter Mane|par\n|move|p1b: Arcanine|Will-O-Wisp|p2b: Ting-Lu\n|-status|p2b: Ting-Lu|brn\n|move|p1a: Flutter Mane|Dazzling Gleam|p2a: Murkrow|[spread] p2a,p2b\n|-supereffective|p2a: Murkrow\n|-supereffective|p2b: Ting-Lu\n|-damage|p2a: Murkrow|42\/100\n|-damage|p2b: Ting-Lu|49\/100 brn\n|move|p2b: Ting-Lu|Body Press|p1b: Arcanine\n|-damage|p1b: Arcanine|85\/100\n|\n|-heal|p2b: Ting-Lu|55\/100 brn|[from] item: Leftovers\n|-damage|p2b: Ting-Lu|49\/100 brn|[from] brn\n|upkeep\n|turn|2\n|\n|t:|1681929166\n|move|p1b: Arcanine|Extreme Speed|p2a: Murkrow\n|-crit|p2a: Murkrow\n|-damage|p2a: Murkrow|0 fnt\n|faint|p2a: Murkrow\n|cant|p1a: Flutter Mane|par\n|move|p2b: Ting-Lu|Ruination|p1b: Arcanine\n|-damage|p1b: Arcanine|43\/100\n|\n|-heal|p2b: Ting-Lu|55\/100 brn|[from] item: Leftovers\n|-damage|p2b: Ting-Lu|49\/100 brn|[from] brn\n|upkeep\n|\n|t:|1681929180\n|switch|p2a: Pelipper|Pelipper, L50, F|100\/100\n|-weather|RainDance|[from] ability: Drizzle|[of] p2a: Pelipper\n|turn|3\n|\n|t:|1681929197\n|-terastallize|p1b: Arcanine|Flying\n|move|p1b: Arcanine|Extreme Speed|p2a: Pelipper\n|-damage|p2a: Pelipper|76\/100\n|move|p1a: Flutter Mane|Dazzling Gleam|p2b: Ting-Lu|[spread] p2a,p2b\n|-supereffective|p2b: Ting-Lu\n|-damage|p2a: Pelipper|30\/100\n|-damage|p2b: Ting-Lu|0 fnt\n|faint|p2b: Ting-Lu\n|move|p2a: Pelipper|Hydro Pump|p1b: Arcanine|[miss]\n|-miss|p2a: Pelipper|p1b: Arcanine\n|\n|-weather|RainDance|[upkeep]\n|upkeep\n|\n|t:|1681929209\n|switch|p2b: Floatzel|Floatzel, L50, F|100\/100\n|turn|4\n|\n|t:|1681929221\n|-end|p1a: Flutter Mane|Protosynthesis|[silent]\n|switch|p1a: Annihilape|Annihilape, L50, F|100\/100\n|move|p1b: Arcanine|Extreme Speed|p2a: Pelipper\n|-damage|p2a: Pelipper|6\/100\n|move|p2b: Floatzel|Ice Punch|p1b: Arcanine\n|-supereffective|p1b: Arcanine\n|-damage|p1b: Arcanine|0 fnt\n|faint|p1b: Arcanine\n|move|p2a: Pelipper|Hurricane|p1a: Annihilape\n|-supereffective|p1a: Annihilape\n|-damage|p1a: Annihilape|16\/100\n|-start|p1a: Annihilape|confusion\n|\n|-weather|RainDance|[upkeep]\n|-heal|p1a: Annihilape|22\/100|[from] item: Leftovers\n|upkeep\n|\n|t:|1681929243\n|switch|p1b: Chien-Pao|Chien-Pao, L50|100\/100\n|-ability|p1b: Chien-Pao|Sword of Ruin\n|turn|5\n|\n|t:|1681929267\n|move|p1b: Chien-Pao|Sucker Punch|p2a: Pelipper\n|-damage|p2a: Pelipper|0 fnt\n|faint|p2a: Pelipper\n|move|p2b: Floatzel|Wave Crash|p1b: Chien-Pao\n|-enditem|p1b: Chien-Pao|Focus Sash\n|-damage|p1b: Chien-Pao|1\/100\n|-damage|p2b: Floatzel|69\/100|[from] Recoil\n|-activate|p1a: Annihilape|confusion\n|-damage|p1a: Annihilape|8\/100|[from] confusion\n|\n|-weather|RainDance|[upkeep]\n|-heal|p1a: Annihilape|14\/100|[from] item: Leftovers\n|upkeep\n|turn|6\n|inactive|Philzkidd has 30 seconds left.\n|\n|t:|1681929296\n|move|p2b: Floatzel|Aqua Jet|p1b: Chien-Pao\n|-damage|p1b: Chien-Pao|0 fnt\n|faint|p1b: Chien-Pao\n|-activate|p1a: Annihilape|confusion\n|move|p1a: Annihilape|Rage Fist|p2b: Floatzel\n|-damage|p2b: Floatzel|0 fnt\n|faint|p2b: Floatzel\n|\n|win|Philzkidd\n|raw|Philzkidd's rating: 1095 → 1114<\/strong> (+19 for winning)\n|raw|PkMnTrainerPavlos's rating: 1000 → 1000<\/strong> (+0 for losing)\n|l|\u2606PkMnTrainerPavlos\n","uploadtime":1681929799,"views":15,"p1id":"philzkidd","p2id":"pkmntrainerpavlos","formatid":"gen9vgc2023regulationc","rating":1000,"private":0,"password":""}