{"id":"gen9vgc2023regulationc-1850336857","p1":"Ace Trainer Lego","p2":"Dr.Optimal","format":"[Gen 9] VGC 2023 Regulation C","log":"|j|\u2606Ace Trainer Lego\n|j|\u2606Dr.Optimal\n|t:|1682320495\n|gametype|doubles\n|player|p1|Ace Trainer Lego|miriam|1206\n|player|p2|Dr.Optimal|waiter|1119\n|teamsize|p1|6\n|teamsize|p2|6\n|gen|9\n|tier|[Gen 9] VGC 2023 Regulation C\n|rated|\n|rule|Species Clause: Limit one of each Pok\u00e9mon\n|rule|Item Clause: Limit one of each item\n|clearpoke\n|poke|p1|Dragapult, L50, M|\n|poke|p1|Chien-Pao, L50|\n|poke|p1|Scizor, L50, M|\n|poke|p1|Gothitelle, L50, M|\n|poke|p1|Rotom-Frost, L50|\n|poke|p1|Espathra, L50, F|\n|poke|p2|Chi-Yu, L50|\n|poke|p2|Dachsbun, L50, M|\n|poke|p2|Dragonite, L50, F|\n|poke|p2|Flutter Mane, L50|\n|poke|p2|Tauros-Paldea-Aqua, L50, M|\n|poke|p2|Gholdengo, L50|\n|teampreview|4\n|c|\u2606Ace Trainer Lego|I am so sorry\n|c|\u2606Ace Trainer Lego|I just made this trash pile\n|c|\u2606Ace Trainer Lego|I will proceed to press buttons and most likely lose\n|c|\u2606Dr.Optimal|glhf anyways\n|c|\u2606Ace Trainer Lego|u2\n|\n|t:|1682320649\n|start\n|switch|p1a: Gothitelle|Gothitelle, L50, M, shiny|100\/100\n|switch|p1b: Rotom|Rotom-Frost, L50|100\/100\n|switch|p2a: Chi-Yu|Chi-Yu, L50|100\/100\n|switch|p2b: Dachsbun|Dachsbun, L50, M|100\/100\n|-ability|p2a: Chi-Yu|Beads of Ruin\n|turn|1\n|\n|t:|1682320685\n|move|p1a: Gothitelle|Fake Out|p2a: Chi-Yu\n|-damage|p2a: Chi-Yu|92\/100\n|cant|p2a: Chi-Yu|flinch\n|move|p2b: Dachsbun|Body Press|p1b: Rotom\n|-supereffective|p1b: Rotom\n|-damage|p1b: Rotom|61\/100\n|move|p1b: Rotom|Volt Switch|p2b: Dachsbun\n|-damage|p2b: Dachsbun|69\/100\n|\n|t:|1682320698\n|switch|p1b: Dragapult|Dragapult, L50, M|100\/100|[from] Volt Switch\n|\n|-heal|p2b: Dachsbun|75\/100|[from] item: Leftovers\n|upkeep\n|turn|2\n|\n|t:|1682320723\n|move|p1a: Gothitelle|Protect|p1a: Gothitelle\n|-singleturn|p1a: Gothitelle|Protect\n|move|p2a: Chi-Yu|Dark Pulse|p1b: Dragapult\n|-supereffective|p1b: Dragapult\n|-damage|p1b: Dragapult|0 fnt\n|faint|p1b: Dragapult\n|move|p2b: Dachsbun|Yawn|p1a: Gothitelle\n|-activate|p1a: Gothitelle|move: Protect\n|\n|-heal|p2b: Dachsbun|81\/100|[from] item: Leftovers\n|upkeep\n|\n|t:|1682320739\n|switch|p1b: Chien-Pao|Chien-Pao, L50|100\/100\n|-ability|p1b: Chien-Pao|Sword of Ruin\n|turn|3\n|\n|t:|1682320750\n|switch|p1a: Rotom|Rotom-Frost, L50|61\/100\n|move|p2a: Chi-Yu|Dark Pulse|p1a: Rotom\n|-damage|p1a: Rotom|8\/100\n|move|p1b: Chien-Pao|Sacred Sword|p2a: Chi-Yu\n|-supereffective|p2a: Chi-Yu\n|-damage|p2a: Chi-Yu|0 fnt\n|faint|p2a: Chi-Yu\n|move|p2b: Dachsbun|Body Press|p1b: Chien-Pao\n|-supereffective|p1b: Chien-Pao\n|-enditem|p1b: Chien-Pao|Focus Sash\n|-damage|p1b: Chien-Pao|1\/100\n|\n|-heal|p2b: Dachsbun|87\/100|[from] item: Leftovers\n|-heal|p1a: Rotom|13\/100|[from] item: Leftovers\n|upkeep\n|\n|t:|1682320771\n|switch|p2a: Gholdengo|Gholdengo, L50|100\/100\n|turn|4\n|\n|t:|1682320793\n|move|p1b: Chien-Pao|Protect|p1b: Chien-Pao\n|-singleturn|p1b: Chien-Pao|Protect\n|move|p2a: Gholdengo|Make It Rain|p1a: Rotom|[spread] p1a\n|-activate|p1b: Chien-Pao|move: Protect\n|-damage|p1a: Rotom|0 fnt\n|-unboost|p2a: Gholdengo|spa|1\n|faint|p1a: Rotom\n|move|p2b: Dachsbun|Wish|p2b: Dachsbun\n|\n|-heal|p2b: Dachsbun|93\/100|[from] item: Leftovers\n|upkeep\n|\n|t:|1682320800\n|switch|p1a: Gothitelle|Gothitelle, L50, M, shiny|100\/100\n|turn|5\n|\n|t:|1682320813\n|-terastallize|p1b: Chien-Pao|Ghost\n|move|p1a: Gothitelle|Fake Out|p2b: Dachsbun\n|-damage|p2b: Dachsbun|86\/100\n|move|p1b: Chien-Pao|Sucker Punch|p2a: Gholdengo\n|-supereffective|p2a: Gholdengo\n|-crit|p2a: Gholdengo\n|-damage|p2a: Gholdengo|0 fnt\n|faint|p2a: Gholdengo\n|cant|p2b: Dachsbun|flinch\n|\n|-heal|p2b: Dachsbun|100\/100|[from] move: Wish|[wisher] Dachsbun\n|upkeep\n|\n|t:|1682320836\n|switch|p2a: Flutter Mane|Flutter Mane, L50|100\/100\n|-enditem|p2a: Flutter Mane|Booster Energy\n|-activate|p2a: Flutter Mane|ability: Protosynthesis|[fromitem]\n|-start|p2a: Flutter Mane|protosynthesisspe\n|turn|6\n|\n|t:|1682320856\n|move|p1a: Gothitelle|Helping Hand|p1b: Chien-Pao\n|-singleturn|p1b: Chien-Pao|Helping Hand|[of] p1a: Gothitelle\n|move|p1b: Chien-Pao|Sucker Punch|p2a: Flutter Mane\n|-damage|p2a: Flutter Mane|0 fnt\n|faint|p2a: Flutter Mane\n|-end|p2a: Flutter Mane|Protosynthesis|[silent]\n|move|p2b: Dachsbun|Yawn|p1a: Gothitelle\n|-start|p1a: Gothitelle|move: Yawn|[of] p2b: Dachsbun\n|\n|upkeep\n|turn|7\n|c|\u2606Dr.Optimal|damn\n|c|\u2606Ace Trainer Lego|well\n|\n|t:|1682320876\n|move|p1a: Gothitelle|Helping Hand|p1b: Chien-Pao\n|-singleturn|p1b: Chien-Pao|Helping Hand|[of] p1a: Gothitelle\n|move|p1b: Chien-Pao|Ice Spinner|p2b: Dachsbun\n|-damage|p2b: Dachsbun|25\/100\n|move|p2b: Dachsbun|Body Press|p1a: Gothitelle\n|-resisted|p1a: Gothitelle\n|-damage|p1a: Gothitelle|88\/100\n|\n|-heal|p2b: Dachsbun|31\/100|[from] item: Leftovers\n|-end|p1a: Gothitelle|move: Yawn|[silent]\n|-status|p1a: Gothitelle|slp\n|upkeep\n|turn|8\n|c|\u2606Dr.Optimal|gg\n|c|\u2606Ace Trainer Lego|gg\n|c|\u2606Dr.Optimal|the one bad thing about this little dough boy\n|c|\u2606Dr.Optimal|cant hit ghost types\n|c|\u2606Ace Trainer Lego|yep\n|\n|t:|1682320894\n|move|p1b: Chien-Pao|Ice Spinner|p2b: Dachsbun\n|-crit|p2b: Dachsbun\n|-damage|p2b: Dachsbun|0 fnt\n|faint|p2b: Dachsbun\n|\n|win|Ace Trainer Lego\n|raw|Ace Trainer Lego's rating: 1206 → 1225<\/strong> (+19 for winning)\n|raw|Dr.Optimal's rating: 1119 → 1100<\/strong> (-19 for losing)\n|l|\u2606Dr.Optimal\n","uploadtime":1682320906,"views":35,"p1id":"acetrainerlego","p2id":"droptimal","formatid":"gen9vgc2023regulationc","rating":1100,"private":0,"password":""}