{"id":"gen9vgc2023regulationc-1862243655","p1":"revocolombia","p2":"Drcasino","format":"[Gen 9] VGC 2023 Regulation C","log":"|j|\u2606revocolombia\n|j|\u2606Drcasino\n|t:|1683854153\n|gametype|doubles\n|player|p1|revocolombia|pokemonranger-gen4|1350\n|player|p2|Drcasino|169|1424\n|teamsize|p1|6\n|teamsize|p2|6\n|gen|9\n|tier|[Gen 9] VGC 2023 Regulation C\n|rated|\n|rule|Species Clause: Limit one of each Pok\u00e9mon\n|rule|Item Clause: Limit one of each item\n|clearpoke\n|poke|p1|Flutter Mane, L50|\n|poke|p1|Great Tusk, L50|\n|poke|p1|Dragonite, L50, M|\n|poke|p1|Chien-Pao, L50|\n|poke|p1|Murkrow, L50, M|\n|poke|p1|Gholdengo, L50|\n|poke|p2|Abomasnow, L50, F|\n|poke|p2|Iron Bundle, L50|\n|poke|p2|Iron Moth, L50|\n|poke|p2|Dragonite, L50, M|\n|poke|p2|Gholdengo, L50|\n|poke|p2|Ting-Lu, L50|\n|teampreview|4\n|\n|t:|1683854213\n|start\n|switch|p1a: Great Tusk|Great Tusk, L50|100\/100\n|switch|p1b: Murkrow|Murkrow, L50, M|100\/100\n|switch|p2a: Iron Bundle|Iron Bundle, L50|100\/100\n|switch|p2b: Ting-Lu|Ting-Lu, L50|100\/100\n|-ability|p2b: Ting-Lu|Vessel of Ruin\n|turn|1\n|inactive|Battle timer is ON: inactive players will automatically lose when time's up. (requested by Drcasino)\n|inactive|Drcasino has 60 seconds left.\n|\n|t:|1683854249\n|-terastallize|p1a: Great Tusk|Fire\n|-terastallize|p2b: Ting-Lu|Water\n|move|p2a: Iron Bundle|Protect|p2a: Iron Bundle\n|-singleturn|p2a: Iron Bundle|Protect\n|move|p1b: Murkrow|Sunny Day|p1b: Murkrow\n|-weather|SunnyDay\n|-activate|p1a: Great Tusk|ability: Protosynthesis\n|-start|p1a: Great Tusk|protosynthesisatk\n|move|p1a: Great Tusk|Brick Break|p2b: Ting-Lu\n|-damage|p2b: Ting-Lu|62\/100\n|move|p2b: Ting-Lu|Ruination|p1b: Murkrow\n|-damage|p1b: Murkrow|51\/100\n|\n|-weather|SunnyDay|[upkeep]\n|upkeep\n|turn|2\n|inactive|Drcasino has 30 seconds left.\n|\n|t:|1683854276\n|switch|p2b: Abomasnow|Abomasnow, L50, F|100\/100\n|-weather|Snow|[from] ability: Snow Warning|[of] p2b: Abomasnow\n|-end|p1a: Great Tusk|Protosynthesis\n|move|p1b: Murkrow|Tailwind|p1b: Murkrow\n|-sidestart|p1: revocolombia|move: Tailwind\n|move|p1a: Great Tusk|Earthquake|p2b: Abomasnow|[spread] p2a,p2b\n|-immune|p1b: Murkrow\n|-resisted|p2b: Abomasnow\n|-damage|p2a: Iron Bundle|63\/100\n|-damage|p2b: Abomasnow|81\/100\n|move|p2a: Iron Bundle|Blizzard|p1a: Great Tusk|[spread] p1a,p1b\n|-resisted|p1a: Great Tusk\n|-supereffective|p1b: Murkrow\n|-damage|p1a: Great Tusk|67\/100\n|-damage|p1b: Murkrow|0 fnt\n|faint|p1b: Murkrow\n|-damage|p2a: Iron Bundle|53\/100|[from] item: Life Orb\n|\n|-weather|Snow|[upkeep]\n|upkeep\n|\n|t:|1683854296\n|switch|p1b: Flutter Mane|Flutter Mane, L50|100\/100\n|-enditem|p1b: Flutter Mane|Booster Energy\n|-activate|p1b: Flutter Mane|ability: Protosynthesis|[fromitem]\n|-start|p1b: Flutter Mane|protosynthesisspa\n|turn|3\n|inactive|Drcasino has 30 seconds left.\n|\n|t:|1683854326\n|move|p1b: Flutter Mane|Dazzling Gleam|p2b: Abomasnow|[spread] p2a,p2b\n|-damage|p2a: Iron Bundle|0 fnt\n|-damage|p2b: Abomasnow|38\/100\n|faint|p2a: Iron Bundle\n|-end|p2a: Iron Bundle|Quark Drive|[silent]\n|move|p1a: Great Tusk|Brick Break|p2b: Abomasnow\n|-supereffective|p2b: Abomasnow\n|-damage|p2b: Abomasnow|0 fnt\n|faint|p2b: Abomasnow\n|\n|-weather|Snow|[upkeep]\n|upkeep\n|\n|t:|1683854333\n|switch|p2a: Iron Moth|Iron Moth, L50|100\/100\n|switch|p2b: Ting-Lu|Ting-Lu, L50, tera:Water|62\/100\n|-ability|p2b: Ting-Lu|Vessel of Ruin\n|-enditem|p2a: Iron Moth|Booster Energy\n|-activate|p2a: Iron Moth|ability: Quark Drive|[fromitem]\n|-start|p2a: Iron Moth|quarkdrivespe\n|turn|4\n|\n|t:|1683854351\n|move|p2a: Iron Moth|Protect|p2a: Iron Moth\n|-singleturn|p2a: Iron Moth|Protect\n|move|p1b: Flutter Mane|Thunderbolt|p2b: Ting-Lu\n|-supereffective|p2b: Ting-Lu\n|-damage|p2b: Ting-Lu|26\/100\n|move|p1a: Great Tusk|Rock Slide|p2a: Iron Moth|[spread] p2b\n|-activate|p2a: Iron Moth|move: Protect\n|-damage|p2b: Ting-Lu|10\/100\n|cant|p2b: Ting-Lu|flinch\n|\n|-weather|Snow|[upkeep]\n|upkeep\n|turn|5\n|inactive|Drcasino has 30 seconds left.\n|\n|t:|1683854382\n|move|p1b: Flutter Mane|Protect|p1b: Flutter Mane\n|-singleturn|p1b: Flutter Mane|Protect\n|move|p2a: Iron Moth|Acid Spray|p1b: Flutter Mane\n|-activate|p1b: Flutter Mane|move: Protect\n|move|p1a: Great Tusk|Earthquake|p2a: Iron Moth|[spread] p2a,p2b\n|-activate|p1b: Flutter Mane|move: Protect\n|-supereffective|p2a: Iron Moth\n|-damage|p2a: Iron Moth|0 fnt\n|-damage|p2b: Ting-Lu|0 fnt\n|faint|p2a: Iron Moth\n|-end|p2a: Iron Moth|Quark Drive|[silent]\n|faint|p2b: Ting-Lu\n|\n|win|revocolombia\n|raw|revocolombia's rating: 1350 → 1374<\/strong> (+24 for winning)\n|raw|Drcasino's rating: 1424 → 1400<\/strong> (-24 for losing)\n|l|\u2606Drcasino\n","uploadtime":1683854397,"views":7,"p1id":"revocolombia","p2id":"drcasino","formatid":"gen9vgc2023regulationc","rating":1374,"private":0,"password":""}