{"id":"gen9vgc2023regulationc-1846454317","p1":"charlie0301","p2":"bronzongbroomsvgc","format":"[Gen 9] VGC 2023 Regulation C","log":"|j|\u2606charlie0301\n|j|\u2606bronzongbroomsvgc\n|t:|1681842174\n|gametype|doubles\n|player|p1|charlie0301|265|\n|player|p2|bronzongbroomsvgc|265|\n|teamsize|p1|6\n|teamsize|p2|6\n|gen|9\n|tier|[Gen 9] VGC 2023 Regulation C\n|rule|Species Clause: Limit one of each Pok\u00e9mon\n|rule|Item Clause: Limit one of each item\n|clearpoke\n|poke|p1|Ting-Lu, L50|\n|poke|p1|Gothitelle, L50, F|\n|poke|p1|Flutter Mane, L50|\n|poke|p1|Amoonguss, L50, F|\n|poke|p1|Iron Hands, L50|\n|poke|p1|Arcanine, L50, F|\n|poke|p2|Goodra, L50, M|\n|poke|p2|Wo-Chien, L50|\n|poke|p2|Pelipper, L50, M|\n|poke|p2|Corviknight, L50, M|\n|poke|p2|Tatsugiri-Droopy, L50, M|\n|poke|p2|Dondozo, L50, M|\n|teampreview|4\n|inactive|Battle timer is ON: inactive players will automatically lose when time's up. (requested by charlie0301)\n|inactiveoff|Battle timer is now OFF.\n|c|\u2606bronzongbroomsvgc|g2\n|c|\u2606charlie0301|g2\nbronzongbroomsvgc has agreed to open team sheets.\ncharlie0301 has agreed to open team sheets.\n|c|\u2606bronzongbroomsvgc|glhf\n|c|\u2606charlie0301|glhf\n|\n|t:|1681842565\n|start\n|switch|p1a: Loader|Iron Hands, L50|100\/100\n|switch|p1b: Void Fiend|Flutter Mane, L50|100\/100\n|switch|p2a: Corviknight|Corviknight, L50, M|100\/100\n|switch|p2b: Pelipper|Pelipper, L50, M|100\/100\n|-weather|RainDance|[from] ability: Drizzle|[of] p2b: Pelipper\n|turn|1\n|\n|t:|1681842596\n|move|p1b: Void Fiend|Protect|p1b: Void Fiend\n|-singleturn|p1b: Void Fiend|Protect\n|move|p2b: Pelipper|Protect|p2b: Pelipper\n|-singleturn|p2b: Pelipper|Protect\n|move|p2a: Corviknight|U-turn|p1b: Void Fiend\n|-activate|p1b: Void Fiend|move: Protect\n|move|p1a: Loader|Wild Charge|p2a: Corviknight\n|-supereffective|p2a: Corviknight\n|-damage|p2a: Corviknight|2\/100\n|-damage|p1a: Loader|83\/100|[from] Recoil\n|\n|-weather|RainDance|[upkeep]\n|upkeep\n|turn|2\n|\n|t:|1681842638\n|switch|p2a: Tatsugiri|Tatsugiri-Droopy, L50, M, shiny|100\/100\n|switch|p2b: Dondozo|Dondozo, L50, M|100\/100\n|-activate|p2a: Tatsugiri|ability: Commander|[of] p2b: Dondozo\n|-boost|p2b: Dondozo|atk|2\n|-boost|p2b: Dondozo|spa|2\n|-boost|p2b: Dondozo|spe|2\n|-boost|p2b: Dondozo|def|2\n|-boost|p2b: Dondozo|spd|2\n|move|p1b: Void Fiend|Shadow Ball|p2a: Tatsugiri|[miss]\n|-miss|p1b: Void Fiend|p2a: Tatsugiri\n|move|p1a: Loader|Volt Switch|p2a: Tatsugiri|[miss]\n|-miss|p1a: Loader|p2a: Tatsugiri\n|\n|-weather|RainDance|[upkeep]\n|upkeep\n|turn|3\n|\n|t:|1681842666\n|-end|p1a: Loader|Quark Drive|[silent]\n|switch|p1a: Engineer|Amoonguss, L50, F|100\/100\n|-terastallize|p2b: Dondozo|Water\n|move|p1b: Void Fiend|Perish Song|p1b: Void Fiend\n|-start|p1a: Engineer|perish3|[silent]\n|-start|p1b: Void Fiend|perish3|[silent]\n|-miss|p1b: Void Fiend|p2a: Tatsugiri\n|-start|p2b: Dondozo|perish3|[silent]\n|-fieldactivate|move: Perish Song\n|move|p2b: Dondozo|Surf|p1b: Void Fiend|[spread] p1a,p1b\n|-miss|p2b: Dondozo|p2a: Tatsugiri\n|-resisted|p1a: Engineer\n|-damage|p1a: Engineer|63\/100\n|-enditem|p1b: Void Fiend|Focus Sash\n|-damage|p1b: Void Fiend|1\/100\n|\n|-weather|RainDance|[upkeep]\n|-start|p1b: Void Fiend|perish3\n|-start|p2b: Dondozo|perish3\n|-start|p1a: Engineer|perish3\n|upkeep\n|turn|4\n|\n|t:|1681842711\n|-end|p1b: Void Fiend|Protosynthesis|[silent]\n|switch|p1b: Loader|Iron Hands, L50|83\/100\n|move|p1a: Engineer|Protect|p1a: Engineer\n|-singleturn|p1a: Engineer|Protect\n|move|p2b: Dondozo|Wave Crash|p1a: Engineer\n|-activate|p1a: Engineer|move: Protect\n|\n|-weather|RainDance|[upkeep]\n|-start|p2b: Dondozo|perish2\n|-start|p1a: Engineer|perish2\n|upkeep\n|turn|5\n|\n|t:|1681842754\n|switch|p1a: Void Fiend|Flutter Mane, L50|1\/100\n|move|p1b: Loader|Fake Out|p2b: Dondozo\n|-damage|p2b: Dondozo|94\/100\n|cant|p2b: Dondozo|flinch\n|\n|-weather|RainDance|[upkeep]\n|-start|p2b: Dondozo|perish1\n|upkeep\n|turn|6\n|\n|t:|1681842764\n|-end|p1b: Loader|Quark Drive|[silent]\n|switch|p1b: Engineer|Amoonguss, L50, F|96\/100\n|move|p1a: Void Fiend|Protect|p1a: Void Fiend\n|-singleturn|p1a: Void Fiend|Protect\n|move|p2b: Dondozo|Surf|p1b: Engineer|[spread] p1b\n|-miss|p2b: Dondozo|p2a: Tatsugiri\n|-activate|p1a: Void Fiend|move: Protect\n|-resisted|p1b: Engineer\n|-damage|p1b: Engineer|53\/100\n|\n|-weather|RainDance|[upkeep]\n|-start|p2b: Dondozo|perish0\n|faint|p2b: Dondozo\n|upkeep\n|\n|t:|1681842771\n|switch|p2b: Corviknight|Corviknight, L50, M|2\/100\n|turn|7\n|\n|t:|1681842802\n|-end|p1a: Void Fiend|Protosynthesis|[silent]\n|switch|p1a: Artificer|Gothitelle, L50, F|100\/100\n|move|p1b: Engineer|Protect|p1b: Engineer\n|-singleturn|p1b: Engineer|Protect\n|move|p2a: Tatsugiri|Muddy Water|p1b: Engineer|[spread] p1a\n|-activate|p1b: Engineer|move: Protect\n|-damage|p1a: Artificer|67\/100\n|move|p2b: Corviknight|Brave Bird|p1b: Engineer\n|-activate|p1b: Engineer|move: Protect\n|\n|-weather|RainDance|[upkeep]\n|upkeep\n|turn|8\n|\n|t:|1681842845\n|-terastallize|p1a: Artificer|Water\n|move|p1a: Artificer|Fake Out|p2b: Corviknight\n|-resisted|p2b: Corviknight\n|-crit|p2b: Corviknight\n|-damage|p2b: Corviknight|0 fnt\n|faint|p2b: Corviknight\n|move|p2a: Tatsugiri|Muddy Water|p1b: Engineer|[spread] p1a,p1b\n|-resisted|p1a: Artificer\n|-resisted|p1b: Engineer\n|-damage|p1a: Artificer|47\/100\n|-damage|p1b: Engineer|33\/100\n|-enditem|p1a: Artificer|Sitrus Berry|[eat]\n|-heal|p1a: Artificer|72\/100|[from] item: Sitrus Berry\n|move|p1b: Engineer|Spore|p2a: Tatsugiri\n|-status|p2a: Tatsugiri|slp|[from] move: Spore\n|\n|-weather|none\n|upkeep\n|\n|t:|1681842849\n|switch|p2b: Pelipper|Pelipper, L50, M|100\/100\n|-weather|RainDance|[from] ability: Drizzle|[of] p2b: Pelipper\n|turn|9\n|-message|bronzongbroomsvgc forfeited.\n|\n|win|charlie0301\n|l|\u2606charlie0301\n","uploadtime":1681843195,"views":8,"p1id":"charlie0301","p2id":"bronzongbroomsvgc","formatid":"gen9vgc2023regulationc","rating":0,"private":0,"password":""}