{"id":"gen9vgc2023regulationc-1848283819","p1":"IceColdGhost","p2":"memeshe","format":"[Gen 9] VGC 2023 Regulation C","log":"|j|\u2606IceColdGhost\n|j|\u2606memeshe\n|t:|1682053400\n|gametype|doubles\n|player|p1|IceColdGhost|pokemaniac|1041\n|player|p2|memeshe|170|1000\n|teamsize|p1|6\n|teamsize|p2|6\n|gen|9\n|tier|[Gen 9] VGC 2023 Regulation C\n|rated|\n|rule|Species Clause: Limit one of each Pok\u00e9mon\n|rule|Item Clause: Limit one of each item\n|clearpoke\n|poke|p1|Scream Tail, L50|\n|poke|p1|Flutter Mane, L50|\n|poke|p1|Gothitelle, L50, F|\n|poke|p1|Garganacl, L50, M|\n|poke|p1|Arcanine, L50, F|\n|poke|p1|Glimmora, L50, F|\n|poke|p2|Drifblim, L50, M|\n|poke|p2|Squawkabilly, L50, M|\n|poke|p2|Gothitelle, L50, M|\n|poke|p2|Klefki, L50, F|\n|poke|p2|Magnezone, L50|\n|poke|p2|Flutter Mane, L50|\n|teampreview|4\n|inactive|Battle timer is ON: inactive players will automatically lose when time's up. (requested by IceColdGhost)\n|\n|t:|1682053432\n|start\n|switch|p1a: Garganacl|Garganacl, L50, M|100\/100\n|switch|p1b: Scream Tail|Scream Tail, L50|100\/100\n|switch|p2a: Klefki|Klefki, L50, F, shiny|100\/100\n|switch|p2b: Flutter Mane|Flutter Mane, L50, shiny|100\/100\n|-enditem|p1b: Scream Tail|Booster Energy\n|-activate|p1b: Scream Tail|ability: Protosynthesis|[fromitem]\n|-start|p1b: Scream Tail|protosynthesisspe\n|turn|1\n|inactive|memeshe has 30 seconds left.\n|\n|t:|1682053458\n|switch|p1a: Gothitelle|Gothitelle, L50, F|100\/100\n|move|p2a: Klefki|Thunder Wave|p1b: Scream Tail\n|-status|p1b: Scream Tail|par\n|move|p2b: Flutter Mane|Perish Song|p2b: Flutter Mane\n|-start|p1a: Gothitelle|perish3|[silent]\n|-start|p1b: Scream Tail|perish3|[silent]\n|-start|p2a: Klefki|perish3|[silent]\n|-start|p2b: Flutter Mane|perish3|[silent]\n|-fieldactivate|move: Perish Song\n|move|p1b: Scream Tail|Perish Song||[still]\n|-fail|p1b: Scream Tail\n|\n|-start|p2b: Flutter Mane|perish3\n|-start|p1b: Scream Tail|perish3\n|-start|p2a: Klefki|perish3\n|-start|p1a: Gothitelle|perish3\n|upkeep\n|turn|2\n|inactive|IceColdGhost has 30 seconds left.\n|inactive|memeshe has 30 seconds left.\n|inactive|memeshe has 20 seconds left.\n|inactive|memeshe has 15 seconds left.\n|\n|t:|1682053500\n|-end|p1b: Scream Tail|Protosynthesis|[silent]\n|switch|p1b: Garganacl|Garganacl, L50, M|100\/100\n|move|p1a: Gothitelle|Fake Out|p2b: Flutter Mane\n|-immune|p2b: Flutter Mane\n|move|p2a: Klefki|Thunder Wave|p1a: Gothitelle\n|-status|p1a: Gothitelle|par\n|move|p2b: Flutter Mane|Perish Song|p2b: Flutter Mane\n|-start|p1b: Garganacl|perish3|[silent]\n|-fieldactivate|move: Perish Song\n|\n|-start|p2b: Flutter Mane|perish2\n|-start|p2a: Klefki|perish2\n|-start|p1b: Garganacl|perish3\n|-start|p1a: Gothitelle|perish2\n|upkeep\n|turn|3\n|\n|t:|1682053522\n|-end|p2b: Flutter Mane|Protosynthesis|[silent]\n|switch|p2b: Gothitelle|Gothitelle, L50, M, shiny|100\/100\n|move|p1a: Gothitelle|Protect|p1a: Gothitelle\n|-singleturn|p1a: Gothitelle|Protect\n|move|p2a: Klefki|Fairy Lock|p2a: Klefki\n|-fieldactivate|move: Fairy Lock\n|move|p1b: Garganacl|Salt Cure|p2a: Klefki\n|-resisted|p2a: Klefki\n|-damage|p2a: Klefki|94\/100\n|-start|p2a: Klefki|Salt Cure\n|-enditem|p2a: Klefki|Eject Button\n|inactive|memeshe has 30 seconds left.\n|\n|t:|1682053555\n|switch|p2a: Flutter Mane|Flutter Mane, L50, shiny|100\/100\n|\n|-start|p1b: Garganacl|perish2\n|-start|p1a: Gothitelle|perish1\n|upkeep\n|turn|4\n|inactive|memeshe has 30 seconds left.\n|inactive|memeshe has 20 seconds left.\n|\n|t:|1682053591\n|move|p2b: Gothitelle|Fake Out|p1b: Garganacl\n|-resisted|p1b: Garganacl\n|-damage|p1b: Garganacl|99\/100\n|cant|p1b: Garganacl|flinch\n|move|p2a: Flutter Mane|Shadow Ball|p1a: Gothitelle\n|-supereffective|p1a: Gothitelle\n|-damage|p1a: Gothitelle|32\/100 par\n|-unboost|p1a: Gothitelle|spd|1\n|-enditem|p1a: Gothitelle|Sitrus Berry|[eat]\n|-heal|p1a: Gothitelle|57\/100 par|[from] item: Sitrus Berry\n|move|p1a: Gothitelle|Psychic|p2b: Gothitelle\n|-resisted|p2b: Gothitelle\n|-damage|p2b: Gothitelle|89\/100\n|\n|-heal|p1b: Garganacl|100\/100|[from] item: Leftovers\n|-start|p1b: Garganacl|perish1\n|-start|p1a: Gothitelle|perish0\n|upkeep\n|faint|p1a: Gothitelle\n|\n|t:|1682053610\n|switch|p1a: Flutter Mane|Flutter Mane, L50|100\/100\n|turn|5\n|-message|IceColdGhost forfeited.\n|\n|win|memeshe\n|raw|IceColdGhost's rating: 1041 → 1023<\/strong> (-18 for losing)\n|raw|memeshe's rating: 1000 → 1045<\/strong> (+45 for winning)\n|l|\u2606IceColdGhost\n","uploadtime":1682053790,"views":17,"p1id":"icecoldghost","p2id":"memeshe","formatid":"gen9vgc2023regulationc","rating":1023,"private":0,"password":""}