{"id":"gen9vgc2023regulationc-1856970978","p1":"Drayagedrag0","p2":"Himi_Him","format":"[Gen 9] VGC 2023 Regulation C","log":"|j|\u2606Drayagedrag0\n|j|\u2606Himi_Him\n|t:|1683131967\n|gametype|doubles\n|player|p1|Drayagedrag0|266|1364\n|player|p2|Himi_Him|steven|1368\n|teamsize|p1|6\n|teamsize|p2|6\n|gen|9\n|tier|[Gen 9] VGC 2023 Regulation C\n|rated|\n|rule|Species Clause: Limit one of each Pok\u00e9mon\n|rule|Item Clause: Limit one of each item\n|clearpoke\n|poke|p1|Dragapult, L50, M|\n|poke|p1|Chien-Pao, L50|\n|poke|p1|Iron Bundle, L50|\n|poke|p1|Kingambit, L50, M|\n|poke|p1|Gholdengo, L50|\n|poke|p1|Murkrow, L50, F|\n|poke|p2|Pincurchin, L50, M|\n|poke|p2|Iron Bundle, L50|\n|poke|p2|Flutter Mane, L50|\n|poke|p2|Iron Hands, L50|\n|poke|p2|Iron Treads, L50|\n|poke|p2|Gyarados, L50, M|\n|teampreview|4\n|inactive|Battle timer is ON: inactive players will automatically lose when time's up. (requested by Himi_Him)\n|inactive|Drayagedrag0 has 60 seconds left.\n|inactive|Himi_Him has 60 seconds left.\n|\n|t:|1683132011\n|start\n|switch|p1a: Gold Surfer|Gholdengo, L50|100\/100\n|switch|p1b: Pablo|Iron Bundle, L50|100\/100\n|switch|p2a: Iron Treads|Iron Treads, L50|100\/100\n|switch|p2b: Pincurchin|Pincurchin, L50, M|100\/100\n|-fieldstart|move: Electric Terrain|[from] ability: Electric Surge|[of] p2b: Pincurchin\n|-activate|p1b: Pablo|ability: Quark Drive\n|-start|p1b: Pablo|quarkdrivespe\n|-activate|p2a: Iron Treads|ability: Quark Drive\n|-start|p2a: Iron Treads|quarkdrivespe\n|turn|1\n|\n|t:|1683132032\n|-terastallize|p1a: Gold Surfer|Ground\n|-terastallize|p2b: Pincurchin|Flying\n|move|p1b: Pablo|Icy Wind|p2b: Pincurchin|[spread] p2a,p2b\n|-supereffective|p2b: Pincurchin\n|-damage|p2a: Iron Treads|71\/100\n|-damage|p2b: Pincurchin|64\/100\n|-unboost|p2a: Iron Treads|spe|1\n|-unboost|p2b: Pincurchin|spe|1\n|move|p2a: Iron Treads|Earthquake|p1b: Pablo|[spread] p1a,p1b\n|-immune|p2b: Pincurchin\n|-damage|p1a: Gold Surfer|46\/100\n|-damage|p1b: Pablo|34\/100\n|move|p1a: Gold Surfer|Tera Blast|p2a: Iron Treads\n|-supereffective|p2a: Iron Treads\n|-damage|p2a: Iron Treads|0 fnt\n|faint|p2a: Iron Treads\n|-end|p2a: Iron Treads|Quark Drive|[silent]\n|move|p2b: Pincurchin|Discharge|p1a: Gold Surfer|[spread] p1b\n|-immune|p1a: Gold Surfer\n|-supereffective|p1b: Pablo\n|-damage|p1b: Pablo|0 fnt\n|faint|p1b: Pablo\n|-end|p1b: Pablo|Quark Drive|[silent]\n|\n|upkeep\n|\n|t:|1683132057\n|switch|p1b: Tai Lung|Chien-Pao, L50|100\/100\n|switch|p2a: Iron Hands|Iron Hands, L50|100\/100\n|-ability|p1b: Tai Lung|Sword of Ruin\n|-activate|p2a: Iron Hands|ability: Quark Drive\n|-start|p2a: Iron Hands|quarkdriveatk\n|turn|2\n|\n|t:|1683132079\n|switch|p1a: Banshee|Dragapult, L50, M|100\/100\n|move|p1b: Tai Lung|Protect|p1b: Tai Lung\n|-singleturn|p1b: Tai Lung|Protect\n|move|p2b: Pincurchin|Protect|p2b: Pincurchin\n|-singleturn|p2b: Pincurchin|Protect\n|move|p2a: Iron Hands|Drain Punch|p1a: Banshee\n|-immune|p1a: Banshee\n|\n|upkeep\n|turn|3\n|\n|t:|1683132095\n|move|p2b: Pincurchin|Sucker Punch|p1a: Banshee\n|-supereffective|p1a: Banshee\n|-damage|p1a: Banshee|41\/100\n|move|p1a: Banshee|Phantom Force||[still]\n|-prepare|p1a: Banshee|Phantom Force\n|move|p1b: Tai Lung|Icicle Crash|p2b: Pincurchin\n|-supereffective|p2b: Pincurchin\n|-damage|p2b: Pincurchin|0 fnt\n|faint|p2b: Pincurchin\n|move|p2a: Iron Hands|Drain Punch|p1b: Tai Lung\n|-supereffective|p1b: Tai Lung\n|-enditem|p1b: Tai Lung|Focus Sash\n|-damage|p1b: Tai Lung|1\/100\n|\n|upkeep\n|\n|t:|1683132108\n|switch|p2b: Flutter Mane|Flutter Mane, L50|100\/100\n|-enditem|p2b: Flutter Mane|Booster Energy\n|-activate|p2b: Flutter Mane|ability: Protosynthesis|[fromitem]\n|-start|p2b: Flutter Mane|protosynthesisspe\n|turn|4\n|\n|t:|1683132121\n|move|p1b: Tai Lung|Protect|p1b: Tai Lung\n|-singleturn|p1b: Tai Lung|Protect\n|move|p2b: Flutter Mane|Dazzling Gleam|p1b: Tai Lung|[spread] \n|-miss|p2b: Flutter Mane|p1a: Banshee\n|-activate|p1b: Tai Lung|move: Protect\n|move|p1a: Banshee|Phantom Force|p2a: Iron Hands|[from]lockedmove\n|-damage|p2a: Iron Hands|38\/100\n|move|p2a: Iron Hands|Wild Charge|p1a: Banshee\n|-resisted|p1a: Banshee\n|-damage|p1a: Banshee|0 fnt\n|faint|p1a: Banshee\n|-damage|p2a: Iron Hands|32\/100|[from] Recoil\n|\n|upkeep\n|\n|t:|1683132132\n|switch|p1a: Gold Surfer|Gholdengo, L50, tera:Ground|46\/100\n|turn|5\n|\n|t:|1683132140\n|move|p1b: Tai Lung|Sucker Punch|p2b: Flutter Mane\n|-damage|p2b: Flutter Mane|0 fnt\n|faint|p2b: Flutter Mane\n|-end|p2b: Flutter Mane|Protosynthesis|[silent]\n|move|p1a: Gold Surfer|Tera Blast|p2a: Iron Hands\n|-supereffective|p2a: Iron Hands\n|-damage|p2a: Iron Hands|0 fnt\n|faint|p2a: Iron Hands\n|-end|p2a: Iron Hands|Quark Drive|[silent]\n|\n|win|Drayagedrag0\n|raw|Drayagedrag0's rating: 1364 → 1384<\/strong> (+20 for winning)\n|raw|Himi_Him's rating: 1368 → 1348<\/strong> (-20 for losing)\n","uploadtime":1683132175,"views":19,"p1id":"drayagedrag0","p2id":"himihim","formatid":"gen9vgc2023regulationc","rating":1348,"private":0,"password":""}