{"id":"gen9vgc2023regulationc-1863278168","p1":"SoulSur","p2":"Yae3ko","format":"[Gen 9] VGC 2023 Regulation C","log":"|j|\u2606SoulSur\n|j|\u2606Yae3ko\n|t:|1683997029\n|gametype|doubles\n|player|p1|SoulSur|punkgirl-masters|\n|player|p2|Yae3ko|101|\n|teamsize|p1|6\n|teamsize|p2|6\n|gen|9\n|tier|[Gen 9] VGC 2023 Regulation C\n|rule|Species Clause: Limit one of each Pok\u00e9mon\n|rule|Item Clause: Limit one of each item\n|clearpoke\n|poke|p1|Murkrow, L50, M|\n|poke|p1|Chi-Yu, L50|\n|poke|p1|Flutter Mane, L50|\n|poke|p1|Great Tusk, L50|\n|poke|p1|Brute Bonnet, L50|\n|poke|p1|Corviknight, L50, F|\n|poke|p2|Torkoal, L50, F|\n|poke|p2|Jumpluff, L50, F|\n|poke|p2|Great Tusk, L50|\n|poke|p2|Flutter Mane, L50|\n|poke|p2|Chien-Pao, L50|\n|poke|p2|Chi-Yu, L50|\n|teampreview|4\nYae3ko has agreed to open team sheets.\nSoulSur has agreed to open team sheets.\n|c|\u2606Yae3ko|G1\n|c|\u2606Yae3ko|GLHF\n|j| Ciemmelle\n|j| Deemo Hyouryou\n|c|\u2606SoulSur|yeyeyeye\n|j| tyo\n|j| Kunal6\n|\n|t:|1683997264\n|start\n|switch|p1a: Great Tusk|Great Tusk, L50|100\/100\n|switch|p1b: Corviknight|Corviknight, L50, F|100\/100\n|switch|p2a: Jumpluff|Jumpluff, L50, F, shiny|100\/100\n|switch|p2b: Great Tusk|Great Tusk, L50|100\/100\n|turn|1\n|j| RK_pocoyo\n|\n|t:|1683997345\n|move|p1a: Great Tusk|Rock Slide|p2b: Great Tusk|[spread] p2a,p2b\n|-supereffective|p2a: Jumpluff\n|-resisted|p2b: Great Tusk\n|-damage|p2a: Jumpluff|46\/100\n|-damage|p2b: Great Tusk|97\/100\n|move|p2b: Great Tusk|Close Combat|p1b: Corviknight\n|-damage|p1b: Corviknight|35\/100\n|-unboost|p2b: Great Tusk|def|1\n|-unboost|p2b: Great Tusk|spd|1\n|move|p2a: Jumpluff|Tailwind|p2a: Jumpluff\n|-sidestart|p2: Yae3ko|move: Tailwind\n|move|p1b: Corviknight|U-turn|p2a: Jumpluff\n|-damage|p2a: Jumpluff|7\/100\n|\n|t:|1683997359\n|switch|p1b: Murkrow|Murkrow, L50, M, shiny|100\/100|[from] U-turn\n|\n|upkeep\n|turn|2\n|l| RK_pocoyo\n|\n|t:|1683997423\n|switch|p2a: Flutter Mane|Flutter Mane, L50|100\/100\n|move|p1b: Murkrow|Tailwind|p1b: Murkrow\n|-sidestart|p1: SoulSur|move: Tailwind\n|move|p2b: Great Tusk|Close Combat|p1a: Great Tusk\n|-damage|p1a: Great Tusk|53\/100\n|-unboost|p2b: Great Tusk|def|1\n|-unboost|p2b: Great Tusk|spd|1\n|move|p1a: Great Tusk|Rock Slide|p2a: Flutter Mane|[spread] p2a,p2b\n|-resisted|p2b: Great Tusk\n|-damage|p2a: Flutter Mane|66\/100\n|-damage|p2b: Great Tusk|88\/100\n|\n|upkeep\n|turn|3\n|j| WillE_VGC\n|j|+PinkSylvie\n|\n|t:|1683997502\n|switch|p1b: Corviknight|Corviknight, L50, F|35\/100\n|-terastallize|p1a: Great Tusk|Steel\n|move|p1a: Great Tusk|Rock Slide|p2a: Flutter Mane|[spread] p2a,p2b\n|-resisted|p2b: Great Tusk\n|-damage|p2a: Flutter Mane|34\/100\n|-damage|p2b: Great Tusk|81\/100\n|move|p2b: Great Tusk|Close Combat|p1a: Great Tusk\n|-supereffective|p1a: Great Tusk\n|-damage|p1a: Great Tusk|0 fnt\n|-unboost|p2b: Great Tusk|def|1\n|-unboost|p2b: Great Tusk|spd|1\n|faint|p1a: Great Tusk\n|-end|p1a: Great Tusk|Protosynthesis|[silent]\n|move|p2a: Flutter Mane|Dazzling Gleam|p1b: Corviknight\n|-resisted|p1b: Corviknight\n|-damage|p1b: Corviknight|2\/100\n|\n|upkeep\n|\n|t:|1683997509\n|switch|p1a: Flutter Mane|Flutter Mane, L50|100\/100\n|turn|4\n|j| ctslegend\n|\n|t:|1683997575\n|-end|p2b: Great Tusk|Protosynthesis|[silent]\n|switch|p2b: Jumpluff|Jumpluff, L50, F, shiny|7\/100\n|move|p1a: Flutter Mane|Dazzling Gleam|p2b: Jumpluff|[spread] p2a,p2b\n|-damage|p2a: Flutter Mane|0 fnt\n|-damage|p2b: Jumpluff|0 fnt\n|faint|p2a: Flutter Mane\n|-end|p2a: Flutter Mane|Protosynthesis|[silent]\n|faint|p2b: Jumpluff\n|move|p1b: Corviknight|U-turn|p2: Flutter Mane|[notarget]\n|-fail|p1b: Corviknight\n|\n|-sideend|p2: Yae3ko|move: Tailwind\n|upkeep\n|\n|t:|1683997589\n|switch|p2b: Great Tusk|Great Tusk, L50|81\/100\n|switch|p2a: Chi-Yu|Chi-Yu, L50|100\/100\n|-ability|p2a: Chi-Yu|Beads of Ruin\n|turn|5\n|j| MichaelderBeste2\n|\n|t:|1683997649\n|-end|p1a: Flutter Mane|Protosynthesis|[silent]\n|switch|p1a: Murkrow|Murkrow, L50, M, shiny|100\/100\n|-terastallize|p2b: Great Tusk|Fire\n|move|p1b: Corviknight|U-turn|p2a: Chi-Yu\n|-damage|p2a: Chi-Yu|61\/100\n|\n|t:|1683997656\n|switch|p1b: Flutter Mane|Flutter Mane, L50|100\/100|[from] U-turn\n|move|p2b: Great Tusk|Rock Slide|p1b: Flutter Mane|[spread] p1a,p1b\n|-supereffective|p1a: Murkrow\n|-damage|p1a: Murkrow|60\/100\n|-damage|p1b: Flutter Mane|63\/100\n|move|p2a: Chi-Yu|Heat Wave|p1b: Flutter Mane|[spread] p1a,p1b\n|-damage|p1a: Murkrow|0 fnt\n|-damage|p1b: Flutter Mane|0 fnt\n|faint|p1a: Murkrow\n|faint|p1b: Flutter Mane\n|-end|p1b: Flutter Mane|Protosynthesis|[silent]\n|-damage|p2a: Chi-Yu|52\/100|[from] item: Life Orb\n|\n|-sideend|p1: SoulSur|move: Tailwind\n|upkeep\n|\n|t:|1683997665\n|switch|p1b: Corviknight|Corviknight, L50, F|2\/100\n|turn|6\n|-message|SoulSur forfeited.\n|\n|win|Yae3ko\n|l|+PinkSylvie\n|l| Kunal6\n|l| Ciemmelle\n|l| MichaelderBeste2\n|l| WillE_VGC\n|j| pwny person\n|l| pwny person\n|l| tyo\n","uploadtime":1683997687,"views":14,"p1id":"soulsur","p2id":"yae3ko","formatid":"gen9vgc2023regulationc","rating":0,"private":0,"password":""}