{"id":"gen9vgc2023regulationc-1864186979","p1":"Mike2811","p2":"theoptophobickoala","format":"[Gen 9] VGC 2023 Regulation C","log":"|j|\u2606Mike2811\n|j|\u2606theoptophobickoala\n|t:|1684132696\n|gametype|doubles\n|player|p1|Mike2811|266|1206\n|player|p2|theoptophobickoala|eusine|1240\n|teamsize|p1|6\n|teamsize|p2|6\n|gen|9\n|tier|[Gen 9] VGC 2023 Regulation C\n|rated|\n|rule|Species Clause: Limit one of each Pok\u00e9mon\n|rule|Item Clause: Limit one of each item\n|clearpoke\n|poke|p1|Amoonguss, L50, M|\n|poke|p1|Farigiraf, L50, M|\n|poke|p1|Ting-Lu, L50|\n|poke|p1|Palafin, L50, M|\n|poke|p1|Forretress, L50, F|\n|poke|p1|Arcanine, L50, F|\n|poke|p2|Hawlucha, L50, M|\n|poke|p2|Indeedee-F, L50, F|\n|poke|p2|Armarouge, L50, M|\n|poke|p2|Palafin, L50, F|\n|poke|p2|Sandy Shocks, L50|\n|poke|p2|Chien-Pao, L50|\n|teampreview|4\ntheoptophobickoala has agreed to open team sheets.\n|inactive|Battle timer is ON: inactive players will automatically lose when time's up. (requested by Mike2811)\n|c|\u2606Mike2811|my 1st test of this team , gl hf\n|inactive|theoptophobickoala has 60 seconds left.\n|\n|t:|1684132760\n|start\n|switch|p1a: Palafin|Palafin, L50, M|100\/100\n|switch|p1b: Ting-Lu|Ting-Lu, L50|100\/100\n|switch|p2a: Corrin|Palafin, L50, F, shiny|100\/100\n|switch|p2b: C. Falcon|Hawlucha, L50, M, shiny|100\/100\n|-ability|p1b: Ting-Lu|Vessel of Ruin\n|turn|1\n|c|\u2606theoptophobickoala|glhf\n|c|\u2606theoptophobickoala|forre is interesting\n|inactive|theoptophobickoala has 30 seconds left.\n|\n|t:|1684132788\n|detailschange|p1a: Palafin|Palafin-Hero, L50, M\n|switch|p1a: Farigiraf|Farigiraf, L50, M|100\/100\n|move|p2b: C. Falcon|Detect|p2b: C. Falcon\n|-singleturn|p2b: C. Falcon|Protect\n|move|p2a: Corrin|Wave Crash|p1b: Ting-Lu\n|-supereffective|p1b: Ting-Lu\n|-damage|p1b: Ting-Lu|50\/100\n|-damage|p2a: Corrin|77\/100|[from] Recoil\n|move|p1b: Ting-Lu|Rock Slide|p2a: Corrin|[spread] p2a\n|-activate|p2b: C. Falcon|move: Protect\n|-damage|p2a: Corrin|54\/100\n|\n|upkeep\n|turn|2\n|inactive|Mike2811 has 30 seconds left.\n|inactive|theoptophobickoala has 30 seconds left.\n|\n|t:|1684132818\n|switch|p2b: Isabelle|Indeedee-F, L50, F|100\/100\n|-fieldstart|move: Psychic Terrain|[from] ability: Psychic Surge|[of] p2b: Isabelle\n|switch|p1b: Palafin|Palafin-Hero, L50, M|100\/100\n|-activate|p1b: Palafin|ability: Zero to Hero\n|-terastallize|p1a: Farigiraf|Fairy\n|move|p2a: Corrin|Wave Crash|p1b: Palafin\n|-resisted|p1b: Palafin\n|-damage|p1b: Palafin|79\/100\n|-damage|p2a: Corrin|46\/100|[from] Recoil\n|move|p1a: Farigiraf|Trick Room|p1a: Farigiraf\n|-fieldstart|move: Trick Room|[of] p1a: Farigiraf\n|-enditem|p1b: Palafin|Room Service\n|-unboost|p1b: Palafin|spe|1|[from] item: Room Service\n|\n|upkeep\n|turn|3\n|inactive|Mike2811 has 30 seconds left.\n|inactive|theoptophobickoala has 30 seconds left.\n|\n|t:|1684132852\n|move|p2b: Isabelle|Protect|p2b: Isabelle\n|-singleturn|p2b: Isabelle|Protect\n|move|p1a: Farigiraf|Dazzling Gleam|p2b: Isabelle|[spread] p2a\n|-activate|p2b: Isabelle|move: Protect\n|-damage|p2a: Corrin|11\/100\n|move|p1b: Palafin|Bulk Up|p1b: Palafin\n|-boost|p1b: Palafin|atk|1\n|-boost|p1b: Palafin|def|1\n|move|p2a: Corrin|Close Combat|p1b: Palafin\n|-crit|p1b: Palafin\n|-damage|p1b: Palafin|36\/100\n|-unboost|p2a: Corrin|def|1\n|-unboost|p2a: Corrin|spd|1\n|-enditem|p2a: Corrin|Eject Pack\n|inactive|theoptophobickoala has 30 seconds left.\n|\n|t:|1684132879\n|detailschange|p2a: Corrin|Palafin-Hero, L50, F, shiny\n|switch|p2a: Mega Man|Armarouge, L50, M|100\/100\n|\n|upkeep\n|turn|4\n|inactive|Mike2811 has 30 seconds left.\n|\n|t:|1684132906\n|switch|p1a: Ting-Lu|Ting-Lu, L50|50\/100\n|-ability|p1a: Ting-Lu|Vessel of Ruin\n|move|p2b: Isabelle|Follow Me|p2b: Isabelle\n|-singleturn|p2b: Isabelle|move: Follow Me\n|move|p1b: Palafin|Drain Punch|p2b: Isabelle\n|-damage|p2b: Isabelle|62\/100\n|-heal|p1b: Palafin|53\/100|[from] drain|[of] p2b: Isabelle\n|move|p2a: Mega Man|Expanding Force|p1b: Palafin|[spread] p1b\n|-immune|p1a: Ting-Lu\n|-damage|p1b: Palafin|6\/100\n|-damage|p2a: Mega Man|91\/100|[from] item: Life Orb\n|\n|upkeep\n|turn|5\n|inactive|Mike2811 has 30 seconds left.\n|inactive|theoptophobickoala has 30 seconds left.\n|\n|t:|1684132943\n|switch|p1b: Forretress|Forretress, L50, F|100\/100\n|-terastallize|p2b: Isabelle|Fairy\n|move|p2b: Isabelle|Follow Me|p2b: Isabelle\n|-singleturn|p2b: Isabelle|move: Follow Me\n|move|p1a: Ting-Lu|Rock Slide|p2b: Isabelle|[spread] p2a,p2b\n|-supereffective|p2a: Mega Man\n|-damage|p2a: Mega Man|53\/100\n|-damage|p2b: Isabelle|45\/100\n|move|p2a: Mega Man|Expanding Force|p1b: Forretress|[spread] p1b\n|-immune|p1a: Ting-Lu\n|-resisted|p1b: Forretress\n|-crit|p1b: Forretress\n|-damage|p1b: Forretress|26\/100\n|-damage|p2a: Mega Man|44\/100|[from] item: Life Orb\n|\n|upkeep\n|turn|6\n|inactive|Mike2811 has 30 seconds left.\n|inactive|theoptophobickoala has 30 seconds left.\n|\n|t:|1684132970\n|move|p1b: Forretress|Gyro Ball|p2b: Isabelle\n|-supereffective|p2b: Isabelle\n|-damage|p2b: Isabelle|0 fnt\n|faint|p2b: Isabelle\n|move|p1a: Ting-Lu|Throat Chop|p2a: Mega Man\n|-supereffective|p2a: Mega Man\n|-damage|p2a: Mega Man|0 fnt\n|faint|p2a: Mega Man\n|\n|-fieldend|move: Trick Room\n|-fieldend|move: Psychic Terrain\n|upkeep\n|\n|t:|1684132976\n|switch|p2b: Corrin|Palafin-Hero, L50, F, shiny|11\/100\n|switch|p2a: C. Falcon|Hawlucha, L50, M, shiny|100\/100\n|-activate|p2b: Corrin|ability: Zero to Hero\n|turn|7\n|\n|t:|1684132991\n|switch|p1b: Farigiraf|Farigiraf, L50, M, tera:Fairy|100\/100\n|move|p2a: C. Falcon|Flying Press|p1a: Ting-Lu\n|-supereffective|p1a: Ting-Lu\n|-damage|p1a: Ting-Lu|0 fnt\n|faint|p1a: Ting-Lu\n|move|p2b: Corrin|Wave Crash|p1b: Farigiraf\n|-damage|p1b: Farigiraf|16\/100\n|-damage|p2b: Corrin|0 fnt|[from] Recoil\n|faint|p2b: Corrin\n|\n|upkeep\n|\n|t:|1684133003\n|switch|p1a: Palafin|Palafin-Hero, L50, M|6\/100\n|turn|8\n|c|\u2606theoptophobickoala|gg\n|\n|t:|1684133018\n|move|p2a: C. Falcon|Acrobatics|p1a: Palafin\n|-damage|p1a: Palafin|0 fnt\n|faint|p1a: Palafin\n|move|p1b: Farigiraf|Trick Room|p1b: Farigiraf\n|-fieldstart|move: Trick Room|[of] p1b: Farigiraf\n|\n|upkeep\n|\n|t:|1684133023\n|switch|p1a: Forretress|Forretress, L50, F|26\/100\n|turn|9\n|\n|t:|1684133042\n|move|p2a: C. Falcon|Detect|p2a: C. Falcon\n|-singleturn|p2a: C. Falcon|Protect\n|move|p1a: Forretress|Body Press|p2a: C. Falcon\n|-activate|p2a: C. Falcon|move: Protect\n|move|p1b: Farigiraf|Dazzling Gleam|p2a: C. Falcon\n|-activate|p2a: C. Falcon|move: Protect\n|\n|upkeep\n|turn|10\n|\n|t:|1684133063\n|move|p1a: Forretress|Body Press|p2a: C. Falcon\n|-resisted|p2a: C. Falcon\n|-damage|p2a: C. Falcon|82\/100\n|move|p1b: Farigiraf|Psyshock|p2a: C. Falcon\n|-supereffective|p2a: C. Falcon\n|-damage|p2a: C. Falcon|0 fnt\n|faint|p2a: C. Falcon\n|\n|win|Mike2811\n|raw|Mike2811's rating: 1206 → 1233<\/strong> (+27 for winning)\n|raw|theoptophobickoala's rating: 1240 → 1213<\/strong> (-27 for losing)\n|l|\u2606theoptophobickoala\n|c|\u2606Mike2811|thanks\n","uploadtime":1684133077,"views":9,"p1id":"mike2811","p2id":"theoptophobickoala","formatid":"gen9vgc2023regulationc","rating":1213,"private":0,"password":""}