{"id":"gen9vgc2023regulationc-1858245979","p1":"Ameliya","p2":"Cranklex2","format":"[Gen 9] VGC 2023 Regulation C","log":"|j|\u2606Ameliya\n|j|\u2606Cranklex2\n|t:|1683294907\n|gametype|doubles\n|player|p1|Ameliya|lady|1116\n|player|p2|Cranklex2|psychicf-gen4|1070\n|teamsize|p1|6\n|teamsize|p2|6\n|gen|9\n|tier|[Gen 9] VGC 2023 Regulation C\n|rated|\n|rule|Species Clause: Limit one of each Pok\u00e9mon\n|rule|Item Clause: Limit one of each item\n|clearpoke\n|poke|p1|Amoonguss, L50, M|\n|poke|p1|Palafin, L50, F|\n|poke|p1|Arcanine, L50, M|\n|poke|p1|Flutter Mane, L50|\n|poke|p1|Kingambit, L50, M|\n|poke|p1|Iron Hands, L50|\n|poke|p2|Salazzle, L50, F|\n|poke|p2|Indeedee-F, L50, F|\n|poke|p2|Appletun, L50, F|\n|poke|p2|Mimikyu, L50, F|\n|poke|p2|Grafaiai, L50, F|\n|poke|p2|Hippowdon, L50, F|\n|teampreview|4\n|\n|t:|1683294982\n|start\n|switch|p1a: Palafin|Palafin, L50, F|100\/100\n|switch|p1b: Iron Hands|Iron Hands, L50|100\/100\n|switch|p2a: Salazzle|Salazzle, L50, F|100\/100\n|switch|p2b: Grafaiai|Grafaiai, L50, F|100\/100\n|turn|1\n|\n|t:|1683294997\n|move|p2a: Salazzle|Protect|p2a: Salazzle\n|-singleturn|p2a: Salazzle|Protect\n|move|p1b: Iron Hands|Fake Out|p2a: Salazzle\n|-activate|p2a: Salazzle|move: Protect\n|move|p2b: Grafaiai|Super Fang|p1a: Palafin\n|-damage|p1a: Palafin|50\/100\n|move|p1a: Palafin|Wave Crash|p2a: Salazzle\n|-activate|p2a: Salazzle|move: Protect\n|\n|upkeep\n|turn|2\n|\n|t:|1683295026\n|move|p2b: Grafaiai|Encore|p1b: Iron Hands\n|-start|p1b: Iron Hands|Encore\n|move|p1a: Palafin|Jet Punch|p2a: Salazzle\n|-supereffective|p2a: Salazzle\n|-enditem|p2a: Salazzle|Focus Sash\n|-damage|p2a: Salazzle|1\/100\n|-damage|p1a: Palafin|41\/100|[from] item: Life Orb\n|move|p2a: Salazzle|Poison Gas|p1b: Iron Hands|[spread] p1a,p1b\n|-status|p1a: Palafin|psn\n|-status|p1b: Iron Hands|psn\n|move|p1b: Iron Hands|Fake Out||[still]\n|-hint|Fake Out only works on your first turn out.\n|-fail|p1b: Iron Hands\n|\n|-damage|p1a: Palafin|29\/100 psn|[from] psn\n|-damage|p1b: Iron Hands|88\/100 psn|[from] psn\n|upkeep\n|turn|3\n|\n|t:|1683295044\n|detailschange|p1a: Palafin|Palafin-Hero, L50, F\n|switch|p1a: Arcanine|Arcanine, L50, M|100\/100\n|-ability|p1a: Arcanine|Intimidate|boost\n|-unboost|p2a: Salazzle|atk|1\n|-unboost|p2b: Grafaiai|atk|1\n|-end|p1b: Iron Hands|Quark Drive|[silent]\n|switch|p1b: Amoonguss|Amoonguss, L50, M, shiny|100\/100\n|move|p2a: Salazzle|Protect|p2a: Salazzle\n|-singleturn|p2a: Salazzle|Protect\n|move|p2b: Grafaiai|Super Fang|p1b: Amoonguss|[miss]\n|-miss|p2b: Grafaiai|p1b: Amoonguss\n|\n|upkeep\n|turn|4\n|\n|t:|1683295076\n|switch|p2a: Mimikyu|Mimikyu, L50, F|100\/100\n|move|p1b: Amoonguss|Rage Powder|p1b: Amoonguss\n|-singleturn|p1b: Amoonguss|move: Rage Powder\n|move|p2b: Grafaiai|Super Fang|p1b: Amoonguss\n|-damage|p1b: Amoonguss|51\/100\n|move|p1a: Arcanine|Flare Blitz|p2b: Grafaiai\n|-crit|p2b: Grafaiai\n|-damage|p2b: Grafaiai|0 fnt\n|faint|p2b: Grafaiai\n|-damage|p1a: Arcanine|67\/100|[from] Recoil\n|\n|upkeep\n|\n|t:|1683295090\n|switch|p2b: Salazzle|Salazzle, L50, F|1\/100\n|turn|5\n|\n|t:|1683295121\n|move|p2b: Salazzle|Protect|p2b: Salazzle\n|-singleturn|p2b: Salazzle|Protect\n|move|p1a: Arcanine|Protect|p1a: Arcanine\n|-singleturn|p1a: Arcanine|Protect\n|move|p2a: Mimikyu|Curse|p1a: Arcanine\n|-start|p1a: Arcanine|Curse|[of] p2a: Mimikyu\n|-damage|p2a: Mimikyu|50\/100\n|move|p1b: Amoonguss|Spore|p2a: Mimikyu\n|-status|p2a: Mimikyu|slp|[from] move: Spore\n|\n|-damage|p1a: Arcanine|42\/100|[from] Curse\n|upkeep\n|turn|6\n|\n|t:|1683295141\n|cant|p2a: Mimikyu|slp\n|move|p1a: Arcanine|Extreme Speed|p2b: Salazzle\n|-damage|p2b: Salazzle|0 fnt\n|faint|p2b: Salazzle\n|move|p1b: Amoonguss|Pollen Puff|p1a: Arcanine\n|-heal|p1a: Arcanine|91\/100\n|\n|-damage|p1a: Arcanine|67\/100|[from] Curse\n|upkeep\n|\n|t:|1683295150\n|switch|p2b: Appletun|Appletun, L50, F|100\/100\n|turn|7\n|\n|t:|1683295179\n|cant|p2a: Mimikyu|slp\n|move|p2b: Appletun|Protect|p2b: Appletun\n|-singleturn|p2b: Appletun|Protect\n|move|p1b: Amoonguss|Rage Powder|p1b: Amoonguss\n|-singleturn|p1b: Amoonguss|move: Rage Powder\n|move|p1a: Arcanine|Flare Blitz|p2a: Mimikyu\n|-activate|p2a: Mimikyu|ability: Disguise\n|-damage|p2a: Mimikyu|50\/100 slp\n|detailschange|p2a: Mimikyu|Mimikyu-Busted, L50, F\n|-damage|p2a: Mimikyu|38\/100 slp|[from] pokemon: Mimikyu-Busted\n|\n|-damage|p1a: Arcanine|42\/100|[from] Curse\n|upkeep\n|turn|8\n|\n|t:|1683295198\n|-terastallize|p2b: Appletun|Ghost\n|cant|p2a: Mimikyu|slp\n|move|p1b: Amoonguss|Rage Powder|p1b: Amoonguss\n|-singleturn|p1b: Amoonguss|move: Rage Powder\n|move|p1a: Arcanine|Flare Blitz|p2a: Mimikyu\n|-crit|p2a: Mimikyu\n|-damage|p2a: Mimikyu|0 fnt\n|faint|p2a: Mimikyu\n|-damage|p1a: Arcanine|32\/100|[from] Recoil\n|move|p2b: Appletun|Curse|p1b: Amoonguss\n|-start|p1b: Amoonguss|Curse|[of] p2b: Appletun\n|-damage|p2b: Appletun|51\/100\n|\n|-damage|p1a: Arcanine|7\/100|[from] Curse\n|-damage|p1b: Amoonguss|26\/100|[from] Curse\n|upkeep\n|turn|9\n|\n|t:|1683295223\n|switch|p1a: Iron Hands|Iron Hands, L50|88\/100 psn\n|switch|p1b: Palafin|Palafin-Hero, L50, F|29\/100 psn\n|-activate|p1b: Palafin|ability: Zero to Hero\n|move|p2b: Appletun|Protect||[still]\n|-fail|p2b: Appletun\n|\n|-damage|p1b: Palafin|16\/100 psn|[from] psn\n|-damage|p1a: Iron Hands|76\/100 psn|[from] psn\n|upkeep\n|turn|10\n|\n|t:|1683295237\n|-terastallize|p1b: Palafin|Water\n|move|p1b: Palafin|Jet Punch|p2b: Appletun\n|-damage|p2b: Appletun|0 fnt\n|faint|p2b: Appletun\n|-damage|p1b: Palafin|7\/100 psn|[from] item: Life Orb\n|\n|win|Ameliya\n|raw|Ameliya's rating: 1116 → 1138<\/strong> (+22 for winning)\n|raw|Cranklex2's rating: 1070 → 1052<\/strong> (-18 for losing)\n|l|\u2606Cranklex2\n","uploadtime":1683295247,"views":5,"p1id":"ameliya","p2id":"cranklex2","formatid":"gen9vgc2023regulationc","rating":1052,"private":0,"password":""}