{"id":"gen9vgc2023regulationc-1847475247","p1":"Riverpasta","p2":"Emberbloom","format":"[Gen 9] VGC 2023 Regulation C","log":"|j|\u2606Riverpasta\n|j|\u2606Emberbloom\n|t:|1681959718\n|gametype|doubles\n|player|p1|Riverpasta|red|1422\n|player|p2|Emberbloom|flannery|1533\n|teamsize|p1|6\n|teamsize|p2|6\n|gen|9\n|tier|[Gen 9] VGC 2023 Regulation C\n|rated|\n|rule|Species Clause: Limit one of each Pok\u00e9mon\n|rule|Item Clause: Limit one of each item\n|clearpoke\n|poke|p1|Lokix, L50, M|\n|poke|p1|Chien-Pao, L50|\n|poke|p1|Gastrodon-East, L50, M|\n|poke|p1|Corviknight, L50, F|\n|poke|p1|Flutter Mane, L50|\n|poke|p1|Gholdengo, L50|\n|poke|p2|Corviknight, L50, M|\n|poke|p2|Tyranitar, L50, F|\n|poke|p2|Garchomp, L50, F|\n|poke|p2|Gyarados, L50, F|\n|poke|p2|Amoonguss, L50, M|\n|poke|p2|Iron Hands, L50|\n|teampreview|4\n|\n|t:|1681959755\n|start\n|switch|p1a: Corviknight|Corviknight, L50, F|100\/100\n|switch|p1b: Lokix|Lokix, L50, M, shiny|100\/100\n|switch|p2a: Iron Hands|Iron Hands, L50|100\/100\n|switch|p2b: Corviknight|Corviknight, L50, M|100\/100\n|turn|1\n|\n|t:|1681959769\n|move|p1b: Lokix|Protect|p1b: Lokix\n|-singleturn|p1b: Lokix|Protect\n|move|p2b: Corviknight|Brave Bird|p1b: Lokix\n|-activate|p1b: Lokix|move: Protect\n|move|p1a: Corviknight|Tailwind|p1a: Corviknight\n|-sidestart|p1: Riverpasta|move: Tailwind\n|move|p2a: Iron Hands|Wild Charge|p1a: Corviknight\n|-supereffective|p1a: Corviknight\n|-damage|p1a: Corviknight|24\/100\n|-damage|p2a: Iron Hands|84\/100|[from] Recoil\n|\n|-heal|p1a: Corviknight|30\/100|[from] item: Leftovers\n|upkeep\n|turn|2\n|\n|t:|1681959812\n|switch|p1a: Chien-Pao|Chien-Pao, L50|100\/100\n|-ability|p1a: Chien-Pao|Sword of Ruin\n|-terastallize|p1b: Lokix|Bug\n|move|p1b: Lokix|U-turn|p2a: Iron Hands\n|-resisted|p2a: Iron Hands\n|-damage|p2a: Iron Hands|26\/100\n|-damage|p1b: Lokix|91\/100|[from] item: Life Orb\n|\n|t:|1681959820\n|switch|p1b: Corviknight|Corviknight, L50, F|30\/100|[from] U-turn\n|move|p2b: Corviknight|Tailwind|p2b: Corviknight\n|-sidestart|p2: Emberbloom|move: Tailwind\n|move|p2a: Iron Hands|Drain Punch|p1b: Corviknight\n|-damage|p1b: Corviknight|0 fnt\n|-heal|p2a: Iron Hands|39\/100|[from] drain|[of] p1b: Corviknight\n|faint|p1b: Corviknight\n|\n|upkeep\n|\n|t:|1681959848\n|switch|p1b: Lokix|Lokix, L50, M, shiny, tera:Bug|91\/100\n|turn|3\n|\n|t:|1681959870\n|-end|p2a: Iron Hands|Quark Drive|[silent]\n|switch|p2a: Garchomp|Garchomp, L50, F|100\/100\n|move|p1a: Chien-Pao|Ice Spinner|p2b: Corviknight\n|-damage|p2b: Corviknight|56\/100\n|move|p1b: Lokix|U-turn|p2a: Garchomp\n|-damage|p2a: Garchomp|22\/100\n|-damage|p1b: Lokix|81\/100|[from] item: Life Orb\n|\n|t:|1681959877\n|switch|p1b: Gastrodon|Gastrodon-East, L50, M|100\/100|[from] U-turn\n|move|p2b: Corviknight|Iron Head|p1a: Chien-Pao\n|-supereffective|p1a: Chien-Pao\n|-damage|p1a: Chien-Pao|27\/100\n|\n|upkeep\n|turn|4\n|\n|t:|1681959893\n|switch|p2b: Tyranitar|Tyranitar, L50, F, shiny|100\/100\n|-weather|Sandstorm|[from] ability: Sand Stream|[of] p2b: Tyranitar\n|move|p2a: Garchomp|Protect|p2a: Garchomp\n|-singleturn|p2a: Garchomp|Protect\n|move|p1a: Chien-Pao|Ice Spinner|p2b: Tyranitar\n|-damage|p2b: Tyranitar|63\/100\n|move|p1b: Gastrodon|Muddy Water|p2b: Tyranitar|[spread] \n|-activate|p2a: Garchomp|move: Protect\n|-miss|p1b: Gastrodon|p2b: Tyranitar\n|\n|-weather|Sandstorm|[upkeep]\n|-damage|p1a: Chien-Pao|21\/100|[from] Sandstorm\n|-sideend|p1: Riverpasta|move: Tailwind\n|upkeep\n|turn|5\n|\n|t:|1681959904\n|-terastallize|p2b: Tyranitar|Flying\n|move|p1a: Chien-Pao|Protect|p1a: Chien-Pao\n|-singleturn|p1a: Chien-Pao|Protect\n|move|p2a: Garchomp|Earthquake|p1b: Gastrodon|[spread] p1b\n|-activate|p1a: Chien-Pao|move: Protect\n|-immune|p2b: Tyranitar\n|-damage|p1b: Gastrodon|53\/100\n|move|p2b: Tyranitar|Rock Slide|p1a: Chien-Pao|[spread] p1b\n|-activate|p1a: Chien-Pao|move: Protect\n|-resisted|p1b: Gastrodon\n|-damage|p1b: Gastrodon|35\/100\n|move|p1b: Gastrodon|Muddy Water|p2a: Garchomp|[spread] p2a,p2b\n|-damage|p2a: Garchomp|0 fnt\n|-damage|p2b: Tyranitar|44\/100\n|faint|p2a: Garchomp\n|\n|-weather|Sandstorm|[upkeep]\n|-damage|p1a: Chien-Pao|15\/100|[from] Sandstorm\n|-damage|p2b: Tyranitar|38\/100|[from] Sandstorm\n|-sideend|p2: Emberbloom|move: Tailwind\n|upkeep\n|\n|t:|1681959907\n|switch|p2a: Corviknight|Corviknight, L50, M|56\/100\n|turn|6\n|\n|t:|1681959927\n|move|p2b: Tyranitar|Protect|p2b: Tyranitar\n|-singleturn|p2b: Tyranitar|Protect\n|move|p1a: Chien-Pao|Ice Spinner|p2a: Corviknight\n|-damage|p2a: Corviknight|14\/100\n|move|p2a: Corviknight|Tailwind|p2a: Corviknight\n|-sidestart|p2: Emberbloom|move: Tailwind\n|move|p1b: Gastrodon|Recover|p1b: Gastrodon\n|-heal|p1b: Gastrodon|85\/100\n|\n|-weather|Sandstorm|[upkeep]\n|-damage|p1a: Chien-Pao|10\/100|[from] Sandstorm\n|-damage|p2b: Tyranitar|32\/100|[from] Sandstorm\n|upkeep\n|turn|7\n|\n|t:|1681959946\n|move|p1b: Gastrodon|Protect|p1b: Gastrodon\n|-singleturn|p1b: Gastrodon|Protect\n|move|p2a: Corviknight|Iron Head|p1b: Gastrodon\n|-activate|p1b: Gastrodon|move: Protect\n|move|p1a: Chien-Pao|Ice Spinner|p2b: Tyranitar\n|-supereffective|p2b: Tyranitar\n|-damage|p2b: Tyranitar|0 fnt\n|faint|p2b: Tyranitar\n|\n|-weather|Sandstorm|[upkeep]\n|-damage|p1a: Chien-Pao|4\/100|[from] Sandstorm\n|upkeep\n|\n|t:|1681959948\n|switch|p2b: Iron Hands|Iron Hands, L50|39\/100\n|turn|8\n|\n|t:|1681959962\n|move|p2a: Corviknight|Taunt|p1b: Gastrodon\n|-start|p1b: Gastrodon|move: Taunt\n|move|p1a: Chien-Pao|Ice Spinner|p2a: Corviknight\n|-damage|p2a: Corviknight|0 fnt\n|faint|p2a: Corviknight\n|move|p2b: Iron Hands|Drain Punch|p1b: Gastrodon\n|-damage|p1b: Gastrodon|36\/100\n|-heal|p2b: Iron Hands|61\/100|[from] drain|[of] p1b: Gastrodon\n|move|p1b: Gastrodon|Muddy Water|p2b: Iron Hands\n|-damage|p2b: Iron Hands|42\/100\n|\n|-weather|none\n|upkeep\n|turn|9\n|\n|t:|1681959971\n|move|p1a: Chien-Pao|Protect|p1a: Chien-Pao\n|-singleturn|p1a: Chien-Pao|Protect\n|move|p2b: Iron Hands|Drain Punch|p1b: Gastrodon\n|-damage|p1b: Gastrodon|0 fnt\n|-heal|p2b: Iron Hands|58\/100|[from] drain|[of] p1b: Gastrodon\n|faint|p1b: Gastrodon\n|\n|-sideend|p2: Emberbloom|move: Tailwind\n|upkeep\n|\n|t:|1681959974\n|switch|p1b: Lokix|Lokix, L50, M, shiny, tera:Bug|81\/100\n|turn|10\n|\n|t:|1681959993\n|move|p1b: Lokix|First Impression|p2b: Iron Hands\n|-resisted|p2b: Iron Hands\n|-damage|p2b: Iron Hands|0 fnt\n|faint|p2b: Iron Hands\n|-end|p2b: Iron Hands|Quark Drive|[silent]\n|-damage|p1b: Lokix|72\/100|[from] item: Life Orb\n|\n|win|Riverpasta\n|raw|Riverpasta's rating: 1422 → 1448<\/strong> (+26 for winning)\n|raw|Emberbloom's rating: 1533 → 1507<\/strong> (-26 for losing)\n","uploadtime":1681959998,"views":9,"p1id":"riverpasta","p2id":"emberbloom","formatid":"gen9vgc2023regulationc","rating":1448,"private":0,"password":""}