{"id":"gen9vgc2023regulationc-1857825372","p1":"ckierico","p2":"ThePyre","format":"[Gen 9] VGC 2023 Regulation C","log":"|j|\u2606ckierico\n|j|\u2606ThePyre\n|t:|1683235795\n|gametype|doubles\n|player|p1|ckierico|ninjaboy|1361\n|player|p2|ThePyre|170|1370\n|teamsize|p1|6\n|teamsize|p2|6\n|gen|9\n|tier|[Gen 9] VGC 2023 Regulation C\n|rated|\n|rule|Species Clause: Limit one of each Pok\u00e9mon\n|rule|Item Clause: Limit one of each item\n|clearpoke\n|poke|p1|Chi-Yu, L50|\n|poke|p1|Flutter Mane, L50|\n|poke|p1|Gyarados, L50, F|\n|poke|p1|Iron Hands, L50|\n|poke|p1|Great Tusk, L50|\n|poke|p1|Corviknight, L50, F|\n|poke|p2|Glimmora, L50, F|\n|poke|p2|Chi-Yu, L50|\n|poke|p2|Annihilape, L50, F|\n|poke|p2|Maushold-Four, L50|\n|poke|p2|Gyarados, L50, F|\n|poke|p2|Scizor, L50, F|\n|teampreview|4\n|inactive|Battle timer is ON: inactive players will automatically lose when time's up. (requested by ckierico)\nckierico has agreed to open team sheets.\n|\n|t:|1683235822\n|start\n|switch|p1a: Chi-Yu|Chi-Yu, L50|100\/100\n|switch|p1b: Flutter Mane|Flutter Mane, L50|100\/100\n|switch|p2a: Maushold|Maushold-Four, L50|100\/100\n|switch|p2b: Annihilape|Annihilape, L50, F|100\/100\n|-ability|p1a: Chi-Yu|Beads of Ruin\n|turn|1\n|inactive|ckierico has 30 seconds left.\n|inactive|ckierico has 20 seconds left.\n|\n|t:|1683235860\n|-terastallize|p2b: Annihilape|Fire\n|move|p1a: Chi-Yu|Protect|p1a: Chi-Yu\n|-singleturn|p1a: Chi-Yu|Protect\n|move|p1b: Flutter Mane|Power Gem|p2b: Annihilape\n|-supereffective|p2b: Annihilape\n|-damage|p2b: Annihilape|31\/100\n|move|p2a: Maushold|Beat Up|p2b: Annihilape\n|-damage|p2b: Annihilape|29\/100\n|-damage|p2b: Annihilape|27\/100\n|-damage|p2b: Annihilape|25\/100\n|-damage|p2b: Annihilape|23\/100\n|-hitcount|p2b: Annihilape|4\n|move|p2b: Annihilape|Rage Fist|p1b: Flutter Mane\n|-supereffective|p1b: Flutter Mane\n|-damage|p1b: Flutter Mane|0 fnt\n|faint|p1b: Flutter Mane\n|-end|p1b: Flutter Mane|Protosynthesis|[silent]\n|\n|-heal|p2b: Annihilape|29\/100|[from] item: Leftovers\n|upkeep\n|inactive|ckierico has 30 seconds left.\n|\n|t:|1683235893\n|switch|p1b: Iron Hands|Iron Hands, L50|100\/100\n|turn|2\n|\n|t:|1683235904\n|move|p2a: Maushold|Protect|p2a: Maushold\n|-singleturn|p2a: Maushold|Protect\n|move|p2b: Annihilape|Protect|p2b: Annihilape\n|-singleturn|p2b: Annihilape|Protect\n|move|p1b: Iron Hands|Fake Out|p2a: Maushold\n|-activate|p2a: Maushold|move: Protect\n|move|p1a: Chi-Yu|Dark Pulse|p2b: Annihilape\n|-activate|p2b: Annihilape|move: Protect\n|\n|-heal|p2b: Annihilape|35\/100|[from] item: Leftovers\n|upkeep\n|turn|3\n|\n|t:|1683235922\n|move|p1a: Chi-Yu|Protect|p1a: Chi-Yu\n|-singleturn|p1a: Chi-Yu|Protect\n|move|p2a: Maushold|Follow Me|p2a: Maushold\n|-singleturn|p2a: Maushold|move: Follow Me\n|move|p2b: Annihilape|Bulk Up|p2b: Annihilape\n|-boost|p2b: Annihilape|atk|1\n|-boost|p2b: Annihilape|def|1\n|move|p1b: Iron Hands|Drain Punch|p2a: Maushold\n|-supereffective|p2a: Maushold\n|-damage|p2a: Maushold|0 fnt\n|faint|p2a: Maushold\n|\n|-heal|p2b: Annihilape|41\/100|[from] item: Leftovers\n|upkeep\n|\n|t:|1683235937\n|switch|p2a: Gyarados|Gyarados, L50, F|100\/100\n|-ability|p2a: Gyarados|Intimidate|boost\n|-unboost|p1a: Chi-Yu|atk|1\n|-unboost|p1b: Iron Hands|atk|1\n|turn|4\n|\n|t:|1683235961\n|move|p1a: Chi-Yu|Dark Pulse|p2b: Annihilape\n|-damage|p2b: Annihilape|0 fnt\n|faint|p2b: Annihilape\n|move|p2a: Gyarados|Waterfall|p1a: Chi-Yu\n|-supereffective|p1a: Chi-Yu\n|-damage|p1a: Chi-Yu|26\/100\n|move|p1b: Iron Hands|Volt Switch|p2a: Gyarados\n|-supereffective|p2a: Gyarados\n|-damage|p2a: Gyarados|51\/100\n|\n|t:|1683235969\n|-end|p1b: Iron Hands|Quark Drive|[silent]\n|switch|p1b: Great Tusk|Great Tusk, L50|100\/100|[from] Volt Switch\n|\n|-heal|p1a: Chi-Yu|33\/100|[from] item: Leftovers\n|upkeep\n|\n|t:|1683235976\n|switch|p2b: Chi-Yu|Chi-Yu, L50|100\/100\n|-ability|p2b: Chi-Yu|Beads of Ruin\n|turn|5\n|inactive|ckierico has 30 seconds left.\n|inactive|ckierico has 20 seconds left.\n|inactive|ckierico has 15 seconds left.\n|\n|t:|1683236016\n|move|p2b: Chi-Yu|Protect|p2b: Chi-Yu\n|-singleturn|p2b: Chi-Yu|Protect\n|move|p1a: Chi-Yu|Protect|p1a: Chi-Yu\n|-singleturn|p1a: Chi-Yu|Protect\n|move|p1b: Great Tusk|Rock Slide|p2a: Gyarados|[spread] p2a\n|-activate|p2b: Chi-Yu|move: Protect\n|-supereffective|p2a: Gyarados\n|-damage|p2a: Gyarados|10\/100\n|-enditem|p2a: Gyarados|Sitrus Berry|[eat]\n|-heal|p2a: Gyarados|35\/100|[from] item: Sitrus Berry\n|move|p2a: Gyarados|Waterfall|p1b: Great Tusk\n|-supereffective|p1b: Great Tusk\n|-damage|p1b: Great Tusk|49\/100\n|\n|-heal|p1a: Chi-Yu|39\/100|[from] item: Leftovers\n|upkeep\n|turn|6\n|inactive|ckierico has 30 seconds left.\n|inactive|ckierico has 20 seconds left.\n|inactive|ckierico has 15 seconds left.\n|inactive|ckierico has 10 seconds left.\n|\n|t:|1683236061\n|move|p2a: Gyarados|Helping Hand|p2b: Chi-Yu\n|-singleturn|p2b: Chi-Yu|Helping Hand|[of] p2a: Gyarados\n|move|p1b: Great Tusk|Rock Slide|p2b: Chi-Yu|[spread] p2a,p2b\n|-supereffective|p2a: Gyarados\n|-supereffective|p2b: Chi-Yu\n|-damage|p2a: Gyarados|0 fnt\n|-damage|p2b: Chi-Yu|39\/100\n|faint|p2a: Gyarados\n|cant|p2b: Chi-Yu|flinch\n|move|p1a: Chi-Yu|Dark Pulse|p2b: Chi-Yu\n|-resisted|p2b: Chi-Yu\n|-damage|p2b: Chi-Yu|17\/100\n|\n|-heal|p1a: Chi-Yu|45\/100|[from] item: Leftovers\n|upkeep\n|turn|7\n|-message|ThePyre forfeited.\n|\n|win|ckierico\n|raw|ckierico's rating: 1361 → 1382<\/strong> (+21 for winning)\n|raw|ThePyre's rating: 1370 → 1349<\/strong> (-21 for losing)\n|l|\u2606ThePyre\n","uploadtime":1683236295,"views":6,"p1id":"ckierico","p2id":"thepyre","formatid":"gen9vgc2023regulationc","rating":1349,"private":0,"password":""}