{"id":"gen9vgc2023regulationc-1846071202","p1":"QuinlanBuilds","p2":"Pokebet","format":"[Gen 9] VGC 2023 Regulation C","log":"|j|\u2606QuinlanBuilds\n|j|\u2606Pokebet\n|t:|1681801428\n|gametype|doubles\n|player|p1|QuinlanBuilds|170|1168\n|player|p2|Pokebet|170|1197\n|teamsize|p1|6\n|teamsize|p2|6\n|gen|9\n|tier|[Gen 9] VGC 2023 Regulation C\n|rated|\n|rule|Species Clause: Limit one of each Pok\u00e9mon\n|rule|Item Clause: Limit one of each item\n|clearpoke\n|poke|p1|Tyranitar, L50, F|\n|poke|p1|Iron Bundle, L50|\n|poke|p1|Great Tusk, L50|\n|poke|p1|Talonflame, L50, F|\n|poke|p1|Gothitelle, L50, M|\n|poke|p1|Flutter Mane, L50|\n|poke|p2|Gholdengo, L50|\n|poke|p2|Amoonguss, L50, F|\n|poke|p2|Chi-Yu, L50|\n|poke|p2|Flutter Mane, L50|\n|poke|p2|Roaring Moon, L50|\n|poke|p2|Tauros-Paldea-Aqua, L50, M|\n|teampreview|4\n|inactive|Battle timer is ON: inactive players will automatically lose when time's up. (requested by Pokebet)\n|inactive|QuinlanBuilds has 60 seconds left.\n|\n|t:|1681801492\n|start\n|switch|p1a: Talonflame|Talonflame, L50, F, shiny|100\/100\n|switch|p1b: Tyranitar|Tyranitar, L50, F|100\/100\n|switch|p2a: Gholdengo|Gholdengo, L50|100\/100\n|switch|p2b: Roaring Moon|Roaring Moon, L50|100\/100\n|-weather|Sandstorm|[from] ability: Sand Stream|[of] p1b: Tyranitar\n|-enditem|p2b: Roaring Moon|Booster Energy\n|-activate|p2b: Roaring Moon|ability: Protosynthesis|[fromitem]\n|-start|p2b: Roaring Moon|protosynthesisspe\n|turn|1\n|inactive|QuinlanBuilds has 30 seconds left.\n|inactive|QuinlanBuilds has 20 seconds left.\n|inactive|QuinlanBuilds has 15 seconds left.\n|\n|t:|1681801533\n|-terastallize|p2a: Gholdengo|Water\n|-terastallize|p1b: Tyranitar|Flying\n|move|p1a: Talonflame|Tailwind|p1a: Talonflame\n|-sidestart|p1: QuinlanBuilds|move: Tailwind\n|move|p2b: Roaring Moon|Tailwind|p2b: Roaring Moon\n|-sidestart|p2: Pokebet|move: Tailwind\n|move|p2a: Gholdengo|Make It Rain|p1b: Tyranitar|[spread] p1a,p1b\n|-resisted|p1a: Talonflame\n|-damage|p1a: Talonflame|66\/100\n|-damage|p1b: Tyranitar|74\/100\n|-unboost|p2a: Gholdengo|spa|1\n|move|p1b: Tyranitar|Crunch|p2a: Gholdengo\n|-damage|p2a: Gholdengo|58\/100\n|\n|-weather|Sandstorm|[upkeep]\n|-damage|p2b: Roaring Moon|94\/100|[from] Sandstorm\n|-damage|p2a: Gholdengo|52\/100|[from] Sandstorm\n|-damage|p1b: Tyranitar|68\/100|[from] Sandstorm\n|upkeep\n|turn|2\n|inactive|QuinlanBuilds has 30 seconds left.\n|inactive|Pokebet has 30 seconds left.\n|\n|t:|1681801566\n|switch|p2a: Tauros|Tauros-Paldea-Aqua, L50, M|100\/100\n|-ability|p2a: Tauros|Intimidate|boost\n|-unboost|p1a: Talonflame|atk|1\n|-unboost|p1b: Tyranitar|atk|1\n|move|p2b: Roaring Moon|Throat Chop|p1a: Talonflame\n|-damage|p1a: Talonflame|16\/100\n|-start|p1a: Talonflame|Throat Chop|[silent]\n|move|p1a: Talonflame|Will-O-Wisp|p2b: Roaring Moon\n|-status|p2b: Roaring Moon|brn\n|move|p1b: Tyranitar|Rock Slide|p2b: Roaring Moon|[spread] p2a,p2b\n|-resisted|p2a: Tauros\n|-damage|p2a: Tauros|91\/100\n|-damage|p2b: Roaring Moon|71\/100 brn\n|\n|-weather|Sandstorm|[upkeep]\n|-damage|p2b: Roaring Moon|65\/100 brn|[from] Sandstorm\n|-damage|p1b: Tyranitar|62\/100|[from] Sandstorm\n|-damage|p2b: Roaring Moon|58\/100 brn|[from] brn\n|upkeep\n|turn|3\n|inactive|QuinlanBuilds has 30 seconds left.\n|inactive|Pokebet has 30 seconds left.\n|\n|t:|1681801607\n|switch|p1a: Flutter Mane|Flutter Mane, L50|100\/100\n|move|p2b: Roaring Moon|Taunt|p1a: Flutter Mane\n|-start|p1a: Flutter Mane|move: Taunt\n|move|p2a: Tauros|Wave Crash|p1b: Tyranitar\n|-damage|p1b: Tyranitar|18\/100\n|-damage|p2a: Tauros|75\/100|[from] Recoil\n|move|p1b: Tyranitar|Low Kick|p2b: Roaring Moon\n|-supereffective|p2b: Roaring Moon\n|-damage|p2b: Roaring Moon|0 fnt\n|faint|p2b: Roaring Moon\n|-end|p2b: Roaring Moon|Protosynthesis|[silent]\n|\n|-weather|Sandstorm|[upkeep]\n|-damage|p1a: Flutter Mane|95\/100|[from] Sandstorm\n|-damage|p1b: Tyranitar|13\/100|[from] Sandstorm\n|upkeep\n|\n|t:|1681801629\n|switch|p2b: Gholdengo|Gholdengo, L50, tera:Water|52\/100\n|turn|4\n|\n|t:|1681801652\n|move|p2a: Tauros|Aqua Jet|p1b: Tyranitar\n|-damage|p1b: Tyranitar|0 fnt\n|faint|p1b: Tyranitar\n|move|p1a: Flutter Mane|Thunderbolt|p2b: Gholdengo\n|-supereffective|p2b: Gholdengo\n|-damage|p2b: Gholdengo|0 fnt\n|faint|p2b: Gholdengo\n|\n|-weather|Sandstorm|[upkeep]\n|-damage|p1a: Flutter Mane|89\/100|[from] Sandstorm\n|-sideend|p2: Pokebet|move: Tailwind\n|-sideend|p1: QuinlanBuilds|move: Tailwind\n|upkeep\n|\n|t:|1681801661\n|switch|p2b: Flutter Mane|Flutter Mane, L50|100\/100\n|switch|p1b: Talonflame|Talonflame, L50, F, shiny|16\/100\n|turn|5\n|\n|t:|1681801675\n|switch|p1b: Great Tusk|Great Tusk, L50, shiny|100\/100\n|move|p2a: Tauros|Protect|p2a: Tauros\n|-singleturn|p2a: Tauros|Protect\n|move|p2b: Flutter Mane|Dazzling Gleam|p1a: Flutter Mane|[spread] p1a,p1b\n|-supereffective|p1b: Great Tusk\n|-damage|p1a: Flutter Mane|53\/100\n|-damage|p1b: Great Tusk|0 fnt\n|faint|p1b: Great Tusk\n|-end|p1b: Great Tusk|Protosynthesis|[silent]\n|move|p1a: Flutter Mane|Thunderbolt|p2a: Tauros\n|-activate|p2a: Tauros|move: Protect\n|\n|-weather|none\n|-end|p1a: Flutter Mane|move: Taunt\n|upkeep\n|\n|t:|1681801682\n|switch|p1b: Talonflame|Talonflame, L50, F, shiny|16\/100\n|turn|6\n|\n|t:|1681801692\n|move|p2a: Tauros|Aqua Jet|p1b: Talonflame\n|-supereffective|p1b: Talonflame\n|-damage|p1b: Talonflame|0 fnt\n|faint|p1b: Talonflame\n|move|p2b: Flutter Mane|Dazzling Gleam|p1a: Flutter Mane\n|-damage|p1a: Flutter Mane|0 fnt\n|faint|p1a: Flutter Mane\n|-end|p1a: Flutter Mane|Protosynthesis|[silent]\n|\n|win|Pokebet\n|raw|QuinlanBuilds's rating: 1168 → 1145<\/strong> (-23 for losing)\n|raw|Pokebet's rating: 1197 → 1220<\/strong> (+23 for winning)\n|l|\u2606QuinlanBuilds\n","uploadtime":1681801714,"views":7,"p1id":"quinlanbuilds","p2id":"pokebet","formatid":"gen9vgc2023regulationc","rating":1145,"private":0,"password":""}