{"id":"gen9vgc2023regulationc-1852392172","p1":"gankyburner","p2":"Kirovz","format":"[Gen 9] VGC 2023 Regulation C","log":"|j|\u2606gankyburner\n|j|\u2606Kirovz\n|t:|1682551944\n|gametype|doubles\n|player|p1|gankyburner|266|1345\n|player|p2|Kirovz|lance|1418\n|teamsize|p1|6\n|teamsize|p2|6\n|gen|9\n|tier|[Gen 9] VGC 2023 Regulation C\n|rated|\n|rule|Species Clause: Limit one of each Pok\u00e9mon\n|rule|Item Clause: Limit one of each item\n|clearpoke\n|poke|p1|Murkrow, L50, F|\n|poke|p1|Houndstone, L50, F|\n|poke|p1|Chi-Yu, L50|\n|poke|p1|Tyranitar, L50, M|\n|poke|p1|Palafin, L50, M|\n|poke|p1|Corviknight, L50, M|\n|poke|p2|Dondozo, L50, F|\n|poke|p2|Tatsugiri-Stretchy, L50, M|\n|poke|p2|Chi-Yu, L50|\n|poke|p2|Flutter Mane, L50|\n|poke|p2|Dragonite, L50, F|\n|poke|p2|Glimmora, L50, M|\n|teampreview|4\n|\n|t:|1682551975\n|start\n|switch|p1a: Dragula|Houndstone, L50, F, shiny|100\/100\n|switch|p1b: Ocean Man|Palafin, L50, M|100\/100\n|switch|p2a: Glimmora|Glimmora, L50, M|100\/100\n|switch|p2b: Tatsugiri|Tatsugiri-Stretchy, L50, M|100\/100\n|turn|1\n|inactive|Battle timer is ON: inactive players will automatically lose when time's up. (requested by Kirovz)\n|\n|t:|1682552013\n|detailschange|p1b: Ocean Man|Palafin-Hero, L50, M\n|switch|p1b: Godzilla|Tyranitar, L50, M, shiny|100\/100\n|-weather|Sandstorm|[from] ability: Sand Stream|[of] p1b: Godzilla\n|move|p1a: Dragula|Will-O-Wisp|p2a: Glimmora\n|-status|p2a: Glimmora|brn\n|move|p2a: Glimmora|Toxic|p1a: Dragula\n|-status|p1a: Dragula|tox\n|move|p2b: Tatsugiri|Muddy Water|p1a: Dragula|[spread] p1a,p1b\n|-supereffective|p1b: Godzilla\n|-damage|p1a: Dragula|45\/100 tox\n|-damage|p1b: Godzilla|54\/100\n|-unboost|p1a: Dragula|accuracy|1\n|-enditem|p1a: Dragula|Sitrus Berry|[eat]\n|-heal|p1a: Dragula|69\/100 tox|[from] item: Sitrus Berry\n|\n|-weather|Sandstorm|[upkeep]\n|-damage|p2b: Tatsugiri|95\/100|[from] Sandstorm\n|-damage|p1a: Dragula|63\/100 tox|[from] psn\n|-damage|p2a: Glimmora|95\/100 brn|[from] brn\n|upkeep\n|turn|2\n|inactive|gankyburner has 30 seconds left.\n|inactive|gankyburner has 20 seconds left.\n|inactive|gankyburner has 15 seconds left.\n|inactive|gankyburner has 10 seconds left.\n|\n|t:|1682552058\n|-terastallize|p1b: Godzilla|Flying\n|move|p1a: Dragula|Scary Face|p2b: Tatsugiri\n|-unboost|p2b: Tatsugiri|spe|2\n|move|p2a: Glimmora|Earth Power|p1b: Godzilla\n|-immune|p1b: Godzilla\n|move|p1b: Godzilla|Rock Slide|p2a: Glimmora|[spread] p2a,p2b\n|-damage|p2a: Glimmora|57\/100 brn\n|-damage|p2b: Tatsugiri|44\/100\n|-activate|p2a: Glimmora|ability: Toxic Debris\n|-sidestart|p1: gankyburner|move: Toxic Spikes\n|move|p2b: Tatsugiri|Muddy Water|p1a: Dragula|[spread] p1a,p1b\n|-crit|p1a: Dragula\n|-crit|p1b: Godzilla\n|-damage|p1a: Dragula|0 fnt\n|-damage|p1b: Godzilla|0 fnt\n|faint|p1a: Dragula\n|faint|p1b: Godzilla\n|\n|-weather|Sandstorm|[upkeep]\n|-damage|p2b: Tatsugiri|39\/100|[from] Sandstorm\n|-damage|p2a: Glimmora|51\/100 brn|[from] brn\n|upkeep\n|\n|t:|1682552077\n|switch|p1a: Ocean Man|Palafin-Hero, L50, M|100\/100\n|switch|p1b: C'mon C'mon|Murkrow, L50, F|100\/100\n|-status|p1a: Ocean Man|psn\n|-activate|p1a: Ocean Man|ability: Zero to Hero\n|turn|3\n|\n|t:|1682552092\n|move|p1a: Ocean Man|Protect|p1a: Ocean Man\n|-singleturn|p1a: Ocean Man|Protect\n|move|p2a: Glimmora|Toxic|p1b: C'mon C'mon\n|-status|p1b: C'mon C'mon|tox\n|move|p1b: C'mon C'mon|Foul Play|p2b: Tatsugiri\n|-damage|p2b: Tatsugiri|16\/100\n|move|p2b: Tatsugiri|Muddy Water|p1a: Ocean Man|[spread] p1b\n|-activate|p1a: Ocean Man|move: Protect\n|-damage|p1b: C'mon C'mon|34\/100 tox\n|\n|-weather|Sandstorm|[upkeep]\n|-damage|p1b: C'mon C'mon|29\/100 tox|[from] Sandstorm\n|-damage|p2b: Tatsugiri|11\/100|[from] Sandstorm\n|-damage|p1a: Ocean Man|88\/100 psn|[from] psn\n|-damage|p1b: C'mon C'mon|22\/100 tox|[from] psn\n|-damage|p2a: Glimmora|46\/100 brn|[from] brn\n|upkeep\n|turn|4\n|\n|t:|1682552115\n|move|p2a: Glimmora|Spiky Shield|p2a: Glimmora\n|-singleturn|p2a: Glimmora|move: Protect\n|move|p1a: Ocean Man|Jet Punch|p2b: Tatsugiri\n|-activate|p2b: Tatsugiri|ability: Storm Drain\n|-ability|p2b: Tatsugiri|Storm Drain|boost\n|-boost|p2b: Tatsugiri|spa|1\n|move|p1b: C'mon C'mon|Foul Play|p2b: Tatsugiri\n|-damage|p2b: Tatsugiri|0 fnt\n|faint|p2b: Tatsugiri\n|\n|-weather|Sandstorm|[upkeep]\n|-damage|p1b: C'mon C'mon|16\/100 tox|[from] Sandstorm\n|-damage|p1a: Ocean Man|76\/100 psn|[from] psn\n|-damage|p1b: C'mon C'mon|4\/100 tox|[from] psn\n|-damage|p2a: Glimmora|40\/100 brn|[from] brn\n|upkeep\n|\n|t:|1682552127\n|switch|p2b: Flutter Mane|Flutter Mane, L50|100\/100\n|-enditem|p2b: Flutter Mane|Booster Energy\n|-activate|p2b: Flutter Mane|ability: Protosynthesis|[fromitem]\n|-start|p2b: Flutter Mane|protosynthesisspe\n|turn|5\n|\n|t:|1682552147\n|move|p2b: Flutter Mane|Protect|p2b: Flutter Mane\n|-singleturn|p2b: Flutter Mane|Protect\n|move|p1a: Ocean Man|Jet Punch|p2b: Flutter Mane\n|-activate|p2b: Flutter Mane|move: Protect\n|move|p1b: C'mon C'mon|Tailwind|p1b: C'mon C'mon\n|-sidestart|p1: gankyburner|move: Tailwind\n|move|p2a: Glimmora|Power Gem|p1a: Ocean Man\n|-damage|p1a: Ocean Man|37\/100 psn\n|\n|-weather|none\n|-damage|p1a: Ocean Man|25\/100 psn|[from] psn\n|-damage|p1b: C'mon C'mon|0 fnt|[from] psn\n|faint|p1b: C'mon C'mon\n|-damage|p2a: Glimmora|34\/100 brn|[from] brn\n|upkeep\n|turn|6\n|\n|t:|1682552161\n|-terastallize|p2b: Flutter Mane|Steel\n|move|p2a: Glimmora|Spiky Shield|p2a: Glimmora\n|-singleturn|p2a: Glimmora|move: Protect\n|move|p1a: Ocean Man|Jet Punch|p2b: Flutter Mane\n|-damage|p2b: Flutter Mane|26\/100\n|move|p2b: Flutter Mane|Hex|p1a: Ocean Man\n|-damage|p1a: Ocean Man|0 fnt\n|faint|p1a: Ocean Man\n|\n|win|Kirovz\n|raw|gankyburner's rating: 1345 → 1329<\/strong> (-16 for losing)\n|raw|Kirovz's rating: 1418 → 1434<\/strong> (+16 for winning)\n","uploadtime":1682552173,"views":18,"p1id":"gankyburner","p2id":"kirovz","formatid":"gen9vgc2023regulationc","rating":1329,"private":0,"password":""}