{"id":"gen9vgc2023regulationc-1853545784","p1":"Fake_pinkmilk","p2":"Mukked It Up","format":"[Gen 9] VGC 2023 Regulation C","log":"|j|\u2606Fake_pinkmilk\n|j|\u2606Mukked It Up\n|t:|1682695135\n|gametype|doubles\n|player|p1|Fake_pinkmilk|266|1111\n|player|p2|Mukked It Up|dawn|1212\n|teamsize|p1|6\n|teamsize|p2|6\n|gen|9\n|tier|[Gen 9] VGC 2023 Regulation C\n|rated|\n|rule|Species Clause: Limit one of each Pok\u00e9mon\n|rule|Item Clause: Limit one of each item\n|clearpoke\n|poke|p1|Amoonguss, L50, M|\n|poke|p1|Skeledirge, L50, M|\n|poke|p1|Chien-Pao, L50|\n|poke|p1|Kingambit, L50, F|\n|poke|p1|Mimikyu, L50, F|\n|poke|p1|Iron Hands, L50|\n|poke|p2|Magnezone, L50|\n|poke|p2|Vaporeon, L50, M|\n|poke|p2|Goodra, L50, F|\n|poke|p2|Pelipper, L50, F|\n|poke|p2|Toxicroak, L50, M|\n|poke|p2|Gastrodon-East, L50, M|\n|teampreview|4\n|\n|t:|1682695172\n|start\n|switch|p1a: Mimikyu|Mimikyu, L50, F|100\/100\n|switch|p1b: Skeledirge|Skeledirge, L50, M|100\/100\n|switch|p2a: Pelipper|Pelipper, L50, F|100\/100\n|switch|p2b: Toxicroak|Toxicroak, L50, M|100\/100\n|-weather|RainDance|[from] ability: Drizzle|[of] p2a: Pelipper\n|turn|1\n|\n|t:|1682695198\n|move|p1b: Skeledirge|Protect|p1b: Skeledirge\n|-singleturn|p1b: Skeledirge|Protect\n|move|p2b: Toxicroak|Poison Jab|p1a: Mimikyu\n|-activate|p1a: Mimikyu|ability: Disguise\n|-damage|p1a: Mimikyu|100\/100\n|detailschange|p1a: Mimikyu|Mimikyu-Busted, L50, F\n|-damage|p1a: Mimikyu|88\/100|[from] pokemon: Mimikyu-Busted\n|move|p2a: Pelipper|Surf|p1a: Mimikyu|[spread] p1a\n|-activate|p1b: Skeledirge|move: Protect\n|-immune|p2b: Toxicroak|[from] ability: Dry Skin\n|-damage|p1a: Mimikyu|51\/100\n|move|p1a: Mimikyu|Trick Room|p1a: Mimikyu\n|-fieldstart|move: Trick Room|[of] p1a: Mimikyu\n|\n|-weather|RainDance|[upkeep]\n|upkeep\n|turn|2\n|\n|t:|1682695230\n|-terastallize|p1b: Skeledirge|Grass\n|move|p1b: Skeledirge|Torch Song|p2b: Toxicroak\n|-damage|p2b: Toxicroak|77\/100\n|-boost|p1b: Skeledirge|spa|1\n|-enditem|p1b: Skeledirge|Throat Spray\n|-boost|p1b: Skeledirge|spa|1|[from] item: Throat Spray\n|move|p2a: Pelipper|Surf|p1a: Mimikyu|[spread] p1a,p1b\n|-heal|p2b: Toxicroak|100\/100|[from] ability: Dry Skin|[of] p2a: Pelipper\n|-resisted|p1b: Skeledirge\n|-damage|p1a: Mimikyu|14\/100\n|-damage|p1b: Skeledirge|84\/100\n|move|p2b: Toxicroak|Poison Jab|p1a: Mimikyu\n|-damage|p1a: Mimikyu|0 fnt\n|faint|p1a: Mimikyu\n|\n|-weather|RainDance|[upkeep]\n|upkeep\n|\n|t:|1682695254\n|switch|p1a: Iron Hands|Iron Hands, L50|100\/100\n|turn|3\n|\n|t:|1682695268\n|move|p2a: Pelipper|Protect|p2a: Pelipper\n|-singleturn|p2a: Pelipper|Protect\n|move|p1a: Iron Hands|Belly Drum|p1a: Iron Hands\n|-damage|p1a: Iron Hands|51\/100\n|-setboost|p1a: Iron Hands|atk|6|[from] move: Belly Drum\n|move|p1b: Skeledirge|Torch Song|p2b: Toxicroak\n|-damage|p2b: Toxicroak|55\/100\n|-boost|p1b: Skeledirge|spa|1\n|move|p2b: Toxicroak|Poison Jab|p1b: Skeledirge\n|-supereffective|p1b: Skeledirge\n|-damage|p1b: Skeledirge|22\/100\n|\n|-weather|RainDance|[upkeep]\n|-heal|p2b: Toxicroak|67\/100|[from] ability: Dry Skin\n|upkeep\n|turn|4\n|\n|t:|1682695299\n|switch|p2a: Gastrodon|Gastrodon-East, L50, M|100\/100\n|move|p2b: Toxicroak|Sucker Punch||[still]\n|-fail|p2b: Toxicroak\n|move|p1a: Iron Hands|Drain Punch|p2a: Gastrodon\n|-damage|p2a: Gastrodon|0 fnt\n|-heal|p1a: Iron Hands|92\/100|[from] drain|[of] p2a: Gastrodon\n|faint|p2a: Gastrodon\n|move|p1b: Skeledirge|Slack Off|p1b: Skeledirge\n|-heal|p1b: Skeledirge|72\/100\n|\n|-weather|RainDance|[upkeep]\n|-heal|p2b: Toxicroak|79\/100|[from] ability: Dry Skin\n|upkeep\n|\n|t:|1682695311\n|switch|p2a: Goodra|Goodra, L50, F|100\/100\n|turn|5\n|\n|t:|1682695333\n|move|p1a: Iron Hands|Drain Punch|p2a: Goodra\n|-damage|p2a: Goodra|0 fnt\n|-heal|p1a: Iron Hands|100\/100|[from] drain|[of] p2a: Goodra\n|faint|p2a: Goodra\n|move|p1b: Skeledirge|Shadow Ball|p2b: Toxicroak\n|-damage|p2b: Toxicroak|0 fnt\n|faint|p2b: Toxicroak\n|\n|-weather|RainDance|[upkeep]\n|-fieldend|move: Trick Room\n|upkeep\n|-message|Mukked It Up forfeited.\n|\n|win|Fake_pinkmilk\n|raw|Fake_pinkmilk's rating: 1111 → 1143<\/strong> (+32 for winning)\n|raw|Mukked It Up's rating: 1212 → 1180<\/strong> (-32 for losing)\n|l|\u2606Mukked It Up\n","uploadtime":1682695350,"views":4,"p1id":"fakepinkmilk","p2id":"mukkeditup","formatid":"gen9vgc2023regulationc","rating":1143,"private":0,"password":""}