{"id":"gen9vgc2023regulationc-1846624073","p1":"NickNoName","p2":"jhimbo2100","format":"[Gen 9] VGC 2023 Regulation C","log":"|j|\u2606NickNoName\n|j|\u2606jhimbo2100\n|t:|1681858516\n|gametype|doubles\n|player|p1|NickNoName|101|1540\n|player|p2|jhimbo2100|102|1517\n|teamsize|p1|6\n|teamsize|p2|6\n|gen|9\n|tier|[Gen 9] VGC 2023 Regulation C\n|rated|\n|rule|Species Clause: Limit one of each Pok\u00e9mon\n|rule|Item Clause: Limit one of each item\n|clearpoke\n|poke|p1|Dondozo, L50, M|\n|poke|p1|Tatsugiri-Stretchy, L50, F|\n|poke|p1|Pelipper, L50, M|\n|poke|p1|Drednaw, L50, M|\n|poke|p1|Flutter Mane, L50|\n|poke|p1|Kingambit, L50, M|\n|poke|p2|Annihilape, L50, M|\n|poke|p2|Maushold-Four, L50|\n|poke|p2|Kingambit, L50, F|\n|poke|p2|Amoonguss, L50, F|\n|poke|p2|Flutter Mane, L50|\n|poke|p2|Gothitelle, L50, M|\n|teampreview|4\n|j| campf1r3\n|c| campf1r3|damn this looks boring to watch actually\n|\n|t:|1681858549\n|start\n|switch|p1a: Flutter Mane|Flutter Mane, L50, shiny|100\/100\n|switch|p1b: Kingambit|Kingambit, L50, M|100\/100\n|switch|p2a: Flutter Mane|Flutter Mane, L50|100\/100\n|switch|p2b: Amoonguss|Amoonguss, L50, F|100\/100\n|-enditem|p1a: Flutter Mane|Booster Energy\n|-activate|p1a: Flutter Mane|ability: Protosynthesis|[fromitem]\n|-start|p1a: Flutter Mane|protosynthesisspe\n|turn|1\n|l| campf1r3\n|\n|t:|1681858579\n|-terastallize|p2a: Flutter Mane|Water\n|move|p1b: Kingambit|Protect|p1b: Kingambit\n|-singleturn|p1b: Kingambit|Protect\n|move|p1a: Flutter Mane|Substitute|p1a: Flutter Mane\n|-start|p1a: Flutter Mane|Substitute\n|-damage|p1a: Flutter Mane|76\/100\n|move|p2a: Flutter Mane|Perish Song|p2a: Flutter Mane\n|-start|p1a: Flutter Mane|perish3|[silent]\n|-start|p1b: Kingambit|perish3|[silent]\n|-start|p2a: Flutter Mane|perish3|[silent]\n|-start|p2b: Amoonguss|perish3|[silent]\n|-fieldactivate|move: Perish Song\n|move|p2b: Amoonguss|Spore|p1b: Kingambit\n|-activate|p1b: Kingambit|move: Protect\n|\n|-start|p1a: Flutter Mane|perish3\n|-start|p2a: Flutter Mane|perish3\n|-start|p1b: Kingambit|perish3\n|-start|p2b: Amoonguss|perish3\n|upkeep\n|turn|2\n|\n|t:|1681858612\n|-end|p1a: Flutter Mane|Protosynthesis|[silent]\n|switch|p1a: Drednaw|Drednaw, L50, M|100\/100\n|switch|p1b: Pelipper|Pelipper, L50, M|100\/100\n|-weather|RainDance|[from] ability: Drizzle|[of] p1b: Pelipper\n|move|p2a: Flutter Mane|Draining Kiss|p1b: Pelipper\n|-damage|p1b: Pelipper|66\/100\n|move|p2b: Amoonguss|Clear Smog|p1a: Drednaw\n|-resisted|p1a: Drednaw\n|-damage|p1a: Drednaw|90\/100\n|-clearboost|p1a: Drednaw\n|\n|-weather|RainDance|[upkeep]\n|-start|p2a: Flutter Mane|perish2\n|-start|p2b: Amoonguss|perish2\n|upkeep\n|turn|3\n|\n|t:|1681858632\n|-terastallize|p1a: Drednaw|Grass\n|move|p1a: Drednaw|Rock Slide|p2b: Amoonguss|[spread] p2a,p2b\n|-damage|p2a: Flutter Mane|50\/100\n|-damage|p2b: Amoonguss|60\/100\n|-enditem|p2b: Amoonguss|Eject Button\n|\n|t:|1681858636\n|switch|p2b: Gothitelle|Gothitelle, L50, M|100\/100\n|move|p2a: Flutter Mane|Perish Song|p2a: Flutter Mane\n|-start|p1a: Drednaw|perish3|[silent]\n|-start|p1b: Pelipper|perish3|[silent]\n|-start|p2b: Gothitelle|perish3|[silent]\n|-fieldactivate|move: Perish Song\n|move|p1b: Pelipper|Hurricane|p2b: Gothitelle\n|-damage|p2b: Gothitelle|59\/100\n|\n|-weather|RainDance|[upkeep]\n|-start|p1a: Drednaw|perish3\n|-start|p2a: Flutter Mane|perish1\n|-start|p1b: Pelipper|perish3\n|-start|p2b: Gothitelle|perish3\n|upkeep\n|turn|4\n|\n|t:|1681858653\n|-end|p2a: Flutter Mane|Protosynthesis|[silent]\n|switch|p2a: Amoonguss|Amoonguss, L50, F|93\/100\n|move|p2b: Gothitelle|Fake Out|p1a: Drednaw\n|-damage|p1a: Drednaw|84\/100\n|cant|p1a: Drednaw|flinch\n|move|p1b: Pelipper|Hurricane|p2a: Amoonguss\n|-supereffective|p2a: Amoonguss\n|-crit|p2a: Amoonguss\n|-damage|p2a: Amoonguss|0 fnt\n|faint|p2a: Amoonguss\n|\n|-weather|RainDance|[upkeep]\n|-start|p1a: Drednaw|perish2\n|-start|p2b: Gothitelle|perish2\n|-start|p1b: Pelipper|perish2\n|upkeep\n|\n|t:|1681858663\n|switch|p2a: Kingambit|Kingambit, L50, F|100\/100\n|turn|5\n|j| RedCharonKnight\n|l| RedCharonKnight\n|\n|t:|1681858698\n|move|p2a: Kingambit|Sucker Punch|p1a: Drednaw\n|-damage|p1a: Drednaw|34\/100\n|move|p1a: Drednaw|Rock Slide|p2a: Kingambit|[spread] p2a,p2b\n|-resisted|p2a: Kingambit\n|-damage|p2a: Kingambit|85\/100\n|-damage|p2b: Gothitelle|17\/100\n|-enditem|p2b: Gothitelle|Aguav Berry|[eat]\n|-heal|p2b: Gothitelle|50\/100|[from] item: Aguav Berry\n|move|p2b: Gothitelle|Psychic|p1b: Pelipper\n|-damage|p1b: Pelipper|25\/100\n|move|p1b: Pelipper|Hydro Pump|p2a: Kingambit\n|-damage|p2a: Kingambit|33\/100\n|\n|-weather|RainDance|[upkeep]\n|-start|p1a: Drednaw|perish1\n|-start|p2b: Gothitelle|perish1\n|-start|p1b: Pelipper|perish1\n|upkeep\n|turn|6\n|\n|t:|1681858725\n|switch|p2b: Flutter Mane|Flutter Mane, L50, tera:Water|50\/100\n|move|p2a: Kingambit|Sucker Punch|p1b: Pelipper\n|-damage|p1b: Pelipper|0 fnt\n|faint|p1b: Pelipper\n|move|p1a: Drednaw|Rock Slide|p2b: Flutter Mane|[spread] p2a,p2b\n|-resisted|p2a: Kingambit\n|-damage|p2a: Kingambit|16\/100\n|-damage|p2b: Flutter Mane|4\/100\n|-enditem|p2b: Flutter Mane|Wiki Berry|[eat]\n|-heal|p2b: Flutter Mane|38\/100|[from] item: Wiki Berry\n|\n|-weather|RainDance|[upkeep]\n|-start|p1a: Drednaw|perish0\n|upkeep\n|faint|p1a: Drednaw\n|\n|t:|1681858735\n|switch|p1a: Flutter Mane|Flutter Mane, L50, shiny|76\/100\n|switch|p1b: Kingambit|Kingambit, L50, M|100\/100\n|turn|7\n|\n|t:|1681858751\n|move|p1a: Flutter Mane|Shadow Ball|p2b: Flutter Mane\n|-damage|p2b: Flutter Mane|5\/100\n|-unboost|p2b: Flutter Mane|spd|1\n|move|p2b: Flutter Mane|Draining Kiss|p1b: Kingambit\n|-damage|p1b: Kingambit|77\/100\n|-heal|p2b: Flutter Mane|28\/100|[from] drain|[of] p1b: Kingambit\n|move|p2a: Kingambit|Iron Head|p1a: Flutter Mane\n|-supereffective|p1a: Flutter Mane\n|-damage|p1a: Flutter Mane|0 fnt\n|faint|p1a: Flutter Mane\n|-end|p1a: Flutter Mane|Protosynthesis|[silent]\n|move|p1b: Kingambit|Swords Dance|p1b: Kingambit\n|-boost|p1b: Kingambit|atk|2\n|\n|-weather|RainDance|[upkeep]\n|upkeep\n|turn|8\n|\n|t:|1681858775\n|move|p2b: Flutter Mane|Substitute|p2b: Flutter Mane\n|-start|p2b: Flutter Mane|Substitute\n|-damage|p2b: Flutter Mane|3\/100\n|move|p2a: Kingambit|Kowtow Cleave|p1b: Kingambit\n|-resisted|p1b: Kingambit\n|-damage|p1b: Kingambit|61\/100\n|move|p1b: Kingambit|Kowtow Cleave|p2b: Flutter Mane\n|-end|p2b: Flutter Mane|Substitute\n|\n|-weather|RainDance|[upkeep]\n|upkeep\n|turn|9\n|\n|t:|1681858793\n|move|p2b: Flutter Mane|Protect|p2b: Flutter Mane\n|-singleturn|p2b: Flutter Mane|Protect\n|move|p1b: Kingambit|Sucker Punch||[still]\n|-fail|p1b: Kingambit\n|move|p2a: Kingambit|Iron Head|p1b: Kingambit\n|-resisted|p1b: Kingambit\n|-damage|p1b: Kingambit|45\/100\n|\n|-weather|none\n|upkeep\n|turn|10\n|\n|t:|1681858805\n|-end|p2b: Flutter Mane|Protosynthesis|[silent]\n|switch|p2b: Gothitelle|Gothitelle, L50, M|50\/100\n|move|p2a: Kingambit|Iron Head|p1b: Kingambit\n|-resisted|p1b: Kingambit\n|-damage|p1b: Kingambit|28\/100\n|move|p1b: Kingambit|Kowtow Cleave|p2b: Gothitelle\n|-supereffective|p2b: Gothitelle\n|-damage|p2b: Gothitelle|0 fnt\n|faint|p2b: Gothitelle\n|\n|upkeep\n|\n|t:|1681858812\n|switch|p2b: Flutter Mane|Flutter Mane, L50, tera:Water|3\/100\n|turn|11\n|\n|t:|1681858825\n|move|p1b: Kingambit|Sucker Punch|p2a: Kingambit\n|-resisted|p2a: Kingambit\n|-crit|p2a: Kingambit\n|-damage|p2a: Kingambit|0 fnt\n|faint|p2a: Kingambit\n|move|p2b: Flutter Mane|Draining Kiss|p1b: Kingambit\n|-damage|p1b: Kingambit|5\/100\n|-heal|p2b: Flutter Mane|25\/100|[from] drain|[of] p1b: Kingambit\n|\n|upkeep\n|turn|12\n|\n|t:|1681858832\n|move|p2b: Flutter Mane|Protect|p2b: Flutter Mane\n|-singleturn|p2b: Flutter Mane|Protect\n|move|p1b: Kingambit|Kowtow Cleave|p2b: Flutter Mane\n|-activate|p2b: Flutter Mane|move: Protect\n|\n|upkeep\n|turn|13\n|\n|t:|1681858841\n|move|p1b: Kingambit|Sucker Punch||[still]\n|-fail|p1b: Kingambit\n|move|p2b: Flutter Mane|Substitute|p2b: Flutter Mane\n|-fail|p2b: Flutter Mane|move: Substitute|[weak]\n|\n|upkeep\n|turn|14\n|c|\u2606jhimbo2100|this first guy\n|c|\u2606jhimbo2100|\"this seems boring to watch\"\n|\n|t:|1681858874\n|move|p2b: Flutter Mane|Protect|p2b: Flutter Mane\n|-singleturn|p2b: Flutter Mane|Protect\n|move|p1b: Kingambit|Sucker Punch||[still]\n|-fail|p1b: Kingambit\n|\n|upkeep\n|turn|15\n|\n|t:|1681858886\n|move|p1b: Kingambit|Protect|p1b: Kingambit\n|-singleturn|p1b: Kingambit|Protect\n|move|p2b: Flutter Mane|Substitute|p2b: Flutter Mane\n|-fail|p2b: Flutter Mane|move: Substitute|[weak]\n|\n|upkeep\n|turn|16\n|\n|t:|1681858904\n|move|p2b: Flutter Mane|Protect|p2b: Flutter Mane\n|-singleturn|p2b: Flutter Mane|Protect\n|move|p1b: Kingambit|Sucker Punch||[still]\n|-fail|p1b: Kingambit\n|\n|upkeep\n|turn|17\n|\n|t:|1681858913\n|move|p1b: Kingambit|Protect|p1b: Kingambit\n|-singleturn|p1b: Kingambit|Protect\n|move|p2b: Flutter Mane|Draining Kiss|p1b: Kingambit\n|-activate|p1b: Kingambit|move: Protect\n|\n|upkeep\n|turn|18\n|\n|t:|1681858929\n|move|p2b: Flutter Mane|Draining Kiss|p1b: Kingambit\n|-damage|p1b: Kingambit|0 fnt\n|-heal|p2b: Flutter Mane|30\/100|[from] drain|[of] p1b: Kingambit\n|faint|p1b: Kingambit\n|\n|win|jhimbo2100\n|raw|NickNoName's rating: 1540 → 1519<\/strong> (-21 for losing)\n|raw|jhimbo2100's rating: 1517 → 1538<\/strong> (+21 for winning)\n|c|\u2606jhimbo2100|gg\n|c|\u2606NickNoName|Gg\n|l|\u2606NickNoName\n","uploadtime":1681858946,"views":8,"p1id":"nicknoname","p2id":"jhimbo2100","formatid":"gen9vgc2023regulationc","rating":1519,"private":0,"password":""}