{"id":"gen9vgc2023regulationc-1846289761","p1":"Sk1tt3n","p2":"AguaSteppin'","format":"[Gen 9] VGC 2023 Regulation C","log":"|j|\u2606Sk1tt3n\n|j|\u2606AguaSteppin'\n|t:|1681828845\n|gametype|doubles\n|player|p1|Sk1tt3n|hexmaniac-gen6|1321\n|player|p2|AguaSteppin'|red|1296\n|teamsize|p1|6\n|teamsize|p2|6\n|gen|9\n|tier|[Gen 9] VGC 2023 Regulation C\n|rated|\n|rule|Species Clause: Limit one of each Pok\u00e9mon\n|rule|Item Clause: Limit one of each item\n|clearpoke\n|poke|p1|Iron Hands, L50|\n|poke|p1|Bronzong, L50|\n|poke|p1|Arboliva, L50, M|\n|poke|p1|Farigiraf, L50, M|\n|poke|p1|Flutter Mane, L50|\n|poke|p1|Ting-Lu, L50|\n|poke|p2|Palafin, L50, F|\n|poke|p2|Amoonguss, L50, M|\n|poke|p2|Arcanine, L50, M|\n|poke|p2|Kingambit, L50, M|\n|poke|p2|Flutter Mane, L50|\n|poke|p2|Dragonite, L50, M|\n|teampreview|4\n|inactive|Battle timer is ON: inactive players will automatically lose when time's up. (requested by AguaSteppin')\n|\n|t:|1681828873\n|start\n|switch|p1a: Iron Hands|Iron Hands, L50|100\/100\n|switch|p1b: Bronzong|Bronzong, L50|100\/100\n|switch|p2a: Hasanabi|Kingambit, L50, M, shiny|100\/100\n|switch|p2b: PokiMane|Flutter Mane, L50|100\/100\n|-enditem|p2b: PokiMane|Booster Energy\n|-activate|p2b: PokiMane|ability: Protosynthesis|[fromitem]\n|-start|p2b: PokiMane|protosynthesisspa\n|turn|1\n|\n|t:|1681828890\n|-terastallize|p1b: Bronzong|Water\n|move|p2b: PokiMane|Shadow Ball|p1a: Iron Hands\n|-damage|p1a: Iron Hands|60\/100\n|move|p2a: Hasanabi|Kowtow Cleave|p1b: Bronzong\n|-crit|p1b: Bronzong\n|-damage|p1b: Bronzong|26\/100\n|move|p1a: Iron Hands|Swords Dance|p1a: Iron Hands\n|-boost|p1a: Iron Hands|atk|2\n|move|p1b: Bronzong|Trick Room|p1b: Bronzong\n|-fieldstart|move: Trick Room|[of] p1b: Bronzong\n|\n|-heal|p1a: Iron Hands|66\/100|[from] item: Leftovers\n|upkeep\n|turn|2\n|inactive|Sk1tt3n has 30 seconds left.\n|\n|t:|1681828919\n|-terastallize|p2a: Hasanabi|Dark\n|move|p2a: Hasanabi|Sucker Punch|p1a: Iron Hands\n|-resisted|p1a: Iron Hands\n|-damage|p1a: Iron Hands|41\/100\n|move|p1b: Bronzong|Gyro Ball|p2b: PokiMane\n|-supereffective|p2b: PokiMane\n|-damage|p2b: PokiMane|0 fnt\n|faint|p2b: PokiMane\n|-end|p2b: PokiMane|Protosynthesis|[silent]\n|move|p1a: Iron Hands|Wild Charge|p2a: Hasanabi\n|-damage|p2a: Hasanabi|19\/100\n|-damage|p1a: Iron Hands|23\/100|[from] Recoil\n|\n|-heal|p1a: Iron Hands|29\/100|[from] item: Leftovers\n|upkeep\n|\n|t:|1681828928\n|switch|p2b: OliverTree|Amoonguss, L50, M|100\/100\n|turn|3\n|\n|t:|1681828942\n|move|p1a: Iron Hands|Protect|p1a: Iron Hands\n|-singleturn|p1a: Iron Hands|Protect\n|move|p2a: Hasanabi|Sucker Punch||[still]\n|-fail|p2a: Hasanabi\n|move|p1b: Bronzong|Safeguard|p1b: Bronzong\n|-sidestart|p1: Sk1tt3n|Safeguard\n|move|p2b: OliverTree|Pollen Puff|p1a: Iron Hands\n|-activate|p1a: Iron Hands|move: Protect\n|\n|-heal|p1a: Iron Hands|35\/100|[from] item: Leftovers\n|upkeep\n|turn|4\n|\n|t:|1681828960\n|move|p2b: OliverTree|Rage Powder|p2b: OliverTree\n|-singleturn|p2b: OliverTree|move: Rage Powder\n|move|p2a: Hasanabi|Sucker Punch||[still]\n|-fail|p2a: Hasanabi\n|move|p1b: Bronzong|Reflect|p1b: Bronzong\n|-sidestart|p1: Sk1tt3n|Reflect\n|move|p1a: Iron Hands|Drain Punch|p2b: OliverTree\n|-resisted|p2b: OliverTree\n|-damage|p2b: OliverTree|63\/100\n|-heal|p1a: Iron Hands|53\/100|[from] drain|[of] p2b: OliverTree\n|\n|-heal|p1a: Iron Hands|59\/100|[from] item: Leftovers\n|upkeep\n|turn|5\n|\n|t:|1681828984\n|move|p2b: OliverTree|Rage Powder|p2b: OliverTree\n|-singleturn|p2b: OliverTree|move: Rage Powder\n|move|p1b: Bronzong|Gyro Ball|p2a: Hasanabi\n|-damage|p2a: Hasanabi|8\/100\n|move|p2a: Hasanabi|Swords Dance|p2a: Hasanabi\n|-boost|p2a: Hasanabi|atk|2\n|move|p1a: Iron Hands|Swords Dance|p1a: Iron Hands\n|-boost|p1a: Iron Hands|atk|2\n|\n|-heal|p1a: Iron Hands|65\/100|[from] item: Leftovers\n|-fieldend|move: Trick Room\n|upkeep\n|turn|6\n|inactive|AguaSteppin' has 30 seconds left.\n|\n|t:|1681829014\n|switch|p2b: MoistCrit|Palafin, L50, F, shiny|100\/100\n|move|p2a: Hasanabi|Kowtow Cleave|p1b: Bronzong\n|-damage|p1b: Bronzong|0 fnt\n|faint|p1b: Bronzong\n|move|p1a: Iron Hands|Drain Punch|p2a: Hasanabi\n|-supereffective|p2a: Hasanabi\n|-damage|p2a: Hasanabi|0 fnt\n|-heal|p1a: Iron Hands|69\/100|[from] drain|[of] p2a: Hasanabi\n|faint|p2a: Hasanabi\n|\n|-heal|p1a: Iron Hands|75\/100|[from] item: Leftovers\n|upkeep\n|\n|t:|1681829027\n|switch|p2a: OliverTree|Amoonguss, L50, M|96\/100\n|switch|p1b: Arboliva|Arboliva, L50, M|100\/100\n|turn|7\n|\n|t:|1681829040\n|move|p2b: MoistCrit|Wave Crash|p1a: Iron Hands\n|-damage|p1a: Iron Hands|47\/100\n|-damage|p2b: MoistCrit|90\/100|[from] Recoil\n|move|p1a: Iron Hands|Drain Punch|p2a: OliverTree\n|-resisted|p2a: OliverTree\n|-damage|p2a: OliverTree|41\/100\n|-heal|p1a: Iron Hands|74\/100|[from] drain|[of] p2a: OliverTree\n|-enditem|p2a: OliverTree|Sitrus Berry|[eat]\n|-heal|p2a: OliverTree|66\/100|[from] item: Sitrus Berry\n|move|p1b: Arboliva|Energy Ball|p2b: MoistCrit\n|-supereffective|p2b: MoistCrit\n|-damage|p2b: MoistCrit|0 fnt\n|faint|p2b: MoistCrit\n|move|p2a: OliverTree|Spore|p1a: Iron Hands\n|-activate|p1a: Iron Hands|move: Safeguard\n|\n|-heal|p1a: Iron Hands|80\/100|[from] item: Leftovers\n|-sideend|p1: Sk1tt3n|Safeguard\n|upkeep\n|turn|8\n|-message|AguaSteppin' forfeited.\n|\n|win|Sk1tt3n\n|raw|Sk1tt3n's rating: 1321 → 1340<\/strong> (+19 for winning)\n|raw|AguaSteppin''s rating: 1296 → 1273<\/strong> (-23 for losing)\n|l|\u2606AguaSteppin'\n","uploadtime":1681829063,"views":8,"p1id":"sk1tt3n","p2id":"aguasteppin","formatid":"gen9vgc2023regulationc","rating":1273,"private":0,"password":""}