{"id":"gen9vgc2023regulationc-1860113136","p1":"Bostonl1","p2":"iraqanid","format":"[Gen 9] VGC 2023 Regulation C","log":"|j|\u2606Bostonl1\n|j|\u2606iraqanid\n|t:|1683596714\n|gametype|doubles\n|player|p1|Bostonl1|morty|1336\n|player|p2|iraqanid|biker|1427\n|teamsize|p1|6\n|teamsize|p2|6\n|gen|9\n|tier|[Gen 9] VGC 2023 Regulation C\n|rated|\n|rule|Species Clause: Limit one of each Pok\u00e9mon\n|rule|Item Clause: Limit one of each item\n|clearpoke\n|poke|p1|Azumarill, L50, F|\n|poke|p1|Amoonguss, L50, M|\n|poke|p1|Arcanine, L50, F|\n|poke|p1|Annihilape, L50, M|\n|poke|p1|Roaring Moon, L50|\n|poke|p1|Ting-Lu, L50|\n|poke|p2|Chien-Pao, L50|\n|poke|p2|Breloom, L50, F|\n|poke|p2|Garganacl, L50, M|\n|poke|p2|Dondozo, L50, M|\n|poke|p2|Arcanine, L50, M|\n|poke|p2|Iron Bundle, L50|\n|teampreview|4\n|c|\u2606Bostonl1|Sup chus\n|c|\u2606iraqanid|hello bostonl1\niraqanid has agreed to open team sheets.\n|c|\u2606iraqanid|you gotta\n|c|\u2606Bostonl1|I saw the loom and the biker\nBostonl1 has agreed to open team sheets.\n|c|\u2606iraqanid|now that i know its you, im safe from fissure\n|c|\u2606Bostonl1|Kek\n|\n|t:|1683596796\n|start\n|switch|p1a: Roaring Moon|Roaring Moon, L50|100\/100\n|switch|p1b: Arcanine|Arcanine, L50, F|100\/100\n|switch|p2a: Chien-Pao|Chien-Pao, L50|100\/100\n|switch|p2b: Arcanine|Arcanine, L50, M|100\/100\n|-ability|p2a: Chien-Pao|Sword of Ruin\n|-ability|p1b: Arcanine|Intimidate|boost\n|-unboost|p2a: Chien-Pao|atk|1\n|-unboost|p2b: Arcanine|atk|1\n|-ability|p2b: Arcanine|Intimidate|boost\n|-unboost|p1a: Roaring Moon|atk|1\n|-unboost|p1b: Arcanine|atk|1\n|-enditem|p1a: Roaring Moon|Booster Energy\n|-activate|p1a: Roaring Moon|ability: Protosynthesis|[fromitem]\n|-start|p1a: Roaring Moon|protosynthesisspe\n|turn|1\n|\n|t:|1683596817\n|switch|p2a: Garganacl|Garganacl, L50, M|100\/100\n|move|p1a: Roaring Moon|Protect|p1a: Roaring Moon\n|-singleturn|p1a: Roaring Moon|Protect\n|move|p1b: Arcanine|Howl|p1b: Arcanine|[spread] p1a,p1b\n|-boost|p1a: Roaring Moon|atk|1\n|-boost|p1b: Arcanine|atk|1\n|move|p2b: Arcanine|Will-O-Wisp|p1a: Roaring Moon\n|-activate|p1a: Roaring Moon|move: Protect\n|\n|upkeep\n|turn|2\n|\n|t:|1683596879\n|move|p1a: Roaring Moon|Throat Chop|p2b: Arcanine\n|-damage|p2b: Arcanine|59\/100\n|-start|p2b: Arcanine|Throat Chop|[silent]\n|move|p1b: Arcanine|Howl|p1b: Arcanine|[spread] p1a,p1b\n|-boost|p1a: Roaring Moon|atk|1\n|-boost|p1b: Arcanine|atk|1\n|move|p2b: Arcanine|Will-O-Wisp|p1a: Roaring Moon|[miss]\n|-miss|p2b: Arcanine|p1a: Roaring Moon\n|move|p2a: Garganacl|Salt Cure|p1b: Arcanine\n|-supereffective|p1b: Arcanine\n|-damage|p1b: Arcanine|71\/100\n|-start|p1b: Arcanine|Salt Cure\n|\n|-heal|p1b: Arcanine|78\/100|[from] item: Leftovers\n|-damage|p1b: Arcanine|65\/100|[from] Salt Cure\n|upkeep\n|turn|3\n|\n|t:|1683596909\n|switch|p1b: Amoonguss|Amoonguss, L50, M|100\/100\n|-terastallize|p1a: Roaring Moon|Flying\n|move|p1a: Roaring Moon|Acrobatics|p2b: Arcanine\n|-damage|p2b: Arcanine|0 fnt\n|faint|p2b: Arcanine\n|move|p2a: Garganacl|Salt Cure|p1a: Roaring Moon\n|-supereffective|p1a: Roaring Moon\n|-damage|p1a: Roaring Moon|72\/100\n|-start|p1a: Roaring Moon|Salt Cure\n|\n|-damage|p1a: Roaring Moon|60\/100|[from] Salt Cure\n|upkeep\n|\n|t:|1683596916\n|switch|p2b: Iron Bundle|Iron Bundle, L50|100\/100\n|-enditem|p2b: Iron Bundle|Booster Energy\n|-activate|p2b: Iron Bundle|ability: Quark Drive|[fromitem]\n|-start|p2b: Iron Bundle|quarkdrivespe\n|turn|4\n|\n|t:|1683596931\n|move|p2b: Iron Bundle|Protect|p2b: Iron Bundle\n|-singleturn|p2b: Iron Bundle|Protect\n|move|p1a: Roaring Moon|Protect|p1a: Roaring Moon\n|-singleturn|p1a: Roaring Moon|Protect\n|move|p2a: Garganacl|Salt Cure|p1b: Amoonguss\n|-damage|p1b: Amoonguss|90\/100\n|-start|p1b: Amoonguss|Salt Cure\n|move|p1b: Amoonguss|Spore|p2b: Iron Bundle\n|-activate|p2b: Iron Bundle|move: Protect\n|\n|-damage|p1a: Roaring Moon|48\/100|[from] Salt Cure\n|-damage|p1b: Amoonguss|77\/100|[from] Salt Cure\n|upkeep\n|turn|5\n|\n|t:|1683596965\n|-end|p1a: Roaring Moon|Protosynthesis|[silent]\n|switch|p1a: Annihilape|Annihilape, L50, M|100\/100\n|move|p2b: Iron Bundle|Freeze-Dry|p1b: Amoonguss\n|-supereffective|p1b: Amoonguss\n|-damage|p1b: Amoonguss|17\/100\n|-enditem|p1b: Amoonguss|Sitrus Berry|[eat]\n|-heal|p1b: Amoonguss|42\/100|[from] item: Sitrus Berry\n|move|p2a: Garganacl|Salt Cure|p1a: Annihilape\n|-resisted|p1a: Annihilape\n|-damage|p1a: Annihilape|94\/100\n|-start|p1a: Annihilape|Salt Cure\n|move|p1b: Amoonguss|Spore|p2b: Iron Bundle\n|-status|p2b: Iron Bundle|slp|[from] move: Spore\n|\n|-damage|p1a: Annihilape|81\/100|[from] Salt Cure\n|-damage|p1b: Amoonguss|30\/100|[from] Salt Cure\n|upkeep\n|turn|6\n|\n|t:|1683597009\n|switch|p1b: Arcanine|Arcanine, L50, F|65\/100\n|-ability|p1b: Arcanine|Intimidate|boost\n|-unboost|p2a: Garganacl|atk|1\n|-unboost|p2b: Iron Bundle|atk|1\n|-terastallize|p2a: Garganacl|Water\n|cant|p2b: Iron Bundle|slp\n|move|p1a: Annihilape|Bulk Up|p1a: Annihilape\n|-boost|p1a: Annihilape|atk|1\n|-boost|p1a: Annihilape|def|1\n|move|p2a: Garganacl|Stealth Rock|p1a: Annihilape\n|-sidestart|p1: Bostonl1|move: Stealth Rock\n|\n|-heal|p1b: Arcanine|71\/100|[from] item: Leftovers\n|-damage|p1a: Annihilape|69\/100|[from] Salt Cure\n|upkeep\n|turn|7\n|\n|t:|1683597029\n|move|p1b: Arcanine|Extreme Speed|p2b: Iron Bundle\n|-damage|p2b: Iron Bundle|72\/100 slp\n|-curestatus|p2b: Iron Bundle|slp|[msg]\n|move|p2b: Iron Bundle|Encore|p1a: Annihilape\n|-start|p1a: Annihilape|Encore\n|move|p1a: Annihilape|Bulk Up|p1a: Annihilape\n|-boost|p1a: Annihilape|atk|1\n|-boost|p1a: Annihilape|def|1\n|move|p2a: Garganacl|Salt Cure|p1b: Arcanine\n|-supereffective|p1b: Arcanine\n|-damage|p1b: Arcanine|53\/100\n|-start|p1b: Arcanine|Salt Cure\n|\n|-heal|p1b: Arcanine|59\/100|[from] item: Leftovers\n|-damage|p1b: Arcanine|46\/100|[from] Salt Cure\n|-damage|p1a: Annihilape|56\/100|[from] Salt Cure\n|upkeep\n|turn|8\n|\n|t:|1683597066\n|move|p1b: Arcanine|Extreme Speed|p2b: Iron Bundle\n|-damage|p2b: Iron Bundle|44\/100\n|move|p2b: Iron Bundle|Freeze-Dry|p1a: Annihilape\n|-damage|p1a: Annihilape|28\/100\n|-status|p1a: Annihilape|frz\n|-curestatus|p1a: Annihilape|frz|[msg]\n|move|p1a: Annihilape|Bulk Up|p1a: Annihilape\n|-boost|p1a: Annihilape|atk|1\n|-boost|p1a: Annihilape|def|1\n|move|p2a: Garganacl|Salt Cure|p1b: Arcanine\n|-supereffective|p1b: Arcanine\n|-damage|p1b: Arcanine|27\/100\n|\n|-heal|p1b: Arcanine|33\/100|[from] item: Leftovers\n|-damage|p1b: Arcanine|20\/100|[from] Salt Cure\n|-damage|p1a: Annihilape|16\/100|[from] Salt Cure\n|upkeep\n|turn|9\n|\n|t:|1683597079\n|move|p1b: Arcanine|Extreme Speed|p2b: Iron Bundle\n|-damage|p2b: Iron Bundle|16\/100\n|move|p2b: Iron Bundle|Freeze-Dry|p1a: Annihilape\n|-damage|p1a: Annihilape|0 fnt\n|faint|p1a: Annihilape\n|move|p2a: Garganacl|Salt Cure|p1b: Arcanine\n|-supereffective|p1b: Arcanine\n|-damage|p1b: Arcanine|0 fnt\n|faint|p1b: Arcanine\n|\n|upkeep\n|\n|t:|1683597083\n|switch|p1b: Amoonguss|Amoonguss, L50, M|63\/100\n|switch|p1a: Roaring Moon|Roaring Moon, L50, tera:Flying|48\/100\n|-damage|p1a: Roaring Moon|23\/100|[from] Stealth Rock\n|-damage|p1b: Amoonguss|51\/100|[from] Stealth Rock\n|turn|10\n|\n|t:|1683597099\n|move|p2b: Iron Bundle|Freeze-Dry|p1b: Amoonguss\n|-supereffective|p1b: Amoonguss\n|-damage|p1b: Amoonguss|0 fnt\n|faint|p1b: Amoonguss\n|move|p1a: Roaring Moon|Throat Chop|p2a: Garganacl\n|-damage|p2a: Garganacl|77\/100\n|-start|p2a: Garganacl|Throat Chop|[silent]\n|move|p2a: Garganacl|Salt Cure|p1a: Roaring Moon\n|-supereffective|p1a: Roaring Moon\n|-damage|p1a: Roaring Moon|5\/100\n|-start|p1a: Roaring Moon|Salt Cure\n|\n|-damage|p1a: Roaring Moon|0 fnt|[from] Salt Cure\n|faint|p1a: Roaring Moon\n|-end|p1a: Roaring Moon|Protosynthesis|[silent]\n|\n|win|iraqanid\n|upkeep\n|raw|Bostonl1's rating: 1336 → 1321<\/strong> (-15 for losing)\n|raw|iraqanid's rating: 1427 → 1442<\/strong> (+15 for winning)\n|c|\u2606iraqanid|gg\n|c|\u2606Bostonl1|Gg I hate your team LMAO\n|c|\u2606iraqanid|LOL\n|c|\u2606iraqanid|i love it\n|c|\u2606Bostonl1|Fuckin dum\n|c|\u2606iraqanid|come on man :(\n|c|\u2606iraqanid|i like your team\n|c|\u2606Bostonl1|Ty\n","uploadtime":1683597117,"views":10,"p1id":"bostonl1","p2id":"iraqanid","formatid":"gen9vgc2023regulationc","rating":1321,"private":0,"password":""}