{"id":"gen9vgc2023regulationc-1854933078","p1":"SrYopi","p2":"tsigalko","format":"[Gen 9] VGC 2023 Regulation C","log":"|j|\u2606SrYopi\n|j|\u2606tsigalko\n|t:|1682882261\n|gametype|doubles\n|player|p1|SrYopi|102|1349\n|player|p2|tsigalko|266|1369\n|teamsize|p1|6\n|teamsize|p2|6\n|gen|9\n|tier|[Gen 9] VGC 2023 Regulation C\n|rated|\n|rule|Species Clause: Limit one of each Pok\u00e9mon\n|rule|Item Clause: Limit one of each item\n|clearpoke\n|poke|p1|Iron Jugulis, L50|\n|poke|p1|Iron Hands, L50|\n|poke|p1|Bellibolt, L50, M|\n|poke|p1|Iron Bundle, L50|\n|poke|p1|Abomasnow, L50, F|\n|poke|p1|Palafin, L50, F|\n|poke|p2|Arboliva, L50, M|\n|poke|p2|Ting-Lu, L50|\n|poke|p2|Rotom-Wash, L50|\n|poke|p2|Chien-Pao, L50|\n|poke|p2|Corviknight, L50, F|\n|poke|p2|Braviary, L50, M|\n|teampreview|4\n|inactive|Battle timer is ON: inactive players will automatically lose when time's up. (requested by SrYopi)\n|\n|t:|1682882309\n|start\n|switch|p1a: Iron Jugulis|Iron Jugulis, L50|100\/100\n|switch|p1b: Josemi|Iron Hands, L50, shiny|100\/100\n|switch|p2a: Ting-Lu|Ting-Lu, L50|100\/100\n|switch|p2b: Corviknight|Corviknight, L50, F|100\/100\n|-ability|p2a: Ting-Lu|Vessel of Ruin\n|-enditem|p1a: Iron Jugulis|Booster Energy\n|-activate|p1a: Iron Jugulis|ability: Quark Drive|[fromitem]\n|-start|p1a: Iron Jugulis|quarkdrivespe\n|turn|1\n|inactive|tsigalko has 30 seconds left.\n|\n|t:|1682882334\n|move|p1b: Josemi|Fake Out|p2a: Ting-Lu\n|-damage|p2a: Ting-Lu|91\/100\n|move|p1a: Iron Jugulis|Electric Terrain|p1a: Iron Jugulis\n|-fieldstart|move: Electric Terrain\n|-activate|p1b: Josemi|ability: Quark Drive\n|-start|p1b: Josemi|quarkdriveatk\n|move|p2b: Corviknight|Bulk Up|p2b: Corviknight\n|-boost|p2b: Corviknight|atk|1\n|-boost|p2b: Corviknight|def|1\n|cant|p2a: Ting-Lu|flinch\n|\n|upkeep\n|turn|2\n|\n|t:|1682882359\n|-terastallize|p2a: Ting-Lu|Ground\n|move|p2b: Corviknight|Protect|p2b: Corviknight\n|-singleturn|p2b: Corviknight|Protect\n|move|p1a: Iron Jugulis|Tailwind|p1a: Iron Jugulis\n|-sidestart|p1: SrYopi|move: Tailwind\n|move|p1b: Josemi|Drain Punch|p2a: Ting-Lu\n|-damage|p2a: Ting-Lu|60\/100\n|move|p2a: Ting-Lu|Earthquake|p1b: Josemi|[spread] p1b\n|-activate|p2b: Corviknight|move: Protect\n|-immune|p1a: Iron Jugulis\n|-supereffective|p1b: Josemi\n|-damage|p1b: Josemi|0 fnt\n|faint|p1b: Josemi\n|-end|p1b: Josemi|Quark Drive|[silent]\n|\n|upkeep\n|\n|t:|1682882375\n|switch|p1b: Abomasnow|Abomasnow, L50, F|100\/100\n|-weather|Snow|[from] ability: Snow Warning|[of] p1b: Abomasnow\n|turn|3\n|\n|t:|1682882389\n|move|p1a: Iron Jugulis|U-turn|p2a: Ting-Lu\n|-damage|p2a: Ting-Lu|52\/100\n|\n|t:|1682882391\n|-end|p1a: Iron Jugulis|Quark Drive|[silent]\n|switch|p1a: Iron Bundle|Iron Bundle, L50|100\/100|[from] U-turn\n|-activate|p1a: Iron Bundle|ability: Quark Drive\n|-start|p1a: Iron Bundle|quarkdrivespa\n|move|p1b: Abomasnow|Aurora Veil|p1b: Abomasnow\n|-sidestart|p1: SrYopi|move: Aurora Veil\n|move|p2b: Corviknight|Brave Bird|p1b: Abomasnow\n|-supereffective|p1b: Abomasnow\n|-damage|p1b: Abomasnow|29\/100\n|-damage|p2b: Corviknight|79\/100|[from] Recoil\n|move|p2a: Ting-Lu|Earthquake|p1b: Abomasnow|[spread] p1a,p1b\n|-immune|p2b: Corviknight\n|-resisted|p1b: Abomasnow\n|-damage|p1a: Iron Bundle|61\/100\n|-damage|p1b: Abomasnow|9\/100\n|\n|-weather|Snow|[upkeep]\n|upkeep\n|turn|4\n|\n|t:|1682882411\n|-terastallize|p1a: Iron Bundle|Ice\n|move|p1b: Abomasnow|Helping Hand|p1a: Iron Bundle\n|-singleturn|p1a: Iron Bundle|Helping Hand|[of] p1b: Abomasnow\n|move|p1a: Iron Bundle|Blizzard|p2a: Ting-Lu|[spread] p2a,p2b\n|-supereffective|p2a: Ting-Lu\n|-damage|p2a: Ting-Lu|0 fnt\n|-damage|p2b: Corviknight|0 fnt\n|faint|p2a: Ting-Lu\n|faint|p2b: Corviknight\n|\n|-weather|Snow|[upkeep]\n|upkeep\n|\n|t:|1682882422\n|switch|p2b: Rotom|Rotom-Wash, L50|100\/100\n|switch|p2a: Chien-Pao|Chien-Pao, L50|100\/100\n|-ability|p2a: Chien-Pao|Sword of Ruin\n|turn|5\n|\n|t:|1682882435\n|move|p1b: Abomasnow|Helping Hand|p1a: Iron Bundle\n|-singleturn|p1a: Iron Bundle|Helping Hand|[of] p1b: Abomasnow\n|move|p2a: Chien-Pao|Protect|p2a: Chien-Pao\n|-singleturn|p2a: Chien-Pao|Protect\n|move|p1a: Iron Bundle|Blizzard|p2a: Chien-Pao|[spread] p2b\n|-activate|p2a: Chien-Pao|move: Protect\n|-resisted|p2b: Rotom\n|-damage|p2b: Rotom|13\/100\n|-enditem|p2b: Rotom|Sitrus Berry|[eat]\n|-heal|p2b: Rotom|38\/100|[from] item: Sitrus Berry\n|move|p2b: Rotom|Thunderbolt|p1b: Abomasnow\n|-resisted|p1b: Abomasnow\n|-damage|p1b: Abomasnow|0 fnt\n|faint|p1b: Abomasnow\n|\n|-weather|Snow|[upkeep]\n|-sideend|p1: SrYopi|move: Tailwind\n|-fieldend|move: Electric Terrain\n|-end|p1a: Iron Bundle|Quark Drive\n|upkeep\n|\n|t:|1682882450\n|switch|p1b: Iron Jugulis|Iron Jugulis, L50|100\/100\n|turn|6\n|\n|t:|1682882466\n|move|p2a: Chien-Pao|Sacred Sword|p1a: Iron Bundle\n|-supereffective|p1a: Iron Bundle\n|-damage|p1a: Iron Bundle|23\/100\n|move|p1b: Iron Jugulis|U-turn|p2a: Chien-Pao\n|-supereffective|p2a: Chien-Pao\n|-damage|p2a: Chien-Pao|76\/100\n|move|p1a: Iron Bundle|Blizzard|p2a: Chien-Pao|[spread] p2a,p2b\n|-resisted|p2a: Chien-Pao\n|-resisted|p2b: Rotom\n|-damage|p2a: Chien-Pao|10\/100\n|-damage|p2b: Rotom|0 fnt\n|faint|p2b: Rotom\n|\n|-weather|Snow|[upkeep]\n|upkeep\n|turn|7\n|\n|t:|1682882481\n|move|p2a: Chien-Pao|Protect|p2a: Chien-Pao\n|-singleturn|p2a: Chien-Pao|Protect\n|move|p1b: Iron Jugulis|U-turn|p2a: Chien-Pao\n|-activate|p2a: Chien-Pao|move: Protect\n|move|p1a: Iron Bundle|Blizzard|p2a: Chien-Pao\n|-activate|p2a: Chien-Pao|move: Protect\n|\n|-weather|none\n|-sideend|p1: SrYopi|move: Aurora Veil\n|upkeep\n|turn|8\n|\n|t:|1682882490\n|move|p2a: Chien-Pao|Sacred Sword|p1b: Iron Jugulis\n|-damage|p1b: Iron Jugulis|52\/100\n|move|p1b: Iron Jugulis|U-turn|p2a: Chien-Pao\n|-supereffective|p2a: Chien-Pao\n|-damage|p2a: Chien-Pao|0 fnt\n|faint|p2a: Chien-Pao\n|\n|win|SrYopi\n|raw|SrYopi's rating: 1349 → 1370<\/strong> (+21 for winning)\n|raw|tsigalko's rating: 1369 → 1348<\/strong> (-21 for losing)\n|l|\u2606tsigalko\n","uploadtime":1682882502,"views":7,"p1id":"sryopi","p2id":"tsigalko","formatid":"gen9vgc2023regulationc","rating":1348,"private":0,"password":""}