{"id":"gen9vgc2023regulationc-1860021407","p1":"IOnce8Cheese","p2":"Wormfury","format":"[Gen 9] VGC 2023 Regulation C","log":"|j|\u2606IOnce8Cheese\n|j|\u2606Wormfury\n|t:|1683586022\n|gametype|doubles\n|player|p1|IOnce8Cheese|lucas|1325\n|player|p2|Wormfury|102|1268\n|teamsize|p1|6\n|teamsize|p2|6\n|gen|9\n|tier|[Gen 9] VGC 2023 Regulation C\n|rated|\n|rule|Species Clause: Limit one of each Pok\u00e9mon\n|rule|Item Clause: Limit one of each item\n|clearpoke\n|poke|p1|Abomasnow, L50, M|\n|poke|p1|Iron Bundle, L50|\n|poke|p1|Hariyama, L50, M|\n|poke|p1|Amoonguss, L50, F|\n|poke|p1|Gumshoos, L50, M|\n|poke|p1|Oranguru, L50, F|\n|poke|p2|Gholdengo, L50|\n|poke|p2|Gyarados, L50, M|\n|poke|p2|Maushold, L50|\n|poke|p2|Arcanine, L50, F|\n|poke|p2|Annihilape, L50, F|\n|poke|p2|Armarouge, L50, F|\n|teampreview|4\n|inactive|Battle timer is ON: inactive players will automatically lose when time's up. (requested by Wormfury)\nIOnce8Cheese rejected open team sheets.\n|inactive|IOnce8Cheese has 60 seconds left.\n|\n|t:|1683586054\n|start\n|switch|p1a: Hank|Hariyama, L50, M|100\/100\n|switch|p1b: Jesse|Iron Bundle, L50|100\/100\n|switch|p2a: Armarouge|Armarouge, L50, F|100\/100\n|switch|p2b: Annihilape|Annihilape, L50, F|100\/100\n|-enditem|p1b: Jesse|Booster Energy\n|-activate|p1b: Jesse|ability: Quark Drive|[fromitem]\n|-start|p1b: Jesse|quarkdrivespe\n|turn|1\n|inactive|IOnce8Cheese has 30 seconds left.\n|inactive|Wormfury has 30 seconds left.\n|\n|t:|1683586089\n|move|p1b: Jesse|Protect|p1b: Jesse\n|-singleturn|p1b: Jesse|Protect\n|move|p1a: Hank|Protect|p1a: Hank\n|-singleturn|p1a: Hank|Protect\n|move|p2b: Annihilape|Fling|p2a: Armarouge\n|-supereffective|p2a: Armarouge\n|-damage|p2a: Armarouge|95\/100\n|-ability|p2a: Armarouge|Weak Armor|boost\n|-unboost|p2a: Armarouge|def|1\n|-boost|p2a: Armarouge|spe|2\n|-enditem|p2a: Armarouge|Weakness Policy\n|-boost|p2a: Armarouge|atk|2|[from] item: Weakness Policy\n|-boost|p2a: Armarouge|spa|2|[from] item: Weakness Policy\n|-enditem|p2b: Annihilape|Choice Scarf|[from] move: Fling\n|move|p2a: Armarouge|Stored Power|p1a: Hank\n|-activate|p1a: Hank|move: Protect\n|\n|-status|p1a: Hank|brn|[from] item: Flame Orb\n|upkeep\n|turn|2\n|inactive|IOnce8Cheese has 30 seconds left.\n|inactive|IOnce8Cheese has 20 seconds left.\n|\n|t:|1683586124\n|move|p1b: Jesse|Hydro Pump|p2a: Armarouge\n|-supereffective|p2a: Armarouge\n|-damage|p2a: Armarouge|0 fnt\n|faint|p2a: Armarouge\n|move|p2b: Annihilape|Close Combat|p1b: Jesse\n|-supereffective|p1b: Jesse\n|-damage|p1b: Jesse|0 fnt\n|-unboost|p2b: Annihilape|def|1\n|-unboost|p2b: Annihilape|spd|1\n|faint|p1b: Jesse\n|-end|p1b: Jesse|Quark Drive|[silent]\n|move|p1a: Hank|Headlong Rush|p2b: Annihilape\n|-damage|p2b: Annihilape|0 fnt\n|-unboost|p1a: Hank|def|1\n|-unboost|p1a: Hank|spd|1\n|faint|p2b: Annihilape\n|\n|-damage|p1a: Hank|94\/100 brn|[from] brn\n|upkeep\n|\n|t:|1683586146\n|switch|p1b: Gus|Amoonguss, L50, F|100\/100\n|switch|p2b: Arcanine|Arcanine, L50, F|100\/100\n|switch|p2a: Maushold|Maushold, L50|100\/100\n|turn|3\n|inactive|Wormfury has 30 seconds left.\n|\n|t:|1683586172\n|move|p2a: Maushold|Beat Up|p2b: Arcanine\n|-damage|p2b: Arcanine|98\/100\n|-ability|p2b: Arcanine|Justified|boost\n|-boost|p2b: Arcanine|atk|1\n|-damage|p2b: Arcanine|96\/100\n|-ability|p2b: Arcanine|Justified|boost\n|-boost|p2b: Arcanine|atk|1\n|-hitcount|p2b: Arcanine|2\n|move|p2b: Arcanine|Psychic Fangs|p1a: Hank\n|-supereffective|p1a: Hank\n|-damage|p1a: Hank|0 fnt\n|faint|p1a: Hank\n|move|p1b: Gus|Pollen Puff|p1: Hank|[notarget]\n|-fail|p1b: Gus\n|\n|upkeep\n|\n|t:|1683586183\n|switch|p1a: Waltuh|Abomasnow, L50, M|100\/100\n|-weather|Snow|[from] ability: Snow Warning|[of] p1a: Waltuh\n|turn|4\n|\n|t:|1683586197\n|-terastallize|p1a: Waltuh|Ghost\n|move|p2a: Maushold|Follow Me|p2a: Maushold\n|-singleturn|p2a: Maushold|move: Follow Me\n|move|p2b: Arcanine|Psychic Fangs|p1b: Gus\n|-supereffective|p1b: Gus\n|-damage|p1b: Gus|19\/100\n|-damage|p2b: Arcanine|79\/100|[from] item: Rocky Helmet|[of] p1b: Gus\n|-status|p2b: Arcanine|slp|[from] ability: Effect Spore|[of] p1b: Gus\n|move|p1a: Waltuh|Blizzard|p2b: Arcanine|[spread] p2a,p2b\n|-resisted|p2b: Arcanine\n|-damage|p2a: Maushold|57\/100\n|-damage|p2b: Arcanine|60\/100 slp\n|move|p1b: Gus|Spore|p2a: Maushold\n|-activate|p2a: Maushold|item: Safety Goggles|Spore\n|\n|-weather|Snow|[upkeep]\n|upkeep\n|turn|5\n|inactive|IOnce8Cheese has 30 seconds left.\n|inactive|Wormfury has 30 seconds left.\n|\n|t:|1683586229\n|cant|p2b: Arcanine|slp\n|move|p2a: Maushold|Follow Me|p2a: Maushold\n|-singleturn|p2a: Maushold|move: Follow Me\n|move|p1b: Gus|Rage Powder|p1b: Gus\n|-singleturn|p1b: Gus|move: Rage Powder\n|move|p1a: Waltuh|Aurora Veil|p1a: Waltuh\n|-sidestart|p1: IOnce8Cheese|move: Aurora Veil\n|\n|-weather|Snow|[upkeep]\n|upkeep\n|turn|6\n|\n|t:|1683586244\n|move|p2a: Maushold|Follow Me|p2a: Maushold\n|-singleturn|p2a: Maushold|move: Follow Me\n|cant|p2b: Arcanine|slp\n|move|p1a: Waltuh|Blizzard|p2a: Maushold|[spread] p2a,p2b\n|-resisted|p2b: Arcanine\n|-damage|p2a: Maushold|9\/100\n|-damage|p2b: Arcanine|43\/100 slp\n|move|p1b: Gus|Pollen Puff|p2a: Maushold\n|-damage|p2a: Maushold|0 fnt\n|faint|p2a: Maushold\n|\n|-weather|Snow|[upkeep]\n|upkeep\n|turn|7\n|\n|t:|1683586259\n|cant|p2b: Arcanine|slp\n|move|p1a: Waltuh|Blizzard|p2b: Arcanine\n|-resisted|p2b: Arcanine\n|-damage|p2b: Arcanine|13\/100 slp\n|move|p1b: Gus|Pollen Puff|p2b: Arcanine\n|-resisted|p2b: Arcanine\n|-damage|p2b: Arcanine|2\/100 slp\n|\n|-weather|Snow|[upkeep]\n|upkeep\n|turn|8\n|-message|Wormfury forfeited.\n|\n|win|IOnce8Cheese\n|raw|IOnce8Cheese's rating: 1325 → 1342<\/strong> (+17 for winning)\n|raw|Wormfury's rating: 1268 → 1247<\/strong> (-21 for losing)\n|l|\u2606Wormfury\n","uploadtime":1683586276,"views":7,"p1id":"ionce8cheese","p2id":"wormfury","formatid":"gen9vgc2023regulationc","rating":1247,"private":0,"password":""}