{"id":"gen9vgc2023regulationc-1851602162","p1":"Oorko","p2":"CbuttyVGC","format":"[Gen 9] VGC 2023 Regulation C","log":"|j|\u2606Oorko\n|j|\u2606CbuttyVGC\n|t:|1682460036\n|gametype|doubles\n|player|p1|Oorko|dragontamer|1357\n|player|p2|CbuttyVGC|acetrainer-gen4dp|1343\n|teamsize|p1|6\n|teamsize|p2|6\n|gen|9\n|tier|[Gen 9] VGC 2023 Regulation C\n|rated|\n|rule|Species Clause: Limit one of each Pok\u00e9mon\n|rule|Item Clause: Limit one of each item\n|clearpoke\n|poke|p1|Chien-Pao, L50|\n|poke|p1|Dragonite, L50, F|\n|poke|p1|Palafin, L50, M|\n|poke|p1|Gholdengo, L50|\n|poke|p1|Amoonguss, L50, F|\n|poke|p1|Arcanine, L50, F|\n|poke|p2|Bellibolt, L50, M|\n|poke|p2|Wo-Chien, L50|\n|poke|p2|Glimmora, L50, M|\n|poke|p2|Flutter Mane, L50|\n|poke|p2|Dondozo, L50, M|\n|poke|p2|Tatsugiri-Stretchy, L50, M|\n|teampreview|4\n|inactive|Battle timer is ON: inactive players will automatically lose when time's up. (requested by CbuttyVGC)\n|inactive|Oorko also wants the timer to be on.\nCbuttyVGC has agreed to open team sheets.\n|inactive|Oorko has 60 seconds left.\n|inactive|CbuttyVGC has 60 seconds left.\n|\n|t:|1682460074\n|start\n|switch|p1a: Gholdengo|Gholdengo, L50|100\/100\n|switch|p1b: Amoonguss|Amoonguss, L50, F|100\/100\n|switch|p2a: Wo-Chien|Wo-Chien, L50|100\/100\n|switch|p2b: Glimmora|Glimmora, L50, M|100\/100\n|-ability|p2a: Wo-Chien|Tablets of Ruin\n|turn|1\n|\n|t:|1682460089\n|-terastallize|p1a: Gholdengo|Water\n|move|p2b: Glimmora|Mortal Spin|p1b: Amoonguss|[spread] p1a,p1b\n|-damage|p1a: Gholdengo|97\/100\n|-damage|p1b: Amoonguss|98\/100\n|-status|p1a: Gholdengo|psn\n|-status|p1b: Amoonguss|psn\n|-damage|p2b: Glimmora|84\/100|[from] item: Rocky Helmet|[of] p1b: Amoonguss\n|move|p1a: Gholdengo|Nasty Plot|p1a: Gholdengo\n|-boost|p1a: Gholdengo|spa|2\n|move|p2a: Wo-Chien|Ruination|p1b: Amoonguss\n|-damage|p1b: Amoonguss|49\/100 psn\n|move|p1b: Amoonguss|Pollen Puff|p1a: Gholdengo\n|-heal|p1a: Gholdengo|100\/100 psn\n|\n|-damage|p1a: Gholdengo|88\/100 psn|[from] psn\n|-damage|p1b: Amoonguss|37\/100 psn|[from] psn\n|upkeep\n|turn|2\n|inactive|Oorko has 30 seconds left.\n|\n|t:|1682460115\n|switch|p1b: Arcanine|Arcanine, L50, F|100\/100\n|-ability|p1b: Arcanine|Intimidate|boost\n|-unboost|p2a: Wo-Chien|atk|1\n|-unboost|p2b: Glimmora|atk|1\n|move|p2b: Glimmora|Spiky Shield|p2b: Glimmora\n|-singleturn|p2b: Glimmora|move: Protect\n|move|p1a: Gholdengo|Nasty Plot|p1a: Gholdengo\n|-boost|p1a: Gholdengo|spa|2\n|move|p2a: Wo-Chien|Ruination|p1a: Gholdengo\n|-damage|p1a: Gholdengo|45\/100 psn\n|-enditem|p1a: Gholdengo|Sitrus Berry|[eat]\n|-heal|p1a: Gholdengo|69\/100 psn|[from] item: Sitrus Berry\n|\n|-damage|p1a: Gholdengo|57\/100 psn|[from] psn\n|upkeep\n|turn|3\n|\n|t:|1682460139\n|switch|p2b: Dondozo|Dondozo, L50, M|100\/100\n|switch|p2a: Tatsugiri|Tatsugiri-Stretchy, L50, M|100\/100\n|-activate|p2a: Tatsugiri|ability: Commander|[of] p2b: Dondozo\n|-boost|p2b: Dondozo|atk|2\n|-boost|p2b: Dondozo|spa|2\n|-boost|p2b: Dondozo|spe|2\n|-boost|p2b: Dondozo|def|2\n|-boost|p2b: Dondozo|spd|2\n|move|p1b: Arcanine|Flare Blitz|p2a: Tatsugiri|[miss]\n|-miss|p1b: Arcanine|p2a: Tatsugiri\n|move|p1a: Gholdengo|Make It Rain|p2b: Dondozo|[spread] p2b\n|-miss|p1a: Gholdengo|p2a: Tatsugiri\n|-resisted|p2b: Dondozo\n|-damage|p2b: Dondozo|69\/100\n|-unboost|p1a: Gholdengo|spa|1\n|\n|-heal|p2b: Dondozo|75\/100|[from] item: Leftovers\n|-damage|p1a: Gholdengo|45\/100 psn|[from] psn\n|upkeep\n|turn|4\n|inactive|CbuttyVGC has 30 seconds left.\n|\n|t:|1682460168\n|switch|p1b: Amoonguss|Amoonguss, L50, F|70\/100 psn\n|move|p1a: Gholdengo|Protect|p1a: Gholdengo\n|-singleturn|p1a: Gholdengo|Protect\n|move|p2b: Dondozo|Earthquake|p1b: Amoonguss|[spread] p1b\n|-miss|p2b: Dondozo|p2a: Tatsugiri\n|-activate|p1a: Gholdengo|move: Protect\n|-damage|p1b: Amoonguss|38\/100 psn\n|\n|-heal|p2b: Dondozo|81\/100|[from] item: Leftovers\n|-damage|p1a: Gholdengo|32\/100 psn|[from] psn\n|-damage|p1b: Amoonguss|26\/100 psn|[from] psn\n|upkeep\n|turn|5\n|\n|t:|1682460185\n|switch|p1a: Arcanine|Arcanine, L50, F|100\/100\n|-ability|p1a: Arcanine|Intimidate|boost\n|-unboost|p2a: Tatsugiri|atk|1\n|-fail|p2b: Dondozo|unboost|Attack|[from] ability: Oblivious|[of] p2b: Dondozo\n|switch|p1b: Palafin|Palafin, L50, M|100\/100\n|-terastallize|p2b: Dondozo|Grass\n|move|p2b: Dondozo|Earthquake|p1a: Arcanine|[spread] p1a,p1b\n|-miss|p2b: Dondozo|p2a: Tatsugiri\n|-supereffective|p1a: Arcanine\n|-damage|p1a: Arcanine|13\/100\n|-damage|p1b: Palafin|51\/100\n|\n|-heal|p2b: Dondozo|87\/100|[from] item: Leftovers\n|upkeep\n|turn|6\n|c|\u2606CbuttyVGC|:trollface:\n|\n|t:|1682460202\n|switch|p1a: Amoonguss|Amoonguss, L50, F|59\/100 psn\n|move|p2b: Dondozo|Earthquake|p1a: Amoonguss|[spread] p1a,p1b\n|-miss|p2b: Dondozo|p2a: Tatsugiri\n|-damage|p1a: Amoonguss|23\/100 psn\n|-damage|p1b: Palafin|4\/100\n|move|p1b: Palafin|Haze|p1b: Palafin\n|-clearallboost\n|\n|-heal|p2b: Dondozo|93\/100|[from] item: Leftovers\n|-damage|p1a: Amoonguss|11\/100 psn|[from] psn\n|upkeep\n|turn|7\n|\n|t:|1682460220\n|switch|p1a: Arcanine|Arcanine, L50, F|13\/100\n|-ability|p1a: Arcanine|Intimidate|boost\n|-unboost|p2a: Tatsugiri|atk|1\n|-fail|p2b: Dondozo|unboost|Attack|[from] ability: Oblivious|[of] p2b: Dondozo\n|move|p1b: Palafin|Protect|p1b: Palafin\n|-singleturn|p1b: Palafin|Protect\n|move|p2b: Dondozo|Earthquake|p1b: Palafin|[spread] p1a\n|-miss|p2b: Dondozo|p2a: Tatsugiri\n|-activate|p1b: Palafin|move: Protect\n|-supereffective|p1a: Arcanine\n|-damage|p1a: Arcanine|0 fnt\n|faint|p1a: Arcanine\n|\n|-heal|p2b: Dondozo|99\/100|[from] item: Leftovers\n|upkeep\n|\n|t:|1682460228\n|switch|p1a: Amoonguss|Amoonguss, L50, F|44\/100 psn\n|turn|8\n|\n|t:|1682460235\n|detailschange|p1b: Palafin|Palafin-Hero, L50, M\n|switch|p1b: Gholdengo|Gholdengo, L50, tera:Water|32\/100 psn\n|move|p2b: Dondozo|Earthquake|p1a: Amoonguss|[spread] p1a,p1b\n|-miss|p2b: Dondozo|p2a: Tatsugiri\n|-crit|p1a: Amoonguss\n|-damage|p1a: Amoonguss|19\/100 psn\n|-damage|p1b: Gholdengo|11\/100 psn\n|move|p1a: Amoonguss|Spore|p2b: Dondozo\n|-immune|p2b: Dondozo\n|\n|-heal|p2b: Dondozo|100\/100|[from] item: Leftovers\n|-damage|p1b: Gholdengo|0 fnt|[from] psn\n|faint|p1b: Gholdengo\n|-damage|p1a: Amoonguss|7\/100 psn|[from] psn\n|upkeep\n|inactive|Oorko has 30 seconds left.\n|inactive|Oorko has 20 seconds left.\n|inactive|Oorko has 15 seconds left.\n|inactive|Oorko has 10 seconds left.\n|inactive|Oorko has 5 seconds left.\n|\n|t:|1682460291\n|switch|p1b: Palafin|Palafin-Hero, L50, M|4\/100\n|-activate|p1b: Palafin|ability: Zero to Hero\n|turn|9\n|c|\u2606CbuttyVGC|Gg\n|inactive|Oorko has 30 seconds left.\n|inactive|Oorko has 20 seconds left.\n|inactive|Oorko has 15 seconds left.\n|inactive|Oorko has 10 seconds left.\n|inactive|Oorko has 5 seconds left.\n|\n|t:|1682460346\n|move|p1b: Palafin|Wave Crash|p2a: Tatsugiri|[miss]\n|-miss|p1b: Palafin|p2a: Tatsugiri\n|move|p2b: Dondozo|Earthquake|p1a: Amoonguss|[spread] p1a,p1b\n|-miss|p2b: Dondozo|p2a: Tatsugiri\n|-damage|p1a: Amoonguss|0 fnt\n|-damage|p1b: Palafin|0 fnt\n|faint|p1a: Amoonguss\n|faint|p1b: Palafin\n|\n|win|CbuttyVGC\n|raw|Oorko's rating: 1336 → 1316<\/strong> (-20 for losing)\n|raw|CbuttyVGC's rating: 1343 → 1363<\/strong> (+20 for winning)\n|l|\u2606CbuttyVGC\n|j|\u2606CbuttyVGC\n|player|p2|CbuttyVGC|acetrainer-gen4dp\n","uploadtime":1682460369,"views":25,"p1id":"oorko","p2id":"cbuttyvgc","formatid":"gen9vgc2023regulationc","rating":1316,"private":0,"password":""}