{"id":"gen9vgc2023regulationc-1864024788","p1":"Ciq108","p2":"quick222","format":"[Gen 9] VGC 2023 Regulation C","log":"|j|\u2606Ciq108\n|j|\u2606quick222\n|t:|1684106862\n|gametype|doubles\n|player|p1|Ciq108|170|\n|player|p2|quick222|cynthia-gen4|\n|teamsize|p1|6\n|teamsize|p2|6\n|gen|9\n|tier|[Gen 9] VGC 2023 Regulation C\n|rule|Species Clause: Limit one of each Pok\u00e9mon\n|rule|Item Clause: Limit one of each item\n|clearpoke\n|poke|p1|Dragapult, L50, F|\n|poke|p1|Amoonguss, L50, F|\n|poke|p1|Chien-Pao, L50|\n|poke|p1|Arcanine, L50, F|\n|poke|p1|Flutter Mane, L50|\n|poke|p1|Palafin, L50, F|\n|poke|p2|Palafin, L50, M|\n|poke|p2|Chien-Pao, L50|\n|poke|p2|Dragapult, L50, M|\n|poke|p2|Amoonguss, L50, M|\n|poke|p2|Arcanine, L50, M|\n|poke|p2|Flutter Mane, L50|\n|teampreview|4\n|c|\u2606quick222|hello justin tang\n|c|\u2606quick222|glhf\n|c|\u2606Ciq108|U2\n|\n|t:|1684106949\n|start\n|switch|p1a: ChiYu|Arcanine, L50, F|100\/100\n|switch|p1b: Dozo|Palafin, L50, F|100\/100\n|switch|p2a: Dnite|Dragapult, L50, M|100\/100\n|switch|p2b: Dozo|Palafin, L50, M|100\/100\n|-ability|p1a: ChiYu|Intimidate|boost\n|-fail|p2a: Dnite|unboost|[from] ability: Clear Body|[of] p2a: Dnite\n|-unboost|p2b: Dozo|atk|1\n|turn|1\n|\n|t:|1684107022\n|detailschange|p1b: Dozo|Palafin-Hero, L50, F\n|switch|p1b: WoChien|Amoonguss, L50, F|100\/100\n|move|p2a: Dnite|U-turn|p1b: WoChien\n|-damage|p1b: WoChien|69\/100\n|\n|t:|1684107026\n|switch|p2a: ChiYu|Arcanine, L50, M|100\/100|[from] U-turn\n|-ability|p2a: ChiYu|Intimidate|boost\n|-unboost|p1a: ChiYu|atk|1\n|-unboost|p1b: WoChien|atk|1\n|move|p2b: Dozo|Wave Crash|p1a: ChiYu\n|-supereffective|p1a: ChiYu\n|-damage|p1a: ChiYu|20\/100\n|-damage|p2b: Dozo|75\/100|[from] Recoil\n|move|p1a: ChiYu|Will-O-Wisp|p2a: ChiYu\n|-immune|p2a: ChiYu\n|\n|upkeep\n|turn|2\n|\n|t:|1684107065\n|switch|p1a: Dozo|Palafin-Hero, L50, F|100\/100\n|-activate|p1a: Dozo|ability: Zero to Hero\n|move|p2b: Dozo|Protect|p2b: Dozo\n|-singleturn|p2b: Dozo|Protect\n|move|p2a: ChiYu|Flare Blitz|p1b: WoChien\n|-supereffective|p1b: WoChien\n|-damage|p1b: WoChien|0 fnt\n|faint|p1b: WoChien\n|-damage|p2a: ChiYu|75\/100|[from] Recoil\n|\n|upkeep\n|\n|t:|1684107074\n|switch|p1b: Mimi|Flutter Mane, L50|100\/100\n|-enditem|p1b: Mimi|Booster Energy\n|-activate|p1b: Mimi|ability: Protosynthesis|[fromitem]\n|-start|p1b: Mimi|protosynthesisspa\n|turn|3\n|\n|t:|1684107131\n|-terastallize|p1a: Dozo|Water\n|move|p2a: ChiYu|Protect|p2a: ChiYu\n|-singleturn|p2a: ChiYu|Protect\n|move|p1a: Dozo|Jet Punch|p2a: ChiYu\n|-activate|p2a: ChiYu|move: Protect\n|move|p1b: Mimi|Moonblast|p2b: Dozo\n|-damage|p2b: Dozo|0 fnt\n|faint|p2b: Dozo\n|\n|upkeep\n|\n|t:|1684107153\n|switch|p2b: Bundle|Chien-Pao, L50|100\/100\n|-ability|p2b: Bundle|Sword of Ruin\n|turn|4\n|\n|t:|1684107196\n|move|p1a: Dozo|Protect|p1a: Dozo\n|-singleturn|p1a: Dozo|Protect\n|move|p2a: ChiYu|Extreme Speed|p1a: Dozo\n|-activate|p1a: Dozo|move: Protect\n|move|p2b: Bundle|Ice Spinner|p1b: Mimi\n|-damage|p1b: Mimi|0 fnt\n|faint|p1b: Mimi\n|-end|p1b: Mimi|Protosynthesis|[silent]\n|\n|upkeep\n|\n|t:|1684107205\n|switch|p1b: ChiYu|Arcanine, L50, F|20\/100\n|-ability|p1b: ChiYu|Intimidate|boost\n|-unboost|p2a: ChiYu|atk|1\n|-unboost|p2b: Bundle|atk|1\n|turn|5\n|\n|t:|1684107216\n|move|p2a: ChiYu|Extreme Speed|p1b: ChiYu\n|-damage|p1b: ChiYu|0 fnt\n|faint|p1b: ChiYu\n|move|p2b: Bundle|Sucker Punch|p1a: Dozo\n|-damage|p1a: Dozo|76\/100\n|move|p1a: Dozo|Jet Punch|p2a: ChiYu\n|-supereffective|p2a: ChiYu\n|-damage|p2a: ChiYu|0 fnt\n|faint|p2a: ChiYu\n|\n|upkeep\n|\n|t:|1684107217\n|switch|p2a: Dnite|Dragapult, L50, M|100\/100\n|turn|6\n|\n|t:|1684107228\n|move|p2b: Bundle|Sucker Punch|p1a: Dozo\n|-damage|p1a: Dozo|50\/100\n|move|p2a: Dnite|Dragon Darts|p1a: Dozo\n|-damage|p1a: Dozo|3\/100\n|-anim|p2a: Dnite|Dragon Darts|p1a: Dozo\n|-damage|p1a: Dozo|0 fnt\n|faint|p1a: Dozo\n|\n|win|quick222\n|c|\u2606quick222|gg\n|l|\u2606Ciq108\n","uploadtime":1684107236,"views":9,"p1id":"ciq108","p2id":"quick222","formatid":"gen9vgc2023regulationc","rating":0,"private":0,"password":""}