{"id":"gen9vgc2023regulationc-1848749481","p1":"Barbilla Partida","p2":"hulksmash91","format":"[Gen 9] VGC 2023 Regulation C","log":"|j|\u2606Barbilla Partida\n|j|\u2606hulksmash91\n|t:|1682106585\n|gametype|doubles\n|player|p1|Barbilla Partida|benga|\n|player|p2|hulksmash91|266|\n|teamsize|p1|6\n|teamsize|p2|6\n|gen|9\n|tier|[Gen 9] VGC 2023 Regulation C\n|rule|Species Clause: Limit one of each Pok\u00e9mon\n|rule|Item Clause: Limit one of each item\n|clearpoke\n|poke|p1|Ting-Lu, L50|\n|poke|p1|Bronzong, L50|\n|poke|p1|Gallade, L50, M|\n|poke|p1|Talonflame, L50, F|\n|poke|p1|Flutter Mane, L50|\n|poke|p1|Iron Bundle, L50|\n|poke|p2|Palafin, L50, F|\n|poke|p2|Flutter Mane, L50|\n|poke|p2|Arcanine, L50, F|\n|poke|p2|Ting-Lu, L50|\n|poke|p2|Amoonguss, L50, F|\n|poke|p2|Kingambit, L50, F|\n|teampreview|4\nBarbilla Partida has agreed to open team sheets.\n|c|\u2606hulksmash91|G3\nhulksmash91 has agreed to open team sheets.\n|\n|t:|1682107238\n|start\n|switch|p1a: Gallade|Gallade, L50, M|100\/100\n|switch|p1b: Talonflame|Talonflame, L50, F|100\/100\n|switch|p2a: Flutter Mane|Flutter Mane, L50|100\/100\n|switch|p2b: Palafin|Palafin, L50, F|100\/100\n|-enditem|p2a: Flutter Mane|Booster Energy\n|-activate|p2a: Flutter Mane|ability: Protosynthesis|[fromitem]\n|-start|p2a: Flutter Mane|protosynthesisspa\n|turn|1\n|\n|t:|1682107269\n|detailschange|p2b: Palafin|Palafin-Hero, L50, F\n|switch|p2b: Arcanine|Arcanine, L50, F|100\/100\n|-ability|p2b: Arcanine|Intimidate|boost\n|-fail|p1a: Gallade|unboost|[from] item: Clear Amulet|[of] p1a: Gallade\n|-unboost|p1b: Talonflame|atk|1\n|-terastallize|p1a: Gallade|Grass\n|move|p2a: Flutter Mane|Protect|p2a: Flutter Mane\n|-singleturn|p2a: Flutter Mane|Protect\n|move|p1b: Talonflame|Tailwind|p1b: Talonflame\n|-sidestart|p1: Barbilla Partida|move: Tailwind\n|move|p1a: Gallade|Leaf Blade|p2a: Flutter Mane\n|-activate|p2a: Flutter Mane|move: Protect\n|\n|upkeep\n|turn|2\n|\n|t:|1682107314\n|move|p1b: Talonflame|Brave Bird|p2b: Arcanine\n|-damage|p2b: Arcanine|71\/100\n|-damage|p1b: Talonflame|88\/100|[from] Recoil\n|move|p1a: Gallade|Sacred Sword|p2b: Arcanine\n|-damage|p2b: Arcanine|2\/100\n|move|p2a: Flutter Mane|Moonblast|p1a: Gallade\n|-damage|p1a: Gallade|34\/100\n|move|p2b: Arcanine|Flare Blitz|p1a: Gallade\n|-supereffective|p1a: Gallade\n|-damage|p1a: Gallade|0 fnt\n|faint|p1a: Gallade\n|-damage|p2b: Arcanine|0 fnt|[from] Recoil\n|faint|p2b: Arcanine\n|\n|upkeep\n|\n|t:|1682107328\n|switch|p2b: Palafin|Palafin-Hero, L50, F|100\/100\n|switch|p1a: Ting-Lu|Ting-Lu, L50|100\/100\n|-ability|p1a: Ting-Lu|Vessel of Ruin\n|-activate|p2b: Palafin|ability: Zero to Hero\n|turn|3\n|\n|t:|1682107360\n|-terastallize|p2b: Palafin|Water\n|move|p2a: Flutter Mane|Protect|p2a: Flutter Mane\n|-singleturn|p2a: Flutter Mane|Protect\n|move|p1b: Talonflame|Flare Blitz|p2b: Palafin\n|-resisted|p2b: Palafin\n|-damage|p2b: Palafin|87\/100\n|-damage|p1b: Talonflame|82\/100|[from] Recoil\n|move|p1a: Ting-Lu|Earthquake|p2a: Flutter Mane|[spread] p2b\n|-activate|p2a: Flutter Mane|move: Protect\n|-immune|p1b: Talonflame\n|-damage|p2b: Palafin|44\/100\n|move|p2b: Palafin|Wave Crash|p1b: Talonflame\n|-supereffective|p1b: Talonflame\n|-damage|p1b: Talonflame|0 fnt\n|faint|p1b: Talonflame\n|-damage|p2b: Palafin|23\/100|[from] Recoil\n|\n|upkeep\n|\n|t:|1682107376\n|switch|p1b: Bronzong|Bronzong, L50|100\/100\n|turn|4\n|\n|t:|1682107404\n|move|p2b: Palafin|Jet Punch|p1b: Bronzong\n|-damage|p1b: Bronzong|50\/100\n|move|p2a: Flutter Mane|Shadow Ball|p1b: Bronzong\n|-supereffective|p1b: Bronzong\n|-damage|p1b: Bronzong|0 fnt\n|faint|p1b: Bronzong\n|move|p1a: Ting-Lu|Earthquake|p2b: Palafin|[spread] p2a,p2b\n|-damage|p2a: Flutter Mane|5\/100\n|-damage|p2b: Palafin|0 fnt\n|faint|p2b: Palafin\n|\n|-sideend|p1: Barbilla Partida|move: Tailwind\n|upkeep\n|\n|t:|1682107410\n|switch|p2b: Amoonguss|Amoonguss, L50, F, shiny|100\/100\n|turn|5\n|\n|t:|1682107417\n|move|p2a: Flutter Mane|Protect|p2a: Flutter Mane\n|-singleturn|p2a: Flutter Mane|Protect\n|move|p1a: Ting-Lu|Earthquake|p2a: Flutter Mane|[spread] p2b\n|-activate|p2a: Flutter Mane|move: Protect\n|-damage|p2b: Amoonguss|58\/100\n|move|p2b: Amoonguss|Spore|p1a: Ting-Lu\n|-status|p1a: Ting-Lu|slp|[from] move: Spore\n|\n|upkeep\n|turn|6\n|\n|t:|1682107429\n|move|p2a: Flutter Mane|Moonblast|p1a: Ting-Lu\n|-supereffective|p1a: Ting-Lu\n|-damage|p1a: Ting-Lu|24\/100 slp\n|cant|p1a: Ting-Lu|slp\n|move|p2b: Amoonguss|Pollen Puff|p2a: Flutter Mane\n|-heal|p2a: Flutter Mane|56\/100\n|\n|upkeep\n|turn|7\n|\n|t:|1682107442\n|move|p2a: Flutter Mane|Moonblast|p1a: Ting-Lu\n|-supereffective|p1a: Ting-Lu\n|-damage|p1a: Ting-Lu|0 fnt\n|faint|p1a: Ting-Lu\n|\n|win|hulksmash91\n|c|\u2606hulksmash91|GG's\n|c|\u2606Barbilla Partida|gg\n|l|\u2606Barbilla Partida\n","uploadtime":1682107475,"views":15,"p1id":"barbillapartida","p2id":"hulksmash91","formatid":"gen9vgc2023regulationc","rating":0,"private":0,"password":""}