{"id":"gen9vgc2023regulationc-1850080769","p1":"labboo","p2":"ShatteredPugVGC","format":"[Gen 9] VGC 2023 Regulation C","log":"|j|\u2606labboo\n|j|\u2606ShatteredPugVGC\n|t:|1682285059\n|gametype|doubles\n|player|p1|labboo|cynthia-masters|\n|player|p2|ShatteredPugVGC|colress|\n|teamsize|p1|6\n|teamsize|p2|6\n|gen|9\n|tier|[Gen 9] VGC 2023 Regulation C\n|rated|Tournament battle\n|rule|Species Clause: Limit one of each Pok\u00e9mon\n|rule|Item Clause: Limit one of each item\n|clearpoke\n|poke|p1|Breloom, L50, M|\n|poke|p1|Corviknight, L50, M|\n|poke|p1|Great Tusk, L50|\n|poke|p1|Eelektross, L50, M|\n|poke|p1|Chien-Pao, L50|\n|poke|p1|Palafin, L50, M|\n|poke|p2|Wo-Chien, L50|\n|poke|p2|Arcanine, L50, M|\n|poke|p2|Roaring Moon, L50|\n|poke|p2|Maushold, L50|\n|poke|p2|Gholdengo, L50|\n|poke|p2|Flutter Mane, L50|\n|teampreview|4\n|raw| Open Team Sheet for labboo<\/summary>onion (Breloom) @ Expert Belt Ability: Effect Spore Level: 50 Tera Type: Fighting - Seed Bomb - Close Combat - Leech Seed - Protect birb (Corviknight) @ Rocky Helmet Ability: Unnerve Level: 50 Tera Type: Flying - Tailwind - Iron Head - Brave Bird - Protect elephante (Great Tusk) @ Focus Sash Ability: Protosynthesis Level: 50 Hidden Power: Fighting Tera Type: Ground - Close Combat - Headlong Rush - Earthquake - Protect immune (Eelektross) @ Safety Goggles Ability: Levitate Level: 50 Tera Type: Electric - Discharge - Flamethrower - Flash Cannon - Protect Chien-Pao-Dau (Chien-Pao) @ Choice Band Ability: Sword of Ruin Level: 50 Tera Type: Dark - Ice Spinner - Crunch - Sucker Punch - Protect knight (Palafin) @ Life Orb Ability: Zero to Hero Level: 50 Tera Type: Water - Jet Punch - Close Combat - Liquidation - Protect <\/details><\/div> Open Team Sheet for ShatteredPugVGC<\/summary>Wo-Chien @ Clear Amulet Ability: Tablets of Ruin Level: 50 Tera Type: Poison - Trailblaze - Knock Off - Power Whip - Protect Arcanine @ Safety Goggles Ability: Intimidate Level: 50 Tera Type: Water - Flare Blitz - Extreme Speed - Howl - Protect Roaring Moon @ Booster Energy Ability: Protosynthesis Level: 50 Tera Type: Flying - Acrobatics - Crunch - Tailwind - Protect Maushold @ Wide Lens Ability: Friend Guard Level: 50 Tera Type: Grass - Population Bomb - Tidy Up - Follow Me - Protect Gholdengo @ Leftovers Ability: Good as Gold Level: 50 Tera Type: Water - Make It Rain - Thunderbolt - Nasty Plot - Protect Flutter Mane @ Choice Specs Ability: Protosynthesis Level: 50 Tera Type: Fairy - Shadow Ball - Moonblast - Dazzling Gleam - Power Gem <\/details><\/div>\n|j| 17th sylveon\n|c|\u2606labboo|glhf\n|c|\u2606labboo|my pokemn at least move lol\n|\n|t:|1682285104\n|start\n|switch|p1a: knight|Palafin, L50, M|100\/100\n|switch|p1b: birb|Corviknight, L50, M|100\/100\n|switch|p2a: Gholdengo|Gholdengo, L50|100\/100\n|switch|p2b: Maushold|Maushold, L50|100\/100\n|-ability|p1b: birb|Unnerve\n|turn|1\n|\n|t:|1682285119\n|detailschange|p1a: knight|Palafin-Hero, L50, M\n|switch|p1a: immune|Eelektross, L50, M|100\/100\n|-terastallize|p2a: Gholdengo|Water\n|move|p2b: Maushold|Tidy Up|p2b: Maushold\n|-boost|p2b: Maushold|atk|1\n|-boost|p2b: Maushold|spe|1\n|move|p2a: Gholdengo|Nasty Plot|p2a: Gholdengo\n|-boost|p2a: Gholdengo|spa|2\n|move|p1b: birb|Tailwind|p1b: birb\n|-sidestart|p1: labboo|move: Tailwind\n|\n|upkeep\n|turn|2\n|\n|t:|1682285136\n|move|p1b: birb|Protect|p1b: birb\n|-singleturn|p1b: birb|Protect\n|move|p2a: Gholdengo|Protect|p2a: Gholdengo\n|-singleturn|p2a: Gholdengo|Protect\n|move|p2b: Maushold|Population Bomb|p1a: immune\n|-damage|p1a: immune|87\/100\n|-damage|p1a: immune|73\/100\n|-damage|p1a: immune|60\/100\n|-damage|p1a: immune|46\/100\n|-damage|p1a: immune|33\/100\n|-damage|p1a: immune|19\/100\n|-damage|p1a: immune|6\/100\n|-damage|p1a: immune|0 fnt\n|faint|p1a: immune\n|-hitcount|p1: immune|8\n|\n|upkeep\n|c|\u2606labboo|'__'\n|c|\u2606ShatteredPugVGC|POWER\n|\n|t:|1682285163\n|switch|p1a: elephante|Great Tusk, L50|100\/100\n|turn|3\n|\n|t:|1682285176\n|-terastallize|p1a: elephante|Ground\n|move|p1a: elephante|Earthquake|p2b: Maushold|[spread] p2a,p2b\n|-immune|p1b: birb\n|-damage|p2a: Gholdengo|55\/100\n|-damage|p2b: Maushold|24\/100\n|move|p2b: Maushold|Population Bomb|p1a: elephante\n|-damage|p1a: elephante|93\/100\n|-damage|p1a: elephante|85\/100\n|-damage|p1a: elephante|78\/100\n|-damage|p1a: elephante|70\/100\n|-crit|p1a: elephante\n|-damage|p1a: elephante|59\/100\n|-crit|p1a: elephante\n|-damage|p1a: elephante|48\/100\n|-damage|p1a: elephante|40\/100\n|-damage|p1a: elephante|32\/100\n|-damage|p1a: elephante|26\/100\n|-damage|p1a: elephante|18\/100\n|-hitcount|p1a: elephante|10\n|move|p1b: birb|Brave Bird|p2a: Gholdengo\n|-crit|p2a: Gholdengo\n|-damage|p2a: Gholdengo|5\/100\n|-damage|p1b: birb|85\/100|[from] Recoil\n|move|p2a: Gholdengo|Make It Rain|p1a: elephante|[spread] p1a,p1b\n|-resisted|p1b: birb\n|-damage|p1a: elephante|0 fnt\n|-damage|p1b: birb|35\/100\n|-unboost|p2a: Gholdengo|spa|1\n|faint|p1a: elephante\n|-end|p1a: elephante|Protosynthesis|[silent]\n|\n|-heal|p2a: Gholdengo|12\/100|[from] item: Leftovers\n|upkeep\n|j| tl the legend\n|\n|t:|1682285207\n|switch|p1a: knight|Palafin-Hero, L50, M|100\/100\n|-activate|p1a: knight|ability: Zero to Hero\n|turn|4\n|l| tl the legend\n|\n|t:|1682285217\n|move|p1a: knight|Jet Punch|p2b: Maushold\n|-damage|p2b: Maushold|0 fnt\n|faint|p2b: Maushold\n|-damage|p1a: knight|91\/100|[from] item: Life Orb\n|move|p1b: birb|Brave Bird|p2a: Gholdengo\n|-damage|p2a: Gholdengo|0 fnt\n|faint|p2a: Gholdengo\n|-damage|p1b: birb|32\/100|[from] Recoil\n|\n|-sideend|p1: labboo|move: Tailwind\n|upkeep\n|\n|t:|1682285219\n|switch|p2b: Wo-Chien|Wo-Chien, L50|100\/100\n|switch|p2a: Roaring Moon|Roaring Moon, L50|100\/100\n|-ability|p2b: Wo-Chien|Tablets of Ruin\n|-enditem|p2a: Roaring Moon|Booster Energy\n|-activate|p2a: Roaring Moon|ability: Protosynthesis|[fromitem]\n|-start|p2a: Roaring Moon|protosynthesisatk\n|turn|5\n|\n|t:|1682285237\n|move|p2a: Roaring Moon|Crunch|p1b: birb\n|-damage|p1b: birb|0 fnt\n|-damage|p2a: Roaring Moon|84\/100|[from] item: Rocky Helmet|[of] p1b: birb\n|faint|p1b: birb\n|move|p1a: knight|Close Combat|p2a: Roaring Moon\n|-supereffective|p2a: Roaring Moon\n|-damage|p2a: Roaring Moon|0 fnt\n|-unboost|p1a: knight|def|1\n|-unboost|p1a: knight|spd|1\n|faint|p2a: Roaring Moon\n|-end|p2a: Roaring Moon|Protosynthesis|[silent]\n|-damage|p1a: knight|81\/100|[from] item: Life Orb\n|move|p2b: Wo-Chien|Trailblaze|p1a: knight\n|-supereffective|p1a: knight\n|-damage|p1a: knight|18\/100\n|-boost|p2b: Wo-Chien|spe|1\n|\n|upkeep\n|turn|6\n|\n|t:|1682285253\n|move|p2b: Wo-Chien|Trailblaze|p1a: knight\n|-supereffective|p1a: knight\n|-damage|p1a: knight|0 fnt\n|-boost|p2b: Wo-Chien|spe|1\n|faint|p1a: knight\n|\n|win|ShatteredPugVGC\n|n|\u2606labboo|labboo\n|n|\u2606ShatteredPugVGC|shatteredpugvgc\n|n| 17th sylveon|17thsylveon\n|c|\u2606labboo|gg\n|c|\u2606ShatteredPugVGC|gg\n|c|\u2606labboo|:(\n|l|\u2606labboo\n","uploadtime":1682285263,"views":5,"p1id":"labboo","p2id":"shatteredpugvgc","formatid":"gen9vgc2023regulationc","rating":0,"private":0,"password":""}