{"id":"gen9vgc2023regulationc-1863883628","p1":"GiovyX08","p2":"mathtass","format":"[Gen 9] VGC 2023 Regulation C","log":"|j|\u2606GiovyX08\n|j|\u2606mathtass\n|t:|1684089164\n|gametype|doubles\n|player|p1|GiovyX08|n|1307\n|player|p2|mathtass|101|1362\n|teamsize|p1|6\n|teamsize|p2|6\n|gen|9\n|tier|[Gen 9] VGC 2023 Regulation C\n|rated|\n|rule|Species Clause: Limit one of each Pok\u00e9mon\n|rule|Item Clause: Limit one of each item\n|clearpoke\n|poke|p1|Grimmsnarl, L50, M|\n|poke|p1|Great Tusk, L50|\n|poke|p1|Garganacl, L50, M|\n|poke|p1|Flutter Mane, L50|\n|poke|p1|Volcarona, L50, M|\n|poke|p1|Gyarados, L50, M|\n|poke|p2|Palafin, L50, M|\n|poke|p2|Chien-Pao, L50|\n|poke|p2|Dragapult, L50, F|\n|poke|p2|Amoonguss, L50, F|\n|poke|p2|Arcanine, L50, M|\n|poke|p2|Flutter Mane, L50|\n|teampreview|4\nGiovyX08 has agreed to open team sheets.\nmathtass has agreed to open team sheets.\n|\n|t:|1684089196\n|start\n|switch|p1a: Volcarona|Volcarona, L50, M|100\/100\n|switch|p1b: Great Tusk|Great Tusk, L50|100\/100\n|switch|p2a: Blair|Dragapult, L50, F, shiny|100\/100\n|switch|p2b: Poseidon|Palafin, L50, M, shiny|100\/100\n|turn|1\n|\n|t:|1684089235\n|detailschange|p2b: Poseidon|Palafin-Hero, L50, M, shiny\n|switch|p2b: Dante|Chien-Pao, L50|100\/100\n|-ability|p2b: Dante|Sword of Ruin\n|-terastallize|p1b: Great Tusk|Fairy\n|move|p1b: Great Tusk|Play Rough|p2a: Blair\n|-supereffective|p2a: Blair\n|-damage|p2a: Blair|0 fnt\n|faint|p2a: Blair\n|move|p1a: Volcarona|Tailwind|p1a: Volcarona\n|-sidestart|p1: GiovyX08|move: Tailwind\n|\n|upkeep\n|\n|t:|1684089246\n|switch|p2a: Poseidon|Palafin-Hero, L50, M, shiny|100\/100\n|-activate|p2a: Poseidon|ability: Zero to Hero\n|turn|2\n|c|\u2606GiovyX08|ops\n|\n|t:|1684089261\n|-terastallize|p2a: Poseidon|Water\n|move|p2b: Dante|Protect|p2b: Dante\n|-singleturn|p2b: Dante|Protect\n|move|p2a: Poseidon|Jet Punch|p1a: Volcarona\n|-supereffective|p1a: Volcarona\n|-damage|p1a: Volcarona|0 fnt\n|-status|p2a: Poseidon|brn|[from] ability: Flame Body|[of] p1a: Volcarona\n|faint|p1a: Volcarona\n|move|p1b: Great Tusk|Play Rough|p2b: Dante\n|-activate|p2b: Dante|move: Protect\n|\n|-damage|p2a: Poseidon|95\/100 brn|[from] brn\n|upkeep\n|\n|t:|1684089283\n|switch|p1a: Garganacl|Garganacl, L50, M|100\/100\n|turn|3\n|\n|t:|1684089305\n|move|p1b: Great Tusk|Play Rough|p2b: Dante\n|-supereffective|p2b: Dante\n|-enditem|p2b: Dante|Focus Sash\n|-damage|p2b: Dante|1\/100\n|move|p2b: Dante|Sacred Sword|p1a: Garganacl\n|-supereffective|p1a: Garganacl\n|-damage|p1a: Garganacl|46\/100\n|move|p2a: Poseidon|Wave Crash|p1a: Garganacl\n|-supereffective|p1a: Garganacl\n|-damage|p1a: Garganacl|0 fnt\n|faint|p1a: Garganacl\n|-damage|p2a: Poseidon|79\/100 brn|[from] Recoil\n|\n|-damage|p2a: Poseidon|74\/100 brn|[from] brn\n|upkeep\n|\n|t:|1684089319\n|switch|p1a: Flutter Mane|Flutter Mane, L50|100\/100\n|turn|4\n|\n|t:|1684089327\n|move|p2b: Dante|Protect|p2b: Dante\n|-singleturn|p2b: Dante|Protect\n|move|p2a: Poseidon|Protect|p2a: Poseidon\n|-singleturn|p2a: Poseidon|Protect\n|move|p1b: Great Tusk|Play Rough|p2a: Poseidon\n|-activate|p2a: Poseidon|move: Protect\n|move|p1a: Flutter Mane|Dazzling Gleam|p2a: Poseidon|[spread] \n|-activate|p2a: Poseidon|move: Protect\n|-activate|p2b: Dante|move: Protect\n|\n|-damage|p2a: Poseidon|68\/100 brn|[from] brn\n|-sideend|p1: GiovyX08|move: Tailwind\n|upkeep\n|turn|5\n|\n|t:|1684089346\n|move|p2b: Dante|Sucker Punch|p1a: Flutter Mane\n|-enditem|p1a: Flutter Mane|Focus Sash\n|-damage|p1a: Flutter Mane|1\/100\n|move|p2a: Poseidon|Jet Punch|p1a: Flutter Mane\n|-damage|p1a: Flutter Mane|0 fnt\n|faint|p1a: Flutter Mane\n|-end|p1a: Flutter Mane|Protosynthesis|[silent]\n|move|p1b: Great Tusk|Play Rough|p2a: Poseidon\n|-damage|p2a: Poseidon|8\/100 brn\n|\n|-damage|p2a: Poseidon|2\/100 brn|[from] brn\n|upkeep\n|turn|6\n|\n|t:|1684089360\n|move|p2b: Dante|Protect|p2b: Dante\n|-singleturn|p2b: Dante|Protect\n|move|p2a: Poseidon|Jet Punch|p1b: Great Tusk\n|-damage|p1b: Great Tusk|69\/100\n|move|p1b: Great Tusk|Play Rough|p2b: Dante\n|-activate|p2b: Dante|move: Protect\n|\n|-damage|p2a: Poseidon|0 fnt|[from] brn\n|faint|p2a: Poseidon\n|upkeep\n|\n|t:|1684089365\n|switch|p2a: LadyMane|Flutter Mane, L50, shiny|100\/100\n|-enditem|p2a: LadyMane|Booster Energy\n|-activate|p2a: LadyMane|ability: Protosynthesis|[fromitem]\n|-start|p2a: LadyMane|protosynthesisspa\n|turn|7\n|\n|t:|1684089376\n|move|p1b: Great Tusk|Play Rough|p2b: Dante\n|-supereffective|p2b: Dante\n|-damage|p2b: Dante|0 fnt\n|faint|p2b: Dante\n|move|p2a: LadyMane|Moonblast|p1b: Great Tusk\n|-damage|p1b: Great Tusk|0 fnt\n|faint|p1b: Great Tusk\n|-end|p1b: Great Tusk|Protosynthesis|[silent]\n|\n|win|mathtass\n|raw|GiovyX08's rating: 1307 → 1290<\/strong> (-17 for losing)\n|raw|mathtass's rating: 1362 → 1379<\/strong> (+17 for winning)\n","uploadtime":1684089381,"views":6,"p1id":"giovyx08","p2id":"mathtass","formatid":"gen9vgc2023regulationc","rating":1290,"private":0,"password":""}