{"id":"gen9vgc2023regulationc-1862114052","p1":"toxic_toxicitys","p2":"adrpen","format":"[Gen 9] VGC 2023 Regulation C","log":"|j|\u2606toxic_toxicitys\n|j|\u2606adrpen\n|t:|1683838391\n|gametype|doubles\n|player|p1|toxic_toxicitys|acetrainer-gen4dp|1043\n|player|p2|adrpen|pokekid|1142\n|teamsize|p1|6\n|teamsize|p2|6\n|gen|9\n|tier|[Gen 9] VGC 2023 Regulation C\n|rated|\n|rule|Species Clause: Limit one of each Pok\u00e9mon\n|rule|Item Clause: Limit one of each item\n|clearpoke\n|poke|p1|Ting-Lu, L50|\n|poke|p1|Mimikyu, L50, F|\n|poke|p1|Amoonguss, L50, F|\n|poke|p1|Arcanine, L50, F|\n|poke|p1|Kingambit, L50, M|\n|poke|p1|Iron Hands, L50|\n|poke|p2|Amoonguss, L50, M|\n|poke|p2|Palafin, L50, M|\n|poke|p2|Iron Hands, L50|\n|poke|p2|Arcanine, L50, M|\n|poke|p2|Flutter Mane, L50|\n|poke|p2|Dragonite, L50, M|\n|teampreview|4\n|inactive|Battle timer is ON: inactive players will automatically lose when time's up. (requested by adrpen)\n|inactive|adrpen has 60 seconds left.\n|inactive|adrpen has 30 seconds left.\n|\n|t:|1683838457\n|start\n|switch|p1a: Ting-Lu|Ting-Lu, L50|100\/100\n|switch|p1b: Mimikyu|Mimikyu, L50, F|100\/100\n|switch|p2a: Amoonguss|Amoonguss, L50, M, shiny|100\/100\n|switch|p2b: Flutter Mane|Flutter Mane, L50|100\/100\n|-ability|p1a: Ting-Lu|Vessel of Ruin\n|-enditem|p2b: Flutter Mane|Booster Energy\n|-activate|p2b: Flutter Mane|ability: Protosynthesis|[fromitem]\n|-start|p2b: Flutter Mane|protosynthesisspa\n|turn|1\n|\n|t:|1683838476\n|-terastallize|p1a: Ting-Lu|Steel\n|move|p2b: Flutter Mane|Substitute|p2b: Flutter Mane\n|-start|p2b: Flutter Mane|Substitute\n|-damage|p2b: Flutter Mane|76\/100\n|move|p1a: Ting-Lu|Heavy Slam|p2b: Flutter Mane\n|-supereffective|p2b: Flutter Mane\n|-end|p2b: Flutter Mane|Substitute\n|move|p2a: Amoonguss|Spore|p1a: Ting-Lu\n|-status|p1a: Ting-Lu|slp|[from] move: Spore\n|move|p1b: Mimikyu|Trick Room|p1b: Mimikyu\n|-fieldstart|move: Trick Room|[of] p1b: Mimikyu\n|\n|upkeep\n|turn|2\n|inactive|adrpen has 30 seconds left.\n|\n|t:|1683838502\n|-end|p2b: Flutter Mane|Protosynthesis|[silent]\n|switch|p2b: Iron Hands|Iron Hands, L50, shiny|100\/100\n|move|p2a: Amoonguss|Spore|p1b: Mimikyu\n|-status|p1b: Mimikyu|slp|[from] move: Spore\n|cant|p1a: Ting-Lu|slp\n|cant|p1b: Mimikyu|slp\n|\n|upkeep\n|turn|3\n|inactive|adrpen has 30 seconds left.\n|inactive|adrpen has 20 seconds left.\n|inactive|adrpen has 15 seconds left.\n|\n|t:|1683838544\n|switch|p2a: Flutter Mane|Flutter Mane, L50|76\/100\n|cant|p1a: Ting-Lu|slp\n|move|p2b: Iron Hands|Drain Punch|p1a: Ting-Lu\n|-supereffective|p1a: Ting-Lu\n|-damage|p1a: Ting-Lu|55\/100 slp\n|cant|p1b: Mimikyu|slp\n|\n|upkeep\n|turn|4\n|\n|t:|1683838563\n|cant|p1a: Ting-Lu|slp\n|move|p2b: Iron Hands|Drain Punch|p1a: Ting-Lu\n|-supereffective|p1a: Ting-Lu\n|-damage|p1a: Ting-Lu|9\/100 slp\n|cant|p1b: Mimikyu|slp\n|move|p2a: Flutter Mane|Substitute|p2a: Flutter Mane\n|-start|p2a: Flutter Mane|Substitute\n|-damage|p2a: Flutter Mane|51\/100\n|\n|upkeep\n|turn|5\n|\n|t:|1683838587\n|-curestatus|p1a: Ting-Lu|slp|[msg]\n|move|p1a: Ting-Lu|Stomping Tantrum|p2b: Iron Hands\n|-supereffective|p2b: Iron Hands\n|-damage|p2b: Iron Hands|8\/100\n|move|p2b: Iron Hands|Drain Punch|p1a: Ting-Lu\n|-supereffective|p1a: Ting-Lu\n|-damage|p1a: Ting-Lu|0 fnt\n|-heal|p2b: Iron Hands|12\/100|[from] drain|[of] p1a: Ting-Lu\n|faint|p1a: Ting-Lu\n|-curestatus|p1b: Mimikyu|slp|[msg]\n|move|p1b: Mimikyu|Shadow Claw|p2a: Flutter Mane\n|-supereffective|p2a: Flutter Mane\n|-end|p2a: Flutter Mane|Substitute\n|-damage|p1b: Mimikyu|91\/100|[from] item: Life Orb\n|move|p2a: Flutter Mane|Shadow Ball|p1b: Mimikyu\n|-activate|p1b: Mimikyu|ability: Disguise\n|-damage|p1b: Mimikyu|91\/100\n|detailschange|p1b: Mimikyu|Mimikyu-Busted, L50, F\n|-damage|p1b: Mimikyu|78\/100|[from] pokemon: Mimikyu-Busted\n|\n|-fieldend|move: Trick Room\n|upkeep\n|inactive|toxic_toxicitys has 30 seconds left.\n|\n|t:|1683838613\n|switch|p1a: Arcanine|Arcanine, L50, F|100\/100\n|-ability|p1a: Arcanine|Intimidate|boost\n|-unboost|p2a: Flutter Mane|atk|1\n|-unboost|p2b: Iron Hands|atk|1\n|turn|6\n|\n|t:|1683838638\n|move|p2a: Flutter Mane|Protect|p2a: Flutter Mane\n|-singleturn|p2a: Flutter Mane|Protect\n|move|p1b: Mimikyu|Shadow Claw|p2b: Iron Hands\n|-damage|p2b: Iron Hands|0 fnt\n|faint|p2b: Iron Hands\n|-end|p2b: Iron Hands|Quark Drive|[silent]\n|-damage|p1b: Mimikyu|69\/100|[from] item: Life Orb\n|move|p1a: Arcanine|Flare Blitz|p2a: Flutter Mane\n|-activate|p2a: Flutter Mane|move: Protect\n|\n|upkeep\n|inactive|adrpen has 30 seconds left.\n|\n|t:|1683838664\n|switch|p2b: Amoonguss|Amoonguss, L50, M, shiny|100\/100\n|turn|7\n|\n|t:|1683838681\n|-terastallize|p2b: Amoonguss|Water\n|move|p2b: Amoonguss|Rage Powder|p2b: Amoonguss\n|-singleturn|p2b: Amoonguss|move: Rage Powder\n|move|p2a: Flutter Mane|Shadow Ball|p1b: Mimikyu\n|-supereffective|p1b: Mimikyu\n|-damage|p1b: Mimikyu|0 fnt\n|faint|p1b: Mimikyu\n|move|p1a: Arcanine|Flare Blitz|p2b: Amoonguss\n|-resisted|p2b: Amoonguss\n|-damage|p2b: Amoonguss|78\/100\n|-damage|p1a: Arcanine|84\/100|[from] item: Rocky Helmet|[of] p2b: Amoonguss\n|-damage|p1a: Arcanine|74\/100|[from] Recoil\n|\n|upkeep\n|\n|t:|1683838696\n|switch|p1b: Kingambit|Kingambit, L50, M|100\/100\n|turn|8\n|\n|t:|1683838711\n|move|p2a: Flutter Mane|Protect|p2a: Flutter Mane\n|-singleturn|p2a: Flutter Mane|Protect\n|move|p2b: Amoonguss|Protect|p2b: Amoonguss\n|-singleturn|p2b: Amoonguss|Protect\n|move|p1a: Arcanine|Snarl|p2b: Amoonguss|[spread] \n|-activate|p2a: Flutter Mane|move: Protect\n|-activate|p2b: Amoonguss|move: Protect\n|move|p1b: Kingambit|Iron Head|p2a: Flutter Mane\n|-activate|p2a: Flutter Mane|move: Protect\n|\n|upkeep\n|turn|9\n|inactive|adrpen has 30 seconds left.\n|inactive|adrpen has 20 seconds left.\n|\n|t:|1683838749\n|move|p2b: Amoonguss|Rage Powder|p2b: Amoonguss\n|-singleturn|p2b: Amoonguss|move: Rage Powder\n|move|p2a: Flutter Mane|Moonblast|p1b: Kingambit\n|-damage|p1b: Kingambit|56\/100\n|move|p1a: Arcanine|Snarl|p2a: Flutter Mane|[spread] p2a,p2b\n|-damage|p2a: Flutter Mane|43\/100\n|-damage|p2b: Amoonguss|70\/100\n|-unboost|p2a: Flutter Mane|spa|1\n|-unboost|p2b: Amoonguss|spa|1\n|move|p1b: Kingambit|Kowtow Cleave|p2b: Amoonguss\n|-damage|p2b: Amoonguss|35\/100\n|-damage|p1b: Kingambit|40\/100|[from] item: Rocky Helmet|[of] p2b: Amoonguss\n|\n|upkeep\n|turn|10\n|\n|t:|1683838771\n|switch|p2b: Dragonite|Dragonite, L50, M|100\/100\n|move|p2a: Flutter Mane|Protect|p2a: Flutter Mane\n|-singleturn|p2a: Flutter Mane|Protect\n|move|p1b: Kingambit|Protect|p1b: Kingambit\n|-singleturn|p1b: Kingambit|Protect\n|move|p1a: Arcanine|Snarl|p2a: Flutter Mane|[spread] p2b\n|-activate|p2a: Flutter Mane|move: Protect\n|-damage|p2b: Dragonite|95\/100\n|-unboost|p2b: Dragonite|spa|1\n|\n|upkeep\n|turn|11\n|inactive|adrpen has 30 seconds left.\n|\n|t:|1683838801\n|-end|p2a: Flutter Mane|Protosynthesis|[silent]\n|switch|p2a: Amoonguss|Amoonguss, L50, M, shiny, tera:Water|68\/100\n|move|p2b: Dragonite|Earthquake|p1a: Arcanine|[spread] p2a,p1a,p1b\n|-supereffective|p1a: Arcanine\n|-supereffective|p1b: Kingambit\n|-damage|p2a: Amoonguss|45\/100\n|-damage|p1a: Arcanine|10\/100\n|-damage|p1b: Kingambit|0 fnt\n|faint|p1b: Kingambit\n|move|p1a: Arcanine|Will-O-Wisp|p2b: Dragonite\n|-status|p2b: Dragonite|brn\n|-enditem|p2b: Dragonite|Lum Berry|[eat]\n|-curestatus|p2b: Dragonite|brn|[msg]\n|\n|upkeep\n|turn|12\n|-message|toxic_toxicitys forfeited.\n|\n|win|adrpen\n|raw|toxic_toxicitys's rating: 1043 → 1031<\/strong> (-12 for losing)\n|raw|adrpen's rating: 1142 → 1160<\/strong> (+18 for winning)\n|l|\u2606toxic_toxicitys\n","uploadtime":1683838824,"views":17,"p1id":"toxictoxicitys","p2id":"adrpen","formatid":"gen9vgc2023regulationc","rating":1031,"private":0,"password":""}