{"id":"gen9vgc2023regulationc-1857949213","p1":"Steakman5","p2":"Camilla12","format":"[Gen 9] VGC 2023 Regulation C","log":"|j|\u2606Steakman5\n|j|\u2606Camilla12\n|t:|1683251156\n|gametype|doubles\n|player|p1|Steakman5|swimmer-gen4|1118\n|player|p2|Camilla12|dawn-gen4pt|1090\n|teamsize|p1|6\n|teamsize|p2|6\n|gen|9\n|tier|[Gen 9] VGC 2023 Regulation C\n|rated|\n|rule|Species Clause: Limit one of each Pok\u00e9mon\n|rule|Item Clause: Limit one of each item\n|clearpoke\n|poke|p1|Scream Tail, L50|\n|poke|p1|Dragapult, L50, F|\n|poke|p1|Pawmot, L50, F|\n|poke|p1|Dragonite, L50, F|\n|poke|p1|Amoonguss, L50, M|\n|poke|p1|Iron Bundle, L50|\n|poke|p2|Armarouge, L50, F|\n|poke|p2|Indeedee, L50, M|\n|poke|p2|Torkoal, L50, F|\n|poke|p2|Dachsbun, L50, M|\n|poke|p2|Roaring Moon, L50|\n|poke|p2|Amoonguss, L50, F|\n|teampreview|4\n|inactive|Battle timer is ON: inactive players will automatically lose when time's up. (requested by Camilla12)\n|\n|t:|1683251179\n|start\n|switch|p1a: Scream Tail|Scream Tail, L50|100\/100\n|switch|p1b: Dragapult|Dragapult, L50, F|100\/100\n|switch|p2a: Armarouge|Armarouge, L50, F|100\/100\n|switch|p2b: Amoonguss|Amoonguss, L50, F|100\/100\n|turn|1\n|inactive|Camilla12 has 30 seconds left.\n|\n|t:|1683251207\n|move|p1b: Dragapult|Protect|p1b: Dragapult\n|-singleturn|p1b: Dragapult|Protect\n|move|p2b: Amoonguss|Rage Powder|p2b: Amoonguss\n|-singleturn|p2b: Amoonguss|move: Rage Powder\n|move|p1a: Scream Tail|Howl|p1a: Scream Tail|[spread] p1a,p1b\n|-boost|p1a: Scream Tail|atk|1\n|-boost|p1b: Dragapult|atk|1\n|move|p2a: Armarouge|Trick Room|p2a: Armarouge\n|-fieldstart|move: Trick Room|[of] p2a: Armarouge\n|\n|upkeep\n|turn|2\n|\n|t:|1683251228\n|switch|p1b: Amoonguss|Amoonguss, L50, M|100\/100\n|move|p1a: Scream Tail|Protect|p1a: Scream Tail\n|-singleturn|p1a: Scream Tail|Protect\n|move|p2b: Amoonguss|Spore|p1a: Scream Tail\n|-activate|p1a: Scream Tail|move: Protect\n|move|p2a: Armarouge|Expanding Force|p1b: Amoonguss\n|-supereffective|p1b: Amoonguss\n|-damage|p1b: Amoonguss|11\/100\n|-enditem|p1b: Amoonguss|Aguav Berry|[eat]\n|-heal|p1b: Amoonguss|44\/100|[from] item: Aguav Berry\n|-damage|p2a: Armarouge|91\/100|[from] item: Life Orb\n|\n|upkeep\n|turn|3\n|\n|t:|1683251247\n|-terastallize|p1b: Amoonguss|Water\n|move|p2b: Amoonguss|Spore|p1a: Scream Tail\n|-status|p1a: Scream Tail|slp|[from] move: Spore\n|move|p1b: Amoonguss|Spore|p2a: Armarouge\n|-status|p2a: Armarouge|slp|[from] move: Spore\n|cant|p2a: Armarouge|slp\n|cant|p1a: Scream Tail|slp\n|\n|upkeep\n|turn|4\n|\n|t:|1683251271\n|switch|p1b: Pawmot|Pawmot, L50, F|100\/100\n|move|p2b: Amoonguss|Spore|p1b: Pawmot\n|-status|p1b: Pawmot|slp|[from] move: Spore\n|cant|p2a: Armarouge|slp\n|-curestatus|p1a: Scream Tail|slp|[msg]\n|move|p1a: Scream Tail|Wish|p1a: Scream Tail\n|\n|upkeep\n|turn|5\n|inactive|Camilla12 has 30 seconds left.\n|\n|t:|1683251303\n|move|p2b: Amoonguss|Spore|p1a: Scream Tail\n|-status|p1a: Scream Tail|slp|[from] move: Spore\n|-curestatus|p2a: Armarouge|slp|[msg]\n|move|p2a: Armarouge|Expanding Force|p1b: Pawmot\n|-supereffective|p1b: Pawmot\n|-enditem|p1b: Pawmot|Focus Sash\n|-damage|p1b: Pawmot|1\/100 slp\n|-damage|p2a: Armarouge|81\/100|[from] item: Life Orb\n|cant|p1a: Scream Tail|slp\n|cant|p1b: Pawmot|slp\n|\n|-fieldend|move: Trick Room\n|upkeep\n|turn|6\n|\n|t:|1683251325\n|cant|p1b: Pawmot|slp\n|cant|p1a: Scream Tail|slp\n|move|p2b: Amoonguss|Pollen Puff|p1b: Pawmot\n|-resisted|p1b: Pawmot\n|-damage|p1b: Pawmot|0 fnt\n|faint|p1b: Pawmot\n|move|p2a: Armarouge|Trick Room|p2a: Armarouge\n|-fieldstart|move: Trick Room|[of] p2a: Armarouge\n|\n|upkeep\n|\n|t:|1683251328\n|switch|p1b: Dragapult|Dragapult, L50, F|100\/100\n|turn|7\n|\n|t:|1683251340\n|move|p1b: Dragapult|Protect|p1b: Dragapult\n|-singleturn|p1b: Dragapult|Protect\n|move|p2b: Amoonguss|Pollen Puff|p1a: Scream Tail\n|-damage|p1a: Scream Tail|88\/100 slp\n|move|p2a: Armarouge|Expanding Force|p1b: Dragapult\n|-activate|p1b: Dragapult|move: Protect\n|-curestatus|p1a: Scream Tail|slp|[msg]\n|move|p1a: Scream Tail|Play Rough|p2a: Armarouge\n|-resisted|p2a: Armarouge\n|-damage|p2a: Armarouge|59\/100\n|\n|-heal|p1a: Scream Tail|94\/100|[from] item: Leftovers\n|upkeep\n|turn|8\n|\n|t:|1683251352\n|switch|p2b: Dachsbun|Dachsbun, L50, M|100\/100\n|move|p1a: Scream Tail|Protect|p1a: Scream Tail\n|-singleturn|p1a: Scream Tail|Protect\n|move|p2a: Armarouge|Lava Plume|p1a: Scream Tail|[spread] p1b\n|-activate|p1a: Scream Tail|move: Protect\n|-ability|p2b: Dachsbun|Well-Baked Body|boost\n|-boost|p2b: Dachsbun|def|2\n|-resisted|p1b: Dragapult\n|-damage|p1b: Dragapult|69\/100\n|-damage|p2a: Armarouge|49\/100|[from] item: Life Orb\n|move|p1b: Dragapult|Dragon Darts|p2a: Armarouge\n|-damage|p2a: Armarouge|21\/100\n|-anim|p1b: Dragapult|Dragon Darts|p2a: Armarouge\n|-damage|p2a: Armarouge|0 fnt\n|faint|p2a: Armarouge\n|-damage|p1b: Dragapult|59\/100|[from] item: Life Orb\n|\n|-heal|p1a: Scream Tail|99\/100|[from] item: Leftovers\n|upkeep\n|\n|t:|1683251370\n|switch|p2a: Torkoal|Torkoal, L50, F|100\/100\n|-weather|SunnyDay|[from] ability: Drought|[of] p2a: Torkoal\n|-activate|p1a: Scream Tail|ability: Protosynthesis\n|-start|p1a: Scream Tail|protosynthesisatk\n|turn|9\n|\n|t:|1683251381\n|move|p1b: Dragapult|Protect|p1b: Dragapult\n|-singleturn|p1b: Dragapult|Protect\n|move|p2a: Torkoal|Eruption|p1b: Dragapult|[spread] p1a\n|-activate|p1b: Dragapult|move: Protect\n|-damage|p1a: Scream Tail|51\/100\n|move|p2b: Dachsbun|Snarl|p1b: Dragapult|[spread] p1a\n|-activate|p1b: Dragapult|move: Protect\n|-damage|p1a: Scream Tail|47\/100\n|-unboost|p1a: Scream Tail|spa|1\n|move|p1a: Scream Tail|Howl|p1a: Scream Tail|[spread] p1a,p1b\n|-boost|p1a: Scream Tail|atk|1\n|-boost|p1b: Dragapult|atk|1\n|\n|-weather|SunnyDay|[upkeep]\n|-heal|p1a: Scream Tail|53\/100|[from] item: Leftovers\n|upkeep\n|turn|10\n|\n|t:|1683251402\n|switch|p1b: Amoonguss|Amoonguss, L50, M, tera:Water|77\/100\n|move|p2a: Torkoal|Eruption|p1b: Amoonguss|[spread] p1a,p1b\n|-resisted|p1b: Amoonguss\n|-damage|p1a: Scream Tail|0 fnt\n|-damage|p1b: Amoonguss|50\/100\n|faint|p1a: Scream Tail\n|-end|p1a: Scream Tail|Protosynthesis|[silent]\n|move|p2b: Dachsbun|Snarl|p1b: Amoonguss\n|-damage|p1b: Amoonguss|43\/100\n|-unboost|p1b: Amoonguss|spa|1\n|\n|-weather|SunnyDay|[upkeep]\n|-fieldend|move: Trick Room\n|upkeep\n|\n|t:|1683251411\n|switch|p1a: Dragapult|Dragapult, L50, F|59\/100\n|turn|11\n|\n|t:|1683251420\n|move|p1a: Dragapult|Phantom Force||[still]\n|-prepare|p1a: Dragapult|Phantom Force\n|move|p2b: Dachsbun|Snarl|p1b: Amoonguss|[spread] p1b\n|-miss|p2b: Dachsbun|p1a: Dragapult\n|-damage|p1b: Amoonguss|39\/100\n|-unboost|p1b: Amoonguss|spa|1\n|move|p1b: Amoonguss|Clear Smog|p2b: Dachsbun\n|-supereffective|p2b: Dachsbun\n|-damage|p2b: Dachsbun|81\/100\n|-clearboost|p2b: Dachsbun\n|move|p2a: Torkoal|Lava Plume|p1b: Amoonguss|[spread] p1b\n|-miss|p2a: Torkoal|p1a: Dragapult\n|-ability|p2b: Dachsbun|Well-Baked Body|boost\n|-boost|p2b: Dachsbun|def|2\n|-resisted|p1b: Amoonguss\n|-damage|p1b: Amoonguss|24\/100\n|-status|p1b: Amoonguss|brn\n|\n|-weather|SunnyDay|[upkeep]\n|-heal|p2b: Dachsbun|87\/100|[from] item: Leftovers\n|-damage|p1b: Amoonguss|19\/100 brn|[from] brn\n|upkeep\n|turn|12\n|inactive|Steakman5 has 30 seconds left.\n|\n|t:|1683251446\n|move|p2b: Dachsbun|Protect|p2b: Dachsbun\n|-singleturn|p2b: Dachsbun|Protect\n|move|p2a: Torkoal|Protect|p2a: Torkoal\n|-singleturn|p2a: Torkoal|Protect\n|move|p1b: Amoonguss|Rage Powder|p1b: Amoonguss\n|-singleturn|p1b: Amoonguss|move: Rage Powder\n|move|p1a: Dragapult|Phantom Force|p2a: Torkoal|[from]lockedmove\n|-activate|p2a: Torkoal|move: Phantom Force|[broken]\n|-damage|p2a: Torkoal|55\/100\n|-damage|p1a: Dragapult|50\/100|[from] item: Life Orb\n|\n|-weather|SunnyDay|[upkeep]\n|-heal|p2b: Dachsbun|93\/100|[from] item: Leftovers\n|-damage|p1b: Amoonguss|13\/100 brn|[from] brn\n|upkeep\n|turn|13\n|\n|t:|1683251464\n|move|p1a: Dragapult|Phantom Force||[still]\n|-prepare|p1a: Dragapult|Phantom Force\n|move|p2b: Dachsbun|Substitute|p2b: Dachsbun\n|-start|p2b: Dachsbun|Substitute\n|-damage|p2b: Dachsbun|68\/100\n|move|p1b: Amoonguss|Clear Smog|p2b: Dachsbun\n|-supereffective|p2b: Dachsbun\n|-activate|p2b: Dachsbun|move: Substitute|[damage]\n|move|p2a: Torkoal|Lava Plume|p1a: Dragapult|[spread] p1b\n|-miss|p2a: Torkoal|p1a: Dragapult\n|-ability|p2b: Dachsbun|Well-Baked Body|boost\n|-boost|p2b: Dachsbun|def|2\n|-resisted|p1b: Amoonguss\n|-damage|p1b: Amoonguss|0 fnt\n|faint|p1b: Amoonguss\n|\n|-weather|none\n|-heal|p2b: Dachsbun|74\/100|[from] item: Leftovers\n|upkeep\n|turn|14\n|\n|t:|1683251489\n|-terastallize|p2a: Torkoal|Ground\n|move|p1a: Dragapult|Phantom Force|p2a: Torkoal|[from]lockedmove\n|-damage|p2a: Torkoal|5\/100\n|-damage|p1a: Dragapult|40\/100|[from] item: Life Orb\n|move|p2b: Dachsbun|Snarl|p1a: Dragapult\n|-supereffective|p1a: Dragapult\n|-damage|p1a: Dragapult|19\/100\n|move|p2a: Torkoal|Earth Power|p1a: Dragapult\n|-damage|p1a: Dragapult|0 fnt\n|faint|p1a: Dragapult\n|\n|win|Camilla12\n|raw|Steakman5's rating: 1098 → 1073<\/strong> (-25 for losing)\n|raw|Camilla12's rating: 1090 → 1117<\/strong> (+27 for winning)\n|l|\u2606Steakman5\n","uploadtime":1683251507,"views":11,"p1id":"steakman5","p2id":"camilla12","formatid":"gen9vgc2023regulationc","rating":1073,"private":0,"password":""}