{"id":"gen9vgc2023regulationc-1853230518","p1":"blackbarbies","p2":"Gym Leader Power","format":"[Gen 9] VGC 2023 Regulation C","log":"|j|\u2606blackbarbies\n|j|\u2606Gym Leader Power\n|t:|1682651866\n|gametype|doubles\n|player|p1|blackbarbies|102|1167\n|player|p2|Gym Leader Power|1|1048\n|teamsize|p1|6\n|teamsize|p2|6\n|gen|9\n|tier|[Gen 9] VGC 2023 Regulation C\n|rated|\n|rule|Species Clause: Limit one of each Pok\u00e9mon\n|rule|Item Clause: Limit one of each item\n|clearpoke\n|poke|p1|Tinkaton, L50, F|\n|poke|p1|Tsareena, L50, F|\n|poke|p1|Wo-Chien, L50|\n|poke|p1|Iron Bundle, L50|\n|poke|p1|Flutter Mane, L50|\n|poke|p1|Espathra, L50, F|\n|poke|p2|Palafin, L50, F|\n|poke|p2|Arcanine, L50, M|\n|poke|p2|Flutter Mane, L50|\n|poke|p2|Amoonguss, L50, M|\n|poke|p2|Chi-Yu, L50|\n|poke|p2|Iron Hands, L50|\n|teampreview|4\n|inactive|Battle timer is ON: inactive players will automatically lose when time's up. (requested by Gym Leader Power)\nGym Leader Power has agreed to open team sheets.\n|inactive|blackbarbies has 60 seconds left.\n|inactive|blackbarbies has 30 seconds left.\n|\n|t:|1682651945\n|start\n|switch|p1a: Tinkaton|Tinkaton, L50, F|100\/100\n|switch|p1b: Tsareena|Tsareena, L50, F, shiny|100\/100\n|switch|p2a: Arcanine|Arcanine, L50, M|100\/100\n|switch|p2b: Amoonguss|Amoonguss, L50, M|100\/100\n|-ability|p2a: Arcanine|Intimidate|boost\n|-fail|p1a: Tinkaton|unboost|Attack|[from] ability: Own Tempo|[of] p1a: Tinkaton\n|-unboost|p1b: Tsareena|atk|1\n|turn|1\n|inactive|blackbarbies has 30 seconds left.\n|inactive|blackbarbies has 20 seconds left.\n|inactive|blackbarbies has 15 seconds left.\n|inactive|blackbarbies has 10 seconds left.\n|inactive|blackbarbies has 5 seconds left.\n|\n|t:|1682652000\n|move|p2b: Amoonguss|Rage Powder|p2b: Amoonguss\n|-singleturn|p2b: Amoonguss|move: Rage Powder\n|move|p2a: Arcanine|Will-O-Wisp|p1a: Tinkaton\n|-status|p1a: Tinkaton|brn\n|move|p1b: Tsareena|Power Whip|p2a: Arcanine\n|-resisted|p2a: Arcanine\n|-damage|p2a: Arcanine|79\/100\n|move|p1a: Tinkaton|Gigaton Hammer|p2b: Amoonguss\n|-damage|p2b: Amoonguss|66\/100\n|\n|-heal|p2b: Amoonguss|72\/100|[from] item: Leftovers\n|-damage|p1a: Tinkaton|94\/100 brn|[from] brn\n|upkeep\n|turn|2\n|inactive|blackbarbies has 30 seconds left.\n|\n|t:|1682652032\n|move|p2b: Amoonguss|Rage Powder|p2b: Amoonguss\n|-singleturn|p2b: Amoonguss|move: Rage Powder\n|move|p2a: Arcanine|Flare Blitz|p1b: Tsareena\n|-supereffective|p1b: Tsareena\n|-damage|p1b: Tsareena|0 fnt\n|faint|p1b: Tsareena\n|-damage|p2a: Arcanine|51\/100|[from] Recoil\n|move|p1a: Tinkaton|Knock Off|p2b: Amoonguss\n|-damage|p2b: Amoonguss|58\/100\n|-enditem|p2b: Amoonguss|Leftovers|[from] move: Knock Off|[of] p1a: Tinkaton\n|\n|-damage|p1a: Tinkaton|88\/100 brn|[from] brn\n|upkeep\n|\n|t:|1682652044\n|switch|p1b: Iron Bundle|Iron Bundle, L50, shiny|100\/100\n|-enditem|p1b: Iron Bundle|Booster Energy\n|-activate|p1b: Iron Bundle|ability: Quark Drive|[fromitem]\n|-start|p1b: Iron Bundle|quarkdrivespe\n|turn|3\n|inactive|blackbarbies has 30 seconds left.\n|\n|t:|1682652070\n|switch|p2b: Palafin|Palafin, L50, F|100\/100\n|-terastallize|p1a: Tinkaton|Water\n|move|p2a: Arcanine|Protect|p2a: Arcanine\n|-singleturn|p2a: Arcanine|Protect\n|move|p1b: Iron Bundle|Freeze-Dry|p2b: Palafin\n|-supereffective|p2b: Palafin\n|-damage|p2b: Palafin|0 fnt\n|faint|p2b: Palafin\n|move|p1a: Tinkaton|Gigaton Hammer|p2a: Arcanine\n|-activate|p2a: Arcanine|move: Protect\n|\n|-damage|p1a: Tinkaton|82\/100 brn|[from] brn\n|upkeep\n|\n|t:|1682652085\n|switch|p2b: Flutter Mane|Flutter Mane, L50|100\/100\n|turn|4\n|inactive|blackbarbies has 30 seconds left.\n|inactive|blackbarbies has 20 seconds left.\n|\n|t:|1682652120\n|-terastallize|p2b: Flutter Mane|Fairy\n|move|p1b: Iron Bundle|Icy Wind|p2b: Flutter Mane|[spread] p2a,p2b\n|-resisted|p2a: Arcanine\n|-damage|p2a: Arcanine|42\/100\n|-damage|p2b: Flutter Mane|78\/100\n|-unboost|p2a: Arcanine|spe|1\n|-unboost|p2b: Flutter Mane|spe|1\n|-enditem|p2a: Arcanine|Sitrus Berry|[eat]\n|-heal|p2a: Arcanine|66\/100|[from] item: Sitrus Berry\n|move|p2b: Flutter Mane|Dazzling Gleam|p1b: Iron Bundle|[spread] p1a,p1b\n|-damage|p1a: Tinkaton|56\/100 brn\n|-damage|p1b: Iron Bundle|16\/100\n|move|p1a: Tinkaton|Knock Off|p2b: Flutter Mane\n|-resisted|p2b: Flutter Mane\n|-damage|p2b: Flutter Mane|65\/100\n|-enditem|p2b: Flutter Mane|Focus Sash|[from] move: Knock Off|[of] p1a: Tinkaton\n|move|p2a: Arcanine|Flare Blitz|p1b: Iron Bundle\n|-damage|p1b: Iron Bundle|0 fnt\n|faint|p1b: Iron Bundle\n|-end|p1b: Iron Bundle|Quark Drive|[silent]\n|-damage|p2a: Arcanine|63\/100|[from] Recoil\n|\n|-damage|p1a: Tinkaton|49\/100 brn|[from] brn\n|upkeep\n|\n|t:|1682652140\n|switch|p1b: Flutter Mane|Flutter Mane, L50|100\/100\n|turn|5\n|inactive|blackbarbies has 30 seconds left.\n|\n|t:|1682652169\n|-end|p2b: Flutter Mane|Protosynthesis|[silent]\n|switch|p2b: Amoonguss|Amoonguss, L50, M|91\/100\n|move|p2a: Arcanine|Protect|p2a: Arcanine\n|-singleturn|p2a: Arcanine|Protect\n|move|p1b: Flutter Mane|Shadow Ball|p2b: Amoonguss\n|-damage|p2b: Amoonguss|28\/100\n|move|p1a: Tinkaton|Tera Blast|p2a: Arcanine\n|-activate|p2a: Arcanine|move: Protect\n|\n|-damage|p1a: Tinkaton|43\/100 brn|[from] brn\n|upkeep\n|turn|6\n|inactive|Gym Leader Power has 30 seconds left.\n|\n|t:|1682652201\n|move|p2b: Amoonguss|Rage Powder|p2b: Amoonguss\n|-singleturn|p2b: Amoonguss|move: Rage Powder\n|move|p1b: Flutter Mane|Shadow Ball|p2b: Amoonguss\n|-damage|p2b: Amoonguss|0 fnt\n|faint|p2b: Amoonguss\n|move|p1a: Tinkaton|Gigaton Hammer|p2a: Arcanine\n|-resisted|p2a: Arcanine\n|-damage|p2a: Arcanine|48\/100\n|move|p2a: Arcanine|Flare Blitz|p1b: Flutter Mane\n|-damage|p1b: Flutter Mane|0 fnt\n|faint|p1b: Flutter Mane\n|-end|p1b: Flutter Mane|Protosynthesis|[silent]\n|-damage|p2a: Arcanine|26\/100|[from] Recoil\n|\n|-damage|p1a: Tinkaton|37\/100 brn|[from] brn\n|upkeep\n|\n|t:|1682652212\n|switch|p2b: Flutter Mane|Flutter Mane, L50, tera:Fairy|65\/100\n|turn|7\n|\n|t:|1682652219\n|move|p2b: Flutter Mane|Shadow Ball|p1a: Tinkaton\n|-damage|p1a: Tinkaton|9\/100 brn\n|move|p1a: Tinkaton|Tera Blast|p2a: Arcanine\n|-supereffective|p2a: Arcanine\n|-damage|p2a: Arcanine|0 fnt\n|faint|p2a: Arcanine\n|\n|-damage|p1a: Tinkaton|3\/100 brn|[from] brn\n|upkeep\n|turn|8\n|\n|t:|1682652229\n|move|p2b: Flutter Mane|Shadow Ball|p1a: Tinkaton\n|-damage|p1a: Tinkaton|0 fnt\n|faint|p1a: Tinkaton\n|\n|win|Gym Leader Power\n|raw|blackbarbies's rating: 1167 → 1134<\/strong> (-33 for losing)\n|raw|Gym Leader Power's rating: 1048 → 1092<\/strong> (+44 for winning)\n|l|\u2606blackbarbies\n","uploadtime":1682652233,"views":5,"p1id":"blackbarbies","p2id":"gymleaderpower","formatid":"gen9vgc2023regulationc","rating":1092,"private":0,"password":""}