{"id":"gen9vgc2023regulationc-1845972210","p1":"DarkFlame2013","p2":"bruhhhh2023","format":"[Gen 9] VGC 2023 Regulation C","log":"|j|\u2606DarkFlame2013\n|j|\u2606bruhhhh2023\n|t:|1681785668\n|gametype|doubles\n|player|p1|DarkFlame2013|battlegirl-gen4|1050\n|player|p2|bruhhhh2023|102|1028\n|teamsize|p1|6\n|teamsize|p2|6\n|gen|9\n|tier|[Gen 9] VGC 2023 Regulation C\n|rated|\n|rule|Species Clause: Limit one of each Pok\u00e9mon\n|rule|Item Clause: Limit one of each item\n|clearpoke\n|poke|p1|Bronzong, L50|\n|poke|p1|Indeedee-F, L50, F|\n|poke|p1|Wo-Chien, L50|\n|poke|p1|Armarouge, L50, M|\n|poke|p1|Annihilape, L50, F|\n|poke|p1|Torkoal, L50, M|\n|poke|p2|Ceruledge, L50, F|\n|poke|p2|Espathra, L50, F|\n|poke|p2|Volcarona, L50, F|\n|poke|p2|Sandy Shocks, L50|\n|poke|p2|Indeedee-F, L50, F|\n|poke|p2|Salamence, L50, F|\n|teampreview|4\n|inactive|Battle timer is ON: inactive players will automatically lose when time's up. (requested by DarkFlame2013)\n|inactive|DarkFlame2013 has 60 seconds left.\n|inactive|bruhhhh2023 has 60 seconds left.\n|inactive|bruhhhh2023 has 30 seconds left.\n|\n|t:|1681785733\n|start\n|switch|p1a: Bronzong|Bronzong, L50, shiny|100\/100\n|switch|p1b: Indeedee|Indeedee-F, L50, F, shiny|100\/100\n|switch|p2a: Indeedee|Indeedee-F, L50, F|100\/100\n|switch|p2b: Volcarona|Volcarona, L50, F|100\/100\n|-fieldstart|move: Psychic Terrain|[from] ability: Psychic Surge|[of] p1b: Indeedee\n|-enditem|p1b: Indeedee|Psychic Seed\n|-boost|p1b: Indeedee|spd|1|[from] item: Psychic Seed\n|turn|1\n|\n|t:|1681785756\n|move|p2a: Indeedee|Fake Out|p1b: Indeedee\n|-activate|p1b: Indeedee|move: Psychic Terrain\n|move|p1b: Indeedee|Follow Me|p1b: Indeedee\n|-singleturn|p1b: Indeedee|move: Follow Me\n|move|p2b: Volcarona|Fiery Dance|p1b: Indeedee\n|-damage|p1b: Indeedee|82\/100\n|move|p1a: Bronzong|Trick Room|p1a: Bronzong\n|-fieldstart|move: Trick Room|[of] p1a: Bronzong\n|\n|upkeep\n|turn|2\n|inactive|DarkFlame2013 has 30 seconds left.\n|\n|t:|1681785783\n|switch|p2a: Ceruledge|Ceruledge, L50, F|100\/100\n|move|p1a: Bronzong|Earthquake|p2b: Volcarona|[spread] p1b,p2a,p2b\n|-supereffective|p2a: Ceruledge\n|-damage|p1b: Indeedee|52\/100\n|-damage|p2a: Ceruledge|59\/100\n|-damage|p2b: Volcarona|76\/100\n|move|p1b: Indeedee|Dazzling Gleam|p2a: Ceruledge|[spread] p2a,p2b\n|-resisted|p2a: Ceruledge\n|-resisted|p2b: Volcarona\n|-damage|p2a: Ceruledge|54\/100\n|-damage|p2b: Volcarona|70\/100\n|move|p2b: Volcarona|Fiery Dance|p1a: Bronzong\n|-supereffective|p1a: Bronzong\n|-damage|p1a: Bronzong|36\/100\n|-boost|p2b: Volcarona|spa|1\n|\n|-heal|p2b: Volcarona|76\/100|[from] item: Leftovers\n|upkeep\n|turn|3\n|inactive|DarkFlame2013 has 30 seconds left.\n|\n|t:|1681785813\n|move|p1b: Indeedee|Follow Me|p1b: Indeedee\n|-singleturn|p1b: Indeedee|move: Follow Me\n|move|p1a: Bronzong|Earthquake|p2b: Volcarona|[spread] p1b,p2a,p2b\n|-supereffective|p2a: Ceruledge\n|-damage|p1b: Indeedee|23\/100\n|-damage|p2a: Ceruledge|18\/100\n|-damage|p2b: Volcarona|52\/100\n|move|p2a: Ceruledge|Bitter Blade|p1b: Indeedee\n|-damage|p1b: Indeedee|0 fnt\n|-heal|p2a: Ceruledge|29\/100|[from] drain|[of] p1b: Indeedee\n|faint|p1b: Indeedee\n|move|p2b: Volcarona|Leech Life|p1a: Bronzong\n|-damage|p1a: Bronzong|20\/100\n|-heal|p2b: Volcarona|58\/100|[from] drain|[of] p1a: Bronzong\n|\n|-heal|p2b: Volcarona|64\/100|[from] item: Leftovers\n|upkeep\n|\n|t:|1681785829\n|switch|p1b: Armarouge|Armarouge, L50, M, shiny|100\/100\n|turn|4\n|inactive|DarkFlame2013 has 30 seconds left.\n|inactive|bruhhhh2023 has 30 seconds left.\n|\n|t:|1681785866\n|-terastallize|p2b: Volcarona|Water\n|move|p1a: Bronzong|Gyro Ball|p2b: Volcarona\n|-resisted|p2b: Volcarona\n|-damage|p2b: Volcarona|32\/100\n|-status|p1a: Bronzong|brn|[from] ability: Flame Body|[of] p2b: Volcarona\n|move|p1b: Armarouge|Expanding Force|p2b: Volcarona|[spread] p2a,p2b\n|-damage|p2a: Ceruledge|0 fnt\n|-damage|p2b: Volcarona|0 fnt\n|faint|p2a: Ceruledge\n|faint|p2b: Volcarona\n|\n|-damage|p1a: Bronzong|15\/100 brn|[from] brn\n|upkeep\n|\n|t:|1681785878\n|switch|p2a: Sandy Shocks|Sandy Shocks, L50|100\/100\n|switch|p2b: Indeedee|Indeedee-F, L50, F|100\/100\n|-enditem|p2a: Sandy Shocks|Booster Energy\n|-activate|p2a: Sandy Shocks|ability: Protosynthesis|[fromitem]\n|-start|p2a: Sandy Shocks|protosynthesisspe\n|turn|5\n|inactive|DarkFlame2013 has 30 seconds left.\n|\n|t:|1681785904\n|move|p2b: Indeedee|Protect|p2b: Indeedee\n|-singleturn|p2b: Indeedee|Protect\n|move|p2a: Sandy Shocks|Protect|p2a: Sandy Shocks\n|-singleturn|p2a: Sandy Shocks|Protect\n|move|p1a: Bronzong|Gyro Ball|p2a: Sandy Shocks\n|-activate|p2a: Sandy Shocks|move: Protect\n|move|p1b: Armarouge|Expanding Force|p2b: Indeedee|[spread] \n|-activate|p2a: Sandy Shocks|move: Protect\n|-activate|p2b: Indeedee|move: Protect\n|\n|-damage|p1a: Bronzong|9\/100 brn|[from] brn\n|-fieldend|move: Trick Room\n|-fieldend|move: Psychic Terrain\n|upkeep\n|turn|6\n|inactive|bruhhhh2023 has 30 seconds left.\n|\n|t:|1681785934\n|move|p2a: Sandy Shocks|Earth Power|p1b: Armarouge\n|-supereffective|p1b: Armarouge\n|-damage|p1b: Armarouge|2\/100\n|move|p2b: Indeedee|Hyper Voice|p1a: Bronzong|[spread] p1a,p1b\n|-resisted|p1a: Bronzong\n|-damage|p1a: Bronzong|0 fnt\n|-damage|p1b: Armarouge|0 fnt\n|faint|p1a: Bronzong\n|faint|p1b: Armarouge\n|\n|upkeep\n|\n|t:|1681785937\n|switch|p1b: Annihilape|Annihilape, L50, F, shiny|100\/100\n|turn|7\n|\n|t:|1681785960\n|move|p2b: Indeedee|Follow Me|p2b: Indeedee\n|-singleturn|p2b: Indeedee|move: Follow Me\n|move|p2a: Sandy Shocks|Earth Power|p1b: Annihilape\n|-damage|p1b: Annihilape|74\/100\n|move|p1b: Annihilape|Drain Punch|p2b: Indeedee\n|-damage|p2b: Indeedee|53\/100\n|-heal|p1b: Annihilape|94\/100|[from] drain|[of] p2b: Indeedee\n|\n|upkeep\n|turn|8\n|\n|t:|1681785981\n|move|p2b: Indeedee|Protect|p2b: Indeedee\n|-singleturn|p2b: Indeedee|Protect\n|move|p2a: Sandy Shocks|Earth Power|p1b: Annihilape\n|-damage|p1b: Annihilape|69\/100\n|move|p1b: Annihilape|Drain Punch|p2b: Indeedee\n|-activate|p2b: Indeedee|move: Protect\n|\n|upkeep\n|turn|9\n|\n|t:|1681785994\n|move|p2b: Indeedee|Follow Me|p2b: Indeedee\n|-singleturn|p2b: Indeedee|move: Follow Me\n|move|p2a: Sandy Shocks|Earth Power|p1b: Annihilape\n|-damage|p1b: Annihilape|42\/100\n|move|p1b: Annihilape|Drain Punch|p2b: Indeedee\n|-damage|p2b: Indeedee|0 fnt\n|-heal|p1b: Annihilape|64\/100|[from] drain|[of] p2b: Indeedee\n|faint|p2b: Indeedee\n|\n|upkeep\n|turn|10\n|\n|t:|1681786006\n|move|p2a: Sandy Shocks|Earth Power|p1b: Annihilape\n|-damage|p1b: Annihilape|39\/100\n|move|p1b: Annihilape|Rage Fist|p2a: Sandy Shocks\n|-damage|p2a: Sandy Shocks|0 fnt\n|faint|p2a: Sandy Shocks\n|-end|p2a: Sandy Shocks|Protosynthesis|[silent]\n|\n|win|DarkFlame2013\n|raw|DarkFlame2013's rating: 1050 → 1080<\/strong> (+30 for winning)\n|raw|bruhhhh2023's rating: 1028 → 1015<\/strong> (-13 for losing)\n|l|\u2606bruhhhh2023\n|c|\u2606DarkFlame2013|Gg\n","uploadtime":1681786098,"views":9,"p1id":"darkflame2013","p2id":"bruhhhh2023","formatid":"gen9vgc2023regulationc","rating":1015,"private":0,"password":""}