{"id":"gen9vgc2023regulationc-1852144142","p1":"SasukeJohnson","p2":"chepe2001","format":"[Gen 9] VGC 2023 Regulation C","log":"|j|\u2606SasukeJohnson\n|j|\u2606chepe2001\n|t:|1682527758\n|gametype|doubles\n|player|p1|SasukeJohnson|169|1187\n|player|p2|chepe2001|striker|1100\n|teamsize|p1|6\n|teamsize|p2|6\n|gen|9\n|tier|[Gen 9] VGC 2023 Regulation C\n|rated|\n|rule|Species Clause: Limit one of each Pok\u00e9mon\n|rule|Item Clause: Limit one of each item\n|clearpoke\n|poke|p1|Dondozo, L50, M|\n|poke|p1|Tatsugiri-Stretchy, L50, M|\n|poke|p1|Baxcalibur, L50, F|\n|poke|p1|Ting-Lu, L50|\n|poke|p1|Flutter Mane, L50|\n|poke|p1|Pawmot, L50, M|\n|poke|p2|Mimikyu, L50, F|\n|poke|p2|Chi-Yu, L50|\n|poke|p2|Iron Bundle, L50|\n|poke|p2|Palafin, L50, F|\n|poke|p2|Amoonguss, L50, M|\n|poke|p2|Gothitelle, L50, F|\n|teampreview|4\n|\n|t:|1682527786\n|start\n|switch|p1a: Dondozo|Dondozo, L50, M|100\/100\n|switch|p1b: Tatsugiri|Tatsugiri-Stretchy, L50, M, shiny|100\/100\n|switch|p2a: Amoonguss|Amoonguss, L50, M|100\/100\n|switch|p2b: Mimikyu|Mimikyu, L50, F|100\/100\n|-activate|p1b: Tatsugiri|ability: Commander|[of] p1a: Dondozo\n|-boost|p1a: Dondozo|atk|2\n|-boost|p1a: Dondozo|spa|2\n|-boost|p1a: Dondozo|spe|2\n|-boost|p1a: Dondozo|def|2\n|-boost|p1a: Dondozo|spd|2\n|turn|1\n|inactive|Battle timer is ON: inactive players will automatically lose when time's up. (requested by chepe2001)\n|\n|t:|1682527797\n|-terastallize|p1a: Dondozo|Grass\n|move|p1a: Dondozo|Earthquake|p2a: Amoonguss|[spread] p2a,p2b\n|-miss|p1a: Dondozo|p1b: Tatsugiri\n|-damage|p2a: Amoonguss|62\/100\n|-activate|p2b: Mimikyu|ability: Disguise\n|-damage|p2b: Mimikyu|100\/100\n|detailschange|p2b: Mimikyu|Mimikyu-Busted, L50, F\n|-damage|p2b: Mimikyu|88\/100|[from] pokemon: Mimikyu-Busted\n|move|p2b: Mimikyu|Swords Dance|p2b: Mimikyu\n|-boost|p2b: Mimikyu|atk|2\n|move|p2a: Amoonguss|Spore|p1a: Dondozo\n|-immune|p1a: Dondozo\n|\n|-heal|p2a: Amoonguss|68\/100|[from] item: Black Sludge\n|upkeep\n|turn|2\n|\n|t:|1682527814\n|move|p1a: Dondozo|Earthquake|p2a: Amoonguss|[spread] p2a,p2b\n|-miss|p1a: Dondozo|p1b: Tatsugiri\n|-damage|p2a: Amoonguss|31\/100\n|-damage|p2b: Mimikyu|38\/100\n|move|p2b: Mimikyu|Swords Dance|p2b: Mimikyu\n|-boost|p2b: Mimikyu|atk|2\n|move|p2a: Amoonguss|Pollen Puff|p2b: Mimikyu\n|-heal|p2b: Mimikyu|88\/100\n|\n|-heal|p2a: Amoonguss|37\/100|[from] item: Black Sludge\n|upkeep\n|turn|3\n|\n|t:|1682527827\n|move|p2a: Amoonguss|Protect|p2a: Amoonguss\n|-singleturn|p2a: Amoonguss|Protect\n|move|p1a: Dondozo|Earthquake|p2b: Mimikyu|[spread] p2b\n|-miss|p1a: Dondozo|p1b: Tatsugiri\n|-activate|p2a: Amoonguss|move: Protect\n|-damage|p2b: Mimikyu|29\/100\n|move|p2b: Mimikyu|Play Rough|p1a: Dondozo\n|-damage|p1a: Dondozo|62\/100\n|\n|-heal|p1a: Dondozo|68\/100|[from] item: Leftovers\n|-heal|p2a: Amoonguss|43\/100|[from] item: Black Sludge\n|upkeep\n|turn|4\n|\n|t:|1682527845\n|switch|p2b: Palafin|Palafin, L50, F|100\/100\n|switch|p2a: Iron Bundle|Iron Bundle, L50|100\/100\n|-enditem|p2a: Iron Bundle|Booster Energy\n|-activate|p2a: Iron Bundle|ability: Quark Drive|[fromitem]\n|-start|p2a: Iron Bundle|quarkdrivespe\n|move|p1a: Dondozo|Earthquake|p2b: Palafin|[spread] p2a,p2b\n|-miss|p1a: Dondozo|p1b: Tatsugiri\n|-damage|p2a: Iron Bundle|51\/100\n|-damage|p2b: Palafin|42\/100\n|-enditem|p2b: Palafin|Eject Button\n|\n|t:|1682527848\n|detailschange|p2b: Palafin|Palafin-Hero, L50, F\n|switch|p2b: Mimikyu|Mimikyu-Busted, L50, F|29\/100\n|\n|-heal|p1a: Dondozo|74\/100|[from] item: Leftovers\n|upkeep\n|turn|5\n|\n|t:|1682527855\n|move|p2b: Mimikyu|Protect|p2b: Mimikyu\n|-singleturn|p2b: Mimikyu|Protect\n|move|p2a: Iron Bundle|Freeze-Dry|p1a: Dondozo\n|-supereffective|p1a: Dondozo\n|-damage|p1a: Dondozo|41\/100\n|move|p1a: Dondozo|Order Up|p2a: Iron Bundle\n|-damage|p2a: Iron Bundle|0 fnt\n|faint|p2a: Iron Bundle\n|-end|p2a: Iron Bundle|Quark Drive|[silent]\n|-boost|p1a: Dondozo|spe|1\n|\n|-heal|p1a: Dondozo|47\/100|[from] item: Leftovers\n|upkeep\n|\n|t:|1682527864\n|switch|p2a: Amoonguss|Amoonguss, L50, M|76\/100\n|turn|6\n|\n|t:|1682527883\n|move|p2b: Mimikyu|Shadow Sneak|p1a: Dondozo\n|-damage|p1a: Dondozo|42\/100\n|move|p1a: Dondozo|Earthquake|p2a: Amoonguss|[spread] p2a,p2b\n|-miss|p1a: Dondozo|p1b: Tatsugiri\n|-damage|p2a: Amoonguss|41\/100\n|-damage|p2b: Mimikyu|0 fnt\n|faint|p2b: Mimikyu\n|move|p2a: Amoonguss|Pollen Puff|p1a: Dondozo\n|-supereffective|p1a: Dondozo\n|-damage|p1a: Dondozo|24\/100\n|\n|-heal|p1a: Dondozo|30\/100|[from] item: Leftovers\n|-heal|p2a: Amoonguss|47\/100|[from] item: Black Sludge\n|upkeep\n|\n|t:|1682527885\n|switch|p2b: Palafin|Palafin-Hero, L50, F|42\/100\n|-activate|p2b: Palafin|ability: Zero to Hero\n|turn|7\n|\n|t:|1682527905\n|move|p1a: Dondozo|Earthquake|p2b: Palafin|[spread] p2a,p2b\n|-miss|p1a: Dondozo|p1b: Tatsugiri\n|-damage|p2a: Amoonguss|13\/100\n|-damage|p2b: Palafin|0 fnt\n|faint|p2b: Palafin\n|move|p2a: Amoonguss|Pollen Puff|p1a: Dondozo\n|-supereffective|p1a: Dondozo\n|-damage|p1a: Dondozo|14\/100\n|\n|-heal|p1a: Dondozo|20\/100|[from] item: Leftovers\n|-heal|p2a: Amoonguss|19\/100|[from] item: Black Sludge\n|upkeep\n|turn|8\n|inactive|chepe2001 has 30 seconds left.\n|inactive|chepe2001 has 20 seconds left.\n|inactive|chepe2001 has 15 seconds left.\n|inactive|chepe2001 has 10 seconds left.\n|inactive|chepe2001 has 5 seconds left.\n|\n|t:|1682527960\n|move|p2a: Amoonguss|Protect|p2a: Amoonguss\n|-singleturn|p2a: Amoonguss|Protect\n|move|p1a: Dondozo|Order Up|p2a: Amoonguss\n|-activate|p2a: Amoonguss|move: Protect\n|\n|-heal|p1a: Dondozo|27\/100|[from] item: Leftovers\n|-heal|p2a: Amoonguss|25\/100|[from] item: Black Sludge\n|upkeep\n|turn|9\n|inactive|chepe2001 has 30 seconds left.\n|inactive|chepe2001 has 20 seconds left.\n|inactive|chepe2001 has 15 seconds left.\n|inactive|chepe2001 has 10 seconds left.\n|inactive|chepe2001 has 5 seconds left.\n|\n|t:|1682528015\n|move|p2a: Amoonguss|Protect|p2a: Amoonguss\n|-singleturn|p2a: Amoonguss|Protect\n|move|p1a: Dondozo|Earthquake|p2a: Amoonguss|[spread] \n|-miss|p1a: Dondozo|p1b: Tatsugiri\n|-activate|p2a: Amoonguss|move: Protect\n|\n|-heal|p1a: Dondozo|33\/100|[from] item: Leftovers\n|-heal|p2a: Amoonguss|31\/100|[from] item: Black Sludge\n|upkeep\n|turn|10\n|inactive|chepe2001 has 30 seconds left.\n|inactive|chepe2001 has 20 seconds left.\n|inactive|chepe2001 has 15 seconds left.\n|inactive|chepe2001 has 10 seconds left.\n|inactive|chepe2001 has 5 seconds left.\n|\n|t:|1682528069\n|move|p2a: Amoonguss|Protect|p2a: Amoonguss\n|-singleturn|p2a: Amoonguss|Protect\n|move|p1a: Dondozo|Earthquake|p2a: Amoonguss|[spread] \n|-miss|p1a: Dondozo|p1b: Tatsugiri\n|-activate|p2a: Amoonguss|move: Protect\n|\n|-heal|p1a: Dondozo|39\/100|[from] item: Leftovers\n|-heal|p2a: Amoonguss|37\/100|[from] item: Black Sludge\n|upkeep\n|turn|11\n|c|\u2606SasukeJohnson|don't worry I have time :)\n|c|\u2606chepe2001|thanks i'm super busy on the side T.T\n|inactive|chepe2001 has 30 seconds left.\n|inactive|chepe2001 has 20 seconds left.\n|inactive|chepe2001 has 15 seconds left.\n|inactive|chepe2001 has 10 seconds left.\n|inactive|chepe2001 has 5 seconds left.\n|\n|t:|1682528124\n|move|p1a: Dondozo|Earthquake|p2a: Amoonguss|[spread] p2a\n|-miss|p1a: Dondozo|p1b: Tatsugiri\n|-damage|p2a: Amoonguss|3\/100\n|move|p2a: Amoonguss|Spore|p1a: Dondozo\n|-immune|p1a: Dondozo\n|\n|-heal|p1a: Dondozo|45\/100|[from] item: Leftovers\n|-heal|p2a: Amoonguss|9\/100|[from] item: Black Sludge\n|upkeep\n|turn|12\n|inactive|chepe2001 has 30 seconds left.\n|inactive|chepe2001 has 20 seconds left.\n|inactive|chepe2001 has 15 seconds left.\n|inactive|chepe2001 has 10 seconds left.\n|inactive|chepe2001 has 5 seconds left.\n|\n|t:|1682528179\n|move|p2a: Amoonguss|Protect|p2a: Amoonguss\n|-singleturn|p2a: Amoonguss|Protect\n|move|p1a: Dondozo|Earthquake|p2a: Amoonguss|[spread] \n|-miss|p1a: Dondozo|p1b: Tatsugiri\n|-activate|p2a: Amoonguss|move: Protect\n|\n|-heal|p1a: Dondozo|51\/100|[from] item: Leftovers\n|-heal|p2a: Amoonguss|15\/100|[from] item: Black Sludge\n|upkeep\n|turn|13\n|inactive|chepe2001 has 30 seconds left.\n|inactive|chepe2001 has 20 seconds left.\n|inactive|chepe2001 has 15 seconds left.\n|inactive|chepe2001 has 10 seconds left.\n|inactive|chepe2001 has 5 seconds left.\n|\n|t:|1682528233\n|move|p2a: Amoonguss|Protect|p2a: Amoonguss\n|-singleturn|p2a: Amoonguss|Protect\n|move|p1a: Dondozo|Earthquake|p2a: Amoonguss|[spread] \n|-miss|p1a: Dondozo|p1b: Tatsugiri\n|-activate|p2a: Amoonguss|move: Protect\n|\n|-heal|p1a: Dondozo|58\/100|[from] item: Leftovers\n|-heal|p2a: Amoonguss|21\/100|[from] item: Black Sludge\n|upkeep\n|turn|14\n|c|\u2606chepe2001|this is so funny XD\n|inactive|chepe2001 has 30 seconds left.\n|inactive|chepe2001 has 20 seconds left.\n|inactive|chepe2001 has 15 seconds left.\n|inactive|chepe2001 has 10 seconds left.\n|inactive|chepe2001 has 5 seconds left.\n|\n|t:|1682528278\n|move|p2a: Amoonguss|Protect||[still]\n|-fail|p2a: Amoonguss\n|move|p1a: Dondozo|Earthquake|p2a: Amoonguss|[spread] p2a\n|-miss|p1a: Dondozo|p1b: Tatsugiri\n|-damage|p2a: Amoonguss|0 fnt\n|faint|p2a: Amoonguss\n|\n|win|SasukeJohnson\n|inactive|chepe2001 has 5 seconds left this turn.\n|raw|SasukeJohnson's rating: 1187 → 1206<\/strong> (+19 for winning)\n|raw|chepe2001's rating: 1100 → 1081<\/strong> (-19 for losing)\n","uploadtime":1682528281,"views":16,"p1id":"sasukejohnson","p2id":"chepe2001","formatid":"gen9vgc2023regulationc","rating":1081,"private":0,"password":""}