{"id":"gen9vgc2023regulationc-1847490704","p1":"Jazz Frost","p2":"TheFranDa","format":"[Gen 9] VGC 2023 Regulation C","log":"|j|\u2606Jazz Frost\n|j|\u2606TheFranDa\n|t:|1681961805\n|gametype|doubles\n|player|p1|Jazz Frost|n|\n|player|p2|TheFranDa|darach-caitlin|\n|teamsize|p1|6\n|teamsize|p2|6\n|gen|9\n|tier|[Gen 9] VGC 2023 Regulation C\n|rule|Species Clause: Limit one of each Pok\u00e9mon\n|rule|Item Clause: Limit one of each item\n|clearpoke\n|poke|p1|Amoonguss, L50, F|\n|poke|p1|Ting-Lu, L50|\n|poke|p1|Iron Hands, L50|\n|poke|p1|Flutter Mane, L50|\n|poke|p1|Gastrodon, L50, M|\n|poke|p1|Ceruledge, L50, M|\n|poke|p2|Garganacl, L50, M|\n|poke|p2|Ting-Lu, L50|\n|poke|p2|Wo-Chien, L50|\n|poke|p2|Grimmsnarl, L50, M|\n|poke|p2|Arcanine, L50, M|\n|poke|p2|Scream Tail, L50|\n|teampreview|4\n|\n|t:|1681961854\n|start\n|switch|p1a: Amogus \u0d9e|Amoonguss, L50, F|100\/100\n|switch|p1b: Ferrochaquetas|Iron Hands, L50|100\/100\n|switch|p2a: Grimmsnarl|Grimmsnarl, L50, M|100\/100\n|switch|p2b: Arcanine|Arcanine, L50, M|100\/100\n|-ability|p2b: Arcanine|Intimidate|boost\n|-unboost|p1a: Amogus \u0d9e|atk|1\n|-unboost|p1b: Ferrochaquetas|atk|1\n|turn|1\n|inactive|Battle timer is ON: inactive players will automatically lose when time's up. (requested by TheFranDa)\n|inactiveoff|Battle timer is now OFF.\n|\n|t:|1681961906\n|-terastallize|p1a: Amogus \u0d9e|Water\n|move|p1b: Ferrochaquetas|Protect|p1b: Ferrochaquetas\n|-singleturn|p1b: Ferrochaquetas|Protect\n|move|p2a: Grimmsnarl|Reflect|p2a: Grimmsnarl\n|-sidestart|p2: TheFranDa|Reflect\n|move|p2b: Arcanine|Will-O-Wisp|p1b: Ferrochaquetas\n|-activate|p1b: Ferrochaquetas|move: Protect\n|move|p1a: Amogus \u0d9e|Spore|p2a: Grimmsnarl\n|-status|p2a: Grimmsnarl|slp|[from] move: Spore\n|\n|upkeep\n|turn|2\n|j| jick mo\n|c| jick mo|Uy llego tarde\n|\n|t:|1681961923\n|cant|p2a: Grimmsnarl|slp\n|move|p2b: Arcanine|Will-O-Wisp|p1b: Ferrochaquetas\n|-status|p1b: Ferrochaquetas|brn\n|move|p1b: Ferrochaquetas|Belly Drum|p1b: Ferrochaquetas\n|-damage|p1b: Ferrochaquetas|50\/100 brn\n|-setboost|p1b: Ferrochaquetas|atk|6|[from] move: Belly Drum\n|move|p1a: Amogus \u0d9e|Spore|p2b: Arcanine\n|-activate|p2b: Arcanine|item: Safety Goggles|Spore\n|\n|-damage|p1b: Ferrochaquetas|44\/100 brn|[from] brn\n|upkeep\n|turn|3\n|\n|t:|1681961950\n|move|p1a: Amogus \u0d9e|Rage Powder|p1a: Amogus \u0d9e\n|-singleturn|p1a: Amogus \u0d9e|move: Rage Powder\n|cant|p2a: Grimmsnarl|slp\n|move|p2b: Arcanine|Flare Blitz|p1b: Ferrochaquetas\n|-damage|p1b: Ferrochaquetas|15\/100 brn\n|-enditem|p1b: Ferrochaquetas|Aguav Berry|[eat]\n|-heal|p1b: Ferrochaquetas|48\/100 brn|[from] item: Aguav Berry\n|-damage|p2b: Arcanine|89\/100|[from] Recoil\n|move|p1b: Ferrochaquetas|Drain Punch|p2b: Arcanine\n|-damage|p2b: Arcanine|40\/100\n|-heal|p1b: Ferrochaquetas|70\/100 brn|[from] drain|[of] p2b: Arcanine\n|\n|-damage|p1b: Ferrochaquetas|64\/100 brn|[from] brn\n|upkeep\n|turn|4\n|c| jick mo|Frsnda se volvio el nickoSTALL\n|\n|t:|1681961983\n|move|p2b: Arcanine|Protect|p2b: Arcanine\n|-singleturn|p2b: Arcanine|Protect\n|-curestatus|p2a: Grimmsnarl|slp|[msg]\n|move|p2a: Grimmsnarl|Light Screen|p2a: Grimmsnarl\n|-sidestart|p2: TheFranDa|move: Light Screen\n|move|p1b: Ferrochaquetas|Drain Punch|p2b: Arcanine\n|-activate|p2b: Arcanine|move: Protect\n|move|p1a: Amogus \u0d9e|Pollen Puff|p1b: Ferrochaquetas\n|-heal|p1b: Ferrochaquetas|100\/100 brn\n|\n|-damage|p1b: Ferrochaquetas|94\/100 brn|[from] brn\n|upkeep\n|turn|5\n|\n|t:|1681962012\n|move|p1b: Ferrochaquetas|Protect|p1b: Ferrochaquetas\n|-singleturn|p1b: Ferrochaquetas|Protect\n|move|p2a: Grimmsnarl|Parting Shot|p1b: Ferrochaquetas\n|-activate|p1b: Ferrochaquetas|move: Protect\n|move|p2b: Arcanine|Flare Blitz|p1b: Ferrochaquetas\n|-activate|p1b: Ferrochaquetas|move: Protect\n|move|p1a: Amogus \u0d9e|Spore|p2a: Grimmsnarl\n|-status|p2a: Grimmsnarl|slp|[from] move: Spore\n|\n|-damage|p1b: Ferrochaquetas|88\/100 brn|[from] brn\n|upkeep\n|turn|6\n|c| jick mo|Buena prote\n|\n|t:|1681962067\n|switch|p2a: Wo-Chien|Wo-Chien, L50|100\/100\n|-ability|p2a: Wo-Chien|Tablets of Ruin\n|move|p2b: Arcanine|Protect|p2b: Arcanine\n|-singleturn|p2b: Arcanine|Protect\n|move|p1b: Ferrochaquetas|Drain Punch|p2b: Arcanine\n|-activate|p2b: Arcanine|move: Protect\n|move|p1a: Amogus \u0d9e|Pollen Puff|p1b: Ferrochaquetas\n|-heal|p1b: Ferrochaquetas|100\/100 brn\n|\n|-damage|p1b: Ferrochaquetas|94\/100 brn|[from] brn\n|upkeep\n|turn|7\n|\n|t:|1681962093\n|switch|p2b: Grimmsnarl|Grimmsnarl, L50, M|100\/100 slp\n|-terastallize|p2a: Wo-Chien|Poison\n|move|p1a: Amogus \u0d9e|Protect|p1a: Amogus \u0d9e\n|-singleturn|p1a: Amogus \u0d9e|Protect\n|move|p2a: Wo-Chien|Leech Seed|p1b: Ferrochaquetas\n|-start|p1b: Ferrochaquetas|move: Leech Seed\n|move|p1b: Ferrochaquetas|Drain Punch|p2a: Wo-Chien\n|-resisted|p2a: Wo-Chien\n|-damage|p2a: Wo-Chien|85\/100\n|-heal|p1b: Ferrochaquetas|100\/100 brn|[from] drain|[of] p2a: Wo-Chien\n|\n|-damage|p1b: Ferrochaquetas|88\/100 brn|[from] Leech Seed|[of] p2a: Wo-Chien\n|-heal|p2a: Wo-Chien|99\/100|[silent]\n|-damage|p1b: Ferrochaquetas|82\/100 brn|[from] brn\n|upkeep\n|turn|8\n|\n|t:|1681962114\n|move|p2a: Wo-Chien|Leech Seed|p1a: Amogus \u0d9e\n|-start|p1a: Amogus \u0d9e|move: Leech Seed\n|cant|p2b: Grimmsnarl|slp\n|move|p1b: Ferrochaquetas|Wild Charge|p2b: Grimmsnarl\n|-damage|p2b: Grimmsnarl|53\/100 slp\n|-damage|p1b: Ferrochaquetas|72\/100 brn|[from] Recoil\n|move|p1a: Amogus \u0d9e|Spore|p2a: Wo-Chien\n|-status|p2a: Wo-Chien|slp|[from] move: Spore\n|\n|-damage|p1b: Ferrochaquetas|60\/100 brn|[from] Leech Seed|[of] p2a: Wo-Chien\n|-heal|p2a: Wo-Chien|100\/100 slp|[silent]\n|-damage|p1a: Amogus \u0d9e|88\/100|[from] Leech Seed|[of] p2a: Wo-Chien\n|-damage|p1b: Ferrochaquetas|54\/100 brn|[from] brn\n|-sideend|p2: TheFranDa|Reflect\n|upkeep\n|turn|9\n|\n|t:|1681962137\n|cant|p2b: Grimmsnarl|slp\n|cant|p2a: Wo-Chien|slp\n|move|p1b: Ferrochaquetas|Drain Punch|p2b: Grimmsnarl\n|-damage|p2b: Grimmsnarl|0 fnt\n|-heal|p1b: Ferrochaquetas|77\/100 brn|[from] drain|[of] p2b: Grimmsnarl\n|faint|p2b: Grimmsnarl\n|move|p1a: Amogus \u0d9e|Spore||[still]\n|-fail|p1a: Amogus \u0d9e\n|\n|-damage|p1b: Ferrochaquetas|64\/100 brn|[from] Leech Seed|[of] p2a: Wo-Chien\n|-damage|p1a: Amogus \u0d9e|76\/100|[from] Leech Seed|[of] p2a: Wo-Chien\n|-damage|p1b: Ferrochaquetas|58\/100 brn|[from] brn\n|upkeep\n|\n|t:|1681962151\n|switch|p2b: Arcanine|Arcanine, L50, M|40\/100\n|-ability|p2b: Arcanine|Intimidate|boost\n|-unboost|p1a: Amogus \u0d9e|atk|1\n|-unboost|p1b: Ferrochaquetas|atk|1\n|turn|10\n|c| jick mo|Primer caido\n|\n|t:|1681962165\n|move|p2b: Arcanine|Protect|p2b: Arcanine\n|-singleturn|p2b: Arcanine|Protect\n|cant|p2a: Wo-Chien|slp\n|move|p1b: Ferrochaquetas|Drain Punch|p2b: Arcanine\n|-activate|p2b: Arcanine|move: Protect\n|move|p1a: Amogus \u0d9e|Pollen Puff|p1b: Ferrochaquetas\n|-heal|p1b: Ferrochaquetas|100\/100 brn\n|\n|-damage|p1b: Ferrochaquetas|88\/100 brn|[from] Leech Seed|[of] p2a: Wo-Chien\n|-damage|p1a: Amogus \u0d9e|64\/100|[from] Leech Seed|[of] p2a: Wo-Chien\n|-damage|p1b: Ferrochaquetas|82\/100 brn|[from] brn\n|upkeep\n|turn|11\n|c| jick mo|Ese ferrochaquetas inmortal tio\n|\n|t:|1681962198\n|move|p2b: Arcanine|Extreme Speed|p1a: Amogus \u0d9e\n|-damage|p1a: Amogus \u0d9e|47\/100\n|-enditem|p1a: Amogus \u0d9e|Sitrus Berry|[eat]\n|-heal|p1a: Amogus \u0d9e|72\/100|[from] item: Sitrus Berry\n|-curestatus|p2a: Wo-Chien|slp|[msg]\n|move|p2a: Wo-Chien|Pollen Puff|p2b: Arcanine\n|-heal|p2b: Arcanine|90\/100\n|move|p1b: Ferrochaquetas|Drain Punch|p2b: Arcanine\n|-damage|p2b: Arcanine|43\/100\n|-heal|p1b: Ferrochaquetas|100\/100 brn|[from] drain|[of] p2b: Arcanine\n|move|p1a: Amogus \u0d9e|Spore|p2a: Wo-Chien\n|-status|p2a: Wo-Chien|slp|[from] move: Spore\n|\n|-damage|p1b: Ferrochaquetas|88\/100 brn|[from] Leech Seed|[of] p2a: Wo-Chien\n|-damage|p1a: Amogus \u0d9e|60\/100|[from] Leech Seed|[of] p2a: Wo-Chien\n|-damage|p1b: Ferrochaquetas|82\/100 brn|[from] brn\n|-sideend|p2: TheFranDa|move: Light Screen\n|upkeep\n|turn|12\n|\n|t:|1681962225\n|move|p2b: Arcanine|Protect|p2b: Arcanine\n|-singleturn|p2b: Arcanine|Protect\n|cant|p2a: Wo-Chien|slp\n|move|p1b: Ferrochaquetas|Wild Charge|p2a: Wo-Chien\n|-damage|p2a: Wo-Chien|57\/100 slp\n|-damage|p1b: Ferrochaquetas|73\/100 brn|[from] Recoil\n|move|p1a: Amogus \u0d9e|Pollen Puff|p1b: Ferrochaquetas\n|-heal|p1b: Ferrochaquetas|100\/100 brn\n|\n|-damage|p1b: Ferrochaquetas|88\/100 brn|[from] Leech Seed|[of] p2a: Wo-Chien\n|-heal|p2a: Wo-Chien|71\/100 slp|[silent]\n|-damage|p1a: Amogus \u0d9e|47\/100|[from] Leech Seed|[of] p2a: Wo-Chien\n|-heal|p2a: Wo-Chien|85\/100 slp|[silent]\n|-damage|p1b: Ferrochaquetas|82\/100 brn|[from] brn\n|upkeep\n|turn|13\n|\n|t:|1681962264\n|move|p2b: Arcanine|Extreme Speed|p1a: Amogus \u0d9e\n|-damage|p1a: Amogus \u0d9e|32\/100\n|move|p1a: Amogus \u0d9e|Rage Powder|p1a: Amogus \u0d9e\n|-singleturn|p1a: Amogus \u0d9e|move: Rage Powder\n|cant|p2a: Wo-Chien|slp\n|move|p1b: Ferrochaquetas|Drain Punch|p2b: Arcanine\n|-damage|p2b: Arcanine|0 fnt\n|-heal|p1b: Ferrochaquetas|100\/100 brn|[from] drain|[of] p2b: Arcanine\n|faint|p2b: Arcanine\n|\n|-damage|p1b: Ferrochaquetas|88\/100 brn|[from] Leech Seed|[of] p2a: Wo-Chien\n|-heal|p2a: Wo-Chien|99\/100 slp|[silent]\n|-damage|p1a: Amogus \u0d9e|20\/100|[from] Leech Seed|[of] p2a: Wo-Chien\n|-heal|p2a: Wo-Chien|100\/100 slp|[silent]\n|-damage|p1b: Ferrochaquetas|82\/100 brn|[from] brn\n|upkeep\n|\n|t:|1681962278\n|switch|p2b: Garganacl|Garganacl, L50, M|100\/100\n|turn|14\n|c| jick mo|Uff\n|\n|t:|1681962299\n|cant|p2a: Wo-Chien|slp\n|move|p1b: Ferrochaquetas|Drain Punch|p2b: Garganacl\n|-supereffective|p2b: Garganacl\n|-damage|p2b: Garganacl|34\/100\n|-heal|p1b: Ferrochaquetas|100\/100 brn|[from] drain|[of] p2b: Garganacl\n|move|p2b: Garganacl|Iron Defense|p2b: Garganacl\n|-boost|p2b: Garganacl|def|2\n|move|p1a: Amogus \u0d9e|Spore|p2a: Wo-Chien\n|-fail|p2a: Wo-Chien|slp\n|\n|-heal|p2b: Garganacl|40\/100|[from] item: Leftovers\n|-damage|p1b: Ferrochaquetas|88\/100 brn|[from] Leech Seed|[of] p2a: Wo-Chien\n|-damage|p1a: Amogus \u0d9e|7\/100|[from] Leech Seed|[of] p2a: Wo-Chien\n|-damage|p1b: Ferrochaquetas|82\/100 brn|[from] brn\n|upkeep\n|turn|15\n|\n|t:|1681962318\n|move|p2b: Garganacl|Protect|p2b: Garganacl\n|-singleturn|p2b: Garganacl|Protect\n|move|p1a: Amogus \u0d9e|Protect|p1a: Amogus \u0d9e\n|-singleturn|p1a: Amogus \u0d9e|Protect\n|-curestatus|p2a: Wo-Chien|slp|[msg]\n|move|p2a: Wo-Chien|Ruination|p1b: Ferrochaquetas\n|-damage|p1b: Ferrochaquetas|41\/100 brn\n|move|p1b: Ferrochaquetas|Drain Punch|p2b: Garganacl\n|-activate|p2b: Garganacl|move: Protect\n|\n|-heal|p2b: Garganacl|45\/100|[from] item: Leftovers\n|-damage|p1b: Ferrochaquetas|29\/100 brn|[from] Leech Seed|[of] p2a: Wo-Chien\n|-damage|p1a: Amogus \u0d9e|0 fnt|[from] Leech Seed|[of] p2a: Wo-Chien\n|faint|p1a: Amogus \u0d9e\n|-damage|p1b: Ferrochaquetas|23\/100 brn|[from] brn\n|upkeep\n|\n|t:|1681962335\n|switch|p1a: Gastrodon|Gastrodon, L50, M|100\/100\n|turn|16\n|\n|t:|1681962349\n|move|p2a: Wo-Chien|Pollen Puff|p2b: Garganacl\n|-heal|p2b: Garganacl|95\/100\n|move|p1b: Ferrochaquetas|Drain Punch|p2b: Garganacl\n|-supereffective|p2b: Garganacl\n|-crit|p2b: Garganacl\n|-damage|p2b: Garganacl|0 fnt\n|-heal|p1b: Ferrochaquetas|66\/100 brn|[from] drain|[of] p2b: Garganacl\n|faint|p2b: Garganacl\n|move|p1a: Gastrodon|Earth Power|p2a: Wo-Chien\n|-supereffective|p2a: Wo-Chien\n|-damage|p2a: Wo-Chien|62\/100\n|\n|-damage|p1b: Ferrochaquetas|54\/100 brn|[from] Leech Seed|[of] p2a: Wo-Chien\n|-heal|p2a: Wo-Chien|77\/100|[silent]\n|-damage|p1b: Ferrochaquetas|47\/100 brn|[from] brn\n|upkeep\n|turn|17\n|c|\u2606Jazz Frost|XDDDD\n|c| jick mo|Looooooool\n|c|\u2606TheFranDa|Waos\n|\n|t:|1681962373\n|move|p2a: Wo-Chien|Leech Seed|p1a: Gastrodon\n|-start|p1a: Gastrodon|move: Leech Seed\n|move|p1b: Ferrochaquetas|Drain Punch|p2a: Wo-Chien\n|-resisted|p2a: Wo-Chien\n|-crit|p2a: Wo-Chien\n|-damage|p2a: Wo-Chien|49\/100\n|-heal|p1b: Ferrochaquetas|59\/100 brn|[from] drain|[of] p2a: Wo-Chien\n|-enditem|p2a: Wo-Chien|Sitrus Berry|[eat]\n|-heal|p2a: Wo-Chien|74\/100|[from] item: Sitrus Berry\n|move|p1a: Gastrodon|Earth Power|p2a: Wo-Chien\n|-supereffective|p2a: Wo-Chien\n|-crit|p2a: Wo-Chien\n|-damage|p2a: Wo-Chien|17\/100\n|\n|-damage|p1b: Ferrochaquetas|47\/100 brn|[from] Leech Seed|[of] p2a: Wo-Chien\n|-heal|p2a: Wo-Chien|32\/100|[silent]\n|-damage|p1a: Gastrodon|88\/100|[from] Leech Seed|[of] p2a: Wo-Chien\n|-heal|p2a: Wo-Chien|44\/100|[silent]\n|-damage|p1b: Ferrochaquetas|40\/100 brn|[from] brn\n|upkeep\n|turn|18\n|c|\u2606TheFranDa|Dos cr\u00edticos\n|c|\u2606Jazz Frost|nmms\n|c| jick mo|En plan hoky shit\n|\n|t:|1681962391\n|move|p2a: Wo-Chien|Protect|p2a: Wo-Chien\n|-singleturn|p2a: Wo-Chien|Protect\n|move|p1b: Ferrochaquetas|Drain Punch|p2a: Wo-Chien\n|-activate|p2a: Wo-Chien|move: Protect\n|move|p1a: Gastrodon|Earth Power|p2a: Wo-Chien\n|-activate|p2a: Wo-Chien|move: Protect\n|\n|-heal|p1a: Gastrodon|94\/100|[from] item: Leftovers\n|-damage|p1b: Ferrochaquetas|28\/100 brn|[from] Leech Seed|[of] p2a: Wo-Chien\n|-heal|p2a: Wo-Chien|58\/100|[silent]\n|-damage|p1a: Gastrodon|82\/100|[from] Leech Seed|[of] p2a: Wo-Chien\n|-heal|p2a: Wo-Chien|70\/100|[silent]\n|-damage|p1b: Ferrochaquetas|22\/100 brn|[from] brn\n|upkeep\n|turn|19\n|\n|t:|1681962410\n|move|p2a: Wo-Chien|Ruination|p1a: Gastrodon\n|-damage|p1a: Gastrodon|41\/100\n|move|p1b: Ferrochaquetas|Drain Punch|p2a: Wo-Chien\n|-resisted|p2a: Wo-Chien\n|-damage|p2a: Wo-Chien|53\/100\n|-heal|p1b: Ferrochaquetas|30\/100 brn|[from] drain|[of] p2a: Wo-Chien\n|move|p1a: Gastrodon|Earth Power|p2a: Wo-Chien\n|-supereffective|p2a: Wo-Chien\n|-damage|p2a: Wo-Chien|12\/100\n|-unboost|p2a: Wo-Chien|spd|1\n|\n|-heal|p1a: Gastrodon|47\/100|[from] item: Leftovers\n|-damage|p1b: Ferrochaquetas|17\/100 brn|[from] Leech Seed|[of] p2a: Wo-Chien\n|-heal|p2a: Wo-Chien|27\/100|[silent]\n|-damage|p1a: Gastrodon|35\/100|[from] Leech Seed|[of] p2a: Wo-Chien\n|-heal|p2a: Wo-Chien|39\/100|[silent]\n|-damage|p1b: Ferrochaquetas|11\/100 brn|[from] brn\n|upkeep\n|turn|20\n|c| jick mo|Uy ese bajon\n|\n|t:|1681962434\n|-end|p1b: Ferrochaquetas|Quark Drive|[silent]\n|switch|p1b: Flutter Mane|Flutter Mane, L50|100\/100\n|-enditem|p1b: Flutter Mane|Booster Energy\n|-activate|p1b: Flutter Mane|ability: Protosynthesis|[fromitem]\n|-start|p1b: Flutter Mane|protosynthesisspe\n|move|p2a: Wo-Chien|Protect|p2a: Wo-Chien\n|-singleturn|p2a: Wo-Chien|Protect\n|move|p1a: Gastrodon|Protect||[still]\n|-fail|p1a: Gastrodon\n|\n|-heal|p1a: Gastrodon|41\/100|[from] item: Leftovers\n|-damage|p1a: Gastrodon|28\/100|[from] Leech Seed|[of] p2a: Wo-Chien\n|-heal|p2a: Wo-Chien|50\/100|[silent]\n|upkeep\n|turn|21\n|\n|t:|1681962452\n|move|p1b: Flutter Mane|Protect|p1b: Flutter Mane\n|-singleturn|p1b: Flutter Mane|Protect\n|move|p2a: Wo-Chien|Leech Seed|p1b: Flutter Mane\n|-activate|p1b: Flutter Mane|move: Protect\n|move|p1a: Gastrodon|Earth Power|p2a: Wo-Chien\n|-supereffective|p2a: Wo-Chien\n|-damage|p2a: Wo-Chien|0 fnt\n|faint|p2a: Wo-Chien\n|\n|win|Jazz Frost\n|c| jick mo|Jazz no a hecho ningun change lol\n|c|\u2606TheFranDa|Termin\u00f3\n|c| jick mo|Bueno ahora\n|c| jick mo|Papeado 2 veces\n","uploadtime":1681962471,"views":7,"p1id":"jazzfrost","p2id":"thefranda","formatid":"gen9vgc2023regulationc","rating":0,"private":0,"password":""}