{"id":"gen9vgc2023regulationc-1853089117","p1":"BCDefault","p2":"BigBoofles","format":"[Gen 9] VGC 2023 Regulation C","log":"|j|\u2606BCDefault\n|j|\u2606BigBoofles\n|t:|1682633802\n|gametype|doubles\n|player|p1|BCDefault|worker|1171\n|player|p2|BigBoofles|101|1072\n|teamsize|p1|6\n|teamsize|p2|6\n|gen|9\n|tier|[Gen 9] VGC 2023 Regulation C\n|rated|\n|rule|Species Clause: Limit one of each Pok\u00e9mon\n|rule|Item Clause: Limit one of each item\n|clearpoke\n|poke|p1|Lucario, L50, F|\n|poke|p1|Maushold-Four, L50|\n|poke|p1|Iron Moth, L50|\n|poke|p1|Gardevoir, L50, F|\n|poke|p1|Sylveon, L50, M|\n|poke|p1|Garganacl, L50, M|\n|poke|p2|Hydreigon, L50, F|\n|poke|p2|Clodsire, L50, M|\n|poke|p2|Tinkaton, L50, F|\n|poke|p2|Slither Wing, L50|\n|poke|p2|Flutter Mane, L50|\n|poke|p2|Dondozo, L50, F|\n|teampreview|4\nBigBoofles has agreed to open team sheets.\n|\n|t:|1682633838\n|start\n|switch|p1a: Lucario|Lucario, L50, F|100\/100\n|switch|p1b: Maushold|Maushold-Four, L50|100\/100\n|switch|p2a: Tookie|Dondozo, L50, F|100\/100\n|switch|p2b: MidnightB|Flutter Mane, L50|100\/100\n|turn|1\n|\n|t:|1682633865\n|move|p2b: MidnightB|Protect|p2b: MidnightB\n|-singleturn|p2b: MidnightB|Protect\n|move|p1a: Lucario|Bullet Punch|p2b: MidnightB\n|-activate|p2b: MidnightB|move: Protect\n|move|p1b: Maushold|Beat Up|p1a: Lucario\n|-resisted|p1a: Lucario\n|-damage|p1a: Lucario|99\/100\n|-ability|p1a: Lucario|Justified|boost\n|-boost|p1a: Lucario|atk|1\n|-resisted|p1a: Lucario\n|-damage|p1a: Lucario|98\/100\n|-ability|p1a: Lucario|Justified|boost\n|-boost|p1a: Lucario|atk|1\n|-resisted|p1a: Lucario\n|-damage|p1a: Lucario|97\/100\n|-ability|p1a: Lucario|Justified|boost\n|-boost|p1a: Lucario|atk|1\n|-resisted|p1a: Lucario\n|-damage|p1a: Lucario|95\/100\n|-ability|p1a: Lucario|Justified|boost\n|-boost|p1a: Lucario|atk|1\n|-hitcount|p1a: Lucario|4\n|move|p2a: Tookie|Curse|p2a: Tookie\n|-unboost|p2a: Tookie|spe|1\n|-boost|p2a: Tookie|atk|1\n|-boost|p2a: Tookie|def|1\n|\n|upkeep\n|turn|2\n|\n|t:|1682633900\n|-end|p2b: MidnightB|Protosynthesis|[silent]\n|switch|p2b: Non|Slither Wing, L50|100\/100\n|move|p1b: Maushold|Super Fang|p2a: Tookie\n|-damage|p2a: Tookie|51\/100\n|move|p1a: Lucario|Close Combat|p2a: Tookie\n|-damage|p2a: Tookie|26\/100\n|-unboost|p1a: Lucario|def|1\n|-unboost|p1a: Lucario|spd|1\n|move|p2a: Tookie|Curse|p2a: Tookie\n|-unboost|p2a: Tookie|spe|1\n|-boost|p2a: Tookie|atk|1\n|-boost|p2a: Tookie|def|1\n|\n|upkeep\n|turn|3\n|\n|t:|1682633926\n|move|p1b: Maushold|Helping Hand|p1a: Lucario\n|-singleturn|p1a: Lucario|Helping Hand|[of] p1b: Maushold\n|move|p1a: Lucario|Extreme Speed|p2b: Non\n|-crit|p2b: Non\n|-damage|p2b: Non|0 fnt\n|faint|p2b: Non\n|-end|p2b: Non|Protosynthesis|[silent]\n|move|p2a: Tookie|Rest|p2a: Tookie\n|-status|p2a: Tookie|slp|[from] move: Rest\n|-heal|p2a: Tookie|100\/100 slp|[silent]\n|-enditem|p2a: Tookie|Chesto Berry|[eat]\n|-curestatus|p2a: Tookie|slp|[msg]\n|\n|upkeep\n|\n|t:|1682633940\n|switch|p2b: Boofles|Clodsire, L50, M|100\/100\n|turn|4\n|\n|t:|1682633953\n|move|p2b: Boofles|Protect|p2b: Boofles\n|-singleturn|p2b: Boofles|Protect\n|move|p1b: Maushold|Super Fang|p2a: Tookie\n|-damage|p2a: Tookie|51\/100\n|move|p1a: Lucario|Earthquake|p2b: Boofles|[spread] p1b,p2a\n|-activate|p2b: Boofles|move: Protect\n|-damage|p1b: Maushold|29\/100\n|-damage|p2a: Tookie|43\/100\n|move|p2a: Tookie|Liquidation|p1a: Lucario\n|-damage|p1a: Lucario|36\/100\n|\n|upkeep\n|turn|5\n|\n|t:|1682633984\n|move|p1b: Maushold|Super Fang|p2a: Tookie\n|-damage|p2a: Tookie|22\/100\n|move|p1a: Lucario|Close Combat|p2a: Tookie\n|-damage|p2a: Tookie|4\/100\n|-unboost|p1a: Lucario|def|1\n|-unboost|p1a: Lucario|spd|1\n|move|p2b: Boofles|Stomping Tantrum|p1a: Lucario\n|-supereffective|p1a: Lucario\n|-damage|p1a: Lucario|0 fnt\n|faint|p1a: Lucario\n|move|p2a: Tookie|Rest|p2a: Tookie\n|-status|p2a: Tookie|slp|[from] move: Rest\n|-heal|p2a: Tookie|100\/100 slp|[silent]\n|\n|upkeep\n|\n|t:|1682633996\n|switch|p1a: Garganacl|Garganacl, L50, M|100\/100\n|turn|6\n|\n|t:|1682634011\n|move|p1b: Maushold|Super Fang|p2a: Tookie\n|-damage|p2a: Tookie|51\/100 slp\n|move|p1a: Garganacl|Salt Cure|p2a: Tookie\n|-damage|p2a: Tookie|46\/100 slp\n|-start|p2a: Tookie|Salt Cure\n|move|p2b: Boofles|Stomping Tantrum|p1a: Garganacl\n|-supereffective|p1a: Garganacl\n|-damage|p1a: Garganacl|86\/100\n|cant|p2a: Tookie|slp\n|move|p2a: Tookie|Sleep Talk|p2a: Tookie\n|move|p2a: Tookie|Curse|p2a: Tookie|[from]move: Sleep Talk\n|-unboost|p2a: Tookie|spe|1\n|-boost|p2a: Tookie|atk|1\n|-boost|p2a: Tookie|def|1\n|\n|-damage|p2a: Tookie|21\/100 slp|[from] Salt Cure\n|upkeep\n|turn|7\n|\n|t:|1682634031\n|switch|p2a: MidnightB|Flutter Mane, L50|100\/100\n|move|p1b: Maushold|Super Fang|p2b: Boofles\n|-damage|p2b: Boofles|51\/100\n|move|p1a: Garganacl|Salt Cure|p2b: Boofles\n|-resisted|p2b: Boofles\n|-damage|p2b: Boofles|43\/100\n|-start|p2b: Boofles|Salt Cure\n|move|p2b: Boofles|Toxic|p1b: Maushold\n|-status|p1b: Maushold|tox\n|\n|-heal|p2b: Boofles|49\/100|[from] item: Leftovers\n|-damage|p1b: Maushold|23\/100 tox|[from] psn\n|-damage|p2b: Boofles|36\/100|[from] Salt Cure\n|upkeep\n|turn|8\n|\n|t:|1682634058\n|-terastallize|p2a: MidnightB|Fairy\n|move|p1b: Maushold|Follow Me|p1b: Maushold\n|-singleturn|p1b: Maushold|move: Follow Me\n|move|p2a: MidnightB|Moonblast|p1b: Maushold\n|-damage|p1b: Maushold|0 fnt\n|faint|p1b: Maushold\n|move|p1a: Garganacl|Salt Cure|p2a: MidnightB\n|-damage|p2a: MidnightB|67\/100\n|-start|p2a: MidnightB|Salt Cure\n|move|p2b: Boofles|Recover|p2b: Boofles\n|-heal|p2b: Boofles|87\/100\n|\n|-heal|p2b: Boofles|92\/100|[from] item: Leftovers\n|-damage|p2a: MidnightB|55\/100|[from] Salt Cure\n|-damage|p2b: Boofles|80\/100|[from] Salt Cure\n|upkeep\n|\n|t:|1682634071\n|switch|p1b: Gardevoir|Gardevoir, L50, F, shiny|100\/100\n|turn|9\n|\n|t:|1682634098\n|-terastallize|p1b: Gardevoir|Dark\n|move|p2a: MidnightB|Shadow Ball|p1b: Gardevoir\n|-resisted|p1b: Gardevoir\n|-damage|p1b: Gardevoir|82\/100\n|move|p1b: Gardevoir|Mystical Fire|p2a: MidnightB\n|-damage|p2a: MidnightB|28\/100\n|-unboost|p2a: MidnightB|spa|1\n|move|p1a: Garganacl|Salt Cure|p2a: MidnightB\n|-damage|p2a: MidnightB|0 fnt\n|faint|p2a: MidnightB\n|-end|p2a: MidnightB|Protosynthesis|[silent]\n|move|p2b: Boofles|Stomping Tantrum|p1a: Garganacl\n|-supereffective|p1a: Garganacl\n|-damage|p1a: Garganacl|62\/100\n|\n|-heal|p2b: Boofles|86\/100|[from] item: Leftovers\n|-damage|p2b: Boofles|74\/100|[from] Salt Cure\n|upkeep\n|\n|t:|1682634114\n|switch|p2a: Tookie|Dondozo, L50, F|21\/100 slp\n|turn|10\n|c|\u2606BCDefault|phew\n|\n|t:|1682634136\n|move|p1b: Gardevoir|Psychic|p2a: Tookie\n|-damage|p2a: Tookie|0 fnt\n|faint|p2a: Tookie\n|move|p1a: Garganacl|Salt Cure|p2b: Boofles\n|-resisted|p2b: Boofles\n|-damage|p2b: Boofles|66\/100\n|move|p2b: Boofles|Toxic|p1b: Gardevoir\n|-status|p1b: Gardevoir|tox\n|-enditem|p1b: Gardevoir|Lum Berry|[eat]\n|-curestatus|p1b: Gardevoir|tox|[msg]\n|\n|-heal|p2b: Boofles|72\/100|[from] item: Leftovers\n|-damage|p2b: Boofles|60\/100|[from] Salt Cure\n|upkeep\n|turn|11\n|\n|t:|1682634154\n|move|p1b: Gardevoir|Psychic|p2b: Boofles\n|-supereffective|p2b: Boofles\n|-damage|p2b: Boofles|6\/100\n|move|p1a: Garganacl|Explosion|p2b: Boofles|[spread] p2b\n|-activate|p1b: Gardevoir|ability: Telepathy\n|-enditem|p1a: Garganacl|Normal Gem|[from] gem\n|-damage|p2b: Boofles|0 fnt\n|faint|p1a: Garganacl\n|faint|p2b: Boofles\n|\n|win|BCDefault\n|raw|BCDefault's rating: 1171 → 1189<\/strong> (+18 for winning)\n|raw|BigBoofles's rating: 1072 → 1057<\/strong> (-15 for losing)\n|c|\u2606BigBoofles|gg\n|c|\u2606BCDefault|gg\n|l|\u2606BigBoofles\n|c|\u2606BCDefault|got scared of the shadow ball\n","uploadtime":1682634171,"views":10,"p1id":"bcdefault","p2id":"bigboofles","formatid":"gen9vgc2023regulationc","rating":1057,"private":0,"password":""}