{"id":"gen9vgc2023regulationc-1853435076","p1":"Frozen_ATM","p2":"kevsmoreno","format":"[Gen 9] VGC 2023 Regulation C","log":"|j|\u2606Frozen_ATM\n|j|\u2606kevsmoreno\n|t:|1682684781\n|gametype|doubles\n|player|p1|Frozen_ATM|boarder|\n|player|p2|kevsmoreno|dragontamer|\n|teamsize|p1|6\n|teamsize|p2|6\n|gen|9\n|tier|[Gen 9] VGC 2023 Regulation C\n|rule|Species Clause: Limit one of each Pok\u00e9mon\n|rule|Item Clause: Limit one of each item\n|clearpoke\n|poke|p1|Slowpoke, L50, F|\n|poke|p1|Wigglytuff, L50, M|\n|poke|p1|Bellibolt, L50, F|\n|poke|p1|Iron Bundle, L50|\n|poke|p1|Pyroar, L50, M|\n|poke|p1|Sableye, L50, M|\n|poke|p2|Chien-Pao, L50|\n|poke|p2|Dragapult, L50, F|\n|poke|p2|Rotom-Mow, L50|\n|poke|p2|Donphan, L50, F|\n|poke|p2|Persian, L50, M|\n|poke|p2|Bisharp, L50, M|\n|teampreview|4\n|c|\u2606Frozen_ATM|g2\n|j| Toronto 6ix\n|j| GuardianofL1ght\n|j| WaffleMoo\n|c|\u2606kevsmoreno|Fuck moo\n|c| WaffleMoo|I didn't say anything yet\n|c|\u2606kevsmoreno|Don't lie\n|\n|t:|1682685362\n|start\n|switch|p1a: Iron Bundle|Iron Bundle, L50|100\/100\n|switch|p1b: Pyroar|Pyroar, L50, M|100\/100\n|switch|p2a: Persian|Persian, L50, M|100\/100\n|switch|p2b: Rotom|Rotom-Mow, L50|100\/100\n|-ability|p1b: Pyroar|Unnerve\n|turn|1\n|\n|t:|1682685419\n|move|p1a: Iron Bundle|Protect|p1a: Iron Bundle\n|-singleturn|p1a: Iron Bundle|Protect\n|move|p2b: Rotom|Protect|p2b: Rotom\n|-singleturn|p2b: Rotom|Protect\n|move|p2a: Persian|Snarl|p1b: Pyroar|[spread] p1b\n|-activate|p1a: Iron Bundle|move: Protect\n|-damage|p1b: Pyroar|90\/100\n|-unboost|p1b: Pyroar|spa|1\n|move|p1b: Pyroar|Heat Wave|p2a: Persian|[spread] p2a\n|-activate|p2b: Rotom|move: Protect\n|-crit|p2a: Persian\n|-damage|p2a: Persian|25\/100\n|-damage|p1b: Pyroar|80\/100|[from] item: Life Orb\n|\n|upkeep\n|turn|2\n|c|\u2606Frozen_ATM|sorry\n|\n|t:|1682685504\n|-terastallize|p2b: Rotom|Electric\n|move|p1a: Iron Bundle|Icy Wind|p2b: Rotom|[spread] p2a,p2b\n|-damage|p2a: Persian|0 fnt\n|-damage|p2b: Rotom|78\/100\n|faint|p2a: Persian\n|move|p1b: Pyroar|Heat Wave|p2b: Rotom\n|-damage|p2b: Rotom|33\/100\n|-damage|p1b: Pyroar|70\/100|[from] item: Life Orb\n|move|p2b: Rotom|Discharge|p1a: Iron Bundle|[spread] p1a,p1b\n|-supereffective|p1a: Iron Bundle\n|-damage|p1a: Iron Bundle|0 fnt\n|-damage|p1b: Pyroar|29\/100\n|-status|p1b: Pyroar|par\n|faint|p1a: Iron Bundle\n|-end|p1a: Iron Bundle|Quark Drive|[silent]\n|\n|upkeep\n|\n|t:|1682685524\n|switch|p1a: Bellibolt|Bellibolt, L50, F|100\/100\n|switch|p2a: Donphan|Donphan, L50, F|100\/100\n|turn|3\n|c|\u2606Frozen_ATM|gg\n|c|\u2606Frozen_ATM|the para won the game for you\n|\n|t:|1682685572\n|move|p2b: Rotom|Leaf Storm|p1a: Bellibolt\n|-crit|p1a: Bellibolt\n|-damage|p1a: Bellibolt|36\/100\n|-unboost|p2b: Rotom|spa|2\n|-start|p1a: Bellibolt|Charge|Leaf Storm|[from] ability: Electromorphosis\n|cant|p1b: Pyroar|par\n|move|p2a: Donphan|Earthquake|p1a: Bellibolt|[spread] p1a,p1b\n|-immune|p2b: Rotom|[from] ability: Levitate\n|-supereffective|p1a: Bellibolt\n|-supereffective|p1b: Pyroar\n|-damage|p1a: Bellibolt|0 fnt\n|-damage|p1b: Pyroar|0 fnt\n|faint|p1a: Bellibolt\n|faint|p1b: Pyroar\n|\n|upkeep\n|\n|t:|1682685583\n|switch|p1b: Wigglytuff|Wigglytuff, L50, M|100\/100\n|turn|4\n|c|\u2606kevsmoreno|Was gonna say Depending on your last mon but who knows lol\n|\n|t:|1682685618\n|-terastallize|p1b: Wigglytuff|Normal\n|move|p2b: Rotom|Discharge|p1b: Wigglytuff|[spread] p1b\n|-immune|p2a: Donphan\n|-damage|p1b: Wigglytuff|80\/100\n|-status|p1b: Wigglytuff|par\n|move|p2a: Donphan|Earthquake|p1b: Wigglytuff|[spread] p1b\n|-immune|p2b: Rotom|[from] ability: Levitate\n|-damage|p1b: Wigglytuff|23\/100 par\n|cant|p1b: Wigglytuff|par\n|\n|-heal|p1b: Wigglytuff|29\/100 par|[from] item: Leftovers\n|upkeep\n|turn|5\n|l| Toronto 6ix\n|c|\u2606Frozen_ATM|bruh\n|j| Toronto 6ix\n|c|\u2606Frozen_ATM|yeah\n|c|\u2606Frozen_ATM|of course\n|\n|t:|1682685643\n|move|p2b: Rotom|Discharge|p1b: Wigglytuff|[spread] p1b\n|-immune|p2a: Donphan\n|-damage|p1b: Wigglytuff|12\/100 par\n|move|p2a: Donphan|Earthquake|p1b: Wigglytuff|[spread] p1b\n|-immune|p2b: Rotom|[from] ability: Levitate\n|-damage|p1b: Wigglytuff|0 fnt\n|faint|p1b: Wigglytuff\n|\n|win|kevsmoreno\n|l| WaffleMoo\n|c|\u2606kevsmoreno|Ggs\n|c|\u2606kevsmoreno|Fuck you moo\n|c|\u2606Frozen_ATM|question, i game 2, why did you double bellibolt near the end\n|c|\u2606Frozen_ATM|because if I went for Icy wind with Iron bundle\n|c|\u2606kevsmoreno|In case the eq doesn't kill\n|c|\u2606Frozen_ATM|I got rid of sturdy\n|c|\u2606Frozen_ATM|and then I killed with Pyroar\n|c|\u2606kevsmoreno|Don't know how bulky you were\n|c|\u2606Frozen_ATM|i guess yeah\n|c|\u2606Frozen_ATM|who do i send replays to?\n|c|\u2606kevsmoreno|Guardian\n|c|\u2606Frozen_ATM|kk\n|c|\u2606kevsmoreno|The damn gator eating fool\n|l| Toronto 6ix\n|j| HottieLamatie\n|l|\u2606Frozen_ATM\n|l| HottieLamatie\n|l|\u2606kevsmoreno\n","uploadtime":1682685777,"views":17,"p1id":"frozenatm","p2id":"kevsmoreno","formatid":"gen9vgc2023regulationc","rating":0,"private":0,"password":""}