{"id":"gen9vgc2023regulationc-1855560529","p1":"NicoHaxVGC","p2":"Zan-07","format":"[Gen 9] VGC 2023 Regulation C","log":"|j|\u2606NicoHaxVGC\n|j|\u2606Zan-07\n|t:|1682962103\n|gametype|doubles\n|player|p1|NicoHaxVGC|red|1399\n|player|p2|Zan-07|pokemonbreeder-gen4|1317\n|teamsize|p1|6\n|teamsize|p2|6\n|gen|9\n|tier|[Gen 9] VGC 2023 Regulation C\n|rated|\n|rule|Species Clause: Limit one of each Pok\u00e9mon\n|rule|Item Clause: Limit one of each item\n|clearpoke\n|poke|p1|Corviknight, L50, F|\n|poke|p1|Ting-Lu, L50|\n|poke|p1|Annihilape, L50, M|\n|poke|p1|Amoonguss, L50, F|\n|poke|p1|Iron Bundle, L50|\n|poke|p1|Flutter Mane, L50|\n|poke|p2|Glimmora, L50, M|\n|poke|p2|Palafin, L50, M|\n|poke|p2|Talonflame, L50, F|\n|poke|p2|Flutter Mane, L50|\n|poke|p2|Skeledirge, L50, M|\n|poke|p2|Wo-Chien, L50|\n|teampreview|4\n|inactive|Battle timer is ON: inactive players will automatically lose when time's up. (requested by Zan-07)\n|inactive|NicoHaxVGC also wants the timer to be on.\n|inactive|NicoHaxVGC has 60 seconds left.\n|\n|t:|1682962155\n|start\n|switch|p1a: Cyborg|Iron Bundle, L50|100\/100\n|switch|p1b: Raven|Corviknight, L50, F|100\/100\n|switch|p2a: Glimmora|Glimmora, L50, M|100\/100\n|switch|p2b: Talonflame|Talonflame, L50, F|100\/100\n|-enditem|p1a: Cyborg|Booster Energy\n|-activate|p1a: Cyborg|ability: Quark Drive|[fromitem]\n|-start|p1a: Cyborg|quarkdrivespe\n|turn|1\n|\n|t:|1682962173\n|move|p2b: Talonflame|Tailwind|p2b: Talonflame\n|-sidestart|p2: Zan-07|move: Tailwind\n|move|p1a: Cyborg|Hydro Pump|p2a: Glimmora\n|-supereffective|p2a: Glimmora\n|-enditem|p2a: Glimmora|Focus Sash\n|-damage|p2a: Glimmora|1\/100\n|move|p2a: Glimmora|Power Gem|p1a: Cyborg\n|-supereffective|p1a: Cyborg\n|-damage|p1a: Cyborg|0 fnt\n|faint|p1a: Cyborg\n|-end|p1a: Cyborg|Quark Drive|[silent]\n|move|p1b: Raven|Tailwind|p1b: Raven\n|-sidestart|p1: NicoHaxVGC|move: Tailwind\n|\n|upkeep\n|\n|t:|1682962186\n|switch|p1a: Robin|Annihilape, L50, M|100\/100\n|turn|2\n|inactive|NicoHaxVGC has 30 seconds left.\n|\n|t:|1682962212\n|-terastallize|p1a: Robin|Fire\n|move|p2b: Talonflame|Will-O-Wisp|p1a: Robin\n|-immune|p1a: Robin\n|move|p2a: Glimmora|Power Gem|p1a: Robin\n|-supereffective|p1a: Robin\n|-damage|p1a: Robin|25\/100\n|move|p1a: Robin|Rage Fist|p2a: Glimmora\n|-damage|p2a: Glimmora|0 fnt\n|-activate|p2a: Glimmora|ability: Toxic Debris\n|-sidestart|p1: NicoHaxVGC|move: Toxic Spikes\n|faint|p2a: Glimmora\n|move|p1b: Raven|Brave Bird|p2b: Talonflame\n|-damage|p2b: Talonflame|47\/100\n|-damage|p1b: Raven|84\/100|[from] Recoil\n|\n|-heal|p1a: Robin|32\/100|[from] item: Leftovers\n|upkeep\n|\n|t:|1682962222\n|switch|p2a: Skeledirge|Skeledirge, L50, M|100\/100\n|turn|3\n|inactive|NicoHaxVGC has 30 seconds left.\n|inactive|NicoHaxVGC has 20 seconds left.\n|inactive|NicoHaxVGC has 15 seconds left.\n|\n|t:|1682962263\n|move|p1a: Robin|Protect|p1a: Robin\n|-singleturn|p1a: Robin|Protect\n|move|p2b: Talonflame|Air Slash|p1a: Robin\n|-activate|p1a: Robin|move: Protect\n|move|p1b: Raven|Brave Bird|p2a: Skeledirge\n|-damage|p2a: Skeledirge|65\/100\n|-damage|p1b: Raven|72\/100|[from] Recoil\n|move|p2a: Skeledirge|Torch Song|p1b: Raven\n|-supereffective|p1b: Raven\n|-damage|p1b: Raven|19\/100\n|-boost|p2a: Skeledirge|spa|1\n|-enditem|p2a: Skeledirge|Throat Spray\n|-boost|p2a: Skeledirge|spa|1|[from] item: Throat Spray\n|\n|-heal|p1a: Robin|38\/100|[from] item: Leftovers\n|upkeep\n|turn|4\n|\n|t:|1682962281\n|move|p2b: Talonflame|Air Slash|p1a: Robin\n|-damage|p1a: Robin|19\/100\n|cant|p1a: Robin|flinch\n|move|p1b: Raven|Brave Bird|p2b: Talonflame\n|-damage|p2b: Talonflame|0 fnt\n|faint|p2b: Talonflame\n|-damage|p1b: Raven|5\/100|[from] Recoil\n|move|p2a: Skeledirge|Torch Song|p1b: Raven\n|-supereffective|p1b: Raven\n|-damage|p1b: Raven|0 fnt\n|-boost|p2a: Skeledirge|spa|1\n|faint|p1b: Raven\n|\n|-heal|p1a: Robin|25\/100|[from] item: Leftovers\n|-sideend|p2: Zan-07|move: Tailwind\n|-sideend|p1: NicoHaxVGC|move: Tailwind\n|upkeep\n|\n|t:|1682962291\n|switch|p2b: Flutter Mane|Flutter Mane, L50|100\/100\n|switch|p1b: Star fire|Flutter Mane, L50|100\/100\n|-status|p1b: Star fire|psn\n|-enditem|p2b: Flutter Mane|Booster Energy\n|-activate|p2b: Flutter Mane|ability: Protosynthesis|[fromitem]\n|-start|p2b: Flutter Mane|protosynthesisspe\n|turn|5\n|\n|t:|1682962308\n|move|p1a: Robin|Protect|p1a: Robin\n|-singleturn|p1a: Robin|Protect\n|move|p2b: Flutter Mane|Hex|p1b: Star fire\n|-supereffective|p1b: Star fire\n|-damage|p1b: Star fire|0 fnt\n|faint|p1b: Star fire\n|-end|p1b: Star fire|Protosynthesis|[silent]\n|move|p2a: Skeledirge|Hex|p1a: Robin\n|-activate|p1a: Robin|move: Protect\n|\n|-heal|p1a: Robin|31\/100|[from] item: Leftovers\n|upkeep\n|turn|6\n|\n|t:|1682962326\n|-terastallize|p2b: Flutter Mane|Fairy\n|move|p2b: Flutter Mane|Substitute|p2b: Flutter Mane\n|-start|p2b: Flutter Mane|Substitute\n|-damage|p2b: Flutter Mane|76\/100\n|move|p1a: Robin|Rage Fist|p2b: Flutter Mane\n|-end|p2b: Flutter Mane|Substitute\n|move|p2a: Skeledirge|Hex|p1a: Robin\n|-damage|p1a: Robin|0 fnt\n|faint|p1a: Robin\n|\n|win|Zan-07\n|raw|NicoHaxVGC's rating: 1399 → 1374<\/strong> (-25 for losing)\n|raw|Zan-07's rating: 1317 → 1342<\/strong> (+25 for winning)\n|l|\u2606Zan-07\n","uploadtime":1682962344,"views":24,"p1id":"nicohaxvgc","p2id":"zan07","formatid":"gen9vgc2023regulationc","rating":1342,"private":0,"password":""}