{"id":"gen9vgc2023regulationc-1853423008","p1":"Charlisito","p2":"33mmmm","format":"[Gen 9] VGC 2023 Regulation C","log":"|j|\u2606Charlisito\n|j|\u260633mmmm\n|t:|1682683325\n|gametype|doubles\n|player|p1|Charlisito|170|1142\n|player|p2|33mmmm|fisherman-gen4|1122\n|teamsize|p1|6\n|teamsize|p2|6\n|gen|9\n|tier|[Gen 9] VGC 2023 Regulation C\n|rated|\n|rule|Species Clause: Limit one of each Pok\u00e9mon\n|rule|Item Clause: Limit one of each item\n|clearpoke\n|poke|p1|Palafin, L50, M|\n|poke|p1|Arcanine, L50, M|\n|poke|p1|Amoonguss, L50, M|\n|poke|p1|Flutter Mane, L50|\n|poke|p1|Ting-Lu, L50|\n|poke|p1|Slither Wing, L50|\n|poke|p2|Dondozo, L50, F|\n|poke|p2|Tatsugiri, L50, F|\n|poke|p2|Indeedee-F, L50, F|\n|poke|p2|Flutter Mane, L50|\n|poke|p2|Tyranitar, L50, M|\n|poke|p2|Lycanroc, L50, M|\n|teampreview|4\n|\n|t:|1682683362\n|start\n|switch|p1a: Palafin|Palafin, L50, M|100\/100\n|switch|p1b: Ting-Lu|Ting-Lu, L50|100\/100\n|switch|p2a: Tyranitar|Tyranitar, L50, M|100\/100\n|switch|p2b: Indeedee|Indeedee-F, L50, F|100\/100\n|-fieldstart|move: Psychic Terrain|[from] ability: Psychic Surge|[of] p2b: Indeedee\n|-weather|Sandstorm|[from] ability: Sand Stream|[of] p2a: Tyranitar\n|-ability|p1b: Ting-Lu|Vessel of Ruin\n|turn|1\n|\n|t:|1682683377\n|detailschange|p1a: Palafin|Palafin-Hero, L50, M\n|switch|p1a: Arcanine|Arcanine, L50, M|100\/100\n|-ability|p1a: Arcanine|Intimidate|boost\n|-unboost|p2a: Tyranitar|atk|1\n|-unboost|p2b: Indeedee|atk|1\n|move|p2b: Indeedee|Psychic|p1a: Arcanine\n|-damage|p1a: Arcanine|67\/100\n|move|p2a: Tyranitar|Assurance|p1a: Arcanine\n|-damage|p1a: Arcanine|0 fnt\n|faint|p1a: Arcanine\n|move|p1b: Ting-Lu|Ruination|p2b: Indeedee\n|-damage|p2b: Indeedee|51\/100\n|\n|-weather|Sandstorm|[upkeep]\n|upkeep\n|\n|t:|1682683387\n|switch|p1a: Palafin|Palafin-Hero, L50, M|100\/100\n|-activate|p1a: Palafin|ability: Zero to Hero\n|turn|2\n|\n|t:|1682683397\n|move|p1a: Palafin|Protect|p1a: Palafin\n|-singleturn|p1a: Palafin|Protect\n|move|p2b: Indeedee|Psychic|p1a: Palafin\n|-activate|p1a: Palafin|move: Protect\n|move|p2a: Tyranitar|Assurance|p1a: Palafin\n|-activate|p1a: Palafin|move: Protect\n|move|p1b: Ting-Lu|Payback|p2b: Indeedee\n|-supereffective|p2b: Indeedee\n|-damage|p2b: Indeedee|0 fnt\n|faint|p2b: Indeedee\n|\n|-weather|Sandstorm|[upkeep]\n|-damage|p1a: Palafin|94\/100|[from] Sandstorm\n|upkeep\n|\n|t:|1682683400\n|switch|p2b: Lycanroc|Lycanroc, L50, M|100\/100\n|turn|3\n|\n|t:|1682683413\n|move|p2b: Lycanroc|Rock Slide|p1a: Palafin|[spread] p1a,p1b\n|-resisted|p1b: Ting-Lu\n|-crit|p1b: Ting-Lu\n|-damage|p1a: Palafin|68\/100\n|-damage|p1b: Ting-Lu|90\/100\n|cant|p1a: Palafin|flinch\n|move|p2a: Tyranitar|Assurance|p1a: Palafin\n|-damage|p1a: Palafin|8\/100\n|move|p1b: Ting-Lu|Payback|p2a: Tyranitar\n|-resisted|p2a: Tyranitar\n|-damage|p2a: Tyranitar|80\/100\n|\n|-weather|Sandstorm|[upkeep]\n|-damage|p1a: Palafin|2\/100|[from] Sandstorm\n|upkeep\n|turn|4\n|\n|t:|1682683435\n|switch|p1a: Amoonguss|Amoonguss, L50, M|100\/100\n|move|p2b: Lycanroc|Rock Slide|p1b: Ting-Lu|[spread] p1a,p1b\n|-resisted|p1b: Ting-Lu\n|-damage|p1a: Amoonguss|76\/100\n|-damage|p1b: Ting-Lu|83\/100\n|move|p2a: Tyranitar|Assurance|p1b: Ting-Lu\n|-resisted|p1b: Ting-Lu\n|-damage|p1b: Ting-Lu|64\/100\n|move|p1b: Ting-Lu|Stomping Tantrum|p2b: Lycanroc\n|-supereffective|p2b: Lycanroc\n|-enditem|p2b: Lycanroc|Focus Sash\n|-damage|p2b: Lycanroc|1\/100\n|\n|-weather|Sandstorm|[upkeep]\n|-damage|p1a: Amoonguss|70\/100|[from] Sandstorm\n|upkeep\n|turn|5\n|\n|t:|1682683452\n|-terastallize|p1a: Amoonguss|Water\n|move|p2b: Lycanroc|Endeavor|p1a: Amoonguss\n|-damage|p1a: Amoonguss|1\/100\n|-enditem|p1a: Amoonguss|Sitrus Berry|[eat]\n|-heal|p1a: Amoonguss|26\/100|[from] item: Sitrus Berry\n|move|p2a: Tyranitar|Assurance|p1b: Ting-Lu\n|-resisted|p1b: Ting-Lu\n|-damage|p1b: Ting-Lu|54\/100\n|move|p1b: Ting-Lu|Payback|p2b: Lycanroc\n|-damage|p2b: Lycanroc|0 fnt\n|faint|p2b: Lycanroc\n|move|p1a: Amoonguss|Spore|p2a: Tyranitar\n|-status|p2a: Tyranitar|slp|[from] move: Spore\n|\n|-weather|none\n|-fieldend|move: Psychic Terrain\n|upkeep\n|\n|t:|1682683463\n|switch|p2b: Flutter Mane|Flutter Mane, L50|100\/100\n|turn|6\n|\n|t:|1682683471\n|switch|p1a: Palafin|Palafin-Hero, L50, M|2\/100\n|-terastallize|p2b: Flutter Mane|Fairy\n|move|p2b: Flutter Mane|Dazzling Gleam|p1b: Ting-Lu|[spread] p1a,p1b\n|-supereffective|p1b: Ting-Lu\n|-damage|p1a: Palafin|0 fnt\n|-damage|p1b: Ting-Lu|3\/100\n|faint|p1a: Palafin\n|cant|p2a: Tyranitar|slp\n|move|p1b: Ting-Lu|Heavy Slam|p2b: Flutter Mane\n|-supereffective|p2b: Flutter Mane\n|-crit|p2b: Flutter Mane\n|-damage|p2b: Flutter Mane|0 fnt\n|faint|p2b: Flutter Mane\n|-end|p2b: Flutter Mane|Protosynthesis|[silent]\n|\n|upkeep\n|\n|t:|1682683473\n|switch|p1a: Amoonguss|Amoonguss, L50, M, tera:Water|59\/100\n|turn|7\n|\n|t:|1682683486\n|-curestatus|p2a: Tyranitar|slp|[msg]\n|move|p2a: Tyranitar|Assurance|p1b: Ting-Lu\n|-resisted|p1b: Ting-Lu\n|-damage|p1b: Ting-Lu|0 fnt\n|faint|p1b: Ting-Lu\n|move|p1a: Amoonguss|Pollen Puff|p1: Ting-Lu|[notarget]\n|-fail|p1a: Amoonguss\n|\n|upkeep\n|turn|8\n|\n|t:|1682683491\n|move|p2a: Tyranitar|Assurance|p1a: Amoonguss\n|-damage|p1a: Amoonguss|32\/100\n|move|p1a: Amoonguss|Spore|p2a: Tyranitar\n|-status|p2a: Tyranitar|slp|[from] move: Spore\n|\n|upkeep\n|turn|9\n|\n|t:|1682683494\n|cant|p2a: Tyranitar|slp\n|move|p1a: Amoonguss|Pollen Puff|p2a: Tyranitar\n|-supereffective|p2a: Tyranitar\n|-damage|p2a: Tyranitar|39\/100 slp\n|\n|upkeep\n|turn|10\n|\n|t:|1682683501\n|-curestatus|p2a: Tyranitar|slp|[msg]\n|move|p2a: Tyranitar|Assurance|p1a: Amoonguss\n|-damage|p1a: Amoonguss|3\/100\n|move|p1a: Amoonguss|Pollen Puff|p2a: Tyranitar\n|-supereffective|p2a: Tyranitar\n|-damage|p2a: Tyranitar|0 fnt\n|faint|p2a: Tyranitar\n|\n|win|Charlisito\n|raw|Charlisito's rating: 1142 → 1166<\/strong> (+24 for winning)\n|raw|33mmmm's rating: 1122 → 1098<\/strong> (-24 for losing)\n|l|\u260633mmmm\n","uploadtime":1682684283,"views":10,"p1id":"charlisito","p2id":"33mmmm","formatid":"gen9vgc2023regulationc","rating":1098,"private":0,"password":""}