{"id":"gen9vgc2023regulationc-1863094407","p1":"brotherbrody","p2":"MotherModie","format":"[Gen 9] VGC 2023 Regulation C","log":"|j|\u2606brotherbrody\n|j|\u2606MotherModie\n|t:|1683968710\n|gametype|doubles\n|player|p1|brotherbrody|zinzolin|\n|player|p2|MotherModie|zinzolin|\n|teamsize|p1|6\n|teamsize|p2|6\n|gen|9\n|tier|[Gen 9] VGC 2023 Regulation C\n|rule|Species Clause: Limit one of each Pok\u00e9mon\n|rule|Item Clause: Limit one of each item\n|clearpoke\n|poke|p1|Tauros-Paldea-Blaze, L50, M|\n|poke|p1|Umbreon, L50, M|\n|poke|p1|Gengar, L50, F|\n|poke|p1|Slowbro, L50, F|\n|poke|p1|Roaring Moon, L50|\n|poke|p1|Scream Tail, L50|\n|poke|p2|Iron Hands, L50|\n|poke|p2|Honchkrow, L50, M|\n|poke|p2|Amoonguss, L50, F|\n|poke|p2|Ursaring, L50, F|\n|poke|p2|Weavile, L50, F|\n|poke|p2|Iron Moth, L50|\n|teampreview|4\n|\n|t:|1683968772\n|start\n|switch|p1a: Scream Tail|Scream Tail, L50|100\/100\n|switch|p1b: Roaring Moon|Roaring Moon, L50|100\/100\n|switch|p2a: Iron Moth|Iron Moth, L50|100\/100\n|switch|p2b: Iron Hands|Iron Hands, L50|100\/100\n|turn|1\n|\n|t:|1683968835\n|move|p1b: Roaring Moon|Tailwind|p1b: Roaring Moon\n|-sidestart|p1: brotherbrody|move: Tailwind\n|move|p1a: Scream Tail|Light Screen|p1a: Scream Tail\n|-sidestart|p1: brotherbrody|move: Light Screen\n|move|p2a: Iron Moth|Bug Buzz|p1b: Roaring Moon\n|-supereffective|p1b: Roaring Moon\n|-damage|p1b: Roaring Moon|58\/100\n|move|p2b: Iron Hands|Iron Defense|p2b: Iron Hands\n|-boost|p2b: Iron Hands|def|2\n|\n|upkeep\n|turn|2\n|\n|t:|1683968878\n|-end|p1b: Roaring Moon|Protosynthesis|[silent]\n|switch|p1b: Umbreon|Umbreon, L50, M|100\/100\n|move|p1a: Scream Tail|Calm Mind|p1a: Scream Tail\n|-boost|p1a: Scream Tail|spa|1\n|-boost|p1a: Scream Tail|spd|1\n|move|p2a: Iron Moth|Bug Buzz|p1b: Umbreon\n|-supereffective|p1b: Umbreon\n|-damage|p1b: Umbreon|75\/100\n|move|p2b: Iron Hands|Drain Punch|p1b: Umbreon\n|-supereffective|p1b: Umbreon\n|-damage|p1b: Umbreon|19\/100\n|-enditem|p1b: Umbreon|Iapapa Berry|[eat]\n|-heal|p1b: Umbreon|52\/100|[from] item: Iapapa Berry\n|\n|upkeep\n|turn|3\n|\n|t:|1683968923\n|switch|p1b: Slowbro|Slowbro, L50, F|100\/100\n|move|p1a: Scream Tail|Baton Pass|p1a: Scream Tail\n|\n|t:|1683968930\n|-end|p1a: Scream Tail|Protosynthesis|[silent]\n|switch|p1a: Roaring Moon|Roaring Moon, L50|58\/100|[from] Baton Pass\n|move|p2a: Iron Moth|Bug Buzz|p1b: Slowbro\n|-supereffective|p1b: Slowbro\n|-damage|p1b: Slowbro|57\/100\n|move|p2b: Iron Hands|Drain Punch|p1b: Slowbro\n|-resisted|p1b: Slowbro\n|-damage|p1b: Slowbro|47\/100\n|-damage|p2b: Iron Hands|84\/100|[from] item: Rocky Helmet|[of] p1b: Slowbro\n|\n|upkeep\n|turn|4\n|\n|t:|1683968970\n|-terastallize|p1b: Slowbro|Steel\n|move|p1a: Roaring Moon|Dragon Claw|p2a: Iron Moth\n|-damage|p2a: Iron Moth|0 fnt\n|faint|p2a: Iron Moth\n|-end|p2a: Iron Moth|Quark Drive|[silent]\n|-damage|p1a: Roaring Moon|48\/100|[from] item: Life Orb\n|move|p1b: Slowbro|Slack Off|p1b: Slowbro\n|-heal|p1b: Slowbro|97\/100\n|move|p2b: Iron Hands|Ice Punch|p1a: Roaring Moon\n|-supereffective|p1a: Roaring Moon\n|-damage|p1a: Roaring Moon|0 fnt\n|faint|p1a: Roaring Moon\n|-end|p1a: Roaring Moon|Protosynthesis|[silent]\n|\n|-sideend|p1: brotherbrody|move: Tailwind\n|upkeep\n|\n|t:|1683969000\n|switch|p1a: Scream Tail|Scream Tail, L50|100\/100\n|switch|p2a: Ursaring|Ursaring, L50, F|100\/100\n|turn|5\n|\n|t:|1683969033\n|move|p1a: Scream Tail|Calm Mind|p1a: Scream Tail\n|-boost|p1a: Scream Tail|spa|1\n|-boost|p1a: Scream Tail|spd|1\n|move|p2a: Ursaring|Close Combat|p1b: Slowbro\n|-supereffective|p1b: Slowbro\n|-damage|p1b: Slowbro|46\/100\n|-unboost|p2a: Ursaring|def|1\n|-unboost|p2a: Ursaring|spd|1\n|-damage|p2a: Ursaring|84\/100|[from] item: Rocky Helmet|[of] p1b: Slowbro\n|move|p2b: Iron Hands|Drain Punch|p1b: Slowbro\n|-supereffective|p1b: Slowbro\n|-damage|p1b: Slowbro|3\/100\n|-heal|p2b: Iron Hands|100\/100|[from] drain|[of] p1b: Slowbro\n|-damage|p2b: Iron Hands|84\/100|[from] item: Rocky Helmet|[of] p1b: Slowbro\n|move|p1b: Slowbro|Iron Defense|p1b: Slowbro\n|-boost|p1b: Slowbro|def|2\n|\n|-sideend|p1: brotherbrody|move: Light Screen\n|-status|p2a: Ursaring|brn|[from] item: Flame Orb\n|upkeep\n|turn|6\n|\n|t:|1683969070\n|switch|p1b: Umbreon|Umbreon, L50, M|52\/100\n|move|p1a: Scream Tail|Calm Mind|p1a: Scream Tail\n|-boost|p1a: Scream Tail|spa|1\n|-boost|p1a: Scream Tail|spd|1\n|move|p2a: Ursaring|Close Combat|p1a: Scream Tail\n|-resisted|p1a: Scream Tail\n|-damage|p1a: Scream Tail|87\/100\n|-unboost|p2a: Ursaring|def|1\n|-unboost|p2a: Ursaring|spd|1\n|move|p2b: Iron Hands|Drain Punch|p1b: Umbreon\n|-supereffective|p1b: Umbreon\n|-damage|p1b: Umbreon|0 fnt\n|-heal|p2b: Iron Hands|100\/100|[from] drain|[of] p1b: Umbreon\n|faint|p1b: Umbreon\n|\n|-heal|p1a: Scream Tail|93\/100|[from] item: Leftovers\n|-damage|p2a: Ursaring|78\/100 brn|[from] brn\n|upkeep\n|\n|t:|1683969089\n|switch|p1b: Slowbro|Slowbro, L50, F, tera:Steel|37\/100\n|turn|7\n|\n|t:|1683969112\n|move|p1a: Scream Tail|Helping Hand|p1b: Slowbro\n|-singleturn|p1b: Slowbro|Helping Hand|[of] p1a: Scream Tail\n|move|p2a: Ursaring|Close Combat|p1b: Slowbro\n|-supereffective|p1b: Slowbro\n|-damage|p1b: Slowbro|0 fnt\n|-unboost|p2a: Ursaring|def|1\n|-unboost|p2a: Ursaring|spd|1\n|-damage|p2a: Ursaring|62\/100 brn|[from] item: Rocky Helmet|[of] p1b: Slowbro\n|faint|p1b: Slowbro\n|move|p2b: Iron Hands|Ice Punch|p1a: Scream Tail\n|-damage|p1a: Scream Tail|75\/100\n|\n|-heal|p1a: Scream Tail|81\/100|[from] item: Leftovers\n|-damage|p2a: Ursaring|56\/100 brn|[from] brn\n|upkeep\n|turn|8\n|\n|t:|1683969137\n|move|p1a: Scream Tail|Baton Pass||[still]\n|-fail|p1a: Scream Tail\n|move|p2a: Ursaring|Close Combat|p1a: Scream Tail\n|-resisted|p1a: Scream Tail\n|-damage|p1a: Scream Tail|68\/100\n|-unboost|p2a: Ursaring|def|1\n|-unboost|p2a: Ursaring|spd|1\n|move|p2b: Iron Hands|Ice Punch|p1a: Scream Tail\n|-damage|p1a: Scream Tail|48\/100\n|\n|-heal|p1a: Scream Tail|54\/100|[from] item: Leftovers\n|-damage|p2a: Ursaring|50\/100 brn|[from] brn\n|upkeep\n|turn|9\n|\n|t:|1683969166\n|move|p1a: Scream Tail|Light Screen|p1a: Scream Tail\n|-sidestart|p1: brotherbrody|move: Light Screen\n|move|p2a: Ursaring|Play Rough|p1a: Scream Tail\n|-damage|p1a: Scream Tail|13\/100\n|move|p2b: Iron Hands|Ice Punch|p1a: Scream Tail\n|-damage|p1a: Scream Tail|0 fnt\n|faint|p1a: Scream Tail\n|-end|p1a: Scream Tail|Protosynthesis|[silent]\n|\n|win|MotherModie\n","uploadtime":1683969182,"views":8,"p1id":"brotherbrody","p2id":"mothermodie","formatid":"gen9vgc2023regulationc","rating":0,"private":0,"password":""}