{"id":"gen9vgc2023regulationc-1860654465","p1":"BleachyBoi_426","p2":"Hoppito","format":"[Gen 9] VGC 2023 Regulation C","log":"|j|\u2606BleachyBoi_426\n|j|\u2606Hoppito\n|t:|1683662945\n|gametype|doubles\n|player|p1|BleachyBoi_426|n|\n|player|p2|Hoppito|101|\n|teamsize|p1|6\n|teamsize|p2|6\n|gen|9\n|tier|[Gen 9] VGC 2023 Regulation C\n|rule|Species Clause: Limit one of each Pok\u00e9mon\n|rule|Item Clause: Limit one of each item\n|clearpoke\n|poke|p1|Pincurchin, L50, M|\n|poke|p1|Iron Moth, L50|\n|poke|p1|Pelipper, L50, M|\n|poke|p1|Quaquaval, L50, M|\n|poke|p1|Arboliva, L50, F|\n|poke|p1|Tinkaton, L50, F|\n|poke|p2|Flutter Mane, L50|\n|poke|p2|Amoonguss, L50, M|\n|poke|p2|Murkrow, L50, F|\n|poke|p2|Rotom-Heat, L50|\n|poke|p2|Tatsugiri, L50, M|\n|poke|p2|Dondozo, L50, F|\n|teampreview|4\n|j| Jstardude\nHoppito has agreed to open team sheets.\n|c|\u2606Hoppito|glhf\n|j| jayballester\n|c|\u2606BleachyBoi_426|glhf\nBleachyBoi_426 has agreed to open team sheets.\n|c|\u2606Hoppito|ready?\n|c|\u2606BleachyBoi_426|yes\n|c| Jstardude|Supposed to be no teamsheets\n|c|\u2606BleachyBoi_426|oh\n|c|\u2606Hoppito|reset?\n|c| jayballester|why\n|c|\u2606BleachyBoi_426|not like that helps now\n|c| Jstardude|Since you've already show might as well play\n|c| jayballester|yeah\n|c|\u2606Hoppito|kay\n|c| jayballester|it's just gonna be different lmao\n|c| Jstardude|Both have prepped once don't wanna do it all again\n|j| pikallo1995\n|\n|t:|1683663256\n|start\n|switch|p1a: A.RD.|Pelipper, L50, M|100\/100\n|switch|p1b: Dark Outside|Quaquaval, L50, M|100\/100\n|switch|p2a: Murkrow|Murkrow, L50, F|100\/100\n|switch|p2b: Flutter Mane|Flutter Mane, L50|100\/100\n|-weather|RainDance|[from] ability: Drizzle|[of] p1a: A.RD.\n|turn|1\n|\n|t:|1683663299\n|move|p2a: Murkrow|Tailwind|p2a: Murkrow\n|-sidestart|p2: Hoppito|move: Tailwind\n|move|p2b: Flutter Mane|Moonblast|p1b: Dark Outside\n|-supereffective|p1b: Dark Outside\n|-enditem|p1b: Dark Outside|Focus Sash\n|-damage|p1b: Dark Outside|1\/100\n|move|p1b: Dark Outside|Aqua Step|p2b: Flutter Mane\n|-enditem|p2b: Flutter Mane|Focus Sash\n|-damage|p2b: Flutter Mane|1\/100\n|-boost|p1b: Dark Outside|spe|1\n|move|p1a: A.RD.|Tailwind|p1a: A.RD.\n|-sidestart|p1: BleachyBoi_426|move: Tailwind\n|\n|-weather|RainDance|[upkeep]\n|upkeep\n|turn|2\n|\n|t:|1683663335\n|move|p2b: Flutter Mane|Protect|p2b: Flutter Mane\n|-singleturn|p2b: Flutter Mane|Protect\n|move|p1b: Dark Outside|Icy Wind|p2a: Murkrow|[spread] p2a\n|-activate|p2b: Flutter Mane|move: Protect\n|-supereffective|p2a: Murkrow\n|-damage|p2a: Murkrow|80\/100\n|-unboost|p2a: Murkrow|spe|1\n|move|p2a: Murkrow|Brave Bird|p1b: Dark Outside\n|-supereffective|p1b: Dark Outside\n|-damage|p1b: Dark Outside|0 fnt\n|faint|p1b: Dark Outside\n|-damage|p2a: Murkrow|80\/100|[from] Recoil\n|move|p1a: A.RD.|Hurricane|p2a: Murkrow\n|-damage|p2a: Murkrow|11\/100\n|\n|-weather|RainDance|[upkeep]\n|upkeep\n|\n|t:|1683663363\n|switch|p1b: Happy Days|Arboliva, L50, F|100\/100\n|turn|3\n|\n|t:|1683663391\n|-terastallize|p1b: Happy Days|Water\n|move|p2a: Murkrow|Sunny Day|p2a: Murkrow\n|-weather|SunnyDay\n|-activate|p2b: Flutter Mane|ability: Protosynthesis\n|-start|p2b: Flutter Mane|protosynthesisspa\n|move|p2b: Flutter Mane|Mystical Fire|p1b: Happy Days\n|-resisted|p1b: Happy Days\n|-damage|p1b: Happy Days|72\/100\n|-unboost|p1b: Happy Days|spa|1\n|move|p1a: A.RD.|Hurricane|p2a: Murkrow|[miss]\n|-miss|p1a: A.RD.|p2a: Murkrow\n|move|p1b: Happy Days|Energy Ball|p2b: Flutter Mane\n|-damage|p2b: Flutter Mane|0 fnt\n|faint|p2b: Flutter Mane\n|-end|p2b: Flutter Mane|Protosynthesis|[silent]\n|\n|-weather|SunnyDay|[upkeep]\n|upkeep\n|\n|t:|1683663406\n|switch|p2b: Rotom|Rotom-Heat, L50|100\/100\n|turn|4\n|j| Tuxmux\n|\n|t:|1683663423\n|switch|p1a: Candle Queen|Tinkaton, L50, F|100\/100\n|-ability|p1a: Candle Queen|Mold Breaker\n|move|p2a: Murkrow|Protect|p2a: Murkrow\n|-singleturn|p2a: Murkrow|Protect\n|move|p2b: Rotom|Thunderbolt|p1a: Candle Queen\n|-damage|p1a: Candle Queen|73\/100\n|move|p1b: Happy Days|Energy Ball|p2a: Murkrow\n|-activate|p2a: Murkrow|move: Protect\n|\n|-weather|SunnyDay|[upkeep]\n|-sideend|p2: Hoppito|move: Tailwind\n|-sideend|p1: BleachyBoi_426|move: Tailwind\n|upkeep\n|turn|5\n|\n|t:|1683663451\n|move|p1a: Candle Queen|Fake Out|p2b: Rotom\n|-damage|p2b: Rotom|90\/100\n|move|p2a: Murkrow|Tailwind|p2a: Murkrow\n|-sidestart|p2: Hoppito|move: Tailwind\n|cant|p2b: Rotom|flinch\n|move|p1b: Happy Days|Leech Seed|p2a: Murkrow\n|-start|p2a: Murkrow|move: Leech Seed\n|\n|-weather|SunnyDay|[upkeep]\n|-damage|p2a: Murkrow|0 fnt|[from] Leech Seed|[of] p1b: Happy Days\n|-heal|p1b: Happy Days|82\/100|[silent]\n|faint|p2a: Murkrow\n|upkeep\n|\n|t:|1683663461\n|switch|p2a: Amoonguss|Amoonguss, L50, M|100\/100\n|turn|6\n|\n|t:|1683663490\n|switch|p1a: A.RD.|Pelipper, L50, M|100\/100\n|-weather|RainDance|[from] ability: Drizzle|[of] p1a: A.RD.\n|move|p2a: Amoonguss|Rage Powder|p2a: Amoonguss\n|-singleturn|p2a: Amoonguss|move: Rage Powder\n|move|p2b: Rotom|Overheat|p1a: A.RD.\n|-resisted|p1a: A.RD.\n|-damage|p1a: A.RD.|79\/100\n|-unboost|p2b: Rotom|spa|2\n|move|p1b: Happy Days|Leech Seed|p2a: Amoonguss\n|-immune|p2a: Amoonguss\n|\n|-weather|RainDance|[upkeep]\n|upkeep\n|turn|7\n|\n|t:|1683663511\n|move|p2a: Amoonguss|Rage Powder|p2a: Amoonguss\n|-singleturn|p2a: Amoonguss|move: Rage Powder\n|move|p2b: Rotom|Thunderbolt|p1a: A.RD.\n|-supereffective|p1a: A.RD.\n|-damage|p1a: A.RD.|0 fnt\n|faint|p1a: A.RD.\n|move|p1b: Happy Days|Leech Seed|p2a: Amoonguss\n|-immune|p2a: Amoonguss\n|\n|-weather|RainDance|[upkeep]\n|upkeep\n|\n|t:|1683663519\n|switch|p1a: Candle Queen|Tinkaton, L50, F|73\/100\n|-ability|p1a: Candle Queen|Mold Breaker\n|turn|8\n|\n|t:|1683663527\n|move|p2b: Rotom|Protect|p2b: Rotom\n|-singleturn|p2b: Rotom|Protect\n|move|p1a: Candle Queen|Fake Out|p2b: Rotom\n|-activate|p2b: Rotom|move: Protect\n|move|p2a: Amoonguss|Spore|p1a: Candle Queen\n|-status|p1a: Candle Queen|slp|[from] move: Spore\n|move|p1b: Happy Days|Energy Ball|p2a: Amoonguss\n|-resisted|p2a: Amoonguss\n|-damage|p2a: Amoonguss|95\/100\n|\n|-weather|RainDance|[upkeep]\n|-sideend|p2: Hoppito|move: Tailwind\n|upkeep\n|turn|9\n|\n|t:|1683663546\n|move|p2a: Amoonguss|Rage Powder|p2a: Amoonguss\n|-singleturn|p2a: Amoonguss|move: Rage Powder\n|cant|p1a: Candle Queen|slp\n|move|p2b: Rotom|Thunderbolt|p1b: Happy Days\n|-supereffective|p1b: Happy Days\n|-damage|p1b: Happy Days|42\/100\n|-enditem|p1b: Happy Days|Sitrus Berry|[eat]\n|-heal|p1b: Happy Days|67\/100|[from] item: Sitrus Berry\n|move|p1b: Happy Days|Energy Ball|p2a: Amoonguss\n|-resisted|p2a: Amoonguss\n|-damage|p2a: Amoonguss|88\/100\n|\n|-weather|RainDance|[upkeep]\n|upkeep\n|turn|10\n|\n|t:|1683663569\n|move|p2a: Amoonguss|Rage Powder|p2a: Amoonguss\n|-singleturn|p2a: Amoonguss|move: Rage Powder\n|cant|p1a: Candle Queen|slp\n|move|p2b: Rotom|Thunderbolt|p1b: Happy Days\n|-supereffective|p1b: Happy Days\n|-damage|p1b: Happy Days|28\/100\n|-status|p1b: Happy Days|par\n|move|p1b: Happy Days|Leech Seed|p2a: Amoonguss\n|-immune|p2a: Amoonguss\n|\n|-weather|none\n|-item|p1b: Happy Days|Sitrus Berry|[from] ability: Harvest\n|upkeep\n|-enditem|p1b: Happy Days|Sitrus Berry|[eat]\n|-heal|p1b: Happy Days|53\/100 par|[from] item: Sitrus Berry\n|turn|11\n|\n|t:|1683663587\n|cant|p1b: Happy Days|par\n|move|p2a: Amoonguss|Rage Powder|p2a: Amoonguss\n|-singleturn|p2a: Amoonguss|move: Rage Powder\n|cant|p1a: Candle Queen|slp\n|move|p2b: Rotom|Thunderbolt|p1b: Happy Days\n|-supereffective|p1b: Happy Days\n|-damage|p1b: Happy Days|12\/100 par\n|\n|-item|p1b: Happy Days|Sitrus Berry|[from] ability: Harvest\n|upkeep\n|-enditem|p1b: Happy Days|Sitrus Berry|[eat]\n|-heal|p1b: Happy Days|37\/100 par|[from] item: Sitrus Berry\n|turn|12\n|\n|t:|1683663599\n|move|p1b: Happy Days|Protect|p1b: Happy Days\n|-singleturn|p1b: Happy Days|Protect\n|move|p2a: Amoonguss|Rage Powder|p2a: Amoonguss\n|-singleturn|p2a: Amoonguss|move: Rage Powder\n|-curestatus|p1a: Candle Queen|slp|[msg]\n|move|p1a: Candle Queen|Gigaton Hammer|p2a: Amoonguss\n|-damage|p2a: Amoonguss|45\/100\n|move|p2b: Rotom|Thunderbolt|p1b: Happy Days\n|-activate|p1b: Happy Days|move: Protect\n|\n|-item|p1b: Happy Days|Sitrus Berry|[from] ability: Harvest\n|upkeep\n|-enditem|p1b: Happy Days|Sitrus Berry|[eat]\n|-heal|p1b: Happy Days|62\/100 par|[from] item: Sitrus Berry\n|turn|13\n|\n|t:|1683663617\n|move|p1a: Candle Queen|Knock Off|p2a: Amoonguss\n|-damage|p2a: Amoonguss|28\/100\n|-enditem|p2a: Amoonguss|Covert Cloak|[from] move: Knock Off|[of] p1a: Candle Queen\n|move|p2b: Rotom|Overheat|p1a: Candle Queen|[miss]\n|-miss|p2b: Rotom|p1a: Candle Queen\n|move|p2a: Amoonguss|Spore|p1a: Candle Queen\n|-status|p1a: Candle Queen|slp|[from] move: Spore\n|move|p1b: Happy Days|Leech Seed|p2b: Rotom\n|-start|p2b: Rotom|move: Leech Seed\n|\n|-damage|p2b: Rotom|78\/100|[from] Leech Seed|[of] p1b: Happy Days\n|-heal|p1b: Happy Days|73\/100 par|[silent]\n|-item|p1b: Happy Days|Sitrus Berry|[from] ability: Harvest\n|upkeep\n|turn|14\n|c| jayballester|harvest moment\n|\n|t:|1683663653\n|cant|p1b: Happy Days|par\n|cant|p1a: Candle Queen|slp\n|move|p2b: Rotom|Overheat|p1a: Candle Queen\n|-supereffective|p1a: Candle Queen\n|-damage|p1a: Candle Queen|37\/100 slp\n|-unboost|p2b: Rotom|spa|2\n|move|p2a: Amoonguss|Pollen Puff|p2b: Rotom\n|-heal|p2b: Rotom|100\/100\n|\n|-damage|p2b: Rotom|88\/100|[from] Leech Seed|[of] p1b: Happy Days\n|-heal|p1b: Happy Days|83\/100 par|[silent]\n|upkeep\n|turn|15\n|\n|t:|1683663676\n|move|p2a: Amoonguss|Protect|p2a: Amoonguss\n|-singleturn|p2a: Amoonguss|Protect\n|-curestatus|p1a: Candle Queen|slp|[msg]\n|move|p1a: Candle Queen|Gigaton Hammer|p2a: Amoonguss\n|-activate|p2a: Amoonguss|move: Protect\n|move|p2b: Rotom|Overheat|p1a: Candle Queen\n|-supereffective|p1a: Candle Queen\n|-damage|p1a: Candle Queen|14\/100\n|-unboost|p2b: Rotom|spa|2\n|move|p1b: Happy Days|Energy Ball|p2a: Amoonguss\n|-activate|p2a: Amoonguss|move: Protect\n|\n|-damage|p2b: Rotom|76\/100|[from] Leech Seed|[of] p1b: Happy Days\n|-heal|p1b: Happy Days|93\/100 par|[silent]\n|upkeep\n|turn|16\n|\n|t:|1683663701\n|move|p1a: Candle Queen|Knock Off|p2a: Amoonguss\n|-damage|p2a: Amoonguss|17\/100\n|move|p2b: Rotom|Will-O-Wisp|p1a: Candle Queen\n|-status|p1a: Candle Queen|brn\n|move|p2a: Amoonguss|Spore||[still]\n|-fail|p2a: Amoonguss\n|move|p1b: Happy Days|Energy Ball|p2a: Amoonguss\n|-resisted|p2a: Amoonguss\n|-damage|p2a: Amoonguss|11\/100\n|\n|-damage|p2b: Rotom|64\/100|[from] Leech Seed|[of] p1b: Happy Days\n|-heal|p1b: Happy Days|100\/100 par|[silent]\n|-damage|p1a: Candle Queen|8\/100 brn|[from] brn\n|upkeep\n|turn|17\n|\n|t:|1683663718\n|move|p2a: Amoonguss|Protect|p2a: Amoonguss\n|-singleturn|p2a: Amoonguss|Protect\n|move|p1a: Candle Queen|Feint|p2a: Amoonguss\n|-activate|p2a: Amoonguss|move: Feint\n|-damage|p2a: Amoonguss|9\/100\n|move|p2b: Rotom|Thunderbolt|p1b: Happy Days\n|-supereffective|p1b: Happy Days\n|-damage|p1b: Happy Days|81\/100 par\n|cant|p1b: Happy Days|par\n|\n|-damage|p2b: Rotom|52\/100|[from] Leech Seed|[of] p1b: Happy Days\n|-heal|p1b: Happy Days|91\/100 par|[silent]\n|-damage|p1a: Candle Queen|3\/100 brn|[from] brn\n|upkeep\n|turn|18\n|\n|t:|1683663753\n|move|p1a: Candle Queen|Gigaton Hammer|p2a: Amoonguss\n|-damage|p2a: Amoonguss|0 fnt\n|faint|p2a: Amoonguss\n|move|p2b: Rotom|Thunderbolt|p1b: Happy Days\n|-supereffective|p1b: Happy Days\n|-damage|p1b: Happy Days|71\/100 par\n|move|p1b: Happy Days|Energy Ball|p2b: Rotom\n|-resisted|p2b: Rotom\n|-damage|p2b: Rotom|37\/100\n|-enditem|p2b: Rotom|Sitrus Berry|[eat]\n|-heal|p2b: Rotom|62\/100|[from] item: Sitrus Berry\n|\n|-damage|p2b: Rotom|50\/100|[from] Leech Seed|[of] p1b: Happy Days\n|-heal|p1b: Happy Days|81\/100 par|[silent]\n|-damage|p1a: Candle Queen|0 fnt|[from] brn\n|faint|p1a: Candle Queen\n|upkeep\n|turn|19\n|\n|t:|1683663769\n|cant|p1b: Happy Days|par\n|move|p2b: Rotom|Thunderbolt|p1b: Happy Days\n|-supereffective|p1b: Happy Days\n|-damage|p1b: Happy Days|60\/100 par\n|\n|-damage|p2b: Rotom|37\/100|[from] Leech Seed|[of] p1b: Happy Days\n|-heal|p1b: Happy Days|71\/100 par|[silent]\n|upkeep\n|turn|20\n|c| jayballester|crit time\n|\n|t:|1683663776\n|cant|p1b: Happy Days|par\n|move|p2b: Rotom|Thunderbolt|p1b: Happy Days\n|-supereffective|p1b: Happy Days\n|-damage|p1b: Happy Days|48\/100 par\n|-enditem|p1b: Happy Days|Sitrus Berry|[eat]\n|-heal|p1b: Happy Days|73\/100 par|[from] item: Sitrus Berry\n|\n|-damage|p2b: Rotom|25\/100|[from] Leech Seed|[of] p1b: Happy Days\n|-heal|p1b: Happy Days|83\/100 par|[silent]\n|-item|p1b: Happy Days|Sitrus Berry|[from] ability: Harvest\n|upkeep\n|turn|21\n|\n|t:|1683663786\n|cant|p1b: Happy Days|par\n|move|p2b: Rotom|Thunderbolt|p1b: Happy Days\n|-supereffective|p1b: Happy Days\n|-damage|p1b: Happy Days|64\/100 par\n|\n|-damage|p2b: Rotom|13\/100|[from] Leech Seed|[of] p1b: Happy Days\n|-heal|p1b: Happy Days|74\/100 par|[silent]\n|upkeep\n|turn|22\n|\n|t:|1683663797\n|move|p1b: Happy Days|Protect|p1b: Happy Days\n|-singleturn|p1b: Happy Days|Protect\n|move|p2b: Rotom|Thunderbolt|p1b: Happy Days\n|-activate|p1b: Happy Days|move: Protect\n|\n|-damage|p2b: Rotom|1\/100|[from] Leech Seed|[of] p1b: Happy Days\n|-heal|p1b: Happy Days|84\/100 par|[silent]\n|upkeep\n|turn|23\n|c|\u2606BleachyBoi_426|finally\n|c| Tuxmux|bro wtf happened\n|c| Tuxmux|I haven't been watching\n|c| Tuxmux|shit's 23 turns huh\n|\n|t:|1683663814\n|move|p2b: Rotom|Thunderbolt|p1b: Happy Days\n|-supereffective|p1b: Happy Days\n|-damage|p1b: Happy Days|65\/100 par\n|move|p1b: Happy Days|Energy Ball|p2b: Rotom\n|-resisted|p2b: Rotom\n|-damage|p2b: Rotom|0 fnt\n|faint|p2b: Rotom\n|\n|win|BleachyBoi_426\n|c| Tuxmux|goddamn stall fest or\n|c|\u2606Hoppito|ggs\n|c|\u2606BleachyBoi_426|amoongus and arboliva happened\n|c| pikallo1995|Never would have said arboliva was usable\n|c| jayballester|arboliva is great\n|c| pikallo1995|apparently so\n|c|\u2606BleachyBoi_426|I love arboliva\n|c|\u2606BleachyBoi_426|arboliva has been the GOAT for me\n|l| pikallo1995\n|c|\u2606BleachyBoi_426|anyways gg\n|l| Jstardude\n|l| Tuxmux\n|l|\u2606Hoppito\n|l|\u2606BleachyBoi_426\n","uploadtime":1683664799,"views":19,"p1id":"bleachyboi426","p2id":"hoppito","formatid":"gen9vgc2023regulationc","rating":0,"private":0,"password":""}