{"id":"gen9vgc2023regulationc-1861492661","p1":"wZimsky","p2":"Millie Jean","format":"[Gen 9] VGC 2023 Regulation C","log":"|j|\u2606wZimsky\n|j|\u2606Millie Jean\n|t:|1683764590\n|gametype|doubles\n|player|p1|wZimsky|psychic-gen4|1258\n|player|p2|Millie Jean|whitney|1192\n|teamsize|p1|6\n|teamsize|p2|6\n|gen|9\n|tier|[Gen 9] VGC 2023 Regulation C\n|rated|\n|rule|Species Clause: Limit one of each Pok\u00e9mon\n|rule|Item Clause: Limit one of each item\n|clearpoke\n|poke|p1|Dragonite, L50, F|\n|poke|p1|Sableye, L50, M|\n|poke|p1|Ceruledge, L50, M|\n|poke|p1|Murkrow, L50, M|\n|poke|p1|Maushold-Four, L50|\n|poke|p1|Hydreigon, L50, M|\n|poke|p2|Wo-Chien, L50|\n|poke|p2|Glimmora, L50, F|\n|poke|p2|Dondozo, L50, F|\n|poke|p2|Tatsugiri, L50, F|\n|poke|p2|Arcanine, L50, F|\n|poke|p2|Flutter Mane, L50|\n|teampreview|4\n|inactive|Battle timer is ON: inactive players will automatically lose when time's up. (requested by Millie Jean)\nMillie Jean has agreed to open team sheets.\nwZimsky rejected open team sheets.\n|inactive|Millie Jean has 60 seconds left.\n|\n|t:|1683764622\n|start\n|switch|p1a: Murkrow|Murkrow, L50, M|100\/100\n|switch|p1b: Hydreigon|Hydreigon, L50, M|100\/100\n|switch|p2a: Glimmora|Glimmora, L50, F|100\/100\n|switch|p2b: Arcanine|Arcanine, L50, F|100\/100\n|-ability|p2b: Arcanine|Intimidate|boost\n|-unboost|p1a: Murkrow|atk|1\n|-unboost|p1b: Hydreigon|atk|1\n|turn|1\n|inactive|wZimsky has 30 seconds left.\n|\n|t:|1683764656\n|move|p2b: Arcanine|Extreme Speed|p2a: Glimmora\n|-resisted|p2a: Glimmora\n|-damage|p2a: Glimmora|92\/100\n|-activate|p2a: Glimmora|ability: Toxic Debris\n|-sidestart|p1: wZimsky|move: Toxic Spikes\n|move|p1a: Murkrow|Tailwind|p1a: Murkrow\n|-sidestart|p1: wZimsky|move: Tailwind\n|move|p1b: Hydreigon|Draco Meteor|p2a: Glimmora\n|-damage|p2a: Glimmora|9\/100\n|-unboost|p1b: Hydreigon|spa|2\n|-damage|p1b: Hydreigon|91\/100|[from] item: Life Orb\n|move|p2a: Glimmora|Mortal Spin|p1a: Murkrow|[spread] p1a,p1b\n|-damage|p1a: Murkrow|95\/100\n|-damage|p1b: Hydreigon|86\/100\n|-status|p1a: Murkrow|psn\n|-status|p1b: Hydreigon|psn\n|\n|-damage|p1b: Hydreigon|73\/100 psn|[from] psn\n|-damage|p1a: Murkrow|83\/100 psn|[from] psn\n|upkeep\n|turn|2\n|\n|t:|1683764681\n|move|p2b: Arcanine|Protect|p2b: Arcanine\n|-singleturn|p2b: Arcanine|Protect\n|move|p1a: Murkrow|Haze|p1a: Murkrow\n|-clearallboost\n|move|p1b: Hydreigon|Draco Meteor|p2b: Arcanine\n|-activate|p2b: Arcanine|move: Protect\n|move|p2a: Glimmora|Power Gem|p1a: Murkrow\n|-supereffective|p1a: Murkrow\n|-damage|p1a: Murkrow|8\/100 psn\n|\n|-damage|p1b: Hydreigon|61\/100 psn|[from] psn\n|-damage|p1a: Murkrow|0 fnt|[from] psn\n|faint|p1a: Murkrow\n|upkeep\n|\n|t:|1683764701\n|switch|p1a: Maushold|Maushold-Four, L50|100\/100\n|-status|p1a: Maushold|psn\n|turn|3\n|\n|t:|1683764724\n|switch|p2b: Flutter Mane|Flutter Mane, L50|100\/100\n|move|p1a: Maushold|Population Bomb|p2b: Flutter Mane\n|-immune|p2b: Flutter Mane\n|move|p1b: Hydreigon|Dark Pulse|p2b: Flutter Mane\n|-damage|p2b: Flutter Mane|61\/100\n|-damage|p1b: Hydreigon|51\/100 psn|[from] item: Life Orb\n|move|p2a: Glimmora|Power Gem|p1a: Maushold\n|-damage|p1a: Maushold|52\/100 psn\n|\n|-damage|p1a: Maushold|40\/100 psn|[from] psn\n|-damage|p1b: Hydreigon|39\/100 psn|[from] psn\n|upkeep\n|turn|4\n|inactive|wZimsky has 30 seconds left.\n|inactive|Millie Jean has 30 seconds left.\n|\n|t:|1683764751\n|move|p1a: Maushold|Population Bomb|p2a: Glimmora\n|-resisted|p2a: Glimmora\n|-damage|p2a: Glimmora|5\/100\n|-activate|p2a: Glimmora|ability: Toxic Debris\n|-sidestart|p1: wZimsky|move: Toxic Spikes\n|-resisted|p2a: Glimmora\n|-damage|p2a: Glimmora|0 fnt\n|faint|p2a: Glimmora\n|-hitcount|p2: Glimmora|2\n|move|p1b: Hydreigon|Flash Cannon|p2b: Flutter Mane\n|-supereffective|p2b: Flutter Mane\n|-damage|p2b: Flutter Mane|7\/100\n|-damage|p1b: Hydreigon|29\/100 psn|[from] item: Life Orb\n|move|p2b: Flutter Mane|Moonblast|p1a: Maushold\n|-damage|p1a: Maushold|0 fnt\n|faint|p1a: Maushold\n|\n|-damage|p1b: Hydreigon|17\/100 psn|[from] psn\n|-sideend|p1: wZimsky|move: Tailwind\n|upkeep\n|\n|t:|1683764771\n|switch|p1a: Ceruledge|Ceruledge, L50, M|100\/100\n|switch|p2a: Arcanine|Arcanine, L50, F|100\/100\n|-ability|p2a: Arcanine|Intimidate|boost\n|-unboost|p1a: Ceruledge|atk|1\n|-unboost|p1b: Hydreigon|atk|1\n|-status|p1a: Ceruledge|tox\n|turn|5\n|\n|t:|1683764791\n|move|p2a: Arcanine|Protect|p2a: Arcanine\n|-singleturn|p2a: Arcanine|Protect\n|move|p1a: Ceruledge|Shadow Sneak|p2b: Flutter Mane\n|-supereffective|p2b: Flutter Mane\n|-damage|p2b: Flutter Mane|0 fnt\n|faint|p2b: Flutter Mane\n|-end|p2b: Flutter Mane|Protosynthesis|[silent]\n|move|p1b: Hydreigon|Draco Meteor|p2a: Arcanine\n|-activate|p2a: Arcanine|move: Protect\n|\n|-damage|p1b: Hydreigon|4\/100 psn|[from] psn\n|-damage|p1a: Ceruledge|94\/100 tox|[from] psn\n|upkeep\n|\n|t:|1683764802\n|switch|p2b: Wo-Chien|Wo-Chien, L50|100\/100\n|-ability|p2b: Wo-Chien|Tablets of Ruin\n|turn|6\n|\n|t:|1683764814\n|-terastallize|p2b: Wo-Chien|Poison\n|move|p2a: Arcanine|Extreme Speed|p1b: Hydreigon\n|-damage|p1b: Hydreigon|0 fnt\n|faint|p1b: Hydreigon\n|move|p1a: Ceruledge|Bitter Blade|p2b: Wo-Chien\n|-damage|p2b: Wo-Chien|83\/100\n|-heal|p1a: Ceruledge|100\/100 tox|[from] drain|[of] p2b: Wo-Chien\n|move|p2b: Wo-Chien|Leech Seed|p1a: Ceruledge|[miss]\n|-miss|p2b: Wo-Chien|p1a: Ceruledge\n|\n|-damage|p1a: Ceruledge|88\/100 tox|[from] psn\n|upkeep\n|turn|7\n|-message|wZimsky forfeited.\n|\n|win|Millie Jean\n|raw|wZimsky's rating: 1258 → 1228<\/strong> (-30 for losing)\n|raw|Millie Jean's rating: 1192 → 1222<\/strong> (+30 for winning)\n|l|\u2606wZimsky\n","uploadtime":1683764832,"views":5,"p1id":"wzimsky","p2id":"milliejean","formatid":"gen9vgc2023regulationc","rating":1222,"private":0,"password":""}