{"id":"gen9vgc2023regulationc-1860033842","p1":"LobsterLiveGaming","p2":"flaid","format":"[Gen 9] VGC 2023 Regulation C","log":"|j|\u2606LobsterLiveGaming\n|j|\u2606flaid\n|t:|1683587466\n|gametype|doubles\n|player|p1|LobsterLiveGaming|darach-caitlin|1174\n|player|p2|flaid|169|1173\n|teamsize|p1|6\n|teamsize|p2|6\n|gen|9\n|tier|[Gen 9] VGC 2023 Regulation C\n|rated|\n|rule|Species Clause: Limit one of each Pok\u00e9mon\n|rule|Item Clause: Limit one of each item\n|clearpoke\n|poke|p1|Chi-Yu, L50|\n|poke|p1|Gastrodon-East, L50, F|\n|poke|p1|Pelipper, L50, M|\n|poke|p1|Drednaw, L50, F|\n|poke|p1|Flutter Mane, L50|\n|poke|p1|Amoonguss, L50, M|\n|poke|p2|Lilligant, L50, F|\n|poke|p2|Torkoal, L50, F|\n|poke|p2|Flutter Mane, L50|\n|poke|p2|Kingambit, L50, F|\n|poke|p2|Dragonite, L50, F|\n|poke|p2|Great Tusk, L50|\n|teampreview|4\n|inactive|Battle timer is ON: inactive players will automatically lose when time's up. (requested by LobsterLiveGaming)\n|\n|t:|1683587490\n|start\n|switch|p1a: Chi-Yu|Chi-Yu, L50|100\/100\n|switch|p1b: Amoonguss|Amoonguss, L50, M|100\/100\n|switch|p2a: TT|Lilligant, L50, F, shiny|100\/100\n|switch|p2b: Breakthrough|Torkoal, L50, F, shiny|100\/100\n|-ability|p1a: Chi-Yu|Beads of Ruin\n|-weather|SunnyDay|[from] ability: Drought|[of] p2b: Breakthrough\n|turn|1\n|\n|t:|1683587509\n|move|p1a: Chi-Yu|Protect|p1a: Chi-Yu\n|-singleturn|p1a: Chi-Yu|Protect\n|move|p1b: Amoonguss|Protect|p1b: Amoonguss\n|-singleturn|p1b: Amoonguss|Protect\n|move|p2a: TT|After You|p2b: Breakthrough\n|-activate|p2b: Breakthrough|move: After You\n|move|p2b: Breakthrough|Eruption|p1b: Amoonguss|[spread] \n|-activate|p1a: Chi-Yu|move: Protect\n|-activate|p1b: Amoonguss|move: Protect\n|\n|-weather|SunnyDay|[upkeep]\n|upkeep\n|turn|2\n|inactive|LobsterLiveGaming has 30 seconds left.\n|inactive|flaid has 30 seconds left.\n|inactive|LobsterLiveGaming has 20 seconds left.\n|inactive|LobsterLiveGaming has 15 seconds left.\n|inactive|LobsterLiveGaming has 10 seconds left.\n|inactive|LobsterLiveGaming has 5 seconds left.\n|\n|t:|1683587562\n|switch|p1b: Drednaw|Drednaw, L50, F, shiny|100\/100\n|move|p2a: TT|After You|p2b: Breakthrough\n|-activate|p2b: Breakthrough|move: After You\n|move|p2b: Breakthrough|Eruption|p1a: Chi-Yu|[spread] p1a,p1b\n|-resisted|p1a: Chi-Yu\n|-resisted|p1b: Drednaw\n|-damage|p1a: Chi-Yu|50\/100\n|-damage|p1b: Drednaw|60\/100\n|move|p1a: Chi-Yu|Heat Wave|p2b: Breakthrough|[spread] p2a,p2b\n|-supereffective|p2a: TT\n|-resisted|p2b: Breakthrough\n|-crit|p2b: Breakthrough\n|-enditem|p2a: TT|Focus Sash\n|-damage|p2a: TT|1\/100\n|-damage|p2b: Breakthrough|0 fnt\n|faint|p2b: Breakthrough\n|-damage|p1a: Chi-Yu|40\/100|[from] item: Life Orb\n|\n|-weather|SunnyDay|[upkeep]\n|upkeep\n|\n|t:|1683587580\n|switch|p2b: Espresso|Dragonite, L50, F|100\/100\n|turn|3\n|inactive|LobsterLiveGaming has 30 seconds left.\n|\n|t:|1683587606\n|-terastallize|p1b: Drednaw|Grass\n|-terastallize|p2b: Espresso|Flying\n|move|p1a: Chi-Yu|Protect|p1a: Chi-Yu\n|-singleturn|p1a: Chi-Yu|Protect\n|move|p2a: TT|Leaf Storm|p1b: Drednaw\n|-resisted|p1b: Drednaw\n|-damage|p1b: Drednaw|2\/100\n|-unboost|p2a: TT|spa|2\n|move|p1b: Drednaw|Rock Slide|p2b: Espresso|[spread] p2a\n|-miss|p1b: Drednaw|p2b: Espresso\n|-damage|p2a: TT|0 fnt\n|faint|p2a: TT\n|move|p2b: Espresso|Tera Blast|p1a: Chi-Yu\n|-activate|p1a: Chi-Yu|move: Protect\n|\n|-weather|SunnyDay|[upkeep]\n|upkeep\n|\n|t:|1683587623\n|switch|p2a: Trouble|Great Tusk, L50, shiny|100\/100\n|-activate|p2a: Trouble|ability: Protosynthesis\n|-start|p2a: Trouble|protosynthesisatk\n|turn|4\n|inactive|LobsterLiveGaming has 30 seconds left.\n|\n|t:|1683587649\n|switch|p1a: Pelipper|Pelipper, L50, M|100\/100\n|-weather|RainDance|[from] ability: Drizzle|[of] p1a: Pelipper\n|-end|p2a: Trouble|Protosynthesis\n|move|p2b: Espresso|Extreme Speed|p1a: Pelipper\n|-damage|p1a: Pelipper|57\/100\n|move|p1b: Drednaw|Rock Slide|p2a: Trouble|[spread] p2a,p2b\n|-resisted|p2a: Trouble\n|-supereffective|p2b: Espresso\n|-damage|p2a: Trouble|95\/100\n|-damage|p2b: Espresso|72\/100\n|move|p2a: Trouble|Earthquake|p1b: Drednaw|[spread] p1b\n|-immune|p2b: Espresso\n|-immune|p1a: Pelipper\n|-resisted|p1b: Drednaw\n|-damage|p1b: Drednaw|0 fnt\n|faint|p1b: Drednaw\n|\n|-weather|RainDance|[upkeep]\n|upkeep\n|\n|t:|1683587672\n|switch|p1b: Amoonguss|Amoonguss, L50, M|100\/100\n|turn|5\n|\n|t:|1683587686\n|move|p1b: Amoonguss|Protect|p1b: Amoonguss\n|-singleturn|p1b: Amoonguss|Protect\n|move|p2a: Trouble|Earthquake|p1b: Amoonguss|[spread] \n|-activate|p1b: Amoonguss|move: Protect\n|-immune|p2b: Espresso\n|-immune|p1a: Pelipper\n|move|p2b: Espresso|Ice Spinner|p1a: Pelipper\n|-damage|p1a: Pelipper|15\/100\n|move|p1a: Pelipper|Hurricane|p2a: Trouble\n|-supereffective|p2a: Trouble\n|-damage|p2a: Trouble|0 fnt\n|faint|p2a: Trouble\n|-end|p2a: Trouble|Protosynthesis|[silent]\n|\n|-weather|RainDance|[upkeep]\n|upkeep\n|turn|6\n|\n|t:|1683587701\n|move|p2b: Espresso|Extreme Speed|p1a: Pelipper\n|-damage|p1a: Pelipper|0 fnt\n|faint|p1a: Pelipper\n|move|p1b: Amoonguss|Spore|p2b: Espresso\n|-status|p2b: Espresso|slp|[from] move: Spore\n|-enditem|p2b: Espresso|Lum Berry|[eat]\n|-curestatus|p2b: Espresso|slp|[msg]\n|\n|-weather|RainDance|[upkeep]\n|upkeep\n|\n|t:|1683587705\n|switch|p1a: Chi-Yu|Chi-Yu, L50|40\/100\n|-ability|p1a: Chi-Yu|Beads of Ruin\n|turn|7\n|inactive|flaid has 30 seconds left.\n|\n|t:|1683587737\n|move|p2b: Espresso|Extreme Speed|p1a: Chi-Yu\n|-damage|p1a: Chi-Yu|0 fnt\n|faint|p1a: Chi-Yu\n|move|p1b: Amoonguss|Spore|p2b: Espresso\n|-status|p2b: Espresso|slp|[from] move: Spore\n|\n|-weather|RainDance|[upkeep]\n|upkeep\n|turn|8\n|\n|t:|1683587748\n|cant|p2b: Espresso|slp\n|move|p1b: Amoonguss|Pollen Puff|p2b: Espresso\n|-resisted|p2b: Espresso\n|-damage|p2b: Espresso|63\/100 slp\n|\n|-weather|RainDance|[upkeep]\n|upkeep\n|turn|9\n|\n|t:|1683587755\n|cant|p2b: Espresso|slp\n|move|p1b: Amoonguss|Pollen Puff|p2b: Espresso\n|-resisted|p2b: Espresso\n|-damage|p2b: Espresso|54\/100 slp\n|\n|-weather|RainDance|[upkeep]\n|upkeep\n|turn|10\n|\n|t:|1683587764\n|move|p1b: Amoonguss|Protect|p1b: Amoonguss\n|-singleturn|p1b: Amoonguss|Protect\n|cant|p2b: Espresso|slp\n|\n|-weather|RainDance|[upkeep]\n|upkeep\n|turn|11\n|\n|t:|1683587771\n|move|p1b: Amoonguss|Protect|p1b: Amoonguss\n|-singleturn|p1b: Amoonguss|Protect\n|-curestatus|p2b: Espresso|slp|[msg]\n|move|p2b: Espresso|Ice Spinner|p1b: Amoonguss\n|-activate|p1b: Amoonguss|move: Protect\n|\n|-weather|none\n|upkeep\n|turn|12\n|\n|t:|1683587779\n|move|p2b: Espresso|Ice Spinner|p1b: Amoonguss\n|-supereffective|p1b: Amoonguss\n|-damage|p1b: Amoonguss|48\/100\n|-damage|p2b: Espresso|38\/100|[from] item: Rocky Helmet|[of] p1b: Amoonguss\n|move|p1b: Amoonguss|Spore|p2b: Espresso\n|-status|p2b: Espresso|slp|[from] move: Spore\n|\n|upkeep\n|turn|13\n|\n|t:|1683587788\n|cant|p2b: Espresso|slp\n|move|p1b: Amoonguss|Pollen Puff|p2b: Espresso\n|-resisted|p2b: Espresso\n|-damage|p2b: Espresso|30\/100 slp\n|\n|upkeep\n|turn|14\n|\n|t:|1683587797\n|-curestatus|p2b: Espresso|slp|[msg]\n|move|p2b: Espresso|Ice Spinner|p1b: Amoonguss\n|-supereffective|p1b: Amoonguss\n|-damage|p1b: Amoonguss|0 fnt\n|-damage|p2b: Espresso|14\/100|[from] item: Rocky Helmet|[of] p1b: Amoonguss\n|faint|p1b: Amoonguss\n|\n|win|flaid\n|raw|LobsterLiveGaming's rating: 1174 → 1149<\/strong> (-25 for losing)\n|raw|flaid's rating: 1173 → 1198<\/strong> (+25 for winning)\n","uploadtime":1683587806,"views":13,"p1id":"lobsterlivegaming","p2id":"flaid","formatid":"gen9vgc2023regulationc","rating":1149,"private":0,"password":""}