{"id":"gen9vgc2023regulationc-1847969338","p1":"mar3k.","p2":"TNTBlowzUp","format":"[Gen 9] VGC 2023 Regulation C","log":"|j|\u2606mar3k.\n|j|\u2606TNTBlowzUp\n|t:|1682016765\n|gametype|doubles\n|player|p1|mar3k.|102|1076\n|player|p2|TNTBlowzUp|harlequin|1107\n|teamsize|p1|6\n|teamsize|p2|6\n|gen|9\n|tier|[Gen 9] VGC 2023 Regulation C\n|rated|\n|rule|Species Clause: Limit one of each Pok\u00e9mon\n|rule|Item Clause: Limit one of each item\n|clearpoke\n|poke|p1|Chi-Yu, L50|\n|poke|p1|Arcanine, L50, F|\n|poke|p1|Annihilape, L50, F|\n|poke|p1|Maushold-Four, L50|\n|poke|p1|Scizor, L50, M|\n|poke|p1|Flutter Mane, L50|\n|poke|p2|Electrode, L50|\n|poke|p2|Iron Bundle, L50|\n|poke|p2|Armarouge, L50, M|\n|poke|p2|Palafin, L50, M|\n|poke|p2|Amoonguss, L50, M|\n|poke|p2|Dragonite, L50, M|\n|teampreview|4\n|\n|t:|1682016805\n|start\n|switch|p1a: Flutter Mane|Flutter Mane, L50|100\/100\n|switch|p1b: Maushold|Maushold-Four, L50|100\/100\n|switch|p2a: Electrode|Electrode, L50, shiny|100\/100\n|switch|p2b: Palafin|Palafin, L50, M, shiny|100\/100\n|-enditem|p1a: Flutter Mane|Booster Energy\n|-activate|p1a: Flutter Mane|ability: Protosynthesis|[fromitem]\n|-start|p1a: Flutter Mane|protosynthesisspe\n|turn|1\n|\n|t:|1682016824\n|detailschange|p2b: Palafin|Palafin-Hero, L50, M, shiny\n|switch|p2b: Amoonguss|Amoonguss, L50, M, shiny|100\/100\n|-terastallize|p2a: Electrode|Steel\n|move|p1a: Flutter Mane|Protect|p1a: Flutter Mane\n|-singleturn|p1a: Flutter Mane|Protect\n|move|p2a: Electrode|Tera Blast|p1a: Flutter Mane\n|-activate|p1a: Flutter Mane|move: Protect\n|move|p1b: Maushold|Thunder Wave|p2b: Amoonguss\n|-status|p2b: Amoonguss|par\n|\n|upkeep\n|turn|2\n|\n|t:|1682016855\n|-end|p1a: Flutter Mane|Protosynthesis|[silent]\n|switch|p1a: Arcanine|Arcanine, L50, F|100\/100\n|-ability|p1a: Arcanine|Intimidate|boost\n|-unboost|p2a: Electrode|atk|1\n|-unboost|p2b: Amoonguss|atk|1\n|move|p2a: Electrode|Taunt|p1b: Maushold\n|-start|p1b: Maushold|move: Taunt\n|move|p1b: Maushold|Population Bomb|p2a: Electrode\n|-resisted|p2a: Electrode\n|-damage|p2a: Electrode|96\/100\n|-resisted|p2a: Electrode\n|-damage|p2a: Electrode|90\/100\n|-resisted|p2a: Electrode\n|-damage|p2a: Electrode|85\/100\n|-resisted|p2a: Electrode\n|-damage|p2a: Electrode|80\/100\n|-status|p1b: Maushold|par|[from] ability: Static|[of] p2a: Electrode\n|-resisted|p2a: Electrode\n|-damage|p2a: Electrode|76\/100\n|-resisted|p2a: Electrode\n|-damage|p2a: Electrode|71\/100\n|-resisted|p2a: Electrode\n|-damage|p2a: Electrode|66\/100\n|-resisted|p2a: Electrode\n|-damage|p2a: Electrode|60\/100\n|-resisted|p2a: Electrode\n|-damage|p2a: Electrode|56\/100\n|-resisted|p2a: Electrode\n|-damage|p2a: Electrode|52\/100\n|-hitcount|p2a: Electrode|10\n|move|p2b: Amoonguss|Spore|p1a: Arcanine\n|-activate|p1a: Arcanine|item: Safety Goggles|Spore\n|\n|upkeep\n|turn|3\n|\n|t:|1682016892\n|switch|p2b: Armarouge|Armarouge, L50, M, shiny|100\/100\n|move|p2a: Electrode|Volt Switch|p1b: Maushold\n|-damage|p1b: Maushold|72\/100 par\n|\n|t:|1682016896\n|switch|p2a: Palafin|Palafin-Hero, L50, M, shiny|100\/100|[from] Volt Switch\n|-activate|p2a: Palafin|ability: Zero to Hero\n|move|p1a: Arcanine|Flare Blitz|p2b: Armarouge\n|-start|p2b: Armarouge|ability: Flash Fire\n|cant|p1b: Maushold|par\n|\n|upkeep\n|turn|4\n|\n|t:|1682016925\n|switch|p1a: Chi-Yu|Chi-Yu, L50|100\/100\n|-ability|p1a: Chi-Yu|Beads of Ruin\n|move|p2a: Palafin|Jet Punch|p1a: Chi-Yu\n|-supereffective|p1a: Chi-Yu\n|-damage|p1a: Chi-Yu|13\/100\n|-enditem|p1a: Chi-Yu|Weakness Policy\n|-boost|p1a: Chi-Yu|atk|2|[from] item: Weakness Policy\n|-boost|p1a: Chi-Yu|spa|2|[from] item: Weakness Policy\n|move|p2b: Armarouge|Expanding Force|p1a: Chi-Yu\n|-immune|p1a: Chi-Yu\n|move|p1b: Maushold|Population Bomb|p2a: Palafin\n|-damage|p2a: Palafin|94\/100\n|-damage|p2a: Palafin|87\/100\n|-damage|p2a: Palafin|81\/100\n|-damage|p2a: Palafin|75\/100\n|-damage|p2a: Palafin|68\/100\n|-damage|p2a: Palafin|62\/100\n|-damage|p2a: Palafin|55\/100\n|-damage|p2a: Palafin|48\/100\n|-damage|p2a: Palafin|41\/100\n|-damage|p2a: Palafin|34\/100\n|-hitcount|p2a: Palafin|10\n|\n|-end|p1b: Maushold|move: Taunt\n|upkeep\n|turn|5\n|\n|t:|1682016956\n|move|p1a: Chi-Yu|Protect|p1a: Chi-Yu\n|-singleturn|p1a: Chi-Yu|Protect\n|move|p2a: Palafin|Jet Punch|p1a: Chi-Yu\n|-activate|p1a: Chi-Yu|move: Protect\n|move|p2b: Armarouge|Expanding Force|p1b: Maushold\n|-damage|p1b: Maushold|14\/100 par\n|cant|p1b: Maushold|par\n|\n|upkeep\n|turn|6\n|\n|t:|1682016976\n|switch|p1a: Arcanine|Arcanine, L50, F|100\/100\n|-ability|p1a: Arcanine|Intimidate|boost\n|-unboost|p2a: Palafin|atk|1\n|-unboost|p2b: Armarouge|atk|1\n|move|p2a: Palafin|Jet Punch|p1a: Arcanine\n|-supereffective|p1a: Arcanine\n|-damage|p1a: Arcanine|56\/100\n|move|p2b: Armarouge|Expanding Force|p1b: Maushold\n|-damage|p1b: Maushold|0 fnt\n|faint|p1b: Maushold\n|\n|upkeep\n|\n|t:|1682016991\n|switch|p1b: Flutter Mane|Flutter Mane, L50|100\/100\n|turn|7\n|\n|t:|1682017020\n|move|p1b: Flutter Mane|Protect|p1b: Flutter Mane\n|-singleturn|p1b: Flutter Mane|Protect\n|move|p2a: Palafin|Protect|p2a: Palafin\n|-singleturn|p2a: Palafin|Protect\n|move|p1a: Arcanine|Will-O-Wisp|p2a: Palafin\n|-activate|p2a: Palafin|move: Protect\n|move|p2b: Armarouge|Armor Cannon|p1b: Flutter Mane\n|-activate|p1b: Flutter Mane|move: Protect\n|\n|upkeep\n|turn|8\n|\n|t:|1682017046\n|-end|p2b: Armarouge|ability: Flash Fire|[silent]\n|switch|p2b: Amoonguss|Amoonguss, L50, M, shiny|100\/100 par\n|move|p1a: Arcanine|Extreme Speed|p2a: Palafin\n|-damage|p2a: Palafin|12\/100\n|move|p1b: Flutter Mane|Shadow Ball|p2b: Amoonguss\n|-damage|p2b: Amoonguss|62\/100 par\n|move|p2a: Palafin|Wave Crash|p1a: Arcanine\n|-supereffective|p1a: Arcanine\n|-damage|p1a: Arcanine|0 fnt\n|faint|p1a: Arcanine\n|-damage|p2a: Palafin|0 fnt|[from] Recoil\n|faint|p2a: Palafin\n|\n|upkeep\n|\n|t:|1682017064\n|switch|p2a: Electrode|Electrode, L50, shiny, tera:Steel|52\/100\n|switch|p1a: Chi-Yu|Chi-Yu, L50|13\/100\n|-ability|p1a: Chi-Yu|Beads of Ruin\n|turn|9\n|\n|t:|1682017082\n|-terastallize|p1a: Chi-Yu|Grass\n|move|p2a: Electrode|Volt Switch|p1a: Chi-Yu\n|-resisted|p1a: Chi-Yu\n|-damage|p1a: Chi-Yu|0 fnt\n|faint|p1a: Chi-Yu\n|\n|t:|1682017086\n|switch|p2a: Armarouge|Armarouge, L50, M, shiny|100\/100|[from] Volt Switch\n|move|p1b: Flutter Mane|Mystical Fire|p2a: Armarouge\n|-start|p2a: Armarouge|ability: Flash Fire\n|move|p2b: Amoonguss|Spore|p1b: Flutter Mane\n|-status|p1b: Flutter Mane|slp|[from] move: Spore\n|\n|upkeep\n|turn|10\n|-message|mar3k. forfeited.\n|\n|win|TNTBlowzUp\n|raw|mar3k.'s rating: 1076 → 1057<\/strong> (-19 for losing)\n|raw|TNTBlowzUp's rating: 1107 → 1130<\/strong> (+23 for winning)\n|l|\u2606mar3k.\n","uploadtime":1682017107,"views":15,"p1id":"mar3k","p2id":"tntblowzup","formatid":"gen9vgc2023regulationc","rating":1057,"private":0,"password":""}