{"id":"gen9vgc2023regulationc-1849467870","p1":"Maxicozie","p2":"iliketoeatcheese","format":"[Gen 9] VGC 2023 Regulation C","log":"|j|\u2606Maxicozie\n|j|\u2606iliketoeatcheese\n|t:|1682201920\n|gametype|doubles\n|player|p1|Maxicozie|101|1129\n|player|p2|iliketoeatcheese|170|1143\n|teamsize|p1|6\n|teamsize|p2|6\n|gen|9\n|tier|[Gen 9] VGC 2023 Regulation C\n|rated|\n|rule|Species Clause: Limit one of each Pok\u00e9mon\n|rule|Item Clause: Limit one of each item\n|clearpoke\n|poke|p1|Wo-Chien, L50|\n|poke|p1|Ting-Lu, L50|\n|poke|p1|Amoonguss, L50, M|\n|poke|p1|Garganacl, L50, M|\n|poke|p1|Arcanine, L50, M|\n|poke|p1|Palafin, L50, F|\n|poke|p2|Lycanroc-Midnight, L50, M|\n|poke|p2|Medicham, L50, M|\n|poke|p2|Dondozo, L50, M|\n|poke|p2|Tatsugiri-Stretchy, L50, F|\n|poke|p2|Mimikyu, L50, M|\n|poke|p2|Ting-Lu, L50|\n|teampreview|4\n|inactive|Battle timer is ON: inactive players will automatically lose when time's up. (requested by iliketoeatcheese)\n|inactive|Maxicozie also wants the timer to be on.\n|\n|t:|1682201941\n|start\n|switch|p1a: Garganacl|Garganacl, L50, M|100\/100\n|switch|p1b: Wo-Chien|Wo-Chien, L50|100\/100\n|switch|p2a: Lycanroc|Lycanroc-Midnight, L50, M|100\/100\n|switch|p2b: Medicham|Medicham, L50, M|100\/100\n|-ability|p1b: Wo-Chien|Tablets of Ruin\n|turn|1\n|inactive|iliketoeatcheese has 30 seconds left.\n|inactive|iliketoeatcheese has 20 seconds left.\n|\n|t:|1682201980\n|switch|p1b: Arcanine|Arcanine, L50, M|100\/100\n|-ability|p1b: Arcanine|Intimidate|boost\n|-unboost|p2a: Lycanroc|atk|1\n|-unboost|p2b: Medicham|atk|1\n|-terastallize|p1a: Garganacl|Ghost\n|move|p2b: Medicham|Skill Swap|p2a: Lycanroc\n|-activate|p2b: Medicham|move: Skill Swap|||[of] p2a: Lycanroc\n|move|p2a: Lycanroc|Stone Edge|p1b: Arcanine\n|-supereffective|p1b: Arcanine\n|-crit|p1b: Arcanine\n|-damage|p1b: Arcanine|0 fnt\n|faint|p1b: Arcanine\n|move|p1a: Garganacl|Body Press|p2a: Lycanroc\n|-supereffective|p2a: Lycanroc\n|-damage|p2a: Lycanroc|23\/100\n|\n|upkeep\n|\n|t:|1682202001\n|switch|p1b: Wo-Chien|Wo-Chien, L50|100\/100\n|-ability|p1b: Wo-Chien|Tablets of Ruin\n|turn|2\n|\n|t:|1682202022\n|move|p2b: Medicham|Detect|p2b: Medicham\n|-singleturn|p2b: Medicham|Protect\n|move|p2a: Lycanroc|Stone Edge|p1b: Wo-Chien\n|-damage|p1b: Wo-Chien|60\/100\n|move|p1b: Wo-Chien|Foul Play|p2a: Lycanroc\n|-damage|p2a: Lycanroc|0 fnt\n|faint|p2a: Lycanroc\n|move|p1a: Garganacl|Salt Cure|p2b: Medicham\n|-activate|p2b: Medicham|move: Protect\n|\n|-heal|p1b: Wo-Chien|66\/100|[from] item: Leftovers\n|upkeep\n|\n|t:|1682202033\n|switch|p2a: Dondozo|Dondozo, L50, M|100\/100\n|turn|3\n|\n|t:|1682202043\n|move|p2b: Medicham|Skill Swap|p2a: Dondozo\n|-activate|p2b: Medicham|move: Skill Swap|||[of] p2a: Dondozo\n|move|p2a: Dondozo|Substitute|p2a: Dondozo\n|-start|p2a: Dondozo|Substitute\n|-damage|p2a: Dondozo|76\/100\n|move|p1b: Wo-Chien|Leech Seed||[still]\n|-fail|p1b: Wo-Chien\n|move|p1a: Garganacl|Salt Cure|p2a: Dondozo\n|-activate|p2a: Dondozo|move: Substitute|[damage]\n|\n|-heal|p2a: Dondozo|82\/100|[from] item: Leftovers\n|-heal|p1b: Wo-Chien|72\/100|[from] item: Leftovers\n|upkeep\n|turn|4\n|inactive|iliketoeatcheese has 30 seconds left.\n|\n|t:|1682202070\n|move|p2b: Medicham|Close Combat|p1b: Wo-Chien\n|-supereffective|p1b: Wo-Chien\n|-damage|p1b: Wo-Chien|38\/100\n|-unboost|p2b: Medicham|def|1\n|-unboost|p2b: Medicham|spd|1\n|move|p2a: Dondozo|Fissure|p1a: Garganacl\n|-damage|p1a: Garganacl|0 fnt\n|faint|p1a: Garganacl\n|-ohko\n|move|p1b: Wo-Chien|Pollen Puff|p2a: Dondozo\n|-end|p2a: Dondozo|Substitute\n|\n|-heal|p2a: Dondozo|88\/100|[from] item: Leftovers\n|-heal|p1b: Wo-Chien|44\/100|[from] item: Leftovers\n|upkeep\n|\n|t:|1682202082\n|switch|p1a: Amoonguss|Amoonguss, L50, M|100\/100\n|turn|5\n|\n|t:|1682202098\n|switch|p2b: Tatsugiri|Tatsugiri-Stretchy, L50, F|100\/100\n|-activate|p2b: Tatsugiri|ability: Commander|[of] p2a: Dondozo\n|-boost|p2a: Dondozo|atk|2\n|-boost|p2a: Dondozo|spa|2\n|-boost|p2a: Dondozo|spe|2\n|-boost|p2a: Dondozo|def|2\n|-boost|p2a: Dondozo|spd|2\n|move|p2a: Dondozo|Fissure|p1a: Amoonguss\n|-damage|p1a: Amoonguss|0 fnt\n|faint|p1a: Amoonguss\n|-ohko\n|move|p1b: Wo-Chien|Foul Play|p2b: Tatsugiri|[miss]\n|-miss|p1b: Wo-Chien|p2b: Tatsugiri\n|\n|-heal|p2a: Dondozo|94\/100|[from] item: Leftovers\n|-heal|p1b: Wo-Chien|50\/100|[from] item: Leftovers\n|upkeep\n|turn|6\n|-message|Maxicozie forfeited.\n|\n|win|iliketoeatcheese\n|raw|Maxicozie's rating: 1129 → 1105<\/strong> (-24 for losing)\n|raw|iliketoeatcheese's rating: 1143 → 1167<\/strong> (+24 for winning)\n|l|\u2606Maxicozie\n","uploadtime":1682202121,"views":7,"p1id":"maxicozie","p2id":"iliketoeatcheese","formatid":"gen9vgc2023regulationc","rating":1105,"private":0,"password":""}