{"id":"gen9vgc2023regulationc-1847830817","p1":"Shmon","p2":"1st slot groudon","format":"[Gen 9] VGC 2023 Regulation C","log":"|j|\u2606Shmon\n|j|\u203d1st slot groudon\n|t:|1682005511\n|gametype|doubles\n|player|p1|Shmon|sailor|1403\n|player|p2|1st slot groudon|101|1391\n|teamsize|p1|6\n|teamsize|p2|6\n|gen|9\n|tier|[Gen 9] VGC 2023 Regulation C\n|rated|\n|rule|Species Clause: Limit one of each Pok\u00e9mon\n|rule|Item Clause: Limit one of each item\n|clearpoke\n|poke|p1|Ceruledge, L50, M|\n|poke|p1|Amoonguss, L50, F|\n|poke|p1|Flutter Mane, L50|\n|poke|p1|Ting-Lu, L50|\n|poke|p1|Rotom-Wash, L50|\n|poke|p1|Iron Hands, L50|\n|poke|p2|Palafin, L50, F|\n|poke|p2|Arcanine, L50, M|\n|poke|p2|Chien-Pao, L50|\n|poke|p2|Amoonguss, L50, F|\n|poke|p2|Flutter Mane, L50|\n|poke|p2|Kingambit, L50, F|\n|teampreview|4\n1st slot groudon has agreed to open team sheets.\n|\n|t:|1682005536\n|start\n|switch|p1a: Ken|Ceruledge, L50, M|100\/100\n|switch|p1b: Turbo Babaa|Flutter Mane, L50|100\/100\n|switch|p2a: Arcanine|Arcanine, L50, M|100\/100\n|switch|p2b: Flutter Mane|Flutter Mane, L50|100\/100\n|-ability|p2a: Arcanine|Intimidate|boost\n|-fail|p1a: Ken|unboost|[from] item: Clear Amulet|[of] p1a: Ken\n|-unboost|p1b: Turbo Babaa|atk|1\n|-enditem|p1b: Turbo Babaa|Booster Energy\n|-activate|p1b: Turbo Babaa|ability: Protosynthesis|[fromitem]\n|-start|p1b: Turbo Babaa|protosynthesisspa\n|turn|1\n|\n|t:|1682005564\n|switch|p1a: Seiko|Amoonguss, L50, F, shiny|100\/100\n|move|p1b: Turbo Babaa|Protect|p1b: Turbo Babaa\n|-singleturn|p1b: Turbo Babaa|Protect\n|move|p2b: Flutter Mane|Shadow Ball|p1a: Seiko\n|-crit|p1a: Seiko\n|-damage|p1a: Seiko|24\/100\n|-unboost|p1a: Seiko|spd|1\n|move|p2a: Arcanine|Flare Blitz|p1b: Turbo Babaa\n|-activate|p1b: Turbo Babaa|move: Protect\n|\n|upkeep\n|turn|2\n|\n|t:|1682005595\n|-terastallize|p2b: Flutter Mane|Fairy\n|move|p1a: Seiko|Protect|p1a: Seiko\n|-singleturn|p1a: Seiko|Protect\n|move|p1b: Turbo Babaa|Shadow Ball|p2b: Flutter Mane\n|-damage|p2b: Flutter Mane|53\/100\n|move|p2b: Flutter Mane|Shadow Ball|p1a: Seiko\n|-activate|p1a: Seiko|move: Protect\n|move|p2a: Arcanine|Flare Blitz|p1b: Turbo Babaa\n|-damage|p1b: Turbo Babaa|5\/100\n|-damage|p2a: Arcanine|76\/100|[from] Recoil\n|\n|upkeep\n|turn|3\n|\n|t:|1682005654\n|switch|p1a: Momo|Rotom-Wash, L50|100\/100\n|move|p1b: Turbo Babaa|Moonblast|p2b: Flutter Mane\n|-damage|p2b: Flutter Mane|0 fnt\n|faint|p2b: Flutter Mane\n|-end|p2b: Flutter Mane|Protosynthesis|[silent]\n|move|p2a: Arcanine|Will-O-Wisp|p1a: Momo\n|-status|p1a: Momo|brn\n|\n|-damage|p1a: Momo|95\/100 brn|[from] brn\n|upkeep\n|\n|t:|1682005684\n|switch|p2b: Kingambit|Kingambit, L50, F|100\/100\n|turn|4\n|\n|t:|1682005696\n|move|p1b: Turbo Babaa|Protect|p1b: Turbo Babaa\n|-singleturn|p1b: Turbo Babaa|Protect\n|move|p1a: Momo|Will-O-Wisp|p2b: Kingambit\n|-status|p2b: Kingambit|brn\n|-enditem|p2b: Kingambit|Lum Berry|[eat]\n|-curestatus|p2b: Kingambit|brn|[msg]\n|move|p2a: Arcanine|Howl|p2a: Arcanine|[spread] p2a,p2b\n|-boost|p2a: Arcanine|atk|1\n|-boost|p2b: Kingambit|atk|1\n|move|p2b: Kingambit|Kowtow Cleave|p1a: Momo\n|-damage|p1a: Momo|30\/100 brn\n|\n|-damage|p1a: Momo|25\/100 brn|[from] brn\n|upkeep\n|turn|5\n|\n|t:|1682005719\n|move|p2a: Arcanine|Extreme Speed|p1a: Momo\n|-damage|p1a: Momo|0 fnt\n|faint|p1a: Momo\n|move|p1b: Turbo Babaa|Moonblast|p2b: Kingambit\n|-damage|p2b: Kingambit|32\/100\n|move|p2b: Kingambit|Kowtow Cleave|p1b: Turbo Babaa\n|-damage|p1b: Turbo Babaa|0 fnt\n|faint|p1b: Turbo Babaa\n|-end|p1b: Turbo Babaa|Protosynthesis|[silent]\n|\n|upkeep\n|\n|t:|1682005727\n|switch|p1b: Ken|Ceruledge, L50, M|100\/100\n|switch|p1a: Seiko|Amoonguss, L50, F, shiny|58\/100\n|turn|6\n|\n|t:|1682005754\n|-terastallize|p1a: Seiko|Water\n|move|p1a: Seiko|Rage Powder|p1a: Seiko\n|-singleturn|p1a: Seiko|move: Rage Powder\n|move|p2a: Arcanine|Flare Blitz|p1a: Seiko\n|-resisted|p1a: Seiko\n|-damage|p1a: Seiko|28\/100\n|-damage|p2a: Arcanine|60\/100|[from] item: Rocky Helmet|[of] p1a: Seiko\n|-damage|p2a: Arcanine|49\/100|[from] Recoil\n|move|p1b: Ken|Bitter Blade|p2b: Kingambit\n|-supereffective|p2b: Kingambit\n|-damage|p2b: Kingambit|0 fnt\n|faint|p2b: Kingambit\n|\n|upkeep\n|\n|t:|1682005764\n|switch|p2b: Chien-Pao|Chien-Pao, L50|100\/100\n|-ability|p2b: Chien-Pao|Sword of Ruin\n|turn|7\n|\n|t:|1682005776\n|move|p1b: Ken|Protect|p1b: Ken\n|-singleturn|p1b: Ken|Protect\n|move|p1a: Seiko|Protect|p1a: Seiko\n|-singleturn|p1a: Seiko|Protect\n|move|p2a: Arcanine|Extreme Speed|p1a: Seiko\n|-activate|p1a: Seiko|move: Protect\n|move|p2b: Chien-Pao|Sucker Punch||[still]\n|-fail|p2b: Chien-Pao\n|\n|upkeep\n|turn|8\n|\n|t:|1682005787\n|move|p2a: Arcanine|Extreme Speed|p1a: Seiko\n|-damage|p1a: Seiko|0 fnt\n|-damage|p2a: Arcanine|32\/100|[from] item: Rocky Helmet|[of] p1a: Seiko\n|faint|p1a: Seiko\n|move|p2b: Chien-Pao|Sucker Punch|p1b: Ken\n|-supereffective|p1b: Ken\n|-damage|p1b: Ken|1\/100\n|move|p1b: Ken|Bitter Blade|p2b: Chien-Pao\n|-supereffective|p2b: Chien-Pao\n|-enditem|p2b: Chien-Pao|Focus Sash\n|-damage|p2b: Chien-Pao|1\/100\n|-heal|p1b: Ken|45\/100|[from] drain|[of] p2b: Chien-Pao\n|\n|upkeep\n|turn|9\n|\n|t:|1682005808\n|move|p2b: Chien-Pao|Protect|p2b: Chien-Pao\n|-singleturn|p2b: Chien-Pao|Protect\n|move|p2a: Arcanine|Extreme Speed|p1b: Ken\n|-immune|p1b: Ken\n|move|p1b: Ken|Bulk Up|p1b: Ken\n|-boost|p1b: Ken|atk|1\n|-boost|p1b: Ken|def|1\n|\n|upkeep\n|turn|10\n|\n|t:|1682005823\n|move|p1b: Ken|Protect|p1b: Ken\n|-singleturn|p1b: Ken|Protect\n|move|p2b: Chien-Pao|Ice Spinner|p1b: Ken\n|-activate|p1b: Ken|move: Protect\n|move|p2a: Arcanine|Howl|p2a: Arcanine|[spread] p2a,p2b\n|-boost|p2a: Arcanine|atk|1\n|-boost|p2b: Chien-Pao|atk|1\n|\n|upkeep\n|turn|11\n|\n|t:|1682005830\n|move|p2b: Chien-Pao|Protect|p2b: Chien-Pao\n|-singleturn|p2b: Chien-Pao|Protect\n|move|p2a: Arcanine|Howl|p2a: Arcanine|[spread] p2a,p2b\n|-boost|p2a: Arcanine|atk|1\n|-boost|p2b: Chien-Pao|atk|1\n|move|p1b: Ken|Bulk Up|p1b: Ken\n|-boost|p1b: Ken|atk|1\n|-boost|p1b: Ken|def|1\n|\n|upkeep\n|turn|12\n|\n|t:|1682005845\n|move|p2b: Chien-Pao|Sucker Punch||[still]\n|-fail|p2b: Chien-Pao\n|move|p2a: Arcanine|Howl|p2a: Arcanine|[spread] p2a,p2b\n|-boost|p2a: Arcanine|atk|1\n|-boost|p2b: Chien-Pao|atk|1\n|move|p1b: Ken|Bulk Up|p1b: Ken\n|-boost|p1b: Ken|atk|1\n|-boost|p1b: Ken|def|1\n|\n|upkeep\n|turn|13\n|\n|t:|1682005862\n|move|p1b: Ken|Shadow Sneak|p2b: Chien-Pao\n|-resisted|p2b: Chien-Pao\n|-damage|p2b: Chien-Pao|0 fnt\n|faint|p2b: Chien-Pao\n|move|p2a: Arcanine|Howl|p2a: Arcanine\n|-boost|p2a: Arcanine|atk|1\n|\n|upkeep\n|turn|14\n|-message|1st slot groudon forfeited.\n|\n|win|Shmon\n|raw|Shmon's rating: 1403 → 1422<\/strong> (+19 for winning)\n|raw|1st slot groudon's rating: 1391 → 1372<\/strong> (-19 for losing)\n|l|\u203d1st slot groudon\n|c|\u2606Shmon|king of the scuker punch game\n","uploadtime":1682005876,"views":15,"p1id":"shmon","p2id":"1stslotgroudon","formatid":"gen9vgc2023regulationc","rating":1372,"private":0,"password":""}