{"id":"gen9vgc2023regulationc-1854679361","p1":"Gengarone","p2":"sawadaburner","format":"[Gen 9] VGC 2023 Regulation C","log":"|j|\u2606Gengarone\n|j|\u2606sawadaburner\n|t:|1682849030\n|gametype|doubles\n|player|p1|Gengarone|giovanni-gen3|1316\n|player|p2|sawadaburner|hilbert|1244\n|teamsize|p1|6\n|teamsize|p2|6\n|gen|9\n|tier|[Gen 9] VGC 2023 Regulation C\n|rated|\n|rule|Species Clause: Limit one of each Pok\u00e9mon\n|rule|Item Clause: Limit one of each item\n|clearpoke\n|poke|p1|Sableye, L50, M|\n|poke|p1|Torkoal, L50, M|\n|poke|p1|Flutter Mane, L50|\n|poke|p1|Garganacl, L50, M|\n|poke|p1|Annihilape, L50, M|\n|poke|p1|Gastrodon, L50, F|\n|poke|p2|Torkoal, L50, M|\n|poke|p2|Chien-Pao, L50|\n|poke|p2|Flutter Mane, L50|\n|poke|p2|Great Tusk, L50|\n|poke|p2|Gyarados, L50, F|\n|poke|p2|Ting-Lu, L50|\n|teampreview|4\nsawadaburner has agreed to open team sheets.\n|\n|t:|1682849069\n|start\n|switch|p1a: Sableye|Sableye, L50, M|100\/100\n|switch|p1b: Flutter Mane|Flutter Mane, L50|100\/100\n|switch|p2a: Gyarados|Gyarados, L50, F, shiny|100\/100\n|switch|p2b: Torkoal|Torkoal, L50, M|100\/100\n|-ability|p2a: Gyarados|Intimidate|boost\n|-unboost|p1a: Sableye|atk|1\n|-unboost|p1b: Flutter Mane|atk|1\n|-weather|SunnyDay|[from] ability: Drought|[of] p2b: Torkoal\n|-activate|p1b: Flutter Mane|ability: Protosynthesis\n|-start|p1b: Flutter Mane|protosynthesisspe\n|turn|1\n|\n|t:|1682849086\n|move|p1a: Sableye|Fake Out|p2b: Torkoal\n|-damage|p2b: Torkoal|97\/100\n|move|p1b: Flutter Mane|Dazzling Gleam|p2b: Torkoal|[spread] p2a,p2b\n|-resisted|p2b: Torkoal\n|-damage|p2a: Gyarados|70\/100\n|-damage|p2b: Torkoal|68\/100\n|move|p2a: Gyarados|Taunt|p1a: Sableye\n|-start|p1a: Sableye|move: Taunt\n|cant|p2b: Torkoal|flinch\n|\n|-weather|SunnyDay|[upkeep]\n|upkeep\n|turn|2\n|\n|t:|1682849103\n|switch|p1a: Garganacl|Garganacl, L50, M|100\/100\n|move|p1b: Flutter Mane|Dazzling Gleam|p2b: Torkoal|[spread] p2a,p2b\n|-resisted|p2b: Torkoal\n|-damage|p2a: Gyarados|37\/100\n|-damage|p2b: Torkoal|38\/100\n|move|p2a: Gyarados|Thunder Wave|p1b: Flutter Mane\n|-status|p1b: Flutter Mane|par\n|move|p2b: Torkoal|Overheat|p1a: Garganacl\n|-resisted|p1a: Garganacl\n|-damage|p1a: Garganacl|72\/100\n|-unboost|p2b: Torkoal|spa|2\n|-enditem|p2b: Torkoal|Eject Pack\n|\n|t:|1682849117\n|switch|p2b: Great Tusk|Great Tusk, L50|100\/100\n|-activate|p2b: Great Tusk|ability: Protosynthesis\n|-start|p2b: Great Tusk|protosynthesisatk\n|\n|-weather|SunnyDay|[upkeep]\n|-heal|p1a: Garganacl|77\/100|[from] item: Leftovers\n|upkeep\n|turn|3\n|\n|t:|1682849133\n|-terastallize|p2b: Great Tusk|Ground\n|move|p2b: Great Tusk|Headlong Rush|p1b: Flutter Mane\n|-damage|p1b: Flutter Mane|0 fnt\n|-unboost|p2b: Great Tusk|def|1\n|-unboost|p2b: Great Tusk|spd|1\n|faint|p1b: Flutter Mane\n|-end|p1b: Flutter Mane|Protosynthesis|[silent]\n|move|p2a: Gyarados|Taunt|p1a: Garganacl\n|-start|p1a: Garganacl|move: Taunt\n|move|p1a: Garganacl|Salt Cure|p2a: Gyarados\n|-supereffective|p2a: Gyarados\n|-crit|p2a: Gyarados\n|-damage|p2a: Gyarados|0 fnt\n|faint|p2a: Gyarados\n|\n|-weather|SunnyDay|[upkeep]\n|-heal|p1a: Garganacl|83\/100|[from] item: Leftovers\n|upkeep\n|\n|t:|1682849154\n|switch|p1b: Sableye|Sableye, L50, M|100\/100\n|switch|p2a: Torkoal|Torkoal, L50, M|38\/100\n|turn|4\n|\n|t:|1682849167\n|-end|p2b: Great Tusk|Protosynthesis|[silent]\n|switch|p2b: Flutter Mane|Flutter Mane, L50|100\/100\n|-activate|p2b: Flutter Mane|ability: Protosynthesis\n|-start|p2b: Flutter Mane|protosynthesisspe\n|move|p1b: Sableye|Fake Out|p2b: Flutter Mane\n|-immune|p2b: Flutter Mane\n|move|p1a: Garganacl|Salt Cure|p2b: Flutter Mane\n|-damage|p2b: Flutter Mane|76\/100\n|-start|p2b: Flutter Mane|Salt Cure\n|move|p2a: Torkoal|Yawn|p1b: Sableye\n|-start|p1b: Sableye|move: Yawn|[of] p2a: Torkoal\n|\n|-weather|SunnyDay|[upkeep]\n|-heal|p1a: Garganacl|89\/100|[from] item: Leftovers\n|-damage|p2b: Flutter Mane|63\/100|[from] Salt Cure\n|upkeep\n|turn|5\n|\n|t:|1682849180\n|-end|p2b: Flutter Mane|Protosynthesis|[silent]\n|switch|p2b: Great Tusk|Great Tusk, L50, tera:Ground|100\/100\n|-activate|p2b: Great Tusk|ability: Protosynthesis\n|-start|p2b: Great Tusk|protosynthesisatk\n|switch|p1b: Annihilape|Annihilape, L50, M|100\/100\n|move|p1a: Garganacl|Salt Cure|p2a: Torkoal\n|-supereffective|p2a: Torkoal\n|-damage|p2a: Torkoal|17\/100\n|-start|p2a: Torkoal|Salt Cure\n|move|p2a: Torkoal|Yawn|p1b: Annihilape\n|-start|p1b: Annihilape|move: Yawn|[of] p2a: Torkoal\n|\n|-weather|none\n|-end|p2b: Great Tusk|Protosynthesis\n|-heal|p1a: Garganacl|95\/100|[from] item: Leftovers\n|-damage|p2a: Torkoal|5\/100|[from] Salt Cure\n|-end|p1a: Garganacl|move: Taunt\n|upkeep\n|turn|6\n|\n|t:|1682849211\n|switch|p1b: Sableye|Sableye, L50, M|100\/100\n|switch|p2a: Flutter Mane|Flutter Mane, L50|63\/100\n|-terastallize|p1a: Garganacl|Ghost\n|move|p2b: Great Tusk|Headlong Rush|p1a: Garganacl\n|-damage|p1a: Garganacl|52\/100\n|-unboost|p2b: Great Tusk|def|1\n|-unboost|p2b: Great Tusk|spd|1\n|move|p1a: Garganacl|Salt Cure|p2b: Great Tusk\n|-resisted|p2b: Great Tusk\n|-damage|p2b: Great Tusk|93\/100\n|-start|p2b: Great Tusk|Salt Cure\n|\n|-heal|p1a: Garganacl|58\/100|[from] item: Leftovers\n|-damage|p2b: Great Tusk|81\/100|[from] Salt Cure\n|upkeep\n|turn|7\n|\n|t:|1682849236\n|-end|p2b: Great Tusk|Protosynthesis|[silent]\n|switch|p2b: Torkoal|Torkoal, L50, M|5\/100\n|-weather|SunnyDay|[from] ability: Drought|[of] p2b: Torkoal\n|-activate|p2a: Flutter Mane|ability: Protosynthesis\n|-start|p2a: Flutter Mane|protosynthesisspe\n|move|p1b: Sableye|Thunder Wave|p2a: Flutter Mane\n|-status|p2a: Flutter Mane|par\n|move|p2a: Flutter Mane|Shadow Ball|p1a: Garganacl\n|-supereffective|p1a: Garganacl\n|-damage|p1a: Garganacl|0 fnt\n|faint|p1a: Garganacl\n|\n|-weather|SunnyDay|[upkeep]\n|upkeep\n|\n|t:|1682849242\n|switch|p1a: Annihilape|Annihilape, L50, M|100\/100\n|turn|8\n|\n|t:|1682849256\n|-end|p2a: Flutter Mane|Protosynthesis|[silent]\n|switch|p2a: Great Tusk|Great Tusk, L50, tera:Ground|81\/100\n|-activate|p2a: Great Tusk|ability: Protosynthesis\n|-start|p2a: Great Tusk|protosynthesisatk\n|move|p1b: Sableye|Thunder Wave|p2b: Torkoal\n|-status|p2b: Torkoal|par\n|move|p1a: Annihilape|Earthquake|p2a: Great Tusk|[spread] p1b,p2a,p2b\n|-supereffective|p2b: Torkoal\n|-damage|p1b: Sableye|72\/100\n|-damage|p2a: Great Tusk|60\/100\n|-damage|p2b: Torkoal|0 fnt\n|faint|p2b: Torkoal\n|-damage|p1a: Annihilape|91\/100|[from] item: Life Orb\n|\n|-weather|SunnyDay|[upkeep]\n|upkeep\n|\n|t:|1682849269\n|switch|p2b: Flutter Mane|Flutter Mane, L50|63\/100 par\n|-activate|p2b: Flutter Mane|ability: Protosynthesis\n|-start|p2b: Flutter Mane|protosynthesisspe\n|turn|9\n|\n|t:|1682849284\n|move|p1b: Sableye|Taunt|p2a: Great Tusk\n|-start|p2a: Great Tusk|move: Taunt\n|move|p2a: Great Tusk|Headlong Rush|p1a: Annihilape\n|-damage|p1a: Annihilape|0 fnt\n|-unboost|p2a: Great Tusk|def|1\n|-unboost|p2a: Great Tusk|spd|1\n|faint|p1a: Annihilape\n|move|p2b: Flutter Mane|Dazzling Gleam|p1b: Sableye\n|-supereffective|p1b: Sableye\n|-damage|p1b: Sableye|0 fnt\n|faint|p1b: Sableye\n|\n|win|sawadaburner\n|raw|Gengarone's rating: 1316 → 1292<\/strong> (-24 for losing)\n|raw|sawadaburner's rating: 1244 → 1274<\/strong> (+30 for winning)\n|l|\u2606Gengarone\n","uploadtime":1682849324,"views":14,"p1id":"gengarone","p2id":"sawadaburner","formatid":"gen9vgc2023regulationc","rating":1274,"private":0,"password":""}