{"id":"gen9vgc2023regulationc-1861436969","p1":"zeth886","p2":"eggplanet07","format":"[Gen 9] VGC 2023 Regulation C","log":"|j|\u2606zeth886\n|j|\u2606eggplanet07\n|t:|1683757751\n|gametype|doubles\n|player|p1|zeth886|101|1317\n|player|p2|eggplanet07|roxie|1281\n|teamsize|p1|6\n|teamsize|p2|6\n|gen|9\n|tier|[Gen 9] VGC 2023 Regulation C\n|rated|\n|rule|Species Clause: Limit one of each Pok\u00e9mon\n|rule|Item Clause: Limit one of each item\n|clearpoke\n|poke|p1|Chien-Pao, L50|\n|poke|p1|Dragonite, L50, F|\n|poke|p1|Gengar, L50, M|\n|poke|p1|Chi-Yu, L50|\n|poke|p1|Scizor, L50, M|\n|poke|p1|Gyarados, L50, F|\n|poke|p2|Raichu, L50, M|\n|poke|p2|Azumarill, L50, M|\n|poke|p2|Amoonguss, L50, F|\n|poke|p2|Gyarados, L50, F|\n|poke|p2|Flutter Mane, L50|\n|poke|p2|Palafin, L50, M|\n|teampreview|4\n|inactive|Battle timer is ON: inactive players will automatically lose when time's up. (requested by eggplanet07)\n|inactive|eggplanet07 has 60 seconds left.\n|\n|t:|1683757786\n|start\n|switch|p1a: Gengar|Gengar, L50, M|100\/100\n|switch|p1b: Chi-Yu|Chi-Yu, L50|100\/100\n|switch|p2a: Raichu|Raichu, L50, M|100\/100\n|switch|p2b: Palafin|Palafin, L50, M|100\/100\n|-item|p2a: Raichu|Air Balloon\n|-ability|p1b: Chi-Yu|Beads of Ruin\n|turn|1\n|\n|t:|1683757806\n|detailschange|p2b: Palafin|Palafin-Hero, L50, M\n|switch|p2b: Gyarados|Gyarados, L50, F, shiny|100\/100\n|-ability|p2b: Gyarados|Intimidate|boost\n|-unboost|p1a: Gengar|atk|1\n|-unboost|p1b: Chi-Yu|atk|1\n|-terastallize|p1b: Chi-Yu|Grass\n|move|p1a: Gengar|Icy Wind|p2a: Raichu|[spread] p2a,p2b\n|-damage|p2a: Raichu|76\/100\n|-damage|p2b: Gyarados|83\/100\n|-unboost|p2a: Raichu|spe|1\n|-unboost|p2b: Gyarados|spe|1\n|-enditem|p2a: Raichu|Air Balloon\n|move|p1b: Chi-Yu|Heat Wave|p2b: Gyarados|[spread] p2a\n|-miss|p1b: Chi-Yu|p2b: Gyarados\n|-damage|p2a: Raichu|0 fnt\n|faint|p2a: Raichu\n|\n|upkeep\n|\n|t:|1683757822\n|switch|p2a: Azumarill|Azumarill, L50, M, shiny|100\/100\n|turn|2\n|\n|t:|1683757834\n|move|p1a: Gengar|Icy Wind|p2b: Gyarados|[spread] p2a,p2b\n|-resisted|p2a: Azumarill\n|-crit|p2b: Gyarados\n|-damage|p2a: Azumarill|90\/100\n|-damage|p2b: Gyarados|59\/100\n|-unboost|p2a: Azumarill|spe|1\n|-unboost|p2b: Gyarados|spe|1\n|move|p1b: Chi-Yu|Heat Wave|p2a: Azumarill|[spread] p2a,p2b\n|-resisted|p2a: Azumarill\n|-resisted|p2b: Gyarados\n|-damage|p2a: Azumarill|47\/100\n|-damage|p2b: Gyarados|19\/100\n|move|p2b: Gyarados|Rain Dance|p2b: Gyarados\n|-weather|RainDance\n|move|p2a: Azumarill|Ice Spinner|p1b: Chi-Yu\n|-supereffective|p1b: Chi-Yu\n|-damage|p1b: Chi-Yu|0 fnt\n|faint|p1b: Chi-Yu\n|\n|-weather|RainDance|[upkeep]\n|upkeep\n|\n|t:|1683757852\n|switch|p1b: Gyarados|Gyarados, L50, F|100\/100\n|-ability|p1b: Gyarados|Intimidate|boost\n|-unboost|p2a: Azumarill|atk|1\n|-unboost|p2b: Gyarados|atk|1\n|turn|3\n|\n|t:|1683757871\n|move|p1a: Gengar|Icy Wind|p2b: Gyarados|[spread] p2a,p2b\n|-resisted|p2a: Azumarill\n|-damage|p2a: Azumarill|40\/100\n|-damage|p2b: Gyarados|7\/100\n|-unboost|p2a: Azumarill|spe|1\n|-unboost|p2b: Gyarados|spe|1\n|move|p1b: Gyarados|Facade|p2a: Azumarill\n|-damage|p2a: Azumarill|15\/100\n|move|p2b: Gyarados|Waterfall|p1b: Gyarados\n|-resisted|p1b: Gyarados\n|-damage|p1b: Gyarados|79\/100\n|move|p2a: Azumarill|Play Rough|p1a: Gengar\n|-resisted|p1a: Gengar\n|-damage|p1a: Gengar|66\/100\n|-unboost|p1a: Gengar|atk|1\n|\n|-weather|RainDance|[upkeep]\n|upkeep\n|turn|4\n|\n|t:|1683757894\n|move|p2b: Gyarados|Protect|p2b: Gyarados\n|-singleturn|p2b: Gyarados|Protect\n|move|p1a: Gengar|Icy Wind|p2b: Gyarados|[spread] p2a\n|-activate|p2b: Gyarados|move: Protect\n|-resisted|p2a: Azumarill\n|-damage|p2a: Azumarill|9\/100\n|-unboost|p2a: Azumarill|spe|1\n|move|p1b: Gyarados|Facade|p2a: Azumarill\n|-damage|p2a: Azumarill|0 fnt\n|faint|p2a: Azumarill\n|\n|-weather|RainDance|[upkeep]\n|upkeep\n|\n|t:|1683757904\n|switch|p2a: Palafin|Palafin-Hero, L50, M|100\/100\n|-activate|p2a: Palafin|ability: Zero to Hero\n|turn|5\n|\n|t:|1683757918\n|move|p2a: Palafin|Jet Punch|p1a: Gengar\n|-damage|p1a: Gengar|0 fnt\n|faint|p1a: Gengar\n|move|p1b: Gyarados|Facade|p2b: Gyarados\n|-damage|p2b: Gyarados|0 fnt\n|faint|p2b: Gyarados\n|\n|-weather|RainDance|[upkeep]\n|upkeep\n|\n|t:|1683757928\n|switch|p1a: Chien-Pao|Chien-Pao, L50|100\/100\n|-ability|p1a: Chien-Pao|Sword of Ruin\n|turn|6\n|inactive|eggplanet07 has 30 seconds left.\n|inactive|eggplanet07 has 20 seconds left.\n|inactive|eggplanet07 has 15 seconds left.\n|\n|t:|1683757971\n|-terastallize|p2a: Palafin|Water\n|move|p2a: Palafin|Jet Punch|p1a: Chien-Pao\n|-enditem|p1a: Chien-Pao|Focus Sash\n|-damage|p1a: Chien-Pao|1\/100\n|move|p1a: Chien-Pao|Crunch|p2a: Palafin\n|-damage|p2a: Palafin|50\/100\n|move|p1b: Gyarados|Waterfall|p2a: Palafin\n|-resisted|p2a: Palafin\n|-damage|p2a: Palafin|8\/100\n|\n|-weather|none\n|upkeep\n|turn|7\n|\n|t:|1683757988\n|move|p2a: Palafin|Protect|p2a: Palafin\n|-singleturn|p2a: Palafin|Protect\n|move|p1a: Chien-Pao|Ice Shard|p2a: Palafin\n|-activate|p2a: Palafin|move: Protect\n|move|p1b: Gyarados|Waterfall|p2a: Palafin\n|-activate|p2a: Palafin|move: Protect\n|\n|upkeep\n|turn|8\n|\n|t:|1683758000\n|move|p1a: Chien-Pao|Ice Shard|p2a: Palafin\n|-resisted|p2a: Palafin\n|-damage|p2a: Palafin|0 fnt\n|faint|p2a: Palafin\n|\n|win|zeth886\n|raw|zeth886's rating: 1317 → 1335<\/strong> (+18 for winning)\n|raw|eggplanet07's rating: 1281 → 1259<\/strong> (-22 for losing)\n|l|\u2606zeth886\n","uploadtime":1683758004,"views":5,"p1id":"zeth886","p2id":"eggplanet07","formatid":"gen9vgc2023regulationc","rating":1259,"private":0,"password":""}