{"id":"gen9vgc2023regulationc-1854115722","p1":"Chi-Yuh","p2":"fheopjgaoijfaofjo","format":"[Gen 9] VGC 2023 Regulation C","log":"|j|\u2606Chi-Yuh\n|j|\u2606fheopjgaoijfaofjo\n|t:|1682771775\n|gametype|doubles\n|player|p1|Chi-Yuh|169|1073\n|player|p2|fheopjgaoijfaofjo|steven|1077\n|teamsize|p1|6\n|teamsize|p2|6\n|gen|9\n|tier|[Gen 9] VGC 2023 Regulation C\n|rated|\n|rule|Species Clause: Limit one of each Pok\u00e9mon\n|rule|Item Clause: Limit one of each item\n|clearpoke\n|poke|p1|Scream Tail, L50|\n|poke|p1|Quaquaval, L50, F|\n|poke|p1|Arcanine, L50, F|\n|poke|p1|Amoonguss, L50, M|\n|poke|p1|Flutter Mane, L50|\n|poke|p1|Grimmsnarl, L50, M|\n|poke|p2|Amoonguss, L50, F|\n|poke|p2|Garchomp, L50, M|\n|poke|p2|Palafin, L50, M|\n|poke|p2|Flutter Mane, L50|\n|poke|p2|Pelipper, L50, F|\n|poke|p2|Iron Moth, L50|\n|teampreview|4\n|l|\u2606Chi-Yuh\n|player|p1|\n|j|\u2606Chi-Yuh\n|player|p1|Chi-Yuh|169\nfheopjgaoijfaofjo rejected open team sheets.\n|\n|t:|1682771835\n|start\n|switch|p1a: Scream Tail|Scream Tail, L50|100\/100\n|switch|p1b: Quaquaval|Quaquaval, L50, F|100\/100\n|switch|p2a: Iron Moth|Iron Moth, L50|100\/100\n|switch|p2b: Flutter Mane|Flutter Mane, L50|100\/100\n|-enditem|p2b: Flutter Mane|Booster Energy\n|-activate|p2b: Flutter Mane|ability: Protosynthesis|[fromitem]\n|-start|p2b: Flutter Mane|protosynthesisspe\n|-enditem|p1a: Scream Tail|Booster Energy\n|-activate|p1a: Scream Tail|ability: Protosynthesis|[fromitem]\n|-start|p1a: Scream Tail|protosynthesisspe\n|turn|1\n|\n|t:|1682771891\n|move|p1b: Quaquaval|Protect|p1b: Quaquaval\n|-singleturn|p1b: Quaquaval|Protect\n|move|p2b: Flutter Mane|Shadow Ball|p1a: Scream Tail\n|-supereffective|p1a: Scream Tail\n|-damage|p1a: Scream Tail|37\/100\n|-unboost|p1a: Scream Tail|spd|1\n|move|p1a: Scream Tail|Scary Face|p2b: Flutter Mane\n|-unboost|p2b: Flutter Mane|spe|2\n|move|p2a: Iron Moth|Energy Ball|p1b: Quaquaval\n|-activate|p1b: Quaquaval|move: Protect\n|\n|upkeep\n|turn|2\n|\n|t:|1682771938\n|-end|p2b: Flutter Mane|Protosynthesis|[silent]\n|switch|p2b: Amoonguss|Amoonguss, L50, F, shiny|100\/100\n|-terastallize|p1b: Quaquaval|Water\n|move|p1a: Scream Tail|Disable|p2a: Iron Moth\n|-start|p2a: Iron Moth|Disable|Energy Ball\n|cant|p2a: Iron Moth|Disable|Energy Ball\n|move|p1b: Quaquaval|Aqua Step|p2b: Amoonguss\n|-resisted|p2b: Amoonguss\n|-damage|p2b: Amoonguss|78\/100\n|-boost|p1b: Quaquaval|spe|1\n|-damage|p1b: Quaquaval|84\/100|[from] item: Rocky Helmet|[of] p2b: Amoonguss\n|\n|upkeep\n|turn|3\n|\n|t:|1682771962\n|move|p2a: Iron Moth|Protect|p2a: Iron Moth\n|-singleturn|p2a: Iron Moth|Protect\n|move|p1a: Scream Tail|Howl|p1a: Scream Tail|[spread] p1a,p1b\n|-boost|p1a: Scream Tail|atk|1\n|-boost|p1b: Quaquaval|atk|1\n|move|p1b: Quaquaval|Brave Bird|p2b: Amoonguss\n|-supereffective|p2b: Amoonguss\n|-crit|p2b: Amoonguss\n|-damage|p2b: Amoonguss|0 fnt\n|-damage|p1b: Quaquaval|68\/100|[from] item: Rocky Helmet|[of] p2b: Amoonguss\n|faint|p2b: Amoonguss\n|-ability|p1b: Quaquaval|Moxie|boost\n|-boost|p1b: Quaquaval|atk|1\n|-damage|p1b: Quaquaval|35\/100|[from] Recoil\n|\n|upkeep\n|\n|t:|1682771978\n|switch|p2b: Flutter Mane|Flutter Mane, L50|100\/100\n|turn|4\n|\n|t:|1682772007\n|move|p1a: Scream Tail|Scary Face|p2b: Flutter Mane\n|-unboost|p2b: Flutter Mane|spe|2\n|move|p1b: Quaquaval|Aqua Step|p2b: Flutter Mane\n|-damage|p2b: Flutter Mane|0 fnt\n|-boost|p1b: Quaquaval|spe|1\n|faint|p2b: Flutter Mane\n|-end|p2b: Flutter Mane|Protosynthesis|[silent]\n|-ability|p1b: Quaquaval|Moxie|boost\n|-boost|p1b: Quaquaval|atk|1\n|move|p2a: Iron Moth|Acid Spray|p1a: Scream Tail\n|-supereffective|p1a: Scream Tail\n|-damage|p1a: Scream Tail|0 fnt\n|faint|p1a: Scream Tail\n|-end|p1a: Scream Tail|Protosynthesis|[silent]\n|-damage|p2a: Iron Moth|91\/100|[from] item: Life Orb\n|\n|upkeep\n|\n|t:|1682772023\n|switch|p2b: Garchomp|Garchomp, L50, M|100\/100\n|switch|p1a: Amoonguss|Amoonguss, L50, M|100\/100\n|turn|5\n|\n|t:|1682772034\n|move|p2a: Iron Moth|Protect|p2a: Iron Moth\n|-singleturn|p2a: Iron Moth|Protect\n|move|p1a: Amoonguss|Rage Powder|p1a: Amoonguss\n|-singleturn|p1a: Amoonguss|move: Rage Powder\n|move|p1b: Quaquaval|Aqua Step|p2b: Garchomp\n|-damage|p2b: Garchomp|0 fnt\n|-boost|p1b: Quaquaval|spe|1\n|-damage|p1b: Quaquaval|22\/100|[from] ability: Rough Skin|[of] p2b: Garchomp\n|faint|p2b: Garchomp\n|-ability|p1b: Quaquaval|Moxie|boost\n|-boost|p1b: Quaquaval|atk|1\n|\n|-end|p2a: Iron Moth|Disable\n|upkeep\n|turn|6\n|\n|t:|1682772049\n|move|p1a: Amoonguss|Rage Powder|p1a: Amoonguss\n|-singleturn|p1a: Amoonguss|move: Rage Powder\n|move|p1b: Quaquaval|Aqua Step|p2a: Iron Moth\n|-supereffective|p2a: Iron Moth\n|-damage|p2a: Iron Moth|0 fnt\n|-boost|p1b: Quaquaval|spe|1\n|faint|p2a: Iron Moth\n|-end|p2a: Iron Moth|Quark Drive|[silent]\n|\n|win|Chi-Yuh\n|raw|Chi-Yuh's rating: 1073 → 1102<\/strong> (+29 for winning)\n|raw|fheopjgaoijfaofjo's rating: 1077 → 1055<\/strong> (-22 for losing)\n","uploadtime":1682772066,"views":18,"p1id":"chiyuh","p2id":"fheopjgaoijfaofjo","formatid":"gen9vgc2023regulationc","rating":1055,"private":0,"password":""}