{"id":"gen9vgc2023regulationc-1859586531","p1":"DohBoy337","p2":"bravadomercenary","format":"[Gen 9] VGC 2023 Regulation C","log":"|j|\u2606DohBoy337\n|j|\u2606bravadomercenary\n|t:|1683545584\n|gametype|doubles\n|player|p1|DohBoy337|preschooler|1077\n|player|p2|bravadomercenary|1|1158\n|teamsize|p1|6\n|teamsize|p2|6\n|gen|9\n|tier|[Gen 9] VGC 2023 Regulation C\n|rated|\n|rule|Species Clause: Limit one of each Pok\u00e9mon\n|rule|Item Clause: Limit one of each item\n|clearpoke\n|poke|p1|Dragonite, L50, F|\n|poke|p1|Ting-Lu, L50|\n|poke|p1|Maushold, L50|\n|poke|p1|Flutter Mane, L50|\n|poke|p1|Chien-Pao, L50|\n|poke|p1|Annihilape, L50, F|\n|poke|p2|Murkrow, L50, F|\n|poke|p2|Leafeon, L50, M|\n|poke|p2|Great Tusk, L50|\n|poke|p2|Flutter Mane, L50|\n|poke|p2|Rotom-Heat, L50|\n|poke|p2|Baxcalibur, L50, F|\n|teampreview|4\n|inactive|Battle timer is ON: inactive players will automatically lose when time's up. (requested by bravadomercenary)\n|inactive|bravadomercenary has 60 seconds left.\n|inactive|bravadomercenary has 30 seconds left.\n|\n|t:|1683545645\n|start\n|switch|p1a: Maushold|Maushold, L50|100\/100\n|switch|p1b: Annihilape|Annihilape, L50, F|100\/100\n|switch|p2a: Murkrow|Murkrow, L50, F|100\/100\n|switch|p2b: Leafeon|Leafeon, L50, M|100\/100\n|turn|1\n|\n|t:|1683545663\n|move|p1a: Maushold|Follow Me|p1a: Maushold\n|-singleturn|p1a: Maushold|move: Follow Me\n|move|p2a: Murkrow|Sunny Day|p2a: Murkrow\n|-weather|SunnyDay\n|move|p2b: Leafeon|Swords Dance|p2b: Leafeon\n|-boost|p2b: Leafeon|atk|2\n|move|p1b: Annihilape|Bulk Up|p1b: Annihilape\n|-boost|p1b: Annihilape|atk|1\n|-boost|p1b: Annihilape|def|1\n|\n|-weather|SunnyDay|[upkeep]\n|upkeep\n|turn|2\n|\n|t:|1683545681\n|move|p1a: Maushold|Follow Me|p1a: Maushold\n|-singleturn|p1a: Maushold|move: Follow Me\n|move|p2b: Leafeon|Leaf Blade|p1a: Maushold\n|-damage|p1a: Maushold|0 fnt\n|faint|p1a: Maushold\n|-damage|p2b: Leafeon|91\/100|[from] item: Life Orb\n|move|p1b: Annihilape|Bulk Up|p1b: Annihilape\n|-boost|p1b: Annihilape|atk|1\n|-boost|p1b: Annihilape|def|1\n|move|p2a: Murkrow|Foul Play|p1b: Annihilape\n|-damage|p1b: Annihilape|59\/100\n|\n|-weather|SunnyDay|[upkeep]\n|upkeep\n|\n|t:|1683545702\n|switch|p1a: Flutter Mane|Flutter Mane, L50|100\/100\n|-activate|p1a: Flutter Mane|ability: Protosynthesis\n|-start|p1a: Flutter Mane|protosynthesisspe\n|turn|3\n|inactive|DohBoy337 has 30 seconds left.\n|\n|t:|1683545728\n|-terastallize|p1a: Flutter Mane|Fairy\n|move|p2b: Leafeon|Leaf Blade|p1a: Flutter Mane\n|-damage|p1a: Flutter Mane|0 fnt\n|faint|p1a: Flutter Mane\n|-end|p1a: Flutter Mane|Protosynthesis|[silent]\n|-damage|p2b: Leafeon|81\/100|[from] item: Life Orb\n|move|p1b: Annihilape|Drain Punch|p2b: Leafeon\n|-crit|p2b: Leafeon\n|-damage|p2b: Leafeon|0 fnt\n|-heal|p1b: Annihilape|88\/100|[from] drain|[of] p2b: Leafeon\n|faint|p2b: Leafeon\n|move|p2a: Murkrow|Foul Play|p1b: Annihilape\n|-damage|p1b: Annihilape|45\/100\n|-enditem|p1b: Annihilape|Sitrus Berry|[eat]\n|-heal|p1b: Annihilape|70\/100|[from] item: Sitrus Berry\n|\n|-weather|SunnyDay|[upkeep]\n|upkeep\n|\n|t:|1683545747\n|switch|p1a: Ting-Lu|Ting-Lu, L50|100\/100\n|switch|p2b: Great Tusk|Great Tusk, L50|100\/100\n|-activate|p2b: Great Tusk|ability: Protosynthesis\n|-start|p2b: Great Tusk|protosynthesisatk\n|-ability|p1a: Ting-Lu|Vessel of Ruin\n|turn|4\n|inactive|bravadomercenary has 30 seconds left.\n|\n|t:|1683545776\n|-terastallize|p2b: Great Tusk|Ground\n|move|p2a: Murkrow|Haze|p2a: Murkrow\n|-clearallboost\n|move|p2b: Great Tusk|Earthquake|p1a: Ting-Lu|[spread] p1a,p1b\n|-immune|p2a: Murkrow\n|-crit|p1b: Annihilape\n|-damage|p1a: Ting-Lu|63\/100\n|-damage|p1b: Annihilape|0 fnt\n|faint|p1b: Annihilape\n|move|p1a: Ting-Lu|Sand Tomb|p2b: Great Tusk\n|-damage|p2b: Great Tusk|89\/100\n|-activate|p2b: Great Tusk|move: Sand Tomb|[of] p1a: Ting-Lu\n|\n|-weather|SunnyDay|[upkeep]\n|-heal|p1a: Ting-Lu|69\/100|[from] item: Leftovers\n|-damage|p2b: Great Tusk|77\/100|[from] move: Sand Tomb|[partiallytrapped]\n|upkeep\n|turn|5\n|\n|t:|1683545795\n|move|p1a: Ting-Lu|Protect|p1a: Ting-Lu\n|-singleturn|p1a: Ting-Lu|Protect\n|move|p2b: Great Tusk|Earthquake|p1a: Ting-Lu|[spread] \n|-activate|p1a: Ting-Lu|move: Protect\n|-immune|p2a: Murkrow\n|move|p2a: Murkrow|Foul Play|p1a: Ting-Lu\n|-activate|p1a: Ting-Lu|move: Protect\n|\n|-weather|none\n|-end|p2b: Great Tusk|Protosynthesis\n|-heal|p1a: Ting-Lu|75\/100|[from] item: Leftovers\n|-damage|p2b: Great Tusk|65\/100|[from] move: Sand Tomb|[partiallytrapped]\n|upkeep\n|turn|6\n|\n|t:|1683545810\n|move|p2a: Murkrow|Sunny Day|p2a: Murkrow\n|-weather|SunnyDay\n|-activate|p2b: Great Tusk|ability: Protosynthesis\n|-start|p2b: Great Tusk|protosynthesisatk\n|move|p2b: Great Tusk|Earthquake|p1a: Ting-Lu|[spread] p1a\n|-immune|p2a: Murkrow\n|-damage|p1a: Ting-Lu|36\/100\n|move|p1a: Ting-Lu|Sand Tomb|p2a: Murkrow\n|-immune|p2a: Murkrow\n|\n|-weather|SunnyDay|[upkeep]\n|-heal|p1a: Ting-Lu|42\/100|[from] item: Leftovers\n|-damage|p2b: Great Tusk|53\/100|[from] move: Sand Tomb|[partiallytrapped]\n|upkeep\n|turn|7\n|inactive|bravadomercenary has 30 seconds left.\n|c|\u2606bravadomercenary|gg\n|inactive|DohBoy337 has 30 seconds left.\n|inactive|DohBoy337 has 20 seconds left.\n|inactive|DohBoy337 has 15 seconds left.\n|inactive|DohBoy337 has 10 seconds left.\n|inactive|DohBoy337 has 5 seconds left.\n|\n|t:|1683545873\n|move|p1a: Ting-Lu|Protect|p1a: Ting-Lu\n|-singleturn|p1a: Ting-Lu|Protect\n|move|p2b: Great Tusk|Earthquake|p1a: Ting-Lu|[spread] \n|-activate|p1a: Ting-Lu|move: Protect\n|-immune|p2a: Murkrow\n|move|p2a: Murkrow|Foul Play|p1a: Ting-Lu\n|-activate|p1a: Ting-Lu|move: Protect\n|\n|-weather|SunnyDay|[upkeep]\n|-heal|p1a: Ting-Lu|48\/100|[from] item: Leftovers\n|-damage|p2b: Great Tusk|41\/100|[from] move: Sand Tomb|[partiallytrapped]\n|upkeep\n|turn|8\n|\n|t:|1683545895\n|move|p2b: Great Tusk|Earthquake|p1a: Ting-Lu|[spread] p1a\n|-immune|p2a: Murkrow\n|-damage|p1a: Ting-Lu|8\/100\n|move|p2a: Murkrow|Foul Play|p1a: Ting-Lu\n|-resisted|p1a: Ting-Lu\n|-damage|p1a: Ting-Lu|0 fnt\n|faint|p1a: Ting-Lu\n|\n|win|bravadomercenary\n|raw|DohBoy337's rating: 1077 → 1060<\/strong> (-17 for losing)\n|raw|bravadomercenary's rating: 1158 → 1177<\/strong> (+19 for winning)\n","uploadtime":1683545904,"views":12,"p1id":"dohboy337","p2id":"bravadomercenary","formatid":"gen9vgc2023regulationc","rating":1060,"private":0,"password":""}