{"id":"gen9vgc2023regulationc-1864301862","p1":"Kenepa21","p2":"uhu she said penal","format":"[Gen 9] VGC 2023 Regulation C","log":"|j|\u2606Kenepa21\n|j|\u2606uhu she said penal\n|t:|1684152568\n|gametype|doubles\n|player|p1|Kenepa21|169|1297\n|player|p2|uhu she said penal|2|1337\n|teamsize|p1|6\n|teamsize|p2|6\n|gen|9\n|tier|[Gen 9] VGC 2023 Regulation C\n|rated|\n|rule|Species Clause: Limit one of each Pok\u00e9mon\n|rule|Item Clause: Limit one of each item\n|clearpoke\n|poke|p1|Ceruledge, L50, F|\n|poke|p1|Klefki, L50, M|\n|poke|p1|Chien-Pao, L50|\n|poke|p1|Amoonguss, L50, M|\n|poke|p1|Flutter Mane, L50|\n|poke|p1|Dondozo, L50, F|\n|poke|p2|Chien-Pao, L50|\n|poke|p2|Iron Hands, L50|\n|poke|p2|Farigiraf, L50, F|\n|poke|p2|Gyarados, L50, F|\n|poke|p2|Amoonguss, L50, M|\n|poke|p2|Ceruledge, L50, F|\n|teampreview|4\nuhu she said penal has agreed to open team sheets.\nKenepa21 has agreed to open team sheets.\n|\n|t:|1684152666\n|start\n|switch|p1a: Chien-Pao|Chien-Pao, L50|100\/100\n|switch|p1b: Ceruledge|Ceruledge, L50, F|100\/100\n|switch|p2a: Gyarados|Gyarados, L50, F|100\/100\n|switch|p2b: Farigiraf|Farigiraf, L50, F|100\/100\n|-ability|p1a: Chien-Pao|Sword of Ruin\n|-ability|p2a: Gyarados|Intimidate|boost\n|-unboost|p1a: Chien-Pao|atk|1\n|-unboost|p1b: Ceruledge|atk|1\n|turn|1\n|\n|t:|1684152709\n|switch|p2a: Ceruledge|Ceruledge, L50, F|100\/100\n|move|p1a: Chien-Pao|Haze|p1a: Chien-Pao\n|-clearallboost\n|move|p1b: Ceruledge|Bitter Blade|p2b: Farigiraf\n|-damage|p2b: Farigiraf|47\/100\n|move|p2b: Farigiraf|Low Kick|p1a: Chien-Pao\n|-supereffective|p1a: Chien-Pao\n|-enditem|p1a: Chien-Pao|Focus Sash\n|-damage|p1a: Chien-Pao|1\/100\n|-damage|p2b: Farigiraf|37\/100|[from] item: Life Orb\n|\n|upkeep\n|turn|2\n|\n|t:|1684152733\n|switch|p1a: Dondozo|Dondozo, L50, F|100\/100\n|switch|p2b: Gyarados|Gyarados, L50, F|100\/100\n|-ability|p2b: Gyarados|Intimidate|boost\n|-fail|p1a: Dondozo|unboost|Attack|[from] ability: Oblivious|[of] p1a: Dondozo\n|-unboost|p1b: Ceruledge|atk|1\n|move|p2a: Ceruledge|Shadow Sneak|p1a: Dondozo\n|-damage|p1a: Dondozo|88\/100\n|move|p1b: Ceruledge|Bitter Blade|p2b: Gyarados\n|-resisted|p2b: Gyarados\n|-damage|p2b: Gyarados|84\/100\n|\n|-heal|p1a: Dondozo|94\/100|[from] item: Leftovers\n|upkeep\n|turn|3\n|\n|t:|1684152759\n|switch|p1b: Chien-Pao|Chien-Pao, L50|1\/100\n|-ability|p1b: Chien-Pao|Sword of Ruin\n|move|p2a: Ceruledge|Bulk Up|p2a: Ceruledge\n|-boost|p2a: Ceruledge|atk|1\n|-boost|p2a: Ceruledge|def|1\n|move|p2b: Gyarados|Taunt|p1a: Dondozo\n|-immune|p1a: Dondozo|[from] ability: Oblivious\n|move|p1a: Dondozo|Curse|p1a: Dondozo\n|-unboost|p1a: Dondozo|spe|1\n|-boost|p1a: Dondozo|atk|1\n|-boost|p1a: Dondozo|def|1\n|\n|-heal|p1a: Dondozo|99\/100|[from] item: Leftovers\n|upkeep\n|turn|4\n|\n|t:|1684152790\n|move|p2a: Ceruledge|Protect|p2a: Ceruledge\n|-singleturn|p2a: Ceruledge|Protect\n|move|p1b: Chien-Pao|Ice Spinner|p2a: Ceruledge\n|-activate|p2a: Ceruledge|move: Protect\n|move|p2b: Gyarados|Waterfall|p1b: Chien-Pao\n|-damage|p1b: Chien-Pao|0 fnt\n|faint|p1b: Chien-Pao\n|move|p1a: Dondozo|Curse|p1a: Dondozo\n|-unboost|p1a: Dondozo|spe|1\n|-boost|p1a: Dondozo|atk|1\n|-boost|p1a: Dondozo|def|1\n|\n|-heal|p1a: Dondozo|100\/100|[from] item: Leftovers\n|upkeep\n|\n|t:|1684152850\n|switch|p1b: Amoonguss|Amoonguss, L50, M|100\/100\n|turn|5\n|\n|t:|1684152880\n|move|p1b: Amoonguss|Protect|p1b: Amoonguss\n|-singleturn|p1b: Amoonguss|Protect\n|move|p2a: Ceruledge|Bulk Up|p2a: Ceruledge\n|-boost|p2a: Ceruledge|atk|1\n|-boost|p2a: Ceruledge|def|1\n|move|p2b: Gyarados|Taunt|p1b: Amoonguss\n|-activate|p1b: Amoonguss|move: Protect\n|move|p1a: Dondozo|Curse|p1a: Dondozo\n|-unboost|p1a: Dondozo|spe|1\n|-boost|p1a: Dondozo|atk|1\n|-boost|p1a: Dondozo|def|1\n|\n|upkeep\n|turn|6\n|\n|t:|1684152901\n|-terastallize|p2a: Ceruledge|Grass\n|-terastallize|p1b: Amoonguss|Water\n|move|p2a: Ceruledge|Bulk Up|p2a: Ceruledge\n|-boost|p2a: Ceruledge|atk|1\n|-boost|p2a: Ceruledge|def|1\n|move|p2b: Gyarados|Waterfall|p1b: Amoonguss\n|-resisted|p1b: Amoonguss\n|-damage|p1b: Amoonguss|86\/100\n|move|p1b: Amoonguss|Spore|p2b: Gyarados\n|-status|p2b: Gyarados|slp|[from] move: Spore\n|-enditem|p2b: Gyarados|Lum Berry|[eat]\n|-curestatus|p2b: Gyarados|slp|[msg]\n|move|p1a: Dondozo|Wave Crash|p2a: Ceruledge\n|-resisted|p2a: Ceruledge\n|-damage|p2a: Ceruledge|74\/100\n|-damage|p1a: Dondozo|94\/100|[from] Recoil\n|\n|-heal|p1a: Dondozo|99\/100|[from] item: Leftovers\n|upkeep\n|turn|7\n|\n|t:|1684152925\n|move|p2b: Gyarados|Protect|p2b: Gyarados\n|-singleturn|p2b: Gyarados|Protect\n|move|p1b: Amoonguss|Protect|p1b: Amoonguss\n|-singleturn|p1b: Amoonguss|Protect\n|move|p2a: Ceruledge|Bitter Blade|p1b: Amoonguss\n|-activate|p1b: Amoonguss|move: Protect\n|move|p1a: Dondozo|Curse|p1a: Dondozo\n|-unboost|p1a: Dondozo|spe|1\n|-boost|p1a: Dondozo|atk|1\n|-boost|p1a: Dondozo|def|1\n|\n|-heal|p1a: Dondozo|100\/100|[from] item: Leftovers\n|upkeep\n|turn|8\n|\n|t:|1684152958\n|move|p2a: Ceruledge|Bulk Up|p2a: Ceruledge\n|-boost|p2a: Ceruledge|atk|1\n|-boost|p2a: Ceruledge|def|1\n|move|p2b: Gyarados|Taunt|p1b: Amoonguss\n|-start|p1b: Amoonguss|move: Taunt\n|move|p1b: Amoonguss|Pollen Puff|p2a: Ceruledge\n|-supereffective|p2a: Ceruledge\n|-damage|p2a: Ceruledge|42\/100\n|move|p1a: Dondozo|Curse|p1a: Dondozo\n|-unboost|p1a: Dondozo|spe|1\n|-boost|p1a: Dondozo|atk|1\n|-boost|p1a: Dondozo|def|1\n|\n|upkeep\n|turn|9\n|\n|t:|1684152986\n|move|p2a: Ceruledge|Bitter Blade|p1b: Amoonguss\n|-resisted|p1b: Amoonguss\n|-damage|p1b: Amoonguss|27\/100\n|-heal|p2a: Ceruledge|77\/100|[from] drain|[of] p1b: Amoonguss\n|-enditem|p1b: Amoonguss|Sitrus Berry|[eat]\n|-heal|p1b: Amoonguss|51\/100|[from] item: Sitrus Berry\n|move|p2b: Gyarados|Waterfall|p1b: Amoonguss\n|-resisted|p1b: Amoonguss\n|-damage|p1b: Amoonguss|37\/100\n|move|p1b: Amoonguss|Pollen Puff|p2a: Ceruledge\n|-supereffective|p2a: Ceruledge\n|-damage|p2a: Ceruledge|44\/100\n|move|p1a: Dondozo|Curse|p1a: Dondozo\n|-unboost|p1a: Dondozo|spe|1\n|-boost|p1a: Dondozo|atk|1\n|-boost|p1a: Dondozo|def|1\n|\n|upkeep\n|turn|10\n|\n|t:|1684153015\n|switch|p1b: Ceruledge|Ceruledge, L50, F|100\/100\n|move|p2a: Ceruledge|Bitter Blade|p1b: Ceruledge\n|-start|p1b: Ceruledge|ability: Flash Fire\n|move|p2b: Gyarados|Waterfall|p1b: Ceruledge\n|-supereffective|p1b: Ceruledge\n|-damage|p1b: Ceruledge|33\/100\n|move|p1a: Dondozo|Body Press|p2a: Ceruledge\n|-damage|p2a: Ceruledge|12\/100\n|\n|upkeep\n|turn|11\n|\n|t:|1684153048\n|switch|p2b: Farigiraf|Farigiraf, L50, F|37\/100\n|move|p2a: Ceruledge|Shadow Sneak|p1b: Ceruledge\n|-supereffective|p1b: Ceruledge\n|-damage|p1b: Ceruledge|0 fnt\n|faint|p1b: Ceruledge\n|move|p1a: Dondozo|Wave Crash|p2b: Farigiraf\n|-damage|p2b: Farigiraf|0 fnt\n|faint|p2b: Farigiraf\n|-damage|p1a: Dondozo|90\/100|[from] Recoil\n|\n|-heal|p1a: Dondozo|96\/100|[from] item: Leftovers\n|upkeep\n|\n|t:|1684153065\n|switch|p1b: Amoonguss|Amoonguss, L50, M, tera:Water|70\/100\n|switch|p2b: Gyarados|Gyarados, L50, F|84\/100\n|-ability|p2b: Gyarados|Intimidate|boost\n|-fail|p1a: Dondozo|unboost|Attack|[from] ability: Oblivious|[of] p1a: Dondozo\n|-unboost|p1b: Amoonguss|atk|1\n|turn|12\n|\n|t:|1684153088\n|move|p1b: Amoonguss|Protect|p1b: Amoonguss\n|-singleturn|p1b: Amoonguss|Protect\n|move|p2a: Ceruledge|Bitter Blade|p2b: Gyarados\n|-resisted|p2b: Gyarados\n|-damage|p2b: Gyarados|23\/100\n|-heal|p2a: Ceruledge|46\/100|[from] drain|[of] p2b: Gyarados\n|move|p2b: Gyarados|Taunt|p1b: Amoonguss\n|-activate|p1b: Amoonguss|move: Protect\n|move|p1a: Dondozo|Body Press|p2a: Ceruledge\n|-damage|p2a: Ceruledge|13\/100\n|\n|-heal|p1a: Dondozo|100\/100|[from] item: Leftovers\n|upkeep\n|turn|13\n|\n|t:|1684153107\n|move|p1b: Amoonguss|Protect||[still]\n|-fail|p1b: Amoonguss\n|move|p2a: Ceruledge|Bitter Blade|p1b: Amoonguss\n|-resisted|p1b: Amoonguss\n|-damage|p1b: Amoonguss|11\/100\n|-heal|p2a: Ceruledge|49\/100|[from] drain|[of] p1b: Amoonguss\n|move|p2b: Gyarados|Taunt|p1b: Amoonguss\n|-start|p1b: Amoonguss|move: Taunt\n|move|p1a: Dondozo|Wave Crash|p2a: Ceruledge\n|-resisted|p2a: Ceruledge\n|-crit|p2a: Ceruledge\n|-damage|p2a: Ceruledge|0 fnt\n|faint|p2a: Ceruledge\n|-damage|p1a: Dondozo|88\/100|[from] Recoil\n|\n|-heal|p1a: Dondozo|95\/100|[from] item: Leftovers\n|upkeep\n|\n|t:|1684153122\n|switch|p2a: Iron Hands|Iron Hands, L50|100\/100\n|turn|14\n|c|\u2606uhu she said penal|yeah gg\n|\n|t:|1684153141\n|move|p2b: Gyarados|Waterfall|p1a: Dondozo\n|-resisted|p1a: Dondozo\n|-damage|p1a: Dondozo|92\/100\n|move|p2a: Iron Hands|Volt Switch|p1b: Amoonguss\n|-supereffective|p1b: Amoonguss\n|-damage|p1b: Amoonguss|0 fnt\n|faint|p1b: Amoonguss\n|move|p1a: Dondozo|Wave Crash|p2a: Iron Hands\n|-damage|p2a: Iron Hands|0 fnt\n|faint|p2a: Iron Hands\n|-end|p2a: Iron Hands|Quark Drive|[silent]\n|-damage|p1a: Dondozo|58\/100|[from] Recoil\n|\n|-heal|p1a: Dondozo|65\/100|[from] item: Leftovers\n|upkeep\n|turn|15\n|\n|t:|1684153153\n|move|p2b: Gyarados|Protect|p2b: Gyarados\n|-singleturn|p2b: Gyarados|Protect\n|move|p1a: Dondozo|Wave Crash|p2b: Gyarados\n|-activate|p2b: Gyarados|move: Protect\n|\n|-heal|p1a: Dondozo|71\/100|[from] item: Leftovers\n|upkeep\n|turn|16\n|\n|t:|1684153160\n|move|p2b: Gyarados|Waterfall|p1a: Dondozo\n|-resisted|p1a: Dondozo\n|-damage|p1a: Dondozo|68\/100\n|move|p1a: Dondozo|Wave Crash|p2b: Gyarados\n|-resisted|p2b: Gyarados\n|-damage|p2b: Gyarados|0 fnt\n|faint|p2b: Gyarados\n|-damage|p1a: Dondozo|62\/100|[from] Recoil\n|\n|win|Kenepa21\n|raw|Kenepa21's rating: 1297 → 1325<\/strong> (+28 for winning)\n|raw|uhu she said penal's rating: 1337 → 1315<\/strong> (-22 for losing)\n|l|\u2606uhu she said penal\n","uploadtime":1684153168,"views":10,"p1id":"kenepa21","p2id":"uhushesaidpenal","formatid":"gen9vgc2023regulationc","rating":1315,"private":0,"password":""}