{"id":"gen9vgc2023regulationc-1851328090","p1":"DarthIgnus","p2":"Desconocido 187","format":"[Gen 9] VGC 2023 Regulation C","log":"|j|\u2606DarthIgnus\n|j|\u2606Desconocido 187\n|t:|1682436186\n|gametype|doubles\n|player|p1|DarthIgnus|266|1285\n|player|p2|Desconocido 187|169|1192\n|teamsize|p1|6\n|teamsize|p2|6\n|gen|9\n|tier|[Gen 9] VGC 2023 Regulation C\n|rated|\n|rule|Species Clause: Limit one of each Pok\u00e9mon\n|rule|Item Clause: Limit one of each item\n|clearpoke\n|poke|p1|Arcanine, L50, F|\n|poke|p1|Amoonguss, L50, F|\n|poke|p1|Palafin, L50, M|\n|poke|p1|Kingambit, L50, F|\n|poke|p1|Dragonite, L50, M|\n|poke|p1|Flutter Mane, L50|\n|poke|p2|Baxcalibur, L50, M|\n|poke|p2|Scizor, L50, M|\n|poke|p2|Tyranitar, L50, F|\n|poke|p2|Chi-Yu, L50|\n|poke|p2|Gyarados, L50, M|\n|poke|p2|Gholdengo, L50|\n|teampreview|4\nDarthIgnus has agreed to open team sheets.\n|\n|t:|1682436253\n|start\n|switch|p1a: Palafin|Palafin, L50, M|100\/100\n|switch|p1b: Flutter Mane|Flutter Mane, L50|100\/100\n|switch|p2a: Baxcalibur|Baxcalibur, L50, M|100\/100\n|switch|p2b: Scizor|Scizor, L50, M|100\/100\n|-enditem|p1b: Flutter Mane|Booster Energy\n|-activate|p1b: Flutter Mane|ability: Protosynthesis|[fromitem]\n|-start|p1b: Flutter Mane|protosynthesisspa\n|turn|1\n|\n|t:|1682436283\n|-end|p1b: Flutter Mane|Protosynthesis|[silent]\n|switch|p1b: Kingambit|Kingambit, L50, F|100\/100\n|-terastallize|p2a: Baxcalibur|Poison\n|move|p1a: Palafin|Protect|p1a: Palafin\n|-singleturn|p1a: Palafin|Protect\n|move|p2b: Scizor|Bullet Punch|p1b: Kingambit\n|-resisted|p1b: Kingambit\n|-damage|p1b: Kingambit|85\/100\n|-damage|p2b: Scizor|91\/100|[from] item: Life Orb\n|move|p2a: Baxcalibur|Swords Dance|p2a: Baxcalibur\n|-boost|p2a: Baxcalibur|atk|2\n|\n|upkeep\n|turn|2\n|\n|t:|1682436323\n|-terastallize|p1b: Kingambit|Dark\n|move|p2b: Scizor|Protect|p2b: Scizor\n|-singleturn|p2b: Scizor|Protect\n|move|p1b: Kingambit|Sucker Punch|p2a: Baxcalibur\n|-damage|p2a: Baxcalibur|48\/100\n|move|p1a: Palafin|Wave Crash|p2a: Baxcalibur\n|-damage|p2a: Baxcalibur|0 fnt\n|faint|p2a: Baxcalibur\n|-damage|p1a: Palafin|86\/100|[from] Recoil\n|\n|upkeep\n|\n|t:|1682436343\n|switch|p2a: Gholdengo|Gholdengo, L50|100\/100\n|turn|3\n|\n|t:|1682436354\n|detailschange|p1a: Palafin|Palafin-Hero, L50, M\n|switch|p1a: Dragonite|Dragonite, L50, M|100\/100\n|move|p2a: Gholdengo|Protect|p2a: Gholdengo\n|-singleturn|p2a: Gholdengo|Protect\n|move|p1b: Kingambit|Protect|p1b: Kingambit\n|-singleturn|p1b: Kingambit|Protect\n|move|p2b: Scizor|Pounce|p1b: Kingambit\n|-activate|p1b: Kingambit|move: Protect\n|\n|upkeep\n|turn|4\n|\n|t:|1682436378\n|move|p1b: Kingambit|Sucker Punch|p2a: Gholdengo\n|-supereffective|p2a: Gholdengo\n|-damage|p2a: Gholdengo|3\/100\n|move|p1a: Dragonite|Stomping Tantrum|p2a: Gholdengo\n|-supereffective|p2a: Gholdengo\n|-damage|p2a: Gholdengo|0 fnt\n|faint|p2a: Gholdengo\n|move|p2b: Scizor|Pounce|p1b: Kingambit\n|-supereffective|p1b: Kingambit\n|-damage|p1b: Kingambit|2\/100\n|-unboost|p1b: Kingambit|spe|1\n|-ability|p1b: Kingambit|Defiant|boost\n|-boost|p1b: Kingambit|atk|2\n|-damage|p2b: Scizor|81\/100|[from] item: Life Orb\n|\n|upkeep\n|\n|t:|1682436391\n|switch|p2a: Gyarados|Gyarados, L50, M|100\/100\n|-ability|p2a: Gyarados|Intimidate|boost\n|-fail|p1a: Dragonite|unboost|Attack|[from] ability: Inner Focus|[of] p1a: Dragonite\n|-unboost|p1b: Kingambit|atk|1\n|-ability|p1b: Kingambit|Defiant|boost\n|-boost|p1b: Kingambit|atk|2\n|turn|5\n|\n|t:|1682436416\n|move|p1a: Dragonite|Extreme Speed|p2a: Gyarados\n|-damage|p2a: Gyarados|64\/100\n|move|p2b: Scizor|Bullet Punch|p1b: Kingambit\n|-damage|p1b: Kingambit|0 fnt\n|faint|p1b: Kingambit\n|-damage|p2b: Scizor|72\/100|[from] item: Life Orb\n|move|p2a: Gyarados|Thunder Wave|p1a: Dragonite\n|-status|p1a: Dragonite|par\n|\n|-heal|p2a: Gyarados|70\/100|[from] item: Leftovers\n|upkeep\n|\n|t:|1682436429\n|switch|p1b: Flutter Mane|Flutter Mane, L50|100\/100\n|turn|6\n|\n|t:|1682436444\n|-end|p1b: Flutter Mane|Protosynthesis|[silent]\n|switch|p1b: Palafin|Palafin-Hero, L50, M|86\/100\n|-activate|p1b: Palafin|ability: Zero to Hero\n|move|p2a: Gyarados|Protect|p2a: Gyarados\n|-singleturn|p2a: Gyarados|Protect\n|move|p2b: Scizor|Bullet Punch|p1b: Palafin\n|-resisted|p1b: Palafin\n|-damage|p1b: Palafin|66\/100\n|-damage|p2b: Scizor|62\/100|[from] item: Life Orb\n|move|p1a: Dragonite|Low Kick|p2b: Scizor\n|-damage|p2b: Scizor|24\/100\n|\n|-heal|p2a: Gyarados|76\/100|[from] item: Leftovers\n|upkeep\n|turn|7\n|\n|t:|1682436477\n|move|p1b: Palafin|Protect|p1b: Palafin\n|-singleturn|p1b: Palafin|Protect\n|move|p2b: Scizor|Protect|p2b: Scizor\n|-singleturn|p2b: Scizor|Protect\n|move|p2a: Gyarados|Thunder Wave|p1b: Palafin\n|-activate|p1b: Palafin|move: Protect\n|move|p1a: Dragonite|Low Kick|p2b: Scizor\n|-activate|p2b: Scizor|move: Protect\n|\n|-heal|p2a: Gyarados|82\/100|[from] item: Leftovers\n|upkeep\n|turn|8\n|\n|t:|1682436501\n|move|p2a: Gyarados|Thunder Wave|p1b: Palafin\n|-status|p1b: Palafin|par\n|move|p2b: Scizor|Trailblaze|p1b: Palafin\n|-supereffective|p1b: Palafin\n|-damage|p1b: Palafin|0 fnt\n|-boost|p2b: Scizor|spe|1\n|faint|p1b: Palafin\n|-damage|p2b: Scizor|15\/100|[from] item: Life Orb\n|move|p1a: Dragonite|Low Kick|p2b: Scizor\n|-damage|p2b: Scizor|0 fnt\n|faint|p2b: Scizor\n|\n|-heal|p2a: Gyarados|88\/100|[from] item: Leftovers\n|upkeep\n|\n|t:|1682436514\n|switch|p1b: Flutter Mane|Flutter Mane, L50|100\/100\n|turn|9\n|\n|t:|1682436537\n|cant|p1a: Dragonite|par\n|move|p1b: Flutter Mane|Moonblast|p2a: Gyarados\n|-damage|p2a: Gyarados|42\/100\n|-unboost|p2a: Gyarados|spa|1\n|move|p2a: Gyarados|Thunder Wave|p1b: Flutter Mane\n|-status|p1b: Flutter Mane|par\n|\n|-heal|p2a: Gyarados|48\/100|[from] item: Leftovers\n|upkeep\n|turn|10\n|\n|t:|1682436549\n|move|p2a: Gyarados|Protect|p2a: Gyarados\n|-singleturn|p2a: Gyarados|Protect\n|move|p1a: Dragonite|Extreme Speed|p2a: Gyarados\n|-activate|p2a: Gyarados|move: Protect\n|move|p1b: Flutter Mane|Moonblast|p2a: Gyarados\n|-activate|p2a: Gyarados|move: Protect\n|\n|-heal|p2a: Gyarados|54\/100|[from] item: Leftovers\n|upkeep\n|turn|11\n|\n|t:|1682436561\n|move|p1b: Flutter Mane|Protect|p1b: Flutter Mane\n|-singleturn|p1b: Flutter Mane|Protect\n|move|p1a: Dragonite|Extreme Speed|p2a: Gyarados\n|-damage|p2a: Gyarados|15\/100\n|move|p2a: Gyarados|Waterfall|p1b: Flutter Mane\n|-activate|p1b: Flutter Mane|move: Protect\n|\n|-heal|p2a: Gyarados|21\/100|[from] item: Leftovers\n|upkeep\n|turn|12\n|\n|t:|1682436574\n|move|p2a: Gyarados|Protect|p2a: Gyarados\n|-singleturn|p2a: Gyarados|Protect\n|move|p1a: Dragonite|Extreme Speed|p2a: Gyarados\n|-activate|p2a: Gyarados|move: Protect\n|move|p1b: Flutter Mane|Moonblast|p2a: Gyarados\n|-activate|p2a: Gyarados|move: Protect\n|\n|-heal|p2a: Gyarados|28\/100|[from] item: Leftovers\n|upkeep\n|turn|13\n|\n|t:|1682436587\n|move|p1a: Dragonite|Extreme Speed|p2a: Gyarados\n|-damage|p2a: Gyarados|0 fnt\n|faint|p2a: Gyarados\n|\n|win|DarthIgnus\n|raw|DarthIgnus's rating: 1285 → 1303<\/strong> (+18 for winning)\n|raw|Desconocido 187's rating: 1192 → 1174<\/strong> (-18 for losing)\n","uploadtime":1682436595,"views":13,"p1id":"darthignus","p2id":"desconocido187","formatid":"gen9vgc2023regulationc","rating":1174,"private":0,"password":""}