{"id":"gen9vgc2023regulationc-1850744618","p1":"goosegooseduck","p2":"Dr.Disney","format":"[Gen 9] VGC 2023 Regulation C","log":"|j|\u2606goosegooseduck\n|j|\u2606Dr.Disney\n|t:|1682363980\n|gametype|doubles\n|player|p1|goosegooseduck|102|1169\n|player|p2|Dr.Disney|juan|1187\n|teamsize|p1|6\n|teamsize|p2|6\n|gen|9\n|tier|[Gen 9] VGC 2023 Regulation C\n|rated|\n|rule|Species Clause: Limit one of each Pok\u00e9mon\n|rule|Item Clause: Limit one of each item\n|clearpoke\n|poke|p1|Tauros-Paldea-Aqua, L50, M|\n|poke|p1|Pelipper, L50, F|\n|poke|p1|Palafin, L50, F|\n|poke|p1|Great Tusk, L50|\n|poke|p1|Kingambit, L50, F|\n|poke|p1|Ting-Lu, L50|\n|poke|p2|Dachsbun, L50, F|\n|poke|p2|Chi-Yu, L50|\n|poke|p2|Armarouge, L50, M|\n|poke|p2|Torkoal, L50, F|\n|poke|p2|Wo-Chien, L50|\n|poke|p2|Flutter Mane, L50|\n|teampreview|4\n|inactive|Battle timer is ON: inactive players will automatically lose when time's up. (requested by goosegooseduck)\n|\n|t:|1682364004\n|start\n|switch|p1a: Palafin|Palafin, L50, F|100\/100\n|switch|p1b: Tauros|Tauros-Paldea-Aqua, L50, M|100\/100\n|switch|p2a: Chi-Yu|Chi-Yu, L50|100\/100\n|switch|p2b: Armarouge|Armarouge, L50, M|100\/100\n|-ability|p2a: Chi-Yu|Beads of Ruin\n|-ability|p1b: Tauros|Intimidate|boost\n|-unboost|p2a: Chi-Yu|atk|1\n|-unboost|p2b: Armarouge|atk|1\n|turn|1\n|inactive|Dr.Disney has 30 seconds left.\n|inactive|Dr.Disney has 20 seconds left.\n|\n|t:|1682364041\n|switch|p2a: Dachsbun|Dachsbun, L50, F|100\/100\n|-terastallize|p2b: Armarouge|Grass\n|move|p1b: Tauros|Protect|p1b: Tauros\n|-singleturn|p1b: Tauros|Protect\n|move|p1a: Palafin|Flip Turn|p2a: Dachsbun\n|-damage|p2a: Dachsbun|74\/100\n|-damage|p1a: Palafin|84\/100|[from] item: Rocky Helmet|[of] p2a: Dachsbun\n|-damage|p1a: Palafin|74\/100|[from] item: Life Orb\n|\n|t:|1682364052\n|detailschange|p1a: Palafin|Palafin-Hero, L50, F\n|switch|p1a: Pelipper|Pelipper, L50, F|100\/100|[from] Flip Turn\n|-weather|RainDance|[from] ability: Drizzle|[of] p1a: Pelipper\n|move|p2b: Armarouge|Lava Plume|p1b: Tauros|[spread] p1a\n|-activate|p1b: Tauros|move: Protect\n|-ability|p2a: Dachsbun|Well-Baked Body|boost\n|-boost|p2a: Dachsbun|def|2\n|-resisted|p1a: Pelipper\n|-damage|p1a: Pelipper|86\/100\n|\n|-weather|RainDance|[upkeep]\n|upkeep\n|turn|2\n|inactive|goosegooseduck has 30 seconds left.\n|\n|t:|1682364086\n|switch|p2b: Torkoal|Torkoal, L50, F|100\/100\n|-weather|SunnyDay|[from] ability: Drought|[of] p2b: Torkoal\n|move|p1b: Tauros|Bulk Up|p1b: Tauros\n|-boost|p1b: Tauros|atk|1\n|-boost|p1b: Tauros|def|1\n|move|p2a: Dachsbun|Body Press|p1b: Tauros\n|-damage|p1b: Tauros|76\/100\n|move|p1a: Pelipper|Ice Beam|p2b: Torkoal\n|-resisted|p2b: Torkoal\n|-damage|p2b: Torkoal|84\/100\n|\n|-weather|SunnyDay|[upkeep]\n|upkeep\n|turn|3\n|\n|t:|1682364104\n|move|p1b: Tauros|Protect|p1b: Tauros\n|-singleturn|p1b: Tauros|Protect\n|move|p2a: Dachsbun|Body Press|p1b: Tauros\n|-activate|p1b: Tauros|move: Protect\n|move|p1a: Pelipper|U-turn|p2b: Torkoal\n|-resisted|p2b: Torkoal\n|-damage|p2b: Torkoal|81\/100\n|\n|t:|1682364113\n|switch|p1a: Ting-Lu|Ting-Lu, L50|100\/100|[from] U-turn\n|-ability|p1a: Ting-Lu|Vessel of Ruin\n|move|p2b: Torkoal|Lava Plume|p1b: Tauros|[spread] p1a\n|-activate|p1b: Tauros|move: Protect\n|-ability|p2a: Dachsbun|Well-Baked Body|boost\n|-boost|p2a: Dachsbun|def|2\n|-damage|p1a: Ting-Lu|92\/100\n|\n|-weather|SunnyDay|[upkeep]\n|upkeep\n|turn|4\n|\n|t:|1682364137\n|switch|p2b: Armarouge|Armarouge, L50, M, tera:Grass|100\/100\n|move|p1b: Tauros|Raging Bull|p2b: Armarouge\n|-resisted|p2b: Armarouge\n|-damage|p2b: Armarouge|87\/100\n|move|p2a: Dachsbun|Body Press|p1b: Tauros\n|-damage|p1b: Tauros|38\/100\n|-enditem|p1b: Tauros|Sitrus Berry|[eat]\n|-heal|p1b: Tauros|63\/100|[from] item: Sitrus Berry\n|move|p1a: Ting-Lu|Fissure|p2a: Dachsbun\n|-damage|p2a: Dachsbun|0 fnt\n|faint|p2a: Dachsbun\n|-ohko\n|\n|-weather|SunnyDay|[upkeep]\n|upkeep\n|\n|t:|1682364151\n|switch|p2a: Chi-Yu|Chi-Yu, L50|100\/100\n|-ability|p2a: Chi-Yu|Beads of Ruin\n|turn|5\n|\n|t:|1682364168\n|switch|p1b: Pelipper|Pelipper, L50, F|86\/100\n|-weather|RainDance|[from] ability: Drizzle|[of] p1b: Pelipper\n|move|p2a: Chi-Yu|Lava Plume|p1b: Pelipper|[spread] p1a,p1b\n|-start|p2b: Armarouge|ability: Flash Fire\n|-resisted|p1b: Pelipper\n|-damage|p1a: Ting-Lu|84\/100\n|-damage|p1b: Pelipper|70\/100\n|-status|p1b: Pelipper|brn\n|-damage|p2a: Chi-Yu|90\/100|[from] item: Life Orb\n|move|p2b: Armarouge|Psychic|p1b: Pelipper\n|-damage|p1b: Pelipper|0 fnt\n|faint|p1b: Pelipper\n|move|p1a: Ting-Lu|Stomping Tantrum|p2a: Chi-Yu\n|-supereffective|p2a: Chi-Yu\n|-damage|p2a: Chi-Yu|1\/100\n|\n|-weather|RainDance|[upkeep]\n|upkeep\n|\n|t:|1682364186\n|switch|p1b: Tauros|Tauros-Paldea-Aqua, L50, M|63\/100\n|-ability|p1b: Tauros|Intimidate|boost\n|-unboost|p2a: Chi-Yu|atk|1\n|-unboost|p2b: Armarouge|atk|1\n|turn|6\n|inactive|goosegooseduck has 30 seconds left.\n|inactive|Dr.Disney has 30 seconds left.\n|inactive|Dr.Disney has 20 seconds left.\n|\n|t:|1682364221\n|switch|p2a: Torkoal|Torkoal, L50, F|81\/100\n|-weather|SunnyDay|[from] ability: Drought|[of] p2a: Torkoal\n|move|p1b: Tauros|Close Combat|p2b: Armarouge\n|-damage|p2b: Armarouge|37\/100\n|-unboost|p1b: Tauros|def|1\n|-unboost|p1b: Tauros|spd|1\n|move|p2b: Armarouge|Armor Cannon|p1a: Ting-Lu\n|-damage|p1a: Ting-Lu|29\/100\n|-unboost|p2b: Armarouge|def|1\n|-unboost|p2b: Armarouge|spd|1\n|move|p1a: Ting-Lu|Stomping Tantrum|p2a: Torkoal\n|-supereffective|p2a: Torkoal\n|-damage|p2a: Torkoal|44\/100\n|\n|-weather|SunnyDay|[upkeep]\n|upkeep\n|turn|7\n|\n|t:|1682364245\n|move|p2b: Armarouge|Protect|p2b: Armarouge\n|-singleturn|p2b: Armarouge|Protect\n|move|p1b: Tauros|Bulk Up|p1b: Tauros\n|-boost|p1b: Tauros|atk|1\n|-boost|p1b: Tauros|def|1\n|move|p1a: Ting-Lu|Fissure|p2a: Torkoal|[miss]\n|-miss|p1a: Ting-Lu|p2a: Torkoal\n|move|p2a: Torkoal|Lava Plume|p1b: Tauros|[spread] p1a,p1b\n|-activate|p2b: Armarouge|move: Protect\n|-resisted|p1b: Tauros\n|-damage|p1a: Ting-Lu|19\/100\n|-damage|p1b: Tauros|38\/100\n|-status|p1a: Ting-Lu|brn\n|-status|p1b: Tauros|brn\n|\n|-weather|SunnyDay|[upkeep]\n|-damage|p1b: Tauros|32\/100 brn|[from] brn\n|-damage|p1a: Ting-Lu|14\/100 brn|[from] brn\n|upkeep\n|turn|8\n|inactive|goosegooseduck has 30 seconds left.\n|inactive|Dr.Disney has 30 seconds left.\n|\n|t:|1682364278\n|-end|p2b: Armarouge|ability: Flash Fire|[silent]\n|switch|p2b: Chi-Yu|Chi-Yu, L50|1\/100\n|-ability|p2b: Chi-Yu|Beads of Ruin\n|move|p1b: Tauros|Close Combat|p2b: Chi-Yu\n|-supereffective|p2b: Chi-Yu\n|-damage|p2b: Chi-Yu|0 fnt\n|-unboost|p1b: Tauros|def|1\n|-unboost|p1b: Tauros|spd|1\n|faint|p2b: Chi-Yu\n|move|p1a: Ting-Lu|Fissure|p2a: Torkoal|[miss]\n|-miss|p1a: Ting-Lu|p2a: Torkoal\n|move|p2a: Torkoal|Lava Plume|p1a: Ting-Lu|[spread] p1a,p1b\n|-resisted|p1b: Tauros\n|-damage|p1a: Ting-Lu|5\/100 brn\n|-damage|p1b: Tauros|0 fnt\n|faint|p1b: Tauros\n|\n|-weather|SunnyDay|[upkeep]\n|-damage|p1a: Ting-Lu|0 fnt|[from] brn\n|faint|p1a: Ting-Lu\n|upkeep\n|\n|t:|1682364302\n|switch|p2b: Armarouge|Armarouge, L50, M, tera:Grass|37\/100\n|switch|p1b: Palafin|Palafin-Hero, L50, F|74\/100\n|-activate|p1b: Palafin|ability: Zero to Hero\n|turn|9\n|inactive|Dr.Disney has 30 seconds left.\n|\n|t:|1682364329\n|move|p2b: Armarouge|Protect|p2b: Armarouge\n|-singleturn|p2b: Armarouge|Protect\n|move|p1b: Palafin|Ice Punch|p2b: Armarouge\n|-activate|p2b: Armarouge|move: Protect\n|move|p2a: Torkoal|Yawn|p1b: Palafin\n|-start|p1b: Palafin|move: Yawn|[of] p2a: Torkoal\n|\n|-weather|SunnyDay|[upkeep]\n|upkeep\n|turn|10\n|\n|t:|1682364346\n|move|p2b: Armarouge|Protect||[still]\n|-fail|p2b: Armarouge\n|move|p1b: Palafin|Ice Punch|p2b: Armarouge\n|-supereffective|p2b: Armarouge\n|-crit|p2b: Armarouge\n|-damage|p2b: Armarouge|0 fnt\n|faint|p2b: Armarouge\n|-damage|p1b: Palafin|65\/100|[from] item: Life Orb\n|move|p2a: Torkoal|Lava Plume|p1b: Palafin\n|-resisted|p1b: Palafin\n|-damage|p1b: Palafin|44\/100\n|-status|p1b: Palafin|brn\n|\n|-weather|SunnyDay|[upkeep]\n|-damage|p1b: Palafin|38\/100 brn|[from] brn\n|-end|p1b: Palafin|move: Yawn|[silent]\n|upkeep\n|turn|11\n|c|\u2606goosegooseduck|bahah\n|inactive|goosegooseduck has 30 seconds left.\n|\n|t:|1682364374\n|-terastallize|p1b: Palafin|Water\n|move|p1b: Palafin|Jet Punch|p2a: Torkoal\n|-supereffective|p2a: Torkoal\n|-damage|p2a: Torkoal|24\/100\n|-damage|p1b: Palafin|28\/100 brn|[from] item: Life Orb\n|move|p2a: Torkoal|Lava Plume|p1b: Palafin\n|-resisted|p1b: Palafin\n|-damage|p1b: Palafin|7\/100 brn\n|\n|-weather|SunnyDay|[upkeep]\n|-damage|p1b: Palafin|1\/100 brn|[from] brn\n|upkeep\n|turn|12\n|c|\u2606Dr.Disney|ez\n|c|\u2606Dr.Disney|how did you lose\n|\n|t:|1682364394\n|move|p2a: Torkoal|Protect|p2a: Torkoal\n|-singleturn|p2a: Torkoal|Protect\n|move|p1b: Palafin|Jet Punch|p2a: Torkoal\n|-activate|p2a: Torkoal|move: Protect\n|\n|-weather|SunnyDay|[upkeep]\n|-damage|p1b: Palafin|0 fnt|[from] brn\n|faint|p1b: Palafin\n|\n|win|Dr.Disney\n|upkeep\n|raw|goosegooseduck's rating: 1169 → 1145<\/strong> (-24 for losing)\n|raw|Dr.Disney's rating: 1187 → 1211<\/strong> (+24 for winning)\n|c|\u2606Dr.Disney|rain v sun\n|c|\u2606Dr.Disney|wow\n|c|\u2606goosegooseduck|i lost pelipper\n|c|\u2606goosegooseduck|simple\n|c|\u2606goosegooseduck|gg\n|c|\u2606Dr.Disney|crazy you lost that matchup\n|c|\u2606goosegooseduck|sun is meta mate\n|c|\u2606Dr.Disney|rain still good and counters?\n|c|\u2606Dr.Disney|lol\n|c|\u2606goosegooseduck|not really\n|c|\u2606goosegooseduck|but ok gg\n|c|\u2606Dr.Disney|yeahh\n|c|\u2606Dr.Disney|gg im built better ig\n|c|\u2606goosegooseduck|ok\n|l|\u2606goosegooseduck\n|c|\u2606Dr.Disney|its true, I won vs pala rain using fire types\n","uploadtime":1682365146,"views":13,"p1id":"goosegooseduck","p2id":"drdisney","formatid":"gen9vgc2023regulationc","rating":1145,"private":0,"password":""}