{"id":"gen9vgc2023regulationc-1855871714","p1":"ZenAku10","p2":"Cosentino","format":"[Gen 9] VGC 2023 Regulation C","log":"|j|\u2606ZenAku10\n|j|\u2606Cosentino\n|t:|1682994271\n|gametype|doubles\n|player|p1|ZenAku10|102|1273\n|player|p2|Cosentino|101|1264\n|teamsize|p1|6\n|teamsize|p2|6\n|gen|9\n|tier|[Gen 9] VGC 2023 Regulation C\n|rated|\n|rule|Species Clause: Limit one of each Pok\u00e9mon\n|rule|Item Clause: Limit one of each item\n|clearpoke\n|poke|p1|Iron Bundle, L50|\n|poke|p1|Abomasnow, L50, F|\n|poke|p1|Ting-Lu, L50|\n|poke|p1|Vivillon, L50, F|\n|poke|p1|Annihilape, L50, M|\n|poke|p1|Chien-Pao, L50|\n|poke|p2|Sableye, L50, M|\n|poke|p2|Ceruledge, L50, F|\n|poke|p2|Dragonite, L50, F|\n|poke|p2|Ting-Lu, L50|\n|poke|p2|Bronzong, L50|\n|poke|p2|Iron Bundle, L50|\n|teampreview|4\n|inactive|Battle timer is ON: inactive players will automatically lose when time's up. (requested by Cosentino)\n|\n|t:|1682994315\n|start\n|switch|p1a: Iron Bundle|Iron Bundle, L50|100\/100\n|switch|p1b: Abomasnow|Abomasnow, L50, F|100\/100\n|switch|p2a: Ceruledge|Ceruledge, L50, F|100\/100\n|switch|p2b: Sableye|Sableye, L50, M|100\/100\n|-weather|Snow|[from] ability: Snow Warning|[of] p1b: Abomasnow\n|-enditem|p1a: Iron Bundle|Booster Energy\n|-activate|p1a: Iron Bundle|ability: Quark Drive|[fromitem]\n|-start|p1a: Iron Bundle|quarkdrivespe\n|turn|1\n|\n|t:|1682994329\n|-terastallize|p1b: Abomasnow|Water\n|move|p2b: Sableye|Fake Out|p1a: Iron Bundle\n|-damage|p1a: Iron Bundle|95\/100\n|cant|p1a: Iron Bundle|flinch\n|move|p2a: Ceruledge|Bitter Blade|p1b: Abomasnow\n|-resisted|p1b: Abomasnow\n|-damage|p1b: Abomasnow|78\/100\n|move|p1b: Abomasnow|Blizzard|p2b: Sableye|[spread] p2a,p2b\n|-resisted|p2a: Ceruledge\n|-damage|p2a: Ceruledge|82\/100\n|-damage|p2b: Sableye|56\/100\n|-damage|p1b: Abomasnow|68\/100|[from] item: Life Orb\n|\n|-weather|Snow|[upkeep]\n|-heal|p2a: Ceruledge|88\/100|[from] item: Leftovers\n|upkeep\n|turn|2\n|\n|t:|1682994353\n|move|p2b: Sableye|Disable|p1b: Abomasnow\n|-start|p1b: Abomasnow|Disable|Blizzard\n|move|p1a: Iron Bundle|Hydro Pump|p2a: Ceruledge|[miss]\n|-miss|p1a: Iron Bundle|p2a: Ceruledge\n|move|p2a: Ceruledge|Bulk Up|p2a: Ceruledge\n|-boost|p2a: Ceruledge|atk|1\n|-boost|p2a: Ceruledge|def|1\n|cant|p1b: Abomasnow|Disable|Blizzard\n|\n|-weather|Snow|[upkeep]\n|-heal|p2a: Ceruledge|94\/100|[from] item: Leftovers\n|upkeep\n|turn|3\n|\n|t:|1682994372\n|move|p1b: Abomasnow|Helping Hand|p1a: Iron Bundle\n|-singleturn|p1a: Iron Bundle|Helping Hand|[of] p1b: Abomasnow\n|move|p2a: Ceruledge|Shadow Sneak|p1b: Abomasnow\n|-damage|p1b: Abomasnow|38\/100\n|move|p2b: Sableye|Disable|p1a: Iron Bundle\n|-start|p1a: Iron Bundle|Disable|Hydro Pump\n|move|p1a: Iron Bundle|Blizzard|p2b: Sableye|[spread] p2a,p2b\n|-resisted|p2a: Ceruledge\n|-damage|p2a: Ceruledge|66\/100\n|-damage|p2b: Sableye|0 fnt\n|faint|p2b: Sableye\n|\n|-weather|Snow|[upkeep]\n|-heal|p2a: Ceruledge|72\/100|[from] item: Leftovers\n|upkeep\n|\n|t:|1682994387\n|switch|p2b: Bronzong|Bronzong, L50|100\/100\n|turn|4\n|\n|t:|1682994401\n|switch|p1b: Annihilape|Annihilape, L50, M|100\/100\n|move|p1a: Iron Bundle|Protect|p1a: Iron Bundle\n|-singleturn|p1a: Iron Bundle|Protect\n|move|p2a: Ceruledge|Shadow Sneak|p1a: Iron Bundle\n|-activate|p1a: Iron Bundle|move: Protect\n|move|p2b: Bronzong|Trick Room|p2b: Bronzong\n|-fieldstart|move: Trick Room|[of] p2b: Bronzong\n|\n|-weather|Snow|[upkeep]\n|-heal|p2a: Ceruledge|78\/100|[from] item: Leftovers\n|upkeep\n|turn|5\n|\n|t:|1682994423\n|-end|p1a: Iron Bundle|Quark Drive|[silent]\n|switch|p1a: Vivillon|Vivillon, L50, F|100\/100\n|move|p2b: Bronzong|Gyro Ball|p1a: Vivillon\n|-damage|p1a: Vivillon|32\/100\n|move|p2a: Ceruledge|Bitter Blade|p1a: Vivillon\n|-supereffective|p1a: Vivillon\n|-damage|p1a: Vivillon|0 fnt\n|-heal|p2a: Ceruledge|92\/100|[from] drain|[of] p1a: Vivillon\n|faint|p1a: Vivillon\n|move|p1b: Annihilape|Rage Fist|p2a: Ceruledge\n|-supereffective|p2a: Ceruledge\n|-damage|p2a: Ceruledge|58\/100\n|\n|-weather|none\n|-heal|p2a: Ceruledge|64\/100|[from] item: Leftovers\n|upkeep\n|\n|t:|1682994437\n|switch|p1a: Abomasnow|Abomasnow, L50, F, tera:Water|38\/100\n|-weather|Snow|[from] ability: Snow Warning|[of] p1a: Abomasnow\n|turn|6\n|\n|t:|1682994453\n|move|p1a: Abomasnow|Helping Hand|p1b: Annihilape\n|-singleturn|p1b: Annihilape|Helping Hand|[of] p1a: Abomasnow\n|move|p2a: Ceruledge|Protect|p2a: Ceruledge\n|-singleturn|p2a: Ceruledge|Protect\n|move|p2b: Bronzong|Safeguard|p2b: Bronzong\n|-sidestart|p2: Cosentino|Safeguard\n|move|p1b: Annihilape|Rage Fist|p2a: Ceruledge\n|-activate|p2a: Ceruledge|move: Protect\n|\n|-weather|Snow|[upkeep]\n|-heal|p2a: Ceruledge|70\/100|[from] item: Leftovers\n|upkeep\n|turn|7\n|\n|t:|1682994476\n|move|p1a: Abomasnow|Helping Hand|p1b: Annihilape\n|-singleturn|p1b: Annihilape|Helping Hand|[of] p1a: Abomasnow\n|move|p2b: Bronzong|Gyro Ball|p1a: Abomasnow\n|-resisted|p1a: Abomasnow\n|-damage|p1a: Abomasnow|26\/100\n|move|p2a: Ceruledge|Bulk Up|p2a: Ceruledge\n|-boost|p2a: Ceruledge|atk|1\n|-boost|p2a: Ceruledge|def|1\n|move|p1b: Annihilape|Phantom Force||[still]\n|-prepare|p1b: Annihilape|Phantom Force\n|\n|-weather|Snow|[upkeep]\n|-heal|p2a: Ceruledge|76\/100|[from] item: Leftovers\n|upkeep\n|turn|8\n|\n|t:|1682994493\n|-terastallize|p2a: Ceruledge|Grass\n|move|p1a: Abomasnow|Helping Hand|p1b: Annihilape\n|-singleturn|p1b: Annihilape|Helping Hand|[of] p1a: Abomasnow\n|move|p2b: Bronzong|Gyro Ball|p1a: Abomasnow\n|-resisted|p1a: Abomasnow\n|-damage|p1a: Abomasnow|15\/100\n|move|p2a: Ceruledge|Bitter Blade|p1a: Abomasnow\n|-resisted|p1a: Abomasnow\n|-damage|p1a: Abomasnow|0 fnt\n|-heal|p2a: Ceruledge|83\/100|[from] drain|[of] p1a: Abomasnow\n|faint|p1a: Abomasnow\n|move|p1b: Annihilape|Phantom Force|p2b: Bronzong|[from]lockedmove\n|-supereffective|p2b: Bronzong\n|-damage|p2b: Bronzong|0 fnt\n|-damage|p1b: Annihilape|84\/100|[from] item: Rocky Helmet|[of] p2b: Bronzong\n|faint|p2b: Bronzong\n|\n|-weather|Snow|[upkeep]\n|-heal|p2a: Ceruledge|90\/100|[from] item: Leftovers\n|-fieldend|move: Trick Room\n|upkeep\n|\n|t:|1682994510\n|switch|p1a: Iron Bundle|Iron Bundle, L50|95\/100\n|switch|p2b: Dragonite|Dragonite, L50, F|100\/100\n|turn|9\n|\n|t:|1682994531\n|move|p1a: Iron Bundle|Protect|p1a: Iron Bundle\n|-singleturn|p1a: Iron Bundle|Protect\n|move|p2b: Dragonite|Extreme Speed|p1a: Iron Bundle\n|-activate|p1a: Iron Bundle|move: Protect\n|move|p2a: Ceruledge|Shadow Sneak|p1a: Iron Bundle\n|-activate|p1a: Iron Bundle|move: Protect\n|move|p1b: Annihilape|Phantom Force||[still]\n|-prepare|p1b: Annihilape|Phantom Force\n|\n|-weather|Snow|[upkeep]\n|-heal|p2a: Ceruledge|96\/100|[from] item: Leftovers\n|upkeep\n|turn|10\n|\n|t:|1682994543\n|move|p2b: Dragonite|Extreme Speed|p1a: Iron Bundle\n|-damage|p1a: Iron Bundle|70\/100\n|move|p2a: Ceruledge|Shadow Sneak|p1a: Iron Bundle\n|-crit|p1a: Iron Bundle\n|-damage|p1a: Iron Bundle|26\/100\n|move|p1a: Iron Bundle|Blizzard|p2a: Ceruledge|[spread] p2a,p2b\n|-supereffective|p2a: Ceruledge\n|-supereffective|p2b: Dragonite\n|-damage|p2a: Ceruledge|32\/100\n|-damage|p2b: Dragonite|28\/100\n|move|p1b: Annihilape|Phantom Force|p2a: Ceruledge|[from]lockedmove\n|-damage|p2a: Ceruledge|9\/100\n|\n|-weather|none\n|-heal|p2a: Ceruledge|15\/100|[from] item: Leftovers\n|-sideend|p2: Cosentino|Safeguard\n|upkeep\n|turn|11\n|inactive|ZenAku10 has 30 seconds left.\n|inactive|Cosentino has 30 seconds left.\n|\n|t:|1682994581\n|move|p2b: Dragonite|Extreme Speed|p1a: Iron Bundle\n|-damage|p1a: Iron Bundle|0 fnt\n|faint|p1a: Iron Bundle\n|-end|p1a: Iron Bundle|Quark Drive|[silent]\n|move|p2a: Ceruledge|Shadow Sneak|p1b: Annihilape\n|-supereffective|p1b: Annihilape\n|-damage|p1b: Annihilape|8\/100\n|move|p1b: Annihilape|Phantom Force||[still]\n|-prepare|p1b: Annihilape|Phantom Force\n|\n|-heal|p2a: Ceruledge|21\/100|[from] item: Leftovers\n|upkeep\n|turn|12\n|\n|t:|1682994594\n|move|p2a: Ceruledge|Shadow Sneak|p1b: Annihilape|[miss]\n|-miss|p2a: Ceruledge|p1b: Annihilape\n|move|p1b: Annihilape|Phantom Force|p2a: Ceruledge|[from]lockedmove\n|-damage|p2a: Ceruledge|0 fnt\n|faint|p2a: Ceruledge\n|move|p2b: Dragonite|Earthquake|p1b: Annihilape\n|-damage|p1b: Annihilape|0 fnt\n|faint|p1b: Annihilape\n|\n|win|Cosentino\n|raw|ZenAku10's rating: 1273 → 1247<\/strong> (-26 for losing)\n|raw|Cosentino's rating: 1264 → 1290<\/strong> (+26 for winning)\n","uploadtime":1682994601,"views":10,"p1id":"zenaku10","p2id":"cosentino","formatid":"gen9vgc2023regulationc","rating":1247,"private":0,"password":""}