{"id":"gen9vgc2023regulationc-1857653515","p1":"arne-02","p2":"mknjbkhvvxmhfgj","format":"[Gen 9] VGC 2023 Regulation C","log":"|j|\u2606arne-02\n|j|\u2606mknjbkhvvxmhfgj\n|t:|1683218502\n|gametype|doubles\n|player|p1|arne-02|170|1171\n|player|p2|mknjbkhvvxmhfgj|alder|1073\n|teamsize|p1|6\n|teamsize|p2|6\n|gen|9\n|tier|[Gen 9] VGC 2023 Regulation C\n|rated|\n|rule|Species Clause: Limit one of each Pok\u00e9mon\n|rule|Item Clause: Limit one of each item\n|clearpoke\n|poke|p1|Arcanine, L50, M|\n|poke|p1|Wo-Chien, L50|\n|poke|p1|Ting-Lu, L50|\n|poke|p1|Garganacl, L50, F|\n|poke|p1|Gothitelle, L50, M|\n|poke|p1|Scream Tail, L50|\n|poke|p2|Garganacl, L50, F|\n|poke|p2|Iron Bundle, L50|\n|poke|p2|Amoonguss, L50, F|\n|poke|p2|Gyarados, L50, M|\n|poke|p2|Iron Hands, L50|\n|poke|p2|Glimmora, L50, F|\n|teampreview|4\n|inactive|Battle timer is ON: inactive players will automatically lose when time's up. (requested by mknjbkhvvxmhfgj)\n|inactive|arne-02 has 60 seconds left.\n|\n|t:|1683218554\n|start\n|switch|p1a: Gothitelle|Gothitelle, L50, M|100\/100\n|switch|p1b: Scream Tail|Scream Tail, L50|100\/100\n|switch|p2a: Garganacl|Garganacl, L50, F|100\/100\n|switch|p2b: Iron Hands|Iron Hands, L50|100\/100\n|turn|1\n|\n|t:|1683218572\n|move|p1a: Gothitelle|Fake Out|p2b: Iron Hands\n|-damage|p2b: Iron Hands|97\/100\n|cant|p2b: Iron Hands|flinch\n|move|p1b: Scream Tail|Perish Song|p1b: Scream Tail\n|-start|p1a: Gothitelle|perish3|[silent]\n|-start|p1b: Scream Tail|perish3|[silent]\n|-start|p2a: Garganacl|perish3|[silent]\n|-start|p2b: Iron Hands|perish3|[silent]\n|-fieldactivate|move: Perish Song\n|move|p2a: Garganacl|Salt Cure|p1a: Gothitelle\n|-damage|p1a: Gothitelle|86\/100\n|-start|p1a: Gothitelle|Salt Cure\n|\n|-damage|p1a: Gothitelle|74\/100|[from] Salt Cure\n|-start|p1b: Scream Tail|perish3\n|-start|p1a: Gothitelle|perish3\n|-start|p2a: Garganacl|perish3\n|-start|p2b: Iron Hands|perish3\n|upkeep\n|turn|2\n|inactive|mknjbkhvvxmhfgj has 30 seconds left.\n|inactive|mknjbkhvvxmhfgj has 20 seconds left.\n|\n|t:|1683218607\n|move|p1a: Gothitelle|Protect|p1a: Gothitelle\n|-singleturn|p1a: Gothitelle|Protect\n|move|p1b: Scream Tail|Disable|p2a: Garganacl\n|-start|p2a: Garganacl|Disable|Salt Cure\n|cant|p2a: Garganacl|Disable|Salt Cure\n|move|p2b: Iron Hands|Wild Charge|p1b: Scream Tail\n|-damage|p1b: Scream Tail|65\/100\n|-damage|p2b: Iron Hands|90\/100|[from] Recoil\n|\n|-damage|p1a: Gothitelle|62\/100|[from] Salt Cure\n|-start|p1b: Scream Tail|perish2\n|-start|p1a: Gothitelle|perish2\n|-start|p2a: Garganacl|perish2\n|-start|p2b: Iron Hands|perish2\n|upkeep\n|turn|3\n|\n|t:|1683218632\n|-terastallize|p2a: Garganacl|Ghost\n|move|p2a: Garganacl|Protect|p2a: Garganacl\n|-singleturn|p2a: Garganacl|Protect\n|move|p1b: Scream Tail|Disable|p2b: Iron Hands\n|-start|p2b: Iron Hands|Disable|Wild Charge\n|move|p2b: Iron Hands|Volt Switch|p1a: Gothitelle\n|-damage|p1a: Gothitelle|50\/100\n|\n|t:|1683218641\n|-end|p2b: Iron Hands|Quark Drive|[silent]\n|switch|p2b: Glimmora|Glimmora, L50, F|100\/100|[from] Volt Switch\n|move|p1a: Gothitelle|Trick Room|p1a: Gothitelle\n|-fieldstart|move: Trick Room|[of] p1a: Gothitelle\n|\n|-damage|p1a: Gothitelle|37\/100|[from] Salt Cure\n|-start|p2a: Garganacl|perish1\n|-start|p1a: Gothitelle|perish1\n|-start|p1b: Scream Tail|perish1\n|upkeep\n|turn|4\n|c|\u2606arne-02|wp\n|inactive|arne-02 has 30 seconds left.\n|\n|t:|1683218667\n|switch|p2a: Iron Hands|Iron Hands, L50|90\/100\n|switch|p1a: Wo-Chien|Wo-Chien, L50|100\/100\n|-ability|p1a: Wo-Chien|Tablets of Ruin\n|-end|p1b: Scream Tail|Protosynthesis|[silent]\n|switch|p1b: Garganacl|Garganacl, L50, F|100\/100\n|move|p2b: Glimmora|Mortal Spin|p1a: Wo-Chien|[spread] p1a,p1b\n|-supereffective|p1a: Wo-Chien\n|-resisted|p1b: Garganacl\n|-damage|p1a: Wo-Chien|96\/100\n|-damage|p1b: Garganacl|99\/100\n|-status|p1a: Wo-Chien|psn\n|\n|-heal|p1a: Wo-Chien|100\/100 psn|[from] item: Leftovers\n|-damage|p1a: Wo-Chien|88\/100 psn|[from] psn\n|upkeep\n|turn|5\n|inactive|arne-02 has 30 seconds left.\n|inactive|mknjbkhvvxmhfgj has 30 seconds left.\n|inactive|arne-02 has 20 seconds left.\n|\n|t:|1683218704\n|move|p2a: Iron Hands|Fake Out|p1b: Garganacl\n|-resisted|p1b: Garganacl\n|-damage|p1b: Garganacl|96\/100\n|cant|p1b: Garganacl|flinch\n|move|p1a: Wo-Chien|Leech Seed|p2a: Iron Hands\n|-start|p2a: Iron Hands|move: Leech Seed\n|move|p2b: Glimmora|Stealth Rock|p1a: Wo-Chien\n|-sidestart|p1: arne-02|move: Stealth Rock\n|\n|-heal|p1a: Wo-Chien|94\/100 psn|[from] item: Leftovers\n|-damage|p2a: Iron Hands|78\/100|[from] Leech Seed|[of] p1a: Wo-Chien\n|-heal|p1a: Wo-Chien|100\/100 psn|[silent]\n|-damage|p1a: Wo-Chien|88\/100 psn|[from] psn\n|upkeep\n|turn|6\n|inactive|arne-02 has 30 seconds left.\n|inactive|mknjbkhvvxmhfgj has 30 seconds left.\n|\n|t:|1683218731\n|move|p2a: Iron Hands|Close Combat|p1a: Wo-Chien\n|-supereffective|p1a: Wo-Chien\n|-damage|p1a: Wo-Chien|19\/100 psn\n|-unboost|p2a: Iron Hands|def|1\n|-unboost|p2a: Iron Hands|spd|1\n|move|p1b: Garganacl|Salt Cure|p2b: Glimmora\n|-damage|p2b: Glimmora|88\/100\n|-start|p2b: Glimmora|Salt Cure\n|-activate|p2b: Glimmora|ability: Toxic Debris\n|-sidestart|p1: arne-02|move: Toxic Spikes\n|move|p1a: Wo-Chien|Leech Seed|p2b: Glimmora|[miss]\n|-miss|p1a: Wo-Chien|p2b: Glimmora\n|move|p2b: Glimmora|Power Gem|p1a: Wo-Chien\n|-damage|p1a: Wo-Chien|0 fnt\n|faint|p1a: Wo-Chien\n|\n|-damage|p2b: Glimmora|76\/100|[from] Salt Cure\n|upkeep\n|-message|arne-02 forfeited.\n|\n|win|mknjbkhvvxmhfgj\n|raw|arne-02's rating: 1171 → 1139<\/strong> (-32 for losing)\n|raw|mknjbkhvvxmhfgj's rating: 1073 → 1110<\/strong> (+37 for winning)\n|l|\u2606arne-02\n","uploadtime":1683218868,"views":12,"p1id":"arne02","p2id":"mknjbkhvvxmhfgj","formatid":"gen9vgc2023regulationc","rating":1110,"private":0,"password":""}