{"id":"gen9vgc2023regulationc-1859937786","p1":"AGoobyGoofer","p2":"G3rd","format":"[Gen 9] VGC 2023 Regulation C","log":"|j|\u2606AGoobyGoofer\n|j|\u2606G3rd\n|t:|1683577446\n|gametype|doubles\n|player|p1|AGoobyGoofer|101|1288\n|player|p2|G3rd|giovanni|1372\n|teamsize|p1|6\n|teamsize|p2|6\n|gen|9\n|tier|[Gen 9] VGC 2023 Regulation C\n|rated|\n|rule|Species Clause: Limit one of each Pok\u00e9mon\n|rule|Item Clause: Limit one of each item\n|clearpoke\n|poke|p1|Orthworm, L50, F|\n|poke|p1|Annihilape, L50, M|\n|poke|p1|Gyarados, L50, F|\n|poke|p1|Ting-Lu, L50|\n|poke|p1|Dragonite, L50, M|\n|poke|p1|Iron Valiant, L50|\n|poke|p2|Annihilape, L50, F|\n|poke|p2|Maushold-Four, L50|\n|poke|p2|Chien-Pao, L50|\n|poke|p2|Dragonite, L50, M|\n|poke|p2|Ting-Lu, L50|\n|poke|p2|Florges, L50, F|\n|teampreview|4\nG3rd has agreed to open team sheets.\n|inactive|Battle timer is ON: inactive players will automatically lose when time's up. (requested by G3rd)\nAGoobyGoofer has agreed to open team sheets.\n|inactive|G3rd has 60 seconds left.\n|inactive|AGoobyGoofer has 60 seconds left.\n|\n|t:|1683577570\n|start\n|switch|p1a: Iron Valiant|Iron Valiant, L50, shiny|100\/100\n|switch|p1b: Annihilape|Annihilape, L50, M, shiny|100\/100\n|switch|p2a: Florges|Florges, L50, F|100\/100\n|switch|p2b: Dragonite|Dragonite, L50, M|100\/100\n|-enditem|p1a: Iron Valiant|Booster Energy\n|-activate|p1a: Iron Valiant|ability: Quark Drive|[fromitem]\n|-start|p1a: Iron Valiant|quarkdrivespa\n|turn|1\n|inactive|AGoobyGoofer has 30 seconds left.\n|inactive|G3rd has 30 seconds left.\n|inactive|AGoobyGoofer has 20 seconds left.\n|inactive|G3rd has 20 seconds left.\n|inactive|G3rd has 15 seconds left.\n|inactive|G3rd has 10 seconds left.\n|\n|t:|1683577619\n|-end|p1a: Iron Valiant|Quark Drive|[silent]\n|switch|p1a: Gyarados|Gyarados, L50, F, shiny|100\/100\n|-ability|p1a: Gyarados|Intimidate|boost\n|-unboost|p2a: Florges|atk|1\n|-unboost|p2b: Dragonite|atk|1\n|-terastallize|p2b: Dragonite|Flying\n|move|p2a: Florges|Helping Hand|p2b: Dragonite\n|-singleturn|p2b: Dragonite|Helping Hand|[of] p2a: Florges\n|move|p2b: Dragonite|Tera Blast|p1a: Gyarados\n|-damage|p1a: Gyarados|0 fnt\n|faint|p1a: Gyarados\n|move|p1b: Annihilape|Rage Fist|p2b: Dragonite\n|-damage|p2b: Dragonite|85\/100\n|\n|upkeep\n|\n|t:|1683577635\n|switch|p1a: Dragonite|Dragonite, L50, M, shiny|100\/100\n|turn|2\n|inactive|G3rd has 30 seconds left.\n|inactive|G3rd has 20 seconds left.\n|inactive|G3rd has 15 seconds left.\n|\n|t:|1683577677\n|move|p1a: Dragonite|Ice Spinner|p2b: Dragonite\n|-supereffective|p2b: Dragonite\n|-damage|p2b: Dragonite|14\/100\n|move|p2b: Dragonite|Tera Blast|p1b: Annihilape\n|-supereffective|p1b: Annihilape\n|-damage|p1b: Annihilape|0 fnt\n|faint|p1b: Annihilape\n|move|p2a: Florges|Skill Swap|p1a: Dragonite\n|-activate|p2a: Florges|move: Skill Swap|Multiscale|Symbiosis|[of] p1a: Dragonite\n|\n|upkeep\n|\n|t:|1683577684\n|switch|p1b: Iron Valiant|Iron Valiant, L50, shiny|100\/100\n|turn|3\n|inactive|G3rd has 30 seconds left.\n|\n|t:|1683577718\n|switch|p2b: Ting-Lu|Ting-Lu, L50|100\/100\n|-ability|p2b: Ting-Lu|Vessel of Ruin\n|-terastallize|p1b: Iron Valiant|Fairy\n|move|p1b: Iron Valiant|Moonblast|p2b: Ting-Lu\n|-supereffective|p2b: Ting-Lu\n|-damage|p2b: Ting-Lu|56\/100\n|-unboost|p2b: Ting-Lu|spa|1\n|move|p1a: Dragonite|Dragon Dance|p1a: Dragonite\n|-boost|p1a: Dragonite|atk|1\n|-boost|p1a: Dragonite|spe|1\n|-enditem|p2a: Florges|Mirror Herb\n|-boost|p2a: Florges|atk|1|[from] item: Mirror Herb\n|-boost|p2a: Florges|spe|1|[from] item: Mirror Herb\n|move|p2a: Florges|Moonblast|p1a: Dragonite\n|-supereffective|p1a: Dragonite\n|-damage|p1a: Dragonite|38\/100\n|-unboost|p1a: Dragonite|spa|1\n|\n|upkeep\n|turn|4\n|inactive|AGoobyGoofer has 30 seconds left.\n|inactive|G3rd has 30 seconds left.\n|\n|t:|1683577748\n|move|p1a: Dragonite|Ice Spinner|p2b: Ting-Lu\n|-supereffective|p2b: Ting-Lu\n|-crit|p2b: Ting-Lu\n|-damage|p2b: Ting-Lu|0 fnt\n|faint|p2b: Ting-Lu\n|move|p1b: Iron Valiant|Moonblast|p2a: Florges\n|-damage|p2a: Florges|79\/100\n|-unboost|p2a: Florges|spa|1\n|move|p2a: Florges|Moonblast|p1a: Dragonite\n|-supereffective|p1a: Dragonite\n|-damage|p1a: Dragonite|0 fnt\n|faint|p1a: Dragonite\n|\n|upkeep\n|\n|t:|1683577764\n|switch|p2b: Dragonite|Dragonite, L50, M, tera:Flying|14\/100\n|turn|5\n|\n|t:|1683577773\n|move|p2a: Florges|Helping Hand|p2b: Dragonite\n|-singleturn|p2b: Dragonite|Helping Hand|[of] p2a: Florges\n|move|p2b: Dragonite|Extreme Speed|p1b: Iron Valiant\n|-damage|p1b: Iron Valiant|8\/100\n|move|p1b: Iron Valiant|Moonblast|p2b: Dragonite\n|-damage|p2b: Dragonite|0 fnt\n|faint|p2b: Dragonite\n|\n|upkeep\n|\n|t:|1683577781\n|switch|p2b: Chien-Pao|Chien-Pao, L50|100\/100\n|-ability|p2b: Chien-Pao|Sword of Ruin\n|turn|6\n|\n|t:|1683577791\n|move|p2b: Chien-Pao|Sucker Punch|p1b: Iron Valiant\n|-resisted|p1b: Iron Valiant\n|-damage|p1b: Iron Valiant|0 fnt\n|faint|p1b: Iron Valiant\n|-end|p1b: Iron Valiant|Quark Drive|[silent]\n|\n|win|G3rd\n|raw|AGoobyGoofer's rating: 1288 → 1269<\/strong> (-19 for losing)\n|raw|G3rd's rating: 1372 → 1387<\/strong> (+15 for winning)\n|l|\u2606AGoobyGoofer\n","uploadtime":1683577807,"views":49,"p1id":"agoobygoofer","p2id":"g3rd","formatid":"gen9vgc2023regulationc","rating":1269,"private":0,"password":""}