{"id":"gen9vgc2023regulationc-1857402064","p1":"fairynanbawan","p2":"Bigdaddychaddy","format":"[Gen 9] VGC 2023 Regulation C","log":"|j|\u2606fairynanbawan\n|j|\u2606Bigdaddychaddy\n|t:|1683187247\n|gametype|doubles\n|player|p1|fairynanbawan|skierf|1314\n|player|p2|Bigdaddychaddy|lucas|1246\n|teamsize|p1|6\n|teamsize|p2|6\n|gen|9\n|tier|[Gen 9] VGC 2023 Regulation C\n|rated|\n|rule|Species Clause: Limit one of each Pok\u00e9mon\n|rule|Item Clause: Limit one of each item\n|clearpoke\n|poke|p1|Tinkaton, L50, F|\n|poke|p1|Grimmsnarl, L50, M|\n|poke|p1|Azumarill, L50, M|\n|poke|p1|Flutter Mane, L50|\n|poke|p1|Iron Valiant, L50|\n|poke|p1|Mimikyu, L50, F|\n|poke|p2|Arcanine, L50, F|\n|poke|p2|Palafin, L50, F|\n|poke|p2|Arboliva, L50, M|\n|poke|p2|Pawmot, L50, F|\n|poke|p2|Flutter Mane, L50|\n|poke|p2|Farigiraf, L50, M|\n|teampreview|4\n|\n|t:|1683187316\n|start\n|switch|p1a: Luna|Flutter Mane, L50|100\/100\n|switch|p1b: Celestia|Iron Valiant, L50|100\/100\n|switch|p2a: Flutter Mane|Flutter Mane, L50|100\/100\n|switch|p2b: Palafin|Palafin, L50, F|100\/100\n|-enditem|p1b: Celestia|Booster Energy\n|-activate|p1b: Celestia|ability: Quark Drive|[fromitem]\n|-start|p1b: Celestia|quarkdrivespe\n|turn|1\n|\n|t:|1683187434\n|detailschange|p2b: Palafin|Palafin-Hero, L50, F\n|switch|p2b: Arcanine|Arcanine, L50, F|100\/100\n|-ability|p2b: Arcanine|Intimidate|boost\n|-unboost|p1a: Luna|atk|1\n|-unboost|p1b: Celestia|atk|1\n|move|p1b: Celestia|Close Combat|p2b: Arcanine\n|-damage|p2b: Arcanine|52\/100\n|-unboost|p1b: Celestia|def|1\n|-unboost|p1b: Celestia|spd|1\n|move|p2a: Flutter Mane|Dazzling Gleam|p1a: Luna|[spread] p1a,p1b\n|-supereffective|p1b: Celestia\n|-damage|p1a: Luna|66\/100\n|-damage|p1b: Celestia|0 fnt\n|faint|p1b: Celestia\n|-end|p1b: Celestia|Quark Drive|[silent]\n|move|p1a: Luna|Shadow Ball|p2a: Flutter Mane\n|-supereffective|p2a: Flutter Mane\n|-enditem|p2a: Flutter Mane|Focus Sash\n|-damage|p2a: Flutter Mane|1\/100\n|\n|upkeep\n|\n|t:|1683187447\n|switch|p1b: Thorax|Mimikyu, L50, F|100\/100\n|turn|2\n|\n|t:|1683187464\n|-end|p2a: Flutter Mane|Protosynthesis|[silent]\n|switch|p2a: Arboliva|Arboliva, L50, M|100\/100\n|move|p1b: Thorax|Shadow Sneak|p2a: Arboliva\n|-immune|p2a: Arboliva\n|move|p1a: Luna|Shadow Ball|p2b: Arcanine\n|-damage|p2b: Arcanine|0 fnt\n|faint|p2b: Arcanine\n|\n|upkeep\n|\n|t:|1683187480\n|switch|p2b: Flutter Mane|Flutter Mane, L50|1\/100\n|turn|3\n|\n|t:|1683187521\n|-end|p1a: Luna|Protosynthesis|[silent]\n|switch|p1a: Angel|Azumarill, L50, M|100\/100\n|-terastallize|p1b: Thorax|Fighting\n|move|p2b: Flutter Mane|Shadow Ball|p1a: Angel\n|-damage|p1a: Angel|59\/100\n|move|p1b: Thorax|Drain Punch|p2a: Arboliva\n|-supereffective|p2a: Arboliva\n|-damage|p2a: Arboliva|37\/100\n|-fieldstart|move: Grassy Terrain|[from] ability: Seed Sower|[of] p2a: Arboliva\n|-damage|p1b: Thorax|91\/100|[from] item: Life Orb\n|move|p2a: Arboliva|Leech Seed|p1b: Thorax\n|-start|p1b: Thorax|move: Leech Seed\n|\n|-heal|p2b: Flutter Mane|7\/100|[from] Grassy Terrain\n|-heal|p1b: Thorax|97\/100|[from] Grassy Terrain\n|-heal|p1a: Angel|65\/100|[from] Grassy Terrain\n|-heal|p2a: Arboliva|43\/100|[from] Grassy Terrain\n|-heal|p2a: Arboliva|49\/100|[from] item: Leftovers\n|-damage|p1b: Thorax|85\/100|[from] Leech Seed|[of] p2a: Arboliva\n|-heal|p2a: Arboliva|59\/100|[silent]\n|upkeep\n|turn|4\n|\n|t:|1683187546\n|switch|p1a: Luna|Flutter Mane, L50|66\/100\n|move|p2a: Arboliva|Protect|p2a: Arboliva\n|-singleturn|p2a: Arboliva|Protect\n|move|p1b: Thorax|Shadow Sneak|p2b: Flutter Mane\n|-supereffective|p2b: Flutter Mane\n|-damage|p2b: Flutter Mane|0 fnt\n|faint|p2b: Flutter Mane\n|-end|p2b: Flutter Mane|Protosynthesis|[silent]\n|-damage|p1b: Thorax|75\/100|[from] item: Life Orb\n|\n|-heal|p1a: Luna|72\/100|[from] Grassy Terrain\n|-heal|p1b: Thorax|82\/100|[from] Grassy Terrain\n|-heal|p2a: Arboliva|65\/100|[from] Grassy Terrain\n|-heal|p2a: Arboliva|71\/100|[from] item: Leftovers\n|-damage|p1b: Thorax|69\/100|[from] Leech Seed|[of] p2a: Arboliva\n|-heal|p2a: Arboliva|80\/100|[silent]\n|upkeep\n|\n|t:|1683187553\n|switch|p2b: Palafin|Palafin-Hero, L50, F|100\/100\n|-activate|p2b: Palafin|ability: Zero to Hero\n|turn|5\n|\n|t:|1683187570\n|-terastallize|p2b: Palafin|Water\n|move|p2b: Palafin|Jet Punch|p1b: Thorax\n|-activate|p1b: Thorax|ability: Disguise\n|-damage|p1b: Thorax|69\/100\n|detailschange|p1b: Thorax|Mimikyu-Busted, L50, F, tera:Fighting\n|-damage|p1b: Thorax|57\/100|[from] pokemon: Mimikyu-Busted\n|move|p1a: Luna|Thunderbolt|p2b: Palafin\n|-supereffective|p2b: Palafin\n|-damage|p2b: Palafin|7\/100\n|move|p1b: Thorax|Drain Punch|p2a: Arboliva\n|-supereffective|p2a: Arboliva\n|-damage|p2a: Arboliva|22\/100\n|-heal|p1b: Thorax|94\/100|[from] drain|[of] p2a: Arboliva\n|-damage|p1b: Thorax|85\/100|[from] item: Life Orb\n|move|p2a: Arboliva|Giga Drain|p1a: Luna\n|-damage|p1a: Luna|30\/100\n|-heal|p2a: Arboliva|37\/100|[from] drain|[of] p1a: Luna\n|\n|-heal|p1a: Luna|36\/100|[from] Grassy Terrain\n|-heal|p1b: Thorax|91\/100|[from] Grassy Terrain\n|-heal|p2b: Palafin|13\/100|[from] Grassy Terrain\n|-heal|p2a: Arboliva|43\/100|[from] Grassy Terrain\n|-heal|p2a: Arboliva|49\/100|[from] item: Leftovers\n|-damage|p1b: Thorax|79\/100|[from] Leech Seed|[of] p2a: Arboliva\n|-heal|p2a: Arboliva|59\/100|[silent]\n|upkeep\n|turn|6\n|\n|t:|1683187600\n|-end|p1a: Luna|Protosynthesis|[silent]\n|switch|p1a: Angel|Azumarill, L50, M|65\/100\n|move|p2a: Arboliva|Protect|p2a: Arboliva\n|-singleturn|p2a: Arboliva|Protect\n|move|p1b: Thorax|Shadow Sneak|p2b: Palafin\n|-damage|p2b: Palafin|0 fnt\n|faint|p2b: Palafin\n|-damage|p1b: Thorax|69\/100|[from] item: Life Orb\n|\n|-heal|p1b: Thorax|75\/100|[from] Grassy Terrain\n|-heal|p1a: Angel|71\/100|[from] Grassy Terrain\n|-heal|p2a: Arboliva|65\/100|[from] Grassy Terrain\n|-heal|p2a: Arboliva|71\/100|[from] item: Leftovers\n|-damage|p1b: Thorax|63\/100|[from] Leech Seed|[of] p2a: Arboliva\n|-heal|p2a: Arboliva|80\/100|[silent]\n|upkeep\n|turn|7\n|\n|t:|1683187617\n|move|p1a: Angel|Protect|p1a: Angel\n|-singleturn|p1a: Angel|Protect\n|move|p1b: Thorax|Curse|p1b: Thorax\n|-unboost|p1b: Thorax|spe|1\n|-boost|p1b: Thorax|atk|1\n|-boost|p1b: Thorax|def|1\n|move|p2a: Arboliva|Leech Seed|p1a: Angel\n|-activate|p1a: Angel|move: Protect\n|\n|-heal|p1b: Thorax|69\/100|[from] Grassy Terrain\n|-heal|p1a: Angel|77\/100|[from] Grassy Terrain\n|-heal|p2a: Arboliva|86\/100|[from] Grassy Terrain\n|-heal|p2a: Arboliva|92\/100|[from] item: Leftovers\n|-damage|p1b: Thorax|57\/100|[from] Leech Seed|[of] p2a: Arboliva\n|-heal|p2a: Arboliva|100\/100|[silent]\n|-fieldend|move: Grassy Terrain\n|upkeep\n|turn|8\n|c|\u2606Bigdaddychaddy|Thorax a menace\n|\n|t:|1683187635\n|move|p1b: Thorax|Drain Punch|p2a: Arboliva\n|-supereffective|p2a: Arboliva\n|-damage|p2a: Arboliva|6\/100\n|-heal|p1b: Thorax|100\/100|[from] drain|[of] p2a: Arboliva\n|-fieldstart|move: Grassy Terrain|[from] ability: Seed Sower|[of] p2a: Arboliva\n|-damage|p1b: Thorax|91\/100|[from] item: Life Orb\n|move|p1a: Angel|Ice Spinner|p2a: Arboliva\n|-supereffective|p2a: Arboliva\n|-damage|p2a: Arboliva|0 fnt\n|-fieldend|move: Grassy Terrain\n|-fieldstart|move: Grassy Terrain|[from] ability: Seed Sower|[of] p2a: Arboliva\n|faint|p2a: Arboliva\n|\n|win|fairynanbawan\n|raw|fairynanbawan's rating: 1293 → 1315<\/strong> (+22 for winning)\n|raw|Bigdaddychaddy's rating: 1246 → 1224<\/strong> (-22 for losing)\n|l|\u2606Bigdaddychaddy\n","uploadtime":1683187770,"views":12,"p1id":"fairynanbawan","p2id":"bigdaddychaddy","formatid":"gen9vgc2023regulationc","rating":1224,"private":0,"password":""}