{"id":"gen9vgc2023regulationc-1856925728","p1":"kentomiyaharaVGC","p2":"hipolitoacaboconto","format":"[Gen 9] VGC 2023 Regulation C","log":"|j|\u2606kentomiyaharaVGC\n|j|\u2606hipolitoacaboconto\n|t:|1683126330\n|gametype|doubles\n|player|p1|kentomiyaharaVGC|crasherwake|1069\n|player|p2|hipolitoacaboconto|101|1052\n|teamsize|p1|6\n|teamsize|p2|6\n|gen|9\n|tier|[Gen 9] VGC 2023 Regulation C\n|rated|\n|rule|Species Clause: Limit one of each Pok\u00e9mon\n|rule|Item Clause: Limit one of each item\n|clearpoke\n|poke|p1|Palafin, L50, M|\n|poke|p1|Ting-Lu, L50|\n|poke|p1|Arcanine, L50, M|\n|poke|p1|Flutter Mane, L50|\n|poke|p1|Dragonite, L50, F|\n|poke|p1|Amoonguss, L50, F|\n|poke|p2|Ting-Lu, L50|\n|poke|p2|Wo-Chien, L50|\n|poke|p2|Tyranitar, L50, M|\n|poke|p2|Gastrodon, L50, F|\n|poke|p2|Glimmora, L50, F|\n|poke|p2|Garganacl, L50, F|\n|teampreview|4\n|inactive|Battle timer is ON: inactive players will automatically lose when time's up. (requested by hipolitoacaboconto)\n|inactive|kentomiyaharaVGC has 60 seconds left.\n|\n|t:|1683126452\n|start\n|switch|p1a: Ting-Lu|Ting-Lu, L50|100\/100\n|switch|p1b: Dragonite|Dragonite, L50, F|100\/100\n|switch|p2a: Glimmora|Glimmora, L50, F, shiny|100\/100\n|switch|p2b: Garganacl|Garganacl, L50, F|100\/100\n|-ability|p1a: Ting-Lu|Vessel of Ruin\n|turn|1\n|inactive|kentomiyaharaVGC has 30 seconds left.\n|inactive|hipolitoacaboconto has 30 seconds left.\n|inactive|kentomiyaharaVGC has 20 seconds left.\n|inactive|hipolitoacaboconto has 20 seconds left.\n|inactive|hipolitoacaboconto has 15 seconds left.\n|inactive|hipolitoacaboconto has 10 seconds left.\n|\n|t:|1683126500\n|move|p2a: Glimmora|Mortal Spin|p1a: Ting-Lu|[spread] p1a,p1b\n|-resisted|p1a: Ting-Lu\n|-damage|p1a: Ting-Lu|99\/100\n|-damage|p1b: Dragonite|98\/100\n|-status|p1a: Ting-Lu|psn\n|-status|p1b: Dragonite|psn\n|-enditem|p1b: Dragonite|Lum Berry|[eat]\n|-curestatus|p1b: Dragonite|psn|[msg]\n|move|p1b: Dragonite|Tailwind|p1b: Dragonite\n|-sidestart|p1: kentomiyaharaVGC|move: Tailwind\n|move|p1a: Ting-Lu|Stomping Tantrum|p2b: Garganacl\n|-supereffective|p2b: Garganacl\n|-damage|p2b: Garganacl|56\/100\n|move|p2b: Garganacl|Fling|p1b: Dragonite\n|-crit|p1b: Dragonite\n|-damage|p1b: Dragonite|87\/100\n|-status|p1b: Dragonite|brn\n|-enditem|p2b: Garganacl|Flame Orb|[from] move: Fling\n|\n|-damage|p1a: Ting-Lu|87\/100 psn|[from] psn\n|-damage|p1b: Dragonite|81\/100 brn|[from] brn\n|upkeep\n|turn|2\n|inactive|hipolitoacaboconto has 30 seconds left.\n|\n|t:|1683126530\n|move|p1b: Dragonite|Stomping Tantrum|p2a: Glimmora\n|-supereffective|p2a: Glimmora\n|-damage|p2a: Glimmora|31\/100\n|-activate|p2a: Glimmora|ability: Toxic Debris\n|-sidestart|p1: kentomiyaharaVGC|move: Toxic Spikes\n|move|p2a: Glimmora|Energy Ball|p1a: Ting-Lu\n|-supereffective|p1a: Ting-Lu\n|-crit|p1a: Ting-Lu\n|-damage|p1a: Ting-Lu|50\/100 psn\n|move|p1a: Ting-Lu|Stomping Tantrum|p2a: Glimmora\n|-supereffective|p2a: Glimmora\n|-damage|p2a: Glimmora|0 fnt\n|-activate|p2a: Glimmora|ability: Toxic Debris\n|-sidestart|p1: kentomiyaharaVGC|move: Toxic Spikes\n|faint|p2a: Glimmora\n|move|p2b: Garganacl|Salt Cure|p1a: Ting-Lu\n|-resisted|p1a: Ting-Lu\n|-damage|p1a: Ting-Lu|45\/100 psn\n|-start|p1a: Ting-Lu|Salt Cure\n|\n|-damage|p1a: Ting-Lu|33\/100 psn|[from] psn\n|-damage|p1b: Dragonite|75\/100 brn|[from] brn\n|-damage|p1a: Ting-Lu|21\/100 psn|[from] Salt Cure\n|upkeep\n|\n|t:|1683126554\n|switch|p2a: Tyranitar|Tyranitar, L50, M|100\/100\n|-weather|Sandstorm|[from] ability: Sand Stream|[of] p2a: Tyranitar\n|turn|3\n|\n|t:|1683126572\n|switch|p1b: Arcanine|Arcanine, L50, M|100\/100\n|-status|p1b: Arcanine|tox\n|-ability|p1b: Arcanine|Intimidate|boost\n|-unboost|p2a: Tyranitar|atk|1\n|-unboost|p2b: Garganacl|atk|1\n|-terastallize|p2a: Tyranitar|Flying\n|move|p1a: Ting-Lu|Stomping Tantrum|p2a: Tyranitar\n|-immune|p2a: Tyranitar\n|move|p2a: Tyranitar|Rock Slide|p1a: Ting-Lu|[spread] p1b\n|-miss|p2a: Tyranitar|p1a: Ting-Lu\n|-supereffective|p1b: Arcanine\n|-damage|p1b: Arcanine|53\/100 tox\n|move|p2b: Garganacl|Recover|p2b: Garganacl\n|-heal|p2b: Garganacl|100\/100\n|\n|-weather|Sandstorm|[upkeep]\n|-damage|p2a: Tyranitar|95\/100|[from] Sandstorm\n|-damage|p1b: Arcanine|47\/100 tox|[from] psn\n|-damage|p1a: Ting-Lu|8\/100 psn|[from] psn\n|-damage|p1a: Ting-Lu|0 fnt|[from] Salt Cure\n|faint|p1a: Ting-Lu\n|upkeep\n|\n|t:|1683126591\n|switch|p1a: Amoonguss|Amoonguss, L50, F|100\/100\n|-sideend|p1: kentomiyaharaVGC|move: Toxic Spikes|[of] p1a: Amoonguss\n|turn|4\n|\n|t:|1683126612\n|-terastallize|p1b: Arcanine|Grass\n|move|p1b: Arcanine|Flare Blitz|p2a: Tyranitar\n|-damage|p2a: Tyranitar|50\/100\n|-damage|p1b: Arcanine|31\/100 tox|[from] Recoil\n|move|p1a: Amoonguss|Pollen Puff|p1b: Arcanine\n|-heal|p1b: Arcanine|81\/100 tox\n|move|p2a: Tyranitar|Tera Blast|p1a: Amoonguss\n|-supereffective|p1a: Amoonguss\n|-damage|p1a: Amoonguss|52\/100\n|move|p2b: Garganacl|Salt Cure|p1a: Amoonguss\n|-damage|p1a: Amoonguss|44\/100\n|-start|p1a: Amoonguss|Salt Cure\n|-enditem|p1a: Amoonguss|Sitrus Berry|[eat]\n|-heal|p1a: Amoonguss|69\/100|[from] item: Sitrus Berry\n|\n|-weather|Sandstorm|[upkeep]\n|-damage|p1a: Amoonguss|63\/100|[from] Sandstorm\n|-damage|p2a: Tyranitar|44\/100|[from] Sandstorm\n|-damage|p1b: Arcanine|69\/100 tox|[from] psn\n|-damage|p1a: Amoonguss|51\/100|[from] Salt Cure\n|-sideend|p1: kentomiyaharaVGC|move: Tailwind\n|upkeep\n|turn|5\n|inactive|kentomiyaharaVGC has 30 seconds left.\n|inactive|hipolitoacaboconto has 30 seconds left.\n|inactive|hipolitoacaboconto has 20 seconds left.\n|\n|t:|1683126647\n|move|p1b: Arcanine|Flare Blitz|p2a: Tyranitar\n|-damage|p2a: Tyranitar|0 fnt\n|faint|p2a: Tyranitar\n|-damage|p1b: Arcanine|53\/100 tox|[from] Recoil\n|move|p2b: Garganacl|Salt Cure|p1b: Arcanine\n|-damage|p1b: Arcanine|43\/100 tox\n|-start|p1b: Arcanine|Salt Cure\n|move|p1a: Amoonguss|Spore|p2b: Garganacl\n|-immune|p2b: Garganacl|[from] ability: Purifying Salt\n|\n|-weather|Sandstorm|[upkeep]\n|-damage|p1a: Amoonguss|45\/100|[from] Sandstorm\n|-damage|p1b: Arcanine|24\/100 tox|[from] psn\n|-damage|p1b: Arcanine|12\/100 tox|[from] Salt Cure\n|-damage|p1a: Amoonguss|33\/100|[from] Salt Cure\n|upkeep\n|\n|t:|1683126664\n|switch|p2a: Gastrodon|Gastrodon, L50, F|100\/100\n|turn|6\n|\n|t:|1683126674\n|move|p1b: Arcanine|Protect|p1b: Arcanine\n|-singleturn|p1b: Arcanine|Protect\n|move|p2a: Gastrodon|Protect|p2a: Gastrodon\n|-singleturn|p2a: Gastrodon|Protect\n|move|p2b: Garganacl|Protect|p2b: Garganacl\n|-singleturn|p2b: Garganacl|Protect\n|move|p1a: Amoonguss|Pollen Puff|p1b: Arcanine\n|-activate|p1b: Arcanine|move: Protect\n|\n|-weather|Sandstorm|[upkeep]\n|-damage|p1a: Amoonguss|27\/100|[from] Sandstorm\n|-damage|p1b: Arcanine|0 fnt|[from] psn\n|faint|p1b: Arcanine\n|-damage|p1a: Amoonguss|15\/100|[from] Salt Cure\n|upkeep\n|\n|t:|1683126689\n|switch|p1b: Dragonite|Dragonite, L50, F|75\/100 brn\n|turn|7\n|\n|t:|1683126701\n|move|p1b: Dragonite|Stomping Tantrum|p2b: Garganacl\n|-supereffective|p2b: Garganacl\n|-damage|p2b: Garganacl|82\/100\n|move|p2a: Gastrodon|Earth Power|p1a: Amoonguss\n|-damage|p1a: Amoonguss|0 fnt\n|faint|p1a: Amoonguss\n|move|p2b: Garganacl|Salt Cure|p1b: Dragonite\n|-supereffective|p1b: Dragonite\n|-damage|p1b: Dragonite|52\/100 brn\n|-start|p1b: Dragonite|Salt Cure\n|\n|-weather|none\n|-damage|p1b: Dragonite|46\/100 brn|[from] brn\n|-damage|p1b: Dragonite|34\/100 brn|[from] Salt Cure\n|upkeep\n|turn|8\n|-message|kentomiyaharaVGC forfeited.\n|\n|win|hipolitoacaboconto\n|raw|kentomiyaharaVGC's rating: 1069 → 1048<\/strong> (-21 for losing)\n|raw|hipolitoacaboconto's rating: 1052 → 1086<\/strong> (+34 for winning)\n|l|\u2606kentomiyaharaVGC\n","uploadtime":1683126720,"views":5,"p1id":"kentomiyaharavgc","p2id":"hipolitoacaboconto","formatid":"gen9vgc2023regulationc","rating":1048,"private":0,"password":""}