{"id":"gen9vgc2023regulationc-1857434320","p1":"Windows11Goated","p2":"salvx","format":"[Gen 9] VGC 2023 Regulation C","log":"|j|\u2606Windows11Goated\n|j|\u2606salvx\n|t:|1683192576\n|gametype|doubles\n|player|p1|Windows11Goated|265|1177\n|player|p2|salvx|hilbert-wonderlauncher|1134\n|teamsize|p1|6\n|teamsize|p2|6\n|gen|9\n|tier|[Gen 9] VGC 2023 Regulation C\n|rated|\n|rule|Species Clause: Limit one of each Pok\u00e9mon\n|rule|Item Clause: Limit one of each item\n|clearpoke\n|poke|p1|Iron Bundle, L50|\n|poke|p1|Abomasnow, L50, M|\n|poke|p1|Talonflame, L50, F|\n|poke|p1|Great Tusk, L50|\n|poke|p1|Flutter Mane, L50|\n|poke|p1|Arcanine, L50, M|\n|poke|p2|Staraptor, L50, F|\n|poke|p2|Ursaring, L50, M|\n|poke|p2|Murkrow, L50, M|\n|poke|p2|Chien-Pao, L50|\n|poke|p2|Amoonguss, L50, F|\n|poke|p2|Volcarona, L50, F|\n|teampreview|4\nWindows11Goated has agreed to open team sheets.\n|inactive|Battle timer is ON: inactive players will automatically lose when time's up. (requested by salvx)\n|inactive|Windows11Goated has 60 seconds left.\n|\n|t:|1683192628\n|start\n|switch|p1a: Iron Bundle|Iron Bundle, L50|100\/100\n|switch|p1b: Abomasnow|Abomasnow, L50, M|100\/100\n|switch|p2a: Murkrow|Murkrow, L50, M|100\/100\n|switch|p2b: Chien-Pao|Chien-Pao, L50|100\/100\n|-ability|p2b: Chien-Pao|Sword of Ruin\n|-weather|Snow|[from] ability: Snow Warning|[of] p1b: Abomasnow\n|-enditem|p1a: Iron Bundle|Booster Energy\n|-activate|p1a: Iron Bundle|ability: Quark Drive|[fromitem]\n|-start|p1a: Iron Bundle|quarkdrivespe\n|turn|1\n|inactive|Windows11Goated has 30 seconds left.\n|inactive|Windows11Goated has 20 seconds left.\n|inactive|Windows11Goated has 15 seconds left.\n|\n|t:|1683192668\n|move|p1a: Iron Bundle|Protect|p1a: Iron Bundle\n|-singleturn|p1a: Iron Bundle|Protect\n|move|p2a: Murkrow|Taunt|p1a: Iron Bundle\n|-activate|p1a: Iron Bundle|move: Protect\n|move|p2b: Chien-Pao|Sacred Sword|p1a: Iron Bundle\n|-activate|p1a: Iron Bundle|move: Protect\n|move|p1b: Abomasnow|Aurora Veil|p1b: Abomasnow\n|-sidestart|p1: Windows11Goated|move: Aurora Veil\n|\n|-weather|Snow|[upkeep]\n|upkeep\n|turn|2\n|inactive|Windows11Goated has 30 seconds left.\n|inactive|salvx has 30 seconds left.\n|inactive|salvx has 20 seconds left.\n|\n|t:|1683192703\n|switch|p2a: Volcarona|Volcarona, L50, F|100\/100\n|-terastallize|p1a: Iron Bundle|Ghost\n|move|p1a: Iron Bundle|Blizzard|p2a: Volcarona|[spread] p2a,p2b\n|-resisted|p2a: Volcarona\n|-resisted|p2b: Chien-Pao\n|-damage|p2a: Volcarona|80\/100\n|-damage|p2b: Chien-Pao|70\/100\n|move|p2b: Chien-Pao|Sacred Sword|p1b: Abomasnow\n|-supereffective|p1b: Abomasnow\n|-damage|p1b: Abomasnow|58\/100\n|move|p1b: Abomasnow|Blizzard|p2a: Volcarona|[spread] p2a,p2b\n|-resisted|p2a: Volcarona\n|-resisted|p2b: Chien-Pao\n|-damage|p2a: Volcarona|60\/100\n|-damage|p2b: Chien-Pao|42\/100\n|\n|-weather|Snow|[upkeep]\n|upkeep\n|turn|3\n|\n|t:|1683192727\n|switch|p1b: Arcanine|Arcanine, L50, M|100\/100\n|-ability|p1b: Arcanine|Intimidate|boost\n|-unboost|p2a: Volcarona|atk|1\n|-unboost|p2b: Chien-Pao|atk|1\n|move|p1a: Iron Bundle|Hydro Pump|p2a: Volcarona|[miss]\n|-miss|p1a: Iron Bundle|p2a: Volcarona\n|move|p2b: Chien-Pao|Sacred Sword|p1b: Arcanine\n|-damage|p1b: Arcanine|82\/100\n|move|p2a: Volcarona|Heat Wave|p1b: Arcanine|[spread] p1a,p1b\n|-resisted|p1b: Arcanine\n|-damage|p1a: Iron Bundle|25\/100\n|-damage|p1b: Arcanine|63\/100\n|-damage|p2a: Volcarona|50\/100|[from] item: Life Orb\n|\n|-weather|Snow|[upkeep]\n|upkeep\n|turn|4\n|\n|t:|1683192748\n|switch|p2a: Murkrow|Murkrow, L50, M|100\/100\n|move|p1a: Iron Bundle|Protect|p1a: Iron Bundle\n|-singleturn|p1a: Iron Bundle|Protect\n|move|p2b: Chien-Pao|Sucker Punch||[still]\n|-fail|p2b: Chien-Pao\n|move|p1b: Arcanine|Flare Blitz|p2a: Murkrow\n|-damage|p2a: Murkrow|0 fnt\n|faint|p2a: Murkrow\n|-damage|p1b: Arcanine|33\/100|[from] Recoil\n|\n|-weather|Snow|[upkeep]\n|upkeep\n|\n|t:|1683192763\n|switch|p2a: Ursaring|Ursaring, L50, M|100\/100\n|turn|5\n|\n|t:|1683192783\n|-end|p1a: Iron Bundle|Quark Drive|[silent]\n|switch|p1a: Flutter Mane|Flutter Mane, L50|100\/100\n|move|p1b: Arcanine|Extreme Speed|p2b: Chien-Pao\n|-damage|p2b: Chien-Pao|19\/100\n|move|p2b: Chien-Pao|Sucker Punch||[still]\n|-fail|p2b: Chien-Pao\n|move|p2a: Ursaring|High Horsepower|p1b: Arcanine\n|-supereffective|p1b: Arcanine\n|-damage|p1b: Arcanine|0 fnt\n|faint|p1b: Arcanine\n|\n|-weather|none\n|-status|p2a: Ursaring|brn|[from] item: Flame Orb\n|upkeep\n|\n|t:|1683192799\n|switch|p1b: Abomasnow|Abomasnow, L50, M|58\/100\n|-weather|Snow|[from] ability: Snow Warning|[of] p1b: Abomasnow\n|turn|6\n|\n|t:|1683192818\n|switch|p2b: Volcarona|Volcarona, L50, F|50\/100\n|move|p1a: Flutter Mane|Dazzling Gleam|p2b: Volcarona|[spread] p2a,p2b\n|-resisted|p2b: Volcarona\n|-damage|p2a: Ursaring|50\/100 brn\n|-damage|p2b: Volcarona|28\/100\n|move|p1b: Abomasnow|Blizzard|p2a: Ursaring|[spread] p2a,p2b\n|-resisted|p2b: Volcarona\n|-damage|p2a: Ursaring|12\/100 brn\n|-damage|p2b: Volcarona|9\/100\n|move|p2a: Ursaring|Ice Punch|p1a: Flutter Mane\n|-damage|p1a: Flutter Mane|52\/100\n|\n|-weather|Snow|[upkeep]\n|-damage|p2a: Ursaring|6\/100 brn|[from] brn\n|upkeep\n|turn|7\n|inactive|Windows11Goated has 30 seconds left.\n|inactive|salvx has 30 seconds left.\n|\n|t:|1683192848\n|move|p1a: Flutter Mane|Dazzling Gleam|p2b: Volcarona|[spread] p2a,p2b\n|-resisted|p2b: Volcarona\n|-damage|p2a: Ursaring|0 fnt\n|-damage|p2b: Volcarona|0 fnt\n|faint|p2a: Ursaring\n|faint|p2b: Volcarona\n|move|p1b: Abomasnow|Blizzard|p2: Ursaring|[notarget]\n|-fail|p1b: Abomasnow\n|\n|-weather|Snow|[upkeep]\n|upkeep\n|-message|salvx forfeited.\n|\n|win|Windows11Goated\n|raw|Windows11Goated's rating: 1177 → 1199<\/strong> (+22 for winning)\n|raw|salvx's rating: 1134 → 1112<\/strong> (-22 for losing)\n|l|\u2606salvx\n|c|\u2606Windows11Goated|gg\n","uploadtime":1683192869,"views":12,"p1id":"windows11goated","p2id":"salvx","formatid":"gen9vgc2023regulationc","rating":1112,"private":0,"password":""}