{"id":"gen9vgc2023regulationc-1862914196","p1":"thrillcorner","p2":"kiboboubo","format":"[Gen 9] VGC 2023 Regulation C","log":"|j|\u2606thrillcorner\n|j|\u2606kiboboubo\n|t:|1683937700\n|gametype|doubles\n|player|p1|thrillcorner|red-masters2|1400\n|player|p2|kiboboubo|n|1522\n|teamsize|p1|6\n|teamsize|p2|6\n|gen|9\n|tier|[Gen 9] VGC 2023 Regulation C\n|rated|\n|rule|Species Clause: Limit one of each Pok\u00e9mon\n|rule|Item Clause: Limit one of each item\n|clearpoke\n|poke|p1|Arcanine, L50, F|\n|poke|p1|Amoonguss, L50, M|\n|poke|p1|Flutter Mane, L50|\n|poke|p1|Pelipper, L50, F|\n|poke|p1|Azumarill, L50, M|\n|poke|p1|Iron Hands, L50|\n|poke|p2|Flutter Mane, L50|\n|poke|p2|Iron Bundle, L50|\n|poke|p2|Scream Tail, L50|\n|poke|p2|Amoonguss, L50, M|\n|poke|p2|Chi-Yu, L50|\n|poke|p2|Annihilape, L50, F|\n|teampreview|4\nthrillcorner has agreed to open team sheets.\n|inactive|Battle timer is ON: inactive players will automatically lose when time's up. (requested by kiboboubo)\n|inactive|thrillcorner has 60 seconds left.\n|\n|t:|1683937742\n|start\n|switch|p1a: Azumarill|Azumarill, L50, M|100\/100\n|switch|p1b: Iron Hands|Iron Hands, L50|100\/100\n|switch|p2a: Scream Tail|Scream Tail, L50|100\/100\n|switch|p2b: Chi-Yu|Chi-Yu, L50|100\/100\n|-ability|p2b: Chi-Yu|Beads of Ruin\n|-enditem|p2a: Scream Tail|Booster Energy\n|-activate|p2a: Scream Tail|ability: Protosynthesis|[fromitem]\n|-start|p2a: Scream Tail|protosynthesisspe\n|turn|1\n|inactive|thrillcorner has 30 seconds left.\n|\n|t:|1683937773\n|move|p2a: Scream Tail|Protect|p2a: Scream Tail\n|-singleturn|p2a: Scream Tail|Protect\n|move|p2b: Chi-Yu|Protect|p2b: Chi-Yu\n|-singleturn|p2b: Chi-Yu|Protect\n|move|p1b: Iron Hands|Fake Out|p2a: Scream Tail\n|-activate|p2a: Scream Tail|move: Protect\n|move|p1a: Azumarill|Liquidation|p2b: Chi-Yu\n|-activate|p2b: Chi-Yu|move: Protect\n|\n|upkeep\n|turn|2\n|\n|t:|1683937796\n|-end|p1b: Iron Hands|Quark Drive|[silent]\n|switch|p1b: Pelipper|Pelipper, L50, F|100\/100\n|-weather|RainDance|[from] ability: Drizzle|[of] p1b: Pelipper\n|-terastallize|p2b: Chi-Yu|Water\n|move|p2a: Scream Tail|Encore||[still]\n|-fail|p2a: Scream Tail\n|move|p2b: Chi-Yu|Nasty Plot|p2b: Chi-Yu\n|-boost|p2b: Chi-Yu|spa|2\n|move|p1a: Azumarill|Liquidation|p2b: Chi-Yu\n|-resisted|p2b: Chi-Yu\n|-damage|p2b: Chi-Yu|45\/100\n|-damage|p1a: Azumarill|91\/100|[from] item: Life Orb\n|\n|-weather|RainDance|[upkeep]\n|-heal|p2b: Chi-Yu|51\/100|[from] item: Leftovers\n|upkeep\n|turn|3\n|inactive|thrillcorner has 30 seconds left.\n|\n|t:|1683937822\n|move|p1a: Azumarill|Aqua Jet|p2b: Chi-Yu\n|-resisted|p2b: Chi-Yu\n|-damage|p2b: Chi-Yu|21\/100\n|-damage|p1a: Azumarill|81\/100|[from] item: Life Orb\n|move|p2a: Scream Tail|Disable|p1a: Azumarill\n|-start|p1a: Azumarill|Disable|Aqua Jet\n|move|p2b: Chi-Yu|Dark Pulse|p1b: Pelipper\n|-enditem|p1b: Pelipper|Focus Sash\n|-damage|p1b: Pelipper|1\/100\n|cant|p1b: Pelipper|flinch\n|\n|-weather|RainDance|[upkeep]\n|-heal|p2b: Chi-Yu|27\/100|[from] item: Leftovers\n|upkeep\n|turn|4\n|inactive|thrillcorner has 30 seconds left.\n|\n|t:|1683937851\n|switch|p1a: Iron Hands|Iron Hands, L50|100\/100\n|move|p2b: Chi-Yu|Protect|p2b: Chi-Yu\n|-singleturn|p2b: Chi-Yu|Protect\n|move|p1b: Pelipper|Protect|p1b: Pelipper\n|-singleturn|p1b: Pelipper|Protect\n|move|p2a: Scream Tail|Dazzling Gleam|p1b: Pelipper|[spread] p1a\n|-activate|p1b: Pelipper|move: Protect\n|-supereffective|p1a: Iron Hands\n|-damage|p1a: Iron Hands|79\/100\n|\n|-weather|RainDance|[upkeep]\n|-heal|p2b: Chi-Yu|33\/100|[from] item: Leftovers\n|upkeep\n|turn|5\n|\n|t:|1683937876\n|switch|p2b: Amoonguss|Amoonguss, L50, M|100\/100\n|move|p1b: Pelipper|Wide Guard|p1b: Pelipper\n|-singleturn|p1b: Pelipper|Wide Guard\n|move|p2a: Scream Tail|Dazzling Gleam|p1a: Iron Hands|[spread] \n|-activate|p1a: Iron Hands|move: Wide Guard\n|-activate|p1b: Pelipper|move: Wide Guard\n|move|p1a: Iron Hands|Drain Punch|p2b: Amoonguss\n|-resisted|p2b: Amoonguss\n|-damage|p2b: Amoonguss|85\/100\n|-heal|p1a: Iron Hands|86\/100|[from] drain|[of] p2b: Amoonguss\n|-damage|p1a: Iron Hands|69\/100|[from] item: Rocky Helmet|[of] p2b: Amoonguss\n|\n|-weather|RainDance|[upkeep]\n|upkeep\n|turn|6\n|j| A Borygon\n|inactive|thrillcorner has 30 seconds left.\n|\n|t:|1683937901\n|switch|p1b: Azumarill|Azumarill, L50, M|81\/100\n|-end|p1a: Iron Hands|Quark Drive|[silent]\n|switch|p1a: Amoonguss|Amoonguss, L50, M|100\/100\n|move|p2a: Scream Tail|Dazzling Gleam|p1a: Amoonguss|[spread] p1a,p1b\n|-resisted|p1a: Amoonguss\n|-damage|p1a: Amoonguss|94\/100\n|-damage|p1b: Azumarill|66\/100\n|move|p2b: Amoonguss|Spore|p1a: Amoonguss\n|-immune|p1a: Amoonguss\n|\n|-weather|none\n|upkeep\n|turn|7\n|\n|t:|1683937924\n|move|p2a: Scream Tail|Protect|p2a: Scream Tail\n|-singleturn|p2a: Scream Tail|Protect\n|move|p1b: Azumarill|Protect|p1b: Azumarill\n|-singleturn|p1b: Azumarill|Protect\n|move|p1a: Amoonguss|Spore|p2a: Scream Tail\n|-activate|p2a: Scream Tail|move: Protect\n|move|p2b: Amoonguss|Spore|p1b: Azumarill\n|-activate|p1b: Azumarill|move: Protect\n|\n|upkeep\n|turn|8\n|inactive|thrillcorner has 30 seconds left.\n|inactive|thrillcorner has 20 seconds left.\n|\n|t:|1683937964\n|switch|p1a: Pelipper|Pelipper, L50, F|1\/100\n|-weather|RainDance|[from] ability: Drizzle|[of] p1a: Pelipper\n|-terastallize|p1b: Azumarill|Water\n|move|p2a: Scream Tail|Disable||[still]\n|-fail|p2a: Scream Tail\n|move|p1b: Azumarill|Liquidation|p2a: Scream Tail\n|-damage|p2a: Scream Tail|0 fnt\n|faint|p2a: Scream Tail\n|-end|p2a: Scream Tail|Protosynthesis|[silent]\n|-damage|p1b: Azumarill|57\/100|[from] item: Life Orb\n|move|p2b: Amoonguss|Spore|p1b: Azumarill\n|-status|p1b: Azumarill|slp|[from] move: Spore\n|\n|-weather|RainDance|[upkeep]\n|upkeep\n|\n|t:|1683937979\n|switch|p2a: Iron Bundle|Iron Bundle, L50|100\/100\n|turn|9\n|\n|t:|1683937996\n|switch|p1b: Iron Hands|Iron Hands, L50|69\/100\n|move|p1a: Pelipper|Protect|p1a: Pelipper\n|-singleturn|p1a: Pelipper|Protect\n|move|p2a: Iron Bundle|Freeze-Dry|p1a: Pelipper\n|-activate|p1a: Pelipper|move: Protect\n|move|p2b: Amoonguss|Spore|p1b: Iron Hands\n|-status|p1b: Iron Hands|slp|[from] move: Spore\n|\n|-weather|RainDance|[upkeep]\n|upkeep\n|turn|10\n|inactive|thrillcorner has 30 seconds left.\n|inactive|thrillcorner has 20 seconds left.\n|\n|t:|1683938033\n|move|p2a: Iron Bundle|Freeze-Dry|p1a: Pelipper\n|-supereffective|p1a: Pelipper\n|-damage|p1a: Pelipper|0 fnt\n|faint|p1a: Pelipper\n|cant|p1b: Iron Hands|slp\n|move|p2b: Amoonguss|Pollen Puff|p1b: Iron Hands\n|-resisted|p1b: Iron Hands\n|-damage|p1b: Iron Hands|64\/100 slp\n|\n|-weather|RainDance|[upkeep]\n|upkeep\n|\n|t:|1683938045\n|switch|p1a: Azumarill|Azumarill, L50, M, tera:Water|57\/100 slp\n|turn|11\n|\n|t:|1683938059\n|switch|p1a: Amoonguss|Amoonguss, L50, M|100\/100\n|move|p2b: Amoonguss|Rage Powder|p2b: Amoonguss\n|-singleturn|p2b: Amoonguss|move: Rage Powder\n|move|p2a: Iron Bundle|Freeze-Dry|p1a: Amoonguss\n|-supereffective|p1a: Amoonguss\n|-damage|p1a: Amoonguss|40\/100\n|-enditem|p1a: Amoonguss|Sitrus Berry|[eat]\n|-heal|p1a: Amoonguss|65\/100|[from] item: Sitrus Berry\n|-curestatus|p1b: Iron Hands|slp|[msg]\n|move|p1b: Iron Hands|Drain Punch|p2b: Amoonguss\n|-resisted|p2b: Amoonguss\n|-crit|p2b: Amoonguss\n|-damage|p2b: Amoonguss|61\/100\n|-heal|p1b: Iron Hands|75\/100|[from] drain|[of] p2b: Amoonguss\n|-damage|p1b: Iron Hands|59\/100|[from] item: Rocky Helmet|[of] p2b: Amoonguss\n|\n|-weather|RainDance|[upkeep]\n|upkeep\n|turn|12\n|inactive|thrillcorner has 30 seconds left.\n|inactive|thrillcorner has 20 seconds left.\n|inactive|thrillcorner has 15 seconds left.\n|inactive|thrillcorner has 10 seconds left.\n|inactive|thrillcorner has 5 seconds left.\n|\n|t:|1683938112\n|switch|p2b: Chi-Yu|Chi-Yu, L50, tera:Water|33\/100\n|-ability|p2b: Chi-Yu|Beads of Ruin\n|move|p2a: Iron Bundle|Freeze-Dry|p1a: Amoonguss\n|-supereffective|p1a: Amoonguss\n|-damage|p1a: Amoonguss|0 fnt\n|faint|p1a: Amoonguss\n|move|p1b: Iron Hands|Drain Punch|p2a: Iron Bundle\n|-supereffective|p2a: Iron Bundle\n|-enditem|p2a: Iron Bundle|Focus Sash\n|-damage|p2a: Iron Bundle|1\/100\n|-heal|p1b: Iron Hands|86\/100|[from] drain|[of] p2a: Iron Bundle\n|\n|-weather|none\n|-heal|p2b: Chi-Yu|39\/100|[from] item: Leftovers\n|upkeep\n|\n|t:|1683938126\n|switch|p1a: Azumarill|Azumarill, L50, M, tera:Water|57\/100 slp\n|turn|13\n|\n|t:|1683938140\n|cant|p1a: Azumarill|slp\n|move|p2a: Iron Bundle|Freeze-Dry|p1a: Azumarill\n|-supereffective|p1a: Azumarill\n|-damage|p1a: Azumarill|0 fnt\n|faint|p1a: Azumarill\n|move|p2b: Chi-Yu|Heat Wave|p1b: Iron Hands\n|-damage|p1b: Iron Hands|52\/100\n|move|p1b: Iron Hands|Drain Punch|p2b: Chi-Yu\n|-damage|p2b: Chi-Yu|0 fnt\n|-heal|p1b: Iron Hands|65\/100|[from] drain|[of] p2b: Chi-Yu\n|faint|p2b: Chi-Yu\n|\n|upkeep\n|\n|t:|1683938152\n|switch|p2b: Amoonguss|Amoonguss, L50, M|94\/100\n|turn|14\n|\n|t:|1683938162\n|move|p2b: Amoonguss|Rage Powder|p2b: Amoonguss\n|-singleturn|p2b: Amoonguss|move: Rage Powder\n|move|p2a: Iron Bundle|Freeze-Dry|p1b: Iron Hands\n|-damage|p1b: Iron Hands|47\/100\n|move|p1b: Iron Hands|Drain Punch|p2b: Amoonguss\n|-resisted|p2b: Amoonguss\n|-damage|p2b: Amoonguss|77\/100\n|-heal|p1b: Iron Hands|54\/100|[from] drain|[of] p2b: Amoonguss\n|-damage|p1b: Iron Hands|38\/100|[from] item: Rocky Helmet|[of] p2b: Amoonguss\n|\n|upkeep\n|turn|15\n|\n|t:|1683938175\n|move|p2b: Amoonguss|Rage Powder|p2b: Amoonguss\n|-singleturn|p2b: Amoonguss|move: Rage Powder\n|move|p2a: Iron Bundle|Freeze-Dry|p1b: Iron Hands\n|-damage|p1b: Iron Hands|19\/100\n|move|p1b: Iron Hands|Wild Charge|p2b: Amoonguss\n|-resisted|p2b: Amoonguss\n|-damage|p2b: Amoonguss|59\/100\n|-damage|p1b: Iron Hands|3\/100|[from] item: Rocky Helmet|[of] p2b: Amoonguss\n|-damage|p1b: Iron Hands|0 fnt|[from] Recoil\n|faint|p1b: Iron Hands\n|-end|p1b: Iron Hands|Quark Drive|[silent]\n|\n|win|kiboboubo\n|raw|thrillcorner's rating: 1400 → 1387<\/strong> (-13 for losing)\n|raw|kiboboubo's rating: 1522 → 1535<\/strong> (+13 for winning)\n|c|\u2606thrillcorner|gg\n|l|\u2606thrillcorner\n|j|\u2606thrillcorner\n|player|p1|thrillcorner|red-masters2\n|l|\u2606kiboboubo\n|l| A Borygon\n","uploadtime":1683938197,"views":59,"p1id":"thrillcorner","p2id":"kiboboubo","formatid":"gen9vgc2023regulationc","rating":1387,"private":0,"password":""}