{"id":"gen9vgc2023regulationc-1845628116","p1":"DoodlerMan12","p2":"terriblevgc","format":"[Gen 9] VGC 2023 Regulation C","log":"|j|\u2606DoodlerMan12\n|j|\u2606terriblevgc\n|t:|1681750715\n|gametype|doubles\n|player|p1|DoodlerMan12|266|1109\n|player|p2|terriblevgc|170|1148\n|teamsize|p1|6\n|teamsize|p2|6\n|gen|9\n|tier|[Gen 9] VGC 2023 Regulation C\n|rated|\n|rule|Species Clause: Limit one of each Pok\u00e9mon\n|rule|Item Clause: Limit one of each item\n|clearpoke\n|poke|p1|Palafin, L50, M|\n|poke|p1|Arcanine, L50, M|\n|poke|p1|Amoonguss, L50, M|\n|poke|p1|Ting-Lu, L50|\n|poke|p1|Flutter Mane, L50|\n|poke|p1|Baxcalibur, L50, F|\n|poke|p2|Flutter Mane, L50|\n|poke|p2|Amoonguss, L50, F|\n|poke|p2|Palafin, L50, M|\n|poke|p2|Arcanine, L50, F|\n|poke|p2|Kingambit, L50, F|\n|poke|p2|Ting-Lu, L50|\n|teampreview|4\n|\n|t:|1681750754\n|start\n|switch|p1a: Baxcalibur|Baxcalibur, L50, F|100\/100\n|switch|p1b: Palafin|Palafin, L50, M|100\/100\n|switch|p2a: Kingambit|Kingambit, L50, F, shiny|100\/100\n|switch|p2b: Palafin|Palafin, L50, M, shiny|100\/100\n|turn|1\n|\n|t:|1681750773\n|-terastallize|p1a: Baxcalibur|Poison\n|move|p2b: Palafin|Protect|p2b: Palafin\n|-singleturn|p2b: Palafin|Protect\n|move|p1b: Palafin|Drain Punch|p2a: Kingambit\n|-supereffective|p2a: Kingambit\n|-damage|p2a: Kingambit|53\/100\n|move|p1a: Baxcalibur|Swords Dance|p1a: Baxcalibur\n|-boost|p1a: Baxcalibur|atk|2\n|move|p2a: Kingambit|Iron Head|p1a: Baxcalibur\n|-damage|p1a: Baxcalibur|64\/100\n|\n|upkeep\n|turn|2\n|\n|t:|1681750799\n|-terastallize|p2b: Palafin|Water\n|move|p2b: Palafin|Jet Punch|p1a: Baxcalibur\n|-damage|p1a: Baxcalibur|34\/100\n|move|p2a: Kingambit|Sucker Punch|p1a: Baxcalibur\n|-damage|p1a: Baxcalibur|3\/100\n|move|p1b: Palafin|Drain Punch|p2a: Kingambit\n|-supereffective|p2a: Kingambit\n|-damage|p2a: Kingambit|2\/100\n|move|p1a: Baxcalibur|Icicle Crash|p2b: Palafin\n|-resisted|p2b: Palafin\n|-damage|p2b: Palafin|45\/100\n|\n|upkeep\n|turn|3\n|\n|t:|1681750830\n|detailschange|p1b: Palafin|Palafin-Hero, L50, M\n|switch|p1b: Amoonguss|Amoonguss, L50, M|100\/100\n|move|p2b: Palafin|Jet Punch|p1a: Baxcalibur\n|-damage|p1a: Baxcalibur|0 fnt\n|faint|p1a: Baxcalibur\n|move|p2a: Kingambit|Sucker Punch||[still]\n|-fail|p2a: Kingambit\n|\n|upkeep\n|\n|t:|1681750837\n|switch|p1a: Palafin|Palafin-Hero, L50, M|100\/100\n|-activate|p1a: Palafin|ability: Zero to Hero\n|turn|4\n|\n|t:|1681750850\n|detailschange|p2b: Palafin|Palafin-Hero, L50, M, shiny, tera:Water\n|switch|p2b: Amoonguss|Amoonguss, L50, F|100\/100\n|move|p2a: Kingambit|Protect|p2a: Kingambit\n|-singleturn|p2a: Kingambit|Protect\n|move|p1b: Amoonguss|Rage Powder|p1b: Amoonguss\n|-singleturn|p1b: Amoonguss|move: Rage Powder\n|move|p1a: Palafin|Jet Punch|p2a: Kingambit\n|-activate|p2a: Kingambit|move: Protect\n|\n|upkeep\n|turn|5\n|\n|t:|1681750868\n|move|p2b: Amoonguss|Rage Powder|p2b: Amoonguss\n|-singleturn|p2b: Amoonguss|move: Rage Powder\n|move|p1b: Amoonguss|Rage Powder|p1b: Amoonguss\n|-singleturn|p1b: Amoonguss|move: Rage Powder\n|move|p1a: Palafin|Jet Punch|p2b: Amoonguss\n|-resisted|p2b: Amoonguss\n|-damage|p2b: Amoonguss|81\/100\n|move|p2a: Kingambit|Kowtow Cleave|p1b: Amoonguss\n|-damage|p1b: Amoonguss|58\/100\n|\n|upkeep\n|turn|6\n|\n|t:|1681750882\n|switch|p1b: Ting-Lu|Ting-Lu, L50|100\/100\n|-ability|p1b: Ting-Lu|Vessel of Ruin\n|move|p2b: Amoonguss|Rage Powder|p2b: Amoonguss\n|-singleturn|p2b: Amoonguss|move: Rage Powder\n|move|p1a: Palafin|Wave Crash|p2b: Amoonguss\n|-resisted|p2b: Amoonguss\n|-damage|p2b: Amoonguss|41\/100\n|-enditem|p2b: Amoonguss|Sitrus Berry|[eat]\n|-heal|p2b: Amoonguss|66\/100|[from] item: Sitrus Berry\n|-damage|p1a: Palafin|86\/100|[from] Recoil\n|move|p2a: Kingambit|Kowtow Cleave|p1b: Ting-Lu\n|-resisted|p1b: Ting-Lu\n|-damage|p1b: Ting-Lu|88\/100\n|\n|upkeep\n|turn|7\n|\n|t:|1681750904\n|switch|p1a: Amoonguss|Amoonguss, L50, M|91\/100\n|move|p2a: Kingambit|Protect|p2a: Kingambit\n|-singleturn|p2a: Kingambit|Protect\n|move|p1b: Ting-Lu|Ruination|p2b: Amoonguss\n|-damage|p2b: Amoonguss|33\/100\n|move|p2b: Amoonguss|Spore|p1b: Ting-Lu\n|-status|p1b: Ting-Lu|slp|[from] move: Spore\n|\n|upkeep\n|turn|8\n|\n|t:|1681750922\n|switch|p1b: Palafin|Palafin-Hero, L50, M|86\/100\n|move|p2a: Kingambit|Kowtow Cleave|p1a: Amoonguss\n|-damage|p1a: Amoonguss|51\/100\n|move|p1a: Amoonguss|Pollen Puff|p2b: Amoonguss\n|-damage|p2b: Amoonguss|17\/100\n|move|p2b: Amoonguss|Pollen Puff|p2a: Kingambit\n|-heal|p2a: Kingambit|52\/100\n|\n|upkeep\n|turn|9\n|\n|t:|1681750945\n|switch|p1a: Ting-Lu|Ting-Lu, L50|88\/100 slp\n|-ability|p1a: Ting-Lu|Vessel of Ruin\n|move|p2b: Amoonguss|Rage Powder|p2b: Amoonguss\n|-singleturn|p2b: Amoonguss|move: Rage Powder\n|move|p2a: Kingambit|Sucker Punch|p1b: Palafin\n|-damage|p1b: Palafin|54\/100\n|move|p1b: Palafin|Wave Crash|p2b: Amoonguss\n|-resisted|p2b: Amoonguss\n|-damage|p2b: Amoonguss|0 fnt\n|faint|p2b: Amoonguss\n|-damage|p1b: Palafin|48\/100|[from] Recoil\n|\n|upkeep\n|\n|t:|1681750960\n|switch|p2b: Flutter Mane|Flutter Mane, L50, shiny|100\/100\n|turn|10\n|\n|t:|1681750971\n|switch|p1b: Amoonguss|Amoonguss, L50, M|84\/100\n|move|p2b: Flutter Mane|Dazzling Gleam|p1a: Ting-Lu|[spread] p1a,p1b\n|-supereffective|p1a: Ting-Lu\n|-resisted|p1b: Amoonguss\n|-damage|p1a: Ting-Lu|55\/100 slp\n|-damage|p1b: Amoonguss|71\/100\n|move|p2a: Kingambit|Iron Head|p1a: Ting-Lu\n|-damage|p1a: Ting-Lu|33\/100 slp\n|cant|p1a: Ting-Lu|slp\n|\n|upkeep\n|turn|11\n|\n|t:|1681750988\n|move|p2b: Flutter Mane|Dazzling Gleam|p1b: Amoonguss|[spread] p1a,p1b\n|-supereffective|p1a: Ting-Lu\n|-resisted|p1b: Amoonguss\n|-damage|p1a: Ting-Lu|0 fnt\n|-damage|p1b: Amoonguss|56\/100\n|faint|p1a: Ting-Lu\n|move|p2a: Kingambit|Kowtow Cleave|p1b: Amoonguss\n|-damage|p1b: Amoonguss|13\/100\n|move|p1b: Amoonguss|Pollen Puff|p1: Ting-Lu|[notarget]\n|-fail|p1b: Amoonguss\n|\n|upkeep\n|-message|DoodlerMan12 forfeited.\n|\n|win|terriblevgc\n|raw|DoodlerMan12's rating: 1109 → 1087<\/strong> (-22 for losing)\n|raw|terriblevgc's rating: 1148 → 1170<\/strong> (+22 for winning)\n|l|\u2606DoodlerMan12\n","uploadtime":1681751012,"views":13,"p1id":"doodlerman12","p2id":"terriblevgc","formatid":"gen9vgc2023regulationc","rating":1087,"private":0,"password":""}