{"id":"gen9vgc2023regulationc-1851915369","p1":"woho","p2":"squirrel_sarge","format":"[Gen 9] VGC 2023 Regulation C","log":"|j|\u2606woho\n|j|\u2606squirrel_sarge\n|t:|1682505283\n|gametype|doubles\n|player|p1|woho|alder|1090\n|player|p2|squirrel_sarge|ltsurge|1102\n|teamsize|p1|6\n|teamsize|p2|6\n|gen|9\n|tier|[Gen 9] VGC 2023 Regulation C\n|rated|\n|rule|Species Clause: Limit one of each Pok\u00e9mon\n|rule|Item Clause: Limit one of each item\n|clearpoke\n|poke|p1|Arboliva, L50, F|\n|poke|p1|Orthworm, L50, M|\n|poke|p1|Haxorus, L50, F|\n|poke|p1|Glimmora, L50, M|\n|poke|p1|Hariyama, L50, F|\n|poke|p1|Bellibolt, L50, M|\n|poke|p2|Amoonguss, L50, M|\n|poke|p2|Arcanine, L50, M|\n|poke|p2|Flutter Mane, L50|\n|poke|p2|Palafin, L50, M|\n|poke|p2|Iron Bundle, L50|\n|poke|p2|Dragonite, L50, M|\n|teampreview|4\n|\n|t:|1682505305\n|start\n|switch|p1a: Rikishi|Hariyama, L50, F, shiny|100\/100\n|switch|p1b: Moranca|Glimmora, L50, M|100\/100\n|switch|p2a: Palafin|Palafin, L50, M|100\/100\n|switch|p2b: Iron Bundle|Iron Bundle, L50|100\/100\n|-enditem|p2b: Iron Bundle|Booster Energy\n|-activate|p2b: Iron Bundle|ability: Quark Drive|[fromitem]\n|-start|p2b: Iron Bundle|quarkdrivespe\n|turn|1\n|\n|t:|1682505327\n|detailschange|p2a: Palafin|Palafin-Hero, L50, M\n|switch|p2a: Flutter Mane|Flutter Mane, L50|100\/100\n|move|p1a: Rikishi|Fake Out|p2b: Iron Bundle\n|-damage|p2b: Iron Bundle|81\/100\n|cant|p2b: Iron Bundle|flinch\n|move|p1b: Moranca|Power Gem|p2b: Iron Bundle\n|-supereffective|p2b: Iron Bundle\n|-damage|p2b: Iron Bundle|0 fnt\n|faint|p2b: Iron Bundle\n|-end|p2b: Iron Bundle|Quark Drive|[silent]\n|\n|-status|p1a: Rikishi|brn|[from] item: Flame Orb\n|upkeep\n|\n|t:|1682505345\n|switch|p2b: Palafin|Palafin-Hero, L50, M|100\/100\n|-activate|p2b: Palafin|ability: Zero to Hero\n|turn|2\n|\n|t:|1682505360\n|-terastallize|p2a: Flutter Mane|Fairy\n|move|p1a: Rikishi|Wide Guard|p1a: Rikishi\n|-singleturn|p1a: Rikishi|Wide Guard\n|move|p2a: Flutter Mane|Dazzling Gleam|p1b: Moranca|[spread] \n|-activate|p1a: Rikishi|move: Wide Guard\n|-activate|p1b: Moranca|move: Wide Guard\n|move|p2b: Palafin|Wave Crash|p1b: Moranca\n|-supereffective|p1b: Moranca\n|-damage|p1b: Moranca|0 fnt\n|-activate|p1b: Moranca|ability: Toxic Debris\n|-sidestart|p2: squirrel_sarge|move: Toxic Spikes\n|faint|p1b: Moranca\n|-damage|p2b: Palafin|70\/100|[from] Recoil\n|\n|-damage|p1a: Rikishi|95\/100 brn|[from] brn\n|upkeep\n|\n|t:|1682505402\n|switch|p1b: Luthien|Arboliva, L50, F|100\/100\n|turn|3\n|\n|t:|1682505428\n|move|p2b: Palafin|Protect|p2b: Palafin\n|-singleturn|p2b: Palafin|Protect\n|move|p1a: Rikishi|Wide Guard|p1a: Rikishi\n|-singleturn|p1a: Rikishi|Wide Guard\n|move|p2a: Flutter Mane|Shadow Ball|p1b: Luthien\n|-immune|p1b: Luthien\n|move|p1b: Luthien|Leech Seed|p2a: Flutter Mane|[miss]\n|-miss|p1b: Luthien|p2a: Flutter Mane\n|\n|-damage|p1a: Rikishi|89\/100 brn|[from] brn\n|upkeep\n|turn|4\n|\n|t:|1682505455\n|switch|p1a: Orthworm|Orthworm, L50, M|100\/100\n|move|p2a: Flutter Mane|Shadow Ball|p1a: Orthworm\n|-damage|p1a: Orthworm|10\/100\n|-damage|p2a: Flutter Mane|90\/100|[from] item: Life Orb\n|move|p2b: Palafin|Wave Crash|p1b: Luthien\n|-resisted|p1b: Luthien\n|-damage|p1b: Luthien|56\/100\n|-fieldstart|move: Grassy Terrain|[from] ability: Seed Sower|[of] p1b: Luthien\n|-enditem|p1b: Luthien|Grassy Seed\n|-boost|p1b: Luthien|def|1|[from] item: Grassy Seed\n|-damage|p2b: Palafin|57\/100|[from] Recoil\n|move|p1b: Luthien|Leech Seed|p2b: Palafin\n|-start|p2b: Palafin|move: Leech Seed\n|\n|-heal|p2a: Flutter Mane|97\/100|[from] Grassy Terrain\n|-heal|p2b: Palafin|63\/100|[from] Grassy Terrain\n|-heal|p1a: Orthworm|16\/100|[from] Grassy Terrain\n|-heal|p1b: Luthien|62\/100|[from] Grassy Terrain\n|-damage|p2b: Palafin|51\/100|[from] Leech Seed|[of] p1b: Luthien\n|-heal|p1b: Luthien|76\/100|[silent]\n|upkeep\n|turn|5\n|\n|t:|1682505499\n|move|p1a: Orthworm|Helping Hand|p1b: Luthien\n|-singleturn|p1b: Luthien|Helping Hand|[of] p1a: Orthworm\n|move|p2b: Palafin|Jet Punch|p1a: Orthworm\n|-damage|p1a: Orthworm|0 fnt\n|faint|p1a: Orthworm\n|move|p2a: Flutter Mane|Dazzling Gleam|p1b: Luthien\n|-damage|p1b: Luthien|26\/100\n|-damage|p2a: Flutter Mane|87\/100|[from] item: Life Orb\n|move|p1b: Luthien|Pollen Puff|p2b: Palafin\n|-damage|p2b: Palafin|14\/100\n|\n|-heal|p2a: Flutter Mane|93\/100|[from] Grassy Terrain\n|-heal|p2b: Palafin|19\/100|[from] Grassy Terrain\n|-heal|p1b: Luthien|32\/100|[from] Grassy Terrain\n|-damage|p2b: Palafin|7\/100|[from] Leech Seed|[of] p1b: Luthien\n|-heal|p1b: Luthien|46\/100|[silent]\n|upkeep\n|\n|t:|1682505516\n|switch|p1a: Rikishi|Hariyama, L50, F, shiny|89\/100 brn\n|turn|6\n|\n|t:|1682505528\n|move|p1b: Luthien|Protect|p1b: Luthien\n|-singleturn|p1b: Luthien|Protect\n|move|p1a: Rikishi|Fake Out|p2a: Flutter Mane\n|-damage|p2a: Flutter Mane|44\/100\n|cant|p2a: Flutter Mane|flinch\n|move|p2b: Palafin|Wave Crash|p1b: Luthien\n|-activate|p1b: Luthien|move: Protect\n|\n|-heal|p2a: Flutter Mane|50\/100|[from] Grassy Terrain\n|-heal|p2b: Palafin|13\/100|[from] Grassy Terrain\n|-heal|p1a: Rikishi|95\/100 brn|[from] Grassy Terrain\n|-heal|p1b: Luthien|52\/100|[from] Grassy Terrain\n|-damage|p2b: Palafin|1\/100|[from] Leech Seed|[of] p1b: Luthien\n|-heal|p1b: Luthien|65\/100|[silent]\n|-damage|p1a: Rikishi|89\/100 brn|[from] brn\n|upkeep\n|turn|7\n|\n|t:|1682505565\n|-terastallize|p1a: Rikishi|Dark\n|move|p2a: Flutter Mane|Shadow Ball|p1a: Rikishi\n|-resisted|p1a: Rikishi\n|-crit|p1a: Rikishi\n|-damage|p1a: Rikishi|47\/100 brn\n|-damage|p2a: Flutter Mane|40\/100|[from] item: Life Orb\n|move|p2b: Palafin|Wave Crash|p1b: Luthien\n|-resisted|p1b: Luthien\n|-damage|p1b: Luthien|33\/100\n|-damage|p2b: Palafin|0 fnt|[from] Recoil\n|faint|p2b: Palafin\n|move|p1a: Rikishi|Knock Off|p2a: Flutter Mane\n|-resisted|p2a: Flutter Mane\n|-damage|p2a: Flutter Mane|0 fnt\n|-enditem|p2a: Flutter Mane|Life Orb|[from] move: Knock Off|[of] p1a: Rikishi\n|faint|p2a: Flutter Mane\n|-end|p2a: Flutter Mane|Protosynthesis|[silent]\n|move|p1b: Luthien|Pollen Puff|p1a: Rikishi\n|-heal|p1a: Rikishi|97\/100 brn\n|\n|-heal|p1a: Rikishi|100\/100 brn|[from] Grassy Terrain\n|-heal|p1b: Luthien|39\/100|[from] Grassy Terrain\n|-damage|p1a: Rikishi|95\/100 brn|[from] brn\n|upkeep\n|\n|t:|1682505592\n|switch|p2a: Arcanine|Arcanine, L50, M|100\/100\n|-status|p2a: Arcanine|psn\n|-ability|p2a: Arcanine|Intimidate|boost\n|-unboost|p1a: Rikishi|atk|1\n|-unboost|p1b: Luthien|atk|1\n|turn|8\n|\n|t:|1682505606\n|move|p1b: Luthien|Protect|p1b: Luthien\n|-singleturn|p1b: Luthien|Protect\n|move|p2a: Arcanine|Extreme Speed|p1b: Luthien\n|-activate|p1b: Luthien|move: Protect\n|move|p1a: Rikishi|Drain Punch|p2a: Arcanine\n|-damage|p2a: Arcanine|45\/100 psn\n|-heal|p1a: Rikishi|100\/100 brn|[from] drain|[of] p2a: Arcanine\n|\n|-heal|p2a: Arcanine|51\/100 psn|[from] Grassy Terrain\n|-heal|p1b: Luthien|45\/100|[from] Grassy Terrain\n|-damage|p2a: Arcanine|39\/100 psn|[from] psn\n|-damage|p1a: Rikishi|95\/100 brn|[from] brn\n|-fieldend|move: Grassy Terrain\n|upkeep\n|turn|9\n|-message|squirrel_sarge forfeited.\n|\n|win|woho\n|raw|woho's rating: 1090 → 1117<\/strong> (+27 for winning)\n|raw|squirrel_sarge's rating: 1102 → 1076<\/strong> (-26 for losing)\n|l|\u2606squirrel_sarge\n","uploadtime":1682505625,"views":10,"p1id":"woho","p2id":"squirrelsarge","formatid":"gen9vgc2023regulationc","rating":1076,"private":0,"password":""}