{"id":"gen9vgc2023regulationc-1847437275","p1":"cat vomiting","p2":"hancec","format":"[Gen 9] VGC 2023 Regulation C","log":"|j|\u2606cat vomiting\n|j|\u2606hancec\n|t:|1681955009\n|gametype|doubles\n|player|p1|cat vomiting|102|1396\n|player|p2|hancec|gentleman-gen4dp|1471\n|teamsize|p1|6\n|teamsize|p2|6\n|gen|9\n|tier|[Gen 9] VGC 2023 Regulation C\n|rated|\n|rule|Species Clause: Limit one of each Pok\u00e9mon\n|rule|Item Clause: Limit one of each item\n|clearpoke\n|poke|p1|Baxcalibur, L50, M|\n|poke|p1|Scream Tail, L50|\n|poke|p1|Arcanine, L50, F|\n|poke|p1|Amoonguss, L50, F|\n|poke|p1|Great Tusk, L50|\n|poke|p1|Flutter Mane, L50|\n|poke|p2|Murkrow, L50, F|\n|poke|p2|Iron Bundle, L50|\n|poke|p2|Chi-Yu, L50|\n|poke|p2|Gholdengo, L50|\n|poke|p2|Great Tusk, L50|\n|poke|p2|Brute Bonnet, L50|\n|teampreview|4\ncat vomiting has agreed to open team sheets.\nhancec has agreed to open team sheets.\n|\n|t:|1681955056\n|start\n|switch|p1a: Scream Tail|Scream Tail, L50|100\/100\n|switch|p1b: Baxcalibur|Baxcalibur, L50, M|100\/100\n|switch|p2a: Matsuemon|Murkrow, L50, F, shiny|100\/100\n|switch|p2b: Inosuke|Great Tusk, L50|100\/100\n|-enditem|p1a: Scream Tail|Booster Energy\n|-activate|p1a: Scream Tail|ability: Protosynthesis|[fromitem]\n|-start|p1a: Scream Tail|protosynthesisspe\n|turn|1\n|inactive|Battle timer is ON: inactive players will automatically lose when time's up. (requested by cat vomiting)\n|\n|t:|1681955082\n|-terastallize|p2b: Inosuke|Ground\n|move|p1b: Baxcalibur|Protect|p1b: Baxcalibur\n|-singleturn|p1b: Baxcalibur|Protect\n|move|p2a: Matsuemon|Sunny Day|p2a: Matsuemon\n|-weather|SunnyDay\n|-activate|p2b: Inosuke|ability: Protosynthesis\n|-start|p2b: Inosuke|protosynthesisatk\n|move|p1a: Scream Tail|Encore|p2a: Matsuemon\n|-start|p2a: Matsuemon|Encore\n|move|p2b: Inosuke|Earthquake|p1b: Baxcalibur|[spread] p1a\n|-activate|p1b: Baxcalibur|move: Protect\n|-immune|p2a: Matsuemon\n|-damage|p1a: Scream Tail|47\/100\n|\n|-weather|SunnyDay|[upkeep]\n|upkeep\n|turn|2\n|\n|t:|1681955106\n|move|p2a: Matsuemon|Sunny Day||[still]\n|-fail|p2a: Matsuemon\n|move|p1a: Scream Tail|Howl|p1a: Scream Tail|[spread] p1a,p1b\n|-boost|p1a: Scream Tail|atk|1\n|-boost|p1b: Baxcalibur|atk|1\n|move|p2b: Inosuke|Earthquake|p1a: Scream Tail|[spread] p1a,p1b\n|-immune|p2a: Matsuemon\n|-damage|p1a: Scream Tail|0 fnt\n|-damage|p1b: Baxcalibur|34\/100\n|faint|p1a: Scream Tail\n|-end|p1a: Scream Tail|Protosynthesis|[silent]\n|move|p1b: Baxcalibur|Icicle Crash|p2b: Inosuke\n|-supereffective|p2b: Inosuke\n|-damage|p2b: Inosuke|0 fnt\n|faint|p2b: Inosuke\n|-end|p2b: Inosuke|Protosynthesis|[silent]\n|\n|-weather|SunnyDay|[upkeep]\n|upkeep\n|\n|t:|1681955116\n|switch|p1a: Flutter Mane|Flutter Mane, L50|100\/100\n|switch|p2b: Tanjiro|Chi-Yu, L50|100\/100\n|-activate|p1a: Flutter Mane|ability: Protosynthesis\n|-start|p1a: Flutter Mane|protosynthesisspa\n|-ability|p2b: Tanjiro|Beads of Ruin\n|turn|3\n|inactive|cat vomiting has 30 seconds left.\n|\n|t:|1681955149\n|switch|p2a: Zenitsu|Gholdengo, L50|100\/100\n|-terastallize|p1a: Flutter Mane|Water\n|move|p1b: Baxcalibur|Protect|p1b: Baxcalibur\n|-singleturn|p1b: Baxcalibur|Protect\n|move|p1a: Flutter Mane|Moonblast|p2a: Zenitsu\n|-resisted|p2a: Zenitsu\n|-damage|p2a: Zenitsu|23\/100\n|-unboost|p2a: Zenitsu|spa|1\n|move|p2b: Tanjiro|Heat Wave|p1a: Flutter Mane|[spread] p1a\n|-activate|p1b: Baxcalibur|move: Protect\n|-resisted|p1a: Flutter Mane\n|-damage|p1a: Flutter Mane|69\/100\n|\n|-weather|SunnyDay|[upkeep]\n|upkeep\n|turn|4\n|inactive|cat vomiting has 30 seconds left.\n|inactive|cat vomiting has 20 seconds left.\n|\n|t:|1681955185\n|move|p1a: Flutter Mane|Moonblast|p2a: Zenitsu\n|-resisted|p2a: Zenitsu\n|-damage|p2a: Zenitsu|0 fnt\n|faint|p2a: Zenitsu\n|move|p2b: Tanjiro|Heat Wave|p1b: Baxcalibur|[spread] p1a,p1b\n|-resisted|p1a: Flutter Mane\n|-damage|p1a: Flutter Mane|40\/100\n|-damage|p1b: Baxcalibur|0 fnt\n|faint|p1b: Baxcalibur\n|\n|-weather|SunnyDay|[upkeep]\n|upkeep\n|\n|t:|1681955193\n|switch|p2a: Matsuemon|Murkrow, L50, F, shiny|100\/100\n|switch|p1b: Amoonguss|Amoonguss, L50, F|100\/100\n|turn|5\n|\n|t:|1681955212\n|move|p2a: Matsuemon|Tailwind|p2a: Matsuemon\n|-sidestart|p2: hancec|move: Tailwind\n|move|p2b: Tanjiro|Heat Wave|p1b: Amoonguss|[spread] p1a,p1b\n|-resisted|p1a: Flutter Mane\n|-supereffective|p1b: Amoonguss\n|-damage|p1a: Flutter Mane|11\/100\n|-damage|p1b: Amoonguss|0 fnt\n|faint|p1b: Amoonguss\n|move|p1a: Flutter Mane|Moonblast|p2b: Tanjiro\n|-damage|p2b: Tanjiro|0 fnt\n|faint|p2b: Tanjiro\n|\n|-weather|none\n|-end|p1a: Flutter Mane|Protosynthesis\n|upkeep\n|turn|6\n|\n|t:|1681955223\n|move|p2a: Matsuemon|Brave Bird|p1a: Flutter Mane\n|-damage|p1a: Flutter Mane|0 fnt\n|faint|p1a: Flutter Mane\n|-end|p1a: Flutter Mane|Protosynthesis|[silent]\n|-damage|p2a: Matsuemon|97\/100|[from] Recoil\n|\n|win|hancec\n|raw|cat vomiting's rating: 1396 → 1380<\/strong> (-16 for losing)\n|raw|hancec's rating: 1471 → 1487<\/strong> (+16 for winning)\n|c|\u2606hancec|gg\n|j| cb-sooner\n","uploadtime":1681955231,"views":9,"p1id":"catvomiting","p2id":"hancec","formatid":"gen9vgc2023regulationc","rating":1380,"private":0,"password":""}