{"id":"gen9vgc2023regulationc-1846650241","p1":"SoggyWaffles35","p2":"goodrisotto","format":"[Gen 9] VGC 2023 Regulation C","log":"|j|\u2606SoggyWaffles35\n|j|\u2606goodrisotto\n|t:|1681861565\n|gametype|doubles\n|player|p1|SoggyWaffles35|102|1094\n|player|p2|goodrisotto|1|1123\n|teamsize|p1|6\n|teamsize|p2|6\n|gen|9\n|tier|[Gen 9] VGC 2023 Regulation C\n|rated|\n|rule|Species Clause: Limit one of each Pok\u00e9mon\n|rule|Item Clause: Limit one of each item\n|clearpoke\n|poke|p1|Orthworm, L50, M|\n|poke|p1|Ting-Lu, L50|\n|poke|p1|Chien-Pao, L50|\n|poke|p1|Dragonite, L50, M|\n|poke|p1|Gyarados, L50, F|\n|poke|p1|Flutter Mane, L50|\n|poke|p2|Hydreigon, L50, F|\n|poke|p2|Annihilape, L50, F|\n|poke|p2|Gholdengo, L50|\n|poke|p2|Iron Bundle, L50|\n|poke|p2|Amoonguss, L50, F|\n|poke|p2|Garganacl, L50, F|\n|teampreview|4\nSoggyWaffles35 has agreed to open team sheets.\n|\n|t:|1681861629\n|start\n|switch|p1a: Orthworm|Orthworm, L50, M|100\/100\n|switch|p1b: Ting-Lu|Ting-Lu, L50|100\/100\n|switch|p2a: Gholdengo|Gholdengo, L50|100\/100\n|switch|p2b: Garganacl|Garganacl, L50, F|100\/100\n|-ability|p1b: Ting-Lu|Vessel of Ruin\n|turn|1\n|\n|t:|1681861656\n|move|p2a: Gholdengo|Nasty Plot|p2a: Gholdengo\n|-boost|p2a: Gholdengo|spa|2\n|move|p1a: Orthworm|Shed Tail|p1a: Orthworm\n|-start|p1a: Orthworm|Substitute|[from] move: Shed Tail\n|-damage|p1a: Orthworm|50\/100\n|-enditem|p1a: Orthworm|Sitrus Berry|[eat]\n|-heal|p1a: Orthworm|75\/100|[from] item: Sitrus Berry\n|\n|t:|1681861667\n|switch|p1a: Dragonite|Dragonite, L50, M|100\/100|[from] Shed Tail\n|move|p1b: Ting-Lu|Stomping Tantrum|p2a: Gholdengo\n|-supereffective|p2a: Gholdengo\n|-damage|p2a: Gholdengo|27\/100\n|move|p2b: Garganacl|Salt Cure|p1a: Dragonite\n|-supereffective|p1a: Dragonite\n|-activate|p1a: Dragonite|move: Substitute|[damage]\n|\n|upkeep\n|turn|2\n|\n|t:|1681861691\n|move|p2a: Gholdengo|Protect|p2a: Gholdengo\n|-singleturn|p2a: Gholdengo|Protect\n|move|p1a: Dragonite|Dragon Dance|p1a: Dragonite\n|-boost|p1a: Dragonite|atk|1\n|-boost|p1a: Dragonite|spe|1\n|move|p1b: Ting-Lu|Payback|p2a: Gholdengo\n|-activate|p2a: Gholdengo|move: Protect\n|move|p2b: Garganacl|Salt Cure|p1b: Ting-Lu\n|-resisted|p1b: Ting-Lu\n|-damage|p1b: Ting-Lu|97\/100\n|-start|p1b: Ting-Lu|Salt Cure\n|\n|-damage|p1b: Ting-Lu|85\/100|[from] Salt Cure\n|upkeep\n|turn|3\n|\n|t:|1681861724\n|switch|p1b: Orthworm|Orthworm, L50, M|75\/100\n|move|p1a: Dragonite|Earthquake|p2a: Gholdengo|[spread] p2a,p2b\n|-heal|p1b: Orthworm|100\/100|[from] ability: Earth Eater|[of] p1a: Dragonite\n|-supereffective|p2a: Gholdengo\n|-supereffective|p2b: Garganacl\n|-damage|p2a: Gholdengo|0 fnt\n|-damage|p2b: Garganacl|51\/100\n|faint|p2a: Gholdengo\n|move|p2b: Garganacl|Salt Cure|p1a: Dragonite\n|-supereffective|p1a: Dragonite\n|-end|p1a: Dragonite|Substitute\n|\n|-heal|p2b: Garganacl|57\/100|[from] item: Leftovers\n|upkeep\n|\n|t:|1681861738\n|switch|p2a: Iron Bundle|Iron Bundle, L50|100\/100\n|turn|4\n|inactive|Battle timer is ON: inactive players will automatically lose when time's up. (requested by goodrisotto)\n|\n|t:|1681861806\n|-terastallize|p1a: Dragonite|Normal\n|move|p1a: Dragonite|Earthquake|p2a: Iron Bundle|[spread] p2a,p2b\n|-immune|p1b: Orthworm|[from] ability: Earth Eater\n|-supereffective|p2b: Garganacl\n|-damage|p2a: Iron Bundle|56\/100\n|-damage|p2b: Garganacl|6\/100\n|move|p2a: Iron Bundle|Icy Wind|p1a: Dragonite|[spread] p1a,p1b\n|-resisted|p1b: Orthworm\n|-damage|p1a: Dragonite|89\/100\n|-damage|p1b: Orthworm|88\/100\n|-unboost|p1a: Dragonite|spe|1\n|-unboost|p1b: Orthworm|spe|1\n|move|p1b: Orthworm|Body Press|p2a: Iron Bundle\n|-supereffective|p2a: Iron Bundle\n|-damage|p2a: Iron Bundle|0 fnt\n|faint|p2a: Iron Bundle\n|-end|p2a: Iron Bundle|Quark Drive|[silent]\n|move|p2b: Garganacl|Salt Cure|p1a: Dragonite\n|-damage|p1a: Dragonite|73\/100\n|-start|p1a: Dragonite|Salt Cure\n|\n|-heal|p2b: Garganacl|12\/100|[from] item: Leftovers\n|-damage|p1a: Dragonite|60\/100|[from] Salt Cure\n|upkeep\n|inactive|goodrisotto has 30 seconds left.\n|inactive|goodrisotto has 20 seconds left.\n|\n|t:|1681861843\n|switch|p2a: Hydreigon|Hydreigon, L50, F|100\/100\n|turn|5\n|\n|t:|1681861855\n|switch|p1b: Ting-Lu|Ting-Lu, L50|85\/100\n|-ability|p1b: Ting-Lu|Vessel of Ruin\n|move|p1a: Dragonite|Extreme Speed|p2b: Garganacl\n|-resisted|p2b: Garganacl\n|-damage|p2b: Garganacl|0 fnt\n|faint|p2b: Garganacl\n|move|p2a: Hydreigon|Focus Energy|p2a: Hydreigon\n|-start|p2a: Hydreigon|move: Focus Energy\n|\n|-damage|p1a: Dragonite|48\/100|[from] Salt Cure\n|upkeep\n|turn|6\n|inactive|SoggyWaffles35 has 30 seconds left.\n|\n|t:|1681861884\n|-terastallize|p2a: Hydreigon|Fire\n|move|p2a: Hydreigon|Heat Wave|p1a: Dragonite|[spread] p1a,p1b\n|-crit|p1a: Dragonite\n|-crit|p1b: Ting-Lu\n|-damage|p1a: Dragonite|5\/100\n|-damage|p1b: Ting-Lu|52\/100\n|move|p1a: Dragonite|Low Kick|p2a: Hydreigon\n|-damage|p2a: Hydreigon|45\/100\n|move|p1b: Ting-Lu|Heavy Slam|p2a: Hydreigon\n|-resisted|p2a: Hydreigon\n|-damage|p2a: Hydreigon|27\/100\n|\n|-damage|p1a: Dragonite|0 fnt|[from] Salt Cure\n|faint|p1a: Dragonite\n|upkeep\n|\n|t:|1681861904\n|switch|p1a: Orthworm|Orthworm, L50, M|88\/100\n|turn|7\n|\n|t:|1681861927\n|move|p2a: Hydreigon|Heat Wave|p1b: Ting-Lu|[spread] p1a,p1b\n|-supereffective|p1a: Orthworm\n|-crit|p1a: Orthworm\n|-crit|p1b: Ting-Lu\n|-damage|p1a: Orthworm|0 fnt\n|-damage|p1b: Ting-Lu|18\/100\n|faint|p1a: Orthworm\n|move|p1b: Ting-Lu|Rock Slide|p2a: Hydreigon\n|-supereffective|p2a: Hydreigon\n|-damage|p2a: Hydreigon|0 fnt\n|faint|p2a: Hydreigon\n|\n|win|SoggyWaffles35\n|raw|SoggyWaffles35's rating: 1094 → 1122<\/strong> (+28 for winning)\n|raw|goodrisotto's rating: 1123 → 1096<\/strong> (-27 for losing)\n|c|\u2606SoggyWaffles35|gg\n","uploadtime":1681861938,"views":11,"p1id":"soggywaffles35","p2id":"goodrisotto","formatid":"gen9vgc2023regulationc","rating":1096,"private":0,"password":""}