{"id":"gen9vgc2023regulationc-1850542682","p1":"suki126","p2":"Dr Necro","format":"[Gen 9] VGC 2023 Regulation C","log":"|j|\u2606suki126\n|j|\u2606Dr Necro\n|t:|1682347209\n|gametype|doubles\n|player|p1|suki126|1|1637\n|player|p2|Dr Necro|medium|1678\n|teamsize|p1|6\n|teamsize|p2|6\n|gen|9\n|tier|[Gen 9] VGC 2023 Regulation C\n|rated|\n|rule|Species Clause: Limit one of each Pok\u00e9mon\n|rule|Item Clause: Limit one of each item\n|clearpoke\n|poke|p1|Flutter Mane, L50|\n|poke|p1|Chi-Yu, L50|\n|poke|p1|Iron Bundle, L50|\n|poke|p1|Baxcalibur, L50, M|\n|poke|p1|Gyarados, L50, M|\n|poke|p1|Amoonguss, L50, M|\n|poke|p2|Chien-Pao, L50|\n|poke|p2|Dragapult, L50, F|\n|poke|p2|Flutter Mane, L50|\n|poke|p2|Palafin, L50, F|\n|poke|p2|Amoonguss, L50, F|\n|poke|p2|Arcanine, L50, F|\n|teampreview|4\n|inactive|Battle timer is ON: inactive players will automatically lose when time's up. (requested by suki126)\nDr Necro has agreed to open team sheets.\n|inactive|Dr Necro has 60 seconds left.\n|\n|t:|1682347255\n|start\n|switch|p1a: Chi-Yu|Chi-Yu, L50|100\/100\n|switch|p1b: Iron Bundle|Iron Bundle, L50, shiny|100\/100\n|switch|p2a: Chien-Pao|Chien-Pao, L50|100\/100\n|switch|p2b: Dragapult|Dragapult, L50, F|100\/100\n|-ability|p2a: Chien-Pao|Sword of Ruin\n|-ability|p1a: Chi-Yu|Beads of Ruin\n|-enditem|p1b: Iron Bundle|Booster Energy\n|-activate|p1b: Iron Bundle|ability: Quark Drive|[fromitem]\n|-start|p1b: Iron Bundle|quarkdrivespe\n|turn|1\n|inactive|Dr Necro has 30 seconds left.\n|inactive|Dr Necro has 20 seconds left.\n|inactive|Dr Necro has 15 seconds left.\n|inactive|Dr Necro has 10 seconds left.\n|inactive|Dr Necro has 5 seconds left.\n|\n|t:|1682347310\n|move|p2a: Chien-Pao|Sucker Punch|p1a: Chi-Yu\n|-resisted|p1a: Chi-Yu\n|-damage|p1a: Chi-Yu|63\/100\n|move|p1b: Iron Bundle|Icy Wind|p2b: Dragapult|[spread] p2b\n|-miss|p1b: Iron Bundle|p2a: Chien-Pao\n|-supereffective|p2b: Dragapult\n|-damage|p2b: Dragapult|23\/100\n|move|p2b: Dragapult|U-turn|p1b: Iron Bundle\n|-damage|p1b: Iron Bundle|46\/100\n|\n|t:|1682347319\n|switch|p2b: Arcanine|Arcanine, L50, F|100\/100|[from] U-turn\n|-ability|p2b: Arcanine|Intimidate|boost\n|-unboost|p1a: Chi-Yu|atk|1\n|-unboost|p1b: Iron Bundle|atk|1\n|move|p1a: Chi-Yu|Heat Wave|p2a: Chien-Pao|[spread] p2a\n|-miss|p1a: Chi-Yu|p2b: Arcanine\n|-supereffective|p2a: Chien-Pao\n|-enditem|p2a: Chien-Pao|Focus Sash\n|-damage|p2a: Chien-Pao|1\/100\n|\n|upkeep\n|turn|2\n|\n|t:|1682347339\n|move|p2a: Chien-Pao|Protect|p2a: Chien-Pao\n|-singleturn|p2a: Chien-Pao|Protect\n|move|p2b: Arcanine|Extreme Speed|p1a: Chi-Yu\n|-damage|p1a: Chi-Yu|11\/100\n|move|p1b: Iron Bundle|Icy Wind|p2a: Chien-Pao|[spread] p2b\n|-activate|p2a: Chien-Pao|move: Protect\n|-resisted|p2b: Arcanine\n|-damage|p2b: Arcanine|88\/100\n|-unboost|p2b: Arcanine|spe|1\n|move|p1a: Chi-Yu|Dark Pulse|p2b: Arcanine\n|-damage|p2b: Arcanine|33\/100\n|\n|upkeep\n|turn|3\n|\n|t:|1682347363\n|switch|p1a: Gyarados|Gyarados, L50, M|100\/100\n|-ability|p1a: Gyarados|Intimidate|boost\n|-unboost|p2a: Chien-Pao|atk|1\n|-unboost|p2b: Arcanine|atk|1\n|move|p2b: Arcanine|Extreme Speed|p1a: Gyarados\n|-damage|p1a: Gyarados|81\/100\n|-damage|p2b: Arcanine|16\/100|[from] item: Rocky Helmet|[of] p1a: Gyarados\n|move|p2a: Chien-Pao|Sucker Punch|p1b: Iron Bundle\n|-damage|p1b: Iron Bundle|12\/100\n|move|p1b: Iron Bundle|Icy Wind|p2a: Chien-Pao|[spread] p2a,p2b\n|-resisted|p2a: Chien-Pao\n|-resisted|p2b: Arcanine\n|-damage|p2a: Chien-Pao|0 fnt\n|-damage|p2b: Arcanine|7\/100\n|-unboost|p2b: Arcanine|spe|1\n|faint|p2a: Chien-Pao\n|\n|upkeep\n|\n|t:|1682347382\n|switch|p2a: Flutter Mane|Flutter Mane, L50|100\/100\n|-enditem|p2a: Flutter Mane|Booster Energy\n|-activate|p2a: Flutter Mane|ability: Protosynthesis|[fromitem]\n|-start|p2a: Flutter Mane|protosynthesisspa\n|turn|4\n|\n|t:|1682347399\n|move|p1b: Iron Bundle|Protect|p1b: Iron Bundle\n|-singleturn|p1b: Iron Bundle|Protect\n|move|p2b: Arcanine|Extreme Speed|p1b: Iron Bundle\n|-activate|p1b: Iron Bundle|move: Protect\n|move|p2a: Flutter Mane|Moonblast|p1a: Gyarados\n|-crit|p1a: Gyarados\n|-damage|p1a: Gyarados|8\/100\n|move|p1a: Gyarados|Waterfall|p2b: Arcanine\n|-supereffective|p2b: Arcanine\n|-damage|p2b: Arcanine|0 fnt\n|faint|p2b: Arcanine\n|\n|upkeep\n|\n|t:|1682347408\n|switch|p2b: Dragapult|Dragapult, L50, F|23\/100\n|turn|5\n|\n|t:|1682347419\n|-terastallize|p2b: Dragapult|Steel\n|move|p2a: Flutter Mane|Protect|p2a: Flutter Mane\n|-singleturn|p2a: Flutter Mane|Protect\n|move|p1b: Iron Bundle|Icy Wind|p2a: Flutter Mane|[spread] p2b\n|-activate|p2a: Flutter Mane|move: Protect\n|-resisted|p2b: Dragapult\n|-damage|p2b: Dragapult|10\/100\n|move|p2b: Dragapult|Dragon Darts|p1a: Gyarados\n|-damage|p1a: Gyarados|0 fnt\n|-anim|p2b: Dragapult|Dragon Darts|p1b: Iron Bundle\n|-damage|p1b: Iron Bundle|0 fnt\n|faint|p1a: Gyarados\n|faint|p1b: Iron Bundle\n|-end|p1b: Iron Bundle|Quark Drive|[silent]\n|\n|upkeep\n|\n|t:|1682347427\n|switch|p1b: Chi-Yu|Chi-Yu, L50|11\/100\n|switch|p1a: Baxcalibur|Baxcalibur, L50, M|100\/100\n|-ability|p1b: Chi-Yu|Beads of Ruin\n|turn|6\n|\n|t:|1682347437\n|-terastallize|p1a: Baxcalibur|Poison\n|move|p1a: Baxcalibur|Ice Shard|p2b: Dragapult\n|-resisted|p2b: Dragapult\n|-damage|p2b: Dragapult|0 fnt\n|faint|p2b: Dragapult\n|move|p2a: Flutter Mane|Dazzling Gleam|p1b: Chi-Yu|[spread] p1a,p1b\n|-resisted|p1a: Baxcalibur\n|-damage|p1a: Baxcalibur|79\/100\n|-damage|p1b: Chi-Yu|0 fnt\n|faint|p1b: Chi-Yu\n|\n|upkeep\n|turn|7\n|\n|t:|1682347447\n|move|p2a: Flutter Mane|Shadow Ball|p1a: Baxcalibur\n|-damage|p1a: Baxcalibur|29\/100\n|move|p1a: Baxcalibur|Icicle Spear|p2a: Flutter Mane\n|-damage|p2a: Flutter Mane|79\/100\n|-damage|p2a: Flutter Mane|60\/100\n|-damage|p2a: Flutter Mane|39\/100\n|-damage|p2a: Flutter Mane|18\/100\n|-hitcount|p2a: Flutter Mane|4\n|\n|upkeep\n|turn|8\n|\n|t:|1682347456\n|move|p2a: Flutter Mane|Protect|p2a: Flutter Mane\n|-singleturn|p2a: Flutter Mane|Protect\n|move|p1a: Baxcalibur|Ice Shard|p2a: Flutter Mane\n|-activate|p2a: Flutter Mane|move: Protect\n|\n|upkeep\n|turn|9\n|\n|t:|1682347461\n|move|p1a: Baxcalibur|Ice Shard|p2a: Flutter Mane\n|-damage|p2a: Flutter Mane|0 fnt\n|faint|p2a: Flutter Mane\n|-end|p2a: Flutter Mane|Protosynthesis|[silent]\n|\n|win|suki126\n|raw|suki126's rating: 1637 → 1659<\/strong> (+22 for winning)\n|raw|Dr Necro's rating: 1678 → 1656<\/strong> (-22 for losing)\n|l|\u2606Dr Necro\n|l|\u2606suki126\n","uploadtime":1682347493,"views":27,"p1id":"suki126","p2id":"drnecro","formatid":"gen9vgc2023regulationc","rating":1656,"private":0,"password":""}