{"id":"gen9vgc2023regulationc-1855125251","p1":"Waffles4breakfast","p2":"Post GC2 testing","format":"[Gen 9] VGC 2023 Regulation C","log":"|j|\u2606Waffles4breakfast\n|j|\u2606Post GC2 testing\n|t:|1682904342\n|gametype|doubles\n|player|p1|Waffles4breakfast|juggler|1399\n|player|p2|Post GC2 testing|colress|1439\n|teamsize|p1|6\n|teamsize|p2|6\n|gen|9\n|tier|[Gen 9] VGC 2023 Regulation C\n|rated|\n|rule|Species Clause: Limit one of each Pok\u00e9mon\n|rule|Item Clause: Limit one of each item\n|clearpoke\n|poke|p1|Roaring Moon, L50|\n|poke|p1|Dragonite, L50, M|\n|poke|p1|Chien-Pao, L50|\n|poke|p1|Ting-Lu, L50|\n|poke|p1|Annihilape, L50, M|\n|poke|p1|Flutter Mane, L50|\n|poke|p2|Orthworm, L50, M|\n|poke|p2|Dragonite, L50, F|\n|poke|p2|Ting-Lu, L50|\n|poke|p2|Gyarados, L50, M|\n|poke|p2|Flutter Mane, L50|\n|poke|p2|Chien-Pao, L50|\n|teampreview|4\n|\n|t:|1682904365\n|start\n|switch|p1a: Annihilape|Annihilape, L50, M|100\/100\n|switch|p1b: Roaring Moon|Roaring Moon, L50|100\/100\n|switch|p2a: Percival|Chien-Pao, L50|100\/100\n|switch|p2b: Lancelot|Dragonite, L50, F|100\/100\n|-ability|p2a: Percival|Sword of Ruin\n|-enditem|p1b: Roaring Moon|Booster Energy\n|-activate|p1b: Roaring Moon|ability: Protosynthesis|[fromitem]\n|-start|p1b: Roaring Moon|protosynthesisspe\n|turn|1\n|inactive|Battle timer is ON: inactive players will automatically lose when time's up. (requested by Waffles4breakfast)\n|inactive|Post GC2 testing has 60 seconds left.\n|\n|t:|1682904405\n|-terastallize|p1a: Annihilape|Fire\n|-terastallize|p2b: Lancelot|Flying\n|move|p1b: Roaring Moon|Breaking Swipe|p2a: Percival|[spread] p2a,p2b\n|-damage|p2a: Percival|65\/100\n|-damage|p2b: Lancelot|85\/100\n|-unboost|p2a: Percival|atk|1\n|-unboost|p2b: Lancelot|atk|1\n|move|p1a: Annihilape|Drain Punch|p2a: Percival\n|-supereffective|p2a: Percival\n|-damage|p2a: Percival|0 fnt\n|faint|p2a: Percival\n|move|p2b: Lancelot|Tera Blast|p1a: Annihilape\n|-damage|p1a: Annihilape|66\/100\n|\n|upkeep\n|\n|t:|1682904411\n|switch|p2a: Dem eyes tho|Flutter Mane, L50|100\/100\n|turn|2\n|\n|t:|1682904433\n|-end|p2a: Dem eyes tho|Protosynthesis|[silent]\n|switch|p2a: Muppet|Orthworm, L50, M, shiny|100\/100\n|move|p1b: Roaring Moon|Tailwind|p1b: Roaring Moon\n|-sidestart|p1: Waffles4breakfast|move: Tailwind\n|move|p1a: Annihilape|Drain Punch|p2b: Lancelot\n|-resisted|p2b: Lancelot\n|-damage|p2b: Lancelot|71\/100\n|-heal|p1a: Annihilape|72\/100|[from] drain|[of] p2b: Lancelot\n|move|p2b: Lancelot|Earthquake|p1b: Roaring Moon|[spread] p1a,p1b\n|-immune|p2a: Muppet|[from] ability: Earth Eater\n|-supereffective|p1a: Annihilape\n|-damage|p1a: Annihilape|40\/100\n|-damage|p1b: Roaring Moon|79\/100\n|\n|upkeep\n|turn|3\n|\n|t:|1682904450\n|move|p1b: Roaring Moon|Breaking Swipe|p2a: Muppet|[spread] p2a,p2b\n|-resisted|p2a: Muppet\n|-damage|p2a: Muppet|92\/100\n|-damage|p2b: Lancelot|44\/100\n|-unboost|p2a: Muppet|atk|1\n|-unboost|p2b: Lancelot|atk|1\n|move|p1a: Annihilape|Drain Punch|p2a: Muppet\n|-supereffective|p2a: Muppet\n|-damage|p2a: Muppet|52\/100\n|-heal|p1a: Annihilape|55\/100|[from] drain|[of] p2a: Muppet\n|move|p2b: Lancelot|Dragon Dance|p2b: Lancelot\n|-boost|p2b: Lancelot|atk|1\n|-boost|p2b: Lancelot|spe|1\n|move|p2a: Muppet|Iron Defense|p2a: Muppet\n|-boost|p2a: Muppet|def|2\n|\n|upkeep\n|turn|4\n|\n|t:|1682904461\n|move|p1b: Roaring Moon|Brick Break|p2a: Muppet\n|-supereffective|p2a: Muppet\n|-damage|p2a: Muppet|35\/100\n|-enditem|p2a: Muppet|Sitrus Berry|[eat]\n|-heal|p2a: Muppet|60\/100|[from] item: Sitrus Berry\n|move|p1a: Annihilape|Drain Punch|p2a: Muppet\n|-supereffective|p2a: Muppet\n|-damage|p2a: Muppet|38\/100\n|-heal|p1a: Annihilape|64\/100|[from] drain|[of] p2a: Muppet\n|move|p2b: Lancelot|Earthquake|p1b: Roaring Moon|[spread] p1a,p1b\n|-heal|p2a: Muppet|63\/100|[from] ability: Earth Eater|[of] p2b: Lancelot\n|-supereffective|p1a: Annihilape\n|-damage|p1a: Annihilape|29\/100\n|-damage|p1b: Roaring Moon|58\/100\n|move|p2a: Muppet|Body Press|p1b: Roaring Moon\n|-supereffective|p1b: Roaring Moon\n|-crit|p1b: Roaring Moon\n|-damage|p1b: Roaring Moon|0 fnt\n|faint|p1b: Roaring Moon\n|-end|p1b: Roaring Moon|Protosynthesis|[silent]\n|\n|upkeep\n|\n|t:|1682904471\n|switch|p1b: Chien-Pao|Chien-Pao, L50|100\/100\n|-ability|p1b: Chien-Pao|Sword of Ruin\n|turn|5\n|\n|t:|1682904486\n|move|p2b: Lancelot|Extreme Speed|p1a: Annihilape\n|-damage|p1a: Annihilape|7\/100\n|move|p1a: Annihilape|Drain Punch|p2a: Muppet\n|-supereffective|p2a: Muppet\n|-damage|p2a: Muppet|37\/100\n|-heal|p1a: Annihilape|17\/100|[from] drain|[of] p2a: Muppet\n|move|p1b: Chien-Pao|Ice Spinner|p2b: Lancelot\n|-supereffective|p2b: Lancelot\n|-damage|p2b: Lancelot|0 fnt\n|faint|p2b: Lancelot\n|-damage|p1b: Chien-Pao|91\/100|[from] item: Life Orb\n|move|p2a: Muppet|Body Press|p1b: Chien-Pao\n|-supereffective|p1b: Chien-Pao\n|-damage|p1b: Chien-Pao|0 fnt\n|faint|p1b: Chien-Pao\n|\n|-sideend|p1: Waffles4breakfast|move: Tailwind\n|upkeep\n|\n|t:|1682904496\n|switch|p1b: Dragonite|Dragonite, L50, M|100\/100\n|switch|p2b: Dem eyes tho|Flutter Mane, L50|100\/100\n|turn|6\n|\n|t:|1682904507\n|move|p1a: Annihilape|Drain Punch|p2a: Muppet\n|-supereffective|p2a: Muppet\n|-damage|p2a: Muppet|16\/100\n|-heal|p1a: Annihilape|25\/100|[from] drain|[of] p2a: Muppet\n|move|p2b: Dem eyes tho|Moonblast|p1a: Annihilape\n|-resisted|p1a: Annihilape\n|-damage|p1a: Annihilape|0 fnt\n|faint|p1a: Annihilape\n|move|p1b: Dragonite|Ice Spinner|p2b: Dem eyes tho\n|-damage|p2b: Dem eyes tho|24\/100\n|move|p2a: Muppet|Iron Defense|p2a: Muppet\n|-boost|p2a: Muppet|def|2\n|\n|upkeep\n|turn|7\n|\n|t:|1682904514\n|move|p2b: Dem eyes tho|Moonblast|p1b: Dragonite\n|-supereffective|p1b: Dragonite\n|-damage|p1b: Dragonite|0 fnt\n|faint|p1b: Dragonite\n|\n|win|Post GC2 testing\n|raw|Waffles4breakfast's rating: 1399 → 1381<\/strong> (-18 for losing)\n|raw|Post GC2 testing's rating: 1439 → 1457<\/strong> (+18 for winning)\n|l|\u2606Waffles4breakfast\n","uploadtime":1682904521,"views":14,"p1id":"waffles4breakfast","p2id":"postgc2testing","formatid":"gen9vgc2023regulationc","rating":1381,"private":0,"password":""}