{"id":"gen9vgc2023regulationc-1857714726","p1":"Unvirgining Oil","p2":"fkhg","format":"[Gen 9] VGC 2023 Regulation C","log":"|j|\u2606Unvirgining Oil\n|j|\u2606fkhg\n|t:|1683224987\n|gametype|doubles\n|player|p1|Unvirgining Oil|blackbelt-gen4dp|1150\n|player|p2|fkhg|102|1162\n|teamsize|p1|6\n|teamsize|p2|6\n|gen|9\n|tier|[Gen 9] VGC 2023 Regulation C\n|rated|\n|rule|Species Clause: Limit one of each Pok\u00e9mon\n|rule|Item Clause: Limit one of each item\n|clearpoke\n|poke|p1|Dachsbun, L50, F|\n|poke|p1|Chi-Yu, L50|\n|poke|p1|Iron Hands, L50|\n|poke|p1|Amoonguss, L50, M|\n|poke|p1|Palafin, L50, M|\n|poke|p1|Flutter Mane, L50|\n|poke|p2|Noivern, L50, F|\n|poke|p2|Sylveon, L50, M|\n|poke|p2|Iron Hands, L50|\n|poke|p2|Oranguru, L50, F|\n|poke|p2|Chi-Yu, L50|\n|poke|p2|Amoonguss, L50, M|\n|teampreview|4\n|inactive|Battle timer is ON: inactive players will automatically lose when time's up. (requested by Unvirgining Oil)\n|\n|t:|1683225003\n|start\n|switch|p1a: Chi-Yu|Chi-Yu, L50|100\/100\n|switch|p1b: Palafin|Palafin, L50, M|100\/100\n|switch|p2a: Sylveon|Sylveon, L50, M|100\/100\n|switch|p2b: Iron Hands|Iron Hands, L50|100\/100\n|-ability|p1a: Chi-Yu|Beads of Ruin\n|turn|1\n|\n|t:|1683225013\n|detailschange|p1b: Palafin|Palafin-Hero, L50, M\n|switch|p1b: Stella|Dachsbun, L50, F|100\/100\n|-terastallize|p1a: Chi-Yu|Ghost\n|move|p1a: Chi-Yu|Lava Plume|p2a: Sylveon|[spread] p2a,p2b\n|-ability|p1b: Stella|Well-Baked Body|boost\n|-boost|p1b: Stella|def|2\n|-damage|p2a: Sylveon|69\/100\n|-damage|p2b: Iron Hands|77\/100\n|move|p2b: Iron Hands|Volt Switch|p1b: Stella\n|-damage|p1b: Stella|82\/100\n|\n|t:|1683225024\n|-end|p2b: Iron Hands|Quark Drive|[silent]\n|switch|p2b: Noivern|Noivern, L50, F|100\/100|[from] Volt Switch\n|move|p2a: Sylveon|Skill Swap|p2b: Noivern\n|-activate|p2a: Sylveon|move: Skill Swap|||[of] p2b: Noivern\n|\n|-heal|p1b: Stella|88\/100|[from] item: Leftovers\n|upkeep\n|turn|2\n|\n|t:|1683225038\n|move|p2a: Sylveon|Helping Hand|p2b: Noivern\n|-singleturn|p2b: Noivern|Helping Hand|[of] p2a: Sylveon\n|move|p1b: Stella|Protect|p1b: Stella\n|-singleturn|p1b: Stella|Protect\n|move|p2b: Noivern|Boomburst|p1a: Chi-Yu|[spread] p1a\n|-activate|p1b: Stella|move: Protect\n|-activate|p2a: Sylveon|ability: Telepathy\n|-crit|p1a: Chi-Yu\n|-damage|p1a: Chi-Yu|0 fnt\n|faint|p1a: Chi-Yu\n|\n|-heal|p1b: Stella|94\/100|[from] item: Leftovers\n|upkeep\n|\n|t:|1683225054\n|switch|p1a: Palafin|Palafin-Hero, L50, M|100\/100\n|-activate|p1a: Palafin|ability: Zero to Hero\n|turn|3\n|\n|t:|1683225062\n|move|p2a: Sylveon|Helping Hand|p2b: Noivern\n|-singleturn|p2b: Noivern|Helping Hand|[of] p2a: Sylveon\n|move|p1a: Palafin|Jet Punch|p2a: Sylveon\n|-damage|p2a: Sylveon|25\/100\n|-enditem|p2a: Sylveon|Sitrus Berry|[eat]\n|-heal|p2a: Sylveon|49\/100|[from] item: Sitrus Berry\n|move|p2b: Noivern|Boomburst|p1b: Stella|[spread] p1a,p1b\n|-activate|p2a: Sylveon|ability: Telepathy\n|-damage|p1a: Palafin|18\/100\n|-damage|p1b: Stella|12\/100\n|move|p1b: Stella|Snarl|p2a: Sylveon|[spread] p2a,p2b\n|-resisted|p2a: Sylveon\n|-damage|p2a: Sylveon|47\/100\n|-damage|p2b: Noivern|94\/100\n|-unboost|p2a: Sylveon|spa|1\n|-unboost|p2b: Noivern|spa|1\n|\n|-heal|p1b: Stella|18\/100|[from] item: Leftovers\n|upkeep\n|turn|4\n|\n|t:|1683225078\n|-terastallize|p2b: Noivern|Fairy\n|move|p2a: Sylveon|Helping Hand|p2b: Noivern\n|-singleturn|p2b: Noivern|Helping Hand|[of] p2a: Sylveon\n|move|p1b: Stella|Protect|p1b: Stella\n|-singleturn|p1b: Stella|Protect\n|move|p1a: Palafin|Jet Punch|p2a: Sylveon\n|-damage|p2a: Sylveon|6\/100\n|move|p2b: Noivern|Boomburst|p1b: Stella|[spread] p1a\n|-activate|p1b: Stella|move: Protect\n|-activate|p2a: Sylveon|ability: Telepathy\n|-damage|p1a: Palafin|0 fnt\n|faint|p1a: Palafin\n|\n|-heal|p1b: Stella|24\/100|[from] item: Leftovers\n|upkeep\n|\n|t:|1683225088\n|switch|p1a: Flutter Mane|Flutter Mane, L50|100\/100\n|-enditem|p1a: Flutter Mane|Booster Energy\n|-activate|p1a: Flutter Mane|ability: Protosynthesis|[fromitem]\n|-start|p1a: Flutter Mane|protosynthesisspa\n|turn|5\n|\n|t:|1683225094\n|move|p2a: Sylveon|Helping Hand|p2b: Noivern\n|-singleturn|p2b: Noivern|Helping Hand|[of] p2a: Sylveon\n|move|p2b: Noivern|Boomburst|p1a: Flutter Mane|[spread] p1a,p1b\n|-activate|p2a: Sylveon|ability: Telepathy\n|-damage|p1a: Flutter Mane|29\/100\n|-damage|p1b: Stella|0 fnt\n|faint|p1b: Stella\n|move|p1a: Flutter Mane|Trick Room|p1a: Flutter Mane\n|-fieldstart|move: Trick Room|[of] p1a: Flutter Mane\n|\n|upkeep\n|turn|6\n|\n|t:|1683225105\n|move|p2a: Sylveon|Helping Hand|p2b: Noivern\n|-singleturn|p2b: Noivern|Helping Hand|[of] p2a: Sylveon\n|move|p1a: Flutter Mane|Dazzling Gleam|p2a: Sylveon|[spread] p2a,p2b\n|-damage|p2a: Sylveon|0 fnt\n|-damage|p2b: Noivern|43\/100\n|faint|p2a: Sylveon\n|move|p2b: Noivern|Boomburst|p1a: Flutter Mane\n|-damage|p1a: Flutter Mane|0 fnt\n|faint|p1a: Flutter Mane\n|-end|p1a: Flutter Mane|Protosynthesis|[silent]\n|\n|win|fkhg\n|raw|Unvirgining Oil's rating: 1150 → 1126<\/strong> (-24 for losing)\n|raw|fkhg's rating: 1162 → 1186<\/strong> (+24 for winning)\n|l|\u2606Unvirgining Oil\n","uploadtime":1683225112,"views":14,"p1id":"unvirginingoil","p2id":"fkhg","formatid":"gen9vgc2023regulationc","rating":1126,"private":0,"password":""}