{"id":"gen9vgc2023regulationc-1856622523","p1":"OrionSeas","p2":"zach_lucius","format":"[Gen 9] VGC 2023 Regulation C","log":"|j|\u2606OrionSeas\n|j|\u2606zach_lucius\n|t:|1683083860\n|gametype|doubles\n|player|p1|OrionSeas|pilot|1243\n|player|p2|zach_lucius|rosa|1190\n|teamsize|p1|6\n|teamsize|p2|6\n|gen|9\n|tier|[Gen 9] VGC 2023 Regulation C\n|rated|\n|rule|Species Clause: Limit one of each Pok\u00e9mon\n|rule|Item Clause: Limit one of each item\n|clearpoke\n|poke|p1|Breloom, L50, F|\n|poke|p1|Kingambit, L50, F|\n|poke|p1|Gyarados, L50, M|\n|poke|p1|Chien-Pao, L50|\n|poke|p1|Flutter Mane, L50|\n|poke|p1|Gothitelle, L50, M|\n|poke|p2|Ditto, L50|\n|poke|p2|Indeedee-F, L50, F|\n|poke|p2|Arboliva, L50, M|\n|poke|p2|Farigiraf, L50, M|\n|poke|p2|Braviary, L50, M|\n|poke|p2|Pyroar, L50, F|\n|teampreview|4\nOrionSeas has agreed to open team sheets.\nzach_lucius has agreed to open team sheets.\n|inactive|Battle timer is ON: inactive players will automatically lose when time's up. (requested by zach_lucius)\n|\n|t:|1683083958\n|start\n|switch|p1a: Breloom|Breloom, L50, F|100\/100\n|switch|p1b: Kingambit|Kingambit, L50, F|100\/100\n|switch|p2a: Indeedee|Indeedee-F, L50, F|100\/100\n|switch|p2b: Braviary|Braviary, L50, M|100\/100\n|-fieldstart|move: Psychic Terrain|[from] ability: Psychic Surge|[of] p2a: Indeedee\n|-enditem|p2a: Indeedee|Psychic Seed\n|-boost|p2a: Indeedee|spd|1|[from] item: Psychic Seed\n|turn|1\n|inactive|OrionSeas has 30 seconds left.\n|inactive|zach_lucius has 30 seconds left.\n|\n|t:|1683083986\n|move|p1a: Breloom|Protect|p1a: Breloom\n|-singleturn|p1a: Breloom|Protect\n|move|p2a: Indeedee|Follow Me|p2a: Indeedee\n|-singleturn|p2a: Indeedee|move: Follow Me\n|move|p2b: Braviary|Tailwind|p2b: Braviary\n|-sidestart|p2: zach_lucius|move: Tailwind\n|move|p1b: Kingambit|Kowtow Cleave|p2a: Indeedee\n|-supereffective|p2a: Indeedee\n|-damage|p2a: Indeedee|9\/100\n|\n|upkeep\n|turn|2\n|inactive|OrionSeas has 30 seconds left.\n|\n|t:|1683084013\n|-terastallize|p1a: Breloom|Rock\n|move|p2b: Braviary|Close Combat|p1b: Kingambit\n|-supereffective|p1b: Kingambit\n|-damage|p1b: Kingambit|0 fnt\n|-unboost|p2b: Braviary|def|1\n|-unboost|p2b: Braviary|spd|1\n|faint|p1b: Kingambit\n|move|p2a: Indeedee|Psychic|p1a: Breloom\n|-damage|p1a: Breloom|36\/100\n|move|p1a: Breloom|Rock Tomb|p2b: Braviary\n|-supereffective|p2b: Braviary\n|-damage|p2b: Braviary|0 fnt\n|faint|p2b: Braviary\n|\n|upkeep\n|\n|t:|1683084032\n|switch|p2b: Pyroar|Pyroar, L50, F|100\/100\n|switch|p1b: Gothitelle|Gothitelle, L50, M|100\/100\n|-ability|p2b: Pyroar|Unnerve\n|turn|3\n|\n|t:|1683084050\n|-terastallize|p2b: Pyroar|Steel\n|move|p1a: Breloom|Protect|p1a: Breloom\n|-singleturn|p1a: Breloom|Protect\n|move|p2b: Pyroar|Dark Pulse|p1b: Gothitelle\n|-supereffective|p1b: Gothitelle\n|-damage|p1b: Gothitelle|30\/100\n|move|p2a: Indeedee|Psychic|p1a: Breloom\n|-activate|p1a: Breloom|move: Protect\n|move|p1b: Gothitelle|Trick Room|p1b: Gothitelle\n|-fieldstart|move: Trick Room|[of] p1b: Gothitelle\n|\n|-heal|p1b: Gothitelle|37\/100|[from] item: Leftovers\n|upkeep\n|turn|4\n|\n|t:|1683084074\n|move|p2a: Indeedee|Follow Me|p2a: Indeedee\n|-singleturn|p2a: Indeedee|move: Follow Me\n|move|p1b: Gothitelle|Heal Pulse|p2a: Indeedee\n|-heal|p2a: Indeedee|59\/100\n|move|p1a: Breloom|Bullet Seed|p2a: Indeedee\n|-damage|p2a: Indeedee|38\/100\n|-damage|p2a: Indeedee|18\/100\n|-damage|p2a: Indeedee|0 fnt\n|faint|p2a: Indeedee\n|-hitcount|p2: Indeedee|3\n|move|p2b: Pyroar|Dark Pulse|p1b: Gothitelle\n|-supereffective|p1b: Gothitelle\n|-damage|p1b: Gothitelle|0 fnt\n|faint|p1b: Gothitelle\n|\n|-sideend|p2: zach_lucius|move: Tailwind\n|upkeep\n|\n|t:|1683084088\n|switch|p1b: Flutter Mane|Flutter Mane, L50|100\/100\n|switch|p2a: Ditto|Ditto, L50|100\/100\n|-transform|p2a: Ditto|p1b: Flutter Mane|[from] ability: Imposter\n|turn|5\n|inactive|OrionSeas has 30 seconds left.\n|inactive|OrionSeas has 20 seconds left.\n|\n|t:|1683084126\n|move|p1a: Breloom|Protect|p1a: Breloom\n|-singleturn|p1a: Breloom|Protect\n|move|p1b: Flutter Mane|Protect|p1b: Flutter Mane\n|-singleturn|p1b: Flutter Mane|Protect\n|move|p2b: Pyroar|Dark Pulse|p1a: Breloom\n|-activate|p1a: Breloom|move: Protect\n|move|p2a: Ditto|Shadow Ball|p1b: Flutter Mane\n|-activate|p1b: Flutter Mane|move: Protect\n|\n|-fieldend|move: Psychic Terrain\n|upkeep\n|turn|6\n|\n|t:|1683084144\n|move|p1a: Breloom|Mach Punch|p2b: Pyroar\n|-supereffective|p2b: Pyroar\n|-damage|p2b: Pyroar|0 fnt\n|faint|p2b: Pyroar\n|move|p1b: Flutter Mane|Shadow Ball|p2a: Ditto\n|-supereffective|p2a: Ditto\n|-damage|p2a: Ditto|13\/100\n|-damage|p1b: Flutter Mane|91\/100|[from] item: Life Orb\n|move|p2a: Ditto|Shadow Ball|p1b: Flutter Mane\n|-supereffective|p1b: Flutter Mane\n|-damage|p1b: Flutter Mane|23\/100\n|\n|upkeep\n|turn|7\n|\n|t:|1683084160\n|move|p1a: Breloom|Bullet Seed|p2a: Ditto\n|-damage|p2a: Ditto|0 fnt\n|faint|p2a: Ditto\n|-end|p2a: Ditto|Protosynthesis|[silent]\n|-hitcount|p2: Ditto|1\n|\n|win|OrionSeas\n|raw|OrionSeas's rating: 1243 → 1264<\/strong> (+21 for winning)\n|raw|zach_lucius's rating: 1190 → 1169<\/strong> (-21 for losing)\n|l|\u2606zach_lucius\n","uploadtime":1683084167,"views":9,"p1id":"orionseas","p2id":"zachlucius","formatid":"gen9vgc2023regulationc","rating":1169,"private":0,"password":""}