{"id":"gen9vgc2023regulationc-1860394990","p1":"CbuttyVGC","p2":"rent_b0i","format":"[Gen 9] VGC 2023 Regulation C","log":"|j|\u2606CbuttyVGC\n|j|\u2606rent_b0i\n|t:|1683640385\n|gametype|doubles\n|player|p1|CbuttyVGC|acetrainer-gen4dp|1243\n|player|p2|rent_b0i|rood|1213\n|teamsize|p1|6\n|teamsize|p2|6\n|gen|9\n|tier|[Gen 9] VGC 2023 Regulation C\n|rated|\n|rule|Species Clause: Limit one of each Pok\u00e9mon\n|rule|Item Clause: Limit one of each item\n|clearpoke\n|poke|p1|Tyranitar, L50, M|\n|poke|p1|Houndstone, L50, M|\n|poke|p1|Flutter Mane, L50|\n|poke|p1|Palafin, L50, M|\n|poke|p1|Brute Bonnet, L50|\n|poke|p1|Chi-Yu, L50|\n|poke|p2|Flutter Mane, L50|\n|poke|p2|Chi-Yu, L50|\n|poke|p2|Roaring Moon, L50|\n|poke|p2|Jumpluff, L50, F|\n|poke|p2|Wo-Chien, L50|\n|poke|p2|Torkoal, L50, M|\n|teampreview|4\n|inactive|Battle timer is ON: inactive players will automatically lose when time's up. (requested by CbuttyVGC)\n|\n|t:|1683640412\n|start\n|switch|p1a: Joundstone|Houndstone, L50, M|100\/100\n|switch|p1b: Jalafin|Palafin, L50, M|100\/100\n|switch|p2a: Flutter Mane|Flutter Mane, L50|100\/100\n|switch|p2b: Wo-Chien|Wo-Chien, L50|100\/100\n|-ability|p2b: Wo-Chien|Tablets of Ruin\n|turn|1\n|\n|t:|1683640425\n|-terastallize|p1a: Joundstone|Grass\n|-terastallize|p2a: Flutter Mane|Grass\n|move|p1b: Jalafin|Taunt|p2b: Wo-Chien\n|-start|p2b: Wo-Chien|move: Taunt\n|move|p1a: Joundstone|Howl|p1a: Joundstone|[spread] p1a,p1b\n|-boost|p1a: Joundstone|atk|1\n|-boost|p1b: Jalafin|atk|1\n|move|p2b: Wo-Chien|Leaf Storm|p1b: Jalafin\n|-supereffective|p1b: Jalafin\n|-damage|p1b: Jalafin|0 fnt\n|-unboost|p2b: Wo-Chien|spa|2\n|-enditem|p2b: Wo-Chien|Eject Pack\n|faint|p1b: Jalafin\n|c|\u2606CbuttyVGC|What the fuck\n|inactive|rent_b0i has 30 seconds left.\n|\n|t:|1683640455\n|switch|p2b: Chi-Yu|Chi-Yu, L50|100\/100\n|-ability|p2b: Chi-Yu|Beads of Ruin\n|move|p2a: Flutter Mane|Trick Room|p2a: Flutter Mane\n|-fieldstart|move: Trick Room|[of] p2a: Flutter Mane\n|\n|upkeep\n|\n|t:|1683640472\n|switch|p1b: Jyranitar|Tyranitar, L50, M|100\/100\n|-weather|Sandstorm|[from] ability: Sand Stream|[of] p1b: Jyranitar\n|turn|2\n|\n|t:|1683640484\n|switch|p2b: Torkoal|Torkoal, L50, M|100\/100\n|-weather|SunnyDay|[from] ability: Drought|[of] p2b: Torkoal\n|-activate|p2a: Flutter Mane|ability: Protosynthesis\n|-start|p2a: Flutter Mane|protosynthesisspa\n|move|p2a: Flutter Mane|Dazzling Gleam|p1a: Joundstone|[spread] p1a,p1b\n|-supereffective|p1b: Jyranitar\n|-damage|p1a: Joundstone|63\/100\n|-damage|p1b: Jyranitar|57\/100\n|move|p1b: Jyranitar|Rock Slide|p2b: Torkoal|[spread] p2a\n|-miss|p1b: Jyranitar|p2b: Torkoal\n|-damage|p2a: Flutter Mane|64\/100\n|move|p1a: Joundstone|Howl|p1a: Joundstone|[spread] p1a,p1b\n|-boost|p1a: Joundstone|atk|1\n|-boost|p1b: Jyranitar|atk|1\n|\n|-weather|SunnyDay|[upkeep]\n|upkeep\n|turn|3\n|c|\u2606CbuttyVGC|Oh awesome!\n|c|\u2606rent_b0i|\ud83d\ude02\n|inactive|CbuttyVGC has 30 seconds left.\n|inactive|rent_b0i has 30 seconds left.\n|inactive|CbuttyVGC has 20 seconds left.\n|c|\u2606rent_b0i|U big mad\n|\n|t:|1683640522\n|switch|p1b: Jutter Jane|Flutter Mane, L50|100\/100\n|-activate|p1b: Jutter Jane|ability: Protosynthesis\n|-start|p1b: Jutter Jane|protosynthesisspe\n|move|p2b: Torkoal|Heat Wave|p1a: Joundstone|[spread] p1a,p1b\n|-supereffective|p1a: Joundstone\n|-damage|p1a: Joundstone|0 fnt\n|-damage|p1b: Jutter Jane|37\/100\n|faint|p1a: Joundstone\n|move|p2a: Flutter Mane|Dazzling Gleam|p1b: Jutter Jane\n|-damage|p1b: Jutter Jane|0 fnt\n|faint|p1b: Jutter Jane\n|-end|p1b: Jutter Jane|Protosynthesis|[silent]\n|\n|-weather|SunnyDay|[upkeep]\n|upkeep\n|\n|t:|1683640530\n|switch|p1b: Jyranitar|Tyranitar, L50, M|57\/100\n|-weather|Sandstorm|[from] ability: Sand Stream|[of] p1b: Jyranitar\n|-end|p2a: Flutter Mane|Protosynthesis\n|turn|4\n|c|\u2606CbuttyVGC|Like is that Iron Ball Mane or sumn\n|inactive|CbuttyVGC has 30 seconds left.\n|c|\u2606rent_b0i|Power anklet\n|c|\u2606CbuttyVGC|What the fuck\n|\n|t:|1683640565\n|switch|p2b: Chi-Yu|Chi-Yu, L50|100\/100\n|-ability|p2b: Chi-Yu|Beads of Ruin\n|move|p2a: Flutter Mane|Dazzling Gleam|p1b: Jyranitar\n|-supereffective|p1b: Jyranitar\n|-damage|p1b: Jyranitar|19\/100\n|move|p1b: Jyranitar|Rock Slide|p2b: Chi-Yu|[spread] p2a,p2b\n|-supereffective|p2b: Chi-Yu\n|-damage|p2a: Flutter Mane|28\/100\n|-damage|p2b: Chi-Yu|16\/100\n|\n|-weather|Sandstorm|[upkeep]\n|-damage|p2a: Flutter Mane|22\/100|[from] Sandstorm\n|upkeep\n|turn|5\n|\n|t:|1683640584\n|move|p2a: Flutter Mane|Dazzling Gleam|p1b: Jyranitar\n|-supereffective|p1b: Jyranitar\n|-damage|p1b: Jyranitar|0 fnt\n|faint|p1b: Jyranitar\n|\n|win|rent_b0i\n|raw|CbuttyVGC's rating: 1243 → 1216<\/strong> (-27 for losing)\n|raw|rent_b0i's rating: 1213 → 1240<\/strong> (+27 for winning)\n|c|\u2606rent_b0i|Gg\n|c|\u2606CbuttyVGC|Fancy not using bo1 cheese next time\n|c|\u2606CbuttyVGC|Not gg\n|c|\u2606CbuttyVGC|Bg\n","uploadtime":1683640614,"views":13,"p1id":"cbuttyvgc","p2id":"rentb0i","formatid":"gen9vgc2023regulationc","rating":1216,"private":0,"password":""}