{"id":"gen9vgc2023regulationc-1860359227","p1":"Heatwavegang","p2":"7fig","format":"[Gen 9] VGC 2023 Regulation C","log":"|j|\u2606Heatwavegang\n|j|\u26067fig\n|t:|1683636920\n|gametype|doubles\n|player|p1|Heatwavegang|lucas|1145\n|player|p2|7fig|265|1187\n|teamsize|p1|6\n|teamsize|p2|6\n|gen|9\n|tier|[Gen 9] VGC 2023 Regulation C\n|rated|\n|rule|Species Clause: Limit one of each Pok\u00e9mon\n|rule|Item Clause: Limit one of each item\n|clearpoke\n|poke|p1|Flutter Mane, L50|\n|poke|p1|Amoonguss, L50, F|\n|poke|p1|Iron Hands, L50|\n|poke|p1|Dragapult, L50, F|\n|poke|p1|Arcanine, L50, F|\n|poke|p1|Dondozo, L50, M|\n|poke|p2|Annihilape, L50, F|\n|poke|p2|Murkrow, L50, F|\n|poke|p2|Chi-Yu, L50|\n|poke|p2|Maushold-Four, L50|\n|poke|p2|Iron Bundle, L50|\n|poke|p2|Brute Bonnet, L50|\n|teampreview|4\n|\n|t:|1683636952\n|start\n|switch|p1a: Flutter Mane|Flutter Mane, L50|100\/100\n|switch|p1b: Amoonguss|Amoonguss, L50, F|100\/100\n|switch|p2a: Chi-Yu|Chi-Yu, L50|100\/100\n|switch|p2b: Murkrow|Murkrow, L50, F|100\/100\n|-ability|p2a: Chi-Yu|Beads of Ruin\n|turn|1\n|inactive|Battle timer is ON: inactive players will automatically lose when time's up. (requested by 7fig)\n|\n|t:|1683636982\n|switch|p1b: Arcanine|Arcanine, L50, F|100\/100\n|-ability|p1b: Arcanine|Intimidate|boost\n|-unboost|p2a: Chi-Yu|atk|1\n|-unboost|p2b: Murkrow|atk|1\n|-terastallize|p2a: Chi-Yu|Fire\n|move|p2b: Murkrow|Tailwind|p2b: Murkrow\n|-sidestart|p2: 7fig|move: Tailwind\n|move|p2a: Chi-Yu|Heat Wave|p1a: Flutter Mane|[spread] p1a,p1b\n|-resisted|p1b: Arcanine\n|-damage|p1a: Flutter Mane|11\/100\n|-damage|p1b: Arcanine|67\/100\n|move|p1a: Flutter Mane|Dazzling Gleam|p2b: Murkrow|[spread] p2a,p2b\n|-resisted|p2a: Chi-Yu\n|-supereffective|p2b: Murkrow\n|-damage|p2a: Chi-Yu|81\/100\n|-damage|p2b: Murkrow|20\/100\n|\n|upkeep\n|turn|2\n|inactive|7fig has 30 seconds left.\n|\n|t:|1683637008\n|move|p1a: Flutter Mane|Protect|p1a: Flutter Mane\n|-singleturn|p1a: Flutter Mane|Protect\n|move|p1b: Arcanine|Extreme Speed|p2b: Murkrow\n|-damage|p2b: Murkrow|0 fnt\n|faint|p2b: Murkrow\n|move|p2a: Chi-Yu|Heat Wave|p1a: Flutter Mane|[spread] p1b\n|-activate|p1a: Flutter Mane|move: Protect\n|-resisted|p1b: Arcanine\n|-damage|p1b: Arcanine|33\/100\n|\n|upkeep\n|\n|t:|1683637024\n|switch|p2b: Brute Bonnet|Brute Bonnet, L50|100\/100\n|turn|3\n|inactive|7fig has 30 seconds left.\n|\n|t:|1683637049\n|-end|p1a: Flutter Mane|Protosynthesis|[silent]\n|switch|p1a: Iron Hands|Iron Hands, L50, shiny|100\/100\n|move|p2b: Brute Bonnet|Sucker Punch||[still]\n|-fail|p2b: Brute Bonnet\n|move|p2a: Chi-Yu|Heat Wave|p1a: Iron Hands|[spread] p1a,p1b\n|-resisted|p1b: Arcanine\n|-damage|p1a: Iron Hands|50\/100\n|-damage|p1b: Arcanine|0 fnt\n|-status|p1a: Iron Hands|brn\n|faint|p1b: Arcanine\n|\n|-damage|p1a: Iron Hands|44\/100 brn|[from] brn\n|upkeep\n|\n|t:|1683637064\n|switch|p1b: Amoonguss|Amoonguss, L50, F|100\/100\n|turn|4\n|\n|t:|1683637074\n|-terastallize|p1b: Amoonguss|Water\n|move|p2b: Brute Bonnet|Rage Powder|p2b: Brute Bonnet\n|-singleturn|p2b: Brute Bonnet|move: Rage Powder\n|move|p2a: Chi-Yu|Heat Wave|p1a: Iron Hands|[spread] p1a,p1b\n|-resisted|p1b: Amoonguss\n|-damage|p1a: Iron Hands|0 fnt\n|-damage|p1b: Amoonguss|64\/100\n|faint|p1a: Iron Hands\n|-end|p1a: Iron Hands|Quark Drive|[silent]\n|move|p1b: Amoonguss|Spore|p2b: Brute Bonnet\n|-immune|p2b: Brute Bonnet\n|\n|-sideend|p2: 7fig|move: Tailwind\n|upkeep\n|\n|t:|1683637086\n|switch|p1a: Flutter Mane|Flutter Mane, L50|11\/100\n|turn|5\n|inactive|Heatwavegang has 30 seconds left.\n|inactive|7fig has 30 seconds left.\n|inactive|Heatwavegang has 20 seconds left.\n|\n|t:|1683637123\n|move|p2a: Chi-Yu|Protect|p2a: Chi-Yu\n|-singleturn|p2a: Chi-Yu|Protect\n|move|p2b: Brute Bonnet|Sucker Punch|p1a: Flutter Mane\n|-damage|p1a: Flutter Mane|0 fnt\n|faint|p1a: Flutter Mane\n|-end|p1a: Flutter Mane|Protosynthesis|[silent]\n|move|p1b: Amoonguss|Spore|p2a: Chi-Yu\n|-activate|p2a: Chi-Yu|move: Protect\n|\n|upkeep\n|turn|6\n|-message|Heatwavegang forfeited.\n|\n|win|7fig\n|raw|Heatwavegang's rating: 1145 → 1123<\/strong> (-22 for losing)\n|raw|7fig's rating: 1187 → 1209<\/strong> (+22 for winning)\n|l|\u2606Heatwavegang\n","uploadtime":1683637138,"views":12,"p1id":"heatwavegang","p2id":"7fig","formatid":"gen9vgc2023regulationc","rating":1123,"private":0,"password":""}