{"id":"gen9vgc2023regulationc-1850070318","p1":"jayballester","p2":"Jstardude","format":"[Gen 9] VGC 2023 Regulation C","log":"|j|\u2606jayballester\n|j|\u2606Jstardude\n|t:|1682283921\n|gametype|doubles\n|player|p1|jayballester|riley|\n|player|p2|Jstardude|265|\n|teamsize|p1|6\n|teamsize|p2|6\n|gen|9\n|tier|[Gen 9] VGC 2023 Regulation C\n|rule|Species Clause: Limit one of each Pok\u00e9mon\n|rule|Item Clause: Limit one of each item\n|clearpoke\n|poke|p1|Garganacl, L50, F|\n|poke|p1|Tyranitar, L50, F|\n|poke|p1|Lycanroc, L50, F|\n|poke|p1|Toedscool, L50, F|\n|poke|p1|Palafin, L50, M|\n|poke|p1|Noivern, L50, M|\n|poke|p2|Skeledirge, L50, M|\n|poke|p2|Murkrow, L50, M|\n|poke|p2|Hariyama, L50, M|\n|poke|p2|Baxcalibur, L50, M|\n|poke|p2|Gyarados, L50, M|\n|poke|p2|Tyranitar, L50, F|\n|teampreview|4\n|j| Tuxmux\n|c|\u2606jayballester|time to face your creation\n|\n|t:|1682283982\n|start\n|switch|p1a: damn so bad|Palafin, L50, M|100\/100\n|switch|p1b: actually goated|Noivern, L50, M|100\/100\n|switch|p2a: Murkrow|Murkrow, L50, M|100\/100\n|switch|p2b: Hariyama|Hariyama, L50, M|100\/100\n|-item|p2a: Murkrow|Focus Sash|[from] ability: Frisk|[of] p1b: actually goated|[identify]\n|-item|p2b: Hariyama|Flame Orb|[from] ability: Frisk|[of] p1b: actually goated|[identify]\n|turn|1\n|\n|t:|1682284015\n|move|p1b: actually goated|Protect|p1b: actually goated\n|-singleturn|p1b: actually goated|Protect\n|move|p1a: damn so bad|Protect|p1a: damn so bad\n|-singleturn|p1a: damn so bad|Protect\n|move|p2a: Murkrow|Taunt|p1b: actually goated\n|-activate|p1b: actually goated|move: Protect\n|move|p2b: Hariyama|Ice Punch|p1b: actually goated\n|-activate|p1b: actually goated|move: Protect\n|\n|-status|p2b: Hariyama|brn|[from] item: Flame Orb\n|upkeep\n|turn|2\n|\n|t:|1682284062\n|detailschange|p1a: damn so bad|Palafin-Hero, L50, M\n|switch|p1a: u drafted this fr?|Lycanroc, L50, F|100\/100\n|switch|p2b: Skeledirge|Skeledirge, L50, M|100\/100\n|move|p2a: Murkrow|Thunder Wave|p1b: actually goated\n|-status|p1b: actually goated|par\n|move|p1b: actually goated|Draco Meteor|p2b: Skeledirge\n|-crit|p2b: Skeledirge\n|-damage|p2b: Skeledirge|24\/100\n|-unboost|p1b: actually goated|spa|2\n|\n|-heal|p2b: Skeledirge|30\/100|[from] item: Leftovers\n|upkeep\n|turn|3\n|\n|t:|1682284107\n|switch|p1b: this team sucks|Tyranitar, L50, F|100\/100\n|-weather|Sandstorm|[from] ability: Sand Stream|[of] p1b: this team sucks\n|-terastallize|p2b: Skeledirge|Grass\n|move|p2a: Murkrow|Tailwind|p2a: Murkrow\n|-sidestart|p2: Jstardude|move: Tailwind\n|move|p1a: u drafted this fr?|Rock Slide|p2b: Skeledirge|[spread] p2a,p2b\n|-supereffective|p2a: Murkrow\n|-damage|p2a: Murkrow|17\/100\n|-damage|p2b: Skeledirge|8\/100\n|move|p2b: Skeledirge|Tera Blast|p1a: u drafted this fr?\n|-supereffective|p1a: u drafted this fr?\n|-damage|p1a: u drafted this fr?|4\/100\n|\n|-weather|Sandstorm|[upkeep]\n|-damage|p2a: Murkrow|11\/100|[from] Sandstorm\n|-damage|p2b: Skeledirge|2\/100|[from] Sandstorm\n|-heal|p2b: Skeledirge|8\/100|[from] item: Leftovers\n|upkeep\n|turn|4\n|\n|t:|1682284143\n|move|p2a: Murkrow|Thunder Wave|p1a: u drafted this fr?\n|-status|p1a: u drafted this fr?|par\n|move|p2b: Skeledirge|Tera Blast|p1b: this team sucks\n|-supereffective|p1b: this team sucks\n|-damage|p1b: this team sucks|35\/100\n|move|p1b: this team sucks|Rock Slide|p2a: Murkrow|[spread] p2a,p2b\n|-supereffective|p2a: Murkrow\n|-crit|p2b: Skeledirge\n|-damage|p2a: Murkrow|0 fnt\n|-damage|p2b: Skeledirge|0 fnt\n|faint|p2a: Murkrow\n|faint|p2b: Skeledirge\n|move|p1a: u drafted this fr?|Rock Slide|p2: Murkrow|[notarget]\n|-fail|p1a: u drafted this fr?\n|\n|-weather|Sandstorm|[upkeep]\n|upkeep\n|\n|t:|1682284157\n|switch|p2a: Hariyama|Hariyama, L50, M|100\/100 brn\n|switch|p2b: Gyarados|Gyarados, L50, M|100\/100\n|-ability|p2b: Gyarados|Intimidate|boost\n|-unboost|p1a: u drafted this fr?|atk|1\n|-unboost|p1b: this team sucks|atk|1\n|turn|5\n|\n|t:|1682284180\n|move|p2a: Hariyama|Fake Out|p1a: u drafted this fr?\n|-resisted|p1a: u drafted this fr?\n|-damage|p1a: u drafted this fr?|0 fnt\n|faint|p1a: u drafted this fr?\n|move|p2b: Gyarados|Waterfall|p1b: this team sucks\n|-supereffective|p1b: this team sucks\n|-damage|p1b: this team sucks|0 fnt\n|faint|p1b: this team sucks\n|\n|-weather|Sandstorm|[upkeep]\n|-damage|p2a: Hariyama|95\/100 brn|[from] Sandstorm\n|-damage|p2a: Hariyama|89\/100 brn|[from] brn\n|upkeep\n|\n|t:|1682284188\n|switch|p1a: actually goated|Noivern, L50, M|100\/100 par\n|switch|p1b: damn so bad|Palafin-Hero, L50, M|100\/100\n|-activate|p1b: damn so bad|ability: Zero to Hero\n|-item|p2a: Hariyama|Flame Orb|[from] ability: Frisk|[of] p1a: actually goated|[identify]\n|-item|p2b: Gyarados|Safety Goggles|[from] ability: Frisk|[of] p1a: actually goated|[identify]\n|turn|6\n|\n|t:|1682284205\n|move|p2a: Hariyama|Protect|p2a: Hariyama\n|-singleturn|p2a: Hariyama|Protect\n|move|p1b: damn so bad|Protect|p1b: damn so bad\n|-singleturn|p1b: damn so bad|Protect\n|move|p2b: Gyarados|Thunder Wave|p1b: damn so bad\n|-activate|p1b: damn so bad|move: Protect\n|move|p1a: actually goated|Draco Meteor|p2b: Gyarados\n|-damage|p2b: Gyarados|51\/100\n|-unboost|p1a: actually goated|spa|2\n|\n|-weather|Sandstorm|[upkeep]\n|-damage|p2a: Hariyama|83\/100 brn|[from] Sandstorm\n|-damage|p1b: damn so bad|95\/100|[from] Sandstorm\n|-damage|p1a: actually goated|95\/100 par|[from] Sandstorm\n|-damage|p2a: Hariyama|77\/100 brn|[from] brn\n|-sideend|p2: Jstardude|move: Tailwind\n|upkeep\n|turn|7\n|\n|t:|1682284238\n|-terastallize|p1b: damn so bad|Water\n|move|p1b: damn so bad|Wave Crash|p2a: Hariyama\n|-damage|p2a: Hariyama|0 fnt\n|faint|p2a: Hariyama\n|-damage|p1b: damn so bad|61\/100|[from] Recoil\n|move|p2b: Gyarados|Thunder Wave|p1b: damn so bad\n|-status|p1b: damn so bad|par\n|move|p1a: actually goated|Draco Meteor|p2b: Gyarados\n|-damage|p2b: Gyarados|27\/100\n|-unboost|p1a: actually goated|spa|2\n|\n|-weather|none\n|upkeep\n|turn|8\n|c|\u2606Jstardude|Damn\n|\n|t:|1682284257\n|move|p1b: damn so bad|Jet Punch|p2b: Gyarados\n|-resisted|p2b: Gyarados\n|-damage|p2b: Gyarados|0 fnt\n|faint|p2b: Gyarados\n|\n|win|jayballester\n|c|\u2606Jstardude|Palafin damage\n|c|\u2606jayballester|yee\n","uploadtime":1682284266,"views":11,"p1id":"jayballester","p2id":"jstardude","formatid":"gen9vgc2023regulationc","rating":0,"private":0,"password":""}