{"id":"gen9vgc2023regulationc-1857127224","p1":"Beauty Devon","p2":"Kirovzvik","format":"[Gen 9] VGC 2023 Regulation C","log":"|j|\u2606Beauty Devon\n|j|\u2606Kirovzvik\n|t:|1683148559\n|gametype|doubles\n|player|p1|Beauty Devon|dahlia|1000\n|player|p2|Kirovzvik|lance|1037\n|teamsize|p1|4\n|teamsize|p2|6\n|gen|9\n|tier|[Gen 9] VGC 2023 Regulation C\n|rated|\n|rule|Species Clause: Limit one of each Pok\u00e9mon\n|rule|Item Clause: Limit one of each item\n|clearpoke\n|poke|p1|Wugtrio, L50, M|\n|poke|p1|Annihilape, L50, M|\n|poke|p1|Chien-Pao, L50|\n|poke|p1|Dragonite, L50, F|\n|poke|p2|Dondozo, L50, F|\n|poke|p2|Tatsugiri-Stretchy, L50, F|\n|poke|p2|Chi-Yu, L50|\n|poke|p2|Flutter Mane, L50|\n|poke|p2|Dragonite, L50, M|\n|poke|p2|Glimmora, L50, F|\n|teampreview|4\n|j| Leiothrix\n|\n|t:|1683148580\n|start\n|switch|p1a: Wugtrio|Wugtrio, L50, M|100\/100\n|switch|p1b: Annihilape|Annihilape, L50, M|100\/100\n|switch|p2a: Dondozo|Dondozo, L50, F|100\/100\n|switch|p2b: Glimmora|Glimmora, L50, F|100\/100\n|turn|1\n|\n|t:|1683148594\n|move|p1b: Annihilape|Final Gambit|p2a: Dondozo\n|-damage|p2a: Dondozo|16\/100\n|-enditem|p2a: Dondozo|Sitrus Berry|[eat]\n|-heal|p2a: Dondozo|41\/100|[from] item: Sitrus Berry\n|faint|p1b: Annihilape\n|move|p1a: Wugtrio|Final Gambit|p2b: Glimmora\n|-damage|p2b: Glimmora|11\/100\n|faint|p1a: Wugtrio\n|move|p2b: Glimmora|Toxic|p1: Wugtrio|[notarget]\n|-fail|p2b: Glimmora\n|move|p2a: Dondozo|Yawn|p1: Wugtrio|[notarget]\n|-fail|p2a: Dondozo\n|\n|upkeep\n|\n|t:|1683148610\n|switch|p1a: Chien-Pao|Chien-Pao, L50|100\/100\n|switch|p1b: Dragonite|Dragonite, L50, F|100\/100\n|-ability|p1a: Chien-Pao|Sword of Ruin\n|turn|2\n|\n|t:|1683148623\n|move|p2b: Glimmora|Spiky Shield|p2b: Glimmora\n|-singleturn|p2b: Glimmora|move: Protect\n|move|p2a: Dondozo|Protect|p2a: Dondozo\n|-singleturn|p2a: Dondozo|Protect\n|move|p1a: Chien-Pao|Crunch|p2a: Dondozo\n|-activate|p2a: Dondozo|move: Protect\n|move|p1b: Dragonite|Dragon Dance|p1b: Dragonite\n|-boost|p1b: Dragonite|atk|1\n|-boost|p1b: Dragonite|spe|1\n|\n|upkeep\n|turn|3\n|\n|t:|1683148646\n|-terastallize|p1b: Dragonite|Electric\n|move|p1a: Chien-Pao|Ice Spinner|p2a: Dondozo\n|-resisted|p2a: Dondozo\n|-damage|p2a: Dondozo|19\/100\n|-damage|p1a: Chien-Pao|91\/100|[from] item: Life Orb\n|move|p2b: Glimmora|Toxic|p1b: Dragonite\n|-status|p1b: Dragonite|tox\n|move|p1b: Dragonite|Tera Blast|p2a: Dondozo\n|-supereffective|p2a: Dondozo\n|-damage|p2a: Dondozo|0 fnt\n|faint|p2a: Dondozo\n|\n|-damage|p1b: Dragonite|94\/100 tox|[from] psn\n|upkeep\n|\n|t:|1683148669\n|switch|p2a: Tatsugiri|Tatsugiri-Stretchy, L50, F|100\/100\n|turn|4\n|\n|t:|1683148678\n|-terastallize|p2a: Tatsugiri|Ghost\n|move|p1a: Chien-Pao|Ice Spinner|p2a: Tatsugiri\n|-damage|p2a: Tatsugiri|0 fnt\n|faint|p2a: Tatsugiri\n|-damage|p1a: Chien-Pao|81\/100|[from] item: Life Orb\n|move|p2b: Glimmora|Power Gem|p1a: Chien-Pao\n|-supereffective|p1a: Chien-Pao\n|-crit|p1a: Chien-Pao\n|-damage|p1a: Chien-Pao|0 fnt\n|faint|p1a: Chien-Pao\n|move|p1b: Dragonite|Tera Blast|p2b: Glimmora\n|-damage|p2b: Glimmora|0 fnt\n|-activate|p2b: Glimmora|ability: Toxic Debris\n|-sidestart|p1: Beauty Devon|move: Toxic Spikes\n|faint|p2b: Glimmora\n|\n|-heal|p1b: Dragonite|100\/100 tox|[from] item: Leftovers\n|-damage|p1b: Dragonite|88\/100 tox|[from] psn\n|upkeep\n|\n|t:|1683148692\n|switch|p2b: Flutter Mane|Flutter Mane, L50|100\/100\n|-enditem|p2b: Flutter Mane|Booster Energy\n|-activate|p2b: Flutter Mane|ability: Protosynthesis|[fromitem]\n|-start|p2b: Flutter Mane|protosynthesisspe\n|turn|5\n|\n|t:|1683148702\n|move|p2b: Flutter Mane|Protect|p2b: Flutter Mane\n|-singleturn|p2b: Flutter Mane|Protect\n|move|p1b: Dragonite|Tera Blast|p2b: Flutter Mane\n|-activate|p2b: Flutter Mane|move: Protect\n|\n|-heal|p1b: Dragonite|94\/100 tox|[from] item: Leftovers\n|-damage|p1b: Dragonite|76\/100 tox|[from] psn\n|upkeep\n|turn|6\n|\n|t:|1683148709\n|move|p2b: Flutter Mane|Hex|p1b: Dragonite\n|-damage|p1b: Dragonite|0 fnt\n|faint|p1b: Dragonite\n|\n|win|Kirovzvik\n|raw|Beauty Devon's rating: 1000 → 1000<\/strong> (+0 for losing)\n|raw|Kirovzvik's rating: 1037 → 1068<\/strong> (+31 for winning)\n|l|\u2606Beauty Devon\n|l|\u2606Kirovzvik\n","uploadtime":1683148714,"views":9,"p1id":"beautydevon","p2id":"kirovzvik","formatid":"gen9vgc2023regulationc","rating":1000,"private":0,"password":""}