{"id":"gen9vgc2023regulationc-1848970374","p1":"NoodleDude2355","p2":"Chi-Yuh","format":"[Gen 9] VGC 2023 Regulation C","log":"|j|\u2606NoodleDude2355\n|j|\u2606Chi-Yuh\n|t:|1682132716\n|gametype|doubles\n|player|p1|NoodleDude2355|bruno|1076\n|player|p2|Chi-Yuh|169|1104\n|teamsize|p1|6\n|teamsize|p2|6\n|gen|9\n|tier|[Gen 9] VGC 2023 Regulation C\n|rated|\n|rule|Species Clause: Limit one of each Pok\u00e9mon\n|rule|Item Clause: Limit one of each item\n|clearpoke\n|poke|p1|Farigiraf, L50, F|\n|poke|p1|Wo-Chien, L50|\n|poke|p1|Garganacl, L50, F|\n|poke|p1|Iron Hands, L50|\n|poke|p1|Palafin, L50, F|\n|poke|p1|Scream Tail, L50|\n|poke|p2|Ting-Lu, L50|\n|poke|p2|Arcanine, L50, M|\n|poke|p2|Flapple, L50, F|\n|poke|p2|Espathra, L50, F|\n|poke|p2|Iron Bundle, L50|\n|poke|p2|Sandy Shocks, L50|\n|teampreview|4\n|inactive|Battle timer is ON: inactive players will automatically lose when time's up. (requested by NoodleDude2355)\n|\n|t:|1682132745\n|start\n|switch|p1a: Wo-Chien|Wo-Chien, L50|100\/100\n|switch|p1b: Farigiraf|Farigiraf, L50, F|100\/100\n|switch|p2a: Sandy Shocks|Sandy Shocks, L50|100\/100\n|switch|p2b: Espathra|Espathra, L50, F|100\/100\n|-ability|p1a: Wo-Chien|Tablets of Ruin\n|-enditem|p2a: Sandy Shocks|Booster Energy\n|-activate|p2a: Sandy Shocks|ability: Protosynthesis|[fromitem]\n|-start|p2a: Sandy Shocks|protosynthesisspe\n|turn|1\n|\n|t:|1682132763\n|move|p2a: Sandy Shocks|Gravity|p2a: Sandy Shocks\n|-fieldstart|move: Gravity\n|move|p2b: Espathra|Hypnosis|p1b: Farigiraf\n|-status|p1b: Farigiraf|slp|[from] move: Hypnosis\n|move|p1a: Wo-Chien|Ingrain|p1a: Wo-Chien\n|-start|p1a: Wo-Chien|move: Ingrain\n|cant|p1b: Farigiraf|slp\n|\n|-ability|p2b: Espathra|Speed Boost|boost\n|-boost|p2b: Espathra|spe|1\n|upkeep\n|turn|2\n|\n|t:|1682132780\n|-end|p2a: Sandy Shocks|Protosynthesis|[silent]\n|switch|p2a: Flapple|Flapple, L50, F|100\/100\n|move|p2b: Espathra|Hypnosis|p1a: Wo-Chien\n|-status|p1a: Wo-Chien|slp|[from] move: Hypnosis\n|cant|p1a: Wo-Chien|slp\n|cant|p1b: Farigiraf|slp\n|\n|-ability|p2b: Espathra|Speed Boost|boost\n|-boost|p2b: Espathra|spe|1\n|upkeep\n|turn|3\n|\n|t:|1682132802\n|-terastallize|p2a: Flapple|Grass\n|move|p2b: Espathra|Dazzling Gleam|p1b: Farigiraf|[spread] p1a,p1b\n|-supereffective|p1a: Wo-Chien\n|-damage|p1a: Wo-Chien|86\/100 slp\n|-damage|p1b: Farigiraf|91\/100 slp\n|move|p2a: Flapple|Grav Apple|p1b: Farigiraf\n|-damage|p1b: Farigiraf|0 fnt\n|faint|p1b: Farigiraf\n|cant|p1a: Wo-Chien|slp\n|\n|-heal|p1a: Wo-Chien|93\/100 slp|[from] Ingrain\n|-ability|p2b: Espathra|Speed Boost|boost\n|-boost|p2b: Espathra|spe|1\n|upkeep\n|\n|t:|1682132816\n|switch|p1b: Scream Tail|Scream Tail, L50|100\/100\n|-enditem|p1b: Scream Tail|Booster Energy\n|-activate|p1b: Scream Tail|ability: Protosynthesis|[fromitem]\n|-start|p1b: Scream Tail|protosynthesisspe\n|turn|4\n|\n|t:|1682132832\n|move|p2b: Espathra|Hypnosis|p1b: Scream Tail\n|-status|p1b: Scream Tail|slp|[from] move: Hypnosis\n|move|p2a: Flapple|Grav Apple|p1b: Scream Tail\n|-damage|p1b: Scream Tail|14\/100 slp\n|-unboost|p1b: Scream Tail|def|1\n|-curestatus|p1a: Wo-Chien|slp|[msg]\n|move|p1a: Wo-Chien|Leech Seed|p2b: Espathra\n|-start|p2b: Espathra|move: Leech Seed\n|cant|p1b: Scream Tail|slp\n|\n|-heal|p1a: Wo-Chien|100\/100|[from] Ingrain\n|-damage|p2b: Espathra|88\/100|[from] Leech Seed|[of] p1a: Wo-Chien\n|-ability|p2b: Espathra|Speed Boost|boost\n|-boost|p2b: Espathra|spe|1\n|upkeep\n|turn|5\n|\n|t:|1682132853\n|switch|p2b: Iron Bundle|Iron Bundle, L50|100\/100\n|move|p1a: Wo-Chien|Protect|p1a: Wo-Chien\n|-singleturn|p1a: Wo-Chien|Protect\n|move|p2a: Flapple|Grav Apple|p1b: Scream Tail\n|-damage|p1b: Scream Tail|0 fnt\n|faint|p1b: Scream Tail\n|-end|p1b: Scream Tail|Protosynthesis|[silent]\n|\n|-fieldend|move: Gravity\n|upkeep\n|\n|t:|1682132861\n|switch|p1b: Iron Hands|Iron Hands, L50|100\/100\n|turn|6\n|\n|t:|1682132880\n|move|p2b: Iron Bundle|Protect|p2b: Iron Bundle\n|-singleturn|p2b: Iron Bundle|Protect\n|move|p2a: Flapple|Protect|p2a: Flapple\n|-singleturn|p2a: Flapple|Protect\n|move|p1a: Wo-Chien|Leech Seed|p2b: Iron Bundle\n|-activate|p2b: Iron Bundle|move: Protect\n|move|p1b: Iron Hands|Drain Punch|p2b: Iron Bundle\n|-activate|p2b: Iron Bundle|move: Protect\n|\n|upkeep\n|turn|7\n|\n|t:|1682132902\n|move|p2b: Iron Bundle|Freeze-Dry|p1a: Wo-Chien\n|-supereffective|p1a: Wo-Chien\n|-damage|p1a: Wo-Chien|42\/100\n|-status|p1a: Wo-Chien|frz\n|-damage|p2b: Iron Bundle|91\/100|[from] item: Life Orb\n|move|p2a: Flapple|Dragon Rush|p1a: Wo-Chien\n|-damage|p1a: Wo-Chien|0 fnt\n|faint|p1a: Wo-Chien\n|move|p1b: Iron Hands|Drain Punch|p2b: Iron Bundle\n|-supereffective|p2b: Iron Bundle\n|-damage|p2b: Iron Bundle|0 fnt\n|faint|p2b: Iron Bundle\n|-end|p2b: Iron Bundle|Quark Drive|[silent]\n|\n|upkeep\n|\n|t:|1682132917\n|switch|p2b: Sandy Shocks|Sandy Shocks, L50|100\/100\n|turn|8\n|\n|t:|1682132923\n|move|p2b: Sandy Shocks|Gravity|p2b: Sandy Shocks\n|-fieldstart|move: Gravity\n|move|p2a: Flapple|Grav Apple|p1b: Iron Hands\n|-damage|p1b: Iron Hands|12\/100\n|-unboost|p1b: Iron Hands|def|1\n|move|p1b: Iron Hands|Drain Punch|p2b: Sandy Shocks\n|-damage|p2b: Sandy Shocks|36\/100\n|-heal|p1b: Iron Hands|35\/100|[from] drain|[of] p2b: Sandy Shocks\n|\n|upkeep\n|turn|9\n|-message|NoodleDude2355 forfeited.\n|\n|win|Chi-Yuh\n|raw|NoodleDude2355's rating: 1076 → 1056<\/strong> (-20 for losing)\n|raw|Chi-Yuh's rating: 1104 → 1127<\/strong> (+23 for winning)\n|l|\u2606NoodleDude2355\n","uploadtime":1682132943,"views":11,"p1id":"noodledude2355","p2id":"chiyuh","formatid":"gen9vgc2023regulationc","rating":1056,"private":0,"password":""}