{"id":"gen9vgc2023regulationc-1854094498","p1":"qiin5","p2":"xqiht","format":"[Gen 9] VGC 2023 Regulation C","log":"|j|\u2606qiin5\n|j|\u2606xqiht\n|t:|1682768232\n|gametype|doubles\n|player|p1|qiin5|policeman|\n|player|p2|xqiht|elesa-masters|\n|teamsize|p1|6\n|teamsize|p2|6\n|gen|9\n|tier|[Gen 9] VGC 2023 Regulation C\n|rule|Species Clause: Limit one of each Pok\u00e9mon\n|rule|Item Clause: Limit one of each item\n|clearpoke\n|poke|p1|Amoonguss, L50, M|\n|poke|p1|Arcanine, L50, F|\n|poke|p1|Palafin, L50, M|\n|poke|p1|Ting-Lu, L50|\n|poke|p1|Flutter Mane, L50|\n|poke|p1|Baxcalibur, L50, M|\n|poke|p2|Palafin, L50, F|\n|poke|p2|Chien-Pao, L50|\n|poke|p2|Dragapult, L50, F|\n|poke|p2|Amoonguss, L50, M|\n|poke|p2|Arcanine, L50, F|\n|poke|p2|Flutter Mane, L50|\n|teampreview|4\n|c|\u2606qiin5|2\nqiin5 has agreed to open team sheets.\nxqiht has agreed to open team sheets.\n|\n|t:|1682768547\n|start\n|switch|p1a: Baxcalibur|Baxcalibur, L50, M|100\/100\n|switch|p1b: Palafin|Palafin, L50, M|100\/100\n|switch|p2a: WoChien|Amoonguss, L50, M|100\/100\n|switch|p2b: Dnite|Dragapult, L50, F|100\/100\n|turn|1\n|inactive|Battle timer is ON: inactive players will automatically lose when time's up. (requested by xqiht)\n|\n|t:|1682768606\n|-terastallize|p1a: Baxcalibur|Poison\n|move|p2a: WoChien|Rage Powder|p2a: WoChien\n|-singleturn|p2a: WoChien|move: Rage Powder\n|move|p2b: Dnite|Dragon Darts|p1a: Baxcalibur\n|-damage|p1a: Baxcalibur|66\/100\n|-anim|p2b: Dnite|Dragon Darts|p1b: Palafin\n|-damage|p1b: Palafin|61\/100\n|move|p1b: Palafin|Wave Crash|p2a: WoChien\n|-resisted|p2a: WoChien\n|-damage|p2a: WoChien|76\/100\n|-damage|p1b: Palafin|52\/100|[from] Recoil\n|move|p1a: Baxcalibur|Glaive Rush|p2a: WoChien\n|-damage|p2a: WoChien|16\/100\n|-singlemove|p1a: Baxcalibur|Glaive Rush|[silent]\n|-enditem|p2a: WoChien|Sitrus Berry|[eat]\n|-heal|p2a: WoChien|41\/100|[from] item: Sitrus Berry\n|\n|upkeep\n|turn|2\n|inactive|xqiht has 30 seconds left.\n|inactive|xqiht has 20 seconds left.\n|inactive|xqiht has 15 seconds left.\n|inactive|xqiht has 10 seconds left.\n|\n|t:|1682768654\n|switch|p2a: Bundle|Chien-Pao, L50|100\/100\n|-ability|p2a: Bundle|Sword of Ruin\n|move|p1b: Palafin|Protect|p1b: Palafin\n|-singleturn|p1b: Palafin|Protect\n|move|p1a: Baxcalibur|Protect|p1a: Baxcalibur\n|-singleturn|p1a: Baxcalibur|Protect\n|move|p2b: Dnite|Dragon Darts|p1a: Baxcalibur\n|-activate|p1b: Palafin|move: Protect\n|\n|upkeep\n|turn|3\n|inactive|xqiht has 30 seconds left.\n|inactive|qiin5 has 30 seconds left.\n|inactive|xqiht has 20 seconds left.\n|inactive|xqiht has 15 seconds left.\n|inactive|qiin5 has 20 seconds left.\n|inactive|xqiht has 10 seconds left.\n|inactive|qiin5 has 15 seconds left.\n|\n|t:|1682768708\n|switch|p1a: Arcanine|Arcanine, L50, F|100\/100\n|-ability|p1a: Arcanine|Intimidate|boost\n|-unboost|p2a: Bundle|atk|1\n|-fail|p2b: Dnite|unboost|[from] ability: Clear Body|[of] p2b: Dnite\n|-terastallize|p2b: Dnite|Steel\n|move|p2b: Dnite|Dragon Darts|p1a: Arcanine\n|-damage|p1a: Arcanine|50\/100\n|-anim|p2b: Dnite|Dragon Darts|p1b: Palafin\n|-damage|p1b: Palafin|0 fnt\n|faint|p1b: Palafin\n|move|p2a: Bundle|Ice Spinner|p1a: Arcanine\n|-resisted|p1a: Arcanine\n|-damage|p1a: Arcanine|32\/100\n|\n|upkeep\n|\n|t:|1682768726\n|switch|p1b: Flutter Mane|Flutter Mane, L50|100\/100\n|turn|4\n|\n|t:|1682768750\n|move|p1a: Arcanine|Protect|p1a: Arcanine\n|-singleturn|p1a: Arcanine|Protect\n|move|p2b: Dnite|Dragon Darts|p1a: Arcanine\n|-immune|p1b: Flutter Mane\n|move|p2a: Bundle|Ice Spinner|p1b: Flutter Mane\n|-damage|p1b: Flutter Mane|46\/100\n|move|p1b: Flutter Mane|Dazzling Gleam|p2a: Bundle|[spread] p2a,p2b\n|-supereffective|p2a: Bundle\n|-resisted|p2b: Dnite\n|-enditem|p2a: Bundle|Focus Sash\n|-damage|p2a: Bundle|1\/100\n|-damage|p2b: Dnite|70\/100\n|\n|upkeep\n|turn|5\n|\n|t:|1682768772\n|move|p2a: Bundle|Sucker Punch|p1b: Flutter Mane\n|-damage|p1b: Flutter Mane|2\/100\n|move|p2b: Dnite|Dragon Darts|p1a: Arcanine\n|-damage|p1a: Arcanine|0 fnt\n|faint|p1a: Arcanine\n|move|p1b: Flutter Mane|Dazzling Gleam|p2b: Dnite|[spread] p2a,p2b\n|-supereffective|p2a: Bundle\n|-resisted|p2b: Dnite\n|-damage|p2a: Bundle|0 fnt\n|-damage|p2b: Dnite|43\/100\n|faint|p2a: Bundle\n|\n|upkeep\n|\n|t:|1682768782\n|switch|p2a: WoChien|Amoonguss, L50, M|74\/100\n|switch|p1a: Baxcalibur|Baxcalibur, L50, M, tera:Poison|66\/100\n|turn|6\n|\n|t:|1682768801\n|move|p1a: Baxcalibur|Protect|p1a: Baxcalibur\n|-singleturn|p1a: Baxcalibur|Protect\n|move|p2a: WoChien|Rage Powder|p2a: WoChien\n|-singleturn|p2a: WoChien|move: Rage Powder\n|move|p2b: Dnite|Dragon Darts|p1a: Baxcalibur\n|-immune|p1b: Flutter Mane\n|move|p1b: Flutter Mane|Dazzling Gleam|p2a: WoChien|[spread] p2a,p2b\n|-resisted|p2a: WoChien\n|-resisted|p2b: Dnite\n|-damage|p2a: WoChien|55\/100\n|-damage|p2b: Dnite|14\/100\n|\n|upkeep\n|turn|7\n|c|\u2606xqiht|gg\n|\n|t:|1682768818\n|move|p2a: WoChien|Rage Powder|p2a: WoChien\n|-singleturn|p2a: WoChien|move: Rage Powder\n|move|p1a: Baxcalibur|Ice Shard|p2a: WoChien\n|-supereffective|p2a: WoChien\n|-damage|p2a: WoChien|14\/100\n|move|p2b: Dnite|Dragon Darts|p1a: Baxcalibur\n|-damage|p1a: Baxcalibur|34\/100\n|-anim|p2b: Dnite|Dragon Darts|p1a: Baxcalibur\n|-damage|p1a: Baxcalibur|0 fnt\n|faint|p1a: Baxcalibur\n|move|p1b: Flutter Mane|Dazzling Gleam|p2a: WoChien|[spread] p2a,p2b\n|-resisted|p2a: WoChien\n|-resisted|p2b: Dnite\n|-damage|p2a: WoChien|0 fnt\n|-damage|p2b: Dnite|0 fnt\n|faint|p2a: WoChien\n|faint|p2b: Dnite\n|\n|upkeep\n|\n|t:|1682768822\n|switch|p2b: Mimi|Flutter Mane, L50|100\/100\n|-enditem|p2b: Mimi|Booster Energy\n|-activate|p2b: Mimi|ability: Protosynthesis|[fromitem]\n|-start|p2b: Mimi|protosynthesisspa\n|turn|8\n|\n|t:|1682768827\n|move|p1b: Flutter Mane|Dazzling Gleam|p2b: Mimi\n|-damage|p2b: Mimi|44\/100\n|move|p2b: Mimi|Shadow Ball|p1b: Flutter Mane\n|-supereffective|p1b: Flutter Mane\n|-damage|p1b: Flutter Mane|0 fnt\n|faint|p1b: Flutter Mane\n|-end|p1b: Flutter Mane|Protosynthesis|[silent]\n|\n|win|xqiht\n|c|\u2606qiin5|gg\n","uploadtime":1682768833,"views":16,"p1id":"qiin5","p2id":"xqiht","formatid":"gen9vgc2023regulationc","rating":0,"private":0,"password":""}