{"id":"gen9vgc2023regulationc-1853171621","p1":"Edro360","p2":"GrundleStan","format":"[Gen 9] VGC 2023 Regulation C","log":"|j|\u2606Edro360\n|j|\u2606GrundleStan\n|t:|1682643983\n|gametype|doubles\n|player|p1|Edro360|170|1186\n|player|p2|GrundleStan|2|1085\n|teamsize|p1|6\n|teamsize|p2|6\n|gen|9\n|tier|[Gen 9] VGC 2023 Regulation C\n|rated|\n|rule|Species Clause: Limit one of each Pok\u00e9mon\n|rule|Item Clause: Limit one of each item\n|clearpoke\n|poke|p1|Chi-Yu, L50|\n|poke|p1|Ceruledge, L50, M|\n|poke|p1|Dachsbun, L50, F|\n|poke|p1|Iron Hands, L50|\n|poke|p1|Maushold-Four, L50|\n|poke|p1|Baxcalibur, L50, M|\n|poke|p2|Azumarill, L50, M|\n|poke|p2|Amoonguss, L50, F|\n|poke|p2|Tauros-Paldea-Blaze, L50, M|\n|poke|p2|Ting-Lu, L50|\n|poke|p2|Baxcalibur, L50, F|\n|poke|p2|Flutter Mane, L50|\n|teampreview|4\n|inactive|Battle timer is ON: inactive players will automatically lose when time's up. (requested by GrundleStan)\nGrundleStan has agreed to open team sheets.\n|c|\u2606GrundleStan|Cool team\n|inactive|Edro360 has 60 seconds left.\n|inactive|GrundleStan has 60 seconds left.\n|\n|t:|1682644025\n|start\n|switch|p1a: Chi-Yu|Chi-Yu, L50|100\/100\n|switch|p1b: Dachsbun|Dachsbun, L50, F|100\/100\n|switch|p2a: Ting-Lu|Ting-Lu, L50|100\/100\n|switch|p2b: Amoonguss|Amoonguss, L50, F|100\/100\n|-ability|p1a: Chi-Yu|Beads of Ruin\n|-ability|p2a: Ting-Lu|Vessel of Ruin\n|turn|1\n|inactive|GrundleStan has 30 seconds left.\n|inactive|GrundleStan has 20 seconds left.\n|inactive|GrundleStan has 15 seconds left.\n|\n|t:|1682644065\n|-terastallize|p1a: Chi-Yu|Bug\n|-terastallize|p2b: Amoonguss|Water\n|move|p1b: Dachsbun|Yawn|p2a: Ting-Lu\n|-start|p2a: Ting-Lu|move: Yawn|[of] p1b: Dachsbun\n|move|p1a: Chi-Yu|Lava Plume|p2b: Amoonguss|[spread] p2a,p2b\n|-ability|p1b: Dachsbun|Well-Baked Body|boost\n|-boost|p1b: Dachsbun|def|2\n|-crit|p2a: Ting-Lu\n|-resisted|p2b: Amoonguss\n|-damage|p2a: Ting-Lu|81\/100\n|-damage|p2b: Amoonguss|89\/100\n|move|p2a: Ting-Lu|Stomping Tantrum|p1a: Chi-Yu\n|-resisted|p1a: Chi-Yu\n|-damage|p1a: Chi-Yu|75\/100\n|move|p2b: Amoonguss|Spore|p1b: Dachsbun\n|-status|p1b: Dachsbun|slp|[from] move: Spore\n|\n|upkeep\n|turn|2\n|inactive|GrundleStan has 30 seconds left.\n|inactive|GrundleStan has 20 seconds left.\n|inactive|GrundleStan has 15 seconds left.\n|inactive|GrundleStan has 10 seconds left.\n|inactive|GrundleStan has 5 seconds left.\n|\n|t:|1682644120\n|cant|p1b: Dachsbun|slp\n|move|p1a: Chi-Yu|Lava Plume|p2b: Amoonguss|[spread] p2a,p2b\n|-ability|p1b: Dachsbun|Well-Baked Body|boost\n|-boost|p1b: Dachsbun|def|2\n|-resisted|p2b: Amoonguss\n|-damage|p2a: Ting-Lu|67\/100\n|-damage|p2b: Amoonguss|77\/100\n|-status|p2a: Ting-Lu|brn\n|move|p2a: Ting-Lu|Stomping Tantrum|p1b: Dachsbun\n|-damage|p1b: Dachsbun|94\/100 slp\n|move|p2b: Amoonguss|Spore|p1a: Chi-Yu\n|-status|p1a: Chi-Yu|slp|[from] move: Spore\n|\n|-damage|p2a: Ting-Lu|61\/100 brn|[from] brn\n|-end|p2a: Ting-Lu|move: Yawn|[silent]\n|upkeep\n|turn|3\n|\n|t:|1682644142\n|cant|p1b: Dachsbun|slp\n|cant|p1a: Chi-Yu|slp\n|move|p2a: Ting-Lu|Heavy Slam|p1b: Dachsbun\n|-supereffective|p1b: Dachsbun\n|-damage|p1b: Dachsbun|79\/100 slp\n|move|p2b: Amoonguss|Pollen Puff|p2a: Ting-Lu\n|-heal|p2a: Ting-Lu|100\/100 brn\n|\n|-damage|p2a: Ting-Lu|94\/100 brn|[from] brn\n|upkeep\n|turn|4\n|\n|t:|1682644159\n|cant|p1b: Dachsbun|slp\n|cant|p1a: Chi-Yu|slp\n|move|p2a: Ting-Lu|Ruination|p1b: Dachsbun\n|-damage|p1b: Dachsbun|40\/100 slp\n|move|p2b: Amoonguss|Spore|p1b: Dachsbun\n|-fail|p1b: Dachsbun|slp\n|\n|-damage|p2a: Ting-Lu|88\/100 brn|[from] brn\n|upkeep\n|turn|5\n|\n|t:|1682644184\n|-curestatus|p1b: Dachsbun|slp|[msg]\n|move|p1b: Dachsbun|Body Press|p2a: Ting-Lu\n|-supereffective|p2a: Ting-Lu\n|-damage|p2a: Ting-Lu|5\/100 brn\n|-curestatus|p1a: Chi-Yu|slp|[msg]\n|move|p1a: Chi-Yu|Lava Plume|p2b: Amoonguss|[spread] p2a,p2b\n|-ability|p1b: Dachsbun|Well-Baked Body|boost\n|-boost|p1b: Dachsbun|def|2\n|-resisted|p2b: Amoonguss\n|-damage|p2a: Ting-Lu|0 fnt\n|-damage|p2b: Amoonguss|67\/100\n|faint|p2a: Ting-Lu\n|move|p2b: Amoonguss|Spore|p1b: Dachsbun\n|-status|p1b: Dachsbun|slp|[from] move: Spore\n|\n|upkeep\n|\n|t:|1682644188\n|switch|p2a: Azumarill|Azumarill, L50, M|100\/100\n|turn|6\n|\n|t:|1682644209\n|move|p1a: Chi-Yu|Protect|p1a: Chi-Yu\n|-singleturn|p1a: Chi-Yu|Protect\n|cant|p1b: Dachsbun|slp\n|move|p2a: Azumarill|Play Rough|p1a: Chi-Yu\n|-activate|p1a: Chi-Yu|move: Protect\n|move|p2b: Amoonguss|Spore|p1a: Chi-Yu\n|-activate|p1a: Chi-Yu|move: Protect\n|\n|upkeep\n|turn|7\n|\n|t:|1682644226\n|-curestatus|p1b: Dachsbun|slp|[msg]\n|move|p1b: Dachsbun|Body Press|p2b: Amoonguss\n|-damage|p2b: Amoonguss|0 fnt\n|faint|p2b: Amoonguss\n|move|p1a: Chi-Yu|Will-O-Wisp|p2a: Azumarill\n|-status|p2a: Azumarill|brn\n|-enditem|p2a: Azumarill|Lum Berry|[eat]\n|-curestatus|p2a: Azumarill|brn|[msg]\n|move|p2a: Azumarill|Play Rough|p1b: Dachsbun\n|-damage|p1b: Dachsbun|25\/100\n|-enditem|p1b: Dachsbun|Aguav Berry|[eat]\n|-heal|p1b: Dachsbun|58\/100|[from] item: Aguav Berry\n|\n|upkeep\n|c|\u2606GrundleStan|Youre so sexy\n|\n|t:|1682644234\n|switch|p2b: Tauros|Tauros-Paldea-Blaze, L50, M|100\/100\n|-ability|p2b: Tauros|Intimidate|boost\n|-unboost|p1a: Chi-Yu|atk|1\n|-unboost|p1b: Dachsbun|atk|1\n|turn|8\n|inactive|Edro360 has 30 seconds left.\n|\n|t:|1682644261\n|move|p1b: Dachsbun|Draining Kiss|p2b: Tauros\n|-damage|p2b: Tauros|82\/100\n|-heal|p1b: Dachsbun|74\/100|[from] drain|[of] p2b: Tauros\n|move|p2b: Tauros|Flare Blitz|p1a: Chi-Yu\n|-supereffective|p1a: Chi-Yu\n|-damage|p1a: Chi-Yu|0 fnt\n|faint|p1a: Chi-Yu\n|-damage|p2b: Tauros|60\/100|[from] Recoil\n|move|p2a: Azumarill|Play Rough|p1b: Dachsbun\n|-damage|p1b: Dachsbun|59\/100\n|-unboost|p1b: Dachsbun|atk|1\n|\n|upkeep\n|\n|t:|1682644277\n|switch|p1a: Iron Hands|Iron Hands, L50|100\/100\n|turn|9\n|\n|t:|1682644299\n|move|p2b: Tauros|Protect|p2b: Tauros\n|-singleturn|p2b: Tauros|Protect\n|move|p1a: Iron Hands|Fake Out|p2b: Tauros\n|-activate|p2b: Tauros|move: Protect\n|move|p1b: Dachsbun|Body Press|p2b: Tauros\n|-activate|p2b: Tauros|move: Protect\n|move|p2a: Azumarill|Play Rough|p1a: Iron Hands\n|-supereffective|p1a: Iron Hands\n|-damage|p1a: Iron Hands|22\/100\n|\n|upkeep\n|turn|10\n|c|\u2606GrundleStan|Holy shit youre so good\n|\n|t:|1682644316\n|move|p1b: Dachsbun|Body Press|p2b: Tauros\n|-damage|p2b: Tauros|0 fnt\n|faint|p2b: Tauros\n|move|p2a: Azumarill|Play Rough|p1b: Dachsbun\n|-damage|p1b: Dachsbun|44\/100\n|move|p1a: Iron Hands|Wild Charge|p2a: Azumarill\n|-supereffective|p2a: Azumarill\n|-damage|p2a: Azumarill|0 fnt\n|faint|p2a: Azumarill\n|-damage|p1a: Iron Hands|2\/100|[from] Recoil\n|\n|win|Edro360\n|raw|Edro360's rating: 1186 → 1204<\/strong> (+18 for winning)\n|raw|GrundleStan's rating: 1085 → 1069<\/strong> (-16 for losing)\n|c|\u2606GrundleStan|Amazingly done\n","uploadtime":1682644331,"views":7,"p1id":"edro360","p2id":"grundlestan","formatid":"gen9vgc2023regulationc","rating":1069,"private":0,"password":""}