{"id":"gen9vgc2023regulationc-1856479614","p1":"Ugarte Joseph","p2":"LeeroyJ123","format":"[Gen 9] VGC 2023 Regulation C","log":"|j|\u2606Ugarte Joseph\n|j|\u2606LeeroyJ123\n|t:|1683066089\n|gametype|doubles\n|player|p1|Ugarte Joseph|hugh|1116\n|player|p2|LeeroyJ123|102|1036\n|teamsize|p1|6\n|teamsize|p2|6\n|gen|9\n|tier|[Gen 9] VGC 2023 Regulation C\n|rated|\n|rule|Species Clause: Limit one of each Pok\u00e9mon\n|rule|Item Clause: Limit one of each item\n|clearpoke\n|poke|p1|Palafin, L50, F|\n|poke|p1|Flutter Mane, L50|\n|poke|p1|Amoonguss, L50, F|\n|poke|p1|Arcanine, L50, F|\n|poke|p1|Gholdengo, L50|\n|poke|p1|Grimmsnarl, L50, M|\n|poke|p2|Dragalge, L50, M|\n|poke|p2|Tinkaton, L50, F|\n|poke|p2|Bronzong, L50|\n|poke|p2|Torkoal, L50, M|\n|poke|p2|Salamence, L50, F|\n|poke|p2|Stonjourner, L50, F|\n|teampreview|4\n|inactive|Battle timer is ON: inactive players will automatically lose when time's up. (requested by Ugarte Joseph)\n|inactive|Ugarte Joseph has 60 seconds left.\n|inactive|LeeroyJ123 has 60 seconds left.\n|inactive|Ugarte Joseph has 30 seconds left.\n|inactive|LeeroyJ123 has 30 seconds left.\n|inactive|Ugarte Joseph has 20 seconds left.\n|inactive|Ugarte Joseph has 15 seconds left.\n|\n|t:|1683066166\n|start\n|switch|p1a: Arcaneenei|Arcanine, L50, F, shiny|100\/100\n|switch|p1b: I NEEDA HERO!|Palafin, L50, F, shiny|100\/100\n|switch|p2a: Tinkaton|Tinkaton, L50, F|100\/100\n|switch|p2b: Bronzong|Bronzong, L50|100\/100\n|-ability|p1a: Arcaneenei|Intimidate|boost\n|-unboost|p2a: Tinkaton|atk|1\n|-unboost|p2b: Bronzong|atk|1\n|-ability|p2a: Tinkaton|Mold Breaker\n|turn|1\n|inactive|LeeroyJ123 has 30 seconds left.\n|inactive|LeeroyJ123 has 20 seconds left.\n|\n|t:|1683066202\n|detailschange|p1b: I NEEDA HERO!|Palafin-Hero, L50, F, shiny\n|switch|p1b: Get Goobed|Grimmsnarl, L50, M, shiny|100\/100\n|move|p1a: Arcaneenei|Protect|p1a: Arcaneenei\n|-singleturn|p1a: Arcaneenei|Protect\n|move|p2a: Tinkaton|Fake Out|p1a: Arcaneenei\n|-activate|p1a: Arcaneenei|move: Protect\n|move|p2b: Bronzong|Trick Room|p2b: Bronzong\n|-fieldstart|move: Trick Room|[of] p2b: Bronzong\n|\n|upkeep\n|turn|2\n|inactive|LeeroyJ123 has 30 seconds left.\n|\n|t:|1683066234\n|move|p1b: Get Goobed|Reflect|p1b: Get Goobed\n|-sidestart|p1: Ugarte Joseph|Reflect\n|move|p2b: Bronzong|Gyro Ball|p1b: Get Goobed\n|-supereffective|p1b: Get Goobed\n|-damage|p1b: Get Goobed|86\/100\n|move|p2a: Tinkaton|Thunder Wave|p1a: Arcaneenei\n|-status|p1a: Arcaneenei|par\n|move|p1a: Arcaneenei|Will-O-Wisp|p2a: Tinkaton|[miss]\n|-miss|p1a: Arcaneenei|p2a: Tinkaton\n|\n|upkeep\n|turn|3\n|inactive|LeeroyJ123 has 30 seconds left.\n|\n|t:|1683066263\n|switch|p2b: Stonjourner|Stonjourner, L50, F|100\/100\n|move|p1b: Get Goobed|Light Screen|p1b: Get Goobed\n|-sidestart|p1: Ugarte Joseph|move: Light Screen\n|move|p1a: Arcaneenei|Will-O-Wisp|p2a: Tinkaton\n|-status|p2a: Tinkaton|brn\n|move|p2a: Tinkaton|Thunder Wave|p1b: Get Goobed\n|-status|p1b: Get Goobed|par\n|\n|-damage|p2a: Tinkaton|95\/100 brn|[from] brn\n|upkeep\n|turn|4\n|c|\u2606Ugarte Joseph|Don\u2019t recommend twave in a tr team\ud83d\ude02\n|inactive|Ugarte Joseph has 30 seconds left.\n|inactive|LeeroyJ123 has 30 seconds left.\n|inactive|Ugarte Joseph has 20 seconds left.\n|\n|t:|1683066301\n|move|p1b: Get Goobed|Parting Shot|p2b: Stonjourner\n|-unboost|p2b: Stonjourner|atk|1\n|-unboost|p2b: Stonjourner|spa|1\n|\n|t:|1683066307\n|switch|p1b: I NEEDA HERO!|Palafin-Hero, L50, F, shiny|100\/100|[from] Parting Shot\n|-activate|p1b: I NEEDA HERO!|ability: Zero to Hero\n|move|p1a: Arcaneenei|Flare Blitz|p2a: Tinkaton\n|-supereffective|p2a: Tinkaton\n|-damage|p2a: Tinkaton|0 fnt\n|faint|p2a: Tinkaton\n|-damage|p1a: Arcaneenei|71\/100 par|[from] Recoil\n|move|p2b: Stonjourner|Rock Slide|p1a: Arcaneenei|[spread] p1b\n|-miss|p2b: Stonjourner|p1a: Arcaneenei\n|-damage|p1b: I NEEDA HERO!|89\/100\n|\n|upkeep\n|\n|t:|1683066331\n|switch|p2a: Bronzong|Bronzong, L50|100\/100\n|turn|5\n|inactive|LeeroyJ123 has 30 seconds left.\n|\n|t:|1683066363\n|move|p2a: Bronzong|Protect|p2a: Bronzong\n|-singleturn|p2a: Bronzong|Protect\n|move|p1a: Arcaneenei|Protect|p1a: Arcaneenei\n|-singleturn|p1a: Arcaneenei|Protect\n|move|p1b: I NEEDA HERO!|Protect|p1b: I NEEDA HERO!\n|-singleturn|p1b: I NEEDA HERO!|Protect\n|move|p2b: Stonjourner|Protect||[still]\n|-fail|p2b: Stonjourner\n|\n|-fieldend|move: Trick Room\n|upkeep\n|turn|6\n|inactive|LeeroyJ123 has 30 seconds left.\n|inactive|LeeroyJ123 has 20 seconds left.\n|inactive|LeeroyJ123 has 15 seconds left.\n|\n|t:|1683066404\n|-terastallize|p2b: Stonjourner|Rock\n|-terastallize|p1b: I NEEDA HERO!|Water\n|move|p2b: Stonjourner|Rock Slide|p1b: I NEEDA HERO!|[spread] p1a\n|-miss|p2b: Stonjourner|p1b: I NEEDA HERO!\n|-supereffective|p1a: Arcaneenei\n|-damage|p1a: Arcaneenei|28\/100 par\n|move|p1b: I NEEDA HERO!|Wave Crash|p2a: Bronzong\n|-damage|p2a: Bronzong|0 fnt\n|faint|p2a: Bronzong\n|-damage|p1b: I NEEDA HERO!|61\/100|[from] Recoil\n|move|p1a: Arcaneenei|Flare Blitz|p2b: Stonjourner\n|-resisted|p2b: Stonjourner\n|-damage|p2b: Stonjourner|75\/100\n|-damage|p1a: Arcaneenei|20\/100 par|[from] Recoil\n|\n|upkeep\n|\n|t:|1683066421\n|switch|p2a: Torkoal|Torkoal, L50, M|100\/100\n|-weather|SunnyDay|[from] ability: Drought|[of] p2a: Torkoal\n|turn|7\n|\n|t:|1683066437\n|move|p2a: Torkoal|Protect|p2a: Torkoal\n|-singleturn|p2a: Torkoal|Protect\n|cant|p1a: Arcaneenei|par\n|move|p1b: I NEEDA HERO!|Jet Punch|p2b: Stonjourner\n|-supereffective|p2b: Stonjourner\n|-damage|p2b: Stonjourner|29\/100\n|move|p2b: Stonjourner|Rock Slide|p1b: I NEEDA HERO!|[spread] p1a\n|-miss|p2b: Stonjourner|p1b: I NEEDA HERO!\n|-supereffective|p1a: Arcaneenei\n|-damage|p1a: Arcaneenei|0 fnt\n|faint|p1a: Arcaneenei\n|\n|-weather|SunnyDay|[upkeep]\n|upkeep\n|\n|t:|1683066449\n|switch|p1a: Get Goobed|Grimmsnarl, L50, M, shiny|86\/100 par\n|turn|8\n|\n|t:|1683066469\n|move|p2b: Stonjourner|Protect|p2b: Stonjourner\n|-singleturn|p2b: Stonjourner|Protect\n|cant|p1a: Get Goobed|par\n|move|p1b: I NEEDA HERO!|Wave Crash|p2a: Torkoal\n|-supereffective|p2a: Torkoal\n|-damage|p2a: Torkoal|10\/100\n|-damage|p1b: I NEEDA HERO!|36\/100|[from] Recoil\n|move|p2a: Torkoal|Solar Beam||[still]\n|-prepare|p2a: Torkoal|Solar Beam\n|-anim|p2a: Torkoal|Solar Beam|p1b: I NEEDA HERO!\n|-supereffective|p1b: I NEEDA HERO!\n|-damage|p1b: I NEEDA HERO!|0 fnt\n|faint|p1b: I NEEDA HERO!\n|-damage|p2a: Torkoal|0 fnt|[from] item: Life Orb\n|faint|p2a: Torkoal\n|\n|-weather|SunnyDay|[upkeep]\n|upkeep\n|\n|t:|1683066481\n|switch|p1b: Amogus|Amoonguss, L50, F, shiny|100\/100\n|turn|9\n|-message|LeeroyJ123 forfeited.\n|\n|win|Ugarte Joseph\n|raw|Ugarte Joseph's rating: 1116 → 1135<\/strong> (+19 for winning)\n|raw|LeeroyJ123's rating: 1036 → 1024<\/strong> (-12 for losing)\n|l|\u2606LeeroyJ123\n","uploadtime":1683066503,"views":22,"p1id":"ugartejoseph","p2id":"leeroyj123","formatid":"gen9vgc2023regulationc","rating":1024,"private":0,"password":""}