{"id":"gen9vgc2023regulationc-1851106158","p1":"UserOmega","p2":"ARTMDR","format":"[Gen 9] VGC 2023 Regulation C","log":"|j|\u2606UserOmega\n|j|\u2606ARTMDR\n|t:|1682410259\n|gametype|doubles\n|player|p1|UserOmega|youngcouple-gen4dp|1371\n|player|p2|ARTMDR|170|1419\n|teamsize|p1|6\n|teamsize|p2|6\n|gen|9\n|tier|[Gen 9] VGC 2023 Regulation C\n|rated|\n|rule|Species Clause: Limit one of each Pok\u00e9mon\n|rule|Item Clause: Limit one of each item\n|clearpoke\n|poke|p1|Klefki, L50, F|\n|poke|p1|Tyranitar, L50, F|\n|poke|p1|Ting-Lu, L50|\n|poke|p1|Glimmora, L50, F|\n|poke|p1|Annihilape, L50, F|\n|poke|p1|Scream Tail, L50|\n|poke|p2|Flutter Mane, L50|\n|poke|p2|Iron Hands, L50|\n|poke|p2|Arcanine, L50, M|\n|poke|p2|Palafin, L50, M|\n|poke|p2|Maushold-Four, L50|\n|poke|p2|Annihilape, L50, F|\n|teampreview|4\n|\n|t:|1682410297\n|start\n|switch|p1a: Glimmora|Glimmora, L50, F|100\/100\n|switch|p1b: Klefki|Klefki, L50, F|100\/100\n|switch|p2a: Maushold|Maushold-Four, L50|100\/100\n|switch|p2b: Annihilape|Annihilape, L50, F|100\/100\n|turn|1\n|\n|t:|1682410321\n|move|p1b: Klefki|Reflect|p1b: Klefki\n|-sidestart|p1: UserOmega|Reflect\n|move|p1a: Glimmora|Mortal Spin|p2b: Annihilape|[spread] p2a,p2b\n|-resisted|p2b: Annihilape\n|-damage|p2a: Maushold|96\/100\n|-damage|p2b: Annihilape|99\/100\n|-status|p2a: Maushold|psn\n|-status|p2b: Annihilape|psn\n|move|p2a: Maushold|Beat Up|p2b: Annihilape\n|-damage|p2b: Annihilape|97\/100 psn\n|-damage|p2b: Annihilape|94\/100 psn\n|-damage|p2b: Annihilape|93\/100 psn\n|-hitcount|p2b: Annihilape|3\n|move|p2b: Annihilape|Bulk Up|p2b: Annihilape\n|-boost|p2b: Annihilape|atk|1\n|-boost|p2b: Annihilape|def|1\n|\n|-damage|p2a: Maushold|83\/100 psn|[from] psn\n|-damage|p2b: Annihilape|80\/100 psn|[from] psn\n|upkeep\n|turn|2\n|\n|t:|1682410394\n|move|p1a: Glimmora|Energy Ball|p2b: Annihilape\n|-damage|p2b: Annihilape|62\/100 psn\n|move|p2a: Maushold|Super Fang|p1b: Klefki\n|-damage|p1b: Klefki|50\/100\n|move|p2b: Annihilape|Substitute|p2b: Annihilape\n|-start|p2b: Annihilape|Substitute\n|-damage|p2b: Annihilape|37\/100 psn\n|move|p1b: Klefki|Play Rough|p2b: Annihilape\n|-supereffective|p2b: Annihilape\n|-activate|p2b: Annihilape|move: Substitute|[damage]\n|\n|-damage|p2a: Maushold|71\/100 psn|[from] psn\n|-damage|p2b: Annihilape|25\/100 psn|[from] psn\n|upkeep\n|turn|3\n|\n|t:|1682410421\n|move|p1a: Glimmora|Spiky Shield|p1a: Glimmora\n|-singleturn|p1a: Glimmora|move: Protect\n|move|p2a: Maushold|Super Fang|p1a: Glimmora\n|-activate|p1a: Glimmora|move: Protect\n|-damage|p2a: Maushold|59\/100 psn|[from] Spiky Shield|[of] p1a: Glimmora\n|move|p2b: Annihilape|Drain Punch|p1a: Glimmora\n|-activate|p1a: Glimmora|move: Protect\n|-damage|p2b: Annihilape|12\/100 psn|[from] Spiky Shield|[of] p1a: Glimmora\n|move|p1b: Klefki|Play Rough|p2b: Annihilape\n|-supereffective|p2b: Annihilape\n|-end|p2b: Annihilape|Substitute\n|\n|-damage|p2a: Maushold|47\/100 psn|[from] psn\n|-damage|p2b: Annihilape|0 fnt|[from] psn\n|faint|p2b: Annihilape\n|upkeep\n|\n|t:|1682410442\n|switch|p2b: Flutter Mane|Flutter Mane, L50|100\/100\n|turn|4\n|\n|t:|1682410454\n|move|p2b: Flutter Mane|Shadow Ball|p1a: Glimmora\n|-damage|p1a: Glimmora|29\/100\n|-enditem|p1a: Glimmora|Red Card|[of] p2b: Flutter Mane\n|-end|p2b: Flutter Mane|Protosynthesis|[silent]\n|drag|p2b: Iron Hands|Iron Hands, L50|100\/100\n|move|p1a: Glimmora|Sludge Bomb|p2b: Iron Hands\n|-damage|p2b: Iron Hands|85\/100\n|move|p2a: Maushold|Super Fang|p1a: Glimmora\n|-damage|p1a: Glimmora|15\/100\n|-activate|p1a: Glimmora|ability: Toxic Debris\n|-sidestart|p2: ARTMDR|move: Toxic Spikes\n|move|p1b: Klefki|Play Rough|p2b: Iron Hands\n|-supereffective|p2b: Iron Hands\n|-crit|p2b: Iron Hands\n|-damage|p2b: Iron Hands|50\/100\n|-unboost|p2b: Iron Hands|atk|1\n|\n|-damage|p2a: Maushold|35\/100 psn|[from] psn\n|upkeep\n|turn|5\n|\n|t:|1682410483\n|move|p2b: Iron Hands|Fake Out|p1b: Klefki\n|-resisted|p1b: Klefki\n|-damage|p1b: Klefki|47\/100\n|cant|p1b: Klefki|flinch\n|move|p1a: Glimmora|Mortal Spin|p2b: Iron Hands|[spread] p2a,p2b\n|-damage|p2a: Maushold|30\/100 psn\n|-damage|p2b: Iron Hands|48\/100\n|-status|p2b: Iron Hands|psn\n|move|p2a: Maushold|Charm|p1b: Klefki\n|-unboost|p1b: Klefki|atk|2\n|\n|-damage|p2a: Maushold|18\/100 psn|[from] psn\n|-damage|p2b: Iron Hands|36\/100 psn|[from] psn\n|upkeep\n|turn|6\n|\n|t:|1682410506\n|move|p1a: Glimmora|Spiky Shield|p1a: Glimmora\n|-singleturn|p1a: Glimmora|move: Protect\n|move|p2a: Maushold|Follow Me|p2a: Maushold\n|-singleturn|p2a: Maushold|move: Follow Me\n|move|p1b: Klefki|Light Screen|p1b: Klefki\n|-sidestart|p1: UserOmega|move: Light Screen\n|move|p2b: Iron Hands|Drain Punch|p1a: Glimmora\n|-activate|p1a: Glimmora|move: Protect\n|-damage|p2b: Iron Hands|24\/100 psn|[from] Spiky Shield|[of] p1a: Glimmora\n|\n|-damage|p2a: Maushold|5\/100 psn|[from] psn\n|-damage|p2b: Iron Hands|12\/100 psn|[from] psn\n|upkeep\n|turn|7\n|-message|ARTMDR forfeited.\n|\n|win|UserOmega\n|raw|UserOmega's rating: 1371 → 1394<\/strong> (+23 for winning)\n|raw|ARTMDR's rating: 1419 → 1396<\/strong> (-23 for losing)\n|l|\u2606ARTMDR\n","uploadtime":1682410521,"views":8,"p1id":"useromega","p2id":"artmdr","formatid":"gen9vgc2023regulationc","rating":1394,"private":0,"password":""}