{"id":"gen9vgc2023regulationc-1846361969","p1":"200 routes","p2":"aqawa","format":"[Gen 9] VGC 2023 Regulation C","log":"|j|\u2606200 routes\n|j|\u2606aqawa\n|t:|1681834743\n|gametype|doubles\n|player|p1|200 routes|170|1251\n|player|p2|aqawa|102|1232\n|teamsize|p1|6\n|teamsize|p2|6\n|gen|9\n|tier|[Gen 9] VGC 2023 Regulation C\n|rated|\n|rule|Species Clause: Limit one of each Pok\u00e9mon\n|rule|Item Clause: Limit one of each item\n|clearpoke\n|poke|p1|Scizor, L50, F|\n|poke|p1|Iron Bundle, L50|\n|poke|p1|Iron Hands, L50|\n|poke|p1|Baxcalibur, L50, F|\n|poke|p1|Amoonguss, L50, M|\n|poke|p1|Flutter Mane, L50|\n|poke|p2|Kingambit, L50, F|\n|poke|p2|Bellibolt, L50, M|\n|poke|p2|Oranguru, L50, F|\n|poke|p2|Grimmsnarl, L50, M|\n|poke|p2|Gastrodon, L50, M|\n|poke|p2|Flutter Mane, L50|\n|teampreview|4\n|inactive|Battle timer is ON: inactive players will automatically lose when time's up. (requested by 200 routes)\n|\n|t:|1681834792\n|start\n|switch|p1a: Iron Hands|Iron Hands, L50|100\/100\n|switch|p1b: Baxcalibur|Baxcalibur, L50, F|100\/100\n|switch|p2a: Grimmsnarl|Grimmsnarl, L50, M|100\/100\n|switch|p2b: Bag Lady|Flutter Mane, L50, shiny|100\/100\n|turn|1\n|inactive|200 routes has 30 seconds left.\n|inactive|aqawa has 30 seconds left.\n|inactive|200 routes has 20 seconds left.\n|inactive|200 routes has 15 seconds left.\n|inactive|200 routes has 10 seconds left.\n|\n|t:|1681834841\n|move|p2a: Grimmsnarl|Fake Out|p1a: Iron Hands\n|-damage|p1a: Iron Hands|91\/100\n|move|p2b: Bag Lady|Moonblast|p1a: Iron Hands\n|-supereffective|p1a: Iron Hands\n|-damage|p1a: Iron Hands|26\/100\n|move|p1b: Baxcalibur|Icicle Crash|p2b: Bag Lady\n|-damage|p2b: Bag Lady|24\/100\n|cant|p1a: Iron Hands|flinch\n|\n|upkeep\n|turn|2\n|\n|t:|1681834855\n|move|p2a: Grimmsnarl|Fake Tears|p1b: Baxcalibur\n|-fail|p1b: Baxcalibur|unboost|[from] item: Clear Amulet|[of] p1b: Baxcalibur\n|move|p1b: Baxcalibur|Ice Shard|p2b: Bag Lady\n|-damage|p2b: Bag Lady|0 fnt\n|faint|p2b: Bag Lady\n|-end|p2b: Bag Lady|Protosynthesis|[silent]\n|move|p1a: Iron Hands|Heavy Slam|p2a: Grimmsnarl\n|-supereffective|p2a: Grimmsnarl\n|-enditem|p2a: Grimmsnarl|Focus Sash\n|-damage|p2a: Grimmsnarl|1\/100\n|\n|upkeep\n|\n|t:|1681834864\n|switch|p2b: Oranguru|Oranguru, L50, F|100\/100\n|turn|3\n|\n|t:|1681834887\n|move|p2a: Grimmsnarl|Sucker Punch|p1b: Baxcalibur\n|-damage|p1b: Baxcalibur|66\/100\n|move|p1b: Baxcalibur|Ice Shard|p2a: Grimmsnarl\n|-damage|p2a: Grimmsnarl|0 fnt\n|faint|p2a: Grimmsnarl\n|move|p1a: Iron Hands|Drain Punch|p2b: Oranguru\n|-damage|p2b: Oranguru|70\/100\n|-heal|p1a: Iron Hands|38\/100|[from] drain|[of] p2b: Oranguru\n|move|p2b: Oranguru|Trick Room|p2b: Oranguru\n|-fieldstart|move: Trick Room|[of] p2b: Oranguru\n|\n|upkeep\n|\n|t:|1681834896\n|switch|p2a: Bellibolt|Bellibolt, L50, M|100\/100\n|turn|4\n|inactive|200 routes has 30 seconds left.\n|\n|t:|1681834930\n|-terastallize|p2a: Bellibolt|Electric\n|-terastallize|p1a: Iron Hands|Grass\n|move|p2a: Bellibolt|Parabolic Charge|p1b: Baxcalibur|[spread] p1a,p1b\n|-activate|p2b: Oranguru|ability: Telepathy\n|-resisted|p1a: Iron Hands\n|-resisted|p1b: Baxcalibur\n|-damage|p1a: Iron Hands|31\/100\n|-damage|p1b: Baxcalibur|52\/100\n|move|p1a: Iron Hands|Wild Charge|p2a: Bellibolt\n|-resisted|p2a: Bellibolt\n|-damage|p2a: Bellibolt|80\/100\n|-start|p2a: Bellibolt|Charge|Wild Charge|[from] ability: Electromorphosis\n|-damage|p1a: Iron Hands|27\/100|[from] Recoil\n|move|p2b: Oranguru|Foul Play|p1b: Baxcalibur\n|-damage|p1b: Baxcalibur|16\/100\n|move|p1b: Baxcalibur|Glaive Rush|p2a: Bellibolt\n|-crit|p2a: Bellibolt\n|-damage|p2a: Bellibolt|0 fnt\n|-singlemove|p1b: Baxcalibur|Glaive Rush|[silent]\n|faint|p2a: Bellibolt\n|\n|upkeep\n|turn|5\n|-message|aqawa forfeited.\n|\n|win|200 routes\n|raw|200 routes's rating: 1251 → 1275<\/strong> (+24 for winning)\n|raw|aqawa's rating: 1232 → 1208<\/strong> (-24 for losing)\n|l|\u2606aqawa\n","uploadtime":1681834957,"views":16,"p1id":"200routes","p2id":"aqawa","formatid":"gen9vgc2023regulationc","rating":1208,"private":0,"password":""}