{"id":"gen9vgc2023regulationc-1860764500","p1":"AndrwApple","p2":"DanielAcorn","format":"[Gen 9] VGC 2023 Regulation C","log":"|j|\u2606AndrwApple\n|j|\u2606DanielAcorn\n|t:|1683675091\n|gametype|doubles\n|player|p1|AndrwApple|2|1706\n|player|p2|DanielAcorn|101|1759\n|teamsize|p1|6\n|teamsize|p2|6\n|gen|9\n|tier|[Gen 9] VGC 2023 Regulation C\n|rated|\n|rule|Species Clause: Limit one of each Pok\u00e9mon\n|rule|Item Clause: Limit one of each item\n|clearpoke\n|poke|p1|Dragonite, L50, M|\n|poke|p1|Arcanine, L50, M|\n|poke|p1|Iron Bundle, L50|\n|poke|p1|Chien-Pao, L50|\n|poke|p1|Scizor, L50, F|\n|poke|p1|Flutter Mane, L50|\n|poke|p2|Talonflame, L50, M|\n|poke|p2|Flutter Mane, L50|\n|poke|p2|Iron Bundle, L50|\n|poke|p2|Chi-Yu, L50|\n|poke|p2|Amoonguss, L50, M|\n|poke|p2|Great Tusk, L50|\n|teampreview|4\n|inactive|Battle timer is ON: inactive players will automatically lose when time's up. (requested by DanielAcorn)\n|l|\u2606AndrwApple\n|inactive|AndrwApple disconnected and has a minute to reconnect!\n|player|p1|\n|j| Tft boomer4\n|j|\u2606AndrwApple\n|inactive|AndrwApple reconnected and has 45 seconds left.\n|player|p1|AndrwApple|2\n|j| merahmerona\n|j| Therazer456\n|inactive|AndrwApple has 30 seconds left.\n|\n|t:|1683675177\n|start\n|switch|p1a: Dragonite|Dragonite, L50, M|100\/100\n|switch|p1b: Iron Bundle|Iron Bundle, L50|100\/100\n|switch|p2a: Amoonguss|Amoonguss, L50, M|100\/100\n|switch|p2b: Flutter Mane|Flutter Mane, L50|100\/100\n|-enditem|p1b: Iron Bundle|Booster Energy\n|-activate|p1b: Iron Bundle|ability: Quark Drive|[fromitem]\n|-start|p1b: Iron Bundle|quarkdrivespe\n|turn|1\n|\n|t:|1683675196\n|-terastallize|p1a: Dragonite|Flying\n|-terastallize|p2a: Amoonguss|Water\n|move|p2a: Amoonguss|Rage Powder|p2a: Amoonguss\n|-singleturn|p2a: Amoonguss|move: Rage Powder\n|move|p1b: Iron Bundle|Freeze-Dry|p2a: Amoonguss\n|-supereffective|p2a: Amoonguss\n|-damage|p2a: Amoonguss|29\/100\n|move|p2b: Flutter Mane|Dazzling Gleam|p1a: Dragonite|[spread] p1a,p1b\n|-damage|p1a: Dragonite|85\/100\n|-damage|p1b: Iron Bundle|0 fnt\n|faint|p1b: Iron Bundle\n|-end|p1b: Iron Bundle|Quark Drive|[silent]\n|move|p1a: Dragonite|Tera Blast|p2a: Amoonguss\n|-damage|p2a: Amoonguss|0 fnt\n|faint|p2a: Amoonguss\n|\n|upkeep\n|\n|t:|1683675219\n|switch|p1b: Scizor|Scizor, L50, F|100\/100\n|switch|p2a: Great Tusk|Great Tusk, L50|100\/100\n|turn|2\n|\n|t:|1683675233\n|switch|p1b: Arcanine|Arcanine, L50, M|100\/100\n|-ability|p1b: Arcanine|Intimidate|boost\n|-unboost|p2a: Great Tusk|atk|1\n|-unboost|p2b: Flutter Mane|atk|1\n|move|p2a: Great Tusk|Rock Slide|p1b: Arcanine|[spread] p1a,p1b\n|-supereffective|p1a: Dragonite\n|-supereffective|p1b: Arcanine\n|-damage|p1a: Dragonite|53\/100\n|-damage|p1b: Arcanine|72\/100\n|move|p2b: Flutter Mane|Dazzling Gleam|p1a: Dragonite|[spread] p1a,p1b\n|-resisted|p1b: Arcanine\n|-damage|p1a: Dragonite|18\/100\n|-damage|p1b: Arcanine|42\/100\n|move|p1a: Dragonite|Tera Blast|p2a: Great Tusk\n|-supereffective|p2a: Great Tusk\n|-damage|p2a: Great Tusk|6\/100\n|\n|upkeep\n|turn|3\n|\n|t:|1683675254\n|switch|p1b: Scizor|Scizor, L50, F|100\/100\n|move|p1a: Dragonite|Extreme Speed|p2a: Great Tusk\n|-damage|p2a: Great Tusk|0 fnt\n|faint|p2a: Great Tusk\n|-end|p2a: Great Tusk|Protosynthesis|[silent]\n|move|p2b: Flutter Mane|Dazzling Gleam|p1b: Scizor|[spread] p1a,p1b\n|-resisted|p1b: Scizor\n|-damage|p1a: Dragonite|0 fnt\n|-damage|p1b: Scizor|70\/100\n|faint|p1a: Dragonite\n|\n|upkeep\n|inactive|AndrwApple has 30 seconds left.\n|l|\u2606AndrwApple\n|inactive|AndrwApple disconnected and has a minute to reconnect!\n|player|p1|\n|j|\u2606AndrwApple\n|inactive|AndrwApple reconnected and has 25 seconds left.\n|player|p1|AndrwApple|2\n|inactive|AndrwApple has 20 seconds left.\n|inactive|AndrwApple has 15 seconds left.\n|\n|t:|1683675298\n|switch|p2a: Iron Bundle|Iron Bundle, L50|100\/100\n|switch|p1a: Arcanine|Arcanine, L50, M|42\/100\n|-ability|p1a: Arcanine|Intimidate|boost\n|-unboost|p2a: Iron Bundle|atk|1\n|-unboost|p2b: Flutter Mane|atk|1\n|-enditem|p2a: Iron Bundle|Booster Energy\n|-activate|p2a: Iron Bundle|ability: Quark Drive|[fromitem]\n|-start|p2a: Iron Bundle|quarkdrivespe\n|turn|4\n|\n|t:|1683675308\n|move|p1b: Scizor|Bullet Punch|p2b: Flutter Mane\n|-supereffective|p2b: Flutter Mane\n|-damage|p2b: Flutter Mane|0 fnt\n|faint|p2b: Flutter Mane\n|-end|p2b: Flutter Mane|Protosynthesis|[silent]\n|move|p2a: Iron Bundle|Hydro Pump|p1a: Arcanine\n|-supereffective|p1a: Arcanine\n|-damage|p1a: Arcanine|0 fnt\n|faint|p1a: Arcanine\n|\n|upkeep\n|turn|5\n|\n|t:|1683675318\n|move|p2a: Iron Bundle|Protect|p2a: Iron Bundle\n|-singleturn|p2a: Iron Bundle|Protect\n|move|p1b: Scizor|Close Combat|p2a: Iron Bundle\n|-activate|p2a: Iron Bundle|move: Protect\n|\n|upkeep\n|turn|6\n|\n|t:|1683675329\n|move|p2a: Iron Bundle|Hydro Pump|p1b: Scizor\n|-damage|p1b: Scizor|2\/100\n|move|p1b: Scizor|Close Combat|p2a: Iron Bundle\n|-supereffective|p2a: Iron Bundle\n|-damage|p2a: Iron Bundle|0 fnt\n|-unboost|p1b: Scizor|def|1\n|-unboost|p1b: Scizor|spd|1\n|faint|p2a: Iron Bundle\n|-end|p2a: Iron Bundle|Quark Drive|[silent]\n|\n|win|AndrwApple\n|raw|AndrwApple's rating: 1706 → 1729<\/strong> (+23 for winning)\n|raw|DanielAcorn's rating: 1759 → 1736<\/strong> (-23 for losing)\n|c|\u2606AndrwApple|gg\n|c|\u2606DanielAcorn|Gg\n","uploadtime":1683675341,"views":19,"p1id":"andrwapple","p2id":"danielacorn","formatid":"gen9vgc2023regulationc","rating":1729,"private":0,"password":""}