{"id":"gen9vgc2023regulationc-1854702038","p1":"Soolers","p2":"Get Klawfd","format":"[Gen 9] VGC 2023 Regulation C","log":"|j|\u2606Soolers\n|j|\u2606Get Klawfd\n|t:|1682853245\n|gametype|doubles\n|player|p1|Soolers|170|1268\n|player|p2|Get Klawfd|101|1268\n|teamsize|p1|6\n|teamsize|p2|6\n|gen|9\n|tier|[Gen 9] VGC 2023 Regulation C\n|rated|\n|rule|Species Clause: Limit one of each Pok\u00e9mon\n|rule|Item Clause: Limit one of each item\n|clearpoke\n|poke|p1|Iron Moth, L50|\n|poke|p1|Chien-Pao, L50|\n|poke|p1|Arcanine, L50, F|\n|poke|p1|Tauros-Paldea-Aqua, L50, M|\n|poke|p1|Bellibolt, L50, F|\n|poke|p1|Bronzong, L50|\n|poke|p2|Klawf, L50, F|\n|poke|p2|Tyranitar, L50, M|\n|poke|p2|Gastrodon, L50, M|\n|poke|p2|Dragapult, L50, F|\n|poke|p2|Mimikyu, L50, M|\n|poke|p2|Amoonguss, L50, F|\n|teampreview|4\n|\n|t:|1682853265\n|start\n|switch|p1a: Iron Moth|Iron Moth, L50|100\/100\n|switch|p1b: Arcanine|Arcanine, L50, F|100\/100\n|switch|p2a: Dragapult|Dragapult, L50, F|100\/100\n|switch|p2b: Tyranitar|Tyranitar, L50, M|100\/100\n|-ability|p1b: Arcanine|Intimidate|boost\n|-fail|p2a: Dragapult|unboost|[from] ability: Clear Body|[of] p2a: Dragapult\n|-unboost|p2b: Tyranitar|atk|1\n|-weather|Sandstorm|[from] ability: Sand Stream|[of] p2b: Tyranitar\n|turn|1\n|inactive|Battle timer is ON: inactive players will automatically lose when time's up. (requested by Get Klawfd)\n|\n|t:|1682853282\n|move|p2a: Dragapult|Dragon Darts|p1a: Iron Moth\n|-damage|p1a: Iron Moth|38\/100\n|-anim|p2a: Dragapult|Dragon Darts|p1b: Arcanine\n|-damage|p1b: Arcanine|62\/100\n|move|p1a: Iron Moth|Dazzling Gleam|p2b: Tyranitar|[spread] p2a,p2b\n|-supereffective|p2a: Dragapult\n|-supereffective|p2b: Tyranitar\n|-damage|p2a: Dragapult|8\/100\n|-damage|p2b: Tyranitar|59\/100\n|move|p1b: Arcanine|Will-O-Wisp|p2b: Tyranitar\n|-status|p2b: Tyranitar|brn\n|move|p2b: Tyranitar|Rock Blast|p1b: Arcanine\n|-supereffective|p1b: Arcanine\n|-damage|p1b: Arcanine|51\/100\n|-supereffective|p1b: Arcanine\n|-damage|p1b: Arcanine|39\/100\n|-supereffective|p1b: Arcanine\n|-damage|p1b: Arcanine|28\/100\n|-supereffective|p1b: Arcanine\n|-damage|p1b: Arcanine|17\/100\n|-hitcount|p1b: Arcanine|4\n|\n|-weather|Sandstorm|[upkeep]\n|-damage|p2a: Dragapult|2\/100|[from] Sandstorm\n|-damage|p1a: Iron Moth|32\/100|[from] Sandstorm\n|-damage|p2b: Tyranitar|53\/100 brn|[from] brn\n|upkeep\n|turn|2\n|inactive|Soolers has 30 seconds left.\n|inactive|Get Klawfd has 30 seconds left.\n|inactive|Soolers has 20 seconds left.\n|inactive|Get Klawfd has 20 seconds left.\n|inactive|Get Klawfd has 15 seconds left.\n|\n|t:|1682853322\n|switch|p2b: Klawf|Klawf, L50, F|100\/100\n|-terastallize|p2a: Dragapult|Steel\n|move|p1b: Arcanine|Protect|p1b: Arcanine\n|-singleturn|p1b: Arcanine|Protect\n|move|p2a: Dragapult|Dragon Darts|p1a: Iron Moth\n|-damage|p1a: Iron Moth|0 fnt\n|faint|p1a: Iron Moth\n|-end|p1a: Iron Moth|Quark Drive|[silent]\n|\n|-weather|Sandstorm|[upkeep]\n|upkeep\n|\n|t:|1682853332\n|switch|p1a: Chien-Pao|Chien-Pao, L50|100\/100\n|-ability|p1a: Chien-Pao|Sword of Ruin\n|turn|3\n|\n|t:|1682853341\n|move|p1a: Chien-Pao|Sucker Punch|p2a: Dragapult\n|-damage|p2a: Dragapult|0 fnt\n|faint|p2a: Dragapult\n|-damage|p1a: Chien-Pao|91\/100|[from] item: Life Orb\n|move|p2b: Klawf|Rock Slide|p1a: Chien-Pao|[spread] p1a,p1b\n|-supereffective|p1a: Chien-Pao\n|-supereffective|p1b: Arcanine\n|-damage|p1a: Chien-Pao|25\/100\n|-damage|p1b: Arcanine|0 fnt\n|faint|p1b: Arcanine\n|\n|-weather|Sandstorm|[upkeep]\n|-damage|p1a: Chien-Pao|19\/100|[from] Sandstorm\n|upkeep\n|\n|t:|1682853355\n|switch|p2a: Tyranitar|Tyranitar, L50, M|53\/100 brn\n|switch|p1b: Bellibolt|Bellibolt, L50, F|100\/100\n|turn|4\n|\n|t:|1682853369\n|-terastallize|p1b: Bellibolt|Water\n|move|p1a: Chien-Pao|Sucker Punch|p2b: Klawf\n|-damage|p2b: Klawf|39\/100\n|-ability|p2b: Klawf|Anger Shell|boost\n|-boost|p2b: Klawf|atk|1\n|-boost|p2b: Klawf|spa|1\n|-boost|p2b: Klawf|spe|1\n|-unboost|p2b: Klawf|def|1\n|-unboost|p2b: Klawf|spd|1\n|-damage|p1a: Chien-Pao|10\/100|[from] item: Life Orb\n|move|p2b: Klawf|Rock Slide|p1b: Bellibolt|[spread] p1a,p1b\n|-supereffective|p1a: Chien-Pao\n|-damage|p1a: Chien-Pao|0 fnt\n|-damage|p1b: Bellibolt|65\/100\n|-start|p1b: Bellibolt|Charge|Rock Slide|[from] ability: Electromorphosis\n|faint|p1a: Chien-Pao\n|move|p2a: Tyranitar|Rock Blast|p1b: Bellibolt\n|-damage|p1b: Bellibolt|59\/100\n|-start|p1b: Bellibolt|Charge|Rock Blast|[from] ability: Electromorphosis\n|-damage|p1b: Bellibolt|52\/100\n|-start|p1b: Bellibolt|Charge|Rock Blast|[from] ability: Electromorphosis\n|-damage|p1b: Bellibolt|45\/100\n|-start|p1b: Bellibolt|Charge|Rock Blast|[from] ability: Electromorphosis\n|-damage|p1b: Bellibolt|39\/100\n|-start|p1b: Bellibolt|Charge|Rock Blast|[from] ability: Electromorphosis\n|-hitcount|p1b: Bellibolt|4\n|move|p1b: Bellibolt|Muddy Water|p2b: Klawf|[spread] \n|-miss|p1b: Bellibolt|p2a: Tyranitar\n|-miss|p1b: Bellibolt|p2b: Klawf\n|\n|-weather|Sandstorm|[upkeep]\n|-damage|p1b: Bellibolt|33\/100|[from] Sandstorm\n|-damage|p2a: Tyranitar|47\/100 brn|[from] brn\n|upkeep\n|turn|5\n|inactive|Soolers has 30 seconds left.\n|\n|t:|1682853395\n|move|p1b: Bellibolt|Sucker Punch|p2a: Tyranitar\n|-resisted|p2a: Tyranitar\n|-damage|p2a: Tyranitar|43\/100 brn\n|move|p2b: Klawf|Rock Slide|p1b: Bellibolt\n|-damage|p1b: Bellibolt|0 fnt\n|faint|p1b: Bellibolt\n|\n|win|Get Klawfd\n|raw|Soolers's rating: 1268 → 1243<\/strong> (-25 for losing)\n|raw|Get Klawfd's rating: 1268 → 1293<\/strong> (+25 for winning)\n|l|\u2606Soolers\n","uploadtime":1682853425,"views":12,"p1id":"soolers","p2id":"getklawfd","formatid":"gen9vgc2023regulationc","rating":1243,"private":0,"password":""}