{"id":"gen9vgc2023regulationc-1862840247","p1":"LightningLucario","p2":"JJ22FTW","format":"[Gen 9] VGC 2023 Regulation C","log":"|j|\u2606LightningLucario\n|j|\u2606JJ22FTW\n|t:|1683927913\n|gametype|doubles\n|player|p1|LightningLucario|170|\n|player|p2|JJ22FTW|guitarist|\n|teamsize|p1|6\n|teamsize|p2|6\n|gen|9\n|tier|[Gen 9] VGC 2023 Regulation C\n|rule|Species Clause: Limit one of each Pok\u00e9mon\n|rule|Item Clause: Limit one of each item\n|clearpoke\n|poke|p1|Azumarill, L50, M|\n|poke|p1|Flutter Mane, L50|\n|poke|p1|Dragapult, L50, M|\n|poke|p1|Lucario, L50, M|\n|poke|p1|Rotom-Wash, L50|\n|poke|p1|Tyranitar, L50, F|\n|poke|p2|Garchomp, L50, M|\n|poke|p2|Talonflame, L50, F|\n|poke|p2|Scizor, L50, F|\n|poke|p2|Abomasnow, L50, M|\n|poke|p2|Gardevoir, L50, F|\n|poke|p2|Iron Valiant, L50|\n|teampreview|4\n|\n|t:|1683927946\n|start\n|switch|p1a: Whirlpool|Rotom-Wash, L50, shiny|100\/100\n|switch|p1b: Magazine|Dragapult, L50, M, shiny|100\/100\n|switch|p2a: Obama-Snow|Abomasnow, L50, M|100\/100\n|switch|p2b: Skizzors|Scizor, L50, F, shiny|100\/100\n|-weather|Snow|[from] ability: Snow Warning|[of] p2a: Obama-Snow\n|turn|1\n|j| SuperToad916\n|\n|t:|1683927980\n|move|p1b: Magazine|Protect|p1b: Magazine\n|-singleturn|p1b: Magazine|Protect\n|move|p1a: Whirlpool|Reflect|p1a: Whirlpool\n|-sidestart|p1: LightningLucario|Reflect\n|move|p2b: Skizzors|Night Slash|p1b: Magazine\n|-activate|p1b: Magazine|move: Protect\n|move|p2a: Obama-Snow|Aurora Veil|p2a: Obama-Snow\n|-sidestart|p2: JJ22FTW|move: Aurora Veil\n|\n|-weather|Snow|[upkeep]\n|upkeep\n|turn|2\n|\n|t:|1683928024\n|-terastallize|p1b: Magazine|Steel\n|move|p1b: Magazine|Draco Meteor|p2a: Obama-Snow\n|-damage|p2a: Obama-Snow|40\/100\n|-unboost|p1b: Magazine|spa|2\n|-damage|p1b: Magazine|91\/100|[from] item: Life Orb\n|move|p1a: Whirlpool|Light Screen|p1a: Whirlpool\n|-sidestart|p1: LightningLucario|move: Light Screen\n|move|p2b: Skizzors|Night Slash|p1b: Magazine\n|-damage|p1b: Magazine|71\/100\n|move|p2a: Obama-Snow|Blizzard|p1b: Magazine|[spread] p1a,p1b\n|-resisted|p1a: Whirlpool\n|-resisted|p1b: Magazine\n|-damage|p1a: Whirlpool|88\/100\n|-damage|p1b: Magazine|53\/100\n|-status|p1a: Whirlpool|frz\n|\n|-weather|Snow|[upkeep]\n|upkeep\n|turn|3\n|\n|t:|1683928100\n|move|p1b: Magazine|U-turn|p2a: Obama-Snow\n|-supereffective|p2a: Obama-Snow\n|-damage|p2a: Obama-Snow|18\/100\n|-damage|p1b: Magazine|43\/100|[from] item: Life Orb\n|\n|t:|1683928113\n|switch|p1b: Lu|Lucario, L50, M|100\/100|[from] U-turn\n|cant|p1a: Whirlpool|frz\n|move|p2b: Skizzors|Swords Dance|p2b: Skizzors\n|-boost|p2b: Skizzors|atk|2\n|move|p2a: Obama-Snow|Focus Blast|p1b: Lu\n|-supereffective|p1b: Lu\n|-damage|p1b: Lu|33\/100\n|\n|-weather|Snow|[upkeep]\n|upkeep\n|turn|4\n|j| lethalpilot\n|l| lethalpilot\n|j| lethalpilot\n|\n|t:|1683928190\n|switch|p2a: Have Mercy...|Gardevoir, L50, F|100\/100\n|-ability|p2a: Have Mercy...|Inner Focus|[from] ability: Trace|[of] p1b: Lu\n|move|p1b: Lu|Extreme Speed|p2a: Have Mercy...\n|-damage|p2a: Have Mercy...|49\/100\n|move|p2b: Skizzors|Bullet Punch|p1b: Lu\n|-resisted|p1b: Lu\n|-damage|p1b: Lu|17\/100\n|cant|p1a: Whirlpool|frz\n|\n|-weather|Snow|[upkeep]\n|upkeep\n|turn|5\n|\n|t:|1683928221\n|move|p1b: Lu|Extreme Speed|p2a: Have Mercy...\n|-damage|p2a: Have Mercy...|3\/100\n|move|p2b: Skizzors|Bullet Punch|p1b: Lu\n|-resisted|p1b: Lu\n|-damage|p1b: Lu|2\/100\n|move|p2a: Have Mercy...|Dazzling Gleam|p1b: Lu|[spread] p1a,p1b\n|-damage|p1a: Whirlpool|67\/100 frz\n|-damage|p1b: Lu|0 fnt\n|faint|p1b: Lu\n|cant|p1a: Whirlpool|frz\n|\n|-weather|none\n|upkeep\n|\n|t:|1683928246\n|switch|p1b: Magazine|Dragapult, L50, M, shiny, tera:Steel|43\/100\n|turn|6\n|\n|t:|1683928294\n|move|p1b: Magazine|Protect|p1b: Magazine\n|-singleturn|p1b: Magazine|Protect\n|move|p2a: Have Mercy...|Mystical Fire|p1b: Magazine\n|-activate|p1b: Magazine|move: Protect\n|cant|p1a: Whirlpool|frz\n|move|p2b: Skizzors|Night Slash|p1b: Magazine\n|-activate|p1b: Magazine|move: Protect\n|\n|upkeep\n|turn|7\n|\n|t:|1683928316\n|move|p1b: Magazine|Shadow Ball|p2a: Have Mercy...\n|-supereffective|p2a: Have Mercy...\n|-damage|p2a: Have Mercy...|0 fnt\n|faint|p2a: Have Mercy...\n|-damage|p1b: Magazine|34\/100|[from] item: Life Orb\n|cant|p1a: Whirlpool|frz\n|move|p2b: Skizzors|Night Slash|p1b: Magazine\n|-damage|p1b: Magazine|0 fnt\n|faint|p1b: Magazine\n|\n|upkeep\n|\n|t:|1683928334\n|switch|p1b: Flup Moom|Flutter Mane, L50|100\/100\n|switch|p2a: Obama-Snow|Abomasnow, L50, M|18\/100\n|-weather|Snow|[from] ability: Snow Warning|[of] p2a: Obama-Snow\n|turn|8\n|\n|t:|1683928353\n|move|p2b: Skizzors|Bullet Punch|p1b: Flup Moom\n|-supereffective|p1b: Flup Moom\n|-enditem|p1b: Flup Moom|Focus Sash\n|-damage|p1b: Flup Moom|1\/100\n|move|p1b: Flup Moom|Moonblast|p2a: Obama-Snow\n|-damage|p2a: Obama-Snow|0 fnt\n|faint|p2a: Obama-Snow\n|cant|p1a: Whirlpool|frz\n|\n|-weather|Snow|[upkeep]\n|-sideend|p1: LightningLucario|Reflect\n|-sideend|p2: JJ22FTW|move: Aurora Veil\n|upkeep\n|\n|t:|1683928363\n|switch|p2a: IGarTheWaySheChomp|Garchomp, L50, M|100\/100\n|turn|9\n|\n|t:|1683928382\n|move|p2b: Skizzors|Bullet Punch|p1b: Flup Moom\n|-supereffective|p1b: Flup Moom\n|-damage|p1b: Flup Moom|0 fnt\n|faint|p1b: Flup Moom\n|-end|p1b: Flup Moom|Protosynthesis|[silent]\n|move|p2a: IGarTheWaySheChomp|Dragon Claw|p1a: Whirlpool\n|-damage|p1a: Whirlpool|19\/100 frz\n|cant|p1a: Whirlpool|frz\n|\n|-weather|Snow|[upkeep]\n|-sideend|p1: LightningLucario|move: Light Screen\n|upkeep\n|turn|10\n|\n|t:|1683928399\n|move|p2a: IGarTheWaySheChomp|Liquidation|p1a: Whirlpool\n|-resisted|p1a: Whirlpool\n|-damage|p1a: Whirlpool|2\/100 frz\n|cant|p1a: Whirlpool|frz\n|move|p2b: Skizzors|X-Scissor|p1a: Whirlpool\n|-crit|p1a: Whirlpool\n|-damage|p1a: Whirlpool|0 fnt\n|faint|p1a: Whirlpool\n|\n|win|JJ22FTW\n|c| lethalpilot|bro unfreeze the fridge\n|l| SuperToad916\n","uploadtime":1683928476,"views":14,"p1id":"lightninglucario","p2id":"jj22ftw","formatid":"gen9vgc2023regulationc","rating":0,"private":0,"password":""}