{"id":"gen9vgc2023regulationc-1847347788","p1":"Mr.Fabulas","p2":"Hadrian1917","format":"[Gen 9] VGC 2023 Regulation C","log":"|j|\u2606Mr.Fabulas\n|j|\u2606Hadrian1917\n|t:|1681940975\n|gametype|doubles\n|player|p1|Mr.Fabulas|266|1209\n|player|p2|Hadrian1917|brock|1143\n|teamsize|p1|6\n|teamsize|p2|6\n|gen|9\n|tier|[Gen 9] VGC 2023 Regulation C\n|rated|\n|rule|Species Clause: Limit one of each Pok\u00e9mon\n|rule|Item Clause: Limit one of each item\n|clearpoke\n|poke|p1|Flutter Mane, L50|\n|poke|p1|Arcanine, L50, F|\n|poke|p1|Gyarados, L50, F|\n|poke|p1|Iron Hands, L50|\n|poke|p1|Arboliva, L50, F|\n|poke|p1|Volcarona, L50, F|\n|poke|p2|Flutter Mane, L50|\n|poke|p2|Arcanine, L50, F|\n|poke|p2|Baxcalibur, L50, M|\n|poke|p2|Ting-Lu, L50|\n|poke|p2|Gyarados, L50, F|\n|poke|p2|Amoonguss, L50, M|\n|teampreview|4\n|c|\u2606Mr.Fabulas|glhf\n|\n|t:|1681941008\n|start\n|switch|p1a: Arcanine|Arcanine, L50, F, shiny|100\/100\n|switch|p1b: Flutter Mane|Flutter Mane, L50, shiny|100\/100\n|switch|p2a: Arcanine|Arcanine, L50, F|100\/100\n|switch|p2b: Baxcalibur|Baxcalibur, L50, M|100\/100\n|-ability|p2a: Arcanine|Intimidate|boost\n|-unboost|p1a: Arcanine|atk|1\n|-unboost|p1b: Flutter Mane|atk|1\n|-ability|p1a: Arcanine|Intimidate|boost\n|-unboost|p2a: Arcanine|atk|1\n|-fail|p2b: Baxcalibur|unboost|[from] item: Clear Amulet|[of] p2b: Baxcalibur\n|turn|1\n|\n|t:|1681941031\n|-terastallize|p2b: Baxcalibur|Poison\n|move|p1b: Flutter Mane|Moonblast|p2b: Baxcalibur\n|-resisted|p2b: Baxcalibur\n|-damage|p2b: Baxcalibur|71\/100\n|move|p2a: Arcanine|Howl|p2a: Arcanine|[spread] p2a,p2b\n|-boost|p2a: Arcanine|atk|1\n|-boost|p2b: Baxcalibur|atk|1\n|move|p2b: Baxcalibur|Icicle Crash|p1b: Flutter Mane\n|-damage|p1b: Flutter Mane|0 fnt\n|faint|p1b: Flutter Mane\n|-end|p1b: Flutter Mane|Protosynthesis|[silent]\n|move|p1a: Arcanine|Howl|p1a: Arcanine\n|-boost|p1a: Arcanine|atk|1\n|\n|upkeep\n|\n|t:|1681941044\n|switch|p1b: Iron Hands|Iron Hands, L50|100\/100\n|turn|2\n|\n|t:|1681941057\n|move|p2b: Baxcalibur|Protect|p2b: Baxcalibur\n|-singleturn|p2b: Baxcalibur|Protect\n|move|p1b: Iron Hands|Fake Out|p2a: Arcanine\n|-damage|p2a: Arcanine|85\/100\n|cant|p2a: Arcanine|flinch\n|move|p1a: Arcanine|Flare Blitz|p2b: Baxcalibur\n|-activate|p2b: Baxcalibur|move: Protect\n|\n|upkeep\n|turn|3\n|\n|t:|1681941087\n|switch|p2a: Gyarados|Gyarados, L50, F|100\/100\n|-ability|p2a: Gyarados|Intimidate|boost\n|-unboost|p1a: Arcanine|atk|1\n|-unboost|p1b: Iron Hands|atk|1\n|move|p2b: Baxcalibur|Icicle Crash|p1b: Iron Hands\n|-damage|p1b: Iron Hands|53\/100\n|move|p1a: Arcanine|Howl|p1a: Arcanine|[spread] p1a,p1b\n|-boost|p1a: Arcanine|atk|1\n|-boost|p1b: Iron Hands|atk|1\n|move|p1b: Iron Hands|Wild Charge|p2b: Baxcalibur\n|-damage|p2b: Baxcalibur|25\/100\n|-damage|p1b: Iron Hands|43\/100|[from] Recoil\n|\n|upkeep\n|turn|4\n|\n|t:|1681941110\n|switch|p2a: Arcanine|Arcanine, L50, F|85\/100\n|-ability|p2a: Arcanine|Intimidate|boost\n|-unboost|p1a: Arcanine|atk|1\n|-unboost|p1b: Iron Hands|atk|1\n|-terastallize|p1a: Arcanine|Normal\n|move|p1a: Arcanine|Extreme Speed|p2b: Baxcalibur\n|-damage|p2b: Baxcalibur|6\/100\n|move|p2b: Baxcalibur|Icicle Crash|p1b: Iron Hands\n|-damage|p1b: Iron Hands|0 fnt\n|faint|p1b: Iron Hands\n|-end|p1b: Iron Hands|Quark Drive|[silent]\n|\n|upkeep\n|\n|t:|1681941122\n|switch|p1b: Volcarona|Volcarona, L50, F, shiny|100\/100\n|turn|5\n|\n|t:|1681941141\n|move|p1a: Arcanine|Extreme Speed|p2a: Arcanine\n|-damage|p2a: Arcanine|63\/100\n|move|p1b: Volcarona|Heat Wave|p2b: Baxcalibur|[spread] p2a,p2b\n|-resisted|p2a: Arcanine\n|-damage|p2a: Arcanine|47\/100\n|-damage|p2b: Baxcalibur|0 fnt\n|faint|p2b: Baxcalibur\n|move|p2a: Arcanine|Howl|p2a: Arcanine\n|-boost|p2a: Arcanine|atk|1\n|\n|upkeep\n|\n|t:|1681941150\n|switch|p2b: Gyarados|Gyarados, L50, F|100\/100\n|-ability|p2b: Gyarados|Intimidate|boost\n|-unboost|p1a: Arcanine|atk|1\n|-unboost|p1b: Volcarona|atk|1\n|turn|6\n|\n|t:|1681941164\n|move|p1a: Arcanine|Extreme Speed|p2b: Gyarados\n|-crit|p2b: Gyarados\n|-damage|p2b: Gyarados|57\/100\n|move|p1b: Volcarona|Heat Wave|p2b: Gyarados|[spread] p2a,p2b\n|-resisted|p2a: Arcanine\n|-resisted|p2b: Gyarados\n|-crit|p2b: Gyarados\n|-damage|p2a: Arcanine|29\/100\n|-damage|p2b: Gyarados|38\/100\n|-enditem|p2b: Gyarados|Sitrus Berry|[eat]\n|-heal|p2b: Gyarados|63\/100|[from] item: Sitrus Berry\n|move|p2a: Arcanine|Flare Blitz|p1b: Volcarona\n|-damage|p1b: Volcarona|0 fnt\n|faint|p1b: Volcarona\n|-damage|p2a: Arcanine|0 fnt|[from] Recoil\n|faint|p2a: Arcanine\n|move|p2b: Gyarados|Thunder Wave|p1a: Arcanine\n|-status|p1a: Arcanine|par\n|\n|upkeep\n|\n|t:|1681941180\n|switch|p2a: Ting-Lu|Ting-Lu, L50|100\/100\n|-ability|p2a: Ting-Lu|Vessel of Ruin\n|turn|7\n|c|\u2606Mr.Fabulas|gg\n|-message|Mr.Fabulas forfeited.\n|\n|win|Hadrian1917\n|raw|Mr.Fabulas's rating: 1209 → 1179<\/strong> (-30 for losing)\n|raw|Hadrian1917's rating: 1143 → 1173<\/strong> (+30 for winning)\n|l|\u2606Mr.Fabulas\n","uploadtime":1681941200,"views":4,"p1id":"mrfabulas","p2id":"hadrian1917","formatid":"gen9vgc2023regulationc","rating":1173,"private":0,"password":""}