{"id":"gen9vgc2023regulationc-1855194314","p1":"i_eat_oats","p2":"nightamara","format":"[Gen 9] VGC 2023 Regulation C","log":"|j|\u2606i_eat_oats\n|j|\u2606nightamara\n|t:|1682913293\n|gametype|doubles\n|player|p1|i_eat_oats|steven|1236\n|player|p2|nightamara|greta-gen3|1267\n|teamsize|p1|6\n|teamsize|p2|6\n|gen|9\n|tier|[Gen 9] VGC 2023 Regulation C\n|rated|\n|rule|Species Clause: Limit one of each Pok\u00e9mon\n|rule|Item Clause: Limit one of each item\n|clearpoke\n|poke|p1|Garchomp, L50, M|\n|poke|p1|Chien-Pao, L50|\n|poke|p1|Flutter Mane, L50|\n|poke|p1|Iron Bundle, L50|\n|poke|p1|Kingambit, L50, F|\n|poke|p1|Talonflame, L50, M|\n|poke|p2|Scream Tail, L50|\n|poke|p2|Flutter Mane, L50|\n|poke|p2|Ting-Lu, L50|\n|poke|p2|Gothitelle, L50, F|\n|poke|p2|Arcanine, L50, M|\n|poke|p2|Scizor, L50, M|\n|teampreview|4\n|inactive|Battle timer is ON: inactive players will automatically lose when time's up. (requested by i_eat_oats)\nnightamara has agreed to open team sheets.\ni_eat_oats has agreed to open team sheets.\n|inactive|i_eat_oats has 60 seconds left.\n|\n|t:|1682913357\n|start\n|switch|p1a: Killer Bee|Kingambit, L50, F|100\/100\n|switch|p1b: Kisame|Garchomp, L50, M|100\/100\n|switch|p2a: Sung Jinah|Gothitelle, L50, F|100\/100\n|switch|p2b: Scizor|Scizor, L50, M, shiny|100\/100\n|turn|1\n|inactive|nightamara has 30 seconds left.\n|\n|t:|1682913387\n|switch|p2b: Cha Hae In|Flutter Mane, L50|100\/100\n|move|p2a: Sung Jinah|Fake Out|p1a: Killer Bee\n|-resisted|p1a: Killer Bee\n|-damage|p1a: Killer Bee|99\/100\n|move|p1b: Kisame|Rock Slide|p2b: Cha Hae In|[spread] p2a,p2b\n|-crit|p2b: Cha Hae In\n|-damage|p2a: Sung Jinah|80\/100\n|-damage|p2b: Cha Hae In|24\/100\n|cant|p1a: Killer Bee|flinch\n|\n|upkeep\n|turn|2\n|inactive|nightamara has 30 seconds left.\n|\n|t:|1682913415\n|switch|p2a: Go Gunhee|Ting-Lu, L50|100\/100\n|-ability|p2a: Go Gunhee|Vessel of Ruin\n|move|p1b: Kisame|Protect|p1b: Kisame\n|-singleturn|p1b: Kisame|Protect\n|move|p2b: Cha Hae In|Perish Song|p2b: Cha Hae In\n|-start|p1a: Killer Bee|perish3|[silent]\n|-start|p1b: Kisame|perish3|[silent]\n|-start|p2a: Go Gunhee|perish3|[silent]\n|-start|p2b: Cha Hae In|perish3|[silent]\n|-fieldactivate|move: Perish Song\n|move|p1a: Killer Bee|Iron Head|p2b: Cha Hae In\n|-supereffective|p2b: Cha Hae In\n|-damage|p2b: Cha Hae In|0 fnt\n|faint|p2b: Cha Hae In\n|-end|p2b: Cha Hae In|Protosynthesis|[silent]\n|\n|-start|p1b: Kisame|perish3\n|-start|p2a: Go Gunhee|perish3\n|-start|p1a: Killer Bee|perish3\n|upkeep\n|\n|t:|1682913433\n|switch|p2b: Sung Jinah|Gothitelle, L50, F|80\/100\n|turn|3\n|\n|t:|1682913456\n|move|p2b: Sung Jinah|Fake Out|p1a: Killer Bee\n|-resisted|p1a: Killer Bee\n|-damage|p1a: Killer Bee|97\/100\n|move|p1b: Kisame|Stomping Tantrum|p2a: Go Gunhee\n|-damage|p2a: Go Gunhee|72\/100\n|move|p2a: Go Gunhee|Sand Tomb|p1b: Kisame\n|-damage|p1b: Kisame|86\/100\n|-activate|p1b: Kisame|move: Sand Tomb|[of] p2a: Go Gunhee\n|cant|p1a: Killer Bee|flinch\n|\n|-heal|p2a: Go Gunhee|77\/100|[from] item: Leftovers\n|-damage|p1b: Kisame|73\/100|[from] move: Sand Tomb|[partiallytrapped]\n|-start|p1b: Kisame|perish2\n|-start|p2a: Go Gunhee|perish2\n|-start|p1a: Killer Bee|perish2\n|upkeep\n|turn|4\n|inactive|i_eat_oats has 30 seconds left.\n|\n|t:|1682913488\n|switch|p2a: Scizor|Scizor, L50, M, shiny|100\/100\n|move|p2b: Sung Jinah|Protect|p2b: Sung Jinah\n|-singleturn|p2b: Sung Jinah|Protect\n|move|p1b: Kisame|Rock Slide|p2a: Scizor|[spread] p2a\n|-activate|p2b: Sung Jinah|move: Protect\n|-damage|p2a: Scizor|78\/100\n|move|p1a: Killer Bee|Low Sweep|p2a: Scizor\n|-damage|p2a: Scizor|52\/100\n|-unboost|p2a: Scizor|spe|1\n|\n|-end|p1b: Kisame|Sand Tomb|[partiallytrapped]|[silent]\n|-start|p1b: Kisame|perish1\n|-start|p1a: Killer Bee|perish1\n|upkeep\n|turn|5\n|\n|t:|1682913509\n|switch|p2b: Go Gunhee|Ting-Lu, L50|77\/100\n|-ability|p2b: Go Gunhee|Vessel of Ruin\n|move|p2a: Scizor|Protect|p2a: Scizor\n|-singleturn|p2a: Scizor|Protect\n|move|p1b: Kisame|Stomping Tantrum|p2a: Scizor\n|-activate|p2a: Scizor|move: Protect\n|move|p1a: Killer Bee|Kowtow Cleave|p2b: Go Gunhee\n|-resisted|p2b: Go Gunhee\n|-damage|p2b: Go Gunhee|62\/100\n|\n|-heal|p2b: Go Gunhee|68\/100|[from] item: Leftovers\n|-start|p1b: Kisame|perish0\n|-start|p1a: Killer Bee|perish0\n|faint|p1b: Kisame\n|faint|p1a: Killer Bee\n|upkeep\n|\n|t:|1682913526\n|switch|p1b: Haku|Chien-Pao, L50|100\/100\n|switch|p1a: Kaguya|Flutter Mane, L50|100\/100\n|-ability|p1b: Haku|Sword of Ruin\n|turn|6\n|\n|t:|1682913547\n|move|p1b: Haku|Sucker Punch|p2a: Scizor\n|-damage|p2a: Scizor|3\/100\n|move|p2a: Scizor|Bullet Punch|p1a: Kaguya\n|-supereffective|p1a: Kaguya\n|-damage|p1a: Kaguya|0 fnt\n|faint|p1a: Kaguya\n|-end|p1a: Kaguya|Protosynthesis|[silent]\n|-damage|p2a: Scizor|0 fnt|[from] item: Life Orb\n|faint|p2a: Scizor\n|move|p2b: Go Gunhee|Heavy Slam|p1b: Haku\n|-supereffective|p1b: Haku\n|-damage|p1b: Haku|22\/100\n|\n|-heal|p2b: Go Gunhee|74\/100|[from] item: Leftovers\n|upkeep\n|\n|t:|1682913556\n|switch|p2a: Sung Jinah|Gothitelle, L50, F|80\/100\n|turn|7\n|\n|t:|1682913566\n|-terastallize|p1b: Haku|Ghost\n|move|p2a: Sung Jinah|Fake Out|p1b: Haku\n|-immune|p1b: Haku\n|move|p1b: Haku|Ice Spinner|p2b: Go Gunhee\n|-supereffective|p2b: Go Gunhee\n|-damage|p2b: Go Gunhee|5\/100\n|move|p2b: Go Gunhee|Heavy Slam|p1b: Haku\n|-damage|p1b: Haku|0 fnt\n|faint|p1b: Haku\n|\n|win|nightamara\n|raw|i_eat_oats's rating: 1236 → 1213<\/strong> (-23 for losing)\n|raw|nightamara's rating: 1267 → 1290<\/strong> (+23 for winning)\n","uploadtime":1682913578,"views":14,"p1id":"ieatoats","p2id":"nightamara","formatid":"gen9vgc2023regulationc","rating":1213,"private":0,"password":""}