{"id":"gen9vgc2023regulationc-1851568016","p1":"BroDontFuckWithMe","p2":"yung elmers glue","format":"[Gen 9] VGC 2023 Regulation C","log":"|j|\u2606BroDontFuckWithMe\n|j|\u2606yung elmers glue\n|t:|1682456505\n|gametype|doubles\n|player|p1|BroDontFuckWithMe|265|1676\n|player|p2|yung elmers glue|101|1585\n|teamsize|p1|6\n|teamsize|p2|6\n|gen|9\n|tier|[Gen 9] VGC 2023 Regulation C\n|rated|\n|rule|Species Clause: Limit one of each Pok\u00e9mon\n|rule|Item Clause: Limit one of each item\n|clearpoke\n|poke|p1|Great Tusk, L50|\n|poke|p1|Amoonguss, L50, M|\n|poke|p1|Tyranitar, L50, F|\n|poke|p1|Iron Bundle, L50|\n|poke|p1|Talonflame, L50, F|\n|poke|p1|Gholdengo, L50|\n|poke|p2|Flutter Mane, L50|\n|poke|p2|Murkrow, L50, F|\n|poke|p2|Great Tusk, L50|\n|poke|p2|Farigiraf, L50, F|\n|poke|p2|Chi-Yu, L50|\n|poke|p2|Iron Bundle, L50|\n|teampreview|4\nyung elmers glue has agreed to open team sheets.\nBroDontFuckWithMe has agreed to open team sheets.\n|inactive|Battle timer is ON: inactive players will automatically lose when time's up. (requested by BroDontFuckWithMe)\n|j| Kital\n|l| Kital\n|\n|t:|1682456532\n|start\n|switch|p1a: Iron Bundle|Iron Bundle, L50|100\/100\n|switch|p1b: Great Tusk|Great Tusk, L50|100\/100\n|switch|p2a: Murkrow|Murkrow, L50, F|100\/100\n|switch|p2b: Great Tusk|Great Tusk, L50|100\/100\n|-enditem|p1a: Iron Bundle|Booster Energy\n|-activate|p1a: Iron Bundle|ability: Quark Drive|[fromitem]\n|-start|p1a: Iron Bundle|quarkdrivespe\n|turn|1\n|inactive|BroDontFuckWithMe has 30 seconds left.\n|inactive|yung elmers glue has 30 seconds left.\n|inactive|BroDontFuckWithMe has 20 seconds left.\n|\n|t:|1682456571\n|-end|p2b: Great Tusk|Protosynthesis|[silent]\n|switch|p2b: Flutter Mane|Flutter Mane, L50|100\/100\n|move|p2a: Murkrow|Tailwind|p2a: Murkrow\n|-sidestart|p2: yung elmers glue|move: Tailwind\n|move|p1a: Iron Bundle|Icy Wind|p2b: Flutter Mane|[spread] p2a,p2b\n|-supereffective|p2a: Murkrow\n|-damage|p2a: Murkrow|67\/100\n|-damage|p2b: Flutter Mane|79\/100\n|-unboost|p2a: Murkrow|spe|1\n|-unboost|p2b: Flutter Mane|spe|1\n|move|p1b: Great Tusk|Headlong Rush|p2b: Flutter Mane\n|-damage|p2b: Flutter Mane|0 fnt\n|-unboost|p1b: Great Tusk|def|1\n|-unboost|p1b: Great Tusk|spd|1\n|faint|p2b: Flutter Mane\n|-end|p2b: Flutter Mane|Protosynthesis|[silent]\n|\n|upkeep\n|j| Brotherarcanine\n|\n|t:|1682456588\n|switch|p2b: Farigiraf|Farigiraf, L50, F|100\/100\n|turn|2\n|\n|t:|1682456610\n|-terastallize|p2b: Farigiraf|Water\n|move|p1a: Iron Bundle|Icy Wind|p2a: Murkrow|[spread] p2b\n|-miss|p1a: Iron Bundle|p2a: Murkrow\n|-resisted|p2b: Farigiraf\n|-damage|p2b: Farigiraf|89\/100\n|-unboost|p2b: Farigiraf|spe|1\n|move|p1b: Great Tusk|Headlong Rush|p2b: Farigiraf\n|-damage|p2b: Farigiraf|30\/100\n|-unboost|p1b: Great Tusk|def|1\n|-unboost|p1b: Great Tusk|spd|1\n|move|p2a: Murkrow|Foul Play|p1a: Iron Bundle\n|-damage|p1a: Iron Bundle|75\/100\n|move|p2b: Farigiraf|Hyper Voice|p1b: Great Tusk|[spread] p1a,p1b\n|-damage|p1a: Iron Bundle|18\/100\n|-damage|p1b: Great Tusk|19\/100\n|-enditem|p2b: Farigiraf|Throat Spray\n|-boost|p2b: Farigiraf|spa|1|[from] item: Throat Spray\n|\n|upkeep\n|turn|3\n|\n|t:|1682456633\n|move|p1a: Iron Bundle|Freeze-Dry|p2a: Murkrow\n|-supereffective|p2a: Murkrow\n|-damage|p2a: Murkrow|5\/100\n|move|p1b: Great Tusk|Headlong Rush|p2b: Farigiraf\n|-damage|p2b: Farigiraf|0 fnt\n|-unboost|p1b: Great Tusk|def|1\n|-unboost|p1b: Great Tusk|spd|1\n|faint|p2b: Farigiraf\n|move|p2a: Murkrow|Foul Play|p1a: Iron Bundle\n|-damage|p1a: Iron Bundle|0 fnt\n|faint|p1a: Iron Bundle\n|-end|p1a: Iron Bundle|Quark Drive|[silent]\n|\n|upkeep\n|\n|t:|1682456646\n|switch|p1a: Talonflame|Talonflame, L50, F|100\/100\n|switch|p2b: Great Tusk|Great Tusk, L50|100\/100\n|turn|4\n|\n|t:|1682456661\n|move|p1a: Talonflame|Tailwind|p1a: Talonflame\n|-sidestart|p1: BroDontFuckWithMe|move: Tailwind\n|move|p1b: Great Tusk|Headlong Rush|p2b: Great Tusk\n|-damage|p2b: Great Tusk|44\/100\n|-unboost|p1b: Great Tusk|def|1\n|-unboost|p1b: Great Tusk|spd|1\n|move|p2b: Great Tusk|Earthquake|p1a: Talonflame|[spread] p1b\n|-immune|p2a: Murkrow\n|-immune|p1a: Talonflame\n|-damage|p1b: Great Tusk|0 fnt\n|faint|p1b: Great Tusk\n|-end|p1b: Great Tusk|Protosynthesis|[silent]\n|-damage|p2b: Great Tusk|35\/100|[from] item: Life Orb\n|move|p2a: Murkrow|Foul Play|p1a: Talonflame\n|-damage|p1a: Talonflame|39\/100\n|\n|-sideend|p2: yung elmers glue|move: Tailwind\n|upkeep\n|\n|t:|1682456671\n|switch|p1b: Tyranitar|Tyranitar, L50, F|100\/100\n|-weather|Sandstorm|[from] ability: Sand Stream|[of] p1b: Tyranitar\n|turn|5\n|inactive|yung elmers glue has 30 seconds left.\n|\n|t:|1682456698\n|-terastallize|p1b: Tyranitar|Flying\n|move|p2a: Murkrow|Sunny Day|p2a: Murkrow\n|-weather|SunnyDay\n|-activate|p2b: Great Tusk|ability: Protosynthesis\n|-start|p2b: Great Tusk|protosynthesisatk\n|move|p1a: Talonflame|Brave Bird|p2b: Great Tusk\n|-supereffective|p2b: Great Tusk\n|-damage|p2b: Great Tusk|0 fnt\n|faint|p2b: Great Tusk\n|-end|p2b: Great Tusk|Protosynthesis|[silent]\n|-damage|p1a: Talonflame|26\/100|[from] Recoil\n|move|p1b: Tyranitar|Tera Blast|p2a: Murkrow\n|-damage|p2a: Murkrow|0 fnt\n|faint|p2a: Murkrow\n|\n|win|BroDontFuckWithMe\n|raw|BroDontFuckWithMe's rating: 1676 → 1691<\/strong> (+15 for winning)\n|raw|yung elmers glue's rating: 1585 → 1570<\/strong> (-15 for losing)\n|l| Brotherarcanine\n","uploadtime":1682456707,"views":20,"p1id":"brodontfuckwithme","p2id":"yungelmersglue","formatid":"gen9vgc2023regulationc","rating":1570,"private":0,"password":""}