{"id":"gen9vgc2023regulationc-1859621582","p1":"Lone_Garurumon","p2":"SorceressEpele","format":"[Gen 9] VGC 2023 Regulation C","log":"|j|\u2606Lone_Garurumon\n|j|\u2606SorceressEpele\n|t:|1683549787\n|gametype|doubles\n|player|p1|Lone_Garurumon|riley|\n|player|p2|SorceressEpele|beauty-gen8|\n|teamsize|p1|6\n|teamsize|p2|6\n|gen|9\n|tier|[Gen 9] VGC 2023 Regulation C\n|rule|Species Clause: Limit one of each Pok\u00e9mon\n|rule|Item Clause: Limit one of each item\n|clearpoke\n|poke|p1|Garchomp, L50, M|\n|poke|p1|Lucario, L50, F|\n|poke|p1|Staraptor, L50, M|\n|poke|p1|Gallade, L50, M|\n|poke|p1|Drifblim, L50, M|\n|poke|p1|Bronzong, L50|\n|poke|p2|Hippowdon, L50, F|\n|poke|p2|Garchomp, L50, M|\n|poke|p2|Magnezone, L50|\n|poke|p2|Lucario, L50, F|\n|poke|p2|Gastrodon, L50, M|\n|poke|p2|Floatzel, L50, M|\n|teampreview|4\n|\n|t:|1683549828\n|start\n|switch|p1a: Heinz|Drifblim, L50, M|100\/100\n|switch|p1b: Leroy|Garchomp, L50, M|100\/100\n|switch|p2a: McDonalds|Hippowdon, L50, F|100\/100\n|switch|p2b: Domino's|Magnezone, L50|100\/100\n|-item|p2b: Domino's|Air Balloon\n|-weather|Sandstorm|[from] ability: Sand Stream|[of] p2a: McDonalds\n|turn|1\n|\n|t:|1683549848\n|move|p2b: Domino's|Protect|p2b: Domino's\n|-singleturn|p2b: Domino's|Protect\n|move|p1b: Leroy|Dragon Claw|p2b: Domino's\n|-activate|p2b: Domino's|move: Protect\n|move|p1a: Heinz|Tailwind|p1a: Heinz\n|-sidestart|p1: Lone_Garurumon|move: Tailwind\n|move|p2a: McDonalds|Earthquake|p1a: Heinz|[spread] p1b\n|-activate|p2b: Domino's|move: Protect\n|-immune|p1a: Heinz\n|-damage|p1b: Leroy|74\/100\n|\n|-weather|Sandstorm|[upkeep]\n|-damage|p1a: Heinz|94\/100|[from] Sandstorm\n|-status|p1a: Heinz|brn|[from] item: Flame Orb\n|upkeep\n|turn|2\n|\n|t:|1683549873\n|move|p1b: Leroy|Dragon Claw|p2b: Domino's\n|-resisted|p2b: Domino's\n|-damage|p2b: Domino's|81\/100\n|-enditem|p2b: Domino's|Air Balloon\n|move|p1a: Heinz|Shadow Ball|p2b: Domino's\n|-damage|p2b: Domino's|25\/100\n|-unboost|p2b: Domino's|spd|1\n|move|p2b: Domino's|Discharge|p1b: Leroy|[spread] p1a\n|-immune|p2a: McDonalds\n|-immune|p1b: Leroy\n|-supereffective|p1a: Heinz\n|-damage|p1a: Heinz|19\/100 brn\n|move|p2a: McDonalds|Rock Slide|p1a: Heinz|[spread] p1a\n|-miss|p2a: McDonalds|p1b: Leroy\n|-supereffective|p1a: Heinz\n|-damage|p1a: Heinz|0 fnt\n|faint|p1a: Heinz\n|\n|-weather|Sandstorm|[upkeep]\n|upkeep\n|\n|t:|1683549892\n|switch|p1a: Rawk|Staraptor, L50, M|100\/100\n|-ability|p1a: Rawk|Intimidate|boost\n|-unboost|p2a: McDonalds|atk|1\n|-unboost|p2b: Domino's|atk|1\n|turn|3\n|\n|t:|1683549906\n|move|p2b: Domino's|Protect|p2b: Domino's\n|-singleturn|p2b: Domino's|Protect\n|move|p1b: Leroy|Earthquake|p2a: McDonalds|[spread] p2a\n|-activate|p2b: Domino's|move: Protect\n|-immune|p1a: Rawk\n|-damage|p2a: McDonalds|69\/100\n|move|p1a: Rawk|Brave Bird|p2a: McDonalds\n|-damage|p2a: McDonalds|7\/100\n|-damage|p1a: Rawk|73\/100|[from] Recoil\n|-damage|p1a: Rawk|63\/100|[from] item: Life Orb\n|move|p2a: McDonalds|Rock Slide|p1b: Leroy|[spread] p1a,p1b\n|-supereffective|p1a: Rawk\n|-resisted|p1b: Leroy\n|-damage|p1a: Rawk|36\/100\n|-damage|p1b: Leroy|69\/100\n|\n|-weather|Sandstorm|[upkeep]\n|-damage|p1a: Rawk|30\/100|[from] Sandstorm\n|upkeep\n|turn|4\n|\n|t:|1683549927\n|switch|p2b: Subway|Garchomp, L50, M|100\/100\n|move|p1a: Rawk|Protect|p1a: Rawk\n|-singleturn|p1a: Rawk|Protect\n|move|p2a: McDonalds|Protect|p2a: McDonalds\n|-singleturn|p2a: McDonalds|Protect\n|move|p1b: Leroy|Earthquake|p2a: McDonalds|[spread] p2b\n|-activate|p1a: Rawk|move: Protect\n|-activate|p2a: McDonalds|move: Protect\n|-damage|p2b: Subway|62\/100\n|\n|-weather|Sandstorm|[upkeep]\n|-damage|p1a: Rawk|23\/100|[from] Sandstorm\n|-sideend|p1: Lone_Garurumon|move: Tailwind\n|upkeep\n|turn|5\n|\n|t:|1683549980\n|-terastallize|p1b: Leroy|Steel\n|move|p2b: Subway|Dragon Claw|p1b: Leroy\n|-resisted|p1b: Leroy\n|-damage|p1b: Leroy|50\/100\n|-damage|p2b: Subway|50\/100|[from] ability: Rough Skin|[of] p1b: Leroy\n|move|p1b: Leroy|Dragon Claw|p2b: Subway\n|-supereffective|p2b: Subway\n|-damage|p2b: Subway|0 fnt\n|faint|p2b: Subway\n|move|p1a: Rawk|Brave Bird|p2a: McDonalds\n|-damage|p2a: McDonalds|0 fnt\n|faint|p2a: McDonalds\n|-damage|p1a: Rawk|20\/100|[from] Recoil\n|-damage|p1a: Rawk|10\/100|[from] item: Life Orb\n|\n|-weather|Sandstorm|[upkeep]\n|-damage|p1a: Rawk|4\/100|[from] Sandstorm\n|upkeep\n|\n|t:|1683549997\n|switch|p2b: Domino's|Magnezone, L50|25\/100\n|switch|p2a: Starbucks|Floatzel, L50, M|100\/100\n|turn|6\n|\n|t:|1683550034\n|-terastallize|p2a: Starbucks|Water\n|move|p2b: Domino's|Protect|p2b: Domino's\n|-singleturn|p2b: Domino's|Protect\n|move|p2a: Starbucks|Aqua Jet|p1a: Rawk\n|-damage|p1a: Rawk|0 fnt\n|faint|p1a: Rawk\n|move|p1b: Leroy|Earthquake|p2b: Domino's|[spread] p2a\n|-activate|p2b: Domino's|move: Protect\n|-damage|p2a: Starbucks|20\/100\n|\n|-weather|Sandstorm|[upkeep]\n|upkeep\n|\n|t:|1683550046\n|switch|p1a: Gawain|Gallade, L50, M|100\/100\n|turn|7\n|\n|t:|1683550058\n|move|p2a: Starbucks|Protect|p2a: Starbucks\n|-singleturn|p2a: Starbucks|Protect\n|move|p1b: Leroy|Earthquake|p2b: Domino's|[spread] p1a,p2b\n|-activate|p2a: Starbucks|move: Protect\n|-supereffective|p2b: Domino's\n|-damage|p1a: Gawain|22\/100\n|-damage|p2b: Domino's|0 fnt\n|faint|p2b: Domino's\n|move|p1a: Gawain|Leaf Blade|p2a: Starbucks\n|-activate|p2a: Starbucks|move: Protect\n|\n|-weather|Sandstorm|[upkeep]\n|-damage|p1a: Gawain|17\/100|[from] Sandstorm\n|upkeep\n|turn|8\n|c|\u2606Lone_Garurumon|And that's probably it for this one\n|\n|t:|1683550079\n|move|p2a: Starbucks|Liquidation|p1b: Leroy\n|-damage|p1b: Leroy|0 fnt\n|-damage|p2a: Starbucks|7\/100|[from] ability: Rough Skin|[of] p1b: Leroy\n|faint|p1b: Leroy\n|move|p1a: Gawain|Leaf Blade|p2a: Starbucks\n|-supereffective|p2a: Starbucks\n|-damage|p2a: Starbucks|0 fnt\n|faint|p2a: Starbucks\n|\n|win|Lone_Garurumon\n|c|\u2606SorceressEpele|Yup, no way I can win\n|c|\u2606Lone_Garurumon|Gg\n","uploadtime":1683550090,"views":10,"p1id":"lonegarurumon","p2id":"sorceressepele","formatid":"gen9vgc2023regulationc","rating":0,"private":0,"password":""}