{"id":"gen9vgc2023regulationc-1847712216","p1":"ApplinFan773","p2":"natureboi45","format":"[Gen 9] VGC 2023 Regulation C","log":"|j|\u2606ApplinFan773\n|j|\u2606natureboi45\n|t:|1681995179\n|gametype|doubles\n|player|p1|ApplinFan773|cilan|1155\n|player|p2|natureboi45|101|1056\n|teamsize|p1|6\n|teamsize|p2|6\n|gen|9\n|tier|[Gen 9] VGC 2023 Regulation C\n|rated|\n|rule|Species Clause: Limit one of each Pok\u00e9mon\n|rule|Item Clause: Limit one of each item\n|clearpoke\n|poke|p1|Maushold-Four, L50|\n|poke|p1|Flutter Mane, L50|\n|poke|p1|Scream Tail, L50|\n|poke|p1|Ceruledge, L50, M|\n|poke|p1|Meowscarada, L50, F|\n|poke|p1|Salamence, L50, M|\n|poke|p2|Venomoth, L50, F|\n|poke|p2|Toedscruel, L50, F|\n|poke|p2|Arcanine, L50, F|\n|poke|p2|Vaporeon, L50, F|\n|poke|p2|Dragonite, L50, M|\n|poke|p2|Sylveon, L50, F|\n|teampreview|4\n|inactive|Battle timer is ON: inactive players will automatically lose when time's up. (requested by ApplinFan773)\n|c|\u2606ApplinFan773|Glhf, sick team\n|inactive|ApplinFan773 has 60 seconds left.\n|inactive|natureboi45 has 60 seconds left.\n|inactive|ApplinFan773 has 30 seconds left.\nnatureboi45 rejected open team sheets.\n|inactive|ApplinFan773 has 20 seconds left.\n|\n|t:|1681995256\n|start\n|switch|p1a: Myrtle|Flutter Mane, L50, shiny|100\/100\n|switch|p1b: Lilium|Meowscarada, L50, F, shiny|100\/100\n|switch|p2a: Toedscruel|Toedscruel, L50, F|100\/100\n|switch|p2b: Sylveon|Sylveon, L50, F|100\/100\n|turn|1\n|\n|t:|1681995279\n|move|p1a: Myrtle|Protect|p1a: Myrtle\n|-singleturn|p1a: Myrtle|Protect\n|move|p1b: Lilium|Flower Trick|p2b: Sylveon\n|-crit|p2b: Sylveon\n|-damage|p2b: Sylveon|31\/100\n|move|p2a: Toedscruel|Knock Off|p1a: Myrtle\n|-activate|p1a: Myrtle|move: Protect\n|move|p2b: Sylveon|Hyper Voice|p1b: Lilium|[spread] p1b\n|-activate|p1a: Myrtle|move: Protect\n|-supereffective|p1b: Lilium\n|-enditem|p1b: Lilium|Focus Sash\n|-damage|p1b: Lilium|1\/100\n|-enditem|p2b: Sylveon|Throat Spray\n|-boost|p2b: Sylveon|spa|1|[from] item: Throat Spray\n|\n|upkeep\n|turn|2\n|inactive|natureboi45 has 30 seconds left.\n|\n|t:|1681995304\n|move|p2b: Sylveon|Quick Attack|p1b: Lilium\n|-supereffective|p1b: Lilium\n|-damage|p1b: Lilium|0 fnt\n|faint|p1b: Lilium\n|move|p1a: Myrtle|Moonblast|p2a: Toedscruel\n|-damage|p2a: Toedscruel|50\/100\n|-unboost|p2a: Toedscruel|spa|1\n|-damage|p1a: Myrtle|91\/100|[from] item: Life Orb\n|move|p2a: Toedscruel|Spore|p1a: Myrtle\n|-status|p1a: Myrtle|slp|[from] move: Spore\n|\n|upkeep\n|\n|t:|1681995309\n|switch|p1b: Grim Shady|Ceruledge, L50, M|100\/100\n|turn|3\n|\n|t:|1681995327\n|-terastallize|p1b: Grim Shady|Grass\n|cant|p1a: Myrtle|slp\n|move|p2a: Toedscruel|Earth Power|p1b: Grim Shady\n|-resisted|p1b: Grim Shady\n|-damage|p1b: Grim Shady|95\/100\n|move|p1b: Grim Shady|Bitter Blade|p2b: Sylveon\n|-damage|p2b: Sylveon|0 fnt\n|-heal|p1b: Grim Shady|100\/100|[from] drain|[of] p2b: Sylveon\n|faint|p2b: Sylveon\n|\n|upkeep\n|\n|t:|1681995341\n|switch|p2b: Arcanine|Arcanine, L50, F|100\/100\n|turn|4\n|\n|t:|1681995353\n|-end|p1a: Myrtle|Protosynthesis|[silent]\n|switch|p1a: Salami|Salamence, L50, M, shiny|100\/100\n|-ability|p1a: Salami|Intimidate|boost\n|-unboost|p2a: Toedscruel|atk|1\n|-unboost|p2b: Arcanine|atk|1\n|move|p2a: Toedscruel|Knock Off|p1b: Grim Shady\n|-damage|p1b: Grim Shady|90\/100\n|-enditem|p1b: Grim Shady|Assault Vest|[from] move: Knock Off|[of] p2a: Toedscruel\n|move|p2b: Arcanine|Heat Wave|p1a: Salami|[spread] p1a\n|-start|p1b: Grim Shady|ability: Flash Fire\n|-resisted|p1a: Salami\n|-damage|p1a: Salami|83\/100\n|move|p1b: Grim Shady|Bitter Blade|p2a: Toedscruel\n|-supereffective|p2a: Toedscruel\n|-damage|p2a: Toedscruel|0 fnt\n|-heal|p1b: Grim Shady|100\/100|[from] drain|[of] p2a: Toedscruel\n|-damage|p1b: Grim Shady|84\/100|[from] item: Rocky Helmet|[of] p2a: Toedscruel\n|faint|p2a: Toedscruel\n|\n|upkeep\n|\n|t:|1681995376\n|switch|p2a: Venomoth|Venomoth, L50, F, shiny|100\/100\n|turn|5\n|\n|t:|1681995390\n|-terastallize|p2a: Venomoth|Water\n|move|p1a: Salami|Dual Wingbeat|p2a: Venomoth\n|-damage|p2a: Venomoth|73\/100\n|-damage|p2a: Venomoth|44\/100\n|-hitcount|p2a: Venomoth|2\n|move|p2a: Venomoth|Quiver Dance|p2a: Venomoth\n|-boost|p2a: Venomoth|spa|1\n|-boost|p2a: Venomoth|spd|1\n|-boost|p2a: Venomoth|spe|1\n|-enditem|p1a: Salami|Mirror Herb\n|-boost|p1a: Salami|spa|1|[from] item: Mirror Herb\n|-boost|p1a: Salami|spd|1|[from] item: Mirror Herb\n|-boost|p1a: Salami|spe|1|[from] item: Mirror Herb\n|move|p2b: Arcanine|Play Rough|p1a: Salami\n|-supereffective|p1a: Salami\n|-damage|p1a: Salami|49\/100\n|move|p1b: Grim Shady|Bitter Blade|p2a: Venomoth\n|-resisted|p2a: Venomoth\n|-damage|p2a: Venomoth|0 fnt\n|-heal|p1b: Grim Shady|100\/100|[from] drain|[of] p2a: Venomoth\n|faint|p2a: Venomoth\n|\n|upkeep\n|turn|6\n|inactive|ApplinFan773 has 30 seconds left.\n|inactive|natureboi45 has 30 seconds left.\n|inactive|ApplinFan773 has 20 seconds left.\n|inactive|ApplinFan773 has 15 seconds left.\n|inactive|ApplinFan773 has 10 seconds left.\n|\n|t:|1681995435\n|move|p1a: Salami|Dragon Claw|p2b: Arcanine\n|-damage|p2b: Arcanine|56\/100\n|move|p2b: Arcanine|Play Rough|p1a: Salami\n|-supereffective|p1a: Salami\n|-damage|p1a: Salami|14\/100\n|move|p1b: Grim Shady|Bitter Blade|p2b: Arcanine\n|-start|p2b: Arcanine|ability: Flash Fire\n|\n|upkeep\n|turn|7\n|\n|t:|1681995454\n|move|p2b: Arcanine|Extreme Speed|p1a: Salami\n|-damage|p1a: Salami|0 fnt\n|faint|p1a: Salami\n|move|p1b: Grim Shady|Shadow Sneak|p2b: Arcanine\n|-damage|p2b: Arcanine|35\/100\n|\n|upkeep\n|\n|t:|1681995460\n|switch|p1a: Myrtle|Flutter Mane, L50, shiny|91\/100 slp\n|turn|8\n|\n|t:|1681995466\n|move|p1b: Grim Shady|Shadow Sneak|p2b: Arcanine\n|-damage|p2b: Arcanine|12\/100\n|cant|p1a: Myrtle|slp\n|move|p2b: Arcanine|Iron Head|p1a: Myrtle\n|-supereffective|p1a: Myrtle\n|-damage|p1a: Myrtle|34\/100 slp\n|\n|upkeep\n|turn|9\n|\n|t:|1681995475\n|move|p1b: Grim Shady|Shadow Sneak|p2b: Arcanine\n|-damage|p2b: Arcanine|0 fnt\n|faint|p2b: Arcanine\n|\n|win|ApplinFan773\n|raw|ApplinFan773's rating: 1155 → 1173<\/strong> (+18 for winning)\n|raw|natureboi45's rating: 1056 → 1043<\/strong> (-13 for losing)\n|l|\u2606natureboi45\n|c|\u2606ApplinFan773|gg wp\n","uploadtime":1681995485,"views":8,"p1id":"applinfan773","p2id":"natureboi45","formatid":"gen9vgc2023regulationc","rating":1043,"private":0,"password":""}