{"id":"gen9vgc2023regulationc-1845887411","p1":"KoramTrainer","p2":"Mackar_8","format":"[Gen 9] VGC 2023 Regulation C","log":"|j|\u2606KoramTrainer\n|j|\u2606Mackar_8\n|t:|1681775544\n|gametype|doubles\n|player|p1|KoramTrainer|hilbert|1194\n|player|p2|Mackar_8|265|1168\n|teamsize|p1|4\n|teamsize|p2|6\n|gen|9\n|tier|[Gen 9] VGC 2023 Regulation C\n|rated|\n|rule|Species Clause: Limit one of each Pok\u00e9mon\n|rule|Item Clause: Limit one of each item\n|clearpoke\n|poke|p1|Corviknight, L50, M|\n|poke|p1|Rotom-Wash, L50|\n|poke|p1|Ting-Lu, L50|\n|poke|p1|Flutter Mane, L50|\n|poke|p2|Sylveon, L50, F|\n|poke|p2|Amoonguss, L50, F|\n|poke|p2|Garchomp, L50, F|\n|poke|p2|Kingambit, L50, M|\n|poke|p2|Maushold-Four, L50|\n|poke|p2|Arcanine, L50, F|\n|teampreview|4\n|inactive|Battle timer is ON: inactive players will automatically lose when time's up. (requested by KoramTrainer)\n|\n|t:|1681775568\n|start\n|switch|p1a: Corviknight|Corviknight, L50, M|100\/100\n|switch|p1b: Ting-Lu|Ting-Lu, L50|100\/100\n|switch|p2a: Arcanine|Arcanine, L50, F|100\/100\n|switch|p2b: Kingambit|Kingambit, L50, M|100\/100\n|-ability|p2a: Arcanine|Intimidate|boost\n|-ability|p1a: Corviknight|Mirror Armor\n|-unboost|p2a: Arcanine|atk|1\n|-unboost|p1b: Ting-Lu|atk|1\n|-item|p2b: Kingambit|Air Balloon\n|-ability|p1b: Ting-Lu|Vessel of Ruin\n|turn|1\n|inactive|KoramTrainer has 30 seconds left.\n|inactive|Mackar_8 has 30 seconds left.\n|inactive|KoramTrainer has 20 seconds left.\n|inactive|Mackar_8 has 20 seconds left.\n|inactive|KoramTrainer has 15 seconds left.\n|\n|t:|1681775608\n|-terastallize|p1a: Corviknight|Water\n|move|p2a: Arcanine|Flare Blitz|p1a: Corviknight\n|-resisted|p1a: Corviknight\n|-damage|p1a: Corviknight|86\/100\n|-damage|p2a: Arcanine|95\/100|[from] Recoil\n|move|p1a: Corviknight|Bulk Up|p1a: Corviknight\n|-boost|p1a: Corviknight|atk|1\n|-boost|p1a: Corviknight|def|1\n|move|p2b: Kingambit|Kowtow Cleave|p1a: Corviknight\n|-damage|p1a: Corviknight|61\/100\n|move|p1b: Ting-Lu|Body Press|p2b: Kingambit\n|-supereffective|p2b: Kingambit\n|-damage|p2b: Kingambit|32\/100\n|-enditem|p2b: Kingambit|Air Balloon\n|\n|-heal|p2a: Arcanine|100\/100|[from] item: Leftovers\n|-heal|p1a: Corviknight|67\/100|[from] item: Leftovers\n|upkeep\n|turn|2\n|inactive|KoramTrainer has 30 seconds left.\n|\n|t:|1681775638\n|move|p2a: Arcanine|Extreme Speed|p1a: Corviknight\n|-damage|p1a: Corviknight|58\/100\n|move|p1a: Corviknight|Brave Bird|p2b: Kingambit\n|-resisted|p2b: Kingambit\n|-damage|p2b: Kingambit|8\/100\n|-damage|p1a: Corviknight|50\/100|[from] Recoil\n|move|p2b: Kingambit|Iron Head|p1b: Ting-Lu\n|-damage|p1b: Ting-Lu|74\/100\n|cant|p1b: Ting-Lu|flinch\n|\n|-heal|p1a: Corviknight|56\/100|[from] item: Leftovers\n|upkeep\n|turn|3\n|inactive|KoramTrainer has 30 seconds left.\n|\n|t:|1681775667\n|move|p2b: Kingambit|Sucker Punch|p1b: Ting-Lu\n|-resisted|p1b: Ting-Lu\n|-damage|p1b: Ting-Lu|61\/100\n|move|p2a: Arcanine|Will-O-Wisp|p1a: Corviknight\n|-status|p1a: Corviknight|brn\n|move|p1a: Corviknight|Iron Head|p2b: Kingambit\n|-resisted|p2b: Kingambit\n|-damage|p2b: Kingambit|0 fnt\n|faint|p2b: Kingambit\n|move|p1b: Ting-Lu|Stomping Tantrum|p2a: Arcanine\n|-supereffective|p2a: Arcanine\n|-damage|p2a: Arcanine|0 fnt\n|faint|p2a: Arcanine\n|\n|-heal|p1a: Corviknight|62\/100 brn|[from] item: Leftovers\n|-damage|p1a: Corviknight|56\/100 brn|[from] brn\n|upkeep\n|\n|t:|1681775672\n|switch|p2a: Sylveon|Sylveon, L50, F|100\/100\n|switch|p2b: Maushold|Maushold-Four, L50|100\/100\n|turn|4\n|inactive|KoramTrainer has 30 seconds left.\n|\n|t:|1681775697\n|switch|p1b: Rotom|Rotom-Wash, L50|100\/100\n|-terastallize|p2a: Sylveon|Fairy\n|move|p2b: Maushold|Helping Hand|p2a: Sylveon\n|-singleturn|p2a: Sylveon|Helping Hand|[of] p2b: Maushold\n|move|p2a: Sylveon|Hyper Voice|p1b: Rotom|[spread] p1a,p1b\n|-damage|p1a: Corviknight|0 fnt\n|-damage|p1b: Rotom|23\/100\n|faint|p1a: Corviknight\n|-enditem|p2a: Sylveon|Throat Spray\n|-boost|p2a: Sylveon|spa|1|[from] item: Throat Spray\n|\n|upkeep\n|\n|t:|1681775709\n|switch|p1a: Flutter Mane|Flutter Mane, L50|100\/100\n|-enditem|p1a: Flutter Mane|Booster Energy\n|-activate|p1a: Flutter Mane|ability: Protosynthesis|[fromitem]\n|-start|p1a: Flutter Mane|protosynthesisspe\n|turn|5\n|\n|t:|1681775723\n|move|p2b: Maushold|Helping Hand|p2a: Sylveon\n|-singleturn|p2a: Sylveon|Helping Hand|[of] p2b: Maushold\n|move|p1a: Flutter Mane|Moonblast|p2a: Sylveon\n|-crit|p2a: Sylveon\n|-damage|p2a: Sylveon|60\/100\n|move|p1b: Rotom|Hydro Pump|p2a: Sylveon\n|-damage|p2a: Sylveon|27\/100\n|move|p2a: Sylveon|Hyper Voice|p1b: Rotom|[spread] p1a,p1b\n|-damage|p1a: Flutter Mane|0 fnt\n|-damage|p1b: Rotom|0 fnt\n|faint|p1a: Flutter Mane\n|-end|p1a: Flutter Mane|Protosynthesis|[silent]\n|faint|p1b: Rotom\n|\n|upkeep\n|\n|t:|1681775733\n|switch|p1a: Ting-Lu|Ting-Lu, L50|61\/100\n|-ability|p1a: Ting-Lu|Vessel of Ruin\n|turn|6\n|\n|t:|1681775744\n|move|p2b: Maushold|Fake Tears|p1a: Ting-Lu\n|-unboost|p1a: Ting-Lu|spd|2\n|move|p2a: Sylveon|Hyper Beam|p1a: Ting-Lu\n|-supereffective|p1a: Ting-Lu\n|-damage|p1a: Ting-Lu|0 fnt\n|-mustrecharge|p2a: Sylveon\n|faint|p1a: Ting-Lu\n|\n|win|Mackar_8\n|raw|KoramTrainer's rating: 1194 → 1167<\/strong> (-27 for losing)\n|raw|Mackar_8's rating: 1168 → 1195<\/strong> (+27 for winning)\n","uploadtime":1681775753,"views":13,"p1id":"koramtrainer","p2id":"mackar8","formatid":"gen9vgc2023regulationc","rating":1167,"private":0,"password":""}