{"id":"gen9vgc2023regulationc-1862799160","p1":"JellyBeanDeath","p2":"revocolombia","format":"[Gen 9] VGC 2023 Regulation C","log":"|j|\u2606JellyBeanDeath\n|j|\u2606revocolombia\n|t:|1683923194\n|gametype|doubles\n|player|p1|JellyBeanDeath|2|1427\n|player|p2|revocolombia|pokemonranger-gen4|1489\n|teamsize|p1|6\n|teamsize|p2|6\n|gen|9\n|tier|[Gen 9] VGC 2023 Regulation C\n|rated|\n|rule|Species Clause: Limit one of each Pok\u00e9mon\n|rule|Item Clause: Limit one of each item\n|clearpoke\n|poke|p1|Indeedee-F, L50, F|\n|poke|p1|Armarouge, L50, F|\n|poke|p1|Hawlucha, L50, F|\n|poke|p1|Gallade, L50, M|\n|poke|p1|Iron Bundle, L50|\n|poke|p1|Abomasnow, L50, F|\n|poke|p2|Flutter Mane, L50|\n|poke|p2|Great Tusk, L50|\n|poke|p2|Dragonite, L50, M|\n|poke|p2|Chien-Pao, L50|\n|poke|p2|Murkrow, L50, M|\n|poke|p2|Gholdengo, L50|\n|teampreview|4\n|inactive|Battle timer is ON: inactive players will automatically lose when time's up. (requested by JellyBeanDeath)\n|inactive|JellyBeanDeath has 60 seconds left.\n|inactive|revocolombia has 60 seconds left.\n|\n|t:|1683923232\n|start\n|switch|p1a: Indeedee|Indeedee-F, L50, F|100\/100\n|switch|p1b: Armarouge|Armarouge, L50, F|100\/100\n|switch|p2a: Chien-Pao|Chien-Pao, L50|100\/100\n|switch|p2b: Dragonite|Dragonite, L50, M|100\/100\n|-ability|p2a: Chien-Pao|Sword of Ruin\n|-fieldstart|move: Psychic Terrain|[from] ability: Psychic Surge|[of] p1a: Indeedee\n|turn|1\n|inactive|JellyBeanDeath has 30 seconds left.\n|inactive|revocolombia has 30 seconds left.\n|\n|t:|1683923258\n|switch|p1a: Iron Bundle|Iron Bundle, L50|100\/100\n|-enditem|p1a: Iron Bundle|Booster Energy\n|-activate|p1a: Iron Bundle|ability: Quark Drive|[fromitem]\n|-start|p1a: Iron Bundle|quarkdrivespe\n|move|p2a: Chien-Pao|Ice Spinner|p1a: Iron Bundle\n|-resisted|p1a: Iron Bundle\n|-damage|p1a: Iron Bundle|84\/100\n|-fieldend|move: Psychic Terrain\n|move|p1b: Armarouge|Heat Wave|p2b: Dragonite|[spread] p2a,p2b\n|-supereffective|p2a: Chien-Pao\n|-resisted|p2b: Dragonite\n|-enditem|p2a: Chien-Pao|Focus Sash\n|-damage|p2a: Chien-Pao|1\/100\n|-damage|p2b: Dragonite|89\/100\n|-damage|p1b: Armarouge|91\/100|[from] item: Life Orb\n|move|p2b: Dragonite|Thunder Punch|p1b: Armarouge\n|-damage|p1b: Armarouge|25\/100\n|-status|p1b: Armarouge|par\n|\n|upkeep\n|turn|2\n|inactive|revocolombia has 30 seconds left.\n|inactive|revocolombia has 20 seconds left.\n|inactive|revocolombia has 15 seconds left.\n|inactive|revocolombia has 10 seconds left.\n|inactive|revocolombia has 5 seconds left.\n|\n|t:|1683923314\n|switch|p1b: Indeedee|Indeedee-F, L50, F|100\/100\n|-fieldstart|move: Psychic Terrain|[from] ability: Psychic Surge|[of] p1b: Indeedee\n|move|p2a: Chien-Pao|Sucker Punch|p1a: Iron Bundle\n|-activate|p1a: Iron Bundle|move: Psychic Terrain\n|move|p1a: Iron Bundle|Icy Wind|p2b: Dragonite|[spread] p2a,p2b\n|-resisted|p2a: Chien-Pao\n|-supereffective|p2b: Dragonite\n|-damage|p2a: Chien-Pao|0 fnt\n|-damage|p2b: Dragonite|7\/100\n|-unboost|p2b: Dragonite|spe|1\n|faint|p2a: Chien-Pao\n|move|p2b: Dragonite|Thunder Punch|p1b: Indeedee\n|-damage|p1b: Indeedee|58\/100\n|-status|p1b: Indeedee|par\n|\n|upkeep\n|\n|t:|1683923334\n|switch|p2a: Murkrow|Murkrow, L50, M|100\/100\n|turn|3\n|\n|t:|1683923354\n|move|p2a: Murkrow|Tailwind|p2a: Murkrow\n|-sidestart|p2: revocolombia|move: Tailwind\n|move|p1a: Iron Bundle|Icy Wind|p2b: Dragonite|[spread] p2a,p2b\n|-supereffective|p2a: Murkrow\n|-supereffective|p2b: Dragonite\n|-damage|p2a: Murkrow|60\/100\n|-damage|p2b: Dragonite|0 fnt\n|-unboost|p2a: Murkrow|spe|1\n|faint|p2b: Dragonite\n|move|p1b: Indeedee|Trick Room|p1b: Indeedee\n|-fieldstart|move: Trick Room|[of] p1b: Indeedee\n|\n|upkeep\n|\n|t:|1683923366\n|switch|p2b: Flutter Mane|Flutter Mane, L50|100\/100\n|-enditem|p2b: Flutter Mane|Booster Energy\n|-activate|p2b: Flutter Mane|ability: Protosynthesis|[fromitem]\n|-start|p2b: Flutter Mane|protosynthesisspa\n|turn|4\n|\n|t:|1683923389\n|-terastallize|p2b: Flutter Mane|Fairy\n|move|p2a: Murkrow|Sunny Day|p2a: Murkrow\n|-weather|SunnyDay\n|cant|p1b: Indeedee|par\n|move|p1a: Iron Bundle|Freeze-Dry|p2a: Murkrow\n|-supereffective|p2a: Murkrow\n|-damage|p2a: Murkrow|0 fnt\n|faint|p2a: Murkrow\n|move|p2b: Flutter Mane|Dazzling Gleam|p1b: Indeedee|[spread] p1a,p1b\n|-damage|p1a: Iron Bundle|0 fnt\n|-damage|p1b: Indeedee|8\/100 par\n|faint|p1a: Iron Bundle\n|-end|p1a: Iron Bundle|Quark Drive|[silent]\n|\n|-weather|SunnyDay|[upkeep]\n|upkeep\n|\n|t:|1683923401\n|switch|p1a: Armarouge|Armarouge, L50, F|25\/100 par\n|turn|5\n|\n|t:|1683923416\n|move|p2b: Flutter Mane|Protect|p2b: Flutter Mane\n|-singleturn|p2b: Flutter Mane|Protect\n|cant|p1b: Indeedee|par\n|move|p1a: Armarouge|Expanding Force|p2b: Flutter Mane\n|-activate|p2b: Flutter Mane|move: Protect\n|\n|-weather|SunnyDay|[upkeep]\n|upkeep\n|turn|6\n|\n|t:|1683923430\n|move|p1b: Indeedee|Dazzling Gleam|p2b: Flutter Mane\n|-damage|p2b: Flutter Mane|80\/100\n|move|p1a: Armarouge|Expanding Force|p2b: Flutter Mane\n|-damage|p2b: Flutter Mane|0 fnt\n|faint|p2b: Flutter Mane\n|-end|p2b: Flutter Mane|Protosynthesis|[silent]\n|-damage|p1a: Armarouge|15\/100 par|[from] item: Life Orb\n|\n|win|JellyBeanDeath\n|raw|JellyBeanDeath's rating: 1427 → 1451<\/strong> (+24 for winning)\n|raw|revocolombia's rating: 1489 → 1465<\/strong> (-24 for losing)\n","uploadtime":1683923440,"views":11,"p1id":"jellybeandeath","p2id":"revocolombia","formatid":"gen9vgc2023regulationc","rating":1451,"private":0,"password":""}