{"id":"gen9vgc2023regulationc-1859049433","p1":"TGH_sr","p2":"Doncollll","format":"[Gen 9] VGC 2023 Regulation C","log":"|j|\u2606TGH_sr\n|j|\u2606Doncollll\n|t:|1683398508\n|gametype|doubles\n|player|p1|TGH_sr|steven|1298\n|player|p2|Doncollll|schoolkid|1252\n|teamsize|p1|6\n|teamsize|p2|6\n|gen|9\n|tier|[Gen 9] VGC 2023 Regulation C\n|rated|\n|rule|Species Clause: Limit one of each Pok\u00e9mon\n|rule|Item Clause: Limit one of each item\n|clearpoke\n|poke|p1|Talonflame, L50, F|\n|poke|p1|Garchomp, L50, F|\n|poke|p1|Kingambit, L50, F|\n|poke|p1|Iron Bundle, L50|\n|poke|p1|Flutter Mane, L50|\n|poke|p1|Amoonguss, L50, F|\n|poke|p2|Dondozo, L50, M|\n|poke|p2|Tatsugiri-Droopy, L50, M|\n|poke|p2|Glimmora, L50, F|\n|poke|p2|Chi-Yu, L50|\n|poke|p2|Flutter Mane, L50|\n|poke|p2|Dragonite, L50, F|\n|teampreview|4\nTGH_sr has agreed to open team sheets.\n|\n|t:|1683398546\n|start\n|switch|p1a: Talonflame|Talonflame, L50, F|100\/100\n|switch|p1b: Garchomp|Garchomp, L50, F|100\/100\n|switch|p2a: Dondozo|Dondozo, L50, M|100\/100\n|switch|p2b: Glimmora|Glimmora, L50, F|100\/100\n|turn|1\n|\n|t:|1683398576\n|-terastallize|p2b: Glimmora|Grass\n|move|p1a: Talonflame|Will-O-Wisp|p2a: Dondozo\n|-status|p2a: Dondozo|brn\n|move|p2b: Glimmora|Power Gem|p1a: Talonflame\n|-supereffective|p1a: Talonflame\n|-damage|p1a: Talonflame|0 fnt\n|faint|p1a: Talonflame\n|move|p1b: Garchomp|Earthquake|p2b: Glimmora|[spread] p2a,p2b\n|-resisted|p2b: Glimmora\n|-damage|p2a: Dondozo|71\/100 brn\n|-damage|p2b: Glimmora|70\/100\n|-activate|p2b: Glimmora|ability: Toxic Debris\n|-sidestart|p1: TGH_sr|move: Toxic Spikes\n|-damage|p1b: Garchomp|91\/100|[from] item: Life Orb\n|move|p2a: Dondozo|Yawn|p1b: Garchomp\n|-start|p1b: Garchomp|move: Yawn|[of] p2a: Dondozo\n|\n|-damage|p2a: Dondozo|65\/100 brn|[from] brn\n|upkeep\n|\n|t:|1683398602\n|switch|p1a: Iron Bundle|Iron Bundle, L50|100\/100\n|-status|p1a: Iron Bundle|psn\n|-enditem|p1a: Iron Bundle|Booster Energy\n|-activate|p1a: Iron Bundle|ability: Quark Drive|[fromitem]\n|-start|p1a: Iron Bundle|quarkdrivespe\n|turn|2\n|\n|t:|1683398634\n|switch|p1b: Amoonguss|Amoonguss, L50, F|100\/100\n|-sideend|p1: TGH_sr|move: Toxic Spikes|[of] p1b: Amoonguss\n|move|p1a: Iron Bundle|Freeze-Dry|p2a: Dondozo\n|-supereffective|p2a: Dondozo\n|-damage|p2a: Dondozo|14\/100 brn\n|-enditem|p2a: Dondozo|Sitrus Berry|[eat]\n|-heal|p2a: Dondozo|38\/100 brn|[from] item: Sitrus Berry\n|move|p2b: Glimmora|Power Gem|p1a: Iron Bundle\n|-supereffective|p1a: Iron Bundle\n|-damage|p1a: Iron Bundle|0 fnt\n|faint|p1a: Iron Bundle\n|-end|p1a: Iron Bundle|Quark Drive|[silent]\n|move|p2a: Dondozo|Body Press|p1b: Amoonguss\n|-resisted|p1b: Amoonguss\n|-damage|p1b: Amoonguss|95\/100\n|\n|-damage|p2a: Dondozo|32\/100 brn|[from] brn\n|upkeep\n|\n|t:|1683398651\n|switch|p1a: Garchomp|Garchomp, L50, F|91\/100\n|turn|3\n|inactive|Battle timer is ON: inactive players will automatically lose when time's up. (requested by Doncollll)\n|\n|t:|1683398692\n|move|p2b: Glimmora|Mortal Spin|p1b: Amoonguss|[spread] p1a,p1b\n|-resisted|p1a: Garchomp\n|-damage|p1a: Garchomp|89\/100\n|-damage|p1b: Amoonguss|91\/100\n|-status|p1a: Garchomp|psn\n|-damage|p2b: Glimmora|58\/100|[from] ability: Rough Skin|[of] p1a: Garchomp\n|move|p1a: Garchomp|Dragon Claw|p2a: Dondozo\n|-damage|p2a: Dondozo|0 fnt\n|faint|p2a: Dondozo\n|-damage|p1a: Garchomp|79\/100 psn|[from] item: Life Orb\n|move|p1b: Amoonguss|Pollen Puff|p1a: Garchomp\n|-heal|p1a: Garchomp|100\/100 psn\n|\n|-damage|p1a: Garchomp|88\/100 psn|[from] psn\n|upkeep\n|\n|t:|1683398712\n|switch|p2a: Flutter Mane|Flutter Mane, L50|100\/100\n|-enditem|p2a: Flutter Mane|Booster Energy\n|-activate|p2a: Flutter Mane|ability: Protosynthesis|[fromitem]\n|-start|p2a: Flutter Mane|protosynthesisspe\n|turn|4\n|\n|t:|1683398734\n|-terastallize|p1a: Garchomp|Ground\n|move|p2a: Flutter Mane|Protect|p2a: Flutter Mane\n|-singleturn|p2a: Flutter Mane|Protect\n|move|p2b: Glimmora|Energy Ball|p1a: Garchomp\n|-supereffective|p1a: Garchomp\n|-damage|p1a: Garchomp|13\/100 psn\n|move|p1a: Garchomp|Earthquake|p2a: Flutter Mane|[spread] p1b,p2b\n|-activate|p2a: Flutter Mane|move: Protect\n|-resisted|p2b: Glimmora\n|-damage|p1b: Amoonguss|25\/100\n|-damage|p2b: Glimmora|14\/100\n|-activate|p2b: Glimmora|ability: Toxic Debris\n|-sidestart|p1: TGH_sr|move: Toxic Spikes\n|-enditem|p1b: Amoonguss|Sitrus Berry|[eat]\n|-heal|p1b: Amoonguss|50\/100|[from] item: Sitrus Berry\n|-damage|p1a: Garchomp|4\/100 psn|[from] item: Life Orb\n|move|p1b: Amoonguss|Pollen Puff|p1a: Garchomp\n|-heal|p1a: Garchomp|54\/100 psn\n|\n|-damage|p1a: Garchomp|41\/100 psn|[from] psn\n|upkeep\n|turn|5\n|inactive|TGH_sr has 30 seconds left.\n|inactive|Doncollll has 30 seconds left.\n|inactive|Doncollll has 20 seconds left.\n|inactive|Doncollll has 15 seconds left.\n|\n|t:|1683398775\n|move|p1b: Amoonguss|Rage Powder|p1b: Amoonguss\n|-singleturn|p1b: Amoonguss|move: Rage Powder\n|move|p2a: Flutter Mane|Substitute|p2a: Flutter Mane\n|-start|p2a: Flutter Mane|Substitute\n|-damage|p2a: Flutter Mane|76\/100\n|move|p2b: Glimmora|Energy Ball|p1a: Garchomp\n|-supereffective|p1a: Garchomp\n|-damage|p1a: Garchomp|0 fnt\n|faint|p1a: Garchomp\n|\n|upkeep\n|turn|6\n|\n|t:|1683398789\n|move|p2a: Flutter Mane|Hex|p1b: Amoonguss\n|-damage|p1b: Amoonguss|21\/100\n|move|p2b: Glimmora|Earth Power|p1b: Amoonguss\n|-damage|p1b: Amoonguss|0 fnt\n|faint|p1b: Amoonguss\n|\n|win|Doncollll\n|raw|TGH_sr's rating: 1298 → 1270<\/strong> (-28 for losing)\n|raw|Doncollll's rating: 1252 → 1280<\/strong> (+28 for winning)\n|l|\u2606Doncollll\n","uploadtime":1683398799,"views":21,"p1id":"tghsr","p2id":"doncollll","formatid":"gen9vgc2023regulationc","rating":1270,"private":0,"password":""}