{"id":"gen9vgc2023regulationc-1849192573","p1":"dadarvin","p2":"Sugarvgc","format":"[Gen 9] VGC 2023 Regulation C","log":"|j|\u2606dadarvin\n|j|\u2606Sugarvgc\n|t:|1682170879\n|gametype|doubles\n|player|p1|dadarvin|102|1315\n|player|p2|Sugarvgc|2|1353\n|teamsize|p1|6\n|teamsize|p2|6\n|gen|9\n|tier|[Gen 9] VGC 2023 Regulation C\n|rated|\n|rule|Species Clause: Limit one of each Pok\u00e9mon\n|rule|Item Clause: Limit one of each item\n|clearpoke\n|poke|p1|Torkoal, L50, F|\n|poke|p1|Armarouge, L50, F|\n|poke|p1|Gothitelle, L50, F|\n|poke|p1|Indeedee, L50, M|\n|poke|p1|Gallade, L50, M|\n|poke|p1|Flutter Mane, L50|\n|poke|p2|Breloom, L50, M|\n|poke|p2|Tyranitar, L50, M|\n|poke|p2|Chien-Pao, L50|\n|poke|p2|Hydreigon, L50, M|\n|poke|p2|Magnezone, L50|\n|poke|p2|Annihilape, L50, M|\n|teampreview|4\n|\n|t:|1682170913\n|start\n|switch|p1a: Torkoal|Torkoal, L50, F|100\/100\n|switch|p1b: Flutter Mane|Flutter Mane, L50|100\/100\n|switch|p2a: Annihilape|Annihilape, L50, M|100\/100\n|switch|p2b: Hydreigon|Hydreigon, L50, M|100\/100\n|-weather|SunnyDay|[from] ability: Drought|[of] p1a: Torkoal\n|-activate|p1b: Flutter Mane|ability: Protosynthesis\n|-start|p1b: Flutter Mane|protosynthesisspe\n|turn|1\n|inactive|Battle timer is ON: inactive players will automatically lose when time's up. (requested by Sugarvgc)\n|\n|t:|1682170944\n|-terastallize|p2b: Hydreigon|Fire\n|move|p1b: Flutter Mane|Dazzling Gleam|p2b: Hydreigon|[spread] p2a,p2b\n|-supereffective|p2a: Annihilape\n|-crit|p2a: Annihilape\n|-resisted|p2b: Hydreigon\n|-damage|p2a: Annihilape|0 fnt\n|-damage|p2b: Hydreigon|72\/100\n|faint|p2a: Annihilape\n|move|p2b: Hydreigon|Heat Wave|p1a: Torkoal|[spread] p1a,p1b\n|-resisted|p1a: Torkoal\n|-damage|p1a: Torkoal|61\/100\n|-damage|p1b: Flutter Mane|40\/100\n|move|p1a: Torkoal|Eruption|p2b: Hydreigon\n|-resisted|p2b: Hydreigon\n|-damage|p2b: Hydreigon|30\/100\n|\n|-weather|SunnyDay|[upkeep]\n|upkeep\n|\n|t:|1682170955\n|switch|p2a: Tyranitar|Tyranitar, L50, M|100\/100\n|-weather|Sandstorm|[from] ability: Sand Stream|[of] p2a: Tyranitar\n|-end|p1b: Flutter Mane|Protosynthesis\n|turn|2\n|inactive|dadarvin has 30 seconds left.\n|inactive|dadarvin has 20 seconds left.\n|-activate|p2a: Tyranitar|item: Quick Claw\n|\n|t:|1682170992\n|-end|p1b: Flutter Mane|Protosynthesis|[silent]\n|switch|p1b: Indeedee|Indeedee, L50, M|100\/100\n|-fieldstart|move: Psychic Terrain|[from] ability: Psychic Surge|[of] p1b: Indeedee\n|switch|p1a: Gallade|Gallade, L50, M|100\/100\n|move|p2a: Tyranitar|Rock Slide|p1a: Gallade|[spread] p1a,p1b\n|-resisted|p1a: Gallade\n|-damage|p1a: Gallade|78\/100\n|-damage|p1b: Indeedee|35\/100\n|move|p2b: Hydreigon|Tailwind|p2b: Hydreigon\n|-sidestart|p2: Sugarvgc|move: Tailwind\n|\n|-weather|Sandstorm|[upkeep]\n|-damage|p1b: Indeedee|29\/100|[from] Sandstorm\n|-damage|p1a: Gallade|72\/100|[from] Sandstorm\n|upkeep\n|turn|3\n|-activate|p2a: Tyranitar|item: Quick Claw\n|\n|t:|1682171015\n|-terastallize|p1a: Gallade|Steel\n|move|p1a: Gallade|Wide Guard|p1a: Gallade\n|-singleturn|p1a: Gallade|Wide Guard\n|move|p2a: Tyranitar|Rock Slide|p1b: Indeedee|[spread] \n|-activate|p1a: Gallade|move: Wide Guard\n|-activate|p1b: Indeedee|move: Wide Guard\n|move|p2b: Hydreigon|Heat Wave|p1a: Gallade|[spread] \n|-activate|p1a: Gallade|move: Wide Guard\n|-activate|p1b: Indeedee|move: Wide Guard\n|move|p1b: Indeedee|Psychic|p2b: Hydreigon\n|-damage|p2b: Hydreigon|0 fnt\n|faint|p2b: Hydreigon\n|\n|-weather|Sandstorm|[upkeep]\n|-damage|p1b: Indeedee|23\/100|[from] Sandstorm\n|upkeep\n|\n|t:|1682171023\n|switch|p2b: Breloom|Breloom, L50, M|100\/100\n|turn|4\n|\n|t:|1682171035\n|move|p2b: Breloom|Spore|p1a: Gallade\n|-status|p1a: Gallade|slp|[from] move: Spore\n|move|p1b: Indeedee|Psychic|p2b: Breloom\n|-supereffective|p2b: Breloom\n|-enditem|p2b: Breloom|Focus Sash\n|-damage|p2b: Breloom|1\/100\n|move|p2a: Tyranitar|Crunch|p1b: Indeedee\n|-supereffective|p1b: Indeedee\n|-damage|p1b: Indeedee|0 fnt\n|faint|p1b: Indeedee\n|cant|p1a: Gallade|slp\n|\n|-weather|Sandstorm|[upkeep]\n|-damage|p2b: Breloom|0 fnt|[from] Sandstorm\n|faint|p2b: Breloom\n|upkeep\n|\n|t:|1682171043\n|switch|p1b: Torkoal|Torkoal, L50, F|61\/100\n|-weather|SunnyDay|[from] ability: Drought|[of] p1b: Torkoal\n|turn|5\n|\n|t:|1682171048\n|move|p1b: Torkoal|Protect|p1b: Torkoal\n|-singleturn|p1b: Torkoal|Protect\n|cant|p1a: Gallade|slp\n|move|p2a: Tyranitar|Rock Slide|p1a: Gallade|[spread] p1a\n|-activate|p1b: Torkoal|move: Protect\n|-resisted|p1a: Gallade\n|-damage|p1a: Gallade|47\/100 slp\n|-enditem|p1a: Gallade|Sitrus Berry|[eat]\n|-heal|p1a: Gallade|72\/100 slp|[from] item: Sitrus Berry\n|\n|-weather|SunnyDay|[upkeep]\n|-sideend|p2: Sugarvgc|move: Tailwind\n|upkeep\n|turn|6\n|-activate|p2a: Tyranitar|item: Quick Claw\n|\n|t:|1682171059\n|cant|p1a: Gallade|slp\n|move|p2a: Tyranitar|Rock Slide|p1b: Torkoal|[spread] p1a,p1b\n|-resisted|p1a: Gallade\n|-supereffective|p1b: Torkoal\n|-damage|p1a: Gallade|49\/100 slp\n|-damage|p1b: Torkoal|9\/100\n|move|p1b: Torkoal|Solar Beam||[still]\n|-prepare|p1b: Torkoal|Solar Beam\n|-anim|p1b: Torkoal|Solar Beam|p2a: Tyranitar\n|-supereffective|p2a: Tyranitar\n|-damage|p2a: Tyranitar|41\/100\n|\n|-weather|SunnyDay|[upkeep]\n|-fieldend|move: Psychic Terrain\n|upkeep\n|turn|7\n|\n|t:|1682171076\n|-curestatus|p1a: Gallade|slp|[msg]\n|move|p1a: Gallade|Wide Guard|p1a: Gallade\n|-singleturn|p1a: Gallade|Wide Guard\n|move|p2a: Tyranitar|Rock Slide|p1b: Torkoal|[spread] \n|-activate|p1a: Gallade|move: Wide Guard\n|-activate|p1b: Torkoal|move: Wide Guard\n|move|p1b: Torkoal|Solar Beam||[still]\n|-prepare|p1b: Torkoal|Solar Beam\n|-anim|p1b: Torkoal|Solar Beam|p2a: Tyranitar\n|-supereffective|p2a: Tyranitar\n|-damage|p2a: Tyranitar|0 fnt\n|faint|p2a: Tyranitar\n|\n|win|dadarvin\n|raw|dadarvin's rating: 1315 → 1337<\/strong> (+22 for winning)\n|raw|Sugarvgc's rating: 1353 → 1331<\/strong> (-22 for losing)\n|l|\u2606Sugarvgc\n","uploadtime":1682171094,"views":11,"p1id":"dadarvin","p2id":"sugarvgc","formatid":"gen9vgc2023regulationc","rating":1331,"private":0,"password":""}