{"id":"gen9vgc2023regulationc-1857238134","p1":"javalanche","p2":"Xalvadore","format":"[Gen 9] VGC 2023 Regulation C","log":"|j|\u2606javalanche\n|j|\u2606Xalvadore\n|t:|1683161900\n|gametype|doubles\n|player|p1|javalanche|swimmerf|1199\n|player|p2|Xalvadore|marnie|1178\n|teamsize|p1|6\n|teamsize|p2|6\n|gen|9\n|tier|[Gen 9] VGC 2023 Regulation C\n|rated|\n|rule|Species Clause: Limit one of each Pok\u00e9mon\n|rule|Item Clause: Limit one of each item\n|clearpoke\n|poke|p1|Lilligant, L50, F|\n|poke|p1|Torkoal, L50, M|\n|poke|p1|Flutter Mane, L50|\n|poke|p1|Kingambit, L50, M|\n|poke|p1|Dragonite, L50, F|\n|poke|p1|Great Tusk, L50|\n|poke|p2|Dragonite, L50, F|\n|poke|p2|Tyranitar, L50, M|\n|poke|p2|Gastrodon, L50, F|\n|poke|p2|Arcanine, L50, M|\n|poke|p2|Meowscarada, L50, F|\n|poke|p2|Scizor, L50, F|\n|teampreview|4\n|\n|t:|1683161927\n|start\n|switch|p1a: Torkoal|Torkoal, L50, M, shiny|100\/100\n|switch|p1b: Lilligant|Lilligant, L50, F, shiny|100\/100\n|switch|p2a: Tyranitar|Tyranitar, L50, M|100\/100\n|switch|p2b: Arcanine|Arcanine, L50, M|100\/100\n|-ability|p2b: Arcanine|Intimidate|boost\n|-unboost|p1a: Torkoal|atk|1\n|-unboost|p1b: Lilligant|atk|1\n|-weather|Sandstorm|[from] ability: Sand Stream|[of] p2a: Tyranitar\n|-weather|SunnyDay|[from] ability: Drought|[of] p1a: Torkoal\n|turn|1\n|\n|t:|1683161946\n|move|p1b: Lilligant|After You|p1a: Torkoal\n|-activate|p1a: Torkoal|move: After You\n|move|p1a: Torkoal|Eruption|p2a: Tyranitar|[spread] p2a,p2b\n|-resisted|p2a: Tyranitar\n|-resisted|p2b: Arcanine\n|-damage|p2a: Tyranitar|74\/100\n|-damage|p2b: Arcanine|63\/100\n|move|p2b: Arcanine|Flare Blitz|p1b: Lilligant\n|-supereffective|p1b: Lilligant\n|-enditem|p1b: Lilligant|Focus Sash\n|-damage|p1b: Lilligant|1\/100\n|-damage|p2b: Arcanine|39\/100|[from] Recoil\n|move|p2a: Tyranitar|Rock Slide|p1a: Torkoal|[spread] p1a,p1b\n|-supereffective|p1a: Torkoal\n|-damage|p1a: Torkoal|53\/100\n|-damage|p1b: Lilligant|0 fnt\n|faint|p1b: Lilligant\n|\n|-weather|SunnyDay|[upkeep]\n|upkeep\n|\n|t:|1683161962\n|switch|p1b: Great Tusk|Great Tusk, L50, shiny|100\/100\n|-activate|p1b: Great Tusk|ability: Protosynthesis\n|-start|p1b: Great Tusk|protosynthesisatk\n|turn|2\n|\n|t:|1683161973\n|switch|p2a: Dragonite|Dragonite, L50, F|100\/100\n|move|p2b: Arcanine|Protect|p2b: Arcanine\n|-singleturn|p2b: Arcanine|Protect\n|move|p1a: Torkoal|Protect|p1a: Torkoal\n|-singleturn|p1a: Torkoal|Protect\n|move|p1b: Great Tusk|Earthquake|p2b: Arcanine|[spread] \n|-activate|p1a: Torkoal|move: Protect\n|-activate|p2b: Arcanine|move: Protect\n|-immune|p2a: Dragonite\n|\n|-weather|SunnyDay|[upkeep]\n|upkeep\n|turn|3\n|\n|t:|1683161992\n|switch|p1a: Dragonite|Dragonite, L50, F|100\/100\n|-terastallize|p2a: Dragonite|Normal\n|move|p2a: Dragonite|Extreme Speed|p1b: Great Tusk\n|-damage|p1b: Great Tusk|61\/100\n|move|p1b: Great Tusk|Earthquake|p2a: Dragonite|[spread] p2a,p2b\n|-immune|p1a: Dragonite\n|-supereffective|p2b: Arcanine\n|-damage|p2a: Dragonite|77\/100\n|-damage|p2b: Arcanine|0 fnt\n|faint|p2b: Arcanine\n|\n|-weather|SunnyDay|[upkeep]\n|upkeep\n|\n|t:|1683162005\n|switch|p2b: Tyranitar|Tyranitar, L50, M|74\/100\n|-weather|Sandstorm|[from] ability: Sand Stream|[of] p2b: Tyranitar\n|-end|p1b: Great Tusk|Protosynthesis\n|turn|4\n|\n|t:|1683162035\n|-end|p1b: Great Tusk|Protosynthesis|[silent]\n|switch|p1b: Torkoal|Torkoal, L50, M, shiny|53\/100\n|-weather|SunnyDay|[from] ability: Drought|[of] p1b: Torkoal\n|move|p1a: Dragonite|Protect|p1a: Dragonite\n|-singleturn|p1a: Dragonite|Protect\n|move|p2a: Dragonite|Tailwind|p2a: Dragonite\n|-sidestart|p2: Xalvadore|move: Tailwind\n|move|p2b: Tyranitar|Rock Slide|p1b: Torkoal|[spread] p1b\n|-activate|p1a: Dragonite|move: Protect\n|-supereffective|p1b: Torkoal\n|-damage|p1b: Torkoal|1\/100\n|\n|-weather|SunnyDay|[upkeep]\n|upkeep\n|turn|5\n|\n|t:|1683162061\n|move|p2a: Dragonite|Extreme Speed|p1b: Torkoal\n|-damage|p1b: Torkoal|0 fnt\n|faint|p1b: Torkoal\n|move|p1a: Dragonite|Extreme Speed|p2a: Dragonite\n|-damage|p2a: Dragonite|47\/100\n|move|p2b: Tyranitar|Rock Slide|p1a: Dragonite\n|-supereffective|p1a: Dragonite\n|-damage|p1a: Dragonite|59\/100\n|\n|-weather|SunnyDay|[upkeep]\n|upkeep\n|\n|t:|1683162082\n|switch|p1b: Great Tusk|Great Tusk, L50, shiny|61\/100\n|-activate|p1b: Great Tusk|ability: Protosynthesis\n|-start|p1b: Great Tusk|protosynthesisatk\n|turn|6\n|\n|t:|1683162097\n|move|p2a: Dragonite|Extreme Speed|p1b: Great Tusk\n|-crit|p1b: Great Tusk\n|-damage|p1b: Great Tusk|0 fnt\n|faint|p1b: Great Tusk\n|-end|p1b: Great Tusk|Protosynthesis|[silent]\n|move|p1a: Dragonite|Extreme Speed|p2a: Dragonite\n|-damage|p2a: Dragonite|22\/100\n|move|p2b: Tyranitar|Rock Slide|p1a: Dragonite\n|-supereffective|p1a: Dragonite\n|-damage|p1a: Dragonite|0 fnt\n|faint|p1a: Dragonite\n|\n|win|Xalvadore\n|raw|javalanche's rating: 1199 → 1172<\/strong> (-27 for losing)\n|raw|Xalvadore's rating: 1178 → 1205<\/strong> (+27 for winning)\n|l|\u2606javalanche\n|c|\u2606Xalvadore|gg\n","uploadtime":1683162112,"views":12,"p1id":"javalanche","p2id":"xalvadore","formatid":"gen9vgc2023regulationc","rating":1172,"private":0,"password":""}