{"id":"gen9vgc2023regulationc-1845733738","p1":"Vgchris0607k","p2":"DrChocolateMD","format":"[Gen 9] VGC 2023 Regulation C","log":"|j|\u2606Vgchris0607k\n|j|\u2606DrChocolateMD\n|t:|1681759597\n|gametype|doubles\n|player|p1|Vgchris0607k|265|1141\n|player|p2|DrChocolateMD|cyrus|1044\n|teamsize|p1|6\n|teamsize|p2|6\n|gen|9\n|tier|[Gen 9] VGC 2023 Regulation C\n|rated|\n|rule|Species Clause: Limit one of each Pok\u00e9mon\n|rule|Item Clause: Limit one of each item\n|clearpoke\n|poke|p1|Flutter Mane, L50|\n|poke|p1|Palafin, L50, F|\n|poke|p1|Amoonguss, L50, F|\n|poke|p1|Arcanine, L50, M|\n|poke|p1|Dragonite, L50, M|\n|poke|p1|Talonflame, L50, F|\n|poke|p2|Ting-Lu, L50|\n|poke|p2|Gyarados, L50, M|\n|poke|p2|Orthworm, L50, M|\n|poke|p2|Dragonite, L50, M|\n|poke|p2|Annihilape, L50, F|\n|poke|p2|Maushold, L50|\n|teampreview|4\n|inactive|Battle timer is ON: inactive players will automatically lose when time's up. (requested by Vgchris0607k)\nDrChocolateMD rejected open team sheets.\n|inactive|Vgchris0607k has 60 seconds left.\n|\n|t:|1681759639\n|start\n|switch|p1a: Flutter Mane|Flutter Mane, L50|100\/100\n|switch|p1b: Talonflame|Talonflame, L50, F|100\/100\n|switch|p2a: Ting-Lu|Ting-Lu, L50|100\/100\n|switch|p2b: Orthworm|Orthworm, L50, M|100\/100\n|-ability|p2a: Ting-Lu|Vessel of Ruin\n|turn|1\n|\n|t:|1681759658\n|-terastallize|p2b: Orthworm|Fire\n|move|p1b: Talonflame|Flare Blitz|p2b: Orthworm\n|-resisted|p2b: Orthworm\n|-damage|p2b: Orthworm|82\/100\n|-damage|p1b: Talonflame|93\/100|[from] Recoil\n|move|p1a: Flutter Mane|Dazzling Gleam|p2b: Orthworm|[spread] p2a,p2b\n|-supereffective|p2a: Ting-Lu\n|-resisted|p2b: Orthworm\n|-damage|p2a: Ting-Lu|48\/100\n|-damage|p2b: Orthworm|61\/100\n|move|p2a: Ting-Lu|Rock Slide|p1b: Talonflame|[spread] p1a,p1b\n|-supereffective|p1b: Talonflame\n|-damage|p1a: Flutter Mane|66\/100\n|-damage|p1b: Talonflame|0 fnt\n|faint|p1b: Talonflame\n|move|p2b: Orthworm|Iron Defense|p2b: Orthworm\n|-boost|p2b: Orthworm|def|2\n|\n|upkeep\n|\n|t:|1681759676\n|switch|p1b: Dragonite|Dragonite, L50, M|100\/100\n|turn|2\n|\n|t:|1681759695\n|-end|p1a: Flutter Mane|Protosynthesis|[silent]\n|switch|p1a: Arcanine|Arcanine, L50, M|100\/100\n|-ability|p1a: Arcanine|Intimidate|boost\n|-unboost|p2a: Ting-Lu|atk|1\n|-unboost|p2b: Orthworm|atk|1\n|move|p1b: Dragonite|Ice Spinner|p2a: Ting-Lu\n|-supereffective|p2a: Ting-Lu\n|-damage|p2a: Ting-Lu|0 fnt\n|faint|p2a: Ting-Lu\n|move|p2b: Orthworm|Shed Tail|p2b: Orthworm\n|-start|p2b: Orthworm|Substitute|[from] move: Shed Tail\n|-damage|p2b: Orthworm|11\/100\n|-enditem|p2b: Orthworm|Sitrus Berry|[eat]\n|-heal|p2b: Orthworm|36\/100|[from] item: Sitrus Berry\n|\n|t:|1681759709\n|switch|p2b: Dragonite|Dragonite, L50, M|100\/100|[from] Shed Tail\n|\n|upkeep\n|\n|t:|1681759724\n|switch|p2a: Orthworm|Orthworm, L50, M, tera:Fire|36\/100\n|turn|3\n|\n|t:|1681759738\n|switch|p2a: Gyarados|Gyarados, L50, M|100\/100\n|-ability|p2a: Gyarados|Intimidate|boost\n|-unboost|p1a: Arcanine|atk|1\n|-unboost|p1b: Dragonite|atk|1\n|move|p2b: Dragonite|Dragon Dance|p2b: Dragonite\n|-boost|p2b: Dragonite|atk|1\n|-boost|p2b: Dragonite|spe|1\n|move|p1a: Arcanine|Will-O-Wisp||[still]\n|-fail|p1a: Arcanine\n|move|p1b: Dragonite|Ice Spinner|p2a: Gyarados\n|-damage|p2a: Gyarados|70\/100\n|\n|upkeep\n|turn|4\n|\n|t:|1681759763\n|-terastallize|p1a: Arcanine|Water\n|move|p2b: Dragonite|Dragon Dance|p2b: Dragonite\n|-boost|p2b: Dragonite|atk|1\n|-boost|p2b: Dragonite|spe|1\n|move|p2a: Gyarados|Thunder Wave|p1b: Dragonite\n|-status|p1b: Dragonite|par\n|move|p1a: Arcanine|Flare Blitz|p2b: Dragonite\n|-resisted|p2b: Dragonite\n|-activate|p2b: Dragonite|move: Substitute|[damage]\n|-damage|p1a: Arcanine|94\/100|[from] Recoil|[of] p2b: Dragonite\n|move|p1b: Dragonite|Ice Spinner|p2b: Dragonite\n|-supereffective|p2b: Dragonite\n|-end|p2b: Dragonite|Substitute\n|\n|upkeep\n|turn|5\n|inactive|DrChocolateMD has 30 seconds left.\n|\n|t:|1681759789\n|switch|p2a: Orthworm|Orthworm, L50, M, tera:Fire|36\/100\n|switch|p1b: Flutter Mane|Flutter Mane, L50|66\/100\n|move|p2b: Dragonite|Earthquake|p1a: Arcanine|[spread] p1a,p1b\n|-heal|p2a: Orthworm|61\/100|[from] ability: Earth Eater|[of] p2b: Dragonite\n|-damage|p1a: Arcanine|36\/100\n|-damage|p1b: Flutter Mane|0 fnt\n|faint|p1b: Flutter Mane\n|-end|p1b: Flutter Mane|Protosynthesis|[silent]\n|move|p1a: Arcanine|Will-O-Wisp|p2b: Dragonite\n|-status|p2b: Dragonite|brn\n|-enditem|p2b: Dragonite|Lum Berry|[eat]\n|-curestatus|p2b: Dragonite|brn|[msg]\n|\n|upkeep\n|-message|Vgchris0607k forfeited.\n|\n|win|DrChocolateMD\n|raw|Vgchris0607k's rating: 1141 → 1109<\/strong> (-32 for losing)\n|raw|DrChocolateMD's rating: 1044 → 1086<\/strong> (+42 for winning)\n","uploadtime":1681759808,"views":7,"p1id":"vgchris0607k","p2id":"drchocolatemd","formatid":"gen9vgc2023regulationc","rating":1086,"private":0,"password":""}