{"id":"gen9vgc2023regulationc-1859137196","p1":"Pokepinga2000","p2":"tetsuokaga","format":"[Gen 9] VGC 2023 Regulation C","log":"|j|\u2606Pokepinga2000\n|j|\u2606tetsuokaga\n|t:|1683408931\n|gametype|doubles\n|player|p1|Pokepinga2000|riley|1200\n|player|p2|tetsuokaga|winona-gen6|1160\n|teamsize|p1|6\n|teamsize|p2|6\n|gen|9\n|tier|[Gen 9] VGC 2023 Regulation C\n|rated|\n|rule|Species Clause: Limit one of each Pok\u00e9mon\n|rule|Item Clause: Limit one of each item\n|clearpoke\n|poke|p1|Chi-Yu, L50|\n|poke|p1|Torkoal, L50, F|\n|poke|p1|Lilligant, L50, F|\n|poke|p1|Flutter Mane, L50|\n|poke|p1|Iron Bundle, L50|\n|poke|p1|Skeledirge, L50, M|\n|poke|p2|Azumarill, L50, M|\n|poke|p2|Gothorita, L50, M|\n|poke|p2|Gothitelle, L50, F|\n|poke|p2|Coalossal, L50, F|\n|poke|p2|Dragapult, L50, M|\n|poke|p2|Flutter Mane, L50|\n|teampreview|4\n|inactive|Battle timer is ON: inactive players will automatically lose when time's up. (requested by tetsuokaga)\n|inactive|Pokepinga2000 has 60 seconds left.\n|\n|t:|1683408988\n|start\n|switch|p1a: Skeledirge|Skeledirge, L50, M|100\/100\n|switch|p1b: Lilligant|Lilligant, L50, F|100\/100\n|switch|p2a: Azumarill|Azumarill, L50, M|100\/100\n|switch|p2b: Coalossal|Coalossal, L50, F|100\/100\n|turn|1\n|\n|t:|1683409006\n|-terastallize|p2b: Coalossal|Grass\n|move|p2a: Azumarill|Aqua Jet|p2b: Coalossal\n|-resisted|p2b: Coalossal\n|-damage|p2b: Coalossal|94\/100\n|-ability|p2b: Coalossal|Steam Engine|boost\n|-boost|p2b: Coalossal|spe|6\n|-enditem|p2b: Coalossal|Absorb Bulb\n|-boost|p2b: Coalossal|spa|1|[from] item: Absorb Bulb\n|move|p2b: Coalossal|Heat Wave|p1a: Skeledirge|[spread] p1a,p1b\n|-resisted|p1a: Skeledirge\n|-supereffective|p1b: Lilligant\n|-damage|p1a: Skeledirge|85\/100\n|-enditem|p1b: Lilligant|Focus Sash\n|-damage|p1b: Lilligant|1\/100\n|move|p1b: Lilligant|Sleep Powder|p2b: Coalossal\n|-immune|p2b: Coalossal\n|move|p1a: Skeledirge|Sing|p2a: Azumarill|[miss]\n|-miss|p1a: Skeledirge|p2a: Azumarill\n|-enditem|p1a: Skeledirge|Blunder Policy\n|-boost|p1a: Skeledirge|spe|2\n|\n|upkeep\n|turn|2\n|inactive|Pokepinga2000 has 30 seconds left.\n|inactive|tetsuokaga has 30 seconds left.\n|\n|t:|1683409040\n|move|p1b: Lilligant|Protect|p1b: Lilligant\n|-singleturn|p1b: Lilligant|Protect\n|move|p2a: Azumarill|Aqua Jet|p1a: Skeledirge\n|-supereffective|p1a: Skeledirge\n|-damage|p1a: Skeledirge|56\/100\n|move|p2b: Coalossal|Power Gem|p1a: Skeledirge\n|-supereffective|p1a: Skeledirge\n|-crit|p1a: Skeledirge\n|-damage|p1a: Skeledirge|0 fnt\n|faint|p1a: Skeledirge\n|\n|upkeep\n|\n|t:|1683409052\n|switch|p1a: Chi-Yu|Chi-Yu, L50|100\/100\n|-ability|p1a: Chi-Yu|Beads of Ruin\n|turn|3\n|\n|t:|1683409063\n|-terastallize|p1a: Chi-Yu|Dark\n|move|p2b: Coalossal|Protect|p2b: Coalossal\n|-singleturn|p2b: Coalossal|Protect\n|move|p1b: Lilligant|Protect||[still]\n|-fail|p1b: Lilligant\n|move|p2a: Azumarill|Aqua Jet|p1b: Lilligant\n|-resisted|p1b: Lilligant\n|-crit|p1b: Lilligant\n|-damage|p1b: Lilligant|0 fnt\n|faint|p1b: Lilligant\n|move|p1a: Chi-Yu|Dark Pulse|p2b: Coalossal\n|-activate|p2b: Coalossal|move: Protect\n|\n|upkeep\n|\n|t:|1683409072\n|switch|p1b: Iron Bundle|Iron Bundle, L50|100\/100\n|-enditem|p1b: Iron Bundle|Booster Energy\n|-activate|p1b: Iron Bundle|ability: Quark Drive|[fromitem]\n|-start|p1b: Iron Bundle|quarkdrivespe\n|turn|4\n|\n|t:|1683409083\n|move|p2b: Coalossal|Power Gem|p1b: Iron Bundle\n|-supereffective|p1b: Iron Bundle\n|-damage|p1b: Iron Bundle|0 fnt\n|faint|p1b: Iron Bundle\n|-end|p1b: Iron Bundle|Quark Drive|[silent]\n|move|p1a: Chi-Yu|Dark Pulse|p2b: Coalossal\n|-damage|p2b: Coalossal|14\/100\n|move|p2a: Azumarill|Perish Song|p2a: Azumarill\n|-start|p1a: Chi-Yu|perish3|[silent]\n|-start|p2a: Azumarill|perish3|[silent]\n|-start|p2b: Coalossal|perish3|[silent]\n|-fieldactivate|move: Perish Song\n|\n|-start|p2b: Coalossal|perish3\n|-start|p1a: Chi-Yu|perish3\n|-start|p2a: Azumarill|perish3\n|upkeep\n|turn|5\n|\n|t:|1683409093\n|move|p2b: Coalossal|Protect|p2b: Coalossal\n|-singleturn|p2b: Coalossal|Protect\n|move|p2a: Azumarill|Protect|p2a: Azumarill\n|-singleturn|p2a: Azumarill|Protect\n|move|p1a: Chi-Yu|Dark Pulse|p2a: Azumarill\n|-activate|p2a: Azumarill|move: Protect\n|\n|-start|p2b: Coalossal|perish2\n|-start|p1a: Chi-Yu|perish2\n|-start|p2a: Azumarill|perish2\n|upkeep\n|turn|6\n|\n|t:|1683409099\n|switch|p2b: Flutter Mane|Flutter Mane, L50|100\/100\n|-enditem|p2b: Flutter Mane|Booster Energy\n|-activate|p2b: Flutter Mane|ability: Protosynthesis|[fromitem]\n|-start|p2b: Flutter Mane|protosynthesisspe\n|switch|p2a: Dragapult|Dragapult, L50, M|100\/100\n|move|p1a: Chi-Yu|Dark Pulse|p2b: Flutter Mane\n|-damage|p2b: Flutter Mane|40\/100\n|\n|-start|p1a: Chi-Yu|perish1\n|upkeep\n|turn|7\n|\n|t:|1683409109\n|-end|p2b: Flutter Mane|Protosynthesis|[silent]\n|switch|p2b: Azumarill|Azumarill, L50, M|100\/100\n|move|p1a: Chi-Yu|Dark Pulse|p2a: Dragapult\n|-supereffective|p2a: Dragapult\n|-enditem|p2a: Dragapult|Focus Sash\n|-damage|p2a: Dragapult|1\/100\n|cant|p2a: Dragapult|flinch\n|\n|-start|p1a: Chi-Yu|perish0\n|upkeep\n|faint|p1a: Chi-Yu\n|\n|win|tetsuokaga\n|raw|Pokepinga2000's rating: 1200 → 1172<\/strong> (-28 for losing)\n|raw|tetsuokaga's rating: 1160 → 1188<\/strong> (+28 for winning)\n|l|\u2606Pokepinga2000\n","uploadtime":1683409136,"views":16,"p1id":"pokepinga2000","p2id":"tetsuokaga","formatid":"gen9vgc2023regulationc","rating":1172,"private":0,"password":""}