{"id":"gen9vgc2023regulationc-1861601984","p1":"revocolombia","p2":"SnarkyShane","format":"[Gen 9] VGC 2023 Regulation C","log":"|j|\u2606revocolombia\n|j|\u2606SnarkyShane\n|t:|1683779584\n|gametype|doubles\n|player|p1|revocolombia|169|1375\n|player|p2|SnarkyShane|gambler|1379\n|teamsize|p1|6\n|teamsize|p2|6\n|gen|9\n|tier|[Gen 9] VGC 2023 Regulation C\n|rated|\n|rule|Species Clause: Limit one of each Pok\u00e9mon\n|rule|Item Clause: Limit one of each item\n|clearpoke\n|poke|p1|Flutter Mane, L50|\n|poke|p1|Great Tusk, L50|\n|poke|p1|Gholdengo, L50|\n|poke|p1|Chien-Pao, L50|\n|poke|p1|Murkrow, L50, M|\n|poke|p1|Baxcalibur, L50, M|\n|poke|p2|Iron Jugulis, L50|\n|poke|p2|Palafin, L50, F|\n|poke|p2|Pelipper, L50, F|\n|poke|p2|Ting-Lu, L50|\n|poke|p2|Maushold-Four, L50|\n|poke|p2|Flutter Mane, L50|\n|teampreview|4\n|inactive|Battle timer is ON: inactive players will automatically lose when time's up. (requested by SnarkyShane)\n|inactive|SnarkyShane has 60 seconds left.\n|\n|t:|1683779617\n|start\n|switch|p1a: Great Tusk|Great Tusk, L50|100\/100\n|switch|p1b: Murkrow|Murkrow, L50, M|100\/100\n|switch|p2a: Iron Jugulis|Iron Jugulis, L50|100\/100\n|switch|p2b: Palafin|Palafin, L50, F|100\/100\n|-enditem|p2a: Iron Jugulis|Booster Energy\n|-activate|p2a: Iron Jugulis|ability: Quark Drive|[fromitem]\n|-start|p2a: Iron Jugulis|quarkdrivespe\n|turn|1\n|inactive|revocolombia has 30 seconds left.\n|\n|t:|1683779651\n|-terastallize|p1a: Great Tusk|Fire\n|move|p2b: Palafin|Protect|p2b: Palafin\n|-singleturn|p2b: Palafin|Protect\n|move|p1b: Murkrow|Sunny Day|p1b: Murkrow\n|-weather|SunnyDay\n|-activate|p1a: Great Tusk|ability: Protosynthesis\n|-start|p1a: Great Tusk|protosynthesisatk\n|move|p2a: Iron Jugulis|Taunt|p1b: Murkrow\n|-start|p1b: Murkrow|move: Taunt\n|move|p1a: Great Tusk|Rock Slide|p2a: Iron Jugulis|[spread] p2a\n|-activate|p2b: Palafin|move: Protect\n|-supereffective|p2a: Iron Jugulis\n|-damage|p2a: Iron Jugulis|43\/100\n|\n|-weather|SunnyDay|[upkeep]\n|upkeep\n|turn|2\n|inactive|SnarkyShane has 30 seconds left.\n|\n|t:|1683779681\n|-end|p2a: Iron Jugulis|Quark Drive|[silent]\n|switch|p2a: Ting-Lu|Ting-Lu, L50|100\/100\n|-ability|p2a: Ting-Lu|Vessel of Ruin\n|detailschange|p2b: Palafin|Palafin-Hero, L50, F\n|switch|p2b: Maushold|Maushold-Four, L50|100\/100\n|switch|p1b: Baxcalibur|Baxcalibur, L50, M|100\/100\n|move|p1a: Great Tusk|Rock Slide|p2b: Maushold|[spread] p2a,p2b\n|-resisted|p2a: Ting-Lu\n|-damage|p2a: Ting-Lu|95\/100\n|-damage|p2b: Maushold|67\/100\n|\n|-weather|SunnyDay|[upkeep]\n|upkeep\n|turn|3\n|inactive|SnarkyShane has 30 seconds left.\n|inactive|SnarkyShane has 20 seconds left.\n|inactive|SnarkyShane has 15 seconds left.\n|inactive|SnarkyShane has 10 seconds left.\n|\n|t:|1683779728\n|move|p2b: Maushold|Protect|p2b: Maushold\n|-singleturn|p2b: Maushold|Protect\n|move|p1a: Great Tusk|Brick Break|p2a: Ting-Lu\n|-supereffective|p2a: Ting-Lu\n|-damage|p2a: Ting-Lu|51\/100\n|move|p1b: Baxcalibur|Glaive Rush|p2b: Maushold\n|-activate|p2b: Maushold|move: Protect\n|move|p2a: Ting-Lu|Ruination|p1b: Baxcalibur\n|-damage|p1b: Baxcalibur|50\/100\n|\n|-weather|SunnyDay|[upkeep]\n|upkeep\n|turn|4\n|inactive|SnarkyShane has 30 seconds left.\n|\n|t:|1683779758\n|switch|p2b: Iron Jugulis|Iron Jugulis, L50|43\/100\n|move|p1a: Great Tusk|Brick Break|p2b: Iron Jugulis\n|-damage|p2b: Iron Jugulis|0 fnt\n|faint|p2b: Iron Jugulis\n|-end|p2b: Iron Jugulis|Quark Drive|[silent]\n|move|p1b: Baxcalibur|Glaive Rush|p2a: Ting-Lu\n|-damage|p2a: Ting-Lu|0 fnt\n|-singlemove|p1b: Baxcalibur|Glaive Rush|[silent]\n|faint|p2a: Ting-Lu\n|-damage|p1b: Baxcalibur|40\/100|[from] item: Life Orb\n|\n|-weather|SunnyDay|[upkeep]\n|upkeep\n|\n|t:|1683779772\n|switch|p2b: Palafin|Palafin-Hero, L50, F|100\/100\n|switch|p2a: Maushold|Maushold-Four, L50|67\/100\n|-activate|p2b: Palafin|ability: Zero to Hero\n|turn|5\n|\n|t:|1683779782\n|move|p2a: Maushold|Protect|p2a: Maushold\n|-singleturn|p2a: Maushold|Protect\n|move|p2b: Palafin|Protect|p2b: Palafin\n|-singleturn|p2b: Palafin|Protect\n|move|p1b: Baxcalibur|Protect|p1b: Baxcalibur\n|-singleturn|p1b: Baxcalibur|Protect\n|move|p1a: Great Tusk|Earthquake|p2a: Maushold|[spread] \n|-activate|p1b: Baxcalibur|move: Protect\n|-activate|p2a: Maushold|move: Protect\n|-activate|p2b: Palafin|move: Protect\n|\n|-weather|none\n|-end|p1a: Great Tusk|Protosynthesis\n|upkeep\n|turn|6\n|\n|t:|1683779805\n|-terastallize|p2b: Palafin|Water\n|move|p2a: Maushold|Feint|p1a: Great Tusk\n|-damage|p1a: Great Tusk|96\/100\n|move|p2b: Palafin|Jet Punch|p1a: Great Tusk\n|-supereffective|p1a: Great Tusk\n|-damage|p1a: Great Tusk|34\/100\n|move|p1a: Great Tusk|Brick Break|p2a: Maushold\n|-supereffective|p2a: Maushold\n|-damage|p2a: Maushold|0 fnt\n|faint|p2a: Maushold\n|move|p1b: Baxcalibur|Glaive Rush|p2b: Palafin\n|-damage|p2b: Palafin|14\/100\n|-singlemove|p1b: Baxcalibur|Glaive Rush|[silent]\n|-damage|p1b: Baxcalibur|30\/100|[from] item: Life Orb\n|\n|-heal|p2b: Palafin|20\/100|[from] item: Leftovers\n|upkeep\n|turn|7\n|inactive|revocolombia has 30 seconds left.\n|inactive|SnarkyShane has 30 seconds left.\n|-message|SnarkyShane forfeited.\n|\n|win|revocolombia\n|raw|revocolombia's rating: 1375 → 1395<\/strong> (+20 for winning)\n|raw|SnarkyShane's rating: 1379 → 1359<\/strong> (-20 for losing)\n|l|\u2606SnarkyShane\n","uploadtime":1683779839,"views":17,"p1id":"revocolombia","p2id":"snarkyshane","formatid":"gen9vgc2023regulationc","rating":1359,"private":0,"password":""}