{"id":"gen9vgc2023regulationc-1855465371","p1":"QuarkDragonisGOD","p2":"SHYNIIIIIIIIII","format":"[Gen 9] VGC 2023 Regulation C","log":"|j|\u2606QuarkDragonisGOD\n|j|\u2606SHYNIIIIIIIIII\n|t:|1682953952\n|gametype|doubles\n|player|p1|QuarkDragonisGOD|265|1115\n|player|p2|SHYNIIIIIIIIII|colress|1083\n|teamsize|p1|6\n|teamsize|p2|6\n|gen|9\n|tier|[Gen 9] VGC 2023 Regulation C\n|rated|\n|rule|Species Clause: Limit one of each Pok\u00e9mon\n|rule|Item Clause: Limit one of each item\n|clearpoke\n|poke|p1|Arcanine, L50, F|\n|poke|p1|Palafin, L50, F|\n|poke|p1|Baxcalibur, L50, F|\n|poke|p1|Flutter Mane, L50|\n|poke|p1|Amoonguss, L50, F|\n|poke|p1|Ting-Lu, L50|\n|poke|p2|Amoonguss, L50, F|\n|poke|p2|Annihilape, L50, M|\n|poke|p2|Maushold-Four, L50|\n|poke|p2|Indeedee-F, L50, F|\n|poke|p2|Masquerain, L50, M|\n|poke|p2|Gardevoir, L50, F|\n|teampreview|4\n|\n|t:|1682954011\n|start\n|switch|p1a: Palafin|Palafin, L50, F|100\/100\n|switch|p1b: Arcanine|Arcanine, L50, F|100\/100\n|switch|p2a: Annihilape|Annihilape, L50, M|100\/100\n|switch|p2b: Maushold|Maushold-Four, L50|100\/100\n|-ability|p1b: Arcanine|Intimidate|boost\n|-unboost|p2a: Annihilape|atk|1\n|-ability|p2a: Annihilape|Defiant|boost\n|-boost|p2a: Annihilape|atk|2\n|-unboost|p2b: Maushold|atk|1\n|turn|1\n|\n|t:|1682954037\n|-terastallize|p2a: Annihilape|Ghost\n|move|p2b: Maushold|Beat Up|p2a: Annihilape\n|-supereffective|p2a: Annihilape\n|-damage|p2a: Annihilape|96\/100\n|-enditem|p2a: Annihilape|Weakness Policy\n|-boost|p2a: Annihilape|atk|2|[from] item: Weakness Policy\n|-boost|p2a: Annihilape|spa|2|[from] item: Weakness Policy\n|-supereffective|p2a: Annihilape\n|-damage|p2a: Annihilape|92\/100\n|-supereffective|p2a: Annihilape\n|-crit|p2a: Annihilape\n|-damage|p2a: Annihilape|85\/100\n|-supereffective|p2a: Annihilape\n|-damage|p2a: Annihilape|82\/100\n|-hitcount|p2a: Annihilape|4\n|move|p2a: Annihilape|Rage Fist|p1b: Arcanine\n|-damage|p1b: Arcanine|0 fnt\n|faint|p1b: Arcanine\n|move|p1a: Palafin|Wave Crash|p2b: Maushold\n|-damage|p2b: Maushold|18\/100\n|-damage|p1a: Palafin|76\/100|[from] Recoil\n|\n|upkeep\n|\n|t:|1682954051\n|switch|p1b: Amoonguss|Amoonguss, L50, F|100\/100\n|turn|2\n|\n|t:|1682954058\n|move|p2b: Maushold|Follow Me|p2b: Maushold\n|-singleturn|p2b: Maushold|move: Follow Me\n|move|p2a: Annihilape|Rage Fist|p1b: Amoonguss\n|-damage|p1b: Amoonguss|0 fnt\n|faint|p1b: Amoonguss\n|move|p1a: Palafin|Haze|p1a: Palafin\n|-clearallboost\n|\n|upkeep\n|\n|t:|1682954063\n|switch|p1b: Ting-Lu|Ting-Lu, L50|100\/100\n|-ability|p1b: Ting-Lu|Vessel of Ruin\n|turn|3\n|\n|t:|1682954082\n|move|p2b: Maushold|Follow Me|p2b: Maushold\n|-singleturn|p2b: Maushold|move: Follow Me\n|move|p1a: Palafin|Jet Punch|p2b: Maushold\n|-damage|p2b: Maushold|0 fnt\n|faint|p2b: Maushold\n|move|p2a: Annihilape|Rage Fist|p1a: Palafin\n|-damage|p1a: Palafin|0 fnt\n|faint|p1a: Palafin\n|move|p1b: Ting-Lu|Payback|p2a: Annihilape\n|-supereffective|p2a: Annihilape\n|-damage|p2a: Annihilape|0 fnt\n|faint|p2a: Annihilape\n|\n|upkeep\n|\n|t:|1682954098\n|switch|p2b: Gardevoir|Gardevoir, L50, F|100\/100\n|switch|p2a: Indeedee|Indeedee-F, L50, F|100\/100\n|-ability|p2b: Gardevoir|Vessel of Ruin\n|-ability|p2b: Gardevoir|Vessel of Ruin|[from] ability: Trace|[of] p1b: Ting-Lu\n|-fieldstart|move: Psychic Terrain|[from] ability: Psychic Surge|[of] p2a: Indeedee\n|turn|4\n|\n|t:|1682954124\n|-terastallize|p1b: Ting-Lu|Grass\n|move|p2b: Gardevoir|Dazzling Gleam|p1b: Ting-Lu\n|-damage|p1b: Ting-Lu|86\/100\n|move|p2a: Indeedee|Reflect|p2a: Indeedee\n|-sidestart|p2: SHYNIIIIIIIIII|Reflect\n|move|p1b: Ting-Lu|Heavy Slam|p2b: Gardevoir\n|-supereffective|p2b: Gardevoir\n|-damage|p2b: Gardevoir|26\/100\n|\n|upkeep\n|turn|5\n|\n|t:|1682954137\n|move|p2a: Indeedee|Follow Me|p2a: Indeedee\n|-singleturn|p2a: Indeedee|move: Follow Me\n|move|p2b: Gardevoir|Dazzling Gleam|p1b: Ting-Lu\n|-damage|p1b: Ting-Lu|70\/100\n|move|p1b: Ting-Lu|Payback|p2a: Indeedee\n|-supereffective|p2a: Indeedee\n|-damage|p2a: Indeedee|0 fnt\n|faint|p2a: Indeedee\n|\n|upkeep\n|turn|6\n|\n|t:|1682954146\n|move|p2b: Gardevoir|Dazzling Gleam|p1b: Ting-Lu\n|-damage|p1b: Ting-Lu|54\/100\n|move|p1b: Ting-Lu|Heavy Slam|p2b: Gardevoir\n|-supereffective|p2b: Gardevoir\n|-damage|p2b: Gardevoir|0 fnt\n|faint|p2b: Gardevoir\n|\n|win|QuarkDragonisGOD\n|raw|QuarkDragonisGOD's rating: 1115 → 1138<\/strong> (+23 for winning)\n|raw|SHYNIIIIIIIIII's rating: 1083 → 1063<\/strong> (-20 for losing)\n|l|\u2606SHYNIIIIIIIIII\n|l|\u2606QuarkDragonisGOD\n|j|\u2606QuarkDragonisGOD\n|player|p1|QuarkDragonisGOD|265\n|l|\u2606QuarkDragonisGOD\n|player|p1|\n|j|\u2606QuarkDragonisGOD\n|player|p1|QuarkDragonisGOD|265\n","uploadtime":1682954786,"views":24,"p1id":"quarkdragonisgod","p2id":"shyniiiiiiiiii","formatid":"gen9vgc2023regulationc","rating":1063,"private":0,"password":""}