{"id":"gen9vgc2023regulationc-1845531331","p1":"cat vomiting","p2":"XinBluQAQ","format":"[Gen 9] VGC 2023 Regulation C","log":"|j|\u2606cat vomiting\n|j|\u2606XinBluQAQ\n|t:|1681742570\n|gametype|doubles\n|player|p1|cat vomiting|roxie|\n|player|p2|XinBluQAQ|shadowtriad|\n|teamsize|p1|6\n|teamsize|p2|6\n|gen|9\n|tier|[Gen 9] VGC 2023 Regulation C\n|rule|Species Clause: Limit one of each Pok\u00e9mon\n|rule|Item Clause: Limit one of each item\n|clearpoke\n|poke|p1|Baxcalibur, L50, F|\n|poke|p1|Scream Tail, L50|\n|poke|p1|Gyarados, L50, F|\n|poke|p1|Great Tusk, L50|\n|poke|p1|Iron Hands, L50|\n|poke|p1|Braviary, L50, M|\n|poke|p2|Talonflame, L50, F|\n|poke|p2|Iron Bundle, L50|\n|poke|p2|Iron Hands, L50|\n|poke|p2|Garchomp, L50, M|\n|poke|p2|Chien-Pao, L50|\n|poke|p2|Flutter Mane, L50|\n|teampreview|4\ncat vomiting has agreed to open team sheets.\nXinBluQAQ has agreed to open team sheets.\n|inactive|Battle timer is ON: inactive players will automatically lose when time's up. (requested by XinBluQAQ)\n|\n|t:|1681742624\n|start\n|switch|p1a: Scream Tail|Scream Tail, L50|100\/100\n|switch|p1b: Baxcalibur|Baxcalibur, L50, F|100\/100\n|switch|p2a: Iron Bundle|Iron Bundle, L50|100\/100\n|switch|p2b: Flutter Mane|Flutter Mane, L50|100\/100\n|-enditem|p2a: Iron Bundle|Booster Energy\n|-activate|p2a: Iron Bundle|ability: Quark Drive|[fromitem]\n|-start|p2a: Iron Bundle|quarkdrivespe\n|-enditem|p1a: Scream Tail|Booster Energy\n|-activate|p1a: Scream Tail|ability: Protosynthesis|[fromitem]\n|-start|p1a: Scream Tail|protosynthesisspe\n|turn|1\n|inactive|XinBluQAQ has 30 seconds left.\n|inactive|cat vomiting has 30 seconds left.\n|inactive|XinBluQAQ has 20 seconds left.\n|inactive|XinBluQAQ has 15 seconds left.\n|inactive|XinBluQAQ has 10 seconds left.\n|inactive|XinBluQAQ has 5 seconds left.\n|\n|t:|1681742675\n|-terastallize|p2b: Flutter Mane|Water\n|move|p2a: Iron Bundle|Protect|p2a: Iron Bundle\n|-singleturn|p2a: Iron Bundle|Protect\n|move|p1a: Scream Tail|Thunder Wave|p2b: Flutter Mane\n|-status|p2b: Flutter Mane|par\n|move|p1b: Baxcalibur|Icicle Spear|p2b: Flutter Mane\n|-resisted|p2b: Flutter Mane\n|-damage|p2b: Flutter Mane|89\/100 par\n|-resisted|p2b: Flutter Mane\n|-damage|p2b: Flutter Mane|77\/100 par\n|-resisted|p2b: Flutter Mane\n|-damage|p2b: Flutter Mane|64\/100 par\n|-resisted|p2b: Flutter Mane\n|-damage|p2b: Flutter Mane|53\/100 par\n|-hitcount|p2b: Flutter Mane|4\n|cant|p2b: Flutter Mane|par\n|\n|upkeep\n|turn|2\n|\n|t:|1681742699\n|-end|p2b: Flutter Mane|Protosynthesis|[silent]\n|switch|p2b: Iron Hands|Iron Hands, L50, shiny|100\/100\n|move|p2a: Iron Bundle|Freeze-Dry|p1a: Scream Tail\n|-damage|p1a: Scream Tail|75\/100\n|-status|p1a: Scream Tail|frz\n|cant|p1a: Scream Tail|frz\n|move|p1b: Baxcalibur|Glaive Rush|p2b: Iron Hands\n|-damage|p2b: Iron Hands|51\/100\n|-singlemove|p1b: Baxcalibur|Glaive Rush|[silent]\n|\n|upkeep\n|turn|3\n|\n|t:|1681742720\n|move|p1b: Baxcalibur|Protect|p1b: Baxcalibur\n|-singleturn|p1b: Baxcalibur|Protect\n|move|p2a: Iron Bundle|Freeze-Dry|p1b: Baxcalibur\n|-activate|p1b: Baxcalibur|move: Protect\n|cant|p1a: Scream Tail|frz\n|move|p2b: Iron Hands|Close Combat|p1b: Baxcalibur\n|-activate|p1b: Baxcalibur|move: Protect\n|\n|upkeep\n|turn|4\n|\n|t:|1681742734\n|-terastallize|p1b: Baxcalibur|Poison\n|move|p2a: Iron Bundle|Freeze-Dry|p1a: Scream Tail\n|-damage|p1a: Scream Tail|53\/100 frz\n|cant|p1a: Scream Tail|frz\n|move|p1b: Baxcalibur|Glaive Rush|p2b: Iron Hands\n|-damage|p2b: Iron Hands|0 fnt\n|-singlemove|p1b: Baxcalibur|Glaive Rush|[silent]\n|faint|p2b: Iron Hands\n|-end|p2b: Iron Hands|Quark Drive|[silent]\n|\n|upkeep\n|\n|t:|1681742744\n|switch|p2b: Garchomp|Garchomp, L50, M|100\/100\n|turn|5\n|\n|t:|1681742756\n|move|p1b: Baxcalibur|Protect|p1b: Baxcalibur\n|-singleturn|p1b: Baxcalibur|Protect\n|move|p2a: Iron Bundle|Freeze-Dry|p1b: Baxcalibur\n|-activate|p1b: Baxcalibur|move: Protect\n|cant|p1a: Scream Tail|frz\n|move|p2b: Garchomp|Iron Head|p1a: Scream Tail\n|-supereffective|p1a: Scream Tail\n|-damage|p1a: Scream Tail|13\/100 frz\n|\n|upkeep\n|turn|6\n|\n|t:|1681742777\n|-end|p1a: Scream Tail|Protosynthesis|[silent]\n|switch|p1a: Iron Hands|Iron Hands, L50|100\/100\n|move|p2b: Garchomp|Protect|p2b: Garchomp\n|-singleturn|p2b: Garchomp|Protect\n|move|p2a: Iron Bundle|Icy Wind|p1a: Iron Hands|[spread] p1a,p1b\n|-damage|p1a: Iron Hands|89\/100\n|-damage|p1b: Baxcalibur|84\/100\n|-unboost|p1a: Iron Hands|spe|1\n|-unboost|p1b: Baxcalibur|spe|1\n|move|p1b: Baxcalibur|Icicle Spear|p2b: Garchomp\n|-activate|p2b: Garchomp|move: Protect\n|\n|upkeep\n|turn|7\n|\n|t:|1681742800\n|switch|p2b: Flutter Mane|Flutter Mane, L50, tera:Water|53\/100 par\n|move|p1a: Iron Hands|Fake Out|p2b: Flutter Mane\n|-damage|p2b: Flutter Mane|26\/100 par\n|move|p2a: Iron Bundle|Freeze-Dry|p1b: Baxcalibur\n|-damage|p1b: Baxcalibur|56\/100\n|move|p1b: Baxcalibur|Icicle Spear|p2b: Flutter Mane\n|-resisted|p2b: Flutter Mane\n|-damage|p2b: Flutter Mane|13\/100 par\n|-resisted|p2b: Flutter Mane\n|-damage|p2b: Flutter Mane|0 fnt\n|faint|p2b: Flutter Mane\n|-end|p2b: Flutter Mane|Protosynthesis|[silent]\n|-hitcount|p2: Flutter Mane|2\n|\n|upkeep\n|\n|t:|1681742812\n|switch|p2b: Garchomp|Garchomp, L50, M|100\/100\n|turn|8\n|inactive|XinBluQAQ has 30 seconds left.\n|\n|t:|1681742840\n|switch|p1b: Scream Tail|Scream Tail, L50|13\/100 frz\n|move|p2a: Iron Bundle|Protect|p2a: Iron Bundle\n|-singleturn|p2a: Iron Bundle|Protect\n|move|p2b: Garchomp|Earthquake|p1a: Iron Hands|[spread] p1a,p1b\n|-activate|p2a: Iron Bundle|move: Protect\n|-supereffective|p1a: Iron Hands\n|-damage|p1a: Iron Hands|31\/100\n|-damage|p1b: Scream Tail|0 fnt\n|faint|p1b: Scream Tail\n|-end|p1b: Scream Tail|Protosynthesis|[silent]\n|move|p1a: Iron Hands|Drain Punch|p2a: Iron Bundle\n|-activate|p2a: Iron Bundle|move: Protect\n|\n|upkeep\n|\n|t:|1681742852\n|switch|p1b: Gyarados|Gyarados, L50, F|100\/100\n|-ability|p1b: Gyarados|Intimidate|boost\n|-unboost|p2a: Iron Bundle|atk|1\n|-fail|p2b: Garchomp|unboost|[from] item: Clear Amulet|[of] p2b: Garchomp\n|turn|9\n|inactive|cat vomiting has 30 seconds left.\n|inactive|XinBluQAQ has 30 seconds left.\n|inactive|XinBluQAQ has 20 seconds left.\n|\n|t:|1681742894\n|move|p1b: Gyarados|Protect|p1b: Gyarados\n|-singleturn|p1b: Gyarados|Protect\n|move|p2a: Iron Bundle|Freeze-Dry|p1b: Gyarados\n|-activate|p1b: Gyarados|move: Protect\n|move|p2b: Garchomp|Iron Head|p1a: Iron Hands\n|-resisted|p1a: Iron Hands\n|-damage|p1a: Iron Hands|22\/100\n|cant|p1a: Iron Hands|flinch\n|\n|upkeep\n|turn|10\n|inactive|cat vomiting has 30 seconds left.\n|\n|t:|1681742928\n|move|p2a: Iron Bundle|Freeze-Dry|p1b: Gyarados\n|-supereffective|p1b: Gyarados\n|-damage|p1b: Gyarados|3\/100\n|move|p2b: Garchomp|Earthquake|p1a: Iron Hands|[spread] p2a,p1a\n|-immune|p1b: Gyarados\n|-supereffective|p1a: Iron Hands\n|-damage|p2a: Iron Bundle|51\/100\n|-damage|p1a: Iron Hands|0 fnt\n|faint|p1a: Iron Hands\n|-end|p1a: Iron Hands|Quark Drive|[silent]\n|move|p1b: Gyarados|Waterfall|p2b: Garchomp\n|-damage|p2b: Garchomp|61\/100\n|-damage|p1b: Gyarados|0 fnt|[from] ability: Rough Skin|[of] p2b: Garchomp\n|faint|p1b: Gyarados\n|\n|upkeep\n|\n|t:|1681742942\n|switch|p1a: Baxcalibur|Baxcalibur, L50, F, tera:Poison|56\/100\n|turn|11\n|\n|t:|1681742951\n|move|p2b: Garchomp|Protect|p2b: Garchomp\n|-singleturn|p2b: Garchomp|Protect\n|move|p1a: Baxcalibur|Protect|p1a: Baxcalibur\n|-singleturn|p1a: Baxcalibur|Protect\n|move|p2a: Iron Bundle|Freeze-Dry|p1a: Baxcalibur\n|-activate|p1a: Baxcalibur|move: Protect\n|\n|upkeep\n|turn|12\n|\n|t:|1681742963\n|move|p1a: Baxcalibur|Ice Shard|p2b: Garchomp\n|-supereffective|p2b: Garchomp\n|-damage|p2b: Garchomp|0 fnt\n|faint|p2b: Garchomp\n|move|p2a: Iron Bundle|Freeze-Dry|p1a: Baxcalibur\n|-damage|p1a: Baxcalibur|26\/100\n|\n|upkeep\n|turn|13\n|\n|t:|1681742972\n|move|p2a: Iron Bundle|Freeze-Dry|p1a: Baxcalibur\n|-damage|p1a: Baxcalibur|0 fnt\n|faint|p1a: Baxcalibur\n|\n|win|XinBluQAQ\n|l|\u2606cat vomiting\n","uploadtime":1681742987,"views":9,"p1id":"catvomiting","p2id":"xinbluqaq","formatid":"gen9vgc2023regulationc","rating":0,"private":0,"password":""}