{"id":"gen9vgc2023regulationc-1853454647","p1":"crazydude57","p2":"Ricardo Randorez","format":"[Gen 9] VGC 2023 Regulation C","log":"|j|\u2606crazydude57\n|j|\u2606Ricardo Randorez\n|t:|1682686895\n|gametype|doubles\n|player|p1|crazydude57|lance|1125\n|player|p2|Ricardo Randorez|170|1064\n|teamsize|p1|6\n|teamsize|p2|6\n|gen|9\n|tier|[Gen 9] VGC 2023 Regulation C\n|rated|\n|rule|Species Clause: Limit one of each Pok\u00e9mon\n|rule|Item Clause: Limit one of each item\n|clearpoke\n|poke|p1|Talonflame, L50, M|\n|poke|p1|Amoonguss, L50, M|\n|poke|p1|Palafin, L50, F|\n|poke|p1|Flutter Mane, L50|\n|poke|p1|Chien-Pao, L50|\n|poke|p1|Dragonite, L50, F|\n|poke|p2|Flutter Mane, L50|\n|poke|p2|Glimmora, L50, M|\n|poke|p2|Wo-Chien, L50|\n|poke|p2|Iron Hands, L50|\n|poke|p2|Arcanine, L50, F|\n|poke|p2|Iron Bundle, L50|\n|teampreview|4\n|inactive|Battle timer is ON: inactive players will automatically lose when time's up. (requested by crazydude57)\n|inactive|crazydude57 has 60 seconds left.\n|\n|t:|1682686933\n|start\n|switch|p1a: Talonflame|Talonflame, L50, M|100\/100\n|switch|p1b: Chien-Pao|Chien-Pao, L50|100\/100\n|switch|p2a: Glimmora|Glimmora, L50, M|100\/100\n|switch|p2b: Iron Bundle|Iron Bundle, L50|100\/100\n|-ability|p1b: Chien-Pao|Sword of Ruin\n|-enditem|p2b: Iron Bundle|Booster Energy\n|-activate|p2b: Iron Bundle|ability: Quark Drive|[fromitem]\n|-start|p2b: Iron Bundle|quarkdrivespe\n|turn|1\n|c|\u2606crazydude57|gl hf\n|inactive|Ricardo Randorez has 30 seconds left.\n|inactive|Ricardo Randorez has 20 seconds left.\n|inactive|Ricardo Randorez has 15 seconds left.\n|\n|t:|1682686974\n|move|p2b: Iron Bundle|Protect|p2b: Iron Bundle\n|-singleturn|p2b: Iron Bundle|Protect\n|move|p1a: Talonflame|Tailwind|p1a: Talonflame\n|-sidestart|p1: crazydude57|move: Tailwind\n|move|p1b: Chien-Pao|Sacred Sword|p2b: Iron Bundle\n|-activate|p2b: Iron Bundle|move: Protect\n|move|p2a: Glimmora|Power Gem|p1a: Talonflame\n|-supereffective|p1a: Talonflame\n|-damage|p1a: Talonflame|0 fnt\n|faint|p1a: Talonflame\n|\n|upkeep\n|\n|t:|1682686986\n|switch|p1a: Dragonite|Dragonite, L50, F|100\/100\n|turn|2\n|\n|t:|1682686998\n|-terastallize|p1a: Dragonite|Flying\n|move|p1b: Chien-Pao|Sacred Sword|p2b: Iron Bundle\n|-supereffective|p2b: Iron Bundle\n|-damage|p2b: Iron Bundle|0 fnt\n|faint|p2b: Iron Bundle\n|-end|p2b: Iron Bundle|Quark Drive|[silent]\n|move|p1a: Dragonite|Tera Blast|p2a: Glimmora\n|-resisted|p2a: Glimmora\n|-damage|p2a: Glimmora|46\/100\n|-activate|p2a: Glimmora|ability: Toxic Debris\n|-sidestart|p1: crazydude57|move: Toxic Spikes\n|move|p2a: Glimmora|Mortal Spin|p1a: Dragonite|[spread] p1a,p1b\n|-damage|p1a: Dragonite|95\/100\n|-damage|p1b: Chien-Pao|95\/100\n|-status|p1a: Dragonite|psn\n|-status|p1b: Chien-Pao|psn\n|\n|-damage|p1b: Chien-Pao|83\/100 psn|[from] psn\n|-damage|p1a: Dragonite|83\/100 psn|[from] psn\n|upkeep\n|\n|t:|1682687018\n|switch|p2b: Wo-Chien|Wo-Chien, L50|100\/100\n|-ability|p2b: Wo-Chien|Tablets of Ruin\n|turn|3\n|\n|t:|1682687032\n|-terastallize|p2b: Wo-Chien|Poison\n|move|p1b: Chien-Pao|Ice Spinner|p2b: Wo-Chien\n|-damage|p2b: Wo-Chien|63\/100\n|move|p1a: Dragonite|Tera Blast|p2a: Glimmora\n|-resisted|p2a: Glimmora\n|-damage|p2a: Glimmora|7\/100\n|-activate|p2a: Glimmora|ability: Toxic Debris\n|-sidestart|p1: crazydude57|move: Toxic Spikes\n|move|p2a: Glimmora|Power Gem|p1a: Dragonite\n|-supereffective|p1a: Dragonite\n|-damage|p1a: Dragonite|31\/100 psn\n|move|p2b: Wo-Chien|Leech Seed|p1b: Chien-Pao\n|-start|p1b: Chien-Pao|move: Leech Seed\n|\n|-heal|p2b: Wo-Chien|69\/100|[from] item: Leftovers\n|-damage|p1b: Chien-Pao|70\/100 psn|[from] Leech Seed|[of] p2b: Wo-Chien\n|-heal|p2b: Wo-Chien|79\/100|[silent]\n|-damage|p1b: Chien-Pao|58\/100 psn|[from] psn\n|-damage|p1a: Dragonite|19\/100 psn|[from] psn\n|upkeep\n|turn|4\n|inactive|crazydude57 has 30 seconds left.\n|\n|t:|1682687061\n|switch|p1b: Flutter Mane|Flutter Mane, L50|100\/100\n|-status|p1b: Flutter Mane|tox\n|move|p2b: Wo-Chien|Protect|p2b: Wo-Chien\n|-singleturn|p2b: Wo-Chien|Protect\n|move|p1a: Dragonite|Tera Blast|p2b: Wo-Chien\n|-activate|p2b: Wo-Chien|move: Protect\n|move|p2a: Glimmora|Power Gem|p1a: Dragonite\n|-supereffective|p1a: Dragonite\n|-damage|p1a: Dragonite|0 fnt\n|faint|p1a: Dragonite\n|\n|-heal|p2b: Wo-Chien|85\/100|[from] item: Leftovers\n|-damage|p1b: Flutter Mane|95\/100 tox|[from] psn\n|-sideend|p1: crazydude57|move: Tailwind\n|upkeep\n|\n|t:|1682687074\n|switch|p1a: Chien-Pao|Chien-Pao, L50|58\/100 psn\n|-ability|p1a: Chien-Pao|Sword of Ruin\n|turn|5\n|\n|t:|1682687096\n|move|p1a: Chien-Pao|Throat Chop|p2a: Glimmora\n|-damage|p2a: Glimmora|0 fnt\n|faint|p2a: Glimmora\n|move|p1b: Flutter Mane|Shadow Ball|p2b: Wo-Chien\n|-damage|p2b: Wo-Chien|55\/100\n|-damage|p1b: Flutter Mane|85\/100 tox|[from] item: Life Orb\n|move|p2b: Wo-Chien|Leech Seed|p1b: Flutter Mane\n|-start|p1b: Flutter Mane|move: Leech Seed\n|\n|-heal|p2b: Wo-Chien|61\/100|[from] item: Leftovers\n|-damage|p1b: Flutter Mane|73\/100 tox|[from] Leech Seed|[of] p2b: Wo-Chien\n|-heal|p2b: Wo-Chien|70\/100|[silent]\n|-damage|p1a: Chien-Pao|46\/100 psn|[from] psn\n|-damage|p1b: Flutter Mane|62\/100 tox|[from] psn\n|upkeep\n|\n|t:|1682687111\n|switch|p2a: Flutter Mane|Flutter Mane, L50|100\/100\n|turn|6\n|\n|t:|1682687136\n|move|p1a: Chien-Pao|Protect|p1a: Chien-Pao\n|-singleturn|p1a: Chien-Pao|Protect\n|move|p1b: Flutter Mane|Shadow Ball|p2a: Flutter Mane\n|-supereffective|p2a: Flutter Mane\n|-damage|p2a: Flutter Mane|0 fnt\n|faint|p2a: Flutter Mane\n|-end|p2a: Flutter Mane|Protosynthesis|[silent]\n|-damage|p1b: Flutter Mane|52\/100 tox|[from] item: Life Orb\n|move|p2b: Wo-Chien|Pollen Puff|p1b: Flutter Mane\n|-resisted|p1b: Flutter Mane\n|-damage|p1b: Flutter Mane|47\/100 tox\n|\n|-heal|p2b: Wo-Chien|77\/100|[from] item: Leftovers\n|-damage|p1b: Flutter Mane|35\/100 tox|[from] Leech Seed|[of] p2b: Wo-Chien\n|-heal|p2b: Wo-Chien|85\/100|[silent]\n|-damage|p1a: Chien-Pao|34\/100 psn|[from] psn\n|-damage|p1b: Flutter Mane|19\/100 tox|[from] psn\n|upkeep\n|turn|7\n|\n|t:|1682687158\n|move|p2b: Wo-Chien|Protect|p2b: Wo-Chien\n|-singleturn|p2b: Wo-Chien|Protect\n|move|p1a: Chien-Pao|Throat Chop|p2b: Wo-Chien\n|-activate|p2b: Wo-Chien|move: Protect\n|move|p1b: Flutter Mane|Shadow Ball|p2b: Wo-Chien\n|-activate|p2b: Wo-Chien|move: Protect\n|\n|-heal|p2b: Wo-Chien|92\/100|[from] item: Leftovers\n|-damage|p1b: Flutter Mane|7\/100 tox|[from] Leech Seed|[of] p2b: Wo-Chien\n|-heal|p2b: Wo-Chien|100\/100|[silent]\n|-damage|p1a: Chien-Pao|22\/100 psn|[from] psn\n|-damage|p1b: Flutter Mane|0 fnt|[from] psn\n|faint|p1b: Flutter Mane\n|-end|p1b: Flutter Mane|Protosynthesis|[silent]\n|upkeep\n|turn|8\n|c|\u2606crazydude57|gg\n|c|\u2606crazydude57|wp\n|\n|t:|1682687176\n|move|p1a: Chien-Pao|Throat Chop|p2b: Wo-Chien\n|-damage|p2b: Wo-Chien|66\/100\n|-start|p2b: Wo-Chien|Throat Chop|[silent]\n|move|p2b: Wo-Chien|Foul Play|p1a: Chien-Pao\n|-resisted|p1a: Chien-Pao\n|-damage|p1a: Chien-Pao|0 fnt\n|faint|p1a: Chien-Pao\n|\n|win|Ricardo Randorez\n|raw|crazydude57's rating: 1125 → 1096<\/strong> (-29 for losing)\n|raw|Ricardo Randorez's rating: 1064 → 1100<\/strong> (+36 for winning)\n|l|\u2606crazydude57\n","uploadtime":1682687186,"views":11,"p1id":"crazydude57","p2id":"ricardorandorez","formatid":"gen9vgc2023regulationc","rating":1096,"private":0,"password":""}