{"id":"gen9vgc2023regulationc-1850812418","p1":"5wamp","p2":"N3rdSl4y3r","format":"[Gen 9] VGC 2023 Regulation C","log":"|j|\u26065wamp\n|j|\u2606N3rdSl4y3r\n|t:|1682370204\n|gametype|doubles\n|player|p1|5wamp|boarder|\n|player|p2|N3rdSl4y3r|rika|\n|teamsize|p1|6\n|teamsize|p2|6\n|gen|9\n|tier|[Gen 9] VGC 2023 Regulation C\n|rule|Species Clause: Limit one of each Pok\u00e9mon\n|rule|Item Clause: Limit one of each item\n|clearpoke\n|poke|p1|Flutter Mane, L50|\n|poke|p1|Arcanine, L50, F|\n|poke|p1|Amoonguss, L50, F|\n|poke|p1|Ting-Lu, L50|\n|poke|p1|Kingambit, L50, F|\n|poke|p1|Palafin, L50, M|\n|poke|p2|Breloom, L50, M|\n|poke|p2|Chi-Yu, L50|\n|poke|p2|Azumarill, L50, M|\n|poke|p2|Baxcalibur, L50, F|\n|poke|p2|Flutter Mane, L50|\n|poke|p2|Maushold-Four, L50|\n|teampreview|4\n|inactive|Battle timer is ON: inactive players will automatically lose when time's up. (requested by 5wamp)\n|inactiveoff|Battle timer is now OFF.\n5wamp has agreed to open team sheets.\nN3rdSl4y3r has agreed to open team sheets.\n|c|\u26065wamp|azu breloom has a good mu into balance its cool\n|c|\u2606N3rdSl4y3r|Haha yeah I love breloom in this format lol\n|c|\u2606N3rdSl4y3r|I just added azu\n|\n|t:|1682370241\n|start\n|switch|p1a: PUPPET|Flutter Mane, L50, shiny|100\/100\n|switch|p1b: LUMBERJACK|Kingambit, L50, F|100\/100\n|switch|p2a: GOAT|Breloom, L50, M, shiny|100\/100\n|switch|p2b: Hovering Cane|Flutter Mane, L50, shiny|100\/100\n|-enditem|p2b: Hovering Cane|Booster Energy\n|-activate|p2b: Hovering Cane|ability: Protosynthesis|[fromitem]\n|-start|p2b: Hovering Cane|protosynthesisspa\n|-enditem|p1a: PUPPET|Booster Energy\n|-activate|p1a: PUPPET|ability: Protosynthesis|[fromitem]\n|-start|p1a: PUPPET|protosynthesisspa\n|turn|1\n|\n|t:|1682370265\n|switch|p1b: DOGTOOTH|Arcanine, L50, F|100\/100\n|-ability|p1b: DOGTOOTH|Intimidate|boost\n|-unboost|p2a: GOAT|atk|1\n|-unboost|p2b: Hovering Cane|atk|1\n|-terastallize|p2a: GOAT|Fire\n|move|p2b: Hovering Cane|Protect|p2b: Hovering Cane\n|-singleturn|p2b: Hovering Cane|Protect\n|move|p1a: PUPPET|Protect|p1a: PUPPET\n|-singleturn|p1a: PUPPET|Protect\n|move|p2a: GOAT|Bullet Seed|p1a: PUPPET\n|-activate|p1a: PUPPET|move: Protect\n|\n|upkeep\n|turn|2\n|\n|t:|1682370337\n|-end|p2b: Hovering Cane|Protosynthesis|[silent]\n|switch|p2b: Chi-Nuke|Chi-Yu, L50|100\/100\n|-ability|p2b: Chi-Nuke|Beads of Ruin\n|-terastallize|p1a: PUPPET|Fairy\n|move|p1a: PUPPET|Shadow Ball|p2a: GOAT\n|-damage|p2a: GOAT|0 fnt\n|faint|p2a: GOAT\n|move|p1b: DOGTOOTH|Flare Blitz|p2b: Chi-Nuke\n|-resisted|p2b: Chi-Nuke\n|-damage|p2b: Chi-Nuke|59\/100\n|-damage|p1b: DOGTOOTH|91\/100|[from] Recoil\n|\n|upkeep\n|c|\u2606N3rdSl4y3r|hot dayum\n|c|\u26065wamp|flutter too good\n|\n|t:|1682370366\n|switch|p2a: Hovering Cane|Flutter Mane, L50, shiny|100\/100\n|turn|3\n|\n|t:|1682370379\n|move|p1b: DOGTOOTH|Extreme Speed|p2b: Chi-Nuke\n|-damage|p2b: Chi-Nuke|17\/100\n|move|p2a: Hovering Cane|Shadow Ball|p1b: DOGTOOTH\n|-damage|p1b: DOGTOOTH|20\/100\n|move|p1a: PUPPET|Dazzling Gleam|p2b: Chi-Nuke|[spread] p2a,p2b\n|-damage|p2a: Hovering Cane|28\/100\n|-damage|p2b: Chi-Nuke|0 fnt\n|faint|p2b: Chi-Nuke\n|\n|upkeep\n|\n|t:|1682370389\n|switch|p2b: Azumarill|Azumarill, L50, M|100\/100\n|turn|4\n|\n|t:|1682370413\n|move|p2a: Hovering Cane|Protect|p2a: Hovering Cane\n|-singleturn|p2a: Hovering Cane|Protect\n|move|p1a: PUPPET|Protect|p1a: PUPPET\n|-singleturn|p1a: PUPPET|Protect\n|move|p1b: DOGTOOTH|Flare Blitz|p2a: Hovering Cane\n|-activate|p2a: Hovering Cane|move: Protect\n|move|p2b: Azumarill|Play Rough|p1a: PUPPET\n|-activate|p1a: PUPPET|move: Protect\n|\n|upkeep\n|turn|5\n|\n|t:|1682370449\n|switch|p1b: LUMBERJACK|Kingambit, L50, F|100\/100\n|move|p2a: Hovering Cane|Protect|p2a: Hovering Cane\n|-singleturn|p2a: Hovering Cane|Protect\n|move|p1a: PUPPET|Dazzling Gleam|p2a: Hovering Cane|[spread] p2b\n|-activate|p2a: Hovering Cane|move: Protect\n|-crit|p2b: Azumarill\n|-damage|p2b: Azumarill|15\/100\n|-enditem|p2b: Azumarill|Sitrus Berry|[eat]\n|-heal|p2b: Azumarill|39\/100|[from] item: Sitrus Berry\n|move|p2b: Azumarill|Play Rough|p1a: PUPPET\n|-damage|p1a: PUPPET|0 fnt\n|faint|p1a: PUPPET\n|-end|p1a: PUPPET|Protosynthesis|[silent]\n|\n|upkeep\n|\n|t:|1682370463\n|switch|p1a: DOGTOOTH|Arcanine, L50, F|20\/100\n|-ability|p1a: DOGTOOTH|Intimidate|boost\n|-unboost|p2a: Hovering Cane|atk|1\n|-unboost|p2b: Azumarill|atk|1\n|turn|6\n|\n|t:|1682370478\n|move|p1b: LUMBERJACK|Sucker Punch|p2a: Hovering Cane\n|-damage|p2a: Hovering Cane|0 fnt\n|faint|p2a: Hovering Cane\n|-end|p2a: Hovering Cane|Protosynthesis|[silent]\n|move|p1a: DOGTOOTH|Will-O-Wisp|p2b: Azumarill\n|-status|p2b: Azumarill|brn\n|move|p2b: Azumarill|Liquidation|p1a: DOGTOOTH\n|-supereffective|p1a: DOGTOOTH\n|-damage|p1a: DOGTOOTH|0 fnt\n|faint|p1a: DOGTOOTH\n|\n|-damage|p2b: Azumarill|33\/100 brn|[from] brn\n|upkeep\n|c|\u2606N3rdSl4y3r|gg\n|c|\u26065wamp|ggs\n|\n|t:|1682370490\n|switch|p1a: SAFARI|Palafin, L50, M, shiny|100\/100\n|turn|7\n|\n|t:|1682370494\n|move|p1a: SAFARI|Jet Punch|p2b: Azumarill\n|-resisted|p2b: Azumarill\n|-damage|p2b: Azumarill|18\/100 brn\n|move|p1b: LUMBERJACK|Sucker Punch||[still]\n|-fail|p1b: LUMBERJACK\n|move|p2b: Azumarill|Perish Song|p2b: Azumarill\n|-start|p1a: SAFARI|perish3|[silent]\n|-start|p1b: LUMBERJACK|perish3|[silent]\n|-start|p2b: Azumarill|perish3|[silent]\n|-fieldactivate|move: Perish Song\n|\n|-damage|p2b: Azumarill|12\/100 brn|[from] brn\n|-start|p1a: SAFARI|perish3\n|-start|p1b: LUMBERJACK|perish3\n|-start|p2b: Azumarill|perish3\n|upkeep\n|turn|8\n|c|\u26065wamp|the team is rlly cool\n|c|\u2606N3rdSl4y3r|thx lol\n|c|\u2606N3rdSl4y3r|triple protect??!?!?!?!!\n|\n|t:|1682370514\n|move|p2b: Azumarill|Protect|p2b: Azumarill\n|-singleturn|p2b: Azumarill|Protect\n|move|p1a: SAFARI|Jet Punch|p2b: Azumarill\n|-activate|p2b: Azumarill|move: Protect\n|move|p1b: LUMBERJACK|Sucker Punch||[still]\n|-fail|p1b: LUMBERJACK\n|\n|-damage|p2b: Azumarill|6\/100 brn|[from] brn\n|-start|p1a: SAFARI|perish2\n|-start|p1b: LUMBERJACK|perish2\n|-start|p2b: Azumarill|perish2\n|upkeep\n|turn|9\n|c|\u26065wamp|we may as well make it a bo5?\n|c|\u26065wamp|2-1 to you rn\n|c|\u2606N3rdSl4y3r|ye\n|-message|N3rdSl4y3r forfeited.\n|\n|win|5wamp\n|c|\u26065wamp|cant protect thru burn\n|c|\u26065wamp|gg\n|c|\u2606N3rdSl4y3r|ye\n|l|\u2606N3rdSl4y3r\n|j|\u2606N3rdSl4y3r\n|player|p2|N3rdSl4y3r|rika\n","uploadtime":1682371143,"views":44,"p1id":"5wamp","p2id":"n3rdsl4y3r","formatid":"gen9vgc2023regulationc","rating":0,"private":0,"password":""}