{"id":"gen9vgc2023regulationc-1861690433","p1":"nicolaserrante","p2":"GrifoneFolleVGC","format":"[Gen 9] VGC 2023 Regulation C","log":"|j|\u2606nicolaserrante\n|j|\u2606GrifoneFolleVGC\n|t:|1683794963\n|gametype|doubles\n|player|p1|nicolaserrante|101|1369\n|player|p2|GrifoneFolleVGC|cynthia-gen4|1344\n|teamsize|p1|6\n|teamsize|p2|6\n|gen|9\n|tier|[Gen 9] VGC 2023 Regulation C\n|rated|\n|rule|Species Clause: Limit one of each Pok\u00e9mon\n|rule|Item Clause: Limit one of each item\n|clearpoke\n|poke|p1|Orthworm, L50, F|\n|poke|p1|Dragonite, L50, M|\n|poke|p1|Ting-Lu, L50|\n|poke|p1|Arcanine, L50, F|\n|poke|p1|Gholdengo, L50|\n|poke|p1|Amoonguss, L50, M|\n|poke|p2|Flutter Mane, L50|\n|poke|p2|Chi-Yu, L50|\n|poke|p2|Amoonguss, L50, F|\n|poke|p2|Iron Bundle, L50|\n|poke|p2|Gyarados, L50, F|\n|poke|p2|Iron Hands, L50|\n|teampreview|4\nGrifoneFolleVGC has agreed to open team sheets.\n|j| Shub006\nnicolaserrante has agreed to open team sheets.\n|inactive|Battle timer is ON: inactive players will automatically lose when time's up. (requested by GrifoneFolleVGC)\n|inactive|nicolaserrante has 60 seconds left.\n|inactive|nicolaserrante has 30 seconds left.\n|\n|t:|1683795048\n|start\n|switch|p1a: Ting-Lu|Ting-Lu, L50|100\/100\n|switch|p1b: Gholdengo|Gholdengo, L50|100\/100\n|switch|p2a: Gyarados|Gyarados, L50, F|100\/100\n|switch|p2b: Iron Bundle|Iron Bundle, L50|100\/100\n|-ability|p2a: Gyarados|Intimidate|boost\n|-unboost|p1a: Ting-Lu|atk|1\n|-unboost|p1b: Gholdengo|atk|1\n|-ability|p1a: Ting-Lu|Vessel of Ruin\n|-enditem|p2b: Iron Bundle|Booster Energy\n|-activate|p2b: Iron Bundle|ability: Quark Drive|[fromitem]\n|-start|p2b: Iron Bundle|quarkdrivespe\n|turn|1\n|inactive|nicolaserrante has 30 seconds left.\n|inactive|GrifoneFolleVGC has 30 seconds left.\n|inactive|nicolaserrante has 20 seconds left.\n|\n|t:|1683795087\n|move|p2b: Iron Bundle|Freeze-Dry|p1a: Ting-Lu\n|-supereffective|p1a: Ting-Lu\n|-damage|p1a: Ting-Lu|76\/100\n|move|p2a: Gyarados|Waterfall|p1a: Ting-Lu\n|-supereffective|p1a: Ting-Lu\n|-damage|p1a: Ting-Lu|35\/100\n|move|p1b: Gholdengo|Thunderbolt|p2a: Gyarados\n|-supereffective|p2a: Gyarados\n|-damage|p2a: Gyarados|26\/100\n|-status|p2a: Gyarados|par\n|cant|p1a: Ting-Lu|flinch\n|\n|upkeep\n|turn|2\n|inactive|nicolaserrante has 30 seconds left.\n|inactive|GrifoneFolleVGC has 30 seconds left.\n|inactive|nicolaserrante has 20 seconds left.\n|inactive|nicolaserrante has 15 seconds left.\n|\n|t:|1683795131\n|switch|p2a: Iron Hands|Iron Hands, L50|100\/100\n|move|p2b: Iron Bundle|Protect|p2b: Iron Bundle\n|-singleturn|p2b: Iron Bundle|Protect\n|move|p1b: Gholdengo|Thunderbolt|p2b: Iron Bundle\n|-activate|p2b: Iron Bundle|move: Protect\n|move|p1a: Ting-Lu|Heavy Slam|p2b: Iron Bundle\n|-activate|p2b: Iron Bundle|move: Protect\n|\n|upkeep\n|turn|3\n|\n|t:|1683795156\n|-end|p2b: Iron Bundle|Quark Drive|[silent]\n|switch|p2b: Gyarados|Gyarados, L50, F|26\/100 par\n|-ability|p2b: Gyarados|Intimidate|boost\n|-unboost|p1a: Ting-Lu|atk|1\n|-unboost|p1b: Gholdengo|atk|1\n|switch|p1a: Arcanine|Arcanine, L50, F|100\/100\n|-ability|p1a: Arcanine|Intimidate|boost\n|-unboost|p2a: Iron Hands|atk|1\n|-unboost|p2b: Gyarados|atk|1\n|move|p1b: Gholdengo|Thunderbolt|p2b: Gyarados\n|-supereffective|p2b: Gyarados\n|-damage|p2b: Gyarados|0 fnt\n|faint|p2b: Gyarados\n|move|p2a: Iron Hands|Wild Charge|p1b: Gholdengo\n|-damage|p1b: Gholdengo|67\/100\n|-damage|p2a: Iron Hands|94\/100|[from] Recoil\n|\n|-heal|p1b: Gholdengo|74\/100|[from] item: Leftovers\n|upkeep\n|\n|t:|1683795172\n|switch|p2b: Chi-Yu|Chi-Yu, L50|100\/100\n|-ability|p2b: Chi-Yu|Beads of Ruin\n|turn|4\n|\n|t:|1683795191\n|-end|p2a: Iron Hands|Quark Drive|[silent]\n|switch|p2a: Iron Bundle|Iron Bundle, L50|100\/100\n|move|p1b: Gholdengo|Protect|p1b: Gholdengo\n|-singleturn|p1b: Gholdengo|Protect\n|move|p2b: Chi-Yu|Nasty Plot|p2b: Chi-Yu\n|-boost|p2b: Chi-Yu|spa|2\n|move|p1a: Arcanine|Bulldoze|p2a: Iron Bundle|[spread] p2a,p2b\n|-activate|p1b: Gholdengo|move: Protect\n|-crit|p2a: Iron Bundle\n|-supereffective|p2b: Chi-Yu\n|-damage|p2a: Iron Bundle|80\/100\n|-damage|p2b: Chi-Yu|67\/100\n|-unboost|p2a: Iron Bundle|spe|1\n|-unboost|p2b: Chi-Yu|spe|1\n|\n|-heal|p1b: Gholdengo|80\/100|[from] item: Leftovers\n|upkeep\n|turn|5\n|l| Shub006\n|\n|t:|1683795213\n|switch|p1b: Ting-Lu|Ting-Lu, L50|35\/100\n|-ability|p1b: Ting-Lu|Vessel of Ruin\n|move|p2b: Chi-Yu|Protect|p2b: Chi-Yu\n|-singleturn|p2b: Chi-Yu|Protect\n|move|p2a: Iron Bundle|Icy Wind|p1a: Arcanine|[spread] p1a,p1b\n|-resisted|p1a: Arcanine\n|-supereffective|p1b: Ting-Lu\n|-damage|p1a: Arcanine|90\/100\n|-damage|p1b: Ting-Lu|17\/100\n|-unboost|p1a: Arcanine|spe|1\n|-unboost|p1b: Ting-Lu|spe|1\n|move|p1a: Arcanine|Bulldoze|p2b: Chi-Yu|[spread] p1b,p2a\n|-activate|p2b: Chi-Yu|move: Protect\n|-damage|p1b: Ting-Lu|10\/100\n|-damage|p2a: Iron Bundle|66\/100\n|-unboost|p1b: Ting-Lu|spe|1\n|-unboost|p2a: Iron Bundle|spe|1\n|\n|upkeep\n|turn|6\n|inactive|nicolaserrante has 30 seconds left.\n|\n|t:|1683795245\n|move|p1a: Arcanine|Protect|p1a: Arcanine\n|-singleturn|p1a: Arcanine|Protect\n|move|p2b: Chi-Yu|Heat Wave|p1a: Arcanine|[spread] p1b\n|-activate|p1a: Arcanine|move: Protect\n|-damage|p1b: Ting-Lu|0 fnt\n|faint|p1b: Ting-Lu\n|move|p2a: Iron Bundle|Hydro Pump|p1a: Arcanine\n|-activate|p1a: Arcanine|move: Protect\n|\n|upkeep\n|\n|t:|1683795261\n|switch|p1b: Gholdengo|Gholdengo, L50|80\/100\n|turn|7\n|\n|t:|1683795280\n|-end|p2a: Iron Bundle|Quark Drive|[silent]\n|switch|p2a: Iron Hands|Iron Hands, L50|94\/100\n|switch|p1a: Dragonite|Dragonite, L50, M|100\/100\n|-terastallize|p1b: Gholdengo|Water\n|move|p2b: Chi-Yu|Protect|p2b: Chi-Yu\n|-singleturn|p2b: Chi-Yu|Protect\n|move|p1b: Gholdengo|Nasty Plot|p1b: Gholdengo\n|-boost|p1b: Gholdengo|spa|2\n|\n|-heal|p1b: Gholdengo|86\/100|[from] item: Leftovers\n|upkeep\n|turn|8\n|inactive|GrifoneFolleVGC has 30 seconds left.\n|\n|t:|1683795312\n|switch|p1a: Arcanine|Arcanine, L50, F|90\/100\n|-ability|p1a: Arcanine|Intimidate|boost\n|-unboost|p2a: Iron Hands|atk|1\n|-unboost|p2b: Chi-Yu|atk|1\n|move|p1b: Gholdengo|Protect|p1b: Gholdengo\n|-singleturn|p1b: Gholdengo|Protect\n|move|p2b: Chi-Yu|Dark Pulse|p1a: Arcanine\n|-damage|p1a: Arcanine|0 fnt\n|faint|p1a: Arcanine\n|move|p2a: Iron Hands|Wild Charge|p1b: Gholdengo\n|-activate|p1b: Gholdengo|move: Protect\n|\n|-heal|p1b: Gholdengo|92\/100|[from] item: Leftovers\n|upkeep\n|\n|t:|1683795325\n|switch|p1a: Dragonite|Dragonite, L50, M|100\/100\n|turn|9\n|inactive|GrifoneFolleVGC has 30 seconds left.\n|\n|t:|1683795353\n|-terastallize|p2b: Chi-Yu|Ghost\n|move|p1a: Dragonite|Earthquake|p2b: Chi-Yu|[spread] p1b,p2a,p2b\n|-supereffective|p2a: Iron Hands\n|-damage|p1b: Gholdengo|69\/100\n|-damage|p2a: Iron Hands|58\/100\n|-damage|p2b: Chi-Yu|27\/100\n|move|p1b: Gholdengo|Make It Rain|p2a: Iron Hands|[spread] p2a,p2b\n|-resisted|p2a: Iron Hands\n|-damage|p2a: Iron Hands|29\/100\n|-damage|p2b: Chi-Yu|0 fnt\n|-unboost|p1b: Gholdengo|spa|1\n|faint|p2b: Chi-Yu\n|move|p2a: Iron Hands|Wild Charge|p1b: Gholdengo\n|-supereffective|p1b: Gholdengo\n|-damage|p1b: Gholdengo|7\/100\n|-damage|p2a: Iron Hands|16\/100|[from] Recoil\n|\n|-heal|p1b: Gholdengo|13\/100|[from] item: Leftovers\n|upkeep\n|\n|t:|1683795364\n|switch|p2b: Iron Bundle|Iron Bundle, L50|66\/100\n|turn|10\n|\n|t:|1683795375\n|move|p2b: Iron Bundle|Protect|p2b: Iron Bundle\n|-singleturn|p2b: Iron Bundle|Protect\n|move|p1b: Gholdengo|Protect|p1b: Gholdengo\n|-singleturn|p1b: Gholdengo|Protect\n|move|p1a: Dragonite|Earthquake|p2b: Iron Bundle|[spread] p2a\n|-activate|p1b: Gholdengo|move: Protect\n|-activate|p2b: Iron Bundle|move: Protect\n|-supereffective|p2a: Iron Hands\n|-damage|p2a: Iron Hands|0 fnt\n|faint|p2a: Iron Hands\n|-end|p2a: Iron Hands|Quark Drive|[silent]\n|\n|-heal|p1b: Gholdengo|19\/100|[from] item: Leftovers\n|upkeep\n|turn|11\n|\n|t:|1683795392\n|move|p1a: Dragonite|Extreme Speed|p2b: Iron Bundle\n|-damage|p2b: Iron Bundle|31\/100\n|move|p2b: Iron Bundle|Freeze-Dry|p1b: Gholdengo\n|-supereffective|p1b: Gholdengo\n|-damage|p1b: Gholdengo|0 fnt\n|faint|p1b: Gholdengo\n|\n|upkeep\n|turn|12\n|\n|t:|1683795404\n|move|p1a: Dragonite|Extreme Speed|p2b: Iron Bundle\n|-damage|p2b: Iron Bundle|0 fnt\n|faint|p2b: Iron Bundle\n|-end|p2b: Iron Bundle|Quark Drive|[silent]\n|\n|win|nicolaserrante\n|raw|nicolaserrante's rating: 1369 → 1388<\/strong> (+19 for winning)\n|raw|GrifoneFolleVGC's rating: 1344 → 1325<\/strong> (-19 for losing)\n","uploadtime":1683795424,"views":14,"p1id":"nicolaserrante","p2id":"grifonefollevgc","formatid":"gen9vgc2023regulationc","rating":1325,"private":0,"password":""}