{"id":"gen9vgc2023regulationc-1857244555","p1":"Beaugardes","p2":"sushipilled","format":"[Gen 9] VGC 2023 Regulation C","log":"|j|\u2606Beaugardes\n|j|\u2606sushipilled\n|t:|1683162727\n|gametype|doubles\n|player|p1|Beaugardes|silver-gen2kanto|1540\n|player|p2|sushipilled|fisherman-gen1rb|1627\n|teamsize|p1|6\n|teamsize|p2|6\n|gen|9\n|tier|[Gen 9] VGC 2023 Regulation C\n|rated|\n|rule|Species Clause: Limit one of each Pok\u00e9mon\n|rule|Item Clause: Limit one of each item\n|clearpoke\n|poke|p1|Torkoal, L50, F|\n|poke|p1|Hatterene, L50, F|\n|poke|p1|Clodsire, L50, M|\n|poke|p1|Farigiraf, L50, M|\n|poke|p1|Brute Bonnet, L50|\n|poke|p1|Iron Hands, L50|\n|poke|p2|Glimmora, L50, M|\n|poke|p2|Dragonite, L50, M|\n|poke|p2|Dondozo, L50, M|\n|poke|p2|Tatsugiri, L50, F|\n|poke|p2|Chi-Yu, L50|\n|poke|p2|Iron Bundle, L50|\n|teampreview|4\n|inactive|Battle timer is ON: inactive players will automatically lose when time's up. (requested by Beaugardes)\nBeaugardes has agreed to open team sheets.\nsushipilled has agreed to open team sheets.\n|j| Atiko0928\n|\n|t:|1683162751\n|start\n|switch|p1a: Iron Hands|Iron Hands, L50|100\/100\n|switch|p1b: Hatterene|Hatterene, L50, F|100\/100\n|switch|p2a: Iron Bundle|Iron Bundle, L50, shiny|100\/100\n|switch|p2b: Chi-Yu|Chi-Yu, L50|100\/100\n|-ability|p2b: Chi-Yu|Beads of Ruin\n|-enditem|p2a: Iron Bundle|Booster Energy\n|-activate|p2a: Iron Bundle|ability: Quark Drive|[fromitem]\n|-start|p2a: Iron Bundle|quarkdrivespe\n|turn|1\n|inactive|Beaugardes has 30 seconds left.\n|inactive|Beaugardes has 20 seconds left.\n|\n|t:|1683162788\n|move|p2a: Iron Bundle|Protect|p2a: Iron Bundle\n|-singleturn|p2a: Iron Bundle|Protect\n|move|p1a: Iron Hands|Fake Out|p2a: Iron Bundle\n|-activate|p2a: Iron Bundle|move: Protect\n|move|p2b: Chi-Yu|Overheat|p1b: Hatterene\n|-enditem|p1b: Hatterene|Focus Sash\n|-damage|p1b: Hatterene|1\/100\n|-unboost|p2b: Chi-Yu|spa|2\n|move|p1b: Hatterene|Trick Room|p1b: Hatterene\n|-fieldstart|move: Trick Room|[of] p1b: Hatterene\n|\n|upkeep\n|turn|2\n|inactive|sushipilled has 30 seconds left.\n|\n|t:|1683162814\n|switch|p2b: Dondozo|Dondozo, L50, M|100\/100\n|-end|p2a: Iron Bundle|Quark Drive|[silent]\n|switch|p2a: Tatsugiri|Tatsugiri, L50, F|100\/100\n|-activate|p2a: Tatsugiri|ability: Commander|[of] p2b: Dondozo\n|-boost|p2b: Dondozo|atk|2\n|-boost|p2b: Dondozo|spa|2\n|-boost|p2b: Dondozo|spe|2\n|-boost|p2b: Dondozo|def|2\n|-boost|p2b: Dondozo|spd|2\n|move|p1b: Hatterene|Dazzling Gleam|p2a: Tatsugiri|[spread] p2b\n|-miss|p1b: Hatterene|p2a: Tatsugiri\n|-damage|p2b: Dondozo|86\/100\n|move|p1a: Iron Hands|Drain Punch|p2a: Tatsugiri|[miss]\n|-miss|p1a: Iron Hands|p2a: Tatsugiri\n|\n|-heal|p2b: Dondozo|92\/100|[from] item: Leftovers\n|upkeep\n|turn|3\n|inactive|sushipilled has 30 seconds left.\n|\n|t:|1683162840\n|switch|p1b: Clodsire|Clodsire, L50, M|100\/100\n|-terastallize|p1a: Iron Hands|Grass\n|move|p1a: Iron Hands|Drain Punch|p2b: Dondozo\n|-damage|p2b: Dondozo|76\/100\n|move|p2b: Dondozo|Earthquake|p1b: Clodsire|[spread] p1a,p1b\n|-miss|p2b: Dondozo|p2a: Tatsugiri\n|-resisted|p1a: Iron Hands\n|-supereffective|p1b: Clodsire\n|-damage|p1a: Iron Hands|85\/100\n|-damage|p1b: Clodsire|67\/100\n|\n|-heal|p1b: Clodsire|73\/100|[from] item: Leftovers\n|-heal|p2b: Dondozo|82\/100|[from] item: Leftovers\n|upkeep\n|turn|4\n|inactive|sushipilled has 30 seconds left.\n|\n|t:|1683162865\n|move|p1b: Clodsire|Haze|p1b: Clodsire\n|-clearallboost\n|move|p1a: Iron Hands|Wild Charge|p2b: Dondozo\n|-supereffective|p2b: Dondozo\n|-damage|p2b: Dondozo|9\/100\n|-damage|p1a: Iron Hands|67\/100|[from] Recoil\n|move|p2b: Dondozo|Wave Crash|p1b: Clodsire\n|-supereffective|p1b: Clodsire\n|-damage|p1b: Clodsire|0 fnt\n|faint|p1b: Clodsire\n|-damage|p2b: Dondozo|0 fnt|[from] Recoil\n|faint|p2b: Dondozo\n|\n|upkeep\n|inactive|Beaugardes has 30 seconds left.\n|\n|t:|1683162895\n|switch|p1b: Brute Bonnet|Brute Bonnet, L50|100\/100\n|switch|p2b: Iron Bundle|Iron Bundle, L50, shiny|100\/100\n|turn|5\n|\n|t:|1683162905\n|-end|p1a: Iron Hands|Quark Drive|[silent]\n|switch|p1a: Hatterene|Hatterene, L50, F|1\/100\n|move|p2b: Iron Bundle|Protect|p2b: Iron Bundle\n|-singleturn|p2b: Iron Bundle|Protect\n|move|p1b: Brute Bonnet|Spore|p2a: Tatsugiri\n|-status|p2a: Tatsugiri|slp|[from] move: Spore\n|cant|p2a: Tatsugiri|slp\n|\n|-fieldend|move: Trick Room\n|upkeep\n|turn|6\n|\n|t:|1683162918\n|-end|p1b: Brute Bonnet|Protosynthesis|[silent]\n|switch|p1b: Iron Hands|Iron Hands, L50, tera:Grass|67\/100\n|move|p1a: Hatterene|Protect|p1a: Hatterene\n|-singleturn|p1a: Hatterene|Protect\n|-curestatus|p2a: Tatsugiri|slp|[msg]\n|move|p2a: Tatsugiri|Sleep Talk||[still]\n|-fail|p2a: Tatsugiri\n|move|p2b: Iron Bundle|Icy Wind|p1a: Hatterene|[spread] p1b\n|-activate|p1a: Hatterene|move: Protect\n|-supereffective|p1b: Iron Hands\n|-damage|p1b: Iron Hands|35\/100\n|-unboost|p1b: Iron Hands|spe|1\n|\n|upkeep\n|turn|7\n|l| Atiko0928\n|inactive|sushipilled has 30 seconds left.\n|\n|t:|1683162950\n|switch|p2a: Chi-Yu|Chi-Yu, L50|100\/100\n|-ability|p2a: Chi-Yu|Beads of Ruin\n|move|p1b: Iron Hands|Fake Out|p2b: Iron Bundle\n|-damage|p2b: Iron Bundle|82\/100\n|cant|p2b: Iron Bundle|flinch\n|move|p1a: Hatterene|Trick Room|p1a: Hatterene\n|-fieldstart|move: Trick Room|[of] p1a: Hatterene\n|\n|upkeep\n|turn|8\n|inactive|sushipilled has 30 seconds left.\n|\n|t:|1683162976\n|move|p1a: Hatterene|Dazzling Gleam|p2a: Chi-Yu|[spread] p2a,p2b\n|-damage|p2a: Chi-Yu|59\/100\n|-damage|p2b: Iron Bundle|0 fnt\n|faint|p2b: Iron Bundle\n|-end|p2b: Iron Bundle|Quark Drive|[silent]\n|move|p1b: Iron Hands|Drain Punch|p2a: Chi-Yu\n|-supereffective|p2a: Chi-Yu\n|-damage|p2a: Chi-Yu|0 fnt\n|-heal|p1b: Iron Hands|52\/100|[from] drain|[of] p2a: Chi-Yu\n|faint|p2a: Chi-Yu\n|\n|upkeep\n|\n|t:|1683162983\n|switch|p2b: Tatsugiri|Tatsugiri, L50, F|100\/100\n|turn|9\n|\n|t:|1683162990\n|-terastallize|p2b: Tatsugiri|Steel\n|move|p1a: Hatterene|Dazzling Gleam|p2b: Tatsugiri\n|-resisted|p2b: Tatsugiri\n|-damage|p2b: Tatsugiri|68\/100\n|move|p1b: Iron Hands|Wild Charge|p2b: Tatsugiri\n|-damage|p2b: Tatsugiri|0 fnt\n|faint|p2b: Tatsugiri\n|-damage|p1b: Iron Hands|42\/100|[from] Recoil\n|\n|win|Beaugardes\n|raw|Beaugardes's rating: 1540 → 1565<\/strong> (+25 for winning)\n|raw|sushipilled's rating: 1627 → 1602<\/strong> (-25 for losing)\n|l|\u2606sushipilled\n","uploadtime":1683163099,"views":11,"p1id":"beaugardes","p2id":"sushipilled","formatid":"gen9vgc2023regulationc","rating":1565,"private":0,"password":""}