{"id":"gen9vgc2023regulationc-1847334940","p1":"Jjajang0226","p2":"TonnyDolfing","format":"[Gen 9] VGC 2023 Regulation C","log":"|j|\u2606Jjajang0226\n|j|\u2606TonnyDolfing\n|t:|1681939620\n|gametype|doubles\n|player|p1|Jjajang0226|1|1013\n|player|p2|TonnyDolfing|lucas-gen4pt|1034\n|teamsize|p1|6\n|teamsize|p2|6\n|gen|9\n|tier|[Gen 9] VGC 2023 Regulation C\n|rated|\n|rule|Species Clause: Limit one of each Pok\u00e9mon\n|rule|Item Clause: Limit one of each item\n|clearpoke\n|poke|p1|Wo-Chien, L50|\n|poke|p1|Flutter Mane, L50|\n|poke|p1|Arboliva, L50, M|\n|poke|p1|Farigiraf, L50, M|\n|poke|p1|Tinkaton, L50, F|\n|poke|p1|Arcanine, L50, M|\n|poke|p2|Amoonguss, L50, M|\n|poke|p2|Arcanine, L50, M|\n|poke|p2|Flutter Mane, L50|\n|poke|p2|Palafin, L50, F|\n|poke|p2|Kingambit, L50, M|\n|poke|p2|Ting-Lu, L50|\n|teampreview|4\n|inactive|Battle timer is ON: inactive players will automatically lose when time's up. (requested by Jjajang0226)\n|\n|t:|1681939638\n|start\n|switch|p1a: Wo-Chien|Wo-Chien, L50|100\/100\n|switch|p1b: Arboliva|Arboliva, L50, M|100\/100\n|switch|p2a: Ting-Lu|Ting-Lu, L50|100\/100\n|switch|p2b: Palafin|Palafin, L50, F|100\/100\n|-ability|p1a: Wo-Chien|Tablets of Ruin\n|-ability|p2a: Ting-Lu|Vessel of Ruin\n|turn|1\n|inactive|Jjajang0226 has 30 seconds left.\n|inactive|TonnyDolfing has 30 seconds left.\n|\n|t:|1681939665\n|detailschange|p2b: Palafin|Palafin-Hero, L50, F\n|switch|p2b: Arcanine|Arcanine, L50, M|100\/100\n|-ability|p2b: Arcanine|Intimidate|boost\n|-unboost|p1a: Wo-Chien|atk|1\n|-unboost|p1b: Arboliva|atk|1\n|move|p1a: Wo-Chien|Leech Seed|p2a: Ting-Lu\n|-start|p2a: Ting-Lu|move: Leech Seed\n|move|p2a: Ting-Lu|Body Press|p1a: Wo-Chien\n|-supereffective|p1a: Wo-Chien\n|-damage|p1a: Wo-Chien|61\/100\n|move|p1b: Arboliva|Substitute|p1b: Arboliva\n|-start|p1b: Arboliva|Substitute\n|-damage|p1b: Arboliva|76\/100\n|\n|-heal|p1a: Wo-Chien|67\/100|[from] item: Leftovers\n|-damage|p2a: Ting-Lu|88\/100|[from] Leech Seed|[of] p1a: Wo-Chien\n|-heal|p1a: Wo-Chien|82\/100|[silent]\n|upkeep\n|turn|2\n|inactive|Jjajang0226 has 30 seconds left.\n|inactive|TonnyDolfing has 30 seconds left.\n|\n|t:|1681939700\n|-terastallize|p1a: Wo-Chien|Ghost\n|move|p2b: Arcanine|Flare Blitz|p1b: Arboliva\n|-supereffective|p1b: Arboliva\n|-end|p1b: Arboliva|Substitute\n|-damage|p2b: Arcanine|93\/100|[from] Recoil|[of] p1b: Arboliva\n|move|p1a: Wo-Chien|Ruination|p2b: Arcanine\n|-damage|p2b: Arcanine|47\/100\n|move|p2a: Ting-Lu|Ruination|p1a: Wo-Chien\n|-damage|p1a: Wo-Chien|41\/100\n|move|p1b: Arboliva|Leech Seed|p2b: Arcanine\n|-start|p2b: Arcanine|move: Leech Seed\n|\n|-heal|p1a: Wo-Chien|47\/100|[from] item: Leftovers\n|-damage|p2b: Arcanine|35\/100|[from] Leech Seed|[of] p1b: Arboliva\n|-heal|p1b: Arboliva|89\/100|[silent]\n|-damage|p2a: Ting-Lu|76\/100|[from] Leech Seed|[of] p1a: Wo-Chien\n|-heal|p1a: Wo-Chien|62\/100|[silent]\n|upkeep\n|turn|3\n|inactive|Jjajang0226 has 30 seconds left.\n|inactive|TonnyDolfing has 30 seconds left.\n|inactive|TonnyDolfing has 20 seconds left.\n|inactive|TonnyDolfing has 15 seconds left.\n|\n|t:|1681939742\n|move|p2b: Arcanine|Extreme Speed|p1b: Arboliva\n|-damage|p1b: Arboliva|74\/100\n|move|p1a: Wo-Chien|Knock Off|p2b: Arcanine\n|-damage|p2b: Arcanine|17\/100\n|-enditem|p2b: Arcanine|Safety Goggles|[from] move: Knock Off|[of] p1a: Wo-Chien\n|move|p2a: Ting-Lu|Body Press|p1b: Arboliva\n|-supereffective|p1b: Arboliva\n|-damage|p1b: Arboliva|35\/100\n|-enditem|p1b: Arboliva|Sitrus Berry|[eat]\n|-heal|p1b: Arboliva|60\/100|[from] item: Sitrus Berry\n|move|p1b: Arboliva|Pollen Puff|p1a: Wo-Chien\n|-heal|p1a: Wo-Chien|100\/100\n|\n|-damage|p2b: Arcanine|5\/100|[from] Leech Seed|[of] p1b: Arboliva\n|-heal|p1b: Arboliva|73\/100|[silent]\n|-damage|p2a: Ting-Lu|64\/100|[from] Leech Seed|[of] p1a: Wo-Chien\n|-item|p1b: Arboliva|Sitrus Berry|[from] ability: Harvest\n|upkeep\n|turn|4\n|inactive|Jjajang0226 has 30 seconds left.\n|inactive|TonnyDolfing has 30 seconds left.\n|\n|t:|1681939775\n|move|p2b: Arcanine|Flare Blitz|p1b: Arboliva\n|-supereffective|p1b: Arboliva\n|-damage|p1b: Arboliva|7\/100\n|-enditem|p1b: Arboliva|Sitrus Berry|[eat]\n|-heal|p1b: Arboliva|32\/100|[from] item: Sitrus Berry\n|-damage|p2b: Arcanine|0 fnt|[from] Recoil\n|faint|p2b: Arcanine\n|move|p1a: Wo-Chien|Pollen Puff|p1b: Arboliva\n|-heal|p1b: Arboliva|82\/100\n|move|p2a: Ting-Lu|Body Press|p1b: Arboliva\n|-supereffective|p1b: Arboliva\n|-damage|p1b: Arboliva|39\/100\n|move|p1b: Arboliva|Substitute|p1b: Arboliva\n|-start|p1b: Arboliva|Substitute\n|-damage|p1b: Arboliva|15\/100\n|\n|-damage|p2a: Ting-Lu|52\/100|[from] Leech Seed|[of] p1a: Wo-Chien\n|upkeep\n|inactive|TonnyDolfing has 30 seconds left.\n|\n|t:|1681939804\n|switch|p2b: Palafin|Palafin-Hero, L50, F|100\/100\n|-activate|p2b: Palafin|ability: Zero to Hero\n|turn|5\n|\n|t:|1681939816\n|move|p2b: Palafin|Ice Punch|p1b: Arboliva\n|-supereffective|p1b: Arboliva\n|-end|p1b: Arboliva|Substitute\n|move|p1a: Wo-Chien|Pollen Puff|p1b: Arboliva\n|-heal|p1b: Arboliva|64\/100\n|move|p2a: Ting-Lu|Ruination|p1a: Wo-Chien\n|-damage|p1a: Wo-Chien|50\/100\n|move|p1b: Arboliva|Leech Seed|p2b: Palafin\n|-start|p2b: Palafin|move: Leech Seed\n|\n|-heal|p1a: Wo-Chien|57\/100|[from] item: Leftovers\n|-damage|p2b: Palafin|88\/100|[from] Leech Seed|[of] p1b: Arboliva\n|-heal|p1b: Arboliva|76\/100|[silent]\n|-damage|p2a: Ting-Lu|40\/100|[from] Leech Seed|[of] p1a: Wo-Chien\n|-heal|p1a: Wo-Chien|71\/100|[silent]\n|upkeep\n|turn|6\n|inactive|Jjajang0226 has 30 seconds left.\n|\n|t:|1681939845\n|move|p2b: Palafin|Ice Punch|p1b: Arboliva\n|-supereffective|p1b: Arboliva\n|-crit|p1b: Arboliva\n|-damage|p1b: Arboliva|0 fnt\n|faint|p1b: Arboliva\n|move|p1a: Wo-Chien|Knock Off|p2b: Palafin\n|-damage|p2b: Palafin|71\/100\n|-enditem|p2b: Palafin|Mystic Water|[from] move: Knock Off|[of] p1a: Wo-Chien\n|move|p2a: Ting-Lu|Ruination|p1a: Wo-Chien\n|-damage|p1a: Wo-Chien|36\/100\n|\n|-heal|p1a: Wo-Chien|42\/100|[from] item: Leftovers\n|-damage|p2a: Ting-Lu|27\/100|[from] Leech Seed|[of] p1a: Wo-Chien\n|-heal|p1a: Wo-Chien|57\/100|[silent]\n|upkeep\n|\n|t:|1681939863\n|switch|p1b: Flutter Mane|Flutter Mane, L50|100\/100\n|-enditem|p1b: Flutter Mane|Booster Energy\n|-activate|p1b: Flutter Mane|ability: Protosynthesis|[fromitem]\n|-start|p1b: Flutter Mane|protosynthesisspe\n|turn|7\n|\n|t:|1681939876\n|move|p1b: Flutter Mane|Protect|p1b: Flutter Mane\n|-singleturn|p1b: Flutter Mane|Protect\n|move|p2b: Palafin|Wave Crash|p1b: Flutter Mane\n|-activate|p1b: Flutter Mane|move: Protect\n|move|p1a: Wo-Chien|Knock Off|p2a: Ting-Lu\n|-resisted|p2a: Ting-Lu\n|-damage|p2a: Ting-Lu|23\/100\n|-enditem|p2a: Ting-Lu|Lum Berry|[from] move: Knock Off|[of] p1a: Wo-Chien\n|move|p2a: Ting-Lu|Heavy Slam|p1b: Flutter Mane\n|-activate|p1b: Flutter Mane|move: Protect\n|\n|-heal|p1a: Wo-Chien|63\/100|[from] item: Leftovers\n|-damage|p2b: Palafin|58\/100|[from] Leech Seed|[of] p1b: Flutter Mane\n|-damage|p2a: Ting-Lu|10\/100|[from] Leech Seed|[of] p1a: Wo-Chien\n|-heal|p1a: Wo-Chien|78\/100|[silent]\n|upkeep\n|turn|8\n|inactive|Jjajang0226 has 30 seconds left.\n|inactive|TonnyDolfing has 30 seconds left.\n|\n|t:|1681939911\n|move|p1b: Flutter Mane|Dazzling Gleam|p2a: Ting-Lu|[spread] p2a,p2b\n|-supereffective|p2a: Ting-Lu\n|-damage|p2a: Ting-Lu|0 fnt\n|-damage|p2b: Palafin|37\/100\n|faint|p2a: Ting-Lu\n|move|p2b: Palafin|Wave Crash|p1b: Flutter Mane\n|-damage|p1b: Flutter Mane|23\/100\n|-damage|p2b: Palafin|14\/100|[from] Recoil\n|move|p1a: Wo-Chien|Ruination|p2b: Palafin\n|-damage|p2b: Palafin|7\/100\n|\n|-heal|p1a: Wo-Chien|84\/100|[from] item: Leftovers\n|-damage|p2b: Palafin|0 fnt|[from] Leech Seed|[of] p1b: Flutter Mane\n|-heal|p1b: Flutter Mane|30\/100|[silent]\n|faint|p2b: Palafin\n|upkeep\n|\n|t:|1681939929\n|switch|p2b: Flutter Mane|Flutter Mane, L50|100\/100\n|-enditem|p2b: Flutter Mane|Booster Energy\n|-activate|p2b: Flutter Mane|ability: Protosynthesis|[fromitem]\n|-start|p2b: Flutter Mane|protosynthesisspa\n|turn|9\n|\n|t:|1681939953\n|-terastallize|p2b: Flutter Mane|Fairy\n|move|p1b: Flutter Mane|Shadow Ball|p2b: Flutter Mane\n|-damage|p2b: Flutter Mane|72\/100\n|move|p2b: Flutter Mane|Moonblast|p1b: Flutter Mane\n|-damage|p1b: Flutter Mane|0 fnt\n|faint|p1b: Flutter Mane\n|-end|p1b: Flutter Mane|Protosynthesis|[silent]\n|move|p1a: Wo-Chien|Ruination|p2b: Flutter Mane|[miss]\n|-miss|p1a: Wo-Chien|p2b: Flutter Mane\n|\n|-heal|p1a: Wo-Chien|90\/100|[from] item: Leftovers\n|upkeep\n|\n|t:|1681939969\n|switch|p1b: Arcanine|Arcanine, L50, M|100\/100\n|turn|10\n|\n|t:|1681939984\n|move|p1b: Arcanine|Protect|p1b: Arcanine\n|-singleturn|p1b: Arcanine|Protect\n|move|p2b: Flutter Mane|Moonblast|p1b: Arcanine\n|-activate|p1b: Arcanine|move: Protect\n|move|p1a: Wo-Chien|Leech Seed|p2b: Flutter Mane\n|-start|p2b: Flutter Mane|move: Leech Seed\n|\n|-heal|p1a: Wo-Chien|96\/100|[from] item: Leftovers\n|-damage|p2b: Flutter Mane|60\/100|[from] Leech Seed|[of] p1a: Wo-Chien\n|-heal|p1a: Wo-Chien|100\/100|[silent]\n|upkeep\n|turn|11\n|\n|t:|1681940000\n|move|p1b: Arcanine|Extreme Speed|p2b: Flutter Mane\n|-damage|p2b: Flutter Mane|34\/100\n|-damage|p1b: Arcanine|91\/100|[from] item: Life Orb\n|move|p2b: Flutter Mane|Moonblast|p1b: Arcanine\n|-resisted|p1b: Arcanine\n|-damage|p1b: Arcanine|46\/100\n|move|p1a: Wo-Chien|Ruination|p2b: Flutter Mane\n|-damage|p2b: Flutter Mane|17\/100\n|\n|-damage|p2b: Flutter Mane|5\/100|[from] Leech Seed|[of] p1a: Wo-Chien\n|upkeep\n|turn|12\n|c|\u2606TonnyDolfing|gg\n|\n|t:|1681940017\n|move|p1b: Arcanine|Extreme Speed|p2b: Flutter Mane\n|-crit|p2b: Flutter Mane\n|-damage|p2b: Flutter Mane|0 fnt\n|faint|p2b: Flutter Mane\n|-end|p2b: Flutter Mane|Protosynthesis|[silent]\n|-damage|p1b: Arcanine|36\/100|[from] item: Life Orb\n|\n|win|Jjajang0226\n|raw|Jjajang0226's rating: 1013 → 1053<\/strong> (+40 for winning)\n|raw|TonnyDolfing's rating: 1034 → 1018<\/strong> (-16 for losing)\n|c|\u2606TonnyDolfing|interesting set\n|l|\u2606Jjajang0226\n","uploadtime":1681940078,"views":4,"p1id":"jjajang0226","p2id":"tonnydolfing","formatid":"gen9vgc2023regulationc","rating":1018,"private":0,"password":""}