{"id":"gen9vgc2023regulationc-1853480589","p1":"ccmirai","p2":"Evil Flowey","format":"[Gen 9] VGC 2023 Regulation C","log":"|j|\u2606ccmirai\n|j|\u2606Evil Flowey\n|t:|1682689409\n|gametype|doubles\n|player|p1|ccmirai|1|1649\n|player|p2|Evil Flowey|volo|1741\n|teamsize|p1|6\n|teamsize|p2|6\n|gen|9\n|tier|[Gen 9] VGC 2023 Regulation C\n|rated|\n|rule|Species Clause: Limit one of each Pok\u00e9mon\n|rule|Item Clause: Limit one of each item\n|clearpoke\n|poke|p1|Chi-Yu, L50|\n|poke|p1|Flutter Mane, L50|\n|poke|p1|Roaring Moon, L50|\n|poke|p1|Corviknight, L50, M|\n|poke|p1|Klefki, L50, F|\n|poke|p1|Garchomp, L50, M|\n|poke|p2|Baxcalibur, L50, M|\n|poke|p2|Torkoal, L50, F|\n|poke|p2|Chi-Yu, L50|\n|poke|p2|Ting-Lu, L50|\n|poke|p2|Dachsbun, L50, F|\n|poke|p2|Kingambit, L50, M|\n|teampreview|4\n|inactive|Battle timer is ON: inactive players will automatically lose when time's up. (requested by Evil Flowey)\n|inactive|ccmirai has 60 seconds left.\n|\n|t:|1682689462\n|start\n|switch|p1a: Klefki|Klefki, L50, F|100\/100\n|switch|p1b: Corviknight|Corviknight, L50, M|100\/100\n|switch|p2a: Chi-Yu|Chi-Yu, L50|100\/100\n|switch|p2b: Cagnotta|Dachsbun, L50, F, shiny|100\/100\n|-ability|p2a: Chi-Yu|Beads of Ruin\n|turn|1\n|inactive|ccmirai has 30 seconds left.\n|inactive|Evil Flowey has 30 seconds left.\n|\n|t:|1682689495\n|-terastallize|p1b: Corviknight|Fire\n|move|p1a: Klefki|Thunder Wave|p2b: Cagnotta|[miss]\n|-miss|p1a: Klefki|p2b: Cagnotta\n|move|p2a: Chi-Yu|Lava Plume|p1b: Corviknight|[spread] p1a,p1b\n|-ability|p2b: Cagnotta|Well-Baked Body|boost\n|-boost|p2b: Cagnotta|def|2\n|-supereffective|p1a: Klefki\n|-resisted|p1b: Corviknight\n|-damage|p1a: Klefki|16\/100\n|-damage|p1b: Corviknight|80\/100\n|-status|p1a: Klefki|brn\n|move|p2b: Cagnotta|Body Press|p1b: Corviknight\n|-damage|p1b: Corviknight|31\/100\n|move|p1b: Corviknight|Bulk Up|p1b: Corviknight\n|-boost|p1b: Corviknight|atk|1\n|-boost|p1b: Corviknight|def|1\n|\n|-damage|p1a: Klefki|10\/100 brn|[from] brn\n|upkeep\n|turn|2\n|\n|t:|1682689515\n|move|p1a: Klefki|Thunder Wave|p2b: Cagnotta|[miss]\n|-miss|p1a: Klefki|p2b: Cagnotta\n|move|p2a: Chi-Yu|Lava Plume|p1b: Corviknight|[spread] p1a,p1b\n|-ability|p2b: Cagnotta|Well-Baked Body|boost\n|-boost|p2b: Cagnotta|def|2\n|-supereffective|p1a: Klefki\n|-resisted|p1b: Corviknight\n|-damage|p1a: Klefki|0 fnt\n|-damage|p1b: Corviknight|11\/100\n|faint|p1a: Klefki\n|move|p2b: Cagnotta|Body Press|p1b: Corviknight\n|-damage|p1b: Corviknight|0 fnt\n|faint|p1b: Corviknight\n|\n|upkeep\n|c|\u2606Evil Flowey|what a luck\u00e0\n|inactive|ccmirai has 30 seconds left.\n|\n|t:|1682689549\n|switch|p1a: Garchomp|Garchomp, L50, M|100\/100\n|switch|p1b: Flutter Mane|Flutter Mane, L50|100\/100\n|turn|3\n|\n|t:|1682689571\n|-terastallize|p2a: Chi-Yu|Flying\n|move|p1a: Garchomp|Stomping Tantrum|p2a: Chi-Yu\n|-immune|p2a: Chi-Yu\n|move|p2a: Chi-Yu|Lava Plume|p1b: Flutter Mane|[spread] p1a,p1b\n|-ability|p2b: Cagnotta|Well-Baked Body|boost\n|-boost|p2b: Cagnotta|def|2\n|-resisted|p1a: Garchomp\n|-damage|p1a: Garchomp|75\/100\n|-damage|p1b: Flutter Mane|60\/100\n|move|p1b: Flutter Mane|Moonblast|p2b: Cagnotta\n|-damage|p2b: Cagnotta|0 fnt\n|faint|p2b: Cagnotta\n|\n|upkeep\n|\n|t:|1682689587\n|switch|p2b: Queengambit|Kingambit, L50, M|100\/100\n|turn|4\n|\n|t:|1682689595\n|switch|p2a: Luigi|Torkoal, L50, F|100\/100\n|-weather|SunnyDay|[from] ability: Drought|[of] p2a: Luigi\n|-activate|p1b: Flutter Mane|ability: Protosynthesis\n|-start|p1b: Flutter Mane|protosynthesisspe\n|move|p1b: Flutter Mane|Moonblast|p2a: Luigi\n|-resisted|p2a: Luigi\n|-damage|p2a: Luigi|55\/100\n|move|p1a: Garchomp|Stomping Tantrum|p2b: Queengambit\n|-supereffective|p2b: Queengambit\n|-damage|p2b: Queengambit|0 fnt\n|faint|p2b: Queengambit\n|\n|-weather|SunnyDay|[upkeep]\n|upkeep\n|j| turnyacc\n|\n|t:|1682689605\n|switch|p2b: Chi-Yu|Chi-Yu, L50, tera:Flying|100\/100\n|-ability|p2b: Chi-Yu|Beads of Ruin\n|turn|5\n|inactive|Evil Flowey has 30 seconds left.\n|\n|t:|1682689631\n|move|p2a: Luigi|Protect|p2a: Luigi\n|-singleturn|p2a: Luigi|Protect\n|move|p1b: Flutter Mane|Moonblast|p2b: Chi-Yu\n|-damage|p2b: Chi-Yu|21\/100\n|-unboost|p2b: Chi-Yu|spa|1\n|move|p1a: Garchomp|Stomping Tantrum|p2a: Luigi\n|-activate|p2a: Luigi|move: Protect\n|move|p2b: Chi-Yu|Heat Wave|p1b: Flutter Mane|[spread] p1a,p1b\n|-resisted|p1a: Garchomp\n|-damage|p1a: Garchomp|42\/100\n|-damage|p1b: Flutter Mane|9\/100\n|\n|-weather|SunnyDay|[upkeep]\n|upkeep\n|turn|6\n|\n|t:|1682689648\n|move|p1b: Flutter Mane|Moonblast|p2b: Chi-Yu\n|-damage|p2b: Chi-Yu|0 fnt\n|faint|p2b: Chi-Yu\n|move|p1a: Garchomp|Stomping Tantrum|p2a: Luigi\n|-supereffective|p2a: Luigi\n|-damage|p2a: Luigi|0 fnt\n|faint|p2a: Luigi\n|\n|win|ccmirai\n|raw|ccmirai's rating: 1649 → 1674<\/strong> (+25 for winning)\n|raw|Evil Flowey's rating: 1741 → 1716<\/strong> (-25 for losing)\n|c|\u2606ccmirai|gg\n|c|\u2606Evil Flowey|gg\n","uploadtime":1682689659,"views":12,"p1id":"ccmirai","p2id":"evilflowey","formatid":"gen9vgc2023regulationc","rating":1674,"private":0,"password":""}