{"id":"gen9vgc2023regulationc-1848770364","p1":"dunsparcedingo","p2":"Rocket Turtle","format":"[Gen 9] VGC 2023 Regulation C","log":"|j|\u2606dunsparcedingo\n|j|\u2606Rocket Turtle\n|t:|1682108654\n|gametype|doubles\n|player|p1|dunsparcedingo|zinnia|1132\n|player|p2|Rocket Turtle|n|1171\n|teamsize|p1|6\n|teamsize|p2|6\n|gen|9\n|tier|[Gen 9] VGC 2023 Regulation C\n|rated|\n|rule|Species Clause: Limit one of each Pok\u00e9mon\n|rule|Item Clause: Limit one of each item\n|clearpoke\n|poke|p1|Torkoal, L50, M|\n|poke|p1|Jumpluff, L50, F|\n|poke|p1|Chi-Yu, L50|\n|poke|p1|Sandy Shocks, L50|\n|poke|p1|Iron Bundle, L50|\n|poke|p1|Slither Wing, L50|\n|poke|p2|Palafin, L50, F|\n|poke|p2|Arcanine, L50, F|\n|poke|p2|Amoonguss, L50, M|\n|poke|p2|Kingambit, L50, M|\n|poke|p2|Chien-Pao, L50|\n|poke|p2|Slither Wing, L50|\n|teampreview|4\ndunsparcedingo has agreed to open team sheets.\nRocket Turtle has agreed to open team sheets.\n|\n|t:|1682108743\n|start\n|switch|p1a: Jumpluff|Jumpluff, L50, F|100\/100\n|switch|p1b: Iron Bundle|Iron Bundle, L50|100\/100\n|switch|p2a: Palafin|Palafin, L50, F|100\/100\n|switch|p2b: Slither Wing|Slither Wing, L50|100\/100\n|turn|1\n|\n|t:|1682108795\n|-end|p1b: Iron Bundle|Quark Drive|[silent]\n|switch|p1b: Torkoal|Torkoal, L50, M|100\/100\n|-weather|SunnyDay|[from] ability: Drought|[of] p1b: Torkoal\n|-activate|p2b: Slither Wing|ability: Protosynthesis\n|-start|p2b: Slither Wing|protosynthesisatk\n|detailschange|p2a: Palafin|Palafin-Hero, L50, F\n|switch|p2a: Arcanine|Arcanine, L50, F|100\/100\n|-ability|p2a: Arcanine|Intimidate|boost\n|-unboost|p1a: Jumpluff|atk|1\n|-unboost|p1b: Torkoal|atk|1\n|move|p2b: Slither Wing|First Impression|p1a: Jumpluff\n|-enditem|p1a: Jumpluff|Focus Sash\n|-damage|p1a: Jumpluff|1\/100\n|-damage|p2b: Slither Wing|91\/100|[from] item: Life Orb\n|move|p1a: Jumpluff|Encore|p2b: Slither Wing\n|-start|p2b: Slither Wing|Encore\n|\n|-weather|SunnyDay|[upkeep]\n|upkeep\n|turn|2\n|\n|t:|1682108821\n|-end|p2b: Slither Wing|Protosynthesis|[silent]\n|switch|p2b: Palafin|Palafin-Hero, L50, F|100\/100\n|-activate|p2b: Palafin|ability: Zero to Hero\n|move|p2a: Arcanine|Extreme Speed|p1a: Jumpluff\n|-damage|p1a: Jumpluff|0 fnt\n|faint|p1a: Jumpluff\n|move|p1b: Torkoal|Will-O-Wisp|p2b: Palafin\n|-status|p2b: Palafin|brn\n|\n|-weather|SunnyDay|[upkeep]\n|-damage|p2b: Palafin|95\/100 brn|[from] brn\n|upkeep\n|\n|t:|1682108840\n|switch|p1a: Iron Bundle|Iron Bundle, L50|100\/100\n|turn|3\n|\n|t:|1682108881\n|move|p1a: Iron Bundle|Chilling Water|p2a: Arcanine\n|-supereffective|p2a: Arcanine\n|-damage|p2a: Arcanine|78\/100\n|-unboost|p2a: Arcanine|atk|1\n|move|p2a: Arcanine|Howl|p2a: Arcanine|[spread] p2a,p2b\n|-boost|p2a: Arcanine|atk|1\n|-boost|p2b: Palafin|atk|1\n|move|p2b: Palafin|Wave Crash|p1b: Torkoal\n|-supereffective|p1b: Torkoal\n|-damage|p1b: Torkoal|53\/100\n|-damage|p2b: Palafin|82\/100 brn|[from] Recoil\n|move|p1b: Torkoal|Overheat|p2b: Palafin\n|-resisted|p2b: Palafin\n|-damage|p2b: Palafin|54\/100 brn\n|-unboost|p1b: Torkoal|spa|2\n|\n|-weather|SunnyDay|[upkeep]\n|-heal|p1b: Torkoal|59\/100|[from] item: Leftovers\n|-damage|p2b: Palafin|48\/100 brn|[from] brn\n|upkeep\n|turn|4\n|\n|t:|1682108915\n|switch|p1b: Chi-Yu|Chi-Yu, L50|100\/100\n|-ability|p1b: Chi-Yu|Beads of Ruin\n|move|p1a: Iron Bundle|Freeze-Dry|p2b: Palafin\n|-supereffective|p2b: Palafin\n|-damage|p2b: Palafin|0 fnt\n|faint|p2b: Palafin\n|move|p2a: Arcanine|Howl|p2a: Arcanine\n|-boost|p2a: Arcanine|atk|1\n|\n|-weather|SunnyDay|[upkeep]\n|upkeep\n|\n|t:|1682108924\n|switch|p2b: Slither Wing|Slither Wing, L50|91\/100\n|-activate|p2b: Slither Wing|ability: Protosynthesis\n|-start|p2b: Slither Wing|protosynthesisatk\n|turn|5\n|\n|t:|1682108941\n|switch|p1b: Torkoal|Torkoal, L50, M|59\/100\n|move|p2b: Slither Wing|First Impression|p1b: Torkoal\n|-resisted|p1b: Torkoal\n|-damage|p1b: Torkoal|29\/100\n|-damage|p2b: Slither Wing|82\/100|[from] item: Life Orb\n|move|p1a: Iron Bundle|Chilling Water|p2b: Slither Wing\n|-damage|p2b: Slither Wing|69\/100\n|-unboost|p2b: Slither Wing|atk|1\n|move|p2a: Arcanine|Flare Blitz|p1a: Iron Bundle\n|-damage|p1a: Iron Bundle|7\/100\n|-damage|p2a: Arcanine|53\/100|[from] Recoil\n|\n|-weather|none\n|-end|p2b: Slither Wing|Protosynthesis\n|-heal|p1b: Torkoal|35\/100|[from] item: Leftovers\n|upkeep\n|turn|6\n|\n|t:|1682108983\n|move|p1a: Iron Bundle|Protect|p1a: Iron Bundle\n|-singleturn|p1a: Iron Bundle|Protect\n|move|p2b: Slither Wing|Protect|p2b: Slither Wing\n|-singleturn|p2b: Slither Wing|Protect\n|move|p2a: Arcanine|Extreme Speed|p1a: Iron Bundle\n|-activate|p1a: Iron Bundle|move: Protect\n|move|p1b: Torkoal|Overheat|p2b: Slither Wing\n|-activate|p2b: Slither Wing|move: Protect\n|\n|-heal|p1b: Torkoal|41\/100|[from] item: Leftovers\n|upkeep\n|turn|7\n|\n|t:|1682109035\n|move|p1a: Iron Bundle|Protect|p1a: Iron Bundle\n|-singleturn|p1a: Iron Bundle|Protect\n|move|p2a: Arcanine|Extreme Speed|p1a: Iron Bundle\n|-activate|p1a: Iron Bundle|move: Protect\n|move|p2b: Slither Wing|Close Combat|p1b: Torkoal\n|-damage|p1b: Torkoal|0 fnt\n|-unboost|p2b: Slither Wing|def|1\n|-unboost|p2b: Slither Wing|spd|1\n|faint|p1b: Torkoal\n|-damage|p2b: Slither Wing|60\/100|[from] item: Life Orb\n|\n|upkeep\n|\n|t:|1682109046\n|switch|p1b: Chi-Yu|Chi-Yu, L50|100\/100\n|-ability|p1b: Chi-Yu|Beads of Ruin\n|turn|8\n|\n|t:|1682109075\n|move|p1a: Iron Bundle|Protect||[still]\n|-fail|p1a: Iron Bundle\n|move|p2a: Arcanine|Extreme Speed|p1a: Iron Bundle\n|-damage|p1a: Iron Bundle|0 fnt\n|faint|p1a: Iron Bundle\n|-end|p1a: Iron Bundle|Quark Drive|[silent]\n|move|p2b: Slither Wing|Close Combat|p1b: Chi-Yu\n|-supereffective|p1b: Chi-Yu\n|-damage|p1b: Chi-Yu|0 fnt\n|-unboost|p2b: Slither Wing|def|1\n|-unboost|p2b: Slither Wing|spd|1\n|faint|p1b: Chi-Yu\n|-damage|p2b: Slither Wing|50\/100|[from] item: Life Orb\n|\n|win|Rocket Turtle\n|raw|dunsparcedingo's rating: 1132 → 1110<\/strong> (-22 for losing)\n|raw|Rocket Turtle's rating: 1171 → 1193<\/strong> (+22 for winning)\n","uploadtime":1682109087,"views":7,"p1id":"dunsparcedingo","p2id":"rocketturtle","formatid":"gen9vgc2023regulationc","rating":1110,"private":0,"password":""}