{"id":"gen9vgc2023regulationc-1846897141","p1":"Prov4molo","p2":"RitmanTesting1","format":"[Gen 9] VGC 2023 Regulation C","log":"|j|\u2606Prov4molo\n|j|\u2606RitmanTesting1\n|t:|1681897628\n|gametype|doubles\n|player|p1|Prov4molo|ethan|1422\n|player|p2|RitmanTesting1|byron|1400\n|teamsize|p1|6\n|teamsize|p2|6\n|gen|9\n|tier|[Gen 9] VGC 2023 Regulation C\n|rated|\n|rule|Species Clause: Limit one of each Pok\u00e9mon\n|rule|Item Clause: Limit one of each item\n|clearpoke\n|poke|p1|Palafin, L50, F|\n|poke|p1|Amoonguss, L50, F|\n|poke|p1|Arcanine, L50, F|\n|poke|p1|Baxcalibur, L50, F|\n|poke|p1|Flutter Mane, L50|\n|poke|p1|Ting-Lu, L50|\n|poke|p2|Chi-Yu, L50|\n|poke|p2|Flutter Mane, L50|\n|poke|p2|Gyarados, L50, M|\n|poke|p2|Brute Bonnet, L50|\n|poke|p2|Baxcalibur, L50, M|\n|poke|p2|Glimmora, L50, M|\n|teampreview|4\nRitmanTesting1 has agreed to open team sheets.\n|inactive|Battle timer is ON: inactive players will automatically lose when time's up. (requested by RitmanTesting1)\n|inactive|Prov4molo has 60 seconds left.\n|inactive|Prov4molo has 30 seconds left.\n|inactive|Prov4molo has 20 seconds left.\n|\n|t:|1681897704\n|start\n|switch|p1a: Palafin|Palafin, L50, F|100\/100\n|switch|p1b: Flutter Mane|Flutter Mane, L50|100\/100\n|switch|p2a: Gyarados|Gyarados, L50, M|100\/100\n|switch|p2b: Glimmora|Glimmora, L50, M|100\/100\n|-ability|p2a: Gyarados|Intimidate|boost\n|-unboost|p1a: Palafin|atk|1\n|-unboost|p1b: Flutter Mane|atk|1\n|-enditem|p1b: Flutter Mane|Booster Energy\n|-activate|p1b: Flutter Mane|ability: Protosynthesis|[fromitem]\n|-start|p1b: Flutter Mane|protosynthesisspa\n|turn|1\n|\n|t:|1681897727\n|detailschange|p1a: Palafin|Palafin-Hero, L50, F\n|switch|p1a: Ting-Lu|Ting-Lu, L50|100\/100\n|-ability|p1a: Ting-Lu|Vessel of Ruin\n|move|p1b: Flutter Mane|Taunt|p2a: Gyarados\n|-start|p2a: Gyarados|move: Taunt\n|cant|p2a: Gyarados|move: Taunt|Dragon Dance\n|move|p2b: Glimmora|Mortal Spin|p1a: Ting-Lu|[spread] p1a,p1b\n|-resisted|p1a: Ting-Lu\n|-damage|p1a: Ting-Lu|99\/100\n|-damage|p1b: Flutter Mane|94\/100\n|-status|p1a: Ting-Lu|psn\n|-status|p1b: Flutter Mane|psn\n|\n|-damage|p1b: Flutter Mane|82\/100 psn|[from] psn\n|-damage|p1a: Ting-Lu|87\/100 psn|[from] psn\n|upkeep\n|turn|2\n|inactive|Prov4molo has 30 seconds left.\n|inactive|RitmanTesting1 has 30 seconds left.\n|inactive|Prov4molo has 20 seconds left.\n|inactive|RitmanTesting1 has 20 seconds left.\n|\n|t:|1681897770\n|move|p1b: Flutter Mane|Shadow Ball|p2b: Glimmora\n|-damage|p2b: Glimmora|70\/100\n|move|p2a: Gyarados|Waterfall|p1b: Flutter Mane\n|-damage|p1b: Flutter Mane|29\/100 psn\n|move|p2b: Glimmora|Sludge Bomb|p1b: Flutter Mane\n|-damage|p1b: Flutter Mane|0 fnt\n|faint|p1b: Flutter Mane\n|-end|p1b: Flutter Mane|Protosynthesis|[silent]\n|move|p1a: Ting-Lu|Ruination|p2b: Glimmora\n|-damage|p2b: Glimmora|35\/100\n|\n|-damage|p1a: Ting-Lu|75\/100 psn|[from] psn\n|upkeep\n|\n|t:|1681897781\n|switch|p1b: Palafin|Palafin-Hero, L50, F|100\/100\n|-activate|p1b: Palafin|ability: Zero to Hero\n|turn|3\n|\n|t:|1681897799\n|switch|p2b: Baxcalibur|Baxcalibur, L50, M|100\/100\n|move|p1b: Palafin|Jet Punch|p2b: Baxcalibur\n|-resisted|p2b: Baxcalibur\n|-damage|p2b: Baxcalibur|83\/100\n|move|p2a: Gyarados|Waterfall|p1a: Ting-Lu\n|-supereffective|p1a: Ting-Lu\n|-damage|p1a: Ting-Lu|34\/100 psn\n|move|p1a: Ting-Lu|Rock Tomb|p2a: Gyarados\n|-supereffective|p2a: Gyarados\n|-damage|p2a: Gyarados|62\/100\n|-unboost|p2a: Gyarados|spe|1\n|\n|-damage|p1a: Ting-Lu|22\/100 psn|[from] psn\n|-end|p2a: Gyarados|move: Taunt\n|upkeep\n|turn|4\n|inactive|Prov4molo has 30 seconds left.\n|inactive|RitmanTesting1 has 30 seconds left.\n|inactive|Prov4molo has 20 seconds left.\n|inactive|Prov4molo has 15 seconds left.\n|inactive|Prov4molo has 10 seconds left.\n|inactive|Prov4molo has 5 seconds left.\n|\n|t:|1681897852\n|-terastallize|p1b: Palafin|Water\n|move|p2b: Baxcalibur|Ice Shard|p1a: Ting-Lu\n|-supereffective|p1a: Ting-Lu\n|-damage|p1a: Ting-Lu|0 fnt\n|faint|p1a: Ting-Lu\n|move|p1b: Palafin|Wave Crash|p2a: Gyarados\n|-resisted|p2a: Gyarados\n|-damage|p2a: Gyarados|11\/100\n|-damage|p1b: Palafin|85\/100|[from] Recoil\n|move|p2a: Gyarados|Dragon Dance|p2a: Gyarados\n|-boost|p2a: Gyarados|atk|1\n|-boost|p2a: Gyarados|spe|1\n|\n|upkeep\n|\n|t:|1681897857\n|switch|p1a: Arcanine|Arcanine, L50, F|100\/100\n|-ability|p1a: Arcanine|Intimidate|boost\n|-unboost|p2a: Gyarados|atk|1\n|-unboost|p2b: Baxcalibur|atk|1\n|turn|5\n|\n|t:|1681897873\n|switch|p2a: Brute Bonnet|Brute Bonnet, L50|100\/100\n|move|p1b: Palafin|Jet Punch|p2a: Brute Bonnet\n|-resisted|p2a: Brute Bonnet\n|-damage|p2a: Brute Bonnet|82\/100\n|move|p1a: Arcanine|Substitute|p1a: Arcanine\n|-start|p1a: Arcanine|Substitute\n|-damage|p1a: Arcanine|75\/100\n|move|p2b: Baxcalibur|Glaive Rush|p1b: Palafin\n|-damage|p1b: Palafin|49\/100\n|-singlemove|p2b: Baxcalibur|Glaive Rush|[silent]\n|\n|-heal|p1a: Arcanine|82\/100|[from] item: Leftovers\n|upkeep\n|turn|6\n|inactive|Prov4molo has 30 seconds left.\n|\n|t:|1681897902\n|switch|p2b: Gyarados|Gyarados, L50, M|11\/100\n|-ability|p2b: Gyarados|Intimidate|boost\n|-immune|p1a: Arcanine\n|-unboost|p1b: Palafin|atk|1\n|move|p1a: Arcanine|Flare Blitz|p2a: Brute Bonnet\n|-supereffective|p2a: Brute Bonnet\n|-damage|p2a: Brute Bonnet|7\/100\n|-enditem|p2a: Brute Bonnet|Sitrus Berry|[eat]\n|-heal|p2a: Brute Bonnet|32\/100|[from] item: Sitrus Berry\n|-damage|p1a: Arcanine|55\/100|[from] Recoil\n|move|p1b: Palafin|Wave Crash|p2b: Gyarados\n|-resisted|p2b: Gyarados\n|-damage|p2b: Gyarados|0 fnt\n|faint|p2b: Gyarados\n|-damage|p1b: Palafin|45\/100|[from] Recoil\n|move|p2a: Brute Bonnet|Seed Bomb|p1b: Palafin\n|-supereffective|p1b: Palafin\n|-damage|p1b: Palafin|0 fnt\n|faint|p1b: Palafin\n|\n|-heal|p1a: Arcanine|61\/100|[from] item: Leftovers\n|upkeep\n|\n|t:|1681897923\n|switch|p2b: Glimmora|Glimmora, L50, M|35\/100\n|turn|7\n|\n|t:|1681897935\n|move|p1a: Arcanine|Protect|p1a: Arcanine\n|-singleturn|p1a: Arcanine|Protect\n|move|p2a: Brute Bonnet|Sucker Punch||[still]\n|-fail|p2a: Brute Bonnet\n|move|p2b: Glimmora|Power Gem|p1a: Arcanine\n|-activate|p1a: Arcanine|move: Protect\n|\n|-heal|p1a: Arcanine|67\/100|[from] item: Leftovers\n|upkeep\n|turn|8\n|\n|t:|1681897944\n|move|p2a: Brute Bonnet|Sucker Punch||[still]\n|-fail|p2a: Brute Bonnet\n|move|p1a: Arcanine|Howl|p1a: Arcanine\n|-boost|p1a: Arcanine|atk|1\n|move|p2b: Glimmora|Power Gem|p1a: Arcanine\n|-supereffective|p1a: Arcanine\n|-end|p1a: Arcanine|Substitute\n|\n|-heal|p1a: Arcanine|73\/100|[from] item: Leftovers\n|upkeep\n|turn|9\n|\n|t:|1681897957\n|move|p1a: Arcanine|Protect|p1a: Arcanine\n|-singleturn|p1a: Arcanine|Protect\n|move|p2a: Brute Bonnet|Sucker Punch||[still]\n|-fail|p2a: Brute Bonnet\n|move|p2b: Glimmora|Power Gem|p1a: Arcanine\n|-activate|p1a: Arcanine|move: Protect\n|\n|-heal|p1a: Arcanine|80\/100|[from] item: Leftovers\n|upkeep\n|turn|10\n|c|\u2606RitmanTesting1|protect for leftovers recovery, right?\n|inactive|Prov4molo has 30 seconds left.\n|\n|t:|1681897993\n|move|p1a: Arcanine|Flare Blitz|p2a: Brute Bonnet\n|-supereffective|p2a: Brute Bonnet\n|-damage|p2a: Brute Bonnet|0 fnt\n|faint|p2a: Brute Bonnet\n|-end|p2a: Brute Bonnet|Protosynthesis|[silent]\n|-damage|p1a: Arcanine|68\/100|[from] Recoil\n|move|p2b: Glimmora|Power Gem|p1a: Arcanine\n|-supereffective|p1a: Arcanine\n|-damage|p1a: Arcanine|0 fnt\n|faint|p1a: Arcanine\n|\n|win|RitmanTesting1\n|raw|Prov4molo's rating: 1422 → 1401<\/strong> (-21 for losing)\n|raw|RitmanTesting1's rating: 1400 → 1421<\/strong> (+21 for winning)\n|c|\u2606RitmanTesting1|gg\n|l|\u2606Prov4molo\n","uploadtime":1681898012,"views":11,"p1id":"prov4molo","p2id":"ritmantesting1","formatid":"gen9vgc2023regulationc","rating":1401,"private":0,"password":""}