{"id":"gen9vgc2023regulationc-1855313078","p1":"haha you rage quit","p2":"tomo0501","format":"[Gen 9] VGC 2023 Regulation C","log":"|j|\u2606haha you rage quit\n|j|\u2606tomo0501\n|t:|1682935171\n|gametype|doubles\n|player|p1|haha you rage quit|pokemaniac|1325\n|player|p2|tomo0501|170|1361\n|teamsize|p1|6\n|teamsize|p2|6\n|gen|9\n|tier|[Gen 9] VGC 2023 Regulation C\n|rated|\n|rule|Species Clause: Limit one of each Pok\u00e9mon\n|rule|Item Clause: Limit one of each item\n|clearpoke\n|poke|p1|Indeedee-F, L50, F|\n|poke|p1|Hatterene, L50, F|\n|poke|p1|Kingambit, L50, M|\n|poke|p1|Torkoal, L50, F|\n|poke|p1|Greedent, L50, M|\n|poke|p1|Armarouge, L50, M|\n|poke|p2|Iron Moth, L50|\n|poke|p2|Flutter Mane, L50|\n|poke|p2|Garganacl, L50, M|\n|poke|p2|Gyarados, L50, M|\n|poke|p2|Dragonite, L50, M|\n|poke|p2|Chien-Pao, L50|\n|teampreview|4\n|\n|t:|1682935212\n|start\n|switch|p1a: Greedent|Greedent, L50, M, shiny|100\/100\n|switch|p1b: Hatterene|Hatterene, L50, F|100\/100\n|switch|p2a: Iron Moth|Iron Moth, L50|100\/100\n|switch|p2b: Flutter Mane|Flutter Mane, L50|100\/100\n|-enditem|p2a: Iron Moth|Booster Energy\n|-activate|p2a: Iron Moth|ability: Quark Drive|[fromitem]\n|-start|p2a: Iron Moth|quarkdrivespe\n|turn|1\n|\n|t:|1682935230\n|-terastallize|p1b: Hatterene|Water\n|move|p2a: Iron Moth|Acid Spray|p1b: Hatterene\n|-damage|p1b: Hatterene|79\/100\n|-unboost|p1b: Hatterene|spd|2\n|move|p2b: Flutter Mane|Dazzling Gleam|p1b: Hatterene|[spread] p1a,p1b\n|-damage|p1a: Greedent|63\/100\n|-damage|p1b: Hatterene|0 fnt\n|faint|p1b: Hatterene\n|move|p1a: Greedent|Belly Drum|p1a: Greedent\n|-damage|p1a: Greedent|13\/100\n|-setboost|p1a: Greedent|atk|6|[from] move: Belly Drum\n|-enditem|p1a: Greedent|Sitrus Berry|[eat]\n|-heal|p1a: Greedent|38\/100|[from] item: Sitrus Berry\n|-heal|p1a: Greedent|71\/100|[from] ability: Cheek Pouch\n|\n|upkeep\n|\n|t:|1682935257\n|switch|p1b: Indeedee|Indeedee-F, L50, F, shiny|100\/100\n|-fieldstart|move: Psychic Terrain|[from] ability: Psychic Surge|[of] p1b: Indeedee\n|-enditem|p1b: Indeedee|Psychic Seed\n|-boost|p1b: Indeedee|spd|1|[from] item: Psychic Seed\n|turn|2\n|\n|t:|1682935268\n|-terastallize|p2b: Flutter Mane|Fairy\n|move|p1a: Greedent|Protect|p1a: Greedent\n|-singleturn|p1a: Greedent|Protect\n|move|p2a: Iron Moth|Acid Spray|p1b: Indeedee\n|-damage|p1b: Indeedee|89\/100\n|-unboost|p1b: Indeedee|spd|2\n|move|p2b: Flutter Mane|Dazzling Gleam|p1b: Indeedee|[spread] p1b\n|-activate|p1a: Greedent|move: Protect\n|-damage|p1b: Indeedee|8\/100\n|move|p1b: Indeedee|Trick Room|p1b: Indeedee\n|-fieldstart|move: Trick Room|[of] p1b: Indeedee\n|\n|upkeep\n|turn|3\n|\n|t:|1682935294\n|-end|p2b: Flutter Mane|Protosynthesis|[silent]\n|switch|p2b: Garganacl|Garganacl, L50, M|100\/100\n|move|p1b: Indeedee|Helping Hand|p1a: Greedent\n|-singleturn|p1a: Greedent|Helping Hand|[of] p1b: Indeedee\n|move|p2a: Iron Moth|Protect|p2a: Iron Moth\n|-singleturn|p2a: Iron Moth|Protect\n|move|p1a: Greedent|Earthquake|p2a: Iron Moth|[spread] p1b,p2b\n|-activate|p2a: Iron Moth|move: Protect\n|-supereffective|p2b: Garganacl\n|-damage|p1b: Indeedee|0 fnt\n|-damage|p2b: Garganacl|0 fnt\n|faint|p1b: Indeedee\n|faint|p2b: Garganacl\n|\n|upkeep\n|\n|t:|1682935307\n|switch|p2b: Dragonite|Dragonite, L50, M|100\/100\n|switch|p1b: Armarouge|Armarouge, L50, M|100\/100\n|turn|4\n|\n|t:|1682935342\n|move|p2b: Dragonite|Protect|p2b: Dragonite\n|-singleturn|p2b: Dragonite|Protect\n|move|p1b: Armarouge|Wide Guard|p1b: Armarouge\n|-singleturn|p1b: Armarouge|Wide Guard\n|move|p1a: Greedent|Earthquake|p2a: Iron Moth|[spread] p2a\n|-activate|p1b: Armarouge|move: Wide Guard\n|-activate|p2b: Dragonite|move: Protect\n|-supereffective|p2a: Iron Moth\n|-damage|p2a: Iron Moth|0 fnt\n|faint|p2a: Iron Moth\n|-end|p2a: Iron Moth|Quark Drive|[silent]\n|\n|upkeep\n|\n|t:|1682935353\n|switch|p2a: Flutter Mane|Flutter Mane, L50, tera:Fairy|100\/100\n|turn|5\n|\n|t:|1682935374\n|move|p1b: Armarouge|Wide Guard|p1b: Armarouge\n|-singleturn|p1b: Armarouge|Wide Guard\n|move|p1a: Greedent|Earthquake|p2a: Flutter Mane|[spread] p2a\n|-activate|p1b: Armarouge|move: Wide Guard\n|-immune|p2b: Dragonite\n|-damage|p2a: Flutter Mane|0 fnt\n|faint|p2a: Flutter Mane\n|-end|p2a: Flutter Mane|Protosynthesis|[silent]\n|move|p2b: Dragonite|Aerial Ace|p1a: Greedent\n|-damage|p1a: Greedent|48\/100\n|\n|upkeep\n|turn|6\n|\n|t:|1682935390\n|move|p1a: Greedent|Body Slam|p2b: Dragonite\n|-damage|p2b: Dragonite|50\/100\n|-status|p2b: Dragonite|par\n|move|p2b: Dragonite|Aerial Ace|p1a: Greedent\n|-damage|p1a: Greedent|23\/100\n|move|p1b: Armarouge|Expanding Force|p2b: Dragonite\n|-damage|p2b: Dragonite|0 fnt\n|faint|p2b: Dragonite\n|\n|win|haha you rage quit\n|raw|haha you rage quit's rating: 1325 → 1347<\/strong> (+22 for winning)\n|raw|tomo0501's rating: 1361 → 1339<\/strong> (-22 for losing)\n|l|\u2606tomo0501\n","uploadtime":1682935406,"views":19,"p1id":"hahayouragequit","p2id":"tomo0501","formatid":"gen9vgc2023regulationc","rating":1339,"private":0,"password":""}