{"id":"gen9vgc2023regulationc-1847382731","p1":"shallow sing","p2":"Alphastorm12345","format":"[Gen 9] VGC 2023 Regulation C","log":"|j|\u2606shallow sing\n|j|\u2606Alphastorm12345\n|t:|1681948573\n|gametype|doubles\n|player|p1|shallow sing|dawn-gen4pt|1369\n|player|p2|Alphastorm12345|1|1448\n|teamsize|p1|6\n|teamsize|p2|6\n|gen|9\n|tier|[Gen 9] VGC 2023 Regulation C\n|rated|\n|rule|Species Clause: Limit one of each Pok\u00e9mon\n|rule|Item Clause: Limit one of each item\n|clearpoke\n|poke|p1|Indeedee-F, L50, F|\n|poke|p1|Lilligant, L50, F|\n|poke|p1|Torkoal, L50, M|\n|poke|p1|Oranguru, L50, F|\n|poke|p1|Annihilape, L50, M|\n|poke|p1|Sylveon, L50, F|\n|poke|p2|Garganacl, L50, M|\n|poke|p2|Ting-Lu, L50|\n|poke|p2|Flutter Mane, L50|\n|poke|p2|Torkoal, L50, M|\n|poke|p2|Bellibolt, L50, F|\n|poke|p2|Iron Hands, L50|\n|teampreview|4\n|inactive|Battle timer is ON: inactive players will automatically lose when time's up. (requested by shallow sing)\n|\n|t:|1681948603\n|start\n|switch|p1a: \u5f88\u4e0d\u53ef\u7231|Annihilape, L50, M, shiny|100\/100\n|switch|p1b: \u4e0d\u53ef\u7231|Oranguru, L50, F, shiny|100\/100\n|switch|p2a: Iron Hands|Iron Hands, L50|100\/100\n|switch|p2b: Flutter Mane|Flutter Mane, L50|100\/100\n|-enditem|p2a: Iron Hands|Booster Energy\n|-activate|p2a: Iron Hands|ability: Quark Drive|[fromitem]\n|-start|p2a: Iron Hands|quarkdriveatk\n|turn|1\n|\n|t:|1681948623\n|move|p2a: Iron Hands|Fake Out|p1b: \u4e0d\u53ef\u7231\n|-damage|p1b: \u4e0d\u53ef\u7231|85\/100\n|move|p1a: \u5f88\u4e0d\u53ef\u7231|Rage Fist|p2b: Flutter Mane\n|-supereffective|p2b: Flutter Mane\n|-damage|p2b: Flutter Mane|23\/100\n|move|p1b: \u4e0d\u53ef\u7231|Instruct|p1a: \u5f88\u4e0d\u53ef\u7231\n|-singleturn|p1a: \u5f88\u4e0d\u53ef\u7231|move: Instruct|[of] p1b: \u4e0d\u53ef\u7231\n|move|p1a: \u5f88\u4e0d\u53ef\u7231|Rage Fist|p2b: Flutter Mane\n|-supereffective|p2b: Flutter Mane\n|-damage|p2b: Flutter Mane|0 fnt\n|faint|p2b: Flutter Mane\n|-end|p2b: Flutter Mane|Protosynthesis|[silent]\n|\n|upkeep\n|\n|t:|1681948638\n|switch|p2b: Ting-Lu|Ting-Lu, L50|100\/100\n|-ability|p2b: Ting-Lu|Vessel of Ruin\n|turn|2\n|\n|t:|1681948648\n|move|p1a: \u5f88\u4e0d\u53ef\u7231|Bulk Up|p1a: \u5f88\u4e0d\u53ef\u7231\n|-boost|p1a: \u5f88\u4e0d\u53ef\u7231|atk|1\n|-boost|p1a: \u5f88\u4e0d\u53ef\u7231|def|1\n|move|p1b: \u4e0d\u53ef\u7231|Instruct|p1a: \u5f88\u4e0d\u53ef\u7231\n|-singleturn|p1a: \u5f88\u4e0d\u53ef\u7231|move: Instruct|[of] p1b: \u4e0d\u53ef\u7231\n|move|p1a: \u5f88\u4e0d\u53ef\u7231|Bulk Up|p1a: \u5f88\u4e0d\u53ef\u7231\n|-boost|p1a: \u5f88\u4e0d\u53ef\u7231|atk|1\n|-boost|p1a: \u5f88\u4e0d\u53ef\u7231|def|1\n|move|p2a: Iron Hands|Drain Punch|p1b: \u4e0d\u53ef\u7231\n|-damage|p1b: \u4e0d\u53ef\u7231|44\/100\n|move|p2b: Ting-Lu|Fissure|p1a: \u5f88\u4e0d\u53ef\u7231|[miss]\n|-miss|p2b: Ting-Lu|p1a: \u5f88\u4e0d\u53ef\u7231\n|\n|upkeep\n|turn|3\n|\n|t:|1681948669\n|move|p1a: \u5f88\u4e0d\u53ef\u7231|Drain Punch|p2b: Ting-Lu\n|-supereffective|p2b: Ting-Lu\n|-damage|p2b: Ting-Lu|52\/100\n|move|p1b: \u4e0d\u53ef\u7231|Instruct|p1a: \u5f88\u4e0d\u53ef\u7231\n|-singleturn|p1a: \u5f88\u4e0d\u53ef\u7231|move: Instruct|[of] p1b: \u4e0d\u53ef\u7231\n|move|p1a: \u5f88\u4e0d\u53ef\u7231|Drain Punch|p2b: Ting-Lu\n|-supereffective|p2b: Ting-Lu\n|-damage|p2b: Ting-Lu|0 fnt\n|faint|p2b: Ting-Lu\n|move|p2a: Iron Hands|Drain Punch|p1b: \u4e0d\u53ef\u7231\n|-damage|p1b: \u4e0d\u53ef\u7231|5\/100\n|\n|upkeep\n|\n|t:|1681948682\n|switch|p2b: Garganacl|Garganacl, L50, M|100\/100\n|turn|4\n|\n|t:|1681948693\n|-terastallize|p2b: Garganacl|Ghost\n|move|p1a: \u5f88\u4e0d\u53ef\u7231|Bulk Up|p1a: \u5f88\u4e0d\u53ef\u7231\n|-boost|p1a: \u5f88\u4e0d\u53ef\u7231|atk|1\n|-boost|p1a: \u5f88\u4e0d\u53ef\u7231|def|1\n|move|p1b: \u4e0d\u53ef\u7231|Instruct|p1a: \u5f88\u4e0d\u53ef\u7231\n|-singleturn|p1a: \u5f88\u4e0d\u53ef\u7231|move: Instruct|[of] p1b: \u4e0d\u53ef\u7231\n|move|p1a: \u5f88\u4e0d\u53ef\u7231|Bulk Up|p1a: \u5f88\u4e0d\u53ef\u7231\n|-boost|p1a: \u5f88\u4e0d\u53ef\u7231|atk|1\n|-boost|p1a: \u5f88\u4e0d\u53ef\u7231|def|1\n|move|p2a: Iron Hands|Drain Punch|p1b: \u4e0d\u53ef\u7231\n|-damage|p1b: \u4e0d\u53ef\u7231|0 fnt\n|faint|p1b: \u4e0d\u53ef\u7231\n|move|p2b: Garganacl|Iron Defense|p2b: Garganacl\n|-boost|p2b: Garganacl|def|2\n|\n|upkeep\n|\n|t:|1681948712\n|switch|p1b: \u5927\u53ef\u7231|Lilligant, L50, F, shiny|100\/100\n|turn|5\n|\n|t:|1681948736\n|move|p1a: \u5f88\u4e0d\u53ef\u7231|Drain Punch|p2a: Iron Hands\n|-damage|p2a: Iron Hands|43\/100\n|move|p1b: \u5927\u53ef\u7231|Encore|p2b: Garganacl\n|-start|p2b: Garganacl|Encore\n|move|p2a: Iron Hands|Ice Punch|p1b: \u5927\u53ef\u7231\n|-supereffective|p1b: \u5927\u53ef\u7231\n|-damage|p1b: \u5927\u53ef\u7231|17\/100\n|-damage|p2a: Iron Hands|27\/100|[from] item: Rocky Helmet|[of] p1b: \u5927\u53ef\u7231\n|move|p2b: Garganacl|Iron Defense|p2b: Garganacl\n|-boost|p2b: Garganacl|def|2\n|\n|upkeep\n|turn|6\n|\n|t:|1681948759\n|move|p1a: \u5f88\u4e0d\u53ef\u7231|Drain Punch|p2a: Iron Hands\n|-damage|p2a: Iron Hands|0 fnt\n|faint|p2a: Iron Hands\n|-end|p2a: Iron Hands|Quark Drive|[silent]\n|move|p1b: \u5927\u53ef\u7231|Energy Ball|p2b: Garganacl\n|-damage|p2b: Garganacl|67\/100\n|-unboost|p2b: Garganacl|spd|1\n|move|p2b: Garganacl|Iron Defense|p2b: Garganacl\n|-boost|p2b: Garganacl|def|2\n|\n|-heal|p2b: Garganacl|72\/100|[from] item: Leftovers\n|upkeep\n|turn|7\n|\n|t:|1681948775\n|move|p1a: \u5f88\u4e0d\u53ef\u7231|Rage Fist|p2b: Garganacl\n|-supereffective|p2b: Garganacl\n|-damage|p2b: Garganacl|64\/100\n|move|p1b: \u5927\u53ef\u7231|Energy Ball|p2b: Garganacl\n|-damage|p2b: Garganacl|15\/100\n|move|p2b: Garganacl|Iron Defense|p2b: Garganacl\n|-boost|p2b: Garganacl|def|0\n|\n|-heal|p2b: Garganacl|21\/100|[from] item: Leftovers\n|-end|p2b: Garganacl|Encore\n|upkeep\n|turn|8\n|\n|t:|1681948792\n|move|p2b: Garganacl|Protect|p2b: Garganacl\n|-singleturn|p2b: Garganacl|Protect\n|move|p1a: \u5f88\u4e0d\u53ef\u7231|Rage Fist|p2b: Garganacl\n|-activate|p2b: Garganacl|move: Protect\n|move|p1b: \u5927\u53ef\u7231|Encore|p2b: Garganacl\n|-activate|p2b: Garganacl|move: Protect\n|\n|-heal|p2b: Garganacl|27\/100|[from] item: Leftovers\n|upkeep\n|turn|9\n|-message|Alphastorm12345 forfeited.\n|\n|win|shallow sing\n|raw|shallow sing's rating: 1369 → 1393<\/strong> (+24 for winning)\n|raw|Alphastorm12345's rating: 1448 → 1424<\/strong> (-24 for losing)\n|l|\u2606Alphastorm12345\n","uploadtime":1681948815,"views":10,"p1id":"shallowsing","p2id":"alphastorm12345","formatid":"gen9vgc2023regulationc","rating":1393,"private":0,"password":""}