{"id":"gen9vgc2023regulationc-1847421337","p1":"mx555","p2":"TigroVGC","format":"[Gen 9] VGC 2023 Regulation C","log":"|j|\u2606mx555\n|j|\u2606TigroVGC\n|t:|1681953124\n|gametype|doubles\n|player|p1|mx555|265|1223\n|player|p2|TigroVGC|blue|1192\n|teamsize|p1|6\n|teamsize|p2|6\n|gen|9\n|tier|[Gen 9] VGC 2023 Regulation C\n|rated|\n|rule|Species Clause: Limit one of each Pok\u00e9mon\n|rule|Item Clause: Limit one of each item\n|clearpoke\n|poke|p1|Roaring Moon, L50|\n|poke|p1|Baxcalibur, L50, F|\n|poke|p1|Hydreigon, L50, F|\n|poke|p1|Flutter Mane, L50|\n|poke|p1|Gholdengo, L50|\n|poke|p1|Amoonguss, L50, F|\n|poke|p2|Iron Hands, L50|\n|poke|p2|Ting-Lu, L50|\n|poke|p2|Farigiraf, L50, F|\n|poke|p2|Maushold, L50|\n|poke|p2|Skeledirge, L50, M|\n|poke|p2|Azumarill, L50, F|\n|teampreview|4\n|c|\u2606TigroVGC|3 dragons\n|c|\u2606TigroVGC|kind of an oversight\n|inactive|Battle timer is ON: inactive players will automatically lose when time's up. (requested by TigroVGC)\n|\n|t:|1681953212\n|start\n|switch|p1a: Flutter Mane|Flutter Mane, L50|100\/100\n|switch|p1b: Hydreigon|Hydreigon, L50, F|100\/100\n|switch|p2a: Uncircumcised|Farigiraf, L50, F, shiny|100\/100\n|switch|p2b: Handsonem|Iron Hands, L50, shiny|100\/100\n|-enditem|p2b: Handsonem|Booster Energy\n|-activate|p2b: Handsonem|ability: Quark Drive|[fromitem]\n|-start|p2b: Handsonem|quarkdriveatk\n|turn|1\n|\n|t:|1681953233\n|move|p2b: Handsonem|Fake Out|p1b: Hydreigon\n|-damage|p1b: Hydreigon|74\/100\n|move|p1a: Flutter Mane|Imprison|p1a: Flutter Mane\n|-start|p1a: Flutter Mane|move: Imprison\n|cant|p1b: Hydreigon|flinch\n|cant|p2a: Uncircumcised|move: Imprison|Trick Room\n|\n|upkeep\n|turn|2\n|inactive|TigroVGC has 30 seconds left.\n|\n|t:|1681953263\n|-terastallize|p2b: Handsonem|Flying\n|move|p1a: Flutter Mane|Moonblast|p2b: Handsonem\n|-damage|p2b: Handsonem|49\/100\n|move|p1b: Hydreigon|Focus Energy|p1b: Hydreigon\n|-start|p1b: Hydreigon|move: Focus Energy\n|move|p2a: Uncircumcised|Psychic|p1a: Flutter Mane\n|-damage|p1a: Flutter Mane|62\/100\n|move|p2b: Handsonem|Heavy Slam|p1a: Flutter Mane\n|-supereffective|p1a: Flutter Mane\n|-crit|p1a: Flutter Mane\n|-damage|p1a: Flutter Mane|0 fnt\n|faint|p1a: Flutter Mane\n|-end|p1a: Flutter Mane|Protosynthesis|[silent]\n|\n|upkeep\n|\n|t:|1681953277\n|switch|p1a: Gholdengo|Gholdengo, L50|100\/100\n|turn|3\n|\n|t:|1681953294\n|move|p1b: Hydreigon|Dark Pulse|p2a: Uncircumcised\n|-supereffective|p2a: Uncircumcised\n|-crit|p2a: Uncircumcised\n|-damage|p2a: Uncircumcised|10\/100\n|move|p1a: Gholdengo|Thunderbolt|p2b: Handsonem\n|-supereffective|p2b: Handsonem\n|-damage|p2b: Handsonem|0 fnt\n|faint|p2b: Handsonem\n|-end|p2b: Handsonem|Quark Drive|[silent]\n|-damage|p1a: Gholdengo|91\/100|[from] item: Life Orb\n|move|p2a: Uncircumcised|Trick Room|p2a: Uncircumcised\n|-fieldstart|move: Trick Room|[of] p2a: Uncircumcised\n|\n|upkeep\n|\n|t:|1681953305\n|switch|p2b: CrocRock|Skeledirge, L50, M|100\/100\n|turn|4\n|inactive|mx555 has 30 seconds left.\n|\n|t:|1681953339\n|move|p2a: Uncircumcised|Psychic|p1a: Gholdengo\n|-resisted|p1a: Gholdengo\n|-damage|p1a: Gholdengo|70\/100\n|move|p2b: CrocRock|Torch Song|p1a: Gholdengo\n|-supereffective|p1a: Gholdengo\n|-damage|p1a: Gholdengo|0 fnt\n|-boost|p2b: CrocRock|spa|1\n|faint|p1a: Gholdengo\n|-damage|p2b: CrocRock|91\/100|[from] item: Life Orb\n|move|p1b: Hydreigon|Dark Pulse|p2a: Uncircumcised\n|-supereffective|p2a: Uncircumcised\n|-crit|p2a: Uncircumcised\n|-damage|p2a: Uncircumcised|0 fnt\n|faint|p2a: Uncircumcised\n|\n|upkeep\n|\n|t:|1681953352\n|switch|p2a: Lifeguard|Azumarill, L50, F, shiny|100\/100\n|switch|p1a: Amoonguss|Amoonguss, L50, F|100\/100\n|turn|5\n|\n|t:|1681953372\n|-terastallize|p1a: Amoonguss|Water\n|move|p1a: Amoonguss|Spore|p2a: Lifeguard\n|-status|p2a: Lifeguard|slp|[from] move: Spore\n|cant|p2a: Lifeguard|slp\n|move|p2b: CrocRock|Torch Song|p1a: Amoonguss\n|-resisted|p1a: Amoonguss\n|-damage|p1a: Amoonguss|67\/100\n|-boost|p2b: CrocRock|spa|1\n|-damage|p2b: CrocRock|81\/100|[from] item: Life Orb\n|move|p1b: Hydreigon|Dark Pulse|p2b: CrocRock\n|-supereffective|p2b: CrocRock\n|-crit|p2b: CrocRock\n|-damage|p2b: CrocRock|0 fnt\n|faint|p2b: CrocRock\n|\n|upkeep\n|turn|6\n|\n|t:|1681953390\n|move|p1a: Amoonguss|Rage Powder|p1a: Amoonguss\n|-singleturn|p1a: Amoonguss|move: Rage Powder\n|-curestatus|p2a: Lifeguard|slp|[msg]\n|move|p2a: Lifeguard|Play Rough|p1a: Amoonguss\n|-crit|p1a: Amoonguss\n|-damage|p1a: Amoonguss|1\/100\n|-enditem|p1a: Amoonguss|Sitrus Berry|[eat]\n|-heal|p1a: Amoonguss|26\/100|[from] item: Sitrus Berry\n|move|p1b: Hydreigon|Flash Cannon|p2a: Lifeguard\n|-crit|p2a: Lifeguard\n|-damage|p2a: Lifeguard|59\/100\n|\n|upkeep\n|turn|7\n|\n|t:|1681953406\n|move|p1a: Amoonguss|Spore|p2a: Lifeguard\n|-status|p2a: Lifeguard|slp|[from] move: Spore\n|cant|p2a: Lifeguard|slp\n|move|p1b: Hydreigon|Flash Cannon|p2a: Lifeguard\n|-crit|p2a: Lifeguard\n|-damage|p2a: Lifeguard|17\/100 slp\n|-enditem|p2a: Lifeguard|Sitrus Berry|[eat]\n|-heal|p2a: Lifeguard|41\/100 slp|[from] item: Sitrus Berry\n|\n|-fieldend|move: Trick Room\n|upkeep\n|turn|8\n|\n|t:|1681953416\n|move|p1b: Hydreigon|Flash Cannon|p2a: Lifeguard\n|-crit|p2a: Lifeguard\n|-damage|p2a: Lifeguard|0 fnt\n|faint|p2a: Lifeguard\n|\n|win|mx555\n|raw|mx555's rating: 1223 → 1246<\/strong> (+23 for winning)\n|raw|TigroVGC's rating: 1192 → 1169<\/strong> (-23 for losing)\n|l|\u2606TigroVGC\n","uploadtime":1681953439,"views":11,"p1id":"mx555","p2id":"tigrovgc","formatid":"gen9vgc2023regulationc","rating":1169,"private":0,"password":""}