{"id":"gen9vgc2023regulationc-1855319683","p1":"DevilNeverCry89","p2":"mattnot3","format":"[Gen 9] VGC 2023 Regulation C","log":"|j|\u2606DevilNeverCry89\n|j|\u2606mattnot3\n|t:|1682936333\n|gametype|doubles\n|player|p1|DevilNeverCry89|ingo|1413\n|player|p2|mattnot3|101|1522\n|teamsize|p1|6\n|teamsize|p2|6\n|gen|9\n|tier|[Gen 9] VGC 2023 Regulation C\n|rated|\n|rule|Species Clause: Limit one of each Pok\u00e9mon\n|rule|Item Clause: Limit one of each item\n|clearpoke\n|poke|p1|Flutter Mane, L50|\n|poke|p1|Pelipper, L50, M|\n|poke|p1|Glimmora, L50, F|\n|poke|p1|Tatsugiri, L50, F|\n|poke|p1|Scizor, L50, F|\n|poke|p1|Dondozo, L50, F|\n|poke|p2|Chi-Yu, L50|\n|poke|p2|Flutter Mane, L50|\n|poke|p2|Scizor, L50, F|\n|poke|p2|Wo-Chien, L50|\n|poke|p2|Gyarados, L50, M|\n|poke|p2|Glimmora, L50, M|\n|teampreview|4\n|inactive|Battle timer is ON: inactive players will automatically lose when time's up. (requested by DevilNeverCry89)\n|inactive|mattnot3 has 60 seconds left.\n|\n|t:|1682936456\n|start\n|switch|p1a: Flutter Mane|Flutter Mane, L50|100\/100\n|switch|p1b: Scizor|Scizor, L50, F|100\/100\n|switch|p2a: Chi-Yu|Chi-Yu, L50|100\/100\n|switch|p2b: Glimmora|Glimmora, L50, M|100\/100\n|-ability|p2a: Chi-Yu|Beads of Ruin\n|turn|1\n|inactive|DevilNeverCry89 has 30 seconds left.\n|inactive|DevilNeverCry89 has 20 seconds left.\n|inactive|DevilNeverCry89 has 15 seconds left.\n|\n|t:|1682936498\n|switch|p2b: Gyarados|Gyarados, L50, M|100\/100\n|-ability|p2b: Gyarados|Intimidate|boost\n|-unboost|p1a: Flutter Mane|atk|1\n|-unboost|p1b: Scizor|atk|1\n|-terastallize|p1b: Scizor|Fire\n|move|p1b: Scizor|Bullet Punch|p2b: Gyarados\n|-resisted|p2b: Gyarados\n|-damage|p2b: Gyarados|82\/100\n|move|p1a: Flutter Mane|Moonblast|p2a: Chi-Yu\n|-damage|p2a: Chi-Yu|26\/100\n|move|p2a: Chi-Yu|Heat Wave|p1b: Scizor|[spread] p1a,p1b\n|-resisted|p1b: Scizor\n|-damage|p1a: Flutter Mane|27\/100\n|-damage|p1b: Scizor|62\/100\n|\n|upkeep\n|turn|2\n|\n|t:|1682936515\n|switch|p2a: Glimmora|Glimmora, L50, M|100\/100\n|move|p1b: Scizor|Bullet Punch|p2a: Glimmora\n|-supereffective|p2a: Glimmora\n|-damage|p2a: Glimmora|26\/100\n|-activate|p2a: Glimmora|ability: Toxic Debris\n|-sidestart|p1: DevilNeverCry89|move: Toxic Spikes\n|move|p1a: Flutter Mane|Moonblast|p2b: Gyarados\n|-damage|p2b: Gyarados|28\/100\n|-enditem|p2b: Gyarados|Sitrus Berry|[eat]\n|-heal|p2b: Gyarados|53\/100|[from] item: Sitrus Berry\n|move|p2b: Gyarados|Waterfall|p1a: Flutter Mane\n|-damage|p1a: Flutter Mane|0 fnt\n|faint|p1a: Flutter Mane\n|-end|p1a: Flutter Mane|Protosynthesis|[silent]\n|\n|upkeep\n|\n|t:|1682936535\n|switch|p1a: Pelipper|Pelipper, L50, M|100\/100\n|-weather|RainDance|[from] ability: Drizzle|[of] p1a: Pelipper\n|turn|3\n|\n|t:|1682936554\n|switch|p2a: Chi-Yu|Chi-Yu, L50|26\/100\n|-ability|p2a: Chi-Yu|Beads of Ruin\n|switch|p1b: Tatsugiri|Tatsugiri, L50, F|100\/100\n|-status|p1b: Tatsugiri|psn\n|move|p1a: Pelipper|Surf|p2a: Chi-Yu|[spread] p2a,p2b\n|-ability|p1b: Tatsugiri|Storm Drain|boost\n|-boost|p1b: Tatsugiri|spa|1\n|-supereffective|p2a: Chi-Yu\n|-resisted|p2b: Gyarados\n|-damage|p2a: Chi-Yu|0 fnt\n|-damage|p2b: Gyarados|34\/100\n|faint|p2a: Chi-Yu\n|move|p2b: Gyarados|Waterfall|p1b: Tatsugiri\n|-ability|p1b: Tatsugiri|Storm Drain|boost\n|-boost|p1b: Tatsugiri|spa|1\n|\n|-weather|RainDance|[upkeep]\n|-damage|p1b: Tatsugiri|89\/100 psn|[from] psn\n|upkeep\n|inactive|mattnot3 has 30 seconds left.\n|\n|t:|1682936580\n|switch|p2a: Wo-Chien|Wo-Chien, L50|100\/100\n|-ability|p2a: Wo-Chien|Tablets of Ruin\n|turn|4\n|\n|t:|1682936596\n|move|p2a: Wo-Chien|Protect|p2a: Wo-Chien\n|-singleturn|p2a: Wo-Chien|Protect\n|move|p1a: Pelipper|Surf|p2a: Wo-Chien|[spread] p2b\n|-activate|p2a: Wo-Chien|move: Protect\n|-ability|p1b: Tatsugiri|Storm Drain|boost\n|-boost|p1b: Tatsugiri|spa|1\n|-resisted|p2b: Gyarados\n|-damage|p2b: Gyarados|19\/100\n|move|p1b: Tatsugiri|Muddy Water|p2a: Wo-Chien|[spread] p2b\n|-activate|p2a: Wo-Chien|move: Protect\n|-resisted|p2b: Gyarados\n|-damage|p2b: Gyarados|0 fnt\n|faint|p2b: Gyarados\n|\n|-weather|RainDance|[upkeep]\n|-damage|p1b: Tatsugiri|77\/100 psn|[from] psn\n|upkeep\n|\n|t:|1682936607\n|switch|p2b: Glimmora|Glimmora, L50, M|26\/100\n|turn|5\n|\n|t:|1682936616\n|move|p1a: Pelipper|Surf|p2b: Glimmora|[spread] p2a,p2b\n|-ability|p1b: Tatsugiri|Storm Drain|boost\n|-boost|p1b: Tatsugiri|spa|1\n|-resisted|p2a: Wo-Chien\n|-supereffective|p2b: Glimmora\n|-crit|p2b: Glimmora\n|-damage|p2a: Wo-Chien|87\/100\n|-damage|p2b: Glimmora|0 fnt\n|faint|p2b: Glimmora\n|move|p1b: Tatsugiri|Dragon Pulse|p2a: Wo-Chien\n|-damage|p2a: Wo-Chien|17\/100\n|move|p2a: Wo-Chien|Leech Seed|p1b: Tatsugiri\n|-start|p1b: Tatsugiri|move: Leech Seed\n|\n|-weather|RainDance|[upkeep]\n|-heal|p2a: Wo-Chien|23\/100|[from] item: Leftovers\n|-damage|p1b: Tatsugiri|65\/100 psn|[from] Leech Seed|[of] p2a: Wo-Chien\n|-heal|p2a: Wo-Chien|32\/100|[silent]\n|-damage|p1b: Tatsugiri|53\/100 psn|[from] psn\n|upkeep\n|turn|6\n|\n|t:|1682936635\n|move|p2a: Wo-Chien|Protect|p2a: Wo-Chien\n|-singleturn|p2a: Wo-Chien|Protect\n|move|p1a: Pelipper|Surf|p2a: Wo-Chien|[spread] \n|-activate|p2a: Wo-Chien|move: Protect\n|-ability|p1b: Tatsugiri|Storm Drain|boost\n|-boost|p1b: Tatsugiri|spa|1\n|move|p1b: Tatsugiri|Dragon Pulse|p2a: Wo-Chien\n|-activate|p2a: Wo-Chien|move: Protect\n|\n|-weather|RainDance|[upkeep]\n|-heal|p2a: Wo-Chien|38\/100|[from] item: Leftovers\n|-damage|p1b: Tatsugiri|41\/100 psn|[from] Leech Seed|[of] p2a: Wo-Chien\n|-heal|p2a: Wo-Chien|47\/100|[silent]\n|-damage|p1b: Tatsugiri|29\/100 psn|[from] psn\n|upkeep\n|turn|7\n|\n|t:|1682936657\n|move|p2a: Wo-Chien|Protect||[still]\n|-fail|p2a: Wo-Chien\n|move|p1a: Pelipper|Surf|p2a: Wo-Chien|[spread] p2a\n|-ability|p1b: Tatsugiri|Storm Drain|boost\n|-boost|p1b: Tatsugiri|spa|1\n|-resisted|p2a: Wo-Chien\n|-damage|p2a: Wo-Chien|35\/100\n|move|p1b: Tatsugiri|Dragon Pulse|p2a: Wo-Chien\n|-damage|p2a: Wo-Chien|0 fnt\n|faint|p2a: Wo-Chien\n|\n|win|DevilNeverCry89\n|raw|DevilNeverCry89's rating: 1413 → 1439<\/strong> (+26 for winning)\n|raw|mattnot3's rating: 1522 → 1496<\/strong> (-26 for losing)\n","uploadtime":1682936663,"views":24,"p1id":"devilnevercry89","p2id":"mattnot3","formatid":"gen9vgc2023regulationc","rating":1439,"private":0,"password":""}