{"id":"gen9vgc2023regulationc-1861664529","p1":"whorubuthi","p2":"Stibe","format":"[Gen 9] VGC 2023 Regulation C","log":"|j|\u2606whorubuthi\n|j|\u2606Stibe\n|t:|1683790627\n|gametype|doubles\n|player|p1|whorubuthi|266|1093\n|player|p2|Stibe|musician|1116\n|teamsize|p1|6\n|teamsize|p2|6\n|gen|9\n|tier|[Gen 9] VGC 2023 Regulation C\n|rated|\n|rule|Species Clause: Limit one of each Pok\u00e9mon\n|rule|Item Clause: Limit one of each item\n|clearpoke\n|poke|p1|Abomasnow, L50, F|\n|poke|p1|Cetitan, L50, M|\n|poke|p1|Amoonguss, L50, F|\n|poke|p1|Baxcalibur, L50, M|\n|poke|p1|Kingambit, L50, M|\n|poke|p1|Iron Bundle, L50|\n|poke|p2|Iron Treads, L50|\n|poke|p2|Bellibolt, L50, M|\n|poke|p2|Kingambit, L50, M|\n|poke|p2|Hatterene, L50, F|\n|poke|p2|Brute Bonnet, L50|\n|poke|p2|Palafin, L50, M|\n|teampreview|4\n|\n|t:|1683790699\n|start\n|switch|p1a: Abomasnow|Abomasnow, L50, F|100\/100\n|switch|p1b: Iron Bundle|Iron Bundle, L50|100\/100\n|switch|p2a: Brute Bonnet|Brute Bonnet, L50|100\/100\n|switch|p2b: Hatterene|Hatterene, L50, F|100\/100\n|-weather|Snow|[from] ability: Snow Warning|[of] p1a: Abomasnow\n|turn|1\n|\n|t:|1683790718\n|-terastallize|p2a: Brute Bonnet|Fighting\n|move|p1b: Iron Bundle|Blizzard|p2b: Hatterene|[spread] p2a,p2b\n|-damage|p2a: Brute Bonnet|52\/100\n|-damage|p2b: Hatterene|40\/100\n|move|p1a: Abomasnow|Blizzard|p2b: Hatterene|[spread] p2a,p2b\n|-damage|p2a: Brute Bonnet|26\/100\n|-damage|p2b: Hatterene|5\/100\n|move|p2a: Brute Bonnet|Spore|p1b: Iron Bundle\n|-status|p1b: Iron Bundle|slp|[from] move: Spore\n|move|p2b: Hatterene|Trick Room|p2b: Hatterene\n|-fieldstart|move: Trick Room|[of] p2b: Hatterene\n|\n|-weather|Snow|[upkeep]\n|upkeep\n|turn|2\n|\n|t:|1683790738\n|switch|p1a: Amoonguss|Amoonguss, L50, F|100\/100\n|move|p2b: Hatterene|Heal Pulse|p2a: Brute Bonnet\n|-heal|p2a: Brute Bonnet|76\/100\n|move|p2a: Brute Bonnet|Close Combat|p1b: Iron Bundle\n|-supereffective|p1b: Iron Bundle\n|-damage|p1b: Iron Bundle|0 fnt\n|-unboost|p2a: Brute Bonnet|def|1\n|-unboost|p2a: Brute Bonnet|spd|1\n|faint|p1b: Iron Bundle\n|-end|p1b: Iron Bundle|Quark Drive|[silent]\n|\n|-weather|Snow|[upkeep]\n|upkeep\n|\n|t:|1683790755\n|switch|p1b: Abomasnow|Abomasnow, L50, F|100\/100\n|turn|3\n|\n|t:|1683790768\n|-terastallize|p1b: Abomasnow|Ice\n|move|p2b: Hatterene|Psychic|p1a: Amoonguss\n|-supereffective|p1a: Amoonguss\n|-damage|p1a: Amoonguss|14\/100\n|move|p1a: Amoonguss|Spore|p2a: Brute Bonnet\n|-status|p2a: Brute Bonnet|slp|[from] move: Spore\n|cant|p2a: Brute Bonnet|slp\n|move|p1b: Abomasnow|Blizzard|p2b: Hatterene|[spread] p2a,p2b\n|-damage|p2a: Brute Bonnet|21\/100 slp\n|-damage|p2b: Hatterene|0 fnt\n|faint|p2b: Hatterene\n|\n|-weather|Snow|[upkeep]\n|upkeep\n|\n|t:|1683790797\n|switch|p2b: Bellibolt|Bellibolt, L50, M|100\/100\n|-enditem|p2b: Bellibolt|Room Service\n|-unboost|p2b: Bellibolt|spe|1|[from] item: Room Service\n|turn|4\n|\n|t:|1683790808\n|move|p2b: Bellibolt|Parabolic Charge|p1a: Amoonguss|[spread] p2a,p1a,p1b\n|-resisted|p1a: Amoonguss\n|-damage|p2a: Brute Bonnet|0 fnt\n|-damage|p1a: Amoonguss|4\/100\n|-damage|p1b: Abomasnow|81\/100\n|faint|p2a: Brute Bonnet\n|-end|p2a: Brute Bonnet|Protosynthesis|[silent]\n|move|p1a: Amoonguss|Spore|p2b: Bellibolt\n|-status|p2b: Bellibolt|slp|[from] move: Spore\n|move|p1b: Abomasnow|Blizzard|p2b: Bellibolt\n|-damage|p2b: Bellibolt|46\/100 slp\n|-start|p2b: Bellibolt|Charge|Blizzard|[from] ability: Electromorphosis\n|\n|-weather|Snow|[upkeep]\n|upkeep\n|\n|t:|1683790814\n|switch|p2a: Kingambit|Kingambit, L50, M|100\/100\n|turn|5\n|\n|t:|1683790830\n|cant|p2b: Bellibolt|slp\n|-end|p2b: Bellibolt|Charge|[silent]\n|move|p2a: Kingambit|Iron Head|p1a: Amoonguss\n|-damage|p1a: Amoonguss|0 fnt\n|-damage|p2a: Kingambit|84\/100|[from] item: Rocky Helmet|[of] p1a: Amoonguss\n|faint|p1a: Amoonguss\n|move|p1b: Abomasnow|Aurora Veil|p1b: Abomasnow\n|-sidestart|p1: whorubuthi|move: Aurora Veil\n|\n|-weather|none\n|-fieldend|move: Trick Room\n|upkeep\n|\n|t:|1683790835\n|switch|p1a: Kingambit|Kingambit, L50, M|100\/100\n|turn|6\n|\n|t:|1683790845\n|move|p1b: Abomasnow|Blizzard|p2b: Bellibolt|[spread] p2a\n|-miss|p1b: Abomasnow|p2b: Bellibolt\n|-resisted|p2a: Kingambit\n|-damage|p2a: Kingambit|63\/100\n|move|p1a: Kingambit|Brick Break|p2a: Kingambit\n|-supereffective|p2a: Kingambit\n|-damage|p2a: Kingambit|0 fnt\n|faint|p2a: Kingambit\n|cant|p2b: Bellibolt|slp\n|\n|upkeep\n|turn|7\n|\n|t:|1683790861\n|move|p1b: Abomasnow|Blizzard|p2b: Bellibolt|[miss]\n|-miss|p1b: Abomasnow|p2b: Bellibolt\n|move|p1a: Kingambit|Brick Break|p2b: Bellibolt\n|-damage|p2b: Bellibolt|6\/100 slp\n|-start|p2b: Bellibolt|Charge|Brick Break|[from] ability: Electromorphosis\n|-curestatus|p2b: Bellibolt|slp|[msg]\n|move|p2b: Bellibolt|Parabolic Charge|p1a: Kingambit|[spread] p1a,p1b\n|-damage|p1a: Kingambit|74\/100\n|-heal|p2b: Bellibolt|18\/100|[from] drain|[of] p1a: Kingambit\n|-damage|p1b: Abomasnow|51\/100\n|-heal|p2b: Bellibolt|32\/100|[from] drain|[of] p1b: Abomasnow\n|-end|p2b: Bellibolt|Charge|[silent]\n|\n|upkeep\n|turn|8\n|\n|t:|1683790880\n|move|p1b: Abomasnow|Blizzard|p2b: Bellibolt|[miss]\n|-miss|p1b: Abomasnow|p2b: Bellibolt\n|move|p1a: Kingambit|Brick Break|p2b: Bellibolt\n|-damage|p2b: Bellibolt|0 fnt\n|faint|p2b: Bellibolt\n|\n|win|whorubuthi\n|raw|whorubuthi's rating: 1093 → 1121<\/strong> (+28 for winning)\n|raw|Stibe's rating: 1116 → 1089<\/strong> (-27 for losing)\n|l|\u2606Stibe\n|c|\u2606whorubuthi|gg wp\n|l|\u2606whorubuthi\n|j|\u2606whorubuthi\n|player|p1|whorubuthi|266\n","uploadtime":1683790894,"views":11,"p1id":"whorubuthi","p2id":"stibe","formatid":"gen9vgc2023regulationc","rating":1089,"private":0,"password":""}