{"id":"gen9vgc2023regulationc-1845981535","p1":"Vulnerarily","p2":"UserOmega","format":"[Gen 9] VGC 2023 Regulation C","log":"|j|\u2606Vulnerarily\n|j|\u2606UserOmega\n|t:|1681786896\n|gametype|doubles\n|player|p1|Vulnerarily|2|1320\n|player|p2|UserOmega|youngcouple-gen4dp|1286\n|teamsize|p1|6\n|teamsize|p2|6\n|gen|9\n|tier|[Gen 9] VGC 2023 Regulation C\n|rated|\n|rule|Species Clause: Limit one of each Pok\u00e9mon\n|rule|Item Clause: Limit one of each item\n|clearpoke\n|poke|p1|Lilligant, L50, F|\n|poke|p1|Torkoal, L50, F|\n|poke|p1|Flutter Mane, L50|\n|poke|p1|Great Tusk, L50|\n|poke|p1|Chien-Pao, L50|\n|poke|p1|Dragonite, L50, F|\n|poke|p2|Glimmora, L50, F|\n|poke|p2|Pelipper, L50, F|\n|poke|p2|Raichu, L50, M|\n|poke|p2|Gallade, L50, M|\n|poke|p2|Dondozo, L50, F|\n|poke|p2|Tatsugiri, L50, F|\n|teampreview|4\nVulnerarily has agreed to open team sheets.\n|\n|t:|1681786918\n|start\n|switch|p1a: Torkoal|Torkoal, L50, F|100\/100\n|switch|p1b: Flutter Mane|Flutter Mane, L50|100\/100\n|switch|p2a: Raichu|Raichu, L50, M|100\/100\n|switch|p2b: Glimmora|Glimmora, L50, F|100\/100\n|-weather|SunnyDay|[from] ability: Drought|[of] p1a: Torkoal\n|-activate|p1b: Flutter Mane|ability: Protosynthesis\n|-start|p1b: Flutter Mane|protosynthesisspa\n|turn|1\n|\n|t:|1681786936\n|-end|p1b: Flutter Mane|Protosynthesis|[silent]\n|switch|p1b: Lilligant|Lilligant, L50, F|100\/100\n|switch|p2a: Pelipper|Pelipper, L50, F|100\/100\n|-weather|RainDance|[from] ability: Drizzle|[of] p2a: Pelipper\n|move|p1a: Torkoal|Protect|p1a: Torkoal\n|-singleturn|p1a: Torkoal|Protect\n|move|p2b: Glimmora|Power Gem|p1a: Torkoal\n|-activate|p1a: Torkoal|move: Protect\n|\n|-weather|RainDance|[upkeep]\n|upkeep\n|turn|2\n|\n|t:|1681786949\n|switch|p1a: Dragonite|Dragonite, L50, F|100\/100\n|-terastallize|p2b: Glimmora|Grass\n|move|p1b: Lilligant|Protect|p1b: Lilligant\n|-singleturn|p1b: Lilligant|Protect\n|move|p2b: Glimmora|Power Gem|p1a: Dragonite\n|-supereffective|p1a: Dragonite\n|-damage|p1a: Dragonite|56\/100\n|move|p2a: Pelipper|Hurricane|p1b: Lilligant\n|-activate|p1b: Lilligant|move: Protect\n|\n|-weather|RainDance|[upkeep]\n|upkeep\n|turn|3\n|\n|t:|1681786984\n|move|p1b: Lilligant|Sleep Powder|p2a: Pelipper|[miss]\n|-miss|p1b: Lilligant|p2a: Pelipper\n|move|p2b: Glimmora|Mortal Spin|p1b: Lilligant|[spread] p1a,p1b\n|-supereffective|p1b: Lilligant\n|-damage|p1a: Dragonite|51\/100\n|-damage|p1b: Lilligant|88\/100\n|-status|p1a: Dragonite|psn\n|-enditem|p1a: Dragonite|Lum Berry|[eat]\n|-curestatus|p1a: Dragonite|psn|[msg]\n|-status|p1b: Lilligant|psn\n|move|p1a: Dragonite|Tailwind|p1a: Dragonite\n|-sidestart|p1: Vulnerarily|move: Tailwind\n|move|p2a: Pelipper|Tailwind|p2a: Pelipper\n|-sidestart|p2: UserOmega|move: Tailwind\n|\n|-weather|RainDance|[upkeep]\n|-damage|p1b: Lilligant|76\/100 psn|[from] psn\n|upkeep\n|turn|4\n|\n|t:|1681787003\n|-terastallize|p1a: Dragonite|Flying\n|move|p1b: Lilligant|Sleep Powder|p2a: Pelipper\n|-status|p2a: Pelipper|slp|[from] move: Sleep Powder\n|move|p2b: Glimmora|Power Gem|p1a: Dragonite\n|-supereffective|p1a: Dragonite\n|-damage|p1a: Dragonite|0 fnt\n|faint|p1a: Dragonite\n|cant|p2a: Pelipper|slp\n|\n|-weather|RainDance|[upkeep]\n|-damage|p1b: Lilligant|64\/100 psn|[from] psn\n|upkeep\n|c|\u2606Vulnerarily|holy shit\n|c|\u2606Vulnerarily|ill be fr I didn't think glimmora was that strong\n|\n|t:|1681787037\n|switch|p1a: Flutter Mane|Flutter Mane, L50|100\/100\n|turn|5\n|\n|t:|1681787060\n|switch|p1b: Torkoal|Torkoal, L50, F|100\/100\n|-weather|SunnyDay|[from] ability: Drought|[of] p1b: Torkoal\n|-activate|p1a: Flutter Mane|ability: Protosynthesis\n|-start|p1a: Flutter Mane|protosynthesisspa\n|move|p1a: Flutter Mane|Moonblast|p2b: Glimmora\n|-damage|p2b: Glimmora|25\/100\n|move|p2b: Glimmora|Power Gem|p1a: Flutter Mane\n|-damage|p1a: Flutter Mane|61\/100\n|cant|p2a: Pelipper|slp\n|\n|-weather|SunnyDay|[upkeep]\n|upkeep\n|turn|6\n|\n|t:|1681787086\n|switch|p2a: Tatsugiri|Tatsugiri, L50, F|100\/100\n|move|p1a: Flutter Mane|Moonblast|p2b: Glimmora\n|-damage|p2b: Glimmora|0 fnt\n|faint|p2b: Glimmora\n|move|p1b: Torkoal|Overheat|p2a: Tatsugiri\n|-resisted|p2a: Tatsugiri\n|-damage|p2a: Tatsugiri|68\/100\n|-unboost|p1b: Torkoal|spa|2\n|\n|-weather|SunnyDay|[upkeep]\n|-sideend|p2: UserOmega|move: Tailwind\n|-sideend|p1: Vulnerarily|move: Tailwind\n|upkeep\n|\n|t:|1681787095\n|switch|p2b: Pelipper|Pelipper, L50, F|100\/100 slp\n|-weather|RainDance|[from] ability: Drizzle|[of] p2b: Pelipper\n|-end|p1a: Flutter Mane|Protosynthesis\n|turn|7\n|\n|t:|1681787105\n|switch|p1b: Lilligant|Lilligant, L50, F|64\/100 psn\n|move|p2a: Tatsugiri|Muddy Water|p1a: Flutter Mane|[spread] p1a,p1b\n|-resisted|p1b: Lilligant\n|-damage|p1a: Flutter Mane|8\/100\n|-damage|p1b: Lilligant|27\/100 psn\n|move|p1a: Flutter Mane|Moonblast|p2a: Tatsugiri\n|-supereffective|p2a: Tatsugiri\n|-damage|p2a: Tatsugiri|0 fnt\n|faint|p2a: Tatsugiri\n|-curestatus|p2b: Pelipper|slp|[msg]\n|move|p2b: Pelipper|Tailwind|p2b: Pelipper\n|-sidestart|p2: UserOmega|move: Tailwind\n|\n|-weather|RainDance|[upkeep]\n|-damage|p1b: Lilligant|15\/100 psn|[from] psn\n|upkeep\n|\n|t:|1681787114\n|switch|p2a: Raichu|Raichu, L50, M|100\/100\n|turn|8\n|\n|t:|1681787132\n|move|p1b: Lilligant|Protect|p1b: Lilligant\n|-singleturn|p1b: Lilligant|Protect\n|move|p2a: Raichu|Fake Out|p1b: Lilligant\n|-activate|p1b: Lilligant|move: Protect\n|move|p1a: Flutter Mane|Moonblast|p2a: Raichu\n|-enditem|p2a: Raichu|Focus Sash\n|-damage|p2a: Raichu|1\/100\n|move|p2b: Pelipper|Hurricane|p1a: Flutter Mane\n|-damage|p1a: Flutter Mane|0 fnt\n|faint|p1a: Flutter Mane\n|-end|p1a: Flutter Mane|Protosynthesis|[silent]\n|\n|-weather|RainDance|[upkeep]\n|-damage|p1b: Lilligant|3\/100 psn|[from] psn\n|upkeep\n|\n|t:|1681787136\n|switch|p1a: Torkoal|Torkoal, L50, F|100\/100\n|-weather|SunnyDay|[from] ability: Drought|[of] p1a: Torkoal\n|turn|9\n|\n|t:|1681787151\n|move|p2a: Raichu|Nuzzle|p1b: Lilligant\n|-resisted|p1b: Lilligant\n|-damage|p1b: Lilligant|0 fnt\n|faint|p1b: Lilligant\n|move|p2b: Pelipper|Hydro Pump|p1a: Torkoal\n|-supereffective|p1a: Torkoal\n|-damage|p1a: Torkoal|41\/100\n|move|p1a: Torkoal|Eruption|p2a: Raichu|[spread] p2a,p2b\n|-resisted|p2b: Pelipper\n|-damage|p2a: Raichu|0 fnt\n|-damage|p2b: Pelipper|79\/100\n|faint|p2a: Raichu\n|\n|-weather|SunnyDay|[upkeep]\n|upkeep\n|turn|10\n|\n|t:|1681787161\n|move|p2b: Pelipper|Hydro Pump|p1a: Torkoal\n|-supereffective|p1a: Torkoal\n|-crit|p1a: Torkoal\n|-damage|p1a: Torkoal|0 fnt\n|faint|p1a: Torkoal\n|\n|win|UserOmega\n|raw|Vulnerarily's rating: 1320 → 1298<\/strong> (-22 for losing)\n|raw|UserOmega's rating: 1286 → 1313<\/strong> (+27 for winning)\n|c|\u2606Vulnerarily|gg\n|c|\u2606UserOmega|GG\n","uploadtime":1681787169,"views":4,"p1id":"vulnerarily","p2id":"useromega","formatid":"gen9vgc2023regulationc","rating":1298,"private":0,"password":""}