{"id":"gen9vgc2023regulationc-1854428819","p1":"darcona","p2":"Nexnun","format":"[Gen 9] VGC 2023 Regulation C","log":"|j|\u2606darcona\n|j|\u2606Nexnun\n|t:|1682809719\n|gametype|doubles\n|player|p1|darcona|265|1330\n|player|p2|Nexnun|1|1281\n|teamsize|p1|6\n|teamsize|p2|6\n|gen|9\n|tier|[Gen 9] VGC 2023 Regulation C\n|rated|\n|rule|Species Clause: Limit one of each Pok\u00e9mon\n|rule|Item Clause: Limit one of each item\n|clearpoke\n|poke|p1|Murkrow, L50, F|\n|poke|p1|Gholdengo, L50|\n|poke|p1|Chi-Yu, L50|\n|poke|p1|Dachsbun, L50, M|\n|poke|p1|Flutter Mane, L50|\n|poke|p1|Pawmot, L50, F|\n|poke|p2|Hariyama, L50, F|\n|poke|p2|Indeedee-F, L50, F|\n|poke|p2|Oranguru, L50, M|\n|poke|p2|Kingambit, L50, F|\n|poke|p2|Hatterene, L50, F|\n|poke|p2|Torkoal, L50, F|\n|teampreview|4\n|inactive|Battle timer is ON: inactive players will automatically lose when time's up. (requested by Nexnun)\n|inactive|darcona has 60 seconds left.\n|\n|t:|1682809762\n|start\n|switch|p1a: Pawmot|Pawmot, L50, F|100\/100\n|switch|p1b: Chi-Yu|Chi-Yu, L50|100\/100\n|switch|p2a: Hariyama|Hariyama, L50, F|100\/100\n|switch|p2b: Oranguru|Oranguru, L50, M|100\/100\n|-ability|p1b: Chi-Yu|Beads of Ruin\n|turn|1\n|\n|t:|1682809783\n|move|p1a: Pawmot|Fake Out|p2a: Hariyama\n|-damage|p2a: Hariyama|88\/100\n|cant|p2a: Hariyama|flinch\n|move|p1b: Chi-Yu|Dark Pulse|p2b: Oranguru\n|-supereffective|p2b: Oranguru\n|-damage|p2b: Oranguru|27\/100\n|-enditem|p2b: Oranguru|Sitrus Berry|[eat]\n|-heal|p2b: Oranguru|52\/100|[from] item: Sitrus Berry\n|move|p2b: Oranguru|Trick Room|p2b: Oranguru\n|-fieldstart|move: Trick Room|[of] p2b: Oranguru\n|\n|-status|p2a: Hariyama|brn|[from] item: Flame Orb\n|upkeep\n|turn|2\n|inactive|darcona has 30 seconds left.\n|inactive|darcona has 20 seconds left.\n|inactive|darcona has 15 seconds left.\n|\n|t:|1682809823\n|switch|p1b: Gholdengo|Gholdengo, L50|100\/100\n|-terastallize|p1a: Pawmot|Flying\n|move|p2a: Hariyama|Earthquake|p1a: Pawmot|[spread] p1b\n|-activate|p2b: Oranguru|ability: Telepathy\n|-immune|p1a: Pawmot\n|-supereffective|p1b: Gholdengo\n|-damage|p1b: Gholdengo|13\/100\n|move|p2b: Oranguru|Instruct|p2a: Hariyama\n|-singleturn|p2a: Hariyama|move: Instruct|[of] p2b: Oranguru\n|move|p2a: Hariyama|Earthquake|p1b: Gholdengo|[spread] p1b\n|-activate|p2b: Oranguru|ability: Telepathy\n|-immune|p1a: Pawmot\n|-supereffective|p1b: Gholdengo\n|-damage|p1b: Gholdengo|0 fnt\n|faint|p1b: Gholdengo\n|move|p1a: Pawmot|Double Shock||[still]\n|-fail|p1a: Pawmot|move: Double Shock\n|\n|-damage|p2a: Hariyama|82\/100 brn|[from] brn\n|upkeep\n|\n|t:|1682809846\n|switch|p1b: Dachsbun|Dachsbun, L50, M|100\/100\n|turn|3\n|\n|t:|1682809859\n|move|p1b: Dachsbun|Protect|p1b: Dachsbun\n|-singleturn|p1b: Dachsbun|Protect\n|move|p2a: Hariyama|Earthquake|p1b: Dachsbun|[spread] \n|-activate|p1b: Dachsbun|move: Protect\n|-activate|p2b: Oranguru|ability: Telepathy\n|-immune|p1a: Pawmot\n|move|p2b: Oranguru|Encore|p1a: Pawmot\n|-start|p1a: Pawmot|Encore\n|move|p1a: Pawmot|Double Shock||[still]\n|-fail|p1a: Pawmot|move: Double Shock\n|\n|-damage|p2a: Hariyama|76\/100 brn|[from] brn\n|upkeep\n|turn|4\n|inactive|darcona has 30 seconds left.\n|\n|t:|1682809884\n|switch|p2a: Torkoal|Torkoal, L50, F|100\/100\n|-weather|SunnyDay|[from] ability: Drought|[of] p2a: Torkoal\n|move|p2b: Oranguru|Encore|p1b: Dachsbun\n|-start|p1b: Dachsbun|Encore\n|move|p1b: Dachsbun|Protect|p1b: Dachsbun\n|-singleturn|p1b: Dachsbun|Protect\n|move|p1a: Pawmot|Double Shock||[still]\n|-fail|p1a: Pawmot|move: Double Shock\n|\n|-weather|SunnyDay|[upkeep]\n|upkeep\n|turn|5\n|inactive|darcona has 30 seconds left.\n|inactive|Nexnun has 30 seconds left.\n|\n|t:|1682809924\n|switch|p1a: Chi-Yu|Chi-Yu, L50|100\/100\n|-ability|p1a: Chi-Yu|Beads of Ruin\n|move|p1b: Dachsbun|Protect||[still]\n|-fail|p1b: Dachsbun\n|move|p2a: Torkoal|Eruption|p1a: Chi-Yu|[spread] p1a\n|-ability|p1b: Dachsbun|Well-Baked Body|boost\n|-boost|p1b: Dachsbun|def|2\n|-resisted|p1a: Chi-Yu\n|-damage|p1a: Chi-Yu|60\/100\n|move|p2b: Oranguru|Instruct|p2a: Torkoal\n|-singleturn|p2a: Torkoal|move: Instruct|[of] p2b: Oranguru\n|move|p2a: Torkoal|Eruption|p1a: Chi-Yu|[spread] p1a\n|-ability|p1b: Dachsbun|Well-Baked Body|boost\n|-boost|p1b: Dachsbun|def|2\n|-resisted|p1a: Chi-Yu\n|-damage|p1a: Chi-Yu|17\/100\n|\n|-weather|SunnyDay|[upkeep]\n|-fieldend|move: Trick Room\n|upkeep\n|turn|6\n|inactive|darcona has 30 seconds left.\n|\n|t:|1682809957\n|switch|p2b: Hariyama|Hariyama, L50, F|76\/100 brn\n|move|p1b: Dachsbun|Protect|p1b: Dachsbun\n|-singleturn|p1b: Dachsbun|Protect\n|move|p1a: Chi-Yu|Heat Wave|p2a: Torkoal|[spread] p2a\n|-miss|p1a: Chi-Yu|p2b: Hariyama\n|-resisted|p2a: Torkoal\n|-damage|p2a: Torkoal|54\/100\n|move|p2a: Torkoal|Earth Power|p1a: Chi-Yu\n|-supereffective|p1a: Chi-Yu\n|-damage|p1a: Chi-Yu|0 fnt\n|faint|p1a: Chi-Yu\n|\n|-weather|SunnyDay|[upkeep]\n|-damage|p2b: Hariyama|70\/100 brn|[from] brn\n|-end|p1b: Dachsbun|Encore\n|upkeep\n|\n|t:|1682809971\n|switch|p1a: Pawmot|Pawmot, L50, F, tera:Flying|100\/100\n|turn|7\n|\n|t:|1682809990\n|move|p1a: Pawmot|Fake Out|p2b: Hariyama\n|-damage|p2b: Hariyama|55\/100 brn\n|cant|p2b: Hariyama|flinch\n|move|p1b: Dachsbun|Body Press|p2a: Torkoal\n|-damage|p2a: Torkoal|0 fnt\n|faint|p2a: Torkoal\n|\n|-weather|SunnyDay|[upkeep]\n|-damage|p2b: Hariyama|50\/100 brn|[from] brn\n|upkeep\n|\n|t:|1682809993\n|switch|p2a: Oranguru|Oranguru, L50, M|52\/100\n|turn|8\n|\n|t:|1682810011\n|-terastallize|p2a: Oranguru|Ghost\n|move|p1a: Pawmot|Revival Blessing|p1a: Pawmot\n|\n|t:|1682810032\n|-heal|p1: Gholdengo|50\/100|[from] move: Revival Blessing\n|move|p1b: Dachsbun|Body Press|p2a: Oranguru\n|-immune|p2a: Oranguru\n|move|p2b: Hariyama|Close Combat|p1a: Pawmot\n|-resisted|p1a: Pawmot\n|-damage|p1a: Pawmot|27\/100\n|-unboost|p2b: Hariyama|def|1\n|-unboost|p2b: Hariyama|spd|1\n|move|p2a: Oranguru|Trick Room|p2a: Oranguru\n|-fieldstart|move: Trick Room|[of] p2a: Oranguru\n|\n|-weather|none\n|-damage|p2b: Hariyama|44\/100 brn|[from] brn\n|upkeep\n|turn|9\n|\n|t:|1682810052\n|switch|p1a: Gholdengo|Gholdengo, L50|50\/100\n|move|p2b: Hariyama|Close Combat|p1a: Gholdengo\n|-immune|p1a: Gholdengo\n|move|p2a: Oranguru|Hyper Voice|p1a: Gholdengo|[spread] p1b\n|-immune|p1a: Gholdengo\n|-damage|p1b: Dachsbun|74\/100\n|move|p1b: Dachsbun|Body Press|p2b: Hariyama\n|-damage|p2b: Hariyama|0 fnt\n|faint|p2b: Hariyama\n|\n|-heal|p1b: Dachsbun|80\/100|[from] item: Leftovers\n|upkeep\n|\n|t:|1682810055\n|switch|p2b: Hatterene|Hatterene, L50, F|100\/100\n|turn|10\n|inactive|darcona has 30 seconds left.\n|inactive|darcona has 20 seconds left.\n|\n|t:|1682810094\n|move|p2b: Hatterene|Dazzling Gleam|p1a: Gholdengo|[spread] p1a,p1b\n|-resisted|p1a: Gholdengo\n|-damage|p1a: Gholdengo|23\/100\n|-damage|p1b: Dachsbun|25\/100\n|-damage|p2b: Hatterene|91\/100|[from] item: Life Orb\n|move|p2a: Oranguru|Instruct|p2b: Hatterene\n|-singleturn|p2b: Hatterene|move: Instruct|[of] p2a: Oranguru\n|move|p2b: Hatterene|Dazzling Gleam|p1b: Dachsbun|[spread] p1a,p1b\n|-resisted|p1a: Gholdengo\n|-damage|p1a: Gholdengo|0 fnt\n|-damage|p1b: Dachsbun|0 fnt\n|faint|p1a: Gholdengo\n|faint|p1b: Dachsbun\n|-damage|p2b: Hatterene|81\/100|[from] item: Life Orb\n|\n|upkeep\n|-message|darcona forfeited.\n|\n|win|Nexnun\n|raw|darcona's rating: 1330 → 1307<\/strong> (-23 for losing)\n|raw|Nexnun's rating: 1281 → 1310<\/strong> (+29 for winning)\n|l|\u2606darcona\n","uploadtime":1682810117,"views":18,"p1id":"darcona","p2id":"nexnun","formatid":"gen9vgc2023regulationc","rating":1307,"private":0,"password":""}