{"id":"gen9vgc2023regulationc-1846769772","p1":"CeSaRNite666","p2":"WDMichael","format":"[Gen 9] VGC 2023 Regulation C","log":"|j|\u2606CeSaRNite666\n|j|\u2606WDMichael\n|t:|1681876527\n|gametype|doubles\n|player|p1|CeSaRNite666|red|1259\n|player|p2|WDMichael|102|1287\n|teamsize|p1|6\n|teamsize|p2|6\n|gen|9\n|tier|[Gen 9] VGC 2023 Regulation C\n|rated|\n|rule|Species Clause: Limit one of each Pok\u00e9mon\n|rule|Item Clause: Limit one of each item\n|clearpoke\n|poke|p1|Rotom-Wash, L50|\n|poke|p1|Ceruledge, L50, M|\n|poke|p1|Corviknight, L50, M|\n|poke|p1|Scream Tail, L50|\n|poke|p1|Wo-Chien, L50|\n|poke|p1|Garchomp, L50, M|\n|poke|p2|Ting-Lu, L50|\n|poke|p2|Abomasnow, L50, F|\n|poke|p2|Beartic, L50, F|\n|poke|p2|Cryogonal, L50|\n|poke|p2|Garganacl, L50, M|\n|poke|p2|Kingambit, L50, F|\n|teampreview|4\n|inactive|Battle timer is ON: inactive players will automatically lose when time's up. (requested by WDMichael)\n|\n|t:|1681876554\n|start\n|switch|p1a: Whirpool|Rotom-Wash, L50|100\/100\n|switch|p1b: Lancelot\u2664|Corviknight, L50, M|100\/100\n|switch|p2a: Beartic|Beartic, L50, F, shiny|100\/100\n|switch|p2b: Abomasnow|Abomasnow, L50, F, shiny|100\/100\n|-weather|Snow|[from] ability: Snow Warning|[of] p2b: Abomasnow\n|turn|1\n|\n|t:|1681876573\n|-terastallize|p2a: Beartic|Water\n|move|p2a: Beartic|Sheer Cold|p1b: Lancelot\u2664|[miss]\n|-miss|p2a: Beartic|p1b: Lancelot\u2664\n|move|p1a: Whirpool|Trick|p2b: Abomasnow\n|-activate|p1a: Whirpool|move: Trick|[of] p2b: Abomasnow\n|-item|p2b: Abomasnow|Choice Scarf|[from] move: Trick\n|-item|p1a: Whirpool|Light Clay|[from] move: Trick\n|move|p2b: Abomasnow|Aurora Veil|p2b: Abomasnow\n|-sidestart|p2: WDMichael|move: Aurora Veil\n|move|p1b: Lancelot\u2664|Iron Head|p2a: Beartic\n|-resisted|p2a: Beartic\n|-damage|p2a: Beartic|92\/100\n|\n|-weather|Snow|[upkeep]\n|upkeep\n|turn|2\n|inactive|WDMichael has 30 seconds left.\n|\n|t:|1681876600\n|switch|p2b: Cryogonal|Cryogonal, L50, shiny|100\/100\n|move|p2a: Beartic|Sheer Cold|p1a: Whirpool\n|-damage|p1a: Whirpool|0 fnt\n|faint|p1a: Whirpool\n|-ohko\n|move|p1b: Lancelot\u2664|Body Press|p2a: Beartic\n|-damage|p2a: Beartic|76\/100\n|\n|-weather|Snow|[upkeep]\n|upkeep\n|c|\u2606CeSaRNite666|Fuck this shit\n|\n|t:|1681876614\n|switch|p1a: Cain|Ceruledge, L50, M|100\/100\n|turn|3\n|c|\u2606WDMichael|\ud83d\ude09\n|\n|t:|1681876636\n|-terastallize|p1a: Cain|Fairy\n|move|p2a: Beartic|Sheer Cold|p1b: Lancelot\u2664|[miss]\n|-miss|p2a: Beartic|p1b: Lancelot\u2664\n|move|p2b: Cryogonal|Sheer Cold|p1a: Cain|[miss]\n|-miss|p2b: Cryogonal|p1a: Cain\n|move|p1a: Cain|Bulk Up|p1a: Cain\n|-boost|p1a: Cain|atk|1\n|-boost|p1a: Cain|def|1\n|move|p1b: Lancelot\u2664|Iron Head|p2b: Cryogonal\n|-supereffective|p2b: Cryogonal\n|-damage|p2b: Cryogonal|75\/100\n|\n|-weather|Snow|[upkeep]\n|upkeep\n|turn|4\n|\n|t:|1681876659\n|move|p2a: Beartic|Sheer Cold|p1a: Cain|[miss]\n|-miss|p2a: Beartic|p1a: Cain\n|move|p2b: Cryogonal|Sheer Cold|p1a: Cain|[miss]\n|-miss|p2b: Cryogonal|p1a: Cain\n|move|p1a: Cain|Bitter Blade|p2b: Cryogonal\n|-supereffective|p2b: Cryogonal\n|-damage|p2b: Cryogonal|17\/100\n|move|p1b: Lancelot\u2664|Body Press|p2a: Beartic\n|-damage|p2a: Beartic|61\/100\n|\n|-weather|Snow|[upkeep]\n|upkeep\n|turn|5\n|\n|t:|1681876676\n|move|p1a: Cain|Shadow Sneak|p2b: Cryogonal\n|-damage|p2b: Cryogonal|4\/100\n|move|p2a: Beartic|Sheer Cold|p1a: Cain|[miss]\n|-miss|p2a: Beartic|p1a: Cain\n|move|p2b: Cryogonal|Sheer Cold|p1a: Cain\n|-damage|p1a: Cain|0 fnt\n|faint|p1a: Cain\n|-ohko\n|move|p1b: Lancelot\u2664|Brave Bird|p2a: Beartic\n|-damage|p2a: Beartic|36\/100\n|-damage|p1b: Lancelot\u2664|92\/100|[from] Recoil\n|\n|-weather|none\n|-sideend|p2: WDMichael|move: Aurora Veil\n|upkeep\n|\n|t:|1681876692\n|switch|p1a: Darth Gary|Wo-Chien, L50|100\/100\n|-ability|p1a: Darth Gary|Tablets of Ruin\n|turn|6\n|\n|t:|1681876701\n|move|p2b: Cryogonal|Rest|p2b: Cryogonal\n|-status|p2b: Cryogonal|slp|[from] move: Rest\n|-heal|p2b: Cryogonal|100\/100 slp|[silent]\n|move|p2a: Beartic|Rest|p2a: Beartic\n|-status|p2a: Beartic|slp|[from] move: Rest\n|-heal|p2a: Beartic|100\/100 slp|[silent]\n|move|p1a: Darth Gary|Giga Drain|p2a: Beartic\n|-supereffective|p2a: Beartic\n|-damage|p2a: Beartic|47\/100 slp\n|move|p1b: Lancelot\u2664|Iron Head|p2b: Cryogonal\n|-supereffective|p2b: Cryogonal\n|-damage|p2b: Cryogonal|58\/100 slp\n|\n|upkeep\n|turn|7\n|\n|t:|1681876719\n|cant|p2b: Cryogonal|slp\n|move|p2b: Cryogonal|Sleep Talk|p2b: Cryogonal\n|move|p2b: Cryogonal|Haze|p2b: Cryogonal|[from]move: Sleep Talk\n|-clearallboost\n|cant|p2a: Beartic|slp\n|move|p2a: Beartic|Sleep Talk|p2a: Beartic\n|move|p2a: Beartic|Sheer Cold|p1b: Lancelot\u2664|[from]move: Sleep Talk|[miss]\n|-miss|p2a: Beartic|p1b: Lancelot\u2664\n|move|p1a: Darth Gary|Giga Drain|p2a: Beartic\n|-supereffective|p2a: Beartic\n|-damage|p2a: Beartic|0 fnt\n|faint|p2a: Beartic\n|move|p1b: Lancelot\u2664|Iron Head|p2b: Cryogonal\n|-supereffective|p2b: Cryogonal\n|-crit|p2b: Cryogonal\n|-damage|p2b: Cryogonal|0 fnt\n|faint|p2b: Cryogonal\n|\n|upkeep\n|\n|t:|1681876740\n|switch|p2b: Abomasnow|Abomasnow, L50, F, shiny|100\/100\n|switch|p2a: Kingambit|Kingambit, L50, F, shiny|100\/100\n|-weather|Snow|[from] ability: Snow Warning|[of] p2b: Abomasnow\n|turn|8\n|\n|t:|1681876757\n|move|p2b: Abomasnow|Aurora Veil|p2b: Abomasnow\n|-sidestart|p2: WDMichael|move: Aurora Veil\n|move|p1a: Darth Gary|Pollen Puff|p2b: Abomasnow\n|-supereffective|p2b: Abomasnow\n|-damage|p2b: Abomasnow|77\/100\n|move|p1b: Lancelot\u2664|Body Press|p2a: Kingambit\n|-supereffective|p2a: Kingambit\n|-damage|p2a: Kingambit|68\/100\n|move|p2a: Kingambit|Thunder Wave|p1b: Lancelot\u2664\n|-status|p1b: Lancelot\u2664|par\n|\n|-weather|Snow|[upkeep]\n|upkeep\n|turn|9\n|inactive|WDMichael has 30 seconds left.\n|\n|t:|1681876792\n|move|p2b: Abomasnow|Aurora Veil||[still]\n|-fail|p2b: Abomasnow\n|move|p1a: Darth Gary|Leech Seed|p2a: Kingambit\n|-start|p2a: Kingambit|move: Leech Seed\n|move|p2a: Kingambit|Thunder Wave|p1a: Darth Gary\n|-status|p1a: Darth Gary|par\n|cant|p1b: Lancelot\u2664|par\n|\n|-weather|Snow|[upkeep]\n|-damage|p2a: Kingambit|56\/100|[from] Leech Seed|[of] p1a: Darth Gary\n|upkeep\n|turn|10\n|\n|t:|1681876810\n|move|p2b: Abomasnow|Aurora Veil||[still]\n|-fail|p2b: Abomasnow\n|move|p2a: Kingambit|Guillotine|p1a: Darth Gary\n|-damage|p1a: Darth Gary|0 fnt\n|-damage|p2a: Kingambit|40\/100|[from] item: Rocky Helmet|[of] p1a: Darth Gary\n|-enditem|p2a: Kingambit|Sitrus Berry|[eat]\n|-heal|p2a: Kingambit|64\/100|[from] item: Sitrus Berry\n|faint|p1a: Darth Gary\n|-ohko\n|cant|p1b: Lancelot\u2664|par\n|\n|-weather|Snow|[upkeep]\n|upkeep\n|turn|11\n|\n|t:|1681876831\n|move|p2b: Abomasnow|Aurora Veil||[still]\n|-fail|p2b: Abomasnow\n|move|p2a: Kingambit|Guillotine|p1b: Lancelot\u2664|[miss]\n|-miss|p2a: Kingambit|p1b: Lancelot\u2664\n|move|p1b: Lancelot\u2664|Body Press|p2a: Kingambit\n|-supereffective|p2a: Kingambit\n|-damage|p2a: Kingambit|23\/100\n|\n|-weather|Snow|[upkeep]\n|upkeep\n|turn|12\n|\n|t:|1681876843\n|move|p2b: Abomasnow|Aurora Veil||[still]\n|-fail|p2b: Abomasnow\n|move|p2a: Kingambit|Rest|p2a: Kingambit\n|-status|p2a: Kingambit|slp|[from] move: Rest\n|-heal|p2a: Kingambit|100\/100 slp|[silent]\n|move|p1b: Lancelot\u2664|Body Press|p2a: Kingambit\n|-supereffective|p2a: Kingambit\n|-damage|p2a: Kingambit|59\/100 slp\n|\n|-weather|none\n|-sideend|p2: WDMichael|move: Aurora Veil\n|upkeep\n|turn|13\n|\n|t:|1681876856\n|move|p2b: Abomasnow|Aurora Veil||[still]\n|-fail|p2b: Abomasnow\n|cant|p2a: Kingambit|slp\n|move|p2a: Kingambit|Sleep Talk|p2a: Kingambit\n|move|p2a: Kingambit|Thunder Wave|p1b: Lancelot\u2664|[from]move: Sleep Talk\n|-fail|p1b: Lancelot\u2664|par\n|move|p1b: Lancelot\u2664|Body Press|p2a: Kingambit\n|-supereffective|p2a: Kingambit\n|-damage|p2a: Kingambit|0 fnt\n|faint|p2a: Kingambit\n|\n|upkeep\n|turn|14\n|c|\u2606CeSaRNite666|Ja\n|c|\u2606WDMichael|\ud83e\udd23\n|inactive|CeSaRNite666 has 30 seconds left.\n|inactive|WDMichael has 30 seconds left.\n|c|\u2606CeSaRNite666|Again, fuck that shit\n|inactive|WDMichael has 20 seconds left.\n|inactive|WDMichael has 15 seconds left.\n|c|\u2606WDMichael|Lol \ud83d\ude06 imagine almost losing to that though\n|inactive|WDMichael has 10 seconds left.\n|inactive|WDMichael has 5 seconds left.\n|c|\u2606WDMichael|Gg\n|\n|t:|1681876911\n|move|p2b: Abomasnow|Aurora Veil||[still]\n|-fail|p2b: Abomasnow\n|move|p1b: Lancelot\u2664|Body Press|p2b: Abomasnow\n|-supereffective|p2b: Abomasnow\n|-damage|p2b: Abomasnow|37\/100\n|\n|upkeep\n|turn|15\n|-message|WDMichael forfeited.\n|\n|win|CeSaRNite666\n|raw|CeSaRNite666's rating: 1259 → 1286<\/strong> (+27 for winning)\n|raw|WDMichael's rating: 1287 → 1260<\/strong> (-27 for losing)\n|l|\u2606WDMichael\n","uploadtime":1681876613,"views":6,"p1id":"cesarnite666","p2id":"wdmichael","formatid":"gen9vgc2023regulationc","rating":1260,"private":0,"password":""}