{"id":"gen9vgc2023regulationc-1845896592","p1":"Urkin' Pincurchin","p2":"Garydosses","format":"[Gen 9] VGC 2023 Regulation C","log":"|j|\u2606Urkin' Pincurchin\n|j|\u2606Garydosses\n|t:|1681776626\n|gametype|doubles\n|player|p1|Urkin' Pincurchin|fisherman-gen4|\n|player|p2|Garydosses|acerola|\n|teamsize|p1|6\n|teamsize|p2|6\n|gen|9\n|tier|[Gen 9] VGC 2023 Regulation C\n|rated|Tournament battle\n|rule|Species Clause: Limit one of each Pok\u00e9mon\n|rule|Item Clause: Limit one of each item\n|clearpoke\n|poke|p1|Tyranitar, L50, M|\n|poke|p1|Lycanroc, L50, M|\n|poke|p1|Armarouge, L50, M|\n|poke|p1|Indeedee-F, L50, F|\n|poke|p1|Brute Bonnet, L50|\n|poke|p1|Torkoal, L50, M|\n|poke|p2|Chien-Pao, L50|\n|poke|p2|Dragapult, L50, M|\n|poke|p2|Volcarona, L50, M|\n|poke|p2|Flutter Mane, L50|\n|poke|p2|Azumarill, L50, F|\n|poke|p2|Amoonguss, L50, M|\n|teampreview|4\n|raw| Open Team Sheet for Urkin' Pincurchin<\/summary>Ryan Crouser (Tyranitar) (M) @ Iron Ball Ability: Sand Stream Level: 50 Tera Type: Dark - Rock Slide - Assurance - Fling - Protect The Boomer (Lycanroc) (M) @ Focus Sash Ability: Sand Rush Level: 50 Tera Type: Fighting - Rock Slide - Close Combat - Endeavor - Protect Tier 3 Sub (Armarouge) (M) @ Life Orb Ability: Flash Fire Level: 50 Tera Type: Psychic - Armor Cannon - Expanding Force - Trick Room - Protect VTuber (Indeedee-F) (F) @ Psychic Seed Ability: Psychic Surge Level: 50 Tera Type: Fairy - Dazzling Gleam - Follow Me - Helping Hand - Trick Room Ungamoonguss (Brute Bonnet) @ Loaded Dice Ability: Protosynthesis Level: 50 Tera Type: Poison - Bullet Seed - Crunch - Close Combat - Spore LET HIM COOK (Torkoal) (M) @ Choice Specs Ability: Drought Level: 50 Tera Type: Fire - Eruption - Flamethrower - Heat Wave - Earth Power <\/details><\/div> Open Team Sheet for Garydosses<\/summary>Chien-Pao @ Focus Sash Ability: Sword of Ruin Level: 50 Tera Type: Ghost - Sucker Punch - Ice Spinner - Sacred Sword - Protect Dragapult @ Life Orb Ability: Clear Body Level: 50 Tera Type: Dark - Dragon Dance - Dragon Darts - Phantom Force - Protect Volcarona @ Leftovers Ability: Flame Body Level: 50 Tera Type: Grass - Protect - Giga Drain - Quiver Dance - Heat Wave Flutter Mane @ Booster Energy Ability: Protosynthesis Level: 50 Tera Type: Fairy - Dazzling Gleam - Thunderbolt - Shadow Ball - Protect Azumarill @ Assault Vest Ability: Huge Power Level: 50 Tera Type: Water - Liquidation - Aqua Jet - Play Rough - Ice Spinner Amoonguss @ Sitrus Berry Ability: Regenerator Level: 50 Tera Type: Water - Pollen Puff - Rage Powder - Spore - Clear Smog <\/details><\/div>\n|inactive|Battle timer is ON: inactive players will automatically lose when time's up. (requested by Urkin' Pincurchin)\n|inactive|Garydosses also wants the timer to be on.\n|inactive|Urkin' Pincurchin has 60 seconds left.\n|inactive|Garydosses has 60 seconds left.\n|c|\u2606Garydosses|Ungamoongus\n|inactive|Garydosses has 30 seconds left.\n|inactive|Urkin' Pincurchin has 30 seconds left.\n|inactive|Urkin' Pincurchin has 20 seconds left.\n|\n|t:|1681776702\n|start\n|switch|p1a: The Boomer|Lycanroc, L50, M|100\/100\n|switch|p1b: VTuber|Indeedee-F, L50, F|100\/100\n|switch|p2a: Chien-Pao|Chien-Pao, L50|100\/100\n|switch|p2b: Dragapult|Dragapult, L50, M|100\/100\n|-ability|p2a: Chien-Pao|Sword of Ruin\n|-fieldstart|move: Psychic Terrain|[from] ability: Psychic Surge|[of] p1b: VTuber\n|-enditem|p1b: VTuber|Psychic Seed\n|-boost|p1b: VTuber|spd|1|[from] item: Psychic Seed\n|turn|1\n|inactive|Garydosses has 30 seconds left.\n|\n|t:|1681776732\n|switch|p1b: Ryan Crouser|Tyranitar, L50, M|100\/100\n|-weather|Sandstorm|[from] ability: Sand Stream|[of] p1b: Ryan Crouser\n|move|p2a: Chien-Pao|Protect|p2a: Chien-Pao\n|-singleturn|p2a: Chien-Pao|Protect\n|move|p1a: The Boomer|Rock Slide|p2b: Dragapult|[spread] p2b\n|-activate|p2a: Chien-Pao|move: Protect\n|-crit|p2b: Dragapult\n|-damage|p2b: Dragapult|16\/100\n|move|p2b: Dragapult|Dragon Darts|p1a: The Boomer\n|-damage|p1a: The Boomer|23\/100\n|-anim|p2b: Dragapult|Dragon Darts|p1b: Ryan Crouser\n|-damage|p1b: Ryan Crouser|63\/100\n|-damage|p2b: Dragapult|7\/100|[from] item: Life Orb\n|\n|-weather|Sandstorm|[upkeep]\n|-damage|p2b: Dragapult|0 fnt|[from] Sandstorm\n|-damage|p2a: Chien-Pao|95\/100|[from] Sandstorm\n|faint|p2b: Dragapult\n|upkeep\n|\n|t:|1681776753\n|switch|p2b: Azumarill|Azumarill, L50, F|100\/100\n|turn|2\n|c|\u2606Garydosses|The crit helped me sonehow\n|\n|t:|1681776770\n|move|p2b: Azumarill|Aqua Jet|p1a: The Boomer\n|-activate|p1a: The Boomer|move: Psychic Terrain\n|move|p1a: The Boomer|Endeavor|p2b: Azumarill\n|-damage|p2b: Azumarill|19\/100\n|move|p2a: Chien-Pao|Sacred Sword|p1b: Ryan Crouser\n|-supereffective|p1b: Ryan Crouser\n|-damage|p1b: Ryan Crouser|0 fnt\n|faint|p1b: Ryan Crouser\n|\n|-weather|Sandstorm|[upkeep]\n|-damage|p2a: Chien-Pao|89\/100|[from] Sandstorm\n|-damage|p2b: Azumarill|13\/100|[from] Sandstorm\n|upkeep\n|\n|t:|1681776779\n|switch|p1b: VTuber|Indeedee-F, L50, F|100\/100\n|turn|3\n|c|\u2606Garydosses|And just made the worst olay in my carrier\n|\n|t:|1681776795\n|move|p2a: Chien-Pao|Protect|p2a: Chien-Pao\n|-singleturn|p2a: Chien-Pao|Protect\n|move|p1a: The Boomer|Rock Slide|p2a: Chien-Pao|[spread] p2b\n|-activate|p2a: Chien-Pao|move: Protect\n|-damage|p2b: Azumarill|0 fnt\n|faint|p2b: Azumarill\n|move|p1b: VTuber|Trick Room|p1b: VTuber\n|-fieldstart|move: Trick Room|[of] p1b: VTuber\n|\n|-weather|Sandstorm|[upkeep]\n|-damage|p1b: VTuber|95\/100|[from] Sandstorm\n|-damage|p2a: Chien-Pao|83\/100|[from] Sandstorm\n|upkeep\n|\n|t:|1681776797\n|switch|p2b: Amoonguss|Amoonguss, L50, M|100\/100\n|turn|4\n|inactive|Urkin' Pincurchin has 30 seconds left.\n|inactive|Garydosses has 30 seconds left.\n|inactive|Garydosses has 20 seconds left.\n|\n|t:|1681776833\n|-terastallize|p2a: Chien-Pao|Ghost\n|move|p1b: VTuber|Follow Me|p1b: VTuber\n|-singleturn|p1b: VTuber|move: Follow Me\n|move|p2b: Amoonguss|Spore|p1b: VTuber\n|-status|p1b: VTuber|slp|[from] move: Spore\n|move|p2a: Chien-Pao|Sacred Sword|p1b: VTuber\n|-damage|p1b: VTuber|57\/100 slp\n|move|p1a: The Boomer|Rock Slide|p2a: Chien-Pao|[spread] p2b\n|-miss|p1a: The Boomer|p2a: Chien-Pao\n|-damage|p2b: Amoonguss|71\/100\n|\n|-weather|Sandstorm|[upkeep]\n|-damage|p2b: Amoonguss|65\/100|[from] Sandstorm\n|-damage|p1b: VTuber|51\/100 slp|[from] Sandstorm\n|-damage|p2a: Chien-Pao|77\/100|[from] Sandstorm\n|upkeep\n|turn|5\n|j| LukPeu\n|\n|t:|1681776854\n|move|p1a: The Boomer|Protect|p1a: The Boomer\n|-singleturn|p1a: The Boomer|Protect\n|move|p2b: Amoonguss|Pollen Puff|p1b: VTuber\n|-supereffective|p1b: VTuber\n|-damage|p1b: VTuber|12\/100 slp\n|cant|p1b: VTuber|slp\n|move|p2a: Chien-Pao|Sacred Sword|p1a: The Boomer\n|-activate|p1a: The Boomer|move: Protect\n|\n|-weather|none\n|-fieldend|move: Psychic Terrain\n|upkeep\n|turn|6\n|\n|t:|1681776875\n|switch|p1b: Tier 3 Sub|Armarouge, L50, M|100\/100\n|move|p2b: Amoonguss|Spore|p1a: The Boomer\n|-status|p1a: The Boomer|slp|[from] move: Spore\n|cant|p1a: The Boomer|slp\n|move|p2a: Chien-Pao|Ice Spinner|p1b: Tier 3 Sub\n|-resisted|p1b: Tier 3 Sub\n|-damage|p1b: Tier 3 Sub|77\/100\n|\n|upkeep\n|turn|7\n|\n|t:|1681776893\n|switch|p1a: VTuber|Indeedee-F, L50, F|12\/100 slp\n|-fieldstart|move: Psychic Terrain|[from] ability: Psychic Surge|[of] p1a: VTuber\n|move|p1b: Tier 3 Sub|Protect|p1b: Tier 3 Sub\n|-singleturn|p1b: Tier 3 Sub|Protect\n|move|p2b: Amoonguss|Spore|p1b: Tier 3 Sub\n|-activate|p1b: Tier 3 Sub|move: Protect\n|move|p2a: Chien-Pao|Ice Spinner|p1b: Tier 3 Sub\n|-activate|p1b: Tier 3 Sub|move: Protect\n|\n|-fieldend|move: Trick Room\n|upkeep\n|turn|8\n|\n|t:|1681776912\n|-curestatus|p1a: VTuber|slp|[msg]\n|move|p1a: VTuber|Follow Me|p1a: VTuber\n|-singleturn|p1a: VTuber|move: Follow Me\n|move|p2a: Chien-Pao|Ice Spinner|p1a: VTuber\n|-damage|p1a: VTuber|0 fnt\n|-fieldend|move: Psychic Terrain\n|faint|p1a: VTuber\n|move|p1b: Tier 3 Sub|Expanding Force|p2b: Amoonguss\n|-supereffective|p2b: Amoonguss\n|-damage|p2b: Amoonguss|0 fnt\n|faint|p2b: Amoonguss\n|-damage|p1b: Tier 3 Sub|67\/100|[from] item: Life Orb\n|\n|upkeep\n|\n|t:|1681776915\n|switch|p1a: The Boomer|Lycanroc, L50, M|23\/100 slp\n|turn|9\n|\n|t:|1681776928\n|move|p2a: Chien-Pao|Sacred Sword|p1a: The Boomer\n|-supereffective|p1a: The Boomer\n|-damage|p1a: The Boomer|0 fnt\n|faint|p1a: The Boomer\n|move|p1b: Tier 3 Sub|Trick Room|p1b: Tier 3 Sub\n|-fieldstart|move: Trick Room|[of] p1b: Tier 3 Sub\n|\n|upkeep\n|turn|10\n|\n|t:|1681776941\n|move|p1b: Tier 3 Sub|Protect|p1b: Tier 3 Sub\n|-singleturn|p1b: Tier 3 Sub|Protect\n|move|p2a: Chien-Pao|Sucker Punch||[still]\n|-fail|p2a: Chien-Pao\n|\n|upkeep\n|turn|11\n|\n|t:|1681776945\n|move|p1b: Tier 3 Sub|Protect||[still]\n|-fail|p1b: Tier 3 Sub\n|move|p2a: Chien-Pao|Sucker Punch||[still]\n|-fail|p2a: Chien-Pao\n|\n|upkeep\n|turn|12\n|\n|t:|1681776953\n|move|p1b: Tier 3 Sub|Protect|p1b: Tier 3 Sub\n|-singleturn|p1b: Tier 3 Sub|Protect\n|move|p2a: Chien-Pao|Protect||[still]\n|-fail|p2a: Chien-Pao\n|\n|upkeep\n|turn|13\n|\n|t:|1681776960\n|move|p1b: Tier 3 Sub|Protect||[still]\n|-fail|p1b: Tier 3 Sub\n|move|p2a: Chien-Pao|Sucker Punch||[still]\n|-fail|p2a: Chien-Pao\n|\n|-fieldend|move: Trick Room\n|upkeep\n|turn|14\n|\n|t:|1681776966\n|move|p2a: Chien-Pao|Protect|p2a: Chien-Pao\n|-singleturn|p2a: Chien-Pao|Protect\n|move|p1b: Tier 3 Sub|Protect||[still]\n|-fail|p1b: Tier 3 Sub\n|\n|upkeep\n|turn|15\n|\n|t:|1681776974\n|move|p1b: Tier 3 Sub|Protect|p1b: Tier 3 Sub\n|-singleturn|p1b: Tier 3 Sub|Protect\n|move|p2a: Chien-Pao|Sucker Punch||[still]\n|-fail|p2a: Chien-Pao\n|\n|upkeep\n|turn|16\n|\n|t:|1681776980\n|move|p2a: Chien-Pao|Protect|p2a: Chien-Pao\n|-singleturn|p2a: Chien-Pao|Protect\n|move|p1b: Tier 3 Sub|Trick Room|p1b: Tier 3 Sub\n|-fieldstart|move: Trick Room|[of] p1b: Tier 3 Sub\n|\n|upkeep\n|turn|17\n|\n|t:|1681776990\n|move|p1b: Tier 3 Sub|Protect|p1b: Tier 3 Sub\n|-singleturn|p1b: Tier 3 Sub|Protect\n|move|p2a: Chien-Pao|Protect||[still]\n|-fail|p2a: Chien-Pao\n|\n|upkeep\n|turn|18\n|\n|t:|1681776995\n|move|p1b: Tier 3 Sub|Protect||[still]\n|-fail|p1b: Tier 3 Sub\n|move|p2a: Chien-Pao|Sucker Punch||[still]\n|-fail|p2a: Chien-Pao\n|\n|upkeep\n|turn|19\n|c|\u2606Garydosses|Ig nobody is brave enough\n|\n|t:|1681777010\n|move|p1b: Tier 3 Sub|Protect|p1b: Tier 3 Sub\n|-singleturn|p1b: Tier 3 Sub|Protect\n|move|p2a: Chien-Pao|Protect||[still]\n|-fail|p2a: Chien-Pao\n|\n|upkeep\n|turn|20\n|\n|t:|1681777024\n|move|p2a: Chien-Pao|Protect|p2a: Chien-Pao\n|-singleturn|p2a: Chien-Pao|Protect\n|move|p1b: Tier 3 Sub|Trick Room|p1b: Tier 3 Sub\n|-fieldend|move: Trick Room\n|\n|upkeep\n|turn|21\n|j| benks\n|\n|t:|1681777042\n|move|p1b: Tier 3 Sub|Protect|p1b: Tier 3 Sub\n|-singleturn|p1b: Tier 3 Sub|Protect\n|move|p2a: Chien-Pao|Sucker Punch||[still]\n|-fail|p2a: Chien-Pao\n|\n|upkeep\n|turn|22\n|\n|t:|1681777048\n|move|p2a: Chien-Pao|Protect|p2a: Chien-Pao\n|-singleturn|p2a: Chien-Pao|Protect\n|move|p1b: Tier 3 Sub|Trick Room|p1b: Tier 3 Sub\n|-fieldstart|move: Trick Room|[of] p1b: Tier 3 Sub\n|\n|upkeep\n|turn|23\n|\n|t:|1681777059\n|move|p1b: Tier 3 Sub|Protect|p1b: Tier 3 Sub\n|-singleturn|p1b: Tier 3 Sub|Protect\n|move|p2a: Chien-Pao|Sacred Sword|p1b: Tier 3 Sub\n|-activate|p1b: Tier 3 Sub|move: Protect\n|\n|upkeep\n|turn|24\n|\n|t:|1681777067\n|move|p2a: Chien-Pao|Protect|p2a: Chien-Pao\n|-singleturn|p2a: Chien-Pao|Protect\n|move|p1b: Tier 3 Sub|Trick Room|p1b: Tier 3 Sub\n|-fieldend|move: Trick Room\n|\n|upkeep\n|turn|25\n|\n|t:|1681777075\n|move|p2a: Chien-Pao|Sacred Sword|p1b: Tier 3 Sub\n|-resisted|p1b: Tier 3 Sub\n|-damage|p1b: Tier 3 Sub|49\/100\n|move|p1b: Tier 3 Sub|Trick Room|p1b: Tier 3 Sub\n|-fieldstart|move: Trick Room|[of] p1b: Tier 3 Sub\n|\n|upkeep\n|turn|26\n|\n|t:|1681777085\n|move|p2a: Chien-Pao|Protect|p2a: Chien-Pao\n|-singleturn|p2a: Chien-Pao|Protect\n|move|p1b: Tier 3 Sub|Armor Cannon|p2a: Chien-Pao\n|-activate|p2a: Chien-Pao|move: Protect\n|\n|upkeep\n|turn|27\n|\n|t:|1681777095\n|move|p1b: Tier 3 Sub|Protect|p1b: Tier 3 Sub\n|-singleturn|p1b: Tier 3 Sub|Protect\n|move|p2a: Chien-Pao|Ice Spinner|p1b: Tier 3 Sub\n|-activate|p1b: Tier 3 Sub|move: Protect\n|\n|upkeep\n|turn|28\n|\n|t:|1681777115\n|move|p2a: Chien-Pao|Protect|p2a: Chien-Pao\n|-singleturn|p2a: Chien-Pao|Protect\n|move|p1b: Tier 3 Sub|Armor Cannon|p2a: Chien-Pao\n|-activate|p2a: Chien-Pao|move: Protect\n|\n|upkeep\n|turn|29\n|\n|t:|1681777133\n|move|p1b: Tier 3 Sub|Protect|p1b: Tier 3 Sub\n|-singleturn|p1b: Tier 3 Sub|Protect\n|move|p2a: Chien-Pao|Protect||[still]\n|-fail|p2a: Chien-Pao\n|\n|-fieldend|move: Trick Room\n|upkeep\n|turn|30\n|\n|t:|1681777138\n|move|p2a: Chien-Pao|Ice Spinner|p1b: Tier 3 Sub\n|-resisted|p1b: Tier 3 Sub\n|-damage|p1b: Tier 3 Sub|25\/100\n|move|p1b: Tier 3 Sub|Armor Cannon|p2a: Chien-Pao\n|-damage|p2a: Chien-Pao|0 fnt\n|-unboost|p1b: Tier 3 Sub|def|1\n|-unboost|p1b: Tier 3 Sub|spd|1\n|faint|p2a: Chien-Pao\n|-damage|p1b: Tier 3 Sub|16\/100|[from] item: Life Orb\n|\n|win|Urkin' Pincurchin\n|n|\u2606Urkin' Pincurchin|urkinpincurchin\n|n|\u2606Garydosses|garydosses\n|n| LukPeu|lukpeu\n|n| benks|benks\n|c|\u2606Garydosses|Gg\n|c|\u2606Urkin' Pincurchin|gg\n|c|\u2606Garydosses|Wtf was this game\n","uploadtime":1681777154,"views":17,"p1id":"urkinpincurchin","p2id":"garydosses","formatid":"gen9vgc2023regulationc","rating":0,"private":0,"password":""}