{"id":"gen9vgc2023regulationc-1857935654","p1":"joshdonnie","p2":"ThreeFingerDP","format":"[Gen 9] VGC 2023 Regulation C","log":"|j|\u2606joshdonnie\n|j|\u2606ThreeFingerDP\n|t:|1683249394\n|gametype|doubles\n|player|p1|joshdonnie|102|1274\n|player|p2|ThreeFingerDP|wallace|1245\n|teamsize|p1|6\n|teamsize|p2|6\n|gen|9\n|tier|[Gen 9] VGC 2023 Regulation C\n|rated|\n|rule|Species Clause: Limit one of each Pok\u00e9mon\n|rule|Item Clause: Limit one of each item\n|clearpoke\n|poke|p1|Garchomp, L50, M|\n|poke|p1|Annihilape, L50, F|\n|poke|p1|Kingambit, L50, M|\n|poke|p1|Chien-Pao, L50|\n|poke|p1|Farigiraf, L50, M|\n|poke|p1|Rotom-Wash, L50|\n|poke|p2|Wo-Chien, L50|\n|poke|p2|Glimmora, L50, M|\n|poke|p2|Dondozo, L50, F|\n|poke|p2|Tatsugiri, L50, M|\n|poke|p2|Flutter Mane, L50|\n|poke|p2|Chi-Yu, L50|\n|teampreview|4\n|inactive|Battle timer is ON: inactive players will automatically lose when time's up. (requested by ThreeFingerDP)\nThreeFingerDP has agreed to open team sheets.\njoshdonnie has agreed to open team sheets.\n|c|\u2606joshdonnie|yoo\n|c|\u2606joshdonnie|we just played i swear\n|inactive|joshdonnie has 60 seconds left.\n|inactive|ThreeFingerDP has 60 seconds left.\n|\n|t:|1683249437\n|start\n|switch|p1a: Garchomp|Garchomp, L50, M|100\/100\n|switch|p1b: Chien-Pao|Chien-Pao, L50|100\/100\n|switch|p2a: Flutter Mane|Flutter Mane, L50|100\/100\n|switch|p2b: Chi-Yu|Chi-Yu, L50|100\/100\n|-ability|p1b: Chien-Pao|Sword of Ruin\n|-ability|p2b: Chi-Yu|Beads of Ruin\n|turn|1\n|c|\u2606ThreeFingerDP|really?\n|c|\u2606ThreeFingerDP|neato\n|c|\u2606joshdonnie|i was usinfg diff team\n|\n|t:|1683249457\n|move|p1b: Chien-Pao|Protect|p1b: Chien-Pao\n|-singleturn|p1b: Chien-Pao|Protect\n|move|p1a: Garchomp|Protect|p1a: Garchomp\n|-singleturn|p1a: Garchomp|Protect\n|move|p2a: Flutter Mane|Dazzling Gleam|p1b: Chien-Pao|[spread] \n|-activate|p1a: Garchomp|move: Protect\n|-activate|p1b: Chien-Pao|move: Protect\n|move|p2b: Chi-Yu|Heat Wave|p1a: Garchomp|[spread] \n|-activate|p1a: Garchomp|move: Protect\n|-activate|p1b: Chien-Pao|move: Protect\n|\n|upkeep\n|turn|2\n|c|\u2606joshdonnie|i think i hit fissure on u w ting lu :\/ sorry if that was u\n|c|\u2606ThreeFingerDP|oh yeah that was you!\n|inactive|ThreeFingerDP has 30 seconds left.\n|c|\u2606ThreeFingerDP|im a tying lu user dont worry\n|\n|t:|1683249486\n|-terastallize|p1a: Garchomp|Steel\n|move|p1b: Chien-Pao|Sucker Punch|p2a: Flutter Mane\n|-damage|p2a: Flutter Mane|26\/100\n|move|p2a: Flutter Mane|Dazzling Gleam|p1b: Chien-Pao|[spread] p1a,p1b\n|-resisted|p1a: Garchomp\n|-supereffective|p1b: Chien-Pao\n|-damage|p1a: Garchomp|66\/100\n|-enditem|p1b: Chien-Pao|Focus Sash\n|-damage|p1b: Chien-Pao|1\/100\n|move|p1a: Garchomp|Earthquake|p2a: Flutter Mane|[spread] p1b,p2a,p2b\n|-supereffective|p2b: Chi-Yu\n|-damage|p1b: Chien-Pao|0 fnt\n|-damage|p2a: Flutter Mane|0 fnt\n|-damage|p2b: Chi-Yu|0 fnt\n|faint|p1b: Chien-Pao\n|faint|p2a: Flutter Mane\n|-end|p2a: Flutter Mane|Protosynthesis|[silent]\n|faint|p2b: Chi-Yu\n|\n|upkeep\n|c|\u2606joshdonnie|that was my most crucially calced play\n|inactive|joshdonnie has 30 seconds left.\n|\n|t:|1683249512\n|switch|p1b: Rotom|Rotom-Wash, L50, shiny|100\/100\n|switch|p2a: Dondozo|Dondozo, L50, F|100\/100\n|switch|p2b: Tatsugiri|Tatsugiri, L50, M|100\/100\n|-activate|p2b: Tatsugiri|ability: Commander|[of] p2a: Dondozo\n|-boost|p2a: Dondozo|atk|2\n|-boost|p2a: Dondozo|spa|2\n|-boost|p2a: Dondozo|spe|2\n|-boost|p2a: Dondozo|def|2\n|-boost|p2a: Dondozo|spd|2\n|turn|3\n|\n|t:|1683249524\n|-terastallize|p2a: Dondozo|Grass\n|move|p1a: Garchomp|Protect|p1a: Garchomp\n|-singleturn|p1a: Garchomp|Protect\n|move|p2a: Dondozo|Earthquake|p1a: Garchomp|[spread] \n|-miss|p2a: Dondozo|p2b: Tatsugiri\n|-activate|p1a: Garchomp|move: Protect\n|-immune|p1b: Rotom|[from] ability: Levitate\n|move|p1b: Rotom|Reflect|p1b: Rotom\n|-sidestart|p1: joshdonnie|Reflect\n|\n|upkeep\n|turn|4\n|\n|t:|1683249540\n|switch|p1a: Annihilape|Annihilape, L50, F|100\/100\n|move|p2a: Dondozo|Protect|p2a: Dondozo\n|-singleturn|p2a: Dondozo|Protect\n|move|p1b: Rotom|Will-O-Wisp|p2a: Dondozo\n|-activate|p2a: Dondozo|move: Protect\n|\n|upkeep\n|turn|5\n|\n|t:|1683249551\n|move|p2a: Dondozo|Wave Crash|p1b: Rotom\n|-resisted|p1b: Rotom\n|-damage|p1b: Rotom|64\/100\n|-damage|p2a: Dondozo|92\/100|[from] Recoil\n|move|p1a: Annihilape|Rage Fist|p2a: Dondozo\n|-damage|p2a: Dondozo|82\/100\n|move|p1b: Rotom|Will-O-Wisp|p2a: Dondozo\n|-status|p2a: Dondozo|brn\n|\n|-damage|p2a: Dondozo|76\/100 brn|[from] brn\n|upkeep\n|turn|6\n|\n|t:|1683249573\n|move|p1a: Annihilape|Protect|p1a: Annihilape\n|-singleturn|p1a: Annihilape|Protect\n|move|p2a: Dondozo|Wave Crash|p1b: Rotom\n|-resisted|p1b: Rotom\n|-damage|p1b: Rotom|47\/100\n|-enditem|p1b: Rotom|Sitrus Berry|[eat]\n|-heal|p1b: Rotom|72\/100|[from] item: Sitrus Berry\n|-damage|p2a: Dondozo|72\/100 brn|[from] Recoil\n|move|p1b: Rotom|Hydro Pump|p2a: Dondozo\n|-resisted|p2a: Dondozo\n|-damage|p2a: Dondozo|59\/100 brn\n|\n|-damage|p2a: Dondozo|53\/100 brn|[from] brn\n|upkeep\n|turn|7\n|\n|t:|1683249589\n|move|p2a: Dondozo|Wave Crash|p1b: Rotom\n|-resisted|p1b: Rotom\n|-damage|p1b: Rotom|54\/100\n|-damage|p2a: Dondozo|49\/100 brn|[from] Recoil\n|-enditem|p2a: Dondozo|Sitrus Berry|[eat]\n|-heal|p2a: Dondozo|74\/100 brn|[from] item: Sitrus Berry\n|move|p1a: Annihilape|Drain Punch|p2a: Dondozo\n|-damage|p2a: Dondozo|59\/100 brn\n|move|p1b: Rotom|Hydro Pump|p2a: Dondozo\n|-resisted|p2a: Dondozo\n|-damage|p2a: Dondozo|46\/100 brn\n|\n|-damage|p2a: Dondozo|40\/100 brn|[from] brn\n|-sideend|p1: joshdonnie|Reflect\n|upkeep\n|turn|8\n|\n|t:|1683249604\n|move|p2a: Dondozo|Wave Crash|p1b: Rotom\n|-resisted|p1b: Rotom\n|-damage|p1b: Rotom|29\/100\n|-damage|p2a: Dondozo|34\/100 brn|[from] Recoil\n|move|p1a: Annihilape|Drain Punch|p2a: Dondozo\n|-damage|p2a: Dondozo|20\/100 brn\n|move|p1b: Rotom|Reflect|p1b: Rotom\n|-sidestart|p1: joshdonnie|Reflect\n|\n|-damage|p2a: Dondozo|14\/100 brn|[from] brn\n|upkeep\n|turn|9\n|\n|t:|1683249625\n|move|p2a: Dondozo|Wave Crash|p1b: Rotom\n|-resisted|p1b: Rotom\n|-crit|p1b: Rotom\n|-damage|p1b: Rotom|0 fnt\n|faint|p1b: Rotom\n|-damage|p2a: Dondozo|8\/100 brn|[from] Recoil\n|move|p1a: Annihilape|Drain Punch|p2a: Dondozo\n|-damage|p2a: Dondozo|0 fnt\n|faint|p2a: Dondozo\n|\n|upkeep\n|\n|t:|1683249631\n|switch|p1b: Garchomp|Garchomp, L50, M, tera:Steel|66\/100\n|turn|10\n|\n|t:|1683249636\n|move|p2b: Tatsugiri|Muddy Water|p1a: Annihilape|[spread] p1a,p1b\n|-crit|p1b: Garchomp\n|-damage|p1a: Annihilape|68\/100\n|-damage|p1b: Garchomp|7\/100\n|move|p1b: Garchomp|Dragon Claw|p2b: Tatsugiri\n|-supereffective|p2b: Tatsugiri\n|-damage|p2b: Tatsugiri|0 fnt\n|faint|p2b: Tatsugiri\n|\n|win|joshdonnie\n|raw|joshdonnie's rating: 1274 → 1297<\/strong> (+23 for winning)\n|raw|ThreeFingerDP's rating: 1245 → 1222<\/strong> (-23 for losing)\n|c|\u2606ThreeFingerDP|gg\n|l|\u2606ThreeFingerDP\n|c|\u2606joshdonnie|gg\n","uploadtime":1683249648,"views":19,"p1id":"joshdonnie","p2id":"threefingerdp","formatid":"gen9vgc2023regulationc","rating":1222,"private":0,"password":""}