{"id":"gen9vgc2023regulationc-1857696883","p1":"Fanise","p2":"McDubbieEnthusiast","format":"[Gen 9] VGC 2023 Regulation C","log":"|j|\u2606Fanise\n|j|\u2606McDubbieEnthusiast\n|t:|1683223175\n|gametype|doubles\n|player|p1|Fanise|1|1399\n|player|p2|McDubbieEnthusiast|waiter-gen4|1366\n|teamsize|p1|6\n|teamsize|p2|6\n|gen|9\n|tier|[Gen 9] VGC 2023 Regulation C\n|rated|\n|rule|Species Clause: Limit one of each Pok\u00e9mon\n|rule|Item Clause: Limit one of each item\n|clearpoke\n|poke|p1|Dondozo, L50, M|\n|poke|p1|Dragonite, L50, M|\n|poke|p1|Flutter Mane, L50|\n|poke|p1|Tatsugiri, L50, F|\n|poke|p1|Chi-Yu, L50|\n|poke|p1|Amoonguss, L50, F|\n|poke|p2|Tyranitar, L50, F|\n|poke|p2|Garchomp, L50, M|\n|poke|p2|Great Tusk, L50|\n|poke|p2|Scream Tail, L50|\n|poke|p2|Talonflame, L50, M|\n|poke|p2|Corviknight, L50, F|\n|teampreview|4\n|inactive|Battle timer is ON: inactive players will automatically lose when time's up. (requested by Fanise)\n|\n|t:|1683223196\n|start\n|switch|p1a: Dondozo|Dondozo, L50, M|100\/100\n|switch|p1b: Chi-Yu|Chi-Yu, L50|100\/100\n|switch|p2a: Tarrasque|Tyranitar, L50, F, shiny|100\/100\n|switch|p2b: Beholder|Scream Tail, L50, shiny|100\/100\n|-ability|p1b: Chi-Yu|Beads of Ruin\n|-weather|Sandstorm|[from] ability: Sand Stream|[of] p2a: Tarrasque\n|-enditem|p2b: Beholder|Booster Energy\n|-activate|p2b: Beholder|ability: Protosynthesis|[fromitem]\n|-start|p2b: Beholder|protosynthesisspe\n|turn|1\n|\n|t:|1683223211\n|switch|p1b: Tatsugiri|Tatsugiri, L50, F|100\/100\n|-activate|p1b: Tatsugiri|ability: Commander|[of] p1a: Dondozo\n|-boost|p1a: Dondozo|atk|2\n|-boost|p1a: Dondozo|spa|2\n|-boost|p1a: Dondozo|spe|2\n|-boost|p1a: Dondozo|def|2\n|-boost|p1a: Dondozo|spd|2\n|move|p2a: Tarrasque|Protect|p2a: Tarrasque\n|-singleturn|p2a: Tarrasque|Protect\n|move|p2b: Beholder|Thunder Wave|p1a: Dondozo\n|-status|p1a: Dondozo|par\n|move|p1a: Dondozo|Earthquake|p2a: Tarrasque|[spread] p2b\n|-miss|p1a: Dondozo|p1b: Tatsugiri\n|-activate|p2a: Tarrasque|move: Protect\n|-damage|p2b: Beholder|62\/100\n|\n|-weather|Sandstorm|[upkeep]\n|-damage|p2b: Beholder|57\/100|[from] Sandstorm\n|-damage|p1b: Tatsugiri|94\/100|[from] Sandstorm\n|-damage|p1a: Dondozo|94\/100 par|[from] Sandstorm\n|upkeep\n|turn|2\n|inactive|McDubbieEnthusiast has 30 seconds left.\n|\n|t:|1683223241\n|move|p2b: Beholder|Disable|p1a: Dondozo\n|-start|p1a: Dondozo|Disable|Earthquake\n|move|p2a: Tarrasque|Dragon Dance|p2a: Tarrasque\n|-boost|p2a: Tarrasque|atk|1\n|-boost|p2a: Tarrasque|spe|1\n|cant|p1a: Dondozo|Disable|Earthquake\n|\n|-weather|Sandstorm|[upkeep]\n|-damage|p2b: Beholder|51\/100|[from] Sandstorm\n|-damage|p1b: Tatsugiri|88\/100|[from] Sandstorm\n|-damage|p1a: Dondozo|88\/100 par|[from] Sandstorm\n|upkeep\n|turn|3\n|\n|t:|1683223253\n|move|p2b: Beholder|Encore|p1a: Dondozo\n|-start|p1a: Dondozo|Encore\n|move|p2a: Tarrasque|Dragon Dance|p2a: Tarrasque\n|-boost|p2a: Tarrasque|atk|1\n|-boost|p2a: Tarrasque|spe|1\n|cant|p1a: Dondozo|Disable|Earthquake\n|\n|-weather|Sandstorm|[upkeep]\n|-damage|p2b: Beholder|45\/100|[from] Sandstorm\n|-damage|p1b: Tatsugiri|82\/100|[from] Sandstorm\n|-damage|p1a: Dondozo|82\/100 par|[from] Sandstorm\n|upkeep\n|turn|4\n|\n|t:|1683223267\n|-end|p2b: Beholder|Protosynthesis|[silent]\n|switch|p2b: Great Tusk|Great Tusk, L50|100\/100\n|move|p2a: Tarrasque|Rock Slide|p1a: Dondozo|[spread] p1a\n|-miss|p2a: Tarrasque|p1b: Tatsugiri\n|-damage|p1a: Dondozo|72\/100 par\n|cant|p1a: Dondozo|flinch\n|\n|-weather|Sandstorm|[upkeep]\n|-damage|p1b: Tatsugiri|75\/100|[from] Sandstorm\n|-damage|p1a: Dondozo|66\/100 par|[from] Sandstorm\n|upkeep\n|turn|5\n|\n|t:|1683223282\n|move|p2a: Tarrasque|Rock Slide|p1a: Dondozo|[spread] p1a\n|-miss|p2a: Tarrasque|p1b: Tatsugiri\n|-damage|p1a: Dondozo|55\/100 par\n|move|p2b: Great Tusk|Headlong Rush|p1a: Dondozo\n|-damage|p1a: Dondozo|22\/100 par\n|-unboost|p2b: Great Tusk|def|1\n|-unboost|p2b: Great Tusk|spd|1\n|-damage|p2b: Great Tusk|91\/100|[from] item: Life Orb\n|-activate|p1a: Dondozo|move: Struggle\n|move|p1a: Dondozo|Struggle|p2a: Tarrasque\n|-damage|p2a: Tarrasque|72\/100\n|-damage|p1a: Dondozo|0 fnt|[from] recoil\n|faint|p1a: Dondozo\n|\n|-weather|none\n|upkeep\n|\n|t:|1683223301\n|switch|p1a: Flutter Mane|Flutter Mane, L50|100\/100\n|-enditem|p1a: Flutter Mane|Booster Energy\n|-activate|p1a: Flutter Mane|ability: Protosynthesis|[fromitem]\n|-start|p1a: Flutter Mane|protosynthesisspe\n|turn|6\n|\n|t:|1683223312\n|-end|p2b: Great Tusk|Protosynthesis|[silent]\n|switch|p2b: Beholder|Scream Tail, L50, shiny|45\/100\n|-terastallize|p1a: Flutter Mane|Fairy\n|-terastallize|p2a: Tarrasque|Rock\n|move|p1a: Flutter Mane|Dazzling Gleam|p2a: Tarrasque|[spread] p2a,p2b\n|-damage|p2a: Tarrasque|32\/100\n|-damage|p2b: Beholder|12\/100\n|move|p2a: Tarrasque|Rock Slide|p1a: Flutter Mane|[spread] p1a,p1b\n|-damage|p1a: Flutter Mane|0 fnt\n|-damage|p1b: Tatsugiri|0 fnt\n|faint|p1a: Flutter Mane\n|-end|p1a: Flutter Mane|Protosynthesis|[silent]\n|faint|p1b: Tatsugiri\n|\n|upkeep\n|j| timber1313\n|-message|Fanise forfeited.\n|\n|win|McDubbieEnthusiast\n|raw|Fanise's rating: 1399 → 1377<\/strong> (-22 for losing)\n|raw|McDubbieEnthusiast's rating: 1366 → 1388<\/strong> (+22 for winning)\n|l|\u2606Fanise\n","uploadtime":1683223335,"views":14,"p1id":"fanise","p2id":"mcdubbieenthusiast","formatid":"gen9vgc2023regulationc","rating":1377,"private":0,"password":""}