{"id":"gen9vgc2023regulationc-1859084850","p1":"BanLegacy ReaDynn","p2":"Gill x Mayhem","format":"[Gen 9] VGC 2023 Regulation C","log":"|j|\u2606BanLegacy ReaDynn\n|j|\u2606Gill x Mayhem\n|t:|1683402595\n|gametype|doubles\n|player|p1|BanLegacy ReaDynn|266|1350\n|player|p2|Gill x Mayhem|170|1283\n|teamsize|p1|6\n|teamsize|p2|6\n|gen|9\n|tier|[Gen 9] VGC 2023 Regulation C\n|rated|\n|rule|Species Clause: Limit one of each Pok\u00e9mon\n|rule|Item Clause: Limit one of each item\n|clearpoke\n|poke|p1|Flutter Mane, L50|\n|poke|p1|Garganacl, L50, M|\n|poke|p1|Amoonguss, L50, F|\n|poke|p1|Gyarados, L50, M|\n|poke|p1|Ting-Lu, L50|\n|poke|p1|Ceruledge, L50, F|\n|poke|p2|Chien-Pao, L50|\n|poke|p2|Dragonite, L50, F|\n|poke|p2|Annihilape, L50, F|\n|poke|p2|Iron Hands, L50|\n|poke|p2|Maushold-Four, L50|\n|poke|p2|Talonflame, L50, M|\n|teampreview|4\n|inactive|Battle timer is ON: inactive players will automatically lose when time's up. (requested by BanLegacy ReaDynn)\n|inactive|BanLegacy ReaDynn has 60 seconds left.\n|\n|t:|1683402629\n|start\n|switch|p1a: Flutter Mane|Flutter Mane, L50|100\/100\n|switch|p1b: Amoonguss|Amoonguss, L50, F|100\/100\n|switch|p2a: Maushold|Maushold-Four, L50|100\/100\n|switch|p2b: Annihilape|Annihilape, L50, F|100\/100\n|turn|1\n|\n|t:|1683402638\n|-terastallize|p1a: Flutter Mane|Fairy\n|-terastallize|p2b: Annihilape|Poison\n|move|p2a: Maushold|Follow Me|p2a: Maushold\n|-singleturn|p2a: Maushold|move: Follow Me\n|move|p1b: Amoonguss|Rage Powder|p1b: Amoonguss\n|-singleturn|p1b: Amoonguss|move: Rage Powder\n|move|p1a: Flutter Mane|Dazzling Gleam|p2a: Maushold|[spread] p2a,p2b\n|-resisted|p2b: Annihilape\n|-damage|p2a: Maushold|26\/100\n|-damage|p2b: Annihilape|83\/100\n|move|p2b: Annihilape|Rage Fist|p1b: Amoonguss\n|-damage|p1b: Amoonguss|64\/100\n|-damage|p2b: Annihilape|67\/100|[from] item: Rocky Helmet|[of] p1b: Amoonguss\n|\n|-heal|p2b: Annihilape|73\/100|[from] item: Leftovers\n|upkeep\n|turn|2\n|\n|t:|1683402654\n|move|p1b: Amoonguss|Rage Powder|p1b: Amoonguss\n|-singleturn|p1b: Amoonguss|move: Rage Powder\n|move|p1a: Flutter Mane|Dazzling Gleam|p2b: Annihilape|[spread] p2a,p2b\n|-resisted|p2b: Annihilape\n|-damage|p2a: Maushold|0 fnt\n|-damage|p2b: Annihilape|56\/100\n|faint|p2a: Maushold\n|move|p2b: Annihilape|Rage Fist|p1b: Amoonguss\n|-damage|p1b: Amoonguss|10\/100\n|-damage|p2b: Annihilape|40\/100|[from] item: Rocky Helmet|[of] p1b: Amoonguss\n|\n|-heal|p2b: Annihilape|46\/100|[from] item: Leftovers\n|upkeep\n|\n|t:|1683402663\n|switch|p2a: Talonflame|Talonflame, L50, M|100\/100\n|turn|3\n|\n|t:|1683402674\n|-end|p1a: Flutter Mane|Protosynthesis|[silent]\n|switch|p1a: Gyarados|Gyarados, L50, M|100\/100\n|-ability|p1a: Gyarados|Intimidate|boost\n|-unboost|p2a: Talonflame|atk|1\n|-unboost|p2b: Annihilape|atk|1\n|-ability|p2b: Annihilape|Defiant|boost\n|-boost|p2b: Annihilape|atk|2\n|move|p2a: Talonflame|Taunt|p1b: Amoonguss\n|-start|p1b: Amoonguss|move: Taunt\n|move|p2b: Annihilape|Rage Fist|p1a: Gyarados\n|-damage|p1a: Gyarados|1\/100\n|-enditem|p1a: Gyarados|Sitrus Berry|[eat]\n|-heal|p1a: Gyarados|26\/100|[from] item: Sitrus Berry\n|cant|p1b: Amoonguss|move: Taunt|Spore\n|\n|-heal|p2b: Annihilape|52\/100|[from] item: Leftovers\n|upkeep\n|turn|4\n|\n|t:|1683402693\n|move|p2a: Talonflame|Brave Bird|p1a: Gyarados\n|-damage|p1a: Gyarados|0 fnt\n|faint|p1a: Gyarados\n|-damage|p2a: Talonflame|91\/100|[from] Recoil\n|move|p2b: Annihilape|Rage Fist|p1b: Amoonguss\n|-damage|p1b: Amoonguss|0 fnt\n|-damage|p2b: Annihilape|35\/100|[from] item: Rocky Helmet|[of] p1b: Amoonguss\n|faint|p1b: Amoonguss\n|\n|-heal|p2b: Annihilape|41\/100|[from] item: Leftovers\n|upkeep\n|\n|t:|1683402697\n|switch|p1a: Flutter Mane|Flutter Mane, L50, tera:Fairy|100\/100\n|switch|p1b: Garganacl|Garganacl, L50, M|100\/100\n|turn|5\n|\n|t:|1683402708\n|move|p2b: Annihilape|Protect|p2b: Annihilape\n|-singleturn|p2b: Annihilape|Protect\n|move|p1a: Flutter Mane|Shadow Ball|p2b: Annihilape\n|-activate|p2b: Annihilape|move: Protect\n|move|p2a: Talonflame|Tailwind|p2a: Talonflame\n|-sidestart|p2: Gill x Mayhem|move: Tailwind\n|move|p1b: Garganacl|Salt Cure|p2a: Talonflame\n|-supereffective|p2a: Talonflame\n|-crit|p2a: Talonflame\n|-damage|p2a: Talonflame|0 fnt\n|faint|p2a: Talonflame\n|\n|-heal|p2b: Annihilape|48\/100|[from] item: Leftovers\n|upkeep\n|\n|t:|1683402718\n|switch|p2a: Chien-Pao|Chien-Pao, L50|100\/100\n|-ability|p2a: Chien-Pao|Sword of Ruin\n|turn|6\n|\n|t:|1683402722\n|move|p2a: Chien-Pao|Sacred Sword|p1b: Garganacl\n|-supereffective|p1b: Garganacl\n|-damage|p1b: Garganacl|46\/100\n|move|p2b: Annihilape|Rage Fist|p1a: Flutter Mane\n|-damage|p1a: Flutter Mane|0 fnt\n|faint|p1a: Flutter Mane\n|-end|p1a: Flutter Mane|Protosynthesis|[silent]\n|move|p1b: Garganacl|Salt Cure|p2b: Annihilape\n|-damage|p2b: Annihilape|30\/100\n|-start|p2b: Annihilape|Salt Cure\n|\n|-heal|p2b: Annihilape|36\/100|[from] item: Leftovers\n|-heal|p1b: Garganacl|52\/100|[from] item: Leftovers\n|-damage|p2b: Annihilape|24\/100|[from] Salt Cure\n|upkeep\n|turn|7\n|\n|t:|1683402738\n|move|p1b: Garganacl|Protect|p1b: Garganacl\n|-singleturn|p1b: Garganacl|Protect\n|move|p2a: Chien-Pao|Sacred Sword|p1b: Garganacl\n|-activate|p1b: Garganacl|move: Protect\n|move|p2b: Annihilape|Drain Punch|p1b: Garganacl\n|-activate|p1b: Garganacl|move: Protect\n|\n|-heal|p2b: Annihilape|30\/100|[from] item: Leftovers\n|-heal|p1b: Garganacl|58\/100|[from] item: Leftovers\n|-damage|p2b: Annihilape|18\/100|[from] Salt Cure\n|upkeep\n|turn|8\n|\n|t:|1683402746\n|move|p2a: Chien-Pao|Sacred Sword|p1b: Garganacl\n|-supereffective|p1b: Garganacl\n|-damage|p1b: Garganacl|9\/100\n|move|p2b: Annihilape|Drain Punch|p1b: Garganacl\n|-supereffective|p1b: Garganacl\n|-damage|p1b: Garganacl|0 fnt\n|-heal|p2b: Annihilape|22\/100|[from] drain|[of] p1b: Garganacl\n|faint|p1b: Garganacl\n|\n|win|Gill x Mayhem\n|raw|BanLegacy ReaDynn's rating: 1350 → 1326<\/strong> (-24 for losing)\n|raw|Gill x Mayhem's rating: 1283 → 1313<\/strong> (+30 for winning)\n|l|\u2606BanLegacy ReaDynn\n","uploadtime":1683402760,"views":19,"p1id":"banlegacyreadynn","p2id":"gillxmayhem","formatid":"gen9vgc2023regulationc","rating":1313,"private":0,"password":""}