{"id":"gen9vgc2023regulationc-1853200983","p1":"Novacast","p2":"GB Seraphix","format":"[Gen 9] VGC 2023 Regulation C","log":"|j|\u2606Novacast\n|j|\u2606GB Seraphix\n|t:|1682647819\n|gametype|doubles\n|player|p1|Novacast|mars|1306\n|player|p2|GB Seraphix|rosa|1222\n|teamsize|p1|6\n|teamsize|p2|6\n|gen|9\n|tier|[Gen 9] VGC 2023 Regulation C\n|rated|\n|rule|Species Clause: Limit one of each Pok\u00e9mon\n|rule|Item Clause: Limit one of each item\n|clearpoke\n|poke|p1|Grimmsnarl, L50, M|\n|poke|p1|Annihilape, L50, M|\n|poke|p1|Ting-Lu, L50|\n|poke|p1|Amoonguss, L50, M|\n|poke|p1|Talonflame, L50, F|\n|poke|p1|Iron Bundle, L50|\n|poke|p2|Lurantis, L50, F|\n|poke|p2|Hatterene, L50, F|\n|poke|p2|Torkoal, L50, M|\n|poke|p2|Indeedee-F, L50, F|\n|poke|p2|Oranguru, L50, M|\n|poke|p2|Hariyama, L50, M|\n|teampreview|4\n|inactive|Battle timer is ON: inactive players will automatically lose when time's up. (requested by GB Seraphix)\n|inactiveoff|Battle timer is now OFF.\n|\n|t:|1682647924\n|start\n|switch|p1a: Amoonguss|Amoonguss, L50, M|100\/100\n|switch|p1b: Grimmsnarl|Grimmsnarl, L50, M|100\/100\n|switch|p2a: Hatterene|Hatterene, L50, F|100\/100\n|switch|p2b: Hariyama|Hariyama, L50, M|100\/100\n|turn|1\n|l|\u2606GB Seraphix\n|player|p2|\n|\n|t:|1682647943\n|move|p2b: Hariyama|Fake Out|p1a: Amoonguss\n|-damage|p1a: Amoonguss|88\/100\n|move|p1b: Grimmsnarl|Taunt|p2a: Hatterene\n|move|p2a: Hatterene|Taunt|p1b: Grimmsnarl|[from]ability: Magic Bounce\n|-start|p1b: Grimmsnarl|move: Taunt\n|cant|p1a: Amoonguss|flinch\n|move|p2a: Hatterene|Trick Room|p2a: Hatterene\n|-fieldstart|move: Trick Room|[of] p2a: Hatterene\n|\n|-status|p2b: Hariyama|brn|[from] item: Flame Orb\n|upkeep\n|turn|2\n|j|\u2606GB Seraphix\n|player|p2|GB Seraphix|rosa\n|\n|t:|1682647968\n|move|p2a: Hatterene|Psychic|p1a: Amoonguss\n|-supereffective|p1a: Amoonguss\n|-damage|p1a: Amoonguss|0 fnt\n|faint|p1a: Amoonguss\n|-damage|p2a: Hatterene|91\/100|[from] item: Life Orb\n|move|p2b: Hariyama|Close Combat|p1b: Grimmsnarl\n|-damage|p1b: Grimmsnarl|0 fnt\n|-unboost|p2b: Hariyama|def|1\n|-unboost|p2b: Hariyama|spd|1\n|faint|p1b: Grimmsnarl\n|\n|-damage|p2b: Hariyama|95\/100 brn|[from] brn\n|upkeep\n|\n|t:|1682647973\n|switch|p1a: Annihilape|Annihilape, L50, M|100\/100\n|switch|p1b: Talonflame|Talonflame, L50, F|100\/100\n|turn|3\n|\n|t:|1682647997\n|-terastallize|p1a: Annihilape|Fire\n|move|p2a: Hatterene|Dazzling Gleam|p1a: Annihilape|[spread] p1a,p1b\n|-resisted|p1a: Annihilape\n|-resisted|p1b: Talonflame\n|-damage|p1a: Annihilape|83\/100\n|-damage|p1b: Talonflame|72\/100\n|-damage|p2a: Hatterene|82\/100|[from] item: Life Orb\n|move|p2b: Hariyama|Knock Off|p1a: Annihilape\n|-damage|p1a: Annihilape|30\/100\n|-enditem|p1a: Annihilape|Safety Goggles|[from] move: Knock Off|[of] p2b: Hariyama\n|move|p1a: Annihilape|Rage Fist|p2a: Hatterene\n|-supereffective|p2a: Hatterene\n|-damage|p2a: Hatterene|0 fnt\n|faint|p2a: Hatterene\n|move|p1b: Talonflame|Brave Bird|p2b: Hariyama\n|-supereffective|p2b: Hariyama\n|-damage|p2b: Hariyama|0 fnt\n|faint|p2b: Hariyama\n|-damage|p1b: Talonflame|36\/100|[from] Recoil\n|\n|upkeep\n|\n|t:|1682648015\n|switch|p2a: Indeedee|Indeedee-F, L50, F|100\/100\n|switch|p2b: Torkoal|Torkoal, L50, M|100\/100\n|-weather|SunnyDay|[from] ability: Drought|[of] p2b: Torkoal\n|-fieldstart|move: Psychic Terrain|[from] ability: Psychic Surge|[of] p2a: Indeedee\n|-enditem|p2a: Indeedee|Psychic Seed\n|-boost|p2a: Indeedee|spd|1|[from] item: Psychic Seed\n|turn|4\n|\n|t:|1682648026\n|move|p2a: Indeedee|Helping Hand|p2b: Torkoal\n|-singleturn|p2b: Torkoal|Helping Hand|[of] p2a: Indeedee\n|move|p1a: Annihilape|Protect|p1a: Annihilape\n|-singleturn|p1a: Annihilape|Protect\n|move|p2b: Torkoal|Eruption|p1a: Annihilape|[spread] p1b\n|-activate|p1a: Annihilape|move: Protect\n|-resisted|p1b: Talonflame\n|-damage|p1b: Talonflame|0 fnt\n|faint|p1b: Talonflame\n|\n|-weather|SunnyDay|[upkeep]\n|upkeep\n|turn|5\n|\n|t:|1682648043\n|move|p2a: Indeedee|Helping Hand|p2b: Torkoal\n|-singleturn|p2b: Torkoal|Helping Hand|[of] p2a: Indeedee\n|move|p1a: Annihilape|Protect|p1a: Annihilape\n|-singleturn|p1a: Annihilape|Protect\n|move|p2b: Torkoal|Eruption|p1a: Annihilape\n|-activate|p1a: Annihilape|move: Protect\n|\n|-weather|SunnyDay|[upkeep]\n|-fieldend|move: Trick Room\n|upkeep\n|turn|6\n|\n|t:|1682648054\n|move|p2a: Indeedee|Follow Me|p2a: Indeedee\n|-singleturn|p2a: Indeedee|move: Follow Me\n|move|p1a: Annihilape|Drain Punch|p2a: Indeedee\n|-damage|p2a: Indeedee|68\/100\n|-heal|p1a: Annihilape|45\/100|[from] drain|[of] p2a: Indeedee\n|move|p2b: Torkoal|Eruption|p1a: Annihilape\n|-resisted|p1a: Annihilape\n|-damage|p1a: Annihilape|13\/100\n|\n|-weather|SunnyDay|[upkeep]\n|upkeep\n|turn|7\n|\n|t:|1682648075\n|move|p2a: Indeedee|Follow Me|p2a: Indeedee\n|-singleturn|p2a: Indeedee|move: Follow Me\n|move|p1a: Annihilape|Drain Punch|p2a: Indeedee\n|-damage|p2a: Indeedee|36\/100\n|-heal|p1a: Annihilape|28\/100|[from] drain|[of] p2a: Indeedee\n|move|p2b: Torkoal|Eruption|p1a: Annihilape\n|-resisted|p1a: Annihilape\n|-damage|p1a: Annihilape|0 fnt\n|faint|p1a: Annihilape\n|\n|win|GB Seraphix\n|raw|Novacast's rating: 1306 → 1281<\/strong> (-25 for losing)\n|raw|GB Seraphix's rating: 1222 → 1253<\/strong> (+31 for winning)\n|l|\u2606Novacast\n","uploadtime":1682648087,"views":15,"p1id":"novacast","p2id":"gbseraphix","formatid":"gen9vgc2023regulationc","rating":1253,"private":0,"password":""}