{"id":"gen9vgc2023regulationc-1860871032","p1":"ZeerRanger","p2":"6Roggenrolas","format":"[Gen 9] VGC 2023 Regulation C","log":"|j|\u2606ZeerRanger\n|j|\u26066Roggenrolas\n|t:|1683688338\n|gametype|doubles\n|player|p1|ZeerRanger|1|1368\n|player|p2|6Roggenrolas|schoolkid-gen4dp|1352\n|teamsize|p1|6\n|teamsize|p2|6\n|gen|9\n|tier|[Gen 9] VGC 2023 Regulation C\n|rated|\n|rule|Species Clause: Limit one of each Pok\u00e9mon\n|rule|Item Clause: Limit one of each item\n|clearpoke\n|poke|p1|Stonjourner, L50, M|\n|poke|p1|Kingambit, L50, M|\n|poke|p1|Arcanine, L50, M|\n|poke|p1|Palafin, L50, F|\n|poke|p1|Amoonguss, L50, M|\n|poke|p1|Flutter Mane, L50|\n|poke|p2|Gholdengo, L50|\n|poke|p2|Iron Bundle, L50|\n|poke|p2|Mimikyu, L50, F|\n|poke|p2|Tauros-Paldea-Blaze, L50, M|\n|poke|p2|Maushold, L50|\n|poke|p2|Dragonite, L50, F|\n|teampreview|4\n|\n|t:|1683688382\n|start\n|switch|p1a: Stonjourner|Stonjourner, L50, M|100\/100\n|switch|p1b: Flutter Mane|Flutter Mane, L50|100\/100\n|switch|p2a: Wet Sack|Iron Bundle, L50|100\/100\n|switch|p2b: grumble|Tauros-Paldea-Blaze, L50, M|100\/100\n|-ability|p2b: grumble|Intimidate|boost\n|-unboost|p1a: Stonjourner|atk|1\n|-unboost|p1b: Flutter Mane|atk|1\n|-enditem|p2a: Wet Sack|Booster Energy\n|-activate|p2a: Wet Sack|ability: Quark Drive|[fromitem]\n|-start|p2a: Wet Sack|quarkdrivespe\n|turn|1\n|\n|t:|1683688402\n|move|p1b: Flutter Mane|Protect|p1b: Flutter Mane\n|-singleturn|p1b: Flutter Mane|Protect\n|move|p1a: Stonjourner|Protect|p1a: Stonjourner\n|-singleturn|p1a: Stonjourner|Protect\n|move|p2a: Wet Sack|Icy Wind|p1b: Flutter Mane|[spread] \n|-activate|p1a: Stonjourner|move: Protect\n|-activate|p1b: Flutter Mane|move: Protect\n|move|p2b: grumble|Flare Blitz|p1b: Flutter Mane\n|-activate|p1b: Flutter Mane|move: Protect\n|\n|upkeep\n|turn|2\n|\n|t:|1683688415\n|-end|p1b: Flutter Mane|Protosynthesis|[silent]\n|switch|p1b: Arcanine|Arcanine, L50, M|100\/100\n|-ability|p1b: Arcanine|Intimidate|boost\n|-unboost|p2a: Wet Sack|atk|1\n|-unboost|p2b: grumble|atk|1\n|move|p1a: Stonjourner|Wide Guard|p1a: Stonjourner\n|-singleturn|p1a: Stonjourner|Wide Guard\n|move|p2a: Wet Sack|Icy Wind|p1b: Arcanine|[spread] \n|-activate|p1a: Stonjourner|move: Wide Guard\n|-activate|p1b: Arcanine|move: Wide Guard\n|move|p2b: grumble|Flare Blitz|p1b: Arcanine\n|-resisted|p1b: Arcanine\n|-damage|p1b: Arcanine|81\/100\n|-damage|p2b: grumble|94\/100|[from] Recoil\n|\n|upkeep\n|turn|3\n|\n|t:|1683688435\n|move|p2a: Wet Sack|Protect|p2a: Wet Sack\n|-singleturn|p2a: Wet Sack|Protect\n|move|p1b: Arcanine|Protect|p1b: Arcanine\n|-singleturn|p1b: Arcanine|Protect\n|move|p2b: grumble|Close Combat|p1a: Stonjourner\n|-supereffective|p1a: Stonjourner\n|-damage|p1a: Stonjourner|53\/100\n|-unboost|p2b: grumble|def|1\n|-unboost|p2b: grumble|spd|1\n|move|p1a: Stonjourner|Rock Slide|p2b: grumble|[spread] p2b\n|-activate|p2a: Wet Sack|move: Protect\n|-damage|p2b: grumble|63\/100\n|\n|upkeep\n|turn|4\n|\n|t:|1683688478\n|switch|p1a: Flutter Mane|Flutter Mane, L50|100\/100\n|move|p1b: Arcanine|Protect|p1b: Arcanine\n|-singleturn|p1b: Arcanine|Protect\n|move|p2a: Wet Sack|Hydro Pump|p1b: Arcanine\n|-activate|p1b: Arcanine|move: Protect\n|move|p2b: grumble|Will-O-Wisp|p1a: Flutter Mane\n|-status|p1a: Flutter Mane|brn\n|\n|-damage|p1a: Flutter Mane|94\/100 brn|[from] brn\n|upkeep\n|turn|5\n|\n|t:|1683688510\n|switch|p2b: used napkin 2|Mimikyu, L50, F|100\/100\n|switch|p1b: Stonjourner|Stonjourner, L50, M|53\/100\n|move|p2a: Wet Sack|Protect|p2a: Wet Sack\n|-singleturn|p2a: Wet Sack|Protect\n|move|p1a: Flutter Mane|Protect||[still]\n|-fail|p1a: Flutter Mane\n|\n|-damage|p1a: Flutter Mane|88\/100 brn|[from] brn\n|upkeep\n|turn|6\n|\n|t:|1683688562\n|switch|p1b: Kingambit|Kingambit, L50, M|100\/100\n|move|p1a: Flutter Mane|Protect|p1a: Flutter Mane\n|-singleturn|p1a: Flutter Mane|Protect\n|move|p2a: Wet Sack|Freeze-Dry|p1b: Kingambit\n|-resisted|p1b: Kingambit\n|-damage|p1b: Kingambit|83\/100\n|move|p2b: used napkin 2|Shadow Claw|p1a: Flutter Mane\n|-activate|p1a: Flutter Mane|move: Protect\n|\n|-damage|p1a: Flutter Mane|82\/100 brn|[from] brn\n|upkeep\n|turn|7\n|\n|t:|1683688592\n|-end|p1a: Flutter Mane|Protosynthesis|[silent]\n|switch|p1a: Arcanine|Arcanine, L50, M|81\/100\n|-ability|p1a: Arcanine|Intimidate|boost\n|-unboost|p2a: Wet Sack|atk|1\n|-unboost|p2b: used napkin 2|atk|1\n|move|p1b: Kingambit|Sucker Punch|p2b: used napkin 2\n|-activate|p2b: used napkin 2|ability: Disguise\n|-damage|p2b: used napkin 2|100\/100\n|detailschange|p2b: used napkin 2|Mimikyu-Busted, L50, F\n|-damage|p2b: used napkin 2|88\/100|[from] pokemon: Mimikyu-Busted\n|move|p2a: Wet Sack|Hydro Pump|p1b: Kingambit|[miss]\n|-miss|p2a: Wet Sack|p1b: Kingambit\n|move|p2b: used napkin 2|Play Rough|p1b: Kingambit\n|-damage|p1b: Kingambit|56\/100\n|-damage|p2b: used napkin 2|79\/100|[from] item: Life Orb\n|\n|upkeep\n|turn|8\n|\n|t:|1683688644\n|switch|p2b: S P E E D|Dragonite, L50, F|100\/100\n|move|p2a: Wet Sack|Protect|p2a: Wet Sack\n|-singleturn|p2a: Wet Sack|Protect\n|move|p1b: Kingambit|Protect|p1b: Kingambit\n|-singleturn|p1b: Kingambit|Protect\n|move|p1a: Arcanine|Howl|p1a: Arcanine|[spread] p1a,p1b\n|-boost|p1a: Arcanine|atk|1\n|-boost|p1b: Kingambit|atk|1\n|\n|upkeep\n|turn|9\n|\n|t:|1683688678\n|switch|p1b: Flutter Mane|Flutter Mane, L50|82\/100 brn\n|move|p2a: Wet Sack|Hydro Pump|p1a: Arcanine\n|-supereffective|p1a: Arcanine\n|-damage|p1a: Arcanine|0 fnt\n|faint|p1a: Arcanine\n|move|p2b: S P E E D|Low Kick|p1b: Flutter Mane\n|-immune|p1b: Flutter Mane\n|\n|-damage|p1b: Flutter Mane|76\/100 brn|[from] brn\n|upkeep\n|\n|t:|1683688688\n|switch|p1a: Stonjourner|Stonjourner, L50, M|53\/100\n|turn|10\n|\n|t:|1683688704\n|-terastallize|p2b: S P E E D|Flying\n|move|p2a: Wet Sack|Freeze-Dry|p1a: Stonjourner\n|-damage|p1a: Stonjourner|0 fnt\n|faint|p1a: Stonjourner\n|move|p1b: Flutter Mane|Dazzling Gleam|p2a: Wet Sack|[spread] p2a,p2b\n|-damage|p2a: Wet Sack|9\/100\n|-damage|p2b: S P E E D|76\/100\n|-damage|p1b: Flutter Mane|66\/100 brn|[from] item: Life Orb\n|move|p2b: S P E E D|Tera Blast|p1b: Flutter Mane\n|-damage|p1b: Flutter Mane|0 fnt\n|faint|p1b: Flutter Mane\n|-end|p1b: Flutter Mane|Protosynthesis|[silent]\n|\n|upkeep\n|\n|t:|1683688716\n|switch|p1b: Kingambit|Kingambit, L50, M|56\/100\n|turn|11\n|\n|t:|1683688723\n|-terastallize|p1b: Kingambit|Dark\n|move|p2a: Wet Sack|Protect|p2a: Wet Sack\n|-singleturn|p2a: Wet Sack|Protect\n|move|p1b: Kingambit|Sucker Punch|p2b: S P E E D\n|-damage|p2b: S P E E D|13\/100\n|move|p2b: S P E E D|Low Kick|p1b: Kingambit\n|-supereffective|p1b: Kingambit\n|-damage|p1b: Kingambit|0 fnt\n|faint|p1b: Kingambit\n|\n|win|6Roggenrolas\n|raw|ZeerRanger's rating: 1368 → 1347<\/strong> (-21 for losing)\n|raw|6Roggenrolas's rating: 1352 → 1373<\/strong> (+21 for winning)\n|l|\u2606ZeerRanger\n","uploadtime":1683688734,"views":20,"p1id":"zeerranger","p2id":"6roggenrolas","formatid":"gen9vgc2023regulationc","rating":1347,"private":0,"password":""}