{"id":"gen9vgc2023regulationc-1861899604","p1":"TheWigletts","p2":"TypicalAndyy","format":"[Gen 9] VGC 2023 Regulation C","log":"|j|\u2606TheWigletts\n|j|\u2606TypicalAndyy\n|t:|1683819090\n|gametype|doubles\n|player|p1|TheWigletts|101|\n|player|p2|TypicalAndyy|266|\n|teamsize|p1|6\n|teamsize|p2|6\n|gen|9\n|tier|[Gen 9] VGC 2023 Regulation C\n|rated|Tournament battle\n|rule|Species Clause: Limit one of each Pok\u00e9mon\n|rule|Item Clause: Limit one of each item\n|clearpoke\n|poke|p1|Amoonguss, L50, M|\n|poke|p1|Iron Hands, L50|\n|poke|p1|Flutter Mane, L50|\n|poke|p1|Arcanine, L50, F|\n|poke|p1|Palafin, L50, M|\n|poke|p1|Pelipper, L50, M|\n|poke|p2|Dragapult, L50, M|\n|poke|p2|Glimmora, L50, M|\n|poke|p2|Chien-Pao, L50|\n|poke|p2|Iron Hands, L50|\n|poke|p2|Corviknight, L50, F|\n|poke|p2|Gastrodon-East, L50, F|\n|teampreview|4\n|raw| Open Team Sheet for TheWigletts<\/summary>Amoonguss @ Sitrus Berry Ability: Regenerator Level: 50 Tera Type: Steel - Protect - Pollen Puff - Spore - Rage Powder Iron Hands @ Assault Vest Ability: Quark Drive Level: 50 Tera Type: Grass - Wild Charge - Drain Punch - Fake Out - Volt Switch Flutter Mane @ Choice Specs Ability: Protosynthesis Level: 50 Tera Type: Fairy - Moonblast - Shadow Ball - Thunder - Dazzling Gleam Arcanine @ Safety Goggles Ability: Intimidate Level: 50 Tera Type: Grass - Protect - Flare Blitz - Extreme Speed - Will-O-Wisp Palafin @ Mystic Water Ability: Zero to Hero Level: 50 Tera Type: Water - Protect - Wave Crash - Haze - Jet Punch Pelipper @ Yache Berry Ability: Drizzle Level: 50 Tera Type: Dark - Protect - Chilling Water - Hurricane - Wide Guard <\/details><\/div> Open Team Sheet for TypicalAndyy<\/summary>Dragapult (M) @ Choice Band Ability: Clear Body Level: 50 Shiny: Yes Tera Type: Fire - Tera Blast - Phantom Force - U-turn - Dragon Darts Glimmora @ Life Orb Ability: Toxic Debris Level: 50 Tera Type: Grass - Energy Ball - Power Gem - Spiky Shield - Sludge Wave Chien-Pao @ Focus Sash Ability: Sword of Ruin Level: 50 Tera Type: Ghost - Haze - Sucker Punch - Protect - Ice Spinner Iron Hands @ Assault Vest Ability: Quark Drive Level: 50 Tera Type: Water - Earthquake - Drain Punch - Fake Out - Wild Charge Corviknight (F) @ Safety Goggles Ability: Mirror Armor Level: 50 Shiny: Yes Tera Type: Dragon - Tailwind - Iron Head - Protect - Brave Bird Gastrodon (Gastrodon-East) (F) @ Leftovers Ability: Storm Drain Level: 50 Shiny: Yes Tera Type: Steel - Yawn - Earth Power - Protect - Muddy Water <\/details><\/div>\n|inactive|Battle timer is ON: inactive players will automatically lose when time's up. (requested by TheWigletts)\n|j| rg3r\n|l| rg3r\n|j| Radio Free C-Side\n|j| FunneeMonkee\n|c|\u2606TheWigletts|i like LO Glimm\n|c|\u2606TheWigletts|thats a cool choice\n|c|\u2606TypicalAndyy|ty\n|inactive|TheWigletts has 60 seconds left.\n|c|\u2606TypicalAndyy|glhf\n|j| SlowHomie\n|c|\u2606TheWigletts|hf\n|j|%Therazer456\n|\n|t:|1683819135\n|start\n|switch|p1a: Iron Hands|Iron Hands, L50|100\/100\n|switch|p1b: Flutter Mane|Flutter Mane, L50|100\/100\n|switch|p2a: Glimmora|Glimmora, L50, M|100\/100\n|switch|p2b: Corviknight|Corviknight, L50, F, shiny|100\/100\n|turn|1\n|inactive|TheWigletts has 30 seconds left.\n|\n|t:|1683819165\n|-end|p1b: Flutter Mane|Protosynthesis|[silent]\n|switch|p1b: Amoonguss|Amoonguss, L50, M|100\/100\n|move|p2a: Glimmora|Spiky Shield|p2a: Glimmora\n|-singleturn|p2a: Glimmora|move: Protect\n|move|p2b: Corviknight|Protect|p2b: Corviknight\n|-singleturn|p2b: Corviknight|Protect\n|move|p1a: Iron Hands|Wild Charge|p2b: Corviknight\n|-activate|p2b: Corviknight|move: Protect\n|\n|upkeep\n|turn|2\n|j| Hamanathnath\n|inactive|TypicalAndyy has 30 seconds left.\n|\n|t:|1683819196\n|-terastallize|p2a: Glimmora|Grass\n|-terastallize|p1b: Amoonguss|Steel\n|move|p2a: Glimmora|Sludge Wave|p1a: Iron Hands|[spread] p1a\n|-immune|p2b: Corviknight\n|-immune|p1b: Amoonguss\n|-damage|p1a: Iron Hands|79\/100\n|-damage|p2a: Glimmora|91\/100|[from] item: Life Orb\n|move|p2b: Corviknight|Tailwind|p2b: Corviknight\n|-sidestart|p2: TypicalAndyy|move: Tailwind\n|move|p1a: Iron Hands|Wild Charge|p2b: Corviknight\n|-supereffective|p2b: Corviknight\n|-damage|p2b: Corviknight|20\/100\n|-damage|p1a: Iron Hands|63\/100|[from] Recoil\n|move|p1b: Amoonguss|Spore|p2a: Glimmora\n|-immune|p2a: Glimmora\n|\n|upkeep\n|turn|3\n|j| higashi no gab\n|inactive|TypicalAndyy has 30 seconds left.\n|c|\u2606TypicalAndyy|havent seen tera steel amoon yet lol\n|inactive|TypicalAndyy has 20 seconds left.\n|inactive|TypicalAndyy has 15 seconds left.\n|c|\u2606TheWigletts|its been strangely alright\n|\n|t:|1683819239\n|switch|p2b: Gastrodon|Gastrodon-East, L50, F, shiny|100\/100\n|move|p2a: Glimmora|Power Gem|p1b: Amoonguss\n|-resisted|p1b: Amoonguss\n|-damage|p1b: Amoonguss|79\/100\n|-damage|p2a: Glimmora|81\/100|[from] item: Life Orb\n|move|p1a: Iron Hands|Drain Punch|p2b: Gastrodon\n|-damage|p2b: Gastrodon|64\/100\n|-heal|p1a: Iron Hands|78\/100|[from] drain|[of] p2b: Gastrodon\n|move|p1b: Amoonguss|Pollen Puff|p1a: Iron Hands\n|-heal|p1a: Iron Hands|100\/100\n|\n|-heal|p2b: Gastrodon|70\/100|[from] item: Leftovers\n|upkeep\n|turn|4\n|inactive|TypicalAndyy has 30 seconds left.\n|c| Radio Free C-Side|no earth power? surprising tbh\n|\n|t:|1683819273\n|switch|p2a: Iron Hands|Iron Hands, L50|100\/100\n|move|p2b: Gastrodon|Yawn|p1b: Amoonguss\n|-start|p1b: Amoonguss|move: Yawn|[of] p2b: Gastrodon\n|move|p1a: Iron Hands|Drain Punch|p2a: Iron Hands\n|-damage|p2a: Iron Hands|73\/100\n|move|p1b: Amoonguss|Spore|p2b: Gastrodon\n|-status|p2b: Gastrodon|slp|[from] move: Spore\n|\n|-heal|p2b: Gastrodon|76\/100 slp|[from] item: Leftovers\n|upkeep\n|turn|5\n|inactive|TypicalAndyy has 30 seconds left.\n|\n|t:|1683819302\n|switch|p1b: Arcanine|Arcanine, L50, F|100\/100\n|-ability|p1b: Arcanine|Intimidate|boost\n|-unboost|p2a: Iron Hands|atk|1\n|-unboost|p2b: Gastrodon|atk|1\n|move|p2a: Iron Hands|Wild Charge|p1b: Arcanine\n|-damage|p1b: Arcanine|64\/100\n|-damage|p2a: Iron Hands|66\/100|[from] Recoil\n|cant|p2b: Gastrodon|slp\n|move|p1a: Iron Hands|Drain Punch|p2b: Gastrodon\n|-damage|p2b: Gastrodon|36\/100 slp\n|\n|-heal|p2b: Gastrodon|42\/100 slp|[from] item: Leftovers\n|-sideend|p2: TypicalAndyy|move: Tailwind\n|upkeep\n|turn|6\n|\n|t:|1683819324\n|-end|p2a: Iron Hands|Quark Drive|[silent]\n|switch|p2a: Glimmora|Glimmora, L50, M, tera:Grass|81\/100\n|move|p1b: Arcanine|Will-O-Wisp|p2a: Glimmora\n|-status|p2a: Glimmora|brn\n|move|p1a: Iron Hands|Drain Punch|p2b: Gastrodon\n|-damage|p2b: Gastrodon|3\/100 slp\n|cant|p2b: Gastrodon|slp\n|\n|-heal|p2b: Gastrodon|10\/100 slp|[from] item: Leftovers\n|-damage|p2a: Glimmora|74\/100 brn|[from] brn\n|upkeep\n|turn|7\n|l| Hamanathnath\n|l| SlowHomie\n|\n|t:|1683819348\n|switch|p2a: Iron Hands|Iron Hands, L50|66\/100\n|switch|p1b: Amoonguss|Amoonguss, L50, M, tera:Steel|100\/100\n|move|p1a: Iron Hands|Drain Punch|p2b: Gastrodon\n|-damage|p2b: Gastrodon|0 fnt\n|faint|p2b: Gastrodon\n|\n|upkeep\n|\n|t:|1683819363\n|switch|p2b: Corviknight|Corviknight, L50, F, shiny|20\/100\n|turn|8\n|c|\u2606TypicalAndyy|i think im walled here :\/\n|\n|t:|1683819381\n|switch|p1b: Arcanine|Arcanine, L50, F|64\/100\n|-ability|p1b: Arcanine|Intimidate|boost\n|-unboost|p2a: Iron Hands|atk|1\n|-ability|p2b: Corviknight|Mirror Armor\n|-unboost|p1b: Arcanine|atk|1\n|move|p2b: Corviknight|Tailwind|p2b: Corviknight\n|-sidestart|p2: TypicalAndyy|move: Tailwind\n|move|p2a: Iron Hands|Earthquake|p1b: Arcanine|[spread] p1a,p1b\n|-immune|p2b: Corviknight\n|-supereffective|p1a: Iron Hands\n|-supereffective|p1b: Arcanine\n|-damage|p1a: Iron Hands|70\/100\n|-damage|p1b: Arcanine|20\/100\n|move|p1a: Iron Hands|Drain Punch|p2b: Corviknight\n|-damage|p2b: Corviknight|0 fnt\n|-heal|p1a: Iron Hands|79\/100|[from] drain|[of] p2b: Corviknight\n|faint|p2b: Corviknight\n|\n|upkeep\n|\n|t:|1683819395\n|switch|p2b: Glimmora|Glimmora, L50, M, tera:Grass|74\/100 brn\n|turn|9\n|c|\u2606TheWigletts|Yeah no recovery on any of your bulky mons\n|c|\u2606TheWigletts|hurts a lot\n|\n|t:|1683819407\n|move|p1b: Arcanine|Protect|p1b: Arcanine\n|-singleturn|p1b: Arcanine|Protect\n|move|p2b: Glimmora|Energy Ball|p1a: Iron Hands\n|-damage|p1a: Iron Hands|47\/100\n|-damage|p2b: Glimmora|64\/100 brn|[from] item: Life Orb\n|move|p2a: Iron Hands|Earthquake|p1b: Arcanine|[spread] p2b,p1a\n|-activate|p1b: Arcanine|move: Protect\n|-resisted|p2b: Glimmora\n|-supereffective|p1a: Iron Hands\n|-damage|p2b: Glimmora|51\/100 brn\n|-damage|p1a: Iron Hands|22\/100\n|-activate|p2b: Glimmora|ability: Toxic Debris\n|-sidestart|p1: TheWigletts|move: Toxic Spikes\n|move|p1a: Iron Hands|Drain Punch|p2a: Iron Hands\n|-damage|p2a: Iron Hands|37\/100\n|-heal|p1a: Iron Hands|36\/100|[from] drain|[of] p2a: Iron Hands\n|\n|-damage|p2b: Glimmora|45\/100 brn|[from] brn\n|upkeep\n|turn|10\n|j| RickKarsdrop\n|j| Cammyrupt2\n|inactive|TypicalAndyy has 30 seconds left.\n|\n|t:|1683819437\n|move|p1b: Arcanine|Extreme Speed|p2b: Glimmora\n|-damage|p2b: Glimmora|28\/100 brn\n|-activate|p2b: Glimmora|ability: Toxic Debris\n|-sidestart|p1: TheWigletts|move: Toxic Spikes\n|move|p2b: Glimmora|Energy Ball|p1a: Iron Hands\n|-damage|p1a: Iron Hands|7\/100\n|-damage|p2b: Glimmora|18\/100 brn|[from] item: Life Orb\n|move|p2a: Iron Hands|Earthquake|p1a: Iron Hands|[spread] p2b,p1a,p1b\n|-resisted|p2b: Glimmora\n|-supereffective|p1a: Iron Hands\n|-crit|p1a: Iron Hands\n|-supereffective|p1b: Arcanine\n|-damage|p2b: Glimmora|7\/100 brn\n|-damage|p1a: Iron Hands|0 fnt\n|-damage|p1b: Arcanine|0 fnt\n|faint|p1a: Iron Hands\n|-end|p1a: Iron Hands|Quark Drive|[silent]\n|faint|p1b: Arcanine\n|\n|-damage|p2b: Glimmora|0 fnt|[from] brn\n|faint|p2b: Glimmora\n|upkeep\n|\n|t:|1683819442\n|switch|p1b: Flutter Mane|Flutter Mane, L50|100\/100\n|switch|p1a: Amoonguss|Amoonguss, L50, M, tera:Steel|100\/100\n|-status|p1b: Flutter Mane|tox\n|turn|11\n|\n|t:|1683819447\n|move|p1a: Amoonguss|Rage Powder|p1a: Amoonguss\n|-singleturn|p1a: Amoonguss|move: Rage Powder\n|move|p1b: Flutter Mane|Moonblast|p2a: Iron Hands\n|-supereffective|p2a: Iron Hands\n|-damage|p2a: Iron Hands|0 fnt\n|faint|p2a: Iron Hands\n|-end|p2a: Iron Hands|Quark Drive|[silent]\n|\n|win|TheWigletts\n|n|\u2606TheWigletts|thewigletts\n|n|\u2606TypicalAndyy|typicalandyy\n|n| Radio Free C-Side|radiofreecside\n|n| FunneeMonkee|funneemonkee\n|n| Therazer456|therazer456\n|n| higashi no gab|higashinogab\n|n| RickKarsdrop|rickkarsdrop\n|n| Cammyrupt2|cammyrupt2\n","uploadtime":1683819449,"views":7,"p1id":"thewigletts","p2id":"typicalandyy","formatid":"gen9vgc2023regulationc","rating":0,"private":0,"password":""}