{"id":"gen9vgc2023regulationc-1851613136","p1":"chi yu hear me out","p2":"aeon_Twins","format":"[Gen 9] VGC 2023 Regulation C","log":"|j|\u2606chi yu hear me out\n|j|\u2606aeon_Twins\n|t:|1682461256\n|gametype|doubles\n|player|p1|chi yu hear me out|preschoolerf|\n|player|p2|aeon_Twins|harlequin|\n|teamsize|p1|6\n|teamsize|p2|6\n|gen|9\n|tier|[Gen 9] VGC 2023 Regulation C\n|rated|Tournament battle\n|rule|Species Clause: Limit one of each Pok\u00e9mon\n|rule|Item Clause: Limit one of each item\n|clearpoke\n|poke|p1|Flutter Mane, L50|\n|poke|p1|Ting-Lu, L50|\n|poke|p1|Arcanine, L50, M|\n|poke|p1|Baxcalibur, L50, F|\n|poke|p1|Amoonguss, L50, F|\n|poke|p1|Palafin, L50, M|\n|poke|p2|Iron Bundle, L50|\n|poke|p2|Abomasnow, L50, F|\n|poke|p2|Chi-Yu, L50|\n|poke|p2|Flutter Mane, L50|\n|poke|p2|Great Tusk, L50|\n|poke|p2|Corviknight, L50, M|\n|teampreview|4\n|raw| Open Team Sheet for chi yu hear me out<\/summary>Flutter Mane @ Booster Energy Ability: Protosynthesis Level: 50 Tera Type: Fairy - Moonblast - Hex - Dazzling Gleam - Protect Ting-Lu @ Assault Vest Ability: Vessel of Ruin Level: 50 Tera Type: Water - Stomping Tantrum - Ruination - Heavy Slam - Fissure Arcanine @ Safety Goggles Ability: Intimidate Level: 50 Tera Type: Flying - Flare Blitz - Will-O-Wisp - Howl - Extreme Speed Baxcalibur @ Clear Amulet Ability: Thermal Exchange Level: 50 Tera Type: Poison - Icicle Crash - Glaive Rush - Ice Shard - Protect Amoonguss @ Sitrus Berry Ability: Regenerator Level: 50 Tera Type: Steel - Spore - Rage Powder - Pollen Puff - Clear Smog Palafin @ Mystic Water Ability: Zero to Hero Level: 50 Tera Type: Water - Jet Punch - Wave Crash - Protect - Close Combat <\/details><\/div> Open Team Sheet for aeon_Twins<\/summary>Fast Mezza (Iron Bundle) @ Booster Energy Ability: Quark Drive Level: 50 Tera Type: Ghost - Hydro Pump - Freeze-Dry - Icy Wind - Aurora Veil Slow Mezza (Abomasnow) @ Assault Vest Ability: Snow Warning Level: 50 Tera Type: Water - Ice Shard - Earth Power - Giga Drain - Blizzard Chi-Yu @ Life Orb Ability: Beads of Ruin Level: 50 Tera Type: Ghost - Heat Wave - Overheat - Dark Pulse - Protect Flutter Mane @ Choice Specs Ability: Protosynthesis Level: 50 Tera Type: Fairy - Moonblast - Shadow Ball - Dazzling Gleam - Thunderbolt Great Tusk @ Choice Scarf Ability: Protosynthesis Level: 50 Hidden Power: Fighting Tera Type: Steel - Headlong Rush - Earthquake - Close Combat - Rock Slide Corviknight @ Leftovers Ability: Mirror Armor Level: 50 Tera Type: Fire - Brave Bird - Iron Head - Tailwind - Protect <\/details><\/div>\n|\n|t:|1682461281\n|start\n|switch|p1a: Ting-Lu|Ting-Lu, L50|100\/100\n|switch|p1b: Palafin|Palafin, L50, M|100\/100\n|switch|p2a: Fast Mezza|Iron Bundle, L50|100\/100\n|switch|p2b: Flutter Mane|Flutter Mane, L50|100\/100\n|-ability|p1a: Ting-Lu|Vessel of Ruin\n|-enditem|p2a: Fast Mezza|Booster Energy\n|-activate|p2a: Fast Mezza|ability: Quark Drive|[fromitem]\n|-start|p2a: Fast Mezza|quarkdrivespe\n|turn|1\n|\n|t:|1682461302\n|detailschange|p1b: Palafin|Palafin-Hero, L50, M\n|switch|p1b: Amoonguss|Amoonguss, L50, F|100\/100\n|-terastallize|p1a: Ting-Lu|Water\n|move|p2a: Fast Mezza|Freeze-Dry|p1b: Amoonguss\n|-supereffective|p1b: Amoonguss\n|-damage|p1b: Amoonguss|51\/100\n|move|p2b: Flutter Mane|Dazzling Gleam|p1a: Ting-Lu|[spread] p1a,p1b\n|-resisted|p1b: Amoonguss\n|-damage|p1a: Ting-Lu|86\/100\n|-damage|p1b: Amoonguss|34\/100\n|-enditem|p1b: Amoonguss|Sitrus Berry|[eat]\n|-heal|p1b: Amoonguss|59\/100|[from] item: Sitrus Berry\n|move|p1a: Ting-Lu|Heavy Slam|p2b: Flutter Mane\n|-supereffective|p2b: Flutter Mane\n|-damage|p2b: Flutter Mane|0 fnt\n|faint|p2b: Flutter Mane\n|-end|p2b: Flutter Mane|Protosynthesis|[silent]\n|\n|upkeep\n|j| gundojuan8\n|\n|t:|1682461312\n|switch|p2b: Slow Mezza|Abomasnow, L50, F|100\/100\n|-weather|Snow|[from] ability: Snow Warning|[of] p2b: Slow Mezza\n|turn|2\n|\n|t:|1682461340\n|switch|p1b: Arcanine|Arcanine, L50, M|100\/100\n|-ability|p1b: Arcanine|Intimidate|boost\n|-unboost|p2a: Fast Mezza|atk|1\n|-unboost|p2b: Slow Mezza|atk|1\n|move|p2a: Fast Mezza|Aurora Veil|p2a: Fast Mezza\n|-sidestart|p2: aeon_Twins|move: Aurora Veil\n|move|p2b: Slow Mezza|Blizzard|p1a: Ting-Lu|[spread] p1a,p1b\n|-resisted|p1a: Ting-Lu\n|-resisted|p1b: Arcanine\n|-damage|p1a: Ting-Lu|80\/100\n|-damage|p1b: Arcanine|87\/100\n|move|p1a: Ting-Lu|Ruination|p2a: Fast Mezza\n|-damage|p2a: Fast Mezza|51\/100\n|\n|-weather|Snow|[upkeep]\n|upkeep\n|turn|3\n|\n|t:|1682461363\n|switch|p1b: Amoonguss|Amoonguss, L50, F|92\/100\n|-terastallize|p2b: Slow Mezza|Water\n|move|p2a: Fast Mezza|Hydro Pump|p1b: Amoonguss\n|-resisted|p1b: Amoonguss\n|-damage|p1b: Amoonguss|73\/100\n|move|p2b: Slow Mezza|Giga Drain|p1a: Ting-Lu\n|-supereffective|p1a: Ting-Lu\n|-damage|p1a: Ting-Lu|55\/100\n|move|p1a: Ting-Lu|Fissure|p2a: Fast Mezza|[miss]\n|-miss|p1a: Ting-Lu|p2a: Fast Mezza\n|\n|-weather|Snow|[upkeep]\n|upkeep\n|turn|4\n|\n|t:|1682461383\n|switch|p1a: Arcanine|Arcanine, L50, M|87\/100\n|-ability|p1a: Arcanine|Intimidate|boost\n|-unboost|p2a: Fast Mezza|atk|1\n|-unboost|p2b: Slow Mezza|atk|1\n|move|p2a: Fast Mezza|Freeze-Dry|p1a: Arcanine\n|-resisted|p1a: Arcanine\n|-damage|p1a: Arcanine|72\/100\n|move|p2b: Slow Mezza|Giga Drain|p1a: Arcanine\n|-resisted|p1a: Arcanine\n|-damage|p1a: Arcanine|54\/100\n|move|p1b: Amoonguss|Spore|p2a: Fast Mezza\n|-status|p2a: Fast Mezza|slp|[from] move: Spore\n|\n|-weather|Snow|[upkeep]\n|upkeep\n|turn|5\n|\n|t:|1682461399\n|cant|p2a: Fast Mezza|slp\n|move|p1a: Arcanine|Flare Blitz|p2a: Fast Mezza\n|-damage|p2a: Fast Mezza|23\/100 slp\n|-damage|p1a: Arcanine|48\/100|[from] Recoil\n|move|p2b: Slow Mezza|Blizzard|p1a: Arcanine|[spread] p1a,p1b\n|-resisted|p1a: Arcanine\n|-supereffective|p1b: Amoonguss\n|-damage|p1a: Arcanine|29\/100\n|-damage|p1b: Amoonguss|4\/100\n|move|p1b: Amoonguss|Pollen Puff|p1a: Arcanine\n|-heal|p1a: Arcanine|79\/100\n|\n|-weather|Snow|[upkeep]\n|upkeep\n|turn|6\n|\n|t:|1682461417\n|switch|p1b: Ting-Lu|Ting-Lu, L50, tera:Water|55\/100\n|-ability|p1b: Ting-Lu|Vessel of Ruin\n|-curestatus|p2a: Fast Mezza|slp|[msg]\n|move|p2a: Fast Mezza|Hydro Pump|p1a: Arcanine\n|-supereffective|p1a: Arcanine\n|-damage|p1a: Arcanine|0 fnt\n|faint|p1a: Arcanine\n|move|p2b: Slow Mezza|Blizzard|p1b: Ting-Lu\n|-resisted|p1b: Ting-Lu\n|-damage|p1b: Ting-Lu|46\/100\n|\n|-weather|none\n|-sideend|p2: aeon_Twins|move: Aurora Veil\n|upkeep\n|\n|t:|1682461428\n|switch|p1a: Palafin|Palafin-Hero, L50, M|100\/100\n|-activate|p1a: Palafin|ability: Zero to Hero\n|turn|7\n|\n|t:|1682461449\n|switch|p2b: Great Tusk|Great Tusk, L50|100\/100\n|move|p1a: Palafin|Jet Punch|p2a: Fast Mezza\n|-resisted|p2a: Fast Mezza\n|-damage|p2a: Fast Mezza|0 fnt\n|faint|p2a: Fast Mezza\n|-end|p2a: Fast Mezza|Quark Drive|[silent]\n|move|p1b: Ting-Lu|Ruination|p2b: Great Tusk\n|-damage|p2b: Great Tusk|51\/100\n|\n|upkeep\n|\n|t:|1682461453\n|switch|p2a: Slow Mezza|Abomasnow, L50, F, tera:Water|100\/100\n|-weather|Snow|[from] ability: Snow Warning|[of] p2a: Slow Mezza\n|turn|8\n|\n|t:|1682461469\n|move|p1a: Palafin|Jet Punch|p2b: Great Tusk\n|-supereffective|p2b: Great Tusk\n|-damage|p2b: Great Tusk|0 fnt\n|faint|p2b: Great Tusk\n|-end|p2b: Great Tusk|Protosynthesis|[silent]\n|move|p2a: Slow Mezza|Giga Drain|p1b: Ting-Lu\n|-supereffective|p1b: Ting-Lu\n|-damage|p1b: Ting-Lu|22\/100\n|move|p1b: Ting-Lu|Ruination|p2a: Slow Mezza\n|-damage|p2a: Slow Mezza|51\/100\n|\n|-weather|Snow|[upkeep]\n|upkeep\n|turn|9\n|\n|t:|1682461479\n|switch|p1b: Amoonguss|Amoonguss, L50, F|37\/100\n|move|p1a: Palafin|Close Combat|p2a: Slow Mezza\n|-damage|p2a: Slow Mezza|0 fnt\n|-unboost|p1a: Palafin|def|1\n|-unboost|p1a: Palafin|spd|1\n|faint|p2a: Slow Mezza\n|\n|win|chi yu hear me out\n|n|\u2606chi yu hear me out|chiyuhearmeout\n|n|\u2606aeon_Twins|aeontwins\n|n| gundojuan8|gundojuan8\n","uploadtime":1682461489,"views":18,"p1id":"chiyuhearmeout","p2id":"aeontwins","formatid":"gen9vgc2023regulationc","rating":0,"private":0,"password":""}