{"id":"gen9vgc2023regulationc-1858215648","p1":"neukorn","p2":"haha you rage quit","format":"[Gen 9] VGC 2023 Regulation C","log":"|j|\u2606neukorn\n|j|\u2606haha you rage quit\n|t:|1683291956\n|gametype|doubles\n|player|p1|neukorn|flint|1163\n|player|p2|haha you rage quit|pokemaniac|1263\n|teamsize|p1|6\n|teamsize|p2|6\n|gen|9\n|tier|[Gen 9] VGC 2023 Regulation C\n|rated|\n|rule|Species Clause: Limit one of each Pok\u00e9mon\n|rule|Item Clause: Limit one of each item\n|clearpoke\n|poke|p1|Ting-Lu, L50|\n|poke|p1|Flutter Mane, L50|\n|poke|p1|Indeedee-F, L50, F|\n|poke|p1|Armarouge, L50, F|\n|poke|p1|Annihilape, L50, F|\n|poke|p1|Palafin, L50, F|\n|poke|p2|Torkoal, L50, M|\n|poke|p2|Indeedee-F, L50, F|\n|poke|p2|Brute Bonnet, L50|\n|poke|p2|Great Tusk, L50|\n|poke|p2|Slither Wing, L50|\n|poke|p2|Iron Valiant, L50|\n|teampreview|4\n|inactive|Battle timer is ON: inactive players will automatically lose when time's up. (requested by neukorn)\n|\n|t:|1683292013\n|start\n|switch|p1a: Flutter Mane|Flutter Mane, L50|100\/100\n|switch|p1b: Indeedee|Indeedee-F, L50, F|100\/100\n|switch|p2a: Indeedee|Indeedee-F, L50, F, shiny|100\/100\n|switch|p2b: Iron Valiant|Iron Valiant, L50, shiny|100\/100\n|-fieldstart|move: Psychic Terrain|[from] ability: Psychic Surge|[of] p1b: Indeedee\n|-enditem|p1b: Indeedee|Psychic Seed\n|-boost|p1b: Indeedee|spd|1|[from] item: Psychic Seed\n|-enditem|p2a: Indeedee|Psychic Seed\n|-boost|p2a: Indeedee|spd|1|[from] item: Psychic Seed\n|turn|1\n|\n|t:|1683292036\n|-terastallize|p2b: Iron Valiant|Fire\n|move|p2a: Indeedee|Helping Hand|p2b: Iron Valiant\n|-singleturn|p2b: Iron Valiant|Helping Hand|[of] p2a: Indeedee\n|move|p1a: Flutter Mane|Moonblast|p2b: Iron Valiant\n|-resisted|p2b: Iron Valiant\n|-damage|p2b: Iron Valiant|49\/100\n|-damage|p1a: Flutter Mane|90\/100|[from] item: Life Orb\n|move|p1b: Indeedee|Dazzling Gleam|p2b: Iron Valiant|[spread] p2a,p2b\n|-resisted|p2b: Iron Valiant\n|-damage|p2a: Indeedee|93\/100\n|-damage|p2b: Iron Valiant|40\/100\n|move|p2b: Iron Valiant|Shadow Claw|p1a: Flutter Mane\n|-supereffective|p1a: Flutter Mane\n|-damage|p1a: Flutter Mane|0 fnt\n|faint|p1a: Flutter Mane\n|-end|p1a: Flutter Mane|Protosynthesis|[silent]\n|\n|upkeep\n|\n|t:|1683292048\n|switch|p1a: Armarouge|Armarouge, L50, F|100\/100\n|turn|2\n|\n|t:|1683292062\n|move|p2b: Iron Valiant|Protect|p2b: Iron Valiant\n|-singleturn|p2b: Iron Valiant|Protect\n|move|p1b: Indeedee|Trick Room|p1b: Indeedee\n|-fieldstart|move: Trick Room|[of] p1b: Indeedee\n|move|p1a: Armarouge|Trick Room|p1a: Armarouge\n|-fieldend|move: Trick Room\n|move|p2a: Indeedee|Trick Room|p2a: Indeedee\n|-fieldstart|move: Trick Room|[of] p2a: Indeedee\n|\n|upkeep\n|turn|3\n|inactive|neukorn has 30 seconds left.\n|inactive|neukorn has 20 seconds left.\n|\n|t:|1683292099\n|move|p2a: Indeedee|Helping Hand|p2b: Iron Valiant\n|-singleturn|p2b: Iron Valiant|Helping Hand|[of] p2a: Indeedee\n|move|p1b: Indeedee|Helping Hand|p1a: Armarouge\n|-singleturn|p1a: Armarouge|Helping Hand|[of] p1b: Indeedee\n|move|p2b: Iron Valiant|Shadow Claw|p1a: Armarouge\n|-supereffective|p1a: Armarouge\n|-damage|p1a: Armarouge|25\/100\n|move|p1a: Armarouge|Expanding Force|p2a: Indeedee|[spread] p2a,p2b\n|-resisted|p2a: Indeedee\n|-damage|p2a: Indeedee|68\/100\n|-damage|p2b: Iron Valiant|0 fnt\n|faint|p2b: Iron Valiant\n|-end|p2b: Iron Valiant|Quark Drive|[silent]\n|\n|upkeep\n|inactive|haha you rage quit has 30 seconds left.\n|\n|t:|1683292130\n|switch|p2b: Brute Bonnet|Brute Bonnet, L50|100\/100\n|turn|4\n|\n|t:|1683292152\n|-terastallize|p1a: Armarouge|Grass\n|move|p2a: Indeedee|Helping Hand|p2b: Brute Bonnet\n|-singleturn|p2b: Brute Bonnet|Helping Hand|[of] p2a: Indeedee\n|move|p1b: Indeedee|Helping Hand|p1a: Armarouge\n|-singleturn|p1a: Armarouge|Helping Hand|[of] p1b: Indeedee\n|move|p2b: Brute Bonnet|Crunch|p1b: Indeedee\n|-supereffective|p1b: Indeedee\n|-damage|p1b: Indeedee|0 fnt\n|faint|p1b: Indeedee\n|move|p1a: Armarouge|Heat Wave|p2b: Brute Bonnet|[spread] p2a\n|-miss|p1a: Armarouge|p2b: Brute Bonnet\n|-damage|p2a: Indeedee|36\/100\n|\n|upkeep\n|\n|t:|1683292164\n|switch|p1b: Annihilape|Annihilape, L50, F|100\/100\n|turn|5\n|\n|t:|1683292180\n|move|p2a: Indeedee|Helping Hand|p2b: Brute Bonnet\n|-singleturn|p2b: Brute Bonnet|Helping Hand|[of] p2a: Indeedee\n|move|p2b: Brute Bonnet|Crunch|p1a: Armarouge\n|-damage|p1a: Armarouge|0 fnt\n|faint|p1a: Armarouge\n|move|p1b: Annihilape|Drain Punch|p2b: Brute Bonnet\n|-supereffective|p2b: Brute Bonnet\n|-damage|p2b: Brute Bonnet|53\/100\n|\n|-fieldend|move: Psychic Terrain\n|upkeep\n|turn|6\n|\n|t:|1683292192\n|move|p2a: Indeedee|Helping Hand|p2b: Brute Bonnet\n|-singleturn|p2b: Brute Bonnet|Helping Hand|[of] p2a: Indeedee\n|move|p1b: Annihilape|Protect|p1b: Annihilape\n|-singleturn|p1b: Annihilape|Protect\n|move|p2b: Brute Bonnet|Bullet Seed|p1b: Annihilape\n|-activate|p1b: Annihilape|move: Protect\n|\n|-fieldend|move: Trick Room\n|upkeep\n|turn|7\n|\n|t:|1683292201\n|move|p2b: Brute Bonnet|Sucker Punch||[still]\n|-fail|p2b: Brute Bonnet\n|move|p1b: Annihilape|Bulk Up|p1b: Annihilape\n|-boost|p1b: Annihilape|atk|1\n|-boost|p1b: Annihilape|def|1\n|move|p2a: Indeedee|Trick Room|p2a: Indeedee\n|-fieldstart|move: Trick Room|[of] p2a: Indeedee\n|\n|upkeep\n|turn|8\n|inactive|haha you rage quit has 30 seconds left.\n|\n|t:|1683292230\n|switch|p2a: Torkoal|Torkoal, L50, M|100\/100\n|-weather|SunnyDay|[from] ability: Drought|[of] p2a: Torkoal\n|-activate|p2b: Brute Bonnet|ability: Protosynthesis\n|-start|p2b: Brute Bonnet|protosynthesisatk\n|move|p1b: Annihilape|Protect|p1b: Annihilape\n|-singleturn|p1b: Annihilape|Protect\n|move|p2b: Brute Bonnet|Crunch|p1b: Annihilape\n|-activate|p1b: Annihilape|move: Protect\n|\n|-weather|SunnyDay|[upkeep]\n|upkeep\n|turn|9\n|\n|t:|1683292248\n|move|p2a: Torkoal|Eruption|p1b: Annihilape\n|-crit|p1b: Annihilape\n|-damage|p1b: Annihilape|0 fnt\n|faint|p1b: Annihilape\n|\n|win|haha you rage quit\n|raw|neukorn's rating: 1163 → 1145<\/strong> (-18 for losing)\n|raw|haha you rage quit's rating: 1263 → 1281<\/strong> (+18 for winning)\n|l|\u2606neukorn\n","uploadtime":1683292264,"views":7,"p1id":"neukorn","p2id":"hahayouragequit","formatid":"gen9vgc2023regulationc","rating":1145,"private":0,"password":""}