{"id":"gen9vgc2023regulationc-1855357842","p1":"hadahada","p2":"bbcom233","format":"[Gen 9] VGC 2023 Regulation C","log":"|j|\u2606hadahada\n|j|\u2606bbcom233\n|t:|1682942524\n|gametype|doubles\n|player|p1|hadahada|gentleman-gen4dp|\n|player|p2|bbcom233|170|\n|teamsize|p1|6\n|teamsize|p2|6\n|gen|9\n|tier|[Gen 9] VGC 2023 Regulation C\n|rule|Species Clause: Limit one of each Pok\u00e9mon\n|rule|Item Clause: Limit one of each item\n|clearpoke\n|poke|p1|Arcanine, L50, M|\n|poke|p1|Ting-Lu, L50|\n|poke|p1|Amoonguss, L50, M|\n|poke|p1|Palafin, L50, F|\n|poke|p1|Gholdengo, L50|\n|poke|p1|Flutter Mane, L50|\n|poke|p2|Grimmsnarl, L50, M|\n|poke|p2|Arcanine, L50, M|\n|poke|p2|Iron Hands, L50|\n|poke|p2|Corviknight, L50, F|\n|poke|p2|Flutter Mane, L50|\n|poke|p2|Palafin, L50, M|\n|teampreview|4\nhadahada has agreed to open team sheets.\nbbcom233 has agreed to open team sheets.\n|\n|t:|1682942551\n|start\n|switch|p1a: Ting-Lu|Ting-Lu, L50|100\/100\n|switch|p1b: Flutter Mane|Flutter Mane, L50|100\/100\n|switch|p2a: Grimmsnarl|Grimmsnarl, L50, M|100\/100\n|switch|p2b: Palafin|Palafin, L50, M|100\/100\n|-ability|p1a: Ting-Lu|Vessel of Ruin\n|turn|1\n|\n|t:|1682942572\n|-terastallize|p1b: Flutter Mane|Fairy\n|move|p2b: Palafin|Protect|p2b: Palafin\n|-singleturn|p2b: Palafin|Protect\n|move|p2a: Grimmsnarl|Light Screen|p2a: Grimmsnarl\n|-sidestart|p2: bbcom233|move: Light Screen\n|move|p1b: Flutter Mane|Dazzling Gleam|p2b: Palafin|[spread] p2a\n|-activate|p2b: Palafin|move: Protect\n|-supereffective|p2a: Grimmsnarl\n|-damage|p2a: Grimmsnarl|66\/100\n|move|p1a: Ting-Lu|Heavy Slam|p2a: Grimmsnarl\n|-supereffective|p2a: Grimmsnarl\n|-damage|p2a: Grimmsnarl|0 fnt\n|faint|p2a: Grimmsnarl\n|\n|upkeep\n|\n|t:|1682942602\n|switch|p2a: Arcanine|Arcanine, L50, M|100\/100\n|-ability|p2a: Arcanine|Intimidate|boost\n|-unboost|p1a: Ting-Lu|atk|1\n|-unboost|p1b: Flutter Mane|atk|1\n|turn|2\n|\n|t:|1682942628\n|detailschange|p2b: Palafin|Palafin-Hero, L50, M\n|switch|p2b: Corviknight|Corviknight, L50, F|100\/100\n|move|p1b: Flutter Mane|Shadow Ball|p2a: Arcanine\n|-damage|p2a: Arcanine|85\/100\n|move|p2a: Arcanine|Flare Blitz|p1b: Flutter Mane\n|-enditem|p1b: Flutter Mane|Focus Sash\n|-damage|p1b: Flutter Mane|1\/100\n|-damage|p2a: Arcanine|63\/100|[from] Recoil\n|move|p1a: Ting-Lu|Stomping Tantrum|p2a: Arcanine\n|-supereffective|p2a: Arcanine\n|-damage|p2a: Arcanine|4\/100\n|\n|upkeep\n|turn|3\n|\n|t:|1682942676\n|-end|p1b: Flutter Mane|Protosynthesis|[silent]\n|switch|p1b: Arcanine|Arcanine, L50, M|100\/100\n|-ability|p1b: Arcanine|Intimidate|boost\n|-unboost|p2a: Arcanine|atk|1\n|-ability|p2b: Corviknight|Mirror Armor\n|-unboost|p1b: Arcanine|atk|1\n|move|p2a: Arcanine|Close Combat|p1a: Ting-Lu\n|-supereffective|p1a: Ting-Lu\n|-damage|p1a: Ting-Lu|75\/100\n|-unboost|p2a: Arcanine|def|1\n|-unboost|p2a: Arcanine|spd|1\n|move|p2b: Corviknight|Bulk Up|p2b: Corviknight\n|-boost|p2b: Corviknight|atk|1\n|-boost|p2b: Corviknight|def|1\n|move|p1a: Ting-Lu|Stomping Tantrum|p2a: Arcanine\n|-supereffective|p2a: Arcanine\n|-damage|p2a: Arcanine|0 fnt\n|faint|p2a: Arcanine\n|\n|upkeep\n|\n|t:|1682942692\n|switch|p2a: Palafin|Palafin-Hero, L50, M|100\/100\n|-activate|p2a: Palafin|ability: Zero to Hero\n|turn|4\n|\n|t:|1682942739\n|-terastallize|p2a: Palafin|Water\n|move|p2a: Palafin|Jet Punch|p1a: Ting-Lu\n|-supereffective|p1a: Ting-Lu\n|-damage|p1a: Ting-Lu|0 fnt\n|faint|p1a: Ting-Lu\n|move|p1b: Arcanine|Will-O-Wisp|p2b: Corviknight|[miss]\n|-miss|p1b: Arcanine|p2b: Corviknight\n|move|p2b: Corviknight|Brave Bird|p1b: Arcanine\n|-damage|p1b: Arcanine|22\/100\n|-damage|p2b: Corviknight|76\/100|[from] Recoil\n|\n|upkeep\n|\n|t:|1682942747\n|switch|p1a: Amoonguss|Amoonguss, L50, M|100\/100\n|turn|5\n|\n|t:|1682942807\n|move|p1b: Arcanine|Protect|p1b: Arcanine\n|-singleturn|p1b: Arcanine|Protect\n|move|p2a: Palafin|Wave Crash|p1a: Amoonguss\n|-resisted|p1a: Amoonguss\n|-damage|p1a: Amoonguss|36\/100\n|-damage|p2a: Palafin|77\/100|[from] Recoil\n|move|p2b: Corviknight|Brave Bird|p1a: Amoonguss\n|-supereffective|p1a: Amoonguss\n|-damage|p1a: Amoonguss|0 fnt\n|faint|p1a: Amoonguss\n|-damage|p2b: Corviknight|63\/100|[from] Recoil\n|\n|upkeep\n|\n|t:|1682942812\n|switch|p1a: Flutter Mane|Flutter Mane, L50, tera:Fairy|1\/100\n|turn|6\n|\n|t:|1682942829\n|move|p1b: Arcanine|Extreme Speed|p2a: Palafin\n|-damage|p2a: Palafin|65\/100\n|move|p2a: Palafin|Jet Punch|p1b: Arcanine\n|-supereffective|p1b: Arcanine\n|-damage|p1b: Arcanine|0 fnt\n|faint|p1b: Arcanine\n|move|p1a: Flutter Mane|Moonblast|p2a: Palafin\n|-crit|p2a: Palafin\n|-damage|p2a: Palafin|0 fnt\n|faint|p2a: Palafin\n|move|p2b: Corviknight|Brave Bird|p1a: Flutter Mane\n|-damage|p1a: Flutter Mane|0 fnt\n|faint|p1a: Flutter Mane\n|-end|p1a: Flutter Mane|Protosynthesis|[silent]\n|-damage|p2b: Corviknight|63\/100|[from] Recoil\n|\n|win|bbcom233\n|l|\u2606hadahada\n","uploadtime":1682942844,"views":22,"p1id":"hadahada","p2id":"bbcom233","formatid":"gen9vgc2023regulationc","rating":0,"private":0,"password":""}