{"id":"gen9vgc2023regulationc-1847363973","p1":"nicioook","p2":"Hecma","format":"[Gen 9] VGC 2023 Regulation C","log":"|j|\u2606nicioook\n|j|\u2606Hecma\n|t:|1681942756\n|gametype|doubles\n|player|p1|nicioook|hilbert|1057\n|player|p2|Hecma|266|1066\n|teamsize|p1|6\n|teamsize|p2|6\n|gen|9\n|tier|[Gen 9] VGC 2023 Regulation C\n|rated|\n|rule|Species Clause: Limit one of each Pok\u00e9mon\n|rule|Item Clause: Limit one of each item\n|clearpoke\n|poke|p1|Tyranitar, L50, F|\n|poke|p1|Altaria, L50, M|\n|poke|p1|Great Tusk, L50|\n|poke|p1|Gholdengo, L50|\n|poke|p1|Wo-Chien, L50|\n|poke|p1|Iron Moth, L50|\n|poke|p2|Chi-Yu, L50|\n|poke|p2|Dachsbun, L50, F|\n|poke|p2|Dragonite, L50, M|\n|poke|p2|Flutter Mane, L50|\n|poke|p2|Azumarill, L50, M|\n|poke|p2|Chien-Pao, L50|\n|teampreview|4\n|inactive|Battle timer is ON: inactive players will automatically lose when time's up. (requested by Hecma)\n|\n|t:|1681942780\n|start\n|switch|p1a: Altaria|Altaria, L50, M|100\/100\n|switch|p1b: Wo-Chien|Wo-Chien, L50|100\/100\n|switch|p2a: Chi-Yu|Chi-Yu, L50|100\/100\n|switch|p2b: Dachsbun|Dachsbun, L50, F|100\/100\n|-ability|p2a: Chi-Yu|Beads of Ruin\n|-ability|p1a: Altaria|Cloud Nine\n|-ability|p1b: Wo-Chien|Tablets of Ruin\n|turn|1\n|inactive|Hecma has 30 seconds left.\n|\n|t:|1681942806\n|move|p2a: Chi-Yu|Lava Plume|p1b: Wo-Chien|[spread] p1a,p1b\n|-ability|p2b: Dachsbun|Well-Baked Body|boost\n|-boost|p2b: Dachsbun|def|2\n|-resisted|p1a: Altaria\n|-supereffective|p1b: Wo-Chien\n|-damage|p1a: Altaria|82\/100\n|-damage|p1b: Wo-Chien|41\/100\n|move|p2b: Dachsbun|Yawn|p1a: Altaria\n|-start|p1a: Altaria|move: Yawn|[of] p2b: Dachsbun\n|move|p1a: Altaria|Tailwind|p1a: Altaria\n|-sidestart|p1: nicioook|move: Tailwind\n|move|p1b: Wo-Chien|Pollen Puff|p2a: Chi-Yu\n|-damage|p2a: Chi-Yu|62\/100\n|\n|upkeep\n|turn|2\n|\n|t:|1681942831\n|switch|p1a: Great Tusk|Great Tusk, L50, shiny|100\/100\n|move|p1b: Wo-Chien|Protect|p1b: Wo-Chien\n|-singleturn|p1b: Wo-Chien|Protect\n|move|p2a: Chi-Yu|Lava Plume|p1a: Great Tusk|[spread] p1a\n|-activate|p1b: Wo-Chien|move: Protect\n|-ability|p2b: Dachsbun|Well-Baked Body|boost\n|-boost|p2b: Dachsbun|def|2\n|-damage|p1a: Great Tusk|53\/100\n|move|p2b: Dachsbun|Yawn|p1b: Wo-Chien\n|-activate|p1b: Wo-Chien|move: Protect\n|\n|upkeep\n|turn|3\n|\n|t:|1681942854\n|switch|p2a: Azumarill|Azumarill, L50, M|100\/100\n|switch|p1b: Altaria|Altaria, L50, M|82\/100\n|-ability|p1b: Altaria|Cloud Nine\n|move|p1a: Great Tusk|Brick Break|p2a: Azumarill\n|-resisted|p2a: Azumarill\n|-damage|p2a: Azumarill|76\/100\n|move|p2b: Dachsbun|Body Press|p1b: Altaria\n|-resisted|p1b: Altaria\n|-damage|p1b: Altaria|56\/100\n|\n|upkeep\n|turn|4\n|inactive|Hecma has 30 seconds left.\n|\n|t:|1681942881\n|-end|p1a: Great Tusk|Protosynthesis|[silent]\n|switch|p1a: Gholdengo|Gholdengo, L50|100\/100\n|move|p2a: Azumarill|Aqua Jet|p1a: Gholdengo\n|-damage|p1a: Gholdengo|75\/100\n|move|p1b: Altaria|Will-O-Wisp|p2a: Azumarill\n|-status|p2a: Azumarill|brn\n|-enditem|p2a: Azumarill|Lum Berry|[eat]\n|-curestatus|p2a: Azumarill|brn|[msg]\n|move|p2b: Dachsbun|Yawn|p1b: Altaria\n|-start|p1b: Altaria|move: Yawn|[of] p2b: Dachsbun\n|\n|-sideend|p1: nicioook|move: Tailwind\n|upkeep\n|turn|5\n|\n|t:|1681942903\n|move|p2b: Dachsbun|Wish|p2b: Dachsbun\n|move|p1a: Gholdengo|Make It Rain|p2a: Azumarill|[spread] p2a,p2b\n|-supereffective|p2b: Dachsbun\n|-damage|p2a: Azumarill|31\/100\n|-damage|p2b: Dachsbun|20\/100\n|-unboost|p1a: Gholdengo|spa|1\n|move|p1b: Altaria|Tailwind|p1b: Altaria\n|-sidestart|p1: nicioook|move: Tailwind\n|move|p2a: Azumarill|Liquidation|p1a: Gholdengo\n|-damage|p1a: Gholdengo|23\/100\n|-enditem|p1a: Gholdengo|Sitrus Berry|[eat]\n|-heal|p1a: Gholdengo|47\/100|[from] item: Sitrus Berry\n|\n|-heal|p2b: Dachsbun|26\/100|[from] item: Leftovers\n|-end|p1b: Altaria|move: Yawn|[silent]\n|-status|p1b: Altaria|slp\n|upkeep\n|turn|6\n|\n|t:|1681942920\n|switch|p1b: Wo-Chien|Wo-Chien, L50|41\/100\n|-ability|p1b: Wo-Chien|Tablets of Ruin\n|move|p2b: Dachsbun|Protect|p2b: Dachsbun\n|-singleturn|p2b: Dachsbun|Protect\n|move|p1a: Gholdengo|Make It Rain|p2a: Azumarill|[spread] p2a\n|-activate|p2b: Dachsbun|move: Protect\n|-damage|p2a: Azumarill|3\/100\n|-unboost|p1a: Gholdengo|spa|1\n|move|p2a: Azumarill|Liquidation|p1a: Gholdengo\n|-damage|p1a: Gholdengo|9\/100\n|-unboost|p1a: Gholdengo|def|1\n|\n|-heal|p2b: Dachsbun|76\/100|[from] move: Wish|[wisher] Dachsbun\n|-heal|p2b: Dachsbun|82\/100|[from] item: Leftovers\n|upkeep\n|turn|7\n|\n|t:|1681942938\n|move|p2a: Azumarill|Aqua Jet|p1a: Gholdengo\n|-damage|p1a: Gholdengo|0 fnt\n|faint|p1a: Gholdengo\n|move|p1b: Wo-Chien|Giga Drain|p2b: Dachsbun\n|-damage|p2b: Dachsbun|47\/100\n|-heal|p1b: Wo-Chien|56\/100|[from] drain|[of] p2b: Dachsbun\n|move|p2b: Dachsbun|Yawn|p1b: Wo-Chien\n|-start|p1b: Wo-Chien|move: Yawn|[of] p2b: Dachsbun\n|\n|-heal|p2b: Dachsbun|53\/100|[from] item: Leftovers\n|upkeep\n|\n|t:|1681942944\n|switch|p1a: Great Tusk|Great Tusk, L50, shiny|53\/100\n|turn|8\n|\n|t:|1681942962\n|move|p1a: Great Tusk|Protect|p1a: Great Tusk\n|-singleturn|p1a: Great Tusk|Protect\n|move|p2a: Azumarill|Aqua Jet|p1a: Great Tusk\n|-activate|p1a: Great Tusk|move: Protect\n|move|p1b: Wo-Chien|Snarl|p2a: Azumarill|[spread] p2a,p2b\n|-resisted|p2a: Azumarill\n|-resisted|p2b: Dachsbun\n|-damage|p2a: Azumarill|0 fnt\n|-damage|p2b: Dachsbun|43\/100\n|-unboost|p2b: Dachsbun|spa|1\n|faint|p2a: Azumarill\n|move|p2b: Dachsbun|Body Press|p1b: Wo-Chien\n|-supereffective|p1b: Wo-Chien\n|-damage|p1b: Wo-Chien|0 fnt\n|faint|p1b: Wo-Chien\n|\n|-heal|p2b: Dachsbun|49\/100|[from] item: Leftovers\n|-sideend|p1: nicioook|move: Tailwind\n|upkeep\n|\n|t:|1681942972\n|switch|p1b: Altaria|Altaria, L50, M|56\/100 slp\n|switch|p2a: Chien-Pao|Chien-Pao, L50|100\/100\n|-ability|p2a: Chien-Pao|Sword of Ruin\n|-ability|p1b: Altaria|Cloud Nine\n|turn|9\n|\n|t:|1681942992\n|move|p2a: Chien-Pao|Ice Spinner|p1a: Great Tusk\n|-supereffective|p1a: Great Tusk\n|-damage|p1a: Great Tusk|0 fnt\n|faint|p1a: Great Tusk\n|-end|p1a: Great Tusk|Protosynthesis|[silent]\n|move|p2b: Dachsbun|Yawn||[still]\n|-fail|p2b: Dachsbun\n|cant|p1b: Altaria|slp\n|\n|-heal|p2b: Dachsbun|55\/100|[from] item: Leftovers\n|upkeep\n|turn|10\n|-message|nicioook forfeited.\n|\n|win|Hecma\n|raw|nicioook's rating: 1057 → 1039<\/strong> (-18 for losing)\n|raw|Hecma's rating: 1066 → 1095<\/strong> (+29 for winning)\n|l|\u2606nicioook\n","uploadtime":1681943004,"views":2,"p1id":"nicioook","p2id":"hecma","formatid":"gen9vgc2023regulationc","rating":1039,"private":0,"password":""}