{"id":"gen9vgc2023regulationc-1849967463","p1":"lateralvs","p2":"xingtian888","format":"[Gen 9] VGC 2023 Regulation C","log":"|j|\u2606lateralvs\n|j|\u2606xingtian888\n|t:|1682273218\n|gametype|doubles\n|player|p1|lateralvs|giovanni|1569\n|player|p2|xingtian888|1|1612\n|teamsize|p1|6\n|teamsize|p2|6\n|gen|9\n|tier|[Gen 9] VGC 2023 Regulation C\n|rated|\n|rule|Species Clause: Limit one of each Pok\u00e9mon\n|rule|Item Clause: Limit one of each item\n|clearpoke\n|poke|p1|Iron Jugulis, L50|\n|poke|p1|Garchomp, L50, M|\n|poke|p1|Gholdengo, L50|\n|poke|p1|Chien-Pao, L50|\n|poke|p1|Gyarados, L50, M|\n|poke|p1|Kingambit, L50, F|\n|poke|p2|Dondozo, L50, M|\n|poke|p2|Ting-Lu, L50|\n|poke|p2|Garganacl, L50, F|\n|poke|p2|Glimmora, L50, M|\n|poke|p2|Flutter Mane, L50|\n|poke|p2|Amoonguss, L50, M|\n|teampreview|4\n|inactive|Battle timer is ON: inactive players will automatically lose when time's up. (requested by xingtian888)\nlateralvs has agreed to open team sheets.\n|inactive|lateralvs has 60 seconds left.\n|inactive|xingtian888 has 60 seconds left.\n|inactive|lateralvs has 30 seconds left.\n|\n|t:|1682273283\n|start\n|switch|p1a: Fagioli 2-0|Chien-Pao, L50|100\/100\n|switch|p1b: Ronaldo 2-1|Kingambit, L50, F|100\/100\n|switch|p2a: Garganacl|Garganacl, L50, F, shiny|100\/100\n|switch|p2b: Ting-Lu|Ting-Lu, L50|100\/100\n|-ability|p1a: Fagioli 2-0|Sword of Ruin\n|-ability|p2b: Ting-Lu|Vessel of Ruin\n|turn|1\n|\n|t:|1682273301\n|-terastallize|p2b: Ting-Lu|Poison\n|move|p1a: Fagioli 2-0|Ice Spinner|p2a: Garganacl\n|-damage|p2a: Garganacl|64\/100\n|move|p1b: Ronaldo 2-1|Assurance|p2a: Garganacl\n|-damage|p2a: Garganacl|6\/100\n|-enditem|p2a: Garganacl|Sitrus Berry|[eat]\n|-heal|p2a: Garganacl|31\/100|[from] item: Sitrus Berry\n|move|p2b: Ting-Lu|Body Press|p1a: Fagioli 2-0\n|-supereffective|p1a: Fagioli 2-0\n|-enditem|p1a: Fagioli 2-0|Focus Sash\n|-damage|p1a: Fagioli 2-0|1\/100\n|move|p2a: Garganacl|Salt Cure|p1b: Ronaldo 2-1\n|-resisted|p1b: Ronaldo 2-1\n|-damage|p1b: Ronaldo 2-1|94\/100\n|-start|p1b: Ronaldo 2-1|Salt Cure\n|\n|-damage|p1b: Ronaldo 2-1|69\/100|[from] Salt Cure\n|upkeep\n|turn|2\n|inactive|lateralvs has 30 seconds left.\n|inactive|xingtian888 has 30 seconds left.\n|inactive|xingtian888 has 20 seconds left.\n|\n|t:|1682273337\n|switch|p1b: Marchisio 2-1|Gyarados, L50, M|100\/100\n|-ability|p1b: Marchisio 2-1|Intimidate|boost\n|-unboost|p2a: Garganacl|atk|1\n|-unboost|p2b: Ting-Lu|atk|1\n|move|p1a: Fagioli 2-0|Protect|p1a: Fagioli 2-0\n|-singleturn|p1a: Fagioli 2-0|Protect\n|move|p2b: Ting-Lu|Body Press|p1b: Marchisio 2-1\n|-resisted|p1b: Marchisio 2-1\n|-damage|p1b: Marchisio 2-1|85\/100\n|move|p2a: Garganacl|Recover|p2a: Garganacl\n|-heal|p2a: Garganacl|81\/100\n|\n|upkeep\n|turn|3\n|inactive|lateralvs has 30 seconds left.\n|inactive|lateralvs has 20 seconds left.\n|j| VGCLight\n|inactive|lateralvs has 15 seconds left.\n|inactive|lateralvs has 10 seconds left.\n|\n|t:|1682273383\n|move|p2a: Garganacl|Protect|p2a: Garganacl\n|-singleturn|p2a: Garganacl|Protect\n|move|p1a: Fagioli 2-0|Ice Spinner|p2a: Garganacl\n|-activate|p2a: Garganacl|move: Protect\n|move|p1b: Marchisio 2-1|Waterfall|p2a: Garganacl\n|-activate|p2a: Garganacl|move: Protect\n|move|p2b: Ting-Lu|Heavy Slam|p1a: Fagioli 2-0\n|-supereffective|p1a: Fagioli 2-0\n|-damage|p1a: Fagioli 2-0|0 fnt\n|faint|p1a: Fagioli 2-0\n|\n|upkeep\n|\n|t:|1682273389\n|switch|p1a: Cuadrado 3-2|Gholdengo, L50|100\/100\n|turn|4\n|inactive|lateralvs has 30 seconds left.\n|\n|t:|1682273419\n|move|p1a: Cuadrado 3-2|Trick|p2b: Ting-Lu\n|-activate|p1a: Cuadrado 3-2|move: Trick|[of] p2b: Ting-Lu\n|-item|p2b: Ting-Lu|Choice Specs|[from] move: Trick\n|-item|p1a: Cuadrado 3-2|Assault Vest|[from] move: Trick\n|move|p1b: Marchisio 2-1|Waterfall|p2a: Garganacl\n|-supereffective|p2a: Garganacl\n|-damage|p2a: Garganacl|43\/100\n|move|p2b: Ting-Lu|Ruination|p1a: Cuadrado 3-2\n|-damage|p1a: Cuadrado 3-2|51\/100\n|move|p2a: Garganacl|Salt Cure|p1a: Cuadrado 3-2\n|-resisted|p1a: Cuadrado 3-2\n|-damage|p1a: Cuadrado 3-2|46\/100\n|-start|p1a: Cuadrado 3-2|Salt Cure\n|\n|-damage|p1a: Cuadrado 3-2|21\/100|[from] Salt Cure\n|upkeep\n|turn|5\n|inactive|lateralvs has 30 seconds left.\n|inactive|xingtian888 has 30 seconds left.\n|inactive|lateralvs has 20 seconds left.\n|inactive|xingtian888 has 20 seconds left.\n|inactive|lateralvs has 15 seconds left.\n|\n|t:|1682273460\n|move|p1b: Marchisio 2-1|Helping Hand|p1a: Cuadrado 3-2\n|-immune|p1a: Cuadrado 3-2|[from] ability: Good as Gold\n|move|p2a: Garganacl|Protect|p2a: Garganacl\n|-singleturn|p2a: Garganacl|Protect\n|move|p1a: Cuadrado 3-2|Make It Rain|p2a: Garganacl|[spread] p2b\n|-activate|p2a: Garganacl|move: Protect\n|-damage|p2b: Ting-Lu|78\/100\n|-unboost|p1a: Cuadrado 3-2|spa|1\n|move|p2b: Ting-Lu|Ruination|p1b: Marchisio 2-1\n|-damage|p1b: Marchisio 2-1|43\/100\n|\n|-damage|p1a: Cuadrado 3-2|0 fnt|[from] Salt Cure\n|faint|p1a: Cuadrado 3-2\n|upkeep\n|\n|t:|1682273474\n|switch|p1a: Ronaldo 2-1|Kingambit, L50, F|69\/100\n|turn|6\n|\n|t:|1682273484\n|switch|p2a: Amoonguss|Amoonguss, L50, M|100\/100\n|move|p1b: Marchisio 2-1|Thunder Wave|p2b: Ting-Lu\n|-status|p2b: Ting-Lu|par\n|move|p1a: Ronaldo 2-1|Iron Head|p2a: Amoonguss\n|-damage|p2a: Amoonguss|61\/100\n|-damage|p1a: Ronaldo 2-1|53\/100|[from] item: Rocky Helmet|[of] p2a: Amoonguss\n|cant|p2b: Ting-Lu|par\n|\n|upkeep\n|turn|7\n|inactive|lateralvs has 30 seconds left.\n|\n|t:|1682273510\n|move|p2a: Amoonguss|Protect|p2a: Amoonguss\n|-singleturn|p2a: Amoonguss|Protect\n|move|p1b: Marchisio 2-1|Taunt|p2a: Amoonguss\n|-activate|p2a: Amoonguss|move: Protect\n|move|p1a: Ronaldo 2-1|Iron Head|p2b: Ting-Lu\n|-damage|p2b: Ting-Lu|54\/100 par\n|cant|p2b: Ting-Lu|flinch\n|\n|upkeep\n|turn|8\n|\n|t:|1682273531\n|move|p1a: Ronaldo 2-1|Sucker Punch|p2b: Ting-Lu\n|-damage|p2b: Ting-Lu|32\/100 par\n|move|p1b: Marchisio 2-1|Taunt|p2a: Amoonguss\n|-start|p2a: Amoonguss|move: Taunt\n|move|p2a: Amoonguss|Pollen Puff|p2b: Ting-Lu\n|-heal|p2b: Ting-Lu|82\/100 par\n|cant|p2b: Ting-Lu|par\n|\n|upkeep\n|turn|9\n|\n|t:|1682273548\n|move|p1b: Marchisio 2-1|Waterfall|p2a: Amoonguss\n|-resisted|p2a: Amoonguss\n|-damage|p2a: Amoonguss|46\/100\n|-damage|p1b: Marchisio 2-1|26\/100|[from] item: Rocky Helmet|[of] p2a: Amoonguss\n|move|p1a: Ronaldo 2-1|Assurance|p2a: Amoonguss\n|-damage|p2a: Amoonguss|0 fnt\n|-damage|p1a: Ronaldo 2-1|36\/100|[from] item: Rocky Helmet|[of] p2a: Amoonguss\n|faint|p2a: Amoonguss\n|move|p2b: Ting-Lu|Ruination|p1a: Ronaldo 2-1\n|-damage|p1a: Ronaldo 2-1|18\/100\n|\n|upkeep\n|\n|t:|1682273561\n|switch|p2a: Dondozo|Dondozo, L50, M|100\/100\n|turn|10\n|\n|t:|1682273575\n|move|p1b: Marchisio 2-1|Helping Hand|p1a: Ronaldo 2-1\n|-singleturn|p1a: Ronaldo 2-1|Helping Hand|[of] p1b: Marchisio 2-1\n|move|p1a: Ronaldo 2-1|Sucker Punch|p2a: Dondozo\n|-damage|p2a: Dondozo|67\/100\n|move|p2a: Dondozo|Wave Crash|p1a: Ronaldo 2-1\n|-damage|p1a: Ronaldo 2-1|0 fnt\n|faint|p1a: Ronaldo 2-1\n|-damage|p2a: Dondozo|62\/100|[from] Recoil\n|move|p2b: Ting-Lu|Ruination|p1b: Marchisio 2-1|[miss]\n|-miss|p2b: Ting-Lu|p1b: Marchisio 2-1\n|\n|-heal|p2a: Dondozo|68\/100|[from] item: Leftovers\n|upkeep\n|turn|11\n|-message|lateralvs forfeited.\n|\n|win|xingtian888\n|raw|lateralvs's rating: 1569 → 1551<\/strong> (-18 for losing)\n|raw|xingtian888's rating: 1612 → 1630<\/strong> (+18 for winning)\n","uploadtime":1682273588,"views":11,"p1id":"lateralvs","p2id":"xingtian888","formatid":"gen9vgc2023regulationc","rating":1551,"private":0,"password":""}