{"id":"gen9vgc2023regulationc-1858250208","p1":"bambambi","p2":"shiro07","format":"[Gen 9] VGC 2023 Regulation C","log":"|j|\u2606bambambi\n|j|\u2606shiro07\n|t:|1683295301\n|gametype|doubles\n|player|p1|bambambi|wallace-gen6|\n|player|p2|shiro07|kris-masters|\n|teamsize|p1|6\n|teamsize|p2|6\n|gen|9\n|tier|[Gen 9] VGC 2023 Regulation C\n|rule|Species Clause: Limit one of each Pok\u00e9mon\n|rule|Item Clause: Limit one of each item\n|clearpoke\n|poke|p1|Flutter Mane, L50|\n|poke|p1|Gothitelle, L50, F|\n|poke|p1|Scream Tail, L50|\n|poke|p1|Chi-Yu, L50|\n|poke|p1|Amoonguss, L50, F|\n|poke|p1|Palafin, L50, F|\n|poke|p2|Garganacl, L50, M|\n|poke|p2|Hatterene, L50, F|\n|poke|p2|Wo-Chien, L50|\n|poke|p2|Iron Hands, L50|\n|poke|p2|Maushold-Four, L50|\n|poke|p2|Volcarona, L50, M|\n|teampreview|4\nbambambi has agreed to open team sheets.\n|inactive|Battle timer is ON: inactive players will automatically lose when time's up. (requested by bambambi)\n|c|\u2606bambambi|gl hf!\n|c|\u2606shiro07|Glhf\nshiro07 has agreed to open team sheets.\n|inactive|shiro07 has 60 seconds left.\n|\n|t:|1683295349\n|start\n|switch|p1a: SSJ3 Jiggly|Scream Tail, L50, shiny|100\/100\n|switch|p1b: ALLMIGHT|Palafin, L50, F, shiny|100\/100\n|switch|p2a: Maushold|Maushold-Four, L50|100\/100\n|switch|p2b: Volcarona|Volcarona, L50, M|100\/100\n|-enditem|p1a: SSJ3 Jiggly|Booster Energy\n|-activate|p1a: SSJ3 Jiggly|ability: Protosynthesis|[fromitem]\n|-start|p1a: SSJ3 Jiggly|protosynthesisspe\n|turn|1\n|\n|t:|1683295361\n|detailschange|p1b: ALLMIGHT|Palafin-Hero, L50, F, shiny\n|switch|p1b: Ironmouse|Gothitelle, L50, F, shiny|100\/100\n|-terastallize|p2b: Volcarona|Water\n|move|p1a: SSJ3 Jiggly|Perish Song|p1a: SSJ3 Jiggly\n|-start|p1a: SSJ3 Jiggly|perish3|[silent]\n|-start|p1b: Ironmouse|perish3|[silent]\n|-start|p2a: Maushold|perish3|[silent]\n|-start|p2b: Volcarona|perish3|[silent]\n|-fieldactivate|move: Perish Song\n|move|p2a: Maushold|Super Fang|p1a: SSJ3 Jiggly\n|-damage|p1a: SSJ3 Jiggly|50\/100\n|move|p2b: Volcarona|Bug Buzz|p1a: SSJ3 Jiggly\n|-damage|p1a: SSJ3 Jiggly|17\/100\n|\n|-start|p1a: SSJ3 Jiggly|perish3\n|-start|p2a: Maushold|perish3\n|-start|p2b: Volcarona|perish3\n|-start|p1b: Ironmouse|perish3\n|upkeep\n|turn|2\n|inactive|bambambi has 30 seconds left.\n|\n|t:|1683295388\n|-terastallize|p1b: Ironmouse|Steel\n|move|p1a: SSJ3 Jiggly|Reflect|p1a: SSJ3 Jiggly\n|-sidestart|p1: bambambi|Reflect\n|move|p2a: Maushold|Super Fang|p1b: Ironmouse\n|-damage|p1b: Ironmouse|50\/100\n|-enditem|p1b: Ironmouse|Sitrus Berry|[eat]\n|-heal|p1b: Ironmouse|75\/100|[from] item: Sitrus Berry\n|move|p2b: Volcarona|Quiver Dance|p2b: Volcarona\n|-boost|p2b: Volcarona|spa|1\n|-boost|p2b: Volcarona|spd|1\n|-boost|p2b: Volcarona|spe|1\n|move|p1b: Ironmouse|Light Screen|p1b: Ironmouse\n|-sidestart|p1: bambambi|move: Light Screen\n|\n|-start|p1a: SSJ3 Jiggly|perish2\n|-start|p2b: Volcarona|perish2\n|-start|p2a: Maushold|perish2\n|-start|p1b: Ironmouse|perish2\n|upkeep\n|turn|3\n|\n|t:|1683295409\n|-end|p1a: SSJ3 Jiggly|Protosynthesis|[silent]\n|switch|p1a: ALLMIGHT|Palafin-Hero, L50, F, shiny|100\/100\n|-activate|p1a: ALLMIGHT|ability: Zero to Hero\n|move|p1b: Ironmouse|Protect|p1b: Ironmouse\n|-singleturn|p1b: Ironmouse|Protect\n|move|p2b: Volcarona|Heat Wave|p1a: ALLMIGHT|[spread] p1a\n|-activate|p1b: Ironmouse|move: Protect\n|-resisted|p1a: ALLMIGHT\n|-damage|p1a: ALLMIGHT|85\/100\n|move|p2a: Maushold|Super Fang|p1b: Ironmouse\n|-activate|p1b: Ironmouse|move: Protect\n|\n|-start|p2b: Volcarona|perish1\n|-start|p2a: Maushold|perish1\n|-start|p1b: Ironmouse|perish1\n|upkeep\n|turn|4\n|\n|t:|1683295421\n|switch|p1b: SSJ3 Jiggly|Scream Tail, L50, shiny|17\/100\n|move|p1a: ALLMIGHT|Protect|p1a: ALLMIGHT\n|-singleturn|p1a: ALLMIGHT|Protect\n|move|p2b: Volcarona|Heat Wave|p1a: ALLMIGHT|[spread] p1b\n|-activate|p1a: ALLMIGHT|move: Protect\n|-damage|p1b: SSJ3 Jiggly|0 fnt\n|faint|p1b: SSJ3 Jiggly\n|-end|p1b: SSJ3 Jiggly|Protosynthesis|[silent]\n|move|p2a: Maushold|Super Fang|p1a: ALLMIGHT\n|-activate|p1a: ALLMIGHT|move: Protect\n|\n|-start|p2b: Volcarona|perish0\n|-start|p2a: Maushold|perish0\n|faint|p2b: Volcarona\n|faint|p2a: Maushold\n|upkeep\n|\n|t:|1683295430\n|switch|p1b: Pearls|Flutter Mane, L50|100\/100\n|switch|p2a: Wo-Chien|Wo-Chien, L50|100\/100\n|switch|p2b: Iron Hands|Iron Hands, L50|100\/100\n|-ability|p2a: Wo-Chien|Tablets of Ruin\n|turn|5\n|\n|t:|1683295447\n|switch|p1a: Ironmouse|Gothitelle, L50, F, shiny, tera:Steel|75\/100\n|move|p1b: Pearls|Perish Song|p1b: Pearls\n|-start|p1a: Ironmouse|perish3|[silent]\n|-start|p1b: Pearls|perish3|[silent]\n|-start|p2a: Wo-Chien|perish3|[silent]\n|-start|p2b: Iron Hands|perish3|[silent]\n|-fieldactivate|move: Perish Song\n|move|p2a: Wo-Chien|Leech Seed|p1b: Pearls|[miss]\n|-miss|p2a: Wo-Chien|p1b: Pearls\n|move|p2b: Iron Hands|Wild Charge|p1b: Pearls\n|-damage|p1b: Pearls|41\/100\n|-damage|p2b: Iron Hands|92\/100|[from] Recoil\n|\n|-start|p1b: Pearls|perish3\n|-start|p2a: Wo-Chien|perish3\n|-start|p1a: Ironmouse|perish3\n|-start|p2b: Iron Hands|perish3\n|upkeep\n|turn|6\n|\n|t:|1683295466\n|move|p1b: Pearls|Protect|p1b: Pearls\n|-singleturn|p1b: Pearls|Protect\n|move|p1a: Ironmouse|Fake Out|p2b: Iron Hands\n|-damage|p2b: Iron Hands|89\/100\n|move|p2a: Wo-Chien|Giga Drain|p1b: Pearls\n|-activate|p1b: Pearls|move: Protect\n|cant|p2b: Iron Hands|flinch\n|\n|-start|p1b: Pearls|perish2\n|-start|p2a: Wo-Chien|perish2\n|-start|p1a: Ironmouse|perish2\n|-start|p2b: Iron Hands|perish2\n|-sideend|p1: bambambi|Reflect\n|-sideend|p1: bambambi|move: Light Screen\n|upkeep\n|turn|7\n|\n|t:|1683295488\n|move|p1a: Ironmouse|Protect|p1a: Ironmouse\n|-singleturn|p1a: Ironmouse|Protect\n|move|p1b: Pearls|Dazzling Gleam|p2a: Wo-Chien|[spread] p2a,p2b\n|-supereffective|p2a: Wo-Chien\n|-supereffective|p2b: Iron Hands\n|-damage|p2a: Wo-Chien|60\/100\n|-damage|p2b: Iron Hands|47\/100\n|move|p2a: Wo-Chien|Giga Drain|p1b: Pearls\n|-damage|p1b: Pearls|16\/100\n|-heal|p2a: Wo-Chien|69\/100|[from] drain|[of] p1b: Pearls\n|move|p2b: Iron Hands|Close Combat|p1a: Ironmouse\n|-activate|p1a: Ironmouse|move: Protect\n|\n|-start|p1b: Pearls|perish1\n|-start|p2a: Wo-Chien|perish1\n|-start|p1a: Ironmouse|perish1\n|-start|p2b: Iron Hands|perish1\n|upkeep\n|turn|8\n|c|\u2606shiro07|Gg\n|\n|t:|1683295504\n|move|p1b: Pearls|Protect|p1b: Pearls\n|-singleturn|p1b: Pearls|Protect\n|move|p1a: Ironmouse|Protect||[still]\n|-fail|p1a: Ironmouse\n|move|p2a: Wo-Chien|Giga Drain|p1b: Pearls\n|-activate|p1b: Pearls|move: Protect\n|move|p2b: Iron Hands|Close Combat|p1a: Ironmouse\n|-supereffective|p1a: Ironmouse\n|-damage|p1a: Ironmouse|0 fnt\n|-unboost|p2b: Iron Hands|def|1\n|-unboost|p2b: Iron Hands|spd|1\n|faint|p1a: Ironmouse\n|\n|-start|p1b: Pearls|perish0\n|-start|p2a: Wo-Chien|perish0\n|-start|p2b: Iron Hands|perish0\n|faint|p1b: Pearls\n|-end|p1b: Pearls|Protosynthesis|[silent]\n|faint|p2a: Wo-Chien\n|faint|p2b: Iron Hands\n|-end|p2b: Iron Hands|Quark Drive|[silent]\n|\n|win|bambambi\n|upkeep\n|c|\u2606bambambi|gg\n|l|\u2606shiro07\n","uploadtime":1683295514,"views":6,"p1id":"bambambi","p2id":"shiro07","formatid":"gen9vgc2023regulationc","rating":0,"private":0,"password":""}