{"id":"gen9vgc2023regulationc-1845959649","p1":"foosrodah","p2":"slowpoke.jpg","format":"[Gen 9] VGC 2023 Regulation C","log":"|j|\u2606foosrodah\n|j|\u2606slowpoke.jpg\n|t:|1681784059\n|gametype|doubles\n|player|p1|foosrodah|1|1563\n|player|p2|slowpoke.jpg|doubleteam|1677\n|teamsize|p1|6\n|teamsize|p2|6\n|gen|9\n|tier|[Gen 9] VGC 2023 Regulation C\n|rated|\n|rule|Species Clause: Limit one of each Pok\u00e9mon\n|rule|Item Clause: Limit one of each item\n|clearpoke\n|poke|p1|Annihilape, L50, M|\n|poke|p1|Maushold-Four, L50|\n|poke|p1|Amoonguss, L50, M|\n|poke|p1|Chien-Pao, L50|\n|poke|p1|Dragonite, L50, F|\n|poke|p1|Flutter Mane, L50|\n|poke|p2|Gyarados, L50, F|\n|poke|p2|Iron Moth, L50|\n|poke|p2|Klefki, L50, F|\n|poke|p2|Garchomp, L50, M|\n|poke|p2|Brute Bonnet, L50|\n|poke|p2|Flutter Mane, L50|\n|teampreview|4\n|j| jdarcan\nfoosrodah has agreed to open team sheets.\nslowpoke.jpg has agreed to open team sheets.\n|j| merahmerona\n|\n|t:|1681784116\n|start\n|switch|p1a: Chien-Pao|Chien-Pao, L50|100\/100\n|switch|p1b: Flutter Mane|Flutter Mane, L50|100\/100\n|switch|p2a: Iron Moth|Iron Moth, L50|100\/100\n|switch|p2b: Klefki|Klefki, L50, F|100\/100\n|-ability|p1a: Chien-Pao|Sword of Ruin\n|-enditem|p2a: Iron Moth|Booster Energy\n|-activate|p2a: Iron Moth|ability: Quark Drive|[fromitem]\n|-start|p2a: Iron Moth|quarkdrivespa\n|turn|1\n|\n|t:|1681784154\n|move|p2a: Iron Moth|Protect|p2a: Iron Moth\n|-singleturn|p2a: Iron Moth|Protect\n|move|p2b: Klefki|Light Screen|p2b: Klefki\n|-sidestart|p2: slowpoke.jpg|move: Light Screen\n|move|p1b: Flutter Mane|Shadow Ball|p2b: Klefki\n|-damage|p2b: Klefki|59\/100\n|move|p1a: Chien-Pao|Ice Spinner|p2b: Klefki\n|-resisted|p2b: Klefki\n|-damage|p2b: Klefki|33\/100\n|\n|upkeep\n|turn|2\n|j| mpudi\n|j| jackiepeanuts\n|\n|t:|1681784178\n|move|p1a: Chien-Pao|Sucker Punch|p2a: Iron Moth\n|-damage|p2a: Iron Moth|34\/100\n|move|p2b: Klefki|Reflect|p2b: Klefki\n|-sidestart|p2: slowpoke.jpg|Reflect\n|move|p1b: Flutter Mane|Shadow Ball|p2b: Klefki\n|-damage|p2b: Klefki|0 fnt\n|faint|p2b: Klefki\n|move|p2a: Iron Moth|Discharge|p1b: Flutter Mane|[spread] p1a,p1b\n|-damage|p1a: Chien-Pao|60\/100\n|-damage|p1b: Flutter Mane|72\/100\n|\n|upkeep\n|\n|t:|1681784193\n|switch|p2b: Garchomp|Garchomp, L50, M|100\/100\n|turn|3\n|\n|t:|1681784237\n|-terastallize|p2b: Garchomp|Steel\n|move|p1a: Chien-Pao|Protect|p1a: Chien-Pao\n|-singleturn|p1a: Chien-Pao|Protect\n|move|p2a: Iron Moth|Protect|p2a: Iron Moth\n|-singleturn|p2a: Iron Moth|Protect\n|move|p1b: Flutter Mane|Shadow Ball|p2b: Garchomp\n|-damage|p2b: Garchomp|72\/100\n|move|p2b: Garchomp|Dragon Claw|p1a: Chien-Pao\n|-activate|p1a: Chien-Pao|move: Protect\n|\n|upkeep\n|turn|4\n|\n|t:|1681784254\n|move|p1a: Chien-Pao|Sucker Punch|p2b: Garchomp\n|-damage|p2b: Garchomp|43\/100\n|-damage|p1a: Chien-Pao|48\/100|[from] ability: Rough Skin|[of] p2b: Garchomp\n|move|p1b: Flutter Mane|Shadow Ball|p2b: Garchomp\n|-damage|p2b: Garchomp|16\/100\n|move|p2a: Iron Moth|Sludge Wave|p1b: Flutter Mane|[spread] p1a,p1b\n|-immune|p2b: Garchomp\n|-damage|p1a: Chien-Pao|0 fnt\n|-damage|p1b: Flutter Mane|21\/100\n|faint|p1a: Chien-Pao\n|move|p2b: Garchomp|Rock Slide|p1b: Flutter Mane\n|-damage|p1b: Flutter Mane|0 fnt\n|faint|p1b: Flutter Mane\n|-end|p1b: Flutter Mane|Protosynthesis|[silent]\n|\n|upkeep\n|\n|t:|1681784260\n|switch|p1a: Annihilape|Annihilape, L50, M|100\/100\n|switch|p1b: Amoonguss|Amoonguss, L50, M|100\/100\n|turn|5\n|\n|t:|1681784276\n|-terastallize|p1b: Amoonguss|Water\n|move|p1a: Annihilape|Protect|p1a: Annihilape\n|-singleturn|p1a: Annihilape|Protect\n|move|p2a: Iron Moth|Fiery Dance|p1b: Amoonguss\n|-resisted|p1b: Amoonguss\n|-damage|p1b: Amoonguss|75\/100\n|move|p2b: Garchomp|Dragon Claw|p1b: Amoonguss\n|-damage|p1b: Amoonguss|40\/100\n|-enditem|p1b: Amoonguss|Sitrus Berry|[eat]\n|-heal|p1b: Amoonguss|65\/100|[from] item: Sitrus Berry\n|move|p1b: Amoonguss|Spore|p2a: Iron Moth\n|-status|p2a: Iron Moth|slp|[from] move: Spore\n|\n|upkeep\n|turn|6\n|\n|t:|1681784304\n|cant|p2a: Iron Moth|slp\n|move|p2b: Garchomp|Dragon Claw|p1b: Amoonguss\n|-damage|p1b: Amoonguss|32\/100\n|move|p1a: Annihilape|Rage Fist|p2a: Iron Moth\n|-damage|p2a: Iron Moth|15\/100 slp\n|move|p1b: Amoonguss|Spore|p2b: Garchomp\n|-status|p2b: Garchomp|slp|[from] move: Spore\n|\n|upkeep\n|turn|7\n|\n|t:|1681784322\n|cant|p2a: Iron Moth|slp\n|cant|p2b: Garchomp|slp\n|move|p1a: Annihilape|Rage Fist|p2a: Iron Moth\n|-damage|p2a: Iron Moth|0 fnt\n|faint|p2a: Iron Moth\n|-end|p2a: Iron Moth|Quark Drive|[silent]\n|move|p1b: Amoonguss|Bullet Seed|p1a: Annihilape\n|-damage|p1a: Annihilape|95\/100\n|-damage|p1a: Annihilape|88\/100\n|-damage|p1a: Annihilape|82\/100\n|-hitcount|p1a: Annihilape|3\n|\n|-heal|p1a: Annihilape|88\/100|[from] item: Leftovers\n|upkeep\n|\n|t:|1681784332\n|switch|p2a: Gyarados|Gyarados, L50, F, shiny|100\/100\n|-ability|p2a: Gyarados|Intimidate|boost\n|-unboost|p1a: Annihilape|atk|1\n|-unboost|p1b: Amoonguss|atk|1\n|turn|8\n|\n|t:|1681784344\n|cant|p2b: Garchomp|slp\n|move|p2a: Gyarados|Waterfall|p1a: Annihilape\n|-damage|p1a: Annihilape|35\/100\n|move|p1a: Annihilape|Rage Fist|p2b: Garchomp\n|-damage|p2b: Garchomp|0 fnt\n|-damage|p1a: Annihilape|22\/100|[from] ability: Rough Skin|[of] p2b: Garchomp\n|faint|p2b: Garchomp\n|move|p1b: Amoonguss|Spore|p2a: Gyarados\n|-status|p2a: Gyarados|slp|[from] move: Spore\n|\n|-heal|p1a: Annihilape|28\/100|[from] item: Leftovers\n|-sideend|p2: slowpoke.jpg|move: Light Screen\n|upkeep\n|turn|9\n|\n|t:|1681784357\n|cant|p2a: Gyarados|slp\n|move|p1a: Annihilape|Rage Fist|p2a: Gyarados\n|-damage|p2a: Gyarados|55\/100 slp\n|move|p1b: Amoonguss|Pollen Puff|p1a: Annihilape\n|-heal|p1a: Annihilape|78\/100\n|\n|-heal|p1a: Annihilape|84\/100|[from] item: Leftovers\n|-sideend|p2: slowpoke.jpg|Reflect\n|upkeep\n|turn|10\n|\n|t:|1681784366\n|move|p1b: Amoonguss|Rage Powder|p1b: Amoonguss\n|-singleturn|p1b: Amoonguss|move: Rage Powder\n|-curestatus|p2a: Gyarados|slp|[msg]\n|move|p2a: Gyarados|Waterfall|p1b: Amoonguss\n|-resisted|p1b: Amoonguss\n|-damage|p1b: Amoonguss|6\/100\n|move|p1a: Annihilape|Rage Fist|p2a: Gyarados\n|-damage|p2a: Gyarados|0 fnt\n|faint|p2a: Gyarados\n|\n|win|foosrodah\n|raw|foosrodah's rating: 1563 → 1589<\/strong> (+26 for winning)\n|raw|slowpoke.jpg's rating: 1677 → 1651<\/strong> (-26 for losing)\n|l|\u2606slowpoke.jpg\n|l|\u2606foosrodah\n","uploadtime":1681784387,"views":13,"p1id":"foosrodah","p2id":"slowpokejpg","formatid":"gen9vgc2023regulationc","rating":1589,"private":0,"password":""}