{"id":"gen9vgc2023regulationc-1861814682","p1":"hit my whip","p2":"L0LZ4N0m4","format":"[Gen 9] VGC 2023 Regulation C","log":"|j|\u2606hit my whip\n|j|\u2606L0LZ4N0m4\n|t:|1683811473\n|gametype|doubles\n|player|p1|hit my whip|acetrainerf-gen4dp|1271\n|player|p2|L0LZ4N0m4|aromalady|1262\n|teamsize|p1|6\n|teamsize|p2|6\n|gen|9\n|tier|[Gen 9] VGC 2023 Regulation C\n|rated|\n|rule|Species Clause: Limit one of each Pok\u00e9mon\n|rule|Item Clause: Limit one of each item\n|clearpoke\n|poke|p1|Volcarona, L50, F|\n|poke|p1|Dragonite, L50, M|\n|poke|p1|Glimmora, L50, M|\n|poke|p1|Dragapult, L50, F|\n|poke|p1|Gyarados, L50, F|\n|poke|p1|Amoonguss, L50, M|\n|poke|p2|Tyranitar, L50, M|\n|poke|p2|Palafin, L50, M|\n|poke|p2|Kingambit, L50, F|\n|poke|p2|Flutter Mane, L50|\n|poke|p2|Arcanine, L50, M|\n|poke|p2|Amoonguss, L50, F|\n|teampreview|4\n|inactive|Battle timer is ON: inactive players will automatically lose when time's up. (requested by L0LZ4N0m4)\n|inactive|hit my whip also wants the timer to be on.\n|inactive|hit my whip has 60 seconds left.\n|inactive|L0LZ4N0m4 has 60 seconds left.\n|\n|t:|1683811529\n|start\n|switch|p1a: Dragapult|Dragapult, L50, F|100\/100\n|switch|p1b: Glimmora|Glimmora, L50, M|100\/100\n|switch|p2a: Kingambit|Kingambit, L50, F|100\/100\n|switch|p2b: Palafin|Palafin, L50, M|100\/100\n|turn|1\n|\n|t:|1683811546\n|detailschange|p2b: Palafin|Palafin-Hero, L50, M\n|switch|p2b: Tyranitar|Tyranitar, L50, M|100\/100\n|-weather|Sandstorm|[from] ability: Sand Stream|[of] p2b: Tyranitar\n|move|p1a: Dragapult|Will-O-Wisp|p2a: Kingambit|[miss]\n|-miss|p1a: Dragapult|p2a: Kingambit\n|move|p1b: Glimmora|Sludge Bomb|p2b: Tyranitar\n|-resisted|p2b: Tyranitar\n|-damage|p2b: Tyranitar|92\/100\n|move|p2a: Kingambit|Kowtow Cleave|p1a: Dragapult\n|-supereffective|p1a: Dragapult\n|-damage|p1a: Dragapult|0 fnt\n|faint|p1a: Dragapult\n|\n|-weather|Sandstorm|[upkeep]\n|upkeep\n|\n|t:|1683811569\n|switch|p1a: Volcarona|Volcarona, L50, F|100\/100\n|turn|2\n|\n|t:|1683811579\n|-terastallize|p1a: Volcarona|Water\n|move|p2a: Kingambit|Protect|p2a: Kingambit\n|-singleturn|p2a: Kingambit|Protect\n|move|p1b: Glimmora|Energy Ball|p2b: Tyranitar\n|-supereffective|p2b: Tyranitar\n|-damage|p2b: Tyranitar|71\/100\n|move|p1a: Volcarona|Quiver Dance|p1a: Volcarona\n|-boost|p1a: Volcarona|spa|1\n|-boost|p1a: Volcarona|spd|1\n|-boost|p1a: Volcarona|spe|1\n|move|p2b: Tyranitar|Rock Slide|p1b: Glimmora|[spread] p1b\n|-miss|p2b: Tyranitar|p1a: Volcarona\n|-damage|p1b: Glimmora|64\/100\n|-activate|p1b: Glimmora|ability: Toxic Debris\n|-sidestart|p2: L0LZ4N0m4|move: Toxic Spikes\n|\n|-weather|Sandstorm|[upkeep]\n|-damage|p1a: Volcarona|94\/100|[from] Sandstorm\n|upkeep\n|turn|3\n|\n|t:|1683811604\n|move|p2a: Kingambit|Sucker Punch|p1a: Volcarona\n|-damage|p1a: Volcarona|45\/100\n|-enditem|p1a: Volcarona|Sitrus Berry|[eat]\n|-heal|p1a: Volcarona|70\/100|[from] item: Sitrus Berry\n|move|p1a: Volcarona|Flamethrower|p2a: Kingambit\n|-supereffective|p2a: Kingambit\n|-damage|p2a: Kingambit|0 fnt\n|faint|p2a: Kingambit\n|move|p1b: Glimmora|Energy Ball|p2b: Tyranitar\n|-supereffective|p2b: Tyranitar\n|-damage|p2b: Tyranitar|49\/100\n|move|p2b: Tyranitar|Crunch|p1a: Volcarona\n|-damage|p1a: Volcarona|23\/100\n|-status|p2b: Tyranitar|brn|[from] ability: Flame Body|[of] p1a: Volcarona\n|\n|-weather|Sandstorm|[upkeep]\n|-damage|p1a: Volcarona|17\/100|[from] Sandstorm\n|-damage|p2b: Tyranitar|43\/100 brn|[from] brn\n|upkeep\n|\n|t:|1683811613\n|switch|p2a: Palafin|Palafin-Hero, L50, M|100\/100\n|-status|p2a: Palafin|psn\n|-activate|p2a: Palafin|ability: Zero to Hero\n|turn|4\n|inactive|L0LZ4N0m4 has 30 seconds left.\n|\n|t:|1683811642\n|switch|p1b: Gyarados|Gyarados, L50, F|100\/100\n|-ability|p1b: Gyarados|Intimidate|boost\n|-unboost|p2a: Palafin|atk|1\n|-unboost|p2b: Tyranitar|atk|1\n|move|p2a: Palafin|Protect|p2a: Palafin\n|-singleturn|p2a: Palafin|Protect\n|move|p1a: Volcarona|Giga Drain|p2a: Palafin\n|-activate|p2a: Palafin|move: Protect\n|move|p2b: Tyranitar|Rock Slide|p1b: Gyarados|[spread] p1a,p1b\n|-supereffective|p1b: Gyarados\n|-damage|p1a: Volcarona|7\/100\n|-damage|p1b: Gyarados|81\/100\n|\n|-weather|Sandstorm|[upkeep]\n|-damage|p1a: Volcarona|0 fnt|[from] Sandstorm\n|-damage|p2a: Palafin|95\/100 psn|[from] Sandstorm\n|-damage|p1b: Gyarados|74\/100|[from] Sandstorm\n|faint|p1a: Volcarona\n|-damage|p2a: Palafin|83\/100 psn|[from] psn\n|-damage|p2b: Tyranitar|38\/100 brn|[from] brn\n|upkeep\n|\n|t:|1683811651\n|switch|p1a: Glimmora|Glimmora, L50, M|64\/100\n|turn|5\n|inactive|L0LZ4N0m4 has 30 seconds left.\n|\n|t:|1683811679\n|switch|p2a: Flutter Mane|Flutter Mane, L50|100\/100\n|-status|p2a: Flutter Mane|psn\n|move|p1a: Glimmora|Energy Ball|p2a: Flutter Mane\n|-damage|p2a: Flutter Mane|67\/100 psn\n|move|p1b: Gyarados|Waterfall|p2b: Tyranitar\n|-supereffective|p2b: Tyranitar\n|-damage|p2b: Tyranitar|0 fnt\n|faint|p2b: Tyranitar\n|\n|-weather|none\n|-damage|p2a: Flutter Mane|55\/100 psn|[from] psn\n|upkeep\n|\n|t:|1683811687\n|switch|p2b: Palafin|Palafin-Hero, L50, M|83\/100 psn\n|turn|6\n|\n|t:|1683811704\n|move|p1a: Glimmora|Spiky Shield|p1a: Glimmora\n|-singleturn|p1a: Glimmora|move: Protect\n|move|p2b: Palafin|Protect|p2b: Palafin\n|-singleturn|p2b: Palafin|Protect\n|move|p2a: Flutter Mane|Thunderbolt|p1b: Gyarados\n|-supereffective|p1b: Gyarados\n|-damage|p1b: Gyarados|0 fnt\n|faint|p1b: Gyarados\n|\n|-damage|p2a: Flutter Mane|42\/100 psn|[from] psn\n|-damage|p2b: Palafin|70\/100 psn|[from] psn\n|upkeep\n|turn|7\n|\n|t:|1683811717\n|move|p2a: Flutter Mane|Thunderbolt|p1a: Glimmora\n|-damage|p1a: Glimmora|0 fnt\n|faint|p1a: Glimmora\n|\n|win|L0LZ4N0m4\n|raw|hit my whip's rating: 1246 → 1222<\/strong> (-24 for losing)\n|raw|L0LZ4N0m4's rating: 1262 → 1286<\/strong> (+24 for winning)\n","uploadtime":1683811723,"views":19,"p1id":"hitmywhip","p2id":"l0lz4n0m4","formatid":"gen9vgc2023regulationc","rating":1222,"private":0,"password":""}