{"id":"gen9vgc2023regulationc-1849015343","p1":"Lansha2009","p2":"SweetSerenityGrace","format":"[Gen 9] VGC 2023 Regulation C","log":"|j|\u2606Lansha2009\n|j|\u2606SweetSerenityGrace\n|t:|1682139296\n|gametype|doubles\n|player|p1|Lansha2009|iono|1000\n|player|p2|SweetSerenityGrace|iris-gen5bw2|1076\n|teamsize|p1|6\n|teamsize|p2|6\n|gen|9\n|tier|[Gen 9] VGC 2023 Regulation C\n|rated|\n|rule|Species Clause: Limit one of each Pok\u00e9mon\n|rule|Item Clause: Limit one of each item\n|clearpoke\n|poke|p1|Slaking, L50, M|\n|poke|p1|Medicham, L50, F|\n|poke|p1|Dondozo, L50, F|\n|poke|p1|Tatsugiri, L50, M|\n|poke|p1|Skeledirge, L50, F|\n|poke|p1|Torkoal, L50, M|\n|poke|p2|Flutter Mane, L50|\n|poke|p2|Chi-Yu, L50|\n|poke|p2|Chien-Pao, L50|\n|poke|p2|Dragonite, L50, F|\n|poke|p2|Grimmsnarl, L50, M|\n|poke|p2|Amoonguss, L50, F|\n|teampreview|4\n|c|\u2606Lansha2009|Hi\n|\n|t:|1682139310\n|start\n|switch|p1a: Slaking|Slaking, L50, M, shiny|100\/100\n|switch|p1b: Medicham|Medicham, L50, F, shiny|100\/100\n|switch|p2a: Big Missy|Flutter Mane, L50|100\/100\n|switch|p2b: Grimmsnarl|Grimmsnarl, L50, M|100\/100\n|-item|p1b: Medicham|Air Balloon\n|-enditem|p2a: Big Missy|Booster Energy\n|-activate|p2a: Big Missy|ability: Protosynthesis|[fromitem]\n|-start|p2a: Big Missy|protosynthesisspe\n|turn|1\n|c|\u2606SweetSerenityGrace|Hey\n|\n|t:|1682139332\n|move|p2b: Grimmsnarl|Reflect|p2b: Grimmsnarl\n|-sidestart|p2: SweetSerenityGrace|Reflect\n|move|p2a: Big Missy|Dazzling Gleam|p1a: Slaking|[spread] p1a,p1b\n|-supereffective|p1b: Medicham\n|-damage|p1a: Slaking|71\/100\n|-damage|p1b: Medicham|15\/100\n|-enditem|p1b: Medicham|Air Balloon\n|move|p1b: Medicham|Skill Swap|p1a: Slaking\n|-activate|p1b: Medicham|move: Skill Swap|||[of] p1a: Slaking\n|move|p1a: Slaking|Earthquake|p2a: Big Missy|[spread] p1b,p2a,p2b\n|-crit|p2a: Big Missy\n|-damage|p1b: Medicham|0 fnt\n|-damage|p2a: Big Missy|0 fnt\n|-damage|p2b: Grimmsnarl|51\/100\n|faint|p1b: Medicham\n|faint|p2a: Big Missy\n|-end|p2a: Big Missy|Protosynthesis|[silent]\n|\n|upkeep\n|\n|t:|1682139349\n|switch|p2a: Dragonite|Dragonite, L50, F|100\/100\n|switch|p1b: Dondozo|Dondozo, L50, F|100\/100\n|turn|2\n|\n|t:|1682139368\n|move|p2b: Grimmsnarl|Parting Shot|p1a: Slaking\n|-unboost|p1a: Slaking|atk|1\n|-unboost|p1a: Slaking|spa|1\n|\n|t:|1682139372\n|switch|p2b: Shroomie|Amoonguss, L50, F|100\/100|[from] Parting Shot\n|move|p1a: Slaking|Body Slam|p2a: Dragonite\n|-damage|p2a: Dragonite|78\/100\n|move|p2a: Dragonite|Dragon Dance|p2a: Dragonite\n|-boost|p2a: Dragonite|atk|1\n|-boost|p2a: Dragonite|spe|1\n|-enditem|p1a: Slaking|Mirror Herb\n|-boost|p1a: Slaking|atk|1|[from] item: Mirror Herb\n|-boost|p1a: Slaking|spe|1|[from] item: Mirror Herb\n|move|p1b: Dondozo|Aqua Tail|p2b: Shroomie\n|-resisted|p2b: Shroomie\n|-damage|p2b: Shroomie|88\/100\n|-damage|p1b: Dondozo|84\/100|[from] item: Rocky Helmet|[of] p2b: Shroomie\n|\n|upkeep\n|turn|3\n|\n|t:|1682139409\n|-terastallize|p2a: Dragonite|Normal\n|move|p2a: Dragonite|Extreme Speed|p1a: Slaking\n|-damage|p1a: Slaking|24\/100\n|move|p1a: Slaking|Fire Punch|p2b: Shroomie\n|-supereffective|p2b: Shroomie\n|-damage|p2b: Shroomie|17\/100\n|-damage|p1a: Slaking|8\/100|[from] item: Rocky Helmet|[of] p2b: Shroomie\n|move|p1b: Dondozo|Order Up|p2a: Dragonite\n|-crit|p2a: Dragonite\n|-damage|p2a: Dragonite|39\/100\n|move|p2b: Shroomie|Spore|p1b: Dondozo\n|-status|p1b: Dondozo|slp|[from] move: Spore\n|\n|upkeep\n|turn|4\n|\n|t:|1682139442\n|move|p2a: Dragonite|Extreme Speed|p1a: Slaking\n|-crit|p1a: Slaking\n|-damage|p1a: Slaking|0 fnt\n|faint|p1a: Slaking\n|cant|p1b: Dondozo|slp\n|move|p2b: Shroomie|Pollen Puff|p2a: Dragonite\n|-heal|p2a: Dragonite|89\/100\n|\n|upkeep\n|\n|t:|1682139452\n|switch|p1a: Tatsugiri|Tatsugiri, L50, M, shiny|100\/100\n|-activate|p1a: Tatsugiri|ability: Commander|[of] p1b: Dondozo\n|-boost|p1b: Dondozo|atk|2\n|-boost|p1b: Dondozo|spa|2\n|-boost|p1b: Dondozo|spe|2\n|-boost|p1b: Dondozo|def|2\n|-boost|p1b: Dondozo|spd|2\n|turn|5\n|\n|t:|1682139467\n|move|p2a: Dragonite|Extreme Speed|p1b: Dondozo\n|-damage|p1b: Dondozo|69\/100 slp\n|cant|p1b: Dondozo|slp\n|move|p2b: Shroomie|Clear Smog|p1b: Dondozo\n|-damage|p1b: Dondozo|64\/100 slp\n|-clearboost|p1b: Dondozo\n|\n|upkeep\n|turn|6\n|\n|t:|1682139482\n|switch|p2b: Grimmsnarl|Grimmsnarl, L50, M|51\/100\n|move|p2a: Dragonite|Extreme Speed|p1b: Dondozo\n|-damage|p1b: Dondozo|32\/100 slp\n|-curestatus|p1b: Dondozo|slp|[msg]\n|move|p1b: Dondozo|Crunch|p2b: Grimmsnarl\n|-resisted|p2b: Grimmsnarl\n|-damage|p2b: Grimmsnarl|48\/100\n|\n|upkeep\n|turn|7\n|\n|t:|1682139497\n|move|p2a: Dragonite|Extreme Speed|p1b: Dondozo\n|-damage|p1b: Dondozo|2\/100\n|move|p2b: Grimmsnarl|Parting Shot|p1b: Dondozo\n|-unboost|p1b: Dondozo|atk|1\n|-unboost|p1b: Dondozo|spa|1\n|\n|t:|1682139503\n|switch|p2b: Shroomie|Amoonguss, L50, F|50\/100|[from] Parting Shot\n|move|p1b: Dondozo|Aqua Tail|p2b: Shroomie\n|-resisted|p2b: Shroomie\n|-damage|p2b: Shroomie|43\/100\n|-damage|p1b: Dondozo|0 fnt|[from] item: Rocky Helmet|[of] p2b: Shroomie\n|faint|p1b: Dondozo\n|\n|upkeep\n|turn|8\n|\n|t:|1682139517\n|move|p2a: Dragonite|Extreme Speed|p1a: Tatsugiri\n|-damage|p1a: Tatsugiri|0 fnt\n|-damage|p2a: Dragonite|73\/100|[from] item: Rocky Helmet|[of] p1a: Tatsugiri\n|faint|p1a: Tatsugiri\n|\n|win|SweetSerenityGrace\n|raw|Lansha2009's rating: 1000 → 1000<\/strong> (+0 for losing)\n|raw|SweetSerenityGrace's rating: 1076 → 1098<\/strong> (+22 for winning)\n|c|\u2606Lansha2009|Gg\n|l|\u2606Lansha2009\n|c|\u2606SweetSerenityGrace|gg\n","uploadtime":1682139526,"views":12,"p1id":"lansha2009","p2id":"sweetserenitygrace","formatid":"gen9vgc2023regulationc","rating":1000,"private":0,"password":""}