{"id":"gen9vgc2023regulationc-1849806898","p1":"haha u rage quit","p2":"Nibolas","format":"[Gen 9] VGC 2023 Regulation C","log":"|j|\u2606haha u rage quit\n|j|\u2606Nibolas\n|t:|1682254717\n|gametype|doubles\n|player|p1|haha u rage quit|pokemaniac|1218\n|player|p2|Nibolas|n|1166\n|teamsize|p1|6\n|teamsize|p2|6\n|gen|9\n|tier|[Gen 9] VGC 2023 Regulation C\n|rated|\n|rule|Species Clause: Limit one of each Pok\u00e9mon\n|rule|Item Clause: Limit one of each item\n|clearpoke\n|poke|p1|Torkoal, L50, M|\n|poke|p1|Dondozo, L50, M|\n|poke|p1|Indeedee-F, L50, F|\n|poke|p1|Tatsugiri-Droopy, L50, M|\n|poke|p1|Kingambit, L50, M|\n|poke|p1|Hatterene, L50, F|\n|poke|p2|Salamence, L50, M|\n|poke|p2|Chi-Yu, L50|\n|poke|p2|Glimmora, L50, M|\n|poke|p2|Palafin, L50, F|\n|poke|p2|Great Tusk, L50|\n|poke|p2|Maushold-Four, L50|\n|teampreview|4\n|\n|t:|1682254742\n|start\n|switch|p1a: Indeedee|Indeedee-F, L50, F, shiny|100\/100\n|switch|p1b: Hatterene|Hatterene, L50, F|100\/100\n|switch|p2a: Salamence|Salamence, L50, M|100\/100\n|switch|p2b: Palafin|Palafin, L50, F, shiny|100\/100\n|-ability|p2a: Salamence|Intimidate|boost\n|-unboost|p1a: Indeedee|atk|1\n|-unboost|p1b: Hatterene|atk|1\n|-fieldstart|move: Psychic Terrain|[from] ability: Psychic Surge|[of] p1a: Indeedee\n|-enditem|p1a: Indeedee|Psychic Seed\n|-boost|p1a: Indeedee|spd|1|[from] item: Psychic Seed\n|turn|1\n|\n|t:|1682254758\n|move|p1a: Indeedee|Follow Me|p1a: Indeedee\n|-singleturn|p1a: Indeedee|move: Follow Me\n|move|p2a: Salamence|Air Slash|p1a: Indeedee\n|-damage|p1a: Indeedee|85\/100\n|move|p2b: Palafin|Taunt|p1a: Indeedee\n|-start|p1a: Indeedee|move: Taunt\n|move|p1b: Hatterene|Trick Room|p1b: Hatterene\n|-fieldstart|move: Trick Room|[of] p1b: Hatterene\n|\n|upkeep\n|turn|2\n|\n|t:|1682254783\n|switch|p1a: Torkoal|Torkoal, L50, M|100\/100\n|-weather|SunnyDay|[from] ability: Drought|[of] p1a: Torkoal\n|-terastallize|p1b: Hatterene|Fairy\n|-terastallize|p2a: Salamence|Steel\n|move|p2b: Palafin|Protect|p2b: Palafin\n|-singleturn|p2b: Palafin|Protect\n|move|p1b: Hatterene|Dazzling Gleam|p2a: Salamence|[spread] p2a\n|-activate|p2b: Palafin|move: Protect\n|-resisted|p2a: Salamence\n|-crit|p2a: Salamence\n|-damage|p2a: Salamence|68\/100\n|move|p2a: Salamence|Air Slash|p1b: Hatterene\n|-damage|p1b: Hatterene|67\/100\n|\n|-weather|SunnyDay|[upkeep]\n|upkeep\n|turn|3\n|inactive|Battle timer is ON: inactive players will automatically lose when time's up. (requested by haha u rage quit)\n|\n|t:|1682254809\n|detailschange|p2b: Palafin|Palafin-Hero, L50, F, shiny\n|switch|p2b: Glimmora|Glimmora, L50, M, shiny|100\/100\n|move|p2a: Salamence|Protect|p2a: Salamence\n|-singleturn|p2a: Salamence|Protect\n|move|p1a: Torkoal|Eruption|p2a: Salamence|[spread] p2b\n|-activate|p2a: Salamence|move: Protect\n|-resisted|p2b: Glimmora\n|-damage|p2b: Glimmora|70\/100\n|move|p1b: Hatterene|Dazzling Gleam|p2a: Salamence|[spread] p2b\n|-activate|p2a: Salamence|move: Protect\n|-resisted|p2b: Glimmora\n|-damage|p2b: Glimmora|51\/100\n|\n|-weather|SunnyDay|[upkeep]\n|upkeep\n|turn|4\n|inactive|Nibolas has 30 seconds left.\n|\n|t:|1682254836\n|move|p1a: Torkoal|Eruption|p2b: Glimmora|[spread] p2a,p2b\n|-supereffective|p2a: Salamence\n|-resisted|p2b: Glimmora\n|-damage|p2a: Salamence|0 fnt\n|-damage|p2b: Glimmora|20\/100\n|faint|p2a: Salamence\n|move|p1b: Hatterene|Psychic|p2b: Glimmora\n|-supereffective|p2b: Glimmora\n|-damage|p2b: Glimmora|0 fnt\n|faint|p2b: Glimmora\n|\n|-weather|SunnyDay|[upkeep]\n|upkeep\n|\n|t:|1682254848\n|switch|p2b: Great Tusk|Great Tusk, L50|100\/100\n|switch|p2a: Palafin|Palafin-Hero, L50, F, shiny|100\/100\n|-activate|p2a: Palafin|ability: Zero to Hero\n|-activate|p2b: Great Tusk|ability: Protosynthesis\n|-start|p2b: Great Tusk|protosynthesisatk\n|turn|5\n|\n|t:|1682254865\n|switch|p1a: Indeedee|Indeedee-F, L50, F, shiny|85\/100\n|move|p2a: Palafin|Protect|p2a: Palafin\n|-singleturn|p2a: Palafin|Protect\n|move|p1b: Hatterene|Dazzling Gleam|p2a: Palafin|[spread] p2b\n|-activate|p2a: Palafin|move: Protect\n|-supereffective|p2b: Great Tusk\n|-damage|p2b: Great Tusk|0 fnt\n|faint|p2b: Great Tusk\n|-end|p2b: Great Tusk|Protosynthesis|[silent]\n|\n|-weather|SunnyDay|[upkeep]\n|-fieldend|move: Trick Room\n|-fieldend|move: Psychic Terrain\n|upkeep\n|turn|6\n|inactive|Nibolas has 30 seconds left.\n|inactive|Nibolas has 20 seconds left.\n|inactive|Nibolas has 15 seconds left.\n|inactive|Nibolas has 10 seconds left.\n|\n|t:|1682254912\n|move|p1a: Indeedee|Follow Me|p1a: Indeedee\n|-singleturn|p1a: Indeedee|move: Follow Me\n|move|p2a: Palafin|Wave Crash|p1a: Indeedee\n|-damage|p1a: Indeedee|20\/100\n|-damage|p2a: Palafin|82\/100|[from] Recoil\n|move|p1b: Hatterene|Trick Room|p1b: Hatterene\n|-fieldstart|move: Trick Room|[of] p1b: Hatterene\n|\n|-weather|none\n|upkeep\n|turn|7\n|\n|t:|1682254924\n|move|p1a: Indeedee|Follow Me|p1a: Indeedee\n|-singleturn|p1a: Indeedee|move: Follow Me\n|move|p2a: Palafin|Jet Punch|p1a: Indeedee\n|-damage|p1a: Indeedee|0 fnt\n|faint|p1a: Indeedee\n|move|p1b: Hatterene|Psychic|p2a: Palafin\n|-damage|p2a: Palafin|19\/100\n|\n|upkeep\n|\n|t:|1682254929\n|switch|p1a: Kingambit|Kingambit, L50, M, shiny|100\/100\n|turn|8\n|\n|t:|1682254944\n|move|p1b: Hatterene|Protect|p1b: Hatterene\n|-singleturn|p1b: Hatterene|Protect\n|move|p2a: Palafin|Protect|p2a: Palafin\n|-singleturn|p2a: Palafin|Protect\n|move|p1a: Kingambit|Kowtow Cleave|p2a: Palafin\n|-activate|p2a: Palafin|move: Protect\n|\n|upkeep\n|turn|9\n|\n|t:|1682254953\n|move|p2a: Palafin|Jet Punch|p1b: Hatterene\n|-damage|p1b: Hatterene|10\/100\n|move|p1b: Hatterene|Psychic|p2a: Palafin\n|-damage|p2a: Palafin|0 fnt\n|faint|p2a: Palafin\n|\n|win|haha u rage quit\n|raw|haha u rage quit's rating: 1218 → 1237<\/strong> (+19 for winning)\n|raw|Nibolas's rating: 1140 → 1121<\/strong> (-19 for losing)\n|l|\u2606Nibolas\n","uploadtime":1682254966,"views":17,"p1id":"hahauragequit","p2id":"nibolas","formatid":"gen9vgc2023regulationc","rating":1121,"private":0,"password":""}