{"id":"gen9vgc2023regulationc-1849959508","p1":"Nellicopter","p2":"N3rdSl4y3r","format":"[Gen 9] VGC 2023 Regulation C","log":"|j|\u2606Nellicopter\n|j|\u2606N3rdSl4y3r\n|t:|1682272369\n|gametype|doubles\n|player|p1|Nellicopter|scientistf|1343\n|player|p2|N3rdSl4y3r|rika|1354\n|teamsize|p1|6\n|teamsize|p2|6\n|gen|9\n|tier|[Gen 9] VGC 2023 Regulation C\n|rated|\n|rule|Species Clause: Limit one of each Pok\u00e9mon\n|rule|Item Clause: Limit one of each item\n|clearpoke\n|poke|p1|Chi-Yu, L50|\n|poke|p1|Dachsbun, L50, F|\n|poke|p1|Flutter Mane, L50|\n|poke|p1|Torkoal, L50, M|\n|poke|p1|Great Tusk, L50|\n|poke|p1|Murkrow, L50, M|\n|poke|p2|Breloom, L50, M|\n|poke|p2|Chi-Yu, L50|\n|poke|p2|Palafin, L50, M|\n|poke|p2|Baxcalibur, L50, M|\n|poke|p2|Flutter Mane, L50|\n|poke|p2|Maushold-Four, L50|\n|teampreview|4\n|\n|t:|1682272390\n|start\n|switch|p1a: Torkoal|Torkoal, L50, M|100\/100\n|switch|p1b: Flutter Mane|Flutter Mane, L50|100\/100\n|switch|p2a: GOAT|Breloom, L50, M, shiny|100\/100\n|switch|p2b: Flutter Mane|Flutter Mane, L50, shiny|100\/100\n|-weather|SunnyDay|[from] ability: Drought|[of] p1a: Torkoal\n|-activate|p1b: Flutter Mane|ability: Protosynthesis\n|-start|p1b: Flutter Mane|protosynthesisspe\n|-activate|p2b: Flutter Mane|ability: Protosynthesis\n|-start|p2b: Flutter Mane|protosynthesisspa\n|-item|p1a: Torkoal|Air Balloon\n|turn|1\n|\n|t:|1682272427\n|-end|p2b: Flutter Mane|Protosynthesis|[silent]\n|switch|p2b: Chi-Nuke|Chi-Yu, L50|100\/100\n|-ability|p2b: Chi-Nuke|Beads of Ruin\n|-terastallize|p1b: Flutter Mane|Fairy\n|-terastallize|p2a: GOAT|Fire\n|move|p1b: Flutter Mane|Moonblast|p2b: Chi-Nuke\n|-damage|p2b: Chi-Nuke|0 fnt\n|faint|p2b: Chi-Nuke\n|move|p2a: GOAT|Bullet Seed|p1b: Flutter Mane\n|-damage|p1b: Flutter Mane|51\/100\n|-damage|p1b: Flutter Mane|7\/100\n|-damage|p1b: Flutter Mane|0 fnt\n|faint|p1b: Flutter Mane\n|-end|p1b: Flutter Mane|Protosynthesis|[silent]\n|-hitcount|p1: Flutter Mane|3\n|move|p1a: Torkoal|Eruption|p2a: GOAT\n|-resisted|p2a: GOAT\n|-damage|p2a: GOAT|22\/100\n|\n|-weather|SunnyDay|[upkeep]\n|upkeep\n|\n|t:|1682272449\n|switch|p1b: Great Tusk|Great Tusk, L50|100\/100\n|switch|p2b: Flutter Mane|Flutter Mane, L50, shiny|100\/100\n|-activate|p2b: Flutter Mane|ability: Protosynthesis\n|-start|p2b: Flutter Mane|protosynthesisspa\n|-activate|p1b: Great Tusk|ability: Protosynthesis\n|-start|p1b: Great Tusk|protosynthesisatk\n|turn|2\n|\n|t:|1682272472\n|move|p2b: Flutter Mane|Moonblast|p1b: Great Tusk\n|-supereffective|p1b: Great Tusk\n|-enditem|p1b: Great Tusk|Focus Sash\n|-damage|p1b: Great Tusk|1\/100\n|move|p1b: Great Tusk|Headlong Rush|p2b: Flutter Mane\n|-damage|p2b: Flutter Mane|0 fnt\n|-unboost|p1b: Great Tusk|def|1\n|-unboost|p1b: Great Tusk|spd|1\n|faint|p2b: Flutter Mane\n|-end|p2b: Flutter Mane|Protosynthesis|[silent]\n|move|p2a: GOAT|Spore|p1a: Torkoal\n|-status|p1a: Torkoal|slp|[from] move: Spore\n|cant|p1a: Torkoal|slp\n|\n|-weather|SunnyDay|[upkeep]\n|upkeep\n|\n|t:|1682272485\n|switch|p2b: Dollar Store Sword|Baxcalibur, L50, M|100\/100\n|turn|3\n|\n|t:|1682272498\n|-end|p1b: Great Tusk|Protosynthesis|[silent]\n|switch|p1b: Chi-Yu|Chi-Yu, L50|100\/100\n|-ability|p1b: Chi-Yu|Beads of Ruin\n|move|p2a: GOAT|Mach Punch|p1b: Chi-Yu\n|-supereffective|p1b: Chi-Yu\n|-damage|p1b: Chi-Yu|0 fnt\n|faint|p1b: Chi-Yu\n|move|p2b: Dollar Store Sword|Glaive Rush|p1a: Torkoal\n|-damage|p1a: Torkoal|46\/100 slp\n|-singlemove|p2b: Dollar Store Sword|Glaive Rush|[silent]\n|-enditem|p1a: Torkoal|Air Balloon\n|cant|p1a: Torkoal|slp\n|\n|-weather|SunnyDay|[upkeep]\n|upkeep\n|\n|t:|1682272513\n|switch|p1b: Great Tusk|Great Tusk, L50|1\/100\n|-activate|p1b: Great Tusk|ability: Protosynthesis\n|-start|p1b: Great Tusk|protosynthesisatk\n|turn|4\n|\n|t:|1682272523\n|move|p1b: Great Tusk|Protect|p1b: Great Tusk\n|-singleturn|p1b: Great Tusk|Protect\n|move|p2a: GOAT|Mach Punch|p1b: Great Tusk\n|-activate|p1b: Great Tusk|move: Protect\n|move|p2b: Dollar Store Sword|Glaive Rush|p1a: Torkoal\n|-damage|p1a: Torkoal|0 fnt\n|-singlemove|p2b: Dollar Store Sword|Glaive Rush|[silent]\n|faint|p1a: Torkoal\n|\n|-weather|SunnyDay|[upkeep]\n|upkeep\n|turn|5\n|\n|t:|1682272538\n|move|p2b: Dollar Store Sword|Ice Shard|p1b: Great Tusk\n|-supereffective|p1b: Great Tusk\n|-damage|p1b: Great Tusk|0 fnt\n|faint|p1b: Great Tusk\n|-end|p1b: Great Tusk|Protosynthesis|[silent]\n|\n|win|N3rdSl4y3r\n|raw|Nellicopter's rating: 1343 → 1324<\/strong> (-19 for losing)\n|raw|N3rdSl4y3r's rating: 1354 → 1373<\/strong> (+19 for winning)\n|l|\u2606Nellicopter\n","uploadtime":1682272546,"views":9,"p1id":"nellicopter","p2id":"n3rdsl4y3r","formatid":"gen9vgc2023regulationc","rating":1324,"private":0,"password":""}