{"id":"gen9vgc2023regulationc-1862913815","p1":"zessozessozesso","p2":"foiledfeline","format":"[Gen 9] VGC 2023 Regulation C","log":"|j|\u2606zessozessozesso\n|j|\u2606foiledfeline\n|t:|1683937643\n|gametype|doubles\n|player|p1|zessozessozesso|102|1430\n|player|p2|foiledfeline|steven|1375\n|teamsize|p1|6\n|teamsize|p2|6\n|gen|9\n|tier|[Gen 9] VGC 2023 Regulation C\n|rated|\n|rule|Species Clause: Limit one of each Pok\u00e9mon\n|rule|Item Clause: Limit one of each item\n|clearpoke\n|poke|p1|Murkrow, L50, M|\n|poke|p1|Great Tusk, L50|\n|poke|p1|Iron Bundle, L50|\n|poke|p1|Flutter Mane, L50|\n|poke|p1|Gyarados, L50, F|\n|poke|p1|Amoonguss, L50, M|\n|poke|p2|Chi-Yu, L50|\n|poke|p2|Talonflame, L50, F|\n|poke|p2|Breloom, L50, M|\n|poke|p2|Gyarados, L50, F|\n|poke|p2|Garchomp, L50, F|\n|poke|p2|Flutter Mane, L50|\n|teampreview|4\n|inactive|Battle timer is ON: inactive players will automatically lose when time's up. (requested by zessozessozesso)\nfoiledfeline has agreed to open team sheets.\n|inactive|zessozessozesso has 60 seconds left.\n|inactive|foiledfeline has 60 seconds left.\nzessozessozesso has agreed to open team sheets.\n|c|\u2606zessozessozesso|Glhf\n|inactive|foiledfeline has 30 seconds left.\n|inactive|foiledfeline has 20 seconds left.\n|inactive|foiledfeline has 15 seconds left.\n|inactive|foiledfeline has 10 seconds left.\n|\n|t:|1683937726\n|start\n|switch|p1a: Iron Bundle|Iron Bundle, L50|100\/100\n|switch|p1b: Flutter Mane|Flutter Mane, L50|100\/100\n|switch|p2a: Talonflame|Talonflame, L50, F|100\/100\n|switch|p2b: Breloom|Breloom, L50, M|100\/100\n|-enditem|p1a: Iron Bundle|Booster Energy\n|-activate|p1a: Iron Bundle|ability: Quark Drive|[fromitem]\n|-start|p1a: Iron Bundle|quarkdrivespe\n|turn|1\n|\n|t:|1683937749\n|-terastallize|p1a: Iron Bundle|Ghost\n|move|p2a: Talonflame|Tailwind|p2a: Talonflame\n|-sidestart|p2: foiledfeline|move: Tailwind\n|move|p1a: Iron Bundle|Icy Wind|p2b: Breloom|[spread] p2a,p2b\n|-supereffective|p2b: Breloom\n|-damage|p2a: Talonflame|75\/100\n|-damage|p2b: Breloom|34\/100\n|-unboost|p2a: Talonflame|spe|1\n|-unboost|p2b: Breloom|spe|1\n|move|p2b: Breloom|Bullet Seed|p1a: Iron Bundle\n|-damage|p1a: Iron Bundle|74\/100\n|-damage|p1a: Iron Bundle|47\/100\n|-hitcount|p1a: Iron Bundle|2\n|move|p1b: Flutter Mane|Dazzling Gleam|p2b: Breloom|[spread] p2a,p2b\n|-resisted|p2a: Talonflame\n|-supereffective|p2b: Breloom\n|-damage|p2a: Talonflame|37\/100\n|-damage|p2b: Breloom|0 fnt\n|faint|p2b: Breloom\n|-damage|p1b: Flutter Mane|91\/100|[from] item: Life Orb\n|\n|upkeep\n|\n|t:|1683937768\n|switch|p2b: Garchomp|Garchomp, L50, F|100\/100\n|turn|2\n|inactive|zessozessozesso has 30 seconds left.\n|inactive|zessozessozesso has 20 seconds left.\n|inactive|zessozessozesso has 15 seconds left.\n|\n|t:|1683937812\n|move|p1a: Iron Bundle|Protect|p1a: Iron Bundle\n|-singleturn|p1a: Iron Bundle|Protect\n|move|p2b: Garchomp|Protect|p2b: Garchomp\n|-singleturn|p2b: Garchomp|Protect\n|move|p2a: Talonflame|Brave Bird|p1b: Flutter Mane\n|-damage|p1b: Flutter Mane|0 fnt\n|faint|p1b: Flutter Mane\n|-end|p1b: Flutter Mane|Protosynthesis|[silent]\n|-damage|p2a: Talonflame|6\/100|[from] Recoil\n|-damage|p2a: Talonflame|0 fnt|[from] item: Life Orb\n|faint|p2a: Talonflame\n|\n|upkeep\n|\n|t:|1683937827\n|switch|p2a: Flutter Mane|Flutter Mane, L50|100\/100\n|switch|p1b: Murkrow|Murkrow, L50, M|100\/100\n|-enditem|p2a: Flutter Mane|Booster Energy\n|-activate|p2a: Flutter Mane|ability: Protosynthesis|[fromitem]\n|-start|p2a: Flutter Mane|protosynthesisspa\n|turn|3\n|inactive|zessozessozesso has 30 seconds left.\n|inactive|foiledfeline has 30 seconds left.\n|\n|t:|1683937860\n|-terastallize|p2b: Garchomp|Fire\n|move|p1b: Murkrow|Tailwind|p1b: Murkrow\n|-sidestart|p1: zessozessozesso|move: Tailwind\n|move|p1a: Iron Bundle|Encore|p2b: Garchomp\n|-start|p2b: Garchomp|Encore\n|move|p2a: Flutter Mane|Dazzling Gleam|p1b: Murkrow|[spread] p1a,p1b\n|-supereffective|p1b: Murkrow\n|-damage|p1a: Iron Bundle|0 fnt\n|-damage|p1b: Murkrow|17\/100\n|faint|p1a: Iron Bundle\n|-end|p1a: Iron Bundle|Quark Drive|[silent]\n|move|p2b: Garchomp|Protect||[still]\n|-fail|p2b: Garchomp\n|\n|upkeep\n|\n|t:|1683937868\n|switch|p1a: Great Tusk|Great Tusk, L50|100\/100\n|turn|4\n|inactive|foiledfeline has 30 seconds left.\n|\n|t:|1683937897\n|move|p2b: Garchomp|Protect|p2b: Garchomp\n|-singleturn|p2b: Garchomp|Protect\n|move|p1b: Murkrow|Sunny Day|p1b: Murkrow\n|-weather|SunnyDay\n|-activate|p1a: Great Tusk|ability: Protosynthesis\n|-start|p1a: Great Tusk|protosynthesisatk\n|move|p2a: Flutter Mane|Moonblast|p1a: Great Tusk\n|-supereffective|p1a: Great Tusk\n|-damage|p1a: Great Tusk|6\/100\n|move|p1a: Great Tusk|Headlong Rush|p2a: Flutter Mane\n|-damage|p2a: Flutter Mane|0 fnt\n|-unboost|p1a: Great Tusk|def|1\n|-unboost|p1a: Great Tusk|spd|1\n|faint|p2a: Flutter Mane\n|-end|p2a: Flutter Mane|Protosynthesis|[silent]\n|\n|-weather|SunnyDay|[upkeep]\n|-sideend|p2: foiledfeline|move: Tailwind\n|upkeep\n|turn|5\n|\n|t:|1683937919\n|move|p2b: Garchomp|Protect||[still]\n|-fail|p2b: Garchomp\n|move|p1a: Great Tusk|Headlong Rush|p2b: Garchomp\n|-supereffective|p2b: Garchomp\n|-damage|p2b: Garchomp|0 fnt\n|-unboost|p1a: Great Tusk|def|1\n|-unboost|p1a: Great Tusk|spd|1\n|-damage|p1a: Great Tusk|0 fnt|[from] ability: Rough Skin|[of] p2b: Garchomp\n|faint|p2b: Garchomp\n|faint|p1a: Great Tusk\n|-end|p1a: Great Tusk|Protosynthesis|[silent]\n|\n|win|zessozessozesso\n|raw|zessozessozesso's rating: 1430 → 1447<\/strong> (+17 for winning)\n|raw|foiledfeline's rating: 1375 → 1358<\/strong> (-17 for losing)\n","uploadtime":1683937930,"views":10,"p1id":"zessozessozesso","p2id":"foiledfeline","formatid":"gen9vgc2023regulationc","rating":1358,"private":0,"password":""}