{"id":"gen9vgc2023regulationc-1852262832","p1":"Fekasu","p2":"tanobaum","format":"[Gen 9] VGC 2023 Regulation C","log":"|j|\u2606Fekasu\n|j|\u2606tanobaum\n|t:|1682537928\n|gametype|doubles\n|player|p1|Fekasu|pokekid|1631\n|player|p2|tanobaum|norman|1680\n|teamsize|p1|6\n|teamsize|p2|6\n|gen|9\n|tier|[Gen 9] VGC 2023 Regulation C\n|rated|\n|rule|Species Clause: Limit one of each Pok\u00e9mon\n|rule|Item Clause: Limit one of each item\n|clearpoke\n|poke|p1|Baxcalibur, L50, F|\n|poke|p1|Arcanine, L50, F|\n|poke|p1|Amoonguss, L50, F|\n|poke|p1|Rotom-Wash, L50|\n|poke|p1|Corviknight, L50, M|\n|poke|p1|Flutter Mane, L50|\n|poke|p2|Tyranitar, L50, F|\n|poke|p2|Hatterene, L50, F|\n|poke|p2|Torkoal, L50, M|\n|poke|p2|Farigiraf, L50, F|\n|poke|p2|Hariyama, L50, F|\n|poke|p2|Amoonguss, L50, M|\n|teampreview|4\n|inactive|Battle timer is ON: inactive players will automatically lose when time's up. (requested by tanobaum)\n|inactive|tanobaum has 60 seconds left.\n|\n|t:|1682537967\n|start\n|switch|p1a: Flutter Mane|Flutter Mane, L50|100\/100\n|switch|p1b: Rotom|Rotom-Wash, L50|100\/100\n|switch|p2a: Farigiraf|Farigiraf, L50, F|100\/100\n|switch|p2b: Hariyama|Hariyama, L50, F|100\/100\n|-enditem|p1a: Flutter Mane|Booster Energy\n|-activate|p1a: Flutter Mane|ability: Protosynthesis|[fromitem]\n|-start|p1a: Flutter Mane|protosynthesisspe\n|turn|1\n|\n|t:|1682537990\n|-terastallize|p2b: Hariyama|Steel\n|move|p2b: Hariyama|Fake Out|p1b: Rotom\n|-damage|p1b: Rotom|84\/100\n|move|p1a: Flutter Mane|Substitute|p1a: Flutter Mane\n|-start|p1a: Flutter Mane|Substitute\n|-damage|p1a: Flutter Mane|76\/100\n|cant|p1b: Rotom|flinch\n|move|p2a: Farigiraf|Trick Room|p2a: Farigiraf\n|-fieldstart|move: Trick Room|[of] p2a: Farigiraf\n|\n|-status|p2b: Hariyama|brn|[from] item: Flame Orb\n|upkeep\n|turn|2\n|\n|t:|1682538010\n|switch|p2a: Torkoal|Torkoal, L50, M|100\/100\n|-weather|SunnyDay|[from] ability: Drought|[of] p2a: Torkoal\n|move|p1a: Flutter Mane|Protect|p1a: Flutter Mane\n|-singleturn|p1a: Flutter Mane|Protect\n|move|p2b: Hariyama|Close Combat|p1b: Rotom\n|-damage|p1b: Rotom|0 fnt\n|-unboost|p2b: Hariyama|def|1\n|-unboost|p2b: Hariyama|spd|1\n|faint|p1b: Rotom\n|\n|-weather|SunnyDay|[upkeep]\n|-damage|p2b: Hariyama|95\/100 brn|[from] brn\n|upkeep\n|\n|t:|1682538031\n|switch|p1b: Baxcalibur|Baxcalibur, L50, F|100\/100\n|turn|3\n|\n|t:|1682538043\n|move|p1b: Baxcalibur|Protect|p1b: Baxcalibur\n|-singleturn|p1b: Baxcalibur|Protect\n|move|p2a: Torkoal|Eruption|p1a: Flutter Mane|[spread] p1a\n|-activate|p1b: Baxcalibur|move: Protect\n|-end|p1a: Flutter Mane|Substitute\n|move|p2b: Hariyama|Headlong Rush|p1a: Flutter Mane\n|-damage|p1a: Flutter Mane|0 fnt\n|-unboost|p2b: Hariyama|def|1\n|-unboost|p2b: Hariyama|spd|1\n|faint|p1a: Flutter Mane\n|-end|p1a: Flutter Mane|Protosynthesis|[silent]\n|\n|-weather|SunnyDay|[upkeep]\n|-damage|p2b: Hariyama|89\/100 brn|[from] brn\n|upkeep\n|\n|t:|1682538059\n|switch|p1a: Arcanine|Arcanine, L50, F|100\/100\n|-ability|p1a: Arcanine|Intimidate|boost\n|-unboost|p2a: Torkoal|atk|1\n|-unboost|p2b: Hariyama|atk|1\n|turn|4\n|\n|t:|1682538078\n|-terastallize|p1b: Baxcalibur|Ground\n|move|p1a: Arcanine|Protect|p1a: Arcanine\n|-singleturn|p1a: Arcanine|Protect\n|move|p2a: Torkoal|Eruption|p1b: Baxcalibur|[spread] p1b\n|-activate|p1a: Arcanine|move: Protect\n|-damage|p1b: Baxcalibur|0 fnt\n|faint|p1b: Baxcalibur\n|move|p2b: Hariyama|Headlong Rush|p1a: Arcanine\n|-activate|p1a: Arcanine|move: Protect\n|\n|-weather|SunnyDay|[upkeep]\n|-damage|p2b: Hariyama|83\/100 brn|[from] brn\n|upkeep\n|turn|5\n|j| Kital\n|l| Kital\n|\n|t:|1682538091\n|move|p1a: Arcanine|Protect|p1a: Arcanine\n|-singleturn|p1a: Arcanine|Protect\n|move|p2a: Torkoal|Eruption|p1a: Arcanine\n|-activate|p1a: Arcanine|move: Protect\n|move|p2b: Hariyama|Close Combat|p1a: Arcanine\n|-activate|p1a: Arcanine|move: Protect\n|\n|-weather|SunnyDay|[upkeep]\n|-damage|p2b: Hariyama|77\/100 brn|[from] brn\n|-fieldend|move: Trick Room\n|upkeep\n|turn|6\n|\n|t:|1682538110\n|switch|p2b: Farigiraf|Farigiraf, L50, F|100\/100\n|move|p1a: Arcanine|Flare Blitz|p2b: Farigiraf\n|-damage|p2b: Farigiraf|22\/100\n|-damage|p1a: Arcanine|66\/100|[from] Recoil\n|move|p2a: Torkoal|Eruption|p1a: Arcanine\n|-resisted|p1a: Arcanine\n|-damage|p1a: Arcanine|0 fnt\n|faint|p1a: Arcanine\n|\n|win|tanobaum\n|raw|Fekasu's rating: 1631 → 1614<\/strong> (-17 for losing)\n|raw|tanobaum's rating: 1680 → 1697<\/strong> (+17 for winning)\n|l|\u2606Fekasu\n","uploadtime":1682538159,"views":11,"p1id":"fekasu","p2id":"tanobaum","formatid":"gen9vgc2023regulationc","rating":1614,"private":0,"password":""}