{"id":"gen9vgc2023regulationc-1849926042","p1":"Sthella","p2":"feaqx","format":"[Gen 9] VGC 2023 Regulation C","log":"|j|\u2606Sthella\n|j|\u2606feaqx\n|t:|1682268828\n|gametype|doubles\n|player|p1|Sthella|rocketgruntf|1126\n|player|p2|feaqx|170|1086\n|teamsize|p1|6\n|teamsize|p2|6\n|gen|9\n|tier|[Gen 9] VGC 2023 Regulation C\n|rated|\n|rule|Species Clause: Limit one of each Pok\u00e9mon\n|rule|Item Clause: Limit one of each item\n|clearpoke\n|poke|p1|Great Tusk, L50|\n|poke|p1|Tyranitar, L50, M|\n|poke|p1|Houndstone, L50, F|\n|poke|p1|Lucario, L50, M|\n|poke|p1|Talonflame, L50, F|\n|poke|p1|Iron Bundle, L50|\n|poke|p2|Flutter Mane, L50|\n|poke|p2|Palafin, L50, M|\n|poke|p2|Arcanine, L50, M|\n|poke|p2|Amoonguss, L50, M|\n|poke|p2|Ting-Lu, L50|\n|poke|p2|Dragonite, L50, M|\n|teampreview|4\nfeaqx has agreed to open team sheets.\n|\n|t:|1682268859\n|start\n|switch|p1a: Tyranitar|Tyranitar, L50, M|100\/100\n|switch|p1b: Great Tusk|Great Tusk, L50|100\/100\n|switch|p2a: Palafin|Palafin, L50, M|100\/100\n|switch|p2b: Arcanine|Arcanine, L50, M|100\/100\n|-ability|p2b: Arcanine|Intimidate|boost\n|-unboost|p1a: Tyranitar|atk|1\n|-unboost|p1b: Great Tusk|atk|1\n|-weather|Sandstorm|[from] ability: Sand Stream|[of] p1a: Tyranitar\n|turn|1\n|\n|t:|1682268877\n|switch|p2b: Ting-Lu|Ting-Lu, L50|100\/100\n|-ability|p2b: Ting-Lu|Vessel of Ruin\n|detailschange|p2a: Palafin|Palafin-Hero, L50, M\n|switch|p2a: Amoonguss|Amoonguss, L50, M|100\/100\n|move|p1b: Great Tusk|Rock Slide|p2a: Amoonguss|[spread] p2a,p2b\n|-resisted|p2b: Ting-Lu\n|-damage|p2a: Amoonguss|88\/100\n|-damage|p2b: Ting-Lu|96\/100\n|move|p1a: Tyranitar|Rock Slide|p2b: Ting-Lu|[spread] p2a,p2b\n|-resisted|p2b: Ting-Lu\n|-damage|p2a: Amoonguss|73\/100\n|-damage|p2b: Ting-Lu|90\/100\n|\n|-weather|Sandstorm|[upkeep]\n|-damage|p2a: Amoonguss|67\/100|[from] Sandstorm\n|upkeep\n|turn|2\n|\n|t:|1682268898\n|switch|p1a: Talonflame|Talonflame, L50, F|100\/100\n|move|p1b: Great Tusk|Protect|p1b: Great Tusk\n|-singleturn|p1b: Great Tusk|Protect\n|move|p2a: Amoonguss|Rage Powder|p2a: Amoonguss\n|-singleturn|p2a: Amoonguss|move: Rage Powder\n|move|p2b: Ting-Lu|Ruination|p1b: Great Tusk\n|-activate|p1b: Great Tusk|move: Protect\n|\n|-weather|Sandstorm|[upkeep]\n|-damage|p2a: Amoonguss|61\/100|[from] Sandstorm\n|upkeep\n|turn|3\n|\n|t:|1682268927\n|switch|p2a: Arcanine|Arcanine, L50, M|100\/100\n|-ability|p2a: Arcanine|Intimidate|boost\n|-unboost|p1a: Talonflame|atk|1\n|-unboost|p1b: Great Tusk|atk|1\n|move|p1a: Talonflame|Taunt|p2a: Arcanine\n|-start|p2a: Arcanine|move: Taunt\n|move|p1b: Great Tusk|Close Combat|p2b: Ting-Lu\n|-supereffective|p2b: Ting-Lu\n|-damage|p2b: Ting-Lu|42\/100\n|-unboost|p1b: Great Tusk|def|1\n|-unboost|p1b: Great Tusk|spd|1\n|move|p2b: Ting-Lu|Ruination|p1b: Great Tusk|[miss]\n|-miss|p2b: Ting-Lu|p1b: Great Tusk\n|\n|-weather|Sandstorm|[upkeep]\n|-damage|p2a: Arcanine|94\/100|[from] Sandstorm\n|upkeep\n|turn|4\n|inactive|Battle timer is ON: inactive players will automatically lose when time's up. (requested by feaqx)\n|\n|t:|1682268948\n|-end|p1b: Great Tusk|Protosynthesis|[silent]\n|switch|p1b: Tyranitar|Tyranitar, L50, M|100\/100\n|switch|p2b: Amoonguss|Amoonguss, L50, M|94\/100\n|move|p1a: Talonflame|Tailwind|p1a: Talonflame\n|-sidestart|p1: Sthella|move: Tailwind\n|move|p2a: Arcanine|Flare Blitz|p1b: Tyranitar\n|-resisted|p1b: Tyranitar\n|-crit|p1b: Tyranitar\n|-damage|p1b: Tyranitar|70\/100\n|-damage|p2a: Arcanine|84\/100|[from] Recoil\n|\n|-weather|Sandstorm|[upkeep]\n|-damage|p2a: Arcanine|78\/100|[from] Sandstorm\n|-damage|p2b: Amoonguss|88\/100|[from] Sandstorm\n|upkeep\n|turn|5\n|\n|t:|1682268967\n|switch|p2a: Ting-Lu|Ting-Lu, L50|42\/100\n|-ability|p2a: Ting-Lu|Vessel of Ruin\n|move|p1a: Talonflame|Taunt|p2b: Amoonguss\n|-start|p2b: Amoonguss|move: Taunt\n|move|p1b: Tyranitar|Rock Slide|p2b: Amoonguss|[spread] p2a,p2b\n|-resisted|p2a: Ting-Lu\n|-damage|p2a: Ting-Lu|33\/100\n|-damage|p2b: Amoonguss|63\/100\n|cant|p2b: Amoonguss|flinch\n|\n|-weather|none\n|upkeep\n|turn|6\n|inactive|feaqx has 30 seconds left.\n|\n|t:|1682268993\n|switch|p2a: Arcanine|Arcanine, L50, M|78\/100\n|-ability|p2a: Arcanine|Intimidate|boost\n|-unboost|p1a: Talonflame|atk|1\n|-unboost|p1b: Tyranitar|atk|1\n|move|p1a: Talonflame|Brave Bird|p2b: Amoonguss\n|-supereffective|p2b: Amoonguss\n|-damage|p2b: Amoonguss|30\/100\n|-enditem|p2b: Amoonguss|Sitrus Berry|[eat]\n|-heal|p2b: Amoonguss|55\/100|[from] item: Sitrus Berry\n|-damage|p1a: Talonflame|85\/100|[from] Recoil\n|move|p1b: Tyranitar|Low Kick|p2a: Arcanine\n|-damage|p2a: Arcanine|48\/100\n|move|p2b: Amoonguss|Pollen Puff|p2a: Arcanine\n|-heal|p2a: Arcanine|97\/100\n|\n|upkeep\n|turn|7\n|inactive|feaqx has 30 seconds left.\n|inactive|Sthella has 30 seconds left.\n|inactive|Sthella has 20 seconds left.\n|inactive|Sthella has 15 seconds left.\n|\n|t:|1682269039\n|switch|p1a: Great Tusk|Great Tusk, L50|100\/100\n|switch|p2b: Palafin|Palafin-Hero, L50, M|100\/100\n|-activate|p2b: Palafin|ability: Zero to Hero\n|move|p1b: Tyranitar|Rock Slide|p2b: Palafin|[spread] p2a\n|-miss|p1b: Tyranitar|p2b: Palafin\n|-supereffective|p2a: Arcanine\n|-damage|p2a: Arcanine|49\/100\n|move|p2a: Arcanine|Will-O-Wisp|p1b: Tyranitar\n|-status|p1b: Tyranitar|brn\n|\n|-damage|p1b: Tyranitar|64\/100 brn|[from] brn\n|-sideend|p1: Sthella|move: Tailwind\n|upkeep\n|turn|8\n|inactive|feaqx has 30 seconds left.\n|inactive|feaqx has 20 seconds left.\n|\n|t:|1682269075\n|switch|p2a: Amoonguss|Amoonguss, L50, M|88\/100\n|move|p2b: Palafin|Protect|p2b: Palafin\n|-singleturn|p2b: Palafin|Protect\n|move|p1a: Great Tusk|Rock Slide|p2a: Amoonguss|[spread] p2a\n|-activate|p2b: Palafin|move: Protect\n|-damage|p2a: Amoonguss|72\/100\n|move|p1b: Tyranitar|Rock Slide|p2a: Amoonguss|[spread] p2a\n|-activate|p2b: Palafin|move: Protect\n|-damage|p2a: Amoonguss|63\/100\n|\n|-damage|p1b: Tyranitar|58\/100 brn|[from] brn\n|upkeep\n|turn|9\n|\n|t:|1682269092\n|switch|p1b: Talonflame|Talonflame, L50, F|85\/100\n|switch|p2a: Arcanine|Arcanine, L50, M|49\/100\n|-ability|p2a: Arcanine|Intimidate|boost\n|-unboost|p1a: Great Tusk|atk|1\n|-unboost|p1b: Talonflame|atk|1\n|-terastallize|p2b: Palafin|Water\n|move|p1a: Great Tusk|Headlong Rush|p2a: Arcanine\n|-supereffective|p2a: Arcanine\n|-damage|p2a: Arcanine|0 fnt\n|-unboost|p1a: Great Tusk|def|1\n|-unboost|p1a: Great Tusk|spd|1\n|faint|p2a: Arcanine\n|move|p2b: Palafin|Wave Crash|p1a: Great Tusk\n|-supereffective|p1a: Great Tusk\n|-enditem|p1a: Great Tusk|Focus Sash\n|-damage|p1a: Great Tusk|1\/100\n|-damage|p2b: Palafin|71\/100|[from] Recoil\n|\n|upkeep\n|\n|t:|1682269105\n|switch|p2a: Amoonguss|Amoonguss, L50, M|96\/100\n|turn|10\n|\n|t:|1682269115\n|move|p1a: Great Tusk|Protect|p1a: Great Tusk\n|-singleturn|p1a: Great Tusk|Protect\n|move|p2a: Amoonguss|Rage Powder|p2a: Amoonguss\n|-singleturn|p2a: Amoonguss|move: Rage Powder\n|move|p2b: Palafin|Jet Punch|p1b: Talonflame\n|-supereffective|p1b: Talonflame\n|-damage|p1b: Talonflame|0 fnt\n|faint|p1b: Talonflame\n|\n|upkeep\n|\n|t:|1682269123\n|switch|p1b: Tyranitar|Tyranitar, L50, M|58\/100 brn\n|-weather|Sandstorm|[from] ability: Sand Stream|[of] p1b: Tyranitar\n|turn|11\n|\n|t:|1682269132\n|-end|p1a: Great Tusk|Protosynthesis|[silent]\n|switch|p1a: Houndstone|Houndstone, L50, F|100\/100\n|move|p2b: Palafin|Jet Punch|p1a: Houndstone\n|-damage|p1a: Houndstone|30\/100\n|-enditem|p1a: Houndstone|Sitrus Berry|[eat]\n|-heal|p1a: Houndstone|55\/100|[from] item: Sitrus Berry\n|move|p1b: Tyranitar|Rock Slide|p2b: Palafin|[spread] p2a,p2b\n|-damage|p2a: Amoonguss|84\/100\n|-damage|p2b: Palafin|58\/100\n|move|p2a: Amoonguss|Pollen Puff|p2b: Palafin\n|-heal|p2b: Palafin|100\/100\n|\n|-weather|Sandstorm|[upkeep]\n|-damage|p2b: Palafin|95\/100|[from] Sandstorm\n|-damage|p2a: Amoonguss|78\/100|[from] Sandstorm\n|-damage|p1b: Tyranitar|52\/100 brn|[from] brn\n|upkeep\n|turn|12\n|\n|t:|1682269155\n|move|p2a: Amoonguss|Rage Powder|p2a: Amoonguss\n|-singleturn|p2a: Amoonguss|move: Rage Powder\n|move|p2b: Palafin|Jet Punch|p1a: Houndstone\n|-damage|p1a: Houndstone|0 fnt\n|faint|p1a: Houndstone\n|move|p1b: Tyranitar|Rock Slide|p2a: Amoonguss|[spread] p2b\n|-miss|p1b: Tyranitar|p2a: Amoonguss\n|-damage|p2b: Palafin|80\/100\n|\n|-weather|Sandstorm|[upkeep]\n|-damage|p2b: Palafin|74\/100|[from] Sandstorm\n|-damage|p2a: Amoonguss|72\/100|[from] Sandstorm\n|-damage|p1b: Tyranitar|46\/100 brn|[from] brn\n|upkeep\n|-message|Sthella forfeited.\n|\n|win|feaqx\n|raw|Sthella's rating: 1126 → 1098<\/strong> (-28 for losing)\n|raw|feaqx's rating: 1086 → 1116<\/strong> (+30 for winning)\n|l|\u2606Sthella\n","uploadtime":1682269171,"views":11,"p1id":"sthella","p2id":"feaqx","formatid":"gen9vgc2023regulationc","rating":1098,"private":0,"password":""}