{"id":"gen9vgc2023regulationc-1854875594","p1":"HeffNastyy","p2":"muddyswamppert","format":"[Gen 9] VGC 2023 Regulation C","log":"|j|\u2606HeffNastyy\n|j|\u2606muddyswamppert\n|t:|1682875960\n|gametype|doubles\n|player|p1|HeffNastyy|lance|\n|player|p2|muddyswamppert|cynthia-gen4|\n|teamsize|p1|6\n|teamsize|p2|6\n|gen|9\n|tier|[Gen 9] VGC 2023 Regulation C\n|rule|Species Clause: Limit one of each Pok\u00e9mon\n|rule|Item Clause: Limit one of each item\n|clearpoke\n|poke|p1|Garchomp, L50, F|\n|poke|p1|Chien-Pao, L50|\n|poke|p1|Talonflame, L50, M|\n|poke|p1|Gyarados, L50, F|\n|poke|p1|Flutter Mane, L50|\n|poke|p1|Iron Hands, L50|\n|poke|p2|Drednaw, L50, F|\n|poke|p2|Amoonguss, L50, F|\n|poke|p2|Pelipper, L50, M|\n|poke|p2|Baxcalibur, L50, F|\n|poke|p2|Scizor, L50, F|\n|poke|p2|Iron Valiant, L50|\n|teampreview|4\n|inactive|Battle timer is ON: inactive players will automatically lose when time's up. (requested by muddyswamppert)\n|inactiveoff|Battle timer is now OFF.\n|c|\u2606HeffNastyy|g2\nHeffNastyy has agreed to open team sheets.\n|c|\u2606muddyswamppert|g2\nmuddyswamppert has agreed to open team sheets.\n|c|\u2606muddyswamppert|glhf\n|c|\u2606HeffNastyy|u2\n|\n|t:|1682876355\n|start\n|switch|p1a: Phoenix|Talonflame, L50, M, shiny|100\/100\n|switch|p1b: Riley|Iron Hands, L50|100\/100\n|switch|p2a: Amoonguss|Amoonguss, L50, F|100\/100\n|switch|p2b: Pelipper|Pelipper, L50, M|100\/100\n|-weather|RainDance|[from] ability: Drizzle|[of] p2b: Pelipper\n|turn|1\n|\n|t:|1682876376\n|-terastallize|p1b: Riley|Grass\n|move|p1b: Riley|Fake Out|p2b: Pelipper\n|-crit|p2b: Pelipper\n|-damage|p2b: Pelipper|70\/100\n|move|p2a: Amoonguss|Rage Powder|p2a: Amoonguss\n|-singleturn|p2a: Amoonguss|move: Rage Powder\n|move|p1a: Phoenix|Brave Bird|p2a: Amoonguss\n|-supereffective|p2a: Amoonguss\n|-damage|p2a: Amoonguss|18\/100\n|-enditem|p2a: Amoonguss|Sitrus Berry|[eat]\n|-heal|p2a: Amoonguss|43\/100|[from] item: Sitrus Berry\n|-damage|p1a: Phoenix|68\/100|[from] Recoil\n|cant|p2b: Pelipper|flinch\n|\n|-weather|RainDance|[upkeep]\n|upkeep\n|turn|2\n|\n|t:|1682876407\n|-end|p1b: Riley|Quark Drive|[silent]\n|switch|p1b: Jaws|Gyarados, L50, F, shiny|100\/100\n|-ability|p1b: Jaws|Intimidate|boost\n|-unboost|p2a: Amoonguss|atk|1\n|-unboost|p2b: Pelipper|atk|1\n|move|p2a: Amoonguss|Rage Powder|p2a: Amoonguss\n|-singleturn|p2a: Amoonguss|move: Rage Powder\n|move|p1a: Phoenix|Tailwind|p1a: Phoenix\n|-sidestart|p1: HeffNastyy|move: Tailwind\n|move|p2b: Pelipper|Tailwind|p2b: Pelipper\n|-sidestart|p2: muddyswamppert|move: Tailwind\n|\n|-weather|RainDance|[upkeep]\n|upkeep\n|turn|3\n|\n|t:|1682876427\n|move|p1a: Phoenix|Brave Bird|p2a: Amoonguss\n|-supereffective|p2a: Amoonguss\n|-damage|p2a: Amoonguss|0 fnt\n|faint|p2a: Amoonguss\n|-damage|p1a: Phoenix|51\/100|[from] Recoil\n|move|p2b: Pelipper|Hydro Pump|p1a: Phoenix|[miss]\n|-miss|p2b: Pelipper|p1a: Phoenix\n|move|p1b: Jaws|Thunder Wave|p2b: Pelipper\n|-status|p2b: Pelipper|par\n|\n|-weather|RainDance|[upkeep]\n|upkeep\n|\n|t:|1682876438\n|switch|p2a: Drednaw|Drednaw, L50, F|100\/100\n|turn|4\n|\n|t:|1682876450\n|move|p2a: Drednaw|Rock Slide|p1a: Phoenix|[spread] p1a,p1b\n|-supereffective|p1a: Phoenix\n|-supereffective|p1b: Jaws\n|-damage|p1a: Phoenix|0 fnt\n|-damage|p1b: Jaws|49\/100\n|-enditem|p1b: Jaws|Sitrus Berry|[eat]\n|-heal|p1b: Jaws|74\/100|[from] item: Sitrus Berry\n|faint|p1a: Phoenix\n|move|p1b: Jaws|Thunder Wave|p2a: Drednaw|[miss]\n|-miss|p1b: Jaws|p2a: Drednaw\n|move|p2b: Pelipper|Hurricane|p1b: Jaws\n|-crit|p1b: Jaws\n|-damage|p1b: Jaws|11\/100\n|\n|-weather|RainDance|[upkeep]\n|upkeep\n|\n|t:|1682876484\n|switch|p1a: Riley|Iron Hands, L50, tera:Grass|100\/100\n|turn|5\n|\n|t:|1682876497\n|move|p1b: Jaws|Helping Hand|p1a: Riley\n|-singleturn|p1a: Riley|Helping Hand|[of] p1b: Jaws\n|move|p2a: Drednaw|Rock Slide|p1a: Riley|[spread] p1a,p1b\n|-supereffective|p1b: Jaws\n|-damage|p1a: Riley|81\/100\n|-damage|p1b: Jaws|0 fnt\n|faint|p1b: Jaws\n|move|p1a: Riley|Wild Charge|p2a: Drednaw\n|-supereffective|p2a: Drednaw\n|-damage|p2a: Drednaw|0 fnt\n|faint|p2a: Drednaw\n|-damage|p1a: Riley|64\/100|[from] Recoil\n|move|p2b: Pelipper|Hurricane|p1a: Riley\n|-supereffective|p1a: Riley\n|-damage|p1a: Riley|10\/100\n|\n|-weather|none\n|-sideend|p2: muddyswamppert|move: Tailwind\n|-sideend|p1: HeffNastyy|move: Tailwind\n|upkeep\n|c|\u2606muddyswamppert|plz\n|\n|t:|1682876514\n|switch|p2a: Iron Valiant|Iron Valiant, L50|100\/100\n|switch|p1b: Chompa|Garchomp, L50, F, shiny|100\/100\n|-enditem|p2a: Iron Valiant|Booster Energy\n|-activate|p2a: Iron Valiant|ability: Quark Drive|[fromitem]\n|-start|p2a: Iron Valiant|quarkdrivespe\n|turn|6\n|\n|t:|1682876535\n|move|p2a: Iron Valiant|Spirit Break|p1a: Riley\n|-damage|p1a: Riley|0 fnt\n|faint|p1a: Riley\n|-end|p1a: Riley|Quark Drive|[silent]\n|move|p1b: Chompa|Rock Slide|p2a: Iron Valiant|[spread] p2a,p2b\n|-resisted|p2a: Iron Valiant\n|-supereffective|p2b: Pelipper\n|-damage|p2a: Iron Valiant|88\/100\n|-damage|p2b: Pelipper|24\/100 par\n|cant|p2b: Pelipper|par\n|\n|upkeep\n|turn|7\n|c|\u2606HeffNastyy|dang\n|\n|t:|1682876555\n|move|p2a: Iron Valiant|Swords Dance|p2a: Iron Valiant\n|-boost|p2a: Iron Valiant|atk|2\n|move|p1b: Chompa|Earthquake|p2b: Pelipper|[spread] p2a\n|-immune|p2b: Pelipper\n|-damage|p2a: Iron Valiant|35\/100\n|cant|p2b: Pelipper|par\n|\n|upkeep\n|turn|8\n|\n|t:|1682876568\n|move|p2a: Iron Valiant|Spirit Break|p1b: Chompa\n|-supereffective|p1b: Chompa\n|-damage|p1b: Chompa|0 fnt\n|-damage|p2a: Iron Valiant|23\/100|[from] ability: Rough Skin|[of] p1b: Chompa\n|faint|p1b: Chompa\n|\n|win|muddyswamppert\n|c|\u2606muddyswamppert|gg\n|c|\u2606HeffNastyy|gg\n|j| flameingpigey2\n|j| Keveloper\n|l|\u2606muddyswamppert\n|l| Keveloper\n|j| Keveloper\n|l| flameingpigey2\n|j| flameingpigey2\n|l| flameingpigey2\n|l| Keveloper\n","uploadtime":1682876877,"views":7,"p1id":"heffnastyy","p2id":"muddyswamppert","formatid":"gen9vgc2023regulationc","rating":0,"private":0,"password":""}