{"id":"gen9vgc2023regulationc-1855458150","p1":"JumpluffGoodCopium","p2":"Sel_Gaming","format":"[Gen 9] VGC 2023 Regulation C","log":"|j|\u2606JumpluffGoodCopium\n|j|\u2606Sel_Gaming\n|t:|1682953303\n|gametype|doubles\n|player|p1|JumpluffGoodCopium|dawn-gen4pt|1165\n|player|p2|Sel_Gaming|266|1110\n|teamsize|p1|6\n|teamsize|p2|6\n|gen|9\n|tier|[Gen 9] VGC 2023 Regulation C\n|rated|\n|rule|Species Clause: Limit one of each Pok\u00e9mon\n|rule|Item Clause: Limit one of each item\n|clearpoke\n|poke|p1|Jumpluff, L50, F|\n|poke|p1|Torkoal, L50, F|\n|poke|p1|Flutter Mane, L50|\n|poke|p1|Amoonguss, L50, M|\n|poke|p1|Garganacl, L50, F|\n|poke|p1|Chi-Yu, L50|\n|poke|p2|Tatsugiri, L50, F|\n|poke|p2|Dondozo, L50, M|\n|poke|p2|Pawmot, L50, M|\n|poke|p2|Chi-Yu, L50|\n|poke|p2|Iron Bundle, L50|\n|poke|p2|Dragonite, L50, F|\n|teampreview|4\n|inactive|Battle timer is ON: inactive players will automatically lose when time's up. (requested by JumpluffGoodCopium)\nJumpluffGoodCopium has agreed to open team sheets.\n|\n|t:|1682953334\n|start\n|switch|p1a: Jumpluff|Jumpluff, L50, F|100\/100\n|switch|p1b: Torkoal|Torkoal, L50, F|100\/100\n|switch|p2a: Chi-Yu|Chi-Yu, L50|100\/100\n|switch|p2b: Iron Bundle|Iron Bundle, L50, shiny|100\/100\n|-ability|p2a: Chi-Yu|Beads of Ruin\n|-weather|SunnyDay|[from] ability: Drought|[of] p1b: Torkoal\n|-enditem|p2b: Iron Bundle|Booster Energy\n|-activate|p2b: Iron Bundle|ability: Quark Drive|[fromitem]\n|-start|p2b: Iron Bundle|quarkdrivespe\n|turn|1\n|inactive|Sel_Gaming has 30 seconds left.\n|inactive|Sel_Gaming has 20 seconds left.\n|inactive|Sel_Gaming has 15 seconds left.\n|\n|t:|1682953375\n|-terastallize|p1b: Torkoal|Water\n|move|p2b: Iron Bundle|Protect|p2b: Iron Bundle\n|-singleturn|p2b: Iron Bundle|Protect\n|move|p2a: Chi-Yu|Protect|p2a: Chi-Yu\n|-singleturn|p2a: Chi-Yu|Protect\n|move|p1a: Jumpluff|Tailwind|p1a: Jumpluff\n|-sidestart|p1: JumpluffGoodCopium|move: Tailwind\n|move|p1b: Torkoal|Eruption|p2a: Chi-Yu|[spread] \n|-activate|p2a: Chi-Yu|move: Protect\n|-activate|p2b: Iron Bundle|move: Protect\n|\n|-weather|SunnyDay|[upkeep]\n|upkeep\n|turn|2\n|inactive|Sel_Gaming has 30 seconds left.\n|\n|t:|1682953401\n|-terastallize|p2b: Iron Bundle|Ice\n|move|p1a: Jumpluff|Helping Hand|p1b: Torkoal\n|-singleturn|p1b: Torkoal|Helping Hand|[of] p1a: Jumpluff\n|move|p2b: Iron Bundle|Freeze-Dry|p1b: Torkoal\n|-supereffective|p1b: Torkoal\n|-damage|p1b: Torkoal|0 fnt\n|faint|p1b: Torkoal\n|move|p2a: Chi-Yu|Overheat|p1a: Jumpluff\n|-supereffective|p1a: Jumpluff\n|-damage|p1a: Jumpluff|0 fnt\n|-unboost|p2a: Chi-Yu|spa|2\n|faint|p1a: Jumpluff\n|-damage|p2a: Chi-Yu|91\/100|[from] item: Life Orb\n|\n|-weather|SunnyDay|[upkeep]\n|upkeep\n|\n|t:|1682953408\n|switch|p1a: Flutter Mane|Flutter Mane, L50|100\/100\n|switch|p1b: Amoonguss|Amoonguss, L50, M|100\/100\n|-activate|p1a: Flutter Mane|ability: Protosynthesis\n|-start|p1a: Flutter Mane|protosynthesisspa\n|turn|3\n|inactive|Sel_Gaming has 30 seconds left.\n|\n|t:|1682953436\n|switch|p2a: Dondozo|Dondozo, L50, M, shiny|100\/100\n|move|p1a: Flutter Mane|Substitute|p1a: Flutter Mane\n|-start|p1a: Flutter Mane|Substitute\n|-damage|p1a: Flutter Mane|76\/100\n|move|p2b: Iron Bundle|Freeze-Dry|p1b: Amoonguss\n|-supereffective|p1b: Amoonguss\n|-damage|p1b: Amoonguss|37\/100\n|-enditem|p1b: Amoonguss|Sitrus Berry|[eat]\n|-heal|p1b: Amoonguss|62\/100|[from] item: Sitrus Berry\n|move|p1b: Amoonguss|Spore|p2b: Iron Bundle\n|-status|p2b: Iron Bundle|slp|[from] move: Spore\n|\n|-weather|SunnyDay|[upkeep]\n|upkeep\n|turn|4\n|inactive|Sel_Gaming has 30 seconds left.\n|\n|t:|1682953464\n|move|p2a: Dondozo|Protect|p2a: Dondozo\n|-singleturn|p2a: Dondozo|Protect\n|move|p1a: Flutter Mane|Moonblast|p2b: Iron Bundle\n|-crit|p2b: Iron Bundle\n|-damage|p2b: Iron Bundle|0 fnt\n|faint|p2b: Iron Bundle\n|-end|p2b: Iron Bundle|Quark Drive|[silent]\n|move|p1b: Amoonguss|Spore|p2a: Dondozo\n|-activate|p2a: Dondozo|move: Protect\n|\n|-weather|SunnyDay|[upkeep]\n|-sideend|p1: JumpluffGoodCopium|move: Tailwind\n|upkeep\n|\n|t:|1682953478\n|switch|p2b: Chi-Yu|Chi-Yu, L50|91\/100\n|-ability|p2b: Chi-Yu|Beads of Ruin\n|turn|5\n|\n|t:|1682953495\n|switch|p2a: Tatsugiri|Tatsugiri, L50, F, shiny|100\/100\n|move|p1b: Amoonguss|Protect|p1b: Amoonguss\n|-singleturn|p1b: Amoonguss|Protect\n|move|p1a: Flutter Mane|Moonblast|p2b: Chi-Yu\n|-crit|p2b: Chi-Yu\n|-damage|p2b: Chi-Yu|0 fnt\n|faint|p2b: Chi-Yu\n|\n|-weather|none\n|-end|p1a: Flutter Mane|Protosynthesis\n|upkeep\n|-enditem|p1a: Flutter Mane|Booster Energy\n|-activate|p1a: Flutter Mane|ability: Protosynthesis|[fromitem]\n|-start|p1a: Flutter Mane|protosynthesisspa\n|inactive|Sel_Gaming has 30 seconds left.\n|inactive|Sel_Gaming has 20 seconds left.\n|\n|t:|1682953532\n|switch|p2b: Dondozo|Dondozo, L50, M, shiny|100\/100\n|-activate|p2a: Tatsugiri|ability: Commander|[of] p2b: Dondozo\n|-boost|p2b: Dondozo|atk|2\n|-boost|p2b: Dondozo|spa|2\n|-boost|p2b: Dondozo|spe|2\n|-boost|p2b: Dondozo|def|2\n|-boost|p2b: Dondozo|spd|2\n|turn|6\n|\n|t:|1682953553\n|move|p1a: Flutter Mane|Moonblast|p2b: Dondozo\n|-damage|p2b: Dondozo|72\/100\n|move|p2b: Dondozo|Earthquake|p1b: Amoonguss|[spread] p1a,p1b\n|-miss|p2b: Dondozo|p2a: Tatsugiri\n|-end|p1a: Flutter Mane|Substitute\n|-damage|p1b: Amoonguss|17\/100\n|move|p1b: Amoonguss|Spore|p2b: Dondozo\n|-status|p2b: Dondozo|slp|[from] move: Spore\n|\n|-heal|p2b: Dondozo|78\/100 slp|[from] item: Leftovers\n|upkeep\n|turn|7\n|\n|t:|1682953567\n|move|p1a: Flutter Mane|Hex|p2b: Dondozo\n|-damage|p2b: Dondozo|37\/100 slp\n|cant|p2b: Dondozo|slp\n|move|p1b: Amoonguss|Pollen Puff|p1a: Flutter Mane\n|-heal|p1a: Flutter Mane|100\/100\n|\n|-heal|p2b: Dondozo|43\/100 slp|[from] item: Leftovers\n|upkeep\n|turn|8\n|\n|t:|1682953577\n|move|p1a: Flutter Mane|Hex|p2b: Dondozo\n|-damage|p2b: Dondozo|0 fnt\n|faint|p2b: Dondozo\n|move|p1b: Amoonguss|Spore|p2a: Tatsugiri\n|-status|p2a: Tatsugiri|slp|[from] move: Spore\n|\n|upkeep\n|turn|9\n|\n|t:|1682953584\n|cant|p2a: Tatsugiri|slp\n|move|p2a: Tatsugiri|Sleep Talk|p2a: Tatsugiri\n|move|p2a: Tatsugiri|Dragon Pulse|p1b: Amoonguss|[from]move: Sleep Talk\n|-damage|p1b: Amoonguss|0 fnt\n|faint|p1b: Amoonguss\n|move|p1a: Flutter Mane|Hex|p2a: Tatsugiri\n|-damage|p2a: Tatsugiri|0 fnt\n|faint|p2a: Tatsugiri\n|\n|win|JumpluffGoodCopium\n|raw|JumpluffGoodCopium's rating: 1165 → 1186<\/strong> (+21 for winning)\n|raw|Sel_Gaming's rating: 1110 → 1089<\/strong> (-21 for losing)\n|l|\u2606Sel_Gaming\n","uploadtime":1682953638,"views":27,"p1id":"jumpluffgoodcopium","p2id":"selgaming","formatid":"gen9vgc2023regulationc","rating":1089,"private":0,"password":""}