{"id":"gen9vgc2023regulationc-1863944258","p1":"gggggyyyyy","p2":"wackomarko","format":"[Gen 9] VGC 2023 Regulation C","log":"|j|\u2606gggggyyyyy\n|j|\u2606wackomarko\n|t:|1684096285\n|gametype|doubles\n|player|p1|gggggyyyyy|169|1002\n|player|p2|wackomarko|hiker-gen4|1098\n|teamsize|p1|6\n|teamsize|p2|6\n|gen|9\n|tier|[Gen 9] VGC 2023 Regulation C\n|rated|\n|rule|Species Clause: Limit one of each Pok\u00e9mon\n|rule|Item Clause: Limit one of each item\n|clearpoke\n|poke|p1|Tyranitar, L50, M|\n|poke|p1|Drifblim, L50, M|\n|poke|p1|Lycanroc, L50, F|\n|poke|p1|Houndstone, L50, M|\n|poke|p1|Iron Bundle, L50|\n|poke|p1|Pelipper, L50, M|\n|poke|p2|Talonflame, L50, M|\n|poke|p2|Amoonguss, L50, F|\n|poke|p2|Flutter Mane, L50|\n|poke|p2|Chien-Pao, L50|\n|poke|p2|Gyarados, L50, F|\n|poke|p2|Dragapult, L50, M|\n|teampreview|4\nwackomarko has agreed to open team sheets.\n|inactive|Battle timer is ON: inactive players will automatically lose when time's up. (requested by gggggyyyyy)\n|inactive|wackomarko has 60 seconds left.\n|\n|t:|1684096367\n|start\n|switch|p1a: Tyranitar|Tyranitar, L50, M|100\/100\n|switch|p1b: Lycanroc|Lycanroc, L50, F|100\/100\n|switch|p2a: Amoonguss|Amoonguss, L50, F|100\/100\n|switch|p2b: Gyarados|Gyarados, L50, F, shiny|100\/100\n|-ability|p2b: Gyarados|Intimidate|boost\n|-unboost|p1a: Tyranitar|atk|1\n|-unboost|p1b: Lycanroc|atk|1\n|-weather|Sandstorm|[from] ability: Sand Stream|[of] p1a: Tyranitar\n|turn|1\n|inactive|wackomarko has 30 seconds left.\n|inactive|wackomarko has 20 seconds left.\n|\n|t:|1684096405\n|move|p2b: Gyarados|Protect|p2b: Gyarados\n|-singleturn|p2b: Gyarados|Protect\n|move|p1b: Lycanroc|Rock Slide|p2a: Amoonguss|[spread] p2a\n|-activate|p2b: Gyarados|move: Protect\n|-damage|p2a: Amoonguss|82\/100\n|move|p1a: Tyranitar|Thunder Punch|p2b: Gyarados\n|-activate|p2b: Gyarados|move: Protect\n|cant|p2a: Amoonguss|flinch\n|\n|-weather|Sandstorm|[upkeep]\n|-damage|p2b: Gyarados|95\/100|[from] Sandstorm\n|-damage|p2a: Amoonguss|76\/100|[from] Sandstorm\n|upkeep\n|turn|2\n|inactive|gggggyyyyy has 30 seconds left.\n|inactive|wackomarko has 30 seconds left.\n|inactive|gggggyyyyy has 20 seconds left.\n|inactive|wackomarko has 20 seconds left.\n|inactive|gggggyyyyy has 15 seconds left.\n|inactive|wackomarko has 15 seconds left.\n|inactive|gggggyyyyy has 10 seconds left.\n|\n|t:|1684096454\n|switch|p2b: Dragapult|Dragapult, L50, M, shiny|100\/100\n|move|p1b: Lycanroc|Rock Slide|p2a: Amoonguss|[spread] p2a,p2b\n|-damage|p2a: Amoonguss|58\/100\n|-damage|p2b: Dragapult|77\/100\n|move|p1a: Tyranitar|Thunder Punch|p2b: Dragapult\n|-resisted|p2b: Dragapult\n|-damage|p2b: Dragapult|63\/100\n|cant|p2a: Amoonguss|flinch\n|\n|-weather|Sandstorm|[upkeep]\n|-damage|p2b: Dragapult|57\/100|[from] Sandstorm\n|-damage|p2a: Amoonguss|52\/100|[from] Sandstorm\n|upkeep\n|turn|3\n|\n|t:|1684096478\n|-terastallize|p2b: Dragapult|Dragon\n|move|p2a: Amoonguss|Protect|p2a: Amoonguss\n|-singleturn|p2a: Amoonguss|Protect\n|move|p1b: Lycanroc|Rock Slide|p2b: Dragapult|[spread] p2b\n|-activate|p2a: Amoonguss|move: Protect\n|-damage|p2b: Dragapult|33\/100\n|move|p2b: Dragapult|Dragon Darts|p1b: Lycanroc\n|-crit|p1b: Lycanroc\n|-enditem|p1b: Lycanroc|Focus Sash\n|-damage|p1b: Lycanroc|1\/100\n|-anim|p2b: Dragapult|Dragon Darts|p1a: Tyranitar\n|-damage|p1a: Tyranitar|56\/100\n|move|p1a: Tyranitar|Crunch|p2b: Dragapult\n|-damage|p2b: Dragapult|0 fnt\n|faint|p2b: Dragapult\n|\n|-weather|Sandstorm|[upkeep]\n|-damage|p2a: Amoonguss|46\/100|[from] Sandstorm\n|-enditem|p2a: Amoonguss|Sitrus Berry|[eat]\n|-heal|p2a: Amoonguss|71\/100|[from] item: Sitrus Berry\n|upkeep\n|\n|t:|1684096499\n|switch|p2b: Gyarados|Gyarados, L50, F, shiny|95\/100\n|-ability|p2b: Gyarados|Intimidate|boost\n|-unboost|p1a: Tyranitar|atk|1\n|-unboost|p1b: Lycanroc|atk|1\n|turn|4\n|inactive|wackomarko has 30 seconds left.\n|\n|t:|1684096529\n|move|p2b: Gyarados|Protect|p2b: Gyarados\n|-singleturn|p2b: Gyarados|Protect\n|move|p1b: Lycanroc|Endeavor|p2a: Amoonguss\n|-damage|p2a: Amoonguss|1\/100\n|move|p1a: Tyranitar|Rock Slide|p2a: Amoonguss|[spread] \n|-activate|p2b: Gyarados|move: Protect\n|-miss|p1a: Tyranitar|p2a: Amoonguss\n|move|p2a: Amoonguss|Pollen Puff|p1b: Lycanroc\n|-damage|p1b: Lycanroc|0 fnt\n|faint|p1b: Lycanroc\n|\n|-weather|Sandstorm|[upkeep]\n|-damage|p2b: Gyarados|89\/100|[from] Sandstorm\n|-damage|p2a: Amoonguss|0 fnt|[from] Sandstorm\n|faint|p2a: Amoonguss\n|upkeep\n|inactive|gggggyyyyy has 30 seconds left.\n|\n|t:|1684096559\n|switch|p1b: Houndstone|Houndstone, L50, M|100\/100\n|switch|p2a: Flutter Mane|Flutter Mane, L50, shiny|100\/100\n|turn|5\n|inactive|gggggyyyyy has 30 seconds left.\n|inactive|gggggyyyyy has 20 seconds left.\n|\n|t:|1684096594\n|-terastallize|p1b: Houndstone|Ghost\n|move|p2a: Flutter Mane|Shadow Ball|p1b: Houndstone\n|-supereffective|p1b: Houndstone\n|-damage|p1b: Houndstone|0 fnt\n|faint|p1b: Houndstone\n|-damage|p2a: Flutter Mane|91\/100|[from] item: Life Orb\n|move|p2b: Gyarados|Waterfall|p1a: Tyranitar\n|-supereffective|p1a: Tyranitar\n|-damage|p1a: Tyranitar|0 fnt\n|faint|p1a: Tyranitar\n|\n|-weather|none\n|upkeep\n|inactive|gggggyyyyy has 30 seconds left.\n|inactive|gggggyyyyy has 20 seconds left.\n|inactive|gggggyyyyy has 15 seconds left.\n|-message|gggggyyyyy forfeited.\n|\n|win|wackomarko\n|raw|gggggyyyyy's rating: 1002 → 1000<\/strong> (-2 for losing)\n|raw|wackomarko's rating: 1098 → 1116<\/strong> (+18 for winning)\n|l|\u2606gggggyyyyy\n","uploadtime":1684096639,"views":6,"p1id":"gggggyyyyy","p2id":"wackomarko","formatid":"gen9vgc2023regulationc","rating":1000,"private":0,"password":""}