{"id":"gen9vgc2023regulationc-1855883349","p1":"battlerealm","p2":"Obvaltisobv","format":"[Gen 9] VGC 2023 Regulation C","log":"|j|\u2606battlerealm\n|j|\u2606Obvaltisobv\n|t:|1682995711\n|gametype|doubles\n|player|p1|battlerealm|170|1322\n|player|p2|Obvaltisobv|266|1356\n|teamsize|p1|6\n|teamsize|p2|6\n|gen|9\n|tier|[Gen 9] VGC 2023 Regulation C\n|rated|\n|rule|Species Clause: Limit one of each Pok\u00e9mon\n|rule|Item Clause: Limit one of each item\n|clearpoke\n|poke|p1|Amoonguss, L50, F|\n|poke|p1|Gholdengo, L50|\n|poke|p1|Gyarados, L50, M|\n|poke|p1|Dragapult, L50, F|\n|poke|p1|Talonflame, L50, M|\n|poke|p1|Great Tusk, L50|\n|poke|p2|Amoonguss, L50, M|\n|poke|p2|Flutter Mane, L50|\n|poke|p2|Iron Bundle, L50|\n|poke|p2|Chi-Yu, L50|\n|poke|p2|Scyther, L50, F|\n|poke|p2|Garchomp, L50, M|\n|teampreview|4\n|\n|t:|1682995741\n|start\n|switch|p1a: Talonflame|Talonflame, L50, M|100\/100\n|switch|p1b: Great Tusk|Great Tusk, L50|100\/100\n|switch|p2a: Scyther|Scyther, L50, F|100\/100\n|switch|p2b: Iron Bundle|Iron Bundle, L50|100\/100\n|-enditem|p2b: Iron Bundle|Booster Energy\n|-activate|p2b: Iron Bundle|ability: Quark Drive|[fromitem]\n|-start|p2b: Iron Bundle|quarkdrivespe\n|turn|1\n|\n|t:|1682995760\n|-terastallize|p1b: Great Tusk|Poison\n|move|p2a: Scyther|Quick Guard|p2a: Scyther\n|-singleturn|p2a: Scyther|Quick Guard\n|move|p1a: Talonflame|Tailwind|p1a: Talonflame\n|-sidestart|p1: battlerealm|move: Tailwind\n|move|p2b: Iron Bundle|Icy Wind|p1a: Talonflame|[spread] p1a,p1b\n|-damage|p1a: Talonflame|71\/100\n|-damage|p1b: Great Tusk|69\/100\n|-unboost|p1a: Talonflame|spe|1\n|-unboost|p1b: Great Tusk|spe|1\n|move|p1b: Great Tusk|Close Combat|p2b: Iron Bundle\n|-supereffective|p2b: Iron Bundle\n|-damage|p2b: Iron Bundle|0 fnt\n|-unboost|p1b: Great Tusk|def|1\n|-unboost|p1b: Great Tusk|spd|1\n|faint|p2b: Iron Bundle\n|-end|p2b: Iron Bundle|Quark Drive|[silent]\n|\n|upkeep\n|\n|t:|1682995771\n|switch|p2b: Flutter Mane|Flutter Mane, L50|100\/100\n|turn|2\n|\n|t:|1682995787\n|-end|p1b: Great Tusk|Protosynthesis|[silent]\n|switch|p1b: Gyarados|Gyarados, L50, M|100\/100\n|-ability|p1b: Gyarados|Intimidate|boost\n|-unboost|p2a: Scyther|atk|1\n|-unboost|p2b: Flutter Mane|atk|1\n|move|p2b: Flutter Mane|Protect|p2b: Flutter Mane\n|-singleturn|p2b: Flutter Mane|Protect\n|move|p1a: Talonflame|Brave Bird|p2b: Flutter Mane\n|-activate|p2b: Flutter Mane|move: Protect\n|move|p2a: Scyther|Tailwind|p2a: Scyther\n|-sidestart|p2: Obvaltisobv|move: Tailwind\n|\n|upkeep\n|turn|3\n|\n|t:|1682995817\n|move|p2b: Flutter Mane|Thunderbolt|p1b: Gyarados\n|-supereffective|p1b: Gyarados\n|-enditem|p1b: Gyarados|Wacan Berry|[eat]\n|-enditem|p1b: Gyarados|Wacan Berry|[weaken]\n|-damage|p1b: Gyarados|51\/100\n|move|p2a: Scyther|Aerial Ace|p1a: Talonflame\n|-damage|p1a: Talonflame|40\/100\n|move|p1a: Talonflame|Brave Bird|p2b: Flutter Mane\n|-enditem|p2b: Flutter Mane|Focus Sash\n|-damage|p2b: Flutter Mane|1\/100\n|-damage|p1a: Talonflame|14\/100|[from] Recoil\n|move|p1b: Gyarados|Waterfall|p2b: Flutter Mane\n|-damage|p2b: Flutter Mane|0 fnt\n|faint|p2b: Flutter Mane\n|-end|p2b: Flutter Mane|Protosynthesis|[silent]\n|\n|upkeep\n|\n|t:|1682995823\n|switch|p2b: Chi-Yu|Chi-Yu, L50|100\/100\n|-ability|p2b: Chi-Yu|Beads of Ruin\n|turn|4\n|\n|t:|1682995868\n|switch|p1a: Dragapult|Dragapult, L50, F|100\/100\n|move|p2b: Chi-Yu|Dark Pulse|p1b: Gyarados\n|-damage|p1b: Gyarados|10\/100\n|move|p2a: Scyther|Aerial Ace|p1a: Dragapult\n|-damage|p1a: Dragapult|72\/100\n|cant|p1b: Gyarados|flinch\n|\n|-sideend|p1: battlerealm|move: Tailwind\n|upkeep\n|turn|5\n|\n|t:|1682995924\n|move|p1b: Gyarados|Protect|p1b: Gyarados\n|-singleturn|p1b: Gyarados|Protect\n|move|p2b: Chi-Yu|Dark Pulse|p1a: Dragapult\n|-supereffective|p1a: Dragapult\n|-damage|p1a: Dragapult|0 fnt\n|faint|p1a: Dragapult\n|move|p2a: Scyther|Aerial Ace|p1b: Gyarados\n|-activate|p1b: Gyarados|move: Protect\n|\n|-sideend|p2: Obvaltisobv|move: Tailwind\n|upkeep\n|\n|t:|1682995932\n|switch|p1a: Talonflame|Talonflame, L50, M|14\/100\n|turn|6\n|\n|t:|1682995947\n|move|p1b: Gyarados|Protect||[still]\n|-fail|p1b: Gyarados\n|move|p2b: Chi-Yu|Dark Pulse|p1a: Talonflame\n|-damage|p1a: Talonflame|0 fnt\n|faint|p1a: Talonflame\n|move|p2a: Scyther|Aerial Ace|p1b: Gyarados\n|-damage|p1b: Gyarados|0 fnt\n|faint|p1b: Gyarados\n|\n|upkeep\n|\n|t:|1682995955\n|switch|p1b: Great Tusk|Great Tusk, L50, tera:Poison|69\/100\n|turn|7\n|\n|t:|1682995969\n|move|p2a: Scyther|Helping Hand|p2b: Chi-Yu\n|-singleturn|p2b: Chi-Yu|Helping Hand|[of] p2a: Scyther\n|move|p2b: Chi-Yu|Dark Pulse|p1b: Great Tusk\n|-damage|p1b: Great Tusk|0 fnt\n|faint|p1b: Great Tusk\n|-end|p1b: Great Tusk|Protosynthesis|[silent]\n|\n|win|Obvaltisobv\n|raw|battlerealm's rating: 1322 → 1304<\/strong> (-18 for losing)\n|raw|Obvaltisobv's rating: 1356 → 1374<\/strong> (+18 for winning)\n|l|\u2606battlerealm\n","uploadtime":1682995977,"views":14,"p1id":"battlerealm","p2id":"obvaltisobv","formatid":"gen9vgc2023regulationc","rating":1304,"private":0,"password":""}