{"id":"gen9vgc2023regulationc-1856228890","p1":"arieshasarisen","p2":"kricketot marx","format":"[Gen 9] VGC 2023 Regulation C","log":"|j|\u2606arieshasarisen\n|j|\u2606kricketot marx\n|t:|1683042744\n|gametype|doubles\n|player|p1|arieshasarisen|170|1309\n|player|p2|kricketot marx|may|1381\n|teamsize|p1|6\n|teamsize|p2|6\n|gen|9\n|tier|[Gen 9] VGC 2023 Regulation C\n|rated|\n|rule|Species Clause: Limit one of each Pok\u00e9mon\n|rule|Item Clause: Limit one of each item\n|clearpoke\n|poke|p1|Iron Moth, L50|\n|poke|p1|Rotom-Wash, L50|\n|poke|p1|Wo-Chien, L50|\n|poke|p1|Dragonite, L50, F|\n|poke|p1|Iron Treads, L50|\n|poke|p1|Flutter Mane, L50|\n|poke|p2|Abomasnow, L50, F|\n|poke|p2|Iron Bundle, L50|\n|poke|p2|Flutter Mane, L50|\n|poke|p2|Arcanine, L50, F|\n|poke|p2|Ting-Lu, L50|\n|poke|p2|Garganacl, L50, F|\n|teampreview|4\n|inactive|Battle timer is ON: inactive players will automatically lose when time's up. (requested by arieshasarisen)\n|inactive|kricketot marx has 60 seconds left.\n|inactive|kricketot marx has 30 seconds left.\n|\n|t:|1683042812\n|start\n|switch|p1a: Terminator|Iron Moth, L50|100\/100\n|switch|p1b: Chippy|Rotom-Wash, L50|100\/100\n|switch|p2a: Arcanine|Arcanine, L50, F|100\/100\n|switch|p2b: Iron Bundle|Iron Bundle, L50|100\/100\n|-ability|p2a: Arcanine|Intimidate|boost\n|-unboost|p1a: Terminator|atk|1\n|-unboost|p1b: Chippy|atk|1\n|turn|1\n|inactive|arieshasarisen has 30 seconds left.\n|inactive|kricketot marx has 30 seconds left.\n|\n|t:|1683042845\n|-terastallize|p1b: Chippy|Fire\n|move|p2a: Arcanine|Extreme Speed|p1b: Chippy\n|-damage|p1b: Chippy|79\/100\n|move|p2b: Iron Bundle|Freeze-Dry|p1b: Chippy\n|-resisted|p1b: Chippy\n|-damage|p1b: Chippy|67\/100\n|move|p1a: Terminator|Heat Wave|p2a: Arcanine|[spread] p2b\n|-miss|p1a: Terminator|p2a: Arcanine\n|-damage|p2b: Iron Bundle|59\/100\n|move|p1b: Chippy|Thunderbolt|p2b: Iron Bundle\n|-supereffective|p2b: Iron Bundle\n|-damage|p2b: Iron Bundle|0 fnt\n|faint|p2b: Iron Bundle\n|-end|p2b: Iron Bundle|Quark Drive|[silent]\n|\n|upkeep\n|\n|t:|1683042850\n|switch|p2b: Garganacl|Garganacl, L50, F, shiny|100\/100\n|turn|2\n|inactive|kricketot marx has 30 seconds left.\n|\n|t:|1683042879\n|-terastallize|p2b: Garganacl|Poison\n|move|p1a: Terminator|Helping Hand|p1b: Chippy\n|-singleturn|p1b: Chippy|Helping Hand|[of] p1a: Terminator\n|move|p2a: Arcanine|Extreme Speed|p1b: Chippy\n|-damage|p1b: Chippy|44\/100\n|move|p1b: Chippy|Hydro Pump|p2b: Garganacl\n|-damage|p2b: Garganacl|46\/100\n|move|p2b: Garganacl|Salt Cure|p1b: Chippy\n|-supereffective|p1b: Chippy\n|-damage|p1b: Chippy|13\/100\n|-start|p1b: Chippy|Salt Cure\n|\n|-heal|p2b: Garganacl|52\/100|[from] item: Leftovers\n|-damage|p1b: Chippy|1\/100|[from] Salt Cure\n|upkeep\n|turn|3\n|inactive|arieshasarisen has 30 seconds left.\n|inactive|kricketot marx has 30 seconds left.\n|\n|t:|1683042913\n|move|p1a: Terminator|Protect|p1a: Terminator\n|-singleturn|p1a: Terminator|Protect\n|move|p2b: Garganacl|Protect|p2b: Garganacl\n|-singleturn|p2b: Garganacl|Protect\n|move|p2a: Arcanine|Extreme Speed|p1a: Terminator\n|-activate|p1a: Terminator|move: Protect\n|move|p1b: Chippy|Discharge|p2b: Garganacl|[spread] p2a\n|-activate|p1a: Terminator|move: Protect\n|-activate|p2b: Garganacl|move: Protect\n|-damage|p2a: Arcanine|73\/100\n|-status|p2a: Arcanine|par\n|\n|-heal|p2b: Garganacl|58\/100|[from] item: Leftovers\n|-damage|p1b: Chippy|0 fnt|[from] Salt Cure\n|faint|p1b: Chippy\n|upkeep\n|\n|t:|1683042937\n|switch|p1b: Jurassic Park|Flutter Mane, L50|100\/100\n|turn|4\n|\n|t:|1683042950\n|move|p1b: Jurassic Park|Protect|p1b: Jurassic Park\n|-singleturn|p1b: Jurassic Park|Protect\n|move|p1a: Terminator|Heat Wave|p2b: Garganacl|[spread] p2a,p2b\n|-resisted|p2a: Arcanine\n|-damage|p2a: Arcanine|51\/100 par\n|-damage|p2b: Garganacl|33\/100\n|move|p2a: Arcanine|Flare Blitz|p1b: Jurassic Park\n|-activate|p1b: Jurassic Park|move: Protect\n|move|p2b: Garganacl|Recover|p2b: Garganacl\n|-heal|p2b: Garganacl|84\/100\n|\n|-heal|p2b: Garganacl|89\/100|[from] item: Leftovers\n|upkeep\n|turn|5\n|\n|t:|1683042969\n|move|p1a: Terminator|Heat Wave|p2b: Garganacl|[spread] p2a,p2b\n|-resisted|p2a: Arcanine\n|-crit|p2b: Garganacl\n|-damage|p2a: Arcanine|30\/100 par\n|-damage|p2b: Garganacl|52\/100\n|move|p1b: Jurassic Park|Taunt|p2b: Garganacl\n|-start|p2b: Garganacl|move: Taunt\n|move|p2a: Arcanine|Flare Blitz|p1b: Jurassic Park\n|-damage|p1b: Jurassic Park|33\/100\n|-enditem|p1b: Jurassic Park|Sitrus Berry|[eat]\n|-heal|p1b: Jurassic Park|58\/100|[from] item: Sitrus Berry\n|-damage|p2a: Arcanine|12\/100 par|[from] Recoil\n|move|p2b: Garganacl|Salt Cure|p1b: Jurassic Park\n|-damage|p1b: Jurassic Park|39\/100\n|-start|p1b: Jurassic Park|Salt Cure\n|\n|-heal|p2b: Garganacl|58\/100|[from] item: Leftovers\n|-damage|p1b: Jurassic Park|26\/100|[from] Salt Cure\n|upkeep\n|turn|6\n|\n|t:|1683042992\n|switch|p2b: Abomasnow|Abomasnow, L50, F|100\/100\n|-weather|Snow|[from] ability: Snow Warning|[of] p2b: Abomasnow\n|move|p2a: Arcanine|Protect|p2a: Arcanine\n|-singleturn|p2a: Arcanine|Protect\n|move|p1a: Terminator|Heat Wave|p2b: Abomasnow|[spread] \n|-activate|p2a: Arcanine|move: Protect\n|-miss|p1a: Terminator|p2b: Abomasnow\n|move|p1b: Jurassic Park|Shadow Ball|p2b: Abomasnow\n|-crit|p2b: Abomasnow\n|-damage|p2b: Abomasnow|28\/100\n|\n|-weather|Snow|[upkeep]\n|-damage|p1b: Jurassic Park|14\/100|[from] Salt Cure\n|upkeep\n|turn|7\n|\n|t:|1683043014\n|-end|p1b: Jurassic Park|Protosynthesis|[silent]\n|switch|p1b: The Borg|Iron Treads, L50|100\/100\n|-enditem|p1b: The Borg|Booster Energy\n|-activate|p1b: The Borg|ability: Quark Drive|[fromitem]\n|-start|p1b: The Borg|quarkdriveatk\n|move|p2a: Arcanine|Extreme Speed|p1a: Terminator\n|-damage|p1a: Terminator|62\/100\n|move|p1a: Terminator|Sludge Wave|p2b: Abomasnow|[spread] p2a,p2b\n|-immune|p1b: The Borg\n|-supereffective|p2b: Abomasnow\n|-damage|p2a: Arcanine|0 fnt\n|-damage|p2b: Abomasnow|0 fnt\n|faint|p2a: Arcanine\n|faint|p2b: Abomasnow\n|\n|-weather|Snow|[upkeep]\n|upkeep\n|\n|t:|1683043024\n|switch|p2b: Garganacl|Garganacl, L50, F, shiny, tera:Poison|58\/100\n|turn|8\n|\n|t:|1683043034\n|move|p1a: Terminator|Protect|p1a: Terminator\n|-singleturn|p1a: Terminator|Protect\n|move|p2b: Garganacl|Protect|p2b: Garganacl\n|-singleturn|p2b: Garganacl|Protect\n|move|p1b: The Borg|Earthquake|p2b: Garganacl|[spread] \n|-activate|p1a: Terminator|move: Protect\n|-activate|p2b: Garganacl|move: Protect\n|\n|-weather|Snow|[upkeep]\n|-heal|p2b: Garganacl|63\/100|[from] item: Leftovers\n|upkeep\n|turn|9\n|\n|t:|1683043049\n|move|p1a: Terminator|Heat Wave|p2b: Garganacl\n|-damage|p2b: Garganacl|26\/100\n|move|p1b: The Borg|Earthquake|p2b: Garganacl|[spread] p1a,p2b\n|-supereffective|p1a: Terminator\n|-supereffective|p2b: Garganacl\n|-damage|p1a: Terminator|0 fnt\n|-damage|p2b: Garganacl|0 fnt\n|faint|p1a: Terminator\n|-end|p1a: Terminator|Quark Drive|[silent]\n|faint|p2b: Garganacl\n|\n|win|arieshasarisen\n|raw|arieshasarisen's rating: 1309 → 1333<\/strong> (+24 for winning)\n|raw|kricketot marx's rating: 1381 → 1357<\/strong> (-24 for losing)\n","uploadtime":1683043053,"views":9,"p1id":"arieshasarisen","p2id":"kricketotmarx","formatid":"gen9vgc2023regulationc","rating":1333,"private":0,"password":""}