{"id":"gen9vgc2023regulationc-1856500065","p1":"Slim Reaper 69","p2":"Nightfront","format":"[Gen 9] VGC 2023 Regulation C","log":"|j|\u2606Slim Reaper 69\n|j|\u2606Nightfront\n|t:|1683068537\n|gametype|doubles\n|player|p1|Slim Reaper 69|rood|\n|player|p2|Nightfront|winona-gen6|\n|teamsize|p1|6\n|teamsize|p2|6\n|gen|9\n|tier|[Gen 9] VGC 2023 Regulation C\n|rule|Species Clause: Limit one of each Pok\u00e9mon\n|rule|Item Clause: Limit one of each item\n|clearpoke\n|poke|p1|Pelipper, L50, F|\n|poke|p1|Palafin, L50, F|\n|poke|p1|Azumarill, L50, F|\n|poke|p1|Barraskewda, L50, M|\n|poke|p1|Dondozo, L50, M|\n|poke|p1|Tatsugiri-Stretchy, L50, F|\n|poke|p2|Iron Hands, L50|\n|poke|p2|Tyranitar, L50, F|\n|poke|p2|Bronzong, L50|\n|poke|p2|Iron Moth, L50|\n|poke|p2|Flutter Mane, L50|\n|poke|p2|Clodsire, L50, M|\n|teampreview|4\n|\n|t:|1683068610\n|start\n|switch|p1a: Dondozo|Dondozo, L50, M|100\/100\n|switch|p1b: Palafin|Palafin, L50, F|100\/100\n|switch|p2a: Iron Hands|Iron Hands, L50|100\/100\n|switch|p2b: Bronzong|Bronzong, L50|100\/100\n|turn|1\n|\n|t:|1683068622\n|detailschange|p1b: Palafin|Palafin-Hero, L50, F\n|switch|p1b: Tatsugiri|Tatsugiri-Stretchy, L50, F|100\/100\n|-activate|p1b: Tatsugiri|ability: Commander|[of] p1a: Dondozo\n|-boost|p1a: Dondozo|atk|2\n|-boost|p1a: Dondozo|spa|2\n|-boost|p1a: Dondozo|spe|2\n|-boost|p1a: Dondozo|def|2\n|-boost|p1a: Dondozo|spd|2\n|-end|p2a: Iron Hands|Quark Drive|[silent]\n|switch|p2a: Clodsire|Clodsire, L50, M|100\/100\n|move|p1a: Dondozo|Protect|p1a: Dondozo\n|-singleturn|p1a: Dondozo|Protect\n|move|p2b: Bronzong|Trick Room|p2b: Bronzong\n|-fieldstart|move: Trick Room|[of] p2b: Bronzong\n|\n|upkeep\n|turn|2\n|\n|t:|1683068646\n|move|p2b: Bronzong|Zen Headbutt|p1a: Dondozo\n|-damage|p1a: Dondozo|92\/100\n|move|p2a: Clodsire|Haze|p2a: Clodsire\n|-clearallboost\n|cant|p1a: Dondozo|flinch\n|\n|-heal|p1a: Dondozo|98\/100|[from] item: Leftovers\n|upkeep\n|turn|3\n|\n|t:|1683068655\n|move|p2b: Bronzong|Zen Headbutt|p1a: Dondozo\n|-damage|p1a: Dondozo|81\/100\n|move|p2a: Clodsire|Toxic|p1a: Dondozo\n|-status|p1a: Dondozo|tox\n|move|p1a: Dondozo|Substitute|p1a: Dondozo\n|-start|p1a: Dondozo|Substitute\n|-damage|p1a: Dondozo|56\/100 tox\n|\n|-heal|p1a: Dondozo|62\/100 tox|[from] item: Leftovers\n|-damage|p1a: Dondozo|56\/100 tox|[from] psn\n|upkeep\n|turn|4\n|\n|t:|1683068667\n|move|p2a: Clodsire|Protect|p2a: Clodsire\n|-singleturn|p2a: Clodsire|Protect\n|move|p2b: Bronzong|Zen Headbutt|p1a: Dondozo\n|-activate|p1a: Dondozo|move: Substitute|[damage]\n|move|p1a: Dondozo|Wave Crash|p2b: Bronzong\n|-crit|p2b: Bronzong\n|-damage|p2b: Bronzong|33\/100\n|-damage|p1a: Dondozo|40\/100 tox|[from] Recoil\n|\n|-heal|p1a: Dondozo|46\/100 tox|[from] item: Leftovers\n|-damage|p1a: Dondozo|34\/100 tox|[from] psn\n|upkeep\n|turn|5\n|\n|t:|1683068684\n|switch|p2a: Iron Hands|Iron Hands, L50|100\/100\n|move|p2b: Bronzong|Gyro Ball|p1b: Tatsugiri|[miss]\n|-miss|p2b: Bronzong|p1b: Tatsugiri\n|move|p1a: Dondozo|Wave Crash|p2b: Bronzong\n|-damage|p2b: Bronzong|0 fnt\n|faint|p2b: Bronzong\n|-damage|p1a: Dondozo|26\/100 tox|[from] Recoil\n|\n|-heal|p1a: Dondozo|32\/100 tox|[from] item: Leftovers\n|-damage|p1a: Dondozo|14\/100 tox|[from] psn\n|-fieldend|move: Trick Room\n|upkeep\n|j| quick222\n|\n|t:|1683068691\n|switch|p2b: Clodsire|Clodsire, L50, M|100\/100\n|turn|6\n|\n|t:|1683068696\n|move|p2a: Iron Hands|Protect|p2a: Iron Hands\n|-singleturn|p2a: Iron Hands|Protect\n|move|p1a: Dondozo|Wave Crash|p2a: Iron Hands\n|-activate|p2a: Iron Hands|move: Protect\n|move|p2b: Clodsire|Haze|p2b: Clodsire\n|-clearallboost\n|\n|-heal|p1a: Dondozo|20\/100 tox|[from] item: Leftovers\n|-damage|p1a: Dondozo|0 fnt|[from] psn\n|faint|p1a: Dondozo\n|upkeep\n|\n|t:|1683068713\n|switch|p1a: Palafin|Palafin-Hero, L50, F|100\/100\n|-activate|p1a: Palafin|ability: Zero to Hero\n|turn|7\n|\n|t:|1683068720\n|-end|p2a: Iron Hands|Quark Drive|[silent]\n|switch|p2a: Tyranitar|Tyranitar, L50, F|100\/100\n|-weather|Sandstorm|[from] ability: Sand Stream|[of] p2a: Tyranitar\n|-terastallize|p1a: Palafin|Water\n|move|p1b: Tatsugiri|Draco Meteor|p2a: Tyranitar\n|-damage|p2a: Tyranitar|74\/100\n|-unboost|p1b: Tatsugiri|spa|2\n|move|p1a: Palafin|Wave Crash|p2a: Tyranitar\n|-supereffective|p2a: Tyranitar\n|-damage|p2a: Tyranitar|0 fnt\n|faint|p2a: Tyranitar\n|-damage|p1a: Palafin|72\/100|[from] Recoil\n|move|p2b: Clodsire|Toxic|p1a: Palafin\n|-status|p1a: Palafin|tox\n|\n|-weather|Sandstorm|[upkeep]\n|-damage|p1b: Tatsugiri|94\/100|[from] Sandstorm\n|-damage|p1a: Palafin|66\/100 tox|[from] Sandstorm\n|-damage|p1a: Palafin|60\/100 tox|[from] psn\n|upkeep\n|\n|t:|1683068730\n|switch|p2a: Iron Hands|Iron Hands, L50|100\/100\n|turn|8\n|\n|t:|1683068738\n|switch|p1b: Azumarill|Azumarill, L50, F|100\/100\n|move|p1a: Palafin|Protect|p1a: Palafin\n|-singleturn|p1a: Palafin|Protect\n|move|p2a: Iron Hands|Fake Out|p1a: Palafin\n|-activate|p1a: Palafin|move: Protect\n|move|p2b: Clodsire|Toxic|p1b: Azumarill\n|-status|p1b: Azumarill|tox\n|\n|-weather|Sandstorm|[upkeep]\n|-damage|p1a: Palafin|53\/100 tox|[from] Sandstorm\n|-damage|p1b: Azumarill|94\/100 tox|[from] Sandstorm\n|-damage|p2a: Iron Hands|94\/100|[from] Sandstorm\n|-damage|p1a: Palafin|41\/100 tox|[from] psn\n|-damage|p1b: Azumarill|88\/100 tox|[from] psn\n|upkeep\n|turn|9\n|\n|t:|1683068749\n|switch|p1a: Tatsugiri|Tatsugiri-Stretchy, L50, F|94\/100\n|move|p2a: Iron Hands|Protect|p2a: Iron Hands\n|-singleturn|p2a: Iron Hands|Protect\n|move|p1b: Azumarill|Perish Song|p1b: Azumarill\n|-start|p1a: Tatsugiri|perish3|[silent]\n|-start|p1b: Azumarill|perish3|[silent]\n|-start|p2a: Iron Hands|perish3|[silent]\n|-start|p2b: Clodsire|perish3|[silent]\n|-fieldactivate|move: Perish Song\n|move|p2b: Clodsire|Recover||[still]\n|-fail|p2b: Clodsire|heal\n|\n|-weather|Sandstorm|[upkeep]\n|-damage|p1a: Tatsugiri|88\/100|[from] Sandstorm\n|-damage|p1b: Azumarill|82\/100 tox|[from] Sandstorm\n|-damage|p2a: Iron Hands|88\/100|[from] Sandstorm\n|-damage|p1b: Azumarill|70\/100 tox|[from] psn\n|-start|p1a: Tatsugiri|perish3\n|-start|p1b: Azumarill|perish3\n|-start|p2a: Iron Hands|perish3\n|-start|p2b: Clodsire|perish3\n|upkeep\n|turn|10\n|c| quick222|daaaamn\n|c|\u2606Nightfront|of course it has perish\n|\n|t:|1683068763\n|move|p1b: Azumarill|Protect|p1b: Azumarill\n|-singleturn|p1b: Azumarill|Protect\n|move|p1a: Tatsugiri|Icy Wind|p2b: Clodsire|[spread] p2a\n|-miss|p1a: Tatsugiri|p2b: Clodsire\n|-damage|p2a: Iron Hands|77\/100\n|-unboost|p2a: Iron Hands|spe|1\n|move|p2a: Iron Hands|Thunder Punch|p1b: Azumarill\n|-activate|p1b: Azumarill|move: Protect\n|move|p2b: Clodsire|Toxic|p1a: Tatsugiri\n|-status|p1a: Tatsugiri|tox\n|\n|-weather|Sandstorm|[upkeep]\n|-damage|p1a: Tatsugiri|82\/100 tox|[from] Sandstorm\n|-damage|p1b: Azumarill|64\/100 tox|[from] Sandstorm\n|-damage|p2a: Iron Hands|70\/100|[from] Sandstorm\n|-damage|p1a: Tatsugiri|75\/100 tox|[from] psn\n|-damage|p1b: Azumarill|46\/100 tox|[from] psn\n|-start|p1a: Tatsugiri|perish2\n|-start|p1b: Azumarill|perish2\n|-start|p2a: Iron Hands|perish2\n|-start|p2b: Clodsire|perish2\n|upkeep\n|turn|11\n|c|\u2606Nightfront|worst part is, I think I can just thunder punch that\n|c|\u2606Nightfront|and drop it\n|\n|t:|1683068795\n|-terastallize|p2a: Iron Hands|Grass\n|move|p1a: Tatsugiri|Icy Wind|p2a: Iron Hands|[spread] p2a\n|-miss|p1a: Tatsugiri|p2b: Clodsire\n|-supereffective|p2a: Iron Hands\n|-damage|p2a: Iron Hands|46\/100\n|-unboost|p2a: Iron Hands|spe|1\n|move|p1b: Azumarill|Play Rough|p2a: Iron Hands\n|-damage|p2a: Iron Hands|0 fnt\n|faint|p2a: Iron Hands\n|-end|p2a: Iron Hands|Quark Drive|[silent]\n|-damage|p1b: Azumarill|37\/100 tox|[from] item: Life Orb\n|move|p2b: Clodsire|Recover||[still]\n|-fail|p2b: Clodsire|heal\n|\n|-weather|none\n|-damage|p1a: Tatsugiri|63\/100 tox|[from] psn\n|-damage|p1b: Azumarill|13\/100 tox|[from] psn\n|-start|p1a: Tatsugiri|perish1\n|-start|p1b: Azumarill|perish1\n|-start|p2b: Clodsire|perish1\n|upkeep\n|turn|12\n|\n|t:|1683068812\n|switch|p1a: Palafin|Palafin-Hero, L50, F, tera:Water|41\/100 tox\n|move|p1b: Azumarill|Play Rough|p2b: Clodsire\n|-resisted|p2b: Clodsire\n|-crit|p2b: Clodsire\n|-damage|p2b: Clodsire|57\/100\n|-unboost|p2b: Clodsire|atk|1\n|-damage|p1b: Azumarill|3\/100 tox|[from] item: Life Orb\n|move|p2b: Clodsire|Recover|p2b: Clodsire\n|-heal|p2b: Clodsire|100\/100\n|\n|-damage|p1a: Palafin|35\/100 tox|[from] psn\n|-damage|p1b: Azumarill|0 fnt|[from] psn\n|faint|p1b: Azumarill\n|-start|p2b: Clodsire|perish0\n|upkeep\n|faint|p2b: Clodsire\n|\n|win|Slim Reaper 69\n|c|\u2606Slim Reaper 69|gg\n|l| quick222\n|c|\u2606Slim Reaper 69|had to bring some jank azu\n|c|\u2606Nightfront|lol\n","uploadtime":1683068836,"views":13,"p1id":"slimreaper69","p2id":"nightfront","formatid":"gen9vgc2023regulationc","rating":0,"private":0,"password":""}