{"id":"gen9vgc2023regulationc-1857905151","p1":"SunriseArrow","p2":"mrkoklock","format":"[Gen 9] VGC 2023 Regulation C","log":"|j|\u2606SunriseArrow\n|j|\u2606mrkoklock\n|t:|1683245529\n|gametype|doubles\n|player|p1|SunriseArrow|jasmine|1238\n|player|p2|mrkoklock|sisandbro|1246\n|teamsize|p1|6\n|teamsize|p2|6\n|gen|9\n|tier|[Gen 9] VGC 2023 Regulation C\n|rated|\n|rule|Species Clause: Limit one of each Pok\u00e9mon\n|rule|Item Clause: Limit one of each item\n|clearpoke\n|poke|p1|Vivillon-Fancy, L50, F|\n|poke|p1|Ting-Lu, L50|\n|poke|p1|Chi-Yu, L50|\n|poke|p1|Brute Bonnet, L50|\n|poke|p1|Scizor, L50, M|\n|poke|p1|Iron Bundle, L50|\n|poke|p2|Oranguru, L50, M|\n|poke|p2|Torkoal, L50, M|\n|poke|p2|Hariyama, L50, F|\n|poke|p2|Amoonguss, L50, M|\n|poke|p2|Kingambit, L50, F|\n|poke|p2|Toxtricity, L50, F|\n|teampreview|4\n|inactive|Battle timer is ON: inactive players will automatically lose when time's up. (requested by mrkoklock)\nmrkoklock rejected open team sheets.\n|\n|t:|1683245547\n|start\n|switch|p1a: Vivillon|Vivillon-Fancy, L50, F|100\/100\n|switch|p1b: Ting-Lu|Ting-Lu, L50|100\/100\n|switch|p2a: Hariyama|Hariyama, L50, F|100\/100\n|switch|p2b: Oranguru|Oranguru, L50, M|100\/100\n|-ability|p1b: Ting-Lu|Vessel of Ruin\n|turn|1\n|\n|t:|1683245565\n|move|p2a: Hariyama|Fake Out|p1b: Ting-Lu\n|-damage|p1b: Ting-Lu|94\/100\n|move|p1a: Vivillon|Pollen Puff|p2b: Oranguru\n|-supereffective|p2b: Oranguru\n|-damage|p2b: Oranguru|66\/100\n|cant|p1b: Ting-Lu|flinch\n|move|p2b: Oranguru|Trick Room|p2b: Oranguru\n|-fieldstart|move: Trick Room|[of] p2b: Oranguru\n|\n|-status|p2a: Hariyama|brn|[from] item: Flame Orb\n|upkeep\n|turn|2\n|\n|t:|1683245580\n|move|p1a: Vivillon|Rage Powder|p1a: Vivillon\n|-singleturn|p1a: Vivillon|move: Rage Powder\n|move|p2a: Hariyama|Close Combat|p1a: Vivillon\n|-resisted|p1a: Vivillon\n|-damage|p1a: Vivillon|58\/100\n|-unboost|p2a: Hariyama|def|1\n|-unboost|p2a: Hariyama|spd|1\n|move|p1b: Ting-Lu|Earthquake|p2b: Oranguru|[spread] p2a,p2b\n|-immune|p1a: Vivillon\n|-damage|p2a: Hariyama|40\/100 brn\n|-damage|p2b: Oranguru|29\/100\n|move|p2b: Oranguru|Instruct|p1a: Vivillon\n|-singleturn|p1a: Vivillon|move: Instruct|[of] p2b: Oranguru\n|move|p1a: Vivillon|Rage Powder||[still]\n|-fail|p1a: Vivillon\n|\n|-damage|p2a: Hariyama|34\/100 brn|[from] brn\n|upkeep\n|turn|3\n|\n|t:|1683245605\n|move|p2b: Oranguru|Protect|p2b: Oranguru\n|-singleturn|p2b: Oranguru|Protect\n|move|p1a: Vivillon|Rage Powder|p1a: Vivillon\n|-singleturn|p1a: Vivillon|move: Rage Powder\n|move|p2a: Hariyama|Knock Off|p1a: Vivillon\n|-damage|p1a: Vivillon|0 fnt\n|-enditem|p1a: Vivillon|Focus Sash|[from] move: Knock Off|[of] p2a: Hariyama\n|faint|p1a: Vivillon\n|move|p1b: Ting-Lu|Earthquake|p2b: Oranguru|[spread] p2a\n|-activate|p2b: Oranguru|move: Protect\n|-damage|p2a: Hariyama|0 fnt\n|faint|p2a: Hariyama\n|\n|upkeep\n|\n|t:|1683245619\n|switch|p2a: Torkoal|Torkoal, L50, M|100\/100\n|switch|p1a: Iron Bundle|Iron Bundle, L50|100\/100\n|-weather|SunnyDay|[from] ability: Drought|[of] p2a: Torkoal\n|-enditem|p1a: Iron Bundle|Booster Energy\n|-activate|p1a: Iron Bundle|ability: Quark Drive|[fromitem]\n|-start|p1a: Iron Bundle|quarkdrivespe\n|turn|4\n|\n|t:|1683245632\n|-terastallize|p2a: Torkoal|Fire\n|move|p1a: Iron Bundle|Protect|p1a: Iron Bundle\n|-singleturn|p1a: Iron Bundle|Protect\n|move|p2a: Torkoal|Eruption|p1b: Ting-Lu|[spread] p1b\n|-activate|p1a: Iron Bundle|move: Protect\n|-damage|p1b: Ting-Lu|48\/100\n|move|p1b: Ting-Lu|Earthquake|p2a: Torkoal|[spread] p2a,p2b\n|-activate|p1a: Iron Bundle|move: Protect\n|-supereffective|p2a: Torkoal\n|-damage|p2a: Torkoal|50\/100\n|-damage|p2b: Oranguru|0 fnt\n|faint|p2b: Oranguru\n|\n|-weather|SunnyDay|[upkeep]\n|upkeep\n|\n|t:|1683245645\n|switch|p2b: Kingambit|Kingambit, L50, F|100\/100\n|turn|5\n|inactive|SunriseArrow has 30 seconds left.\n|inactive|SunriseArrow has 20 seconds left.\n|inactive|SunriseArrow has 15 seconds left.\n|\n|t:|1683245686\n|move|p2b: Kingambit|Sucker Punch|p1b: Ting-Lu\n|-resisted|p1b: Ting-Lu\n|-damage|p1b: Ting-Lu|35\/100\n|move|p2a: Torkoal|Solar Beam||[still]\n|-prepare|p2a: Torkoal|Solar Beam\n|-anim|p2a: Torkoal|Solar Beam|p1b: Ting-Lu\n|-supereffective|p1b: Ting-Lu\n|-damage|p1b: Ting-Lu|8\/100\n|move|p1b: Ting-Lu|Earthquake|p2a: Torkoal|[spread] p1a,p2a,p2b\n|-supereffective|p2a: Torkoal\n|-supereffective|p2b: Kingambit\n|-damage|p1a: Iron Bundle|66\/100\n|-damage|p2a: Torkoal|0 fnt\n|-damage|p2b: Kingambit|48\/100\n|faint|p2a: Torkoal\n|move|p1a: Iron Bundle|Encore|p2b: Kingambit\n|-start|p2b: Kingambit|Encore\n|\n|-weather|SunnyDay|[upkeep]\n|-fieldend|move: Trick Room\n|upkeep\n|turn|6\n|-message|mrkoklock forfeited.\n|\n|win|SunriseArrow\n|raw|SunriseArrow's rating: 1238 → 1264<\/strong> (+26 for winning)\n|raw|mrkoklock's rating: 1246 → 1220<\/strong> (-26 for losing)\n|l|\u2606mrkoklock\n","uploadtime":1683245734,"views":8,"p1id":"sunrisearrow","p2id":"mrkoklock","formatid":"gen9vgc2023regulationc","rating":1220,"private":0,"password":""}