{"id":"gen9vgc2023regulationc-1851317018","p1":"WoJiaoReaction","p2":"3g only","format":"[Gen 9] VGC 2023 Regulation C","log":"|j|\u2606WoJiaoReaction\n|j|\u26063g only\n|t:|1682435277\n|gametype|doubles\n|player|p1|WoJiaoReaction|firebreather|1113\n|player|p2|3g only|juan|1151\n|teamsize|p1|6\n|teamsize|p2|6\n|gen|9\n|tier|[Gen 9] VGC 2023 Regulation C\n|rated|\n|rule|Species Clause: Limit one of each Pok\u00e9mon\n|rule|Item Clause: Limit one of each item\n|clearpoke\n|poke|p1|Skeledirge, L50, M|\n|poke|p1|Wo-Chien, L50|\n|poke|p1|Flutter Mane, L50|\n|poke|p1|Dragonite, L50, F|\n|poke|p1|Glimmora, L50, F|\n|poke|p1|Palafin, L50, M|\n|poke|p2|Torkoal, L50, F|\n|poke|p2|Jumpluff, L50, M|\n|poke|p2|Flutter Mane, L50|\n|poke|p2|Great Tusk, L50|\n|poke|p2|Chien-Pao, L50|\n|poke|p2|Kingambit, L50, M|\n|teampreview|4\n|\n|t:|1682435339\n|start\n|switch|p1a: Glimmora|Glimmora, L50, F|100\/100\n|switch|p1b: Palafin|Palafin, L50, M|100\/100\n|switch|p2a: Jumpluff|Jumpluff, L50, M|100\/100\n|switch|p2b: Torkoal|Torkoal, L50, F|100\/100\n|-weather|SunnyDay|[from] ability: Drought|[of] p2b: Torkoal\n|turn|1\n|inactive|Battle timer is ON: inactive players will automatically lose when time's up. (requested by 3g only)\n|inactive|WoJiaoReaction has 60 seconds left.\n|inactive|3g only has 60 seconds left.\n|\n|t:|1682435375\n|-terastallize|p1a: Glimmora|Grass\n|move|p1b: Palafin|Protect|p1b: Palafin\n|-singleturn|p1b: Palafin|Protect\n|move|p2a: Jumpluff|Leaf Storm|p1b: Palafin\n|-activate|p1b: Palafin|move: Protect\n|move|p1a: Glimmora|Power Gem|p2b: Torkoal\n|-supereffective|p2b: Torkoal\n|-damage|p2b: Torkoal|16\/100\n|move|p2b: Torkoal|Yawn|p1a: Glimmora\n|-start|p1a: Glimmora|move: Yawn|[of] p2b: Torkoal\n|\n|-weather|SunnyDay|[upkeep]\n|upkeep\n|turn|2\n|\n|t:|1682435401\n|detailschange|p1b: Palafin|Palafin-Hero, L50, M\n|switch|p1b: Dragonite|Dragonite, L50, F|100\/100\n|move|p2a: Jumpluff|Tailwind|p2a: Jumpluff\n|-sidestart|p2: 3g only|move: Tailwind\n|move|p1a: Glimmora|Mortal Spin|p2b: Torkoal|[spread] p2a,p2b\n|-supereffective|p2a: Jumpluff\n|-damage|p2a: Jumpluff|89\/100\n|-damage|p2b: Torkoal|12\/100\n|-status|p2b: Torkoal|psn\n|move|p2b: Torkoal|Overheat|p1b: Dragonite\n|-resisted|p1b: Dragonite\n|-damage|p1b: Dragonite|92\/100\n|-unboost|p2b: Torkoal|spa|2\n|-enditem|p2b: Torkoal|Eject Pack\n|\n|t:|1682435416\n|switch|p2b: Flutter Mane|Flutter Mane, L50|100\/100\n|-activate|p2b: Flutter Mane|ability: Protosynthesis\n|-start|p2b: Flutter Mane|protosynthesisspe\n|\n|-weather|SunnyDay|[upkeep]\n|-end|p1a: Glimmora|move: Yawn|[silent]\n|-status|p1a: Glimmora|slp\n|upkeep\n|turn|3\n|inactive|WoJiaoReaction has 30 seconds left.\n|inactive|3g only has 30 seconds left.\n|inactive|WoJiaoReaction has 20 seconds left.\n|inactive|WoJiaoReaction has 15 seconds left.\n|inactive|WoJiaoReaction has 10 seconds left.\n|\n|t:|1682435463\n|move|p1b: Dragonite|Extreme Speed|p2a: Jumpluff\n|-damage|p2a: Jumpluff|57\/100\n|move|p2a: Jumpluff|Encore|p1a: Glimmora\n|-start|p1a: Glimmora|Encore\n|move|p2b: Flutter Mane|Dazzling Gleam|p1a: Glimmora|[spread] p1a,p1b\n|-supereffective|p1b: Dragonite\n|-damage|p1a: Glimmora|34\/100 slp\n|-damage|p1b: Dragonite|40\/100\n|cant|p1a: Glimmora|slp\n|\n|-weather|SunnyDay|[upkeep]\n|upkeep\n|turn|4\n|inactive|3g only has 30 seconds left.\n|\n|t:|1682435494\n|move|p1b: Dragonite|Extreme Speed|p2a: Jumpluff\n|-damage|p2a: Jumpluff|25\/100\n|move|p2a: Jumpluff|Sleep Powder|p1b: Dragonite\n|-status|p1b: Dragonite|slp|[from] move: Sleep Powder\n|move|p2b: Flutter Mane|Dazzling Gleam|p1a: Glimmora|[spread] p1a,p1b\n|-supereffective|p1b: Dragonite\n|-damage|p1a: Glimmora|0 fnt\n|-damage|p1b: Dragonite|0 fnt\n|faint|p1a: Glimmora\n|faint|p1b: Dragonite\n|\n|-weather|SunnyDay|[upkeep]\n|upkeep\n|\n|t:|1682435510\n|switch|p1a: Flutter Mane|Flutter Mane, L50|100\/100\n|switch|p1b: Palafin|Palafin-Hero, L50, M|100\/100\n|-activate|p1a: Flutter Mane|ability: Protosynthesis\n|-start|p1a: Flutter Mane|protosynthesisspa\n|-activate|p1b: Palafin|ability: Zero to Hero\n|turn|5\n|inactive|WoJiaoReaction has 30 seconds left.\n|inactive|3g only has 30 seconds left.\n|\n|t:|1682435542\n|-end|p2b: Flutter Mane|Protosynthesis|[silent]\n|switch|p2b: Great Tusk|Great Tusk, L50|100\/100\n|-activate|p2b: Great Tusk|ability: Protosynthesis\n|-start|p2b: Great Tusk|protosynthesisatk\n|move|p2a: Jumpluff|Sleep Powder|p1a: Flutter Mane\n|-status|p1a: Flutter Mane|slp|[from] move: Sleep Powder\n|cant|p1a: Flutter Mane|slp\n|move|p1b: Palafin|Bulk Up|p1b: Palafin\n|-boost|p1b: Palafin|atk|1\n|-boost|p1b: Palafin|def|1\n|\n|-weather|none\n|-end|p2b: Great Tusk|Protosynthesis\n|-end|p1a: Flutter Mane|Protosynthesis\n|-sideend|p2: 3g only|move: Tailwind\n|upkeep\n|turn|6\n|inactive|WoJiaoReaction has 30 seconds left.\n|inactive|3g only has 30 seconds left.\n|\n|t:|1682435573\n|-end|p2b: Great Tusk|Protosynthesis|[silent]\n|switch|p2b: Torkoal|Torkoal, L50, F|12\/100 psn\n|-weather|SunnyDay|[from] ability: Drought|[of] p2b: Torkoal\n|-activate|p1a: Flutter Mane|ability: Protosynthesis\n|-start|p1a: Flutter Mane|protosynthesisspa\n|move|p1b: Palafin|Protect|p1b: Palafin\n|-singleturn|p1b: Palafin|Protect\n|move|p2a: Jumpluff|Encore|p1b: Palafin\n|-activate|p1b: Palafin|move: Protect\n|-curestatus|p1a: Flutter Mane|slp|[msg]\n|move|p1a: Flutter Mane|Dazzling Gleam|p2b: Torkoal|[spread] p2a,p2b\n|-resisted|p2b: Torkoal\n|-damage|p2a: Jumpluff|0 fnt\n|-damage|p2b: Torkoal|0 fnt\n|faint|p2a: Jumpluff\n|faint|p2b: Torkoal\n|\n|-weather|SunnyDay|[upkeep]\n|upkeep\n|\n|t:|1682435589\n|switch|p2a: Great Tusk|Great Tusk, L50|100\/100\n|switch|p2b: Flutter Mane|Flutter Mane, L50|100\/100\n|-activate|p2a: Great Tusk|ability: Protosynthesis\n|-start|p2a: Great Tusk|protosynthesisatk\n|-activate|p2b: Flutter Mane|ability: Protosynthesis\n|-start|p2b: Flutter Mane|protosynthesisspe\n|turn|7\n|inactive|WoJiaoReaction has 30 seconds left.\n|inactive|3g only has 30 seconds left.\n|\n|t:|1682435619\n|-terastallize|p2b: Flutter Mane|Water\n|move|p1b: Palafin|Jet Punch|p2a: Great Tusk\n|-supereffective|p2a: Great Tusk\n|-damage|p2a: Great Tusk|58\/100\n|move|p2b: Flutter Mane|Dazzling Gleam|p1b: Palafin|[spread] p1a,p1b\n|-damage|p1a: Flutter Mane|51\/100\n|-damage|p1b: Palafin|62\/100\n|move|p2a: Great Tusk|Headlong Rush|p1a: Flutter Mane\n|-damage|p1a: Flutter Mane|0 fnt\n|-unboost|p2a: Great Tusk|def|1\n|-unboost|p2a: Great Tusk|spd|1\n|faint|p1a: Flutter Mane\n|-end|p1a: Flutter Mane|Protosynthesis|[silent]\n|\n|-weather|SunnyDay|[upkeep]\n|upkeep\n|turn|8\n|\n|t:|1682435639\n|move|p1b: Palafin|Protect|p1b: Palafin\n|-singleturn|p1b: Palafin|Protect\n|move|p2b: Flutter Mane|Dazzling Gleam|p1b: Palafin\n|-activate|p1b: Palafin|move: Protect\n|move|p2a: Great Tusk|Headlong Rush|p1b: Palafin\n|-activate|p1b: Palafin|move: Protect\n|\n|-weather|SunnyDay|[upkeep]\n|upkeep\n|turn|9\n|\n|t:|1682435650\n|move|p1b: Palafin|Jet Punch|p2a: Great Tusk\n|-supereffective|p2a: Great Tusk\n|-damage|p2a: Great Tusk|0 fnt\n|faint|p2a: Great Tusk\n|-end|p2a: Great Tusk|Protosynthesis|[silent]\n|move|p2b: Flutter Mane|Dazzling Gleam|p1b: Palafin\n|-damage|p1b: Palafin|7\/100\n|\n|-weather|SunnyDay|[upkeep]\n|upkeep\n|turn|10\n|\n|t:|1682435659\n|move|p1b: Palafin|Protect|p1b: Palafin\n|-singleturn|p1b: Palafin|Protect\n|move|p2b: Flutter Mane|Dazzling Gleam|p1b: Palafin\n|-activate|p1b: Palafin|move: Protect\n|\n|-weather|none\n|-end|p2b: Flutter Mane|Protosynthesis\n|upkeep\n|turn|11\n|\n|t:|1682435669\n|move|p1b: Palafin|Jet Punch|p2b: Flutter Mane\n|-resisted|p2b: Flutter Mane\n|-damage|p2b: Flutter Mane|54\/100\n|move|p2b: Flutter Mane|Dazzling Gleam|p1b: Palafin\n|-damage|p1b: Palafin|0 fnt\n|faint|p1b: Palafin\n|\n|win|3g only\n|raw|WoJiaoReaction's rating: 1113 → 1091<\/strong> (-22 for losing)\n|raw|3g only's rating: 1151 → 1173<\/strong> (+22 for winning)\n","uploadtime":1682435678,"views":7,"p1id":"wojiaoreaction","p2id":"3gonly","formatid":"gen9vgc2023regulationc","rating":1091,"private":0,"password":""}