{"id":"gen9vgc2023regulationc-1853301546","p1":"moth.o","p2":"progatog","format":"[Gen 9] VGC 2023 Regulation C","log":"|j|\u2606moth.o\n|j|\u2606progatog\n|t:|1682664090\n|gametype|doubles\n|player|p1|moth.o|roxie|1241\n|player|p2|progatog|hilda-wonderlauncher|1289\n|teamsize|p1|6\n|teamsize|p2|6\n|gen|9\n|tier|[Gen 9] VGC 2023 Regulation C\n|rated|\n|rule|Species Clause: Limit one of each Pok\u00e9mon\n|rule|Item Clause: Limit one of each item\n|clearpoke\n|poke|p1|Wo-Chien, L50|\n|poke|p1|Tauros-Paldea-Aqua, L50, M|\n|poke|p1|Iron Moth, L50|\n|poke|p1|Stonjourner, L50, M|\n|poke|p1|Hatterene, L50, F|\n|poke|p1|Dragapult, L50, F|\n|poke|p2|Mimikyu, L50, M|\n|poke|p2|Gyarados, L50, M|\n|poke|p2|Ting-Lu, L50|\n|poke|p2|Kingambit, L50, F|\n|poke|p2|Iron Hands, L50|\n|poke|p2|Indeedee-F, L50, F|\n|teampreview|4\n|inactive|Battle timer is ON: inactive players will automatically lose when time's up. (requested by progatog)\n|inactive|moth.o has 60 seconds left.\n|inactive|progatog has 60 seconds left.\n|inactive|moth.o has 30 seconds left.\n|\n|t:|1682664154\n|start\n|switch|p1a: Dragapult|Dragapult, L50, F|100\/100\n|switch|p1b: Hatterene|Hatterene, L50, F|100\/100\n|switch|p2a: Mimikyu|Mimikyu, L50, M, shiny|100\/100\n|switch|p2b: Ting-Lu|Ting-Lu, L50|100\/100\n|-ability|p2b: Ting-Lu|Vessel of Ruin\n|turn|1\n|inactive|moth.o has 30 seconds left.\n|inactive|progatog has 30 seconds left.\n|inactive|moth.o has 20 seconds left.\n|\n|t:|1682664189\n|-terastallize|p2b: Ting-Lu|Ghost\n|move|p2a: Mimikyu|Shadow Sneak|p2b: Ting-Lu\n|-supereffective|p2b: Ting-Lu\n|-damage|p2b: Ting-Lu|84\/100\n|-enditem|p2b: Ting-Lu|Weakness Policy\n|-boost|p2b: Ting-Lu|atk|2|[from] item: Weakness Policy\n|-boost|p2b: Ting-Lu|spa|2|[from] item: Weakness Policy\n|move|p1a: Dragapult|Phantom Force||[still]\n|-prepare|p1a: Dragapult|Phantom Force\n|move|p1b: Hatterene|Dazzling Gleam|p2b: Ting-Lu|[spread] p2a,p2b\n|-activate|p2a: Mimikyu|ability: Disguise\n|-damage|p2a: Mimikyu|100\/100\n|-damage|p2b: Ting-Lu|71\/100\n|detailschange|p2a: Mimikyu|Mimikyu-Busted, L50, M, shiny\n|-damage|p2a: Mimikyu|88\/100|[from] pokemon: Mimikyu-Busted\n|move|p2b: Ting-Lu|Tera Blast|p1a: Dragapult|[miss]\n|-miss|p2b: Ting-Lu|p1a: Dragapult\n|\n|upkeep\n|turn|2\n|inactive|moth.o has 30 seconds left.\n|inactive|progatog has 30 seconds left.\n|\n|t:|1682664220\n|move|p2a: Mimikyu|Shadow Sneak|p1b: Hatterene\n|-supereffective|p1b: Hatterene\n|-damage|p1b: Hatterene|76\/100\n|move|p1a: Dragapult|Phantom Force|p2a: Mimikyu|[from]lockedmove\n|-supereffective|p2a: Mimikyu\n|-damage|p2a: Mimikyu|0 fnt\n|faint|p2a: Mimikyu\n|move|p1b: Hatterene|Nuzzle|p2b: Ting-Lu\n|-damage|p2b: Ting-Lu|68\/100\n|-status|p2b: Ting-Lu|par\n|move|p2b: Ting-Lu|Tera Blast|p1a: Dragapult\n|-supereffective|p1a: Dragapult\n|-damage|p1a: Dragapult|0 fnt\n|faint|p1a: Dragapult\n|\n|upkeep\n|\n|t:|1682664238\n|switch|p1a: Tauros|Tauros-Paldea-Aqua, L50, M|100\/100\n|switch|p2a: Kingambit|Kingambit, L50, F, shiny|100\/100\n|-ability|p1a: Tauros|Intimidate|boost\n|-unboost|p2a: Kingambit|atk|1\n|-ability|p2a: Kingambit|Defiant|boost\n|-boost|p2a: Kingambit|atk|2\n|-unboost|p2b: Ting-Lu|atk|1\n|turn|3\n|\n|t:|1682664260\n|move|p1b: Hatterene|Protect|p1b: Hatterene\n|-singleturn|p1b: Hatterene|Protect\n|move|p2a: Kingambit|Sucker Punch||[still]\n|-fail|p2a: Kingambit\n|move|p1a: Tauros|Close Combat|p2a: Kingambit\n|-supereffective|p2a: Kingambit\n|-damage|p2a: Kingambit|0 fnt\n|-unboost|p1a: Tauros|def|1\n|-unboost|p1a: Tauros|spd|1\n|faint|p2a: Kingambit\n|cant|p2b: Ting-Lu|par\n|\n|upkeep\n|\n|t:|1682664271\n|switch|p2a: Iron Hands|Iron Hands, L50, shiny|100\/100\n|-enditem|p2a: Iron Hands|Booster Energy\n|-activate|p2a: Iron Hands|ability: Quark Drive|[fromitem]\n|-start|p2a: Iron Hands|quarkdriveatk\n|turn|4\n|\n|t:|1682664283\n|switch|p1a: Wo-Chien|Wo-Chien, L50|100\/100\n|-ability|p1a: Wo-Chien|Tablets of Ruin\n|move|p2a: Iron Hands|Detect|p2a: Iron Hands\n|-singleturn|p2a: Iron Hands|Protect\n|move|p1b: Hatterene|Psychic|p2a: Iron Hands\n|-activate|p2a: Iron Hands|move: Protect\n|move|p2b: Ting-Lu|Earthquake|p1a: Wo-Chien|[spread] p1a,p1b\n|-activate|p2a: Iron Hands|move: Protect\n|-resisted|p1a: Wo-Chien\n|-damage|p1a: Wo-Chien|87\/100\n|-damage|p1b: Hatterene|38\/100\n|\n|-heal|p1a: Wo-Chien|93\/100|[from] item: Leftovers\n|upkeep\n|turn|5\n|\n|t:|1682664302\n|move|p1a: Wo-Chien|Foul Play|p2b: Ting-Lu\n|-supereffective|p2b: Ting-Lu\n|-damage|p2b: Ting-Lu|0 fnt\n|faint|p2b: Ting-Lu\n|move|p1b: Hatterene|Psychic|p2a: Iron Hands\n|-supereffective|p2a: Iron Hands\n|-damage|p2a: Iron Hands|41\/100\n|move|p2a: Iron Hands|Swords Dance|p2a: Iron Hands\n|-boost|p2a: Iron Hands|atk|2\n|\n|-heal|p1a: Wo-Chien|99\/100|[from] item: Leftovers\n|upkeep\n|turn|6\n|-message|progatog forfeited.\n|\n|win|moth.o\n|raw|moth.o's rating: 1241 → 1269<\/strong> (+28 for winning)\n|raw|progatog's rating: 1289 → 1261<\/strong> (-28 for losing)\n|l|\u2606progatog\n","uploadtime":1682664324,"views":12,"p1id":"motho","p2id":"progatog","formatid":"gen9vgc2023regulationc","rating":1261,"private":0,"password":""}