{"id":"gen9vgc2023regulationc-1856589244","p1":"TakinaBestGirl","p2":"Phoenix_TBH","format":"[Gen 9] VGC 2023 Regulation C","log":"|j|\u2606TakinaBestGirl\n|j|\u2606Phoenix_TBH\n|t:|1683079383\n|gametype|doubles\n|player|p1|TakinaBestGirl|rosa|1031\n|player|p2|Phoenix_TBH|clerk|1000\n|teamsize|p1|6\n|teamsize|p2|6\n|gen|9\n|tier|[Gen 9] VGC 2023 Regulation C\n|rated|\n|rule|Species Clause: Limit one of each Pok\u00e9mon\n|rule|Item Clause: Limit one of each item\n|clearpoke\n|poke|p1|Chi-Yu, L50|\n|poke|p1|Murkrow, L50, M|\n|poke|p1|Iron Bundle, L50|\n|poke|p1|Flutter Mane, L50|\n|poke|p1|Great Tusk, L50|\n|poke|p1|Gholdengo, L50|\n|poke|p2|Maushold, L50|\n|poke|p2|Annihilape, L50, M|\n|poke|p2|Palafin, L50, M|\n|poke|p2|Azumarill, L50, F|\n|poke|p2|Raichu, L50, M|\n|poke|p2|Hydreigon, L50, M|\n|teampreview|4\n|\n|t:|1683079436\n|start\n|switch|p1a: Titan|Great Tusk, L50, shiny|100\/100\n|switch|p1b: RavenClaw|Murkrow, L50, M|100\/100\n|switch|p2a: Hydreigon|Hydreigon, L50, M, shiny|100\/100\n|switch|p2b: Annihilape|Annihilape, L50, M|100\/100\n|turn|1\n|\n|t:|1683079471\n|switch|p2b: Maushold|Maushold, L50, shiny|100\/100\n|move|p2a: Hydreigon|Protect|p2a: Hydreigon\n|-singleturn|p2a: Hydreigon|Protect\n|move|p1b: RavenClaw|Sunny Day|p1b: RavenClaw\n|-weather|SunnyDay\n|-activate|p1a: Titan|ability: Protosynthesis\n|-start|p1a: Titan|protosynthesisatk\n|move|p1a: Titan|Close Combat|p2a: Hydreigon\n|-activate|p2a: Hydreigon|move: Protect\n|\n|-weather|SunnyDay|[upkeep]\n|upkeep\n|turn|2\n|\n|t:|1683079500\n|-end|p1a: Titan|Protosynthesis|[silent]\n|switch|p1a: Edea|Flutter Mane, L50, shiny|100\/100\n|-activate|p1a: Edea|ability: Protosynthesis\n|-start|p1a: Edea|protosynthesisspa\n|-terastallize|p2a: Hydreigon|Fire\n|move|p1b: RavenClaw|Tailwind|p1b: RavenClaw\n|-sidestart|p1: TakinaBestGirl|move: Tailwind\n|move|p2b: Maushold|Encore|p1b: RavenClaw\n|-start|p1b: RavenClaw|Encore\n|move|p2a: Hydreigon|Dragon Dance|p2a: Hydreigon\n|-boost|p2a: Hydreigon|atk|1\n|-boost|p2a: Hydreigon|spe|1\n|\n|-weather|SunnyDay|[upkeep]\n|upkeep\n|turn|3\n|\n|t:|1683079530\n|switch|p1b: Levi|Iron Bundle, L50|100\/100\n|-enditem|p1b: Levi|Booster Energy\n|-activate|p1b: Levi|ability: Quark Drive|[fromitem]\n|-start|p1b: Levi|quarkdrivespe\n|move|p2a: Hydreigon|Protect|p2a: Hydreigon\n|-singleturn|p2a: Hydreigon|Protect\n|move|p1a: Edea|Moonblast|p2b: Maushold\n|-damage|p2b: Maushold|0 fnt\n|faint|p2b: Maushold\n|\n|-weather|SunnyDay|[upkeep]\n|upkeep\n|\n|t:|1683079542\n|switch|p2b: Azumarill|Azumarill, L50, F, shiny|100\/100\n|turn|4\n|\n|t:|1683079563\n|move|p2b: Azumarill|Helping Hand|p2a: Hydreigon\n|-singleturn|p2a: Hydreigon|Helping Hand|[of] p2b: Azumarill\n|move|p1b: Levi|Encore|p2a: Hydreigon\n|-start|p2a: Hydreigon|Encore\n|move|p1a: Edea|Moonblast|p2b: Azumarill\n|-damage|p2b: Azumarill|0 fnt\n|faint|p2b: Azumarill\n|move|p2a: Hydreigon|Protect||[still]\n|-fail|p2a: Hydreigon\n|\n|-weather|SunnyDay|[upkeep]\n|upkeep\n|\n|t:|1683079573\n|switch|p2b: Annihilape|Annihilape, L50, M|100\/100\n|turn|5\n|\n|t:|1683079586\n|move|p1b: Levi|Protect|p1b: Levi\n|-singleturn|p1b: Levi|Protect\n|move|p2a: Hydreigon|Protect|p2a: Hydreigon\n|-singleturn|p2a: Hydreigon|Protect\n|move|p1a: Edea|Moonblast|p2b: Annihilape\n|-supereffective|p2b: Annihilape\n|-damage|p2b: Annihilape|0 fnt\n|faint|p2b: Annihilape\n|\n|-weather|none\n|-end|p1a: Edea|Protosynthesis\n|-sideend|p1: TakinaBestGirl|move: Tailwind\n|upkeep\n|turn|6\n|\n|t:|1683079601\n|move|p2a: Hydreigon|Protect||[still]\n|-fail|p2a: Hydreigon\n|move|p1b: Levi|Icy Wind|p2a: Hydreigon\n|-resisted|p2a: Hydreigon\n|-damage|p2a: Hydreigon|84\/100\n|-unboost|p2a: Hydreigon|spe|1\n|move|p1a: Edea|Moonblast|p2a: Hydreigon\n|-resisted|p2a: Hydreigon\n|-damage|p2a: Hydreigon|40\/100\n|\n|-end|p2a: Hydreigon|Encore\n|upkeep\n|turn|7\n|\n|t:|1683079617\n|move|p1b: Levi|Encore|p2a: Hydreigon\n|-start|p2a: Hydreigon|Encore\n|move|p1a: Edea|Moonblast|p2a: Hydreigon\n|-resisted|p2a: Hydreigon\n|-damage|p2a: Hydreigon|0 fnt\n|faint|p2a: Hydreigon\n|\n|win|TakinaBestGirl\n|raw|TakinaBestGirl's rating: 1031 → 1063<\/strong> (+32 for winning)\n|raw|Phoenix_TBH's rating: 1000 → 1000<\/strong> (+0 for losing)\n|l|\u2606Phoenix_TBH\n","uploadtime":1683079632,"views":11,"p1id":"takinabestgirl","p2id":"phoenixtbh","formatid":"gen9vgc2023regulationc","rating":1000,"private":0,"password":""}